timestamp,elapsed_sec,up_bid_p1,up_bid_s1,up_bid_p2,up_bid_s2,up_ask_p1,up_ask_s1,up_ask_p2,up_ask_s2,down_bid_p1,down_bid_s1,down_bid_p2,down_bid_s2,down_ask_p1,down_ask_s1,down_ask_p2,down_ask_s2,up_spread,down_spread,eth_price,eth_oracle_ts
1776184511.355,11.355,,,,,,,,,,,,,,,,,,,2350.06851,1776184510000
1776184512.047,12.047,0.31,168.4,0.3,205.0,0.32,75.39,0.33,10.0,0.68,113.04,0.67,15.0,0.69,79.0,0.7,185.0,0.01,0.01,2350.06851,1776184510000
1776184512.286,12.286,0.31,164.31,0.3,205.0,0.32,61.14,0.33,10.0,0.68,61.14,0.67,10.0,0.69,168.4,0.7,205.0,0.01,0.01,2350.06851,1776184510000
1776184512.503,12.503,0.31,164.31,0.3,200.0,0.33,10.0,0.34,10.0,0.67,10.0,0.66,10.0,0.69,164.31,0.7,200.0,0.02,0.02,2350.0668,1776184511000
1776184513.089,13.089,0.31,279.31,0.3,200.0,0.32,5.0,0.33,10.0,0.68,5.0,0.67,10.0,0.69,279.31,0.7,200.0,0.01,0.01,2349.73309,1776184512000
1776184513.387,13.387,0.32,144.3,0.31,169.31,0.33,36.0,0.34,21.0,0.67,31.0,0.66,21.0,0.69,284.31,0.7,200.0,0.01,0.02,2349.73309,1776184512000
1776184513.615,13.615,0.32,217.27,0.31,184.31,0.33,21.0,0.34,21.0,0.67,36.0,0.66,21.0,0.68,144.3,0.69,169.31,0.01,0.01,2349.73309,1776184512000
1776184514.156,14.156,0.32,207.27,0.31,184.31,0.33,21.0,0.34,21.0,0.67,21.0,0.66,21.0,0.68,207.27,0.69,184.31,0.01,0.01,2349.581145,1776184513000
1776184514.849,14.849,0.32,383.29,0.31,210.31,0.33,33.0,0.34,21.0,0.67,21.0,0.66,21.0,0.68,207.27,0.69,184.31,0.01,0.01,2349.581145,1776184513000
1776184515.252,15.252,0.32,383.29,0.31,210.31,0.34,21.0,0.35,46.0,0.66,21.0,0.65,46.0,0.68,383.29,0.69,210.31,0.02,0.02,2349.616415,1776184514000
1776184515.518,15.518,0.34,285.0,0.33,230.0,0.35,8.84,0.37,10.0,0.66,21.0,0.65,46.0,0.68,383.29,0.69,210.31,0.01,0.02,2349.616415,1776184514000
1776184515.829,15.829,0.34,300.0,0.33,230.0,0.39,85.0,0.4,125.0,0.65,8.84,0.61,85.0,0.66,305.0,0.67,230.0,0.05,0.01,2349.616415,1776184514000
1776184516.332,16.332,0.34,300.0,0.33,230.0,0.39,85.0,0.4,125.0,0.61,85.0,0.6,125.0,0.66,300.0,0.67,230.0,0.05,0.05,2349.68674,1776184515000
1776184516.917,16.917,0.38,173.0,0.37,110.0,0.39,107.0,0.4,135.0,0.61,107.0,0.6,135.0,0.62,173.0,0.63,110.0,0.01,0.01,2349.71353,1776184516000
1776184517.188,17.188,0.38,18.0,0.37,288.0,0.39,82.0,0.4,145.0,0.61,107.0,0.6,145.0,0.62,163.0,0.63,131.96,0.01,0.01,2349.71353,1776184516000
1776184518.008,18.008,0.38,18.0,0.37,288.0,0.39,82.0,0.4,145.0,0.61,82.0,0.6,145.0,0.62,18.0,0.63,288.0,0.01,0.01,2349.960595,1776184517000
1776184519.007,19.007,0.35,324.56,0.34,194.0,0.36,64.96,0.37,111.0,0.63,43.0,0.62,15.0,0.64,16.99,0.65,225.0,0.01,0.01,2349.960595,1776184517000
1776184519.343,19.343,0.35,131.57,0.34,320.99,0.36,64.4,0.37,111.0,0.64,64.96,0.63,111.0,0.65,324.56,0.66,194.0,0.01,0.01,2349.974675,1776184518000
1776184520.067,20.067,0.35,136.57,0.34,320.99,0.36,66.4,0.37,106.0,0.64,66.4,0.63,106.0,0.65,136.57,0.66,320.99,0.01,0.01,2349.89036,1776184519000
1776184520.521,20.521,0.35,85.03,0.34,308.95,0.36,61.4,0.37,106.0,0.64,66.4,0.63,106.0,0.65,136.57,0.66,320.99,0.01,0.01,2349.89036,1776184519000
1776184521.179,21.179,0.35,78.18,0.34,308.95,0.36,61.4,0.37,106.0,0.64,61.4,0.63,106.0,0.65,78.18,0.66,308.95,0.01,0.01,2349.843645,1776184520000
1776184521.862,21.862,0.35,246.53,0.34,207.96,0.37,19.24,0.38,221.0,0.64,61.4,0.63,106.0,0.65,78.18,0.66,308.95,0.02,0.01,2349.843645,1776184520000
1776184522.111,22.111,0.36,22.96,0.35,231.53,0.37,24.24,0.38,221.0,0.63,19.24,0.62,221.0,0.65,246.53,0.66,207.96,0.01,0.02,2349.843645,1776184520000
1776184522.721,22.721,0.38,11.0,0.37,10.0,0.39,16.84,0.4,60.0,0.63,24.24,0.62,221.0,0.64,107.96,0.65,231.53,0.01,0.01,2349.83426,1776184521000
1776184523.42,23.42,0.38,12.0,0.36,15.0,0.39,37.0,0.4,21.0,0.61,16.84,0.6,60.0,0.62,11.0,0.63,10.0,0.01,0.01,2349.83426,1776184521000
1776184523.763,23.763,0.36,10.0,0.35,18.57,0.37,10.0,0.38,10.0,0.62,8.92,0.61,146.0,0.64,15.0,0.65,18.57,0.01,0.02,2349.88327,1776184522000
1776184523.969,23.969,0.35,12.57,0.34,20.0,0.37,10.0,0.38,15.0,0.63,10.0,0.62,15.0,0.65,12.57,0.66,20.0,0.02,0.02,2349.826635,1776184523000
1776184524.197,24.197,0.34,15.0,0.32,15.62,0.36,71.0,0.37,10.0,0.63,10.0,0.62,15.0,0.65,12.57,0.66,20.0,0.02,0.02,2349.826635,1776184523000
1776184524.936,24.936,0.32,15.62,0.31,24.0,0.33,10.0,0.34,19.79,0.66,19.79,0.65,15.0,0.68,15.62,0.69,45.0,0.01,0.02,2349.826635,1776184523000
1776184525.184,25.184,0.32,15.62,0.31,24.0,0.33,0.9,0.34,19.79,0.67,0.9,0.66,19.79,0.68,15.62,0.69,24.0,0.01,0.01,2349.94328,1776184524000
1776184525.629,25.629,0.32,10.62,0.31,24.0,0.33,10.0,0.34,30.79,0.66,24.79,0.65,21.0,0.68,15.62,0.69,24.0,0.01,0.02,2349.94328,1776184524000
1776184525.842,25.842,0.32,10.62,0.31,24.0,0.34,20.79,0.35,15.0,0.67,5.0,0.66,30.79,0.68,15.62,0.69,24.0,0.02,0.01,2349.94328,1776184524000
1776184526.252,26.252,0.3,70.0,0.29,75.0,0.33,197.0,0.34,111.24,0.66,20.79,0.65,15.0,0.68,10.62,0.69,24.0,0.03,0.02,2349.94328,1776184524000
1776184526.502,26.502,0.3,70.0,0.29,75.0,0.33,197.0,0.34,111.24,0.67,197.0,0.66,111.24,0.7,70.0,0.71,75.0,0.03,0.03,2349.47636,1776184525000
1776184527.032,27.032,0.3,45.0,0.29,85.0,0.31,125.0,0.32,10.0,0.67,197.0,0.66,111.24,0.7,70.0,0.71,75.0,0.01,0.03,2349.47636,1776184525000
1776184527.428,27.428,0.3,55.0,0.29,75.0,0.31,116.77,0.32,10.0,0.69,125.0,0.68,10.0,0.7,45.0,0.71,85.0,0.01,0.01,2349.32487,1776184526000
1776184527.635,27.635,0.3,5.0,0.29,75.0,0.31,121.77,0.32,10.0,0.69,116.77,0.68,10.0,0.7,55.0,0.71,75.0,0.01,0.01,2349.32487,1776184526000
1776184528.129,28.129,0.3,30.0,0.29,85.0,0.32,120.59,0.33,42.0,0.69,121.77,0.68,10.0,0.7,5.0,0.71,75.0,0.02,0.01,2349.32487,1776184526000
1776184528.362,28.362,0.3,149.58,0.29,305.0,0.32,26.0,0.33,36.0,0.69,10.0,0.68,5.59,0.7,71.0,0.71,95.0,0.02,0.01,2349.059944,1776184527000
1776184528.732,28.732,0.3,124.0,0.29,205.0,0.32,14.0,0.33,47.0,0.68,26.0,0.67,36.0,0.7,149.58,0.71,305.0,0.02,0.02,2349.059944,1776184527000
1776184529.15,29.15,0.3,111.96,0.29,200.0,0.31,4.83,0.32,19.0,0.69,10.0,0.68,14.0,0.7,94.0,0.71,200.0,0.01,0.01,2349.059944,1776184527000
1776184529.382,29.382,0.3,117.96,0.29,200.0,0.31,39.83,0.32,19.0,0.69,39.83,0.68,19.0,0.7,117.96,0.71,200.0,0.01,0.01,2349.056236,1776184528000
1776184529.631,29.631,0.3,94.0,0.29,200.0,0.31,44.83,0.32,19.0,0.69,39.83,0.68,19.0,0.7,117.96,0.71,200.0,0.01,0.01,2349.056236,1776184528000
1776184529.987,29.987,0.3,239.55,0.29,220.0,0.31,45.0,0.32,55.0,0.69,44.83,0.68,19.0,0.7,94.0,0.71,200.0,0.01,0.01,2349.056236,1776184528000
1776184530.553,30.553,0.3,239.55,0.29,220.0,0.31,45.0,0.32,55.0,0.69,45.0,0.68,55.0,0.7,239.55,0.71,220.0,0.01,0.01,2349.156556,1776184529000
1776184531.171,31.171,0.33,85.0,0.32,154.0,0.34,64.79,0.35,127.0,0.66,64.79,0.65,127.0,0.67,85.0,0.68,154.0,0.01,0.01,2349.13094,1776184530000
1776184531.603,31.603,0.33,92.26,0.31,110.0,0.34,215.79,0.35,151.0,0.66,120.79,0.65,121.0,0.67,91.0,0.68,115.0,0.01,0.01,2349.13094,1776184530000
1776184532.112,32.112,0.31,115.0,0.3,98.0,0.32,31.87,0.33,20.0,0.66,215.79,0.65,151.0,0.69,104.99,0.7,103.0,0.01,0.03,2349.13094,1776184530000
1776184532.341,32.341,0.31,115.0,0.3,98.0,0.32,31.87,0.33,20.0,0.68,31.87,0.67,20.0,0.69,115.0,0.7,98.0,0.01,0.01,2349.269437,1776184531000
1776184532.625,32.625,0.29,157.84,0.28,179.0,0.31,131.0,0.32,91.0,0.68,31.87,0.67,20.0,0.69,115.0,0.7,98.0,0.02,0.01,2349.269437,1776184531000
1776184532.975,32.975,0.29,100.84,0.28,184.0,0.3,183.0,0.31,156.0,0.69,131.0,0.68,91.0,0.71,157.84,0.72,179.0,0.01,0.02,2349.269437,1776184531000
1776184533.338,33.338,0.29,94.29,0.28,179.0,0.3,197.0,0.31,151.0,0.7,183.0,0.69,156.0,0.71,100.84,0.72,184.0,0.01,0.01,2349.269437,1776184531000
1776184533.604,33.604,0.29,89.29,0.28,179.0,0.3,197.0,0.31,126.0,0.7,197.0,0.69,151.0,0.71,94.29,0.72,179.0,0.01,0.01,2349.359759,1776184532000
1776184533.836,33.836,0.29,99.29,0.28,184.0,0.31,54.0,0.32,80.0,0.7,197.0,0.69,126.0,0.71,89.29,0.72,179.0,0.02,0.01,2349.359759,1776184532000
1776184534.038,34.038,0.29,99.29,0.28,184.0,0.31,54.0,0.32,80.0,0.69,54.0,0.68,80.0,0.71,99.29,0.72,184.0,0.02,0.02,2349.21442,1776184533000
1776184535.011,35.011,0.28,220.0,0.27,165.0,0.29,189.65,0.3,160.77,0.7,180.77,0.69,96.0,0.72,180.96,0.73,194.0,0.01,0.02,2349.21442,1776184533000
1776184535.723,35.723,0.28,345.0,0.27,215.0,0.29,13.0,0.3,10.0,0.71,189.65,0.7,160.77,0.72,220.0,0.73,165.0,0.01,0.01,2348.9751,1776184534000
1776184536.245,36.245,0.29,287.6,0.28,295.0,0.3,10.0,0.31,10.0,0.71,13.0,0.7,10.0,0.72,345.0,0.73,215.0,0.01,0.01,2348.9751,1776184534000
1776184536.496,36.496,0.29,220.0,0.28,290.0,0.31,39.0,0.32,70.0,0.7,10.0,0.69,10.0,0.71,361.06,0.72,320.0,0.02,0.01,2348.865924,1776184535000
1776184537.39,37.39,0.3,178.57,0.29,222.0,0.31,173.21,0.32,190.0,0.69,39.0,0.68,70.0,0.71,220.0,0.72,290.0,0.01,0.02,2348.865924,1776184535000
1776184537.662,37.662,0.28,180.0,0.27,160.0,0.3,3.33,0.31,200.21,0.69,173.21,0.68,190.0,0.7,178.57,0.71,222.0,0.02,0.01,2348.86711,1776184536000
1776184538.253,38.253,0.28,180.0,0.27,160.0,0.3,3.33,0.31,200.21,0.7,3.33,0.69,200.21,0.72,180.0,0.73,160.0,0.02,0.02,2349.102726,1776184537000
1776184539.365,39.365,0.28,350.0,0.27,220.0,0.29,124.8,0.3,70.0,0.71,124.8,0.7,70.0,0.72,350.0,0.73,220.0,0.01,0.01,2349.097265,1776184538000
1776184539.584,39.584,0.28,158.47,0.27,225.0,0.29,58.41,0.3,75.0,0.71,124.8,0.7,70.0,0.72,350.0,0.73,220.0,0.01,0.01,2349.097265,1776184538000
1776184540.631,40.631,0.28,158.47,0.27,225.0,0.29,58.41,0.3,75.0,0.71,58.41,0.7,75.0,0.72,158.47,0.73,225.0,0.01,0.01,2348.92941,1776184539000
1776184541.021,41.021,0.28,108.47,0.27,225.0,0.29,210.0,0.3,109.0,0.71,58.41,0.7,75.0,0.72,158.47,0.73,225.0,0.01,0.01,2348.92941,1776184539000
1776184541.314,41.314,0.28,101.47,0.27,225.0,0.29,108.0,0.3,261.51,0.71,250.0,0.7,109.0,0.72,106.47,0.73,175.0,0.01,0.01,2348.92685,1776184540000
1776184541.943,41.943,0.27,50.0,0.26,151.54,0.28,264.42,0.29,137.0,0.71,229.48,0.7,146.51,0.72,101.47,0.73,175.0,0.01,0.01,2348.92685,1776184540000
1776184542.319,42.319,0.26,27.54,0.25,185.0,0.28,255.34,0.29,367.7,0.72,229.34,0.71,137.0,0.73,50.0,0.74,161.54,0.02,0.01,2348.92685,1776184540000
1776184542.565,42.565,0.26,1.29,0.25,160.0,0.27,232.0,0.28,120.0,0.72,255.34,0.71,367.7,0.74,27.54,0.75,185.0,0.01,0.02,2348.92685,1776184540000
1776184542.964,42.964,0.22,45.0,0.21,105.0,0.23,151.65,0.24,134.0,0.73,242.0,0.72,120.0,0.77,80.0,0.78,70.0,0.01,0.04,2348.905895,1776184541000
1776184543.218,43.218,0.21,13.69,0.2,130.0,0.22,26.89,0.23,130.0,0.78,26.89,0.77,130.0,0.79,13.69,0.8,130.0,0.01,0.01,2348.8741,1776184542000
1776184543.457,43.457,0.21,16.42,0.2,95.05,0.23,15.0,0.24,24.0,0.77,15.0,0.76,29.0,0.79,23.69,0.8,95.05,0.02,0.02,2348.8741,1776184542000
1776184543.884,43.884,0.21,25.0,0.2,15.05,0.22,3.0,0.23,7.21,0.77,7.21,0.76,29.0,0.8,85.05,0.81,125.0,0.01,0.03,2348.8741,1776184542000
1776184544.403,44.403,0.23,161.93,0.22,245.02,0.24,5.0,0.25,88.8,0.77,42.0,0.76,19.0,0.78,105.02,0.79,147.0,0.01,0.01,2348.8741,1776184542000
1776184544.678,44.678,0.23,171.93,0.22,135.02,0.25,98.73,0.26,20.0,0.75,98.73,0.74,20.0,0.77,171.93,0.78,135.02,0.02,0.02,2347.938079,1776184543000
1776184545.302,45.302,0.24,130.0,0.23,163.0,0.25,126.0,0.26,70.0,0.75,98.73,0.74,20.0,0.77,171.93,0.78,135.02,0.01,0.02,2347.938079,1776184543000
1776184545.509,45.509,0.24,119.93,0.23,163.0,0.25,130.0,0.26,70.0,0.75,126.0,0.74,70.0,0.76,130.0,0.77,163.0,0.01,0.01,2347.69339,1776184544000
1776184545.827,45.827,0.24,97.18,0.23,163.0,0.25,185.0,0.26,125.0,0.75,130.0,0.74,70.0,0.76,97.18,0.77,163.0,0.01,0.01,2347.69339,1776184544000
1776184546.069,46.069,0.24,97.18,0.23,163.0,0.25,185.0,0.26,125.0,0.75,185.0,0.74,125.0,0.76,97.18,0.77,163.0,0.01,0.01,2347.69339,1776184545000
1776184546.338,46.338,0.24,82.04,0.23,153.0,0.25,235.0,0.26,151.0,0.75,253.0,0.74,151.0,0.76,83.66,0.77,163.0,0.01,0.01,2347.69339,1776184545000
1776184546.628,46.628,0.23,143.0,0.22,130.02,0.25,245.0,0.26,201.0,0.75,235.0,0.74,151.0,0.76,82.04,0.77,153.0,0.02,0.01,2347.69339,1776184545000
1776184546.939,46.939,0.21,20.13,0.2,39.0,0.22,20.0,0.23,80.0,0.75,245.0,0.74,201.0,0.77,143.0,0.78,130.02,0.01,0.02,2347.69339,1776184545000
1776184547.291,47.291,0.2,34.06,0.19,125.0,0.21,25.0,0.22,105.0,0.78,20.0,0.77,80.0,0.79,20.13,0.8,39.0,0.01,0.01,2347.69339,1776184545000
1776184548.529,48.529,0.19,168.31,0.18,160.0,0.2,10.0,0.21,78.29,0.79,25.0,0.78,105.0,0.8,34.06,0.81,125.0,0.01,0.01,2348.120498,1776184546000
1776184549.099,49.099,0.18,5.0,0.17,295.0,0.19,35.0,0.2,75.0,0.8,90.0,0.79,128.29,0.82,150.0,0.83,395.5,0.01,0.02,2348.016486,1776184547000
1776184549.325,49.325,0.17,240.07,0.16,310.0,0.18,50.0,0.19,132.36,0.81,107.36,0.8,75.0,0.83,240.07,0.84,310.0,0.01,0.02,2348.016486,1776184547000
1776184549.812,49.812,0.17,163.86,0.16,310.0,0.18,197.0,0.19,100.0,0.82,32.0,0.81,147.36,0.83,240.07,0.84,310.0,0.01,0.01,2347.71739,1776184548000
1776184550.064,50.064,0.17,163.86,0.16,310.0,0.18,197.0,0.19,100.0,0.82,197.0,0.81,100.0,0.83,163.86,0.84,310.0,0.01,0.01,2347.63245,1776184549000
1776184550.303,50.303,0.16,260.0,0.15,80.0,0.18,97.0,0.19,95.0,0.82,135.61,0.81,95.0,0.84,270.0,0.85,45.0,0.02,0.02,2347.63245,1776184549000
1776184550.539,50.539,0.16,327.31,0.15,215.0,0.18,172.0,0.19,95.0,0.82,57.0,0.81,95.0,0.84,321.0,0.85,165.0,0.02,0.02,2347.63245,1776184549000
1776184551.333,51.333,0.17,51.51,0.16,396.31,0.18,182.0,0.19,60.0,0.82,197.0,0.81,95.0,0.83,0.51,0.84,307.31,0.01,0.01,2347.63245,1776184549000
1776184551.571,51.571,0.17,46.46,0.16,396.31,0.18,263.57,0.19,104.0,0.82,263.57,0.81,104.0,0.83,46.46,0.84,396.31,0.01,0.01,2347.3627,1776184550000
1776184552.016,52.016,0.17,40.27,0.16,391.31,0.18,299.57,0.19,126.0,0.82,260.0,0.81,125.0,0.83,40.26,0.84,396.31,0.01,0.01,2347.3627,1776184550000
1776184552.423,52.423,0.18,49.0,0.17,255.51,0.2,63.25,0.21,293.29,0.82,299.57,0.81,126.0,0.83,40.27,0.84,391.31,0.02,0.01,2347.139994,1776184551000
1776184552.855,52.855,0.19,110.0,0.18,230.0,0.2,67.25,0.21,298.29,0.8,63.25,0.79,293.29,0.82,49.0,0.83,255.51,0.01,0.02,2347.139994,1776184551000
1776184553.505,53.505,0.17,71.89,0.16,339.0,0.18,10.0,0.19,25.0,0.8,67.25,0.79,298.29,0.81,110.0,0.82,230.0,0.01,0.01,2347.359985,1776184552000
1776184553.968,53.968,0.16,255.21,0.15,225.0,0.17,189.57,0.18,87.0,0.82,10.0,0.81,25.0,0.83,71.89,0.84,339.0,0.01,0.01,2347.359985,1776184552000
1776184554.181,54.181,0.16,251.28,0.15,225.0,0.17,189.57,0.18,137.0,0.83,189.57,0.82,137.0,0.84,251.28,0.85,225.0,0.01,0.01,2347.451983,1776184553000
1776184554.863,54.863,0.16,322.59,0.15,227.0,0.17,165.57,0.18,312.0,0.83,189.57,0.82,137.0,0.84,251.28,0.85,225.0,0.01,0.01,2347.451983,1776184553000
1776184555.233,55.233,0.16,319.31,0.15,227.0,0.17,165.57,0.18,312.0,0.83,165.57,0.82,312.0,0.84,319.31,0.85,227.0,0.01,0.01,2347.567125,1776184554000
1776184555.921,55.921,0.16,336.31,0.15,232.0,0.17,119.57,0.18,241.44,0.83,165.57,0.82,312.0,0.84,319.31,0.85,227.0,0.01,0.01,2347.567125,1776184554000
1776184556.184,56.184,0.16,321.31,0.15,113.0,0.17,118.57,0.18,151.0,0.83,119.57,0.82,241.44,0.84,336.31,0.85,232.0,0.01,0.01,2347.567125,1776184554000
1776184556.756,56.756,0.16,276.31,0.15,113.0,0.17,295.57,0.18,181.0,0.83,118.57,0.82,151.0,0.84,321.31,0.85,113.0,0.01,0.01,2347.34527,1776184555000
1776184557.325,57.325,0.16,276.31,0.15,113.0,0.17,295.57,0.18,181.0,0.83,295.57,0.82,181.0,0.84,276.31,0.85,113.0,0.01,0.01,2347.19251,1776184556000
1776184558.274,58.274,0.16,219.88,0.15,95.0,0.17,1488.75,0.18,371.75,0.83,1488.75,0.82,371.75,0.84,219.88,0.85,95.0,0.01,0.01,2347.208835,1776184557000
1776184558.725,58.725,0.15,10.0,0.14,230.0,0.17,312.56,0.18,232.87,0.83,1488.75,0.82,371.75,0.84,219.88,0.85,95.0,0.02,0.01,2347.208835,1776184557000
1776184559.141,59.141,0.14,277.21,0.13,136.0,0.16,5.0,0.17,65.0,0.84,15.0,0.83,153.0,0.85,4.94,0.86,180.0,0.02,0.01,2347.208835,1776184557000
1776184559.419,59.419,0.14,277.21,0.13,136.0,0.17,64.11,0.18,150.0,0.83,64.11,0.82,150.0,0.86,277.21,0.87,136.0,0.03,0.03,2347.108356,1776184558000
1776184559.651,59.651,0.14,55.0,0.13,110.0,0.15,77.0,0.16,201.0,0.83,64.11,0.82,150.0,0.86,277.21,0.87,136.0,0.01,0.03,2347.108356,1776184558000
1776184559.908,59.908,0.14,55.0,0.13,110.0,0.15,77.0,0.16,201.0,0.85,77.0,0.84,201.0,0.86,55.0,0.87,110.0,0.01,0.01,2347.092649,1776184559000
1776184560.182,60.182,0.13,10.0,0.12,165.09,0.14,171.0,0.15,121.0,0.85,77.0,0.84,201.0,0.86,55.0,0.87,110.0,0.01,0.01,2347.092649,1776184559000
1776184560.425,60.425,0.12,61.52,0.11,211.0,0.13,181.0,0.14,76.0,0.87,163.0,0.86,88.0,0.88,66.52,0.89,211.0,0.01,0.01,2347.092649,1776184559000
1776184560.781,60.781,0.11,86.0,0.1,192.99,0.13,220.0,0.14,75.0,0.87,181.0,0.86,76.0,0.88,61.52,0.89,211.0,0.02,0.01,2347.092649,1776184559000
1776184561.027,61.027,0.11,66.0,0.1,192.99,0.13,225.0,0.14,75.0,0.87,225.0,0.86,75.0,0.89,66.0,0.9,192.99,0.02,0.02,2346.967685,1776184560000
1776184561.242,61.242,0.12,7.97,0.11,86.0,0.13,237.39,0.14,130.0,0.87,225.0,0.86,75.0,0.89,66.0,0.9,192.99,0.01,0.02,2346.967685,1776184560000
1776184561.808,61.808,0.12,10.97,0.11,227.17,0.13,827.23,0.14,135.0,0.87,237.39,0.86,130.0,0.88,7.97,0.89,86.0,0.01,0.01,2346.967685,1776184560000
1776184562.078,62.078,0.12,40.97,0.11,343.17,0.13,65.0,0.14,185.0,0.87,827.23,0.86,135.0,0.88,10.97,0.89,227.17,0.01,0.01,2346.967685,1776184560000
1776184562.321,62.321,0.12,167.97,0.11,376.18,0.13,75.0,0.14,185.0,0.87,65.0,0.86,185.0,0.88,40.97,0.89,343.17,0.01,0.01,2346.68563,1776184561000
1776184562.697,62.697,0.12,150.86,0.11,376.18,0.13,76.74,0.14,185.0,0.87,71.74,0.86,185.0,0.88,184.96,0.89,376.18,0.01,0.01,2346.68563,1776184561000
1776184563.231,63.231,0.12,150.86,0.11,376.18,0.13,76.74,0.14,185.0,0.87,76.74,0.86,185.0,0.88,150.86,0.89,376.18,0.01,0.01,2346.047021,1776184562000
1776184563.57,63.57,0.12,21.99,0.11,122.0,0.13,201.0,0.14,75.0,0.87,15.0,0.86,20.0,0.88,23.89,0.89,177.0,0.01,0.01,2346.047021,1776184562000
1776184563.97,63.97,0.12,141.99,0.11,267.0,0.13,1402.97,0.14,25.0,0.87,201.0,0.86,75.0,0.88,16.99,0.89,122.0,0.01,0.01,2346.047021,1776184562000
1776184564.272,64.272,0.12,141.99,0.11,267.0,0.13,1402.97,0.14,25.0,0.87,1402.97,0.86,25.0,0.88,141.99,0.89,267.0,0.01,0.01,2346.13492,1776184563000
1776184564.503,64.503,0.12,211.15,0.11,242.0,0.15,10.0,0.16,45.0,0.87,15.0,0.86,10.0,0.88,181.15,0.89,242.0,0.03,0.01,2346.13492,1776184563000
1776184564.824,64.824,0.15,200.0,0.14,85.0,0.17,99.14,0.18,150.0,0.85,10.0,0.84,45.0,0.88,211.15,0.89,242.0,0.02,0.03,2346.13492,1776184563000
1776184565.354,65.354,0.15,195.97,0.14,95.0,0.16,15.0,0.17,87.14,0.84,20.5,0.83,99.14,0.85,205.0,0.86,85.0,0.01,0.01,2346.13492,1776184563000
1776184565.866,65.866,0.16,132.21,0.15,122.97,0.17,62.26,0.18,155.0,0.84,15.0,0.83,87.14,0.85,195.97,0.86,95.0,0.01,0.01,2346.308174,1776184564000
1776184567.058,67.058,0.16,132.21,0.15,122.97,0.17,62.26,0.18,155.0,0.83,62.26,0.82,155.0,0.84,132.21,0.85,122.97,0.01,0.01,2347.038503,1776184565000
1776184567.636,67.636,0.16,132.21,0.15,122.97,0.17,62.26,0.18,155.0,0.83,62.26,0.82,155.0,0.84,132.21,0.85,122.97,0.01,0.01,2347.164594,1776184566000
1776184568.287,68.287,0.15,105.42,0.14,72.0,0.16,127.0,0.17,137.0,0.84,127.0,0.83,137.0,0.85,105.42,0.86,72.0,0.01,0.01,2347.14231,1776184567000
1776184568.618,68.618,0.17,209.0,0.16,45.0,0.18,80.0,0.19,15.0,0.84,127.0,0.83,137.0,0.85,105.42,0.86,72.0,0.01,0.01,2347.14231,1776184567000
1776184569.275,69.275,0.15,185.1,0.14,65.0,0.16,165.6,0.17,140.33,0.82,80.0,0.81,15.0,0.83,209.0,0.84,45.0,0.01,0.01,2347.14231,1776184567000
1776184569.549,69.549,0.15,804.83,0.14,60.0,0.16,1189.2,0.17,199.59,0.84,126.85,0.83,145.33,0.85,785.1,0.86,65.0,0.01,0.01,2347.1183,1776184568000
1776184569.988,69.988,0.15,802.83,0.14,60.0,0.16,1194.2,0.17,199.59,0.84,1194.2,0.83,199.59,0.85,802.83,0.86,60.0,0.01,0.01,2347.1133,1776184569000
1776184570.475,70.475,0.16,256.0,0.15,714.83,0.18,95.0,0.19,65.0,0.84,1194.2,0.83,199.59,0.85,802.83,0.86,60.0,0.02,0.01,2347.1133,1776184569000
1776184571.04,71.04,0.16,200.0,0.15,709.83,0.17,513.54,0.18,209.44,0.83,475.13,0.82,145.0,0.84,195.0,0.85,714.83,0.01,0.01,2347.1133,1776184569000
1776184571.256,71.256,0.16,175.8,0.15,709.83,0.17,49.0,0.18,80.0,0.83,49.0,0.82,80.0,0.84,175.8,0.85,709.83,0.01,0.01,2347.07775,1776184570000
1776184571.599,71.599,0.16,183.19,0.15,703.1,0.17,6.02,0.18,259.05,0.83,11.49,0.82,199.61,0.84,232.0,0.85,709.83,0.01,0.01,2347.07775,1776184570000
1776184572.06,72.06,0.17,273.74,0.16,97.5,0.2,100.0,0.21,193.29,0.82,244.05,0.81,25.0,0.84,193.19,0.85,703.1,0.03,0.02,2347.07775,1776184570000
1776184572.275,72.275,0.19,43.0,0.18,10.0,0.2,105.0,0.21,193.29,0.8,105.0,0.79,193.29,0.81,43.0,0.82,10.0,0.01,0.01,2347.143505,1776184571000
1776184572.479,72.479,0.19,28.19,0.18,125.0,0.2,125.0,0.21,313.29,0.8,120.0,0.79,313.29,0.81,38.32,0.82,125.0,0.01,0.01,2347.143505,1776184571000
1776184573.227,73.227,0.19,19.5,0.18,230.0,0.2,125.0,0.21,348.83,0.8,125.0,0.79,313.29,0.81,28.19,0.82,125.0,0.01,0.01,2347.143505,1776184571000
1776184573.484,73.484,0.19,0.5,0.18,230.0,0.2,590.46,0.21,455.26,0.8,590.46,0.79,455.26,0.81,0.5,0.82,230.0,0.01,0.01,2347.20539,1776184572000
1776184574.124,74.124,0.19,0.5,0.18,230.0,0.2,590.46,0.21,455.26,0.8,590.46,0.79,455.26,0.81,0.5,0.82,230.0,0.01,0.01,2347.44067,1776184573000
1776184574.4,74.4,0.15,620.1,0.14,20.0,0.16,368.87,0.17,138.26,0.8,590.46,0.79,455.26,0.81,0.5,0.82,230.0,0.01,0.01,2347.44067,1776184573000
1776184574.663,74.663,0.15,632.64,0.14,20.0,0.16,293.87,0.17,86.0,0.84,462.87,0.83,81.0,0.85,631.31,0.86,20.0,0.01,0.01,2347.44067,1776184573000
1776184575.179,75.179,0.15,645.45,0.14,30.0,0.16,290.87,0.17,179.0,0.84,173.87,0.83,200.33,0.85,619.45,0.86,30.0,0.01,0.01,2347.44067,1776184573000
1776184576.429,76.429,0.15,645.45,0.14,30.0,0.16,290.87,0.17,179.0,0.84,290.87,0.83,179.0,0.85,645.45,0.86,30.0,0.01,0.01,2346.837421,1776184575000
1776184576.755,76.755,0.15,832.93,0.14,157.24,0.17,58.0,0.18,97.0,0.84,197.87,0.83,106.0,0.85,761.93,0.86,165.24,0.02,0.01,2346.837421,1776184575000
1776184577.0,77.0,0.15,832.93,0.14,157.24,0.17,58.0,0.18,97.0,0.83,58.0,0.82,97.0,0.85,832.93,0.86,157.24,0.02,0.02,2346.70229,1776184576000
1776184577.702,77.702,0.16,194.95,0.15,659.68,0.17,51.0,0.18,156.44,0.83,58.0,0.82,97.0,0.85,832.93,0.86,157.24,0.01,0.02,2346.70229,1776184576000
1776184577.989,77.989,0.16,14.9,0.15,769.68,0.17,104.0,0.18,271.44,0.83,11.0,0.82,102.0,0.84,219.34,0.85,664.68,0.01,0.01,2346.70229,1776184576000
1776184578.607,78.607,0.15,590.97,0.14,114.0,0.16,83.0,0.17,218.15,0.83,104.0,0.82,271.44,0.84,14.9,0.85,769.68,0.01,0.01,2346.879721,1776184577000
1776184579.292,79.292,0.15,590.97,0.14,114.0,0.16,83.0,0.17,218.15,0.84,83.0,0.83,218.15,0.85,590.97,0.86,114.0,0.01,0.01,2347.101015,1776184578000
1776184580.258,80.258,0.15,677.95,0.14,281.0,0.16,46.25,0.17,216.0,0.84,83.0,0.83,218.15,0.85,590.97,0.86,114.0,0.01,0.01,2347.101015,1776184578000
1776184580.541,80.541,0.15,545.97,0.14,105.0,0.16,175.06,0.17,148.26,0.84,46.25,0.83,216.0,0.85,677.95,0.86,281.0,0.01,0.01,2347.020775,1776184579000
1776184581.131,81.131,0.15,545.97,0.14,105.0,0.16,175.06,0.17,148.26,0.84,175.06,0.83,148.26,0.85,545.97,0.86,105.0,0.01,0.01,2346.982415,1776184580000
1776184582.115,82.115,0.15,545.97,0.14,105.0,0.16,175.06,0.17,148.26,0.84,175.06,0.83,148.26,0.85,545.97,0.86,105.0,0.01,0.01,2346.958105,1776184581000
1776184582.967,82.967,0.16,69.0,0.15,692.7,0.17,20.88,0.18,10.0,0.84,175.06,0.83,148.26,0.85,545.97,0.86,105.0,0.01,0.01,2346.958105,1776184581000
1776184583.807,83.807,0.16,519.25,0.15,756.7,0.19,10.0,0.2,47.22,0.83,20.88,0.82,10.0,0.84,69.0,0.85,692.7,0.03,0.01,2346.85739,1776184582000
1776184584.149,84.149,0.16,519.25,0.15,756.7,0.19,10.0,0.2,47.22,0.81,10.0,0.8,47.22,0.84,519.25,0.85,756.7,0.03,0.03,2347.033613,1776184583000
1776184584.432,84.432,0.19,277.0,0.18,135.0,0.21,143.29,0.22,98.07,0.81,10.0,0.8,47.22,0.84,519.25,0.85,756.7,0.02,0.03,2347.033613,1776184583000
1776184585.095,85.095,0.2,184.75,0.19,285.0,0.21,148.29,0.22,103.07,0.8,437.0,0.79,143.29,0.81,307.0,0.82,182.0,0.01,0.01,2347.033613,1776184583000
1776184586.115,86.115,0.2,184.75,0.19,285.0,0.21,148.29,0.22,103.07,0.79,148.29,0.78,103.07,0.8,184.75,0.81,285.0,0.01,0.01,2347.863478,1776184585000
1776184586.42,86.42,0.2,136.76,0.19,260.0,0.21,257.94,0.22,103.07,0.79,267.71,0.78,103.07,0.8,136.76,0.81,260.0,0.01,0.01,2347.863478,1776184585000
1776184587.203,87.203,0.2,136.76,0.19,260.0,0.21,257.94,0.22,103.07,0.79,257.94,0.78,103.07,0.8,136.76,0.81,260.0,0.01,0.01,2347.93372,1776184586000
1776184587.442,87.442,0.2,139.19,0.19,260.0,0.21,267.94,0.22,98.07,0.79,257.94,0.78,103.07,0.8,136.76,0.81,260.0,0.01,0.01,2347.93372,1776184586000
1776184588.005,88.005,0.2,426.34,0.19,140.0,0.21,148.47,0.22,93.07,0.79,262.94,0.78,98.07,0.8,121.34,0.81,260.0,0.01,0.01,2347.93372,1776184586000
1776184588.21,88.21,0.2,401.34,0.19,145.0,0.21,26.47,0.22,166.2,0.79,26.47,0.78,166.2,0.8,401.34,0.81,145.0,0.01,0.01,2347.964795,1776184587000
1776184588.456,88.456,0.2,431.34,0.19,173.4,0.22,156.2,0.23,40.0,0.79,11.47,0.78,166.2,0.8,406.34,0.81,150.0,0.02,0.01,2347.964795,1776184587000
1776184589.114,89.114,0.21,421.0,0.2,158.5,0.22,81.2,0.23,40.0,0.78,156.2,0.77,40.0,0.8,431.34,0.81,173.4,0.01,0.02,2347.964795,1776184587000
1776184589.438,89.438,0.21,391.0,0.2,163.5,0.23,5.0,0.24,45.0,0.78,8.2,0.77,40.0,0.79,416.0,0.8,158.5,0.02,0.01,2347.98251,1776184588000
1776184589.66,89.66,0.23,9.0,0.22,115.0,0.24,45.0,0.25,5.0,0.77,5.0,0.76,45.0,0.79,391.0,0.8,163.5,0.01,0.02,2347.98251,1776184588000
1776184589.911,89.911,0.25,91.32,0.24,35.0,0.26,25.0,0.27,75.0,0.74,25.0,0.73,75.0,0.75,81.66,0.76,35.0,0.01,0.01,2347.98251,1776184588000
1776184590.303,90.303,0.25,93.06,0.24,35.0,0.26,35.98,0.27,75.0,0.74,35.98,0.73,75.0,0.75,93.06,0.76,35.0,0.01,0.01,2348.26567,1776184589000
1776184590.541,90.541,0.25,160.79,0.24,50.0,0.26,88.74,0.27,70.0,0.74,133.74,0.73,70.0,0.75,155.79,0.76,50.0,0.01,0.01,2348.26567,1776184589000
1776184590.835,90.835,0.25,210.79,0.24,85.0,0.26,83.5,0.27,70.0,0.74,88.74,0.73,70.0,0.75,160.79,0.76,50.0,0.01,0.01,2348.26567,1776184589000
1776184591.038,91.038,0.25,210.79,0.24,95.0,0.28,150.0,0.29,40.01,0.74,4.5,0.73,70.0,0.75,210.79,0.76,85.0,0.03,0.01,2348.26567,1776184589000
1776184591.377,91.377,0.27,63.5,0.26,150.0,0.28,40.0,0.29,155.01,0.72,150.0,0.71,45.01,0.73,8.63,0.74,35.0,0.01,0.01,2348.26567,1776184589000
1776184591.621,91.621,0.27,164.73,0.26,205.0,0.29,25.01,0.3,185.0,0.72,40.0,0.71,25.01,0.73,156.13,0.74,205.0,0.02,0.01,2348.40012,1776184590000
1776184592.039,92.039,0.27,60.0,0.26,60.0,0.29,197.01,0.3,85.0,0.71,25.01,0.7,185.0,0.73,164.73,0.74,205.0,0.02,0.02,2348.40012,1776184590000
1776184592.311,92.311,0.27,60.0,0.26,60.0,0.29,177.01,0.3,85.0,0.71,177.01,0.7,85.0,0.73,60.0,0.74,60.0,0.02,0.02,2348.799245,1776184591000
1776184592.517,92.517,0.27,52.9,0.26,60.0,0.28,136.98,0.29,188.01,0.71,177.01,0.7,85.0,0.73,60.0,0.74,60.0,0.01,0.02,2348.799245,1776184591000
1776184592.765,92.765,0.27,4.65,0.26,208.51,0.28,131.98,0.29,63.01,0.72,136.98,0.71,173.01,0.74,83.51,0.75,285.79,0.01,0.02,2348.799245,1776184591000
1776184593.032,93.032,0.27,30.78,0.26,143.51,0.28,163.98,0.29,178.01,0.72,131.98,0.71,63.01,0.73,4.65,0.74,208.51,0.01,0.01,2348.799245,1776184591000
1776184593.374,93.374,0.27,8.24,0.26,133.94,0.28,168.98,0.29,183.01,0.72,168.98,0.71,183.01,0.73,8.24,0.74,133.94,0.01,0.01,2348.96469,1776184592000
1776184593.593,93.593,0.27,11.36,0.26,133.94,0.28,143.26,0.29,183.01,0.72,168.98,0.71,183.01,0.73,11.36,0.74,133.94,0.01,0.01,2348.96469,1776184592000
1776184593.853,93.853,0.27,11.36,0.26,133.94,0.28,143.26,0.29,183.01,0.72,143.26,0.71,183.01,0.73,11.36,0.74,133.94,0.01,0.01,2349.050266,1776184593000
1776184594.081,94.081,0.27,366.36,0.26,138.94,0.29,26.01,0.3,70.0,0.72,72.26,0.71,26.01,0.73,401.36,0.74,138.94,0.02,0.01,2349.050266,1776184593000
1776184594.569,94.569,0.28,315.0,0.27,77.36,0.29,12.56,0.3,161.92,0.71,26.01,0.7,70.0,0.73,366.36,0.74,138.94,0.01,0.02,2349.050266,1776184593000
1776184594.927,94.927,0.28,318.45,0.27,77.36,0.29,17.56,0.3,161.92,0.71,12.56,0.7,161.92,0.72,315.0,0.73,77.36,0.01,0.01,2349.050266,1776184593000
1776184595.163,95.163,0.28,309.23,0.27,95.66,0.29,94.64,0.3,70.0,0.71,3.01,0.7,161.92,0.72,316.92,0.73,95.66,0.01,0.01,2349.050266,1776184593000
1776184595.379,95.379,0.28,428.23,0.27,125.66,0.3,70.0,0.31,45.0,0.71,94.64,0.7,70.0,0.72,309.23,0.73,95.66,0.02,0.01,2349.050266,1776184593000
1776184595.639,95.639,0.29,163.19,0.28,75.0,0.3,60.0,0.31,45.0,0.7,60.0,0.69,45.0,0.71,129.57,0.72,125.0,0.01,0.01,2349.050266,1776184593000
1776184596.155,96.155,0.3,215.42,0.29,10.0,0.31,35.0,0.32,85.0,0.69,35.0,0.68,80.0,0.71,142.64,0.72,80.0,0.01,0.02,2349.050266,1776184593000
1776184596.547,96.547,0.3,306.13,0.29,365.0,0.31,128.08,0.32,90.0,0.69,35.0,0.68,85.0,0.7,215.42,0.71,10.0,0.01,0.01,2349.050266,1776184593000
1776184596.767,96.767,0.3,306.13,0.29,365.0,0.31,128.08,0.32,90.0,0.69,128.08,0.68,90.0,0.7,306.13,0.71,365.0,0.01,0.01,2349.247155,1776184595000
1776184597.227,97.227,0.31,190.4,0.3,246.13,0.33,45.0,0.34,104.79,0.69,35.0,0.68,70.0,0.7,398.13,0.71,126.5,0.02,0.01,2349.247155,1776184595000
1776184597.584,97.584,0.33,13.35,0.32,214.79,0.34,4.79,0.35,110.0,0.67,45.0,0.66,104.79,0.69,190.4,0.7,246.13,0.01,0.02,2349.421605,1776184596000
1776184598.04,98.04,0.33,190.35,0.32,180.0,0.35,85.0,0.36,175.0,0.66,4.79,0.65,110.0,0.67,13.35,0.68,214.79,0.02,0.01,2349.421605,1776184596000
1776184598.537,98.537,0.35,7.73,0.34,335.0,0.36,130.0,0.37,155.0,0.65,85.0,0.64,175.0,0.67,190.35,0.68,180.0,0.01,0.02,2349.421605,1776184596000
1776184598.895,98.895,0.36,18.28,0.35,164.28,0.37,160.0,0.38,75.0,0.64,130.0,0.63,160.0,0.65,33.04,0.66,105.0,0.01,0.01,2349.535287,1776184597000
1776184599.317,99.317,0.36,44.0,0.35,89.0,0.37,243.0,0.38,80.0,0.63,160.0,0.62,75.0,0.64,18.28,0.65,164.28,0.01,0.01,2349.535287,1776184597000
1776184600.209,100.209,0.36,15.65,0.35,99.0,0.37,298.0,0.38,168.48,0.63,298.0,0.62,90.0,0.64,20.65,0.65,89.0,0.01,0.01,2349.71063,1776184598000
1776184600.483,100.483,0.36,15.65,0.35,99.0,0.37,298.0,0.38,168.48,0.63,298.0,0.62,168.48,0.64,15.65,0.65,99.0,0.01,0.01,2350.120975,1776184599000
1776184600.864,100.864,0.35,48.4,0.34,55.0,0.36,250.0,0.37,138.0,0.63,298.0,0.62,168.48,0.64,15.65,0.65,99.0,0.01,0.01,2350.120975,1776184599000
1776184601.129,101.129,0.35,48.4,0.34,55.0,0.36,250.0,0.37,138.0,0.64,250.0,0.63,138.0,0.65,48.4,0.66,55.0,0.01,0.01,2350.1087,1776184600000
1776184601.72,101.72,0.33,104.79,0.32,115.0,0.34,5.0,0.35,298.07,0.64,250.0,0.63,138.0,0.65,48.4,0.66,55.0,0.01,0.01,2350.1087,1776184600000
1776184601.969,101.969,0.33,93.79,0.32,85.0,0.34,211.0,0.35,136.07,0.66,5.0,0.65,298.07,0.67,104.79,0.68,115.0,0.01,0.01,2350.1087,1776184600000
1776184602.412,102.412,0.33,15.44,0.32,35.0,0.34,243.81,0.35,136.07,0.66,227.0,0.65,136.07,0.67,65.44,0.68,85.0,0.01,0.01,2350.1087,1776184600000
1776184602.659,102.659,0.32,25.0,0.31,20.0,0.34,199.39,0.35,131.07,0.66,279.81,0.65,136.07,0.68,35.0,0.69,20.0,0.02,0.02,2349.94586,1776184601000
1776184603.094,103.094,0.3,286.13,0.29,180.0,0.32,10.0,0.33,32.0,0.68,10.0,0.67,32.0,0.7,286.13,0.71,180.0,0.02,0.02,2349.782,1776184602000
1776184603.41,103.41,0.3,4.06,0.29,75.0,0.31,111.0,0.32,168.73,0.69,257.0,0.68,198.73,0.7,18.06,0.71,50.0,0.01,0.01,2349.782,1776184602000
1776184603.791,103.791,0.28,25.0,0.27,41.0,0.3,166.0,0.31,125.0,0.69,166.0,0.68,168.73,0.71,75.0,0.72,25.0,0.02,0.02,2349.782,1776184602000
1776184604.085,104.085,0.27,67.0,0.26,109.0,0.28,107.38,0.29,169.27,0.72,63.81,0.71,195.0,0.73,106.0,0.74,104.0,0.01,0.01,2349.782,1776184602000
1776184604.418,104.418,0.27,67.0,0.26,109.0,0.28,107.38,0.29,169.27,0.72,107.38,0.71,169.27,0.73,67.0,0.74,109.0,0.01,0.01,2349.5845,1776184603000
1776184604.653,104.653,0.27,100.0,0.26,115.0,0.28,102.63,0.29,75.0,0.72,107.38,0.71,169.27,0.73,67.0,0.74,109.0,0.01,0.01,2349.5845,1776184603000
1776184605.021,105.021,0.27,100.0,0.26,115.0,0.28,102.63,0.29,75.0,0.72,102.63,0.71,75.0,0.73,100.0,0.74,115.0,0.01,0.01,2349.33972,1776184604000
1776184605.838,105.838,0.27,113.72,0.26,120.0,0.28,102.63,0.29,75.0,0.72,102.63,0.71,75.0,0.73,100.0,0.74,115.0,0.01,0.01,2349.33972,1776184604000
1776184606.396,106.396,0.27,51.75,0.26,110.0,0.28,187.63,0.29,76.0,0.72,102.63,0.71,81.0,0.73,100.15,0.74,115.0,0.01,0.01,2349.09992,1776184605000
1776184607.075,107.075,0.27,51.75,0.26,110.0,0.28,187.63,0.29,76.0,0.72,187.63,0.71,76.0,0.73,51.75,0.74,110.0,0.01,0.01,2349.04682,1776184606000
1776184608.232,108.232,0.27,51.75,0.26,110.0,0.28,187.63,0.29,76.0,0.72,187.63,0.71,76.0,0.73,51.75,0.74,110.0,0.01,0.01,2348.998685,1776184607000
1776184608.458,108.458,0.27,69.14,0.26,106.0,0.28,142.63,0.29,71.0,0.72,187.63,0.71,76.0,0.73,51.75,0.74,110.0,0.01,0.01,2348.998685,1776184607000
1776184609.367,109.367,0.27,69.14,0.26,106.0,0.28,142.63,0.29,71.0,0.72,142.63,0.71,71.0,0.73,69.14,0.74,106.0,0.01,0.01,2349.02545,1776184608000
1776184609.924,109.924,0.27,69.14,0.26,111.0,0.28,133.36,0.29,71.0,0.72,142.63,0.71,71.0,0.73,69.14,0.74,106.0,0.01,0.01,2349.02545,1776184608000
1776184610.2,110.2,0.27,72.77,0.26,128.0,0.28,45.0,0.29,136.0,0.72,133.36,0.71,71.0,0.73,69.14,0.74,111.0,0.01,0.01,2349.01972,1776184609000
1776184611.205,111.205,0.27,72.77,0.26,128.0,0.28,45.0,0.29,136.0,0.72,45.0,0.71,136.0,0.73,72.77,0.74,128.0,0.01,0.01,2349.043515,1776184610000
1776184612.119,112.119,0.27,72.77,0.26,128.0,0.28,45.0,0.29,136.0,0.72,45.0,0.71,136.0,0.73,72.77,0.74,128.0,0.01,0.01,2349.02942,1776184611000
1776184613.335,113.335,0.27,72.77,0.26,128.0,0.28,45.0,0.29,136.0,0.72,45.0,0.71,136.0,0.73,72.77,0.74,128.0,0.01,0.01,2349.042125,1776184612000
1776184614.467,114.467,0.27,72.77,0.26,128.0,0.28,45.0,0.29,136.0,0.72,45.0,0.71,136.0,0.73,72.77,0.74,128.0,0.01,0.01,2348.80483,1776184613000
1776184614.967,114.967,0.24,53.24,0.23,183.0,0.25,153.0,0.26,239.0,0.72,45.0,0.71,136.0,0.73,72.77,0.74,128.0,0.01,0.01,2348.80483,1776184613000
1776184616.14,116.14,0.24,53.24,0.23,183.0,0.25,153.0,0.26,239.0,0.75,153.0,0.74,239.0,0.76,53.24,0.77,183.0,0.01,0.01,2348.69918,1776184615000
1776184616.793,116.793,0.23,153.7,0.22,270.0,0.24,185.0,0.25,193.0,0.75,153.0,0.74,239.0,0.76,53.24,0.77,183.0,0.01,0.01,2348.69918,1776184615000
1776184617.237,117.237,0.23,153.7,0.22,270.0,0.24,185.0,0.25,193.0,0.76,185.0,0.75,193.0,0.77,153.7,0.78,270.0,0.01,0.01,2348.671816,1776184616000
1776184618.127,118.127,0.2,133.0,0.19,260.0,0.22,150.0,0.23,80.0,0.76,185.0,0.75,193.0,0.77,153.7,0.78,270.0,0.02,0.01,2348.671816,1776184616000
1776184618.43,118.43,0.2,133.0,0.19,260.0,0.22,150.0,0.23,80.0,0.78,150.0,0.77,80.0,0.8,133.0,0.81,260.0,0.02,0.02,2348.609321,1776184617000
1776184619.07,119.07,0.2,205.05,0.19,427.0,0.22,114.07,0.23,105.41,0.78,114.07,0.77,105.41,0.8,205.05,0.81,427.0,0.02,0.02,2348.577062,1776184618000
1776184619.28,119.28,0.22,75.0,0.21,93.0,0.24,79.2,0.25,171.0,0.78,114.07,0.77,105.41,0.8,205.05,0.81,427.0,0.02,0.02,2348.577062,1776184618000
1776184619.818,119.818,0.23,6.19,0.22,98.0,0.24,214.2,0.25,176.0,0.76,79.2,0.75,171.0,0.78,75.0,0.79,93.0,0.01,0.02,2348.577062,1776184618000
1776184620.2,120.2,0.23,6.19,0.22,98.0,0.24,214.2,0.25,176.0,0.76,214.2,0.75,176.0,0.77,6.19,0.78,98.0,0.01,0.01,2348.40627,1776184619000
1776184621.401,121.401,0.23,6.19,0.22,98.0,0.24,214.2,0.25,176.0,0.76,214.2,0.75,176.0,0.77,6.19,0.78,98.0,0.01,0.01,2348.44441,1776184620000
1776184621.679,121.679,0.23,15.0,0.22,20.0,0.24,103.21,0.25,171.0,0.76,214.2,0.75,176.0,0.77,6.19,0.78,98.0,0.01,0.01,2348.44441,1776184620000
1776184622.005,122.005,0.22,17.08,0.21,115.0,0.24,93.21,0.25,171.0,0.76,93.21,0.75,171.0,0.78,17.08,0.79,115.0,0.02,0.02,2348.542603,1776184621000
1776184622.417,122.417,0.24,48.42,0.23,74.0,0.25,185.0,0.26,337.53,0.76,93.21,0.75,171.0,0.78,17.08,0.79,115.0,0.01,0.02,2348.542603,1776184621000
1776184623.068,123.068,0.24,43.04,0.23,74.0,0.25,185.0,0.26,337.53,0.75,185.0,0.74,337.53,0.76,43.04,0.77,74.0,0.01,0.01,2348.468647,1776184622000
1776184623.313,123.313,0.25,12.7,0.24,168.04,0.26,10.0,0.27,115.0,0.75,185.0,0.74,337.53,0.76,43.04,0.77,74.0,0.01,0.01,2348.468647,1776184622000
1776184623.766,123.766,0.24,70.0,0.23,14.0,0.25,111.43,0.26,236.0,0.74,114.0,0.73,10.0,0.75,1.36,0.76,140.0,0.01,0.01,2348.468647,1776184622000
1776184623.966,123.966,0.24,48.0,0.23,14.0,0.25,277.42,0.26,269.0,0.75,277.42,0.74,269.0,0.76,48.0,0.77,14.0,0.01,0.01,2348.468647,1776184622000
1776184624.269,124.269,0.24,40.0,0.23,14.0,0.25,363.21,0.26,269.0,0.75,363.21,0.74,269.0,0.76,40.0,0.77,14.0,0.01,0.01,2348.71087,1776184623000
1776184625.447,125.447,0.23,6.48,0.22,85.0,0.25,474.21,0.26,254.0,0.75,474.21,0.74,254.0,0.77,6.48,0.78,85.0,0.02,0.02,2348.807798,1776184624000
1776184625.863,125.863,0.27,71.48,0.26,90.0,0.29,15.0,0.3,10.0,0.75,474.21,0.74,254.0,0.77,6.48,0.78,85.0,0.02,0.02,2348.807798,1776184624000
1776184626.252,126.252,0.27,245.14,0.26,140.0,0.31,10.0,0.32,170.0,0.71,15.0,0.7,10.0,0.73,71.48,0.74,90.0,0.04,0.02,2348.763063,1776184625000
1776184626.802,126.802,0.29,15.0,0.28,25.0,0.3,161.14,0.31,145.45,0.7,5.0,0.69,10.0,0.73,195.84,0.74,135.0,0.01,0.03,2348.763063,1776184625000
1776184627.206,127.206,0.27,144.97,0.26,260.0,0.28,10.0,0.29,225.05,0.71,166.05,0.7,156.14,0.72,25.0,0.73,155.0,0.01,0.01,2348.763063,1776184625000
1776184627.573,127.573,0.27,136.53,0.26,260.0,0.28,10.0,0.29,220.05,0.72,10.0,0.71,220.05,0.73,136.53,0.74,260.0,0.01,0.01,2349.290268,1776184626000
1776184628.178,128.178,0.27,136.53,0.26,260.0,0.28,10.0,0.29,220.05,0.72,10.0,0.71,220.05,0.73,136.53,0.74,260.0,0.01,0.01,2349.524472,1776184627000
1776184628.765,128.765,0.27,146.53,0.26,135.0,0.29,185.67,0.3,248.14,0.72,10.0,0.71,220.05,0.73,136.53,0.74,260.0,0.02,0.01,2349.524472,1776184627000
1776184629.008,129.008,0.28,70.0,0.27,256.53,0.29,162.6,0.3,136.6,0.71,185.67,0.7,248.14,0.73,146.53,0.74,135.0,0.01,0.02,2349.524472,1776184627000
1776184629.531,129.531,0.28,218.11,0.27,274.53,0.29,150.6,0.3,107.14,0.71,255.22,0.7,117.14,0.72,208.11,0.73,271.53,0.01,0.01,2349.524472,1776184627000
1776184629.749,129.749,0.28,65.0,0.27,244.53,0.29,37.6,0.3,107.14,0.71,52.6,0.7,107.14,0.72,103.11,0.73,291.53,0.01,0.01,2349.5521,1776184628000
1776184630.187,130.187,0.28,70.0,0.27,244.53,0.3,107.14,0.31,92.45,0.7,107.14,0.69,92.45,0.72,70.0,0.73,244.53,0.02,0.02,2349.44265,1776184629000
1776184630.516,130.516,0.29,290.0,0.28,115.0,0.3,103.65,0.31,82.45,0.7,107.14,0.69,92.45,0.72,70.0,0.73,244.53,0.01,0.02,2349.44265,1776184629000
1776184630.76,130.76,0.29,335.0,0.28,105.0,0.3,64.98,0.31,72.45,0.7,75.98,0.69,72.45,0.71,325.0,0.72,115.0,0.01,0.01,2349.44265,1776184629000
1776184631.205,131.205,0.29,335.0,0.28,105.0,0.32,70.0,0.33,10.0,0.68,70.0,0.67,10.0,0.71,335.0,0.72,105.0,0.03,0.03,2349.4845,1776184630000
1776184631.524,131.524,0.31,72.0,0.3,90.0,0.32,206.0,0.33,75.0,0.68,91.0,0.67,185.0,0.69,9.92,0.7,40.0,0.01,0.01,2349.4845,1776184630000
1776184632.31,132.31,0.31,59.2,0.3,90.0,0.32,206.0,0.33,75.0,0.68,206.0,0.67,75.0,0.69,59.2,0.7,90.0,0.01,0.01,2349.61356,1776184631000
1776184633.394,133.394,0.31,60.3,0.3,215.0,0.32,76.0,0.33,140.0,0.68,76.0,0.67,140.0,0.69,60.3,0.7,215.0,0.01,0.01,2349.807902,1776184632000
1776184633.966,133.966,0.31,60.3,0.3,215.0,0.32,76.0,0.33,140.0,0.68,76.0,0.67,140.0,0.69,60.3,0.7,215.0,0.01,0.01,2349.744186,1776184633000
1776184634.957,134.957,0.34,49.0,0.33,92.3,0.35,40.0,0.36,35.0,0.68,76.0,0.67,140.0,0.69,60.3,0.7,215.0,0.01,0.01,2349.744186,1776184633000
1776184635.239,135.239,0.33,39.0,0.32,100.0,0.34,24.0,0.35,35.0,0.65,40.0,0.64,35.0,0.66,49.0,0.67,92.3,0.01,0.01,2349.908361,1776184634000
1776184635.474,135.474,0.32,54.0,0.31,442.1,0.33,19.0,0.34,19.0,0.66,24.0,0.65,35.0,0.67,39.0,0.68,100.0,0.01,0.01,2349.908361,1776184634000
1776184636.337,136.337,0.32,54.0,0.31,442.1,0.33,19.0,0.34,19.0,0.67,19.0,0.66,19.0,0.68,54.0,0.69,442.1,0.01,0.01,2350.125095,1776184635000
1776184636.619,136.619,0.31,178.0,0.3,150.0,0.32,242.0,0.33,128.0,0.67,19.0,0.66,19.0,0.68,54.0,0.69,442.1,0.01,0.01,2350.125095,1776184635000
1776184637.358,137.358,0.31,103.55,0.3,25.0,0.32,242.87,0.33,138.91,0.68,195.87,0.67,86.0,0.69,178.0,0.7,150.0,0.01,0.01,2350.125095,1776184635000
1776184637.612,137.612,0.31,103.55,0.3,25.0,0.32,242.87,0.33,138.91,0.68,242.87,0.67,138.91,0.69,103.55,0.7,25.0,0.01,0.01,2350.025,1776184636000
1776184638.01,138.01,0.31,103.55,0.3,25.0,0.32,242.87,0.33,138.91,0.68,242.87,0.67,138.91,0.69,103.55,0.7,25.0,0.01,0.01,2349.882675,1776184637000
1776184638.42,138.42,0.31,106.39,0.3,30.0,0.32,195.87,0.33,138.91,0.68,242.87,0.67,138.91,0.69,103.55,0.7,25.0,0.01,0.01,2349.882675,1776184637000
1776184639.174,139.174,0.31,99.95,0.3,30.0,0.32,190.87,0.33,138.91,0.68,190.87,0.67,138.91,0.69,99.95,0.7,30.0,0.01,0.01,2349.74177,1776184638000
1776184640.261,140.261,0.31,99.95,0.3,30.0,0.32,190.87,0.33,138.91,0.68,190.87,0.67,138.91,0.69,99.95,0.7,30.0,0.01,0.01,2349.686593,1776184639000
1776184640.8,140.8,0.31,226.95,0.3,205.0,0.32,39.0,0.33,224.47,0.68,190.87,0.67,138.91,0.69,99.95,0.7,30.0,0.01,0.01,2349.686593,1776184639000
1776184641.706,141.706,0.31,226.95,0.3,205.0,0.32,39.0,0.33,224.47,0.68,39.0,0.67,224.47,0.69,226.95,0.7,205.0,0.01,0.01,2349.66072,1776184640000
1776184642.177,142.177,0.31,226.95,0.3,205.0,0.32,39.0,0.33,224.47,0.68,39.0,0.67,224.47,0.69,226.95,0.7,205.0,0.01,0.01,2349.72818,1776184641000
1776184642.746,142.746,0.33,100.0,0.32,150.0,0.35,70.0,0.36,110.0,0.66,55.47,0.65,210.0,0.67,77.0,0.68,225.0,0.02,0.01,2349.72818,1776184641000
1776184643.276,143.276,0.33,100.0,0.32,150.0,0.35,70.0,0.36,110.0,0.65,70.0,0.64,110.0,0.67,100.0,0.68,150.0,0.02,0.02,2349.80371,1776184642000
1776184644.368,144.368,0.33,100.0,0.32,150.0,0.35,70.0,0.36,110.0,0.65,70.0,0.64,110.0,0.67,100.0,0.68,150.0,0.02,0.02,2349.79,1776184643000
1776184644.855,144.855,0.33,100.0,0.32,150.0,0.35,70.0,0.36,110.0,0.65,70.0,0.64,110.0,0.67,100.0,0.68,150.0,0.02,0.02,2349.97063,1776184644000
1776184645.949,145.949,0.32,66.65,0.31,184.95,0.33,10.0,0.34,22.82,0.67,10.0,0.66,22.82,0.68,66.65,0.69,184.95,0.01,0.01,2350.10244,1776184645000
1776184646.848,146.848,0.32,151.65,0.31,709.95,0.35,129.72,0.36,120.0,0.67,10.0,0.66,22.82,0.68,66.65,0.69,184.95,0.03,0.01,2350.10244,1776184645000
1776184648.052,148.052,0.32,151.65,0.31,709.95,0.35,129.72,0.36,120.0,0.65,129.72,0.64,120.0,0.68,151.65,0.69,709.95,0.03,0.03,2349.92601,1776184647000
1776184648.397,148.397,0.34,91.86,0.33,660.0,0.35,13.0,0.36,246.0,0.65,129.72,0.64,120.0,0.68,151.65,0.69,709.95,0.01,0.03,2349.92601,1776184647000
1776184649.133,149.133,0.34,91.86,0.33,660.0,0.35,13.0,0.36,246.0,0.65,13.0,0.64,246.0,0.66,91.86,0.67,660.0,0.01,0.01,2349.97323,1776184648000
1776184650.154,150.154,0.34,91.86,0.33,660.0,0.35,13.0,0.36,246.0,0.65,13.0,0.64,246.0,0.66,91.86,0.67,660.0,0.01,0.01,2350.073715,1776184649000
1776184651.258,151.258,0.34,91.86,0.33,660.0,0.35,13.0,0.36,246.0,0.65,13.0,0.64,246.0,0.66,91.86,0.67,660.0,0.01,0.01,2350.1628,1776184650000
1776184652.199,152.199,0.35,587.0,0.34,65.34,0.36,47.66,0.37,285.0,0.65,8.0,0.64,76.0,0.66,680.34,0.67,65.0,0.01,0.01,2350.1628,1776184650000
1776184652.929,152.929,0.35,587.0,0.34,65.34,0.36,47.66,0.37,285.0,0.64,47.66,0.63,285.0,0.65,587.0,0.66,65.34,0.01,0.01,2350.175152,1776184652000
1776184653.721,153.721,0.36,127.0,0.35,700.0,0.37,176.0,0.38,245.0,0.64,47.66,0.63,285.0,0.65,587.0,0.66,65.34,0.01,0.01,2350.175152,1776184652000
1776184654.02,154.02,0.36,127.0,0.35,700.0,0.37,176.0,0.38,245.0,0.63,176.0,0.62,245.0,0.64,127.0,0.65,700.0,0.01,0.01,2350.153825,1776184653000
1776184654.47,154.47,0.33,294.71,0.32,81.65,0.34,10.0,0.35,15.0,0.63,176.0,0.62,245.0,0.64,127.0,0.65,700.0,0.01,0.01,2350.153825,1776184653000
1776184654.674,154.674,0.33,274.71,0.32,81.65,0.34,85.0,0.35,38.0,0.66,85.0,0.65,38.0,0.67,284.71,0.68,81.65,0.01,0.01,2350.153825,1776184653000
1776184655.018,155.018,0.33,739.77,0.32,216.65,0.34,12.0,0.35,29.0,0.66,90.0,0.65,38.0,0.67,268.71,0.68,81.65,0.01,0.01,2350.153825,1776184653000
1776184655.718,155.718,0.33,739.77,0.32,216.65,0.34,12.0,0.35,29.0,0.66,12.0,0.65,29.0,0.67,739.77,0.68,216.65,0.01,0.01,2350.277113,1776184654000
1776184656.859,156.859,0.35,131.05,0.34,190.0,0.36,10.0,0.37,130.0,0.65,11.74,0.64,175.0,0.66,595.0,0.67,349.77,0.01,0.01,2350.277113,1776184654000
1776184657.298,157.298,0.36,3.01,0.35,88.0,0.38,6.0,0.39,205.0,0.64,10.0,0.63,130.0,0.65,131.05,0.66,260.0,0.02,0.01,2350.176737,1776184655000
1776184657.518,157.518,0.36,3.01,0.35,88.0,0.38,6.0,0.39,205.0,0.62,6.0,0.61,205.0,0.64,3.01,0.65,88.0,0.02,0.02,2350.036095,1776184656000
1776184658.165,158.165,0.35,24.51,0.34,5.0,0.38,55.0,0.39,205.0,0.62,6.0,0.61,205.0,0.64,3.01,0.65,88.0,0.03,0.02,2350.036095,1776184656000
1776184658.38,158.38,0.33,249.77,0.32,10.0,0.34,21.67,0.36,66.0,0.64,66.0,0.63,15.0,0.65,15.75,0.66,5.0,0.01,0.01,2350.16615,1776184657000
1776184658.589,158.589,0.33,254.77,0.32,15.0,0.38,106.35,0.39,205.0,0.62,142.73,0.61,205.0,0.67,254.77,0.68,15.0,0.05,0.05,2350.16615,1776184657000
1776184659.173,159.173,0.33,128.77,0.32,41.5,0.34,25.0,0.35,583.11,0.62,106.35,0.61,205.0,0.67,254.77,0.68,15.0,0.01,0.05,2350.16615,1776184657000
1776184659.663,159.663,0.33,128.77,0.32,41.5,0.34,25.0,0.35,583.11,0.66,25.0,0.65,583.11,0.67,128.77,0.68,41.5,0.01,0.01,2350.435507,1776184658000
1776184660.006,160.006,0.36,22.0,0.35,10.0,0.37,596.61,0.39,215.0,0.63,117.02,0.61,215.0,0.64,10.0,0.65,10.0,0.01,0.01,2350.435507,1776184658000
1776184660.236,160.236,0.36,22.0,0.35,10.0,0.37,596.61,0.39,215.0,0.63,596.61,0.61,215.0,0.64,22.0,0.65,10.0,0.01,0.01,2350.159546,1776184659000
1776184660.661,160.661,0.36,47.0,0.35,80.0,0.38,5.0,0.39,195.0,0.63,596.61,0.61,215.0,0.64,22.0,0.65,10.0,0.02,0.01,2350.159546,1776184659000
1776184661.044,161.044,0.37,5.9,0.36,149.0,0.38,470.0,0.39,195.0,0.62,470.0,0.61,195.0,0.64,114.0,0.65,80.0,0.01,0.02,2350.159546,1776184659000
1776184661.776,161.776,0.36,195.32,0.35,80.0,0.38,458.0,0.39,195.0,0.62,458.0,0.61,195.0,0.64,195.32,0.65,80.0,0.02,0.02,2350.01424,1776184660000
1776184662.062,162.062,0.36,122.68,0.35,15.0,0.39,35.0,0.4,267.46,0.61,120.0,0.6,267.46,0.64,123.68,0.65,15.0,0.03,0.03,2350.01424,1776184660000
1776184662.283,162.283,0.36,122.68,0.35,15.0,0.39,35.0,0.4,267.46,0.61,35.0,0.6,267.46,0.64,122.68,0.65,15.0,0.03,0.03,2350.254629,1776184661000
1776184662.534,162.534,0.38,95.0,0.37,150.0,0.4,15.4,0.41,99.9,0.61,35.0,0.6,267.46,0.64,122.68,0.65,15.0,0.02,0.03,2350.254629,1776184661000
1776184663.23,163.23,0.4,8.96,0.39,10.0,0.41,10.0,0.42,180.0,0.6,10.4,0.59,123.9,0.61,8.0,0.62,90.0,0.01,0.01,2350.254629,1776184661000
1776184663.619,163.619,0.4,17.8,0.39,22.0,0.41,37.46,0.42,180.0,0.59,10.0,0.58,180.0,0.6,8.96,0.61,10.0,0.01,0.01,2350.254629,1776184661000
1776184663.867,163.867,0.4,17.8,0.39,17.0,0.41,1.75,0.42,180.0,0.59,1.75,0.58,180.0,0.6,17.8,0.61,17.0,0.01,0.01,2350.99938,1776184662000
1776184664.262,164.262,0.4,51.21,0.39,17.0,0.41,53.75,0.42,208.0,0.59,6.75,0.58,180.0,0.6,35.73,0.61,17.0,0.01,0.01,2350.99938,1776184662000
1776184664.572,164.572,0.4,78.21,0.39,17.0,0.42,180.0,0.43,150.0,0.58,180.0,0.57,150.0,0.6,78.21,0.61,17.0,0.02,0.02,2350.90931,1776184663000
1776184665.235,165.235,0.4,78.21,0.39,17.0,0.42,180.0,0.43,150.0,0.58,180.0,0.57,150.0,0.6,78.21,0.61,17.0,0.02,0.02,2350.792795,1776184664000
1776184665.711,165.711,0.4,1.45,0.38,70.0,0.41,10.0,0.42,200.0,0.58,190.0,0.57,195.0,0.6,14.45,0.61,10.0,0.01,0.02,2350.792795,1776184664000
1776184666.304,166.304,0.38,13.39,0.37,80.0,0.39,25.0,0.41,10.0,0.59,10.0,0.58,200.0,0.62,13.39,0.63,70.0,0.01,0.03,2350.792795,1776184664000
1776184666.651,166.651,0.38,29.39,0.37,130.0,0.39,19.0,0.41,10.0,0.61,19.0,0.59,10.0,0.62,29.39,0.63,130.0,0.01,0.01,2350.81086,1776184665000
1776184667.22,167.22,0.38,22.13,0.37,135.0,0.39,14.0,0.41,10.0,0.61,19.0,0.59,10.0,0.62,29.39,0.63,130.0,0.01,0.01,2350.81086,1776184665000
1776184668.047,168.047,0.38,19.87,0.37,135.0,0.39,14.0,0.41,10.0,0.61,14.0,0.59,10.0,0.62,19.87,0.63,135.0,0.01,0.01,2350.71117,1776184667000
1776184669.37,169.37,0.37,220.0,0.36,75.0,0.38,40.77,0.39,10.0,0.62,50.77,0.61,14.0,0.63,135.0,0.64,60.0,0.01,0.01,2350.71117,1776184667000
1776184669.741,169.741,0.37,145.0,0.36,75.0,0.38,40.77,0.39,10.0,0.62,40.77,0.61,10.0,0.63,220.0,0.64,75.0,0.01,0.01,2350.532939,1776184668000
1776184670.23,170.23,0.37,145.0,0.36,75.0,0.38,40.77,0.39,10.0,0.62,40.77,0.61,10.0,0.63,145.0,0.64,75.0,0.01,0.01,2350.533704,1776184669000
1776184671.339,171.339,0.37,298.0,0.36,115.0,0.39,10.0,0.42,160.0,0.62,40.77,0.61,10.0,0.63,145.0,0.64,75.0,0.02,0.01,2350.533704,1776184669000
1776184671.54,171.54,0.37,298.0,0.36,115.0,0.39,10.0,0.42,160.0,0.61,10.0,0.58,160.0,0.63,298.0,0.64,115.0,0.02,0.02,2350.547859,1776184670000
1776184672.218,172.218,0.41,7.66,0.4,48.0,0.42,115.0,0.43,205.0,0.61,10.0,0.58,160.0,0.63,298.0,0.64,115.0,0.01,0.02,2350.547859,1776184670000
1776184672.808,172.808,0.39,11.28,0.38,96.0,0.42,115.0,0.43,205.0,0.58,115.0,0.57,205.0,0.59,5.32,0.6,48.0,0.03,0.01,2350.52557,1776184671000
1776184673.587,173.587,0.39,41.36,0.38,96.0,0.42,65.0,0.43,225.0,0.58,115.0,0.57,205.0,0.61,11.28,0.62,96.0,0.03,0.03,2350.52557,1776184671000
1776184674.356,174.356,0.39,41.36,0.38,96.0,0.42,65.0,0.43,225.0,0.58,65.0,0.57,225.0,0.61,41.36,0.62,96.0,0.03,0.03,2350.7531,1776184673000
1776184675.945,175.945,0.39,41.36,0.38,96.0,0.42,65.0,0.43,225.0,0.58,65.0,0.57,225.0,0.61,41.36,0.62,96.0,0.03,0.03,2350.774065,1776184674000
1776184676.741,176.741,0.39,41.36,0.38,96.0,0.42,65.0,0.43,225.0,0.58,65.0,0.57,225.0,0.61,41.36,0.62,96.0,0.03,0.03,2350.789295,1776184675000
1776184677.653,177.653,0.39,41.36,0.38,96.0,0.42,65.0,0.43,225.0,0.58,65.0,0.57,225.0,0.61,41.36,0.62,96.0,0.03,0.03,2350.800705,1776184676000
1776184678.131,178.131,0.43,31.0,0.42,108.0,0.45,109.95,0.46,223.47,0.58,65.0,0.57,225.0,0.61,41.36,0.62,96.0,0.02,0.03,2350.800705,1776184676000
1776184678.355,178.355,0.43,56.0,0.42,113.0,0.45,11.03,0.46,123.47,0.55,11.03,0.54,123.47,0.57,56.0,0.58,113.0,0.02,0.02,2350.813815,1776184677000
1776184678.642,178.642,0.44,5.01,0.43,76.0,0.46,123.47,0.47,114.5,0.55,4.76,0.54,123.47,0.57,61.0,0.58,113.0,0.02,0.02,2350.813815,1776184677000
1776184679.367,179.367,0.46,43.52,0.44,10.01,0.47,114.5,0.48,114.4,0.54,61.48,0.53,114.5,0.56,5.01,0.57,71.0,0.01,0.02,2350.813815,1776184677000
1776184679.78,179.78,0.46,43.52,0.44,10.01,0.47,114.5,0.48,114.4,0.53,114.5,0.52,114.4,0.54,43.52,0.56,10.01,0.01,0.01,2351.267801,1776184678000
1776184680.426,180.426,0.49,5.0,0.48,65.0,0.5,68.67,0.51,60.0,0.53,114.5,0.52,114.4,0.54,43.52,0.56,10.01,0.01,0.01,2351.267801,1776184678000
1776184680.809,180.809,0.49,45.0,0.48,30.0,0.5,77.34,0.51,85.0,0.5,72.34,0.49,60.0,0.51,5.0,0.52,35.0,0.01,0.01,2351.31913,1776184679000
1776184681.051,181.051,0.49,5.0,0.48,20.0,0.5,72.34,0.51,85.0,0.5,77.34,0.49,85.0,0.51,45.0,0.52,30.0,0.01,0.01,2351.31913,1776184679000
1776184681.403,181.403,0.49,40.0,0.48,30.0,0.51,85.0,0.52,50.0,0.5,1.28,0.49,85.0,0.51,35.0,0.52,30.0,0.02,0.01,2351.334565,1776184680000
1776184681.608,181.608,0.5,79.5,0.49,15.0,0.51,0.82,0.52,50.0,0.49,75.82,0.48,50.0,0.51,40.0,0.52,20.0,0.01,0.02,2351.334565,1776184680000
1776184681.894,181.894,0.52,15.0,0.51,25.18,0.53,54.28,0.54,150.0,0.48,50.0,0.47,58.06,0.49,5.18,0.5,94.5,0.01,0.01,2351.334565,1776184680000
1776184682.95,182.95,0.52,90.0,0.51,80.18,0.54,150.0,0.58,100.0,0.46,150.0,0.42,100.0,0.48,90.0,0.49,80.18,0.02,0.02,2351.459365,1776184681000
1776184683.652,183.652,0.64,62.0,0.63,10.0,0.65,67.73,0.7,13.0,0.35,67.73,0.34,16.0,0.36,10.0,0.37,10.0,0.01,0.01,2351.459365,1776184681000
1776184683.922,183.922,0.64,72.0,0.63,10.0,0.7,3.99,0.73,30.0,0.3,5.46,0.26,50.0,0.36,67.0,0.37,10.0,0.06,0.06,2351.620786,1776184682000
1776184684.126,184.126,0.68,5.0,0.66,10.0,0.69,65.0,0.7,5.0,0.31,70.0,0.3,5.0,0.36,57.9,0.37,10.0,0.01,0.05,2351.620786,1776184682000
1776184684.579,184.579,0.68,11.0,0.67,5.0,0.69,41.96,0.73,13.0,0.31,65.0,0.3,5.0,0.32,5.0,0.34,10.0,0.01,0.01,2351.620786,1776184682000
1776184684.783,184.783,0.68,11.0,0.67,5.0,0.69,41.96,0.73,13.0,0.31,41.96,0.27,13.0,0.32,6.0,0.33,5.0,0.01,0.01,2351.9316,1776184683000
1776184685.117,185.117,0.68,16.0,0.67,15.0,0.69,62.96,0.73,13.0,0.31,41.96,0.27,13.0,0.32,6.0,0.33,5.0,0.01,0.01,2351.9316,1776184683000
1776184685.35,185.35,0.68,11.0,0.67,15.0,0.69,37.87,0.73,13.0,0.31,40.77,0.27,13.0,0.32,11.0,0.33,15.0,0.01,0.01,2351.9316,1776184683000
1776184685.793,185.793,0.69,131.05,0.68,18.0,0.73,8.0,0.77,50.0,0.31,37.87,0.27,13.0,0.32,11.0,0.33,15.0,0.04,0.01,2352.341669,1776184684000
1776184686.144,186.144,0.72,10.0,0.71,20.0,0.77,2.66,0.78,55.0,0.23,7.73,0.22,50.0,0.31,129.53,0.32,15.0,0.05,0.08,2352.341669,1776184684000
1776184686.489,186.489,0.75,10.0,0.74,10.0,0.77,8.97,0.78,55.0,0.23,2.66,0.22,55.0,0.28,10.0,0.29,20.0,0.02,0.05,2352.663122,1776184685000
1776184686.707,186.707,0.75,2.76,0.74,15.0,0.77,8.97,0.78,55.0,0.23,8.97,0.22,85.0,0.25,6.48,0.26,10.0,0.02,0.02,2352.663122,1776184685000
1776184687.298,187.298,0.76,5.33,0.75,12.76,0.77,3.52,0.78,55.0,0.23,8.97,0.22,55.0,0.24,0.33,0.25,12.76,0.01,0.01,2352.663122,1776184685000
1776184687.578,187.578,0.76,0.83,0.75,12.76,0.78,68.0,0.79,50.0,0.22,55.0,0.21,78.0,0.25,12.76,0.26,15.0,0.02,0.03,2352.848174,1776184686000
1776184687.919,187.919,0.77,9.78,0.76,0.83,0.78,73.0,0.79,50.0,0.22,73.0,0.21,60.0,0.23,15.0,0.24,0.83,0.01,0.01,2352.848174,1776184686000
1776184688.197,188.197,0.76,0.83,0.75,12.76,0.79,5.0,0.8,28.0,0.22,5.0,0.21,5.0,0.23,9.47,0.24,0.83,0.03,0.01,2352.848174,1776184686000
1776184688.415,188.415,0.83,15.0,0.82,10.0,0.85,5.0,0.86,58.0,0.2,17.09,0.16,5.0,0.21,10.0,0.22,10.0,0.02,0.01,2352.93828,1776184687000
1776184688.794,188.794,0.84,4.83,0.83,17.0,0.86,197.3,0.87,155.0,0.14,71.0,0.13,5.0,0.15,2.4,0.16,10.0,0.02,0.01,2352.93828,1776184687000
1776184689.001,189.001,0.8,35.6,0.79,10.0,0.85,110.0,0.86,240.21,0.15,110.0,0.14,190.21,0.2,35.6,0.21,10.0,0.05,0.05,2352.93828,1776184687000
1776184689.236,189.236,0.81,10.0,0.8,10.0,0.83,125.79,0.84,10.0,0.18,0.34,0.17,110.0,0.22,13.66,0.23,20.0,0.02,0.04,2352.93828,1776184687000
1776184689.491,189.491,0.81,10.0,0.8,10.0,0.83,125.79,0.84,10.0,0.17,125.79,0.16,10.0,0.19,10.0,0.2,10.0,0.02,0.02,2352.984195,1776184688000
1776184689.784,189.784,0.78,3.66,0.77,10.0,0.81,42.36,0.82,28.0,0.17,125.79,0.16,10.0,0.19,10.0,0.2,10.0,0.03,0.02,2352.984195,1776184688000
1776184690.353,190.353,0.75,20.0,0.74,35.0,0.79,17.0,0.81,52.36,0.21,17.0,0.19,52.36,0.25,20.0,0.26,35.0,0.04,0.04,2352.98908,1776184689000
1776184690.652,190.652,0.76,1.75,0.75,10.0,0.79,22.0,0.8,10.0,0.21,17.0,0.19,52.36,0.25,20.0,0.26,35.0,0.03,0.04,2352.98908,1776184689000
1776184691.015,191.015,0.78,5.0,0.74,25.0,0.79,57.91,0.8,10.0,0.21,22.0,0.2,10.0,0.24,1.75,0.25,10.0,0.01,0.03,2352.98908,1776184689000
1776184691.223,191.223,0.74,22.0,0.71,10.0,0.77,3.62,0.79,77.91,0.23,14.0,0.21,77.91,0.26,22.0,0.29,10.0,0.03,0.03,2352.98908,1776184689000
1776184691.517,191.517,0.74,5.0,0.71,20.0,0.75,7.4,0.76,14.0,0.24,14.0,0.23,3.62,0.29,20.0,0.3,65.0,0.01,0.05,2352.98908,1776184689000
1776184691.777,191.777,0.73,10.0,0.72,10.0,0.74,16.82,0.75,10.0,0.25,4.06,0.24,14.0,0.26,5.0,0.29,20.0,0.01,0.01,2353.49884,1776184690000
1776184691.978,191.978,0.74,5.0,0.73,7.0,0.76,69.0,0.77,24.62,0.25,10.0,0.24,64.0,0.27,7.0,0.28,10.0,0.02,0.02,2353.49884,1776184690000
1776184692.589,192.589,0.74,5.0,0.73,7.0,0.76,69.0,0.77,24.62,0.24,69.0,0.23,24.62,0.26,5.0,0.27,7.0,0.02,0.02,2353.2575,1776184691000
1776184692.822,192.822,0.75,20.0,0.74,5.0,0.76,50.0,0.81,12.0,0.24,69.0,0.23,24.62,0.26,5.0,0.27,7.0,0.01,0.02,2353.2575,1776184691000
1776184693.177,193.177,0.75,36.0,0.72,10.0,0.76,36.47,0.77,10.0,0.24,36.47,0.21,12.0,0.25,31.0,0.26,5.0,0.01,0.01,2353.2575,1776184691000
1776184693.476,193.476,0.75,5.0,0.72,10.0,0.76,43.47,0.77,10.0,0.24,36.47,0.23,10.0,0.25,36.0,0.28,10.0,0.01,0.01,2353.2575,1776184691000
1776184693.704,193.704,0.72,10.0,0.7,71.0,0.73,16.76,0.74,10.0,0.27,5.0,0.24,32.47,0.28,20.0,0.29,10.0,0.01,0.01,2353.04067,1776184692000
1776184694.021,194.021,0.72,103.98,0.71,10.0,0.73,1.52,0.74,23.0,0.27,23.13,0.26,10.0,0.3,71.0,0.31,124.53,0.01,0.03,2353.04067,1776184692000
1776184694.26,194.26,0.72,103.98,0.71,10.0,0.74,31.01,0.75,20.0,0.26,31.01,0.25,20.0,0.28,103.98,0.29,10.0,0.02,0.02,2353.074881,1776184693000
1776184694.565,194.565,0.72,10.0,0.71,10.0,0.74,85.2,0.75,120.0,0.26,72.01,0.25,25.0,0.27,10.0,0.28,103.98,0.02,0.01,2353.074881,1776184693000
1776184695.975,195.975,0.72,6.42,0.71,64.42,0.73,92.43,0.74,95.2,0.27,40.43,0.26,85.2,0.28,15.0,0.29,10.0,0.01,0.01,2353.074881,1776184693000
1776184696.542,196.542,0.72,6.42,0.71,64.42,0.73,92.43,0.74,95.2,0.27,92.43,0.26,95.2,0.28,6.42,0.29,64.42,0.01,0.01,2353.137608,1776184695000
1776184696.87,196.87,0.72,6.42,0.71,64.42,0.73,72.1,0.74,95.2,0.27,92.43,0.26,95.2,0.28,6.42,0.29,64.42,0.01,0.01,2353.137608,1776184695000
1776184697.158,197.158,0.71,54.42,0.7,55.0,0.73,51.95,0.74,95.2,0.27,55.08,0.26,95.2,0.29,64.42,0.3,55.0,0.02,0.02,2353.137608,1776184695000
1776184697.442,197.442,0.7,5.0,0.69,206.43,0.73,86.79,0.74,95.2,0.27,51.95,0.26,95.2,0.29,54.42,0.3,55.0,0.03,0.02,2352.955036,1776184696000
1776184698.342,198.342,0.69,144.33,0.68,39.41,0.7,42.0,0.71,34.0,0.26,67.92,0.25,145.0,0.31,204.33,0.32,29.41,0.01,0.05,2352.955036,1776184696000
1776184698.656,198.656,0.69,144.33,0.68,39.41,0.7,42.0,0.71,34.0,0.3,42.0,0.29,34.0,0.31,144.33,0.32,39.41,0.01,0.01,2352.937506,1776184697000
1776184699.189,199.189,0.69,144.33,0.68,111.41,0.7,37.16,0.71,34.0,0.3,37.16,0.29,34.0,0.31,144.33,0.32,111.41,0.01,0.01,2352.903758,1776184698000
1776184699.434,199.434,0.69,149.33,0.68,39.41,0.7,22.87,0.71,34.0,0.3,37.16,0.29,34.0,0.31,144.33,0.32,111.41,0.01,0.01,2352.903758,1776184698000
1776184699.886,199.886,0.69,148.66,0.68,143.41,0.7,22.87,0.71,34.0,0.3,22.87,0.29,34.0,0.31,149.33,0.32,39.41,0.01,0.01,2352.903758,1776184698000
1776184700.47,200.47,0.69,148.66,0.68,143.41,0.7,22.87,0.71,34.0,0.3,22.87,0.29,34.0,0.31,148.66,0.32,143.41,0.01,0.01,2352.712705,1776184699000
1776184700.673,200.673,0.68,79.41,0.67,40.0,0.69,10.0,0.7,37.79,0.3,46.79,0.29,75.0,0.32,95.41,0.33,45.0,0.01,0.02,2352.712705,1776184699000
1776184700.981,200.981,0.68,26.35,0.67,126.76,0.69,53.13,0.7,47.79,0.31,18.13,0.3,37.79,0.32,49.75,0.33,40.0,0.01,0.01,2352.712705,1776184699000
1776184701.731,201.731,0.68,0.16,0.67,40.0,0.69,147.13,0.7,97.79,0.31,53.13,0.3,47.79,0.32,20.16,0.33,126.76,0.01,0.01,2352.678326,1776184700000
1776184702.196,202.196,0.66,25.0,0.65,45.0,0.69,152.13,0.7,97.79,0.31,152.13,0.3,97.79,0.34,25.0,0.35,45.0,0.03,0.03,2352.80076,1776184701000
1776184703.099,203.099,0.66,5.0,0.65,20.0,0.67,19.28,0.68,74.0,0.31,152.13,0.3,97.79,0.34,25.0,0.35,45.0,0.01,0.03,2352.80076,1776184701000
1776184703.518,203.518,0.65,20.0,0.64,80.0,0.66,5.0,0.67,14.38,0.34,5.0,0.33,14.38,0.35,20.0,0.36,80.0,0.01,0.01,2352.55296,1776184702000
1776184703.815,203.815,0.63,55.0,0.62,50.0,0.65,147.0,0.66,182.0,0.34,130.0,0.33,39.38,0.36,80.0,0.37,55.0,0.02,0.02,2352.55296,1776184702000
1776184704.033,204.033,0.62,50.0,0.61,105.0,0.63,5.0,0.64,59.0,0.35,147.0,0.34,182.0,0.37,55.0,0.38,50.0,0.01,0.02,2352.384315,1776184703000
1776184704.538,204.538,0.6,115.0,0.59,120.0,0.61,23.0,0.62,88.0,0.37,8.65,0.36,46.0,0.38,20.0,0.39,100.0,0.01,0.01,2352.384315,1776184703000
1776184705.158,205.158,0.6,115.0,0.59,120.0,0.61,23.0,0.62,88.0,0.39,23.0,0.38,88.0,0.4,115.0,0.41,120.0,0.01,0.01,2352.289405,1776184704000
1776184705.367,205.367,0.57,85.0,0.56,109.0,0.6,88.0,0.61,83.0,0.39,23.0,0.38,88.0,0.4,115.0,0.41,120.0,0.03,0.01,2352.289405,1776184704000
1776184706.471,206.471,0.57,85.0,0.56,109.0,0.6,88.0,0.61,83.0,0.4,88.0,0.39,83.0,0.43,85.0,0.44,109.0,0.03,0.03,2352.08105,1776184705000
1776184706.721,206.721,0.58,13.0,0.57,105.0,0.59,102.89,0.6,78.0,0.4,88.0,0.39,83.0,0.43,85.0,0.44,109.0,0.01,0.03,2352.08105,1776184705000
1776184706.987,206.987,0.58,13.0,0.57,105.0,0.59,101.87,0.6,78.0,0.41,101.87,0.4,78.0,0.42,13.0,0.43,105.0,0.01,0.01,2351.961793,1776184706000
1776184707.259,207.259,0.58,10.61,0.57,105.0,0.59,93.48,0.6,88.0,0.41,88.48,0.4,78.0,0.42,13.0,0.43,105.0,0.01,0.01,2351.961793,1776184706000
1776184707.738,207.738,0.58,16.61,0.57,105.0,0.59,73.48,0.6,83.0,0.41,93.48,0.4,88.0,0.42,10.61,0.43,105.0,0.01,0.01,2351.961793,1776184706000
1776184708.161,208.161,0.57,105.0,0.56,35.0,0.59,109.48,0.6,88.0,0.41,109.48,0.4,88.0,0.43,105.0,0.44,35.0,0.02,0.02,2351.970922,1776184707000
1776184709.859,209.859,0.57,31.07,0.56,55.0,0.58,129.0,0.59,73.48,0.41,109.48,0.4,88.0,0.43,105.0,0.44,35.0,0.01,0.02,2351.970922,1776184707000
1776184710.461,210.461,0.55,30.0,0.54,25.0,0.56,123.99,0.57,79.0,0.42,129.0,0.41,73.48,0.44,55.0,0.45,75.0,0.01,0.02,2351.81099,1776184708000
1776184710.717,210.717,0.55,7.55,0.54,25.0,0.56,94.1,0.57,79.0,0.44,91.89,0.43,79.0,0.45,27.55,0.46,25.0,0.01,0.01,2351.81099,1776184708000
1776184711.356,211.356,0.6,20.0,0.59,79.0,0.62,16.0,0.63,30.0,0.44,94.08,0.43,79.0,0.45,7.55,0.46,25.0,0.02,0.01,2351.81099,1776184708000
1776184711.613,211.613,0.61,139.0,0.6,99.0,0.63,25.0,0.64,25.0,0.38,16.0,0.37,30.0,0.4,20.0,0.41,79.0,0.02,0.02,2351.79764,1776184709000
1776184712.001,212.001,0.61,139.0,0.6,99.0,0.63,25.0,0.64,25.0,0.37,25.0,0.36,25.0,0.39,139.0,0.4,99.0,0.02,0.02,2351.754584,1776184711000
1776184712.524,212.524,0.65,75.0,0.64,146.46,0.66,4.41,0.69,50.0,0.37,25.0,0.36,25.0,0.39,139.0,0.4,99.0,0.01,0.02,2351.754584,1776184711000
1776184713.563,213.563,0.73,11.29,0.72,31.0,0.74,23.07,0.75,210.0,0.3,20.0,0.28,10.0,0.35,79.0,0.36,146.46,0.01,0.05,2351.754584,1776184711000
1776184713.983,213.983,0.73,28.29,0.72,21.0,0.74,23.2,0.75,275.0,0.26,33.0,0.25,215.0,0.27,11.29,0.28,81.0,0.01,0.01,2352.115291,1776184712000
1776184714.254,214.254,0.73,28.29,0.72,21.0,0.74,23.2,0.75,275.0,0.26,23.2,0.25,275.0,0.27,28.29,0.28,21.0,0.01,0.01,2352.228785,1776184713000
1776184714.55,214.55,0.73,14.06,0.72,21.0,0.74,20.49,0.75,275.0,0.26,20.49,0.25,285.0,0.27,28.29,0.28,21.0,0.01,0.01,2352.228785,1776184713000
1776184714.93,214.93,0.69,7.0,0.68,6.0,0.74,36.49,0.75,285.0,0.26,20.49,0.25,275.0,0.27,14.06,0.28,21.0,0.05,0.01,2352.228785,1776184713000
1776184715.383,215.383,0.69,1.0,0.67,10.0,0.7,15.0,0.71,27.0,0.26,36.49,0.25,285.0,0.31,7.0,0.32,6.0,0.01,0.05,2352.228785,1776184713000
1776184715.661,215.661,0.67,10.0,0.66,10.0,0.7,15.0,0.71,27.0,0.3,15.0,0.29,27.0,0.33,10.0,0.34,10.0,0.03,0.03,2352.627705,1776184714000
1776184715.934,215.934,0.63,20.0,0.62,60.0,0.65,57.81,0.66,98.0,0.3,15.0,0.29,27.0,0.33,10.0,0.34,10.0,0.02,0.03,2352.627705,1776184714000
1776184716.344,216.344,0.63,20.0,0.62,60.0,0.65,57.81,0.66,98.0,0.35,57.81,0.34,98.0,0.37,20.0,0.38,60.0,0.02,0.02,2352.70967,1776184715000
1776184716.81,216.81,0.69,5.0,0.68,25.0,0.7,8.0,0.71,72.0,0.34,11.0,0.32,6.0,0.36,35.0,0.37,26.0,0.01,0.02,2352.70967,1776184715000
1776184717.166,217.166,0.69,5.0,0.68,15.0,0.71,74.25,0.72,32.0,0.3,8.0,0.29,72.0,0.31,5.0,0.32,25.0,0.02,0.01,2352.602128,1776184716000
1776184717.476,217.476,0.68,9.06,0.67,51.09,0.7,20.0,0.71,75.0,0.29,74.25,0.28,32.0,0.31,5.0,0.32,15.0,0.02,0.02,2352.602128,1776184716000
1776184718.053,218.053,0.69,20.0,0.68,30.06,0.72,40.0,0.73,65.0,0.3,20.0,0.29,75.0,0.32,9.06,0.33,51.09,0.03,0.02,2352.602128,1776184716000
1776184718.425,218.425,0.69,20.0,0.68,30.06,0.72,40.0,0.73,65.0,0.28,40.0,0.27,65.0,0.31,20.0,0.32,30.06,0.03,0.03,2352.430489,1776184717000
1776184718.774,218.774,0.71,11.2,0.7,15.0,0.72,65.0,0.73,65.0,0.28,40.0,0.27,65.0,0.31,20.0,0.32,30.06,0.01,0.03,2352.430489,1776184717000
1776184719.222,219.222,0.71,11.2,0.7,15.0,0.72,65.0,0.73,65.0,0.28,65.0,0.27,65.0,0.29,11.2,0.3,15.0,0.01,0.01,2352.347431,1776184718000
1776184719.556,219.556,0.69,12.09,0.68,65.0,0.72,55.0,0.73,70.0,0.28,65.0,0.27,65.0,0.29,11.2,0.3,15.0,0.03,0.01,2352.347431,1776184718000
1776184720.585,220.585,0.69,12.09,0.68,65.0,0.72,55.0,0.73,70.0,0.28,55.0,0.27,70.0,0.31,12.09,0.32,65.0,0.03,0.03,2352.486127,1776184719000
1776184720.844,220.844,0.7,86.65,0.69,22.09,0.71,10.0,0.72,65.0,0.28,55.0,0.27,70.0,0.31,12.09,0.32,65.0,0.01,0.03,2352.486127,1776184719000
1776184721.237,221.237,0.7,91.65,0.69,22.09,0.71,2.95,0.72,65.0,0.29,2.95,0.28,65.0,0.3,91.65,0.31,22.09,0.01,0.01,2352.496945,1776184720000
1776184721.451,221.451,0.71,26.0,0.7,31.0,0.72,69.98,0.73,70.0,0.29,2.95,0.28,65.0,0.3,91.65,0.31,22.09,0.01,0.01,2352.496945,1776184720000
1776184721.847,221.847,0.71,36.0,0.7,91.0,0.72,24.94,0.73,10.0,0.28,69.98,0.27,70.0,0.29,26.0,0.3,31.0,0.01,0.01,2352.496945,1776184720000
1776184722.07,222.07,0.71,56.0,0.7,41.0,0.72,9.49,0.73,70.0,0.28,19.91,0.27,10.0,0.29,41.0,0.3,91.0,0.01,0.01,2352.496945,1776184720000
1776184722.614,222.614,0.71,30.66,0.7,41.0,0.72,4.49,0.73,70.0,0.28,4.49,0.27,70.0,0.29,30.66,0.3,41.0,0.01,0.01,2352.472885,1776184721000
1776184723.162,223.162,0.71,121.07,0.7,87.0,0.74,37.76,0.75,243.0,0.28,4.49,0.27,70.0,0.29,30.66,0.3,41.0,0.03,0.01,2352.472885,1776184721000
1776184723.603,223.603,0.74,123.0,0.73,83.0,0.75,170.0,0.76,20.0,0.26,37.76,0.25,243.0,0.29,121.07,0.3,87.0,0.01,0.03,2352.473535,1776184722000
1776184723.824,223.824,0.74,119.15,0.73,73.0,0.75,175.0,0.76,25.0,0.25,170.0,0.24,20.0,0.26,123.0,0.27,83.0,0.01,0.01,2352.473535,1776184722000
1776184724.463,224.463,0.74,148.85,0.73,23.0,0.75,178.47,0.76,90.0,0.25,174.3,0.24,25.0,0.26,124.15,0.27,73.0,0.01,0.01,2352.473535,1776184722000
1776184725.255,225.255,0.74,148.85,0.73,23.0,0.75,176.59,0.76,90.0,0.25,176.59,0.24,90.0,0.26,148.85,0.27,23.0,0.01,0.01,2352.52641,1776184724000
1776184726.651,226.651,0.74,148.85,0.73,23.0,0.75,176.59,0.76,90.0,0.25,176.59,0.24,90.0,0.26,148.85,0.27,23.0,0.01,0.01,2352.71863,1776184725000
1776184727.286,227.286,0.71,5.0,0.7,15.0,0.73,13.0,0.75,120.59,0.25,176.59,0.24,90.0,0.26,148.85,0.27,23.0,0.02,0.01,2352.71863,1776184725000
1776184728.484,228.484,0.7,15.0,0.69,5.0,0.71,7.0,0.72,12.0,0.29,7.0,0.28,12.0,0.3,15.0,0.31,5.0,0.01,0.01,2352.65093,1776184727000
1776184728.797,228.797,0.7,1.69,0.69,84.99,0.71,32.0,0.72,32.0,0.29,7.0,0.28,12.0,0.3,15.0,0.31,5.0,0.01,0.01,2352.65093,1776184727000
1776184729.059,229.059,0.7,1.69,0.69,84.99,0.71,20.73,0.72,32.0,0.29,20.73,0.28,32.0,0.3,1.69,0.31,84.99,0.01,0.01,2352.590099,1776184728000
1776184729.415,229.415,0.7,45.5,0.69,5.0,0.71,20.65,0.72,77.0,0.29,20.73,0.28,32.0,0.3,1.69,0.31,84.99,0.01,0.01,2352.590099,1776184728000
1776184730.038,230.038,0.7,1.69,0.69,5.0,0.71,69.24,0.72,82.0,0.29,20.65,0.28,77.0,0.3,45.5,0.31,5.0,0.01,0.01,2352.590099,1776184728000
1776184730.347,230.347,0.7,1.69,0.69,5.0,0.71,69.24,0.72,82.0,0.29,69.24,0.28,82.0,0.3,1.69,0.31,5.0,0.01,0.01,2352.435965,1776184729000
1776184730.982,230.982,0.71,0.42,0.7,98.01,0.72,5.0,0.73,33.0,0.29,69.24,0.28,82.0,0.3,1.69,0.31,5.0,0.01,0.01,2352.435965,1776184729000
1776184731.486,231.486,0.71,0.42,0.7,98.01,0.72,3.61,0.73,33.0,0.28,3.61,0.27,33.0,0.29,0.42,0.3,98.01,0.01,0.01,2352.42793,1776184730000
1776184731.855,231.855,0.73,28.0,0.72,20.0,0.74,3.64,0.75,156.59,0.28,3.61,0.27,33.0,0.29,0.42,0.3,98.01,0.01,0.01,2352.42793,1776184730000
1776184732.212,232.212,0.73,28.0,0.72,20.0,0.74,3.64,0.75,156.59,0.26,3.64,0.25,156.59,0.27,28.0,0.28,20.0,0.01,0.01,2352.403438,1776184731000
1776184732.688,232.688,0.71,5.49,0.7,16.69,0.72,75.0,0.73,70.0,0.26,83.64,0.25,171.59,0.29,88.49,0.3,12.69,0.01,0.03,2352.403438,1776184731000
1776184733.358,233.358,0.71,119.82,0.7,21.69,0.72,24.7,0.73,70.0,0.28,75.0,0.27,70.0,0.3,16.69,0.31,46.0,0.01,0.02,2352.403438,1776184731000
1776184733.801,233.801,0.71,134.82,0.7,21.69,0.74,22.19,0.75,176.59,0.28,24.7,0.27,70.0,0.29,119.82,0.3,21.69,0.03,0.01,2352.459966,1776184732000
1776184734.194,234.194,0.72,20.0,0.71,189.82,0.73,4.47,0.74,15.0,0.26,22.19,0.25,176.59,0.29,134.82,0.3,21.69,0.01,0.03,2352.49474,1776184733000
1776184734.656,234.656,0.72,138.15,0.71,80.0,0.73,4.1,0.74,15.0,0.27,4.47,0.26,15.0,0.28,20.0,0.29,189.82,0.01,0.01,2352.49474,1776184733000
1776184735.072,235.072,0.74,109.0,0.73,75.0,0.75,85.92,0.77,225.0,0.25,98.92,0.23,225.0,0.26,33.0,0.27,75.0,0.01,0.01,2352.49474,1776184733000
1776184735.337,235.337,0.74,119.46,0.73,75.0,0.75,25.25,0.77,225.0,0.25,35.25,0.23,225.0,0.26,144.0,0.27,75.0,0.01,0.01,2352.446713,1776184734000
1776184735.615,235.615,0.74,246.58,0.73,80.0,0.75,12.11,0.77,225.0,0.25,25.25,0.23,225.0,0.26,119.46,0.27,75.0,0.01,0.01,2352.446713,1776184734000
1776184735.857,235.857,0.74,247.34,0.73,80.0,0.75,12.05,0.77,225.0,0.25,12.11,0.23,225.0,0.26,247.34,0.27,80.0,0.01,0.01,2352.446713,1776184734000
1776184736.177,236.177,0.74,238.1,0.73,80.0,0.75,8.91,0.77,225.0,0.25,8.91,0.23,225.0,0.26,238.1,0.27,80.0,0.01,0.01,2352.479945,1776184735000
1776184736.4,236.4,0.74,238.1,0.73,75.0,0.75,3.91,0.77,100.0,0.25,8.91,0.23,225.0,0.26,238.1,0.27,80.0,0.01,0.01,2352.479945,1776184735000
1776184736.716,236.716,0.77,50.0,0.76,80.0,0.78,3.75,0.8,85.0,0.23,100.0,0.22,70.0,0.26,238.1,0.27,75.0,0.01,0.03,2352.479945,1776184735000
1776184736.952,236.952,0.78,5.0,0.77,40.0,0.8,31.25,0.81,185.0,0.2,62.45,0.19,185.0,0.22,5.0,0.23,40.0,0.02,0.02,2352.479945,1776184735000
1776184737.271,237.271,0.78,10.0,0.77,40.0,0.8,23.8,0.81,185.0,0.2,23.8,0.19,185.0,0.22,10.0,0.23,40.0,0.02,0.02,2352.594188,1776184736000
1776184738.325,238.325,0.75,50.0,0.74,174.5,0.78,15.0,0.79,23.0,0.22,15.0,0.21,23.0,0.25,50.0,0.26,174.5,0.03,0.03,2352.774771,1776184737000
1776184738.856,238.856,0.65,120.38,0.64,65.0,0.66,81.07,0.67,40.15,0.3,4.9,0.29,67.24,0.35,120.38,0.36,60.0,0.01,0.05,2352.774771,1776184737000
1776184739.242,239.242,0.65,7.92,0.64,70.0,0.66,26.06,0.67,15.0,0.34,26.06,0.33,15.0,0.35,120.38,0.36,65.0,0.01,0.01,2352.774771,1776184737000
1776184739.443,239.443,0.64,80.0,0.63,40.0,0.66,18.06,0.67,15.0,0.34,18.06,0.33,15.0,0.36,80.0,0.37,40.0,0.02,0.02,2352.562848,1776184738000
1776184739.653,239.653,0.68,7.35,0.66,50.0,0.7,6.1,0.71,12.0,0.3,16.9,0.29,12.0,0.35,15.0,0.36,80.0,0.02,0.05,2352.562848,1776184738000
1776184739.981,239.981,0.69,10.0,0.68,7.35,0.71,1.67,0.72,17.0,0.29,1.67,0.28,17.0,0.31,10.0,0.32,7.35,0.02,0.02,2352.377564,1776184739000
1776184740.597,240.597,0.71,20.0,0.7,25.0,0.72,55.0,0.73,10.0,0.29,1.67,0.28,17.0,0.31,10.0,0.32,7.35,0.01,0.02,2352.377564,1776184739000
1776184740.902,240.902,0.73,16.11,0.72,15.0,0.74,10.0,0.75,15.0,0.28,55.0,0.27,10.0,0.29,20.0,0.3,25.0,0.01,0.01,2352.377564,1776184739000
1776184741.132,241.132,0.73,16.11,0.72,15.0,0.75,12.0,0.76,65.0,0.25,12.0,0.24,65.0,0.27,16.11,0.28,15.0,0.02,0.02,2351.961641,1776184740000
1776184741.492,241.492,0.72,5.0,0.71,20.0,0.74,26.0,0.75,62.0,0.25,12.0,0.24,65.0,0.27,16.11,0.28,15.0,0.02,0.02,2351.961641,1776184740000
1776184742.004,242.004,0.64,80.0,0.63,115.0,0.68,53.02,0.69,72.0,0.26,26.0,0.25,62.0,0.28,5.0,0.29,20.0,0.04,0.02,2351.961641,1776184740000
1776184742.311,242.311,0.65,15.0,0.64,95.0,0.67,10.32,0.68,60.07,0.33,4.82,0.32,60.07,0.36,100.0,0.37,115.0,0.02,0.03,2351.961641,1776184740000
1776184742.731,242.731,0.62,134.21,0.61,60.0,0.65,198.0,0.66,483.75,0.33,15.32,0.32,60.07,0.35,5.28,0.36,95.0,0.03,0.02,2352.218562,1776184741000
1776184742.957,242.957,0.62,136.21,0.61,65.0,0.63,70.0,0.64,84.7,0.36,9.7,0.35,80.0,0.38,134.11,0.39,60.0,0.01,0.02,2352.218562,1776184741000
1776184743.333,243.333,0.61,60.0,0.6,85.0,0.63,80.0,0.64,84.7,0.37,80.0,0.36,84.7,0.39,60.0,0.4,85.0,0.02,0.02,2352.30116,1776184742000
1776184743.57,243.57,0.61,15.0,0.6,100.0,0.64,83.35,0.65,70.0,0.38,10.0,0.37,60.0,0.4,100.0,0.41,110.0,0.03,0.02,2352.30116,1776184742000
1776184743.827,243.827,0.6,100.0,0.59,110.0,0.62,5.0,0.63,15.0,0.36,83.35,0.35,70.0,0.39,15.0,0.4,100.0,0.02,0.03,2352.30116,1776184742000
1776184744.081,244.081,0.61,10.0,0.6,75.0,0.63,13.0,0.64,88.35,0.38,5.0,0.37,15.0,0.4,100.0,0.41,110.0,0.02,0.02,2352.30116,1776184742000
1776184744.406,244.406,0.61,10.0,0.6,75.0,0.63,13.0,0.64,88.35,0.37,13.0,0.36,88.35,0.39,10.0,0.4,75.0,0.02,0.02,2352.000865,1776184743000
1776184744.906,244.906,0.61,10.0,0.6,75.0,0.63,13.0,0.64,88.35,0.37,13.0,0.36,88.35,0.39,10.0,0.4,75.0,0.02,0.02,2351.93217,1776184744000
1776184745.639,245.639,0.58,100.0,0.57,500.0,0.59,9.0,0.6,29.0,0.37,13.0,0.36,88.35,0.39,10.0,0.4,75.0,0.01,0.02,2351.93217,1776184744000
1776184745.89,245.89,0.58,110.0,0.57,495.0,0.59,6.4,0.6,29.0,0.41,9.0,0.4,29.0,0.42,100.0,0.43,500.0,0.01,0.01,2351.93217,1776184744000
1776184746.242,246.242,0.58,30.0,0.57,555.0,0.59,1.23,0.6,19.0,0.41,6.4,0.4,29.0,0.42,110.0,0.43,495.0,0.01,0.01,2351.717064,1776184745000
1776184746.531,246.531,0.58,30.95,0.57,495.0,0.59,1.23,0.6,19.0,0.41,1.23,0.4,19.0,0.42,30.0,0.43,555.0,0.01,0.01,2351.717064,1776184745000
1776184746.741,246.741,0.58,12.95,0.57,495.0,0.59,1.23,0.6,5.0,0.41,1.23,0.4,19.0,0.42,30.95,0.43,495.0,0.01,0.01,2351.717064,1776184745000
1776184746.986,246.986,0.57,490.93,0.56,75.0,0.59,16.23,0.6,5.0,0.41,16.23,0.4,5.0,0.43,490.93,0.44,75.0,0.02,0.02,2351.672151,1776184746000
1776184747.249,247.249,0.58,15.59,0.57,550.93,0.59,1.23,0.6,5.0,0.41,16.23,0.4,5.0,0.43,490.93,0.44,75.0,0.01,0.02,2351.672151,1776184746000
1776184747.586,247.586,0.58,10.47,0.57,480.93,0.59,16.23,0.6,15.0,0.41,1.23,0.4,5.0,0.42,13.01,0.43,550.93,0.01,0.01,2351.672151,1776184746000
1776184748.096,248.096,0.58,5.47,0.57,480.93,0.59,14.53,0.6,15.0,0.41,14.53,0.4,15.0,0.42,5.47,0.43,480.93,0.01,0.01,2351.667144,1776184747000
1776184748.832,248.832,0.58,15.0,0.57,490.93,0.59,25.53,0.6,10.0,0.41,14.53,0.4,15.0,0.42,5.47,0.43,480.93,0.01,0.01,2351.667144,1776184747000
1776184749.094,249.094,0.58,15.0,0.57,490.93,0.59,25.53,0.6,10.0,0.41,25.53,0.4,10.0,0.42,15.0,0.43,490.93,0.01,0.01,2351.659086,1776184748000
1776184749.826,249.826,0.57,470.93,0.56,10.0,0.59,77.54,0.6,10.0,0.41,25.53,0.4,10.0,0.42,15.0,0.43,490.93,0.02,0.01,2351.659086,1776184748000
1776184750.027,250.027,0.57,287.42,0.56,10.0,0.58,310.75,0.59,73.54,0.42,310.75,0.41,73.54,0.43,287.42,0.44,10.0,0.01,0.01,2351.659086,1776184748000
1776184750.23,250.23,0.51,2.93,0.5,15.0,0.58,360.75,0.59,71.0,0.42,360.75,0.41,71.0,0.49,50.18,0.5,15.0,0.07,0.07,2351.644497,1776184749000
1776184750.473,250.473,0.44,75.0,0.42,110.0,0.5,5.0,0.54,10.86,0.42,413.75,0.41,56.0,0.56,75.0,0.58,110.0,0.06,0.14,2351.644497,1776184749000
1776184750.781,250.781,0.46,55.0,0.45,5.0,0.47,408.71,0.48,94.0,0.53,7.34,0.5,260.31,0.54,50.0,0.56,80.0,0.01,0.01,2351.644497,1776184749000
1776184751.148,251.148,0.44,80.0,0.42,65.0,0.47,402.53,0.48,94.0,0.53,402.53,0.52,94.0,0.56,80.0,0.58,65.0,0.03,0.03,2351.648097,1776184750000
1776184751.792,251.792,0.41,70.0,0.4,60.0,0.45,33.17,0.46,349.99,0.55,48.17,0.54,41.24,0.56,35.0,0.58,65.0,0.04,0.01,2351.648097,1776184750000
1776184752.018,252.018,0.41,75.0,0.4,60.0,0.42,1.19,0.43,20.0,0.55,33.17,0.54,349.99,0.59,70.0,0.6,60.0,0.01,0.04,2351.648097,1776184750000
1776184752.503,252.503,0.41,36.38,0.4,70.0,0.43,25.25,0.44,15.0,0.57,14.25,0.56,10.0,0.59,80.0,0.6,70.0,0.02,0.02,2351.325733,1776184751000
1776184753.201,253.201,0.41,45.19,0.4,70.0,0.42,10.0,0.43,25.25,0.58,10.0,0.57,25.25,0.59,45.19,0.6,70.0,0.01,0.01,2350.990546,1776184752000
1776184753.741,253.741,0.39,212.36,0.38,95.0,0.4,25.0,0.42,413.99,0.58,11.62,0.57,30.25,0.59,15.0,0.6,60.0,0.01,0.01,2350.990546,1776184752000
1776184753.974,253.974,0.37,0.28,0.36,7.0,0.38,10.0,0.39,15.93,0.61,5.93,0.6,10.0,0.63,15.0,0.64,35.0,0.01,0.02,2350.990546,1776184752000
1776184754.225,254.225,0.34,75.0,0.33,137.03,0.38,10.0,0.39,29.0,0.62,10.0,0.61,29.0,0.66,75.0,0.67,137.03,0.04,0.04,2351.029345,1776184753000
1776184754.439,254.439,0.35,15.66,0.34,3.54,0.36,10.0,0.37,34.0,0.64,280.99,0.63,24.0,0.66,3.54,0.67,99.89,0.01,0.02,2351.029345,1776184753000
1776184754.672,254.672,0.35,17.96,0.34,3.54,0.37,10.0,0.38,307.99,0.64,25.0,0.63,10.0,0.65,12.96,0.66,3.54,0.02,0.01,2351.029345,1776184753000
1776184755.343,255.343,0.33,81.13,0.32,106.5,0.36,15.0,0.37,19.24,0.64,15.0,0.63,19.24,0.67,81.13,0.68,106.5,0.03,0.03,2350.987445,1776184754000
1776184755.543,255.543,0.33,133.14,0.32,156.5,0.34,5.0,0.35,10.0,0.66,5.0,0.65,10.0,0.67,133.14,0.68,156.5,0.01,0.01,2350.987445,1776184754000
1776184755.819,255.819,0.33,63.14,0.32,96.5,0.34,13.97,0.35,10.0,0.66,5.0,0.65,10.0,0.67,133.14,0.68,156.5,0.01,0.01,2350.987445,1776184754000
1776184756.057,256.057,0.33,60.15,0.32,96.5,0.34,18.97,0.35,10.0,0.66,13.97,0.65,10.0,0.67,63.14,0.68,96.5,0.01,0.01,2350.987445,1776184754000
1776184756.52,256.52,0.33,52.54,0.32,96.5,0.34,18.97,0.35,10.0,0.66,18.97,0.65,10.0,0.67,60.15,0.68,96.5,0.01,0.01,2350.987445,1776184754000
1776184756.839,256.839,0.33,52.54,0.32,96.5,0.34,18.97,0.35,10.0,0.66,18.97,0.65,10.0,0.67,52.54,0.68,96.5,0.01,0.01,2350.61734,1776184755000
1776184757.235,257.235,0.33,57.54,0.32,101.5,0.34,0.17,0.35,10.0,0.66,18.97,0.65,10.0,0.67,52.54,0.68,96.5,0.01,0.01,2350.61734,1776184755000
1776184757.583,257.583,0.33,31.54,0.32,96.5,0.34,55.17,0.35,60.0,0.66,0.17,0.65,10.0,0.67,57.54,0.68,101.5,0.01,0.01,2350.65187,1776184756000
1776184758.083,258.083,0.3,25.0,0.29,210.0,0.31,5.46,0.34,396.16,0.66,55.17,0.65,60.0,0.67,31.54,0.68,96.5,0.01,0.01,2350.65187,1776184756000
1776184758.317,258.317,0.3,25.0,0.29,210.0,0.31,5.46,0.34,396.16,0.69,5.46,0.66,396.16,0.7,25.0,0.71,210.0,0.01,0.01,2350.573355,1776184757000
1776184758.743,258.743,0.29,150.0,0.28,165.0,0.3,279.65,0.31,52.7,0.69,5.46,0.66,396.16,0.7,25.0,0.71,210.0,0.01,0.01,2350.573355,1776184757000
1776184759.261,259.261,0.29,150.0,0.28,165.0,0.3,279.65,0.31,52.7,0.7,279.65,0.69,52.7,0.71,150.0,0.72,165.0,0.01,0.01,2350.56852,1776184758000
1776184759.546,259.546,0.29,120.0,0.28,115.0,0.3,352.65,0.31,52.7,0.7,279.65,0.69,52.7,0.71,150.0,0.72,165.0,0.01,0.01,2350.56852,1776184758000
1776184759.892,259.892,0.29,175.0,0.28,180.0,0.3,316.99,0.31,42.24,0.7,348.21,0.69,52.7,0.71,120.0,0.72,120.0,0.01,0.01,2350.56852,1776184758000
1776184760.137,260.137,0.29,175.0,0.28,195.0,0.3,259.35,0.31,42.24,0.7,262.99,0.69,42.24,0.71,175.0,0.72,195.0,0.01,0.01,2350.56852,1776184758000
1776184760.468,260.468,0.29,70.0,0.28,205.0,0.3,233.68,0.31,42.24,0.7,259.35,0.69,42.24,0.71,175.0,0.72,195.0,0.01,0.01,2350.48687,1776184759000
1776184760.742,260.742,0.29,56.03,0.28,195.0,0.3,238.68,0.31,47.24,0.7,233.68,0.69,42.24,0.71,60.83,0.72,205.0,0.01,0.01,2350.48687,1776184759000
1776184761.105,261.105,0.29,15.0,0.28,195.0,0.3,232.67,0.31,47.24,0.7,227.84,0.69,47.24,0.71,51.03,0.72,195.0,0.01,0.01,2350.48687,1776184759000
1776184761.315,261.315,0.29,17.18,0.28,195.0,0.3,232.67,0.31,47.24,0.7,232.67,0.69,47.24,0.71,15.0,0.72,195.0,0.01,0.01,2350.48159,1776184760000
1776184761.781,261.781,0.29,1.31,0.28,195.0,0.3,247.83,0.31,47.24,0.7,247.83,0.69,47.24,0.71,12.95,0.72,135.0,0.01,0.01,2350.48159,1776184760000
1776184762.232,262.232,0.29,1.31,0.28,195.0,0.3,244.49,0.31,47.24,0.7,244.49,0.69,47.24,0.71,1.31,0.72,195.0,0.01,0.01,2350.508435,1776184761000
1776184763.124,263.124,0.29,1.31,0.28,195.0,0.3,244.49,0.31,47.24,0.7,244.49,0.69,47.24,0.71,1.31,0.72,195.0,0.01,0.01,2350.53994,1776184762000
1776184764.09,264.09,0.29,1.31,0.28,195.0,0.3,244.49,0.31,47.24,0.7,244.49,0.69,47.24,0.71,1.31,0.72,195.0,0.01,0.01,2350.52638,1776184763000
1776184764.759,264.759,0.27,245.0,0.26,145.0,0.28,10.69,0.3,638.33,0.7,244.49,0.69,47.24,0.71,1.31,0.72,195.0,0.01,0.01,2350.52638,1776184763000
1776184765.115,265.115,0.27,245.0,0.26,145.0,0.28,10.69,0.3,638.33,0.72,10.69,0.7,638.33,0.73,245.0,0.74,145.0,0.01,0.01,2350.506455,1776184764000
1776184765.75,265.75,0.25,334.2,0.24,95.0,0.26,7.99,0.27,33.0,0.73,474.83,0.72,117.69,0.74,140.0,0.75,419.2,0.01,0.01,2350.506455,1776184764000
1776184766.077,266.077,0.25,260.0,0.24,95.0,0.27,23.0,0.28,37.0,0.73,23.0,0.72,37.0,0.75,260.0,0.76,95.0,0.02,0.02,2350.506565,1776184765000
1776184766.282,266.282,0.26,18.87,0.25,220.0,0.27,48.24,0.28,42.0,0.73,23.0,0.72,37.0,0.75,260.0,0.76,95.0,0.01,0.02,2350.506565,1776184765000
1776184766.942,266.942,0.26,11.84,0.25,220.0,0.27,48.24,0.28,42.0,0.73,48.24,0.72,42.0,0.74,11.84,0.75,220.0,0.01,0.01,2350.40082,1776184766000
1776184767.46,267.46,0.25,50.0,0.24,35.0,0.27,202.24,0.28,100.24,0.73,48.24,0.72,42.0,0.74,11.84,0.75,220.0,0.02,0.01,2350.40082,1776184766000
1776184767.945,267.945,0.25,50.0,0.24,35.0,0.27,202.24,0.28,100.24,0.73,202.24,0.72,100.24,0.75,50.0,0.76,35.0,0.02,0.02,2350.426605,1776184767000
1776184768.159,268.159,0.21,235.0,0.2,170.0,0.23,15.0,0.24,15.0,0.73,202.24,0.72,100.24,0.75,50.0,0.76,35.0,0.02,0.02,2350.426605,1776184767000
1776184769.51,269.51,0.19,60.31,0.18,230.0,0.2,1.24,0.21,45.0,0.78,82.69,0.77,44.0,0.79,175.0,0.8,110.0,0.01,0.01,2350.426605,1776184767000
1776184770.079,270.079,0.19,60.31,0.18,230.0,0.2,1.24,0.21,45.0,0.8,1.24,0.79,45.0,0.81,60.31,0.82,230.0,0.01,0.01,2350.30929,1776184769000
1776184771.37,271.37,0.19,60.31,0.18,230.0,0.2,1.24,0.21,45.0,0.8,1.24,0.79,45.0,0.81,60.31,0.82,230.0,0.01,0.01,2350.23758,1776184770000
1776184771.777,271.777,0.16,345.0,0.15,755.97,0.18,273.24,0.19,74.0,0.8,1.24,0.79,45.0,0.81,60.31,0.82,230.0,0.02,0.01,2350.23758,1776184770000
1776184772.23,272.23,0.16,240.0,0.15,755.97,0.17,222.74,0.18,61.0,0.82,273.24,0.81,74.0,0.84,345.0,0.85,755.97,0.01,0.02,2350.24527,1776184771000
1776184772.625,272.625,0.16,35.0,0.15,755.97,0.17,233.03,0.18,71.0,0.83,222.74,0.82,61.0,0.84,240.0,0.85,755.97,0.01,0.01,2350.24527,1776184771000
1776184772.848,272.848,0.15,753.24,0.14,270.0,0.17,233.03,0.18,71.0,0.83,238.03,0.82,71.0,0.84,8.31,0.85,755.97,0.02,0.01,2350.24527,1776184771000
1776184773.172,273.172,0.15,750.06,0.14,270.0,0.16,463.24,0.17,40.79,0.84,18.0,0.83,228.03,0.85,763.79,0.86,270.0,0.01,0.01,2350.24527,1776184771000
1776184774.038,274.038,0.15,524.59,0.14,270.0,0.16,353.24,0.17,40.79,0.84,353.24,0.83,40.79,0.85,524.59,0.86,270.0,0.01,0.01,2350.069911,1776184773000
1776184774.733,274.733,0.15,531.32,0.14,270.0,0.16,86.8,0.17,27.0,0.84,86.8,0.83,40.79,0.85,531.32,0.86,270.0,0.01,0.01,2350.069911,1776184773000
1776184775.097,275.097,0.15,507.55,0.14,270.0,0.16,69.8,0.17,27.0,0.84,86.8,0.83,27.0,0.85,507.55,0.86,270.0,0.01,0.01,2350.069911,1776184773000
1776184775.307,275.307,0.15,504.19,0.14,270.0,0.16,69.8,0.17,27.0,0.84,69.8,0.83,27.0,0.85,507.55,0.86,270.0,0.01,0.01,2350.02039,1776184774000
1776184775.609,275.609,0.15,470.67,0.14,270.0,0.16,303.85,0.17,27.0,0.84,69.8,0.83,27.0,0.85,504.19,0.86,270.0,0.01,0.01,2350.02039,1776184774000
1776184776.024,276.024,0.15,467.81,0.14,270.0,0.16,298.85,0.17,37.0,0.84,402.17,0.83,27.0,0.85,468.99,0.86,270.0,0.01,0.01,2350.02039,1776184774000
1776184776.28,276.28,0.19,25.0,0.18,10.0,0.2,30.0,0.22,17.99,0.8,30.0,0.77,40.0,0.81,11.0,0.85,497.75,0.01,0.01,2350.02911,1776184775000
1776184776.529,276.529,0.19,88.92,0.18,230.0,0.22,10.0,0.25,25.0,0.8,30.0,0.78,17.99,0.81,25.0,0.82,10.0,0.03,0.01,2350.02911,1776184775000
1776184777.076,277.076,0.26,10.0,0.25,10.0,0.27,18.3,0.28,15.0,0.78,10.0,0.75,25.0,0.81,88.92,0.82,230.0,0.01,0.03,2350.02911,1776184775000
1776184777.427,277.427,0.26,117.63,0.25,80.0,0.27,8.3,0.28,10.0,0.73,18.3,0.72,15.0,0.74,10.0,0.75,10.0,0.01,0.01,2350.076735,1776184776000
1776184777.875,277.875,0.31,62.1,0.3,10.0,0.32,30.14,0.33,10.0,0.68,30.14,0.67,10.0,0.69,62.1,0.7,10.0,0.01,0.01,2350.21055,1776184777000
1776184778.076,278.076,0.31,24.24,0.3,15.0,0.32,10.0,0.33,15.0,0.68,10.0,0.67,15.0,0.69,25.69,0.7,15.0,0.01,0.01,2350.21055,1776184777000
1776184778.398,278.398,0.3,21.64,0.29,19.0,0.33,8.33,0.34,10.0,0.68,10.0,0.67,15.0,0.7,1.64,0.71,19.0,0.03,0.02,2350.21055,1776184777000
1776184778.765,278.765,0.29,9.0,0.28,1.41,0.32,2.81,0.33,8.33,0.68,10.0,0.67,8.33,0.7,3.0,0.71,29.0,0.03,0.02,2350.21055,1776184777000
1776184779.043,279.043,0.29,19.21,0.28,1.41,0.31,15.0,0.32,2.81,0.69,15.0,0.68,2.81,0.71,19.21,0.72,1.41,0.02,0.02,2350.582735,1776184778000
1776184779.824,279.824,0.32,7.35,0.31,15.0,0.34,10.0,0.35,40.0,0.69,4.67,0.68,2.81,0.71,15.0,0.72,16.41,0.02,0.02,2350.582735,1776184778000
1776184780.08,280.08,0.32,8.05,0.31,15.0,0.34,10.0,0.35,40.0,0.66,10.0,0.65,40.0,0.68,8.05,0.69,15.0,0.02,0.02,2350.829817,1776184779000
1776184780.838,280.838,0.43,22.0,0.37,47.0,0.46,15.0,0.47,60.0,0.66,10.0,0.65,40.0,0.68,8.05,0.69,15.0,0.03,0.02,2350.829817,1776184779000
1776184781.154,281.154,0.37,54.0,0.36,60.0,0.38,2.65,0.39,10.0,0.62,2.65,0.61,10.0,0.63,54.0,0.64,60.0,0.01,0.01,2350.78443,1776184780000
1776184781.562,281.562,0.3,1.68,0.29,35.0,0.33,113.06,0.34,11.0,0.67,17.06,0.66,10.0,0.69,50.0,0.71,25.0,0.03,0.02,2350.78443,1776184780000
1776184782.252,282.252,0.3,20.0,0.29,15.0,0.31,1.16,0.32,10.0,0.67,15.75,0.66,21.0,0.68,10.0,0.69,10.0,0.01,0.01,2350.78443,1776184780000
1776184782.6,282.6,0.3,15.07,0.29,15.0,0.31,1.16,0.32,10.0,0.69,1.16,0.68,10.0,0.7,10.07,0.71,15.0,0.01,0.01,2350.935262,1776184781000
1776184782.941,282.941,0.3,17.45,0.29,20.0,0.31,16.16,0.32,10.0,0.69,1.16,0.68,10.0,0.7,15.07,0.71,15.0,0.01,0.01,2350.935262,1776184781000
1776184783.301,283.301,0.3,20.0,0.29,15.0,0.31,0.03,0.32,10.0,0.69,16.16,0.68,10.0,0.7,17.45,0.71,20.0,0.01,0.01,2350.935262,1776184781000
1776184783.724,283.724,0.3,15.0,0.29,5.0,0.32,10.0,0.33,25.75,0.69,0.03,0.68,10.0,0.7,20.0,0.71,15.0,0.02,0.01,2351.112704,1776184782000
1776184784.238,284.238,0.21,93.68,0.19,90.0,0.22,16.41,0.23,10.0,0.68,10.0,0.67,25.75,0.7,15.0,0.71,5.0,0.01,0.02,2351.112704,1776184782000
1776184784.585,284.585,0.21,49.65,0.2,5.05,0.22,16.0,0.23,10.0,0.78,16.41,0.77,10.0,0.79,93.58,0.81,90.0,0.01,0.01,2351.112704,1776184782000
1776184784.801,284.801,0.21,13.75,0.2,29.05,0.23,10.0,0.24,10.0,0.78,8.72,0.77,10.0,0.79,44.65,0.8,5.05,0.02,0.01,2351.112704,1776184782000
1776184785.413,285.413,0.22,20.0,0.21,15.0,0.23,4.79,0.24,10.0,0.76,10.0,0.75,16.0,0.79,18.75,0.8,24.0,0.01,0.03,2350.959365,1776184783000
1776184785.931,285.931,0.23,25.0,0.22,15.0,0.25,9.85,0.26,10.0,0.76,6.0,0.75,10.0,0.77,10.0,0.78,30.0,0.02,0.01,2351.006815,1776184784000
1776184786.489,286.489,0.21,6.68,0.2,45.05,0.22,10.0,0.23,10.0,0.75,9.85,0.74,10.0,0.77,25.0,0.78,15.0,0.01,0.02,2350.898195,1776184785000
1776184786.722,286.722,0.21,11.68,0.2,40.05,0.26,79.16,0.27,10.0,0.78,10.0,0.77,10.0,0.79,6.68,0.8,45.05,0.05,0.01,2350.898195,1776184785000
1776184787.176,287.176,0.21,0.65,0.2,35.0,0.22,15.0,0.23,10.0,0.78,15.0,0.77,10.0,0.79,0.65,0.8,35.0,0.01,0.01,2350.79708,1776184786000
1776184787.753,287.753,0.22,0.06,0.21,25.0,0.23,20.0,0.24,10.0,0.78,15.0,0.77,10.0,0.79,0.65,0.8,35.0,0.01,0.01,2350.79708,1776184786000
1776184788.077,288.077,0.21,10.12,0.2,30.05,0.22,15.0,0.23,15.0,0.77,20.0,0.76,10.0,0.78,0.06,0.79,25.0,0.01,0.01,2350.79708,1776184786000
1776184788.396,288.396,0.21,10.12,0.2,30.05,0.22,15.0,0.23,15.0,0.78,15.0,0.77,15.0,0.79,10.12,0.8,30.05,0.01,0.01,2350.81095,1776184787000
1776184788.917,288.917,0.17,5.42,0.16,10.0,0.18,89.0,0.19,10.0,0.78,15.0,0.77,15.0,0.79,10.12,0.8,30.05,0.01,0.01,2350.81095,1776184787000
1776184789.246,289.246,0.17,0.84,0.16,10.0,0.18,89.0,0.19,10.0,0.82,89.0,0.81,10.0,0.83,5.42,0.84,10.0,0.01,0.01,2350.81724,1776184788000
1776184790.153,290.153,0.16,3.68,0.15,489.02,0.18,84.0,0.19,10.0,0.82,84.0,0.81,10.0,0.84,3.68,0.85,489.02,0.02,0.02,2350.793315,1776184789000
1776184790.363,290.363,0.17,1.36,0.16,3.68,0.18,99.0,0.19,45.0,0.82,84.0,0.81,10.0,0.84,3.68,0.85,489.02,0.01,0.02,2350.793315,1776184789000
1776184790.828,290.828,0.15,483.49,0.14,280.0,0.18,115.0,0.19,45.0,0.82,99.0,0.81,45.0,0.83,1.36,0.84,3.68,0.03,0.01,2350.793315,1776184789000
1776184791.081,291.081,0.15,215.49,0.14,17.21,0.16,10.0,0.17,10.0,0.82,115.0,0.81,45.0,0.85,483.49,0.86,280.0,0.01,0.03,2350.793315,1776184789000
1776184791.331,291.331,0.15,214.32,0.14,17.21,0.16,3.75,0.17,35.3,0.84,3.75,0.83,10.0,0.85,215.49,0.86,17.21,0.01,0.01,2350.78039,1776184790000
1776184791.581,291.581,0.15,206.2,0.14,17.21,0.16,3.75,0.17,56.3,0.84,3.75,0.83,35.3,0.85,213.12,0.86,17.21,0.01,0.01,2350.78039,1776184790000
1776184792.153,292.153,0.16,16.31,0.15,206.2,0.18,69.87,0.19,37.0,0.83,46.3,0.82,105.0,0.85,211.2,0.86,17.21,0.02,0.02,2350.78039,1776184790000
1776184792.381,292.381,0.17,0.96,0.16,16.31,0.18,87.87,0.19,37.0,0.82,69.87,0.81,37.0,0.84,16.31,0.85,206.2,0.01,0.02,2350.74843,1776184791000
1776184793.009,293.009,0.16,4.39,0.15,206.2,0.18,112.87,0.19,37.0,0.82,87.87,0.81,37.0,0.83,7.78,0.84,16.31,0.02,0.01,2350.74843,1776184791000
1776184793.383,293.383,0.15,204.71,0.14,10.0,0.18,112.87,0.19,37.0,0.82,112.87,0.81,37.0,0.85,204.71,0.86,10.0,0.03,0.03,2350.744295,1776184792000
1776184793.628,293.628,0.15,192.98,0.14,7.21,0.16,112.7,0.17,49.0,0.82,112.87,0.81,37.0,0.85,204.71,0.86,10.0,0.01,0.03,2350.744295,1776184792000
1776184794.071,294.071,0.15,133.66,0.14,7.21,0.16,185.7,0.17,49.0,0.84,117.7,0.83,49.0,0.85,135.03,0.89,140.0,0.01,0.01,2350.744295,1776184792000
1776184794.29,294.29,0.15,60.57,0.11,140.0,0.16,235.7,0.17,49.0,0.84,235.7,0.83,49.0,0.85,130.57,0.89,140.0,0.01,0.01,2350.749005,1776184793000
1776184794.524,294.524,0.15,57.54,0.11,140.0,0.16,532.29,0.17,29.0,0.84,383.7,0.83,64.0,0.85,57.54,0.89,140.0,0.01,0.01,2350.749005,1776184793000
1776184795.027,295.027,0.11,140.0,0.1,285.0,0.16,523.7,0.17,18.0,0.84,523.7,0.83,18.0,0.89,140.0,0.9,285.0,0.05,0.05,2350.784805,1776184794000
1776184795.71,295.71,0.08,112.62,0.07,300.0,0.09,672.99,0.1,154.75,0.84,523.7,0.83,18.0,0.89,140.0,0.9,285.0,0.01,0.05,2350.784805,1776184794000
1776184796.045,296.045,0.07,214.42,0.06,255.8,0.08,595.49,0.09,62.0,0.91,672.99,0.9,154.75,0.92,112.62,0.93,300.0,0.01,0.01,2350.784805,1776184794000
1776184796.709,296.709,0.06,122.58,0.05,395.0,0.07,654.99,0.08,30.0,0.92,595.49,0.91,62.0,0.93,214.42,0.94,255.8,0.01,0.01,2350.74088,1776184795000
1776184796.986,296.986,0.05,84.93,0.04,235.0,0.06,718.99,0.07,20.0,0.93,654.99,0.92,30.0,0.94,7.58,0.95,395.0,0.01,0.01,2350.74088,1776184795000
1776184797.239,297.239,0.04,185.0,0.03,185.47,0.06,723.99,0.07,20.0,0.94,723.99,0.93,20.0,0.96,185.0,0.97,185.47,0.02,0.02,2350.36177,1776184796000
1776184797.452,297.452,0.04,160.91,0.03,185.47,0.05,588.99,0.06,116.0,0.95,603.99,0.94,116.0,0.96,191.91,0.97,185.47,0.01,0.01,2350.36177,1776184796000
1776184797.656,297.656,0.01,1119.59,,,0.03,110.18,0.04,10.0,0.97,110.18,0.96,10.0,0.99,1131.59,,,0.02,0.02,2350.36177,1776184796000
1776184797.921,297.921,0.01,719.57,,,0.03,522.99,0.04,180.94,0.97,537.99,0.96,180.94,0.99,975.59,,,0.02,0.02,2350.36177,1776184796000
1776184798.143,298.143,0.01,621.37,,,0.02,419.05,0.03,122.0,0.98,410.99,0.97,132.0,0.99,626.37,,,0.01,0.01,2350.36177,1776184796000
1776184798.373,298.373,0.01,572.06,,,0.02,419.05,0.03,122.0,0.98,419.05,0.97,122.0,0.99,573.93,,,0.01,0.01,2350.36177,1776184796000
1776184798.609,298.609,0.01,238.82,,,0.02,429.05,0.03,127.0,0.98,424.05,0.97,127.0,0.99,239.84,,,0.01,0.01,2350.234282,1776184797000
1776184799.01,299.01,,,,,0.01,8700.21,0.02,320.53,0.99,5080.15,0.98,429.05,,,,,,,2350.234282,1776184797000
1776184799.633,299.633,,,,,0.01,8698.48,0.02,320.53,0.99,8698.48,0.98,320.53,,,,,,,2350.244542,1776184798000
1776184799.899,299.899,,,,,0.01,39165.05,0.02,160.06,0.99,15588.39,0.98,160.06,,,,,,,2350.244542,1776184798000
1776184800.18,300.18,,,,,0.01,39643.89,0.02,160.06,0.99,39643.89,0.98,160.06,,,,,,,2350.249386,1776184799000

# RESULT,winner=Up,slug=eth-updown-5m-1776184500,ticks=633
