timestamp,elapsed_sec,up_bid_p1,up_bid_s1,up_bid_p2,up_bid_s2,up_ask_p1,up_ask_s1,up_ask_p2,up_ask_s2,down_bid_p1,down_bid_s1,down_bid_p2,down_bid_s2,down_ask_p1,down_ask_s1,down_ask_p2,down_ask_s2,up_spread,down_spread,eth_price,eth_oracle_ts
1776205501.459,1.459,0.54,5.0,0.53,10.0,0.55,5.0,0.56,18.31,0.45,49.0,0.44,18.31,0.46,5.0,0.47,10.0,0.01,0.01,2319.845234,1776205500000
1776205501.838,1.838,0.54,5.0,0.53,10.0,0.55,5.0,0.56,18.31,0.45,74.0,0.44,18.31,0.46,5.0,0.47,10.0,0.01,0.01,2319.845234,1776205500000
1776205502.056,2.056,0.52,3.62,0.5,45.0,0.55,5.0,0.56,5.31,0.45,98.0,0.44,18.31,0.5,45.0,0.54,5.79,0.03,0.05,2319.845234,1776205500000
1776205502.452,2.452,0.46,5.79,0.39,70.0,0.49,89.17,0.5,70.0,0.51,86.38,0.5,70.0,0.54,5.79,0.58,10.0,0.03,0.03,2319.839144,1776205501000
1776205502.859,2.859,0.46,5.79,0.4,10.0,0.47,5.74,0.49,84.17,0.51,89.17,0.5,70.0,0.54,5.79,0.61,70.0,0.01,0.03,2319.839144,1776205501000
1776205503.256,3.256,0.46,13.75,0.4,10.0,0.49,84.17,0.5,95.0,0.51,84.17,0.5,95.0,0.54,13.75,0.6,10.0,0.03,0.03,2319.840266,1776205502000
1776205503.54,3.54,0.46,16.71,0.43,10.0,0.47,12.78,0.48,10.0,0.53,5.0,0.52,10.0,0.54,11.71,0.56,13.0,0.01,0.01,2319.840266,1776205502000
1776205503.74,3.74,0.48,7.21,0.46,11.71,0.49,117.17,0.5,115.0,0.53,15.0,0.52,52.0,0.54,11.71,0.55,5.0,0.01,0.01,2319.840266,1776205502000
1776205504.024,4.024,0.48,15.01,0.46,5.0,0.49,119.17,0.5,120.0,0.51,117.17,0.5,115.0,0.52,7.21,0.54,11.71,0.01,0.01,2319.840266,1776205502000
1776205504.321,4.321,0.38,82.73,0.37,85.0,0.49,124.17,0.5,120.0,0.51,124.17,0.5,120.0,0.62,82.73,0.63,85.0,0.11,0.11,2319.692685,1776205503000
1776205505.009,5.009,0.42,44.0,0.41,22.0,0.43,35.69,0.44,15.0,0.51,124.17,0.5,120.0,0.62,82.73,0.63,85.0,0.01,0.11,2319.692685,1776205503000
1776205505.31,5.31,0.42,43.0,0.41,27.0,0.43,40.69,0.44,15.0,0.57,35.69,0.56,15.0,0.58,44.0,0.59,22.0,0.01,0.01,2319.692685,1776205503000
1776205505.945,5.945,0.42,43.0,0.41,27.0,0.43,40.69,0.44,15.0,0.57,40.69,0.56,15.0,0.58,43.0,0.59,27.0,0.01,0.01,2319.557095,1776205505000
1776205506.366,6.366,0.42,38.0,0.41,32.0,0.43,40.0,0.44,15.0,0.57,40.69,0.56,15.0,0.58,43.0,0.59,27.0,0.01,0.01,2319.557095,1776205505000
1776205506.813,6.813,0.42,33.0,0.41,27.0,0.43,40.0,0.44,20.0,0.57,40.0,0.56,15.0,0.58,38.0,0.59,32.0,0.01,0.01,2319.557095,1776205505000
1776205507.082,7.082,0.42,69.0,0.41,47.0,0.43,20.81,0.46,5.0,0.57,40.0,0.56,20.0,0.58,33.0,0.59,27.0,0.01,0.01,2319.557095,1776205505000
1776205507.888,7.888,0.45,9.72,0.44,20.0,0.46,5.0,0.47,20.0,0.54,5.0,0.53,20.0,0.55,9.72,0.56,20.0,0.01,0.01,2319.492744,1776205506000
1776205508.301,8.301,0.45,20.72,0.44,36.0,0.47,30.0,0.48,25.0,0.54,5.0,0.53,20.0,0.55,9.72,0.56,20.0,0.02,0.01,2319.492744,1776205506000
1776205508.517,8.517,0.45,35.72,0.44,36.0,0.46,2.82,0.47,25.0,0.53,30.0,0.52,25.0,0.55,20.72,0.56,36.0,0.01,0.02,2319.492274,1776205507000
1776205508.98,8.98,0.45,35.72,0.44,36.0,0.46,0.42,0.47,35.0,0.54,0.42,0.53,35.0,0.55,35.72,0.56,36.0,0.01,0.01,2319.494797,1776205508000
1776205509.903,9.903,0.45,25.72,0.44,26.0,0.46,15.0,0.47,15.0,0.54,0.42,0.53,35.0,0.55,35.72,0.56,36.0,0.01,0.01,2319.494797,1776205508000
1776205510.29,10.29,0.45,25.72,0.44,26.0,0.47,6.38,0.48,10.0,0.53,6.38,0.52,10.0,0.55,25.72,0.56,26.0,0.02,0.02,2319.577916,1776205509000
1776205511.073,11.073,0.45,25.72,0.44,26.0,0.47,6.38,0.48,10.0,0.53,6.38,0.52,10.0,0.55,25.72,0.56,26.0,0.02,0.02,2319.606272,1776205510000
1776205512.21,12.21,0.45,62.0,0.44,39.0,0.46,10.0,0.47,11.38,0.54,10.0,0.53,11.38,0.55,62.0,0.56,39.0,0.01,0.01,2319.621165,1776205511000
1776205513.256,13.256,0.45,62.5,0.44,39.0,0.46,10.0,0.47,11.38,0.54,10.0,0.53,11.38,0.55,62.5,0.56,39.0,0.01,0.01,2319.629007,1776205512000
1776205513.94,13.94,0.46,32.5,0.45,52.5,0.47,11.38,0.48,20.5,0.54,10.0,0.53,11.38,0.55,62.5,0.56,39.0,0.01,0.01,2319.629007,1776205512000
1776205514.636,14.636,0.46,32.5,0.45,52.5,0.47,11.38,0.48,20.5,0.53,11.38,0.52,20.5,0.54,32.5,0.55,52.5,0.01,0.01,2319.602948,1776205513000
1776205515.09,15.09,0.46,42.5,0.45,57.5,0.48,11.33,0.49,189.67,0.53,11.38,0.52,20.5,0.54,32.5,0.55,52.5,0.02,0.01,2319.602948,1776205513000
1776205515.434,15.434,0.46,42.5,0.45,57.5,0.48,11.33,0.49,189.67,0.52,11.33,0.51,189.67,0.54,42.5,0.55,57.5,0.02,0.02,2319.610608,1776205514000
1776205515.709,15.709,0.44,42.5,0.43,62.0,0.47,75.5,0.48,42.33,0.52,11.33,0.51,189.67,0.54,42.5,0.55,57.5,0.03,0.02,2319.610608,1776205514000
1776205516.0,16.0,0.44,42.5,0.43,62.0,0.47,75.5,0.48,42.33,0.53,75.5,0.52,42.33,0.56,42.5,0.57,62.0,0.03,0.03,2319.617818,1776205515000
1776205516.783,16.783,0.44,13.52,0.43,67.5,0.45,35.46,0.46,30.5,0.55,40.46,0.54,25.5,0.56,13.52,0.57,70.5,0.01,0.01,2319.617818,1776205515000
1776205517.079,17.079,0.44,13.52,0.43,67.5,0.45,35.46,0.46,30.5,0.55,35.46,0.54,30.5,0.56,13.52,0.57,67.5,0.01,0.01,2319.61,1776205516000
1776205517.436,17.436,0.44,1.52,0.43,32.0,0.45,70.96,0.46,50.5,0.55,35.46,0.54,30.5,0.56,13.52,0.57,67.5,0.01,0.01,2319.61,1776205516000
1776205517.731,17.731,0.43,10.92,0.42,22.5,0.44,70.5,0.45,75.96,0.55,75.96,0.54,40.5,0.57,17.0,0.58,22.5,0.01,0.02,2319.61,1776205516000
1776205518.475,18.475,0.43,5.92,0.41,32.5,0.44,70.5,0.45,71.96,0.56,70.5,0.55,75.96,0.57,10.92,0.58,22.5,0.01,0.01,2319.61,1776205516000
1776205518.703,18.703,0.41,45.63,0.4,44.0,0.42,5.0,0.43,45.5,0.56,70.5,0.55,71.96,0.59,32.5,0.6,44.0,0.01,0.03,2319.561988,1776205517000
1776205519.089,19.089,0.41,45.63,0.4,44.0,0.42,5.0,0.43,45.5,0.58,5.0,0.57,45.5,0.59,45.63,0.6,44.0,0.01,0.01,2319.539344,1776205518000
1776205519.488,19.488,0.41,57.63,0.4,45.0,0.42,4.28,0.43,45.5,0.58,5.0,0.57,45.5,0.59,45.63,0.6,44.0,0.01,0.01,2319.539344,1776205518000
1776205519.694,19.694,0.41,47.54,0.4,45.0,0.43,35.0,0.44,70.5,0.58,4.28,0.57,45.5,0.59,57.63,0.6,45.0,0.02,0.01,2319.539344,1776205518000
1776205520.283,20.283,0.41,47.54,0.4,45.0,0.43,35.0,0.44,70.5,0.57,35.0,0.56,70.5,0.59,47.54,0.6,45.0,0.02,0.02,2319.457917,1776205519000
1776205520.56,20.56,0.42,25.5,0.41,119.29,0.43,19.53,0.44,50.5,0.57,35.0,0.56,70.5,0.59,47.54,0.6,45.0,0.01,0.02,2319.457917,1776205519000
1776205520.907,20.907,0.42,28.77,0.41,119.29,0.43,24.53,0.44,45.5,0.57,19.53,0.56,50.5,0.58,25.5,0.59,119.29,0.01,0.01,2319.457917,1776205519000
1776205521.418,21.418,0.42,21.77,0.41,119.29,0.43,24.53,0.44,45.5,0.57,24.53,0.56,45.5,0.58,21.77,0.59,119.29,0.01,0.01,2319.406584,1776205520000
1776205521.911,21.911,0.42,16.06,0.41,50.54,0.43,24.53,0.44,40.5,0.57,24.53,0.56,40.5,0.58,16.06,0.59,50.54,0.01,0.01,2319.396927,1776205521000
1776205523.978,23.978,0.42,16.06,0.41,50.54,0.43,24.53,0.44,40.5,0.57,24.53,0.56,40.5,0.58,16.06,0.59,50.54,0.01,0.01,2319.397102,1776205522000
1776205524.419,24.419,0.41,40.04,0.4,43.5,0.43,75.03,0.44,40.5,0.57,24.53,0.56,40.5,0.58,16.06,0.59,50.54,0.02,0.01,2319.397102,1776205522000
1776205524.942,24.942,0.41,20.04,0.4,38.5,0.42,15.0,0.43,25.5,0.57,75.03,0.56,40.5,0.59,40.04,0.6,43.5,0.01,0.02,2319.397102,1776205522000
1776205525.167,25.167,0.41,15.04,0.4,38.5,0.42,15.0,0.43,25.5,0.58,15.0,0.57,25.5,0.59,15.04,0.6,38.5,0.01,0.01,2319.381794,1776205524000
1776205525.384,25.384,0.41,23.34,0.4,38.5,0.42,15.0,0.43,25.5,0.58,15.0,0.57,25.5,0.59,15.04,0.6,38.5,0.01,0.01,2319.381794,1776205524000
1776205525.598,25.598,0.41,26.64,0.4,48.5,0.42,20.0,0.43,25.5,0.58,20.0,0.57,25.5,0.59,16.64,0.6,48.5,0.01,0.01,2319.381794,1776205524000
1776205526.176,26.176,0.41,26.64,0.4,48.5,0.42,20.0,0.43,25.5,0.58,20.0,0.57,25.5,0.59,26.64,0.6,48.5,0.01,0.01,2319.380527,1776205525000
1776205526.531,26.531,0.41,29.64,0.4,38.0,0.42,25.5,0.43,25.5,0.58,20.0,0.57,25.5,0.59,26.64,0.6,48.5,0.01,0.01,2319.380527,1776205525000
1776205527.158,27.158,0.41,29.64,0.4,38.0,0.42,25.5,0.43,25.5,0.58,25.5,0.57,25.5,0.59,29.64,0.6,38.0,0.01,0.01,2319.337791,1776205526000
1776205527.696,27.696,0.41,23.0,0.4,38.5,0.42,20.0,0.43,25.5,0.58,25.5,0.57,25.5,0.59,29.64,0.6,38.0,0.01,0.01,2319.337791,1776205526000
1776205528.244,28.244,0.41,18.0,0.4,38.5,0.42,9.76,0.43,25.5,0.58,9.76,0.57,25.5,0.59,18.0,0.6,38.5,0.01,0.01,2319.317949,1776205527000
1776205528.894,28.894,0.41,13.0,0.4,28.0,0.42,20.26,0.43,25.5,0.58,9.76,0.57,25.5,0.59,18.0,0.6,38.5,0.01,0.01,2319.317949,1776205527000
1776205529.288,29.288,0.41,13.0,0.4,28.0,0.42,20.26,0.43,25.5,0.58,20.26,0.57,25.5,0.59,13.0,0.6,28.0,0.01,0.01,2319.317952,1776205528000
1776205530.287,30.287,0.41,13.0,0.4,28.0,0.42,20.26,0.43,25.5,0.58,20.26,0.57,25.5,0.59,13.0,0.6,28.0,0.01,0.01,2319.40807,1776205529000
1776205530.861,30.861,0.39,40.0,0.37,10.0,0.42,182.26,0.43,81.5,0.58,20.26,0.57,30.5,0.59,13.0,0.6,28.0,0.03,0.01,2319.40807,1776205529000
1776205531.266,31.266,0.34,5.0,0.33,15.0,0.4,55.0,0.41,105.0,0.6,55.0,0.59,105.0,0.66,5.0,0.67,15.0,0.06,0.06,2319.310908,1776205530000
1776205531.537,31.537,0.3,65.0,0.29,30.0,0.31,25.0,0.32,101.0,0.6,55.0,0.59,105.0,0.66,5.0,0.67,15.0,0.01,0.06,2319.310908,1776205530000
1776205531.896,31.896,0.3,69.42,0.29,43.0,0.31,58.09,0.32,25.0,0.69,25.0,0.68,96.0,0.7,53.42,0.71,30.0,0.01,0.01,2319.310908,1776205530000
1776205532.306,32.306,0.3,67.84,0.29,43.0,0.31,63.09,0.32,35.0,0.69,63.09,0.68,35.0,0.7,67.84,0.71,43.0,0.01,0.01,2319.389997,1776205531000
1776205532.901,32.901,0.3,28.19,0.29,43.0,0.31,103.09,0.32,40.0,0.69,103.09,0.68,35.0,0.7,26.76,0.71,43.0,0.01,0.01,2319.389997,1776205531000
1776205533.225,33.225,0.3,94.92,0.29,59.0,0.31,98.09,0.32,40.0,0.69,103.09,0.68,40.0,0.7,28.19,0.71,43.0,0.01,0.01,2319.389997,1776205531000
1776205533.606,33.606,0.3,89.92,0.29,43.0,0.31,98.09,0.32,40.0,0.69,98.09,0.68,40.0,0.7,94.92,0.71,59.0,0.01,0.01,2318.93407,1776205532000
1776205534.078,34.078,0.3,85.42,0.29,65.0,0.31,98.09,0.32,40.0,0.69,98.09,0.68,40.0,0.7,95.42,0.71,62.0,0.01,0.01,2318.93407,1776205532000
1776205534.281,34.281,0.3,85.42,0.29,65.0,0.31,98.09,0.32,40.0,0.69,98.09,0.68,40.0,0.7,85.42,0.71,65.0,0.01,0.01,2318.59939,1776205533000
1776205534.906,34.906,0.3,89.57,0.29,48.0,0.31,54.09,0.32,40.0,0.69,59.09,0.68,40.0,0.7,91.66,0.71,43.0,0.01,0.01,2318.59939,1776205533000
1776205535.246,35.246,0.3,88.86,0.29,85.0,0.31,54.09,0.32,40.0,0.69,54.09,0.68,40.0,0.7,88.86,0.71,85.0,0.01,0.01,2318.444791,1776205534000
1776205535.533,35.533,0.3,88.86,0.29,38.0,0.31,16.99,0.32,50.0,0.69,16.99,0.68,40.0,0.7,93.86,0.71,48.0,0.01,0.01,2318.444791,1776205534000
1776205535.941,35.941,0.3,87.26,0.29,44.0,0.31,6.99,0.32,50.0,0.69,11.99,0.68,50.0,0.7,83.86,0.71,38.0,0.01,0.01,2318.444791,1776205534000
1776205536.22,36.22,0.3,77.26,0.29,44.0,0.32,42.73,0.33,36.5,0.68,42.73,0.67,36.5,0.7,77.26,0.71,44.0,0.02,0.02,2318.445336,1776205535000
1776205536.918,36.918,0.31,32.0,0.3,15.0,0.32,79.13,0.33,36.5,0.68,57.57,0.67,31.5,0.69,17.0,0.7,77.26,0.01,0.01,2318.445336,1776205535000
1776205537.234,37.234,0.31,27.0,0.3,15.0,0.32,63.96,0.33,36.5,0.68,63.96,0.67,36.5,0.69,27.0,0.7,15.0,0.01,0.01,2318.446728,1776205536000
1776205537.468,37.468,0.31,42.0,0.3,15.0,0.32,43.85,0.33,36.5,0.68,47.1,0.67,36.5,0.69,32.0,0.7,15.0,0.01,0.01,2318.446728,1776205536000
1776205537.78,37.78,0.31,35.0,0.3,15.0,0.32,53.78,0.33,36.5,0.68,32.22,0.67,36.5,0.69,42.0,0.7,15.0,0.01,0.01,2318.446728,1776205536000
1776205538.108,38.108,0.31,30.0,0.3,15.0,0.32,55.65,0.33,41.5,0.68,49.09,0.67,36.5,0.69,35.0,0.7,15.0,0.01,0.01,2318.446728,1776205536000
1776205538.34,38.34,0.31,20.0,0.3,15.0,0.32,60.65,0.33,46.5,0.68,55.65,0.67,41.5,0.69,30.0,0.7,15.0,0.01,0.01,2318.446728,1776205536000
1776205538.711,38.711,0.31,15.0,0.3,15.0,0.32,55.65,0.33,46.5,0.68,60.65,0.67,46.5,0.69,20.0,0.7,15.0,0.01,0.01,2318.589413,1776205537000
1776205539.494,39.494,0.31,5.0,0.3,15.0,0.32,65.65,0.33,46.5,0.68,55.65,0.67,46.5,0.69,15.0,0.7,15.0,0.01,0.01,2318.589947,1776205538000
1776205539.89,39.89,0.31,5.0,0.3,15.0,0.32,65.65,0.33,46.5,0.68,65.65,0.67,46.5,0.69,5.0,0.7,15.0,0.01,0.01,2318.531589,1776205539000
1776205540.533,40.533,0.3,17.17,0.29,83.5,0.32,77.52,0.33,46.5,0.68,75.65,0.67,46.5,0.7,17.17,0.71,73.5,0.02,0.02,2318.531589,1776205539000
1776205540.822,40.822,0.3,17.17,0.29,83.5,0.32,77.52,0.33,46.5,0.68,77.52,0.67,46.5,0.7,17.17,0.71,83.5,0.02,0.02,2318.496184,1776205540000
1776205541.159,41.159,0.29,83.1,0.28,52.0,0.31,11.77,0.32,60.5,0.68,100.5,0.67,56.5,0.71,63.1,0.72,35.0,0.02,0.03,2318.496184,1776205540000
1776205542.355,42.355,0.29,83.1,0.28,52.0,0.31,11.77,0.32,60.5,0.69,11.77,0.68,60.5,0.71,83.1,0.72,52.0,0.02,0.02,2318.463947,1776205541000
1776205542.606,42.606,0.29,49.1,0.28,62.5,0.31,51.77,0.32,20.0,0.69,11.77,0.68,60.5,0.71,83.1,0.72,52.0,0.02,0.02,2318.463947,1776205541000
1776205542.913,42.913,0.3,4.85,0.29,49.1,0.31,45.0,0.32,30.5,0.69,51.77,0.68,20.0,0.71,49.1,0.72,62.5,0.01,0.02,2318.463947,1776205541000
1776205543.202,43.202,0.3,4.85,0.29,49.1,0.31,24.09,0.32,30.5,0.69,24.09,0.68,30.5,0.7,4.85,0.71,49.1,0.01,0.01,2318.45715,1776205542000
1776205543.758,43.758,0.33,9.15,0.32,21.0,0.34,10.0,0.35,10.0,0.69,24.09,0.68,30.5,0.7,4.85,0.71,49.1,0.01,0.01,2318.45715,1776205542000
1776205544.266,44.266,0.33,1.0,0.31,40.97,0.35,10.0,0.37,17.0,0.65,10.0,0.63,17.0,0.67,1.0,0.69,40.97,0.02,0.02,2318.582681,1776205543000
1776205545.125,45.125,0.36,36.0,0.35,25.5,0.37,10.0,0.38,10.0,0.65,10.0,0.63,17.0,0.67,1.0,0.69,40.97,0.01,0.02,2318.582681,1776205543000
1776205545.331,45.331,0.36,36.0,0.35,25.5,0.37,10.0,0.38,10.0,0.63,10.0,0.62,10.0,0.64,36.0,0.65,25.5,0.01,0.01,2318.814173,1776205544000
1776205546.271,46.271,0.36,36.0,0.35,25.5,0.37,10.0,0.38,10.0,0.63,10.0,0.62,10.0,0.64,36.0,0.65,25.5,0.01,0.01,2318.907193,1776205545000
1776205546.954,46.954,0.37,1.0,0.36,88.5,0.38,15.0,0.39,35.5,0.62,15.0,0.61,35.0,0.63,21.0,0.64,78.5,0.01,0.01,2318.907193,1776205545000
1776205547.266,47.266,0.37,23.9,0.36,81.5,0.38,15.0,0.39,35.5,0.62,15.0,0.61,35.5,0.63,1.0,0.64,88.5,0.01,0.01,2318.907193,1776205545000
1776205548.32,48.32,0.37,36.0,0.36,72.5,0.38,15.0,0.39,25.0,0.62,15.0,0.61,35.5,0.63,23.9,0.64,81.5,0.01,0.01,2318.969064,1776205546000
1776205548.823,48.823,0.37,36.0,0.36,72.5,0.38,15.0,0.39,25.0,0.62,15.0,0.61,25.0,0.63,36.0,0.64,72.5,0.01,0.01,2319.02501,1776205548000
1776205549.058,49.058,0.36,9.0,0.35,35.0,0.37,75.5,0.38,25.5,0.62,15.0,0.61,25.0,0.63,36.0,0.64,72.5,0.01,0.01,2319.02501,1776205548000
1776205549.981,49.981,0.35,33.0,0.34,45.0,0.37,75.5,0.38,25.5,0.63,75.5,0.62,25.5,0.65,33.0,0.66,45.0,0.02,0.02,2319.031931,1776205549000
1776205550.964,50.964,0.35,46.46,0.34,51.0,0.36,25.0,0.37,35.5,0.63,75.5,0.62,25.5,0.65,33.0,0.66,45.0,0.01,0.02,2319.031931,1776205549000
1776205551.467,51.467,0.35,36.46,0.34,51.0,0.36,25.0,0.37,35.5,0.64,25.0,0.63,35.5,0.65,36.46,0.66,51.0,0.01,0.01,2319.011955,1776205550000
1776205551.95,51.95,0.35,29.29,0.34,61.0,0.36,30.0,0.37,35.5,0.64,25.0,0.63,35.5,0.65,36.46,0.66,51.0,0.01,0.01,2319.011955,1776205550000
1776205553.013,53.013,0.35,12.84,0.34,61.0,0.36,15.0,0.37,35.5,0.64,15.0,0.63,35.5,0.65,12.84,0.66,61.0,0.01,0.01,2318.9315,1776205552000
1776205553.774,53.774,0.35,27.84,0.34,71.0,0.36,9.44,0.37,30.5,0.64,15.0,0.63,30.5,0.65,27.84,0.66,71.0,0.01,0.01,2318.9315,1776205552000
1776205553.98,53.98,0.35,27.84,0.34,71.0,0.36,9.44,0.37,30.5,0.64,9.44,0.63,30.5,0.65,27.84,0.66,71.0,0.01,0.01,2318.941858,1776205553000
1776205554.699,54.699,0.35,22.84,0.34,86.0,0.36,14.44,0.37,30.5,0.64,9.44,0.63,30.5,0.65,27.84,0.66,71.0,0.01,0.01,2318.941858,1776205553000
1776205554.958,54.958,0.35,22.84,0.34,86.0,0.36,14.44,0.37,30.5,0.64,14.44,0.63,30.5,0.65,22.84,0.66,86.0,0.01,0.01,2318.946809,1776205554000
1776205555.593,55.593,0.39,20.0,0.38,153.0,0.4,10.4,0.41,25.5,0.64,14.44,0.63,30.5,0.65,22.84,0.66,86.0,0.01,0.01,2318.946809,1776205554000
1776205555.942,55.942,0.39,31.0,0.38,153.0,0.41,25.5,0.42,35.0,0.59,25.5,0.58,35.0,0.61,31.0,0.62,153.0,0.02,0.02,2318.946825,1776205555000
1776205556.872,56.872,0.39,31.0,0.38,153.0,0.41,25.5,0.42,35.0,0.59,25.5,0.58,35.0,0.61,31.0,0.62,153.0,0.02,0.02,2318.982823,1776205556000
1776205558.104,58.104,0.39,41.0,0.38,146.5,0.4,5.0,0.41,30.5,0.6,5.0,0.59,30.5,0.61,41.0,0.62,146.5,0.01,0.01,2319.158822,1776205557000
1776205558.509,58.509,0.39,5.0,0.38,146.0,0.4,25.5,0.41,30.5,0.6,5.0,0.59,30.5,0.61,41.0,0.62,146.5,0.01,0.01,2319.158822,1776205557000
1776205558.917,58.917,0.39,5.0,0.38,146.0,0.4,25.5,0.41,30.5,0.6,25.5,0.59,30.5,0.61,5.0,0.62,146.0,0.01,0.01,2319.228364,1776205558000
1776205559.93,59.93,0.39,5.0,0.38,146.0,0.4,25.5,0.41,30.5,0.6,25.5,0.59,30.5,0.61,5.0,0.62,146.0,0.01,0.01,2319.263871,1776205559000
1776205560.317,60.317,0.38,146.3,0.37,149.9,0.4,15.0,0.41,30.5,0.6,25.5,0.59,30.5,0.61,5.0,0.62,146.0,0.02,0.01,2319.263871,1776205559000
1776205560.926,60.926,0.38,146.3,0.37,149.9,0.4,15.0,0.41,30.5,0.6,15.0,0.59,30.5,0.62,146.3,0.63,149.9,0.02,0.02,2319.263818,1776205560000
1776205561.894,61.894,0.39,4.83,0.38,140.5,0.4,25.0,0.41,30.5,0.6,15.0,0.59,30.5,0.62,146.3,0.63,149.9,0.01,0.02,2319.263818,1776205560000
1776205563.048,63.048,0.39,4.83,0.38,140.5,0.4,25.0,0.41,30.5,0.6,25.0,0.59,30.5,0.61,4.83,0.62,140.5,0.01,0.01,2319.263744,1776205562000
1776205564.759,64.759,0.39,4.83,0.38,140.5,0.4,25.0,0.41,30.5,0.6,25.0,0.59,30.5,0.61,4.83,0.62,140.5,0.01,0.01,2319.268744,1776205563000
1776205565.147,65.147,0.39,4.83,0.38,140.5,0.4,25.0,0.41,30.5,0.6,25.0,0.59,30.5,0.61,4.83,0.62,140.5,0.01,0.01,2319.271948,1776205564000
1776205565.941,65.941,0.39,4.83,0.38,95.0,0.4,33.0,0.41,30.5,0.6,25.0,0.59,30.5,0.61,4.83,0.62,140.5,0.01,0.01,2319.271948,1776205564000
1776205566.181,66.181,0.38,114.0,0.37,119.66,0.39,24.46,0.4,28.0,0.61,24.46,0.6,28.0,0.62,114.0,0.63,119.66,0.01,0.01,2319.252585,1776205565000
1776205566.485,66.485,0.38,109.0,0.37,119.66,0.39,21.89,0.4,28.0,0.61,24.46,0.6,28.0,0.62,114.0,0.63,119.66,0.01,0.01,2319.252585,1776205565000
1776205567.096,67.096,0.38,109.0,0.37,119.66,0.39,21.89,0.4,28.0,0.61,21.89,0.6,28.0,0.62,109.0,0.63,119.66,0.01,0.01,2319.252711,1776205566000
1776205567.419,67.419,0.38,75.0,0.37,109.16,0.39,39.96,0.4,28.0,0.61,21.89,0.6,28.0,0.62,109.0,0.63,119.66,0.01,0.01,2319.252711,1776205566000
1776205568.072,68.072,0.38,75.0,0.37,109.16,0.39,39.96,0.4,28.0,0.61,39.96,0.6,28.0,0.62,75.0,0.63,109.16,0.01,0.01,2319.252688,1776205567000
1776205568.273,68.273,0.34,70.0,0.33,16.0,0.38,120.5,0.39,61.96,0.61,44.96,0.6,28.0,0.63,20.16,0.64,5.0,0.04,0.02,2319.252688,1776205567000
1776205568.727,68.727,0.34,40.0,0.33,20.5,0.35,68.85,0.36,41.5,0.62,120.5,0.61,61.96,0.66,70.0,0.67,16.0,0.01,0.04,2319.252688,1776205567000
1776205569.256,69.256,0.34,40.0,0.33,20.5,0.35,68.85,0.36,41.5,0.65,68.85,0.64,41.5,0.66,40.0,0.67,20.5,0.01,0.01,2319.234668,1776205568000
1776205569.846,69.846,0.34,37.93,0.33,5.0,0.35,94.35,0.36,46.5,0.65,68.85,0.64,41.5,0.66,40.0,0.67,20.5,0.01,0.01,2319.234668,1776205568000
1776205570.287,70.287,0.34,37.93,0.33,5.0,0.35,94.35,0.36,46.5,0.65,94.35,0.64,46.5,0.66,37.93,0.67,5.0,0.01,0.01,2319.146936,1776205569000
1776205570.579,70.579,0.34,17.0,0.32,35.0,0.35,116.35,0.36,148.9,0.65,94.35,0.64,46.5,0.66,37.93,0.67,5.0,0.01,0.01,2319.146936,1776205569000
1776205570.801,70.801,0.34,6.0,0.32,35.0,0.35,106.35,0.36,154.5,0.65,106.35,0.64,154.5,0.66,6.0,0.68,35.0,0.01,0.01,2319.127359,1776205570000
1776205571.181,71.181,0.34,0.51,0.32,25.0,0.35,89.35,0.36,109.5,0.65,109.35,0.64,109.5,0.66,0.51,0.68,30.0,0.01,0.01,2319.127359,1776205570000
1776205571.83,71.83,0.32,30.0,0.31,118.47,0.33,80.39,0.34,35.5,0.65,89.35,0.64,109.5,0.66,0.51,0.68,25.0,0.01,0.01,2319.127359,1776205570000
1776205572.359,72.359,0.32,30.0,0.31,118.47,0.33,80.39,0.34,35.5,0.67,80.39,0.66,35.5,0.68,30.0,0.69,118.47,0.01,0.01,2318.964232,1776205571000
1776205573.265,73.265,0.32,30.0,0.31,118.47,0.33,80.39,0.34,35.5,0.67,80.39,0.66,35.5,0.68,30.0,0.69,118.47,0.01,0.01,2318.924124,1776205572000
1776205574.208,74.208,0.31,0.97,0.3,70.5,0.32,35.5,0.33,30.5,0.67,82.85,0.66,35.5,0.68,30.0,0.69,117.97,0.01,0.01,2318.924124,1776205572000
1776205574.847,74.847,0.3,43.57,0.29,50.5,0.31,40.0,0.32,40.5,0.69,40.0,0.68,30.5,0.7,60.0,0.71,50.5,0.01,0.01,2318.861326,1776205573000
1776205575.358,75.358,0.3,26.57,0.29,50.5,0.31,40.0,0.32,40.5,0.69,40.0,0.68,40.5,0.7,26.57,0.71,50.5,0.01,0.01,2318.774495,1776205574000
1776205575.842,75.842,0.3,36.57,0.29,55.5,0.31,41.46,0.32,40.5,0.69,41.46,0.68,40.5,0.7,36.57,0.71,55.5,0.01,0.01,2318.730826,1776205575000
1776205576.326,76.326,0.3,74.27,0.29,65.5,0.31,36.46,0.32,30.0,0.69,36.46,0.68,30.0,0.7,91.31,0.71,55.5,0.01,0.01,2318.730826,1776205575000
1776205576.955,76.955,0.3,69.27,0.29,65.5,0.31,26.46,0.32,30.0,0.69,26.46,0.68,30.0,0.7,69.27,0.71,65.5,0.01,0.01,2318.60656,1776205576000
1776205577.441,77.441,0.3,77.91,0.29,88.5,0.31,10.1,0.33,35.0,0.69,36.56,0.68,30.0,0.7,59.27,0.71,50.5,0.01,0.01,2318.60656,1776205576000
1776205577.682,77.682,0.32,38.2,0.31,25.5,0.33,40.0,0.34,15.0,0.67,35.0,0.66,15.0,0.7,82.91,0.71,88.5,0.01,0.03,2318.60656,1776205576000
1776205578.193,78.193,0.32,33.02,0.31,25.5,0.33,40.0,0.34,20.0,0.67,40.0,0.66,20.0,0.68,33.02,0.69,25.5,0.01,0.01,2318.623441,1776205577000
1776205579.489,79.489,0.32,8.02,0.31,25.5,0.33,70.0,0.34,30.0,0.67,40.0,0.66,20.0,0.68,33.02,0.69,25.5,0.01,0.01,2318.623441,1776205577000
1776205579.931,79.931,0.32,8.02,0.31,25.5,0.33,70.0,0.34,30.0,0.67,70.0,0.66,30.0,0.68,8.02,0.69,25.5,0.01,0.01,2318.67322,1776205578000
1776205580.602,80.602,0.32,8.02,0.31,25.5,0.33,70.0,0.34,30.0,0.67,70.0,0.66,30.0,0.68,8.02,0.69,25.5,0.01,0.01,2318.789196,1776205579000
1776205581.305,81.305,0.32,8.02,0.31,25.5,0.33,70.0,0.34,30.0,0.67,70.0,0.66,30.0,0.68,8.02,0.69,25.5,0.01,0.01,2318.919992,1776205580000
1776205581.812,81.812,0.31,25.5,0.3,65.91,0.33,65.0,0.34,20.0,0.67,70.0,0.66,30.0,0.68,8.02,0.69,25.5,0.02,0.01,2318.919992,1776205580000
1776205582.501,82.501,0.31,25.5,0.3,65.91,0.33,65.0,0.34,20.0,0.67,65.0,0.66,20.0,0.69,25.5,0.7,65.91,0.02,0.02,2318.798169,1776205581000
1776205583.129,83.129,0.3,59.91,0.29,75.5,0.32,45.0,0.33,40.0,0.67,65.0,0.66,20.0,0.69,25.5,0.7,65.91,0.02,0.02,2318.798169,1776205581000
1776205584.488,84.488,0.3,59.91,0.29,75.5,0.32,45.0,0.33,40.0,0.68,45.0,0.67,40.0,0.7,59.91,0.71,75.5,0.02,0.02,2318.946497,1776205583000
1776205584.703,84.703,0.31,15.35,0.3,59.91,0.32,40.0,0.33,40.0,0.68,45.0,0.67,40.0,0.7,59.91,0.71,75.5,0.01,0.02,2318.946497,1776205583000
1776205585.121,85.121,0.31,15.35,0.3,59.91,0.32,40.0,0.33,40.0,0.68,40.0,0.67,40.0,0.69,15.35,0.7,59.91,0.01,0.01,2318.768427,1776205584000
1776205585.625,85.625,0.31,37.15,0.3,57.01,0.32,36.87,0.33,40.0,0.68,40.0,0.67,40.0,0.69,15.35,0.7,59.91,0.01,0.01,2318.768427,1776205584000
1776205585.894,85.894,0.31,83.15,0.3,222.01,0.32,15.0,0.33,25.0,0.68,36.87,0.67,40.0,0.69,37.15,0.7,57.01,0.01,0.01,2318.768427,1776205584000
1776205586.166,86.166,0.31,180.7,0.3,204.01,0.35,10.0,0.36,20.0,0.68,4.0,0.67,25.0,0.69,155.7,0.7,229.01,0.04,0.01,2318.768427,1776205584000
1776205586.52,86.52,0.31,180.7,0.3,204.01,0.35,10.0,0.36,20.0,0.65,10.0,0.64,20.0,0.69,180.7,0.7,204.01,0.04,0.04,2318.760199,1776205585000
1776205586.927,86.927,0.34,59.54,0.33,77.46,0.35,40.0,0.36,25.0,0.65,10.0,0.64,20.0,0.69,180.7,0.7,204.01,0.01,0.04,2318.760199,1776205585000
1776205587.14,87.14,0.34,59.54,0.33,77.46,0.35,40.0,0.36,25.0,0.65,40.0,0.64,25.0,0.66,59.54,0.67,77.46,0.01,0.01,2318.81485,1776205586000
1776205587.64,87.64,0.34,49.23,0.33,63.3,0.35,45.0,0.36,40.5,0.65,40.0,0.64,25.0,0.66,59.54,0.67,77.46,0.01,0.01,2318.81485,1776205586000
1776205588.024,88.024,0.34,137.73,0.33,95.8,0.35,9.02,0.36,10.0,0.65,26.42,0.64,25.0,0.66,69.73,0.67,83.8,0.01,0.01,2318.81485,1776205586000
1776205588.288,88.288,0.37,43.52,0.36,35.0,0.38,45.5,0.39,15.0,0.62,70.5,0.61,15.0,0.66,137.73,0.67,95.8,0.01,0.04,2318.81485,1776205586000
1776205588.687,88.687,0.37,43.52,0.36,35.0,0.38,45.5,0.39,15.0,0.62,45.5,0.61,15.0,0.63,43.52,0.64,35.0,0.01,0.01,2318.96362,1776205587000
1776205589.388,89.388,0.37,43.52,0.36,35.0,0.38,45.5,0.39,15.0,0.62,45.5,0.61,15.0,0.63,43.52,0.64,35.0,0.01,0.01,2319.011555,1776205588000
1776205589.968,89.968,0.37,89.42,0.36,73.1,0.4,33.0,0.41,30.0,0.62,45.5,0.61,15.0,0.63,43.52,0.64,35.0,0.03,0.01,2319.011555,1776205588000
1776205591.387,91.387,0.38,14.83,0.37,78.92,0.4,20.0,0.41,30.0,0.6,20.0,0.59,30.0,0.62,14.83,0.63,78.92,0.02,0.02,2319.228715,1776205590000
1776205591.697,91.697,0.38,37.13,0.37,70.92,0.4,25.0,0.41,25.0,0.6,20.0,0.59,30.0,0.62,14.83,0.63,78.92,0.02,0.02,2319.228715,1776205590000
1776205591.961,91.961,0.38,37.13,0.37,70.92,0.4,25.0,0.41,25.0,0.6,25.0,0.59,25.0,0.62,37.13,0.63,70.92,0.02,0.02,2319.284355,1776205591000
1776205593.258,93.258,0.38,27.13,0.37,62.92,0.39,20.0,0.4,30.0,0.6,25.0,0.59,25.0,0.62,37.13,0.63,70.92,0.01,0.02,2319.284355,1776205591000
1776205593.993,93.993,0.38,27.13,0.37,62.92,0.39,20.0,0.4,30.0,0.61,20.0,0.6,30.0,0.62,27.13,0.63,62.92,0.01,0.01,2319.239555,1776205593000
1776205594.743,94.743,0.38,20.3,0.37,45.4,0.43,11.73,0.44,178.0,0.61,20.0,0.6,30.0,0.62,27.13,0.63,62.92,0.05,0.01,2319.239555,1776205593000
1776205595.524,95.524,0.38,20.3,0.37,45.4,0.43,11.73,0.44,178.0,0.57,11.73,0.56,178.0,0.62,20.3,0.63,45.4,0.05,0.05,2319.249315,1776205594000
1776205596.015,96.015,0.38,20.3,0.37,45.4,0.43,11.73,0.44,178.0,0.57,11.73,0.56,178.0,0.62,20.3,0.63,45.4,0.05,0.05,2319.241757,1776205595000
1776205596.953,96.953,0.38,20.3,0.37,45.4,0.43,11.73,0.44,178.0,0.57,11.73,0.56,178.0,0.62,20.3,0.63,45.4,0.05,0.05,2319.226755,1776205596000
1776205597.913,97.913,0.38,20.3,0.37,45.4,0.43,11.73,0.44,178.0,0.57,11.73,0.56,178.0,0.62,20.3,0.63,45.4,0.05,0.05,2319.2233,1776205597000
1776205598.508,98.508,0.39,47.0,0.38,37.5,0.4,8.5,0.41,30.5,0.57,11.73,0.56,178.0,0.62,20.3,0.63,45.4,0.01,0.05,2319.2233,1776205597000
1776205598.924,98.924,0.39,47.0,0.38,37.5,0.4,8.5,0.41,30.5,0.6,8.5,0.59,30.5,0.61,47.0,0.62,37.5,0.01,0.01,2319.26677,1776205598000
1776205600.006,100.006,0.39,47.0,0.38,37.5,0.4,8.5,0.41,30.5,0.6,8.5,0.59,30.5,0.61,47.0,0.62,37.5,0.01,0.01,2319.350134,1776205599000
1776205600.912,100.912,0.39,47.0,0.38,37.5,0.4,8.5,0.41,30.5,0.6,8.5,0.59,30.5,0.61,47.0,0.62,37.5,0.01,0.01,2319.359378,1776205600000
1776205601.912,101.912,0.36,0.16,0.35,35.0,0.37,20.5,0.38,138.5,0.63,20.5,0.62,138.5,0.64,0.16,0.65,35.0,0.01,0.01,2319.326896,1776205601000
1776205602.759,102.759,0.33,35.5,0.32,20.5,0.34,4.11,0.35,15.0,0.64,35.22,0.63,71.9,0.67,10.5,0.68,15.5,0.01,0.03,2319.326896,1776205601000
1776205602.973,102.973,0.33,35.5,0.32,20.5,0.34,4.11,0.35,15.0,0.66,4.11,0.65,15.0,0.67,35.5,0.68,20.5,0.01,0.01,2319.27022,1776205602000
1776205603.336,103.336,0.37,24.78,0.36,46.78,0.38,4.0,0.39,25.5,0.62,14.5,0.61,25.5,0.63,9.78,0.64,31.78,0.01,0.01,2319.27022,1776205602000
1776205603.9,103.9,0.37,63.69,0.36,46.78,0.39,20.0,0.4,42.5,0.62,4.0,0.61,25.5,0.63,24.78,0.64,46.78,0.02,0.01,2319.27022,1776205602000
1776205604.98,104.98,0.37,63.69,0.36,46.78,0.39,20.0,0.4,42.5,0.61,20.0,0.6,42.5,0.63,63.69,0.64,46.78,0.02,0.02,2319.059843,1776205604000
1776205605.956,105.956,0.37,63.69,0.36,46.78,0.39,20.0,0.4,42.5,0.61,20.0,0.6,42.5,0.63,63.69,0.64,46.78,0.02,0.02,2319.187085,1776205605000
1776205606.973,106.973,0.37,63.69,0.36,46.78,0.39,20.0,0.4,42.5,0.61,20.0,0.6,42.5,0.63,63.69,0.64,46.78,0.02,0.02,2319.167688,1776205606000
1776205608.316,108.316,0.37,63.69,0.36,46.78,0.39,20.0,0.4,42.5,0.61,20.0,0.6,42.5,0.63,63.69,0.64,46.78,0.02,0.02,2319.271482,1776205607000
1776205608.84,108.84,0.37,63.69,0.36,46.78,0.39,20.0,0.4,42.5,0.61,20.0,0.6,42.5,0.63,63.69,0.64,46.78,0.02,0.02,2319.155267,1776205608000
1776205609.488,109.488,0.35,10.0,0.34,25.0,0.38,101.5,0.39,82.5,0.61,20.0,0.6,42.5,0.63,63.69,0.64,46.78,0.03,0.02,2319.155267,1776205608000
1776205609.852,109.852,0.34,25.16,0.33,20.5,0.35,10.0,0.36,57.5,0.65,10.0,0.64,57.5,0.66,25.16,0.67,20.5,0.01,0.01,2319.169314,1776205609000
1776205610.228,110.228,0.33,20.5,0.32,15.5,0.35,30.0,0.36,48.5,0.65,10.0,0.64,57.5,0.66,25.16,0.67,20.5,0.02,0.01,2319.169314,1776205609000
1776205610.51,110.51,0.33,16.87,0.32,10.5,0.34,30.0,0.35,21.0,0.65,30.0,0.64,48.5,0.67,20.5,0.68,15.5,0.01,0.02,2319.169314,1776205609000
1776205610.827,110.827,0.33,16.87,0.32,10.5,0.34,30.0,0.35,21.0,0.66,30.0,0.65,21.0,0.67,16.87,0.68,10.5,0.01,0.01,2319.1457,1776205610000
1776205611.238,111.238,0.32,10.5,0.3,55.1,0.34,100.4,0.35,199.1,0.66,30.0,0.65,21.0,0.67,16.87,0.68,10.5,0.02,0.01,2319.1457,1776205610000
1776205611.501,111.501,0.32,5.5,0.3,55.1,0.33,26.0,0.34,40.0,0.66,100.4,0.65,199.1,0.68,10.5,0.7,55.1,0.01,0.02,2319.1457,1776205610000
1776205611.869,111.869,0.32,5.5,0.3,55.1,0.33,26.0,0.34,40.0,0.67,26.0,0.66,40.0,0.68,5.5,0.7,55.1,0.01,0.01,2318.992094,1776205611000
1776205612.908,112.908,0.32,5.5,0.3,55.1,0.33,26.0,0.34,40.0,0.67,26.0,0.66,40.0,0.68,5.5,0.7,55.1,0.01,0.01,2318.978074,1776205612000
1776205613.957,113.957,0.32,5.5,0.3,55.1,0.33,26.0,0.34,40.0,0.67,26.0,0.66,40.0,0.68,5.5,0.7,55.1,0.01,0.01,2318.857249,1776205613000
1776205614.954,114.954,0.32,5.5,0.3,55.1,0.33,26.0,0.34,40.0,0.67,26.0,0.66,40.0,0.68,5.5,0.7,55.1,0.01,0.01,2318.823509,1776205614000
1776205615.547,115.547,0.31,13.5,0.3,50.1,0.33,96.0,0.34,100.5,0.67,26.0,0.66,40.0,0.68,5.5,0.7,55.1,0.02,0.01,2318.823509,1776205614000
1776205615.98,115.98,0.31,13.5,0.3,50.1,0.33,96.0,0.34,100.5,0.67,96.0,0.66,100.5,0.69,13.5,0.7,50.1,0.02,0.02,2318.807841,1776205615000
1776205617.014,117.014,0.31,13.5,0.3,50.1,0.33,96.0,0.34,100.5,0.67,96.0,0.66,100.5,0.69,13.5,0.7,50.1,0.02,0.02,2318.809351,1776205616000
1776205617.642,117.642,0.31,46.12,0.3,60.1,0.32,31.0,0.33,15.0,0.67,96.0,0.66,100.5,0.69,13.5,0.7,50.1,0.01,0.02,2318.809351,1776205616000
1776205618.024,118.024,0.31,46.12,0.3,60.1,0.32,31.0,0.33,15.0,0.68,31.0,0.67,15.0,0.69,46.12,0.7,60.1,0.01,0.01,2318.78842,1776205617000
1776205618.624,118.624,0.31,51.12,0.3,50.1,0.32,60.21,0.33,15.0,0.68,31.0,0.67,15.0,0.69,46.12,0.7,60.1,0.01,0.01,2318.78842,1776205617000
1776205618.938,118.938,0.31,51.12,0.3,50.1,0.32,60.21,0.33,15.0,0.68,60.21,0.67,15.0,0.69,51.12,0.7,50.1,0.01,0.01,2318.800591,1776205618000
1776205619.996,119.996,0.31,51.12,0.3,50.1,0.32,60.21,0.33,15.0,0.68,60.21,0.67,15.0,0.69,51.12,0.7,50.1,0.01,0.01,2318.818174,1776205619000
1776205620.244,120.244,0.29,16.23,0.28,120.0,0.31,163.9,0.32,91.46,0.68,60.21,0.67,15.0,0.69,51.12,0.7,50.1,0.02,0.01,2318.818174,1776205619000
1776205620.705,120.705,0.28,80.0,0.27,75.0,0.29,138.81,0.3,67.1,0.7,20.5,0.69,288.9,0.72,120.0,0.73,75.0,0.01,0.02,2318.818174,1776205619000
1776205620.999,120.999,0.28,80.0,0.27,75.0,0.29,150.27,0.3,102.1,0.71,138.81,0.7,67.1,0.72,80.0,0.73,75.0,0.01,0.01,2318.818174,1776205619000
1776205621.746,121.746,0.28,80.0,0.27,75.0,0.29,136.5,0.3,102.1,0.71,150.27,0.7,102.1,0.72,80.0,0.73,75.0,0.01,0.01,2318.818174,1776205619000
1776205622.611,122.611,0.28,80.0,0.27,75.0,0.29,136.5,0.3,102.1,0.71,136.5,0.7,102.1,0.72,80.0,0.73,75.0,0.01,0.01,2318.660255,1776205621000
1776205623.273,123.273,0.28,80.0,0.27,75.0,0.29,136.5,0.3,102.1,0.71,136.5,0.7,102.1,0.72,80.0,0.73,75.0,0.01,0.01,2318.480559,1776205622000
1776205623.975,123.975,0.28,80.0,0.27,75.0,0.29,136.5,0.3,102.1,0.71,136.5,0.7,102.1,0.72,80.0,0.73,75.0,0.01,0.01,2318.480904,1776205623000
1776205624.688,124.688,0.25,75.0,0.24,80.0,0.26,19.5,0.28,116.0,0.71,136.5,0.7,102.1,0.72,80.0,0.73,75.0,0.01,0.01,2318.480904,1776205623000
1776205625.646,125.646,0.25,75.0,0.24,80.0,0.26,19.5,0.28,116.0,0.74,19.5,0.72,116.0,0.75,75.0,0.76,80.0,0.01,0.01,2318.536279,1776205624000
1776205626.328,126.328,0.25,75.0,0.24,80.0,0.26,19.5,0.28,116.0,0.74,19.5,0.72,116.0,0.75,75.0,0.76,80.0,0.01,0.01,2318.480852,1776205625000
1776205627.333,127.333,0.25,75.0,0.24,80.0,0.26,19.5,0.28,116.0,0.74,19.5,0.72,116.0,0.75,75.0,0.76,80.0,0.01,0.01,2318.480852,1776205626000
1776205628.143,128.143,0.25,75.0,0.24,80.0,0.26,19.5,0.28,116.0,0.74,19.5,0.72,116.0,0.75,75.0,0.76,80.0,0.01,0.01,2318.537244,1776205627000
1776205629.658,129.658,0.25,75.0,0.24,80.0,0.26,19.5,0.28,116.0,0.74,19.5,0.72,116.0,0.75,75.0,0.76,80.0,0.01,0.01,2318.51281,1776205628000
1776205630.016,130.016,0.25,209.5,0.24,255.0,0.29,10.0,0.3,20.0,0.74,19.5,0.72,116.0,0.75,75.0,0.76,80.0,0.04,0.01,2318.51281,1776205628000
1776205630.46,130.46,0.29,32.4,0.28,49.5,0.3,79.9,0.31,20.0,0.7,79.9,0.69,20.0,0.71,32.4,0.72,49.5,0.01,0.01,2318.477111,1776205629000
1776205631.209,131.209,0.29,32.4,0.28,49.5,0.3,79.9,0.31,20.0,0.7,79.9,0.69,20.0,0.71,32.4,0.72,49.5,0.01,0.01,2318.47687,1776205630000
1776205632.661,132.661,0.29,32.4,0.28,49.5,0.3,79.9,0.31,20.0,0.7,79.9,0.69,20.0,0.71,32.4,0.72,49.5,0.01,0.01,2318.689475,1776205631000
1776205633.465,133.465,0.29,32.4,0.28,49.5,0.3,79.9,0.31,20.0,0.7,79.9,0.69,20.0,0.71,32.4,0.72,49.5,0.01,0.01,2318.73331,1776205632000
1776205634.222,134.222,0.29,32.4,0.28,49.5,0.3,79.9,0.31,20.0,0.7,79.9,0.69,20.0,0.71,32.4,0.72,49.5,0.01,0.01,2318.827808,1776205633000
1776205634.548,134.548,0.29,27.4,0.28,32.5,0.3,24.9,0.31,35.5,0.7,79.9,0.69,20.0,0.71,32.4,0.72,49.5,0.01,0.01,2318.827808,1776205633000
1776205635.772,135.772,0.29,27.4,0.28,32.5,0.3,24.9,0.31,35.5,0.7,24.9,0.69,35.5,0.71,27.4,0.72,32.5,0.01,0.01,2318.797323,1776205634000
1776205636.302,136.302,0.34,79.04,0.33,40.0,0.35,10.0,0.36,20.5,0.7,24.9,0.69,35.5,0.71,27.4,0.72,32.5,0.01,0.01,2318.797323,1776205634000
1776205636.512,136.512,0.35,10.0,0.34,74.04,0.36,6.61,0.37,36.0,0.64,20.5,0.63,30.0,0.66,79.04,0.67,40.0,0.01,0.02,2318.797323,1776205634000
1776205636.919,136.919,0.35,25.0,0.34,74.04,0.36,24.97,0.37,41.0,0.64,6.61,0.63,36.0,0.65,10.0,0.66,74.04,0.01,0.01,2318.78237,1776205635000
1776205637.495,137.495,0.35,25.0,0.34,74.04,0.36,24.97,0.37,41.0,0.64,24.97,0.63,41.0,0.65,25.0,0.66,74.04,0.01,0.01,2318.769745,1776205636000
1776205638.293,138.293,0.35,25.0,0.34,74.04,0.36,24.97,0.37,41.0,0.64,24.97,0.63,41.0,0.65,25.0,0.66,74.04,0.01,0.01,2319.018215,1776205637000
1776205639.452,139.452,0.36,57.76,0.35,96.5,0.39,21.34,0.4,65.5,0.64,24.97,0.63,41.0,0.65,25.0,0.66,74.04,0.03,0.01,2319.018215,1776205637000
1776205639.777,139.777,0.38,11.0,0.37,25.5,0.39,10.34,0.4,65.5,0.61,10.34,0.6,65.5,0.62,11.0,0.63,25.5,0.01,0.01,2319.1335,1776205638000
1776205640.597,140.597,0.38,11.0,0.37,25.5,0.39,10.34,0.4,65.5,0.61,10.34,0.6,65.5,0.62,11.0,0.63,25.5,0.01,0.01,2319.134845,1776205639000
1776205642.105,142.105,0.38,11.0,0.37,25.5,0.39,10.34,0.4,65.5,0.61,10.34,0.6,65.5,0.62,11.0,0.63,25.5,0.01,0.01,2319.18649,1776205640000
1776205642.952,142.952,0.38,38.61,0.37,42.5,0.39,15.0,0.4,55.5,0.61,15.0,0.6,55.5,0.62,38.61,0.63,42.5,0.01,0.01,2319.323472,1776205641000
1776205643.729,143.729,0.38,38.61,0.37,42.5,0.39,15.0,0.4,55.5,0.61,15.0,0.6,55.5,0.62,38.61,0.63,42.5,0.01,0.01,2319.349268,1776205642000
1776205644.346,144.346,0.38,38.61,0.37,42.5,0.39,15.0,0.4,55.5,0.61,15.0,0.6,55.5,0.62,38.61,0.63,42.5,0.01,0.01,2319.346553,1776205643000
1776205644.741,144.741,0.38,32.61,0.37,35.5,0.39,35.5,0.4,30.5,0.61,15.0,0.6,55.5,0.62,38.61,0.63,42.5,0.01,0.01,2319.346553,1776205643000
1776205644.992,144.992,0.38,32.61,0.37,35.5,0.39,35.5,0.4,30.5,0.61,35.5,0.6,30.5,0.62,32.61,0.63,35.5,0.01,0.01,2319.346553,1776205644000
1776205645.701,145.701,0.37,14.0,0.36,40.76,0.39,50.5,0.4,30.5,0.61,35.5,0.6,30.5,0.62,32.61,0.63,35.5,0.02,0.01,2319.346553,1776205644000
1776205646.339,146.339,0.37,44.0,0.36,34.76,0.38,10.0,0.39,50.5,0.62,10.0,0.61,50.5,0.63,44.0,0.64,34.76,0.01,0.01,2319.360811,1776205645000
1776205647.548,147.548,0.37,36.41,0.36,10.0,0.41,124.59,0.42,50.0,0.62,15.0,0.61,35.5,0.63,42.41,0.64,34.76,0.04,0.01,2319.360811,1776205645000
1776205647.969,147.969,0.37,29.21,0.36,10.0,0.38,30.0,0.39,20.0,0.59,124.59,0.58,50.0,0.63,36.41,0.64,10.0,0.01,0.04,2319.349956,1776205646000
1776205648.306,148.306,0.36,10.0,0.35,25.5,0.38,30.0,0.39,20.0,0.62,35.0,0.61,20.0,0.63,27.03,0.64,10.0,0.02,0.01,2319.4217,1776205647000
1776205648.844,148.844,0.36,30.0,0.35,30.5,0.37,20.0,0.38,25.0,0.62,30.0,0.61,20.0,0.64,10.0,0.65,25.5,0.01,0.02,2319.4217,1776205647000
1776205649.285,149.285,0.36,30.0,0.35,30.5,0.37,20.0,0.38,25.0,0.63,20.0,0.62,25.0,0.64,30.0,0.65,30.5,0.01,0.01,2319.300465,1776205648000
1776205649.523,149.523,0.36,24.45,0.35,35.5,0.37,20.0,0.38,25.0,0.63,20.0,0.62,25.0,0.64,30.0,0.65,30.5,0.01,0.01,2319.300465,1776205648000
1776205650.491,150.491,0.36,24.45,0.35,35.5,0.37,9.18,0.38,25.0,0.63,9.18,0.62,25.0,0.64,24.45,0.65,35.5,0.01,0.01,2319.298556,1776205649000
1776205650.866,150.866,0.36,21.88,0.35,28.5,0.37,19.18,0.38,30.0,0.63,14.18,0.62,25.0,0.64,22.88,0.65,28.5,0.01,0.01,2319.298556,1776205649000
1776205651.342,151.342,0.36,20.31,0.35,28.5,0.37,14.18,0.38,25.0,0.63,19.18,0.62,30.0,0.64,21.88,0.65,28.5,0.01,0.01,2319.319748,1776205650000
1776205652.15,152.15,0.36,15.31,0.35,28.5,0.37,14.18,0.38,25.0,0.63,14.18,0.62,25.0,0.64,20.31,0.65,28.5,0.01,0.01,2319.319748,1776205650000
1776205653.47,153.47,0.36,15.31,0.35,28.5,0.37,14.18,0.38,25.0,0.63,14.18,0.62,25.0,0.64,15.31,0.65,28.5,0.01,0.01,2319.27812,1776205652000
1776205653.675,153.675,0.36,5.0,0.35,30.5,0.37,9.18,0.38,20.0,0.63,19.18,0.62,20.0,0.64,7.18,0.65,20.5,0.01,0.01,2319.27812,1776205652000
1776205653.999,153.999,0.36,5.0,0.35,30.5,0.37,9.18,0.38,20.0,0.63,9.18,0.62,20.0,0.64,5.0,0.65,30.5,0.01,0.01,2319.35077,1776205653000
1776205654.433,154.433,0.36,25.5,0.35,48.5,0.38,20.0,0.39,26.0,0.63,9.18,0.62,20.0,0.64,5.0,0.65,30.5,0.02,0.01,2319.35077,1776205653000
1776205654.909,154.909,0.37,46.5,0.36,40.5,0.39,16.0,0.4,15.0,0.62,20.0,0.61,26.0,0.64,25.5,0.65,48.5,0.02,0.02,2319.35077,1776205653000
1776205655.238,155.238,0.38,20.0,0.37,41.5,0.4,15.0,0.41,134.59,0.6,15.0,0.59,134.59,0.62,20.0,0.63,41.5,0.02,0.02,2319.390231,1776205654000
1776205656.46,156.46,0.38,20.0,0.37,41.5,0.4,15.0,0.41,134.59,0.6,15.0,0.59,134.59,0.62,20.0,0.63,41.5,0.02,0.02,2319.28616,1776205655000
1776205657.272,157.272,0.38,19.87,0.37,25.5,0.4,26.0,0.41,139.59,0.6,16.0,0.59,139.59,0.62,14.37,0.63,41.5,0.02,0.02,2319.28616,1776205655000
1776205657.763,157.763,0.39,5.0,0.38,29.87,0.4,26.0,0.41,139.59,0.6,26.0,0.59,139.59,0.62,19.87,0.63,25.5,0.01,0.02,2319.315745,1776205656000
1776205658.293,158.293,0.39,5.0,0.38,29.87,0.4,26.0,0.41,139.59,0.6,26.0,0.59,139.59,0.61,5.0,0.62,29.87,0.01,0.01,2319.387084,1776205657000
1776205658.536,158.536,0.38,29.87,0.37,25.5,0.4,26.0,0.41,139.59,0.6,26.0,0.59,139.59,0.61,5.0,0.62,29.87,0.02,0.01,2319.387084,1776205657000
1776205659.494,159.494,0.38,29.87,0.37,25.5,0.4,26.0,0.41,139.59,0.6,26.0,0.59,139.59,0.62,29.87,0.63,25.5,0.02,0.02,2319.354578,1776205658000
1776205660.027,160.027,0.38,29.87,0.37,25.5,0.4,26.0,0.41,139.59,0.6,26.0,0.59,139.59,0.62,29.87,0.63,25.5,0.02,0.02,2319.385706,1776205659000
1776205661.11,161.11,0.38,29.87,0.37,25.5,0.4,26.0,0.41,139.59,0.6,26.0,0.59,139.59,0.62,29.87,0.63,25.5,0.02,0.02,2319.36958,1776205660000
1776205661.591,161.591,0.35,28.5,0.34,50.5,0.38,107.0,0.39,26.0,0.61,26.0,0.6,25.0,0.63,14.5,0.64,30.5,0.03,0.02,2319.36958,1776205660000
1776205661.995,161.995,0.35,19.5,0.34,35.5,0.36,83.0,0.37,15.0,0.62,107.0,0.61,26.0,0.65,28.5,0.66,50.5,0.01,0.03,2319.36958,1776205660000
1776205662.396,162.396,0.35,3.3,0.34,20.0,0.36,230.2,0.37,75.1,0.64,83.0,0.63,15.0,0.65,19.5,0.66,35.5,0.01,0.01,2319.469783,1776205661000
1776205663.385,163.385,0.34,20.0,0.32,15.5,0.36,280.2,0.37,125.1,0.64,280.2,0.63,125.1,0.66,20.0,0.68,15.5,0.02,0.02,2319.470271,1776205662000
1776205663.76,163.76,0.32,18.5,0.31,30.0,0.33,71.09,0.34,105.0,0.67,19.09,0.66,96.0,0.68,20.5,0.69,30.0,0.01,0.01,2319.470271,1776205662000
1776205663.986,163.986,0.32,16.88,0.31,30.0,0.33,71.09,0.34,105.0,0.67,71.09,0.66,105.0,0.68,18.5,0.69,30.0,0.01,0.01,2319.470271,1776205662000
1776205665.167,165.167,0.31,40.5,0.3,5.0,0.33,71.09,0.34,105.0,0.67,71.09,0.66,105.0,0.69,40.5,0.7,5.0,0.02,0.02,2319.072823,1776205664000
1776205665.876,165.876,0.31,18.42,0.3,5.0,0.32,82.0,0.33,71.09,0.67,71.09,0.66,105.0,0.69,40.5,0.7,5.0,0.01,0.02,2319.072823,1776205664000
1776205666.143,166.143,0.31,18.42,0.3,5.0,0.32,82.0,0.33,71.09,0.68,82.0,0.67,71.09,0.69,18.42,0.7,5.0,0.01,0.01,2319.008257,1776205665000
1776205667.149,167.149,0.31,18.42,0.3,5.0,0.32,82.0,0.33,71.09,0.68,82.0,0.67,71.09,0.69,18.42,0.7,5.0,0.01,0.01,2319.013563,1776205666000
1776205667.888,167.888,0.3,30.5,0.29,45.5,0.31,4.0,0.32,15.0,0.68,82.0,0.67,71.09,0.69,18.42,0.7,5.0,0.01,0.01,2319.013563,1776205666000
1776205668.22,168.22,0.3,30.5,0.29,45.5,0.31,4.0,0.32,15.0,0.69,4.0,0.68,15.0,0.7,30.5,0.71,45.5,0.01,0.01,2318.999258,1776205667000
1776205669.23,169.23,0.3,30.5,0.29,45.5,0.31,4.0,0.32,15.0,0.69,4.0,0.68,15.0,0.7,30.5,0.71,45.5,0.01,0.01,2318.96948,1776205668000
1776205669.446,169.446,0.3,30.5,0.29,50.5,0.31,30.45,0.32,15.0,0.69,4.0,0.68,15.0,0.7,30.5,0.71,45.5,0.01,0.01,2318.96948,1776205668000
1776205670.33,170.33,0.3,30.5,0.29,50.5,0.31,30.45,0.32,15.0,0.69,30.45,0.68,15.0,0.7,30.5,0.71,50.5,0.01,0.01,2318.97251,1776205669000
1776205670.939,170.939,0.3,30.5,0.29,50.5,0.31,30.45,0.32,15.0,0.69,30.45,0.68,15.0,0.7,30.5,0.71,50.5,0.01,0.01,2318.980608,1776205670000
1776205672.409,172.409,0.3,25.42,0.29,50.5,0.31,30.45,0.32,31.0,0.69,30.45,0.68,15.0,0.7,30.5,0.71,50.5,0.01,0.01,2318.980608,1776205670000
1776205672.792,172.792,0.3,25.42,0.29,50.5,0.31,30.45,0.32,31.0,0.69,30.45,0.68,31.0,0.7,25.42,0.71,50.5,0.01,0.01,2319.051071,1776205671000
1776205673.568,173.568,0.3,25.42,0.29,50.5,0.31,30.45,0.32,31.0,0.69,30.45,0.68,31.0,0.7,25.42,0.71,50.5,0.01,0.01,2318.997401,1776205672000
1776205674.256,174.256,0.3,23.99,0.29,50.5,0.31,50.45,0.32,26.0,0.69,50.45,0.68,26.0,0.7,23.99,0.71,50.5,0.01,0.01,2319.030675,1776205673000
1776205675.591,175.591,0.3,23.99,0.29,50.5,0.31,50.45,0.32,26.0,0.69,50.45,0.68,26.0,0.7,23.99,0.71,50.5,0.01,0.01,2318.994756,1776205674000
1776205676.163,176.163,0.3,23.99,0.29,50.5,0.31,50.45,0.32,26.0,0.69,50.45,0.68,26.0,0.7,23.99,0.71,50.5,0.01,0.01,2318.931261,1776205675000
1776205677.378,177.378,0.3,23.99,0.29,50.5,0.31,50.45,0.32,26.0,0.69,50.45,0.68,26.0,0.7,23.99,0.71,50.5,0.01,0.01,2318.918016,1776205676000
1776205677.958,177.958,0.3,23.99,0.29,50.5,0.31,50.45,0.32,26.0,0.69,50.45,0.68,26.0,0.7,23.99,0.71,50.5,0.01,0.01,2318.917478,1776205677000
1776205679.07,179.07,0.3,23.99,0.29,50.5,0.31,50.45,0.32,26.0,0.69,50.45,0.68,26.0,0.7,23.99,0.71,50.5,0.01,0.01,2318.917578,1776205678000
1776205680.068,180.068,0.3,23.99,0.29,50.5,0.31,50.45,0.32,26.0,0.69,50.45,0.68,26.0,0.7,23.99,0.71,50.5,0.01,0.01,2318.938453,1776205679000
1776205681.032,181.032,0.29,14.5,0.28,15.5,0.3,67.0,0.31,98.45,0.69,50.45,0.68,26.0,0.7,23.99,0.71,50.5,0.01,0.01,2318.938453,1776205679000
1776205681.561,181.561,0.29,20.12,0.28,20.5,0.3,15.0,0.31,81.45,0.7,57.0,0.69,98.45,0.71,10.27,0.72,15.5,0.01,0.01,2318.912134,1776205680000
1776205682.274,182.274,0.29,20.12,0.28,20.5,0.3,15.0,0.31,81.45,0.7,15.0,0.69,81.45,0.71,20.12,0.72,20.5,0.01,0.01,2318.938732,1776205681000
1776205683.362,183.362,0.29,20.12,0.28,20.5,0.3,15.0,0.31,81.45,0.7,15.0,0.69,81.45,0.71,20.12,0.72,20.5,0.01,0.01,2318.922488,1776205682000
1776205684.234,184.234,0.29,13.05,0.28,20.5,0.3,66.0,0.31,85.45,0.7,15.0,0.69,81.45,0.71,20.12,0.72,20.5,0.01,0.01,2318.922488,1776205682000
1776205684.436,184.436,0.29,13.05,0.28,20.5,0.3,66.0,0.31,85.45,0.7,66.0,0.69,85.45,0.71,13.05,0.72,20.5,0.01,0.01,2318.92175,1776205683000
1776205684.986,184.986,0.29,7.05,0.28,20.5,0.3,61.0,0.31,95.95,0.7,61.0,0.69,95.95,0.71,7.05,0.72,20.5,0.01,0.01,2318.921685,1776205684000
1776205685.933,185.933,0.29,7.05,0.28,20.5,0.3,61.0,0.31,95.95,0.7,61.0,0.69,95.95,0.71,7.05,0.72,20.5,0.01,0.01,2318.949175,1776205685000
1776205687.571,187.571,0.29,7.05,0.28,20.5,0.3,61.0,0.31,95.95,0.7,61.0,0.69,95.95,0.71,7.05,0.72,20.5,0.01,0.01,2318.96445,1776205686000
1776205688.099,188.099,0.29,7.05,0.28,20.5,0.3,61.0,0.31,95.95,0.7,61.0,0.69,95.95,0.71,7.05,0.72,20.5,0.01,0.01,2318.96445,1776205687000
1776205689.224,189.224,0.29,7.05,0.28,20.5,0.3,61.0,0.31,95.95,0.7,61.0,0.69,95.95,0.71,7.05,0.72,20.5,0.01,0.01,2319.08613,1776205688000
1776205690.298,190.298,0.29,7.05,0.28,20.5,0.3,61.0,0.31,95.95,0.7,61.0,0.69,95.95,0.71,7.05,0.72,20.5,0.01,0.01,2319.011438,1776205689000
1776205691.871,191.871,0.29,7.05,0.28,20.5,0.3,61.0,0.31,95.95,0.7,61.0,0.69,95.95,0.71,7.05,0.72,20.5,0.01,0.01,2318.970997,1776205690000
1776205692.426,192.426,0.29,7.05,0.28,20.5,0.3,61.0,0.31,95.95,0.7,61.0,0.69,95.95,0.71,7.05,0.72,20.5,0.01,0.01,2318.971722,1776205691000
1776205693.0,193.0,0.29,7.05,0.28,20.5,0.3,61.0,0.31,95.95,0.7,61.0,0.69,95.95,0.71,7.05,0.72,20.5,0.01,0.01,2318.971194,1776205692000
1776205694.133,194.133,0.29,7.05,0.28,20.5,0.3,61.0,0.31,95.95,0.7,61.0,0.69,95.95,0.71,7.05,0.72,20.5,0.01,0.01,2318.971541,1776205693000
1776205694.512,194.512,0.27,16.0,0.25,130.5,0.29,296.98,0.3,176.5,0.7,61.0,0.69,95.95,0.71,7.05,0.72,20.5,0.02,0.01,2318.971541,1776205693000
1776205695.12,195.12,0.24,15.0,0.23,45.0,0.26,24.0,0.28,114.9,0.71,296.98,0.7,176.5,0.73,16.0,0.75,130.5,0.02,0.02,2318.971541,1776205693000
1776205695.802,195.802,0.22,25.0,0.21,65.0,0.25,26.08,0.26,60.0,0.74,34.0,0.72,75.5,0.76,4.9,0.77,5.0,0.03,0.02,2318.975008,1776205694000
1776205696.094,196.094,0.23,5.48,0.22,44.0,0.24,41.0,0.25,33.0,0.76,54.0,0.75,28.0,0.77,5.48,0.78,44.0,0.01,0.01,2318.975008,1776205694000
1776205696.522,196.522,0.22,9.19,0.21,77.0,0.24,46.0,0.25,33.0,0.76,41.0,0.75,33.0,0.77,4.18,0.78,44.0,0.02,0.01,2318.975008,1776205694000
1776205697.157,197.157,0.22,13.19,0.21,55.0,0.23,21.0,0.24,15.0,0.77,21.0,0.76,15.0,0.78,13.19,0.79,55.0,0.01,0.01,2318.845795,1776205696000
1776205697.433,197.433,0.22,32.19,0.21,75.0,0.24,16.0,0.25,10.0,0.77,16.0,0.76,15.0,0.78,22.19,0.79,75.0,0.02,0.01,2318.845795,1776205696000
1776205697.635,197.635,0.23,8.01,0.22,231.16,0.24,32.0,0.25,16.0,0.76,7.0,0.75,10.0,0.78,159.16,0.79,55.0,0.01,0.02,2318.845795,1776205696000
1776205697.836,197.836,0.23,3.8,0.22,160.0,0.24,32.0,0.25,16.0,0.76,32.0,0.75,16.0,0.77,6.58,0.78,170.0,0.01,0.01,2318.845795,1776205696000
1776205698.189,198.189,0.22,200.45,0.21,76.0,0.23,15.0,0.24,12.0,0.77,10.0,0.76,37.0,0.78,158.37,0.79,76.0,0.01,0.01,2318.845795,1776205696000
1776205698.563,198.563,0.22,191.45,0.21,76.0,0.23,5.21,0.24,22.0,0.77,15.0,0.76,12.0,0.78,200.45,0.79,76.0,0.01,0.01,2318.790078,1776205697000
1776205699.03,199.03,0.22,191.45,0.21,76.0,0.23,5.21,0.24,22.0,0.77,5.21,0.76,22.0,0.78,191.45,0.79,76.0,0.01,0.01,2318.790078,1776205698000
1776205700.219,200.219,0.22,191.45,0.21,76.0,0.23,5.21,0.24,22.0,0.77,5.21,0.76,22.0,0.78,191.45,0.79,76.0,0.01,0.01,2318.841645,1776205699000
1776205701.233,201.233,0.22,194.38,0.21,76.0,0.23,11.21,0.24,22.0,0.77,5.21,0.76,22.0,0.78,191.45,0.79,76.0,0.01,0.01,2318.841645,1776205699000
1776205703.066,203.066,0.22,194.38,0.21,76.0,0.23,11.21,0.24,22.0,0.77,11.21,0.76,22.0,0.78,194.38,0.79,76.0,0.01,0.01,2318.83659,1776205702000
1776205704.107,204.107,0.22,194.38,0.21,76.0,0.23,11.21,0.24,22.0,0.77,11.21,0.76,22.0,0.78,194.38,0.79,76.0,0.01,0.01,2318.83659,1776205703000
1776205705.071,205.071,0.22,194.38,0.21,76.0,0.23,11.21,0.24,22.0,0.77,11.21,0.76,22.0,0.78,194.38,0.79,76.0,0.01,0.01,2318.849658,1776205704000
1776205706.068,206.068,0.22,194.38,0.21,76.0,0.23,11.21,0.24,22.0,0.77,11.21,0.76,22.0,0.78,194.38,0.79,76.0,0.01,0.01,2318.852842,1776205705000
1776205707.113,207.113,0.22,194.38,0.21,76.0,0.23,11.21,0.24,22.0,0.77,11.21,0.76,22.0,0.78,194.38,0.79,76.0,0.01,0.01,2318.853592,1776205706000
1776205707.495,207.495,0.19,2.53,0.16,110.0,0.2,168.43,0.21,133.0,0.77,11.21,0.76,22.0,0.78,194.38,0.79,76.0,0.01,0.01,2318.853592,1776205706000
1776205708.145,208.145,0.16,110.0,0.15,50.0,0.18,8.71,0.2,218.43,0.82,8.71,0.8,218.43,0.84,110.0,0.85,50.0,0.02,0.02,2318.837219,1776205707000
1776205708.571,208.571,0.1,75.0,0.09,100.0,0.13,25.0,0.14,207.0,0.86,220.0,0.85,171.0,0.88,0.88,0.89,75.0,0.03,0.02,2318.837219,1776205707000
1776205709.136,209.136,0.1,75.0,0.09,100.0,0.13,25.0,0.14,207.0,0.87,25.0,0.86,207.0,0.9,75.0,0.91,100.0,0.03,0.03,2318.1519,1776205708000
1776205709.731,209.731,0.09,2.51,0.08,150.0,0.1,68.0,0.11,175.0,0.87,25.0,0.86,207.0,0.9,75.0,0.91,100.0,0.01,0.03,2318.1519,1776205708000
1776205710.16,210.16,0.09,1.41,0.08,150.0,0.1,68.0,0.11,175.0,0.9,68.0,0.89,175.0,0.91,1.41,0.92,150.0,0.01,0.01,2318.014036,1776205709000
1776205710.9,210.9,0.06,86.3,0.05,90.8,0.08,110.0,0.09,173.0,0.9,68.0,0.89,175.0,0.91,1.41,0.92,150.0,0.02,0.01,2318.014036,1776205709000
1776205711.231,211.231,0.04,173.8,0.03,425.7,0.06,10.0,0.07,140.0,0.93,140.0,0.92,146.0,0.95,36.6,0.96,173.8,0.02,0.02,2317.868845,1776205710000
1776205711.55,211.55,0.04,153.74,0.03,425.7,0.05,115.0,0.06,145.0,0.95,110.0,0.94,132.0,0.96,158.8,0.97,425.7,0.01,0.01,2317.868845,1776205710000
1776205711.835,211.835,0.04,110.36,0.03,425.7,0.06,45.0,0.07,67.0,0.95,42.0,0.94,145.0,0.96,116.36,0.97,425.7,0.02,0.01,2317.868845,1776205710000
1776205712.497,212.497,0.05,4.13,0.04,247.02,0.06,105.0,0.07,102.5,0.94,60.0,0.93,82.0,0.95,0.94,0.96,110.36,0.01,0.01,2317.786328,1776205711000
1776205712.799,212.799,0.04,231.1,0.03,425.7,0.06,105.0,0.07,102.5,0.94,105.0,0.93,102.5,0.95,4.13,0.96,247.02,0.02,0.01,2317.786328,1776205711000
1776205713.036,213.036,0.04,261.15,0.03,419.7,0.05,13.44,0.06,100.5,0.95,13.44,0.94,100.5,0.96,261.15,0.97,419.7,0.01,0.01,2317.734929,1776205712000
1776205713.346,213.346,0.04,5.0,0.03,419.7,0.05,42.45,0.06,105.5,0.95,13.44,0.94,100.5,0.96,261.15,0.97,419.7,0.01,0.01,2317.734929,1776205712000
1776205713.938,213.938,0.04,110.0,0.03,507.02,0.06,62.0,0.07,47.0,0.95,47.45,0.94,105.5,0.97,407.02,0.98,598.63,0.02,0.02,2317.734929,1776205712000
1776205715.015,215.015,0.04,99.58,0.03,507.02,0.06,56.13,0.07,47.0,0.94,56.13,0.93,47.0,0.96,99.58,0.97,507.02,0.02,0.02,2317.650858,1776205714000
1776205715.761,215.761,0.04,343.27,0.03,407.02,0.05,8.73,0.06,23.63,0.94,3.63,0.93,47.5,0.96,348.27,0.97,407.02,0.01,0.02,2317.650858,1776205714000
1776205716.046,216.046,0.04,343.92,0.03,407.02,0.05,5.0,0.06,23.63,0.95,8.73,0.94,23.63,0.96,340.17,0.97,407.02,0.01,0.01,2317.650858,1776205714000
1776205716.445,216.445,0.04,338.57,0.03,307.02,0.05,5.0,0.06,23.63,0.95,5.0,0.94,23.63,0.96,343.92,0.97,407.02,0.01,0.01,2317.61278,1776205715000
1776205716.79,216.79,0.04,332.11,0.03,307.02,0.05,5.0,0.06,28.63,0.95,5.0,0.94,23.63,0.96,332.32,0.97,307.02,0.01,0.01,2317.61278,1776205715000
1776205717.093,217.093,0.04,332.11,0.03,307.02,0.05,5.0,0.06,28.63,0.95,5.0,0.94,28.63,0.96,332.11,0.97,307.02,0.01,0.01,2317.654877,1776205716000
1776205717.962,217.962,0.04,337.11,0.03,476.02,0.06,28.63,0.07,47.5,0.95,5.0,0.94,28.63,0.96,332.11,0.97,307.02,0.02,0.01,2317.654877,1776205716000
1776205718.535,218.535,0.05,72.51,0.04,208.38,0.06,87.13,0.07,42.0,0.94,28.63,0.93,47.5,0.96,337.11,0.97,476.02,0.01,0.02,2317.644118,1776205717000
1776205719.119,219.119,0.05,72.51,0.04,208.38,0.06,87.13,0.07,42.0,0.94,87.13,0.93,42.0,0.95,72.51,0.96,208.38,0.01,0.01,2317.641863,1776205718000
1776205719.372,219.372,0.03,340.02,0.02,837.63,0.05,19.5,0.06,104.5,0.94,138.13,0.93,72.0,0.96,204.0,0.97,648.02,0.02,0.02,2317.641863,1776205718000
1776205719.715,219.715,0.03,344.02,0.02,837.63,0.06,96.5,0.07,72.0,0.94,86.5,0.93,67.0,0.97,340.02,0.98,837.63,0.03,0.03,2317.641863,1776205718000
1776205720.043,220.043,0.03,344.02,0.02,837.63,0.06,96.5,0.07,72.0,0.94,96.5,0.93,72.0,0.97,344.02,0.98,837.63,0.03,0.03,2317.60633,1776205719000
1776205720.556,220.556,0.05,13.89,0.04,298.8,0.06,25.0,0.07,79.5,0.94,96.5,0.93,72.0,0.97,344.02,0.98,837.63,0.01,0.03,2317.60633,1776205719000
1776205720.925,220.925,0.04,303.8,0.03,459.02,0.06,29.0,0.07,57.5,0.94,25.0,0.93,79.5,0.95,13.89,0.96,298.8,0.02,0.01,2317.60633,1776205719000
1776205721.678,221.678,0.04,103.8,0.03,307.02,0.06,85.5,0.07,82.5,0.94,29.0,0.93,57.5,0.96,303.8,0.97,459.02,0.02,0.02,2317.58741,1776205720000
1776205721.931,221.931,0.04,103.8,0.03,307.02,0.06,85.5,0.07,82.5,0.94,85.5,0.93,82.5,0.96,103.8,0.97,307.02,0.02,0.02,2317.615153,1776205721000
1776205722.265,222.265,0.04,52.0,0.03,463.02,0.05,44.5,0.06,87.5,0.94,142.5,0.93,121.9,0.96,5.0,0.97,463.02,0.01,0.02,2317.615153,1776205721000
1776205722.497,222.497,0.04,5.0,0.03,313.02,0.05,32.9,0.06,107.5,0.95,49.9,0.94,107.5,0.96,5.0,0.97,313.02,0.01,0.01,2317.615153,1776205721000
1776205722.947,222.947,0.04,5.0,0.03,313.02,0.05,24.9,0.06,107.5,0.95,24.9,0.94,107.5,0.96,5.0,0.97,313.02,0.01,0.01,2317.623405,1776205722000
1776205723.958,223.958,0.04,5.0,0.03,313.02,0.05,24.9,0.06,107.5,0.95,24.9,0.94,107.5,0.96,5.0,0.97,313.02,0.01,0.01,2317.54796,1776205723000
1776205724.59,224.59,0.03,158.77,0.02,825.63,0.05,45.4,0.06,161.3,0.95,24.9,0.94,107.5,0.96,5.0,0.97,313.02,0.02,0.01,2317.54796,1776205723000
1776205724.924,224.924,0.03,158.77,0.02,825.63,0.05,45.4,0.06,161.3,0.95,45.4,0.94,161.3,0.97,158.77,0.98,825.63,0.02,0.02,2317.391075,1776205724000
1776205725.31,225.31,0.03,437.48,0.02,825.63,0.05,10.0,0.06,14.0,0.96,15.0,0.95,15.0,0.97,437.48,0.98,825.63,0.02,0.01,2317.391075,1776205724000
1776205725.545,225.545,0.03,432.48,0.02,825.63,0.06,1.5,0.07,103.8,0.95,10.0,0.94,14.0,0.97,437.48,0.98,825.63,0.03,0.02,2317.391075,1776205724000
1776205725.939,225.939,0.05,18.94,0.04,180.0,0.06,15.0,0.07,108.8,0.94,15.0,0.93,108.8,0.95,18.94,0.96,180.0,0.01,0.01,2317.36025,1776205725000
1776205726.613,226.613,0.04,180.0,0.03,426.48,0.06,31.16,0.07,103.8,0.94,15.0,0.93,108.8,0.95,18.94,0.96,180.0,0.02,0.01,2317.36025,1776205725000
1776205727.015,227.015,0.04,111.9,0.03,426.48,0.06,41.16,0.07,98.8,0.94,41.16,0.93,98.8,0.96,111.9,0.97,426.48,0.02,0.02,2317.386477,1776205726000
1776205727.327,227.327,0.04,158.9,0.03,431.48,0.07,20.5,0.08,144.9,0.94,41.16,0.93,98.8,0.96,111.9,0.97,426.48,0.03,0.02,2317.386477,1776205726000
1776205727.804,227.804,0.05,104.9,0.04,153.9,0.07,51.5,0.08,123.3,0.93,20.5,0.92,144.9,0.96,158.9,0.97,431.48,0.02,0.03,2317.386477,1776205726000
1776205728.103,228.103,0.05,104.9,0.04,106.9,0.08,171.93,0.09,127.0,0.92,171.93,0.91,127.0,0.95,104.9,0.96,106.9,0.03,0.03,2317.458321,1776205727000
1776205728.396,228.396,0.03,313.78,0.02,1040.63,0.05,5.0,0.06,233.29,0.94,248.29,0.93,111.06,0.96,16.8,0.97,364.78,0.02,0.02,2317.458321,1776205727000
1776205728.824,228.824,0.04,323.0,0.03,336.48,0.06,5.53,0.07,132.49,0.95,5.0,0.94,233.29,0.97,313.78,0.98,1040.63,0.02,0.02,2317.458321,1776205727000
1776205729.229,229.229,0.04,323.0,0.03,336.48,0.06,5.53,0.07,132.49,0.94,5.53,0.93,132.49,0.96,323.0,0.97,336.48,0.02,0.02,2317.567194,1776205728000
1776205729.44,229.44,0.04,280.5,0.03,336.48,0.05,24.35,0.06,15.53,0.94,5.53,0.93,132.49,0.96,323.0,0.97,336.48,0.01,0.02,2317.567194,1776205728000
1776205730.127,230.127,0.04,270.08,0.03,336.48,0.05,24.35,0.06,15.53,0.95,24.35,0.94,15.53,0.96,280.5,0.97,336.48,0.01,0.01,2317.567194,1776205728000
1776205730.841,230.841,0.04,270.08,0.03,336.48,0.05,24.35,0.06,15.53,0.95,24.35,0.94,15.53,0.96,270.08,0.97,336.48,0.01,0.01,2317.556766,1776205730000
1776205731.265,231.265,0.04,115.0,0.03,300.48,0.05,22.47,0.06,37.53,0.95,24.35,0.94,15.53,0.96,270.08,0.97,336.48,0.01,0.01,2317.556766,1776205730000
1776205731.832,231.832,0.04,104.58,0.03,300.48,0.05,17.47,0.06,15.53,0.95,22.47,0.94,37.53,0.96,115.0,0.97,300.48,0.01,0.01,2317.556766,1776205730000
1776205732.968,232.968,0.04,104.58,0.03,300.48,0.05,17.47,0.06,15.53,0.95,17.47,0.94,15.53,0.96,104.58,0.97,300.48,0.01,0.01,2317.543917,1776205732000
1776205734.073,234.073,0.04,104.58,0.03,300.48,0.05,17.47,0.06,15.53,0.95,17.47,0.94,15.53,0.96,104.58,0.97,300.48,0.01,0.01,2317.547698,1776205733000
1776205735.184,235.184,0.04,104.58,0.03,300.48,0.05,17.47,0.06,15.53,0.95,17.47,0.94,15.53,0.96,104.58,0.97,300.48,0.01,0.01,2317.50962,1776205734000
1776205735.397,235.397,0.04,112.19,0.03,256.48,0.05,32.47,0.06,144.02,0.95,17.47,0.94,15.53,0.96,104.58,0.97,300.48,0.01,0.01,2317.50962,1776205734000
1776205736.099,236.099,0.04,3.0,0.03,18.78,0.05,324.96,0.06,212.39,0.95,32.47,0.94,144.02,0.96,112.19,0.97,256.48,0.01,0.01,2317.50962,1776205734000
1776205736.325,236.325,0.03,6.17,0.02,449.93,0.04,57.5,0.05,238.96,0.96,45.5,0.95,287.96,0.97,11.33,0.98,425.93,0.01,0.01,2317.510425,1776205735000
1776205736.632,236.632,0.02,409.63,0.01,2755.6,0.04,177.49,0.05,232.86,0.96,57.5,0.95,238.96,0.97,6.17,0.98,449.93,0.02,0.01,2317.510425,1776205735000
1776205737.285,237.285,0.02,409.63,0.01,2755.6,0.04,177.49,0.05,232.86,0.96,177.49,0.95,232.86,0.98,409.63,0.99,2755.6,0.02,0.02,2317.495925,1776205736000
1776205737.968,237.968,0.02,437.63,0.01,2655.6,0.03,10.0,0.04,171.2,0.96,177.49,0.95,232.86,0.98,409.63,0.99,2755.6,0.01,0.02,2317.495925,1776205736000
1776205738.395,238.395,0.02,435.63,0.01,2755.6,0.03,10.0,0.04,171.2,0.97,10.0,0.96,171.2,0.98,437.63,0.99,2655.6,0.01,0.01,2317.495925,1776205736000
1776205738.842,238.842,0.02,340.93,0.01,2755.6,0.03,10.0,0.04,171.2,0.97,10.0,0.96,171.2,0.98,435.63,0.99,2755.6,0.01,0.01,2317.378305,1776205737000
1776205739.703,239.703,0.02,264.93,0.01,2655.6,0.03,30.31,0.04,171.2,0.97,10.0,0.96,171.2,0.98,340.93,0.99,2755.6,0.01,0.01,2317.288469,1776205738000
1776205739.959,239.959,0.02,259.88,0.01,2655.6,0.03,30.31,0.04,171.2,0.97,30.31,0.96,171.2,0.98,264.93,0.99,2655.6,0.01,0.01,2317.288469,1776205738000
1776205741.064,241.064,0.02,259.88,0.01,2655.6,0.04,159.85,0.05,264.29,0.96,159.85,0.95,264.29,0.98,259.88,0.99,2655.6,0.02,0.02,2317.325344,1776205740000
1776205741.84,241.84,0.02,246.73,0.01,3055.6,0.03,5.0,0.04,269.13,0.96,84.0,0.95,238.79,0.98,249.78,0.99,2655.6,0.01,0.02,2317.325344,1776205740000
1776205742.221,242.221,0.02,246.73,0.01,3055.6,0.03,5.0,0.04,269.13,0.97,5.0,0.96,269.13,0.98,246.73,0.99,3055.6,0.01,0.01,2317.26521,1776205741000
1776205742.656,242.656,0.02,245.7,0.01,3255.6,0.03,5.0,0.04,254.69,0.97,5.0,0.96,269.13,0.98,246.73,0.99,3055.6,0.01,0.01,2317.26521,1776205741000
1776205743.32,243.32,0.02,245.7,0.01,3255.6,0.03,5.0,0.04,254.69,0.97,5.0,0.96,254.69,0.98,245.7,0.99,3255.6,0.01,0.01,2317.264635,1776205742000
1776205744.085,244.085,0.02,136.6,0.01,3132.6,0.03,195.7,0.04,272.69,0.97,15.0,0.96,255.69,0.98,238.65,0.99,3255.6,0.01,0.01,2317.264635,1776205742000
1776205744.375,244.375,0.02,106.6,0.01,1637.0,0.03,378.69,0.04,203.26,0.97,378.69,0.96,203.26,0.98,116.6,0.99,1837.0,0.01,0.01,2317.264635,1776205742000
1776205744.686,244.686,0.02,96.6,0.01,1637.0,0.03,324.69,0.04,203.26,0.97,378.69,0.96,203.26,0.98,106.6,0.99,1637.0,0.01,0.01,2317.268745,1776205743000
1776205745.202,245.202,0.02,96.6,0.01,1637.0,0.03,324.69,0.04,203.26,0.97,324.69,0.96,203.26,0.98,96.6,0.99,1637.0,0.01,0.01,2317.2717,1776205744000
1776205745.439,245.439,0.02,86.6,0.01,1637.0,0.03,334.69,0.04,203.26,0.97,324.69,0.96,203.26,0.98,96.6,0.99,1637.0,0.01,0.01,2317.2717,1776205744000
1776205746.665,246.665,0.02,86.6,0.01,1637.0,0.03,334.69,0.04,203.26,0.97,334.69,0.96,203.26,0.98,86.6,0.99,1637.0,0.01,0.01,2317.108595,1776205745000
1776205747.1,247.1,0.02,77.5,0.01,1810.0,0.03,344.69,0.04,196.26,0.97,334.69,0.96,203.26,0.98,86.6,0.99,1637.0,0.01,0.01,2317.108595,1776205745000
1776205747.374,247.374,0.02,77.5,0.01,1810.0,0.03,344.69,0.04,196.26,0.97,344.69,0.96,196.26,0.98,77.5,0.99,1810.0,0.01,0.01,2316.936376,1776205746000
1776205747.774,247.774,0.02,68.4,0.01,1610.0,0.03,339.69,0.04,196.26,0.97,344.69,0.96,196.26,0.98,77.5,0.99,1810.0,0.01,0.01,2316.936376,1776205746000
1776205748.021,248.021,0.02,28.4,0.01,1610.0,0.03,339.69,0.04,196.26,0.97,339.69,0.96,196.26,0.98,68.4,0.99,1610.0,0.01,0.01,2316.936376,1776205746000
1776205749.412,249.412,0.02,13.09,0.01,1610.0,0.03,343.69,0.04,196.26,0.97,339.69,0.96,196.26,0.98,28.4,0.99,1610.0,0.01,0.01,2316.933896,1776205747000
1776205750.05,250.05,0.02,13.09,0.01,1610.0,0.03,343.69,0.04,196.26,0.97,343.69,0.96,196.26,0.98,13.09,0.99,1610.0,0.01,0.01,2316.87408,1776205749000
1776205750.455,250.455,0.02,12.06,0.01,1510.0,0.03,436.69,0.04,177.7,0.97,343.69,0.96,196.26,0.98,13.09,0.99,1610.0,0.01,0.01,2316.87408,1776205749000
1776205750.748,250.748,0.01,1510.0,,,0.02,7.21,0.03,473.69,0.97,473.69,0.96,177.7,0.98,2.79,0.99,1510.0,0.01,0.01,2316.87408,1776205749000
1776205751.106,251.106,0.01,1500.0,,,0.02,414.9,0.03,318.69,0.98,7.21,0.97,473.69,0.99,1510.0,,,0.01,0.01,2316.87408,1776205749000
1776205751.372,251.372,0.01,1495.0,,,0.02,419.9,0.03,318.69,0.98,414.9,0.97,318.69,0.99,1500.0,,,0.01,0.01,2316.830734,1776205750000
1776205751.593,251.593,0.01,1343.98,,,0.02,459.9,0.03,308.69,0.98,419.9,0.97,318.69,0.99,1495.0,,,0.01,0.01,2316.830734,1776205750000
1776205751.87,251.87,0.01,1328.46,,,0.02,509.25,0.03,198.7,0.98,509.25,0.97,198.7,0.99,1343.98,,,0.01,0.01,2316.830734,1776205750000
1776205752.352,252.352,,,,,0.01,1196.54,0.02,550.73,0.98,509.25,0.97,198.7,0.99,1328.46,,,,0.01,2316.830734,1776205750000
1776205752.749,252.749,,,,,0.01,1196.54,0.02,550.73,0.99,1196.54,0.98,550.73,,,,,,,2316.916145,1776205751000
1776205752.966,252.966,,,,,0.01,5791.37,0.02,685.9,0.99,1196.54,0.98,550.73,,,,,,,2316.916145,1776205751000
1776205753.48,253.48,,,,,0.01,5691.37,0.02,685.9,0.99,5691.37,0.98,685.9,,,,,,,2316.6049,1776205752000
1776205754.103,254.103,,,,,0.01,5691.37,0.02,685.9,0.99,5691.37,0.98,685.9,,,,,,,2316.383498,1776205753000
1776205755.344,255.344,,,,,0.01,5691.37,0.02,685.9,0.99,5691.37,0.98,685.9,,,,,,,2315.3405,1776205754000
1776205755.986,255.986,,,,,0.01,5691.37,0.02,685.9,0.99,5691.37,0.98,685.9,,,,,,,2315.554982,1776205755000
1776205757.246,257.246,,,,,0.01,5691.37,0.02,685.9,0.99,5691.37,0.98,685.9,,,,,,,2315.68653,1776205756000
1776205758.548,258.548,,,,,0.01,5691.37,0.02,685.9,0.99,5691.37,0.98,685.9,,,,,,,2315.798882,1776205757000
1776205759.088,259.088,,,,,0.01,5691.37,0.02,685.9,0.99,5691.37,0.98,685.9,,,,,,,2315.711325,1776205758000
1776205760.855,260.855,,,,,0.01,5691.37,0.02,685.9,0.99,5691.37,0.98,685.9,,,,,,,2315.834393,1776205759000
1776205761.357,261.357,,,,,0.01,5691.37,0.02,685.9,0.99,5691.37,0.98,685.9,,,,,,,2316.067019,1776205760000
1776205761.946,261.946,,,,,0.01,5691.37,0.02,685.9,0.99,5691.37,0.98,685.9,,,,,,,2316.001446,1776205761000
1776205762.912,262.912,,,,,0.01,5691.37,0.02,685.9,0.99,5691.37,0.98,685.9,,,,,,,2315.649295,1776205762000
1776205763.982,263.982,,,,,0.01,5691.37,0.02,685.9,0.99,5691.37,0.98,685.9,,,,,,,2315.55109,1776205763000
1776205765.026,265.026,,,,,0.01,5691.37,0.02,685.9,0.99,5691.37,0.98,685.9,,,,,,,2315.63171,1776205764000
1776205765.991,265.991,,,,,0.01,5691.37,0.02,685.9,0.99,5691.37,0.98,685.9,,,,,,,2315.711218,1776205765000
1776205767.016,267.016,,,,,0.01,5691.37,0.02,685.9,0.99,5691.37,0.98,685.9,,,,,,,2315.723729,1776205766000
1776205768.032,268.032,,,,,0.01,5691.37,0.02,685.9,0.99,5691.37,0.98,685.9,,,,,,,2315.745544,1776205767000
1776205769.05,269.05,,,,,0.01,5691.37,0.02,685.9,0.99,5691.37,0.98,685.9,,,,,,,2315.788122,1776205768000
1776205770.078,270.078,,,,,0.01,5691.37,0.02,685.9,0.99,5691.37,0.98,685.9,,,,,,,2315.907024,1776205769000
1776205771.046,271.046,,,,,0.01,5691.37,0.02,685.9,0.99,5691.37,0.98,685.9,,,,,,,2315.917661,1776205770000
1776205772.208,272.208,,,,,0.01,5691.37,0.02,685.9,0.99,5691.37,0.98,685.9,,,,,,,2316.07376,1776205771000
1776205773.214,273.214,,,,,0.01,5691.37,0.02,685.9,0.99,5691.37,0.98,685.9,,,,,,,2315.67242,1776205772000
1776205774.281,274.281,,,,,0.01,5691.37,0.02,685.9,0.99,5691.37,0.98,685.9,,,,,,,2315.538483,1776205773000
1776205775.138,275.138,,,,,0.01,6007.11,0.02,560.9,0.99,6007.11,0.98,560.9,,,,,,,2315.504501,1776205774000
1776205776.679,276.679,,,,,0.01,6007.11,0.02,560.9,0.99,6007.11,0.98,560.9,,,,,,,2315.282053,1776205775000
1776205777.296,277.296,,,,,0.01,6007.11,0.02,560.9,0.99,6007.11,0.98,560.9,,,,,,,2315.32895,1776205776000
1776205777.939,277.939,,,,,0.01,6007.11,0.02,560.9,0.99,6007.11,0.98,560.9,,,,,,,2315.326885,1776205777000
1776205779.107,279.107,,,,,0.01,6007.11,0.02,560.9,0.99,6007.11,0.98,560.9,,,,,,,2315.325271,1776205778000
1776205780.534,280.534,,,,,0.01,6007.11,0.02,560.9,0.99,6007.11,0.98,560.9,,,,,,,2315.306238,1776205779000
1776205781.167,281.167,,,,,0.01,6007.11,0.02,560.9,0.99,6007.11,0.98,560.9,,,,,,,2315.289005,1776205780000
1776205782.472,282.472,,,,,0.01,6007.11,0.02,560.9,0.99,6007.11,0.98,560.9,,,,,,,2315.312191,1776205781000
1776205783.248,283.248,,,,,0.01,6007.11,0.02,560.9,0.99,6007.11,0.98,560.9,,,,,,,2315.312191,1776205782000
1776205784.517,284.517,,,,,0.01,6007.11,0.02,560.9,0.99,6007.11,0.98,560.9,,,,,,,2315.243584,1776205783000
1776205785.278,285.278,,,,,0.01,6007.11,0.02,560.9,0.99,6007.11,0.98,560.9,,,,,,,2315.18175,1776205784000
1776205785.94,285.94,,,,,0.01,6070.66,0.02,372.2,0.99,6070.66,0.98,372.2,,,,,,,2315.109328,1776205785000
1776205787.293,287.293,,,,,0.01,6070.66,0.02,372.2,0.99,6070.66,0.98,372.2,,,,,,,2315.056504,1776205786000
1776205788.677,288.677,,,,,0.01,6070.66,0.02,372.2,0.99,6070.66,0.98,372.2,,,,,,,2315.102245,1776205787000
1776205789.31,289.31,,,,,0.01,6070.66,0.02,372.2,0.99,6070.66,0.98,372.2,,,,,,,2315.067001,1776205788000
1776205790.549,290.549,,,,,0.01,6070.66,0.02,372.2,0.99,6070.66,0.98,372.2,,,,,,,2314.881962,1776205789000
1776205791.933,291.933,,,,,0.01,6070.66,0.02,372.2,0.99,6070.66,0.98,372.2,,,,,,,2314.980052,1776205790000
1776205792.773,292.773,,,,,0.01,6070.66,0.02,372.2,0.99,6070.66,0.98,372.2,,,,,,,2315.013644,1776205791000
1776205793.378,293.378,,,,,0.01,6070.66,0.02,372.2,0.99,6070.66,0.98,372.2,,,,,,,2315.085986,1776205792000
1776205794.24,294.24,,,,,0.01,6070.66,0.02,372.2,0.99,6070.66,0.98,372.2,,,,,,,2315.075795,1776205793000
1776205795.745,295.745,,,,,0.01,6070.66,0.02,372.2,0.99,6070.66,0.98,372.2,,,,,,,2315.130631,1776205794000
1776205796.375,296.375,,,,,0.01,6070.66,0.02,372.2,0.99,6070.66,0.98,372.2,,,,,,,2315.229058,1776205795000
1776205797.064,297.064,,,,,0.01,6070.66,0.02,372.2,0.99,6070.66,0.98,372.2,,,,,,,2315.238843,1776205796000
1776205798.487,298.487,,,,,0.01,6070.66,0.02,372.2,0.99,6070.66,0.98,372.2,,,,,,,2315.38207,1776205797000
1776205799.229,299.229,,,,,0.01,6070.66,0.02,372.2,0.99,6070.66,0.98,372.2,,,,,,,2315.385375,1776205798000
1776205800.565,300.565,,,,,0.01,6070.66,0.02,372.2,0.99,6070.66,0.98,372.2,,,,,,,2315.4517,1776205799000
1776205801.226,301.226,,,,,0.01,6070.66,0.02,372.2,0.99,6070.66,0.98,372.2,,,,,,,2315.516308,1776205800000

# RESULT,winner=Down,slug=eth-updown-5m-1776205500,ticks=476
