timestamp,elapsed_sec,up_bid_p1,up_bid_s1,up_bid_p2,up_bid_s2,up_ask_p1,up_ask_s1,up_ask_p2,up_ask_s2,down_bid_p1,down_bid_s1,down_bid_p2,down_bid_s2,down_ask_p1,down_ask_s1,down_ask_p2,down_ask_s2,up_spread,down_spread,eth_price,eth_oracle_ts
1776372300.866,0.866,0.53,49.93,0.52,5.0,0.54,5.0,0.6,5.0,0.46,5.0,0.4,5.0,0.47,59.28,0.48,5.0,0.01,0.01,2345.194035,1776372299000
1776372302.463,2.463,0.53,63.95,0.52,5.0,0.54,36.0,0.55,83.0,0.46,5.0,0.4,5.0,0.47,49.93,0.48,5.0,0.01,0.01,2345.19236,1776372301000
1776372303.481,3.481,0.53,52.37,0.52,5.0,0.54,47.0,0.55,83.0,0.46,36.0,0.45,83.0,0.47,52.37,0.48,5.0,0.01,0.01,2345.19236,1776372301000
1776372304.226,4.226,0.51,64.12,0.5,56.56,0.54,77.0,0.55,63.0,0.46,41.0,0.45,83.0,0.47,47.37,0.48,5.0,0.03,0.01,2345.20748,1776372302000
1776372304.473,4.473,0.46,5.0,0.44,25.0,0.47,99.61,0.48,71.0,0.53,65.0,0.52,58.0,0.54,5.0,0.56,38.0,0.01,0.01,2345.212445,1776372303000
1776372305.336,5.336,0.46,34.0,0.45,22.0,0.47,61.61,0.48,58.0,0.53,99.61,0.52,71.0,0.54,5.0,0.56,25.0,0.01,0.01,2345.212445,1776372303000
1776372306.174,6.174,0.46,34.0,0.45,22.0,0.47,2.65,0.48,58.0,0.53,17.65,0.52,58.0,0.54,34.0,0.55,22.0,0.01,0.01,2345.088463,1776372305000
1776372306.714,6.714,0.46,34.0,0.45,27.0,0.48,78.0,0.49,20.0,0.53,2.65,0.52,58.0,0.54,34.0,0.55,22.0,0.02,0.01,2345.088463,1776372305000
1776372307.068,7.068,0.47,39.0,0.46,164.0,0.48,65.5,0.51,5.0,0.52,73.0,0.51,20.0,0.53,10.0,0.54,34.0,0.01,0.01,2345.088463,1776372305000
1776372307.274,7.274,0.47,71.0,0.46,164.0,0.48,48.43,0.51,5.0,0.52,65.5,0.49,5.0,0.53,39.0,0.54,164.0,0.01,0.01,2344.978825,1776372306000
1776372308.43,8.43,0.51,6.76,0.5,15.0,0.52,5.0,0.53,95.0,0.49,5.0,0.48,15.0,0.53,71.0,0.54,164.0,0.01,0.04,2345.0181,1776372307000
1776372308.923,8.923,0.51,24.71,0.5,46.0,0.52,10.0,0.53,95.0,0.48,5.0,0.47,95.0,0.49,6.76,0.5,15.0,0.01,0.01,2345.0181,1776372307000
1776372309.271,9.271,0.51,35.71,0.5,41.0,0.52,0.38,0.53,95.0,0.48,10.0,0.47,95.0,0.49,24.71,0.5,46.0,0.01,0.01,2345.0181,1776372307000
1776372309.978,9.978,0.51,4.71,0.5,66.0,0.52,4.36,0.53,115.0,0.48,0.38,0.47,95.0,0.49,35.71,0.5,41.0,0.01,0.01,2345.186464,1776372308000
1776372310.265,10.265,0.51,10.1,0.5,20.0,0.52,75.06,0.53,113.0,0.48,4.36,0.47,115.0,0.49,4.71,0.5,66.0,0.01,0.01,2345.186464,1776372308000
1776372312.689,12.689,0.47,131.75,0.46,113.0,0.49,82.85,0.5,35.5,0.48,75.06,0.47,113.0,0.49,5.1,0.5,20.0,0.02,0.01,2345.30034,1776372311000
1776372313.535,13.535,0.47,10.0,0.46,30.0,0.48,28.0,0.49,62.85,0.51,82.85,0.5,35.5,0.53,131.75,0.54,113.0,0.01,0.02,2345.089145,1776372312000
1776372313.762,13.762,0.45,4.52,0.44,33.5,0.48,63.0,0.49,92.85,0.52,28.0,0.51,62.85,0.53,10.0,0.54,30.0,0.03,0.01,2345.089145,1776372312000
1776372314.137,14.137,0.44,33.5,0.43,43.0,0.45,35.0,0.46,90.0,0.52,63.0,0.51,92.85,0.55,4.52,0.56,33.5,0.01,0.03,2345.089145,1776372312000
1776372315.799,15.799,0.44,20.5,0.43,60.0,0.48,9.47,0.49,77.85,0.55,29.5,0.54,90.0,0.56,33.5,0.57,43.0,0.04,0.01,2345.008405,1776372314000
1776372316.318,16.318,0.45,10.5,0.44,40.97,0.46,12.82,0.47,20.5,0.54,15.0,0.53,20.5,0.55,12.5,0.56,40.97,0.01,0.01,2345.008405,1776372314000
1776372316.529,16.529,0.45,5.5,0.44,42.5,0.46,12.82,0.47,20.5,0.54,12.82,0.53,20.5,0.55,10.5,0.56,40.97,0.01,0.01,2345.008405,1776372314000
1776372318.321,18.321,0.46,12.79,0.45,25.5,0.47,55.5,0.48,21.0,0.54,12.82,0.53,20.5,0.55,5.5,0.56,42.5,0.01,0.01,2344.912653,1776372317000
1776372320.328,20.328,0.46,10.75,0.45,34.5,0.47,50.5,0.48,21.0,0.53,55.5,0.52,21.0,0.54,12.79,0.55,25.5,0.01,0.01,2344.873192,1776372319000
1776372320.677,20.677,0.46,10.75,0.45,34.5,0.47,57.32,0.48,21.0,0.53,50.5,0.52,21.0,0.54,10.75,0.55,34.5,0.01,0.01,2344.873192,1776372319000
1776372325.203,25.203,0.43,5.52,0.42,83.5,0.45,88.5,0.46,172.85,0.53,57.32,0.52,21.0,0.54,10.75,0.55,34.5,0.02,0.01,2344.850686,1776372324000
1776372330.877,30.877,0.34,1.39,0.33,40.0,0.35,155.5,0.36,30.5,0.56,17.27,0.55,71.5,0.57,10.5,0.58,49.02,0.01,0.01,2344.55917,1776372329000
1776372331.164,31.164,0.33,40.0,0.32,85.5,0.37,40.08,0.38,10.0,0.65,167.5,0.64,30.5,0.67,67.0,0.68,70.5,0.04,0.02,2344.50858,1776372330000
1776372331.808,31.808,0.36,112.11,0.35,30.0,0.37,46.0,0.38,6.0,0.66,7.05,0.65,10.0,0.67,40.0,0.68,90.5,0.01,0.01,2344.50858,1776372330000
1776372332.013,32.013,0.39,55.47,0.38,50.97,0.4,0.47,0.41,40.0,0.6,2.5,0.59,25.0,0.63,15.0,0.64,117.11,0.01,0.03,2344.50858,1776372330000
1776372332.483,32.483,0.39,76.74,0.38,45.5,0.41,45.0,0.42,25.0,0.59,40.0,0.58,10.0,0.6,6.9,0.61,83.74,0.02,0.01,2344.233136,1776372331000
1776372332.708,32.708,0.39,50.39,0.38,54.5,0.4,5.0,0.41,73.0,0.6,10.0,0.59,68.0,0.61,60.39,0.62,54.5,0.01,0.01,2344.233136,1776372331000
1776372333.04,33.04,0.39,57.6,0.38,54.5,0.4,33.0,0.41,50.0,0.59,96.0,0.58,20.0,0.61,55.39,0.62,54.5,0.01,0.02,2344.233136,1776372331000
1776372334.003,34.003,0.39,55.96,0.38,59.5,0.4,57.35,0.41,50.0,0.6,33.0,0.59,50.0,0.61,57.6,0.62,54.5,0.01,0.01,2343.9896,1776372332000
1776372334.347,34.347,0.39,121.96,0.38,46.5,0.4,22.35,0.41,35.0,0.6,57.35,0.59,50.0,0.61,55.96,0.62,59.5,0.01,0.01,2343.9896,1776372332000
1776372334.772,34.772,0.39,120.99,0.38,46.5,0.4,19.35,0.41,35.0,0.6,42.35,0.59,35.0,0.61,106.96,0.62,46.5,0.01,0.01,2344.19363,1776372333000
1776372335.124,35.124,0.4,110.9,0.39,48.52,0.41,35.0,0.42,10.0,0.59,35.0,0.58,10.0,0.61,120.99,0.62,46.5,0.01,0.02,2344.19363,1776372333000
1776372335.35,35.35,0.4,131.53,0.39,53.52,0.41,35.0,0.42,10.0,0.59,35.0,0.58,10.0,0.6,110.9,0.61,48.52,0.01,0.01,2344.19363,1776372333000
1776372336.087,36.087,0.4,129.97,0.39,53.52,0.41,25.0,0.42,10.0,0.59,35.0,0.58,10.0,0.6,131.53,0.61,53.52,0.01,0.01,2344.2675,1776372334000
1776372338.118,38.118,0.41,117.47,0.4,50.97,0.42,15.06,0.45,115.0,0.59,25.0,0.58,10.0,0.6,129.97,0.61,53.52,0.01,0.01,2344.505683,1776372336000
1776372338.615,38.615,0.41,130.47,0.4,50.97,0.45,110.0,0.46,25.0,0.58,15.06,0.55,115.0,0.59,117.47,0.6,50.97,0.04,0.01,2344.505683,1776372336000
1776372340.346,40.346,0.45,109.49,0.44,56.5,0.46,10.0,0.47,25.0,0.55,110.0,0.54,25.0,0.59,130.47,0.6,50.97,0.01,0.04,2344.653337,1776372339000
1776372341.121,41.121,0.5,38.0,0.49,17.0,0.51,23.53,0.52,10.0,0.54,10.0,0.53,25.0,0.55,109.49,0.56,56.5,0.01,0.01,2344.653337,1776372339000
1776372341.718,41.718,0.5,38.0,0.49,32.5,0.51,7.05,0.52,15.0,0.49,23.53,0.48,10.0,0.5,38.0,0.51,17.0,0.01,0.01,2344.653337,1776372339000
1776372343.323,43.323,0.51,10.89,0.5,20.0,0.52,115.5,0.53,105.5,0.49,7.05,0.48,15.0,0.5,38.0,0.51,32.5,0.01,0.01,2345.001601,1776372341000
1776372345.787,45.787,0.51,10.89,0.5,20.0,0.52,80.57,0.53,75.5,0.48,115.5,0.47,105.5,0.49,10.89,0.5,20.0,0.01,0.01,2345.04393,1776372344000
1776372348.131,48.131,0.51,10.89,0.5,20.0,0.52,101.78,0.53,80.5,0.48,80.57,0.47,75.5,0.49,10.89,0.5,20.0,0.01,0.01,2345.050465,1776372346000
1776372348.416,48.416,0.5,10.67,0.49,10.0,0.52,81.5,0.53,80.5,0.48,101.78,0.47,80.5,0.49,10.89,0.5,20.0,0.02,0.01,2345.050465,1776372346000
1776372350.147,50.147,0.51,108.5,0.5,84.5,0.52,0.24,0.53,30.0,0.48,81.5,0.47,80.5,0.51,10.0,0.52,61.5,0.01,0.03,2345.057385,1776372348000
1776372350.418,50.418,0.51,124.5,0.5,77.5,0.53,30.0,0.54,130.5,0.48,0.24,0.47,30.0,0.49,108.5,0.5,84.5,0.02,0.01,2345.05668,1776372349000
1776372350.931,50.931,0.52,109.5,0.51,87.5,0.53,3.11,0.54,120.0,0.47,30.0,0.46,130.5,0.49,124.5,0.5,77.5,0.01,0.02,2345.05668,1776372349000
1776372351.841,51.841,0.54,126.5,0.53,72.5,0.55,12.83,0.56,115.0,0.47,2.47,0.46,120.0,0.48,93.5,0.49,87.5,0.01,0.01,2345.060146,1776372350000
1776372352.068,52.068,0.54,126.5,0.53,77.5,0.56,5.0,0.57,36.0,0.45,12.83,0.44,115.0,0.46,126.5,0.47,72.5,0.02,0.01,2345.060146,1776372350000
1776372354.345,54.345,0.58,83.5,0.57,72.5,0.6,141.5,0.61,60.0,0.44,5.0,0.43,46.5,0.46,92.56,0.47,59.5,0.02,0.02,2345.305075,1776372352000
1776372354.707,54.707,0.6,48.5,0.59,101.7,0.62,37.5,0.63,5.0,0.4,141.5,0.39,60.0,0.42,83.5,0.43,72.5,0.02,0.02,2345.305075,1776372352000
1776372355.012,55.012,0.61,88.0,0.6,72.5,0.62,32.5,0.63,15.0,0.38,37.5,0.37,5.0,0.4,48.5,0.41,101.7,0.01,0.02,2345.305075,1776372352000
1776372355.445,55.445,0.61,88.0,0.6,72.5,0.62,27.41,0.63,15.0,0.38,32.5,0.37,15.0,0.39,88.0,0.4,72.5,0.01,0.01,2345.58249,1776372354000
1776372356.067,56.067,0.61,125.17,0.6,72.5,0.62,15.0,0.63,25.5,0.38,27.41,0.37,15.0,0.39,88.0,0.4,72.5,0.01,0.01,2345.58249,1776372354000
1776372356.549,56.549,0.61,120.17,0.6,72.5,0.62,15.0,0.63,25.5,0.38,15.0,0.37,25.5,0.39,125.17,0.4,72.5,0.01,0.01,2345.58249,1776372354000
1776372356.986,56.986,0.61,120.17,0.6,72.5,0.63,25.5,0.64,48.61,0.38,15.0,0.37,25.5,0.39,120.17,0.4,72.5,0.02,0.01,2345.6237,1776372355000
1776372357.273,57.273,0.62,97.5,0.61,94.17,0.64,21.41,0.65,5.0,0.37,25.5,0.36,48.61,0.39,120.17,0.4,72.5,0.02,0.02,2345.6237,1776372355000
1776372358.423,58.423,0.63,81.0,0.62,70.5,0.64,2.91,0.65,15.5,0.36,21.41,0.35,5.0,0.37,5.0,0.38,97.5,0.01,0.01,2345.821025,1776372357000
1776372358.843,58.843,0.69,71.0,0.68,16.0,0.7,13.92,0.71,124.96,0.29,0.38,0.28,92.89,0.36,16.0,0.37,81.0,0.01,0.07,2345.821025,1776372357000
1776372359.046,59.046,0.69,29.2,0.68,16.0,0.7,19.42,0.71,124.96,0.3,13.92,0.29,124.96,0.31,21.0,0.32,16.0,0.01,0.01,2345.821025,1776372357000
1776372359.42,59.42,0.66,10.0,0.65,10.0,0.7,32.76,0.71,164.58,0.3,20.76,0.29,134.96,0.31,8.32,0.32,16.0,0.04,0.01,2345.850645,1776372358000
1776372359.725,59.725,0.67,12.96,0.66,10.0,0.68,82.5,0.69,30.5,0.32,57.5,0.31,30.5,0.33,22.96,0.34,10.0,0.01,0.01,2345.850645,1776372358000
1776372360.052,60.052,0.66,19.45,0.65,10.0,0.68,32.5,0.69,30.5,0.32,82.5,0.31,30.5,0.33,12.96,0.34,10.0,0.02,0.01,2345.850645,1776372358000
1776372361.568,61.568,0.66,11.5,0.65,10.0,0.67,56.0,0.68,25.5,0.33,20.5,0.32,25.5,0.34,39.5,0.35,10.0,0.01,0.01,2346.031805,1776372360000
1776372362.291,62.291,0.66,9.71,0.65,10.0,0.67,27.5,0.68,10.0,0.33,56.0,0.32,25.5,0.34,11.5,0.35,10.0,0.01,0.01,2345.987157,1776372361000
1776372362.902,62.902,0.66,9.71,0.65,20.0,0.67,23.64,0.68,138.84,0.33,63.12,0.32,20.0,0.34,9.71,0.35,20.0,0.01,0.01,2345.987157,1776372361000
1776372363.974,63.974,0.66,89.9,0.61,25.0,0.67,73.5,0.68,133.84,0.33,23.64,0.32,138.84,0.34,9.71,0.35,20.0,0.01,0.01,2345.927335,1776372362000
1776372364.187,64.187,0.59,25.0,0.58,10.0,0.66,39.63,0.67,187.5,0.33,142.5,0.32,133.84,0.34,10.37,0.39,25.0,0.07,0.01,2345.927335,1776372362000
1776372364.682,64.682,0.55,50.0,0.54,90.0,0.57,5.52,0.58,10.0,0.34,39.63,0.33,187.5,0.41,25.0,0.42,10.0,0.02,0.07,2345.904619,1776372363000
1776372364.929,64.929,0.56,10.38,0.54,90.0,0.58,11.09,0.59,40.0,0.43,3.76,0.42,10.0,0.45,50.0,0.46,90.0,0.02,0.02,2345.904619,1776372363000
1776372365.198,65.198,0.56,7.31,0.54,65.0,0.57,27.5,0.58,11.09,0.42,11.09,0.41,40.0,0.44,10.38,0.46,90.0,0.01,0.02,2345.904619,1776372363000
1776372366.007,66.007,0.54,39.27,0.53,90.51,0.55,35.0,0.56,10.0,0.43,27.5,0.42,11.09,0.46,61.01,0.47,80.01,0.01,0.03,2345.916233,1776372364000
1776372367.401,67.401,0.54,39.27,0.53,100.01,0.55,23.18,0.56,35.5,0.45,35.0,0.44,10.0,0.46,39.27,0.47,90.51,0.01,0.01,2345.566951,1776372365000
1776372371.504,71.504,0.56,5.0,0.55,26.0,0.57,15.5,0.58,75.5,0.45,23.18,0.44,35.5,0.46,39.27,0.47,100.01,0.01,0.01,2345.33281,1776372370000
1776372375.759,75.759,0.55,2.77,0.54,44.27,0.56,91.0,0.57,50.5,0.43,10.5,0.42,75.5,0.44,5.0,0.45,26.0,0.01,0.01,2345.366077,1776372374000
1776372379.344,79.344,0.57,16.0,0.56,26.5,0.58,38.63,0.59,45.0,0.44,96.0,0.43,50.5,0.46,44.27,0.47,105.01,0.01,0.02,2345.253679,1776372378000
1776372380.905,80.905,0.58,41.5,0.57,40.5,0.61,50.0,0.62,50.0,0.42,27.83,0.41,45.0,0.43,16.0,0.44,26.5,0.03,0.01,2345.355661,1776372379000
1776372382.104,82.104,0.63,5.0,0.62,5.0,0.64,133.81,0.65,55.86,0.39,50.0,0.38,50.0,0.42,41.5,0.43,40.5,0.01,0.03,2345.298385,1776372380000
1776372383.394,83.394,0.64,52.5,0.63,41.5,0.66,10.0,0.67,50.0,0.36,133.81,0.35,55.86,0.38,1.31,0.39,15.0,0.02,0.02,2345.468645,1776372382000
1776372384.348,84.348,0.68,48.06,0.67,31.5,0.69,10.0,0.71,75.0,0.34,10.0,0.33,50.0,0.36,52.5,0.37,41.5,0.01,0.02,2345.61552,1776372383000
1776372384.853,84.853,0.68,48.12,0.67,31.5,0.69,6.07,0.71,75.0,0.31,10.0,0.29,75.0,0.32,48.06,0.33,31.5,0.01,0.01,2345.61552,1776372383000
1776372385.204,85.204,0.68,36.5,0.67,31.5,0.7,31.57,0.71,75.0,0.31,6.07,0.29,75.0,0.32,48.12,0.33,31.5,0.02,0.01,2345.714422,1776372384000
1776372385.684,85.684,0.7,30.83,0.69,36.5,0.71,81.21,0.72,50.0,0.29,75.0,0.28,55.0,0.31,10.0,0.32,36.5,0.01,0.02,2345.714422,1776372384000
1776372386.469,86.469,0.7,84.33,0.69,36.5,0.72,116.71,0.73,16.0,0.29,6.21,0.28,116.71,0.3,68.33,0.31,36.5,0.02,0.01,2345.953985,1776372385000
1776372386.763,86.763,0.71,81.7,0.7,51.33,0.72,116.71,0.73,16.0,0.28,116.71,0.27,16.0,0.3,84.33,0.31,36.5,0.01,0.02,2345.953985,1776372385000
1776372387.092,87.092,0.71,64.93,0.7,51.33,0.72,60.57,0.74,10.0,0.28,66.71,0.27,16.0,0.29,64.93,0.3,51.33,0.01,0.01,2345.953985,1776372385000
1776372387.39,87.39,0.71,61.13,0.7,51.33,0.72,53.36,0.74,10.0,0.28,60.57,0.26,10.0,0.29,61.13,0.3,51.33,0.01,0.01,2346.021374,1776372386000
1776372387.972,87.972,0.71,57.33,0.7,51.33,0.72,5.0,0.74,10.0,0.28,53.36,0.26,10.0,0.29,61.13,0.3,51.33,0.01,0.01,2346.021374,1776372386000
1776372388.59,88.59,0.71,351.0,0.7,61.33,0.76,100.0,0.78,21.0,0.28,5.0,0.26,10.0,0.29,57.33,0.3,51.33,0.05,0.01,2346.021374,1776372386000
1776372389.013,89.013,0.83,7.64,0.82,10.0,0.85,21.92,0.86,156.92,0.15,32.92,0.14,29.9,0.21,10.0,0.22,79.41,0.02,0.06,2346.355817,1776372387000
1776372389.504,89.504,0.85,10.0,0.84,0.37,0.86,96.43,0.87,31.8,0.15,15.74,0.14,156.92,0.16,0.37,0.17,10.0,0.01,0.01,2346.385465,1776372388000
1776372389.91,89.91,0.82,6.52,0.81,7.52,0.84,7.88,0.86,30.0,0.14,104.43,0.13,47.8,0.18,6.52,0.19,7.52,0.02,0.04,2346.385465,1776372388000
1776372390.117,90.117,0.79,4.83,0.78,73.0,0.84,48.38,0.86,207.46,0.16,2.38,0.14,43.0,0.21,10.0,0.22,73.0,0.05,0.05,2346.391837,1776372389000
1776372390.346,90.346,0.82,10.0,0.81,10.0,0.85,10.0,0.86,223.46,0.18,26.55,0.16,18.0,0.22,70.69,0.23,17.0,0.03,0.04,2346.391837,1776372389000
1776372390.769,90.769,0.78,60.69,0.77,17.0,0.82,18.0,0.83,19.0,0.16,43.0,0.15,10.0,0.19,8.94,0.2,10.0,0.04,0.03,2346.391837,1776372389000
1776372391.221,91.221,0.8,6.37,0.79,10.0,0.81,50.4,0.82,50.08,0.18,43.08,0.17,61.0,0.2,6.37,0.21,10.0,0.01,0.02,2346.391837,1776372389000
1776372391.459,91.459,0.78,76.69,0.77,23.0,0.79,6.63,0.81,37.16,0.19,37.16,0.18,38.0,0.2,0.37,0.21,16.0,0.01,0.01,2347.119785,1776372390000
1776372391.793,91.793,0.78,76.69,0.77,17.0,0.79,3.75,0.81,184.77,0.21,28.36,0.19,154.77,0.22,76.69,0.23,17.0,0.01,0.01,2347.119785,1776372390000
1776372392.075,92.075,0.78,93.69,0.77,17.0,0.81,144.77,0.82,8.0,0.21,2.23,0.19,169.77,0.22,76.69,0.23,17.0,0.03,0.01,2347.04661,1776372391000
1776372392.547,92.547,0.8,10.0,0.79,35.0,0.81,150.89,0.82,8.0,0.19,161.25,0.18,8.0,0.21,10.0,0.22,98.19,0.01,0.02,2347.04661,1776372391000
1776372393.342,93.342,0.8,4.5,0.79,40.0,0.81,155.89,0.82,18.0,0.19,150.89,0.18,8.0,0.2,10.0,0.21,35.0,0.01,0.01,2346.740958,1776372392000
1776372393.739,93.739,0.79,25.0,0.78,77.69,0.8,17.25,0.81,171.39,0.19,155.89,0.18,18.0,0.2,4.5,0.21,40.0,0.01,0.01,2346.740958,1776372392000
1776372394.047,94.047,0.78,53.69,0.77,10.0,0.79,28.0,0.8,27.25,0.2,17.25,0.19,171.39,0.21,25.0,0.22,77.69,0.01,0.01,2346.740958,1776372392000
1776372394.274,94.274,0.78,48.69,0.77,10.0,0.79,54.0,0.8,27.25,0.21,22.0,0.2,27.25,0.22,53.69,0.23,10.0,0.01,0.01,2346.7698,1776372393000
1776372394.712,94.712,0.78,61.32,0.77,30.5,0.79,4.0,0.8,8.0,0.21,54.0,0.2,27.25,0.22,48.69,0.23,10.0,0.01,0.01,2346.7698,1776372393000
1776372395.0,95.0,0.79,20.5,0.78,25.5,0.8,14.41,0.82,132.89,0.21,2.1,0.2,8.0,0.22,30.5,0.23,40.5,0.01,0.01,2346.7698,1776372393000
1776372395.764,95.764,0.79,20.0,0.78,25.5,0.82,106.49,0.83,85.0,0.2,14.41,0.18,132.89,0.21,20.5,0.22,25.5,0.03,0.01,2346.818135,1776372394000
1776372395.986,95.986,0.81,4.47,0.8,10.0,0.82,167.49,0.83,85.0,0.18,106.49,0.17,85.0,0.21,20.0,0.22,25.5,0.01,0.03,2346.752212,1776372395000
1776372396.512,96.512,0.81,4.47,0.8,10.0,0.82,128.27,0.83,85.0,0.18,167.49,0.17,85.0,0.19,4.47,0.2,10.0,0.01,0.01,2346.752212,1776372395000
1776372396.74,96.74,0.79,19.97,0.78,20.5,0.82,14.78,0.83,85.0,0.18,128.27,0.17,85.0,0.19,4.47,0.2,10.0,0.03,0.01,2346.752212,1776372395000
1776372399.391,99.391,0.76,11.0,0.75,27.5,0.79,53.0,0.8,15.0,0.18,81.7,0.17,85.0,0.21,15.87,0.22,20.5,0.03,0.03,2346.81237,1776372398000
1776372401.697,101.697,0.77,35.5,0.76,10.0,0.78,1.09,0.79,8.0,0.22,7.0,0.21,23.0,0.24,4.45,0.25,27.5,0.01,0.02,2346.815837,1776372400000
1776372403.384,103.384,0.84,15.0,0.83,25.5,0.86,56.68,0.87,46.8,0.22,1.09,0.21,8.0,0.23,35.5,0.24,10.0,0.02,0.01,2346.815837,1776372401000
1776372403.645,103.645,0.83,14.86,0.82,15.0,0.86,40.68,0.87,62.8,0.14,56.68,0.13,46.8,0.16,15.0,0.17,25.5,0.03,0.02,2346.820071,1776372402000
1776372406.147,106.147,0.83,38.5,0.82,35.5,0.84,7.97,0.85,10.0,0.14,40.68,0.13,62.8,0.17,14.86,0.18,15.0,0.01,0.03,2347.055117,1776372404000
1776372406.394,106.394,0.83,48.5,0.82,35.5,0.84,0.58,0.85,10.0,0.16,2.01,0.15,10.0,0.17,38.5,0.18,35.5,0.01,0.01,2347.190964,1776372405000
1776372407.235,107.235,0.8,50.5,0.79,25.5,0.81,24.0,0.82,25.5,0.16,0.58,0.15,10.0,0.17,67.3,0.18,35.5,0.01,0.01,2347.190964,1776372406000
1776372409.477,109.477,0.8,81.0,0.79,25.5,0.81,6.53,0.82,50.0,0.19,24.0,0.18,25.5,0.2,50.5,0.21,25.5,0.01,0.01,2347.029133,1776372408000
1776372409.857,109.857,0.8,81.0,0.79,25.5,0.81,4.06,0.83,9.0,0.19,6.53,0.18,50.0,0.2,81.0,0.21,25.5,0.01,0.01,2347.029133,1776372408000
1776372410.565,110.565,0.8,66.0,0.79,25.5,0.81,4.06,0.83,9.0,0.19,4.06,0.17,9.0,0.2,81.0,0.21,25.5,0.01,0.01,2346.85069,1776372409000
1776372410.901,110.901,0.68,91.24,0.67,226.3,0.81,4.06,0.83,9.0,0.19,4.06,0.17,9.0,0.2,66.0,0.21,25.5,0.13,0.01,2346.884181,1776372410000
1776372411.241,111.241,0.8,58.0,0.79,15.5,0.81,58.36,0.82,10.0,0.19,4.06,0.17,9.0,0.32,91.24,0.33,226.3,0.01,0.13,2346.884181,1776372410000
1776372412.008,112.008,0.8,46.4,0.79,15.5,0.81,93.36,0.82,85.0,0.19,58.36,0.18,10.0,0.2,58.0,0.21,15.5,0.01,0.01,2346.97573,1776372411000
1776372412.841,112.841,0.8,23.4,0.79,10.5,0.81,90.36,0.82,15.0,0.19,85.36,0.18,85.0,0.2,46.4,0.21,15.5,0.01,0.01,2346.97573,1776372411000
1776372413.458,113.458,0.78,77.4,0.77,10.0,0.79,13.48,0.8,85.0,0.19,90.36,0.18,15.0,0.22,11.4,0.23,5.0,0.01,0.03,2346.995775,1776372412000
1776372417.306,117.306,0.78,62.27,0.77,20.5,0.79,13.48,0.8,85.0,0.21,13.48,0.2,85.0,0.22,77.4,0.23,10.0,0.01,0.01,2347.016485,1776372416000
1776372418.468,118.468,0.78,19.0,0.77,10.0,0.79,53.83,0.8,85.0,0.21,13.48,0.2,85.0,0.22,62.27,0.23,20.5,0.01,0.01,2347.0161,1776372417000
1776372419.018,119.018,0.78,19.0,0.77,28.73,0.79,62.56,0.8,135.0,0.21,53.83,0.2,85.0,0.22,19.0,0.23,10.0,0.01,0.01,2347.035057,1776372418000
1776372420.546,120.546,0.78,19.0,0.77,5.0,0.79,72.84,0.8,135.0,0.21,57.49,0.2,135.0,0.22,19.0,0.23,28.73,0.01,0.01,2347.010359,1776372419000
1776372421.007,121.007,0.78,39.0,0.77,5.0,0.79,71.32,0.8,85.0,0.21,72.84,0.2,135.0,0.22,19.0,0.23,5.0,0.01,0.01,2347.010359,1776372419000
1776372421.457,121.457,0.78,49.0,0.77,15.0,0.79,55.0,0.8,80.0,0.21,71.32,0.2,85.0,0.22,39.0,0.23,5.0,0.01,0.01,2346.957021,1776372420000
1776372422.36,122.36,0.78,39.0,0.77,15.0,0.79,86.0,0.8,85.0,0.21,55.0,0.2,80.0,0.22,49.0,0.23,15.0,0.01,0.01,2346.946963,1776372421000
1776372422.732,122.732,0.78,39.0,0.77,15.0,0.79,44.0,0.8,80.0,0.21,86.0,0.2,85.0,0.22,39.0,0.23,15.0,0.01,0.01,2346.946963,1776372421000
1776372423.823,123.823,0.78,132.52,0.77,23.0,0.81,3.4,0.82,10.0,0.21,44.0,0.2,80.0,0.22,39.0,0.23,15.0,0.03,0.01,2346.939838,1776372422000
1776372424.337,124.337,0.82,98.0,0.81,18.0,0.83,10.0,0.84,10.0,0.18,10.0,0.17,19.0,0.22,132.52,0.23,23.0,0.01,0.04,2346.940825,1776372423000
1776372424.822,124.822,0.82,77.0,0.81,23.0,0.83,4.87,0.84,20.0,0.17,10.0,0.16,10.0,0.18,98.0,0.19,18.0,0.01,0.01,2346.940825,1776372423000
1776372425.309,125.309,0.82,86.0,0.81,33.0,0.83,4.87,0.84,10.0,0.17,4.87,0.16,20.0,0.18,77.0,0.19,23.0,0.01,0.01,2346.953345,1776372424000
1776372426.589,126.589,0.82,86.0,0.81,23.0,0.85,80.0,0.86,35.5,0.17,4.87,0.16,10.0,0.18,86.0,0.19,33.0,0.03,0.01,2347.275877,1776372425000
1776372428.201,128.201,0.83,107.0,0.82,28.0,0.84,30.77,0.85,80.0,0.15,80.0,0.14,35.5,0.18,86.0,0.19,23.0,0.01,0.03,2347.252795,1776372426000
1776372429.134,129.134,0.83,107.0,0.82,28.0,0.84,35.77,0.85,90.0,0.16,30.77,0.15,80.0,0.17,107.0,0.18,28.0,0.01,0.01,2347.27058,1776372427000
1776372430.994,130.994,0.83,107.0,0.82,28.0,0.84,18.8,0.85,80.0,0.16,35.77,0.15,90.0,0.17,107.0,0.18,28.0,0.01,0.01,2347.349324,1776372430000
1776372431.336,131.336,0.82,17.94,0.81,45.5,0.84,8.8,0.85,80.0,0.16,18.8,0.15,80.0,0.17,107.0,0.18,28.0,0.02,0.01,2347.349324,1776372430000
1776372432.182,132.182,0.85,17.0,0.84,91.0,0.86,10.28,0.87,10.0,0.16,8.8,0.15,80.0,0.18,17.94,0.19,45.5,0.01,0.02,2347.349324,1776372430000
1776372432.612,132.612,0.86,100.0,0.85,83.1,0.87,2.91,0.88,20.0,0.14,10.28,0.13,10.0,0.15,17.11,0.16,77.0,0.01,0.01,2347.35293,1776372431000
1776372432.996,132.996,0.86,170.0,0.85,83.1,0.88,3.52,0.89,30.0,0.13,0.61,0.12,20.0,0.14,160.0,0.15,83.1,0.02,0.01,2347.35293,1776372431000
1776372433.643,133.643,0.87,107.0,0.86,164.0,0.89,30.0,0.9,20.0,0.12,0.75,0.11,30.0,0.13,35.0,0.14,94.0,0.02,0.01,2347.33793,1776372432000
1776372433.95,133.95,0.87,102.0,0.86,151.0,0.88,0.09,0.89,43.0,0.12,8.05,0.11,43.0,0.13,102.0,0.14,104.0,0.01,0.01,2347.33793,1776372432000
1776372434.169,134.169,0.87,63.55,0.86,122.0,0.88,0.09,0.89,43.0,0.12,0.09,0.11,43.0,0.13,102.0,0.14,151.0,0.01,0.01,2347.717183,1776372433000
1776372435.488,135.488,0.87,115.55,0.86,117.0,0.88,10.0,0.89,28.08,0.11,38.08,0.1,90.0,0.13,78.55,0.14,132.0,0.01,0.02,2347.717183,1776372433000
1776372436.28,136.28,0.87,85.55,0.86,112.0,0.88,8.52,0.89,28.08,0.12,10.0,0.11,28.08,0.13,115.55,0.14,117.0,0.01,0.01,2348.198353,1776372434000
1776372437.438,137.438,0.88,111.0,0.87,71.0,0.89,11.49,0.9,20.0,0.12,8.52,0.11,28.08,0.13,85.55,0.14,112.0,0.01,0.01,2347.998675,1776372436000
1776372438.735,138.735,0.89,11.51,0.88,131.0,0.9,20.0,0.91,21.0,0.11,11.49,0.1,20.0,0.12,111.0,0.13,71.0,0.01,0.01,2347.998755,1776372437000
1776372439.004,139.004,0.9,116.12,0.89,96.51,0.91,21.0,0.92,36.0,0.09,21.0,0.08,39.0,0.11,11.51,0.12,73.0,0.01,0.02,2347.998755,1776372437000
1776372439.403,139.403,0.9,173.0,0.89,101.51,0.91,6.82,0.92,22.0,0.09,7.92,0.08,36.0,0.1,111.0,0.11,81.51,0.01,0.01,2347.998755,1776372437000
1776372439.716,139.716,0.9,211.0,0.89,176.51,0.92,12.22,0.93,77.0,0.09,6.82,0.08,22.0,0.1,173.0,0.11,101.51,0.02,0.01,2348.033383,1776372438000
1776372440.78,140.78,0.91,133.0,0.9,166.0,0.92,8.95,0.93,49.0,0.08,12.22,0.07,77.0,0.1,211.0,0.11,176.51,0.01,0.02,2348.153938,1776372439000
1776372441.152,141.152,0.91,327.0,0.9,195.0,0.92,0.6,0.93,49.0,0.08,8.95,0.07,49.0,0.09,133.0,0.1,166.0,0.01,0.01,2348.373627,1776372440000
1776372442.97,142.97,0.91,184.88,0.9,40.0,0.92,0.6,0.93,49.0,0.08,0.6,0.07,49.0,0.09,327.0,0.1,195.0,0.01,0.01,2348.605307,1776372441000
1776372444.648,144.648,0.91,32.0,0.9,40.0,0.92,0.6,0.93,80.0,0.08,0.6,0.07,49.0,0.09,184.88,0.1,40.0,0.01,0.01,2348.910798,1776372443000
1776372448.473,148.473,0.91,87.0,0.9,40.0,0.93,24.0,0.94,254.59,0.08,0.6,0.07,80.0,0.09,32.0,0.1,40.0,0.02,0.01,2348.81652,1776372447000
1776372450.69,150.69,0.92,81.42,0.9,10.0,0.93,24.0,0.94,255.59,0.07,24.0,0.06,254.59,0.09,87.0,0.1,40.0,0.01,0.02,2348.769669,1776372449000
1776372450.932,150.932,0.92,69.35,0.9,10.0,0.93,15.6,0.94,250.59,0.07,18.73,0.06,250.59,0.08,64.35,0.1,10.0,0.01,0.01,2348.769669,1776372449000
1776372451.44,151.44,0.92,21.22,0.9,10.0,0.93,14.52,0.94,319.39,0.07,19.52,0.06,250.59,0.08,34.22,0.09,5.0,0.01,0.01,2348.695391,1776372450000
1776372451.787,151.787,0.92,16.22,0.9,10.0,0.93,9.25,0.94,314.39,0.07,14.52,0.06,319.39,0.08,21.22,0.1,10.0,0.01,0.01,2348.695391,1776372450000
1776372452.06,152.06,0.9,10.0,0.89,107.51,0.93,23.87,0.94,319.39,0.07,28.87,0.06,314.39,0.08,16.22,0.1,10.0,0.03,0.01,2348.561349,1776372451000
1776372453.827,153.827,0.9,5.0,0.89,5.0,0.93,60.91,0.94,324.39,0.07,23.87,0.06,319.39,0.1,10.0,0.11,107.51,0.03,0.03,2348.416776,1776372452000
1776372454.917,154.917,0.89,5.0,0.88,61.0,0.9,9.0,0.91,10.0,0.07,60.91,0.06,324.39,0.1,5.0,0.11,5.0,0.01,0.03,2348.219739,1776372453000
1776372456.654,156.654,0.89,52.0,0.88,35.0,0.9,7.0,0.91,10.0,0.1,9.0,0.09,10.0,0.11,5.0,0.12,61.0,0.01,0.01,2348.114435,1776372455000
1776372457.648,157.648,0.9,188.0,0.89,259.33,0.91,7.94,0.92,35.0,0.1,7.0,0.09,10.0,0.11,7.0,0.12,35.0,0.01,0.01,2348.15646,1776372456000
1776372458.29,158.29,0.91,27.11,0.9,114.0,0.93,8.18,0.94,250.59,0.08,35.0,0.07,10.0,0.09,9.11,0.1,188.0,0.02,0.01,2348.13498,1776372457000
1776372459.28,159.28,0.92,69.07,0.91,25.11,0.93,2.11,0.94,250.59,0.07,8.18,0.06,250.59,0.09,27.11,0.1,109.0,0.01,0.02,2348.13498,1776372457000
1776372460.573,160.573,0.92,2.97,0.91,14.11,0.93,2.11,0.94,250.59,0.07,2.11,0.06,250.59,0.08,69.07,0.09,25.11,0.01,0.01,2348.558203,1776372459000
1776372460.813,160.813,0.9,19.42,0.89,14.0,0.92,10.0,0.93,7.11,0.08,10.0,0.07,2.11,0.1,19.42,0.11,14.0,0.02,0.02,2348.558203,1776372459000
1776372461.195,161.195,0.9,18.42,0.89,14.0,0.91,10.0,0.92,10.0,0.08,10.0,0.07,7.11,0.1,19.42,0.11,14.0,0.01,0.02,2348.558203,1776372459000
1776372462.013,162.013,0.9,5.0,0.89,5.0,0.91,6.86,0.92,10.0,0.09,10.0,0.08,10.0,0.1,18.42,0.11,14.0,0.01,0.01,2348.481505,1776372461000
1776372462.233,162.233,0.89,5.0,0.88,35.0,0.9,7.88,0.91,6.86,0.1,9.0,0.09,6.86,0.11,5.0,0.12,35.0,0.01,0.01,2348.481505,1776372461000
1776372463.211,163.211,0.89,15.0,0.88,47.33,0.9,14.77,0.91,6.86,0.1,16.15,0.09,6.86,0.11,15.0,0.12,35.0,0.01,0.01,2348.298695,1776372462000
1776372464.384,164.384,0.88,20.46,0.87,10.0,0.89,12.8,0.9,14.77,0.1,14.77,0.09,6.86,0.14,98.33,0.15,160.2,0.01,0.04,2348.230958,1776372463000
1776372464.624,164.624,0.88,20.46,0.87,10.0,0.89,7.95,0.9,14.77,0.11,12.8,0.1,14.77,0.12,20.46,0.13,10.0,0.01,0.01,2348.230958,1776372463000
1776372465.091,165.091,0.88,140.88,0.87,10.0,0.89,0.46,0.9,14.77,0.11,7.95,0.1,14.77,0.12,20.46,0.13,10.0,0.01,0.01,2348.230958,1776372463000
1776372466.302,166.302,0.88,115.42,0.87,25.0,0.89,14.99,0.9,13.62,0.1,13.62,0.09,6.86,0.12,140.88,0.13,10.0,0.01,0.02,2348.04342,1776372465000
1776372467.459,167.459,0.88,156.42,0.87,15.0,0.89,22.74,0.9,7.88,0.11,14.99,0.1,13.62,0.12,115.42,0.13,25.0,0.01,0.01,2348.04342,1776372465000
1776372467.704,167.704,0.88,161.42,0.87,15.0,0.89,12.27,0.9,7.88,0.11,22.74,0.1,7.88,0.12,156.42,0.13,15.0,0.01,0.01,2348.118183,1776372466000
1776372471.2,171.2,0.88,83.64,0.87,67.8,0.89,2.11,0.9,7.88,0.11,12.27,0.1,7.88,0.12,161.42,0.13,15.0,0.01,0.01,2348.095053,1776372470000
1776372472.563,172.563,0.88,56.64,0.87,83.8,0.89,2.11,0.9,7.88,0.11,2.11,0.1,7.88,0.12,83.64,0.13,67.8,0.01,0.01,2348.140379,1776372471000
1776372474.367,174.367,0.88,51.3,0.87,73.8,0.9,7.88,0.91,11.86,0.11,2.11,0.1,7.88,0.12,56.64,0.13,83.8,0.02,0.01,2348.057834,1776372473000
1776372475.445,175.445,0.89,106.51,0.88,22.0,0.9,6.65,0.91,11.86,0.1,7.88,0.09,11.86,0.12,51.3,0.13,73.8,0.01,0.02,2348.015199,1776372474000
1776372476.006,176.006,0.89,111.51,0.88,22.0,0.9,4.21,0.91,11.86,0.1,6.65,0.09,11.86,0.11,106.51,0.12,22.0,0.01,0.01,2348.015199,1776372474000
1776372477.916,177.916,0.89,122.51,0.88,25.0,0.9,2.21,0.91,6.86,0.1,4.21,0.09,11.86,0.11,111.51,0.12,22.0,0.01,0.01,2348.030928,1776372476000
1776372479.35,179.35,0.89,26.0,0.88,110.85,0.91,6.86,0.92,15.0,0.1,2.21,0.09,6.86,0.11,122.51,0.12,25.0,0.02,0.01,2348.040465,1776372478000
1776372480.129,180.129,0.89,82.12,0.88,87.1,0.9,8.45,0.91,6.86,0.09,6.86,0.08,15.0,0.11,26.0,0.12,110.85,0.01,0.02,2348.040465,1776372478000
1776372480.397,180.397,0.89,108.12,0.88,116.1,0.9,0.8,0.91,6.86,0.1,2.89,0.09,6.86,0.11,82.12,0.12,97.1,0.01,0.01,2348.043976,1776372479000
1776372480.784,180.784,0.89,108.12,0.88,116.1,0.91,5.44,0.92,15.0,0.1,0.8,0.09,6.86,0.11,108.12,0.12,116.1,0.02,0.01,2348.043976,1776372479000
1776372482.411,182.411,0.91,34.3,0.9,15.0,0.93,5.76,0.94,130.59,0.08,9.51,0.07,7.11,0.1,10.0,0.11,88.12,0.02,0.02,2347.994981,1776372481000
1776372484.316,184.316,0.91,4.3,0.9,15.0,0.93,20.76,0.94,135.59,0.07,5.76,0.06,130.59,0.09,34.3,0.1,15.0,0.02,0.02,2347.987843,1776372483000
1776372485.137,185.137,0.9,139.79,0.89,20.0,0.91,8.78,0.92,10.0,0.07,15.38,0.06,135.59,0.11,15.0,0.12,116.1,0.01,0.04,2347.987843,1776372483000
1776372485.892,185.892,0.93,19.0,0.92,191.26,0.94,232.58,0.95,51.42,0.08,5.4,0.07,10.38,0.1,149.79,0.11,25.0,0.01,0.02,2347.958425,1776372484000
1776372486.136,186.136,0.93,29.0,0.92,172.26,0.94,227.47,0.95,51.42,0.06,232.58,0.05,51.42,0.07,19.0,0.08,191.26,0.01,0.01,2347.958425,1776372484000
1776372486.439,186.439,0.93,23.28,0.92,153.26,0.94,223.61,0.95,51.42,0.06,227.47,0.05,51.42,0.07,18.28,0.08,153.26,0.01,0.01,2347.928487,1776372485000
1776372488.015,188.015,0.93,147.6,0.92,116.9,0.94,217.46,0.95,56.42,0.06,222.78,0.05,51.42,0.07,23.28,0.08,153.26,0.01,0.01,2348.143888,1776372487000
1776372489.137,189.137,0.93,147.6,0.92,106.9,0.94,213.4,0.95,56.42,0.06,217.46,0.05,56.42,0.07,147.6,0.08,116.9,0.01,0.01,2348.29588,1776372488000
1776372490.447,190.447,0.93,47.28,0.92,106.9,0.94,208.08,0.95,56.42,0.06,213.4,0.05,56.42,0.07,147.6,0.08,106.9,0.01,0.01,2348.335375,1776372489000
1776372492.495,192.495,0.93,74.94,0.92,120.96,0.94,190.08,0.95,56.42,0.06,197.08,0.05,56.42,0.07,47.28,0.08,106.9,0.01,0.01,2348.352291,1776372491000
1776372493.297,193.297,0.93,5.0,0.92,20.0,0.94,210.23,0.95,51.42,0.06,190.08,0.05,56.42,0.07,74.94,0.08,120.96,0.01,0.01,2348.352291,1776372491000
1776372495.258,195.258,0.93,40.21,0.92,20.0,0.94,115.72,0.95,51.42,0.06,209.16,0.05,51.42,0.07,5.0,0.08,20.0,0.01,0.01,2348.295479,1776372493000
1776372495.897,195.897,0.93,40.21,0.92,20.0,0.94,113.72,0.95,56.42,0.06,115.72,0.05,51.42,0.07,40.21,0.08,20.0,0.01,0.01,2348.209334,1776372494000
1776372498.718,198.718,0.93,15.21,0.92,5.0,0.94,34.72,0.95,56.42,0.06,113.72,0.05,56.42,0.07,40.21,0.08,20.0,0.01,0.01,2348.073346,1776372497000
1776372499.19,199.19,0.91,15.0,0.9,173.0,0.94,34.72,0.95,61.42,0.06,34.72,0.05,56.42,0.07,15.21,0.08,5.0,0.03,0.01,2348.056949,1776372498000
1776372499.973,199.973,0.91,106.69,0.9,74.0,0.92,5.98,0.93,71.0,0.06,34.72,0.05,61.42,0.09,15.0,0.1,173.0,0.01,0.03,2348.056949,1776372498000
1776372500.964,200.964,0.92,59.63,0.91,80.0,0.93,75.13,0.94,9.72,0.08,1.28,0.07,76.0,0.09,86.69,0.1,89.0,0.01,0.01,2347.988074,1776372499000
1776372501.257,201.257,0.92,86.36,0.91,136.0,0.95,51.42,0.96,393.8,0.07,70.13,0.06,9.72,0.08,61.63,0.09,80.0,0.03,0.01,2347.988074,1776372499000
1776372501.553,201.553,0.95,167.0,0.94,84.0,0.96,369.8,0.97,439.0,0.04,369.9,0.03,439.0,0.06,87.0,0.07,15.0,0.01,0.02,2347.974069,1776372500000
1776372501.812,201.812,0.95,130.8,0.94,84.0,0.96,369.8,0.97,348.0,0.04,369.8,0.03,439.0,0.05,167.0,0.06,84.0,0.01,0.01,2347.974069,1776372500000
1776372502.092,202.092,0.95,298.81,0.94,84.0,0.96,242.5,0.97,430.0,0.04,369.8,0.03,348.0,0.05,130.8,0.06,84.0,0.01,0.01,2347.974069,1776372500000
1776372502.408,202.408,0.95,296.81,0.94,147.8,0.96,216.35,0.97,430.0,0.04,242.5,0.03,430.0,0.05,298.81,0.06,84.0,0.01,0.01,2347.961565,1776372501000
1776372502.703,202.703,0.95,303.81,0.94,147.8,0.96,206.35,0.97,430.0,0.04,216.35,0.03,430.0,0.05,296.81,0.06,147.8,0.01,0.01,2347.961565,1776372501000
1776372503.034,203.034,0.95,169.01,0.94,138.42,0.96,141.43,0.97,387.0,0.04,141.43,0.03,387.0,0.05,221.01,0.06,143.11,0.01,0.01,2347.961565,1776372501000
1776372504.069,204.069,0.95,33.0,0.94,135.42,0.96,40.28,0.97,353.0,0.04,141.43,0.03,387.0,0.05,169.01,0.06,138.42,0.01,0.01,2348.450996,1776372502000
1776372504.607,204.607,0.95,32.0,0.94,145.42,0.96,14.78,0.97,353.0,0.04,7.39,0.03,353.0,0.05,20.0,0.06,135.42,0.01,0.01,2349.003778,1776372503000
1776372504.824,204.824,0.94,182.48,0.93,149.3,0.96,14.78,0.97,387.0,0.04,14.78,0.03,353.0,0.05,32.0,0.06,145.42,0.02,0.01,2349.003778,1776372503000
1776372505.569,205.569,0.94,182.48,0.93,149.3,0.95,62.29,0.96,15.0,0.04,14.78,0.03,387.0,0.06,182.48,0.07,149.3,0.01,0.02,2349.003778,1776372503000
1776372506.039,206.039,0.94,177.48,0.93,160.16,0.95,55.49,0.96,15.0,0.05,62.29,0.04,15.0,0.06,182.48,0.07,149.3,0.01,0.01,2348.652483,1776372504000
1776372506.547,206.547,0.94,182.48,0.93,160.16,0.95,23.03,0.96,15.0,0.05,24.09,0.04,15.0,0.06,177.48,0.07,160.16,0.01,0.01,2348.652483,1776372504000
1776372508.31,208.31,0.95,61.73,0.94,120.42,0.96,77.85,0.97,353.0,0.05,23.03,0.04,15.0,0.06,182.48,0.07,160.16,0.01,0.01,2348.529145,1776372507000
1776372508.711,208.711,0.95,56.73,0.94,120.42,0.96,74.08,0.97,353.0,0.04,77.85,0.03,353.0,0.05,61.73,0.06,120.42,0.01,0.01,2348.529145,1776372507000
1776372509.179,209.179,0.95,56.73,0.94,120.42,0.96,72.72,0.97,353.0,0.04,74.08,0.03,353.0,0.05,56.73,0.06,120.42,0.01,0.01,2348.529145,1776372507000
1776372509.699,209.699,0.94,0.62,0.93,169.16,0.96,97.72,0.97,353.0,0.04,72.72,0.03,353.0,0.05,56.73,0.06,120.42,0.02,0.01,2348.529145,1776372507000
1776372510.696,210.696,0.93,131.16,0.92,117.9,0.96,121.57,0.97,476.7,0.04,33.72,0.03,353.0,0.05,31.46,0.06,0.62,0.03,0.01,2348.524344,1776372509000
1776372511.046,211.046,0.94,76.18,0.93,131.16,0.95,18.8,0.96,47.57,0.04,121.57,0.03,476.7,0.07,131.16,0.08,117.9,0.01,0.03,2348.524344,1776372509000
1776372512.151,212.151,0.95,10.0,0.94,221.85,0.96,62.37,0.97,153.0,0.05,16.8,0.04,47.57,0.06,76.18,0.07,153.16,0.01,0.01,2348.364608,1776372510000
1776372512.515,212.515,0.95,17.0,0.94,231.85,0.96,56.37,0.97,153.0,0.04,62.37,0.03,153.0,0.05,10.0,0.06,221.85,0.01,0.01,2348.265774,1776372511000
1776372512.739,212.739,0.95,96.05,0.94,168.8,0.96,53.35,0.97,153.0,0.04,56.37,0.03,153.0,0.05,17.0,0.06,231.85,0.01,0.01,2348.265774,1776372511000
1776372513.355,213.355,0.95,130.05,0.94,185.8,0.96,52.3,0.97,153.0,0.04,53.35,0.03,153.0,0.05,96.05,0.06,168.8,0.01,0.01,2348.265774,1776372511000
1776372514.25,214.25,0.95,179.85,0.94,166.8,0.96,46.3,0.97,153.0,0.04,52.3,0.03,153.0,0.05,130.05,0.06,185.8,0.01,0.01,2348.382243,1776372513000
1776372514.875,214.875,0.96,26.62,0.95,172.85,0.97,153.0,0.98,521.7,0.04,46.3,0.03,153.0,0.05,179.85,0.06,166.8,0.01,0.01,2348.382243,1776372513000
1776372515.546,215.546,0.96,150.62,0.95,117.8,0.97,137.69,0.98,521.7,0.03,153.0,0.02,521.7,0.04,26.62,0.05,172.85,0.01,0.01,2348.497534,1776372514000
1776372518.163,218.163,0.96,150.62,0.95,128.8,0.97,136.65,0.98,238.0,0.03,137.69,0.02,521.7,0.04,150.62,0.05,117.8,0.01,0.01,2348.490965,1776372516000
1776372519.751,219.751,0.96,320.49,0.95,166.8,0.97,119.43,0.98,305.0,0.03,129.43,0.02,238.0,0.04,46.62,0.05,128.8,0.01,0.01,2348.551337,1776372518000
1776372520.029,220.029,0.96,304.32,0.95,235.54,0.97,89.43,0.98,305.0,0.03,119.43,0.02,305.0,0.04,320.49,0.05,166.8,0.01,0.01,2348.551337,1776372518000
1776372520.758,220.758,0.96,341.32,0.95,245.54,0.97,55.27,0.98,305.0,0.03,60.43,0.02,305.0,0.04,304.32,0.05,235.54,0.01,0.01,2348.466401,1776372519000
1776372521.019,221.019,0.96,315.32,0.95,225.54,0.97,50.16,0.98,305.0,0.03,55.27,0.02,305.0,0.04,341.32,0.05,245.54,0.01,0.01,2348.466401,1776372519000
1776372521.511,221.511,0.96,315.32,0.95,225.54,0.97,45.16,0.98,305.0,0.03,50.16,0.02,305.0,0.04,315.32,0.05,225.54,0.01,0.01,2348.503925,1776372520000
1776372522.582,222.582,0.96,169.32,0.95,148.8,0.97,90.16,0.98,238.0,0.03,45.16,0.02,305.0,0.04,315.32,0.05,225.54,0.01,0.01,2348.836769,1776372521000
1776372523.078,223.078,0.96,146.32,0.95,239.89,0.97,77.74,0.98,238.0,0.03,78.78,0.02,238.0,0.04,146.32,0.05,223.89,0.01,0.01,2348.836769,1776372521000
1776372523.361,223.361,0.96,161.32,0.95,239.89,0.97,72.59,0.98,238.0,0.03,77.74,0.02,238.0,0.04,146.32,0.05,239.89,0.01,0.01,2348.836769,1776372521000
1776372523.856,223.856,0.96,251.73,0.95,164.8,0.97,69.49,0.98,238.0,0.03,70.53,0.02,238.0,0.04,161.32,0.05,239.89,0.01,0.01,2348.836769,1776372521000
1776372524.197,224.197,0.96,262.73,0.95,164.8,0.97,50.86,0.98,238.0,0.03,51.9,0.02,238.0,0.04,262.73,0.05,164.8,0.01,0.01,2348.836769,1776372521000
1776372524.685,224.685,0.96,273.73,0.95,164.8,0.98,235.88,0.99,1881.48,0.03,26.73,0.02,238.0,0.04,262.73,0.05,164.8,0.02,0.01,2348.94705,1776372523000
1776372525.333,225.333,0.97,35.15,0.96,188.32,0.98,235.88,0.99,2281.48,0.02,235.88,0.01,1881.48,0.04,273.73,0.05,164.8,0.01,0.02,2348.720802,1776372524000
1776372526.082,226.082,0.97,169.16,0.96,219.32,0.98,233.84,0.99,1881.48,0.02,235.88,0.01,2281.48,0.03,35.15,0.04,188.32,0.01,0.01,2348.720802,1776372524000
1776372526.477,226.477,0.97,174.16,0.96,209.32,0.98,228.84,0.99,1881.48,0.02,233.84,0.01,1881.48,0.03,169.16,0.04,219.32,0.01,0.01,2348.645725,1776372525000
1776372526.98,226.98,0.97,50.46,0.96,209.32,0.98,223.46,0.99,1581.48,0.02,228.84,0.01,1881.48,0.03,174.16,0.04,209.32,0.01,0.01,2348.645725,1776372525000
1776372527.183,227.183,0.97,198.16,0.96,209.32,0.98,218.46,0.99,1581.48,0.02,223.46,0.01,1581.48,0.03,50.46,0.04,209.32,0.01,0.01,2348.645725,1776372525000
1776372528.037,228.037,0.97,198.16,0.96,209.32,0.98,214.29,0.99,1881.48,0.02,216.33,0.01,1581.48,0.03,198.16,0.04,209.32,0.01,0.01,2348.79054,1776372527000
1776372528.998,228.998,0.97,198.01,0.96,239.32,0.98,212.25,0.99,1217.88,0.02,214.29,0.01,1881.48,0.03,198.16,0.04,209.32,0.01,0.01,2348.79054,1776372527000
1776372529.479,229.479,0.97,340.01,0.96,209.32,0.98,106.25,0.99,1217.88,0.02,212.25,0.01,1217.88,0.03,198.01,0.04,239.32,0.01,0.01,2348.874402,1776372528000
1776372529.873,229.873,0.97,350.01,0.96,209.32,0.98,80.97,0.99,1217.88,0.02,83.01,0.01,1217.88,0.03,340.01,0.04,209.32,0.01,0.01,2348.874402,1776372528000
1776372530.634,230.634,0.97,328.01,0.96,192.32,0.98,78.93,0.99,1217.88,0.02,80.97,0.01,1217.88,0.03,350.01,0.04,209.32,0.01,0.01,2348.817918,1776372529000
1776372531.449,231.449,0.97,380.01,0.96,192.32,0.98,76.89,0.99,1217.88,0.02,78.93,0.01,1217.88,0.03,328.01,0.04,192.32,0.01,0.01,2348.931072,1776372530000
1776372531.717,231.717,0.97,255.01,0.96,192.32,0.98,74.84,0.99,1217.88,0.02,74.84,0.01,1217.88,0.03,380.01,0.04,192.32,0.01,0.01,2348.931072,1776372530000
1776372532.238,232.238,0.97,255.01,0.96,197.32,0.98,72.8,0.99,1217.88,0.02,74.84,0.01,1217.88,0.03,255.01,0.04,192.32,0.01,0.01,2348.931072,1776372530000
1776372532.622,232.622,0.97,255.01,0.96,185.32,0.98,62.69,0.99,1217.88,0.02,72.8,0.01,1217.88,0.03,255.01,0.04,197.32,0.01,0.01,2349.186015,1776372531000
1776372532.997,232.997,0.97,390.46,0.96,185.32,0.98,40.65,0.99,1217.88,0.02,42.69,0.01,1217.88,0.03,358.46,0.04,185.32,0.01,0.01,2349.186015,1776372531000
1776372533.74,233.74,0.97,358.46,0.96,185.32,0.98,13.4,0.99,1237.88,0.02,15.44,0.01,1237.88,0.03,378.46,0.04,185.32,0.01,0.01,2349.362155,1776372532000
1776372534.036,234.036,0.97,358.46,0.96,185.32,0.99,837.43,,,0.02,1.55,0.01,1237.88,0.03,358.46,0.04,185.32,0.02,0.01,2349.39393,1776372533000
1776372534.334,234.334,0.98,92.0,0.97,255.01,0.99,817.43,,,0.01,837.43,,,0.03,358.46,0.04,185.32,0.01,0.02,2349.39393,1776372533000
1776372534.637,234.637,0.98,109.0,0.97,214.31,0.99,766.35,,,0.01,786.35,,,0.02,109.0,0.03,214.31,0.01,0.01,2349.39393,1776372533000
1776372534.991,234.991,0.98,319.27,0.97,214.31,0.99,764.33,,,0.01,764.33,,,0.02,326.7,0.03,214.31,0.01,0.01,2349.509912,1776372534000
1776372536.097,236.097,0.98,366.27,0.97,314.31,0.99,772.28,,,0.01,773.3,,,0.02,319.27,0.03,214.31,0.01,0.01,2349.360029,1776372535000
1776372536.435,236.435,0.98,351.85,0.97,314.31,0.99,772.28,,,0.01,772.28,,,0.02,366.27,0.03,314.31,0.01,0.01,2349.360029,1776372535000
1776372536.765,236.765,0.98,351.85,0.97,314.31,0.99,764.98,,,0.01,772.28,,,0.02,351.85,0.03,314.31,0.01,0.01,2349.360029,1776372535000
1776372537.329,237.329,0.98,466.85,0.97,290.01,0.99,762.96,,,0.01,764.98,,,0.02,351.85,0.03,314.31,0.01,0.01,2349.356956,1776372536000
1776372537.605,237.605,0.98,487.85,0.97,272.01,0.99,748.83,,,0.01,750.85,,,0.02,466.85,0.03,290.01,0.01,0.01,2349.356956,1776372536000
1776372537.825,237.825,0.99,1776.17,0.98,300.7,,,,,0.01,748.83,,,0.02,487.85,0.03,272.01,,0.01,2349.356956,1776372536000
1776372538.111,238.111,0.99,2288.75,0.98,300.7,,,,,,,,,0.01,1776.17,0.02,300.7,,,2349.543794,1776372537000
1776372538.347,238.347,0.99,2276.23,0.98,300.7,,,,,,,,,0.01,2277.43,0.02,300.7,,,2349.543794,1776372537000
1776372539.639,239.639,0.99,2206.54,0.98,400.7,,,,,,,,,0.01,2171.08,0.02,300.7,,,2349.595762,1776372538000
1776372541.247,241.247,0.99,2377.8,0.98,400.7,,,,,,,,,0.01,2206.54,0.02,400.7,,,2349.711286,1776372539000
1776372541.845,241.845,0.99,10538.82,0.98,300.7,,,,,,,,,0.01,2377.8,0.02,400.7,,,2349.577166,1776372540000
1776372542.341,242.341,0.99,10463.78,0.98,400.7,,,,,,,,,0.01,10527.87,0.02,300.7,,,2349.577166,1776372540000
1776372543.645,243.645,0.99,2422.81,0.98,264.7,,,,,,,,,0.01,10463.78,0.02,400.7,,,2349.641813,1776372542000
1776372543.898,243.898,0.99,2393.81,0.98,264.7,,,,,,,,,0.01,2422.81,0.02,264.7,,,2349.641813,1776372542000
1776372544.749,244.749,0.99,2423.8,0.98,264.7,,,,,,,,,0.01,2393.81,0.02,264.7,,,2349.511611,1776372543000
1776372545.783,245.783,0.99,666.11,0.98,188.7,,,,,,,,,0.01,2423.8,0.02,264.7,,,2349.096302,1776372544000
1776372546.053,246.053,0.99,455.11,0.98,188.7,,,,,,,,,0.01,475.11,0.02,188.7,,,2349.096302,1776372544000
1776372546.595,246.595,0.99,374.11,0.98,188.7,,,,,,,,,0.01,394.11,0.02,188.7,,,2349.007508,1776372545000
1776372547.056,247.056,0.99,285.0,0.98,188.7,,,,,0.01,45.89,,,0.02,188.7,0.03,128.16,,0.01,2349.007508,1776372545000
1776372547.415,247.415,0.99,135.0,0.98,188.7,,,,,,,,,0.01,285.0,0.02,188.7,,,2348.877837,1776372546000
1776372549.214,249.214,0.98,188.7,0.97,107.16,0.99,65.0,,,,,,,0.01,135.0,0.02,188.7,0.01,,2348.200845,1776372548000
1776372549.503,249.503,0.98,188.7,0.97,107.16,0.99,70.11,,,0.01,65.0,,,0.02,188.7,0.03,107.16,0.01,0.01,2348.200845,1776372548000
1776372550.652,250.652,0.98,198.7,0.97,140.16,0.99,7.0,,,0.01,64.11,,,0.02,188.7,0.03,112.16,0.01,0.01,2348.060673,1776372549000
1776372551.06,251.06,0.98,198.7,0.97,140.16,0.99,105.98,,,0.01,7.0,,,0.02,198.7,0.03,140.16,0.01,0.01,2348.060673,1776372549000
1776372551.478,251.478,0.99,14.02,0.98,198.7,,,,,0.01,105.98,,,0.02,198.7,0.03,140.16,,0.01,2348.039216,1776372550000
1776372552.891,252.891,0.99,14.02,0.98,178.7,,,,,,,,,0.01,14.02,0.02,198.7,,,2348.121759,1776372551000
1776372556.727,256.727,0.99,82.05,0.98,178.7,,,,,,,,,0.01,14.02,0.02,178.7,,,2348.168819,1776372555000
1776372557.93,257.93,0.99,10.05,0.98,168.7,,,,,,,,,0.01,82.05,0.02,178.7,,,2348.110865,1776372556000
1776372558.417,258.417,0.98,104.7,0.97,107.16,0.99,2654.95,,,0.01,2514.95,,,0.02,168.7,0.03,107.16,0.01,0.01,2348.110865,1776372556000
1776372558.651,258.651,0.98,104.7,0.97,107.16,0.99,2643.82,,,0.01,2644.84,,,0.02,104.7,0.03,107.16,0.01,0.01,2348.110865,1776372556000
1776372559.111,259.111,0.98,104.7,0.97,107.16,0.99,2646.03,,,0.01,2643.82,,,0.02,104.7,0.03,107.16,0.01,0.01,2348.034709,1776372558000
1776372560.0,260.0,0.98,34.7,0.97,107.16,0.99,2594.02,,,0.01,2545.02,,,0.02,104.7,0.03,107.16,0.01,0.01,2348.034709,1776372558000
1776372560.516,260.516,0.96,140.32,0.95,98.8,0.97,15.84,0.98,229.0,0.01,2554.02,,,0.03,27.16,0.04,140.32,0.01,0.02,2348.034709,1776372558000
1776372560.884,260.884,0.96,150.53,0.95,96.06,0.97,140.84,0.98,189.0,0.03,15.84,0.02,229.0,0.04,140.32,0.05,98.8,0.01,0.01,2347.44076,1776372559000
1776372561.241,261.241,0.96,155.32,0.95,164.06,0.97,105.0,0.98,125.0,0.03,140.84,0.02,189.0,0.04,150.53,0.05,96.06,0.01,0.01,2347.44076,1776372559000
1776372561.859,261.859,0.96,161.32,0.95,164.06,0.97,18.93,0.98,25.0,0.03,18.93,0.02,25.0,0.04,160.53,0.05,148.8,0.01,0.01,2347.365973,1776372560000
1776372563.687,263.687,0.97,142.0,0.96,263.32,0.99,2350.02,,,0.03,18.93,0.02,25.0,0.04,161.32,0.05,164.06,0.02,0.01,2347.19833,1776372562000
1776372564.113,264.113,0.97,170.0,0.96,253.32,0.99,2348.87,,,0.01,2350.02,,,0.03,142.0,0.04,263.32,0.02,0.02,2347.19833,1776372562000
1776372566.229,266.229,0.97,170.0,0.96,276.32,0.99,2343.11,,,0.01,2348.87,,,0.03,170.0,0.04,253.32,0.02,0.02,2347.614716,1776372564000
1776372566.633,266.633,0.97,160.0,0.96,276.32,0.99,2341.07,,,0.01,2343.11,,,0.03,170.0,0.04,276.32,0.02,0.02,2347.614716,1776372564000
1776372567.665,267.665,0.98,177.0,0.97,160.0,0.99,2379.12,,,0.01,2341.07,,,0.03,160.0,0.04,276.32,0.01,0.02,2347.814026,1776372566000
1776372568.014,268.014,0.98,296.0,0.97,123.0,0.99,2361.12,,,0.01,2369.12,,,0.02,234.0,0.03,140.0,0.01,0.01,2347.814026,1776372566000
1776372568.219,268.219,0.98,296.0,0.97,123.0,0.99,2358.88,,,0.01,2361.12,,,0.02,296.0,0.03,123.0,0.01,0.01,2347.936543,1776372567000
1776372568.555,268.555,0.98,228.5,0.97,113.0,0.99,2344.82,,,0.01,2353.82,,,0.02,228.5,0.03,113.0,0.01,0.01,2347.936543,1776372567000
1776372568.782,268.782,0.98,228.5,0.97,113.0,0.99,2308.44,,,0.01,2343.8,,,0.02,228.5,0.03,113.0,0.01,0.01,2347.936543,1776372567000
1776372569.129,269.129,0.98,228.5,0.97,113.0,0.99,2303.39,,,0.01,2308.44,,,0.02,228.5,0.03,113.0,0.01,0.01,2347.936543,1776372567000
1776372569.528,269.528,0.98,266.5,0.97,94.0,0.99,2273.39,,,0.01,2303.39,,,0.02,228.5,0.03,113.0,0.01,0.01,2347.936543,1776372567000
1776372569.809,269.809,0.98,266.5,0.97,94.0,0.99,2157.32,,,0.01,2162.37,,,0.02,266.5,0.03,94.0,0.01,0.01,2347.891987,1776372568000
1776372570.419,270.419,0.98,266.5,0.97,94.0,0.99,2152.32,,,0.01,2157.32,,,0.02,266.5,0.03,94.0,0.01,0.01,2348.244723,1776372569000
1776372570.727,270.727,0.98,266.5,0.97,94.0,0.99,2082.7,,,0.01,2092.85,,,0.02,266.5,0.03,94.0,0.01,0.01,2348.244723,1776372569000
1776372571.258,271.258,0.98,257.1,0.97,84.0,0.99,2046.99,,,0.01,2055.41,,,0.02,247.1,0.03,94.0,0.01,0.01,2348.244723,1776372569000
1776372572.054,272.054,0.98,247.1,0.97,84.0,0.99,1036.88,,,0.01,2046.99,,,0.02,257.1,0.03,84.0,0.01,0.01,2348.2932,1776372570000
1776372572.267,272.267,0.98,247.1,0.97,84.0,0.99,991.82,,,0.01,1036.88,,,0.02,247.1,0.03,84.0,0.01,0.01,2348.2932,1776372570000
1776372572.568,272.568,0.98,253.73,0.97,84.0,0.99,867.27,,,0.01,887.27,,,0.02,247.1,0.03,84.0,0.01,0.01,2348.341029,1776372571000
1776372573.052,273.052,0.98,223.73,0.97,84.0,0.99,837.27,,,0.01,867.27,,,0.02,253.73,0.03,84.0,0.01,0.01,2348.291859,1776372572000
1776372573.624,273.624,0.98,173.23,0.97,84.0,0.99,837.27,,,0.01,837.27,,,0.02,223.73,0.03,84.0,0.01,0.01,2348.291859,1776372572000
1776372575.598,275.598,0.98,173.23,0.97,84.0,0.99,835.04,,,0.01,837.27,,,0.02,173.23,0.03,84.0,0.01,0.01,2348.174724,1776372573000
1776372576.34,276.34,0.98,173.23,0.97,84.0,0.99,818.93,,,0.01,829.04,,,0.02,173.23,0.03,84.0,0.01,0.01,2348.174724,1776372573000
1776372576.686,276.686,0.98,173.23,0.97,84.0,0.99,811.9,,,0.01,816.9,,,0.02,173.23,0.03,84.0,0.01,0.01,2348.174724,1776372573000
1776372577.698,277.698,0.98,173.23,0.97,84.0,0.99,771.9,,,0.01,811.9,,,0.02,173.23,0.03,84.0,0.01,0.01,2348.1015,1776372576000
1776372578.393,278.393,0.98,173.23,0.97,84.0,0.99,735.79,,,0.01,769.86,,,0.02,173.23,0.03,84.0,0.01,0.01,2348.104075,1776372577000
1776372579.373,279.373,0.98,241.23,0.97,61.0,0.99,727.02,,,0.01,735.79,,,0.02,173.23,0.03,84.0,0.01,0.01,2348.104075,1776372577000
1776372580.006,280.006,0.99,3368.3,0.98,183.22,,,,,,,,,0.01,1280.99,0.02,241.23,,,2347.985146,1776372578000
1776372581.632,281.632,0.99,3472.97,0.98,183.22,,,,,,,,,0.01,3368.3,0.02,183.22,,,2348.078429,1776372580000
1776372586.723,286.723,0.99,6404.2,0.98,222.61,,,,,,,,,0.01,3472.97,0.02,183.22,,,2348.055715,1776372585000

# RESULT,winner=Up,slug=eth-updown-5m-1776372300,ticks=337
