timestamp,elapsed_sec,up_bid_p1,up_bid_s1,up_bid_p2,up_bid_s2,up_ask_p1,up_ask_s1,up_ask_p2,up_ask_s2,down_bid_p1,down_bid_s1,down_bid_p2,down_bid_s2,down_ask_p1,down_ask_s1,down_ask_p2,down_ask_s2,up_spread,down_spread,eth_price,eth_oracle_ts
1776206401.462,1.462,0.53,5.0,0.51,20.0,0.54,44.0,0.55,80.0,0.46,44.0,0.45,80.0,0.47,15.0,0.49,10.0,0.01,0.01,2314.842466,1776206399000
1776206401.764,1.764,0.53,7.28,0.51,10.0,0.55,85.0,0.56,70.0,0.46,44.0,0.45,80.0,0.47,15.0,0.49,10.0,0.02,0.01,2314.842466,1776206399000
1776206402.423,2.423,0.53,7.28,0.51,10.0,0.55,85.0,0.56,70.0,0.45,85.0,0.44,70.0,0.47,7.28,0.49,10.0,0.02,0.02,2314.857574,1776206401000
1776206402.781,2.781,0.53,0.64,0.51,10.0,0.54,5.0,0.55,86.0,0.45,85.0,0.44,70.0,0.47,7.28,0.49,10.0,0.01,0.02,2314.857574,1776206401000
1776206403.162,3.162,0.5,10.0,0.49,115.1,0.51,14.49,0.52,25.0,0.49,6.36,0.48,10.0,0.5,5.0,0.51,105.0,0.01,0.01,2314.975484,1776206402000
1776206403.923,3.923,0.5,40.0,0.49,10.1,0.51,38.43,0.52,39.0,0.49,25.55,0.48,30.0,0.5,10.0,0.51,10.1,0.01,0.01,2314.975484,1776206402000
1776206404.33,4.33,0.5,64.6,0.49,36.1,0.51,15.1,0.52,25.0,0.49,15.1,0.48,39.0,0.5,35.0,0.51,10.1,0.01,0.01,2315.06441,1776206403000
1776206404.878,4.878,0.5,80.48,0.49,31.1,0.51,11.01,0.52,25.0,0.49,13.13,0.48,25.0,0.5,65.48,0.51,36.1,0.01,0.01,2315.06441,1776206403000
1776206405.079,5.079,0.5,80.48,0.49,36.1,0.51,3.69,0.52,20.0,0.49,8.89,0.48,20.0,0.5,75.48,0.51,31.1,0.01,0.01,2314.921072,1776206404000
1776206405.609,5.609,0.5,94.48,0.49,36.1,0.51,3.69,0.52,25.0,0.49,3.69,0.48,20.0,0.5,80.48,0.51,36.1,0.01,0.01,2314.921072,1776206404000
1776206405.964,5.964,0.5,94.48,0.49,36.1,0.51,3.69,0.52,25.0,0.49,3.69,0.48,25.0,0.5,94.48,0.51,36.1,0.01,0.01,2314.78338,1776206405000
1776206406.315,6.315,0.5,84.48,0.49,31.1,0.51,10.0,0.52,25.0,0.49,2.45,0.48,25.0,0.5,89.48,0.51,25.1,0.01,0.01,2314.78338,1776206405000
1776206406.827,6.827,0.5,89.48,0.49,31.1,0.51,5.0,0.52,25.0,0.49,10.0,0.48,25.0,0.5,84.48,0.51,31.1,0.01,0.01,2314.78338,1776206405000
1776206407.764,7.764,0.5,79.48,0.49,41.1,0.51,3.03,0.52,51.0,0.49,3.03,0.48,25.0,0.5,89.48,0.51,25.1,0.01,0.01,2314.79906,1776206406000
1776206408.198,8.198,0.5,89.22,0.49,21.1,0.51,3.03,0.52,36.0,0.49,3.03,0.48,51.0,0.5,79.48,0.51,41.1,0.01,0.01,2314.818275,1776206407000
1776206408.919,8.919,0.5,89.22,0.49,21.1,0.51,3.03,0.52,36.0,0.49,3.03,0.48,36.0,0.5,89.22,0.51,21.1,0.01,0.01,2314.82425,1776206408000
1776206409.305,9.305,0.51,11.68,0.5,99.22,0.52,56.0,0.53,38.0,0.49,3.03,0.48,36.0,0.5,89.22,0.51,21.1,0.01,0.01,2314.82425,1776206408000
1776206409.887,9.887,0.51,11.68,0.5,99.22,0.52,56.0,0.53,38.0,0.48,56.0,0.47,38.0,0.49,11.68,0.5,99.22,0.01,0.01,2314.82987,1776206409000
1776206410.11,10.11,0.51,51.68,0.5,99.22,0.52,46.0,0.53,43.0,0.48,56.0,0.47,38.0,0.49,11.68,0.5,99.22,0.01,0.01,2314.82987,1776206409000
1776206410.554,10.554,0.51,81.68,0.5,106.22,0.54,25.0,0.55,113.0,0.48,46.0,0.47,43.0,0.49,51.68,0.5,99.22,0.03,0.01,2314.82987,1776206409000
1776206410.846,10.846,0.53,8.04,0.51,86.68,0.54,25.0,0.55,113.0,0.46,25.0,0.45,113.0,0.47,8.04,0.49,86.68,0.01,0.01,2314.835825,1776206410000
1776206411.44,11.44,0.53,13.04,0.52,5.0,0.54,37.29,0.55,118.0,0.46,25.0,0.45,113.0,0.47,8.04,0.49,86.68,0.01,0.01,2314.835825,1776206410000
1776206411.832,11.832,0.53,13.04,0.52,5.0,0.54,37.29,0.55,118.0,0.46,37.29,0.45,118.0,0.47,13.04,0.48,5.0,0.01,0.01,2314.83443,1776206411000
1776206412.103,12.103,0.53,23.04,0.52,15.0,0.54,12.29,0.55,118.0,0.46,37.29,0.45,118.0,0.47,13.04,0.48,5.0,0.01,0.01,2314.83443,1776206411000
1776206412.64,12.64,0.53,56.41,0.52,15.0,0.54,41.5,0.55,118.0,0.46,12.29,0.45,118.0,0.47,23.04,0.48,15.0,0.01,0.01,2314.83443,1776206411000
1776206412.877,12.877,0.53,56.41,0.52,15.0,0.54,41.5,0.55,118.0,0.46,41.5,0.45,118.0,0.47,56.41,0.48,15.0,0.01,0.01,2314.984218,1776206412000
1776206413.307,13.307,0.53,81.41,0.52,15.0,0.54,15.5,0.55,118.0,0.46,41.5,0.45,118.0,0.47,56.41,0.48,15.0,0.01,0.01,2314.984218,1776206412000
1776206413.901,13.901,0.53,81.41,0.52,15.0,0.54,15.5,0.55,118.0,0.46,15.5,0.45,118.0,0.47,81.41,0.48,15.0,0.01,0.01,2315.066981,1776206413000
1776206414.913,14.913,0.53,76.41,0.52,10.0,0.54,20.0,0.55,128.5,0.46,15.5,0.45,118.0,0.47,81.41,0.48,15.0,0.01,0.01,2315.066981,1776206413000
1776206415.512,15.512,0.53,76.41,0.52,10.0,0.54,20.0,0.55,128.5,0.46,20.0,0.45,128.5,0.47,76.41,0.48,10.0,0.01,0.01,2315.101891,1776206414000
1776206416.294,16.294,0.53,61.41,0.52,20.0,0.54,20.0,0.55,135.5,0.46,20.0,0.45,135.5,0.47,61.41,0.48,20.0,0.01,0.01,2315.097626,1776206415000
1776206416.689,16.689,0.53,35.91,0.52,10.0,0.54,30.5,0.55,135.5,0.46,20.0,0.45,135.5,0.47,61.41,0.48,20.0,0.01,0.01,2315.097626,1776206415000
1776206417.35,17.35,0.53,40.91,0.52,20.0,0.54,20.5,0.55,130.5,0.46,30.5,0.45,135.5,0.47,35.91,0.48,10.0,0.01,0.01,2315.097626,1776206415000
1776206417.958,17.958,0.54,10.0,0.53,36.41,0.55,62.0,0.56,95.0,0.46,20.5,0.45,130.5,0.47,40.91,0.48,20.0,0.01,0.01,2314.99674,1776206416000
1776206418.353,18.353,0.55,55.5,0.54,76.5,0.59,22.5,0.6,15.0,0.45,53.08,0.44,95.0,0.46,10.0,0.47,36.41,0.04,0.01,2314.99674,1776206416000
1776206418.562,18.562,0.58,10.0,0.57,18.77,0.59,6.07,0.6,25.0,0.41,6.07,0.4,25.0,0.42,10.0,0.43,18.77,0.01,0.01,2314.996725,1776206417000
1776206418.888,18.888,0.58,30.0,0.57,36.0,0.59,2.71,0.6,10.0,0.41,6.07,0.4,25.0,0.42,10.0,0.43,18.77,0.01,0.01,2314.996725,1776206417000
1776206419.205,19.205,0.58,49.54,0.57,40.5,0.6,20.5,0.61,5.0,0.4,20.5,0.39,5.0,0.42,49.54,0.43,40.5,0.02,0.02,2315.080381,1776206418000
1776206420.377,20.377,0.58,49.54,0.57,40.5,0.6,20.5,0.61,5.0,0.4,20.5,0.39,5.0,0.42,49.54,0.43,40.5,0.02,0.02,2315.391925,1776206419000
1776206420.904,20.904,0.58,49.54,0.57,40.5,0.6,20.5,0.61,5.0,0.4,20.5,0.39,5.0,0.42,49.54,0.43,40.5,0.02,0.02,2315.44083,1776206420000
1776206421.179,21.179,0.61,45.5,0.6,42.5,0.62,77.0,0.63,115.0,0.38,82.0,0.37,115.0,0.39,45.5,0.4,42.5,0.01,0.01,2315.44083,1776206420000
1776206422.008,22.008,0.61,55.5,0.6,42.5,0.62,62.0,0.63,125.0,0.38,67.0,0.37,115.0,0.39,53.5,0.4,42.5,0.01,0.01,2315.44083,1776206420000
1776206422.306,22.306,0.61,85.5,0.6,42.5,0.62,37.0,0.63,120.0,0.38,62.0,0.37,125.0,0.39,55.5,0.4,42.5,0.01,0.01,2315.44083,1776206420000
1776206422.706,22.706,0.61,100.5,0.6,42.5,0.62,22.0,0.63,120.0,0.38,37.0,0.37,120.0,0.39,85.5,0.4,42.5,0.01,0.01,2315.86991,1776206421000
1776206422.992,22.992,0.61,95.5,0.6,42.5,0.62,17.0,0.63,120.0,0.38,17.0,0.37,120.0,0.39,95.5,0.4,42.5,0.01,0.01,2315.901146,1776206422000
1776206423.709,23.709,0.61,100.5,0.6,42.5,0.62,15.0,0.63,130.0,0.38,17.0,0.37,120.0,0.39,95.5,0.4,42.5,0.01,0.01,2315.901146,1776206422000
1776206423.973,23.973,0.61,105.79,0.6,58.5,0.63,115.0,0.64,80.0,0.38,0.9,0.37,115.0,0.39,110.79,0.4,58.5,0.02,0.01,2315.901146,1776206422000
1776206424.25,24.25,0.61,105.79,0.6,58.5,0.63,115.0,0.64,80.0,0.37,115.0,0.36,80.0,0.39,105.79,0.4,58.5,0.02,0.02,2315.817225,1776206423000
1776206424.469,24.469,0.62,89.37,0.61,70.5,0.63,120.0,0.64,85.0,0.37,115.0,0.36,80.0,0.39,105.79,0.4,58.5,0.01,0.02,2315.817225,1776206423000
1776206425.453,25.453,0.62,89.37,0.61,70.5,0.63,120.0,0.64,85.0,0.37,120.0,0.36,85.0,0.38,89.37,0.39,70.5,0.01,0.01,2315.813775,1776206424000
1776206426.172,26.172,0.62,99.37,0.61,70.5,0.64,10.0,0.65,42.5,0.36,10.0,0.35,42.5,0.38,99.37,0.39,70.5,0.02,0.02,2315.978274,1776206425000
1776206427.107,27.107,0.64,75.0,0.63,56.29,0.65,17.5,0.66,85.0,0.36,10.0,0.35,42.5,0.38,99.37,0.39,70.5,0.01,0.02,2315.978274,1776206425000
1776206427.361,27.361,0.64,63.05,0.63,56.29,0.65,17.5,0.66,75.0,0.35,17.5,0.34,75.0,0.36,63.05,0.37,56.29,0.01,0.01,2315.87546,1776206426000
1776206427.809,27.809,0.64,78.55,0.63,46.29,0.66,22.0,0.67,10.5,0.35,17.5,0.34,75.0,0.36,63.05,0.37,56.29,0.02,0.01,2315.87546,1776206426000
1776206428.049,28.049,0.64,78.55,0.63,46.29,0.66,22.0,0.67,10.5,0.34,22.0,0.33,10.5,0.36,78.55,0.37,46.29,0.02,0.02,2315.933935,1776206427000
1776206428.327,28.327,0.65,20.0,0.64,53.55,0.66,34.07,0.67,15.5,0.34,22.0,0.33,10.5,0.36,78.55,0.37,46.29,0.01,0.02,2315.933935,1776206427000
1776206428.749,28.749,0.65,20.0,0.64,25.5,0.66,37.41,0.67,15.5,0.34,34.07,0.33,15.5,0.35,20.0,0.36,53.55,0.01,0.01,2315.933935,1776206427000
1776206429.105,29.105,0.65,25.0,0.64,35.5,0.66,22.41,0.67,15.5,0.34,37.41,0.33,15.5,0.35,20.0,0.36,25.5,0.01,0.01,2315.933935,1776206427000
1776206429.641,29.641,0.65,75.5,0.64,40.79,0.66,5.33,0.67,7.0,0.34,17.33,0.33,15.5,0.35,25.0,0.36,35.5,0.01,0.01,2315.936155,1776206428000
1776206429.913,29.913,0.67,41.17,0.66,16.0,0.68,4.29,0.7,62.0,0.32,87.0,0.31,70.0,0.33,5.67,0.35,85.5,0.01,0.01,2315.936155,1776206428000
1776206430.113,30.113,0.71,15.0,0.7,22.0,0.73,10.0,0.74,92.0,0.27,10.0,0.26,92.0,0.29,15.0,0.3,22.0,0.02,0.02,2316.024605,1776206429000
1776206430.42,30.42,0.72,75.0,0.71,20.0,0.73,28.63,0.74,102.0,0.27,18.49,0.26,97.0,0.28,55.0,0.29,15.0,0.01,0.01,2316.024605,1776206429000
1776206430.854,30.854,0.72,85.0,0.71,25.0,0.73,25.5,0.74,94.0,0.27,28.63,0.26,102.0,0.28,75.0,0.29,20.0,0.01,0.01,2316.024605,1776206429000
1776206431.309,31.309,0.72,85.0,0.71,25.0,0.73,23.65,0.74,94.0,0.27,25.5,0.26,94.0,0.28,85.0,0.29,25.0,0.01,0.01,2316.024605,1776206429000
1776206431.733,31.733,0.72,80.0,0.71,25.0,0.73,13.84,0.74,94.0,0.27,23.65,0.26,94.0,0.28,80.0,0.29,25.0,0.01,0.01,2316.024605,1776206429000
1776206431.934,31.934,0.72,80.0,0.71,25.0,0.73,18.99,0.74,94.0,0.27,18.99,0.26,94.0,0.28,80.0,0.29,25.0,0.01,0.01,2316.029655,1776206430000
1776206432.264,32.264,0.72,85.0,0.71,25.0,0.73,33.15,0.74,132.0,0.27,18.99,0.26,94.0,0.28,80.0,0.29,25.0,0.01,0.01,2316.029655,1776206430000
1776206432.956,32.956,0.72,85.0,0.71,25.0,0.74,130.15,0.75,83.0,0.26,130.15,0.25,83.0,0.28,85.0,0.29,25.0,0.02,0.02,2316.43636,1776206432000
1776206433.2,33.2,0.73,120.0,0.72,60.5,0.74,93.99,0.75,85.5,0.26,130.15,0.25,83.0,0.28,85.0,0.29,25.0,0.01,0.02,2316.43636,1776206432000
1776206433.463,33.463,0.73,120.0,0.72,60.5,0.74,80.99,0.75,90.5,0.26,88.99,0.25,85.5,0.27,125.0,0.28,60.5,0.01,0.01,2316.43636,1776206432000
1776206433.74,33.74,0.73,125.0,0.72,60.5,0.74,70.99,0.75,80.0,0.26,80.99,0.25,90.5,0.27,120.0,0.28,60.5,0.01,0.01,2316.43636,1776206432000
1776206433.971,33.971,0.73,120.0,0.72,60.5,0.74,65.99,0.75,97.0,0.26,65.99,0.25,97.0,0.27,120.0,0.28,60.5,0.01,0.01,2316.51659,1776206433000
1776206434.205,34.205,0.73,120.0,0.72,72.79,0.74,58.99,0.75,80.0,0.26,65.99,0.25,97.0,0.27,120.0,0.28,60.5,0.01,0.01,2316.51659,1776206433000
1776206434.923,34.923,0.73,140.0,0.72,53.29,0.74,17.75,0.75,90.0,0.26,48.24,0.25,95.0,0.27,130.29,0.28,72.79,0.01,0.01,2316.51659,1776206433000
1776206435.173,35.173,0.73,13.0,0.72,27.29,0.75,97.77,0.76,15.5,0.25,80.27,0.24,15.5,0.26,15.0,0.27,53.0,0.02,0.01,2316.658815,1776206434000
1776206436.013,36.013,0.74,10.0,0.73,1.0,0.75,121.1,0.76,44.5,0.25,97.77,0.24,15.5,0.27,6.0,0.28,27.29,0.01,0.02,2316.658815,1776206434000
1776206436.287,36.287,0.73,2.11,0.72,50.79,0.75,114.63,0.76,44.5,0.25,114.63,0.24,44.5,0.26,10.0,0.27,1.0,0.02,0.01,2316.658815,1776206434000
1776206436.638,36.638,0.72,48.89,0.71,40.5,0.75,114.63,0.76,44.5,0.25,114.63,0.24,44.5,0.28,48.89,0.29,40.5,0.03,0.03,2316.807873,1776206435000
1776206436.907,36.907,0.72,10.0,0.7,50.0,0.73,92.79,0.74,57.5,0.25,114.63,0.24,44.5,0.28,40.52,0.29,40.5,0.01,0.03,2316.807873,1776206435000
1776206437.141,37.141,0.72,10.0,0.7,50.0,0.73,92.79,0.74,57.5,0.27,92.79,0.26,57.5,0.28,10.0,0.3,50.0,0.01,0.01,2316.787593,1776206436000
1776206437.566,37.566,0.69,80.0,0.68,35.0,0.7,54.78,0.71,37.5,0.27,92.79,0.26,57.5,0.28,10.0,0.3,50.0,0.01,0.01,2316.787593,1776206436000
1776206438.207,38.207,0.69,80.0,0.68,35.0,0.7,54.78,0.71,37.5,0.3,54.78,0.29,37.5,0.31,80.0,0.32,35.0,0.01,0.01,2316.72616,1776206437000
1776206438.589,38.589,0.69,160.0,0.68,50.0,0.7,7.55,0.71,5.0,0.3,2.21,0.29,5.0,0.31,155.0,0.32,50.0,0.01,0.01,2316.72616,1776206437000
1776206439.217,39.217,0.69,160.0,0.68,50.0,0.7,7.55,0.71,5.0,0.3,7.55,0.29,5.0,0.31,160.0,0.32,50.0,0.01,0.01,2316.434061,1776206438000
1776206440.298,40.298,0.69,160.0,0.68,50.0,0.7,7.55,0.71,5.0,0.3,7.55,0.29,5.0,0.31,160.0,0.32,50.0,0.01,0.01,2316.311753,1776206439000
1776206441.39,41.39,0.69,160.0,0.68,50.0,0.7,7.55,0.71,5.0,0.3,7.55,0.29,5.0,0.31,160.0,0.32,50.0,0.01,0.01,2316.325355,1776206440000
1776206441.897,41.897,0.69,160.0,0.68,50.0,0.7,7.55,0.71,5.0,0.3,7.55,0.29,5.0,0.31,160.0,0.32,50.0,0.01,0.01,2316.325355,1776206441000
1776206442.71,42.71,0.69,150.5,0.68,91.34,0.7,2.55,0.71,15.0,0.3,7.55,0.29,5.0,0.31,160.0,0.32,50.0,0.01,0.01,2316.325355,1776206441000
1776206443.238,43.238,0.69,155.5,0.68,91.34,0.7,1.12,0.71,15.0,0.3,2.55,0.29,15.0,0.31,150.5,0.32,91.34,0.01,0.01,2316.320769,1776206442000
1776206443.866,43.866,0.69,155.5,0.68,91.34,0.7,1.12,0.71,15.0,0.3,1.12,0.29,15.0,0.31,155.5,0.32,91.34,0.01,0.01,2316.322568,1776206443000
1776206445.304,45.304,0.69,155.5,0.68,91.34,0.7,1.12,0.71,15.0,0.3,1.12,0.29,15.0,0.31,155.5,0.32,91.34,0.01,0.01,2316.323316,1776206444000
1776206445.833,45.833,0.68,4.0,0.67,10.0,0.7,112.62,0.71,112.5,0.3,1.12,0.29,15.0,0.31,155.5,0.32,91.34,0.02,0.01,2316.323316,1776206444000
1776206446.099,46.099,0.63,30.05,0.62,54.0,0.64,31.0,0.65,37.0,0.32,10.2,0.31,55.5,0.36,25.0,0.37,44.55,0.01,0.04,2316.323316,1776206444000
1776206446.426,46.426,0.63,30.05,0.62,54.0,0.64,31.0,0.65,37.0,0.36,31.0,0.35,37.0,0.37,30.05,0.38,54.0,0.01,0.01,2316.32305,1776206445000
1776206446.932,46.932,0.63,30.05,0.62,54.0,0.64,31.0,0.65,37.0,0.36,31.0,0.35,37.0,0.37,30.05,0.38,54.0,0.01,0.01,2316.32049,1776206446000
1776206447.633,47.633,0.58,65.0,0.57,10.5,0.59,9.0,0.6,42.43,0.4,22.43,0.39,96.5,0.42,135.0,0.43,10.5,0.01,0.02,2316.32049,1776206446000
1776206448.046,48.046,0.58,65.0,0.57,10.5,0.59,9.0,0.6,42.43,0.41,9.0,0.4,42.43,0.42,65.0,0.43,10.5,0.01,0.01,2316.09172,1776206447000
1776206448.246,48.246,0.58,15.0,0.57,25.5,0.59,19.0,0.6,42.43,0.41,9.0,0.4,42.43,0.42,65.0,0.43,10.5,0.01,0.01,2316.09172,1776206447000
1776206448.513,48.513,0.58,12.38,0.57,25.5,0.59,9.0,0.6,42.43,0.41,14.0,0.4,42.43,0.42,12.38,0.43,25.5,0.01,0.01,2316.09172,1776206447000
1776206448.841,48.841,0.58,12.38,0.56,35.5,0.59,19.5,0.6,37.43,0.41,9.0,0.4,42.43,0.42,12.38,0.43,25.5,0.01,0.01,2316.09172,1776206447000
1776206449.057,49.057,0.58,12.38,0.56,35.5,0.59,19.5,0.6,37.43,0.41,19.5,0.4,37.43,0.42,12.38,0.44,35.5,0.01,0.01,2315.553728,1776206448000
1776206449.327,49.327,0.62,4.0,0.61,10.0,0.63,15.0,0.64,25.0,0.41,52.0,0.4,30.16,0.43,10.0,0.44,20.5,0.01,0.02,2315.553728,1776206448000
1776206449.618,49.618,0.63,3.61,0.62,20.0,0.64,30.0,0.65,20.83,0.36,30.0,0.35,15.83,0.37,1.0,0.38,15.0,0.01,0.01,2315.553728,1776206448000
1776206450.102,50.102,0.63,3.61,0.62,20.0,0.64,30.0,0.65,20.83,0.36,30.0,0.35,20.83,0.37,3.61,0.38,20.0,0.01,0.01,2315.492513,1776206449000
1776206450.449,50.449,0.63,3.61,0.62,20.0,0.64,36.0,0.65,46.33,0.36,30.0,0.35,20.83,0.37,3.61,0.38,20.0,0.01,0.01,2315.492513,1776206449000
1776206450.925,50.925,0.62,10.0,0.61,21.0,0.63,125.84,0.64,131.5,0.36,36.0,0.35,46.33,0.37,3.61,0.38,20.0,0.01,0.01,2315.492513,1776206449000
1776206451.504,51.504,0.57,40.0,0.56,55.0,0.58,23.01,0.59,36.5,0.37,125.84,0.36,131.5,0.38,10.0,0.39,21.0,0.01,0.01,2315.354358,1776206450000
1776206451.751,51.751,0.56,50.0,0.55,57.35,0.58,105.01,0.59,44.5,0.42,23.01,0.41,36.5,0.43,40.0,0.44,55.0,0.02,0.01,2315.354358,1776206450000
1776206452.095,52.095,0.56,50.0,0.55,57.35,0.58,105.01,0.59,44.5,0.42,105.01,0.41,44.5,0.44,50.0,0.45,57.35,0.02,0.02,2315.564563,1776206451000
1776206452.53,52.53,0.55,72.35,0.54,31.06,0.56,42.82,0.57,73.5,0.42,105.01,0.41,44.5,0.44,50.0,0.45,57.35,0.01,0.02,2315.564563,1776206451000
1776206453.058,53.058,0.55,72.35,0.54,31.06,0.56,42.82,0.57,73.5,0.44,42.82,0.43,73.5,0.45,72.35,0.46,31.06,0.01,0.01,2315.296173,1776206452000
1776206453.446,53.446,0.55,117.85,0.54,31.5,0.56,15.55,0.57,31.0,0.44,15.55,0.43,31.0,0.45,102.85,0.46,26.06,0.01,0.01,2315.296173,1776206452000
1776206454.124,54.124,0.55,117.85,0.54,31.5,0.56,15.55,0.57,31.0,0.44,15.55,0.43,31.0,0.45,117.85,0.46,31.5,0.01,0.01,2315.149255,1776206453000
1776206454.417,54.417,0.55,112.85,0.54,46.06,0.58,19.82,0.59,64.5,0.44,9.55,0.43,31.0,0.45,107.85,0.46,46.06,0.03,0.01,2315.149255,1776206453000
1776206455.132,55.132,0.55,112.85,0.54,46.06,0.58,19.82,0.59,64.5,0.42,19.82,0.41,64.5,0.45,112.85,0.46,46.06,0.03,0.03,2315.127849,1776206454000
1776206455.415,55.415,0.56,45.5,0.55,97.85,0.58,15.82,0.59,23.0,0.42,19.82,0.41,64.5,0.45,112.85,0.46,46.06,0.02,0.03,2315.127849,1776206454000
1776206455.68,55.68,0.57,70.5,0.56,40.5,0.58,0.17,0.59,23.0,0.42,15.82,0.41,23.0,0.44,45.5,0.45,97.85,0.01,0.02,2315.127849,1776206454000
1776206456.109,56.109,0.59,9.83,0.57,102.5,0.6,75.0,0.61,41.5,0.42,0.17,0.41,23.0,0.43,70.5,0.44,40.5,0.01,0.01,2315.127849,1776206454000
1776206456.964,56.964,0.59,86.83,0.58,30.5,0.6,75.0,0.61,25.5,0.4,75.0,0.39,41.5,0.41,9.83,0.43,102.5,0.01,0.01,2315.19398,1776206455000
1776206457.253,57.253,0.59,86.83,0.58,30.5,0.6,75.0,0.61,25.5,0.4,75.0,0.39,25.5,0.41,86.83,0.42,30.5,0.01,0.01,2315.159615,1776206456000
1776206457.513,57.513,0.56,10.0,0.55,82.85,0.57,27.96,0.58,40.32,0.42,9.82,0.41,25.5,0.44,10.0,0.45,82.85,0.01,0.02,2315.159615,1776206456000
1776206458.769,58.769,0.56,10.0,0.55,82.85,0.57,27.96,0.58,40.32,0.43,27.96,0.42,40.32,0.44,10.0,0.45,82.85,0.01,0.01,2315.294632,1776206457000
1776206459.203,59.203,0.56,10.0,0.55,82.85,0.57,27.96,0.58,40.32,0.43,27.96,0.42,40.32,0.44,10.0,0.45,82.85,0.01,0.01,2315.294121,1776206458000
1776206460.371,60.371,0.56,10.0,0.55,82.85,0.57,27.96,0.58,40.32,0.43,27.96,0.42,40.32,0.44,10.0,0.45,82.85,0.01,0.01,2315.190587,1776206459000
1776206460.7,60.7,0.56,60.5,0.55,107.85,0.57,7.96,0.58,55.82,0.43,27.96,0.42,40.32,0.44,10.0,0.45,82.85,0.01,0.01,2315.190587,1776206459000
1776206460.961,60.961,0.56,60.5,0.55,107.85,0.57,7.96,0.58,55.82,0.43,7.96,0.42,55.82,0.44,60.5,0.45,107.85,0.01,0.01,2315.190587,1776206460000
1776206461.677,61.677,0.54,1.01,0.53,25.0,0.56,20.5,0.57,102.5,0.43,7.96,0.42,55.82,0.44,60.5,0.45,107.85,0.02,0.01,2315.190587,1776206460000
1776206462.014,62.014,0.52,130.0,0.51,30.68,0.53,9.62,0.56,20.5,0.47,9.62,0.44,20.5,0.48,130.0,0.49,30.68,0.01,0.01,2315.119405,1776206461000
1776206462.278,62.278,0.52,50.5,0.51,32.18,0.53,19.24,0.54,28.0,0.47,9.62,0.44,20.5,0.48,130.0,0.49,30.68,0.01,0.01,2315.119405,1776206461000
1776206462.5,62.5,0.52,45.5,0.51,32.18,0.54,12.36,0.55,60.5,0.47,19.24,0.46,28.0,0.48,50.5,0.49,32.18,0.02,0.01,2315.119405,1776206461000
1776206462.948,62.948,0.52,60.5,0.51,32.18,0.53,11.0,0.54,27.36,0.46,12.36,0.45,60.5,0.48,45.5,0.49,32.18,0.01,0.02,2315.119405,1776206461000
1776206463.314,63.314,0.52,60.5,0.51,42.18,0.53,3.22,0.54,27.36,0.47,4.22,0.46,27.36,0.48,50.5,0.49,42.18,0.01,0.01,2315.119405,1776206461000
1776206463.517,63.517,0.52,58.41,0.51,42.18,0.54,27.36,0.55,71.5,0.47,10.0,0.46,27.36,0.48,53.41,0.49,42.18,0.02,0.01,2315.193999,1776206462000
1776206464.157,64.157,0.52,58.41,0.51,42.18,0.54,12.36,0.55,71.5,0.46,12.36,0.45,71.5,0.48,58.41,0.49,42.18,0.02,0.02,2314.98151,1776206463000
1776206464.615,64.615,0.53,126.93,0.52,33.41,0.55,8.57,0.56,13.0,0.46,12.36,0.45,71.5,0.48,58.41,0.49,42.18,0.02,0.02,2314.98151,1776206463000
1776206465.319,65.319,0.53,126.93,0.52,33.41,0.55,8.57,0.56,13.0,0.45,8.57,0.44,13.0,0.47,126.93,0.48,33.41,0.02,0.02,2314.86057,1776206464000
1776206465.863,65.863,0.53,126.93,0.52,33.41,0.55,8.57,0.56,13.0,0.45,8.57,0.44,13.0,0.47,126.93,0.48,33.41,0.02,0.02,2314.86057,1776206465000
1776206466.129,66.129,0.54,107.5,0.53,141.93,0.55,12.57,0.56,13.0,0.45,8.57,0.44,13.0,0.47,126.93,0.48,33.41,0.01,0.02,2314.86057,1776206465000
1776206466.97,66.97,0.54,107.5,0.53,141.93,0.55,12.57,0.56,13.0,0.45,12.57,0.44,13.0,0.46,107.5,0.47,141.93,0.01,0.01,2315.037958,1776206466000
1776206467.496,67.496,0.57,112.5,0.56,82.5,0.59,28.17,0.6,94.6,0.42,22.42,0.41,50.67,0.43,97.0,0.44,82.5,0.02,0.01,2315.037958,1776206466000
1776206467.745,67.745,0.58,92.5,0.57,92.5,0.59,3.84,0.6,57.1,0.41,28.17,0.4,94.6,0.43,112.5,0.44,82.5,0.01,0.02,2315.037958,1776206466000
1776206467.953,67.953,0.59,19.51,0.58,40.5,0.6,55.04,0.61,44.5,0.4,50.04,0.39,15.0,0.42,92.5,0.43,92.5,0.01,0.02,2315.037958,1776206466000
1776206469.063,69.063,0.59,19.51,0.58,40.5,0.6,55.04,0.61,44.5,0.4,55.04,0.39,44.5,0.41,19.51,0.42,40.5,0.01,0.01,2315.01006,1776206468000
1776206469.652,69.652,0.58,20.0,0.57,40.0,0.6,147.54,0.61,113.5,0.4,55.04,0.39,44.5,0.41,19.51,0.42,40.5,0.02,0.01,2315.01006,1776206468000
1776206470.14,70.14,0.58,20.0,0.57,40.0,0.6,147.54,0.61,113.5,0.4,147.54,0.39,113.5,0.42,20.0,0.43,40.0,0.02,0.02,2315.225555,1776206469000
1776206470.601,70.601,0.58,17.61,0.57,40.0,0.59,74.5,0.6,105.54,0.4,147.54,0.39,113.5,0.42,20.0,0.43,40.0,0.01,0.02,2315.225555,1776206469000
1776206471.127,71.127,0.58,22.61,0.57,40.0,0.59,59.0,0.6,105.54,0.41,59.0,0.4,105.54,0.42,22.61,0.43,40.0,0.01,0.01,2315.23368,1776206470000
1776206471.919,71.919,0.58,27.61,0.57,50.0,0.59,34.0,0.6,105.54,0.41,48.83,0.4,105.54,0.42,27.61,0.43,50.0,0.01,0.01,2315.23368,1776206470000
1776206472.776,72.776,0.58,27.61,0.57,50.0,0.59,34.0,0.6,105.54,0.41,34.0,0.4,105.54,0.42,27.61,0.43,50.0,0.01,0.01,2315.13734,1776206471000
1776206473.352,73.352,0.58,42.61,0.57,60.5,0.59,18.91,0.6,115.36,0.41,38.91,0.4,125.86,0.42,27.61,0.43,60.5,0.01,0.01,2315.13734,1776206471000
1776206473.973,73.973,0.58,42.61,0.57,60.5,0.59,18.91,0.6,115.36,0.41,18.91,0.4,115.36,0.42,42.61,0.43,60.5,0.01,0.01,2315.125266,1776206473000
1776206474.908,74.908,0.58,42.61,0.57,60.5,0.59,22.0,0.6,115.36,0.41,18.91,0.4,115.36,0.42,42.61,0.43,60.5,0.01,0.01,2315.125266,1776206473000
1776206475.247,75.247,0.58,42.61,0.57,60.5,0.59,22.0,0.6,115.36,0.41,22.0,0.4,115.36,0.42,42.61,0.43,60.5,0.01,0.01,2315.127523,1776206474000
1776206476.304,76.304,0.58,62.71,0.57,60.5,0.59,12.0,0.6,125.86,0.41,22.0,0.4,115.36,0.42,42.61,0.43,60.5,0.01,0.01,2315.127523,1776206474000
1776206476.674,76.674,0.59,6.75,0.58,57.71,0.6,115.36,0.61,151.5,0.41,12.0,0.4,125.86,0.42,62.71,0.43,60.5,0.01,0.01,2315.34018,1776206475000
1776206477.004,77.004,0.57,10.0,0.54,35.0,0.59,322.6,0.6,70.82,0.4,115.36,0.39,151.5,0.41,6.75,0.42,57.71,0.02,0.01,2315.34018,1776206475000
1776206477.341,77.341,0.53,112.59,0.52,30.0,0.54,66.01,0.55,100.5,0.46,25.0,0.45,85.0,0.47,112.59,0.48,30.0,0.01,0.01,2315.34018,1776206475000
1776206477.574,77.574,0.53,117.59,0.52,35.0,0.54,55.08,0.55,100.5,0.46,55.08,0.45,100.5,0.47,117.59,0.48,35.0,0.01,0.01,2315.2266,1776206476000
1776206478.126,78.126,0.53,107.59,0.52,35.0,0.54,60.08,0.55,110.5,0.46,60.08,0.45,110.5,0.47,107.59,0.48,35.0,0.01,0.01,2315.15676,1776206477000
1776206478.955,78.955,0.53,18.59,0.52,35.0,0.54,117.5,0.55,129.5,0.46,85.0,0.45,125.5,0.47,58.59,0.48,45.0,0.01,0.01,2315.15676,1776206477000
1776206479.267,79.267,0.51,21.68,0.5,134.22,0.54,316.5,0.55,74.5,0.46,117.5,0.45,129.5,0.47,18.59,0.48,35.0,0.03,0.01,2315.15676,1776206477000
1776206479.566,79.566,0.5,115.88,0.48,110.0,0.51,172.23,0.52,62.5,0.49,116.73,0.48,52.0,0.5,120.22,0.52,110.0,0.01,0.01,2315.15676,1776206477000
1776206479.855,79.855,0.5,2.0,0.49,5.0,0.51,247.23,0.52,32.5,0.49,197.23,0.48,32.5,0.5,95.88,0.52,110.0,0.01,0.01,2315.15676,1776206477000
1776206480.104,80.104,0.49,5.0,0.48,110.0,0.51,242.23,0.52,32.5,0.49,247.23,0.48,32.5,0.5,2.0,0.51,5.0,0.02,0.01,2314.885159,1776206478000
1776206480.522,80.522,0.49,5.0,0.48,110.0,0.51,242.23,0.52,32.5,0.49,242.23,0.48,32.5,0.51,5.0,0.52,110.0,0.02,0.02,2314.793275,1776206479000
1776206480.76,80.76,0.48,37.11,0.47,55.0,0.49,269.0,0.5,168.5,0.49,242.23,0.48,32.5,0.51,5.0,0.52,110.0,0.01,0.02,2314.793275,1776206479000
1776206481.163,81.163,0.48,37.11,0.47,55.0,0.49,161.0,0.5,119.5,0.51,161.0,0.5,119.5,0.52,37.11,0.53,55.0,0.01,0.01,2314.687604,1776206480000
1776206481.375,81.375,0.48,2.01,0.47,55.0,0.49,211.5,0.5,119.5,0.51,161.0,0.5,119.5,0.52,37.11,0.53,55.0,0.01,0.01,2314.687604,1776206480000
1776206482.513,82.513,0.47,55.0,0.46,60.5,0.49,195.5,0.5,119.5,0.51,195.5,0.5,119.5,0.53,55.0,0.54,60.5,0.02,0.02,2314.370709,1776206481000
1776206482.892,82.892,0.46,3.5,0.45,116.49,0.47,131.0,0.48,59.0,0.51,195.5,0.5,119.5,0.53,55.0,0.54,60.5,0.01,0.02,2314.370709,1776206481000
1776206483.179,83.179,0.46,3.5,0.45,116.49,0.47,131.0,0.48,59.0,0.53,131.0,0.52,59.0,0.54,3.5,0.55,116.49,0.01,0.01,2314.341018,1776206482000
1776206483.487,83.487,0.46,55.5,0.45,126.49,0.49,10.0,0.5,107.0,0.53,131.0,0.52,59.0,0.54,3.5,0.55,116.49,0.03,0.01,2314.341018,1776206482000
1776206483.724,83.724,0.48,50.11,0.47,62.58,0.49,7.0,0.5,102.0,0.51,7.0,0.5,102.0,0.52,40.5,0.53,62.58,0.01,0.01,2314.341018,1776206482000
1776206484.064,84.064,0.48,35.5,0.47,52.58,0.49,10.0,0.5,102.0,0.51,5.0,0.5,102.0,0.52,40.5,0.53,52.58,0.01,0.01,2314.341018,1776206482000
1776206484.447,84.447,0.48,35.5,0.47,52.58,0.49,10.0,0.5,102.0,0.51,10.0,0.5,102.0,0.52,35.5,0.53,52.58,0.01,0.01,2314.31773,1776206483000
1776206484.686,84.686,0.48,84.68,0.47,62.58,0.49,10.0,0.5,10.0,0.51,10.0,0.5,10.0,0.52,91.5,0.53,62.58,0.01,0.01,2314.31773,1776206483000
1776206485.097,85.097,0.48,84.68,0.47,62.58,0.49,1.97,0.5,10.0,0.51,4.02,0.5,10.0,0.52,89.68,0.53,62.58,0.01,0.01,2314.31773,1776206483000
1776206485.535,85.535,0.48,46.68,0.47,52.58,0.5,20.0,0.51,30.0,0.51,1.97,0.5,10.0,0.52,84.68,0.53,62.58,0.02,0.01,2314.298691,1776206484000
1776206485.807,85.807,0.48,26.68,0.47,47.58,0.5,65.0,0.51,40.5,0.5,55.0,0.49,30.0,0.51,15.3,0.52,31.68,0.02,0.01,2314.298691,1776206484000
1776206486.031,86.031,0.48,26.68,0.47,52.58,0.49,15.0,0.5,35.0,0.5,65.0,0.49,40.5,0.52,26.68,0.53,47.58,0.01,0.02,2314.298691,1776206484000
1776206486.627,86.627,0.48,26.68,0.47,52.58,0.49,15.0,0.5,35.0,0.51,15.0,0.5,35.0,0.52,26.68,0.53,52.58,0.01,0.01,2314.462925,1776206485000
1776206486.9,86.9,0.48,11.68,0.47,62.77,0.49,20.0,0.5,25.0,0.51,15.0,0.5,35.0,0.52,26.68,0.53,52.58,0.01,0.01,2314.462925,1776206485000
1776206487.29,87.29,0.48,11.68,0.47,62.77,0.49,20.0,0.5,25.0,0.51,20.0,0.5,25.0,0.52,11.68,0.53,62.77,0.01,0.01,2314.55362,1776206486000
1776206487.934,87.934,0.48,25.25,0.47,67.77,0.49,50.0,0.5,40.5,0.51,20.0,0.5,25.0,0.52,11.68,0.53,62.77,0.01,0.01,2314.55362,1776206486000
1776206488.136,88.136,0.48,20.25,0.47,82.77,0.49,45.0,0.5,40.5,0.51,50.0,0.5,40.5,0.52,25.25,0.53,67.77,0.01,0.01,2314.53814,1776206487000
1776206489.32,89.32,0.48,20.25,0.47,82.77,0.49,45.0,0.5,40.5,0.51,45.0,0.5,40.5,0.52,20.25,0.53,82.77,0.01,0.01,2314.629415,1776206488000
1776206489.94,89.94,0.47,7.27,0.46,10.5,0.48,130.5,0.49,43.5,0.51,45.0,0.5,40.5,0.52,20.25,0.53,82.77,0.01,0.01,2314.629415,1776206488000
1776206490.295,90.295,0.47,7.27,0.45,126.99,0.48,125.68,0.49,43.5,0.52,130.5,0.51,43.5,0.53,7.27,0.54,10.5,0.01,0.01,2314.629415,1776206488000
1776206490.546,90.546,0.47,7.27,0.45,126.99,0.48,125.68,0.49,43.5,0.52,125.68,0.51,43.5,0.53,7.27,0.55,126.99,0.01,0.01,2314.51713,1776206489000
1776206491.052,91.052,0.45,116.99,0.44,15.0,0.48,130.68,0.49,54.5,0.52,125.68,0.51,43.5,0.53,7.27,0.55,126.99,0.03,0.01,2314.51713,1776206489000
1776206492.244,92.244,0.45,116.99,0.44,15.0,0.48,130.68,0.49,54.5,0.52,130.68,0.51,54.5,0.55,116.99,0.56,15.0,0.03,0.03,2314.44038,1776206491000
1776206492.882,92.882,0.45,125.17,0.44,25.0,0.46,35.0,0.47,30.0,0.52,130.68,0.51,54.5,0.55,116.99,0.56,15.0,0.01,0.03,2314.44038,1776206491000
1776206493.396,93.396,0.45,125.17,0.44,25.0,0.46,35.0,0.47,30.0,0.54,35.0,0.53,30.0,0.55,125.17,0.56,25.0,0.01,0.01,2314.44038,1776206492000
1776206493.808,93.808,0.45,15.17,0.44,25.0,0.46,30.0,0.47,30.0,0.54,30.0,0.53,30.0,0.55,25.17,0.56,25.0,0.01,0.01,2314.44038,1776206492000
1776206494.562,94.562,0.45,5.17,0.44,45.0,0.46,25.0,0.47,30.0,0.54,30.0,0.53,30.0,0.55,15.17,0.56,25.0,0.01,0.01,2314.480005,1776206493000
1776206495.287,95.287,0.45,5.17,0.44,45.0,0.46,25.0,0.47,30.0,0.54,25.0,0.53,30.0,0.55,5.17,0.56,45.0,0.01,0.01,2314.437021,1776206494000
1776206495.811,95.811,0.44,25.5,0.43,85.0,0.45,19.46,0.46,25.0,0.54,25.0,0.53,30.0,0.55,5.17,0.56,45.0,0.01,0.01,2314.437021,1776206494000
1776206496.448,96.448,0.44,25.5,0.43,85.0,0.45,19.46,0.46,25.0,0.55,19.46,0.54,25.0,0.56,25.5,0.57,85.0,0.01,0.01,2314.446322,1776206495000
1776206496.775,96.775,0.44,25.5,0.43,85.0,0.45,24.46,0.46,25.0,0.55,19.46,0.54,25.0,0.56,25.5,0.57,85.0,0.01,0.01,2314.446322,1776206495000
1776206497.352,97.352,0.44,35.5,0.43,85.0,0.45,19.46,0.46,25.0,0.55,24.46,0.54,25.0,0.56,25.5,0.57,85.0,0.01,0.01,2314.52553,1776206496000
1776206497.909,97.909,0.44,25.5,0.43,85.0,0.45,19.46,0.46,25.0,0.55,19.46,0.54,25.0,0.56,35.5,0.57,85.0,0.01,0.01,2314.52553,1776206496000
1776206498.337,98.337,0.44,25.5,0.43,85.0,0.45,19.46,0.46,25.0,0.55,19.46,0.54,25.0,0.56,25.5,0.57,85.0,0.01,0.01,2314.384852,1776206497000
1776206498.882,98.882,0.44,25.5,0.43,85.0,0.45,19.46,0.46,25.0,0.55,19.46,0.54,25.0,0.56,25.5,0.57,85.0,0.01,0.01,2314.430469,1776206498000
1776206499.124,99.124,0.44,5.5,0.43,85.0,0.45,29.46,0.46,25.0,0.55,19.46,0.54,25.0,0.56,25.5,0.57,85.0,0.01,0.01,2314.430469,1776206498000
1776206500.029,100.029,0.43,110.5,0.42,37.0,0.44,24.2,0.45,9.46,0.55,29.46,0.54,25.0,0.56,5.5,0.57,85.0,0.01,0.01,2314.430469,1776206498000
1776206500.649,100.649,0.44,71.79,0.43,215.5,0.48,5.0,0.5,10.0,0.56,24.2,0.55,9.46,0.57,110.5,0.58,37.0,0.04,0.01,2314.33937,1776206499000
1776206501.144,101.144,0.47,20.0,0.46,90.5,0.51,10.0,0.53,6.03,0.49,10.0,0.47,6.03,0.53,20.0,0.54,90.5,0.04,0.04,2314.33038,1776206500000
1776206501.437,101.437,0.52,33.12,0.51,30.0,0.53,21.03,0.54,25.5,0.49,10.0,0.47,6.03,0.53,20.0,0.54,90.5,0.01,0.04,2314.33038,1776206500000
1776206502.285,102.285,0.52,33.12,0.51,30.0,0.53,21.03,0.54,25.5,0.47,21.03,0.46,25.5,0.48,33.12,0.49,30.0,0.01,0.01,2314.502475,1776206501000
1776206503.271,103.271,0.52,58.12,0.51,30.0,0.53,1.03,0.54,30.5,0.47,21.03,0.46,25.5,0.48,33.12,0.49,30.0,0.01,0.01,2314.502475,1776206501000
1776206503.831,103.831,0.52,58.12,0.51,30.0,0.53,1.03,0.54,30.5,0.47,1.03,0.46,30.5,0.48,58.12,0.49,30.0,0.01,0.01,2314.79024,1776206503000
1776206505.416,105.416,0.52,40.09,0.51,30.0,0.54,45.5,0.55,70.0,0.47,1.03,0.46,30.5,0.48,58.12,0.49,30.0,0.02,0.01,2314.79024,1776206503000
1776206506.286,106.286,0.53,9.46,0.52,35.09,0.54,45.5,0.55,70.0,0.46,45.5,0.45,70.0,0.48,40.09,0.49,30.0,0.01,0.02,2314.847515,1776206504000
1776206506.637,106.637,0.52,31.85,0.51,30.0,0.54,45.5,0.55,70.0,0.46,45.5,0.45,70.0,0.48,31.85,0.49,30.0,0.02,0.02,2314.834855,1776206505000
1776206507.304,107.304,0.52,31.85,0.51,30.0,0.54,45.5,0.55,70.0,0.46,45.5,0.45,70.0,0.48,31.85,0.49,30.0,0.02,0.02,2314.840345,1776206506000
1776206507.908,107.908,0.53,15.0,0.52,46.85,0.54,33.75,0.55,70.0,0.46,45.5,0.45,70.0,0.48,31.85,0.49,30.0,0.01,0.02,2314.840345,1776206506000
1776206508.817,108.817,0.53,15.0,0.52,46.85,0.54,33.75,0.55,70.0,0.46,33.75,0.45,70.0,0.47,15.0,0.48,46.85,0.01,0.01,2314.86594,1776206507000
1776206509.431,109.431,0.53,15.0,0.52,46.85,0.54,33.75,0.55,70.0,0.46,33.75,0.45,70.0,0.47,15.0,0.48,46.85,0.01,0.01,2314.8618,1776206508000
1776206509.785,109.785,0.49,30.0,0.48,56.79,0.51,10.0,0.52,10.0,0.49,5.0,0.48,55.5,0.5,5.0,0.51,60.0,0.02,0.01,2314.8618,1776206508000
1776206510.1,110.1,0.49,45.0,0.48,66.79,0.51,7.47,0.52,20.5,0.49,7.47,0.48,20.5,0.51,45.0,0.52,66.79,0.02,0.02,2314.857424,1776206509000
1776206511.47,111.47,0.49,45.0,0.48,66.79,0.51,7.47,0.52,20.5,0.49,7.47,0.48,20.5,0.51,45.0,0.52,66.79,0.02,0.02,2314.816215,1776206510000
1776206512.154,112.154,0.49,45.0,0.48,66.79,0.51,7.47,0.52,20.5,0.49,7.47,0.48,20.5,0.51,45.0,0.52,66.79,0.02,0.02,2314.714286,1776206511000
1776206513.367,113.367,0.49,45.0,0.48,66.79,0.51,7.47,0.52,20.5,0.49,7.47,0.48,20.5,0.51,45.0,0.52,66.79,0.02,0.02,2314.698845,1776206512000
1776206514.018,114.018,0.49,45.0,0.48,66.79,0.51,7.47,0.52,20.5,0.49,7.47,0.48,20.5,0.51,45.0,0.52,66.79,0.02,0.02,2314.699535,1776206513000
1776206515.192,115.192,0.49,38.03,0.48,25.0,0.5,10.0,0.51,17.47,0.5,10.0,0.49,17.47,0.51,38.03,0.52,25.0,0.01,0.01,2314.69933,1776206514000
1776206516.27,116.27,0.49,25.0,0.48,30.0,0.5,20.5,0.51,37.97,0.5,10.0,0.49,17.47,0.51,38.03,0.52,25.0,0.01,0.01,2314.69933,1776206514000
1776206516.643,116.643,0.49,25.0,0.48,30.0,0.5,20.5,0.51,37.97,0.5,20.5,0.49,37.97,0.51,25.0,0.52,30.0,0.01,0.01,2314.699915,1776206515000
1776206517.249,117.249,0.49,25.0,0.48,30.0,0.5,20.5,0.51,37.97,0.5,20.5,0.49,37.97,0.51,25.0,0.52,30.0,0.01,0.01,2314.718754,1776206516000
1776206518.124,118.124,0.5,5.0,0.49,55.5,0.51,10.0,0.52,5.0,0.5,20.5,0.49,37.97,0.51,9.7,0.52,40.0,0.01,0.01,2314.718754,1776206516000
1776206518.634,118.634,0.5,15.0,0.49,45.5,0.52,5.0,0.53,35.5,0.48,5.0,0.47,35.5,0.5,15.0,0.51,45.5,0.02,0.02,2314.828325,1776206517000
1776206519.059,119.059,0.51,25.0,0.5,35.5,0.53,15.75,0.54,45.5,0.48,5.0,0.47,35.5,0.5,15.0,0.51,45.5,0.02,0.02,2314.828325,1776206517000
1776206520.38,120.38,0.51,25.0,0.5,35.5,0.53,15.75,0.54,45.5,0.47,15.75,0.46,45.5,0.49,25.0,0.5,35.5,0.02,0.02,2314.742865,1776206519000
1776206520.962,120.962,0.51,25.0,0.5,35.5,0.53,15.75,0.54,45.5,0.47,15.75,0.46,45.5,0.49,25.0,0.5,35.5,0.02,0.02,2314.791916,1776206520000
1776206521.557,121.557,0.52,10.0,0.51,20.0,0.53,23.86,0.54,30.5,0.47,15.75,0.46,45.5,0.49,25.0,0.5,35.5,0.01,0.02,2314.791916,1776206520000
1776206521.988,121.988,0.52,10.0,0.51,10.0,0.53,37.43,0.54,35.5,0.47,23.86,0.46,30.5,0.48,10.0,0.49,20.0,0.01,0.01,2314.791916,1776206520000
1776206522.643,122.643,0.52,10.0,0.51,10.0,0.53,37.43,0.54,35.5,0.47,37.43,0.46,35.5,0.48,10.0,0.49,10.0,0.01,0.01,2314.839745,1776206521000
1776206523.138,123.138,0.52,10.0,0.51,10.0,0.53,37.43,0.54,35.5,0.47,37.43,0.46,35.5,0.48,10.0,0.49,10.0,0.01,0.01,2314.96087,1776206522000
1776206524.39,124.39,0.45,40.0,0.44,29.6,0.49,146.5,0.5,100.0,0.47,37.43,0.46,35.5,0.48,10.0,0.49,10.0,0.04,0.01,2314.96087,1776206522000
1776206524.839,124.839,0.46,1.19,0.45,15.0,0.47,41.0,0.48,36.5,0.53,41.0,0.52,36.5,0.54,1.19,0.55,15.0,0.01,0.01,2314.933625,1776206523000
1776206525.424,125.424,0.44,24.6,0.43,75.0,0.45,114.27,0.46,46.5,0.55,114.27,0.54,46.5,0.56,24.6,0.57,75.0,0.01,0.01,2314.821476,1776206524000
1776206526.139,126.139,0.44,15.0,0.43,80.0,0.45,77.04,0.46,46.5,0.55,77.04,0.54,46.5,0.56,15.0,0.57,80.0,0.01,0.01,2314.814076,1776206525000
1776206527.359,127.359,0.44,15.0,0.43,80.0,0.45,77.04,0.46,46.5,0.55,77.04,0.54,46.5,0.56,15.0,0.57,80.0,0.01,0.01,2314.485352,1776206526000
1776206528.51,128.51,0.43,90.0,0.42,45.5,0.44,15.0,0.45,26.54,0.55,77.04,0.54,46.5,0.56,15.0,0.57,80.0,0.01,0.01,2314.485352,1776206526000
1776206529.086,129.086,0.43,90.0,0.42,45.5,0.44,15.0,0.45,26.54,0.56,15.0,0.55,26.54,0.57,90.0,0.58,45.5,0.01,0.01,2314.489953,1776206528000
1776206529.845,129.845,0.43,105.0,0.42,55.5,0.44,45.0,0.45,26.54,0.56,40.0,0.55,26.54,0.57,85.0,0.58,55.5,0.01,0.01,2314.489953,1776206528000
1776206530.256,130.256,0.43,105.0,0.42,55.5,0.44,45.0,0.45,26.54,0.56,45.0,0.55,26.54,0.57,105.0,0.58,55.5,0.01,0.01,2314.409658,1776206529000
1776206531.379,131.379,0.43,105.0,0.42,55.5,0.44,45.0,0.45,26.54,0.56,45.0,0.55,26.54,0.57,105.0,0.58,55.5,0.01,0.01,2314.521825,1776206530000
1776206531.975,131.975,0.48,53.18,0.47,20.0,0.49,15.5,0.5,65.0,0.51,15.5,0.5,65.0,0.52,53.18,0.53,20.0,0.01,0.01,2314.43727,1776206531000
1776206532.599,132.599,0.48,68.18,0.47,68.99,0.49,0.5,0.5,50.5,0.51,15.5,0.5,65.0,0.52,53.18,0.53,20.0,0.01,0.01,2314.43727,1776206531000
1776206533.18,133.18,0.48,68.18,0.47,68.99,0.49,0.5,0.5,50.5,0.51,0.5,0.5,50.5,0.52,68.18,0.53,68.99,0.01,0.01,2314.500903,1776206532000
1776206534.401,134.401,0.48,68.18,0.47,68.99,0.49,0.5,0.5,50.5,0.51,0.5,0.5,50.5,0.52,68.18,0.53,68.99,0.01,0.01,2314.594875,1776206533000
1776206535.471,135.471,0.52,24.61,0.51,50.0,0.54,85.0,0.55,60.0,0.46,85.0,0.45,60.0,0.48,24.61,0.49,50.0,0.02,0.02,2314.59834,1776206534000
1776206536.112,136.112,0.53,0.19,0.52,20.0,0.54,110.5,0.55,75.0,0.46,110.5,0.45,75.0,0.47,0.19,0.48,20.0,0.01,0.01,2314.612865,1776206535000
1776206536.937,136.937,0.52,2.11,0.51,45.0,0.53,38.61,0.54,100.5,0.47,20.5,0.46,120.5,0.48,12.11,0.49,45.0,0.01,0.01,2314.612865,1776206535000
1776206537.241,137.241,0.52,2.11,0.51,45.0,0.53,38.61,0.54,100.5,0.47,38.61,0.46,100.5,0.48,2.11,0.49,45.0,0.01,0.01,2314.794333,1776206536000
1776206537.746,137.746,0.52,12.11,0.51,45.0,0.53,36.61,0.54,100.5,0.47,38.61,0.46,100.5,0.48,2.11,0.49,45.0,0.01,0.01,2314.794333,1776206536000
1776206538.285,138.285,0.52,12.11,0.51,45.0,0.53,29.61,0.54,100.5,0.47,29.61,0.46,100.5,0.48,12.11,0.49,45.0,0.01,0.01,2314.78342,1776206537000
1776206538.809,138.809,0.52,11.69,0.51,45.0,0.53,34.61,0.54,100.5,0.47,29.61,0.46,100.5,0.48,12.11,0.49,45.0,0.01,0.01,2314.78342,1776206537000
1776206539.268,139.268,0.52,11.69,0.51,45.0,0.53,34.61,0.54,100.5,0.47,34.61,0.46,100.5,0.48,11.69,0.49,45.0,0.01,0.01,2314.768274,1776206538000
1776206540.405,140.405,0.52,11.69,0.51,45.0,0.53,34.61,0.54,100.5,0.47,34.61,0.46,100.5,0.48,11.69,0.49,45.0,0.01,0.01,2314.767335,1776206539000
1776206540.873,140.873,0.52,11.69,0.51,45.0,0.53,34.61,0.54,100.5,0.47,34.61,0.46,100.5,0.48,11.69,0.49,45.0,0.01,0.01,2314.81072,1776206540000
1776206542.038,142.038,0.52,11.69,0.51,45.0,0.53,34.61,0.54,100.5,0.47,34.61,0.46,100.5,0.48,11.69,0.49,45.0,0.01,0.01,2314.770757,1776206541000
1776206543.0,143.0,0.52,11.69,0.51,45.0,0.53,34.61,0.54,100.5,0.47,34.61,0.46,100.5,0.48,11.69,0.49,45.0,0.01,0.01,2314.771995,1776206542000
1776206544.034,144.034,0.52,11.69,0.51,45.0,0.53,34.61,0.54,100.5,0.47,34.61,0.46,100.5,0.48,11.69,0.49,45.0,0.01,0.01,2314.771661,1776206543000
1776206544.945,144.945,0.52,11.69,0.51,45.0,0.53,34.61,0.54,100.5,0.47,34.61,0.46,100.5,0.48,11.69,0.49,45.0,0.01,0.01,2314.771604,1776206544000
1776206545.148,145.148,0.55,207.87,0.54,100.5,0.57,15.0,0.59,10.1,0.44,1.08,0.43,15.0,0.45,177.87,0.46,100.5,0.02,0.01,2314.771604,1776206544000
1776206545.485,145.485,0.59,100.0,0.58,15.0,0.6,5.41,0.61,85.0,0.4,20.66,0.39,85.0,0.42,10.0,0.43,10.0,0.01,0.02,2314.771604,1776206544000
1776206546.112,146.112,0.59,100.0,0.58,15.0,0.6,5.41,0.61,85.0,0.4,5.41,0.39,85.0,0.41,100.0,0.42,15.0,0.01,0.01,2314.880659,1776206545000
1776206546.344,146.344,0.55,59.33,0.54,115.5,0.56,10.5,0.57,15.0,0.4,5.41,0.39,85.0,0.41,100.0,0.42,15.0,0.01,0.01,2314.880659,1776206545000
1776206546.837,146.837,0.57,77.67,0.56,30.5,0.58,95.5,0.59,35.5,0.44,16.5,0.43,15.0,0.45,58.66,0.46,115.5,0.01,0.01,2314.880659,1776206545000
1776206547.037,147.037,0.57,77.67,0.56,30.5,0.58,95.5,0.59,35.5,0.42,95.5,0.41,35.5,0.43,77.67,0.44,30.5,0.01,0.01,2315.165375,1776206546000
1776206547.657,147.657,0.57,12.67,0.56,20.0,0.58,86.71,0.59,40.5,0.42,86.71,0.41,40.5,0.43,82.67,0.44,30.5,0.01,0.01,2315.165375,1776206546000
1776206548.009,148.009,0.57,12.67,0.56,20.0,0.58,86.71,0.59,40.5,0.42,86.71,0.41,40.5,0.43,12.67,0.44,20.0,0.01,0.01,2315.165375,1776206547000
1776206548.526,148.526,0.56,10.0,0.55,35.0,0.58,112.71,0.59,50.5,0.42,86.71,0.41,40.5,0.43,12.67,0.44,20.0,0.02,0.01,2315.165375,1776206547000
1776206548.977,148.977,0.56,10.0,0.55,35.0,0.58,112.71,0.59,50.5,0.42,112.71,0.41,50.5,0.44,10.0,0.45,35.0,0.02,0.02,2315.09643,1776206548000
1776206549.91,149.91,0.56,10.0,0.55,35.0,0.58,112.71,0.59,50.5,0.42,112.71,0.41,50.5,0.44,10.0,0.45,35.0,0.02,0.02,2315.07767,1776206549000
1776206551.45,151.45,0.56,10.0,0.55,35.0,0.58,112.71,0.59,50.5,0.42,112.71,0.41,50.5,0.44,10.0,0.45,35.0,0.02,0.02,2315.04569,1776206550000
1776206551.958,151.958,0.56,10.0,0.55,35.0,0.58,112.71,0.59,50.5,0.42,112.71,0.41,50.5,0.44,10.0,0.45,35.0,0.02,0.02,2315.04263,1776206551000
1776206552.305,152.305,0.55,50.5,0.54,148.5,0.57,51.5,0.58,97.71,0.42,112.71,0.41,50.5,0.44,10.0,0.45,35.0,0.02,0.02,2315.04263,1776206551000
1776206552.655,152.655,0.54,95.0,0.53,30.0,0.56,121.5,0.57,47.5,0.43,51.5,0.42,97.71,0.45,50.5,0.46,148.5,0.02,0.02,2315.04263,1776206551000
1776206553.001,153.001,0.52,95.0,0.51,20.0,0.55,36.5,0.56,86.5,0.45,36.5,0.44,86.5,0.48,95.0,0.49,20.0,0.03,0.03,2315.041541,1776206552000
1776206554.001,154.001,0.52,95.0,0.51,20.0,0.55,36.5,0.56,86.5,0.45,36.5,0.44,86.5,0.48,95.0,0.49,20.0,0.03,0.03,2315.161053,1776206553000
1776206554.464,154.464,0.51,5.0,0.5,40.0,0.52,132.5,0.53,97.12,0.45,36.5,0.44,86.5,0.48,95.0,0.49,20.0,0.01,0.03,2315.161053,1776206553000
1776206554.87,154.87,0.5,5.0,0.49,35.0,0.51,190.53,0.52,72.5,0.48,132.5,0.47,97.12,0.5,40.0,0.51,60.0,0.01,0.02,2315.161053,1776206553000
1776206555.326,155.326,0.5,5.0,0.49,10.0,0.51,195.53,0.52,72.5,0.49,190.53,0.48,72.5,0.5,5.0,0.51,35.0,0.01,0.01,2314.928492,1776206554000
1776206555.976,155.976,0.5,5.0,0.49,10.0,0.51,195.53,0.52,72.5,0.49,195.53,0.48,72.5,0.5,5.0,0.51,10.0,0.01,0.01,2314.763392,1776206555000
1776206556.967,156.967,0.5,5.0,0.49,10.0,0.51,195.53,0.52,72.5,0.49,195.53,0.48,72.5,0.5,5.0,0.51,10.0,0.01,0.01,2314.759036,1776206556000
1776206557.992,157.992,0.5,5.0,0.49,10.0,0.51,195.53,0.52,72.5,0.49,195.53,0.48,72.5,0.5,5.0,0.51,10.0,0.01,0.01,2314.704828,1776206557000
1776206559.01,159.01,0.5,5.0,0.49,10.0,0.51,195.53,0.52,72.5,0.49,195.53,0.48,72.5,0.5,5.0,0.51,10.0,0.01,0.01,2314.66071,1776206558000
1776206560.109,160.109,0.5,5.0,0.49,10.0,0.51,195.53,0.52,72.5,0.49,195.53,0.48,72.5,0.5,5.0,0.51,10.0,0.01,0.01,2314.765817,1776206559000
1776206560.655,160.655,0.48,13.68,0.47,50.5,0.49,46.0,0.5,76.5,0.51,46.0,0.5,76.5,0.52,15.5,0.53,60.5,0.01,0.01,2314.765817,1776206559000
1776206561.128,161.128,0.48,13.68,0.47,50.5,0.49,41.0,0.5,76.5,0.51,41.0,0.5,76.5,0.52,13.68,0.53,50.5,0.01,0.01,2314.656456,1776206560000
1776206561.628,161.628,0.42,11.38,0.4,25.0,0.43,149.08,0.44,152.5,0.56,247.5,0.55,15.0,0.58,196.38,0.59,115.0,0.01,0.02,2314.656456,1776206560000
1776206561.998,161.998,0.37,90.0,0.36,130.0,0.41,122.0,0.42,31.5,0.57,154.08,0.56,152.5,0.6,25.0,0.61,10.5,0.04,0.03,2314.656456,1776206560000
1776206562.787,162.787,0.37,20.88,0.36,130.0,0.38,52.0,0.39,16.0,0.59,122.0,0.58,31.5,0.63,90.0,0.64,130.0,0.01,0.04,2314.657309,1776206561000
1776206563.193,163.193,0.37,10.56,0.36,130.0,0.38,52.0,0.39,16.0,0.62,52.0,0.61,16.0,0.63,10.56,0.64,130.0,0.01,0.01,2314.436037,1776206562000
1776206563.871,163.871,0.37,25.56,0.36,165.0,0.38,52.0,0.39,31.0,0.62,52.0,0.61,16.0,0.63,10.56,0.64,130.0,0.01,0.01,2314.436037,1776206562000
1776206564.859,164.859,0.37,25.56,0.36,165.0,0.38,52.0,0.39,31.0,0.62,52.0,0.61,31.0,0.63,25.56,0.64,165.0,0.01,0.01,2314.24326,1776206563000
1776206565.332,165.332,0.37,25.56,0.36,165.0,0.38,52.0,0.39,31.0,0.62,52.0,0.61,31.0,0.63,25.56,0.64,165.0,0.01,0.01,2314.266975,1776206564000
1776206565.889,165.889,0.37,18.97,0.36,170.0,0.38,61.0,0.39,31.0,0.62,127.0,0.61,31.0,0.63,15.56,0.64,160.0,0.01,0.01,2314.266975,1776206564000
1776206566.622,166.622,0.37,17.38,0.36,165.0,0.38,76.0,0.39,31.0,0.62,61.0,0.61,31.0,0.63,18.97,0.64,170.0,0.01,0.01,2314.15681,1776206565000
1776206567.003,167.003,0.37,22.38,0.36,155.0,0.38,38.76,0.39,31.0,0.62,38.76,0.61,31.0,0.63,22.38,0.64,155.0,0.01,0.01,2314.088128,1776206566000
1776206568.133,168.133,0.37,22.38,0.36,155.0,0.38,38.76,0.39,31.0,0.62,38.76,0.61,31.0,0.63,22.38,0.64,155.0,0.01,0.01,2314.072967,1776206567000
1776206568.419,168.419,0.37,47.38,0.36,155.0,0.38,29.0,0.39,25.0,0.62,38.76,0.61,31.0,0.63,22.38,0.64,155.0,0.01,0.01,2314.072967,1776206567000
1776206569.145,169.145,0.37,47.38,0.36,155.0,0.38,19.0,0.39,25.0,0.62,19.0,0.61,25.0,0.63,47.38,0.64,155.0,0.01,0.01,2314.045285,1776206568000
1776206570.296,170.296,0.37,47.38,0.36,155.0,0.38,19.0,0.39,25.0,0.62,19.0,0.61,25.0,0.63,47.38,0.64,155.0,0.01,0.01,2314.04503,1776206569000
1776206570.761,170.761,0.36,75.0,0.35,20.0,0.38,59.0,0.39,25.0,0.62,29.0,0.61,25.0,0.63,5.0,0.64,105.0,0.02,0.01,2314.04503,1776206569000
1776206570.968,170.968,0.36,20.5,0.35,20.0,0.37,1.62,0.38,45.43,0.63,10.0,0.62,45.43,0.64,30.5,0.65,20.0,0.01,0.01,2314.05013,1776206570000
1776206571.799,171.799,0.35,30.5,0.34,10.0,0.37,65.0,0.38,15.0,0.62,23.68,0.61,20.0,0.64,25.5,0.65,20.0,0.02,0.02,2314.05013,1776206570000
1776206572.027,172.027,0.35,30.5,0.34,10.0,0.37,65.0,0.38,15.0,0.63,65.0,0.62,15.0,0.65,30.5,0.66,10.0,0.02,0.02,2314.06576,1776206571000
1776206573.177,173.177,0.35,30.5,0.34,10.0,0.37,65.0,0.38,15.0,0.63,65.0,0.62,15.0,0.65,30.5,0.66,10.0,0.02,0.02,2314.049901,1776206572000
1776206573.399,173.399,0.35,64.5,0.34,45.0,0.36,4.0,0.37,15.0,0.63,65.0,0.62,15.0,0.65,30.5,0.66,10.0,0.01,0.02,2314.049901,1776206572000
1776206574.295,174.295,0.35,64.5,0.34,45.0,0.36,4.0,0.37,15.0,0.64,4.0,0.63,15.0,0.65,64.5,0.66,45.0,0.01,0.01,2314.101126,1776206573000
1776206575.365,175.365,0.35,64.5,0.34,45.0,0.36,4.0,0.37,15.0,0.64,4.0,0.63,15.0,0.65,64.5,0.66,45.0,0.01,0.01,2314.013917,1776206574000
1776206575.871,175.871,0.35,64.5,0.34,45.0,0.36,4.0,0.37,15.0,0.64,4.0,0.63,15.0,0.65,64.5,0.66,45.0,0.01,0.01,2314.040904,1776206575000
1776206576.501,176.501,0.35,3.0,0.34,35.5,0.36,64.0,0.37,20.0,0.64,4.0,0.63,15.0,0.65,64.5,0.66,45.0,0.01,0.01,2314.040904,1776206575000
1776206576.707,176.707,0.34,20.5,0.33,40.0,0.36,69.0,0.37,30.5,0.64,64.0,0.63,30.5,0.66,45.5,0.67,40.0,0.02,0.02,2314.040904,1776206575000
1776206577.13,177.13,0.34,30.95,0.33,40.0,0.35,40.0,0.36,64.0,0.64,69.0,0.63,30.5,0.66,20.5,0.67,40.0,0.01,0.02,2314.040904,1776206575000
1776206577.49,177.49,0.34,38.95,0.33,40.0,0.35,40.0,0.36,64.0,0.65,40.0,0.64,64.0,0.66,30.95,0.67,40.0,0.01,0.01,2314.059935,1776206576000
1776206578.332,178.332,0.34,31.95,0.33,40.0,0.35,40.0,0.36,64.0,0.65,40.0,0.64,64.0,0.66,31.95,0.67,40.0,0.01,0.01,2314.031875,1776206577000
1776206578.964,178.964,0.37,31.0,0.36,26.0,0.38,84.0,0.39,35.5,0.65,40.0,0.64,64.0,0.66,31.95,0.67,40.0,0.01,0.01,2314.031875,1776206577000
1776206579.3,179.3,0.37,31.0,0.36,26.0,0.38,84.0,0.39,35.5,0.62,84.0,0.61,35.5,0.63,31.0,0.64,26.0,0.01,0.01,2314.00987,1776206578000
1776206580.639,180.639,0.37,31.0,0.36,26.0,0.38,84.0,0.39,35.5,0.62,84.0,0.61,35.5,0.63,31.0,0.64,26.0,0.01,0.01,2314.020893,1776206579000
1776206580.923,180.923,0.37,61.5,0.36,106.5,0.38,100.0,0.39,25.0,0.62,84.0,0.61,35.5,0.63,31.0,0.64,26.0,0.01,0.01,2314.020893,1776206579000
1776206581.128,181.128,0.37,125.5,0.36,116.5,0.39,20.0,0.4,25.0,0.62,10.0,0.61,20.0,0.63,125.5,0.64,116.5,0.02,0.01,2314.020893,1776206579000
1776206581.959,181.959,0.38,44.0,0.37,74.5,0.39,9.0,0.4,20.0,0.61,20.0,0.6,15.0,0.62,24.75,0.63,74.5,0.01,0.01,2314.08172,1776206580000
1776206582.448,182.448,0.38,44.0,0.37,74.5,0.39,9.0,0.4,20.0,0.61,9.0,0.6,20.0,0.62,44.0,0.63,74.5,0.01,0.01,2314.090225,1776206581000
1776206583.068,183.068,0.38,41.46,0.37,74.5,0.39,4.0,0.4,20.0,0.61,4.0,0.6,20.0,0.62,41.46,0.63,74.5,0.01,0.01,2314.140285,1776206582000
1776206583.501,183.501,0.38,61.96,0.37,84.5,0.41,20.0,0.42,25.0,0.61,4.0,0.6,20.0,0.62,41.46,0.63,74.5,0.03,0.01,2314.140285,1776206582000
1776206584.275,184.275,0.38,61.96,0.37,84.5,0.41,20.0,0.42,25.0,0.59,20.0,0.58,25.0,0.62,61.96,0.63,84.5,0.03,0.03,2314.279555,1776206583000
1776206585.568,185.568,0.38,61.96,0.37,84.5,0.41,20.0,0.42,25.0,0.59,20.0,0.58,25.0,0.62,61.96,0.63,84.5,0.03,0.03,2314.300195,1776206584000
1776206586.231,186.231,0.38,61.96,0.37,84.5,0.41,20.0,0.42,25.0,0.59,20.0,0.58,25.0,0.62,61.96,0.63,84.5,0.03,0.03,2314.330535,1776206585000
1776206586.981,186.981,0.4,39.0,0.39,5.0,0.41,15.0,0.42,30.5,0.59,20.0,0.58,25.0,0.62,61.96,0.63,84.5,0.01,0.03,2314.330535,1776206585000
1776206587.434,187.434,0.4,39.0,0.39,5.0,0.41,15.0,0.42,30.5,0.59,15.0,0.58,30.5,0.6,39.0,0.61,5.0,0.01,0.01,2314.337325,1776206586000
1776206588.004,188.004,0.4,39.0,0.39,5.0,0.41,15.0,0.42,30.5,0.59,15.0,0.58,30.5,0.6,39.0,0.61,5.0,0.01,0.01,2314.333315,1776206587000
1776206589.153,189.153,0.4,39.0,0.39,5.0,0.41,15.0,0.42,30.5,0.59,15.0,0.58,30.5,0.6,39.0,0.61,5.0,0.01,0.01,2314.336925,1776206588000
1776206589.529,189.529,0.4,34.0,0.39,5.0,0.41,7.92,0.42,30.5,0.59,15.0,0.58,30.5,0.6,39.0,0.61,5.0,0.01,0.01,2314.336925,1776206588000
1776206590.219,190.219,0.4,24.08,0.38,50.46,0.41,17.92,0.42,30.5,0.59,7.92,0.58,30.5,0.6,34.0,0.61,5.0,0.01,0.01,2314.336925,1776206588000
1776206590.476,190.476,0.4,24.08,0.38,50.46,0.41,17.92,0.42,30.5,0.59,17.92,0.58,30.5,0.6,24.08,0.62,50.46,0.01,0.01,2314.331035,1776206589000
1776206590.923,190.923,0.38,11.54,0.37,121.79,0.41,73.42,0.42,30.5,0.59,17.92,0.58,30.5,0.6,24.08,0.62,50.46,0.03,0.01,2314.331035,1776206589000
1776206592.224,192.224,0.38,11.54,0.37,121.79,0.41,73.42,0.42,30.5,0.59,73.42,0.58,30.5,0.62,11.54,0.63,121.79,0.03,0.03,2314.33828,1776206591000
1776206593.481,193.481,0.38,11.54,0.37,121.79,0.41,73.42,0.42,30.5,0.59,73.42,0.58,30.5,0.62,11.54,0.63,121.79,0.03,0.03,2314.305275,1776206592000
1776206593.995,193.995,0.38,11.54,0.37,121.79,0.41,73.42,0.42,30.5,0.59,73.42,0.58,30.5,0.62,11.54,0.63,121.79,0.03,0.03,2314.30528,1776206593000
1776206594.696,194.696,0.37,9.0,0.36,105.5,0.38,10.0,0.39,45.0,0.59,73.42,0.58,30.5,0.62,11.54,0.63,121.79,0.01,0.03,2314.30528,1776206593000
1776206595.089,195.089,0.37,9.0,0.36,105.5,0.38,10.0,0.39,45.0,0.62,10.0,0.61,45.0,0.63,9.0,0.64,105.5,0.01,0.01,2314.298815,1776206594000
1776206596.538,196.538,0.37,9.0,0.36,105.5,0.38,10.0,0.39,45.0,0.62,10.0,0.61,45.0,0.63,9.0,0.64,105.5,0.01,0.01,2314.292695,1776206595000
1776206596.836,196.836,0.37,22.41,0.36,85.0,0.38,45.0,0.39,30.0,0.62,10.0,0.61,45.0,0.63,9.0,0.64,105.5,0.01,0.01,2314.292695,1776206595000
1776206597.17,197.17,0.37,25.21,0.36,85.0,0.38,40.0,0.39,25.0,0.62,45.0,0.61,30.0,0.63,22.41,0.64,85.0,0.01,0.01,2314.292695,1776206595000
1776206598.408,198.408,0.37,23.01,0.36,85.0,0.38,40.0,0.39,25.0,0.62,40.0,0.61,25.0,0.63,23.01,0.64,85.0,0.01,0.01,2314.26328,1776206597000
1776206598.897,198.897,0.37,43.01,0.36,85.5,0.38,19.86,0.39,20.0,0.62,40.0,0.61,25.0,0.63,23.01,0.64,85.0,0.01,0.01,2314.26328,1776206597000
1776206599.223,199.223,0.37,43.01,0.36,85.5,0.38,19.86,0.39,20.0,0.62,19.86,0.61,20.0,0.63,43.01,0.64,85.5,0.01,0.01,2314.26328,1776206598000
1776206600.438,200.438,0.37,43.01,0.36,85.5,0.38,19.86,0.39,20.0,0.62,19.86,0.61,20.0,0.63,43.01,0.64,85.5,0.01,0.01,2314.260645,1776206599000
1776206601.044,201.044,0.37,43.01,0.36,85.5,0.38,19.86,0.39,20.0,0.62,19.86,0.61,20.0,0.63,43.01,0.64,85.5,0.01,0.01,2314.292615,1776206600000
1776206601.263,201.263,0.34,20.0,0.33,70.0,0.36,7.99,0.38,189.36,0.64,7.99,0.62,164.36,0.65,10.0,0.66,20.0,0.02,0.01,2314.292615,1776206600000
1776206602.371,202.371,0.34,20.0,0.33,70.0,0.36,7.99,0.38,189.36,0.64,7.99,0.62,189.36,0.66,20.0,0.67,70.0,0.02,0.02,2314.27951,1776206601000
1776206603.537,203.537,0.34,20.0,0.33,70.0,0.36,7.99,0.38,189.36,0.64,7.99,0.62,189.36,0.66,20.0,0.67,70.0,0.02,0.02,2314.180524,1776206602000
1776206604.32,204.32,0.34,20.0,0.33,70.0,0.36,7.99,0.38,189.36,0.64,7.99,0.62,189.36,0.66,20.0,0.67,70.0,0.02,0.02,2314.071468,1776206603000
1776206605.156,205.156,0.32,28.42,0.31,110.0,0.33,144.0,0.34,80.5,0.64,7.99,0.62,189.36,0.66,20.0,0.67,70.0,0.01,0.02,2314.071468,1776206603000
1776206605.557,205.557,0.32,28.42,0.31,110.0,0.33,144.0,0.34,80.5,0.67,144.0,0.66,80.5,0.68,28.42,0.69,110.0,0.01,0.01,2314.19709,1776206604000
1776206605.758,205.758,0.32,11.44,0.31,110.0,0.33,154.0,0.34,90.5,0.67,154.0,0.66,90.5,0.68,16.44,0.69,110.0,0.01,0.01,2314.19709,1776206604000
1776206606.19,206.19,0.32,11.44,0.31,110.0,0.33,154.0,0.34,90.5,0.67,154.0,0.66,90.5,0.68,11.44,0.69,110.0,0.01,0.01,2314.235112,1776206605000
1776206606.557,206.557,0.32,9.96,0.31,110.0,0.33,169.0,0.34,80.5,0.67,154.0,0.66,90.5,0.68,11.44,0.69,110.0,0.01,0.01,2314.235112,1776206605000
1776206607.498,207.498,0.32,9.96,0.31,110.0,0.33,169.0,0.34,80.5,0.67,169.0,0.66,80.5,0.68,9.96,0.69,110.0,0.01,0.01,2314.17442,1776206606000
1776206608.112,208.112,0.31,105.0,0.3,150.0,0.33,179.5,0.34,80.5,0.67,179.5,0.66,80.5,0.69,105.0,0.7,150.0,0.02,0.02,2314.053615,1776206607000
1776206609.195,209.195,0.3,75.0,0.29,60.0,0.32,170.0,0.33,45.5,0.68,177.5,0.67,64.5,0.69,33.92,0.7,80.0,0.02,0.01,2314.053615,1776206607000
1776206609.435,209.435,0.3,75.0,0.29,60.0,0.32,170.0,0.33,45.5,0.68,170.0,0.67,45.5,0.7,50.0,0.71,60.0,0.02,0.02,2314.053578,1776206608000
1776206609.951,209.951,0.28,5.5,0.27,15.5,0.29,125.0,0.3,20.0,0.68,170.0,0.67,45.5,0.7,50.0,0.71,60.0,0.01,0.02,2314.053578,1776206608000
1776206610.158,210.158,0.27,0.46,0.26,35.5,0.28,40.0,0.29,20.0,0.71,125.0,0.7,20.0,0.72,5.5,0.73,15.5,0.01,0.01,2314.039113,1776206609000
1776206610.897,210.897,0.26,45.5,0.25,65.0,0.27,33.25,0.28,15.0,0.72,45.0,0.71,25.0,0.73,5.96,0.74,35.5,0.01,0.01,2314.039113,1776206609000
1776206611.428,211.428,0.26,20.43,0.25,25.0,0.27,38.25,0.28,10.0,0.73,33.25,0.72,15.0,0.74,45.5,0.75,65.0,0.01,0.01,2314.039113,1776206609000
1776206611.819,211.819,0.26,20.43,0.25,25.0,0.27,38.25,0.28,10.0,0.73,38.25,0.72,10.0,0.74,20.43,0.75,25.0,0.01,0.01,2313.904374,1776206610000
1776206612.108,212.108,0.26,10.43,0.25,25.0,0.27,38.25,0.28,10.0,0.73,38.25,0.72,10.0,0.74,20.43,0.75,25.0,0.01,0.01,2313.904374,1776206610000
1776206612.389,212.389,0.26,5.22,0.25,25.0,0.27,38.25,0.28,10.0,0.73,38.25,0.72,10.0,0.74,10.43,0.75,25.0,0.01,0.01,2313.904374,1776206610000
1776206612.746,212.746,0.25,30.5,0.24,120.0,0.26,32.49,0.27,15.0,0.73,38.25,0.72,10.0,0.74,5.22,0.75,25.0,0.01,0.01,2313.902183,1776206611000
1776206612.946,212.946,0.25,13.33,0.24,120.5,0.26,27.49,0.27,15.0,0.74,32.49,0.73,15.0,0.75,30.5,0.76,120.0,0.01,0.01,2313.902183,1776206611000
1776206613.241,213.241,0.25,3.33,0.24,110.0,0.26,37.49,0.27,30.0,0.74,27.49,0.73,15.0,0.75,13.33,0.76,120.5,0.01,0.01,2313.895385,1776206612000
1776206614.253,214.253,0.25,1.9,0.24,130.0,0.26,11.99,0.27,30.0,0.74,11.99,0.73,30.0,0.75,1.9,0.76,130.0,0.01,0.01,2313.896705,1776206613000
1776206615.443,215.443,0.25,1.9,0.24,130.0,0.26,11.99,0.27,30.0,0.74,11.99,0.73,30.0,0.75,1.9,0.76,130.0,0.01,0.01,2313.92198,1776206614000
1776206615.994,215.994,0.24,85.0,0.23,134.99,0.26,16.99,0.27,30.0,0.74,16.99,0.73,30.0,0.76,85.0,0.77,134.99,0.02,0.02,2313.922265,1776206615000
1776206616.322,216.322,0.24,85.0,0.23,134.99,0.25,2.0,0.26,11.99,0.74,16.99,0.73,30.0,0.76,85.0,0.77,134.99,0.01,0.02,2313.922265,1776206615000
1776206616.792,216.792,0.22,6.28,0.2,10.0,0.23,10.0,0.24,70.0,0.74,4.4,0.73,30.5,0.76,85.0,0.77,134.99,0.01,0.02,2313.922265,1776206615000
1776206617.082,217.082,0.2,7.46,0.19,41.29,0.23,10.0,0.24,70.0,0.77,10.0,0.76,70.0,0.8,7.46,0.81,41.29,0.03,0.03,2313.889286,1776206616000
1776206617.294,217.294,0.19,23.95,0.18,15.0,0.21,49.3,0.23,25.0,0.77,15.0,0.76,90.5,0.81,23.95,0.82,10.0,0.02,0.04,2313.889286,1776206616000
1776206618.18,218.18,0.19,17.78,0.18,15.0,0.21,49.3,0.23,25.0,0.79,49.3,0.77,25.0,0.81,17.78,0.82,15.0,0.02,0.02,2313.81865,1776206617000
1776206618.705,218.705,0.15,25.55,0.14,100.0,0.16,40.0,0.17,30.0,0.79,49.3,0.77,25.0,0.81,17.78,0.82,15.0,0.01,0.02,2313.81865,1776206617000
1776206619.096,219.096,0.2,89.93,0.19,93.0,0.21,10.0,0.22,10.0,0.79,59.3,0.78,10.0,0.85,37.25,0.86,120.0,0.01,0.06,2313.81865,1776206617000
1776206619.352,219.352,0.2,89.93,0.19,70.0,0.22,4.0,0.23,10.0,0.78,4.0,0.77,10.0,0.8,89.93,0.81,70.0,0.02,0.02,2313.487079,1776206618000
1776206619.687,219.687,0.2,84.61,0.19,96.5,0.21,50.0,0.22,69.0,0.78,4.0,0.77,10.0,0.8,89.93,0.81,70.0,0.01,0.02,2313.487079,1776206618000
1776206619.908,219.908,0.2,102.82,0.19,86.0,0.21,35.0,0.22,69.0,0.79,50.0,0.78,69.0,0.8,84.61,0.81,96.5,0.01,0.01,2313.487079,1776206618000
1776206620.431,220.431,0.2,96.57,0.19,86.0,0.21,35.0,0.22,69.0,0.79,35.0,0.78,69.0,0.8,102.82,0.81,86.0,0.01,0.01,2313.487079,1776206618000
1776206621.034,221.034,0.2,96.57,0.19,86.0,0.21,35.0,0.22,69.0,0.79,35.0,0.78,69.0,0.8,96.57,0.81,86.0,0.01,0.01,2313.447215,1776206620000
1776206622.107,222.107,0.2,96.57,0.19,86.0,0.21,35.0,0.22,69.0,0.79,35.0,0.78,69.0,0.8,96.57,0.81,86.0,0.01,0.01,2313.662635,1776206621000
1776206622.767,222.767,0.2,5.57,0.15,15.52,0.21,105.0,0.22,74.0,0.79,35.0,0.78,69.0,0.8,96.57,0.81,86.0,0.01,0.01,2313.662635,1776206621000
1776206623.121,223.121,0.17,5.0,0.15,15.52,0.21,135.0,0.22,74.0,0.79,105.0,0.78,74.0,0.8,0.57,0.85,15.52,0.04,0.01,2313.662635,1776206621000
1776206624.105,224.105,0.19,70.0,0.18,70.0,0.2,4.74,0.21,30.0,0.79,135.0,0.78,74.0,0.83,5.0,0.85,15.52,0.01,0.04,2313.6736,1776206622000
1776206624.368,224.368,0.19,70.0,0.18,70.0,0.2,4.74,0.21,30.0,0.8,4.74,0.79,30.0,0.81,70.0,0.82,70.0,0.01,0.01,2313.68052,1776206623000
1776206624.899,224.899,0.19,16.31,0.18,90.5,0.2,10.0,0.21,65.0,0.8,4.74,0.79,40.5,0.81,17.0,0.82,70.0,0.01,0.01,2313.68052,1776206623000
1776206625.163,225.163,0.19,26.0,0.18,88.81,0.2,15.0,0.21,20.0,0.8,10.0,0.79,65.0,0.82,88.81,0.83,110.0,0.01,0.02,2313.609585,1776206624000
1776206625.419,225.419,0.19,21.0,0.18,88.81,0.2,4.0,0.21,25.0,0.8,15.0,0.79,20.0,0.81,26.0,0.82,88.81,0.01,0.01,2313.609585,1776206624000
1776206626.029,226.029,0.2,15.0,0.19,46.0,0.21,1.19,0.22,56.0,0.79,5.0,0.78,106.0,0.81,21.0,0.82,88.81,0.01,0.02,2313.609585,1776206624000
1776206626.248,226.248,0.2,8.62,0.19,16.0,0.21,16.69,0.22,71.5,0.79,1.19,0.78,56.0,0.8,15.0,0.81,46.0,0.01,0.01,2313.609585,1776206624000
1776206626.455,226.455,0.2,3.62,0.19,16.0,0.21,26.69,0.22,71.5,0.79,16.69,0.78,71.5,0.8,8.62,0.81,16.0,0.01,0.01,2313.609585,1776206624000
1776206626.673,226.673,0.2,3.62,0.19,16.0,0.21,26.69,0.22,71.5,0.79,26.69,0.78,71.5,0.8,3.62,0.81,16.0,0.01,0.01,2313.58902,1776206625000
1776206627.223,227.223,0.2,3.62,0.19,16.0,0.21,26.69,0.22,71.5,0.79,26.69,0.78,71.5,0.8,3.62,0.81,16.0,0.01,0.01,2313.61489,1776206626000
1776206628.266,228.266,0.2,3.62,0.19,16.0,0.21,26.69,0.22,71.5,0.79,26.69,0.78,71.5,0.8,3.62,0.81,16.0,0.01,0.01,2313.67288,1776206627000
1776206629.296,229.296,0.2,3.62,0.19,16.0,0.21,26.69,0.22,71.5,0.79,26.69,0.78,71.5,0.8,3.62,0.81,16.0,0.01,0.01,2313.62314,1776206628000
1776206630.36,230.36,0.2,3.62,0.19,16.0,0.21,26.69,0.22,71.5,0.79,26.69,0.78,71.5,0.8,3.62,0.81,16.0,0.01,0.01,2313.660872,1776206629000
1776206630.724,230.724,0.15,126.43,0.14,135.99,0.17,26.0,0.18,25.0,0.83,21.0,0.82,20.0,0.85,123.47,0.86,151.79,0.02,0.02,2313.660872,1776206629000
1776206631.617,231.617,0.15,0.33,0.14,10.0,0.16,130.0,0.17,79.0,0.83,26.0,0.82,25.0,0.85,126.43,0.86,135.99,0.01,0.02,2313.672982,1776206630000
1776206631.869,231.869,0.11,8.28,0.1,9.81,0.12,28.0,0.13,72.0,0.87,129.0,0.86,18.0,0.9,9.81,0.91,127.79,0.01,0.03,2313.672982,1776206630000
1776206632.284,232.284,0.12,10.0,0.11,45.28,0.13,68.78,0.14,41.5,0.87,32.0,0.86,31.0,0.89,45.28,0.9,9.81,0.01,0.02,2313.672982,1776206630000
1776206632.514,232.514,0.09,107.5,0.08,35.0,0.12,15.0,0.13,38.28,0.88,15.0,0.87,38.28,0.91,109.49,0.92,35.0,0.03,0.03,2313.62214,1776206631000
1776206632.913,232.913,0.11,13.83,0.1,49.0,0.12,13.8,0.13,38.28,0.88,18.8,0.87,33.28,0.9,10.0,0.91,107.5,0.01,0.02,2313.62214,1776206631000
1776206633.247,233.247,0.11,32.0,0.1,107.79,0.13,35.78,0.14,51.0,0.88,13.8,0.87,38.28,0.89,13.83,0.9,49.0,0.02,0.01,2313.62214,1776206631000
1776206633.899,233.899,0.11,2.37,0.1,123.79,0.12,15.0,0.13,30.78,0.88,5.0,0.87,25.78,0.89,25.76,0.9,117.79,0.01,0.01,2313.341749,1776206632000
1776206634.327,234.327,0.1,104.77,0.09,107.5,0.11,35.03,0.12,20.0,0.88,15.0,0.87,30.78,0.89,2.37,0.9,123.79,0.01,0.01,2313.341749,1776206632000
1776206635.327,235.327,0.1,97.07,0.09,107.5,0.11,35.03,0.12,20.0,0.89,35.03,0.88,20.0,0.9,97.07,0.91,107.5,0.01,0.01,2313.24974,1776206634000
1776206635.714,235.714,0.1,111.9,0.09,107.5,0.11,30.3,0.12,25.0,0.89,40.03,0.88,25.0,0.9,101.9,0.91,107.5,0.01,0.01,2313.24974,1776206634000
1776206636.373,236.373,0.1,121.78,0.09,107.5,0.11,30.57,0.12,25.0,0.89,30.57,0.88,25.0,0.9,121.78,0.91,107.5,0.01,0.01,2313.21367,1776206635000
1776206636.655,236.655,0.1,14.77,0.09,139.5,0.11,35.57,0.12,35.5,0.89,30.57,0.88,25.0,0.9,121.78,0.91,107.5,0.01,0.01,2313.21367,1776206635000
1776206637.303,237.303,0.1,8.88,0.09,57.5,0.11,96.07,0.12,44.5,0.89,35.57,0.88,35.5,0.9,14.77,0.91,139.5,0.01,0.01,2313.21367,1776206635000
1776206637.858,237.858,0.1,0.54,0.09,57.5,0.11,96.07,0.12,44.5,0.89,96.07,0.88,44.5,0.9,0.54,0.91,57.5,0.01,0.01,2313.21703,1776206637000
1776206638.323,238.323,0.09,57.5,0.08,169.2,0.1,17.46,0.11,96.07,0.89,96.07,0.88,44.5,0.9,0.54,0.91,57.5,0.01,0.01,2313.21703,1776206637000
1776206638.99,238.99,0.09,57.5,0.08,169.2,0.1,17.46,0.11,96.07,0.9,17.46,0.89,96.07,0.91,57.5,0.92,169.2,0.01,0.01,2313.2831,1776206638000
1776206639.97,239.97,0.09,7.5,0.08,47.4,0.1,64.96,0.11,127.86,0.9,64.96,0.89,127.86,0.91,7.5,0.92,47.4,0.01,0.01,2313.081035,1776206639000
1776206640.962,240.962,0.09,7.5,0.08,35.0,0.11,35.57,0.12,9.0,0.9,64.96,0.89,127.86,0.91,7.5,0.92,47.4,0.02,0.01,2313.081035,1776206639000
1776206641.275,241.275,0.09,38.07,0.08,6.63,0.1,5.0,0.11,10.32,0.9,5.0,0.89,15.32,0.91,45.27,0.92,11.63,0.01,0.01,2313.081035,1776206639000
1776206641.759,241.759,0.09,38.07,0.08,6.63,0.1,5.0,0.11,10.32,0.9,5.0,0.89,10.32,0.91,38.07,0.92,6.63,0.01,0.01,2312.994315,1776206640000
1776206642.119,242.119,0.08,41.7,0.07,40.0,0.1,15.0,0.11,10.32,0.9,5.0,0.89,10.32,0.91,38.07,0.92,6.63,0.02,0.01,2312.994315,1776206640000
1776206642.329,242.329,0.09,44.7,0.08,3.7,0.1,30.0,0.11,10.32,0.9,15.0,0.89,10.32,0.91,36.9,0.92,41.7,0.01,0.01,2312.994315,1776206640000
1776206642.696,242.696,0.09,8.25,0.08,41.7,0.1,30.0,0.11,10.32,0.9,30.0,0.89,10.32,0.91,44.7,0.92,3.7,0.01,0.01,2313.05417,1776206641000
1776206643.069,243.069,0.09,8.25,0.08,41.7,0.1,30.0,0.11,10.32,0.9,30.0,0.89,10.32,0.91,8.25,0.92,41.7,0.01,0.01,2313.14277,1776206642000
1776206644.074,244.074,0.09,8.25,0.08,41.7,0.1,30.0,0.11,10.32,0.9,30.0,0.89,10.32,0.91,8.25,0.92,41.7,0.01,0.01,2313.14277,1776206642000
1776206644.569,244.569,0.09,8.25,0.08,41.7,0.1,30.0,0.11,10.32,0.9,30.0,0.89,10.32,0.91,8.25,0.92,41.7,0.01,0.01,2313.169875,1776206643000
1776206645.353,245.353,0.09,8.25,0.08,41.7,0.1,30.0,0.11,10.32,0.9,30.0,0.89,10.32,0.91,8.25,0.92,41.7,0.01,0.01,2313.17206,1776206644000
1776206645.966,245.966,0.09,13.25,0.08,41.7,0.11,10.32,0.12,54.1,0.9,30.0,0.89,10.32,0.91,8.25,0.92,41.7,0.02,0.01,2313.17206,1776206644000
1776206646.37,246.37,0.09,8.25,0.08,41.7,0.11,10.77,0.12,64.1,0.89,10.32,0.88,54.1,0.91,8.25,0.92,41.7,0.02,0.02,2313.18845,1776206645000
1776206647.439,247.439,0.09,8.25,0.08,41.7,0.11,10.77,0.12,64.1,0.89,10.77,0.88,64.1,0.91,8.25,0.92,41.7,0.02,0.02,2313.149342,1776206646000
1776206648.068,248.068,0.09,8.25,0.08,41.7,0.11,10.77,0.12,64.1,0.89,10.77,0.88,64.1,0.91,8.25,0.92,41.7,0.02,0.02,2313.206355,1776206647000
1776206649.57,249.57,0.09,8.25,0.08,41.7,0.11,10.77,0.12,64.1,0.89,10.77,0.88,64.1,0.91,8.25,0.92,41.7,0.02,0.02,2313.231205,1776206648000
1776206649.958,249.958,0.07,126.61,0.06,96.59,0.1,52.16,0.11,62.11,0.89,10.77,0.88,64.1,0.91,8.25,0.92,41.7,0.03,0.02,2313.231205,1776206648000
1776206650.25,250.25,0.07,126.61,0.06,96.59,0.1,52.16,0.11,62.11,0.9,52.16,0.89,62.11,0.93,126.61,0.94,96.59,0.03,0.03,2313.23474,1776206649000
1776206650.631,250.631,0.09,0.78,0.08,10.0,0.1,62.16,0.11,72.11,0.9,52.16,0.89,62.11,0.93,126.61,0.94,96.59,0.01,0.03,2313.23474,1776206649000
1776206650.891,250.891,0.08,10.0,0.07,141.03,0.1,56.09,0.11,72.11,0.9,62.16,0.89,72.11,0.91,0.78,0.92,10.0,0.02,0.01,2313.23474,1776206649000
1776206651.46,251.46,0.1,45.0,0.09,15.0,0.12,5.75,0.13,5.78,0.9,45.39,0.89,72.11,0.92,10.0,0.93,60.73,0.02,0.02,2313.23474,1776206649000
1776206651.807,251.807,0.11,41.0,0.1,55.0,0.13,30.0,0.14,25.0,0.86,31.78,0.85,30.0,0.9,45.0,0.91,10.0,0.02,0.04,2313.25084,1776206650000
1776206652.236,252.236,0.11,41.0,0.1,55.0,0.13,30.0,0.14,25.0,0.87,30.0,0.86,25.0,0.89,41.0,0.9,55.0,0.02,0.02,2313.257505,1776206651000
1776206652.858,252.858,0.11,39.87,0.1,55.0,0.12,102.92,0.13,20.0,0.87,30.0,0.86,25.0,0.89,41.0,0.9,55.0,0.01,0.02,2313.257505,1776206651000
1776206653.579,253.579,0.11,39.87,0.1,55.0,0.12,102.92,0.13,20.0,0.88,102.92,0.87,20.0,0.89,39.87,0.9,55.0,0.01,0.01,2313.358681,1776206652000
1776206654.16,254.16,0.11,34.87,0.1,50.0,0.12,107.92,0.13,20.0,0.88,102.92,0.87,20.0,0.89,39.87,0.9,55.0,0.01,0.01,2313.358681,1776206652000
1776206655.648,255.648,0.11,34.87,0.1,50.0,0.12,107.92,0.13,20.0,0.88,107.92,0.87,20.0,0.89,34.87,0.9,50.0,0.01,0.01,2313.410695,1776206654000
1776206656.373,256.373,0.11,34.87,0.1,50.0,0.12,107.92,0.13,20.0,0.88,107.92,0.87,20.0,0.89,34.87,0.9,50.0,0.01,0.01,2313.42639,1776206655000
1776206657.069,257.069,0.11,28.61,0.1,10.0,0.12,141.38,0.13,15.0,0.88,136.38,0.87,20.0,0.89,29.87,0.9,10.0,0.01,0.01,2313.42639,1776206655000
1776206657.534,257.534,0.11,25.47,0.1,10.0,0.12,49.54,0.13,80.67,0.88,146.38,0.87,46.8,0.89,25.47,0.9,10.0,0.01,0.01,2313.435715,1776206656000
1776206658.234,258.234,0.11,14.24,0.1,10.0,0.12,37.04,0.13,88.67,0.88,37.04,0.87,88.67,0.89,14.24,0.9,10.0,0.01,0.01,2313.45317,1776206657000
1776206659.263,259.263,0.11,18.12,0.1,10.0,0.12,66.14,0.13,105.67,0.88,37.04,0.87,88.67,0.89,14.24,0.9,10.0,0.01,0.01,2313.45317,1776206657000
1776206660.365,260.365,0.11,18.12,0.1,10.0,0.12,66.14,0.13,105.67,0.88,66.14,0.87,105.67,0.89,18.12,0.9,10.0,0.01,0.01,2313.4498,1776206659000
1776206660.837,260.837,0.11,26.91,0.1,111.0,0.13,4.0,0.14,15.0,0.88,46.14,0.87,59.8,0.89,21.91,0.9,10.0,0.02,0.01,2313.4498,1776206659000
1776206661.986,261.986,0.11,31.91,0.1,111.0,0.15,0.75,0.16,18.0,0.85,0.75,0.84,18.0,0.89,31.91,0.9,111.0,0.04,0.04,2313.45596,1776206661000
1776206662.252,262.252,0.13,15.0,0.12,32.0,0.16,1.0,0.17,16.0,0.85,20.0,0.84,10.0,0.87,15.0,0.88,32.0,0.03,0.02,2313.45596,1776206661000
1776206662.858,262.858,0.14,17.15,0.13,15.0,0.15,0.88,0.16,10.0,0.84,1.0,0.83,16.0,0.87,15.0,0.88,32.0,0.01,0.03,2313.45596,1776206661000
1776206663.142,263.142,0.14,11.39,0.13,15.0,0.16,10.0,0.17,16.0,0.84,10.0,0.83,16.0,0.86,11.39,0.87,15.0,0.02,0.02,2313.66118,1776206662000
1776206663.751,263.751,0.15,10.41,0.14,10.0,0.16,85.69,0.17,16.0,0.84,15.0,0.83,16.0,0.85,11.67,0.86,10.0,0.01,0.01,2313.66118,1776206662000
1776206664.205,264.205,0.15,10.41,0.14,10.0,0.16,85.69,0.17,16.0,0.84,85.69,0.83,16.0,0.85,10.41,0.86,10.0,0.01,0.01,2313.691015,1776206663000
1776206665.122,265.122,0.15,6.67,0.13,10.0,0.16,94.0,0.17,16.0,0.84,85.69,0.83,16.0,0.85,10.41,0.86,10.0,0.01,0.01,2313.691015,1776206663000
1776206665.893,265.893,0.15,6.67,0.13,10.0,0.16,80.62,0.17,16.0,0.84,80.62,0.83,16.0,0.85,6.67,0.87,10.0,0.01,0.01,2313.80667,1776206665000
1776206666.187,266.187,0.15,5.01,0.13,10.0,0.16,85.62,0.17,24.0,0.84,80.62,0.83,16.0,0.85,6.67,0.87,10.0,0.01,0.01,2313.80667,1776206665000
1776206666.482,266.482,0.14,13.8,0.13,8.93,0.15,10.0,0.16,70.62,0.84,80.62,0.83,24.0,0.87,8.93,0.88,54.1,0.01,0.03,2313.80667,1776206665000
1776206666.708,266.708,0.14,12.44,0.13,8.93,0.15,20.0,0.16,70.62,0.85,20.0,0.84,70.62,0.86,8.72,0.87,8.93,0.01,0.01,2313.80667,1776206665000
1776206666.978,266.978,0.11,79.24,0.1,205.0,0.13,10.0,0.14,10.0,0.85,20.0,0.84,70.62,0.89,60.71,0.9,205.0,0.02,0.04,2313.80667,1776206665000
1776206667.388,267.388,0.11,64.89,0.1,215.0,0.13,146.23,0.14,10.0,0.87,10.0,0.86,10.0,0.89,71.12,0.9,205.0,0.02,0.02,2313.80667,1776206665000
1776206667.651,267.651,0.11,57.74,0.1,215.0,0.13,146.23,0.14,10.0,0.87,146.23,0.86,10.0,0.89,57.74,0.9,215.0,0.02,0.02,2313.80101,1776206666000
1776206668.214,268.214,0.11,20.0,0.1,163.0,0.12,3.75,0.13,186.23,0.87,146.23,0.86,10.0,0.89,36.51,0.9,163.0,0.01,0.02,2313.80101,1776206666000
1776206668.717,268.717,0.11,15.0,0.1,20.0,0.12,196.12,0.13,185.0,0.88,3.75,0.87,186.23,0.89,20.0,0.9,163.0,0.01,0.01,2313.842715,1776206667000
1776206669.02,269.02,0.09,10.0,0.08,15.76,0.11,111.0,0.12,65.75,0.88,196.12,0.87,185.0,0.9,14.61,0.91,10.0,0.02,0.02,2313.842715,1776206667000
1776206669.383,269.383,0.09,16.16,0.08,15.76,0.1,190.44,0.11,96.0,0.89,111.0,0.88,65.75,0.91,10.0,0.92,15.76,0.01,0.02,2313.842715,1776206667000
1776206669.831,269.831,0.08,15.7,0.07,33.31,0.1,69.0,0.11,85.0,0.9,190.44,0.89,96.0,0.91,16.16,0.92,15.76,0.02,0.01,2313.843495,1776206668000
1776206670.264,270.264,0.09,4.56,0.08,28.32,0.1,214.78,0.11,85.0,0.9,69.0,0.89,85.0,0.92,15.7,0.93,33.31,0.01,0.02,2313.725685,1776206669000
1776206670.97,270.97,0.08,11.09,0.07,33.31,0.1,219.78,0.11,85.0,0.9,219.78,0.89,85.0,0.92,11.09,0.93,33.31,0.02,0.02,2313.701671,1776206670000
1776206671.395,271.395,0.07,9.31,0.06,98.8,0.08,24.0,0.09,198.73,0.9,219.78,0.89,85.0,0.92,11.09,0.93,33.31,0.01,0.02,2313.701671,1776206670000
1776206671.781,271.781,0.07,2.22,0.06,98.8,0.08,49.0,0.09,207.73,0.92,24.0,0.91,198.73,0.93,9.31,0.94,98.8,0.01,0.01,2313.701671,1776206670000
1776206672.108,272.108,0.07,2.22,0.06,98.8,0.08,49.0,0.09,207.73,0.92,49.0,0.91,207.73,0.93,2.22,0.94,98.8,0.01,0.01,2313.569964,1776206671000
1776206672.409,272.409,0.07,3.35,0.06,98.8,0.08,204.4,0.09,77.0,0.92,49.0,0.91,207.73,0.93,2.22,0.94,98.8,0.01,0.01,2313.569964,1776206671000
1776206672.617,272.617,0.05,180.0,0.04,50.0,0.06,36.65,0.08,217.4,0.92,204.4,0.91,77.0,0.93,3.35,0.94,98.8,0.01,0.01,2313.569964,1776206671000
1776206672.982,272.982,0.05,180.0,0.04,50.0,0.06,36.65,0.08,217.4,0.94,36.65,0.92,217.4,0.95,180.0,0.96,50.0,0.01,0.01,2313.540944,1776206672000
1776206673.308,273.308,0.05,155.0,0.04,50.0,0.06,185.86,0.07,75.0,0.94,45.0,0.93,75.0,0.95,165.0,0.96,50.0,0.01,0.01,2313.540944,1776206672000
1776206673.565,273.565,0.04,50.0,0.03,146.0,0.06,154.86,0.07,100.0,0.94,185.86,0.93,75.0,0.95,155.0,0.96,50.0,0.02,0.01,2313.540944,1776206672000
1776206673.994,273.994,0.03,141.0,0.02,258.0,0.05,41.0,0.06,154.86,0.94,154.86,0.93,100.0,0.96,30.0,0.97,146.0,0.02,0.02,2313.540944,1776206672000
1776206674.215,274.215,0.03,140.76,0.02,258.0,0.04,152.58,0.05,15.0,0.95,41.0,0.94,154.86,0.97,141.0,0.98,258.0,0.01,0.02,2313.480624,1776206673000
1776206674.636,274.636,0.03,130.45,0.02,258.0,0.04,156.35,0.05,20.0,0.96,151.35,0.95,15.0,0.97,135.76,0.98,258.0,0.01,0.01,2313.480624,1776206673000
1776206674.871,274.871,0.03,125.45,0.02,258.0,0.04,156.35,0.05,20.0,0.96,156.35,0.95,20.0,0.97,130.45,0.98,258.0,0.01,0.01,2313.480624,1776206673000
1776206675.186,275.186,0.03,125.45,0.02,258.0,0.04,156.35,0.05,20.0,0.96,156.35,0.95,20.0,0.97,125.45,0.98,258.0,0.01,0.01,2313.34081,1776206674000
1776206675.77,275.77,0.03,110.14,0.02,258.0,0.04,15.0,0.05,15.0,0.96,156.35,0.95,20.0,0.97,125.45,0.98,258.0,0.01,0.01,2313.34081,1776206674000
1776206675.984,275.984,0.04,6.87,0.03,114.9,0.06,47.0,0.07,85.0,0.94,47.0,0.93,85.0,0.97,114.9,0.98,258.0,0.02,0.03,2313.34081,1776206674000
1776206676.216,276.216,0.04,5.82,0.03,109.9,0.06,47.0,0.07,194.29,0.94,47.0,0.93,194.29,0.96,5.82,0.97,109.9,0.02,0.02,2313.044824,1776206675000
1776206676.781,276.781,0.04,0.82,0.03,109.9,0.06,62.0,0.07,199.29,0.94,47.0,0.93,194.29,0.96,5.82,0.97,109.9,0.02,0.02,2313.044824,1776206675000
1776206677.022,277.022,0.04,6.87,0.03,114.9,0.06,62.0,0.07,199.29,0.94,67.0,0.93,199.29,0.97,109.9,0.98,258.0,0.02,0.03,2313.044824,1776206675000
1776206677.304,277.304,0.04,6.87,0.03,114.9,0.06,62.0,0.07,199.29,0.94,62.0,0.93,199.29,0.96,6.87,0.97,114.9,0.02,0.02,2313.042295,1776206676000
1776206678.137,278.137,0.03,75.64,0.02,258.0,0.04,90.22,0.05,46.0,0.95,93.37,0.94,62.0,0.97,81.77,0.98,258.0,0.01,0.02,2313.042295,1776206676000
1776206678.423,278.423,0.03,75.64,0.02,258.0,0.04,90.22,0.05,46.0,0.96,90.22,0.95,46.0,0.97,75.64,0.98,258.0,0.01,0.01,2313.21463,1776206677000
1776206678.884,278.884,0.03,68.64,0.02,258.0,0.04,85.22,0.05,46.0,0.96,90.22,0.95,46.0,0.97,75.64,0.98,258.0,0.01,0.01,2313.21463,1776206677000
1776206679.983,279.983,0.03,68.64,0.02,258.0,0.04,85.22,0.05,46.0,0.96,85.22,0.95,46.0,0.97,68.64,0.98,258.0,0.01,0.01,2313.225315,1776206679000
1776206681.073,281.073,0.03,68.64,0.02,258.0,0.04,85.22,0.05,46.0,0.96,85.22,0.95,46.0,0.97,68.64,0.98,258.0,0.01,0.01,2313.220162,1776206680000
1776206681.648,281.648,0.03,13.59,0.02,208.0,0.04,117.22,0.05,25.0,0.96,85.22,0.95,46.0,0.97,68.64,0.98,258.0,0.01,0.01,2313.220162,1776206680000
1776206682.012,282.012,0.03,3.28,0.02,208.0,0.04,112.22,0.05,25.0,0.96,117.22,0.95,25.0,0.97,13.59,0.98,208.0,0.01,0.01,2313.220162,1776206680000
1776206682.695,282.695,0.03,3.28,0.02,208.0,0.04,92.22,0.05,25.0,0.96,112.22,0.95,25.0,0.97,3.28,0.98,208.0,0.01,0.01,2313.187945,1776206681000
1776206683.0,283.0,0.02,193.08,0.01,1415.0,0.04,102.22,0.05,15.0,0.96,92.22,0.95,25.0,0.97,3.28,0.98,208.0,0.02,0.01,2313.187945,1776206681000
1776206683.697,283.697,0.02,195.63,0.01,1415.0,0.03,8.33,0.04,97.22,0.96,102.22,0.95,15.0,0.98,193.08,0.99,1415.0,0.01,0.02,2313.19194,1776206682000
1776206684.253,284.253,0.02,194.4,0.01,1415.0,0.04,57.21,0.05,15.0,0.96,57.21,0.95,15.0,0.98,194.4,0.99,1415.0,0.02,0.02,2313.202865,1776206683000
1776206684.808,284.808,0.02,134.3,0.01,1415.0,0.03,29.73,0.04,189.28,0.96,201.28,0.95,15.0,0.98,131.26,0.99,1415.0,0.01,0.02,2313.202865,1776206683000
1776206685.077,285.077,0.01,1296.2,,,0.03,47.73,0.04,184.28,0.97,47.73,0.96,184.28,0.98,84.05,0.99,1415.0,0.02,0.01,2313.202865,1776206683000
1776206685.343,285.343,0.01,1190.0,,,0.03,264.38,0.04,30.0,0.97,47.73,0.96,184.28,0.99,1296.2,,,0.02,0.02,2313.202865,1776206683000
1776206685.556,285.556,0.01,1148.58,,,0.02,81.71,0.03,254.38,0.98,76.71,0.97,254.38,0.99,1158.58,,,0.01,0.01,2313.20304,1776206684000
1776206685.771,285.771,0.01,1123.58,,,0.02,101.71,0.03,254.38,0.98,81.71,0.97,254.38,0.99,1148.58,,,0.01,0.01,2313.20304,1776206684000
1776206686.087,286.087,0.01,1103.58,,,0.02,106.71,0.03,249.38,0.98,101.71,0.97,254.38,0.99,1113.58,,,0.01,0.01,2313.20304,1776206685000
1776206686.458,286.458,0.01,1088.43,,,0.02,273.38,0.03,75.73,0.98,106.71,0.97,249.38,0.99,1103.58,,,0.01,0.01,2313.20304,1776206685000
1776206687.129,287.129,0.01,1051.4,,,0.02,273.38,0.03,64.73,0.98,273.38,0.97,75.73,0.99,1053.43,,,0.01,0.01,2313.20304,1776206685000
1776206687.433,287.433,0.01,1051.4,,,0.02,273.38,0.03,64.73,0.98,273.38,0.97,64.73,0.99,1051.4,,,0.01,0.01,2313.195325,1776206686000
1776206687.665,287.665,0.01,1050.38,,,0.02,109.71,0.03,64.73,0.98,273.38,0.97,64.73,0.99,1051.4,,,0.01,0.01,2313.195325,1776206686000
1776206687.946,287.946,0.01,1050.38,,,0.02,109.71,0.03,64.73,0.98,109.71,0.97,64.73,0.99,1050.38,,,0.01,0.01,2313.141335,1776206687000
1776206688.197,288.197,0.01,1053.38,,,0.02,114.71,0.03,64.73,0.98,109.71,0.97,64.73,0.99,1050.38,,,0.01,0.01,2313.141335,1776206687000
1776206688.866,288.866,0.01,1046.29,,,0.02,114.71,0.03,64.73,0.98,114.71,0.97,64.73,0.99,1051.35,,,0.01,0.01,2313.141335,1776206687000
1776206689.083,289.083,0.01,1046.29,,,0.02,114.71,0.03,64.73,0.98,114.71,0.97,64.73,0.99,1046.29,,,0.01,0.01,2312.878876,1776206688000
1776206689.409,289.409,0.01,1039.26,,,0.02,109.71,0.03,64.73,0.98,114.71,0.97,64.73,0.99,1046.29,,,0.01,0.01,2312.878876,1776206688000
1776206689.775,289.775,0.01,29.26,,,0.02,94.71,0.03,51.73,0.98,109.71,0.97,64.73,0.99,1039.26,,,0.01,0.01,2312.878876,1776206688000
1776206690.024,290.024,0.01,33.24,,,0.02,99.71,0.03,71.73,0.98,94.71,0.97,51.73,0.99,29.26,,,0.01,0.01,2312.878876,1776206688000
1776206690.304,290.304,,,,,0.01,313.56,0.02,99.71,0.99,280.82,0.98,99.71,,,,,,,2312.917278,1776206689000
1776206690.608,290.608,,,,,0.01,458.56,0.02,99.71,0.99,313.56,0.98,99.71,,,,,,,2312.917278,1776206689000
1776206690.833,290.833,,,,,0.01,457.4,0.02,99.71,0.99,458.56,0.98,99.71,,,,,,,2312.917278,1776206689000
1776206691.814,291.814,,,,,0.01,2473.89,0.02,94.05,0.99,452.4,0.98,99.71,,,,,,,2312.923724,1776206690000
1776206692.031,292.031,,,,,0.01,2473.89,0.02,94.05,0.99,2473.89,0.98,94.05,,,,,,,2312.85452,1776206691000
1776206693.01,293.01,,,,,0.01,2473.89,0.02,94.05,0.99,2473.89,0.98,94.05,,,,,,,2312.853482,1776206692000
1776206694.041,294.041,,,,,0.01,2473.89,0.02,94.05,0.99,2473.89,0.98,94.05,,,,,,,2312.839317,1776206693000
1776206695.023,295.023,,,,,0.01,2473.89,0.02,94.05,0.99,2473.89,0.98,94.05,,,,,,,2312.944765,1776206694000
1776206695.381,295.381,,,,,0.01,2699.82,0.02,94.05,0.99,2473.89,0.98,94.05,,,,,,,2312.944765,1776206694000
1776206695.598,295.598,,,,,0.01,2725.07,0.02,94.05,0.99,2699.82,0.98,94.05,,,,,,,2312.944765,1776206694000
1776206696.13,296.13,,,,,0.01,2705.07,0.02,94.05,0.99,2705.07,0.98,94.05,,,,,,,2313.020655,1776206695000
1776206697.09,297.09,,,,,0.01,2705.07,0.02,94.05,0.99,2705.07,0.98,94.05,,,,,,,2313.03527,1776206696000
1776206697.565,297.565,,,,,0.01,3466.18,0.02,102.05,0.99,3260.07,0.98,94.05,,,,,,,2313.03527,1776206696000
1776206698.082,298.082,,,,,0.01,3466.18,0.02,102.05,0.99,3466.18,0.98,102.05,,,,,,,2313.441167,1776206697000
1776206698.773,298.773,,,,,0.01,4815.53,0.02,102.05,0.99,3466.18,0.98,102.05,,,,,,,2313.441167,1776206697000
1776206699.193,299.193,,,,,0.01,4815.53,0.02,102.05,0.99,4815.53,0.98,102.05,,,,,,,2313.334103,1776206698000
1776206700.182,300.182,,,,,0.01,4815.53,0.02,102.05,0.99,4815.53,0.98,102.05,,,,,,,2313.324355,1776206699000
1776206700.72,300.72,,,,,0.01,60167.14,0.02,205.05,0.99,59658.51,0.98,210.05,,,,,,,2313.324355,1776206699000

# RESULT,winner=Down,slug=eth-updown-5m-1776206400,ticks=544
