timestamp,elapsed_sec,up_bid_p1,up_bid_s1,up_bid_p2,up_bid_s2,up_ask_p1,up_ask_s1,up_ask_p2,up_ask_s2,down_bid_p1,down_bid_s1,down_bid_p2,down_bid_s2,down_ask_p1,down_ask_s1,down_ask_p2,down_ask_s2,up_spread,down_spread,eth_price,eth_oracle_ts
1776334501.399,1.399,0.54,16.1,0.53,86.8,0.64,2.06,0.67,300.0,0.44,5.0,0.4,38.0,0.46,16.1,0.47,86.8,0.1,0.02,2331.162375,1776334499000
1776334501.737,1.737,0.54,16.1,0.53,86.8,0.56,35.0,0.57,70.0,0.36,2.06,0.33,300.0,0.46,16.1,0.47,86.8,0.02,0.1,2330.980695,1776334500000
1776334502.709,2.709,0.54,13.1,0.53,86.8,0.55,24.0,0.56,63.0,0.44,35.0,0.43,70.0,0.46,16.1,0.47,86.8,0.01,0.02,2330.97194,1776334501000
1776334503.216,3.216,0.53,6.32,0.52,68.07,0.54,10.0,0.56,55.08,0.46,10.0,0.44,28.08,0.47,13.32,0.48,68.07,0.01,0.01,2330.97194,1776334501000
1776334503.879,3.879,0.53,17.32,0.52,100.06,0.54,14.11,0.55,34.0,0.46,4.24,0.45,10.0,0.47,11.32,0.48,68.07,0.01,0.01,2331.047967,1776334502000
1776334504.255,4.255,0.53,17.32,0.52,100.06,0.54,48.03,0.55,61.0,0.46,17.03,0.45,34.0,0.47,17.32,0.48,100.06,0.01,0.01,2331.047967,1776334502000
1776334505.38,5.38,0.54,6.78,0.53,11.32,0.55,52.95,0.56,90.08,0.45,39.23,0.44,77.08,0.46,6.78,0.47,17.32,0.01,0.01,2330.88812,1776334504000
1776334506.152,6.152,0.54,8.51,0.53,178.82,0.55,72.95,0.56,90.08,0.45,52.95,0.44,90.08,0.46,6.78,0.47,11.32,0.01,0.01,2330.88812,1776334504000
1776334507.154,7.154,0.54,10.24,0.53,178.82,0.55,66.13,0.56,160.76,0.45,72.95,0.44,90.08,0.46,5.24,0.47,178.82,0.01,0.01,2330.783476,1776334505000
1776334507.636,7.636,0.54,15.0,0.53,188.82,0.55,3.0,0.56,160.76,0.45,66.13,0.44,160.76,0.46,10.24,0.47,178.82,0.01,0.01,2330.798015,1776334506000
1776334508.162,8.162,0.55,43.0,0.54,17.0,0.56,156.76,0.57,114.0,0.44,160.76,0.43,90.0,0.45,43.0,0.46,10.0,0.01,0.01,2330.807824,1776334507000
1776334508.624,8.624,0.55,43.0,0.54,17.0,0.56,159.97,0.57,114.0,0.44,156.76,0.43,114.0,0.45,43.0,0.46,17.0,0.01,0.01,2330.807824,1776334507000
1776334508.849,8.849,0.55,27.0,0.54,17.0,0.56,154.97,0.57,114.0,0.44,159.97,0.43,114.0,0.45,43.0,0.46,17.0,0.01,0.01,2330.807824,1776334507000
1776334509.285,9.285,0.54,17.0,0.53,11.32,0.56,159.97,0.57,114.0,0.44,154.97,0.43,114.0,0.45,27.0,0.46,17.0,0.02,0.01,2330.807824,1776334507000
1776334509.836,9.836,0.52,110.07,0.51,21.0,0.53,23.11,0.54,24.0,0.45,39.0,0.44,150.97,0.48,98.07,0.49,28.18,0.01,0.03,2330.82828,1776334508000
1776334510.343,10.343,0.52,115.07,0.51,21.0,0.53,27.52,0.54,24.0,0.47,23.11,0.46,24.0,0.48,110.07,0.49,21.0,0.01,0.01,2330.92241,1776334509000
1776334510.743,10.743,0.52,84.23,0.51,11.0,0.53,39.29,0.54,39.0,0.47,24.29,0.46,24.0,0.48,115.07,0.49,21.0,0.01,0.01,2330.92241,1776334509000
1776334511.168,11.168,0.46,10.0,0.45,155.14,0.47,11.8,0.48,25.0,0.52,5.0,0.51,5.0,0.55,150.14,0.56,90.0,0.01,0.03,2330.92241,1776334509000
1776334511.575,11.575,0.46,21.52,0.45,155.14,0.49,1.8,0.5,135.0,0.53,11.8,0.52,25.0,0.54,10.0,0.55,155.14,0.03,0.01,2330.92241,1776334509000
1776334512.33,12.33,0.49,4.51,0.48,15.0,0.5,70.0,0.51,12.0,0.51,1.8,0.5,135.0,0.54,21.52,0.55,155.14,0.01,0.03,2330.90698,1776334510000
1776334512.588,12.588,0.48,7.11,0.47,39.5,0.49,42.5,0.5,110.5,0.5,70.0,0.49,12.0,0.51,4.51,0.52,15.0,0.01,0.01,2330.90698,1776334510000
1776334515.036,15.036,0.46,58.51,0.44,12.0,0.47,81.0,0.48,72.5,0.51,42.5,0.5,110.5,0.52,7.11,0.53,39.5,0.01,0.01,2330.776205,1776334513000
1776334515.785,15.785,0.43,17.42,0.42,35.5,0.44,27.0,0.45,92.5,0.53,97.5,0.52,72.5,0.55,22.5,0.56,35.5,0.01,0.02,2330.745365,1776334514000
1776334517.569,17.569,0.42,51.54,0.41,36.5,0.43,71.0,0.44,87.5,0.56,27.0,0.55,92.5,0.57,17.42,0.58,35.5,0.01,0.01,2330.652585,1776334516000
1776334518.709,18.709,0.41,40.54,0.4,56.0,0.45,24.23,0.46,80.5,0.57,71.0,0.56,87.5,0.58,51.54,0.59,36.5,0.04,0.01,2330.52354,1776334517000
1776334518.969,18.969,0.42,30.9,0.41,34.5,0.43,15.0,0.44,32.5,0.55,24.23,0.54,80.5,0.59,40.54,0.6,56.0,0.01,0.04,2330.41574,1776334518000
1776334522.552,22.552,0.41,2.65,0.4,47.0,0.42,45.5,0.43,41.5,0.57,15.0,0.56,32.5,0.58,30.9,0.59,34.5,0.01,0.01,2330.344985,1776334521000
1776334524.282,24.282,0.4,35.0,0.39,108.5,0.41,48.06,0.42,52.5,0.58,45.5,0.57,41.5,0.6,47.0,0.61,80.5,0.01,0.02,2330.33152,1776334523000
1776334524.959,24.959,0.4,72.52,0.39,108.5,0.41,53.06,0.42,52.5,0.59,48.06,0.58,52.5,0.6,35.0,0.61,108.5,0.01,0.01,2330.33152,1776334523000
1776334526.524,26.524,0.4,28.7,0.39,133.82,0.41,47.25,0.42,67.5,0.59,53.06,0.58,52.5,0.6,72.52,0.61,108.5,0.01,0.01,2330.18365,1776334525000
1776334527.549,27.549,0.39,172.45,0.38,198.5,0.4,7.5,0.42,37.5,0.6,23.0,0.59,47.25,0.61,130.78,0.62,153.0,0.01,0.01,2330.19833,1776334526000
1776334527.797,27.797,0.39,199.46,0.38,198.5,0.4,2.37,0.42,27.5,0.6,7.5,0.58,37.5,0.61,166.46,0.62,198.5,0.01,0.01,2330.19833,1776334526000
1776334528.105,28.105,0.39,177.46,0.38,198.5,0.42,32.61,0.43,30.5,0.6,2.37,0.58,27.5,0.61,199.46,0.62,198.5,0.03,0.01,2330.19833,1776334526000
1776334528.45,28.45,0.41,164.15,0.4,58.5,0.42,20.61,0.43,48.5,0.58,32.61,0.57,30.5,0.61,177.46,0.62,198.5,0.01,0.03,2330.1822,1776334527000
1776334531.205,31.205,0.41,130.98,0.4,33.0,0.42,30.5,0.43,87.33,0.58,20.61,0.57,53.5,0.59,167.45,0.6,58.5,0.01,0.01,2330.198205,1776334530000
1776334531.715,31.715,0.41,129.28,0.4,33.0,0.42,25.5,0.43,87.33,0.58,30.5,0.57,87.33,0.59,130.98,0.6,33.0,0.01,0.01,2330.198205,1776334530000
1776334532.958,32.958,0.41,103.46,0.4,54.99,0.42,28.11,0.43,82.33,0.58,25.5,0.57,87.33,0.59,129.28,0.6,33.0,0.01,0.01,2330.22096,1776334531000
1776334533.19,33.19,0.41,83.46,0.4,12.0,0.42,79.31,0.43,91.33,0.58,28.11,0.57,82.33,0.59,103.46,0.6,54.99,0.01,0.01,2330.226972,1776334532000
1776334534.715,34.715,0.38,125.67,0.37,41.5,0.39,56.0,0.4,30.5,0.58,105.11,0.57,91.33,0.62,78.17,0.63,5.0,0.01,0.04,2330.2248,1776334533000
1776334535.665,35.665,0.38,137.75,0.37,51.5,0.39,32.0,0.4,30.5,0.61,51.0,0.6,30.5,0.62,107.18,0.63,41.5,0.01,0.01,2330.14925,1776334534000
1776334536.432,36.432,0.38,143.75,0.37,46.5,0.39,12.0,0.4,20.0,0.61,32.0,0.6,30.5,0.62,137.75,0.63,51.5,0.01,0.01,2330.14565,1776334535000
1776334536.944,36.944,0.39,82.67,0.38,98.75,0.4,7.5,0.41,32.5,0.6,20.0,0.59,31.5,0.62,148.75,0.63,46.5,0.01,0.02,2330.14565,1776334535000
1776334537.276,37.276,0.39,57.67,0.38,93.75,0.4,30.0,0.41,37.5,0.6,7.5,0.59,32.5,0.61,82.67,0.62,98.75,0.01,0.01,2330.143855,1776334536000
1776334539.021,39.021,0.41,132.18,0.4,54.67,0.43,42.5,0.44,20.5,0.6,30.0,0.59,37.5,0.61,57.67,0.62,93.75,0.02,0.01,2330.147579,1776334537000
1776334539.74,39.74,0.42,111.82,0.41,88.18,0.43,23.17,0.44,37.5,0.58,4.57,0.57,37.5,0.59,144.18,0.6,54.67,0.01,0.01,2330.127925,1776334538000
1776334541.171,41.171,0.41,29.83,0.4,29.0,0.43,68.5,0.44,95.32,0.57,23.17,0.56,37.5,0.58,111.82,0.59,88.18,0.02,0.01,2330.296745,1776334540000
1776334542.412,42.412,0.41,42.01,0.4,29.0,0.42,40.5,0.43,31.5,0.57,68.5,0.56,95.32,0.59,29.83,0.6,29.0,0.01,0.02,2330.297475,1776334541000
1776334543.293,43.293,0.41,38.62,0.4,24.0,0.42,40.5,0.43,31.5,0.58,40.5,0.57,31.5,0.59,42.01,0.6,29.0,0.01,0.01,2330.22961,1776334542000
1776334547.453,47.453,0.41,93.11,0.4,64.5,0.43,10.0,0.44,118.5,0.58,40.5,0.57,31.5,0.59,38.62,0.6,24.0,0.02,0.01,2330.24456,1776334546000
1776334547.756,47.756,0.42,50.0,0.41,93.1,0.44,82.81,0.45,100.5,0.57,10.0,0.56,118.5,0.59,93.11,0.6,64.5,0.02,0.02,2330.24456,1776334546000
1776334548.641,48.641,0.43,80.0,0.42,81.5,0.44,88.05,0.45,112.5,0.56,88.31,0.55,112.5,0.57,21.0,0.58,86.5,0.01,0.01,2330.268819,1776334547000
1776334548.934,48.934,0.43,75.0,0.42,81.5,0.44,85.77,0.45,112.5,0.56,88.05,0.55,112.5,0.57,80.0,0.58,81.5,0.01,0.01,2330.268819,1776334547000
1776334553.71,53.71,0.43,85.5,0.42,87.5,0.44,65.0,0.45,12.0,0.56,74.4,0.55,112.5,0.57,75.0,0.58,81.5,0.01,0.01,2330.29242,1776334552000
1776334555.603,55.603,0.45,123.49,0.44,79.67,0.48,22.48,0.49,155.5,0.56,32.93,0.55,12.0,0.57,85.5,0.58,87.5,0.03,0.01,2330.337482,1776334554000
1776334555.857,55.857,0.48,97.0,0.47,36.5,0.49,133.77,0.5,95.5,0.52,22.48,0.51,155.5,0.55,123.49,0.56,79.67,0.01,0.03,2330.337482,1776334554000
1776334556.369,56.369,0.48,109.5,0.47,59.49,0.5,10.0,0.51,25.69,0.51,133.77,0.5,95.5,0.52,97.0,0.53,36.5,0.02,0.01,2330.29976,1776334555000
1776334559.541,59.541,0.49,92.5,0.48,92.5,0.5,10.0,0.51,41.23,0.5,10.0,0.49,25.69,0.52,109.5,0.53,59.49,0.01,0.02,2330.754415,1776334558000
1776334563.96,63.96,0.48,12.0,0.45,15.5,0.49,127.63,0.5,85.5,0.5,10.0,0.49,41.23,0.51,92.5,0.52,92.5,0.01,0.01,2330.80395,1776334563000
1776334564.376,64.376,0.44,12.0,0.42,10.5,0.46,236.5,0.47,193.37,0.51,173.83,0.5,85.5,0.55,15.5,0.56,15.5,0.02,0.04,2330.80395,1776334563000
1776334566.142,66.142,0.41,88.49,0.4,54.02,0.42,15.0,0.43,12.0,0.55,25.5,0.54,215.5,0.6,26.84,0.61,36.0,0.01,0.05,2330.756735,1776334564000
1776334566.691,66.691,0.46,4.46,0.45,52.5,0.47,97.5,0.48,62.5,0.54,5.0,0.53,140.0,0.59,88.49,0.6,54.02,0.01,0.05,2330.542492,1776334565000
1776334568.973,68.973,0.47,63.2,0.46,35.96,0.48,10.0,0.49,37.5,0.53,97.5,0.52,62.5,0.54,4.46,0.55,52.5,0.01,0.01,2330.554121,1776334567000
1776334571.389,71.389,0.49,123.7,0.48,109.49,0.5,85.0,0.51,92.19,0.52,10.0,0.51,37.5,0.53,63.2,0.54,35.96,0.01,0.01,2330.60331,1776334569000
1776334572.271,72.271,0.49,109.5,0.48,109.49,0.5,0.16,0.51,92.19,0.5,21.16,0.49,92.19,0.51,114.5,0.52,114.49,0.01,0.01,2330.60331,1776334569000
1776334573.679,73.679,0.5,103.5,0.49,102.67,0.52,17.0,0.53,15.5,0.49,92.19,0.48,15.5,0.51,109.5,0.52,109.49,0.02,0.02,2330.60331,1776334569000
1776334577.573,77.573,0.52,97.5,0.51,86.5,0.54,0.4,0.55,22.5,0.48,10.5,0.47,37.5,0.49,10.0,0.5,98.0,0.02,0.01,2330.88105,1776334576000
1776334578.097,78.097,0.58,10.0,0.57,76.0,0.59,20.03,0.6,14.0,0.45,22.5,0.44,75.0,0.47,5.0,0.48,102.5,0.01,0.02,2330.88105,1776334576000
1776334578.814,78.814,0.59,52.0,0.58,25.0,0.6,19.5,0.61,69.0,0.41,7.23,0.4,14.0,0.42,15.0,0.43,76.0,0.01,0.01,2330.93232,1776334577000
1776334579.069,79.069,0.59,52.0,0.58,25.0,0.61,43.91,0.62,97.0,0.4,17.83,0.39,69.0,0.41,52.0,0.42,25.0,0.02,0.01,2330.93232,1776334577000
1776334579.443,79.443,0.59,67.0,0.58,25.0,0.61,54.27,0.62,85.0,0.39,43.91,0.38,97.0,0.41,52.0,0.42,25.0,0.02,0.02,2330.93232,1776334577000
1776334581.241,81.241,0.6,42.5,0.59,66.0,0.61,111.02,0.62,93.0,0.39,54.27,0.38,85.0,0.41,67.0,0.42,25.0,0.01,0.02,2331.2643,1776334580000
1776334583.592,83.592,0.6,57.5,0.59,47.5,0.62,67.53,0.63,30.5,0.39,111.02,0.38,93.0,0.4,42.5,0.41,66.0,0.02,0.01,2331.3187,1776334582000
1776334583.886,83.886,0.61,131.0,0.6,42.5,0.62,52.03,0.63,10.5,0.38,67.53,0.37,30.5,0.4,57.5,0.41,47.5,0.01,0.02,2331.3187,1776334582000
1776334584.588,84.588,0.61,155.0,0.6,53.0,0.62,0.91,0.64,30.5,0.38,52.03,0.37,10.5,0.39,131.0,0.4,42.5,0.01,0.01,2331.31805,1776334583000
1776334585.273,85.273,0.61,165.37,0.6,53.0,0.62,0.91,0.64,20.0,0.38,0.91,0.36,30.5,0.39,155.0,0.4,53.0,0.01,0.01,2331.31805,1776334583000
1776334586.872,86.872,0.64,74.0,0.63,76.0,0.65,30.37,0.66,88.5,0.36,20.0,0.35,36.49,0.39,161.52,0.4,53.0,0.01,0.03,2331.393465,1776334585000
1776334587.76,87.76,0.64,75.94,0.63,76.0,0.65,33.73,0.66,88.5,0.35,28.73,0.34,88.5,0.36,74.0,0.37,76.0,0.01,0.01,2331.49495,1776334586000
1776334588.094,88.094,0.65,98.85,0.64,60.94,0.66,78.0,0.67,26.63,0.34,78.0,0.33,22.5,0.36,70.94,0.37,86.5,0.01,0.02,2331.49495,1776334586000
1776334588.703,88.703,0.65,102.05,0.64,71.44,0.68,18.95,0.69,15.5,0.34,63.59,0.33,26.63,0.35,82.85,0.36,60.94,0.03,0.01,2331.5398,1776334587000
1776334589.643,89.643,0.67,92.66,0.66,76.0,0.68,23.82,0.69,74.63,0.32,18.95,0.31,15.5,0.35,102.05,0.36,71.44,0.01,0.03,2331.6177,1776334588000
1776334590.014,90.014,0.67,73.79,0.66,86.5,0.68,13.32,0.69,5.0,0.32,23.82,0.31,74.63,0.33,86.76,0.34,76.0,0.01,0.01,2331.6177,1776334588000
1776334590.389,90.389,0.67,94.79,0.66,86.5,0.68,1.54,0.7,12.0,0.32,13.32,0.31,5.0,0.33,73.79,0.34,86.5,0.01,0.01,2331.610025,1776334589000
1776334590.704,90.704,0.7,10.0,0.68,16.0,0.71,63.95,0.72,10.0,0.3,12.0,0.29,15.5,0.33,100.29,0.34,86.5,0.01,0.03,2331.610025,1776334589000
1776334591.135,91.135,0.7,23.0,0.69,32.0,0.71,60.5,0.72,10.0,0.29,63.95,0.28,10.0,0.3,10.0,0.32,16.0,0.01,0.01,2331.610025,1776334589000
1776334593.906,93.906,0.7,77.0,0.69,27.0,0.71,13.0,0.72,18.5,0.29,51.66,0.28,10.0,0.3,22.0,0.31,32.0,0.01,0.01,2331.829579,1776334592000
1776334594.234,94.234,0.7,77.0,0.69,27.0,0.71,7.0,0.72,25.64,0.29,13.0,0.28,18.5,0.3,77.0,0.31,27.0,0.01,0.01,2331.829579,1776334592000
1776334594.699,94.699,0.7,98.0,0.69,35.0,0.72,10.93,0.73,22.5,0.29,7.0,0.28,25.64,0.3,77.0,0.31,27.0,0.02,0.01,2331.860704,1776334593000
1776334595.312,95.312,0.71,57.0,0.7,20.0,0.72,14.41,0.73,10.5,0.28,10.93,0.27,22.5,0.3,98.0,0.31,35.0,0.01,0.02,2331.852437,1776334594000
1776334595.701,95.701,0.71,56.24,0.7,20.0,0.72,9.41,0.73,10.5,0.28,14.41,0.27,10.5,0.29,57.0,0.3,20.0,0.01,0.01,2331.852437,1776334594000
1776334596.582,96.582,0.71,50.52,0.7,20.0,0.72,2.27,0.73,10.5,0.28,9.41,0.27,10.5,0.29,56.24,0.3,20.0,0.01,0.01,2331.944438,1776334595000
1776334601.526,101.526,0.71,22.37,0.7,15.0,0.72,76.27,0.73,10.5,0.28,2.27,0.27,10.5,0.29,50.52,0.3,20.0,0.01,0.01,2332.043754,1776334600000
1776334601.849,101.849,0.71,45.33,0.7,15.0,0.72,71.27,0.73,10.5,0.28,76.27,0.27,10.5,0.29,22.37,0.3,15.0,0.01,0.01,2332.043754,1776334600000
1776334604.252,104.252,0.71,60.33,0.7,25.5,0.72,27.82,0.73,8.0,0.28,71.27,0.27,10.5,0.29,45.33,0.3,15.0,0.01,0.01,2331.964157,1776334603000
1776334605.965,105.965,0.71,98.12,0.7,37.5,0.72,27.82,0.73,8.0,0.28,27.82,0.27,8.0,0.29,60.33,0.3,25.5,0.01,0.01,2332.013282,1776334605000
1776334610.364,110.364,0.7,22.0,0.69,23.0,0.72,109.89,0.73,41.3,0.28,27.82,0.27,8.0,0.29,98.12,0.3,37.5,0.02,0.01,2332.059657,1776334609000
1776334610.696,110.696,0.7,3.9,0.69,35.0,0.71,43.5,0.72,70.32,0.29,15.0,0.28,94.89,0.3,15.03,0.31,23.0,0.01,0.01,2332.059657,1776334609000
1776334610.899,110.899,0.69,11.77,0.68,27.0,0.7,15.0,0.71,50.0,0.29,43.5,0.28,70.32,0.31,17.83,0.32,15.0,0.01,0.02,2332.011763,1776334610000
1776334611.166,111.166,0.69,4.0,0.68,16.96,0.7,124.1,0.71,42.5,0.3,21.0,0.29,42.5,0.32,16.96,0.33,25.5,0.01,0.02,2332.011763,1776334610000
1776334611.45,111.45,0.68,5.0,0.67,25.5,0.69,25.0,0.7,133.1,0.3,124.1,0.29,42.5,0.32,14.96,0.33,25.5,0.01,0.02,2332.011763,1776334610000
1776334612.097,112.097,0.67,41.09,0.66,77.0,0.68,5.0,0.69,26.8,0.31,25.0,0.3,133.1,0.33,24.28,0.34,65.0,0.01,0.02,2331.99755,1776334611000
1776334614.599,114.599,0.67,16.09,0.66,82.0,0.68,4.31,0.7,30.0,0.32,5.0,0.31,26.8,0.33,41.09,0.34,77.0,0.01,0.01,2331.81973,1776334613000
1776334614.826,114.826,0.69,20.5,0.68,37.5,0.7,10.0,0.71,12.0,0.29,1.0,0.28,21.0,0.31,25.5,0.32,37.5,0.01,0.02,2331.81973,1776334613000
1776334615.784,115.784,0.69,26.35,0.68,126.18,0.7,10.0,0.71,12.0,0.3,10.0,0.29,12.0,0.31,14.85,0.32,37.5,0.01,0.01,2331.832214,1776334614000
1776334616.964,116.964,0.69,100.47,0.68,43.5,0.7,10.0,0.71,12.0,0.3,10.0,0.29,12.0,0.31,26.35,0.32,126.18,0.01,0.01,2331.787254,1776334615000
1776334617.845,117.845,0.71,13.8,0.7,37.5,0.72,31.75,0.75,18.5,0.3,10.0,0.29,12.0,0.31,100.47,0.32,43.5,0.01,0.01,2331.893702,1776334616000
1776334618.992,118.992,0.71,171.21,0.7,48.5,0.72,11.61,0.73,19.41,0.28,31.75,0.25,18.5,0.29,13.8,0.3,37.5,0.01,0.01,2331.893702,1776334617000
1776334619.201,119.201,0.71,151.21,0.7,70.5,0.72,2.34,0.73,19.41,0.28,11.61,0.27,19.41,0.29,171.21,0.3,48.5,0.01,0.01,2331.893702,1776334617000
1776334619.52,119.52,0.73,55.0,0.72,33.0,0.74,5.0,0.75,9.86,0.22,29.0,0.21,29.7,0.28,10.0,0.29,146.21,0.01,0.06,2331.965106,1776334618000
1776334620.527,120.527,0.73,54.64,0.72,48.5,0.75,6.79,0.77,10.5,0.26,5.0,0.25,9.86,0.27,59.64,0.28,48.5,0.02,0.01,2332.039614,1776334619000
1776334620.992,120.992,0.74,37.76,0.73,24.64,0.75,54.5,0.76,92.5,0.25,6.79,0.23,10.5,0.27,54.64,0.28,48.5,0.01,0.02,2332.039614,1776334619000
1776334621.205,121.205,0.74,27.76,0.73,24.64,0.75,29.83,0.76,92.5,0.25,49.5,0.24,92.5,0.26,27.76,0.27,24.64,0.01,0.01,2332.039614,1776334619000
1776334621.485,121.485,0.74,27.76,0.73,24.64,0.75,24.83,0.76,92.5,0.25,29.83,0.24,92.5,0.26,27.76,0.27,24.64,0.01,0.01,2332.19175,1776334620000
1776334622.111,122.111,0.74,8.91,0.73,10.0,0.75,45.33,0.76,115.5,0.25,14.83,0.24,92.5,0.26,27.76,0.27,24.64,0.01,0.01,2332.19175,1776334620000
1776334622.33,122.33,0.72,5.66,0.71,10.0,0.74,5.0,0.75,94.33,0.25,99.33,0.24,115.5,0.27,1.06,0.28,10.0,0.02,0.02,2332.140955,1776334621000
1776334622.645,122.645,0.72,10.0,0.71,14.8,0.73,6.44,0.74,76.5,0.26,15.0,0.25,118.5,0.28,10.0,0.29,9.8,0.01,0.02,2332.140955,1776334621000
1776334623.175,123.175,0.69,2.37,0.68,11.87,0.7,47.5,0.71,89.5,0.26,64.48,0.25,78.5,0.28,10.0,0.29,26.8,0.01,0.02,2332.140955,1776334621000
1776334623.773,123.773,0.66,42.1,0.65,27.0,0.67,6.0,0.68,17.0,0.3,47.5,0.29,89.5,0.34,1.6,0.35,15.0,0.01,0.04,2332.061407,1776334622000
1776334624.127,124.127,0.66,37.1,0.65,22.0,0.67,6.0,0.68,17.0,0.33,6.0,0.32,17.0,0.34,42.1,0.35,27.0,0.01,0.01,2332.061407,1776334622000
1776334625.133,125.133,0.66,42.1,0.65,22.0,0.67,1.0,0.68,5.0,0.33,6.0,0.32,17.0,0.34,37.1,0.35,22.0,0.01,0.01,2332.02611,1776334623000
1776334626.457,126.457,0.63,15.0,0.61,70.0,0.66,10.0,0.67,16.0,0.33,1.0,0.32,5.0,0.34,42.1,0.35,22.0,0.03,0.01,2331.653552,1776334625000
1776334626.685,126.685,0.61,10.37,0.6,6.0,0.62,160.5,0.63,142.5,0.37,10.5,0.36,25.5,0.39,14.0,0.4,6.0,0.01,0.02,2331.653552,1776334625000
1776334627.091,127.091,0.56,46.86,0.55,34.82,0.57,44.0,0.58,10.0,0.41,25.0,0.4,30.5,0.44,36.36,0.45,22.82,0.01,0.03,2331.661424,1776334626000
1776334627.369,127.369,0.54,18.0,0.52,12.0,0.56,57.0,0.57,61.0,0.43,44.0,0.42,10.0,0.44,46.86,0.45,34.82,0.02,0.01,2331.661424,1776334626000
1776334627.659,127.659,0.53,7.8,0.52,7.0,0.55,100.18,0.56,64.0,0.45,98.18,0.44,49.0,0.46,6.0,0.47,12.0,0.02,0.01,2331.661424,1776334626000
1776334628.27,128.27,0.47,5.0,0.46,12.17,0.53,181.7,0.54,49.5,0.45,102.68,0.44,64.5,0.47,1.0,0.48,29.22,0.06,0.02,2331.637725,1776334627000
1776334628.843,128.843,0.42,18.5,0.41,10.5,0.43,3.02,0.44,38.0,0.5,5.0,0.49,10.0,0.56,4.1,0.57,13.0,0.01,0.06,2331.637725,1776334627000
1776334629.108,129.108,0.41,10.5,0.39,10.0,0.42,75.92,0.43,8.02,0.57,3.02,0.56,38.0,0.58,18.5,0.59,10.5,0.01,0.01,2331.637725,1776334627000
1776334629.315,129.315,0.38,5.0,0.37,15.0,0.41,20.0,0.42,58.72,0.58,75.92,0.57,8.02,0.59,10.5,0.61,10.0,0.03,0.01,2331.084576,1776334628000
1776334629.826,129.826,0.34,11.32,0.33,10.5,0.35,43.0,0.36,37.5,0.61,10.0,0.6,20.0,0.66,27.32,0.67,8.0,0.01,0.05,2331.084576,1776334628000
1776334630.09,130.09,0.26,28.0,0.22,21.0,0.3,79.0,0.31,67.0,0.65,38.0,0.64,37.5,0.71,62.49,0.72,17.89,0.04,0.06,2331.084576,1776334628000
1776334630.32,130.32,0.23,2.8,0.22,21.0,0.24,10.0,0.25,16.66,0.75,6.66,0.73,50.0,0.77,5.38,0.78,21.0,0.01,0.02,2331.084576,1776334628000
1776334630.52,130.52,0.21,65.0,0.2,5.0,0.22,10.0,0.23,10.0,0.76,10.0,0.75,16.66,0.78,21.0,0.79,86.7,0.01,0.02,2330.755594,1776334629000
1776334630.849,130.849,0.21,11.64,0.2,5.0,0.22,29.0,0.23,22.0,0.78,10.0,0.77,10.0,0.79,35.63,0.8,5.0,0.01,0.01,2330.755594,1776334629000
1776334631.091,131.091,0.21,277.16,0.2,191.94,0.23,4.0,0.25,15.0,0.78,12.0,0.77,5.0,0.79,87.8,0.8,121.94,0.02,0.01,2330.453218,1776334630000
1776334631.532,131.532,0.26,135.72,0.25,10.0,0.27,9.18,0.28,10.0,0.73,9.18,0.72,10.0,0.76,57.0,0.77,99.0,0.01,0.03,2330.453218,1776334630000
1776334631.987,131.987,0.28,85.0,0.27,55.0,0.29,10.3,0.31,10.0,0.72,2.78,0.71,24.08,0.73,15.63,0.74,86.0,0.01,0.01,2330.453218,1776334630000
1776334632.202,132.202,0.28,62.0,0.27,39.0,0.3,10.0,0.31,10.0,0.71,10.3,0.69,10.0,0.72,85.0,0.73,55.0,0.02,0.01,2330.453218,1776334630000
1776334632.403,132.403,0.28,23.15,0.26,35.0,0.3,10.0,0.31,10.0,0.7,10.0,0.69,10.0,0.72,62.0,0.73,39.0,0.02,0.02,2330.453218,1776334630000
1776334632.725,132.725,0.28,33.88,0.26,35.0,0.29,15.0,0.3,10.0,0.7,10.0,0.69,10.0,0.72,23.15,0.74,35.0,0.01,0.02,2329.448145,1776334631000
1776334633.472,133.472,0.28,31.22,0.27,96.97,0.29,9.65,0.3,10.0,0.71,4.65,0.7,10.0,0.72,33.88,0.74,35.0,0.01,0.01,2329.615938,1776334632000
1776334634.802,134.802,0.32,9.52,0.31,40.0,0.36,5.0,0.37,11.0,0.71,9.65,0.7,10.0,0.72,31.22,0.73,96.97,0.04,0.01,2329.956849,1776334633000
1776334635.018,135.018,0.38,12.0,0.37,17.0,0.39,7.0,0.4,6.0,0.64,5.0,0.63,11.0,0.68,9.52,0.69,40.0,0.01,0.04,2329.956849,1776334633000
1776334635.278,135.278,0.41,6.79,0.4,16.66,0.42,11.0,0.43,12.0,0.59,5.0,0.58,6.0,0.6,11.66,0.61,15.0,0.01,0.01,2329.956849,1776334633000
1776334635.633,135.633,0.44,22.0,0.43,106.0,0.46,10.38,0.47,9.0,0.57,8.0,0.55,17.0,0.59,8.53,0.6,10.0,0.02,0.02,2329.830745,1776334634000
1776334635.897,135.897,0.48,65.0,0.47,80.0,0.5,40.0,0.51,50.0,0.5,40.0,0.49,50.0,0.54,5.0,0.55,33.11,0.02,0.04,2329.830745,1776334634000
1776334636.254,136.254,0.57,6.0,0.56,10.0,0.58,18.0,0.59,10.0,0.44,40.0,0.4,15.0,0.49,10.0,0.5,10.0,0.01,0.05,2329.830745,1776334634000
1776334636.604,136.604,0.55,9.49,0.54,10.0,0.56,7.0,0.57,10.0,0.44,2.0,0.43,10.0,0.45,9.49,0.46,10.0,0.01,0.01,2329.870075,1776334635000
1776334636.858,136.858,0.55,10.0,0.54,10.0,0.56,31.07,0.57,42.03,0.44,35.0,0.43,27.03,0.47,16.0,0.48,15.0,0.01,0.03,2329.870075,1776334635000
1776334637.167,137.167,0.53,24.0,0.52,10.0,0.54,2.03,0.55,28.0,0.44,31.07,0.43,42.03,0.45,10.0,0.46,10.0,0.01,0.01,2330.1925,1776334636000
1776334637.387,137.387,0.51,25.0,0.5,110.0,0.55,30.53,0.56,20.5,0.45,20.03,0.44,10.0,0.47,34.0,0.48,10.0,0.04,0.02,2330.1925,1776334636000
1776334638.511,138.511,0.54,47.0,0.53,15.0,0.55,14.27,0.56,127.5,0.45,30.53,0.44,20.5,0.49,7.0,0.5,110.0,0.01,0.04,2330.9923,1776334637000
1776334640.191,140.191,0.54,57.0,0.53,10.0,0.58,10.5,0.59,7.0,0.45,32.0,0.44,132.5,0.46,42.0,0.47,10.0,0.04,0.01,2331.05695,1776334639000
1776334640.448,140.448,0.57,6.64,0.56,17.0,0.58,110.5,0.59,107.0,0.43,12.5,0.42,10.5,0.44,10.0,0.45,10.0,0.01,0.01,2331.05695,1776334639000
1776334641.011,141.011,0.57,6.64,0.56,34.0,0.58,100.5,0.59,119.0,0.42,110.5,0.41,107.0,0.43,6.64,0.44,17.0,0.01,0.01,2331.05695,1776334639000
1776334641.505,141.505,0.57,48.84,0.56,34.0,0.58,156.79,0.59,129.5,0.42,100.5,0.41,119.0,0.43,6.64,0.44,34.0,0.01,0.01,2331.016065,1776334640000
1776334642.772,142.772,0.57,27.08,0.56,34.0,0.58,56.79,0.59,19.0,0.42,156.79,0.41,129.5,0.43,48.84,0.44,34.0,0.01,0.01,2331.058765,1776334641000
1776334643.01,143.01,0.57,23.56,0.56,34.0,0.58,61.79,0.59,19.0,0.42,56.79,0.41,19.0,0.43,27.08,0.44,34.0,0.01,0.01,2331.058765,1776334641000
1776334643.847,143.847,0.56,19.0,0.55,10.0,0.58,30.5,0.59,39.5,0.42,61.79,0.41,19.0,0.43,23.56,0.44,34.0,0.02,0.01,2331.105475,1776334642000
1776334645.533,145.533,0.51,17.0,0.5,11.86,0.52,18.07,0.53,42.5,0.43,42.5,0.42,25.5,0.45,15.0,0.46,15.0,0.01,0.02,2331.203479,1776334644000
1776334648.106,148.106,0.57,5.0,0.56,15.0,0.58,50.81,0.59,39.5,0.48,18.07,0.47,42.5,0.49,17.0,0.5,11.86,0.01,0.01,2330.987444,1776334646000
1776334650.303,150.303,0.6,15.0,0.59,27.0,0.61,9.97,0.62,12.0,0.42,50.81,0.41,39.5,0.43,5.0,0.44,15.0,0.01,0.01,2331.138775,1776334648000
1776334655.372,155.372,0.6,46.43,0.59,27.0,0.61,14.97,0.62,31.38,0.39,9.97,0.38,12.0,0.4,15.0,0.41,27.0,0.01,0.01,2331.2774,1776334653000
1776334656.629,156.629,0.62,15.0,0.61,27.0,0.63,3.73,0.64,10.5,0.39,14.97,0.38,31.38,0.4,46.43,0.41,27.0,0.01,0.01,2331.33195,1776334655000
1776334657.509,157.509,0.64,15.0,0.63,32.0,0.65,124.5,0.66,191.22,0.36,6.42,0.35,13.0,0.38,15.0,0.39,27.0,0.01,0.02,2331.34215,1776334656000
1776334657.983,157.983,0.63,29.66,0.62,30.5,0.65,141.0,0.66,191.22,0.35,130.5,0.34,191.22,0.36,2.66,0.37,32.0,0.02,0.01,2331.34215,1776334656000
1776334659.374,159.374,0.63,56.16,0.62,42.5,0.66,11.22,0.67,10.5,0.35,21.5,0.34,66.22,0.37,24.66,0.38,42.5,0.03,0.02,2331.4332,1776334658000
1776334660.696,160.696,0.66,14.0,0.65,15.0,0.67,45.5,0.68,42.0,0.34,44.51,0.33,147.5,0.35,25.0,0.36,37.5,0.01,0.01,2331.487728,1776334659000
1776334662.736,162.736,0.66,52.5,0.65,30.5,0.68,0.38,0.69,35.5,0.33,45.5,0.32,42.0,0.34,14.0,0.35,15.0,0.02,0.01,2331.54205,1776334660000
1776334663.306,163.306,0.68,67.0,0.67,30.5,0.74,18.7,0.75,24.2,0.31,15.84,0.3,5.0,0.32,25.0,0.33,20.0,0.06,0.01,2331.541635,1776334662000
1776334665.056,165.056,0.73,74.0,0.72,15.0,0.74,15.22,0.75,24.2,0.26,18.7,0.25,24.2,0.32,67.0,0.33,30.5,0.01,0.06,2331.64785,1776334664000
1776334665.454,165.454,0.73,74.0,0.72,15.0,0.74,12.51,0.75,19.2,0.26,15.22,0.25,24.2,0.27,74.0,0.28,15.0,0.01,0.01,2331.64785,1776334664000
1776334665.862,165.862,0.73,78.0,0.72,15.0,0.74,1.01,0.76,50.0,0.26,12.51,0.25,19.2,0.27,74.0,0.28,15.0,0.01,0.01,2331.64785,1776334664000
1776334666.377,166.377,0.78,5.45,0.77,10.0,0.79,35.5,0.8,22.5,0.21,20.0,0.2,22.5,0.27,88.0,0.28,27.0,0.01,0.06,2331.805692,1776334665000
1776334666.722,166.722,0.78,10.45,0.77,10.0,0.81,50.0,0.82,24.4,0.21,16.14,0.19,73.4,0.22,10.45,0.23,10.0,0.03,0.01,2331.805692,1776334665000
1776334667.068,167.068,0.8,15.0,0.79,10.0,0.81,49.68,0.82,24.4,0.19,50.0,0.18,24.4,0.22,10.45,0.23,10.0,0.01,0.03,2331.805692,1776334665000
1776334667.638,167.638,0.79,10.0,0.78,22.45,0.81,48.44,0.82,24.4,0.19,48.44,0.18,24.4,0.2,10.0,0.21,10.0,0.02,0.01,2331.805045,1776334666000
1776334667.932,167.932,0.8,4.5,0.79,10.0,0.81,48.44,0.82,36.4,0.19,48.44,0.18,24.4,0.21,10.0,0.22,22.45,0.01,0.02,2331.805045,1776334666000
1776334668.425,168.425,0.8,9.5,0.79,10.0,0.81,30.68,0.82,36.4,0.19,48.44,0.18,36.4,0.2,4.5,0.21,10.0,0.01,0.01,2332.173834,1776334667000
1776334668.717,168.717,0.8,27.5,0.79,21.0,0.81,0.68,0.82,12.0,0.19,20.68,0.18,36.4,0.2,9.5,0.21,10.0,0.01,0.01,2332.173834,1776334667000
1776334669.105,169.105,0.84,2.5,0.83,18.18,0.85,53.2,0.86,66.9,0.15,53.2,0.14,54.9,0.17,5.18,0.2,25.5,0.01,0.02,2332.233635,1776334668000
1776334671.65,171.65,0.84,19.87,0.83,18.18,0.85,32.7,0.86,59.9,0.15,53.2,0.14,66.9,0.16,2.5,0.17,18.18,0.01,0.01,2332.461461,1776334670000
1776334672.059,172.059,0.84,10.43,0.83,18.18,0.85,32.7,0.86,59.9,0.15,32.7,0.14,59.9,0.16,19.87,0.17,18.18,0.01,0.01,2332.461461,1776334670000
1776334673.012,173.012,0.84,14.18,0.83,23.18,0.85,28.7,0.86,54.9,0.15,32.7,0.14,59.9,0.16,14.18,0.17,18.18,0.01,0.01,2332.537287,1776334671000
1776334673.777,173.777,0.84,14.18,0.83,23.18,0.85,27.09,0.86,54.9,0.15,28.7,0.14,54.9,0.16,14.18,0.17,23.18,0.01,0.01,2332.5611,1776334672000
1776334674.068,174.068,0.84,0.99,0.83,23.18,0.85,32.09,0.86,54.9,0.15,27.09,0.14,54.9,0.16,7.24,0.17,23.18,0.01,0.01,2332.5611,1776334672000
1776334675.862,175.862,0.81,15.8,0.8,20.0,0.85,32.09,0.86,25.0,0.15,32.09,0.14,54.9,0.16,0.99,0.17,23.18,0.04,0.01,2332.55605,1776334674000
1776334676.238,176.238,0.81,46.3,0.8,20.0,0.84,2.64,0.85,34.09,0.15,32.09,0.14,25.0,0.19,15.8,0.2,20.0,0.03,0.04,2332.55605,1776334674000
1776334677.69,177.69,0.83,100.5,0.82,46.5,0.84,6.6,0.85,36.4,0.16,2.64,0.15,34.09,0.19,46.3,0.2,20.0,0.01,0.03,2332.53595,1776334676000
1776334678.071,178.071,0.87,67.63,0.86,25.0,0.88,18.5,0.89,66.79,0.13,1.17,0.12,18.5,0.16,20.5,0.17,90.5,0.01,0.03,2332.53595,1776334677000
1776334678.867,178.867,0.87,83.78,0.86,25.0,0.88,18.5,0.89,66.79,0.12,18.5,0.11,66.79,0.13,67.63,0.14,25.0,0.01,0.01,2332.60556,1776334678000
1776334679.44,179.44,0.87,98.78,0.86,25.0,0.88,10.41,0.89,71.79,0.12,7.13,0.11,61.79,0.13,93.78,0.14,35.5,0.01,0.01,2332.60556,1776334678000
1776334680.389,180.389,0.87,102.78,0.86,35.5,0.88,5.41,0.89,61.79,0.12,10.41,0.11,71.79,0.13,98.78,0.14,25.0,0.01,0.01,2332.8056,1776334679000
1776334681.036,181.036,0.89,22.0,0.88,93.0,0.91,75.9,0.92,70.9,0.11,18.49,0.1,85.0,0.13,102.78,0.14,41.5,0.02,0.02,2332.8056,1776334679000
1776334681.259,181.259,0.89,64.0,0.88,110.5,0.91,62.05,0.92,70.9,0.09,67.11,0.08,70.9,0.11,64.0,0.12,100.0,0.02,0.02,2332.8377,1776334680000
1776334681.912,181.912,0.9,5.0,0.89,97.0,0.91,29.43,0.92,70.9,0.09,62.05,0.08,70.9,0.11,64.0,0.12,110.5,0.01,0.02,2332.8377,1776334680000
1776334682.112,182.112,0.9,15.0,0.89,97.0,0.91,27.23,0.92,70.9,0.09,29.43,0.08,70.9,0.1,5.0,0.11,97.0,0.01,0.01,2332.8377,1776334680000
1776334682.342,182.342,0.9,30.0,0.89,97.0,0.91,19.34,0.92,70.9,0.09,27.23,0.08,70.9,0.1,15.0,0.11,97.0,0.01,0.01,2332.8377,1776334681000
1776334682.882,182.882,0.9,42.0,0.89,68.0,0.91,9.0,0.92,54.37,0.08,44.37,0.07,79.3,0.1,20.0,0.11,97.0,0.01,0.02,2332.8377,1776334681000
1776334683.295,183.295,0.9,42.0,0.89,78.5,0.91,5.7,0.92,10.0,0.09,7.9,0.08,54.37,0.1,42.0,0.11,78.5,0.01,0.01,2333.04244,1776334682000
1776334683.765,183.765,0.91,47.5,0.9,57.5,0.93,60.98,0.94,89.8,0.08,3.8,0.07,79.3,0.1,47.0,0.11,78.5,0.02,0.02,2333.04244,1776334682000
1776334683.992,183.992,0.91,93.5,0.9,63.5,0.92,18.9,0.93,60.98,0.07,60.98,0.06,89.8,0.09,47.5,0.1,57.5,0.01,0.02,2333.04244,1776334682000
1776334684.271,184.271,0.91,93.5,0.9,63.5,0.93,60.98,0.94,89.8,0.08,13.52,0.07,60.98,0.09,98.5,0.1,63.5,0.02,0.01,2333.169295,1776334683000
1776334684.906,184.906,0.9,10.0,0.89,39.5,0.92,126.9,0.93,60.98,0.07,60.98,0.06,89.8,0.09,93.5,0.1,63.5,0.02,0.02,2333.169295,1776334683000
1776334685.245,185.245,0.87,23.91,0.86,15.0,0.92,104.9,0.93,60.98,0.08,79.03,0.07,60.98,0.09,12.0,0.11,11.0,0.05,0.01,2333.169295,1776334683000
1776334685.522,185.522,0.86,16.0,0.85,16.0,0.88,40.5,0.89,20.5,0.12,24.75,0.11,20.5,0.13,10.86,0.14,10.0,0.02,0.01,2333.342889,1776334684000
1776334685.729,185.729,0.85,10.0,0.84,20.5,0.87,25.21,0.88,10.5,0.13,15.21,0.12,30.5,0.14,10.0,0.15,10.0,0.02,0.01,2333.342889,1776334684000
1776334686.031,186.031,0.86,10.0,0.85,15.0,0.87,19.0,0.88,10.5,0.13,25.21,0.12,10.5,0.15,10.0,0.16,20.5,0.01,0.02,2333.342889,1776334684000
1776334686.29,186.29,0.86,10.0,0.85,10.0,0.87,59.0,0.88,10.5,0.13,94.0,0.12,10.5,0.15,10.0,0.16,20.5,0.01,0.02,2333.35335,1776334685000
1776334686.724,186.724,0.86,15.0,0.85,10.0,0.89,32.5,0.9,50.0,0.13,59.0,0.12,10.5,0.14,10.0,0.15,10.0,0.03,0.01,2333.35335,1776334685000
1776334687.231,187.231,0.87,11.07,0.86,10.0,0.88,45.5,0.89,82.29,0.11,32.5,0.1,50.0,0.14,15.0,0.15,10.0,0.01,0.03,2332.7671,1776334686000
1776334687.887,187.887,0.86,16.0,0.85,26.5,0.89,57.29,0.9,60.5,0.12,45.5,0.11,82.29,0.13,11.07,0.14,10.0,0.03,0.01,2332.7671,1776334686000
1776334688.917,188.917,0.88,10.0,0.87,15.0,0.89,76.83,0.9,65.5,0.11,57.29,0.1,60.5,0.14,16.0,0.15,26.5,0.01,0.03,2332.818582,1776334687000
1776334689.7,189.7,0.82,8.63,0.81,19.8,0.86,50.0,0.87,10.0,0.11,70.93,0.1,65.5,0.12,20.0,0.13,15.0,0.04,0.01,2332.818582,1776334687000
1776334690.45,190.45,0.82,5.0,0.81,19.8,0.84,10.0,0.85,45.0,0.14,50.0,0.13,10.0,0.18,8.63,0.19,19.8,0.02,0.04,2332.811567,1776334689000
1776334691.011,191.011,0.83,10.0,0.82,5.0,0.84,42.61,0.85,10.0,0.16,10.0,0.15,45.0,0.18,5.0,0.19,19.8,0.01,0.02,2332.811567,1776334689000
1776334691.974,191.974,0.79,10.0,0.7,10.0,0.83,25.0,0.84,87.61,0.16,42.61,0.15,10.0,0.17,10.0,0.18,5.0,0.04,0.01,2332.631822,1776334690000
1776334692.32,192.32,0.61,70.1,0.6,63.43,0.62,8.0,0.63,18.0,0.17,25.0,0.16,87.61,0.21,10.0,0.3,10.0,0.01,0.04,2332.54715,1776334691000
1776334692.532,192.532,0.61,30.1,0.6,63.43,0.62,3.0,0.63,8.0,0.38,8.0,0.37,18.0,0.39,60.1,0.4,63.43,0.01,0.01,2332.54715,1776334691000
1776334693.031,193.031,0.62,5.0,0.61,15.1,0.63,8.41,0.64,20.0,0.36,10.0,0.35,18.0,0.37,3.13,0.39,30.1,0.01,0.01,2332.54715,1776334691000
1776334693.265,193.265,0.62,10.0,0.61,46.1,0.64,3.2,0.65,18.0,0.37,13.41,0.36,10.0,0.38,5.0,0.39,15.1,0.02,0.01,2332.485596,1776334692000
1776334693.473,193.473,0.61,61.1,0.6,33.43,0.62,10.0,0.63,10.0,0.37,10.0,0.36,11.2,0.38,15.0,0.39,61.1,0.01,0.01,2332.485596,1776334692000
1776334693.692,193.692,0.61,44.84,0.6,33.43,0.63,27.74,0.64,11.2,0.37,10.0,0.36,11.2,0.39,44.84,0.4,33.43,0.02,0.02,2332.485596,1776334692000
1776334694.296,194.296,0.62,16.0,0.61,61.94,0.64,0.2,0.65,19.49,0.37,10.0,0.36,11.2,0.39,45.94,0.4,18.43,0.02,0.02,2331.656657,1776334693000
1776334694.827,194.827,0.66,20.28,0.65,22.0,0.68,1.69,0.69,20.0,0.33,9.69,0.32,10.0,0.38,16.0,0.39,61.94,0.02,0.05,2331.656657,1776334693000
1776334695.137,195.137,0.67,121.92,0.66,39.5,0.68,5.0,0.69,30.5,0.32,1.69,0.31,20.0,0.34,20.28,0.35,22.0,0.01,0.02,2331.656657,1776334693000
1776334695.502,195.502,0.67,78.96,0.66,20.5,0.68,25.0,0.69,30.5,0.32,5.0,0.31,30.5,0.33,121.92,0.34,39.5,0.01,0.01,2331.549415,1776334694000
1776334696.498,196.498,0.67,18.04,0.66,20.5,0.68,27.33,0.69,30.5,0.32,25.0,0.31,30.5,0.33,78.96,0.34,20.5,0.01,0.01,2331.50325,1776334695000
1776334696.756,196.756,0.66,10.5,0.65,10.0,0.68,25.72,0.69,30.5,0.32,25.72,0.31,30.5,0.33,18.04,0.34,10.5,0.02,0.01,2331.50325,1776334695000
1776334697.567,197.567,0.67,6.0,0.66,20.5,0.68,15.72,0.69,30.5,0.32,25.72,0.31,30.5,0.34,10.5,0.35,10.0,0.01,0.02,2331.548795,1776334696000
1776334698.307,198.307,0.66,10.0,0.65,10.0,0.68,1.11,0.69,20.0,0.32,15.72,0.31,30.5,0.33,6.0,0.34,20.5,0.02,0.01,2331.56325,1776334697000
1776334700.06,200.06,0.67,42.32,0.66,20.5,0.69,2.72,0.7,10.65,0.31,13.84,0.3,10.0,0.33,10.0,0.34,10.0,0.02,0.02,2331.515795,1776334698000
1776334700.354,200.354,0.68,10.0,0.67,42.32,0.69,1.72,0.71,55.0,0.31,2.72,0.3,10.65,0.33,42.32,0.34,20.5,0.01,0.02,2331.527095,1776334699000
1776334700.63,200.63,0.68,1.87,0.67,31.82,0.71,65.0,0.72,10.0,0.29,55.0,0.28,10.0,0.32,10.0,0.33,42.32,0.03,0.03,2331.527095,1776334699000
1776334700.871,200.871,0.64,15.5,0.63,10.5,0.68,66.0,0.69,26.0,0.29,65.0,0.28,10.0,0.32,1.87,0.33,31.82,0.04,0.03,2331.527095,1776334699000
1776334701.195,201.195,0.64,15.5,0.63,10.5,0.65,15.0,0.66,15.0,0.33,21.0,0.32,44.0,0.36,15.5,0.37,10.5,0.01,0.03,2331.527095,1776334699000
1776334703.666,203.666,0.58,5.0,0.56,5.0,0.62,31.0,0.63,22.0,0.35,8.6,0.34,10.0,0.36,15.5,0.37,10.5,0.04,0.01,2331.525135,1776334701000
1776334704.407,204.407,0.6,8.09,0.55,19.5,0.61,10.0,0.62,42.0,0.38,31.0,0.37,22.0,0.45,45.5,0.46,7.0,0.01,0.07,2331.461695,1776334702000
1776334705.747,205.747,0.53,10.93,0.5,14.4,0.55,16.0,0.56,22.0,0.39,10.0,0.38,42.0,0.4,8.09,0.45,19.5,0.02,0.01,2331.331586,1776334704000
1776334705.962,205.962,0.46,78.9,0.43,30.0,0.51,3.65,0.55,46.0,0.45,26.0,0.44,22.0,0.54,78.9,0.57,30.0,0.05,0.09,2331.331586,1776334704000
1776334706.219,206.219,0.46,98.22,0.45,5.0,0.47,10.0,0.48,10.0,0.45,43.75,0.44,22.0,0.54,57.51,0.56,5.0,0.01,0.09,2331.349065,1776334705000
1776334706.425,206.425,0.46,8.12,0.45,5.0,0.47,13.87,0.48,10.0,0.53,10.0,0.52,10.0,0.54,58.12,0.55,5.0,0.01,0.01,2331.349065,1776334705000
1776334706.918,206.918,0.46,13.12,0.45,5.0,0.47,11.65,0.48,10.0,0.53,13.87,0.52,10.0,0.54,8.12,0.55,5.0,0.01,0.01,2331.349065,1776334705000
1776334707.157,207.157,0.46,8.12,0.45,5.0,0.47,11.65,0.48,10.0,0.53,11.65,0.52,10.0,0.54,13.12,0.55,5.0,0.01,0.01,2331.349065,1776334705000
1776334707.503,207.503,0.46,9.17,0.45,5.0,0.47,6.65,0.48,10.0,0.53,6.65,0.52,10.0,0.54,29.12,0.55,5.0,0.01,0.01,2331.349065,1776334705000
1776334708.104,208.104,0.43,8.21,0.42,18.0,0.44,16.0,0.45,10.0,0.53,6.65,0.52,10.0,0.54,9.17,0.55,5.0,0.01,0.01,2330.917031,1776334706000
1776334708.65,208.65,0.42,58.46,0.4,5.0,0.43,10.0,0.44,35.2,0.56,16.0,0.55,10.0,0.57,8.21,0.58,18.0,0.01,0.01,2330.850823,1776334707000
1776334709.177,209.177,0.41,24.0,0.4,12.0,0.42,3.85,0.43,22.0,0.57,10.0,0.56,16.0,0.61,97.62,0.62,70.0,0.01,0.04,2330.850823,1776334707000
1776334709.488,209.488,0.4,83.13,0.39,86.62,0.42,9.85,0.43,28.0,0.58,3.85,0.57,22.0,0.59,24.0,0.6,12.0,0.02,0.01,2330.850823,1776334707000
1776334709.731,209.731,0.4,78.36,0.39,98.62,0.41,10.0,0.42,25.36,0.59,10.0,0.58,9.85,0.6,67.86,0.61,98.62,0.01,0.01,2330.850668,1776334708000
1776334710.067,210.067,0.4,101.26,0.39,98.62,0.41,7.31,0.42,25.36,0.59,10.0,0.58,25.36,0.6,67.07,0.61,98.62,0.01,0.01,2330.850668,1776334708000
1776334710.495,210.495,0.41,18.9,0.4,91.26,0.42,21.99,0.43,28.0,0.58,11.99,0.57,28.0,0.6,96.26,0.61,98.62,0.01,0.02,2330.820823,1776334709000
1776334710.742,210.742,0.41,3.9,0.4,91.26,0.42,19.37,0.43,28.0,0.58,24.37,0.57,28.0,0.59,18.9,0.6,91.26,0.01,0.01,2330.820823,1776334709000
1776334711.133,211.133,0.41,90.64,0.4,34.19,0.42,11.75,0.43,28.0,0.58,21.75,0.57,28.0,0.59,19.4,0.6,91.26,0.01,0.01,2330.820823,1776334709000
1776334712.681,212.681,0.41,90.64,0.4,104.19,0.42,8.78,0.43,28.0,0.58,11.75,0.57,28.0,0.59,90.64,0.6,34.19,0.01,0.01,2330.817705,1776334710000
1776334713.678,213.678,0.41,29.4,0.4,104.19,0.42,2.78,0.43,28.0,0.58,8.78,0.57,28.0,0.59,90.64,0.6,104.19,0.01,0.01,2330.732285,1776334712000
1776334714.502,214.502,0.42,15.0,0.41,64.4,0.43,2.0,0.51,50.0,0.58,2.78,0.57,28.0,0.59,29.4,0.6,104.19,0.01,0.01,2330.78288,1776334713000
1776334714.776,214.776,0.42,20.0,0.41,38.4,0.56,50.0,0.58,15.0,0.57,2.0,0.49,50.0,0.58,20.0,0.59,64.4,0.14,0.01,2330.78288,1776334713000
1776334715.579,215.579,0.51,5.0,0.48,33.2,0.56,4.44,0.58,19.8,0.44,50.0,0.42,15.0,0.58,20.0,0.59,108.4,0.05,0.14,2330.78288,1776334713000
1776334716.234,216.234,0.51,6.0,0.47,70.0,0.53,5.0,0.54,10.0,0.42,4.9,0.39,50.0,0.48,15.0,0.49,23.1,0.02,0.06,2330.79855,1776334714000
1776334716.85,216.85,0.47,5.0,0.44,11.0,0.48,10.0,0.49,10.0,0.47,5.0,0.46,10.0,0.49,6.0,0.53,70.0,0.01,0.02,2330.90731,1776334715000
1776334717.447,217.447,0.45,22.0,0.44,11.25,0.56,39.82,0.58,4.9,0.52,10.0,0.51,10.0,0.53,5.0,0.56,11.0,0.11,0.01,2331.000902,1776334716000
1776334717.752,217.752,0.57,7.67,0.56,60.0,0.58,4.9,0.66,16.0,0.44,39.82,0.42,4.9,0.55,22.0,0.56,11.25,0.01,0.11,2331.000902,1776334716000
1776334717.958,217.958,0.63,29.2,0.62,10.0,0.65,60.03,0.66,12.03,0.34,12.03,0.33,26.3,0.37,10.0,0.38,10.0,0.02,0.03,2331.000902,1776334716000
1776334718.212,218.212,0.63,10.0,0.62,10.0,0.65,54.63,0.66,79.6,0.35,60.03,0.34,12.03,0.37,29.2,0.38,10.0,0.02,0.02,2331.000902,1776334716000
1776334718.731,218.731,0.63,21.53,0.62,10.0,0.65,52.5,0.66,91.6,0.35,59.63,0.34,79.6,0.37,10.0,0.38,10.0,0.02,0.02,2330.946295,1776334717000
1776334719.027,219.027,0.63,26.25,0.62,10.0,0.65,62.5,0.66,91.6,0.35,52.5,0.34,91.6,0.37,21.53,0.38,10.0,0.02,0.02,2330.946295,1776334717000
1776334720.426,220.426,0.63,5.42,0.62,24.71,0.64,108.78,0.65,127.3,0.35,62.5,0.34,91.6,0.37,26.25,0.38,10.0,0.01,0.02,2330.935851,1776334718000
1776334721.395,221.395,0.63,5.0,0.62,24.71,0.64,111.63,0.65,86.49,0.36,108.78,0.35,127.3,0.37,5.42,0.38,24.71,0.01,0.01,2331.10255,1776334719000
1776334722.499,222.499,0.62,10.89,0.61,10.0,0.64,127.2,0.65,36.36,0.36,111.63,0.35,86.49,0.37,5.0,0.38,24.71,0.02,0.01,2331.187201,1776334721000
1776334723.874,223.874,0.62,1.18,0.61,9.69,0.63,4.87,0.64,36.21,0.36,127.2,0.35,36.36,0.38,10.89,0.39,10.0,0.01,0.02,2331.191685,1776334722000
1776334724.392,224.392,0.62,1.18,0.61,9.69,0.63,20.34,0.64,36.21,0.37,4.87,0.36,36.21,0.38,1.18,0.39,9.69,0.01,0.01,2331.20865,1776334723000
1776334724.914,224.914,0.62,1.18,0.6,5.0,0.63,69.4,0.64,24.21,0.37,20.34,0.36,36.21,0.38,1.18,0.39,9.69,0.01,0.01,2331.20865,1776334723000
1776334725.261,225.261,0.49,10.5,0.48,10.0,0.5,6.08,0.51,22.0,0.37,98.4,0.36,31.21,0.52,13.97,0.53,10.0,0.01,0.15,2331.2968,1776334724000
1776334726.094,226.094,0.52,25.5,0.51,75.5,0.54,10.0,0.55,10.0,0.5,6.08,0.49,22.0,0.51,10.5,0.52,10.0,0.02,0.01,2331.2968,1776334724000
1776334727.097,227.097,0.54,41.5,0.53,42.5,0.56,24.44,0.57,15.0,0.46,10.0,0.45,10.0,0.48,25.5,0.49,75.5,0.02,0.02,2331.132031,1776334725000
1776334727.494,227.494,0.62,5.0,0.61,27.0,0.63,3.23,0.64,25.5,0.44,24.44,0.43,15.0,0.46,41.5,0.47,42.5,0.01,0.02,2330.98649,1776334726000
1776334728.143,228.143,0.61,11.87,0.6,10.0,0.63,18.73,0.64,31.08,0.37,3.23,0.36,25.5,0.38,5.0,0.39,27.0,0.02,0.01,2331.00369,1776334727000
1776334729.035,229.035,0.65,15.0,0.64,22.0,0.66,0.29,0.67,56.5,0.37,18.73,0.36,31.08,0.39,11.87,0.4,10.0,0.01,0.02,2331.00369,1776334727000
1776334729.908,229.908,0.69,36.0,0.68,31.68,0.71,9.35,0.74,30.0,0.33,49.33,0.3,5.0,0.35,15.0,0.36,22.0,0.02,0.02,2331.043277,1776334728000
1776334730.312,230.312,0.7,20.0,0.69,30.0,0.74,49.0,0.76,69.7,0.29,9.35,0.26,30.0,0.31,36.0,0.32,31.68,0.04,0.02,2331.185104,1776334729000
1776334730.941,230.941,0.73,10.0,0.72,10.0,0.74,59.5,0.75,32.0,0.26,49.0,0.24,69.7,0.3,20.0,0.31,30.0,0.01,0.04,2331.185104,1776334729000
1776334731.999,231.999,0.72,7.25,0.71,27.0,0.74,10.5,0.75,85.66,0.26,59.5,0.25,32.0,0.27,10.0,0.28,10.0,0.02,0.01,2331.311805,1776334730000
1776334733.886,233.886,0.73,22.0,0.72,12.25,0.74,14.5,0.75,63.8,0.26,10.5,0.25,85.66,0.28,7.25,0.29,27.0,0.01,0.02,2331.375795,1776334732000
1776334735.95,235.95,0.73,22.0,0.72,12.25,0.74,11.16,0.75,10.0,0.26,7.5,0.25,63.8,0.27,22.0,0.28,12.25,0.01,0.01,2331.613322,1776334734000
1776334737.936,237.936,0.74,15.0,0.73,17.85,0.75,9.12,0.77,73.0,0.26,5.0,0.25,20.5,0.27,17.85,0.28,12.25,0.01,0.01,2331.613322,1776334734000
1776334738.485,238.485,0.75,36.0,0.74,24.69,0.76,13.71,0.77,71.17,0.25,9.12,0.23,73.0,0.26,15.0,0.27,17.85,0.01,0.01,2331.58785,1776334737000
1776334738.785,238.785,0.75,8.0,0.74,24.69,0.76,13.71,0.77,71.17,0.24,13.71,0.23,71.17,0.25,36.0,0.26,24.69,0.01,0.01,2331.58785,1776334737000
1776334739.398,239.398,0.75,8.0,0.74,24.69,0.76,15.12,0.77,61.0,0.24,11.07,0.23,71.17,0.25,8.0,0.26,24.69,0.01,0.01,2331.58785,1776334737000
1776334740.984,240.984,0.76,28.33,0.75,17.0,0.77,42.13,0.78,19.0,0.24,10.12,0.23,61.0,0.25,8.0,0.26,24.69,0.01,0.01,2331.50876,1776334739000
1776334741.485,241.485,0.76,10.0,0.75,8.0,0.77,42.13,0.78,59.0,0.23,42.13,0.22,19.0,0.24,28.33,0.25,17.0,0.01,0.01,2331.510535,1776334740000
1776334742.163,242.163,0.72,2.85,0.71,10.0,0.77,37.13,0.78,59.0,0.23,42.13,0.22,59.0,0.24,3.0,0.25,8.0,0.05,0.01,2331.510535,1776334740000
1776334742.493,242.493,0.76,20.0,0.75,20.0,0.78,12.18,0.79,10.0,0.24,23.13,0.23,49.13,0.25,6.0,0.26,10.0,0.02,0.01,2331.547595,1776334741000
1776334742.847,242.847,0.73,10.0,0.72,10.0,0.77,25.0,0.78,29.13,0.22,5.18,0.21,22.0,0.24,32.0,0.25,20.0,0.04,0.02,2331.547595,1776334741000
1776334744.297,244.297,0.75,19.27,0.74,23.61,0.76,8.68,0.77,10.21,0.23,19.08,0.22,29.13,0.27,10.0,0.28,10.0,0.01,0.04,2331.559555,1776334743000
1776334746.751,246.751,0.76,5.0,0.75,17.27,0.77,15.79,0.78,41.0,0.24,8.68,0.23,10.21,0.25,7.27,0.26,23.61,0.01,0.01,2331.568715,1776334745000
1776334747.445,247.445,0.76,5.0,0.75,17.27,0.77,2.8,0.78,41.0,0.23,15.79,0.22,41.0,0.24,5.0,0.25,17.27,0.01,0.01,2331.54836,1776334746000
1776334747.683,247.683,0.76,15.0,0.75,17.27,0.78,41.0,0.79,31.0,0.23,2.8,0.22,41.0,0.24,5.0,0.25,17.27,0.02,0.01,2331.54836,1776334746000
1776334747.902,247.902,0.76,10.83,0.75,25.47,0.77,10.0,0.78,17.13,0.22,41.0,0.21,31.0,0.24,15.0,0.25,17.27,0.01,0.02,2331.593305,1776334747000
1776334749.896,249.896,0.76,10.0,0.75,18.2,0.78,9.4,0.79,42.0,0.23,10.0,0.22,17.13,0.24,10.83,0.25,25.47,0.02,0.01,2331.538465,1776334748000
1776334750.482,250.482,0.75,15.0,0.74,18.53,0.77,10.83,0.78,10.0,0.24,9.0,0.22,15.0,0.25,18.2,0.26,10.0,0.02,0.01,2331.53752,1776334749000
1776334750.811,250.811,0.76,18.91,0.75,10.0,0.79,31.33,0.8,62.0,0.23,10.83,0.22,10.0,0.25,15.0,0.26,18.53,0.03,0.02,2331.53752,1776334749000
1776334751.357,251.357,0.77,10.0,0.76,18.91,0.78,0.97,0.79,41.33,0.21,31.33,0.2,62.0,0.24,18.91,0.25,10.0,0.01,0.03,2331.545802,1776334750000
1776334752.4,252.4,0.79,10.0,0.78,17.43,0.8,16.87,0.81,75.0,0.22,0.97,0.21,41.33,0.23,10.0,0.24,18.91,0.01,0.01,2331.545802,1776334750000
1776334753.037,253.037,0.79,13.29,0.78,17.43,0.8,16.87,0.81,65.0,0.2,16.87,0.19,75.0,0.21,10.0,0.22,17.43,0.01,0.01,2331.53419,1776334751000
1776334753.391,253.391,0.79,8.29,0.78,17.43,0.8,6.74,0.81,65.0,0.2,16.87,0.19,65.0,0.21,13.29,0.22,17.43,0.01,0.01,2331.53419,1776334751000
1776334754.219,254.219,0.79,13.29,0.78,17.43,0.8,9.12,0.81,65.0,0.2,6.74,0.19,65.0,0.21,8.29,0.22,17.43,0.01,0.01,2331.534355,1776334753000
1776334754.455,254.455,0.79,8.29,0.78,17.43,0.8,3.99,0.81,65.0,0.2,9.12,0.19,65.0,0.21,13.29,0.22,17.43,0.01,0.01,2331.534355,1776334753000
1776334754.841,254.841,0.76,7.23,0.74,5.0,0.77,8.7,0.78,22.0,0.19,53.0,0.18,41.0,0.2,1.35,0.21,8.29,0.01,0.01,2331.534355,1776334753000
1776334755.105,255.105,0.68,4.58,0.67,16.62,0.69,27.73,0.7,22.0,0.31,15.0,0.3,10.0,0.32,14.58,0.33,10.0,0.01,0.01,2331.534355,1776334753000
1776334755.485,255.485,0.67,10.0,0.66,60.0,0.69,17.46,0.7,10.0,0.31,27.73,0.3,22.0,0.33,9.66,0.34,60.0,0.02,0.02,2331.560155,1776334754000
1776334756.082,256.082,0.67,20.0,0.66,77.0,0.69,3.82,0.7,22.0,0.31,17.46,0.3,10.0,0.33,10.0,0.34,60.0,0.02,0.02,2331.592918,1776334755000
1776334756.476,256.476,0.68,10.0,0.67,20.0,0.7,22.95,0.71,10.0,0.31,3.82,0.3,22.0,0.33,20.0,0.34,77.0,0.02,0.02,2331.592918,1776334755000
1776334756.689,256.689,0.67,15.0,0.66,77.0,0.69,38.4,0.7,17.95,0.31,48.4,0.3,17.95,0.32,10.0,0.33,15.0,0.02,0.01,2331.592918,1776334755000
1776334757.354,257.354,0.68,15.0,0.67,25.0,0.69,40.88,0.7,12.0,0.31,37.74,0.3,17.95,0.33,15.0,0.34,77.0,0.01,0.02,2331.40588,1776334756000
1776334757.636,257.636,0.7,16.51,0.69,10.0,0.73,12.0,0.74,23.13,0.31,40.88,0.3,12.0,0.32,15.0,0.33,25.0,0.03,0.01,2331.40588,1776334756000
1776334758.028,258.028,0.71,6.55,0.7,10.0,0.72,10.0,0.73,11.04,0.27,41.04,0.26,23.13,0.29,5.0,0.3,10.0,0.01,0.02,2331.40588,1776334756000
1776334758.682,258.682,0.71,10.0,0.7,10.0,0.72,8.61,0.73,11.04,0.28,10.0,0.27,11.04,0.29,6.55,0.3,10.0,0.01,0.01,2331.38708,1776334757000
1776334759.057,259.057,0.67,8.72,0.66,27.0,0.68,10.0,0.69,52.0,0.28,8.61,0.27,11.04,0.29,10.0,0.3,10.0,0.01,0.01,2331.38708,1776334757000
1776334760.984,260.984,0.67,10.0,0.66,82.0,0.68,20.0,0.69,22.0,0.32,10.0,0.31,52.0,0.33,8.72,0.34,27.0,0.01,0.01,2331.33666,1776334759000
1776334761.722,261.722,0.66,67.05,0.65,27.0,0.68,15.0,0.69,32.0,0.32,20.0,0.31,22.0,0.33,10.0,0.34,82.0,0.02,0.01,2331.30827,1776334760000
1776334762.132,262.132,0.66,72.05,0.65,27.0,0.67,3.5,0.68,5.0,0.32,15.0,0.31,32.0,0.34,67.05,0.35,27.0,0.01,0.02,2331.30827,1776334760000
1776334762.601,262.601,0.66,67.05,0.65,27.0,0.68,8.5,0.69,22.0,0.33,3.5,0.32,5.0,0.34,72.05,0.35,27.0,0.02,0.01,2331.265535,1776334761000
1776334763.259,263.259,0.68,5.0,0.67,22.0,0.7,15.73,0.71,16.0,0.32,8.5,0.31,22.0,0.34,67.05,0.35,27.0,0.02,0.02,2331.29657,1776334762000
1776334763.517,263.517,0.69,15.0,0.68,15.0,0.7,11.4,0.71,24.38,0.3,15.73,0.29,16.0,0.32,5.0,0.33,22.0,0.01,0.02,2331.29657,1776334762000
1776334764.218,264.218,0.69,10.0,0.68,15.0,0.71,16.68,0.72,10.0,0.3,11.4,0.29,24.38,0.31,15.0,0.32,15.0,0.02,0.01,2331.2718,1776334763000
1776334765.327,265.327,0.7,10.0,0.69,21.69,0.73,17.36,0.74,16.0,0.29,0.41,0.28,10.0,0.3,10.0,0.31,10.0,0.03,0.01,2331.2718,1776334763000
1776334765.911,265.911,0.71,10.0,0.7,19.76,0.72,8.61,0.73,8.63,0.27,17.36,0.26,16.0,0.3,10.0,0.31,21.69,0.01,0.03,2331.242115,1776334764000
1776334766.347,266.347,0.71,10.0,0.7,19.76,0.74,21.59,0.75,17.0,0.28,6.52,0.27,8.63,0.29,10.0,0.3,19.76,0.03,0.01,2331.237115,1776334765000
1776334766.659,266.659,0.71,18.92,0.7,10.0,0.73,18.63,0.74,10.0,0.26,21.59,0.25,17.0,0.29,10.0,0.3,19.76,0.02,0.03,2331.237115,1776334765000
1776334767.147,267.147,0.71,10.0,0.7,18.77,0.72,8.61,0.73,8.17,0.27,18.63,0.26,10.0,0.29,18.92,0.3,10.0,0.01,0.02,2331.296365,1776334766000
1776334767.361,267.361,0.69,8.6,0.5,6.0,0.7,12.97,0.71,237.99,0.28,8.61,0.27,8.17,0.29,10.0,0.3,18.77,0.01,0.01,2331.296365,1776334766000
1776334767.62,267.62,0.49,1.54,0.48,5.0,0.51,79.33,0.52,41.0,0.49,39.13,0.48,24.0,0.5,0.06,0.51,7.47,0.02,0.01,2331.296365,1776334766000
1776334767.832,267.832,0.37,4.77,0.36,55.0,0.38,10.0,0.4,7.67,0.6,7.67,0.59,10.0,0.63,6.05,0.64,55.0,0.01,0.03,2331.296365,1776334766000
1776334768.06,268.06,0.37,4.77,0.36,55.0,0.38,14.1,0.39,32.0,0.62,10.0,0.6,7.67,0.63,4.77,0.64,55.0,0.01,0.01,2331.238536,1776334767000
1776334768.589,268.589,0.37,3.49,0.36,66.25,0.38,25.1,0.39,32.0,0.62,14.1,0.61,32.0,0.63,4.77,0.64,55.0,0.01,0.01,2331.238536,1776334767000
1776334768.85,268.85,0.36,58.9,0.35,5.0,0.38,30.1,0.39,32.0,0.62,25.1,0.61,32.0,0.63,3.49,0.64,66.25,0.02,0.01,2331.238536,1776334767000
1776334769.456,269.456,0.36,0.04,0.35,17.0,0.37,25.0,0.38,25.1,0.62,30.1,0.61,32.0,0.64,58.9,0.65,5.0,0.01,0.02,2331.214044,1776334768000
1776334770.102,270.102,0.35,3.68,0.33,30.0,0.37,15.0,0.38,25.1,0.63,15.0,0.62,25.1,0.64,0.04,0.65,17.0,0.02,0.01,2331.214044,1776334768000
1776334770.503,270.503,0.28,30.0,0.26,50.0,0.29,5.0,0.3,10.0,0.64,10.0,0.63,27.0,0.65,2.32,0.67,30.0,0.01,0.01,2330.9107,1776334769000
1776334770.931,270.931,0.26,48.94,0.24,5.0,0.29,47.0,0.3,32.0,0.71,47.0,0.7,20.0,0.72,10.24,0.74,50.0,0.03,0.01,2330.9107,1776334769000
1776334771.378,271.378,0.26,22.73,0.23,161.0,0.27,31.0,0.28,22.0,0.73,32.0,0.72,22.0,0.74,38.14,0.76,5.0,0.01,0.01,2330.7641,1776334770000
1776334772.164,272.164,0.23,218.35,0.22,101.0,0.27,31.0,0.28,22.0,0.73,26.0,0.72,22.0,0.74,10.73,0.77,215.0,0.04,0.01,2330.726685,1776334771000
1776334772.807,272.807,0.28,19.0,0.23,10.0,0.29,6.0,0.3,10.0,0.75,19.0,0.74,42.0,0.77,212.18,0.78,101.0,0.01,0.02,2330.726685,1776334771000
1776334773.147,273.147,0.3,52.06,0.29,162.0,0.31,55.0,0.32,10.0,0.69,55.0,0.68,10.0,0.7,54.0,0.71,140.0,0.01,0.01,2330.589487,1776334772000
1776334773.65,273.65,0.3,50.63,0.29,152.0,0.31,60.0,0.32,10.0,0.69,50.0,0.68,10.0,0.7,52.06,0.71,162.0,0.01,0.01,2330.589487,1776334772000
1776334774.176,274.176,0.3,18.53,0.29,12.0,0.31,116.0,0.32,10.0,0.69,65.0,0.68,10.0,0.7,38.53,0.71,82.0,0.01,0.01,2330.589487,1776334772000
1776334774.845,274.845,0.3,16.53,0.29,12.0,0.31,25.0,0.32,10.0,0.69,111.0,0.68,10.0,0.7,18.53,0.71,12.0,0.01,0.01,2330.58295,1776334773000
1776334775.326,275.326,0.3,16.53,0.29,12.0,0.31,13.54,0.32,10.0,0.69,25.0,0.68,10.0,0.7,16.53,0.71,12.0,0.01,0.01,2330.58295,1776334773000
1776334775.673,275.673,0.3,15.1,0.29,12.0,0.31,13.54,0.32,10.0,0.69,13.54,0.68,10.0,0.7,16.53,0.71,12.0,0.01,0.01,2330.678823,1776334774000
1776334776.19,276.19,0.28,6.31,0.27,80.0,0.31,66.0,0.33,5.0,0.69,13.54,0.68,10.0,0.7,8.31,0.71,12.0,0.03,0.01,2330.678823,1776334774000
1776334776.499,276.499,0.29,10.0,0.28,10.0,0.32,9.68,0.33,22.0,0.65,5.0,0.64,60.0,0.73,31.16,0.74,80.0,0.03,0.08,2330.578135,1776334775000
1776334777.323,277.323,0.31,13.55,0.3,10.0,0.32,10.0,0.33,21.93,0.68,9.68,0.67,22.0,0.71,10.0,0.72,10.0,0.01,0.03,2330.523715,1776334776000
1776334778.127,278.127,0.32,8.01,0.31,13.55,0.33,10.0,0.34,20.25,0.68,10.0,0.67,21.93,0.69,13.55,0.7,10.0,0.01,0.01,2330.523715,1776334776000
1776334779.051,279.051,0.33,10.0,0.28,10.0,0.35,102.27,0.36,65.0,0.65,9.29,0.64,60.0,0.67,10.0,0.68,8.01,0.02,0.02,2330.56042,1776334777000
1776334779.295,279.295,0.35,15.35,0.34,10.0,0.36,5.0,0.37,5.0,0.65,40.55,0.64,65.0,0.67,10.0,0.72,10.0,0.01,0.02,2330.620665,1776334778000
1776334779.499,279.499,0.37,50.0,0.36,20.0,0.46,10.0,0.47,10.0,0.62,6.0,0.55,30.0,0.65,35.6,0.66,10.0,0.09,0.03,2330.620665,1776334778000
1776334779.788,279.788,0.48,31.0,0.47,5.0,0.5,8.68,0.51,10.0,0.51,0.58,0.5,15.0,0.52,6.03,0.53,5.0,0.02,0.01,2330.620665,1776334778000
1776334780.086,280.086,0.47,15.1,0.45,10.0,0.49,15.0,0.5,19.16,0.5,8.68,0.49,10.0,0.52,15.04,0.53,5.0,0.02,0.02,2330.620665,1776334778000
1776334780.377,280.377,0.46,9.6,0.44,30.0,0.48,25.48,0.49,10.0,0.51,15.0,0.5,19.16,0.53,15.1,0.55,10.0,0.02,0.02,2330.679801,1776334779000
1776334780.607,280.607,0.44,2.33,0.43,12.0,0.45,10.0,0.46,10.0,0.55,10.0,0.54,15.0,0.56,20.19,0.57,12.0,0.01,0.01,2330.679801,1776334779000
1776334781.026,281.026,0.43,3.22,0.42,25.0,0.44,15.0,0.45,10.0,0.55,10.0,0.54,10.0,0.56,2.33,0.57,12.0,0.01,0.01,2330.679801,1776334779000
1776334781.492,281.492,0.41,50.0,0.4,10.0,0.43,10.0,0.44,18.09,0.56,15.0,0.55,10.0,0.58,25.0,0.59,60.0,0.02,0.02,2330.68,1776334780000
1776334782.366,282.366,0.44,11.75,0.43,10.0,0.46,8.85,0.47,20.23,0.58,10.0,0.57,15.0,0.59,39.52,0.6,10.0,0.02,0.01,2330.68,1776334780000
1776334782.709,282.709,0.45,10.0,0.44,6.75,0.46,23.85,0.47,20.23,0.54,8.85,0.53,20.23,0.56,6.75,0.57,10.0,0.01,0.02,2330.86469,1776334781000
1776334785.46,285.46,0.42,18.0,0.41,10.0,0.43,10.0,0.44,10.0,0.54,23.85,0.53,20.23,0.55,10.0,0.56,6.75,0.01,0.01,2330.878402,1776334784000
1776334785.723,285.723,0.36,16.3,0.35,40.0,0.43,15.0,0.44,10.0,0.57,10.0,0.56,10.0,0.58,12.99,0.59,10.0,0.07,0.01,2330.878402,1776334784000
1776334786.207,286.207,0.24,30.0,0.22,8.0,0.37,40.2,0.38,10.0,0.6,10.0,0.59,18.17,0.62,4.37,0.63,10.0,0.13,0.02,2330.878402,1776334784000
1776334786.5,286.5,0.24,10.95,0.22,8.0,0.25,15.0,0.26,24.32,0.75,15.0,0.74,15.0,0.76,29.9,0.78,8.0,0.01,0.01,2330.899354,1776334785000
1776334787.03,287.03,0.22,3.95,0.21,120.0,0.25,20.0,0.26,24.32,0.75,15.0,0.74,24.32,0.76,10.95,0.78,8.0,0.03,0.01,2330.899354,1776334785000
1776334787.332,287.332,0.2,1.0,0.15,5.75,0.21,41.0,0.22,20.79,0.75,20.0,0.74,24.32,0.78,3.95,0.79,120.0,0.01,0.03,2330.848175,1776334786000
1776334787.669,287.669,0.07,14.0,0.06,16.0,0.11,103.0,0.12,22.0,0.79,91.33,0.78,15.0,0.9,0.35,0.91,11.0,0.04,0.11,2330.848175,1776334786000
1776334787.915,287.915,0.07,10.45,0.06,16.0,0.08,2.0,0.09,57.0,0.92,15.0,0.91,27.0,0.93,10.45,0.94,16.0,0.01,0.01,2330.848175,1776334786000
1776334788.2,288.2,0.07,15.45,0.06,16.0,0.09,57.0,0.1,15.0,0.92,2.0,0.91,57.0,0.93,10.45,0.94,16.0,0.02,0.01,2330.848175,1776334786000
1776334788.733,288.733,0.06,12.15,0.05,40.0,0.08,27.0,0.09,57.0,0.91,57.0,0.9,15.0,0.93,1.49,0.94,16.0,0.02,0.02,2330.811515,1776334787000
1776334788.953,288.953,0.06,8.95,0.05,40.0,0.07,41.0,0.08,10.0,0.92,27.0,0.91,57.0,0.94,12.15,0.95,40.0,0.01,0.02,2330.811515,1776334787000
1776334789.225,289.225,0.05,33.2,0.04,65.0,0.06,41.31,0.07,38.0,0.94,41.05,0.93,41.0,0.95,40.0,0.96,65.0,0.01,0.01,2330.72961,1776334788000
1776334789.538,289.538,0.04,65.0,0.03,154.0,0.05,126.8,0.06,46.31,0.94,41.31,0.93,38.0,0.95,3.2,0.96,65.0,0.01,0.01,2330.72961,1776334788000
1776334790.188,290.188,0.04,70.0,0.03,154.0,0.05,161.46,0.06,41.31,0.95,126.8,0.94,46.31,0.96,65.0,0.97,154.0,0.01,0.01,2330.72961,1776334788000
1776334790.622,290.622,0.04,65.0,0.03,154.0,0.05,127.51,0.06,31.31,0.95,147.46,0.94,41.31,0.96,70.0,0.97,154.0,0.01,0.01,2330.4659,1776334789000
1776334791.914,291.914,0.04,54.57,0.03,154.0,0.05,117.51,0.06,20.31,0.95,137.51,0.94,25.31,0.96,54.57,0.97,154.0,0.01,0.01,2330.43809,1776334790000
1776334792.476,292.476,0.04,46.36,0.03,154.0,0.05,122.51,0.06,100.31,0.95,112.51,0.94,20.31,0.96,49.36,0.97,154.0,0.01,0.01,2330.43809,1776334790000
1776334792.799,292.799,0.04,41.26,0.03,154.0,0.05,118.58,0.06,100.31,0.95,118.58,0.94,100.31,0.96,46.36,0.97,154.0,0.01,0.01,2330.43809,1776334790000
1776334793.019,293.019,0.04,25.94,0.03,154.0,0.05,93.58,0.06,100.31,0.95,98.58,0.94,100.31,0.96,36.26,0.97,154.0,0.01,0.01,2330.373587,1776334791000
1776334793.453,293.453,0.04,20.54,0.03,154.0,0.05,93.58,0.06,122.44,0.95,93.58,0.94,100.31,0.96,25.94,0.97,154.0,0.01,0.01,2330.373587,1776334791000
1776334793.847,293.847,0.04,9.91,0.03,154.0,0.05,109.58,0.06,79.31,0.95,93.58,0.94,122.44,0.96,20.54,0.97,154.0,0.01,0.01,2330.411335,1776334792000
1776334794.548,294.548,0.04,3.86,0.03,154.0,0.05,23.58,0.06,29.31,0.95,109.58,0.94,79.31,0.96,3.86,0.97,154.0,0.01,0.01,2330.380531,1776334793000
1776334795.025,295.025,0.03,152.51,0.02,187.0,0.05,22.58,0.06,40.44,0.95,23.58,0.94,29.31,0.97,147.51,0.98,187.0,0.02,0.02,2330.380531,1776334793000
1776334795.513,295.513,0.03,135.26,0.02,187.0,0.05,31.7,0.06,144.31,0.95,22.58,0.94,40.44,0.97,135.26,0.98,187.0,0.02,0.02,2330.344825,1776334794000
1776334795.867,295.867,0.03,134.22,0.02,187.0,0.04,10.0,0.05,56.71,0.95,31.7,0.94,144.31,0.97,135.26,0.98,187.0,0.01,0.02,2330.344825,1776334794000
1776334796.313,296.313,0.03,76.22,0.02,175.0,0.04,40.0,0.05,166.58,0.96,10.0,0.95,56.71,0.97,134.22,0.98,187.0,0.01,0.01,2330.344825,1776334794000
1776334796.582,296.582,0.02,168.91,0.01,2028.09,0.03,10.0,0.04,124.13,0.97,10.0,0.96,99.13,0.98,173.97,0.99,2028.09,0.01,0.01,2330.39239,1776334795000
1776334796.917,296.917,0.02,129.08,0.01,2028.09,0.03,59.13,0.04,114.99,0.97,19.12,0.96,114.99,0.98,134.19,0.99,2028.09,0.01,0.01,2330.39239,1776334795000
1776334797.145,297.145,0.02,103.76,0.01,2028.09,0.03,70.0,0.04,114.99,0.97,40.0,0.96,84.99,0.98,123.97,0.99,2028.09,0.01,0.01,2330.39239,1776334795000
1776334797.358,297.358,0.01,1777.98,,,0.02,40.0,0.03,119.13,0.98,40.0,0.97,119.13,0.99,1794.47,,,0.01,0.01,2330.43316,1776334796000
1776334797.593,297.593,0.01,994.24,,,0.02,36.62,0.03,87.0,0.98,36.62,0.97,151.12,0.99,1011.24,,,0.01,0.01,2330.43316,1776334796000
1776334797.83,297.83,0.01,109.32,,,0.02,215.62,0.03,141.12,0.98,210.62,0.97,136.12,0.99,132.32,,,0.01,0.01,2330.43316,1776334796000
1776334798.204,298.204,,,,,0.01,1022.6,0.02,62.0,0.98,199.0,0.97,113.13,,,,,,,2330.43316,1776334796000
1776334800.21,300.21,,,,,0.01,32952.05,0.02,62.0,0.99,1022.6,0.98,62.0,,,,,,,2330.410065,1776334798000

# RESULT,winner=Down,slug=eth-updown-5m-1776334500,ticks=398
