timestamp,elapsed_sec,up_bid_p1,up_bid_s1,up_bid_p2,up_bid_s2,up_ask_p1,up_ask_s1,up_ask_p2,up_ask_s2,down_bid_p1,down_bid_s1,down_bid_p2,down_bid_s2,down_ask_p1,down_ask_s1,down_ask_p2,down_ask_s2,up_spread,down_spread,eth_price,eth_oracle_ts
1776231011.209,11.209,,,,,,,,,,,,,,,,,,,2322.45266,1776231010000
1776231011.716,11.716,0.46,29.77,0.45,10.0,0.47,10.0,0.48,54.08,0.53,15.0,0.52,44.08,0.54,24.77,0.55,10.0,0.01,0.01,2322.45266,1776231010000
1776231011.917,11.917,0.45,3.77,0.44,10.0,0.47,32.1,0.48,44.08,0.53,15.0,0.52,44.08,0.54,24.77,0.55,10.0,0.02,0.01,2322.45266,1776231010000
1776231012.211,12.211,0.43,8.53,0.42,23.0,0.47,32.74,0.48,44.08,0.53,27.74,0.52,44.08,0.54,10.0,0.55,3.77,0.04,0.01,2322.45266,1776231010000
1776231012.547,12.547,0.43,8.53,0.42,23.0,0.47,32.74,0.48,44.08,0.53,32.74,0.52,44.08,0.57,8.53,0.58,23.0,0.04,0.04,2322.466376,1776231011000
1776231013.175,13.175,0.43,23.53,0.42,28.0,0.47,24.4,0.48,39.0,0.53,24.4,0.52,39.0,0.57,23.53,0.58,28.0,0.04,0.04,2322.428725,1776231012000
1776231013.382,13.382,0.44,55.92,0.43,23.53,0.46,7.71,0.47,25.0,0.53,24.4,0.52,39.0,0.57,23.53,0.58,28.0,0.02,0.04,2322.428725,1776231012000
1776231013.612,13.612,0.45,5.0,0.44,60.92,0.46,2.71,0.47,25.0,0.54,7.71,0.53,25.0,0.56,55.92,0.57,23.53,0.01,0.02,2322.428725,1776231012000
1776231014.57,14.57,0.45,5.0,0.44,60.92,0.46,2.71,0.47,25.0,0.54,2.71,0.53,25.0,0.55,5.0,0.56,60.92,0.01,0.01,2322.464695,1776231013000
1776231015.203,15.203,0.45,5.0,0.44,60.92,0.46,2.71,0.47,25.0,0.54,2.71,0.53,25.0,0.55,5.0,0.56,60.92,0.01,0.01,2322.46471,1776231014000
1776231015.592,15.592,0.45,10.0,0.44,90.43,0.46,25.0,0.47,33.0,0.54,2.71,0.53,25.0,0.55,5.0,0.56,60.92,0.01,0.01,2322.46471,1776231014000
1776231016.014,16.014,0.45,10.0,0.44,55.92,0.46,14.13,0.47,33.0,0.54,25.0,0.53,33.0,0.55,10.0,0.56,90.43,0.01,0.01,2322.46471,1776231014000
1776231016.329,16.329,0.45,5.0,0.44,66.4,0.46,5.99,0.47,33.0,0.54,14.13,0.53,33.0,0.55,10.0,0.56,55.92,0.01,0.01,2322.46471,1776231014000
1776231016.573,16.573,0.45,5.0,0.44,66.4,0.46,5.99,0.47,33.0,0.54,5.99,0.53,33.0,0.55,5.0,0.56,66.4,0.01,0.01,2322.465145,1776231015000
1776231017.241,17.241,0.45,1.23,0.44,104.91,0.46,10.99,0.47,33.0,0.54,5.99,0.53,33.0,0.55,5.0,0.56,66.4,0.01,0.01,2322.465145,1776231015000
1776231017.539,17.539,0.44,104.91,0.43,18.53,0.46,5.99,0.47,33.0,0.54,10.99,0.53,33.0,0.55,1.23,0.56,104.91,0.02,0.01,2322.45012,1776231016000
1776231017.861,17.861,0.44,89.85,0.43,23.53,0.45,10.0,0.46,5.99,0.54,5.99,0.53,33.0,0.56,99.91,0.57,18.53,0.01,0.02,2322.45012,1776231016000
1776231018.546,18.546,0.44,89.85,0.43,23.53,0.45,10.0,0.46,5.99,0.55,10.0,0.54,5.99,0.56,89.85,0.57,23.53,0.01,0.01,2322.300125,1776231017000
1776231018.991,18.991,0.44,92.85,0.43,28.53,0.45,10.0,0.46,6.0,0.55,10.0,0.54,5.99,0.56,89.85,0.57,23.53,0.01,0.01,2322.300125,1776231017000
1776231019.238,19.238,0.44,92.85,0.43,28.53,0.45,10.0,0.46,6.0,0.55,10.0,0.54,6.0,0.56,92.85,0.57,28.53,0.01,0.01,2322.29748,1776231018000
1776231019.596,19.596,0.44,38.86,0.43,20.0,0.45,10.0,0.46,11.0,0.55,10.0,0.54,6.0,0.56,92.85,0.57,28.53,0.01,0.01,2322.29748,1776231018000
1776231020.665,20.665,0.44,38.86,0.43,20.0,0.45,10.0,0.46,11.0,0.55,10.0,0.54,11.0,0.56,38.86,0.57,20.0,0.01,0.01,2322.336256,1776231019000
1776231021.351,21.351,0.44,38.86,0.43,20.0,0.45,10.0,0.46,11.0,0.55,10.0,0.54,11.0,0.56,38.86,0.57,20.0,0.01,0.01,2322.314669,1776231020000
1776231022.197,22.197,0.44,13.61,0.42,27.0,0.45,50.0,0.46,17.0,0.55,10.0,0.54,11.0,0.56,38.86,0.57,20.0,0.01,0.01,2322.314669,1776231020000
1776231023.356,23.356,0.44,13.61,0.42,27.0,0.45,50.0,0.46,17.0,0.55,50.0,0.54,17.0,0.56,13.61,0.58,27.0,0.01,0.01,2322.205094,1776231022000
1776231024.723,24.723,0.45,25.0,0.44,90.61,0.48,5.0,0.49,23.0,0.55,50.0,0.54,17.0,0.56,13.61,0.58,27.0,0.03,0.01,2322.205094,1776231022000
1776231025.498,25.498,0.45,71.0,0.44,73.61,0.48,3.2,0.49,23.0,0.52,3.2,0.51,23.0,0.55,71.0,0.56,73.61,0.03,0.03,2322.161487,1776231024000
1776231026.23,26.23,0.47,17.56,0.46,20.0,0.48,3.2,0.49,13.0,0.52,3.2,0.51,13.0,0.53,17.56,0.54,20.0,0.01,0.01,2322.354285,1776231025000
1776231027.745,27.745,0.47,17.56,0.46,20.0,0.48,3.2,0.49,13.0,0.52,3.2,0.51,13.0,0.53,17.56,0.54,20.0,0.01,0.01,2322.42036,1776231026000
1776231028.345,28.345,0.47,17.56,0.46,20.0,0.48,3.2,0.49,13.0,0.52,3.2,0.51,13.0,0.53,17.56,0.54,20.0,0.01,0.01,2322.48803,1776231027000
1776231029.21,29.21,0.47,17.56,0.46,20.0,0.48,3.2,0.49,13.0,0.52,3.2,0.51,13.0,0.53,17.56,0.54,20.0,0.01,0.01,2322.52431,1776231028000
1776231029.425,29.425,0.51,63.0,0.5,158.99,0.52,5.65,0.53,10.0,0.48,5.75,0.47,10.0,0.49,5.0,0.5,91.48,0.01,0.01,2322.52431,1776231028000
1776231030.094,30.094,0.51,78.0,0.5,158.99,0.52,0.65,0.53,30.35,0.48,5.65,0.47,10.0,0.49,63.0,0.5,158.99,0.01,0.01,2322.52431,1776231028000
1776231030.478,30.478,0.51,73.0,0.5,158.99,0.52,4.57,0.53,30.35,0.48,4.57,0.47,30.35,0.49,73.0,0.5,158.99,0.01,0.01,2322.530345,1776231029000
1776231030.691,30.691,0.51,52.79,0.5,158.99,0.52,24.57,0.53,30.35,0.48,4.57,0.47,30.35,0.49,73.0,0.5,158.99,0.01,0.01,2322.530345,1776231029000
1776231031.099,31.099,0.51,52.79,0.5,158.99,0.52,24.57,0.53,30.35,0.48,24.57,0.47,30.35,0.49,52.79,0.5,158.99,0.01,0.01,2322.595363,1776231030000
1776231032.102,32.102,0.51,52.79,0.5,158.99,0.53,10.0,0.54,10.0,0.48,24.57,0.47,30.35,0.49,52.79,0.5,158.99,0.02,0.01,2322.595363,1776231030000
1776231032.454,32.454,0.51,52.79,0.5,158.99,0.53,10.0,0.54,10.0,0.47,10.0,0.46,10.0,0.49,52.79,0.5,158.99,0.02,0.02,2322.738091,1776231031000
1776231033.112,33.112,0.54,1.0,0.53,104.99,0.55,75.78,0.56,23.0,0.45,75.78,0.44,23.0,0.46,1.0,0.47,104.99,0.01,0.01,2322.716845,1776231032000
1776231034.299,34.299,0.54,177.99,0.53,32.48,0.55,55.78,0.57,70.0,0.45,75.78,0.44,23.0,0.46,1.0,0.47,104.99,0.01,0.01,2322.716845,1776231032000
1776231035.071,35.071,0.54,177.99,0.53,32.48,0.55,49.45,0.57,70.0,0.45,49.45,0.43,70.0,0.46,177.99,0.47,32.48,0.01,0.01,2322.883015,1776231034000
1776231036.275,36.275,0.54,177.99,0.53,32.48,0.55,49.45,0.57,70.0,0.45,49.45,0.43,70.0,0.46,177.99,0.47,32.48,0.01,0.01,2323.006855,1776231035000
1776231036.755,36.755,0.54,150.79,0.53,27.48,0.55,54.45,0.56,10.0,0.45,49.45,0.43,70.0,0.46,177.99,0.47,32.48,0.01,0.01,2323.006855,1776231035000
1776231036.972,36.972,0.54,150.79,0.53,27.48,0.55,54.45,0.56,10.0,0.45,54.45,0.44,10.0,0.46,150.79,0.47,27.48,0.01,0.01,2323.115522,1776231036000
1776231038.138,38.138,0.54,166.03,0.53,27.48,0.55,49.45,0.57,80.0,0.45,54.45,0.44,10.0,0.46,150.79,0.47,27.48,0.01,0.01,2323.115522,1776231036000
1776231038.722,38.722,0.57,46.76,0.56,21.0,0.58,5.0,0.59,20.0,0.45,49.45,0.43,80.0,0.46,166.03,0.47,27.48,0.01,0.01,2323.15805,1776231037000
1776231039.513,39.513,0.57,46.76,0.56,21.0,0.59,20.0,0.6,18.0,0.41,20.0,0.4,18.0,0.43,46.76,0.44,21.0,0.02,0.02,2323.122808,1776231038000
1776231040.547,40.547,0.57,46.76,0.56,21.0,0.59,20.0,0.6,18.0,0.41,20.0,0.4,18.0,0.43,46.76,0.44,21.0,0.02,0.02,2323.108378,1776231039000
1776231041.692,41.692,0.57,46.76,0.56,21.0,0.59,20.0,0.6,18.0,0.41,20.0,0.4,18.0,0.43,46.76,0.44,21.0,0.02,0.02,2323.15266,1776231040000
1776231042.287,42.287,0.61,91.0,0.6,21.0,0.62,58.57,0.63,80.0,0.41,20.0,0.4,18.0,0.43,46.76,0.44,21.0,0.01,0.02,2323.15266,1776231040000
1776231043.456,43.456,0.61,94.19,0.6,26.0,0.62,23.57,0.63,85.0,0.38,23.57,0.37,85.0,0.39,94.19,0.4,26.0,0.01,0.01,2323.211345,1776231042000
1776231044.058,44.058,0.61,94.19,0.6,26.0,0.62,23.57,0.63,85.0,0.38,23.57,0.37,85.0,0.39,94.19,0.4,26.0,0.01,0.01,2323.316909,1776231043000
1776231045.347,45.347,0.61,94.19,0.6,26.0,0.62,23.57,0.63,85.0,0.38,23.57,0.37,85.0,0.39,94.19,0.4,26.0,0.01,0.01,2323.406977,1776231044000
1776231046.066,46.066,0.57,4.65,0.56,93.99,0.58,20.0,0.59,20.0,0.38,23.57,0.37,85.0,0.39,94.19,0.4,26.0,0.01,0.01,2323.406977,1776231044000
1776231046.543,46.543,0.56,56.83,0.55,73.0,0.58,20.0,0.59,20.0,0.42,20.0,0.41,20.0,0.44,56.83,0.45,73.0,0.02,0.02,2323.271895,1776231045000
1776231047.126,47.126,0.56,56.83,0.55,73.0,0.58,20.0,0.59,20.0,0.42,20.0,0.41,20.0,0.44,56.83,0.45,73.0,0.02,0.02,2323.25789,1776231046000
1776231048.272,48.272,0.56,56.83,0.55,73.0,0.58,20.0,0.59,20.0,0.42,20.0,0.41,20.0,0.44,56.83,0.45,73.0,0.02,0.02,2323.242955,1776231047000
1776231049.257,49.257,0.57,15.0,0.56,21.48,0.58,41.39,0.59,25.0,0.42,20.0,0.41,20.0,0.44,56.83,0.45,73.0,0.01,0.02,2323.242955,1776231047000
1776231049.948,49.948,0.57,15.0,0.56,21.48,0.58,41.39,0.59,25.0,0.42,41.39,0.41,25.0,0.43,15.0,0.44,21.48,0.01,0.01,2323.266785,1776231049000
1776231050.272,50.272,0.57,54.48,0.56,21.48,0.58,6.39,0.59,25.0,0.42,41.39,0.41,25.0,0.43,15.0,0.44,21.48,0.01,0.01,2323.266785,1776231049000
1776231050.612,50.612,0.62,14.21,0.58,26.0,0.63,85.0,0.64,28.89,0.42,6.39,0.41,25.0,0.43,54.48,0.44,21.48,0.01,0.01,2323.266785,1776231049000
1776231051.054,51.054,0.62,14.21,0.58,26.0,0.63,85.0,0.64,28.89,0.37,85.0,0.36,28.89,0.38,14.21,0.42,26.0,0.01,0.01,2323.450212,1776231050000
1776231051.967,51.967,0.61,5.0,0.59,15.0,0.63,168.0,0.64,36.89,0.37,85.0,0.36,28.89,0.38,14.21,0.42,26.0,0.02,0.01,2323.450212,1776231050000
1776231052.263,52.263,0.61,5.0,0.59,15.0,0.63,168.0,0.64,36.89,0.37,168.0,0.36,36.89,0.39,5.0,0.41,15.0,0.02,0.02,2323.296365,1776231051000
1776231053.035,53.035,0.61,23.0,0.6,20.0,0.62,84.48,0.63,93.0,0.37,168.0,0.36,36.89,0.39,5.0,0.41,15.0,0.01,0.02,2323.296365,1776231051000
1776231053.441,53.441,0.54,26.84,0.53,59.0,0.56,10.0,0.57,90.0,0.39,31.0,0.38,94.48,0.41,5.0,0.42,10.48,0.02,0.02,2323.296365,1776231051000
1776231054.115,54.115,0.54,26.84,0.53,59.0,0.56,10.0,0.57,90.0,0.44,10.0,0.43,90.0,0.46,26.84,0.47,59.0,0.02,0.02,2323.340375,1776231053000
1776231054.534,54.534,0.55,20.55,0.54,25.84,0.56,3.21,0.57,75.0,0.44,13.21,0.43,85.0,0.45,15.0,0.46,29.36,0.01,0.01,2323.340375,1776231053000
1776231055.103,55.103,0.55,108.36,0.54,25.84,0.56,3.21,0.57,5.0,0.44,3.21,0.43,75.0,0.45,20.55,0.46,25.84,0.01,0.01,2323.340375,1776231053000
1776231055.405,55.405,0.55,108.36,0.54,25.84,0.56,3.21,0.57,5.0,0.44,3.21,0.43,5.0,0.45,108.36,0.46,25.84,0.01,0.01,2323.2974,1776231054000
1776231056.566,56.566,0.59,25.0,0.58,110.48,0.62,91.48,0.64,21.89,0.44,3.21,0.43,5.0,0.45,108.36,0.46,25.84,0.03,0.01,2323.2974,1776231054000
1776231057.993,57.993,0.59,25.0,0.58,110.48,0.62,91.48,0.64,21.89,0.38,91.48,0.36,21.89,0.41,25.0,0.42,110.48,0.03,0.03,2323.25604,1776231056000
1776231058.936,58.936,0.6,15.0,0.59,89.35,0.62,124.48,0.63,77.81,0.38,124.48,0.37,77.81,0.4,15.0,0.41,89.35,0.02,0.02,2323.3495,1776231057000
1776231059.89,59.89,0.6,15.0,0.59,89.35,0.62,124.48,0.63,77.81,0.38,124.48,0.37,77.81,0.4,15.0,0.41,89.35,0.02,0.02,2323.4615,1776231058000
1776231060.734,60.734,0.61,73.0,0.6,15.0,0.62,85.05,0.63,5.0,0.38,85.05,0.37,5.0,0.39,73.0,0.4,15.0,0.01,0.01,2323.343475,1776231059000
1776231061.53,61.53,0.61,29.0,0.6,75.99,0.62,15.05,0.63,15.0,0.38,85.05,0.37,5.0,0.39,73.0,0.4,15.0,0.01,0.01,2323.343475,1776231059000
1776231062.331,62.331,0.61,29.0,0.6,75.99,0.62,15.05,0.63,15.0,0.38,15.05,0.37,15.0,0.39,29.0,0.4,75.99,0.01,0.01,2323.383483,1776231061000
1776231063.286,63.286,0.61,29.0,0.6,75.99,0.62,15.05,0.63,15.0,0.38,15.05,0.37,15.0,0.39,29.0,0.4,75.99,0.01,0.01,2323.386365,1776231062000
1776231063.924,63.924,0.6,5.0,0.59,5.0,0.62,93.21,0.63,97.0,0.38,15.05,0.37,15.0,0.39,29.0,0.4,75.99,0.02,0.01,2323.386365,1776231062000
1776231064.808,64.808,0.6,5.0,0.59,5.0,0.62,93.21,0.63,97.0,0.38,93.21,0.37,97.0,0.4,5.0,0.41,5.0,0.02,0.02,2323.386975,1776231063000
1776231065.317,65.317,0.61,84.0,0.6,31.0,0.62,21.56,0.63,70.0,0.38,93.21,0.37,97.0,0.4,5.0,0.41,5.0,0.01,0.02,2323.386975,1776231063000
1776231065.666,65.666,0.61,84.0,0.6,31.0,0.62,21.56,0.63,70.0,0.38,21.56,0.37,70.0,0.39,84.0,0.4,31.0,0.01,0.01,2323.37936,1776231064000
1776231066.481,66.481,0.61,135.0,0.6,81.35,0.62,5.47,0.65,7.0,0.38,5.47,0.35,7.0,0.39,135.0,0.4,81.35,0.01,0.01,2323.322001,1776231065000
1776231067.291,67.291,0.61,135.0,0.6,81.35,0.62,5.47,0.65,7.0,0.38,5.47,0.35,7.0,0.39,135.0,0.4,81.35,0.01,0.01,2323.363465,1776231066000
1776231068.21,68.21,0.63,24.53,0.61,309.99,0.65,10.0,0.66,10.0,0.38,5.47,0.35,7.0,0.39,135.0,0.4,81.35,0.02,0.01,2323.363465,1776231066000
1776231068.51,68.51,0.65,13.71,0.64,87.0,0.66,10.0,0.7,10.0,0.35,4.29,0.34,10.0,0.36,10.0,0.37,40.0,0.01,0.01,2323.363465,1776231066000
1776231068.72,68.72,0.65,13.71,0.64,87.0,0.66,10.0,0.7,10.0,0.34,10.0,0.3,10.0,0.35,13.71,0.36,87.0,0.01,0.01,2323.513005,1776231067000
1776231069.007,69.007,0.68,53.0,0.67,21.0,0.69,15.0,0.7,32.0,0.31,18.4,0.3,20.0,0.32,49.0,0.33,16.0,0.01,0.01,2323.513005,1776231067000
1776231069.505,69.505,0.68,40.68,0.67,21.0,0.69,10.0,0.7,32.0,0.31,10.0,0.3,32.0,0.32,40.68,0.33,21.0,0.01,0.01,2323.56974,1776231068000
1776231070.057,70.057,0.63,2.29,0.62,73.35,0.64,15.0,0.65,10.0,0.31,10.0,0.3,32.0,0.32,40.68,0.33,21.0,0.01,0.01,2323.56974,1776231068000
1776231070.588,70.588,0.6,63.35,0.59,33.0,0.63,20.0,0.64,20.0,0.36,15.0,0.35,10.0,0.37,2.29,0.38,73.35,0.03,0.01,2323.782133,1776231069000
1776231071.567,71.567,0.6,60.35,0.59,33.0,0.63,20.0,0.64,20.0,0.37,20.0,0.36,20.0,0.4,60.35,0.41,33.0,0.03,0.03,2323.698315,1776231070000
1776231072.322,72.322,0.6,60.35,0.59,33.0,0.63,20.0,0.64,20.0,0.37,20.0,0.36,20.0,0.4,60.35,0.41,33.0,0.03,0.03,2323.60361,1776231071000
1776231073.914,73.914,0.6,60.35,0.59,33.0,0.63,20.0,0.64,20.0,0.37,20.0,0.36,20.0,0.4,60.35,0.41,33.0,0.03,0.03,2323.462995,1776231072000
1776231074.77,74.77,0.61,30.0,0.6,25.0,0.63,20.0,0.64,15.0,0.37,20.0,0.36,15.0,0.39,30.0,0.4,25.0,0.02,0.02,2323.471147,1776231073000
1776231075.427,75.427,0.61,30.0,0.6,25.0,0.63,20.0,0.64,15.0,0.37,20.0,0.36,15.0,0.39,30.0,0.4,25.0,0.02,0.02,2323.540708,1776231074000
1776231075.672,75.672,0.62,1.84,0.61,20.0,0.63,20.0,0.64,15.0,0.37,20.0,0.36,15.0,0.39,30.0,0.4,25.0,0.01,0.02,2323.540708,1776231074000
1776231076.11,76.11,0.62,1.84,0.61,20.0,0.63,20.0,0.64,15.0,0.37,20.0,0.36,15.0,0.38,1.84,0.39,20.0,0.01,0.01,2323.44322,1776231075000
1776231076.363,76.363,0.6,13.12,0.58,60.35,0.62,75.37,0.63,132.0,0.37,20.0,0.36,15.0,0.38,1.84,0.39,20.0,0.02,0.01,2323.44322,1776231075000
1776231077.226,77.226,0.6,3.12,0.58,60.35,0.61,11.0,0.62,75.37,0.39,11.0,0.38,75.37,0.4,3.12,0.42,60.35,0.01,0.01,2323.45495,1776231076000
1776231078.268,78.268,0.6,3.12,0.58,60.35,0.61,11.0,0.62,75.37,0.39,11.0,0.38,75.37,0.4,3.12,0.42,60.35,0.01,0.01,2323.53875,1776231077000
1776231079.264,79.264,0.6,3.12,0.58,60.35,0.61,11.0,0.62,75.37,0.39,11.0,0.38,75.37,0.4,3.12,0.42,60.35,0.01,0.01,2323.402708,1776231078000
1776231080.25,80.25,0.6,3.12,0.58,60.35,0.61,11.0,0.62,75.37,0.39,11.0,0.38,75.37,0.4,3.12,0.42,60.35,0.01,0.01,2323.447678,1776231079000
1776231080.888,80.888,0.59,82.56,0.58,70.99,0.6,60.0,0.61,71.0,0.39,11.0,0.38,75.37,0.4,3.12,0.42,60.35,0.01,0.01,2323.447678,1776231079000
1776231081.216,81.216,0.59,82.56,0.58,70.99,0.6,60.0,0.61,71.0,0.4,60.0,0.39,71.0,0.41,82.56,0.42,70.99,0.01,0.01,2323.346555,1776231080000
1776231082.313,82.313,0.59,82.56,0.58,70.99,0.6,60.0,0.61,71.0,0.4,60.0,0.39,71.0,0.41,82.56,0.42,70.99,0.01,0.01,2323.345255,1776231081000
1776231082.853,82.853,0.59,82.56,0.58,70.99,0.6,60.0,0.61,71.0,0.4,60.0,0.39,71.0,0.41,82.56,0.42,70.99,0.01,0.01,2323.34524,1776231082000
1776231083.624,83.624,0.59,23.2,0.58,20.64,0.6,25.0,0.61,26.0,0.4,60.0,0.39,71.0,0.41,82.56,0.42,70.99,0.01,0.01,2323.34524,1776231082000
1776231083.984,83.984,0.59,23.2,0.58,20.64,0.6,25.0,0.61,26.0,0.4,25.0,0.39,26.0,0.41,23.2,0.42,20.64,0.01,0.01,2323.3452,1776231083000
1776231084.947,84.947,0.59,28.2,0.58,20.64,0.6,34.01,0.61,36.0,0.4,25.0,0.39,26.0,0.41,23.2,0.42,20.64,0.01,0.01,2323.3452,1776231083000
1776231085.999,85.999,0.59,33.2,0.58,20.64,0.6,22.31,0.61,36.0,0.4,22.31,0.39,36.0,0.41,33.2,0.42,20.64,0.01,0.01,2323.44266,1776231085000
1776231087.103,87.103,0.59,33.2,0.58,20.64,0.6,22.31,0.61,36.0,0.4,22.31,0.39,36.0,0.41,33.2,0.42,20.64,0.01,0.01,2323.35138,1776231086000
1776231087.811,87.811,0.59,2.09,0.58,10.0,0.6,33.0,0.61,20.0,0.4,22.31,0.39,36.0,0.41,33.2,0.42,20.64,0.01,0.01,2323.35138,1776231086000
1776231088.156,88.156,0.57,25.0,0.56,80.0,0.6,48.0,0.61,20.0,0.4,48.0,0.39,20.0,0.43,25.0,0.44,80.0,0.03,0.03,2323.404855,1776231087000
1776231089.275,89.275,0.57,25.0,0.56,80.0,0.6,48.0,0.61,20.0,0.4,48.0,0.39,20.0,0.43,25.0,0.44,80.0,0.03,0.03,2323.398185,1776231088000
1776231090.857,90.857,0.57,25.0,0.56,80.0,0.6,48.0,0.61,20.0,0.4,48.0,0.39,20.0,0.43,25.0,0.44,80.0,0.03,0.03,2323.313355,1776231089000
1776231091.397,91.397,0.57,25.0,0.56,80.0,0.6,48.0,0.61,20.0,0.4,48.0,0.39,20.0,0.43,25.0,0.44,80.0,0.03,0.03,2323.324845,1776231090000
1776231091.979,91.979,0.57,25.0,0.56,80.0,0.6,48.0,0.61,20.0,0.4,48.0,0.39,20.0,0.43,25.0,0.44,80.0,0.03,0.03,2323.386955,1776231091000
1776231093.03,93.03,0.61,31.0,0.6,29.64,0.62,38.12,0.63,15.0,0.38,38.12,0.37,15.0,0.39,31.0,0.4,29.64,0.01,0.01,2323.403255,1776231092000
1776231094.024,94.024,0.61,31.0,0.6,29.64,0.62,38.12,0.63,15.0,0.38,38.12,0.37,15.0,0.39,31.0,0.4,29.64,0.01,0.01,2323.435839,1776231093000
1776231095.005,95.005,0.61,31.0,0.6,29.64,0.62,38.12,0.63,15.0,0.38,38.12,0.37,15.0,0.39,31.0,0.4,29.64,0.01,0.01,2323.402495,1776231094000
1776231095.998,95.998,0.59,18.15,0.58,28.0,0.61,15.0,0.62,98.21,0.38,38.12,0.37,15.0,0.39,31.0,0.4,29.64,0.02,0.01,2323.402495,1776231094000
1776231096.39,96.39,0.57,17.0,0.56,73.0,0.59,93.0,0.6,70.0,0.39,20.0,0.38,80.21,0.41,3.51,0.42,28.0,0.02,0.02,2323.392495,1776231095000
1776231097.031,97.031,0.57,17.0,0.56,73.0,0.59,93.0,0.6,70.0,0.41,93.0,0.4,70.0,0.43,17.0,0.44,73.0,0.02,0.02,2323.39711,1776231096000
1776231098.097,98.097,0.57,17.0,0.56,73.0,0.59,93.0,0.6,70.0,0.41,93.0,0.4,70.0,0.43,17.0,0.44,73.0,0.02,0.02,2323.29957,1776231097000
1776231099.113,99.113,0.57,17.0,0.56,73.0,0.59,93.0,0.6,70.0,0.41,93.0,0.4,70.0,0.43,17.0,0.44,73.0,0.02,0.02,2323.24075,1776231098000
1776231099.378,99.378,0.57,51.08,0.56,88.0,0.6,10.0,0.61,21.0,0.41,93.0,0.4,70.0,0.43,17.0,0.44,73.0,0.03,0.02,2323.24075,1776231098000
1776231100.173,100.173,0.57,51.08,0.56,88.0,0.6,10.0,0.61,21.0,0.4,10.0,0.39,21.0,0.43,51.08,0.44,88.0,0.03,0.03,2323.200515,1776231099000
1776231101.176,101.176,0.57,51.08,0.56,88.0,0.6,10.0,0.61,21.0,0.4,10.0,0.39,21.0,0.43,51.08,0.44,88.0,0.03,0.03,2323.223015,1776231100000
1776231102.206,102.206,0.57,51.08,0.56,88.0,0.6,10.0,0.61,21.0,0.4,10.0,0.39,21.0,0.43,51.08,0.44,88.0,0.03,0.03,2323.303106,1776231101000
1776231103.234,103.234,0.57,51.08,0.56,88.0,0.6,10.0,0.61,21.0,0.4,10.0,0.39,21.0,0.43,51.08,0.44,88.0,0.03,0.03,2323.32183,1776231102000
1776231104.103,104.103,0.61,145.08,0.6,37.08,0.65,10.0,0.66,75.0,0.4,10.0,0.39,21.0,0.43,51.08,0.44,88.0,0.04,0.03,2323.32183,1776231102000
1776231104.358,104.358,0.61,145.08,0.6,37.08,0.65,10.0,0.66,75.0,0.35,10.0,0.34,75.0,0.39,145.08,0.4,37.08,0.04,0.04,2323.32326,1776231103000
1776231105.554,105.554,0.61,145.08,0.6,37.08,0.65,10.0,0.66,75.0,0.35,10.0,0.34,75.0,0.39,145.08,0.4,37.08,0.04,0.04,2323.32628,1776231104000
1776231106.194,106.194,0.61,145.08,0.6,37.08,0.65,10.0,0.66,75.0,0.35,10.0,0.34,75.0,0.39,145.08,0.4,37.08,0.04,0.04,2323.339098,1776231105000
1776231107.487,107.487,0.61,145.08,0.6,37.08,0.65,10.0,0.66,75.0,0.35,10.0,0.34,75.0,0.39,145.08,0.4,37.08,0.04,0.04,2323.4289,1776231106000
1776231108.162,108.162,0.61,145.08,0.6,37.08,0.65,10.0,0.66,75.0,0.35,10.0,0.34,75.0,0.39,145.08,0.4,37.08,0.04,0.04,2323.429355,1776231107000
1776231109.403,109.403,0.61,145.08,0.6,37.08,0.65,10.0,0.66,75.0,0.35,10.0,0.34,75.0,0.39,145.08,0.4,37.08,0.04,0.04,2323.43402,1776231108000
1776231110.072,110.072,0.61,145.08,0.6,37.08,0.65,10.0,0.66,75.0,0.35,10.0,0.34,75.0,0.39,145.08,0.4,37.08,0.04,0.04,2323.432605,1776231109000
1776231111.23,111.23,0.61,145.08,0.6,37.08,0.65,10.0,0.66,75.0,0.35,10.0,0.34,75.0,0.39,145.08,0.4,37.08,0.04,0.04,2323.433975,1776231110000
1776231112.524,112.524,0.61,145.08,0.6,37.08,0.65,10.0,0.66,75.0,0.35,10.0,0.34,75.0,0.39,145.08,0.4,37.08,0.04,0.04,2323.434015,1776231111000
1776231113.147,113.147,0.61,145.08,0.6,37.08,0.65,10.0,0.66,75.0,0.35,10.0,0.34,75.0,0.39,145.08,0.4,37.08,0.04,0.04,2323.42792,1776231112000
1776231113.909,113.909,0.61,7.43,0.6,10.0,0.62,50.0,0.63,36.0,0.35,10.0,0.34,75.0,0.39,145.08,0.4,37.08,0.01,0.04,2323.42792,1776231112000
1776231114.417,114.417,0.61,7.43,0.6,10.0,0.62,50.0,0.63,36.0,0.38,50.0,0.37,36.0,0.39,7.43,0.4,10.0,0.01,0.01,2323.416815,1776231113000
1776231114.888,114.888,0.61,7.43,0.6,10.0,0.62,50.0,0.63,36.0,0.38,50.0,0.37,36.0,0.39,7.43,0.4,10.0,0.01,0.01,2323.416815,1776231114000
1776231116.176,116.176,0.56,5.0,0.51,14.0,0.6,283.0,0.61,70.0,0.4,20.0,0.39,25.0,0.41,13.56,0.42,10.0,0.04,0.01,2323.416815,1776231114000
1776231116.464,116.464,0.46,9.24,0.45,15.0,0.5,121.1,0.51,15.0,0.5,27.1,0.49,20.2,0.51,6.02,0.54,10.87,0.04,0.01,2323.416815,1776231114000
1776231116.751,116.751,0.45,3.89,0.44,5.0,0.47,23.4,0.48,20.0,0.53,20.0,0.52,10.0,0.55,3.89,0.56,5.0,0.02,0.02,2323.416815,1776231114000
1776231117.092,117.092,0.41,10.0,0.4,10.0,0.45,88.0,0.46,20.0,0.54,10.0,0.53,28.4,0.56,5.0,0.58,10.0,0.04,0.02,2323.416815,1776231114000
1776231117.296,117.296,0.38,9.9,0.37,15.0,0.39,15.0,0.42,10.0,0.61,15.0,0.6,50.0,0.62,10.0,0.63,10.0,0.01,0.01,2323.416815,1776231114000
1776231117.71,117.71,0.38,24.9,0.37,15.0,0.39,3.3,0.4,10.0,0.61,3.3,0.6,20.0,0.62,24.9,0.63,15.0,0.01,0.01,2323.416815,1776231114000
1776231117.991,117.991,0.38,44.9,0.37,10.0,0.45,39.0,0.46,34.0,0.61,3.3,0.6,10.0,0.62,24.9,0.63,15.0,0.07,0.01,2323.416815,1776231114000
1776231118.285,118.285,0.43,20.0,0.42,10.0,0.45,18.88,0.46,22.0,0.55,39.0,0.54,34.0,0.62,44.9,0.63,10.0,0.02,0.07,2323.416815,1776231114000
1776231118.757,118.757,0.43,20.0,0.42,10.0,0.44,69.84,0.45,33.88,0.55,18.88,0.54,22.0,0.57,20.0,0.58,10.0,0.01,0.02,2323.416815,1776231114000
1776231119.209,119.209,0.43,25.0,0.42,10.0,0.44,26.11,0.45,3.88,0.56,46.69,0.55,33.88,0.57,20.0,0.58,10.0,0.01,0.01,2323.416815,1776231114000
1776231120.583,120.583,0.42,7.72,0.41,20.47,0.43,120.0,0.44,45.0,0.56,26.11,0.55,3.88,0.57,25.0,0.58,10.0,0.01,0.01,2323.416815,1776231114000
1776231121.644,121.644,0.38,11.23,0.31,71.8,0.39,35.0,0.4,35.0,0.57,125.74,0.56,45.0,0.58,7.72,0.59,20.47,0.01,0.01,2323.416815,1776231114000
1776231121.885,121.885,0.35,2.31,0.31,50.0,0.36,35.0,0.37,15.0,0.61,174.84,0.6,40.0,0.65,10.0,0.69,50.0,0.01,0.04,2323.416815,1776231114000
1776231122.129,122.129,0.35,2.31,0.34,15.0,0.36,105.0,0.37,20.0,0.64,107.22,0.63,20.0,0.65,2.31,0.69,50.0,0.01,0.01,2323.416815,1776231114000
1776231123.232,123.232,0.35,2.31,0.34,15.0,0.36,91.11,0.37,20.0,0.64,91.11,0.63,20.0,0.65,2.31,0.66,15.0,0.01,0.01,2322.399271,1776231122000
1776231123.577,123.577,0.41,14.77,0.4,19.0,0.42,10.0,0.43,39.43,0.62,5.0,0.58,10.0,0.64,45.0,0.65,24.0,0.01,0.02,2322.399271,1776231122000
1776231123.779,123.779,0.41,12.69,0.4,24.0,0.43,33.69,0.44,10.0,0.58,6.22,0.57,33.69,0.59,10.0,0.6,24.0,0.02,0.01,2322.399271,1776231122000
1776231124.242,124.242,0.41,12.69,0.4,24.0,0.43,33.69,0.44,10.0,0.57,33.69,0.56,10.0,0.59,12.69,0.6,24.0,0.02,0.02,2321.968612,1776231123000
1776231125.177,125.177,0.44,10.0,0.42,154.47,0.48,10.0,0.49,10.0,0.52,10.0,0.51,10.0,0.56,10.0,0.58,154.47,0.04,0.04,2321.94199,1776231124000
1776231126.179,126.179,0.46,77.35,0.45,23.0,0.47,15.0,0.48,15.0,0.53,15.0,0.52,15.0,0.54,77.35,0.55,23.0,0.01,0.01,2322.362706,1776231125000
1776231126.416,126.416,0.46,74.35,0.45,23.0,0.47,4.8,0.48,5.0,0.53,15.0,0.52,15.0,0.54,77.35,0.55,23.0,0.01,0.01,2322.362706,1776231125000
1776231126.657,126.657,0.46,156.35,0.45,34.0,0.47,0.18,0.51,5.0,0.53,4.8,0.52,5.0,0.54,74.35,0.55,23.0,0.01,0.01,2322.362706,1776231125000
1776231127.171,127.171,0.5,10.0,0.49,24.0,0.52,4.88,0.53,10.0,0.48,4.88,0.47,10.0,0.5,10.0,0.51,24.0,0.02,0.02,2322.428038,1776231126000
1776231127.374,127.374,0.51,51.0,0.5,25.47,0.52,10.0,0.53,5.0,0.48,4.88,0.47,10.0,0.5,10.0,0.51,24.0,0.01,0.02,2322.428038,1776231126000
1776231128.082,128.082,0.51,51.0,0.5,25.47,0.52,10.0,0.53,5.0,0.48,10.0,0.47,5.0,0.49,51.0,0.5,25.47,0.01,0.01,2322.59061,1776231127000
1776231128.655,128.655,0.52,28.0,0.51,122.47,0.53,6.85,0.56,15.0,0.48,10.0,0.47,5.0,0.49,51.0,0.5,25.47,0.01,0.01,2322.59061,1776231127000
1776231129.132,129.132,0.52,28.0,0.51,122.47,0.53,6.85,0.56,15.0,0.47,6.85,0.44,15.0,0.48,28.0,0.49,122.47,0.01,0.01,2322.687125,1776231128000
1776231130.056,130.056,0.52,28.0,0.51,122.47,0.53,6.85,0.56,15.0,0.47,6.85,0.44,15.0,0.48,28.0,0.49,122.47,0.01,0.01,2322.802195,1776231129000
1776231130.332,130.332,0.59,13.17,0.58,10.0,0.62,10.0,0.63,15.0,0.38,0.28,0.37,5.0,0.44,40.0,0.45,18.0,0.03,0.06,2322.802195,1776231129000
1776231130.961,130.961,0.6,10.0,0.59,13.17,0.61,4.91,0.62,10.0,0.39,4.91,0.38,10.0,0.4,10.0,0.41,13.17,0.01,0.01,2322.83592,1776231130000
1776231131.243,131.243,0.61,2.91,0.6,10.0,0.62,2.43,0.63,10.0,0.35,2.21,0.34,15.0,0.39,12.91,0.4,10.0,0.01,0.04,2322.83592,1776231130000
1776231131.461,131.461,0.61,10.0,0.59,6.08,0.63,15.28,0.64,10.0,0.37,10.0,0.35,2.21,0.41,6.08,0.42,10.0,0.02,0.04,2322.83592,1776231130000
1776231131.939,131.939,0.61,10.0,0.59,6.08,0.63,15.28,0.64,10.0,0.37,15.28,0.36,10.0,0.39,10.0,0.41,6.08,0.02,0.02,2322.955492,1776231131000
1776231132.21,132.21,0.61,5.0,0.6,10.0,0.62,25.0,0.63,20.0,0.37,15.28,0.36,10.0,0.39,10.0,0.41,6.08,0.01,0.02,2322.955492,1776231131000
1776231132.547,132.547,0.61,5.0,0.6,10.0,0.62,26.09,0.63,20.0,0.38,25.0,0.37,20.0,0.39,5.0,0.4,10.0,0.01,0.01,2322.955492,1776231131000
1776231132.936,132.936,0.61,25.0,0.6,15.0,0.62,17.31,0.63,15.0,0.38,26.09,0.37,20.0,0.39,5.0,0.4,10.0,0.01,0.01,2322.955492,1776231131000
1776231133.516,133.516,0.61,25.0,0.6,15.0,0.62,17.31,0.63,15.0,0.38,17.31,0.37,15.0,0.39,25.0,0.4,15.0,0.01,0.01,2323.264075,1776231132000
1776231134.058,134.058,0.61,25.0,0.6,15.0,0.62,17.31,0.63,15.0,0.38,17.31,0.37,15.0,0.39,25.0,0.4,15.0,0.01,0.01,2323.277135,1776231133000
1776231135.031,135.031,0.61,25.0,0.6,15.0,0.62,17.31,0.63,15.0,0.38,17.31,0.37,15.0,0.39,25.0,0.4,15.0,0.01,0.01,2323.291135,1776231134000
1776231135.405,135.405,0.51,7.0,0.48,13.0,0.52,15.0,0.53,10.0,0.4,10.0,0.39,74.0,0.49,23.0,0.5,13.0,0.01,0.09,2323.291135,1776231134000
1776231135.629,135.629,0.51,2.0,0.48,13.0,0.53,11.41,0.54,25.0,0.48,15.0,0.47,10.0,0.49,7.0,0.52,13.0,0.02,0.01,2323.291135,1776231134000
1776231136.022,136.022,0.51,64.79,0.5,10.0,0.53,26.41,0.54,15.0,0.47,26.41,0.46,15.0,0.49,64.79,0.5,10.0,0.02,0.02,2323.30132,1776231135000
1776231136.569,136.569,0.52,30.0,0.51,73.26,0.53,36.41,0.54,25.0,0.47,26.41,0.46,15.0,0.49,64.79,0.5,10.0,0.01,0.02,2323.30132,1776231135000
1776231137.09,137.09,0.52,30.0,0.51,73.26,0.53,36.41,0.54,25.0,0.47,36.41,0.46,25.0,0.48,30.0,0.49,73.26,0.01,0.01,2323.010779,1776231136000
1776231137.502,137.502,0.44,6.0,0.3,300.0,0.53,170.41,0.54,25.0,0.47,36.41,0.46,25.0,0.48,30.0,0.49,73.26,0.09,0.01,2323.010779,1776231136000
1776231138.019,138.019,0.26,77.0,0.25,24.2,0.27,40.37,0.28,21.0,0.54,4.25,0.53,25.0,0.64,30.0,0.7,291.72,0.01,0.1,2323.010779,1776231136000
1776231138.304,138.304,0.26,81.0,0.25,29.2,0.27,40.37,0.28,15.0,0.73,40.37,0.72,21.0,0.74,77.0,0.75,24.2,0.01,0.01,2322.922569,1776231137000
1776231138.535,138.535,0.26,83.68,0.25,29.2,0.27,35.37,0.28,15.0,0.73,35.37,0.72,15.0,0.74,81.0,0.75,29.2,0.01,0.01,2322.922569,1776231137000
1776231138.837,138.837,0.26,88.68,0.25,164.2,0.3,9.76,0.31,10.0,0.73,35.37,0.72,15.0,0.74,83.68,0.75,29.2,0.04,0.01,2322.922569,1776231137000
1776231139.042,139.042,0.31,11.24,0.27,35.0,0.32,10.0,0.33,15.0,0.71,9.0,0.7,9.76,0.73,40.0,0.74,83.68,0.01,0.02,2322.922569,1776231137000
1776231139.27,139.27,0.31,84.3,0.3,100.0,0.32,10.0,0.33,15.0,0.68,10.0,0.67,15.0,0.69,86.26,0.7,100.0,0.01,0.01,2321.72668,1776231138000
1776231139.652,139.652,0.27,23.46,0.26,18.68,0.28,15.0,0.29,10.0,0.68,10.0,0.67,15.0,0.69,84.3,0.7,100.0,0.01,0.01,2321.72668,1776231138000
1776231139.871,139.871,0.27,81.04,0.26,83.68,0.31,10.0,0.32,15.0,0.72,15.0,0.71,10.0,0.73,23.46,0.74,18.68,0.04,0.01,2321.72668,1776231138000
1776231140.096,140.096,0.27,81.04,0.26,83.68,0.31,10.0,0.32,15.0,0.69,10.0,0.68,15.0,0.73,81.04,0.74,83.68,0.04,0.04,2321.506687,1776231139000
1776231140.855,140.855,0.3,109.57,0.29,30.0,0.31,35.0,0.32,10.0,0.69,10.0,0.68,15.0,0.73,81.04,0.74,83.68,0.01,0.04,2321.506687,1776231139000
1776231141.126,141.126,0.3,109.57,0.29,30.0,0.31,35.0,0.32,10.0,0.69,35.0,0.68,10.0,0.7,109.57,0.71,30.0,0.01,0.01,2321.471115,1776231140000
1776231142.079,142.079,0.3,109.57,0.29,30.0,0.31,35.0,0.32,10.0,0.69,35.0,0.68,10.0,0.7,109.57,0.71,30.0,0.01,0.01,2321.627677,1776231141000
1776231142.314,142.314,0.3,124.57,0.29,185.0,0.31,15.0,0.33,15.0,0.69,35.0,0.68,10.0,0.7,109.57,0.71,30.0,0.01,0.01,2321.627677,1776231141000
1776231142.564,142.564,0.32,151.74,0.31,85.0,0.33,7.83,0.34,10.0,0.67,2.83,0.66,10.0,0.68,53.0,0.69,90.0,0.01,0.01,2321.627677,1776231141000
1776231143.003,143.003,0.32,148.5,0.31,85.0,0.33,17.83,0.34,10.0,0.67,7.83,0.66,10.0,0.68,151.74,0.69,85.0,0.01,0.01,2321.627677,1776231141000
1776231143.839,143.839,0.32,194.5,0.31,90.0,0.35,10.0,0.36,10.0,0.67,17.83,0.66,10.0,0.68,148.5,0.69,85.0,0.03,0.01,2321.756067,1776231142000
1776231144.519,144.519,0.28,25.0,0.27,43.3,0.33,119.0,0.34,10.0,0.65,3.0,0.64,10.0,0.68,110.5,0.69,95.0,0.05,0.03,2321.732245,1776231143000
1776231144.899,144.899,0.26,22.28,0.25,44.2,0.29,22.0,0.3,27.0,0.71,22.0,0.7,27.0,0.74,22.28,0.75,44.2,0.03,0.03,2321.883231,1776231144000
1776231145.529,145.529,0.24,118.34,0.23,45.3,0.25,22.0,0.26,18.0,0.73,78.0,0.72,15.0,0.76,19.34,0.77,45.3,0.01,0.03,2321.883231,1776231144000
1776231145.971,145.971,0.24,28.34,0.23,20.3,0.26,1.69,0.27,40.0,0.73,10.0,0.72,5.0,0.74,28.0,0.76,123.34,0.02,0.01,2321.883231,1776231144000
1776231146.354,146.354,0.24,38.27,0.23,25.3,0.25,10.0,0.26,1.69,0.75,10.0,0.74,1.69,0.76,38.27,0.77,25.3,0.01,0.01,2321.881189,1776231145000
1776231146.772,146.772,0.24,15.27,0.23,30.3,0.25,10.0,0.26,10.0,0.73,3.77,0.72,10.0,0.76,43.27,0.77,43.3,0.01,0.03,2321.881189,1776231145000
1776231147.307,147.307,0.24,10.27,0.23,10.0,0.25,4.0,0.26,10.0,0.75,10.0,0.74,10.0,0.76,15.27,0.77,30.3,0.01,0.01,2321.749398,1776231146000
1776231147.89,147.89,0.24,10.27,0.23,10.0,0.25,4.0,0.26,10.0,0.75,4.0,0.74,10.0,0.76,10.27,0.77,10.0,0.01,0.01,2321.451555,1776231147000
1776231148.115,148.115,0.24,13.0,0.23,10.0,0.25,4.0,0.26,10.0,0.75,4.0,0.74,10.0,0.76,10.27,0.77,10.0,0.01,0.01,2321.451555,1776231147000
1776231148.863,148.863,0.24,13.0,0.23,10.0,0.25,4.0,0.26,10.0,0.75,4.0,0.74,10.0,0.76,13.0,0.77,10.0,0.01,0.01,2321.336526,1776231148000
1776231149.895,149.895,0.24,13.0,0.23,10.0,0.25,4.0,0.26,10.0,0.75,4.0,0.74,10.0,0.76,13.0,0.77,10.0,0.01,0.01,2321.514705,1776231149000
1776231150.461,150.461,0.24,6.76,0.23,10.0,0.25,19.0,0.26,15.0,0.75,4.0,0.74,10.0,0.76,13.0,0.77,10.0,0.01,0.01,2321.514705,1776231149000
1776231150.835,150.835,0.23,10.0,0.22,101.38,0.25,44.0,0.26,15.0,0.75,44.0,0.74,15.0,0.77,10.0,0.78,101.38,0.02,0.02,2321.492212,1776231150000
1776231151.261,151.261,0.13,3.96,0.12,313.45,0.14,10.0,0.15,20.88,0.84,50.0,0.82,35.0,0.87,7.0,0.88,303.45,0.01,0.03,2321.492212,1776231150000
1776231151.514,151.514,0.13,27.7,0.12,305.77,0.14,15.0,0.15,15.0,0.86,20.0,0.85,15.0,0.87,28.85,0.88,305.77,0.01,0.01,2321.492212,1776231150000
1776231151.894,151.894,0.13,27.7,0.12,314.18,0.15,10.0,0.16,5.0,0.85,10.0,0.84,5.0,0.87,27.7,0.88,314.18,0.02,0.02,2321.314465,1776231151000
1776231152.204,152.204,0.14,29.3,0.13,12.7,0.17,15.58,0.18,40.0,0.84,13.43,0.83,15.0,0.86,29.3,0.87,12.7,0.03,0.02,2321.314465,1776231151000
1776231152.816,152.816,0.14,13.6,0.13,12.7,0.15,5.0,0.17,15.58,0.85,5.0,0.83,15.58,0.86,13.6,0.87,12.7,0.01,0.01,2320.814327,1776231152000
1776231153.221,153.221,0.14,1.97,0.13,79.72,0.15,1.47,0.16,15.0,0.85,1.47,0.84,10.0,0.86,13.6,0.87,79.72,0.01,0.01,2320.814327,1776231152000
1776231153.456,153.456,0.16,13.53,0.14,71.97,0.17,10.0,0.18,52.0,0.85,1.47,0.84,15.0,0.86,1.97,0.87,79.72,0.01,0.01,2320.814327,1776231152000
1776231153.663,153.663,0.16,11.42,0.14,10.0,0.17,10.0,0.18,52.0,0.83,10.0,0.82,52.0,0.84,14.64,0.86,10.0,0.01,0.01,2320.814327,1776231152000
1776231154.052,154.052,0.14,3.5,0.13,111.52,0.15,20.0,0.16,15.0,0.83,10.0,0.82,52.0,0.84,11.42,0.86,10.0,0.01,0.01,2320.614655,1776231153000
1776231154.393,154.393,0.13,136.52,0.12,364.87,0.15,8.32,0.16,15.0,0.85,7.43,0.84,15.0,0.86,3.5,0.87,111.52,0.02,0.01,2320.614655,1776231153000
1776231154.815,154.815,0.13,127.62,0.12,364.87,0.15,13.32,0.16,15.0,0.85,13.32,0.84,15.0,0.87,127.62,0.88,364.87,0.02,0.02,2320.527637,1776231154000
1776231155.165,155.165,0.13,140.38,0.12,364.87,0.14,22.13,0.15,23.32,0.85,13.32,0.84,15.0,0.87,127.62,0.88,364.87,0.01,0.02,2320.527637,1776231154000
1776231155.386,155.386,0.13,99.47,0.12,364.87,0.14,22.13,0.15,23.32,0.86,22.13,0.85,23.32,0.87,140.38,0.88,364.87,0.01,0.01,2320.527637,1776231154000
1776231155.71,155.71,0.13,84.72,0.12,364.87,0.14,22.13,0.15,23.32,0.86,22.13,0.85,23.32,0.87,99.47,0.88,364.87,0.01,0.01,2320.527637,1776231154000
1776231155.964,155.964,0.12,294.54,0.11,10.0,0.13,10.0,0.14,137.13,0.86,22.13,0.85,23.32,0.87,84.72,0.88,364.87,0.01,0.01,2320.529293,1776231155000
1776231156.171,156.171,0.12,85.69,0.11,10.0,0.13,121.0,0.14,71.13,0.87,121.0,0.86,53.13,0.88,135.69,0.89,10.0,0.01,0.01,2320.529293,1776231155000
1776231156.628,156.628,0.08,87.67,0.07,35.0,0.09,109.0,0.1,16.0,0.93,266.0,0.91,178.78,0.94,123.8,0.95,100.8,0.01,0.01,2320.529293,1776231155000
1776231156.932,156.932,0.08,103.0,0.07,191.55,0.09,56.0,0.1,11.0,0.91,111.0,0.9,11.0,0.92,118.67,0.93,35.0,0.01,0.01,2320.529293,1776231155000
1776231157.23,157.23,0.09,126.0,0.08,75.0,0.1,10.57,0.12,10.0,0.9,11.0,0.88,15.0,0.92,103.0,0.93,221.55,0.01,0.02,2320.529293,1776231155000
1776231157.43,157.43,0.11,10.0,0.1,116.0,0.14,28.13,0.15,10.0,0.86,32.13,0.85,10.0,0.89,10.0,0.9,80.0,0.03,0.03,2320.436724,1776231156000
1776231157.807,157.807,0.12,87.63,0.11,180.0,0.13,10.0,0.14,10.0,0.87,5.0,0.86,5.0,0.88,74.0,0.89,150.0,0.01,0.01,2320.436724,1776231156000
1776231158.174,158.174,0.12,51.26,0.11,175.0,0.13,15.0,0.14,65.0,0.86,15.0,0.85,20.0,0.87,28.87,0.88,104.67,0.01,0.01,2320.436724,1776231156000
1776231158.384,158.384,0.12,48.26,0.11,175.0,0.13,80.91,0.14,55.0,0.87,90.53,0.86,50.0,0.88,48.26,0.89,175.0,0.01,0.01,2320.436724,1776231156000
1776231158.913,158.913,0.11,175.0,0.1,138.0,0.13,85.91,0.14,50.0,0.87,85.91,0.86,50.0,0.89,175.0,0.9,138.0,0.02,0.02,2319.87805,1776231157000
1776231159.233,159.233,0.11,3.0,0.1,10.0,0.12,66.55,0.13,70.91,0.87,85.91,0.86,50.0,0.89,175.0,0.9,138.0,0.01,0.02,2319.87805,1776231157000
1776231159.488,159.488,0.09,6.9,0.08,16.47,0.1,49.41,0.11,56.0,0.9,28.0,0.89,105.48,0.91,7.0,0.92,10.0,0.01,0.01,2319.87805,1776231157000
1776231159.742,159.742,0.08,10.0,0.07,40.0,0.09,393.1,0.1,236.32,0.9,214.22,0.89,46.0,0.91,6.9,0.92,10.0,0.01,0.01,2320.17057,1776231158000
1776231159.971,159.971,0.08,15.0,0.07,35.0,0.09,25.41,0.1,220.91,0.91,393.1,0.9,236.32,0.92,10.0,0.93,40.0,0.01,0.01,2320.17057,1776231158000
1776231160.283,160.283,0.08,15.0,0.07,35.0,0.09,25.41,0.1,220.91,0.91,25.41,0.9,220.91,0.92,15.0,0.93,35.0,0.01,0.01,2320.088018,1776231159000
1776231160.563,160.563,0.08,52.19,0.07,35.0,0.09,12.34,0.1,235.91,0.91,25.41,0.9,220.91,0.92,15.0,0.93,35.0,0.01,0.01,2320.088018,1776231159000
1776231161.016,161.016,0.07,35.0,0.06,98.8,0.08,223.96,0.09,12.34,0.92,223.96,0.91,12.34,0.93,35.0,0.94,98.8,0.01,0.01,2319.87305,1776231160000
1776231161.368,161.368,0.07,56.77,0.06,231.13,0.08,28.7,0.09,5.0,0.92,18.7,0.9,49.0,0.93,59.42,0.94,231.13,0.01,0.01,2319.87305,1776231160000
1776231161.714,161.714,0.07,53.04,0.06,231.13,0.08,18.7,0.1,33.0,0.92,18.7,0.91,5.0,0.93,70.69,0.94,231.13,0.01,0.01,2319.87305,1776231160000
1776231162.107,162.107,0.07,48.04,0.06,231.13,0.08,3.01,0.1,33.0,0.92,3.01,0.9,33.0,0.93,48.04,0.94,231.13,0.01,0.01,2319.43233,1776231161000
1776231162.455,162.455,0.08,4.0,0.07,73.34,0.09,25.0,0.1,38.0,0.92,3.01,0.9,33.0,0.93,48.04,0.94,231.13,0.01,0.01,2319.43233,1776231161000
1776231163.293,163.293,0.08,4.0,0.07,73.34,0.09,25.0,0.1,38.0,0.91,25.0,0.9,38.0,0.92,4.0,0.93,73.34,0.01,0.01,2319.47631,1776231162000
1776231164.443,164.443,0.08,6.32,0.07,58.92,0.09,70.0,0.1,48.0,0.91,70.0,0.9,48.0,0.92,6.32,0.93,58.92,0.01,0.01,2319.681917,1776231163000
1776231164.945,164.945,0.08,6.32,0.07,58.92,0.09,70.0,0.1,48.0,0.91,70.0,0.9,48.0,0.92,6.32,0.93,58.92,0.01,0.01,2319.631395,1776231164000
1776231165.219,165.219,0.08,15.8,0.07,63.92,0.09,40.0,0.1,48.0,0.91,70.0,0.9,48.0,0.92,6.32,0.93,58.92,0.01,0.01,2319.631395,1776231164000
1776231165.47,165.47,0.08,1.54,0.07,63.92,0.09,35.0,0.1,20.0,0.91,40.0,0.9,48.0,0.92,12.66,0.93,63.92,0.01,0.01,2319.631395,1776231164000
1776231165.715,165.715,0.07,8.62,0.06,15.0,0.09,43.0,0.1,50.0,0.91,42.0,0.9,20.0,0.92,1.54,0.93,8.62,0.02,0.01,2319.631395,1776231164000
1776231165.994,165.994,0.06,15.0,0.05,30.0,0.07,385.33,0.08,240.81,0.93,385.33,0.92,240.81,0.94,15.0,0.95,30.0,0.01,0.01,2319.527575,1776231165000
1776231166.344,166.344,0.06,9.68,0.05,30.0,0.07,49.0,0.08,55.0,0.93,385.33,0.92,240.81,0.94,15.0,0.95,30.0,0.01,0.01,2319.527575,1776231165000
1776231167.14,167.14,0.06,9.68,0.05,30.0,0.07,49.0,0.08,55.0,0.93,49.0,0.92,55.0,0.94,9.68,0.95,30.0,0.01,0.01,2319.51116,1776231166000
1776231168.184,168.184,0.05,30.0,0.04,128.8,0.06,214.54,0.07,244.81,0.94,214.54,0.93,244.81,0.95,30.0,0.96,128.8,0.01,0.01,2319.099005,1776231167000
1776231168.535,168.535,0.05,25.2,0.04,128.8,0.06,57.0,0.07,244.81,0.94,266.58,0.93,625.18,0.95,25.0,0.96,128.8,0.01,0.01,2319.099005,1776231167000
1776231169.336,169.336,0.05,17.36,0.04,128.8,0.06,271.58,0.07,254.81,0.94,271.58,0.93,254.81,0.95,17.36,0.96,128.8,0.01,0.01,2318.809945,1776231168000
1776231169.694,169.694,0.05,7.56,0.04,128.8,0.06,25.0,0.07,287.58,0.94,271.58,0.93,254.81,0.95,17.36,0.96,128.8,0.01,0.01,2318.809945,1776231168000
1776231170.644,170.644,0.05,95.8,0.04,253.8,0.06,27.67,0.07,307.58,0.94,25.0,0.93,287.58,0.95,7.56,0.96,128.8,0.01,0.01,2318.7991,1776231169000
1776231170.927,170.927,0.05,25.8,0.04,253.8,0.06,22.67,0.07,302.58,0.94,27.67,0.93,307.58,0.95,65.8,0.96,253.8,0.01,0.01,2318.7991,1776231169000
1776231171.727,171.727,0.05,7.8,0.04,258.8,0.06,12.67,0.07,302.58,0.94,22.67,0.93,302.58,0.95,25.8,0.96,253.8,0.01,0.01,2318.746905,1776231170000
1776231172.052,172.052,0.05,7.8,0.04,258.8,0.06,12.67,0.07,302.58,0.94,12.67,0.93,302.58,0.95,7.8,0.96,258.8,0.01,0.01,2318.956877,1776231171000
1776231172.432,172.432,0.04,85.3,0.03,439.7,0.06,17.67,0.07,307.58,0.94,12.67,0.93,302.58,0.95,7.8,0.96,258.8,0.02,0.01,2318.956877,1776231171000
1776231172.828,172.828,0.06,24.0,0.05,70.0,0.07,50.0,0.08,49.0,0.94,17.67,0.93,307.58,0.96,85.3,0.97,439.7,0.01,0.02,2318.956877,1776231171000
1776231173.205,173.205,0.05,24.0,0.04,219.1,0.07,65.0,0.08,49.0,0.93,50.0,0.92,49.0,0.94,24.0,0.95,70.0,0.02,0.01,2318.956877,1776231171000
1776231173.484,173.484,0.05,24.0,0.04,219.1,0.07,65.0,0.08,49.0,0.93,65.0,0.92,49.0,0.95,24.0,0.96,219.1,0.02,0.02,2319.068743,1776231172000
1776231173.843,173.843,0.06,20.0,0.05,49.0,0.07,17.0,0.08,15.0,0.93,65.0,0.92,49.0,0.95,24.0,0.96,219.1,0.01,0.02,2319.068743,1776231172000
1776231174.711,174.711,0.06,18.94,0.05,207.68,0.08,5.0,0.09,24.61,0.93,17.0,0.92,15.0,0.94,20.0,0.95,49.0,0.02,0.01,2319.068743,1776231173000
1776231175.052,175.052,0.06,18.94,0.05,207.68,0.08,5.0,0.09,24.61,0.92,5.0,0.91,24.61,0.94,18.94,0.95,207.68,0.02,0.02,2319.25448,1776231174000
1776231175.34,175.34,0.07,13.38,0.06,18.94,0.08,20.0,0.09,29.61,0.92,5.0,0.91,24.61,0.94,18.94,0.95,207.68,0.01,0.02,2319.25448,1776231174000
1776231175.555,175.555,0.07,10.15,0.06,78.8,0.08,20.0,0.09,29.61,0.92,20.0,0.91,29.61,0.93,11.77,0.94,154.74,0.01,0.01,2319.25448,1776231174000
1776231175.964,175.964,0.06,108.8,0.05,335.66,0.08,10.61,0.09,20.0,0.92,10.61,0.91,20.0,0.94,108.8,0.95,335.66,0.02,0.02,2319.491398,1776231175000
1776231176.712,176.712,0.04,103.8,0.03,454.7,0.06,82.55,0.07,76.0,0.92,10.61,0.91,20.0,0.94,108.8,0.95,335.66,0.02,0.02,2319.491398,1776231175000
1776231176.942,176.942,0.04,103.8,0.03,454.7,0.06,82.55,0.07,76.0,0.94,82.55,0.93,76.0,0.96,103.8,0.97,454.7,0.02,0.02,2319.85505,1776231176000
1776231177.568,177.568,0.04,153.2,0.03,439.7,0.05,57.93,0.06,77.55,0.95,52.93,0.94,77.55,0.96,364.59,0.97,464.7,0.01,0.01,2319.85505,1776231176000
1776231177.942,177.942,0.04,153.2,0.03,439.7,0.05,32.93,0.06,77.55,0.95,32.93,0.94,77.55,0.96,153.2,0.97,439.7,0.01,0.01,2319.864425,1776231177000
1776231178.51,178.51,0.04,143.2,0.03,429.7,0.05,27.93,0.06,47.55,0.95,32.93,0.94,47.55,0.96,138.2,0.97,429.7,0.01,0.01,2319.864425,1776231177000
1776231178.981,178.981,0.04,143.2,0.03,429.7,0.05,27.93,0.06,47.55,0.95,27.93,0.94,47.55,0.96,143.2,0.97,429.7,0.01,0.01,2319.597386,1776231178000
1776231179.249,179.249,0.04,23.0,0.03,453.32,0.05,25.93,0.06,47.55,0.95,47.93,0.94,42.55,0.96,23.0,0.97,439.7,0.01,0.01,2319.597386,1776231178000
1776231179.9,179.9,0.04,16.0,0.03,525.11,0.05,8.93,0.06,52.55,0.95,25.93,0.94,47.55,0.96,16.0,0.97,453.32,0.01,0.01,2319.597386,1776231178000
1776231180.373,180.373,0.04,15.79,0.03,674.11,0.06,92.55,0.07,41.0,0.95,8.93,0.94,52.55,0.96,16.0,0.97,525.11,0.02,0.01,2319.31182,1776231179000
1776231180.914,180.914,0.04,15.79,0.03,674.11,0.06,92.55,0.07,41.0,0.94,92.55,0.93,41.0,0.96,15.79,0.97,674.11,0.02,0.02,2319.253851,1776231180000
1776231181.492,181.492,0.04,156.01,0.03,714.91,0.05,10.0,0.06,58.17,0.94,92.55,0.93,41.0,0.96,15.79,0.97,674.11,0.01,0.02,2319.253851,1776231180000
1776231181.814,181.814,0.04,160.01,0.03,714.91,0.05,15.0,0.06,53.17,0.95,10.0,0.94,58.17,0.96,156.01,0.97,714.91,0.01,0.01,2319.253851,1776231180000
1776231182.979,182.979,0.04,160.01,0.03,714.91,0.05,15.0,0.06,53.17,0.95,15.0,0.94,53.17,0.96,160.01,0.97,714.91,0.01,0.01,2319.367125,1776231182000
1776231183.902,183.902,0.04,160.01,0.03,714.91,0.05,15.0,0.06,53.17,0.95,15.0,0.94,53.17,0.96,160.01,0.97,714.91,0.01,0.01,2319.36013,1776231183000
1776231184.866,184.866,0.04,155.01,0.03,714.91,0.06,40.62,0.07,15.0,0.95,15.0,0.94,53.17,0.96,160.01,0.97,714.91,0.02,0.01,2319.36013,1776231183000
1776231185.09,185.09,0.05,4.73,0.04,108.8,0.06,45.62,0.07,35.0,0.94,40.62,0.93,15.0,0.96,155.01,0.97,714.91,0.01,0.02,2319.441427,1776231184000
1776231186.581,186.581,0.04,108.27,0.03,560.91,0.06,50.62,0.07,35.0,0.94,50.62,0.93,35.0,0.96,108.27,0.97,560.91,0.02,0.02,2319.500504,1776231185000
1776231187.319,187.319,0.04,108.27,0.03,560.91,0.06,50.62,0.07,35.0,0.94,50.62,0.93,35.0,0.96,108.27,0.97,560.91,0.02,0.02,2319.521091,1776231186000
1776231187.997,187.997,0.04,108.27,0.03,560.91,0.06,50.62,0.07,35.0,0.94,50.62,0.93,35.0,0.96,108.27,0.97,560.91,0.02,0.02,2319.507505,1776231187000
1776231188.682,188.682,0.05,103.85,0.04,202.07,0.06,25.62,0.07,10.0,0.94,50.62,0.93,35.0,0.96,108.27,0.97,560.91,0.01,0.02,2319.507505,1776231187000
1776231189.375,189.375,0.06,18.38,0.05,50.0,0.07,10.0,0.08,5.0,0.93,10.0,0.92,5.0,0.94,18.38,0.95,50.0,0.01,0.01,2319.68189,1776231188000
1776231189.773,189.773,0.07,48.0,0.06,28.38,0.08,2.0,0.09,10.0,0.92,5.0,0.91,10.0,0.93,23.0,0.94,70.38,0.01,0.01,2319.68189,1776231188000
1776231190.183,190.183,0.07,48.0,0.06,28.38,0.08,2.0,0.09,10.0,0.92,2.0,0.91,10.0,0.93,48.0,0.94,28.38,0.01,0.01,2319.743185,1776231189000
1776231190.746,190.746,0.07,76.92,0.06,202.18,0.08,12.0,0.1,5.0,0.92,2.0,0.91,10.0,0.93,48.0,0.94,28.38,0.01,0.01,2319.743185,1776231189000
1776231191.289,191.289,0.08,22.0,0.07,81.92,0.09,5.0,0.1,5.0,0.91,5.0,0.9,5.0,0.92,22.0,0.93,81.92,0.01,0.01,2319.85364,1776231190000
1776231192.573,192.573,0.08,22.0,0.07,81.92,0.09,5.0,0.1,5.0,0.91,5.0,0.9,5.0,0.92,22.0,0.93,81.92,0.01,0.01,2320.126071,1776231191000
1776231192.843,192.843,0.08,165.6,0.07,157.0,0.09,15.0,0.1,5.0,0.91,5.0,0.9,5.0,0.92,22.0,0.93,81.92,0.01,0.01,2320.126071,1776231191000
1776231193.134,193.134,0.08,149.09,0.07,152.0,0.09,15.0,0.1,15.0,0.91,15.0,0.9,5.0,0.92,165.6,0.93,157.0,0.01,0.01,2320.126071,1776231191000
1776231193.433,193.433,0.08,149.09,0.07,152.0,0.09,15.0,0.1,15.0,0.91,15.0,0.9,15.0,0.92,149.09,0.93,152.0,0.01,0.01,2320.221425,1776231192000
1776231193.992,193.992,0.08,149.09,0.07,152.0,0.09,15.0,0.1,15.0,0.91,15.0,0.9,15.0,0.92,149.09,0.93,152.0,0.01,0.01,2320.26572,1776231193000
1776231195.213,195.213,0.08,140.55,0.07,88.0,0.09,15.0,0.1,15.0,0.91,15.0,0.9,15.0,0.92,149.09,0.93,152.0,0.01,0.01,2320.26572,1776231193000
1776231195.932,195.932,0.08,176.55,0.07,63.0,0.09,3.88,0.1,5.0,0.91,15.0,0.9,15.0,0.92,140.55,0.93,88.0,0.01,0.01,2320.222365,1776231194000
1776231196.398,196.398,0.09,10.0,0.08,3.08,0.1,10.0,0.11,36.0,0.91,3.88,0.9,5.0,0.92,176.55,0.93,63.0,0.01,0.01,2320.222365,1776231194000
1776231197.204,197.204,0.09,10.0,0.08,3.08,0.1,10.0,0.11,36.0,0.9,10.0,0.89,36.0,0.91,10.0,0.92,3.08,0.01,0.01,2320.21058,1776231196000
1776231198.407,198.407,0.09,10.0,0.08,3.08,0.1,10.0,0.11,36.0,0.9,10.0,0.89,36.0,0.91,10.0,0.92,3.08,0.01,0.01,2320.3112,1776231197000
1776231198.639,198.639,0.09,52.97,0.08,53.08,0.1,8.0,0.11,41.0,0.9,10.0,0.89,36.0,0.91,10.0,0.92,3.08,0.01,0.01,2320.3112,1776231197000
1776231198.954,198.954,0.09,52.97,0.08,53.08,0.1,8.0,0.11,41.0,0.9,8.0,0.89,41.0,0.91,52.97,0.92,53.08,0.01,0.01,2320.303805,1776231198000
1776231199.48,199.48,0.09,35.99,0.08,53.08,0.1,5.0,0.11,49.0,0.9,8.0,0.89,41.0,0.91,52.97,0.92,53.08,0.01,0.01,2320.303805,1776231198000
1776231200.348,200.348,0.09,35.99,0.08,53.08,0.1,5.0,0.11,49.0,0.9,5.0,0.89,49.0,0.91,35.99,0.92,53.08,0.01,0.01,2320.34334,1776231199000
1776231201.149,201.149,0.09,45.46,0.08,53.08,0.1,51.71,0.11,41.0,0.9,51.71,0.89,41.0,0.91,45.46,0.92,53.08,0.01,0.01,2320.338435,1776231200000
1776231201.423,201.423,0.09,60.44,0.08,53.08,0.1,61.71,0.11,41.0,0.9,51.71,0.89,41.0,0.91,45.46,0.92,53.08,0.01,0.01,2320.338435,1776231200000
1776231201.67,201.67,0.09,63.49,0.08,53.08,0.1,56.71,0.11,41.0,0.9,61.71,0.89,41.0,0.91,60.44,0.92,53.08,0.01,0.01,2320.338435,1776231200000
1776231202.295,202.295,0.09,63.49,0.08,53.08,0.1,56.71,0.11,41.0,0.9,56.71,0.89,41.0,0.91,63.49,0.92,53.08,0.01,0.01,2320.38201,1776231201000
1776231203.112,203.112,0.09,63.49,0.08,53.08,0.1,56.71,0.11,41.0,0.9,56.71,0.89,41.0,0.91,63.49,0.92,53.08,0.01,0.01,2320.356835,1776231202000
1776231203.371,203.371,0.09,30.49,0.08,53.08,0.1,71.71,0.11,41.0,0.9,56.71,0.89,41.0,0.91,63.49,0.92,53.08,0.01,0.01,2320.356835,1776231202000
1776231204.101,204.101,0.09,30.49,0.08,53.08,0.1,71.71,0.11,41.0,0.9,71.71,0.89,41.0,0.91,30.49,0.92,53.08,0.01,0.01,2320.34692,1776231203000
1776231204.319,204.319,0.09,2.0,0.06,10.0,0.1,73.0,0.11,46.0,0.9,71.71,0.89,41.0,0.91,30.49,0.92,53.08,0.01,0.01,2320.34692,1776231203000
1776231205.059,205.059,0.09,2.0,0.06,10.0,0.1,73.0,0.11,46.0,0.9,73.0,0.89,46.0,0.91,2.0,0.94,10.0,0.01,0.01,2320.35046,1776231204000
1776231205.623,205.623,0.08,10.0,0.07,15.0,0.09,34.0,0.1,15.0,0.91,29.0,0.9,106.35,0.94,15.0,0.95,25.0,0.01,0.03,2320.35046,1776231204000
1776231206.067,206.067,0.08,10.0,0.07,15.0,0.09,34.0,0.1,15.0,0.91,34.0,0.9,15.0,0.92,10.0,0.93,15.0,0.01,0.01,2320.26243,1776231205000
1776231206.322,206.322,0.08,15.0,0.07,141.21,0.09,37.88,0.1,10.0,0.91,34.0,0.9,15.0,0.92,10.0,0.93,15.0,0.01,0.01,2320.26243,1776231205000
1776231206.576,206.576,0.08,47.12,0.07,141.21,0.09,37.88,0.1,15.0,0.91,37.88,0.9,10.0,0.92,15.0,0.93,141.21,0.01,0.01,2320.26243,1776231205000
1776231206.819,206.819,0.08,13.91,0.07,159.68,0.09,37.88,0.1,15.0,0.91,37.88,0.9,15.0,0.92,47.12,0.93,141.21,0.01,0.01,2320.26243,1776231205000
1776231207.086,207.086,0.08,8.37,0.07,218.62,0.09,37.88,0.1,15.0,0.91,37.88,0.9,15.0,0.92,13.91,0.93,159.68,0.01,0.01,2320.26243,1776231205000
1776231208.126,208.126,0.08,8.37,0.07,218.62,0.09,37.88,0.1,15.0,0.91,37.88,0.9,15.0,0.92,8.37,0.93,218.62,0.01,0.01,2320.302355,1776231207000
1776231209.079,209.079,0.08,8.37,0.07,218.62,0.09,37.88,0.1,15.0,0.91,37.88,0.9,15.0,0.92,8.37,0.93,218.62,0.01,0.01,2320.32336,1776231208000
1776231209.573,209.573,0.08,76.28,0.07,20.0,0.09,13.0,0.11,10.0,0.91,37.88,0.9,15.0,0.92,8.37,0.93,218.62,0.01,0.01,2320.32336,1776231208000
1776231210.071,210.071,0.08,76.28,0.07,20.0,0.09,13.0,0.11,10.0,0.91,13.0,0.89,10.0,0.92,76.28,0.93,20.0,0.01,0.01,2320.560517,1776231209000
1776231210.982,210.982,0.08,1.41,0.07,20.0,0.09,15.0,0.1,18.0,0.91,13.0,0.89,10.0,0.92,76.28,0.93,20.0,0.01,0.01,2320.560517,1776231209000
1776231212.064,212.064,0.08,1.41,0.07,20.0,0.09,15.0,0.1,18.0,0.91,15.0,0.9,18.0,0.92,1.41,0.93,20.0,0.01,0.01,2320.575709,1776231211000
1776231213.026,213.026,0.08,1.41,0.07,20.0,0.09,15.0,0.1,18.0,0.91,15.0,0.9,18.0,0.92,1.41,0.93,20.0,0.01,0.01,2320.570302,1776231212000
1776231213.715,213.715,0.05,105.19,0.04,197.6,0.06,23.48,0.07,20.0,0.94,18.48,0.93,20.0,0.95,95.41,0.96,197.6,0.01,0.01,2320.570302,1776231212000
1776231214.096,214.096,0.05,100.19,0.04,202.6,0.07,7.48,0.08,15.0,0.93,7.48,0.92,15.0,0.95,100.19,0.96,202.6,0.02,0.02,2320.523165,1776231213000
1776231215.019,215.019,0.05,100.19,0.04,202.6,0.07,7.48,0.08,15.0,0.93,7.48,0.92,15.0,0.95,100.19,0.96,202.6,0.02,0.02,2320.36657,1776231214000
1776231216.914,216.914,0.05,100.19,0.04,202.6,0.07,7.48,0.08,15.0,0.93,7.48,0.92,15.0,0.95,100.19,0.96,202.6,0.02,0.02,2320.214107,1776231215000
1776231217.953,217.953,0.05,100.19,0.04,202.6,0.07,7.48,0.08,15.0,0.93,7.48,0.92,15.0,0.95,100.19,0.96,202.6,0.02,0.02,2320.31509,1776231216000
1776231218.826,218.826,0.05,100.19,0.04,202.6,0.07,7.48,0.08,15.0,0.93,7.48,0.92,15.0,0.95,100.19,0.96,202.6,0.02,0.02,2320.337665,1776231217000
1776231219.702,219.702,0.05,174.96,0.04,113.8,0.06,152.0,0.07,115.0,0.92,15.0,0.91,18.0,0.95,273.4,0.96,230.8,0.01,0.03,2320.337665,1776231217000
1776231220.3,220.3,0.05,763.76,0.04,225.8,0.06,131.0,0.07,140.0,0.94,152.0,0.93,115.0,0.95,174.96,0.96,113.8,0.01,0.01,2320.3669,1776231218000
1776231220.988,220.988,0.05,156.76,0.04,225.8,0.06,162.0,0.07,140.0,0.94,162.0,0.93,140.0,0.95,156.76,0.96,225.8,0.01,0.01,2320.333322,1776231219000
1776231221.719,221.719,0.05,81.64,0.04,193.27,0.06,187.0,0.07,140.0,0.94,162.0,0.93,140.0,0.95,156.76,0.96,225.8,0.01,0.01,2320.333322,1776231219000
1776231221.973,221.973,0.05,80.77,0.04,193.27,0.06,187.0,0.07,140.0,0.94,187.0,0.93,140.0,0.95,80.77,0.96,193.27,0.01,0.01,2320.231845,1776231220000
1776231222.97,222.97,0.05,31.26,0.04,206.45,0.06,171.0,0.07,140.0,0.94,187.0,0.93,140.0,0.95,80.77,0.96,193.27,0.01,0.01,2320.231845,1776231220000
1776231223.971,223.971,0.05,31.26,0.04,206.45,0.06,171.0,0.07,140.0,0.94,171.0,0.93,140.0,0.95,31.26,0.96,206.45,0.01,0.01,2320.273533,1776231222000
1776231224.597,224.597,0.05,25.99,0.04,215.45,0.06,211.0,0.07,156.47,0.94,171.0,0.93,140.0,0.95,31.26,0.96,206.45,0.01,0.01,2320.273533,1776231222000
1776231224.986,224.986,0.05,25.99,0.04,215.45,0.06,211.0,0.07,156.47,0.94,211.0,0.93,156.47,0.95,25.99,0.96,215.45,0.01,0.01,2320.204735,1776231223000
1776231226.03,226.03,0.05,25.99,0.04,215.45,0.06,211.0,0.07,156.47,0.94,211.0,0.93,156.47,0.95,25.99,0.96,215.45,0.01,0.01,2320.2159,1776231224000
1776231226.989,226.989,0.05,25.99,0.04,215.45,0.06,211.0,0.07,156.47,0.94,211.0,0.93,156.47,0.95,25.99,0.96,215.45,0.01,0.01,2320.20503,1776231225000
1776231227.91,227.91,0.05,25.99,0.04,215.45,0.06,211.0,0.07,156.47,0.94,211.0,0.93,156.47,0.95,25.99,0.96,215.45,0.01,0.01,2320.202005,1776231226000
1776231229.013,229.013,0.05,25.99,0.04,215.45,0.06,211.0,0.07,156.47,0.94,211.0,0.93,156.47,0.95,25.99,0.96,215.45,0.01,0.01,2320.2499,1776231227000
1776231230.031,230.031,0.05,25.99,0.04,215.45,0.06,211.0,0.07,156.47,0.94,211.0,0.93,156.47,0.95,25.99,0.96,215.45,0.01,0.01,2320.25748,1776231228000
1776231230.352,230.352,0.05,14.52,0.04,196.45,0.06,197.93,0.07,140.0,0.94,211.0,0.93,156.47,0.95,25.99,0.96,215.45,0.01,0.01,2320.25748,1776231228000
1776231231.163,231.163,0.05,14.52,0.04,196.45,0.06,197.93,0.07,140.0,0.94,197.93,0.93,140.0,0.95,14.52,0.96,196.45,0.01,0.01,2320.23048,1776231229000
1776231231.513,231.513,0.04,233.45,0.03,284.0,0.05,5.48,0.06,197.93,0.94,197.93,0.93,140.0,0.95,14.52,0.96,196.45,0.01,0.01,2320.23048,1776231229000
1776231232.085,232.085,0.04,233.45,0.03,284.0,0.05,5.48,0.06,197.93,0.95,5.48,0.94,197.93,0.96,233.45,0.97,284.0,0.01,0.01,2320.24081,1776231230000
1776231232.73,232.73,0.04,79.6,0.03,284.0,0.05,157.0,0.06,157.93,0.95,5.48,0.94,197.93,0.96,233.45,0.97,284.0,0.01,0.01,2320.24081,1776231230000
1776231233.008,233.008,0.04,79.6,0.03,284.0,0.05,157.0,0.06,157.93,0.95,157.0,0.94,157.93,0.96,79.6,0.97,284.0,0.01,0.01,2320.376944,1776231231000
1776231233.723,233.723,0.04,57.12,0.03,284.0,0.05,190.0,0.06,157.93,0.95,157.0,0.94,157.93,0.96,79.6,0.97,284.0,0.01,0.01,2320.376944,1776231231000
1776231234.284,234.284,0.03,192.43,0.02,979.7,0.04,195.0,0.05,150.0,0.95,190.0,0.94,157.93,0.97,266.96,0.98,695.7,0.01,0.02,2320.376288,1776231232000
1776231234.484,234.484,0.03,74.96,0.02,506.0,0.04,176.36,0.05,150.0,0.96,178.29,0.95,150.0,0.97,74.96,0.98,689.7,0.01,0.01,2320.376288,1776231232000
1776231234.824,234.824,0.03,21.96,0.02,506.0,0.04,173.72,0.05,150.0,0.96,183.72,0.95,150.0,0.97,21.96,0.98,506.0,0.01,0.01,2320.32672,1776231233000
1776231235.393,235.393,0.03,21.96,0.02,506.0,0.04,173.72,0.05,150.0,0.96,173.72,0.95,150.0,0.97,21.96,0.98,506.0,0.01,0.01,2320.39341,1776231234000
1776231236.711,236.711,0.03,21.96,0.02,506.0,0.04,173.72,0.05,150.0,0.96,173.72,0.95,150.0,0.97,21.96,0.98,506.0,0.01,0.01,2320.248812,1776231235000
1776231236.952,236.952,0.03,8.42,0.02,506.0,0.04,181.1,0.05,240.8,0.96,186.1,0.95,240.8,0.97,21.96,0.98,506.0,0.01,0.01,2320.248812,1776231235000
1776231237.361,237.361,0.03,8.42,0.02,506.0,0.04,181.1,0.05,240.8,0.96,181.1,0.95,240.8,0.97,8.42,0.98,506.0,0.01,0.01,2320.083959,1776231236000
1776231238.334,238.334,0.03,8.42,0.02,506.0,0.04,181.1,0.05,240.8,0.96,181.1,0.95,240.8,0.97,8.42,0.98,506.0,0.01,0.01,2320.062258,1776231237000
1776231239.083,239.083,0.03,8.42,0.02,506.0,0.04,181.1,0.05,240.8,0.96,181.1,0.95,240.8,0.97,8.42,0.98,506.0,0.01,0.01,2319.94862,1776231238000
1776231239.842,239.842,0.02,483.0,0.01,1849.26,0.03,350.7,0.04,244.8,0.96,181.1,0.95,240.8,0.97,8.42,0.98,506.0,0.01,0.01,2319.94862,1776231238000
1776231240.269,240.269,0.02,481.87,0.01,1849.26,0.03,543.7,0.04,249.8,0.97,543.7,0.96,249.8,0.98,481.87,0.99,1849.26,0.01,0.01,2319.643495,1776231239000
1776231240.888,240.888,0.02,485.84,0.01,1629.79,0.03,429.7,0.04,124.8,0.97,543.7,0.96,249.8,0.98,481.87,0.99,1849.26,0.01,0.01,2319.643495,1776231239000
1776231241.218,241.218,0.02,375.69,0.01,1629.79,0.03,291.0,0.04,104.8,0.97,291.0,0.96,104.8,0.98,376.72,0.99,1629.79,0.01,0.01,2319.643495,1776231239000
1776231241.584,241.584,0.02,370.57,0.01,1623.79,0.03,419.7,0.04,114.8,0.97,291.0,0.96,104.8,0.98,374.66,0.99,1629.79,0.01,0.01,2319.752724,1776231240000
1776231241.969,241.969,0.02,370.57,0.01,1623.79,0.03,419.7,0.04,114.8,0.97,419.7,0.96,114.8,0.98,370.57,0.99,1623.79,0.01,0.01,2319.787515,1776231241000
1776231242.344,242.344,0.02,355.57,0.01,1623.79,0.03,434.7,0.04,124.8,0.97,419.7,0.96,114.8,0.98,370.57,0.99,1623.79,0.01,0.01,2319.787515,1776231241000
1776231242.911,242.911,0.02,349.54,0.01,1623.79,0.03,429.7,0.04,114.8,0.97,434.7,0.96,124.8,0.98,355.57,0.99,1623.79,0.01,0.01,2319.787515,1776231241000
1776231243.223,243.223,0.02,347.48,0.01,1623.79,0.03,434.7,0.04,114.8,0.97,429.7,0.96,114.8,0.98,348.51,0.99,1623.79,0.01,0.01,2319.63164,1776231242000
1776231243.565,243.565,0.02,300.94,0.01,1623.79,0.03,338.7,0.04,114.8,0.97,434.7,0.96,114.8,0.98,346.45,0.99,1623.79,0.01,0.01,2319.63164,1776231242000
1776231244.051,244.051,0.02,289.59,0.01,1623.79,0.03,328.77,0.04,114.8,0.97,328.77,0.96,114.8,0.98,289.59,0.99,1623.79,0.01,0.01,2319.57755,1776231243000
1776231244.326,244.326,0.02,228.59,0.01,1623.79,0.03,243.77,0.04,114.8,0.97,328.77,0.96,114.8,0.98,289.59,0.99,1623.79,0.01,0.01,2319.57755,1776231243000
1776231244.792,244.792,0.02,209.4,0.01,1623.79,0.03,238.77,0.04,114.8,0.97,233.77,0.96,114.8,0.98,220.01,0.99,1623.79,0.01,0.01,2319.57755,1776231243000
1776231245.054,245.054,0.02,209.4,0.01,1623.79,0.03,238.77,0.04,114.8,0.97,238.77,0.96,114.8,0.98,209.4,0.99,1623.79,0.01,0.01,2319.565945,1776231244000
1776231245.327,245.327,0.02,189.4,0.01,1623.79,0.03,259.08,0.04,114.8,0.97,238.77,0.96,114.8,0.98,209.4,0.99,1623.79,0.01,0.01,2319.565945,1776231244000
1776231245.716,245.716,0.01,1104.2,,,0.03,259.08,0.04,114.8,0.97,259.08,0.96,114.8,0.98,189.4,0.99,1623.79,0.02,0.01,2319.565945,1776231244000
1776231246.092,246.092,0.01,939.2,,,0.02,122.0,0.03,254.08,0.97,259.08,0.96,114.8,0.99,1104.2,,,0.01,0.02,2319.565945,1776231244000
1776231246.33,246.33,0.01,738.2,,,0.02,305.7,0.03,259.08,0.98,305.7,0.97,259.08,0.99,743.2,,,0.01,0.01,2319.6037,1776231245000
1776231246.84,246.84,0.01,736.2,,,0.02,303.7,0.03,254.08,0.98,305.7,0.97,259.08,0.99,736.2,,,0.01,0.01,2319.6037,1776231245000
1776231247.164,247.164,0.01,738.16,,,0.02,110.71,0.03,239.08,0.98,110.71,0.97,239.08,0.99,738.16,,,0.01,0.01,2319.608,1776231246000
1776231247.725,247.725,0.01,731.13,,,0.02,95.98,0.03,244.08,0.98,110.71,0.97,244.08,0.99,731.13,,,0.01,0.01,2319.608,1776231246000
1776231247.96,247.96,0.01,435.13,,,0.02,58.37,0.03,244.08,0.98,95.98,0.97,244.08,0.99,435.13,,,0.01,0.01,2319.608,1776231246000
1776231248.414,248.414,0.01,422.13,,,0.02,80.37,0.03,244.08,0.98,58.37,0.97,244.08,0.99,428.13,,,0.01,0.01,2319.60592,1776231247000
1776231249.104,249.104,0.01,417.08,,,0.02,80.37,0.03,244.08,0.98,80.37,0.97,244.08,0.99,417.08,,,0.01,0.01,2319.6251,1776231248000
1776231249.525,249.525,0.01,194.45,,,0.02,20.2,0.03,244.08,0.98,80.37,0.97,244.08,0.99,417.08,,,0.01,0.01,2319.6251,1776231248000
1776231249.807,249.807,0.01,192.45,,,0.02,93.92,0.03,249.08,0.98,20.2,0.97,244.08,0.99,194.45,,,0.01,0.01,2319.6251,1776231248000
1776231250.101,250.101,0.01,192.45,,,0.02,93.92,0.03,249.08,0.98,93.92,0.97,249.08,0.99,192.45,,,0.01,0.01,2319.648925,1776231249000
1776231250.614,250.614,,,,,0.02,218.9,0.03,249.08,0.98,223.9,0.97,249.08,0.99,171.22,,,,0.01,2319.648925,1776231249000
1776231251.015,251.015,,,,,0.01,166.88,0.02,208.9,0.98,218.9,0.97,249.08,,,,,,,2319.648925,1776231249000
1776231251.843,251.843,,,,,0.01,136.88,0.02,213.9,0.99,166.88,0.98,208.9,,,,,,,2319.601835,1776231250000
1776231252.126,252.126,,,,,0.01,136.88,0.02,213.9,0.99,136.88,0.98,213.9,,,,,,,2319.59168,1776231251000
1776231253.652,253.652,,,,,0.01,136.88,0.02,213.9,0.99,136.88,0.98,213.9,,,,,,,2319.69317,1776231252000
1776231254.195,254.195,,,,,0.01,136.88,0.02,213.9,0.99,136.88,0.98,213.9,,,,,,,2319.73758,1776231253000
1776231255.201,255.201,,,,,0.01,20.0,0.02,208.9,0.99,20.0,0.98,208.9,,,,,,,2319.60254,1776231254000
1776231256.168,256.168,,,,,0.01,20.0,0.02,208.9,0.99,20.0,0.98,208.9,,,,,,,2319.769711,1776231255000
1776231257.16,257.16,,,,,0.01,20.0,0.02,208.9,0.99,20.0,0.98,208.9,,,,,,,2319.842425,1776231256000
1776231258.14,258.14,,,,,0.01,20.0,0.02,208.9,0.99,20.0,0.98,208.9,,,,,,,2319.859585,1776231257000
1776231259.164,259.164,,,,,0.01,20.0,0.02,208.9,0.99,20.0,0.98,208.9,,,,,,,2319.980295,1776231258000
1776231259.548,259.548,,,,,0.01,78.9,0.02,525.2,0.99,20.0,0.98,208.9,,,,,,,2319.980295,1776231258000
1776231260.126,260.126,,,,,0.01,78.9,0.02,525.2,0.99,78.9,0.98,525.2,,,,,,,2319.99741,1776231259000
1776231260.621,260.621,,,,,0.01,58.9,0.02,525.2,0.99,78.9,0.98,525.2,,,,,,,2319.99741,1776231259000
1776231261.095,261.095,,,,,0.01,58.9,0.02,525.2,0.99,58.9,0.98,525.2,,,,,,,2320.043725,1776231260000
1776231262.214,262.214,,,,,0.01,58.9,0.02,525.2,0.99,58.9,0.98,525.2,,,,,,,2320.100702,1776231261000
1776231263.139,263.139,,,,,0.01,58.9,0.02,525.2,0.99,58.9,0.98,525.2,,,,,,,2320.22968,1776231262000
1776231264.124,264.124,,,,,0.01,58.9,0.02,525.2,0.99,58.9,0.98,525.2,,,,,,,2320.379999,1776231263000
1776231265.071,265.071,,,,,0.01,58.9,0.02,525.2,0.99,58.9,0.98,525.2,,,,,,,2320.306965,1776231264000
1776231266.747,266.747,,,,,0.01,58.9,0.02,525.2,0.99,58.9,0.98,525.2,,,,,,,2320.291675,1776231265000
1776231267.458,267.458,,,,,0.01,58.9,0.02,525.2,0.99,58.9,0.98,525.2,,,,,,,2320.29004,1776231266000
1776231268.011,268.011,,,,,0.01,58.9,0.02,525.2,0.99,58.9,0.98,525.2,,,,,,,2320.097729,1776231267000
1776231269.22,269.22,,,,,0.01,58.9,0.02,525.2,0.99,58.9,0.98,525.2,,,,,,,2319.962456,1776231268000
1776231270.495,270.495,,,,,0.01,863.14,0.02,213.9,0.99,58.9,0.98,525.2,,,,,,,2319.962456,1776231268000
1776231270.771,270.771,,,,,0.01,863.14,0.02,213.9,0.99,863.14,0.98,213.9,,,,,,,2319.8377,1776231269000
1776231271.437,271.437,,,,,0.01,863.14,0.02,213.9,0.99,863.14,0.98,213.9,,,,,,,2319.849936,1776231270000
1776231272.033,272.033,,,,,0.01,863.14,0.02,213.9,0.99,863.14,0.98,213.9,,,,,,,2319.865595,1776231271000
1776231273.326,273.326,,,,,0.01,863.14,0.02,213.9,0.99,863.14,0.98,213.9,,,,,,,2319.869235,1776231272000
1776231274.601,274.601,,,,,0.01,863.14,0.02,213.9,0.99,863.14,0.98,213.9,,,,,,,2319.97365,1776231273000
1776231275.224,275.224,,,,,0.01,863.14,0.02,213.9,0.99,863.14,0.98,213.9,,,,,,,2319.949595,1776231274000
1776231276.534,276.534,,,,,0.01,863.14,0.02,213.9,0.99,863.14,0.98,213.9,,,,,,,2319.853815,1776231275000
1776231277.141,277.141,,,,,0.01,863.14,0.02,213.9,0.99,863.14,0.98,213.9,,,,,,,2319.854255,1776231276000
1776231277.505,277.505,,,,,0.01,4764.49,0.02,30.2,0.99,863.14,0.98,213.9,,,,,,,2319.854255,1776231276000
1776231278.452,278.452,,,,,0.01,4764.49,0.02,30.2,0.99,4764.49,0.98,30.2,,,,,,,2320.042082,1776231277000
1776231279.197,279.197,,,,,0.01,4764.49,0.02,30.2,0.99,4764.49,0.98,30.2,,,,,,,2320.053235,1776231278000
1776231280.51,280.51,,,,,0.01,4764.49,0.02,30.2,0.99,4764.49,0.98,30.2,,,,,,,2320.133255,1776231279000
1776231281.094,281.094,,,,,0.01,4764.49,0.02,30.2,0.99,4764.49,0.98,30.2,,,,,,,2320.1359,1776231280000
1776231282.447,282.447,,,,,0.01,4764.49,0.02,30.2,0.99,4764.49,0.98,30.2,,,,,,,2320.135525,1776231281000
1776231283.347,283.347,,,,,0.01,4764.49,0.02,30.2,0.99,4764.49,0.98,30.2,,,,,,,2320.153945,1776231282000
1776231283.84,283.84,,,,,0.01,4764.49,0.02,30.2,0.99,4764.49,0.98,30.2,,,,,,,2320.178945,1776231283000
1776231284.892,284.892,,,,,0.01,4764.49,0.02,30.2,0.99,4764.49,0.98,30.2,,,,,,,2320.363875,1776231284000
1776231285.934,285.934,,,,,0.01,4764.49,0.02,30.2,0.99,4764.49,0.98,30.2,,,,,,,2320.407995,1776231285000
1776231286.942,286.942,,,,,0.01,4764.49,0.02,30.2,0.99,4764.49,0.98,30.2,,,,,,,2320.359961,1776231286000
1776231287.963,287.963,,,,,0.01,4764.49,0.02,30.2,0.99,4764.49,0.98,30.2,,,,,,,2320.40555,1776231287000
1776231288.93,288.93,,,,,0.01,4764.49,0.02,30.2,0.99,4764.49,0.98,30.2,,,,,,,2320.451448,1776231288000
1776231289.883,289.883,,,,,0.01,4764.49,0.02,30.2,0.99,4764.49,0.98,30.2,,,,,,,2320.42394,1776231289000
1776231290.883,290.883,,,,,0.01,4724.64,0.02,30.2,0.99,4764.49,0.98,30.2,,,,,,,2320.42394,1776231289000
1776231291.387,291.387,,,,,0.01,4690.64,0.02,30.2,0.99,4724.64,0.98,30.2,,,,,,,2320.68427,1776231290000
1776231292.056,292.056,,,,,0.01,4690.64,0.02,30.2,0.99,4690.64,0.98,30.2,,,,,,,2320.66564,1776231291000
1776231293.004,293.004,,,,,0.01,4690.64,0.02,30.2,0.99,4690.64,0.98,30.2,,,,,,,2320.69847,1776231292000
1776231293.985,293.985,,,,,0.01,4690.64,0.02,30.2,0.99,4690.64,0.98,30.2,,,,,,,2320.689615,1776231293000
1776231294.301,294.301,,,,,0.01,6235.69,0.02,30.2,0.99,4690.64,0.98,30.2,,,,,,,2320.689615,1776231293000
1776231294.974,294.974,,,,,0.01,6218.69,0.02,30.2,0.99,6218.69,0.98,30.2,,,,,,,2320.950619,1776231294000
1776231296.447,296.447,,,,,0.01,6218.69,0.02,30.2,0.99,6218.69,0.98,30.2,,,,,,,2321.047774,1776231295000
1776231297.002,297.002,,,,,0.01,6218.69,0.02,30.2,0.99,6218.69,0.98,30.2,,,,,,,2321.020716,1776231296000
1776231297.496,297.496,,,,,0.01,4977.1,0.02,38.2,0.99,6218.69,0.98,30.2,,,,,,,2321.020716,1776231296000
1776231297.837,297.837,,,,,0.01,5961.86,0.02,38.2,0.99,4842.1,0.98,38.2,,,,,,,2321.020716,1776231296000
1776231298.229,298.229,,,,,0.01,5961.86,0.02,38.2,0.99,5961.86,0.98,38.2,,,,,,,2320.92311,1776231297000
1776231299.3,299.3,,,,,0.01,5961.86,0.02,38.2,0.99,5961.86,0.98,38.2,,,,,,,2321.619395,1776231298000
1776231300.487,300.487,,,,,0.01,5961.86,0.02,38.2,0.99,5961.86,0.98,38.2,,,,,,,2321.698637,1776231299000
1776231301.027,301.027,,,,,0.01,5961.86,0.02,38.2,0.99,5961.86,0.98,38.2,,,,,,,2321.772075,1776231300000

# RESULT,winner=Down,slug=eth-updown-5m-1776231000,ticks=466
