timestamp,elapsed_sec,up_bid_p1,up_bid_s1,up_bid_p2,up_bid_s2,up_ask_p1,up_ask_s1,up_ask_p2,up_ask_s2,down_bid_p1,down_bid_s1,down_bid_p2,down_bid_s2,down_ask_p1,down_ask_s1,down_ask_p2,down_ask_s2,up_spread,down_spread,eth_price,eth_oracle_ts
1776187501.192,1.192,,,,,,,,,,,,,,,,,,,2344.29724,1776187500000
1776187501.573,1.573,0.5,5.0,0.48,73.0,0.52,5.0,0.54,112.0,0.48,10.0,0.47,5.0,0.51,5.0,0.52,5.0,0.02,0.03,2344.29724,1776187500000
1776187502.089,2.089,0.5,5.0,0.48,73.0,0.52,5.0,0.54,112.0,0.5,10.0,0.48,15.0,0.52,8.55,0.53,5.0,0.02,0.02,2344.29724,1776187500000
1776187502.551,2.551,0.48,2.65,0.47,5.0,0.5,15.0,0.52,15.0,0.5,10.0,0.48,15.0,0.52,8.55,0.53,5.0,0.02,0.02,2344.29642,1776187501000
1776187502.982,2.982,0.47,5.0,0.45,68.94,0.49,7.68,0.5,15.0,0.5,20.0,0.48,15.0,0.55,68.94,0.56,75.0,0.02,0.05,2344.29642,1776187501000
1776187503.253,3.253,0.48,8.49,0.47,17.0,0.49,7.68,0.5,20.0,0.51,7.68,0.5,20.0,0.52,8.49,0.53,17.0,0.01,0.01,2344.480094,1776187502000
1776187503.595,3.595,0.48,23.05,0.47,15.0,0.49,7.68,0.5,15.0,0.51,7.68,0.5,20.0,0.52,8.49,0.53,17.0,0.01,0.01,2344.480094,1776187502000
1776187504.151,4.151,0.48,43.5,0.47,23.0,0.49,7.68,0.5,15.0,0.51,7.68,0.5,15.0,0.52,23.05,0.53,15.0,0.01,0.01,2344.480094,1776187502000
1776187504.5,4.5,0.48,46.57,0.47,28.0,0.49,7.68,0.5,20.0,0.51,7.68,0.5,20.0,0.52,46.57,0.53,28.0,0.01,0.01,2344.340888,1776187503000
1776187504.994,4.994,0.48,46.57,0.47,28.0,0.49,2.68,0.5,25.0,0.51,7.68,0.5,20.0,0.52,46.57,0.53,28.0,0.01,0.01,2344.340888,1776187503000
1776187505.259,5.259,0.48,46.57,0.47,28.0,0.49,2.68,0.5,25.0,0.51,2.68,0.5,25.0,0.52,46.57,0.53,28.0,0.01,0.01,2344.326984,1776187504000
1776187505.826,5.826,0.48,41.57,0.47,28.0,0.49,2.68,0.5,25.0,0.51,2.68,0.5,25.0,0.52,46.57,0.53,28.0,0.01,0.01,2344.326984,1776187504000
1776187506.241,6.241,0.48,41.57,0.47,28.0,0.49,2.68,0.5,25.0,0.51,2.68,0.5,25.0,0.52,41.57,0.53,28.0,0.01,0.01,2344.361567,1776187505000
1776187506.728,6.728,0.48,19.68,0.47,93.0,0.49,7.68,0.5,20.0,0.51,2.68,0.5,25.0,0.52,41.57,0.53,28.0,0.01,0.01,2344.361567,1776187505000
1776187507.429,7.429,0.48,19.68,0.47,93.0,0.49,7.68,0.5,20.0,0.51,7.68,0.5,20.0,0.52,19.68,0.53,93.0,0.01,0.01,2344.371228,1776187506000
1776187508.263,8.263,0.47,7.02,0.46,82.0,0.48,25.0,0.49,67.68,0.51,7.68,0.5,20.0,0.52,19.68,0.53,93.0,0.01,0.01,2344.371228,1776187506000
1776187508.636,8.636,0.47,5.0,0.46,82.0,0.48,5.0,0.49,67.68,0.52,5.0,0.51,67.68,0.53,5.0,0.54,82.0,0.01,0.01,2344.337207,1776187507000
1776187509.179,9.179,0.47,5.0,0.46,82.0,0.48,5.0,0.49,67.68,0.52,5.0,0.51,67.68,0.53,5.0,0.54,82.0,0.01,0.01,2344.328311,1776187508000
1776187510.154,10.154,0.46,14.42,0.45,27.5,0.47,55.5,0.48,80.5,0.52,65.0,0.51,77.68,0.53,16.85,0.54,87.0,0.01,0.01,2344.328311,1776187508000
1776187510.444,10.444,0.46,74.42,0.45,82.5,0.47,15.0,0.48,85.5,0.53,55.5,0.52,80.5,0.54,14.42,0.55,27.5,0.01,0.01,2344.268687,1776187509000
1776187510.69,10.69,0.46,38.83,0.45,87.5,0.47,25.0,0.48,80.5,0.53,15.0,0.52,85.5,0.54,74.42,0.55,82.5,0.01,0.01,2344.268687,1776187509000
1776187511.208,11.208,0.46,15.5,0.45,37.5,0.47,62.97,0.48,80.5,0.53,25.0,0.52,80.5,0.54,38.83,0.55,87.5,0.01,0.01,2344.268687,1776187509000
1776187511.687,11.687,0.46,6.41,0.45,27.5,0.47,78.47,0.48,80.5,0.53,62.97,0.52,80.5,0.54,15.5,0.55,37.5,0.01,0.01,2344.173219,1776187510000
1776187512.223,12.223,0.45,17.0,0.44,37.5,0.46,22.3,0.47,78.47,0.54,22.3,0.53,78.47,0.55,17.0,0.56,37.5,0.01,0.01,2344.114494,1776187511000
1776187512.605,12.605,0.44,100.1,0.43,103.0,0.45,19.0,0.46,71.8,0.54,22.3,0.53,78.47,0.55,17.0,0.56,37.5,0.01,0.01,2344.114494,1776187511000
1776187513.04,13.04,0.44,100.1,0.43,113.0,0.45,12.75,0.46,71.8,0.55,19.0,0.54,71.8,0.56,100.1,0.57,103.0,0.01,0.01,2344.114494,1776187511000
1776187513.408,13.408,0.44,86.48,0.43,113.0,0.45,12.75,0.46,71.8,0.55,12.75,0.54,71.8,0.56,86.48,0.57,113.0,0.01,0.01,2344.072678,1776187512000
1776187513.982,13.982,0.44,86.48,0.43,113.0,0.45,12.75,0.46,71.8,0.55,12.75,0.54,71.8,0.56,86.48,0.57,113.0,0.01,0.01,2344.072038,1776187513000
1776187514.962,14.962,0.44,32.5,0.43,118.0,0.45,72.75,0.46,82.3,0.55,12.75,0.54,71.8,0.56,86.48,0.57,113.0,0.01,0.01,2344.072038,1776187513000
1776187516.221,16.221,0.44,32.5,0.43,118.0,0.45,72.75,0.46,82.3,0.55,72.75,0.54,82.3,0.56,32.5,0.57,118.0,0.01,0.01,2344.069276,1776187515000
1776187516.442,16.442,0.43,2.0,0.41,10.5,0.44,45.5,0.45,102.76,0.55,72.75,0.54,82.3,0.56,32.5,0.57,118.0,0.01,0.01,2344.069276,1776187515000
1776187516.697,16.697,0.4,4.0,0.39,100.0,0.44,130.01,0.45,94.25,0.56,45.5,0.55,102.76,0.57,2.0,0.59,10.5,0.04,0.01,2344.069276,1776187515000
1776187516.903,16.903,0.39,81.38,0.38,130.0,0.41,70.0,0.42,24.51,0.59,75.0,0.58,24.51,0.61,88.52,0.62,130.0,0.02,0.02,2344.069276,1776187515000
1776187517.175,17.175,0.39,92.28,0.38,135.0,0.4,20.0,0.41,78.0,0.59,70.0,0.58,24.51,0.61,81.38,0.62,130.0,0.01,0.02,2344.069276,1776187515000
1776187517.636,17.636,0.39,92.28,0.38,145.0,0.4,20.0,0.41,83.0,0.6,20.0,0.59,78.0,0.61,92.28,0.62,135.0,0.01,0.01,2343.959104,1776187516000
1776187517.852,17.852,0.39,92.28,0.38,159.0,0.4,20.0,0.41,83.0,0.6,20.0,0.59,83.0,0.61,92.28,0.62,145.0,0.01,0.01,2343.959104,1776187516000
1776187518.386,18.386,0.39,92.28,0.38,159.0,0.4,20.0,0.41,83.0,0.6,20.0,0.59,83.0,0.61,92.28,0.62,159.0,0.01,0.01,2343.810144,1776187517000
1776187518.957,18.957,0.39,92.28,0.38,159.0,0.4,20.0,0.41,83.0,0.6,20.0,0.59,83.0,0.61,92.28,0.62,159.0,0.01,0.01,2343.6638,1776187518000
1776187519.641,19.641,0.37,50.5,0.36,139.0,0.38,20.0,0.39,10.0,0.6,20.0,0.59,83.0,0.61,92.28,0.62,159.0,0.01,0.01,2343.6638,1776187518000
1776187520.106,20.106,0.38,105.41,0.37,130.5,0.39,10.0,0.4,70.0,0.62,20.0,0.61,10.0,0.63,50.5,0.64,139.0,0.01,0.01,2343.6638,1776187518000
1776187520.394,20.394,0.39,126.5,0.38,190.41,0.41,6.95,0.42,10.0,0.61,10.0,0.6,70.0,0.62,105.41,0.63,130.5,0.02,0.01,2343.6638,1776187518000
1776187520.622,20.622,0.4,26.5,0.39,121.5,0.41,6.95,0.43,20.0,0.59,6.95,0.57,20.0,0.6,26.5,0.61,121.5,0.01,0.01,2343.490249,1776187519000
1776187521.215,21.215,0.4,21.5,0.39,121.5,0.43,20.0,0.44,35.0,0.57,20.0,0.56,35.0,0.6,21.5,0.61,121.5,0.03,0.03,2343.438172,1776187520000
1776187522.249,22.249,0.42,131.5,0.41,150.5,0.43,3.18,0.44,45.0,0.57,20.0,0.56,35.0,0.6,21.5,0.61,121.5,0.01,0.03,2343.438172,1776187520000
1776187522.608,22.608,0.42,93.49,0.41,150.5,0.43,13.18,0.44,95.0,0.57,3.18,0.56,45.0,0.58,131.5,0.59,150.5,0.01,0.01,2343.651383,1776187521000
1776187523.024,23.024,0.42,93.49,0.41,150.5,0.43,13.18,0.44,95.0,0.57,13.18,0.56,95.0,0.58,93.49,0.59,150.5,0.01,0.01,2343.85617,1776187522000
1776187523.983,23.983,0.42,120.5,0.41,163.5,0.43,10.0,0.44,95.0,0.57,13.18,0.56,95.0,0.58,93.49,0.59,150.5,0.01,0.01,2343.85617,1776187522000
1776187524.322,24.322,0.42,120.5,0.41,163.5,0.43,10.0,0.44,95.0,0.57,10.0,0.56,95.0,0.58,120.5,0.59,163.5,0.01,0.01,2343.907218,1776187523000
1776187525.563,25.563,0.42,120.5,0.41,163.5,0.43,10.0,0.44,95.0,0.57,10.0,0.56,95.0,0.58,120.5,0.59,163.5,0.01,0.01,2343.911829,1776187524000
1776187525.949,25.949,0.43,15.0,0.42,120.5,0.44,50.0,0.45,78.25,0.57,10.0,0.56,95.0,0.58,120.5,0.59,163.5,0.01,0.01,2343.911829,1776187524000
1776187526.249,26.249,0.43,15.0,0.42,120.5,0.44,50.0,0.45,78.25,0.56,50.0,0.55,78.25,0.57,15.0,0.58,120.5,0.01,0.01,2343.911829,1776187525000
1776187527.374,27.374,0.44,50.5,0.43,120.5,0.46,25.0,0.48,45.5,0.56,50.0,0.55,78.25,0.57,15.0,0.58,120.5,0.02,0.01,2343.911829,1776187525000
1776187527.617,27.617,0.44,50.5,0.43,120.5,0.46,25.0,0.48,45.5,0.54,25.0,0.52,45.5,0.56,50.5,0.57,120.5,0.02,0.02,2343.910282,1776187526000
1776187527.991,27.991,0.46,120.5,0.45,120.5,0.49,132.68,0.5,45.5,0.54,25.0,0.52,45.5,0.56,50.5,0.57,120.5,0.03,0.02,2343.910282,1776187526000
1776187528.31,28.31,0.46,120.5,0.45,120.5,0.49,132.68,0.5,45.5,0.51,132.68,0.5,45.5,0.54,120.5,0.55,120.5,0.03,0.03,2343.913567,1776187527000
1776187528.575,28.575,0.48,85.5,0.47,40.5,0.49,9.72,0.5,35.0,0.51,132.68,0.5,45.5,0.54,120.5,0.55,120.5,0.01,0.03,2343.913567,1776187527000
1776187529.692,29.692,0.48,85.5,0.47,40.5,0.49,9.72,0.5,35.0,0.51,9.72,0.5,35.0,0.52,85.5,0.53,40.5,0.01,0.01,2344.209233,1776187528000
1776187530.366,30.366,0.48,85.5,0.47,40.5,0.49,9.72,0.5,35.0,0.51,9.72,0.5,35.0,0.52,85.5,0.53,40.5,0.01,0.01,2344.476912,1776187529000
1776187530.602,30.602,0.49,173.5,0.48,195.6,0.54,75.0,0.55,115.0,0.5,4.0,0.49,50.0,0.51,168.0,0.52,195.6,0.05,0.01,2344.476912,1776187529000
1776187531.138,31.138,0.52,16.0,0.51,10.0,0.55,95.29,0.56,76.0,0.45,95.29,0.44,76.0,0.48,16.0,0.49,10.0,0.03,0.03,2344.596448,1776187530000
1776187532.094,32.094,0.55,10.0,0.54,121.0,0.57,20.0,0.58,65.0,0.45,95.29,0.44,76.0,0.48,16.0,0.49,10.0,0.02,0.03,2344.596448,1776187530000
1776187532.509,32.509,0.56,10.77,0.55,101.5,0.57,40.5,0.58,20.5,0.43,40.5,0.42,20.5,0.44,10.77,0.45,101.5,0.01,0.01,2344.616308,1776187531000
1776187533.192,33.192,0.56,10.77,0.55,101.5,0.57,40.5,0.58,20.5,0.43,40.5,0.42,20.5,0.44,10.77,0.45,101.5,0.01,0.01,2344.74882,1776187532000
1776187533.576,33.576,0.57,75.88,0.56,61.27,0.58,15.5,0.59,35.0,0.42,10.5,0.41,35.0,0.43,90.88,0.44,50.77,0.01,0.01,2344.74882,1776187532000
1776187534.562,34.562,0.57,75.88,0.56,61.27,0.58,15.5,0.59,35.0,0.42,15.5,0.41,35.0,0.43,75.88,0.44,61.27,0.01,0.01,2344.89836,1776187533000
1776187535.289,35.289,0.57,140.88,0.56,111.27,0.58,3.25,0.59,40.0,0.42,3.25,0.41,40.0,0.43,140.88,0.44,111.27,0.01,0.01,2345.079076,1776187534000
1776187536.088,36.088,0.56,10.0,0.55,31.0,0.57,48.16,0.58,40.5,0.42,3.25,0.41,40.0,0.43,140.88,0.44,111.27,0.01,0.01,2345.079076,1776187534000
1776187536.988,36.988,0.55,6.0,0.54,55.0,0.56,80.5,0.57,90.67,0.43,107.67,0.42,40.5,0.45,31.0,0.46,72.0,0.01,0.02,2345.079076,1776187534000
1776187537.296,37.296,0.54,55.0,0.53,10.0,0.56,85.5,0.57,140.67,0.44,80.5,0.43,90.67,0.45,6.0,0.46,55.0,0.02,0.01,2345.099,1776187536000
1776187538.006,38.006,0.54,55.0,0.53,10.0,0.56,85.5,0.57,140.67,0.44,85.5,0.43,140.67,0.46,55.0,0.47,10.0,0.02,0.02,2344.90213,1776187537000
1776187538.487,38.487,0.54,55.0,0.53,15.0,0.55,255.68,0.56,123.5,0.44,85.5,0.43,140.67,0.46,55.0,0.47,10.0,0.01,0.02,2344.90213,1776187537000
1776187539.078,39.078,0.54,55.0,0.53,15.0,0.55,255.68,0.56,123.5,0.45,255.68,0.44,123.5,0.46,55.0,0.47,15.0,0.01,0.01,2344.678735,1776187538000
1776187540.15,40.15,0.54,55.0,0.53,15.0,0.55,255.68,0.56,123.5,0.45,255.68,0.44,123.5,0.46,55.0,0.47,15.0,0.01,0.01,2344.658501,1776187539000
1776187541.06,41.06,0.54,55.0,0.53,15.0,0.55,255.68,0.56,123.5,0.45,255.68,0.44,123.5,0.46,55.0,0.47,15.0,0.01,0.01,2344.680778,1776187540000
1776187542.027,42.027,0.54,55.0,0.53,15.0,0.55,255.68,0.56,123.5,0.45,255.68,0.44,123.5,0.46,55.0,0.47,15.0,0.01,0.01,2344.571959,1776187541000
1776187543.064,43.064,0.54,55.0,0.53,15.0,0.55,255.68,0.56,123.5,0.45,255.68,0.44,123.5,0.46,55.0,0.47,15.0,0.01,0.01,2344.495102,1776187542000
1776187543.725,43.725,0.52,46.0,0.51,220.0,0.54,21.94,0.55,52.5,0.45,255.68,0.44,123.5,0.46,55.0,0.47,15.0,0.02,0.01,2344.495102,1776187542000
1776187544.047,44.047,0.52,46.0,0.51,220.0,0.54,21.94,0.55,52.5,0.46,21.94,0.45,52.5,0.48,46.0,0.49,220.0,0.02,0.02,2344.514302,1776187543000
1776187544.833,44.833,0.54,376.5,0.53,121.5,0.57,15.57,0.58,75.0,0.46,3.42,0.45,102.5,0.47,115.0,0.48,167.0,0.03,0.01,2344.514302,1776187543000
1776187545.118,45.118,0.54,376.5,0.53,121.5,0.57,15.57,0.58,75.0,0.43,15.57,0.42,75.0,0.46,376.5,0.47,121.5,0.03,0.03,2344.613547,1776187544000
1776187546.064,46.064,0.54,376.5,0.53,121.5,0.57,15.57,0.58,75.0,0.43,15.57,0.42,75.0,0.46,376.5,0.47,121.5,0.03,0.03,2344.615785,1776187545000
1776187547.235,47.235,0.54,376.5,0.53,121.5,0.57,15.57,0.58,75.0,0.43,15.57,0.42,75.0,0.46,376.5,0.47,121.5,0.03,0.03,2344.907795,1776187546000
1776187547.458,47.458,0.57,171.5,0.56,173.5,0.58,16.36,0.59,202.5,0.43,15.57,0.42,75.0,0.46,376.5,0.47,121.5,0.01,0.03,2344.907795,1776187546000
1776187548.064,48.064,0.57,171.5,0.56,173.5,0.58,16.36,0.59,202.5,0.42,16.36,0.41,202.5,0.43,171.5,0.44,173.5,0.01,0.01,2344.969815,1776187547000
1776187549.068,49.068,0.57,171.5,0.56,173.5,0.58,16.36,0.59,202.5,0.42,16.36,0.41,202.5,0.43,171.5,0.44,173.5,0.01,0.01,2345.075907,1776187548000
1776187549.88,49.88,0.57,171.5,0.56,173.5,0.58,16.36,0.59,202.5,0.42,16.36,0.41,202.5,0.43,171.5,0.44,173.5,0.01,0.01,2345.060456,1776187549000
1776187550.481,50.481,0.52,85.0,0.51,25.0,0.54,191.01,0.55,29.35,0.42,16.36,0.41,202.5,0.43,171.5,0.44,173.5,0.02,0.01,2345.060456,1776187549000
1776187550.956,50.956,0.52,95.0,0.51,25.0,0.53,22.98,0.54,184.01,0.47,22.98,0.46,184.01,0.48,95.0,0.49,25.0,0.01,0.01,2344.909834,1776187550000
1776187552.042,52.042,0.51,25.0,0.5,85.0,0.53,280.99,0.54,90.5,0.47,280.99,0.46,90.5,0.49,25.0,0.5,85.0,0.02,0.02,2344.57825,1776187551000
1776187552.6,52.6,0.5,247.0,0.49,61.44,0.51,86.11,0.52,75.5,0.49,27.5,0.48,180.5,0.5,90.0,0.51,152.94,0.01,0.01,2344.57825,1776187551000
1776187553.028,53.028,0.5,247.0,0.49,61.44,0.51,86.11,0.52,75.5,0.49,86.11,0.48,75.5,0.5,247.0,0.51,61.44,0.01,0.01,2344.34805,1776187552000
1776187554.207,54.207,0.5,120.0,0.49,50.94,0.51,76.61,0.52,75.5,0.49,76.61,0.48,75.5,0.5,120.0,0.51,50.94,0.01,0.01,2344.295999,1776187553000
1776187555.265,55.265,0.5,120.0,0.49,50.94,0.51,76.61,0.52,75.5,0.49,76.61,0.48,75.5,0.5,120.0,0.51,50.94,0.01,0.01,2344.282369,1776187554000
1776187556.311,56.311,0.5,120.0,0.49,50.94,0.51,76.61,0.52,75.5,0.49,76.61,0.48,75.5,0.5,120.0,0.51,50.94,0.01,0.01,2344.185313,1776187555000
1776187556.988,56.988,0.49,35.35,0.48,75.0,0.5,282.5,0.51,154.61,0.49,328.61,0.48,80.5,0.51,35.94,0.52,70.0,0.01,0.02,2344.185313,1776187555000
1776187557.375,57.375,0.49,35.35,0.48,75.0,0.5,282.5,0.51,154.61,0.5,282.5,0.49,154.61,0.51,35.35,0.52,75.0,0.01,0.01,2344.161057,1776187556000
1776187557.877,57.877,0.49,35.35,0.48,75.0,0.5,282.5,0.51,154.61,0.5,282.5,0.49,154.61,0.51,35.35,0.52,75.0,0.01,0.01,2344.161048,1776187557000
1776187558.966,58.966,0.49,35.35,0.48,75.0,0.5,282.5,0.51,154.61,0.5,282.5,0.49,154.61,0.51,35.35,0.52,75.0,0.01,0.01,2344.08496,1776187558000
1776187560.064,60.064,0.49,35.35,0.48,75.0,0.5,282.5,0.51,154.61,0.5,282.5,0.49,154.61,0.51,35.35,0.52,75.0,0.01,0.01,2344.056033,1776187559000
1776187560.693,60.693,0.49,95.35,0.48,202.5,0.5,147.5,0.51,129.61,0.5,282.5,0.49,154.61,0.51,35.35,0.52,75.0,0.01,0.01,2344.056033,1776187559000
1776187561.125,61.125,0.49,95.35,0.48,202.5,0.5,147.5,0.51,129.61,0.5,147.5,0.49,129.61,0.51,95.35,0.52,202.5,0.01,0.01,2344.064812,1776187560000
1776187561.543,61.543,0.49,70.35,0.48,202.5,0.5,140.02,0.51,246.61,0.5,147.5,0.49,129.61,0.51,95.35,0.52,202.5,0.01,0.01,2344.064812,1776187560000
1776187562.134,62.134,0.49,70.35,0.48,202.5,0.5,140.02,0.51,246.61,0.5,140.02,0.49,246.61,0.51,70.35,0.52,202.5,0.01,0.01,2344.061689,1776187561000
1776187563.628,63.628,0.49,70.35,0.48,202.5,0.5,140.02,0.51,246.61,0.5,140.02,0.49,246.61,0.51,70.35,0.52,202.5,0.01,0.01,2344.064001,1776187562000
1776187564.145,64.145,0.49,70.35,0.48,202.5,0.5,140.02,0.51,246.61,0.5,140.02,0.49,246.61,0.51,70.35,0.52,202.5,0.01,0.01,2344.057226,1776187563000
1776187565.243,65.243,0.48,70.0,0.47,110.0,0.5,375.02,0.51,124.61,0.5,375.02,0.49,124.61,0.52,70.0,0.53,110.0,0.02,0.02,2344.060394,1776187564000
1776187565.619,65.619,0.42,50.0,0.41,50.0,0.45,227.5,0.46,179.35,0.5,375.02,0.49,124.61,0.52,70.0,0.53,110.0,0.03,0.02,2344.060394,1776187564000
1776187566.507,66.507,0.42,50.0,0.41,50.0,0.45,227.5,0.46,179.35,0.55,227.5,0.54,179.35,0.58,50.0,0.59,50.0,0.03,0.03,2343.849228,1776187565000
1776187566.9,66.9,0.42,50.0,0.41,50.0,0.45,227.5,0.46,179.35,0.55,227.5,0.54,179.35,0.58,50.0,0.59,50.0,0.03,0.03,2343.660021,1776187566000
1776187567.299,67.299,0.38,192.5,0.37,25.5,0.39,59.0,0.4,25.5,0.55,227.5,0.54,179.35,0.58,50.0,0.59,50.0,0.01,0.03,2343.660021,1776187566000
1776187567.996,67.996,0.38,192.5,0.37,25.5,0.39,59.0,0.4,25.5,0.61,59.0,0.6,25.5,0.62,192.5,0.63,25.5,0.01,0.01,2343.310945,1776187567000
1776187568.863,68.863,0.38,148.5,0.37,25.5,0.39,101.0,0.4,70.0,0.61,59.0,0.6,25.5,0.62,192.5,0.63,25.5,0.01,0.01,2343.310945,1776187567000
1776187569.122,69.122,0.38,148.5,0.37,25.5,0.39,101.0,0.4,70.0,0.61,101.0,0.6,70.0,0.62,148.5,0.63,25.5,0.01,0.01,2343.276264,1776187568000
1776187569.4,69.4,0.38,148.5,0.37,25.5,0.39,106.0,0.4,70.0,0.61,101.0,0.6,70.0,0.62,148.5,0.63,25.5,0.01,0.01,2343.276264,1776187568000
1776187569.843,69.843,0.38,4.34,0.37,142.5,0.39,65.87,0.4,70.0,0.61,65.87,0.6,70.0,0.62,167.5,0.63,25.5,0.01,0.01,2343.276264,1776187568000
1776187570.305,70.305,0.38,4.34,0.37,142.5,0.39,65.87,0.4,70.0,0.61,65.87,0.6,70.0,0.62,4.34,0.63,142.5,0.01,0.01,2343.276119,1776187569000
1776187570.531,70.531,0.38,58.4,0.37,20.5,0.39,79.87,0.4,207.5,0.61,65.87,0.6,70.0,0.62,4.34,0.63,142.5,0.01,0.01,2343.276119,1776187569000
1776187571.284,71.284,0.38,58.4,0.37,20.5,0.39,79.87,0.4,207.5,0.61,79.87,0.6,207.5,0.62,58.4,0.63,20.5,0.01,0.01,2343.287639,1776187570000
1776187571.685,71.685,0.38,72.9,0.37,25.5,0.39,75.87,0.4,207.5,0.61,79.87,0.6,207.5,0.62,58.4,0.63,20.5,0.01,0.01,2343.287639,1776187570000
1776187572.123,72.123,0.38,67.9,0.37,25.5,0.39,65.58,0.4,207.5,0.61,75.87,0.6,207.5,0.62,72.9,0.63,25.5,0.01,0.01,2343.287639,1776187570000
1776187572.637,72.637,0.38,67.9,0.37,25.5,0.39,65.58,0.4,207.5,0.61,65.58,0.6,207.5,0.62,67.9,0.63,25.5,0.01,0.01,2343.304443,1776187571000
1776187573.324,73.324,0.38,67.9,0.37,25.5,0.39,65.58,0.4,207.5,0.61,65.58,0.6,207.5,0.62,67.9,0.63,25.5,0.01,0.01,2343.271278,1776187572000
1776187574.55,74.55,0.38,67.9,0.37,25.5,0.39,65.58,0.4,207.5,0.61,65.58,0.6,207.5,0.62,67.9,0.63,25.5,0.01,0.01,2343.198693,1776187573000
1776187575.021,75.021,0.34,253.5,0.33,124.5,0.35,2.6,0.36,10.0,0.61,65.58,0.6,207.5,0.62,67.9,0.63,25.5,0.01,0.01,2343.198693,1776187573000
1776187575.813,75.813,0.37,11.0,0.36,24.0,0.38,27.0,0.39,10.0,0.63,6.0,0.62,107.0,0.64,3.45,0.65,10.0,0.01,0.01,2343.179194,1776187574000
1776187576.122,76.122,0.37,85.5,0.36,34.5,0.38,5.0,0.39,10.0,0.62,27.0,0.61,10.0,0.63,11.0,0.64,24.0,0.01,0.01,2343.179194,1776187574000
1776187576.458,76.458,0.37,207.5,0.36,29.5,0.39,27.0,0.4,60.0,0.62,5.0,0.61,10.0,0.63,85.5,0.64,34.5,0.02,0.01,2342.938039,1776187575000
1776187577.381,77.381,0.37,207.5,0.36,29.5,0.39,27.0,0.4,60.0,0.61,27.0,0.6,60.0,0.63,207.5,0.64,29.5,0.02,0.02,2343.21948,1776187576000
1776187577.977,77.977,0.36,16.87,0.35,18.5,0.37,10.0,0.38,100.0,0.61,27.0,0.6,60.0,0.63,207.5,0.64,29.5,0.01,0.02,2343.21948,1776187576000
1776187578.344,78.344,0.36,16.87,0.35,18.5,0.37,10.0,0.38,100.0,0.63,10.0,0.62,100.0,0.64,16.87,0.65,18.5,0.01,0.01,2343.277836,1776187577000
1776187579.649,79.649,0.35,10.5,0.34,272.5,0.36,115.0,0.37,81.0,0.64,115.0,0.63,81.0,0.65,10.5,0.66,272.5,0.01,0.01,2343.286693,1776187578000
1776187580.372,80.372,0.35,10.5,0.34,272.5,0.36,115.0,0.37,81.0,0.64,115.0,0.63,81.0,0.65,10.5,0.66,272.5,0.01,0.01,2343.260084,1776187579000
1776187581.388,81.388,0.33,59.0,0.32,120.0,0.34,248.5,0.35,145.5,0.64,115.0,0.63,81.0,0.65,10.5,0.66,272.5,0.01,0.01,2343.260084,1776187579000
1776187581.671,81.671,0.33,57.76,0.32,130.0,0.34,248.5,0.35,145.5,0.66,248.5,0.65,145.5,0.67,57.76,0.68,130.0,0.01,0.01,2343.135717,1776187580000
1776187582.132,82.132,0.33,42.76,0.32,120.0,0.34,253.5,0.35,145.5,0.66,258.5,0.65,145.5,0.67,39.76,0.68,120.0,0.01,0.01,2343.135717,1776187580000
1776187582.459,82.459,0.33,51.26,0.32,120.0,0.34,268.5,0.35,145.5,0.66,253.5,0.65,145.5,0.67,42.76,0.68,120.0,0.01,0.01,2342.99384,1776187581000
1776187583.636,83.636,0.33,51.26,0.32,120.0,0.34,268.5,0.35,145.5,0.66,268.5,0.65,145.5,0.67,51.26,0.68,120.0,0.01,0.01,2342.831223,1776187582000
1776187584.261,84.261,0.33,51.26,0.32,120.0,0.34,268.5,0.35,145.5,0.66,268.5,0.65,145.5,0.67,51.26,0.68,120.0,0.01,0.01,2342.738183,1776187583000
1776187585.678,85.678,0.33,51.26,0.32,120.0,0.34,268.5,0.35,145.5,0.66,268.5,0.65,145.5,0.67,51.26,0.68,120.0,0.01,0.01,2342.742374,1776187584000
1776187585.898,85.898,0.3,140.0,0.29,140.0,0.31,371.27,0.32,110.5,0.66,268.5,0.65,145.5,0.67,51.26,0.68,120.0,0.01,0.01,2342.742374,1776187584000
1776187586.281,86.281,0.3,140.0,0.29,140.0,0.31,371.27,0.32,110.5,0.69,371.27,0.68,110.5,0.7,140.0,0.71,140.0,0.01,0.01,2342.714305,1776187585000
1776187587.661,87.661,0.3,140.0,0.29,140.0,0.31,371.27,0.32,110.5,0.69,371.27,0.68,110.5,0.7,140.0,0.71,140.0,0.01,0.01,2342.45253,1776187586000
1776187587.941,87.941,0.29,307.5,0.28,105.5,0.3,2.5,0.31,140.0,0.69,371.27,0.68,110.5,0.7,140.0,0.71,140.0,0.01,0.01,2342.45253,1776187586000
1776187588.332,88.332,0.3,68.0,0.29,262.5,0.31,79.67,0.32,135.0,0.69,79.67,0.68,135.0,0.7,68.0,0.71,262.5,0.01,0.01,2342.427664,1776187587000
1776187588.568,88.568,0.3,235.0,0.29,200.5,0.33,20.65,0.34,75.5,0.69,79.67,0.68,135.0,0.7,68.0,0.71,262.5,0.03,0.01,2342.427664,1776187587000
1776187589.037,89.037,0.3,223.91,0.29,200.5,0.31,10.0,0.32,10.0,0.69,10.0,0.68,10.0,0.7,223.91,0.71,200.5,0.01,0.01,2342.439395,1776187588000
1776187590.175,90.175,0.3,67.83,0.29,200.5,0.31,35.0,0.32,143.5,0.69,20.0,0.68,20.0,0.7,205.33,0.71,200.5,0.01,0.01,2342.439395,1776187588000
1776187590.436,90.436,0.3,67.83,0.29,200.5,0.31,35.0,0.32,143.5,0.69,35.0,0.68,143.5,0.7,67.83,0.71,200.5,0.01,0.01,2342.576093,1776187589000
1776187591.064,91.064,0.3,67.83,0.29,200.5,0.31,35.0,0.32,143.5,0.69,35.0,0.68,143.5,0.7,67.83,0.71,200.5,0.01,0.01,2342.624563,1776187590000
1776187591.429,91.429,0.3,186.0,0.29,200.5,0.31,35.0,0.32,26.5,0.69,35.0,0.68,143.5,0.7,67.83,0.71,200.5,0.01,0.01,2342.624563,1776187590000
1776187591.709,91.709,0.3,186.0,0.29,200.5,0.31,35.0,0.32,31.5,0.69,35.0,0.68,26.5,0.7,186.0,0.71,200.5,0.01,0.01,2342.624563,1776187590000
1776187592.473,92.473,0.3,186.0,0.29,200.5,0.31,35.0,0.32,31.5,0.69,35.0,0.68,31.5,0.7,186.0,0.71,200.5,0.01,0.01,2342.626742,1776187591000
1776187592.729,92.729,0.3,175.5,0.29,200.5,0.31,68.87,0.32,31.0,0.69,35.0,0.68,31.5,0.7,186.0,0.71,200.5,0.01,0.01,2342.626742,1776187591000
1776187593.259,93.259,0.3,221.5,0.29,200.5,0.31,78.87,0.32,31.0,0.69,78.87,0.68,31.0,0.7,221.5,0.71,200.5,0.01,0.01,2342.634475,1776187592000
1776187594.265,94.265,0.3,216.5,0.29,200.5,0.31,73.87,0.32,31.0,0.69,78.87,0.68,31.0,0.7,221.5,0.71,200.5,0.01,0.01,2342.634475,1776187592000
1776187594.473,94.473,0.3,209.9,0.29,200.5,0.31,73.87,0.32,41.0,0.69,73.87,0.68,41.0,0.7,214.9,0.71,200.5,0.01,0.01,2342.634475,1776187592000
1776187595.446,95.446,0.3,209.9,0.29,200.5,0.31,73.87,0.32,41.0,0.69,73.87,0.68,41.0,0.7,209.9,0.71,200.5,0.01,0.01,2342.7135,1776187594000
1776187595.782,95.782,0.29,191.0,0.28,110.5,0.3,24.0,0.31,262.37,0.69,73.87,0.68,41.0,0.7,209.9,0.71,200.5,0.01,0.01,2342.7135,1776187594000
1776187596.132,96.132,0.29,191.0,0.28,110.5,0.3,24.0,0.31,262.37,0.7,24.0,0.69,262.37,0.71,191.0,0.72,110.5,0.01,0.01,2342.720015,1776187595000
1776187597.152,97.152,0.29,191.0,0.28,110.5,0.3,24.0,0.31,262.37,0.7,24.0,0.69,262.37,0.71,191.0,0.72,110.5,0.01,0.01,2342.684373,1776187596000
1776187597.876,97.876,0.29,103.0,0.28,120.5,0.3,174.09,0.31,130.37,0.7,174.09,0.69,130.37,0.71,95.0,0.72,115.5,0.01,0.01,2342.684373,1776187596000
1776187598.212,98.212,0.29,103.0,0.28,120.5,0.3,174.09,0.31,130.37,0.7,174.09,0.69,130.37,0.71,103.0,0.72,120.5,0.01,0.01,2342.675755,1776187597000
1776187598.506,98.506,0.29,93.0,0.28,237.5,0.3,47.09,0.31,130.37,0.7,174.09,0.69,130.37,0.71,103.0,0.72,120.5,0.01,0.01,2342.675755,1776187597000
1776187599.277,99.277,0.29,93.0,0.28,237.5,0.3,47.09,0.31,130.37,0.7,47.09,0.69,130.37,0.71,93.0,0.72,237.5,0.01,0.01,2342.675875,1776187598000
1776187599.784,99.784,0.29,3.0,0.28,115.5,0.3,53.09,0.31,124.37,0.7,47.09,0.69,130.37,0.71,93.0,0.72,237.5,0.01,0.01,2342.675875,1776187598000
1776187600.302,100.302,0.29,3.0,0.28,115.5,0.3,53.09,0.31,124.37,0.7,53.09,0.69,124.37,0.71,3.0,0.72,115.5,0.01,0.01,2342.677444,1776187599000
1776187601.183,101.183,0.28,272.5,0.27,180.5,0.29,30.0,0.3,28.09,0.7,53.09,0.69,124.37,0.71,3.0,0.72,115.5,0.01,0.01,2342.677444,1776187599000
1776187601.533,101.533,0.28,252.88,0.27,190.5,0.29,30.0,0.3,28.09,0.71,30.0,0.7,28.09,0.72,272.5,0.73,180.5,0.01,0.01,2342.671819,1776187600000
1776187602.395,102.395,0.28,252.88,0.27,190.5,0.29,30.0,0.3,28.09,0.71,30.0,0.7,28.09,0.72,252.88,0.73,190.5,0.01,0.01,2342.582174,1776187601000
1776187602.637,102.637,0.28,221.49,0.27,190.5,0.29,47.51,0.3,28.09,0.71,47.51,0.7,28.09,0.72,247.88,0.73,190.5,0.01,0.01,2342.582174,1776187601000
1776187602.942,102.942,0.28,221.49,0.27,190.5,0.29,47.51,0.3,28.09,0.71,47.51,0.7,28.09,0.72,221.49,0.73,190.5,0.01,0.01,2342.621931,1776187602000
1776187603.89,103.89,0.28,221.49,0.27,190.5,0.29,47.51,0.3,28.09,0.71,47.51,0.7,28.09,0.72,221.49,0.73,190.5,0.01,0.01,2342.621376,1776187603000
1776187605.056,105.056,0.27,160.0,0.26,105.5,0.28,175.89,0.29,196.01,0.72,175.89,0.71,196.01,0.73,160.0,0.74,105.5,0.01,0.01,2342.585941,1776187604000
1776187605.566,105.566,0.26,0.66,0.25,85.0,0.27,100.5,0.28,374.39,0.72,175.89,0.71,196.01,0.73,160.0,0.74,105.5,0.01,0.01,2342.585941,1776187604000
1776187606.103,106.103,0.26,0.66,0.25,85.0,0.27,100.5,0.28,374.39,0.73,100.5,0.72,374.39,0.74,0.66,0.75,85.0,0.01,0.01,2342.557387,1776187605000
1776187607.105,107.105,0.26,0.66,0.25,85.0,0.27,100.5,0.28,374.39,0.73,100.5,0.72,374.39,0.74,0.66,0.75,85.0,0.01,0.01,2342.515683,1776187606000
1776187607.431,107.431,0.25,8.48,0.24,217.5,0.26,169.0,0.27,272.5,0.73,100.5,0.72,374.39,0.74,0.66,0.75,85.0,0.01,0.01,2342.515683,1776187606000
1776187608.093,108.093,0.25,8.48,0.24,217.5,0.26,169.0,0.27,272.5,0.74,169.0,0.73,272.5,0.75,8.48,0.76,217.5,0.01,0.01,2342.28844,1776187607000
1776187608.79,108.79,0.24,258.5,0.23,235.8,0.25,25.0,0.26,71.0,0.74,169.0,0.73,272.5,0.75,8.48,0.76,217.5,0.01,0.01,2342.28844,1776187607000
1776187609.094,109.094,0.24,251.36,0.23,235.8,0.25,25.0,0.26,71.0,0.75,25.0,0.74,71.0,0.76,258.5,0.77,235.8,0.01,0.01,2342.28844,1776187607000
1776187609.875,109.875,0.24,246.36,0.23,235.8,0.25,25.0,0.26,71.0,0.75,25.0,0.74,71.0,0.76,251.36,0.77,235.8,0.01,0.01,2342.226772,1776187608000
1776187610.297,110.297,0.24,246.36,0.23,235.8,0.25,25.0,0.26,71.0,0.75,25.0,0.74,71.0,0.76,246.36,0.77,235.8,0.01,0.01,2342.332773,1776187609000
1776187611.079,111.079,0.24,241.36,0.23,235.8,0.25,31.0,0.26,75.0,0.75,25.0,0.74,71.0,0.76,246.36,0.77,235.8,0.01,0.01,2342.332773,1776187609000
1776187611.428,111.428,0.24,241.36,0.23,235.8,0.25,31.0,0.26,75.0,0.75,31.0,0.74,75.0,0.76,241.36,0.77,235.8,0.01,0.01,2342.339504,1776187610000
1776187611.753,111.753,0.24,62.0,0.23,235.8,0.25,131.0,0.26,247.5,0.75,31.0,0.74,75.0,0.76,241.36,0.77,235.8,0.01,0.01,2342.339504,1776187610000
1776187611.999,111.999,0.24,62.0,0.23,235.8,0.25,131.0,0.26,247.5,0.75,131.0,0.74,247.5,0.76,62.0,0.77,235.8,0.01,0.01,2342.339504,1776187611000
1776187613.061,113.061,0.24,62.0,0.23,235.8,0.25,131.0,0.26,247.5,0.75,131.0,0.74,247.5,0.76,62.0,0.77,235.8,0.01,0.01,2342.31324,1776187612000
1776187613.933,113.933,0.2,342.07,0.19,145.0,0.21,114.0,0.22,15.0,0.75,131.0,0.74,247.5,0.76,62.0,0.77,235.8,0.01,0.01,2342.31324,1776187612000
1776187614.275,114.275,0.2,335.07,0.19,145.0,0.21,77.0,0.22,15.0,0.79,114.0,0.78,15.0,0.8,342.07,0.81,145.0,0.01,0.01,2342.31324,1776187612000
1776187614.482,114.482,0.2,330.07,0.19,145.0,0.21,77.0,0.22,15.0,0.79,77.0,0.78,15.0,0.8,335.07,0.81,145.0,0.01,0.01,2342.234629,1776187613000
1776187615.37,115.37,0.2,325.07,0.19,145.0,0.21,67.0,0.22,15.0,0.79,67.0,0.78,15.0,0.8,325.07,0.81,145.0,0.01,0.01,2342.070084,1776187614000
1776187615.914,115.914,0.2,325.07,0.19,145.0,0.21,168.0,0.22,45.0,0.79,168.0,0.78,45.0,0.8,325.07,0.81,145.0,0.01,0.01,2342.040664,1776187615000
1776187616.308,116.308,0.2,187.44,0.19,272.5,0.21,211.0,0.22,202.0,0.79,168.0,0.78,45.0,0.8,325.07,0.81,145.0,0.01,0.01,2342.040664,1776187615000
1776187617.065,117.065,0.2,187.44,0.19,272.5,0.21,211.0,0.22,202.0,0.79,211.0,0.78,202.0,0.8,187.44,0.81,272.5,0.01,0.01,2342.024678,1776187616000
1776187618.163,118.163,0.2,187.44,0.19,272.5,0.21,211.0,0.22,202.0,0.79,211.0,0.78,202.0,0.8,187.44,0.81,272.5,0.01,0.01,2342.019631,1776187617000
1776187619.314,119.314,0.2,187.44,0.19,272.5,0.21,211.0,0.22,202.0,0.79,211.0,0.78,202.0,0.8,187.44,0.81,272.5,0.01,0.01,2342.018779,1776187618000
1776187619.895,119.895,0.2,187.44,0.19,272.5,0.21,211.0,0.22,202.0,0.79,211.0,0.78,202.0,0.8,187.44,0.81,272.5,0.01,0.01,2342.012679,1776187619000
1776187620.743,120.743,0.19,267.0,0.18,80.5,0.21,220.5,0.22,223.5,0.79,211.0,0.78,202.0,0.8,187.44,0.81,272.5,0.02,0.01,2342.012679,1776187619000
1776187621.071,121.071,0.19,247.19,0.18,80.5,0.2,30.7,0.21,155.5,0.8,30.7,0.79,155.5,0.81,247.19,0.82,80.5,0.01,0.01,2341.983673,1776187620000
1776187621.59,121.59,0.19,110.31,0.18,202.5,0.2,202.7,0.21,222.45,0.8,30.7,0.79,155.5,0.81,247.19,0.82,80.5,0.01,0.01,2341.983673,1776187620000
1776187622.17,122.17,0.19,110.31,0.18,202.5,0.2,202.7,0.21,222.45,0.8,202.7,0.79,222.45,0.81,110.31,0.82,202.5,0.01,0.01,2341.981962,1776187621000
1776187623.662,123.662,0.19,110.31,0.18,202.5,0.2,202.7,0.21,222.45,0.8,202.7,0.79,222.45,0.81,110.31,0.82,202.5,0.01,0.01,2341.980896,1776187622000
1776187624.092,124.092,0.19,110.31,0.18,202.5,0.2,202.7,0.21,222.45,0.8,202.7,0.79,222.45,0.81,110.31,0.82,202.5,0.01,0.01,2341.971604,1776187623000
1776187624.68,124.68,0.18,10.0,0.17,160.5,0.19,152.0,0.2,211.2,0.81,55.0,0.8,90.7,0.82,193.11,0.83,174.5,0.01,0.01,2341.971604,1776187623000
1776187625.102,125.102,0.18,10.0,0.17,160.5,0.19,152.0,0.2,211.2,0.81,152.0,0.8,211.2,0.82,10.0,0.83,160.5,0.01,0.01,2341.949663,1776187624000
1776187625.718,125.718,0.18,5.0,0.17,160.5,0.19,208.0,0.2,246.2,0.81,152.0,0.8,211.2,0.82,10.0,0.83,160.5,0.01,0.01,2341.949663,1776187624000
1776187626.1,126.1,0.18,5.0,0.17,160.5,0.19,208.0,0.2,246.2,0.81,208.0,0.8,246.2,0.82,5.0,0.83,160.5,0.01,0.01,2341.956763,1776187625000
1776187627.519,127.519,0.16,272.5,0.15,175.0,0.18,211.0,0.19,106.0,0.81,218.0,0.8,232.5,0.83,120.42,0.84,397.0,0.02,0.02,2341.956763,1776187625000
1776187629.097,129.097,0.16,258.81,0.15,196.0,0.17,10.0,0.18,10.0,0.82,211.0,0.81,106.0,0.84,272.5,0.85,175.0,0.01,0.02,2341.956763,1776187625000
1776187629.555,129.555,0.16,256.81,0.15,196.0,0.17,40.0,0.18,10.0,0.83,10.0,0.82,10.0,0.84,258.81,0.85,196.0,0.01,0.01,2341.956763,1776187625000
1776187630.489,130.489,0.16,225.81,0.15,196.0,0.17,40.0,0.18,47.65,0.83,40.0,0.82,10.0,0.84,256.81,0.85,196.0,0.01,0.01,2341.956763,1776187625000
1776187630.979,130.979,0.16,218.81,0.15,213.0,0.17,15.0,0.18,47.65,0.83,15.0,0.82,47.65,0.84,218.81,0.85,213.0,0.01,0.01,2341.948147,1776187626000
1776187632.037,132.037,0.16,234.81,0.15,213.0,0.17,15.0,0.18,15.0,0.83,15.0,0.82,47.65,0.84,218.81,0.85,213.0,0.01,0.01,2341.967382,1776187630000
1776187632.303,132.303,0.16,234.81,0.15,213.0,0.17,15.0,0.18,15.0,0.83,15.0,0.82,15.0,0.84,234.81,0.85,213.0,0.01,0.01,2341.967736,1776187631000
1776187632.968,132.968,0.16,234.81,0.15,213.0,0.17,15.0,0.18,15.0,0.83,15.0,0.82,15.0,0.84,234.81,0.85,213.0,0.01,0.01,2341.999832,1776187632000
1776187633.215,133.215,0.16,61.31,0.15,333.5,0.17,20.0,0.18,199.0,0.83,15.0,0.82,15.0,0.84,234.81,0.85,213.0,0.01,0.01,2341.999832,1776187632000
1776187633.89,133.89,0.16,76.81,0.15,333.5,0.17,38.0,0.18,139.0,0.83,20.0,0.82,199.0,0.84,61.31,0.85,333.5,0.01,0.01,2341.999832,1776187632000
1776187634.638,134.638,0.16,19.61,0.15,333.5,0.17,69.11,0.18,194.0,0.83,57.79,0.82,139.0,0.84,14.61,0.85,333.5,0.01,0.01,2342.0596,1776187633000
1776187634.926,134.926,0.16,1.31,0.15,333.5,0.17,74.11,0.18,194.0,0.83,69.11,0.82,194.0,0.84,19.61,0.85,333.5,0.01,0.01,2342.0596,1776187633000
1776187636.407,136.407,0.16,1.31,0.15,333.5,0.17,74.11,0.18,194.0,0.83,74.11,0.82,194.0,0.84,1.31,0.85,333.5,0.01,0.01,2341.997812,1776187635000
1776187636.974,136.974,0.16,1.31,0.15,333.5,0.17,74.11,0.18,194.0,0.83,74.11,0.82,194.0,0.84,1.31,0.85,333.5,0.01,0.01,2341.999893,1776187636000
1776187637.776,137.776,0.15,70.0,0.14,238.5,0.17,96.11,0.18,80.5,0.83,74.11,0.82,194.0,0.84,1.31,0.85,333.5,0.02,0.01,2341.999893,1776187636000
1776187638.325,138.325,0.15,70.0,0.14,238.5,0.17,96.11,0.18,80.5,0.83,96.11,0.82,80.5,0.85,70.0,0.86,238.5,0.02,0.02,2342.001912,1776187637000
1776187639.324,139.324,0.15,70.0,0.14,238.5,0.17,96.11,0.18,80.5,0.83,96.11,0.82,80.5,0.85,70.0,0.86,238.5,0.02,0.02,2342.002074,1776187638000
1776187640.337,140.337,0.15,70.0,0.14,238.5,0.17,96.11,0.18,80.5,0.83,96.11,0.82,80.5,0.85,70.0,0.86,238.5,0.02,0.02,2341.970441,1776187639000
1776187640.569,140.569,0.14,177.0,0.13,90.5,0.16,259.0,0.17,79.61,0.83,96.11,0.82,80.5,0.85,70.0,0.86,238.5,0.02,0.02,2341.970441,1776187639000
1776187641.261,141.261,0.14,177.0,0.13,90.5,0.16,259.0,0.17,79.61,0.84,259.0,0.83,79.61,0.86,177.0,0.87,90.5,0.02,0.02,2341.946856,1776187640000
1776187642.271,142.271,0.14,177.0,0.13,90.5,0.16,259.0,0.17,79.61,0.84,259.0,0.83,79.61,0.86,177.0,0.87,90.5,0.02,0.02,2341.914927,1776187641000
1776187643.235,143.235,0.14,177.0,0.13,90.5,0.16,259.0,0.17,79.61,0.84,259.0,0.83,79.61,0.86,177.0,0.87,90.5,0.02,0.02,2341.904599,1776187642000
1776187644.296,144.296,0.14,177.0,0.13,90.5,0.16,259.0,0.17,79.61,0.84,259.0,0.83,79.61,0.86,177.0,0.87,90.5,0.02,0.02,2341.884758,1776187643000
1776187644.557,144.557,0.13,1.81,0.12,205.09,0.14,186.5,0.15,220.5,0.84,259.0,0.83,79.61,0.86,177.0,0.87,90.5,0.01,0.02,2341.884758,1776187643000
1776187645.158,145.158,0.12,355.5,0.11,113.5,0.13,68.0,0.14,65.0,0.86,186.5,0.85,220.5,0.87,1.81,0.88,205.09,0.01,0.01,2341.884758,1776187643000
1776187646.176,146.176,0.12,355.5,0.11,113.5,0.13,68.0,0.14,65.0,0.87,68.0,0.86,65.0,0.88,355.5,0.89,113.5,0.01,0.01,2341.691007,1776187645000
1776187647.16,147.16,0.12,355.5,0.11,113.5,0.13,68.0,0.14,65.0,0.87,68.0,0.86,65.0,0.88,355.5,0.89,113.5,0.01,0.01,2341.679812,1776187646000
1776187647.789,147.789,0.12,21.5,0.11,122.0,0.13,133.0,0.14,85.0,0.87,68.0,0.86,65.0,0.88,355.5,0.89,113.5,0.01,0.01,2341.679812,1776187646000
1776187648.18,148.18,0.12,21.5,0.11,122.0,0.13,133.0,0.14,85.0,0.87,133.0,0.86,85.0,0.88,21.5,0.89,122.0,0.01,0.01,2341.677747,1776187647000
1776187649.014,149.014,0.12,21.5,0.11,122.0,0.13,133.0,0.14,85.0,0.87,133.0,0.86,85.0,0.88,21.5,0.89,122.0,0.01,0.01,2341.635994,1776187648000
1776187649.387,149.387,0.12,4.9,0.11,122.0,0.13,136.0,0.14,212.5,0.87,133.0,0.86,85.0,0.88,21.5,0.89,122.0,0.01,0.01,2341.635994,1776187648000
1776187650.246,150.246,0.12,4.9,0.11,122.0,0.13,136.0,0.14,212.5,0.87,136.0,0.86,212.5,0.88,4.9,0.89,122.0,0.01,0.01,2341.621105,1776187649000
1776187650.535,150.535,0.1,117.0,0.08,167.0,0.12,125.5,0.13,181.5,0.87,114.5,0.86,272.5,0.89,127.0,0.9,162.0,0.02,0.02,2341.621105,1776187649000
1776187650.901,150.901,0.1,38.25,0.08,167.0,0.11,161.5,0.12,232.5,0.89,85.5,0.88,115.5,0.9,6.52,0.92,167.0,0.01,0.01,2341.621105,1776187649000
1776187651.284,151.284,0.08,167.0,0.07,55.0,0.11,273.5,0.12,135.5,0.89,273.5,0.88,135.5,0.92,167.0,0.93,55.0,0.03,0.03,2341.619579,1776187650000
1776187651.805,151.805,0.08,133.53,0.07,50.0,0.09,18.0,0.1,20.0,0.89,273.5,0.88,135.5,0.92,167.0,0.93,55.0,0.01,0.03,2341.619579,1776187650000
1776187652.101,152.101,0.06,218.31,0.05,184.8,0.07,47.0,0.08,10.0,0.91,16.44,0.9,20.0,0.92,133.53,0.93,50.0,0.01,0.01,2341.619579,1776187650000
1776187652.317,152.317,0.06,218.31,0.05,184.8,0.07,47.0,0.08,10.0,0.93,47.0,0.92,10.0,0.94,218.31,0.95,184.8,0.01,0.01,2341.397426,1776187651000
1776187653.395,153.395,0.06,218.31,0.05,184.8,0.07,47.0,0.08,10.0,0.93,47.0,0.92,10.0,0.94,218.31,0.95,184.8,0.01,0.01,2341.063025,1776187652000
1776187653.914,153.914,0.04,49.79,0.03,612.0,0.06,167.39,0.07,52.0,0.94,32.39,0.93,162.0,0.95,32.29,0.96,52.5,0.02,0.01,2341.063025,1776187652000
1776187654.141,154.141,0.04,44.63,0.03,612.0,0.05,37.0,0.06,186.0,0.94,167.39,0.93,52.0,0.96,49.79,0.97,612.0,0.01,0.02,2340.949583,1776187653000
1776187654.69,154.69,0.04,36.56,0.03,612.0,0.05,93.0,0.06,188.0,0.95,37.0,0.94,186.0,0.96,41.56,0.97,612.0,0.01,0.01,2340.949583,1776187653000
1776187654.985,154.985,0.04,36.56,0.03,612.0,0.05,93.0,0.06,188.0,0.95,93.0,0.94,188.0,0.96,36.56,0.97,612.0,0.01,0.01,2340.234562,1776187654000
1776187655.186,155.186,0.04,61.81,0.03,612.0,0.06,178.07,0.07,240.8,0.95,93.0,0.94,188.0,0.96,36.56,0.97,612.0,0.02,0.01,2340.234562,1776187654000
1776187655.629,155.629,0.04,56.81,0.03,612.0,0.05,143.5,0.06,291.07,0.95,138.5,0.94,296.07,0.96,61.81,0.97,612.0,0.01,0.01,2340.234562,1776187654000
1776187655.951,155.951,0.04,36.38,0.03,612.0,0.05,176.5,0.06,354.87,0.95,171.5,0.94,354.87,0.96,43.6,0.97,612.0,0.01,0.01,2340.234562,1776187654000
1776187656.491,156.491,0.04,248.17,0.03,501.0,0.05,249.3,0.06,257.87,0.95,153.5,0.94,379.87,0.96,111.13,0.97,612.0,0.01,0.01,2340.05972,1776187655000
1776187656.894,156.894,0.04,181.25,0.03,822.0,0.05,291.3,0.06,289.87,0.95,249.3,0.94,257.87,0.96,248.17,0.97,501.0,0.01,0.01,2340.05972,1776187655000
1776187657.1,157.1,0.04,155.0,0.03,837.0,0.05,291.3,0.06,289.87,0.95,291.3,0.94,289.87,0.96,155.0,0.97,837.0,0.01,0.01,2339.770066,1776187656000
1776187657.553,157.553,0.04,25.25,0.03,725.0,0.05,291.3,0.06,411.87,0.95,291.3,0.94,289.87,0.96,155.0,0.97,837.0,0.01,0.01,2339.770066,1776187656000
1776187658.138,158.138,0.04,5.0,0.03,618.0,0.05,286.3,0.06,411.87,0.95,286.3,0.94,411.87,0.96,5.0,0.97,618.0,0.01,0.01,2339.721088,1776187657000
1776187658.437,158.437,0.04,30.25,0.03,618.0,0.05,296.3,0.06,411.87,0.95,286.3,0.94,411.87,0.96,5.0,0.97,618.0,0.01,0.01,2339.721088,1776187657000
1776187659.223,159.223,0.04,30.25,0.03,618.0,0.05,296.3,0.06,411.87,0.95,296.3,0.94,411.87,0.96,30.25,0.97,618.0,0.01,0.01,2339.832546,1776187658000
1776187659.482,159.482,0.03,645.66,0.02,528.7,0.04,200.5,0.05,271.3,0.95,296.3,0.94,411.87,0.96,30.25,0.97,618.0,0.01,0.01,2339.832546,1776187658000
1776187660.378,160.378,0.03,635.66,0.02,528.7,0.04,314.5,0.05,276.3,0.96,314.5,0.95,276.3,0.97,635.66,0.98,528.7,0.01,0.01,2339.878526,1776187659000
1776187660.921,160.921,0.03,635.66,0.02,528.7,0.04,314.5,0.05,276.3,0.96,314.5,0.95,276.3,0.97,635.66,0.98,528.7,0.01,0.01,2339.83538,1776187660000
1776187661.493,161.493,0.03,693.66,0.02,578.7,0.04,321.5,0.05,276.3,0.96,314.5,0.95,276.3,0.97,635.66,0.98,528.7,0.01,0.01,2339.83538,1776187660000
1776187661.923,161.923,0.03,683.66,0.02,578.7,0.04,321.5,0.05,276.3,0.96,321.5,0.95,276.3,0.97,683.66,0.98,578.7,0.01,0.01,2339.83554,1776187661000
1776187663.242,163.242,0.03,688.66,0.02,528.7,0.04,218.0,0.05,276.3,0.96,321.5,0.95,276.3,0.97,683.66,0.98,578.7,0.01,0.01,2339.83554,1776187661000
1776187663.61,163.61,0.03,733.66,0.02,578.7,0.04,163.0,0.05,276.3,0.96,186.63,0.95,276.3,0.97,688.66,0.98,528.7,0.01,0.01,2339.878037,1776187662000
1776187663.994,163.994,0.03,733.66,0.02,578.7,0.04,163.0,0.05,276.3,0.96,163.0,0.95,276.3,0.97,733.66,0.98,578.7,0.01,0.01,2339.876175,1776187663000
1776187664.339,164.339,0.03,635.36,0.02,623.7,0.06,214.3,0.07,377.8,0.96,163.0,0.95,276.3,0.97,733.66,0.98,578.7,0.03,0.01,2339.876175,1776187663000
1776187665.138,165.138,0.04,414.36,0.03,584.36,0.05,10.0,0.06,15.0,0.94,214.3,0.93,377.8,0.97,635.36,0.98,623.7,0.01,0.03,2339.876175,1776187663000
1776187665.621,165.621,0.04,315.56,0.03,584.36,0.05,10.0,0.06,15.0,0.95,10.0,0.94,15.0,0.96,414.36,0.97,584.36,0.01,0.01,2339.8885,1776187664000
1776187666.322,166.322,0.04,320.41,0.03,584.36,0.05,10.0,0.06,15.0,0.95,10.0,0.94,15.0,0.96,320.41,0.97,584.36,0.01,0.01,2340.149071,1776187665000
1776187666.745,166.745,0.04,158.0,0.03,864.7,0.05,10.0,0.06,20.0,0.95,10.0,0.94,15.0,0.96,320.41,0.97,584.36,0.01,0.01,2340.149071,1776187665000
1776187667.415,167.415,0.04,158.0,0.03,864.7,0.05,10.0,0.06,20.0,0.95,10.0,0.94,20.0,0.96,158.0,0.97,864.7,0.01,0.01,2340.561557,1776187666000
1776187668.0,168.0,0.04,158.0,0.03,864.7,0.05,10.0,0.06,20.0,0.95,10.0,0.94,20.0,0.96,158.0,0.97,864.7,0.01,0.01,2340.564984,1776187667000
1776187668.803,168.803,0.04,177.25,0.03,864.7,0.05,88.12,0.06,25.0,0.95,10.0,0.94,20.0,0.96,158.0,0.97,864.7,0.01,0.01,2340.564984,1776187667000
1776187669.109,169.109,0.04,177.25,0.03,864.7,0.05,66.12,0.06,25.0,0.95,66.12,0.94,25.0,0.96,177.25,0.97,864.7,0.01,0.01,2340.650834,1776187668000
1776187669.355,169.355,0.04,45.0,0.03,912.7,0.05,45.12,0.06,292.3,0.95,67.12,0.94,292.3,0.96,45.0,0.97,912.7,0.01,0.01,2340.650834,1776187668000
1776187669.624,169.624,0.04,25.25,0.03,912.7,0.05,61.12,0.06,292.3,0.95,45.12,0.94,292.3,0.96,45.0,0.97,912.7,0.01,0.01,2340.650834,1776187668000
1776187670.364,170.364,0.04,25.25,0.03,912.7,0.05,34.12,0.06,292.3,0.95,34.12,0.94,292.3,0.96,25.25,0.97,912.7,0.01,0.01,2340.662295,1776187669000
1776187670.642,170.642,0.04,22.64,0.03,597.7,0.05,64.62,0.06,292.3,0.95,34.12,0.94,292.3,0.96,25.25,0.97,912.7,0.01,0.01,2340.662295,1776187669000
1776187671.497,171.497,0.04,22.64,0.03,597.7,0.05,64.62,0.06,292.3,0.95,64.62,0.94,292.3,0.96,22.64,0.97,597.7,0.01,0.01,2340.585231,1776187670000
1776187672.038,172.038,0.03,406.19,0.02,639.7,0.04,16.0,0.05,109.62,0.96,16.0,0.95,109.62,0.97,406.19,0.98,639.7,0.01,0.01,2340.509382,1776187671000
1776187672.583,172.583,0.03,406.19,0.02,639.7,0.04,56.5,0.05,307.42,0.96,16.0,0.95,109.62,0.97,406.19,0.98,639.7,0.01,0.01,2340.509382,1776187671000
1776187673.155,173.155,0.03,406.19,0.02,639.7,0.04,56.5,0.05,307.42,0.96,56.5,0.95,307.42,0.97,406.19,0.98,639.7,0.01,0.01,2340.409474,1776187672000
1776187674.322,174.322,0.03,406.19,0.02,639.7,0.04,56.5,0.05,307.42,0.96,56.5,0.95,307.42,0.97,406.19,0.98,639.7,0.01,0.01,2340.29065,1776187673000
1776187675.353,175.353,0.03,406.19,0.02,639.7,0.04,56.5,0.05,307.42,0.96,56.5,0.95,307.42,0.97,406.19,0.98,639.7,0.01,0.01,2340.20259,1776187674000
1776187676.448,176.448,0.03,406.19,0.02,639.7,0.04,56.5,0.05,307.42,0.96,56.5,0.95,307.42,0.97,406.19,0.98,639.7,0.01,0.01,2340.312814,1776187675000
1776187677.764,177.764,0.03,406.19,0.02,639.7,0.04,56.5,0.05,307.42,0.96,56.5,0.95,307.42,0.97,406.19,0.98,639.7,0.01,0.01,2340.313594,1776187676000
1776187678.433,178.433,0.03,406.19,0.02,639.7,0.04,56.5,0.05,307.42,0.96,56.5,0.95,307.42,0.97,406.19,0.98,639.7,0.01,0.01,2340.314059,1776187677000
1776187678.944,178.944,0.03,406.19,0.02,639.7,0.04,56.5,0.05,307.42,0.96,56.5,0.95,307.42,0.97,406.19,0.98,639.7,0.01,0.01,2340.311492,1776187678000
1776187679.271,179.271,0.03,279.19,0.02,951.7,0.04,164.5,0.05,296.3,0.96,56.5,0.95,307.42,0.97,406.19,0.98,639.7,0.01,0.01,2340.311492,1776187678000
1776187680.04,180.04,0.03,279.19,0.02,951.7,0.04,164.5,0.05,296.3,0.96,164.5,0.95,296.3,0.97,279.19,0.98,951.7,0.01,0.01,2340.27253,1776187679000
1776187680.39,180.39,0.03,325.03,0.02,575.0,0.04,242.2,0.05,296.3,0.96,164.5,0.95,296.3,0.97,279.19,0.98,951.7,0.01,0.01,2340.27253,1776187679000
1776187680.658,180.658,0.03,169.05,0.02,494.0,0.04,259.2,0.05,273.3,0.96,237.2,0.95,296.3,0.97,314.71,0.98,575.0,0.01,0.01,2340.27253,1776187679000
1776187681.266,181.266,0.03,169.05,0.02,494.0,0.04,259.2,0.05,273.3,0.96,259.2,0.95,273.3,0.97,169.05,0.98,494.0,0.01,0.01,2340.268093,1776187680000
1776187681.805,181.805,0.03,188.71,0.02,494.0,0.04,293.2,0.05,278.3,0.96,259.2,0.95,273.3,0.97,169.05,0.98,494.0,0.01,0.01,2340.268093,1776187680000
1776187683.452,183.452,0.03,180.64,0.02,494.0,0.04,224.2,0.05,306.56,0.96,293.2,0.95,278.3,0.97,188.71,0.98,494.0,0.01,0.01,2340.268093,1776187680000
1776187683.73,183.73,0.03,180.64,0.02,494.0,0.04,224.2,0.05,306.56,0.96,224.2,0.95,306.56,0.97,180.64,0.98,494.0,0.01,0.01,2339.987885,1776187682000
1776187684.165,184.165,0.03,183.57,0.02,494.0,0.04,229.2,0.05,306.56,0.96,224.2,0.95,306.56,0.97,180.64,0.98,494.0,0.01,0.01,2339.987885,1776187682000
1776187684.946,184.946,0.03,183.57,0.02,494.0,0.04,229.2,0.05,306.56,0.96,229.2,0.95,306.56,0.97,183.57,0.98,494.0,0.01,0.01,2339.94362,1776187684000
1776187685.529,185.529,0.03,47.95,0.02,245.0,0.04,567.51,0.05,221.3,0.96,229.2,0.95,306.56,0.97,183.57,0.98,494.0,0.01,0.01,2339.94362,1776187684000
1776187685.998,185.998,0.03,47.95,0.02,245.0,0.04,567.51,0.05,221.3,0.96,567.51,0.95,221.3,0.97,47.95,0.98,245.0,0.01,0.01,2339.941358,1776187685000
1776187686.327,186.327,0.03,8.45,0.02,245.0,0.04,627.51,0.05,172.3,0.96,562.51,0.95,166.3,0.97,32.95,0.98,245.0,0.01,0.01,2339.941358,1776187685000
1776187686.776,186.776,0.02,246.0,0.01,2929.44,0.03,236.63,0.04,596.51,0.96,622.51,0.95,171.56,0.98,245.0,0.99,2979.44,0.01,0.02,2339.941358,1776187685000
1776187687.11,187.11,0.02,194.45,0.01,2799.44,0.03,420.33,0.04,596.51,0.97,236.63,0.96,596.51,0.98,246.0,0.99,2929.44,0.01,0.01,2339.941358,1776187685000
1776187687.492,187.492,0.02,189.45,0.01,2882.44,0.03,415.33,0.04,596.51,0.97,420.33,0.96,596.51,0.98,194.45,0.99,2799.44,0.01,0.01,2339.620152,1776187686000
1776187688.183,188.183,0.02,189.45,0.01,2882.44,0.03,415.33,0.04,596.51,0.97,415.33,0.96,596.51,0.98,189.45,0.99,2882.44,0.01,0.01,2339.125973,1776187687000
1776187688.629,188.629,0.02,180.18,0.01,3161.44,0.03,435.33,0.04,572.51,0.97,415.33,0.96,596.51,0.98,189.45,0.99,2882.44,0.01,0.01,2339.125973,1776187687000
1776187689.377,189.377,0.02,180.18,0.01,3161.44,0.03,435.33,0.04,572.51,0.97,435.33,0.96,572.51,0.98,180.18,0.99,3161.44,0.01,0.01,2339.053108,1776187688000
1776187690.325,190.325,0.02,180.18,0.01,3161.44,0.03,435.33,0.04,572.51,0.97,435.33,0.96,572.51,0.98,180.18,0.99,3161.44,0.01,0.01,2339.053341,1776187689000
1776187690.532,190.532,0.02,97.68,0.01,2403.0,0.03,327.33,0.04,566.51,0.97,435.33,0.96,572.51,0.98,180.18,0.99,3161.44,0.01,0.01,2339.053341,1776187689000
1776187690.879,190.879,0.02,97.68,0.01,2403.0,0.03,327.33,0.04,566.51,0.97,327.33,0.96,566.51,0.98,97.68,0.99,2403.0,0.01,0.01,2339.034591,1776187690000
1776187691.779,191.779,0.02,11.18,0.01,2347.0,0.03,607.37,0.04,455.51,0.97,327.33,0.96,566.51,0.98,97.68,0.99,2403.0,0.01,0.01,2339.034591,1776187690000
1776187692.061,192.061,0.02,11.18,0.01,2347.0,0.03,607.37,0.04,455.51,0.97,607.37,0.96,455.51,0.98,11.18,0.99,2347.0,0.01,0.01,2339.03863,1776187691000
1776187692.892,192.892,0.02,6.07,0.01,2353.0,0.03,426.79,0.04,455.51,0.97,607.37,0.96,455.51,0.98,11.18,0.99,2347.0,0.01,0.01,2339.03863,1776187691000
1776187693.617,193.617,0.02,56.57,0.01,2353.0,0.03,431.79,0.04,455.51,0.97,431.79,0.96,455.51,0.98,56.57,0.99,2353.0,0.01,0.01,2338.908038,1776187692000
1776187694.373,194.373,0.02,56.57,0.01,2353.0,0.03,431.79,0.04,455.51,0.97,431.79,0.96,455.51,0.98,56.57,0.99,2353.0,0.01,0.01,2338.911839,1776187693000
1776187695.008,195.008,0.02,56.57,0.01,2353.0,0.03,431.79,0.04,455.51,0.97,431.79,0.96,455.51,0.98,56.57,0.99,2353.0,0.01,0.01,2338.92944,1776187694000
1776187695.672,195.672,0.01,2347.0,,,0.02,8.93,0.03,790.79,0.97,431.79,0.96,455.51,0.98,56.57,0.99,2353.0,0.01,0.01,2338.92944,1776187694000
1776187696.119,196.119,0.01,2347.0,,,0.02,8.93,0.03,790.79,0.98,8.93,0.97,790.79,0.99,2347.0,,,0.01,0.01,2338.946564,1776187695000
1776187696.796,196.796,0.01,2278.0,,,0.03,661.21,0.04,466.51,0.98,412.63,0.97,763.79,0.99,2283.0,,,0.02,0.01,2338.946564,1776187695000
1776187697.021,197.021,0.01,2257.7,,,0.03,806.21,0.04,466.51,0.97,791.21,0.96,466.51,0.98,4.95,0.99,2278.0,0.02,0.01,2338.946564,1776187695000
1776187697.272,197.272,0.01,2252.7,,,0.02,18.14,0.03,781.21,0.98,26.0,0.97,781.21,0.99,2257.7,,,0.01,0.01,2338.866237,1776187696000
1776187698.398,198.398,0.01,2257.7,,,0.03,758.3,0.04,466.51,0.97,758.3,0.96,466.51,0.99,2257.7,,,0.02,0.02,2338.835181,1776187697000
1776187699.04,199.04,0.01,2100.7,,,0.02,495.51,0.03,763.3,0.98,490.51,0.97,763.3,0.99,2135.7,,,0.01,0.01,2338.835181,1776187697000
1776187699.455,199.455,0.01,2008.7,,,0.02,490.51,0.03,763.3,0.98,495.51,0.97,763.3,0.99,2011.71,,,0.01,0.01,2338.835181,1776187697000
1776187699.692,199.692,0.01,1997.7,,,0.02,265.81,0.03,613.3,0.98,490.51,0.97,763.3,0.99,2008.7,,,0.01,0.01,2338.833588,1776187698000
1776187699.973,199.973,0.01,1891.7,,,0.02,210.81,0.03,602.3,0.98,265.81,0.97,613.3,0.99,1997.7,,,0.01,0.01,2338.833588,1776187698000
1776187700.292,200.292,0.01,1886.7,,,0.02,210.81,0.03,602.3,0.98,210.81,0.97,602.3,0.99,1891.7,,,0.01,0.01,2338.835169,1776187699000
1776187701.343,201.343,0.01,1886.7,,,0.02,210.81,0.03,602.3,0.98,210.81,0.97,602.3,0.99,1886.7,,,0.01,0.01,2338.836923,1776187700000
1776187701.604,201.604,0.01,1843.7,,,0.02,227.81,0.03,602.3,0.98,210.81,0.97,602.3,0.99,1886.7,,,0.01,0.01,2338.836923,1776187700000
1776187701.961,201.961,0.01,1843.7,,,0.02,227.81,0.03,602.3,0.98,227.81,0.97,602.3,0.99,1843.7,,,0.01,0.01,2338.913528,1776187701000
1776187703.228,203.228,0.01,1843.7,,,0.02,227.81,0.03,602.3,0.98,227.81,0.97,602.3,0.99,1843.7,,,0.01,0.01,2339.04985,1776187702000
1776187703.602,203.602,0.01,2549.5,,,0.02,35.75,0.03,576.09,0.98,227.81,0.97,602.3,0.99,1843.7,,,0.01,0.01,2339.04985,1776187702000
1776187703.937,203.937,0.01,2659.1,,,0.02,15.75,0.03,435.09,0.98,35.75,0.97,435.09,0.99,2295.5,,,0.01,0.01,2339.04985,1776187702000
1776187704.245,204.245,0.01,2729.1,,,0.02,15.75,0.03,424.59,0.98,15.75,0.97,435.09,0.99,2659.1,,,0.01,0.01,2339.04985,1776187702000
1776187705.409,205.409,0.01,2729.1,,,0.02,15.75,0.03,424.59,0.98,15.75,0.97,424.59,0.99,2729.1,,,0.01,0.01,2339.241552,1776187704000
1776187705.765,205.765,0.01,2099.5,,,0.02,15.75,0.03,460.09,0.98,15.75,0.97,435.09,0.99,2258.5,,,0.01,0.01,2339.241552,1776187704000
1776187706.035,206.035,0.01,2099.5,,,0.02,15.75,0.03,460.09,0.98,15.75,0.97,460.09,0.99,2099.5,,,0.01,0.01,2339.604678,1776187705000
1776187707.105,207.105,0.01,2099.5,,,0.02,15.75,0.03,460.09,0.98,15.75,0.97,460.09,0.99,2099.5,,,0.01,0.01,2339.635735,1776187706000
1776187708.894,208.894,0.01,2099.5,,,0.02,15.75,0.03,460.09,0.98,15.75,0.97,460.09,0.99,2099.5,,,0.01,0.01,2339.644686,1776187707000
1776187709.302,209.302,0.01,1662.5,,,0.02,21.75,0.03,597.09,0.98,15.75,0.97,460.09,0.99,2099.5,,,0.01,0.01,2339.644686,1776187707000
1776187709.517,209.517,0.01,1662.5,,,0.02,21.75,0.03,597.09,0.98,21.75,0.97,597.09,0.99,1662.5,,,0.01,0.01,2339.617867,1776187708000
1776187710.036,210.036,0.01,1662.5,,,0.02,21.75,0.03,597.09,0.98,21.75,0.97,597.09,0.99,1662.5,,,0.01,0.01,2339.622901,1776187709000
1776187710.94,210.94,0.01,1753.44,,,0.02,21.75,0.03,720.79,0.98,21.75,0.97,597.09,0.99,1662.5,,,0.01,0.01,2339.622901,1776187709000
1776187711.152,211.152,0.01,1678.44,,,0.02,21.75,0.03,720.79,0.98,21.75,0.97,720.79,0.99,1753.44,,,0.01,0.01,2339.547536,1776187710000
1776187712.146,212.146,0.01,1678.44,,,0.02,21.75,0.03,720.79,0.98,21.75,0.97,720.79,0.99,1678.44,,,0.01,0.01,2339.505735,1776187711000
1776187713.206,213.206,0.01,1678.44,,,0.02,21.75,0.03,720.79,0.98,21.75,0.97,720.79,0.99,1678.44,,,0.01,0.01,2339.492938,1776187712000
1776187713.548,213.548,0.01,1669.44,,,0.02,195.99,0.03,685.48,0.98,21.75,0.97,720.79,0.99,1678.44,,,0.01,0.01,2339.492938,1776187712000
1776187713.958,213.958,0.01,1664.44,,,0.02,195.99,0.03,690.48,0.98,195.99,0.97,685.48,0.99,1669.44,,,0.01,0.01,2339.492938,1776187712000
1776187714.281,214.281,0.01,1664.44,,,0.02,195.99,0.03,690.48,0.98,195.99,0.97,690.48,0.99,1664.44,,,0.01,0.01,2339.387352,1776187713000
1776187715.306,215.306,0.01,1664.44,,,0.02,195.99,0.03,690.48,0.98,195.99,0.97,690.48,0.99,1664.44,,,0.01,0.01,2339.341629,1776187714000
1776187716.346,216.346,0.01,1664.44,,,0.02,195.99,0.03,690.48,0.98,195.99,0.97,690.48,0.99,1664.44,,,0.01,0.01,2339.349629,1776187715000
1776187716.886,216.886,0.01,1664.44,,,0.02,195.99,0.03,690.48,0.98,195.99,0.97,690.48,0.99,1664.44,,,0.01,0.01,2339.349629,1776187716000
1776187717.105,217.105,0.01,1515.44,,,0.02,176.19,0.03,690.48,0.98,195.99,0.97,690.48,0.99,1664.44,,,0.01,0.01,2339.349629,1776187716000
1776187717.384,217.384,0.01,1508.44,,,0.02,386.89,0.03,685.35,0.98,176.19,0.97,690.48,0.99,1515.44,,,0.01,0.01,2339.349629,1776187716000
1776187717.903,217.903,0.01,1508.44,,,0.02,386.89,0.03,685.35,0.98,386.89,0.97,685.35,0.99,1508.44,,,0.01,0.01,2339.334812,1776187717000
1776187718.679,218.679,0.01,1592.09,,,0.02,487.08,0.03,665.35,0.98,386.89,0.97,685.35,0.99,1508.44,,,0.01,0.01,2339.334812,1776187717000
1776187718.974,218.974,0.01,1592.09,,,0.02,487.08,0.03,665.35,0.98,487.08,0.97,665.35,0.99,1592.09,,,0.01,0.01,2339.334034,1776187718000
1776187720.04,220.04,0.01,1522.09,,,0.02,482.08,0.03,765.35,0.98,487.08,0.97,665.35,0.99,1592.09,,,0.01,0.01,2339.334034,1776187718000
1776187720.244,220.244,0.01,1512.09,,,0.02,482.08,0.03,765.35,0.98,482.08,0.97,765.35,0.99,1522.09,,,0.01,0.01,2339.186108,1776187719000
1776187720.882,220.882,0.01,1430.54,,,0.02,487.08,0.03,765.35,0.98,482.08,0.97,765.35,0.99,1512.09,,,0.01,0.01,2339.186108,1776187719000
1776187721.534,221.534,0.01,1399.52,,,0.02,432.08,0.03,775.35,0.98,487.08,0.97,765.35,0.99,1400.54,,,0.01,0.01,2339.136998,1776187720000
1776187722.186,222.186,0.01,1392.5,,,0.02,437.08,0.03,775.35,0.98,432.08,0.97,775.35,0.99,1399.52,,,0.01,0.01,2339.136998,1776187720000
1776187722.957,222.957,0.01,1392.5,,,0.02,437.08,0.03,775.35,0.98,437.08,0.97,775.35,0.99,1392.5,,,0.01,0.01,2339.075436,1776187721000
1776187723.234,223.234,0.01,1357.5,,,0.02,442.08,0.03,765.35,0.98,447.08,0.97,765.35,0.99,1362.5,,,0.01,0.01,2339.075436,1776187721000
1776187723.715,223.715,0.01,1352.5,,,0.02,392.08,0.03,765.35,0.98,442.08,0.97,765.35,0.99,1357.5,,,0.01,0.01,2339.075436,1776187721000
1776187724.047,224.047,0.01,1352.5,,,0.02,392.08,0.03,765.35,0.98,392.08,0.97,765.35,0.99,1352.5,,,0.01,0.01,2339.13448,1776187722000
1776187724.683,224.683,0.01,1352.5,,,0.02,392.08,0.03,765.35,0.98,392.08,0.97,765.35,0.99,1352.5,,,0.01,0.01,2339.153789,1776187723000
1776187725.024,225.024,0.01,1327.5,,,0.02,392.58,0.03,775.35,0.98,392.08,0.97,765.35,0.99,1352.5,,,0.01,0.01,2339.153789,1776187723000
1776187725.478,225.478,0.01,1327.5,,,0.02,392.58,0.03,775.35,0.98,392.58,0.97,775.35,0.99,1327.5,,,0.01,0.01,2339.144904,1776187724000
1776187726.193,226.193,0.01,1327.5,,,0.02,392.58,0.03,775.35,0.98,392.58,0.97,775.35,0.99,1327.5,,,0.01,0.01,2339.160756,1776187725000
1776187726.594,226.594,0.01,1328.5,,,0.02,457.7,0.03,771.35,0.98,392.58,0.97,775.35,0.99,1327.5,,,0.01,0.01,2339.160756,1776187725000
1776187727.093,227.093,0.01,1293.5,,,0.02,462.7,0.03,781.35,0.98,457.7,0.97,771.35,0.99,1328.5,,,0.01,0.01,2339.160756,1776187725000
1776187727.758,227.758,0.01,1293.5,,,0.02,462.7,0.03,781.35,0.98,462.7,0.97,781.35,0.99,1293.5,,,0.01,0.01,2339.348752,1776187726000
1776187728.447,228.447,0.01,1293.5,,,0.02,462.7,0.03,781.35,0.98,462.7,0.97,781.35,0.99,1293.5,,,0.01,0.01,2339.351592,1776187727000
1776187729.231,229.231,0.01,1292.83,,,0.02,552.45,0.03,771.35,0.98,552.45,0.97,771.35,0.99,1292.83,,,0.01,0.01,2339.353473,1776187728000
1776187730.561,230.561,0.01,1292.83,,,0.02,552.45,0.03,771.35,0.98,552.45,0.97,771.35,0.99,1292.83,,,0.01,0.01,2339.350288,1776187729000
1776187731.138,231.138,0.01,1292.83,,,0.02,552.45,0.03,771.35,0.98,552.45,0.97,771.35,0.99,1292.83,,,0.01,0.01,2339.350164,1776187730000
1776187732.371,232.371,0.01,1292.83,,,0.02,552.45,0.03,771.35,0.98,552.45,0.97,771.35,0.99,1292.83,,,0.01,0.01,2339.369139,1776187731000
1776187733.13,233.13,0.01,1272.83,,,0.02,384.14,0.03,770.35,0.98,552.45,0.97,771.35,0.99,1292.83,,,0.01,0.01,2339.369139,1776187731000
1776187733.55,233.55,0.01,1197.83,,,0.02,384.14,0.03,770.35,0.98,384.14,0.97,770.35,0.99,1272.83,,,0.01,0.01,2339.376494,1776187732000
1776187734.405,234.405,0.01,1197.83,,,0.02,384.14,0.03,770.35,0.98,384.14,0.97,770.35,0.99,1197.83,,,0.01,0.01,2339.37721,1776187733000
1776187735.14,235.14,0.01,1197.83,,,0.02,384.14,0.03,770.35,0.98,384.14,0.97,770.35,0.99,1197.83,,,0.01,0.01,2339.408669,1776187734000
1776187736.742,236.742,0.01,1197.83,,,0.02,384.14,0.03,770.35,0.98,384.14,0.97,770.35,0.99,1197.83,,,0.01,0.01,2339.344566,1776187735000
1776187737.646,237.646,0.01,1197.83,,,0.02,384.14,0.03,770.35,0.98,384.14,0.97,770.35,0.99,1197.83,,,0.01,0.01,2339.322168,1776187736000
1776187738.235,238.235,0.01,1197.83,,,0.02,384.14,0.03,770.35,0.98,384.14,0.97,770.35,0.99,1197.83,,,0.01,0.01,2339.352718,1776187737000
1776187739.104,239.104,0.01,1197.83,,,0.02,524.13,0.03,664.35,0.98,384.14,0.97,770.35,0.99,1197.83,,,0.01,0.01,2339.352718,1776187737000
1776187739.435,239.435,0.01,1185.83,,,0.02,524.13,0.03,664.35,0.98,524.13,0.97,664.35,0.99,1185.83,,,0.01,0.01,2339.324636,1776187738000
1776187739.97,239.97,0.01,1174.83,,,0.02,524.13,0.03,664.35,0.98,524.13,0.97,664.35,0.99,1180.83,,,0.01,0.01,2339.324636,1776187738000
1776187740.501,240.501,0.01,1164.83,,,0.02,513.63,0.03,653.85,0.98,524.13,0.97,664.35,0.99,1174.83,,,0.01,0.01,2339.331874,1776187739000
1776187740.815,240.815,0.01,1154.73,,,0.02,508.63,0.03,651.06,0.98,513.63,0.97,653.85,0.99,1159.73,,,0.01,0.01,2339.331874,1776187739000
1776187741.244,241.244,0.01,1036.61,,,0.02,582.35,0.03,650.06,0.98,495.63,0.97,651.06,0.99,1054.73,,,0.01,0.01,2339.331874,1776187739000
1776187741.444,241.444,0.01,1034.61,,,0.02,582.35,0.03,650.06,0.98,582.35,0.97,650.06,0.99,1036.61,,,0.01,0.01,2339.343497,1776187740000
1776187741.816,241.816,0.01,1029.55,,,0.02,582.35,0.03,650.06,0.98,582.35,0.97,650.06,0.99,1034.61,,,0.01,0.01,2339.343497,1776187740000
1776187742.423,242.423,0.01,1017.42,,,0.02,669.27,0.03,650.06,0.98,669.27,0.97,650.06,0.99,1027.52,,,0.01,0.01,2339.343497,1776187740000
1776187743.018,243.018,0.01,1011.4,,,0.02,687.27,0.03,650.06,0.98,669.27,0.97,650.06,0.99,1017.42,,,0.01,0.01,2339.343497,1776187740000
1776187743.758,243.758,0.01,1001.4,,,0.02,791.37,0.03,650.06,0.98,687.27,0.97,650.06,0.99,1011.4,,,0.01,0.01,2339.452304,1776187742000
1776187744.034,244.034,0.01,935.79,,,0.02,786.37,0.03,650.06,0.98,786.37,0.97,650.06,0.99,945.89,,,0.01,0.01,2339.452304,1776187742000
1776187744.637,244.637,0.01,929.72,,,0.02,867.12,0.03,650.06,0.98,791.37,0.97,650.06,0.99,935.74,,,0.01,0.01,2339.452304,1776187742000
1776187744.94,244.94,0.01,929.72,,,0.02,867.12,0.03,650.06,0.98,867.12,0.97,650.06,0.99,929.72,,,0.01,0.01,2339.413376,1776187743000
1776187745.193,245.193,0.01,906.43,,,0.02,835.62,0.03,650.06,0.98,837.12,0.97,650.06,0.99,901.43,,,0.01,0.01,2339.413376,1776187743000
1776187745.425,245.425,0.01,709.37,,,0.02,835.62,0.03,650.06,0.98,835.62,0.97,650.06,0.99,870.37,,,0.01,0.01,2339.413376,1776187743000
1776187745.665,245.665,0.01,699.32,,,0.02,835.62,0.03,650.06,0.98,835.62,0.97,650.06,0.99,709.37,,,0.01,0.01,2339.413376,1776187743000
1776187745.943,245.943,0.01,661.96,,,0.02,835.62,0.03,650.06,0.98,830.62,0.97,650.06,0.99,697.32,,,0.01,0.01,2339.404681,1776187744000
1776187746.415,246.415,0.01,628.96,,,0.02,830.62,0.03,650.06,0.98,830.62,0.97,650.06,0.99,628.96,,,0.01,0.01,2339.397426,1776187745000
1776187747.109,247.109,0.01,593.6,,,0.02,835.62,0.03,650.06,0.98,835.62,0.97,650.06,0.99,593.6,,,0.01,0.01,2339.386702,1776187746000
1776187748.601,248.601,0.01,593.6,,,0.02,835.62,0.03,650.06,0.98,835.62,0.97,650.06,0.99,593.6,,,0.01,0.01,2339.429389,1776187747000
1776187748.939,248.939,0.01,596.56,,,0.02,837.62,0.03,550.06,0.98,838.62,0.97,550.06,0.99,597.58,,,0.01,0.01,2339.429389,1776187747000
1776187749.305,249.305,0.01,596.56,,,0.02,837.62,0.03,550.06,0.98,837.62,0.97,550.06,0.99,596.56,,,0.01,0.01,2339.392789,1776187748000
1776187749.864,249.864,0.01,516.56,,,0.02,837.62,0.03,550.06,0.98,837.62,0.97,550.06,0.99,596.56,,,0.01,0.01,2339.392789,1776187748000
1776187750.257,250.257,0.01,368.56,,,0.02,796.94,0.03,550.06,0.98,837.62,0.97,550.06,0.99,516.56,,,0.01,0.01,2339.392789,1776187748000
1776187750.673,250.673,0.01,208.56,,,0.02,801.94,0.03,557.06,0.98,786.94,0.97,550.06,0.99,218.56,,,0.01,0.01,2339.392789,1776187748000
1776187751.36,251.36,0.01,208.56,,,0.02,801.94,0.03,557.06,0.98,801.94,0.97,557.06,0.99,208.56,,,0.01,0.01,2339.426236,1776187750000
1776187752.11,252.11,0.01,97.56,,,0.02,822.84,0.03,562.06,0.98,801.94,0.97,557.06,0.99,208.56,,,0.01,0.01,2339.426236,1776187750000
1776187753.043,253.043,,,,,0.01,10832.9,0.02,525.2,0.99,1198.44,0.98,806.84,,,,,,,2339.4104,1776187751000
1776187753.45,253.45,,,,,0.01,10881.54,0.02,525.2,0.99,10832.9,0.98,525.2,,,,,,,2339.4104,1776187751000
1776187754.389,254.389,,,,,0.01,10881.54,0.02,525.2,0.99,10881.54,0.98,525.2,,,,,,,2339.190749,1776187753000
1776187754.634,254.634,,,,,0.01,10874.37,0.02,520.2,0.99,10881.54,0.98,525.2,,,,,,,2339.190749,1776187753000
1776187755.202,255.202,,,,,0.01,10874.37,0.02,520.2,0.99,10874.37,0.98,520.2,,,,,,,2339.091415,1776187754000
1776187756.523,256.523,,,,,0.01,10874.37,0.02,520.2,0.99,10874.37,0.98,520.2,,,,,,,2339.0436,1776187755000
1776187757.346,257.346,,,,,0.01,10874.37,0.02,520.2,0.99,10874.37,0.98,520.2,,,,,,,2339.032997,1776187756000
1776187758.165,258.165,,,,,0.01,10874.37,0.02,520.2,0.99,10874.37,0.98,520.2,,,,,,,2338.995022,1776187757000
1776187759.439,259.439,,,,,0.01,10874.37,0.02,520.2,0.99,10874.37,0.98,520.2,,,,,,,2338.976369,1776187758000
1776187760.709,260.709,,,,,0.01,10874.37,0.02,520.2,0.99,10874.37,0.98,520.2,,,,,,,2338.99688,1776187759000
1776187761.11,261.11,,,,,0.01,10874.37,0.02,520.2,0.99,10874.37,0.98,520.2,,,,,,,2338.961865,1776187760000
1776187762.215,262.215,,,,,0.01,10874.37,0.02,520.2,0.99,10874.37,0.98,520.2,,,,,,,2339.001842,1776187761000
1776187763.183,263.183,,,,,0.01,10874.37,0.02,520.2,0.99,10874.37,0.98,520.2,,,,,,,2338.991527,1776187762000
1776187764.123,264.123,,,,,0.01,10874.37,0.02,520.2,0.99,10874.37,0.98,520.2,,,,,,,2338.836692,1776187763000
1776187765.116,265.116,,,,,0.01,10874.37,0.02,520.2,0.99,10874.37,0.98,520.2,,,,,,,2338.775696,1776187764000
1776187766.088,266.088,,,,,0.01,10874.37,0.02,520.2,0.99,10874.37,0.98,520.2,,,,,,,2338.714965,1776187765000
1776187767.043,267.043,,,,,0.01,10874.37,0.02,520.2,0.99,10874.37,0.98,520.2,,,,,,,2338.673721,1776187766000
1776187767.984,267.984,,,,,0.01,10874.37,0.02,520.2,0.99,10874.37,0.98,520.2,,,,,,,2338.673685,1776187767000
1776187769.034,269.034,,,,,0.01,10874.37,0.02,520.2,0.99,10874.37,0.98,520.2,,,,,,,2338.670752,1776187768000
1776187770.017,270.017,,,,,0.01,10874.37,0.02,520.2,0.99,10874.37,0.98,520.2,,,,,,,2338.646925,1776187769000
1776187770.97,270.97,,,,,0.01,10874.37,0.02,520.2,0.99,10874.37,0.98,520.2,,,,,,,2338.635085,1776187770000
1776187771.933,271.933,,,,,0.01,10874.37,0.02,520.2,0.99,10874.37,0.98,520.2,,,,,,,2338.618439,1776187771000
1776187773.47,273.47,,,,,0.01,10874.37,0.02,520.2,0.99,10874.37,0.98,520.2,,,,,,,2338.613573,1776187772000
1776187773.896,273.896,,,,,0.01,10874.37,0.02,520.2,0.99,10874.37,0.98,520.2,,,,,,,2338.613617,1776187773000
1776187774.965,274.965,,,,,0.01,10874.37,0.02,520.2,0.99,10874.37,0.98,520.2,,,,,,,2338.595875,1776187774000
1776187776.093,276.093,,,,,0.01,10874.37,0.02,520.2,0.99,10874.37,0.98,520.2,,,,,,,2338.56051,1776187775000
1776187777.013,277.013,,,,,0.01,10874.37,0.02,520.2,0.99,10874.37,0.98,520.2,,,,,,,2338.543513,1776187776000
1776187777.504,277.504,,,,,0.01,11568.24,0.02,255.75,0.99,10874.37,0.98,520.2,,,,,,,2338.543513,1776187776000
1776187778.1,278.1,,,,,0.01,11568.24,0.02,255.75,0.99,11568.24,0.98,255.75,,,,,,,2338.516784,1776187777000
1776187779.086,279.086,,,,,0.01,11152.59,0.02,255.75,0.99,11568.24,0.98,255.75,,,,,,,2338.516784,1776187777000
1776187780.098,280.098,,,,,0.01,11152.59,0.02,255.75,0.99,11152.59,0.98,255.75,,,,,,,2338.483288,1776187779000
1776187781.147,281.147,,,,,0.01,11152.59,0.02,255.75,0.99,11152.59,0.98,255.75,,,,,,,2338.482985,1776187780000
1776187782.188,282.188,,,,,0.01,11152.59,0.02,255.75,0.99,11152.59,0.98,255.75,,,,,,,2338.496036,1776187781000
1776187783.091,283.091,,,,,0.01,11152.59,0.02,255.75,0.99,11152.59,0.98,255.75,,,,,,,2338.502372,1776187782000
1776187784.158,284.158,,,,,0.01,11152.59,0.02,255.75,0.99,11152.59,0.98,255.75,,,,,,,2338.52453,1776187783000
1776187784.759,284.759,0.001,338.99,,,0.009,400.0,0.01,3168.11,0.99,11152.59,0.98,255.75,,,,,0.008,,2338.52453,1776187783000
1776187785.145,285.145,,,,,0.001,261.61,0.009,400.0,0.999,261.61,0.991,400.0,,,,,,,2338.518755,1776187784000
1776187785.359,285.359,,,,,0.01,3054.77,0.012,400.0,0.999,261.61,0.991,400.0,,,,,,,2338.518755,1776187784000
1776187787.474,287.474,,,,,0.01,3037.31,0.012,400.0,0.99,3037.31,0.988,400.0,,,,,,,2338.615857,1776187785000
1776187788.432,288.432,,,,,0.01,3037.31,0.012,400.0,0.99,3037.31,0.988,400.0,,,,,,,2338.717599,1776187787000
1776187789.394,289.394,,,,,0.01,3037.31,0.012,400.0,0.99,3037.31,0.988,400.0,,,,,,,2337.7662,1776187788000
1776187790.358,290.358,,,,,0.01,3037.31,0.012,400.0,0.99,3037.31,0.988,400.0,,,,,,,2337.515169,1776187789000
1776187791.255,291.255,,,,,0.01,3037.31,0.012,400.0,0.99,3037.31,0.988,400.0,,,,,,,2337.506598,1776187790000
1776187793.124,293.124,,,,,0.01,3037.31,0.012,400.0,0.99,3037.31,0.988,400.0,,,,,,,2337.453239,1776187791000
1776187794.141,294.141,,,,,0.01,3037.31,0.012,400.0,0.99,3037.31,0.988,400.0,,,,,,,2337.002745,1776187792000
1776187795.103,295.103,,,,,0.01,3037.31,0.012,400.0,0.99,3037.31,0.988,400.0,,,,,,,2336.735443,1776187793000
1776187796.046,296.046,,,,,0.01,3037.31,0.012,400.0,0.99,3037.31,0.988,400.0,,,,,,,2336.590563,1776187794000
1776187796.705,296.705,,,,,0.01,3037.31,0.012,400.0,0.99,3037.31,0.988,400.0,,,,,,,2336.142041,1776187795000
1776187797.596,297.596,,,,,0.01,3037.31,0.012,400.0,0.99,3037.31,0.988,400.0,,,,,,,2336.135188,1776187796000
1776187798.238,298.238,,,,,0.01,3037.31,0.012,400.0,0.99,3037.31,0.988,400.0,,,,,,,2336.047881,1776187797000
1776187799.545,299.545,,,,,0.01,3037.31,0.012,400.0,0.99,3037.31,0.988,400.0,,,,,,,2335.932478,1776187798000
1776187800.267,300.267,,,,,0.01,3037.31,0.012,400.0,0.99,3037.31,0.988,400.0,,,,,,,2335.728844,1776187799000
1776187800.998,300.998,,,,,0.01,3037.31,0.012,400.0,0.99,3037.31,0.988,400.0,,,,,,,2335.649153,1776187800000
1776187802.664,302.664,,,,,0.01,3037.31,0.012,400.0,0.99,3037.31,0.988,400.0,,,,,,,2335.720141,1776187801000

# RESULT,winner=Down,slug=eth-updown-5m-1776187500,ticks=470
