timestamp,elapsed_sec,up_bid_p1,up_bid_s1,up_bid_p2,up_bid_s2,up_ask_p1,up_ask_s1,up_ask_p2,up_ask_s2,down_bid_p1,down_bid_s1,down_bid_p2,down_bid_s2,down_ask_p1,down_ask_s1,down_ask_p2,down_ask_s2,up_spread,down_spread,eth_price,eth_oracle_ts
1776405600.647,0.647,0.54,20.25,0.53,25.0,0.55,78.88,0.56,70.0,0.46,3.75,0.45,78.88,0.47,25.0,0.48,348.59,0.01,0.01,2319.6316,1776405599000
1776405601.53,1.53,0.54,9.15,0.53,25.0,0.55,126.88,0.56,83.0,0.45,78.88,0.44,70.0,0.46,14.15,0.47,25.0,0.01,0.01,2319.608884,1776405600000
1776405601.921,1.921,0.53,12.67,0.52,161.29,0.55,97.88,0.56,13.0,0.45,126.88,0.44,83.0,0.46,9.15,0.47,25.0,0.02,0.01,2319.608884,1776405600000
1776405602.273,2.273,0.46,5.0,0.45,18.0,0.47,7.87,0.48,19.0,0.45,97.88,0.44,13.0,0.54,17.0,0.55,13.0,0.01,0.09,2319.608884,1776405600000
1776405602.582,2.582,0.43,13.0,0.42,13.0,0.45,5.6,0.46,17.0,0.53,7.87,0.52,19.0,0.54,5.0,0.55,18.0,0.02,0.01,2319.608884,1776405600000
1776405602.823,2.823,0.43,13.0,0.42,13.0,0.45,5.0,0.46,17.0,0.56,5.0,0.55,5.0,0.57,13.0,0.58,13.0,0.02,0.01,2319.608884,1776405600000
1776405603.196,3.196,0.43,23.0,0.42,18.0,0.48,42.29,0.49,75.0,0.55,5.0,0.54,17.0,0.57,13.0,0.58,13.0,0.05,0.02,2319.592058,1776405601000
1776405603.505,3.505,0.43,18.0,0.42,23.0,0.44,6.25,0.45,15.0,0.52,42.29,0.51,75.0,0.57,23.0,0.58,18.0,0.01,0.05,2319.65707,1776405602000
1776405603.869,3.869,0.43,18.0,0.42,23.0,0.44,10.23,0.45,15.0,0.56,6.25,0.55,15.0,0.57,18.0,0.58,23.0,0.01,0.01,2319.65707,1776405602000
1776405604.269,4.269,0.43,8.0,0.42,23.0,0.44,3.11,0.45,21.0,0.56,3.11,0.55,15.0,0.57,18.0,0.58,23.0,0.01,0.01,2319.439945,1776405603000
1776405604.954,4.954,0.44,29.0,0.43,41.0,0.46,10.86,0.47,29.0,0.55,8.15,0.54,15.0,0.57,8.0,0.58,23.0,0.02,0.02,2319.439945,1776405603000
1776405605.501,5.501,0.45,95.2,0.44,29.0,0.46,5.86,0.47,29.0,0.54,10.86,0.53,29.0,0.56,29.0,0.57,41.0,0.01,0.02,2319.439945,1776405603000
1776405606.495,6.495,0.45,95.2,0.44,24.0,0.47,21.0,0.48,31.0,0.54,5.86,0.53,29.0,0.55,95.2,0.56,29.0,0.02,0.01,2319.33785,1776405604000
1776405607.08,7.08,0.46,52.77,0.45,95.25,0.47,14.89,0.48,31.0,0.53,14.89,0.52,31.0,0.55,95.2,0.56,29.0,0.01,0.02,2319.26871,1776405605000
1776405607.403,7.403,0.46,55.0,0.45,95.25,0.47,2.12,0.48,31.0,0.53,14.89,0.52,31.0,0.54,52.77,0.55,95.25,0.01,0.01,2319.29536,1776405606000
1776405607.766,7.766,0.46,49.95,0.45,100.25,0.47,8.02,0.48,31.0,0.53,8.02,0.52,31.0,0.54,55.0,0.55,95.25,0.01,0.01,2319.29536,1776405606000
1776405608.758,8.758,0.46,49.95,0.45,100.25,0.47,18.89,0.48,31.0,0.53,8.02,0.52,31.0,0.54,49.95,0.55,100.25,0.01,0.01,2319.29536,1776405606000
1776405609.188,9.188,0.46,49.95,0.45,100.25,0.48,24.26,0.49,32.0,0.53,18.89,0.52,31.0,0.54,49.95,0.55,100.25,0.02,0.01,2319.346468,1776405607000
1776405609.673,9.673,0.46,60.95,0.45,100.25,0.48,18.26,0.49,32.0,0.53,9.0,0.52,40.26,0.54,50.95,0.55,95.25,0.02,0.01,2319.366163,1776405608000
1776405611.26,11.26,0.46,94.95,0.45,85.25,0.47,20.0,0.48,15.0,0.52,18.26,0.51,32.0,0.54,60.95,0.55,100.25,0.01,0.02,2319.4967,1776405610000
1776405611.806,11.806,0.45,80.2,0.44,5.0,0.47,190.0,0.48,59.0,0.53,20.0,0.52,15.0,0.54,79.95,0.55,85.25,0.02,0.01,2319.4967,1776405610000
1776405612.21,12.21,0.33,24.0,0.32,15.0,0.36,15.0,0.37,51.0,0.54,181.0,0.53,143.2,0.65,7.14,0.67,10.0,0.03,0.11,2319.4967,1776405610000
1776405613.027,13.027,0.33,14.0,0.32,13.0,0.34,62.64,0.35,25.0,0.65,10.0,0.64,15.0,0.67,22.65,0.68,15.0,0.01,0.02,2319.373907,1776405611000
1776405613.746,13.746,0.29,29.33,0.28,16.0,0.31,115.2,0.32,15.0,0.66,62.64,0.65,25.0,0.67,14.0,0.68,13.0,0.02,0.01,2319.328305,1776405612000
1776405614.841,14.841,0.29,29.33,0.28,16.0,0.3,87.0,0.31,60.0,0.69,115.2,0.68,15.0,0.71,29.33,0.72,16.0,0.01,0.02,2318.9637,1776405613000
1776405615.983,15.983,0.28,45.44,0.27,27.0,0.29,82.0,0.3,20.0,0.7,87.0,0.69,60.0,0.71,29.33,0.72,16.0,0.01,0.01,2318.941914,1776405614000
1776405618.069,18.069,0.28,35.44,0.27,37.0,0.29,97.0,0.3,25.0,0.71,82.0,0.7,20.0,0.72,45.44,0.73,27.0,0.01,0.01,2318.756853,1776405617000
1776405618.658,18.658,0.26,47.0,0.25,107.0,0.27,2.59,0.28,40.0,0.71,97.0,0.7,25.0,0.72,35.44,0.73,37.0,0.01,0.01,2318.756853,1776405617000
1776405618.868,18.868,0.26,40.0,0.25,107.0,0.27,105.59,0.28,36.0,0.73,2.59,0.72,40.0,0.74,47.0,0.75,107.0,0.01,0.01,2318.756853,1776405617000
1776405619.645,19.645,0.26,35.0,0.25,97.0,0.27,75.59,0.28,31.0,0.73,93.59,0.72,36.0,0.74,24.0,0.75,107.0,0.01,0.01,2318.638993,1776405618000
1776405620.41,20.41,0.26,16.0,0.25,107.0,0.27,46.59,0.28,31.0,0.73,75.59,0.72,31.0,0.74,35.0,0.75,97.0,0.01,0.01,2318.62922,1776405619000
1776405621.143,21.143,0.26,10.0,0.25,112.18,0.27,26.0,0.28,31.0,0.73,46.59,0.72,31.0,0.75,101.18,0.76,15.0,0.01,0.02,2318.420627,1776405620000
1776405621.972,21.972,0.26,8.5,0.25,117.18,0.27,36.0,0.28,20.0,0.73,26.0,0.72,31.0,0.74,10.0,0.75,112.18,0.01,0.01,2318.420627,1776405620000
1776405622.266,22.266,0.26,13.5,0.25,106.18,0.27,35.0,0.28,20.0,0.73,30.0,0.72,20.0,0.74,13.5,0.75,106.18,0.01,0.01,2318.392405,1776405621000
1776405623.022,23.022,0.25,4.18,0.21,17.0,0.26,157.15,0.27,36.0,0.73,35.0,0.72,20.0,0.74,13.5,0.75,106.18,0.01,0.01,2318.392405,1776405621000
1776405623.237,23.237,0.2,12.5,0.18,8.12,0.21,43.0,0.22,72.0,0.78,32.0,0.77,25.0,0.79,7.0,0.8,12.5,0.01,0.01,2318.451252,1776405622000
1776405623.748,23.748,0.19,105.13,0.18,8.12,0.2,30.0,0.21,32.0,0.79,97.0,0.78,30.0,0.81,59.13,0.82,13.12,0.01,0.02,2318.451252,1776405622000
1776405624.366,24.366,0.19,112.3,0.18,19.12,0.2,25.0,0.21,32.0,0.8,30.0,0.79,32.0,0.81,56.3,0.82,8.12,0.01,0.01,2318.451252,1776405622000
1776405624.811,24.811,0.19,82.3,0.18,8.12,0.2,20.0,0.21,32.0,0.8,25.0,0.79,32.0,0.81,112.3,0.82,19.12,0.01,0.01,2318.420076,1776405623000
1776405626.271,26.271,0.19,24.0,0.18,112.45,0.2,35.0,0.21,23.0,0.8,20.0,0.79,32.0,0.81,82.3,0.82,8.12,0.01,0.01,2318.01296,1776405625000
1776405626.621,26.621,0.19,29.0,0.18,112.45,0.2,74.99,0.21,23.0,0.8,35.0,0.79,23.0,0.81,24.0,0.82,112.45,0.01,0.01,2318.01296,1776405625000
1776405627.614,27.614,0.19,24.0,0.18,127.45,0.2,47.24,0.21,23.0,0.8,74.99,0.79,23.0,0.81,29.0,0.82,112.45,0.01,0.01,2318.05805,1776405626000
1776405628.354,28.354,0.19,29.0,0.18,122.45,0.2,42.24,0.21,23.0,0.8,47.24,0.79,23.0,0.81,24.0,0.82,127.45,0.01,0.01,2318.05805,1776405626000
1776405630.455,30.455,0.19,43.6,0.18,15.0,0.2,42.24,0.21,23.0,0.8,42.24,0.79,23.0,0.81,29.0,0.82,122.45,0.01,0.01,2317.964201,1776405629000
1776405630.869,30.869,0.19,86.6,0.18,15.0,0.2,32.24,0.21,15.0,0.8,42.24,0.79,23.0,0.81,43.6,0.82,15.0,0.01,0.01,2317.964201,1776405629000
1776405631.293,31.293,0.19,147.39,0.18,118.99,0.2,14.24,0.21,10.0,0.8,32.24,0.79,15.0,0.81,86.6,0.82,15.0,0.01,0.01,2317.969266,1776405630000
1776405631.907,31.907,0.19,94.59,0.18,169.99,0.2,1.24,0.21,10.0,0.8,6.24,0.79,10.0,0.81,157.39,0.82,188.99,0.01,0.01,2317.969266,1776405630000
1776405632.331,32.331,0.19,77.04,0.18,179.99,0.2,5.0,0.21,10.0,0.8,1.24,0.79,10.0,0.81,94.59,0.82,169.99,0.01,0.01,2318.0231,1776405631000
1776405633.155,33.155,0.2,81.0,0.19,53.99,0.21,28.0,0.22,10.0,0.8,5.0,0.79,10.0,0.81,77.04,0.82,179.99,0.01,0.01,2318.055367,1776405632000
1776405633.758,33.758,0.2,69.75,0.19,53.99,0.21,51.0,0.22,10.0,0.79,28.0,0.78,10.0,0.8,81.0,0.81,53.99,0.01,0.01,2318.055367,1776405632000
1776405635.366,35.366,0.2,107.75,0.19,102.09,0.21,46.0,0.22,15.0,0.79,51.0,0.78,10.0,0.8,69.75,0.81,53.99,0.01,0.01,2318.150472,1776405634000
1776405636.927,36.927,0.2,125.54,0.19,55.99,0.21,33.0,0.22,15.0,0.79,41.0,0.78,15.0,0.8,102.75,0.81,102.09,0.01,0.01,2318.219272,1776405635000
1776405637.302,37.302,0.2,188.54,0.19,61.99,0.21,3.0,0.25,15.0,0.79,33.0,0.78,15.0,0.8,125.54,0.81,55.99,0.01,0.01,2318.164135,1776405636000
1776405637.998,37.998,0.24,238.85,0.23,95.79,0.27,10.0,0.28,21.55,0.75,15.0,0.74,78.0,0.8,183.54,0.81,61.99,0.03,0.05,2318.152616,1776405637000
1776405638.773,38.773,0.28,156.99,0.27,145.0,0.29,11.06,0.31,5.0,0.73,10.0,0.72,21.55,0.76,238.85,0.77,95.79,0.01,0.03,2318.152616,1776405637000
1776405639.831,39.831,0.28,181.99,0.27,159.0,0.35,16.0,0.36,60.0,0.71,5.88,0.68,21.0,0.72,161.99,0.73,145.0,0.07,0.01,2318.25698,1776405638000
1776405640.085,40.085,0.35,94.0,0.34,150.0,0.37,11.0,0.38,24.0,0.64,60.0,0.63,42.0,0.65,54.0,0.66,25.0,0.02,0.01,2318.25698,1776405638000
1776405640.436,40.436,0.36,85.0,0.35,118.0,0.37,21.0,0.38,24.0,0.63,11.0,0.62,24.0,0.65,94.0,0.66,150.0,0.01,0.02,2318.408418,1776405639000
1776405641.102,41.102,0.36,75.29,0.35,118.0,0.37,0.59,0.38,15.0,0.63,6.0,0.62,5.0,0.64,80.29,0.65,123.79,0.01,0.01,2318.596814,1776405640000
1776405641.755,41.755,0.36,116.29,0.35,129.79,0.4,5.0,0.41,77.55,0.63,0.59,0.62,15.0,0.64,75.29,0.65,118.0,0.04,0.01,2318.596814,1776405640000
1776405642.194,42.194,0.37,5.0,0.36,38.2,0.4,70.0,0.41,27.55,0.6,5.0,0.59,77.55,0.64,116.29,0.65,129.79,0.03,0.04,2318.596814,1776405640000
1776405642.612,42.612,0.36,28.2,0.35,90.0,0.38,50.0,0.39,20.0,0.62,23.0,0.61,20.0,0.63,25.0,0.64,28.2,0.02,0.01,2318.775164,1776405641000
1776405643.236,43.236,0.36,26.63,0.35,90.0,0.37,75.49,0.38,20.0,0.63,25.49,0.62,20.0,0.64,26.63,0.65,90.0,0.01,0.01,2318.775164,1776405641000
1776405645.498,45.498,0.35,80.74,0.34,177.0,0.37,20.0,0.38,20.0,0.63,75.49,0.62,20.0,0.64,26.63,0.65,90.0,0.02,0.01,2318.98251,1776405644000
1776405647.163,47.163,0.36,8.0,0.35,80.0,0.37,15.0,0.38,21.0,0.63,20.0,0.62,20.0,0.65,80.74,0.66,177.0,0.01,0.02,2318.938347,1776405645000
1776405649.647,49.647,0.39,216.97,0.38,70.0,0.4,11.0,0.41,55.0,0.63,15.0,0.62,21.0,0.64,8.0,0.65,80.0,0.01,0.01,2318.979625,1776405648000
1776405650.191,50.191,0.39,206.97,0.38,37.0,0.41,10.0,0.42,21.0,0.6,11.0,0.59,55.0,0.61,216.97,0.62,70.0,0.02,0.01,2319.036101,1776405649000
1776405651.206,51.206,0.41,67.0,0.4,178.0,0.42,4.88,0.43,26.0,0.59,10.0,0.58,21.0,0.61,206.97,0.62,37.0,0.01,0.02,2319.1074,1776405650000
1776405651.787,51.787,0.42,62.0,0.41,15.0,0.43,4.64,0.44,15.0,0.57,19.26,0.56,15.0,0.59,67.0,0.6,178.0,0.01,0.02,2319.1074,1776405650000
1776405652.427,52.427,0.42,24.46,0.41,15.0,0.43,36.64,0.44,15.0,0.57,4.64,0.56,15.0,0.58,62.0,0.59,15.0,0.01,0.01,2319.093252,1776405651000
1776405654.596,54.596,0.43,55.46,0.42,26.0,0.45,11.77,0.46,83.44,0.57,36.64,0.56,15.0,0.58,24.46,0.59,15.0,0.02,0.01,2319.170817,1776405653000
1776405655.01,55.01,0.45,33.46,0.44,80.0,0.46,56.0,0.47,15.0,0.55,11.77,0.54,83.44,0.57,55.46,0.58,26.0,0.01,0.02,2319.18808,1776405654000
1776405655.827,55.827,0.45,47.64,0.44,31.0,0.46,56.0,0.47,15.0,0.54,56.0,0.53,15.0,0.55,33.46,0.56,80.0,0.01,0.01,2319.18808,1776405654000
1776405656.485,56.485,0.5,104.46,0.49,26.64,0.55,11.0,0.56,60.0,0.54,56.0,0.53,15.0,0.55,47.64,0.56,31.0,0.05,0.01,2319.18808,1776405654000
1776405657.208,57.208,0.55,45.6,0.54,16.0,0.56,59.9,0.57,5.0,0.44,57.9,0.43,5.0,0.45,16.0,0.46,21.0,0.01,0.01,2319.216803,1776405655000
1776405657.508,57.508,0.55,48.46,0.54,10.0,0.56,54.9,0.57,5.0,0.44,59.9,0.43,5.0,0.45,45.6,0.46,16.0,0.01,0.01,2319.345994,1776405656000
1776405658.65,58.65,0.55,14.46,0.54,10.0,0.56,24.0,0.57,42.63,0.44,54.9,0.43,5.0,0.45,48.46,0.46,10.0,0.01,0.01,2319.309977,1776405657000
1776405659.335,59.335,0.54,24.46,0.53,15.0,0.55,1.53,0.56,25.0,0.44,29.0,0.43,42.63,0.46,10.0,0.47,15.0,0.01,0.02,2319.309977,1776405657000
1776405660.114,60.114,0.54,142.8,0.53,15.0,0.55,14.82,0.56,32.0,0.45,1.53,0.44,25.0,0.46,24.46,0.47,15.0,0.01,0.01,2319.607275,1776405658000
1776405660.82,60.82,0.54,127.14,0.53,15.0,0.55,14.32,0.56,32.0,0.45,14.82,0.44,32.0,0.46,142.56,0.47,15.0,0.01,0.01,2319.607275,1776405659000
1776405661.143,61.143,0.54,132.14,0.53,15.0,0.55,14.32,0.56,32.0,0.45,14.32,0.44,32.0,0.46,127.14,0.47,15.0,0.01,0.01,2319.607275,1776405659000
1776405662.237,62.237,0.54,124.74,0.53,15.0,0.55,20.32,0.56,88.24,0.45,14.32,0.44,32.0,0.46,129.74,0.47,15.0,0.01,0.01,2319.607275,1776405659000
1776405662.744,62.744,0.54,121.7,0.53,15.0,0.55,14.46,0.56,25.0,0.45,25.46,0.44,88.24,0.46,121.47,0.47,15.0,0.01,0.01,2319.628116,1776405660000
1776405664.006,64.006,0.54,117.54,0.53,15.0,0.55,14.46,0.56,25.0,0.45,14.46,0.44,25.0,0.46,121.7,0.47,15.0,0.01,0.01,2319.602271,1776405662000
1776405665.663,65.663,0.54,115.36,0.53,15.0,0.55,29.64,0.56,30.0,0.45,14.46,0.44,25.0,0.46,115.36,0.47,15.0,0.01,0.01,2319.598014,1776405664000
1776405666.325,66.325,0.54,107.55,0.53,15.0,0.55,12.64,0.56,30.0,0.45,29.64,0.44,30.0,0.46,115.36,0.47,15.0,0.01,0.01,2319.598014,1776405664000
1776405668.803,68.803,0.54,96.9,0.53,15.0,0.55,13.64,0.56,30.0,0.45,12.64,0.44,30.0,0.46,107.55,0.47,15.0,0.01,0.01,2319.605313,1776405667000
1776405670.161,70.161,0.54,183.25,0.53,26.35,0.56,5.0,0.58,12.0,0.45,13.64,0.44,30.0,0.46,96.9,0.47,15.0,0.02,0.01,2319.568035,1776405669000
1776405670.372,70.372,0.58,10.0,0.57,82.0,0.61,10.1,0.62,44.0,0.41,1.1,0.4,5.0,0.43,71.0,0.44,21.0,0.03,0.02,2319.568035,1776405669000
1776405670.624,70.624,0.6,54.0,0.59,10.0,0.61,12.1,0.62,44.0,0.39,10.1,0.38,44.0,0.42,10.0,0.43,82.0,0.01,0.03,2319.568035,1776405669000
1776405671.03,71.03,0.6,96.2,0.59,29.0,0.63,1.1,0.64,14.0,0.39,12.1,0.38,44.0,0.4,54.0,0.41,10.0,0.03,0.01,2319.568035,1776405669000
1776405671.537,71.537,0.62,82.0,0.61,20.0,0.63,6.38,0.65,6.88,0.37,21.67,0.35,6.88,0.38,39.0,0.39,15.0,0.01,0.01,2319.568035,1776405669000
1776405671.965,71.965,0.64,77.0,0.63,21.0,0.66,20.5,0.68,35.0,0.35,6.88,0.34,77.0,0.38,82.0,0.39,20.0,0.02,0.03,2319.575665,1776405670000
1776405672.231,72.231,0.66,39.81,0.65,22.85,0.67,80.12,0.68,16.0,0.33,90.12,0.31,70.0,0.34,3.61,0.35,28.85,0.01,0.01,2319.575665,1776405670000
1776405672.461,72.461,0.66,77.81,0.65,17.85,0.67,46.7,0.68,16.0,0.33,51.7,0.32,16.0,0.34,39.81,0.35,22.85,0.01,0.01,2319.67266,1776405671000
1776405672.74,72.74,0.68,10.0,0.66,8.61,0.69,96.86,0.7,70.0,0.31,70.0,0.3,70.0,0.34,57.61,0.35,15.0,0.01,0.03,2319.67266,1776405671000
1776405672.97,72.97,0.61,5.0,0.59,12.35,0.62,3.39,0.63,23.51,0.31,149.25,0.3,70.0,0.32,4.71,0.34,8.61,0.01,0.01,2319.67266,1776405671000
1776405673.254,73.254,0.52,16.64,0.51,31.99,0.53,5.65,0.55,22.0,0.38,182.07,0.37,21.0,0.46,7.15,0.48,6.64,0.01,0.08,2319.869105,1776405672000
1776405673.501,73.501,0.52,14.24,0.51,31.99,0.53,39.33,0.54,10.0,0.47,18.33,0.46,10.0,0.48,21.54,0.49,31.99,0.01,0.01,2319.869105,1776405672000
1776405673.843,73.843,0.53,4.02,0.52,15.0,0.54,5.0,0.56,80.0,0.47,9.33,0.46,10.0,0.48,10.0,0.49,27.95,0.01,0.01,2319.869105,1776405672000
1776405674.401,74.401,0.53,5.0,0.52,14.02,0.54,67.58,0.55,115.76,0.46,5.0,0.45,10.0,0.47,5.0,0.48,9.02,0.01,0.01,2319.869105,1776405672000
1776405676.479,76.479,0.51,15.0,0.5,30.64,0.52,52.14,0.53,35.0,0.47,18.62,0.46,48.96,0.51,21.0,0.52,15.0,0.01,0.04,2319.673033,1776405675000
1776405676.959,76.959,0.51,10.0,0.5,30.64,0.52,52.14,0.53,35.0,0.48,52.14,0.47,35.0,0.49,15.0,0.5,30.64,0.01,0.01,2319.673033,1776405675000
1776405677.543,77.543,0.51,10.0,0.5,23.0,0.52,17.52,0.53,20.0,0.48,52.14,0.47,35.0,0.49,10.0,0.5,30.64,0.01,0.01,2319.60491,1776405676000
1776405677.926,77.926,0.51,5.0,0.5,28.0,0.52,17.52,0.53,20.0,0.48,17.52,0.47,20.0,0.49,10.0,0.5,23.0,0.01,0.01,2319.60491,1776405676000
1776405678.645,78.645,0.5,27.18,0.49,21.0,0.52,22.52,0.53,20.0,0.48,17.52,0.47,20.0,0.49,5.0,0.5,28.0,0.02,0.01,2319.599776,1776405677000
1776405678.952,78.952,0.51,2.38,0.5,27.18,0.52,14.9,0.53,20.0,0.48,22.52,0.47,20.0,0.5,27.18,0.51,21.0,0.01,0.02,2319.599776,1776405677000
1776405679.635,79.635,0.41,39.42,0.4,12.0,0.42,10.0,0.43,10.0,0.48,14.9,0.47,20.0,0.49,2.38,0.5,27.18,0.01,0.01,2319.599259,1776405678000
1776405680.467,80.467,0.41,23.35,0.4,31.0,0.42,76.46,0.43,20.0,0.58,53.0,0.57,15.0,0.59,23.35,0.6,31.0,0.01,0.01,2319.675767,1776405679000
1776405680.929,80.929,0.41,2.35,0.4,31.0,0.42,91.46,0.43,20.0,0.58,76.46,0.57,20.0,0.59,23.35,0.6,31.0,0.01,0.01,2319.675767,1776405679000
1776405681.251,81.251,0.4,25.71,0.39,19.0,0.41,109.38,0.42,50.0,0.58,91.46,0.57,20.0,0.6,12.71,0.61,5.0,0.01,0.02,2319.675767,1776405679000
1776405682.097,82.097,0.4,56.38,0.39,29.0,0.41,29.46,0.42,10.0,0.59,109.38,0.58,50.0,0.6,25.71,0.61,19.0,0.01,0.01,2319.564813,1776405680000
1776405683.446,83.446,0.4,299.58,0.39,52.1,0.41,8.46,0.48,5.0,0.59,29.46,0.58,10.0,0.6,58.11,0.61,29.0,0.01,0.01,2319.308217,1776405682000
1776405684.228,84.228,0.48,94.17,0.47,7.0,0.49,13.61,0.5,45.0,0.51,3.61,0.5,5.0,0.54,10.0,0.55,10.0,0.01,0.03,2319.25911,1776405683000
1776405685.132,85.132,0.48,99.28,0.47,7.0,0.55,91.21,0.56,73.0,0.51,13.61,0.5,45.0,0.52,94.17,0.53,7.0,0.07,0.01,2319.25911,1776405683000
1776405685.432,85.432,0.48,110.17,0.47,22.0,0.5,15.0,0.51,15.0,0.45,91.21,0.44,73.0,0.52,99.28,0.53,7.0,0.02,0.07,2319.422668,1776405684000
1776405686.084,86.084,0.49,23.7,0.48,94.17,0.5,15.0,0.51,15.0,0.5,15.0,0.49,15.0,0.52,110.17,0.53,22.0,0.01,0.02,2319.422668,1776405684000
1776405687.281,87.281,0.48,59.51,0.47,22.0,0.5,10.0,0.51,15.0,0.5,15.0,0.49,15.0,0.51,23.7,0.52,94.17,0.02,0.01,2319.467145,1776405686000
1776405688.851,88.851,0.5,34.0,0.49,10.0,0.51,10.0,0.52,30.0,0.5,10.0,0.49,15.0,0.52,59.51,0.53,22.0,0.01,0.02,2319.479073,1776405687000
1776405689.21,89.21,0.5,22.0,0.49,10.0,0.51,10.0,0.52,30.0,0.49,10.0,0.48,30.0,0.5,34.0,0.51,10.0,0.01,0.01,2319.479073,1776405687000
1776405695.288,95.288,0.51,67.2,0.5,64.17,0.55,11.0,0.56,55.0,0.49,10.0,0.48,30.0,0.5,22.0,0.51,10.0,0.04,0.01,2319.545735,1776405694000
1776405695.607,95.607,0.54,36.73,0.53,15.0,0.55,11.0,0.56,50.0,0.45,11.0,0.44,55.0,0.49,67.2,0.5,64.17,0.01,0.04,2319.545735,1776405694000
1776405695.83,95.83,0.54,43.73,0.53,20.0,0.56,50.0,0.57,15.0,0.45,9.18,0.44,50.0,0.46,43.73,0.47,20.0,0.02,0.01,2319.545735,1776405694000
1776405696.383,96.383,0.55,21.0,0.54,20.73,0.56,55.0,0.57,15.0,0.44,50.0,0.43,15.0,0.46,43.73,0.47,20.0,0.01,0.02,2319.581686,1776405695000
1776405697.368,97.368,0.65,50.0,0.64,17.81,0.66,14.9,0.68,78.0,0.44,44.95,0.43,15.0,0.45,26.0,0.46,20.73,0.01,0.01,2319.539196,1776405696000
1776405697.696,97.696,0.65,41.0,0.64,15.0,0.68,64.95,0.69,8.0,0.34,7.33,0.32,78.0,0.35,55.0,0.36,15.0,0.03,0.01,2319.539196,1776405696000
1776405698.396,98.396,0.7,10.0,0.69,26.0,0.71,47.18,0.73,70.0,0.32,35.55,0.31,8.0,0.33,31.0,0.34,15.0,0.01,0.01,2319.593525,1776405697000
1776405698.606,98.606,0.7,26.0,0.69,31.0,0.71,33.59,0.72,10.0,0.29,40.34,0.28,10.0,0.3,26.0,0.31,31.0,0.01,0.01,2319.593525,1776405697000
1776405699.075,99.075,0.69,12.74,0.68,15.0,0.71,45.59,0.72,5.0,0.29,33.59,0.28,10.0,0.3,26.0,0.31,31.0,0.02,0.01,2319.777748,1776405698000
1776405699.708,99.708,0.7,31.0,0.69,12.74,0.71,35.1,0.72,5.0,0.29,45.59,0.28,5.0,0.31,12.74,0.32,15.0,0.01,0.02,2319.777748,1776405698000
1776405700.362,100.362,0.69,7.31,0.68,15.0,0.71,35.1,0.72,13.0,0.29,35.1,0.28,5.0,0.3,31.0,0.31,12.74,0.02,0.01,2320.150276,1776405699000
1776405701.59,101.59,0.72,76.0,0.71,15.0,0.73,46.93,0.76,74.7,0.29,35.1,0.28,13.0,0.31,7.31,0.32,15.0,0.01,0.02,2320.2772,1776405700000
1776405703.516,103.516,0.72,89.0,0.71,15.0,0.73,14.0,0.74,45.69,0.27,46.93,0.24,74.7,0.28,76.0,0.29,15.0,0.01,0.01,2320.258429,1776405702000
1776405703.868,103.868,0.73,119.0,0.72,58.0,0.74,2.69,0.76,19.7,0.26,45.69,0.24,19.7,0.28,94.0,0.29,15.0,0.01,0.02,2320.258429,1776405702000
1776405704.418,104.418,0.73,124.0,0.72,58.0,0.76,84.16,0.77,90.3,0.26,1.33,0.24,19.7,0.27,119.0,0.28,58.0,0.03,0.01,2320.269214,1776405703000
1776405704.699,104.699,0.75,94.59,0.74,15.0,0.76,84.16,0.77,90.3,0.24,84.16,0.23,90.3,0.25,102.72,0.26,15.0,0.01,0.01,2320.269214,1776405703000
1776405705.09,105.09,0.75,77.51,0.74,15.0,0.76,84.16,0.77,90.3,0.24,89.16,0.23,90.3,0.25,90.19,0.26,15.0,0.01,0.01,2320.269214,1776405703000
1776405705.861,105.861,0.75,124.12,0.74,15.0,0.76,82.84,0.77,90.3,0.24,84.16,0.23,90.3,0.25,77.51,0.26,15.0,0.01,0.01,2320.38042,1776405704000
1776405707.387,107.387,0.75,136.12,0.74,15.0,0.76,10.37,0.77,90.3,0.24,82.84,0.23,90.3,0.25,124.12,0.26,15.0,0.01,0.01,2320.481527,1776405706000
1776405708.064,108.064,0.76,115.62,0.75,81.12,0.77,130.71,0.78,21.0,0.24,10.37,0.23,90.3,0.25,136.12,0.26,15.0,0.01,0.01,2320.481527,1776405706000
1776405709.626,109.626,0.76,115.62,0.75,81.12,0.77,64.93,0.79,21.7,0.23,130.71,0.22,21.0,0.24,115.62,0.25,81.12,0.01,0.01,2320.492355,1776405708000
1776405709.863,109.863,0.76,128.62,0.75,81.12,0.77,51.76,0.79,21.7,0.23,57.93,0.21,21.7,0.24,133.62,0.25,81.12,0.01,0.01,2320.492355,1776405708000
1776405712.275,112.275,0.76,74.29,0.75,48.12,0.77,51.76,0.79,21.7,0.23,51.76,0.21,21.7,0.24,128.62,0.25,81.12,0.01,0.01,2320.748089,1776405711000
1776405715.281,115.281,0.76,105.12,0.75,53.12,0.77,51.76,0.79,37.7,0.23,51.76,0.21,21.7,0.24,74.29,0.25,48.12,0.01,0.01,2320.675698,1776405713000
1776405715.994,115.994,0.76,38.75,0.75,53.12,0.77,50.46,0.79,37.7,0.23,50.46,0.21,37.7,0.24,105.12,0.25,53.12,0.01,0.01,2320.649457,1776405714000
1776405717.113,117.113,0.76,28.0,0.75,25.0,0.77,35.51,0.79,37.7,0.23,50.46,0.21,37.7,0.24,38.75,0.25,53.12,0.01,0.01,2320.658385,1776405716000
1776405718.582,118.582,0.76,35.83,0.75,25.0,0.77,22.34,0.78,16.0,0.23,22.34,0.21,37.7,0.24,28.0,0.25,25.0,0.01,0.01,2320.658385,1776405716000
1776405720.809,120.809,0.84,30.0,0.83,15.0,0.86,28.07,0.87,38.8,0.23,22.34,0.22,16.0,0.24,35.83,0.25,25.0,0.02,0.01,2320.745031,1776405719000
1776405721.37,121.37,0.85,49.0,0.84,44.0,0.86,22.33,0.87,50.8,0.14,28.07,0.13,38.8,0.16,30.0,0.17,15.0,0.01,0.02,2320.775397,1776405720000
1776405722.496,122.496,0.85,93.86,0.84,36.0,0.86,42.33,0.87,31.8,0.14,22.33,0.13,50.8,0.15,49.0,0.16,44.0,0.01,0.01,2320.81,1776405721000
1776405723.245,123.245,0.85,103.86,0.84,36.0,0.86,36.51,0.87,31.8,0.14,42.33,0.13,31.8,0.15,93.86,0.16,36.0,0.01,0.01,2321.087441,1776405722000
1776405724.116,124.116,0.85,98.86,0.84,36.0,0.86,26.51,0.87,41.8,0.14,36.51,0.13,31.8,0.15,103.86,0.16,36.0,0.01,0.01,2321.087441,1776405722000
1776405725.2,125.2,0.85,80.52,0.84,36.0,0.86,26.51,0.87,57.8,0.14,26.51,0.13,41.8,0.15,98.86,0.16,36.0,0.01,0.01,2321.191025,1776405724000
1776405725.603,125.603,0.86,117.46,0.85,22.06,0.87,46.8,0.88,122.1,0.14,26.51,0.13,57.8,0.15,80.52,0.16,36.0,0.01,0.01,2321.191025,1776405724000
1776405725.967,125.967,0.86,117.46,0.85,22.06,0.87,15.8,0.88,138.1,0.13,15.8,0.12,138.1,0.14,115.46,0.15,22.06,0.01,0.01,2321.191025,1776405724000
1776405728.145,128.145,0.86,81.46,0.85,19.06,0.87,21.24,0.88,122.1,0.13,15.8,0.12,138.1,0.14,117.46,0.15,22.06,0.01,0.01,2321.25923,1776405727000
1776405731.834,131.834,0.86,155.46,0.85,19.06,0.87,10.24,0.88,70.0,0.13,21.24,0.12,122.1,0.14,81.46,0.15,19.06,0.01,0.01,2321.36892,1776405730000
1776405732.576,132.576,0.87,134.46,0.86,51.0,0.88,74.31,0.89,56.79,0.12,60.0,0.11,56.79,0.14,150.46,0.15,19.06,0.01,0.02,2321.311711,1776405731000
1776405735.562,135.562,0.87,98.46,0.86,54.0,0.88,69.31,0.89,16.0,0.12,74.31,0.11,56.79,0.13,134.46,0.14,51.0,0.01,0.01,2321.39792,1776405734000
1776405737.232,137.232,0.87,108.46,0.86,54.0,0.88,59.31,0.89,16.0,0.12,69.31,0.11,16.0,0.13,98.46,0.14,54.0,0.01,0.01,2321.398273,1776405735000
1776405737.575,137.575,0.87,108.46,0.86,54.0,0.88,54.31,0.89,16.0,0.12,59.31,0.11,16.0,0.13,108.46,0.14,54.0,0.01,0.01,2321.385569,1776405736000
1776405741.519,141.519,0.86,10.0,0.85,141.71,0.88,66.0,0.89,74.79,0.12,54.31,0.11,16.0,0.13,108.46,0.14,54.0,0.02,0.01,2321.40166,1776405739000
1776405741.876,141.876,0.81,18.1,0.8,20.0,0.86,136.0,0.87,71.46,0.14,60.0,0.13,144.46,0.15,29.37,0.16,10.0,0.05,0.01,2321.411999,1776405740000
1776405742.086,142.086,0.8,8.1,0.79,15.0,0.82,105.0,0.83,46.0,0.17,24.0,0.16,55.0,0.2,18.1,0.21,15.0,0.02,0.03,2321.411999,1776405740000
1776405742.756,142.756,0.8,2.6,0.79,15.0,0.82,260.88,0.83,51.0,0.18,105.0,0.17,46.0,0.2,8.1,0.21,15.0,0.02,0.02,2321.402606,1776405741000
1776405743.147,143.147,0.8,12.6,0.79,20.0,0.81,94.34,0.82,50.29,0.18,244.7,0.17,51.0,0.2,12.6,0.21,15.0,0.01,0.02,2321.382616,1776405742000
1776405743.464,143.464,0.79,10.0,0.78,20.0,0.81,96.87,0.82,55.29,0.19,94.34,0.18,50.29,0.21,2.6,0.22,15.0,0.02,0.02,2321.382616,1776405742000
1776405744.002,144.002,0.79,10.0,0.78,20.0,0.8,86.72,0.81,47.87,0.19,96.87,0.18,55.29,0.21,10.0,0.22,20.0,0.01,0.02,2321.382616,1776405742000
1776405744.915,144.915,0.79,10.0,0.78,20.0,0.8,87.98,0.81,37.87,0.2,86.72,0.19,47.87,0.21,10.0,0.22,20.0,0.01,0.01,2320.994807,1776405743000
1776405745.41,145.41,0.7,9.9,0.69,10.0,0.71,32.47,0.72,27.0,0.2,87.98,0.19,37.87,0.21,10.0,0.22,20.0,0.01,0.01,2320.994807,1776405743000
1776405745.719,145.719,0.69,15.0,0.68,15.0,0.7,6.76,0.71,94.63,0.29,113.63,0.28,12.0,0.3,9.9,0.31,15.0,0.01,0.01,2320.768786,1776405744000
1776405746.434,146.434,0.68,9.06,0.67,15.0,0.7,102.47,0.71,31.16,0.3,6.76,0.29,94.63,0.31,15.0,0.32,15.0,0.02,0.01,2320.754919,1776405745000
1776405746.862,146.862,0.68,74.26,0.67,15.0,0.69,22.47,0.74,5.0,0.3,102.47,0.29,31.16,0.32,9.06,0.33,15.0,0.01,0.02,2320.754919,1776405745000
1776405751.825,151.825,0.66,5.0,0.65,5.0,0.72,101.0,0.73,21.0,0.26,5.0,0.25,5.0,0.32,74.26,0.33,15.0,0.06,0.06,2320.40118,1776405750000
1776405752.169,152.169,0.63,4.47,0.62,27.0,0.66,77.0,0.67,17.0,0.33,12.0,0.32,39.0,0.35,1.45,0.36,5.0,0.03,0.02,2320.31201,1776405751000
1776405752.77,152.77,0.6,10.0,0.59,57.0,0.64,77.26,0.65,15.0,0.36,3.43,0.35,10.0,0.37,4.47,0.38,27.0,0.04,0.01,2320.31201,1776405751000
1776405754.341,154.341,0.6,10.0,0.59,15.0,0.61,20.09,0.62,17.0,0.36,77.26,0.35,15.0,0.4,10.0,0.41,57.0,0.01,0.04,2320.320815,1776405752000
1776405754.586,154.586,0.6,48.11,0.59,15.0,0.61,30.09,0.62,22.0,0.39,20.09,0.38,17.0,0.4,10.0,0.41,15.0,0.01,0.01,2320.320815,1776405752000
1776405754.855,154.855,0.6,10.11,0.59,15.0,0.61,20.09,0.62,7.0,0.39,30.09,0.38,22.0,0.4,48.11,0.41,15.0,0.01,0.01,2320.181386,1776405753000
1776405755.209,155.209,0.6,0.11,0.59,15.0,0.61,27.06,0.62,7.0,0.39,47.06,0.38,7.0,0.4,10.11,0.41,15.0,0.01,0.01,2320.181386,1776405753000
1776405755.9,155.9,0.6,79.22,0.59,15.0,0.61,14.53,0.62,7.0,0.39,27.06,0.38,7.0,0.4,0.11,0.41,15.0,0.01,0.01,2320.134528,1776405754000
1776405756.14,156.14,0.6,79.22,0.59,15.0,0.61,12.9,0.62,7.0,0.39,14.53,0.38,7.0,0.4,84.22,0.41,15.0,0.01,0.01,2320.134528,1776405754000
1776405756.415,156.415,0.61,96.2,0.6,34.31,0.62,2.0,0.64,60.0,0.39,12.9,0.38,7.0,0.4,79.22,0.41,15.0,0.01,0.01,2320.107577,1776405755000
1776405756.925,156.925,0.61,325.2,0.6,5.11,0.64,46.0,0.71,5.0,0.38,2.0,0.36,60.0,0.39,96.2,0.4,34.31,0.03,0.01,2320.107577,1776405755000
1776405757.18,157.18,0.7,159.99,0.69,20.0,0.71,7.8,0.72,22.89,0.29,5.0,0.28,22.89,0.38,27.0,0.39,379.2,0.01,0.09,2320.107577,1776405755000
1776405757.503,157.503,0.7,125.99,0.69,20.0,0.72,22.89,0.73,23.3,0.29,2.18,0.28,22.89,0.3,102.99,0.31,20.0,0.02,0.01,2320.071587,1776405756000
1776405758.046,158.046,0.71,90.02,0.7,59.0,0.72,22.89,0.73,23.3,0.28,22.89,0.27,23.3,0.3,125.99,0.31,20.0,0.01,0.02,2320.065196,1776405757000
1776405758.266,158.266,0.71,141.02,0.7,54.0,0.72,19.76,0.73,23.3,0.28,22.89,0.27,23.3,0.29,90.02,0.3,59.0,0.01,0.01,2320.065196,1776405757000
1776405758.583,158.583,0.72,138.13,0.71,53.03,0.73,5.0,0.74,33.7,0.27,23.3,0.26,33.7,0.29,95.02,0.3,54.0,0.01,0.02,2320.065196,1776405757000
1776405758.853,158.853,0.73,109.99,0.72,37.14,0.74,33.7,0.75,36.2,0.26,33.7,0.25,46.2,0.28,97.13,0.29,53.03,0.01,0.02,2320.065196,1776405757000
1776405759.147,159.147,0.73,114.99,0.72,37.14,0.74,28.99,0.75,36.2,0.26,33.7,0.25,36.2,0.27,109.99,0.28,37.14,0.01,0.01,2320.276052,1776405758000
1776405760.597,160.597,0.73,93.28,0.72,37.14,0.74,28.99,0.75,24.2,0.26,28.99,0.25,36.2,0.27,114.99,0.28,37.14,0.01,0.01,2320.22166,1776405759000
1776405760.93,160.93,0.74,95.29,0.73,72.29,0.75,10.0,0.76,55.0,0.26,28.99,0.25,24.2,0.27,93.28,0.28,37.14,0.01,0.01,2320.390773,1776405760000
1776405761.335,161.335,0.76,91.99,0.75,60.0,0.77,20.3,0.78,21.0,0.24,1.68,0.23,20.3,0.26,107.29,0.27,72.29,0.01,0.02,2320.390773,1776405760000
1776405761.543,161.543,0.76,120.4,0.75,60.0,0.79,5.0,0.8,50.5,0.23,20.3,0.22,66.93,0.24,86.99,0.25,60.0,0.03,0.01,2320.390773,1776405760000
1776405761.862,161.862,0.78,11.71,0.77,20.0,0.81,28.4,0.82,62.4,0.21,5.0,0.2,50.5,0.24,120.4,0.25,60.0,0.03,0.03,2320.390773,1776405760000
1776405762.516,162.516,0.8,18.0,0.79,5.0,0.81,41.05,0.82,174.64,0.19,23.4,0.18,72.4,0.22,7.51,0.23,15.0,0.01,0.03,2320.311688,1776405761000
1776405763.041,163.041,0.8,8.0,0.79,10.0,0.81,22.0,0.82,49.4,0.19,41.05,0.18,174.64,0.2,18.0,0.21,5.0,0.01,0.01,2320.311688,1776405761000
1776405763.698,163.698,0.8,12.0,0.79,10.0,0.81,12.0,0.82,49.4,0.19,22.0,0.18,49.4,0.2,8.0,0.21,10.0,0.01,0.01,2320.4177,1776405762000
1776405765.708,165.708,0.77,15.0,0.76,15.0,0.81,72.0,0.82,109.37,0.19,12.0,0.18,49.4,0.2,12.0,0.21,10.0,0.04,0.01,2320.453684,1776405764000
1776405766.737,166.737,0.77,81.0,0.76,15.0,0.8,10.0,0.81,31.0,0.19,72.0,0.18,109.37,0.23,15.0,0.24,15.0,0.03,0.04,2320.474764,1776405765000
1776405768.011,168.011,0.8,76.0,0.79,25.0,0.81,10.0,0.82,25.0,0.2,10.0,0.19,31.0,0.23,81.0,0.24,15.0,0.01,0.03,2320.474147,1776405766000
1776405770.076,170.076,0.8,5.0,0.79,15.0,0.81,55.0,0.82,25.0,0.19,10.0,0.18,25.0,0.2,76.0,0.21,25.0,0.01,0.01,2320.544775,1776405769000
1776405771.652,171.652,0.8,109.0,0.79,25.0,0.81,3.98,0.82,10.0,0.19,55.0,0.18,25.0,0.2,5.0,0.21,15.0,0.01,0.01,2320.585126,1776405770000
1776405772.29,172.29,0.81,112.01,0.8,51.0,0.82,5.0,0.83,50.5,0.19,3.98,0.18,10.0,0.2,109.0,0.21,25.0,0.01,0.01,2320.529698,1776405771000
1776405774.195,174.195,0.82,129.21,0.81,41.0,0.83,4.19,0.84,15.0,0.18,5.0,0.17,50.5,0.19,112.01,0.2,51.0,0.01,0.01,2320.563185,1776405773000
1776405777.53,177.53,0.82,30.2,0.81,20.0,0.83,69.16,0.84,31.0,0.17,4.19,0.16,15.0,0.18,129.21,0.19,41.0,0.01,0.01,2320.638116,1776405776000
1776405778.691,178.691,0.82,108.2,0.81,25.0,0.84,26.0,0.85,15.0,0.17,69.16,0.16,31.0,0.18,30.2,0.19,20.0,0.02,0.01,2320.714778,1776405777000
1776405781.191,181.191,0.84,90.0,0.83,25.0,0.85,5.58,0.86,10.0,0.16,8.0,0.15,15.0,0.17,10.0,0.18,108.2,0.01,0.01,2320.732823,1776405780000
1776405782.546,182.546,0.84,93.75,0.83,25.0,0.85,10.58,0.86,10.0,0.15,5.58,0.14,10.0,0.16,90.0,0.17,25.0,0.01,0.01,2320.732823,1776405780000
1776405785.014,185.014,0.81,28.36,0.8,16.0,0.85,18.58,0.86,26.0,0.15,10.58,0.14,10.0,0.16,93.75,0.17,25.0,0.04,0.01,2320.69955,1776405783000
1776405785.907,185.907,0.84,18.0,0.82,10.62,0.86,13.0,0.88,180.0,0.15,18.0,0.14,16.0,0.19,17.75,0.2,16.0,0.02,0.04,2320.754141,1776405784000
1776405786.472,186.472,0.86,55.81,0.85,5.0,0.88,170.0,0.89,10.0,0.14,12.9,0.12,180.0,0.15,5.88,0.18,17.62,0.02,0.01,2320.754141,1776405785000
1776405787.003,187.003,0.86,5.0,0.85,30.0,0.88,184.52,0.89,26.0,0.12,170.0,0.11,10.0,0.14,42.81,0.15,5.0,0.02,0.02,2320.754141,1776405785000
1776405787.497,187.497,0.82,17.55,0.81,63.75,0.85,10.0,0.86,34.0,0.12,178.83,0.11,26.0,0.14,5.0,0.15,30.0,0.03,0.02,2320.920562,1776405786000
1776405788.156,188.156,0.83,10.0,0.82,16.0,0.86,10.0,0.87,10.0,0.15,0.58,0.14,34.0,0.17,10.0,0.18,16.0,0.03,0.02,2321.011905,1776405787000
1776405788.528,188.528,0.83,10.0,0.82,16.0,0.85,22.0,0.86,15.0,0.14,4.0,0.13,10.0,0.16,10.0,0.17,10.0,0.02,0.02,2321.011905,1776405787000
1776405789.024,189.024,0.82,34.4,0.81,47.15,0.84,20.75,0.85,10.0,0.15,22.0,0.14,15.0,0.17,10.0,0.18,16.0,0.02,0.02,2321.011905,1776405787000
1776405789.39,189.39,0.83,9.11,0.82,10.0,0.84,14.0,0.85,10.0,0.16,5.0,0.15,10.0,0.18,39.4,0.19,52.15,0.01,0.02,2321.001412,1776405788000
1776405789.606,189.606,0.84,9.0,0.83,41.11,0.85,12.65,0.86,25.0,0.15,9.05,0.14,25.0,0.17,81.11,0.18,142.26,0.01,0.02,2321.001412,1776405788000
1776405789.829,189.829,0.84,40.75,0.83,14.11,0.85,7.65,0.86,31.0,0.15,12.65,0.14,25.0,0.16,9.0,0.17,41.11,0.01,0.01,2321.001412,1776405788000
1776405791.244,191.244,0.85,20.0,0.84,54.75,0.86,10.18,0.88,172.83,0.15,7.65,0.14,31.0,0.16,40.75,0.17,14.11,0.01,0.01,2321.001412,1776405789000
1776405795.134,195.134,0.87,24.0,0.86,25.0,0.88,166.83,0.89,32.0,0.14,10.18,0.12,172.83,0.15,20.0,0.16,54.75,0.01,0.01,2321.095007,1776405793000
1776405795.548,195.548,0.87,30.0,0.86,5.0,0.88,176.14,0.89,37.0,0.12,156.14,0.11,37.0,0.13,24.0,0.14,15.0,0.01,0.01,2321.095007,1776405793000
1776405796.261,196.261,0.86,5.0,0.85,32.0,0.88,147.14,0.89,37.0,0.12,156.14,0.11,37.0,0.14,5.0,0.15,25.0,0.02,0.02,2321.00842,1776405794000
1776405796.957,196.957,0.86,42.99,0.85,27.0,0.87,12.31,0.88,147.14,0.12,147.14,0.11,37.0,0.14,5.0,0.15,32.0,0.01,0.02,2321.103052,1776405795000
1776405797.318,197.318,0.86,5.0,0.85,27.0,0.88,147.14,0.89,31.0,0.13,12.31,0.12,147.14,0.14,42.99,0.15,27.0,0.02,0.01,2321.103052,1776405795000
1776405797.741,197.741,0.87,10.0,0.86,15.0,0.88,168.98,0.89,41.0,0.12,147.14,0.11,31.0,0.14,5.0,0.15,27.0,0.01,0.02,2321.103052,1776405795000
1776405798.464,198.464,0.85,15.0,0.84,45.8,0.86,3.79,0.87,67.98,0.12,168.98,0.11,41.0,0.13,10.0,0.14,15.0,0.01,0.01,2321.006206,1776405796000
1776405799.644,199.644,0.83,25.5,0.81,38.15,0.85,43.33,0.86,111.77,0.14,3.79,0.13,67.98,0.15,15.0,0.16,45.8,0.02,0.01,2320.888134,1776405798000
1776405799.889,199.889,0.81,31.15,0.8,52.5,0.85,48.33,0.86,131.77,0.15,43.33,0.14,111.77,0.17,25.5,0.19,38.15,0.04,0.02,2320.888134,1776405798000
1776405800.384,200.384,0.8,30.0,0.79,21.7,0.85,71.31,0.86,96.79,0.15,48.33,0.14,131.77,0.19,31.15,0.2,52.5,0.05,0.04,2320.889545,1776405799000
1776405800.898,200.898,0.8,20.0,0.79,21.7,0.81,5.0,0.84,69.89,0.15,71.31,0.14,96.79,0.2,20.0,0.21,21.7,0.01,0.05,2320.889545,1776405799000
1776405801.454,201.454,0.79,21.7,0.78,10.0,0.81,48.82,0.82,27.77,0.19,5.0,0.16,69.89,0.2,20.0,0.21,21.7,0.02,0.01,2320.73045,1776405800000
1776405802.039,202.039,0.65,5.0,0.6,110.0,0.8,30.0,0.81,177.82,0.19,48.82,0.18,27.77,0.21,21.7,0.22,10.0,0.15,0.02,2320.413784,1776405801000
1776405802.767,202.767,0.6,110.0,0.59,14.9,0.61,20.1,0.69,10.0,0.2,30.0,0.19,205.8,0.33,19.9,0.35,5.0,0.01,0.13,2320.413784,1776405801000
1776405803.037,203.037,0.6,115.0,0.58,6.48,0.61,70.73,0.62,10.0,0.39,15.1,0.31,10.0,0.4,110.0,0.41,14.9,0.01,0.01,2320.260372,1776405802000
1776405803.54,203.54,0.6,92.5,0.58,6.48,0.61,89.73,0.62,10.0,0.39,70.73,0.38,10.0,0.4,102.5,0.42,6.48,0.01,0.01,2320.260372,1776405802000
1776405803.764,203.764,0.6,67.5,0.58,6.48,0.61,84.73,0.62,10.0,0.39,84.73,0.38,10.0,0.4,77.5,0.42,6.48,0.01,0.01,2320.260372,1776405802000
1776405803.997,203.997,0.6,51.36,0.58,6.48,0.61,88.45,0.62,10.0,0.39,93.45,0.38,10.0,0.4,61.36,0.42,6.48,0.01,0.01,2320.260372,1776405802000
1776405804.821,204.821,0.6,42.05,0.58,6.48,0.61,88.45,0.62,10.0,0.39,88.45,0.38,10.0,0.4,51.36,0.42,6.48,0.01,0.01,2319.744165,1776405803000
1776405805.147,205.147,0.6,37.1,0.58,6.48,0.61,78.45,0.62,10.0,0.39,88.45,0.38,10.0,0.4,42.05,0.42,6.48,0.01,0.01,2319.744165,1776405803000
1776405806.42,206.42,0.6,14.57,0.58,6.48,0.61,106.45,0.62,10.0,0.39,78.45,0.38,10.0,0.4,32.1,0.42,6.48,0.01,0.01,2319.651518,1776405805000
1776405806.987,206.987,0.6,9.57,0.58,6.48,0.61,95.45,0.62,10.0,0.39,106.45,0.38,10.0,0.4,14.57,0.42,6.48,0.01,0.01,2319.671064,1776405806000
1776405807.92,207.92,0.6,4.22,0.58,6.48,0.61,67.47,0.62,10.0,0.39,95.45,0.38,10.0,0.4,9.57,0.42,6.48,0.01,0.01,2319.671064,1776405806000
1776405809.45,209.45,0.6,4.22,0.58,6.48,0.61,52.32,0.62,10.0,0.39,67.47,0.38,10.0,0.4,4.22,0.42,6.48,0.01,0.01,2319.75996,1776405808000
1776405809.898,209.898,0.6,4.22,0.58,11.48,0.61,22.32,0.62,10.0,0.39,52.32,0.38,10.0,0.4,4.22,0.42,6.48,0.01,0.01,2319.75996,1776405808000
1776405811.195,211.195,0.6,14.22,0.58,11.48,0.61,36.32,0.62,10.0,0.39,22.32,0.38,10.0,0.4,4.22,0.42,11.48,0.01,0.01,2319.78815,1776405809000
1776405812.602,212.602,0.59,5.0,0.58,11.48,0.61,32.98,0.62,10.0,0.39,36.32,0.38,10.0,0.4,14.22,0.42,11.48,0.02,0.01,2319.700266,1776405811000
1776405813.923,213.923,0.5,5.6,0.49,5.0,0.51,46.98,0.52,10.0,0.48,10.0,0.47,10.0,0.5,16.0,0.51,5.0,0.01,0.02,2319.693621,1776405812000
1776405814.532,214.532,0.45,12.3,0.44,10.0,0.48,10.0,0.49,10.0,0.49,46.98,0.48,10.0,0.53,2.3,0.55,14.5,0.03,0.04,2319.771318,1776405813000
1776405814.899,214.899,0.5,10.0,0.49,10.0,0.51,41.99,0.52,17.0,0.52,10.0,0.51,10.0,0.55,12.3,0.56,10.0,0.01,0.03,2319.771318,1776405813000
1776405815.29,215.29,0.5,3.28,0.49,10.0,0.51,33.98,0.52,7.0,0.49,33.98,0.48,7.0,0.5,6.0,0.51,10.0,0.01,0.01,2319.771318,1776405813000
1776405819.352,219.352,0.53,5.0,0.52,10.0,0.54,4.44,0.55,10.0,0.49,33.98,0.48,7.0,0.5,3.28,0.51,10.0,0.01,0.01,2319.629005,1776405817000
1776405819.689,219.689,0.52,10.0,0.51,15.0,0.54,9.44,0.55,10.0,0.46,4.44,0.45,10.0,0.47,5.0,0.48,10.0,0.02,0.01,2319.629224,1776405818000
1776405821.664,221.664,0.52,37.01,0.51,15.0,0.61,60.0,0.62,10.0,0.46,9.44,0.45,10.0,0.48,10.0,0.49,15.0,0.09,0.02,2319.612542,1776405820000
1776405822.083,222.083,0.59,5.6,0.58,10.0,0.6,15.0,0.61,60.0,0.39,60.0,0.38,10.0,0.48,37.01,0.49,15.0,0.01,0.09,2319.599771,1776405821000
1776405822.492,222.492,0.63,40.0,0.62,10.0,0.65,13.29,0.66,10.0,0.4,15.0,0.39,60.0,0.41,5.6,0.42,10.0,0.02,0.01,2319.599771,1776405821000
1776405822.881,222.881,0.61,13.76,0.6,24.0,0.62,5.0,0.64,6.0,0.36,9.9,0.35,26.0,0.37,31.0,0.38,10.0,0.01,0.01,2319.599771,1776405821000
1776405825.688,225.688,0.69,45.06,0.68,10.0,0.7,5.0,0.71,55.0,0.37,5.19,0.35,10.0,0.39,13.76,0.4,24.0,0.01,0.02,2319.775842,1776405824000
1776405826.001,226.001,0.69,41.83,0.68,10.0,0.7,5.0,0.71,55.0,0.3,5.0,0.29,55.0,0.31,45.06,0.32,10.0,0.01,0.01,2319.775842,1776405824000
1776405828.632,228.632,0.69,50.37,0.68,10.0,0.71,45.84,0.72,10.0,0.3,5.0,0.29,55.0,0.31,35.37,0.32,10.0,0.02,0.01,2319.901901,1776405826000
1776405829.437,229.437,0.7,68.81,0.69,22.56,0.74,15.0,0.75,15.0,0.29,45.84,0.28,10.0,0.31,50.37,0.32,10.0,0.04,0.02,2320.038316,1776405828000
1776405829.851,229.851,0.69,15.0,0.68,15.0,0.73,15.0,0.74,15.0,0.26,15.0,0.25,15.0,0.3,68.81,0.31,22.56,0.04,0.04,2320.038316,1776405828000
1776405830.204,230.204,0.7,12.81,0.69,37.01,0.71,15.0,0.72,15.0,0.27,15.0,0.26,15.0,0.31,15.0,0.32,15.0,0.01,0.04,2320.038316,1776405828000
1776405830.965,230.965,0.69,21.77,0.68,15.0,0.7,5.0,0.71,15.0,0.29,15.0,0.28,15.0,0.3,12.81,0.31,37.01,0.01,0.01,2319.933685,1776405829000
1776405831.951,231.951,0.52,19.62,0.51,23.0,0.68,30.0,0.69,50.0,0.3,5.0,0.29,15.0,0.31,21.77,0.32,15.0,0.16,0.01,2319.933355,1776405830000
1776405832.171,232.171,0.52,3.62,0.51,33.0,0.53,16.0,0.54,51.0,0.46,5.0,0.45,36.0,0.48,9.62,0.49,33.0,0.01,0.02,2319.93757,1776405831000
1776405834.503,234.503,0.52,25.62,0.51,18.62,0.53,14.11,0.54,29.0,0.47,21.0,0.46,35.0,0.5,22.45,0.51,53.0,0.01,0.03,2319.803212,1776405833000
1776405836.106,236.106,0.52,37.01,0.51,10.0,0.53,0.11,0.54,19.0,0.47,14.11,0.46,29.0,0.48,25.62,0.49,18.62,0.01,0.01,2319.689346,1776405835000
1776405841.055,241.055,0.52,25.0,0.51,80.0,0.54,5.0,0.55,5.0,0.47,0.11,0.46,19.0,0.48,37.01,0.49,10.0,0.02,0.01,2319.675774,1776405839000
1776405841.604,241.604,0.54,35.0,0.53,20.0,0.57,4.73,0.61,50.0,0.45,5.0,0.44,5.0,0.47,20.0,0.48,25.0,0.03,0.02,2319.67805,1776405840000
1776405843.863,243.863,0.56,25.0,0.55,20.0,0.57,4.89,0.61,50.0,0.43,4.73,0.39,50.0,0.46,35.0,0.47,20.0,0.01,0.03,2319.793166,1776405842000
1776405845.114,245.114,0.6,5.0,0.56,5.0,0.61,65.0,0.62,10.0,0.43,4.89,0.39,50.0,0.44,25.0,0.45,20.0,0.01,0.01,2319.77144,1776405843000
1776405845.729,245.729,0.54,37.01,0.53,20.0,0.56,9.94,0.57,7.0,0.39,70.0,0.38,10.0,0.46,15.0,0.47,15.0,0.02,0.07,2319.77144,1776405843000
1776405847.759,247.759,0.69,49.01,0.68,16.0,0.7,75.71,0.71,50.0,0.43,7.0,0.41,10.0,0.45,29.78,0.46,20.0,0.01,0.02,2319.73852,1776405846000
1776405848.636,248.636,0.69,59.01,0.68,31.0,0.7,62.85,0.71,50.0,0.3,75.71,0.29,50.0,0.31,49.01,0.32,16.0,0.01,0.01,2319.751489,1776405847000
1776405848.942,248.942,0.69,92.01,0.68,21.0,0.7,8.85,0.76,69.7,0.3,32.85,0.29,50.0,0.31,59.01,0.32,31.0,0.01,0.01,2319.751489,1776405847000
1776405850.593,250.593,0.75,49.01,0.74,20.0,0.76,38.13,0.77,20.3,0.24,60.13,0.23,20.3,0.31,92.01,0.32,21.0,0.01,0.07,2319.943155,1776405849000
1776405850.897,250.897,0.75,43.01,0.74,20.0,0.76,88.13,0.77,20.3,0.24,38.13,0.23,20.3,0.25,49.01,0.26,20.0,0.01,0.01,2319.943155,1776405849000
1776405851.493,251.493,0.75,48.01,0.74,20.0,0.76,66.13,0.77,20.3,0.24,88.13,0.23,20.3,0.25,43.01,0.26,20.0,0.01,0.01,2319.943155,1776405849000
1776405852.497,252.497,0.75,43.01,0.74,20.0,0.77,14.5,0.78,31.0,0.24,66.13,0.23,20.3,0.25,48.01,0.26,20.0,0.02,0.01,2319.99161,1776405851000
1776405853.499,253.499,0.76,54.01,0.75,26.0,0.78,28.57,0.79,31.7,0.23,14.5,0.22,31.0,0.25,43.01,0.26,20.0,0.02,0.02,2319.99161,1776405851000
1776405853.979,253.979,0.77,31.09,0.76,32.0,0.78,28.57,0.79,31.7,0.22,28.57,0.21,31.7,0.24,54.01,0.25,26.0,0.01,0.02,2320.00173,1776405852000
1776405854.326,254.326,0.77,12.09,0.76,10.0,0.78,26.35,0.79,31.7,0.22,26.35,0.21,31.7,0.23,36.09,0.24,32.0,0.01,0.01,2320.00173,1776405852000
1776405854.548,254.548,0.66,1.0,0.65,14.62,0.7,16.11,0.71,16.0,0.3,8.21,0.29,10.0,0.32,6.0,0.33,10.0,0.04,0.02,2320.00173,1776405852000
1776405854.973,254.973,0.64,22.81,0.63,15.4,0.66,49.7,0.67,10.0,0.34,44.7,0.33,15.0,0.35,14.62,0.36,28.6,0.02,0.01,2320.1413,1776405853000
1776405855.182,255.182,0.64,19.81,0.63,15.4,0.65,10.0,0.66,15.0,0.34,49.7,0.33,10.0,0.36,22.81,0.37,15.4,0.01,0.02,2320.1413,1776405853000
1776405855.539,255.539,0.63,25.21,0.62,15.3,0.66,3.8,0.67,10.0,0.35,10.0,0.34,15.0,0.37,15.21,0.38,23.92,0.03,0.02,2320.003305,1776405854000
1776405855.883,255.883,0.52,12.9,0.51,63.0,0.53,17.0,0.54,10.0,0.34,3.8,0.33,10.0,0.37,25.21,0.38,15.3,0.01,0.03,2320.003305,1776405854000
1776405856.085,256.085,0.51,45.06,0.5,23.0,0.52,22.0,0.53,22.0,0.47,22.0,0.46,10.0,0.48,0.06,0.49,63.0,0.01,0.01,2320.003305,1776405854000
1776405856.971,256.971,0.51,16.4,0.5,13.0,0.52,35.33,0.53,17.0,0.48,46.07,0.47,22.0,0.49,18.0,0.5,23.0,0.01,0.01,2319.99588,1776405855000
1776405859.304,259.304,0.51,25.0,0.5,123.92,0.52,23.4,0.53,17.0,0.48,38.4,0.47,17.0,0.49,16.4,0.5,13.0,0.01,0.01,2319.8079,1776405857000
1776405866.265,266.265,0.51,58.69,0.5,36.4,0.55,7.0,0.61,50.0,0.48,17.16,0.47,17.0,0.49,25.0,0.5,123.92,0.04,0.01,2319.691514,1776405865000
1776405867.042,267.042,0.75,51.99,0.74,15.0,0.76,27.73,0.78,21.35,0.45,7.0,0.39,50.0,0.49,58.69,0.5,36.4,0.01,0.04,2319.691514,1776405865000
1776405867.253,267.253,0.77,22.0,0.76,34.99,0.79,17.88,0.81,43.82,0.22,4.41,0.21,26.7,0.25,79.99,0.26,15.0,0.02,0.03,2319.691489,1776405866000
1776405867.787,267.787,0.78,81.8,0.77,27.0,0.79,7.48,0.81,43.82,0.21,17.88,0.19,43.82,0.23,22.0,0.24,34.99,0.01,0.02,2319.691489,1776405866000
1776405868.135,268.135,0.86,84.8,0.85,15.0,0.87,12.55,0.88,144.1,0.19,28.11,0.17,55.5,0.2,10.0,0.21,10.0,0.01,0.01,2319.691489,1776405866000
1776405868.348,268.348,0.86,15.94,0.85,15.0,0.87,12.55,0.88,149.1,0.13,12.55,0.12,149.1,0.14,26.8,0.15,15.0,0.01,0.01,2319.702475,1776405867000
1776405868.559,268.559,0.86,45.94,0.85,15.0,0.87,7.26,0.88,149.1,0.13,10.48,0.12,149.1,0.14,25.94,0.15,15.0,0.01,0.01,2319.702475,1776405867000
1776405868.916,268.916,0.85,3.6,0.84,27.0,0.87,5.85,0.88,149.1,0.13,5.85,0.12,149.1,0.14,26.65,0.15,15.0,0.02,0.01,2319.702475,1776405867000
1776405869.269,269.269,0.87,30.0,0.86,20.0,0.88,104.57,0.9,24.0,0.13,5.85,0.12,149.1,0.15,3.6,0.16,27.0,0.01,0.02,2319.904432,1776405868000
1776405869.517,269.517,0.87,65.0,0.86,70.0,0.88,84.57,0.9,10.0,0.12,104.57,0.1,24.0,0.13,25.0,0.14,10.0,0.01,0.01,2319.904432,1776405868000
1776405869.852,269.852,0.91,10.0,0.9,15.0,0.92,1.68,0.93,14.0,0.08,6.88,0.07,14.0,0.11,23.0,0.12,20.0,0.01,0.03,2319.904432,1776405868000
1776405870.232,270.232,0.89,19.81,0.88,10.0,0.92,51.68,0.93,14.0,0.08,1.68,0.07,14.0,0.09,10.0,0.1,15.0,0.03,0.01,2320.013195,1776405869000
1776405870.467,270.467,0.91,15.0,0.9,10.0,0.92,30.68,0.93,14.0,0.08,35.68,0.07,14.0,0.11,19.81,0.12,10.0,0.01,0.03,2320.013195,1776405869000
1776405871.253,271.253,0.91,10.0,0.9,10.0,0.92,38.12,0.93,14.0,0.08,18.98,0.07,14.0,0.09,15.0,0.1,10.0,0.01,0.01,2320.19066,1776405870000
1776405872.168,272.168,0.91,60.0,0.9,10.0,0.93,14.0,0.94,31.0,0.08,38.12,0.07,14.0,0.09,10.0,0.1,10.0,0.02,0.01,2320.19066,1776405870000
1776405872.43,272.43,0.91,13.33,0.9,15.0,0.93,14.0,0.94,31.0,0.07,14.0,0.06,31.0,0.09,60.0,0.1,10.0,0.02,0.02,2320.3997,1776405871000
1776405872.734,272.734,0.92,217.27,0.91,23.33,0.93,13.24,0.94,31.0,0.07,14.0,0.06,31.0,0.09,13.33,0.1,15.0,0.01,0.02,2320.3997,1776405871000
1776405873.066,273.066,0.92,200.27,0.91,23.33,0.93,12.54,0.94,31.0,0.07,25.32,0.06,31.0,0.08,212.27,0.09,23.33,0.01,0.01,2320.3997,1776405871000
1776405873.674,273.674,0.92,322.27,0.91,23.33,0.93,37.54,0.94,31.0,0.07,12.54,0.06,31.0,0.08,200.27,0.09,23.33,0.01,0.01,2320.425246,1776405872000
1776405874.578,274.578,0.93,115.77,0.92,360.27,0.95,41.48,0.96,40.0,0.06,56.0,0.05,50.69,0.07,88.77,0.08,337.27,0.02,0.01,2320.465701,1776405873000
1776405875.214,275.214,0.94,19.64,0.93,128.77,0.95,41.48,0.96,40.0,0.05,41.48,0.04,40.0,0.07,115.77,0.08,360.27,0.01,0.02,2320.499487,1776405874000
1776405876.019,276.019,0.94,152.26,0.93,134.39,0.96,31.48,0.97,141.0,0.05,41.48,0.04,40.0,0.06,19.64,0.07,128.77,0.02,0.01,2320.499487,1776405874000
1776405876.227,276.227,0.95,63.0,0.94,129.26,0.97,138.36,0.98,230.0,0.04,1.38,0.03,141.0,0.05,13.0,0.06,139.26,0.02,0.01,2320.499487,1776405874000
1776405876.617,276.617,0.95,48.62,0.94,124.26,0.97,128.15,0.98,230.0,0.03,128.15,0.02,230.0,0.04,20.0,0.05,72.0,0.02,0.01,2320.499487,1776405874000
1776405876.884,276.884,0.95,214.74,0.94,124.26,0.96,8.95,0.97,128.15,0.03,128.15,0.02,230.0,0.05,48.62,0.06,124.26,0.01,0.02,2320.499487,1776405874000
1776405877.328,277.328,0.95,224.74,0.94,124.26,0.96,0.76,0.97,128.15,0.04,5.91,0.03,128.15,0.05,214.74,0.06,124.26,0.01,0.01,2320.643869,1776405875000
1776405877.687,277.687,0.95,235.74,0.94,124.26,0.97,128.15,0.98,230.0,0.04,0.76,0.03,128.15,0.05,224.74,0.06,124.26,0.02,0.01,2320.711147,1776405876000
1776405877.947,277.947,0.95,226.89,0.94,124.26,0.97,122.99,0.98,230.0,0.03,122.99,0.02,230.0,0.05,210.74,0.06,124.26,0.02,0.02,2320.711147,1776405876000
1776405878.549,278.549,0.96,24.0,0.95,131.45,0.97,107.99,0.98,230.0,0.03,122.99,0.02,230.0,0.05,226.89,0.06,124.26,0.01,0.02,2320.912697,1776405877000
1776405879.503,279.503,0.96,34.0,0.95,141.45,0.97,96.37,0.98,230.0,0.03,98.37,0.02,230.0,0.04,24.0,0.05,131.45,0.01,0.01,2320.951668,1776405878000
1776405880.064,280.064,0.96,105.45,0.95,141.45,0.97,85.21,0.98,280.0,0.03,90.37,0.02,230.0,0.04,39.0,0.05,141.45,0.01,0.01,2320.955769,1776405879000
1776405881.268,281.268,0.96,156.07,0.95,165.79,0.97,80.02,0.98,230.0,0.03,85.21,0.02,280.0,0.04,105.45,0.05,141.45,0.01,0.01,2320.955769,1776405879000
1776405881.707,281.707,0.96,122.69,0.95,165.79,0.97,39.71,0.98,230.0,0.03,50.02,0.02,230.0,0.04,151.96,0.05,165.79,0.01,0.01,2320.980306,1776405880000
1776405882.052,282.052,0.96,132.69,0.95,165.79,0.97,23.2,0.98,230.0,0.03,24.24,0.02,230.0,0.04,122.69,0.05,165.79,0.01,0.01,2320.980306,1776405880000
1776405882.416,282.416,0.96,127.69,0.95,161.64,0.97,20.08,0.98,230.0,0.03,20.08,0.02,230.0,0.04,142.69,0.05,165.79,0.01,0.01,2320.996152,1776405881000
1776405883.415,283.415,0.97,20.0,0.96,152.93,0.98,121.26,0.99,1116.0,0.02,122.29,0.01,1016.0,0.04,122.69,0.05,161.64,0.01,0.02,2320.992639,1776405882000
1776405883.718,283.718,0.97,20.0,0.96,169.04,0.98,60.17,0.99,1116.0,0.02,62.17,0.01,1116.0,0.03,20.0,0.04,169.04,0.01,0.01,2320.992639,1776405882000
1776405884.633,284.633,0.97,84.62,0.96,169.04,0.98,58.17,0.99,1116.0,0.02,60.17,0.01,1116.0,0.03,20.0,0.04,169.04,0.01,0.01,2321.016718,1776405883000
1776405884.933,284.933,0.97,113.62,0.96,130.04,0.98,47.96,0.99,1116.0,0.02,58.17,0.01,1116.0,0.03,84.62,0.04,169.04,0.01,0.01,2321.016718,1776405883000
1776405885.57,285.57,0.97,160.62,0.96,111.42,0.98,10.88,0.99,1116.0,0.02,20.88,0.01,1116.0,0.03,160.62,0.04,111.42,0.01,0.01,2320.963532,1776405884000
1776405885.929,285.929,0.97,160.62,0.96,111.42,0.98,5.82,0.99,1116.0,0.02,10.88,0.01,1116.0,0.03,160.62,0.04,111.42,0.01,0.01,2320.963532,1776405884000
1776405886.286,286.286,0.98,42.62,0.97,165.62,0.99,1110.94,,,0.01,1110.94,,,0.03,160.62,0.04,111.42,0.01,0.02,2321.126528,1776405885000
1776405886.53,286.53,0.98,36.62,0.97,159.93,0.99,1100.89,,,0.01,1110.94,,,0.02,42.62,0.03,165.62,0.01,0.01,2321.126528,1776405885000
1776405887.087,287.087,0.98,111.82,0.97,159.93,0.99,1095.89,,,0.01,1100.89,,,0.02,36.62,0.03,159.93,0.01,0.01,2321.126528,1776405885000
1776405887.327,287.327,0.98,196.82,0.97,99.51,0.99,984.38,,,0.01,1045.38,,,0.02,111.82,0.03,159.93,0.01,0.01,2321.126528,1776405885000
1776405887.547,287.547,0.98,146.82,0.97,124.3,0.99,459.38,,,0.01,982.38,,,0.02,141.82,0.03,124.3,0.01,0.01,2321.126528,1776405885000
1776405888.066,288.066,0.99,4153.14,0.98,146.82,,,,,,,,,0.01,550.62,0.02,151.82,,,2321.125275,1776405887000
1776405888.453,288.453,0.99,4261.81,0.98,141.82,,,,,,,,,0.01,4153.14,0.02,146.82,,,2321.125275,1776405887000
1776405888.896,288.896,0.99,4262.83,0.98,130.82,,,,,,,,,0.01,4261.81,0.02,141.82,,,2321.125275,1776405887000
1776405889.552,289.552,0.99,4272.48,0.98,130.82,,,,,,,,,0.01,4259.15,0.02,130.82,,,2321.125275,1776405887000
1776405891.045,291.045,0.99,2688.96,0.98,26.2,,,,,,,,,0.01,4272.48,0.02,130.82,,,2321.432409,1776405889000
1776405898.875,298.875,0.99,7214.19,0.98,26.2,,,,,,,,,0.01,2688.96,0.02,26.2,,,2320.982923,1776405897000
