timestamp,elapsed_sec,up_bid_p1,up_bid_s1,up_bid_p2,up_bid_s2,up_ask_p1,up_ask_s1,up_ask_p2,up_ask_s2,down_bid_p1,down_bid_s1,down_bid_p2,down_bid_s2,down_ask_p1,down_ask_s1,down_ask_p2,down_ask_s2,up_spread,down_spread,eth_price,eth_oracle_ts
1776213901.465,1.465,0.5,5.0,0.49,145.0,0.54,5.0,0.56,5.0,0.43,5.0,0.42,5.0,0.49,10.0,0.5,10.0,0.04,0.06,2334.124807,1776213900000
1776213901.789,1.789,0.55,5.0,0.54,10.0,0.57,5.0,0.58,10.0,0.43,5.0,0.42,5.0,0.49,10.0,0.5,10.0,0.02,0.06,2334.124807,1776213900000
1776213902.392,2.392,0.55,10.0,0.54,10.0,0.58,6.12,0.59,5.0,0.43,5.0,0.42,10.0,0.45,5.0,0.46,10.0,0.03,0.02,2334.122182,1776213901000
1776213902.801,2.801,0.55,5.0,0.54,10.0,0.58,5.67,0.59,5.0,0.42,6.12,0.41,5.0,0.45,10.0,0.46,10.0,0.03,0.03,2334.122182,1776213901000
1776213903.492,3.492,0.58,10.0,0.57,15.0,0.6,70.0,0.61,5.0,0.42,5.67,0.41,5.0,0.45,5.0,0.46,10.0,0.02,0.03,2334.14525,1776213902000
1776213903.851,3.851,0.63,3.67,0.62,15.0,0.64,75.0,0.65,75.0,0.36,75.0,0.35,75.0,0.37,3.67,0.38,15.0,0.01,0.01,2334.358302,1776213903000
1776213904.101,4.101,0.63,3.67,0.62,15.0,0.64,75.0,0.65,80.0,0.36,75.0,0.35,75.0,0.37,3.67,0.38,15.0,0.01,0.01,2334.358302,1776213903000
1776213904.31,4.31,0.63,3.67,0.62,15.0,0.64,6.25,0.65,80.0,0.36,31.25,0.35,80.0,0.37,8.67,0.38,15.0,0.01,0.01,2334.358302,1776213903000
1776213904.598,4.598,0.63,3.67,0.62,20.0,0.65,75.65,0.66,5.0,0.36,5.92,0.35,80.0,0.37,8.67,0.38,15.0,0.02,0.01,2334.358302,1776213903000
1776213904.862,4.862,0.63,3.67,0.62,20.0,0.65,75.65,0.66,5.0,0.35,75.65,0.34,5.0,0.37,3.67,0.38,20.0,0.02,0.02,2334.466747,1776213904000
1776213905.871,5.871,0.63,3.67,0.62,20.0,0.65,75.65,0.66,5.0,0.35,75.65,0.34,5.0,0.37,3.67,0.38,20.0,0.02,0.02,2334.707079,1776213905000
1776213906.625,6.625,0.64,130.14,0.63,8.67,0.65,159.65,0.66,25.0,0.35,159.65,0.34,25.0,0.36,125.14,0.37,8.67,0.01,0.01,2334.707079,1776213905000
1776213906.844,6.844,0.64,124.14,0.63,8.67,0.65,159.65,0.66,25.0,0.35,159.65,0.34,25.0,0.36,124.14,0.37,8.67,0.01,0.01,2334.834798,1776213906000
1776213907.823,7.823,0.64,124.14,0.63,8.67,0.65,149.65,0.66,25.0,0.35,149.65,0.34,25.0,0.36,124.14,0.37,8.67,0.01,0.01,2334.924564,1776213907000
1776213908.565,8.565,0.64,109.14,0.61,10.0,0.65,188.51,0.66,45.0,0.35,144.65,0.34,35.0,0.36,124.14,0.37,8.67,0.01,0.01,2334.924564,1776213907000
1776213909.292,9.292,0.64,75.14,0.61,10.0,0.65,178.51,0.66,45.0,0.35,178.51,0.34,45.0,0.36,75.14,0.39,10.0,0.01,0.01,2334.947776,1776213908000
1776213909.843,9.843,0.64,100.14,0.63,15.0,0.65,127.51,0.66,45.0,0.35,178.51,0.34,45.0,0.36,75.14,0.39,10.0,0.01,0.01,2334.947776,1776213908000
1776213910.389,10.389,0.64,100.14,0.63,15.0,0.65,127.51,0.66,55.0,0.35,127.51,0.34,45.0,0.36,100.14,0.37,15.0,0.01,0.01,2334.947776,1776213908000
1776213910.891,10.891,0.64,100.14,0.63,15.0,0.65,127.51,0.66,55.0,0.35,127.51,0.34,55.0,0.36,100.14,0.37,15.0,0.01,0.01,2334.901676,1776213909000
1776213911.281,11.281,0.64,64.14,0.56,27.0,0.65,297.0,0.66,194.03,0.35,312.51,0.34,65.0,0.36,90.14,0.37,15.0,0.01,0.01,2334.901676,1776213909000
1776213911.891,11.891,0.57,10.0,0.56,27.0,0.59,47.53,0.65,297.0,0.41,47.53,0.35,297.0,0.43,10.0,0.44,27.0,0.02,0.02,2334.827606,1776213911000
1776213912.224,12.224,0.56,12.0,0.55,5.0,0.57,9.64,0.58,25.0,0.41,47.53,0.35,297.0,0.43,10.0,0.44,27.0,0.01,0.02,2334.827606,1776213911000
1776213912.583,12.583,0.56,6.0,0.54,15.0,0.57,19.64,0.58,25.0,0.43,9.64,0.42,25.0,0.44,12.0,0.45,5.0,0.01,0.01,2334.827606,1776213911000
1776213912.941,12.941,0.56,6.0,0.54,15.0,0.57,19.64,0.58,25.0,0.43,19.64,0.42,25.0,0.44,6.0,0.46,15.0,0.01,0.01,2334.813481,1776213912000
1776213913.201,13.201,0.55,14.2,0.54,15.0,0.57,91.38,0.58,38.0,0.43,91.38,0.42,38.0,0.44,6.0,0.45,15.0,0.02,0.01,2334.813481,1776213912000
1776213913.569,13.569,0.58,5.42,0.57,10.0,0.59,52.53,0.6,25.35,0.43,91.38,0.42,38.0,0.45,14.2,0.46,15.0,0.01,0.02,2334.813481,1776213912000
1776213913.898,13.898,0.58,0.06,0.57,10.0,0.59,52.53,0.6,25.35,0.41,52.53,0.4,25.35,0.42,0.06,0.43,10.0,0.01,0.01,2334.596994,1776213913000
1776213914.211,14.211,0.58,10.06,0.57,25.0,0.59,52.53,0.6,25.35,0.41,52.53,0.4,25.35,0.42,0.06,0.43,10.0,0.01,0.01,2334.596994,1776213913000
1776213914.935,14.935,0.58,10.06,0.57,25.0,0.59,52.53,0.6,25.35,0.41,52.53,0.4,25.35,0.42,10.06,0.43,25.0,0.01,0.01,2334.480722,1776213914000
1776213915.856,15.856,0.58,5.06,0.57,25.0,0.59,81.53,0.6,28.35,0.41,52.53,0.4,25.35,0.42,10.06,0.43,25.0,0.01,0.01,2334.480722,1776213914000
1776213916.082,16.082,0.58,87.06,0.57,57.0,0.59,32.54,0.6,10.35,0.41,81.53,0.4,28.35,0.42,5.06,0.43,25.0,0.01,0.01,2334.608666,1776213915000
1776213916.459,16.459,0.65,33.0,0.64,50.0,0.68,8.0,0.7,5.0,0.37,9.25,0.36,21.0,0.42,82.06,0.43,57.0,0.03,0.05,2334.608666,1776213915000
1776213916.998,16.998,0.7,10.0,0.69,190.0,0.71,1.84,0.74,19.0,0.32,8.0,0.3,5.0,0.35,33.0,0.36,50.0,0.01,0.03,2334.608666,1776213915000
1776213917.423,17.423,0.7,196.66,0.69,25.0,0.71,5.0,0.72,9.0,0.26,14.29,0.25,5.0,0.3,5.0,0.31,195.0,0.01,0.04,2334.645435,1776213916000
1776213917.642,17.642,0.7,222.99,0.69,33.0,0.71,5.0,0.72,9.0,0.29,5.0,0.28,9.0,0.3,196.66,0.31,25.0,0.01,0.01,2334.645435,1776213916000
1776213918.062,18.062,0.7,222.99,0.69,33.0,0.71,5.0,0.72,9.0,0.29,5.0,0.28,9.0,0.3,222.99,0.31,33.0,0.01,0.01,2334.983546,1776213917000
1776213918.276,18.276,0.73,15.0,0.72,15.0,0.75,11.57,0.76,5.0,0.26,14.29,0.25,57.24,0.3,242.99,0.31,38.0,0.02,0.04,2334.983546,1776213917000
1776213918.524,18.524,0.74,13.46,0.73,16.66,0.75,16.57,0.76,5.0,0.25,11.57,0.24,5.0,0.26,25.0,0.27,16.66,0.01,0.01,2334.983546,1776213917000
1776213918.842,18.842,0.73,9.47,0.72,20.0,0.75,130.57,0.76,25.0,0.25,16.57,0.24,5.0,0.26,13.46,0.27,16.66,0.02,0.01,2334.983546,1776213917000
1776213919.061,19.061,0.73,6.13,0.72,20.0,0.75,125.57,0.76,25.0,0.25,125.57,0.24,25.0,0.27,6.13,0.28,20.0,0.02,0.02,2335.375401,1776213918000
1776213919.365,19.365,0.73,2.05,0.72,25.0,0.74,111.13,0.75,39.0,0.25,125.57,0.24,25.0,0.27,6.13,0.28,20.0,0.01,0.02,2335.375401,1776213918000
1776213919.687,19.687,0.73,5.92,0.72,21.96,0.74,111.13,0.75,29.0,0.26,116.13,0.25,39.0,0.28,21.96,0.29,20.0,0.01,0.02,2335.375401,1776213918000
1776213919.918,19.918,0.72,3.48,0.71,20.0,0.74,116.13,0.75,24.0,0.26,120.13,0.25,29.0,0.27,2.17,0.28,21.96,0.02,0.01,2335.375401,1776213918000
1776213920.16,20.16,0.73,230.03,0.72,18.0,0.74,19.31,0.79,25.0,0.26,111.13,0.21,25.0,0.27,185.03,0.28,10.0,0.01,0.01,2335.557473,1776213919000
1776213920.361,20.361,0.73,223.54,0.72,23.0,0.79,25.0,0.8,10.0,0.21,25.0,0.2,10.0,0.27,235.03,0.28,23.0,0.06,0.06,2335.557473,1776213919000
1776213920.772,20.772,0.78,15.49,0.77,15.0,0.79,30.0,0.8,10.0,0.21,25.0,0.2,10.0,0.22,5.04,0.25,28.0,0.01,0.01,2335.557473,1776213919000
1776213921.017,21.017,0.78,15.49,0.77,15.0,0.79,30.0,0.8,10.0,0.21,30.0,0.2,10.0,0.22,15.49,0.23,15.0,0.01,0.01,2335.563549,1776213920000
1776213921.347,21.347,0.78,10.04,0.77,10.0,0.79,15.0,0.8,20.0,0.21,30.0,0.2,10.0,0.22,15.49,0.23,15.0,0.01,0.01,2335.563549,1776213920000
1776213922.069,22.069,0.78,10.04,0.77,10.0,0.79,5.0,0.8,10.0,0.21,5.0,0.2,10.0,0.22,10.04,0.23,10.0,0.01,0.01,2335.729379,1776213921000
1776213922.279,22.279,0.78,4.04,0.77,20.0,0.79,118.14,0.8,150.34,0.21,5.0,0.2,10.0,0.22,10.04,0.23,10.0,0.01,0.01,2335.729379,1776213921000
1776213922.652,22.652,0.78,14.04,0.77,20.0,0.79,108.14,0.8,150.34,0.21,118.14,0.2,150.34,0.22,4.04,0.23,20.0,0.01,0.01,2335.729379,1776213921000
1776213923.055,23.055,0.78,14.04,0.77,20.0,0.79,108.14,0.8,150.34,0.21,108.14,0.2,150.34,0.22,14.04,0.23,20.0,0.01,0.01,2335.955236,1776213922000
1776213923.815,23.815,0.78,10.0,0.77,15.0,0.79,150.28,0.8,140.34,0.21,108.14,0.2,150.34,0.22,14.04,0.23,20.0,0.01,0.01,2335.955236,1776213922000
1776213924.135,24.135,0.78,1.22,0.77,15.0,0.79,150.28,0.8,135.34,0.21,150.28,0.2,140.34,0.22,10.0,0.23,15.0,0.01,0.01,2335.931282,1776213923000
1776213924.787,24.787,0.76,10.0,0.75,10.0,0.77,13.0,0.78,18.0,0.21,150.28,0.2,135.34,0.22,1.22,0.23,15.0,0.01,0.01,2335.931282,1776213923000
1776213925.009,25.009,0.75,10.0,0.74,10.0,0.76,110.73,0.77,27.0,0.24,67.13,0.23,27.0,0.25,10.0,0.26,10.0,0.01,0.01,2335.93861,1776213924000
1776213925.574,25.574,0.73,6.29,0.72,10.0,0.74,19.23,0.75,124.48,0.24,110.73,0.23,27.0,0.25,10.0,0.26,10.0,0.01,0.01,2335.93861,1776213924000
1776213925.889,25.889,0.73,6.29,0.72,10.0,0.74,19.23,0.75,124.48,0.26,19.23,0.25,124.48,0.27,6.29,0.28,10.0,0.01,0.01,2335.884016,1776213925000
1776213926.274,26.274,0.73,6.1,0.72,15.0,0.74,29.23,0.75,240.0,0.26,34.23,0.25,309.48,0.27,6.1,0.28,15.0,0.01,0.01,2335.884016,1776213925000
1776213926.674,26.674,0.72,15.0,0.71,11.1,0.74,18.23,0.75,240.0,0.26,24.23,0.25,240.0,0.29,6.1,0.3,15.0,0.02,0.03,2335.884016,1776213925000
1776213927.295,27.295,0.72,15.0,0.71,16.1,0.73,49.5,0.74,115.09,0.26,18.23,0.25,240.0,0.28,15.0,0.29,11.1,0.01,0.02,2335.67357,1776213926000
1776213927.855,27.855,0.72,15.0,0.71,16.1,0.73,49.5,0.74,115.09,0.27,49.5,0.26,115.09,0.28,15.0,0.29,16.1,0.01,0.01,2335.604751,1776213927000
1776213928.245,28.245,0.7,10.0,0.69,10.0,0.71,43.07,0.72,16.0,0.27,49.5,0.26,115.09,0.28,15.0,0.29,16.1,0.01,0.01,2335.604751,1776213927000
1776213928.847,28.847,0.7,25.0,0.69,15.0,0.71,1.36,0.74,23.23,0.29,43.07,0.28,16.0,0.3,10.0,0.31,10.0,0.01,0.01,2335.604751,1776213927000
1776213929.745,29.745,0.7,36.6,0.69,15.0,0.72,77.19,0.73,17.0,0.29,1.36,0.26,23.23,0.3,25.0,0.31,15.0,0.02,0.01,2335.594477,1776213928000
1776213930.125,30.125,0.71,2.13,0.7,41.6,0.72,62.19,0.73,22.0,0.28,72.19,0.27,22.0,0.29,2.13,0.3,36.6,0.01,0.01,2335.594477,1776213928000
1776213930.908,30.908,0.71,20.09,0.7,36.6,0.72,72.19,0.73,37.0,0.28,62.19,0.27,22.0,0.29,2.13,0.3,41.6,0.01,0.01,2335.409091,1776213929000
1776213931.191,31.191,0.71,20.09,0.7,36.6,0.72,72.19,0.73,37.0,0.28,72.19,0.27,37.0,0.29,20.09,0.3,36.6,0.01,0.01,2335.494943,1776213930000
1776213931.634,31.634,0.71,30.09,0.7,21.6,0.72,57.19,0.73,32.0,0.28,72.19,0.27,32.0,0.29,25.09,0.3,26.6,0.01,0.01,2335.494943,1776213930000
1776213932.222,32.222,0.71,30.09,0.7,21.6,0.72,57.19,0.73,32.0,0.28,57.19,0.27,32.0,0.29,30.09,0.3,21.6,0.01,0.01,2335.494982,1776213931000
1776213932.883,32.883,0.72,55.65,0.71,241.09,0.73,57.0,0.74,51.51,0.28,0.19,0.27,27.0,0.29,96.09,0.3,201.6,0.01,0.01,2335.494982,1776213931000
1776213933.19,33.19,0.72,55.65,0.71,241.09,0.73,50.63,0.74,51.51,0.27,50.63,0.26,51.51,0.28,55.65,0.29,241.09,0.01,0.01,2335.499413,1776213932000
1776213933.39,33.39,0.72,47.57,0.71,241.09,0.73,55.63,0.74,51.51,0.27,55.63,0.26,51.51,0.28,47.57,0.29,241.09,0.01,0.01,2335.499413,1776213932000
1776213933.799,33.799,0.72,43.99,0.71,241.09,0.73,53.99,0.74,51.51,0.27,45.63,0.26,51.51,0.28,52.57,0.29,241.09,0.01,0.01,2335.499413,1776213932000
1776213934.139,34.139,0.72,43.99,0.71,241.09,0.73,53.99,0.74,51.51,0.27,53.99,0.26,51.51,0.28,43.99,0.29,241.09,0.01,0.01,2335.592194,1776213933000
1776213935.014,35.014,0.72,73.99,0.71,241.09,0.73,22.0,0.74,61.23,0.27,53.99,0.26,51.51,0.28,43.99,0.29,241.09,0.01,0.01,2335.592194,1776213933000
1776213936.607,36.607,0.72,68.99,0.71,246.09,0.73,17.0,0.74,71.23,0.27,22.0,0.26,61.23,0.28,73.99,0.29,241.09,0.01,0.01,2335.618337,1776213934000
1776213936.949,36.949,0.72,294.0,0.71,38.09,0.74,43.23,0.75,16.0,0.27,17.0,0.26,71.23,0.28,68.99,0.29,246.09,0.02,0.01,2335.578483,1776213935000
1776213937.447,37.447,0.73,104.0,0.72,239.0,0.74,33.63,0.75,16.0,0.26,33.63,0.25,16.0,0.27,104.0,0.28,239.0,0.01,0.01,2335.571077,1776213936000
1776213938.106,38.106,0.73,1.0,0.72,15.0,0.74,120.56,0.75,222.0,0.26,120.56,0.25,222.0,0.27,1.0,0.28,15.0,0.01,0.01,2335.571077,1776213937000
1776213938.65,38.65,0.73,5.0,0.72,10.0,0.74,80.56,0.75,227.0,0.26,80.56,0.25,222.0,0.29,18.23,0.3,191.6,0.01,0.03,2335.571077,1776213937000
1776213938.94,38.94,0.73,29.81,0.72,10.0,0.74,85.56,0.75,227.0,0.26,80.56,0.25,227.0,0.27,19.65,0.28,10.0,0.01,0.01,2335.571077,1776213937000
1776213939.234,39.234,0.73,29.81,0.72,10.0,0.74,85.56,0.75,227.0,0.26,85.56,0.25,227.0,0.27,29.81,0.28,10.0,0.01,0.01,2335.5365,1776213938000
1776213939.593,39.593,0.73,58.81,0.72,10.0,0.74,83.56,0.75,227.0,0.26,70.56,0.25,227.0,0.27,24.81,0.28,10.0,0.01,0.01,2335.5365,1776213938000
1776213940.008,40.008,0.73,39.0,0.72,10.0,0.74,73.56,0.75,227.0,0.26,83.56,0.25,227.0,0.27,58.81,0.28,10.0,0.01,0.01,2335.5365,1776213938000
1776213940.487,40.487,0.73,39.0,0.72,10.0,0.74,73.56,0.75,227.0,0.26,73.56,0.25,227.0,0.27,39.0,0.28,10.0,0.01,0.01,2335.537642,1776213939000
1776213941.063,41.063,0.73,39.0,0.72,10.0,0.74,73.56,0.75,227.0,0.26,73.56,0.25,227.0,0.27,39.0,0.28,10.0,0.01,0.01,2335.547084,1776213940000
1776213942.094,42.094,0.73,19.0,0.69,10.0,0.74,333.56,0.75,139.46,0.26,86.56,0.25,227.0,0.27,59.0,0.28,15.0,0.01,0.01,2335.547084,1776213940000
1776213942.299,42.299,0.69,10.0,0.68,15.0,0.74,333.56,0.75,139.46,0.26,333.56,0.25,139.46,0.31,10.0,0.32,15.0,0.05,0.05,2335.556319,1776213941000
1776213942.891,42.891,0.7,35.0,0.69,200.0,0.71,30.27,0.72,31.0,0.26,333.56,0.25,139.46,0.31,10.0,0.32,15.0,0.01,0.05,2335.556319,1776213941000
1776213943.521,43.521,0.7,30.0,0.69,205.0,0.71,29.84,0.72,31.0,0.29,30.27,0.28,31.0,0.3,35.0,0.31,200.0,0.01,0.01,2335.556319,1776213941000
1776213944.194,44.194,0.7,35.0,0.69,205.0,0.72,31.0,0.73,33.0,0.29,29.84,0.28,31.0,0.3,30.0,0.31,205.0,0.02,0.01,2335.527451,1776213942000
1776213945.569,45.569,0.7,35.0,0.69,205.0,0.72,31.0,0.73,33.0,0.28,31.0,0.27,33.0,0.3,35.0,0.31,205.0,0.02,0.02,2335.367219,1776213944000
1776213946.236,46.236,0.71,25.0,0.7,30.0,0.72,30.42,0.73,33.0,0.28,30.42,0.27,33.0,0.29,25.0,0.3,30.0,0.01,0.01,2335.366486,1776213945000
1776213946.464,46.464,0.71,30.0,0.7,35.0,0.72,29.03,0.73,43.0,0.28,30.42,0.27,33.0,0.29,25.0,0.3,30.0,0.01,0.01,2335.366486,1776213945000
1776213946.828,46.828,0.71,91.0,0.7,35.0,0.72,15.42,0.73,33.0,0.28,29.03,0.27,43.0,0.29,30.0,0.3,35.0,0.01,0.01,2335.366486,1776213945000
1776213947.174,47.174,0.71,55.0,0.7,215.0,0.72,5.42,0.73,33.0,0.28,15.42,0.27,33.0,0.29,91.0,0.3,35.0,0.01,0.01,2335.366486,1776213945000
1776213947.606,47.606,0.71,55.0,0.7,215.0,0.72,5.42,0.73,33.0,0.28,5.42,0.27,33.0,0.29,55.0,0.3,215.0,0.01,0.01,2335.366508,1776213946000
1776213948.267,48.267,0.71,55.0,0.7,215.0,0.72,5.42,0.73,33.0,0.28,5.42,0.27,33.0,0.29,55.0,0.3,215.0,0.01,0.01,2335.369972,1776213947000
1776213948.662,48.662,0.72,100.0,0.71,35.0,0.73,20.0,0.74,10.0,0.28,5.42,0.27,33.0,0.29,55.0,0.3,215.0,0.01,0.01,2335.369972,1776213947000
1776213949.327,49.327,0.72,112.35,0.71,35.0,0.73,20.0,0.74,20.0,0.27,20.0,0.26,10.0,0.28,100.0,0.29,35.0,0.01,0.01,2335.369972,1776213947000
1776213949.845,49.845,0.72,98.95,0.71,215.0,0.73,30.0,0.74,20.0,0.27,20.0,0.26,20.0,0.28,112.35,0.29,35.0,0.01,0.01,2335.539399,1776213948000
1776213951.269,51.269,0.72,98.95,0.71,215.0,0.73,30.0,0.74,20.0,0.27,30.0,0.26,20.0,0.28,98.95,0.29,215.0,0.01,0.01,2335.622456,1776213950000
1776213952.066,52.066,0.72,48.0,0.71,210.0,0.73,15.0,0.74,38.7,0.27,30.0,0.26,20.0,0.28,98.95,0.29,215.0,0.01,0.01,2335.622456,1776213950000
1776213952.503,52.503,0.72,20.0,0.71,200.0,0.73,11.89,0.74,38.7,0.27,15.0,0.26,38.7,0.28,48.0,0.29,210.0,0.01,0.01,2335.622456,1776213950000
1776213952.733,52.733,0.72,25.0,0.71,200.0,0.73,25.89,0.74,38.7,0.27,11.89,0.26,38.7,0.28,20.0,0.29,200.0,0.01,0.01,2335.642294,1776213951000
1776213953.265,53.265,0.72,25.0,0.71,200.0,0.73,25.89,0.74,38.7,0.27,25.89,0.26,38.7,0.28,25.0,0.29,200.0,0.01,0.01,2335.646734,1776213952000
1776213953.782,53.782,0.73,33.62,0.72,30.0,0.74,15.0,0.75,63.2,0.27,25.89,0.26,38.7,0.28,25.0,0.29,200.0,0.01,0.01,2335.646734,1776213952000
1776213954.267,54.267,0.73,33.62,0.72,30.0,0.74,15.0,0.75,63.2,0.26,15.0,0.25,63.2,0.27,33.62,0.28,30.0,0.01,0.01,2335.606819,1776213953000
1776213954.862,54.862,0.73,101.62,0.72,30.0,0.74,13.0,0.75,63.2,0.26,15.0,0.25,63.2,0.27,33.62,0.28,30.0,0.01,0.01,2335.606819,1776213953000
1776213955.243,55.243,0.73,96.62,0.72,35.0,0.74,18.0,0.75,52.2,0.26,13.0,0.25,63.2,0.27,101.62,0.28,30.0,0.01,0.01,2335.606819,1776213953000
1776213955.772,55.772,0.73,76.0,0.72,215.0,0.74,13.0,0.75,44.2,0.26,18.0,0.25,52.2,0.27,96.62,0.28,35.0,0.01,0.01,2335.622329,1776213954000
1776213956.208,56.208,0.73,76.0,0.72,215.0,0.74,13.0,0.75,44.2,0.26,13.0,0.25,44.2,0.27,76.0,0.28,215.0,0.01,0.01,2335.620665,1776213955000
1776213957.278,57.278,0.73,76.0,0.72,215.0,0.74,13.0,0.75,44.2,0.26,13.0,0.25,44.2,0.27,76.0,0.28,215.0,0.01,0.01,2335.64627,1776213956000
1776213957.588,57.588,0.73,266.0,0.72,30.0,0.74,3.0,0.75,44.2,0.26,13.0,0.25,44.2,0.27,76.0,0.28,215.0,0.01,0.01,2335.64627,1776213956000
1776213958.22,58.22,0.73,258.44,0.72,30.0,0.74,3.0,0.75,44.2,0.26,3.0,0.25,44.2,0.27,258.44,0.28,30.0,0.01,0.01,2335.668357,1776213957000
1776213959.188,59.188,0.73,258.44,0.72,30.0,0.74,3.0,0.75,44.2,0.26,3.0,0.25,44.2,0.27,258.44,0.28,30.0,0.01,0.01,2335.67,1776213958000
1776213959.482,59.482,0.73,192.44,0.72,25.0,0.74,33.0,0.75,50.2,0.26,3.0,0.25,44.2,0.27,258.44,0.28,30.0,0.01,0.01,2335.67,1776213958000
1776213960.222,60.222,0.73,192.44,0.72,25.0,0.74,33.0,0.75,50.2,0.26,33.0,0.25,50.2,0.27,192.44,0.28,25.0,0.01,0.01,2335.670219,1776213959000
1776213960.924,60.924,0.73,207.44,0.72,20.0,0.74,41.83,0.75,73.2,0.26,43.94,0.25,63.2,0.27,202.44,0.28,20.0,0.01,0.01,2335.670219,1776213959000
1776213961.162,61.162,0.73,207.44,0.72,20.0,0.74,41.83,0.75,73.2,0.26,41.83,0.25,73.2,0.27,207.44,0.28,20.0,0.01,0.01,2335.636796,1776213960000
1776213961.569,61.569,0.73,202.44,0.72,20.0,0.74,25.83,0.75,73.2,0.26,41.83,0.25,73.2,0.27,207.44,0.28,20.0,0.01,0.01,2335.636796,1776213960000
1776213961.863,61.863,0.73,222.44,0.72,20.0,0.74,15.83,0.75,73.2,0.26,25.83,0.25,73.2,0.27,227.44,0.28,20.0,0.01,0.01,2335.636796,1776213960000
1776213962.094,62.094,0.73,227.44,0.72,20.0,0.74,5.83,0.75,73.2,0.26,15.83,0.25,73.2,0.27,222.44,0.28,20.0,0.01,0.01,2335.636796,1776213960000
1776213962.927,62.927,0.73,236.84,0.72,20.0,0.74,25.0,0.75,88.2,0.26,5.83,0.25,73.2,0.27,227.44,0.28,20.0,0.01,0.01,2335.613008,1776213961000
1776213963.278,63.278,0.73,236.84,0.72,20.0,0.74,25.0,0.75,88.2,0.26,25.0,0.25,88.2,0.27,236.84,0.28,20.0,0.01,0.01,2335.608744,1776213962000
1776213963.685,63.685,0.73,246.84,0.72,20.0,0.74,21.81,0.75,93.2,0.26,24.0,0.25,88.2,0.27,241.84,0.28,20.0,0.01,0.01,2335.608744,1776213962000
1776213964.333,64.333,0.73,246.84,0.72,20.0,0.74,21.81,0.75,93.2,0.26,21.81,0.25,93.2,0.27,246.84,0.28,20.0,0.01,0.01,2335.579856,1776213963000
1776213964.621,64.621,0.73,241.84,0.72,20.0,0.74,19.99,0.75,84.0,0.26,21.81,0.25,93.2,0.27,246.84,0.28,20.0,0.01,0.01,2335.579856,1776213963000
1776213964.915,64.915,0.73,241.84,0.72,20.0,0.74,19.99,0.75,84.0,0.26,19.99,0.25,84.0,0.27,241.84,0.28,20.0,0.01,0.01,2335.579885,1776213964000
1776213965.411,65.411,0.73,251.84,0.72,20.0,0.74,11.96,0.75,113.2,0.26,19.99,0.25,84.0,0.27,241.84,0.28,20.0,0.01,0.01,2335.579885,1776213964000
1776213966.014,66.014,0.73,266.6,0.72,20.0,0.74,20.98,0.75,113.2,0.26,11.96,0.25,113.2,0.27,245.16,0.28,20.0,0.01,0.01,2335.579885,1776213964000
1776213966.278,66.278,0.73,266.6,0.72,20.0,0.75,94.86,0.76,115.83,0.25,94.86,0.24,115.83,0.27,266.6,0.28,20.0,0.02,0.02,2335.558631,1776213965000
1776213967.359,67.359,0.73,266.6,0.72,20.0,0.75,94.86,0.76,115.83,0.25,94.86,0.24,115.83,0.27,266.6,0.28,20.0,0.02,0.02,2335.558801,1776213966000
1776213967.731,67.731,0.73,34.84,0.69,10.0,0.74,298.0,0.75,131.86,0.25,161.86,0.24,319.83,0.26,5.0,0.27,236.6,0.01,0.01,2335.558801,1776213966000
1776213968.157,68.157,0.66,25.0,0.65,195.0,0.68,6.1,0.69,72.0,0.31,10.0,0.3,16.0,0.32,4.9,0.34,15.0,0.02,0.01,2335.558751,1776213967000
1776213968.898,68.898,0.66,25.0,0.65,195.0,0.68,6.1,0.69,72.0,0.32,6.1,0.31,72.0,0.34,25.0,0.35,195.0,0.02,0.02,2335.55341,1776213968000
1776213969.513,69.513,0.67,15.0,0.66,5.0,0.68,71.07,0.69,242.0,0.32,6.1,0.31,72.0,0.34,25.0,0.35,195.0,0.01,0.02,2335.55341,1776213968000
1776213969.825,69.825,0.67,4.84,0.64,25.0,0.68,334.0,0.69,57.0,0.32,71.07,0.31,242.0,0.33,15.0,0.34,5.0,0.01,0.01,2335.55341,1776213968000
1776213970.114,70.114,0.59,6.12,0.58,5.0,0.6,26.0,0.61,15.0,0.4,10.0,0.39,15.0,0.41,11.12,0.42,5.0,0.01,0.01,2335.28771,1776213969000
1776213971.001,71.001,0.59,11.12,0.58,5.0,0.6,59.33,0.61,20.0,0.4,59.33,0.39,20.0,0.41,11.12,0.42,5.0,0.01,0.01,2335.187714,1776213970000
1776213972.121,72.121,0.59,16.12,0.58,15.0,0.6,87.99,0.61,15.0,0.4,87.99,0.39,15.0,0.41,16.12,0.42,15.0,0.01,0.01,2334.8205,1776213971000
1776213972.436,72.436,0.59,5.99,0.58,5.0,0.6,81.65,0.61,200.0,0.4,76.65,0.39,200.0,0.41,15.99,0.42,5.0,0.01,0.01,2334.8205,1776213971000
1776213973.166,73.166,0.59,7.55,0.58,5.0,0.6,81.65,0.61,200.0,0.4,81.65,0.39,200.0,0.41,7.55,0.42,5.0,0.01,0.01,2334.596725,1776213972000
1776213973.407,73.407,0.59,12.55,0.58,10.0,0.6,46.65,0.61,15.0,0.4,51.65,0.39,200.0,0.41,7.55,0.42,10.0,0.01,0.01,2334.596725,1776213972000
1776213973.951,73.951,0.62,40.0,0.61,36.0,0.63,28.81,0.64,30.6,0.4,20.33,0.39,15.0,0.41,17.55,0.42,10.0,0.01,0.01,2334.596725,1776213972000
1776213974.212,74.212,0.62,40.0,0.61,36.0,0.63,28.81,0.64,30.6,0.37,28.81,0.36,30.6,0.38,40.0,0.39,36.0,0.01,0.01,2334.5141,1776213973000
1776213974.662,74.662,0.62,14.0,0.61,26.0,0.63,50.4,0.64,35.6,0.37,28.81,0.36,30.6,0.38,40.0,0.39,36.0,0.01,0.01,2334.5141,1776213973000
1776213975.296,75.296,0.62,14.0,0.61,26.0,0.63,50.4,0.64,35.6,0.37,50.4,0.36,35.6,0.38,14.0,0.39,26.0,0.01,0.01,2334.511853,1776213974000
1776213975.518,75.518,0.62,4.0,0.61,21.0,0.63,40.4,0.64,35.6,0.37,50.4,0.36,35.6,0.38,14.0,0.39,26.0,0.01,0.01,2334.511853,1776213974000
1776213976.287,76.287,0.62,4.0,0.61,21.0,0.63,40.4,0.64,35.6,0.37,40.4,0.36,35.6,0.38,4.0,0.39,21.0,0.01,0.01,2334.659115,1776213975000
1776213976.553,76.553,0.58,5.0,0.57,20.0,0.59,24.15,0.6,62.0,0.4,81.0,0.39,26.0,0.42,5.0,0.43,15.0,0.01,0.02,2334.659115,1776213975000
1776213977.374,77.374,0.58,5.0,0.57,20.0,0.59,32.98,0.6,72.0,0.41,32.98,0.4,72.0,0.42,5.0,0.43,20.0,0.01,0.01,2334.689098,1776213976000
1776213977.796,77.796,0.56,5.0,0.55,5.0,0.59,234.39,0.6,64.0,0.41,57.39,0.4,62.0,0.42,5.0,0.43,20.0,0.03,0.01,2334.689098,1776213976000
1776213978.008,78.008,0.51,4.02,0.5,75.52,0.52,10.0,0.53,20.0,0.48,10.0,0.47,20.0,0.49,4.02,0.5,75.52,0.01,0.01,2334.680996,1776213977000
1776213978.798,78.798,0.51,9.02,0.5,65.52,0.52,64.0,0.53,20.0,0.48,10.0,0.47,20.0,0.49,4.02,0.5,75.52,0.01,0.01,2334.680996,1776213977000
1776213979.049,79.049,0.48,5.0,0.47,27.0,0.52,10.0,0.53,20.0,0.48,45.0,0.47,20.0,0.5,0.57,0.52,5.0,0.04,0.02,2334.680996,1776213977000
1776213979.514,79.514,0.48,5.0,0.47,27.0,0.52,10.0,0.53,20.0,0.48,10.0,0.47,20.0,0.52,5.0,0.53,27.0,0.04,0.04,2334.49298,1776213978000
1776213979.991,79.991,0.48,5.0,0.47,27.0,0.52,10.0,0.53,20.0,0.48,10.0,0.47,20.0,0.52,5.0,0.53,27.0,0.04,0.04,2334.304117,1776213979000
1776213980.811,80.811,0.48,30.0,0.47,42.0,0.49,18.8,0.5,10.0,0.48,10.0,0.47,20.0,0.52,5.0,0.53,27.0,0.01,0.04,2334.304117,1776213979000
1776213981.037,81.037,0.48,30.0,0.47,42.0,0.49,18.8,0.5,10.0,0.51,18.8,0.5,10.0,0.52,30.0,0.53,42.0,0.01,0.01,2334.101522,1776213980000
1776213981.477,81.477,0.43,144.63,0.41,10.0,0.44,60.0,0.45,10.0,0.51,77.8,0.5,30.0,0.56,13.0,0.57,149.63,0.01,0.05,2334.101522,1776213980000
1776213981.686,81.686,0.38,1.94,0.37,27.86,0.41,23.47,0.42,15.0,0.59,18.47,0.58,15.0,0.62,5.0,0.63,27.86,0.03,0.03,2334.101522,1776213980000
1776213981.917,81.917,0.37,22.12,0.36,60.0,0.38,23.9,0.39,10.0,0.62,9.9,0.61,10.0,0.63,27.86,0.64,240.0,0.01,0.01,2334.101522,1776213980000
1776213982.141,82.141,0.36,10.0,0.35,80.0,0.38,5.0,0.39,5.33,0.61,5.33,0.6,10.0,0.63,22.12,0.64,10.0,0.02,0.02,2334.097781,1776213981000
1776213982.419,82.419,0.36,15.12,0.35,80.0,0.37,52.0,0.38,17.0,0.62,10.0,0.61,5.33,0.64,10.0,0.65,80.0,0.01,0.02,2334.097781,1776213981000
1776213982.62,82.62,0.35,10.0,0.34,5.0,0.36,5.0,0.37,27.0,0.63,57.0,0.62,17.0,0.65,74.88,0.66,5.0,0.01,0.02,2334.097781,1776213981000
1776213983.103,83.103,0.35,10.0,0.34,5.0,0.37,26.72,0.38,17.0,0.63,26.72,0.62,17.0,0.65,10.0,0.66,5.0,0.02,0.02,2333.947961,1776213982000
1776213983.505,83.505,0.33,10.0,0.32,180.0,0.34,12.0,0.35,17.0,0.63,31.72,0.62,22.0,0.67,80.0,0.68,185.0,0.01,0.04,2333.947961,1776213982000
1776213984.12,84.12,0.33,10.0,0.32,180.0,0.34,12.0,0.35,17.0,0.66,12.0,0.65,17.0,0.67,10.0,0.68,180.0,0.01,0.01,2333.47321,1776213983000
1776213985.09,85.09,0.33,10.0,0.32,180.0,0.34,12.0,0.35,17.0,0.66,12.0,0.65,17.0,0.67,10.0,0.68,180.0,0.01,0.01,2333.412898,1776213984000
1776213986.081,86.081,0.3,190.0,0.29,75.0,0.31,13.62,0.32,17.0,0.69,13.62,0.68,17.0,0.7,190.0,0.71,75.0,0.01,0.01,2333.19922,1776213985000
1776213987.044,87.044,0.3,190.0,0.29,75.0,0.31,13.62,0.32,17.0,0.69,13.62,0.68,17.0,0.7,190.0,0.71,75.0,0.01,0.01,2333.123272,1776213986000
1776213987.5,87.5,0.3,199.29,0.29,184.89,0.31,13.62,0.32,17.0,0.69,13.62,0.68,17.0,0.7,190.0,0.71,75.0,0.01,0.01,2333.123272,1776213986000
1776213987.974,87.974,0.3,199.29,0.29,184.89,0.31,13.62,0.32,17.0,0.69,13.62,0.68,17.0,0.7,199.29,0.71,184.89,0.01,0.01,2333.123044,1776213987000
1776213988.813,88.813,0.29,27.0,0.28,5.0,0.31,49.62,0.32,22.0,0.69,13.62,0.68,17.0,0.7,193.29,0.71,97.0,0.02,0.01,2333.123044,1776213987000
1776213989.12,89.12,0.29,195.0,0.28,5.0,0.3,11.66,0.31,10.0,0.7,17.0,0.69,49.62,0.71,15.0,0.72,5.0,0.01,0.01,2333.125421,1776213988000
1776213989.361,89.361,0.29,202.95,0.28,5.0,0.3,5.0,0.31,10.0,0.7,10.0,0.69,10.0,0.71,192.95,0.73,10.0,0.01,0.01,2333.125421,1776213988000
1776213989.838,89.838,0.36,348.36,0.35,33.0,0.39,10.0,0.4,10.0,0.65,10.0,0.63,6.0,0.7,212.0,0.71,10.0,0.03,0.05,2333.125421,1776213988000
1776213990.112,90.112,0.41,10.0,0.4,15.36,0.43,10.0,0.44,10.0,0.61,10.0,0.6,10.0,0.64,348.36,0.65,33.0,0.02,0.03,2333.124151,1776213989000
1776213990.861,90.861,0.4,44.36,0.39,202.0,0.41,15.0,0.42,20.0,0.58,10.0,0.57,10.0,0.59,4.66,0.6,15.36,0.01,0.01,2333.124151,1776213989000
1776213991.138,91.138,0.4,44.36,0.39,202.0,0.41,8.34,0.42,20.0,0.59,15.0,0.58,20.0,0.6,44.36,0.61,202.0,0.01,0.01,2333.056556,1776213990000
1776213991.952,91.952,0.4,115.57,0.39,202.0,0.41,14.34,0.42,20.0,0.59,8.34,0.58,20.0,0.6,44.36,0.61,202.0,0.01,0.01,2333.056556,1776213990000
1776213992.176,92.176,0.4,86.23,0.39,202.0,0.41,19.21,0.42,20.0,0.59,9.21,0.58,20.0,0.6,88.57,0.61,202.0,0.01,0.01,2333.056556,1776213990000
1776213992.457,92.457,0.4,258.39,0.39,92.0,0.41,16.21,0.42,20.0,0.59,19.21,0.58,20.0,0.6,83.39,0.61,202.0,0.01,0.01,2333.056556,1776213990000
1776213992.715,92.715,0.4,273.39,0.39,102.0,0.43,10.0,0.44,15.0,0.57,10.0,0.56,15.0,0.6,273.39,0.61,102.0,0.03,0.03,2333.554972,1776213991000
1776213992.952,92.952,0.45,15.0,0.44,10.0,0.48,8.5,0.49,11.8,0.54,1.5,0.52,10.0,0.57,252.0,0.58,20.0,0.03,0.03,2333.554972,1776213991000
1776213993.33,93.33,0.47,8.11,0.46,10.0,0.48,8.4,0.49,11.8,0.52,8.4,0.51,11.8,0.53,8.11,0.54,10.0,0.01,0.01,2333.535349,1776213992000
1776213994.067,94.067,0.47,13.11,0.46,20.0,0.48,23.4,0.49,16.8,0.52,8.4,0.51,11.8,0.53,8.11,0.54,10.0,0.01,0.01,2333.535349,1776213992000
1776213995.41,95.41,0.47,13.11,0.46,20.0,0.48,23.4,0.49,16.8,0.52,23.4,0.51,16.8,0.53,13.11,0.54,20.0,0.01,0.01,2333.925911,1776213994000
1776213995.984,95.984,0.47,18.11,0.46,205.0,0.51,29.0,0.52,5.0,0.52,23.4,0.51,16.8,0.53,13.11,0.54,20.0,0.04,0.01,2333.925911,1776213994000
1776213996.436,96.436,0.5,69.86,0.49,215.0,0.51,20.0,0.52,10.0,0.49,29.0,0.48,5.0,0.53,18.11,0.54,205.0,0.01,0.04,2333.939545,1776213995000
1776213996.925,96.925,0.51,50.0,0.5,35.72,0.52,28.07,0.53,5.0,0.49,4.9,0.48,10.0,0.5,72.72,0.51,220.0,0.01,0.01,2333.939545,1776213995000
1776213997.193,97.193,0.51,50.0,0.5,35.72,0.52,16.9,0.53,5.0,0.48,16.9,0.47,5.0,0.49,50.0,0.5,35.72,0.01,0.01,2333.97039,1776213996000
1776213997.824,97.824,0.54,50.0,0.53,205.0,0.55,12.91,0.56,5.0,0.45,7.91,0.44,5.0,0.49,247.0,0.5,40.72,0.01,0.04,2333.97039,1776213996000
1776213998.346,98.346,0.54,247.0,0.53,35.0,0.56,5.0,0.58,10.0,0.45,12.91,0.44,5.0,0.46,50.0,0.47,205.0,0.02,0.01,2333.97039,1776213996000
1776213998.942,98.942,0.54,247.0,0.53,35.0,0.58,10.0,0.59,5.0,0.42,10.0,0.41,5.0,0.46,247.0,0.47,35.0,0.04,0.04,2334.061532,1776213998000
1776213999.332,99.332,0.57,40.0,0.56,25.0,0.58,20.0,0.59,5.0,0.42,10.0,0.41,5.0,0.46,247.0,0.47,35.0,0.01,0.04,2334.061532,1776213998000
1776213999.558,99.558,0.57,45.0,0.56,25.0,0.58,17.96,0.59,5.0,0.42,20.0,0.41,5.0,0.43,40.0,0.44,25.0,0.01,0.01,2334.061532,1776213998000
1776213999.785,99.785,0.57,40.0,0.56,25.0,0.58,15.92,0.59,5.0,0.42,17.96,0.41,5.0,0.43,45.0,0.44,25.0,0.01,0.01,2334.061532,1776213998000
1776214000.221,100.221,0.57,40.0,0.56,25.0,0.58,15.92,0.59,5.0,0.42,15.92,0.41,5.0,0.43,40.0,0.44,25.0,0.01,0.01,2334.328657,1776213999000
1776214001.219,101.219,0.57,31.23,0.53,10.0,0.58,76.0,0.59,25.0,0.42,15.92,0.41,5.0,0.43,40.0,0.44,25.0,0.01,0.01,2334.328657,1776213999000
1776214001.456,101.456,0.5,25.0,0.49,7.0,0.58,101.0,0.59,25.0,0.42,101.0,0.41,25.0,0.5,25.0,0.51,7.0,0.08,0.08,2334.321392,1776214000000
1776214001.873,101.873,0.5,5.94,0.47,190.0,0.51,58.0,0.52,15.0,0.49,58.0,0.48,15.0,0.5,5.94,0.53,190.0,0.01,0.01,2334.321392,1776214001000
1776214002.726,102.726,0.43,10.0,0.4,5.0,0.47,268.0,0.48,58.0,0.49,58.0,0.48,15.0,0.5,5.94,0.53,190.0,0.04,0.01,2334.321392,1776214001000
1776214003.124,103.124,0.4,5.0,0.37,228.0,0.47,268.0,0.48,58.0,0.53,268.0,0.52,58.0,0.6,5.0,0.63,228.0,0.07,0.07,2334.293913,1776214002000
1776214003.925,103.925,0.42,201.75,0.41,70.0,0.43,12.67,0.44,15.0,0.57,2.67,0.56,5.0,0.58,50.0,0.59,70.0,0.01,0.01,2334.293913,1776214002000
1776214004.279,104.279,0.42,201.75,0.41,70.0,0.43,12.67,0.44,15.0,0.57,12.67,0.56,15.0,0.58,201.75,0.59,70.0,0.01,0.01,2333.95657,1776214003000
1776214004.481,104.481,0.42,198.12,0.41,65.0,0.43,12.67,0.44,15.0,0.57,12.67,0.56,15.0,0.58,201.75,0.59,70.0,0.01,0.01,2333.95657,1776214003000
1776214005.32,105.32,0.42,210.12,0.41,55.0,0.43,11.67,0.44,15.0,0.57,12.67,0.56,15.0,0.58,198.12,0.59,65.0,0.01,0.01,2333.95657,1776214003000
1776214005.693,105.693,0.42,15.04,0.41,61.0,0.43,24.67,0.44,15.0,0.57,11.67,0.56,15.0,0.58,210.12,0.59,55.0,0.01,0.01,2333.757723,1776214004000
1776214005.925,105.925,0.42,3.04,0.41,11.0,0.43,19.67,0.44,15.0,0.57,19.67,0.56,15.0,0.58,3.04,0.59,11.0,0.01,0.01,2333.754907,1776214005000
1776214007.143,107.143,0.42,3.04,0.41,11.0,0.43,19.67,0.44,15.0,0.57,19.67,0.56,15.0,0.58,3.04,0.59,11.0,0.01,0.01,2333.709408,1776214006000
1776214007.836,107.836,0.41,5.0,0.4,10.0,0.42,51.59,0.43,19.67,0.57,19.67,0.56,15.0,0.58,3.04,0.59,11.0,0.01,0.01,2333.709408,1776214006000
1776214008.257,108.257,0.41,5.0,0.4,10.0,0.42,51.59,0.43,19.67,0.58,51.59,0.57,19.67,0.59,5.0,0.6,10.0,0.01,0.01,2333.693239,1776214007000
1776214009.246,109.246,0.41,5.0,0.4,10.0,0.42,51.59,0.43,19.67,0.58,51.59,0.57,19.67,0.59,5.0,0.6,10.0,0.01,0.01,2333.630608,1776214008000
1776214009.652,109.652,0.37,3.07,0.36,50.0,0.38,52.06,0.39,34.0,0.58,51.59,0.57,19.67,0.59,5.0,0.6,10.0,0.01,0.01,2333.630608,1776214008000
1776214010.3,110.3,0.37,3.07,0.36,50.0,0.38,52.06,0.39,34.0,0.62,52.06,0.61,34.0,0.63,3.07,0.64,50.0,0.01,0.01,2333.636227,1776214009000
1776214011.363,111.363,0.37,3.07,0.36,50.0,0.38,52.06,0.39,34.0,0.62,52.06,0.61,34.0,0.63,3.07,0.64,50.0,0.01,0.01,2333.645724,1776214010000
1776214011.882,111.882,0.37,3.07,0.36,50.0,0.38,52.06,0.39,34.0,0.62,52.06,0.61,34.0,0.63,3.07,0.64,50.0,0.01,0.01,2333.462266,1776214011000
1776214012.476,112.476,0.35,8.13,0.34,16.0,0.36,49.0,0.37,239.0,0.62,52.06,0.61,34.0,0.63,3.07,0.64,50.0,0.01,0.01,2333.462266,1776214011000
1776214012.905,112.905,0.35,8.13,0.34,16.0,0.36,49.0,0.37,239.0,0.64,49.0,0.63,239.0,0.65,8.13,0.66,16.0,0.01,0.01,2333.380945,1776214012000
1776214013.291,113.291,0.38,65.0,0.37,66.0,0.4,10.0,0.41,10.0,0.62,10.0,0.61,10.0,0.63,21.41,0.64,331.0,0.02,0.01,2333.380945,1776214012000
1776214013.606,113.606,0.41,15.0,0.4,15.0,0.42,11.35,0.43,26.67,0.58,15.0,0.57,21.67,0.61,1.53,0.62,107.0,0.01,0.03,2333.380945,1776214012000
1776214013.887,113.887,0.41,10.0,0.4,15.0,0.42,8.35,0.43,26.67,0.58,8.35,0.57,26.67,0.59,10.0,0.6,15.0,0.01,0.01,2333.362339,1776214013000
1776214014.856,114.856,0.46,15.0,0.45,15.0,0.47,1.85,0.48,15.0,0.58,3.35,0.57,26.67,0.59,4.0,0.6,15.0,0.01,0.01,2333.362339,1776214013000
1776214015.713,115.713,0.47,17.98,0.46,15.0,0.48,16.87,0.49,16.0,0.52,11.87,0.51,21.0,0.54,15.0,0.55,20.0,0.01,0.02,2333.462513,1776214014000
1776214015.975,115.975,0.47,17.98,0.46,15.0,0.48,16.87,0.49,16.0,0.52,16.87,0.51,16.0,0.53,17.98,0.54,15.0,0.01,0.01,2333.565899,1776214015000
1776214016.342,116.342,0.47,9.26,0.46,15.0,0.48,11.57,0.49,26.0,0.52,16.87,0.51,26.0,0.53,9.26,0.54,20.0,0.01,0.01,2333.565899,1776214015000
1776214017.029,117.029,0.47,9.26,0.46,15.0,0.48,11.57,0.49,26.0,0.52,11.57,0.51,26.0,0.53,9.26,0.54,15.0,0.01,0.01,2333.736316,1776214016000
1776214017.399,117.399,0.47,4.62,0.46,17.26,0.48,26.57,0.49,76.0,0.52,6.57,0.51,61.0,0.54,17.26,0.55,195.0,0.01,0.02,2333.736316,1776214016000
1776214017.986,117.986,0.46,17.26,0.45,200.0,0.48,24.34,0.49,76.0,0.52,24.34,0.51,76.0,0.54,17.26,0.55,200.0,0.02,0.02,2333.7994,1776214017000
1776214018.995,118.995,0.46,17.26,0.45,200.0,0.48,24.34,0.49,76.0,0.52,24.34,0.51,76.0,0.54,17.26,0.55,200.0,0.02,0.02,2333.818201,1776214018000
1776214020.04,120.04,0.46,17.26,0.45,200.0,0.48,24.34,0.49,76.0,0.52,24.34,0.51,76.0,0.54,17.26,0.55,200.0,0.02,0.02,2333.847569,1776214019000
1776214021.489,121.489,0.46,3.74,0.45,200.0,0.47,25.0,0.48,24.34,0.52,24.34,0.51,76.0,0.54,17.26,0.55,200.0,0.01,0.02,2333.847569,1776214019000
1776214021.884,121.884,0.45,232.98,0.44,40.0,0.46,10.0,0.47,20.0,0.53,25.0,0.52,24.34,0.54,3.74,0.55,200.0,0.01,0.01,2333.83475,1776214020000
1776214022.087,122.087,0.45,232.98,0.44,40.0,0.46,10.0,0.47,20.0,0.54,10.0,0.53,20.0,0.55,232.98,0.56,40.0,0.01,0.01,2333.838411,1776214021000
1776214023.373,123.373,0.45,232.98,0.44,40.0,0.46,10.0,0.47,20.0,0.54,10.0,0.53,20.0,0.55,232.98,0.56,40.0,0.01,0.01,2333.860152,1776214022000
1776214023.669,123.669,0.4,0.16,0.39,35.0,0.41,10.0,0.42,10.0,0.54,10.0,0.53,20.0,0.55,232.98,0.56,40.0,0.01,0.01,2333.860152,1776214022000
1776214023.896,123.896,0.4,1.96,0.39,40.0,0.41,69.98,0.42,39.0,0.59,69.98,0.58,39.0,0.6,1.96,0.61,40.0,0.01,0.01,2333.867503,1776214023000
1776214025.116,125.116,0.4,1.96,0.39,40.0,0.41,69.98,0.42,39.0,0.59,69.98,0.58,39.0,0.6,1.96,0.61,40.0,0.01,0.01,2333.862446,1776214024000
1776214026.24,126.24,0.4,1.96,0.39,40.0,0.41,69.98,0.42,39.0,0.59,69.98,0.58,39.0,0.6,1.96,0.61,40.0,0.01,0.01,2333.805025,1776214025000
1776214027.553,127.553,0.4,1.96,0.39,40.0,0.41,69.98,0.42,39.0,0.59,69.98,0.58,39.0,0.6,1.96,0.61,40.0,0.01,0.01,2333.689582,1776214026000
1776214028.19,128.19,0.4,1.96,0.39,40.0,0.41,69.98,0.42,39.0,0.59,69.98,0.58,39.0,0.6,1.96,0.61,40.0,0.01,0.01,2333.69388,1776214027000
1776214029.262,129.262,0.4,1.96,0.39,40.0,0.41,69.98,0.42,39.0,0.59,69.98,0.58,39.0,0.6,1.96,0.61,40.0,0.01,0.01,2333.704422,1776214028000
1776214030.439,130.439,0.4,1.96,0.39,40.0,0.41,69.98,0.42,39.0,0.59,69.98,0.58,39.0,0.6,1.96,0.61,40.0,0.01,0.01,2333.641013,1776214029000
1776214031.025,131.025,0.4,1.96,0.39,40.0,0.41,69.98,0.42,39.0,0.59,69.98,0.58,39.0,0.6,1.96,0.61,40.0,0.01,0.01,2333.687869,1776214030000
1776214032.132,132.132,0.4,1.96,0.39,40.0,0.41,69.98,0.42,39.0,0.59,69.98,0.58,39.0,0.6,1.96,0.61,40.0,0.01,0.01,2333.690733,1776214031000
1776214033.538,133.538,0.4,1.96,0.39,40.0,0.41,69.98,0.42,39.0,0.59,69.98,0.58,39.0,0.6,1.96,0.61,40.0,0.01,0.01,2333.714627,1776214032000
1776214034.172,134.172,0.4,1.96,0.39,40.0,0.41,69.98,0.42,39.0,0.59,69.98,0.58,39.0,0.6,1.96,0.61,40.0,0.01,0.01,2333.694369,1776214033000
1776214035.316,135.316,0.4,1.96,0.39,40.0,0.41,69.98,0.42,39.0,0.59,69.98,0.58,39.0,0.6,1.96,0.61,40.0,0.01,0.01,2333.695867,1776214034000
1776214036.962,136.962,0.4,1.96,0.39,40.0,0.41,69.98,0.42,39.0,0.59,69.98,0.58,39.0,0.6,1.96,0.61,40.0,0.01,0.01,2333.694544,1776214035000
1776214037.379,137.379,0.39,322.6,0.38,172.78,0.42,13.0,0.43,20.0,0.59,69.98,0.58,39.0,0.6,1.96,0.61,40.0,0.03,0.01,2333.694544,1776214035000
1776214037.612,137.612,0.39,322.6,0.38,172.78,0.42,13.0,0.43,20.0,0.58,13.0,0.57,20.0,0.61,322.6,0.62,172.78,0.03,0.03,2333.738063,1776214036000
1776214038.675,138.675,0.39,322.6,0.38,172.78,0.42,13.0,0.43,20.0,0.58,13.0,0.57,20.0,0.61,322.6,0.62,172.78,0.03,0.03,2333.692308,1776214037000
1776214039.355,139.355,0.41,48.0,0.4,23.99,0.42,36.09,0.43,30.0,0.58,36.09,0.57,30.0,0.59,48.0,0.6,23.99,0.01,0.01,2333.703724,1776214038000
1776214039.932,139.932,0.41,48.0,0.4,23.99,0.42,36.09,0.43,30.0,0.58,36.09,0.57,30.0,0.59,48.0,0.6,23.99,0.01,0.01,2333.710623,1776214039000
1776214041.296,141.296,0.41,48.0,0.4,23.99,0.42,36.09,0.43,30.0,0.58,36.09,0.57,30.0,0.59,48.0,0.6,23.99,0.01,0.01,2333.715473,1776214040000
1776214041.834,141.834,0.39,3.82,0.35,14.0,0.4,138.0,0.41,75.0,0.58,36.09,0.57,30.0,0.59,48.0,0.6,23.99,0.01,0.01,2333.715473,1776214040000
1776214042.198,142.198,0.31,40.0,0.3,19.21,0.34,119.0,0.35,26.0,0.64,22.81,0.63,10.0,0.67,9.9,0.69,5.0,0.03,0.03,2333.715473,1776214040000
1776214042.464,142.464,0.31,40.0,0.3,19.21,0.34,119.0,0.35,26.0,0.66,119.0,0.65,26.0,0.69,40.0,0.7,19.21,0.03,0.03,2333.707849,1776214041000
1776214042.79,142.79,0.31,9.39,0.3,19.21,0.32,94.0,0.33,214.0,0.66,119.0,0.65,26.0,0.69,40.0,0.7,19.21,0.01,0.03,2333.707849,1776214041000
1776214043.01,143.01,0.31,3.44,0.3,25.99,0.32,99.0,0.33,215.0,0.68,94.0,0.67,214.0,0.69,9.39,0.7,19.21,0.01,0.01,2333.707849,1776214041000
1776214043.221,143.221,0.26,50.0,0.25,185.0,0.3,10.0,0.31,10.0,0.7,10.0,0.69,10.0,0.74,50.0,0.75,185.0,0.04,0.04,2333.716452,1776214042000
1776214044.157,144.157,0.29,0.64,0.28,10.0,0.3,92.0,0.31,33.0,0.7,10.0,0.69,10.0,0.74,50.0,0.75,185.0,0.01,0.04,2333.716452,1776214042000
1776214044.483,144.483,0.28,2.21,0.25,5.0,0.3,92.0,0.31,33.0,0.7,92.0,0.69,33.0,0.72,2.21,0.75,5.0,0.02,0.02,2333.16072,1776214043000
1776214044.792,144.792,0.27,10.0,0.26,6.0,0.28,76.37,0.29,227.0,0.72,82.37,0.71,222.0,0.73,10.0,0.74,6.0,0.01,0.01,2333.16072,1776214043000
1776214045.0,145.0,0.27,17.0,0.26,6.0,0.28,69.61,0.29,232.0,0.72,76.37,0.71,227.0,0.73,10.0,0.74,6.0,0.01,0.01,2333.16072,1776214043000
1776214045.225,145.225,0.27,7.0,0.26,6.0,0.28,64.61,0.29,232.0,0.72,64.61,0.71,232.0,0.73,7.0,0.74,6.0,0.01,0.01,2333.049165,1776214044000
1776214045.477,145.477,0.27,37.0,0.26,11.0,0.28,23.0,0.29,15.0,0.72,64.61,0.71,232.0,0.73,7.0,0.74,6.0,0.01,0.01,2333.049165,1776214044000
1776214046.515,146.515,0.27,22.0,0.26,11.0,0.29,4.22,0.3,10.0,0.71,4.22,0.7,10.0,0.73,22.0,0.74,11.0,0.02,0.02,2333.002138,1776214045000
1776214047.195,147.195,0.27,3.25,0.26,13.0,0.28,41.0,0.29,201.22,0.72,41.0,0.71,201.22,0.73,3.25,0.74,13.0,0.01,0.01,2333.003879,1776214046000
1776214048.338,148.338,0.24,41.01,0.23,262.0,0.25,57.0,0.26,93.48,0.72,41.0,0.71,201.22,0.73,3.25,0.74,13.0,0.01,0.01,2333.003879,1776214046000
1776214048.589,148.589,0.24,36.01,0.23,267.0,0.25,52.72,0.26,93.48,0.75,53.0,0.74,93.48,0.76,36.01,0.77,262.0,0.01,0.01,2332.966293,1776214047000
1776214048.985,148.985,0.24,36.01,0.23,267.0,0.25,47.44,0.26,93.48,0.75,47.44,0.74,93.48,0.76,36.01,0.77,267.0,0.01,0.01,2332.937926,1776214048000
1776214049.935,149.935,0.24,0.01,0.23,7.0,0.25,88.0,0.26,27.0,0.75,47.44,0.74,93.48,0.76,36.01,0.77,267.0,0.01,0.01,2332.937926,1776214048000
1776214050.149,150.149,0.2,4.9,0.19,9.0,0.25,169.0,0.26,27.0,0.75,88.0,0.74,27.0,0.83,30.5,0.84,76.8,0.05,0.08,2332.937926,1776214048000
1776214050.668,150.668,0.17,15.79,0.15,98.2,0.2,111.0,0.21,63.0,0.79,21.0,0.78,10.0,0.8,0.77,0.81,9.0,0.03,0.01,2332.976162,1776214049000
1776214051.015,151.015,0.17,14.58,0.15,98.2,0.18,90.0,0.19,15.0,0.82,73.0,0.81,15.0,0.83,15.79,0.85,98.2,0.01,0.01,2332.976162,1776214049000
1776214051.224,151.224,0.17,14.58,0.15,278.2,0.18,12.05,0.19,15.0,0.82,72.05,0.81,15.0,0.83,14.58,0.85,278.2,0.01,0.01,2332.916851,1776214050000
1776214051.718,151.718,0.17,24.23,0.16,5.0,0.18,21.49,0.19,15.0,0.82,21.49,0.81,15.0,0.83,14.58,0.85,278.2,0.01,0.01,2332.916851,1776214050000
1776214051.989,151.989,0.17,29.23,0.16,5.0,0.18,15.54,0.19,15.0,0.82,21.49,0.81,15.0,0.83,24.23,0.84,5.0,0.01,0.01,2332.916851,1776214050000
1776214052.34,152.34,0.17,29.23,0.16,5.0,0.18,15.54,0.19,15.0,0.82,15.54,0.81,15.0,0.83,29.23,0.84,5.0,0.01,0.01,2332.608174,1776214051000
1776214052.795,152.795,0.17,200.84,0.16,36.0,0.18,15.0,0.19,10.0,0.82,15.54,0.81,15.0,0.83,29.23,0.84,5.0,0.01,0.01,2332.608174,1776214051000
1776214054.054,154.054,0.17,40.94,0.16,41.0,0.18,25.11,0.19,15.0,0.82,15.0,0.81,10.0,0.83,200.84,0.84,36.0,0.01,0.01,2332.608174,1776214051000
1776214054.723,154.723,0.17,22.68,0.16,66.0,0.18,56.11,0.19,15.0,0.82,25.11,0.81,15.0,0.83,35.94,0.84,41.0,0.01,0.01,2332.288174,1776214053000
1776214054.975,154.975,0.17,21.39,0.16,66.0,0.18,51.11,0.19,15.0,0.82,56.11,0.81,15.0,0.83,22.68,0.84,66.0,0.01,0.01,2332.288174,1776214053000
1776214055.35,155.35,0.17,13.39,0.16,66.0,0.18,56.11,0.19,15.0,0.82,56.11,0.81,15.0,0.83,13.39,0.84,66.0,0.01,0.01,2332.282414,1776214054000
1776214055.967,155.967,0.17,13.39,0.16,66.0,0.18,56.11,0.19,15.0,0.82,56.11,0.81,15.0,0.83,13.39,0.84,66.0,0.01,0.01,2332.256125,1776214055000
1776214057.056,157.056,0.17,13.39,0.16,66.0,0.18,56.11,0.19,15.0,0.82,56.11,0.81,15.0,0.83,13.39,0.84,66.0,0.01,0.01,2332.252695,1776214056000
1776214057.654,157.654,0.21,61.0,0.2,79.66,0.22,0.18,0.23,6.13,0.77,6.13,0.76,10.0,0.79,40.0,0.8,296.66,0.01,0.02,2332.252695,1776214056000
1776214057.88,157.88,0.21,61.0,0.2,264.66,0.24,15.0,0.25,15.0,0.78,0.18,0.77,6.13,0.79,61.0,0.8,79.66,0.03,0.01,2332.252695,1776214056000
1776214058.255,158.255,0.21,61.0,0.2,264.66,0.24,15.0,0.25,15.0,0.76,15.0,0.75,15.0,0.79,61.0,0.8,264.66,0.03,0.03,2332.180034,1776214057000
1776214058.925,158.925,0.21,61.0,0.2,264.66,0.24,15.0,0.25,15.0,0.76,15.0,0.75,15.0,0.79,61.0,0.8,264.66,0.03,0.03,2332.443294,1776214058000
1776214059.464,159.464,0.21,274.0,0.2,107.66,0.22,16.0,0.23,10.0,0.76,15.0,0.75,15.0,0.79,61.0,0.8,264.66,0.01,0.03,2332.443294,1776214058000
1776214060.125,160.125,0.21,274.0,0.2,107.66,0.22,16.0,0.23,10.0,0.78,16.0,0.77,10.0,0.79,274.0,0.8,107.66,0.01,0.01,2332.710278,1776214059000
1776214061.267,161.267,0.21,274.0,0.2,107.66,0.22,16.0,0.23,10.0,0.78,16.0,0.77,10.0,0.79,274.0,0.8,107.66,0.01,0.01,2332.709321,1776214060000
1776214062.372,162.372,0.21,274.0,0.2,107.66,0.22,16.0,0.23,10.0,0.78,16.0,0.77,10.0,0.79,274.0,0.8,107.66,0.01,0.01,2332.709344,1776214061000
1776214063.089,163.089,0.21,274.0,0.2,107.66,0.22,16.0,0.23,10.0,0.78,16.0,0.77,10.0,0.79,274.0,0.8,107.66,0.01,0.01,2332.709344,1776214062000
1776214063.589,163.589,0.2,4.0,0.16,5.0,0.21,141.0,0.22,67.0,0.78,16.0,0.77,10.0,0.79,274.0,0.8,107.66,0.01,0.01,2332.709344,1776214062000
1776214064.158,164.158,0.16,72.31,0.15,40.2,0.17,15.0,0.18,32.0,0.79,126.0,0.78,37.0,0.84,4.9,0.85,12.0,0.01,0.05,2332.709344,1776214062000
1776214064.42,164.42,0.16,72.31,0.15,40.2,0.17,15.0,0.18,32.0,0.83,15.0,0.82,32.0,0.84,72.31,0.85,40.2,0.01,0.01,2332.717035,1776214063000
1776214064.901,164.901,0.16,151.31,0.15,260.2,0.18,27.0,0.19,26.0,0.83,15.0,0.82,32.0,0.84,72.31,0.85,40.2,0.02,0.01,2332.717035,1776214063000
1776214065.105,165.105,0.16,338.31,0.15,70.2,0.18,27.0,0.19,26.0,0.82,27.0,0.81,26.0,0.84,150.03,0.85,80.2,0.02,0.02,2332.714364,1776214064000
1776214066.239,166.239,0.16,338.31,0.15,70.2,0.18,27.0,0.19,26.0,0.82,27.0,0.81,26.0,0.84,338.31,0.85,70.2,0.02,0.02,2332.57067,1776214065000
1776214067.457,167.457,0.16,338.31,0.15,70.2,0.18,27.0,0.19,26.0,0.82,27.0,0.81,26.0,0.84,338.31,0.85,70.2,0.02,0.02,2332.448711,1776214066000
1776214068.015,168.015,0.16,338.31,0.15,70.2,0.18,27.0,0.19,26.0,0.82,27.0,0.81,26.0,0.84,338.31,0.85,70.2,0.02,0.02,2332.475212,1776214067000
1776214068.827,168.827,0.16,242.27,0.15,73.2,0.17,17.0,0.18,17.0,0.82,27.0,0.81,26.0,0.84,338.31,0.85,70.2,0.01,0.02,2332.475212,1776214067000
1776214069.283,169.283,0.16,382.07,0.15,73.2,0.18,10.0,0.2,10.0,0.83,17.0,0.82,17.0,0.84,242.27,0.85,73.2,0.02,0.01,2332.475212,1776214067000
1776214069.594,169.594,0.19,70.0,0.18,70.0,0.21,11.66,0.22,1.0,0.82,10.0,0.8,10.0,0.84,382.07,0.85,73.2,0.02,0.02,2332.475212,1776214067000
1776214070.252,170.252,0.21,40.0,0.2,12.0,0.22,1.0,0.23,10.0,0.78,1.0,0.77,10.0,0.79,40.0,0.8,12.0,0.01,0.01,2332.459245,1776214069000
1776214071.177,171.177,0.25,15.0,0.24,15.0,0.27,9.9,0.28,10.0,0.8,20.0,0.79,15.0,0.81,294.0,0.82,99.4,0.02,0.01,2332.459245,1776214069000
1776214071.763,171.763,0.25,3.0,0.24,15.0,0.26,15.0,0.27,19.9,0.73,9.9,0.72,10.0,0.75,9.22,0.76,15.0,0.01,0.02,2332.579047,1776214070000
1776214072.298,172.298,0.25,3.0,0.24,15.0,0.26,15.0,0.27,19.9,0.74,15.0,0.73,19.9,0.75,3.0,0.76,15.0,0.01,0.01,2332.622386,1776214071000
1776214073.212,173.212,0.25,3.0,0.24,15.0,0.26,15.0,0.27,19.9,0.74,15.0,0.73,19.9,0.75,3.0,0.76,15.0,0.01,0.01,2332.90867,1776214072000
1776214074.171,174.171,0.24,224.68,0.23,124.3,0.25,10.0,0.26,50.16,0.74,15.0,0.73,19.9,0.75,3.0,0.76,15.0,0.01,0.01,2332.90867,1776214072000
1776214074.738,174.738,0.24,204.68,0.23,126.3,0.25,4.72,0.26,50.16,0.75,10.0,0.74,50.16,0.76,224.68,0.77,124.3,0.01,0.01,2332.929785,1776214073000
1776214075.168,175.168,0.24,204.68,0.23,126.3,0.25,4.72,0.26,50.16,0.75,4.72,0.74,50.16,0.76,204.68,0.77,126.3,0.01,0.01,2332.93739,1776214074000
1776214075.734,175.734,0.24,196.26,0.23,126.3,0.25,18.35,0.26,25.0,0.75,4.72,0.74,50.16,0.76,204.68,0.77,126.3,0.01,0.01,2332.93739,1776214074000
1776214076.168,176.168,0.24,196.26,0.23,126.3,0.25,18.35,0.26,25.0,0.75,18.35,0.74,25.0,0.76,196.26,0.77,126.3,0.01,0.01,2332.93829,1776214075000
1776214077.111,177.111,0.24,196.26,0.23,126.3,0.25,14.07,0.26,25.0,0.75,14.07,0.74,25.0,0.76,196.26,0.77,126.3,0.01,0.01,2332.954185,1776214076000
1776214078.095,178.095,0.24,196.26,0.23,126.3,0.25,14.07,0.26,25.0,0.75,14.07,0.74,25.0,0.76,196.26,0.77,126.3,0.01,0.01,2332.954455,1776214077000
1776214079.14,179.14,0.24,196.26,0.23,126.3,0.25,14.07,0.26,25.0,0.75,14.07,0.74,25.0,0.76,196.26,0.77,126.3,0.01,0.01,2332.934025,1776214078000
1776214079.48,179.48,0.23,89.62,0.22,142.0,0.24,47.0,0.25,29.07,0.75,14.07,0.74,25.0,0.76,196.26,0.77,126.3,0.01,0.01,2332.934025,1776214078000
1776214080.099,180.099,0.23,89.62,0.22,142.0,0.24,47.0,0.25,29.07,0.76,47.0,0.75,29.07,0.77,89.62,0.78,142.0,0.01,0.01,2332.933825,1776214079000
1776214081.054,181.054,0.23,89.62,0.22,142.0,0.24,47.0,0.25,29.07,0.76,47.0,0.75,29.07,0.77,89.62,0.78,142.0,0.01,0.01,2332.897815,1776214080000
1776214081.832,181.832,0.25,57.09,0.24,44.0,0.26,13.6,0.27,15.0,0.76,47.0,0.75,29.07,0.77,89.62,0.78,142.0,0.01,0.01,2332.897815,1776214080000
1776214082.626,182.626,0.25,57.09,0.24,224.0,0.26,8.33,0.27,25.0,0.74,8.33,0.73,25.0,0.75,57.09,0.76,224.0,0.01,0.01,2332.939206,1776214081000
1776214082.95,182.95,0.25,59.43,0.24,243.7,0.26,13.33,0.27,25.0,0.74,8.33,0.73,25.0,0.75,52.02,0.76,224.0,0.01,0.01,2332.939206,1776214081000
1776214083.158,183.158,0.25,52.86,0.24,233.7,0.26,23.33,0.27,25.0,0.74,13.33,0.73,25.0,0.75,51.49,0.76,243.7,0.01,0.01,2332.939206,1776214081000
1776214084.344,184.344,0.25,5.96,0.24,228.7,0.26,52.96,0.27,25.0,0.74,23.33,0.73,25.0,0.75,47.86,0.76,233.7,0.01,0.01,2332.999786,1776214082000
1776214085.27,185.27,0.25,5.96,0.24,228.7,0.26,52.96,0.27,25.0,0.74,52.96,0.73,25.0,0.75,5.96,0.76,228.7,0.01,0.01,2333.098099,1776214084000
1776214085.553,185.553,0.25,5.96,0.24,228.7,0.26,14.73,0.27,44.74,0.74,52.96,0.73,25.0,0.75,5.96,0.76,228.7,0.01,0.01,2333.098099,1776214084000
1776214085.977,185.977,0.25,15.96,0.24,228.7,0.27,50.61,0.28,10.0,0.74,4.73,0.73,34.58,0.75,5.96,0.76,233.7,0.02,0.01,2333.098099,1776214084000
1776214086.719,186.719,0.25,15.96,0.24,228.7,0.27,50.61,0.28,10.0,0.73,50.61,0.72,10.0,0.75,15.96,0.76,228.7,0.02,0.02,2333.051774,1776214085000
1776214087.101,187.101,0.25,10.96,0.24,228.7,0.26,61.88,0.27,20.0,0.73,50.61,0.72,10.0,0.75,15.96,0.76,228.7,0.01,0.02,2333.051774,1776214085000
1776214087.349,187.349,0.25,0.96,0.24,235.7,0.26,71.88,0.27,20.0,0.74,71.88,0.73,20.0,0.75,5.96,0.76,228.7,0.01,0.01,2333.051774,1776214085000
1776214087.652,187.652,0.24,254.7,0.23,126.62,0.25,57.73,0.26,20.0,0.75,5.0,0.74,71.88,0.76,231.66,0.77,121.62,0.01,0.01,2333.063213,1776214086000
1776214088.199,188.199,0.24,254.7,0.23,126.62,0.25,57.73,0.26,20.0,0.75,57.73,0.74,20.0,0.76,254.7,0.77,126.62,0.01,0.01,2333.093965,1776214087000
1776214089.393,189.393,0.24,297.7,0.23,56.62,0.26,10.0,0.3,25.0,0.75,57.73,0.74,20.0,0.76,254.7,0.77,126.62,0.02,0.01,2333.093965,1776214087000
1776214090.273,190.273,0.3,93.4,0.29,10.0,0.31,4.9,0.32,10.0,0.69,4.9,0.68,10.0,0.7,93.4,0.71,10.0,0.01,0.01,2333.08789,1776214089000
1776214090.974,190.974,0.3,68.4,0.29,28.0,0.31,97.03,0.32,25.0,0.69,4.9,0.68,10.0,0.7,93.4,0.71,10.0,0.01,0.01,2333.08789,1776214089000
1776214091.763,191.763,0.3,68.4,0.29,28.0,0.31,97.03,0.32,25.0,0.69,97.03,0.68,25.0,0.7,68.4,0.71,28.0,0.01,0.01,2333.19186,1776214090000
1776214092.66,192.66,0.3,68.4,0.29,28.0,0.31,97.03,0.32,25.0,0.69,97.03,0.68,25.0,0.7,68.4,0.71,28.0,0.01,0.01,2333.22137,1776214091000
1776214093.353,193.353,0.3,68.4,0.29,28.0,0.31,97.03,0.32,25.0,0.69,97.03,0.68,25.0,0.7,68.4,0.71,28.0,0.01,0.01,2333.22221,1776214092000
1776214093.828,193.828,0.3,73.4,0.29,5.0,0.31,59.11,0.32,22.0,0.69,97.03,0.68,25.0,0.7,68.4,0.71,28.0,0.01,0.01,2333.22221,1776214092000
1776214094.158,194.158,0.3,73.4,0.29,5.0,0.31,59.11,0.32,22.0,0.69,59.11,0.68,22.0,0.7,73.4,0.71,5.0,0.01,0.01,2333.221745,1776214093000
1776214095.601,195.601,0.3,73.4,0.29,5.0,0.31,59.11,0.32,22.0,0.69,59.11,0.68,22.0,0.7,73.4,0.71,5.0,0.01,0.01,2333.21945,1776214094000
1776214096.193,196.193,0.3,73.4,0.29,5.0,0.31,55.65,0.32,27.0,0.69,59.11,0.68,22.0,0.7,73.4,0.71,5.0,0.01,0.01,2333.21945,1776214094000
1776214097.713,197.713,0.3,73.4,0.29,5.0,0.31,52.19,0.32,27.0,0.69,52.19,0.68,27.0,0.7,73.4,0.71,5.0,0.01,0.01,2333.269865,1776214096000
1776214098.069,198.069,0.3,375.4,0.29,62.0,0.38,15.0,0.39,27.0,0.69,52.19,0.68,27.0,0.7,73.4,0.71,5.0,0.08,0.01,2333.269865,1776214096000
1776214098.376,198.376,0.37,10.0,0.36,10.0,0.39,11.66,0.4,25.0,0.61,11.66,0.6,25.0,0.63,10.0,0.64,10.0,0.02,0.02,2333.285945,1776214097000
1776214098.63,198.63,0.38,1.56,0.37,20.0,0.39,20.47,0.4,63.13,0.61,16.66,0.6,20.0,0.62,1.56,0.63,20.0,0.01,0.01,2333.285945,1776214097000
1776214098.947,198.947,0.37,14.1,0.36,26.0,0.39,20.47,0.4,63.13,0.61,20.47,0.6,63.13,0.62,1.56,0.63,20.0,0.02,0.01,2333.285945,1776214097000
1776214099.154,199.154,0.37,14.1,0.36,26.0,0.39,20.47,0.4,63.13,0.61,20.47,0.6,63.13,0.63,14.1,0.64,26.0,0.02,0.02,2333.26558,1776214098000
1776214099.424,199.424,0.37,13.23,0.36,26.0,0.38,24.0,0.39,13.47,0.62,15.0,0.61,20.47,0.63,4.17,0.64,26.0,0.01,0.01,2333.26558,1776214098000
1776214100.693,200.693,0.37,7.67,0.36,26.0,0.38,19.0,0.39,13.47,0.62,19.0,0.61,13.47,0.63,7.67,0.64,26.0,0.01,0.01,2333.457599,1776214099000
1776214101.716,201.716,0.37,7.67,0.36,26.0,0.38,19.0,0.39,13.47,0.62,19.0,0.61,13.47,0.63,7.67,0.64,26.0,0.01,0.01,2333.613138,1776214100000
1776214102.067,202.067,0.34,29.46,0.33,276.0,0.36,42.0,0.37,25.0,0.62,19.0,0.61,13.47,0.63,7.67,0.64,26.0,0.02,0.01,2333.613138,1776214100000
1776214102.331,202.331,0.34,29.46,0.33,276.0,0.36,42.0,0.37,25.0,0.64,42.0,0.63,25.0,0.66,29.46,0.67,276.0,0.02,0.02,2333.621221,1776214101000
1776214102.585,202.585,0.34,201.26,0.33,101.0,0.35,12.0,0.36,37.0,0.64,42.0,0.63,25.0,0.66,29.46,0.67,276.0,0.01,0.02,2333.621221,1776214101000
1776214103.446,203.446,0.34,201.26,0.33,101.0,0.35,12.0,0.36,37.0,0.65,12.0,0.64,37.0,0.66,201.26,0.67,101.0,0.01,0.01,2333.557628,1776214102000
1776214104.098,204.098,0.34,201.26,0.33,101.0,0.35,12.0,0.36,37.0,0.65,12.0,0.64,37.0,0.66,201.26,0.67,101.0,0.01,0.01,2333.523176,1776214103000
1776214104.47,204.47,0.34,206.26,0.33,111.0,0.35,4.66,0.36,27.0,0.65,12.0,0.64,37.0,0.66,201.26,0.67,101.0,0.01,0.01,2333.523176,1776214103000
1776214105.498,205.498,0.34,15.0,0.33,95.0,0.35,47.28,0.36,32.0,0.65,4.66,0.64,27.0,0.66,206.26,0.67,111.0,0.01,0.01,2333.523176,1776214103000
1776214106.112,206.112,0.32,15.0,0.31,200.0,0.33,6.0,0.34,72.0,0.65,41.9,0.64,32.0,0.66,15.0,0.67,95.0,0.01,0.01,2333.52241,1776214104000
1776214106.79,206.79,0.3,57.4,0.28,70.0,0.33,280.0,0.34,44.0,0.67,41.0,0.66,44.0,0.68,14.0,0.69,210.0,0.03,0.01,2333.612217,1776214105000
1776214107.006,207.006,0.3,36.95,0.28,70.0,0.31,10.0,0.32,10.0,0.69,10.0,0.68,10.0,0.7,36.95,0.72,70.0,0.01,0.01,2333.522001,1776214106000
1776214107.671,207.671,0.3,51.95,0.28,70.0,0.31,62.1,0.32,208.0,0.69,10.0,0.68,10.0,0.7,36.95,0.72,70.0,0.01,0.01,2333.522001,1776214106000
1776214108.452,208.452,0.3,51.95,0.28,70.0,0.31,62.1,0.32,208.0,0.69,62.1,0.68,208.0,0.7,51.95,0.72,70.0,0.01,0.01,2333.522174,1776214107000
1776214109.126,209.126,0.3,48.07,0.28,70.0,0.31,50.1,0.32,208.0,0.69,50.1,0.68,208.0,0.7,48.07,0.72,70.0,0.01,0.01,2333.380104,1776214108000
1776214109.705,209.705,0.3,40.94,0.24,46.7,0.31,358.87,0.32,20.0,0.69,50.1,0.68,208.0,0.7,48.07,0.72,70.0,0.01,0.01,2333.380104,1776214108000
1776214110.513,210.513,0.24,46.7,0.23,110.0,0.31,363.87,0.32,20.0,0.69,363.87,0.68,20.0,0.76,46.7,0.77,110.0,0.07,0.07,2333.42238,1776214109000
1776214111.224,211.224,0.16,68.8,0.15,266.0,0.17,22.0,0.18,27.0,0.83,22.0,0.82,27.0,0.84,68.8,0.85,266.0,0.01,0.01,2333.365514,1776214110000
1776214111.549,211.549,0.2,5.0,0.19,93.7,0.22,13.0,0.23,15.0,0.79,22.0,0.78,15.0,0.81,78.7,0.82,15.0,0.02,0.02,2333.365514,1776214110000
1776214112.56,212.56,0.2,5.0,0.19,93.7,0.22,3.9,0.23,15.0,0.78,3.9,0.77,15.0,0.8,5.0,0.81,93.7,0.02,0.02,2332.981531,1776214111000
1776214113.154,213.154,0.2,5.0,0.19,93.7,0.22,3.9,0.23,15.0,0.78,3.9,0.77,15.0,0.8,5.0,0.81,93.7,0.02,0.02,2332.937233,1776214112000
1776214113.919,213.919,0.19,262.16,0.18,42.0,0.21,19.0,0.22,59.76,0.79,29.0,0.78,59.76,0.8,5.0,0.81,263.7,0.02,0.01,2332.937233,1776214112000
1776214114.531,214.531,0.19,262.16,0.18,40.0,0.2,43.03,0.21,19.0,0.79,19.0,0.78,59.76,0.81,262.16,0.82,42.0,0.01,0.02,2332.937233,1776214112000
1776214115.078,215.078,0.19,262.16,0.18,40.0,0.21,17.55,0.22,23.9,0.8,43.03,0.79,19.0,0.81,262.16,0.82,40.0,0.02,0.01,2332.937353,1776214113000
1776214115.523,215.523,0.19,258.33,0.18,30.0,0.2,6.23,0.21,48.66,0.79,17.55,0.78,23.9,0.81,262.16,0.82,40.0,0.01,0.02,2332.937353,1776214114000
1776214115.941,215.941,0.19,247.25,0.18,30.0,0.2,16.23,0.21,48.66,0.8,6.23,0.79,48.66,0.81,247.61,0.82,30.0,0.01,0.01,2332.937353,1776214114000
1776214116.611,216.611,0.19,247.25,0.18,30.0,0.2,16.23,0.21,48.66,0.8,16.23,0.79,48.66,0.81,247.25,0.82,30.0,0.01,0.01,2332.937088,1776214115000
1776214117.203,217.203,0.19,247.25,0.18,30.0,0.2,16.23,0.21,48.66,0.8,16.23,0.79,48.66,0.81,247.25,0.82,30.0,0.01,0.01,2332.937088,1776214116000
1776214118.064,218.064,0.19,11.49,0.18,210.0,0.2,35.23,0.21,53.66,0.8,16.23,0.79,48.66,0.81,247.25,0.82,30.0,0.01,0.01,2332.937088,1776214116000
1776214118.597,218.597,0.19,5.03,0.18,210.0,0.2,35.23,0.21,60.66,0.8,35.23,0.79,53.66,0.81,11.49,0.82,210.0,0.01,0.01,2332.937088,1776214116000
1776214119.733,219.733,0.15,11.82,0.14,40.0,0.16,75.0,0.17,248.0,0.8,35.23,0.79,60.66,0.81,5.03,0.82,210.0,0.01,0.01,2332.934277,1776214117000
1776214119.97,219.97,0.15,11.82,0.14,40.0,0.16,75.0,0.17,248.0,0.84,75.0,0.83,248.0,0.85,11.82,0.86,40.0,0.01,0.01,2332.932545,1776214118000
1776214120.274,220.274,0.13,7.31,0.12,51.09,0.14,29.0,0.15,273.0,0.84,75.0,0.83,248.0,0.85,11.82,0.86,40.0,0.01,0.01,2332.932545,1776214118000
1776214120.59,220.59,0.12,53.5,0.11,54.0,0.13,21.0,0.14,276.0,0.86,29.0,0.85,273.0,0.87,7.31,0.88,51.09,0.01,0.01,2332.932545,1776214118000
1776214121.606,221.606,0.12,29.41,0.11,54.0,0.13,21.0,0.14,281.0,0.87,21.0,0.86,276.0,0.88,53.5,0.89,54.0,0.01,0.01,2332.93346,1776214119000
1776214121.941,221.941,0.12,18.32,0.11,54.0,0.13,21.0,0.14,281.0,0.87,21.0,0.86,281.0,0.88,29.41,0.89,54.0,0.01,0.01,2332.872546,1776214120000
1776214122.622,222.622,0.12,18.32,0.11,54.0,0.13,21.0,0.14,281.0,0.87,21.0,0.86,281.0,0.88,18.32,0.89,54.0,0.01,0.01,2332.717725,1776214121000
1776214123.004,223.004,0.11,13.0,0.1,139.0,0.13,57.0,0.14,73.0,0.87,21.0,0.86,281.0,0.88,18.32,0.89,54.0,0.02,0.01,2332.717725,1776214121000
1776214123.28,223.28,0.11,31.63,0.1,139.0,0.12,5.0,0.13,40.0,0.88,5.0,0.87,40.0,0.89,31.63,0.9,139.0,0.01,0.01,2332.676914,1776214122000
1776214124.192,224.192,0.1,136.17,0.09,64.0,0.12,107.31,0.13,35.0,0.88,10.0,0.87,45.0,0.9,100.63,0.91,15.0,0.02,0.02,2332.676914,1776214122000
1776214124.633,224.633,0.1,127.55,0.09,64.0,0.12,102.31,0.13,35.0,0.88,102.31,0.87,35.0,0.9,127.55,0.91,64.0,0.02,0.02,2332.577024,1776214123000
1776214125.019,225.019,0.1,87.55,0.09,59.0,0.11,296.92,0.12,56.0,0.88,102.31,0.87,35.0,0.9,127.55,0.91,64.0,0.01,0.02,2332.577024,1776214123000
1776214125.299,225.299,0.1,87.55,0.09,59.0,0.11,296.92,0.12,56.0,0.89,296.92,0.88,56.0,0.9,87.55,0.91,59.0,0.01,0.01,2332.442094,1776214124000
1776214125.777,225.777,0.1,22.51,0.09,25.0,0.11,316.92,0.12,42.0,0.89,296.92,0.88,56.0,0.9,87.55,0.91,59.0,0.01,0.01,2332.442094,1776214124000
1776214125.981,225.981,0.1,17.38,0.09,10.0,0.11,321.92,0.12,42.0,0.89,321.92,0.88,42.0,0.9,17.38,0.91,10.0,0.01,0.01,2332.441894,1776214125000
1776214126.291,226.291,0.09,10.0,0.08,18.0,0.11,386.92,0.12,47.0,0.89,321.92,0.88,42.0,0.9,14.44,0.91,10.0,0.02,0.01,2332.441894,1776214125000
1776214126.609,226.609,0.09,7.0,0.08,29.0,0.1,73.0,0.11,372.92,0.89,386.92,0.88,47.0,0.91,10.0,0.92,18.0,0.01,0.02,2332.441894,1776214125000
1776214126.962,226.962,0.09,7.0,0.08,34.0,0.1,53.0,0.11,99.0,0.9,73.0,0.89,290.0,0.91,2.0,0.92,18.0,0.01,0.01,2332.441894,1776214125000
1776214127.232,227.232,0.09,7.0,0.08,34.0,0.1,53.0,0.11,99.0,0.9,53.0,0.89,99.0,0.91,7.0,0.92,34.0,0.01,0.01,2332.441416,1776214126000
1776214128.145,228.145,0.08,10.0,0.07,139.17,0.1,254.0,0.11,94.0,0.9,53.0,0.89,99.0,0.91,7.0,0.92,34.0,0.02,0.01,2332.441416,1776214126000
1776214128.361,228.361,0.08,21.92,0.07,304.17,0.09,16.0,0.1,254.0,0.9,254.0,0.89,94.0,0.92,10.0,0.93,139.17,0.01,0.02,2332.441416,1776214126000
1776214128.736,228.736,0.08,21.92,0.07,304.17,0.09,16.0,0.1,254.0,0.91,16.0,0.9,254.0,0.92,21.92,0.93,304.17,0.01,0.01,2332.370718,1776214127000
1776214129.378,229.378,0.08,21.92,0.07,304.17,0.09,16.0,0.1,254.0,0.91,16.0,0.9,254.0,0.92,21.92,0.93,304.17,0.01,0.01,2332.336338,1776214128000
1776214130.325,230.325,0.08,1.03,0.07,248.87,0.09,37.0,0.1,332.41,0.91,37.0,0.9,332.41,0.92,1.03,0.93,248.87,0.01,0.01,2332.302579,1776214129000
1776214131.966,231.966,0.08,1.03,0.07,248.87,0.09,37.0,0.1,332.41,0.91,37.0,0.9,332.41,0.92,1.03,0.93,248.87,0.01,0.01,2332.405532,1776214130000
1776214132.569,232.569,0.08,1.03,0.07,248.87,0.09,37.0,0.1,332.41,0.91,37.0,0.9,332.41,0.92,1.03,0.93,248.87,0.01,0.01,2332.391648,1776214131000
1776214133.579,233.579,0.08,1.03,0.07,248.87,0.09,37.0,0.1,332.41,0.91,37.0,0.9,332.41,0.92,1.03,0.93,248.87,0.01,0.01,2332.298949,1776214132000
1776214134.007,234.007,0.08,7.02,0.07,251.0,0.09,16.0,0.1,135.41,0.91,37.0,0.9,332.41,0.92,1.03,0.93,248.87,0.01,0.01,2332.298949,1776214132000
1776214134.426,234.426,0.09,26.0,0.08,225.0,0.1,113.41,0.11,255.0,0.91,16.0,0.9,135.41,0.92,7.02,0.93,251.0,0.01,0.01,2332.394657,1776214133000
1776214134.816,234.816,0.09,22.7,0.08,88.9,0.1,303.41,0.11,80.0,0.9,113.41,0.89,255.0,0.91,26.0,0.92,225.0,0.01,0.01,2332.394657,1776214133000
1776214135.608,235.608,0.09,22.7,0.08,88.9,0.1,303.41,0.11,80.0,0.9,303.41,0.89,80.0,0.91,22.7,0.92,88.9,0.01,0.01,2332.460951,1776214134000
1776214136.33,236.33,0.09,22.7,0.08,88.9,0.1,303.41,0.11,80.0,0.9,303.41,0.89,80.0,0.91,22.7,0.92,88.9,0.01,0.01,2332.463435,1776214135000
1776214137.511,237.511,0.08,2.0,0.07,70.3,0.09,86.12,0.1,359.41,0.9,303.41,0.89,80.0,0.91,22.7,0.92,88.9,0.01,0.01,2332.463435,1776214135000
1776214137.722,237.722,0.08,2.0,0.07,70.3,0.09,217.76,0.1,174.41,0.91,217.76,0.9,174.41,0.92,2.0,0.93,70.3,0.01,0.01,2332.395388,1776214136000
1776214138.594,238.594,0.07,10.0,0.06,93.8,0.08,43.0,0.09,32.76,0.91,217.76,0.9,174.41,0.92,2.0,0.93,70.3,0.01,0.01,2332.395388,1776214136000
1776214138.852,238.852,0.07,4.62,0.06,78.8,0.08,303.57,0.09,27.76,0.92,43.0,0.91,32.76,0.93,10.0,0.94,93.8,0.01,0.01,2332.337653,1776214137000
1776214139.306,239.306,0.07,4.62,0.06,78.8,0.08,303.57,0.09,27.76,0.92,303.57,0.91,27.76,0.93,4.62,0.94,78.8,0.01,0.01,2332.337653,1776214138000
1776214139.83,239.83,0.06,74.09,0.05,204.8,0.08,234.0,0.09,27.76,0.92,303.57,0.91,27.76,0.93,4.62,0.94,78.8,0.02,0.01,2332.337653,1776214138000
1776214140.253,240.253,0.05,35.0,0.04,422.8,0.07,66.0,0.08,235.0,0.92,234.0,0.91,27.76,0.94,74.09,0.95,204.8,0.02,0.02,2332.319174,1776214139000
1776214140.598,240.598,0.05,247.0,0.04,247.8,0.06,26.0,0.07,57.0,0.93,66.0,0.92,235.0,0.95,35.0,0.96,422.8,0.01,0.02,2332.319174,1776214139000
1776214140.824,240.824,0.06,10.0,0.05,364.8,0.07,5.0,0.08,36.0,0.94,26.0,0.93,57.0,0.95,247.0,0.96,247.8,0.01,0.01,2332.319174,1776214139000
1776214141.245,241.245,0.06,101.04,0.05,364.8,0.07,15.0,0.08,41.0,0.93,5.0,0.92,36.0,0.94,5.0,0.95,359.8,0.01,0.01,2332.273222,1776214140000
1776214141.624,241.624,0.07,20.84,0.06,96.04,0.08,76.0,0.09,15.0,0.92,41.0,0.91,15.0,0.93,23.0,0.94,101.04,0.01,0.01,2332.273222,1776214140000
1776214142.141,242.141,0.07,20.84,0.06,96.04,0.08,76.0,0.09,15.0,0.92,76.0,0.91,15.0,0.93,20.84,0.94,96.04,0.01,0.01,2332.271103,1776214141000
1776214142.606,242.606,0.07,15.84,0.06,106.04,0.08,365.63,0.09,15.0,0.92,76.0,0.91,15.0,0.93,20.84,0.94,96.04,0.01,0.01,2332.271103,1776214141000
1776214143.331,243.331,0.07,15.84,0.06,106.04,0.08,365.63,0.09,15.0,0.92,365.63,0.91,15.0,0.93,15.84,0.94,106.04,0.01,0.01,2332.308026,1776214142000
1776214143.879,243.879,0.06,73.8,0.05,176.8,0.07,217.55,0.08,256.0,0.92,365.63,0.91,15.0,0.93,15.84,0.94,106.04,0.01,0.01,2332.308026,1776214142000
1776214144.978,244.978,0.06,73.8,0.05,176.8,0.07,198.26,0.08,256.0,0.93,198.26,0.92,256.0,0.94,73.8,0.95,176.8,0.01,0.01,2332.288054,1776214144000
1776214145.557,245.557,0.06,7.87,0.05,95.8,0.07,233.26,0.08,225.0,0.93,198.26,0.92,256.0,0.94,73.8,0.95,176.8,0.01,0.01,2332.288054,1776214144000
1776214146.058,246.058,0.06,7.87,0.05,95.8,0.07,204.68,0.08,225.0,0.93,204.68,0.92,225.0,0.94,7.87,0.95,95.8,0.01,0.01,2332.285303,1776214145000
1776214146.76,246.76,0.06,196.69,0.05,95.8,0.07,179.68,0.08,60.0,0.93,204.68,0.92,225.0,0.94,7.87,0.95,95.8,0.01,0.01,2332.285303,1776214145000
1776214147.04,247.04,0.06,174.78,0.05,95.8,0.07,174.68,0.08,60.0,0.93,179.68,0.92,60.0,0.94,188.89,0.95,95.8,0.01,0.01,2332.285303,1776214145000
1776214148.001,248.001,0.04,25.0,0.03,196.0,0.06,296.0,0.07,194.68,0.93,174.68,0.92,60.0,0.94,174.78,0.95,95.8,0.02,0.01,2332.320231,1776214146000
1776214148.204,248.204,0.03,107.14,0.02,395.0,0.05,227.0,0.06,155.0,0.95,220.0,0.94,205.0,0.97,139.14,0.98,395.0,0.02,0.02,2332.320231,1776214146000
1776214148.473,248.473,0.03,84.93,0.02,295.0,0.04,154.0,0.05,72.0,0.95,242.0,0.94,150.0,0.97,105.14,0.98,295.0,0.01,0.02,2332.363382,1776214147000
1776214148.682,248.682,0.02,275.0,0.01,2395.47,0.03,96.0,0.04,303.0,0.96,313.0,0.95,67.0,0.98,295.0,0.99,2395.47,0.01,0.02,2332.363382,1776214147000
1776214149.137,249.137,0.02,210.93,0.01,2395.47,0.03,174.0,0.04,154.0,0.97,198.13,0.96,149.0,0.98,214.0,0.99,2395.47,0.01,0.01,2332.363382,1776214147000
1776214149.338,249.338,0.02,122.31,0.01,2395.47,0.03,151.0,0.04,214.0,0.97,151.0,0.96,184.0,0.98,198.81,0.99,2395.47,0.01,0.01,2332.309444,1776214148000
1776214149.966,249.966,0.02,2.43,0.01,2395.47,0.03,341.0,0.04,209.0,0.97,156.0,0.96,214.0,0.98,99.94,0.99,2395.47,0.01,0.01,2332.309444,1776214148000
1776214150.202,250.202,0.01,2395.47,,,0.03,336.0,0.04,204.0,0.97,341.0,0.96,209.0,0.98,2.43,0.99,2395.47,0.02,0.01,2332.309444,1776214148000
1776214150.521,250.521,0.01,280.87,,,0.02,312.0,0.03,171.0,0.97,336.0,0.96,204.0,0.99,376.47,,,0.01,0.02,2331.114028,1776214149000
1776214150.795,250.795,,,,,0.01,2414.35,0.02,307.0,0.99,2256.19,0.98,312.0,,,,,,,2331.114028,1776214149000
1776214151.057,251.057,,,,,0.01,2306.42,0.02,312.0,0.99,2324.35,0.98,312.0,,,,,,,2330.86082,1776214150000
1776214151.792,251.792,,,,,0.01,2305.98,0.02,495.7,0.99,2306.47,0.98,312.0,,,,,,,2330.86082,1776214150000
1776214152.481,252.481,,,,,0.01,2158.72,0.02,475.7,0.99,2178.72,0.98,495.7,,,,,,,2330.771675,1776214151000
1776214152.711,252.711,,,,,0.01,2148.54,0.02,475.7,0.99,2150.53,0.98,475.7,,,,,,,2330.771675,1776214151000
1776214153.058,253.058,,,,,0.01,2148.54,0.02,475.7,0.99,2148.54,0.98,475.7,,,,,,,2330.761806,1776214152000
1776214154.037,254.037,,,,,0.01,2148.54,0.02,475.7,0.99,2148.54,0.98,475.7,,,,,,,2330.700235,1776214153000
1776214154.829,254.829,,,,,0.01,2144.09,0.02,373.7,0.99,2148.54,0.98,475.7,,,,,,,2330.700235,1776214153000
1776214155.161,255.161,,,,,0.01,2144.09,0.02,373.7,0.99,2144.09,0.98,373.7,,,,,,,2330.7237,1776214154000
1776214156.14,256.14,,,,,0.01,2144.09,0.02,373.7,0.99,2144.09,0.98,373.7,,,,,,,2330.703224,1776214155000
1776214156.683,256.683,,,,,0.01,2279.53,0.02,198.7,0.99,2144.09,0.98,373.7,,,,,,,2330.703224,1776214155000
1776214157.031,257.031,,,,,0.01,2279.44,0.02,198.7,0.99,2279.53,0.98,198.7,,,,,,,2330.703224,1776214155000
1776214158.252,258.252,,,,,0.01,2279.44,0.02,198.7,0.99,2279.44,0.98,198.7,,,,,,,2330.619153,1776214157000
1776214159.225,259.225,,,,,0.01,2279.44,0.02,198.7,0.99,2279.44,0.98,198.7,,,,,,,2330.551747,1776214158000
1776214159.567,259.567,,,,,0.01,2648.02,0.02,198.7,0.99,2279.44,0.98,198.7,,,,,,,2330.551747,1776214158000
1776214159.902,259.902,,,,,0.01,2698.0,0.02,198.7,0.99,2648.02,0.98,198.7,,,,,,,2330.551747,1776214158000
1776214160.261,260.261,,,,,0.01,2698.0,0.02,198.7,0.99,2698.0,0.98,198.7,,,,,,,2330.552312,1776214159000
1776214161.355,261.355,,,,,0.01,2698.0,0.02,198.7,0.99,2698.0,0.98,198.7,,,,,,,2330.51493,1776214160000
1776214162.275,262.275,,,,,0.01,2698.0,0.02,198.7,0.99,2698.0,0.98,198.7,,,,,,,2330.484158,1776214161000
1776214163.311,263.311,,,,,0.01,2698.0,0.02,198.7,0.99,2698.0,0.98,198.7,,,,,,,2330.481318,1776214162000
1776214163.855,263.855,,,,,0.01,2698.0,0.02,198.7,0.99,2698.0,0.98,198.7,,,,,,,2330.478449,1776214163000
1776214164.938,264.938,,,,,0.01,2698.0,0.02,198.7,0.99,2698.0,0.98,198.7,,,,,,,2330.498188,1776214164000
1776214166.359,266.359,,,,,0.01,2698.0,0.02,198.7,0.99,2698.0,0.98,198.7,,,,,,,2330.443774,1776214165000
1776214167.326,267.326,,,,,0.01,2698.0,0.02,198.7,0.99,2698.0,0.98,198.7,,,,,,,2330.529183,1776214166000
1776214168.295,268.295,,,,,0.01,2698.0,0.02,198.7,0.99,2698.0,0.98,198.7,,,,,,,2330.62282,1776214167000
1776214168.838,268.838,,,,,0.01,2698.0,0.02,198.7,0.99,2698.0,0.98,198.7,,,,,,,2330.64444,1776214168000
1776214170.342,270.342,,,,,0.01,2698.0,0.02,198.7,0.99,2698.0,0.98,198.7,,,,,,,2330.679711,1776214169000
1776214171.259,271.259,,,,,0.01,2698.0,0.02,198.7,0.99,2698.0,0.98,198.7,,,,,,,2330.662209,1776214170000
1776214172.199,272.199,,,,,0.01,2698.0,0.02,198.7,0.99,2698.0,0.98,198.7,,,,,,,2330.637479,1776214171000
1776214173.152,273.152,,,,,0.01,2698.0,0.02,198.7,0.99,2698.0,0.98,198.7,,,,,,,2330.431812,1776214172000
1776214174.117,274.117,,,,,0.01,2698.0,0.02,198.7,0.99,2698.0,0.98,198.7,,,,,,,2330.492414,1776214173000
1776214175.026,275.026,,,,,0.01,2698.0,0.02,198.7,0.99,2698.0,0.98,198.7,,,,,,,2330.496701,1776214174000
1776214176.01,276.01,,,,,0.01,2698.0,0.02,198.7,0.99,2698.0,0.98,198.7,,,,,,,2330.43533,1776214175000
1776214177.085,277.085,,,,,0.01,2698.0,0.02,198.7,0.99,2698.0,0.98,198.7,,,,,,,2330.397261,1776214176000
1776214178.074,278.074,,,,,0.01,2698.0,0.02,198.7,0.99,2698.0,0.98,198.7,,,,,,,2330.397386,1776214177000
1776214179.125,279.125,,,,,0.01,2698.0,0.02,198.7,0.99,2698.0,0.98,198.7,,,,,,,2330.493191,1776214178000
1776214180.297,280.297,,,,,0.01,2698.0,0.02,198.7,0.99,2698.0,0.98,198.7,,,,,,,2330.386602,1776214179000
1776214181.237,281.237,,,,,0.01,2698.0,0.02,198.7,0.99,2698.0,0.98,198.7,,,,,,,2330.39586,1776214180000
1776214182.32,282.32,,,,,0.01,2698.0,0.02,198.7,0.99,2698.0,0.98,198.7,,,,,,,2330.439467,1776214181000
1776214183.339,283.339,,,,,0.01,2698.0,0.02,198.7,0.99,2698.0,0.98,198.7,,,,,,,2330.43954,1776214182000
1776214183.893,283.893,,,,,0.01,2698.0,0.02,198.7,0.99,2698.0,0.98,198.7,,,,,,,2330.369987,1776214183000
1776214184.826,284.826,,,,,0.01,2698.0,0.02,198.7,0.99,2698.0,0.98,198.7,,,,,,,2330.354589,1776214184000
1776214185.937,285.937,,,,,0.01,2698.0,0.02,198.7,0.99,2698.0,0.98,198.7,,,,,,,2329.993808,1776214185000
1776214186.46,286.46,,,,,0.01,10124.73,0.02,15.0,0.99,2698.0,0.98,198.7,,,,,,,2329.993808,1776214185000
1776214186.869,286.869,,,,,0.01,10124.73,0.02,15.0,0.99,10124.73,0.98,15.0,,,,,,,2329.940833,1776214186000
1776214187.92,287.92,,,,,0.01,10124.73,0.02,15.0,0.99,10124.73,0.98,15.0,,,,,,,2329.931177,1776214187000
1776214188.878,288.878,,,,,0.01,10124.73,0.02,15.0,0.99,10124.73,0.98,15.0,,,,,,,2329.701579,1776214188000
1776214189.896,289.896,,,,,0.01,10124.73,0.02,15.0,0.99,10124.73,0.98,15.0,,,,,,,2329.520427,1776214189000
1776214191.051,291.051,,,,,0.01,10124.73,0.02,15.0,0.99,10124.73,0.98,15.0,,,,,,,2329.546008,1776214190000
1776214192.668,292.668,,,,,0.01,10124.73,0.02,15.0,0.99,10124.73,0.98,15.0,,,,,,,2329.550061,1776214191000
1776214193.758,293.758,,,,,0.01,10124.73,0.02,15.0,0.99,10124.73,0.98,15.0,,,,,,,2329.550142,1776214192000
1776214194.502,294.502,,,,,0.01,10124.73,0.02,15.0,0.99,10124.73,0.98,15.0,,,,,,,2329.607441,1776214193000
1776214195.082,295.082,,,,,0.01,10124.73,0.02,15.0,0.99,10124.73,0.98,15.0,,,,,,,2329.461089,1776214194000
1776214196.587,296.587,,,,,0.01,10124.73,0.02,15.0,0.99,10124.73,0.98,15.0,,,,,,,2329.513765,1776214195000
1776214197.287,297.287,,,,,0.01,10124.73,0.02,15.0,0.99,10124.73,0.98,15.0,,,,,,,2329.707821,1776214196000
1776214198.034,298.034,,,,,0.01,10124.73,0.02,15.0,0.99,10124.73,0.98,15.0,,,,,,,2329.738049,1776214197000
1776214199.418,299.418,,,,,0.01,14547.95,0.02,23.0,0.99,14547.95,0.98,23.0,,,,,,,2329.947652,1776214198000
1776214200.035,300.035,,,,,0.01,14547.95,0.02,23.0,0.99,14547.95,0.98,23.0,,,,,,,2329.985484,1776214199000

# RESULT,winner=Down,slug=eth-updown-5m-1776213900,ticks=505
