timestamp,elapsed_sec,up_bid_p1,up_bid_s1,up_bid_p2,up_bid_s2,up_ask_p1,up_ask_s1,up_ask_p2,up_ask_s2,down_bid_p1,down_bid_s1,down_bid_p2,down_bid_s2,down_ask_p1,down_ask_s1,down_ask_p2,down_ask_s2,up_spread,down_spread,eth_price,eth_oracle_ts
1776248701.537,1.537,0.55,25.2,0.52,10.0,0.56,52.0,0.57,5.0,0.44,52.0,0.43,5.0,0.45,20.2,0.48,10.0,0.01,0.01,2324.874295,1776244517000
1776248701.864,1.864,0.55,47.2,0.54,12.0,0.56,50.21,0.57,5.0,0.44,52.0,0.43,5.0,0.45,20.2,0.48,10.0,0.01,0.01,2324.874295,1776244517000
1776248702.176,2.176,0.55,52.2,0.54,17.0,0.56,40.21,0.57,10.0,0.44,50.21,0.43,5.0,0.45,47.2,0.46,12.0,0.01,0.01,2324.874295,1776244517000
1776248702.545,2.545,0.55,52.2,0.54,17.0,0.56,0.21,0.57,10.0,0.44,30.21,0.43,5.0,0.45,57.2,0.46,17.0,0.01,0.01,2324.874295,1776244517000
1776248703.685,3.685,0.58,25.04,0.57,15.0,0.59,8.3,0.6,243.0,0.41,5.0,0.4,188.0,0.44,9.88,0.45,38.2,0.01,0.03,2324.874295,1776244517000
1776248704.18,4.18,0.58,20.04,0.57,20.0,0.59,50.0,0.6,155.0,0.41,8.3,0.4,243.0,0.42,25.04,0.43,15.0,0.01,0.01,2324.874295,1776244517000
1776248704.945,4.945,0.58,101.54,0.57,76.0,0.59,45.0,0.6,155.0,0.41,50.0,0.4,155.0,0.42,20.04,0.43,20.0,0.01,0.01,2324.874295,1776244517000
1776248705.861,5.861,0.59,9.61,0.58,101.54,0.6,150.0,0.61,120.0,0.41,45.0,0.4,155.0,0.42,101.54,0.43,76.0,0.01,0.01,2324.874295,1776244517000
1776248706.272,6.272,0.59,10.61,0.58,96.04,0.6,15.55,0.61,120.0,0.4,145.0,0.39,120.0,0.41,9.61,0.42,101.54,0.01,0.01,2324.874295,1776244517000
1776248706.65,6.65,0.59,65.61,0.58,96.04,0.6,3.13,0.61,120.0,0.4,13.68,0.39,120.0,0.41,10.61,0.42,96.04,0.01,0.01,2324.874295,1776244517000
1776248708.189,8.189,0.62,5.0,0.61,76.0,0.64,63.89,0.65,120.0,0.4,3.13,0.39,120.0,0.41,65.61,0.42,96.04,0.02,0.01,2324.874295,1776244517000
1776248708.405,8.405,0.63,65.0,0.62,65.0,0.64,5.32,0.65,120.0,0.36,63.89,0.35,120.0,0.38,5.0,0.39,76.0,0.01,0.02,2324.874295,1776244517000
1776248708.921,8.921,0.63,25.0,0.62,78.0,0.65,118.77,0.66,120.0,0.36,0.32,0.35,134.0,0.37,75.0,0.38,65.0,0.02,0.01,2324.874295,1776244517000
1776248709.934,9.934,0.64,15.25,0.63,10.0,0.65,118.38,0.66,125.0,0.35,118.77,0.34,120.0,0.37,25.0,0.38,78.0,0.01,0.02,2324.874295,1776244517000
1776248710.38,10.38,0.64,19.25,0.63,10.0,0.65,108.38,0.66,145.0,0.35,123.38,0.34,125.0,0.36,4.25,0.37,10.0,0.01,0.01,2324.874295,1776244517000
1776248710.707,10.707,0.64,19.25,0.63,10.0,0.65,106.56,0.66,151.0,0.35,108.38,0.34,145.0,0.36,19.25,0.37,10.0,0.01,0.01,2324.874295,1776244517000
1776248711.84,11.84,0.64,9.0,0.63,10.0,0.65,101.56,0.66,153.0,0.35,106.56,0.34,151.0,0.36,19.25,0.37,10.0,0.01,0.01,2324.874295,1776244517000
1776248713.432,13.432,0.64,14.0,0.63,72.0,0.65,102.31,0.66,120.0,0.35,101.56,0.34,153.0,0.36,9.0,0.37,10.0,0.01,0.01,2324.874295,1776244517000
1776248713.901,13.901,0.64,84.0,0.63,70.0,0.65,51.31,0.66,125.0,0.35,61.31,0.34,120.0,0.36,14.0,0.37,72.0,0.01,0.01,2324.874295,1776244517000
1776248714.67,14.67,0.61,78.5,0.6,65.0,0.65,76.42,0.66,135.0,0.35,51.31,0.34,125.0,0.36,84.0,0.37,70.0,0.04,0.01,2324.874295,1776244517000
1776248714.993,14.993,0.63,5.0,0.62,25.5,0.65,68.66,0.66,135.0,0.35,76.42,0.34,135.0,0.39,78.5,0.4,65.0,0.02,0.04,2324.874295,1776244517000
1776248718.429,18.429,0.64,125.5,0.63,80.5,0.65,23.05,0.66,8.0,0.35,68.66,0.34,135.0,0.37,5.0,0.38,25.5,0.01,0.02,2324.874295,1776244517000
1776248718.683,18.683,0.65,25.0,0.64,120.5,0.66,3.25,0.68,55.11,0.33,70.0,0.32,135.0,0.36,125.5,0.37,80.5,0.01,0.03,2324.874295,1776244517000
1776248719.259,19.259,0.67,111.4,0.66,78.25,0.68,9.0,0.69,130.11,0.32,55.11,0.31,125.0,0.34,7.75,0.35,25.0,0.01,0.02,2324.874295,1776244517000
1776248720.584,20.584,0.67,26.0,0.66,38.25,0.69,67.0,0.7,65.5,0.32,9.0,0.31,130.11,0.33,111.4,0.34,78.25,0.02,0.01,2324.874295,1776244517000
1776248721.043,21.043,0.68,10.0,0.67,15.0,0.69,68.5,0.7,65.5,0.31,70.1,0.3,65.5,0.32,10.0,0.33,15.0,0.01,0.01,2324.874295,1776244517000
1776248721.628,21.628,0.68,10.0,0.67,15.0,0.69,71.42,0.7,60.5,0.31,68.5,0.3,65.5,0.32,10.0,0.33,15.0,0.01,0.01,2324.874295,1776244517000
1776248721.992,21.992,0.68,10.0,0.67,20.0,0.69,87.83,0.7,60.5,0.31,71.42,0.3,60.5,0.32,10.0,0.33,15.0,0.01,0.01,2324.874295,1776244517000
1776248724.242,24.242,0.68,15.0,0.67,75.5,0.69,126.23,0.7,76.5,0.31,87.83,0.3,60.5,0.32,10.0,0.33,20.0,0.01,0.01,2324.874295,1776244517000
1776248725.78,25.78,0.68,103.5,0.67,94.5,0.69,37.35,0.7,50.0,0.31,126.23,0.3,76.5,0.32,15.0,0.33,75.5,0.01,0.01,2324.874295,1776244517000
1776248727.703,27.703,0.69,30.0,0.68,93.5,0.7,48.0,0.71,81.61,0.3,50.0,0.29,81.61,0.32,103.5,0.33,94.5,0.01,0.02,2324.874295,1776244517000
1776248728.004,28.004,0.69,30.0,0.68,93.5,0.7,40.64,0.71,81.61,0.3,48.0,0.29,81.61,0.31,30.0,0.32,93.5,0.01,0.01,2324.874295,1776244517000
1776248730.028,30.028,0.69,5.0,0.68,5.0,0.7,65.1,0.71,86.5,0.3,43.28,0.29,81.61,0.31,35.0,0.32,93.5,0.01,0.01,2324.874295,1776244517000
1776248730.602,30.602,0.68,18.75,0.67,15.0,0.69,18.0,0.7,49.1,0.3,65.1,0.29,86.5,0.32,5.0,0.33,10.0,0.01,0.02,2324.874295,1776244517000
1776248731.209,31.209,0.67,15.0,0.66,83.25,0.69,43.5,0.7,49.49,0.31,18.0,0.3,49.1,0.32,18.75,0.33,15.0,0.02,0.01,2324.874295,1776244517000
1776248731.447,31.447,0.66,7.75,0.65,15.0,0.68,85.0,0.69,122.61,0.31,43.5,0.3,49.49,0.33,15.0,0.34,83.25,0.02,0.02,2324.874295,1776244517000
1776248731.849,31.849,0.66,10.0,0.65,25.5,0.68,121.5,0.69,122.5,0.32,85.0,0.31,122.61,0.35,15.0,0.36,20.5,0.02,0.03,2324.874295,1776244517000
1776248733.294,33.294,0.66,15.0,0.65,30.5,0.68,121.5,0.69,167.5,0.32,121.5,0.31,122.5,0.34,10.0,0.35,25.5,0.02,0.02,2324.874295,1776244517000
1776248733.797,33.797,0.65,5.0,0.64,14.0,0.67,27.62,0.68,106.5,0.32,121.5,0.31,167.5,0.34,15.0,0.35,30.5,0.02,0.02,2324.874295,1776244517000
1776248736.566,36.566,0.65,105.5,0.64,75.5,0.67,27.01,0.68,141.5,0.33,27.62,0.32,106.5,0.35,5.0,0.36,14.0,0.02,0.02,2324.874295,1776244517000
1776248741.949,41.949,0.66,115.5,0.65,80.5,0.67,38.11,0.68,91.61,0.33,27.01,0.32,141.5,0.35,105.5,0.36,75.5,0.01,0.02,2324.874295,1776244517000
1776248743.233,43.233,0.66,25.0,0.65,20.0,0.67,36.11,0.68,101.61,0.33,38.11,0.32,91.61,0.34,115.5,0.35,80.5,0.01,0.01,2324.874295,1776244517000
1776248743.594,43.594,0.66,10.0,0.65,20.0,0.67,105.99,0.68,96.5,0.33,36.11,0.32,101.61,0.34,25.0,0.35,20.0,0.01,0.01,2324.874295,1776244517000
1776248744.26,44.26,0.66,17.05,0.65,30.5,0.67,85.49,0.68,96.5,0.33,105.99,0.32,96.5,0.34,10.0,0.35,20.0,0.01,0.01,2324.874295,1776244517000
1776248745.637,45.637,0.66,4.7,0.65,20.0,0.67,113.1,0.68,96.5,0.33,85.49,0.32,96.5,0.34,17.05,0.35,30.5,0.01,0.01,2324.874295,1776244517000
1776248747.03,47.03,0.66,50.5,0.65,85.5,0.67,2.01,0.68,81.11,0.33,113.1,0.32,96.5,0.34,4.7,0.35,20.0,0.01,0.01,2324.874295,1776244517000
1776248751.472,51.472,0.62,10.5,0.61,60.0,0.65,6.0,0.66,155.5,0.33,2.01,0.32,81.11,0.34,50.5,0.35,85.5,0.03,0.01,2324.874295,1776244517000
1776248753.907,53.907,0.62,70.5,0.61,80.5,0.63,85.0,0.64,102.49,0.37,5.0,0.36,31.5,0.38,12.16,0.39,78.0,0.01,0.01,2324.874295,1776244517000
1776248758.351,58.351,0.63,6.0,0.62,120.5,0.65,6.0,0.66,85.61,0.37,85.0,0.36,102.49,0.38,70.5,0.39,80.5,0.02,0.01,2324.874295,1776244517000
1776248758.853,58.853,0.63,11.8,0.62,35.5,0.66,111.49,0.67,100.5,0.35,1.0,0.34,85.61,0.36,37.72,0.37,26.0,0.03,0.01,2324.874295,1776244517000
1776248759.425,59.425,0.63,15.0,0.62,80.5,0.64,32.5,0.65,92.49,0.34,111.49,0.33,100.5,0.37,11.8,0.38,35.5,0.01,0.03,2324.874295,1776244517000
1776248760.025,60.025,0.6,149.63,0.58,60.04,0.61,111.72,0.62,121.0,0.36,30.78,0.35,92.49,0.37,15.0,0.38,80.5,0.01,0.01,2324.874295,1776244517000
1776248760.268,60.268,0.6,132.65,0.58,70.54,0.61,132.22,0.62,131.5,0.39,132.22,0.38,131.5,0.4,155.53,0.42,76.54,0.01,0.01,2324.874295,1776244517000
1776248760.572,60.572,0.6,127.65,0.59,5.0,0.61,151.41,0.62,131.5,0.39,138.22,0.38,131.5,0.4,127.65,0.41,5.0,0.01,0.01,2324.874295,1776244517000
1776248760.936,60.936,0.58,10.04,0.56,5.0,0.61,206.41,0.62,131.5,0.39,151.41,0.38,131.5,0.4,112.37,0.41,5.0,0.03,0.01,2324.874295,1776244517000
1776248761.295,61.295,0.57,9.74,0.56,28.5,0.59,45.5,0.6,25.5,0.39,206.41,0.38,131.5,0.42,10.04,0.44,5.0,0.02,0.03,2324.874295,1776244517000
1776248761.917,61.917,0.57,0.74,0.56,20.5,0.58,50.0,0.59,60.5,0.41,45.5,0.4,25.5,0.43,9.74,0.44,28.5,0.01,0.02,2324.874295,1776244517000
1776248762.294,62.294,0.56,5.0,0.55,70.5,0.57,35.75,0.58,45.5,0.42,50.0,0.41,60.5,0.43,0.74,0.44,20.5,0.01,0.01,2324.874295,1776244517000
1776248763.458,63.458,0.55,10.0,0.52,10.0,0.56,45.5,0.57,91.25,0.43,35.75,0.42,45.5,0.44,1.79,0.45,70.5,0.01,0.01,2324.874295,1776244517000
1776248763.675,63.675,0.51,420.33,0.5,75.0,0.52,15.0,0.53,10.0,0.48,10.41,0.44,100.5,0.49,427.99,0.5,75.0,0.01,0.01,2324.874295,1776244517000
1776248764.022,64.022,0.51,431.81,0.5,75.0,0.52,14.9,0.53,20.0,0.48,10.0,0.47,20.0,0.49,421.31,0.5,75.0,0.01,0.01,2324.874295,1776244517000
1776248765.386,65.386,0.51,374.26,0.5,95.5,0.52,104.9,0.53,92.49,0.48,14.9,0.47,30.5,0.49,436.81,0.5,85.0,0.01,0.01,2324.874295,1776244517000
1776248766.148,66.148,0.51,434.76,0.5,95.5,0.52,102.97,0.53,123.06,0.48,104.9,0.47,92.49,0.49,374.26,0.5,95.5,0.01,0.01,2324.874295,1776244517000
1776248766.803,66.803,0.51,433.12,0.5,100.5,0.52,97.93,0.53,123.06,0.48,102.97,0.47,123.06,0.49,428.12,0.5,95.5,0.01,0.01,2324.874295,1776244517000
1776248767.125,67.125,0.51,426.07,0.5,100.5,0.52,17.93,0.53,111.07,0.48,97.93,0.47,123.06,0.49,433.12,0.5,100.5,0.01,0.01,2324.874295,1776244517000
1776248768.092,68.092,0.51,422.7,0.5,100.5,0.52,17.93,0.53,111.07,0.48,17.93,0.47,111.07,0.49,426.07,0.5,100.5,0.01,0.01,2324.874295,1776244517000
1776248768.57,68.57,0.51,422.2,0.5,90.5,0.52,10.0,0.53,61.07,0.48,16.0,0.47,111.07,0.49,422.7,0.5,100.5,0.01,0.01,2324.874295,1776244517000
1776248768.874,68.874,0.51,331.2,0.5,25.0,0.52,120.5,0.53,118.07,0.48,10.0,0.47,61.07,0.49,422.2,0.5,90.5,0.01,0.01,2324.874295,1776244517000
1776248769.759,69.759,0.51,301.2,0.5,75.0,0.52,122.5,0.53,118.07,0.48,120.5,0.47,118.07,0.49,331.2,0.5,25.0,0.01,0.01,2324.874295,1776244517000
1776248770.669,70.669,0.51,299.15,0.5,25.0,0.52,132.5,0.53,143.17,0.48,122.5,0.47,118.07,0.49,301.2,0.5,75.0,0.01,0.01,2324.874295,1776244517000
1776248771.022,71.022,0.51,249.15,0.5,25.0,0.52,125.57,0.53,143.17,0.48,132.5,0.47,143.17,0.49,249.15,0.5,25.0,0.01,0.01,2324.874295,1776244517000
1776248772.005,72.005,0.51,202.65,0.5,25.0,0.52,184.97,0.53,163.17,0.48,125.57,0.47,143.17,0.49,245.65,0.5,30.0,0.01,0.01,2324.874295,1776244517000
1776248772.345,72.345,0.51,25.08,0.5,25.0,0.52,216.62,0.53,163.17,0.48,189.97,0.47,163.17,0.49,30.19,0.5,25.0,0.01,0.01,2324.874295,1776244517000
1776248773.008,73.008,0.51,15.54,0.5,25.0,0.52,251.62,0.53,163.17,0.48,216.62,0.47,163.17,0.49,17.79,0.5,25.0,0.01,0.01,2324.874295,1776244517000
1776248774.433,74.433,0.51,7.27,0.5,25.0,0.52,246.62,0.53,122.57,0.48,246.62,0.47,163.17,0.49,13.27,0.5,25.0,0.01,0.01,2324.874295,1776244517000
1776248774.634,74.634,0.45,21.7,0.44,74.39,0.46,242.5,0.47,22.0,0.54,235.5,0.53,15.0,0.55,21.8,0.56,74.39,0.01,0.01,2324.874295,1776244517000
1776248774.838,74.838,0.44,75.81,0.43,60.0,0.45,37.0,0.46,217.5,0.54,242.5,0.53,22.0,0.55,21.7,0.56,74.39,0.01,0.01,2324.874295,1776244517000
1776248775.795,75.795,0.44,67.24,0.43,70.5,0.45,87.0,0.46,267.5,0.55,37.0,0.54,217.5,0.56,75.81,0.57,60.0,0.01,0.01,2324.874295,1776244517000
1776248776.317,76.317,0.44,51.45,0.43,70.5,0.45,142.0,0.46,267.5,0.55,87.0,0.54,267.5,0.56,53.24,0.57,70.5,0.01,0.01,2324.874295,1776244517000
1776248779.437,79.437,0.44,176.73,0.43,92.5,0.5,44.8,0.51,162.5,0.55,142.0,0.54,267.5,0.56,51.45,0.57,70.5,0.06,0.01,2324.874295,1776244517000
1776248780.416,80.416,0.46,50.0,0.45,69.64,0.48,147.5,0.49,82.5,0.5,44.8,0.49,162.5,0.56,176.73,0.57,92.5,0.02,0.06,2324.874295,1776244517000
1776248780.723,80.723,0.44,69.23,0.43,55.0,0.46,160.5,0.47,112.5,0.52,147.5,0.51,82.5,0.54,50.0,0.55,69.64,0.02,0.02,2324.874295,1776244517000
1776248781.396,81.396,0.44,9.39,0.43,65.5,0.45,107.5,0.46,92.5,0.54,160.5,0.53,112.5,0.56,69.23,0.57,55.0,0.01,0.02,2324.874295,1776244517000
1776248782.581,82.581,0.43,27.57,0.42,70.5,0.44,67.0,0.45,175.24,0.56,10.0,0.55,135.24,0.57,29.5,0.58,70.5,0.01,0.01,2324.874295,1776244517000
1776248783.201,83.201,0.4,90.0,0.38,60.5,0.41,55.5,0.42,30.5,0.56,67.0,0.55,175.24,0.57,27.57,0.58,70.5,0.01,0.01,2324.874295,1776244517000
1776248783.465,83.465,0.4,4.37,0.38,60.5,0.41,180.5,0.42,47.5,0.59,168.97,0.58,47.5,0.6,6.12,0.61,10.5,0.01,0.01,2324.874295,1776244517000
1776248783.82,83.82,0.38,67.45,0.37,50.0,0.39,35.0,0.4,31.0,0.59,155.5,0.58,47.5,0.62,60.5,0.63,50.0,0.01,0.03,2324.874295,1776244517000
1776248784.296,84.296,0.36,60.5,0.35,50.0,0.38,188.75,0.39,122.5,0.61,35.0,0.6,31.0,0.62,67.45,0.63,50.0,0.02,0.01,2324.874295,1776244517000
1776248784.881,84.881,0.36,125.5,0.35,63.0,0.38,25.0,0.39,90.5,0.62,188.75,0.61,122.5,0.64,60.5,0.65,50.0,0.02,0.02,2324.874295,1776244517000
1776248788.506,88.506,0.36,64.25,0.35,55.0,0.37,90.0,0.38,190.04,0.63,5.0,0.62,117.0,0.64,75.5,0.65,50.0,0.01,0.01,2324.874295,1776244517000
1776248789.425,89.425,0.36,62.25,0.35,55.0,0.37,85.0,0.38,112.0,0.63,90.0,0.62,190.04,0.64,64.25,0.65,55.0,0.01,0.01,2324.874295,1776244517000
1776248790.283,90.283,0.36,60.68,0.35,55.0,0.37,95.0,0.38,112.0,0.63,85.0,0.62,112.0,0.64,62.25,0.65,55.0,0.01,0.01,2324.874295,1776244517000
1776248793.529,93.529,0.36,90.93,0.35,70.0,0.37,9.0,0.38,15.0,0.63,95.0,0.62,112.0,0.64,58.93,0.65,55.0,0.01,0.01,2324.874295,1776244517000
1776248794.682,94.682,0.36,53.43,0.35,65.5,0.37,22.02,0.38,98.63,0.62,13.0,0.61,25.0,0.64,90.93,0.65,70.0,0.01,0.02,2324.874295,1776244517000
1776248795.052,95.052,0.36,48.43,0.35,55.0,0.37,43.02,0.38,98.63,0.63,22.02,0.62,98.63,0.64,53.43,0.65,65.5,0.01,0.01,2324.874295,1776244517000
1776248795.389,95.389,0.35,48.73,0.34,50.0,0.37,88.02,0.38,73.5,0.63,43.02,0.62,98.63,0.64,48.43,0.65,55.0,0.02,0.01,2324.874295,1776244517000
1776248796.27,96.27,0.3,50.0,0.29,50.0,0.33,6.0,0.34,26.0,0.63,88.02,0.62,73.5,0.65,48.73,0.66,50.0,0.03,0.02,2324.874295,1776244517000
1776248796.47,96.47,0.3,29.02,0.29,50.0,0.31,27.24,0.32,21.0,0.69,27.24,0.68,21.0,0.7,39.02,0.71,50.0,0.01,0.01,2324.874295,1776244517000
1776248796.792,96.792,0.3,1.0,0.29,50.0,0.31,20.0,0.32,21.0,0.69,27.24,0.68,21.0,0.7,16.19,0.71,50.0,0.01,0.01,2324.874295,1776244517000
1776248797.248,97.248,0.29,55.14,0.28,50.0,0.31,30.0,0.32,31.5,0.69,20.0,0.68,21.0,0.7,1.0,0.71,50.0,0.02,0.01,2324.874295,1776244517000
1776248797.772,97.772,0.29,75.51,0.28,55.0,0.3,20.0,0.31,123.32,0.7,20.0,0.69,20.0,0.71,75.73,0.72,55.0,0.01,0.01,2324.874295,1776244517000
1776248799.56,99.56,0.29,12.0,0.28,50.0,0.3,75.0,0.31,65.0,0.7,20.0,0.69,123.32,0.71,75.51,0.72,55.0,0.01,0.01,2324.874295,1776244517000
1776248800.397,100.397,0.28,34.1,0.27,65.5,0.29,36.55,0.3,15.0,0.71,10.0,0.7,20.0,0.72,19.1,0.73,60.5,0.01,0.01,2324.874295,1776244517000
1776248800.735,100.735,0.28,55.57,0.27,75.5,0.29,8.55,0.3,10.0,0.71,13.55,0.7,15.0,0.72,47.1,0.73,65.5,0.01,0.01,2324.874295,1776244517000
1776248800.938,100.938,0.28,45.57,0.27,80.5,0.29,28.0,0.3,15.0,0.71,8.55,0.7,10.0,0.72,55.57,0.73,75.5,0.01,0.01,2324.874295,1776244517000
1776248801.615,101.615,0.29,47.86,0.28,65.57,0.3,30.0,0.31,15.0,0.71,10.0,0.7,15.0,0.72,45.57,0.73,80.5,0.01,0.01,2324.874295,1776244517000
1776248803.004,103.004,0.29,105.5,0.28,35.57,0.3,16.66,0.31,65.0,0.69,65.0,0.68,86.5,0.71,88.86,0.72,55.57,0.01,0.02,2324.874295,1776244517000
1776248803.412,103.412,0.29,95.5,0.28,42.57,0.32,65.0,0.33,160.66,0.7,16.66,0.69,65.0,0.71,105.5,0.72,35.57,0.03,0.01,2324.874295,1776244517000
1776248803.996,103.996,0.31,130.55,0.3,80.5,0.32,65.0,0.33,144.16,0.68,65.0,0.67,160.66,0.71,95.5,0.72,42.57,0.01,0.03,2324.874295,1776244517000
1776248804.881,104.881,0.31,110.68,0.3,80.5,0.32,75.0,0.33,144.16,0.68,65.0,0.67,144.16,0.69,130.55,0.7,80.5,0.01,0.01,2324.874295,1776244517000
1776248805.081,105.081,0.31,114.23,0.3,80.5,0.32,75.0,0.33,144.16,0.68,75.0,0.67,144.16,0.69,110.68,0.7,80.5,0.01,0.01,2324.874295,1776244517000
1776248805.676,105.676,0.31,122.8,0.3,80.5,0.33,129.16,0.34,86.5,0.68,75.0,0.67,144.16,0.69,102.3,0.7,80.5,0.02,0.01,2324.874295,1776244517000
1776248806.349,106.349,0.32,8.0,0.31,117.8,0.33,143.22,0.34,86.5,0.67,139.16,0.66,86.5,0.68,3.0,0.69,122.8,0.01,0.01,2324.874295,1776244517000
1776248806.671,106.671,0.32,122.02,0.31,112.8,0.33,79.16,0.35,70.0,0.67,143.22,0.66,86.5,0.68,8.0,0.69,117.8,0.01,0.01,2324.874295,1776244517000
1776248807.24,107.24,0.33,15.0,0.32,117.02,0.34,46.97,0.35,80.5,0.67,2.52,0.66,50.0,0.68,117.02,0.69,112.8,0.01,0.01,2324.874295,1776244517000
1776248808.116,108.116,0.33,95.41,0.32,107.02,0.34,17.8,0.35,65.0,0.66,46.97,0.65,80.5,0.67,15.0,0.68,117.02,0.01,0.01,2324.874295,1776244517000
1776248808.617,108.617,0.33,82.96,0.32,116.02,0.34,100.32,0.35,55.0,0.66,17.8,0.65,65.0,0.67,47.28,0.68,107.02,0.01,0.01,2324.874295,1776244517000
1776248808.82,108.82,0.33,117.96,0.32,122.02,0.34,79.32,0.35,55.0,0.66,90.32,0.65,55.0,0.67,112.96,0.68,122.02,0.01,0.01,2324.874295,1776244517000
1776248809.101,109.101,0.34,83.37,0.33,90.96,0.36,11.49,0.38,55.0,0.65,5.0,0.64,20.0,0.66,63.37,0.67,90.96,0.02,0.01,2324.874295,1776244517000
1776248809.383,109.383,0.37,49.74,0.36,35.5,0.38,50.34,0.39,75.5,0.62,50.34,0.61,65.0,0.65,55.5,0.66,78.37,0.01,0.03,2324.874295,1776244517000
1776248809.728,109.728,0.37,14.48,0.36,75.0,0.38,65.34,0.39,75.5,0.62,50.34,0.61,75.5,0.63,49.74,0.64,35.5,0.01,0.01,2324.874295,1776244517000
1776248809.935,109.935,0.37,15.0,0.36,75.0,0.38,52.34,0.39,75.5,0.62,65.34,0.61,75.5,0.63,14.48,0.64,75.0,0.01,0.01,2324.874295,1776244517000
1776248810.182,110.182,0.37,96.98,0.36,75.0,0.38,47.34,0.39,95.5,0.62,52.34,0.61,75.5,0.63,15.0,0.64,75.0,0.01,0.01,2324.874295,1776244517000
1776248810.404,110.404,0.37,86.48,0.36,75.0,0.38,47.34,0.39,95.5,0.62,47.34,0.61,95.5,0.63,96.98,0.64,75.0,0.01,0.01,2324.874295,1776244517000
1776248810.953,110.953,0.36,88.43,0.35,120.5,0.37,10.0,0.38,72.33,0.62,47.32,0.61,95.5,0.63,84.89,0.64,75.0,0.01,0.01,2324.874295,1776244517000
1776248811.484,111.484,0.36,76.71,0.35,120.5,0.37,15.0,0.38,72.33,0.63,10.0,0.62,72.33,0.64,88.43,0.65,120.5,0.01,0.01,2324.874295,1776244517000
1776248811.787,111.787,0.36,100.14,0.35,120.5,0.37,15.0,0.38,72.33,0.63,15.0,0.62,72.33,0.64,76.71,0.65,120.5,0.01,0.01,2324.874295,1776244517000
1776248812.736,112.736,0.37,63.41,0.36,130.64,0.38,5.01,0.39,65.0,0.63,15.0,0.62,72.33,0.64,100.14,0.65,120.5,0.01,0.01,2324.874295,1776244517000
1776248813.185,113.185,0.37,162.5,0.36,176.64,0.38,2.37,0.39,20.0,0.62,5.01,0.61,65.0,0.63,63.41,0.64,130.64,0.01,0.01,2324.874295,1776244517000
1776248813.387,113.387,0.38,70.5,0.37,162.5,0.4,16.0,0.41,5.0,0.61,8.59,0.6,16.0,0.62,16.0,0.63,157.5,0.02,0.01,2324.874295,1776244517000
1776248814.255,114.255,0.42,113.27,0.41,75.0,0.43,2.67,0.44,65.5,0.57,5.0,0.56,65.5,0.58,13.27,0.59,20.0,0.01,0.01,2324.874295,1776244517000
1776248814.912,114.912,0.41,10.0,0.4,100.0,0.43,83.17,0.44,75.5,0.57,2.67,0.56,65.5,0.58,113.27,0.59,75.0,0.02,0.01,2324.874295,1776244517000
1776248815.595,115.595,0.43,57.87,0.42,105.0,0.44,65.5,0.45,70.5,0.57,83.17,0.56,75.5,0.59,10.0,0.6,100.0,0.01,0.02,2324.874295,1776244517000
1776248816.097,116.097,0.44,24.53,0.43,97.87,0.45,70.5,0.46,55.0,0.56,65.5,0.55,70.5,0.57,57.87,0.58,105.0,0.01,0.01,2324.874295,1776244517000
1776248816.903,116.903,0.44,17.81,0.43,47.87,0.45,80.5,0.46,65.0,0.55,70.5,0.54,55.0,0.56,24.53,0.57,97.87,0.01,0.01,2324.874295,1776244517000
1776248817.145,117.145,0.44,0.31,0.43,47.87,0.45,85.5,0.46,65.0,0.55,80.5,0.54,65.0,0.56,17.81,0.57,47.87,0.01,0.01,2324.874295,1776244517000
1776248817.657,117.657,0.43,112.87,0.42,115.5,0.44,2.72,0.45,80.5,0.55,85.5,0.54,65.0,0.56,0.31,0.57,47.87,0.01,0.01,2324.874295,1776244517000
1776248819.701,119.701,0.44,25.0,0.43,70.0,0.45,78.5,0.46,75.5,0.55,62.72,0.54,75.5,0.57,112.87,0.58,115.5,0.01,0.02,2324.874295,1776244517000
1776248820.456,120.456,0.45,55.0,0.44,65.0,0.46,75.5,0.47,65.0,0.55,78.5,0.54,75.5,0.56,25.0,0.57,70.0,0.01,0.01,2324.874295,1776244517000
1776248822.731,122.731,0.42,50.0,0.41,110.0,0.44,75.5,0.45,85.5,0.54,78.32,0.53,65.0,0.55,50.0,0.56,65.0,0.02,0.01,2324.874295,1776244517000
1776248823.623,123.623,0.41,93.3,0.4,75.0,0.42,46.0,0.43,91.5,0.56,75.5,0.55,85.5,0.58,50.0,0.59,110.0,0.01,0.02,2324.874295,1776244517000
1776248827.936,127.936,0.38,28.44,0.37,50.0,0.39,190.5,0.4,130.5,0.58,46.0,0.57,91.5,0.59,93.3,0.6,75.0,0.01,0.01,2324.874295,1776244517000
1776248828.235,128.235,0.38,26.82,0.37,50.0,0.39,190.5,0.4,130.5,0.61,190.5,0.6,130.5,0.62,28.44,0.63,50.0,0.01,0.01,2324.874295,1776244517000
1776248828.461,128.461,0.38,26.76,0.37,50.0,0.39,190.5,0.4,130.5,0.61,190.5,0.6,130.5,0.62,26.82,0.63,50.0,0.01,0.01,2324.874295,1776244517000
1776248828.958,128.958,0.38,20.47,0.37,55.0,0.39,180.0,0.4,130.5,0.61,190.5,0.6,130.5,0.62,26.76,0.63,50.0,0.01,0.01,2324.874295,1776244517000
1776248829.558,129.558,0.38,5.0,0.37,55.0,0.39,162.93,0.4,130.5,0.61,180.0,0.6,130.5,0.62,20.47,0.63,55.0,0.01,0.01,2324.874295,1776244517000
1776248831.303,131.303,0.4,51.66,0.39,80.0,0.41,15.0,0.42,75.5,0.61,162.93,0.6,130.5,0.62,5.0,0.63,55.0,0.01,0.01,2324.874295,1776244517000
1776248832.113,132.113,0.38,46.93,0.37,55.0,0.39,23.0,0.4,91.5,0.59,15.0,0.58,75.5,0.6,51.66,0.61,80.0,0.01,0.01,2324.874295,1776244517000
1776248833.333,133.333,0.38,7.64,0.37,66.0,0.39,88.93,0.4,91.5,0.61,114.47,0.6,91.5,0.62,5.0,0.63,61.0,0.01,0.01,2324.874295,1776244517000
1776248834.278,134.278,0.34,9.16,0.32,50.0,0.35,107.5,0.36,39.5,0.61,88.93,0.6,91.5,0.62,7.64,0.63,66.0,0.01,0.01,2324.874295,1776244517000
1776248834.651,134.651,0.32,46.0,0.31,130.5,0.33,161.0,0.34,25.5,0.65,161.5,0.64,44.5,0.66,14.9,0.67,7.0,0.01,0.01,2324.874295,1776244517000
1776248836.992,136.992,0.23,47.24,0.22,50.0,0.25,78.33,0.26,15.0,0.67,206.0,0.66,75.5,0.68,45.91,0.69,130.5,0.02,0.01,2324.874295,1776244517000
1776248837.25,137.25,0.22,49.77,0.21,60.5,0.23,91.0,0.24,31.0,0.77,15.0,0.76,15.0,0.78,49.9,0.79,110.5,0.01,0.01,2324.874295,1776244517000
1776248837.493,137.493,0.21,46.71,0.2,50.0,0.23,91.0,0.24,31.0,0.77,91.0,0.76,31.0,0.78,49.77,0.79,60.5,0.02,0.01,2324.874295,1776244517000
1776248838.082,138.082,0.21,66.71,0.2,55.05,0.22,12.18,0.23,26.56,0.77,81.56,0.76,31.0,0.78,0.24,0.79,46.71,0.01,0.01,2324.874295,1776244517000
1776248839.774,139.774,0.24,104.0,0.23,44.5,0.25,43.33,0.26,10.0,0.78,12.18,0.77,26.56,0.79,66.71,0.8,55.05,0.01,0.01,2324.874295,1776244517000
1776248840.503,140.503,0.24,107.42,0.23,84.5,0.25,10.33,0.26,10.0,0.75,30.33,0.74,10.0,0.76,94.5,0.77,94.5,0.01,0.01,2324.874295,1776244517000
1776248841.774,141.774,0.24,102.42,0.23,84.5,0.25,3.02,0.26,10.0,0.75,7.42,0.74,10.0,0.76,107.42,0.77,84.5,0.01,0.01,2324.874295,1776244517000
1776248845.779,145.779,0.26,8.0,0.25,60.0,0.27,80.5,0.28,80.5,0.75,3.02,0.74,10.0,0.76,102.42,0.77,84.5,0.01,0.01,2324.874295,1776244517000
1776248846.991,146.991,0.26,41.64,0.25,60.0,0.27,70.0,0.28,80.5,0.73,80.5,0.72,80.5,0.74,8.0,0.75,60.0,0.01,0.01,2324.874295,1776244517000
1776248847.266,147.266,0.26,40.28,0.25,60.0,0.27,66.29,0.28,75.5,0.73,70.0,0.72,75.5,0.74,40.28,0.75,60.0,0.01,0.01,2324.874295,1776244517000
1776248848.455,148.455,0.26,40.18,0.25,60.0,0.27,66.29,0.28,75.5,0.73,66.29,0.72,75.5,0.74,40.28,0.75,60.0,0.01,0.01,2324.874295,1776244517000
1776248849.881,149.881,0.25,15.0,0.24,78.75,0.26,8.0,0.27,81.79,0.73,66.29,0.72,75.5,0.74,40.18,0.75,60.0,0.01,0.01,2324.874295,1776244517000
1776248850.799,150.799,0.25,8.33,0.24,78.75,0.26,78.0,0.27,71.79,0.74,8.0,0.73,81.79,0.75,15.0,0.76,78.75,0.01,0.01,2324.874295,1776244517000
1776248851.028,151.028,0.25,6.86,0.24,78.75,0.26,83.0,0.27,71.79,0.74,78.0,0.73,71.79,0.75,8.33,0.76,78.75,0.01,0.01,2324.874295,1776244517000
1776248851.613,151.613,0.25,101.86,0.24,78.75,0.27,66.29,0.28,88.39,0.74,83.0,0.73,71.79,0.75,6.86,0.76,78.75,0.02,0.01,2324.874295,1776244517000
1776248852.208,152.208,0.25,91.86,0.24,88.75,0.26,10.76,0.27,61.79,0.73,41.29,0.72,75.5,0.75,96.86,0.76,78.75,0.01,0.02,2324.874295,1776244517000
1776248852.521,152.521,0.25,101.86,0.24,99.25,0.26,30.72,0.28,60.5,0.74,10.76,0.73,61.79,0.75,91.86,0.76,88.75,0.01,0.01,2324.874295,1776244517000
1776248853.654,153.654,0.25,36.86,0.24,78.75,0.28,140.23,0.29,98.0,0.72,60.5,0.71,95.5,0.75,96.86,0.76,99.25,0.03,0.03,2324.874295,1776244517000
1776248853.953,153.953,0.25,40.76,0.24,78.75,0.26,30.5,0.27,30.5,0.72,140.23,0.71,98.0,0.75,36.86,0.76,78.75,0.01,0.03,2324.874295,1776244517000
1776248854.163,154.163,0.25,23.59,0.24,78.75,0.26,90.5,0.27,80.5,0.74,85.5,0.73,80.5,0.75,37.34,0.76,78.75,0.01,0.01,2324.874295,1776244517000
1776248854.725,154.725,0.24,46.75,0.23,55.0,0.25,35.0,0.26,80.5,0.74,166.04,0.73,80.5,0.75,0.08,0.76,78.75,0.01,0.01,2324.874295,1776244517000
1776248855.177,155.177,0.24,77.78,0.23,55.0,0.25,30.0,0.26,20.0,0.75,35.0,0.74,80.5,0.76,46.75,0.77,55.0,0.01,0.01,2324.874295,1776244517000
1776248855.526,155.526,0.24,80.93,0.23,50.0,0.25,30.0,0.26,70.0,0.75,30.0,0.74,20.0,0.76,77.78,0.77,55.0,0.01,0.01,2324.874295,1776244517000
1776248855.864,155.864,0.24,74.25,0.23,50.0,0.25,35.0,0.26,80.5,0.75,30.0,0.74,70.0,0.76,80.93,0.77,50.0,0.01,0.01,2324.874295,1776244517000
1776248856.261,156.261,0.24,24.86,0.23,50.0,0.25,97.14,0.26,80.5,0.75,35.0,0.74,80.5,0.76,74.25,0.77,50.0,0.01,0.01,2324.874295,1776244517000
1776248856.782,156.782,0.21,50.0,0.2,50.0,0.22,10.45,0.23,90.5,0.75,97.14,0.74,80.5,0.76,24.86,0.77,50.0,0.01,0.01,2324.874295,1776244517000
1776248857.397,157.397,0.21,48.84,0.2,50.0,0.22,20.45,0.23,94.5,0.78,10.45,0.77,90.5,0.79,50.0,0.8,50.0,0.01,0.01,2324.874295,1776244517000
1776248857.66,157.66,0.21,43.84,0.2,50.0,0.22,40.45,0.23,94.5,0.78,20.45,0.77,94.5,0.79,48.84,0.8,50.0,0.01,0.01,2324.874295,1776244517000
1776248858.147,158.147,0.21,38.77,0.2,60.05,0.22,50.9,0.23,89.5,0.78,35.9,0.77,94.5,0.79,43.84,0.8,50.0,0.01,0.01,2324.874295,1776244517000
1776248858.394,158.394,0.21,37.5,0.2,60.05,0.22,45.9,0.23,89.5,0.78,50.9,0.77,89.5,0.79,38.77,0.8,60.05,0.01,0.01,2324.874295,1776244517000
1776248858.694,158.694,0.2,55.05,0.19,50.0,0.22,116.85,0.23,89.5,0.78,45.9,0.77,89.5,0.79,37.5,0.8,60.05,0.02,0.01,2324.874295,1776244517000
1776248859.076,159.076,0.2,50.05,0.19,50.0,0.21,80.0,0.22,81.35,0.78,116.85,0.77,89.5,0.8,55.05,0.81,50.0,0.01,0.02,2324.874295,1776244517000
1776248859.663,159.663,0.2,53.8,0.19,80.81,0.21,85.0,0.22,31.35,0.79,80.0,0.78,81.35,0.8,50.05,0.81,50.0,0.01,0.01,2324.874295,1776244517000
1776248860.07,160.07,0.22,130.0,0.21,50.5,0.23,4.0,0.24,19.0,0.79,85.0,0.78,31.35,0.8,53.8,0.81,80.81,0.01,0.01,2324.874295,1776244517000
1776248860.497,160.497,0.23,130.0,0.22,110.0,0.24,0.83,0.25,20.01,0.77,4.0,0.76,19.0,0.78,130.0,0.79,50.5,0.01,0.01,2324.874295,1776244517000
1776248861.011,161.011,0.24,145.5,0.23,114.18,0.26,15.5,0.27,65.0,0.76,0.83,0.75,20.01,0.77,123.68,0.78,110.0,0.02,0.01,2324.874295,1776244517000
1776248861.307,161.307,0.25,123.0,0.24,110.0,0.27,5.07,0.28,108.7,0.74,55.0,0.73,65.0,0.75,8.0,0.76,140.5,0.02,0.01,2324.874295,1776244517000
1776248862.472,162.472,0.24,5.0,0.23,5.0,0.26,202.45,0.27,75.57,0.73,5.07,0.72,108.7,0.75,123.0,0.76,110.0,0.02,0.02,2324.874295,1776244517000
1776248864.832,164.832,0.27,15.0,0.26,20.0,0.28,86.17,0.29,75.5,0.74,202.45,0.73,75.57,0.76,5.0,0.77,5.0,0.01,0.02,2324.874295,1776244517000
1776248865.213,165.213,0.25,16.66,0.24,55.0,0.28,43.23,0.29,75.5,0.72,8.23,0.71,75.5,0.73,15.0,0.74,15.0,0.03,0.01,2324.874295,1776244517000
1776248866.03,166.03,0.21,60.0,0.2,69.25,0.22,85.0,0.23,30.0,0.72,43.23,0.71,75.5,0.75,16.66,0.76,55.0,0.01,0.03,2324.874295,1776244517000
1776248866.692,166.692,0.21,62.35,0.2,74.3,0.22,116.26,0.23,10.0,0.78,10.0,0.77,10.0,0.79,82.42,0.8,74.3,0.01,0.01,2324.874295,1776244517000
1776248867.135,167.135,0.18,49.9,0.17,55.0,0.19,75.0,0.2,25.5,0.78,116.26,0.77,10.0,0.79,62.35,0.8,74.3,0.01,0.01,2324.874295,1776244517000
1776248867.394,167.394,0.18,37.54,0.17,55.0,0.19,138.0,0.2,37.5,0.81,75.0,0.8,25.5,0.82,38.76,0.83,55.0,0.01,0.01,2324.874295,1776244517000
1776248867.913,167.913,0.18,43.15,0.17,55.0,0.19,137.57,0.2,87.5,0.81,138.0,0.8,37.5,0.82,37.54,0.83,55.0,0.01,0.01,2324.874295,1776244517000
1776248868.141,168.141,0.15,23.0,0.12,70.09,0.16,95.0,0.17,155.5,0.81,142.64,0.8,87.5,0.84,55.0,0.85,78.0,0.01,0.03,2324.874295,1776244517000
1776248868.342,168.342,0.11,6.4,0.1,10.0,0.16,171.0,0.17,208.5,0.84,182.0,0.83,190.5,0.85,1.43,0.88,5.09,0.05,0.01,2324.874295,1776244517000
1776248868.627,168.627,0.11,18.7,0.1,11.4,0.12,125.5,0.13,105.0,0.88,20.5,0.87,5.0,0.9,11.4,0.91,15.0,0.01,0.02,2324.874295,1776244517000
1776248869.526,169.526,0.11,2.49,0.1,11.4,0.12,242.33,0.13,205.5,0.88,125.5,0.87,195.0,0.89,2.49,0.9,11.4,0.01,0.01,2324.874295,1776244517000
1776248871.405,171.405,0.11,1.87,0.1,11.4,0.12,183.52,0.13,100.5,0.88,152.52,0.87,105.5,0.89,2.49,0.9,11.4,0.01,0.01,2324.874295,1776244517000
1776248872.014,172.014,0.1,4.68,0.09,120.55,0.11,112.0,0.12,111.5,0.88,136.5,0.87,105.5,0.9,9.91,0.91,120.55,0.01,0.02,2324.874295,1776244517000
1776248872.687,172.687,0.1,16.75,0.09,65.0,0.11,62.0,0.12,116.5,0.89,112.0,0.88,111.5,0.9,4.68,0.91,120.55,0.01,0.01,2324.874295,1776244517000
1776248872.953,172.953,0.1,112.35,0.09,99.0,0.12,6.0,0.13,5.0,0.89,47.9,0.88,16.0,0.9,87.35,0.91,65.0,0.02,0.01,2324.874295,1776244517000
1776248873.541,173.541,0.13,13.93,0.11,85.88,0.14,75.5,0.15,80.5,0.86,75.5,0.85,105.5,0.88,5.0,0.89,95.88,0.01,0.02,2324.874295,1776244517000
1776248874.697,174.697,0.14,6.0,0.13,78.93,0.15,25.5,0.16,73.0,0.86,75.5,0.85,80.5,0.87,13.93,0.89,85.88,0.01,0.01,2324.874295,1776244517000
1776248875.385,175.385,0.14,10.94,0.11,135.88,0.15,124.5,0.16,73.0,0.85,25.5,0.84,73.0,0.86,6.0,0.87,78.93,0.01,0.01,2324.874295,1776244517000
1776248875.678,175.678,0.11,41.0,0.1,60.0,0.13,12.13,0.15,177.5,0.85,129.5,0.84,73.0,0.86,9.77,0.89,135.88,0.02,0.01,2324.874295,1776244517000
1776248876.195,176.195,0.12,93.41,0.11,141.0,0.13,8.66,0.14,50.5,0.87,12.13,0.85,177.5,0.89,41.0,0.9,60.0,0.01,0.02,2324.874295,1776244517000
1776248876.701,176.701,0.12,88.41,0.11,141.0,0.13,0.19,0.14,50.5,0.87,8.66,0.86,50.5,0.88,93.41,0.89,141.0,0.01,0.01,2324.874295,1776244517000
1776248877.336,177.336,0.13,57.76,0.12,67.41,0.14,44.9,0.15,58.7,0.87,0.19,0.86,50.5,0.88,77.41,0.89,141.0,0.01,0.01,2324.874295,1776244517000
1776248878.304,178.304,0.11,1.0,0.1,15.0,0.12,212.5,0.13,137.3,0.86,44.9,0.85,58.7,0.87,57.76,0.88,67.41,0.01,0.01,2324.874295,1776244517000
1776248879.613,179.613,0.09,12.38,0.08,115.0,0.1,124.5,0.11,135.29,0.88,212.5,0.87,137.3,0.89,1.0,0.9,15.0,0.01,0.01,2324.874295,1776244517000
1776248880.288,180.288,0.08,104.37,0.07,193.0,0.1,162.8,0.11,141.29,0.9,122.8,0.89,135.29,0.91,12.38,0.92,115.0,0.02,0.01,2324.874295,1776244517000
1776248881.275,181.275,0.07,163.04,0.06,337.0,0.09,203.5,0.1,141.8,0.9,162.8,0.89,141.29,0.92,104.37,0.93,193.0,0.02,0.02,2324.874295,1776244517000
1776248881.607,181.607,0.08,10.0,0.07,177.46,0.09,148.5,0.1,141.8,0.91,203.5,0.9,141.8,0.93,163.04,0.94,337.0,0.01,0.02,2324.874295,1776244517000
1776248882.003,182.003,0.07,173.54,0.06,339.0,0.09,88.0,0.1,151.8,0.91,148.5,0.9,141.8,0.92,10.0,0.93,177.46,0.02,0.01,2324.874295,1776244517000
1776248883.281,183.281,0.07,78.54,0.06,215.0,0.08,101.4,0.09,92.5,0.91,88.0,0.9,151.8,0.92,43.66,0.93,173.54,0.01,0.01,2324.874295,1776244517000
1776248884.212,184.212,0.07,23.54,0.06,215.0,0.08,93.9,0.09,142.5,0.92,101.4,0.91,92.5,0.93,78.54,0.94,215.0,0.01,0.01,2324.874295,1776244517000
1776248884.678,184.678,0.07,3.74,0.06,215.0,0.08,88.9,0.09,152.5,0.92,93.9,0.91,142.5,0.93,23.54,0.94,215.0,0.01,0.01,2324.874295,1776244517000
1776248885.033,185.033,0.07,25.68,0.06,215.0,0.08,88.9,0.09,152.5,0.92,88.9,0.91,152.5,0.93,3.74,0.94,215.0,0.01,0.01,2324.874295,1776244517000
1776248889.788,189.788,0.08,29.0,0.07,152.42,0.09,44.0,0.1,40.0,0.92,88.9,0.91,152.5,0.93,25.68,0.94,215.0,0.01,0.01,2324.874295,1776244517000
1776248890.306,190.306,0.1,35.0,0.09,46.0,0.12,52.73,0.13,107.3,0.89,20.87,0.88,54.6,0.9,10.0,0.91,10.0,0.02,0.01,2324.874295,1776244517000
1776248890.787,190.787,0.11,15.0,0.1,65.0,0.12,33.59,0.13,107.3,0.88,51.93,0.87,107.3,0.89,15.0,0.9,15.0,0.01,0.01,2324.874295,1776244517000
1776248891.087,191.087,0.11,15.0,0.1,65.0,0.12,70.33,0.13,107.3,0.88,33.59,0.87,107.3,0.89,15.0,0.9,65.0,0.01,0.01,2324.874295,1776244517000
1776248891.618,191.618,0.11,96.0,0.1,165.0,0.12,70.33,0.13,112.3,0.88,70.33,0.87,107.3,0.89,15.0,0.9,65.0,0.01,0.01,2324.874295,1776244517000
1776248891.905,191.905,0.1,70.0,0.09,121.0,0.12,16.97,0.13,112.3,0.88,70.33,0.87,112.3,0.89,96.0,0.9,165.0,0.02,0.01,2324.874295,1776244517000
1776248892.706,192.706,0.09,106.0,0.08,193.0,0.11,101.36,0.12,101.07,0.89,63.0,0.88,16.97,0.9,65.0,0.91,121.0,0.02,0.01,2324.874295,1776244517000
1776248893.208,193.208,0.09,98.0,0.08,193.0,0.1,85.04,0.11,27.6,0.89,101.36,0.88,101.07,0.91,106.0,0.92,193.0,0.01,0.02,2324.874295,1776244517000
1776248894.091,194.091,0.09,98.83,0.08,193.0,0.1,82.04,0.11,27.6,0.9,85.04,0.89,27.6,0.91,93.83,0.92,193.0,0.01,0.01,2324.874295,1776244517000
1776248894.334,194.334,0.09,94.83,0.08,193.0,0.1,77.04,0.11,38.9,0.9,82.04,0.89,27.6,0.91,98.83,0.92,193.0,0.01,0.01,2324.874295,1776244517000
1776248894.755,194.755,0.09,88.13,0.08,193.0,0.1,77.04,0.11,38.9,0.9,77.04,0.89,38.9,0.91,94.83,0.92,193.0,0.01,0.01,2324.874295,1776244517000
1776248895.261,195.261,0.09,83.8,0.08,183.0,0.1,82.05,0.11,28.9,0.9,77.04,0.89,38.9,0.91,90.93,0.92,164.0,0.01,0.01,2324.874295,1776244517000
1776248895.513,195.513,0.1,10.13,0.09,166.8,0.11,28.9,0.13,70.5,0.9,82.05,0.89,28.9,0.91,83.8,0.92,183.0,0.01,0.01,2324.874295,1776244517000
1776248895.803,195.803,0.12,1.38,0.11,87.1,0.13,75.5,0.14,75.5,0.87,70.5,0.86,75.5,0.89,21.1,0.9,55.63,0.01,0.02,2324.874295,1776244517000
1776248896.294,196.294,0.11,87.1,0.1,141.13,0.12,10.0,0.13,211.4,0.88,10.0,0.87,211.4,0.89,90.97,0.9,141.13,0.01,0.01,2324.874295,1776244517000
1776248896.805,196.805,0.11,64.86,0.1,141.13,0.12,10.0,0.13,211.4,0.88,10.0,0.87,211.4,0.89,70.86,0.9,141.13,0.01,0.01,2324.874295,1776244517000
1776248898.615,198.615,0.15,70.0,0.14,75.5,0.17,17.02,0.18,87.5,0.88,10.0,0.87,211.4,0.89,52.73,0.9,141.13,0.02,0.01,2324.874295,1776244517000
1776248899.004,199.004,0.15,15.0,0.14,75.5,0.16,106.36,0.17,17.02,0.84,5.0,0.83,17.02,0.85,63.18,0.86,75.5,0.01,0.01,2324.874295,1776244517000
1776248900.185,200.185,0.14,3.62,0.13,97.5,0.15,10.0,0.16,171.86,0.84,106.36,0.83,17.02,0.85,15.0,0.86,75.5,0.01,0.01,2324.874295,1776244517000
1776248901.3,201.3,0.11,19.86,0.1,155.13,0.12,156.0,0.13,90.5,0.85,10.0,0.84,171.86,0.86,3.62,0.87,97.5,0.01,0.01,2324.874295,1776244517000
1776248901.556,201.556,0.11,18.73,0.1,155.13,0.12,161.0,0.13,90.5,0.88,156.0,0.87,90.5,0.89,19.86,0.9,155.13,0.01,0.01,2324.874295,1776244517000
1776248902.216,202.216,0.11,18.73,0.1,155.13,0.12,121.66,0.13,90.5,0.88,119.5,0.87,90.5,0.89,18.73,0.9,155.13,0.01,0.01,2324.874295,1776244517000
1776248902.515,202.515,0.11,13.73,0.1,140.0,0.12,76.66,0.13,90.5,0.88,121.66,0.87,90.5,0.89,18.73,0.9,155.13,0.01,0.01,2324.874295,1776244517000
1776248903.999,203.999,0.1,78.57,0.09,57.0,0.11,178.77,0.12,75.5,0.89,12.27,0.88,75.5,0.9,140.0,0.91,117.0,0.01,0.01,2324.874295,1776244517000
1776248904.36,204.36,0.09,68.22,0.08,49.0,0.11,178.77,0.12,85.5,0.89,178.77,0.88,75.5,0.9,77.34,0.91,57.0,0.02,0.01,2324.874295,1776244517000
1776248904.767,204.767,0.08,69.0,0.07,101.0,0.09,8.88,0.1,125.5,0.89,178.77,0.88,85.5,0.91,68.22,0.92,49.0,0.01,0.02,2324.874295,1776244517000
1776248905.203,205.203,0.08,52.62,0.07,101.0,0.09,37.72,0.1,150.5,0.91,8.88,0.9,125.5,0.92,69.0,0.93,101.0,0.01,0.01,2324.874295,1776244517000
1776248905.545,205.545,0.07,51.37,0.06,148.33,0.08,170.0,0.09,219.22,0.91,37.72,0.9,150.5,0.92,52.62,0.93,101.0,0.01,0.01,2324.874295,1776244517000
1776248906.088,206.088,0.06,143.33,0.05,30.0,0.08,217.0,0.09,244.22,0.92,167.5,0.91,234.22,0.93,60.79,0.94,148.33,0.02,0.01,2324.874295,1776244517000
1776248906.603,206.603,0.06,152.16,0.05,30.0,0.07,165.71,0.08,241.0,0.92,266.0,0.91,244.22,0.94,135.33,0.95,30.0,0.01,0.02,2324.874295,1776244517000
1776248907.017,207.017,0.06,142.16,0.05,30.0,0.07,190.0,0.08,241.0,0.93,165.71,0.92,241.0,0.94,152.16,0.95,30.0,0.01,0.01,2324.874295,1776244517000
1776248907.235,207.235,0.06,141.09,0.05,30.0,0.07,195.0,0.08,266.0,0.93,190.0,0.92,241.0,0.94,142.16,0.95,30.0,0.01,0.01,2324.874295,1776244517000
1776248907.553,207.553,0.06,140.09,0.05,80.0,0.07,155.71,0.08,265.9,0.93,195.0,0.92,314.9,0.94,135.09,0.95,30.0,0.01,0.01,2324.874295,1776244517000
1776248908.389,208.389,0.06,366.09,0.05,113.0,0.07,61.0,0.08,100.0,0.93,155.71,0.92,265.9,0.94,140.09,0.95,80.0,0.01,0.01,2324.874295,1776244517000
1776248909.614,209.614,0.06,118.26,0.05,292.0,0.07,71.78,0.08,87.5,0.93,23.0,0.92,100.0,0.94,366.09,0.95,113.0,0.01,0.01,2324.874295,1776244517000
1776248909.908,209.908,0.06,102.19,0.05,187.0,0.07,131.78,0.08,146.4,0.93,136.78,0.92,136.4,0.94,107.19,0.95,187.0,0.01,0.01,2324.874295,1776244517000
1776248910.238,210.238,0.06,112.95,0.05,287.0,0.07,141.78,0.08,151.4,0.93,131.78,0.92,146.4,0.94,101.12,0.95,187.0,0.01,0.01,2324.874295,1776244517000
1776248910.86,210.86,0.06,62.13,0.05,287.0,0.07,145.8,0.08,141.4,0.93,141.78,0.92,151.4,0.94,112.95,0.95,287.0,0.01,0.01,2324.874295,1776244517000
1776248911.099,211.099,0.06,45.3,0.05,287.0,0.07,267.88,0.08,141.4,0.93,275.88,0.92,141.4,0.94,45.3,0.95,287.0,0.01,0.01,2324.874295,1776244517000
1776248913.498,213.498,0.06,41.08,0.05,25.0,0.07,371.38,0.08,166.4,0.93,267.88,0.92,141.4,0.94,45.3,0.95,287.0,0.01,0.01,2324.874295,1776244517000
1776248913.814,213.814,0.06,35.76,0.05,25.0,0.07,376.38,0.08,166.4,0.93,371.38,0.92,166.4,0.94,41.08,0.95,25.0,0.01,0.01,2324.874295,1776244517000
1776248914.163,214.163,0.06,2.12,0.05,25.0,0.07,376.38,0.08,166.4,0.93,376.38,0.92,166.4,0.94,17.05,0.95,25.0,0.01,0.01,2324.874295,1776244517000
1776248914.645,214.645,0.05,25.0,0.04,25.0,0.06,27.88,0.07,333.38,0.93,376.38,0.92,166.4,0.94,2.12,0.95,25.0,0.01,0.01,2324.874295,1776244517000
1776248915.556,215.556,0.04,25.0,0.03,381.0,0.06,258.45,0.07,169.72,0.94,27.88,0.93,333.38,0.95,25.0,0.96,25.0,0.02,0.01,2324.874295,1776244517000
1776248916.48,216.48,0.04,252.38,0.03,227.0,0.05,80.8,0.06,139.3,0.94,258.45,0.93,169.72,0.96,25.0,0.97,381.0,0.01,0.02,2324.874295,1776244517000
1776248917.124,217.124,0.04,241.26,0.03,221.0,0.05,141.69,0.06,139.3,0.95,60.8,0.94,139.3,0.96,257.38,0.97,227.0,0.01,0.01,2324.874295,1776244517000
1776248917.839,217.839,0.04,6.26,0.03,403.0,0.05,86.3,0.06,149.3,0.95,141.69,0.94,139.3,0.96,241.26,0.97,221.0,0.01,0.01,2324.874295,1776244517000
1776248918.494,218.494,0.03,395.65,0.02,1321.0,0.05,86.3,0.06,149.3,0.95,81.3,0.94,149.3,0.96,3.0,0.97,403.0,0.02,0.01,2324.874295,1776244517000
1776248918.978,218.978,0.02,1229.06,0.01,8076.32,0.05,86.3,0.06,154.3,0.95,86.3,0.94,149.3,0.97,395.65,0.98,1321.0,0.03,0.02,2324.874295,1776244517000
1776248919.419,219.419,0.02,1129.06,0.01,7976.32,0.03,20.0,0.04,208.98,0.95,86.3,0.94,154.3,0.98,1229.06,0.99,8076.32,0.01,0.03,2324.874295,1776244517000
1776248920.237,220.237,0.03,50.0,0.02,612.76,0.05,171.08,0.06,272.3,0.97,20.0,0.96,208.98,0.98,1129.06,0.99,7976.32,0.02,0.01,2324.874295,1776244517000
1776248921.068,221.068,0.03,40.35,0.02,612.76,0.04,20.0,0.05,176.08,0.95,176.08,0.94,272.3,0.97,10.0,0.98,612.76,0.01,0.02,2324.874295,1776244517000
1776248921.377,221.377,0.03,9.57,0.02,429.06,0.04,20.0,0.05,176.08,0.96,20.0,0.95,176.08,0.97,41.22,0.98,429.06,0.01,0.01,2324.874295,1776244517000
1776248922.626,222.626,0.02,634.06,0.01,7864.32,0.03,2.95,0.04,218.7,0.96,20.0,0.95,176.08,0.97,9.57,0.98,429.06,0.01,0.01,2324.874295,1776244517000
1776248922.945,222.945,0.02,1260.06,0.01,7864.32,0.04,218.7,0.05,186.58,0.97,2.95,0.96,218.7,0.98,634.06,0.99,7864.32,0.02,0.01,2324.874295,1776244517000
1776248923.28,223.28,0.02,1230.06,0.01,7864.32,0.03,434.31,0.04,218.7,0.96,218.7,0.95,186.58,0.98,1260.06,0.99,7864.32,0.01,0.02,2324.874295,1776244517000
1776248923.652,223.652,0.02,329.03,0.01,7864.32,0.03,439.31,0.04,103.7,0.97,434.31,0.96,218.7,0.98,1230.06,0.99,7864.32,0.01,0.01,2324.874295,1776244517000
1776248925.105,225.105,0.02,652.73,0.01,7889.32,0.03,428.65,0.04,10.0,0.97,439.31,0.96,103.7,0.98,329.03,0.99,7864.32,0.01,0.01,2324.874295,1776244517000
1776248925.578,225.578,0.02,627.73,0.01,7889.32,0.03,423.65,0.04,5.0,0.97,428.65,0.96,10.0,0.98,652.73,0.99,7889.32,0.01,0.01,2324.874295,1776244517000
1776248925.872,225.872,0.02,675.32,0.01,8076.32,0.03,378.65,0.04,10.0,0.97,423.65,0.96,5.0,0.98,572.32,0.99,7889.32,0.01,0.01,2324.874295,1776244517000
1776248926.092,226.092,0.02,844.7,0.01,8076.32,0.03,68.65,0.04,10.0,0.97,73.65,0.96,10.0,0.98,670.11,0.99,8076.32,0.01,0.01,2324.874295,1776244517000
1776248927.777,227.777,0.03,331.35,0.02,649.7,0.04,10.0,0.05,20.0,0.97,68.65,0.96,10.0,0.98,844.7,0.99,8076.32,0.01,0.01,2324.874295,1776244517000
1776248931.703,231.703,0.02,25.77,0.01,2622.32,0.03,180.0,0.04,311.2,0.96,10.0,0.95,20.0,0.97,331.35,0.98,649.7,0.01,0.01,2324.874295,1776244517000
1776248932.2,232.2,0.02,13.51,0.01,2622.32,0.03,105.0,0.04,274.2,0.97,185.0,0.96,311.2,0.98,23.72,0.99,2622.32,0.01,0.01,2324.874295,1776244517000
1776248932.885,232.885,0.02,218.51,0.01,2623.32,0.03,102.63,0.04,279.2,0.97,105.0,0.96,274.2,0.98,13.51,0.99,2622.32,0.01,0.01,2324.874295,1776244517000
1776248935.831,235.831,0.01,2626.3,,,0.02,150.0,0.03,97.63,0.97,102.63,0.96,279.2,0.98,162.51,0.99,2623.32,0.01,0.01,2324.874295,1776244517000
1776248937.141,237.141,0.02,186.14,0.01,2626.3,0.03,97.63,0.04,279.2,0.98,150.0,0.97,97.63,0.99,2626.3,,,0.01,0.01,2324.874295,1776244517000
1776248940.663,240.663,0.02,178.46,0.01,2463.3,0.03,80.0,0.04,191.7,0.97,97.63,0.96,279.2,0.98,186.14,0.99,2626.3,0.01,0.01,2324.874295,1776244517000
1776248940.917,240.917,0.02,177.4,0.01,2463.3,0.03,80.0,0.04,191.7,0.97,80.0,0.96,191.7,0.98,178.46,0.99,2463.3,0.01,0.01,2324.874295,1776244517000
1776248941.292,241.292,0.02,175.35,0.01,2463.3,0.03,70.0,0.04,191.7,0.97,80.0,0.96,191.7,0.98,177.4,0.99,2463.3,0.01,0.01,2324.874295,1776244517000
1776248941.75,241.75,0.02,314.59,0.01,2564.3,0.03,10.0,0.04,113.7,0.97,20.0,0.96,191.7,0.98,279.59,0.99,2463.3,0.01,0.01,2324.874295,1776244517000
1776248942.737,242.737,0.02,507.59,0.01,3005.31,0.04,15.0,0.05,140.8,0.97,10.0,0.96,113.7,0.98,309.59,0.99,2564.3,0.02,0.01,2324.874295,1776244517000
1776248943.645,243.645,0.02,280.59,0.01,2705.3,0.03,10.0,0.04,113.7,0.96,15.0,0.95,140.8,0.98,507.59,0.99,3005.31,0.01,0.02,2324.874295,1776244517000
1776248944.088,244.088,0.02,225.5,0.01,2373.3,0.03,188.7,0.04,181.7,0.97,10.0,0.96,113.7,0.98,280.59,0.99,2705.3,0.01,0.01,2324.874295,1776244517000
1776248944.499,244.499,0.02,99.5,0.01,2327.3,0.03,223.7,0.04,181.7,0.97,208.7,0.96,181.7,0.98,200.5,0.99,2390.3,0.01,0.01,2324.874295,1776244517000
1776248945.329,245.329,0.01,2285.24,,,0.02,5.0,0.03,198.7,0.97,223.7,0.96,181.7,0.98,99.5,0.99,2327.3,0.01,0.01,2324.874295,1776244517000
1776248946.18,246.18,0.01,2222.24,,,0.02,5.0,0.03,198.7,0.98,5.0,0.97,198.7,0.99,2285.24,,,0.01,0.01,2324.874295,1776244517000
1776248946.822,246.822,0.01,2166.51,,,0.02,5.0,0.03,198.7,0.98,5.0,0.97,198.7,0.99,2222.24,,,0.01,0.01,2324.874295,1776244517000
1776248947.522,247.522,0.01,2020.51,,,0.02,5.0,0.03,198.7,0.98,5.0,0.97,198.7,0.99,2166.51,,,0.01,0.01,2324.874295,1776244517000
1776248948.986,248.986,0.01,2123.51,,,0.03,163.7,0.04,176.7,0.97,198.7,0.96,181.7,0.98,94.5,0.99,2020.51,0.02,0.01,2324.874295,1776244517000
1776248949.705,249.705,0.01,2369.31,,,0.02,39.28,0.03,163.7,0.97,163.7,0.96,176.7,0.99,2123.51,,,0.01,0.02,2324.874295,1776244517000
1776248952.621,252.621,0.01,1532.7,,,0.02,178.8,0.03,188.7,0.98,39.28,0.97,163.7,0.99,2369.31,,,0.01,0.01,2324.874295,1776244517000
1776248952.91,252.91,0.01,1521.7,,,0.02,176.51,0.03,188.7,0.98,176.51,0.97,188.7,0.99,1527.7,,,0.01,0.01,2324.874295,1776244517000
1776248956.838,256.838,0.01,1515.26,,,0.02,176.61,0.03,187.7,0.98,176.51,0.97,188.7,0.99,1518.26,,,0.01,0.01,2324.874295,1776244517000
1776248957.557,257.557,0.01,1312.89,,,0.02,176.61,0.03,187.7,0.98,176.61,0.97,187.7,0.99,1515.26,,,0.01,0.01,2324.874295,1776244517000
1776248957.8,257.8,0.01,1302.89,,,0.02,176.61,0.03,187.7,0.98,176.61,0.97,187.7,0.99,1312.89,,,0.01,0.01,2324.874295,1776244517000
1776248958.008,258.008,,,,,0.01,10234.81,0.02,176.61,0.98,176.61,0.97,187.7,0.99,1302.89,,,,0.01,2324.874295,1776244517000
1776248958.514,258.514,,,,,0.01,10234.81,0.02,176.61,0.99,10234.81,0.98,176.61,,,,,,,2324.874295,1776244517000
1776248958.959,258.959,,,,,0.01,9698.02,0.02,176.61,0.99,10234.81,0.98,176.61,,,,,,,2324.874295,1776244517000
1776248959.548,259.548,,,,,0.01,9743.57,0.02,176.61,0.99,9748.57,0.98,176.61,,,,,,,2324.874295,1776244517000
1776248966.481,266.481,,,,,0.01,9713.57,0.03,187.7,0.99,9723.57,0.98,176.61,,,,,,,2324.874295,1776244517000
1776248966.688,266.688,,,,,0.01,9688.19,0.03,187.7,0.99,9693.57,0.97,187.7,,,,,,,2324.874295,1776244517000
1776248967.847,267.847,,,,,0.01,9686.01,0.02,183.7,0.99,9688.19,0.97,187.7,,,,,,,2324.874295,1776244517000
1776248968.738,268.738,,,,,0.01,9666.01,0.03,187.7,0.99,9686.01,0.98,183.7,,,,,,,2324.874295,1776244517000
1776248977.779,277.779,,,,,0.01,9671.01,0.03,34.0,0.99,9666.01,0.97,187.7,,,,,,,2324.874295,1776244517000
1776248978.088,278.088,,,,,0.01,9701.01,0.03,34.0,0.99,9671.01,0.97,34.0,,,,,,,2324.874295,1776244517000
1776248985.417,285.417,,,,,0.01,9771.27,0.03,34.0,0.99,9701.01,0.97,34.0,,,,,,,2324.874295,1776244517000
1776248987.689,287.689,,,,,0.01,9656.12,0.03,34.0,0.99,9771.27,0.97,34.0,,,,,,,2324.874295,1776244517000
