timestamp,elapsed_sec,up_bid_p1,up_bid_s1,up_bid_p2,up_bid_s2,up_ask_p1,up_ask_s1,up_ask_p2,up_ask_s2,down_bid_p1,down_bid_s1,down_bid_p2,down_bid_s2,down_ask_p1,down_ask_s1,down_ask_p2,down_ask_s2,up_spread,down_spread,eth_price,eth_oracle_ts
1776199801.291,1.291,,,,,,,,,,,,,,,,,,,2316.71543,1776199800000
1776199801.86,1.86,0.49,18.0,0.48,17.0,0.51,25.0,0.52,23.07,0.5,5.0,0.49,5.0,0.52,17.0,0.54,5.0,0.02,0.02,2316.71543,1776199800000
1776199802.365,2.365,0.49,18.0,0.48,17.0,0.51,25.0,0.52,23.07,0.49,25.0,0.48,23.07,0.51,18.0,0.52,17.0,0.02,0.02,2316.665985,1776199801000
1776199802.938,2.938,0.49,20.23,0.48,17.0,0.5,5.0,0.51,20.0,0.5,5.0,0.49,20.0,0.51,20.23,0.52,17.0,0.01,0.01,2316.582865,1776199802000
1776199803.72,3.72,0.49,12.07,0.48,32.0,0.5,10.0,0.51,35.0,0.5,5.0,0.49,20.0,0.51,20.23,0.52,17.0,0.01,0.01,2316.582865,1776199802000
1776199804.032,4.032,0.48,28.0,0.47,13.0,0.5,20.0,0.51,35.0,0.5,10.0,0.49,35.0,0.51,12.07,0.52,32.0,0.02,0.01,2316.582865,1776199802000
1776199804.262,4.262,0.48,29.14,0.47,13.0,0.49,17.83,0.5,20.0,0.51,20.0,0.5,20.0,0.52,29.14,0.53,13.0,0.01,0.01,2316.557029,1776199803000
1776199804.59,4.59,0.48,47.67,0.47,13.0,0.49,17.83,0.5,20.0,0.51,17.83,0.5,20.0,0.52,29.14,0.53,13.0,0.01,0.01,2316.557029,1776199803000
1776199805.262,5.262,0.48,54.59,0.47,13.0,0.49,17.83,0.5,20.0,0.51,17.83,0.5,20.0,0.52,47.67,0.53,13.0,0.01,0.01,2316.557029,1776199803000
1776199805.491,5.491,0.48,49.59,0.47,13.0,0.49,14.83,0.5,20.0,0.51,17.83,0.5,20.0,0.52,54.59,0.53,13.0,0.01,0.01,2316.557029,1776199803000
1776199805.824,5.824,0.48,49.59,0.47,13.0,0.49,14.83,0.5,20.0,0.51,14.83,0.5,20.0,0.52,49.59,0.53,13.0,0.01,0.01,2316.554794,1776199804000
1776199806.082,6.082,0.48,44.59,0.47,13.0,0.49,14.83,0.5,20.0,0.51,14.83,0.5,20.0,0.52,49.59,0.53,13.0,0.01,0.01,2316.554794,1776199804000
1776199806.321,6.321,0.48,47.66,0.47,13.0,0.49,6.83,0.5,20.0,0.51,6.83,0.5,20.0,0.52,47.66,0.53,13.0,0.01,0.01,2316.554891,1776199805000
1776199806.73,6.73,0.48,30.66,0.47,13.0,0.49,15.0,0.5,20.0,0.51,15.0,0.5,20.0,0.52,40.66,0.53,13.0,0.01,0.01,2316.554891,1776199805000
1776199807.263,7.263,0.48,30.66,0.47,13.0,0.49,15.0,0.5,20.0,0.51,15.0,0.5,20.0,0.52,30.66,0.53,13.0,0.01,0.01,2316.555357,1776199806000
1776199808.316,8.316,0.48,30.66,0.47,13.0,0.49,15.0,0.5,20.0,0.51,15.0,0.5,20.0,0.52,30.66,0.53,13.0,0.01,0.01,2316.56085,1776199807000
1776199808.533,8.533,0.48,24.42,0.47,44.0,0.49,49.41,0.5,20.0,0.51,15.0,0.5,20.0,0.52,30.66,0.53,13.0,0.01,0.01,2316.56085,1776199807000
1776199809.273,9.273,0.48,24.42,0.47,44.0,0.49,49.41,0.5,20.0,0.51,49.41,0.5,20.0,0.52,24.42,0.53,44.0,0.01,0.01,2316.561216,1776199808000
1776199809.703,9.703,0.48,20.5,0.47,44.0,0.49,64.41,0.5,35.5,0.51,49.41,0.5,20.0,0.52,24.42,0.53,44.0,0.01,0.01,2316.561216,1776199808000
1776199809.962,9.962,0.48,14.5,0.47,44.0,0.49,59.41,0.5,35.5,0.51,64.41,0.5,35.5,0.52,20.5,0.53,44.0,0.01,0.01,2316.561216,1776199808000
1776199810.297,10.297,0.48,14.5,0.47,44.0,0.49,59.41,0.5,35.5,0.51,59.41,0.5,35.5,0.52,14.5,0.53,44.0,0.01,0.01,2316.564927,1776199809000
1776199811.245,11.245,0.48,14.5,0.47,44.0,0.49,59.41,0.5,35.5,0.51,59.41,0.5,35.5,0.52,14.5,0.53,44.0,0.01,0.01,2316.563572,1776199810000
1776199812.284,12.284,0.48,14.5,0.47,44.0,0.49,59.41,0.5,35.5,0.51,59.41,0.5,35.5,0.52,14.5,0.53,44.0,0.01,0.01,2316.564807,1776199811000
1776199813.336,13.336,0.48,14.5,0.47,44.0,0.49,59.41,0.5,35.5,0.51,59.41,0.5,35.5,0.52,14.5,0.53,44.0,0.01,0.01,2316.562311,1776199812000
1776199814.311,14.311,0.48,14.5,0.47,44.0,0.49,59.41,0.5,35.5,0.51,59.41,0.5,35.5,0.52,14.5,0.53,44.0,0.01,0.01,2316.561541,1776199813000
1776199814.846,14.846,0.48,14.5,0.47,44.0,0.49,59.41,0.5,35.5,0.51,59.41,0.5,35.5,0.52,14.5,0.53,44.0,0.01,0.01,2316.563673,1776199814000
1776199815.843,15.843,0.48,14.5,0.47,44.0,0.49,59.41,0.5,35.5,0.51,59.41,0.5,35.5,0.52,14.5,0.53,44.0,0.01,0.01,2316.569274,1776199815000
1776199816.092,16.092,0.48,25.08,0.47,24.0,0.49,52.36,0.5,233.5,0.51,59.41,0.5,233.5,0.52,30.08,0.53,24.0,0.01,0.01,2316.569274,1776199815000
1776199816.862,16.862,0.48,25.08,0.47,24.0,0.49,52.36,0.5,233.5,0.51,52.36,0.5,233.5,0.52,25.08,0.53,24.0,0.01,0.01,2316.57176,1776199816000
1776199817.417,17.417,0.43,98.5,0.42,105.0,0.44,1.49,0.45,70.5,0.53,26.0,0.52,118.49,0.56,12.52,0.57,93.5,0.01,0.03,2316.57176,1776199816000
1776199817.623,17.623,0.43,98.5,0.42,105.0,0.44,0.8,0.45,65.5,0.56,1.49,0.55,70.5,0.57,98.5,0.58,105.0,0.01,0.01,2316.57176,1776199816000
1776199817.844,17.844,0.43,98.5,0.42,105.0,0.44,0.8,0.45,65.5,0.56,0.8,0.55,65.5,0.57,98.5,0.58,105.0,0.01,0.01,2316.680054,1776199817000
1776199818.31,18.31,0.41,70.38,0.4,28.0,0.42,30.0,0.43,55.5,0.58,25.0,0.57,235.5,0.59,20.38,0.6,15.0,0.01,0.01,2316.680054,1776199817000
1776199818.667,18.667,0.41,36.45,0.4,28.0,0.42,35.5,0.43,55.5,0.58,30.0,0.57,55.5,0.59,44.0,0.6,28.0,0.01,0.01,2316.680054,1776199817000
1776199819.329,19.329,0.41,35.45,0.4,34.0,0.42,40.5,0.43,55.5,0.58,35.5,0.57,55.5,0.59,36.45,0.6,28.0,0.01,0.01,2316.680054,1776199817000
1776199819.536,19.536,0.41,35.45,0.4,34.0,0.42,40.5,0.43,55.5,0.58,40.5,0.57,55.5,0.59,35.45,0.6,34.0,0.01,0.01,2316.25735,1776199818000
1776199820.027,20.027,0.41,30.45,0.4,34.0,0.42,34.5,0.43,55.5,0.58,34.5,0.57,55.5,0.59,30.45,0.6,34.0,0.01,0.01,2316.187978,1776199819000
1776199820.284,20.284,0.41,5.28,0.4,34.0,0.42,34.5,0.43,50.5,0.58,34.5,0.57,55.5,0.59,30.45,0.6,34.0,0.01,0.01,2316.187978,1776199819000
1776199820.824,20.824,0.41,5.28,0.4,34.0,0.42,37.53,0.43,50.5,0.58,34.5,0.57,50.5,0.59,5.28,0.6,34.0,0.01,0.01,2316.187978,1776199819000
1776199821.131,21.131,0.41,5.28,0.4,34.0,0.42,37.53,0.43,50.5,0.58,37.53,0.57,50.5,0.59,5.28,0.6,34.0,0.01,0.01,2316.08324,1776199820000
1776199821.986,21.986,0.39,1.72,0.38,94.5,0.41,80.5,0.42,43.53,0.58,37.53,0.57,55.5,0.6,36.44,0.61,36.5,0.02,0.02,2316.08324,1776199820000
1776199822.195,22.195,0.39,1.72,0.38,94.5,0.41,80.5,0.42,43.53,0.59,80.5,0.58,43.53,0.61,1.72,0.62,94.5,0.02,0.02,2316.062146,1776199821000
1776199822.999,22.999,0.38,84.0,0.37,127.5,0.39,12.43,0.4,35.5,0.59,80.5,0.58,43.53,0.61,1.72,0.62,94.5,0.01,0.02,2316.062146,1776199821000
1776199823.223,23.223,0.38,84.0,0.37,127.5,0.39,12.43,0.4,35.5,0.61,12.43,0.6,35.5,0.62,84.0,0.63,127.5,0.01,0.01,2316.058626,1776199822000
1776199824.286,24.286,0.38,84.0,0.37,127.5,0.39,12.43,0.4,35.5,0.61,12.43,0.6,35.5,0.62,84.0,0.63,127.5,0.01,0.01,2316.013947,1776199823000
1776199824.668,24.668,0.38,79.0,0.37,117.5,0.39,308.94,0.4,35.5,0.61,12.43,0.6,35.5,0.62,84.0,0.63,127.5,0.01,0.01,2316.013947,1776199823000
1776199825.212,25.212,0.38,79.0,0.37,117.5,0.39,308.94,0.4,35.5,0.61,308.94,0.6,35.5,0.62,79.0,0.63,117.5,0.01,0.01,2315.98779,1776199824000
1776199826.355,26.355,0.38,79.0,0.37,117.5,0.39,308.94,0.4,35.5,0.61,308.94,0.6,35.5,0.62,79.0,0.63,117.5,0.01,0.01,2315.960978,1776199825000
1776199827.278,27.278,0.38,79.0,0.37,117.5,0.39,215.43,0.4,35.5,0.61,215.43,0.6,35.5,0.62,79.0,0.63,117.5,0.01,0.01,2315.963552,1776199826000
1776199828.364,28.364,0.38,79.0,0.37,117.5,0.39,215.43,0.4,35.5,0.61,215.43,0.6,35.5,0.62,79.0,0.63,117.5,0.01,0.01,2315.962568,1776199827000
1776199828.779,28.779,0.38,79.0,0.37,122.5,0.39,225.43,0.4,35.5,0.61,215.43,0.6,35.5,0.62,79.0,0.63,117.5,0.01,0.01,2315.962568,1776199827000
1776199829.287,29.287,0.38,79.0,0.37,122.5,0.39,225.43,0.4,35.5,0.61,225.43,0.6,35.5,0.62,79.0,0.63,122.5,0.01,0.01,2315.964104,1776199828000
1776199830.276,30.276,0.38,79.0,0.37,122.5,0.39,225.43,0.4,35.5,0.61,225.43,0.6,35.5,0.62,79.0,0.63,122.5,0.01,0.01,2315.971646,1776199829000
1776199831.29,31.29,0.38,77.0,0.37,114.5,0.39,275.43,0.4,35.5,0.61,275.43,0.6,35.5,0.62,77.0,0.63,114.5,0.01,0.01,2315.981762,1776199830000
1776199832.264,32.264,0.38,26.0,0.37,114.5,0.39,270.43,0.4,35.5,0.61,275.43,0.6,35.5,0.62,21.0,0.63,114.5,0.01,0.01,2315.981762,1776199830000
1776199832.864,32.864,0.38,21.0,0.37,114.5,0.39,272.86,0.4,40.5,0.61,270.43,0.6,35.5,0.62,26.0,0.63,114.5,0.01,0.01,2315.979212,1776199831000
1776199833.336,33.336,0.38,21.0,0.37,114.5,0.39,272.86,0.4,40.5,0.61,272.86,0.6,40.5,0.62,21.0,0.63,114.5,0.01,0.01,2315.979643,1776199832000
1776199833.685,33.685,0.38,26.0,0.37,109.5,0.39,11.44,0.4,40.5,0.61,272.86,0.6,40.5,0.62,21.0,0.63,114.5,0.01,0.01,2315.979643,1776199832000
1776199834.057,34.057,0.38,31.0,0.37,109.5,0.39,41.94,0.4,40.5,0.61,11.44,0.6,40.5,0.62,26.0,0.63,109.5,0.01,0.01,2315.979624,1776199833000
1776199834.318,34.318,0.38,16.0,0.37,114.5,0.39,36.94,0.4,40.5,0.61,41.94,0.6,40.5,0.62,31.0,0.63,109.5,0.01,0.01,2315.979624,1776199833000
1776199834.821,34.821,0.38,16.0,0.37,114.5,0.39,36.94,0.4,40.5,0.61,36.94,0.6,40.5,0.62,16.0,0.63,114.5,0.01,0.01,2315.961966,1776199834000
1776199835.453,35.453,0.38,21.0,0.37,114.5,0.4,31.39,0.41,46.5,0.61,36.94,0.6,40.5,0.62,16.0,0.63,114.5,0.02,0.01,2315.961966,1776199834000
1776199835.958,35.958,0.38,21.0,0.37,114.5,0.4,31.39,0.41,46.5,0.6,31.39,0.59,46.5,0.62,21.0,0.63,114.5,0.02,0.02,2316.062094,1776199835000
1776199836.897,36.897,0.38,21.0,0.37,114.5,0.4,31.39,0.41,46.5,0.6,31.39,0.59,46.5,0.62,21.0,0.63,114.5,0.02,0.02,2316.06248,1776199836000
1776199838.0,38.0,0.38,21.0,0.37,114.5,0.4,31.39,0.41,46.5,0.6,31.39,0.59,46.5,0.62,21.0,0.63,114.5,0.02,0.02,2315.940427,1776199837000
1776199838.532,38.532,0.38,35.5,0.37,114.5,0.39,45.0,0.4,25.0,0.6,31.39,0.59,46.5,0.62,21.0,0.63,114.5,0.01,0.02,2315.940427,1776199837000
1776199839.048,39.048,0.38,35.5,0.37,114.5,0.39,35.0,0.4,25.0,0.61,35.0,0.6,25.0,0.62,35.5,0.63,114.5,0.01,0.01,2315.943834,1776199838000
1776199839.376,39.376,0.38,25.5,0.37,114.5,0.39,32.43,0.4,25.0,0.61,35.0,0.6,25.0,0.62,35.5,0.63,114.5,0.01,0.01,2315.943834,1776199838000
1776199840.076,40.076,0.38,25.5,0.37,114.5,0.39,32.43,0.4,25.0,0.61,32.43,0.6,25.0,0.62,25.5,0.63,114.5,0.01,0.01,2315.953163,1776199839000
1776199841.06,41.06,0.38,25.5,0.37,114.5,0.39,32.43,0.4,25.0,0.61,32.43,0.6,25.0,0.62,25.5,0.63,114.5,0.01,0.01,2315.967548,1776199840000
1776199841.327,41.327,0.37,44.5,0.36,48.5,0.38,12.1,0.39,15.0,0.62,11.05,0.61,15.0,0.63,44.5,0.64,48.5,0.01,0.01,2315.967548,1776199840000
1776199842.05,42.05,0.37,44.5,0.36,48.5,0.38,12.1,0.39,15.0,0.62,12.1,0.61,15.0,0.63,44.5,0.64,48.5,0.01,0.01,2315.98755,1776199841000
1776199843.248,43.248,0.37,44.5,0.36,48.5,0.38,12.1,0.39,15.0,0.62,12.1,0.61,15.0,0.63,44.5,0.64,48.5,0.01,0.01,2316.050184,1776199842000
1776199843.523,43.523,0.36,39.64,0.35,15.0,0.38,17.1,0.39,15.0,0.62,12.1,0.61,15.0,0.63,44.5,0.64,48.5,0.02,0.01,2316.050184,1776199842000
1776199844.199,44.199,0.36,39.64,0.35,15.0,0.38,17.1,0.39,15.0,0.62,17.1,0.61,15.0,0.64,39.64,0.65,15.0,0.02,0.02,2316.013504,1776199843000
1776199844.869,44.869,0.36,74.64,0.35,215.0,0.37,15.0,0.38,12.1,0.62,17.1,0.61,15.0,0.64,39.64,0.65,15.0,0.01,0.02,2316.013504,1776199843000
1776199845.357,45.357,0.36,69.56,0.35,215.0,0.37,15.0,0.38,12.1,0.63,15.0,0.62,12.1,0.64,74.64,0.65,215.0,0.01,0.01,2316.013504,1776199843000
1776199845.667,45.667,0.36,62.31,0.35,215.0,0.37,15.0,0.38,12.1,0.63,15.0,0.62,12.1,0.64,69.56,0.65,215.0,0.01,0.01,2316.013504,1776199843000
1776199845.894,45.894,0.36,62.31,0.35,215.0,0.37,15.0,0.38,12.1,0.63,15.0,0.62,12.1,0.64,62.31,0.65,215.0,0.01,0.01,2315.974372,1776199844000
1776199846.462,46.462,0.36,62.31,0.35,215.0,0.37,15.0,0.38,12.1,0.63,15.0,0.62,12.1,0.64,62.31,0.65,215.0,0.01,0.01,2315.974372,1776199845000
1776199847.061,47.061,0.36,49.31,0.35,223.0,0.37,10.0,0.38,12.1,0.63,10.0,0.62,12.1,0.64,49.31,0.65,223.0,0.01,0.01,2315.917028,1776199846000
1776199848.215,48.215,0.36,49.31,0.35,223.0,0.37,10.0,0.38,12.1,0.63,10.0,0.62,12.1,0.64,49.31,0.65,223.0,0.01,0.01,2315.965631,1776199847000
1776199849.363,49.363,0.36,49.31,0.35,223.0,0.37,10.0,0.38,12.1,0.63,10.0,0.62,12.1,0.64,49.31,0.65,223.0,0.01,0.01,2315.966096,1776199848000
1776199850.033,50.033,0.36,49.31,0.35,223.0,0.37,10.0,0.38,12.1,0.63,10.0,0.62,12.1,0.64,49.31,0.65,223.0,0.01,0.01,2315.96608,1776199849000
1776199850.651,50.651,0.36,56.08,0.35,223.0,0.37,5.0,0.38,22.6,0.63,10.0,0.62,12.1,0.64,49.31,0.65,223.0,0.01,0.01,2315.96608,1776199849000
1776199851.124,51.124,0.36,56.08,0.35,223.0,0.37,5.0,0.38,22.6,0.63,5.0,0.62,22.6,0.64,56.08,0.65,223.0,0.01,0.01,2315.975644,1776199850000
1776199851.743,51.743,0.36,46.08,0.35,38.0,0.39,20.36,0.4,31.5,0.63,15.0,0.62,22.6,0.64,51.08,0.65,223.0,0.03,0.01,2315.975644,1776199850000
1776199852.055,52.055,0.33,14.0,0.32,45.0,0.36,143.5,0.37,250.5,0.61,20.36,0.6,31.5,0.64,46.08,0.65,38.0,0.03,0.03,2315.975644,1776199850000
1776199852.262,52.262,0.32,4.0,0.31,31.5,0.33,50.24,0.34,47.5,0.67,55.24,0.66,37.0,0.68,24.5,0.69,31.5,0.01,0.01,2315.975644,1776199850000
1776199852.585,52.585,0.31,33.4,0.3,36.0,0.32,47.0,0.33,30.24,0.68,10.0,0.67,67.24,0.69,19.5,0.7,31.0,0.01,0.01,2315.978404,1776199851000
1776199852.829,52.829,0.31,54.05,0.3,45.0,0.32,37.0,0.33,40.74,0.68,42.0,0.67,40.74,0.69,45.5,0.7,45.0,0.01,0.01,2315.978404,1776199851000
1776199853.132,53.132,0.31,52.05,0.3,55.5,0.32,41.0,0.33,40.74,0.68,42.0,0.67,40.74,0.69,52.05,0.7,45.0,0.01,0.01,2315.978404,1776199851000
1776199853.511,53.511,0.31,52.05,0.3,55.5,0.32,41.0,0.33,40.74,0.68,41.0,0.67,40.74,0.69,52.05,0.7,55.5,0.01,0.01,2315.979179,1776199852000
1776199854.076,54.076,0.31,52.05,0.3,55.5,0.32,41.0,0.33,40.74,0.68,41.0,0.67,40.74,0.69,52.05,0.7,55.5,0.01,0.01,2315.899143,1776199853000
1776199854.37,54.37,0.31,30.57,0.3,55.5,0.32,36.0,0.33,40.74,0.68,41.0,0.67,40.74,0.69,52.05,0.7,55.5,0.01,0.01,2315.899143,1776199853000
1776199855.004,55.004,0.31,43.32,0.3,55.5,0.32,31.0,0.33,40.74,0.68,36.0,0.67,40.74,0.69,30.57,0.7,55.5,0.01,0.01,2315.899143,1776199853000
1776199855.211,55.211,0.31,33.32,0.3,55.5,0.32,36.0,0.33,40.74,0.68,36.0,0.67,40.74,0.69,38.96,0.7,55.5,0.01,0.01,2315.899143,1776199853000
1776199855.908,55.908,0.31,28.61,0.3,55.5,0.32,56.0,0.33,40.74,0.68,36.0,0.67,40.74,0.69,33.32,0.7,55.5,0.01,0.01,2315.719007,1776199854000
1776199856.176,56.176,0.31,12.91,0.3,50.5,0.32,76.0,0.33,45.74,0.68,56.0,0.67,40.74,0.69,14.76,0.7,55.5,0.01,0.01,2315.691752,1776199855000
1776199856.838,56.838,0.31,26.27,0.3,50.5,0.32,41.0,0.33,45.74,0.68,41.0,0.67,45.74,0.69,11.38,0.7,50.5,0.01,0.01,2315.691752,1776199855000
1776199857.06,57.06,0.31,14.42,0.3,50.5,0.32,46.0,0.33,45.74,0.68,41.0,0.67,45.74,0.69,26.27,0.7,50.5,0.01,0.01,2315.691752,1776199855000
1776199857.295,57.295,0.31,14.42,0.3,50.5,0.32,46.0,0.33,45.74,0.68,46.0,0.67,45.74,0.69,14.42,0.7,50.5,0.01,0.01,2315.671775,1776199856000
1776199858.2,58.2,0.29,147.7,0.28,5.0,0.32,116.5,0.33,225.74,0.68,46.0,0.67,45.74,0.69,14.42,0.7,50.5,0.03,0.01,2315.671775,1776199856000
1776199858.531,58.531,0.29,147.7,0.28,5.0,0.32,116.5,0.33,225.74,0.68,116.5,0.67,225.74,0.71,147.7,0.72,5.0,0.03,0.03,2315.690496,1776199857000
1776199859.087,59.087,0.29,196.7,0.28,31.0,0.3,18.56,0.31,20.0,0.7,30.28,0.69,20.0,0.71,162.7,0.72,15.0,0.01,0.01,2315.690496,1776199857000
1776199859.408,59.408,0.29,201.7,0.28,31.0,0.3,7.75,0.31,25.0,0.7,14.42,0.69,25.0,0.71,201.7,0.72,31.0,0.01,0.01,2315.689161,1776199858000
1776199859.961,59.961,0.3,25.0,0.29,45.5,0.31,66.31,0.32,64.5,0.69,21.03,0.68,64.5,0.71,206.7,0.72,31.0,0.01,0.02,2315.689161,1776199858000
1776199860.383,60.383,0.3,35.42,0.29,45.5,0.31,61.31,0.32,54.0,0.69,66.31,0.68,64.5,0.7,25.0,0.71,45.5,0.01,0.01,2315.689161,1776199858000
1776199861.051,61.051,0.3,15.0,0.29,45.5,0.31,14.31,0.32,34.5,0.69,61.31,0.68,54.0,0.7,35.42,0.71,45.5,0.01,0.01,2315.641335,1776199859000
1776199861.468,61.468,0.3,15.0,0.29,45.5,0.34,33.61,0.35,111.5,0.66,33.61,0.65,111.5,0.7,15.0,0.71,45.5,0.04,0.04,2315.630779,1776199860000
1776199862.019,62.019,0.3,15.0,0.29,45.5,0.34,33.61,0.35,111.5,0.66,33.61,0.65,111.5,0.7,15.0,0.71,45.5,0.04,0.04,2315.632775,1776199861000
1776199862.425,62.425,0.3,33.92,0.29,244.5,0.31,15.0,0.32,98.32,0.66,33.61,0.65,111.5,0.7,15.0,0.71,45.5,0.01,0.04,2315.632775,1776199861000
1776199862.911,62.911,0.3,17.57,0.29,244.5,0.31,111.96,0.32,98.32,0.69,15.0,0.68,98.32,0.7,33.92,0.71,244.5,0.01,0.01,2315.632775,1776199861000
1776199863.277,63.277,0.3,15.42,0.29,244.5,0.31,106.96,0.32,98.32,0.69,106.96,0.68,98.32,0.7,15.42,0.71,244.5,0.01,0.01,2315.643355,1776199862000
1776199863.823,63.823,0.29,244.5,0.28,112.5,0.3,13.15,0.31,106.96,0.69,106.96,0.68,98.32,0.7,15.42,0.71,244.5,0.01,0.01,2315.643355,1776199862000
1776199864.181,64.181,0.29,244.5,0.28,112.5,0.3,13.15,0.31,106.96,0.7,13.15,0.69,106.96,0.71,244.5,0.72,112.5,0.01,0.01,2315.652187,1776199863000
1776199864.835,64.835,0.29,521.62,0.28,54.5,0.3,86.87,0.31,130.44,0.7,13.15,0.69,145.44,0.71,233.62,0.72,117.5,0.01,0.01,2315.652187,1776199863000
1776199865.135,65.135,0.36,108.56,0.35,161.98,0.37,10.0,0.38,15.5,0.63,10.0,0.62,15.5,0.65,67.98,0.66,52.0,0.01,0.02,2315.652187,1776199863000
1776199865.44,65.44,0.36,102.37,0.35,161.98,0.37,5.0,0.38,15.5,0.63,10.0,0.62,15.5,0.64,111.37,0.65,161.98,0.01,0.01,2315.652187,1776199864000
1776199865.835,65.835,0.36,97.37,0.35,161.98,0.37,2.02,0.38,15.5,0.63,5.0,0.62,15.5,0.64,102.37,0.65,161.98,0.01,0.01,2315.652187,1776199864000
1776199866.156,66.156,0.36,97.37,0.35,161.98,0.37,2.02,0.38,15.5,0.63,2.02,0.62,15.5,0.64,97.37,0.65,161.98,0.01,0.01,2315.652188,1776199865000
1776199866.996,66.996,0.37,95.41,0.36,75.37,0.38,30.5,0.39,15.0,0.63,2.02,0.62,15.5,0.64,97.37,0.65,161.98,0.01,0.01,2315.652188,1776199865000
1776199867.199,67.199,0.37,95.41,0.36,75.37,0.38,30.5,0.39,15.0,0.62,30.5,0.61,15.0,0.63,95.41,0.64,75.37,0.01,0.01,2315.94376,1776199866000
1776199867.644,67.644,0.37,79.41,0.36,75.37,0.38,16.55,0.39,25.0,0.62,16.55,0.61,25.0,0.63,95.41,0.64,75.37,0.01,0.01,2315.94376,1776199866000
1776199868.026,68.026,0.39,97.0,0.38,64.5,0.4,22.5,0.41,21.0,0.62,16.55,0.61,25.0,0.63,79.41,0.64,75.37,0.01,0.01,2315.94376,1776199866000
1776199868.246,68.246,0.39,85.42,0.38,64.5,0.4,22.5,0.41,21.0,0.6,22.5,0.59,21.0,0.61,85.42,0.62,64.5,0.01,0.01,2316.00615,1776199867000
1776199868.685,68.685,0.39,105.92,0.38,244.5,0.4,4.87,0.41,31.5,0.6,22.5,0.59,21.0,0.61,85.42,0.62,64.5,0.01,0.01,2316.00615,1776199867000
1776199869.289,69.289,0.39,105.92,0.38,244.5,0.4,4.87,0.41,31.5,0.6,4.87,0.59,31.5,0.61,105.92,0.62,244.5,0.01,0.01,2316.00595,1776199868000
1776199870.322,70.322,0.41,92.0,0.4,38.5,0.42,15.25,0.43,15.0,0.58,15.25,0.57,15.0,0.59,92.0,0.6,38.5,0.01,0.01,2316.108905,1776199869000
1776199870.822,70.822,0.41,92.0,0.4,28.0,0.42,36.25,0.43,35.0,0.58,15.25,0.57,15.0,0.59,92.0,0.6,38.5,0.01,0.01,2316.108905,1776199869000
1776199871.93,71.93,0.41,92.0,0.4,28.0,0.42,36.25,0.43,35.0,0.58,36.25,0.57,35.0,0.59,92.0,0.6,28.0,0.01,0.01,2316.19708,1776199871000
1776199872.419,72.419,0.41,97.0,0.4,28.0,0.42,31.25,0.43,35.0,0.58,36.25,0.57,35.0,0.59,92.0,0.6,28.0,0.01,0.01,2316.19708,1776199871000
1776199873.057,73.057,0.41,89.84,0.4,28.0,0.42,26.25,0.43,35.0,0.58,26.25,0.57,35.0,0.59,89.84,0.6,28.0,0.01,0.01,2316.20141,1776199872000
1776199874.126,74.126,0.41,89.84,0.4,28.0,0.42,26.25,0.43,35.0,0.58,26.25,0.57,35.0,0.59,89.84,0.6,28.0,0.01,0.01,2316.18116,1776199873000
1776199875.207,75.207,0.41,89.84,0.4,28.0,0.42,26.25,0.43,35.0,0.58,26.25,0.57,35.0,0.59,89.84,0.6,28.0,0.01,0.01,2316.17296,1776199874000
1776199876.285,76.285,0.41,89.84,0.4,28.0,0.42,26.25,0.43,35.0,0.58,26.25,0.57,35.0,0.59,89.84,0.6,28.0,0.01,0.01,2316.185384,1776199875000
1776199876.868,76.868,0.42,68.91,0.41,57.84,0.43,55.5,0.44,31.0,0.58,26.25,0.57,35.0,0.59,89.84,0.6,28.0,0.01,0.01,2316.185384,1776199875000
1776199877.267,77.267,0.42,68.91,0.41,57.84,0.43,55.5,0.44,31.0,0.57,55.5,0.56,31.0,0.58,68.91,0.59,57.84,0.01,0.01,2316.18816,1776199876000
1776199878.301,78.301,0.42,80.34,0.41,52.84,0.43,66.5,0.44,25.0,0.57,50.5,0.56,31.0,0.58,61.92,0.59,52.84,0.01,0.01,2316.18816,1776199876000
1776199878.861,78.861,0.42,80.34,0.41,52.84,0.43,66.5,0.44,25.0,0.57,66.5,0.56,25.0,0.58,80.34,0.59,52.84,0.01,0.01,2316.190145,1776199878000
1776199879.959,79.959,0.42,80.34,0.41,52.84,0.43,66.5,0.44,25.0,0.57,66.5,0.56,25.0,0.58,80.34,0.59,52.84,0.01,0.01,2316.190165,1776199879000
1776199881.054,81.054,0.42,80.34,0.41,52.84,0.43,66.5,0.44,25.0,0.57,66.5,0.56,25.0,0.58,80.34,0.59,52.84,0.01,0.01,2316.190355,1776199880000
1776199881.307,81.307,0.47,18.0,0.46,38.5,0.48,38.72,0.49,224.64,0.52,28.85,0.51,68.41,0.58,295.84,0.59,160.34,0.01,0.06,2316.190355,1776199880000
1776199882.052,82.052,0.47,18.0,0.46,38.5,0.48,38.72,0.49,224.64,0.52,38.72,0.51,224.64,0.53,18.0,0.54,38.5,0.01,0.01,2316.19079,1776199881000
1776199882.43,82.43,0.48,97.5,0.47,255.5,0.49,52.41,0.5,10.0,0.52,38.72,0.51,224.64,0.53,18.0,0.54,38.5,0.01,0.01,2316.19079,1776199881000
1776199883.029,83.029,0.48,92.5,0.47,255.5,0.49,49.26,0.5,10.0,0.51,49.26,0.5,10.0,0.52,92.5,0.53,255.5,0.01,0.01,2316.267409,1776199882000
1776199884.094,84.094,0.48,282.5,0.47,80.5,0.49,44.26,0.5,10.0,0.51,44.26,0.5,10.0,0.52,282.5,0.53,80.5,0.01,0.01,2316.444561,1776199883000
1776199884.675,84.675,0.48,322.5,0.47,80.5,0.49,31.01,0.5,10.0,0.51,31.01,0.5,10.0,0.52,302.5,0.53,80.5,0.01,0.01,2316.444561,1776199883000
1776199885.116,85.116,0.48,322.5,0.47,80.5,0.49,31.01,0.5,10.0,0.51,31.01,0.5,10.0,0.52,322.5,0.53,80.5,0.01,0.01,2316.612785,1776199884000
1776199886.17,86.17,0.48,322.5,0.47,80.5,0.49,31.01,0.5,10.0,0.51,31.01,0.5,10.0,0.52,322.5,0.53,80.5,0.01,0.01,2316.66567,1776199885000
1776199887.276,87.276,0.48,322.5,0.47,80.5,0.49,31.01,0.5,10.0,0.51,31.01,0.5,10.0,0.52,322.5,0.53,80.5,0.01,0.01,2316.675275,1776199886000
1776199887.594,87.594,0.48,332.5,0.47,80.5,0.49,14.01,0.5,10.0,0.51,31.01,0.5,10.0,0.52,322.5,0.53,80.5,0.01,0.01,2316.675275,1776199886000
1776199887.976,87.976,0.48,332.5,0.47,80.5,0.5,6.72,0.51,25.5,0.51,14.01,0.5,10.0,0.52,332.5,0.53,80.5,0.02,0.01,2316.675275,1776199886000
1776199888.762,88.762,0.48,332.5,0.47,80.5,0.5,6.72,0.51,25.5,0.5,6.72,0.49,25.5,0.52,332.5,0.53,80.5,0.02,0.02,2316.675275,1776199887000
1776199889.446,89.446,0.48,332.5,0.47,80.5,0.5,6.72,0.51,25.5,0.5,6.72,0.49,25.5,0.52,332.5,0.53,80.5,0.02,0.02,2316.676985,1776199888000
1776199889.976,89.976,0.48,332.5,0.47,80.5,0.5,6.72,0.51,25.5,0.5,6.72,0.49,25.5,0.52,332.5,0.53,80.5,0.02,0.02,2316.676995,1776199889000
1776199890.626,90.626,0.49,336.5,0.48,105.5,0.5,1.72,0.51,15.0,0.5,6.72,0.49,25.5,0.52,332.5,0.53,80.5,0.01,0.02,2316.676995,1776199889000
1776199891.148,91.148,0.49,336.5,0.48,105.5,0.5,1.72,0.51,15.0,0.5,1.72,0.49,15.0,0.51,336.5,0.52,105.5,0.01,0.01,2316.676985,1776199890000
1776199891.398,91.398,0.5,117.5,0.49,260.5,0.51,15.0,0.52,15.5,0.5,1.72,0.49,15.0,0.51,336.5,0.52,105.5,0.01,0.01,2316.676985,1776199890000
1776199892.306,92.306,0.5,117.5,0.49,260.5,0.51,15.0,0.52,15.5,0.49,15.0,0.48,15.5,0.5,117.5,0.51,260.5,0.01,0.01,2316.696215,1776199891000
1776199892.961,92.961,0.5,121.5,0.49,255.5,0.51,10.0,0.52,25.5,0.49,15.0,0.48,15.5,0.5,117.5,0.51,260.5,0.01,0.01,2316.696215,1776199891000
1776199893.299,93.299,0.5,119.6,0.49,255.5,0.51,10.0,0.52,25.5,0.49,10.0,0.48,25.5,0.5,121.5,0.51,255.5,0.01,0.01,2316.696215,1776199891000
1776199893.533,93.533,0.5,119.6,0.49,255.5,0.51,10.0,0.52,25.5,0.49,10.0,0.48,25.5,0.5,119.6,0.51,255.5,0.01,0.01,2316.751875,1776199892000
1776199894.142,94.142,0.5,119.6,0.49,255.5,0.51,10.0,0.52,25.5,0.49,10.0,0.48,25.5,0.5,119.6,0.51,255.5,0.01,0.01,2316.79075,1776199893000
1776199895.416,95.416,0.5,119.6,0.49,255.5,0.51,10.0,0.52,25.5,0.49,10.0,0.48,25.5,0.5,119.6,0.51,255.5,0.01,0.01,2316.78164,1776199894000
1776199896.406,96.406,0.52,5.0,0.5,391.6,0.54,15.0,0.58,5.0,0.49,10.0,0.48,25.5,0.5,119.6,0.51,255.5,0.02,0.01,2316.78164,1776199894000
1776199896.664,96.664,0.57,133.5,0.56,192.8,0.58,1.55,0.59,15.5,0.42,11.55,0.41,15.5,0.43,65.5,0.44,93.8,0.01,0.01,2316.7919,1776199895000
1776199897.03,97.03,0.57,114.5,0.56,192.8,0.59,11.52,0.6,27.5,0.42,1.55,0.41,15.5,0.43,133.5,0.44,192.8,0.02,0.01,2316.7919,1776199895000
1776199897.496,97.496,0.59,149.0,0.58,67.0,0.6,21.57,0.61,176.23,0.4,18.41,0.39,176.23,0.42,112.0,0.43,75.5,0.01,0.02,2316.791505,1776199896000
1776199898.282,98.282,0.59,144.0,0.58,67.0,0.6,21.57,0.61,176.23,0.4,21.57,0.39,176.23,0.41,144.0,0.42,67.0,0.01,0.01,2316.777215,1776199897000
1776199898.817,98.817,0.61,165.0,0.6,33.5,0.62,6.22,0.63,15.0,0.4,31.57,0.39,176.23,0.44,304.16,0.45,25.0,0.01,0.04,2316.777215,1776199897000
1776199899.209,99.209,0.62,332.0,0.61,125.5,0.63,10.0,0.64,32.5,0.38,6.22,0.37,15.0,0.39,165.0,0.4,33.5,0.01,0.01,2316.777215,1776199897000
1776199899.431,99.431,0.62,332.0,0.61,125.5,0.63,10.0,0.64,32.5,0.37,10.0,0.36,32.5,0.38,332.0,0.39,125.5,0.01,0.01,2317.06504,1776199898000
1776199899.982,99.982,0.62,332.0,0.61,125.5,0.64,32.5,0.65,193.73,0.36,32.5,0.35,193.73,0.38,332.0,0.39,125.5,0.02,0.02,2317.07865,1776199899000
1776199901.123,101.123,0.63,333.08,0.62,60.0,0.64,42.5,0.65,203.73,0.36,42.5,0.35,203.73,0.37,333.08,0.38,60.0,0.01,0.01,2317.3006,1776199900000
1776199902.196,102.196,0.63,333.08,0.62,60.0,0.64,42.5,0.65,203.73,0.36,42.5,0.35,203.73,0.37,333.08,0.38,60.0,0.01,0.01,2317.365565,1776199901000
1776199903.719,103.719,0.63,70.02,0.62,24.0,0.64,405.49,0.65,46.26,0.36,225.49,0.35,36.26,0.37,78.0,0.38,24.0,0.01,0.01,2317.365565,1776199901000
1776199904.872,104.872,0.63,70.02,0.62,24.0,0.64,405.49,0.65,46.26,0.36,405.49,0.35,46.26,0.37,70.02,0.38,24.0,0.01,0.01,2317.33082,1776199903000
1776199905.156,105.156,0.63,75.02,0.62,24.0,0.64,399.95,0.65,46.26,0.36,405.49,0.35,46.26,0.37,70.02,0.38,24.0,0.01,0.01,2317.33082,1776199903000
1776199905.797,105.797,0.63,75.02,0.62,24.0,0.64,399.95,0.65,46.26,0.36,399.95,0.35,46.26,0.37,75.02,0.38,24.0,0.01,0.01,2317.330802,1776199904000
1776199906.515,106.515,0.63,75.02,0.62,24.0,0.64,399.95,0.65,46.26,0.36,399.95,0.35,46.26,0.37,75.02,0.38,24.0,0.01,0.01,2317.30505,1776199905000
1776199906.724,106.724,0.6,1.79,0.59,10.0,0.62,10.5,0.63,166.73,0.37,166.73,0.36,280.96,0.39,1.79,0.4,10.0,0.02,0.02,2317.30505,1776199905000
1776199906.969,106.969,0.6,53.79,0.59,10.0,0.61,24.5,0.62,31.5,0.38,10.5,0.37,166.73,0.4,1.79,0.41,10.0,0.01,0.02,2317.30505,1776199905000
1776199907.198,107.198,0.6,53.79,0.59,10.0,0.61,24.5,0.62,31.5,0.39,24.5,0.38,31.5,0.4,53.79,0.41,10.0,0.01,0.01,2317.27892,1776199906000
1776199908.628,108.628,0.58,5.0,0.56,99.16,0.59,252.49,0.6,238.26,0.39,414.99,0.38,46.5,0.42,20.5,0.43,20.5,0.01,0.03,2317.27892,1776199906000
1776199909.488,109.488,0.56,92.79,0.55,29.5,0.57,20.5,0.58,25.0,0.43,20.5,0.42,25.0,0.44,92.79,0.45,29.5,0.01,0.01,2317.227419,1776199908000
1776199909.693,109.693,0.56,117.79,0.55,39.5,0.57,65.18,0.58,205.0,0.43,20.5,0.42,25.0,0.44,92.79,0.45,29.5,0.01,0.01,2317.227419,1776199908000
1776199910.173,110.173,0.56,117.79,0.55,39.5,0.57,65.18,0.58,205.0,0.43,65.18,0.42,205.0,0.44,117.79,0.45,39.5,0.01,0.01,2317.1713,1776199909000
1776199911.107,111.107,0.56,57.55,0.55,205.5,0.57,8.0,0.58,10.0,0.43,8.0,0.42,190.0,0.44,189.29,0.45,219.5,0.01,0.01,2317.1713,1776199909000
1776199911.716,111.716,0.56,56.18,0.55,205.5,0.57,8.0,0.58,10.0,0.43,8.0,0.42,10.0,0.44,56.18,0.45,205.5,0.01,0.01,2317.07334,1776199910000
1776199912.416,112.416,0.56,56.18,0.55,205.5,0.57,8.0,0.58,10.0,0.43,8.0,0.42,10.0,0.44,56.18,0.45,205.5,0.01,0.01,2317.053458,1776199911000
1776199913.179,113.179,0.56,56.18,0.55,205.5,0.57,8.0,0.58,10.0,0.43,8.0,0.42,10.0,0.44,56.18,0.45,205.5,0.01,0.01,2317.053458,1776199912000
1776199914.801,114.801,0.56,56.18,0.55,205.5,0.57,8.0,0.58,10.0,0.43,8.0,0.42,10.0,0.44,56.18,0.45,205.5,0.01,0.01,2317.052434,1776199913000
1776199915.493,115.493,0.56,56.18,0.55,205.5,0.57,8.0,0.58,10.0,0.43,8.0,0.42,10.0,0.44,56.18,0.45,205.5,0.01,0.01,2317.052609,1776199914000
1776199916.368,116.368,0.56,56.18,0.55,205.5,0.57,8.0,0.58,10.0,0.43,8.0,0.42,10.0,0.44,56.18,0.45,205.5,0.01,0.01,2317.058588,1776199915000
1776199917.199,117.199,0.56,56.18,0.55,205.5,0.57,8.0,0.58,10.0,0.43,8.0,0.42,10.0,0.44,56.18,0.45,205.5,0.01,0.01,2317.054469,1776199916000
1776199918.89,118.89,0.56,56.18,0.55,205.5,0.57,8.0,0.58,10.0,0.43,8.0,0.42,10.0,0.44,56.18,0.45,205.5,0.01,0.01,2317.052037,1776199917000
1776199919.747,119.747,0.56,56.18,0.55,205.5,0.57,8.0,0.58,10.0,0.43,8.0,0.42,10.0,0.44,56.18,0.45,205.5,0.01,0.01,2317.058,1776199918000
1776199920.601,120.601,0.56,56.18,0.55,205.5,0.57,8.0,0.58,10.0,0.43,8.0,0.42,10.0,0.44,56.18,0.45,205.5,0.01,0.01,2317.082237,1776199919000
1776199921.493,121.493,0.56,56.18,0.55,205.5,0.57,8.0,0.58,10.0,0.43,8.0,0.42,10.0,0.44,56.18,0.45,205.5,0.01,0.01,2317.111636,1776199920000
1776199922.324,122.324,0.56,56.18,0.55,205.5,0.57,8.0,0.58,10.0,0.43,8.0,0.42,10.0,0.44,56.18,0.45,205.5,0.01,0.01,2317.059717,1776199921000
1776199924.222,124.222,0.56,56.18,0.55,205.5,0.57,8.0,0.58,10.0,0.43,8.0,0.42,10.0,0.44,56.18,0.45,205.5,0.01,0.01,2317.07416,1776199923000
1776199924.648,124.648,0.58,5.0,0.57,174.5,0.62,15.0,0.63,20.5,0.43,8.0,0.42,10.0,0.44,56.18,0.45,205.5,0.04,0.01,2317.07416,1776199923000
1776199925.23,125.23,0.62,394.5,0.61,161.5,0.64,8.46,0.68,10.0,0.38,15.0,0.37,20.5,0.42,5.0,0.43,174.5,0.02,0.04,2317.07416,1776199923000
1776199925.514,125.514,0.69,64.0,0.68,20.0,0.72,162.73,0.73,32.0,0.32,5.27,0.3,5.0,0.33,388.74,0.34,15.0,0.03,0.01,2317.084015,1776199924000
1776199925.829,125.829,0.71,161.0,0.7,20.0,0.72,192.37,0.73,37.0,0.28,172.37,0.27,32.0,0.29,161.0,0.3,15.0,0.01,0.01,2317.084015,1776199924000
1776199926.272,126.272,0.71,161.0,0.7,20.0,0.72,192.37,0.73,37.0,0.28,192.37,0.27,37.0,0.29,161.0,0.3,20.0,0.01,0.01,2317.082433,1776199925000
1776199926.975,126.975,0.71,105.0,0.7,20.0,0.72,209.37,0.73,29.0,0.28,192.37,0.27,37.0,0.29,161.0,0.3,20.0,0.01,0.01,2317.082433,1776199925000
1776199927.221,127.221,0.71,105.0,0.7,20.0,0.72,209.37,0.73,29.0,0.28,209.37,0.27,29.0,0.29,105.0,0.3,20.0,0.01,0.01,2317.471827,1776199926000
1776199927.937,127.937,0.62,20.0,0.61,10.0,0.66,287.49,0.67,49.0,0.28,209.37,0.27,29.0,0.29,105.0,0.3,20.0,0.04,0.01,2317.471827,1776199926000
1776199928.267,128.267,0.58,25.0,0.57,29.0,0.63,282.73,0.64,50.26,0.37,282.73,0.36,50.26,0.42,25.0,0.43,29.0,0.05,0.05,2317.737944,1776199927000
1776199928.576,128.576,0.58,45.5,0.57,21.0,0.59,15.0,0.6,30.5,0.41,16.32,0.4,25.5,0.42,54.5,0.43,21.0,0.01,0.01,2317.737944,1776199927000
1776199929.2,129.2,0.59,29.0,0.58,50.5,0.6,75.5,0.61,25.0,0.41,5.0,0.4,30.5,0.42,69.5,0.43,21.0,0.01,0.01,2317.737944,1776199927000
1776199929.605,129.605,0.59,5.0,0.58,35.0,0.6,85.5,0.61,25.0,0.4,80.5,0.39,25.0,0.42,41.33,0.43,21.0,0.01,0.02,2317.69684,1776199928000
1776199929.959,129.959,0.59,6.24,0.58,30.0,0.6,82.35,0.61,205.0,0.4,82.35,0.39,25.0,0.41,5.0,0.42,35.0,0.01,0.01,2317.69684,1776199928000
1776199930.297,130.297,0.59,10.11,0.58,30.0,0.6,67.35,0.61,205.0,0.4,67.35,0.39,205.0,0.41,10.11,0.42,30.0,0.01,0.01,2317.34797,1776199929000
1776199930.686,130.686,0.57,15.0,0.56,40.9,0.6,270.35,0.61,25.0,0.4,62.35,0.39,205.0,0.41,20.11,0.42,30.0,0.03,0.01,2317.34797,1776199929000
1776199931.28,131.28,0.57,44.0,0.56,45.9,0.58,38.05,0.59,15.5,0.42,18.12,0.41,20.5,0.43,29.0,0.44,40.9,0.01,0.01,2317.34797,1776199929000
1776199932.39,132.39,0.57,44.0,0.56,45.9,0.58,38.05,0.59,15.5,0.42,38.05,0.41,15.5,0.43,44.0,0.44,45.9,0.01,0.01,2317.165199,1776199931000
1776199932.892,132.892,0.57,34.0,0.56,45.9,0.58,28.05,0.59,15.5,0.42,28.05,0.41,15.5,0.43,34.0,0.44,45.9,0.01,0.01,2317.132126,1776199932000
1776199933.865,133.865,0.57,34.0,0.56,45.9,0.58,28.05,0.59,15.5,0.42,28.05,0.41,15.5,0.43,34.0,0.44,45.9,0.01,0.01,2317.199493,1776199933000
1776199934.945,134.945,0.57,20.0,0.56,55.9,0.58,33.05,0.59,15.5,0.42,33.05,0.41,15.5,0.43,20.0,0.44,55.9,0.01,0.01,2317.125396,1776199934000
1776199935.954,135.954,0.57,20.0,0.56,55.9,0.58,33.05,0.59,15.5,0.42,33.05,0.41,15.5,0.43,20.0,0.44,55.9,0.01,0.01,2317.134922,1776199935000
1776199937.77,137.77,0.59,76.0,0.58,20.0,0.6,53.5,0.61,5.0,0.4,53.5,0.39,5.0,0.41,76.0,0.42,20.0,0.01,0.01,2317.139605,1776199936000
1776199938.005,138.005,0.57,23.0,0.56,35.4,0.58,22.5,0.59,25.5,0.4,53.5,0.39,5.0,0.41,76.0,0.42,20.0,0.01,0.01,2317.139605,1776199936000
1776199938.426,138.426,0.57,23.0,0.56,35.4,0.58,22.5,0.59,25.5,0.42,22.5,0.41,25.5,0.43,23.0,0.44,35.4,0.01,0.01,2317.15365,1776199937000
1776199939.339,139.339,0.57,23.0,0.56,35.4,0.58,22.5,0.59,25.5,0.42,22.5,0.41,25.5,0.43,23.0,0.44,35.4,0.01,0.01,2317.1001,1776199938000
1776199939.933,139.933,0.57,23.0,0.56,35.4,0.58,22.5,0.59,25.5,0.42,22.5,0.41,25.5,0.43,23.0,0.44,35.4,0.01,0.01,2317.069016,1776199939000
1776199940.699,140.699,0.52,5.0,0.51,5.0,0.57,327.23,0.58,105.5,0.42,22.5,0.41,25.5,0.43,23.0,0.44,35.4,0.05,0.01,2317.069016,1776199939000
1776199940.961,140.961,0.45,9.7,0.42,6.0,0.48,57.5,0.49,26.5,0.52,10.0,0.51,10.0,0.53,4.9,0.55,15.0,0.03,0.01,2317.069016,1776199939000
1776199941.188,141.188,0.4,10.0,0.39,45.0,0.46,10.0,0.47,10.0,0.54,10.0,0.53,10.0,0.6,10.0,0.61,45.0,0.06,0.06,2317.064312,1776199940000
1776199941.72,141.72,0.4,8.0,0.39,35.0,0.42,15.0,0.43,10.0,0.59,5.0,0.58,15.0,0.6,8.0,0.61,35.0,0.02,0.01,2317.064312,1776199940000
1776199942.037,142.037,0.41,32.34,0.4,10.0,0.42,17.0,0.43,195.0,0.58,15.0,0.57,10.0,0.59,17.32,0.6,10.0,0.01,0.01,2317.064312,1776199940000
1776199942.927,142.927,0.38,69.82,0.37,190.0,0.39,15.0,0.4,15.0,0.58,17.0,0.57,195.0,0.62,26.32,0.64,260.0,0.01,0.04,2317.113876,1776199941000
1776199943.301,143.301,0.38,69.82,0.37,190.0,0.39,15.0,0.4,15.0,0.61,15.0,0.6,15.0,0.62,69.82,0.63,190.0,0.01,0.01,2316.537462,1776199942000
1776199943.654,143.654,0.38,64.82,0.37,185.0,0.39,9.87,0.4,15.0,0.61,15.0,0.6,15.0,0.62,69.82,0.63,190.0,0.01,0.01,2316.537462,1776199942000
1776199943.89,143.89,0.38,64.82,0.37,185.0,0.39,9.87,0.4,15.0,0.61,9.87,0.6,15.0,0.62,64.82,0.63,185.0,0.01,0.01,2316.502966,1776199943000
1776199944.11,144.11,0.38,9.55,0.35,67.98,0.39,40.24,0.4,205.5,0.61,30.24,0.6,210.5,0.62,15.0,0.63,5.0,0.01,0.01,2316.502966,1776199943000
1776199944.317,144.317,0.35,109.48,0.34,161.5,0.36,12.22,0.37,10.0,0.64,12.22,0.63,10.0,0.65,100.48,0.66,161.5,0.01,0.01,2316.502966,1776199943000
1776199945.007,145.007,0.35,109.48,0.34,161.5,0.36,12.22,0.37,10.0,0.64,12.22,0.63,10.0,0.65,109.48,0.66,161.5,0.01,0.01,2316.42573,1776199944000
1776199946.18,146.18,0.35,109.48,0.34,161.5,0.36,12.22,0.37,10.0,0.64,12.22,0.63,10.0,0.65,109.48,0.66,161.5,0.01,0.01,2316.343921,1776199945000
1776199946.88,146.88,0.35,448.4,0.34,245.28,0.36,10.0,0.37,10.0,0.64,12.22,0.63,10.0,0.65,109.48,0.66,161.5,0.01,0.01,2316.343921,1776199945000
1776199947.254,147.254,0.35,448.4,0.34,245.28,0.36,10.0,0.37,10.0,0.64,10.0,0.63,10.0,0.65,448.4,0.66,245.28,0.01,0.01,2316.27779,1776199946000
1776199947.747,147.747,0.35,63.9,0.34,357.0,0.36,30.5,0.37,20.5,0.64,10.0,0.63,10.0,0.65,448.4,0.66,245.28,0.01,0.01,2316.27779,1776199946000
1776199948.309,148.309,0.35,63.9,0.34,357.0,0.36,30.5,0.37,20.5,0.64,30.5,0.63,20.5,0.65,63.9,0.66,357.0,0.01,0.01,2316.290309,1776199947000
1776199949.385,149.385,0.35,63.9,0.34,357.0,0.36,30.5,0.37,20.5,0.64,30.5,0.63,20.5,0.65,63.9,0.66,357.0,0.01,0.01,2316.290309,1776199948000
1776199949.91,149.91,0.35,271.4,0.34,148.27,0.36,5.0,0.37,10.0,0.64,30.5,0.63,20.5,0.65,63.9,0.66,357.0,0.01,0.01,2316.290309,1776199948000
1776199951.013,151.013,0.35,274.86,0.34,129.89,0.36,5.0,0.37,10.0,0.64,5.0,0.63,10.0,0.65,271.4,0.66,148.27,0.01,0.01,2316.2641,1776199949000
1776199952.195,152.195,0.35,234.55,0.34,109.0,0.36,5.0,0.37,10.0,0.64,5.0,0.63,10.0,0.65,274.86,0.66,129.89,0.01,0.01,2316.253717,1776199950000
1776199952.419,152.419,0.35,237.35,0.34,109.0,0.38,10.0,0.39,4.74,0.64,5.0,0.63,10.0,0.65,237.35,0.66,118.0,0.03,0.01,2316.254154,1776199951000
1776199953.708,153.708,0.35,237.35,0.34,109.0,0.38,10.0,0.39,4.74,0.62,10.0,0.61,4.74,0.65,237.35,0.66,109.0,0.03,0.03,2316.242125,1776199952000
1776199954.583,154.583,0.35,237.35,0.34,109.0,0.38,10.0,0.39,4.74,0.62,10.0,0.61,4.74,0.65,237.35,0.66,109.0,0.03,0.03,2316.254476,1776199953000
1776199955.296,155.296,0.35,237.35,0.34,109.0,0.38,10.0,0.39,4.74,0.62,10.0,0.61,4.74,0.65,237.35,0.66,109.0,0.03,0.03,2316.260871,1776199954000
1776199956.646,156.646,0.35,237.35,0.34,109.0,0.38,10.0,0.39,4.74,0.62,10.0,0.61,4.74,0.65,237.35,0.66,109.0,0.03,0.03,2316.2395,1776199955000
1776199957.327,157.327,0.35,237.35,0.34,109.0,0.38,10.0,0.39,4.74,0.62,10.0,0.61,4.74,0.65,237.35,0.66,109.0,0.03,0.03,2316.2395,1776199956000
1776199958.562,158.562,0.35,237.35,0.34,109.0,0.38,10.0,0.39,4.74,0.62,10.0,0.61,4.74,0.65,237.35,0.66,109.0,0.03,0.03,2316.241543,1776199957000
1776199959.296,159.296,0.35,237.35,0.34,109.0,0.38,10.0,0.39,4.74,0.62,10.0,0.61,4.74,0.65,237.35,0.66,109.0,0.03,0.03,2316.268966,1776199958000
1776199960.554,160.554,0.35,237.35,0.34,109.0,0.38,10.0,0.39,4.74,0.62,10.0,0.61,4.74,0.65,237.35,0.66,109.0,0.03,0.03,2316.296663,1776199959000
1776199961.185,161.185,0.35,237.35,0.34,109.0,0.38,10.0,0.39,4.74,0.62,10.0,0.61,4.74,0.65,237.35,0.66,109.0,0.03,0.03,2316.296722,1776199960000
1776199961.972,161.972,0.37,47.0,0.36,207.5,0.53,11.2,0.54,34.5,0.62,10.0,0.61,4.74,0.65,237.35,0.66,109.0,0.16,0.03,2316.296722,1776199960000
1776199962.317,162.317,0.41,19.51,0.39,81.82,0.42,35.0,0.43,15.0,0.59,24.49,0.58,35.0,0.61,5.08,0.62,97.74,0.01,0.02,2316.296722,1776199960000
1776199962.562,162.562,0.41,19.51,0.39,76.82,0.42,5.0,0.43,15.0,0.58,5.0,0.57,15.0,0.59,19.51,0.61,76.82,0.01,0.01,2316.297233,1776199961000
1776199962.825,162.825,0.41,39.71,0.4,15.0,0.42,15.5,0.43,31.0,0.58,5.0,0.57,15.0,0.59,19.51,0.61,76.82,0.01,0.01,2316.297233,1776199961000
1776199963.285,163.285,0.41,38.48,0.4,20.0,0.42,17.5,0.43,26.0,0.58,15.5,0.57,31.0,0.59,39.71,0.6,15.0,0.01,0.01,2316.297233,1776199961000
1776199964.249,164.249,0.41,13.15,0.4,20.0,0.43,46.5,0.44,10.0,0.58,13.69,0.57,26.0,0.59,33.48,0.6,20.0,0.02,0.01,2316.295167,1776199962000
1776199964.677,164.677,0.41,13.15,0.4,20.0,0.43,46.5,0.44,10.0,0.57,46.5,0.56,10.0,0.59,13.15,0.6,20.0,0.02,0.02,2316.294603,1776199963000
1776199965.349,165.349,0.41,13.15,0.4,20.0,0.43,46.5,0.44,10.0,0.57,46.5,0.56,10.0,0.59,13.15,0.6,20.0,0.02,0.02,2316.294603,1776199964000
1776199965.628,165.628,0.41,415.5,0.4,121.49,0.43,10.0,0.48,6.0,0.57,46.5,0.56,10.0,0.59,13.15,0.6,20.0,0.02,0.02,2316.294603,1776199964000
1776199966.568,166.568,0.51,78.0,0.5,27.0,0.56,5.0,0.57,5.0,0.5,0.36,0.49,15.5,0.52,99.0,0.53,37.0,0.05,0.02,2316.294603,1776199964000
1776199966.772,166.772,0.57,10.0,0.56,63.9,0.6,5.88,0.61,21.5,0.42,1.78,0.4,11.0,0.44,53.9,0.45,32.5,0.03,0.02,2316.294169,1776199965000
1776199966.981,166.981,0.59,69.0,0.58,17.0,0.61,11.0,0.62,5.0,0.4,5.88,0.39,21.5,0.43,10.0,0.44,63.9,0.02,0.03,2316.294169,1776199965000
1776199967.389,167.389,0.62,31.36,0.61,15.0,0.63,25.0,0.64,15.5,0.39,5.0,0.37,15.0,0.4,12.0,0.41,57.0,0.01,0.01,2316.294169,1776199965000
1776199967.928,167.928,0.61,20.0,0.6,37.0,0.63,25.0,0.64,81.67,0.37,18.79,0.36,15.5,0.38,36.36,0.39,15.0,0.02,0.01,2316.310076,1776199966000
1776199968.459,168.459,0.61,20.0,0.6,37.0,0.63,25.0,0.64,81.67,0.37,25.0,0.36,81.67,0.39,20.0,0.4,37.0,0.02,0.02,2316.559005,1776199967000
1776199968.974,168.974,0.62,32.0,0.61,20.0,0.63,25.0,0.64,102.17,0.37,25.0,0.36,102.17,0.38,32.0,0.39,20.0,0.01,0.01,2316.876305,1776199968000
1776199969.233,169.233,0.62,11.0,0.61,20.0,0.64,210.65,0.65,5.0,0.37,25.0,0.36,287.17,0.38,16.0,0.39,20.0,0.02,0.01,2316.876305,1776199968000
1776199970.152,170.152,0.62,11.0,0.61,20.0,0.64,210.65,0.65,5.0,0.36,210.65,0.35,5.0,0.38,11.0,0.39,20.0,0.02,0.02,2316.872005,1776199969000
1776199970.478,170.478,0.63,19.29,0.62,11.0,0.64,230.65,0.65,20.5,0.36,230.65,0.35,20.5,0.37,22.0,0.38,11.0,0.01,0.01,2316.872005,1776199969000
1776199970.753,170.753,0.6,16.97,0.59,35.0,0.61,25.5,0.62,20.0,0.36,230.65,0.35,20.5,0.37,19.29,0.38,11.0,0.01,0.01,2316.872005,1776199969000
1776199971.393,171.393,0.58,1.5,0.57,10.0,0.61,104.28,0.62,20.0,0.39,104.28,0.38,20.0,0.42,1.5,0.43,10.0,0.03,0.03,2316.91936,1776199970000
1776199971.756,171.756,0.57,45.74,0.56,10.0,0.58,206.2,0.59,30.0,0.41,221.2,0.4,25.0,0.46,25.0,0.47,30.0,0.01,0.05,2316.91936,1776199970000
1776199972.071,172.071,0.57,40.74,0.56,10.0,0.58,206.2,0.59,30.0,0.42,206.2,0.41,30.0,0.43,40.74,0.44,10.0,0.01,0.01,2316.92645,1776199971000
1776199973.218,173.218,0.57,0.74,0.56,15.0,0.58,231.2,0.59,25.0,0.42,206.2,0.41,30.0,0.43,40.74,0.44,10.0,0.01,0.01,2316.92645,1776199971000
1776199973.887,173.887,0.57,0.74,0.56,15.0,0.58,231.2,0.59,25.0,0.42,231.2,0.41,25.0,0.43,0.74,0.44,15.0,0.01,0.01,2316.844158,1776199973000
1776199975.075,175.075,0.57,0.74,0.56,15.0,0.58,231.2,0.59,25.0,0.42,231.2,0.41,25.0,0.43,0.74,0.44,15.0,0.01,0.01,2316.827513,1776199974000
1776199975.57,175.57,0.57,125.24,0.56,345.5,0.62,10.0,0.63,20.0,0.42,231.2,0.41,25.0,0.43,0.74,0.44,15.0,0.05,0.01,2316.827513,1776199974000
1776199976.318,176.318,0.57,125.24,0.56,345.5,0.62,10.0,0.63,20.0,0.38,10.0,0.37,20.0,0.43,125.24,0.44,345.5,0.05,0.05,2316.824503,1776199975000
1776199976.661,176.661,0.61,91.48,0.6,20.0,0.62,30.0,0.63,195.0,0.38,10.0,0.37,20.0,0.43,125.24,0.44,345.5,0.01,0.05,2316.824503,1776199975000
1776199977.073,177.073,0.61,76.48,0.6,20.0,0.62,25.0,0.63,195.0,0.38,25.0,0.37,195.0,0.39,81.48,0.4,20.0,0.01,0.01,2316.824503,1776199975000
1776199977.394,177.394,0.61,66.48,0.6,20.0,0.62,20.0,0.63,205.0,0.38,25.0,0.37,195.0,0.39,76.48,0.4,20.0,0.01,0.01,2316.824503,1776199975000
1776199978.022,178.022,0.61,66.48,0.6,20.0,0.62,20.0,0.63,205.0,0.38,20.0,0.37,205.0,0.39,66.48,0.4,20.0,0.01,0.01,2316.855965,1776199977000
1776199978.966,178.966,0.6,10.0,0.59,15.0,0.62,220.0,0.63,104.32,0.38,20.0,0.37,205.0,0.39,66.48,0.4,20.0,0.02,0.01,2316.855965,1776199977000
1776199980.008,180.008,0.6,55.0,0.59,25.5,0.61,5.0,0.62,200.0,0.38,220.0,0.37,104.32,0.4,10.0,0.41,15.0,0.01,0.02,2316.91038,1776199978000
1776199980.572,180.572,0.6,55.0,0.59,25.5,0.61,5.0,0.62,200.0,0.39,5.0,0.38,200.0,0.4,55.0,0.41,25.5,0.01,0.01,2316.919805,1776199979000
1776199980.774,180.774,0.6,70.0,0.59,15.0,0.61,27.35,0.62,210.0,0.39,5.0,0.38,200.0,0.4,55.0,0.41,25.5,0.01,0.01,2316.919805,1776199979000
1776199981.16,181.16,0.6,70.0,0.59,15.0,0.61,27.35,0.62,210.0,0.39,27.35,0.38,210.0,0.4,70.0,0.41,15.0,0.01,0.01,2316.913165,1776199980000
1776199981.577,181.577,0.6,45.5,0.59,25.5,0.61,201.54,0.62,30.0,0.39,201.54,0.38,25.0,0.41,25.5,0.42,25.5,0.01,0.02,2316.913165,1776199980000
1776199982.359,182.359,0.6,20.5,0.59,25.5,0.61,185.81,0.62,30.0,0.39,185.81,0.38,30.0,0.4,20.5,0.41,25.5,0.01,0.01,2316.871435,1776199981000
1776199982.92,182.92,0.59,5.0,0.58,25.5,0.6,36.0,0.61,232.81,0.39,185.81,0.38,30.0,0.4,20.5,0.41,25.5,0.01,0.01,2316.871435,1776199981000
1776199983.208,183.208,0.54,16.48,0.53,13.0,0.58,139.0,0.59,50.5,0.42,5.0,0.41,20.0,0.43,5.0,0.45,15.0,0.04,0.01,2316.87193,1776199982000
1776199983.779,183.779,0.44,20.0,0.43,10.0,0.45,44.0,0.46,20.0,0.48,30.0,0.47,15.0,0.55,4.3,0.56,20.0,0.01,0.07,2316.87193,1776199982000
1776199984.228,184.228,0.44,20.0,0.43,10.0,0.45,44.0,0.46,20.0,0.55,44.0,0.54,20.0,0.56,20.0,0.57,10.0,0.01,0.01,2316.912847,1776199983000
1776199985.419,185.419,0.44,68.5,0.43,43.0,0.46,10.0,0.47,15.0,0.55,44.0,0.54,20.0,0.56,20.0,0.57,10.0,0.02,0.01,2316.912847,1776199983000
1776199985.801,185.801,0.44,68.5,0.43,43.0,0.46,10.0,0.47,15.0,0.54,10.0,0.53,15.0,0.56,68.5,0.57,43.0,0.02,0.02,2316.590032,1776199984000
1776199986.416,186.416,0.44,68.5,0.43,43.0,0.46,10.0,0.47,15.0,0.54,10.0,0.53,15.0,0.56,68.5,0.57,43.0,0.02,0.02,2316.51895,1776199985000
1776199986.93,186.93,0.45,41.4,0.44,73.5,0.46,25.0,0.47,20.0,0.54,20.0,0.53,20.0,0.55,50.5,0.56,63.5,0.01,0.01,2316.51895,1776199985000
1776199987.481,187.481,0.46,9.4,0.45,32.14,0.47,20.0,0.48,200.0,0.54,25.0,0.53,20.0,0.55,41.4,0.56,73.5,0.01,0.01,2316.51895,1776199985000
1776199987.855,187.855,0.46,9.4,0.45,32.14,0.47,20.0,0.48,200.0,0.53,20.0,0.52,200.0,0.54,9.4,0.55,32.14,0.01,0.01,2316.53059,1776199986000
1776199988.278,188.278,0.46,34.9,0.45,27.14,0.47,47.57,0.48,205.0,0.53,20.0,0.52,200.0,0.54,9.4,0.55,32.14,0.01,0.01,2316.53059,1776199986000
1776199988.952,188.952,0.46,34.9,0.45,27.14,0.47,47.57,0.48,205.0,0.53,47.57,0.52,205.0,0.54,34.9,0.55,27.14,0.01,0.01,2316.527785,1776199988000
1776199989.956,189.956,0.46,39.9,0.45,27.14,0.47,42.57,0.48,205.0,0.53,47.57,0.52,205.0,0.54,34.9,0.55,27.14,0.01,0.01,2316.527785,1776199988000
1776199991.367,191.367,0.46,39.9,0.45,27.14,0.47,42.57,0.48,205.0,0.53,42.57,0.52,205.0,0.54,39.9,0.55,27.14,0.01,0.01,2316.525243,1776199990000
1776199991.738,191.738,0.46,46.64,0.45,37.14,0.47,32.57,0.48,205.0,0.53,42.57,0.52,205.0,0.54,39.9,0.55,27.14,0.01,0.01,2316.525243,1776199990000
1776199993.059,193.059,0.43,5.0,0.42,10.0,0.47,363.57,0.48,60.12,0.53,32.57,0.52,205.0,0.54,46.64,0.55,37.14,0.04,0.01,2316.524888,1776199991000
1776199993.305,193.305,0.21,44.31,0.2,80.0,0.35,214.5,0.36,65.0,0.65,40.0,0.64,10.0,0.66,11.85,0.67,19.0,0.14,0.01,2316.527392,1776199992000
1776199993.623,193.623,0.21,99.31,0.2,85.0,0.22,126.63,0.23,15.0,0.65,214.5,0.64,65.0,0.79,44.31,0.8,80.0,0.01,0.14,2316.527392,1776199992000
1776199994.094,194.094,0.21,94.83,0.2,85.0,0.22,23.0,0.23,15.0,0.78,66.63,0.77,15.0,0.79,84.33,0.8,85.0,0.01,0.01,2316.527392,1776199992000
1776199994.364,194.364,0.21,94.83,0.2,85.0,0.23,13.0,0.24,10.0,0.77,13.0,0.76,10.0,0.79,94.83,0.8,85.0,0.02,0.02,2316.53099,1776199993000
1776199994.912,194.912,0.21,94.83,0.2,85.0,0.23,13.0,0.24,10.0,0.77,13.0,0.76,10.0,0.79,94.83,0.8,85.0,0.02,0.02,2316.093291,1776199994000
1776199995.856,195.856,0.23,368.0,0.22,100.0,0.25,10.0,0.26,10.0,0.77,13.0,0.76,10.0,0.79,94.83,0.8,85.0,0.02,0.02,2316.093291,1776199994000
1776199996.105,196.105,0.27,62.0,0.24,14.0,0.28,10.0,0.29,10.0,0.72,10.0,0.71,10.0,0.73,62.0,0.76,14.0,0.01,0.01,2315.587336,1776199995000
1776199996.464,196.464,0.27,80.0,0.24,84.0,0.28,25.0,0.29,40.0,0.72,10.0,0.71,10.0,0.73,62.0,0.76,14.0,0.01,0.01,2315.587336,1776199995000
1776199997.254,197.254,0.24,84.0,0.23,95.0,0.28,37.0,0.29,40.0,0.72,37.0,0.71,40.0,0.76,84.0,0.77,95.0,0.04,0.04,2315.444469,1776199996000
1776199998.41,198.41,0.24,84.0,0.23,95.0,0.28,37.0,0.29,40.0,0.72,37.0,0.71,40.0,0.76,84.0,0.77,95.0,0.04,0.04,2315.678701,1776199997000
1776199998.98,198.98,0.24,84.0,0.23,95.0,0.28,37.0,0.29,40.0,0.72,37.0,0.71,40.0,0.76,84.0,0.77,95.0,0.04,0.04,2315.678701,1776199998000
1776200000.019,200.019,0.24,84.0,0.23,95.0,0.28,37.0,0.29,40.0,0.72,37.0,0.71,40.0,0.76,84.0,0.77,95.0,0.04,0.04,2315.602522,1776199999000
1776200000.499,200.499,0.22,25.08,0.21,50.52,0.23,66.0,0.24,10.0,0.72,37.0,0.71,40.0,0.76,84.0,0.77,95.0,0.01,0.04,2315.602522,1776199999000
1776200000.724,200.724,0.22,13.72,0.21,15.5,0.23,56.0,0.24,20.0,0.77,61.0,0.76,20.0,0.78,18.79,0.79,15.5,0.01,0.01,2315.602522,1776199999000
1776200001.119,201.119,0.22,13.72,0.21,15.5,0.23,56.0,0.24,20.0,0.77,56.0,0.76,20.0,0.78,13.72,0.79,15.5,0.01,0.01,2315.519554,1776200000000
1776200002.02,202.02,0.21,23.52,0.2,208.73,0.22,27.0,0.23,61.08,0.77,56.0,0.76,20.0,0.78,13.72,0.79,15.5,0.01,0.01,2315.519554,1776200000000
1776200002.464,202.464,0.21,17.25,0.2,208.73,0.22,51.21,0.23,61.08,0.78,52.0,0.77,61.08,0.79,22.25,0.8,208.73,0.01,0.01,2315.519554,1776200000000
1776200002.73,202.73,0.21,5.66,0.2,208.73,0.22,31.02,0.23,51.08,0.78,21.02,0.77,51.08,0.79,17.25,0.8,208.73,0.01,0.01,2315.518746,1776200001000
1776200003.264,203.264,0.21,7.54,0.2,208.73,0.22,36.02,0.23,56.08,0.78,31.02,0.77,51.08,0.79,5.66,0.8,208.73,0.01,0.01,2315.518746,1776200001000
1776200003.585,203.585,0.21,2.54,0.2,208.73,0.22,21.47,0.23,56.08,0.78,21.47,0.77,56.08,0.79,2.54,0.8,208.73,0.01,0.01,2315.513435,1776200002000
1776200004.266,204.266,0.21,2.54,0.2,208.73,0.22,21.47,0.23,56.08,0.78,21.47,0.77,56.08,0.79,2.54,0.8,208.73,0.01,0.01,2315.518479,1776200003000
1776200004.761,204.761,0.21,413.22,0.2,68.73,0.23,9.08,0.24,5.0,0.78,21.47,0.77,56.08,0.79,2.54,0.8,208.73,0.02,0.01,2315.518479,1776200003000
1776200005.177,205.177,0.24,323.68,0.23,111.5,0.25,55.0,0.26,10.0,0.74,19.0,0.73,40.0,0.76,102.5,0.77,102.5,0.01,0.02,2315.518479,1776200003000
1776200005.502,205.502,0.24,311.68,0.23,111.5,0.25,8.0,0.26,10.0,0.75,55.0,0.74,10.0,0.76,323.68,0.77,111.5,0.01,0.01,2315.518479,1776200003000
1776200006.151,206.151,0.24,311.68,0.23,111.5,0.25,4.0,0.26,10.0,0.75,4.0,0.74,10.0,0.76,311.68,0.77,111.5,0.01,0.01,2315.51575,1776200005000
1776200006.942,206.942,0.24,330.86,0.23,111.5,0.25,123.31,0.26,10.0,0.75,4.0,0.74,10.0,0.76,311.68,0.77,111.5,0.01,0.01,2315.51575,1776200005000
1776200007.209,207.209,0.24,330.86,0.23,111.5,0.25,117.31,0.26,10.0,0.75,123.31,0.74,10.0,0.76,330.86,0.77,111.5,0.01,0.01,2315.51575,1776200005000
1776200007.513,207.513,0.24,330.86,0.23,111.5,0.25,117.31,0.26,10.0,0.75,117.31,0.74,10.0,0.76,330.86,0.77,111.5,0.01,0.01,2315.677722,1776200006000
1776200008.149,208.149,0.24,312.86,0.23,111.5,0.25,109.31,0.26,10.0,0.75,117.31,0.74,10.0,0.76,330.86,0.77,111.5,0.01,0.01,2315.677722,1776200006000
1776200008.445,208.445,0.23,13.68,0.22,45.5,0.25,188.31,0.26,15.0,0.75,109.31,0.74,10.0,0.76,312.86,0.77,111.5,0.02,0.01,2315.684604,1776200007000
1776200008.757,208.757,0.22,33.18,0.21,278.0,0.23,47.0,0.24,15.0,0.76,10.0,0.75,193.31,0.78,44.18,0.79,65.0,0.01,0.02,2315.684604,1776200007000
1776200009.472,209.472,0.22,33.18,0.21,278.0,0.23,47.0,0.24,15.0,0.77,47.0,0.76,15.0,0.78,33.18,0.79,278.0,0.01,0.01,2315.697538,1776200008000
1776200010.2,210.2,0.22,33.18,0.21,278.0,0.23,47.0,0.24,15.0,0.77,47.0,0.76,15.0,0.78,33.18,0.79,278.0,0.01,0.01,2315.64132,1776200009000
1776200010.631,210.631,0.22,24.86,0.21,288.0,0.23,29.13,0.24,73.97,0.77,47.0,0.76,15.0,0.78,33.18,0.79,278.0,0.01,0.01,2315.64132,1776200009000
1776200011.023,211.023,0.22,13.18,0.21,288.0,0.23,79.13,0.24,73.97,0.77,29.13,0.76,73.97,0.78,24.86,0.79,288.0,0.01,0.01,2315.64132,1776200009000
1776200011.328,211.328,0.22,182.22,0.21,108.0,0.23,74.13,0.24,73.97,0.77,79.13,0.76,73.97,0.78,13.18,0.79,288.0,0.01,0.01,2315.64132,1776200009000
1776200011.693,211.693,0.22,7.53,0.21,288.0,0.23,94.13,0.24,73.97,0.77,74.13,0.76,73.97,0.78,182.22,0.79,108.0,0.01,0.01,2315.595806,1776200010000
1776200012.0,212.0,0.22,181.13,0.21,108.0,0.23,104.13,0.24,73.97,0.77,104.13,0.76,73.97,0.78,181.13,0.79,108.0,0.01,0.01,2315.595664,1776200011000
1776200012.843,212.843,0.23,208.5,0.22,89.78,0.24,12.0,0.25,15.0,0.76,2.0,0.75,10.0,0.78,201.13,0.79,247.68,0.01,0.02,2315.595664,1776200011000
1776200013.144,213.144,0.23,212.18,0.22,89.78,0.24,123.57,0.25,15.0,0.76,12.0,0.75,15.0,0.77,208.5,0.78,89.78,0.01,0.01,2315.595664,1776200011000
1776200013.457,213.457,0.23,205.79,0.22,89.78,0.24,128.57,0.25,15.0,0.76,128.57,0.75,15.0,0.77,205.79,0.78,89.78,0.01,0.01,2315.621347,1776200012000
1776200013.805,213.805,0.22,74.78,0.21,232.0,0.24,142.33,0.25,15.0,0.76,137.33,0.75,15.0,0.77,196.41,0.78,74.78,0.02,0.01,2315.621347,1776200012000
1776200014.082,214.082,0.22,74.78,0.21,232.0,0.24,142.33,0.25,15.0,0.76,142.33,0.75,15.0,0.78,74.78,0.79,232.0,0.02,0.02,2315.670539,1776200013000
1776200015.44,215.44,0.22,70.11,0.21,239.68,0.23,93.57,0.24,25.76,0.77,93.57,0.76,25.76,0.78,70.11,0.79,239.68,0.01,0.01,2315.708445,1776200014000
1776200015.819,215.819,0.22,59.85,0.21,310.0,0.23,122.33,0.24,22.5,0.77,93.57,0.76,25.76,0.78,70.11,0.79,239.68,0.01,0.01,2315.708445,1776200014000
1776200016.093,216.093,0.22,59.85,0.21,310.0,0.23,122.33,0.24,22.5,0.77,122.33,0.76,22.5,0.78,59.85,0.79,310.0,0.01,0.01,2315.70775,1776200015000
1776200016.385,216.385,0.22,48.43,0.21,130.0,0.23,112.33,0.24,12.0,0.77,112.33,0.76,12.0,0.78,54.85,0.79,130.0,0.01,0.01,2315.70775,1776200015000
1776200016.841,216.841,0.19,13.66,0.18,5.0,0.2,10.0,0.21,95.0,0.77,112.33,0.76,12.0,0.78,48.43,0.79,130.0,0.01,0.01,2315.70775,1776200015000
1776200017.295,217.295,0.16,3.8,0.15,180.0,0.17,10.0,0.18,10.0,0.81,7.34,0.8,31.0,0.82,5.0,0.83,5.0,0.01,0.01,2315.70775,1776200015000
1776200017.627,217.627,0.13,5.32,0.12,20.09,0.15,36.0,0.16,55.5,0.85,30.0,0.84,40.5,0.87,26.89,0.88,53.09,0.02,0.02,2315.721558,1776200016000
1776200017.979,217.979,0.12,41.66,0.11,131.0,0.15,61.0,0.16,45.5,0.85,36.0,0.84,45.5,0.87,5.79,0.88,92.67,0.03,0.02,2315.721558,1776200016000
1776200018.374,218.374,0.13,3.52,0.12,41.66,0.14,92.0,0.15,87.0,0.86,20.0,0.85,67.0,0.87,8.85,0.88,41.66,0.01,0.01,2315.721558,1776200016000
1776200018.578,218.578,0.12,33.98,0.11,121.0,0.14,97.0,0.15,87.0,0.86,97.0,0.85,87.0,0.88,33.98,0.89,121.0,0.02,0.02,2315.59775,1776200017000
1776200018.782,218.782,0.12,32.0,0.11,131.0,0.14,72.0,0.15,77.0,0.86,97.0,0.85,87.0,0.88,33.98,0.89,121.0,0.02,0.02,2315.59775,1776200017000
1776200019.089,219.089,0.12,32.0,0.11,131.0,0.14,72.0,0.15,77.0,0.86,72.0,0.85,77.0,0.88,32.0,0.89,131.0,0.02,0.02,2315.566591,1776200018000
1776200019.636,219.636,0.12,211.5,0.11,130.18,0.13,6.92,0.14,67.0,0.86,72.0,0.85,77.0,0.88,32.0,0.89,131.0,0.01,0.02,2315.566591,1776200018000
1776200019.84,219.84,0.12,214.9,0.11,130.18,0.14,39.92,0.15,46.5,0.87,6.92,0.86,67.0,0.88,209.9,0.89,130.18,0.02,0.01,2315.566591,1776200018000
1776200020.119,220.119,0.12,214.9,0.11,130.18,0.14,39.92,0.15,46.5,0.86,39.92,0.85,46.5,0.88,214.9,0.89,130.18,0.02,0.02,2315.342955,1776200019000
1776200020.446,220.446,0.12,214.9,0.11,130.18,0.14,83.16,0.15,61.5,0.86,39.92,0.85,46.5,0.88,214.9,0.89,130.18,0.02,0.02,2315.342955,1776200019000
1776200021.188,221.188,0.12,214.9,0.11,130.18,0.14,83.16,0.15,61.5,0.86,83.16,0.85,61.5,0.88,214.9,0.89,130.18,0.02,0.02,2315.307907,1776200020000
1776200021.921,221.921,0.12,202.66,0.11,140.49,0.13,188.82,0.14,92.66,0.87,82.82,0.86,43.66,0.88,207.9,0.89,140.49,0.01,0.01,2315.307907,1776200020000
1776200022.215,222.215,0.12,202.66,0.11,140.49,0.13,188.82,0.14,92.66,0.87,188.82,0.86,92.66,0.88,202.66,0.89,140.49,0.01,0.01,2315.263432,1776200021000
1776200022.529,222.529,0.11,2.42,0.1,28.68,0.12,209.5,0.13,139.32,0.87,188.82,0.86,92.66,0.88,202.66,0.89,140.49,0.01,0.01,2315.263432,1776200021000
1776200023.186,223.186,0.09,288.04,0.08,132.36,0.1,176.52,0.11,125.08,0.9,7.02,0.89,39.08,0.91,58.0,0.92,119.68,0.01,0.01,2315.263432,1776200021000
1776200023.44,223.44,0.09,180.0,0.08,35.0,0.1,169.52,0.11,130.08,0.9,169.52,0.89,130.08,0.91,276.94,0.92,135.0,0.01,0.01,2315.254963,1776200022000
1776200023.778,223.778,0.09,185.72,0.08,15.68,0.1,169.52,0.11,130.08,0.9,169.52,0.89,130.08,0.91,180.0,0.92,35.0,0.01,0.01,2315.254963,1776200022000
1776200024.322,224.322,0.09,171.59,0.08,10.0,0.1,301.21,0.11,125.08,0.9,192.52,0.89,130.08,0.91,174.73,0.92,15.68,0.01,0.01,2315.100987,1776200023000
1776200024.922,224.922,0.09,171.59,0.08,10.0,0.1,301.21,0.11,125.08,0.9,301.21,0.89,125.08,0.91,171.59,0.92,10.0,0.01,0.01,2314.981962,1776200024000
1776200025.56,225.56,0.09,170.49,0.08,15.0,0.1,282.21,0.11,125.08,0.9,301.21,0.89,125.08,0.91,171.59,0.92,10.0,0.01,0.01,2314.981962,1776200024000
1776200025.764,225.764,0.09,163.19,0.08,15.0,0.1,287.21,0.11,125.08,0.9,287.21,0.89,125.08,0.91,160.84,0.92,15.0,0.01,0.01,2314.981962,1776200024000
1776200025.997,225.997,0.09,157.09,0.08,15.0,0.1,287.21,0.11,125.08,0.9,287.21,0.89,125.08,0.91,163.19,0.92,15.0,0.01,0.01,2314.910349,1776200025000
1776200026.804,226.804,0.09,186.27,0.08,40.0,0.1,101.69,0.11,25.0,0.9,282.21,0.89,125.08,0.91,151.27,0.92,15.0,0.01,0.01,2314.910349,1776200025000
1776200027.579,227.579,0.1,8.88,0.09,161.27,0.11,25.0,0.12,85.5,0.89,25.0,0.88,36.5,0.91,186.27,0.92,82.0,0.01,0.02,2314.913741,1776200026000
1776200027.934,227.934,0.1,8.5,0.09,161.27,0.11,182.78,0.12,36.5,0.89,182.78,0.88,36.5,0.9,8.5,0.91,161.27,0.01,0.01,2314.909429,1776200027000
1776200028.229,228.229,0.1,7.96,0.09,166.27,0.11,288.11,0.12,36.5,0.89,182.78,0.88,36.5,0.9,8.5,0.91,161.27,0.01,0.01,2314.909429,1776200027000
1776200028.483,228.483,0.09,138.57,0.08,64.68,0.11,288.11,0.12,36.5,0.89,293.11,0.88,36.5,0.9,3.79,0.91,166.27,0.02,0.01,2314.909429,1776200027000
1776200028.911,228.911,0.09,94.67,0.08,50.68,0.11,283.11,0.12,36.5,0.89,283.11,0.88,36.5,0.91,94.67,0.92,50.68,0.02,0.02,2314.992341,1776200028000
1776200029.121,229.121,0.09,93.08,0.08,39.68,0.1,165.19,0.11,140.83,0.89,283.11,0.88,36.5,0.91,94.67,0.92,50.68,0.01,0.02,2314.992341,1776200028000
1776200029.933,229.933,0.09,93.08,0.08,39.68,0.1,165.19,0.11,140.83,0.9,165.19,0.89,140.83,0.91,93.08,0.92,39.68,0.01,0.01,2315.036414,1776200029000
1776200031.052,231.052,0.09,214.98,0.08,39.68,0.1,160.19,0.11,125.33,0.9,160.19,0.89,125.33,0.91,214.98,0.92,39.68,0.01,0.01,2315.036396,1776200030000
1776200031.274,231.274,0.09,203.38,0.08,32.5,0.1,181.52,0.11,109.5,0.9,181.52,0.89,109.5,0.91,208.88,0.92,32.5,0.01,0.01,2315.036396,1776200030000
1776200031.781,231.781,0.09,203.38,0.08,32.5,0.1,167.52,0.11,109.5,0.9,181.52,0.89,109.5,0.91,203.38,0.92,32.5,0.01,0.01,2315.036396,1776200030000
1776200032.026,232.026,0.09,203.38,0.08,32.5,0.1,167.52,0.11,109.5,0.9,167.52,0.89,109.5,0.91,203.38,0.92,32.5,0.01,0.01,2315.05718,1776200031000
1776200032.582,232.582,0.09,198.98,0.08,32.5,0.1,111.97,0.11,109.5,0.9,106.97,0.89,104.5,0.91,207.28,0.92,32.5,0.01,0.01,2315.05718,1776200031000
1776200032.883,232.883,0.09,182.3,0.08,32.5,0.1,111.97,0.11,109.5,0.9,111.97,0.89,99.0,0.91,189.18,0.92,32.5,0.01,0.01,2315.05718,1776200031000
1776200033.084,233.084,0.09,186.2,0.08,32.5,0.1,111.97,0.11,109.5,0.9,111.97,0.89,109.5,0.91,182.3,0.92,32.5,0.01,0.01,2315.05718,1776200031000
1776200033.652,233.652,0.09,180.2,0.08,32.5,0.1,111.97,0.11,109.5,0.9,111.97,0.89,109.5,0.91,186.2,0.92,32.5,0.01,0.01,2315.050701,1776200032000
1776200034.057,234.057,0.09,180.2,0.08,32.5,0.1,149.97,0.11,60.5,0.9,111.97,0.89,109.5,0.91,180.2,0.92,32.5,0.01,0.01,2315.050701,1776200032000
1776200034.3,234.3,0.09,180.2,0.08,32.5,0.1,149.97,0.11,60.5,0.9,149.97,0.89,60.5,0.91,180.2,0.92,32.5,0.01,0.01,2315.037728,1776200033000
1776200034.65,234.65,0.11,352.85,0.1,132.0,0.15,5.0,0.16,17.5,0.88,1.65,0.85,15.5,0.89,153.85,0.9,132.0,0.04,0.01,2315.037728,1776200033000
1776200034.875,234.875,0.14,24.73,0.13,10.0,0.15,20.5,0.16,28.0,0.85,5.0,0.84,28.0,0.86,29.83,0.87,10.0,0.01,0.01,2315.037728,1776200033000
1776200036.007,236.007,0.14,24.73,0.13,10.0,0.15,20.5,0.16,28.0,0.85,20.5,0.84,28.0,0.86,24.73,0.87,10.0,0.01,0.01,2315.069117,1776200035000
1776200037.032,237.032,0.14,26.0,0.13,15.0,0.15,143.64,0.16,38.0,0.85,20.5,0.84,28.0,0.86,24.73,0.87,10.0,0.01,0.01,2315.069117,1776200035000
1776200037.493,237.493,0.14,13.67,0.13,15.0,0.15,144.14,0.16,45.0,0.85,159.14,0.84,38.0,0.86,23.67,0.87,15.0,0.01,0.01,2315.281327,1776200036000
1776200038.07,238.07,0.14,7.48,0.13,15.0,0.15,144.14,0.16,45.0,0.85,144.14,0.84,45.0,0.86,7.48,0.87,15.0,0.01,0.01,2315.392315,1776200037000
1776200038.795,238.795,0.14,12.48,0.13,15.0,0.15,141.94,0.16,45.0,0.85,144.14,0.84,45.0,0.86,7.48,0.87,15.0,0.01,0.01,2315.392315,1776200037000
1776200039.229,239.229,0.14,7.48,0.13,15.0,0.15,136.94,0.16,45.0,0.85,136.94,0.84,45.0,0.86,7.48,0.87,15.0,0.01,0.01,2315.42235,1776200038000
1776200039.973,239.973,0.14,1.2,0.13,15.0,0.15,114.27,0.16,35.0,0.85,136.94,0.84,45.0,0.86,7.48,0.87,15.0,0.01,0.01,2315.42235,1776200038000
1776200040.272,240.272,0.14,1.2,0.13,15.0,0.15,114.27,0.16,35.0,0.85,114.27,0.84,35.0,0.86,1.2,0.87,15.0,0.01,0.01,2315.42124,1776200039000
1776200040.583,240.583,0.13,14.46,0.12,195.0,0.15,103.77,0.16,24.5,0.85,114.27,0.84,35.0,0.86,1.2,0.87,15.0,0.02,0.01,2315.42124,1776200039000
1776200040.994,240.994,0.13,6.71,0.12,195.0,0.14,10.0,0.15,42.0,0.85,103.77,0.84,43.5,0.87,2.97,0.88,195.0,0.01,0.02,2315.42124,1776200039000
1776200041.3,241.3,0.13,6.71,0.12,195.0,0.14,10.0,0.15,42.0,0.86,10.0,0.85,42.0,0.87,6.71,0.88,195.0,0.01,0.01,2315.418615,1776200040000
1776200041.739,241.739,0.07,8.81,0.06,10.0,0.09,320.0,0.1,43.0,0.91,16.0,0.9,43.0,0.92,12.5,0.93,10.0,0.02,0.01,2315.418615,1776200040000
1776200042.307,242.307,0.07,10.0,0.06,26.83,0.08,134.5,0.09,265.0,0.91,320.0,0.9,43.0,0.94,10.0,0.95,86.0,0.01,0.03,2315.418615,1776200040000
1776200042.632,242.632,0.06,26.83,0.05,106.0,0.08,109.5,0.09,265.0,0.92,139.5,0.91,265.0,0.93,5.0,0.94,26.83,0.02,0.01,2315.438715,1776200041000
1776200043.023,243.023,0.06,201.39,0.05,106.0,0.07,15.0,0.08,75.0,0.92,125.0,0.91,248.0,0.94,198.63,0.95,106.0,0.01,0.02,2315.438715,1776200041000
1776200043.4,243.4,0.07,56.0,0.06,192.61,0.08,75.0,0.09,248.0,0.93,15.0,0.92,75.0,0.94,197.61,0.95,81.0,0.01,0.01,2315.436055,1776200042000
1776200043.849,243.849,0.07,37.0,0.05,230.0,0.08,143.0,0.09,223.0,0.92,75.0,0.91,248.0,0.93,56.0,0.94,192.61,0.01,0.01,2315.436055,1776200042000
1776200044.054,244.054,0.05,168.93,0.04,194.48,0.08,131.0,0.09,223.0,0.92,148.0,0.91,223.0,0.93,7.0,0.95,230.0,0.03,0.01,2315.436055,1776200042000
1776200044.58,244.58,0.06,15.83,0.05,178.93,0.07,97.0,0.08,88.0,0.92,131.0,0.91,223.0,0.95,168.93,0.96,194.48,0.01,0.03,2315.148387,1776200043000
1776200044.896,244.896,0.05,178.93,0.04,185.8,0.07,72.71,0.08,88.0,0.93,97.0,0.92,88.0,0.94,3.0,0.95,178.93,0.02,0.01,2315.148387,1776200043000
1776200045.312,245.312,0.05,175.86,0.04,87.0,0.07,82.71,0.08,263.0,0.93,72.71,0.92,88.0,0.95,182.05,0.96,185.8,0.02,0.02,2314.93417,1776200044000
1776200045.902,245.902,0.05,171.64,0.04,87.0,0.07,82.71,0.08,268.0,0.93,77.71,0.92,263.0,0.95,173.75,0.96,87.0,0.02,0.02,2314.93417,1776200044000
1776200046.268,246.268,0.05,171.64,0.04,87.0,0.07,82.71,0.08,268.0,0.93,82.71,0.92,268.0,0.95,171.64,0.96,87.0,0.02,0.02,2314.931512,1776200045000
1776200047.02,247.02,0.05,8.94,0.04,87.0,0.07,99.71,0.08,268.0,0.93,82.71,0.92,268.0,0.95,96.64,0.96,87.0,0.02,0.02,2314.931512,1776200045000
1776200047.499,247.499,0.05,8.94,0.04,87.0,0.07,99.71,0.08,268.0,0.93,99.71,0.92,268.0,0.95,8.94,0.96,87.0,0.02,0.02,2314.911131,1776200046000
1776200047.945,247.945,0.05,4.72,0.04,82.0,0.06,113.0,0.07,205.0,0.93,64.85,0.92,273.0,0.95,6.83,0.96,87.0,0.01,0.02,2314.911131,1776200046000
1776200048.354,248.354,0.04,81.46,0.03,330.38,0.06,113.0,0.07,235.0,0.94,113.0,0.93,205.0,0.95,4.72,0.96,82.0,0.02,0.01,2314.910687,1776200047000
1776200048.58,248.58,0.04,261.46,0.03,330.38,0.06,88.0,0.07,245.0,0.94,113.0,0.93,235.0,0.96,81.46,0.97,330.38,0.02,0.02,2314.910687,1776200047000
1776200048.87,248.87,0.04,406.46,0.03,330.38,0.06,76.0,0.07,256.0,0.94,88.0,0.93,245.0,0.96,261.46,0.97,330.38,0.02,0.02,2314.910687,1776200047000
1776200049.169,249.169,0.04,406.46,0.03,330.38,0.06,76.0,0.07,256.0,0.94,76.0,0.93,256.0,0.96,406.46,0.97,330.38,0.02,0.02,2314.910567,1776200048000
1776200050.153,250.153,0.04,213.46,0.03,494.38,0.06,107.22,0.07,246.0,0.94,76.0,0.93,256.0,0.96,406.46,0.97,330.38,0.02,0.02,2314.910567,1776200048000
1776200050.545,250.545,0.04,231.71,0.03,494.38,0.06,162.55,0.07,236.0,0.94,90.55,0.93,246.0,0.96,208.46,0.97,494.38,0.02,0.02,2314.890715,1776200049000
1776200051.459,251.459,0.04,231.71,0.03,494.38,0.06,162.55,0.07,236.0,0.94,162.55,0.93,236.0,0.96,231.71,0.97,494.38,0.02,0.02,2314.851526,1776200050000
1776200051.675,251.675,0.04,231.71,0.03,456.38,0.05,110.0,0.06,95.55,0.94,162.55,0.93,236.0,0.96,231.71,0.97,494.38,0.01,0.02,2314.851526,1776200050000
1776200052.033,252.033,0.04,231.71,0.03,456.38,0.05,110.0,0.06,95.55,0.95,110.0,0.94,95.55,0.96,231.71,0.97,456.38,0.01,0.01,2314.859914,1776200051000
1776200052.268,252.268,0.04,219.62,0.03,430.38,0.05,115.0,0.06,125.55,0.95,110.0,0.94,125.55,0.96,229.62,0.97,440.38,0.01,0.01,2314.859914,1776200051000
1776200052.672,252.672,0.04,219.62,0.03,430.38,0.05,88.0,0.06,125.55,0.95,115.0,0.94,125.55,0.96,219.62,0.97,430.38,0.01,0.01,2314.859914,1776200051000
1776200053.057,253.057,0.04,82.12,0.03,306.68,0.05,88.0,0.06,125.55,0.95,88.0,0.94,125.55,0.96,82.12,0.97,306.68,0.01,0.01,2314.859564,1776200052000
1776200053.457,253.457,0.04,96.07,0.03,305.68,0.05,254.34,0.06,125.55,0.95,88.0,0.94,125.55,0.96,82.12,0.97,306.68,0.01,0.01,2314.859564,1776200052000
1776200054.237,254.237,0.04,96.07,0.03,305.68,0.05,254.34,0.06,125.55,0.95,254.34,0.94,125.55,0.96,96.07,0.97,305.68,0.01,0.01,2314.864501,1776200053000
1776200054.761,254.761,0.04,220.07,0.03,299.0,0.05,259.34,0.06,138.55,0.95,254.34,0.94,125.55,0.96,96.07,0.97,305.68,0.01,0.01,2314.864501,1776200053000
1776200055.558,255.558,0.04,220.07,0.03,299.0,0.05,259.34,0.06,138.55,0.95,259.34,0.94,138.55,0.96,220.07,0.97,299.0,0.01,0.01,2314.859894,1776200054000
1776200055.767,255.767,0.04,222.0,0.03,101.0,0.05,264.34,0.06,128.55,0.95,259.34,0.94,138.55,0.96,220.07,0.97,299.0,0.01,0.01,2314.859894,1776200054000
1776200056.13,256.13,0.04,215.0,0.03,101.0,0.05,264.34,0.06,128.55,0.95,264.34,0.94,128.55,0.96,215.0,0.97,101.0,0.01,0.01,2314.864798,1776200055000
1776200057.135,257.135,0.04,215.0,0.03,101.0,0.05,264.34,0.06,128.55,0.95,264.34,0.94,128.55,0.96,215.0,0.97,101.0,0.01,0.01,2314.8688,1776200056000
1776200057.875,257.875,0.04,13.95,0.03,101.0,0.05,315.34,0.06,85.55,0.95,264.34,0.94,128.55,0.96,215.0,0.97,101.0,0.01,0.01,2314.8688,1776200056000
1776200058.319,258.319,0.04,3.53,0.03,101.0,0.05,134.0,0.06,85.55,0.95,320.34,0.94,85.55,0.96,3.53,0.97,101.0,0.01,0.01,2314.8688,1776200056000
1776200058.549,258.549,0.04,2.48,0.03,101.0,0.05,139.0,0.06,85.55,0.95,134.0,0.94,85.55,0.96,3.53,0.97,101.0,0.01,0.01,2314.8734,1776200057000
1776200058.912,258.912,0.04,2.48,0.03,281.0,0.05,121.9,0.06,265.55,0.95,139.0,0.94,85.55,0.96,2.48,0.97,101.0,0.01,0.01,2314.8734,1776200057000
1776200059.61,259.61,0.04,2.48,0.03,281.0,0.05,121.9,0.06,265.55,0.95,121.9,0.94,265.55,0.96,2.48,0.97,281.0,0.01,0.01,2314.8688,1776200058000
1776200060.146,260.146,0.04,2.48,0.03,281.0,0.05,121.9,0.06,265.55,0.95,121.9,0.94,265.55,0.96,2.48,0.97,281.0,0.01,0.01,2314.8688,1776200059000
1776200060.35,260.35,0.03,278.03,0.02,475.49,0.05,223.16,0.06,265.55,0.95,121.9,0.94,265.55,0.96,2.48,0.97,281.0,0.02,0.01,2314.8688,1776200059000
1776200060.773,260.773,0.03,311.69,0.02,456.49,0.04,9.91,0.05,223.16,0.95,223.16,0.94,265.55,0.97,278.03,0.98,475.49,0.01,0.02,2314.8688,1776200059000
1776200061.134,261.134,0.03,306.38,0.02,478.49,0.04,108.24,0.05,106.9,0.96,9.91,0.95,223.16,0.97,311.69,0.98,456.49,0.01,0.01,2314.8688,1776200059000
1776200061.384,261.384,0.03,306.38,0.02,478.49,0.04,108.24,0.05,106.9,0.96,108.24,0.95,106.9,0.97,306.38,0.98,478.49,0.01,0.01,2314.8686,1776200060000
1776200061.889,261.889,0.03,290.34,0.02,501.49,0.04,108.24,0.05,106.9,0.96,108.24,0.95,106.9,0.97,291.38,0.98,530.49,0.01,0.01,2314.8686,1776200060000
1776200062.425,262.425,0.03,290.34,0.02,501.49,0.04,108.24,0.05,106.9,0.96,108.24,0.95,106.9,0.97,290.34,0.98,501.49,0.01,0.01,2314.86875,1776200061000
1776200062.997,262.997,0.03,290.34,0.02,501.49,0.04,108.24,0.05,106.9,0.96,108.24,0.95,106.9,0.97,290.34,0.98,501.49,0.01,0.01,2314.86945,1776200062000
1776200064.412,264.412,0.03,114.3,0.02,404.81,0.04,169.24,0.05,235.9,0.96,108.24,0.95,106.9,0.97,290.34,0.98,501.49,0.01,0.01,2314.86945,1776200062000
1776200064.705,264.705,0.03,99.3,0.02,224.81,0.04,154.24,0.05,55.9,0.96,169.24,0.95,235.9,0.97,114.3,0.98,404.81,0.01,0.01,2314.87335,1776200063000
1776200065.154,265.154,0.03,99.3,0.02,224.81,0.04,154.24,0.05,55.9,0.96,154.24,0.95,55.9,0.97,99.3,0.98,224.81,0.01,0.01,2314.87335,1776200064000
1776200065.375,265.375,0.03,94.14,0.02,224.81,0.04,154.24,0.05,65.9,0.96,154.24,0.95,55.9,0.97,99.3,0.98,224.81,0.01,0.01,2314.87335,1776200064000
1776200065.581,265.581,0.03,94.14,0.02,224.81,0.04,129.25,0.05,65.9,0.96,132.24,0.95,65.9,0.97,94.14,0.98,224.81,0.01,0.01,2314.87335,1776200064000
1776200065.93,265.93,0.03,79.82,0.02,224.81,0.04,104.25,0.05,65.9,0.96,129.25,0.95,65.9,0.97,79.82,0.98,224.81,0.01,0.01,2314.87335,1776200064000
1776200066.387,266.387,0.03,79.82,0.02,224.81,0.04,104.25,0.05,65.9,0.96,104.25,0.95,65.9,0.97,79.82,0.98,224.81,0.01,0.01,2314.868226,1776200065000
1776200066.636,266.636,0.03,51.51,0.02,219.81,0.04,104.25,0.05,141.7,0.96,104.25,0.95,141.7,0.97,66.75,0.98,219.81,0.01,0.01,2314.868226,1776200065000
1776200066.974,266.974,0.03,43.89,0.02,219.81,0.04,109.25,0.05,141.7,0.96,109.25,0.95,141.7,0.97,43.89,0.98,219.81,0.01,0.01,2314.871316,1776200066000
1776200067.197,267.197,0.02,245.73,0.01,7317.15,0.04,220.45,0.05,131.7,0.96,225.45,0.95,131.7,0.98,197.68,0.99,7317.15,0.02,0.02,2314.871316,1776200066000
1776200067.615,267.615,0.02,233.59,0.01,2262.15,0.03,32.16,0.04,230.45,0.97,25.16,0.96,230.45,0.98,245.73,0.99,7262.15,0.01,0.01,2314.871316,1776200066000
1776200067.882,267.882,0.02,231.54,0.01,2251.15,0.03,42.16,0.04,220.45,0.97,32.16,0.96,230.45,0.98,233.59,0.99,2262.15,0.01,0.01,2314.871316,1776200066000
1776200068.473,268.473,0.02,231.54,0.01,2251.15,0.03,42.16,0.04,220.45,0.97,42.16,0.96,220.45,0.98,231.54,0.99,2251.15,0.01,0.01,2314.867552,1776200067000
1776200068.748,268.748,0.02,234.54,0.01,2201.15,0.03,217.83,0.04,55.91,0.97,42.16,0.96,220.45,0.98,231.54,0.99,2251.15,0.01,0.01,2314.867552,1776200067000
1776200069.13,269.13,0.02,234.54,0.01,2201.15,0.03,217.83,0.04,55.91,0.97,217.83,0.96,55.91,0.98,234.54,0.99,2201.15,0.01,0.01,2314.867552,1776200068000
1776200070.001,270.001,0.02,35.21,0.01,2114.15,0.03,224.67,0.04,34.91,0.97,222.67,0.96,128.61,0.98,107.04,0.99,1669.55,0.01,0.01,2314.867552,1776200068000
1776200070.288,270.288,0.02,35.21,0.01,2114.15,0.03,224.67,0.04,34.91,0.97,224.67,0.96,34.91,0.98,35.21,0.99,2114.15,0.01,0.01,2314.8936,1776200069000
1776200070.545,270.545,0.01,2063.84,,,0.03,217.75,0.04,44.91,0.97,224.67,0.96,44.91,0.99,2063.84,,,0.02,0.02,2314.8936,1776200069000
1776200070.945,270.945,0.01,2011.04,,,0.02,187.7,0.03,49.0,0.98,5.1,0.97,217.75,0.99,2039.04,,,0.01,0.01,2314.8936,1776200069000
1776200071.493,271.493,0.01,1565.04,,,0.02,192.7,0.03,59.0,0.98,187.7,0.97,49.0,0.99,2011.04,,,0.01,0.01,2314.8936,1776200069000
1776200071.838,271.838,0.01,1439.99,,,0.02,192.7,0.03,59.0,0.98,192.7,0.97,59.0,0.99,1559.99,,,0.01,0.01,2314.888209,1776200070000
1776200072.156,272.156,0.01,1409.99,,,0.02,192.7,0.03,59.0,0.98,192.7,0.97,59.0,0.99,1439.99,,,0.01,0.01,2314.888209,1776200070000
1776200073.1,273.1,0.01,1408.29,,,0.02,192.7,0.03,59.0,0.98,192.7,0.97,59.0,0.99,1397.99,,,0.01,0.01,2314.867141,1776200071000
1776200073.353,273.353,0.01,1408.29,,,0.02,192.7,0.03,59.0,0.98,192.7,0.97,59.0,0.99,1408.29,,,0.01,0.01,2314.866037,1776200072000
1776200073.826,273.826,0.01,1362.78,,,0.02,190.78,0.03,69.0,0.98,190.78,0.97,69.0,0.99,1408.29,,,0.01,0.01,2314.866037,1776200072000
1776200074.083,274.083,0.01,1362.78,,,0.02,190.78,0.03,69.0,0.98,190.78,0.97,69.0,0.99,1362.78,,,0.01,0.01,2314.864831,1776200073000
1776200074.616,274.616,0.01,1351.66,,,0.02,195.78,0.03,69.0,0.98,190.78,0.97,69.0,0.99,1362.78,,,0.01,0.01,2314.864831,1776200073000
1776200075.254,275.254,0.01,1350.54,,,0.02,195.78,0.03,69.0,0.98,195.78,0.97,69.0,0.99,1350.54,,,0.01,0.01,2314.865506,1776200074000
1776200075.521,275.521,0.01,983.61,,,0.02,200.78,0.03,73.0,0.98,200.78,0.97,73.0,0.99,984.94,,,0.01,0.01,2314.865506,1776200074000
1776200076.494,276.494,0.01,983.61,,,0.02,200.78,0.03,73.0,0.98,200.78,0.97,73.0,0.99,983.61,,,0.01,0.01,2314.863506,1776200075000
1776200076.771,276.771,0.01,1082.09,,,0.02,190.78,0.03,63.0,0.98,200.78,0.97,73.0,0.99,983.61,,,0.01,0.01,2314.863506,1776200075000
1776200076.985,276.985,0.01,983.71,,,0.02,190.78,0.03,63.0,0.98,190.78,0.97,63.0,0.99,1082.09,,,0.01,0.01,2314.863506,1776200075000
1776200077.29,277.29,0.01,979.87,,,0.02,180.78,0.03,63.0,0.98,190.78,0.97,63.0,0.99,983.71,,,0.01,0.01,2314.863499,1776200076000
1776200077.647,277.647,0.01,974.87,,,0.02,190.78,0.03,63.0,0.98,180.78,0.97,63.0,0.99,979.87,,,0.01,0.01,2314.863499,1776200076000
1776200077.907,277.907,0.01,1067.55,,,0.02,170.78,0.03,27.0,0.98,190.78,0.97,63.0,0.99,974.87,,,0.01,0.01,2314.863499,1776200076000
1776200078.124,278.124,0.01,1067.55,,,0.02,150.78,0.03,27.0,0.98,150.78,0.97,27.0,0.99,1067.55,,,0.01,0.01,2314.86408,1776200077000
1776200078.584,278.584,0.01,947.87,,,0.02,181.78,0.03,59.0,0.98,150.78,0.97,27.0,0.99,1067.55,,,0.01,0.01,2314.86408,1776200077000
1776200079.123,279.123,,,,,0.01,1050.51,0.02,191.78,0.99,1050.51,0.98,191.78,,,,,,,2314.863675,1776200078000
1776200079.454,279.454,,,,,0.01,2716.45,0.02,45.0,0.99,2712.89,0.98,55.0,,,,,,,2314.863675,1776200078000
1776200080.263,280.263,,,,,0.01,2711.61,0.02,45.0,0.99,2711.61,0.98,45.0,,,,,,,2315.01661,1776200079000
1776200081.235,281.235,,,,,0.01,2807.94,0.02,35.0,0.99,2711.61,0.98,45.0,,,,,,,2315.01661,1776200079000
1776200082.386,282.386,,,,,0.01,2807.94,0.02,35.0,0.99,2807.94,0.98,35.0,,,,,,,2313.867754,1776200081000
1776200082.919,282.919,,,,,0.01,2807.94,0.02,35.0,0.99,2807.94,0.98,35.0,,,,,,,2313.850495,1776200082000
1776200084.048,284.048,,,,,0.01,2807.94,0.02,35.0,0.99,2807.94,0.98,35.0,,,,,,,2314.030743,1776200083000
1776200085.07,285.07,,,,,0.01,2807.94,0.02,35.0,0.99,2807.94,0.98,35.0,,,,,,,2314.163356,1776200084000
1776200086.161,286.161,,,,,0.01,2807.94,0.02,35.0,0.99,2807.94,0.98,35.0,,,,,,,2314.181558,1776200085000
1776200087.091,287.091,,,,,0.01,6539.67,0.02,20.0,0.99,2807.94,0.98,35.0,,,,,,,2314.181558,1776200085000
1776200088.272,288.272,,,,,0.01,6539.67,0.02,20.0,0.99,6539.67,0.98,20.0,,,,,,,2314.098519,1776200087000
1776200089.258,289.258,,,,,0.01,6539.67,0.02,20.0,0.99,6539.67,0.98,20.0,,,,,,,2314.128926,1776200088000
1776200090.318,290.318,,,,,0.01,6539.67,0.02,20.0,0.99,6539.67,0.98,20.0,,,,,,,2314.31173,1776200089000
1776200092.039,292.039,,,,,0.01,6539.67,0.02,20.0,0.99,6539.67,0.98,20.0,,,,,,,2314.450615,1776200090000
1776200092.722,292.722,,,,,0.01,6539.67,0.02,20.0,0.99,6539.67,0.98,20.0,,,,,,,2314.484882,1776200091000
1776200093.359,293.359,,,,,0.01,5658.52,0.02,20.0,0.99,5658.52,0.98,20.0,,,,,,,2314.673576,1776200092000
1776200093.681,293.681,,,,,0.01,6088.6,0.02,20.0,0.99,5658.52,0.98,20.0,,,,,,,2314.673576,1776200092000
1776200094.327,294.327,,,,,0.01,6088.6,0.02,20.0,0.99,6088.6,0.98,20.0,,,,,,,2314.621475,1776200093000
1776200095.572,295.572,,,,,0.01,6088.6,0.02,20.0,0.99,6088.6,0.98,20.0,,,,,,,2314.472803,1776200094000
1776200096.226,296.226,,,,,0.01,6674.32,0.02,20.0,0.99,6674.32,0.98,20.0,,,,,,,2314.445735,1776200095000
1776200097.444,297.444,,,,,0.01,6674.32,0.02,20.0,0.99,6674.32,0.98,20.0,,,,,,,2314.388668,1776200096000
1776200098.068,298.068,,,,,0.01,6674.32,0.02,20.0,0.99,6674.32,0.98,20.0,,,,,,,2314.383877,1776200097000
1776200099.468,299.468,,,,,0.01,6674.32,0.02,20.0,0.99,6674.32,0.98,20.0,,,,,,,2314.097297,1776200098000
1776200100.004,300.004,,,,,0.01,6674.32,0.02,20.0,0.99,6674.32,0.98,20.0,,,,,,,2314.086493,1776200099000
1776200100.747,300.747,,,,,0.01,36478.88,0.02,85.0,0.99,6674.32,0.98,20.0,,,,,,,2314.086493,1776200099000

# RESULT,winner=Down,slug=eth-updown-5m-1776199800,ticks=525
