timestamp,elapsed_sec,up_bid_p1,up_bid_s1,up_bid_p2,up_bid_s2,up_ask_p1,up_ask_s1,up_ask_p2,up_ask_s2,down_bid_p1,down_bid_s1,down_bid_p2,down_bid_s2,down_ask_p1,down_ask_s1,down_ask_p2,down_ask_s2,up_spread,down_spread,eth_price,eth_oracle_ts
1776346200.694,0.694,0.45,8.88,0.4,38.0,0.46,5.0,0.47,82.0,0.54,10.0,0.53,82.0,0.55,8.88,0.6,38.0,0.01,0.01,2349.334825,1776346199000
1776346200.9,0.9,0.45,8.88,0.4,38.0,0.48,430.43,0.49,411.0,0.53,13.16,0.52,438.38,0.55,8.88,0.6,38.0,0.03,0.02,2349.334825,1776346199000
1776346201.165,1.165,0.45,8.88,0.4,38.0,0.49,379.09,0.5,40.84,0.52,230.39,0.51,411.0,0.55,13.88,0.6,38.0,0.04,0.03,2349.334825,1776346199000
1776346201.468,1.468,0.48,5.0,0.47,5.0,0.49,160.0,0.5,40.84,0.51,165.0,0.5,40.84,0.52,5.0,0.53,5.0,0.01,0.01,2349.354825,1776346200000
1776346201.711,1.711,0.48,5.0,0.47,5.0,0.49,155.0,0.5,45.84,0.51,160.0,0.5,40.84,0.52,5.0,0.53,5.0,0.01,0.01,2349.354825,1776346200000
1776346201.954,1.954,0.47,12.0,0.46,19.0,0.49,79.58,0.5,45.84,0.51,79.58,0.5,45.84,0.52,175.0,0.53,12.0,0.02,0.01,2349.354825,1776346200000
1776346202.158,2.158,0.47,5.38,0.45,8.88,0.49,49.49,0.5,45.84,0.51,49.49,0.5,45.84,0.53,9.16,0.55,8.88,0.02,0.02,2349.354825,1776346200000
1776346202.437,2.437,0.47,10.38,0.45,8.88,0.49,29.49,0.5,45.84,0.51,39.49,0.5,45.84,0.53,5.38,0.55,8.88,0.02,0.02,2349.762794,1776346201000
1776346202.673,2.673,0.47,0.94,0.45,8.88,0.49,29.49,0.5,55.84,0.51,29.49,0.5,45.84,0.53,10.38,0.55,8.88,0.02,0.02,2349.762794,1776346201000
1776346203.03,3.03,0.48,6.22,0.47,5.0,0.5,55.71,0.62,13.0,0.51,9.87,0.5,55.84,0.53,5.0,0.55,8.88,0.02,0.02,2349.762794,1776346201000
1776346203.399,3.399,0.55,5.0,0.54,5.0,0.56,6.46,0.57,80.0,0.42,30.0,0.38,14.0,0.49,45.0,0.51,30.0,0.01,0.07,2350.528744,1776346202000
1776346203.605,3.605,0.53,4.15,0.52,15.0,0.55,40.0,0.56,7.92,0.45,10.0,0.44,2.92,0.47,4.37,0.48,15.0,0.02,0.02,2350.528744,1776346202000
1776346203.871,3.871,0.49,9.9,0.48,10.0,0.5,15.0,0.51,135.0,0.49,10.2,0.48,10.0,0.51,15.0,0.52,5.0,0.01,0.02,2350.528744,1776346202000
1776346204.088,4.088,0.46,24.13,0.45,23.88,0.51,205.0,0.52,85.0,0.49,205.0,0.48,85.0,0.53,6.22,0.54,27.0,0.05,0.04,2350.528744,1776346202000
1776346204.525,4.525,0.47,0.54,0.46,5.0,0.48,28.77,0.49,10.0,0.52,23.77,0.5,35.0,0.53,10.0,0.54,28.0,0.01,0.01,2350.616056,1776346203000
1776346204.74,4.74,0.45,8.88,0.44,15.0,0.47,10.0,0.48,20.0,0.52,15.0,0.51,15.0,0.54,10.0,0.55,23.88,0.02,0.02,2350.616056,1776346203000
1776346205.401,5.401,0.38,25.0,0.36,5.5,0.39,38.23,0.4,25.0,0.54,10.0,0.53,15.0,0.58,5.0,0.59,5.0,0.01,0.04,2350.340484,1776346204000
1776346205.731,5.731,0.31,36.49,0.3,5.0,0.32,15.0,0.33,15.0,0.63,22.93,0.62,15.0,0.65,10.0,0.69,5.32,0.01,0.02,2350.340484,1776346204000
1776346205.964,5.964,0.31,36.49,0.3,10.0,0.32,15.0,0.33,22.46,0.68,15.0,0.67,15.0,0.69,36.49,0.7,5.0,0.01,0.01,2350.340484,1776346204000
1776346206.185,6.185,0.31,1.49,0.29,50.0,0.32,9.2,0.33,15.0,0.68,15.0,0.67,22.46,0.69,36.49,0.7,10.0,0.01,0.01,2350.340484,1776346204000
1776346206.407,6.407,0.29,43.06,0.28,25.0,0.32,34.2,0.33,15.0,0.68,34.2,0.67,25.0,0.7,4.45,0.71,50.0,0.03,0.02,2349.50677,1776346205000
1776346206.801,6.801,0.29,6.22,0.28,112.12,0.3,39.2,0.31,15.0,0.7,10.0,0.69,5.0,0.71,33.06,0.72,112.12,0.01,0.01,2349.50677,1776346205000
1776346207.261,7.261,0.28,87.12,0.27,15.0,0.29,15.0,0.3,15.0,0.71,11.55,0.7,15.0,0.72,96.59,0.73,450.0,0.01,0.01,2349.50677,1776346205000
1776346207.803,7.803,0.28,110.12,0.27,41.0,0.29,10.0,0.3,15.0,0.7,15.0,0.69,15.0,0.71,5.0,0.72,87.12,0.01,0.01,2348.888015,1776346206000
1776346208.315,8.315,0.28,177.39,0.27,141.0,0.29,15.0,0.3,15.0,0.71,10.0,0.7,15.0,0.72,110.12,0.73,41.0,0.01,0.01,2348.565594,1776346207000
1776346209.077,9.077,0.28,112.68,0.27,41.0,0.29,11.55,0.3,15.0,0.71,15.0,0.7,15.0,0.72,201.68,0.73,46.0,0.01,0.01,2348.21042,1776346208000
1776346209.956,9.956,0.28,94.48,0.27,21.0,0.29,29.0,0.3,15.0,0.71,25.55,0.7,15.0,0.72,112.48,0.73,21.0,0.01,0.01,2348.21042,1776346208000
1776346210.426,10.426,0.28,133.48,0.27,61.0,0.29,39.0,0.3,15.0,0.71,29.0,0.7,15.0,0.72,94.48,0.73,21.0,0.01,0.01,2348.002917,1776346209000
1776346210.782,10.782,0.28,30.0,0.27,5.0,0.29,268.2,0.3,50.0,0.71,48.2,0.7,15.0,0.72,37.0,0.73,21.0,0.01,0.01,2348.002917,1776346209000
1776346210.983,10.983,0.26,55.34,0.25,142.0,0.28,95.32,0.29,330.2,0.72,95.32,0.71,330.2,0.73,5.0,0.74,57.0,0.02,0.01,2348.024131,1776346210000
1776346211.264,11.264,0.25,84.44,0.24,25.0,0.26,99.5,0.27,25.5,0.74,70.0,0.73,15.0,0.75,94.44,0.76,25.0,0.01,0.01,2348.024131,1776346210000
1776346211.563,11.563,0.25,70.1,0.24,35.0,0.26,84.5,0.27,20.5,0.74,84.5,0.73,20.5,0.75,95.77,0.76,25.0,0.01,0.01,2348.024131,1776346210000
1776346212.097,12.097,0.23,25.0,0.21,17.0,0.26,195.5,0.27,20.5,0.74,119.5,0.73,20.5,0.75,46.0,0.76,35.0,0.03,0.01,2348.011488,1776346211000
1776346212.357,12.357,0.21,8.6,0.2,10.0,0.22,45.0,0.24,143.0,0.78,10.0,0.76,128.0,0.79,10.68,0.8,10.0,0.01,0.01,2348.011488,1776346211000
1776346213.051,13.051,0.17,6.79,0.16,50.0,0.2,30.0,0.21,200.0,0.78,55.0,0.77,10.0,0.8,10.0,0.81,45.0,0.03,0.02,2347.515767,1776346212000
1776346213.568,13.568,0.17,6.79,0.16,25.0,0.18,69.44,0.19,30.0,0.8,30.0,0.79,200.0,0.83,6.79,0.84,50.0,0.01,0.03,2347.515767,1776346212000
1776346214.127,14.127,0.15,40.0,0.14,74.0,0.16,30.0,0.17,20.0,0.82,69.44,0.81,30.0,0.85,56.64,0.86,74.0,0.01,0.03,2346.5323,1776346213000
1776346214.427,14.427,0.14,69.0,0.12,147.0,0.15,40.0,0.16,152.0,0.84,30.0,0.83,20.0,0.85,40.0,0.86,74.0,0.01,0.01,2346.5323,1776346213000
1776346214.656,14.656,0.14,44.0,0.12,30.0,0.15,141.66,0.16,20.0,0.85,40.0,0.84,152.0,0.86,69.0,0.88,147.0,0.01,0.01,2346.5323,1776346213000
1776346214.937,14.937,0.12,17.08,0.11,183.0,0.13,15.0,0.14,15.0,0.85,249.0,0.84,45.0,0.88,18.68,0.89,183.0,0.01,0.03,2346.5323,1776346213000
1776346215.159,15.159,0.12,17.08,0.11,183.0,0.13,113.03,0.14,20.0,0.87,15.0,0.86,15.0,0.88,17.08,0.89,183.0,0.01,0.01,2346.5323,1776346213000
1776346215.514,15.514,0.11,19.46,0.1,30.0,0.12,120.0,0.13,25.5,0.88,25.0,0.87,25.5,0.89,181.76,0.9,68.0,0.01,0.01,2346.5323,1776346213000
1776346215.885,15.885,0.1,126.95,0.09,54.0,0.11,86.0,0.12,71.0,0.89,1.0,0.88,30.0,0.9,147.0,0.91,11.0,0.01,0.01,2346.5323,1776346213000
1776346216.214,16.214,0.1,73.01,0.09,11.0,0.11,84.0,0.12,26.0,0.89,74.0,0.88,26.0,0.9,25.88,0.91,11.0,0.01,0.01,2344.644948,1776346214000
1776346216.666,16.666,0.1,223.01,0.09,21.0,0.11,69.0,0.12,25.0,0.89,69.0,0.88,46.0,0.9,98.01,0.91,11.0,0.01,0.01,2344.301792,1776346215000
1776346217.088,17.088,0.11,85.0,0.1,120.5,0.12,24.91,0.13,42.0,0.88,3.91,0.87,21.5,0.9,196.0,0.91,21.0,0.01,0.02,2344.301792,1776346215000
1776346217.47,17.47,0.11,74.94,0.1,263.5,0.12,48.76,0.13,39.5,0.88,18.91,0.87,49.5,0.89,79.94,0.9,115.5,0.01,0.01,2344.28504,1776346216000
1776346217.974,17.974,0.1,178.5,0.09,11.0,0.11,25.0,0.12,28.91,0.88,48.76,0.87,39.5,0.89,64.94,0.9,146.5,0.01,0.01,2344.28504,1776346216000
1776346218.185,18.185,0.1,36.04,0.09,11.0,0.11,15.0,0.12,10.0,0.86,39.1,0.85,30.0,0.9,56.5,0.91,11.0,0.01,0.04,2344.28504,1776346216000
1776346218.464,18.464,0.09,11.0,0.08,253.0,0.12,122.52,0.13,20.5,0.89,15.0,0.88,10.0,0.9,36.04,0.91,11.0,0.03,0.01,2344.235237,1776346217000
1776346218.725,18.725,0.08,264.0,0.07,187.0,0.09,15.0,0.1,15.0,0.91,15.0,0.9,25.0,0.92,248.0,0.93,187.0,0.01,0.01,2344.235237,1776346217000
1776346219.81,19.81,0.08,303.0,0.07,409.09,0.1,28.0,0.11,20.5,0.91,15.0,0.9,15.0,0.92,264.0,0.93,187.0,0.02,0.01,2344.305608,1776346218000
1776346220.679,20.679,0.09,772.0,0.08,71.0,0.1,15.0,0.11,10.0,0.9,28.0,0.89,20.5,0.92,303.0,0.93,409.09,0.01,0.02,2344.33065,1776346219000
1776346221.527,21.527,0.09,638.84,0.08,188.0,0.1,47.0,0.11,10.0,0.9,15.0,0.89,10.0,0.91,755.84,0.92,71.0,0.01,0.01,2344.08116,1776346220000
1776346221.914,21.914,0.09,598.84,0.08,198.0,0.1,44.27,0.11,34.18,0.9,47.0,0.89,10.0,0.91,638.84,0.92,188.0,0.01,0.01,2344.08116,1776346220000
1776346222.644,22.644,0.09,750.84,0.08,91.0,0.1,44.27,0.11,20.0,0.9,44.27,0.89,34.18,0.91,598.84,0.92,198.0,0.01,0.01,2344.025924,1776346221000
1776346222.883,22.883,0.09,786.84,0.08,81.0,0.1,30.27,0.11,10.0,0.9,44.27,0.89,20.0,0.91,750.84,0.92,91.0,0.01,0.01,2344.025924,1776346221000
1776346223.501,23.501,0.09,598.84,0.08,223.0,0.1,14.87,0.11,10.0,0.9,20.27,0.89,10.0,0.91,791.84,0.92,81.0,0.01,0.01,2344.233324,1776346222000
1776346223.787,23.787,0.09,641.84,0.08,223.0,0.1,1.87,0.11,10.0,0.9,14.87,0.89,10.0,0.91,598.84,0.92,223.0,0.01,0.01,2344.233324,1776346222000
1776346224.145,24.145,0.09,663.84,0.08,258.0,0.1,5.14,0.11,22.74,0.9,1.87,0.89,10.0,0.91,641.84,0.92,223.0,0.01,0.01,2344.233324,1776346222000
1776346224.562,24.562,0.11,752.56,0.1,35.0,0.12,55.0,0.13,157.0,0.88,38.0,0.87,15.0,0.89,22.12,0.91,672.84,0.01,0.01,2344.423664,1776346223000
1776346224.973,24.973,0.11,887.62,0.1,162.0,0.12,37.08,0.13,5.0,0.88,34.08,0.87,147.0,0.89,743.56,0.9,35.0,0.01,0.01,2344.565002,1776346224000
1776346225.638,25.638,0.16,132.0,0.15,256.0,0.18,127.13,0.19,37.35,0.86,138.07,0.85,5.0,0.87,45.5,0.88,107.18,0.02,0.01,2344.565002,1776346224000
1776346225.915,25.915,0.17,44.41,0.16,177.0,0.18,117.0,0.19,32.35,0.82,127.13,0.81,37.35,0.84,132.0,0.85,256.0,0.01,0.02,2344.565002,1776346224000
1776346226.123,26.123,0.17,132.97,0.16,177.0,0.18,74.38,0.19,32.35,0.82,74.38,0.81,32.35,0.83,85.0,0.84,177.0,0.01,0.01,2344.665071,1776346225000
1776346226.342,26.342,0.17,139.0,0.16,134.0,0.18,87.38,0.19,42.35,0.82,14.38,0.81,32.35,0.83,166.97,0.84,177.0,0.01,0.01,2344.665071,1776346225000
1776346226.699,26.699,0.18,28.01,0.17,195.7,0.19,149.35,0.2,38.0,0.82,132.38,0.81,32.35,0.83,264.49,0.84,144.5,0.01,0.01,2344.665071,1776346225000
1776346226.937,26.937,0.18,58.5,0.17,166.7,0.19,104.35,0.2,40.0,0.81,119.35,0.8,48.0,0.82,38.5,0.83,166.7,0.01,0.01,2344.665071,1776346225000
1776346227.155,27.155,0.18,29.5,0.17,166.7,0.19,112.35,0.2,40.0,0.81,104.35,0.8,40.0,0.82,58.5,0.83,166.7,0.01,0.01,2344.665071,1776346225000
1776346227.607,27.607,0.18,29.5,0.17,283.7,0.19,3.0,0.2,30.0,0.81,112.35,0.8,40.0,0.82,29.5,0.83,166.7,0.01,0.01,2344.665071,1776346225000
1776346227.946,27.946,0.19,70.0,0.18,119.5,0.2,129.5,0.21,10.0,0.8,135.0,0.79,10.0,0.82,153.5,0.83,408.7,0.01,0.02,2344.665071,1776346225000
1776346228.889,28.889,0.19,192.56,0.18,140.0,0.2,7.5,0.21,145.14,0.8,134.5,0.79,10.0,0.81,60.0,0.82,109.5,0.01,0.01,2346.506692,1776346227000
1776346229.6,29.6,0.22,156.5,0.21,108.5,0.23,107.0,0.24,5.0,0.8,2.0,0.79,145.14,0.81,187.56,0.82,140.0,0.01,0.01,2346.506692,1776346227000
1776346231.363,31.363,0.22,28.5,0.21,35.5,0.23,164.21,0.24,29.0,0.77,97.21,0.76,5.0,0.78,99.5,0.79,58.5,0.01,0.01,2347.350262,1776346230000
1776346231.67,31.67,0.22,12.5,0.21,15.0,0.23,109.21,0.24,10.0,0.77,164.21,0.76,29.0,0.8,22.34,0.81,172.56,0.01,0.03,2347.350262,1776346230000
1776346232.378,32.378,0.22,17.09,0.21,15.0,0.23,109.21,0.24,20.0,0.77,109.21,0.76,10.0,0.78,6.08,0.79,15.0,0.01,0.01,2347.350262,1776346230000
1776346233.17,33.17,0.22,240.0,0.21,150.0,0.23,41.75,0.24,122.0,0.77,109.21,0.76,20.0,0.78,17.09,0.79,15.0,0.01,0.01,2347.128278,1776346232000
1776346233.662,33.662,0.22,10.0,0.19,233.11,0.23,207.44,0.24,29.0,0.77,23.44,0.76,122.0,0.78,273.0,0.79,150.0,0.01,0.01,2347.128278,1776346232000
1776346234.08,34.08,0.19,238.11,0.18,120.0,0.23,207.44,0.24,29.0,0.77,207.44,0.76,29.0,0.78,10.0,0.81,233.11,0.04,0.01,2347.193998,1776346233000
1776346234.546,34.546,0.18,398.0,0.17,26.0,0.2,13.25,0.21,23.0,0.77,207.44,0.76,29.0,0.81,238.11,0.82,120.0,0.02,0.04,2347.193998,1776346233000
1776346235.157,35.157,0.18,251.0,0.17,140.28,0.19,8.0,0.2,8.0,0.8,13.25,0.79,23.0,0.82,398.0,0.83,26.0,0.01,0.02,2347.302072,1776346234000
1776346235.481,35.481,0.18,506.0,0.17,265.78,0.19,2.73,0.2,8.0,0.81,8.0,0.8,8.0,0.82,251.0,0.83,140.28,0.01,0.01,2347.302072,1776346234000
1776346235.76,35.76,0.19,305.0,0.18,224.0,0.21,6.33,0.22,5.0,0.81,2.73,0.8,8.0,0.82,506.0,0.83,265.78,0.02,0.01,2347.302072,1776346234000
1776346236.119,36.119,0.22,228.28,0.21,171.0,0.23,38.44,0.24,127.0,0.79,6.33,0.78,5.0,0.81,305.0,0.82,224.0,0.01,0.02,2346.86,1776346235000
1776346239.277,39.277,0.21,23.7,0.2,82.5,0.22,200.5,0.23,110.93,0.77,38.44,0.76,127.0,0.78,228.28,0.79,171.0,0.01,0.01,2347.017425,1776346237000
1776346240.448,40.448,0.21,28.7,0.2,72.5,0.22,218.49,0.23,97.49,0.78,200.5,0.77,110.93,0.79,23.7,0.8,82.5,0.01,0.01,2347.036544,1776346239000
1776346240.669,40.669,0.2,12.5,0.19,48.4,0.21,179.8,0.22,255.5,0.79,42.3,0.78,376.49,0.8,47.5,0.81,48.4,0.01,0.01,2347.036544,1776346239000
1776346241.606,41.606,0.19,15.0,0.18,100.0,0.2,279.3,0.21,196.8,0.8,15.0,0.79,330.8,0.81,14.35,0.82,124.4,0.01,0.01,2346.779138,1776346240000
1776346241.81,41.81,0.16,141.41,0.15,88.2,0.19,10.0,0.2,272.3,0.81,10.0,0.8,272.3,0.84,143.8,0.85,88.2,0.03,0.03,2346.779138,1776346240000
1776346242.71,42.71,0.15,205.2,0.14,64.9,0.16,20.4,0.17,159.49,0.83,42.04,0.82,92.49,0.84,146.6,0.85,88.2,0.01,0.01,2346.54038,1776346241000
1776346243.465,43.465,0.15,140.95,0.14,64.9,0.16,206.89,0.17,49.5,0.84,20.4,0.83,159.49,0.85,205.2,0.86,64.9,0.01,0.01,2346.54038,1776346241000
1776346243.827,43.827,0.15,110.81,0.14,64.9,0.16,206.89,0.17,49.5,0.84,176.89,0.83,49.5,0.85,120.95,0.86,64.9,0.01,0.01,2345.989113,1776346242000
1776346244.559,44.559,0.15,10.06,0.14,191.9,0.16,203.89,0.17,102.87,0.84,206.89,0.83,49.5,0.85,110.81,0.86,64.9,0.01,0.01,2345.737991,1776346243000
1776346244.858,44.858,0.15,5.06,0.14,191.9,0.16,200.26,0.17,219.87,0.84,200.26,0.83,219.87,0.85,10.06,0.86,191.9,0.01,0.01,2345.737991,1776346243000
1776346245.087,45.087,0.14,191.9,0.13,41.8,0.15,296.12,0.16,195.26,0.84,200.26,0.83,219.87,0.85,3.88,0.86,191.9,0.01,0.01,2345.737991,1776346243000
1776346246.442,46.442,0.14,136.9,0.13,41.8,0.15,41.5,0.16,111.44,0.85,382.11,0.84,155.81,0.86,191.9,0.87,41.8,0.01,0.01,2345.369291,1776346245000
1776346246.758,46.758,0.14,20.0,0.13,127.0,0.15,51.04,0.16,111.44,0.85,46.5,0.84,111.44,0.86,14.08,0.87,158.8,0.01,0.01,2345.369291,1776346245000
1776346247.308,47.308,0.14,194.75,0.13,10.0,0.15,26.5,0.16,116.44,0.85,51.04,0.84,111.44,0.86,20.0,0.87,127.0,0.01,0.01,2345.297424,1776346246000
1776346247.888,47.888,0.14,204.75,0.13,10.0,0.15,24.37,0.16,111.44,0.85,26.5,0.84,116.44,0.86,194.75,0.87,10.0,0.01,0.01,2345.297424,1776346246000
1776346248.424,48.424,0.14,202.75,0.13,10.0,0.15,30.33,0.16,116.44,0.85,29.37,0.84,116.44,0.86,207.75,0.87,10.0,0.01,0.01,2345.297424,1776346246000
1776346248.907,48.907,0.14,197.75,0.13,41.8,0.15,30.33,0.16,116.44,0.85,30.33,0.84,116.44,0.86,202.75,0.87,10.0,0.01,0.01,2345.297424,1776346246000
1776346249.416,49.416,0.13,349.8,0.12,151.19,0.15,19.33,0.16,45.9,0.86,98.41,0.85,30.33,0.87,41.8,0.88,89.19,0.02,0.01,2345.335447,1776346247000
1776346249.813,49.813,0.14,252.0,0.13,173.8,0.16,45.9,0.17,55.5,0.85,19.33,0.84,45.9,0.87,349.8,0.88,151.19,0.02,0.02,2345.335447,1776346247000
1776346250.496,50.496,0.15,424.0,0.14,72.0,0.16,25.4,0.17,45.0,0.84,45.9,0.83,55.5,0.86,252.0,0.87,173.8,0.01,0.02,2345.294324,1776346248000
1776346250.893,50.893,0.15,473.0,0.14,75.12,0.16,1.4,0.17,35.0,0.84,16.4,0.83,45.0,0.85,424.0,0.86,20.0,0.01,0.01,2345.294324,1776346248000
1776346254.731,54.731,0.15,65.32,0.14,100.02,0.16,11.4,0.17,132.0,0.84,1.4,0.83,35.0,0.85,473.0,0.86,75.12,0.01,0.01,2346.234202,1776346253000
1776346255.244,55.244,0.15,28.2,0.14,104.9,0.16,155.4,0.17,15.0,0.84,11.4,0.83,132.0,0.85,65.32,0.86,100.02,0.01,0.01,2346.292181,1776346254000
1776346256.484,56.484,0.15,561.82,0.14,203.9,0.16,48.0,0.18,20.0,0.84,155.4,0.83,15.0,0.85,28.2,0.86,104.9,0.01,0.01,2346.292181,1776346254000
1776346256.703,56.703,0.16,92.5,0.15,687.82,0.18,10.0,0.19,117.0,0.84,7.5,0.82,20.0,0.85,596.82,0.86,139.9,0.02,0.01,2346.346767,1776346255000
1776346257.124,57.124,0.18,180.0,0.17,38.0,0.19,109.26,0.2,40.0,0.81,69.26,0.8,40.0,0.82,53.27,0.83,24.0,0.01,0.01,2346.346767,1776346255000
1776346257.479,57.479,0.16,107.0,0.15,152.2,0.17,54.0,0.18,141.0,0.81,103.85,0.8,40.0,0.82,142.0,0.83,38.0,0.01,0.01,2346.266491,1776346256000
1776346259.169,59.169,0.16,199.8,0.15,98.2,0.17,102.0,0.2,10.0,0.83,71.0,0.82,241.0,0.84,121.9,0.85,152.2,0.01,0.01,2346.665241,1776346257000
1776346259.41,59.41,0.19,28.5,0.18,10.0,0.2,9.9,0.21,30.0,0.83,102.0,0.8,10.0,0.84,199.8,0.85,98.2,0.01,0.01,2346.616643,1776346258000
1776346259.702,59.702,0.19,164.38,0.18,24.0,0.21,29.9,0.22,127.0,0.8,9.9,0.79,30.0,0.81,28.5,0.82,10.0,0.02,0.01,2346.616643,1776346258000
1776346260.176,60.176,0.2,138.38,0.19,75.0,0.21,171.9,0.22,25.0,0.79,29.9,0.78,127.0,0.81,164.38,0.82,24.0,0.01,0.02,2346.616643,1776346258000
1776346260.443,60.443,0.2,220.0,0.19,35.0,0.21,157.0,0.22,25.0,0.79,171.9,0.78,25.0,0.8,138.38,0.81,75.0,0.01,0.01,2346.616643,1776346258000
1776346260.842,60.842,0.2,188.0,0.19,40.0,0.21,135.0,0.22,25.0,0.79,157.0,0.78,25.0,0.8,220.0,0.81,35.0,0.01,0.01,2346.468317,1776346259000
1776346261.181,61.181,0.2,36.76,0.19,45.0,0.21,135.0,0.22,25.0,0.79,130.0,0.78,25.0,0.8,146.75,0.81,45.0,0.01,0.01,2346.468317,1776346259000
1776346261.824,61.824,0.19,28.6,0.18,24.0,0.21,162.0,0.22,55.0,0.79,135.0,0.78,25.0,0.8,36.76,0.81,45.0,0.02,0.01,2346.565674,1776346260000
1776346262.772,62.772,0.18,82.0,0.17,247.5,0.19,62.73,0.2,23.0,0.79,162.0,0.78,55.0,0.81,28.6,0.82,24.0,0.01,0.02,2347.061732,1776346261000
1776346264.143,64.143,0.19,186.12,0.18,177.0,0.2,13.0,0.21,127.0,0.81,62.73,0.8,23.0,0.82,82.0,0.83,247.5,0.01,0.01,2346.980926,1776346262000
1776346264.697,64.697,0.2,312.62,0.19,222.0,0.21,1.0,0.22,15.0,0.8,13.0,0.79,127.0,0.81,186.12,0.82,177.0,0.01,0.01,2346.780122,1776346263000
1776346265.081,65.081,0.21,163.93,0.2,90.0,0.22,20.0,0.23,172.0,0.78,15.0,0.77,55.0,0.8,312.62,0.81,222.0,0.01,0.02,2346.780122,1776346263000
1776346265.955,65.955,0.21,322.16,0.2,150.15,0.22,10.0,0.23,40.0,0.78,20.0,0.77,172.0,0.79,163.93,0.8,90.0,0.01,0.01,2346.913,1776346264000
1776346266.157,66.157,0.21,482.16,0.2,159.15,0.23,40.0,0.24,25.0,0.78,10.0,0.77,40.0,0.79,322.16,0.8,150.15,0.02,0.01,2346.913,1776346264000
1776346266.368,66.368,0.23,18.0,0.22,118.0,0.26,60.0,0.27,167.0,0.77,40.0,0.76,25.0,0.79,482.16,0.8,159.15,0.03,0.02,2346.98288,1776346265000
1776346266.713,66.713,0.25,71.76,0.24,17.0,0.26,167.0,0.27,50.0,0.74,60.0,0.73,167.0,0.77,18.0,0.78,118.0,0.01,0.03,2346.98288,1776346265000
1776346267.113,67.113,0.25,21.0,0.24,27.0,0.26,152.46,0.27,60.0,0.74,167.0,0.73,50.0,0.75,71.76,0.76,17.0,0.01,0.01,2347.15907,1776346266000
1776346267.371,67.371,0.25,63.84,0.24,69.51,0.26,176.66,0.27,60.0,0.74,168.46,0.73,60.0,0.76,36.0,0.77,10.0,0.01,0.02,2347.15907,1776346266000
1776346268.274,68.274,0.25,13.86,0.24,7.0,0.26,202.96,0.27,70.5,0.74,157.46,0.73,60.0,0.75,20.53,0.76,59.51,0.01,0.01,2347.410348,1776346267000
1776346268.699,68.699,0.22,20.0,0.21,20.0,0.23,38.52,0.24,139.0,0.74,202.96,0.73,70.5,0.75,13.86,0.76,7.0,0.01,0.01,2347.410348,1776346267000
1776346268.969,68.969,0.22,3.71,0.21,20.0,0.23,180.52,0.24,32.5,0.77,38.52,0.76,139.0,0.78,20.0,0.79,20.0,0.01,0.01,2347.410348,1776346267000
1776346269.383,69.383,0.2,105.27,0.19,139.0,0.21,20.0,0.22,92.0,0.77,180.52,0.76,32.5,0.78,3.71,0.79,20.0,0.01,0.01,2347.653816,1776346268000
1776346270.08,70.08,0.21,10.0,0.2,298.08,0.22,30.0,0.23,10.0,0.79,15.23,0.78,80.0,0.8,105.27,0.81,139.0,0.01,0.01,2347.653816,1776346268000
1776346270.621,70.621,0.21,428.53,0.2,31.0,0.22,3.5,0.23,30.0,0.78,30.0,0.77,10.0,0.79,10.0,0.8,298.08,0.01,0.01,2347.447353,1776346269000
1776346270.934,70.934,0.23,34.5,0.22,17.0,0.24,34.43,0.26,30.0,0.78,3.5,0.77,30.0,0.79,428.53,0.8,31.0,0.01,0.01,2347.447353,1776346269000
1776346271.688,71.688,0.25,48.43,0.24,7.0,0.26,29.2,0.27,192.0,0.73,50.0,0.72,60.0,0.74,9.81,0.77,90.5,0.01,0.01,2347.2703,1776346270000
1776346272.572,72.572,0.25,0.94,0.22,10.0,0.26,332.5,0.27,59.5,0.74,74.2,0.73,187.0,0.75,24.94,0.76,7.0,0.01,0.01,2347.414618,1776346271000
1776346273.373,73.373,0.14,151.64,0.13,66.8,0.15,30.5,0.16,25.5,0.77,33.49,0.76,10.0,0.84,17.8,0.85,28.2,0.01,0.07,2347.7179,1776346272000
1776346273.688,73.688,0.14,115.44,0.13,40.0,0.15,76.5,0.16,25.5,0.85,30.5,0.84,25.5,0.86,151.64,0.87,66.8,0.01,0.01,2347.7179,1776346272000
1776346273.95,73.95,0.14,112.12,0.13,40.0,0.16,155.73,0.17,137.5,0.85,29.83,0.84,167.5,0.86,112.12,0.87,157.0,0.02,0.01,2347.7179,1776346272000
1776346274.214,74.214,0.14,102.67,0.13,157.0,0.15,120.4,0.16,176.33,0.84,155.73,0.83,137.5,0.86,112.12,0.87,40.0,0.01,0.02,2347.7179,1776346272000
1776346274.58,74.58,0.14,209.67,0.13,50.0,0.15,115.4,0.16,50.33,0.85,120.4,0.84,176.33,0.86,102.67,0.87,157.0,0.01,0.01,2347.169958,1776346273000
1776346275.7,75.7,0.16,185.0,0.15,10.0,0.17,5.0,0.18,10.0,0.85,115.4,0.84,50.33,0.86,209.67,0.87,50.0,0.01,0.01,2346.90803,1776346274000
1776346275.986,75.986,0.16,109.0,0.15,133.0,0.17,19.32,0.18,10.5,0.82,10.5,0.81,10.0,0.84,64.0,0.85,133.0,0.01,0.02,2346.90803,1776346274000
1776346276.219,76.219,0.16,5.0,0.15,127.0,0.19,5.82,0.2,27.0,0.83,5.32,0.82,10.5,0.84,12.0,0.85,133.0,0.03,0.01,2346.90803,1776346274000
1776346276.503,76.503,0.16,68.66,0.15,137.0,0.17,10.0,0.18,15.0,0.8,12.82,0.79,165.0,0.84,10.0,0.85,127.0,0.01,0.04,2346.027392,1776346275000
1776346277.091,77.091,0.19,121.0,0.18,10.0,0.2,5.5,0.21,157.0,0.82,10.0,0.81,137.5,0.84,73.66,0.85,137.0,0.01,0.02,2346.027392,1776346275000
1776346277.356,77.356,0.19,99.0,0.18,10.0,0.2,0.5,0.21,147.5,0.79,147.5,0.78,27.5,0.81,89.0,0.83,19.0,0.01,0.02,2346.542696,1776346276000
1776346277.717,77.717,0.2,59.68,0.19,30.0,0.21,157.5,0.22,27.5,0.79,172.5,0.78,27.5,0.81,138.0,0.82,127.0,0.01,0.02,2346.542696,1776346276000
1776346279.688,79.688,0.19,64.0,0.15,117.0,0.2,334.31,0.21,70.5,0.79,157.5,0.78,27.5,0.8,59.68,0.81,30.0,0.01,0.01,2346.68838,1776346278000
1776346279.89,79.89,0.14,0.69,0.13,50.0,0.16,10.0,0.17,10.0,0.8,348.31,0.79,78.5,0.81,6.0,0.86,10.0,0.02,0.01,2346.68838,1776346278000
1776346280.261,80.261,0.13,29.0,0.12,124.19,0.14,44.64,0.15,25.5,0.84,10.0,0.83,10.0,0.86,0.69,0.87,50.0,0.01,0.02,2346.68838,1776346278000
1776346280.845,80.845,0.13,19.0,0.12,90.09,0.14,86.35,0.15,72.5,0.86,44.64,0.85,25.5,0.87,29.0,0.88,124.19,0.01,0.01,2346.667111,1776346279000
1776346281.065,81.065,0.13,7.0,0.12,90.09,0.14,129.35,0.15,67.5,0.86,129.35,0.85,67.5,0.87,17.0,0.88,90.09,0.01,0.01,2346.667111,1776346279000
1776346281.641,81.641,0.14,3.86,0.13,10.0,0.15,167.5,0.16,19.0,0.87,93.0,0.86,129.35,0.88,90.09,0.89,224.12,0.01,0.01,2346.618515,1776346280000
1776346281.906,81.906,0.13,10.0,0.12,132.09,0.14,44.46,0.15,167.5,0.85,167.5,0.84,19.0,0.86,3.86,0.87,10.0,0.01,0.01,2346.618515,1776346280000
1776346282.14,82.14,0.11,143.91,0.1,58.0,0.12,267.91,0.13,15.5,0.87,190.0,0.86,49.46,0.88,132.09,0.89,143.91,0.01,0.01,2346.618515,1776346280000
1776346282.435,82.435,0.12,8.5,0.11,265.91,0.13,15.5,0.14,59.46,0.88,267.91,0.87,15.5,0.89,143.91,0.9,58.0,0.01,0.01,2345.727011,1776346281000
1776346282.928,82.928,0.12,187.0,0.11,143.91,0.13,5.5,0.14,59.46,0.87,5.5,0.86,59.46,0.88,90.0,0.89,260.91,0.01,0.01,2345.727011,1776346281000
1776346283.572,83.572,0.12,119.1,0.11,265.91,0.14,9.74,0.15,142.5,0.87,0.58,0.86,59.46,0.88,122.0,0.89,143.91,0.02,0.01,2345.326812,1776346282000
1776346284.47,84.47,0.12,88.1,0.11,265.91,0.13,5.0,0.14,14.74,0.86,9.74,0.85,142.5,0.88,119.1,0.89,265.91,0.01,0.02,2345.355575,1776346283000
1776346284.99,84.99,0.12,212.37,0.11,148.91,0.14,15.0,0.15,55.5,0.87,5.0,0.86,14.74,0.88,88.1,0.89,265.91,0.02,0.01,2345.355575,1776346283000
1776346286.351,86.351,0.12,0.56,0.11,143.91,0.13,160.5,0.14,487.64,0.86,15.0,0.85,55.5,0.88,212.37,0.89,148.91,0.01,0.02,2345.45351,1776346285000
1776346286.615,86.615,0.11,143.91,0.1,55.0,0.13,180.5,0.14,184.31,0.87,160.5,0.86,487.64,0.88,0.56,0.89,143.91,0.02,0.01,2345.45351,1776346285000
1776346287.546,87.546,0.09,226.0,0.08,242.9,0.1,181.93,0.12,35.5,0.87,180.5,0.86,184.31,0.89,143.91,0.9,55.0,0.01,0.02,2345.461053,1776346286000
1776346288.043,88.043,0.09,225.0,0.08,242.9,0.1,11.0,0.11,15.5,0.9,181.93,0.88,35.5,0.91,226.0,0.92,242.9,0.01,0.01,2345.4331,1776346287000
1776346289.356,89.356,0.09,80.72,0.08,525.98,0.1,126.4,0.11,10.0,0.9,11.0,0.88,27.0,0.91,331.0,0.92,261.9,0.01,0.01,2345.18051,1776346288000
1776346290.452,90.452,0.08,370.9,0.07,251.3,0.09,7.77,0.1,26.0,0.9,126.4,0.89,10.0,0.91,80.72,0.92,525.98,0.01,0.01,2345.172287,1776346289000
1776346291.048,91.048,0.08,403.69,0.07,251.3,0.09,82.11,0.11,50.0,0.91,7.77,0.9,26.0,0.92,370.9,0.93,251.3,0.01,0.01,2345.172287,1776346289000
1776346292.461,92.461,0.08,345.37,0.07,516.52,0.09,69.76,0.1,190.09,0.91,82.11,0.89,50.0,0.92,403.69,0.93,251.3,0.01,0.01,2345.1331,1776346291000
1776346294.65,94.65,0.08,157.98,0.07,227.3,0.09,203.92,0.1,5.0,0.91,69.76,0.9,190.09,0.92,345.37,0.93,516.52,0.01,0.01,2345.068892,1776346293000
1776346297.129,97.129,0.08,134.35,0.07,196.3,0.09,219.92,0.1,125.5,0.91,203.92,0.9,5.0,0.92,157.98,0.93,227.3,0.01,0.01,2344.817866,1776346295000
1776346297.842,97.842,0.07,172.9,0.06,179.8,0.08,286.0,0.09,186.41,0.92,158.62,0.91,333.42,0.93,184.3,0.94,179.8,0.01,0.01,2344.838397,1776346296000
1776346298.489,98.489,0.07,158.3,0.06,174.8,0.08,128.0,0.09,312.41,0.92,286.0,0.91,186.41,0.93,172.9,0.94,179.8,0.01,0.01,2344.90928,1776346297000
1776346298.902,98.902,0.07,184.3,0.06,299.8,0.08,17.0,0.09,305.92,0.92,117.0,0.91,271.91,0.93,167.3,0.94,182.8,0.01,0.01,2344.90928,1776346297000
1776346299.671,99.671,0.06,182.8,0.05,516.28,0.07,92.66,0.08,185.0,0.92,17.0,0.91,305.92,0.93,184.3,0.94,299.8,0.01,0.01,2344.689716,1776346298000
1776346299.952,99.952,0.06,219.23,0.05,516.28,0.07,20.0,0.08,184.0,0.93,92.66,0.92,185.0,0.94,182.8,0.95,516.28,0.01,0.01,2344.689716,1776346298000
1776346300.35,100.35,0.07,15.43,0.06,38.0,0.08,265.0,0.09,144.91,0.92,184.0,0.91,253.91,0.94,213.23,0.95,516.28,0.01,0.02,2344.081355,1776346299000
1776346300.7,100.7,0.07,19.35,0.06,38.0,0.08,275.0,0.09,136.91,0.92,270.0,0.91,144.91,0.93,10.43,0.94,38.0,0.01,0.01,2344.081355,1776346299000
1776346301.278,101.278,0.07,8.35,0.06,30.0,0.08,363.0,0.09,238.41,0.92,170.0,0.91,247.41,0.93,18.35,0.94,38.0,0.01,0.01,2344.081355,1776346299000
1776346301.509,101.509,0.05,251.48,0.04,372.3,0.06,144.2,0.08,410.49,0.92,363.0,0.91,238.41,0.93,8.35,0.94,30.0,0.01,0.01,2344.196697,1776346300000
1776346302.267,102.267,0.04,418.41,0.03,620.7,0.06,603.04,0.07,215.99,0.94,144.2,0.92,410.49,0.95,251.48,0.96,372.3,0.02,0.01,2344.231715,1776346301000
1776346302.602,102.602,0.04,195.42,0.03,620.7,0.06,603.04,0.07,206.49,0.94,603.04,0.93,215.99,0.96,268.41,0.97,620.7,0.02,0.02,2344.231715,1776346301000
1776346302.918,102.918,0.03,557.7,0.02,721.7,0.05,22.0,0.06,647.04,0.94,603.04,0.93,206.49,0.96,195.42,0.97,620.7,0.02,0.02,2344.231715,1776346301000
1776346303.377,103.377,0.03,557.7,0.02,650.7,0.04,63.05,0.05,231.99,0.95,22.0,0.94,647.04,0.97,557.7,0.98,721.7,0.01,0.02,2344.040508,1776346302000
1776346303.691,103.691,0.03,289.08,0.02,706.7,0.04,156.41,0.05,184.99,0.96,63.05,0.95,226.99,0.97,523.22,0.98,650.7,0.01,0.01,2344.040508,1776346302000
1776346303.973,103.973,0.03,184.08,0.02,658.7,0.04,245.04,0.05,223.18,0.96,242.4,0.95,136.18,0.97,189.08,0.98,681.7,0.01,0.01,2344.040508,1776346302000
1776346304.35,104.35,0.03,84.08,0.02,641.7,0.04,264.75,0.05,223.18,0.96,235.75,0.95,223.18,0.97,184.08,0.98,613.7,0.01,0.01,2344.040508,1776346302000
1776346305.162,105.162,0.03,34.08,0.02,613.7,0.04,311.75,0.05,309.18,0.96,264.75,0.95,223.18,0.97,84.08,0.98,641.7,0.01,0.01,2343.232605,1776346304000
1776346306.416,106.416,0.02,579.95,0.01,3162.69,0.03,103.0,0.04,120.05,0.97,25.92,0.96,349.75,0.98,613.7,0.99,3162.69,0.01,0.01,2342.564202,1776346305000
1776346307.202,107.202,0.02,614.89,0.01,3310.69,0.03,123.61,0.04,427.44,0.97,103.0,0.96,120.05,0.98,579.95,0.99,3162.69,0.01,0.01,2342.564202,1776346305000
1776346307.639,107.639,0.02,464.77,0.01,3318.69,0.03,123.61,0.04,705.49,0.97,123.61,0.96,405.44,0.98,604.77,0.99,3318.69,0.01,0.01,2341.791209,1776346306000
1776346307.843,107.843,0.02,459.77,0.01,3318.69,0.03,55.31,0.04,305.05,0.97,105.31,0.96,705.49,0.98,459.77,0.99,3433.69,0.01,0.01,2341.791209,1776346306000
1776346308.17,108.17,0.02,737.77,0.01,3462.69,0.04,191.78,0.05,47.0,0.97,15.61,0.96,305.05,0.98,574.77,0.99,3318.69,0.02,0.01,2341.791209,1776346306000
1776346308.539,108.539,0.03,121.89,0.02,457.77,0.04,191.78,0.05,67.0,0.96,191.78,0.95,47.0,0.98,737.77,0.99,3462.69,0.01,0.02,2341.816483,1776346307000
1776346308.853,108.853,0.03,125.85,0.02,550.77,0.04,211.78,0.05,107.0,0.96,191.78,0.95,67.0,0.97,121.89,0.98,457.77,0.01,0.01,2341.816483,1776346307000
1776346309.233,109.233,0.03,74.31,0.02,402.07,0.04,201.78,0.05,67.0,0.96,211.78,0.95,107.0,0.97,125.85,0.98,550.77,0.01,0.01,2342.01123,1776346308000
1776346309.786,109.786,0.02,291.07,0.01,3763.69,0.03,206.54,0.04,1111.19,0.96,201.78,0.95,67.0,0.97,74.31,0.98,402.07,0.01,0.01,2342.01123,1776346308000
1776346311.316,111.316,0.02,776.07,0.01,3291.69,0.03,97.89,0.04,87.31,0.97,206.54,0.96,1111.19,0.98,291.07,0.99,3763.69,0.01,0.01,2342.423965,1776346310000
1776346311.67,111.67,0.02,918.77,0.01,3291.69,0.03,195.89,0.04,87.31,0.97,168.89,0.96,87.31,0.98,903.77,0.99,3291.69,0.01,0.01,2342.423965,1776346310000
1776346312.269,112.269,0.02,717.01,0.01,3291.69,0.03,397.89,0.04,279.09,0.97,195.89,0.96,87.31,0.98,918.77,0.99,3291.69,0.01,0.01,2342.09955,1776346311000
1776346314.042,114.042,0.02,649.94,0.01,3406.69,0.03,406.89,0.04,97.31,0.97,397.89,0.96,279.09,0.98,717.01,0.99,3291.69,0.01,0.01,2342.3032,1776346312000
1776346314.912,114.912,0.02,607.44,0.01,3514.69,0.03,417.89,0.04,289.09,0.97,406.89,0.96,97.31,0.98,649.94,0.99,3406.69,0.01,0.01,2342.450474,1776346313000
1776346316.12,116.12,0.02,673.64,0.01,4133.4,0.03,439.89,0.04,97.31,0.97,417.89,0.96,289.09,0.98,607.44,0.99,3514.69,0.01,0.01,2342.488515,1776346315000
1776346316.51,116.51,0.02,661.64,0.01,4133.4,0.03,538.89,0.04,97.31,0.97,439.89,0.96,97.31,0.98,673.64,0.99,4133.4,0.01,0.01,2342.488515,1776346315000
1776346318.135,118.135,0.02,1104.7,0.01,3509.69,0.03,443.89,0.04,97.31,0.97,538.89,0.96,97.31,0.98,661.64,0.99,4133.4,0.01,0.01,2342.679316,1776346317000
1776346318.349,118.349,0.02,800.7,0.01,3509.69,0.03,149.55,0.04,97.31,0.97,207.55,0.96,197.31,0.98,1104.7,0.99,3509.69,0.01,0.01,2342.679316,1776346317000
1776346319.258,119.258,0.02,1003.18,0.01,3655.69,0.03,104.55,0.04,197.31,0.97,219.55,0.96,97.31,0.98,936.7,0.99,3509.69,0.01,0.01,2342.607093,1776346318000
1776346319.866,119.866,0.02,1178.09,0.01,3590.69,0.03,94.55,0.04,97.31,0.97,109.55,0.96,197.31,0.98,977.09,0.99,3655.69,0.01,0.01,2342.607093,1776346318000
1776346320.214,120.214,0.02,843.71,0.01,3017.69,0.03,51.55,0.04,97.31,0.97,99.55,0.96,97.31,0.98,1162.71,0.99,3698.9,0.01,0.01,2342.984427,1776346319000
1776346320.694,120.694,0.02,1334.16,0.01,3976.69,0.03,107.55,0.04,97.31,0.97,51.55,0.96,97.31,0.98,1308.65,0.99,4026.69,0.01,0.01,2342.984427,1776346319000
1776346321.589,121.589,0.02,854.16,0.01,4506.69,0.03,69.55,0.04,97.31,0.97,107.55,0.96,97.31,0.98,1334.16,0.99,3976.69,0.01,0.01,2343.170351,1776346320000
1776346322.245,122.245,0.02,798.16,0.01,4506.69,0.03,74.55,0.04,97.31,0.97,69.55,0.96,97.31,0.98,854.16,0.99,4506.69,0.01,0.01,2343.170351,1776346320000
1776346322.915,122.915,0.02,1165.56,0.01,4397.91,0.03,49.55,0.04,97.31,0.97,74.55,0.96,97.31,0.98,798.16,0.99,4506.69,0.01,0.01,2343.5482,1776346321000
1776346323.303,123.303,0.02,1724.35,0.01,3917.91,0.03,49.55,0.04,87.31,0.97,44.55,0.96,97.31,0.98,1149.35,0.99,4397.91,0.01,0.01,2343.743867,1776346322000
1776346323.659,123.659,0.03,802.45,0.02,1396.35,0.04,77.31,0.05,18.0,0.96,87.31,0.95,18.0,0.97,90.45,0.98,1724.35,0.01,0.01,2343.743867,1776346322000
1776346323.883,123.883,0.04,5.69,0.03,925.11,0.05,28.0,0.06,95.5,0.96,27.31,0.95,28.0,0.97,801.41,0.98,1396.35,0.01,0.01,2343.743867,1776346322000
1776346324.252,124.252,0.04,341.65,0.03,456.11,0.05,38.0,0.06,95.5,0.95,28.0,0.94,95.5,0.96,5.69,0.97,925.11,0.01,0.01,2343.743867,1776346323000
1776346324.48,124.48,0.04,387.04,0.03,576.11,0.06,95.5,0.07,44.0,0.95,38.0,0.94,95.5,0.96,341.65,0.97,456.11,0.02,0.01,2343.743867,1776346323000
1776346325.561,125.561,0.05,569.0,0.04,495.74,0.06,80.5,0.07,142.0,0.94,95.5,0.93,44.0,0.96,387.04,0.97,576.11,0.01,0.02,2343.743867,1776346323000
1776346326.204,126.204,0.05,762.74,0.04,448.96,0.07,1.71,0.08,215.0,0.94,70.5,0.93,142.0,0.95,569.0,0.96,495.74,0.02,0.01,2344.674239,1776346324000
1776346326.505,126.505,0.07,39.0,0.06,142.0,0.08,19.0,0.09,122.0,0.93,1.71,0.92,215.0,0.95,762.74,0.96,448.96,0.01,0.02,2344.674239,1776346324000
1776346326.776,126.776,0.07,66.0,0.06,94.0,0.08,9.0,0.09,122.0,0.92,19.0,0.91,122.0,0.93,39.0,0.94,142.0,0.01,0.01,2344.729451,1776346325000
1776346327.307,127.307,0.07,32.0,0.06,44.0,0.08,16.43,0.09,132.0,0.92,9.0,0.91,122.0,0.93,42.0,0.94,94.0,0.01,0.01,2344.900789,1776346326000
1776346327.796,127.796,0.04,161.05,0.03,246.91,0.08,15.0,0.09,126.0,0.91,126.0,0.9,237.2,0.93,372.0,0.94,130.0,0.04,0.02,2344.900789,1776346326000
1776346328.864,128.864,0.04,130.05,0.03,844.12,0.06,3.85,0.07,29.0,0.94,3.85,0.93,10.0,0.96,161.05,0.97,246.91,0.02,0.02,2345.307156,1776346327000
1776346329.097,129.097,0.04,80.05,0.03,10.0,0.07,33.35,0.08,178.02,0.94,3.85,0.93,29.0,0.96,80.05,0.97,844.12,0.03,0.02,2345.307156,1776346327000
1776346329.729,129.729,0.05,12.75,0.04,10.0,0.06,25.0,0.07,344.85,0.93,233.35,0.92,278.02,0.97,10.0,0.98,43.41,0.01,0.04,2345.630371,1776346328000
1776346330.097,130.097,0.05,32.75,0.04,10.0,0.06,32.0,0.07,350.35,0.94,25.0,0.93,344.85,0.95,12.75,0.96,10.0,0.01,0.01,2345.630371,1776346328000
1776346330.519,130.519,0.05,12.75,0.04,10.0,0.06,175.0,0.07,243.35,0.94,32.0,0.93,350.35,0.95,32.75,0.96,10.0,0.01,0.01,2344.821447,1776346329000
1776346331.148,131.148,0.05,86.42,0.04,10.0,0.06,127.0,0.07,222.85,0.94,168.0,0.93,243.35,0.95,11.69,0.96,10.0,0.01,0.01,2344.396894,1776346330000
1776346332.699,132.699,0.06,127.93,0.05,95.0,0.07,310.85,0.08,201.02,0.93,188.85,0.92,196.02,0.95,66.42,0.96,285.0,0.01,0.02,2344.052344,1776346331000
1776346334.509,134.509,0.05,6.92,0.04,121.0,0.06,236.0,0.07,46.35,0.93,310.85,0.92,201.02,0.94,127.93,0.95,95.0,0.01,0.01,2344.165982,1776346333000
1776346334.853,134.853,0.05,21.0,0.04,119.46,0.06,15.0,0.07,145.85,0.94,182.0,0.93,46.35,0.96,119.46,0.97,10.0,0.01,0.02,2344.165982,1776346333000
1776346335.889,135.889,0.05,26.0,0.04,129.0,0.06,7.0,0.07,145.85,0.94,15.0,0.93,145.85,0.96,72.34,0.97,127.0,0.01,0.02,2344.043032,1776346334000
1776346336.664,136.664,0.05,177.0,0.04,246.0,0.07,145.85,0.08,90.64,0.94,7.0,0.93,145.85,0.95,26.0,0.96,129.0,0.02,0.01,2343.86516,1776346335000
1776346337.316,137.316,0.06,189.0,0.05,97.0,0.07,2.0,0.08,207.64,0.93,145.85,0.92,90.64,0.95,177.0,0.96,246.0,0.01,0.02,2343.86516,1776346335000
1776346338.059,138.059,0.06,162.4,0.05,97.0,0.07,12.0,0.08,207.64,0.93,2.0,0.92,207.64,0.94,189.0,0.95,97.0,0.01,0.01,2343.931431,1776346336000
1776346340.066,140.066,0.06,15.0,0.05,97.0,0.07,221.78,0.08,182.64,0.93,12.0,0.92,207.64,0.94,185.8,0.95,97.0,0.01,0.01,2344.578365,1776346338000
1776346340.606,140.606,0.05,91.78,0.04,122.0,0.06,5.0,0.07,216.78,0.93,221.78,0.92,182.64,0.94,15.0,0.95,97.0,0.01,0.01,2344.419286,1776346339000
1776346341.164,141.164,0.05,13.78,0.04,127.0,0.06,251.0,0.07,185.28,0.94,5.0,0.93,216.78,0.95,91.78,0.96,122.0,0.01,0.01,2344.311838,1776346340000
1776346341.722,141.722,0.04,31.39,0.03,160.0,0.05,35.0,0.06,275.0,0.94,251.0,0.93,185.28,0.95,13.78,0.96,127.0,0.01,0.01,2344.311838,1776346340000
1776346342.938,142.938,0.04,47.34,0.03,160.0,0.05,10.0,0.06,248.0,0.95,30.0,0.94,275.0,0.96,52.34,0.97,160.0,0.01,0.01,2344.211887,1776346341000
1776346343.4,143.4,0.04,28.34,0.03,160.0,0.05,20.0,0.06,258.0,0.95,10.0,0.94,248.0,0.96,47.34,0.97,160.0,0.01,0.01,2344.211887,1776346341000
1776346344.57,144.57,0.04,85.34,0.03,282.0,0.05,10.0,0.06,182.0,0.95,20.0,0.94,258.0,0.96,28.34,0.97,160.0,0.01,0.01,2343.572365,1776346343000
1776346345.409,145.409,0.03,214.89,0.02,15.0,0.05,10.0,0.06,182.0,0.95,10.0,0.94,182.0,0.96,85.34,0.97,282.0,0.02,0.01,2343.572365,1776346344000
1776346345.881,145.881,0.03,139.99,0.02,398.0,0.05,22.0,0.06,256.0,0.94,239.0,0.93,115.28,0.97,97.89,0.98,132.0,0.02,0.03,2343.572365,1776346344000
1776346347.565,147.565,0.04,15.0,0.03,133.0,0.05,10.0,0.06,172.0,0.95,22.0,0.94,256.0,0.97,139.99,0.98,398.0,0.01,0.02,2343.6057,1776346345000
1776346348.29,148.29,0.04,10.0,0.03,133.0,0.05,10.0,0.06,172.0,0.95,10.0,0.94,172.0,0.96,15.0,0.97,133.0,0.01,0.01,2343.558975,1776346347000
1776346348.823,148.823,0.03,301.0,0.02,281.0,0.05,10.0,0.06,65.0,0.95,10.0,0.94,172.0,0.97,133.0,0.98,398.0,0.02,0.02,2343.558975,1776346347000
1776346349.333,149.333,0.05,293.13,0.04,190.0,0.07,94.78,0.08,212.64,0.95,10.0,0.94,65.0,0.97,301.0,0.98,281.0,0.02,0.02,2343.558975,1776346347000
1776346349.811,149.811,0.06,228.91,0.05,488.13,0.07,79.78,0.08,95.64,0.93,84.78,0.92,212.64,0.95,298.13,0.96,190.0,0.01,0.02,2343.6497,1776346348000
1776346350.012,150.012,0.06,236.83,0.05,493.13,0.07,0.49,0.08,85.64,0.93,20.49,0.92,85.64,0.94,236.83,0.95,493.13,0.01,0.01,2343.6497,1776346348000
1776346350.444,150.444,0.07,188.61,0.06,132.0,0.08,242.64,0.09,14.0,0.92,75.64,0.91,131.0,0.94,241.83,0.95,493.13,0.01,0.02,2343.833529,1776346349000
1776346350.746,150.746,0.07,34.0,0.06,132.0,0.08,224.64,0.09,14.0,0.92,242.64,0.91,14.0,0.93,168.61,0.94,132.0,0.01,0.01,2343.833529,1776346349000
1776346350.953,150.953,0.07,25.5,0.06,132.0,0.08,242.64,0.09,14.0,0.92,217.64,0.91,14.0,0.93,28.67,0.94,132.0,0.01,0.01,2343.833529,1776346349000
1776346351.206,151.206,0.07,20.44,0.06,132.0,0.08,229.64,0.09,14.0,0.92,242.64,0.91,14.0,0.93,25.5,0.94,132.0,0.01,0.01,2344.546885,1776346350000
1776346351.739,151.739,0.06,122.0,0.05,128.0,0.07,182.0,0.08,125.64,0.92,229.64,0.91,14.0,0.93,20.44,0.94,132.0,0.01,0.01,2344.546885,1776346350000
1776346353.349,153.349,0.07,9.0,0.06,292.78,0.08,75.64,0.09,131.0,0.93,152.0,0.92,95.64,0.94,116.78,0.95,128.0,0.01,0.01,2345.01965,1776346351000
1776346353.769,153.769,0.07,121.0,0.06,106.78,0.08,68.64,0.09,132.0,0.92,75.64,0.91,131.0,0.93,9.0,0.94,292.78,0.01,0.01,2344.76995,1776346352000
1776346354.963,154.963,0.07,126.0,0.06,101.78,0.08,49.89,0.09,132.0,0.92,68.64,0.91,132.0,0.93,121.0,0.94,106.78,0.01,0.01,2344.933556,1776346353000
1776346355.305,155.305,0.07,126.0,0.06,101.78,0.08,31.14,0.09,132.0,0.92,49.89,0.91,132.0,0.93,126.0,0.94,101.78,0.01,0.01,2345.07093,1776346354000
1776346355.653,155.653,0.07,129.38,0.06,101.78,0.08,17.39,0.09,132.0,0.92,31.14,0.91,132.0,0.93,129.38,0.94,101.78,0.01,0.01,2345.07093,1776346354000
1776346356.157,156.157,0.07,97.38,0.06,101.78,0.08,17.39,0.09,132.0,0.92,17.39,0.91,132.0,0.93,129.38,0.94,101.78,0.01,0.01,2345.07093,1776346354000
1776346356.496,156.496,0.06,15.0,0.05,83.0,0.08,181.39,0.09,22.0,0.92,17.39,0.91,132.0,0.93,97.38,0.94,101.78,0.02,0.01,2345.428184,1776346355000
1776346357.452,157.452,0.06,40.0,0.05,15.0,0.07,6.5,0.08,144.39,0.92,181.39,0.91,22.0,0.94,15.0,0.95,83.0,0.01,0.02,2345.428184,1776346355000
1776346357.853,157.853,0.06,55.0,0.05,52.0,0.07,6.5,0.08,144.39,0.93,6.5,0.92,144.39,0.94,40.0,0.95,15.0,0.01,0.01,2345.428184,1776346355000
1776346359.419,159.419,0.07,40.0,0.06,5.0,0.08,145.64,0.09,22.0,0.93,6.5,0.92,144.39,0.94,55.0,0.95,52.0,0.01,0.01,2345.16891,1776346358000
1776346359.878,159.878,0.04,48.0,0.03,214.0,0.06,170.05,0.07,20.0,0.92,145.64,0.91,22.0,0.93,40.0,0.94,5.0,0.02,0.01,2345.16891,1776346358000
1776346361.212,161.212,0.03,63.0,0.02,431.0,0.05,22.0,0.06,254.0,0.94,170.05,0.93,20.0,0.96,48.0,0.97,214.0,0.02,0.02,2345.15169,1776346359000
1776346361.982,161.982,0.04,6.9,0.03,33.0,0.05,37.0,0.06,189.0,0.95,22.0,0.94,254.0,0.97,63.0,0.98,431.0,0.01,0.02,2345.015505,1776346360000
1776346363.29,163.29,0.05,74.0,0.04,6.9,0.06,7.98,0.07,161.0,0.95,37.0,0.94,189.0,0.96,6.9,0.97,33.0,0.01,0.01,2344.643838,1776346362000
1776346363.815,163.815,0.06,102.82,0.05,15.0,0.07,15.0,0.08,130.64,0.94,7.98,0.93,161.0,0.95,74.0,0.96,6.9,0.01,0.01,2344.643838,1776346362000
1776346364.526,164.526,0.07,14.0,0.06,110.82,0.08,13.64,0.09,132.0,0.93,15.0,0.92,130.64,0.94,102.82,0.95,15.0,0.01,0.01,2344.336653,1776346363000
1776346365.034,165.034,0.07,57.92,0.06,37.0,0.08,13.64,0.09,132.0,0.92,13.64,0.91,132.0,0.93,14.0,0.94,110.82,0.01,0.01,2344.336653,1776346363000
1776346365.456,165.456,0.07,14.0,0.06,27.0,0.08,14.89,0.09,132.0,0.92,13.64,0.91,132.0,0.93,57.92,0.94,37.0,0.01,0.01,2344.656919,1776346364000
1776346365.674,165.674,0.07,9.0,0.06,27.0,0.08,15.0,0.09,132.0,0.92,14.89,0.91,132.0,0.93,14.0,0.94,27.0,0.01,0.01,2344.656919,1776346364000
1776346367.869,167.869,0.08,44.75,0.07,59.0,0.09,176.0,0.1,306.2,0.92,1.25,0.91,132.0,0.93,9.0,0.94,27.0,0.01,0.01,2345.1076,1776346366000
1776346368.257,168.257,0.08,75.67,0.07,59.0,0.09,142.0,0.1,306.2,0.91,176.0,0.9,306.2,0.92,39.5,0.93,59.0,0.01,0.01,2345.1076,1776346366000
1776346369.009,169.009,0.08,30.67,0.07,69.0,0.09,132.0,0.1,300.2,0.91,142.0,0.9,306.2,0.92,75.67,0.93,59.0,0.01,0.01,2345.340324,1776346368000
1776346370.485,170.485,0.08,48.94,0.07,59.0,0.09,15.0,0.1,424.2,0.91,147.0,0.9,300.2,0.92,30.58,0.93,59.0,0.01,0.01,2345.34599,1776346369000
1776346372.282,172.282,0.08,43.94,0.07,69.0,0.1,354.2,0.11,191.0,0.91,15.0,0.9,424.2,0.92,48.94,0.93,59.0,0.02,0.01,2345.280237,1776346371000
1776346372.763,172.763,0.09,104.0,0.08,33.94,0.1,217.2,0.11,162.0,0.9,354.2,0.89,191.0,0.92,43.94,0.93,69.0,0.01,0.02,2345.280237,1776346371000
1776346373.592,173.592,0.09,147.0,0.08,38.94,0.1,162.2,0.11,45.0,0.9,217.2,0.89,162.0,0.91,104.0,0.92,33.94,0.01,0.01,2345.323069,1776346372000
1776346373.807,173.807,0.09,259.0,0.08,38.94,0.1,97.2,0.11,45.0,0.9,107.2,0.89,45.0,0.91,259.0,0.92,38.94,0.01,0.01,2345.323069,1776346372000
1776346374.538,174.538,0.09,57.0,0.08,132.84,0.1,68.2,0.11,172.0,0.9,50.2,0.89,45.0,0.91,278.0,0.92,38.94,0.01,0.01,2345.416647,1776346373000
1776346374.896,174.896,0.09,50.0,0.08,38.94,0.1,110.2,0.11,55.0,0.9,8.2,0.89,172.0,0.91,57.0,0.92,127.84,0.01,0.01,2345.416647,1776346373000
1776346375.361,175.361,0.09,48.9,0.08,138.94,0.1,110.2,0.11,55.0,0.9,110.2,0.89,55.0,0.91,50.0,0.92,38.94,0.01,0.01,2345.89583,1776346374000
1776346377.648,177.648,0.09,53.9,0.08,23.94,0.11,232.63,0.12,129.0,0.9,110.2,0.89,55.0,0.91,48.9,0.92,138.94,0.02,0.01,2345.916044,1776346376000
1776346377.888,177.888,0.09,43.9,0.08,33.94,0.1,10.0,0.11,232.63,0.89,232.63,0.88,129.0,0.91,53.9,0.92,23.94,0.01,0.02,2345.916044,1776346376000
1776346379.68,179.68,0.08,18.5,0.07,74.0,0.09,25.0,0.1,132.0,0.9,10.0,0.89,232.63,0.91,38.85,0.92,33.94,0.01,0.01,2345.889908,1776346378000
1776346380.51,180.51,0.06,37.0,0.05,182.0,0.08,10.0,0.09,54.0,0.91,25.0,0.9,132.0,0.92,18.5,0.93,74.0,0.02,0.01,2345.898388,1776346379000
1776346380.944,180.944,0.06,33.68,0.05,15.0,0.07,36.0,0.08,273.0,0.92,10.0,0.91,54.0,0.94,31.68,0.95,15.0,0.01,0.02,2345.898388,1776346379000
1776346381.491,181.491,0.05,94.04,0.04,184.9,0.07,46.0,0.08,282.0,0.93,36.0,0.92,268.0,0.94,26.37,0.95,44.04,0.02,0.01,2345.767682,1776346380000
1776346383.01,183.01,0.06,79.68,0.05,317.04,0.07,36.0,0.08,45.5,0.93,46.0,0.92,282.0,0.95,94.04,0.96,184.9,0.01,0.02,2345.454015,1776346381000
1776346384.684,184.684,0.05,89.04,0.04,161.9,0.06,56.47,0.07,213.0,0.93,36.0,0.92,45.5,0.94,74.36,0.95,311.04,0.01,0.01,2345.386346,1776346383000
1776346385.207,185.207,0.05,134.04,0.04,161.9,0.06,54.13,0.07,178.0,0.94,56.47,0.93,213.0,0.95,89.04,0.96,161.9,0.01,0.01,2345.499143,1776346384000
1776346386.503,186.503,0.06,30.0,0.05,89.04,0.07,173.0,0.08,115.5,0.94,54.13,0.93,178.0,0.95,134.04,0.96,161.9,0.01,0.01,2345.499143,1776346384000
1776346387.112,187.112,0.04,11.9,0.03,15.0,0.06,442.0,0.07,154.0,0.93,197.0,0.92,115.5,0.94,10.0,0.95,89.04,0.02,0.01,2345.295463,1776346385000
1776346387.562,187.562,0.03,15.0,0.02,15.0,0.05,331.0,0.06,237.0,0.94,442.0,0.93,154.0,0.96,11.9,0.97,15.0,0.02,0.02,2345.192317,1776346386000
1776346387.846,187.846,0.02,0.55,0.01,3141.42,0.04,96.0,0.05,141.0,0.95,331.0,0.94,237.0,0.97,15.0,0.98,15.0,0.02,0.02,2345.192317,1776346386000
1776346388.218,188.218,0.02,149.0,0.01,3091.42,0.03,10.0,0.04,303.0,0.96,278.0,0.95,194.0,0.99,3091.42,,,0.01,0.03,2345.192317,1776346386000
1776346388.445,188.445,0.01,3571.06,,,0.03,20.0,0.04,268.0,0.97,10.0,0.96,303.0,0.98,149.0,0.99,3091.42,0.02,0.01,2345.192317,1776346386000
1776346388.675,188.675,0.01,2664.85,,,0.02,60.0,0.03,113.0,0.98,50.0,0.97,90.0,0.99,4858.85,,,0.01,0.01,2345.192317,1776346387000
1776346388.875,188.875,0.01,2941.85,,,0.02,60.0,0.03,108.0,0.98,60.0,0.97,113.0,0.99,2664.85,,,0.01,0.01,2345.192317,1776346387000
1776346390.668,190.668,0.02,132.0,0.01,3234.85,0.03,60.0,0.04,60.0,0.98,60.0,0.97,108.0,0.99,2941.85,,,0.01,0.01,2343.868953,1776346389000
1776346390.901,190.901,0.02,10.0,0.01,3327.85,0.03,65.0,0.04,60.0,0.97,60.0,0.96,60.0,0.98,132.0,0.99,3234.85,0.01,0.01,2343.868953,1776346389000
1776346391.801,191.801,0.01,3441.25,,,0.03,60.0,0.04,120.0,0.97,65.0,0.96,60.0,0.98,7.95,0.99,3327.85,0.02,0.01,2343.82582,1776346390000
1776346392.154,192.154,0.03,90.0,0.02,507.0,0.04,60.0,0.05,70.0,0.97,60.0,0.96,120.0,0.99,3441.25,,,0.01,0.02,2343.98341,1776346391000
1776346392.727,192.727,0.03,133.0,0.02,407.0,0.04,60.0,0.05,65.0,0.96,60.0,0.95,70.0,0.97,90.0,0.98,507.0,0.01,0.01,2343.98341,1776346391000
1776346393.007,193.007,0.03,131.96,0.02,407.0,0.04,27.0,0.05,90.0,0.96,32.0,0.95,90.0,0.97,133.0,0.98,407.0,0.01,0.01,2343.98341,1776346391000
1776346394.715,194.715,0.03,176.96,0.02,636.0,0.04,10.0,0.05,25.0,0.96,27.0,0.95,90.0,0.97,131.96,0.98,407.0,0.01,0.01,2344.446318,1776346393000
1776346396.127,196.127,0.03,131.96,0.02,507.0,0.05,179.0,0.06,180.0,0.96,10.0,0.95,25.0,0.97,176.96,0.98,636.0,0.02,0.01,2344.613092,1776346394000
1776346396.661,196.661,0.02,463.0,0.01,3266.46,0.04,10.0,0.05,77.0,0.95,179.0,0.94,180.0,0.97,131.96,0.98,507.0,0.02,0.02,2344.72645,1776346395000
1776346398.705,198.705,0.03,5.0,0.02,15.0,0.04,178.0,0.05,252.0,0.96,10.0,0.95,77.0,0.98,463.0,0.99,3266.46,0.01,0.02,2344.654644,1776346397000
1776346400.786,200.786,0.02,10.0,0.01,3081.96,0.03,52.0,0.04,159.0,0.96,178.0,0.95,252.0,0.97,5.0,0.98,15.0,0.01,0.01,2344.514632,1776346399000
1776346402.402,202.402,0.01,6893.2,,,0.03,5.0,0.04,15.0,0.97,5.0,0.96,15.0,0.98,7.95,0.99,3392.75,0.02,0.01,2344.136938,1776346401000
1776346402.655,202.655,0.02,127.0,0.01,2831.2,0.03,5.0,0.04,65.0,0.97,5.0,0.96,15.0,0.99,6893.2,,,0.01,0.02,2344.136938,1776346401000
1776346406.766,206.766,0.02,382.0,0.01,2850.71,0.04,15.0,0.05,12.0,0.97,5.0,0.96,65.0,0.98,127.0,0.99,2831.2,0.02,0.01,2344.62025,1776346405000
1776346407.01,207.01,0.03,53.0,0.02,282.0,0.04,5.0,0.05,12.0,0.96,15.0,0.95,12.0,0.98,382.0,0.99,2850.71,0.01,0.02,2344.62025,1776346405000
1776346407.476,207.476,0.03,158.0,0.02,348.7,0.08,63.4,0.09,125.0,0.94,15.0,0.93,35.0,0.97,158.0,0.98,348.7,0.05,0.03,2344.707706,1776346406000
1776346408.211,208.211,0.05,19.0,0.04,203.0,0.06,5.0,0.07,10.0,0.92,63.4,0.91,125.0,0.97,158.0,0.98,348.7,0.01,0.05,2344.702034,1776346407000
1776346409.609,209.609,0.04,5.6,0.03,158.0,0.05,52.05,0.06,174.0,0.93,10.0,0.92,63.4,0.95,19.0,0.96,203.0,0.01,0.02,2345.544146,1776346408000
1776346410.02,210.02,0.03,178.6,0.02,584.0,0.05,69.05,0.06,142.0,0.95,67.05,0.94,157.0,0.97,133.6,0.98,584.0,0.02,0.02,2345.544146,1776346408000
1776346410.233,210.233,0.03,164.11,0.02,584.0,0.05,5.0,0.06,146.46,0.94,114.46,0.93,60.0,0.97,178.6,0.98,584.0,0.02,0.03,2345.544146,1776346408000
1776346411.162,211.162,0.03,15.0,0.02,741.71,0.05,55.4,0.06,174.46,0.95,5.0,0.94,146.46,0.97,164.11,0.98,584.0,0.02,0.02,2345.769174,1776346409000
1776346411.563,211.563,0.04,9.94,0.03,15.0,0.05,118.8,0.06,70.0,0.95,189.8,0.94,70.0,0.96,9.94,0.97,15.0,0.01,0.01,2345.476864,1776346410000
1776346412.528,212.528,0.04,4.78,0.03,65.0,0.05,12.0,0.06,10.0,0.95,118.8,0.94,70.0,0.96,9.94,0.97,15.0,0.01,0.01,2345.360394,1776346411000
1776346412.868,212.868,0.03,57.33,0.02,633.5,0.05,12.0,0.06,10.0,0.95,12.0,0.94,10.0,0.96,4.78,0.97,65.0,0.02,0.01,2345.360394,1776346411000
1776346414.815,214.815,0.03,2.33,0.02,123.21,0.05,37.0,0.06,74.0,0.95,12.0,0.94,10.0,0.97,57.33,0.98,633.5,0.02,0.02,2345.257405,1776346413000
1776346416.769,216.769,0.02,44.93,0.01,2867.42,0.03,8.54,0.04,75.0,0.95,37.0,0.94,74.0,0.97,2.33,0.98,123.21,0.01,0.02,2345.271634,1776346415000
1776346417.049,217.049,0.02,41.86,0.01,3374.13,0.03,68.54,0.04,85.0,0.97,8.54,0.96,75.0,0.98,44.93,0.99,2867.42,0.01,0.01,2345.14938,1776346416000
1776346417.477,217.477,0.02,155.86,0.01,3307.13,0.03,8.54,0.04,10.0,0.97,68.54,0.96,85.0,0.98,41.86,0.99,3374.13,0.01,0.01,2345.14938,1776346416000
1776346418.119,218.119,0.01,2159.82,,,0.02,66.14,0.03,194.54,0.97,8.54,0.96,10.0,0.98,155.86,0.99,3307.13,0.01,0.01,2345.14938,1776346416000
1776346418.642,218.642,0.01,2093.82,,,0.02,155.14,0.03,179.54,0.98,66.14,0.97,194.54,0.99,2159.82,,,0.01,0.01,2345.019345,1776346417000
1776346419.371,219.371,0.01,2018.82,,,0.02,144.14,0.03,219.54,0.98,155.14,0.97,179.54,0.99,2093.82,,,0.01,0.01,2344.948005,1776346418000
1776346421.241,221.241,0.01,2918.52,,,0.02,121.14,0.03,158.54,0.98,144.14,0.97,219.54,0.99,2011.82,,,0.01,0.01,2344.389755,1776346420000
1776346421.511,221.511,0.01,2356.21,,,0.03,58.54,0.04,202.47,0.98,71.14,0.97,158.54,0.99,2918.52,,,0.02,0.01,2344.389755,1776346420000
1776346421.716,221.716,0.02,10.0,0.01,2918.52,0.03,58.54,0.04,85.47,0.97,58.54,0.96,202.47,0.99,2356.21,,,0.01,0.02,2344.389755,1776346420000
1776346422.406,222.406,0.02,0.49,0.01,1957.71,0.03,61.0,0.04,154.47,0.97,58.54,0.96,85.47,0.98,0.49,0.99,2918.52,0.01,0.01,2344.337545,1776346421000
1776346422.668,222.668,0.01,1957.71,,,0.02,29.51,0.03,66.0,0.97,61.0,0.96,154.47,0.98,0.49,0.99,1957.71,0.01,0.01,2344.337545,1776346421000
1776346423.668,223.668,0.01,2272.63,,,0.02,24.51,0.03,101.0,0.98,29.51,0.97,66.0,0.99,1957.71,,,0.01,0.01,2344.510525,1776346422000
1776346424.658,224.658,0.01,2544.42,,,0.02,19.51,0.03,101.0,0.98,24.51,0.97,106.0,0.99,2267.63,,,0.01,0.01,2344.630178,1776346423000
1776346425.934,225.934,0.01,2653.71,,,0.03,221.0,0.04,560.47,0.98,19.51,0.97,101.0,0.99,2544.42,,,0.02,0.01,2344.468796,1776346424000
1776346426.821,226.821,0.01,2536.66,,,0.02,94.0,0.03,207.0,0.97,221.0,0.96,560.47,0.99,2653.71,,,0.01,0.02,2344.429885,1776346425000
1776346429.386,229.386,0.01,2407.66,,,0.02,61.0,0.03,158.0,0.98,94.0,0.97,202.0,0.99,2452.66,,,0.01,0.01,2344.379924,1776346427000
1776346429.598,229.598,0.01,2312.66,,,0.02,136.75,0.03,158.0,0.98,61.0,0.97,158.0,0.99,2407.66,,,0.01,0.01,2344.366171,1776346428000
1776346432.152,232.152,0.01,1690.45,,,0.02,125.75,0.03,91.0,0.98,136.75,0.97,158.0,0.99,2312.66,,,0.01,0.01,2344.471637,1776346431000
1776346432.553,232.553,0.01,1568.45,,,0.02,297.75,0.03,518.0,0.98,125.75,0.97,91.0,0.99,1690.45,,,0.01,0.01,2344.471637,1776346431000
1776346434.704,234.704,0.01,1548.25,,,0.02,250.65,0.03,513.0,0.98,296.65,0.97,518.0,0.99,1568.45,,,0.01,0.01,2344.259195,1776346433000
1776346434.957,234.957,0.01,1473.25,,,0.02,250.65,0.03,513.0,0.98,250.65,0.97,513.0,0.99,1548.25,,,0.01,0.01,2344.259195,1776346433000
1776346435.258,235.258,0.01,1463.14,,,0.02,124.65,0.03,294.0,0.98,250.65,0.97,513.0,0.99,1473.25,,,0.01,0.01,2344.259195,1776346433000
1776346435.582,235.582,0.01,1463.14,,,0.02,74.65,0.03,147.0,0.98,124.65,0.97,294.0,0.99,1463.14,,,0.01,0.01,2343.757046,1776346434000
1776346435.871,235.871,0.01,1353.12,,,0.02,124.65,0.03,147.0,0.98,74.65,0.97,147.0,0.99,1459.14,,,0.01,0.01,2343.757046,1776346434000
1776346436.09,236.09,0.01,1328.12,,,0.02,124.65,0.03,147.0,0.98,124.65,0.97,147.0,0.99,1353.12,,,0.01,0.01,2343.757046,1776346434000
1776346436.368,236.368,0.01,1303.12,,,0.02,124.65,0.03,117.0,0.98,124.65,0.97,147.0,0.99,1328.12,,,0.01,0.01,2343.734267,1776346435000
1776346436.94,236.94,0.01,1276.12,,,0.02,124.65,0.03,147.0,0.98,124.65,0.97,117.0,0.99,1306.12,,,0.01,0.01,2343.734267,1776346435000
1776346437.685,237.685,0.01,1241.12,,,0.02,154.65,0.03,264.0,0.98,124.65,0.97,147.0,0.99,1276.12,,,0.01,0.01,2344.358208,1776346436000
1776346440.057,240.057,0.01,1224.68,,,0.02,201.65,0.03,564.0,0.98,154.65,0.97,264.0,0.99,1241.12,,,0.01,0.01,2344.51329,1776346438000
1776346441.149,241.149,0.01,1223.62,,,0.02,184.65,0.03,533.0,0.98,201.65,0.97,564.0,0.99,1224.68,,,0.01,0.01,2344.485931,1776346440000
1776346441.43,241.43,0.01,1210.56,,,0.02,184.65,0.03,533.0,0.98,184.65,0.97,533.0,0.99,1220.62,,,0.01,0.01,2344.485931,1776346440000
1776346442.334,242.334,0.01,1015.56,,,0.02,225.65,0.03,513.0,0.98,184.65,0.97,533.0,0.99,1210.56,,,0.01,0.01,2344.316977,1776346441000
1776346442.724,242.724,0.01,1006.51,,,0.02,194.85,0.03,538.0,0.98,230.85,0.97,513.0,0.99,1005.51,,,0.01,0.01,2344.316977,1776346441000
1776346443.359,243.359,0.01,1010.49,,,0.02,220.85,0.03,513.0,0.98,194.85,0.97,538.0,0.99,1006.51,,,0.01,0.01,2344.316977,1776346441000
1776346443.689,243.689,0.01,809.49,,,0.02,220.85,0.03,513.0,0.98,220.85,0.97,513.0,0.99,980.49,,,0.01,0.01,2344.351826,1776346442000
1776346444.257,244.257,0.01,800.49,,,0.02,758.85,0.03,189.7,0.98,255.85,0.97,513.0,0.99,805.49,,,0.01,0.01,2344.351826,1776346442000
1776346444.562,244.562,0.01,770.49,,,0.02,723.85,0.03,189.7,0.98,758.85,0.97,189.7,0.99,800.49,,,0.01,0.01,2344.386503,1776346443000
1776346445.213,245.213,0.01,764.41,,,0.02,643.85,0.03,189.7,0.98,753.85,0.97,189.7,0.99,765.43,,,0.01,0.01,2344.386503,1776346443000
1776346445.725,245.725,0.01,744.41,,,0.02,643.85,0.03,189.7,0.98,643.85,0.97,189.7,0.99,764.41,,,0.01,0.01,2344.288128,1776346444000
1776346445.941,245.941,0.01,701.41,,,0.02,276.6,0.03,306.7,0.98,643.85,0.97,189.7,0.99,744.41,,,0.01,0.01,2344.288128,1776346444000
1776346446.502,246.502,0.01,686.35,,,0.02,190.6,0.03,592.0,0.98,276.6,0.97,636.7,0.99,686.41,,,0.01,0.01,2344.135726,1776346445000
1776346447.286,247.286,0.01,656.09,,,0.02,230.6,0.03,592.0,0.98,190.6,0.97,592.0,0.99,686.35,,,0.01,0.01,2344.135726,1776346445000
1776346447.557,247.557,0.01,659.09,,,0.02,230.6,0.03,592.0,0.98,230.6,0.97,592.0,0.99,656.09,,,0.01,0.01,2344.135726,1776346445000
1776346447.947,247.947,0.01,639.09,,,0.02,200.6,0.03,505.0,0.98,230.6,0.97,592.0,0.99,659.09,,,0.01,0.01,2344.114677,1776346446000
1776346448.517,248.517,0.01,604.09,,,0.02,200.6,0.03,592.0,0.98,200.6,0.97,505.0,0.99,639.09,,,0.01,0.01,2344.390808,1776346447000
1776346450.077,250.077,0.01,608.03,,,0.02,391.6,0.03,66.0,0.98,200.6,0.97,592.0,0.99,599.03,,,0.01,0.01,2344.71633,1776346448000
1776346450.374,250.374,0.01,528.03,,,0.02,687.6,0.03,189.7,0.98,687.6,0.97,189.7,0.99,578.03,,,0.01,0.01,2344.79744,1776346449000
1776346450.927,250.927,0.01,451.55,,,0.02,851.1,0.03,189.7,0.98,687.6,0.97,189.7,0.99,471.55,,,0.01,0.01,2344.79744,1776346449000
1776346451.312,251.312,0.01,276.55,,,0.02,851.1,0.03,189.7,0.98,851.1,0.97,189.7,0.99,451.55,,,0.01,0.01,2344.668948,1776346450000
1776346451.531,251.531,0.01,78.55,,,0.02,871.1,0.03,189.7,0.98,851.1,0.97,189.7,0.99,228.55,,,0.01,0.01,2344.668948,1776346450000
1776346451.796,251.796,0.01,37.55,,,0.02,846.1,0.03,189.7,0.98,866.1,0.97,189.7,0.99,62.55,,,0.01,0.01,2344.668948,1776346450000
1776346452.22,252.22,,,,,0.01,8141.42,0.02,851.1,0.99,3970.46,0.98,851.1,,,,,,,2344.668948,1776346450000
1776346452.551,252.551,,,,,0.01,8138.88,0.02,806.1,0.99,8139.9,0.98,851.1,,,,,,,2344.179796,1776346451000
1776346453.529,253.529,,,,,0.01,8541.75,0.02,806.1,0.99,8137.65,0.98,806.1,,,,,,,2344.021478,1776346452000
1776346459.515,259.515,,,,,0.01,8111.34,0.02,801.1,0.99,8536.64,0.98,806.1,,,,,,,2344.500027,1776346458000
1776346479.77,279.77,,,,,0.01,7602.58,0.02,425.75,0.99,8111.34,0.98,801.1,,,,,,,2345.403831,1776346478000
1776346500.388,300.388,,,,,0.01,69275.71,0.02,144.0,0.99,7602.58,0.98,425.75,,,,,,,2343.872085,1776346499000

# RESULT,winner=Down,slug=eth-updown-5m-1776346200,ticks=388
