timestamp,elapsed_sec,up_bid_p1,up_bid_s1,up_bid_p2,up_bid_s2,up_ask_p1,up_ask_s1,up_ask_p2,up_ask_s2,down_bid_p1,down_bid_s1,down_bid_p2,down_bid_s2,down_ask_p1,down_ask_s1,down_ask_p2,down_ask_s2,up_spread,down_spread,eth_price,eth_oracle_ts
1776209101.434,1.434,0.49,20.0,0.45,76.49,0.5,18.0,0.55,75.0,0.5,13.0,0.48,13.0,0.51,20.0,0.52,12.0,0.01,0.01,2320.389758,1776209099000
1776209101.853,1.853,0.49,25.0,0.48,12.0,0.5,13.0,0.52,13.0,0.5,13.0,0.48,13.0,0.51,20.0,0.52,12.0,0.01,0.01,2320.348214,1776209100000
1776209102.535,2.535,0.49,11.67,0.48,17.0,0.5,23.0,0.52,18.0,0.5,13.0,0.48,13.0,0.51,25.0,0.52,12.0,0.01,0.01,2320.348191,1776209101000
1776209102.999,2.999,0.49,11.67,0.48,17.0,0.5,23.0,0.52,18.0,0.5,23.0,0.48,18.0,0.51,11.67,0.52,17.0,0.01,0.01,2320.325687,1776209102000
1776209103.391,3.391,0.49,26.67,0.48,42.0,0.5,25.88,0.51,5.0,0.5,23.0,0.48,18.0,0.51,11.67,0.52,17.0,0.01,0.01,2320.325687,1776209102000
1776209103.712,3.712,0.49,9.9,0.48,32.0,0.5,25.88,0.51,5.0,0.5,25.88,0.49,5.0,0.51,26.67,0.52,42.0,0.01,0.01,2320.325687,1776209102000
1776209104.098,4.098,0.49,7.78,0.48,32.0,0.5,20.88,0.51,5.0,0.5,20.88,0.49,5.0,0.51,7.78,0.52,32.0,0.01,0.01,2320.330133,1776209103000
1776209104.771,4.771,0.5,14.52,0.49,17.78,0.51,10.0,0.52,28.0,0.5,20.88,0.49,5.0,0.51,7.78,0.52,32.0,0.01,0.01,2320.330133,1776209103000
1776209105.141,5.141,0.5,44.52,0.49,22.78,0.51,25.0,0.52,38.0,0.49,10.0,0.48,28.0,0.5,14.52,0.51,17.78,0.01,0.01,2320.330133,1776209103000
1776209105.539,5.539,0.5,39.52,0.49,22.78,0.51,25.0,0.52,48.0,0.49,25.0,0.48,38.0,0.5,44.52,0.51,22.78,0.01,0.01,2320.326951,1776209104000
1776209106.244,6.244,0.5,39.52,0.49,22.78,0.51,25.0,0.52,48.0,0.49,25.0,0.48,48.0,0.5,39.52,0.51,22.78,0.01,0.01,2320.325036,1776209105000
1776209107.353,7.353,0.5,54.52,0.49,12.78,0.51,15.0,0.52,48.0,0.49,15.0,0.48,48.0,0.5,54.52,0.51,12.78,0.01,0.01,2320.332902,1776209106000
1776209107.597,7.597,0.5,54.52,0.49,17.78,0.51,11.0,0.52,38.0,0.49,15.0,0.48,48.0,0.5,54.52,0.51,12.78,0.01,0.01,2320.332902,1776209106000
1776209108.383,8.383,0.5,54.52,0.49,17.78,0.51,6.84,0.52,48.0,0.49,6.84,0.48,48.0,0.5,54.52,0.51,17.78,0.01,0.01,2320.333104,1776209107000
1776209108.872,8.872,0.51,30.0,0.5,254.52,0.52,10.0,0.54,5.0,0.49,6.84,0.48,48.0,0.5,54.52,0.51,17.78,0.01,0.01,2320.333104,1776209107000
1776209109.648,9.648,0.51,60.0,0.5,275.52,0.52,10.0,0.53,5.0,0.48,10.0,0.46,5.0,0.49,30.0,0.5,254.52,0.01,0.01,2320.333104,1776209108000
1776209110.565,10.565,0.51,60.0,0.5,275.52,0.52,10.0,0.53,5.0,0.48,10.0,0.47,5.0,0.49,60.0,0.5,275.52,0.01,0.01,2320.331216,1776209109000
1776209111.028,11.028,0.5,19.52,0.49,35.0,0.51,19.8,0.52,73.0,0.49,14.8,0.48,73.0,0.5,24.52,0.51,25.0,0.01,0.01,2320.331216,1776209109000
1776209112.15,12.15,0.5,19.52,0.49,35.0,0.51,19.8,0.52,73.0,0.49,19.8,0.48,73.0,0.5,19.52,0.51,35.0,0.01,0.01,2320.404437,1776209111000
1776209113.168,13.168,0.5,65.02,0.49,50.0,0.51,29.3,0.52,41.0,0.49,19.8,0.48,73.0,0.5,19.52,0.51,35.0,0.01,0.01,2320.404437,1776209111000
1776209113.375,13.375,0.5,70.02,0.49,50.0,0.51,18.46,0.52,33.0,0.49,18.46,0.48,33.0,0.5,70.02,0.51,50.0,0.01,0.01,2320.29607,1776209112000
1776209113.85,13.85,0.5,70.02,0.49,50.0,0.51,18.46,0.52,33.0,0.49,18.46,0.48,33.0,0.5,70.02,0.51,50.0,0.01,0.01,2320.32378,1776209113000
1776209114.472,14.472,0.5,54.52,0.49,65.0,0.51,14.16,0.52,61.0,0.49,18.46,0.48,33.0,0.5,70.02,0.51,50.0,0.01,0.01,2320.32378,1776209113000
1776209114.762,14.762,0.5,57.52,0.49,65.5,0.51,16.5,0.52,61.0,0.49,57.5,0.48,112.0,0.5,57.52,0.51,65.5,0.01,0.01,2320.32378,1776209113000
1776209115.444,15.444,0.5,32.52,0.49,75.5,0.52,118.5,0.53,36.19,0.49,16.5,0.48,61.0,0.5,57.52,0.51,65.5,0.02,0.01,2320.328089,1776209114000
1776209115.946,15.946,0.51,5.0,0.5,37.52,0.52,82.5,0.53,36.19,0.48,96.5,0.47,36.19,0.49,10.0,0.5,32.52,0.01,0.01,2320.328089,1776209114000
1776209116.601,16.601,0.51,10.0,0.5,37.52,0.52,72.5,0.53,36.19,0.48,82.5,0.47,36.19,0.49,5.0,0.5,37.52,0.01,0.01,2320.329556,1776209115000
1776209116.953,16.953,0.51,5.0,0.5,37.52,0.52,70.48,0.53,41.19,0.48,72.5,0.47,36.19,0.49,10.0,0.5,37.52,0.01,0.01,2320.329556,1776209115000
1776209117.577,17.577,0.51,2.85,0.5,58.02,0.52,75.48,0.53,46.0,0.48,70.48,0.47,41.19,0.49,5.0,0.5,37.52,0.01,0.01,2320.329556,1776209115000
1776209117.994,17.994,0.51,2.85,0.5,58.02,0.52,75.48,0.53,46.0,0.48,75.48,0.47,46.0,0.49,2.85,0.5,58.02,0.01,0.01,2320.330623,1776209117000
1776209118.452,18.452,0.51,2.85,0.5,58.02,0.52,73.48,0.53,46.0,0.48,75.48,0.47,46.0,0.49,2.85,0.5,58.02,0.01,0.01,2320.330623,1776209117000
1776209118.99,18.99,0.51,2.85,0.5,58.02,0.52,73.48,0.53,46.0,0.48,73.48,0.47,46.0,0.49,2.85,0.5,58.02,0.01,0.01,2320.323143,1776209118000
1776209119.986,19.986,0.51,2.85,0.5,58.02,0.52,73.48,0.53,46.0,0.48,73.48,0.47,46.0,0.49,2.85,0.5,58.02,0.01,0.01,2320.323143,1776209119000
1776209120.665,20.665,0.51,12.85,0.5,65.02,0.52,12.0,0.53,76.0,0.48,73.48,0.47,46.0,0.49,2.85,0.5,58.02,0.01,0.01,2320.323143,1776209119000
1776209121.051,21.051,0.51,12.85,0.5,65.02,0.52,12.0,0.53,76.0,0.48,12.0,0.47,76.0,0.49,12.85,0.5,65.02,0.01,0.01,2320.32872,1776209120000
1776209121.856,21.856,0.51,12.85,0.5,68.02,0.52,10.0,0.53,83.0,0.48,12.0,0.47,76.0,0.49,12.85,0.5,65.02,0.01,0.01,2320.32872,1776209120000
1776209122.204,22.204,0.51,5.0,0.5,80.02,0.52,24.75,0.53,93.5,0.48,10.0,0.47,83.0,0.49,12.85,0.5,68.02,0.01,0.01,2320.32872,1776209120000
1776209123.154,23.154,0.51,5.0,0.5,80.02,0.52,24.75,0.53,93.5,0.48,24.75,0.47,93.5,0.49,5.0,0.5,80.02,0.01,0.01,2320.343447,1776209122000
1776209124.258,24.258,0.51,10.0,0.5,68.02,0.52,24.75,0.53,83.5,0.48,24.75,0.47,83.5,0.49,10.0,0.5,68.02,0.01,0.01,2320.346584,1776209123000
1776209124.746,24.746,0.51,5.0,0.5,58.02,0.52,21.0,0.53,93.5,0.48,24.75,0.47,83.5,0.49,10.0,0.5,68.02,0.01,0.01,2320.346584,1776209123000
1776209125.282,25.282,0.51,5.0,0.5,58.02,0.52,21.0,0.53,93.5,0.48,21.0,0.47,93.5,0.49,5.0,0.5,58.02,0.01,0.01,2320.353194,1776209124000
1776209126.292,26.292,0.51,5.0,0.5,58.02,0.52,21.0,0.53,93.5,0.48,21.0,0.47,93.5,0.49,5.0,0.5,58.02,0.01,0.01,2320.356513,1776209125000
1776209126.574,26.574,0.51,90.0,0.5,123.01,0.53,22.0,0.54,8.0,0.47,30.0,0.46,8.0,0.49,35.0,0.5,123.01,0.02,0.02,2320.356513,1776209125000
1776209126.881,26.881,0.56,25.5,0.54,70.0,0.58,10.0,0.59,5.0,0.4,7.0,0.39,65.0,0.49,98.0,0.5,123.01,0.02,0.09,2320.356513,1776209125000
1776209127.322,27.322,0.56,25.5,0.54,70.0,0.58,10.0,0.59,5.0,0.42,10.0,0.41,5.0,0.44,25.5,0.46,70.0,0.02,0.02,2320.353835,1776209126000
1776209127.594,27.594,0.58,26.0,0.57,21.0,0.6,15.5,0.61,72.0,0.42,10.0,0.41,5.0,0.44,25.5,0.46,70.0,0.02,0.02,2320.353835,1776209126000
1776209127.866,27.866,0.58,26.0,0.57,21.0,0.6,15.5,0.61,72.0,0.4,15.5,0.39,72.0,0.42,26.0,0.43,21.0,0.02,0.02,2320.427835,1776209127000
1776209128.118,28.118,0.59,21.0,0.58,56.0,0.6,5.5,0.61,67.0,0.4,15.5,0.39,72.0,0.42,26.0,0.43,21.0,0.01,0.02,2320.427835,1776209127000
1776209128.46,28.46,0.59,42.82,0.58,56.0,0.6,5.0,0.61,41.5,0.4,5.5,0.39,67.0,0.41,48.56,0.42,56.0,0.01,0.01,2320.427835,1776209127000
1776209128.841,28.841,0.59,44.84,0.58,61.0,0.6,15.5,0.61,41.5,0.4,15.5,0.39,41.5,0.41,37.84,0.42,56.0,0.01,0.01,2320.427835,1776209127000
1776209129.137,29.137,0.59,29.1,0.58,56.0,0.6,5.0,0.61,41.5,0.4,15.5,0.39,41.5,0.41,44.84,0.42,61.0,0.01,0.01,2320.629798,1776209128000
1776209129.953,29.953,0.59,29.1,0.58,56.0,0.6,5.0,0.61,41.5,0.4,5.0,0.39,41.5,0.41,29.1,0.42,56.0,0.01,0.01,2320.64522,1776209129000
1776209130.927,30.927,0.59,29.1,0.58,56.0,0.6,5.0,0.61,41.5,0.4,5.0,0.39,41.5,0.41,29.1,0.42,56.0,0.01,0.01,2320.66867,1776209130000
1776209131.947,31.947,0.59,29.1,0.58,56.0,0.6,5.0,0.61,41.5,0.4,5.0,0.39,41.5,0.41,29.1,0.42,56.0,0.01,0.01,2320.67473,1776209131000
1776209132.354,32.354,0.62,17.84,0.61,46.0,0.63,16.57,0.64,58.0,0.37,11.57,0.36,68.5,0.39,51.0,0.4,71.5,0.01,0.02,2320.67473,1776209131000
1776209132.928,32.928,0.62,17.84,0.61,46.0,0.63,16.57,0.64,58.0,0.37,16.57,0.36,58.0,0.38,17.84,0.39,46.0,0.01,0.01,2320.682085,1776209132000
1776209133.677,33.677,0.63,56.0,0.62,37.84,0.64,69.12,0.65,95.5,0.37,16.57,0.36,58.0,0.38,17.84,0.39,46.0,0.01,0.01,2320.682085,1776209132000
1776209133.93,33.93,0.63,56.0,0.62,37.84,0.64,69.12,0.65,95.5,0.36,69.12,0.35,95.5,0.37,56.0,0.38,37.84,0.01,0.01,2320.74594,1776209133000
1776209134.28,34.28,0.63,51.0,0.62,37.84,0.64,39.12,0.65,95.5,0.36,69.12,0.35,95.5,0.37,56.0,0.38,37.84,0.01,0.01,2320.74594,1776209133000
1776209134.979,34.979,0.63,46.0,0.62,37.84,0.64,34.12,0.65,95.5,0.36,34.12,0.35,95.5,0.37,46.0,0.38,37.84,0.01,0.01,2320.79736,1776209134000
1776209135.938,35.938,0.63,36.0,0.62,47.84,0.64,30.0,0.65,95.5,0.36,30.0,0.35,95.5,0.37,36.0,0.38,47.84,0.01,0.01,2320.835585,1776209135000
1776209136.291,36.291,0.58,35.0,0.57,25.5,0.64,32.64,0.65,90.0,0.36,128.5,0.35,123.5,0.39,11.0,0.42,30.0,0.06,0.03,2320.835585,1776209135000
1776209136.528,36.528,0.58,25.0,0.56,45.0,0.59,12.37,0.6,90.0,0.41,14.22,0.4,98.0,0.42,30.0,0.43,5.0,0.01,0.01,2320.835585,1776209135000
1776209137.331,37.331,0.58,25.0,0.56,45.0,0.59,12.37,0.6,90.0,0.41,12.37,0.4,90.0,0.42,25.0,0.44,45.0,0.01,0.01,2320.83783,1776209136000
1776209137.784,37.784,0.56,10.0,0.55,5.0,0.57,122.0,0.58,15.0,0.41,12.37,0.4,90.0,0.42,25.0,0.44,45.0,0.01,0.01,2320.83783,1776209136000
1776209138.042,38.042,0.56,10.0,0.55,5.0,0.57,122.0,0.58,15.0,0.43,122.0,0.42,15.0,0.44,10.0,0.45,5.0,0.01,0.01,2320.77993,1776209137000
1776209138.284,38.284,0.56,10.0,0.55,5.0,0.57,90.0,0.58,15.0,0.43,122.0,0.42,15.0,0.44,10.0,0.45,5.0,0.01,0.01,2320.77993,1776209137000
1776209138.678,38.678,0.56,8.63,0.55,15.0,0.57,70.0,0.59,25.37,0.43,90.0,0.42,15.0,0.44,10.0,0.45,5.0,0.01,0.01,2320.77993,1776209137000
1776209138.971,38.971,0.56,8.63,0.55,15.0,0.57,27.0,0.59,25.37,0.43,37.0,0.41,25.37,0.44,8.63,0.45,15.0,0.01,0.01,2320.77993,1776209137000
1776209139.199,39.199,0.56,8.63,0.55,15.0,0.57,27.0,0.59,25.37,0.43,27.0,0.41,25.37,0.44,8.63,0.45,15.0,0.01,0.01,2320.45789,1776209138000
1776209140.252,40.252,0.55,10.0,0.54,60.0,0.57,42.0,0.58,18.0,0.43,27.0,0.41,25.37,0.44,8.63,0.45,15.0,0.02,0.01,2320.45789,1776209138000
1776209140.576,40.576,0.54,10.0,0.53,29.71,0.56,8.12,0.57,42.0,0.43,47.0,0.42,18.0,0.46,60.0,0.47,29.71,0.02,0.03,2320.4528,1776209139000
1776209140.956,40.956,0.54,10.0,0.53,29.71,0.56,2.94,0.57,42.0,0.44,2.94,0.43,42.0,0.46,10.0,0.47,29.71,0.02,0.02,2320.501624,1776209140000
1776209141.291,41.291,0.55,12.55,0.54,15.0,0.56,15.0,0.57,67.0,0.44,2.94,0.43,42.0,0.46,10.0,0.47,29.71,0.01,0.02,2320.501624,1776209140000
1776209141.677,41.677,0.55,15.1,0.54,20.5,0.56,13.12,0.57,77.0,0.44,13.12,0.43,67.0,0.45,12.55,0.46,10.0,0.01,0.01,2320.501624,1776209140000
1776209142.052,42.052,0.55,15.1,0.54,20.5,0.56,13.12,0.57,77.0,0.44,13.12,0.43,77.0,0.45,15.1,0.46,20.5,0.01,0.01,2320.54597,1776209141000
1776209142.805,42.805,0.54,28.21,0.53,69.71,0.55,25.0,0.56,48.12,0.44,13.12,0.43,77.0,0.45,15.1,0.46,20.5,0.01,0.01,2320.54597,1776209141000
1776209143.051,43.051,0.54,10.42,0.53,44.21,0.55,35.0,0.56,38.12,0.45,25.0,0.44,48.12,0.46,28.21,0.47,69.71,0.01,0.01,2320.54597,1776209141000
1776209143.639,43.639,0.53,15.0,0.52,30.5,0.54,46.14,0.55,64.81,0.45,64.81,0.44,38.12,0.46,5.42,0.47,20.5,0.01,0.01,2320.517188,1776209142000
1776209144.288,44.288,0.53,15.0,0.52,30.5,0.54,46.14,0.55,64.81,0.46,46.14,0.45,64.81,0.47,15.0,0.48,30.5,0.01,0.01,2320.45745,1776209143000
1776209145.062,45.062,0.53,25.0,0.52,25.5,0.54,24.19,0.55,64.81,0.46,46.14,0.45,64.81,0.47,15.0,0.48,30.5,0.01,0.01,2320.45745,1776209143000
1776209145.278,45.278,0.53,25.0,0.52,25.5,0.54,24.19,0.55,64.81,0.46,24.19,0.45,64.81,0.47,25.0,0.48,25.5,0.01,0.01,2320.444197,1776209144000
1776209145.483,45.483,0.51,75.5,0.5,57.52,0.54,24.19,0.55,72.81,0.46,24.19,0.45,72.81,0.48,5.0,0.49,75.5,0.03,0.02,2320.444197,1776209144000
1776209145.978,45.978,0.51,70.5,0.5,57.52,0.52,15.0,0.53,25.0,0.46,24.19,0.45,72.81,0.49,75.5,0.5,57.52,0.01,0.03,2320.444197,1776209144000
1776209146.398,46.398,0.51,70.5,0.5,57.52,0.52,15.0,0.53,25.0,0.48,15.0,0.47,25.0,0.49,70.5,0.5,57.52,0.01,0.01,2320.425866,1776209145000
1776209146.898,46.898,0.51,41.2,0.5,67.52,0.52,5.0,0.53,25.0,0.48,5.0,0.47,25.0,0.49,33.35,0.5,57.52,0.01,0.01,2320.425866,1776209145000
1776209148.053,48.053,0.51,41.2,0.5,67.52,0.52,5.0,0.53,25.0,0.48,5.0,0.47,25.0,0.49,41.2,0.5,67.52,0.01,0.01,2320.398438,1776209147000
1776209148.793,48.793,0.51,33.35,0.5,67.52,0.52,5.0,0.53,20.0,0.48,5.0,0.47,25.0,0.49,41.2,0.5,67.52,0.01,0.01,2320.398438,1776209147000
1776209149.084,49.084,0.51,33.35,0.5,67.52,0.52,5.0,0.53,20.0,0.48,5.0,0.47,20.0,0.49,33.35,0.5,67.52,0.01,0.01,2320.400824,1776209148000
1776209149.63,49.63,0.5,12.52,0.49,15.0,0.51,170.0,0.52,75.0,0.48,5.0,0.47,20.0,0.49,33.35,0.5,67.52,0.01,0.01,2320.400824,1776209148000
1776209150.249,50.249,0.28,136.57,0.27,100.0,0.29,104.0,0.3,23.0,0.54,64.25,0.53,18.28,0.57,25.0,0.58,50.0,0.01,0.03,2320.400824,1776209148000
1776209150.502,50.502,0.26,30.5,0.25,13.0,0.27,58.62,0.28,14.42,0.72,1.42,0.71,56.03,0.74,30.5,0.75,13.0,0.01,0.02,2320.400734,1776209149000
1776209150.927,50.927,0.26,1.21,0.25,13.0,0.27,74.24,0.28,19.42,0.73,69.62,0.72,19.42,0.74,1.21,0.75,13.0,0.01,0.01,2320.400734,1776209149000
1776209151.481,51.481,0.25,6.14,0.24,5.0,0.26,28.0,0.27,33.0,0.74,15.0,0.73,33.0,0.75,12.73,0.76,5.0,0.01,0.01,2320.400734,1776209149000
1776209152.027,52.027,0.24,35.0,0.23,15.0,0.25,18.0,0.26,18.0,0.74,28.0,0.73,33.0,0.75,6.14,0.76,5.0,0.01,0.01,2319.696457,1776209150000
1776209152.44,52.44,0.24,38.0,0.23,10.0,0.26,18.0,0.27,30.0,0.75,16.28,0.74,18.0,0.76,35.0,0.77,15.0,0.02,0.01,2319.150357,1776209151000
1776209152.762,52.762,0.25,25.0,0.24,158.0,0.26,5.53,0.27,30.0,0.74,5.53,0.73,30.0,0.75,15.0,0.76,18.0,0.01,0.01,2319.150357,1776209151000
1776209152.993,52.993,0.26,27.0,0.25,10.0,0.27,12.06,0.28,15.0,0.73,18.06,0.72,15.0,0.75,25.0,0.76,158.0,0.01,0.02,2319.150357,1776209151000
1776209153.281,53.281,0.26,16.72,0.25,10.0,0.27,12.06,0.28,15.0,0.73,12.06,0.72,15.0,0.74,16.72,0.75,10.0,0.01,0.01,2318.736726,1776209152000
1776209153.532,53.532,0.26,133.41,0.25,196.09,0.27,8.77,0.29,15.0,0.73,15.0,0.71,15.0,0.74,103.41,0.75,70.5,0.01,0.01,2318.736726,1776209152000
1776209153.886,53.886,0.32,92.64,0.31,15.0,0.33,5.0,0.35,5.0,0.67,10.0,0.66,20.0,0.68,68.64,0.72,10.0,0.01,0.01,2318.736726,1776209152000
1776209154.087,54.087,0.32,60.11,0.31,10.0,0.35,10.0,0.36,10.0,0.66,8.0,0.65,10.0,0.68,60.11,0.69,10.0,0.03,0.02,2318.736726,1776209152000
1776209154.709,54.709,0.33,15.0,0.32,91.08,0.34,23.0,0.35,23.0,0.64,14.72,0.63,21.0,0.68,69.08,0.69,10.0,0.01,0.04,2318.84485,1776209153000
1776209155.113,55.113,0.33,15.0,0.32,91.08,0.34,20.58,0.35,23.0,0.66,20.58,0.65,23.0,0.67,15.0,0.68,91.08,0.01,0.01,2318.95308,1776209154000
1776209155.388,55.388,0.33,52.86,0.32,108.58,0.34,30.58,0.35,23.0,0.66,20.58,0.65,23.0,0.67,15.0,0.68,91.08,0.01,0.01,2318.95308,1776209154000
1776209155.741,55.741,0.33,20.86,0.32,81.58,0.34,35.58,0.35,23.0,0.66,30.58,0.65,23.0,0.67,52.86,0.68,108.58,0.01,0.01,2318.95308,1776209154000
1776209156.084,56.084,0.33,20.86,0.32,81.58,0.34,35.58,0.35,23.0,0.66,35.58,0.65,23.0,0.67,20.86,0.68,81.58,0.01,0.01,2319.132964,1776209155000
1776209156.669,56.669,0.32,42.08,0.31,10.0,0.33,101.0,0.34,60.58,0.66,35.58,0.65,23.0,0.67,20.86,0.68,81.58,0.01,0.01,2319.132964,1776209155000
1776209156.9,56.9,0.3,92.5,0.29,92.5,0.33,101.0,0.34,67.58,0.67,101.0,0.66,60.58,0.68,42.08,0.69,10.0,0.03,0.01,2319.132964,1776209155000
1776209157.156,57.156,0.3,92.5,0.29,92.5,0.33,101.0,0.34,67.58,0.67,101.0,0.66,67.58,0.7,92.5,0.71,92.5,0.03,0.03,2319.169272,1776209156000
1776209157.972,57.972,0.3,143.5,0.29,142.5,0.31,49.0,0.32,49.0,0.67,101.0,0.66,67.58,0.7,92.5,0.71,92.5,0.01,0.03,2319.169272,1776209156000
1776209158.241,58.241,0.3,143.5,0.29,142.5,0.31,49.0,0.32,49.0,0.69,49.0,0.68,49.0,0.7,143.5,0.71,142.5,0.01,0.01,2319.158259,1776209157000
1776209159.073,59.073,0.3,127.07,0.29,142.5,0.31,41.0,0.32,39.0,0.69,49.0,0.68,49.0,0.7,133.5,0.71,142.5,0.01,0.01,2319.158259,1776209157000
1776209159.345,59.345,0.3,127.07,0.29,142.5,0.31,41.0,0.32,39.0,0.69,41.0,0.68,39.0,0.7,127.07,0.71,142.5,0.01,0.01,2319.090575,1776209158000
1776209159.991,59.991,0.3,119.74,0.29,142.5,0.31,34.0,0.32,39.0,0.69,41.0,0.68,39.0,0.7,127.07,0.71,142.5,0.01,0.01,2319.090575,1776209158000
1776209160.287,60.287,0.3,119.74,0.29,142.5,0.31,34.0,0.32,39.0,0.69,34.0,0.68,39.0,0.7,119.74,0.71,142.5,0.01,0.01,2319.1318,1776209159000
1776209160.613,60.613,0.3,10.57,0.29,45.0,0.31,79.0,0.32,39.0,0.69,34.0,0.68,39.0,0.7,119.74,0.71,142.5,0.01,0.01,2319.1318,1776209159000
1776209160.912,60.912,0.29,3.25,0.28,10.0,0.3,8.0,0.31,139.0,0.69,79.0,0.68,39.0,0.7,10.57,0.71,45.0,0.01,0.01,2319.1318,1776209159000
1776209161.146,61.146,0.28,13.36,0.27,45.0,0.29,85.46,0.3,46.0,0.7,23.0,0.69,115.0,0.72,8.36,0.73,45.0,0.01,0.02,2319.08231,1776209160000
1776209161.917,61.917,0.28,13.36,0.27,45.0,0.29,85.46,0.3,46.0,0.71,85.46,0.7,46.0,0.72,13.36,0.73,45.0,0.01,0.01,2319.083132,1776209161000
1776209162.717,62.717,0.24,123.5,0.23,35.5,0.25,124.0,0.26,73.5,0.74,21.43,0.73,23.0,0.75,30.0,0.76,153.5,0.01,0.01,2319.083132,1776209161000
1776209163.091,63.091,0.24,123.5,0.23,35.5,0.25,124.0,0.26,73.5,0.75,124.0,0.74,73.5,0.76,123.5,0.77,35.5,0.01,0.01,2318.96419,1776209162000
1776209163.75,63.75,0.22,46.0,0.21,25.0,0.25,158.5,0.26,70.0,0.75,144.5,0.74,63.0,0.76,1.68,0.78,46.0,0.03,0.01,2318.96419,1776209162000
1776209164.129,64.129,0.22,46.0,0.21,25.0,0.25,158.5,0.26,70.0,0.75,158.5,0.74,70.0,0.78,46.0,0.79,25.0,0.03,0.03,2318.789401,1776209163000
1776209164.331,64.331,0.22,59.07,0.21,10.5,0.23,93.0,0.24,42.5,0.75,158.5,0.74,70.0,0.78,46.0,0.79,25.0,0.01,0.03,2318.789401,1776209163000
1776209164.543,64.543,0.22,79.64,0.21,15.5,0.23,78.0,0.24,17.0,0.77,83.0,0.76,17.0,0.78,49.07,0.79,15.5,0.01,0.01,2318.789401,1776209163000
1776209165.08,65.08,0.22,44.51,0.21,45.5,0.23,67.0,0.24,70.09,0.77,59.0,0.76,65.09,0.78,90.01,0.79,15.5,0.01,0.01,2318.789401,1776209163000
1776209165.305,65.305,0.22,49.51,0.21,45.5,0.23,58.14,0.24,70.09,0.77,58.14,0.76,70.09,0.78,49.51,0.79,45.5,0.01,0.01,2318.489439,1776209164000
1776209165.604,65.604,0.22,69.01,0.21,45.5,0.23,68.14,0.24,75.09,0.77,58.14,0.76,70.09,0.78,49.51,0.79,45.5,0.01,0.01,2318.489439,1776209164000
1776209165.936,65.936,0.22,36.89,0.21,45.5,0.23,68.14,0.24,75.09,0.77,68.14,0.76,75.09,0.78,36.89,0.79,45.5,0.01,0.01,2318.430181,1776209165000
1776209166.167,66.167,0.22,60.89,0.21,45.5,0.23,56.89,0.24,89.09,0.77,61.68,0.76,89.09,0.78,45.39,0.79,45.5,0.01,0.01,2318.430181,1776209165000
1776209166.607,66.607,0.22,44.19,0.21,45.5,0.23,67.89,0.24,89.09,0.77,56.89,0.76,89.09,0.78,60.89,0.79,45.5,0.01,0.01,2318.430181,1776209165000
1776209167.044,67.044,0.22,20.19,0.21,40.5,0.23,172.44,0.24,94.09,0.77,67.89,0.76,89.09,0.78,44.19,0.79,45.5,0.01,0.01,2318.430181,1776209165000
1776209167.578,67.578,0.22,29.19,0.21,40.5,0.23,146.76,0.24,94.09,0.77,132.76,0.76,104.09,0.78,39.19,0.79,40.5,0.01,0.01,2318.422106,1776209166000
1776209168.146,68.146,0.22,8.19,0.21,40.5,0.23,146.76,0.24,97.09,0.77,146.76,0.76,97.09,0.78,8.19,0.79,40.5,0.01,0.01,2318.438428,1776209167000
1776209169.279,69.279,0.21,18.33,0.2,75.5,0.23,151.76,0.24,97.09,0.77,146.76,0.76,97.09,0.78,8.19,0.79,40.5,0.02,0.01,2318.438428,1776209167000
1776209170.31,70.31,0.21,16.22,0.2,75.5,0.22,10.0,0.23,151.76,0.78,10.0,0.77,151.76,0.79,16.22,0.8,75.5,0.01,0.01,2318.44945,1776209169000
1776209170.552,70.552,0.21,19.5,0.2,18.28,0.22,129.0,0.23,57.0,0.78,124.0,0.77,57.0,0.8,18.28,0.81,70.5,0.01,0.02,2318.44945,1776209169000
1776209170.931,70.931,0.21,19.5,0.2,18.28,0.22,129.0,0.23,57.0,0.78,129.0,0.77,57.0,0.79,19.5,0.8,18.28,0.01,0.01,2318.434539,1776209170000
1776209171.491,71.491,0.21,80.5,0.2,40.28,0.22,26.0,0.23,36.0,0.78,129.0,0.77,57.0,0.79,19.5,0.8,18.28,0.01,0.01,2318.434539,1776209170000
1776209171.967,71.967,0.21,139.17,0.2,33.28,0.22,69.0,0.23,35.0,0.77,17.0,0.76,15.0,0.79,140.5,0.8,40.28,0.01,0.02,2318.434539,1776209170000
1776209172.206,72.206,0.21,139.67,0.2,33.28,0.22,74.0,0.23,30.0,0.78,69.0,0.77,35.0,0.79,139.17,0.8,33.28,0.01,0.01,2318.430251,1776209171000
1776209173.061,73.061,0.21,139.67,0.2,33.28,0.22,74.0,0.23,30.0,0.78,74.0,0.77,30.0,0.79,139.67,0.8,33.28,0.01,0.01,2318.423541,1776209172000
1776209173.937,73.937,0.21,119.67,0.2,23.28,0.22,88.0,0.23,30.0,0.78,74.0,0.77,30.0,0.79,139.67,0.8,33.28,0.01,0.01,2318.423541,1776209172000
1776209174.19,74.19,0.21,119.67,0.2,23.28,0.22,88.0,0.23,30.0,0.78,88.0,0.77,30.0,0.79,119.67,0.8,23.28,0.01,0.01,2318.549476,1776209173000
1776209174.594,74.594,0.21,137.67,0.2,23.28,0.22,83.0,0.23,40.0,0.78,88.0,0.77,30.0,0.79,119.67,0.8,23.28,0.01,0.01,2318.549476,1776209173000
1776209174.842,74.842,0.21,128.67,0.2,23.28,0.22,83.0,0.23,40.0,0.78,83.0,0.77,40.0,0.79,137.67,0.8,23.28,0.01,0.01,2318.549476,1776209173000
1776209175.055,75.055,0.21,122.35,0.2,23.28,0.22,83.0,0.23,45.0,0.78,83.0,0.77,40.0,0.79,128.67,0.8,23.28,0.01,0.01,2318.549476,1776209173000
1776209175.288,75.288,0.21,122.35,0.2,23.28,0.22,83.0,0.23,45.0,0.78,83.0,0.77,45.0,0.79,122.35,0.8,23.28,0.01,0.01,2318.575758,1776209174000
1776209175.745,75.745,0.21,64.35,0.2,33.28,0.22,83.0,0.23,50.0,0.78,83.0,0.77,45.0,0.79,122.35,0.8,23.28,0.01,0.01,2318.575758,1776209174000
1776209176.244,76.244,0.21,64.85,0.2,33.28,0.22,83.0,0.23,50.0,0.78,83.0,0.77,50.0,0.79,64.35,0.8,33.28,0.01,0.01,2318.575758,1776209174000
1776209176.996,76.996,0.21,64.85,0.2,33.28,0.22,83.0,0.23,50.0,0.78,83.0,0.77,50.0,0.79,64.85,0.8,33.28,0.01,0.01,2318.621,1776209176000
1776209177.497,77.497,0.21,74.85,0.2,33.28,0.22,93.22,0.23,50.0,0.78,83.0,0.77,50.0,0.79,64.85,0.8,33.28,0.01,0.01,2318.621,1776209176000
1776209178.285,78.285,0.21,59.85,0.2,33.28,0.22,98.22,0.23,50.0,0.78,98.22,0.77,50.0,0.79,59.85,0.8,33.28,0.01,0.01,2318.62146,1776209177000
1776209179.611,79.611,0.21,127.5,0.2,55.28,0.23,10.0,0.25,70.0,0.78,98.22,0.77,50.0,0.79,59.85,0.8,33.28,0.02,0.01,2318.62146,1776209177000
1776209180.224,80.224,0.21,127.5,0.2,55.28,0.23,10.0,0.25,70.0,0.77,10.0,0.75,70.0,0.79,127.5,0.8,55.28,0.02,0.02,2318.62317,1776209179000
1776209181.224,81.224,0.21,127.5,0.2,55.28,0.23,10.0,0.25,70.0,0.77,10.0,0.75,70.0,0.79,127.5,0.8,55.28,0.02,0.02,2318.658553,1776209180000
1776209182.202,82.202,0.21,127.5,0.2,55.28,0.23,10.0,0.25,70.0,0.77,10.0,0.75,70.0,0.79,127.5,0.8,55.28,0.02,0.02,2318.804462,1776209181000
1776209183.236,83.236,0.24,136.5,0.23,203.49,0.25,13.67,0.26,10.0,0.75,13.67,0.74,10.0,0.76,136.5,0.77,203.49,0.01,0.01,2318.801372,1776209182000
1776209183.483,83.483,0.24,136.5,0.23,199.49,0.25,0.67,0.26,10.0,0.75,13.67,0.74,10.0,0.76,136.5,0.77,203.49,0.01,0.01,2318.801372,1776209182000
1776209184.228,84.228,0.24,136.5,0.23,199.49,0.25,0.67,0.26,10.0,0.75,0.67,0.74,10.0,0.76,136.5,0.77,199.49,0.01,0.01,2318.852744,1776209183000
1776209185.312,85.312,0.24,136.5,0.23,199.49,0.25,0.67,0.26,10.0,0.75,0.67,0.74,10.0,0.76,136.5,0.77,199.49,0.01,0.01,2318.902795,1776209184000
1776209186.212,86.212,0.24,136.5,0.23,199.49,0.25,0.67,0.26,10.0,0.75,0.67,0.74,10.0,0.76,136.5,0.77,199.49,0.01,0.01,2318.95842,1776209185000
1776209187.221,87.221,0.24,90.09,0.23,121.5,0.27,30.0,0.28,22.0,0.73,30.0,0.72,22.0,0.76,90.09,0.77,121.5,0.03,0.03,2319.009295,1776209186000
1776209188.167,88.167,0.26,106.08,0.25,10.0,0.27,25.0,0.28,17.0,0.73,30.0,0.72,22.0,0.76,90.09,0.77,121.5,0.01,0.03,2319.009295,1776209186000
1776209189.248,89.248,0.26,106.08,0.25,10.0,0.27,25.0,0.28,17.0,0.73,25.0,0.72,17.0,0.74,106.08,0.75,10.0,0.01,0.01,2319.039216,1776209188000
1776209190.24,90.24,0.26,106.08,0.25,10.0,0.27,25.0,0.28,17.0,0.73,25.0,0.72,17.0,0.74,106.08,0.75,10.0,0.01,0.01,2319.013385,1776209189000
1776209191.256,91.256,0.26,106.08,0.25,10.0,0.27,25.0,0.28,17.0,0.73,25.0,0.72,17.0,0.74,106.08,0.75,10.0,0.01,0.01,2319.019255,1776209190000
1776209192.561,92.561,0.26,106.08,0.25,10.0,0.27,25.0,0.28,17.0,0.73,25.0,0.72,17.0,0.74,106.08,0.75,10.0,0.01,0.01,2319.025615,1776209191000
1776209193.061,93.061,0.27,51.17,0.26,184.08,0.28,28.19,0.29,119.0,0.73,25.0,0.72,17.0,0.74,106.08,0.75,10.0,0.01,0.01,2319.025615,1776209191000
1776209193.893,93.893,0.27,51.17,0.26,184.08,0.28,25.86,0.29,119.0,0.72,29.61,0.71,119.0,0.73,51.17,0.74,184.08,0.01,0.01,2319.025625,1776209192000
1776209195.022,95.022,0.27,51.17,0.26,184.08,0.28,25.86,0.29,119.0,0.72,25.86,0.71,119.0,0.73,51.17,0.74,184.08,0.01,0.01,2319.004585,1776209194000
1776209195.584,95.584,0.27,47.56,0.26,179.08,0.28,27.86,0.29,99.0,0.72,25.86,0.71,119.0,0.73,51.17,0.74,184.08,0.01,0.01,2319.004585,1776209194000
1776209195.935,95.935,0.27,47.56,0.26,179.08,0.28,27.86,0.29,99.0,0.72,27.86,0.71,99.0,0.73,47.56,0.74,179.08,0.01,0.01,2319.00978,1776209195000
1776209196.665,96.665,0.27,47.5,0.26,167.5,0.29,55.0,0.31,65.0,0.72,27.86,0.71,99.0,0.73,47.56,0.74,179.08,0.02,0.01,2319.00978,1776209195000
1776209196.984,96.984,0.27,47.5,0.26,167.5,0.29,55.0,0.31,65.0,0.71,55.0,0.69,65.0,0.73,47.5,0.74,167.5,0.02,0.02,2319.0102,1776209196000
1776209197.875,97.875,0.27,47.5,0.26,167.5,0.29,55.0,0.31,65.0,0.71,55.0,0.69,65.0,0.73,47.5,0.74,167.5,0.02,0.02,2319.06358,1776209197000
1776209198.488,98.488,0.28,10.0,0.27,10.0,0.29,29.5,0.3,39.5,0.71,83.0,0.7,25.0,0.74,143.44,0.75,35.0,0.01,0.03,2319.06358,1776209197000
1776209198.872,98.872,0.28,10.0,0.27,10.0,0.29,29.5,0.3,39.5,0.71,29.5,0.7,39.5,0.72,10.0,0.73,10.0,0.01,0.01,2319.290757,1776209198000
1776209199.728,99.728,0.28,7.0,0.27,10.0,0.29,38.0,0.3,40.5,0.71,7.5,0.7,35.5,0.72,15.0,0.73,18.98,0.01,0.01,2319.290757,1776209198000
1776209200.724,100.724,0.26,93.44,0.25,44.2,0.29,105.0,0.3,42.5,0.71,38.0,0.7,40.5,0.72,7.0,0.73,10.0,0.03,0.01,2319.190967,1776209199000
1776209201.678,101.678,0.26,63.39,0.25,44.2,0.27,65.5,0.28,25.5,0.73,65.5,0.72,25.5,0.74,64.75,0.75,44.2,0.01,0.01,2319.127649,1776209200000
1776209202.072,102.072,0.26,61.39,0.25,44.2,0.27,75.5,0.28,85.42,0.73,65.5,0.72,25.5,0.74,63.39,0.75,44.2,0.01,0.01,2319.085815,1776209201000
1776209203.37,103.37,0.26,61.39,0.25,44.2,0.27,75.5,0.28,85.42,0.73,75.5,0.72,85.42,0.74,61.39,0.75,44.2,0.01,0.01,2319.02581,1776209202000
1776209204.192,104.192,0.26,61.39,0.25,44.2,0.27,75.5,0.28,85.42,0.73,75.5,0.72,85.42,0.74,61.39,0.75,44.2,0.01,0.01,2319.019905,1776209203000
1776209204.722,104.722,0.26,83.86,0.25,64.2,0.27,25.0,0.28,95.42,0.73,75.5,0.72,85.42,0.74,61.39,0.75,44.2,0.01,0.01,2319.019905,1776209203000
1776209205.366,105.366,0.26,83.86,0.25,64.2,0.27,25.0,0.28,95.42,0.73,25.0,0.72,95.42,0.74,83.86,0.75,64.2,0.01,0.01,2319.055061,1776209204000
1776209205.572,105.572,0.26,66.26,0.25,64.2,0.27,55.5,0.28,117.42,0.73,25.0,0.72,95.42,0.74,83.86,0.75,64.2,0.01,0.01,2319.055061,1776209204000
1776209205.973,105.973,0.26,63.25,0.25,64.2,0.27,58.5,0.28,57.5,0.73,50.5,0.72,117.42,0.74,64.78,0.75,64.2,0.01,0.01,2319.055061,1776209204000
1776209207.346,107.346,0.26,63.25,0.25,64.2,0.27,58.5,0.28,57.5,0.73,58.5,0.72,57.5,0.74,63.25,0.75,64.2,0.01,0.01,2319.027439,1776209206000
1776209207.944,107.944,0.26,63.25,0.25,64.2,0.27,58.5,0.28,57.5,0.73,58.5,0.72,57.5,0.74,63.25,0.75,64.2,0.01,0.01,2319.019941,1776209207000
1776209209.051,109.051,0.26,63.25,0.25,64.2,0.27,58.5,0.28,57.5,0.73,58.5,0.72,57.5,0.74,63.25,0.75,64.2,0.01,0.01,2318.926791,1776209208000
1776209210.615,110.615,0.26,63.25,0.25,64.2,0.27,58.5,0.28,57.5,0.73,58.5,0.72,57.5,0.74,63.25,0.75,64.2,0.01,0.01,2318.642039,1776209209000
1776209211.442,111.442,0.26,63.25,0.25,64.2,0.27,58.5,0.28,57.5,0.73,58.5,0.72,57.5,0.74,63.25,0.75,64.2,0.01,0.01,2318.641871,1776209210000
1776209212.03,112.03,0.26,63.25,0.25,64.2,0.27,58.5,0.28,57.5,0.73,58.5,0.72,57.5,0.74,63.25,0.75,64.2,0.01,0.01,2318.630397,1776209211000
1776209213.212,113.212,0.26,63.25,0.25,64.2,0.27,58.5,0.28,57.5,0.73,58.5,0.72,57.5,0.74,63.25,0.75,64.2,0.01,0.01,2318.634196,1776209212000
1776209214.44,114.44,0.26,63.25,0.25,64.2,0.27,58.5,0.28,57.5,0.73,58.5,0.72,57.5,0.74,63.25,0.75,64.2,0.01,0.01,2318.630701,1776209213000
1776209215.023,115.023,0.26,63.25,0.25,64.2,0.27,58.5,0.28,57.5,0.73,58.5,0.72,57.5,0.74,63.25,0.75,64.2,0.01,0.01,2318.635132,1776209214000
1776209216.22,116.22,0.21,15.37,0.2,40.0,0.22,138.5,0.23,71.31,0.73,58.5,0.72,57.5,0.74,63.25,0.75,64.2,0.01,0.01,2318.635132,1776209214000
1776209217.075,117.075,0.21,15.37,0.2,40.0,0.22,138.5,0.23,71.31,0.78,138.5,0.77,71.31,0.79,15.37,0.8,40.0,0.01,0.01,2318.617746,1776209216000
1776209217.475,117.475,0.21,2.21,0.2,40.0,0.22,132.5,0.23,135.9,0.78,132.5,0.77,135.9,0.79,8.37,0.8,40.0,0.01,0.01,2318.617746,1776209216000
1776209218.453,118.453,0.21,2.21,0.2,40.0,0.22,132.5,0.23,135.9,0.78,132.5,0.77,135.9,0.79,2.21,0.8,40.0,0.01,0.01,2318.604704,1776209217000
1776209219.052,119.052,0.2,5.0,0.19,135.0,0.21,130.5,0.22,57.5,0.79,130.5,0.78,57.5,0.8,5.0,0.81,135.0,0.01,0.01,2318.601944,1776209218000
1776209219.867,119.867,0.2,15.0,0.19,135.0,0.21,187.94,0.22,57.5,0.79,177.94,0.78,57.5,0.8,5.0,0.81,135.0,0.01,0.01,2318.601944,1776209218000
1776209220.428,120.428,0.2,15.0,0.19,135.0,0.21,187.94,0.22,57.5,0.79,187.94,0.78,57.5,0.8,15.0,0.81,135.0,0.01,0.01,2318.576914,1776209219000
1776209221.004,121.004,0.2,15.0,0.19,135.0,0.21,187.94,0.22,57.5,0.79,187.94,0.78,57.5,0.8,15.0,0.81,135.0,0.01,0.01,2318.579384,1776209220000
1776209221.763,121.763,0.2,11.96,0.19,135.0,0.21,195.94,0.22,78.5,0.79,185.94,0.78,57.5,0.8,15.0,0.81,135.0,0.01,0.01,2318.579384,1776209220000
1776209222.009,122.009,0.2,11.96,0.19,135.0,0.21,195.94,0.22,78.5,0.79,195.94,0.78,78.5,0.8,11.96,0.81,135.0,0.01,0.01,2318.57904,1776209221000
1776209222.352,122.352,0.2,4.78,0.19,135.0,0.21,184.94,0.22,78.5,0.79,195.94,0.78,78.5,0.8,11.96,0.81,135.0,0.01,0.01,2318.57904,1776209221000
1776209223.074,123.074,0.2,4.78,0.19,135.0,0.21,184.94,0.22,78.5,0.79,184.94,0.78,78.5,0.8,4.78,0.81,135.0,0.01,0.01,2318.553337,1776209222000
1776209224.245,124.245,0.2,4.78,0.19,135.0,0.21,184.94,0.22,78.5,0.79,184.94,0.78,78.5,0.8,4.78,0.81,135.0,0.01,0.01,2318.552561,1776209223000
1776209225.18,125.18,0.18,80.0,0.17,117.5,0.19,7.22,0.21,184.5,0.79,184.94,0.78,78.5,0.8,4.78,0.81,135.0,0.01,0.01,2318.552561,1776209223000
1776209226.343,126.343,0.18,80.0,0.17,117.5,0.19,7.22,0.21,184.5,0.81,7.22,0.79,184.5,0.82,80.0,0.83,117.5,0.01,0.01,2318.549238,1776209225000
1776209226.745,126.745,0.18,6.78,0.17,117.5,0.19,177.22,0.2,37.5,0.81,182.22,0.8,37.5,0.82,8.0,0.83,117.5,0.01,0.01,2318.549238,1776209225000
1776209227.373,127.373,0.18,6.78,0.17,117.5,0.19,177.22,0.2,37.5,0.81,177.22,0.8,37.5,0.82,6.78,0.83,117.5,0.01,0.01,2318.54881,1776209226000
1776209227.89,127.89,0.17,98.92,0.16,206.0,0.19,189.22,0.2,63.59,0.81,189.22,0.8,63.59,0.83,98.92,0.84,206.0,0.02,0.02,2318.54881,1776209227000
1776209229.008,129.008,0.17,98.92,0.16,206.0,0.19,189.22,0.2,63.59,0.81,189.22,0.8,63.59,0.83,98.92,0.84,206.0,0.02,0.02,2318.546674,1776209228000
1776209230.169,130.169,0.17,98.92,0.16,206.0,0.19,189.22,0.2,63.59,0.81,189.22,0.8,63.59,0.83,98.92,0.84,206.0,0.02,0.02,2318.546758,1776209229000
1776209231.215,131.215,0.17,98.92,0.16,206.0,0.19,189.22,0.2,63.59,0.81,189.22,0.8,63.59,0.83,98.92,0.84,206.0,0.02,0.02,2318.546632,1776209230000
1776209232.325,132.325,0.17,98.92,0.16,206.0,0.19,189.22,0.2,63.59,0.81,189.22,0.8,63.59,0.83,98.92,0.84,206.0,0.02,0.02,2318.535032,1776209231000
1776209232.542,132.542,0.18,8.0,0.17,104.86,0.19,221.22,0.2,86.09,0.81,189.22,0.8,63.59,0.83,98.92,0.84,206.0,0.01,0.02,2318.535032,1776209231000
1776209233.376,133.376,0.18,55.5,0.17,125.86,0.2,33.09,0.21,17.0,0.81,221.22,0.8,86.09,0.82,8.0,0.83,104.86,0.02,0.01,2318.535032,1776209231000
1776209233.842,133.842,0.19,25.5,0.18,50.5,0.2,3.09,0.21,17.0,0.8,3.09,0.79,17.0,0.81,25.5,0.82,50.5,0.01,0.01,2318.535112,1776209233000
1776209234.197,134.197,0.19,52.5,0.18,55.5,0.2,42.05,0.21,7.0,0.8,3.09,0.79,17.0,0.81,25.5,0.82,50.5,0.01,0.01,2318.535112,1776209233000
1776209234.612,134.612,0.19,50.05,0.18,55.5,0.2,63.28,0.21,12.0,0.8,47.05,0.79,7.0,0.81,51.41,0.82,55.5,0.01,0.01,2318.535112,1776209233000
1776209234.839,134.839,0.19,34.62,0.18,55.5,0.2,63.28,0.21,12.0,0.8,63.28,0.79,12.0,0.81,44.98,0.82,55.5,0.01,0.01,2318.535112,1776209233000
1776209235.321,135.321,0.19,22.74,0.18,55.5,0.2,63.28,0.21,12.0,0.8,63.28,0.79,12.0,0.81,19.1,0.82,55.5,0.01,0.01,2318.563864,1776209234000
1776209235.757,135.757,0.19,0.35,0.18,55.5,0.2,138.01,0.21,12.0,0.8,63.28,0.79,12.0,0.81,20.56,0.82,55.5,0.01,0.01,2318.563864,1776209234000
1776209236.146,136.146,0.19,179.34,0.18,61.49,0.22,10.0,0.26,7.0,0.8,138.01,0.79,12.0,0.81,0.35,0.82,55.5,0.03,0.01,2318.563864,1776209234000
1776209236.898,136.898,0.24,74.13,0.23,41.59,0.25,7.0,0.27,29.5,0.74,7.0,0.73,19.0,0.78,5.0,0.79,25.0,0.01,0.04,2318.69467,1776209235000
1776209238.439,138.439,0.24,74.13,0.23,41.59,0.25,7.0,0.27,29.5,0.75,7.0,0.73,29.5,0.76,74.13,0.77,41.59,0.01,0.01,2318.860167,1776209236000
1776209238.792,138.792,0.25,42.0,0.24,69.13,0.26,150.39,0.27,34.5,0.75,7.0,0.73,29.5,0.76,74.13,0.77,41.59,0.01,0.01,2318.860167,1776209236000
1776209239.168,139.168,0.25,42.0,0.24,69.13,0.26,150.39,0.27,34.5,0.74,150.39,0.73,34.5,0.75,42.0,0.76,69.13,0.01,0.01,2319.0346,1776209238000
1776209240.53,140.53,0.25,42.0,0.24,69.13,0.26,150.39,0.27,34.5,0.74,150.39,0.73,34.5,0.75,42.0,0.76,69.13,0.01,0.01,2319.048363,1776209239000
1776209241.165,141.165,0.25,42.0,0.24,69.13,0.26,150.39,0.27,34.5,0.74,150.39,0.73,34.5,0.75,42.0,0.76,69.13,0.01,0.01,2319.03008,1776209240000
1776209242.123,142.123,0.26,20.0,0.25,63.5,0.27,22.07,0.28,36.0,0.74,150.39,0.73,34.5,0.75,42.0,0.76,69.13,0.01,0.01,2319.03008,1776209240000
1776209242.531,142.531,0.26,20.0,0.25,63.5,0.27,22.07,0.28,36.0,0.73,22.07,0.72,36.0,0.74,20.0,0.75,63.5,0.01,0.01,2319.03911,1776209241000
1776209243.164,143.164,0.26,17.22,0.25,42.0,0.27,20.07,0.28,41.5,0.73,10.07,0.72,51.5,0.74,18.71,0.75,52.5,0.01,0.01,2319.03911,1776209241000
1776209243.588,143.588,0.26,14.24,0.25,52.5,0.27,33.97,0.28,31.0,0.73,20.07,0.72,41.5,0.74,15.73,0.75,42.0,0.01,0.01,2319.033935,1776209242000
1776209244.599,144.599,0.25,62.5,0.24,85.63,0.27,33.97,0.28,41.0,0.73,33.97,0.72,41.0,0.75,62.5,0.76,85.63,0.02,0.02,2319.168004,1776209243000
1776209244.853,144.853,0.26,18.83,0.25,52.5,0.27,16.97,0.28,16.0,0.73,28.97,0.72,21.0,0.74,13.83,0.75,52.5,0.01,0.01,2319.168004,1776209243000
1776209245.261,145.261,0.25,17.57,0.24,90.13,0.27,16.97,0.28,16.0,0.73,16.97,0.72,16.0,0.75,17.57,0.76,90.13,0.02,0.02,2319.180839,1776209244000
1776209245.479,145.479,0.27,57.62,0.26,15.0,0.28,76.15,0.29,30.5,0.73,2.38,0.72,10.0,0.74,15.0,0.75,39.57,0.01,0.01,2319.180839,1776209244000
1776209245.904,145.904,0.27,116.11,0.26,20.5,0.28,15.0,0.29,25.0,0.72,76.15,0.71,30.5,0.73,57.62,0.74,15.0,0.01,0.01,2319.180839,1776209244000
1776209246.234,146.234,0.27,104.11,0.26,20.5,0.28,10.0,0.29,25.0,0.72,15.0,0.71,25.0,0.73,116.11,0.74,20.5,0.01,0.01,2319.180839,1776209244000
1776209246.587,146.587,0.27,111.59,0.26,20.5,0.28,10.0,0.29,25.0,0.72,10.0,0.71,25.0,0.73,111.59,0.74,20.5,0.01,0.01,2319.245765,1776209245000
1776209246.859,146.859,0.28,20.92,0.27,104.58,0.29,15.0,0.3,30.5,0.71,10.0,0.7,20.5,0.72,13.47,0.73,100.58,0.01,0.01,2319.245765,1776209245000
1776209247.246,147.246,0.28,9.35,0.27,104.58,0.29,30.0,0.3,35.5,0.71,30.0,0.7,35.5,0.72,9.35,0.73,104.58,0.01,0.01,2319.2409,1776209246000
1776209248.03,148.03,0.27,93.97,0.26,100.0,0.29,157.98,0.3,40.5,0.71,30.0,0.7,35.5,0.72,9.35,0.73,104.58,0.02,0.01,2319.2409,1776209246000
1776209248.674,148.674,0.28,12.19,0.27,93.97,0.29,127.98,0.3,40.5,0.71,127.98,0.7,40.5,0.72,12.19,0.73,93.97,0.01,0.01,2319.301365,1776209247000
1776209249.42,149.42,0.28,12.19,0.27,93.97,0.29,127.98,0.3,40.5,0.71,127.98,0.7,40.5,0.72,12.19,0.73,93.97,0.01,0.01,2319.319065,1776209248000
1776209250.044,150.044,0.28,12.19,0.27,93.97,0.29,127.98,0.3,40.5,0.71,127.98,0.7,40.5,0.72,12.19,0.73,93.97,0.01,0.01,2319.32379,1776209249000
1776209250.597,150.597,0.28,18.61,0.27,78.97,0.29,96.75,0.3,40.5,0.71,127.98,0.7,40.5,0.72,12.19,0.73,93.97,0.01,0.01,2319.32379,1776209249000
1776209251.059,151.059,0.28,11.22,0.27,83.97,0.29,76.75,0.3,46.5,0.71,81.25,0.7,40.5,0.72,12.61,0.73,83.97,0.01,0.01,2319.32379,1776209249000
1776209251.34,151.34,0.28,11.22,0.27,83.97,0.29,76.75,0.3,46.5,0.71,76.75,0.7,46.5,0.72,11.22,0.73,83.97,0.01,0.01,2319.31515,1776209250000
1776209251.857,151.857,0.28,8.6,0.27,83.97,0.29,71.75,0.3,46.5,0.71,76.75,0.7,46.5,0.72,11.22,0.73,83.97,0.01,0.01,2319.31515,1776209250000
1776209253.391,153.391,0.27,92.53,0.26,90.0,0.29,71.75,0.3,46.5,0.71,71.75,0.7,46.5,0.73,92.53,0.74,90.0,0.02,0.02,2319.32006,1776209252000
1776209254.088,154.088,0.27,79.53,0.26,90.0,0.28,40.14,0.29,20.5,0.71,71.75,0.7,46.5,0.73,92.53,0.74,90.0,0.01,0.02,2319.32006,1776209252000
1776209254.369,154.369,0.27,79.53,0.26,90.0,0.28,40.14,0.29,20.5,0.72,40.14,0.71,20.5,0.73,79.53,0.74,90.0,0.01,0.01,2319.337709,1776209253000
1776209255.04,155.04,0.27,79.53,0.26,90.0,0.28,40.14,0.29,20.5,0.72,40.14,0.71,20.5,0.73,79.53,0.74,90.0,0.01,0.01,2319.347704,1776209254000
1776209256.105,156.105,0.27,79.53,0.26,90.0,0.28,40.14,0.29,20.5,0.72,40.14,0.71,20.5,0.73,79.53,0.74,90.0,0.01,0.01,2319.324865,1776209255000
1776209256.886,156.886,0.29,40.59,0.28,30.5,0.3,6.0,0.31,65.0,0.72,40.14,0.71,20.5,0.73,79.53,0.74,90.0,0.01,0.01,2319.324865,1776209255000
1776209257.445,157.445,0.26,33.73,0.25,58.2,0.3,11.0,0.31,70.0,0.7,6.0,0.69,65.0,0.71,40.59,0.72,30.5,0.04,0.01,2319.321332,1776209256000
1776209258.116,158.116,0.29,22.33,0.28,15.0,0.3,31.0,0.31,70.0,0.7,11.0,0.69,70.0,0.74,33.73,0.75,58.2,0.01,0.04,2319.321332,1776209256000
1776209258.708,158.708,0.29,25.79,0.28,15.0,0.3,19.33,0.31,70.0,0.7,19.33,0.69,70.0,0.71,25.79,0.72,15.0,0.01,0.01,2319.456015,1776209257000
1776209259.284,159.284,0.29,25.79,0.28,15.0,0.3,19.33,0.31,70.0,0.7,19.33,0.69,70.0,0.71,25.79,0.72,15.0,0.01,0.01,2319.515143,1776209258000
1776209260.217,160.217,0.29,7.05,0.28,10.0,0.3,84.83,0.31,85.5,0.7,19.33,0.69,70.0,0.71,25.79,0.72,15.0,0.01,0.01,2319.515143,1776209258000
1776209260.437,160.437,0.29,7.05,0.28,10.0,0.3,84.83,0.31,85.5,0.7,84.83,0.69,85.5,0.71,7.05,0.72,10.0,0.01,0.01,2319.52316,1776209259000
1776209260.888,160.888,0.29,1.97,0.28,10.0,0.3,98.83,0.31,110.5,0.7,84.83,0.69,85.5,0.71,7.05,0.72,10.0,0.01,0.01,2319.52316,1776209259000
1776209261.835,161.835,0.27,5.0,0.26,20.0,0.28,124.0,0.29,44.5,0.7,98.83,0.69,110.5,0.71,1.97,0.72,10.0,0.01,0.01,2319.527299,1776209260000
1776209263.159,163.159,0.27,5.0,0.26,20.0,0.28,124.0,0.29,44.5,0.72,124.0,0.71,44.5,0.73,5.0,0.74,20.0,0.01,0.01,2319.490564,1776209262000
1776209264.213,164.213,0.21,1.98,0.19,25.0,0.26,66.0,0.27,127.5,0.72,124.0,0.71,44.5,0.73,5.0,0.74,20.0,0.05,0.01,2319.490564,1776209262000
1776209265.291,165.291,0.19,6.0,0.18,20.61,0.2,86.0,0.21,34.5,0.74,66.0,0.73,127.5,0.79,1.98,0.81,25.0,0.01,0.05,2319.435282,1776209263000
1776209265.848,165.848,0.18,31.61,0.17,130.0,0.19,13.73,0.2,36.0,0.8,86.0,0.79,34.5,0.82,11.61,0.83,125.0,0.01,0.02,2319.435026,1776209264000
1776209266.298,166.298,0.17,299.82,0.16,319.5,0.18,17.73,0.19,13.73,0.81,13.73,0.8,36.0,0.82,31.61,0.83,130.0,0.01,0.01,2319.435026,1776209264000
1776209266.952,166.952,0.17,204.9,0.16,313.5,0.18,21.73,0.19,13.73,0.82,17.73,0.81,13.73,0.83,299.82,0.84,319.5,0.01,0.01,2319.325931,1776209265000
1776209267.368,167.368,0.18,11.98,0.17,205.9,0.19,25.0,0.2,31.0,0.81,5.46,0.8,31.0,0.83,244.84,0.84,298.0,0.01,0.02,2319.167482,1776209266000
1776209268.038,168.038,0.18,10.23,0.17,313.8,0.19,20.0,0.2,31.0,0.81,20.0,0.8,31.0,0.82,10.23,0.83,313.8,0.01,0.01,2319.109042,1776209267000
1776209269.17,169.17,0.18,10.23,0.17,313.8,0.19,20.0,0.2,31.0,0.81,20.0,0.8,31.0,0.82,10.23,0.83,313.8,0.01,0.01,2319.105013,1776209268000
1776209270.288,170.288,0.18,10.23,0.17,313.8,0.19,20.0,0.2,31.0,0.81,20.0,0.8,31.0,0.82,10.23,0.83,313.8,0.01,0.01,2319.1075,1776209269000
1776209270.549,170.549,0.18,12.69,0.17,190.68,0.19,80.0,0.2,36.0,0.81,20.0,0.8,31.0,0.82,10.23,0.83,313.8,0.01,0.01,2319.1075,1776209269000
1776209270.799,170.799,0.18,12.69,0.17,190.68,0.19,80.0,0.2,36.0,0.81,80.0,0.8,36.0,0.82,12.69,0.83,190.68,0.01,0.01,2319.10487,1776209270000
1776209271.797,171.797,0.18,11.43,0.17,185.68,0.19,73.8,0.2,46.0,0.81,78.8,0.8,41.0,0.82,17.69,0.83,185.68,0.01,0.01,2319.10487,1776209270000
1776209272.331,172.331,0.18,16.43,0.17,165.68,0.19,76.43,0.2,51.0,0.81,78.8,0.8,46.0,0.82,6.43,0.83,190.68,0.01,0.01,2319.103053,1776209271000
1776209272.792,172.792,0.18,16.43,0.17,165.68,0.19,76.43,0.2,51.0,0.81,76.43,0.8,51.0,0.82,16.43,0.83,165.68,0.01,0.01,2319.09753,1776209272000
1776209273.228,173.228,0.18,5.22,0.17,165.68,0.19,55.0,0.2,41.0,0.81,76.43,0.8,51.0,0.82,16.43,0.83,165.68,0.01,0.01,2319.09753,1776209272000
1776209274.23,174.23,0.18,5.22,0.17,165.68,0.19,55.0,0.2,41.0,0.81,55.0,0.8,41.0,0.82,5.22,0.83,165.68,0.01,0.01,2319.097413,1776209273000
1776209275.186,175.186,0.18,5.22,0.17,165.68,0.19,55.0,0.2,41.0,0.81,55.0,0.8,41.0,0.82,5.22,0.83,165.68,0.01,0.01,2319.107492,1776209274000
1776209276.201,176.201,0.18,5.22,0.17,165.68,0.19,55.0,0.2,41.0,0.81,55.0,0.8,41.0,0.82,5.22,0.83,165.68,0.01,0.01,2319.132123,1776209275000
1776209277.796,177.796,0.18,5.22,0.17,165.68,0.19,55.0,0.2,41.0,0.81,55.0,0.8,41.0,0.82,5.22,0.83,165.68,0.01,0.01,2319.155961,1776209276000
1776209278.001,178.001,0.2,6.0,0.18,53.99,0.21,10.0,0.22,48.98,0.81,10.0,0.8,10.0,0.82,53.99,0.83,92.17,0.01,0.01,2319.155961,1776209276000
1776209278.318,178.318,0.2,6.0,0.18,53.99,0.21,10.0,0.22,48.98,0.79,10.0,0.78,48.98,0.8,6.0,0.82,53.99,0.01,0.01,2319.167274,1776209277000
1776209279.507,179.507,0.2,6.0,0.18,53.99,0.21,10.0,0.22,48.98,0.79,10.0,0.78,48.98,0.8,6.0,0.82,53.99,0.01,0.01,2319.271792,1776209278000
1776209279.787,179.787,0.23,26.21,0.22,39.23,0.24,42.0,0.25,5.0,0.76,37.0,0.75,5.0,0.77,34.5,0.78,20.0,0.01,0.01,2319.271792,1776209278000
1776209280.024,180.024,0.23,26.21,0.22,39.23,0.24,42.0,0.25,5.0,0.76,42.0,0.75,5.0,0.77,26.21,0.78,39.23,0.01,0.01,2319.293989,1776209279000
1776209281.164,181.164,0.23,24.21,0.22,24.0,0.24,50.04,0.25,25.5,0.76,50.04,0.75,25.5,0.77,24.21,0.78,24.0,0.01,0.01,2319.370255,1776209280000
1776209282.184,182.184,0.23,24.21,0.22,24.0,0.24,50.04,0.25,25.5,0.76,50.04,0.75,25.5,0.77,24.21,0.78,24.0,0.01,0.01,2319.365265,1776209281000
1776209282.681,182.681,0.23,19.21,0.22,15.0,0.24,25.04,0.25,20.0,0.76,50.04,0.75,25.5,0.77,24.21,0.78,24.0,0.01,0.01,2319.365265,1776209281000
1776209283.362,183.362,0.23,16.05,0.22,15.0,0.24,25.04,0.25,20.0,0.76,25.04,0.75,20.0,0.77,16.05,0.78,15.0,0.01,0.01,2319.359851,1776209282000
1776209284.202,184.202,0.22,5.2,0.21,50.0,0.24,37.0,0.25,35.5,0.76,25.04,0.75,20.0,0.77,16.05,0.78,15.0,0.02,0.01,2319.359851,1776209282000
1776209284.714,184.714,0.22,5.2,0.21,50.0,0.24,37.0,0.25,35.5,0.76,37.0,0.75,35.5,0.78,5.2,0.79,50.0,0.02,0.02,2319.35092,1776209283000
1776209285.031,185.031,0.21,32.07,0.2,48.26,0.23,17.0,0.24,30.0,0.76,37.0,0.75,35.5,0.78,5.2,0.79,50.0,0.02,0.02,2319.35092,1776209283000
1776209285.259,185.259,0.21,32.07,0.2,48.26,0.23,17.0,0.24,30.0,0.77,17.0,0.76,30.0,0.79,32.07,0.8,48.26,0.02,0.02,2319.350975,1776209284000
1776209286.156,186.156,0.21,32.07,0.2,48.26,0.23,17.0,0.24,30.0,0.77,17.0,0.76,30.0,0.79,32.07,0.8,48.26,0.02,0.02,2319.35337,1776209285000
1776209286.726,186.726,0.23,105.49,0.22,76.0,0.26,30.0,0.27,55.0,0.77,17.0,0.76,30.0,0.79,32.07,0.8,48.26,0.03,0.02,2319.35337,1776209285000
1776209287.119,187.119,0.25,116.49,0.24,40.6,0.27,35.0,0.28,15.0,0.74,30.0,0.73,55.0,0.77,105.49,0.78,76.0,0.02,0.03,2319.35337,1776209285000
1776209287.346,187.346,0.25,116.49,0.24,40.6,0.27,35.0,0.28,15.0,0.73,35.0,0.72,15.0,0.75,116.49,0.76,40.6,0.02,0.02,2319.354746,1776209286000
1776209288.008,188.008,0.25,116.49,0.24,40.6,0.27,35.0,0.28,15.0,0.73,35.0,0.72,15.0,0.75,116.49,0.76,40.6,0.02,0.02,2319.355265,1776209287000
1776209288.425,188.425,0.27,30.05,0.26,95.0,0.28,5.0,0.29,110.0,0.73,35.0,0.72,15.0,0.75,116.49,0.76,40.6,0.01,0.02,2319.355265,1776209287000
1776209288.666,188.666,0.27,62.14,0.26,188.0,0.28,5.0,0.29,115.0,0.72,5.0,0.71,110.0,0.73,29.91,0.74,95.0,0.01,0.01,2319.355265,1776209287000
1776209289.364,189.364,0.27,62.14,0.26,188.0,0.28,5.0,0.29,115.0,0.72,5.0,0.71,115.0,0.73,62.14,0.74,188.0,0.01,0.01,2319.488666,1776209288000
1776209289.877,189.877,0.26,81.79,0.25,52.2,0.27,10.0,0.28,15.0,0.72,20.0,0.71,125.0,0.74,50.0,0.75,34.76,0.01,0.02,2319.488666,1776209288000
1776209291.286,191.286,0.26,81.79,0.25,52.2,0.27,10.0,0.28,15.0,0.73,10.0,0.72,15.0,0.74,81.79,0.75,52.2,0.01,0.01,2319.628211,1776209290000
1776209291.928,191.928,0.26,81.79,0.25,52.2,0.27,10.0,0.28,15.0,0.73,10.0,0.72,15.0,0.74,81.79,0.75,52.2,0.01,0.01,2319.6046,1776209291000
1776209292.144,192.144,0.26,68.44,0.25,52.2,0.27,10.0,0.28,30.5,0.73,10.0,0.72,15.0,0.74,81.79,0.75,52.2,0.01,0.01,2319.6046,1776209291000
1776209292.735,192.735,0.26,51.96,0.25,57.2,0.27,25.5,0.28,40.5,0.73,10.0,0.72,30.5,0.74,68.44,0.75,52.2,0.01,0.01,2319.6046,1776209291000
1776209293.174,193.174,0.26,51.96,0.25,57.2,0.27,25.5,0.28,40.5,0.73,25.5,0.72,40.5,0.74,51.96,0.75,57.2,0.01,0.01,2319.596483,1776209292000
1776209294.337,194.337,0.26,50.96,0.25,57.2,0.27,15.0,0.28,40.5,0.73,15.0,0.72,40.5,0.74,50.96,0.75,57.2,0.01,0.01,2319.599541,1776209293000
1776209294.946,194.946,0.26,50.96,0.25,57.2,0.27,15.0,0.28,40.5,0.73,15.0,0.72,40.5,0.74,50.96,0.75,57.2,0.01,0.01,2319.608815,1776209294000
1776209296.402,196.402,0.26,50.96,0.25,57.2,0.27,15.0,0.28,40.5,0.73,15.0,0.72,40.5,0.74,50.96,0.75,57.2,0.01,0.01,2319.607801,1776209295000
1776209296.998,196.998,0.26,50.96,0.25,57.2,0.27,15.0,0.28,40.5,0.73,15.0,0.72,40.5,0.74,50.96,0.75,57.2,0.01,0.01,2319.607831,1776209296000
1776209297.228,197.228,0.26,47.32,0.25,57.2,0.27,20.0,0.28,35.5,0.73,15.0,0.72,40.5,0.74,50.96,0.75,57.2,0.01,0.01,2319.607831,1776209296000
1776209298.244,198.244,0.26,47.32,0.25,57.2,0.27,20.0,0.28,35.5,0.73,20.0,0.72,35.5,0.74,47.32,0.75,57.2,0.01,0.01,2319.61444,1776209297000
1776209299.767,199.767,0.27,133.73,0.26,118.99,0.32,41.5,0.33,75.0,0.73,15.0,0.72,35.0,0.74,30.99,0.75,57.2,0.05,0.01,2319.61444,1776209297000
1776209300.083,200.083,0.27,133.73,0.26,118.99,0.32,41.5,0.33,75.0,0.68,41.5,0.67,75.0,0.73,133.73,0.74,118.99,0.05,0.05,2319.616236,1776209299000
1776209301.192,201.192,0.27,133.73,0.26,118.99,0.32,41.5,0.33,75.0,0.68,41.5,0.67,75.0,0.73,133.73,0.74,118.99,0.05,0.05,2319.782225,1776209300000
1776209302.175,202.175,0.27,133.73,0.26,118.99,0.32,41.5,0.33,75.0,0.68,41.5,0.67,75.0,0.73,133.73,0.74,118.99,0.05,0.05,2319.80118,1776209301000
1776209303.0,203.0,0.33,167.0,0.32,97.0,0.35,5.0,0.36,25.0,0.68,41.5,0.67,75.0,0.73,133.73,0.74,118.99,0.02,0.05,2319.80118,1776209301000
1776209303.243,203.243,0.33,167.0,0.32,97.0,0.35,5.0,0.36,25.0,0.65,5.0,0.64,25.0,0.67,167.0,0.68,97.0,0.02,0.02,2319.85394,1776209302000
1776209304.266,204.266,0.36,49.86,0.34,11.76,0.37,205.0,0.38,100.0,0.63,205.0,0.62,100.0,0.64,49.86,0.66,11.76,0.01,0.01,2320.074521,1776209303000
1776209305.229,205.229,0.36,49.86,0.34,11.76,0.37,205.0,0.38,100.0,0.63,205.0,0.62,100.0,0.64,49.86,0.66,11.76,0.01,0.01,2320.157028,1776209304000
1776209305.592,205.592,0.36,456.95,0.35,135.8,0.37,5.0,0.39,50.0,0.63,205.0,0.62,100.0,0.64,49.86,0.66,11.76,0.01,0.01,2320.157028,1776209304000
1776209306.295,206.295,0.36,434.95,0.35,135.8,0.41,100.0,0.42,125.0,0.59,100.0,0.58,125.0,0.64,434.95,0.65,135.8,0.05,0.05,2320.141786,1776209305000
1776209306.82,206.82,0.44,97.99,0.43,58.0,0.45,17.18,0.46,90.0,0.59,100.0,0.58,125.0,0.64,434.95,0.65,135.8,0.01,0.05,2320.141786,1776209305000
1776209307.306,207.306,0.44,97.99,0.43,58.0,0.45,17.18,0.46,90.0,0.55,17.18,0.54,90.0,0.56,97.99,0.57,58.0,0.01,0.01,2320.150559,1776209306000
1776209307.852,207.852,0.44,97.99,0.43,58.0,0.45,17.18,0.46,90.0,0.55,17.18,0.54,90.0,0.56,97.99,0.57,58.0,0.01,0.01,2320.160723,1776209307000
1776209308.54,208.54,0.45,9.45,0.44,42.99,0.46,25.5,0.47,15.0,0.55,2.18,0.54,90.0,0.56,103.99,0.57,63.0,0.01,0.01,2320.160723,1776209307000
1776209308.856,208.856,0.45,9.45,0.44,42.99,0.46,25.5,0.47,15.0,0.54,25.5,0.53,15.0,0.55,9.45,0.56,42.99,0.01,0.01,2320.265537,1776209308000
1776209309.172,209.172,0.45,15.53,0.44,20.0,0.47,30.5,0.48,11.51,0.52,6.51,0.51,49.61,0.55,19.45,0.56,25.0,0.02,0.03,2320.265537,1776209308000
1776209309.632,209.632,0.44,10.0,0.43,41.99,0.46,30.5,0.47,35.5,0.53,30.5,0.52,11.51,0.55,15.53,0.56,20.0,0.02,0.02,2320.265537,1776209308000
1776209310.315,210.315,0.44,10.0,0.43,25.0,0.45,20.0,0.46,25.5,0.54,30.5,0.53,35.5,0.56,10.0,0.57,41.99,0.01,0.02,2320.28458,1776209309000
1776209310.88,210.88,0.42,0.32,0.41,88.0,0.45,20.0,0.46,25.5,0.55,20.0,0.54,25.5,0.58,0.32,0.59,88.0,0.03,0.03,2320.277515,1776209310000
1776209311.663,211.663,0.4,25.0,0.38,14.0,0.42,57.5,0.43,25.5,0.55,20.0,0.54,25.5,0.58,0.32,0.59,88.0,0.02,0.03,2320.277515,1776209310000
1776209311.943,211.943,0.4,25.0,0.38,14.0,0.42,57.5,0.43,25.5,0.58,57.5,0.57,25.5,0.6,25.0,0.62,14.0,0.02,0.02,2320.25526,1776209311000
1776209312.193,212.193,0.38,12.75,0.37,15.4,0.41,62.5,0.42,42.5,0.58,57.5,0.57,25.5,0.6,25.0,0.62,14.0,0.03,0.02,2320.25526,1776209311000
1776209313.416,213.416,0.38,12.75,0.37,15.4,0.41,62.5,0.42,42.5,0.59,62.5,0.58,42.5,0.62,12.75,0.63,15.4,0.03,0.03,2320.234004,1776209312000
1776209313.894,213.894,0.38,12.75,0.37,15.4,0.41,62.5,0.42,42.5,0.59,62.5,0.58,42.5,0.62,12.75,0.63,15.4,0.03,0.03,2320.229922,1776209313000
1776209314.223,214.223,0.37,108.63,0.36,68.86,0.38,52.5,0.39,42.5,0.59,62.5,0.58,42.5,0.62,12.75,0.63,15.4,0.01,0.03,2320.229922,1776209313000
1776209314.474,214.474,0.37,102.04,0.36,73.86,0.38,47.36,0.39,47.5,0.62,42.36,0.61,42.5,0.63,103.63,0.64,73.86,0.01,0.01,2320.229922,1776209313000
1776209314.844,214.844,0.37,102.04,0.36,73.86,0.38,47.36,0.39,47.5,0.62,47.36,0.61,47.5,0.63,102.04,0.64,73.86,0.01,0.01,2320.172198,1776209314000
1776209315.14,215.14,0.37,107.04,0.36,83.86,0.38,34.46,0.39,42.5,0.62,42.36,0.61,42.5,0.63,102.04,0.64,78.86,0.01,0.01,2320.172198,1776209314000
1776209315.511,215.511,0.37,107.04,0.36,83.86,0.38,28.66,0.39,42.5,0.62,31.56,0.61,42.5,0.63,102.04,0.64,83.86,0.01,0.01,2320.172198,1776209314000
1776209316.245,216.245,0.37,78.75,0.36,93.86,0.38,22.18,0.39,42.5,0.62,28.66,0.61,42.5,0.63,107.04,0.64,83.86,0.01,0.01,2320.172198,1776209314000
1776209317.201,217.201,0.37,78.75,0.36,93.86,0.38,22.18,0.39,42.5,0.62,22.18,0.61,42.5,0.63,78.75,0.64,93.86,0.01,0.01,2320.165232,1776209316000
1776209318.179,218.179,0.37,78.75,0.36,93.86,0.38,22.18,0.39,42.5,0.62,22.18,0.61,42.5,0.63,78.75,0.64,93.86,0.01,0.01,2320.165067,1776209317000
1776209318.82,218.82,0.36,102.59,0.35,100.5,0.38,20.0,0.39,47.5,0.62,22.18,0.61,42.5,0.63,78.75,0.64,93.86,0.02,0.01,2320.165067,1776209317000
1776209319.187,219.187,0.36,102.59,0.35,100.5,0.38,20.0,0.39,47.5,0.62,20.0,0.61,47.5,0.64,102.59,0.65,100.5,0.02,0.02,2320.160111,1776209318000
1776209320.153,220.153,0.36,102.59,0.35,100.5,0.38,20.0,0.39,47.5,0.62,20.0,0.61,47.5,0.64,102.59,0.65,100.5,0.02,0.02,2320.162248,1776209319000
1776209321.102,221.102,0.36,102.59,0.35,100.5,0.38,20.0,0.39,47.5,0.62,20.0,0.61,47.5,0.64,102.59,0.65,100.5,0.02,0.02,2320.165307,1776209320000
1776209321.532,221.532,0.38,35.47,0.37,18.0,0.39,52.5,0.4,39.5,0.61,52.5,0.6,39.5,0.62,37.09,0.63,33.0,0.01,0.01,2320.165307,1776209320000
1776209322.107,222.107,0.38,35.47,0.37,18.0,0.39,52.5,0.4,39.5,0.61,52.5,0.6,39.5,0.62,35.47,0.63,18.0,0.01,0.01,2320.166966,1776209321000
1776209322.659,222.659,0.38,36.09,0.37,78.47,0.39,26.29,0.4,34.5,0.61,29.12,0.6,34.5,0.62,35.23,0.63,78.47,0.01,0.01,2320.166966,1776209321000
1776209322.972,222.972,0.38,36.09,0.37,78.47,0.39,11.29,0.4,34.5,0.61,31.29,0.6,34.5,0.62,36.09,0.63,78.47,0.01,0.01,2320.166966,1776209321000
1776209323.259,223.259,0.38,36.09,0.37,78.47,0.39,16.79,0.4,34.5,0.61,11.29,0.6,34.5,0.62,36.09,0.63,78.47,0.01,0.01,2320.166966,1776209321000
1776209324.232,224.232,0.38,36.09,0.37,78.47,0.39,11.79,0.4,34.5,0.61,11.79,0.6,34.5,0.62,36.09,0.63,78.47,0.01,0.01,2320.168724,1776209323000
1776209325.345,225.345,0.38,36.09,0.37,78.47,0.39,11.79,0.4,34.5,0.61,11.79,0.6,34.5,0.62,36.09,0.63,78.47,0.01,0.01,2320.167049,1776209324000
1776209326.144,226.144,0.38,36.09,0.37,78.47,0.39,11.79,0.4,34.5,0.61,11.79,0.6,34.5,0.62,36.09,0.63,78.47,0.01,0.01,2320.165118,1776209325000
1776209326.767,226.767,0.31,125.0,0.3,15.5,0.34,85.98,0.35,52.5,0.63,76.72,0.62,35.5,0.65,75.0,0.67,35.0,0.03,0.02,2320.165118,1776209325000
1776209327.062,227.062,0.3,8.5,0.28,25.0,0.32,19.0,0.33,38.99,0.66,85.98,0.65,52.5,0.69,125.0,0.7,15.5,0.02,0.03,2320.165118,1776209325000
1776209327.375,227.375,0.3,13.5,0.28,34.0,0.31,18.83,0.32,34.5,0.69,5.0,0.68,24.0,0.7,8.5,0.72,25.0,0.01,0.01,2320.161873,1776209326000
1776209328.191,228.191,0.3,1.18,0.29,61.47,0.32,28.94,0.33,66.49,0.69,18.83,0.68,53.72,0.7,1.18,0.71,10.5,0.02,0.01,2320.161873,1776209326000
1776209328.933,228.933,0.3,9.03,0.29,61.47,0.31,20.0,0.32,83.93,0.68,28.94,0.67,66.49,0.7,1.18,0.71,61.47,0.01,0.02,2320.135737,1776209327000
1776209329.337,229.337,0.29,59.42,0.28,25.0,0.3,19.0,0.31,15.0,0.69,20.0,0.68,83.93,0.7,9.03,0.71,61.47,0.01,0.01,2320.050911,1776209328000
1776209329.781,229.781,0.29,67.08,0.28,25.0,0.3,19.0,0.31,15.0,0.7,19.0,0.69,15.0,0.71,59.42,0.72,25.0,0.01,0.01,2320.050911,1776209328000
1776209330.091,230.091,0.29,65.97,0.28,35.5,0.3,9.7,0.31,15.0,0.7,9.7,0.69,15.0,0.71,65.97,0.72,35.5,0.01,0.01,2319.93336,1776209329000
1776209331.003,231.003,0.29,65.97,0.28,35.5,0.3,9.7,0.31,15.0,0.7,9.7,0.69,15.0,0.71,65.97,0.72,35.5,0.01,0.01,2319.931573,1776209330000
1776209331.935,231.935,0.29,81.47,0.28,45.5,0.3,9.0,0.31,15.0,0.7,9.0,0.69,15.0,0.71,81.47,0.72,45.5,0.01,0.01,2319.930712,1776209331000
1776209332.218,232.218,0.29,133.06,0.28,53.5,0.3,9.0,0.31,5.0,0.7,9.0,0.69,15.0,0.71,81.47,0.72,45.5,0.01,0.01,2319.930712,1776209331000
1776209332.459,232.459,0.29,226.06,0.28,58.5,0.3,1.66,0.32,3.44,0.7,5.33,0.69,5.0,0.71,174.06,0.72,58.5,0.01,0.01,2319.930712,1776209331000
1776209332.672,232.672,0.44,10.0,0.43,30.5,0.46,0.08,0.48,5.0,0.7,1.66,0.68,3.44,0.71,226.06,0.72,58.5,0.02,0.01,2319.930712,1776209331000
1776209332.892,232.892,0.48,15.0,0.47,10.0,0.49,17.98,0.5,35.0,0.51,38.21,0.5,30.0,0.52,15.0,0.53,10.0,0.01,0.01,2319.930712,1776209331000
1776209333.173,233.173,0.48,4.9,0.47,10.0,0.49,4.7,0.5,40.0,0.51,22.98,0.5,40.0,0.52,4.9,0.53,10.0,0.01,0.01,2319.933459,1776209332000
1776209333.546,233.546,0.48,4.9,0.47,15.0,0.5,45.0,0.51,75.0,0.51,4.7,0.5,40.0,0.52,4.9,0.53,10.0,0.02,0.01,2319.933459,1776209332000
1776209333.909,233.909,0.45,23.75,0.44,28.0,0.48,20.5,0.49,30.5,0.5,45.0,0.49,75.0,0.54,5.16,0.55,29.0,0.03,0.04,2319.933459,1776209332000
1776209334.914,234.914,0.45,23.75,0.44,28.0,0.48,20.5,0.49,30.5,0.52,20.5,0.51,30.5,0.55,23.75,0.56,28.0,0.03,0.03,2320.226142,1776209334000
1776209335.365,235.365,0.48,10.0,0.47,20.5,0.51,60.0,0.52,50.0,0.51,6.58,0.5,10.5,0.52,10.0,0.53,10.0,0.03,0.01,2320.226142,1776209334000
1776209335.905,235.905,0.48,10.0,0.47,20.5,0.51,60.0,0.52,50.0,0.49,60.0,0.48,50.0,0.52,10.0,0.53,20.5,0.03,0.03,2320.326592,1776209335000
1776209336.89,236.89,0.48,10.0,0.47,20.5,0.51,60.0,0.52,50.0,0.49,60.0,0.48,50.0,0.52,10.0,0.53,20.5,0.03,0.03,2320.331711,1776209336000
1776209337.183,237.183,0.5,15.0,0.49,10.0,0.51,60.66,0.52,55.0,0.49,60.0,0.48,50.0,0.52,10.0,0.53,20.5,0.01,0.03,2320.331711,1776209336000
1776209337.87,237.87,0.5,15.0,0.49,10.0,0.51,60.66,0.52,55.0,0.49,60.66,0.48,55.0,0.5,15.0,0.51,10.0,0.01,0.01,2320.37616,1776209337000
1776209338.087,238.087,0.51,20.5,0.5,25.5,0.53,120.5,0.54,100.5,0.49,5.0,0.48,45.0,0.5,4.0,0.51,15.0,0.02,0.01,2320.37616,1776209337000
1776209338.375,238.375,0.49,15.67,0.48,40.5,0.54,75.0,0.55,19.81,0.47,120.5,0.46,100.5,0.49,20.5,0.5,25.5,0.05,0.02,2320.37616,1776209337000
1776209338.786,238.786,0.54,19.56,0.53,20.22,0.55,4.81,0.57,83.0,0.46,75.0,0.45,19.81,0.51,15.67,0.52,40.5,0.01,0.05,2320.37616,1776209337000
1776209339.371,239.371,0.56,50.5,0.55,20.5,0.57,6.29,0.58,5.0,0.43,83.0,0.41,77.37,0.46,24.56,0.47,20.22,0.01,0.03,2320.37616,1776209337000
1776209339.734,239.734,0.57,15.0,0.56,50.5,0.58,3.64,0.59,62.87,0.42,3.64,0.41,62.87,0.43,15.0,0.44,50.5,0.01,0.01,2320.370905,1776209338000
1776209339.953,239.953,0.58,30.0,0.57,30.0,0.61,4.31,0.62,38.18,0.41,52.37,0.4,25.0,0.42,58.54,0.43,40.5,0.03,0.01,2320.370905,1776209338000
1776209340.322,240.322,0.59,10.0,0.58,20.0,0.6,2.57,0.61,24.81,0.4,2.57,0.39,24.81,0.41,10.0,0.42,20.0,0.01,0.01,2320.58434,1776209339000
1776209340.53,240.53,0.61,2.69,0.6,15.0,0.62,43.18,0.63,15.0,0.4,2.57,0.39,24.81,0.41,10.0,0.42,20.0,0.01,0.01,2320.58434,1776209339000
1776209340.839,240.839,0.6,15.0,0.59,84.19,0.62,45.08,0.63,15.0,0.38,41.08,0.37,15.0,0.39,2.69,0.4,15.0,0.02,0.01,2320.58434,1776209339000
1776209341.158,241.158,0.6,4.25,0.59,84.19,0.61,13.82,0.62,35.58,0.38,35.58,0.37,15.0,0.4,4.25,0.41,84.19,0.01,0.02,2320.58434,1776209339000
1776209341.537,241.537,0.6,4.25,0.59,74.19,0.61,8.82,0.62,35.58,0.39,8.82,0.38,35.58,0.4,4.25,0.41,74.19,0.01,0.01,2320.60971,1776209340000
1776209341.794,241.794,0.58,5.0,0.54,25.0,0.61,50.0,0.62,38.4,0.38,38.4,0.37,10.0,0.4,4.25,0.42,5.0,0.03,0.02,2320.60971,1776209340000
1776209342.176,242.176,0.54,25.0,0.53,35.0,0.61,40.0,0.62,38.4,0.39,40.0,0.38,38.4,0.46,25.0,0.47,35.0,0.07,0.07,2320.778187,1776209341000
1776209342.448,242.448,0.53,35.0,0.52,50.0,0.54,7.5,0.55,20.0,0.39,40.0,0.38,38.4,0.46,25.0,0.47,35.0,0.01,0.07,2320.778187,1776209341000
1776209342.688,242.688,0.53,5.0,0.52,60.0,0.55,25.0,0.56,20.0,0.46,7.5,0.45,20.0,0.47,35.0,0.48,50.0,0.02,0.01,2320.778187,1776209341000
1776209342.904,242.904,0.53,2.6,0.52,60.0,0.55,5.0,0.56,25.0,0.45,5.0,0.44,25.0,0.46,7.6,0.47,5.0,0.02,0.01,2320.778187,1776209341000
1776209343.784,243.784,0.55,12.55,0.54,15.0,0.56,10.0,0.58,20.0,0.45,1.36,0.44,25.0,0.47,2.6,0.48,60.0,0.01,0.02,2320.778187,1776209341000
1776209344.519,244.519,0.55,12.55,0.54,15.0,0.56,10.0,0.58,20.0,0.44,10.0,0.42,20.0,0.45,12.55,0.46,15.0,0.01,0.01,2320.629885,1776209343000
1776209345.209,245.209,0.51,10.0,0.5,55.0,0.54,4.44,0.55,20.0,0.46,4.44,0.45,20.0,0.49,10.0,0.5,55.0,0.03,0.03,2320.551338,1776209344000
1776209345.621,245.621,0.53,2.65,0.52,5.0,0.54,19.44,0.55,15.0,0.46,27.44,0.45,28.0,0.48,10.0,0.49,20.0,0.01,0.02,2320.551338,1776209344000
1776209346.686,246.686,0.5,45.0,0.49,60.0,0.52,4.71,0.53,10.0,0.48,4.71,0.47,10.0,0.5,45.0,0.51,60.0,0.02,0.02,2320.539659,1776209345000
1776209347.017,247.017,0.5,81.0,0.49,115.0,0.51,14.9,0.52,13.0,0.48,4.71,0.47,10.0,0.5,45.0,0.51,60.0,0.01,0.02,2320.539659,1776209345000
1776209347.479,247.479,0.5,81.0,0.49,115.0,0.51,14.9,0.52,13.0,0.49,14.9,0.48,13.0,0.5,81.0,0.51,115.0,0.01,0.01,2320.548103,1776209346000
1776209348.201,248.201,0.5,81.0,0.49,115.0,0.51,14.9,0.52,13.0,0.49,14.9,0.48,13.0,0.5,81.0,0.51,115.0,0.01,0.01,2320.549614,1776209347000
1776209348.883,248.883,0.52,15.0,0.51,43.99,0.53,30.11,0.54,24.44,0.46,24.44,0.45,20.0,0.48,42.91,0.49,28.99,0.01,0.02,2320.549614,1776209347000
1776209349.504,249.504,0.51,10.0,0.5,110.0,0.53,40.11,0.54,32.44,0.47,30.11,0.46,24.44,0.48,15.0,0.49,43.99,0.02,0.01,2320.549614,1776209347000
1776209350.185,250.185,0.5,65.0,0.49,100.0,0.51,63.03,0.52,20.0,0.47,40.11,0.46,32.44,0.49,10.0,0.5,110.0,0.01,0.02,2320.546438,1776209348000
1776209350.911,250.911,0.49,30.0,0.48,20.0,0.5,49.0,0.51,58.03,0.49,63.03,0.48,20.0,0.5,65.0,0.51,100.0,0.01,0.01,2320.541775,1776209349000
1776209352.013,252.013,0.39,5.0,0.37,25.0,0.41,210.99,0.42,33.0,0.5,49.0,0.49,58.03,0.51,30.0,0.52,20.0,0.02,0.01,2320.54056,1776209350000
1776209352.392,252.392,0.37,30.0,0.36,40.0,0.38,93.34,0.39,48.0,0.62,18.7,0.61,20.0,0.63,25.0,0.64,35.0,0.01,0.01,2320.54056,1776209350000
1776209353.322,253.322,0.37,30.0,0.36,40.0,0.38,93.34,0.39,48.0,0.62,93.34,0.61,48.0,0.63,30.0,0.64,40.0,0.01,0.01,2320.379472,1776209352000
1776209353.555,253.555,0.36,40.0,0.35,15.0,0.37,49.0,0.38,84.34,0.62,93.34,0.61,48.0,0.63,30.0,0.64,40.0,0.01,0.01,2320.379472,1776209352000
1776209353.77,253.77,0.36,81.61,0.35,15.0,0.37,87.45,0.38,35.89,0.63,97.45,0.62,35.89,0.64,81.61,0.65,15.0,0.01,0.01,2320.379472,1776209352000
1776209354.021,254.021,0.36,81.61,0.35,15.0,0.37,87.45,0.38,35.89,0.63,87.45,0.62,35.89,0.64,81.61,0.65,15.0,0.01,0.01,2320.348926,1776209353000
1776209355.344,255.344,0.36,81.61,0.35,15.0,0.37,87.45,0.38,35.89,0.63,87.45,0.62,35.89,0.64,81.61,0.65,15.0,0.01,0.01,2320.169848,1776209354000
1776209355.982,255.982,0.36,81.61,0.35,15.0,0.37,87.45,0.38,35.89,0.63,87.45,0.62,35.89,0.64,81.61,0.65,15.0,0.01,0.01,2320.169722,1776209355000
1776209357.918,257.918,0.36,81.61,0.35,15.0,0.37,87.45,0.38,35.89,0.63,87.45,0.62,35.89,0.64,81.61,0.65,15.0,0.01,0.01,2320.177563,1776209356000
1776209358.446,258.446,0.36,81.61,0.35,15.0,0.37,87.45,0.38,35.89,0.63,87.45,0.62,35.89,0.64,81.61,0.65,15.0,0.01,0.01,2320.176796,1776209357000
1776209359.0,259.0,0.36,81.61,0.35,15.0,0.37,87.45,0.38,35.89,0.63,87.45,0.62,35.89,0.64,81.61,0.65,15.0,0.01,0.01,2320.177009,1776209358000
1776209359.385,259.385,0.35,26.28,0.34,5.0,0.36,20.0,0.37,30.0,0.63,87.45,0.62,35.89,0.64,81.61,0.65,15.0,0.01,0.01,2320.177009,1776209358000
1776209359.774,259.774,0.35,26.28,0.34,15.0,0.36,7.0,0.37,25.0,0.64,20.0,0.63,30.0,0.65,26.28,0.66,5.0,0.01,0.01,2320.177009,1776209358000
1776209360.022,260.022,0.36,82.0,0.35,21.28,0.38,6.35,0.44,53.45,0.64,7.0,0.63,25.0,0.65,26.28,0.66,15.0,0.02,0.01,2320.177009,1776209358000
1776209360.446,260.446,0.45,25.0,0.44,25.0,0.46,14.89,0.49,14.0,0.55,10.0,0.54,11.54,0.63,10.0,0.64,131.0,0.01,0.08,2320.174328,1776209359000
1776209360.978,260.978,0.45,10.0,0.4,5.0,0.46,232.24,0.47,173.0,0.54,14.19,0.53,5.0,0.55,25.0,0.56,25.0,0.01,0.01,2320.174328,1776209359000
1776209361.312,261.312,0.32,1.5,0.31,26.8,0.35,10.0,0.36,10.0,0.65,10.0,0.64,10.0,0.68,1.5,0.69,26.8,0.03,0.03,2320.195069,1776209360000
1776209362.104,262.104,0.31,3.88,0.3,117.1,0.33,42.85,0.34,25.0,0.67,32.85,0.66,25.0,0.68,1.5,0.69,16.8,0.02,0.01,2320.195069,1776209360000
1776209362.877,262.877,0.31,3.88,0.3,117.1,0.33,42.85,0.34,25.0,0.67,42.85,0.66,25.0,0.69,3.88,0.7,117.1,0.02,0.02,2320.27797,1776209362000
1776209363.261,263.261,0.3,20.67,0.29,42.5,0.31,29.0,0.32,24.0,0.67,42.85,0.66,25.0,0.69,3.88,0.7,117.1,0.01,0.02,2320.27797,1776209362000
1776209363.649,263.649,0.3,10.03,0.29,42.5,0.31,26.37,0.32,24.0,0.69,29.0,0.68,24.0,0.7,20.67,0.71,42.5,0.01,0.01,2320.27797,1776209362000
1776209363.899,263.899,0.3,10.03,0.29,42.5,0.31,26.37,0.32,24.0,0.69,26.37,0.68,24.0,0.7,10.03,0.71,42.5,0.01,0.01,2320.18707,1776209363000
1776209364.486,264.486,0.3,2.88,0.29,42.5,0.31,26.37,0.32,24.0,0.69,26.37,0.68,24.0,0.7,10.03,0.71,42.5,0.01,0.01,2320.18707,1776209363000
1776209365.025,265.025,0.3,2.88,0.29,42.5,0.31,26.37,0.32,24.0,0.69,26.37,0.68,24.0,0.7,2.88,0.71,42.5,0.01,0.01,2320.168761,1776209364000
1776209365.624,265.624,0.28,25.0,0.27,50.0,0.31,21.37,0.32,24.0,0.69,26.37,0.68,24.0,0.7,2.88,0.71,42.5,0.03,0.01,2320.168761,1776209364000
1776209366.173,266.173,0.28,25.0,0.27,50.0,0.31,21.37,0.32,24.0,0.69,21.37,0.68,24.0,0.72,25.0,0.73,50.0,0.03,0.03,2320.166186,1776209365000
1776209367.169,267.169,0.28,25.0,0.27,50.0,0.31,21.37,0.32,24.0,0.69,21.37,0.68,24.0,0.72,25.0,0.73,50.0,0.03,0.03,2320.160136,1776209366000
1776209368.334,268.334,0.28,25.0,0.27,50.0,0.31,21.37,0.32,24.0,0.69,21.37,0.68,24.0,0.72,25.0,0.73,50.0,0.03,0.03,2320.150627,1776209367000
1776209368.882,268.882,0.28,25.0,0.27,50.0,0.31,21.37,0.32,24.0,0.69,21.37,0.68,24.0,0.72,25.0,0.73,50.0,0.03,0.03,2320.145245,1776209368000
1776209369.413,269.413,0.2,10.0,0.19,25.0,0.23,2.08,0.24,10.0,0.69,21.37,0.68,24.0,0.72,25.0,0.73,50.0,0.03,0.03,2320.145245,1776209368000
1776209370.126,270.126,0.19,25.0,0.18,105.0,0.24,10.0,0.25,17.0,0.76,10.0,0.75,17.0,0.81,25.0,0.82,105.0,0.05,0.05,2320.04679,1776209369000
1776209370.389,270.389,0.18,4.39,0.17,80.94,0.19,7.0,0.2,17.0,0.81,17.0,0.8,17.0,0.82,4.39,0.83,105.94,0.01,0.01,2320.04679,1776209369000
1776209371.184,271.184,0.17,55.94,0.16,411.8,0.19,7.0,0.2,17.0,0.81,7.0,0.8,17.0,0.83,55.94,0.84,411.8,0.02,0.02,2320.019238,1776209370000
1776209371.414,271.414,0.17,0.87,0.16,351.8,0.18,17.0,0.19,7.0,0.81,7.0,0.8,17.0,0.83,55.94,0.84,411.8,0.01,0.02,2320.019238,1776209370000
1776209371.685,271.685,0.17,4.74,0.16,351.8,0.18,27.0,0.19,12.0,0.82,17.0,0.81,7.0,0.83,0.87,0.84,351.8,0.01,0.01,2320.019238,1776209370000
1776209372.458,272.458,0.17,4.74,0.16,351.8,0.18,27.0,0.19,12.0,0.82,27.0,0.81,12.0,0.83,4.74,0.84,351.8,0.01,0.01,2320.012266,1776209371000
1776209373.062,273.062,0.17,4.74,0.16,351.8,0.18,27.0,0.19,12.0,0.82,27.0,0.81,12.0,0.83,4.74,0.84,351.8,0.01,0.01,2319.98682,1776209372000
1776209374.324,274.324,0.17,4.74,0.16,351.8,0.18,27.0,0.19,12.0,0.82,27.0,0.81,12.0,0.83,4.74,0.84,351.8,0.01,0.01,2319.984549,1776209373000
1776209374.898,274.898,0.17,4.74,0.16,351.8,0.18,27.0,0.19,12.0,0.82,27.0,0.81,12.0,0.83,4.74,0.84,351.8,0.01,0.01,2319.981951,1776209374000
1776209376.167,276.167,0.16,150.0,0.15,115.0,0.17,13.58,0.18,22.0,0.82,27.0,0.81,12.0,0.83,4.74,0.84,351.8,0.01,0.01,2319.981951,1776209374000
1776209377.64,277.64,0.16,150.0,0.15,115.0,0.17,13.58,0.18,22.0,0.83,13.58,0.82,22.0,0.84,150.0,0.85,115.0,0.01,0.01,2319.981342,1776209376000
1776209378.26,278.26,0.16,150.0,0.15,115.0,0.17,13.58,0.18,22.0,0.83,13.58,0.82,22.0,0.84,150.0,0.85,115.0,0.01,0.01,2319.983933,1776209377000
1776209379.385,279.385,0.16,150.0,0.15,115.0,0.17,13.58,0.18,22.0,0.83,13.58,0.82,22.0,0.84,150.0,0.85,115.0,0.01,0.01,2319.984195,1776209378000
1776209380.004,280.004,0.16,150.0,0.15,115.0,0.17,13.58,0.18,22.0,0.83,13.58,0.82,22.0,0.84,150.0,0.85,115.0,0.01,0.01,2319.984235,1776209379000
1776209381.351,281.351,0.16,150.0,0.15,115.0,0.17,13.58,0.18,22.0,0.83,13.58,0.82,22.0,0.84,150.0,0.85,115.0,0.01,0.01,2319.992087,1776209380000
1776209382.129,282.129,0.16,150.0,0.15,115.0,0.17,13.58,0.18,22.0,0.83,13.58,0.82,22.0,0.84,150.0,0.85,115.0,0.01,0.01,2319.993406,1776209381000
1776209383.334,283.334,0.16,150.0,0.15,115.0,0.17,13.58,0.18,22.0,0.83,13.58,0.82,22.0,0.84,150.0,0.85,115.0,0.01,0.01,2319.92699,1776209382000
1776209384.191,284.191,0.16,150.0,0.15,115.0,0.17,13.58,0.18,22.0,0.83,13.58,0.82,22.0,0.84,150.0,0.85,115.0,0.01,0.01,2319.928087,1776209383000
1776209385.02,285.02,0.14,8.83,0.13,105.0,0.15,8.0,0.16,30.0,0.83,13.58,0.82,22.0,0.84,150.0,0.85,115.0,0.01,0.01,2319.928087,1776209383000
1776209385.401,285.401,0.14,8.83,0.13,105.0,0.15,8.0,0.16,30.0,0.85,8.0,0.84,30.0,0.86,8.83,0.87,105.0,0.01,0.01,2319.960706,1776209384000
1776209386.132,286.132,0.14,5.95,0.13,105.0,0.15,13.0,0.16,25.0,0.85,13.0,0.84,25.0,0.86,5.95,0.87,105.0,0.01,0.01,2319.957471,1776209385000
1776209386.738,286.738,0.15,123.0,0.14,15.95,0.26,35.0,0.31,60.0,0.85,13.0,0.84,25.0,0.86,5.95,0.87,105.0,0.11,0.01,2319.957471,1776209385000
1776209387.053,287.053,0.31,46.03,0.3,10.0,0.35,5.0,0.38,7.0,0.65,25.0,0.62,7.0,0.66,0.4,0.67,10.0,0.04,0.01,2319.957471,1776209385000
1776209387.384,287.384,0.33,7.38,0.32,10.0,0.35,15.0,0.36,5.0,0.65,15.0,0.64,5.0,0.67,7.38,0.68,10.0,0.02,0.02,2320.024826,1776209386000
1776209387.612,287.612,0.34,15.0,0.33,7.38,0.41,5.12,0.42,10.0,0.65,15.0,0.64,5.0,0.67,7.38,0.68,10.0,0.07,0.02,2320.024826,1776209386000
1776209387.957,287.957,0.39,1.8,0.38,10.0,0.4,20.0,0.41,10.12,0.59,5.12,0.58,10.0,0.66,15.0,0.67,7.38,0.01,0.07,2320.024826,1776209386000
1776209388.236,288.236,0.37,3.74,0.36,10.0,0.4,33.79,0.41,10.12,0.6,13.79,0.59,10.12,0.61,10.0,0.62,9.77,0.03,0.01,2320.027913,1776209387000
1776209388.575,288.575,0.37,3.74,0.36,10.0,0.42,4.04,0.46,50.0,0.6,33.79,0.59,10.12,0.63,3.74,0.64,10.0,0.05,0.03,2320.027913,1776209387000
1776209388.841,288.841,0.52,17.2,0.51,10.0,0.53,54.0,0.56,105.0,0.58,4.04,0.54,50.0,0.63,3.74,0.64,10.0,0.01,0.05,2320.027913,1776209387000
1776209389.154,289.154,0.52,9.4,0.51,10.0,0.53,1.21,0.54,10.0,0.47,1.21,0.46,10.0,0.48,17.2,0.49,10.0,0.01,0.01,2320.027913,1776209387000
1776209389.957,289.957,0.52,9.4,0.51,10.0,0.53,10.6,0.54,10.0,0.47,1.21,0.46,10.0,0.48,9.4,0.49,10.0,0.01,0.01,2320.027913,1776209387000
1776209390.637,290.637,0.52,9.4,0.51,10.0,0.53,4.99,0.54,10.0,0.47,4.99,0.46,10.0,0.48,9.4,0.49,10.0,0.01,0.01,2320.219497,1776209389000
1776209390.864,290.864,0.52,16.27,0.51,10.0,0.53,16.99,0.54,5.0,0.47,26.99,0.46,5.0,0.48,16.27,0.49,10.0,0.01,0.01,2320.219497,1776209389000
1776209391.207,291.207,0.52,16.27,0.51,10.0,0.53,16.99,0.54,5.0,0.47,16.99,0.46,5.0,0.48,16.27,0.49,10.0,0.01,0.01,2320.29705,1776209390000
1776209392.191,292.191,0.52,16.27,0.51,10.0,0.53,16.99,0.54,5.0,0.47,16.99,0.46,5.0,0.48,16.27,0.49,10.0,0.01,0.01,2320.3469,1776209391000
1776209392.432,292.432,0.55,3.0,0.54,10.0,0.56,15.0,0.57,5.0,0.47,16.99,0.46,5.0,0.48,16.27,0.49,10.0,0.01,0.01,2320.3469,1776209391000
1776209392.704,292.704,0.55,13.0,0.54,10.0,0.57,10.0,0.6,70.0,0.44,15.0,0.43,5.0,0.45,3.0,0.46,10.0,0.02,0.01,2320.3469,1776209391000
1776209392.982,292.982,0.56,20.0,0.55,10.77,0.6,70.0,0.61,50.0,0.43,10.0,0.4,70.0,0.45,5.77,0.46,10.0,0.04,0.02,2320.3469,1776209391000
1776209393.182,293.182,0.57,8.37,0.56,15.0,0.58,5.0,0.6,70.0,0.4,70.0,0.39,50.0,0.44,20.0,0.45,10.77,0.01,0.04,2320.3469,1776209391000
1776209393.487,293.487,0.57,20.0,0.56,20.0,0.6,70.0,0.61,10.0,0.42,5.0,0.4,70.0,0.43,8.37,0.44,15.0,0.03,0.01,2320.34956,1776209392000
1776209393.846,293.846,0.57,20.0,0.56,20.0,0.6,70.0,0.61,10.0,0.4,70.0,0.39,10.0,0.43,20.0,0.44,20.0,0.03,0.03,2320.35539,1776209393000
1776209394.063,294.063,0.59,4.87,0.58,10.0,0.6,75.0,0.61,10.0,0.4,70.0,0.39,10.0,0.43,20.0,0.44,20.0,0.01,0.03,2320.35539,1776209393000
1776209394.333,294.333,0.53,0.24,0.52,6.27,0.6,70.0,0.61,10.0,0.4,75.0,0.39,10.0,0.41,4.87,0.42,10.0,0.07,0.01,2320.35539,1776209393000
1776209394.603,294.603,0.51,75.0,0.5,10.0,0.52,5.16,0.58,5.0,0.48,16.9,0.42,5.0,0.49,75.0,0.5,10.0,0.01,0.01,2320.35539,1776209393000
1776209395.046,295.046,0.51,75.0,0.5,10.0,0.59,36.58,0.61,10.0,0.41,36.58,0.39,10.0,0.49,75.0,0.5,10.0,0.08,0.08,2320.37711,1776209394000
1776209395.571,295.571,0.57,20.0,0.56,10.0,0.59,41.15,0.61,10.0,0.41,36.58,0.39,10.0,0.49,75.0,0.5,10.0,0.02,0.08,2320.37711,1776209394000
1776209395.848,295.848,0.58,15.0,0.57,20.0,0.59,8.94,0.6,5.0,0.41,41.15,0.39,10.0,0.43,20.0,0.44,10.0,0.01,0.02,2320.37711,1776209394000
1776209396.067,296.067,0.58,15.0,0.57,20.0,0.59,8.94,0.6,5.0,0.41,8.94,0.4,5.0,0.42,15.0,0.43,20.0,0.01,0.01,2320.39163,1776209395000
1776209396.655,296.655,0.66,86.0,0.64,10.0,0.68,7.87,0.69,70.0,0.35,135.0,0.34,100.0,0.41,10.0,0.42,125.0,0.02,0.06,2320.39163,1776209395000
1776209397.003,297.003,0.78,4.09,0.77,10.0,0.8,20.05,0.83,10.0,0.32,7.87,0.31,70.0,0.34,86.0,0.35,10.0,0.02,0.02,2320.39163,1776209395000
1776209397.329,297.329,0.8,14.95,0.79,1.76,0.83,10.0,0.84,35.0,0.2,10.05,0.16,35.0,0.21,1.76,0.22,4.09,0.03,0.01,2320.394495,1776209396000
1776209397.569,297.569,0.81,20.0,0.8,46.38,0.83,2.68,0.84,10.0,0.17,8.79,0.16,35.0,0.19,10.0,0.2,29.95,0.02,0.02,2320.394495,1776209396000
1776209397.802,297.802,0.84,35.2,0.83,10.0,0.91,14.84,0.92,15.0,0.09,11.74,0.08,10.0,0.16,30.2,0.17,10.0,0.07,0.07,2320.394495,1776209396000
1776209398.007,298.007,0.86,20.0,0.85,15.0,0.87,8.34,0.88,15.0,0.09,14.84,0.08,15.0,0.16,35.2,0.17,10.0,0.01,0.07,2320.394495,1776209396000
1776209398.359,298.359,0.86,25.0,0.85,15.0,0.87,6.27,0.88,15.0,0.13,6.27,0.12,15.0,0.14,25.0,0.15,15.0,0.01,0.01,2320.456165,1776209397000
1776209398.57,298.57,0.9,10.0,0.89,32.0,0.97,111.33,0.98,133.0,0.04,38.33,0.03,123.0,0.14,25.0,0.15,15.0,0.07,0.1,2320.456165,1776209397000
1776209398.927,298.927,0.93,20.0,0.92,15.0,0.95,0.06,0.96,10.0,0.05,14.1,0.04,10.0,0.07,20.0,0.08,15.0,0.02,0.02,2320.456165,1776209397000
1776209399.155,299.155,0.96,13.94,0.95,5.0,0.97,5.0,0.98,133.0,0.03,10.0,0.02,133.0,0.04,8.94,0.06,25.0,0.01,0.01,2320.51265,1776209398000
1776209399.363,299.363,0.93,20.0,0.92,20.0,0.98,169.47,0.99,1179.0,0.02,115.0,0.01,1179.0,0.07,20.0,0.08,20.0,0.05,0.05,2320.51265,1776209398000
1776209399.613,299.613,0.93,13.06,0.92,25.0,0.98,134.47,0.99,1174.0,0.02,139.47,0.01,1179.0,0.03,6.0,0.07,30.49,0.05,0.01,2320.51265,1776209398000
1776209399.837,299.837,0.97,10.0,0.96,10.0,0.98,74.36,0.99,1174.0,0.02,99.36,0.01,1174.0,0.03,10.0,0.08,25.0,0.01,0.01,2320.51265,1776209398000
1776209400.055,300.055,0.99,1354.0,0.97,15.0,,,,,,,,,0.01,1354.0,0.03,15.0,,,2320.5729,1776209399000
1776209400.279,300.279,0.99,15656.89,0.97,15.0,,,,,,,,,0.01,1354.0,0.03,15.0,,,2320.5729,1776209399000

# RESULT,winner=Up,slug=eth-updown-5m-1776209100,ticks=511
