timestamp,elapsed_sec,up_bid_p1,up_bid_s1,up_bid_p2,up_bid_s2,up_ask_p1,up_ask_s1,up_ask_p2,up_ask_s2,down_bid_p1,down_bid_s1,down_bid_p2,down_bid_s2,down_ask_p1,down_ask_s1,down_ask_p2,down_ask_s2,up_spread,down_spread,eth_price,eth_oracle_ts
1776309600.684,0.684,0.46,13.69,0.4,38.0,0.48,5.0,0.49,400.0,0.52,5.0,0.51,400.0,0.54,13.69,0.6,38.0,0.02,0.02,2362.718119,1776309599000
1776309601.473,1.473,0.47,5.0,0.46,57.69,0.48,5.0,0.49,405.0,0.52,5.0,0.51,400.0,0.54,13.69,0.6,38.0,0.01,0.02,2362.709055,1776309600000
1776309601.678,1.678,0.48,10.0,0.47,80.0,0.49,195.79,0.5,10.0,0.51,216.2,0.5,10.0,0.52,10.0,0.53,80.0,0.01,0.01,2362.709055,1776309600000
1776309601.909,1.909,0.48,5.0,0.47,80.0,0.49,195.79,0.5,10.0,0.51,195.79,0.5,10.0,0.52,10.0,0.53,80.0,0.01,0.01,2362.709055,1776309600000
1776309602.229,2.229,0.48,15.0,0.47,81.0,0.49,125.79,0.5,10.0,0.51,195.79,0.5,10.0,0.52,5.0,0.53,80.0,0.01,0.01,2362.7434,1776309601000
1776309603.196,3.196,0.55,5.0,0.54,10.0,0.57,3.24,0.59,5.0,0.4,5.0,0.35,70.0,0.52,78.0,0.53,100.0,0.02,0.12,2362.7434,1776309601000
1776309604.029,4.029,0.55,5.0,0.54,10.0,0.57,18.24,0.58,15.0,0.43,3.24,0.41,5.0,0.45,5.0,0.46,10.0,0.02,0.02,2362.915343,1776309602000
1776309604.232,4.232,0.54,10.0,0.53,10.0,0.56,116.52,0.57,18.24,0.44,116.52,0.43,18.24,0.45,5.0,0.46,10.0,0.02,0.01,2362.915343,1776309602000
1776309604.701,4.701,0.53,5.0,0.52,15.0,0.54,44.64,0.55,20.0,0.44,116.52,0.43,18.24,0.46,10.0,0.47,10.0,0.01,0.02,2363.15722,1776309603000
1776309605.604,5.604,0.53,5.0,0.52,28.0,0.54,31.52,0.55,15.0,0.46,44.64,0.45,20.0,0.47,5.0,0.48,15.0,0.01,0.01,2363.297324,1776309604000
1776309606.332,6.332,0.53,35.0,0.52,28.0,0.56,101.52,0.58,71.92,0.46,31.52,0.45,15.0,0.47,5.0,0.48,28.0,0.03,0.01,2363.297324,1776309604000
1776309608.016,8.016,0.55,31.0,0.54,46.0,0.56,96.52,0.57,5.0,0.44,101.52,0.42,71.92,0.47,35.0,0.48,28.0,0.01,0.03,2363.199733,1776309606000
1776309610.484,10.484,0.55,57.0,0.54,52.0,0.56,86.52,0.57,5.0,0.44,96.52,0.43,5.0,0.45,31.0,0.46,46.0,0.01,0.01,2363.290912,1776309608000
1776309610.995,10.995,0.55,62.0,0.54,52.0,0.56,81.16,0.57,5.0,0.44,86.52,0.43,5.0,0.45,57.0,0.46,52.0,0.01,0.01,2363.261444,1776309609000
1776309611.383,11.383,0.51,51.36,0.5,20.0,0.56,76.16,0.57,5.0,0.44,81.16,0.43,5.0,0.45,62.0,0.46,52.0,0.05,0.01,2363.275581,1776309610000
1776309611.964,11.964,0.55,15.0,0.54,78.0,0.56,56.16,0.57,15.0,0.44,76.16,0.43,5.0,0.49,51.36,0.5,20.0,0.01,0.05,2363.275581,1776309610000
1776309612.409,12.409,0.55,41.0,0.54,91.0,0.56,31.16,0.57,63.44,0.44,56.16,0.43,15.0,0.45,15.0,0.46,78.0,0.01,0.01,2363.275581,1776309610000
1776309615.438,15.438,0.54,27.0,0.53,38.0,0.55,88.56,0.56,25.0,0.43,61.94,0.42,63.0,0.45,41.0,0.46,91.0,0.01,0.02,2363.275492,1776309614000
1776309615.665,15.665,0.54,67.0,0.53,90.0,0.55,78.56,0.56,5.0,0.45,88.56,0.44,25.0,0.46,27.0,0.47,38.0,0.01,0.01,2363.275492,1776309614000
1776309617.13,17.13,0.48,73.71,0.47,15.0,0.55,78.56,0.56,5.0,0.45,78.56,0.44,5.0,0.46,67.0,0.47,90.0,0.07,0.01,2363.298976,1776309615000
1776309618.734,18.734,0.52,48.0,0.51,22.0,0.53,21.77,0.54,73.0,0.45,78.56,0.44,5.0,0.52,73.71,0.53,15.0,0.01,0.07,2363.226846,1776309617000
1776309619.237,19.237,0.51,12.0,0.5,12.0,0.53,28.77,0.54,73.0,0.47,21.77,0.46,73.0,0.48,48.0,0.49,22.0,0.02,0.01,2363.231262,1776309618000
1776309620.726,20.726,0.51,39.0,0.5,33.0,0.52,42.38,0.53,74.77,0.47,28.77,0.46,73.0,0.49,12.0,0.5,12.0,0.01,0.02,2363.236416,1776309619000
1776309621.905,21.905,0.51,61.0,0.5,96.0,0.53,5.0,0.54,5.0,0.48,42.38,0.47,74.77,0.49,39.0,0.5,33.0,0.02,0.01,2363.210732,1776309620000
1776309623.984,23.984,0.51,6.0,0.5,15.0,0.54,5.0,0.55,91.56,0.47,5.0,0.46,5.0,0.49,61.0,0.5,96.0,0.03,0.02,2363.232995,1776309622000
1776309624.256,24.256,0.53,5.0,0.52,15.0,0.54,17.0,0.55,159.56,0.46,5.0,0.45,91.56,0.49,6.0,0.5,15.0,0.01,0.03,2363.232995,1776309622000
1776309625.856,25.856,0.53,5.0,0.52,21.75,0.55,167.56,0.56,15.0,0.46,17.0,0.45,159.56,0.47,5.0,0.48,15.0,0.02,0.01,2363.228813,1776309624000
1776309626.95,26.95,0.54,10.0,0.53,5.0,0.55,172.56,0.56,15.0,0.45,167.56,0.44,15.0,0.47,5.0,0.48,21.75,0.01,0.02,2363.232477,1776309625000
1776309629.191,29.191,0.53,1.0,0.52,6.75,0.54,47.0,0.55,205.56,0.45,177.56,0.44,15.0,0.46,4.89,0.48,32.75,0.01,0.01,2363.225366,1776309628000
1776309630.997,30.997,0.52,11.75,0.51,18.0,0.53,18.31,0.54,95.5,0.47,23.22,0.46,108.0,0.48,6.75,0.49,11.0,0.01,0.01,2363.21811,1776309629000
1776309632.624,32.624,0.52,1.75,0.51,14.0,0.53,18.31,0.54,197.0,0.47,18.31,0.46,95.5,0.48,11.75,0.49,18.0,0.01,0.01,2363.118122,1776309631000
1776309633.371,33.371,0.47,29.51,0.46,24.69,0.48,122.0,0.49,26.0,0.47,18.31,0.46,197.0,0.53,4.07,0.54,13.69,0.01,0.06,2363.122252,1776309632000
1776309634.147,34.147,0.47,27.81,0.46,37.19,0.48,116.0,0.49,33.0,0.52,116.0,0.51,26.0,0.53,29.51,0.54,24.69,0.01,0.01,2363.122252,1776309632000
1776309635.505,35.505,0.47,1.81,0.46,16.19,0.48,111.0,0.49,63.0,0.52,116.0,0.51,33.0,0.53,27.81,0.54,37.19,0.01,0.01,2362.908257,1776309634000
1776309635.852,35.852,0.41,18.95,0.4,108.0,0.42,16.0,0.43,16.0,0.54,10.0,0.53,10.0,0.56,5.0,0.59,5.0,0.01,0.02,2362.908257,1776309634000
1776309636.77,36.77,0.41,7.1,0.4,47.0,0.42,23.0,0.43,27.0,0.58,11.0,0.57,16.0,0.59,18.95,0.6,108.0,0.01,0.01,2362.898348,1776309635000
1776309638.012,38.012,0.39,6.27,0.37,5.0,0.4,205.56,0.41,21.0,0.59,10.0,0.58,16.0,0.61,16.0,0.62,10.0,0.01,0.02,2362.759211,1776309636000
1776309638.292,38.292,0.39,6.18,0.38,5.0,0.4,200.56,0.41,27.0,0.6,205.56,0.59,21.0,0.61,6.27,0.63,5.0,0.01,0.01,2362.759211,1776309636000
1776309639.496,39.496,0.37,7.77,0.36,35.0,0.38,23.0,0.39,68.0,0.6,205.56,0.59,27.0,0.63,9.36,0.64,10.0,0.01,0.03,2362.549305,1776309638000
1776309640.228,40.228,0.37,2.94,0.36,10.0,0.38,23.0,0.39,73.0,0.62,23.0,0.61,68.0,0.63,7.77,0.64,35.0,0.01,0.01,2362.549305,1776309638000
1776309640.533,40.533,0.36,31.0,0.35,86.0,0.37,10.0,0.38,21.5,0.62,23.0,0.61,73.0,0.63,2.94,0.64,10.0,0.01,0.01,2362.450517,1776309639000
1776309640.824,40.824,0.36,38.0,0.35,144.0,0.37,10.0,0.38,21.5,0.63,10.0,0.62,21.5,0.64,31.0,0.65,86.0,0.01,0.01,2362.450517,1776309639000
1776309644.224,44.224,0.36,31.0,0.35,91.0,0.37,113.37,0.38,27.0,0.63,10.0,0.62,21.5,0.64,38.0,0.65,144.0,0.01,0.01,2362.442458,1776309642000
1776309644.772,44.772,0.36,31.0,0.35,91.0,0.37,116.52,0.38,27.0,0.63,113.37,0.62,27.0,0.64,31.0,0.65,91.0,0.01,0.01,2362.442458,1776309643000
1776309646.326,46.326,0.36,20.56,0.35,86.0,0.37,121.52,0.38,37.5,0.63,116.52,0.62,27.0,0.64,31.0,0.65,91.0,0.01,0.01,2362.440494,1776309644000
1776309647.726,47.726,0.35,8.9,0.34,16.0,0.36,145.0,0.37,37.52,0.64,36.0,0.63,90.52,0.65,70.56,0.66,11.0,0.01,0.01,2362.436927,1776309646000
1776309648.219,48.219,0.34,16.0,0.33,5.0,0.35,6.1,0.36,115.0,0.64,145.0,0.63,37.52,0.65,8.9,0.66,16.0,0.01,0.01,2362.436927,1776309646000
1776309648.52,48.52,0.33,5.0,0.32,15.0,0.35,28.1,0.36,103.0,0.65,6.1,0.64,115.0,0.66,16.0,0.67,5.0,0.02,0.01,2362.297286,1776309647000
1776309648.887,48.887,0.32,15.0,0.31,15.0,0.34,22.0,0.35,26.1,0.65,28.1,0.64,103.0,0.67,5.0,0.68,15.0,0.02,0.02,2362.297286,1776309647000
1776309649.201,49.201,0.32,0.36,0.31,5.0,0.33,15.0,0.34,20.0,0.66,22.0,0.65,26.1,0.68,15.0,0.69,15.0,0.01,0.02,2362.190663,1776309648000
1776309649.504,49.504,0.31,3.4,0.3,5.0,0.32,15.0,0.33,15.0,0.67,15.0,0.66,20.0,0.68,0.36,0.69,5.0,0.01,0.01,2362.190663,1776309648000
1776309649.819,49.819,0.3,5.0,0.29,143.0,0.32,13.75,0.33,15.0,0.68,8.75,0.67,15.0,0.69,3.4,0.7,5.0,0.02,0.01,2362.190663,1776309648000
1776309650.383,50.383,0.29,85.0,0.28,20.0,0.3,55.0,0.31,51.0,0.68,13.75,0.67,15.0,0.7,5.0,0.71,143.0,0.01,0.02,2362.187664,1776309649000
1776309650.634,50.634,0.29,74.0,0.28,20.0,0.3,13.66,0.31,51.0,0.7,13.66,0.69,51.0,0.71,85.0,0.72,20.0,0.01,0.01,2362.187664,1776309649000
1776309651.157,51.157,0.29,64.0,0.28,10.0,0.3,23.66,0.31,51.0,0.7,13.66,0.69,51.0,0.71,74.0,0.72,20.0,0.01,0.01,2362.187664,1776309649000
1776309651.412,51.412,0.29,64.0,0.28,10.0,0.3,29.0,0.31,51.0,0.69,51.0,0.68,8.75,0.71,64.0,0.72,10.0,0.01,0.02,2362.190128,1776309650000
1776309652.313,52.313,0.29,91.5,0.28,45.03,0.31,21.0,0.32,66.75,0.7,29.0,0.69,51.0,0.71,64.0,0.72,10.0,0.02,0.01,2362.174567,1776309651000
1776309653.141,53.141,0.3,78.0,0.29,101.5,0.31,45.0,0.32,66.75,0.69,21.0,0.68,66.75,0.71,91.5,0.72,45.03,0.01,0.02,2362.127074,1776309652000
1776309654.512,54.512,0.3,19.1,0.29,96.5,0.31,29.0,0.32,71.75,0.69,24.0,0.68,66.75,0.7,73.0,0.71,101.5,0.01,0.01,2362.085237,1776309653000
1776309654.979,54.979,0.29,58.0,0.28,40.03,0.3,49.0,0.31,10.0,0.69,24.0,0.68,71.75,0.71,96.5,0.72,32.89,0.01,0.02,2362.085237,1776309653000
1776309658.367,58.367,0.29,56.09,0.28,37.89,0.3,124.0,0.31,10.0,0.7,49.0,0.69,10.0,0.71,58.0,0.72,40.03,0.01,0.01,2361.94724,1776309656000
1776309658.869,58.869,0.29,41.44,0.28,37.89,0.3,100.33,0.31,10.0,0.7,112.33,0.69,10.0,0.71,56.09,0.72,37.89,0.01,0.01,2361.950134,1776309657000
1776309659.089,59.089,0.29,41.44,0.28,37.89,0.3,116.33,0.31,10.0,0.7,100.33,0.69,10.0,0.71,41.44,0.72,37.89,0.01,0.01,2361.950134,1776309657000
1776309659.557,59.557,0.29,41.79,0.28,37.89,0.3,121.33,0.31,10.0,0.7,116.33,0.69,10.0,0.71,41.44,0.72,37.89,0.01,0.01,2361.950134,1776309657000
1776309660.163,60.163,0.29,27.54,0.28,32.89,0.3,126.33,0.31,10.0,0.7,121.33,0.69,10.0,0.71,41.79,0.72,37.89,0.01,0.01,2361.97138,1776309658000
1776309660.959,60.959,0.29,4.0,0.26,21.0,0.3,154.33,0.31,225.0,0.7,126.33,0.69,10.0,0.71,27.54,0.72,32.89,0.01,0.01,2361.92442,1776309659000
1776309661.3,61.3,0.22,11.0,0.21,62.7,0.23,146.49,0.24,21.57,0.74,6.75,0.73,120.84,0.78,21.0,0.79,62.7,0.01,0.04,2361.92442,1776309659000
1776309661.513,61.513,0.22,10.0,0.21,41.0,0.23,44.91,0.24,15.0,0.77,71.91,0.76,15.0,0.78,15.0,0.79,41.0,0.01,0.01,2361.966405,1776309660000
1776309661.783,61.783,0.22,34.92,0.21,94.0,0.23,15.0,0.24,15.0,0.77,31.91,0.76,15.0,0.78,32.0,0.79,41.0,0.01,0.01,2361.966405,1776309660000
1776309662.253,62.253,0.22,63.92,0.21,94.0,0.23,87.92,0.24,15.0,0.77,15.0,0.76,15.0,0.78,34.92,0.79,94.0,0.01,0.01,2361.966405,1776309661000
1776309663.284,63.284,0.22,58.92,0.21,16.0,0.23,117.14,0.24,15.0,0.77,87.92,0.76,15.0,0.78,63.92,0.79,94.0,0.01,0.01,2361.966405,1776309661000
1776309665.258,65.258,0.22,295.64,0.21,86.0,0.23,98.79,0.25,10.0,0.77,127.79,0.76,15.0,0.78,49.64,0.79,21.0,0.01,0.01,2361.526482,1776309663000
1776309665.819,65.819,0.33,78.0,0.32,36.0,0.35,16.1,0.36,10.0,0.66,19.9,0.65,61.1,0.71,26.83,0.72,31.0,0.02,0.05,2361.506654,1776309664000
1776309666.238,66.238,0.34,14.0,0.33,64.0,0.36,4.72,0.37,73.0,0.65,5.0,0.64,10.0,0.66,20.86,0.67,64.0,0.02,0.01,2361.506654,1776309664000
1776309666.864,66.864,0.35,87.0,0.34,69.0,0.36,4.86,0.37,20.0,0.64,4.72,0.63,73.0,0.66,14.0,0.67,64.0,0.01,0.02,2361.521784,1776309665000
1776309667.15,67.15,0.35,42.0,0.34,34.0,0.36,9.52,0.37,65.72,0.63,7.72,0.62,31.5,0.65,87.0,0.66,69.0,0.01,0.02,2361.521784,1776309665000
1776309667.487,67.487,0.35,64.0,0.34,34.0,0.36,3.96,0.37,7.72,0.64,9.52,0.63,65.72,0.65,42.0,0.66,34.0,0.01,0.01,2361.521784,1776309665000
1776309668.795,68.795,0.37,11.0,0.36,21.0,0.38,31.5,0.39,15.0,0.64,3.96,0.63,7.72,0.65,64.0,0.66,34.0,0.01,0.01,2362.06447,1776309667000
1776309669.218,69.218,0.36,5.0,0.35,61.0,0.38,94.5,0.39,15.0,0.62,31.5,0.61,15.0,0.63,11.0,0.64,21.0,0.02,0.01,2362.158116,1776309668000
1776309669.697,69.697,0.36,5.0,0.35,61.0,0.37,5.0,0.38,89.5,0.62,94.5,0.61,15.0,0.64,5.0,0.65,61.0,0.01,0.02,2362.158116,1776309668000
1776309670.021,70.021,0.36,10.0,0.35,61.0,0.38,73.31,0.39,15.0,0.63,5.0,0.62,89.5,0.64,5.0,0.65,61.0,0.02,0.01,2362.158116,1776309668000
1776309670.919,70.919,0.36,20.0,0.35,61.0,0.38,56.72,0.39,15.0,0.63,4.59,0.62,73.31,0.64,10.0,0.65,61.0,0.02,0.01,2362.187945,1776309669000
1776309671.918,71.918,0.36,56.0,0.35,61.0,0.38,45.4,0.39,15.0,0.62,56.72,0.61,15.0,0.64,20.0,0.65,61.0,0.02,0.02,2362.196659,1776309670000
1776309673.404,73.404,0.38,22.0,0.37,15.0,0.41,21.0,0.42,15.0,0.62,45.4,0.61,15.0,0.64,56.0,0.65,61.0,0.03,0.02,2362.218557,1776309671000
1776309673.959,73.959,0.39,4.78,0.38,10.0,0.4,15.0,0.41,9.82,0.59,9.82,0.58,15.0,0.62,22.0,0.63,15.0,0.01,0.03,2362.192699,1776309672000
1776309674.885,74.885,0.38,18.22,0.37,15.0,0.39,10.0,0.4,10.0,0.6,15.0,0.59,9.82,0.61,4.78,0.62,10.0,0.01,0.01,2362.198479,1776309673000
1776309676.684,76.684,0.42,25.0,0.41,102.0,0.44,5.5,0.45,5.0,0.61,10.0,0.6,10.0,0.62,9.22,0.63,15.0,0.02,0.01,2362.226167,1776309674000
1776309676.991,76.991,0.45,15.0,0.44,20.0,0.47,30.0,0.48,15.0,0.54,5.0,0.53,35.0,0.56,10.0,0.57,22.0,0.02,0.02,2362.265642,1776309675000
1776309679.083,79.083,0.45,9.41,0.44,15.0,0.47,110.0,0.48,20.0,0.53,35.0,0.52,20.0,0.55,9.41,0.56,15.0,0.02,0.02,2362.324326,1776309677000
1776309684.076,84.076,0.39,24.0,0.38,15.0,0.4,15.0,0.41,78.0,0.53,110.0,0.52,20.0,0.55,9.41,0.56,15.0,0.01,0.02,2362.40593,1776309683000
1776309686.537,86.537,0.39,41.0,0.38,15.0,0.41,78.0,0.42,20.0,0.6,15.0,0.59,78.0,0.61,24.0,0.62,15.0,0.02,0.01,2362.407482,1776309685000
1776309689.934,89.934,0.4,35.0,0.39,15.0,0.41,63.0,0.42,15.0,0.59,78.0,0.58,20.0,0.61,41.0,0.62,15.0,0.01,0.02,2362.385852,1776309689000
1776309690.739,90.739,0.4,13.0,0.39,15.0,0.43,35.0,0.44,5.0,0.59,63.0,0.58,15.0,0.6,35.0,0.61,15.0,0.03,0.01,2362.385852,1776309689000
1776309693.403,93.403,0.33,3.44,0.32,14.0,0.35,16.0,0.36,21.0,0.57,35.0,0.56,5.0,0.6,13.0,0.61,15.0,0.02,0.03,2362.486635,1776309692000
1776309694.162,94.162,0.27,22.85,0.26,32.7,0.31,48.0,0.32,74.0,0.65,16.0,0.64,21.0,0.67,3.44,0.68,14.0,0.04,0.02,2362.584408,1776309693000
1776309694.759,94.759,0.27,35.63,0.26,95.7,0.28,16.0,0.29,10.0,0.69,48.0,0.68,74.0,0.73,22.85,0.74,32.7,0.01,0.04,2362.584408,1776309693000
1776309697.432,97.432,0.31,5.0,0.3,15.0,0.32,7.19,0.33,73.0,0.72,16.0,0.71,10.0,0.73,35.63,0.74,95.7,0.01,0.01,2361.92178,1776309696000
1776309698.79,98.79,0.28,1.37,0.26,5.0,0.29,128.0,0.3,82.0,0.68,7.19,0.67,73.0,0.69,5.0,0.7,15.0,0.01,0.01,2361.986719,1776309697000
1776309699.833,99.833,0.2,4.83,0.18,24.4,0.21,22.0,0.22,15.0,0.71,128.0,0.7,82.0,0.74,5.0,0.75,5.0,0.01,0.03,2361.986166,1776309698000
1776309700.375,100.375,0.17,30.5,0.16,31.8,0.21,105.0,0.22,15.0,0.79,22.0,0.78,15.0,0.8,4.83,0.82,24.4,0.04,0.01,2361.931306,1776309699000
1776309700.674,100.674,0.16,84.8,0.15,33.2,0.18,13.44,0.19,10.0,0.79,105.0,0.78,15.0,0.83,30.5,0.84,31.8,0.02,0.04,2361.931306,1776309699000
1776309700.904,100.904,0.16,37.71,0.15,5.0,0.18,8.88,0.19,10.0,0.82,8.88,0.81,10.0,0.84,147.71,0.85,105.0,0.02,0.02,2361.931306,1776309699000
1776309701.149,101.149,0.16,150.32,0.15,105.0,0.18,9.32,0.19,10.0,0.82,4.88,0.81,10.0,0.84,140.32,0.85,5.0,0.02,0.02,2361.835977,1776309700000
1776309701.864,101.864,0.16,200.0,0.15,188.0,0.17,10.0,0.18,9.88,0.82,9.32,0.81,10.0,0.84,150.32,0.85,105.0,0.01,0.02,2361.835977,1776309700000
1776309703.234,103.234,0.16,205.0,0.15,188.0,0.18,9.88,0.19,24.0,0.83,10.0,0.82,9.88,0.84,200.0,0.85,188.0,0.02,0.01,2361.062571,1776309702000
1776309704.751,104.751,0.17,73.95,0.16,48.0,0.18,9.88,0.19,82.0,0.82,9.88,0.81,24.0,0.84,205.0,0.85,188.0,0.01,0.02,2361.001795,1776309703000
1776309706.125,106.125,0.17,73.95,0.16,43.0,0.19,65.04,0.2,24.0,0.82,9.88,0.81,82.0,0.83,73.95,0.84,48.0,0.02,0.01,2361.130754,1776309705000
1776309706.521,106.521,0.17,27.0,0.16,3.0,0.19,66.77,0.2,24.0,0.81,65.04,0.8,24.0,0.83,73.95,0.84,43.0,0.02,0.02,2361.130754,1776309705000
1776309706.948,106.948,0.17,37.31,0.16,8.0,0.18,10.0,0.19,66.77,0.81,66.77,0.8,24.0,0.83,27.0,0.84,3.0,0.01,0.02,2361.121287,1776309706000
1776309710.798,110.798,0.17,42.31,0.16,8.0,0.19,71.77,0.2,24.0,0.82,10.0,0.81,66.77,0.83,37.31,0.84,8.0,0.02,0.01,2361.04958,1776309709000
1776309711.123,111.123,0.17,47.31,0.16,8.0,0.18,2.0,0.19,71.77,0.81,71.77,0.8,24.0,0.83,42.31,0.84,8.0,0.01,0.02,2361.04958,1776309709000
1776309711.854,111.854,0.18,25.0,0.17,115.31,0.2,19.0,0.21,24.0,0.82,2.0,0.81,71.77,0.83,47.31,0.84,8.0,0.02,0.01,2361.04974,1776309710000
1776309712.918,112.918,0.29,10.0,0.28,20.0,0.32,29.62,0.33,15.0,0.8,28.8,0.79,24.0,0.81,18.0,0.82,25.0,0.03,0.01,2361.050925,1776309711000
1776309713.321,113.321,0.34,10.0,0.33,10.0,0.36,69.47,0.37,213.0,0.68,12.9,0.67,58.0,0.69,10.0,0.7,15.0,0.02,0.01,2361.050925,1776309711000
1776309713.694,113.694,0.36,20.0,0.35,15.0,0.37,83.0,0.38,113.0,0.63,143.0,0.62,18.0,0.65,10.0,0.66,10.0,0.01,0.02,2361.102325,1776309712000
1776309714.287,114.287,0.36,19.92,0.35,20.0,0.37,92.0,0.38,122.0,0.63,83.0,0.62,113.0,0.64,20.0,0.65,15.0,0.01,0.01,2361.102325,1776309712000
1776309714.596,114.596,0.36,14.84,0.35,15.0,0.37,92.0,0.38,14.0,0.63,92.0,0.62,122.0,0.64,19.92,0.65,20.0,0.01,0.01,2361.23544,1776309713000
1776309715.377,115.377,0.36,14.84,0.35,15.0,0.37,96.0,0.38,119.0,0.63,92.0,0.62,14.0,0.64,14.84,0.65,15.0,0.01,0.01,2361.422437,1776309714000
1776309715.849,115.849,0.37,15.0,0.36,14.84,0.39,5.0,0.4,240.0,0.63,96.0,0.62,119.0,0.64,14.84,0.65,15.0,0.02,0.01,2361.422437,1776309714000
1776309716.22,116.22,0.38,20.26,0.37,20.0,0.4,233.41,0.41,147.0,0.6,229.6,0.59,147.0,0.63,20.0,0.64,14.84,0.02,0.03,2361.995535,1776309715000
1776309720.541,120.541,0.31,10.0,0.3,10.0,0.39,215.5,0.4,53.0,0.6,233.41,0.59,147.0,0.62,20.26,0.63,20.0,0.08,0.02,2362.093785,1776309719000
1776309720.817,120.817,0.3,20.16,0.27,5.0,0.31,71.0,0.32,33.0,0.61,215.5,0.6,53.0,0.69,10.0,0.7,10.0,0.01,0.08,2362.093785,1776309719000
1776309721.931,121.931,0.23,284.0,0.22,135.0,0.25,10.6,0.26,10.0,0.69,244.0,0.68,47.0,0.7,15.16,0.74,5.0,0.02,0.01,2362.086753,1776309720000
1776309722.589,122.589,0.2,112.5,0.19,98.4,0.24,15.0,0.25,10.0,0.74,19.0,0.73,82.0,0.77,126.0,0.78,40.0,0.04,0.03,2362.084739,1776309721000
1776309722.812,122.812,0.23,141.0,0.22,73.0,0.25,10.0,0.26,24.0,0.76,15.0,0.75,10.0,0.8,112.5,0.81,98.4,0.02,0.04,2362.084739,1776309721000
1776309723.846,123.846,0.32,5.8,0.31,20.0,0.33,5.0,0.34,5.0,0.75,10.0,0.74,24.0,0.77,141.0,0.78,73.0,0.01,0.02,2361.859822,1776309722000
1776309724.187,124.187,0.32,163.8,0.31,15.0,0.34,15.0,0.35,19.0,0.67,1.12,0.66,15.0,0.68,173.8,0.69,15.0,0.02,0.01,2361.859822,1776309722000
1776309725.219,125.219,0.34,73.0,0.33,20.0,0.35,1.97,0.36,15.0,0.66,15.0,0.65,19.0,0.68,163.8,0.69,15.0,0.01,0.02,2361.691185,1776309724000
1776309727.791,127.791,0.29,224.0,0.28,73.0,0.3,4.83,0.32,10.0,0.64,70.94,0.63,24.0,0.66,73.0,0.67,25.0,0.01,0.02,2362.060346,1776309726000
1776309731.788,131.788,0.22,68.44,0.21,5.0,0.28,10.0,0.29,32.0,0.7,4.83,0.68,10.0,0.71,224.0,0.72,73.0,0.06,0.01,2362.142142,1776309730000
1776309737.732,137.732,0.2,66.0,0.19,5.0,0.21,60.78,0.22,76.0,0.72,10.0,0.71,32.0,0.78,68.44,0.79,5.0,0.01,0.06,2361.45434,1776309736000
1776309739.041,139.041,0.2,61.0,0.19,5.0,0.21,108.78,0.22,18.0,0.79,60.78,0.78,76.0,0.8,66.0,0.81,5.0,0.01,0.01,2361.45313,1776309737000
1776309739.498,139.498,0.2,61.0,0.19,5.0,0.21,66.16,0.22,18.0,0.79,108.78,0.78,18.0,0.8,61.0,0.81,5.0,0.01,0.01,2361.487536,1776309738000
1776309741.636,141.636,0.2,30.56,0.19,5.0,0.21,80.0,0.22,18.0,0.79,66.16,0.78,18.0,0.8,61.0,0.81,5.0,0.01,0.01,2361.487058,1776309740000
1776309744.065,144.065,0.19,8.76,0.18,50.0,0.2,72.0,0.21,40.0,0.79,80.0,0.78,18.0,0.8,30.56,0.81,5.0,0.01,0.01,2361.483364,1776309742000
1776309744.962,144.962,0.19,45.76,0.18,5.0,0.2,27.0,0.21,76.0,0.8,72.0,0.79,40.0,0.81,8.76,0.82,50.0,0.01,0.01,2361.482897,1776309743000
1776309745.413,145.413,0.19,50.76,0.18,5.0,0.2,44.5,0.21,76.0,0.8,27.0,0.79,76.0,0.81,45.76,0.82,5.0,0.01,0.01,2361.482897,1776309743000
1776309746.126,146.126,0.19,41.76,0.18,5.0,0.2,42.5,0.21,76.0,0.8,44.5,0.79,76.0,0.81,50.76,0.82,5.0,0.01,0.01,2361.48074,1776309745000
1776309747.269,147.269,0.19,41.76,0.18,5.0,0.2,37.5,0.21,76.0,0.8,42.5,0.79,76.0,0.81,41.76,0.82,5.0,0.01,0.01,2361.455696,1776309746000
1776309750.111,150.111,0.19,27.76,0.18,55.0,0.2,100.5,0.21,18.0,0.8,37.5,0.79,76.0,0.81,41.76,0.82,5.0,0.01,0.01,2361.44703,1776309748000
1776309750.463,150.463,0.19,21.76,0.18,5.0,0.2,102.5,0.21,18.0,0.8,100.5,0.79,18.0,0.81,27.76,0.82,55.0,0.01,0.01,2361.447123,1776309749000
1776309751.006,151.006,0.19,50.76,0.18,15.0,0.22,8.0,0.23,76.0,0.8,102.5,0.79,18.0,0.81,21.76,0.82,5.0,0.03,0.01,2361.447123,1776309749000
1776309754.923,154.923,0.23,48.0,0.22,20.0,0.26,8.92,0.27,10.0,0.78,5.0,0.77,76.0,0.79,110.0,0.8,15.0,0.03,0.01,2361.574775,1776309753000
1776309755.153,155.153,0.23,72.0,0.22,27.0,0.24,3.0,0.25,10.0,0.74,8.92,0.73,10.0,0.77,48.0,0.78,20.0,0.01,0.03,2361.573665,1776309754000
1776309757.053,157.053,0.26,47.64,0.25,44.0,0.27,10.0,0.28,49.82,0.75,1.0,0.74,8.92,0.76,5.0,0.77,45.0,0.01,0.01,2361.643506,1776309755000
1776309759.065,159.065,0.25,15.0,0.24,15.0,0.27,22.0,0.28,132.82,0.73,10.0,0.72,49.82,0.74,47.64,0.75,44.0,0.02,0.01,2361.688963,1776309756000
1776309759.376,159.376,0.25,3.0,0.24,15.0,0.26,22.0,0.27,73.0,0.73,22.0,0.72,132.82,0.75,15.0,0.76,15.0,0.01,0.02,2361.764533,1776309757000
1776309759.839,159.839,0.21,17.69,0.2,5.0,0.22,44.0,0.23,38.0,0.74,22.0,0.73,73.0,0.75,3.0,0.76,15.0,0.01,0.01,2361.760876,1776309758000
1776309763.247,163.247,0.25,38.98,0.24,51.0,0.27,30.0,0.28,106.0,0.78,44.0,0.77,38.0,0.79,17.69,0.8,5.0,0.02,0.01,2361.643409,1776309761000
1776309763.482,163.482,0.25,33.98,0.24,51.0,0.26,47.31,0.27,81.0,0.73,30.0,0.72,106.0,0.75,38.98,0.76,51.0,0.01,0.02,2361.679223,1776309762000
1776309765.589,165.589,0.24,17.0,0.23,7.0,0.26,37.25,0.27,29.0,0.74,47.31,0.73,81.0,0.75,33.98,0.76,51.0,0.02,0.01,2361.766809,1776309764000
1776309767.591,167.591,0.24,17.0,0.23,12.0,0.25,38.17,0.26,23.0,0.74,37.25,0.73,29.0,0.76,17.0,0.77,7.0,0.01,0.02,2361.752905,1776309766000
1776309777.864,177.864,0.19,5.0,0.18,85.0,0.2,53.5,0.21,80.0,0.75,38.17,0.74,23.0,0.76,17.0,0.77,12.0,0.01,0.01,2361.580163,1776309776000
1776309780.723,180.723,0.16,6.46,0.15,15.0,0.18,117.0,0.19,39.0,0.8,53.5,0.79,80.0,0.81,5.0,0.82,85.0,0.02,0.01,2361.586326,1776309779000
1776309781.076,181.076,0.16,56.0,0.15,15.0,0.17,36.0,0.18,105.0,0.83,15.0,0.82,110.0,0.84,1.46,0.85,15.0,0.01,0.01,2361.586326,1776309779000
1776309783.584,183.584,0.15,9.0,0.14,15.0,0.17,89.0,0.18,47.0,0.83,36.0,0.82,105.0,0.84,56.0,0.85,15.0,0.02,0.01,2361.566677,1776309782000
1776309785.003,185.003,0.12,16.52,0.11,127.79,0.17,94.0,0.18,47.0,0.83,89.0,0.82,47.0,0.85,9.0,0.86,15.0,0.05,0.02,2361.511082,1776309784000
1776309785.842,185.842,0.14,40.0,0.13,10.0,0.15,4.0,0.16,19.0,0.83,94.0,0.82,47.0,0.88,16.52,0.89,127.79,0.01,0.05,2361.511082,1776309784000
1776309786.045,186.045,0.14,40.0,0.13,10.0,0.16,15.0,0.17,82.0,0.85,4.0,0.84,19.0,0.86,40.0,0.87,10.0,0.02,0.01,2361.511082,1776309784000
1776309788.093,188.093,0.14,44.0,0.13,104.8,0.15,11.17,0.19,7.0,0.84,15.0,0.83,82.0,0.86,40.0,0.87,10.0,0.01,0.02,2361.5144,1776309786000
1776309791.881,191.881,0.22,196.0,0.21,60.0,0.24,20.08,0.25,7.0,0.8,9.45,0.79,102.0,0.82,10.0,0.83,10.0,0.02,0.02,2361.730745,1776309790000
1776309792.157,192.157,0.26,19.23,0.23,39.0,0.46,283.04,0.49,26.61,0.7,87.42,0.64,70.0,0.77,39.0,0.78,196.0,0.2,0.07,2361.730745,1776309790000
1776309792.371,192.371,0.28,21.7,0.26,19.23,0.46,167.88,0.49,26.61,0.54,189.62,0.51,26.61,0.72,21.7,0.74,19.23,0.18,0.18,2361.803167,1776309791000
1776309792.62,192.62,0.28,21.7,0.27,25.0,0.46,85.78,0.49,26.61,0.54,92.24,0.51,26.61,0.72,21.7,0.73,25.0,0.18,0.18,2361.803167,1776309791000
1776309792.924,192.924,0.39,70.0,0.35,20.0,0.46,47.07,0.47,5.0,0.54,53.27,0.53,5.0,0.65,20.0,0.72,21.7,0.07,0.11,2361.803167,1776309791000
1776309793.411,193.411,0.41,5.0,0.39,52.0,0.46,27.72,0.47,10.0,0.54,17.72,0.53,5.0,0.61,40.0,0.65,20.0,0.05,0.07,2362.672059,1776309792000
1776309793.612,193.612,0.41,5.0,0.39,52.0,0.46,11.3,0.47,10.0,0.54,21.72,0.53,10.0,0.59,5.0,0.61,52.0,0.05,0.05,2362.672059,1776309792000
1776309793.9,193.9,0.46,32.0,0.42,74.9,0.47,10.0,0.48,5.0,0.54,14.09,0.53,5.0,0.59,52.27,0.64,50.0,0.01,0.05,2362.672059,1776309792000
1776309794.231,194.231,0.45,17.19,0.42,20.0,0.46,50.0,0.47,5.0,0.53,10.0,0.52,5.0,0.54,32.0,0.58,74.9,0.01,0.01,2362.672059,1776309792000
1776309794.676,194.676,0.45,95.19,0.44,10.0,0.46,65.0,0.49,26.61,0.54,20.0,0.51,26.61,0.55,95.19,0.56,10.0,0.01,0.01,2362.7514,1776309793000
1776309794.957,194.957,0.45,72.59,0.44,10.0,0.46,70.0,0.49,26.61,0.54,65.0,0.51,26.61,0.55,95.19,0.56,10.0,0.01,0.01,2362.748968,1776309794000
1776309795.807,195.807,0.46,231.04,0.45,13.53,0.49,33.61,0.5,28.0,0.54,65.91,0.51,26.61,0.55,18.53,0.56,10.0,0.03,0.01,2362.748968,1776309794000
1776309799.927,199.927,0.48,39.0,0.47,251.04,0.49,1.72,0.5,36.0,0.51,33.61,0.5,28.0,0.54,231.04,0.55,13.53,0.01,0.03,2362.809046,1776309798000
1776309801.981,201.981,0.48,49.0,0.47,256.04,0.5,10.0,0.52,89.0,0.51,1.72,0.5,36.0,0.52,39.0,0.53,251.04,0.02,0.01,2362.790149,1776309800000
1776309802.297,202.297,0.49,39.0,0.48,25.0,0.52,25.0,0.53,11.0,0.48,89.0,0.47,5.0,0.51,10.0,0.52,49.0,0.03,0.03,2362.792924,1776309801000
1776309802.641,202.641,0.51,12.71,0.5,15.0,0.52,35.0,0.53,11.0,0.48,25.0,0.47,11.0,0.51,39.0,0.52,25.0,0.01,0.03,2362.792924,1776309801000
1776309803.6,203.6,0.36,28.6,0.35,20.0,0.37,15.0,0.38,10.0,0.48,35.0,0.47,11.0,0.49,12.71,0.5,15.0,0.01,0.01,2362.811789,1776309802000
1776309804.187,204.187,0.31,58.0,0.26,55.0,0.32,23.0,0.33,23.0,0.64,33.0,0.63,45.0,0.67,5.0,0.69,63.0,0.01,0.03,2362.811833,1776309803000
1776309805.448,205.448,0.29,242.92,0.28,10.0,0.3,6.0,0.31,6.0,0.73,5.0,0.72,10.0,0.74,50.0,0.75,70.0,0.01,0.01,2362.811833,1776309803000
1776309806.356,206.356,0.32,8.38,0.29,47.0,0.39,87.42,0.4,10.0,0.7,6.0,0.69,6.0,0.71,242.92,0.72,10.0,0.07,0.01,2362.811833,1776309803000
1776309808.216,208.216,0.42,10.0,0.41,15.0,0.43,10.0,0.45,85.4,0.61,87.42,0.6,10.0,0.68,8.38,0.71,25.0,0.01,0.07,2362.235745,1776309806000
1776309808.438,208.438,0.42,6.89,0.41,15.0,0.44,10.0,0.45,85.4,0.56,10.0,0.55,85.4,0.58,10.0,0.59,15.0,0.02,0.02,2362.235745,1776309806000
1776309808.951,208.951,0.43,9.91,0.42,11.89,0.44,5.0,0.45,90.4,0.56,10.0,0.55,85.4,0.58,6.89,0.59,15.0,0.01,0.02,2362.358422,1776309807000
1776309809.59,209.59,0.4,5.0,0.39,5.0,0.42,145.63,0.43,80.0,0.56,5.0,0.55,90.4,0.57,9.91,0.58,11.89,0.02,0.01,2362.358422,1776309807000
1776309809.916,209.916,0.36,55.0,0.34,75.0,0.37,6.1,0.38,10.0,0.6,15.0,0.59,10.0,0.64,60.0,0.65,10.0,0.01,0.04,2362.389054,1776309808000
1776309810.148,210.148,0.3,5.64,0.29,21.0,0.37,11.1,0.38,10.0,0.63,11.1,0.62,10.0,0.64,57.89,0.66,75.0,0.07,0.01,2362.389054,1776309808000
1776309810.362,210.362,0.3,50.0,0.29,10.0,0.31,60.0,0.32,10.0,0.63,11.1,0.62,10.0,0.7,5.64,0.71,21.0,0.01,0.07,2362.389054,1776309808000
1776309810.649,210.649,0.3,15.0,0.29,10.0,0.31,56.27,0.33,36.0,0.69,57.0,0.67,36.0,0.71,10.0,0.72,10.0,0.01,0.02,2362.377348,1776309809000
1776309810.884,210.884,0.3,251.04,0.29,10.0,0.33,36.0,0.34,6.0,0.69,56.27,0.67,36.0,0.7,15.0,0.71,10.0,0.03,0.01,2362.377348,1776309809000
1776309812.455,212.455,0.32,5.0,0.3,236.04,0.34,16.0,0.35,16.0,0.67,36.0,0.66,6.0,0.7,251.04,0.71,10.0,0.02,0.03,2362.33466,1776309811000
1776309813.994,213.994,0.24,10.0,0.23,6.0,0.28,6.94,0.29,97.42,0.66,16.0,0.65,16.0,0.68,5.0,0.7,236.04,0.04,0.02,2362.316135,1776309812000
1776309816.72,216.72,0.23,10.0,0.22,10.0,0.24,144.35,0.25,20.9,0.73,6.84,0.72,10.0,0.81,23.67,0.84,76.8,0.01,0.08,2362.099447,1776309814000
1776309816.962,216.962,0.23,10.0,0.22,10.0,0.24,89.35,0.25,20.9,0.76,144.35,0.75,20.9,0.77,10.0,0.78,10.0,0.01,0.01,2362.003461,1776309815000
1776309817.25,217.25,0.23,10.0,0.22,10.0,0.24,82.35,0.25,20.9,0.76,89.35,0.75,20.9,0.77,10.0,0.78,10.0,0.01,0.01,2362.003461,1776309815000
1776309821.403,221.403,0.23,110.0,0.22,19.09,0.24,25.35,0.25,20.9,0.76,75.35,0.75,20.9,0.77,10.0,0.78,10.0,0.01,0.01,2362.041354,1776309820000
1776309821.739,221.739,0.23,113.89,0.22,19.09,0.41,54.83,0.44,5.0,0.7,5.57,0.59,58.0,0.77,107.89,0.78,19.09,0.18,0.07,2362.041354,1776309820000
1776309822.068,222.068,0.34,218.04,0.26,50.0,0.41,14.0,0.43,6.0,0.59,25.85,0.56,5.0,0.74,50.0,0.76,113.0,0.07,0.15,2362.041354,1776309820000
1776309822.497,222.497,0.41,26.0,0.4,25.0,0.43,14.0,0.44,5.0,0.59,14.0,0.57,6.0,0.66,218.04,0.74,50.0,0.02,0.07,2362.041354,1776309820000
1776309822.718,222.718,0.42,7.5,0.41,15.0,0.45,5.0,0.46,50.0,0.53,11.0,0.52,26.0,0.59,26.0,0.6,25.0,0.03,0.06,2362.039128,1776309821000
1776309822.927,222.927,0.44,20.0,0.43,10.0,0.46,60.0,0.47,21.0,0.55,5.0,0.54,50.0,0.58,7.5,0.59,15.0,0.02,0.03,2362.039128,1776309821000
1776309823.184,223.184,0.43,8.82,0.42,7.5,0.44,10.68,0.45,22.0,0.54,65.0,0.53,21.0,0.57,3.82,0.58,7.5,0.01,0.03,2362.039128,1776309821000
1776309823.957,223.957,0.45,3.0,0.44,10.0,0.46,50.0,0.47,6.0,0.56,10.68,0.55,22.0,0.57,8.82,0.58,7.5,0.01,0.01,2362.381898,1776309822000
1776309825.58,225.58,0.44,9.94,0.43,3.82,0.46,50.0,0.47,6.0,0.54,50.0,0.53,6.0,0.55,3.0,0.56,10.0,0.02,0.01,2362.564303,1776309824000
1776309825.801,225.801,0.45,10.0,0.44,9.94,0.46,28.0,0.47,6.0,0.54,50.0,0.53,6.0,0.56,9.94,0.57,3.82,0.01,0.02,2362.564303,1776309824000
1776309826.246,226.246,0.46,25.0,0.45,10.0,0.47,1.0,0.48,22.0,0.54,28.0,0.53,6.0,0.55,10.0,0.56,9.94,0.01,0.01,2362.58627,1776309825000
1776309826.915,226.915,0.49,20.0,0.48,25.0,0.51,10.0,0.52,17.57,0.52,21.2,0.51,5.0,0.54,25.0,0.55,10.0,0.02,0.02,2362.58627,1776309825000
1776309828.387,228.387,0.41,0.83,0.39,10.0,0.46,9.25,0.48,106.0,0.49,10.0,0.48,17.57,0.51,20.0,0.52,25.0,0.05,0.02,2362.60918,1776309827000
1776309829.092,229.092,0.39,13.1,0.38,33.0,0.41,18.0,0.42,18.0,0.54,9.25,0.52,106.0,0.59,0.83,0.61,10.0,0.02,0.05,2362.60918,1776309827000
1776309829.894,229.894,0.4,13.1,0.39,26.16,0.41,7.75,0.42,18.0,0.59,18.0,0.58,18.0,0.61,13.1,0.62,33.0,0.01,0.02,2362.64245,1776309828000
1776309830.869,230.869,0.4,22.0,0.39,22.0,0.42,3.0,0.43,8.0,0.59,7.75,0.58,18.0,0.6,26.6,0.61,60.0,0.02,0.01,2362.620029,1776309829000
1776309831.079,231.079,0.45,5.0,0.41,50.0,0.52,15.38,0.53,5.0,0.58,3.0,0.57,8.0,0.6,22.0,0.61,22.0,0.07,0.02,2362.620029,1776309829000
1776309831.478,231.478,0.43,5.0,0.42,246.04,0.5,263.0,0.51,20.0,0.48,15.38,0.47,5.0,0.55,5.0,0.59,50.0,0.07,0.07,2362.592667,1776309830000
1776309832.053,232.053,0.43,6.22,0.42,256.04,0.44,9.0,0.46,19.0,0.5,263.0,0.49,20.0,0.57,5.0,0.58,246.04,0.01,0.07,2362.581884,1776309831000
1776309833.613,233.613,0.4,14.25,0.39,46.0,0.41,26.0,0.42,19.0,0.56,9.0,0.54,19.0,0.57,6.22,0.58,256.04,0.01,0.01,2362.616078,1776309832000
1776309833.873,233.873,0.4,9.25,0.39,46.0,0.41,45.0,0.42,24.0,0.59,26.0,0.58,19.0,0.6,14.25,0.61,46.0,0.01,0.01,2362.643741,1776309833000
1776309838.012,238.012,0.4,0.26,0.39,36.0,0.41,84.91,0.42,24.0,0.59,45.0,0.58,24.0,0.6,9.25,0.61,46.0,0.01,0.01,2362.576777,1776309836000
1776309838.763,238.763,0.31,50.0,0.3,9.26,0.4,48.0,0.41,163.91,0.59,84.91,0.58,24.0,0.6,0.26,0.61,36.0,0.09,0.01,2362.564819,1776309837000
1776309839.249,239.249,0.36,132.04,0.3,29.01,0.37,15.0,0.38,20.0,0.6,53.0,0.59,163.91,0.69,42.1,0.7,9.26,0.01,0.09,2362.564819,1776309837000
1776309839.616,239.616,0.36,92.04,0.32,10.0,0.37,20.0,0.38,20.0,0.63,15.0,0.62,20.0,0.64,132.04,0.7,29.01,0.01,0.01,2362.612445,1776309838000
1776309839.866,239.866,0.32,5.72,0.31,19.01,0.35,10.0,0.36,10.0,0.63,20.0,0.62,20.0,0.64,92.04,0.68,10.0,0.03,0.01,2362.612445,1776309838000
1776309840.363,240.363,0.35,5.38,0.34,10.0,0.36,17.0,0.37,25.0,0.63,25.0,0.62,15.0,0.64,72.04,0.67,10.0,0.01,0.01,2362.601373,1776309839000
1776309841.142,241.142,0.36,15.0,0.35,5.38,0.37,7.0,0.38,10.0,0.64,17.0,0.63,25.0,0.65,5.38,0.66,10.0,0.01,0.01,2362.52055,1776309840000
1776309841.73,241.73,0.36,4.1,0.35,5.38,0.38,5.0,0.39,10.0,0.63,7.0,0.62,10.0,0.64,15.0,0.65,5.38,0.02,0.01,2362.52055,1776309840000
1776309842.273,242.273,0.37,10.16,0.36,4.1,0.38,7.0,0.41,44.91,0.62,5.0,0.61,10.0,0.64,4.1,0.65,5.38,0.01,0.02,2362.501108,1776309841000
1776309842.782,242.782,0.37,10.16,0.36,81.1,0.41,44.91,0.49,5.0,0.62,7.0,0.59,44.91,0.63,10.16,0.64,4.1,0.04,0.01,2362.501108,1776309841000
1776309842.984,242.984,0.46,44.87,0.42,11.9,0.49,18.77,0.56,8.0,0.51,21.02,0.44,8.0,0.54,44.87,0.58,11.9,0.03,0.03,2362.501108,1776309841000
1776309844.014,244.014,0.55,37.0,0.54,15.0,0.61,28.0,0.66,50.0,0.44,8.0,0.41,30.0,0.54,44.87,0.58,11.9,0.06,0.1,2362.506847,1776309842000
1776309844.262,244.262,0.65,5.0,0.62,7.44,0.68,20.0,0.71,85.0,0.34,55.0,0.32,20.0,0.38,7.44,0.39,10.0,0.03,0.04,2362.530179,1776309843000
1776309845.157,245.157,0.67,15.0,0.66,10.0,0.69,21.0,0.71,85.0,0.32,20.0,0.29,85.0,0.35,5.0,0.38,7.44,0.02,0.03,2362.530179,1776309843000
1776309845.781,245.781,0.68,0.09,0.67,15.0,0.69,26.0,0.71,85.0,0.31,21.0,0.29,85.0,0.33,15.0,0.34,10.0,0.01,0.02,2363.141824,1776309844000
1776309846.638,246.638,0.68,10.0,0.67,10.09,0.69,24.55,0.7,86.41,0.31,21.0,0.29,85.0,0.33,10.09,0.34,10.0,0.01,0.02,2363.126945,1776309845000
1776309847.006,247.006,0.66,10.0,0.65,15.0,0.69,24.55,0.7,86.41,0.31,24.55,0.3,86.41,0.32,10.0,0.33,10.09,0.03,0.01,2363.126945,1776309845000
1776309848.073,248.073,0.68,10.0,0.67,10.0,0.7,86.41,0.71,20.0,0.31,24.55,0.3,86.41,0.34,10.0,0.35,15.0,0.02,0.03,2363.188812,1776309846000
1776309848.308,248.308,0.7,7.0,0.69,15.0,0.71,25.0,0.72,30.0,0.29,20.0,0.28,30.0,0.32,10.0,0.33,10.0,0.01,0.03,2363.209384,1776309847000
1776309848.898,248.898,0.7,15.38,0.69,15.0,0.71,19.94,0.72,30.0,0.29,25.0,0.28,30.0,0.3,7.0,0.31,15.0,0.01,0.01,2363.209384,1776309847000
1776309849.117,249.117,0.7,15.38,0.69,15.0,0.71,11.0,0.72,30.0,0.29,19.94,0.28,30.0,0.3,15.38,0.31,15.0,0.01,0.01,2363.209384,1776309847000
1776309849.729,249.729,0.69,15.0,0.68,10.0,0.71,23.28,0.72,30.0,0.29,11.0,0.28,30.0,0.3,15.38,0.31,15.0,0.02,0.01,2363.208811,1776309848000
1776309850.524,250.524,0.69,5.0,0.68,10.0,0.7,27.28,0.71,1.0,0.29,23.28,0.28,30.0,0.31,15.0,0.32,10.0,0.01,0.02,2363.164543,1776309849000
1776309851.127,251.127,0.69,11.77,0.68,10.0,0.7,15.85,0.72,11.0,0.3,15.85,0.29,1.0,0.31,5.0,0.32,10.0,0.01,0.01,2363.189504,1776309850000
1776309851.38,251.38,0.69,11.77,0.68,10.0,0.72,6.61,0.73,35.0,0.3,6.92,0.28,11.0,0.31,11.77,0.32,10.0,0.03,0.01,2363.189504,1776309850000
1776309851.972,251.972,0.73,25.0,0.72,23.38,0.74,40.0,0.75,105.0,0.28,6.61,0.27,35.0,0.31,0.31,0.32,10.0,0.01,0.03,2363.189504,1776309850000
1776309852.245,252.245,0.74,7.53,0.73,25.0,0.75,116.0,0.76,120.0,0.25,105.0,0.24,120.0,0.27,25.0,0.28,23.38,0.01,0.02,2363.189504,1776309850000
1776309852.663,252.663,0.79,15.0,0.78,15.0,0.8,30.98,0.81,120.0,0.23,60.06,0.21,11.0,0.26,15.91,0.27,15.0,0.01,0.03,2363.218098,1776309851000
1776309852.993,252.993,0.79,8.0,0.78,15.0,0.8,35.98,0.81,120.0,0.2,30.98,0.19,120.0,0.21,15.0,0.22,15.0,0.01,0.01,2363.218098,1776309851000
1776309853.402,253.402,0.79,10.0,0.78,20.0,0.8,20.85,0.81,125.0,0.2,35.98,0.19,120.0,0.23,15.0,0.24,10.0,0.01,0.03,2363.216812,1776309852000
1776309853.742,253.742,0.79,10.0,0.78,20.0,0.8,11.75,0.81,125.0,0.2,20.85,0.19,125.0,0.21,10.0,0.22,20.0,0.01,0.01,2363.216812,1776309852000
1776309854.403,254.403,0.79,10.0,0.78,10.0,0.8,6.62,0.81,125.0,0.2,11.75,0.19,125.0,0.21,10.0,0.22,20.0,0.01,0.01,2363.261946,1776309853000
1776309854.996,254.996,0.74,1.53,0.73,25.0,0.8,10.0,0.81,69.0,0.2,6.62,0.19,125.0,0.21,10.0,0.22,10.0,0.06,0.01,2363.261946,1776309853000
1776309855.405,255.405,0.73,55.0,0.72,23.0,0.74,17.11,0.75,70.0,0.26,23.47,0.22,75.0,0.27,25.0,0.28,10.0,0.01,0.01,2363.261946,1776309853000
1776309856.062,256.062,0.78,6.54,0.77,10.0,0.8,75.0,0.81,149.0,0.25,58.88,0.24,70.0,0.27,55.0,0.28,23.0,0.02,0.02,2363.368394,1776309854000
1776309856.424,256.424,0.79,10.0,0.78,16.54,0.8,64.87,0.81,149.0,0.2,75.0,0.19,149.0,0.22,6.54,0.23,10.0,0.01,0.02,2363.376302,1776309855000
1776309856.839,256.839,0.79,15.23,0.78,16.54,0.8,64.87,0.81,135.0,0.2,64.87,0.19,149.0,0.21,10.0,0.22,16.54,0.01,0.01,2363.376302,1776309855000
1776309857.488,257.488,0.79,5.23,0.78,16.54,0.8,54.74,0.81,135.0,0.2,64.87,0.19,135.0,0.21,15.23,0.22,16.54,0.01,0.01,2363.425982,1776309856000
1776309857.812,257.812,0.79,0.23,0.78,16.54,0.8,54.74,0.81,135.0,0.2,54.74,0.19,135.0,0.21,5.23,0.22,16.54,0.01,0.01,2363.425982,1776309856000
1776309858.181,258.181,0.79,0.23,0.78,16.54,0.8,53.49,0.81,135.0,0.2,54.74,0.19,135.0,0.21,0.23,0.22,16.54,0.01,0.01,2363.402048,1776309857000
1776309858.456,258.456,0.79,0.23,0.78,16.54,0.8,48.36,0.81,135.0,0.2,53.49,0.19,135.0,0.21,0.23,0.22,16.54,0.01,0.01,2363.402048,1776309857000
1776309858.744,258.744,0.78,16.54,0.77,10.0,0.8,48.36,0.81,135.0,0.2,48.36,0.19,135.0,0.21,0.23,0.22,16.54,0.02,0.01,2363.402048,1776309857000
1776309859.496,259.496,0.78,16.54,0.77,10.0,0.8,58.11,0.81,135.0,0.2,48.36,0.19,135.0,0.22,16.54,0.23,10.0,0.02,0.02,2363.382202,1776309858000
1776309860.221,260.221,0.77,10.0,0.76,10.0,0.79,23.0,0.8,15.0,0.2,58.11,0.19,135.0,0.22,16.54,0.23,10.0,0.02,0.02,2363.382202,1776309858000
1776309860.496,260.496,0.77,10.0,0.76,10.0,0.78,1.73,0.79,93.0,0.21,23.0,0.2,15.0,0.23,10.0,0.24,10.0,0.01,0.02,2363.380193,1776309859000
1776309861.446,261.446,0.73,49.38,0.72,10.0,0.78,1.73,0.79,98.0,0.22,1.73,0.21,93.0,0.23,10.0,0.24,10.0,0.05,0.01,2363.380193,1776309859000
1776309861.836,261.836,0.75,16.0,0.74,10.0,0.76,60.84,0.78,10.0,0.24,67.84,0.23,4.51,0.25,16.0,0.26,10.0,0.01,0.01,2363.380403,1776309860000
1776309862.497,262.497,0.75,66.0,0.74,121.09,0.76,47.65,0.78,10.0,0.24,57.84,0.22,10.0,0.25,16.0,0.26,10.0,0.01,0.01,2363.380757,1776309861000
1776309862.813,262.813,0.74,100.09,0.67,16.0,0.76,80.0,0.77,21.0,0.24,47.65,0.22,10.0,0.25,66.0,0.26,121.09,0.02,0.01,2363.380757,1776309861000
1776309863.153,263.153,0.71,10.0,0.7,10.0,0.72,8.8,0.73,15.0,0.24,51.5,0.23,21.0,0.35,16.0,0.36,10.0,0.01,0.11,2363.377521,1776309862000
1776309863.858,263.858,0.71,40.01,0.7,17.0,0.72,3.1,0.73,5.0,0.28,8.8,0.27,15.0,0.29,10.0,0.3,10.0,0.01,0.01,2363.377521,1776309862000
1776309865.131,265.131,0.72,49.01,0.71,111.18,0.73,3.63,0.74,85.0,0.27,5.0,0.26,85.0,0.29,40.01,0.3,17.0,0.01,0.02,2363.261122,1776309864000
1776309865.758,265.758,0.72,50.43,0.71,111.18,0.73,3.63,0.74,85.0,0.27,3.63,0.26,85.0,0.28,49.01,0.29,111.18,0.01,0.01,2363.261122,1776309864000
1776309866.093,266.093,0.72,39.01,0.71,94.18,0.73,1.57,0.74,85.0,0.27,3.63,0.26,85.0,0.28,50.43,0.29,111.18,0.01,0.01,2363.261122,1776309864000
1776309866.333,266.333,0.71,46.84,0.7,10.0,0.73,11.57,0.74,85.0,0.27,6.57,0.26,85.0,0.29,56.84,0.31,10.0,0.02,0.02,2363.238104,1776309865000
1776309866.899,266.899,0.69,2.49,0.68,23.0,0.72,10.0,0.73,11.57,0.27,11.57,0.26,85.0,0.29,46.84,0.3,10.0,0.03,0.02,2363.238104,1776309865000
1776309868.122,268.122,0.71,31.82,0.7,10.0,0.72,50.45,0.73,11.57,0.28,15.0,0.27,11.57,0.32,23.0,0.33,32.3,0.01,0.04,2363.176055,1776309866000
1776309868.884,268.884,0.79,43.0,0.78,26.0,0.81,5.0,0.82,5.0,0.28,50.45,0.27,11.57,0.29,31.82,0.3,10.0,0.02,0.01,2363.181874,1776309867000
1776309869.233,269.233,0.8,28.0,0.79,44.0,0.82,5.0,0.83,10.0,0.19,5.0,0.18,5.0,0.21,43.0,0.22,26.0,0.02,0.02,2363.181874,1776309867000
1776309869.631,269.631,0.82,10.0,0.81,20.0,0.83,3.56,0.84,10.0,0.17,7.54,0.16,10.0,0.19,15.0,0.2,34.0,0.01,0.02,2363.167424,1776309868000
1776309869.921,269.921,0.83,7.0,0.82,15.0,0.84,10.0,0.85,80.0,0.17,3.56,0.16,10.0,0.18,15.0,0.19,15.0,0.01,0.01,2363.167424,1776309868000
1776309870.383,270.383,0.83,15.0,0.82,15.0,0.85,70.64,0.86,77.0,0.16,0.64,0.15,80.0,0.17,10.0,0.18,15.0,0.02,0.01,2363.167424,1776309868000
1776309871.309,271.309,0.84,20.0,0.83,10.0,0.85,55.05,0.86,50.0,0.15,70.64,0.14,77.0,0.18,14.0,0.19,15.0,0.01,0.03,2363.283366,1776309870000
1776309871.537,271.537,0.84,15.0,0.83,10.0,0.85,37.81,0.86,55.0,0.15,47.81,0.14,55.0,0.16,20.0,0.17,10.0,0.01,0.01,2363.283366,1776309870000
1776309871.886,271.886,0.84,27.0,0.83,10.0,0.85,21.29,0.87,85.0,0.15,37.81,0.14,55.0,0.16,15.0,0.17,10.0,0.01,0.01,2363.283366,1776309870000
1776309872.684,272.684,0.85,15.0,0.84,22.0,0.89,10.0,0.9,10.0,0.13,85.0,0.12,115.0,0.16,22.0,0.17,10.0,0.04,0.03,2363.325365,1776309871000
1776309873.162,273.162,0.86,10.0,0.85,15.0,0.88,10.0,0.89,10.0,0.11,10.0,0.1,10.0,0.15,15.0,0.16,22.0,0.02,0.04,2363.325365,1776309871000
1776309875.011,275.011,0.9,20.0,0.89,25.0,0.92,10.75,0.93,15.0,0.11,10.0,0.1,10.0,0.14,10.0,0.15,15.0,0.02,0.03,2363.374479,1776309873000
1776309875.546,275.546,0.91,20.0,0.9,15.0,0.92,9.66,0.93,15.0,0.08,10.75,0.07,15.0,0.1,20.0,0.11,25.0,0.01,0.02,2363.387815,1776309874000
1776309875.764,275.764,0.9,14.01,0.89,15.0,0.92,14.66,0.93,15.0,0.08,9.66,0.07,15.0,0.09,20.0,0.1,15.0,0.02,0.01,2363.387815,1776309874000
1776309879.286,279.286,0.92,20.0,0.91,26.0,0.95,187.0,0.96,85.0,0.07,3.05,0.06,53.0,0.09,10.0,0.1,14.01,0.03,0.02,2363.612047,1776309878000
1776309879.64,279.64,0.92,15.0,0.91,26.0,0.93,15.0,0.95,192.0,0.05,187.0,0.04,85.0,0.08,20.0,0.09,26.0,0.01,0.03,2363.612047,1776309878000
1776309881.622,281.622,0.93,10.0,0.92,15.0,0.96,103.2,0.97,111.09,0.05,181.47,0.04,85.0,0.08,20.0,0.09,26.0,0.03,0.03,2363.55748,1776309880000
1776309882.367,282.367,0.94,47.0,0.93,10.0,0.95,2.29,0.96,10.0,0.04,103.2,0.03,111.09,0.07,10.0,0.08,15.0,0.01,0.03,2363.628647,1776309881000
1776309883.737,283.737,0.94,47.0,0.93,38.0,0.95,0.18,0.96,10.0,0.05,2.29,0.04,10.0,0.06,47.0,0.07,10.0,0.01,0.01,2363.631045,1776309882000
1776309884.31,284.31,0.94,81.0,0.93,43.0,0.97,105.52,0.98,150.0,0.05,0.18,0.04,10.0,0.06,47.0,0.07,38.0,0.03,0.01,2363.641359,1776309883000
1776309884.609,284.609,0.95,18.45,0.94,82.0,0.97,28.55,0.98,150.0,0.03,18.55,0.02,150.0,0.05,15.0,0.06,76.0,0.02,0.02,2363.641359,1776309883000
1776309885.078,285.078,0.94,69.7,0.93,55.0,0.97,28.55,0.98,150.0,0.03,28.55,0.02,150.0,0.05,18.45,0.06,82.0,0.03,0.02,2363.641359,1776309883000
1776309885.429,285.429,0.95,15.0,0.94,79.7,0.98,121.98,0.99,6837.0,0.03,28.55,0.02,150.0,0.06,69.7,0.07,55.0,0.03,0.03,2363.608952,1776309884000
1776309885.704,285.704,0.95,15.0,0.94,91.7,0.98,121.98,0.99,6837.0,0.02,121.98,0.01,6837.0,0.05,15.0,0.06,79.7,0.03,0.03,2363.608952,1776309884000
1776309886.04,286.04,0.96,15.0,0.95,10.0,0.98,86.3,0.99,6837.0,0.02,116.92,0.01,6837.0,0.04,15.0,0.05,10.0,0.02,0.02,2363.608952,1776309884000
1776309886.33,286.33,0.96,15.0,0.95,10.0,0.98,89.18,0.99,6837.0,0.02,86.3,0.01,6837.0,0.04,15.0,0.05,10.0,0.02,0.02,2363.608952,1776309884000
1776309887.213,287.213,0.96,20.0,0.95,34.0,0.98,96.59,0.99,6837.0,0.02,89.18,0.01,6837.0,0.04,15.0,0.05,10.0,0.02,0.02,2363.608512,1776309886000
1776309887.484,287.484,0.96,20.0,0.95,39.0,0.99,6831.6,,,0.02,96.59,0.01,6837.0,0.04,20.0,0.05,34.0,0.03,0.02,2363.608512,1776309886000
1776309888.857,288.857,0.96,15.0,0.95,86.0,0.98,3.86,0.99,6831.6,0.02,8.97,0.01,6831.6,0.04,20.0,0.05,39.0,0.02,0.02,2363.656767,1776309887000
1776309889.642,289.642,0.96,42.25,0.95,67.0,0.98,8.86,0.99,6931.6,0.02,3.86,0.01,6831.6,0.04,15.0,0.05,86.0,0.02,0.02,2363.656767,1776309888000
1776309890.083,290.083,0.96,71.25,0.95,67.0,0.97,7.96,0.98,3.86,0.02,8.86,0.01,6931.6,0.04,42.25,0.05,67.0,0.01,0.02,2363.656767,1776309888000
1776309891.193,291.193,0.97,35.0,0.96,106.25,0.99,1930.46,,,0.02,3.86,0.01,6931.6,0.04,57.25,0.05,67.0,0.02,0.02,2363.63192,1776309889000
1776309891.654,291.654,0.97,40.0,0.96,136.25,0.99,1830.46,,,0.02,1.83,0.01,1930.46,0.03,35.0,0.04,111.25,0.02,0.01,2363.621007,1776309890000
1776309891.941,291.941,0.97,40.0,0.96,136.25,0.99,1825.46,,,0.01,1830.46,,,0.03,40.0,0.04,136.25,0.02,0.02,2363.621007,1776309890000
1776309892.262,292.262,0.97,46.0,0.96,136.25,0.99,1647.37,,,0.01,1722.37,,,0.03,40.0,0.04,136.25,0.02,0.02,2363.615333,1776309891000
1776309892.516,292.516,0.97,58.0,0.96,136.25,0.99,1486.24,,,0.01,1637.26,,,0.03,46.0,0.04,136.25,0.02,0.02,2363.615333,1776309891000
1776309892.766,292.766,0.97,81.0,0.96,131.25,0.99,1422.64,,,0.01,1427.64,,,0.03,58.0,0.04,136.25,0.02,0.02,2363.615333,1776309891000
1776309893.315,293.315,0.97,57.91,0.96,131.25,0.99,1414.55,,,0.01,1414.55,,,0.03,68.0,0.04,131.25,0.02,0.02,2363.551247,1776309892000
1776309894.503,294.503,0.97,100.06,0.96,142.0,0.99,1364.34,,,0.01,1384.55,,,0.03,57.91,0.04,131.25,0.02,0.02,2363.602701,1776309893000
1776309894.729,294.729,0.97,100.06,0.96,142.0,0.99,1257.28,,,0.01,1267.34,,,0.03,100.06,0.04,142.0,0.02,0.02,2363.602701,1776309893000
1776309895.831,295.831,0.97,127.06,0.96,127.0,0.99,1215.28,,,0.01,1260.28,,,0.03,100.06,0.04,142.0,0.02,0.02,2363.55482,1776309894000
1776309896.414,296.414,0.97,127.06,0.96,104.0,0.99,1214.2,,,0.01,1215.22,,,0.03,127.06,0.04,104.0,0.02,0.02,2363.55482,1776309895000
1776309896.625,296.625,0.97,154.66,0.96,92.0,0.99,1165.69,,,0.01,1167.69,,,0.03,149.66,0.04,104.0,0.02,0.02,2363.55482,1776309895000
1776309896.876,296.876,0.97,154.66,0.96,92.0,0.99,1169.67,,,0.01,1165.69,,,0.03,154.66,0.04,92.0,0.02,0.02,2363.55482,1776309895000
1776309897.084,297.084,0.97,288.66,0.96,92.0,0.99,1145.9,,,0.01,1169.67,,,0.03,154.66,0.04,92.0,0.02,0.02,2363.563801,1776309896000
1776309897.322,297.322,0.97,288.66,0.96,92.0,0.99,1011.69,,,0.01,1020.84,,,0.03,288.66,0.04,92.0,0.02,0.02,2363.563801,1776309896000
1776309897.825,297.825,0.99,322.65,0.98,129.99,,,,,0.01,3.89,,,0.03,331.05,0.04,92.0,,0.02,2363.563801,1776309896000
1776309898.135,298.135,0.99,2343.73,0.98,129.99,,,,,,,,,0.01,322.65,0.02,129.99,,,2363.563801,1776309896000
1776309899.506,299.506,0.99,9840.04,0.98,21.0,,,,,,,,,0.01,2343.73,0.02,129.99,,,2363.558166,1776309897000

# RESULT,winner=Up,slug=eth-updown-5m-1776309600,ticks=320
