timestamp,elapsed_sec,up_bid_p1,up_bid_s1,up_bid_p2,up_bid_s2,up_bid_p3,up_bid_s3,up_bid_p4,up_bid_s4,up_bid_p5,up_bid_s5,up_ask_p1,up_ask_s1,up_ask_p2,up_ask_s2,up_ask_p3,up_ask_s3,up_ask_p4,up_ask_s4,up_ask_p5,up_ask_s5,down_bid_p1,down_bid_s1,down_bid_p2,down_bid_s2,down_bid_p3,down_bid_s3,down_bid_p4,down_bid_s4,down_bid_p5,down_bid_s5,down_ask_p1,down_ask_s1,down_ask_p2,down_ask_s2,down_ask_p3,down_ask_s3,down_ask_p4,down_ask_s4,down_ask_p5,down_ask_s5,up_spread,down_spread,eth_price,eth_oracle_ts
1776168311.355,11.355,,,,,,,,,,,,,,,,,,,,,,,,,,,,,,,,,,,,,,,,,,,2376.284245,1776168310000
1776168311.937,11.937,0.49,99.93,0.48,55.5,0.47,55.0,0.46,130.0,0.45,75.0,0.5,33.96,0.51,60.5,0.52,65.53,0.53,43.0,0.54,43.0,0.5,43.96,0.49,65.5,0.48,65.53,0.47,43.0,0.46,43.0,0.51,89.93,0.52,55.5,0.53,55.0,0.54,130.0,0.55,75.0,0.01,0.01,2376.284245,1776168310000
1776168312.28,12.28,0.49,84.52,0.48,55.5,0.47,55.0,0.46,140.0,0.45,75.0,0.5,49.46,0.51,65.5,0.52,65.53,0.53,43.0,0.54,53.0,0.5,54.46,0.49,65.5,0.48,60.53,0.47,43.0,0.46,43.0,0.51,90.02,0.52,55.5,0.53,55.0,0.54,130.0,0.55,75.0,0.01,0.01,2376.284245,1776168310000
1776168312.587,12.587,0.49,84.52,0.48,55.5,0.47,55.0,0.46,140.0,0.45,75.0,0.5,49.46,0.51,65.5,0.52,65.53,0.53,43.0,0.54,53.0,0.5,49.46,0.49,65.5,0.48,65.53,0.47,43.0,0.46,53.0,0.51,84.52,0.52,55.5,0.53,55.0,0.54,140.0,0.55,75.0,0.01,0.01,2376.27048,1776168311000
1776168313.564,13.564,0.49,84.52,0.48,55.5,0.47,55.0,0.46,140.0,0.45,75.0,0.5,49.46,0.51,65.5,0.52,65.53,0.53,43.0,0.54,53.0,0.5,49.46,0.49,65.5,0.48,65.53,0.47,43.0,0.46,53.0,0.51,84.52,0.52,55.5,0.53,55.0,0.54,140.0,0.55,75.0,0.01,0.01,2376.260245,1776168312000
1776168314.707,14.707,0.49,84.52,0.48,55.5,0.47,55.0,0.46,140.0,0.45,75.0,0.5,49.46,0.51,65.5,0.52,65.53,0.53,43.0,0.54,53.0,0.5,49.46,0.49,65.5,0.48,65.53,0.47,43.0,0.46,53.0,0.51,84.52,0.52,55.5,0.53,55.0,0.54,140.0,0.55,75.0,0.01,0.01,2376.18371,1776168313000
1776168315.338,15.338,0.5,10.0,0.49,59.52,0.48,50.5,0.47,119.99,0.46,150.0,0.51,37.55,0.52,65.61,0.53,86.0,0.54,63.0,0.55,25.0,0.5,49.46,0.49,65.5,0.48,65.53,0.47,43.0,0.46,53.0,0.51,84.52,0.52,55.5,0.53,55.0,0.54,140.0,0.55,75.0,0.01,0.01,2376.18371,1776168313000
1776168315.566,15.566,0.5,10.0,0.49,70.02,0.48,45.5,0.47,119.99,0.46,160.0,0.51,38.7,0.52,65.61,0.53,86.0,0.54,73.0,0.55,35.0,0.49,38.7,0.48,65.61,0.47,86.0,0.46,73.0,0.45,35.0,0.5,10.0,0.51,70.02,0.52,45.5,0.53,119.99,0.54,160.0,0.01,0.01,2376.24933,1776168314000
1776168316.35,16.35,0.5,10.0,0.49,70.02,0.48,45.5,0.47,119.99,0.46,160.0,0.51,38.7,0.52,65.61,0.53,86.0,0.54,73.0,0.55,35.0,0.49,38.7,0.48,65.61,0.47,86.0,0.46,73.0,0.45,35.0,0.5,10.0,0.51,70.02,0.52,45.5,0.53,119.99,0.54,160.0,0.01,0.01,2376.25433,1776168315000
1776168317.811,17.811,0.47,15.5,0.46,80.0,0.45,66.0,0.44,60.0,0.43,244.76,0.48,42.5,0.49,76.5,0.5,50.5,0.51,68.7,0.52,65.61,0.49,38.7,0.48,65.61,0.47,86.0,0.46,73.0,0.45,35.0,0.5,10.0,0.51,70.02,0.52,45.5,0.53,119.99,0.54,160.0,0.01,0.01,2376.25433,1776168315000
1776168318.701,18.701,0.47,15.5,0.46,80.0,0.45,66.0,0.44,60.0,0.43,244.76,0.48,42.5,0.49,76.5,0.5,50.5,0.51,68.7,0.52,65.61,0.52,42.5,0.51,76.5,0.5,50.5,0.49,68.7,0.48,65.61,0.53,15.5,0.54,80.0,0.55,66.0,0.56,60.0,0.57,244.76,0.01,0.01,2376.249265,1776168317000
1776168319.497,19.497,0.47,15.5,0.46,80.0,0.45,66.0,0.44,60.0,0.43,244.76,0.48,42.5,0.49,76.5,0.5,50.5,0.51,68.7,0.52,65.61,0.52,42.5,0.51,76.5,0.5,50.5,0.49,68.7,0.48,65.61,0.53,15.5,0.54,80.0,0.55,66.0,0.56,60.0,0.57,244.76,0.01,0.01,2376.11,1776168318000
1776168319.857,19.857,0.46,90.5,0.45,76.0,0.44,70.0,0.43,255.99,0.42,200.0,0.48,25.0,0.49,86.5,0.5,95.5,0.51,78.7,0.52,75.61,0.52,42.5,0.51,76.5,0.5,50.5,0.49,68.7,0.48,65.61,0.53,15.5,0.54,80.0,0.55,66.0,0.56,60.0,0.57,244.76,0.02,0.01,2376.11,1776168318000
1776168320.21,20.21,0.46,90.5,0.45,76.0,0.44,70.0,0.43,255.99,0.42,200.0,0.48,25.0,0.49,86.5,0.5,95.5,0.51,78.7,0.52,75.61,0.52,25.0,0.51,86.5,0.5,95.5,0.49,78.7,0.48,75.61,0.54,90.5,0.55,76.0,0.56,70.0,0.57,255.99,0.58,200.0,0.02,0.02,2376.024115,1776168319000
1776168321.117,21.117,0.46,101.0,0.45,81.0,0.44,70.0,0.43,265.99,0.42,190.0,0.48,23.88,0.49,86.5,0.5,80.5,0.51,88.7,0.52,50.61,0.52,25.0,0.51,86.5,0.5,95.5,0.49,78.7,0.48,75.61,0.54,90.5,0.55,76.0,0.56,70.0,0.57,255.99,0.58,200.0,0.02,0.02,2376.024115,1776168319000
1776168321.88,21.88,0.46,101.0,0.45,81.0,0.44,70.0,0.43,265.99,0.42,190.0,0.48,23.88,0.49,86.5,0.5,80.5,0.51,88.7,0.52,50.61,0.52,23.88,0.51,86.5,0.5,80.5,0.49,88.7,0.48,50.61,0.54,101.0,0.55,81.0,0.56,70.0,0.57,265.99,0.58,190.0,0.02,0.02,2376.028745,1776168320000
1776168322.59,22.59,0.46,101.0,0.45,81.0,0.44,70.0,0.43,265.99,0.42,190.0,0.48,23.88,0.49,86.5,0.5,80.5,0.51,88.7,0.52,50.61,0.52,23.88,0.51,86.5,0.5,80.5,0.49,88.7,0.48,50.61,0.54,101.0,0.55,81.0,0.56,70.0,0.57,265.99,0.58,190.0,0.02,0.02,2376.0291,1776168321000
1776168323.379,23.379,0.46,101.0,0.45,81.0,0.44,70.0,0.43,265.99,0.42,190.0,0.48,23.88,0.49,86.5,0.5,80.5,0.51,88.7,0.52,50.61,0.52,23.88,0.51,86.5,0.5,80.5,0.49,88.7,0.48,50.61,0.54,101.0,0.55,81.0,0.56,70.0,0.57,265.99,0.58,190.0,0.02,0.02,2376.033725,1776168322000
1776168324.12,24.12,0.46,101.0,0.45,81.0,0.44,70.0,0.43,265.99,0.42,190.0,0.48,23.88,0.49,86.5,0.5,80.5,0.51,88.7,0.52,50.61,0.52,23.88,0.51,86.5,0.5,80.5,0.49,88.7,0.48,50.61,0.54,101.0,0.55,81.0,0.56,70.0,0.57,265.99,0.58,190.0,0.02,0.02,2376.03375,1776168323000
1776168325.694,25.694,0.46,101.0,0.45,81.0,0.44,70.0,0.43,265.99,0.42,190.0,0.48,23.88,0.49,86.5,0.5,80.5,0.51,88.7,0.52,50.61,0.52,23.88,0.51,86.5,0.5,80.5,0.49,88.7,0.48,50.61,0.54,101.0,0.55,81.0,0.56,70.0,0.57,265.99,0.58,190.0,0.02,0.02,2376.11529,1776168324000
1776168326.448,26.448,0.46,101.0,0.45,81.0,0.44,70.0,0.43,265.99,0.42,190.0,0.48,23.88,0.49,86.5,0.5,80.5,0.51,88.7,0.52,50.61,0.52,23.88,0.51,86.5,0.5,80.5,0.49,88.7,0.48,50.61,0.54,101.0,0.55,81.0,0.56,70.0,0.57,265.99,0.58,190.0,0.02,0.02,2376.120385,1776168325000
1776168327.005,27.005,0.48,58.22,0.47,30.5,0.46,105.5,0.45,77.0,0.44,100.23,0.49,56.41,0.5,75.5,0.51,99.7,0.52,60.61,0.53,125.0,0.52,23.88,0.51,86.5,0.5,80.5,0.49,88.7,0.48,50.61,0.54,101.0,0.55,81.0,0.56,70.0,0.57,265.99,0.58,190.0,0.01,0.02,2376.120385,1776168325000
1776168327.243,27.243,0.48,58.22,0.47,30.5,0.46,105.5,0.45,77.0,0.44,100.23,0.49,56.41,0.5,75.5,0.51,99.7,0.52,60.61,0.53,125.0,0.51,56.41,0.5,75.5,0.49,99.7,0.48,60.61,0.47,125.0,0.52,58.22,0.53,30.5,0.54,105.5,0.55,77.0,0.56,100.23,0.01,0.01,2376.12223,1776168326000
1776168328.77,28.77,0.48,58.22,0.47,30.5,0.46,105.5,0.45,77.0,0.44,100.23,0.49,56.41,0.5,75.5,0.51,99.7,0.52,60.61,0.53,125.0,0.51,56.41,0.5,75.5,0.49,99.7,0.48,60.61,0.47,125.0,0.52,58.22,0.53,30.5,0.54,105.5,0.55,77.0,0.56,100.23,0.01,0.01,2376.12659,1776168327000
1776168328.992,28.992,0.5,48.0,0.49,10.0,0.48,99.22,0.47,63.8,0.46,145.5,0.52,27.51,0.53,20.0,0.54,50.0,0.55,35.0,0.56,71.0,0.51,56.41,0.5,75.5,0.49,99.7,0.48,60.61,0.47,125.0,0.52,58.22,0.53,30.5,0.54,105.5,0.55,77.0,0.56,100.23,0.02,0.01,2376.12659,1776168327000
1776168329.497,29.497,0.52,5.16,0.51,22.0,0.5,106.0,0.49,15.0,0.48,117.22,0.53,20.0,0.54,55.0,0.55,61.0,0.56,71.0,0.57,120.0,0.47,20.0,0.46,55.0,0.45,61.0,0.44,71.0,0.43,120.0,0.48,5.16,0.49,22.0,0.5,106.0,0.51,15.0,0.52,117.22,0.01,0.01,2376.10543,1776168328000
1776168329.883,29.883,0.52,13.94,0.51,85.0,0.5,112.0,0.49,86.99,0.48,114.22,0.53,20.0,0.54,50.0,0.55,61.0,0.56,97.0,0.57,120.0,0.47,20.0,0.46,55.0,0.45,61.0,0.44,71.0,0.43,120.0,0.48,5.16,0.49,22.0,0.5,106.0,0.51,15.0,0.52,117.22,0.01,0.01,2376.10543,1776168328000
1776168330.26,30.26,0.52,13.94,0.51,85.0,0.5,112.0,0.49,86.99,0.48,114.22,0.53,20.0,0.54,50.0,0.55,61.0,0.56,97.0,0.57,120.0,0.47,20.0,0.46,50.0,0.45,61.0,0.44,97.0,0.43,120.0,0.48,13.94,0.49,85.0,0.5,112.0,0.51,86.99,0.52,114.22,0.01,0.01,2376.061535,1776168329000
1776168330.882,30.882,0.52,23.76,0.51,96.0,0.5,122.0,0.49,86.99,0.48,135.72,0.53,20.0,0.54,50.0,0.55,61.0,0.56,97.0,0.57,120.0,0.47,20.0,0.46,50.0,0.45,61.0,0.44,97.0,0.43,120.0,0.48,13.94,0.49,85.0,0.5,112.0,0.51,86.99,0.52,114.22,0.01,0.01,2376.061535,1776168329000
1776168331.76,31.76,0.52,23.76,0.51,96.0,0.5,122.0,0.49,86.99,0.48,135.72,0.53,20.0,0.54,50.0,0.55,61.0,0.56,97.0,0.57,120.0,0.47,20.0,0.46,50.0,0.45,61.0,0.44,97.0,0.43,120.0,0.48,23.76,0.49,96.0,0.5,122.0,0.51,86.99,0.52,135.72,0.01,0.01,2376.45679,1776168330000
1776168332.553,32.553,0.52,23.76,0.51,96.0,0.5,122.0,0.49,86.99,0.48,135.72,0.53,20.0,0.54,50.0,0.55,61.0,0.56,97.0,0.57,120.0,0.47,20.0,0.46,50.0,0.45,61.0,0.44,97.0,0.43,120.0,0.48,23.76,0.49,96.0,0.5,122.0,0.51,86.99,0.52,135.72,0.01,0.01,2376.52975,1776168331000
1776168332.912,32.912,0.53,11.0,0.52,14.94,0.51,86.0,0.5,116.5,0.49,97.49,0.54,35.5,0.55,77.5,0.56,103.0,0.57,149.0,0.58,81.0,0.47,20.0,0.46,50.0,0.45,61.0,0.44,97.0,0.43,120.0,0.48,23.76,0.49,96.0,0.5,122.0,0.51,86.99,0.52,135.72,0.01,0.01,2376.52975,1776168331000
1776168333.197,33.197,0.52,14.94,0.51,96.5,0.5,116.5,0.49,97.49,0.48,114.72,0.54,11.97,0.55,62.5,0.56,103.0,0.57,149.0,0.58,91.0,0.46,24.94,0.45,67.5,0.44,103.0,0.43,149.0,0.42,81.0,0.47,1.0,0.48,14.94,0.49,86.0,0.5,116.5,0.51,97.49,0.02,0.01,2376.52975,1776168331000
1776168333.416,33.416,0.52,8.94,0.51,90.5,0.5,116.5,0.49,97.49,0.48,114.72,0.53,13.0,0.54,27.47,0.55,62.5,0.56,103.0,0.57,149.0,0.46,11.97,0.45,62.5,0.44,103.0,0.43,149.0,0.42,91.0,0.48,14.94,0.49,96.5,0.5,116.5,0.51,97.49,0.52,114.72,0.01,0.02,2376.52975,1776168331000
1776168333.652,33.652,0.52,8.94,0.51,90.5,0.5,116.5,0.49,97.49,0.48,114.72,0.53,13.0,0.54,27.47,0.55,62.5,0.56,103.0,0.57,149.0,0.47,13.0,0.46,27.47,0.45,62.5,0.44,103.0,0.43,149.0,0.48,8.94,0.49,90.5,0.5,116.5,0.51,97.49,0.52,114.72,0.01,0.01,2376.54447,1776168332000
1776168334.169,34.169,0.52,8.94,0.51,90.5,0.5,116.5,0.49,97.49,0.48,114.72,0.53,13.0,0.54,27.47,0.55,62.5,0.56,103.0,0.57,149.0,0.47,13.0,0.46,27.47,0.45,62.5,0.44,103.0,0.43,149.0,0.48,8.94,0.49,90.5,0.5,116.5,0.51,97.49,0.52,114.72,0.01,0.01,2376.562824,1776168333000
1776168334.497,34.497,0.54,21.0,0.53,36.5,0.52,55.44,0.51,219.49,0.5,172.69,0.55,15.67,0.56,105.5,0.57,161.0,0.58,80.0,0.59,167.0,0.47,13.0,0.46,27.47,0.45,62.5,0.44,103.0,0.43,149.0,0.48,8.94,0.49,90.5,0.5,116.5,0.51,97.49,0.52,114.72,0.01,0.01,2376.562824,1776168333000
1776168335.448,35.448,0.54,21.0,0.53,36.5,0.52,55.44,0.51,219.49,0.5,172.69,0.55,15.67,0.56,105.5,0.57,161.0,0.58,80.0,0.59,167.0,0.45,15.67,0.44,105.5,0.43,161.0,0.42,80.0,0.41,167.0,0.46,21.0,0.47,36.5,0.48,55.44,0.49,219.49,0.5,172.69,0.01,0.01,2376.50277,1776168334000
1776168335.964,35.964,0.54,21.0,0.53,36.5,0.52,55.44,0.51,219.49,0.5,172.69,0.55,15.67,0.56,105.5,0.57,161.0,0.58,80.0,0.59,167.0,0.45,15.67,0.44,105.5,0.43,161.0,0.42,80.0,0.41,167.0,0.46,21.0,0.47,36.5,0.48,55.44,0.49,219.49,0.5,172.69,0.01,0.01,2376.51705,1776168335000
1776168337.142,37.142,0.54,21.0,0.53,36.5,0.52,55.44,0.51,219.49,0.5,172.69,0.55,15.67,0.56,105.5,0.57,161.0,0.58,80.0,0.59,167.0,0.45,15.67,0.44,105.5,0.43,161.0,0.42,80.0,0.41,167.0,0.46,21.0,0.47,36.5,0.48,55.44,0.49,219.49,0.5,172.69,0.01,0.01,2376.544075,1776168336000
1776168338.354,38.354,0.54,21.0,0.53,36.5,0.52,55.44,0.51,219.49,0.5,172.69,0.55,15.67,0.56,105.5,0.57,161.0,0.58,80.0,0.59,167.0,0.45,15.67,0.44,105.5,0.43,161.0,0.42,80.0,0.41,167.0,0.46,21.0,0.47,36.5,0.48,55.44,0.49,219.49,0.5,172.69,0.01,0.01,2376.548415,1776168337000
1776168338.987,38.987,0.54,21.0,0.53,36.5,0.52,55.44,0.51,219.49,0.5,172.69,0.55,15.67,0.56,105.5,0.57,161.0,0.58,80.0,0.59,167.0,0.45,15.67,0.44,105.5,0.43,161.0,0.42,80.0,0.41,167.0,0.46,21.0,0.47,36.5,0.48,55.44,0.49,219.49,0.5,172.69,0.01,0.01,2376.548415,1776168338000
1776168340.28,40.28,0.54,21.0,0.53,36.5,0.52,55.44,0.51,219.49,0.5,172.69,0.55,15.67,0.56,105.5,0.57,161.0,0.58,80.0,0.59,167.0,0.45,15.67,0.44,105.5,0.43,161.0,0.42,80.0,0.41,167.0,0.46,21.0,0.47,36.5,0.48,55.44,0.49,219.49,0.5,172.69,0.01,0.01,2376.601806,1776168339000
1776168341.396,41.396,0.54,21.0,0.53,36.5,0.52,55.44,0.51,219.49,0.5,172.69,0.55,15.67,0.56,105.5,0.57,161.0,0.58,80.0,0.59,167.0,0.45,15.67,0.44,105.5,0.43,161.0,0.42,80.0,0.41,167.0,0.46,21.0,0.47,36.5,0.48,55.44,0.49,219.49,0.5,172.69,0.01,0.01,2376.7072,1776168340000
1776168341.685,41.685,0.55,55.55,0.54,104.72,0.53,41.5,0.52,146.43,0.51,241.5,0.56,5.0,0.57,130.0,0.58,90.5,0.59,198.5,0.6,23.0,0.45,15.67,0.44,105.5,0.43,161.0,0.42,80.0,0.41,167.0,0.46,21.0,0.47,36.5,0.48,55.44,0.49,219.49,0.5,172.69,0.01,0.01,2376.7072,1776168340000
1776168342.107,42.107,0.55,55.55,0.54,104.72,0.53,41.5,0.52,146.43,0.51,241.5,0.56,5.0,0.57,130.0,0.58,90.5,0.59,198.5,0.6,23.0,0.44,5.0,0.43,130.0,0.42,90.5,0.41,198.5,0.4,23.0,0.45,55.55,0.46,104.72,0.47,41.5,0.48,146.43,0.49,241.5,0.01,0.01,2376.71737,1776168341000
1776168342.518,42.518,0.55,53.32,0.54,110.72,0.53,87.49,0.52,102.63,0.51,216.5,0.56,5.0,0.57,130.0,0.58,90.5,0.59,198.5,0.6,23.0,0.44,5.0,0.43,130.0,0.42,90.5,0.41,198.5,0.4,23.0,0.45,55.55,0.46,104.72,0.47,41.5,0.48,146.43,0.49,241.5,0.01,0.01,2376.71737,1776168341000
1776168343.381,43.381,0.55,53.32,0.54,110.72,0.53,87.49,0.52,102.63,0.51,216.5,0.56,5.0,0.57,130.0,0.58,90.5,0.59,198.5,0.6,23.0,0.44,5.0,0.43,130.0,0.42,90.5,0.41,198.5,0.4,23.0,0.45,53.32,0.46,110.72,0.47,87.49,0.48,102.63,0.49,216.5,0.01,0.01,2376.72491,1776168342000
1776168343.989,43.989,0.55,75.32,0.54,115.72,0.53,30.5,0.52,146.43,0.51,242.5,0.57,125.0,0.58,75.5,0.59,198.5,0.6,50.0,0.61,139.0,0.43,125.0,0.42,75.5,0.41,198.5,0.4,50.0,0.39,139.0,0.45,75.32,0.46,115.72,0.47,30.5,0.48,146.43,0.49,242.5,0.02,0.02,2376.72029,1776168343000
1776168344.773,44.773,0.56,84.0,0.55,43.32,0.54,115.72,0.53,92.49,0.52,96.63,0.58,85.5,0.59,198.5,0.6,23.0,0.61,139.0,0.62,205.0,0.43,125.0,0.42,75.5,0.41,198.5,0.4,50.0,0.39,139.0,0.45,75.32,0.46,115.72,0.47,30.5,0.48,146.43,0.49,242.5,0.02,0.02,2376.72029,1776168343000
1776168345.288,45.288,0.56,84.0,0.55,43.32,0.54,115.72,0.53,92.49,0.52,96.63,0.58,85.5,0.59,198.5,0.6,23.0,0.61,139.0,0.62,205.0,0.42,85.5,0.41,198.5,0.4,23.0,0.39,139.0,0.38,205.0,0.44,84.0,0.45,43.32,0.46,115.72,0.47,92.49,0.48,96.63,0.02,0.02,2376.711805,1776168344000
1776168346.413,46.413,0.56,84.0,0.55,43.32,0.54,115.72,0.53,92.49,0.52,96.63,0.58,85.5,0.59,198.5,0.6,23.0,0.61,139.0,0.62,205.0,0.42,85.5,0.41,198.5,0.4,23.0,0.39,139.0,0.38,205.0,0.44,84.0,0.45,43.32,0.46,115.72,0.47,92.49,0.48,96.63,0.02,0.02,2376.716805,1776168345000
1776168347.023,47.023,0.56,84.0,0.55,43.32,0.54,115.72,0.53,92.49,0.52,96.63,0.58,85.5,0.59,198.5,0.6,23.0,0.61,139.0,0.62,205.0,0.42,85.5,0.41,198.5,0.4,23.0,0.39,139.0,0.38,205.0,0.44,84.0,0.45,43.32,0.46,115.72,0.47,92.49,0.48,96.63,0.02,0.02,2376.765268,1776168346000
1776168348.257,48.257,0.56,84.0,0.55,43.32,0.54,115.72,0.53,92.49,0.52,96.63,0.58,85.5,0.59,198.5,0.6,23.0,0.61,139.0,0.62,205.0,0.42,85.5,0.41,198.5,0.4,23.0,0.39,139.0,0.38,205.0,0.44,84.0,0.45,43.32,0.46,115.72,0.47,92.49,0.48,96.63,0.02,0.02,2376.695995,1776168347000
1776168349.247,49.247,0.56,84.0,0.55,43.32,0.54,115.72,0.53,92.49,0.52,96.63,0.58,85.5,0.59,198.5,0.6,23.0,0.61,139.0,0.62,205.0,0.42,85.5,0.41,198.5,0.4,23.0,0.39,139.0,0.38,205.0,0.44,84.0,0.45,43.32,0.46,115.72,0.47,92.49,0.48,96.63,0.02,0.02,2376.687805,1776168348000
1776168350.402,50.402,0.56,84.0,0.55,43.32,0.54,115.72,0.53,92.49,0.52,96.63,0.58,85.5,0.59,198.5,0.6,23.0,0.61,139.0,0.62,205.0,0.42,85.5,0.41,198.5,0.4,23.0,0.39,139.0,0.38,205.0,0.44,84.0,0.45,43.32,0.46,115.72,0.47,92.49,0.48,96.63,0.02,0.02,2376.652025,1776168349000
1776168350.974,50.974,0.56,84.0,0.55,43.32,0.54,115.72,0.53,92.49,0.52,96.63,0.58,85.5,0.59,198.5,0.6,23.0,0.61,139.0,0.62,205.0,0.42,85.5,0.41,198.5,0.4,23.0,0.39,139.0,0.38,205.0,0.44,84.0,0.45,43.32,0.46,115.72,0.47,92.49,0.48,96.63,0.02,0.02,2376.65059,1776168350000
1776168352.074,52.074,0.56,84.0,0.55,43.32,0.54,115.72,0.53,92.49,0.52,96.63,0.58,85.5,0.59,198.5,0.6,23.0,0.61,139.0,0.62,205.0,0.42,85.5,0.41,198.5,0.4,23.0,0.39,139.0,0.38,205.0,0.44,84.0,0.45,43.32,0.46,115.72,0.47,92.49,0.48,96.63,0.02,0.02,2376.64704,1776168351000
1776168353.244,53.244,0.57,78.22,0.56,30.0,0.55,33.82,0.54,62.5,0.53,66.5,0.58,75.77,0.59,211.5,0.6,37.0,0.61,174.0,0.62,221.0,0.42,75.77,0.41,211.5,0.4,37.0,0.39,174.0,0.38,221.0,0.43,78.22,0.44,30.0,0.45,33.82,0.46,62.5,0.47,66.5,0.01,0.01,2376.645335,1776168352000
1776168353.806,53.806,0.57,98.24,0.56,35.0,0.55,33.82,0.54,62.5,0.53,76.5,0.58,61.64,0.59,211.5,0.6,37.0,0.61,174.0,0.62,221.0,0.42,66.82,0.41,211.5,0.4,37.0,0.39,174.0,0.38,221.0,0.43,98.24,0.44,30.0,0.45,33.82,0.46,62.5,0.47,76.5,0.01,0.01,2376.645335,1776168352000
1776168354.417,54.417,0.57,98.24,0.56,35.0,0.55,33.82,0.54,62.5,0.53,76.5,0.58,61.64,0.59,211.5,0.6,37.0,0.61,174.0,0.62,221.0,0.42,61.64,0.41,211.5,0.4,37.0,0.39,174.0,0.38,221.0,0.43,98.24,0.44,35.0,0.45,33.82,0.46,62.5,0.47,76.5,0.01,0.01,2376.627779,1776168353000
1776168355.462,55.462,0.57,98.24,0.56,35.0,0.55,33.82,0.54,62.5,0.53,76.5,0.58,61.64,0.59,211.5,0.6,37.0,0.61,174.0,0.62,221.0,0.42,61.64,0.41,211.5,0.4,37.0,0.39,174.0,0.38,221.0,0.43,98.24,0.44,35.0,0.45,33.82,0.46,62.5,0.47,76.5,0.01,0.01,2376.64134,1776168354000
1776168356.064,56.064,0.57,98.24,0.56,35.0,0.55,33.82,0.54,62.5,0.53,76.5,0.58,61.64,0.59,211.5,0.6,37.0,0.61,174.0,0.62,221.0,0.42,61.64,0.41,211.5,0.4,37.0,0.39,174.0,0.38,221.0,0.43,98.24,0.44,35.0,0.45,33.82,0.46,62.5,0.47,76.5,0.01,0.01,2376.64132,1776168355000
1776168357.195,57.195,0.57,98.24,0.56,35.0,0.55,33.82,0.54,62.5,0.53,76.5,0.58,61.64,0.59,211.5,0.6,37.0,0.61,174.0,0.62,221.0,0.42,61.64,0.41,211.5,0.4,37.0,0.39,174.0,0.38,221.0,0.43,98.24,0.44,35.0,0.45,33.82,0.46,62.5,0.47,76.5,0.01,0.01,2376.64058,1776168356000
1776168357.746,57.746,0.57,76.58,0.56,45.5,0.55,33.82,0.54,41.5,0.53,45.5,0.58,126.0,0.59,232.5,0.6,58.0,0.61,174.0,0.62,221.0,0.42,61.64,0.41,211.5,0.4,37.0,0.39,174.0,0.38,221.0,0.43,98.24,0.44,35.0,0.45,33.82,0.46,62.5,0.47,76.5,0.01,0.01,2376.64058,1776168356000
1776168358.171,58.171,0.57,76.58,0.56,45.5,0.55,33.82,0.54,41.5,0.53,45.5,0.58,124.27,0.59,232.5,0.6,58.0,0.61,174.0,0.62,221.0,0.42,124.27,0.41,232.5,0.4,58.0,0.39,174.0,0.38,221.0,0.43,76.58,0.44,45.5,0.45,33.82,0.46,41.5,0.47,45.5,0.01,0.01,2376.613125,1776168357000
1776168358.703,58.703,0.57,13.36,0.56,45.5,0.55,33.82,0.54,41.5,0.53,55.5,0.58,119.99,0.59,232.5,0.6,58.0,0.61,174.0,0.62,221.0,0.42,124.27,0.41,232.5,0.4,58.0,0.39,174.0,0.38,221.0,0.43,76.58,0.44,45.5,0.45,33.82,0.46,41.5,0.47,45.5,0.01,0.01,2376.613125,1776168357000
1776168359.085,59.085,0.57,23.36,0.56,45.5,0.55,33.82,0.54,51.5,0.53,45.5,0.58,79.06,0.59,242.5,0.6,58.0,0.61,174.0,0.62,221.0,0.42,81.05,0.41,232.5,0.4,58.0,0.39,174.0,0.38,221.0,0.43,13.36,0.44,45.5,0.45,33.82,0.46,41.5,0.47,55.5,0.01,0.01,2376.613125,1776168357000
1776168359.435,59.435,0.57,23.36,0.56,45.5,0.55,33.82,0.54,51.5,0.53,45.5,0.58,79.06,0.59,242.5,0.6,58.0,0.61,174.0,0.62,221.0,0.42,79.06,0.41,242.5,0.4,58.0,0.39,174.0,0.38,221.0,0.43,23.36,0.44,45.5,0.45,33.82,0.46,51.5,0.47,45.5,0.01,0.01,2376.618125,1776168358000
1776168359.913,59.913,0.57,18.7,0.56,45.5,0.55,33.82,0.54,72.5,0.53,56.5,0.58,138.77,0.59,221.5,0.6,37.0,0.61,174.0,0.62,221.0,0.42,138.77,0.41,221.5,0.4,37.0,0.39,174.0,0.38,221.0,0.43,18.7,0.44,45.5,0.45,33.82,0.46,72.5,0.47,56.5,0.01,0.01,2376.618345,1776168359000
1776168361.137,61.137,0.57,18.7,0.56,45.5,0.55,33.82,0.54,72.5,0.53,56.5,0.58,138.77,0.59,221.5,0.6,37.0,0.61,174.0,0.62,221.0,0.42,138.77,0.41,221.5,0.4,37.0,0.39,174.0,0.38,221.0,0.43,18.7,0.44,45.5,0.45,33.82,0.46,72.5,0.47,56.5,0.01,0.01,2376.61832,1776168360000
1776168361.8,61.8,0.57,46.0,0.56,131.5,0.55,124.82,0.54,41.5,0.53,71.5,0.58,70.65,0.59,182.0,0.6,53.5,0.61,164.5,0.62,136.0,0.42,138.77,0.41,221.5,0.4,37.0,0.39,174.0,0.38,221.0,0.43,18.7,0.44,45.5,0.45,33.82,0.46,72.5,0.47,56.5,0.01,0.01,2376.61832,1776168360000
1776168362.397,62.397,0.57,15.0,0.56,40.5,0.55,33.82,0.54,51.5,0.53,40.5,0.58,166.0,0.59,223.0,0.6,63.5,0.61,164.5,0.62,206.0,0.42,95.65,0.41,182.0,0.4,53.5,0.39,164.5,0.38,136.0,0.43,25.0,0.44,110.5,0.45,103.82,0.46,41.5,0.47,40.5,0.01,0.01,2376.61832,1776168360000
1776168362.792,62.792,0.57,10.0,0.56,30.5,0.55,33.82,0.54,51.5,0.53,40.5,0.58,203.82,0.59,233.0,0.6,63.5,0.61,199.5,0.62,216.0,0.42,166.0,0.41,223.0,0.4,63.5,0.39,164.5,0.38,206.0,0.43,15.0,0.44,40.5,0.45,33.82,0.46,51.5,0.47,40.5,0.01,0.01,2376.618315,1776168361000
1776168363.141,63.141,0.57,10.0,0.56,20.5,0.55,33.82,0.54,51.5,0.53,40.5,0.58,206.82,0.59,233.0,0.6,63.5,0.61,199.5,0.62,216.0,0.42,203.82,0.41,233.0,0.4,63.5,0.39,199.5,0.38,216.0,0.43,10.0,0.44,30.5,0.45,33.82,0.46,51.5,0.47,40.5,0.01,0.01,2376.625395,1776168362000
1776168363.456,63.456,0.52,70.07,0.51,70.0,0.5,131.0,0.49,105.0,0.48,180.14,0.54,93.0,0.55,35.0,0.56,47.0,0.57,156.27,0.58,54.32,0.42,206.82,0.41,233.0,0.4,63.5,0.39,199.5,0.38,216.0,0.43,10.0,0.44,20.5,0.45,33.82,0.46,51.5,0.47,40.5,0.02,0.01,2376.625395,1776168362000
1776168363.976,63.976,0.52,58.0,0.51,55.0,0.5,110.0,0.49,90.0,0.48,81.0,0.53,86.7,0.54,131.0,0.55,45.5,0.56,40.5,0.57,161.27,0.47,34.78,0.46,90.0,0.45,45.0,0.44,57.5,0.43,151.27,0.48,65.07,0.49,70.0,0.5,121.0,0.51,105.0,0.52,180.14,0.01,0.01,2376.625395,1776168362000
1776168364.193,64.193,0.52,52.74,0.51,55.0,0.5,110.0,0.49,100.0,0.48,81.0,0.53,150.7,0.54,117.0,0.55,50.5,0.56,40.5,0.57,186.27,0.47,86.7,0.46,131.0,0.45,45.5,0.44,40.5,0.43,161.27,0.48,58.0,0.49,55.0,0.5,110.0,0.51,90.0,0.52,81.0,0.01,0.01,2376.625395,1776168362000
1776168365.064,65.064,0.52,52.74,0.51,55.0,0.5,110.0,0.49,110.0,0.48,96.0,0.53,143.51,0.54,117.0,0.55,78.5,0.56,47.5,0.57,186.27,0.47,150.7,0.46,117.0,0.45,50.5,0.44,40.5,0.43,186.27,0.48,52.74,0.49,55.0,0.5,110.0,0.51,100.0,0.52,81.0,0.01,0.01,2376.6245,1776168363000
1776168365.287,65.287,0.52,52.74,0.51,55.0,0.5,110.0,0.49,110.0,0.48,96.0,0.53,136.11,0.54,117.0,0.55,78.5,0.56,47.5,0.57,186.27,0.47,136.11,0.46,117.0,0.45,78.5,0.44,47.5,0.43,186.27,0.48,52.74,0.49,55.0,0.5,110.0,0.51,110.0,0.52,96.0,0.01,0.01,2376.54855,1776168364000
1776168365.864,65.864,0.48,13.57,0.47,10.5,0.46,120.0,0.45,85.0,0.44,165.0,0.49,257.0,0.5,124.27,0.51,137.76,0.52,55.5,0.53,120.69,0.47,136.11,0.46,117.0,0.45,78.5,0.44,47.5,0.43,186.27,0.48,52.74,0.49,55.0,0.5,110.0,0.51,110.0,0.52,96.0,0.01,0.01,2376.54855,1776168364000
1776168366.088,66.088,0.46,129.38,0.45,90.0,0.44,165.0,0.43,210.0,0.42,145.0,0.47,15.0,0.48,131.0,0.49,81.5,0.5,170.27,0.51,142.76,0.52,15.0,0.51,150.0,0.5,194.27,0.49,142.76,0.48,55.5,0.54,125.0,0.55,85.0,0.56,165.0,0.57,210.0,0.58,145.0,0.01,0.02,2376.54855,1776168364000
1776168366.473,66.473,0.46,107.28,0.45,90.0,0.44,165.0,0.43,210.0,0.42,150.0,0.47,155.0,0.48,92.0,0.49,92.5,0.5,170.27,0.51,162.76,0.53,15.0,0.52,131.0,0.51,81.5,0.5,170.27,0.49,142.76,0.54,129.38,0.55,90.0,0.56,165.0,0.57,210.0,0.58,145.0,0.01,0.01,2376.424986,1776168365000
1776168366.682,66.682,0.46,85.5,0.45,90.0,0.44,165.0,0.43,210.0,0.42,150.0,0.47,152.0,0.48,102.0,0.49,107.5,0.5,180.27,0.51,172.76,0.53,155.0,0.52,92.0,0.51,92.5,0.5,170.27,0.49,162.76,0.54,107.28,0.55,90.0,0.56,165.0,0.57,210.0,0.58,150.0,0.01,0.01,2376.424986,1776168365000
1776168367.254,67.254,0.46,85.5,0.45,90.0,0.44,165.0,0.43,210.0,0.42,150.0,0.47,152.0,0.48,102.0,0.49,107.5,0.5,180.27,0.51,172.76,0.53,152.0,0.52,102.0,0.51,107.5,0.5,180.27,0.49,172.76,0.54,85.5,0.55,90.0,0.56,165.0,0.57,210.0,0.58,150.0,0.01,0.01,2376.338115,1776168366000
1776168367.716,67.716,0.45,64.58,0.44,175.0,0.43,263.0,0.42,208.0,0.41,251.0,0.47,105.0,0.48,113.0,0.49,148.5,0.5,206.27,0.51,189.76,0.53,152.0,0.52,102.0,0.51,107.5,0.5,180.27,0.49,172.76,0.54,85.5,0.55,90.0,0.56,165.0,0.57,210.0,0.58,150.0,0.02,0.01,2376.338115,1776168366000
1776168367.975,67.975,0.45,35.5,0.44,180.0,0.43,273.0,0.42,208.0,0.41,251.0,0.46,88.65,0.47,74.0,0.48,123.0,0.49,93.5,0.5,206.27,0.53,105.0,0.52,113.0,0.51,148.5,0.5,206.27,0.49,189.76,0.55,64.58,0.56,175.0,0.57,263.0,0.58,208.0,0.59,251.0,0.01,0.02,2376.338115,1776168366000
1776168368.179,68.179,0.45,21.64,0.44,180.0,0.43,273.0,0.42,208.0,0.41,251.0,0.46,93.65,0.47,63.0,0.48,95.0,0.49,119.5,0.5,206.27,0.54,93.65,0.53,63.0,0.52,95.0,0.51,119.5,0.5,206.27,0.55,21.64,0.56,180.0,0.57,273.0,0.58,208.0,0.59,251.0,0.01,0.01,2376.095813,1776168367000
1776168368.475,68.475,0.44,165.36,0.43,273.0,0.42,208.0,0.41,251.0,0.4,216.99,0.46,88.65,0.47,73.0,0.48,95.0,0.49,119.5,0.5,206.27,0.54,93.65,0.53,63.0,0.52,95.0,0.51,119.5,0.5,206.27,0.55,21.64,0.56,180.0,0.57,273.0,0.58,208.0,0.59,251.0,0.02,0.01,2376.095813,1776168367000
1776168369.137,69.137,0.44,165.36,0.43,273.0,0.42,208.0,0.41,251.0,0.4,216.99,0.46,88.65,0.47,73.0,0.48,95.0,0.49,119.5,0.5,206.27,0.54,88.65,0.53,73.0,0.52,95.0,0.51,119.5,0.5,206.27,0.56,165.36,0.57,273.0,0.58,208.0,0.59,251.0,0.6,216.99,0.02,0.02,2375.97337,1776168368000
1776168369.79,69.79,0.44,145.5,0.43,278.0,0.42,208.0,0.41,353.99,0.4,130.85,0.45,96.77,0.46,49.65,0.47,63.0,0.48,58.0,0.49,119.5,0.54,88.65,0.53,73.0,0.52,95.0,0.51,119.5,0.5,206.27,0.56,165.36,0.57,273.0,0.58,208.0,0.59,251.0,0.6,216.99,0.01,0.02,2375.97337,1776168368000
1776168370.032,70.032,0.44,150.5,0.43,278.0,0.42,208.0,0.41,360.99,0.4,123.85,0.45,73.95,0.46,49.65,0.47,63.0,0.48,58.0,0.49,119.5,0.55,80.62,0.54,49.65,0.53,63.0,0.52,58.0,0.51,119.5,0.56,145.5,0.57,278.0,0.58,208.0,0.59,353.99,0.6,130.85,0.01,0.01,2375.97337,1776168368000
1776168371.165,71.165,0.44,150.5,0.43,278.0,0.42,208.0,0.41,360.99,0.4,123.85,0.45,73.95,0.46,49.65,0.47,63.0,0.48,58.0,0.49,119.5,0.55,73.95,0.54,49.65,0.53,63.0,0.52,58.0,0.51,119.5,0.56,150.5,0.57,278.0,0.58,208.0,0.59,360.99,0.6,123.85,0.01,0.01,2375.930168,1776168370000
1776168371.379,71.379,0.43,209.31,0.42,145.0,0.41,225.0,0.4,184.99,0.39,97.0,0.45,78.95,0.46,49.65,0.47,52.0,0.48,67.5,0.49,128.5,0.55,73.95,0.54,49.65,0.53,63.0,0.52,58.0,0.51,119.5,0.56,150.5,0.57,278.0,0.58,208.0,0.59,360.99,0.6,123.85,0.02,0.01,2375.930168,1776168370000
1776168372.051,72.051,0.43,209.31,0.42,145.0,0.41,225.0,0.4,184.99,0.39,97.0,0.45,78.95,0.46,49.65,0.47,52.0,0.48,67.5,0.49,128.5,0.55,78.95,0.54,49.65,0.53,52.0,0.52,67.5,0.51,128.5,0.57,209.31,0.58,145.0,0.59,225.0,0.6,184.99,0.61,97.0,0.02,0.02,2375.922685,1776168371000
1776168372.881,72.881,0.43,240.5,0.42,145.0,0.41,225.0,0.4,184.99,0.39,117.0,0.44,85.31,0.45,34.95,0.46,44.65,0.47,22.0,0.48,77.5,0.55,78.95,0.54,49.65,0.53,52.0,0.52,67.5,0.51,128.5,0.57,209.31,0.58,145.0,0.59,225.0,0.6,184.99,0.61,97.0,0.01,0.02,2375.922685,1776168371000
1776168373.092,73.092,0.43,240.5,0.42,145.0,0.41,225.0,0.4,184.99,0.39,117.0,0.44,85.31,0.45,34.95,0.46,44.65,0.47,22.0,0.48,77.5,0.56,85.31,0.55,34.95,0.54,44.65,0.53,22.0,0.52,77.5,0.57,240.5,0.58,145.0,0.59,225.0,0.6,184.99,0.61,117.0,0.01,0.01,2375.916805,1776168372000
1776168374.041,74.041,0.43,240.5,0.42,145.0,0.41,225.0,0.4,184.99,0.39,117.0,0.44,85.31,0.45,34.95,0.46,44.65,0.47,22.0,0.48,77.5,0.56,85.31,0.55,34.95,0.54,44.65,0.53,22.0,0.52,77.5,0.57,240.5,0.58,145.0,0.59,225.0,0.6,184.99,0.61,117.0,0.01,0.01,2375.91654,1776168373000
1776168374.737,74.737,0.43,4.9,0.42,125.0,0.41,195.0,0.4,35.0,0.39,70.0,0.44,198.81,0.45,52.45,0.46,118.15,0.47,32.5,0.48,65.5,0.56,85.31,0.55,34.95,0.54,44.65,0.53,22.0,0.52,77.5,0.57,240.5,0.58,145.0,0.59,225.0,0.6,184.99,0.61,117.0,0.01,0.01,2375.91654,1776168373000
1776168375.02,75.02,0.41,145.0,0.4,35.0,0.39,70.0,0.38,85.0,0.37,45.0,0.42,5.1,0.44,277.91,0.45,52.45,0.46,118.15,0.47,32.5,0.58,5.1,0.56,277.91,0.55,52.45,0.54,118.15,0.53,32.5,0.59,145.0,0.6,35.0,0.61,70.0,0.62,85.0,0.63,45.0,0.01,0.01,2375.89595,1776168374000
1776168375.627,75.627,0.29,10.0,0.28,110.0,0.25,57.85,0.24,134.14,0.23,129.3,0.36,365.5,0.37,59.5,0.38,35.5,0.39,40.5,0.4,62.5,0.58,40.6,0.57,16.0,0.56,198.91,0.55,40.45,0.54,118.15,0.61,10.0,0.62,85.0,0.63,35.0,0.64,50.0,0.65,90.0,0.07,0.03,2375.89595,1776168374000
1776168375.91,75.91,0.28,110.0,0.27,10.5,0.26,9.0,0.25,35.0,0.24,134.14,0.29,60.0,0.3,70.0,0.31,135.0,0.34,137.0,0.35,10.5,0.64,365.5,0.63,59.5,0.62,35.5,0.61,40.5,0.6,62.5,0.71,10.0,0.72,110.0,0.75,57.85,0.76,134.14,0.77,129.3,0.01,0.07,2375.89595,1776168374000
1776168376.306,76.306,0.28,35.5,0.27,20.5,0.25,151.99,0.24,10.0,0.23,90.3,0.29,135.86,0.3,80.0,0.31,205.0,0.32,10.0,0.33,10.0,0.71,60.0,0.7,70.0,0.69,135.0,0.66,137.0,0.65,10.5,0.72,110.0,0.73,10.5,0.74,9.0,0.75,35.0,0.76,134.14,0.01,0.01,2375.89595,1776168374000
1776168376.608,76.608,0.28,60.0,0.27,20.5,0.26,157.69,0.25,65.85,0.24,10.0,0.29,128.55,0.3,85.0,0.31,210.0,0.32,26.0,0.33,38.0,0.71,109.0,0.7,100.0,0.69,241.0,0.68,45.0,0.67,38.0,0.72,43.0,0.73,27.5,0.74,14.85,0.75,65.85,0.76,10.0,0.01,0.01,2375.778896,1776168375000
1776168376.917,76.917,0.28,100.61,0.27,20.5,0.26,111.99,0.25,65.85,0.24,10.0,0.29,140.55,0.3,15.0,0.31,130.0,0.32,26.0,0.33,38.0,0.71,140.55,0.7,15.0,0.69,130.0,0.68,26.0,0.67,38.0,0.72,100.61,0.73,20.5,0.74,111.99,0.75,65.85,0.76,10.0,0.01,0.01,2375.264857,1776168376000
1776168377.253,77.253,0.28,63.61,0.27,132.49,0.26,25.85,0.25,35.0,0.24,29.7,0.29,16.0,0.3,15.0,0.31,80.0,0.32,15.0,0.33,16.0,0.71,140.55,0.7,15.0,0.69,130.0,0.68,26.0,0.67,38.0,0.72,100.61,0.73,20.5,0.74,111.99,0.75,65.85,0.76,10.0,0.01,0.01,2375.264857,1776168376000
1776168377.609,77.609,0.28,87.36,0.27,153.49,0.26,56.99,0.25,45.0,0.24,29.7,0.29,5.0,0.3,20.0,0.31,85.0,0.32,15.0,0.33,10.0,0.71,11.0,0.7,15.0,0.69,80.0,0.68,15.0,0.67,16.0,0.72,61.36,0.73,132.49,0.74,25.85,0.75,35.0,0.76,29.7,0.01,0.01,2375.264857,1776168376000
1776168377.892,77.892,0.27,20.5,0.25,167.14,0.24,48.0,0.23,230.3,0.22,56.0,0.29,10.0,0.3,20.0,0.31,85.0,0.32,60.5,0.33,28.0,0.71,10.0,0.7,20.0,0.69,85.0,0.68,60.5,0.67,28.0,0.73,20.5,0.75,167.14,0.76,48.0,0.77,230.3,0.78,56.0,0.02,0.02,2374.824935,1776168377000
1776168378.259,78.259,0.27,51.63,0.26,25.5,0.25,188.14,0.24,48.0,0.23,240.3,0.28,54.0,0.29,20.0,0.3,25.0,0.31,105.0,0.32,95.0,0.71,27.93,0.7,15.0,0.69,95.5,0.68,60.5,0.67,28.0,0.73,10.0,0.74,20.5,0.75,172.14,0.76,48.0,0.77,230.3,0.01,0.02,2374.824935,1776168377000
1776168378.518,78.518,0.27,33.13,0.26,164.49,0.25,102.0,0.24,10.0,0.23,240.3,0.28,49.0,0.29,20.0,0.3,15.0,0.31,95.0,0.32,35.0,0.72,54.0,0.71,20.0,0.7,25.0,0.69,105.0,0.68,95.0,0.73,51.63,0.74,25.5,0.75,188.14,0.76,48.0,0.77,240.3,0.01,0.01,2374.824935,1776168377000
1776168379.057,79.057,0.27,84.5,0.26,164.49,0.25,102.0,0.24,36.7,0.23,268.3,0.29,9.66,0.3,46.0,0.31,105.0,0.32,25.0,0.33,80.0,0.72,49.0,0.71,20.0,0.7,15.0,0.69,95.0,0.68,35.0,0.73,33.13,0.74,164.49,0.75,102.0,0.76,10.0,0.77,240.3,0.02,0.01,2374.824935,1776168377000
1776168379.295,79.295,0.28,52.04,0.27,41.5,0.26,141.99,0.25,102.0,0.24,29.7,0.29,52.66,0.3,51.0,0.31,105.0,0.32,25.0,0.33,101.0,0.71,52.66,0.7,51.0,0.69,105.0,0.68,25.0,0.67,101.0,0.72,49.54,0.73,41.5,0.74,141.99,0.75,102.0,0.76,29.7,0.01,0.01,2374.824935,1776168377000
1776168379.499,79.499,0.28,78.04,0.27,57.5,0.26,146.99,0.25,102.0,0.24,29.7,0.29,6.2,0.3,115.0,0.31,105.0,0.32,31.0,0.33,132.5,0.7,93.0,0.69,105.0,0.68,25.0,0.67,122.0,0.66,131.0,0.72,73.04,0.73,57.5,0.74,141.99,0.75,102.0,0.76,29.7,0.01,0.02,2374.86306,1776168378000
1776168379.882,79.882,0.28,114.04,0.27,78.5,0.26,188.99,0.25,123.0,0.24,60.7,0.29,66.4,0.3,93.0,0.31,126.0,0.32,62.0,0.33,153.5,0.71,6.2,0.7,115.0,0.69,105.0,0.68,31.0,0.67,132.5,0.72,78.04,0.73,57.5,0.74,146.99,0.75,102.0,0.76,29.7,0.01,0.01,2374.86306,1776168378000
1776168380.183,80.183,0.28,109.04,0.27,78.5,0.26,188.99,0.25,123.0,0.24,60.7,0.29,62.95,0.3,93.0,0.31,126.0,0.32,62.0,0.33,153.5,0.71,62.95,0.7,93.0,0.69,126.0,0.68,62.0,0.67,153.5,0.72,114.04,0.73,78.5,0.74,188.99,0.75,123.0,0.76,60.7,0.01,0.01,2374.86306,1776168378000
1776168380.633,80.633,0.28,79.5,0.27,26.0,0.26,120.99,0.25,122.0,0.24,50.7,0.29,40.4,0.3,30.0,0.31,105.0,0.32,31.0,0.33,48.0,0.71,62.95,0.7,98.0,0.69,126.0,0.68,62.0,0.67,153.5,0.72,99.93,0.73,78.5,0.74,188.99,0.75,123.0,0.76,60.7,0.01,0.01,2374.81386,1776168379000
1776168380.972,80.972,0.28,89.97,0.27,26.0,0.26,120.99,0.25,112.0,0.24,60.7,0.29,41.6,0.3,30.0,0.31,105.0,0.32,41.0,0.33,38.0,0.71,40.4,0.7,30.0,0.69,105.0,0.68,31.0,0.67,38.0,0.72,94.97,0.73,26.0,0.74,120.99,0.75,112.0,0.76,50.7,0.01,0.01,2374.81386,1776168379000
1776168381.201,81.201,0.28,93.44,0.27,26.0,0.26,120.99,0.25,112.0,0.24,60.7,0.29,37.14,0.3,25.0,0.31,105.0,0.32,41.0,0.33,38.0,0.71,37.14,0.7,25.0,0.69,105.0,0.68,41.0,0.67,38.0,0.72,94.97,0.73,26.0,0.74,120.99,0.75,112.0,0.76,60.7,0.01,0.01,2374.81386,1776168379000
1776168381.723,81.723,0.28,93.44,0.27,26.0,0.26,120.99,0.25,112.0,0.24,65.7,0.29,29.54,0.3,25.0,0.31,105.0,0.32,41.0,0.33,49.0,0.71,33.34,0.7,25.0,0.69,105.0,0.68,41.0,0.67,49.0,0.72,93.44,0.73,26.0,0.74,120.99,0.75,112.0,0.76,60.7,0.01,0.01,2374.819685,1776168380000
1776168381.968,81.968,0.28,80.44,0.27,26.0,0.26,120.99,0.25,112.0,0.24,65.7,0.29,29.54,0.3,25.0,0.31,105.0,0.32,41.0,0.33,49.0,0.71,29.54,0.7,25.0,0.69,105.0,0.68,41.0,0.67,49.0,0.72,93.44,0.73,26.0,0.74,120.99,0.75,112.0,0.76,65.7,0.01,0.01,2374.819685,1776168380000
1776168383.04,83.04,0.28,109.44,0.27,26.0,0.26,131.13,0.25,91.0,0.24,34.7,0.29,24.6,0.3,30.0,0.31,105.0,0.32,31.0,0.33,33.0,0.71,29.54,0.7,35.0,0.69,105.0,0.68,41.0,0.67,49.0,0.72,109.44,0.73,26.0,0.74,120.99,0.75,112.0,0.76,65.7,0.01,0.01,2374.869375,1776168381000
1776168384.065,84.065,0.28,109.44,0.27,26.0,0.26,131.13,0.25,91.0,0.24,34.7,0.29,24.6,0.3,30.0,0.31,105.0,0.32,31.0,0.33,33.0,0.71,24.6,0.7,30.0,0.69,105.0,0.68,31.0,0.67,33.0,0.72,109.44,0.73,26.0,0.74,131.13,0.75,91.0,0.76,34.7,0.01,0.01,2374.86438,1776168383000
1776168385.079,85.079,0.28,109.44,0.27,26.0,0.26,131.13,0.25,91.0,0.24,34.7,0.29,24.6,0.3,30.0,0.31,105.0,0.32,31.0,0.33,33.0,0.71,24.6,0.7,30.0,0.69,105.0,0.68,31.0,0.67,33.0,0.72,109.44,0.73,26.0,0.74,131.13,0.75,91.0,0.76,34.7,0.01,0.01,2374.885095,1776168384000
1776168385.961,85.961,0.28,109.44,0.27,26.0,0.26,131.13,0.25,91.0,0.24,34.7,0.29,24.6,0.3,30.0,0.31,105.0,0.32,31.0,0.33,33.0,0.71,24.6,0.7,30.0,0.69,105.0,0.68,31.0,0.67,33.0,0.72,109.44,0.73,26.0,0.74,131.13,0.75,91.0,0.76,34.7,0.01,0.01,2374.885425,1776168385000
1776168386.979,86.979,0.28,109.44,0.27,26.0,0.26,131.13,0.25,91.0,0.24,34.7,0.29,24.6,0.3,30.0,0.31,105.0,0.32,31.0,0.33,33.0,0.71,24.6,0.7,30.0,0.69,105.0,0.68,31.0,0.67,33.0,0.72,109.44,0.73,26.0,0.74,131.13,0.75,91.0,0.76,34.7,0.01,0.01,2374.88381,1776168386000
1776168387.893,87.893,0.28,109.44,0.27,26.0,0.26,131.13,0.25,91.0,0.24,34.7,0.29,24.6,0.3,30.0,0.31,105.0,0.32,31.0,0.33,33.0,0.71,24.6,0.7,30.0,0.69,105.0,0.68,31.0,0.67,33.0,0.72,109.44,0.73,26.0,0.74,131.13,0.75,91.0,0.76,34.7,0.01,0.01,2374.867085,1776168387000
1776168389.069,89.069,0.27,68.0,0.26,136.49,0.25,96.0,0.24,39.7,0.23,265.3,0.28,36.0,0.29,26.2,0.3,76.7,0.31,156.0,0.32,68.5,0.71,24.6,0.7,30.0,0.69,105.0,0.68,31.0,0.67,33.0,0.72,109.44,0.73,26.0,0.74,131.13,0.75,91.0,0.76,34.7,0.01,0.01,2374.867085,1776168387000
1776168389.3,89.3,0.27,68.0,0.26,136.49,0.25,96.0,0.24,39.7,0.23,265.3,0.28,36.0,0.29,26.2,0.3,76.7,0.31,156.0,0.32,68.5,0.72,36.0,0.71,26.2,0.7,76.7,0.69,156.0,0.68,68.5,0.73,68.0,0.74,136.49,0.75,96.0,0.76,39.7,0.77,265.3,0.01,0.01,2374.862445,1776168388000
1776168390.334,90.334,0.27,75.06,0.26,141.49,0.25,96.0,0.24,39.7,0.23,265.3,0.28,46.0,0.29,26.2,0.3,76.7,0.31,156.0,0.32,89.5,0.72,36.0,0.71,26.2,0.7,76.7,0.69,156.0,0.68,68.5,0.73,68.0,0.74,136.49,0.75,96.0,0.76,39.7,0.77,265.3,0.01,0.01,2374.862445,1776168388000
1776168391.464,91.464,0.27,75.06,0.26,141.49,0.25,96.0,0.24,39.7,0.23,265.3,0.28,46.0,0.29,26.2,0.3,76.7,0.31,156.0,0.32,89.5,0.72,46.0,0.71,26.2,0.7,76.7,0.69,156.0,0.68,89.5,0.73,75.06,0.74,141.49,0.75,96.0,0.76,39.7,0.77,265.3,0.01,0.01,2374.86298,1776168390000
1776168391.909,91.909,0.27,75.06,0.26,141.49,0.25,96.0,0.24,39.7,0.23,265.3,0.28,46.0,0.29,26.2,0.3,76.7,0.31,156.0,0.32,89.5,0.72,46.0,0.71,26.2,0.7,76.7,0.69,156.0,0.68,89.5,0.73,75.06,0.74,141.49,0.75,96.0,0.76,39.7,0.77,265.3,0.01,0.01,2374.86298,1776168391000
1776168393.03,93.03,0.27,75.06,0.26,141.49,0.25,96.0,0.24,39.7,0.23,265.3,0.28,46.0,0.29,26.2,0.3,76.7,0.31,156.0,0.32,89.5,0.72,46.0,0.71,26.2,0.7,76.7,0.69,156.0,0.68,89.5,0.73,75.06,0.74,141.49,0.75,96.0,0.76,39.7,0.77,265.3,0.01,0.01,2374.863075,1776168392000
1776168394.136,94.136,0.27,75.06,0.26,141.49,0.25,96.0,0.24,39.7,0.23,265.3,0.28,46.0,0.29,26.2,0.3,76.7,0.31,156.0,0.32,89.5,0.72,46.0,0.71,26.2,0.7,76.7,0.69,156.0,0.68,89.5,0.73,75.06,0.74,141.49,0.75,96.0,0.76,39.7,0.77,265.3,0.01,0.01,2374.86847,1776168393000
1776168394.408,94.408,0.27,80.06,0.26,125.49,0.25,96.0,0.24,39.7,0.23,255.3,0.28,41.0,0.29,26.2,0.3,76.7,0.31,161.5,0.32,106.5,0.72,46.0,0.71,26.2,0.7,76.7,0.69,156.0,0.68,89.5,0.73,75.06,0.74,141.49,0.75,96.0,0.76,39.7,0.77,265.3,0.01,0.01,2374.86847,1776168393000
1776168395.193,95.193,0.27,80.06,0.26,125.49,0.25,96.0,0.24,39.7,0.23,255.3,0.28,41.0,0.29,26.2,0.3,76.7,0.31,161.5,0.32,106.5,0.72,41.0,0.71,26.2,0.7,76.7,0.69,161.5,0.68,106.5,0.73,80.06,0.74,125.49,0.75,96.0,0.76,39.7,0.77,255.3,0.01,0.01,2374.868545,1776168394000
1776168396.181,96.181,0.27,80.06,0.26,125.49,0.25,96.0,0.24,39.7,0.23,255.3,0.28,41.0,0.29,26.2,0.3,76.7,0.31,161.5,0.32,106.5,0.72,41.0,0.71,26.2,0.7,76.7,0.69,161.5,0.68,106.5,0.73,80.06,0.74,125.49,0.75,96.0,0.76,39.7,0.77,255.3,0.01,0.01,2374.867585,1776168395000
1776168397.281,97.281,0.27,80.06,0.26,125.49,0.25,96.0,0.24,39.7,0.23,255.3,0.28,41.0,0.29,26.2,0.3,76.7,0.31,161.5,0.32,106.5,0.72,41.0,0.71,26.2,0.7,76.7,0.69,161.5,0.68,106.5,0.73,80.06,0.74,125.49,0.75,96.0,0.76,39.7,0.77,255.3,0.01,0.01,2374.86821,1776168396000
1776168398.326,98.326,0.27,80.06,0.26,125.49,0.25,96.0,0.24,39.7,0.23,255.3,0.28,41.0,0.29,26.2,0.3,76.7,0.31,161.5,0.32,106.5,0.72,41.0,0.71,26.2,0.7,76.7,0.69,161.5,0.68,106.5,0.73,80.06,0.74,125.49,0.75,96.0,0.76,39.7,0.77,255.3,0.01,0.01,2374.8905,1776168397000
1776168398.566,98.566,0.27,111.69,0.26,31.85,0.25,106.5,0.24,44.7,0.23,255.3,0.28,46.0,0.29,31.2,0.3,91.5,0.31,225.5,0.32,106.5,0.72,41.0,0.71,26.2,0.7,76.7,0.69,161.5,0.68,106.5,0.73,80.06,0.74,125.49,0.75,96.0,0.76,39.7,0.77,255.3,0.01,0.01,2374.8905,1776168397000
1776168399.306,99.306,0.27,111.69,0.26,31.85,0.25,106.5,0.24,44.7,0.23,255.3,0.28,46.0,0.29,31.2,0.3,91.5,0.31,225.5,0.32,106.5,0.72,46.0,0.71,31.2,0.7,91.5,0.69,225.5,0.68,106.5,0.73,111.69,0.74,31.85,0.75,106.5,0.76,44.7,0.77,255.3,0.01,0.01,2374.89876,1776168398000
1776168399.869,99.869,0.27,111.69,0.26,31.85,0.25,106.5,0.24,44.7,0.23,255.3,0.28,46.0,0.29,31.2,0.3,91.5,0.31,225.5,0.32,106.5,0.72,46.0,0.71,31.2,0.7,91.5,0.69,225.5,0.68,106.5,0.73,111.69,0.74,31.85,0.75,106.5,0.76,44.7,0.77,255.3,0.01,0.01,2374.893825,1776168399000
1776168400.91,100.91,0.27,111.69,0.26,31.85,0.25,106.5,0.24,44.7,0.23,255.3,0.28,46.0,0.29,31.2,0.3,91.5,0.31,225.5,0.32,106.5,0.72,46.0,0.71,31.2,0.7,91.5,0.69,225.5,0.68,106.5,0.73,111.69,0.74,31.85,0.75,106.5,0.76,44.7,0.77,255.3,0.01,0.01,2374.888985,1776168400000
1776168401.648,101.648,0.27,58.63,0.26,30.0,0.25,182.14,0.24,93.2,0.23,115.3,0.28,109.6,0.29,31.2,0.3,156.5,0.31,290.5,0.32,138.5,0.72,46.0,0.71,31.2,0.7,91.5,0.69,225.5,0.68,106.5,0.73,111.69,0.74,31.85,0.75,106.5,0.76,44.7,0.77,255.3,0.01,0.01,2374.888985,1776168400000
1776168402.603,102.603,0.27,58.63,0.26,30.0,0.25,182.14,0.24,93.2,0.23,115.3,0.28,109.6,0.29,31.2,0.3,156.5,0.31,290.5,0.32,138.5,0.72,109.6,0.71,31.2,0.7,156.5,0.69,290.5,0.68,138.5,0.73,58.63,0.74,30.0,0.75,182.14,0.76,93.2,0.77,115.3,0.01,0.01,2374.860295,1776168401000
1776168403.139,103.139,0.27,58.63,0.26,30.0,0.25,182.14,0.24,93.2,0.23,115.3,0.28,109.6,0.29,31.2,0.3,156.5,0.31,290.5,0.32,138.5,0.72,109.6,0.71,31.2,0.7,156.5,0.69,290.5,0.68,138.5,0.73,58.63,0.74,30.0,0.75,182.14,0.76,93.2,0.77,115.3,0.01,0.01,2374.85528,1776168402000
1776168404.2,104.2,0.27,58.63,0.26,30.0,0.25,182.14,0.24,93.2,0.23,115.3,0.28,109.6,0.29,31.2,0.3,156.5,0.31,290.5,0.32,138.5,0.72,109.6,0.71,31.2,0.7,156.5,0.69,290.5,0.68,138.5,0.73,58.63,0.74,30.0,0.75,182.14,0.76,93.2,0.77,115.3,0.01,0.01,2374.865275,1776168403000
1776168404.74,104.74,0.27,106.63,0.26,30.0,0.25,192.64,0.24,63.0,0.23,115.3,0.29,51.81,0.3,166.5,0.31,294.5,0.32,125.5,0.33,63.0,0.72,109.6,0.71,31.2,0.7,156.5,0.69,290.5,0.68,138.5,0.73,58.63,0.74,30.0,0.75,182.14,0.76,93.2,0.77,115.3,0.02,0.01,2374.865275,1776168403000
1776168405.146,105.146,0.27,106.63,0.26,30.0,0.25,192.64,0.24,63.0,0.23,115.3,0.29,51.81,0.3,166.5,0.31,294.5,0.32,125.5,0.33,63.0,0.71,51.81,0.7,166.5,0.69,294.5,0.68,125.5,0.67,63.0,0.73,106.63,0.74,30.0,0.75,192.64,0.76,63.0,0.77,115.3,0.02,0.02,2374.885385,1776168404000
1776168405.427,105.427,0.27,101.63,0.26,150.49,0.25,96.0,0.24,54.7,0.23,142.3,0.29,34.81,0.3,141.0,0.31,206.0,0.32,94.5,0.33,80.0,0.71,51.81,0.7,166.5,0.69,294.5,0.68,125.5,0.67,63.0,0.73,106.63,0.74,30.0,0.75,192.64,0.76,63.0,0.77,115.3,0.02,0.02,2374.885385,1776168404000
1776168406.05,106.05,0.28,93.0,0.27,42.63,0.26,145.49,0.25,115.2,0.24,54.7,0.29,73.29,0.3,141.0,0.31,216.0,0.32,83.5,0.33,90.0,0.71,62.43,0.7,141.0,0.69,216.0,0.68,94.5,0.67,85.0,0.72,43.0,0.73,42.63,0.74,145.49,0.75,96.0,0.76,54.7,0.01,0.01,2374.885385,1776168404000
1776168406.558,106.558,0.28,90.9,0.27,42.63,0.26,164.19,0.25,115.2,0.24,54.7,0.29,73.29,0.3,141.0,0.31,226.5,0.32,96.5,0.33,90.0,0.71,73.29,0.7,141.0,0.69,216.0,0.68,83.5,0.67,90.0,0.72,93.0,0.73,42.63,0.74,145.49,0.75,115.2,0.76,54.7,0.01,0.01,2374.878745,1776168405000
1776168407.109,107.109,0.29,96.59,0.28,202.54,0.27,47.63,0.26,93.7,0.25,164.2,0.3,25.0,0.31,20.0,0.32,10.0,0.34,50.0,0.36,25.0,0.71,73.29,0.7,141.0,0.69,226.5,0.68,96.5,0.67,90.0,0.72,90.9,0.73,42.63,0.74,164.19,0.75,115.2,0.76,54.7,0.01,0.01,2374.878745,1776168405000
1776168408.061,108.061,0.38,69.0,0.37,39.85,0.36,44.0,0.35,37.88,0.34,80.0,0.39,32.72,0.4,16.0,0.41,20.0,0.42,68.1,0.43,36.0,0.64,52.0,0.63,57.0,0.62,27.0,0.61,41.0,0.6,16.0,0.65,22.88,0.71,272.59,0.72,230.49,0.73,46.77,0.74,93.7,0.01,0.01,2374.895955,1776168406000
1776168408.856,108.856,0.38,74.76,0.37,125.99,0.36,60.0,0.35,47.88,0.34,96.0,0.39,6.85,0.4,31.5,0.41,10.0,0.42,73.1,0.43,35.0,0.61,11.85,0.6,26.5,0.59,10.0,0.58,68.1,0.57,36.0,0.62,66.8,0.63,39.85,0.64,44.0,0.65,37.88,0.66,80.0,0.01,0.01,2374.94735,1776168407000
1776168409.161,109.161,0.38,74.76,0.37,125.99,0.36,60.0,0.35,47.88,0.34,96.0,0.39,6.85,0.4,31.5,0.41,10.0,0.42,73.1,0.43,35.0,0.61,6.85,0.6,31.5,0.59,10.0,0.58,73.1,0.57,35.0,0.62,74.76,0.63,125.99,0.64,60.0,0.65,47.88,0.66,96.0,0.01,0.01,2375.240098,1776168408000
1776168409.499,109.499,0.38,81.76,0.37,23.0,0.36,31.0,0.35,57.88,0.34,210.14,0.39,6.85,0.4,36.5,0.41,10.0,0.42,73.1,0.43,42.0,0.61,6.85,0.6,36.5,0.59,10.0,0.58,73.1,0.57,42.0,0.62,101.26,0.63,23.0,0.64,31.0,0.65,47.88,0.66,210.14,0.01,0.01,2375.240098,1776168408000
1776168409.763,109.763,0.39,62.19,0.38,48.0,0.37,23.0,0.36,31.0,0.35,150.87,0.4,36.5,0.41,15.0,0.42,73.1,0.43,42.0,0.44,106.0,0.61,6.85,0.6,36.5,0.59,10.0,0.58,73.1,0.57,42.0,0.62,81.76,0.63,23.0,0.64,31.0,0.65,57.88,0.66,210.14,0.01,0.01,2375.240098,1776168408000
1776168410.037,110.037,0.39,62.19,0.38,48.0,0.37,23.0,0.36,31.0,0.35,150.87,0.4,36.5,0.41,15.0,0.42,73.1,0.43,42.0,0.44,106.0,0.6,36.5,0.59,15.0,0.58,73.1,0.57,42.0,0.56,106.0,0.61,62.19,0.62,48.0,0.63,23.0,0.64,31.0,0.65,150.87,0.01,0.01,2375.547675,1776168409000
1776168410.556,110.556,0.39,87.38,0.38,58.0,0.37,33.0,0.36,61.0,0.35,52.88,0.4,31.5,0.41,56.0,0.42,115.1,0.43,74.0,0.44,127.0,0.6,31.5,0.59,30.0,0.58,73.1,0.57,53.0,0.56,106.0,0.61,93.38,0.62,48.0,0.63,23.0,0.64,31.0,0.65,52.88,0.01,0.01,2375.547675,1776168409000
1776168410.834,110.834,0.39,29.38,0.38,53.0,0.37,28.0,0.36,77.0,0.35,78.88,0.4,34.0,0.41,77.0,0.42,110.1,0.43,90.0,0.44,143.0,0.6,31.5,0.59,56.0,0.58,115.1,0.57,74.0,0.56,127.0,0.61,19.38,0.62,58.0,0.63,33.0,0.64,61.0,0.65,62.88,0.01,0.01,2375.547675,1776168409000
1776168411.051,111.051,0.39,27.28,0.38,53.0,0.37,28.0,0.36,77.0,0.35,78.88,0.4,34.0,0.41,77.0,0.42,110.1,0.43,95.0,0.44,143.0,0.6,34.0,0.59,77.0,0.58,110.1,0.57,90.0,0.56,143.0,0.61,29.38,0.62,53.0,0.63,28.0,0.64,77.0,0.65,78.88,0.01,0.01,2375.547675,1776168409000
1776168411.447,111.447,0.39,20.18,0.38,53.0,0.37,28.0,0.36,46.0,0.35,57.88,0.4,34.0,0.41,35.0,0.42,68.1,0.43,53.0,0.44,101.0,0.6,34.0,0.59,77.0,0.58,110.1,0.57,95.0,0.56,143.0,0.61,27.28,0.62,53.0,0.63,28.0,0.64,77.0,0.65,78.88,0.01,0.01,2375.55513,1776168410000
1776168411.825,111.825,0.39,23.08,0.38,53.0,0.37,28.0,0.36,46.0,0.35,83.53,0.4,29.0,0.41,30.0,0.42,60.1,0.43,64.0,0.44,101.0,0.6,34.0,0.59,35.0,0.58,68.1,0.57,53.0,0.56,101.0,0.61,20.18,0.62,53.0,0.63,28.0,0.64,46.0,0.65,57.88,0.01,0.01,2375.55513,1776168410000
1776168412.109,112.109,0.39,23.08,0.38,53.0,0.37,28.0,0.36,46.0,0.35,83.53,0.4,29.0,0.41,30.0,0.42,60.1,0.43,64.0,0.44,101.0,0.6,29.0,0.59,30.0,0.58,60.1,0.57,64.0,0.56,101.0,0.61,23.08,0.62,53.0,0.63,28.0,0.64,46.0,0.65,83.53,0.01,0.01,2375.67859,1776168411000
1776168412.943,112.943,0.38,23.0,0.36,10.0,0.35,83.53,0.34,23.0,0.33,62.3,0.4,86.0,0.41,170.0,0.42,60.1,0.43,37.0,0.44,70.0,0.6,29.0,0.59,20.0,0.58,60.1,0.57,35.0,0.56,101.0,0.61,25.98,0.62,63.0,0.63,28.0,0.64,46.0,0.65,210.67,0.02,0.01,2375.67859,1776168411000
1776168413.741,113.741,0.35,61.32,0.33,25.0,0.32,59.5,0.31,31.8,0.3,57.1,0.36,33.5,0.37,70.5,0.38,111.5,0.39,105.5,0.4,72.0,0.6,86.0,0.59,170.0,0.58,60.1,0.57,37.0,0.56,70.0,0.62,23.0,0.64,10.0,0.65,83.53,0.66,23.0,0.67,62.3,0.01,0.02,2375.664075,1776168412000
1776168414.128,114.128,0.35,61.32,0.33,25.0,0.32,59.5,0.31,31.8,0.3,57.1,0.36,33.5,0.37,70.5,0.38,111.5,0.39,105.5,0.4,72.0,0.64,33.5,0.63,70.5,0.62,111.5,0.61,105.5,0.6,72.0,0.65,61.32,0.67,25.0,0.68,59.5,0.69,31.8,0.7,57.1,0.01,0.01,2375.700625,1776168413000
1776168414.358,114.358,0.35,18.71,0.33,25.0,0.32,89.5,0.31,31.8,0.3,57.1,0.36,100.5,0.37,106.5,0.38,142.5,0.39,167.5,0.4,34.0,0.64,33.5,0.63,70.5,0.62,111.5,0.61,105.5,0.6,72.0,0.65,61.32,0.67,25.0,0.68,59.5,0.69,31.8,0.7,57.1,0.01,0.01,2375.700625,1776168413000
1776168415.887,115.887,0.35,2.71,0.33,25.0,0.32,89.5,0.31,31.8,0.3,57.1,0.36,95.5,0.37,111.5,0.38,142.5,0.39,167.5,0.4,34.0,0.64,95.5,0.63,111.5,0.62,142.5,0.61,167.5,0.6,34.0,0.65,2.71,0.67,25.0,0.68,89.5,0.69,31.8,0.7,57.1,0.01,0.01,2375.352565,1776168414000
1776168416.47,116.47,0.32,89.94,0.31,209.29,0.3,98.09,0.29,115.5,0.28,206.89,0.34,16.0,0.35,15.0,0.36,56.0,0.37,66.5,0.38,121.5,0.67,93.0,0.66,56.0,0.65,25.5,0.64,83.5,0.63,101.5,0.68,67.94,0.69,31.8,0.7,57.1,0.71,114.0,0.72,299.03,0.02,0.01,2375.352565,1776168414000
1776168416.737,116.737,0.32,89.94,0.31,209.29,0.3,98.09,0.29,115.5,0.28,206.89,0.34,16.0,0.35,15.0,0.36,56.0,0.37,66.5,0.38,121.5,0.66,16.0,0.65,15.0,0.64,56.0,0.63,66.5,0.62,121.5,0.68,89.94,0.69,209.29,0.7,98.09,0.71,115.5,0.72,206.89,0.02,0.02,2375.329855,1776168415000
1776168417.017,117.017,0.33,52.03,0.32,64.94,0.31,209.29,0.3,108.09,0.29,115.5,0.34,64.0,0.35,30.0,0.36,66.5,0.37,66.5,0.38,100.5,0.66,16.0,0.65,15.0,0.64,56.0,0.63,66.5,0.62,121.5,0.68,89.94,0.69,209.29,0.7,98.09,0.71,115.5,0.72,206.89,0.01,0.02,2375.329855,1776168415000
1776168417.365,117.365,0.33,52.03,0.32,64.94,0.31,209.29,0.3,108.09,0.29,115.5,0.34,64.0,0.35,30.0,0.36,66.5,0.37,66.5,0.38,100.5,0.66,64.0,0.65,30.0,0.64,66.5,0.63,66.5,0.62,100.5,0.67,52.03,0.68,64.94,0.69,209.29,0.7,108.09,0.71,115.5,0.01,0.01,2375.336595,1776168416000
1776168418.334,118.334,0.33,45.47,0.32,69.94,0.31,170.29,0.3,108.09,0.29,94.5,0.34,74.0,0.35,30.0,0.36,66.5,0.37,66.5,0.38,100.5,0.66,64.0,0.65,30.0,0.64,66.5,0.63,66.5,0.62,100.5,0.67,52.03,0.68,64.94,0.69,209.29,0.7,108.09,0.71,115.5,0.01,0.01,2375.336595,1776168416000
1776168419.11,119.11,0.33,45.47,0.32,69.94,0.31,170.29,0.3,108.09,0.29,94.5,0.34,74.0,0.35,30.0,0.36,66.5,0.37,66.5,0.38,100.5,0.66,74.0,0.65,30.0,0.64,66.5,0.63,66.5,0.62,100.5,0.67,45.47,0.68,69.94,0.69,170.29,0.7,108.09,0.71,94.5,0.01,0.01,2375.385405,1776168418000
1776168419.318,119.318,0.38,76.0,0.37,28.0,0.36,58.0,0.35,159.99,0.34,144.5,0.39,42.73,0.4,78.0,0.41,45.0,0.42,110.1,0.43,95.0,0.66,74.0,0.65,30.0,0.64,66.5,0.63,66.5,0.62,100.5,0.67,45.47,0.68,69.94,0.69,170.29,0.7,108.09,0.71,94.5,0.01,0.01,2375.385405,1776168418000
1776168420.275,120.275,0.38,81.0,0.37,28.0,0.36,58.0,0.35,159.99,0.34,144.5,0.39,39.65,0.4,78.0,0.41,45.0,0.42,120.1,0.43,95.0,0.61,39.65,0.6,78.0,0.59,45.0,0.58,120.1,0.57,95.0,0.62,81.0,0.63,28.0,0.64,58.0,0.65,159.99,0.66,144.5,0.01,0.01,2375.402505,1776168419000
1776168421.118,121.118,0.39,22.83,0.38,62.0,0.37,131.99,0.36,162.35,0.35,89.8,0.4,50.0,0.41,55.5,0.42,105.1,0.43,65.0,0.44,130.0,0.61,39.65,0.6,78.0,0.59,45.0,0.58,120.1,0.57,95.0,0.62,81.0,0.63,28.0,0.64,58.0,0.65,159.99,0.66,144.5,0.01,0.01,2375.402505,1776168419000
1776168422.027,122.027,0.39,22.83,0.38,62.0,0.37,131.99,0.36,162.35,0.35,89.8,0.4,50.0,0.41,55.5,0.42,105.1,0.43,65.0,0.44,130.0,0.6,50.0,0.59,55.5,0.58,105.1,0.57,65.0,0.56,130.0,0.61,22.83,0.62,62.0,0.63,131.99,0.64,162.35,0.65,89.8,0.01,0.01,2375.565865,1776168421000
1776168423.516,123.516,0.39,22.83,0.38,62.0,0.37,131.99,0.36,162.35,0.35,89.8,0.4,50.0,0.41,55.5,0.42,105.1,0.43,65.0,0.44,130.0,0.6,50.0,0.59,55.5,0.58,105.1,0.57,65.0,0.56,130.0,0.61,22.83,0.62,62.0,0.63,131.99,0.64,162.35,0.65,89.8,0.01,0.01,2375.755332,1776168422000
1776168424.134,124.134,0.41,66.59,0.4,27.0,0.39,162.09,0.38,72.15,0.37,40.4,0.42,199.6,0.43,90.5,0.44,130.0,0.45,85.0,0.46,60.0,0.6,50.0,0.59,55.5,0.58,105.1,0.57,65.0,0.56,130.0,0.61,22.83,0.62,62.0,0.63,131.99,0.64,162.35,0.65,89.8,0.01,0.01,2375.755332,1776168422000
1776168425.043,125.043,0.41,110.11,0.4,117.0,0.39,191.09,0.38,92.65,0.37,75.4,0.42,60.1,0.43,90.5,0.44,130.0,0.45,85.0,0.46,60.0,0.58,204.6,0.57,95.5,0.56,130.0,0.55,85.0,0.54,60.0,0.59,61.59,0.6,27.0,0.61,162.09,0.62,72.15,0.63,40.4,0.01,0.01,2375.801895,1776168423000
1776168425.74,125.74,0.41,110.11,0.4,117.0,0.39,191.09,0.38,92.65,0.37,75.4,0.42,60.1,0.43,90.5,0.44,130.0,0.45,85.0,0.46,60.0,0.58,60.1,0.57,90.5,0.56,130.0,0.55,85.0,0.54,60.0,0.59,110.11,0.6,117.0,0.61,191.09,0.62,92.65,0.63,75.4,0.01,0.01,2375.871215,1776168424000
1776168426.428,126.428,0.41,110.11,0.4,117.0,0.39,191.09,0.38,92.65,0.37,75.4,0.42,60.1,0.43,90.5,0.44,130.0,0.45,85.0,0.46,60.0,0.58,60.1,0.57,90.5,0.56,130.0,0.55,85.0,0.54,60.0,0.59,110.11,0.6,117.0,0.61,191.09,0.62,92.65,0.63,75.4,0.01,0.01,2375.8421,1776168425000
1776168427.096,127.096,0.41,110.11,0.4,117.0,0.39,191.09,0.38,92.65,0.37,75.4,0.42,60.1,0.43,90.5,0.44,130.0,0.45,85.0,0.46,60.0,0.58,60.1,0.57,90.5,0.56,130.0,0.55,85.0,0.54,60.0,0.59,110.11,0.6,117.0,0.61,191.09,0.62,92.65,0.63,75.4,0.01,0.01,2375.84232,1776168426000
1776168428.651,128.651,0.41,110.11,0.4,117.0,0.39,191.09,0.38,92.65,0.37,75.4,0.42,60.1,0.43,90.5,0.44,130.0,0.45,85.0,0.46,60.0,0.58,60.1,0.57,90.5,0.56,130.0,0.55,85.0,0.54,60.0,0.59,110.11,0.6,117.0,0.61,191.09,0.62,92.65,0.63,75.4,0.01,0.01,2375.988613,1776168427000
1776168428.856,128.856,0.41,105.11,0.4,107.0,0.39,185.99,0.38,78.3,0.37,50.4,0.42,28.69,0.43,90.5,0.44,130.0,0.45,95.0,0.46,50.0,0.58,60.1,0.57,90.5,0.56,130.0,0.55,85.0,0.54,60.0,0.59,110.11,0.6,117.0,0.61,191.09,0.62,92.65,0.63,75.4,0.01,0.01,2375.988613,1776168427000
1776168429.263,129.263,0.41,105.11,0.4,107.0,0.39,185.99,0.38,78.3,0.37,50.4,0.42,28.69,0.43,90.5,0.44,130.0,0.45,95.0,0.46,50.0,0.58,28.69,0.57,90.5,0.56,130.0,0.55,95.0,0.54,50.0,0.59,105.11,0.6,107.0,0.61,185.99,0.62,78.3,0.63,50.4,0.01,0.01,2375.92289,1776168428000
1776168430.032,130.032,0.46,276.99,0.45,58.85,0.44,112.5,0.43,92.0,0.42,25.0,0.48,35.0,0.49,130.5,0.5,70.5,0.51,20.0,0.52,70.0,0.58,28.69,0.57,90.5,0.56,130.0,0.55,95.0,0.54,50.0,0.59,105.11,0.6,107.0,0.61,185.99,0.62,78.3,0.63,50.4,0.02,0.01,2375.92289,1776168428000
1776168430.568,130.568,0.48,271.99,0.47,60.0,0.46,192.0,0.45,25.0,0.44,76.0,0.49,2.95,0.51,10.0,0.52,70.0,0.53,175.41,0.54,115.0,0.52,35.0,0.51,130.5,0.5,70.5,0.49,20.0,0.48,70.0,0.54,276.99,0.55,58.85,0.56,112.5,0.57,92.0,0.58,25.0,0.01,0.02,2375.914275,1776168429000
1776168430.862,130.862,0.51,44.0,0.5,131.9,0.49,47.0,0.48,50.0,0.47,15.0,0.52,9.19,0.53,180.41,0.54,115.0,0.55,50.0,0.56,91.0,0.48,25.0,0.47,175.41,0.46,115.0,0.45,50.0,0.44,91.0,0.5,9.91,0.51,10.0,0.52,220.99,0.53,41.0,0.54,185.0,0.01,0.02,2375.914275,1776168429000
1776168431.089,131.089,0.51,40.25,0.5,131.9,0.49,42.0,0.48,45.0,0.47,15.0,0.52,37.19,0.53,180.41,0.54,115.0,0.55,50.0,0.56,91.0,0.48,9.19,0.47,180.41,0.46,115.0,0.45,50.0,0.44,91.0,0.49,37.3,0.5,131.9,0.51,42.0,0.52,45.0,0.53,15.0,0.01,0.01,2375.914275,1776168429000
1776168431.301,131.301,0.51,40.25,0.5,131.9,0.49,52.0,0.48,65.0,0.47,50.0,0.52,32.19,0.53,180.41,0.54,115.0,0.55,50.0,0.56,91.0,0.48,37.19,0.47,180.41,0.46,115.0,0.45,50.0,0.44,91.0,0.49,40.25,0.5,131.9,0.51,42.0,0.52,45.0,0.53,15.0,0.01,0.01,2375.914275,1776168429000
1776168431.503,131.503,0.51,61.25,0.5,152.9,0.49,52.0,0.48,65.0,0.47,50.0,0.52,40.53,0.53,180.41,0.54,120.0,0.55,45.0,0.56,86.0,0.48,32.19,0.47,180.41,0.46,115.0,0.45,50.0,0.44,91.0,0.49,40.25,0.5,131.9,0.51,52.0,0.52,65.0,0.53,50.0,0.01,0.01,2375.914275,1776168429000
1776168431.721,131.721,0.51,48.3,0.5,42.0,0.49,26.85,0.48,76.0,0.47,45.0,0.52,4.52,0.53,190.41,0.54,120.0,0.55,45.0,0.56,86.0,0.48,29.53,0.47,190.41,0.46,120.0,0.45,45.0,0.44,86.0,0.49,51.25,0.5,42.0,0.51,26.85,0.52,81.0,0.53,50.0,0.01,0.01,2375.94269,1776168430000
1776168432.473,132.473,0.51,48.3,0.5,42.0,0.49,26.85,0.48,76.0,0.47,45.0,0.52,4.52,0.53,190.41,0.54,120.0,0.55,45.0,0.56,86.0,0.48,4.52,0.47,190.41,0.46,120.0,0.45,45.0,0.44,86.0,0.49,48.3,0.5,42.0,0.51,26.85,0.52,76.0,0.53,45.0,0.01,0.01,2376.273725,1776168431000
1776168432.683,132.683,0.51,21.0,0.5,67.0,0.49,27.0,0.48,197.14,0.47,70.0,0.52,52.92,0.53,180.41,0.54,120.0,0.55,45.0,0.56,96.0,0.48,4.52,0.47,190.41,0.46,120.0,0.45,45.0,0.44,86.0,0.49,48.3,0.5,42.0,0.51,26.85,0.52,76.0,0.53,45.0,0.01,0.01,2376.273725,1776168431000
1776168432.939,132.939,0.51,15.69,0.5,67.0,0.49,27.0,0.48,197.14,0.47,70.0,0.52,52.92,0.53,180.41,0.54,120.0,0.55,45.0,0.56,101.0,0.48,52.92,0.47,180.41,0.46,120.0,0.45,45.0,0.44,96.0,0.49,21.0,0.5,67.0,0.51,27.0,0.52,197.14,0.53,70.0,0.01,0.01,2376.273725,1776168431000
1776168434.182,134.182,0.51,15.69,0.5,67.0,0.49,27.0,0.48,202.39,0.47,84.5,0.52,51.18,0.53,180.41,0.54,120.0,0.55,45.0,0.56,101.0,0.48,43.3,0.47,180.41,0.46,120.0,0.45,45.0,0.44,101.0,0.49,15.69,0.5,67.0,0.51,27.0,0.52,197.14,0.53,70.0,0.01,0.01,2376.38853,1776168432000
1776168434.692,134.692,0.51,15.69,0.5,67.0,0.49,27.0,0.48,202.39,0.47,84.5,0.52,51.18,0.53,180.41,0.54,120.0,0.55,45.0,0.56,101.0,0.48,51.18,0.47,180.41,0.46,120.0,0.45,45.0,0.44,101.0,0.49,15.69,0.5,67.0,0.51,27.0,0.52,202.39,0.53,84.5,0.01,0.01,2376.344285,1776168433000
1776168435.229,135.229,0.51,15.69,0.5,67.0,0.49,27.0,0.48,202.39,0.47,84.5,0.52,51.18,0.53,180.41,0.54,120.0,0.55,45.0,0.56,101.0,0.48,51.18,0.47,180.41,0.46,120.0,0.45,45.0,0.44,101.0,0.49,15.69,0.5,67.0,0.51,27.0,0.52,202.39,0.53,84.5,0.01,0.01,2376.329955,1776168434000
1776168435.926,135.926,0.51,10.0,0.5,77.0,0.49,58.0,0.48,60.0,0.47,205.64,0.52,38.02,0.53,180.41,0.54,120.0,0.55,45.0,0.56,112.0,0.48,51.18,0.47,180.41,0.46,120.0,0.45,45.0,0.44,101.0,0.49,15.69,0.5,67.0,0.51,27.0,0.52,202.39,0.53,84.5,0.01,0.01,2376.329955,1776168434000
1776168436.243,136.243,0.51,10.0,0.5,77.0,0.49,58.0,0.48,60.0,0.47,205.64,0.52,38.02,0.53,180.41,0.54,120.0,0.55,45.0,0.56,112.0,0.48,38.02,0.47,180.41,0.46,120.0,0.45,45.0,0.44,112.0,0.49,10.0,0.5,77.0,0.51,58.0,0.52,60.0,0.53,205.64,0.01,0.01,2376.33067,1776168435000
1776168437.187,137.187,0.51,10.0,0.5,77.0,0.49,58.0,0.48,60.0,0.47,205.64,0.52,38.02,0.53,180.41,0.54,120.0,0.55,45.0,0.56,112.0,0.48,38.02,0.47,180.41,0.46,120.0,0.45,45.0,0.44,112.0,0.49,10.0,0.5,77.0,0.51,58.0,0.52,60.0,0.53,205.64,0.01,0.01,2376.34846,1776168436000
1776168437.903,137.903,0.49,10.0,0.48,35.0,0.47,25.0,0.46,75.0,0.45,20.0,0.5,29.3,0.51,45.5,0.52,128.02,0.53,250.41,0.54,196.0,0.48,38.02,0.47,180.41,0.46,120.0,0.45,45.0,0.44,112.0,0.49,10.0,0.5,77.0,0.51,58.0,0.52,60.0,0.53,205.64,0.01,0.01,2376.34846,1776168436000
1776168438.201,138.201,0.49,10.0,0.48,35.0,0.47,25.0,0.46,75.0,0.45,20.0,0.5,29.3,0.51,45.5,0.52,128.02,0.53,250.41,0.54,196.0,0.5,29.3,0.49,45.5,0.48,128.02,0.47,250.41,0.46,196.0,0.51,10.0,0.52,35.0,0.53,25.0,0.54,75.0,0.55,20.0,0.01,0.01,2376.353525,1776168437000
1776168438.883,138.883,0.44,15.0,0.43,130.0,0.42,70.0,0.41,97.0,0.4,194.14,0.45,15.0,0.46,25.0,0.47,15.0,0.48,27.5,0.49,64.5,0.5,29.3,0.49,45.5,0.48,128.02,0.47,250.41,0.46,196.0,0.51,10.0,0.52,35.0,0.53,25.0,0.54,75.0,0.55,20.0,0.01,0.01,2376.353525,1776168437000
1776168439.231,139.231,0.44,51.16,0.43,130.0,0.42,70.0,0.41,107.5,0.4,194.14,0.45,25.5,0.46,35.5,0.47,25.5,0.48,27.5,0.49,64.5,0.55,25.5,0.54,35.5,0.53,25.5,0.52,27.5,0.51,64.5,0.56,51.16,0.57,130.0,0.58,70.0,0.59,107.5,0.6,194.14,0.01,0.01,2376.32355,1776168438000
1776168439.453,139.453,0.44,54.2,0.43,150.0,0.42,80.5,0.41,228.49,0.4,83.0,0.45,25.5,0.46,35.5,0.47,25.5,0.48,27.5,0.49,69.5,0.55,25.5,0.54,35.5,0.53,25.5,0.52,27.5,0.51,64.5,0.56,51.16,0.57,130.0,0.58,70.0,0.59,107.5,0.6,194.14,0.01,0.01,2376.32355,1776168438000
1776168440.316,140.316,0.44,24.52,0.43,171.0,0.42,121.5,0.41,233.64,0.4,104.0,0.45,35.5,0.46,45.5,0.47,35.5,0.48,58.5,0.49,76.5,0.55,25.5,0.54,35.5,0.53,25.5,0.52,27.5,0.51,69.5,0.56,54.2,0.57,150.0,0.58,80.5,0.59,228.49,0.6,83.0,0.01,0.01,2376.32355,1776168438000
1776168441.266,141.266,0.44,24.52,0.43,171.0,0.42,121.5,0.41,233.64,0.4,104.0,0.45,35.5,0.46,45.5,0.47,35.5,0.48,58.5,0.49,76.5,0.55,35.5,0.54,45.5,0.53,35.5,0.52,58.5,0.51,76.5,0.56,24.52,0.57,171.0,0.58,121.5,0.59,233.64,0.6,104.0,0.01,0.01,2376.082175,1776168440000
1776168441.977,141.977,0.44,36.66,0.43,150.0,0.42,111.5,0.41,286.49,0.4,124.0,0.45,13.33,0.46,40.5,0.47,35.5,0.48,37.5,0.49,55.5,0.55,15.0,0.54,45.5,0.53,35.5,0.52,37.5,0.51,55.5,0.56,31.66,0.57,155.0,0.58,243.49,0.59,175.35,0.6,97.0,0.01,0.01,2376.082175,1776168440000
1776168442.294,142.294,0.44,36.66,0.43,150.0,0.42,111.5,0.41,286.49,0.4,124.0,0.45,13.33,0.46,40.5,0.47,35.5,0.48,37.5,0.49,55.5,0.55,13.33,0.54,40.5,0.53,35.5,0.52,37.5,0.51,55.5,0.56,36.66,0.57,150.0,0.58,111.5,0.59,286.49,0.6,124.0,0.01,0.01,2376.095445,1776168441000
1776168443.021,143.021,0.46,26.0,0.45,68.0,0.44,40.5,0.43,308.49,0.42,175.35,0.47,0.8,0.48,20.5,0.49,50.5,0.5,35.5,0.51,40.0,0.55,13.33,0.54,40.5,0.53,35.5,0.52,37.5,0.51,55.5,0.56,36.66,0.57,150.0,0.58,111.5,0.59,286.49,0.6,124.0,0.01,0.01,2376.095445,1776168441000
1776168443.232,143.232,0.46,26.0,0.45,68.0,0.44,40.5,0.43,308.49,0.42,175.35,0.47,0.8,0.48,20.5,0.49,50.5,0.5,35.5,0.51,40.0,0.53,0.8,0.52,20.5,0.51,50.5,0.5,35.5,0.49,40.0,0.54,26.0,0.55,68.0,0.56,40.5,0.57,308.49,0.58,175.35,0.01,0.01,2376.105892,1776168442000
1776168443.585,143.585,0.51,10.0,0.49,10.5,0.48,180.35,0.47,93.7,0.46,106.5,0.52,28.42,0.53,200.41,0.54,110.0,0.55,35.0,0.56,141.0,0.53,0.8,0.52,20.5,0.51,50.5,0.5,35.5,0.49,40.0,0.54,26.0,0.55,68.0,0.56,40.5,0.57,308.49,0.58,175.35,0.01,0.01,2376.105892,1776168442000
1776168444.28,144.28,0.51,10.0,0.49,10.5,0.48,180.35,0.47,93.7,0.46,106.5,0.52,28.42,0.53,200.41,0.54,110.0,0.55,35.0,0.56,141.0,0.48,28.42,0.47,200.41,0.46,110.0,0.45,35.0,0.44,141.0,0.49,10.0,0.51,10.5,0.52,180.35,0.53,93.7,0.54,106.5,0.01,0.01,2376.11455,1776168443000
1776168444.867,144.867,0.51,200.99,0.5,62.85,0.49,56.0,0.48,153.5,0.47,62.7,0.52,43.42,0.53,195.41,0.54,110.0,0.55,45.0,0.56,141.0,0.48,28.42,0.47,200.41,0.46,110.0,0.45,35.0,0.44,141.0,0.49,10.0,0.51,10.5,0.52,180.35,0.53,93.7,0.54,106.5,0.01,0.01,2376.11455,1776168443000
1776168445.287,145.287,0.51,193.94,0.5,72.85,0.49,56.0,0.48,153.5,0.47,87.7,0.52,43.42,0.53,195.41,0.54,110.0,0.55,45.0,0.56,141.0,0.48,43.42,0.47,195.41,0.46,110.0,0.45,45.0,0.44,141.0,0.49,193.94,0.5,72.85,0.51,56.0,0.52,153.5,0.53,87.7,0.01,0.01,2376.232518,1776168444000
1776168446.261,146.261,0.51,193.94,0.5,72.85,0.49,56.0,0.48,153.5,0.47,87.7,0.52,43.42,0.53,195.41,0.54,110.0,0.55,45.0,0.56,141.0,0.48,43.42,0.47,195.41,0.46,110.0,0.45,45.0,0.44,141.0,0.49,193.94,0.5,72.85,0.51,56.0,0.52,153.5,0.53,87.7,0.01,0.01,2376.431895,1776168445000
1776168447.994,147.994,0.51,193.94,0.5,72.85,0.49,56.0,0.48,153.5,0.47,87.7,0.52,43.42,0.53,195.41,0.54,110.0,0.55,45.0,0.56,141.0,0.48,43.42,0.47,195.41,0.46,110.0,0.45,45.0,0.44,141.0,0.49,193.94,0.5,72.85,0.51,56.0,0.52,153.5,0.53,87.7,0.01,0.01,2376.43986,1776168447000
1776168449.724,149.724,0.51,193.94,0.5,72.85,0.49,56.0,0.48,153.5,0.47,87.7,0.52,43.42,0.53,195.41,0.54,110.0,0.55,45.0,0.56,141.0,0.48,43.42,0.47,195.41,0.46,110.0,0.45,45.0,0.44,141.0,0.49,193.94,0.5,72.85,0.51,56.0,0.52,153.5,0.53,87.7,0.01,0.01,2376.486548,1776168448000
1776168450.279,150.279,0.51,193.94,0.5,72.85,0.49,56.0,0.48,153.5,0.47,87.7,0.52,43.42,0.53,195.41,0.54,110.0,0.55,45.0,0.56,141.0,0.48,43.42,0.47,195.41,0.46,110.0,0.45,45.0,0.44,141.0,0.49,193.94,0.5,72.85,0.51,56.0,0.52,153.5,0.53,87.7,0.01,0.01,2376.516145,1776168449000
1776168451.176,151.176,0.51,247.94,0.5,73.85,0.49,75.5,0.48,191.5,0.47,75.7,0.52,7.92,0.53,210.5,0.54,110.0,0.55,35.0,0.56,135.0,0.48,43.42,0.47,195.41,0.46,110.0,0.45,45.0,0.44,141.0,0.49,193.94,0.5,72.85,0.51,56.0,0.52,153.5,0.53,87.7,0.01,0.01,2376.516145,1776168449000
1776168451.444,151.444,0.51,247.94,0.5,73.85,0.49,75.5,0.48,191.5,0.47,75.7,0.52,7.92,0.53,210.5,0.54,110.0,0.55,35.0,0.56,135.0,0.48,7.92,0.47,210.5,0.46,110.0,0.45,35.0,0.44,135.0,0.49,247.94,0.5,73.85,0.51,75.5,0.52,191.5,0.53,75.7,0.01,0.01,2376.431035,1776168450000
1776168452.2,152.2,0.51,247.94,0.5,73.85,0.49,75.5,0.48,191.5,0.47,75.7,0.52,7.92,0.53,210.5,0.54,110.0,0.55,35.0,0.56,135.0,0.48,7.92,0.47,210.5,0.46,110.0,0.45,35.0,0.44,135.0,0.49,247.94,0.5,73.85,0.51,75.5,0.52,191.5,0.53,75.7,0.01,0.01,2376.446477,1776168451000
1776168453.218,153.218,0.51,83.0,0.5,194.99,0.49,90.0,0.48,191.5,0.47,100.7,0.53,16.21,0.54,110.0,0.55,35.0,0.56,140.0,0.57,32.0,0.48,7.92,0.47,210.5,0.46,110.0,0.45,35.0,0.44,135.0,0.49,247.94,0.5,73.85,0.51,75.5,0.52,191.5,0.53,75.7,0.02,0.01,2376.446477,1776168451000
1776168453.609,153.609,0.51,83.0,0.5,194.99,0.49,90.0,0.48,191.5,0.47,100.7,0.53,14.05,0.54,110.0,0.55,35.0,0.56,140.0,0.57,32.0,0.47,14.05,0.46,110.0,0.45,35.0,0.44,140.0,0.43,32.0,0.49,83.0,0.5,194.99,0.51,90.0,0.52,191.5,0.53,100.7,0.02,0.02,2376.446623,1776168452000
1776168454.171,154.171,0.52,57.0,0.51,51.0,0.5,205.49,0.49,110.5,0.48,191.5,0.53,13.65,0.54,70.0,0.55,35.0,0.56,140.0,0.57,32.0,0.47,13.65,0.46,70.0,0.45,35.0,0.44,140.0,0.43,32.0,0.48,57.0,0.49,51.0,0.5,205.49,0.51,110.5,0.52,191.5,0.01,0.01,2376.498988,1776168453000
1776168455.141,155.141,0.52,63.95,0.51,56.0,0.5,205.49,0.49,110.5,0.48,191.5,0.53,8.65,0.54,20.0,0.55,35.0,0.56,140.0,0.57,32.0,0.47,13.65,0.46,70.0,0.45,35.0,0.44,140.0,0.43,32.0,0.48,57.0,0.49,51.0,0.5,205.49,0.51,110.5,0.52,191.5,0.01,0.01,2376.498988,1776168453000
1776168455.453,155.453,0.53,57.0,0.52,31.95,0.51,51.0,0.5,205.49,0.49,110.5,0.55,29.92,0.56,140.0,0.57,32.0,0.58,45.0,0.59,282.0,0.47,8.65,0.46,20.0,0.45,35.0,0.44,140.0,0.43,32.0,0.48,63.95,0.49,56.0,0.5,205.49,0.51,110.5,0.52,191.5,0.02,0.01,2376.498988,1776168453000
1776168455.766,155.766,0.54,42.0,0.53,35.0,0.52,31.95,0.51,46.0,0.5,205.49,0.55,50.42,0.56,135.0,0.57,32.0,0.58,45.0,0.59,292.0,0.45,29.92,0.44,140.0,0.43,32.0,0.42,45.0,0.41,282.0,0.47,57.0,0.48,31.95,0.49,51.0,0.5,205.49,0.51,110.5,0.01,0.02,2376.449685,1776168454000
1776168456.226,156.226,0.54,42.0,0.53,35.0,0.52,31.95,0.51,46.0,0.5,205.49,0.55,50.42,0.56,135.0,0.57,32.0,0.58,45.0,0.59,292.0,0.45,50.42,0.44,135.0,0.43,32.0,0.42,45.0,0.41,292.0,0.46,42.0,0.47,35.0,0.48,31.95,0.49,46.0,0.5,205.49,0.01,0.01,2376.444775,1776168455000
1776168457.385,157.385,0.54,42.0,0.53,35.0,0.52,31.95,0.51,46.0,0.5,205.49,0.55,50.42,0.56,135.0,0.57,32.0,0.58,45.0,0.59,292.0,0.45,50.42,0.44,135.0,0.43,32.0,0.42,45.0,0.41,292.0,0.46,42.0,0.47,35.0,0.48,31.95,0.49,46.0,0.5,205.49,0.01,0.01,2376.44481,1776168456000
1776168458.06,158.06,0.54,42.0,0.53,35.0,0.52,31.95,0.51,46.0,0.5,205.49,0.55,50.42,0.56,135.0,0.57,32.0,0.58,45.0,0.59,292.0,0.45,50.42,0.44,135.0,0.43,32.0,0.42,45.0,0.41,292.0,0.46,42.0,0.47,35.0,0.48,31.95,0.49,46.0,0.5,205.49,0.01,0.01,2376.441485,1776168457000
1776168458.799,158.799,0.54,319.08,0.53,96.85,0.52,63.45,0.51,106.5,0.5,66.5,0.56,5.5,0.57,20.5,0.58,40.5,0.59,175.0,0.6,55.0,0.45,50.42,0.44,135.0,0.43,32.0,0.42,45.0,0.41,292.0,0.46,42.0,0.47,35.0,0.48,31.95,0.49,46.0,0.5,205.49,0.02,0.01,2376.441485,1776168457000
1776168459.102,159.102,0.56,15.0,0.55,41.0,0.54,165.0,0.53,189.49,0.52,97.5,0.57,35.4,0.58,35.5,0.59,125.0,0.6,55.0,0.61,185.0,0.43,15.4,0.42,30.5,0.41,125.0,0.4,55.0,0.39,156.0,0.44,20.0,0.45,41.0,0.46,314.99,0.47,81.35,0.48,61.5,0.01,0.01,2376.441485,1776168457000
1776168459.322,159.322,0.56,15.0,0.55,41.0,0.54,165.0,0.53,189.49,0.52,97.5,0.57,35.4,0.58,35.5,0.59,125.0,0.6,55.0,0.61,185.0,0.43,35.4,0.42,35.5,0.41,125.0,0.4,55.0,0.39,185.0,0.44,15.0,0.45,41.0,0.46,165.0,0.47,189.49,0.48,97.5,0.01,0.01,2376.430295,1776168458000
1776168459.741,159.741,0.56,98.54,0.55,46.0,0.54,175.0,0.53,184.49,0.52,92.5,0.58,25.5,0.59,140.0,0.6,55.0,0.61,194.0,0.62,216.0,0.43,8.5,0.42,25.5,0.41,140.0,0.4,55.0,0.39,184.0,0.44,93.54,0.45,46.0,0.46,175.0,0.47,184.49,0.48,92.5,0.02,0.01,2376.430295,1776168458000
1776168460.052,160.052,0.57,4.88,0.56,88.54,0.55,41.0,0.54,175.0,0.53,60.5,0.58,130.5,0.59,140.0,0.6,55.0,0.61,194.0,0.62,216.0,0.42,130.5,0.41,140.0,0.4,55.0,0.39,194.0,0.38,216.0,0.43,4.88,0.44,88.54,0.45,41.0,0.46,175.0,0.47,60.5,0.01,0.01,2376.422749,1776168459000
1776168460.48,160.48,0.57,18.48,0.56,98.54,0.55,46.0,0.54,155.0,0.53,208.49,0.58,25.0,0.59,150.5,0.6,55.0,0.61,166.0,0.62,216.0,0.42,130.5,0.41,140.0,0.4,55.0,0.39,194.0,0.38,216.0,0.43,4.88,0.44,88.54,0.45,41.0,0.46,175.0,0.47,60.5,0.01,0.01,2376.422749,1776168459000
1776168461.263,161.263,0.57,18.48,0.56,98.54,0.55,46.0,0.54,155.0,0.53,208.49,0.58,19.82,0.59,150.5,0.6,55.0,0.61,166.0,0.62,216.0,0.42,19.82,0.41,150.5,0.4,55.0,0.39,166.0,0.38,216.0,0.43,18.48,0.44,98.54,0.45,46.0,0.46,155.0,0.47,208.49,0.01,0.01,2376.517466,1776168460000
1776168461.749,161.749,0.57,23.57,0.56,103.63,0.55,30.09,0.54,175.5,0.53,183.49,0.58,22.85,0.59,150.5,0.6,60.0,0.61,166.0,0.62,216.0,0.42,19.82,0.41,150.5,0.4,55.0,0.39,166.0,0.38,216.0,0.43,18.48,0.44,98.54,0.45,46.0,0.46,155.0,0.47,208.49,0.01,0.01,2376.517466,1776168460000
1776168462.121,162.121,0.57,28.04,0.56,103.63,0.55,30.09,0.54,175.5,0.53,172.49,0.58,25.93,0.59,150.5,0.6,60.0,0.61,166.0,0.62,216.0,0.42,25.93,0.41,150.5,0.4,60.0,0.39,172.0,0.38,216.0,0.43,23.57,0.44,103.63,0.45,30.09,0.46,175.5,0.47,183.49,0.01,0.01,2376.517466,1776168460000
1776168462.575,162.575,0.57,28.04,0.56,103.63,0.55,30.09,0.54,175.5,0.53,172.49,0.58,25.93,0.59,150.5,0.6,60.0,0.61,166.0,0.62,216.0,0.42,25.93,0.41,150.5,0.4,60.0,0.39,166.0,0.38,216.0,0.43,28.04,0.44,103.63,0.45,30.09,0.46,175.5,0.47,172.49,0.01,0.01,2376.589605,1776168461000
1776168462.778,162.778,0.56,90.6,0.55,40.09,0.54,165.5,0.53,172.49,0.52,131.9,0.58,25.93,0.59,150.5,0.6,55.0,0.61,166.0,0.62,216.0,0.42,25.93,0.41,150.5,0.4,60.0,0.39,166.0,0.38,216.0,0.43,28.04,0.44,103.63,0.45,30.09,0.46,175.5,0.47,172.49,0.02,0.01,2376.589605,1776168461000
1776168463.034,163.034,0.57,32.0,0.56,100.6,0.55,40.09,0.54,165.5,0.53,172.49,0.58,20.84,0.59,150.5,0.6,55.0,0.61,166.0,0.62,216.0,0.42,25.93,0.41,150.5,0.4,55.0,0.39,166.0,0.38,216.0,0.44,90.6,0.45,40.09,0.46,165.5,0.47,172.49,0.48,131.9,0.01,0.02,2376.589605,1776168461000
1776168464.108,164.108,0.57,27.0,0.56,35.09,0.55,30.09,0.54,196.5,0.53,204.49,0.58,13.94,0.59,150.5,0.6,60.0,0.61,150.0,0.62,195.0,0.42,20.84,0.41,150.5,0.4,55.0,0.39,166.0,0.38,216.0,0.43,32.0,0.44,100.6,0.45,40.09,0.46,165.5,0.47,172.49,0.01,0.01,2376.614605,1776168462000
1776168464.333,164.333,0.57,29.2,0.56,35.09,0.55,40.09,0.54,186.5,0.53,204.49,0.58,10.49,0.59,150.5,0.6,60.0,0.61,150.0,0.62,195.0,0.42,18.94,0.41,150.5,0.4,60.0,0.39,150.0,0.38,195.0,0.43,19.2,0.44,35.09,0.45,30.09,0.46,186.5,0.47,204.49,0.01,0.01,2376.614605,1776168462000
1776168464.874,164.874,0.57,10.0,0.56,40.09,0.55,30.09,0.54,186.5,0.53,214.49,0.58,128.45,0.59,150.5,0.6,60.0,0.61,145.0,0.62,195.0,0.42,10.49,0.41,150.5,0.4,60.0,0.39,150.0,0.38,195.0,0.43,29.2,0.44,35.09,0.45,40.09,0.46,186.5,0.47,204.49,0.01,0.01,2376.614605,1776168462000
1776168465.506,165.506,0.57,10.0,0.56,40.09,0.55,30.09,0.54,186.5,0.53,214.49,0.58,128.45,0.59,150.5,0.6,60.0,0.61,145.0,0.62,195.0,0.42,128.45,0.41,150.5,0.4,60.0,0.39,145.0,0.38,195.0,0.43,10.0,0.44,40.09,0.45,30.09,0.46,186.5,0.47,214.49,0.01,0.01,2376.60767,1776168464000
1776168466.076,166.076,0.57,10.0,0.56,40.09,0.55,30.09,0.54,186.5,0.53,214.49,0.58,128.45,0.59,150.5,0.6,60.0,0.61,145.0,0.62,195.0,0.42,128.45,0.41,150.5,0.4,60.0,0.39,145.0,0.38,195.0,0.43,10.0,0.44,40.09,0.45,30.09,0.46,186.5,0.47,214.49,0.01,0.01,2376.60766,1776168465000
1776168467.059,167.059,0.57,14.76,0.56,40.09,0.55,30.09,0.54,177.5,0.53,209.49,0.58,28.45,0.59,145.5,0.6,65.0,0.61,145.0,0.62,194.0,0.42,128.45,0.41,150.5,0.4,60.0,0.39,145.0,0.38,195.0,0.43,10.0,0.44,40.09,0.45,30.09,0.46,186.5,0.47,214.49,0.01,0.01,2376.60766,1776168465000
1776168467.992,167.992,0.57,0.2,0.56,40.09,0.55,46.59,0.54,171.5,0.53,215.49,0.58,10.0,0.59,140.0,0.6,75.5,0.61,145.0,0.62,194.0,0.42,28.45,0.41,145.5,0.4,65.0,0.39,145.0,0.38,194.0,0.43,14.76,0.44,40.09,0.45,30.09,0.46,177.5,0.47,209.49,0.01,0.01,2376.57761,1776168466000
1776168468.357,168.357,0.57,0.2,0.56,40.09,0.55,46.59,0.54,171.5,0.53,215.49,0.58,10.0,0.59,140.0,0.6,75.5,0.61,145.0,0.62,194.0,0.42,10.0,0.41,140.0,0.4,75.5,0.39,145.0,0.38,194.0,0.43,0.2,0.44,40.09,0.45,46.59,0.46,171.5,0.47,215.49,0.01,0.01,2376.55646,1776168467000
1776168468.913,168.913,0.57,0.2,0.56,40.09,0.55,46.59,0.54,171.5,0.53,215.49,0.58,10.0,0.59,140.0,0.6,75.5,0.61,145.0,0.62,194.0,0.42,10.0,0.41,140.0,0.4,75.5,0.39,145.0,0.38,194.0,0.43,0.2,0.44,40.09,0.45,46.59,0.46,171.5,0.47,215.49,0.01,0.01,2376.55646,1776168468000
1776168469.362,169.362,0.57,14.9,0.56,40.09,0.55,56.59,0.54,181.5,0.53,202.49,0.58,10.0,0.59,140.0,0.6,75.5,0.61,152.0,0.62,187.0,0.42,10.0,0.41,140.0,0.4,75.5,0.39,145.0,0.38,194.0,0.43,0.2,0.44,40.09,0.45,46.59,0.46,171.5,0.47,215.49,0.01,0.01,2376.55646,1776168468000
1776168470.122,170.122,0.57,14.9,0.56,40.09,0.55,56.59,0.54,181.5,0.53,202.49,0.58,10.0,0.59,140.0,0.6,75.5,0.61,152.0,0.62,187.0,0.42,10.0,0.41,140.0,0.4,75.5,0.39,152.0,0.38,187.0,0.43,14.9,0.44,40.09,0.45,56.59,0.46,181.5,0.47,202.49,0.01,0.01,2376.562475,1776168469000
1776168471.141,171.141,0.57,14.9,0.56,40.09,0.55,56.59,0.54,181.5,0.53,202.49,0.58,10.0,0.59,140.0,0.6,75.5,0.61,152.0,0.62,187.0,0.42,10.0,0.41,140.0,0.4,75.5,0.39,152.0,0.38,187.0,0.43,14.9,0.44,40.09,0.45,56.59,0.46,181.5,0.47,202.49,0.01,0.01,2376.561905,1776168470000
1776168472.178,172.178,0.56,40.09,0.55,66.59,0.54,171.5,0.53,202.49,0.52,117.5,0.57,40.1,0.58,120.0,0.59,145.0,0.6,70.5,0.61,150.0,0.42,10.0,0.41,140.0,0.4,75.5,0.39,152.0,0.38,187.0,0.43,14.9,0.44,40.09,0.45,56.59,0.46,181.5,0.47,202.49,0.01,0.01,2376.561905,1776168470000
1776168473.387,173.387,0.56,40.09,0.55,66.59,0.54,171.5,0.53,202.49,0.52,117.5,0.57,40.1,0.58,120.0,0.59,145.0,0.6,70.5,0.61,150.0,0.43,40.1,0.42,120.0,0.41,145.0,0.4,70.5,0.39,150.0,0.44,40.09,0.45,66.59,0.46,171.5,0.47,202.49,0.48,117.5,0.01,0.01,2376.556635,1776168472000
1776168474.016,174.016,0.56,40.09,0.55,66.59,0.54,171.5,0.53,202.49,0.52,117.5,0.57,40.1,0.58,120.0,0.59,145.0,0.6,70.5,0.61,150.0,0.43,40.1,0.42,120.0,0.41,145.0,0.4,70.5,0.39,150.0,0.44,40.09,0.45,66.59,0.46,171.5,0.47,202.49,0.48,117.5,0.01,0.01,2376.56195,1776168473000
1776168474.587,174.587,0.56,83.59,0.55,75.59,0.54,166.5,0.53,197.49,0.52,112.5,0.57,43.34,0.58,5.0,0.59,135.0,0.6,55.0,0.61,158.0,0.43,40.1,0.42,120.0,0.41,145.0,0.4,70.5,0.39,150.0,0.44,40.09,0.45,66.59,0.46,171.5,0.47,202.49,0.48,117.5,0.01,0.01,2376.56195,1776168473000
1776168475.108,175.108,0.56,83.59,0.55,75.59,0.54,166.5,0.53,197.49,0.52,112.5,0.57,43.34,0.58,5.0,0.59,135.0,0.6,55.0,0.61,158.0,0.43,43.34,0.42,5.0,0.41,135.0,0.4,55.0,0.39,158.0,0.44,83.59,0.45,75.59,0.46,166.5,0.47,197.49,0.48,112.5,0.01,0.01,2376.567405,1776168474000
1776168476.188,176.188,0.56,83.59,0.55,75.59,0.54,166.5,0.53,197.49,0.52,112.5,0.57,43.34,0.58,5.0,0.59,135.0,0.6,55.0,0.61,158.0,0.43,43.34,0.42,5.0,0.41,135.0,0.4,55.0,0.39,158.0,0.44,83.59,0.45,75.59,0.46,166.5,0.47,197.49,0.48,112.5,0.01,0.01,2376.568175,1776168475000
1776168477.304,177.304,0.56,83.59,0.55,75.59,0.54,166.5,0.53,197.49,0.52,112.5,0.57,43.34,0.58,5.0,0.59,135.0,0.6,55.0,0.61,158.0,0.43,43.34,0.42,5.0,0.41,135.0,0.4,55.0,0.39,158.0,0.44,83.59,0.45,75.59,0.46,166.5,0.47,197.49,0.48,112.5,0.01,0.01,2376.5801,1776168476000
1776168478.496,178.496,0.56,83.59,0.55,75.59,0.54,166.5,0.53,197.49,0.52,112.5,0.57,43.34,0.58,5.0,0.59,135.0,0.6,55.0,0.61,158.0,0.43,43.34,0.42,5.0,0.41,135.0,0.4,55.0,0.39,158.0,0.44,83.59,0.45,75.59,0.46,166.5,0.47,197.49,0.48,112.5,0.01,0.01,2376.590025,1776168477000
1776168479.621,179.621,0.56,83.59,0.55,75.59,0.54,166.5,0.53,197.49,0.52,112.5,0.57,43.34,0.58,5.0,0.59,135.0,0.6,55.0,0.61,158.0,0.43,43.34,0.42,5.0,0.41,135.0,0.4,55.0,0.39,158.0,0.44,83.59,0.45,75.59,0.46,166.5,0.47,197.49,0.48,112.5,0.01,0.01,2376.62923,1776168478000
1776168480.119,180.119,0.56,83.59,0.55,75.59,0.54,166.5,0.53,197.49,0.52,112.5,0.57,43.34,0.58,5.0,0.59,135.0,0.6,55.0,0.61,158.0,0.43,43.34,0.42,5.0,0.41,135.0,0.4,55.0,0.39,158.0,0.44,83.59,0.45,75.59,0.46,166.5,0.47,197.49,0.48,112.5,0.01,0.01,2376.649905,1776168479000
1776168481.19,181.19,0.56,83.59,0.55,75.59,0.54,166.5,0.53,197.49,0.52,112.5,0.57,43.34,0.58,5.0,0.59,135.0,0.6,55.0,0.61,158.0,0.43,43.34,0.42,5.0,0.41,135.0,0.4,55.0,0.39,158.0,0.44,83.59,0.45,75.59,0.46,166.5,0.47,197.49,0.48,112.5,0.01,0.01,2376.6414,1776168480000
1776168482.185,182.185,0.56,83.59,0.55,75.59,0.54,166.5,0.53,197.49,0.52,112.5,0.57,43.34,0.58,5.0,0.59,135.0,0.6,55.0,0.61,158.0,0.43,43.34,0.42,5.0,0.41,135.0,0.4,55.0,0.39,158.0,0.44,83.59,0.45,75.59,0.46,166.5,0.47,197.49,0.48,112.5,0.01,0.01,2376.634415,1776168481000
1776168483.369,183.369,0.56,83.59,0.55,75.59,0.54,166.5,0.53,197.49,0.52,112.5,0.57,43.34,0.58,5.0,0.59,135.0,0.6,55.0,0.61,158.0,0.43,43.34,0.42,5.0,0.41,135.0,0.4,55.0,0.39,158.0,0.44,83.59,0.45,75.59,0.46,166.5,0.47,197.49,0.48,112.5,0.01,0.01,2376.625075,1776168482000
1776168484.387,184.387,0.56,83.59,0.55,75.59,0.54,166.5,0.53,197.49,0.52,112.5,0.57,43.34,0.58,5.0,0.59,135.0,0.6,55.0,0.61,158.0,0.43,43.34,0.42,5.0,0.41,135.0,0.4,55.0,0.39,158.0,0.44,83.59,0.45,75.59,0.46,166.5,0.47,197.49,0.48,112.5,0.01,0.01,2376.619825,1776168483000
1776168485.44,185.44,0.56,83.59,0.55,75.59,0.54,166.5,0.53,197.49,0.52,112.5,0.57,43.34,0.58,5.0,0.59,135.0,0.6,55.0,0.61,158.0,0.43,43.34,0.42,5.0,0.41,135.0,0.4,55.0,0.39,158.0,0.44,83.59,0.45,75.59,0.46,166.5,0.47,197.49,0.48,112.5,0.01,0.01,2376.608565,1776168484000
1776168485.915,185.915,0.56,83.59,0.55,75.59,0.54,166.5,0.53,197.49,0.52,112.5,0.57,43.34,0.58,5.0,0.59,135.0,0.6,55.0,0.61,158.0,0.43,43.34,0.42,5.0,0.41,135.0,0.4,55.0,0.39,158.0,0.44,83.59,0.45,75.59,0.46,166.5,0.47,197.49,0.48,112.5,0.01,0.01,2376.60364,1776168485000
1776168487.02,187.02,0.56,83.59,0.55,75.59,0.54,166.5,0.53,197.49,0.52,112.5,0.57,43.34,0.58,5.0,0.59,135.0,0.6,55.0,0.61,158.0,0.43,43.34,0.42,5.0,0.41,135.0,0.4,55.0,0.39,158.0,0.44,83.59,0.45,75.59,0.46,166.5,0.47,197.49,0.48,112.5,0.01,0.01,2376.613575,1776168486000
1776168488.035,188.035,0.56,83.59,0.55,75.59,0.54,166.5,0.53,197.49,0.52,112.5,0.57,43.34,0.58,5.0,0.59,135.0,0.6,55.0,0.61,158.0,0.43,43.34,0.42,5.0,0.41,135.0,0.4,55.0,0.39,158.0,0.44,83.59,0.45,75.59,0.46,166.5,0.47,197.49,0.48,112.5,0.01,0.01,2376.614975,1776168487000
1776168489.061,189.061,0.56,101.59,0.55,100.59,0.54,320.49,0.53,76.5,0.52,86.5,0.57,43.88,0.58,5.0,0.59,120.0,0.6,70.0,0.61,145.0,0.43,43.88,0.42,5.0,0.41,120.0,0.4,70.0,0.39,145.0,0.44,136.59,0.45,90.59,0.46,315.49,0.47,97.5,0.48,86.5,0.01,0.01,2376.614975,1776168487000
1776168490.027,190.027,0.56,91.59,0.55,100.59,0.54,320.49,0.53,76.5,0.52,86.5,0.57,48.88,0.58,5.0,0.59,115.0,0.6,70.0,0.61,145.0,0.43,48.88,0.42,5.0,0.41,115.0,0.4,70.0,0.39,145.0,0.44,91.59,0.45,100.59,0.46,320.49,0.47,76.5,0.48,86.5,0.01,0.01,2376.62496,1776168489000
1776168490.431,190.431,0.56,104.09,0.55,212.58,0.54,209.35,0.53,50.5,0.52,96.5,0.57,43.88,0.58,15.0,0.59,125.0,0.6,70.0,0.61,166.0,0.43,48.88,0.42,5.0,0.41,115.0,0.4,70.0,0.39,145.0,0.44,91.59,0.45,100.59,0.46,320.49,0.47,76.5,0.48,86.5,0.01,0.01,2376.62496,1776168489000
1776168490.986,190.986,0.56,104.09,0.55,212.58,0.54,209.35,0.53,50.5,0.52,96.5,0.57,43.88,0.58,15.0,0.59,125.0,0.6,70.0,0.61,166.0,0.43,43.88,0.42,15.0,0.41,125.0,0.4,70.0,0.39,166.0,0.44,104.09,0.45,212.58,0.46,209.35,0.47,50.5,0.48,96.5,0.01,0.01,2376.604555,1776168490000
1776168492.023,192.023,0.56,124.09,0.55,90.59,0.54,370.49,0.53,76.5,0.52,96.5,0.57,23.88,0.58,5.0,0.59,125.0,0.6,70.0,0.61,166.0,0.43,23.88,0.42,5.0,0.41,125.0,0.4,70.0,0.39,166.0,0.44,124.09,0.45,90.59,0.46,370.49,0.47,76.5,0.48,96.5,0.01,0.01,2376.568945,1776168491000
1776168493.284,193.284,0.56,145.0,0.55,111.59,0.54,345.49,0.53,76.5,0.52,110.9,0.57,13.88,0.58,5.0,0.59,115.0,0.6,70.0,0.61,145.0,0.43,23.88,0.42,5.0,0.41,125.0,0.4,70.0,0.39,166.0,0.44,124.09,0.45,90.59,0.46,370.49,0.47,76.5,0.48,96.5,0.01,0.01,2376.568945,1776168491000
1776168494.023,194.023,0.56,154.41,0.55,120.44,0.54,234.35,0.53,50.5,0.52,110.9,0.57,13.88,0.58,5.0,0.59,115.0,0.6,70.0,0.61,145.0,0.43,13.88,0.42,5.0,0.41,115.0,0.4,70.0,0.39,145.0,0.44,154.41,0.45,120.44,0.46,234.35,0.47,50.5,0.48,110.9,0.01,0.01,2376.605455,1776168493000
1776168495.322,195.322,0.56,132.04,0.55,156.78,0.54,234.35,0.53,76.5,0.52,119.9,0.57,13.88,0.58,5.0,0.59,115.0,0.6,70.0,0.61,145.0,0.43,13.88,0.42,5.0,0.41,115.0,0.4,70.0,0.39,145.0,0.44,154.41,0.45,120.44,0.46,234.35,0.47,50.5,0.48,110.9,0.01,0.01,2376.605455,1776168493000
1776168495.861,195.861,0.56,132.04,0.55,156.78,0.54,234.35,0.53,76.5,0.52,119.9,0.57,13.88,0.58,5.0,0.59,115.0,0.6,70.0,0.61,145.0,0.43,13.88,0.42,5.0,0.41,115.0,0.4,70.0,0.39,145.0,0.44,132.04,0.45,156.78,0.46,234.35,0.47,76.5,0.48,119.9,0.01,0.01,2376.601915,1776168494000
1776168496.34,196.34,0.56,142.04,0.55,253.77,0.54,164.35,0.53,50.5,0.52,119.9,0.57,4.86,0.58,5.0,0.59,115.0,0.6,70.0,0.61,145.0,0.43,4.86,0.42,5.0,0.41,115.0,0.4,70.0,0.39,145.0,0.44,142.04,0.45,253.77,0.46,164.35,0.47,50.5,0.48,119.9,0.01,0.01,2376.609025,1776168495000
1776168496.982,196.982,0.56,433.77,0.55,116.44,0.54,130.5,0.53,105.0,0.52,79.9,0.61,80.0,0.62,145.0,0.63,98.0,0.65,160.0,0.66,145.0,0.39,80.0,0.38,145.0,0.37,98.0,0.35,160.0,0.34,145.0,0.44,433.77,0.45,116.44,0.46,130.5,0.47,105.0,0.48,79.9,0.05,0.05,2376.609005,1776168496000
1776168497.719,197.719,0.64,342.3,0.63,77.08,0.62,51.5,0.61,96.5,0.6,88.5,0.66,145.0,0.67,115.5,0.68,75.0,0.69,40.0,0.7,15.0,0.35,125.0,0.34,150.0,0.33,110.5,0.32,75.0,0.31,40.0,0.36,94.31,0.37,45.09,0.38,218.49,0.39,122.5,0.4,99.5,0.02,0.01,2376.609005,1776168496000
1776168497.964,197.964,0.64,342.3,0.63,77.08,0.62,51.5,0.61,96.5,0.6,88.5,0.66,145.0,0.67,115.5,0.68,75.0,0.69,40.0,0.7,15.0,0.34,145.0,0.33,115.5,0.32,75.0,0.31,40.0,0.3,15.0,0.36,342.3,0.37,77.08,0.38,51.5,0.39,96.5,0.4,88.5,0.02,0.02,2376.613595,1776168497000
1776168498.88,198.88,0.65,172.59,0.64,93.81,0.63,177.64,0.62,73.5,0.61,95.5,0.67,105.0,0.68,80.5,0.69,35.0,0.7,24.0,0.71,54.0,0.34,145.0,0.33,115.5,0.32,75.0,0.31,40.0,0.3,15.0,0.36,342.3,0.37,77.08,0.38,51.5,0.39,96.5,0.4,88.5,0.02,0.02,2376.613595,1776168497000
1776168499.112,199.112,0.65,172.59,0.64,93.81,0.63,177.64,0.62,73.5,0.61,95.5,0.67,105.0,0.68,80.5,0.69,35.0,0.7,24.0,0.71,54.0,0.33,105.0,0.32,80.5,0.31,35.0,0.3,24.0,0.29,54.0,0.35,172.59,0.36,93.81,0.37,177.64,0.38,73.5,0.39,95.5,0.02,0.02,2376.8777,1776168498000
1776168499.382,199.382,0.73,44.5,0.71,156.59,0.7,57.7,0.69,159.99,0.68,53.5,0.74,40.0,0.75,39.2,0.76,63.7,0.77,132.3,0.78,36.0,0.29,10.5,0.28,60.0,0.27,15.0,0.26,40.0,0.25,39.2,0.3,6.7,0.31,10.0,0.32,10.0,0.33,393.08,0.34,193.5,0.01,0.01,2376.8777,1776168498000
1776168499.917,199.917,0.73,206.09,0.72,25.0,0.71,91.0,0.7,258.69,0.69,54.85,0.74,18.54,0.75,34.2,0.76,34.7,0.77,116.3,0.78,81.0,0.26,50.5,0.25,34.2,0.24,42.7,0.23,111.3,0.22,76.0,0.27,167.09,0.28,10.0,0.29,92.0,0.3,183.69,0.31,59.85,0.01,0.01,2376.8777,1776168498000
1776168500.142,200.142,0.73,206.09,0.72,25.0,0.71,91.0,0.7,258.69,0.69,54.85,0.74,18.54,0.75,34.2,0.76,34.7,0.77,116.3,0.78,81.0,0.26,18.54,0.25,34.2,0.24,34.7,0.23,116.3,0.22,81.0,0.27,206.09,0.28,25.0,0.29,91.0,0.3,258.69,0.31,54.85,0.01,0.01,2376.898235,1776168499000
1776168500.647,200.647,0.73,181.09,0.72,50.0,0.71,91.0,0.7,248.69,0.69,54.85,0.74,12.91,0.75,34.2,0.76,34.7,0.77,100.3,0.78,81.0,0.26,18.54,0.25,34.2,0.24,34.7,0.23,116.3,0.22,81.0,0.27,206.09,0.28,25.0,0.29,91.0,0.3,258.69,0.31,54.85,0.01,0.01,2376.898235,1776168499000
1776168501.056,201.056,0.73,123.09,0.72,15.0,0.71,75.0,0.7,218.69,0.69,54.85,0.74,0.88,0.75,34.2,0.76,34.7,0.77,100.3,0.78,81.0,0.26,12.91,0.25,34.2,0.24,34.7,0.23,100.3,0.22,81.0,0.27,181.09,0.28,50.0,0.29,91.0,0.3,248.69,0.31,54.85,0.01,0.01,2376.898235,1776168499000
1776168501.746,201.746,0.73,128.09,0.72,25.0,0.71,81.0,0.7,205.69,0.69,54.85,0.74,6.38,0.75,34.2,0.76,34.7,0.77,100.3,0.78,81.0,0.26,0.88,0.25,34.2,0.24,34.7,0.23,100.3,0.22,81.0,0.27,123.09,0.28,15.0,0.29,75.0,0.3,218.69,0.31,54.85,0.01,0.01,2377.104075,1776168500000
1776168502.154,202.154,0.73,143.09,0.72,25.0,0.71,81.0,0.7,217.69,0.69,54.85,0.74,1.31,0.75,34.2,0.76,34.7,0.77,100.3,0.78,81.0,0.26,6.38,0.25,34.2,0.24,34.7,0.23,100.3,0.22,81.0,0.27,128.09,0.28,25.0,0.29,81.0,0.3,205.69,0.31,54.85,0.01,0.01,2377.104075,1776168500000
1776168503.416,203.416,0.74,111.0,0.73,79.09,0.72,25.0,0.71,106.0,0.7,202.69,0.75,55.49,0.76,39.7,0.77,100.3,0.78,76.0,0.79,25.0,0.26,2.44,0.25,46.74,0.24,34.7,0.23,100.3,0.22,81.0,0.27,153.09,0.28,25.0,0.29,81.0,0.3,217.69,0.31,54.85,0.01,0.01,2377.177235,1776168501000
1776168504.017,204.017,0.74,111.0,0.73,79.09,0.72,25.0,0.71,106.0,0.7,202.69,0.75,55.49,0.76,39.7,0.77,100.3,0.78,76.0,0.79,25.0,0.25,55.49,0.24,39.7,0.23,100.3,0.22,76.0,0.21,25.0,0.26,111.0,0.27,79.09,0.28,25.0,0.29,106.0,0.3,202.69,0.01,0.01,2377.12011,1776168503000
1776168504.93,204.93,0.74,257.0,0.73,89.59,0.72,181.64,0.71,91.5,0.7,56.7,0.75,14.13,0.76,19.7,0.77,70.3,0.78,21.0,0.8,15.0,0.25,55.49,0.24,39.7,0.23,100.3,0.22,76.0,0.21,25.0,0.26,111.0,0.27,79.09,0.28,25.0,0.29,106.0,0.3,202.69,0.01,0.01,2377.12011,1776168503000
1776168505.203,205.203,0.76,194.0,0.75,45.0,0.74,136.35,0.73,105.85,0.72,232.49,0.77,63.98,0.78,21.0,0.79,55.0,0.8,92.85,0.81,167.0,0.23,70.3,0.22,21.0,0.2,15.0,0.19,15.0,0.18,15.0,0.24,30.42,0.26,332.5,0.27,89.59,0.28,171.64,0.29,101.5,0.01,0.01,2377.12011,1776168504000
1776168505.458,205.458,0.76,227.0,0.75,10.0,0.74,247.49,0.73,105.85,0.72,95.5,0.77,61.6,0.78,26.0,0.8,15.0,0.81,47.0,0.82,62.0,0.23,63.98,0.22,21.0,0.21,55.0,0.2,92.85,0.19,167.0,0.24,194.0,0.25,45.0,0.26,136.35,0.27,105.85,0.28,232.49,0.01,0.01,2377.12011,1776168504000
1776168505.932,205.932,0.76,221.84,0.75,10.0,0.74,237.49,0.73,105.85,0.72,90.5,0.77,61.6,0.78,21.0,0.8,15.0,0.81,47.0,0.82,62.0,0.23,61.6,0.22,26.0,0.2,15.0,0.19,47.0,0.18,62.0,0.24,227.0,0.25,10.0,0.26,247.49,0.27,105.85,0.28,95.5,0.01,0.01,2377.12011,1776168504000
1776168506.258,206.258,0.76,235.67,0.75,10.0,0.74,237.49,0.73,100.85,0.72,85.5,0.77,61.6,0.78,26.0,0.8,15.0,0.81,42.0,0.82,57.0,0.23,61.6,0.22,21.0,0.2,15.0,0.19,47.0,0.18,62.0,0.24,221.84,0.25,10.0,0.26,237.49,0.27,105.85,0.28,90.5,0.01,0.01,2377.14412,1776168505000
1776168506.578,206.578,0.76,277.33,0.75,10.0,0.74,237.49,0.73,100.85,0.72,85.5,0.77,3.45,0.78,26.0,0.8,10.0,0.81,42.0,0.82,62.0,0.23,61.6,0.22,26.0,0.21,5.0,0.2,15.0,0.19,42.0,0.24,233.33,0.25,10.0,0.26,237.49,0.27,100.85,0.28,85.5,0.01,0.01,2377.14412,1776168505000
1776168506.851,206.851,0.76,277.33,0.75,10.0,0.74,237.49,0.73,100.85,0.72,85.5,0.78,16.58,0.8,10.0,0.81,31.0,0.82,62.0,0.83,15.0,0.23,3.45,0.22,26.0,0.2,10.0,0.19,42.0,0.18,62.0,0.24,277.33,0.25,10.0,0.26,237.49,0.27,100.85,0.28,85.5,0.02,0.01,2377.14412,1776168505000
1776168507.161,207.161,0.76,277.33,0.75,10.0,0.74,237.49,0.73,100.85,0.72,85.5,0.78,16.58,0.8,10.0,0.81,31.0,0.82,62.0,0.83,15.0,0.22,16.58,0.2,10.0,0.19,31.0,0.18,62.0,0.17,15.0,0.24,277.33,0.25,10.0,0.26,237.49,0.27,100.85,0.28,85.5,0.02,0.02,2377.342885,1776168506000
1776168507.435,207.435,0.77,207.24,0.76,71.59,0.75,20.0,0.74,248.49,0.73,100.85,0.78,11.58,0.79,10.0,0.8,10.0,0.81,41.85,0.82,62.0,0.22,11.58,0.21,10.0,0.2,15.0,0.19,41.85,0.18,62.0,0.23,193.78,0.24,71.59,0.25,20.0,0.26,237.49,0.27,100.85,0.01,0.01,2377.342885,1776168506000
1776168507.864,207.864,0.77,706.26,0.76,154.09,0.75,10.0,0.74,45.5,0.73,75.0,0.78,11.58,0.8,10.0,0.85,10.0,0.86,5.0,0.87,25.0,0.22,11.58,0.21,10.0,0.2,10.0,0.19,41.85,0.18,62.0,0.23,207.24,0.24,71.59,0.25,20.0,0.26,248.49,0.27,100.85,0.01,0.01,2377.342885,1776168506000
1776168508.164,208.164,0.85,226.65,0.84,59.0,0.83,15.0,0.82,27.0,0.81,46.5,0.86,9.9,0.87,8.85,0.89,61.79,0.9,144.0,0.91,194.0,0.14,9.9,0.12,8.85,0.11,61.79,0.1,149.0,0.09,194.0,0.15,10.0,0.16,10.0,0.17,10.0,0.18,15.0,0.19,54.5,0.01,0.01,2377.342885,1776168506000
1776168508.431,208.431,0.86,101.0,0.85,15.66,0.84,15.0,0.83,162.14,0.82,67.0,0.87,23.51,0.88,8.85,0.89,131.79,0.9,146.0,0.91,124.0,0.13,5.0,0.12,15.85,0.11,131.79,0.1,65.0,0.09,104.0,0.15,106.66,0.16,156.99,0.17,56.0,0.18,67.0,0.19,46.5,0.01,0.02,2377.342885,1776168506000
1776168508.662,208.662,0.86,111.0,0.85,15.66,0.84,15.0,0.83,162.14,0.82,67.0,0.87,23.51,0.88,8.85,0.89,131.79,0.9,146.0,0.91,124.0,0.13,23.51,0.12,8.85,0.11,131.79,0.1,146.0,0.09,124.0,0.14,111.0,0.15,15.66,0.16,15.0,0.17,162.14,0.18,67.0,0.01,0.01,2377.399855,1776168507000
1776168509.36,209.36,0.88,76.75,0.87,15.0,0.86,40.0,0.85,40.66,0.84,10.0,0.89,127.97,0.9,146.0,0.91,124.0,0.92,58.9,0.93,270.3,0.13,14.26,0.11,113.79,0.1,146.0,0.09,124.0,0.08,58.9,0.14,105.59,0.15,20.66,0.16,37.85,0.17,51.0,0.18,27.0,0.01,0.01,2377.399855,1776168507000
1776168509.742,209.742,0.87,34.59,0.86,45.0,0.85,45.66,0.84,15.0,0.83,162.14,0.88,12.71,0.89,113.4,0.9,146.0,0.91,124.0,0.92,58.9,0.12,12.71,0.11,113.4,0.1,146.0,0.09,124.0,0.08,58.9,0.13,34.59,0.14,45.0,0.15,45.66,0.16,15.0,0.17,162.14,0.01,0.01,2377.39389,1776168508000
1776168510.262,210.262,0.87,11.0,0.86,60.0,0.85,80.66,0.84,146.99,0.83,86.0,0.88,17.71,0.89,97.4,0.9,141.0,0.91,124.0,0.92,58.9,0.12,12.71,0.11,113.4,0.1,146.0,0.09,124.0,0.08,58.9,0.13,34.59,0.14,45.0,0.15,45.66,0.16,15.0,0.17,162.14,0.01,0.01,2377.39389,1776168508000
1776168510.587,210.587,0.87,21.0,0.86,45.0,0.85,85.66,0.84,146.99,0.83,86.0,0.88,26.57,0.89,102.4,0.9,146.0,0.91,129.0,0.92,58.9,0.12,17.71,0.11,97.4,0.1,141.0,0.09,124.0,0.08,58.9,0.13,11.0,0.14,60.0,0.15,80.66,0.16,146.99,0.17,86.0,0.01,0.01,2377.804135,1776168509000
1776168511.01,211.01,0.87,26.0,0.86,45.0,0.85,95.66,0.84,30.0,0.83,197.14,0.88,20.2,0.89,82.4,0.9,136.0,0.91,129.0,0.92,58.9,0.12,26.57,0.11,102.4,0.1,146.0,0.09,129.0,0.08,58.9,0.13,21.0,0.14,45.0,0.15,85.66,0.16,146.99,0.17,86.0,0.01,0.01,2377.804135,1776168509000
1776168511.415,211.415,0.87,26.0,0.86,45.0,0.85,95.66,0.84,30.0,0.83,197.14,0.88,20.2,0.89,82.4,0.9,136.0,0.91,129.0,0.92,58.9,0.12,20.2,0.11,82.4,0.1,136.0,0.09,129.0,0.08,58.9,0.13,26.0,0.14,45.0,0.15,95.66,0.16,30.0,0.17,197.14,0.01,0.01,2377.826985,1776168510000
1776168512.036,212.036,0.87,26.0,0.86,45.0,0.85,95.66,0.84,145.99,0.83,86.0,0.88,20.0,0.89,82.4,0.9,136.0,0.91,109.0,0.92,80.9,0.12,20.0,0.11,82.4,0.1,136.0,0.09,109.0,0.08,80.9,0.13,26.0,0.14,45.0,0.15,95.66,0.16,145.99,0.17,86.0,0.01,0.01,2377.826555,1776168511000
1776168512.421,212.421,0.87,23.3,0.86,45.0,0.85,100.66,0.84,144.99,0.83,122.0,0.88,4.0,0.89,70.4,0.9,136.0,0.91,109.0,0.92,86.9,0.12,14.0,0.11,70.4,0.1,136.0,0.09,109.0,0.08,80.9,0.13,26.0,0.14,35.0,0.15,95.66,0.16,149.99,0.17,116.0,0.01,0.01,2377.826555,1776168511000
1776168513.179,213.179,0.87,16.63,0.86,45.0,0.85,100.66,0.84,144.99,0.83,122.0,0.88,4.0,0.89,70.4,0.9,136.0,0.91,109.0,0.92,86.9,0.12,4.0,0.11,70.4,0.1,136.0,0.09,109.0,0.08,86.9,0.13,16.63,0.14,45.0,0.15,100.66,0.16,144.99,0.17,122.0,0.01,0.01,2377.79058,1776168512000
1776168513.47,213.47,0.87,25.0,0.86,45.0,0.85,100.66,0.84,25.0,0.83,233.14,0.89,86.1,0.9,131.0,0.91,109.0,0.92,86.9,0.93,270.3,0.12,4.0,0.11,70.4,0.1,136.0,0.09,109.0,0.08,86.9,0.13,16.63,0.14,45.0,0.15,100.66,0.16,144.99,0.17,122.0,0.02,0.01,2377.79058,1776168512000
1776168514.281,214.281,0.87,25.0,0.86,45.0,0.85,100.66,0.84,25.0,0.83,233.14,0.89,86.1,0.9,131.0,0.91,109.0,0.92,86.9,0.93,270.3,0.11,86.1,0.1,131.0,0.09,109.0,0.08,86.9,0.07,270.3,0.13,25.0,0.14,45.0,0.15,100.66,0.16,25.0,0.17,233.14,0.02,0.02,2377.79528,1776168513000
1776168514.694,214.694,0.88,10.0,0.87,10.0,0.86,20.0,0.85,85.66,0.84,10.0,0.89,370.86,0.9,281.0,0.91,114.0,0.92,68.9,0.93,275.3,0.11,86.1,0.1,131.0,0.09,109.0,0.08,86.9,0.07,270.3,0.13,25.0,0.14,45.0,0.15,100.66,0.16,25.0,0.17,233.14,0.01,0.02,2377.79528,1776168513000
1776168514.897,214.897,0.84,9.9,0.83,35.0,0.82,27.0,0.81,26.0,0.8,30.0,0.85,45.0,0.86,385.0,0.87,109.0,0.88,20.0,0.89,105.86,0.11,370.86,0.1,281.0,0.09,114.0,0.08,68.9,0.07,275.3,0.12,10.0,0.13,10.0,0.14,20.0,0.15,85.66,0.16,10.0,0.01,0.01,2377.79528,1776168513000
1776168515.279,215.279,0.82,27.0,0.81,26.0,0.8,20.0,0.79,20.0,0.78,70.0,0.84,224.0,0.85,86.0,0.86,70.0,0.87,52.0,0.88,54.1,0.15,45.0,0.14,385.0,0.13,109.0,0.12,20.0,0.11,105.86,0.16,9.9,0.17,35.0,0.18,27.0,0.19,26.0,0.2,30.0,0.02,0.01,2377.79528,1776168513000
1776168515.493,215.493,0.82,24.82,0.81,31.0,0.8,20.0,0.79,20.0,0.78,70.0,0.84,94.39,0.85,25.0,0.86,80.0,0.87,42.0,0.88,59.1,0.16,224.0,0.15,86.0,0.14,70.0,0.13,52.0,0.12,54.1,0.18,19.82,0.19,26.0,0.2,20.0,0.21,20.0,0.22,70.0,0.02,0.02,2377.79576,1776168514000
1776168515.989,215.989,0.81,41.0,0.8,30.0,0.79,27.0,0.78,70.0,0.77,95.09,0.83,15.0,0.84,114.39,0.85,100.0,0.86,80.0,0.87,42.0,0.17,15.0,0.16,114.39,0.15,100.0,0.14,80.0,0.13,42.0,0.19,41.0,0.2,30.0,0.21,27.0,0.22,70.0,0.23,95.09,0.02,0.02,2377.80298,1776168515000
1776168517.017,217.017,0.81,41.0,0.8,30.0,0.79,27.0,0.78,70.0,0.77,102.09,0.83,7.48,0.84,114.39,0.85,85.0,0.86,80.0,0.87,42.0,0.17,15.0,0.16,114.39,0.15,100.0,0.14,80.0,0.13,42.0,0.19,41.0,0.2,30.0,0.21,27.0,0.22,70.0,0.23,95.09,0.02,0.02,2377.80298,1776168515000
1776168517.246,217.246,0.81,2.48,0.8,35.0,0.79,20.0,0.78,70.0,0.77,102.09,0.83,7.48,0.84,112.39,0.85,48.2,0.86,99.9,0.87,73.8,0.17,27.48,0.16,59.39,0.15,25.0,0.14,70.0,0.13,73.8,0.19,7.49,0.2,35.0,0.21,20.0,0.22,70.0,0.23,102.09,0.02,0.02,2377.572871,1776168516000
1776168517.823,217.823,0.81,24.21,0.8,35.0,0.79,20.0,0.78,70.0,0.77,122.09,0.82,13.71,0.83,62.48,0.84,157.19,0.85,53.2,0.86,119.9,0.18,13.71,0.17,62.48,0.16,117.39,0.15,53.2,0.14,104.9,0.19,10.0,0.2,35.0,0.21,20.0,0.22,70.0,0.23,102.09,0.01,0.01,2377.572871,1776168516000
1776168518.24,218.24,0.81,24.21,0.8,35.0,0.79,20.0,0.78,70.0,0.77,122.09,0.82,13.71,0.83,62.48,0.84,157.19,0.85,53.2,0.86,119.9,0.18,13.71,0.17,62.48,0.16,157.19,0.15,53.2,0.14,119.9,0.19,24.21,0.2,35.0,0.21,20.0,0.22,70.0,0.23,122.09,0.01,0.01,2377.38415,1776168517000
1776168518.712,218.712,0.81,34.21,0.8,30.0,0.79,30.0,0.78,87.5,0.77,232.08,0.82,8.24,0.83,5.0,0.84,93.19,0.85,99.2,0.86,109.9,0.18,13.71,0.17,62.48,0.16,157.19,0.15,53.2,0.14,119.9,0.19,24.21,0.2,35.0,0.21,20.0,0.22,70.0,0.23,122.09,0.01,0.01,2377.38415,1776168517000
1776168518.968,218.968,0.81,34.21,0.8,30.0,0.79,30.0,0.78,87.5,0.77,237.08,0.82,1.93,0.83,5.0,0.84,86.19,0.85,99.2,0.86,167.9,0.18,3.15,0.17,5.0,0.16,86.19,0.15,99.2,0.14,166.9,0.19,29.21,0.2,30.0,0.21,30.0,0.22,87.5,0.23,232.08,0.01,0.01,2377.38415,1776168517000
1776168519.328,219.328,0.81,34.21,0.8,30.0,0.79,30.0,0.78,87.5,0.77,237.08,0.82,1.93,0.83,5.0,0.84,86.19,0.85,99.2,0.86,167.9,0.18,1.93,0.17,5.0,0.16,86.19,0.15,99.2,0.14,167.9,0.19,34.21,0.2,30.0,0.21,30.0,0.22,87.5,0.23,237.08,0.01,0.01,2377.302565,1776168518000
1776168519.536,219.536,0.81,33.94,0.8,30.0,0.79,30.0,0.78,87.5,0.77,237.08,0.82,6.93,0.83,5.0,0.84,86.19,0.85,94.2,0.86,162.9,0.18,1.93,0.17,5.0,0.16,86.19,0.15,99.2,0.14,167.9,0.19,34.21,0.2,30.0,0.21,30.0,0.22,87.5,0.23,237.08,0.01,0.01,2377.302565,1776168518000
1776168520.173,220.173,0.81,28.51,0.8,30.0,0.79,40.5,0.78,92.5,0.77,237.08,0.82,16.93,0.83,5.0,0.84,86.19,0.85,85.2,0.86,162.9,0.18,6.93,0.17,5.0,0.16,86.19,0.15,94.2,0.14,162.9,0.19,33.94,0.2,30.0,0.21,30.0,0.22,87.5,0.23,237.08,0.01,0.01,2377.302565,1776168518000
1776168520.714,220.714,0.81,28.51,0.8,30.0,0.79,40.5,0.78,92.5,0.77,237.08,0.82,16.93,0.83,5.0,0.84,86.19,0.85,85.2,0.86,162.9,0.18,16.93,0.17,5.0,0.16,86.19,0.15,85.2,0.14,162.9,0.19,28.51,0.2,30.0,0.21,40.5,0.22,92.5,0.23,237.08,0.01,0.01,2377.370363,1776168519000
1776168520.933,220.933,0.81,107.19,0.8,187.99,0.79,95.5,0.78,95.5,0.77,140.09,0.86,71.48,0.87,80.8,0.88,162.1,0.89,96.68,0.9,205.0,0.18,16.93,0.17,5.0,0.16,86.19,0.15,85.2,0.14,162.9,0.19,28.51,0.2,30.0,0.21,40.5,0.22,92.5,0.23,237.08,0.05,0.01,2377.370363,1776168519000
1776168521.461,221.461,0.83,10.91,0.82,25.0,0.81,59.19,0.8,172.99,0.79,70.5,0.86,72.69,0.87,90.8,0.88,162.1,0.89,96.68,0.9,205.0,0.14,60.48,0.13,80.8,0.12,162.1,0.11,96.68,0.1,205.0,0.15,10.0,0.16,10.0,0.17,22.0,0.18,15.0,0.19,95.19,0.03,0.01,2377.38026,1776168520000
1776168521.925,221.925,0.85,8.27,0.84,25.0,0.83,10.91,0.82,47.5,0.81,207.18,0.86,67.69,0.87,41.8,0.88,150.1,0.89,97.68,0.9,205.0,0.14,72.69,0.13,90.8,0.12,162.1,0.11,96.68,0.1,205.0,0.17,10.91,0.18,25.0,0.19,59.19,0.2,172.99,0.21,70.5,0.01,0.03,2377.38026,1776168520000
1776168522.164,222.164,0.85,8.27,0.84,25.0,0.83,10.91,0.82,47.5,0.81,207.18,0.86,67.69,0.87,41.8,0.88,150.1,0.89,97.68,0.9,205.0,0.14,67.69,0.13,41.8,0.12,150.1,0.11,97.68,0.1,205.0,0.15,8.27,0.16,25.0,0.17,10.91,0.18,47.5,0.19,207.18,0.01,0.01,2377.379985,1776168521000
1776168523.956,223.956,0.85,30.23,0.84,20.0,0.83,10.91,0.82,161.49,0.81,96.04,0.86,67.69,0.87,41.8,0.88,130.1,0.89,97.68,0.9,205.0,0.14,67.69,0.13,41.8,0.12,130.1,0.11,97.68,0.1,205.0,0.15,30.23,0.16,20.0,0.17,10.91,0.18,161.49,0.19,96.04,0.01,0.01,2377.48751,1776168522000
1776168524.451,224.451,0.83,33.94,0.82,53.5,0.81,44.19,0.8,297.49,0.79,100.5,0.84,6.31,0.85,6.73,0.86,75.48,0.87,51.8,0.88,103.1,0.14,67.69,0.13,41.8,0.12,130.1,0.11,97.68,0.1,205.0,0.15,30.23,0.16,20.0,0.17,10.91,0.18,161.49,0.19,96.04,0.01,0.01,2377.48751,1776168522000
1776168525.135,225.135,0.84,15.0,0.83,28.94,0.82,58.5,0.81,44.19,0.8,285.49,0.85,6.55,0.86,82.69,0.87,51.8,0.88,103.1,0.89,102.68,0.15,6.55,0.14,82.69,0.13,51.8,0.12,103.1,0.11,102.68,0.16,15.0,0.17,28.94,0.18,58.5,0.19,44.19,0.2,285.49,0.01,0.01,2377.51354,1776168524000
1776168525.428,225.428,0.83,11.02,0.82,35.5,0.81,54.19,0.8,296.49,0.79,75.5,0.85,24.58,0.86,65.48,0.87,51.8,0.88,89.1,0.89,124.68,0.15,12.85,0.14,72.69,0.13,51.8,0.12,89.1,0.11,101.68,0.16,25.0,0.17,29.94,0.18,35.5,0.19,44.19,0.2,282.49,0.02,0.01,2377.51354,1776168524000
1776168526.334,226.334,0.83,11.02,0.82,35.5,0.81,54.19,0.8,296.49,0.79,75.5,0.85,24.58,0.86,65.48,0.87,51.8,0.88,89.1,0.89,124.68,0.15,24.58,0.14,65.48,0.13,51.8,0.12,89.1,0.11,124.68,0.17,11.02,0.18,35.5,0.19,54.19,0.2,296.49,0.21,75.5,0.02,0.02,2377.44671,1776168525000
1776168527.137,227.137,0.84,17.0,0.83,30.02,0.82,60.5,0.81,44.19,0.8,287.49,0.85,15.73,0.86,72.69,0.87,51.8,0.88,95.1,0.89,105.68,0.15,24.58,0.14,65.48,0.13,51.8,0.12,89.1,0.11,124.68,0.17,11.02,0.18,35.5,0.19,54.19,0.2,296.49,0.21,75.5,0.01,0.02,2377.44671,1776168525000
1776168527.436,227.436,0.84,17.0,0.83,30.02,0.82,60.5,0.81,44.19,0.8,287.49,0.85,15.73,0.86,72.69,0.87,51.8,0.88,95.1,0.89,105.68,0.15,15.73,0.14,72.69,0.13,51.8,0.12,95.1,0.11,105.68,0.16,17.0,0.17,30.02,0.18,60.5,0.19,44.19,0.2,287.49,0.01,0.01,2377.443355,1776168526000
1776168528.034,228.034,0.84,10.75,0.83,35.02,0.82,55.5,0.81,44.19,0.8,287.49,0.85,20.73,0.86,57.21,0.87,51.8,0.88,95.1,0.89,114.68,0.15,20.73,0.14,57.21,0.13,51.8,0.12,95.1,0.11,114.68,0.16,10.75,0.17,35.02,0.18,55.5,0.19,44.19,0.2,287.49,0.01,0.01,2377.45159,1776168527000
1776168529.044,229.044,0.84,10.75,0.83,35.02,0.82,55.5,0.81,44.19,0.8,287.49,0.85,20.73,0.86,57.21,0.87,51.8,0.88,95.1,0.89,114.68,0.15,20.73,0.14,57.21,0.13,51.8,0.12,95.1,0.11,114.68,0.16,10.75,0.17,35.02,0.18,55.5,0.19,44.19,0.2,287.49,0.01,0.01,2377.453425,1776168528000
1776168529.431,229.431,0.85,46.0,0.84,42.25,0.83,52.52,0.82,70.5,0.81,271.18,0.86,15.21,0.87,39.56,0.88,95.1,0.89,96.68,0.9,299.0,0.15,20.73,0.14,57.21,0.13,51.8,0.12,95.1,0.11,114.68,0.16,10.75,0.17,35.02,0.18,55.5,0.19,44.19,0.2,287.49,0.01,0.01,2377.453425,1776168528000
1776168529.815,229.815,0.85,106.5,0.84,47.25,0.83,47.52,0.82,357.49,0.81,86.19,0.86,3.0,0.87,7.76,0.88,69.1,0.89,39.68,0.9,97.0,0.14,15.21,0.13,39.56,0.12,95.1,0.11,96.68,0.1,299.0,0.15,46.0,0.16,42.25,0.17,52.52,0.18,70.5,0.19,271.18,0.01,0.01,2377.453425,1776168528000
1776168530.079,230.079,0.85,475.49,0.84,90.24,0.83,40.52,0.82,85.5,0.81,94.19,0.88,35.0,0.91,104.0,0.92,93.9,0.93,365.3,0.94,264.94,0.14,3.0,0.13,7.76,0.12,69.1,0.11,39.68,0.1,97.0,0.15,106.5,0.16,47.25,0.17,47.52,0.18,357.49,0.19,86.19,0.03,0.01,2377.453425,1776168528000
1776168531.129,231.129,0.9,39.07,0.89,28.85,0.88,256.49,0.87,101.5,0.86,35.5,0.91,36.22,0.92,45.0,0.93,284.3,0.94,286.94,0.95,135.8,0.12,35.0,0.09,104.0,0.08,93.9,0.07,365.3,0.06,264.94,0.15,475.49,0.16,90.24,0.17,40.52,0.18,85.5,0.19,94.19,0.01,0.03,2377.45858,1776168529000
1776168531.806,231.806,0.88,10.0,0.87,20.5,0.86,47.5,0.85,275.49,0.84,77.75,0.91,131.22,0.92,197.9,0.93,387.3,0.94,114.94,0.95,140.8,0.09,36.22,0.08,45.0,0.07,284.3,0.06,286.94,0.05,135.8,0.1,39.07,0.11,28.85,0.12,256.49,0.13,101.5,0.14,35.5,0.03,0.01,2377.477201,1776168530000
1776168532.162,232.162,0.9,14.0,0.89,10.0,0.88,10.0,0.87,30.5,0.86,57.5,0.91,127.92,0.92,197.9,0.93,387.3,0.94,114.94,0.95,140.8,0.09,131.22,0.08,197.9,0.07,387.3,0.06,114.94,0.05,140.8,0.12,10.0,0.13,20.5,0.14,47.5,0.15,275.49,0.16,77.75,0.01,0.03,2377.477201,1776168530000
1776168532.884,232.884,0.9,14.0,0.89,10.0,0.88,10.0,0.87,30.5,0.86,57.5,0.91,127.92,0.92,197.9,0.93,387.3,0.94,114.94,0.95,140.8,0.09,127.92,0.08,197.9,0.07,387.3,0.06,114.94,0.05,140.8,0.1,14.0,0.11,10.0,0.12,10.0,0.13,30.5,0.14,57.5,0.01,0.01,2377.771598,1776168532000
1776168533.186,233.186,0.9,6.0,0.89,10.0,0.88,30.5,0.87,35.5,0.86,57.59,0.91,159.71,0.92,197.9,0.93,409.3,0.94,114.94,0.95,140.8,0.09,127.92,0.08,197.9,0.07,387.3,0.06,114.94,0.05,140.8,0.1,14.0,0.11,10.0,0.12,10.0,0.13,30.5,0.14,57.5,0.01,0.01,2377.771598,1776168532000
1776168533.557,233.557,0.9,6.0,0.89,10.0,0.88,30.5,0.87,45.5,0.86,47.59,0.91,148.55,0.92,197.9,0.93,409.3,0.94,114.94,0.95,140.8,0.09,159.71,0.08,197.9,0.07,409.3,0.06,114.94,0.05,140.8,0.1,6.0,0.11,10.0,0.12,30.5,0.13,35.5,0.14,57.59,0.01,0.01,2377.771598,1776168532000
1776168533.757,233.757,0.9,6.0,0.89,10.0,0.88,30.5,0.87,35.5,0.86,57.59,0.91,146.37,0.92,197.9,0.93,409.3,0.94,114.94,0.95,140.8,0.09,146.37,0.08,197.9,0.07,409.3,0.06,114.94,0.05,140.8,0.1,6.0,0.11,10.0,0.12,30.5,0.13,35.5,0.14,57.59,0.01,0.01,2377.771598,1776168532000
1776168533.982,233.982,0.9,6.0,0.89,10.0,0.88,30.5,0.87,35.5,0.86,57.59,0.91,139.17,0.92,171.9,0.93,409.3,0.94,114.94,0.95,140.8,0.09,139.17,0.08,171.9,0.07,409.3,0.06,114.94,0.05,140.8,0.1,6.0,0.11,10.0,0.12,30.5,0.13,35.5,0.14,57.59,0.01,0.01,2377.67828,1776168533000
1776168534.186,234.186,0.9,6.0,0.89,10.0,0.88,20.0,0.87,35.5,0.86,62.59,0.91,141.44,0.92,171.9,0.93,409.3,0.94,114.94,0.95,140.8,0.09,139.17,0.08,171.9,0.07,409.3,0.06,114.94,0.05,140.8,0.1,6.0,0.11,10.0,0.12,30.5,0.13,35.5,0.14,57.59,0.01,0.01,2377.67828,1776168533000
1776168534.9,234.9,0.9,6.0,0.89,10.0,0.88,30.5,0.87,45.5,0.86,52.59,0.91,86.46,0.92,164.9,0.93,414.3,0.94,114.94,0.95,140.8,0.09,141.44,0.08,171.9,0.07,409.3,0.06,114.94,0.05,140.8,0.1,6.0,0.11,10.0,0.12,20.0,0.13,35.5,0.14,62.59,0.01,0.01,2377.67828,1776168533000
1776168535.121,235.121,0.9,6.0,0.89,10.0,0.88,30.5,0.87,45.5,0.86,52.59,0.91,86.46,0.92,164.9,0.93,414.3,0.94,114.94,0.95,140.8,0.09,86.46,0.08,164.9,0.07,414.3,0.06,114.94,0.05,140.8,0.1,6.0,0.11,10.0,0.12,30.5,0.13,45.5,0.14,52.59,0.01,0.01,2377.685955,1776168534000
1776168536.193,236.193,0.9,6.0,0.89,10.0,0.88,30.5,0.87,45.5,0.86,52.59,0.91,86.46,0.92,164.9,0.93,414.3,0.94,114.94,0.95,140.8,0.09,86.46,0.08,164.9,0.07,414.3,0.06,114.94,0.05,140.8,0.1,6.0,0.11,10.0,0.12,30.5,0.13,45.5,0.14,52.59,0.01,0.01,2377.6783,1776168535000
