timestamp,elapsed_sec,up_bid_p1,up_bid_s1,up_bid_p2,up_bid_s2,up_ask_p1,up_ask_s1,up_ask_p2,up_ask_s2,down_bid_p1,down_bid_s1,down_bid_p2,down_bid_s2,down_ask_p1,down_ask_s1,down_ask_p2,down_ask_s2,up_spread,down_spread,eth_price,eth_oracle_ts
1776183001.344,1.344,,,,,,,,,,,,,,,,,,,2369.959875,1776183000000
1776183001.658,1.658,0.46,81.0,0.45,5.0,0.48,48.92,0.49,15.56,0.52,48.92,0.51,15.56,0.54,81.0,0.55,5.0,0.02,0.02,2369.959875,1776183000000
1776183002.102,2.102,0.46,81.0,0.45,5.0,0.48,58.92,0.49,120.56,0.52,48.92,0.51,15.56,0.54,81.0,0.55,5.0,0.02,0.02,2369.959875,1776183000000
1776183002.316,2.316,0.46,81.0,0.43,100.0,0.48,63.92,0.49,145.56,0.52,58.92,0.51,120.56,0.54,81.0,0.55,5.0,0.02,0.02,2369.9291,1776183001000
1776183003.005,3.005,0.43,110.0,0.42,100.0,0.47,88.87,0.48,63.92,0.52,63.92,0.51,145.56,0.54,81.0,0.57,100.0,0.04,0.02,2369.9291,1776183001000
1776183003.236,3.236,0.43,10.0,0.42,10.0,0.47,116.0,0.48,103.92,0.53,93.87,0.52,63.92,0.57,101.22,0.58,100.0,0.04,0.04,2369.9291,1776183001000
1776183003.554,3.554,0.42,5.0,0.41,25.0,0.43,11.72,0.44,15.0,0.53,101.0,0.52,93.92,0.57,3.24,0.58,10.0,0.01,0.04,2369.504926,1776183002000
1776183003.865,3.865,0.42,63.27,0.41,30.0,0.43,16.72,0.44,15.0,0.57,16.72,0.56,10.0,0.58,60.0,0.59,30.0,0.01,0.01,2369.504926,1776183002000
1776183004.61,4.61,0.42,52.68,0.41,99.0,0.43,1.72,0.44,10.0,0.57,11.72,0.56,15.0,0.58,52.68,0.59,30.0,0.01,0.01,2369.464625,1776183003000
1776183005.07,5.07,0.42,52.68,0.41,99.0,0.43,1.72,0.44,10.0,0.57,1.72,0.56,10.0,0.58,52.68,0.59,99.0,0.01,0.01,2369.342252,1776183004000
1776183005.397,5.397,0.42,10.0,0.41,85.0,0.43,1.72,0.44,20.0,0.57,1.72,0.56,10.0,0.58,52.68,0.59,99.0,0.01,0.01,2369.342252,1776183004000
1776183006.236,6.236,0.42,20.0,0.41,85.0,0.43,1.72,0.44,29.0,0.57,1.72,0.56,29.0,0.58,20.0,0.59,85.0,0.01,0.01,2369.262495,1776183005000
1776183006.593,6.593,0.42,53.05,0.41,100.0,0.43,11.72,0.44,76.0,0.57,1.72,0.56,29.0,0.58,20.0,0.59,85.0,0.01,0.01,2369.262495,1776183005000
1776183007.204,7.204,0.41,90.0,0.4,98.0,0.42,50.99,0.43,11.72,0.57,11.72,0.56,76.0,0.58,53.05,0.59,100.0,0.01,0.01,2369.262495,1776183005000
1776183007.831,7.831,0.41,90.0,0.4,98.0,0.42,50.99,0.43,11.72,0.58,50.99,0.57,11.72,0.59,90.0,0.6,98.0,0.01,0.01,2369.24212,1776183006000
1776183008.359,8.359,0.41,85.0,0.4,98.0,0.42,69.99,0.43,61.72,0.58,69.99,0.57,61.72,0.59,85.0,0.6,98.0,0.01,0.01,2369.29785,1776183007000
1776183009.424,9.424,0.41,65.0,0.4,110.0,0.42,61.49,0.43,61.72,0.58,61.49,0.57,61.72,0.59,65.0,0.6,110.0,0.01,0.01,2369.305275,1776183008000
1776183009.699,9.699,0.4,80.5,0.39,243.0,0.41,20.0,0.42,101.49,0.59,20.0,0.58,101.49,0.6,90.0,0.61,243.0,0.01,0.01,2369.305275,1776183008000
1776183009.93,9.93,0.4,195.67,0.39,243.0,0.41,15.0,0.42,101.49,0.59,20.0,0.58,101.49,0.6,80.5,0.61,243.0,0.01,0.01,2369.305275,1776183008000
1776183010.456,10.456,0.4,195.67,0.39,243.0,0.41,50.0,0.42,15.0,0.57,38.52,0.56,70.0,0.6,195.67,0.61,243.0,0.01,0.03,2369.31657,1776183009000
1776183011.107,11.107,0.39,190.0,0.38,197.0,0.41,127.0,0.42,88.0,0.59,50.0,0.58,15.0,0.6,195.67,0.61,243.0,0.02,0.01,2369.31657,1776183009000
1776183011.326,11.326,0.39,176.0,0.38,172.0,0.4,19.56,0.41,143.0,0.6,25.0,0.59,132.0,0.61,176.0,0.62,172.0,0.01,0.01,2369.2451,1776183010000
1776183011.613,11.613,0.39,115.59,0.38,172.0,0.4,80.0,0.41,113.0,0.6,20.0,0.59,143.0,0.61,120.59,0.62,172.0,0.01,0.01,2369.2451,1776183010000
1776183011.91,11.91,0.39,218.45,0.38,55.0,0.4,80.0,0.41,103.0,0.6,75.0,0.59,113.0,0.61,104.59,0.62,172.0,0.01,0.01,2369.2451,1776183010000
1776183012.184,12.184,0.39,59.45,0.38,55.0,0.4,70.0,0.41,103.0,0.6,70.0,0.59,103.0,0.61,59.45,0.62,55.0,0.01,0.01,2369.2451,1776183010000
1776183012.684,12.684,0.37,150.0,0.36,78.0,0.38,64.18,0.39,95.0,0.6,70.0,0.59,103.0,0.61,59.45,0.62,55.0,0.01,0.01,2369.205225,1776183011000
1776183012.973,12.973,0.37,148.25,0.36,78.0,0.38,74.18,0.39,212.0,0.62,64.18,0.61,95.0,0.63,150.0,0.64,78.0,0.01,0.01,2369.205225,1776183011000
1776183013.275,13.275,0.37,143.25,0.36,78.0,0.38,66.48,0.39,207.0,0.62,71.48,0.61,212.0,0.63,148.25,0.64,78.0,0.01,0.01,2369.205225,1776183011000
1776183014.037,14.037,0.37,143.25,0.36,78.0,0.38,66.48,0.39,207.0,0.62,66.48,0.61,207.0,0.63,143.25,0.64,78.0,0.01,0.01,2368.997528,1776183013000
1776183014.249,14.249,0.38,10.0,0.37,323.25,0.4,10.0,0.41,10.0,0.6,10.0,0.59,10.0,0.63,358.25,0.64,181.0,0.02,0.03,2368.997528,1776183013000
1776183014.623,14.623,0.4,15.0,0.38,147.0,0.41,7.68,0.42,20.0,0.59,2.68,0.58,20.0,0.6,25.0,0.62,35.0,0.01,0.01,2368.997528,1776183013000
1776183014.905,14.905,0.4,22.76,0.39,7.69,0.41,3.99,0.42,25.0,0.59,12.68,0.58,20.0,0.6,12.76,0.62,32.0,0.01,0.01,2368.997528,1776183013000
1776183015.142,15.142,0.39,46.44,0.38,97.0,0.41,2.68,0.42,152.0,0.59,3.99,0.58,25.0,0.6,22.76,0.61,7.69,0.02,0.01,2368.80283,1776183014000
1776183015.698,15.698,0.39,7.69,0.38,91.0,0.4,52.8,0.41,57.68,0.6,6.4,0.59,57.68,0.61,46.44,0.62,97.0,0.01,0.01,2368.80283,1776183014000
1776183016.158,16.158,0.39,7.69,0.38,91.0,0.4,52.8,0.41,57.68,0.6,52.8,0.59,57.68,0.61,7.69,0.62,91.0,0.01,0.01,2369.050561,1776183015000
1776183017.187,17.187,0.39,7.69,0.38,91.0,0.4,52.8,0.41,57.68,0.6,52.8,0.59,57.68,0.61,7.69,0.62,91.0,0.01,0.01,2369.06803,1776183016000
1776183018.148,18.148,0.37,138.25,0.36,104.0,0.4,184.8,0.41,157.68,0.6,179.8,0.59,57.68,0.61,22.49,0.63,163.25,0.03,0.01,2369.06803,1776183016000
1776183018.352,18.352,0.37,138.25,0.36,104.0,0.4,184.8,0.41,157.68,0.6,184.8,0.59,157.68,0.63,138.25,0.64,104.0,0.03,0.03,2369.043883,1776183017000
1776183018.577,18.577,0.37,330.25,0.36,169.0,0.38,4.0,0.39,10.0,0.6,184.8,0.59,157.68,0.63,138.25,0.64,104.0,0.01,0.03,2369.043883,1776183017000
1776183018.819,18.819,0.37,153.25,0.36,109.0,0.38,1.0,0.39,10.0,0.62,4.0,0.61,10.0,0.63,330.25,0.64,169.0,0.01,0.01,2369.043883,1776183017000
1776183019.429,19.429,0.37,153.25,0.36,109.0,0.38,1.0,0.39,10.0,0.62,1.0,0.61,10.0,0.63,153.25,0.64,109.0,0.01,0.01,2368.91873,1776183018000
1776183020.124,20.124,0.37,148.25,0.36,119.0,0.38,127.0,0.39,65.0,0.62,127.0,0.61,65.0,0.63,148.25,0.64,119.0,0.01,0.01,2368.893555,1776183019000
1776183020.452,20.452,0.37,146.25,0.36,129.0,0.38,1.0,0.39,182.0,0.62,127.0,0.61,65.0,0.63,148.25,0.64,119.0,0.01,0.01,2368.893555,1776183019000
1776183021.063,21.063,0.38,9.0,0.37,151.25,0.39,182.0,0.4,376.5,0.61,182.0,0.6,376.5,0.62,9.0,0.63,151.25,0.01,0.01,2368.887292,1776183020000
1776183022.178,22.178,0.38,89.0,0.37,147.25,0.39,182.0,0.4,381.5,0.61,182.0,0.6,381.5,0.62,89.0,0.63,147.25,0.01,0.01,2368.898965,1776183021000
1776183023.258,23.258,0.38,89.0,0.37,147.25,0.39,182.0,0.4,381.5,0.61,182.0,0.6,381.5,0.62,89.0,0.63,147.25,0.01,0.01,2368.912655,1776183022000
1776183024.386,24.386,0.38,89.0,0.37,147.25,0.39,182.0,0.4,381.5,0.61,182.0,0.6,381.5,0.62,89.0,0.63,147.25,0.01,0.01,2368.9036,1776183023000
1776183024.931,24.931,0.38,43.0,0.37,119.25,0.39,192.0,0.4,386.5,0.61,182.0,0.6,381.5,0.62,89.0,0.63,147.25,0.01,0.01,2368.9036,1776183023000
1776183025.354,25.354,0.38,43.0,0.37,119.25,0.39,192.0,0.4,386.5,0.61,192.0,0.6,386.5,0.62,43.0,0.63,119.25,0.01,0.01,2368.89242,1776183024000
1776183025.859,25.859,0.38,43.0,0.37,119.25,0.39,192.0,0.4,386.5,0.61,192.0,0.6,386.5,0.62,43.0,0.63,119.25,0.01,0.01,2368.892655,1776183025000
1776183027.001,27.001,0.38,43.0,0.37,119.25,0.39,192.0,0.4,386.5,0.61,192.0,0.6,386.5,0.62,43.0,0.63,119.25,0.01,0.01,2368.897915,1776183026000
1776183027.99,27.99,0.38,43.0,0.37,119.25,0.39,192.0,0.4,386.5,0.61,192.0,0.6,386.5,0.62,43.0,0.63,119.25,0.01,0.01,2368.898565,1776183027000
1776183028.653,28.653,0.38,277.0,0.37,175.25,0.4,316.5,0.42,20.0,0.61,192.0,0.6,386.5,0.62,43.0,0.63,119.25,0.02,0.01,2368.898565,1776183027000
1776183028.863,28.863,0.38,241.77,0.37,183.25,0.4,228.12,0.42,20.0,0.6,228.12,0.58,20.0,0.62,241.77,0.63,183.25,0.02,0.02,2368.898565,1776183027000
1776183029.098,29.098,0.39,258.0,0.38,129.77,0.4,96.05,0.42,20.0,0.6,146.05,0.58,20.0,0.61,253.0,0.62,246.77,0.01,0.01,2368.955325,1776183028000
1776183030.135,30.135,0.39,258.0,0.38,129.77,0.42,20.0,0.43,10.0,0.58,20.0,0.57,10.0,0.61,258.0,0.62,129.77,0.03,0.03,2369.18128,1776183029000
1776183030.342,30.342,0.45,19.0,0.43,13.0,0.46,130.78,0.47,35.0,0.58,20.0,0.57,10.0,0.61,258.0,0.62,129.77,0.01,0.03,2369.18128,1776183029000
1776183031.125,31.125,0.43,1.46,0.42,95.0,0.45,10.0,0.46,93.0,0.55,10.0,0.54,93.0,0.57,1.46,0.58,95.0,0.02,0.02,2369.58222,1776183030000
1776183031.701,31.701,0.43,15.0,0.42,30.0,0.44,274.5,0.45,195.17,0.55,10.0,0.54,93.0,0.57,1.46,0.58,95.0,0.01,0.02,2369.58222,1776183030000
1776183032.165,32.165,0.41,35.0,0.4,5.0,0.44,265.5,0.45,179.17,0.56,265.5,0.55,179.17,0.59,35.0,0.6,5.0,0.03,0.03,2369.682435,1776183031000
1776183032.796,32.796,0.4,2.0,0.39,25.0,0.41,137.0,0.42,120.0,0.56,265.5,0.55,179.17,0.59,35.0,0.6,5.0,0.01,0.03,2369.682435,1776183031000
1776183033.118,33.118,0.4,2.0,0.39,25.0,0.41,137.0,0.42,120.0,0.59,137.0,0.58,120.0,0.6,2.0,0.61,25.0,0.01,0.01,2369.551095,1776183032000
1776183033.483,33.483,0.4,2.0,0.39,50.0,0.41,103.58,0.42,125.0,0.59,117.0,0.58,125.0,0.6,2.0,0.61,25.0,0.01,0.01,2369.551095,1776183032000
1776183034.171,34.171,0.4,2.0,0.39,50.0,0.41,103.58,0.42,125.0,0.59,103.58,0.58,125.0,0.6,2.0,0.61,50.0,0.01,0.01,2369.165376,1776183033000
1776183035.187,35.187,0.4,93.0,0.39,177.0,0.42,10.0,0.43,292.0,0.59,103.58,0.58,125.0,0.6,2.0,0.61,50.0,0.02,0.01,2369.165376,1776183033000
1776183035.864,35.864,0.41,87.0,0.4,39.0,0.43,283.51,0.44,160.0,0.57,283.51,0.56,160.0,0.59,87.0,0.6,39.0,0.02,0.02,2369.12051,1776183034000
1776183036.58,36.58,0.41,87.0,0.4,39.0,0.43,283.51,0.44,160.0,0.57,283.51,0.56,160.0,0.59,87.0,0.6,39.0,0.02,0.02,2369.083775,1776183035000
1776183036.79,36.79,0.41,151.76,0.4,199.0,0.42,184.61,0.43,80.0,0.58,62.61,0.57,197.0,0.59,159.0,0.6,199.0,0.01,0.01,2369.083775,1776183035000
1776183037.274,37.274,0.41,151.76,0.4,199.0,0.42,184.61,0.43,80.0,0.58,184.61,0.57,80.0,0.59,151.76,0.6,199.0,0.01,0.01,2369.10149,1776183036000
1776183038.427,38.427,0.41,151.76,0.4,199.0,0.42,184.61,0.43,80.0,0.58,184.61,0.57,80.0,0.59,151.76,0.6,199.0,0.01,0.01,2369.23811,1776183037000
1776183039.211,39.211,0.41,151.76,0.4,199.0,0.42,184.61,0.43,80.0,0.58,184.61,0.57,80.0,0.59,151.76,0.6,199.0,0.01,0.01,2369.261462,1776183038000
1776183040.436,40.436,0.41,151.76,0.4,199.0,0.42,184.61,0.43,80.0,0.58,184.61,0.57,80.0,0.59,151.76,0.6,199.0,0.01,0.01,2369.260645,1776183039000
1776183041.12,41.12,0.41,151.76,0.4,199.0,0.42,184.61,0.43,80.0,0.58,184.61,0.57,80.0,0.59,151.76,0.6,199.0,0.01,0.01,2369.237769,1776183040000
1776183041.951,41.951,0.41,39.0,0.4,26.0,0.42,57.61,0.43,70.0,0.61,35.0,0.6,204.0,0.62,3.93,0.63,75.0,0.01,0.01,2369.237769,1776183040000
1776183042.416,42.416,0.41,39.0,0.4,26.0,0.42,57.61,0.43,70.0,0.58,57.61,0.57,70.0,0.59,39.0,0.6,26.0,0.01,0.01,2369.118333,1776183041000
1776183043.079,43.079,0.41,39.0,0.4,26.0,0.42,57.61,0.43,70.0,0.58,57.61,0.57,70.0,0.59,39.0,0.6,26.0,0.01,0.01,2369.06217,1776183042000
1776183043.338,43.338,0.42,141.01,0.41,243.0,0.43,10.0,0.45,181.17,0.58,57.61,0.57,70.0,0.59,39.0,0.6,26.0,0.01,0.01,2369.06217,1776183042000
1776183044.168,44.168,0.44,14.91,0.43,71.0,0.45,186.17,0.46,120.0,0.57,10.0,0.55,181.17,0.58,141.01,0.59,243.0,0.01,0.01,2369.06217,1776183042000
1776183045.047,45.047,0.44,14.91,0.43,26.0,0.45,169.17,0.46,185.0,0.55,186.17,0.54,120.0,0.56,14.91,0.57,71.0,0.01,0.01,2369.319901,1776183043000
1776183045.384,45.384,0.44,9.82,0.43,76.0,0.45,169.17,0.46,175.0,0.55,169.17,0.54,185.0,0.56,14.91,0.57,26.0,0.01,0.01,2369.319901,1776183043000
1776183045.767,45.767,0.44,9.82,0.43,76.0,0.45,169.17,0.46,175.0,0.55,169.17,0.54,175.0,0.56,9.82,0.57,76.0,0.01,0.01,2369.44939,1776183044000
1776183046.28,46.28,0.44,4.82,0.43,99.0,0.45,262.17,0.46,175.0,0.55,169.17,0.54,175.0,0.56,4.82,0.57,76.0,0.01,0.01,2369.44939,1776183044000
1776183047.662,47.662,0.44,4.82,0.43,99.0,0.45,262.17,0.46,175.0,0.55,262.17,0.54,175.0,0.56,4.82,0.57,99.0,0.01,0.01,2369.43022,1776183046000
1776183048.137,48.137,0.43,61.0,0.42,98.01,0.45,277.17,0.46,214.0,0.55,262.17,0.54,175.0,0.56,4.82,0.57,99.0,0.02,0.01,2369.43022,1776183046000
1776183048.359,48.359,0.43,61.0,0.42,98.01,0.45,277.17,0.46,214.0,0.55,277.17,0.54,214.0,0.57,61.0,0.58,98.01,0.02,0.02,2369.43349,1776183047000
1776183048.805,48.805,0.43,83.24,0.42,84.01,0.44,195.0,0.45,152.17,0.55,277.17,0.54,214.0,0.57,61.0,0.58,98.01,0.01,0.02,2369.43349,1776183047000
1776183049.128,49.128,0.43,81.31,0.42,84.01,0.44,190.0,0.45,152.17,0.56,190.0,0.55,152.17,0.57,81.31,0.58,84.01,0.01,0.01,2369.43375,1776183048000
1776183049.633,49.633,0.45,30.83,0.43,359.0,0.46,140.0,0.47,136.0,0.56,190.0,0.55,152.17,0.57,81.31,0.58,84.01,0.01,0.01,2369.43375,1776183048000
1776183050.131,50.131,0.45,135.83,0.44,292.0,0.46,59.69,0.47,245.0,0.54,140.0,0.53,136.0,0.55,30.83,0.57,359.0,0.01,0.01,2369.43375,1776183048000
1776183050.352,50.352,0.45,135.83,0.44,292.0,0.46,59.69,0.47,245.0,0.54,59.69,0.53,245.0,0.55,135.83,0.56,292.0,0.01,0.01,2369.41585,1776183049000
1776183051.055,51.055,0.45,142.83,0.44,180.0,0.46,73.69,0.47,250.0,0.54,73.69,0.53,250.0,0.55,142.83,0.56,180.0,0.01,0.01,2369.41583,1776183050000
1776183051.729,51.729,0.45,59.67,0.44,65.0,0.46,376.69,0.47,160.0,0.54,73.69,0.53,250.0,0.55,142.83,0.56,180.0,0.01,0.01,2369.41583,1776183050000
1776183052.814,52.814,0.45,59.67,0.44,65.0,0.46,376.69,0.47,160.0,0.54,376.69,0.53,160.0,0.55,59.67,0.56,65.0,0.01,0.01,2369.535685,1776183051000
1776183053.391,53.391,0.45,59.67,0.44,65.0,0.46,376.69,0.47,160.0,0.54,376.69,0.53,160.0,0.55,59.67,0.56,65.0,0.01,0.01,2369.547805,1776183052000
1776183054.003,54.003,0.45,59.67,0.44,65.0,0.46,376.69,0.47,160.0,0.54,376.69,0.53,160.0,0.55,59.67,0.56,65.0,0.01,0.01,2369.542505,1776183053000
1776183055.097,55.097,0.45,59.67,0.44,65.0,0.46,376.69,0.47,160.0,0.54,376.69,0.53,160.0,0.55,59.67,0.56,65.0,0.01,0.01,2369.51016,1776183054000
1776183056.199,56.199,0.45,59.67,0.44,65.0,0.46,376.69,0.47,160.0,0.54,376.69,0.53,160.0,0.55,59.67,0.56,65.0,0.01,0.01,2369.518145,1776183055000
1776183057.314,57.314,0.45,59.67,0.44,65.0,0.46,376.69,0.47,160.0,0.54,376.69,0.53,160.0,0.55,59.67,0.56,65.0,0.01,0.01,2369.51637,1776183056000
1776183058.065,58.065,0.45,343.13,0.44,65.0,0.46,26.0,0.47,80.0,0.54,376.69,0.53,160.0,0.55,59.67,0.56,65.0,0.01,0.01,2369.51637,1776183056000
1776183058.368,58.368,0.45,343.13,0.44,65.0,0.46,20.69,0.47,80.0,0.54,20.69,0.53,80.0,0.55,343.13,0.56,65.0,0.01,0.01,2369.52175,1776183057000
1776183058.907,58.907,0.45,343.13,0.44,65.0,0.46,20.69,0.47,80.0,0.54,20.69,0.53,80.0,0.55,343.13,0.56,65.0,0.01,0.01,2369.52175,1776183058000
1776183059.488,59.488,0.45,38.43,0.42,17.01,0.46,355.69,0.47,150.0,0.54,20.69,0.53,80.0,0.55,343.13,0.56,65.0,0.01,0.01,2369.52175,1776183058000
1776183059.771,59.771,0.42,100.0,0.41,204.0,0.43,15.0,0.44,20.0,0.54,355.69,0.53,150.0,0.58,17.01,0.59,114.0,0.01,0.04,2369.52175,1776183058000
1776183060.053,60.053,0.42,100.0,0.41,204.0,0.43,15.0,0.44,20.0,0.57,15.0,0.56,20.0,0.58,100.0,0.59,204.0,0.01,0.01,2369.48666,1776183059000
1776183060.792,60.792,0.47,39.71,0.46,53.0,0.48,35.0,0.49,130.0,0.54,17.69,0.53,55.0,0.55,32.0,0.56,10.0,0.01,0.01,2369.48666,1776183059000
1776183061.276,61.276,0.47,39.71,0.46,53.0,0.48,35.0,0.49,130.0,0.52,35.0,0.51,130.0,0.53,39.71,0.54,53.0,0.01,0.01,2369.63601,1776183060000
1776183061.686,61.686,0.48,32.39,0.47,184.71,0.49,95.0,0.5,217.0,0.52,35.0,0.51,130.0,0.53,39.71,0.54,53.0,0.01,0.01,2369.63601,1776183060000
1776183062.459,62.459,0.48,115.0,0.47,186.71,0.49,95.0,0.5,222.0,0.51,95.0,0.5,222.0,0.52,115.0,0.53,186.71,0.01,0.01,2369.65,1776183061000
1776183062.964,62.964,0.44,26.0,0.43,184.49,0.45,11.87,0.46,75.0,0.55,19.09,0.54,20.0,0.57,184.49,0.58,70.0,0.01,0.02,2369.65,1776183061000
1776183063.421,63.421,0.43,52.0,0.42,60.0,0.44,30.0,0.45,80.0,0.55,11.87,0.54,75.0,0.56,26.0,0.57,184.49,0.01,0.01,2369.727985,1776183062000
1776183063.825,63.825,0.43,8.0,0.42,65.0,0.44,228.0,0.45,88.0,0.56,138.0,0.55,190.0,0.57,52.0,0.58,65.0,0.01,0.01,2369.727985,1776183062000
1776183064.197,64.197,0.43,8.0,0.42,65.0,0.44,228.0,0.45,88.0,0.56,228.0,0.55,88.0,0.57,8.0,0.58,65.0,0.01,0.01,2369.906985,1776183063000
1776183064.445,64.445,0.41,109.0,0.4,132.0,0.42,195.0,0.43,110.0,0.56,228.0,0.55,88.0,0.57,8.0,0.58,65.0,0.01,0.01,2369.906985,1776183063000
1776183065.242,65.242,0.41,109.0,0.4,132.0,0.42,195.0,0.43,110.0,0.58,195.0,0.57,110.0,0.59,109.0,0.6,132.0,0.01,0.01,2369.634581,1776183064000
1776183065.499,65.499,0.41,35.0,0.4,60.0,0.42,265.85,0.43,75.0,0.58,195.0,0.57,110.0,0.59,109.0,0.6,132.0,0.01,0.01,2369.634581,1776183064000
1776183066.264,66.264,0.41,35.0,0.4,60.0,0.42,223.23,0.43,101.0,0.58,265.85,0.57,75.0,0.59,35.0,0.6,60.0,0.01,0.01,2369.634581,1776183064000
1776183066.601,66.601,0.41,7.1,0.4,55.0,0.42,409.84,0.43,112.0,0.58,220.84,0.57,106.0,0.59,35.0,0.6,55.0,0.01,0.01,2369.551056,1776183065000
1776183067.459,67.459,0.38,151.67,0.37,105.0,0.41,50.0,0.42,449.84,0.59,50.0,0.58,449.84,0.62,151.67,0.63,105.0,0.03,0.03,2369.18039,1776183066000
1776183067.764,67.764,0.38,157.67,0.37,150.0,0.39,294.17,0.4,99.0,0.59,50.0,0.58,449.84,0.62,151.67,0.63,105.0,0.01,0.03,2369.18039,1776183066000
1776183068.004,68.004,0.39,4.91,0.38,431.67,0.4,10.0,0.41,10.0,0.61,294.17,0.6,99.0,0.62,157.67,0.63,150.0,0.01,0.01,2369.123465,1776183067000
1776183068.304,68.304,0.39,36.0,0.38,227.67,0.41,20.0,0.42,35.1,0.6,10.0,0.59,10.0,0.61,4.91,0.62,431.67,0.02,0.01,2369.123465,1776183067000
1776183068.716,68.716,0.38,223.6,0.37,287.0,0.39,5.0,0.4,15.0,0.59,15.0,0.58,35.1,0.62,223.6,0.63,160.0,0.01,0.03,2369.123465,1776183067000
1776183068.922,68.922,0.38,223.6,0.37,292.0,0.39,0.43,0.4,15.0,0.61,3.0,0.6,15.0,0.62,218.6,0.63,287.0,0.01,0.01,2369.014705,1776183068000
1776183070.32,70.32,0.38,223.6,0.37,320.0,0.4,5.43,0.41,15.0,0.6,5.43,0.59,15.0,0.62,223.6,0.63,320.0,0.02,0.02,2369.054705,1776183069000
1776183071.278,71.278,0.38,223.6,0.37,320.0,0.4,5.43,0.41,15.0,0.6,5.43,0.59,15.0,0.62,223.6,0.63,320.0,0.02,0.02,2369.13848,1776183070000
1776183071.784,71.784,0.39,55.0,0.38,212.6,0.4,25.43,0.41,79.0,0.6,5.43,0.59,15.0,0.62,223.6,0.63,320.0,0.01,0.02,2369.13848,1776183070000
1776183072.233,72.233,0.39,55.0,0.38,212.6,0.4,25.43,0.41,79.0,0.6,25.43,0.59,79.0,0.61,55.0,0.62,212.6,0.01,0.01,2369.19885,1776183071000
1776183073.089,73.089,0.38,77.6,0.37,145.0,0.4,26.0,0.41,20.0,0.6,25.43,0.59,79.0,0.61,55.0,0.62,212.6,0.02,0.01,2369.19885,1776183071000
1776183073.353,73.353,0.38,4.37,0.37,10.0,0.39,135.46,0.4,20.0,0.61,141.19,0.6,15.0,0.62,4.37,0.63,95.0,0.01,0.01,2369.111725,1776183072000
1776183073.749,73.749,0.34,70.0,0.33,120.0,0.37,268.0,0.38,10.0,0.61,150.46,0.6,20.0,0.64,170.0,0.65,80.0,0.03,0.03,2369.111725,1776183072000
1776183074.203,74.203,0.34,105.48,0.33,110.0,0.35,4.57,0.36,177.0,0.65,4.57,0.64,177.0,0.66,105.48,0.67,110.0,0.01,0.01,2369.173865,1776183073000
1776183074.96,74.96,0.34,71.48,0.33,170.0,0.35,15.57,0.36,188.0,0.65,4.57,0.64,188.0,0.66,26.48,0.67,110.0,0.01,0.01,2369.173865,1776183073000
1776183075.322,75.322,0.34,71.48,0.33,170.0,0.35,15.57,0.36,188.0,0.65,15.57,0.64,188.0,0.66,71.48,0.67,170.0,0.01,0.01,2368.777269,1776183074000
1776183075.95,75.95,0.34,59.81,0.33,165.0,0.35,180.57,0.36,203.0,0.65,15.57,0.64,81.0,0.66,178.48,0.67,165.0,0.01,0.01,2368.777269,1776183074000
1776183076.281,76.281,0.34,59.81,0.33,165.0,0.35,180.57,0.36,203.0,0.65,180.57,0.64,203.0,0.66,59.81,0.67,165.0,0.01,0.01,2368.59117,1776183075000
1776183076.974,76.974,0.34,316.0,0.33,165.0,0.36,40.0,0.37,50.0,0.65,180.57,0.64,203.0,0.66,59.81,0.67,165.0,0.02,0.01,2368.59117,1776183075000
1776183077.344,77.344,0.34,316.0,0.33,165.0,0.36,13.36,0.37,50.0,0.64,13.36,0.63,50.0,0.66,316.0,0.67,165.0,0.02,0.02,2368.621475,1776183076000
1776183077.96,77.96,0.34,355.63,0.33,185.0,0.35,4.28,0.36,13.36,0.65,22.0,0.64,13.36,0.66,349.0,0.67,165.0,0.01,0.01,2368.621475,1776183076000
1776183078.314,78.314,0.34,355.63,0.33,185.0,0.35,4.28,0.36,13.36,0.65,4.28,0.64,13.36,0.66,355.63,0.67,185.0,0.01,0.01,2368.642639,1776183077000
1776183079.301,79.301,0.34,6.6,0.33,70.0,0.35,37.28,0.36,73.36,0.65,4.28,0.64,13.36,0.66,355.63,0.67,185.0,0.01,0.01,2368.642639,1776183077000
1776183079.855,79.855,0.3,185.0,0.29,165.0,0.32,10.0,0.33,10.0,0.65,75.28,0.64,63.36,0.67,20.0,0.68,185.0,0.02,0.02,2368.940601,1776183078000
1776183080.344,80.344,0.3,185.0,0.29,165.0,0.32,10.0,0.33,10.0,0.68,10.0,0.67,10.0,0.7,185.0,0.71,165.0,0.02,0.02,2369.0171,1776183079000
1776183080.844,80.844,0.3,298.0,0.29,220.0,0.31,10.0,0.32,60.0,0.69,75.0,0.68,10.0,0.7,45.0,0.71,220.0,0.01,0.01,2369.0171,1776183079000
1776183081.18,81.18,0.3,236.0,0.29,320.0,0.32,8.86,0.33,10.0,0.68,8.86,0.67,10.0,0.7,236.0,0.71,320.0,0.02,0.02,2368.99855,1776183080000
1776183082.205,82.205,0.29,23.0,0.28,130.0,0.3,112.0,0.31,202.0,0.67,10.0,0.66,55.0,0.69,139.0,0.7,165.0,0.01,0.02,2368.99855,1776183080000
1776183082.451,82.451,0.28,130.0,0.27,295.0,0.3,15.0,0.31,15.0,0.69,202.0,0.68,20.0,0.71,23.0,0.72,130.0,0.02,0.02,2368.99855,1776183080000
1776183083.238,83.238,0.28,130.0,0.27,295.0,0.3,11.66,0.31,15.0,0.7,11.66,0.69,15.0,0.72,130.0,0.73,295.0,0.02,0.02,2368.402835,1776183082000
1776183083.561,83.561,0.28,77.58,0.27,285.0,0.29,307.0,0.3,70.0,0.71,302.0,0.7,70.0,0.72,78.97,0.73,285.0,0.01,0.01,2368.402835,1776183082000
1776183084.399,84.399,0.28,77.58,0.27,285.0,0.29,307.0,0.3,70.0,0.71,307.0,0.7,70.0,0.72,77.58,0.73,285.0,0.01,0.01,2368.209809,1776183083000
1776183085.063,85.063,0.28,75.3,0.27,285.0,0.29,320.1,0.3,80.0,0.71,320.1,0.7,80.0,0.72,75.3,0.73,285.0,0.01,0.01,2368.11447,1776183084000
1776183085.767,85.767,0.27,666.0,0.26,459.0,0.28,4.76,0.29,30.0,0.71,198.1,0.7,192.0,0.72,4.25,0.73,285.0,0.01,0.01,2368.11447,1776183084000
1776183086.12,86.12,0.27,666.0,0.26,502.7,0.29,14.25,0.3,20.0,0.72,4.76,0.71,30.0,0.73,666.0,0.74,459.0,0.02,0.01,2368.11447,1776183084000
1776183086.357,86.357,0.27,671.0,0.26,502.7,0.29,0.25,0.3,20.0,0.71,0.25,0.7,20.0,0.73,671.0,0.74,502.7,0.02,0.02,2368.07672,1776183085000
1776183086.821,86.821,0.27,779.3,0.26,507.7,0.29,10.25,0.3,20.0,0.71,0.25,0.7,20.0,0.73,671.0,0.74,502.7,0.02,0.02,2368.07672,1776183085000
1776183087.748,87.748,0.29,267.95,0.28,150.0,0.3,25.0,0.31,137.0,0.7,20.0,0.69,20.0,0.73,659.3,0.74,507.7,0.01,0.03,2368.07736,1776183086000
1776183088.332,88.332,0.29,267.95,0.28,150.0,0.3,25.0,0.31,137.0,0.7,25.0,0.69,137.0,0.71,267.95,0.72,150.0,0.01,0.01,2368.416782,1776183087000
1776183088.738,88.738,0.29,197.28,0.28,298.0,0.3,142.0,0.31,70.0,0.7,25.0,0.69,137.0,0.71,267.95,0.72,150.0,0.01,0.01,2368.416782,1776183087000
1776183088.953,88.953,0.29,197.28,0.28,298.0,0.3,142.0,0.31,70.0,0.7,142.0,0.69,70.0,0.71,197.28,0.72,298.0,0.01,0.01,2368.406169,1776183088000
1776183090.183,90.183,0.29,197.28,0.28,298.0,0.3,142.0,0.31,70.0,0.7,142.0,0.69,70.0,0.71,197.28,0.72,298.0,0.01,0.01,2368.347115,1776183089000
1776183090.58,90.58,0.29,50.0,0.28,155.0,0.3,313.66,0.31,80.0,0.7,142.0,0.69,70.0,0.71,197.28,0.72,298.0,0.01,0.01,2368.347115,1776183089000
1776183090.925,90.925,0.29,5.0,0.28,150.0,0.3,313.66,0.31,80.0,0.7,313.66,0.69,80.0,0.71,50.0,0.72,155.0,0.01,0.01,2368.347115,1776183089000
1776183091.327,91.327,0.28,5.0,0.27,305.0,0.29,208.51,0.3,191.66,0.7,313.66,0.69,80.0,0.71,5.0,0.72,150.0,0.01,0.01,2368.347115,1776183089000
1776183092.292,92.292,0.28,5.0,0.27,305.0,0.29,208.51,0.3,191.66,0.71,208.51,0.7,191.66,0.72,5.0,0.73,305.0,0.01,0.01,2368.30039,1776183091000
1776183093.509,93.509,0.28,5.0,0.27,305.0,0.29,208.51,0.3,191.66,0.71,208.51,0.7,191.66,0.72,5.0,0.73,305.0,0.01,0.01,2368.209514,1776183092000
1776183094.134,94.134,0.26,35.0,0.25,30.0,0.27,323.48,0.28,145.0,0.71,208.51,0.7,191.66,0.72,5.0,0.73,305.0,0.01,0.01,2368.209514,1776183092000
1776183094.724,94.724,0.24,135.0,0.23,107.0,0.25,54.0,0.26,461.0,0.73,323.48,0.72,145.0,0.74,35.0,0.75,30.0,0.01,0.01,2368.163735,1776183093000
1776183095.341,95.341,0.24,135.0,0.23,107.0,0.25,54.0,0.26,461.0,0.75,54.0,0.74,461.0,0.76,135.0,0.77,107.0,0.01,0.01,2368.051955,1776183094000
1776183095.566,95.566,0.24,13.76,0.22,165.0,0.25,366.0,0.26,150.0,0.75,54.0,0.74,461.0,0.76,135.0,0.77,107.0,0.01,0.01,2368.051955,1776183094000
1776183096.077,96.077,0.22,147.0,0.21,359.0,0.23,10.0,0.24,150.0,0.75,371.0,0.74,150.0,0.78,65.0,0.79,225.0,0.01,0.03,2368.051955,1776183094000
1776183096.439,96.439,0.22,165.0,0.21,380.7,0.23,3.69,0.24,150.0,0.77,10.0,0.76,150.0,0.78,147.0,0.79,359.0,0.01,0.01,2368.051955,1776183094000
1776183096.936,96.936,0.22,53.0,0.21,382.7,0.23,53.69,0.24,215.0,0.77,3.69,0.76,150.0,0.78,165.0,0.79,380.7,0.01,0.01,2368.051955,1776183094000
1776183097.387,97.387,0.22,30.56,0.21,265.7,0.23,81.69,0.24,332.0,0.77,58.69,0.76,215.0,0.78,45.17,0.79,382.7,0.01,0.01,2367.788735,1776183096000
1776183097.975,97.975,0.22,17.34,0.21,380.7,0.23,36.69,0.24,205.0,0.77,241.69,0.76,100.0,0.78,20.56,0.79,265.7,0.01,0.01,2367.788735,1776183096000
1776183098.361,98.361,0.22,338.34,0.21,365.7,0.23,8.04,0.24,10.0,0.77,36.69,0.76,205.0,0.78,17.34,0.79,380.7,0.01,0.01,2367.56846,1776183097000
1776183098.822,98.822,0.22,278.95,0.21,512.7,0.23,3.04,0.24,60.0,0.77,8.04,0.76,10.0,0.78,322.95,0.79,365.7,0.01,0.01,2367.56846,1776183097000
1776183099.224,99.224,0.22,267.66,0.21,512.7,0.23,3.04,0.24,60.0,0.77,3.04,0.76,60.0,0.78,278.95,0.79,512.7,0.01,0.01,2367.56846,1776183097000
1776183099.555,99.555,0.22,263.66,0.21,512.7,0.24,58.04,0.25,185.0,0.77,3.04,0.76,60.0,0.78,267.66,0.79,512.7,0.02,0.01,2367.588865,1776183098000
1776183100.284,100.284,0.22,206.0,0.21,529.7,0.23,5.0,0.24,13.04,0.76,58.04,0.75,185.0,0.78,263.66,0.79,512.7,0.01,0.02,2367.588865,1776183098000
1776183100.927,100.927,0.22,206.0,0.21,529.7,0.23,5.0,0.24,13.04,0.77,5.0,0.76,13.04,0.78,206.0,0.79,529.7,0.01,0.01,2367.744344,1776183100000
1776183101.74,101.74,0.25,340.0,0.24,265.7,0.26,14.04,0.27,60.0,0.77,5.0,0.76,13.04,0.78,206.0,0.79,529.7,0.01,0.01,2367.744344,1776183100000
1776183102.036,102.036,0.25,364.0,0.24,265.7,0.27,60.0,0.28,80.0,0.73,60.0,0.72,80.0,0.75,364.0,0.76,265.7,0.02,0.02,2367.713385,1776183101000
1776183103.094,103.094,0.25,364.0,0.24,265.7,0.27,60.0,0.28,80.0,0.73,60.0,0.72,80.0,0.75,364.0,0.76,265.7,0.02,0.02,2367.821612,1776183102000
1776183103.325,103.325,0.26,232.0,0.25,125.0,0.27,10.0,0.28,30.0,0.73,60.0,0.72,80.0,0.75,364.0,0.76,265.7,0.01,0.02,2367.821612,1776183102000
1776183103.978,103.978,0.26,211.62,0.25,165.2,0.27,10.0,0.28,152.0,0.72,30.0,0.71,66.0,0.74,213.0,0.75,155.2,0.01,0.02,2367.821612,1776183102000
1776183104.883,104.883,0.23,26.3,0.22,156.0,0.24,79.0,0.25,85.0,0.73,10.0,0.72,152.0,0.74,211.62,0.75,165.2,0.01,0.01,2368.029105,1776183103000
1776183105.139,105.139,0.23,23.3,0.22,190.0,0.24,79.0,0.25,85.0,0.76,79.0,0.75,85.0,0.77,23.3,0.78,190.0,0.01,0.01,2368.159188,1776183104000
1776183105.881,105.881,0.24,163.7,0.23,161.3,0.25,25.0,0.26,152.0,0.76,79.0,0.75,85.0,0.77,23.3,0.78,190.0,0.01,0.01,2368.159188,1776183104000
1776183106.16,106.16,0.24,163.7,0.23,161.3,0.25,25.0,0.26,152.0,0.75,25.0,0.74,152.0,0.76,163.7,0.77,161.3,0.01,0.01,2368.208257,1776183105000
1776183107.296,107.296,0.24,215.7,0.23,161.3,0.25,20.0,0.26,157.0,0.75,20.0,0.74,157.0,0.76,215.7,0.77,161.3,0.01,0.01,2367.974744,1776183106000
1776183107.777,107.777,0.24,83.06,0.23,293.3,0.25,180.0,0.26,205.0,0.75,20.0,0.74,157.0,0.76,215.7,0.77,161.3,0.01,0.01,2367.974744,1776183106000
1776183108.274,108.274,0.24,83.06,0.23,293.3,0.25,180.0,0.26,205.0,0.75,180.0,0.74,205.0,0.76,83.06,0.77,293.3,0.01,0.01,2367.9469,1776183107000
1776183108.835,108.835,0.23,11.3,0.22,81.0,0.24,30.83,0.25,273.0,0.75,180.0,0.74,205.0,0.76,83.06,0.77,293.3,0.01,0.01,2367.9469,1776183107000
1776183109.12,109.12,0.22,68.0,0.21,376.7,0.24,133.83,0.25,124.0,0.76,133.83,0.75,124.0,0.78,68.0,0.79,376.7,0.02,0.02,2367.93895,1776183108000
1776183110.221,110.221,0.22,5.0,0.21,344.0,0.23,379.6,0.24,105.83,0.77,332.0,0.76,94.83,0.78,73.0,0.79,365.7,0.01,0.01,2367.93895,1776183108000
1776183110.566,110.566,0.22,45.0,0.21,344.0,0.23,384.6,0.24,100.83,0.77,379.6,0.76,105.83,0.78,5.0,0.79,344.0,0.01,0.01,2367.93895,1776183108000
1776183110.961,110.961,0.21,339.0,0.2,405.5,0.22,101.0,0.23,344.6,0.77,384.6,0.76,100.83,0.78,45.0,0.79,344.0,0.01,0.01,2367.85102,1776183109000
1776183111.238,111.238,0.21,339.0,0.2,405.5,0.23,344.6,0.24,100.83,0.77,344.6,0.76,100.83,0.79,339.0,0.8,405.5,0.02,0.02,2367.784196,1776183110000
1776183112.395,112.395,0.2,40.0,0.19,252.0,0.21,406.0,0.22,100.0,0.77,344.6,0.76,100.83,0.79,339.0,0.8,405.5,0.01,0.02,2367.784196,1776183110000
1776183112.784,112.784,0.2,40.0,0.19,252.0,0.21,406.0,0.22,100.0,0.79,406.0,0.78,100.0,0.8,40.0,0.81,252.0,0.01,0.01,2367.683955,1776183111000
1776183113.63,113.63,0.2,40.0,0.19,252.0,0.21,406.0,0.22,100.0,0.79,406.0,0.78,100.0,0.8,40.0,0.81,252.0,0.01,0.01,2367.634725,1776183112000
1776183114.19,114.19,0.2,40.0,0.19,252.0,0.21,406.0,0.22,100.0,0.79,406.0,0.78,100.0,0.8,40.0,0.81,252.0,0.01,0.01,2367.443508,1776183113000
1776183115.275,115.275,0.2,40.0,0.19,252.0,0.21,406.0,0.22,100.0,0.79,406.0,0.78,100.0,0.8,40.0,0.81,252.0,0.01,0.01,2367.39743,1776183114000
1776183115.745,115.745,0.19,122.0,0.18,165.0,0.21,456.0,0.22,104.0,0.79,406.0,0.78,100.0,0.8,40.0,0.81,252.0,0.02,0.01,2367.39743,1776183114000
1776183116.494,116.494,0.19,122.0,0.18,165.0,0.21,456.0,0.22,104.0,0.79,456.0,0.78,104.0,0.81,122.0,0.82,165.0,0.02,0.02,2367.3783,1776183115000
1776183116.768,116.768,0.2,5.66,0.19,47.31,0.21,376.0,0.22,217.0,0.79,456.0,0.78,104.0,0.81,122.0,0.82,165.0,0.01,0.02,2367.3783,1776183115000
1776183117.091,117.091,0.2,5.66,0.19,47.31,0.21,376.0,0.22,217.0,0.79,376.0,0.78,217.0,0.8,5.66,0.81,47.31,0.01,0.01,2367.466158,1776183116000
1776183117.378,117.378,0.19,46.72,0.18,414.0,0.21,325.0,0.22,217.0,0.79,376.0,0.78,217.0,0.8,5.66,0.81,47.31,0.02,0.01,2367.466158,1776183116000
1776183117.753,117.753,0.19,34.72,0.18,426.0,0.21,206.38,0.22,212.0,0.79,325.0,0.78,217.0,0.81,46.72,0.82,414.0,0.02,0.02,2367.466158,1776183116000
1776183118.205,118.205,0.19,34.72,0.18,426.0,0.21,206.38,0.22,212.0,0.79,206.38,0.78,212.0,0.81,34.72,0.82,426.0,0.02,0.02,2367.474145,1776183117000
1776183118.725,118.725,0.2,6.0,0.19,79.72,0.21,410.38,0.22,110.0,0.79,231.38,0.78,227.0,0.8,49.93,0.81,84.72,0.01,0.01,2367.474145,1776183117000
1776183119.387,119.387,0.2,6.0,0.19,79.72,0.21,410.38,0.22,110.0,0.79,410.38,0.78,110.0,0.8,6.0,0.81,79.72,0.01,0.01,2367.40243,1776183118000
1776183119.955,119.955,0.19,89.72,0.18,297.0,0.2,1.25,0.21,277.0,0.8,1.25,0.79,277.0,0.81,89.72,0.82,297.0,0.01,0.01,2367.42137,1776183119000
1776183120.723,120.723,0.21,1.92,0.2,80.05,0.22,100.0,0.23,90.0,0.8,1.25,0.79,277.0,0.81,89.72,0.82,297.0,0.01,0.01,2367.42137,1776183119000
1776183121.142,121.142,0.21,1.92,0.2,80.05,0.22,100.0,0.23,90.0,0.78,100.0,0.77,90.0,0.79,1.92,0.8,80.05,0.01,0.01,2367.565702,1776183120000
1776183122.144,122.144,0.21,404.0,0.2,226.05,0.23,10.0,0.24,5.83,0.78,100.0,0.77,90.0,0.79,1.92,0.8,80.05,0.02,0.01,2367.565702,1776183120000
1776183122.356,122.356,0.24,8.17,0.21,65.0,0.25,85.0,0.26,118.0,0.75,85.0,0.74,118.0,0.76,8.17,0.79,65.0,0.01,0.01,2367.565702,1776183120000
1776183122.609,122.609,0.24,8.17,0.21,219.0,0.25,86.76,0.26,115.0,0.75,85.0,0.74,118.0,0.76,8.17,0.79,65.0,0.01,0.01,2367.499115,1776183121000
1776183123.002,123.002,0.2,10.0,0.19,24.41,0.22,65.45,0.23,65.0,0.78,78.0,0.77,60.0,0.79,7.0,0.8,130.0,0.02,0.01,2367.499115,1776183121000
1776183123.548,123.548,0.19,24.41,0.18,167.0,0.21,50.0,0.22,212.45,0.79,50.0,0.78,212.45,0.81,24.41,0.82,167.0,0.02,0.02,2367.546495,1776183122000
1776183123.756,123.756,0.19,22.0,0.18,106.0,0.2,15.0,0.21,140.0,0.8,15.0,0.79,145.0,0.81,32.31,0.82,86.0,0.01,0.01,2367.546495,1776183122000
1776183124.081,124.081,0.19,20.0,0.18,20.0,0.2,23.0,0.21,115.0,0.8,23.0,0.79,115.0,0.81,20.0,0.82,20.0,0.01,0.01,2367.715775,1776183123000
1776183124.32,124.32,0.19,43.0,0.18,20.0,0.21,109.6,0.22,60.45,0.8,15.0,0.79,115.0,0.81,58.0,0.82,35.0,0.02,0.01,2367.715775,1776183123000
1776183124.618,124.618,0.18,3.65,0.17,13.51,0.19,49.0,0.2,283.25,0.8,216.25,0.79,229.53,0.83,18.51,0.84,215.0,0.01,0.03,2367.715775,1776183123000
1776183125.027,125.027,0.17,12.51,0.16,110.0,0.18,17.0,0.19,199.0,0.81,166.0,0.8,166.25,0.83,15.51,0.84,110.0,0.01,0.02,2367.715775,1776183123000
1776183125.261,125.261,0.17,5.77,0.16,110.0,0.18,132.0,0.19,199.0,0.82,132.0,0.81,199.0,0.83,5.77,0.84,110.0,0.01,0.01,2367.420995,1776183124000
1776183126.08,126.08,0.17,204.71,0.16,277.0,0.18,36.44,0.19,127.0,0.82,132.0,0.81,199.0,0.83,5.77,0.84,110.0,0.01,0.01,2367.420995,1776183124000
1776183126.327,126.327,0.17,203.94,0.16,315.8,0.18,23.64,0.19,127.0,0.82,36.44,0.81,127.0,0.83,204.71,0.84,277.0,0.01,0.01,2367.353415,1776183125000
1776183126.629,126.629,0.17,74.19,0.16,318.8,0.18,33.38,0.19,292.0,0.82,18.38,0.81,177.0,0.83,88.94,0.84,198.8,0.01,0.01,2367.353415,1776183125000
1776183126.901,126.901,0.17,14.73,0.16,313.8,0.18,100.38,0.19,292.0,0.82,33.38,0.81,292.0,0.83,74.19,0.84,318.8,0.01,0.01,2367.353415,1776183125000
1776183127.214,127.214,0.16,122.0,0.15,203.2,0.18,362.38,0.19,60.0,0.82,327.38,0.81,60.0,0.83,9.73,0.84,148.8,0.02,0.01,2367.353415,1776183125000
1776183127.608,127.608,0.16,172.92,0.15,288.2,0.17,144.0,0.18,342.0,0.82,362.38,0.81,60.0,0.84,119.0,0.85,203.2,0.01,0.02,2367.16395,1776183126000
1776183128.284,128.284,0.16,157.92,0.15,300.2,0.17,149.0,0.18,342.0,0.83,149.0,0.82,342.0,0.84,157.92,0.85,300.2,0.01,0.01,2367.16436,1776183127000
1776183128.578,128.578,0.15,20.61,0.14,234.9,0.17,346.0,0.18,75.0,0.83,149.0,0.82,342.0,0.84,157.92,0.85,300.2,0.02,0.01,2367.16436,1776183127000
1776183129.053,129.053,0.15,159.61,0.14,85.0,0.16,69.0,0.17,50.0,0.83,346.0,0.82,75.0,0.85,20.61,0.86,234.9,0.01,0.02,2367.16436,1776183127000
1776183129.278,129.278,0.15,159.61,0.14,85.0,0.16,69.0,0.17,50.0,0.84,69.0,0.83,50.0,0.85,159.61,0.86,85.0,0.01,0.01,2367.160685,1776183128000
1776183129.584,129.584,0.15,228.34,0.14,202.0,0.16,55.0,0.17,10.0,0.84,69.0,0.83,50.0,0.85,159.61,0.86,85.0,0.01,0.01,2367.160685,1776183128000
1776183129.972,129.972,0.15,237.93,0.14,202.0,0.16,55.0,0.17,127.0,0.84,55.0,0.83,10.0,0.85,228.34,0.86,202.0,0.01,0.01,2367.160685,1776183128000
1776183130.208,130.208,0.15,237.93,0.14,202.0,0.16,55.0,0.17,127.0,0.84,55.0,0.83,127.0,0.85,237.93,0.86,202.0,0.01,0.01,2367.08278,1776183129000
1776183130.47,130.47,0.17,130.0,0.16,192.0,0.19,167.0,0.2,241.25,0.84,55.0,0.83,127.0,0.85,237.93,0.86,202.0,0.02,0.01,2367.08278,1776183129000
1776183131.132,131.132,0.17,211.73,0.16,84.0,0.18,15.0,0.19,152.0,0.81,167.0,0.8,241.25,0.83,130.0,0.84,192.0,0.01,0.02,2367.08278,1776183129000
1776183131.737,131.737,0.19,206.0,0.18,100.0,0.2,161.13,0.21,271.53,0.82,15.0,0.81,152.0,0.83,211.73,0.84,84.0,0.01,0.01,2367.03601,1776183130000
1776183132.201,132.201,0.19,206.0,0.18,100.0,0.2,161.13,0.21,271.53,0.8,161.13,0.79,271.53,0.81,206.0,0.82,100.0,0.01,0.01,2367.009475,1776183131000
1776183132.58,132.58,0.19,230.0,0.18,187.0,0.2,150.13,0.21,276.53,0.8,161.13,0.79,271.53,0.81,206.0,0.82,100.0,0.01,0.01,2367.009475,1776183131000
1776183132.798,132.798,0.19,235.8,0.18,70.0,0.2,160.13,0.21,276.53,0.8,150.13,0.79,276.53,0.81,230.0,0.82,187.0,0.01,0.01,2367.009475,1776183131000
1776183133.01,133.01,0.19,200.6,0.18,70.0,0.2,160.13,0.21,276.53,0.8,160.13,0.79,276.53,0.81,235.8,0.82,70.0,0.01,0.01,2367.009475,1776183131000
1776183133.254,133.254,0.19,207.84,0.18,70.0,0.2,155.13,0.21,276.53,0.8,155.13,0.79,276.53,0.81,207.84,0.82,70.0,0.01,0.01,2367.129435,1776183132000
1776183133.779,133.779,0.19,193.0,0.18,70.0,0.2,150.13,0.21,276.53,0.8,155.13,0.79,276.53,0.81,198.0,0.82,70.0,0.01,0.01,2367.129435,1776183132000
1776183134.264,134.264,0.19,69.0,0.18,185.0,0.2,292.13,0.21,159.53,0.8,150.13,0.79,271.53,0.81,183.0,0.82,70.0,0.01,0.01,2367.129435,1776183132000
1776183135.348,135.348,0.19,69.0,0.18,185.0,0.2,292.13,0.21,159.53,0.8,292.13,0.79,159.53,0.81,69.0,0.82,185.0,0.01,0.01,2367.4898,1776183134000
1776183136.299,136.299,0.19,76.82,0.18,190.0,0.2,185.13,0.21,154.53,0.8,185.13,0.79,154.53,0.81,76.82,0.82,190.0,0.01,0.01,2367.47722,1776183135000
1776183137.446,137.446,0.19,76.82,0.18,190.0,0.2,185.13,0.21,154.53,0.8,185.13,0.79,154.53,0.81,76.82,0.82,190.0,0.01,0.01,2367.444805,1776183136000
1776183137.915,137.915,0.19,76.82,0.18,190.0,0.2,185.13,0.21,154.53,0.8,185.13,0.79,154.53,0.81,76.82,0.82,190.0,0.01,0.01,2367.439895,1776183137000
1776183139.622,139.622,0.19,76.82,0.18,190.0,0.2,185.13,0.21,154.53,0.8,185.13,0.79,154.53,0.81,76.82,0.82,190.0,0.01,0.01,2367.4375,1776183138000
1776183140.287,140.287,0.19,76.82,0.18,190.0,0.2,185.13,0.21,154.53,0.8,185.13,0.79,154.53,0.81,76.82,0.82,190.0,0.01,0.01,2367.47128,1776183139000
1776183140.861,140.861,0.16,27.0,0.15,10.0,0.17,8.0,0.18,188.0,0.8,185.13,0.79,154.53,0.81,76.82,0.82,190.0,0.01,0.01,2367.47128,1776183139000
1776183141.117,141.117,0.14,29.19,0.13,117.0,0.15,10.0,0.16,80.0,0.85,10.0,0.84,74.0,0.86,35.0,0.87,110.0,0.01,0.01,2367.47128,1776183139000
1776183141.703,141.703,0.14,29.19,0.13,117.0,0.15,10.0,0.16,80.0,0.85,10.0,0.84,80.0,0.86,29.19,0.87,117.0,0.01,0.01,2367.473695,1776183140000
1776183142.277,142.277,0.14,29.19,0.13,117.0,0.15,10.0,0.16,80.0,0.85,10.0,0.84,80.0,0.86,29.19,0.87,117.0,0.01,0.01,2367.4792,1776183141000
1776183143.084,143.084,0.14,7.97,0.13,116.74,0.15,297.0,0.16,91.0,0.85,332.0,0.84,74.0,0.87,108.98,0.88,127.09,0.01,0.02,2367.4792,1776183141000
1776183143.744,143.744,0.13,16.74,0.12,165.09,0.15,376.0,0.16,121.0,0.85,297.0,0.84,91.0,0.86,7.97,0.87,116.74,0.02,0.01,2367.4792,1776183141000
1776183144.05,144.05,0.14,10.0,0.13,8.98,0.15,367.66,0.16,132.0,0.85,376.0,0.84,121.0,0.87,16.74,0.88,165.09,0.01,0.02,2367.4792,1776183141000
1776183144.856,144.856,0.11,10.0,0.1,392.0,0.14,168.0,0.15,257.0,0.85,237.0,0.84,127.0,0.88,113.51,0.89,60.0,0.03,0.03,2366.727325,1776183143000
1776183145.077,145.077,0.12,27.1,0.11,10.0,0.13,271.0,0.14,33.0,0.87,144.0,0.86,38.0,0.88,8.34,0.89,10.0,0.01,0.01,2366.727325,1776183143000
1776183145.325,145.325,0.12,5.0,0.11,9.53,0.13,341.0,0.14,38.0,0.87,336.0,0.86,38.0,0.89,9.53,0.9,155.0,0.01,0.02,2366.727325,1776183143000
1776183145.664,145.664,0.12,5.0,0.11,9.53,0.13,341.0,0.14,38.0,0.87,341.0,0.86,38.0,0.88,5.0,0.89,9.53,0.01,0.01,2366.680265,1776183144000
1776183146.11,146.11,0.11,12.53,0.1,381.0,0.12,17.0,0.13,166.0,0.87,341.0,0.86,38.0,0.88,5.0,0.89,9.53,0.01,0.01,2366.680265,1776183144000
1776183146.872,146.872,0.11,69.71,0.1,387.0,0.12,22.0,0.13,338.0,0.88,17.0,0.87,166.0,0.89,12.53,0.9,381.0,0.01,0.01,2366.588859,1776183145000
1776183147.259,147.259,0.11,69.71,0.1,387.0,0.12,8.76,0.13,309.0,0.88,22.0,0.87,338.0,0.89,69.71,0.9,387.0,0.01,0.01,2366.588859,1776183145000
1776183147.705,147.705,0.11,69.71,0.1,387.0,0.12,8.76,0.13,309.0,0.88,8.76,0.87,309.0,0.89,69.71,0.9,387.0,0.01,0.01,2366.563522,1776183146000
1776183148.348,148.348,0.11,69.71,0.1,387.0,0.12,8.76,0.13,309.0,0.88,8.76,0.87,309.0,0.89,69.71,0.9,387.0,0.01,0.01,2366.433966,1776183147000
1776183149.107,149.107,0.11,69.71,0.1,387.0,0.12,8.76,0.13,309.0,0.88,8.76,0.87,309.0,0.89,69.71,0.9,387.0,0.01,0.01,2366.48807,1776183148000
1776183149.518,149.518,0.11,10.53,0.1,155.0,0.12,148.09,0.13,76.12,0.88,8.76,0.87,309.0,0.89,69.71,0.9,387.0,0.01,0.01,2366.48807,1776183148000
1776183150.52,150.52,0.11,0.61,0.1,15.0,0.12,400.43,0.13,131.0,0.88,148.09,0.87,76.12,0.89,10.53,0.9,155.0,0.01,0.01,2366.48807,1776183148000
1776183150.826,150.826,0.09,2.79,0.08,10.0,0.1,24.0,0.11,16.0,0.9,6.0,0.89,16.0,0.91,9.9,0.92,10.0,0.01,0.01,2366.429077,1776183149000
1776183151.087,151.087,0.09,1.69,0.08,40.0,0.1,129.0,0.11,148.0,0.9,24.0,0.89,16.0,0.91,2.79,0.92,10.0,0.01,0.01,2366.429077,1776183149000
1776183151.617,151.617,0.07,20.0,0.06,10.0,0.09,316.0,0.1,43.0,0.9,264.0,0.89,31.0,0.92,10.0,0.93,96.3,0.02,0.02,2366.424762,1776183150000
1776183151.945,151.945,0.06,5.0,0.05,240.8,0.07,25.0,0.08,141.0,0.92,11.0,0.91,306.0,0.94,10.0,0.95,145.8,0.01,0.02,2366.424762,1776183150000
1776183152.234,152.234,0.06,3.93,0.05,240.8,0.07,25.0,0.08,146.0,0.93,25.0,0.92,141.0,0.94,5.0,0.95,240.8,0.01,0.01,2366.424762,1776183150000
1776183152.68,152.68,0.06,3.93,0.05,240.8,0.07,25.0,0.08,146.0,0.93,25.0,0.92,146.0,0.94,3.93,0.95,240.8,0.01,0.01,2366.28495,1776183151000
1776183153.412,153.412,0.05,115.73,0.04,251.3,0.07,300.0,0.08,71.0,0.93,25.0,0.92,146.0,0.94,3.93,0.95,240.8,0.02,0.01,2366.28495,1776183151000
1776183154.166,154.166,0.05,115.73,0.04,251.3,0.07,300.0,0.08,71.0,0.93,300.0,0.92,71.0,0.95,115.73,0.96,251.3,0.02,0.02,2365.33545,1776183153000
1776183154.562,154.562,0.05,39.66,0.04,251.3,0.07,292.0,0.08,181.0,0.93,300.0,0.92,71.0,0.94,4.73,0.95,39.93,0.02,0.01,2365.33545,1776183153000
1776183155.393,155.393,0.06,4.73,0.05,10.0,0.07,137.0,0.08,216.0,0.93,142.0,0.92,201.0,0.96,368.3,0.97,544.7,0.01,0.03,2365.33545,1776183153000
1776183155.805,155.805,0.05,3.21,0.04,251.3,0.06,12.0,0.07,262.0,0.93,137.0,0.92,101.0,0.95,6.34,0.96,368.3,0.01,0.02,2365.02511,1776183154000
1776183156.121,156.121,0.05,3.21,0.04,251.3,0.06,20.0,0.07,267.0,0.94,12.0,0.93,262.0,0.95,3.21,0.96,251.3,0.01,0.01,2365.02511,1776183154000
1776183156.348,156.348,0.05,6.87,0.04,251.3,0.06,15.0,0.07,322.0,0.94,20.0,0.93,267.0,0.96,251.3,0.97,661.7,0.01,0.02,2364.99929,1776183155000
1776183157.216,157.216,0.05,6.87,0.04,251.3,0.06,190.06,0.07,205.0,0.94,15.0,0.93,322.0,0.95,6.87,0.96,251.3,0.01,0.01,2364.99929,1776183155000
1776183157.82,157.82,0.05,6.87,0.04,251.3,0.06,190.06,0.07,205.0,0.94,190.06,0.93,205.0,0.95,6.87,0.96,251.3,0.01,0.01,2365.070815,1776183156000
1776183158.932,158.932,0.05,6.87,0.04,251.3,0.06,190.06,0.07,205.0,0.94,190.06,0.93,205.0,0.95,6.87,0.96,251.3,0.01,0.01,2365.02094,1776183157000
1776183159.151,159.151,0.04,29.29,0.03,406.0,0.06,250.06,0.07,35.0,0.94,190.06,0.93,205.0,0.95,6.87,0.96,251.3,0.02,0.01,2365.02094,1776183157000
1776183159.363,159.363,0.03,404.88,0.02,449.72,0.05,100.0,0.06,261.06,0.94,265.06,0.93,35.0,0.96,3.92,0.97,406.0,0.02,0.02,2365.02094,1776183157000
1776183159.638,159.638,0.03,284.73,0.02,549.72,0.04,140.0,0.05,145.72,0.95,100.0,0.94,261.06,0.97,404.88,0.98,449.72,0.01,0.02,2365.002985,1776183158000
1776183160.054,160.054,0.03,280.59,0.02,549.72,0.04,156.0,0.05,181.72,0.96,156.0,0.95,181.72,0.97,280.59,0.98,549.72,0.01,0.01,2364.917965,1776183159000
1776183160.669,160.669,0.03,378.25,0.02,549.72,0.04,249.0,0.05,75.72,0.96,301.0,0.95,306.72,0.97,278.25,0.98,664.72,0.01,0.01,2364.917965,1776183159000
1776183161.144,161.144,0.03,373.25,0.02,664.72,0.04,125.35,0.05,287.72,0.96,249.0,0.95,75.72,0.97,378.25,0.98,549.72,0.01,0.01,2364.917965,1776183159000
1776183161.931,161.931,0.03,367.25,0.02,664.72,0.04,125.35,0.05,287.72,0.96,125.35,0.95,287.72,0.97,367.25,0.98,664.72,0.01,0.01,2363.47577,1776183161000
1776183162.474,162.474,0.03,367.25,0.02,664.72,0.04,289.35,0.05,326.52,0.96,125.35,0.95,287.72,0.97,367.25,0.98,664.72,0.01,0.01,2363.47577,1776183161000
1776183162.969,162.969,0.03,367.25,0.02,664.72,0.04,289.35,0.05,326.52,0.96,289.35,0.95,326.52,0.97,367.25,0.98,664.72,0.01,0.01,2363.584822,1776183162000
1776183164.13,164.13,0.03,367.25,0.02,664.72,0.04,289.35,0.05,326.52,0.96,289.35,0.95,326.52,0.97,367.25,0.98,664.72,0.01,0.01,2363.584142,1776183163000
1776183165.263,165.263,0.03,367.25,0.02,664.72,0.04,289.35,0.05,326.52,0.96,289.35,0.95,326.52,0.97,367.25,0.98,664.72,0.01,0.01,2363.473074,1776183164000
1776183165.467,165.467,0.03,490.95,0.02,574.72,0.04,191.25,0.05,271.32,0.96,289.35,0.95,326.52,0.97,367.25,0.98,664.72,0.01,0.01,2363.473074,1776183164000
1776183166.342,166.342,0.03,490.95,0.02,574.72,0.04,191.25,0.05,271.32,0.96,191.25,0.95,271.32,0.97,490.95,0.98,574.72,0.01,0.01,2363.634025,1776183165000
1776183166.592,166.592,0.03,572.29,0.02,549.72,0.04,145.38,0.05,246.6,0.96,189.38,0.95,246.6,0.97,572.29,0.98,549.72,0.01,0.01,2363.634025,1776183165000
1776183166.999,166.999,0.03,572.29,0.02,549.72,0.04,145.38,0.05,246.6,0.96,145.38,0.95,246.6,0.97,572.29,0.98,549.72,0.01,0.01,2363.742655,1776183166000
1776183167.355,167.355,0.04,6.9,0.03,878.35,0.05,359.69,0.06,277.8,0.96,145.38,0.95,246.6,0.97,572.29,0.98,549.72,0.01,0.01,2363.742655,1776183166000
1776183168.195,168.195,0.04,205.06,0.03,763.35,0.05,364.69,0.06,277.8,0.95,364.69,0.94,277.8,0.96,205.06,0.97,763.35,0.01,0.01,2363.84307,1776183167000
1776183169.197,169.197,0.04,205.06,0.03,763.35,0.05,364.69,0.06,277.8,0.95,364.69,0.94,277.8,0.96,205.06,0.97,763.35,0.01,0.01,2364.056097,1776183168000
1776183169.62,169.62,0.04,205.06,0.03,580.99,0.05,409.45,0.06,454.6,0.95,364.69,0.94,277.8,0.96,205.06,0.97,763.35,0.01,0.01,2364.056097,1776183168000
1776183170.284,170.284,0.04,1.9,0.03,804.99,0.05,658.25,0.06,252.6,0.95,369.45,0.94,454.6,0.96,202.45,0.97,580.99,0.01,0.01,2364.056097,1776183168000
1776183170.949,170.949,0.03,804.99,0.02,549.72,0.05,658.25,0.06,252.6,0.95,658.25,0.94,252.6,0.97,804.99,0.98,549.72,0.02,0.02,2364.008105,1776183170000
1776183171.774,171.774,0.03,1845.65,0.02,606.02,0.04,444.08,0.05,748.71,0.96,460.79,0.95,629.16,0.97,717.99,0.98,481.02,0.01,0.01,2364.008105,1776183170000
1776183172.058,172.058,0.03,1845.65,0.02,606.02,0.04,444.08,0.05,748.71,0.96,444.08,0.95,748.71,0.97,1845.65,0.98,606.02,0.01,0.01,2363.751002,1776183171000
1776183172.486,172.486,0.03,504.65,0.02,491.02,0.04,430.09,0.05,592.7,0.96,444.08,0.95,748.71,0.97,1845.65,0.98,606.02,0.01,0.01,2363.751002,1776183171000
1776183172.756,172.756,0.03,444.65,0.02,491.02,0.04,425.09,0.05,479.16,0.96,465.09,0.95,479.16,0.97,449.65,0.98,491.02,0.01,0.01,2363.751002,1776183171000
1776183173.053,173.053,0.03,431.65,0.02,491.02,0.04,661.9,0.05,913.16,0.96,661.9,0.95,913.16,0.97,437.65,0.98,491.02,0.01,0.01,2363.751002,1776183171000
1776183173.285,173.285,0.03,405.65,0.02,491.02,0.04,661.9,0.05,913.16,0.96,656.9,0.95,913.16,0.97,418.65,0.98,491.02,0.01,0.01,2363.751002,1776183171000
1776183173.568,173.568,0.03,405.65,0.02,491.02,0.04,661.9,0.05,913.16,0.96,661.9,0.95,913.16,0.97,405.65,0.98,491.02,0.01,0.01,2363.19877,1776183172000
1776183173.875,173.875,0.03,12.52,0.02,491.02,0.04,578.06,0.05,399.16,0.96,578.06,0.95,364.16,0.97,261.99,0.98,491.02,0.01,0.01,2363.19877,1776183172000
1776183174.164,174.164,0.03,2.52,0.02,491.02,0.04,578.06,0.05,399.16,0.96,578.06,0.95,399.16,0.97,2.52,0.98,491.02,0.01,0.01,2363.208173,1776183173000
1776183174.613,174.613,0.03,7.41,0.02,486.02,0.04,698.06,0.05,394.16,0.96,578.06,0.95,399.16,0.97,2.52,0.98,491.02,0.01,0.01,2363.208173,1776183173000
1776183175.425,175.425,0.02,486.02,0.01,2423.6,0.04,833.06,0.05,394.16,0.96,833.06,0.95,394.16,0.98,486.02,0.99,2423.6,0.02,0.02,2362.88865,1776183174000
1776183175.968,175.968,0.02,486.02,0.01,2423.6,0.04,833.06,0.05,394.16,0.96,833.06,0.95,394.16,0.98,486.02,0.99,2423.6,0.02,0.02,2362.671645,1776183175000
1776183176.168,176.168,0.02,241.02,0.01,2323.6,0.03,708.79,0.04,573.06,0.97,703.79,0.96,573.06,0.98,261.02,0.99,2323.6,0.01,0.01,2362.671645,1776183175000
1776183176.478,176.478,0.02,190.9,0.01,1845.0,0.03,922.06,0.04,283.7,0.97,885.05,0.96,399.08,0.98,195.9,0.99,2323.6,0.01,0.01,2362.671645,1776183175000
1776183176.759,176.759,0.02,77.4,0.01,1960.0,0.03,936.05,0.04,288.7,0.97,932.06,0.96,283.7,0.98,90.9,0.99,1845.0,0.01,0.01,2362.671645,1776183175000
1776183177.1,177.1,0.01,1960.0,,,0.02,27.6,0.03,947.06,0.98,27.6,0.97,947.06,0.99,1960.0,,,0.01,0.01,2362.532365,1776183176000
1776183178.2,178.2,0.01,2424.95,,,0.02,318.3,0.03,718.71,0.98,27.6,0.97,947.06,0.99,1960.0,,,0.01,0.01,2362.532365,1776183176000
1776183178.673,178.673,0.01,2424.95,,,0.02,444.08,0.03,718.71,0.98,318.3,0.97,718.71,0.99,2424.95,,,0.01,0.01,2362.196501,1776183177000
1776183179.157,179.157,0.01,2318.95,,,0.02,446.2,0.03,718.71,0.98,444.08,0.97,718.71,0.99,2419.95,,,0.01,0.01,2362.196501,1776183177000
1776183179.506,179.506,0.01,2409.84,,,0.02,416.48,0.03,609.7,0.98,446.2,0.97,718.71,0.99,2318.95,,,0.01,0.01,2362.273785,1776183178000
1776183179.832,179.832,0.01,1916.24,,,0.02,421.48,0.03,709.7,0.98,416.48,0.97,609.7,0.99,2309.84,,,0.01,0.01,2362.273785,1776183178000
1776183180.36,180.36,0.01,1881.24,,,0.02,600.18,0.03,709.7,0.98,600.18,0.97,709.7,0.99,1881.24,,,0.01,0.01,2362.26378,1776183179000
1776183180.586,180.586,0.01,1765.04,,,0.02,503.18,0.03,709.7,0.98,503.18,0.97,709.7,0.99,1766.06,,,0.01,0.01,2362.26378,1776183179000
1776183180.875,180.875,0.01,1252.93,,,0.02,503.18,0.03,609.7,0.98,508.18,0.97,709.7,0.99,1263.04,,,0.01,0.01,2362.26378,1776183179000
1776183181.184,181.184,0.01,1166.93,,,0.02,429.67,0.03,612.7,0.98,503.18,0.97,609.7,0.99,1252.93,,,0.01,0.01,2362.254575,1776183180000
1776183181.836,181.836,0.01,1143.82,,,0.02,120.19,0.03,729.8,0.98,429.67,0.97,612.7,0.99,1153.93,,,0.01,0.01,2362.254575,1776183180000
1776183182.119,182.119,0.01,1143.82,,,0.02,32.19,0.03,623.79,0.98,32.19,0.97,623.79,0.99,1143.82,,,0.01,0.01,2362.14039,1776183181000
1776183182.378,182.378,0.01,1321.02,,,0.02,79.28,0.03,495.7,0.98,32.19,0.97,623.79,0.99,1143.82,,,0.01,0.01,2362.14039,1776183181000
1776183182.601,182.601,0.01,922.42,,,0.02,455.98,0.03,519.75,0.98,250.98,0.97,519.75,0.99,922.42,,,0.01,0.01,2362.14039,1776183181000
1776183183.009,183.009,,,,,0.01,1601.18,0.02,540.73,0.98,565.73,0.97,524.75,0.99,822.42,,,,0.01,2362.14039,1776183181000
1776183183.235,183.235,,,,,0.01,1601.18,0.02,540.73,0.99,1601.18,0.98,540.73,,,,,,,2362.293314,1776183182000
1776183183.725,183.725,,,,,0.01,1737.69,0.02,440.98,0.99,1667.74,0.98,435.98,,,,,,,2362.293314,1776183182000
1776183184.356,184.356,,,,,0.01,1737.69,0.02,440.98,0.99,1737.69,0.98,440.98,,,,,,,2362.564445,1776183183000
1776183184.903,184.903,,,,,0.01,1775.38,0.02,424.89,0.99,1737.69,0.98,440.98,,,,,,,2362.564445,1776183183000
1776183185.461,185.461,,,,,0.01,1775.38,0.02,424.89,0.99,1775.38,0.98,424.89,,,,,,,2361.970405,1776183184000
1776183186.047,186.047,,,,,0.01,1775.38,0.02,424.89,0.99,1775.38,0.98,424.89,,,,,,,2361.90081,1776183185000
1776183187.146,187.146,,,,,0.01,1775.38,0.02,424.89,0.99,1775.38,0.98,424.89,,,,,,,2361.570479,1776183186000
1776183188.038,188.038,,,,,0.01,1775.38,0.02,424.89,0.99,1775.38,0.98,424.89,,,,,,,2361.45889,1776183187000
1776183189.194,189.194,,,,,0.01,1775.38,0.02,424.89,0.99,1775.38,0.98,424.89,,,,,,,2361.390595,1776183188000
1776183190.399,190.399,,,,,0.01,1775.38,0.02,424.89,0.99,1775.38,0.98,424.89,,,,,,,2361.516605,1776183189000
1776183190.937,190.937,,,,,0.01,2063.18,0.02,405.89,0.99,2063.18,0.98,405.89,,,,,,,2361.271435,1776183190000
1776183192.218,192.218,,,,,0.01,2063.18,0.02,405.89,0.99,2063.18,0.98,405.89,,,,,,,2360.966695,1776183191000
1776183193.407,193.407,,,,,0.01,2063.18,0.02,405.89,0.99,2063.18,0.98,405.89,,,,,,,2360.388348,1776183192000
1776183194.513,194.513,,,,,0.01,2063.18,0.02,405.89,0.99,2063.18,0.98,405.89,,,,,,,2360.300669,1776183193000
1776183195.013,195.013,,,,,0.01,2063.18,0.02,405.89,0.99,2063.18,0.98,405.89,,,,,,,2360.29754,1776183194000
1776183196.226,196.226,,,,,0.01,2063.18,0.02,405.89,0.99,2063.18,0.98,405.89,,,,,,,2361.048451,1776183195000
1776183197.3,197.3,,,,,0.01,2063.18,0.02,405.89,0.99,2063.18,0.98,405.89,,,,,,,2360.95485,1776183196000
1776183198.372,198.372,,,,,0.01,2063.18,0.02,405.89,0.99,2063.18,0.98,405.89,,,,,,,2361.05481,1776183197000
1776183199.529,199.529,,,,,0.01,2063.18,0.02,405.89,0.99,2063.18,0.98,405.89,,,,,,,2360.943064,1776183198000
1776183200.038,200.038,,,,,0.01,2063.18,0.02,405.89,0.99,2063.18,0.98,405.89,,,,,,,2360.502693,1776183199000
1776183201.147,201.147,,,,,0.01,2063.18,0.02,405.89,0.99,2063.18,0.98,405.89,,,,,,,2360.259776,1776183200000
1776183202.792,202.792,,,,,0.01,2063.18,0.02,405.89,0.99,2063.18,0.98,405.89,,,,,,,2360.077635,1776183201000
1776183203.307,203.307,,,,,0.01,2063.18,0.02,405.89,0.99,2063.18,0.98,405.89,,,,,,,2360.052456,1776183202000
1776183204.363,204.363,,,,,0.01,2063.18,0.02,405.89,0.99,2063.18,0.98,405.89,,,,,,,2360.05799,1776183203000
1776183204.856,204.856,,,,,0.01,2063.18,0.02,405.89,0.99,2063.18,0.98,405.89,,,,,,,2360.052845,1776183204000
1776183205.869,205.869,,,,,0.01,2063.18,0.02,405.89,0.99,2063.18,0.98,405.89,,,,,,,2360.065585,1776183205000
1776183206.946,206.946,,,,,0.01,2063.18,0.02,405.89,0.99,2063.18,0.98,405.89,,,,,,,2360.32811,1776183206000
1776183207.25,207.25,,,,,0.01,2366.83,0.02,740.69,0.99,2063.18,0.98,405.89,,,,,,,2360.32811,1776183206000
1776183207.857,207.857,,,,,0.01,2366.83,0.02,740.69,0.99,2366.83,0.98,740.69,,,,,,,2360.29225,1776183207000
1776183208.892,208.892,,,,,0.01,2366.83,0.02,740.69,0.99,2366.83,0.98,740.69,,,,,,,2360.261875,1776183208000
1776183209.885,209.885,,,,,0.01,2366.83,0.02,740.69,0.99,2366.83,0.98,740.69,,,,,,,2360.405332,1776183209000
1776183210.918,210.918,,,,,0.01,2366.83,0.02,740.69,0.99,2366.83,0.98,740.69,,,,,,,2360.443907,1776183210000
1776183211.904,211.904,,,,,0.01,2366.83,0.02,740.69,0.99,2366.83,0.98,740.69,,,,,,,2360.221774,1776183211000
1776183212.861,212.861,,,,,0.01,2366.83,0.02,740.69,0.99,2366.83,0.98,740.69,,,,,,,2360.21777,1776183212000
1776183213.497,213.497,,,,,0.01,3485.54,0.02,745.69,0.99,2366.83,0.98,740.69,,,,,,,2360.21777,1776183212000
1776183213.941,213.941,,,,,0.01,3485.54,0.02,745.69,0.99,3485.54,0.98,745.69,,,,,,,2360.22825,1776183213000
1776183215.02,215.02,,,,,0.01,3485.54,0.02,745.69,0.99,3485.54,0.98,745.69,,,,,,,2360.281835,1776183214000
1776183216.348,216.348,,,,,0.01,3485.54,0.02,745.69,0.99,3485.54,0.98,745.69,,,,,,,2360.33601,1776183215000
1776183217.055,217.055,,,,,0.01,3485.54,0.02,745.69,0.99,3485.54,0.98,745.69,,,,,,,2360.657185,1776183216000
1776183218.246,218.246,,,,,0.01,3485.54,0.02,745.69,0.99,3485.54,0.98,745.69,,,,,,,2360.680105,1776183217000
1776183219.456,219.456,,,,,0.01,3485.54,0.02,745.69,0.99,3485.54,0.98,745.69,,,,,,,2360.67475,1776183218000
1776183220.207,220.207,,,,,0.01,3485.54,0.02,745.69,0.99,3485.54,0.98,745.69,,,,,,,2360.67,1776183219000
1776183221.615,221.615,,,,,0.01,3485.54,0.02,745.69,0.99,3485.54,0.98,745.69,,,,,,,2360.670165,1776183220000
1776183222.178,222.178,,,,,0.01,3485.54,0.02,745.69,0.99,3485.54,0.98,745.69,,,,,,,2360.51742,1776183221000
1776183223.351,223.351,,,,,0.01,3485.54,0.02,745.69,0.99,3485.54,0.98,745.69,,,,,,,2360.331534,1776183222000
1776183223.896,223.896,,,,,0.01,3485.54,0.02,745.69,0.99,3485.54,0.98,745.69,,,,,,,2360.313877,1776183223000
1776183225.208,225.208,,,,,0.01,3485.54,0.02,745.69,0.99,3485.54,0.98,745.69,,,,,,,2360.291331,1776183224000
1776183226.232,226.232,,,,,0.01,3485.54,0.02,745.69,0.99,3485.54,0.98,745.69,,,,,,,2360.252862,1776183225000
1776183227.334,227.334,,,,,0.01,3485.54,0.02,745.69,0.99,3485.54,0.98,745.69,,,,,,,2360.223794,1776183226000
1776183227.928,227.928,,,,,0.01,3485.54,0.02,745.69,0.99,3485.54,0.98,745.69,,,,,,,2360.159984,1776183227000
1776183229.08,229.08,,,,,0.01,3485.54,0.02,745.69,0.99,3485.54,0.98,745.69,,,,,,,2360.017027,1776183228000
1776183230.129,230.129,,,,,0.01,3485.54,0.02,745.69,0.99,3485.54,0.98,745.69,,,,,,,2359.82468,1776183229000
1776183231.782,231.782,,,,,0.01,3485.54,0.02,745.69,0.99,3485.54,0.98,745.69,,,,,,,2359.63803,1776183230000
1776183232.26,232.26,,,,,0.01,3485.54,0.02,745.69,0.99,3485.54,0.98,745.69,,,,,,,2359.60727,1776183231000
1776183233.416,233.416,,,,,0.01,3485.54,0.02,745.69,0.99,3485.54,0.98,745.69,,,,,,,2359.626675,1776183232000
1776183234.016,234.016,,,,,0.01,3485.54,0.02,745.69,0.99,3485.54,0.98,745.69,,,,,,,2359.6743,1776183233000
1776183235.168,235.168,,,,,0.01,3485.54,0.02,745.69,0.99,3485.54,0.98,745.69,,,,,,,2359.706278,1776183234000
1776183236.199,236.199,,,,,0.01,3485.54,0.02,745.69,0.99,3485.54,0.98,745.69,,,,,,,2359.71301,1776183235000
1776183237.318,237.318,,,,,0.01,3485.54,0.02,745.69,0.99,3485.54,0.98,745.69,,,,,,,2359.815265,1776183236000
1776183238.366,238.366,,,,,0.01,3485.54,0.02,745.69,0.99,3485.54,0.98,745.69,,,,,,,2359.827875,1776183237000
1776183238.935,238.935,,,,,0.01,3485.54,0.02,745.69,0.99,3485.54,0.98,745.69,,,,,,,2360.30937,1776183238000
1776183240.142,240.142,,,,,0.01,3485.54,0.02,745.69,0.99,3485.54,0.98,745.69,,,,,,,2360.611776,1776183239000
1776183241.296,241.296,,,,,0.01,3485.54,0.02,745.69,0.99,3485.54,0.98,745.69,,,,,,,2360.825962,1776183240000
1776183242.422,242.422,,,,,0.01,3485.54,0.02,745.69,0.99,3485.54,0.98,745.69,,,,,,,2360.852855,1776183241000
1776183243.014,243.014,,,,,0.01,3485.54,0.02,745.69,0.99,3485.54,0.98,745.69,,,,,,,2360.902935,1776183242000
1776183244.07,244.07,,,,,0.01,3485.54,0.02,745.69,0.99,3485.54,0.98,745.69,,,,,,,2360.971349,1776183243000
1776183245.187,245.187,,,,,0.01,3485.54,0.02,745.69,0.99,3485.54,0.98,745.69,,,,,,,2361.136615,1776183244000
1776183246.647,246.647,,,,,0.01,3485.54,0.02,745.69,0.99,3485.54,0.98,745.69,,,,,,,2361.2769,1776183245000
1776183247.485,247.485,,,,,0.01,3485.54,0.02,745.69,0.99,3485.54,0.98,745.69,,,,,,,2361.558785,1776183246000
1776183248.531,248.531,,,,,0.01,3485.54,0.02,745.69,0.99,3485.54,0.98,745.69,,,,,,,2361.777436,1776183247000
1776183249.2,249.2,,,,,0.01,3485.54,0.02,745.69,0.99,3485.54,0.98,745.69,,,,,,,2361.847456,1776183248000
1776183250.78,250.78,,,,,0.01,3485.54,0.02,745.69,0.99,3485.54,0.98,745.69,,,,,,,2361.787785,1776183249000
1776183251.568,251.568,,,,,0.01,3485.54,0.02,745.69,0.99,3485.54,0.98,745.69,,,,,,,2361.85349,1776183250000
1776183252.256,252.256,,,,,0.01,3485.54,0.02,745.69,0.99,3485.54,0.98,745.69,,,,,,,2361.87375,1776183251000
1776183253.093,253.093,,,,,0.01,3485.54,0.02,745.69,0.99,3485.54,0.98,745.69,,,,,,,2361.87463,1776183252000
1776183254.916,254.916,,,,,0.01,3485.54,0.02,745.69,0.99,3485.54,0.98,745.69,,,,,,,2361.87919,1776183253000
1776183255.776,255.776,,,,,0.01,3485.54,0.02,745.69,0.99,3485.54,0.98,745.69,,,,,,,2362.064769,1776183254000
1776183256.598,256.598,,,,,0.01,3485.54,0.02,745.69,0.99,3485.54,0.98,745.69,,,,,,,2362.09775,1776183255000
1776183257.538,257.538,,,,,0.01,3485.54,0.02,745.69,0.99,3485.54,0.98,745.69,,,,,,,2362.103805,1776183256000
1776183265.658,265.658,,,,,0.01,3485.54,0.02,745.69,0.99,3485.54,0.98,745.69,,,,,,,2362.17325,1776183264000
1776183266.756,266.756,,,,,0.01,3485.54,0.02,745.69,0.99,3485.54,0.98,745.69,,,,,,,2362.159835,1776183265000
1776183267.354,267.354,,,,,0.01,3485.54,0.02,745.69,0.99,3485.54,0.98,745.69,,,,,,,2362.158815,1776183266000
1776183267.559,267.559,,,,,0.01,20263.23,0.02,461.7,0.99,3485.54,0.98,745.69,,,,,,,2362.158815,1776183266000
1776183268.434,268.434,,,,,0.01,20263.23,0.02,461.7,0.99,20263.23,0.98,461.7,,,,,,,2362.193735,1776183267000
1776183269.049,269.049,,,,,0.01,20263.23,0.02,461.7,0.99,20263.23,0.98,461.7,,,,,,,2362.2173,1776183268000
1776183270.497,270.497,,,,,0.01,20263.23,0.02,461.7,0.99,20263.23,0.98,461.7,,,,,,,2362.326138,1776183269000
1776183271.146,271.146,,,,,0.01,20263.23,0.02,461.7,0.99,20263.23,0.98,461.7,,,,,,,2362.484407,1776183270000
1776183272.559,272.559,,,,,0.01,20263.23,0.02,461.7,0.99,20263.23,0.98,461.7,,,,,,,2362.471366,1776183271000
1776183273.023,273.023,,,,,0.01,21762.8,0.02,441.7,0.99,20263.23,0.98,461.7,,,,,,,2362.471366,1776183271000
1776183273.311,273.311,,,,,0.01,21762.8,0.02,441.7,0.99,21762.8,0.98,441.7,,,,,,,2362.463725,1776183272000
1776183274.695,274.695,,,,,0.01,21762.8,0.02,441.7,0.99,21762.8,0.98,441.7,,,,,,,2362.405905,1776183273000
1776183275.456,275.456,,,,,0.01,21762.8,0.02,441.7,0.99,21762.8,0.98,441.7,,,,,,,2362.26406,1776183274000
1776183276.088,276.088,,,,,0.01,21762.8,0.02,441.7,0.99,21762.8,0.98,441.7,,,,,,,2362.294307,1776183275000
1776183277.529,277.529,,,,,0.01,21762.8,0.02,441.7,0.99,21762.8,0.98,441.7,,,,,,,2362.27172,1776183276000
1776183278.168,278.168,,,,,0.01,21762.8,0.02,441.7,0.99,21762.8,0.98,441.7,,,,,,,2362.31172,1776183277000
1776183279.592,279.592,,,,,0.01,21762.8,0.02,441.7,0.99,21762.8,0.98,441.7,,,,,,,2362.37755,1776183278000
1776183280.328,280.328,,,,,0.01,21762.8,0.02,441.7,0.99,21762.8,0.98,441.7,,,,,,,2362.377575,1776183279000
1776183281.766,281.766,,,,,0.01,21762.8,0.02,441.7,0.99,21762.8,0.98,441.7,,,,,,,2362.707235,1776183280000
1776183282.335,282.335,,,,,0.01,21762.8,0.02,441.7,0.99,21762.8,0.98,441.7,,,,,,,2362.621342,1776183281000
1776183283.104,283.104,,,,,0.01,21762.8,0.02,441.7,0.99,21762.8,0.98,441.7,,,,,,,2362.610006,1776183282000
1776183284.437,284.437,,,,,0.01,21762.8,0.02,441.7,0.99,21762.8,0.98,441.7,,,,,,,2362.57858,1776183283000
1776183286.045,286.045,,,,,0.01,21762.8,0.02,441.7,0.99,21762.8,0.98,441.7,,,,,,,2362.494074,1776183285000
1776183286.973,286.973,,,,,0.01,21762.8,0.02,441.7,0.99,21762.8,0.98,441.7,,,,,,,2362.466061,1776183286000
1776183287.958,287.958,,,,,0.01,21762.8,0.02,441.7,0.99,21762.8,0.98,441.7,,,,,,,2362.48964,1776183287000
1776183288.935,288.935,,,,,0.01,21762.8,0.02,441.7,0.99,21762.8,0.98,441.7,,,,,,,2362.554869,1776183288000
1776183290.292,290.292,,,,,0.01,21762.8,0.02,441.7,0.99,21762.8,0.98,441.7,,,,,,,2362.57244,1776183289000
1776183291.297,291.297,,,,,0.01,21762.8,0.02,441.7,0.99,21762.8,0.98,441.7,,,,,,,2362.55417,1776183290000
1776183292.155,292.155,,,,,0.01,21762.8,0.02,441.7,0.99,21762.8,0.98,441.7,,,,,,,2362.534756,1776183291000
1776183293.148,293.148,,,,,0.01,21762.8,0.02,441.7,0.99,21762.8,0.98,441.7,,,,,,,2362.307604,1776183292000
1776183294.097,294.097,,,,,0.01,21762.8,0.02,441.7,0.99,21762.8,0.98,441.7,,,,,,,2362.278915,1776183293000
1776183294.965,294.965,,,,,0.01,21762.8,0.02,441.7,0.99,21762.8,0.98,441.7,,,,,,,2362.230271,1776183294000
1776183296.026,296.026,,,,,0.01,21762.8,0.02,441.7,0.99,21762.8,0.98,441.7,,,,,,,2362.214517,1776183295000
1776183296.951,296.951,,,,,0.01,21762.8,0.02,441.7,0.99,21762.8,0.98,441.7,,,,,,,2362.150095,1776183296000
1776183298.384,298.384,,,,,0.01,21762.8,0.02,441.7,0.99,21762.8,0.98,441.7,,,,,,,2362.10853,1776183297000
1776183298.975,298.975,,,,,0.01,21762.8,0.02,441.7,0.99,21762.8,0.98,441.7,,,,,,,2362.10853,1776183298000
1776183300.823,300.823,,,,,0.01,21762.8,0.02,441.7,0.99,21762.8,0.98,441.7,,,,,,,2362.069669,1776183299000

# RESULT,winner=Down,slug=eth-updown-5m-1776183000,ticks=456
