timestamp,elapsed_sec,up_bid_p1,up_bid_s1,up_bid_p2,up_bid_s2,up_ask_p1,up_ask_s1,up_ask_p2,up_ask_s2,down_bid_p1,down_bid_s1,down_bid_p2,down_bid_s2,down_ask_p1,down_ask_s1,down_ask_p2,down_ask_s2,up_spread,down_spread,eth_price,eth_oracle_ts
1776264901.078,1.078,0.46,41.05,0.4,38.0,0.47,5.0,0.48,5.0,0.53,5.0,0.52,5.0,0.54,41.05,0.6,38.0,0.01,0.01,2338.002003,1776264900000
1776264901.527,1.527,0.46,174.0,0.45,143.0,0.51,26.0,0.52,5.0,0.53,5.0,0.52,5.0,0.54,34.0,0.55,43.0,0.05,0.01,2338.002003,1776264900000
1776264902.115,2.115,0.5,1.0,0.46,143.0,0.51,11.07,0.52,5.0,0.49,26.0,0.48,5.0,0.5,1.0,0.54,174.0,0.01,0.01,2338.002003,1776264900000
1776264902.454,2.454,0.49,22.21,0.47,11.0,0.51,16.07,0.52,10.0,0.49,11.07,0.48,5.0,0.5,1.0,0.54,143.0,0.02,0.01,2337.996772,1776264901000
1776264903.246,3.246,0.5,6.0,0.49,27.1,0.51,16.17,0.52,10.0,0.49,16.17,0.48,10.0,0.54,165.0,0.55,141.0,0.01,0.05,2338.044721,1776264902000
1776264903.856,3.856,0.5,100.0,0.49,42.1,0.51,26.17,0.52,25.0,0.49,16.17,0.48,10.0,0.5,6.0,0.51,27.1,0.01,0.01,2338.044721,1776264902000
1776264905.112,5.112,0.49,45.1,0.48,68.0,0.51,36.17,0.52,30.0,0.49,26.17,0.48,25.0,0.5,100.0,0.51,42.1,0.02,0.01,2338.15527,1776264903000
1776264906.031,6.031,0.49,28.88,0.48,30.0,0.51,36.17,0.52,46.0,0.49,36.17,0.48,30.0,0.51,45.1,0.52,68.0,0.02,0.02,2338.154153,1776264904000
1776264906.503,6.503,0.47,16.09,0.46,116.0,0.51,21.17,0.52,30.0,0.49,36.17,0.48,46.0,0.51,28.88,0.52,30.0,0.04,0.02,2338.185828,1776264905000
1776264907.429,7.429,0.51,38.83,0.5,10.0,0.52,35.0,0.53,53.0,0.49,21.17,0.48,30.0,0.53,16.09,0.54,116.0,0.01,0.04,2338.185828,1776264905000
1776264908.3,8.3,0.51,51.78,0.5,10.0,0.52,35.0,0.53,63.0,0.48,35.0,0.47,53.0,0.49,38.83,0.5,10.0,0.01,0.01,2338.143905,1776264906000
1776264909.02,9.02,0.51,74.83,0.5,62.0,0.53,25.0,0.54,18.0,0.48,35.0,0.47,63.0,0.49,51.78,0.5,10.0,0.02,0.01,2338.143905,1776264906000
1776264909.695,9.695,0.52,112.0,0.51,122.83,0.53,1.38,0.54,8.0,0.47,25.0,0.46,18.0,0.49,74.83,0.5,62.0,0.01,0.02,2338.14134,1776264907000
1776264910.25,10.25,0.55,70.0,0.54,77.0,0.57,10.0,0.58,22.0,0.45,7.95,0.44,10.0,0.48,101.17,0.49,117.83,0.02,0.03,2338.23549,1776264908000
1776264911.101,11.101,0.56,20.5,0.55,30.0,0.57,40.0,0.58,58.5,0.43,10.0,0.42,22.0,0.45,70.0,0.46,77.0,0.01,0.02,2338.22692,1776264909000
1776264911.906,11.906,0.56,20.5,0.55,25.0,0.57,93.06,0.58,58.5,0.42,58.5,0.41,155.0,0.44,20.5,0.45,30.0,0.01,0.02,2338.387794,1776264910000
1776264912.979,12.979,0.54,4.5,0.53,15.5,0.55,235.28,0.56,147.5,0.43,93.06,0.42,58.5,0.44,20.5,0.45,25.0,0.01,0.01,2338.576565,1776264911000
1776264913.641,13.641,0.5,17.7,0.48,10.0,0.52,98.0,0.53,74.5,0.45,235.28,0.44,147.5,0.46,4.5,0.47,15.5,0.02,0.01,2338.57041,1776264912000
1776264914.454,14.454,0.47,30.0,0.46,8.0,0.48,173.75,0.49,159.0,0.48,98.0,0.47,74.5,0.5,17.7,0.52,10.0,0.01,0.02,2338.57041,1776264912000
1776264915.978,15.978,0.47,5.0,0.46,18.0,0.48,118.02,0.49,154.5,0.52,169.15,0.51,154.0,0.53,30.0,0.54,8.0,0.01,0.01,2338.087096,1776264914000
1776264916.256,16.256,0.46,9.83,0.45,10.5,0.47,60.0,0.48,93.5,0.52,99.5,0.51,87.5,0.54,18.0,0.55,35.5,0.01,0.02,2338.087096,1776264914000
1776264917.797,17.797,0.46,35.5,0.45,150.5,0.47,24.0,0.48,48.0,0.53,11.82,0.52,68.5,0.55,10.5,0.56,15.5,0.01,0.02,2337.819165,1776264916000
1776264925.065,25.065,0.43,50.5,0.42,71.5,0.45,89.0,0.46,127.78,0.53,24.0,0.52,48.0,0.54,35.5,0.55,150.5,0.02,0.01,2337.727099,1776264923000
1776264925.738,25.738,0.43,30.0,0.42,47.5,0.48,25.62,0.49,63.5,0.55,89.0,0.54,127.78,0.57,50.5,0.58,71.5,0.05,0.02,2337.727099,1776264923000
1776264926.19,26.19,0.43,47.39,0.42,47.5,0.44,15.0,0.45,5.0,0.52,25.62,0.51,63.5,0.57,30.0,0.58,47.5,0.01,0.05,2337.685139,1776264924000
1776264926.443,26.443,0.43,42.39,0.42,47.5,0.46,12.5,0.47,20.5,0.56,15.0,0.55,5.0,0.57,47.39,0.58,47.5,0.03,0.01,2337.685139,1776264924000
1776264928.093,28.093,0.44,23.21,0.43,21.89,0.45,35.0,0.46,52.5,0.54,12.5,0.53,20.5,0.57,42.39,0.58,47.5,0.01,0.03,2337.638761,1776264926000
1776264929.149,29.149,0.44,15.35,0.43,37.39,0.45,10.0,0.46,55.0,0.55,35.0,0.54,52.5,0.56,23.21,0.57,21.89,0.01,0.01,2337.545745,1776264928000
1776264929.903,29.903,0.44,15.58,0.43,37.39,0.45,30.0,0.46,79.48,0.55,10.0,0.54,55.0,0.56,15.35,0.57,37.39,0.01,0.01,2337.545745,1776264928000
1776264930.154,30.154,0.44,10.0,0.43,37.39,0.45,12.77,0.46,89.48,0.55,30.0,0.54,79.48,0.56,15.58,0.57,37.39,0.01,0.01,2337.545745,1776264928000
1776264930.478,30.478,0.44,15.0,0.43,37.39,0.46,79.32,0.47,51.5,0.55,12.77,0.54,89.48,0.56,10.0,0.57,37.39,0.02,0.01,2337.494023,1776264929000
1776264931.429,31.429,0.46,103.5,0.45,40.5,0.48,62.27,0.5,10.0,0.52,14.11,0.51,33.0,0.54,10.0,0.55,15.0,0.02,0.02,2337.47491,1776264930000
1776264933.188,33.188,0.49,181.5,0.48,81.5,0.5,3.51,0.52,10.0,0.52,62.27,0.5,10.0,0.54,103.5,0.55,40.5,0.01,0.02,2337.552274,1776264932000
1776264934.046,34.046,0.59,26.5,0.58,171.5,0.6,12.58,0.62,5.0,0.46,20.0,0.45,60.0,0.51,386.5,0.52,189.5,0.01,0.05,2337.552274,1776264932000
1776264935.051,35.051,0.65,7.43,0.64,10.0,0.66,120.0,0.67,90.28,0.34,165.0,0.33,5.0,0.41,26.5,0.42,171.5,0.01,0.07,2337.857137,1776264933000
1776264935.309,35.309,0.65,9.57,0.64,34.0,0.66,120.0,0.67,90.28,0.34,120.0,0.33,90.28,0.35,7.43,0.36,10.0,0.01,0.01,2337.857137,1776264933000
1776264935.592,35.592,0.65,9.57,0.64,34.0,0.66,17.9,0.67,90.28,0.34,120.0,0.33,90.28,0.35,9.57,0.36,34.0,0.01,0.01,2338.546036,1776264934000
1776264936.19,36.19,0.65,14.78,0.64,34.0,0.66,21.26,0.67,95.28,0.34,21.26,0.33,95.28,0.35,17.64,0.36,34.0,0.01,0.01,2338.921058,1776264935000
1776264937.16,37.16,0.65,51.57,0.64,49.5,0.66,13.08,0.67,95.28,0.34,16.1,0.33,95.28,0.35,17.43,0.36,10.0,0.01,0.01,2338.921058,1776264935000
1776264937.39,37.39,0.66,16.92,0.65,61.57,0.67,95.28,0.68,5.0,0.34,13.08,0.33,95.28,0.35,51.57,0.36,49.5,0.01,0.01,2339.19435,1776264936000
1776264937.905,37.905,0.65,38.57,0.64,15.0,0.67,191.78,0.68,30.5,0.33,95.28,0.32,5.0,0.34,16.92,0.35,61.57,0.02,0.01,2339.19435,1776264936000
1776264938.557,38.557,0.65,31.42,0.64,34.0,0.66,24.0,0.67,134.28,0.33,191.78,0.32,30.5,0.35,38.57,0.36,15.0,0.01,0.02,2339.249982,1776264937000
1776264939.472,39.472,0.65,73.92,0.64,69.5,0.66,29.29,0.67,97.0,0.34,24.0,0.33,134.28,0.35,31.42,0.36,34.0,0.01,0.01,2339.286431,1776264938000
1776264939.788,39.788,0.65,57.92,0.64,69.5,0.66,0.29,0.67,108.0,0.34,19.29,0.33,108.0,0.35,73.92,0.36,69.5,0.01,0.01,2339.286431,1776264938000
1776264939.998,39.998,0.65,15.92,0.64,69.5,0.66,38.29,0.67,25.0,0.34,27.29,0.33,113.0,0.35,21.92,0.36,80.5,0.01,0.01,2339.286431,1776264938000
1776264941.753,41.753,0.65,160.0,0.64,196.5,0.67,75.08,0.69,60.5,0.34,27.29,0.33,25.0,0.35,18.5,0.36,69.5,0.02,0.01,2339.122055,1776264940000
1776264942.13,42.13,0.66,75.19,0.65,201.69,0.67,88.17,0.68,10.0,0.33,75.08,0.31,60.5,0.35,160.0,0.36,196.5,0.01,0.02,2339.122055,1776264940000
1776264942.905,42.905,0.66,150.57,0.65,192.69,0.67,4.93,0.68,10.0,0.33,88.17,0.32,10.0,0.34,75.19,0.35,201.69,0.01,0.01,2339.1815,1776264941000
1776264943.812,43.812,0.72,21.94,0.71,7.04,0.74,86.29,0.75,25.0,0.31,45.0,0.3,80.5,0.32,14.56,0.33,38.5,0.02,0.01,2339.305287,1776264942000
1776264944.392,44.392,0.73,43.0,0.72,44.5,0.75,6.0,0.76,66.0,0.26,81.19,0.25,25.0,0.27,25.5,0.28,85.5,0.02,0.01,2339.317745,1776264943000
1776264944.677,44.677,0.75,2.0,0.74,10.0,0.76,96.0,0.77,165.5,0.25,6.0,0.24,66.0,0.27,43.0,0.28,44.5,0.01,0.02,2339.317745,1776264943000
1776264945.019,45.019,0.74,6.45,0.73,35.5,0.76,245.5,0.77,175.5,0.24,105.0,0.23,165.5,0.26,1.53,0.27,25.0,0.02,0.02,2339.317745,1776264943000
1776264945.292,45.292,0.73,40.5,0.72,95.5,0.76,120.5,0.77,183.5,0.24,170.5,0.23,183.5,0.25,1.2,0.26,1.53,0.03,0.01,2339.357465,1776264944000
1776264946.215,46.215,0.75,137.5,0.74,58.5,0.77,140.0,0.78,50.0,0.25,10.0,0.24,40.0,0.26,25.5,0.27,100.5,0.02,0.01,2339.357465,1776264944000
1776264946.617,46.617,0.75,10.0,0.74,10.0,0.77,200.5,0.78,78.5,0.23,140.0,0.22,50.0,0.25,137.5,0.26,58.5,0.02,0.02,2340.01152,1776264945000
1776264947.191,47.191,0.75,10.0,0.74,25.5,0.76,35.0,0.77,105.5,0.23,200.5,0.22,78.5,0.25,10.0,0.26,10.0,0.01,0.02,2340.01152,1776264946000
1776264947.899,47.899,0.74,25.5,0.73,50.5,0.75,25.86,0.76,15.0,0.24,37.8,0.23,105.5,0.26,10.0,0.27,25.0,0.01,0.02,2340.01152,1776264946000
1776264948.832,48.832,0.75,15.0,0.74,38.66,0.76,65.73,0.77,65.63,0.25,25.86,0.24,15.0,0.26,25.5,0.27,50.5,0.01,0.01,2340.10912,1776264947000
1776264949.269,49.269,0.75,20.0,0.74,33.16,0.76,10.0,0.77,70.63,0.24,65.73,0.23,65.63,0.25,15.0,0.26,38.66,0.01,0.01,2340.10912,1776264947000
1776264949.599,49.599,0.75,20.0,0.74,53.66,0.76,3.68,0.77,60.13,0.24,10.0,0.23,70.63,0.25,20.0,0.26,33.16,0.01,0.01,2340.070653,1776264948000
1776264950.87,50.87,0.75,20.0,0.74,43.16,0.76,25.0,0.77,81.26,0.23,55.76,0.22,70.5,0.25,25.0,0.26,53.66,0.01,0.02,2340.07367,1776264949000
1776264951.546,51.546,0.74,38.16,0.73,30.5,0.76,20.0,0.77,160.53,0.24,20.0,0.23,81.26,0.25,10.0,0.26,43.16,0.02,0.01,2340.063496,1776264950000
1776264952.186,52.186,0.74,24.0,0.72,15.0,0.75,31.0,0.76,95.5,0.24,25.0,0.23,142.53,0.27,30.5,0.28,30.5,0.01,0.03,2340.063496,1776264950000
1776264952.833,52.833,0.74,77.8,0.73,41.5,0.76,20.39,0.77,60.76,0.25,41.5,0.24,100.5,0.26,16.3,0.28,30.5,0.02,0.01,2340.030695,1776264951000
1776264953.891,53.891,0.76,43.5,0.75,66.5,0.77,35.63,0.78,70.0,0.25,10.4,0.24,20.39,0.26,32.3,0.27,41.5,0.01,0.01,2339.992069,1776264952000
1776264955.787,55.787,0.76,114.08,0.75,155.5,0.77,35.76,0.78,80.0,0.23,35.63,0.22,70.0,0.24,43.5,0.25,66.5,0.01,0.01,2340.026704,1776264954000
1776264956.117,56.117,0.76,112.08,0.75,155.5,0.77,23.18,0.78,80.0,0.23,30.95,0.22,80.0,0.24,112.08,0.25,155.5,0.01,0.01,2340.026704,1776264954000
1776264956.443,56.443,0.76,107.08,0.75,179.5,0.77,21.8,0.78,80.0,0.23,23.18,0.22,80.0,0.24,112.08,0.25,155.5,0.01,0.01,2340.245485,1776264955000
1776264957.09,57.09,0.76,167.08,0.75,119.5,0.77,15.0,0.78,80.0,0.23,21.8,0.22,80.0,0.24,107.08,0.25,179.5,0.01,0.01,2340.245485,1776264955000
1776264957.321,57.321,0.76,167.08,0.75,119.5,0.77,9.35,0.78,80.0,0.23,15.0,0.22,80.0,0.24,167.08,0.25,119.5,0.01,0.01,2340.245485,1776264955000
1776264957.594,57.594,0.76,162.08,0.75,119.5,0.77,9.35,0.78,80.0,0.23,9.35,0.22,80.0,0.24,167.08,0.25,119.5,0.01,0.01,2340.2818,1776264956000
1776264960.463,60.463,0.76,113.5,0.75,124.5,0.77,4.09,0.78,85.0,0.23,9.35,0.22,80.0,0.24,162.08,0.25,119.5,0.01,0.01,2340.316325,1776264959000
1776264960.724,60.724,0.78,50.5,0.77,72.5,0.79,55.83,0.8,90.0,0.21,60.43,0.2,90.0,0.23,132.5,0.24,73.5,0.01,0.02,2340.316325,1776264959000
1776264963.033,63.033,0.78,194.71,0.77,104.5,0.79,53.57,0.8,140.0,0.21,35.57,0.2,90.0,0.22,67.5,0.23,72.5,0.01,0.01,2340.293966,1776264961000
1776264963.482,63.482,0.78,200.21,0.77,104.5,0.79,47.0,0.8,140.0,0.21,51.44,0.2,140.0,0.22,189.71,0.23,104.5,0.01,0.01,2340.58562,1776264962000
1776264963.745,63.745,0.78,97.21,0.77,122.5,0.79,65.73,0.8,155.05,0.21,47.0,0.2,140.0,0.22,200.21,0.23,104.5,0.01,0.01,2340.58562,1776264962000
1776264964.055,64.055,0.78,237.21,0.77,62.5,0.79,31.74,0.8,140.0,0.21,65.73,0.2,155.05,0.22,97.21,0.23,122.5,0.01,0.01,2340.58562,1776264962000
1776264964.276,64.276,0.78,201.96,0.77,62.5,0.79,21.74,0.8,150.0,0.21,31.74,0.2,140.0,0.22,237.21,0.23,62.5,0.01,0.01,2340.58562,1776264962000
1776264964.715,64.715,0.78,255.42,0.77,112.5,0.79,14.36,0.8,150.0,0.21,16.1,0.2,150.0,0.22,196.96,0.23,62.5,0.01,0.01,2340.615755,1776264963000
1776264965.951,65.951,0.78,337.34,0.77,117.5,0.79,12.58,0.8,150.0,0.21,14.36,0.2,150.0,0.22,255.42,0.23,112.5,0.01,0.01,2340.654355,1776264964000
1776264967.546,67.546,0.78,138.07,0.77,20.0,0.79,77.58,0.8,187.5,0.21,12.58,0.2,150.0,0.22,337.34,0.23,117.5,0.01,0.01,2340.601295,1776264966000
1776264968.236,68.236,0.78,68.5,0.77,112.5,0.79,5.61,0.8,170.5,0.21,21.94,0.2,175.55,0.23,62.5,0.24,188.5,0.01,0.02,2340.601295,1776264966000
1776264969.223,69.223,0.78,43.45,0.77,122.5,0.79,21.11,0.8,170.5,0.21,5.61,0.2,170.5,0.22,68.5,0.23,112.5,0.01,0.01,2340.46047,1776264968000
1776264970.938,70.938,0.77,118.5,0.76,155.5,0.78,54.35,0.79,26.11,0.21,21.11,0.2,170.5,0.22,43.45,0.23,122.5,0.01,0.01,2340.378825,1776264969000
1776264972.864,72.864,0.76,75.0,0.75,100.0,0.77,54.86,0.78,124.85,0.22,54.35,0.21,26.11,0.23,118.5,0.24,155.5,0.01,0.01,2340.429174,1776264971000
1776264974.262,74.262,0.76,173.5,0.75,302.5,0.78,40.11,0.79,36.11,0.23,26.86,0.22,106.85,0.24,85.0,0.25,120.0,0.02,0.01,2340.368784,1776264973000
1776264975.867,75.867,0.76,18.0,0.75,146.0,0.77,111.95,0.78,95.61,0.22,40.11,0.21,36.11,0.24,173.5,0.25,302.5,0.01,0.02,2340.239301,1776264974000
1776264977.367,77.367,0.76,64.0,0.75,216.5,0.77,69.2,0.78,80.61,0.23,98.1,0.22,85.61,0.24,23.0,0.25,146.0,0.01,0.01,2340.256604,1776264976000
1776264977.602,77.602,0.76,69.0,0.75,221.5,0.77,63.55,0.78,80.61,0.23,69.2,0.22,80.61,0.24,64.0,0.25,216.5,0.01,0.01,2340.256604,1776264976000
1776264977.941,77.941,0.76,48.71,0.75,181.5,0.77,112.55,0.78,85.61,0.23,63.55,0.22,80.61,0.24,69.0,0.25,221.5,0.01,0.01,2340.256604,1776264976000
1776264978.769,78.769,0.76,58.71,0.75,171.5,0.77,103.56,0.78,85.61,0.23,112.55,0.22,85.61,0.24,48.71,0.25,181.5,0.01,0.01,2340.145129,1776264977000
1776264979.21,79.21,0.76,62.22,0.75,231.5,0.77,98.56,0.78,85.61,0.23,103.56,0.22,85.61,0.24,58.71,0.25,171.5,0.01,0.01,2340.145129,1776264977000
1776264979.57,79.57,0.76,67.22,0.75,221.5,0.77,93.56,0.78,80.61,0.23,98.56,0.22,85.61,0.24,62.22,0.25,231.5,0.01,0.01,2340.138495,1776264978000
1776264980.268,80.268,0.76,51.38,0.75,221.5,0.77,93.56,0.78,80.61,0.23,93.56,0.22,80.61,0.24,67.22,0.25,221.5,0.01,0.01,2340.146967,1776264979000
1776264980.878,80.878,0.76,51.38,0.75,221.5,0.77,82.91,0.78,85.61,0.23,93.56,0.22,80.61,0.24,51.38,0.25,221.5,0.01,0.01,2340.146967,1776264979000
1776264982.319,82.319,0.76,102.38,0.75,221.5,0.77,20.43,0.78,75.61,0.23,82.91,0.22,85.61,0.24,51.38,0.25,221.5,0.01,0.01,2340.140698,1776264981000
1776264982.952,82.952,0.75,130.0,0.74,140.0,0.77,131.5,0.78,85.61,0.23,20.43,0.22,75.61,0.24,102.38,0.25,221.5,0.02,0.01,2340.140698,1776264981000
1776264983.774,83.774,0.74,40.0,0.73,60.0,0.75,121.36,0.76,136.5,0.23,131.5,0.22,85.61,0.25,130.0,0.26,140.0,0.01,0.02,2340.140218,1776264982000
1776264984.744,84.744,0.73,45.0,0.72,40.0,0.75,141.5,0.76,165.5,0.25,121.36,0.24,136.5,0.26,40.0,0.27,60.0,0.02,0.01,2340.139329,1776264983000
1776264987.309,87.309,0.72,126.5,0.71,175.5,0.73,41.0,0.74,121.5,0.25,141.5,0.24,165.5,0.27,45.0,0.28,40.0,0.01,0.02,2339.83049,1776264985000
1776264989.598,89.598,0.74,57.5,0.73,36.5,0.75,50.0,0.76,80.5,0.27,41.0,0.26,121.5,0.28,126.5,0.29,175.5,0.01,0.01,2339.78147,1776264987000
1776264991.087,91.087,0.75,65.0,0.74,105.58,0.76,84.18,0.77,90.5,0.25,50.0,0.24,80.5,0.26,57.5,0.27,36.5,0.01,0.01,2339.735135,1776264989000
1776264992.488,92.488,0.75,86.66,0.74,105.58,0.76,49.18,0.77,105.5,0.24,79.18,0.23,90.5,0.25,70.0,0.26,105.58,0.01,0.01,2339.8322,1776264991000
1776264994.019,94.019,0.76,268.5,0.75,274.5,0.78,85.0,0.79,25.61,0.24,49.18,0.23,105.5,0.25,86.66,0.26,105.58,0.02,0.01,2339.919306,1776264993000
1776264994.847,94.847,0.77,136.0,0.76,233.5,0.78,60.0,0.79,41.11,0.22,85.0,0.21,25.61,0.24,268.5,0.25,274.5,0.01,0.02,2339.919306,1776264993000
1776264996.186,96.186,0.77,102.52,0.76,228.5,0.78,75.0,0.79,41.11,0.22,60.0,0.21,41.11,0.23,136.0,0.24,233.5,0.01,0.01,2339.88774,1776264995000
1776264997.43,97.43,0.77,92.52,0.76,195.5,0.78,69.35,0.79,46.11,0.22,75.0,0.21,41.11,0.23,102.52,0.24,228.5,0.01,0.01,2339.99777,1776264996000
1776264997.681,97.681,0.77,92.52,0.76,195.5,0.78,55.82,0.79,46.11,0.22,69.35,0.21,46.11,0.23,92.52,0.24,195.5,0.01,0.01,2339.99777,1776264996000
1776264999.315,99.315,0.77,98.0,0.76,95.5,0.78,52.61,0.79,35.61,0.22,55.82,0.21,46.11,0.23,92.52,0.24,195.5,0.01,0.01,2339.972475,1776264998000
1776264999.628,99.628,0.77,109.0,0.76,95.5,0.78,36.2,0.79,46.11,0.22,52.61,0.21,35.61,0.23,98.0,0.24,95.5,0.01,0.01,2339.972475,1776264998000
1776265000.744,100.744,0.77,124.5,0.76,95.5,0.78,4.35,0.79,30.61,0.22,28.5,0.21,46.11,0.23,114.0,0.24,95.5,0.01,0.01,2339.980835,1776264999000
1776265001.696,101.696,0.76,65.0,0.75,91.5,0.77,65.0,0.78,89.85,0.22,4.35,0.21,30.61,0.23,124.5,0.24,95.5,0.01,0.01,2340.03501,1776265000000
1776265002.292,102.292,0.75,91.5,0.74,109.58,0.76,31.68,0.77,107.0,0.23,130.0,0.22,89.85,0.24,48.0,0.25,86.5,0.01,0.01,2340.03501,1776265000000
1776265003.291,103.291,0.75,100.5,0.74,104.58,0.76,36.68,0.77,107.0,0.24,31.68,0.23,107.0,0.25,91.5,0.26,109.58,0.01,0.01,2340.04758,1776265001000
1776265004.032,104.032,0.76,68.5,0.75,96.5,0.78,9.48,0.79,30.61,0.24,36.68,0.23,107.0,0.25,100.5,0.26,104.58,0.02,0.01,2340.0225,1776265002000
1776265006.682,106.682,0.76,94.5,0.75,130.5,0.77,40.0,0.78,24.48,0.22,9.48,0.21,30.61,0.24,68.5,0.25,96.5,0.01,0.02,2339.9632,1776265005000
1776265007.336,107.336,0.76,69.0,0.75,130.5,0.77,134.35,0.78,79.98,0.23,40.0,0.22,24.48,0.24,94.5,0.25,130.5,0.01,0.01,2339.972608,1776265006000
1776265008.196,108.196,0.75,28.64,0.74,35.58,0.76,73.0,0.77,131.85,0.23,134.35,0.22,79.98,0.24,69.0,0.25,130.5,0.01,0.01,2339.972608,1776265006000
1776265008.51,108.51,0.75,100.14,0.74,40.58,0.77,22.0,0.78,74.48,0.24,73.0,0.23,121.35,0.25,21.64,0.26,35.58,0.02,0.01,2339.951294,1776265007000
1776265009.261,109.261,0.76,101.54,0.75,118.14,0.77,75.0,0.78,84.98,0.23,22.0,0.22,74.48,0.25,100.14,0.26,40.58,0.01,0.02,2339.942219,1776265008000
1776265010.001,110.001,0.75,33.64,0.74,89.08,0.77,113.5,0.78,84.98,0.23,75.0,0.22,84.98,0.24,101.54,0.25,118.14,0.02,0.01,2339.942219,1776265008000
1776265010.958,110.958,0.76,43.0,0.75,101.64,0.77,88.0,0.78,84.98,0.24,10.0,0.23,100.5,0.25,33.64,0.26,109.58,0.01,0.01,2339.894096,1776265009000
1776265014.07,114.07,0.74,5.77,0.73,42.0,0.76,87.5,0.77,125.5,0.23,88.0,0.22,84.98,0.24,43.0,0.25,101.64,0.02,0.01,2339.806414,1776265012000
1776265014.409,114.409,0.73,42.0,0.72,141.5,0.75,105.5,0.76,77.5,0.24,87.5,0.23,125.5,0.26,5.77,0.27,42.0,0.02,0.02,2339.806414,1776265012000
1776265015.023,115.023,0.72,56.0,0.71,155.0,0.73,63.08,0.74,122.5,0.25,105.5,0.24,77.5,0.27,42.0,0.28,141.5,0.01,0.02,2339.820037,1776265013000
1776265015.434,115.434,0.71,70.0,0.7,238.0,0.73,118.5,0.74,102.5,0.27,63.08,0.26,122.5,0.28,56.0,0.29,155.0,0.02,0.01,2339.810251,1776265014000
1776265015.725,115.725,0.7,253.0,0.69,225.5,0.72,63.5,0.73,116.5,0.27,118.5,0.26,102.5,0.29,70.0,0.3,238.0,0.02,0.02,2339.810251,1776265014000
1776265016.078,116.078,0.7,218.0,0.69,274.5,0.71,82.0,0.72,95.5,0.28,63.5,0.27,116.5,0.3,253.0,0.31,225.5,0.01,0.02,2339.810251,1776265014000
1776265016.691,116.691,0.7,218.0,0.69,279.5,0.71,61.0,0.72,95.5,0.29,71.0,0.28,95.5,0.3,223.0,0.31,274.5,0.01,0.01,2339.601045,1776265015000
1776265019.494,119.494,0.7,102.6,0.69,160.0,0.71,131.5,0.72,105.5,0.29,61.0,0.28,95.5,0.3,218.0,0.31,279.5,0.01,0.01,2339.391674,1776265018000
1776265019.986,119.986,0.7,0.43,0.69,170.0,0.71,126.5,0.72,115.5,0.29,131.5,0.28,115.5,0.3,97.43,0.31,170.0,0.01,0.01,2339.391674,1776265018000
1776265020.551,120.551,0.69,175.0,0.68,420.5,0.7,5.57,0.71,141.5,0.29,126.5,0.28,115.5,0.3,0.43,0.31,170.0,0.01,0.01,2339.335878,1776265019000
1776265020.908,120.908,0.7,21.37,0.69,266.5,0.71,20.0,0.72,95.0,0.3,5.57,0.29,141.5,0.31,175.0,0.32,420.5,0.01,0.01,2339.335878,1776265019000
1776265021.549,121.549,0.71,6.0,0.7,130.95,0.72,75.0,0.73,75.0,0.29,20.0,0.28,95.0,0.3,21.37,0.31,266.5,0.01,0.01,2339.335878,1776265019000
1776265021.884,121.884,0.71,96.74,0.7,125.95,0.72,10.0,0.73,80.0,0.28,20.0,0.27,80.0,0.29,75.74,0.3,130.95,0.01,0.01,2339.292054,1776265020000
1776265022.59,122.59,0.71,82.25,0.7,151.66,0.72,50.0,0.73,85.5,0.28,10.0,0.27,80.0,0.29,96.74,0.3,125.95,0.01,0.01,2339.281972,1776265021000
1776265023.029,123.029,0.71,77.25,0.7,151.66,0.72,50.0,0.73,90.5,0.28,50.0,0.27,85.5,0.29,82.25,0.3,151.66,0.01,0.01,2339.281972,1776265021000
1776265024.997,124.997,0.71,25.0,0.7,140.66,0.72,66.5,0.73,95.5,0.28,50.0,0.27,90.5,0.29,77.25,0.3,151.66,0.01,0.01,2339.29273,1776265023000
1776265025.569,125.569,0.7,131.99,0.69,254.5,0.72,40.5,0.73,95.5,0.28,65.11,0.27,95.5,0.29,25.0,0.3,140.66,0.02,0.01,2339.29273,1776265023000
1776265026.146,126.146,0.7,115.39,0.69,259.5,0.71,10.0,0.72,105.5,0.28,40.5,0.27,95.5,0.3,131.99,0.31,254.5,0.01,0.02,2339.332895,1776265024000
1776265027.088,127.088,0.7,110.39,0.69,259.5,0.71,67.1,0.72,105.5,0.29,10.0,0.28,105.5,0.3,115.39,0.31,259.5,0.01,0.01,2339.274266,1776265026000
1776265028.41,128.41,0.7,47.47,0.69,209.5,0.71,122.1,0.72,95.5,0.29,67.1,0.28,105.5,0.3,110.39,0.31,259.5,0.01,0.01,2339.274266,1776265026000
1776265028.631,128.631,0.7,41.03,0.69,209.5,0.71,127.1,0.72,95.5,0.29,122.1,0.28,95.5,0.3,47.47,0.31,209.5,0.01,0.01,2339.251321,1776265027000
1776265029.259,129.259,0.69,160.0,0.68,429.5,0.71,137.1,0.72,95.5,0.29,127.1,0.28,95.5,0.3,41.03,0.31,209.5,0.02,0.01,2339.290211,1776265028000
1776265030.628,130.628,0.7,42.0,0.69,142.5,0.71,85.26,0.72,75.5,0.29,137.1,0.28,95.5,0.31,160.0,0.32,429.5,0.01,0.02,2339.324923,1776265029000
1776265030.876,130.876,0.7,135.33,0.69,142.5,0.71,43.26,0.72,75.5,0.29,49.26,0.28,75.5,0.3,130.33,0.31,142.5,0.01,0.01,2339.324923,1776265029000
1776265031.625,131.625,0.73,22.0,0.72,79.5,0.74,103.73,0.75,75.5,0.29,43.26,0.28,75.5,0.3,135.33,0.31,142.5,0.01,0.01,2339.142899,1776265030000
1776265032.264,132.264,0.73,117.0,0.72,134.5,0.74,81.47,0.75,70.5,0.26,103.73,0.25,75.5,0.27,22.0,0.28,79.5,0.01,0.01,2339.099058,1776265031000
1776265033.73,133.73,0.73,309.58,0.72,86.5,0.74,20.79,0.76,51.66,0.26,81.47,0.25,70.5,0.29,93.46,0.3,106.5,0.01,0.03,2339.290185,1776265032000
1776265034.661,134.661,0.79,185.7,0.78,50.0,0.8,34.82,0.82,135.0,0.21,35.0,0.2,160.0,0.24,49.47,0.25,129.5,0.01,0.03,2339.330555,1776265033000
1776265036.98,136.98,0.83,270.0,0.82,192.5,0.84,140.0,0.85,199.0,0.2,34.82,0.18,135.0,0.21,185.7,0.22,50.0,0.01,0.01,2339.864293,1776265035000
1776265040.676,140.676,0.83,4.0,0.82,137.95,0.84,156.81,0.85,235.23,0.16,140.0,0.15,199.0,0.17,270.0,0.18,192.5,0.01,0.01,2340.505505,1776265039000
1776265041.188,141.188,0.81,25.0,0.8,82.0,0.83,165.44,0.84,129.81,0.17,20.94,0.16,129.81,0.18,25.95,0.19,64.0,0.02,0.01,2340.57435,1776265040000
1776265041.953,141.953,0.81,1.84,0.8,102.5,0.82,146.11,0.83,138.44,0.17,165.44,0.16,129.81,0.19,7.0,0.2,107.5,0.01,0.02,2340.57435,1776265040000
1776265042.465,142.465,0.79,6.0,0.78,224.0,0.8,135.05,0.81,150.81,0.18,146.11,0.17,138.44,0.19,1.84,0.2,102.5,0.01,0.01,2340.501939,1776265041000
1776265042.773,142.773,0.79,6.0,0.78,224.0,0.8,84.55,0.81,107.81,0.2,135.05,0.19,150.81,0.21,6.0,0.22,224.0,0.01,0.01,2340.501939,1776265041000
1776265043.838,143.838,0.79,6.0,0.78,213.0,0.8,140.55,0.81,107.81,0.2,84.55,0.19,107.81,0.21,6.0,0.22,224.0,0.01,0.01,2340.201425,1776265042000
1776265045.126,145.126,0.78,50.0,0.77,50.0,0.79,110.03,0.8,80.55,0.2,131.92,0.19,107.81,0.21,6.0,0.22,213.0,0.01,0.01,2340.15185,1776265043000
1776265045.868,145.868,0.78,111.0,0.77,122.0,0.79,81.73,0.8,87.55,0.21,110.03,0.2,80.55,0.22,50.0,0.23,50.0,0.01,0.01,2340.004193,1776265044000
1776265048.501,148.501,0.77,45.0,0.76,101.0,0.78,105.96,0.79,102.23,0.21,81.73,0.2,87.55,0.22,111.0,0.23,122.0,0.01,0.01,2339.834937,1776265047000
1776265049.171,149.171,0.74,30.0,0.73,53.08,0.76,160.5,0.77,72.5,0.22,105.96,0.21,102.23,0.23,45.0,0.24,101.0,0.02,0.01,2339.834937,1776265047000
1776265050.612,150.612,0.74,28.08,0.73,135.08,0.75,137.16,0.76,122.5,0.24,160.5,0.23,72.5,0.26,30.0,0.27,53.08,0.01,0.02,2339.700321,1776265049000
1776265052.226,152.226,0.74,39.08,0.73,163.08,0.75,105.9,0.76,102.5,0.25,137.16,0.24,122.5,0.26,28.08,0.27,135.08,0.01,0.01,2339.591317,1776265050000
1776265052.545,152.545,0.73,41.74,0.72,135.0,0.75,178.4,0.76,222.5,0.25,105.9,0.24,102.5,0.26,39.08,0.27,163.08,0.02,0.01,2339.469727,1776265051000
1776265052.834,152.834,0.73,35.74,0.72,135.0,0.74,130.5,0.75,126.4,0.25,178.4,0.24,222.5,0.27,41.74,0.28,135.0,0.01,0.02,2339.469727,1776265051000
1776265053.474,153.474,0.69,35.0,0.68,390.0,0.71,16.5,0.74,373.5,0.26,130.5,0.25,126.4,0.27,35.74,0.28,135.0,0.02,0.01,2339.617226,1776265052000
1776265055.025,155.025,0.66,118.04,0.65,36.0,0.68,347.5,0.69,104.5,0.29,16.5,0.26,373.5,0.31,35.0,0.32,390.0,0.02,0.02,2339.559462,1776265053000
1776265055.428,155.428,0.61,158.0,0.6,93.0,0.63,46.5,0.64,51.64,0.37,15.0,0.36,31.89,0.38,2.79,0.39,283.0,0.02,0.01,2339.156901,1776265054000
1776265055.834,155.834,0.61,13.0,0.6,70.0,0.62,25.5,0.63,31.5,0.38,24.51,0.37,41.5,0.39,168.0,0.4,103.0,0.01,0.01,2339.156901,1776265054000
1776265056.081,156.081,0.61,5.0,0.6,118.0,0.62,10.0,0.63,20.5,0.39,48.39,0.38,25.5,0.4,80.0,0.41,170.0,0.01,0.01,2339.156901,1776265054000
1776265056.295,156.295,0.61,20.0,0.6,70.0,0.63,9.5,0.64,28.75,0.37,20.5,0.36,23.75,0.39,5.0,0.4,70.0,0.02,0.02,2338.829035,1776265055000
1776265056.697,156.697,0.61,84.58,0.6,157.5,0.62,3.07,0.63,65.0,0.37,9.5,0.36,28.75,0.39,20.0,0.4,70.0,0.01,0.02,2338.829035,1776265055000
1776265057.2,157.2,0.62,70.5,0.61,137.94,0.63,32.0,0.64,55.0,0.37,55.74,0.36,50.0,0.39,77.94,0.4,157.5,0.01,0.02,2338.829035,1776265055000
1776265057.732,157.732,0.62,115.5,0.61,142.94,0.64,52.96,0.65,100.5,0.37,32.0,0.36,55.0,0.38,70.5,0.39,137.94,0.02,0.01,2338.462995,1776265056000
1776265058.667,158.667,0.63,36.0,0.62,50.0,0.64,76.74,0.65,110.5,0.36,52.96,0.35,100.5,0.38,115.5,0.39,142.94,0.01,0.02,2338.515952,1776265057000
1776265059.266,159.266,0.61,96.94,0.6,115.5,0.62,7.19,0.63,90.0,0.36,76.74,0.35,110.5,0.37,36.0,0.38,50.0,0.01,0.01,2338.587639,1776265058000
1776265059.55,159.55,0.62,14.71,0.61,96.94,0.63,50.0,0.64,80.0,0.38,7.19,0.37,90.0,0.39,96.94,0.4,115.5,0.01,0.01,2338.587639,1776265058000
1776265060.202,160.202,0.62,20.0,0.61,96.94,0.63,37.96,0.64,80.0,0.37,50.0,0.36,80.0,0.38,13.44,0.39,96.94,0.01,0.01,2338.587639,1776265058000
1776265061.299,161.299,0.62,15.0,0.61,156.42,0.63,35.92,0.64,85.0,0.37,37.96,0.36,80.0,0.38,20.0,0.39,96.94,0.01,0.01,2338.68634,1776265059000
1776265062.087,162.087,0.6,31.4,0.59,185.5,0.62,80.5,0.63,120.5,0.37,35.92,0.36,85.0,0.38,15.0,0.39,156.42,0.02,0.01,2338.69294,1776265060000
1776265065.316,165.316,0.6,34.48,0.59,251.5,0.61,129.47,0.62,115.5,0.39,65.0,0.38,40.0,0.4,31.4,0.41,185.5,0.01,0.01,2338.520373,1776265063000
1776265065.666,165.666,0.6,129.98,0.59,252.5,0.62,15.0,0.63,100.5,0.39,129.47,0.38,115.5,0.4,34.48,0.41,251.5,0.02,0.01,2338.520373,1776265063000
1776265071.02,171.02,0.6,33.56,0.59,11.0,0.61,83.57,0.62,90.5,0.38,15.0,0.37,100.5,0.4,129.98,0.41,252.5,0.01,0.02,2338.429902,1776265070000
1776265075.223,175.223,0.55,0.1,0.54,35.0,0.56,194.5,0.57,101.5,0.39,193.53,0.38,90.5,0.42,130.0,0.43,85.0,0.01,0.03,2338.3666,1776265074000
1776265075.689,175.689,0.54,3.76,0.53,10.0,0.55,143.5,0.56,189.5,0.44,194.5,0.43,101.5,0.46,40.0,0.47,60.0,0.01,0.02,2338.3666,1776265074000
1776265075.96,175.96,0.53,16.5,0.52,84.91,0.54,15.0,0.55,30.0,0.45,143.5,0.44,189.5,0.46,3.76,0.47,10.0,0.01,0.01,2338.3666,1776265074000
1776265076.528,176.528,0.53,75.5,0.52,94.91,0.54,9.62,0.55,10.0,0.44,141.85,0.43,86.5,0.47,11.5,0.48,84.91,0.01,0.03,2338.251145,1776265075000
1776265078.149,178.149,0.53,20.5,0.52,94.91,0.54,24.62,0.55,65.0,0.46,9.62,0.45,10.0,0.47,75.5,0.48,94.91,0.01,0.01,2338.151288,1776265077000
1776265079.159,179.159,0.52,104.55,0.51,147.5,0.54,30.0,0.55,80.0,0.46,24.62,0.45,65.0,0.47,20.5,0.48,94.91,0.02,0.01,2338.151288,1776265077000
1776265080.451,180.451,0.51,87.1,0.5,151.0,0.54,15.0,0.55,25.0,0.46,30.0,0.45,80.0,0.48,104.55,0.49,147.5,0.03,0.02,2338.16844,1776265078000
1776265081.557,181.557,0.53,30.0,0.52,25.5,0.54,78.14,0.55,75.0,0.46,15.0,0.45,25.0,0.49,87.1,0.5,151.0,0.01,0.03,2338.238817,1776265079000
1776265082.758,182.758,0.51,47.0,0.5,80.0,0.54,124.01,0.55,110.5,0.46,62.51,0.45,75.0,0.47,15.0,0.48,20.5,0.03,0.01,2338.24436,1776265081000
1776265083.426,183.426,0.51,87.0,0.5,80.0,0.52,115.0,0.53,85.5,0.46,124.01,0.45,110.5,0.49,47.0,0.5,80.0,0.01,0.03,2338.24436,1776265081000
1776265083.646,183.646,0.51,177.5,0.5,146.5,0.57,37.15,0.58,65.0,0.43,50.0,0.42,65.0,0.49,177.5,0.5,140.5,0.06,0.06,2338.247325,1776265082000
1776265084.874,184.874,0.52,15.0,0.51,105.0,0.57,77.15,0.58,90.5,0.43,37.15,0.42,65.0,0.49,177.5,0.5,146.5,0.05,0.06,2338.242598,1776265083000
1776265087.344,187.344,0.53,15.0,0.52,16.0,0.54,79.88,0.55,90.5,0.43,77.15,0.42,90.5,0.48,15.0,0.49,105.0,0.01,0.05,2338.157351,1776265086000
1776265094.296,194.296,0.53,127.5,0.52,86.0,0.55,5.0,0.56,70.0,0.46,79.88,0.45,90.5,0.47,15.0,0.48,16.0,0.02,0.01,2338.20817,1776265093000
1776265094.523,194.523,0.55,36.0,0.54,20.0,0.56,63.5,0.57,97.65,0.44,64.0,0.43,92.65,0.47,127.5,0.48,146.0,0.01,0.03,2338.20817,1776265093000
1776265097.222,197.222,0.52,71.5,0.51,110.5,0.54,70.0,0.55,65.0,0.44,63.5,0.43,97.65,0.45,36.0,0.46,20.0,0.02,0.01,2338.233935,1776265095000
1776265098.58,198.58,0.57,105.5,0.56,87.25,0.59,65.0,0.6,80.0,0.46,70.0,0.45,65.0,0.48,71.5,0.49,110.5,0.02,0.02,2338.158983,1776265097000
1776265099.256,199.256,0.58,242.5,0.57,143.5,0.61,39.86,0.62,160.0,0.41,2.79,0.4,5.0,0.42,182.5,0.43,97.5,0.03,0.01,2338.180801,1776265098000
1776265100.443,200.443,0.6,21.0,0.59,70.5,0.61,20.86,0.62,160.0,0.39,39.86,0.38,160.0,0.42,242.5,0.43,143.5,0.01,0.03,2338.24067,1776265099000
1776265101.538,201.538,0.61,12.87,0.6,159.0,0.62,110.0,0.63,140.5,0.39,20.86,0.38,160.0,0.4,21.0,0.41,70.5,0.01,0.01,2338.24067,1776265099000
1776265101.88,201.88,0.6,98.26,0.59,86.5,0.62,110.0,0.63,140.5,0.38,110.0,0.37,140.5,0.39,12.87,0.4,159.0,0.02,0.01,2338.53131,1776265100000
1776265102.806,202.806,0.61,21.88,0.6,52.26,0.62,65.0,0.63,150.5,0.38,110.0,0.37,140.5,0.4,98.26,0.41,86.5,0.01,0.02,2338.57262,1776265101000
1776265104.098,204.098,0.61,45.08,0.6,115.0,0.62,6.03,0.63,145.5,0.38,65.0,0.37,150.5,0.39,21.88,0.4,52.26,0.01,0.01,2338.56074,1776265103000
1776265105.029,205.029,0.63,23.0,0.62,135.0,0.64,54.5,0.65,110.5,0.37,140.5,0.36,95.0,0.39,40.08,0.4,115.5,0.01,0.02,2338.56074,1776265103000
1776265105.396,205.396,0.64,50.0,0.63,23.0,0.65,109.85,0.66,210.0,0.35,110.5,0.34,200.0,0.37,23.0,0.38,135.0,0.01,0.02,2338.541889,1776265104000
1776265106.096,206.096,0.64,35.0,0.63,28.0,0.65,117.15,0.66,200.0,0.35,109.85,0.34,210.0,0.36,50.0,0.37,23.0,0.01,0.01,2338.541889,1776265104000
1776265107.489,207.489,0.64,30.0,0.63,28.0,0.65,120.45,0.66,200.0,0.35,117.15,0.34,200.0,0.36,35.0,0.37,28.0,0.01,0.01,2338.577211,1776265106000
1776265109.185,209.185,0.61,3.08,0.6,10.0,0.62,216.5,0.63,149.5,0.35,120.45,0.34,200.0,0.36,30.0,0.37,28.0,0.01,0.01,2338.57015,1776265108000
1776265109.636,209.636,0.56,1.45,0.55,100.5,0.57,72.0,0.58,30.5,0.38,216.5,0.37,180.5,0.45,90.0,0.46,66.0,0.01,0.07,2338.57015,1776265108000
1776265110.904,210.904,0.54,21.0,0.53,25.5,0.55,22.7,0.56,45.5,0.43,72.0,0.42,30.5,0.44,1.45,0.45,100.5,0.01,0.01,2338.56912,1776265109000
1776265111.566,211.566,0.54,21.0,0.53,75.5,0.55,27.7,0.56,55.5,0.45,22.7,0.44,45.5,0.46,21.0,0.47,25.5,0.01,0.01,2338.56912,1776265109000
1776265116.568,216.568,0.53,76.0,0.52,95.5,0.54,41.97,0.55,61.5,0.45,27.7,0.44,55.5,0.46,21.0,0.47,75.5,0.01,0.01,2338.275494,1776265114000
1776265117.75,217.75,0.53,11.0,0.52,25.0,0.54,85.47,0.55,116.5,0.46,41.97,0.45,61.5,0.47,76.0,0.48,95.5,0.01,0.01,2338.298669,1776265116000
1776265120.994,220.994,0.58,72.0,0.57,47.25,0.6,25.5,0.61,105.0,0.46,85.47,0.45,116.5,0.47,11.0,0.48,25.0,0.02,0.01,2338.158902,1776265119000
1776265121.414,221.414,0.59,113.5,0.58,101.5,0.61,55.0,0.62,30.0,0.4,25.5,0.39,105.0,0.42,72.0,0.43,47.25,0.02,0.02,2338.154181,1776265120000
1776265122.929,222.929,0.62,33.29,0.61,80.0,0.63,13.11,0.64,15.0,0.37,5.03,0.36,15.0,0.38,10.0,0.39,25.0,0.01,0.01,2338.162332,1776265121000
1776265125.356,225.356,0.62,17.65,0.61,95.5,0.63,8.25,0.64,5.0,0.37,8.25,0.36,5.0,0.38,28.29,0.39,80.0,0.01,0.01,2338.393883,1776265123000
1776265126.865,226.865,0.62,3.08,0.61,6.0,0.63,129.75,0.64,114.5,0.37,8.25,0.36,5.0,0.38,17.65,0.39,95.5,0.01,0.01,2338.45503,1776265125000
1776265127.096,227.096,0.55,25.0,0.54,30.0,0.63,247.75,0.64,114.5,0.37,129.75,0.36,114.5,0.38,3.08,0.39,6.0,0.08,0.01,2338.45503,1776265125000
1776265127.68,227.68,0.49,50.0,0.48,185.2,0.51,60.0,0.52,10.0,0.37,247.75,0.36,114.5,0.45,25.0,0.46,30.0,0.02,0.08,2338.443052,1776265126000
1776265128.321,228.321,0.46,10.0,0.45,289.31,0.49,97.5,0.5,70.5,0.5,50.0,0.49,60.0,0.52,180.2,0.53,150.0,0.03,0.02,2338.377028,1776265127000
1776265128.994,228.994,0.45,299.31,0.44,143.89,0.46,70.96,0.47,25.0,0.51,97.5,0.5,70.5,0.54,10.0,0.55,289.31,0.01,0.03,2338.377028,1776265127000
1776265132.727,232.727,0.45,105.81,0.44,199.39,0.46,75.0,0.47,20.5,0.54,70.96,0.53,25.0,0.55,299.31,0.56,143.89,0.01,0.01,2337.865305,1776265131000
1776265133.195,233.195,0.44,174.39,0.43,60.0,0.46,86.24,0.47,25.5,0.54,65.74,0.53,20.5,0.55,100.81,0.56,199.39,0.02,0.01,2337.865305,1776265131000
1776265133.987,233.987,0.44,18.89,0.43,70.5,0.45,61.53,0.46,76.24,0.54,86.24,0.53,25.5,0.56,174.39,0.57,60.0,0.01,0.02,2337.865305,1776265132000
1776265134.702,234.702,0.44,0.89,0.43,75.5,0.45,61.53,0.46,105.24,0.55,61.53,0.54,76.24,0.56,18.89,0.57,70.5,0.01,0.01,2337.865305,1776265132000
1776265135.154,235.154,0.42,185.0,0.41,266.66,0.44,60.0,0.45,51.03,0.55,61.53,0.54,105.24,0.57,62.0,0.58,192.0,0.02,0.02,2337.829987,1776265133000
1776265135.773,235.773,0.42,190.5,0.41,266.66,0.44,24.0,0.45,27.03,0.56,29.77,0.55,51.03,0.58,185.0,0.59,266.66,0.02,0.02,2337.80473,1776265134000
1776265136.688,236.688,0.42,200.5,0.41,276.66,0.43,5.0,0.44,34.0,0.56,24.0,0.55,27.03,0.58,190.5,0.59,266.66,0.01,0.02,2337.811009,1776265135000
1776265137.44,237.44,0.41,209.66,0.4,130.0,0.43,93.5,0.44,60.5,0.57,5.0,0.56,34.0,0.58,188.6,0.59,276.66,0.02,0.01,2337.811009,1776265135000
1776265137.862,237.862,0.4,70.5,0.39,105.5,0.41,34.68,0.42,48.0,0.59,40.34,0.58,38.0,0.6,135.5,0.61,105.5,0.01,0.01,2337.6952,1776265136000
1776265139.124,239.124,0.4,53.33,0.39,120.5,0.41,25.0,0.42,45.5,0.59,34.68,0.58,48.0,0.6,70.5,0.61,105.5,0.01,0.01,2337.709774,1776265137000
1776265139.338,239.338,0.39,110.5,0.38,175.0,0.41,48.0,0.42,45.5,0.59,25.0,0.58,45.5,0.6,53.33,0.61,120.5,0.02,0.01,2337.709774,1776265137000
1776265140.695,240.695,0.39,65.1,0.38,130.0,0.4,15.0,0.41,25.0,0.59,48.0,0.58,45.5,0.61,110.5,0.62,175.0,0.01,0.02,2337.712286,1776265139000
1776265141.312,241.312,0.39,57.07,0.38,130.0,0.4,23.08,0.41,25.0,0.6,15.0,0.59,25.0,0.61,65.1,0.62,130.0,0.01,0.01,2337.673669,1776265140000
1776265141.911,241.911,0.39,6.43,0.38,75.0,0.4,33.08,0.41,30.0,0.6,23.08,0.59,25.0,0.61,58.79,0.62,130.0,0.01,0.01,2337.673669,1776265140000
1776265142.788,242.788,0.39,6.43,0.37,125.0,0.4,65.45,0.41,35.0,0.6,33.08,0.59,30.0,0.61,6.43,0.62,75.0,0.01,0.01,2337.65124,1776265141000
1776265143.876,243.876,0.39,1.43,0.38,60.0,0.4,26.4,0.41,30.0,0.6,61.66,0.59,30.0,0.61,1.43,0.62,50.0,0.01,0.01,2337.629356,1776265142000
1776265144.436,244.436,0.39,6.43,0.38,10.0,0.4,39.91,0.41,35.0,0.6,26.4,0.59,30.0,0.61,1.43,0.62,60.0,0.01,0.01,2337.629356,1776265142000
1776265145.177,245.177,0.35,5.0,0.34,35.0,0.4,165.19,0.41,145.0,0.6,46.19,0.59,35.0,0.61,6.43,0.63,75.0,0.05,0.01,2337.636857,1776265143000
1776265145.435,245.435,0.31,40.0,0.3,150.0,0.34,108.0,0.35,47.0,0.66,103.0,0.65,42.0,0.67,50.0,0.69,50.0,0.03,0.01,2337.632244,1776265144000
1776265145.718,245.718,0.31,39.63,0.3,150.0,0.32,98.0,0.33,40.0,0.66,108.0,0.65,47.0,0.69,40.0,0.7,150.0,0.01,0.03,2337.632244,1776265144000
1776265146.221,246.221,0.3,145.0,0.29,75.0,0.31,46.0,0.32,65.0,0.68,98.0,0.67,40.0,0.69,39.63,0.7,150.0,0.01,0.01,2337.632244,1776265144000
1776265146.459,246.459,0.3,135.71,0.29,75.0,0.31,46.0,0.32,70.0,0.69,46.0,0.68,65.0,0.7,145.0,0.71,75.0,0.01,0.01,2337.632244,1776265144000
1776265148.121,248.121,0.29,25.0,0.28,60.0,0.31,153.8,0.32,65.0,0.69,41.0,0.68,70.0,0.7,125.49,0.71,75.0,0.02,0.01,2337.514619,1776265146000
1776265149.143,249.143,0.27,25.0,0.26,70.0,0.28,40.0,0.29,41.0,0.69,153.8,0.68,65.0,0.71,25.0,0.72,60.0,0.01,0.02,2337.410017,1776265148000
1776265149.644,249.644,0.26,20.0,0.25,50.0,0.27,23.0,0.28,48.0,0.72,64.0,0.71,46.0,0.74,52.67,0.75,50.0,0.01,0.02,2337.410017,1776265148000
1776265150.895,250.895,0.27,23.0,0.26,116.0,0.31,8.08,0.32,24.0,0.73,15.0,0.72,48.0,0.74,20.0,0.75,50.0,0.04,0.01,2337.313438,1776265149000
1776265151.234,251.234,0.31,186.0,0.3,133.0,0.32,14.08,0.33,10.0,0.68,20.08,0.67,10.0,0.7,219.14,0.71,89.0,0.01,0.02,2337.33522,1776265150000
1776265151.676,251.676,0.39,10.0,0.38,20.0,0.4,138.08,0.41,156.0,0.67,10.0,0.66,25.0,0.69,186.0,0.7,133.0,0.01,0.02,2337.33522,1776265150000
1776265152.044,252.044,0.36,1.87,0.35,10.0,0.38,25.0,0.39,89.0,0.6,207.88,0.59,156.0,0.61,9.91,0.62,20.0,0.02,0.01,2337.32623,1776265151000
1776265153.994,253.994,0.35,28.08,0.34,60.0,0.37,10.27,0.38,10.0,0.62,25.0,0.61,89.0,0.64,1.87,0.65,10.0,0.02,0.02,2337.602207,1776265152000
1776265155.463,255.463,0.35,3.08,0.33,9.0,0.36,85.0,0.37,65.0,0.63,10.27,0.62,10.0,0.65,28.08,0.66,60.0,0.01,0.02,2337.641259,1776265154000
1776265156.055,256.055,0.31,65.24,0.3,87.0,0.34,30.83,0.35,15.0,0.64,80.0,0.63,65.0,0.67,9.0,0.69,11.0,0.03,0.03,2337.641259,1776265154000
1776265156.491,256.491,0.31,61.79,0.3,70.0,0.32,10.0,0.33,10.0,0.66,30.83,0.65,15.0,0.69,65.24,0.7,87.0,0.01,0.03,2337.626941,1776265155000
1776265156.939,256.939,0.31,34.65,0.3,60.0,0.32,30.83,0.33,74.79,0.68,10.0,0.67,10.0,0.69,61.79,0.7,70.0,0.01,0.01,2337.626941,1776265155000
1776265157.153,257.153,0.31,54.65,0.3,60.0,0.32,0.83,0.33,74.79,0.68,30.83,0.67,74.79,0.69,34.65,0.7,60.0,0.01,0.01,2337.626941,1776265155000
1776265158.418,258.418,0.28,23.0,0.27,50.0,0.29,10.0,0.3,10.0,0.67,74.79,0.66,10.0,0.68,5.17,0.69,54.65,0.01,0.01,2337.561647,1776265157000
1776265159.198,259.198,0.28,26.22,0.27,55.0,0.29,11.55,0.3,15.0,0.71,11.55,0.7,15.0,0.72,20.0,0.73,50.0,0.01,0.01,2337.561647,1776265157000
1776265159.463,259.463,0.28,5.0,0.27,55.0,0.3,12.8,0.31,26.0,0.71,11.55,0.7,15.0,0.72,26.22,0.73,55.0,0.02,0.01,2337.539346,1776265158000
1776265159.945,259.945,0.28,5.0,0.27,50.0,0.3,23.8,0.31,20.0,0.71,10.0,0.7,12.8,0.72,0.83,0.73,55.0,0.02,0.01,2337.539346,1776265158000
1776265160.668,260.668,0.27,46.67,0.26,105.0,0.29,15.0,0.3,23.8,0.7,23.8,0.69,20.0,0.72,5.0,0.73,50.0,0.02,0.02,2337.5842,1776265159000
1776265161.305,261.305,0.3,31.0,0.29,70.0,0.32,5.01,0.33,20.0,0.72,15.0,0.71,15.0,0.73,61.52,0.74,95.0,0.02,0.01,2337.5842,1776265159000
1776265161.729,261.729,0.31,10.0,0.3,66.0,0.34,2.64,0.35,36.0,0.67,20.0,0.65,16.0,0.69,10.0,0.7,26.0,0.03,0.02,2337.512182,1776265160000
1776265163.752,263.752,0.31,9.0,0.3,21.0,0.32,10.0,0.33,15.0,0.66,2.64,0.65,36.0,0.69,10.0,0.7,66.0,0.01,0.03,2337.500323,1776265162000
1776265164.103,264.103,0.31,19.0,0.3,32.0,0.33,15.0,0.34,23.64,0.68,10.0,0.67,15.0,0.69,9.0,0.7,21.0,0.02,0.01,2337.536377,1776265163000
1776265164.448,264.448,0.32,5.0,0.31,14.0,0.34,13.64,0.35,10.0,0.67,15.0,0.66,23.64,0.68,5.0,0.69,14.0,0.02,0.01,2337.536377,1776265163000
1776265165.186,265.186,0.32,15.0,0.31,19.0,0.34,5.0,0.35,55.0,0.66,13.64,0.65,10.0,0.68,5.0,0.69,14.0,0.02,0.02,2337.5416,1776265164000
1776265165.501,265.501,0.33,8.5,0.32,15.0,0.34,5.0,0.35,61.0,0.66,5.0,0.65,55.0,0.68,15.0,0.69,19.0,0.01,0.02,2337.5416,1776265164000
1776265166.495,266.495,0.33,3.01,0.32,5.0,0.34,129.07,0.35,95.0,0.66,5.0,0.65,61.0,0.67,8.5,0.68,15.0,0.01,0.01,2337.545417,1776265165000
1776265167.273,267.273,0.3,17.0,0.28,27.0,0.31,10.0,0.32,75.0,0.66,124.07,0.65,95.0,0.69,4.0,0.7,17.0,0.01,0.03,2337.544135,1776265166000
1776265167.901,267.901,0.28,15.0,0.27,5.0,0.29,35.11,0.3,10.0,0.69,10.0,0.68,75.0,0.7,17.0,0.72,27.0,0.01,0.01,2337.544135,1776265166000
1776265168.56,268.56,0.32,8.52,0.31,50.0,0.33,15.0,0.34,29.07,0.68,9.47,0.67,60.0,0.72,10.0,0.73,5.0,0.01,0.04,2337.549131,1776265167000
1776265170.392,270.392,0.3,5.71,0.29,15.0,0.31,10.0,0.32,68.3,0.67,15.0,0.66,29.07,0.68,8.52,0.69,50.0,0.01,0.01,2337.546436,1776265169000
1776265170.859,270.859,0.29,3.2,0.28,10.0,0.31,10.0,0.32,89.3,0.69,5.0,0.68,68.3,0.7,0.71,0.71,15.0,0.02,0.01,2337.546436,1776265169000
1776265171.176,271.176,0.3,7.5,0.29,13.2,0.31,20.0,0.32,26.01,0.69,10.0,0.68,89.3,0.71,3.2,0.72,10.0,0.01,0.02,2337.546436,1776265169000
1776265172.885,272.885,0.29,10.22,0.28,15.0,0.3,25.01,0.31,16.0,0.69,20.0,0.68,26.01,0.7,6.07,0.71,13.2,0.01,0.01,2337.610337,1776265172000
1776265173.72,273.72,0.28,5.0,0.27,36.0,0.3,1.17,0.31,21.0,0.7,25.01,0.69,16.0,0.71,10.22,0.72,15.0,0.02,0.01,2337.610337,1776265172000
1776265174.25,274.25,0.27,30.0,0.26,61.0,0.28,25.0,0.29,10.0,0.71,15.0,0.7,11.17,0.73,36.0,0.74,56.0,0.01,0.02,2337.607115,1776265173000
1776265175.313,275.313,0.27,20.0,0.26,61.0,0.29,12.71,0.3,16.0,0.72,25.0,0.71,10.0,0.73,30.0,0.74,61.0,0.02,0.01,2337.544724,1776265174000
1776265176.768,276.768,0.27,17.26,0.26,71.0,0.28,30.0,0.29,8.71,0.71,12.71,0.7,21.0,0.72,18.05,0.73,20.0,0.01,0.01,2337.522393,1776265175000
1776265176.984,276.984,0.27,25.72,0.26,71.0,0.28,5.0,0.29,6.0,0.72,30.0,0.71,8.71,0.73,17.26,0.74,71.0,0.01,0.01,2337.522393,1776265175000
1776265177.233,277.233,0.27,35.72,0.26,71.0,0.28,1.77,0.29,6.0,0.72,5.0,0.71,6.0,0.73,25.72,0.74,71.0,0.01,0.01,2337.490481,1776265176000
1776265177.467,277.467,0.31,6.07,0.3,10.0,0.32,56.0,0.34,43.07,0.7,6.0,0.68,50.0,0.73,35.72,0.74,71.0,0.01,0.03,2337.490481,1776265176000
1776265178.331,278.331,0.3,10.0,0.29,20.0,0.31,40.0,0.32,61.0,0.68,56.0,0.67,5.0,0.72,8.12,0.73,25.72,0.01,0.04,2337.490481,1776265176000
1776265178.823,278.823,0.31,382.0,0.3,36.0,0.34,28.07,0.36,35.0,0.69,40.0,0.68,61.0,0.7,10.0,0.71,20.0,0.03,0.01,2337.497911,1776265177000
1776265179.049,279.049,0.42,10.0,0.41,58.67,0.49,11.0,0.5,125.0,0.57,35.0,0.55,25.0,0.59,48.67,0.61,10.0,0.07,0.02,2337.523368,1776265178000
1776265179.556,279.556,0.62,188.0,0.61,28.0,0.65,10.0,0.66,185.0,0.51,11.0,0.5,125.0,0.58,10.0,0.59,58.67,0.03,0.07,2337.523368,1776265178000
1776265180.2,280.2,0.66,108.0,0.65,53.0,0.67,0.73,0.68,60.0,0.34,185.0,0.33,40.0,0.36,35.0,0.37,10.0,0.01,0.02,2337.523368,1776265178000
1776265180.504,280.504,0.72,33.0,0.71,20.0,0.73,46.0,0.74,111.0,0.3,0.75,0.29,10.0,0.31,25.0,0.32,10.0,0.01,0.01,2337.66852,1776265179000
1776265180.87,280.87,0.72,10.14,0.71,25.0,0.73,10.0,0.74,111.0,0.27,24.78,0.26,111.0,0.28,10.14,0.29,20.0,0.01,0.01,2337.66852,1776265179000
1776265181.587,281.587,0.71,10.0,0.7,35.0,0.74,11.0,0.76,86.0,0.26,116.0,0.25,10.0,0.29,25.0,0.3,20.0,0.03,0.03,2338.096525,1776265180000
1776265181.827,281.827,0.73,10.0,0.72,10.0,0.74,3.16,0.75,5.0,0.26,4.16,0.24,86.0,0.29,10.0,0.3,35.0,0.01,0.03,2338.096525,1776265180000
1776265182.125,282.125,0.75,44.0,0.74,30.0,0.76,52.59,0.77,5.0,0.24,67.16,0.23,22.0,0.27,10.0,0.28,10.0,0.01,0.03,2338.096525,1776265180000
1776265182.37,282.37,0.75,30.4,0.74,30.0,0.76,101.27,0.77,5.0,0.24,102.59,0.23,5.0,0.25,20.4,0.26,30.0,0.01,0.01,2338.38526,1776265181000
1776265182.913,282.913,0.75,0.4,0.74,30.0,0.76,101.27,0.77,5.0,0.24,101.27,0.23,5.0,0.25,30.4,0.26,30.0,0.01,0.01,2338.38526,1776265181000
1776265183.368,283.368,0.74,10.0,0.73,10.0,0.76,136.27,0.77,5.0,0.24,101.27,0.23,5.0,0.25,0.4,0.26,30.0,0.02,0.01,2338.38526,1776265181000
1776265183.668,283.668,0.71,20.0,0.7,35.0,0.73,3.75,0.75,10.0,0.25,5.0,0.24,131.27,0.29,15.0,0.3,35.0,0.02,0.04,2338.421156,1776265182000
1776265185.331,285.331,0.73,10.0,0.72,10.0,0.74,18.9,0.75,11.25,0.25,1.25,0.24,121.27,0.29,20.0,0.3,35.0,0.01,0.04,2338.441604,1776265183000
1776265185.652,285.652,0.73,10.0,0.72,10.0,0.75,9.63,0.76,91.27,0.26,18.9,0.25,11.25,0.27,10.0,0.28,10.0,0.02,0.01,2338.44923,1776265184000
1776265186.07,286.07,0.66,35.0,0.65,35.0,0.71,91.7,0.72,27.0,0.24,106.03,0.23,15.0,0.26,5.0,0.29,5.0,0.05,0.02,2338.44923,1776265184000
1776265186.319,286.319,0.6,92.4,0.59,100.0,0.61,1.1,0.62,10.0,0.39,3.16,0.38,10.0,0.4,27.4,0.41,160.0,0.01,0.01,2338.410335,1776265185000
1776265186.684,286.684,0.65,10.0,0.64,15.0,0.66,48.36,0.67,10.0,0.39,0.58,0.38,10.0,0.4,45.22,0.41,110.0,0.01,0.01,2338.410335,1776265185000
1776265187.251,287.251,0.65,10.0,0.64,10.0,0.66,23.36,0.67,10.0,0.34,48.36,0.33,10.0,0.35,10.0,0.36,15.0,0.01,0.01,2338.410335,1776265185000
1776265187.813,287.813,0.65,10.0,0.64,10.0,0.66,76.08,0.68,10.0,0.34,23.36,0.33,10.0,0.35,10.0,0.36,10.0,0.01,0.01,2338.333394,1776265186000
1776265189.116,289.116,0.65,1.81,0.64,84.0,0.66,71.08,0.7,30.0,0.34,76.08,0.32,10.0,0.35,10.0,0.36,10.0,0.01,0.01,2338.333394,1776265187000
1776265190.312,290.312,0.57,15.0,0.56,23.0,0.61,10.0,0.62,10.0,0.34,62.73,0.3,30.0,0.35,61.81,0.36,23.0,0.04,0.01,2338.20221,1776265189000
1776265190.684,290.684,0.57,20.0,0.56,20.0,0.61,3.27,0.62,10.0,0.41,8.0,0.4,10.0,0.42,5.0,0.43,20.0,0.04,0.01,2338.20221,1776265189000
1776265191.277,291.277,0.58,5.0,0.57,28.0,0.6,6.58,0.61,3.27,0.42,1.55,0.41,10.0,0.43,15.0,0.44,25.0,0.02,0.01,2338.20221,1776265189000
1776265192.005,292.005,0.58,14.0,0.57,25.0,0.59,4.83,0.6,10.0,0.4,6.58,0.39,3.27,0.42,5.0,0.43,28.0,0.01,0.02,2338.204117,1776265190000
1776265193.442,293.442,0.64,1.75,0.63,10.0,0.66,72.73,0.67,10.0,0.41,4.83,0.4,10.0,0.42,14.0,0.43,25.0,0.02,0.01,2338.217835,1776265191000
1776265194.472,294.472,0.65,56.0,0.64,29.0,0.66,49.82,0.7,30.0,0.34,77.73,0.33,10.0,0.37,0.64,0.38,10.0,0.01,0.03,2338.152208,1776265193000
1776265194.841,294.841,0.69,10.0,0.68,26.0,0.7,35.0,0.71,50.0,0.34,49.82,0.3,30.0,0.35,56.0,0.36,29.0,0.01,0.01,2338.152208,1776265193000
1776265195.06,295.06,0.7,10.0,0.69,20.0,0.71,48.66,0.76,81.03,0.29,17.81,0.24,81.03,0.3,10.0,0.31,25.0,0.01,0.01,2338.152208,1776265193000
1776265195.471,295.471,0.7,10.0,0.69,10.0,0.72,15.0,0.73,10.0,0.29,48.66,0.24,81.03,0.31,20.0,0.32,26.0,0.02,0.02,2338.126109,1776265194000
1776265195.967,295.967,0.7,5.0,0.69,17.0,0.72,23.47,0.73,10.0,0.28,15.0,0.27,10.0,0.3,10.0,0.31,10.0,0.02,0.02,2338.126109,1776265194000
1776265196.19,296.19,0.71,10.0,0.7,39.0,0.73,10.0,0.74,10.0,0.28,23.47,0.27,10.0,0.3,5.0,0.31,17.0,0.02,0.02,2338.176462,1776265195000
1776265196.449,296.449,0.75,6.34,0.74,15.0,0.76,81.03,0.78,10.0,0.27,10.0,0.26,10.0,0.29,10.0,0.3,39.0,0.01,0.02,2338.176462,1776265195000
1776265196.743,296.743,0.75,6.34,0.74,20.0,0.76,35.74,0.78,10.0,0.24,58.51,0.22,10.0,0.25,11.34,0.26,15.0,0.01,0.01,2338.176462,1776265195000
1776265197.33,297.33,0.76,27.15,0.75,81.34,0.8,85.0,0.81,60.0,0.24,35.74,0.22,10.0,0.25,6.34,0.26,20.0,0.04,0.01,2338.221935,1776265196000
1776265197.957,297.957,0.79,145.97,0.78,32.0,0.8,33.56,0.81,50.0,0.2,90.05,0.19,60.0,0.21,10.6,0.22,15.0,0.01,0.01,2338.221935,1776265196000
1776265198.423,298.423,0.85,95.58,0.84,15.0,0.86,10.0,0.87,170.0,0.19,50.0,0.18,25.0,0.2,8.25,0.21,145.97,0.01,0.01,2338.175122,1776265197000
1776265198.626,298.626,0.92,10.0,0.91,10.0,0.93,32.62,0.95,5.0,0.14,10.0,0.13,170.0,0.15,95.58,0.16,15.0,0.01,0.01,2338.175122,1776265197000
1776265198.885,298.885,0.98,5.0,0.97,73.0,0.99,1265.52,,,0.01,1180.29,,,0.02,5.0,0.03,78.0,0.01,0.01,2338.175122,1776265197000
1776265199.189,299.189,0.98,26.0,0.97,26.0,0.99,1157.5,,,0.01,1258.52,,,0.02,26.0,0.03,56.0,0.01,0.01,2338.245105,1776265198000
1776265199.831,299.831,0.99,24727.33,0.98,21.0,,,,,,,,,0.01,1042.5,0.02,26.0,,,2338.245105,1776265198000

# RESULT,winner=Up,slug=eth-updown-5m-1776264900,ticks=329
