timestamp,elapsed_sec,up_bid_p1,up_bid_s1,up_bid_p2,up_bid_s2,up_ask_p1,up_ask_s1,up_ask_p2,up_ask_s2,down_bid_p1,down_bid_s1,down_bid_p2,down_bid_s2,down_ask_p1,down_ask_s1,down_ask_p2,down_ask_s2,up_spread,down_spread,eth_price,eth_oracle_ts
1776190201.413,1.413,,,,,,,,,,,,,,,,,,,2344.65289,1776190200000
1776190201.714,1.714,0.49,5.0,0.48,70.0,0.5,2.05,0.52,22.0,0.5,2.05,0.48,22.0,0.51,15.0,0.52,85.0,0.01,0.01,2344.65289,1776190200000
1776190201.965,1.965,0.49,5.0,0.48,70.0,0.5,2.05,0.52,22.0,0.5,2.05,0.48,22.0,0.51,15.0,0.52,85.0,0.01,0.01,2344.716403,1776190201000
1776190202.486,2.486,0.5,62.39,0.48,75.0,0.54,123.14,0.57,70.0,0.46,128.14,0.43,70.0,0.49,10.0,0.5,82.0,0.04,0.03,2344.716403,1776190201000
1776190202.855,2.855,0.43,14.46,0.4,10.0,0.46,39.75,0.47,10.0,0.55,13.57,0.54,41.18,0.57,84.46,0.58,81.0,0.03,0.02,2344.716403,1776190201000
1776190203.416,3.416,0.41,10.0,0.4,15.0,0.42,2.61,0.46,37.57,0.54,37.57,0.53,10.0,0.62,70.0,0.63,70.0,0.01,0.08,2344.716403,1776190201000
1776190203.625,3.625,0.41,77.49,0.4,36.0,0.42,7.61,0.46,37.57,0.58,7.61,0.54,37.57,0.59,6.03,0.6,22.0,0.01,0.01,2345.126478,1776190202000
1776190204.064,4.064,0.41,48.03,0.4,36.0,0.42,7.61,0.46,37.57,0.58,7.61,0.54,37.57,0.59,48.03,0.6,36.0,0.01,0.01,2345.094921,1776190203000
1776190204.275,4.275,0.44,6.48,0.41,42.97,0.46,62.67,0.47,23.0,0.58,2.61,0.54,62.67,0.59,42.97,0.6,41.0,0.02,0.01,2345.094921,1776190203000
1776190204.588,4.588,0.44,4.48,0.43,10.0,0.45,10.0,0.46,75.49,0.54,60.49,0.53,28.0,0.55,10.0,0.56,16.48,0.01,0.01,2345.094921,1776190203000
1776190204.809,4.809,0.43,8.48,0.42,20.0,0.45,5.0,0.46,55.49,0.55,5.0,0.54,75.49,0.57,18.48,0.58,20.0,0.02,0.02,2345.094921,1776190203000
1776190205.331,5.331,0.43,10.0,0.42,28.0,0.44,34.0,0.45,38.0,0.55,15.0,0.54,60.49,0.62,71.17,0.63,80.0,0.01,0.07,2345.094921,1776190203000
1776190206.233,6.233,0.4,10.0,0.39,5.31,0.42,17.61,0.43,9.06,0.58,17.61,0.57,9.06,0.6,10.0,0.61,5.31,0.02,0.02,2344.318572,1776190205000
1776190206.523,6.523,0.4,23.11,0.39,10.31,0.41,10.0,0.42,10.0,0.58,17.61,0.57,9.06,0.6,10.0,0.61,5.31,0.01,0.02,2344.318572,1776190205000
1776190207.01,7.01,0.4,23.11,0.39,10.31,0.41,10.0,0.42,10.0,0.59,10.0,0.58,10.0,0.6,23.11,0.61,10.31,0.01,0.01,2344.318572,1776190205000
1776190207.382,7.382,0.4,21.44,0.39,10.31,0.41,10.0,0.42,10.0,0.59,10.0,0.58,10.0,0.6,21.44,0.61,10.31,0.01,0.01,2344.148669,1776190206000
1776190207.692,7.692,0.4,145.0,0.39,135.31,0.41,10.0,0.42,10.0,0.59,10.0,0.58,10.0,0.6,21.44,0.61,10.31,0.01,0.01,2344.148669,1776190206000
1776190208.141,8.141,0.4,125.0,0.39,135.31,0.41,0.12,0.42,10.0,0.59,10.0,0.58,10.0,0.6,145.0,0.61,135.31,0.01,0.01,2344.148669,1776190206000
1776190208.576,8.576,0.41,104.27,0.4,120.0,0.42,10.0,0.43,23.0,0.58,10.0,0.57,23.0,0.59,104.27,0.6,120.0,0.01,0.01,2344.190756,1776190207000
1776190208.778,8.778,0.41,36.47,0.4,130.0,0.42,15.0,0.43,10.0,0.58,10.0,0.57,23.0,0.59,104.27,0.6,120.0,0.01,0.01,2344.190756,1776190207000
1776190209.115,9.115,0.41,36.47,0.4,130.0,0.42,15.0,0.43,10.0,0.58,15.0,0.57,10.0,0.59,36.47,0.6,130.0,0.01,0.01,2344.205878,1776190208000
1776190209.77,9.77,0.36,10.15,0.35,50.0,0.37,20.0,0.38,15.0,0.58,15.0,0.57,10.0,0.59,36.47,0.6,130.0,0.01,0.01,2344.205878,1776190208000
1776190210.358,10.358,0.36,3.32,0.35,50.0,0.37,20.0,0.38,15.0,0.63,20.0,0.62,15.0,0.64,3.32,0.65,50.0,0.01,0.01,2344.218824,1776190209000
1776190210.751,10.751,0.35,50.0,0.34,20.0,0.36,113.66,0.37,157.5,0.63,97.0,0.62,159.5,0.64,8.82,0.65,60.5,0.01,0.01,2344.218824,1776190209000
1776190211.244,11.244,0.34,25.0,0.33,10.5,0.35,14.28,0.36,197.7,0.64,113.66,0.63,157.5,0.65,50.0,0.66,20.0,0.01,0.01,2344.001188,1776190210000
1776190212.185,12.185,0.34,25.0,0.33,10.5,0.35,14.28,0.36,197.7,0.65,14.28,0.64,197.7,0.66,25.0,0.67,10.5,0.01,0.01,2343.593326,1776190211000
1776190212.737,12.737,0.34,5.5,0.32,10.5,0.35,243.82,0.36,181.66,0.65,14.28,0.64,197.7,0.66,25.0,0.67,10.5,0.01,0.01,2343.593326,1776190211000
1776190213.265,13.265,0.31,70.0,0.3,45.0,0.32,85.01,0.35,238.82,0.68,85.01,0.65,238.82,0.69,70.0,0.7,45.0,0.01,0.01,2343.41008,1776190212000
1776190214.345,14.345,0.31,70.0,0.3,45.0,0.32,85.01,0.35,238.82,0.68,85.01,0.65,238.82,0.69,70.0,0.7,45.0,0.01,0.01,2343.328637,1776190213000
1776190214.946,14.946,0.31,45.5,0.3,25.0,0.32,117.01,0.33,34.0,0.68,117.01,0.67,34.0,0.69,45.5,0.7,25.0,0.01,0.01,2343.282334,1776190214000
1776190215.339,15.339,0.31,40.5,0.3,25.0,0.32,106.88,0.33,34.0,0.68,117.01,0.67,34.0,0.69,45.5,0.7,25.0,0.01,0.01,2343.282334,1776190214000
1776190215.828,15.828,0.31,30.5,0.3,35.0,0.32,106.75,0.33,34.0,0.68,106.88,0.67,34.0,0.69,40.5,0.7,25.0,0.01,0.01,2343.282334,1776190214000
1776190216.081,16.081,0.31,30.5,0.3,35.0,0.32,106.75,0.33,34.0,0.68,106.75,0.67,34.0,0.69,30.5,0.7,35.0,0.01,0.01,2343.317107,1776190215000
1776190216.339,16.339,0.31,25.5,0.3,35.0,0.32,106.75,0.33,34.0,0.68,106.75,0.67,34.0,0.69,30.5,0.7,35.0,0.01,0.01,2343.317107,1776190215000
1776190217.16,17.16,0.31,5.5,0.3,25.0,0.32,101.75,0.33,34.0,0.68,101.75,0.67,34.0,0.69,5.5,0.7,25.0,0.01,0.01,2343.310718,1776190216000
1776190217.893,17.893,0.31,10.5,0.3,5.0,0.32,120.29,0.33,34.0,0.68,101.75,0.67,34.0,0.69,5.5,0.7,25.0,0.01,0.01,2343.310718,1776190216000
1776190218.28,18.28,0.31,8.5,0.3,5.0,0.32,120.29,0.33,34.0,0.68,120.29,0.67,34.0,0.69,8.5,0.7,5.0,0.01,0.01,2343.257899,1776190217000
1776190218.529,18.529,0.29,12.43,0.28,180.0,0.32,115.29,0.33,44.0,0.68,120.29,0.67,34.0,0.69,8.5,0.7,5.0,0.03,0.01,2343.257899,1776190217000
1776190219.45,19.45,0.29,12.43,0.28,180.0,0.32,115.29,0.33,44.0,0.68,115.29,0.67,44.0,0.71,12.43,0.72,180.0,0.03,0.03,2343.30195,1776190218000
1776190220.022,20.022,0.29,12.43,0.28,180.0,0.32,115.29,0.33,44.0,0.68,115.29,0.67,44.0,0.71,12.43,0.72,180.0,0.03,0.03,2343.348005,1776190219000
1776190220.353,20.353,0.29,75.5,0.28,130.0,0.3,5.0,0.31,20.0,0.68,115.29,0.67,44.0,0.71,12.43,0.72,180.0,0.01,0.03,2343.348005,1776190219000
1776190220.761,20.761,0.29,70.5,0.28,130.0,0.3,0.91,0.31,20.0,0.7,0.91,0.69,20.0,0.71,75.5,0.72,130.0,0.01,0.01,2343.348005,1776190219000
1776190221.154,21.154,0.29,70.5,0.28,130.0,0.3,0.91,0.31,20.0,0.7,0.91,0.69,20.0,0.71,70.5,0.72,130.0,0.01,0.01,2343.376397,1776190220000
1776190221.948,21.948,0.3,88.5,0.29,125.5,0.32,19.87,0.33,20.0,0.7,0.91,0.69,20.0,0.71,70.5,0.72,130.0,0.02,0.01,2343.376397,1776190220000
1776190222.226,22.226,0.31,83.35,0.3,103.5,0.32,4.23,0.33,20.0,0.68,4.23,0.67,20.0,0.69,62.5,0.7,103.5,0.01,0.01,2343.376397,1776190220000
1776190223.368,23.368,0.31,88.35,0.3,103.5,0.32,1.1,0.33,20.0,0.68,1.1,0.67,20.0,0.69,88.35,0.7,103.5,0.01,0.01,2343.327213,1776190222000
1776190223.598,23.598,0.31,93.85,0.3,83.5,0.32,68.97,0.33,25.0,0.68,79.97,0.67,20.0,0.69,88.85,0.7,83.5,0.01,0.01,2343.327213,1776190222000
1776190223.968,23.968,0.31,108.85,0.3,78.5,0.32,78.97,0.33,25.0,0.68,78.97,0.67,25.0,0.69,108.85,0.7,78.5,0.01,0.01,2343.339644,1776190223000
1776190224.194,24.194,0.31,100.4,0.3,78.5,0.32,75.84,0.33,25.0,0.68,73.97,0.67,20.0,0.69,100.4,0.7,78.5,0.01,0.01,2343.339644,1776190223000
1776190224.537,24.537,0.31,46.4,0.3,50.0,0.32,87.71,0.33,40.5,0.68,72.71,0.67,25.0,0.69,100.4,0.7,78.5,0.01,0.01,2343.339644,1776190223000
1776190225.036,25.036,0.3,58.27,0.29,45.0,0.31,20.0,0.32,82.71,0.68,87.71,0.67,40.5,0.7,50.0,0.71,45.0,0.01,0.02,2343.339644,1776190223000
1776190226.091,26.091,0.3,43.67,0.29,45.0,0.31,25.0,0.32,93.21,0.69,20.0,0.68,82.71,0.7,45.79,0.71,45.0,0.01,0.01,2343.498965,1776190224000
1776190227.096,27.096,0.3,56.55,0.29,85.5,0.32,72.71,0.33,25.0,0.69,25.0,0.68,93.21,0.7,46.55,0.71,45.0,0.02,0.01,2343.529916,1776190225000
1776190227.308,27.308,0.3,56.55,0.29,85.5,0.32,72.71,0.33,25.0,0.68,72.71,0.67,25.0,0.7,56.55,0.71,85.5,0.02,0.02,2343.418862,1776190226000
1776190228.351,28.351,0.31,18.55,0.3,36.55,0.32,77.71,0.33,35.5,0.68,77.71,0.67,35.5,0.69,18.55,0.7,36.55,0.01,0.01,2343.41205,1776190227000
1776190228.618,28.618,0.31,15.13,0.3,36.55,0.32,83.21,0.33,40.5,0.68,77.71,0.67,35.5,0.69,18.55,0.7,36.55,0.01,0.01,2343.41205,1776190227000
1776190228.985,28.985,0.31,3.4,0.3,36.55,0.32,88.21,0.33,40.5,0.68,88.21,0.67,40.5,0.69,3.4,0.7,36.55,0.01,0.01,2343.417611,1776190228000
1776190229.316,29.316,0.3,34.55,0.29,55.5,0.32,88.21,0.33,40.5,0.68,88.21,0.67,40.5,0.69,3.4,0.7,36.55,0.02,0.01,2343.417611,1776190228000
1776190229.625,29.625,0.3,12.17,0.29,45.0,0.31,25.0,0.32,103.71,0.69,20.0,0.68,103.71,0.7,27.97,0.71,45.0,0.01,0.01,2343.417611,1776190228000
1776190229.882,29.882,0.3,3.42,0.28,165.0,0.31,41.5,0.32,127.71,0.69,46.5,0.68,127.71,0.7,7.69,0.71,40.0,0.01,0.01,2343.417611,1776190228000
1776190230.115,30.115,0.28,165.0,0.27,120.5,0.31,46.5,0.32,70.0,0.69,46.5,0.68,70.0,0.72,165.0,0.73,120.5,0.03,0.03,2343.45293,1776190229000
1776190230.328,30.328,0.28,199.99,0.27,120.5,0.29,22.0,0.3,10.0,0.71,22.0,0.7,15.0,0.72,201.52,0.73,120.5,0.01,0.01,2343.45293,1776190229000
1776190230.545,30.545,0.28,192.69,0.27,120.5,0.29,18.55,0.3,15.0,0.71,18.55,0.7,15.0,0.72,194.99,0.73,120.5,0.01,0.01,2343.45293,1776190229000
1776190230.745,30.745,0.28,183.44,0.27,120.5,0.29,18.55,0.3,15.0,0.71,18.55,0.7,15.0,0.72,190.39,0.73,120.5,0.01,0.01,2343.45293,1776190229000
1776190231.226,31.226,0.28,183.44,0.27,120.5,0.29,18.55,0.3,15.0,0.71,18.55,0.7,15.0,0.72,183.44,0.73,120.5,0.01,0.01,2343.43615,1776190230000
1776190232.248,32.248,0.28,181.14,0.27,120.5,0.29,33.55,0.3,15.0,0.71,18.55,0.7,15.0,0.72,183.44,0.73,120.5,0.01,0.01,2343.43615,1776190230000
1776190232.954,32.954,0.28,181.14,0.27,120.5,0.29,33.55,0.3,15.0,0.71,33.55,0.7,15.0,0.72,181.14,0.73,120.5,0.01,0.01,2343.307195,1776190232000
1776190233.381,33.381,0.28,290.64,0.27,176.5,0.3,9.2,0.31,16.0,0.71,33.55,0.7,15.0,0.72,181.14,0.73,120.5,0.02,0.01,2343.307195,1776190232000
1776190233.847,33.847,0.28,259.44,0.27,126.5,0.29,4.2,0.3,9.03,0.7,9.03,0.69,21.0,0.72,289.44,0.73,151.5,0.01,0.02,2343.307195,1776190232000
1776190234.087,34.087,0.28,259.44,0.27,126.5,0.29,4.2,0.3,9.03,0.71,4.2,0.7,9.03,0.72,259.44,0.73,126.5,0.01,0.01,2343.2985,1776190233000
1776190234.522,34.522,0.28,233.94,0.27,156.5,0.3,9.03,0.31,66.47,0.71,4.2,0.7,9.03,0.72,259.44,0.73,126.5,0.02,0.01,2343.2985,1776190233000
1776190234.883,34.883,0.29,75.66,0.28,200.94,0.3,14.03,0.31,71.47,0.7,9.03,0.69,66.47,0.72,233.94,0.73,156.5,0.01,0.02,2343.2985,1776190233000
1776190235.221,35.221,0.29,75.66,0.28,200.94,0.3,14.03,0.31,71.47,0.7,14.03,0.69,71.47,0.71,75.66,0.72,200.94,0.01,0.01,2343.323481,1776190234000
1776190236.218,36.218,0.28,165.0,0.27,132.0,0.29,10.0,0.3,50.97,0.7,14.03,0.69,71.47,0.71,75.66,0.72,200.94,0.01,0.01,2343.323481,1776190234000
1776190236.924,36.924,0.28,165.0,0.27,132.0,0.29,10.0,0.3,50.97,0.71,10.0,0.7,50.97,0.72,165.0,0.73,132.0,0.01,0.01,2343.358501,1776190236000
1776190237.526,37.526,0.28,210.01,0.27,115.5,0.29,15.15,0.3,50.97,0.71,10.0,0.7,50.97,0.72,165.0,0.73,132.0,0.01,0.01,2343.358501,1776190236000
1776190238.05,38.05,0.28,210.01,0.27,115.5,0.29,15.15,0.3,50.97,0.71,15.15,0.7,50.97,0.72,210.01,0.73,115.5,0.01,0.01,2343.332458,1776190237000
1776190238.797,38.797,0.28,195.02,0.27,120.0,0.29,20.15,0.3,50.97,0.71,15.15,0.7,50.97,0.72,210.01,0.73,115.5,0.01,0.01,2343.332458,1776190237000
1776190239.367,39.367,0.28,195.02,0.27,120.0,0.29,33.93,0.3,19.03,0.71,33.93,0.7,19.03,0.72,195.02,0.73,120.0,0.01,0.01,2343.329555,1776190238000
1776190240.083,40.083,0.28,195.03,0.27,121.0,0.29,28.93,0.3,29.53,0.71,33.93,0.7,19.03,0.72,195.02,0.73,120.0,0.01,0.01,2343.329555,1776190238000
1776190240.352,40.352,0.28,195.03,0.27,121.0,0.29,18.93,0.3,19.03,0.71,28.93,0.7,29.53,0.72,195.03,0.73,121.0,0.01,0.01,2343.329555,1776190239000
1776190241.369,41.369,0.28,185.04,0.27,121.0,0.29,28.93,0.3,19.03,0.71,18.93,0.7,19.03,0.72,195.03,0.73,121.0,0.01,0.01,2343.329555,1776190239000
1776190241.648,41.648,0.28,179.04,0.27,121.0,0.29,33.93,0.3,29.53,0.71,28.93,0.7,19.03,0.72,185.04,0.73,121.0,0.01,0.01,2343.310048,1776190240000
1776190242.208,42.208,0.28,179.04,0.27,121.0,0.29,33.93,0.3,29.53,0.71,33.93,0.7,29.53,0.72,179.04,0.73,121.0,0.01,0.01,2343.307414,1776190241000
1776190242.486,42.486,0.26,89.0,0.25,50.5,0.28,20.0,0.29,47.47,0.71,33.93,0.7,29.53,0.72,179.04,0.73,121.0,0.02,0.01,2343.307414,1776190241000
1776190243.434,43.434,0.26,76.0,0.25,50.5,0.28,10.0,0.29,28.93,0.72,10.0,0.71,28.93,0.74,76.0,0.75,50.5,0.02,0.02,2343.189605,1776190242000
1776190243.891,43.891,0.26,119.0,0.25,56.5,0.27,20.0,0.28,43.61,0.72,10.0,0.71,28.93,0.74,76.0,0.75,50.5,0.01,0.02,2343.189605,1776190242000
1776190244.118,44.118,0.26,137.78,0.25,75.7,0.27,25.0,0.28,43.61,0.73,20.0,0.72,43.61,0.74,119.0,0.75,56.5,0.01,0.01,2343.171796,1776190243000
1776190245.27,45.27,0.26,136.29,0.25,75.7,0.27,25.0,0.28,43.61,0.73,25.0,0.72,43.61,0.74,136.29,0.75,75.7,0.01,0.01,2343.260508,1776190244000
1776190245.888,45.888,0.26,63.92,0.25,85.7,0.27,20.0,0.28,53.61,0.73,20.0,0.72,53.61,0.74,78.92,0.75,75.7,0.01,0.01,2343.260508,1776190244000
1776190246.384,46.384,0.26,66.94,0.25,85.7,0.27,25.0,0.28,53.61,0.73,20.0,0.72,53.61,0.74,63.92,0.75,85.7,0.01,0.01,2343.260508,1776190244000
1776190246.745,46.745,0.26,54.1,0.25,85.7,0.27,25.0,0.28,53.61,0.73,25.0,0.72,53.61,0.74,60.94,0.75,85.7,0.01,0.01,2343.23615,1776190245000
1776190246.963,46.963,0.26,52.47,0.25,85.7,0.27,25.0,0.28,53.61,0.73,25.0,0.72,53.61,0.74,54.1,0.75,85.7,0.01,0.01,2343.23615,1776190245000
1776190247.275,47.275,0.26,184.82,0.25,145.2,0.27,20.0,0.28,43.61,0.73,25.0,0.72,53.61,0.74,52.47,0.75,85.7,0.01,0.01,2343.2161,1776190246000
1776190247.601,47.601,0.27,117.0,0.26,172.7,0.28,43.61,0.29,20.44,0.72,43.61,0.71,20.44,0.74,179.82,0.75,145.2,0.01,0.02,2343.2161,1776190246000
1776190248.635,48.635,0.27,120.63,0.26,172.7,0.28,36.53,0.29,20.44,0.72,36.53,0.71,20.44,0.73,120.63,0.74,172.7,0.01,0.01,2343.163097,1776190247000
1776190249.078,49.078,0.27,139.05,0.26,198.2,0.28,36.53,0.29,20.44,0.72,36.53,0.71,20.44,0.73,120.63,0.74,172.7,0.01,0.01,2343.163097,1776190247000
1776190249.662,49.662,0.26,138.7,0.25,144.2,0.27,10.0,0.28,72.53,0.72,36.53,0.71,20.44,0.73,139.05,0.74,198.2,0.01,0.01,2343.1969,1776190248000
1776190249.903,49.903,0.26,206.7,0.25,176.7,0.27,45.61,0.28,15.0,0.73,10.0,0.72,72.53,0.74,138.7,0.75,144.2,0.01,0.01,2343.1969,1776190248000
1776190250.425,50.425,0.26,206.7,0.25,176.7,0.27,45.61,0.28,15.0,0.73,45.61,0.72,15.0,0.74,206.7,0.75,176.7,0.01,0.01,2343.249192,1776190249000
1776190250.73,50.73,0.26,238.21,0.25,168.7,0.27,45.61,0.28,10.0,0.73,45.61,0.72,15.0,0.74,206.7,0.75,176.7,0.01,0.01,2343.249192,1776190249000
1776190251.138,51.138,0.26,229.77,0.25,168.7,0.27,45.61,0.28,10.0,0.73,45.61,0.72,10.0,0.74,229.77,0.75,168.7,0.01,0.01,2343.262844,1776190250000
1776190251.601,51.601,0.26,259.77,0.25,213.7,0.27,27.91,0.28,10.0,0.73,37.91,0.72,10.0,0.74,229.77,0.75,168.7,0.01,0.01,2343.262844,1776190250000
1776190251.885,51.885,0.27,245.5,0.26,169.27,0.28,26.14,0.29,30.44,0.72,30.07,0.71,30.44,0.73,90.0,0.74,245.27,0.01,0.01,2343.262844,1776190250000
1776190252.238,52.238,0.27,265.61,0.26,164.27,0.28,21.56,0.29,30.44,0.72,26.14,0.71,30.44,0.73,260.61,0.74,164.27,0.01,0.01,2343.262844,1776190250000
1776190252.615,52.615,0.28,178.0,0.27,119.61,0.3,10.0,0.31,26.5,0.71,10.36,0.7,10.0,0.73,265.61,0.74,164.27,0.02,0.02,2343.16395,1776190251000
1776190253.062,53.062,0.28,146.83,0.27,119.61,0.29,89.05,0.3,10.0,0.71,89.05,0.7,10.0,0.72,146.83,0.73,119.61,0.01,0.01,2343.25488,1776190252000
1776190253.267,53.267,0.28,183.7,0.27,161.61,0.29,89.05,0.3,15.0,0.71,89.05,0.7,15.0,0.72,156.44,0.73,119.61,0.01,0.01,2343.25488,1776190252000
1776190253.618,53.618,0.28,178.7,0.27,127.91,0.29,104.05,0.3,25.5,0.71,89.05,0.7,15.0,0.72,183.7,0.73,161.61,0.01,0.01,2343.25488,1776190252000
1776190254.002,54.002,0.28,181.73,0.27,127.91,0.29,119.55,0.3,25.5,0.71,99.05,0.7,25.5,0.72,183.26,0.73,127.91,0.01,0.01,2343.25488,1776190252000
1776190254.335,54.335,0.28,158.07,0.27,144.91,0.29,114.55,0.3,25.5,0.71,119.55,0.7,25.5,0.72,159.6,0.73,127.91,0.01,0.01,2343.25488,1776190252000
1776190254.679,54.679,0.28,148.41,0.27,194.91,0.29,114.55,0.3,25.5,0.71,114.55,0.7,25.5,0.72,156.11,0.73,144.91,0.01,0.01,2343.25488,1776190252000
1776190255.21,55.21,0.28,148.41,0.27,194.91,0.29,114.55,0.3,25.5,0.71,114.55,0.7,25.5,0.72,148.41,0.73,194.91,0.01,0.01,2343.489455,1776190254000
1776190255.615,55.615,0.28,143.41,0.27,194.91,0.29,124.55,0.3,25.5,0.71,114.55,0.7,25.5,0.72,148.41,0.73,194.91,0.01,0.01,2343.489455,1776190254000
1776190256.236,56.236,0.28,112.14,0.27,176.61,0.29,101.96,0.3,25.5,0.71,101.96,0.7,25.5,0.72,143.41,0.73,194.91,0.01,0.01,2343.489455,1776190254000
1776190256.749,56.749,0.28,110.61,0.27,176.61,0.29,111.96,0.3,25.5,0.71,101.96,0.7,25.5,0.72,112.14,0.73,176.61,0.01,0.01,2343.42846,1776190255000
1776190257.079,57.079,0.28,77.54,0.27,186.61,0.29,111.96,0.3,25.5,0.71,111.96,0.7,25.5,0.72,103.61,0.73,176.61,0.01,0.01,2343.42846,1776190255000
1776190257.306,57.306,0.28,74.0,0.27,176.61,0.29,111.96,0.3,25.5,0.71,111.96,0.7,25.5,0.72,73.73,0.73,176.61,0.01,0.01,2343.3971,1776190256000
1776190257.552,57.552,0.28,77.69,0.27,176.61,0.29,111.96,0.3,25.5,0.71,111.96,0.7,25.5,0.72,77.47,0.73,176.61,0.01,0.01,2343.3971,1776190256000
1776190257.947,57.947,0.28,60.61,0.27,176.61,0.29,106.96,0.3,25.5,0.71,106.96,0.7,25.5,0.72,67.69,0.73,176.61,0.01,0.01,2343.3971,1776190256000
1776190258.193,58.193,0.28,60.61,0.27,176.61,0.3,0.39,0.31,31.5,0.7,0.39,0.69,31.5,0.72,60.61,0.73,176.61,0.02,0.02,2343.380459,1776190257000
1776190258.584,58.584,0.29,160.89,0.28,31.0,0.3,10.39,0.31,31.5,0.7,0.39,0.69,31.5,0.72,60.61,0.73,176.61,0.01,0.02,2343.380459,1776190257000
1776190259.129,59.129,0.29,160.89,0.28,31.0,0.3,10.39,0.31,31.5,0.7,10.39,0.69,31.5,0.71,160.89,0.72,31.0,0.01,0.01,2343.37897,1776190258000
1776190259.605,59.605,0.29,153.0,0.28,21.0,0.3,110.13,0.31,31.5,0.7,10.39,0.69,31.5,0.71,160.89,0.72,31.0,0.01,0.01,2343.37897,1776190258000
1776190259.808,59.808,0.29,149.98,0.28,21.0,0.3,128.42,0.31,31.5,0.7,110.13,0.69,31.5,0.71,153.0,0.72,21.0,0.01,0.01,2343.37897,1776190258000
1776190260.009,60.009,0.29,135.36,0.28,21.0,0.3,118.42,0.31,31.5,0.7,118.42,0.69,31.5,0.71,141.96,0.72,21.0,0.01,0.01,2343.37897,1776190258000
1776190260.467,60.467,0.29,83.75,0.28,10.0,0.3,128.42,0.31,36.5,0.7,118.42,0.69,31.5,0.71,88.83,0.72,21.0,0.01,0.01,2343.378685,1776190259000
1776190261.155,61.155,0.29,121.46,0.28,27.0,0.3,118.42,0.31,36.5,0.7,128.42,0.69,36.5,0.71,78.75,0.72,10.0,0.01,0.01,2343.378685,1776190259000
1776190261.638,61.638,0.29,219.96,0.28,42.5,0.3,13.29,0.31,6.0,0.7,106.42,0.69,36.5,0.71,111.46,0.72,27.0,0.01,0.01,2343.404625,1776190260000
1776190261.952,61.952,0.31,140.0,0.3,33.0,0.32,5.4,0.34,10.0,0.68,5.5,0.67,35.0,0.7,10.0,0.71,239.96,0.01,0.02,2343.404625,1776190260000
1776190262.168,62.168,0.34,185.66,0.33,95.0,0.37,20.0,0.38,20.0,0.65,10.0,0.63,20.0,0.66,84.96,0.67,90.0,0.03,0.01,2343.404625,1776190260000
1776190262.432,62.432,0.38,10.0,0.37,80.0,0.4,114.24,0.41,75.0,0.6,114.24,0.59,75.0,0.62,10.0,0.63,80.0,0.02,0.02,2343.447925,1776190261000
1776190262.655,62.655,0.39,213.68,0.38,40.0,0.4,119.24,0.41,80.0,0.6,119.24,0.59,80.0,0.61,222.32,0.62,40.0,0.01,0.01,2343.447925,1776190261000
1776190262.909,62.909,0.39,239.96,0.38,40.0,0.4,117.39,0.41,80.0,0.6,106.89,0.59,80.0,0.61,236.36,0.62,40.0,0.01,0.01,2343.447925,1776190261000
1776190263.201,63.201,0.39,213.82,0.38,40.0,0.4,127.39,0.41,80.0,0.6,127.39,0.59,80.0,0.61,217.91,0.62,40.0,0.01,0.01,2343.45414,1776190262000
1776190263.908,63.908,0.39,213.82,0.38,40.0,0.4,127.39,0.41,80.0,0.6,127.39,0.59,80.0,0.61,213.82,0.62,40.0,0.01,0.01,2344.039069,1776190263000
1776190264.173,64.173,0.38,65.0,0.37,146.0,0.39,9.5,0.4,320.39,0.6,127.39,0.59,80.0,0.61,213.82,0.62,40.0,0.01,0.01,2344.039069,1776190263000
1776190264.578,64.578,0.38,79.2,0.37,146.0,0.39,48.5,0.4,337.39,0.61,9.5,0.6,320.39,0.62,65.0,0.63,146.0,0.01,0.01,2344.039069,1776190263000
1776190264.853,64.853,0.39,50.19,0.38,83.15,0.4,317.39,0.41,85.0,0.61,48.5,0.6,337.39,0.62,72.65,0.63,146.0,0.01,0.01,2344.039069,1776190263000
1776190265.334,65.334,0.39,189.0,0.38,83.65,0.4,307.79,0.41,80.0,0.6,312.79,0.59,80.0,0.61,156.0,0.62,103.15,0.01,0.01,2344.310649,1776190264000
1776190265.544,65.544,0.39,194.0,0.38,94.15,0.4,293.19,0.41,80.0,0.6,298.19,0.59,80.0,0.61,194.0,0.62,83.65,0.01,0.01,2344.310649,1776190264000
1776190265.781,65.781,0.39,190.43,0.38,83.65,0.4,293.19,0.41,80.0,0.6,293.19,0.59,80.0,0.61,194.0,0.62,94.15,0.01,0.01,2344.310649,1776190264000
1776190266.14,66.14,0.39,111.43,0.38,83.65,0.4,276.79,0.41,90.0,0.6,293.19,0.59,80.0,0.61,190.43,0.62,83.65,0.01,0.01,2344.287658,1776190265000
1776190266.491,66.491,0.38,2.65,0.37,145.0,0.39,94.5,0.4,345.79,0.6,271.79,0.59,90.0,0.61,97.43,0.62,83.65,0.01,0.01,2344.287658,1776190265000
1776190266.869,66.869,0.37,235.0,0.36,60.0,0.38,28.5,0.39,97.5,0.62,28.5,0.61,97.5,0.63,235.0,0.64,60.0,0.01,0.01,2344.290878,1776190266000
1776190268.08,68.08,0.37,239.0,0.36,60.0,0.38,111.5,0.39,46.5,0.62,111.5,0.61,46.5,0.63,239.0,0.64,60.0,0.01,0.01,2344.288667,1776190267000
1776190269.483,69.483,0.37,239.0,0.36,60.0,0.38,111.5,0.39,46.5,0.62,111.5,0.61,46.5,0.63,239.0,0.64,60.0,0.01,0.01,2344.166414,1776190268000
1776190269.896,69.896,0.37,219.8,0.36,73.0,0.38,15.5,0.39,15.5,0.62,111.5,0.61,46.5,0.63,239.0,0.64,60.0,0.01,0.01,2344.166414,1776190268000
1776190270.274,70.274,0.37,219.8,0.36,73.0,0.38,15.5,0.39,15.5,0.62,15.5,0.61,15.5,0.63,219.8,0.64,73.0,0.01,0.01,2344.162226,1776190269000
1776190271.003,71.003,0.37,93.8,0.36,50.0,0.38,105.5,0.39,80.5,0.62,110.5,0.61,80.5,0.63,125.8,0.64,50.0,0.01,0.01,2344.162226,1776190269000
1776190271.66,71.66,0.37,93.8,0.36,50.0,0.38,116.5,0.39,80.5,0.62,116.5,0.61,80.5,0.63,93.8,0.64,50.0,0.01,0.01,2344.138158,1776190270000
1776190272.442,72.442,0.37,93.8,0.36,50.0,0.38,116.5,0.39,80.5,0.62,116.5,0.61,80.5,0.63,93.8,0.64,50.0,0.01,0.01,2344.138158,1776190271000
1776190272.661,72.661,0.37,133.0,0.36,70.0,0.38,22.86,0.39,30.5,0.62,116.5,0.61,80.5,0.63,93.8,0.64,50.0,0.01,0.01,2344.138158,1776190271000
1776190272.966,72.966,0.37,153.0,0.36,91.5,0.39,25.5,0.4,331.79,0.62,22.86,0.61,30.5,0.63,133.0,0.64,70.0,0.02,0.01,2344.138158,1776190271000
1776190273.343,73.343,0.39,18.23,0.38,235.0,0.4,256.29,0.41,85.5,0.61,14.5,0.6,331.79,0.63,148.0,0.64,91.5,0.01,0.02,2344.12,1776190272000
1776190274.394,74.394,0.39,339.23,0.38,144.0,0.4,233.46,0.41,75.0,0.6,233.46,0.59,75.0,0.61,339.23,0.62,144.0,0.01,0.01,2344.104914,1776190273000
1776190274.993,74.993,0.39,339.23,0.38,144.0,0.4,233.46,0.41,75.0,0.6,233.46,0.59,75.0,0.61,339.23,0.62,144.0,0.01,0.01,2344.13846,1776190274000
1776190276.073,76.073,0.39,402.5,0.38,89.5,0.4,223.46,0.41,70.0,0.6,233.46,0.59,75.0,0.61,339.23,0.62,144.0,0.01,0.01,2344.13846,1776190274000
1776190276.477,76.477,0.39,394.24,0.38,89.5,0.4,203.46,0.41,70.0,0.6,203.46,0.59,70.0,0.61,394.24,0.62,89.5,0.01,0.01,2344.317469,1776190275000
1776190276.687,76.687,0.39,379.24,0.38,166.8,0.4,232.16,0.41,60.0,0.6,248.16,0.59,60.0,0.61,379.24,0.62,166.8,0.01,0.01,2344.317469,1776190275000
1776190277.125,77.125,0.45,71.5,0.44,58.0,0.46,32.0,0.47,9.53,0.54,32.0,0.53,9.53,0.55,71.5,0.56,58.0,0.01,0.01,2344.332883,1776190276000
1776190277.558,77.558,0.45,136.5,0.44,78.0,0.46,87.82,0.47,14.53,0.54,32.0,0.53,9.53,0.55,71.5,0.56,58.0,0.01,0.01,2344.332883,1776190276000
1776190278.622,78.622,0.45,110.0,0.44,88.5,0.46,93.32,0.47,25.03,0.54,77.82,0.53,14.53,0.55,136.5,0.56,84.0,0.01,0.01,2344.332883,1776190276000
1776190279.081,79.081,0.45,103.52,0.44,78.0,0.46,95.14,0.47,65.5,0.54,95.14,0.53,65.5,0.55,110.91,0.56,78.0,0.01,0.01,2344.50795,1776190277000
1776190279.331,79.331,0.45,103.52,0.44,78.0,0.46,95.14,0.47,65.5,0.54,95.14,0.53,65.5,0.55,103.52,0.56,78.0,0.01,0.01,2344.782802,1776190278000
1776190280.101,80.101,0.45,103.52,0.44,78.0,0.46,95.14,0.47,65.5,0.54,95.14,0.53,65.5,0.55,103.52,0.56,78.0,0.01,0.01,2344.803768,1776190279000
1776190280.406,80.406,0.45,170.0,0.44,100.5,0.46,78.83,0.47,70.5,0.54,80.14,0.53,20.5,0.55,175.0,0.56,90.5,0.01,0.01,2344.803768,1776190279000
1776190280.635,80.635,0.45,175.0,0.44,100.5,0.46,71.65,0.47,70.5,0.54,78.83,0.53,70.5,0.55,170.0,0.56,100.5,0.01,0.01,2344.803768,1776190279000
1776190281.319,81.319,0.45,175.0,0.44,105.5,0.46,69.47,0.47,20.5,0.54,71.65,0.53,70.5,0.55,175.0,0.56,100.5,0.01,0.01,2344.803768,1776190279000
1776190281.761,81.761,0.43,5.46,0.42,10.0,0.44,136.5,0.45,124.42,0.54,69.47,0.53,20.5,0.55,175.0,0.56,105.5,0.01,0.01,2344.714606,1776190280000
1776190282.106,82.106,0.41,44.9,0.4,73.57,0.42,103.5,0.43,41.5,0.58,103.5,0.57,41.5,0.59,44.9,0.6,73.57,0.01,0.01,2344.713982,1776190281000
1776190282.609,82.609,0.4,18.57,0.38,30.0,0.42,167.49,0.43,214.5,0.58,103.5,0.57,41.5,0.59,44.9,0.6,73.57,0.02,0.01,2344.713982,1776190281000
1776190283.316,83.316,0.35,124.9,0.34,193.68,0.37,15.5,0.38,10.0,0.64,7.81,0.63,10.0,0.65,4.9,0.66,158.18,0.02,0.01,2344.713982,1776190281000
1776190283.548,83.548,0.35,118.08,0.34,168.68,0.36,10.0,0.37,25.5,0.63,15.5,0.62,10.0,0.65,124.9,0.66,193.68,0.01,0.02,2344.719836,1776190282000
1776190284.064,84.064,0.35,118.08,0.34,168.68,0.36,10.0,0.37,25.5,0.64,10.0,0.63,25.5,0.65,118.08,0.66,168.68,0.01,0.01,2344.519895,1776190283000
1776190284.932,84.932,0.35,105.38,0.34,178.68,0.36,10.0,0.37,20.5,0.64,10.0,0.63,20.5,0.65,115.38,0.66,178.68,0.01,0.01,2344.519895,1776190283000
1776190285.434,85.434,0.38,72.0,0.37,55.0,0.39,30.5,0.4,90.5,0.64,10.0,0.63,20.5,0.65,105.38,0.66,178.68,0.01,0.01,2344.519895,1776190283000
1776190285.753,85.753,0.38,72.0,0.37,55.0,0.39,30.5,0.4,90.5,0.61,30.5,0.6,90.5,0.62,72.0,0.63,55.0,0.01,0.01,2344.11289,1776190284000
1776190286.339,86.339,0.38,72.0,0.37,55.0,0.39,30.5,0.4,90.5,0.61,30.5,0.6,90.5,0.62,72.0,0.63,55.0,0.01,0.01,2344.120785,1776190285000
1776190287.338,87.338,0.38,72.0,0.37,55.0,0.39,30.5,0.4,90.5,0.61,30.5,0.6,90.5,0.62,72.0,0.63,55.0,0.01,0.01,2344.148203,1776190286000
1776190287.923,87.923,0.38,72.0,0.37,55.0,0.39,30.5,0.4,90.5,0.61,30.5,0.6,90.5,0.62,72.0,0.63,55.0,0.01,0.01,2344.20061,1776190287000
1776190288.458,88.458,0.39,180.8,0.38,100.0,0.4,60.5,0.41,140.5,0.61,30.5,0.6,90.5,0.62,72.0,0.63,55.0,0.01,0.01,2344.20061,1776190287000
1776190288.959,88.959,0.39,180.8,0.38,100.0,0.4,60.5,0.41,140.5,0.6,60.5,0.59,140.5,0.61,180.8,0.62,100.0,0.01,0.01,2344.22109,1776190288000
1776190290.034,90.034,0.39,180.8,0.38,100.0,0.4,60.5,0.41,140.5,0.6,60.5,0.59,140.5,0.61,180.8,0.62,100.0,0.01,0.01,2344.22458,1776190289000
1776190290.415,90.415,0.39,197.0,0.38,120.5,0.4,14.09,0.41,140.5,0.6,60.5,0.59,140.5,0.61,180.8,0.62,100.0,0.01,0.01,2344.22458,1776190289000
1776190290.785,90.785,0.39,200.8,0.38,110.5,0.4,9.09,0.41,140.5,0.6,14.09,0.59,140.5,0.61,197.0,0.62,120.5,0.01,0.01,2344.22458,1776190289000
1776190291.043,91.043,0.39,200.8,0.38,110.5,0.4,9.09,0.41,140.5,0.6,9.09,0.59,140.5,0.61,200.8,0.62,110.5,0.01,0.01,2344.224875,1776190290000
1776190291.438,91.438,0.39,70.36,0.38,40.0,0.4,85.09,0.41,140.5,0.6,85.09,0.59,140.5,0.61,72.0,0.62,85.0,0.01,0.01,2344.224875,1776190290000
1776190291.809,91.809,0.39,10.36,0.38,10.0,0.4,85.09,0.41,150.5,0.6,85.09,0.59,140.5,0.61,70.36,0.62,40.0,0.01,0.01,2344.224875,1776190290000
1776190292.139,92.139,0.37,8.36,0.35,55.38,0.39,10.0,0.4,90.09,0.61,10.0,0.6,90.09,0.63,8.36,0.65,55.38,0.02,0.02,2344.249625,1776190291000
1776190292.389,92.389,0.35,31.0,0.34,163.68,0.36,86.0,0.37,118.49,0.61,10.0,0.6,90.09,0.63,8.36,0.65,55.38,0.01,0.02,2344.249625,1776190291000
1776190292.991,92.991,0.35,140.5,0.34,173.68,0.36,16.55,0.38,10.0,0.64,80.44,0.63,57.99,0.65,45.0,0.66,163.68,0.01,0.01,2344.249625,1776190291000
1776190293.295,93.295,0.35,297.5,0.34,260.68,0.36,11.41,0.4,15.0,0.64,16.55,0.62,10.0,0.65,140.5,0.66,173.68,0.01,0.01,2344.23615,1776190292000
1776190293.588,93.588,0.41,60.0,0.4,167.5,0.43,50.0,0.44,65.0,0.6,5.0,0.59,10.0,0.62,10.24,0.65,363.5,0.02,0.02,2344.23615,1776190292000
1776190293.948,93.948,0.42,212.68,0.41,120.5,0.43,55.0,0.44,80.5,0.57,50.0,0.56,65.0,0.59,60.0,0.6,167.5,0.01,0.02,2344.23615,1776190292000
1776190294.185,94.185,0.42,205.33,0.41,120.5,0.43,55.0,0.44,80.5,0.57,55.0,0.56,80.5,0.58,205.33,0.59,120.5,0.01,0.01,2344.050943,1776190293000
1776190295.079,95.079,0.42,170.95,0.41,135.5,0.43,56.51,0.44,70.5,0.57,46.51,0.56,80.5,0.58,186.2,0.59,120.5,0.01,0.01,2344.050943,1776190293000
1776190295.378,95.378,0.42,170.95,0.41,135.5,0.43,56.51,0.44,70.5,0.57,56.51,0.56,70.5,0.58,170.95,0.59,135.5,0.01,0.01,2344.338754,1776190294000
1776190295.73,95.73,0.42,211.75,0.41,185.5,0.43,46.51,0.44,70.5,0.57,46.51,0.56,70.5,0.58,219.22,0.59,185.5,0.01,0.01,2344.338754,1776190294000
1776190295.955,95.955,0.42,211.75,0.41,185.5,0.43,46.51,0.44,70.5,0.57,46.51,0.56,70.5,0.58,211.75,0.59,185.5,0.01,0.01,2344.368883,1776190295000
1776190296.728,96.728,0.44,192.5,0.43,110.5,0.45,113.24,0.47,20.0,0.57,46.51,0.56,70.5,0.58,211.75,0.59,185.5,0.01,0.01,2344.368883,1776190295000
1776190296.984,96.984,0.44,234.5,0.43,110.5,0.45,93.24,0.47,20.0,0.55,93.24,0.53,20.0,0.56,234.5,0.57,110.5,0.01,0.01,2344.442646,1776190296000
1776190297.323,97.323,0.45,233.5,0.44,82.5,0.48,30.0,0.49,35.0,0.54,10.0,0.53,20.0,0.56,322.5,0.57,110.5,0.03,0.02,2344.442646,1776190296000
1776190297.994,97.994,0.45,233.5,0.44,82.5,0.48,30.0,0.49,35.0,0.52,30.0,0.51,35.0,0.55,233.5,0.56,82.5,0.03,0.03,2344.487705,1776190297000
1776190299.581,99.581,0.45,233.5,0.44,82.5,0.48,30.0,0.49,35.0,0.52,30.0,0.51,35.0,0.55,233.5,0.56,82.5,0.03,0.03,2344.796836,1776190298000
1776190300.119,100.119,0.46,15.0,0.45,20.0,0.48,120.41,0.49,50.5,0.52,120.41,0.51,50.5,0.54,15.0,0.55,20.0,0.02,0.02,2344.767043,1776190299000
1776190300.68,100.68,0.42,50.0,0.41,120.5,0.44,129.61,0.45,32.5,0.54,152.5,0.53,175.5,0.57,15.46,0.58,60.0,0.02,0.03,2344.767043,1776190299000
1776190301.195,101.195,0.42,50.0,0.41,120.5,0.44,129.61,0.45,32.5,0.56,129.61,0.55,32.5,0.58,50.0,0.59,120.5,0.02,0.02,2344.703833,1776190300000
1776190302.187,102.187,0.42,50.0,0.41,120.5,0.44,129.61,0.45,32.5,0.56,129.61,0.55,32.5,0.58,50.0,0.59,120.5,0.02,0.02,2344.55695,1776190301000
1776190303.279,103.279,0.42,50.0,0.41,120.5,0.44,129.61,0.45,32.5,0.56,129.61,0.55,32.5,0.58,50.0,0.59,120.5,0.02,0.02,2344.506735,1776190302000
1776190304.193,104.193,0.41,63.3,0.4,70.5,0.42,142.0,0.43,131.5,0.58,142.0,0.57,131.5,0.59,63.3,0.6,70.5,0.01,0.01,2344.468489,1776190303000
1776190305.255,105.255,0.41,63.3,0.4,70.5,0.42,142.0,0.43,131.5,0.58,142.0,0.57,131.5,0.59,63.3,0.6,70.5,0.01,0.01,2344.460181,1776190304000
1776190305.917,105.917,0.43,95.5,0.42,30.5,0.44,6.34,0.46,100.0,0.58,142.0,0.57,131.5,0.59,63.3,0.6,70.5,0.01,0.01,2344.460181,1776190304000
1776190306.153,106.153,0.45,46.6,0.44,34.16,0.46,110.0,0.47,75.5,0.54,100.0,0.53,70.5,0.56,8.66,0.57,100.5,0.01,0.02,2344.460181,1776190304000
1776190306.691,106.691,0.45,140.6,0.44,94.16,0.46,105.0,0.47,75.5,0.54,110.0,0.53,75.5,0.55,46.6,0.56,34.16,0.01,0.01,2344.457768,1776190305000
1776190307.366,107.366,0.45,140.6,0.44,94.16,0.46,105.0,0.47,75.5,0.54,105.0,0.53,75.5,0.55,140.6,0.56,94.16,0.01,0.01,2344.471047,1776190306000
1776190307.596,107.596,0.45,22.0,0.44,15.0,0.46,136.5,0.47,85.5,0.54,141.5,0.53,85.5,0.55,32.0,0.56,15.0,0.01,0.01,2344.471047,1776190306000
1776190307.897,107.897,0.45,20.18,0.44,15.0,0.46,141.5,0.47,85.5,0.54,141.5,0.53,85.5,0.55,20.18,0.56,15.0,0.01,0.01,2344.522176,1776190307000
1776190308.336,108.336,0.45,0.18,0.44,15.0,0.46,141.5,0.47,75.5,0.54,141.5,0.53,85.5,0.55,20.18,0.56,15.0,0.01,0.01,2344.522176,1776190307000
1776190308.616,108.616,0.43,10.0,0.41,133.8,0.46,141.5,0.47,80.5,0.54,141.5,0.53,75.5,0.55,0.18,0.56,15.0,0.03,0.01,2344.522176,1776190307000
1776190309.021,109.021,0.43,10.0,0.41,133.8,0.46,141.5,0.47,80.5,0.54,141.5,0.53,80.5,0.57,10.0,0.59,133.8,0.03,0.03,2344.60145,1776190308000
1776190309.321,109.321,0.43,102.74,0.42,80.5,0.44,2.72,0.45,60.0,0.56,5.0,0.55,60.0,0.57,97.74,0.58,80.5,0.01,0.01,2344.60145,1776190308000
1776190309.947,109.947,0.43,19.0,0.42,50.0,0.44,75.58,0.45,80.0,0.56,2.72,0.55,60.0,0.57,100.81,0.58,70.5,0.01,0.01,2344.60145,1776190308000
1776190311.161,111.161,0.41,71.8,0.4,70.5,0.42,5.0,0.43,25.0,0.58,5.0,0.57,25.0,0.59,71.8,0.6,70.5,0.01,0.01,2344.5312,1776190310000
1776190312.215,112.215,0.41,85.1,0.4,70.5,0.42,20.26,0.43,75.0,0.58,25.0,0.57,75.0,0.59,75.1,0.6,70.5,0.01,0.01,2344.5312,1776190310000
1776190312.68,112.68,0.41,95.1,0.4,70.5,0.42,15.26,0.43,75.0,0.58,20.26,0.57,75.0,0.59,85.1,0.6,70.5,0.01,0.01,2344.507026,1776190311000
1776190313.028,113.028,0.41,85.1,0.4,70.5,0.42,70.26,0.43,75.0,0.58,15.26,0.57,75.0,0.59,95.1,0.6,70.5,0.01,0.01,2344.507026,1776190311000
1776190313.378,113.378,0.41,85.1,0.4,70.5,0.42,70.26,0.43,75.0,0.58,70.26,0.57,75.0,0.59,85.1,0.6,70.5,0.01,0.01,2344.496248,1776190312000
1776190313.95,113.95,0.41,85.1,0.4,70.5,0.42,70.26,0.43,75.0,0.58,70.26,0.57,75.0,0.59,85.1,0.6,70.5,0.01,0.01,2344.494166,1776190313000
1776190314.914,114.914,0.41,9.6,0.4,60.5,0.42,80.26,0.43,85.5,0.58,70.26,0.57,75.0,0.59,85.1,0.6,70.5,0.01,0.01,2344.494166,1776190313000
1776190315.222,115.222,0.41,9.6,0.4,60.5,0.42,80.26,0.43,85.5,0.58,80.26,0.57,85.5,0.59,9.6,0.6,60.5,0.01,0.01,2344.497369,1776190314000
1776190316.333,116.333,0.41,9.6,0.4,60.5,0.42,80.26,0.43,85.5,0.58,80.26,0.57,85.5,0.59,9.6,0.6,60.5,0.01,0.01,2344.499745,1776190315000
1776190316.977,116.977,0.41,9.6,0.4,60.5,0.42,80.26,0.43,85.5,0.58,80.26,0.57,85.5,0.59,9.6,0.6,60.5,0.01,0.01,2344.466229,1776190316000
1776190317.23,117.23,0.41,12.6,0.4,65.5,0.42,80.26,0.43,85.5,0.58,80.26,0.57,85.5,0.59,9.6,0.6,60.5,0.01,0.01,2344.466229,1776190316000
1776190317.438,117.438,0.41,2.6,0.4,65.5,0.42,80.26,0.43,75.0,0.58,80.26,0.57,85.5,0.59,12.6,0.6,65.5,0.01,0.01,2344.466229,1776190316000
1776190318.206,118.206,0.41,2.6,0.4,65.5,0.42,80.26,0.43,75.0,0.58,80.26,0.57,75.0,0.59,2.6,0.6,65.5,0.01,0.01,2344.416796,1776190317000
1776190318.527,118.527,0.41,110.5,0.4,75.5,0.42,55.26,0.43,75.0,0.58,80.26,0.57,75.0,0.59,2.6,0.6,65.5,0.01,0.01,2344.416796,1776190317000
1776190319.569,119.569,0.42,164.5,0.41,110.5,0.43,22.0,0.44,50.0,0.58,45.26,0.57,75.0,0.59,105.5,0.6,75.5,0.01,0.01,2344.416796,1776190317000
1776190319.871,119.871,0.43,20.0,0.42,104.5,0.44,57.72,0.45,70.5,0.57,22.0,0.56,50.0,0.58,164.5,0.59,110.5,0.01,0.01,2344.416669,1776190318000
1776190321.137,121.137,0.44,224.5,0.43,85.5,0.45,52.77,0.46,55.0,0.56,57.72,0.55,70.5,0.57,20.0,0.58,104.5,0.01,0.01,2344.419125,1776190319000
1776190321.499,121.499,0.45,263.5,0.44,115.5,0.48,98.41,0.49,95.5,0.54,50.0,0.53,50.0,0.55,5.0,0.56,174.5,0.03,0.01,2344.474997,1776190320000
1776190321.856,121.856,0.47,50.93,0.46,25.0,0.48,103.41,0.49,100.5,0.52,98.41,0.51,95.5,0.53,8.11,0.54,10.0,0.01,0.01,2344.474997,1776190320000
1776190322.391,122.391,0.47,50.93,0.46,25.0,0.48,103.41,0.49,100.5,0.52,103.41,0.51,100.5,0.53,50.93,0.54,25.0,0.01,0.01,2344.51032,1776190321000
1776190322.665,122.665,0.47,46.44,0.46,30.0,0.48,113.41,0.49,100.5,0.52,113.41,0.51,100.5,0.53,51.44,0.54,30.0,0.01,0.01,2344.51032,1776190321000
1776190322.999,122.999,0.47,38.83,0.46,30.0,0.48,113.41,0.49,105.5,0.52,113.41,0.51,105.5,0.53,38.83,0.54,30.0,0.01,0.01,2344.52274,1776190322000
1776190324.054,124.054,0.47,38.83,0.46,20.0,0.48,106.41,0.49,105.5,0.52,113.41,0.51,105.5,0.53,38.83,0.54,30.0,0.01,0.01,2344.52274,1776190322000
1776190324.833,124.833,0.47,25.74,0.46,20.0,0.48,116.41,0.49,105.5,0.52,106.41,0.51,105.5,0.53,38.83,0.54,20.0,0.01,0.01,2344.636556,1776190323000
1776190326.096,126.096,0.47,23.2,0.46,20.0,0.48,91.41,0.49,105.5,0.52,116.41,0.51,105.5,0.53,25.74,0.54,20.0,0.01,0.01,2344.726775,1776190324000
1776190326.418,126.418,0.47,166.7,0.46,70.0,0.48,18.82,0.49,85.0,0.52,91.41,0.51,105.5,0.53,23.2,0.54,20.0,0.01,0.01,2344.741115,1776190325000
1776190326.782,126.782,0.48,231.5,0.47,180.61,0.5,59.9,0.51,25.0,0.51,35.0,0.5,129.9,0.53,256.7,0.54,90.0,0.02,0.02,2344.741115,1776190325000
1776190327.56,127.56,0.51,463.5,0.5,131.5,0.52,10.0,0.54,8.14,0.49,25.0,0.48,87.0,0.51,20.5,0.52,101.5,0.01,0.02,2344.741115,1776190325000
1776190327.776,127.776,0.53,179.5,0.52,56.18,0.54,10.0,0.55,10.0,0.45,10.0,0.44,55.0,0.49,463.5,0.5,131.5,0.01,0.04,2344.741115,1776190325000
1776190327.997,127.997,0.53,179.5,0.52,56.18,0.54,10.0,0.55,10.0,0.46,10.0,0.45,10.0,0.47,179.5,0.48,56.18,0.01,0.01,2344.73577,1776190326000
1776190328.555,128.555,0.53,229.5,0.52,56.18,0.55,10.0,0.56,50.0,0.45,10.0,0.44,50.0,0.47,229.5,0.48,56.18,0.02,0.02,2344.76657,1776190327000
1776190329.416,129.416,0.53,229.5,0.52,56.18,0.55,10.0,0.56,50.0,0.45,10.0,0.44,50.0,0.47,229.5,0.48,56.18,0.02,0.02,2345.06339,1776190328000
1776190329.622,129.622,0.54,265.0,0.53,105.5,0.55,48.18,0.56,65.5,0.45,10.0,0.44,50.0,0.47,229.5,0.48,56.18,0.01,0.02,2345.06339,1776190328000
1776190329.962,129.962,0.54,265.0,0.53,105.5,0.55,48.18,0.56,65.5,0.45,48.18,0.44,65.5,0.46,265.0,0.47,105.5,0.01,0.01,2345.12887,1776190329000
1776190331.029,131.029,0.54,265.0,0.53,105.5,0.55,48.18,0.56,65.5,0.45,48.18,0.44,65.5,0.46,265.0,0.47,105.5,0.01,0.01,2345.17179,1776190330000
1776190332.034,132.034,0.54,87.91,0.53,105.5,0.55,53.18,0.56,70.5,0.45,48.18,0.44,65.5,0.46,265.0,0.47,105.5,0.01,0.01,2345.17179,1776190330000
1776190332.86,132.86,0.54,142.91,0.53,105.5,0.55,50.78,0.56,70.5,0.45,53.18,0.44,70.5,0.46,87.91,0.47,105.5,0.01,0.01,2345.17353,1776190331000
1776190333.186,133.186,0.54,142.91,0.53,105.5,0.55,50.78,0.56,70.5,0.45,50.78,0.44,70.5,0.46,142.91,0.47,105.5,0.01,0.01,2345.17876,1776190332000
1776190334.159,134.159,0.55,174.61,0.54,102.41,0.56,60.0,0.57,70.5,0.45,50.78,0.44,70.5,0.46,142.91,0.47,105.5,0.01,0.01,2345.17876,1776190332000
1776190334.641,134.641,0.55,116.83,0.54,102.41,0.56,55.0,0.57,70.5,0.44,60.0,0.43,70.5,0.45,174.61,0.46,102.41,0.01,0.01,2345.15783,1776190333000
1776190335.276,135.276,0.57,246.0,0.56,25.5,0.58,96.18,0.59,65.5,0.44,55.0,0.43,70.5,0.45,116.83,0.46,102.41,0.01,0.01,2345.15783,1776190333000
1776190336.105,136.105,0.58,20.5,0.57,239.0,0.59,12.39,0.6,5.0,0.42,87.65,0.41,65.5,0.43,266.0,0.44,50.5,0.01,0.01,2345.177945,1776190334000
1776190336.388,136.388,0.58,204.0,0.57,120.5,0.6,60.44,0.61,65.5,0.4,60.44,0.39,65.5,0.42,204.0,0.43,120.5,0.02,0.02,2345.200655,1776190335000
1776190336.628,136.628,0.6,332.77,0.59,60.5,0.62,15.0,0.63,45.0,0.39,5.0,0.38,15.0,0.4,290.77,0.41,60.5,0.02,0.01,2345.200655,1776190335000
1776190336.926,136.926,0.61,10.0,0.6,337.77,0.63,45.0,0.64,55.0,0.37,45.0,0.36,55.0,0.39,10.0,0.4,337.77,0.02,0.02,2345.200635,1776190336000
1776190337.982,137.982,0.62,54.0,0.61,10.0,0.64,65.5,0.65,55.0,0.36,65.5,0.35,55.0,0.38,54.0,0.39,10.0,0.02,0.02,2345.39363,1776190337000
1776190338.294,138.294,0.63,110.0,0.62,10.0,0.64,69.03,0.65,60.0,0.36,88.5,0.35,60.0,0.37,115.0,0.38,10.0,0.01,0.01,2345.39363,1776190337000
1776190338.508,138.508,0.63,115.0,0.62,10.0,0.64,0.15,0.65,60.0,0.36,69.03,0.35,60.0,0.37,110.0,0.38,10.0,0.01,0.01,2345.39363,1776190337000
1776190338.844,138.844,0.64,6.02,0.63,10.0,0.65,244.65,0.66,265.99,0.35,130.15,0.34,235.0,0.37,119.11,0.38,10.0,0.01,0.02,2345.39363,1776190337000
1776190339.23,139.23,0.62,19.71,0.61,10.0,0.63,95.5,0.64,60.0,0.37,138.5,0.36,20.0,0.38,4.0,0.39,10.0,0.01,0.01,2345.581753,1776190338000
1776190339.551,139.551,0.62,14.57,0.61,10.0,0.63,95.5,0.64,60.0,0.37,85.5,0.36,60.0,0.38,4.57,0.39,10.0,0.01,0.01,2345.581753,1776190338000
1776190340.038,140.038,0.62,14.57,0.61,10.0,0.63,95.5,0.64,60.0,0.37,95.5,0.36,60.0,0.38,14.57,0.39,10.0,0.01,0.01,2345.66927,1776190339000
1776190340.64,140.64,0.62,161.3,0.61,80.5,0.63,5.0,0.64,5.0,0.37,95.5,0.36,60.0,0.38,14.57,0.39,10.0,0.01,0.01,2345.66927,1776190339000
1776190341.171,141.171,0.62,161.3,0.61,80.5,0.63,3.41,0.64,5.0,0.37,3.41,0.36,5.0,0.38,161.3,0.39,80.5,0.01,0.01,2345.535249,1776190340000
1776190342.145,142.145,0.62,161.3,0.61,80.5,0.63,3.41,0.64,5.0,0.37,3.41,0.36,5.0,0.38,161.3,0.39,80.5,0.01,0.01,2345.50844,1776190341000
1776190342.431,142.431,0.6,20.0,0.59,10.0,0.63,151.91,0.64,70.5,0.37,3.41,0.36,5.0,0.38,161.3,0.39,80.5,0.03,0.01,2345.50844,1776190341000
1776190342.784,142.784,0.61,9.82,0.6,25.0,0.62,94.5,0.63,226.91,0.38,25.5,0.37,161.91,0.39,4.0,0.4,20.0,0.01,0.01,2345.50844,1776190341000
1776190343.237,143.237,0.6,24.82,0.59,15.0,0.62,144.5,0.63,226.91,0.38,144.5,0.37,226.91,0.4,24.82,0.41,15.0,0.02,0.02,2345.576995,1776190342000
1776190343.851,143.851,0.61,20.0,0.6,14.82,0.62,141.43,0.63,216.91,0.38,144.5,0.37,226.91,0.4,24.82,0.41,15.0,0.01,0.02,2345.576995,1776190342000
1776190344.818,144.818,0.61,20.0,0.6,14.82,0.62,141.43,0.63,216.91,0.38,141.43,0.37,216.91,0.39,20.0,0.4,14.82,0.01,0.01,2345.54546,1776190343000
1776190345.432,145.432,0.61,20.0,0.6,14.82,0.62,141.43,0.63,216.91,0.38,141.43,0.37,216.91,0.39,20.0,0.4,14.82,0.01,0.01,2345.441671,1776190344000
1776190346.383,146.383,0.61,20.0,0.6,14.82,0.62,141.43,0.63,216.91,0.38,141.43,0.37,216.91,0.39,20.0,0.4,14.82,0.01,0.01,2345.432393,1776190345000
1776190347.038,147.038,0.6,13.12,0.59,10.0,0.61,94.5,0.62,82.43,0.38,141.43,0.37,216.91,0.39,20.0,0.4,14.82,0.01,0.01,2345.432393,1776190345000
1776190348.118,148.118,0.59,10.0,0.58,20.0,0.61,109.1,0.62,87.43,0.39,94.5,0.38,82.43,0.4,13.12,0.41,10.0,0.02,0.01,2345.433579,1776190346000
1776190348.335,148.335,0.58,20.0,0.57,10.0,0.6,104.5,0.61,148.1,0.39,109.1,0.38,87.43,0.41,10.0,0.42,20.0,0.02,0.02,2345.433579,1776190346000
1776190349.186,149.186,0.58,20.0,0.57,10.0,0.6,104.5,0.61,148.1,0.4,104.5,0.39,148.1,0.42,20.0,0.43,10.0,0.02,0.02,2345.422755,1776190348000
1776190350.252,150.252,0.59,6.98,0.58,10.0,0.6,99.5,0.61,168.1,0.4,99.5,0.39,148.1,0.41,15.0,0.42,20.0,0.01,0.01,2345.422755,1776190348000
1776190350.783,150.783,0.59,6.98,0.58,10.0,0.6,99.5,0.61,168.1,0.4,99.5,0.39,168.1,0.41,6.98,0.42,10.0,0.01,0.01,2345.4001,1776190349000
1776190351.446,151.446,0.59,6.98,0.58,10.0,0.6,99.5,0.61,168.1,0.4,99.5,0.39,168.1,0.41,6.98,0.42,10.0,0.01,0.01,2345.361498,1776190350000
1776190352.137,152.137,0.55,10.0,0.54,29.5,0.57,113.0,0.58,84.5,0.4,99.5,0.39,168.1,0.41,6.98,0.42,10.0,0.02,0.01,2345.361498,1776190350000
1776190353.801,153.801,0.55,10.0,0.54,29.5,0.57,113.0,0.58,84.5,0.43,113.0,0.42,84.5,0.45,10.0,0.46,29.5,0.02,0.02,2345.300822,1776190352000
1776190354.026,154.026,0.55,41.0,0.54,34.5,0.56,78.0,0.57,103.0,0.43,113.0,0.42,84.5,0.45,10.0,0.46,29.5,0.01,0.02,2345.300822,1776190352000
1776190354.516,154.516,0.55,31.0,0.54,25.5,0.56,73.0,0.57,103.0,0.44,73.0,0.43,103.0,0.45,31.0,0.46,25.5,0.01,0.01,2345.275147,1776190353000
1776190354.73,154.73,0.55,49.0,0.52,9.0,0.56,95.46,0.57,328.5,0.44,73.0,0.43,103.0,0.45,31.0,0.46,25.5,0.01,0.01,2345.275147,1776190353000
1776190355.364,155.364,0.52,1.0,0.51,90.0,0.53,17.0,0.54,32.0,0.47,17.0,0.46,32.0,0.48,1.0,0.49,90.0,0.01,0.01,2345.236034,1776190354000
1776190355.736,155.736,0.52,30.0,0.51,99.0,0.53,34.11,0.54,82.0,0.47,36.0,0.46,32.0,0.48,47.41,0.49,90.0,0.01,0.01,2345.236034,1776190354000
1776190355.956,155.956,0.52,10.0,0.51,100.5,0.53,89.11,0.54,82.0,0.47,34.11,0.46,82.0,0.48,30.0,0.49,99.0,0.01,0.01,2345.236034,1776190354000
1776190356.759,156.759,0.52,42.68,0.51,120.5,0.53,84.11,0.54,82.0,0.47,89.11,0.46,82.0,0.48,10.0,0.49,100.5,0.01,0.01,2345.232036,1776190355000
1776190357.484,157.484,0.52,42.68,0.51,120.5,0.53,84.11,0.54,82.0,0.47,84.11,0.46,82.0,0.48,42.68,0.49,120.5,0.01,0.01,2345.074915,1776190356000
1776190358.281,158.281,0.52,42.68,0.51,120.5,0.53,84.11,0.54,82.0,0.47,84.11,0.46,82.0,0.48,42.68,0.49,120.5,0.01,0.01,2345.070082,1776190357000
1776190359.519,159.519,0.52,24.0,0.51,169.5,0.53,84.11,0.54,82.0,0.47,84.11,0.46,82.0,0.48,42.68,0.49,120.5,0.01,0.01,2345.070082,1776190357000
1776190360.966,160.966,0.52,62.41,0.51,119.5,0.53,79.11,0.54,82.0,0.47,84.11,0.46,82.0,0.48,24.0,0.49,169.5,0.01,0.01,2345.070082,1776190357000
1776190361.465,161.465,0.52,62.41,0.51,119.5,0.53,76.6,0.54,82.0,0.47,76.6,0.46,82.0,0.48,62.41,0.49,119.5,0.01,0.01,2345.057937,1776190360000
1776190361.809,161.809,0.52,31.23,0.51,129.5,0.53,81.6,0.54,82.0,0.47,76.6,0.46,82.0,0.48,62.41,0.49,119.5,0.01,0.01,2345.057937,1776190360000
1776190362.12,162.12,0.53,54.44,0.52,106.73,0.54,15.0,0.55,55.0,0.47,81.6,0.46,82.0,0.48,31.23,0.49,129.5,0.01,0.01,2345.057937,1776190360000
1776190362.635,162.635,0.53,54.44,0.52,106.73,0.54,15.0,0.55,55.0,0.46,15.0,0.45,55.0,0.47,54.44,0.48,106.73,0.01,0.01,2345.084565,1776190361000
1776190363.225,163.225,0.53,54.44,0.52,106.73,0.54,15.0,0.55,55.0,0.46,15.0,0.45,55.0,0.47,54.44,0.48,106.73,0.01,0.01,2345.084105,1776190362000
1776190364.538,164.538,0.53,54.44,0.52,106.73,0.54,15.0,0.55,55.0,0.46,15.0,0.45,55.0,0.47,54.44,0.48,106.73,0.01,0.01,2345.137184,1776190363000
1776190365.203,165.203,0.54,57.5,0.53,89.44,0.55,55.0,0.56,60.0,0.45,55.0,0.44,60.0,0.46,57.5,0.47,89.44,0.01,0.01,2345.17457,1776190364000
1776190365.914,165.914,0.5,10.0,0.49,50.0,0.51,35.5,0.52,90.5,0.47,60.0,0.45,185.5,0.49,85.0,0.5,5.0,0.01,0.02,2345.17457,1776190364000
1776190366.271,166.271,0.5,10.0,0.49,50.0,0.51,35.5,0.52,90.5,0.49,35.5,0.48,90.5,0.5,10.0,0.51,50.0,0.01,0.01,2345.18479,1776190365000
1776190366.782,166.782,0.47,110.5,0.46,90.0,0.5,95.0,0.51,145.68,0.49,35.5,0.48,90.5,0.5,10.0,0.51,50.0,0.03,0.01,2345.18479,1776190365000
1776190367.298,167.298,0.47,110.5,0.46,90.0,0.5,95.0,0.51,145.68,0.5,95.0,0.49,145.68,0.53,110.5,0.54,90.0,0.03,0.03,2345.07185,1776190366000
1776190368.39,168.39,0.47,120.5,0.46,110.0,0.48,17.35,0.49,280.0,0.52,17.35,0.51,280.0,0.53,120.5,0.54,110.0,0.01,0.01,2344.9034,1776190367000
1776190368.932,168.932,0.47,120.5,0.46,110.0,0.48,17.35,0.49,280.0,0.52,17.35,0.51,280.0,0.53,120.5,0.54,110.0,0.01,0.01,2344.798299,1776190368000
1776190369.961,169.961,0.47,120.5,0.46,110.0,0.48,17.35,0.49,280.0,0.52,17.35,0.51,280.0,0.53,120.5,0.54,110.0,0.01,0.01,2344.717975,1776190369000
1776190370.987,170.987,0.47,120.5,0.46,110.0,0.48,17.35,0.49,280.0,0.52,17.35,0.51,280.0,0.53,120.5,0.54,110.0,0.01,0.01,2344.77179,1776190370000
1776190372.034,172.034,0.47,120.5,0.46,110.0,0.48,17.35,0.49,280.0,0.52,17.35,0.51,280.0,0.53,120.5,0.54,110.0,0.01,0.01,2344.779874,1776190371000
1776190373.062,173.062,0.47,120.5,0.46,110.0,0.48,17.35,0.49,280.0,0.52,17.35,0.51,280.0,0.53,120.5,0.54,110.0,0.01,0.01,2344.734052,1776190372000
1776190373.396,173.396,0.46,69.98,0.45,76.11,0.47,40.0,0.48,30.0,0.52,17.35,0.51,280.0,0.53,120.5,0.54,110.0,0.01,0.01,2344.734052,1776190372000
1776190374.044,174.044,0.46,69.98,0.45,76.11,0.47,40.0,0.48,30.0,0.53,40.0,0.52,30.0,0.54,69.98,0.55,76.11,0.01,0.01,2344.7265,1776190373000
1776190374.736,174.736,0.4,50.0,0.39,75.0,0.41,38.39,0.46,50.0,0.53,40.0,0.52,20.0,0.54,64.98,0.55,76.11,0.01,0.01,2344.7265,1776190373000
1776190375.075,175.075,0.4,25.0,0.39,75.0,0.41,35.95,0.46,55.0,0.59,35.95,0.54,55.0,0.6,25.0,0.61,75.0,0.01,0.01,2344.6715,1776190374000
1776190375.523,175.523,0.36,75.0,0.35,10.0,0.38,20.0,0.4,6.0,0.59,35.95,0.54,55.0,0.6,25.0,0.61,75.0,0.02,0.01,2344.6715,1776190374000
1776190375.919,175.919,0.37,32.0,0.36,75.0,0.38,85.0,0.39,20.0,0.62,20.0,0.6,6.0,0.64,75.0,0.65,10.0,0.01,0.02,2344.6715,1776190374000
1776190376.138,176.138,0.37,23.17,0.36,75.0,0.38,85.0,0.39,20.0,0.62,85.0,0.61,20.0,0.63,23.17,0.64,75.0,0.01,0.01,2344.646373,1776190375000
1776190376.5,176.5,0.35,52.5,0.34,133.68,0.36,5.0,0.37,10.0,0.62,90.0,0.61,20.0,0.65,10.0,0.66,113.18,0.01,0.03,2344.646373,1776190375000
1776190377.202,177.202,0.35,231.5,0.34,203.68,0.37,4.32,0.38,15.0,0.64,5.0,0.63,10.0,0.65,52.5,0.66,133.68,0.02,0.01,2344.646373,1776190375000
1776190377.433,177.433,0.36,169.0,0.35,120.5,0.38,2.92,0.39,10.0,0.62,2.92,0.61,10.0,0.64,49.0,0.65,120.5,0.02,0.02,2344.268736,1776190376000
1776190377.653,177.653,0.36,169.5,0.35,120.5,0.37,3.83,0.38,2.92,0.62,2.92,0.61,10.0,0.64,169.0,0.65,120.5,0.01,0.02,2344.268736,1776190376000
1776190378.368,178.368,0.37,21.5,0.36,35.5,0.38,10.0,0.39,4.47,0.61,4.47,0.6,10.0,0.64,169.5,0.65,120.5,0.01,0.03,2344.268736,1776190376000
1776190378.617,178.617,0.37,18.32,0.36,20.5,0.38,10.0,0.39,4.47,0.62,15.0,0.61,4.47,0.63,24.91,0.64,20.5,0.01,0.01,2344.218937,1776190377000
1776190378.992,178.992,0.37,18.32,0.36,20.5,0.38,10.0,0.39,4.47,0.62,10.0,0.61,4.47,0.63,18.32,0.64,20.5,0.01,0.01,2344.237233,1776190378000
1776190379.907,179.907,0.37,18.32,0.36,20.5,0.38,24.73,0.39,4.47,0.62,10.0,0.61,4.47,0.63,18.32,0.64,20.5,0.01,0.01,2344.237233,1776190378000
1776190380.2,180.2,0.37,18.32,0.36,20.5,0.38,24.73,0.39,4.47,0.62,24.73,0.61,4.47,0.63,18.32,0.64,20.5,0.01,0.01,2344.339442,1776190379000
1776190380.571,180.571,0.37,28.82,0.36,20.5,0.38,7.09,0.39,14.97,0.62,24.73,0.61,4.47,0.63,18.32,0.64,20.5,0.01,0.01,2344.339442,1776190379000
1776190381.154,181.154,0.37,39.23,0.36,20.5,0.38,7.09,0.39,19.97,0.62,7.09,0.61,14.97,0.63,28.82,0.64,20.5,0.01,0.01,2344.339442,1776190379000
1776190381.491,181.491,0.37,39.23,0.36,20.5,0.38,7.09,0.39,19.97,0.62,7.09,0.61,19.97,0.63,39.23,0.64,20.5,0.01,0.01,2344.224548,1776190380000
1776190382.082,182.082,0.37,39.23,0.36,20.5,0.38,7.09,0.39,19.97,0.62,7.09,0.61,19.97,0.63,39.23,0.64,20.5,0.01,0.01,2344.224548,1776190381000
1776190382.321,182.321,0.33,20.0,0.32,65.5,0.35,66.5,0.36,85.35,0.65,10.0,0.64,131.35,0.66,112.18,0.67,80.5,0.02,0.01,2344.224548,1776190381000
1776190382.576,182.576,0.32,38.47,0.31,125.5,0.33,10.0,0.34,105.31,0.65,66.5,0.64,85.35,0.67,20.0,0.68,65.5,0.01,0.02,2344.224548,1776190381000
1776190382.848,182.848,0.31,90.0,0.3,184.2,0.33,374.0,0.34,97.5,0.67,10.0,0.66,100.31,0.68,32.47,0.69,100.5,0.02,0.01,2344.224548,1776190381000
1776190383.066,183.066,0.25,85.0,0.24,75.0,0.29,7.04,0.3,10.0,0.71,7.04,0.69,10.0,0.72,6.0,0.73,50.0,0.04,0.01,2344.224548,1776190381000
1776190383.438,183.438,0.22,5.38,0.21,25.0,0.23,41.0,0.24,102.81,0.71,7.04,0.7,10.0,0.75,85.0,0.76,75.0,0.01,0.04,2344.211275,1776190382000
1776190384.102,184.102,0.19,3.06,0.17,55.0,0.2,10.0,0.21,10.0,0.77,41.0,0.76,102.81,0.8,25.0,0.81,33.0,0.01,0.03,2344.211275,1776190382000
1776190384.344,184.344,0.17,55.0,0.15,148.2,0.2,10.0,0.21,10.0,0.8,10.0,0.79,10.0,0.83,55.0,0.85,148.2,0.03,0.03,2343.900208,1776190383000
1776190384.833,184.833,0.14,35.9,0.13,56.8,0.15,10.0,0.16,10.0,0.81,0.1,0.8,10.0,0.85,71.69,0.86,45.9,0.01,0.04,2343.900208,1776190383000
1776190385.323,185.323,0.14,32.9,0.13,61.8,0.15,10.0,0.16,60.0,0.85,10.0,0.84,10.0,0.86,31.07,0.87,56.8,0.01,0.01,2343.900208,1776190383000
1776190385.56,185.56,0.14,22.9,0.13,61.8,0.15,8.0,0.16,60.0,0.85,8.0,0.84,60.0,0.86,22.9,0.87,61.8,0.01,0.01,2343.252018,1776190384000
1776190385.767,185.767,0.14,20.26,0.13,36.8,0.15,13.0,0.16,28.0,0.85,8.0,0.84,60.0,0.86,22.9,0.87,61.8,0.01,0.01,2343.252018,1776190384000
1776190386.018,186.018,0.14,42.26,0.13,36.8,0.15,13.0,0.16,70.0,0.85,13.0,0.84,28.0,0.86,20.26,0.87,36.8,0.01,0.01,2343.252018,1776190384000
1776190386.254,186.254,0.14,13.32,0.13,36.8,0.15,65.0,0.16,65.0,0.85,65.0,0.84,65.0,0.86,19.0,0.87,36.8,0.01,0.01,2343.131619,1776190385000
1776190386.46,186.46,0.13,22.37,0.12,49.19,0.15,70.0,0.16,65.0,0.85,65.0,0.84,65.0,0.87,27.32,0.88,49.19,0.02,0.02,2343.131619,1776190385000
1776190386.714,186.714,0.13,11.94,0.12,39.19,0.15,92.0,0.16,70.0,0.85,92.0,0.84,70.0,0.87,17.55,0.88,49.19,0.02,0.02,2343.131619,1776190385000
1776190387.051,187.051,0.12,1.13,0.11,36.79,0.15,87.0,0.16,140.0,0.85,92.0,0.84,80.0,0.88,1.13,0.89,36.79,0.03,0.03,2343.131619,1776190385000
1776190387.272,187.272,0.11,28.36,0.1,95.0,0.15,82.0,0.16,140.0,0.85,87.0,0.84,140.0,0.88,1.13,0.89,36.79,0.04,0.03,2342.831794,1776190386000
1776190387.571,187.571,0.11,12.34,0.1,95.0,0.14,3.0,0.15,118.0,0.86,3.0,0.85,82.0,0.89,23.52,0.9,95.0,0.03,0.03,2342.831794,1776190386000
1776190388.01,188.01,0.1,35.45,0.09,78.69,0.12,4.14,0.14,32.81,0.88,5.68,0.86,25.81,0.9,85.45,0.91,78.69,0.02,0.02,2342.831794,1776190386000
1776190388.226,188.226,0.1,18.74,0.09,53.69,0.11,3.35,0.12,20.0,0.87,70.0,0.86,32.81,0.9,18.74,0.91,78.69,0.01,0.03,2342.831794,1776190386000
1776190388.451,188.451,0.1,31.62,0.09,53.69,0.11,15.0,0.12,30.0,0.89,3.35,0.88,20.0,0.9,13.96,0.91,53.69,0.01,0.01,2342.057865,1776190387000
1776190388.67,188.67,0.09,53.08,0.08,123.9,0.11,92.17,0.12,75.0,0.89,77.17,0.88,45.0,0.9,2.85,0.91,53.69,0.02,0.01,2342.057865,1776190387000
1776190388.9,188.9,0.09,70.13,0.08,123.9,0.1,20.0,0.11,67.17,0.89,92.17,0.88,75.0,0.91,53.08,0.92,123.9,0.01,0.02,2342.057865,1776190387000
1776190389.176,189.176,0.09,72.71,0.08,123.9,0.1,21.95,0.11,72.17,0.9,11.95,0.89,72.17,0.91,65.13,0.92,123.9,0.01,0.01,2341.93569,1776190388000
1776190389.385,189.385,0.09,34.02,0.08,123.9,0.1,50.0,0.11,74.36,0.9,50.0,0.89,97.17,0.91,41.02,0.92,123.9,0.01,0.01,2341.93569,1776190388000
1776190389.616,189.616,0.09,12.75,0.08,75.0,0.1,106.0,0.11,74.36,0.9,50.0,0.89,74.36,0.91,34.02,0.92,123.9,0.01,0.01,2341.93569,1776190388000
1776190390.073,190.073,0.09,0.13,0.08,75.0,0.1,116.0,0.11,74.36,0.9,116.0,0.89,74.36,0.91,0.13,0.92,75.0,0.01,0.01,2341.90651,1776190389000
1776190390.521,190.521,0.06,5.01,0.05,126.85,0.08,20.0,0.09,57.81,0.9,121.0,0.89,79.36,0.94,10.0,0.95,244.65,0.02,0.04,2341.90651,1776190389000
1776190390.83,190.83,0.05,126.85,0.04,202.8,0.06,98.11,0.07,10.0,0.94,70.45,0.92,25.0,0.95,126.85,0.96,202.8,0.01,0.01,2341.90651,1776190389000
1776190391.045,191.045,0.05,121.79,0.04,202.8,0.06,98.11,0.07,10.0,0.94,98.11,0.93,10.0,0.95,121.79,0.96,202.8,0.01,0.01,2341.802134,1776190390000
1776190391.248,191.248,0.05,111.4,0.04,202.8,0.06,130.92,0.07,10.0,0.94,130.92,0.93,10.0,0.95,116.4,0.96,202.8,0.01,0.01,2341.802134,1776190390000
1776190391.934,191.934,0.05,155.24,0.04,163.8,0.06,108.26,0.07,10.0,0.94,130.92,0.93,10.0,0.95,111.4,0.96,202.8,0.01,0.01,2341.802134,1776190390000
1776190392.232,192.232,0.05,63.24,0.04,163.8,0.06,89.26,0.07,20.0,0.94,108.26,0.93,20.0,0.95,150.24,0.96,163.8,0.01,0.01,2341.802134,1776190390000
1776190392.684,192.684,0.05,61.13,0.04,163.8,0.06,100.69,0.07,20.0,0.94,89.26,0.93,20.0,0.95,63.24,0.96,163.8,0.01,0.01,2341.559318,1776190391000
1776190393.0,193.0,0.05,42.13,0.04,163.8,0.06,77.88,0.07,20.0,0.94,100.69,0.93,20.0,0.95,57.13,0.96,163.8,0.01,0.01,2341.559318,1776190391000
1776190393.229,193.229,0.05,42.13,0.04,163.8,0.06,61.21,0.07,20.0,0.94,77.88,0.93,20.0,0.95,42.13,0.96,163.8,0.01,0.01,2341.559318,1776190391000
1776190393.486,193.486,0.05,10.1,0.04,80.0,0.06,110.21,0.07,20.0,0.94,61.21,0.93,20.0,0.95,42.13,0.96,163.8,0.01,0.01,2341.412585,1776190392000
1776190393.707,193.707,0.05,10.1,0.04,80.0,0.06,110.21,0.07,25.0,0.94,110.21,0.93,20.0,0.95,10.1,0.96,80.0,0.01,0.01,2341.412585,1776190392000
1776190393.995,193.995,0.05,5.1,0.04,80.0,0.06,143.21,0.07,15.0,0.94,143.21,0.93,15.0,0.95,5.1,0.96,80.0,0.01,0.01,2341.464576,1776190393000
1776190394.31,194.31,0.05,1.1,0.04,70.0,0.06,91.21,0.07,35.0,0.94,143.21,0.93,15.0,0.95,3.1,0.96,80.0,0.01,0.01,2341.464576,1776190393000
1776190394.564,194.564,0.04,22.31,0.03,276.0,0.05,60.81,0.06,79.78,0.95,15.0,0.94,79.78,0.96,26.9,0.97,276.0,0.01,0.01,2341.464576,1776190393000
1776190394.847,194.847,0.04,16.11,0.03,492.0,0.05,60.81,0.06,101.78,0.95,60.81,0.94,79.78,0.96,19.21,0.97,276.0,0.01,0.01,2341.464576,1776190393000
1776190395.139,195.139,0.03,481.66,0.02,434.72,0.04,136.81,0.05,48.0,0.96,136.81,0.95,48.0,0.97,481.66,0.98,434.72,0.01,0.01,2341.514888,1776190394000
1776190395.456,195.456,0.03,501.02,0.02,434.72,0.04,157.51,0.05,58.0,0.96,141.81,0.95,58.0,0.97,472.02,0.98,434.72,0.01,0.01,2341.514888,1776190394000
1776190395.81,195.81,0.03,500.68,0.02,434.72,0.04,162.51,0.05,63.0,0.96,157.51,0.95,58.0,0.97,501.02,0.98,434.72,0.01,0.01,2341.514888,1776190394000
1776190396.161,196.161,0.03,529.68,0.02,434.72,0.04,168.52,0.05,82.23,0.96,162.51,0.95,63.0,0.97,500.68,0.98,434.72,0.01,0.01,2341.514888,1776190394000
1776190396.423,196.423,0.03,524.68,0.02,434.72,0.04,173.52,0.05,82.23,0.96,168.52,0.95,82.23,0.97,529.68,0.98,434.72,0.01,0.01,2341.247773,1776190395000
1776190396.813,196.813,0.03,470.88,0.02,434.72,0.04,151.52,0.05,82.23,0.96,136.52,0.95,82.23,0.97,504.88,0.98,434.72,0.01,0.01,2341.247773,1776190395000
1776190397.231,197.231,0.03,209.22,0.02,640.72,0.04,169.48,0.05,70.0,0.96,150.18,0.95,82.23,0.97,470.88,0.98,434.72,0.01,0.01,2341.247773,1776190395000
1776190397.628,197.628,0.03,204.22,0.02,640.72,0.04,169.48,0.05,85.0,0.96,169.48,0.95,70.0,0.97,209.22,0.98,640.72,0.01,0.01,2341.105305,1776190396000
1776190397.918,197.918,0.03,198.02,0.02,640.72,0.04,169.48,0.05,90.0,0.96,169.48,0.95,90.0,0.97,231.68,0.98,640.72,0.01,0.01,2341.092273,1776190397000
1776190398.237,198.237,0.03,217.04,0.02,640.72,0.04,199.41,0.05,90.0,0.96,199.41,0.95,90.0,0.97,222.04,0.98,640.72,0.01,0.01,2341.092273,1776190397000
1776190398.954,198.954,0.03,168.38,0.02,640.72,0.04,98.51,0.05,50.0,0.96,199.41,0.95,90.0,0.97,207.04,0.98,640.72,0.01,0.01,2341.092273,1776190397000
1776190399.446,199.446,0.03,159.38,0.02,424.72,0.04,108.51,0.05,40.0,0.96,98.51,0.95,50.0,0.97,168.38,0.98,640.72,0.01,0.01,2340.936164,1776190398000
1776190399.831,199.831,0.03,148.38,0.02,424.72,0.04,102.81,0.05,60.0,0.96,97.81,0.95,40.0,0.97,187.04,0.98,424.72,0.01,0.01,2340.936164,1776190398000
1776190400.078,200.078,0.02,407.62,0.01,7562.6,0.04,77.81,0.05,60.0,0.96,77.81,0.95,60.0,0.98,407.72,0.99,7562.6,0.02,0.02,2340.936164,1776190398000
1776190400.607,200.607,0.02,408.17,0.01,7562.6,0.03,179.81,0.04,55.7,0.96,77.81,0.95,60.0,0.98,362.67,0.99,7562.6,0.01,0.02,2340.757894,1776190399000
1776190400.919,200.919,0.02,306.12,0.01,7562.6,0.03,177.9,0.04,45.7,0.97,179.81,0.96,55.7,0.98,306.12,0.99,7562.6,0.01,0.01,2340.757894,1776190399000
1776190401.141,201.141,0.02,301.12,0.01,7562.6,0.03,177.9,0.04,77.7,0.97,177.9,0.96,45.7,0.98,306.12,0.99,7562.6,0.01,0.01,2340.757894,1776190399000
1776190401.553,201.553,0.02,239.59,0.01,7562.6,0.03,331.75,0.04,97.7,0.97,177.9,0.96,77.7,0.98,301.12,0.99,7562.6,0.01,0.01,2340.589215,1776190400000
1776190401.958,201.958,0.02,160.36,0.01,2562.6,0.03,326.75,0.04,70.7,0.97,369.75,0.96,70.7,0.98,185.36,0.99,2562.6,0.01,0.01,2340.589215,1776190400000
1776190402.19,202.19,0.02,15.86,0.01,2562.6,0.03,393.41,0.04,360.0,0.97,326.75,0.96,366.04,0.98,15.86,0.99,2562.6,0.01,0.01,2340.589215,1776190400000
1776190403.015,203.015,0.01,2558.16,,,0.03,801.2,0.04,330.0,0.97,373.2,0.96,335.0,0.98,4.83,0.99,2562.6,0.02,0.01,2340.14637,1776190401000
1776190403.307,203.307,0.01,2466.96,,,0.03,811.2,0.04,330.0,0.97,811.2,0.96,330.0,0.99,2466.96,,,0.02,0.02,2339.9512,1776190402000
1776190403.972,203.972,0.01,2509.04,,,0.02,257.81,0.03,579.7,0.98,157.81,0.97,674.39,0.99,2615.04,,,0.01,0.01,2339.9512,1776190402000
1776190404.238,204.238,0.01,2483.84,,,0.02,172.81,0.03,433.31,0.98,172.81,0.97,433.31,0.99,2488.99,,,0.01,0.01,2339.9512,1776190402000
1776190404.446,204.446,0.01,2383.84,,,0.02,172.81,0.03,433.31,0.98,172.81,0.97,433.31,0.99,2383.84,,,0.01,0.01,2339.6115,1776190403000
1776190405.177,205.177,0.01,2498.84,,,0.02,335.85,0.03,489.31,0.98,172.81,0.97,433.31,0.99,2383.84,,,0.01,0.01,2339.6115,1776190403000
1776190405.463,205.463,0.01,473.84,,,0.02,335.85,0.03,494.31,0.98,335.85,0.97,494.31,0.99,2493.84,,,0.01,0.01,2339.388873,1776190404000
1776190405.757,205.757,0.01,420.84,,,0.02,295.85,0.03,484.31,0.98,590.85,0.97,484.31,0.99,422.84,,,0.01,0.01,2339.388873,1776190404000
1776190406.317,206.317,0.01,410.84,,,0.04,16.65,0.05,89.35,0.98,590.85,0.97,484.31,0.99,410.84,,,0.03,0.01,2339.16476,1776190405000
1776190406.701,206.701,,,,,0.01,2288.15,0.03,23.0,0.99,2114.16,0.98,10.0,,,,,,,2339.16476,1776190405000
1776190406.928,206.928,,,,,0.01,2288.15,0.03,23.0,0.99,2288.15,0.97,23.0,,,,,,,2338.818662,1776190406000
1776190407.207,207.207,,,,,0.01,2201.24,0.02,21.0,0.99,2288.15,0.97,23.0,,,,,,,2338.818662,1776190406000
1776190407.93,207.93,,,,,0.01,2199.0,0.02,21.0,0.99,2199.0,0.98,21.0,,,,,,,2338.870607,1776190407000
1776190408.899,208.899,,,,,0.01,2199.0,0.02,21.0,0.99,2199.0,0.98,21.0,,,,,,,2338.984413,1776190408000
1776190409.213,209.213,,,,,0.01,2360.98,0.02,29.0,0.99,2199.0,0.98,21.0,,,,,,,2338.984413,1776190408000
1776190409.992,209.992,,,,,0.01,2360.98,0.02,29.0,0.99,2360.98,0.98,29.0,,,,,,,2338.930915,1776190409000
1776190410.997,210.997,,,,,0.01,2028.46,0.02,29.0,0.99,2028.46,0.98,29.0,,,,,,,2338.829035,1776190410000
1776190412.026,212.026,,,,,0.01,2028.46,0.02,29.0,0.99,2028.46,0.98,29.0,,,,,,,2338.798247,1776190411000
1776190413.003,213.003,,,,,0.01,2092.84,0.02,41.0,0.99,2092.84,0.98,41.0,,,,,,,2338.790014,1776190412000
1776190414.013,214.013,,,,,0.01,2092.84,0.02,41.0,0.99,2092.84,0.98,41.0,,,,,,,2338.794894,1776190413000
1776190415.064,215.064,,,,,0.01,2092.84,0.02,41.0,0.99,2092.84,0.98,41.0,,,,,,,2338.764893,1776190414000
1776190416.117,216.117,,,,,0.01,2092.84,0.02,41.0,0.99,2092.84,0.98,41.0,,,,,,,2338.88314,1776190415000
1776190416.887,216.887,,,,,0.01,1142.84,0.02,116.02,0.99,2092.84,0.98,41.0,,,,,,,2338.88314,1776190415000
1776190417.118,217.118,,,,,0.01,1142.84,0.02,116.02,0.99,1142.84,0.98,116.02,,,,,,,2338.889913,1776190416000
1776190417.743,217.743,,,,,0.01,843.84,0.02,116.02,0.99,1142.84,0.98,116.02,,,,,,,2338.889913,1776190416000
1776190418.69,218.69,,,,,0.01,843.84,0.02,116.02,0.99,843.84,0.98,116.02,,,,,,,2339.098494,1776190417000
1776190419.269,219.269,,,,,0.01,748.85,0.02,495.38,0.99,748.85,0.98,495.38,,,,,,,2339.113822,1776190418000
1776190420.319,220.319,,,,,0.01,748.85,0.02,495.38,0.99,748.85,0.98,495.38,,,,,,,2339.006128,1776190419000
1776190421.348,221.348,,,,,0.01,748.85,0.02,495.38,0.99,748.85,0.98,495.38,,,,,,,2339.043255,1776190420000
1776190421.958,221.958,,,,,0.01,748.85,0.02,495.38,0.99,748.85,0.98,495.38,,,,,,,2339.150167,1776190421000
1776190423.102,223.102,,,,,0.01,748.85,0.02,495.38,0.99,748.85,0.98,495.38,,,,,,,2339.32823,1776190422000
1776190424.23,224.23,,,,,0.01,748.85,0.02,495.38,0.99,748.85,0.98,495.38,,,,,,,2339.37935,1776190423000
1776190425.386,225.386,,,,,0.01,748.85,0.02,495.38,0.99,748.85,0.98,495.38,,,,,,,2339.366755,1776190424000
1776190425.645,225.645,,,,,0.01,733.85,0.02,564.71,0.99,748.85,0.98,495.38,,,,,,,2339.366755,1776190424000
1776190425.925,225.925,,,,,0.01,733.85,0.02,564.71,0.99,733.85,0.98,564.71,,,,,,,2339.366755,1776190425000
1776190427.016,227.016,,,,,0.01,733.85,0.02,564.71,0.99,733.85,0.98,564.71,,,,,,,2339.38168,1776190426000
1776190428.08,228.08,,,,,0.01,733.85,0.02,564.71,0.99,733.85,0.98,564.71,,,,,,,2339.362085,1776190427000
1776190429.14,229.14,,,,,0.01,733.85,0.02,564.71,0.99,733.85,0.98,564.71,,,,,,,2339.34425,1776190428000
1776190430.278,230.278,,,,,0.01,733.85,0.02,564.71,0.99,733.85,0.98,564.71,,,,,,,2339.345327,1776190429000
1776190431.353,231.353,,,,,0.01,733.85,0.02,564.71,0.99,733.85,0.98,564.71,,,,,,,2339.29864,1776190430000
1776190431.998,231.998,,,,,0.01,733.85,0.02,564.71,0.99,733.85,0.98,564.71,,,,,,,2339.362607,1776190431000
1776190432.953,232.953,,,,,0.01,733.85,0.02,564.71,0.99,733.85,0.98,564.71,,,,,,,2339.362631,1776190432000
1776190433.989,233.989,,,,,0.01,733.85,0.02,564.71,0.99,733.85,0.98,564.71,,,,,,,2339.346485,1776190433000
1776190435.11,235.11,,,,,0.01,872.45,0.02,664.71,0.99,733.85,0.98,564.71,,,,,,,2339.346485,1776190433000
1776190436.414,236.414,,,,,0.01,872.45,0.02,664.71,0.99,872.45,0.98,664.71,,,,,,,2339.954627,1776190435000
1776190436.935,236.935,,,,,0.01,852.45,0.02,664.71,0.99,872.45,0.98,664.71,,,,,,,2339.954627,1776190435000
1776190438.471,238.471,,,,,0.01,852.45,0.02,664.71,0.99,852.45,0.98,664.71,,,,,,,2339.946863,1776190437000
1776190439.061,239.061,,,,,0.01,852.45,0.02,664.71,0.99,852.45,0.98,664.71,,,,,,,2339.943747,1776190438000
1776190440.238,240.238,,,,,0.01,852.45,0.02,664.71,0.99,852.45,0.98,664.71,,,,,,,2340.006377,1776190439000
1776190440.833,240.833,,,,,0.01,1234.83,0.02,504.71,0.99,852.45,0.98,664.71,,,,,,,2340.006377,1776190439000
1776190441.332,241.332,,,,,0.01,1234.83,0.02,504.71,0.99,1234.83,0.98,504.71,,,,,,,2340.019815,1776190440000
1776190441.992,241.992,,,,,0.01,1234.83,0.02,504.71,0.99,1234.83,0.98,504.71,,,,,,,2340.047166,1776190441000
1776190443.224,243.224,,,,,0.01,1234.83,0.02,504.71,0.99,1234.83,0.98,504.71,,,,,,,2340.319871,1776190442000
1776190444.246,244.246,,,,,0.01,1234.83,0.02,504.71,0.99,1234.83,0.98,504.71,,,,,,,2340.538732,1776190443000
1776190445.068,245.068,,,,,0.01,1226.04,0.02,454.71,0.99,1234.83,0.98,504.71,,,,,,,2340.538732,1776190443000
1776190445.365,245.365,,,,,0.01,1226.04,0.02,454.71,0.99,1226.04,0.98,454.71,,,,,,,2340.643385,1776190444000
1776190445.661,245.661,,,,,0.01,1126.04,0.02,454.71,0.99,1226.04,0.98,454.71,,,,,,,2340.643385,1776190444000
1776190446.549,246.549,,,,,0.01,1126.04,0.02,454.71,0.99,1126.04,0.98,454.71,,,,,,,2340.631631,1776190445000
1776190447.085,247.085,,,,,0.01,1126.04,0.02,454.71,0.99,1126.04,0.98,454.71,,,,,,,2340.576305,1776190446000
1776190448.369,248.369,,,,,0.01,1126.04,0.02,454.71,0.99,1126.04,0.98,454.71,,,,,,,2340.5683,1776190447000
1776190449.765,249.765,,,,,0.01,1126.04,0.02,454.71,0.99,1126.04,0.98,454.71,,,,,,,2340.55682,1776190448000
1776190450.449,250.449,,,,,0.01,1126.04,0.02,454.71,0.99,1126.04,0.98,454.71,,,,,,,2340.532364,1776190449000
1776190450.961,250.961,,,,,0.01,1104.61,0.02,454.71,0.99,1104.61,0.98,454.71,,,,,,,2340.510677,1776190450000
1776190452.27,252.27,,,,,0.01,1004.61,0.02,506.71,0.99,1104.61,0.98,454.71,,,,,,,2340.510677,1776190450000
1776190452.827,252.827,,,,,0.01,1004.61,0.02,506.71,0.99,1004.61,0.98,506.71,,,,,,,2340.513654,1776190451000
1776190453.442,253.442,,,,,0.01,1004.61,0.02,506.71,0.99,1004.61,0.98,506.71,,,,,,,2340.516287,1776190452000
1776190454.357,254.357,,,,,0.01,1004.61,0.02,506.71,0.99,1004.61,0.98,506.71,,,,,,,2340.513165,1776190453000
1776190455.131,255.131,,,,,0.01,1004.61,0.02,506.71,0.99,1004.61,0.98,506.71,,,,,,,2340.51543,1776190454000
1776190456.613,256.613,,,,,0.01,1004.61,0.02,506.71,0.99,1004.61,0.98,506.71,,,,,,,2340.512424,1776190455000
1776190457.258,257.258,,,,,0.01,1004.61,0.02,506.71,0.99,1004.61,0.98,506.71,,,,,,,2340.512455,1776190456000
1776190458.109,258.109,,,,,0.01,1004.61,0.02,506.71,0.99,1004.61,0.98,506.71,,,,,,,2340.516475,1776190457000
1776190459.411,259.411,,,,,0.01,1004.61,0.02,506.71,0.99,1004.61,0.98,506.71,,,,,,,2340.547635,1776190458000
1776190460.146,260.146,,,,,0.01,1004.61,0.02,506.71,0.99,1004.61,0.98,506.71,,,,,,,2340.743765,1776190459000
1776190461.321,261.321,,,,,0.01,1004.61,0.02,506.71,0.99,1004.61,0.98,506.71,,,,,,,2340.75289,1776190460000
1776190462.098,262.098,,,,,0.01,1004.61,0.02,506.71,0.99,1004.61,0.98,506.71,,,,,,,2340.743765,1776190461000
1776190463.502,263.502,,,,,0.01,1004.61,0.02,506.71,0.99,1004.61,0.98,506.71,,,,,,,2340.70863,1776190462000
1776190464.231,264.231,,,,,0.01,1004.61,0.02,506.71,0.99,1004.61,0.98,506.71,,,,,,,2340.70688,1776190463000
1776190465.394,265.394,,,,,0.01,1004.61,0.02,506.71,0.99,1004.61,0.98,506.71,,,,,,,2340.720245,1776190464000
1776190466.66,266.66,,,,,0.01,1004.61,0.02,506.71,0.99,1004.61,0.98,506.71,,,,,,,2340.7112,1776190465000
1776190467.13,267.13,,,,,0.01,1004.61,0.02,506.71,0.99,1004.61,0.98,506.71,,,,,,,2340.689885,1776190466000
1776190468.171,268.171,,,,,0.01,1004.61,0.02,506.71,0.99,1004.61,0.98,506.71,,,,,,,2340.699425,1776190467000
1776190469.265,269.265,,,,,0.01,1004.61,0.02,506.71,0.99,1004.61,0.98,506.71,,,,,,,2340.708185,1776190468000
1776190470.341,270.341,,,,,0.01,1004.61,0.02,506.71,0.99,1004.61,0.98,506.71,,,,,,,2340.701155,1776190469000
1776190471.047,271.047,,,,,0.01,1004.61,0.02,506.71,0.99,1004.61,0.98,506.71,,,,,,,2340.701155,1776190470000
1776190472.133,272.133,,,,,0.01,1004.61,0.02,506.71,0.99,1004.61,0.98,506.71,,,,,,,2340.66787,1776190471000
1776190473.154,273.154,,,,,0.01,1004.61,0.02,506.71,0.99,1004.61,0.98,506.71,,,,,,,2340.708945,1776190472000
1776190474.228,274.228,,,,,0.01,1004.61,0.02,506.71,0.99,1004.61,0.98,506.71,,,,,,,2340.726595,1776190473000
1776190475.29,275.29,,,,,0.01,1004.61,0.02,506.71,0.99,1004.61,0.98,506.71,,,,,,,2340.73187,1776190474000
1776190476.33,276.33,,,,,0.01,1004.61,0.02,506.71,0.99,1004.61,0.98,506.71,,,,,,,2340.74909,1776190475000
1776190476.875,276.875,,,,,0.01,1004.61,0.02,506.71,0.99,1004.61,0.98,506.71,,,,,,,2340.752325,1776190476000
1776190477.902,277.902,,,,,0.01,1004.61,0.02,506.71,0.99,1004.61,0.98,506.71,,,,,,,2340.75655,1776190477000
1776190478.941,278.941,,,,,0.01,1004.61,0.02,506.71,0.99,1004.61,0.98,506.71,,,,,,,2340.73176,1776190478000
1776190480.458,280.458,,,,,0.01,2707.11,0.02,411.01,0.99,2707.11,0.98,411.01,,,,,,,2340.600653,1776190479000
1776190481.139,281.139,,,,,0.01,2707.11,0.02,411.01,0.99,2707.11,0.98,411.01,,,,,,,2340.580527,1776190480000
1776190482.029,282.029,,,,,0.01,2707.11,0.02,411.01,0.99,2707.11,0.98,411.01,,,,,,,2340.573454,1776190481000
1776190482.992,282.992,,,,,0.01,2707.11,0.02,411.01,0.99,2707.11,0.98,411.01,,,,,,,2340.573121,1776190482000
1776190483.948,283.948,,,,,0.01,2707.11,0.02,411.01,0.99,2707.11,0.98,411.01,,,,,,,2340.575835,1776190483000
1776190484.875,284.875,,,,,0.01,2707.11,0.02,411.01,0.99,2707.11,0.98,411.01,,,,,,,2340.58034,1776190484000
1776190485.833,285.833,,,,,0.01,2707.11,0.02,411.01,0.99,2707.11,0.98,411.01,,,,,,,2340.580637,1776190485000
1776190487.259,287.259,,,,,0.01,2707.11,0.02,411.01,0.99,2707.11,0.98,411.01,,,,,,,2340.528007,1776190486000
1776190488.415,288.415,,,,,0.01,2707.11,0.02,411.01,0.99,2707.11,0.98,411.01,,,,,,,2340.527517,1776190487000
1776190488.983,288.983,,,,,0.01,2707.11,0.02,411.01,0.99,2707.11,0.98,411.01,,,,,,,2340.540059,1776190488000
1776190490.521,290.521,,,,,0.01,2707.11,0.02,411.01,0.99,2707.11,0.98,411.01,,,,,,,2340.62743,1776190489000
1776190491.125,291.125,,,,,0.01,2707.11,0.02,411.01,0.99,2707.11,0.98,411.01,,,,,,,2340.674659,1776190490000
1776190492.296,292.296,,,,,0.01,2707.11,0.02,411.01,0.99,2707.11,0.98,411.01,,,,,,,2340.632328,1776190491000
1776190493.438,293.438,,,,,0.01,2707.11,0.02,411.01,0.99,2707.11,0.98,411.01,,,,,,,2340.621489,1776190492000
1776190494.072,294.072,,,,,0.01,2707.11,0.02,411.01,0.99,2707.11,0.98,411.01,,,,,,,2340.617451,1776190493000
1776190495.088,295.088,,,,,0.01,2707.11,0.02,411.01,0.99,2707.11,0.98,411.01,,,,,,,2340.561985,1776190494000
1776190496.198,296.198,,,,,0.01,2707.11,0.02,411.01,0.99,2707.11,0.98,411.01,,,,,,,2340.258039,1776190495000
1776190497.178,297.178,,,,,0.01,2707.11,0.02,411.01,0.99,2707.11,0.98,411.01,,,,,,,2340.212076,1776190496000
1776190498.253,298.253,,,,,0.01,2707.11,0.02,411.01,0.99,2707.11,0.98,411.01,,,,,,,2340.213834,1776190497000
1776190499.255,299.255,,,,,0.01,2707.11,0.02,411.01,0.99,2707.11,0.98,411.01,,,,,,,2340.281308,1776190498000
1776190500.358,300.358,,,,,0.01,2707.11,0.02,411.01,0.99,2707.11,0.98,411.01,,,,,,,2340.32996,1776190499000
1776190500.898,300.898,,,,,0.01,2707.11,0.02,411.01,0.99,2707.11,0.98,411.01,,,,,,,2340.34501,1776190500000
1776190501.965,301.965,,,,,0.01,2707.11,0.02,411.01,0.99,2707.11,0.98,411.01,,,,,,,2340.31505,1776190501000

# RESULT,winner=Down,slug=eth-updown-5m-1776190200,ticks=519
