timestamp,elapsed_sec,up_bid_p1,up_bid_s1,up_bid_p2,up_bid_s2,up_ask_p1,up_ask_s1,up_ask_p2,up_ask_s2,down_bid_p1,down_bid_s1,down_bid_p2,down_bid_s2,down_ask_p1,down_ask_s1,down_ask_p2,down_ask_s2,up_spread,down_spread,eth_price,eth_oracle_ts
1776249901.521,1.521,0.52,5.0,0.51,115.0,0.53,36.0,0.54,118.0,0.47,123.0,0.46,118.0,0.49,115.0,0.5,8.0,0.01,0.02,2324.874295,1776244517000
1776249901.839,1.839,0.51,115.0,0.5,108.0,0.53,133.0,0.54,118.0,0.47,123.0,0.46,118.0,0.49,115.0,0.5,8.0,0.02,0.02,2324.874295,1776244517000
1776249902.191,2.191,0.52,5.0,0.51,115.0,0.53,118.0,0.54,118.0,0.47,133.0,0.46,118.0,0.49,115.0,0.5,108.0,0.01,0.02,2324.874295,1776244517000
1776249902.545,2.545,0.54,9.0,0.52,212.0,0.55,70.0,0.56,70.0,0.47,118.0,0.46,118.0,0.48,5.0,0.49,115.0,0.01,0.01,2324.874295,1776244517000
1776249902.898,2.898,0.54,114.0,0.53,118.0,0.55,51.32,0.56,185.0,0.45,50.0,0.44,70.0,0.46,124.0,0.47,138.0,0.01,0.01,2324.874295,1776244517000
1776249903.468,3.468,0.54,3.13,0.53,105.0,0.55,156.32,0.56,195.0,0.45,51.32,0.44,180.0,0.46,103.13,0.47,118.0,0.01,0.01,2324.874295,1776244517000
1776249903.966,3.966,0.5,118.0,0.49,115.0,0.53,141.0,0.54,128.0,0.45,147.22,0.44,195.0,0.46,3.13,0.47,105.0,0.03,0.01,2324.874295,1776244517000
1776249904.367,4.367,0.49,5.0,0.48,100.0,0.5,7.0,0.51,146.12,0.47,141.0,0.46,128.0,0.5,118.0,0.51,115.0,0.01,0.03,2324.874295,1776244517000
1776249904.712,4.712,0.45,0.1,0.44,55.0,0.49,110.0,0.5,122.0,0.51,10.0,0.5,117.0,0.52,80.57,0.53,100.0,0.04,0.01,2324.874295,1776244517000
1776249905.237,5.237,0.46,31.97,0.45,10.0,0.47,4.68,0.48,10.0,0.53,20.0,0.52,10.0,0.55,2.91,0.56,55.0,0.01,0.02,2324.874295,1776244517000
1776249905.438,5.438,0.46,35.11,0.45,10.0,0.49,178.0,0.5,192.0,0.51,178.0,0.5,192.0,0.54,31.97,0.55,10.0,0.03,0.03,2324.874295,1776244517000
1776249906.456,6.456,0.46,30.11,0.45,10.0,0.48,5.83,0.49,178.0,0.51,178.0,0.5,192.0,0.54,35.11,0.55,10.0,0.02,0.03,2324.874295,1776244517000
1776249907.298,7.298,0.46,9.13,0.44,35.0,0.47,173.34,0.48,105.83,0.52,5.83,0.51,178.0,0.54,30.11,0.55,10.0,0.01,0.02,2324.874295,1776244517000
1776249908.693,8.693,0.46,9.13,0.44,25.0,0.47,193.64,0.48,130.83,0.53,170.99,0.52,105.83,0.54,9.13,0.55,10.0,0.01,0.01,2324.874295,1776244517000
1776249909.14,9.14,0.44,25.0,0.42,155.0,0.47,198.64,0.48,135.83,0.53,193.64,0.52,130.83,0.54,9.13,0.56,25.0,0.03,0.01,2324.874295,1776244517000
1776249909.453,9.453,0.44,30.0,0.42,160.0,0.45,108.1,0.46,110.0,0.55,107.37,0.54,110.0,0.56,30.0,0.58,155.0,0.01,0.01,2324.874295,1776244517000
1776249909.787,9.787,0.44,56.0,0.43,10.0,0.45,125.72,0.46,115.0,0.55,108.1,0.54,110.0,0.56,30.0,0.58,160.0,0.01,0.01,2324.874295,1776244517000
1776249909.99,9.99,0.44,26.0,0.43,24.0,0.45,145.96,0.46,115.0,0.55,123.34,0.54,115.0,0.56,56.0,0.57,10.0,0.01,0.01,2324.874295,1776244517000
1776249910.724,10.724,0.44,59.21,0.43,10.0,0.45,123.1,0.46,123.0,0.55,145.96,0.54,115.0,0.56,26.0,0.57,24.0,0.01,0.01,2324.874295,1776244517000
1776249911.472,11.472,0.44,51.0,0.43,55.0,0.46,10.0,0.47,118.64,0.55,115.14,0.54,123.0,0.56,74.21,0.57,10.0,0.02,0.01,2324.874295,1776244517000
1776249912.055,12.055,0.46,13.14,0.45,35.0,0.47,109.68,0.48,105.0,0.53,118.64,0.52,105.0,0.54,8.14,0.55,50.0,0.01,0.01,2324.874295,1776244517000
1776249912.708,12.708,0.46,7.95,0.45,35.0,0.47,143.77,0.48,115.0,0.53,109.68,0.52,105.0,0.54,13.14,0.55,35.0,0.01,0.01,2324.874295,1776244517000
1776249913.312,13.312,0.46,1.0,0.45,15.0,0.47,254.27,0.48,165.0,0.53,143.77,0.52,115.0,0.54,7.95,0.55,35.0,0.01,0.01,2324.874295,1776244517000
1776249913.564,13.564,0.45,1.88,0.44,5.34,0.47,279.27,0.48,165.0,0.53,254.27,0.52,165.0,0.54,1.0,0.55,15.0,0.02,0.01,2324.874295,1776244517000
1776249913.866,13.866,0.44,5.34,0.43,10.0,0.46,126.91,0.47,240.18,0.53,279.27,0.52,165.0,0.55,1.88,0.56,5.34,0.02,0.02,2324.874295,1776244517000
1776249914.493,14.493,0.44,0.34,0.43,10.0,0.45,4.09,0.46,117.82,0.55,29.09,0.54,112.82,0.56,0.34,0.57,10.0,0.01,0.01,2324.874295,1776244517000
1776249914.939,14.939,0.43,30.5,0.42,165.5,0.45,44.59,0.46,128.32,0.55,4.09,0.54,117.82,0.56,0.34,0.57,10.0,0.02,0.01,2324.874295,1776244517000
1776249915.445,15.445,0.46,74.5,0.45,95.5,0.47,151.68,0.48,48.0,0.55,44.59,0.54,128.32,0.57,30.5,0.58,165.5,0.01,0.02,2324.874295,1776244517000
1776249915.687,15.687,0.46,124.5,0.45,110.5,0.47,114.68,0.48,56.5,0.53,151.68,0.52,48.0,0.54,74.5,0.55,95.5,0.01,0.01,2324.874295,1776244517000
1776249916.44,16.44,0.46,119.5,0.45,107.5,0.47,103.08,0.48,5.0,0.53,114.68,0.52,56.5,0.54,124.5,0.55,110.5,0.01,0.01,2324.874295,1776244517000
1776249916.757,16.757,0.46,92.51,0.45,107.5,0.47,97.88,0.48,5.0,0.53,97.88,0.52,5.0,0.54,89.5,0.55,107.5,0.01,0.01,2324.874295,1776244517000
1776249917.021,17.021,0.46,92.51,0.45,107.5,0.47,42.88,0.48,105.0,0.53,97.88,0.52,5.0,0.54,92.51,0.55,107.5,0.01,0.01,2324.874295,1776244517000
1776249917.34,17.34,0.46,177.51,0.45,133.5,0.47,27.88,0.48,5.0,0.53,42.88,0.52,105.0,0.54,92.51,0.55,107.5,0.01,0.01,2324.874295,1776244517000
1776249917.7,17.7,0.49,7.12,0.46,202.51,0.5,60.0,0.51,36.12,0.53,17.88,0.52,5.0,0.54,177.51,0.55,133.5,0.01,0.01,2324.874295,1776244517000
1776249918.716,18.716,0.5,60.56,0.49,65.62,0.51,3.32,0.52,95.5,0.49,5.29,0.48,95.5,0.5,50.56,0.51,65.62,0.01,0.01,2324.874295,1776244517000
1776249919.794,19.794,0.5,6.2,0.49,17.12,0.51,111.35,0.52,195.5,0.49,3.32,0.48,95.5,0.5,60.56,0.51,65.62,0.01,0.01,2324.874295,1776244517000
1776249920.852,20.852,0.5,26.7,0.49,17.12,0.51,4.17,0.52,105.5,0.49,106.27,0.48,195.5,0.5,26.7,0.51,17.12,0.01,0.01,2324.874295,1776244517000
1776249921.566,21.566,0.5,10.0,0.49,42.62,0.51,15.0,0.52,125.5,0.49,0.93,0.48,105.5,0.5,21.2,0.51,17.12,0.01,0.01,2324.874295,1776244517000
1776249922.178,22.178,0.5,48.5,0.49,42.62,0.51,15.0,0.52,105.0,0.49,15.0,0.48,125.5,0.5,10.0,0.51,42.62,0.01,0.01,2324.874295,1776244517000
1776249924.105,24.105,0.5,48.5,0.49,42.62,0.51,15.0,0.52,105.0,0.49,15.0,0.48,105.0,0.5,48.5,0.51,42.62,0.01,0.01,2323.045045,1776249923000
1776249925.235,25.235,0.5,48.5,0.49,42.62,0.51,15.0,0.52,105.0,0.49,15.0,0.48,105.0,0.5,48.5,0.51,42.62,0.01,0.01,2323.005626,1776249924000
1776249925.465,25.465,0.52,62.08,0.51,128.5,0.53,5.0,0.54,155.0,0.49,15.0,0.48,105.0,0.5,48.5,0.51,42.62,0.01,0.01,2323.005626,1776249924000
1776249926.258,26.258,0.52,62.08,0.51,128.5,0.53,5.0,0.54,155.0,0.47,5.0,0.46,155.0,0.48,62.08,0.49,128.5,0.01,0.01,2323.030749,1776249925000
1776249926.526,26.526,0.54,60.5,0.53,104.5,0.55,55.0,0.57,55.0,0.47,5.0,0.46,155.0,0.48,62.08,0.49,128.5,0.01,0.01,2323.030749,1776249925000
1776249927.318,27.318,0.54,33.32,0.53,81.5,0.55,30.0,0.56,10.0,0.45,55.0,0.43,55.0,0.46,60.5,0.47,104.5,0.01,0.01,2323.030749,1776249925000
1776249927.882,27.882,0.54,33.32,0.53,81.5,0.55,30.0,0.56,10.0,0.45,30.0,0.44,10.0,0.46,33.32,0.47,81.5,0.01,0.01,2323.073207,1776249927000
1776249928.534,28.534,0.56,6.72,0.55,10.0,0.57,55.0,0.58,135.0,0.45,30.0,0.44,10.0,0.46,33.32,0.47,81.5,0.01,0.01,2323.073207,1776249927000
1776249928.84,28.84,0.56,19.93,0.55,20.0,0.57,55.0,0.58,135.0,0.43,55.0,0.42,135.0,0.44,6.72,0.45,10.0,0.01,0.01,2323.073207,1776249927000
1776249929.405,29.405,0.56,10.66,0.55,28.0,0.57,20.0,0.58,35.0,0.43,55.0,0.42,135.0,0.44,19.93,0.45,20.0,0.01,0.01,2323.25295,1776249928000
1776249930.039,30.039,0.56,13.38,0.55,28.0,0.57,15.0,0.58,42.91,0.43,15.0,0.42,42.91,0.44,13.38,0.45,28.0,0.01,0.01,2323.280735,1776249929000
1776249930.624,30.624,0.56,82.72,0.55,33.0,0.57,3.24,0.58,25.0,0.43,18.24,0.42,35.0,0.44,18.38,0.45,34.0,0.01,0.01,2323.280735,1776249929000
1776249931.009,31.009,0.61,47.25,0.6,70.0,0.62,30.0,0.63,5.0,0.42,25.0,0.41,50.0,0.44,92.72,0.45,153.0,0.01,0.02,2323.280735,1776249929000
1776249931.253,31.253,0.61,47.25,0.6,70.0,0.64,18.84,0.65,86.0,0.38,30.0,0.37,5.0,0.39,47.25,0.4,70.0,0.03,0.01,2323.374455,1776249930000
1776249931.843,31.843,0.65,43.0,0.64,33.0,0.69,50.0,0.7,140.0,0.36,2.98,0.35,80.0,0.39,52.25,0.4,95.0,0.04,0.03,2323.374455,1776249930000
1776249932.129,32.129,0.69,15.0,0.68,18.0,0.7,138.42,0.71,80.0,0.3,145.0,0.29,70.0,0.31,16.54,0.32,18.0,0.01,0.01,2323.374455,1776249930000
1776249932.392,32.392,0.69,10.14,0.68,23.0,0.7,131.99,0.71,80.0,0.3,131.99,0.29,80.0,0.31,10.14,0.32,23.0,0.01,0.01,2323.462965,1776249931000
1776249932.801,32.801,0.69,25.14,0.68,28.0,0.7,112.56,0.71,80.0,0.3,117.99,0.29,80.0,0.31,20.14,0.32,23.0,0.01,0.01,2323.462965,1776249931000
1776249933.31,33.31,0.69,5.0,0.68,10.0,0.7,69.57,0.71,200.5,0.3,98.27,0.29,80.0,0.31,25.14,0.32,28.0,0.01,0.01,2323.462965,1776249931000
1776249933.549,33.549,0.68,9.84,0.67,18.0,0.7,94.57,0.71,200.5,0.3,69.57,0.29,200.5,0.31,5.0,0.32,10.0,0.02,0.01,2323.462965,1776249931000
1776249933.927,33.927,0.68,9.84,0.67,18.0,0.7,88.57,0.71,200.5,0.3,88.57,0.29,200.5,0.32,9.84,0.33,18.0,0.02,0.02,2324.369788,1776249932000
1776249934.248,34.248,0.69,20.0,0.68,18.0,0.7,41.81,0.71,70.0,0.3,46.91,0.29,80.0,0.32,39.65,0.33,38.0,0.01,0.02,2324.369788,1776249932000
1776249934.467,34.467,0.69,20.0,0.68,23.0,0.72,50.78,0.73,180.0,0.28,50.78,0.27,180.0,0.31,20.0,0.32,23.0,0.03,0.03,2324.425635,1776249933000
1776249934.726,34.726,0.71,28.0,0.7,18.0,0.72,44.39,0.73,262.42,0.28,50.78,0.27,180.0,0.31,20.0,0.32,23.0,0.01,0.03,2324.425635,1776249933000
1776249935.254,35.254,0.71,43.0,0.7,18.0,0.73,94.29,0.74,114.0,0.28,44.39,0.27,262.42,0.29,28.0,0.3,18.0,0.02,0.01,2324.46645,1776249934000
1776249935.631,35.631,0.73,25.0,0.72,10.0,0.75,100.0,0.76,105.0,0.26,104.0,0.25,100.0,0.28,10.0,0.29,68.0,0.02,0.02,2324.46645,1776249934000
1776249936.142,36.142,0.74,10.0,0.73,65.0,0.75,89.45,0.76,105.0,0.25,100.0,0.24,105.0,0.27,25.0,0.28,10.0,0.01,0.02,2324.46645,1776249934000
1776249936.551,36.551,0.73,16.11,0.72,10.0,0.76,105.0,0.77,100.0,0.24,105.0,0.23,100.0,0.27,16.11,0.28,10.0,0.03,0.03,2324.525093,1776249935000
1776249936.778,36.778,0.75,40.0,0.74,10.0,0.77,97.4,0.78,175.0,0.24,105.0,0.23,100.0,0.27,16.11,0.28,10.0,0.02,0.03,2324.525093,1776249935000
1776249937.092,37.092,0.76,15.0,0.75,15.0,0.78,70.0,0.79,131.0,0.23,87.4,0.22,175.0,0.24,10.0,0.25,20.0,0.02,0.01,2324.525093,1776249935000
1776249937.604,37.604,0.76,15.0,0.75,15.0,0.78,70.0,0.79,131.0,0.22,70.0,0.21,131.0,0.24,15.0,0.25,15.0,0.02,0.02,2325.026892,1776249936000
1776249937.885,37.885,0.77,35.0,0.76,10.0,0.78,60.4,0.79,106.0,0.22,62.4,0.21,106.0,0.23,35.0,0.24,10.0,0.01,0.01,2325.026892,1776249936000
1776249938.163,38.163,0.77,35.0,0.76,10.0,0.78,56.85,0.79,106.0,0.22,56.85,0.21,106.0,0.23,35.0,0.24,10.0,0.01,0.01,2325.239686,1776249937000
1776249938.475,38.475,0.77,60.0,0.76,15.0,0.78,24.85,0.79,106.0,0.22,56.85,0.21,106.0,0.23,35.0,0.24,10.0,0.01,0.01,2325.239686,1776249937000
1776249939.009,39.009,0.77,36.15,0.76,15.0,0.78,4.33,0.79,106.0,0.22,24.85,0.21,111.0,0.23,26.49,0.24,20.0,0.01,0.01,2325.239686,1776249937000
1776249939.374,39.374,0.77,31.15,0.76,15.0,0.79,84.95,0.8,5.0,0.21,84.95,0.2,5.0,0.23,31.15,0.24,15.0,0.02,0.02,2325.36095,1776249938000
1776249939.789,39.789,0.78,20.0,0.77,1.65,0.79,77.35,0.8,5.0,0.21,109.95,0.2,5.0,0.23,1.65,0.24,20.0,0.01,0.02,2325.36095,1776249938000
1776249940.496,40.496,0.78,60.0,0.77,25.5,0.79,70.35,0.8,15.0,0.21,77.35,0.2,5.0,0.25,18.31,0.26,115.0,0.01,0.04,2325.36095,1776249938000
1776249941.051,41.051,0.78,25.5,0.77,70.5,0.79,75.35,0.8,5.0,0.21,70.35,0.2,15.0,0.22,60.0,0.23,25.5,0.01,0.01,2325.47235,1776249939000
1776249941.427,41.427,0.78,58.19,0.77,45.5,0.8,5.0,0.81,65.0,0.21,80.35,0.2,5.0,0.22,28.19,0.23,45.5,0.02,0.01,2325.57375,1776249940000
1776249941.894,41.894,0.79,115.0,0.78,65.0,0.8,2.05,0.81,65.0,0.2,5.0,0.19,65.0,0.22,58.19,0.23,45.5,0.01,0.02,2325.57375,1776249940000
1776249942.173,42.173,0.79,115.0,0.78,65.0,0.8,2.05,0.81,65.0,0.2,2.05,0.19,65.0,0.21,115.0,0.22,65.0,0.01,0.01,2325.65835,1776249941000
1776249942.662,42.662,0.79,70.14,0.78,70.5,0.8,2.05,0.81,55.0,0.2,2.05,0.19,65.0,0.21,115.0,0.22,65.0,0.01,0.01,2325.65835,1776249941000
1776249943.116,43.116,0.79,90.14,0.78,40.5,0.8,5.8,0.81,5.0,0.2,2.05,0.19,55.0,0.21,70.14,0.22,70.5,0.01,0.01,2325.65835,1776249941000
1776249943.423,43.423,0.79,90.14,0.78,40.5,0.8,5.8,0.81,5.0,0.2,5.8,0.19,5.0,0.21,90.14,0.22,40.5,0.01,0.01,2325.6586,1776249942000
1776249943.877,43.877,0.8,40.0,0.79,25.5,0.83,32.0,0.84,171.8,0.19,5.0,0.18,85.0,0.21,90.14,0.22,40.5,0.03,0.02,2325.6586,1776249942000
1776249944.267,44.267,0.8,70.0,0.79,15.5,0.83,32.0,0.84,171.8,0.19,8.76,0.17,32.0,0.2,45.0,0.21,25.5,0.03,0.01,2325.752815,1776249943000
1776249944.681,44.681,0.82,70.0,0.81,38.5,0.84,150.38,0.85,139.72,0.17,10.0,0.16,145.0,0.19,23.0,0.2,56.0,0.02,0.02,2325.752815,1776249943000
1776249944.882,44.882,0.82,60.0,0.81,38.5,0.83,4.0,0.84,139.88,0.16,150.38,0.15,139.72,0.18,70.0,0.19,38.5,0.01,0.02,2325.752815,1776249943000
1776249945.176,45.176,0.82,65.0,0.81,38.5,0.84,136.42,0.85,139.72,0.16,136.42,0.15,139.72,0.18,65.0,0.19,38.5,0.02,0.02,2326.0433,1776249944000
1776249945.409,45.409,0.83,85.0,0.82,483.7,0.84,56.35,0.85,101.52,0.16,136.42,0.15,139.72,0.18,65.0,0.19,38.5,0.01,0.02,2326.0433,1776249944000
1776249945.728,45.728,0.83,135.5,0.82,135.5,0.84,22.13,0.85,101.52,0.16,50.13,0.15,101.52,0.17,115.5,0.18,145.5,0.01,0.01,2326.0433,1776249944000
1776249946.108,46.108,0.84,140.5,0.83,65.5,0.85,100.22,0.86,41.0,0.15,101.52,0.14,41.0,0.17,135.5,0.18,135.5,0.01,0.02,2326.0433,1776249944000
1776249946.352,46.352,0.84,140.5,0.83,65.5,0.85,101.42,0.86,41.0,0.15,101.42,0.14,41.0,0.16,140.5,0.17,65.5,0.01,0.01,2326.10586,1776249945000
1776249946.925,46.925,0.84,140.5,0.83,65.5,0.85,101.42,0.86,41.0,0.15,101.42,0.14,41.0,0.16,140.5,0.17,65.5,0.01,0.01,2326.106246,1776249946000
1776249947.169,47.169,0.84,130.5,0.83,65.5,0.85,66.12,0.86,24.0,0.15,101.42,0.14,41.0,0.16,140.5,0.17,65.5,0.01,0.01,2326.106246,1776249946000
1776249947.473,47.473,0.84,148.81,0.83,91.5,0.85,57.13,0.86,44.5,0.15,66.12,0.14,24.0,0.16,93.81,0.17,35.5,0.01,0.01,2326.106246,1776249946000
1776249948.121,48.121,0.84,148.81,0.83,91.5,0.85,57.13,0.86,44.5,0.15,57.13,0.14,44.5,0.16,148.81,0.17,91.5,0.01,0.01,2326.59425,1776249947000
1776249948.416,48.416,0.83,50.0,0.82,85.0,0.85,137.63,0.86,69.5,0.15,57.13,0.14,44.5,0.16,148.81,0.17,91.5,0.02,0.01,2326.59425,1776249947000
1776249948.782,48.782,0.82,85.0,0.81,100.0,0.84,121.3,0.85,197.63,0.16,67.8,0.15,132.63,0.17,10.13,0.18,85.0,0.02,0.01,2326.59425,1776249947000
1776249949.099,49.099,0.82,85.0,0.81,100.0,0.83,19.15,0.84,116.3,0.17,19.15,0.16,116.3,0.18,85.0,0.19,100.0,0.01,0.01,2326.594,1776249948000
1776249949.315,49.315,0.83,26.87,0.81,50.0,0.84,43.76,0.85,162.63,0.16,49.51,0.15,187.63,0.17,26.87,0.19,50.0,0.01,0.01,2326.594,1776249948000
1776249949.982,49.982,0.8,39.74,0.79,100.0,0.81,85.5,0.82,20.5,0.16,43.76,0.15,162.63,0.19,50.0,0.21,85.0,0.01,0.03,2326.594,1776249948000
1776249950.208,50.208,0.79,20.5,0.78,125.5,0.8,9.93,0.81,195.0,0.19,85.5,0.18,20.5,0.2,39.74,0.21,100.0,0.01,0.01,2326.551569,1776249949000
1776249950.865,50.865,0.8,15.0,0.79,25.5,0.81,143.94,0.82,70.5,0.19,159.44,0.18,70.5,0.21,30.5,0.22,125.5,0.01,0.02,2326.551569,1776249949000
1776249951.467,51.467,0.8,368.59,0.79,20.5,0.81,120.0,0.82,50.0,0.19,143.94,0.18,70.5,0.2,15.0,0.21,25.5,0.01,0.01,2325.930395,1776249950000
1776249951.939,51.939,0.8,538.99,0.79,35.5,0.81,120.0,0.82,50.0,0.19,120.0,0.18,50.0,0.2,538.99,0.21,35.5,0.01,0.01,2325.826226,1776249951000
1776249952.335,52.335,0.78,20.0,0.77,195.0,0.8,30.5,0.81,136.5,0.19,120.0,0.18,50.0,0.2,538.99,0.21,35.5,0.02,0.01,2325.826226,1776249951000
1776249952.68,52.68,0.78,3.27,0.77,135.0,0.79,36.5,0.8,26.5,0.21,20.5,0.2,20.5,0.22,3.27,0.23,195.0,0.01,0.01,2325.826226,1776249951000
1776249952.919,52.919,0.78,3.27,0.77,135.0,0.79,36.5,0.8,26.5,0.21,36.5,0.2,26.5,0.22,3.27,0.23,135.0,0.01,0.01,2325.596128,1776249952000
1776249953.324,53.324,0.8,70.0,0.79,10.0,0.81,37.08,0.83,25.5,0.19,230.98,0.18,77.0,0.22,38.77,0.23,150.5,0.01,0.03,2325.596128,1776249952000
1776249953.907,53.907,0.81,157.02,0.8,55.0,0.84,35.0,0.85,67.13,0.16,35.0,0.15,67.13,0.19,157.02,0.2,55.0,0.03,0.03,2325.488373,1776249953000
1776249954.555,54.555,0.84,4.31,0.83,168.0,0.85,0.85,0.86,44.0,0.15,60.85,0.14,44.0,0.17,148.0,0.18,27.0,0.01,0.02,2325.488373,1776249953000
1776249954.824,54.824,0.83,161.99,0.82,27.0,0.85,0.85,0.86,44.0,0.15,0.85,0.14,44.0,0.17,161.99,0.18,27.0,0.02,0.02,2325.301147,1776249954000
1776249955.373,55.373,0.83,118.81,0.82,57.0,0.85,25.6,0.86,44.0,0.15,13.87,0.14,44.0,0.16,20.0,0.17,156.99,0.02,0.01,2325.301147,1776249954000
1776249955.582,55.582,0.83,118.81,0.82,63.0,0.85,25.6,0.86,44.0,0.15,25.6,0.14,44.0,0.16,8.12,0.17,118.81,0.02,0.01,2325.301147,1776249954000
1776249955.835,55.835,0.83,118.81,0.82,63.0,0.85,25.6,0.86,44.0,0.15,25.6,0.14,44.0,0.17,118.81,0.18,63.0,0.02,0.02,2326.535347,1776249955000
1776249956.903,56.903,0.84,163.62,0.83,36.5,0.85,45.6,0.86,64.5,0.15,25.6,0.14,54.0,0.16,18.12,0.17,134.81,0.01,0.01,2326.535347,1776249955000
1776249957.184,57.184,0.84,35.24,0.83,130.5,0.85,58.6,0.86,59.5,0.15,50.6,0.14,59.5,0.16,175.05,0.17,136.5,0.01,0.01,2326.664083,1776249956000
1776249957.743,57.743,0.82,93.19,0.81,236.5,0.84,76.87,0.85,72.23,0.15,80.6,0.14,59.5,0.17,292.62,0.18,158.3,0.02,0.02,2326.664083,1776249956000
1776249958.148,58.148,0.82,93.19,0.81,291.5,0.84,68.87,0.85,72.23,0.17,13.71,0.16,68.87,0.18,118.19,0.19,241.5,0.02,0.01,2326.664083,1776249956000
1776249958.824,58.824,0.83,58.38,0.82,73.19,0.84,13.81,0.85,55.0,0.16,23.81,0.15,72.23,0.18,93.19,0.19,291.5,0.01,0.02,2326.629965,1776249957000
1776249959.423,59.423,0.83,58.38,0.82,73.19,0.84,13.81,0.85,55.0,0.16,13.81,0.15,55.0,0.17,58.38,0.18,73.19,0.01,0.01,2326.563801,1776249958000
1776249959.764,59.764,0.83,355.47,0.82,170.63,0.84,13.81,0.85,5.0,0.16,13.81,0.15,65.0,0.17,514.01,0.18,220.07,0.01,0.01,2326.563801,1776249958000
1776249960.02,60.02,0.83,210.78,0.82,116.19,0.85,5.0,0.86,89.5,0.16,13.81,0.15,5.0,0.17,355.47,0.18,170.63,0.02,0.01,2326.563801,1776249958000
1776249960.257,60.257,0.83,210.78,0.82,116.19,0.85,5.0,0.86,89.5,0.15,5.0,0.14,89.5,0.17,210.78,0.18,116.19,0.02,0.02,2326.465675,1776249959000
1776249961.2,61.2,0.85,102.9,0.84,88.5,0.86,5.27,0.87,15.0,0.15,5.0,0.14,89.5,0.17,210.78,0.18,116.19,0.01,0.02,2326.465675,1776249959000
1776249961.518,61.518,0.86,70.0,0.85,107.9,0.89,64.0,0.9,85.0,0.13,3.75,0.12,60.0,0.14,75.0,0.15,207.9,0.03,0.01,2326.465675,1776249959000
1776249961.806,61.806,0.87,10.0,0.86,83.0,0.9,125.0,0.91,114.0,0.1,125.0,0.09,114.0,0.13,18.0,0.14,68.0,0.03,0.03,2326.465675,1776249959000
1776249962.161,62.161,0.88,127.0,0.87,73.13,0.89,4.25,0.9,75.0,0.1,100.0,0.09,114.0,0.13,5.13,0.14,83.0,0.01,0.03,2326.553755,1776249960000
1776249962.485,62.485,0.89,95.75,0.88,422.22,0.9,75.0,0.91,104.0,0.1,75.0,0.09,104.0,0.11,95.75,0.12,422.22,0.01,0.01,2326.673795,1776249961000
1776249962.753,62.753,0.9,10.0,0.89,117.0,0.91,103.55,0.92,158.9,0.09,100.41,0.08,158.9,0.11,127.0,0.12,117.0,0.01,0.02,2326.673795,1776249961000
1776249963.047,63.047,0.9,119.0,0.89,150.71,0.91,48.56,0.92,158.9,0.09,103.55,0.08,158.9,0.1,10.0,0.11,117.0,0.01,0.01,2326.673795,1776249961000
1776249963.37,63.37,0.9,119.0,0.89,185.71,0.91,3.79,0.92,110.0,0.09,46.56,0.08,158.9,0.1,119.0,0.11,150.71,0.01,0.01,2327.172368,1776249962000
1776249963.755,63.755,0.9,211.33,0.89,184.71,0.91,102.4,0.92,206.0,0.09,83.79,0.08,210.0,0.1,124.0,0.11,185.71,0.01,0.01,2327.172368,1776249962000
1776249963.974,63.974,0.9,255.99,0.89,191.21,0.91,20.4,0.92,56.0,0.09,23.4,0.08,106.0,0.1,283.66,0.11,161.21,0.01,0.01,2327.172368,1776249962000
1776249964.292,64.292,0.91,15.0,0.9,181.99,0.93,5.38,0.94,140.0,0.08,1.43,0.07,53.0,0.09,15.0,0.1,191.99,0.02,0.01,2327.172368,1776249962000
1776249964.532,64.532,0.93,5.0,0.92,15.0,0.95,135.0,0.96,282.5,0.06,15.0,0.05,135.0,0.09,22.0,0.1,206.99,0.02,0.03,2327.378022,1776249963000
1776249965.101,65.101,0.94,3.32,0.93,12.42,0.95,105.2,0.96,282.5,0.05,85.0,0.04,282.5,0.06,29.16,0.07,7.42,0.01,0.01,2327.378022,1776249963000
1776249965.384,65.384,0.94,7.1,0.93,7.42,0.95,84.14,0.96,282.5,0.05,84.14,0.04,282.5,0.06,7.1,0.07,7.42,0.01,0.01,2327.65611,1776249964000
1776249966.022,66.022,0.94,5.0,0.93,5.0,0.95,93.14,0.96,638.75,0.05,84.14,0.04,282.5,0.06,7.1,0.07,7.42,0.01,0.01,2327.65611,1776249964000
1776249966.311,66.311,0.92,9.71,0.91,60.0,0.94,10.0,0.95,73.14,0.05,93.14,0.04,638.75,0.06,5.0,0.07,5.0,0.02,0.01,2328.548212,1776249965000
1776249966.574,66.574,0.92,15.71,0.91,50.0,0.95,68.14,0.96,346.75,0.06,10.0,0.05,73.14,0.08,9.71,0.09,60.0,0.03,0.02,2328.548212,1776249965000
1776249966.78,66.78,0.93,50.0,0.92,59.71,0.95,98.06,0.96,352.75,0.06,4.78,0.05,68.14,0.08,59.71,0.09,50.0,0.02,0.02,2328.548212,1776249965000
1776249967.144,67.144,0.92,39.71,0.91,60.0,0.95,115.68,0.96,346.75,0.05,115.68,0.04,346.75,0.08,39.71,0.09,60.0,0.03,0.03,2328.807918,1776249966000
1776249967.922,67.922,0.94,37.0,0.93,15.0,0.95,114.27,0.96,482.55,0.06,18.73,0.05,60.2,0.08,8.58,0.09,75.0,0.01,0.02,2328.807918,1776249966000
1776249968.224,68.224,0.94,20.0,0.93,32.0,0.95,132.74,0.96,482.55,0.05,132.74,0.04,482.55,0.06,20.0,0.07,32.0,0.01,0.01,2328.433666,1776249967000
1776249968.586,68.586,0.93,9.85,0.92,15.0,0.94,94.0,0.95,207.2,0.05,132.74,0.04,482.55,0.06,20.0,0.07,32.0,0.01,0.01,2328.433666,1776249967000
1776249968.914,68.914,0.92,2.87,0.91,10.0,0.94,174.0,0.95,110.2,0.06,99.0,0.05,110.2,0.07,5.0,0.08,5.0,0.02,0.01,2328.433666,1776249967000
1776249969.166,69.166,0.9,149.99,0.89,156.21,0.91,9.13,0.93,25.0,0.06,78.0,0.05,90.0,0.09,2.87,0.1,149.99,0.01,0.03,2328.433666,1776249967000
1776249969.369,69.369,0.9,149.99,0.89,156.21,0.91,9.13,0.93,25.0,0.09,9.13,0.07,25.0,0.1,149.99,0.11,156.21,0.01,0.01,2328.030935,1776249968000
1776249969.632,69.632,0.93,10.71,0.92,25.0,0.94,38.13,0.95,158.0,0.06,33.13,0.05,102.0,0.08,15.0,0.09,15.0,0.01,0.02,2328.030935,1776249968000
1776249970.039,70.039,0.94,16.28,0.93,130.0,0.95,158.0,0.96,430.55,0.06,38.13,0.05,158.0,0.07,10.71,0.08,25.0,0.01,0.01,2328.030935,1776249968000
1776249970.263,70.263,0.94,17.28,0.93,125.0,0.95,128.2,0.96,430.55,0.05,158.0,0.04,430.55,0.06,16.28,0.07,130.0,0.01,0.01,2328.094278,1776249969000
1776249970.745,70.745,0.92,82.0,0.91,65.0,0.94,18.93,0.95,166.2,0.05,73.76,0.04,425.55,0.06,5.61,0.07,96.0,0.02,0.01,2328.094278,1776249969000
1776249970.965,70.965,0.92,82.0,0.91,65.0,0.94,18.93,0.95,166.2,0.06,18.93,0.05,166.2,0.08,82.0,0.09,65.0,0.02,0.02,2327.795163,1776249970000
1776249971.283,71.283,0.94,10.0,0.93,155.0,0.95,190.71,0.96,523.55,0.06,18.93,0.05,166.2,0.08,82.0,0.09,65.0,0.01,0.02,2327.795163,1776249970000
1776249972.086,72.086,0.93,138.57,0.92,65.0,0.96,661.55,0.97,668.7,0.04,661.55,0.03,668.7,0.07,138.57,0.08,65.0,0.03,0.03,2327.945888,1776249971000
1776249972.444,72.444,0.94,168.0,0.93,85.0,0.95,24.98,0.96,658.55,0.05,101.06,0.04,358.55,0.06,99.0,0.07,85.0,0.01,0.01,2327.945888,1776249971000
1776249973.133,73.133,0.95,3.3,0.94,5.0,0.96,805.48,0.97,675.7,0.04,588.23,0.03,650.7,0.06,145.0,0.07,85.0,0.01,0.02,2327.945888,1776249971000
1776249973.581,73.581,0.94,71.08,0.93,65.0,0.96,255.23,0.97,675.7,0.04,310.48,0.03,675.7,0.05,3.3,0.06,55.0,0.02,0.01,2327.943845,1776249972000
1776249974.181,74.181,0.94,55.0,0.93,55.0,0.95,162.66,0.96,228.23,0.05,162.66,0.04,228.23,0.06,55.0,0.07,55.0,0.01,0.01,2328.07987,1776249973000
1776249974.42,74.42,0.94,55.0,0.93,60.0,0.95,294.92,0.96,351.23,0.05,162.66,0.04,228.23,0.06,55.0,0.07,55.0,0.01,0.01,2328.07987,1776249973000
1776249975.336,75.336,0.94,43.33,0.93,60.0,0.95,107.11,0.96,940.14,0.05,107.11,0.04,940.14,0.06,43.33,0.07,60.0,0.01,0.01,2328.0487,1776249974000
1776249976.205,76.205,0.94,111.0,0.93,75.0,0.95,102.98,0.96,720.23,0.05,107.11,0.04,940.14,0.06,43.33,0.07,60.0,0.01,0.01,2328.0487,1776249974000
1776249976.446,76.446,0.94,111.0,0.93,75.0,0.95,102.98,0.96,720.23,0.05,102.98,0.04,720.23,0.06,111.0,0.07,75.0,0.01,0.01,2328.078557,1776249975000
1776249977.045,77.045,0.94,53.33,0.93,82.0,0.95,152.98,0.96,564.0,0.05,152.98,0.04,564.0,0.06,53.33,0.07,82.0,0.01,0.01,2328.05712,1776249976000
1776249977.49,77.49,0.94,88.33,0.93,82.0,0.95,157.98,0.96,864.0,0.05,152.98,0.04,564.0,0.06,53.33,0.07,82.0,0.01,0.01,2328.05712,1776249976000
1776249978.236,78.236,0.94,88.33,0.93,82.0,0.95,157.98,0.96,864.0,0.05,157.98,0.04,864.0,0.06,88.33,0.07,82.0,0.01,0.01,2328.095623,1776249977000
1776249979.426,79.426,0.93,122.0,0.92,172.99,0.94,19.5,0.95,90.98,0.06,19.5,0.05,90.98,0.07,122.0,0.08,172.99,0.01,0.01,2328.087165,1776249978000
1776249979.874,79.874,0.93,122.0,0.92,172.99,0.94,19.5,0.95,90.98,0.06,19.5,0.05,90.98,0.07,122.0,0.08,172.99,0.01,0.01,2328.096295,1776249979000
1776249980.178,80.178,0.92,60.0,0.91,247.49,0.93,33.0,0.94,113.5,0.06,19.5,0.05,90.98,0.07,122.0,0.08,172.99,0.01,0.01,2328.096295,1776249979000
1776249980.748,80.748,0.92,151.31,0.91,165.68,0.93,65.7,0.94,65.0,0.07,63.0,0.06,57.5,0.08,47.5,0.09,276.49,0.01,0.01,2328.096295,1776249979000
1776249981.052,81.052,0.92,151.31,0.91,165.68,0.93,65.7,0.94,65.0,0.07,65.7,0.06,65.0,0.08,151.31,0.09,165.68,0.01,0.01,2328.066407,1776249980000
1776249981.475,81.475,0.92,484.41,0.91,273.79,0.94,50.7,0.95,104.77,0.07,65.7,0.06,65.0,0.08,151.31,0.09,165.68,0.02,0.01,2328.066407,1776249980000
1776249982.179,82.179,0.92,800.83,0.91,381.9,0.93,10.15,0.94,50.7,0.07,10.15,0.06,50.7,0.08,800.83,0.09,381.9,0.01,0.01,2327.905901,1776249981000
1776249982.708,82.708,0.92,220.49,0.91,164.49,0.93,5.0,0.94,60.0,0.07,10.15,0.06,50.7,0.08,800.83,0.09,381.9,0.01,0.01,2327.905901,1776249981000
1776249983.073,83.073,0.92,47.5,0.91,242.49,0.93,25.0,0.94,65.0,0.07,5.0,0.06,60.0,0.08,220.49,0.09,164.49,0.01,0.01,2327.905901,1776249981000
1776249983.283,83.283,0.92,47.5,0.91,242.49,0.93,21.43,0.94,65.0,0.07,25.0,0.06,65.0,0.08,47.5,0.09,242.49,0.01,0.01,2327.905901,1776249981000
1776249983.693,83.693,0.92,47.5,0.91,242.49,0.93,95.85,0.94,65.0,0.07,21.43,0.06,65.0,0.08,47.5,0.09,242.49,0.01,0.01,2327.811364,1776249982000
1776249984.556,84.556,0.92,90.11,0.91,283.48,0.93,103.21,0.94,65.0,0.07,95.85,0.06,65.0,0.08,47.5,0.09,242.49,0.01,0.01,2327.811364,1776249982000
1776249986.19,86.19,0.92,90.11,0.91,144.5,0.93,88.21,0.94,65.0,0.07,103.21,0.06,65.0,0.08,90.11,0.09,283.48,0.01,0.01,2327.811364,1776249982000
1776249986.563,86.563,0.91,50.0,0.9,234.49,0.93,93.21,0.94,180.71,0.07,88.21,0.06,65.0,0.08,90.11,0.09,144.5,0.02,0.01,2327.811364,1776249982000
1776249987.202,87.202,0.91,50.0,0.9,234.49,0.93,93.21,0.94,180.71,0.07,93.21,0.06,180.71,0.09,50.0,0.1,234.49,0.02,0.02,2327.61969,1776249986000
1776249987.655,87.655,0.91,28.88,0.9,149.99,0.92,104.0,0.93,163.51,0.08,99.0,0.07,103.21,0.09,43.88,0.1,160.49,0.01,0.01,2327.61969,1776249986000
1776249987.92,87.92,0.9,145.07,0.89,159.21,0.91,10.0,0.92,117.72,0.08,138.72,0.07,183.42,0.1,149.99,0.11,109.21,0.01,0.02,2327.61969,1776249986000
1776249988.303,88.303,0.9,144.37,0.89,159.21,0.91,10.0,0.92,90.0,0.09,10.0,0.08,90.0,0.1,144.37,0.11,159.21,0.01,0.01,2327.50112,1776249987000
1776249988.996,88.996,0.9,214.87,0.89,183.21,0.91,8.82,0.92,108.9,0.09,10.0,0.08,90.0,0.1,144.37,0.11,159.21,0.01,0.01,2327.50112,1776249987000
1776249989.441,89.441,0.9,214.87,0.89,183.21,0.91,8.82,0.92,108.9,0.09,8.82,0.08,108.9,0.1,214.87,0.11,183.21,0.01,0.01,2327.263241,1776249988000
1776249990.006,90.006,0.91,243.0,0.9,388.86,0.92,15.0,0.93,63.79,0.08,15.0,0.07,63.79,0.09,243.0,0.1,388.86,0.01,0.01,2326.966742,1776249989000
1776249991.063,91.063,0.91,243.0,0.9,388.86,0.92,15.0,0.93,63.79,0.08,15.0,0.07,63.79,0.09,243.0,0.1,388.86,0.01,0.01,2327.160424,1776249990000
1776249992.226,92.226,0.91,243.0,0.9,388.86,0.92,15.0,0.93,63.79,0.08,15.0,0.07,63.79,0.09,243.0,0.1,388.86,0.01,0.01,2327.452719,1776249991000
1776249993.109,93.109,0.92,142.62,0.91,278.99,0.93,25.0,0.94,70.0,0.08,15.0,0.07,63.79,0.09,243.0,0.1,388.86,0.01,0.01,2327.452719,1776249991000
1776249993.315,93.315,0.92,142.62,0.91,278.99,0.93,25.0,0.94,70.0,0.07,25.0,0.06,70.0,0.08,142.62,0.09,278.99,0.01,0.01,2327.613333,1776249992000
1776249993.722,93.722,0.92,223.26,0.91,271.99,0.93,23.92,0.94,70.0,0.07,25.0,0.06,70.0,0.08,142.62,0.09,278.99,0.01,0.01,2327.613333,1776249992000
1776249994.303,94.303,0.92,223.26,0.91,271.99,0.93,23.92,0.94,70.0,0.07,23.92,0.06,70.0,0.08,223.26,0.09,271.99,0.01,0.01,2327.555595,1776249993000
1776249994.997,94.997,0.92,86.64,0.91,10.0,0.93,92.26,0.94,70.0,0.07,23.92,0.06,70.0,0.08,223.26,0.09,271.99,0.01,0.01,2327.555595,1776249993000
1776249995.364,95.364,0.92,47.72,0.91,10.0,0.93,119.95,0.94,159.71,0.07,107.26,0.06,159.71,0.08,47.72,0.09,10.0,0.01,0.01,2327.555595,1776249993000
1776249995.996,95.996,0.92,47.72,0.91,10.0,0.93,119.95,0.94,159.71,0.07,119.95,0.06,159.71,0.08,47.72,0.09,10.0,0.01,0.01,2327.52674,1776249995000
1776249997.028,97.028,0.92,47.72,0.91,10.0,0.93,119.95,0.94,159.71,0.07,119.95,0.06,159.71,0.08,47.72,0.09,10.0,0.01,0.01,2327.254301,1776249996000
1776249997.393,97.393,0.92,112.72,0.91,60.0,0.93,91.19,0.94,70.0,0.07,119.95,0.06,159.71,0.08,47.72,0.09,10.0,0.01,0.01,2327.254301,1776249996000
1776249998.121,98.121,0.92,112.72,0.91,60.0,0.93,91.19,0.94,70.0,0.07,91.19,0.06,70.0,0.08,112.72,0.09,60.0,0.01,0.01,2327.2545,1776249997000
1776249998.433,98.433,0.92,44.72,0.91,5.0,0.93,126.19,0.94,229.7,0.07,91.19,0.06,70.0,0.08,112.72,0.09,60.0,0.01,0.01,2327.2545,1776249997000
1776249998.731,98.731,0.92,4.97,0.91,5.0,0.93,118.49,0.94,229.7,0.07,166.49,0.06,229.7,0.08,4.97,0.09,5.0,0.01,0.01,2327.2545,1776249997000
1776249999.237,99.237,0.92,4.97,0.91,60.0,0.93,127.41,0.94,229.7,0.07,118.49,0.06,229.7,0.08,4.97,0.09,5.0,0.01,0.01,2327.2545,1776249997000
1776249999.439,99.439,0.9,97.34,0.89,311.2,0.93,142.41,0.94,229.7,0.07,127.41,0.06,229.7,0.08,4.97,0.09,60.0,0.03,0.01,2327.37809,1776249998000
1776250000.785,100.785,0.9,97.34,0.89,311.2,0.93,142.41,0.94,229.7,0.07,142.41,0.06,229.7,0.1,97.34,0.11,311.2,0.03,0.03,2327.188329,1776249999000
1776250001.276,101.276,0.9,97.34,0.89,311.2,0.93,142.41,0.94,229.7,0.07,142.41,0.06,229.7,0.1,97.34,0.11,311.2,0.03,0.03,2327.1508,1776250000000
1776250002.449,102.449,0.9,97.34,0.89,311.2,0.93,142.41,0.94,229.7,0.07,142.41,0.06,229.7,0.1,97.34,0.11,311.2,0.03,0.03,2327.057798,1776250001000
1776250002.804,102.804,0.9,227.18,0.89,304.2,0.95,277.75,0.96,293.8,0.07,142.41,0.06,229.7,0.1,97.34,0.11,311.2,0.05,0.03,2327.057798,1776250001000
1776250003.06,103.06,0.9,227.18,0.89,304.2,0.95,277.75,0.96,293.8,0.05,277.75,0.04,293.8,0.1,227.18,0.11,304.2,0.05,0.05,2327.121202,1776250002000
1776250003.518,103.518,0.92,55.0,0.91,55.0,0.93,37.31,0.94,35.0,0.05,277.75,0.04,293.8,0.1,227.18,0.11,304.2,0.01,0.05,2327.121202,1776250002000
1776250003.797,103.797,0.93,13.75,0.92,80.0,0.94,22.33,0.95,49.9,0.07,65.69,0.06,35.0,0.08,55.0,0.09,55.0,0.01,0.01,2327.121202,1776250002000
1776250004.068,104.068,0.93,114.75,0.92,80.0,0.95,50.9,0.96,366.8,0.06,22.33,0.05,49.9,0.07,13.75,0.08,80.0,0.02,0.01,2327.121202,1776250002000
1776250004.289,104.289,0.93,114.75,0.92,80.0,0.94,4.88,0.95,71.1,0.05,50.9,0.04,366.8,0.07,114.75,0.08,80.0,0.01,0.02,2327.04556,1776250003000
1776250004.959,104.959,0.93,68.75,0.92,80.0,0.94,25.74,0.95,78.1,0.06,4.88,0.05,71.1,0.07,114.75,0.08,80.0,0.01,0.01,2327.04556,1776250003000
1776250005.219,105.219,0.93,68.75,0.92,80.0,0.94,25.74,0.95,78.1,0.06,25.74,0.05,78.1,0.07,68.75,0.08,80.0,0.01,0.01,2327.125774,1776250004000
1776250006.333,106.333,0.93,68.75,0.92,80.0,0.94,25.74,0.95,78.1,0.06,25.74,0.05,78.1,0.07,68.75,0.08,80.0,0.01,0.01,2327.16437,1776250005000
1776250006.789,106.789,0.93,55.0,0.92,60.0,0.94,42.93,0.95,162.11,0.05,70.0,0.04,823.8,0.07,55.0,0.08,60.0,0.01,0.02,2327.16437,1776250005000
1776250007.441,107.441,0.93,55.0,0.92,60.0,0.94,42.93,0.95,162.11,0.06,42.93,0.05,162.11,0.07,55.0,0.08,60.0,0.01,0.01,2327.211696,1776250006000
1776250007.993,107.993,0.93,55.0,0.92,60.0,0.94,42.93,0.95,162.11,0.06,42.93,0.05,162.11,0.07,55.0,0.08,60.0,0.01,0.01,2327.182827,1776250007000
1776250009.087,109.087,0.93,55.0,0.92,60.0,0.94,42.93,0.95,162.11,0.06,42.93,0.05,162.11,0.07,55.0,0.08,60.0,0.01,0.01,2327.113351,1776250008000
1776250010.228,110.228,0.94,121.0,0.93,121.0,0.95,36.91,0.96,176.0,0.06,42.93,0.05,162.11,0.07,55.0,0.08,60.0,0.01,0.01,2327.113351,1776250008000
1776250010.666,110.666,0.94,102.33,0.93,128.0,0.96,35.0,0.97,767.7,0.05,25.85,0.04,166.0,0.06,121.0,0.07,121.0,0.02,0.01,2327.004191,1776250009000
1776250011.553,111.553,0.95,82.2,0.94,102.33,0.96,44.91,0.97,767.7,0.04,35.0,0.03,767.7,0.06,102.33,0.07,128.0,0.01,0.02,2327.01267,1776250010000
1776250011.978,111.978,0.95,82.2,0.94,102.33,0.96,44.91,0.97,767.7,0.04,44.91,0.03,767.7,0.05,82.2,0.06,102.33,0.01,0.01,2327.219158,1776250011000
1776250012.997,112.997,0.95,82.2,0.94,102.33,0.96,44.91,0.97,767.7,0.04,44.91,0.03,767.7,0.05,82.2,0.06,102.33,0.01,0.01,2327.429051,1776250012000
1776250014.072,114.072,0.95,82.2,0.94,102.33,0.96,44.91,0.97,767.7,0.04,44.91,0.03,767.7,0.05,82.2,0.06,102.33,0.01,0.01,2327.51911,1776250013000
1776250014.368,114.368,0.93,50.08,0.92,60.0,0.94,78.0,0.95,142.91,0.04,44.91,0.03,767.7,0.05,82.2,0.06,102.33,0.01,0.01,2327.51911,1776250013000
1776250015.223,115.223,0.93,50.08,0.92,60.0,0.94,78.0,0.95,142.91,0.06,78.0,0.05,142.91,0.07,50.08,0.08,60.0,0.01,0.01,2327.407102,1776250014000
1776250015.439,115.439,0.93,116.79,0.92,87.5,0.94,44.0,0.95,63.0,0.06,78.0,0.05,142.91,0.07,50.08,0.08,60.0,0.01,0.01,2327.407102,1776250014000
1776250016.08,116.08,0.95,150.0,0.94,85.5,0.96,25.0,0.97,469.0,0.05,63.0,0.04,165.71,0.07,116.79,0.08,87.5,0.01,0.02,2327.407102,1776250014000
1776250016.394,116.394,0.95,150.0,0.94,85.5,0.96,25.0,0.97,469.0,0.04,25.0,0.03,469.0,0.05,150.0,0.06,85.5,0.01,0.01,2327.129288,1776250015000
1776250016.954,116.954,0.95,150.0,0.94,85.5,0.96,25.0,0.97,469.0,0.04,25.0,0.03,469.0,0.05,150.0,0.06,85.5,0.01,0.01,2327.042721,1776250016000
1776250017.192,117.192,0.95,133.0,0.94,389.49,0.97,759.0,0.98,642.48,0.04,25.0,0.03,469.0,0.05,150.0,0.06,85.5,0.02,0.01,2327.042721,1776250016000
1776250017.49,117.49,0.96,189.0,0.95,133.0,0.97,459.0,0.98,805.39,0.03,459.0,0.02,642.48,0.05,133.0,0.06,389.49,0.01,0.02,2327.042721,1776250016000
1776250017.949,117.949,0.96,189.0,0.95,133.0,0.97,459.0,0.98,805.39,0.03,459.0,0.02,805.39,0.04,189.0,0.05,133.0,0.01,0.01,2327.39162,1776250017000
1776250018.208,118.208,0.96,140.12,0.95,102.0,0.97,474.0,0.98,862.39,0.03,459.0,0.02,805.39,0.04,189.0,0.05,133.0,0.01,0.01,2327.39162,1776250017000
1776250019.044,119.044,0.96,140.12,0.95,102.0,0.97,474.0,0.98,862.39,0.03,474.0,0.02,862.39,0.04,140.12,0.05,102.0,0.01,0.01,2327.960979,1776250018000
1776250019.398,119.398,0.96,125.12,0.95,87.0,0.97,385.12,0.98,862.39,0.03,385.12,0.02,862.39,0.04,150.12,0.05,87.0,0.01,0.01,2327.960979,1776250018000
1776250020.116,120.116,0.96,125.12,0.95,87.0,0.97,385.12,0.98,862.39,0.03,385.12,0.02,862.39,0.04,125.12,0.05,87.0,0.01,0.01,2328.020915,1776250019000
1776250021.035,121.035,0.95,5.0,0.94,16.0,0.96,60.0,0.97,390.12,0.03,385.12,0.02,862.39,0.04,125.12,0.05,87.0,0.01,0.01,2328.020915,1776250019000
1776250021.434,121.434,0.95,5.0,0.94,5.0,0.96,366.58,0.97,716.82,0.04,60.0,0.03,390.12,0.05,5.0,0.06,16.0,0.01,0.01,2327.969235,1776250020000
1776250021.727,121.727,0.93,70.78,0.92,80.5,0.95,65.7,0.96,246.0,0.05,60.7,0.04,246.0,0.06,10.0,0.07,76.5,0.02,0.01,2327.969235,1776250020000
1776250022.256,122.256,0.93,70.78,0.92,80.5,0.95,65.7,0.96,246.0,0.05,65.7,0.04,246.0,0.07,70.78,0.08,80.5,0.02,0.02,2327.96156,1776250021000
1776250022.621,122.621,0.92,0.08,0.91,26.5,0.93,130.0,0.94,227.23,0.05,65.7,0.04,246.0,0.07,70.78,0.08,80.5,0.01,0.02,2327.96156,1776250021000
1776250023.127,123.127,0.9,44.46,0.89,189.21,0.92,114.0,0.93,70.0,0.07,135.0,0.06,266.13,0.09,10.58,0.1,124.94,0.02,0.02,2327.96156,1776250021000
1776250023.962,123.962,0.9,44.46,0.89,189.21,0.92,114.0,0.93,70.0,0.08,114.0,0.07,70.0,0.1,44.46,0.11,189.21,0.02,0.02,2327.407099,1776250023000
1776250025.024,125.024,0.9,230.41,0.89,185.67,0.91,62.9,0.92,60.0,0.09,114.0,0.08,60.0,0.1,10.5,0.11,154.67,0.01,0.01,2327.407099,1776250023000
1776250025.228,125.228,0.9,235.41,0.89,185.67,0.91,57.4,0.92,60.0,0.09,62.9,0.08,60.0,0.1,230.41,0.11,185.67,0.01,0.01,2326.789706,1776250024000
1776250025.962,125.962,0.9,308.32,0.89,181.67,0.91,74.4,0.92,50.0,0.09,57.4,0.08,60.0,0.1,235.41,0.11,185.67,0.01,0.01,2326.789706,1776250024000
1776250026.206,126.206,0.91,80.0,0.9,303.82,0.92,50.0,0.93,70.0,0.09,74.4,0.08,50.0,0.1,308.32,0.11,181.67,0.01,0.01,2326.72261,1776250025000
1776250027.149,127.149,0.91,80.0,0.9,303.82,0.92,50.0,0.93,70.0,0.08,50.0,0.07,70.0,0.09,80.0,0.1,303.82,0.01,0.01,2326.74656,1776250026000
1776250027.665,127.665,0.92,30.0,0.91,131.0,0.93,45.0,0.94,70.0,0.07,46.29,0.06,70.0,0.08,72.0,0.09,163.0,0.01,0.01,2326.74656,1776250026000
1776250028.241,128.241,0.92,30.0,0.91,131.0,0.93,45.0,0.94,70.0,0.07,45.0,0.06,70.0,0.08,30.0,0.09,131.0,0.01,0.01,2326.723115,1776250027000
1776250029.37,129.37,0.92,135.0,0.91,116.0,0.93,40.65,0.94,70.0,0.07,40.65,0.06,70.0,0.08,135.0,0.09,116.0,0.01,0.01,2326.853155,1776250028000
1776250029.692,129.692,0.92,45.63,0.91,215.0,0.93,60.65,0.94,70.0,0.07,40.65,0.06,70.0,0.08,135.0,0.09,116.0,0.01,0.01,2326.853155,1776250028000
1776250029.895,129.895,0.92,45.63,0.91,215.0,0.93,60.65,0.94,70.0,0.07,60.65,0.06,70.0,0.08,45.63,0.09,215.0,0.01,0.01,2327.00817,1776250029000
1776250030.933,130.933,0.92,157.64,0.91,241.0,0.93,30.0,0.94,70.0,0.07,60.65,0.06,70.0,0.08,45.63,0.09,215.0,0.01,0.01,2327.00817,1776250029000
1776250031.219,131.219,0.92,157.64,0.91,241.0,0.93,30.0,0.94,70.0,0.07,30.0,0.06,70.0,0.08,157.64,0.09,241.0,0.01,0.01,2327.103816,1776250030000
1776250031.912,131.912,0.92,157.64,0.91,241.0,0.93,30.0,0.94,70.0,0.07,30.0,0.06,70.0,0.08,157.64,0.09,241.0,0.01,0.01,2327.097735,1776250031000
1776250033.739,133.739,0.93,117.0,0.92,219.51,0.94,18.18,0.95,70.0,0.06,18.18,0.05,70.0,0.07,117.0,0.08,219.51,0.01,0.01,2327.075875,1776250032000
1776250034.293,134.293,0.93,117.0,0.92,219.51,0.94,18.18,0.95,70.0,0.06,18.18,0.05,70.0,0.07,117.0,0.08,219.51,0.01,0.01,2327.07195,1776250033000
1776250034.558,134.558,0.94,243.0,0.93,256.0,0.96,185.0,0.97,277.12,0.05,1.0,0.04,185.0,0.06,205.0,0.07,288.0,0.02,0.01,2327.07195,1776250033000
1776250035.079,135.079,0.95,208.0,0.94,331.78,0.96,160.0,0.97,277.12,0.04,185.0,0.03,277.12,0.06,243.0,0.07,256.0,0.01,0.02,2327.07195,1776250033000
1776250035.45,135.45,0.95,362.99,0.94,236.78,0.96,122.94,0.97,277.12,0.04,153.15,0.03,277.12,0.05,358.21,0.06,242.78,0.01,0.01,2327.07195,1776250033000
1776250036.24,136.24,0.95,75.0,0.94,386.99,0.96,166.89,0.97,287.12,0.04,122.94,0.03,277.12,0.05,362.99,0.06,236.78,0.01,0.01,2326.89961,1776250034000
1776250036.541,136.541,0.95,75.0,0.94,386.99,0.96,166.89,0.97,287.12,0.04,166.89,0.03,287.12,0.05,75.0,0.06,386.99,0.01,0.01,2327.283654,1776250035000
1776250036.743,136.743,0.95,65.0,0.94,130.0,0.96,171.89,0.97,337.12,0.04,176.89,0.03,337.12,0.05,65.0,0.06,130.0,0.01,0.01,2327.283654,1776250035000
1776250037.034,137.034,0.95,10.0,0.94,130.0,0.96,198.89,0.97,337.12,0.04,148.89,0.03,337.12,0.05,25.0,0.06,130.0,0.01,0.01,2327.283654,1776250035000
1776250037.364,137.364,0.95,10.0,0.94,75.0,0.96,182.89,0.97,337.12,0.04,193.89,0.03,337.12,0.05,10.0,0.06,75.0,0.01,0.01,2327.283654,1776250035000
1776250038.166,138.166,0.94,58.33,0.93,421.29,0.96,182.89,0.97,637.12,0.04,182.89,0.03,637.12,0.06,58.33,0.07,421.29,0.02,0.02,2328.00483,1776250037000
1776250039.35,139.35,0.94,10.0,0.93,30.0,0.95,69.0,0.96,142.89,0.05,140.0,0.04,137.89,0.06,114.33,0.07,426.29,0.01,0.01,2328.00483,1776250037000
1776250039.581,139.581,0.94,10.0,0.93,30.0,0.95,69.0,0.96,142.89,0.05,69.0,0.04,142.89,0.06,10.0,0.07,30.0,0.01,0.01,2327.755165,1776250038000
1776250039.841,139.841,0.94,20.0,0.93,30.0,0.95,29.0,0.96,267.89,0.05,69.0,0.04,142.89,0.06,10.0,0.07,30.0,0.01,0.01,2327.755165,1776250038000
1776250040.19,140.19,0.94,25.0,0.93,85.0,0.95,12.8,0.96,267.89,0.05,12.8,0.04,267.89,0.06,25.0,0.07,85.0,0.01,0.01,2327.722305,1776250039000
1776250041.528,141.528,0.94,25.0,0.93,85.0,0.95,12.8,0.96,267.89,0.05,12.8,0.04,267.89,0.06,25.0,0.07,85.0,0.01,0.01,2327.577646,1776250040000
1776250042.1,142.1,0.94,25.0,0.93,85.0,0.95,12.8,0.96,267.89,0.05,12.8,0.04,267.89,0.06,25.0,0.07,85.0,0.01,0.01,2327.44638,1776250041000
1776250043.501,143.501,0.94,30.0,0.93,105.3,0.95,12.28,0.96,142.89,0.05,12.8,0.04,267.89,0.06,25.0,0.07,85.0,0.01,0.01,2327.44638,1776250041000
1776250044.186,144.186,0.94,30.0,0.93,105.3,0.95,12.28,0.96,142.89,0.05,12.28,0.04,142.89,0.06,30.0,0.07,105.3,0.01,0.01,2327.50949,1776250043000
1776250044.808,144.808,0.94,39.0,0.93,491.21,0.96,77.89,0.97,327.12,0.05,12.28,0.04,142.89,0.06,30.0,0.07,105.3,0.02,0.01,2327.50949,1776250043000
1776250045.531,145.531,0.95,20.0,0.94,89.0,0.96,44.89,0.97,327.12,0.04,44.89,0.03,327.12,0.05,20.0,0.06,89.0,0.01,0.01,2327.35904,1776250044000
1776250045.799,145.799,0.95,135.81,0.94,223.8,0.96,49.89,0.97,297.12,0.04,44.89,0.03,327.12,0.05,20.0,0.06,89.0,0.01,0.01,2327.35904,1776250044000
1776250046.312,146.312,0.95,135.81,0.94,223.8,0.96,48.84,0.97,297.12,0.04,48.84,0.03,297.12,0.05,135.81,0.06,223.8,0.01,0.01,2327.320085,1776250045000
1776250046.608,146.608,0.95,85.8,0.94,467.01,0.96,144.84,0.97,337.12,0.04,48.84,0.03,297.12,0.05,135.81,0.06,223.8,0.01,0.01,2327.320085,1776250045000
1776250046.983,146.983,0.95,85.8,0.94,449.79,0.96,93.84,0.97,337.12,0.04,100.84,0.03,337.12,0.05,10.0,0.06,415.01,0.01,0.01,2327.320085,1776250045000
1776250047.469,147.469,0.95,105.8,0.94,441.79,0.96,80.72,0.97,337.12,0.04,81.84,0.03,337.12,0.05,85.8,0.06,449.79,0.01,0.01,2327.320085,1776250045000
1776250048.308,148.308,0.95,105.8,0.94,441.79,0.96,75.72,0.97,337.12,0.04,75.72,0.03,337.12,0.05,105.8,0.06,441.79,0.01,0.01,2328.132691,1776250047000
1776250049.035,149.035,0.95,95.8,0.94,436.79,0.96,74.67,0.97,337.12,0.04,75.72,0.03,337.12,0.05,105.8,0.06,441.79,0.01,0.01,2328.132691,1776250047000
1776250049.728,149.728,0.95,95.8,0.94,436.79,0.96,74.67,0.97,337.12,0.04,74.67,0.03,337.12,0.05,95.8,0.06,436.79,0.01,0.01,2327.850459,1776250048000
1776250050.355,150.355,0.95,95.8,0.94,436.79,0.96,74.67,0.97,337.12,0.04,74.67,0.03,337.12,0.05,95.8,0.06,436.79,0.01,0.01,2327.79347,1776250049000
1776250050.872,150.872,0.94,352.22,0.93,248.3,0.95,30.81,0.96,5.0,0.03,323.32,0.02,1203.63,0.05,120.8,0.06,453.79,0.01,0.02,2327.79347,1776250049000
1776250051.165,151.165,0.94,313.22,0.93,248.3,0.95,57.68,0.96,5.0,0.05,30.81,0.04,5.0,0.06,352.22,0.07,248.3,0.01,0.01,2327.801386,1776250050000
1776250051.583,151.583,0.94,259.42,0.93,253.3,0.95,99.33,0.96,55.0,0.05,52.46,0.04,5.0,0.06,313.22,0.07,248.3,0.01,0.01,2327.801386,1776250050000
1776250051.899,151.899,0.94,43.21,0.93,474.51,0.95,37.85,0.96,50.0,0.05,39.33,0.04,55.0,0.06,275.2,0.07,253.3,0.01,0.01,2327.801386,1776250050000
1776250052.384,152.384,0.94,43.21,0.93,474.51,0.95,37.85,0.96,50.0,0.05,37.85,0.04,50.0,0.06,43.21,0.07,474.51,0.01,0.01,2327.829822,1776250051000
1776250052.653,152.653,0.95,30.0,0.94,85.0,0.96,44.84,0.97,633.32,0.05,37.85,0.04,50.0,0.06,43.21,0.07,474.51,0.01,0.01,2327.829822,1776250051000
1776250053.268,153.268,0.95,30.0,0.94,85.0,0.96,44.84,0.97,633.32,0.04,44.84,0.03,633.32,0.05,30.0,0.06,85.0,0.01,0.01,2327.6776,1776250052000
1776250053.994,153.994,0.96,10.14,0.95,234.24,0.97,633.32,0.98,1047.63,0.04,44.84,0.03,633.32,0.05,30.0,0.06,85.0,0.01,0.01,2327.6776,1776250052000
1776250054.623,154.623,0.96,10.14,0.95,234.24,0.97,633.32,0.98,1047.63,0.03,633.32,0.02,1047.63,0.04,10.14,0.05,234.24,0.01,0.01,2327.475905,1776250053000
1776250055.34,155.34,0.96,10.14,0.95,234.24,0.97,633.32,0.98,1047.63,0.03,633.32,0.02,1047.63,0.04,10.14,0.05,234.24,0.01,0.01,2327.6573,1776250054000
1776250056.15,156.15,0.96,10.14,0.95,234.24,0.97,633.32,0.98,1047.63,0.03,633.32,0.02,1047.63,0.04,10.14,0.05,234.24,0.01,0.01,2327.69259,1776250055000
1776250056.409,156.409,0.95,104.24,0.94,20.0,0.96,146.95,0.97,333.32,0.03,633.32,0.02,1047.63,0.04,10.14,0.05,234.24,0.01,0.01,2327.69259,1776250055000
1776250057.036,157.036,0.95,76.24,0.94,61.0,0.96,131.95,0.97,333.32,0.04,146.95,0.03,653.23,0.05,46.24,0.06,20.0,0.01,0.01,2327.69259,1776250055000
1776250057.396,157.396,0.95,76.24,0.94,61.0,0.96,100.7,0.97,333.32,0.04,100.7,0.03,333.32,0.05,76.24,0.06,61.0,0.01,0.01,2327.719281,1776250056000
1776250058.041,158.041,0.95,76.24,0.94,61.0,0.96,100.7,0.97,333.32,0.04,100.7,0.03,333.32,0.05,76.24,0.06,61.0,0.01,0.01,2327.51735,1776250057000
1776250059.406,159.406,0.94,10.0,0.93,35.0,0.95,6.76,0.96,141.0,0.04,100.7,0.03,333.32,0.05,76.24,0.06,61.0,0.01,0.01,2327.51735,1776250057000
1776250059.679,159.679,0.94,7.0,0.93,35.0,0.95,106.76,0.96,161.91,0.05,6.76,0.04,141.0,0.06,10.0,0.07,35.0,0.01,0.01,2327.42415,1776250058000
1776250060.098,160.098,0.93,30.0,0.92,151.01,0.95,106.76,0.96,161.91,0.05,106.76,0.04,161.91,0.07,30.0,0.08,151.01,0.02,0.02,2327.423255,1776250059000
1776250060.318,160.318,0.93,5.0,0.92,125.01,0.94,117.41,0.95,71.76,0.05,106.76,0.04,161.91,0.07,30.0,0.08,151.01,0.01,0.02,2327.423255,1776250059000
1776250060.557,160.557,0.93,15.0,0.92,125.01,0.94,112.53,0.95,71.76,0.06,117.41,0.05,71.76,0.07,5.0,0.08,125.01,0.01,0.01,2327.423255,1776250059000
1776250060.847,160.847,0.92,13.13,0.91,342.99,0.94,112.53,0.95,71.76,0.06,112.53,0.05,71.76,0.07,15.0,0.08,125.01,0.02,0.01,2327.423255,1776250059000
1776250061.222,161.222,0.93,178.19,0.92,28.13,0.94,101.53,0.95,76.76,0.06,112.53,0.05,71.76,0.08,13.13,0.09,342.99,0.01,0.02,2327.423255,1776250059000
1776250061.44,161.44,0.93,178.19,0.92,28.13,0.94,101.53,0.95,76.76,0.06,101.53,0.05,76.76,0.07,178.19,0.08,28.13,0.01,0.01,2326.978935,1776250060000
1776250062.054,162.054,0.93,178.19,0.92,28.13,0.94,101.53,0.95,76.76,0.06,101.53,0.05,76.76,0.07,178.19,0.08,28.13,0.01,0.01,2326.83391,1776250061000
1776250062.809,162.809,0.93,158.19,0.92,68.13,0.94,141.74,0.95,76.76,0.06,94.87,0.05,76.76,0.07,168.19,0.08,83.13,0.01,0.01,2326.83391,1776250061000
1776250063.401,163.401,0.93,158.19,0.92,68.13,0.94,141.74,0.95,76.76,0.06,141.74,0.05,76.76,0.07,158.19,0.08,68.13,0.01,0.01,2326.7393,1776250062000
1776250063.913,163.913,0.93,158.19,0.92,68.13,0.94,141.74,0.95,76.76,0.06,141.74,0.05,76.76,0.07,158.19,0.08,68.13,0.01,0.01,2326.729365,1776250063000
1776250064.958,164.958,0.93,153.19,0.92,73.13,0.94,141.74,0.95,76.76,0.06,141.74,0.05,76.76,0.07,158.19,0.08,68.13,0.01,0.01,2326.729365,1776250063000
1776250066.135,166.135,0.93,153.19,0.92,73.13,0.94,141.74,0.95,76.76,0.06,141.74,0.05,76.76,0.07,153.19,0.08,73.13,0.01,0.01,2326.57235,1776250065000
1776250066.388,166.388,0.93,97.0,0.92,98.13,0.94,11.09,0.95,76.76,0.06,141.74,0.05,76.76,0.07,153.19,0.08,73.13,0.01,0.01,2326.57235,1776250065000
1776250067.165,167.165,0.93,87.71,0.92,98.13,0.94,11.09,0.95,76.76,0.06,11.09,0.05,76.76,0.07,87.71,0.08,98.13,0.01,0.01,2326.587823,1776250066000
1776250068.245,168.245,0.93,87.71,0.92,98.13,0.94,11.09,0.95,76.76,0.06,11.09,0.05,76.76,0.07,87.71,0.08,98.13,0.01,0.01,2326.665515,1776250067000
1776250069.385,169.385,0.93,79.78,0.92,58.59,0.94,85.93,0.95,76.76,0.06,11.09,0.05,76.76,0.07,87.71,0.08,98.13,0.01,0.01,2326.665515,1776250067000
1776250070.036,170.036,0.93,79.78,0.92,58.59,0.94,85.93,0.95,76.76,0.06,85.93,0.05,76.76,0.07,79.78,0.08,58.59,0.01,0.01,2326.603,1776250069000
1776250070.26,170.26,0.93,70.49,0.92,55.95,0.94,84.04,0.95,101.67,0.06,85.93,0.05,87.67,0.07,70.49,0.08,55.95,0.01,0.01,2326.603,1776250069000
1776250070.764,170.764,0.93,60.49,0.92,50.95,0.94,84.04,0.95,137.67,0.06,84.04,0.05,101.67,0.07,70.49,0.08,55.95,0.01,0.01,2326.603,1776250069000
1776250071.093,171.093,0.93,60.49,0.92,50.95,0.94,84.04,0.95,137.67,0.06,84.04,0.05,137.67,0.07,60.49,0.08,50.95,0.01,0.01,2326.49815,1776250070000
1776250072.164,172.164,0.93,60.49,0.92,50.95,0.94,84.04,0.95,137.67,0.06,84.04,0.05,137.67,0.07,60.49,0.08,50.95,0.01,0.01,2326.4864,1776250071000
1776250073.406,173.406,0.93,60.49,0.92,50.95,0.94,84.04,0.95,137.67,0.06,84.04,0.05,137.67,0.07,60.49,0.08,50.95,0.01,0.01,2326.358339,1776250072000
1776250073.773,173.773,0.93,65.49,0.92,68.53,0.94,78.99,0.95,120.67,0.06,84.04,0.05,137.67,0.07,60.49,0.08,50.95,0.01,0.01,2326.358339,1776250072000
1776250074.539,174.539,0.93,62.49,0.92,48.08,0.94,129.99,0.95,120.67,0.06,78.99,0.05,120.67,0.07,65.49,0.08,68.53,0.01,0.01,2326.291992,1776250073000
1776250074.787,174.787,0.91,20.0,0.9,41.54,0.94,55.02,0.95,194.76,0.06,129.99,0.05,120.67,0.09,15.0,0.1,41.54,0.03,0.03,2326.291992,1776250073000
1776250075.36,175.36,0.91,171.42,0.9,46.54,0.92,24.43,0.93,60.0,0.08,21.07,0.07,60.0,0.09,20.0,0.1,46.54,0.01,0.01,2326.232123,1776250074000
1776250075.897,175.897,0.91,176.42,0.9,46.54,0.92,15.07,0.93,65.0,0.08,15.07,0.07,65.0,0.09,176.42,0.1,46.54,0.01,0.01,2326.207359,1776250075000
1776250076.573,176.573,0.91,177.41,0.9,56.54,0.92,38.43,0.93,65.0,0.08,15.07,0.07,65.0,0.09,176.42,0.1,46.54,0.01,0.01,2326.207359,1776250075000
1776250077.09,177.09,0.91,177.41,0.9,56.54,0.92,38.43,0.93,65.0,0.08,38.43,0.07,65.0,0.09,177.41,0.1,56.54,0.01,0.01,2326.034179,1776250076000
1776250077.498,177.498,0.91,157.65,0.9,56.54,0.92,53.43,0.93,65.0,0.08,38.43,0.07,65.0,0.09,177.41,0.1,56.54,0.01,0.01,2326.034179,1776250076000
1776250077.731,177.731,0.91,162.65,0.9,56.54,0.92,46.79,0.93,65.0,0.08,53.43,0.07,65.0,0.09,157.65,0.1,56.54,0.01,0.01,2326.034179,1776250076000
1776250078.081,178.081,0.91,157.65,0.9,51.54,0.92,42.36,0.93,75.91,0.08,46.79,0.07,65.0,0.09,162.65,0.1,56.54,0.01,0.01,2326.034179,1776250076000
1776250078.482,178.482,0.91,167.65,0.9,56.54,0.92,33.13,0.93,75.91,0.08,42.36,0.07,75.91,0.09,157.65,0.1,51.54,0.01,0.01,2325.899011,1776250077000
1776250079.205,179.205,0.91,167.65,0.9,56.54,0.92,33.13,0.93,75.91,0.08,33.13,0.07,75.91,0.09,167.65,0.1,56.54,0.01,0.01,2325.878829,1776250078000
1776250080.293,180.293,0.91,41.0,0.9,46.54,0.92,13.91,0.93,80.0,0.08,33.13,0.07,75.91,0.09,167.65,0.1,56.54,0.01,0.01,2325.878829,1776250078000
1776250080.59,180.59,0.91,21.0,0.9,46.54,0.92,75.82,0.93,70.0,0.08,12.82,0.07,70.0,0.09,247.21,0.1,46.54,0.01,0.01,2325.846647,1776250079000
1776250080.998,180.998,0.91,21.0,0.9,46.54,0.92,75.82,0.93,70.0,0.08,75.82,0.07,70.0,0.09,21.0,0.1,46.54,0.01,0.01,2325.835381,1776250080000
1776250081.223,181.223,0.91,49.78,0.9,74.54,0.92,66.65,0.93,70.0,0.08,75.82,0.07,70.0,0.09,21.0,0.1,46.54,0.01,0.01,2325.835381,1776250080000
1776250081.941,181.941,0.91,31.0,0.9,74.54,0.92,60.62,0.93,70.0,0.08,61.65,0.07,70.0,0.09,49.78,0.1,74.54,0.01,0.01,2325.835381,1776250080000
1776250082.267,182.267,0.91,31.0,0.9,74.54,0.92,60.62,0.93,70.0,0.08,60.62,0.07,70.0,0.09,31.0,0.1,74.54,0.01,0.01,2325.84517,1776250081000
1776250082.941,182.941,0.91,91.95,0.9,74.54,0.92,60.0,0.93,70.0,0.08,50.62,0.07,70.0,0.09,106.95,0.1,74.54,0.01,0.01,2325.84517,1776250081000
1776250083.922,183.922,0.91,91.95,0.9,74.54,0.92,60.0,0.93,70.0,0.08,60.0,0.07,70.0,0.09,91.95,0.1,74.54,0.01,0.01,2325.818538,1776250082000
1776250084.131,184.131,0.9,237.75,0.89,49.17,0.92,78.0,0.93,70.0,0.08,60.0,0.07,70.0,0.09,91.95,0.1,74.54,0.02,0.01,2325.818538,1776250082000
1776250084.785,184.785,0.9,113.72,0.89,49.17,0.92,108.0,0.93,100.0,0.08,108.0,0.07,100.0,0.1,113.72,0.11,49.17,0.02,0.02,2325.759859,1776250083000
1776250085.265,185.265,0.9,179.29,0.89,49.17,0.91,86.6,0.92,95.0,0.09,87.0,0.08,95.0,0.1,6.0,0.11,49.17,0.01,0.01,2325.759859,1776250083000
1776250085.501,185.501,0.9,174.29,0.89,49.17,0.91,45.18,0.92,95.0,0.09,45.18,0.08,95.0,0.1,174.29,0.11,49.17,0.01,0.01,2325.749345,1776250084000
1776250085.767,185.767,0.9,189.29,0.89,54.17,0.91,34.08,0.92,70.0,0.09,45.18,0.08,95.0,0.1,174.29,0.11,49.17,0.01,0.01,2325.749345,1776250084000
1776250086.219,186.219,0.9,189.29,0.89,54.17,0.91,34.08,0.92,70.0,0.09,34.08,0.08,70.0,0.1,189.29,0.11,54.17,0.01,0.01,2325.622913,1776250085000
1776250086.575,186.575,0.91,252.77,0.9,325.99,0.94,116.11,0.95,217.56,0.08,2.0,0.07,60.0,0.09,252.77,0.1,114.09,0.03,0.01,2325.622913,1776250085000
1776250087.626,187.626,0.91,252.77,0.9,325.99,0.94,116.11,0.95,217.56,0.06,116.11,0.05,217.56,0.09,252.77,0.1,325.99,0.03,0.03,2325.476632,1776250086000
1776250088.158,188.158,0.92,178.17,0.91,111.0,0.93,41.69,0.94,99.0,0.06,124.98,0.05,441.76,0.07,20.0,0.08,183.17,0.01,0.01,2325.476632,1776250086000
1776250089.11,189.11,0.92,178.17,0.91,111.0,0.93,41.69,0.94,99.0,0.07,41.69,0.06,99.0,0.08,178.17,0.09,111.0,0.01,0.01,2325.61825,1776250088000
1776250090.096,190.096,0.92,138.17,0.91,15.0,0.93,91.69,0.94,100.0,0.07,41.69,0.06,99.0,0.08,178.17,0.09,111.0,0.01,0.01,2325.61825,1776250088000
1776250090.347,190.347,0.91,78.2,0.9,6.0,0.93,136.69,0.94,100.0,0.07,91.69,0.06,100.0,0.08,138.17,0.09,15.0,0.02,0.01,2325.61825,1776250088000
1776250090.636,190.636,0.91,78.2,0.9,16.78,0.93,126.54,0.94,168.8,0.07,126.54,0.06,168.8,0.09,78.2,0.1,16.78,0.02,0.02,2325.72398,1776250089000
1776250090.973,190.973,0.91,28.2,0.9,11.0,0.92,54.0,0.93,60.96,0.07,126.54,0.06,168.8,0.09,78.2,0.1,16.78,0.01,0.02,2325.72398,1776250089000
1776250091.374,191.374,0.91,3.2,0.9,11.0,0.92,60.17,0.93,60.96,0.08,60.17,0.07,60.96,0.09,3.2,0.1,11.0,0.01,0.01,2325.6736,1776250090000
1776250091.902,191.902,0.91,10.0,0.9,26.0,0.92,141.95,0.93,154.54,0.08,68.0,0.07,96.54,0.09,15.0,0.1,26.0,0.01,0.01,2325.6736,1776250090000
1776250092.185,192.185,0.91,10.0,0.9,26.0,0.92,141.95,0.93,154.54,0.08,141.95,0.07,154.54,0.09,10.0,0.1,26.0,0.01,0.01,2325.472739,1776250091000
1776250092.403,192.403,0.91,206.14,0.9,36.0,0.92,66.1,0.93,156.54,0.08,141.95,0.07,154.54,0.09,10.0,0.1,26.0,0.01,0.01,2325.472739,1776250091000
1776250092.892,192.892,0.91,206.14,0.9,36.0,0.92,37.51,0.93,156.54,0.08,44.51,0.07,156.54,0.09,201.14,0.1,36.0,0.01,0.01,2325.472739,1776250091000
1776250093.807,193.807,0.91,201.14,0.9,36.0,0.92,36.18,0.93,156.54,0.08,36.18,0.07,156.54,0.09,201.14,0.1,36.0,0.01,0.01,2325.277543,1776250092000
1776250094.521,194.521,0.91,201.14,0.9,36.0,0.92,36.18,0.93,156.54,0.08,36.18,0.07,156.54,0.09,201.14,0.1,36.0,0.01,0.01,2325.290573,1776250093000
1776250095.339,195.339,0.91,201.14,0.9,36.0,0.92,36.18,0.93,156.54,0.08,36.18,0.07,156.54,0.09,201.14,0.1,36.0,0.01,0.01,2325.290295,1776250094000
1776250095.584,195.584,0.91,191.14,0.9,126.0,0.92,35.09,0.93,112.0,0.08,36.18,0.07,156.54,0.09,201.14,0.1,36.0,0.01,0.01,2325.290295,1776250094000
1776250095.82,195.82,0.9,73.52,0.89,149.17,0.92,34.0,0.93,112.0,0.08,21.02,0.07,112.0,0.09,191.14,0.1,126.0,0.02,0.01,2325.290295,1776250094000
1776250096.077,196.077,0.91,110.0,0.9,73.52,0.92,16.73,0.93,112.0,0.08,34.0,0.07,112.0,0.1,73.52,0.11,149.17,0.01,0.02,2325.290295,1776250094000
1776250096.362,196.362,0.91,100.0,0.89,49.17,0.92,16.73,0.93,102.0,0.08,16.73,0.07,112.0,0.09,110.0,0.1,73.52,0.01,0.01,2325.37318,1776250095000
1776250097.261,197.261,0.92,10.0,0.91,61.0,0.93,172.0,0.94,391.19,0.08,16.73,0.07,102.0,0.09,100.0,0.11,49.17,0.01,0.01,2325.37318,1776250095000
1776250097.775,197.775,0.92,10.0,0.91,61.0,0.93,172.0,0.94,391.19,0.07,172.0,0.06,391.19,0.08,10.0,0.09,61.0,0.01,0.01,2325.333338,1776250096000
1776250097.985,197.985,0.92,203.35,0.91,30.0,0.93,58.39,0.94,287.39,0.07,28.92,0.06,277.39,0.08,172.13,0.09,56.0,0.01,0.01,2325.333338,1776250096000
1776250098.598,198.598,0.92,218.35,0.91,35.0,0.94,287.39,0.95,252.56,0.06,287.39,0.05,252.56,0.08,218.35,0.09,35.0,0.02,0.02,2325.340603,1776250097000
1776250099.598,199.598,0.92,218.35,0.91,35.0,0.94,287.39,0.95,252.56,0.06,287.39,0.05,252.56,0.08,218.35,0.09,35.0,0.02,0.02,2325.41506,1776250098000
1776250100.298,200.298,0.92,218.35,0.91,35.0,0.94,287.39,0.95,252.56,0.06,287.39,0.05,252.56,0.08,218.35,0.09,35.0,0.02,0.02,2325.404715,1776250099000
1776250100.728,200.728,0.92,218.35,0.91,35.0,0.93,62.0,0.94,365.7,0.06,287.39,0.05,252.56,0.08,218.35,0.09,35.0,0.01,0.02,2325.404715,1776250099000
1776250101.569,201.569,0.92,152.68,0.91,110.0,0.93,33.92,0.94,354.7,0.07,62.0,0.06,365.7,0.08,218.35,0.09,35.0,0.01,0.01,2325.387456,1776250100000
1776250102.574,202.574,0.92,152.68,0.91,110.0,0.93,33.92,0.94,354.7,0.07,33.92,0.06,354.7,0.08,152.68,0.09,110.0,0.01,0.01,2325.346927,1776250101000
1776250103.606,203.606,0.92,152.68,0.91,110.0,0.93,33.92,0.94,354.7,0.07,33.92,0.06,354.7,0.08,152.68,0.09,110.0,0.01,0.01,2325.361631,1776250102000
1776250104.642,204.642,0.92,152.68,0.91,110.0,0.93,33.92,0.94,354.7,0.07,33.92,0.06,354.7,0.08,152.68,0.09,110.0,0.01,0.01,2325.34665,1776250103000
1776250105.215,205.215,0.92,152.68,0.91,110.0,0.93,33.92,0.94,354.7,0.07,33.92,0.06,354.7,0.08,152.68,0.09,110.0,0.01,0.01,2325.37023,1776250104000
1776250106.527,206.527,0.92,152.68,0.91,110.0,0.93,33.92,0.94,354.7,0.07,33.92,0.06,354.7,0.08,152.68,0.09,110.0,0.01,0.01,2325.404776,1776250105000
1776250107.25,207.25,0.92,270.22,0.91,165.52,0.93,13.92,0.94,182.7,0.07,33.92,0.06,354.7,0.08,152.68,0.09,110.0,0.01,0.01,2325.404776,1776250105000
1776250108.145,208.145,0.92,270.22,0.91,165.52,0.93,13.92,0.94,182.7,0.07,13.92,0.06,182.7,0.08,270.22,0.09,165.52,0.01,0.01,2325.36407,1776250107000
1776250109.434,209.434,0.92,270.22,0.91,165.52,0.93,13.92,0.94,182.7,0.07,13.92,0.06,182.7,0.08,270.22,0.09,165.52,0.01,0.01,2325.406484,1776250108000
1776250109.752,209.752,0.92,96.22,0.91,201.52,0.93,3.92,0.94,169.09,0.07,13.92,0.06,182.7,0.08,270.22,0.09,165.52,0.01,0.01,2325.406484,1776250108000
1776250110.124,210.124,0.92,96.22,0.91,201.52,0.93,3.92,0.94,169.09,0.07,3.92,0.06,169.09,0.08,96.22,0.09,201.52,0.01,0.01,2325.3659,1776250109000
1776250110.343,210.343,0.93,10.71,0.92,116.22,0.94,150.24,0.95,156.75,0.06,128.24,0.05,156.75,0.08,86.22,0.09,206.52,0.01,0.02,2325.3659,1776250109000
1776250111.607,211.607,0.93,10.71,0.92,116.22,0.94,150.24,0.95,156.75,0.06,150.24,0.05,156.75,0.07,10.71,0.08,116.22,0.01,0.01,2325.36657,1776250110000
1776250112.254,212.254,0.93,10.71,0.92,116.22,0.94,150.24,0.95,156.75,0.06,150.24,0.05,156.75,0.07,10.71,0.08,116.22,0.01,0.01,2325.382093,1776250111000
1776250112.557,212.557,0.93,75.57,0.92,75.0,0.94,35.11,0.95,166.74,0.06,92.24,0.05,166.74,0.07,75.57,0.08,20.0,0.01,0.01,2325.382093,1776250111000
1776250113.454,213.454,0.93,291.22,0.92,174.04,0.94,12.76,0.95,114.75,0.06,35.11,0.05,166.74,0.07,75.57,0.08,75.0,0.01,0.01,2325.382093,1776250111000
1776250113.757,213.757,0.93,291.22,0.92,174.04,0.94,12.76,0.95,114.75,0.06,12.76,0.05,114.75,0.07,291.22,0.08,174.04,0.01,0.01,2325.31858,1776250112000
1776250114.868,214.868,0.93,291.22,0.92,174.04,0.94,12.76,0.95,114.75,0.06,12.76,0.05,114.75,0.07,291.22,0.08,174.04,0.01,0.01,2325.315931,1776250113000
1776250115.239,215.239,0.94,401.69,0.93,229.94,0.96,25.72,0.97,291.09,0.05,96.58,0.04,640.8,0.07,291.22,0.08,174.04,0.02,0.02,2325.315931,1776250113000
1776250115.502,215.502,0.94,411.69,0.93,244.94,0.96,21.48,0.97,291.09,0.04,21.48,0.03,291.09,0.06,411.69,0.07,244.94,0.02,0.02,2325.318235,1776250114000
1776250116.279,216.279,0.95,66.22,0.94,139.0,0.96,9.84,0.97,149.91,0.04,21.48,0.03,291.09,0.06,411.69,0.07,244.94,0.01,0.02,2325.318235,1776250114000
1776250116.973,216.973,0.95,71.22,0.94,144.0,0.96,8.73,0.97,224.91,0.04,9.84,0.03,149.91,0.05,66.22,0.06,139.0,0.01,0.01,2325.33126,1776250115000
1776250117.18,217.18,0.95,76.22,0.94,144.0,0.97,624.91,0.98,988.33,0.04,8.73,0.03,224.91,0.05,71.22,0.06,144.0,0.02,0.01,2325.33126,1776250115000
1776250117.615,217.615,0.95,76.22,0.94,144.0,0.97,624.91,0.98,988.33,0.03,624.91,0.02,988.33,0.05,76.22,0.06,144.0,0.02,0.02,2325.444,1776250116000
1776250118.959,218.959,0.95,35.0,0.94,40.0,0.97,420.61,0.98,1053.33,0.03,624.91,0.02,988.33,0.05,76.22,0.06,144.0,0.02,0.02,2325.444,1776250116000
1776250119.247,219.247,0.94,40.0,0.93,35.0,0.95,55.0,0.97,449.61,0.03,449.61,0.02,1089.42,0.05,35.0,0.06,40.0,0.01,0.02,2325.424661,1776250117000
1776250119.794,219.794,0.94,40.0,0.93,35.0,0.95,55.0,0.97,449.61,0.05,55.0,0.03,449.61,0.06,40.0,0.07,35.0,0.01,0.01,2325.438801,1776250118000
1776250120.658,220.658,0.94,40.0,0.93,35.0,0.95,55.0,0.97,449.61,0.05,55.0,0.03,449.61,0.06,40.0,0.07,35.0,0.01,0.01,2325.4016,1776250119000
1776250120.96,220.96,0.94,40.0,0.93,35.0,0.95,247.58,0.96,288.7,0.05,55.0,0.03,449.61,0.06,40.0,0.07,35.0,0.01,0.01,2325.4016,1776250119000
1776250121.38,221.38,0.94,40.0,0.93,35.0,0.95,247.58,0.96,288.7,0.05,247.58,0.04,288.7,0.06,40.0,0.07,35.0,0.01,0.01,2325.210493,1776250120000
1776250122.161,222.161,0.94,40.0,0.93,35.0,0.95,247.58,0.96,288.7,0.05,247.58,0.04,288.7,0.06,40.0,0.07,35.0,0.01,0.01,2325.183339,1776250121000
1776250122.598,222.598,0.92,15.0,0.91,113.0,0.94,62.83,0.95,113.88,0.05,321.88,0.04,273.7,0.09,133.0,0.1,106.11,0.02,0.04,2325.183339,1776250121000
1776250123.473,223.473,0.92,15.0,0.91,113.0,0.94,62.83,0.95,113.88,0.06,62.83,0.05,113.88,0.08,15.0,0.09,113.0,0.02,0.02,2325.118301,1776250122000
1776250124.107,224.107,0.92,15.0,0.91,113.0,0.94,62.83,0.95,113.88,0.06,62.83,0.05,113.88,0.08,15.0,0.09,113.0,0.02,0.02,2325.100213,1776250123000
1776250125.347,225.347,0.92,15.0,0.91,113.0,0.94,62.83,0.95,113.88,0.06,62.83,0.05,113.88,0.08,15.0,0.09,113.0,0.02,0.02,2325.053403,1776250124000
1776250125.906,225.906,0.92,15.0,0.91,113.0,0.94,62.83,0.95,113.88,0.06,62.83,0.05,113.88,0.08,15.0,0.09,113.0,0.02,0.02,2325.0257,1776250125000
1776250127.057,227.057,0.92,15.0,0.91,113.0,0.94,62.83,0.95,113.88,0.06,62.83,0.05,113.88,0.08,15.0,0.09,113.0,0.02,0.02,2325.018332,1776250126000
1776250128.227,228.227,0.93,25.0,0.92,61.0,0.94,70.4,0.95,127.42,0.06,70.4,0.05,127.42,0.07,25.0,0.08,61.0,0.01,0.01,2325.06118,1776250127000
1776250129.422,229.422,0.93,25.0,0.92,61.0,0.94,70.4,0.95,127.42,0.06,70.4,0.05,127.42,0.07,25.0,0.08,61.0,0.01,0.01,2325.001019,1776250128000
1776250129.998,229.998,0.93,25.0,0.92,61.0,0.94,70.4,0.95,127.42,0.06,70.4,0.05,127.42,0.07,25.0,0.08,61.0,0.01,0.01,2325.001019,1776250129000
1776250131.104,231.104,0.94,210.0,0.93,35.0,0.95,16.4,0.96,280.8,0.05,16.4,0.04,280.8,0.06,210.0,0.07,35.0,0.01,0.01,2325.00112,1776250130000
1776250131.382,231.382,0.94,20.0,0.93,53.0,0.95,22.89,0.96,280.8,0.05,16.4,0.04,280.8,0.06,210.0,0.07,35.0,0.01,0.01,2325.00112,1776250130000
1776250132.249,232.249,0.94,20.0,0.93,53.0,0.95,22.89,0.96,280.8,0.05,22.89,0.04,280.8,0.06,20.0,0.07,53.0,0.01,0.01,2325.0088,1776250131000
1776250132.784,232.784,0.94,7.0,0.93,10.0,0.95,236.22,0.96,610.8,0.05,22.89,0.04,280.8,0.06,20.0,0.07,53.0,0.01,0.01,2325.0088,1776250131000
1776250132.999,232.999,0.94,7.0,0.93,10.0,0.95,230.95,0.96,305.8,0.05,236.22,0.04,610.8,0.06,7.0,0.07,10.0,0.01,0.01,2325.0088,1776250131000
1776250133.57,233.57,0.94,7.0,0.93,10.0,0.95,230.95,0.96,305.8,0.05,230.95,0.04,305.8,0.06,7.0,0.07,10.0,0.01,0.01,2325.083135,1776250132000
1776250134.116,234.116,0.94,7.0,0.93,10.0,0.95,230.95,0.96,305.8,0.05,230.95,0.04,305.8,0.06,7.0,0.07,10.0,0.01,0.01,2325.023073,1776250133000
1776250135.113,235.113,0.95,92.0,0.94,103.0,0.96,285.0,0.97,218.99,0.05,230.95,0.04,305.8,0.06,7.0,0.07,10.0,0.01,0.01,2325.023073,1776250133000
1776250135.324,235.324,0.95,92.0,0.94,103.0,0.96,285.0,0.97,218.99,0.04,285.0,0.03,218.99,0.05,92.0,0.06,103.0,0.01,0.01,2324.8534,1776250134000
1776250135.885,235.885,0.95,87.0,0.94,103.0,0.96,257.41,0.97,189.99,0.04,266.03,0.03,218.99,0.05,87.0,0.06,103.0,0.01,0.01,2324.8534,1776250134000
1776250136.325,236.325,0.95,87.0,0.94,103.0,0.96,257.41,0.97,189.99,0.04,257.41,0.03,189.99,0.05,87.0,0.06,103.0,0.01,0.01,2324.955035,1776250135000
1776250137.098,237.098,0.96,60.0,0.95,70.0,0.97,154.82,0.98,961.42,0.04,257.41,0.03,189.99,0.05,87.0,0.06,103.0,0.01,0.01,2324.955035,1776250135000
1776250137.316,237.316,0.96,60.0,0.95,70.0,0.97,154.82,0.98,961.42,0.03,154.82,0.02,961.42,0.04,60.0,0.05,70.0,0.01,0.01,2325.161318,1776250136000
1776250138.271,238.271,0.96,60.0,0.95,70.0,0.97,154.82,0.98,961.42,0.03,154.82,0.02,961.42,0.04,60.0,0.05,70.0,0.01,0.01,2325.168697,1776250137000
1776250139.234,239.234,0.96,60.0,0.95,70.0,0.97,154.82,0.98,961.42,0.03,154.82,0.02,961.42,0.04,60.0,0.05,70.0,0.01,0.01,2325.165674,1776250138000
1776250140.202,240.202,0.96,60.0,0.95,70.0,0.97,154.82,0.98,961.42,0.03,154.82,0.02,961.42,0.04,60.0,0.05,70.0,0.01,0.01,2325.222375,1776250139000
1776250141.147,241.147,0.96,253.58,0.95,193.91,0.97,255.94,0.98,1105.72,0.03,265.94,0.02,705.72,0.04,155.0,0.05,193.91,0.01,0.01,2325.222375,1776250139000
1776250142.157,242.157,0.96,226.58,0.95,193.91,0.97,249.94,0.98,1105.72,0.03,250.94,0.02,1105.72,0.04,253.58,0.05,193.91,0.01,0.01,2325.26405,1776250140000
1776250142.424,242.424,0.96,209.58,0.95,193.91,0.97,239.62,0.98,1105.72,0.03,244.78,0.02,1105.72,0.04,221.58,0.05,193.91,0.01,0.01,2325.2555,1776250141000
1776250142.716,242.716,0.96,45.0,0.95,337.79,0.97,239.46,0.98,1105.72,0.03,234.46,0.02,1105.72,0.04,209.58,0.05,193.91,0.01,0.01,2325.2555,1776250141000
1776250143.01,243.01,0.96,35.0,0.95,247.99,0.97,244.46,0.98,1105.72,0.03,239.46,0.02,1105.72,0.04,45.0,0.05,337.79,0.01,0.01,2325.2555,1776250141000
1776250143.314,243.314,0.96,35.0,0.95,247.99,0.97,244.46,0.98,1105.72,0.03,244.46,0.02,1105.72,0.04,35.0,0.05,247.99,0.01,0.01,2325.320677,1776250142000
1776250144.086,244.086,0.95,324.79,0.94,173.8,0.97,239.46,0.98,1105.72,0.03,244.46,0.02,1105.72,0.04,35.0,0.05,247.99,0.02,0.01,2325.320677,1776250142000
1776250144.409,244.409,0.96,10.0,0.95,329.79,0.97,249.91,0.98,1105.72,0.03,239.46,0.02,1105.72,0.05,324.79,0.06,173.8,0.01,0.02,2325.33475,1776250143000
1776250144.992,244.992,0.96,389.69,0.95,231.38,0.97,207.91,0.98,1111.72,0.03,249.91,0.02,1105.72,0.04,10.0,0.05,329.79,0.01,0.01,2325.33475,1776250143000
1776250145.222,245.222,0.96,389.69,0.95,231.38,0.97,207.91,0.98,1111.72,0.03,207.91,0.02,1111.72,0.04,389.69,0.05,231.38,0.01,0.01,2325.232173,1776250144000
1776250145.475,245.475,0.96,377.69,0.95,231.38,0.97,200.81,0.98,1111.72,0.03,201.85,0.02,1111.72,0.04,283.99,0.05,231.38,0.01,0.01,2325.232173,1776250144000
1776250145.893,245.893,0.96,365.69,0.95,231.38,0.97,189.81,0.98,1111.72,0.03,200.81,0.02,1111.72,0.04,377.69,0.05,231.38,0.01,0.01,2325.232173,1776250144000
1776250146.298,246.298,0.96,365.69,0.95,231.38,0.97,189.81,0.98,1111.72,0.03,189.81,0.02,1111.72,0.04,365.69,0.05,231.38,0.01,0.01,2325.231727,1776250145000
1776250147.208,247.208,0.96,365.69,0.95,231.38,0.97,189.81,0.98,1111.72,0.03,189.81,0.02,1111.72,0.04,365.69,0.05,231.38,0.01,0.01,2325.2924,1776250146000
1776250148.234,248.234,0.96,365.69,0.95,231.38,0.97,189.81,0.98,1111.72,0.03,189.81,0.02,1111.72,0.04,365.69,0.05,231.38,0.01,0.01,2325.3274,1776250147000
1776250149.298,249.298,0.96,365.69,0.95,231.38,0.97,189.81,0.98,1111.72,0.03,189.81,0.02,1111.72,0.04,365.69,0.05,231.38,0.01,0.01,2325.3124,1776250148000
1776250150.321,250.321,0.96,501.69,0.95,231.38,0.97,179.5,0.98,1100.72,0.03,179.5,0.02,1100.72,0.04,501.69,0.05,231.38,0.01,0.01,2325.3282,1776250149000
1776250150.954,250.954,0.96,534.69,0.95,241.38,0.97,162.29,0.98,700.72,0.03,162.29,0.02,700.72,0.04,534.69,0.05,241.38,0.01,0.01,2325.32825,1776250150000
1776250151.175,251.175,0.97,109.41,0.96,245.7,0.98,505.61,0.99,2028.36,0.02,510.72,0.01,2028.36,0.03,109.41,0.04,245.7,0.01,0.01,2325.32825,1776250150000
1776250151.75,251.75,0.97,242.99,0.96,231.7,0.98,483.61,0.99,1964.37,0.02,505.61,0.01,2028.36,0.03,118.18,0.04,245.7,0.01,0.01,2325.32825,1776250150000
1776250151.973,251.973,0.97,313.12,0.96,231.7,0.98,469.67,0.99,1964.37,0.02,483.61,0.01,1964.37,0.03,242.99,0.04,231.7,0.01,0.01,2325.32825,1776250150000
1776250152.272,252.272,0.97,159.78,0.96,281.7,0.98,469.67,0.99,1964.37,0.02,469.67,0.01,1964.37,0.03,279.78,0.04,281.7,0.01,0.01,2325.36325,1776250151000
1776250152.617,252.617,0.97,159.78,0.96,281.7,0.98,467.67,0.99,2018.36,0.02,469.67,0.01,1964.37,0.03,159.78,0.04,281.7,0.01,0.01,2325.36325,1776250151000
1776250152.978,252.978,0.97,159.78,0.96,281.7,0.98,447.26,0.99,1964.37,0.02,447.26,0.01,1964.37,0.03,159.78,0.04,281.7,0.01,0.01,2325.2777,1776250152000
1776250153.988,253.988,0.97,176.78,0.96,281.7,0.98,362.49,0.99,1964.37,0.02,362.49,0.01,1964.37,0.03,176.78,0.04,281.7,0.01,0.01,2325.32245,1776250153000
1776250154.655,254.655,0.97,459.99,0.96,281.7,0.98,366.46,0.99,1610.76,0.02,362.49,0.01,1964.37,0.03,176.78,0.04,281.7,0.01,0.01,2325.32245,1776250153000
1776250155.017,255.017,0.97,459.99,0.96,281.7,0.98,366.46,0.99,1610.76,0.02,366.46,0.01,1610.76,0.03,459.99,0.04,281.7,0.01,0.01,2325.437321,1776250154000
1776250155.283,255.283,0.97,454.99,0.96,281.7,0.98,359.46,0.99,1610.76,0.02,366.46,0.01,1610.76,0.03,459.99,0.04,281.7,0.01,0.01,2325.437321,1776250154000
1776250155.583,255.583,0.97,470.3,0.96,281.7,0.98,361.42,0.99,1610.76,0.02,359.46,0.01,1610.76,0.03,454.99,0.04,281.7,0.01,0.01,2325.437321,1776250154000
1776250156.059,256.059,0.97,470.3,0.96,281.7,0.98,361.42,0.99,1610.76,0.02,361.42,0.01,1610.76,0.03,470.3,0.04,281.7,0.01,0.01,2325.37635,1776250155000
1776250157.096,257.096,0.97,470.3,0.96,281.7,0.98,352.24,0.99,1610.76,0.02,352.24,0.01,1610.76,0.03,470.3,0.04,281.7,0.01,0.01,2325.46382,1776250156000
1776250157.338,257.338,0.97,435.96,0.96,263.7,0.98,342.24,0.99,1610.76,0.02,347.24,0.01,1610.76,0.03,430.96,0.04,263.7,0.01,0.01,2325.46382,1776250156000
1776250157.55,257.55,0.97,440.96,0.96,263.7,0.98,331.15,0.99,1610.76,0.02,339.15,0.01,1610.76,0.03,435.96,0.04,263.7,0.01,0.01,2325.46382,1776250156000
1776250158.061,258.061,0.97,435.96,0.96,263.7,0.98,314.91,0.99,1610.76,0.02,314.91,0.01,1610.76,0.03,435.96,0.04,263.7,0.01,0.01,2325.35115,1776250157000
1776250158.347,258.347,0.97,425.96,0.96,258.7,0.98,268.88,0.99,1510.76,0.02,314.91,0.01,1610.76,0.03,435.96,0.04,263.7,0.01,0.01,2325.35115,1776250157000
1776250158.766,258.766,0.97,430.96,0.96,263.7,0.98,241.42,0.99,1510.76,0.02,266.83,0.01,1510.76,0.03,425.96,0.04,258.7,0.01,0.01,2325.35115,1776250157000
1776250159.905,259.905,0.97,430.96,0.96,263.7,0.98,241.42,0.99,1510.76,0.02,241.42,0.01,1510.76,0.03,430.96,0.04,263.7,0.01,0.01,2325.3204,1776250159000
1776250160.705,260.705,0.97,505.11,0.96,263.7,0.98,231.21,0.99,1510.76,0.02,241.42,0.01,1510.76,0.03,430.96,0.04,263.7,0.01,0.01,2325.3204,1776250159000
1776250161.525,261.525,0.97,505.11,0.96,263.7,0.98,231.21,0.99,1510.76,0.02,231.21,0.01,1510.76,0.03,505.11,0.04,263.7,0.01,0.01,2325.16625,1776250160000
1776250161.888,261.888,0.97,613.11,0.96,263.7,0.98,141.0,0.99,1510.76,0.02,171.0,0.01,1510.76,0.03,508.11,0.04,263.7,0.01,0.01,2325.16625,1776250160000
1776250162.248,262.248,0.97,613.11,0.96,263.7,0.98,141.0,0.99,1510.76,0.02,141.0,0.01,1510.76,0.03,613.11,0.04,263.7,0.01,0.01,2325.338075,1776250161000
1776250162.469,262.469,0.97,502.11,0.96,263.7,0.99,1445.76,,,0.02,141.0,0.01,1510.76,0.03,613.11,0.04,263.7,0.02,0.01,2325.338075,1776250161000
1776250162.854,262.854,0.98,260.28,0.97,467.53,0.99,1435.76,,,0.01,1445.76,,,0.03,502.11,0.04,263.7,0.01,0.02,2325.338075,1776250161000
1776250163.099,263.099,0.98,385.91,0.97,313.87,0.99,1435.76,,,0.01,1435.76,,,0.02,260.28,0.03,467.53,0.01,0.01,2325.338075,1776250161000
1776250163.376,263.376,0.98,407.91,0.97,288.87,0.99,1307.71,,,0.01,1435.76,,,0.02,385.91,0.03,313.87,0.01,0.01,2325.338075,1776250161000
1776250163.675,263.675,0.97,10.31,0.96,80.58,0.99,1799.3,,,0.01,1307.71,,,0.02,407.91,0.03,288.87,0.02,0.01,2325.26625,1776250162000
1776250164.074,264.074,0.96,50.89,0.95,122.0,0.98,133.0,0.99,1794.3,0.02,133.0,0.01,1794.3,0.04,50.89,0.05,122.0,0.02,0.02,2325.28105,1776250163000
1776250164.276,264.276,0.89,14.28,0.88,35.0,0.92,135.0,0.93,135.0,0.08,10.0,0.06,140.0,0.11,14.28,0.12,35.0,0.03,0.03,2325.28105,1776250163000
1776250164.545,264.545,0.88,5.0,0.87,10.0,0.9,15.0,0.91,45.0,0.13,20.0,0.09,30.0,0.14,8.29,0.15,170.0,0.02,0.01,2325.28105,1776250163000
1776250164.779,264.779,0.85,160.0,0.84,185.0,0.89,9.0,0.9,31.57,0.11,9.0,0.1,31.57,0.14,20.0,0.15,160.0,0.04,0.03,2325.28105,1776250163000
1776250165.142,265.142,0.87,15.0,0.86,15.0,0.88,7.72,0.89,14.0,0.11,9.0,0.1,31.57,0.15,160.0,0.16,185.0,0.01,0.04,2325.28105,1776250163000
1776250165.376,265.376,0.87,12.38,0.86,15.0,0.91,50.0,0.92,20.0,0.11,9.0,0.1,31.57,0.13,15.0,0.14,15.0,0.04,0.02,2325.211814,1776250164000
1776250165.585,265.585,0.87,17.38,0.86,20.0,0.88,31.7,0.9,10.0,0.09,50.0,0.08,20.0,0.13,12.38,0.14,15.0,0.01,0.04,2325.211814,1776250164000
1776250165.973,265.973,0.88,15.0,0.87,5.06,0.89,14.57,0.91,35.0,0.1,6.7,0.09,45.0,0.13,10.06,0.14,20.0,0.01,0.03,2325.211814,1776250164000
1776250166.35,266.35,0.86,57.39,0.85,191.0,0.89,14.57,0.91,35.0,0.11,14.57,0.09,35.0,0.14,57.39,0.15,191.0,0.03,0.03,2324.342577,1776250165000
1776250166.989,266.989,0.9,25.0,0.89,20.0,0.91,2.02,0.92,40.0,0.09,7.0,0.08,15.0,0.11,15.0,0.12,15.0,0.01,0.02,2324.342577,1776250165000
1776250167.47,267.47,0.9,25.0,0.89,20.0,0.91,2.02,0.92,40.0,0.09,2.02,0.08,40.0,0.1,25.0,0.11,20.0,0.01,0.01,2323.829086,1776250166000
1776250167.884,267.884,0.87,44.48,0.86,70.0,0.89,24.18,0.9,20.0,0.12,5.0,0.11,5.0,0.14,67.95,0.15,165.0,0.02,0.02,2323.829086,1776250166000
1776250168.093,268.093,0.87,44.48,0.86,70.0,0.88,8.63,0.89,24.18,0.12,8.63,0.11,24.18,0.13,44.48,0.14,70.0,0.01,0.01,2323.830484,1776250167000
1776250168.296,268.296,0.87,31.0,0.86,65.0,0.88,6.59,0.89,19.18,0.12,8.63,0.11,24.18,0.13,44.48,0.14,70.0,0.01,0.01,2323.830484,1776250167000
1776250169.15,269.15,0.87,31.0,0.86,65.0,0.88,6.59,0.89,19.18,0.12,6.59,0.11,19.18,0.13,31.0,0.14,65.0,0.01,0.01,2323.826414,1776250168000
1776250169.441,269.441,0.89,40.0,0.88,25.0,0.9,14.67,0.91,15.0,0.11,7.19,0.1,30.1,0.12,25.0,0.13,46.0,0.01,0.01,2323.826414,1776250168000
1776250170.145,270.145,0.89,40.0,0.88,25.0,0.9,14.67,0.91,15.0,0.1,14.67,0.09,15.0,0.11,40.0,0.12,25.0,0.01,0.01,2323.821918,1776250169000
1776250170.974,270.974,0.91,20.0,0.9,69.0,0.92,0.37,0.93,10.0,0.1,14.67,0.09,15.0,0.11,40.0,0.12,25.0,0.01,0.01,2323.821918,1776250169000
1776250171.395,271.395,0.92,162.67,0.91,25.0,0.93,10.0,0.94,10.0,0.07,10.0,0.06,10.0,0.08,162.67,0.09,25.0,0.01,0.01,2323.856076,1776250170000
1776250171.945,271.945,0.92,162.67,0.91,25.0,0.93,10.0,0.94,10.0,0.07,10.0,0.06,10.0,0.08,162.67,0.09,25.0,0.01,0.01,2323.868627,1776250171000
1776250172.358,272.358,0.92,183.1,0.91,60.0,0.93,133.92,0.94,160.0,0.07,10.0,0.06,10.0,0.08,162.67,0.09,25.0,0.01,0.01,2323.868627,1776250171000
1776250173.004,273.004,0.92,183.1,0.91,60.0,0.93,133.92,0.94,160.0,0.07,133.92,0.06,160.0,0.08,183.1,0.09,60.0,0.01,0.01,2323.91395,1776250172000
1776250173.559,273.559,0.92,151.1,0.91,55.0,0.93,115.46,0.94,185.0,0.07,133.92,0.06,232.0,0.08,136.1,0.12,69.0,0.01,0.01,2323.91395,1776250172000
1776250174.221,274.221,0.92,151.1,0.91,55.0,0.93,115.46,0.94,185.0,0.07,115.46,0.06,185.0,0.08,151.1,0.09,55.0,0.01,0.01,2323.906327,1776250173000
1776250174.827,274.827,0.92,151.1,0.91,83.0,0.93,8.91,0.94,60.0,0.07,115.46,0.06,185.0,0.08,151.1,0.09,55.0,0.01,0.01,2323.906327,1776250173000
1776250175.38,275.38,0.92,151.1,0.91,83.0,0.93,8.91,0.94,60.0,0.07,8.91,0.06,60.0,0.08,151.1,0.09,83.0,0.01,0.01,2323.8631,1776250174000
1776250175.951,275.951,0.92,141.1,0.91,83.0,0.93,4.12,0.94,60.0,0.07,8.91,0.06,60.0,0.08,151.1,0.09,83.0,0.01,0.01,2323.8631,1776250174000
1776250176.44,276.44,0.92,141.1,0.91,83.0,0.93,4.12,0.94,60.0,0.07,4.12,0.06,60.0,0.08,141.1,0.09,83.0,0.01,0.01,2323.8631,1776250175000
1776250176.708,276.708,0.92,127.1,0.91,78.0,0.93,4.12,0.94,60.0,0.07,4.12,0.06,60.0,0.08,141.1,0.09,83.0,0.01,0.01,2323.8631,1776250175000
1776250176.922,276.922,0.92,127.1,0.91,78.0,0.93,4.12,0.94,60.0,0.07,4.12,0.06,60.0,0.08,127.1,0.09,78.0,0.01,0.01,2323.8731,1776250176000
1776250177.416,277.416,0.92,190.1,0.91,83.0,0.94,51.0,0.95,110.0,0.07,4.12,0.06,60.0,0.08,127.1,0.09,78.0,0.02,0.01,2323.8731,1776250176000
1776250178.292,278.292,0.92,190.1,0.91,83.0,0.94,51.0,0.95,110.0,0.06,51.0,0.05,110.0,0.08,190.1,0.09,83.0,0.02,0.02,2323.89815,1776250177000
1776250179.51,279.51,0.92,190.1,0.91,83.0,0.94,51.0,0.95,110.0,0.06,51.0,0.05,110.0,0.08,190.1,0.09,83.0,0.02,0.02,2323.8687,1776250178000
1776250180.052,280.052,0.92,190.1,0.91,83.0,0.94,51.0,0.95,110.0,0.06,51.0,0.05,110.0,0.08,190.1,0.09,83.0,0.02,0.02,2323.908129,1776250179000
1776250180.664,280.664,0.94,14.13,0.93,76.0,0.95,10.0,0.96,10.0,0.06,51.0,0.05,110.0,0.08,190.1,0.09,83.0,0.01,0.02,2323.908129,1776250179000
1776250181.326,281.326,0.94,17.13,0.93,77.0,0.95,111.75,0.96,135.0,0.05,76.75,0.04,135.0,0.06,19.13,0.07,77.0,0.01,0.01,2323.908129,1776250179000
1776250181.847,281.847,0.94,17.13,0.93,77.0,0.95,111.75,0.96,135.0,0.05,111.75,0.04,135.0,0.06,17.13,0.07,77.0,0.01,0.01,2323.93355,1776250180000
1776250182.109,282.109,0.94,156.13,0.93,157.0,0.95,106.48,0.96,135.0,0.05,111.75,0.04,135.0,0.06,17.13,0.07,77.0,0.01,0.01,2323.93355,1776250180000
1776250182.388,282.388,0.94,156.13,0.93,157.0,0.95,54.48,0.96,135.0,0.05,54.48,0.04,135.0,0.06,156.13,0.07,157.0,0.01,0.01,2323.9383,1776250181000
1776250182.664,282.664,0.94,209.13,0.93,145.0,0.95,49.21,0.96,135.0,0.05,54.48,0.04,135.0,0.06,156.13,0.07,157.0,0.01,0.01,2323.9383,1776250181000
1776250183.049,283.049,0.94,204.13,0.93,145.0,0.95,42.21,0.96,135.0,0.05,42.21,0.04,135.0,0.06,204.13,0.07,145.0,0.01,0.01,2323.9381,1776250182000
1776250184.395,284.395,0.94,204.13,0.93,145.0,0.95,42.21,0.96,135.0,0.05,42.21,0.04,135.0,0.06,204.13,0.07,145.0,0.01,0.01,2323.87875,1776250183000
1776250184.686,284.686,0.96,312.62,0.95,69.0,0.97,9.9,0.98,137.9,0.05,42.21,0.04,135.0,0.06,204.13,0.07,145.0,0.01,0.01,2323.87875,1776250183000
1776250185.377,285.377,0.96,312.62,0.95,69.0,0.97,9.9,0.98,137.9,0.03,9.9,0.02,137.9,0.04,312.62,0.05,69.0,0.01,0.01,2323.92835,1776250184000
1776250186.014,286.014,0.97,148.0,0.96,174.61,0.98,127.9,0.99,1180.55,0.02,137.9,0.01,1380.55,0.04,312.62,0.05,59.0,0.01,0.02,2323.92835,1776250184000
1776250187.293,287.293,0.96,45.62,0.95,81.0,0.97,135.0,0.98,162.9,0.02,127.9,0.01,1180.55,0.03,148.0,0.04,174.61,0.01,0.01,2324.080515,1776250185000
1776250187.636,287.636,0.96,15.62,0.95,81.0,0.97,124.69,0.98,162.9,0.03,124.69,0.02,162.9,0.04,15.62,0.05,81.0,0.01,0.01,2324.2077,1776250186000
1776250188.313,288.313,0.96,121.62,0.95,86.0,0.97,90.0,0.98,152.9,0.03,90.0,0.02,152.9,0.04,121.62,0.05,86.0,0.01,0.01,2324.26694,1776250187000
1776250188.592,288.592,0.97,133.0,0.96,63.07,0.98,46.9,0.99,1105.55,0.03,84.84,0.02,152.9,0.04,138.62,0.05,66.0,0.01,0.01,2324.26694,1776250187000
1776250188.957,288.957,0.97,138.0,0.96,106.61,0.98,39.19,0.99,1105.55,0.02,46.9,0.01,1105.55,0.03,133.0,0.04,63.07,0.01,0.01,2324.26694,1776250187000
1776250189.191,289.191,0.97,133.0,0.96,106.61,0.98,34.19,0.99,1105.55,0.02,39.19,0.01,1105.55,0.03,138.0,0.04,106.61,0.01,0.01,2324.26694,1776250187000
1776250189.45,289.45,0.97,133.0,0.96,106.61,0.98,34.19,0.99,1105.55,0.02,34.19,0.01,1105.55,0.03,133.0,0.04,106.61,0.01,0.01,2324.186792,1776250188000
1776250190.027,290.027,0.97,165.0,0.96,96.61,0.99,1079.29,,,0.02,34.19,0.01,1105.55,0.03,133.0,0.04,106.61,0.02,0.01,2324.186792,1776250188000
1776250190.747,290.747,0.97,160.0,0.96,82.62,0.99,1044.29,,,0.01,1079.29,,,0.03,165.0,0.04,96.61,0.02,0.02,2324.08365,1776250189000
1776250191.383,291.383,0.97,160.0,0.96,82.62,0.99,1044.29,,,0.01,1044.29,,,0.03,160.0,0.04,82.62,0.02,0.02,2324.0736,1776250190000
1776250191.852,291.852,0.97,192.0,0.96,91.62,0.99,1043.27,,,0.01,1044.29,,,0.03,160.0,0.04,82.62,0.02,0.02,2324.0736,1776250190000
1776250192.261,292.261,0.97,238.0,0.96,130.62,0.99,1019.62,,,0.01,1042.25,,,0.03,187.0,0.04,91.62,0.02,0.02,2324.0736,1776250190000
1776250192.535,292.535,0.97,238.0,0.96,130.62,0.99,1011.62,,,0.01,1019.62,,,0.03,238.0,0.04,130.62,0.02,0.02,2324.0736,1776250190000
1776250192.935,292.935,0.97,216.0,0.96,151.62,0.99,1001.56,,,0.01,1006.62,,,0.03,238.0,0.04,130.62,0.02,0.02,2324.0736,1776250190000
1776250193.454,293.454,0.98,353.99,0.97,52.0,0.99,994.47,,,0.01,996.5,,,0.03,216.0,0.04,151.62,0.01,0.02,2324.124504,1776250192000
1776250193.797,293.797,0.98,353.99,0.97,52.0,0.99,914.47,,,0.01,964.47,,,0.02,348.99,0.03,52.0,0.01,0.01,2324.124504,1776250192000
1776250194.139,294.139,0.98,318.99,0.97,52.0,0.99,892.23,,,0.01,912.44,,,0.02,348.99,0.03,52.0,0.01,0.01,2324.124504,1776250192000
1776250194.465,294.465,0.98,395.99,0.97,40.0,0.99,714.81,,,0.01,723.81,,,0.02,328.99,0.03,40.0,0.01,0.01,2324.124504,1776250192000
1776250194.761,294.761,0.99,324.2,0.98,390.99,,,,,,,,,0.01,324.2,0.02,390.99,,,2324.06335,1776250193000
1776250195.453,295.453,0.99,324.2,0.98,390.99,,,,,,,,,0.01,324.2,0.02,390.99,,,2324.06335,1776250194000
1776250195.756,295.756,0.99,2934.14,0.98,46.0,,,,,,,,,0.01,324.2,0.02,390.99,,,2324.06335,1776250194000
1776250197.261,297.261,0.99,3649.76,0.98,46.0,,,,,,,,,0.01,2934.14,0.02,46.0,,,2324.227712,1776250195000
1776250198.609,298.609,0.99,3986.76,0.98,46.0,,,,,,,,,0.01,3986.76,0.02,46.0,,,2324.50785,1776250197000
1776250199.218,299.218,0.99,3986.76,0.98,46.0,,,,,,,,,0.01,3986.76,0.02,46.0,,,2324.53285,1776250198000
1776250200.373,300.373,0.99,3986.76,0.98,46.0,,,,,,,,,0.01,3986.76,0.02,46.0,,,2324.59115,1776250199000
1776250200.957,300.957,0.99,3986.76,0.98,46.0,,,,,,,,,0.01,3986.76,0.02,46.0,,,2324.58115,1776250200000
1776250202.316,302.316,0.99,3986.76,0.98,46.0,,,,,,,,,0.01,3986.76,0.02,46.0,,,2324.5811,1776250201000
