timestamp,elapsed_sec,up_bid_p1,up_bid_s1,up_bid_p2,up_bid_s2,up_ask_p1,up_ask_s1,up_ask_p2,up_ask_s2,down_bid_p1,down_bid_s1,down_bid_p2,down_bid_s2,down_ask_p1,down_ask_s1,down_ask_p2,down_ask_s2,up_spread,down_spread,eth_price,eth_oracle_ts
1776290701.682,1.682,0.39,5.0,0.38,5.0,0.44,126.0,0.45,26.0,0.56,111.0,0.55,5.0,0.6,38.0,0.61,34.0,0.05,0.04,2372.191388,1776290700000
1776290702.336,2.336,0.4,17.33,0.39,5.0,0.44,94.0,0.45,5.0,0.56,122.0,0.55,26.0,0.6,14.0,0.61,18.0,0.04,0.04,2371.845736,1776290701000
1776290702.578,2.578,0.39,5.0,0.38,5.0,0.44,94.0,0.45,5.0,0.56,94.0,0.55,5.0,0.6,10.66,0.61,5.0,0.05,0.04,2371.845736,1776290701000
1776290702.945,2.945,0.41,80.0,0.4,5.0,0.44,18.72,0.45,5.0,0.56,94.0,0.55,5.0,0.61,5.0,0.62,5.0,0.03,0.05,2371.845736,1776290701000
1776290703.256,3.256,0.43,5.0,0.41,85.0,0.47,37.0,0.48,121.0,0.56,18.72,0.55,5.0,0.59,80.0,0.6,5.0,0.04,0.03,2371.685387,1776290702000
1776290703.597,3.597,0.46,3.14,0.43,5.0,0.47,37.0,0.48,137.0,0.53,37.0,0.52,121.0,0.57,5.0,0.59,85.0,0.01,0.04,2371.685387,1776290702000
1776290703.906,3.906,0.41,25.0,0.4,14.0,0.46,50.0,0.47,137.0,0.53,37.0,0.52,137.0,0.57,2.58,0.58,13.0,0.05,0.04,2371.685387,1776290702000
1776290704.247,4.247,0.41,16.0,0.38,10.0,0.43,5.0,0.44,5.0,0.56,5.0,0.54,50.0,0.59,6.67,0.64,10.0,0.02,0.03,2371.74984,1776290703000
1776290704.522,4.522,0.41,3.3,0.4,13.0,0.43,5.0,0.44,5.0,0.57,5.0,0.56,5.0,0.59,16.0,0.62,10.0,0.02,0.02,2371.74984,1776290703000
1776290705.548,5.548,0.36,7.0,0.35,10.0,0.37,5.0,0.38,10.0,0.57,5.0,0.56,5.0,0.64,10.0,0.65,10.0,0.01,0.07,2371.719875,1776290704000
1776290706.46,6.46,0.39,13.36,0.38,10.0,0.4,5.0,0.42,10.0,0.63,5.0,0.62,10.0,0.64,7.0,0.65,10.0,0.01,0.01,2371.719875,1776290704000
1776290706.807,6.807,0.39,5.31,0.38,10.0,0.4,11.0,0.41,90.39,0.59,90.39,0.58,15.0,0.61,13.36,0.62,15.0,0.01,0.02,2371.719875,1776290704000
1776290707.083,7.083,0.37,10.31,0.36,12.0,0.39,10.0,0.4,21.0,0.61,10.0,0.6,26.0,0.63,5.31,0.64,7.0,0.02,0.02,2371.719875,1776290704000
1776290708.167,8.167,0.34,38.33,0.33,145.0,0.37,99.0,0.38,21.0,0.61,10.0,0.6,21.0,0.63,10.31,0.64,12.0,0.03,0.02,2370.697706,1776290706000
1776290708.507,8.507,0.33,80.93,0.32,135.0,0.37,145.0,0.38,10.0,0.63,99.0,0.62,21.0,0.66,38.33,0.67,145.0,0.04,0.03,2370.645505,1776290707000
1776290708.744,8.744,0.36,9.87,0.34,10.0,0.37,136.48,0.38,10.0,0.63,136.48,0.62,10.0,0.64,5.0,0.66,10.0,0.01,0.01,2370.645505,1776290707000
1776290709.576,9.576,0.33,3.93,0.32,35.0,0.35,262.0,0.36,91.5,0.64,15.0,0.63,131.48,0.67,42.29,0.68,46.0,0.02,0.03,2370.812395,1776290708000
1776290709.913,9.913,0.32,37.17,0.31,95.0,0.34,252.0,0.35,20.0,0.65,262.0,0.64,91.5,0.67,3.93,0.68,35.0,0.02,0.02,2370.812395,1776290708000
1776290710.138,10.138,0.33,8.61,0.32,82.0,0.34,252.0,0.35,20.0,0.66,200.0,0.65,20.0,0.67,10.85,0.68,82.0,0.01,0.01,2370.812395,1776290708000
1776290710.348,10.348,0.32,68.0,0.31,95.0,0.34,129.55,0.35,20.0,0.66,257.0,0.65,20.0,0.69,81.0,0.7,81.0,0.02,0.03,2370.749327,1776290709000
1776290710.805,10.805,0.32,96.0,0.31,100.0,0.33,80.96,0.34,57.0,0.67,84.29,0.66,124.55,0.68,68.0,0.69,95.0,0.01,0.01,2370.749327,1776290709000
1776290711.281,11.281,0.32,82.0,0.31,100.0,0.33,26.32,0.34,180.0,0.67,8.96,0.66,237.0,0.68,145.0,0.69,130.0,0.01,0.01,2370.749327,1776290709000
1776290711.698,11.698,0.32,202.0,0.31,100.0,0.33,267.6,0.36,10.0,0.67,26.32,0.66,180.0,0.68,82.0,0.69,100.0,0.01,0.01,2370.797454,1776290710000
1776290712.009,12.009,0.32,154.38,0.31,188.0,0.33,272.6,0.35,10.0,0.67,272.6,0.66,5.0,0.68,115.0,0.69,100.0,0.01,0.01,2370.797454,1776290710000
1776290712.23,12.23,0.32,141.4,0.31,163.0,0.33,288.1,0.34,5.0,0.67,277.6,0.66,5.0,0.68,152.18,0.69,158.0,0.01,0.01,2370.797454,1776290711000
1776290712.442,12.442,0.32,135.05,0.31,158.0,0.33,282.6,0.34,10.0,0.67,288.1,0.66,5.0,0.68,134.19,0.69,163.0,0.01,0.01,2370.797454,1776290711000
1776290712.968,12.968,0.32,181.8,0.31,120.0,0.33,97.6,0.34,190.0,0.67,282.6,0.66,10.0,0.68,135.05,0.69,158.0,0.01,0.01,2370.797454,1776290711000
1776290713.447,13.447,0.32,172.43,0.31,120.0,0.33,97.6,0.34,185.0,0.67,97.6,0.66,190.0,0.68,168.43,0.69,120.0,0.01,0.01,2370.853856,1776290712000
1776290713.878,13.878,0.32,178.43,0.31,120.0,0.33,102.56,0.34,190.0,0.67,97.6,0.66,185.0,0.68,172.43,0.69,120.0,0.01,0.01,2370.853856,1776290712000
1776290714.359,14.359,0.32,173.43,0.31,125.0,0.33,149.52,0.34,185.0,0.67,102.56,0.66,190.0,0.68,178.43,0.69,120.0,0.01,0.01,2370.929441,1776290713000
1776290714.764,14.764,0.31,33.0,0.3,23.5,0.33,439.02,0.34,47.5,0.67,149.52,0.66,185.0,0.68,173.43,0.69,125.0,0.02,0.01,2370.929441,1776290713000
1776290714.992,14.992,0.3,4.53,0.29,43.5,0.31,26.0,0.32,338.08,0.69,26.0,0.68,343.08,0.7,7.36,0.71,43.5,0.01,0.01,2370.929441,1776290713000
1776290715.294,15.294,0.3,3.1,0.29,38.5,0.31,468.26,0.32,43.08,0.69,26.0,0.68,338.08,0.7,4.53,0.71,43.5,0.01,0.01,2370.835599,1776290714000
1776290715.506,15.506,0.3,1.67,0.29,38.5,0.31,460.44,0.32,43.08,0.69,455.44,0.68,43.08,0.7,3.1,0.71,38.5,0.01,0.01,2370.835599,1776290714000
1776290716.185,16.185,0.3,5.0,0.29,13.0,0.31,455.44,0.32,43.08,0.69,460.44,0.68,43.08,0.7,1.67,0.71,38.5,0.01,0.01,2370.835599,1776290714000
1776290716.473,16.473,0.28,25.5,0.27,108.0,0.29,124.87,0.3,232.0,0.69,455.44,0.68,43.08,0.71,13.0,0.72,20.5,0.01,0.02,2370.835599,1776290714000
1776290717.734,17.734,0.27,86.5,0.26,124.5,0.28,349.86,0.29,41.4,0.71,171.24,0.7,52.0,0.72,20.5,0.73,113.0,0.01,0.01,2370.548936,1776290716000
1776290718.779,18.779,0.26,35.0,0.25,61.0,0.27,254.29,0.28,28.92,0.72,411.86,0.71,51.9,0.74,10.5,0.75,89.5,0.01,0.02,2370.3169,1776290717000
1776290718.992,18.992,0.26,23.2,0.25,103.0,0.27,377.29,0.28,28.92,0.73,197.29,0.72,28.92,0.74,36.0,0.75,137.0,0.01,0.01,2370.3169,1776290717000
1776290719.866,19.866,0.25,73.0,0.24,92.5,0.27,372.29,0.28,28.92,0.73,377.29,0.72,28.92,0.74,23.2,0.75,103.0,0.02,0.01,2370.21383,1776290718000
1776290720.355,20.355,0.25,83.0,0.24,97.5,0.26,11.23,0.27,372.29,0.73,372.29,0.72,28.92,0.75,73.0,0.76,92.5,0.01,0.02,2370.082283,1776290719000
1776290720.623,20.623,0.25,54.67,0.24,97.5,0.26,107.57,0.27,275.5,0.74,102.57,0.73,275.5,0.75,73.0,0.76,97.5,0.01,0.01,2370.082283,1776290719000
1776290720.919,20.919,0.25,59.25,0.24,97.5,0.26,112.57,0.27,275.5,0.74,107.57,0.73,275.5,0.75,54.67,0.76,97.5,0.01,0.01,2370.082283,1776290719000
1776290721.753,21.753,0.25,36.0,0.24,154.5,0.26,113.72,0.27,270.5,0.74,112.57,0.73,270.5,0.75,55.16,0.76,97.5,0.01,0.01,2370.082283,1776290719000
1776290722.369,22.369,0.25,14.0,0.24,154.5,0.26,108.72,0.27,270.5,0.74,113.72,0.73,270.5,0.75,36.0,0.76,154.5,0.01,0.01,2369.958617,1776290720000
1776290723.861,23.861,0.25,7.58,0.24,144.0,0.26,171.72,0.27,212.5,0.74,108.72,0.73,270.5,0.75,14.0,0.76,154.5,0.01,0.01,2369.889922,1776290722000
1776290724.24,24.24,0.25,31.0,0.24,154.5,0.26,68.33,0.27,180.0,0.74,171.72,0.73,212.5,0.75,7.58,0.76,144.0,0.01,0.01,2369.889922,1776290722000
1776290724.452,24.452,0.24,163.26,0.23,338.32,0.26,121.86,0.27,247.5,0.74,56.02,0.73,180.0,0.75,31.0,0.76,154.5,0.02,0.01,2369.889922,1776290722000
1776290724.895,24.895,0.25,16.36,0.24,147.76,0.26,316.86,0.27,77.5,0.74,121.86,0.73,247.5,0.76,163.26,0.77,338.32,0.01,0.02,2369.966553,1776290723000
1776290727.744,27.744,0.24,485.5,0.23,147.32,0.25,17.84,0.3,10.0,0.74,311.86,0.73,77.5,0.75,4.76,0.76,147.76,0.01,0.01,2369.914199,1776290726000
1776290728.005,28.005,0.31,205.5,0.3,15.0,0.32,4.9,0.33,10.0,0.68,5.0,0.67,10.0,0.76,596.5,0.77,117.32,0.01,0.08,2369.90143,1776290727000
1776290728.455,28.455,0.37,67.0,0.36,205.5,0.39,10.0,0.4,60.0,0.67,10.0,0.65,25.0,0.68,10.72,0.69,210.5,0.02,0.01,2369.90143,1776290727000
1776290728.861,28.861,0.37,98.0,0.36,205.5,0.38,10.0,0.39,20.0,0.62,1.47,0.61,10.0,0.63,82.0,0.64,235.5,0.01,0.01,2369.90143,1776290727000
1776290729.236,29.236,0.37,113.0,0.36,205.5,0.38,3.15,0.39,20.5,0.62,10.0,0.61,10.0,0.63,68.0,0.64,205.5,0.01,0.01,2369.971248,1776290728000
1776290729.732,29.732,0.37,53.0,0.36,36.0,0.38,363.65,0.39,20.5,0.62,3.15,0.61,20.5,0.63,113.0,0.64,205.5,0.01,0.01,2369.971248,1776290728000
1776290730.085,30.085,0.37,0.33,0.36,11.0,0.38,323.65,0.39,20.5,0.62,328.65,0.61,20.5,0.63,35.33,0.64,36.0,0.01,0.01,2370.888315,1776290729000
1776290730.779,30.779,0.36,7.33,0.35,10.0,0.38,338.65,0.39,109.94,0.62,323.65,0.61,20.5,0.63,0.33,0.64,11.0,0.02,0.01,2370.888315,1776290729000
1776290731.537,31.537,0.34,50.0,0.32,236.0,0.35,7.85,0.36,104.5,0.62,338.65,0.61,109.94,0.64,7.33,0.65,10.0,0.01,0.02,2371.465912,1776290730000
1776290732.305,32.305,0.32,7.62,0.31,152.0,0.35,174.35,0.36,56.5,0.65,7.85,0.64,104.5,0.66,50.0,0.68,236.0,0.03,0.01,2371.160204,1776290731000
1776290733.931,33.931,0.36,41.5,0.35,417.5,0.37,7.55,0.38,10.0,0.65,174.35,0.64,56.5,0.68,7.62,0.69,152.0,0.01,0.03,2371.171439,1776290732000
1776290735.35,35.35,0.39,329.0,0.38,42.0,0.41,17.62,0.42,20.0,0.62,10.0,0.61,10.0,0.64,66.5,0.65,207.5,0.02,0.02,2371.122086,1776290734000
1776290736.277,36.277,0.38,16.0,0.37,315.0,0.4,25.0,0.41,49.28,0.59,17.62,0.58,20.0,0.61,329.0,0.62,42.0,0.02,0.02,2371.122086,1776290734000
1776290737.127,37.127,0.34,21.42,0.33,247.0,0.37,10.0,0.38,15.0,0.6,25.0,0.59,49.28,0.62,16.0,0.63,315.0,0.03,0.02,2371.391218,1776290736000
1776290737.617,37.617,0.31,85.0,0.3,254.0,0.32,24.58,0.35,15.0,0.63,10.0,0.62,15.0,0.66,21.42,0.67,247.0,0.01,0.03,2371.391218,1776290736000
1776290738.389,38.389,0.29,40.0,0.28,264.0,0.32,356.0,0.33,20.5,0.68,24.58,0.65,15.0,0.69,85.0,0.7,254.0,0.03,0.01,2371.446651,1776290737000
1776290738.874,38.874,0.3,9.3,0.29,82.5,0.31,16.96,0.32,356.5,0.69,6.96,0.68,346.0,0.71,92.0,0.72,207.0,0.01,0.02,2371.446651,1776290737000
1776290739.614,39.614,0.3,9.3,0.29,82.5,0.32,108.02,0.33,20.5,0.69,16.96,0.68,356.5,0.7,9.3,0.71,82.5,0.02,0.01,2371.446651,1776290737000
1776290740.848,40.848,0.31,414.5,0.3,84.4,0.32,69.15,0.33,20.5,0.68,108.02,0.67,20.5,0.7,9.3,0.71,82.5,0.01,0.02,2370.825678,1776290739000
1776290741.091,41.091,0.31,302.5,0.3,89.4,0.32,74.15,0.33,20.5,0.68,69.15,0.67,20.5,0.69,414.5,0.7,84.4,0.01,0.01,2370.825678,1776290739000
1776290742.756,42.756,0.3,13.0,0.29,20.5,0.31,189.56,0.32,217.5,0.68,79.15,0.67,20.5,0.69,300.9,0.7,78.4,0.01,0.01,2370.777679,1776290741000
1776290745.489,45.489,0.3,18.57,0.29,77.5,0.31,198.64,0.32,205.5,0.69,189.56,0.68,217.5,0.7,13.0,0.71,20.5,0.01,0.01,2370.704919,1776290744000
1776290746.337,46.337,0.3,13.57,0.29,77.5,0.31,109.58,0.32,311.15,0.69,198.64,0.68,205.5,0.7,18.57,0.71,77.5,0.01,0.01,2370.704919,1776290744000
1776290747.485,47.485,0.3,13.57,0.29,20.5,0.31,127.35,0.32,262.5,0.69,109.58,0.68,311.15,0.7,13.57,0.71,77.5,0.01,0.01,2370.688961,1776290746000
1776290749.942,49.942,0.27,75.0,0.26,48.7,0.28,172.02,0.29,93.5,0.69,127.35,0.68,262.5,0.7,13.57,0.71,20.5,0.01,0.01,2370.66415,1776290748000
1776290751.7,51.7,0.26,15.0,0.25,30.0,0.27,331.5,0.28,63.02,0.72,172.02,0.71,93.5,0.73,75.0,0.74,48.7,0.01,0.01,2370.290833,1776290750000
1776290752.203,52.203,0.25,20.0,0.24,95.0,0.27,382.5,0.28,58.02,0.73,331.5,0.72,63.02,0.74,15.0,0.75,30.0,0.02,0.01,2370.290833,1776290750000
1776290753.533,53.533,0.23,169.12,0.22,108.0,0.25,138.5,0.26,70.01,0.74,18.51,0.73,377.5,0.76,95.0,0.77,111.12,0.02,0.02,2370.179338,1776290751000
1776290753.975,53.975,0.23,175.22,0.22,103.0,0.24,41.5,0.25,118.5,0.76,15.5,0.75,133.5,0.77,165.22,0.78,108.0,0.01,0.01,2370.139167,1776290752000
1776290754.562,54.562,0.23,119.22,0.22,113.0,0.24,96.81,0.25,118.5,0.76,41.5,0.75,118.5,0.77,175.22,0.78,103.0,0.01,0.01,2370.135767,1776290753000
1776290755.192,55.192,0.22,15.0,0.21,85.0,0.24,441.81,0.25,51.5,0.76,96.81,0.75,118.5,0.77,119.22,0.78,113.0,0.02,0.01,2370.02012,1776290754000
1776290757.727,57.727,0.21,518.2,0.2,98.05,0.23,24.57,0.24,28.68,0.77,20.0,0.76,364.81,0.79,85.0,0.8,82.5,0.02,0.02,2369.51508,1776290756000
1776290757.941,57.941,0.22,184.5,0.21,450.2,0.23,17.57,0.24,28.68,0.77,24.57,0.76,28.68,0.79,518.2,0.8,98.05,0.01,0.02,2369.51508,1776290756000
1776290758.889,58.889,0.23,511.8,0.22,104.5,0.24,37.68,0.25,10.0,0.76,28.68,0.75,25.5,0.78,184.5,0.79,450.2,0.01,0.02,2369.54203,1776290757000
1776290759.129,59.129,0.23,522.54,0.22,115.5,0.24,11.68,0.25,10.0,0.76,11.68,0.75,10.0,0.77,516.8,0.78,104.5,0.01,0.01,2369.54203,1776290757000
1776290759.515,59.515,0.23,494.54,0.22,87.5,0.25,14.53,0.26,29.51,0.76,11.68,0.75,10.0,0.77,522.54,0.78,115.5,0.02,0.01,2369.871147,1776290758000
1776290759.864,59.864,0.24,137.18,0.23,386.54,0.26,29.51,0.27,72.67,0.75,1.61,0.74,29.51,0.76,10.0,0.77,499.54,0.02,0.01,2369.871147,1776290758000
1776290760.753,60.753,0.25,506.5,0.24,93.2,0.28,1.42,0.29,99.0,0.74,29.51,0.73,72.67,0.76,137.18,0.77,386.54,0.03,0.02,2370.111456,1776290759000
1776290761.583,61.583,0.28,104.61,0.27,87.5,0.29,103.0,0.3,277.5,0.71,95.42,0.7,30.0,0.74,10.0,0.75,521.5,0.01,0.03,2370.117254,1776290760000
1776290762.16,62.16,0.28,90.26,0.27,77.0,0.29,185.84,0.3,287.5,0.71,103.0,0.7,277.5,0.72,104.61,0.73,87.5,0.01,0.01,2370.12448,1776290761000
1776290762.627,62.627,0.28,101.0,0.27,72.0,0.29,195.27,0.3,287.5,0.71,185.84,0.7,287.5,0.72,90.26,0.73,77.0,0.01,0.01,2370.12448,1776290761000
1776290763.765,63.765,0.28,146.5,0.27,43.8,0.29,95.77,0.3,83.0,0.71,195.27,0.7,287.5,0.72,101.0,0.73,72.0,0.01,0.01,2370.422954,1776290762000
1776290764.174,64.174,0.28,133.16,0.27,43.8,0.29,95.77,0.3,63.0,0.71,95.77,0.7,83.0,0.72,139.55,0.73,43.8,0.01,0.01,2370.422954,1776290762000
1776290764.557,64.557,0.28,404.16,0.27,101.8,0.29,95.77,0.3,5.0,0.71,95.77,0.7,63.0,0.72,133.16,0.73,43.8,0.01,0.01,2370.531644,1776290763000
1776290764.86,64.86,0.28,377.6,0.27,43.8,0.29,9.43,0.3,83.08,0.71,95.77,0.7,5.0,0.72,404.16,0.73,101.8,0.01,0.01,2370.531644,1776290763000
1776290766.917,66.917,0.28,384.44,0.27,101.8,0.29,36.97,0.3,52.48,0.71,9.43,0.7,83.08,0.72,380.83,0.73,43.8,0.01,0.01,2370.677173,1776290765000
1776290767.267,67.267,0.28,539.44,0.27,64.8,0.29,9.97,0.31,25.0,0.71,36.97,0.7,52.48,0.72,384.44,0.73,101.8,0.01,0.01,2370.677173,1776290765000
1776290770.054,70.054,0.31,577.3,0.3,111.2,0.35,213.0,0.36,10.0,0.69,25.0,0.67,68.0,0.72,534.44,0.73,64.8,0.04,0.03,2370.721155,1776290768000
1776290771.134,71.134,0.33,397.3,0.32,53.0,0.36,167.62,0.37,15.0,0.66,7.0,0.65,203.5,0.67,8.5,0.68,41.5,0.03,0.01,2370.967252,1776290769000
1776290772.032,72.032,0.34,89.93,0.33,214.8,0.35,184.93,0.36,82.5,0.64,167.62,0.63,15.0,0.67,397.3,0.68,53.0,0.01,0.03,2371.00138,1776290770000
1776290772.614,72.614,0.34,121.93,0.33,224.8,0.35,176.93,0.36,82.5,0.65,184.93,0.64,82.5,0.66,89.93,0.67,214.8,0.01,0.01,2371.104902,1776290771000
1776290773.586,73.586,0.34,462.43,0.33,55.3,0.35,73.93,0.36,15.0,0.65,176.93,0.64,82.5,0.66,121.93,0.67,224.8,0.01,0.01,2371.084324,1776290772000
1776290774.002,74.002,0.34,575.43,0.33,55.3,0.35,1.28,0.37,77.24,0.65,73.93,0.64,15.0,0.66,462.43,0.67,55.3,0.01,0.01,2371.084324,1776290772000
1776290775.872,75.872,0.36,20.6,0.35,104.3,0.38,159.32,0.39,20.5,0.62,60.0,0.61,35.0,0.63,12.23,0.66,602.43,0.02,0.01,2371.195793,1776290774000
1776290776.822,76.822,0.36,508.22,0.35,46.3,0.37,17.0,0.39,10.0,0.63,5.0,0.62,216.32,0.64,81.1,0.65,104.3,0.01,0.01,2371.468395,1776290775000
1776290777.962,77.962,0.38,48.0,0.37,15.4,0.39,405.9,0.4,41.5,0.61,15.0,0.6,25.0,0.63,20.5,0.64,503.22,0.01,0.02,2371.540798,1776290777000
1776290778.261,78.261,0.34,50.0,0.32,91.0,0.35,12.14,0.36,10.0,0.63,7.02,0.62,10.0,0.64,10.0,0.65,10.0,0.01,0.01,2371.540798,1776290777000
1776290779.658,79.658,0.31,315.86,0.3,84.1,0.35,368.64,0.36,76.26,0.65,12.14,0.64,10.0,0.66,50.0,0.68,91.0,0.04,0.01,2371.571931,1776290778000
1776290780.775,80.775,0.34,10.0,0.33,483.5,0.37,9.56,0.38,10.0,0.65,368.64,0.64,76.26,0.69,315.86,0.7,84.1,0.03,0.04,2371.307295,1776290779000
1776290781.161,81.161,0.35,15.0,0.34,15.0,0.36,7.22,0.37,20.5,0.62,20.4,0.61,10.0,0.64,43.88,0.65,39.78,0.01,0.02,2371.307295,1776290779000
1776290781.416,81.416,0.33,63.25,0.32,89.75,0.35,26.5,0.36,50.72,0.64,33.72,0.63,84.5,0.67,49.15,0.68,32.75,0.02,0.03,2371.191735,1776290780000
1776290782.808,82.808,0.32,11.99,0.3,42.4,0.33,146.5,0.34,100.5,0.66,53.5,0.65,26.5,0.67,5.0,0.68,201.25,0.01,0.01,2371.193587,1776290781000
1776290786.256,86.256,0.34,20.75,0.33,321.5,0.35,105.88,0.36,77.5,0.67,146.5,0.66,100.5,0.68,11.99,0.7,42.4,0.01,0.01,2370.915355,1776290785000
1776290786.494,86.494,0.34,83.75,0.33,216.0,0.35,94.64,0.36,20.5,0.65,105.88,0.64,77.5,0.66,20.75,0.67,321.5,0.01,0.01,2370.915355,1776290785000
1776290786.911,86.911,0.34,20.0,0.33,5.0,0.35,364.44,0.36,55.5,0.65,94.64,0.64,20.5,0.66,83.75,0.67,216.0,0.01,0.01,2370.915355,1776290785000
1776290787.671,87.671,0.33,31.0,0.32,11.0,0.34,316.17,0.35,182.85,0.66,77.5,0.65,364.44,0.67,20.0,0.69,10.0,0.01,0.01,2370.779573,1776290786000
1776290787.924,87.924,0.33,9.35,0.32,11.0,0.34,311.17,0.35,182.85,0.66,316.17,0.65,182.85,0.67,31.0,0.68,11.0,0.01,0.01,2371.066225,1776290787000
1776290788.545,88.545,0.3,5.3,0.29,35.0,0.31,331.27,0.32,120.5,0.66,311.17,0.65,182.85,0.67,9.35,0.68,11.0,0.01,0.01,2371.066225,1776290787000
1776290790.137,90.137,0.3,10.3,0.29,25.0,0.31,243.97,0.32,73.5,0.69,331.27,0.68,120.5,0.7,5.3,0.71,35.0,0.01,0.01,2370.887846,1776290789000
1776290790.887,90.887,0.28,250.0,0.27,35.0,0.31,301.97,0.32,282.81,0.69,243.97,0.68,73.5,0.7,10.3,0.71,25.0,0.03,0.01,2370.887846,1776290789000
1776290792.698,92.698,0.26,10.0,0.25,128.0,0.29,325.1,0.3,146.5,0.69,401.97,0.68,282.81,0.72,250.0,0.73,35.0,0.03,0.03,2370.597007,1776290791000
1776290793.182,93.182,0.26,4.9,0.25,35.0,0.27,90.5,0.28,135.5,0.71,325.1,0.7,146.5,0.74,10.0,0.75,128.0,0.01,0.03,2370.435712,1776290792000
1776290794.34,94.34,0.22,121.0,0.21,45.0,0.23,10.5,0.24,25.5,0.73,182.5,0.72,193.5,0.74,14.9,0.75,35.0,0.01,0.01,2370.435712,1776290792000
1776290795.314,95.314,0.21,108.0,0.2,60.0,0.23,367.5,0.24,146.5,0.77,10.5,0.76,25.5,0.78,121.0,0.79,45.0,0.02,0.01,2370.379827,1776290793000
1776290795.67,95.67,0.21,70.0,0.2,76.05,0.22,313.38,0.23,139.5,0.77,367.5,0.76,146.5,0.79,108.0,0.8,60.0,0.01,0.02,2369.903954,1776290794000
1776290796.378,96.378,0.19,8.64,0.18,177.4,0.2,31.0,0.21,107.5,0.78,313.38,0.77,139.5,0.79,70.0,0.8,76.05,0.01,0.01,2369.903954,1776290794000
1776290797.097,97.097,0.18,75.78,0.17,76.94,0.19,87.0,0.2,235.5,0.8,31.0,0.79,107.5,0.81,8.64,0.82,177.4,0.01,0.01,2369.716651,1776290795000
1776290797.31,97.31,0.18,59.68,0.17,76.94,0.19,112.0,0.2,240.5,0.81,112.0,0.8,240.5,0.82,65.78,0.83,76.94,0.01,0.01,2369.716651,1776290795000
1776290797.57,97.57,0.18,79.6,0.17,129.94,0.19,153.39,0.2,240.5,0.81,112.0,0.8,240.5,0.82,59.68,0.83,76.94,0.01,0.01,2369.725057,1776290796000
1776290798.503,98.503,0.16,115.3,0.15,361.7,0.18,217.0,0.19,388.5,0.81,112.0,0.8,240.5,0.82,51.5,0.83,86.94,0.02,0.01,2369.685998,1776290797000
1776290798.996,98.996,0.16,51.8,0.15,103.7,0.17,122.35,0.18,388.0,0.82,217.0,0.81,388.5,0.84,115.3,0.85,361.7,0.01,0.02,2369.685998,1776290797000
1776290799.69,99.69,0.16,61.1,0.15,171.7,0.17,117.35,0.18,388.0,0.83,122.35,0.82,388.0,0.84,51.8,0.85,103.7,0.01,0.01,2369.575925,1776290798000
1776290802.441,102.441,0.16,521.61,0.15,98.2,0.17,46.0,0.18,10.0,0.83,117.35,0.82,398.5,0.84,43.71,0.85,161.7,0.01,0.01,2369.277356,1776290801000
1776290803.166,103.166,0.21,113.0,0.2,43.5,0.22,21.0,0.23,31.5,0.77,30.5,0.76,115.0,0.79,10.0,0.8,25.5,0.01,0.02,2369.277356,1776290801000
1776290804.326,104.326,0.21,160.93,0.2,285.5,0.22,59.69,0.23,87.5,0.78,21.0,0.77,31.5,0.79,113.0,0.8,43.5,0.01,0.01,2369.486663,1776290803000
1776290805.3,105.3,0.21,165.93,0.2,285.5,0.22,68.21,0.23,87.5,0.78,59.69,0.77,87.5,0.79,160.93,0.8,285.5,0.01,0.01,2369.807272,1776290804000
1776290805.665,105.665,0.21,478.43,0.2,61.0,0.22,16.07,0.23,24.95,0.78,68.21,0.77,87.5,0.79,165.93,0.8,285.5,0.01,0.01,2369.807272,1776290804000
1776290810.698,110.698,0.21,636.5,0.2,34.5,0.22,8.0,0.27,75.0,0.77,22.24,0.76,5.0,0.79,478.43,0.8,61.0,0.01,0.02,2370.119278,1776290809000
1776290811.015,111.015,0.3,11.66,0.29,517.74,0.34,5.0,0.35,15.0,0.73,75.0,0.71,100.0,0.79,636.5,0.8,34.5,0.04,0.06,2370.119278,1776290809000
1776290812.352,112.352,0.34,138.0,0.33,276.5,0.35,28.88,0.36,167.5,0.65,7.88,0.64,10.0,0.7,11.66,0.71,517.74,0.01,0.05,2369.901484,1776290811000
1776290812.845,112.845,0.34,104.35,0.33,26.0,0.35,49.23,0.36,170.95,0.65,28.88,0.64,167.5,0.66,122.0,0.67,276.5,0.01,0.01,2369.901484,1776290811000
1776290813.125,113.125,0.34,40.66,0.33,15.0,0.35,127.73,0.36,275.95,0.65,49.23,0.64,170.95,0.66,104.35,0.67,26.0,0.01,0.01,2369.901484,1776290811000
1776290813.838,113.838,0.34,10.66,0.33,5.0,0.35,273.44,0.36,433.07,0.65,126.44,0.64,280.95,0.66,60.66,0.67,15.0,0.01,0.01,2370.989009,1776290812000
1776290817.539,117.539,0.28,324.26,0.27,54.8,0.29,23.0,0.3,33.0,0.65,263.44,0.64,433.07,0.68,9.45,0.69,140.5,0.01,0.03,2370.94938,1776290816000
1776290818.011,118.011,0.28,337.44,0.27,54.8,0.29,114.65,0.3,33.0,0.71,23.0,0.7,33.0,0.72,324.26,0.73,54.8,0.01,0.01,2370.94938,1776290816000
1776290818.851,118.851,0.24,26.25,0.23,25.3,0.25,16.0,0.26,21.0,0.71,114.65,0.7,33.0,0.72,337.44,0.73,54.8,0.01,0.01,2370.9027,1776290817000
1776290820.495,120.495,0.23,35.0,0.22,10.0,0.25,390.5,0.26,336.9,0.76,16.0,0.75,55.0,0.77,275.95,0.78,80.0,0.02,0.01,2370.713825,1776290819000
1776290820.719,120.719,0.23,3.55,0.22,25.5,0.24,115.0,0.25,123.0,0.76,115.0,0.75,123.0,0.77,7.5,0.78,25.5,0.01,0.01,2370.713825,1776290819000
1776290821.389,121.389,0.23,404.05,0.22,118.5,0.24,103.97,0.25,12.0,0.76,115.0,0.75,123.0,0.77,3.55,0.78,25.5,0.01,0.01,2370.512433,1776290820000
1776290823.942,123.942,0.23,51.55,0.22,60.0,0.24,114.47,0.25,27.5,0.76,103.97,0.75,12.0,0.77,404.05,0.78,118.5,0.01,0.01,2370.327945,1776290822000
1776290824.209,124.209,0.23,2.55,0.22,117.0,0.24,146.47,0.25,27.5,0.76,114.47,0.75,27.5,0.77,51.55,0.78,60.0,0.01,0.01,2370.328906,1776290823000
1776290824.449,124.449,0.23,10.0,0.21,240.5,0.24,171.47,0.25,347.4,0.76,161.47,0.75,338.4,0.77,11.55,0.79,240.5,0.01,0.01,2370.328906,1776290823000
1776290826.267,126.267,0.2,351.05,0.19,100.5,0.21,68.5,0.22,73.5,0.76,171.47,0.75,347.4,0.77,10.0,0.79,240.5,0.01,0.01,2370.082714,1776290825000
1776290827.327,127.327,0.17,4.56,0.16,91.25,0.18,185.5,0.19,231.54,0.79,68.5,0.78,73.5,0.8,351.05,0.81,100.5,0.01,0.01,2369.998758,1776290826000
1776290829.133,129.133,0.16,22.48,0.15,55.0,0.17,414.5,0.18,68.59,0.82,185.5,0.81,231.54,0.83,4.56,0.84,91.25,0.01,0.01,2369.813229,1776290827000
1776290831.008,131.008,0.12,75.23,0.11,125.0,0.14,537.4,0.15,153.5,0.83,737.4,0.82,61.59,0.85,55.0,0.86,85.0,0.02,0.02,2369.39408,1776290829000
1776290831.277,131.277,0.12,93.23,0.11,145.5,0.13,2.3,0.14,20.5,0.87,36.8,0.86,416.4,0.88,133.23,0.89,337.5,0.01,0.01,2369.019975,1776290830000
1776290831.49,131.49,0.12,392.91,0.11,156.5,0.13,2.3,0.14,20.5,0.86,20.5,0.85,25.5,0.88,391.73,0.89,145.5,0.01,0.02,2369.019975,1776290830000
1776290831.982,131.982,0.13,117.7,0.12,356.41,0.14,60.38,0.15,30.59,0.86,60.38,0.85,25.5,0.87,92.7,0.88,366.91,0.01,0.01,2369.019975,1776290830000
1776290832.23,132.23,0.13,92.47,0.12,108.41,0.14,65.38,0.15,25.5,0.86,60.38,0.85,30.59,0.87,117.7,0.88,356.41,0.01,0.01,2368.864389,1776290831000
1776290832.654,132.654,0.13,130.24,0.12,108.41,0.14,60.38,0.15,25.5,0.86,65.38,0.85,25.5,0.87,92.47,0.88,108.41,0.01,0.01,2368.864389,1776290831000
1776290833.34,133.34,0.13,405.09,0.12,128.91,0.14,33.25,0.15,25.5,0.86,60.38,0.85,25.5,0.87,129.09,0.88,108.41,0.01,0.01,2368.56974,1776290832000
1776290833.729,133.729,0.13,380.94,0.12,138.91,0.14,117.98,0.15,25.5,0.86,33.25,0.85,25.5,0.87,405.09,0.88,128.91,0.01,0.01,2368.56974,1776290832000
1776290835.734,135.734,0.13,391.5,0.12,74.91,0.15,73.7,0.16,25.0,0.86,79.98,0.85,25.5,0.87,380.94,0.88,138.91,0.02,0.01,2368.956572,1776290834000
1776290836.017,136.017,0.14,333.58,0.13,53.5,0.15,73.7,0.16,25.0,0.85,73.7,0.84,25.0,0.87,391.5,0.88,74.91,0.01,0.02,2368.956572,1776290834000
1776290836.506,136.506,0.14,330.17,0.13,53.5,0.15,73.7,0.16,25.0,0.85,73.7,0.84,25.0,0.86,333.58,0.87,53.5,0.01,0.01,2369.020353,1776290835000
1776290837.204,137.204,0.15,5.0,0.14,335.67,0.16,10.0,0.17,21.02,0.85,73.7,0.84,25.0,0.86,330.17,0.87,53.5,0.01,0.01,2369.020353,1776290835000
1776290838.446,138.446,0.15,395.5,0.14,30.5,0.17,6.02,0.18,43.0,0.84,10.0,0.83,21.02,0.85,5.0,0.86,335.67,0.02,0.01,2369.05016,1776290837000
1776290838.649,138.649,0.16,388.3,0.15,78.5,0.17,5.9,0.18,35.0,0.83,5.9,0.82,43.0,0.84,38.3,0.85,378.5,0.01,0.01,2369.05016,1776290837000
1776290840.151,140.151,0.16,85.16,0.15,262.5,0.17,127.98,0.18,50.0,0.83,5.9,0.82,35.0,0.84,388.3,0.85,78.5,0.01,0.01,2369.22283,1776290838000
1776290841.749,141.749,0.16,31.47,0.15,262.5,0.17,74.19,0.18,136.0,0.83,127.98,0.82,50.0,0.84,85.16,0.85,262.5,0.01,0.01,2369.519071,1776290840000
1776290842.175,142.175,0.14,7.0,0.13,297.5,0.15,26.0,0.16,103.5,0.83,74.19,0.82,136.0,0.84,31.47,0.85,262.5,0.01,0.01,2369.480037,1776290841000
1776290845.444,145.444,0.12,276.91,0.11,318.29,0.13,85.22,0.14,156.41,0.85,26.0,0.84,103.5,0.86,7.0,0.87,297.5,0.01,0.01,2369.13154,1776290844000
1776290845.86,145.86,0.12,276.91,0.11,318.29,0.13,65.92,0.14,187.27,0.87,85.22,0.86,156.41,0.88,276.91,0.89,318.29,0.01,0.01,2369.13154,1776290844000
1776290847.72,147.72,0.12,76.29,0.11,305.0,0.13,126.42,0.14,177.11,0.87,65.92,0.86,187.27,0.88,276.91,0.89,318.29,0.01,0.01,2369.126418,1776290846000
1776290848.008,148.008,0.12,16.0,0.11,362.0,0.13,166.42,0.14,177.11,0.87,161.42,0.86,177.11,0.88,62.04,0.89,305.0,0.01,0.01,2369.126418,1776290846000
1776290848.859,148.859,0.11,182.0,0.1,408.5,0.13,219.42,0.14,201.76,0.87,166.42,0.86,177.11,0.88,16.0,0.89,362.0,0.02,0.01,2369.004225,1776290847000
1776290850.576,150.576,0.11,482.68,0.1,239.5,0.13,77.92,0.14,93.35,0.87,219.42,0.86,201.76,0.89,182.0,0.9,408.5,0.02,0.02,2369.039351,1776290849000
1776290851.003,151.003,0.12,41.32,0.11,455.68,0.13,107.92,0.14,87.71,0.87,102.92,0.86,82.71,0.88,34.5,0.89,465.68,0.01,0.01,2369.039351,1776290849000
1776290851.88,151.88,0.12,21.49,0.11,455.68,0.13,226.02,0.14,40.5,0.87,102.92,0.86,87.71,0.88,26.72,0.89,455.68,0.01,0.01,2369.028119,1776290850000
1776290853.973,153.973,0.12,188.35,0.11,275.68,0.13,236.52,0.14,98.5,0.87,226.02,0.86,40.5,0.88,21.49,0.89,455.68,0.01,0.01,2369.036534,1776290852000
1776290855.065,155.065,0.12,345.85,0.11,181.68,0.13,183.02,0.14,15.0,0.87,236.52,0.86,98.5,0.88,188.35,0.89,275.68,0.01,0.01,2369.036492,1776290853000
1776290855.611,155.611,0.12,339.14,0.11,181.68,0.13,183.02,0.14,15.0,0.87,183.02,0.86,15.0,0.88,345.85,0.89,181.68,0.01,0.01,2369.036492,1776290854000
1776290856.273,156.273,0.12,332.43,0.11,176.68,0.13,69.92,0.14,46.38,0.87,64.92,0.86,15.0,0.88,337.43,0.89,181.68,0.01,0.01,2369.036492,1776290854000
1776290857.062,157.062,0.12,324.43,0.11,176.68,0.13,94.92,0.14,65.02,0.87,94.92,0.86,46.38,0.88,324.43,0.89,176.68,0.01,0.01,2369.068332,1776290855000
1776290857.757,157.757,0.12,293.49,0.11,176.68,0.13,119.05,0.14,65.02,0.87,94.92,0.86,65.02,0.88,324.43,0.89,176.68,0.01,0.01,2369.341371,1776290856000
1776290858.736,158.736,0.12,199.49,0.11,144.68,0.13,129.05,0.14,115.15,0.87,119.05,0.86,65.02,0.88,293.49,0.89,176.68,0.01,0.01,2369.389829,1776290857000
1776290859.011,159.011,0.12,193.49,0.11,134.18,0.13,147.55,0.14,115.15,0.87,129.05,0.86,115.15,0.88,199.49,0.89,144.68,0.01,0.01,2369.389829,1776290857000
1776290860.028,160.028,0.12,15.5,0.11,465.68,0.13,59.05,0.14,130.77,0.87,147.55,0.86,115.15,0.88,193.49,0.89,134.18,0.01,0.01,2369.335547,1776290858000
1776290860.579,160.579,0.12,500.5,0.11,265.47,0.13,33.05,0.16,30.0,0.87,59.05,0.86,130.77,0.88,15.5,0.89,465.68,0.01,0.01,2369.303061,1776290859000
1776290862.799,162.799,0.19,400.31,0.18,109.5,0.2,63.75,0.21,145.26,0.82,54.99,0.81,23.0,0.83,10.0,0.84,15.0,0.01,0.01,2369.3292,1776290861000
1776290863.147,163.147,0.19,453.88,0.18,51.5,0.21,145.26,0.22,45.0,0.8,41.0,0.79,145.26,0.81,400.88,0.82,109.5,0.02,0.01,2369.3292,1776290861000
1776290863.567,163.567,0.2,430.5,0.19,114.88,0.21,100.11,0.22,35.0,0.79,145.26,0.78,45.0,0.81,453.88,0.82,51.5,0.01,0.02,2369.802563,1776290862000
1776290863.905,163.905,0.2,456.5,0.19,56.88,0.22,35.0,0.23,169.85,0.79,100.11,0.78,35.0,0.8,430.5,0.81,114.88,0.02,0.01,2369.802563,1776290862000
1776290864.994,164.994,0.21,333.5,0.2,134.5,0.22,17.05,0.23,174.85,0.78,35.0,0.77,169.85,0.8,456.5,0.81,56.88,0.01,0.02,2370.064261,1776290863000
1776290866.117,166.117,0.21,561.5,0.2,54.5,0.22,103.19,0.23,101.85,0.78,17.05,0.77,174.85,0.79,333.5,0.8,134.5,0.01,0.01,2370.328338,1776290864000
1776290866.702,166.702,0.22,553.39,0.21,131.5,0.23,75.91,0.24,95.0,0.77,101.85,0.76,95.0,0.78,1.89,0.79,556.5,0.01,0.01,2370.419691,1776290865000
1776290866.965,166.965,0.22,569.39,0.21,131.5,0.24,95.0,0.25,70.0,0.77,75.91,0.76,95.0,0.78,553.39,0.79,131.5,0.02,0.01,2370.419691,1776290865000
1776290867.262,167.262,0.23,239.5,0.22,431.39,0.24,100.0,0.25,75.0,0.76,95.0,0.75,70.0,0.78,569.39,0.79,131.5,0.01,0.02,2370.419691,1776290865000
1776290870.066,170.066,0.23,588.5,0.22,104.39,0.24,166.67,0.25,70.0,0.76,100.0,0.75,75.0,0.77,239.5,0.78,431.39,0.01,0.01,2370.781254,1776290869000
1776290872.244,172.244,0.23,553.8,0.22,134.39,0.25,60.0,0.26,60.0,0.76,107.67,0.75,70.0,0.77,588.5,0.78,104.39,0.02,0.01,2370.886421,1776290871000
1776290872.627,172.627,0.26,225.52,0.25,280.5,0.27,185.0,0.28,10.0,0.75,60.0,0.74,60.0,0.77,553.8,0.78,134.39,0.01,0.02,2370.886421,1776290871000
1776290874.695,174.695,0.22,126.0,0.21,286.7,0.23,14.7,0.27,535.5,0.73,185.0,0.72,10.0,0.74,225.52,0.75,280.5,0.01,0.01,2370.931883,1776290873000
1776290874.984,174.984,0.22,114.52,0.21,267.7,0.23,68.7,0.24,22.0,0.77,58.7,0.76,10.0,0.78,114.52,0.79,256.7,0.01,0.01,2370.993222,1776290874000
1776290876.327,176.327,0.2,15.5,0.19,245.5,0.23,209.2,0.24,55.5,0.77,68.7,0.76,22.0,0.78,119.52,0.79,267.7,0.03,0.01,2371.0068,1776290875000
1776290878.329,178.329,0.2,304.49,0.19,122.5,0.21,44.0,0.22,83.0,0.77,209.2,0.76,55.5,0.8,15.5,0.81,245.5,0.01,0.03,2370.692014,1776290877000
1776290878.939,178.939,0.22,552.44,0.21,101.5,0.23,0.09,0.24,58.52,0.79,44.0,0.78,83.0,0.8,304.49,0.81,122.5,0.01,0.01,2370.692014,1776290877000
1776290880.183,180.183,0.22,217.0,0.21,78.5,0.25,300.46,0.26,220.65,0.75,10.0,0.74,20.15,0.78,547.44,0.79,101.5,0.03,0.03,2370.614146,1776290879000
1776290880.571,180.571,0.22,197.0,0.21,160.5,0.23,10.21,0.24,150.5,0.75,300.46,0.74,220.65,0.78,217.0,0.79,78.5,0.01,0.03,2370.614146,1776290879000
1776290881.085,181.085,0.22,227.0,0.21,146.5,0.23,122.13,0.24,150.5,0.77,10.21,0.76,150.5,0.78,197.0,0.79,160.5,0.01,0.01,2370.614146,1776290879000
1776290881.574,181.574,0.22,483.5,0.21,99.5,0.23,115.52,0.24,20.0,0.77,122.13,0.76,150.5,0.78,227.0,0.79,146.5,0.01,0.01,2370.828326,1776290880000
1776290882.539,182.539,0.22,603.5,0.21,116.2,0.23,5.6,0.26,15.0,0.77,115.52,0.76,20.0,0.78,483.5,0.79,99.5,0.01,0.01,2370.879607,1776290881000
1776290882.818,182.818,0.25,168.35,0.24,61.5,0.26,10.0,0.27,243.0,0.74,13.42,0.73,243.0,0.76,7.0,0.77,5.4,0.01,0.02,2370.879607,1776290881000
1776290883.133,183.133,0.31,45.0,0.26,734.5,0.32,75.0,0.33,25.0,0.74,5.0,0.73,238.5,0.75,137.85,0.76,61.5,0.01,0.01,2370.879607,1776290881000
1776290883.412,183.412,0.37,342.5,0.36,25.5,0.39,1.15,0.4,50.0,0.62,35.0,0.61,65.0,0.69,89.5,0.7,26.66,0.02,0.07,2370.879607,1776290881000
1776290883.726,183.726,0.46,308.0,0.45,10.0,0.47,74.08,0.48,5.0,0.55,18.66,0.54,160.0,0.62,10.0,0.63,494.5,0.01,0.07,2370.879607,1776290881000
1776290884.029,184.029,0.46,351.31,0.45,83.0,0.5,97.12,0.51,143.03,0.53,48.87,0.52,5.0,0.54,289.31,0.55,10.0,0.04,0.01,2370.886878,1776290882000
1776290884.27,184.27,0.48,100.0,0.47,10.0,0.5,94.52,0.51,143.03,0.5,97.12,0.49,143.03,0.54,351.31,0.55,83.0,0.02,0.04,2370.886878,1776290882000
1776290884.715,184.715,0.49,307.0,0.48,22.0,0.5,20.52,0.51,164.03,0.5,50.88,0.49,153.03,0.52,100.0,0.53,10.0,0.01,0.02,2370.946158,1776290883000
1776290884.939,184.939,0.49,314.0,0.48,27.0,0.5,63.52,0.51,75.03,0.5,20.52,0.49,164.03,0.51,307.0,0.52,22.0,0.01,0.01,2371.412113,1776290884000
1776290885.276,185.276,0.49,359.0,0.48,27.0,0.5,64.0,0.51,43.03,0.5,63.52,0.49,75.03,0.51,314.0,0.52,27.0,0.01,0.01,2371.412113,1776290884000
1776290885.527,185.527,0.51,43.21,0.5,538.0,0.52,40.31,0.54,15.0,0.49,31.79,0.48,110.31,0.5,10.0,0.51,462.0,0.01,0.01,2371.412113,1776290884000
1776290886.191,186.191,0.64,185.0,0.63,10.0,0.65,4.44,0.66,60.0,0.41,292.57,0.4,25.0,0.44,46.51,0.47,215.0,0.01,0.03,2372.341798,1776290885000
1776290886.447,186.447,0.64,5.0,0.61,237.0,0.65,250.51,0.66,95.0,0.35,2.13,0.34,60.0,0.36,282.0,0.41,42.0,0.01,0.01,2372.341798,1776290885000
1776290886.737,186.737,0.61,15.0,0.53,15.0,0.62,14.83,0.63,24.0,0.38,15.0,0.37,10.0,0.39,110.67,0.46,10.0,0.01,0.01,2372.341798,1776290885000
1776290887.045,187.045,0.53,5.0,0.51,53.21,0.56,5.0,0.57,4.85,0.43,4.85,0.42,10.0,0.47,5.0,0.49,43.21,0.03,0.04,2372.341798,1776290885000
1776290887.269,187.269,0.54,10.0,0.53,15.0,0.55,8.18,0.56,0.64,0.44,15.64,0.43,9.85,0.47,5.0,0.48,10.0,0.01,0.03,2372.341798,1776290885000
1776290887.488,187.488,0.54,10.0,0.53,15.0,0.57,6.45,0.58,68.0,0.45,21.18,0.44,0.64,0.46,10.0,0.47,15.0,0.03,0.01,2372.57889,1776290886000
1776290887.756,187.756,0.54,10.0,0.53,15.0,0.55,16.0,0.56,10.0,0.45,13.0,0.43,6.45,0.46,10.0,0.47,15.0,0.01,0.01,2372.57889,1776290886000
1776290887.961,187.961,0.54,17.0,0.53,22.0,0.55,14.34,0.56,15.0,0.45,16.0,0.44,10.0,0.46,10.0,0.47,15.0,0.01,0.01,2372.57889,1776290886000
1776290888.453,188.453,0.52,190.0,0.51,53.21,0.55,45.34,0.56,72.0,0.45,14.34,0.44,15.0,0.46,17.0,0.47,22.0,0.03,0.01,2373.08374,1776290887000
1776290888.724,188.724,0.52,190.0,0.51,53.21,0.54,75.0,0.55,55.84,0.45,45.34,0.44,72.0,0.48,190.0,0.49,53.21,0.02,0.03,2373.08374,1776290887000
1776290889.132,189.132,0.53,92.0,0.52,15.0,0.58,21.5,0.59,45.09,0.46,75.0,0.45,55.84,0.48,190.0,0.49,53.21,0.05,0.02,2373.08374,1776290887000
1776290889.345,189.345,0.57,35.0,0.56,195.0,0.58,6.58,0.59,21.0,0.42,21.5,0.41,45.09,0.47,92.0,0.48,15.0,0.01,0.05,2372.758953,1776290888000
1776290889.564,189.564,0.57,24.0,0.56,195.0,0.58,21.5,0.59,21.0,0.41,21.0,0.4,89.5,0.43,35.0,0.44,195.0,0.01,0.02,2372.758953,1776290888000
1776290890.219,190.219,0.57,367.0,0.56,65.0,0.6,10.5,0.61,20.5,0.42,12.81,0.41,21.0,0.43,23.0,0.44,190.0,0.03,0.01,2372.758953,1776290888000
1776290890.607,190.607,0.59,146.43,0.58,27.0,0.6,57.5,0.61,20.5,0.4,7.5,0.39,20.5,0.41,59.0,0.42,20.0,0.01,0.01,2372.768353,1776290889000
1776290891.307,191.307,0.59,120.33,0.58,22.0,0.62,18.09,0.63,15.09,0.4,57.5,0.39,20.5,0.41,96.43,0.42,27.0,0.03,0.01,2372.768353,1776290889000
1776290891.527,191.527,0.61,50.0,0.59,164.83,0.63,1.91,0.66,75.0,0.37,7.15,0.35,145.0,0.39,50.0,0.41,211.83,0.02,0.02,2372.787196,1776290890000
1776290891.801,191.801,0.67,10.0,0.66,85.0,0.74,100.0,0.81,80.0,0.29,6.98,0.26,100.0,0.34,60.0,0.35,25.0,0.07,0.05,2372.787196,1776290890000
1776290892.042,192.042,0.67,21.33,0.66,60.0,0.81,80.0,0.83,10.0,0.26,100.0,0.19,80.0,0.33,10.0,0.34,85.0,0.14,0.07,2372.787196,1776290890000
1776290892.494,192.494,0.75,15.0,0.74,20.0,0.76,128.44,0.77,10.0,0.2,16.67,0.19,125.31,0.26,15.0,0.31,30.0,0.01,0.06,2372.926883,1776290891000
1776290892.76,192.76,0.76,5.0,0.75,10.0,0.77,87.52,0.78,10.0,0.23,124.02,0.22,10.0,0.24,5.0,0.25,10.0,0.01,0.01,2372.926883,1776290891000
1776290893.178,193.178,0.74,13.38,0.73,10.0,0.75,161.0,0.76,135.0,0.24,65.0,0.23,10.0,0.26,11.38,0.27,10.0,0.01,0.02,2373.092165,1776290892000
1776290893.546,193.546,0.74,20.0,0.73,10.0,0.76,60.0,0.77,10.0,0.25,161.0,0.24,135.0,0.26,13.38,0.27,10.0,0.02,0.01,2373.092165,1776290892000
1776290894.004,194.004,0.75,242.0,0.74,5.61,0.76,135.0,0.81,108.0,0.24,130.0,0.23,12.0,0.26,5.61,0.27,10.0,0.01,0.02,2374.159511,1776290893000
1776290894.633,194.633,0.74,10.0,0.73,68.0,0.75,40.0,0.77,33.0,0.24,130.0,0.19,50.0,0.25,225.0,0.26,5.61,0.01,0.01,2374.159511,1776290893000
1776290894.838,194.838,0.74,10.0,0.73,68.0,0.75,79.33,0.76,15.0,0.25,40.0,0.23,33.0,0.26,10.0,0.27,68.0,0.01,0.01,2374.159511,1776290893000
1776290895.117,195.117,0.7,15.0,0.69,15.0,0.71,5.44,0.72,10.0,0.25,79.33,0.24,10.0,0.35,6.4,0.36,10.0,0.01,0.1,2374.02196,1776290894000
1776290895.358,195.358,0.7,15.0,0.69,73.0,0.73,8.9,0.74,10.0,0.29,5.23,0.28,10.0,0.3,15.0,0.31,15.0,0.03,0.01,2374.02196,1776290894000
1776290895.777,195.777,0.7,240.0,0.67,10.0,0.71,65.0,0.72,10.0,0.27,8.9,0.26,10.0,0.3,15.0,0.31,73.0,0.01,0.03,2374.02196,1776290894000
1776290896.264,196.264,0.7,192.0,0.69,7.0,0.71,48.73,0.72,10.0,0.29,65.0,0.28,10.0,0.3,240.0,0.33,10.0,0.01,0.01,2374.04644,1776290895000
1776290897.221,197.221,0.7,13.8,0.69,7.0,0.71,118.73,0.72,10.0,0.29,48.73,0.28,10.0,0.3,192.0,0.31,7.0,0.01,0.01,2374.04644,1776290895000
1776290897.546,197.546,0.7,12.0,0.69,7.0,0.71,137.18,0.72,10.0,0.29,118.73,0.28,10.0,0.3,13.8,0.31,7.0,0.01,0.01,2374.058318,1776290896000
1776290897.836,197.836,0.64,10.0,0.63,205.0,0.71,106.74,0.72,10.0,0.29,163.74,0.28,10.0,0.31,7.0,0.37,55.0,0.07,0.02,2374.058318,1776290896000
1776290898.356,198.356,0.65,5.0,0.61,55.0,0.66,4.54,0.67,15.0,0.29,65.66,0.28,10.0,0.36,10.0,0.37,205.0,0.01,0.07,2374.058318,1776290896000
1776290898.569,198.569,0.65,177.0,0.61,55.0,0.67,15.0,0.68,10.0,0.34,4.54,0.33,15.0,0.35,180.0,0.39,55.0,0.02,0.01,2373.964361,1776290897000
1776290898.811,198.811,0.65,156.46,0.61,55.0,0.66,12.42,0.67,10.0,0.34,10.0,0.33,15.0,0.35,151.46,0.39,55.0,0.01,0.01,2373.964361,1776290897000
1776290900.657,200.657,0.65,178.19,0.64,11.0,0.66,6.36,0.67,10.0,0.34,10.0,0.33,10.0,0.35,146.69,0.39,55.0,0.01,0.01,2373.656043,1776290899000
1776290901.044,201.044,0.65,167.69,0.64,21.0,0.67,5.19,0.68,10.0,0.34,6.36,0.33,10.0,0.35,178.19,0.36,11.0,0.02,0.01,2373.656043,1776290899000
1776290901.593,201.593,0.69,10.0,0.68,212.0,0.71,144.66,0.72,105.0,0.33,5.19,0.32,10.0,0.35,167.69,0.36,21.0,0.02,0.02,2373.487948,1776290900000
1776290901.876,201.876,0.7,256.0,0.69,26.0,0.71,94.03,0.72,100.0,0.29,105.3,0.28,100.0,0.3,241.0,0.31,21.0,0.01,0.01,2373.478254,1776290901000
1776290902.147,202.147,0.7,221.0,0.69,31.0,0.74,10.0,0.75,145.0,0.29,54.03,0.28,100.0,0.3,251.0,0.31,31.0,0.04,0.01,2373.478254,1776290901000
1776290903.12,203.12,0.71,195.0,0.7,6.0,0.72,8.61,0.73,17.16,0.26,10.0,0.25,145.0,0.3,221.0,0.31,31.0,0.01,0.04,2373.580833,1776290902000
1776290903.551,203.551,0.69,5.0,0.68,6.0,0.71,25.0,0.72,138.23,0.28,31.23,0.27,17.16,0.29,5.0,0.31,5.0,0.02,0.01,2373.580833,1776290902000
1776290904.482,204.482,0.69,175.0,0.68,16.0,0.7,5.0,0.73,10.0,0.29,25.0,0.28,138.23,0.31,5.0,0.32,6.0,0.01,0.02,2373.759341,1776290903000
1776290904.982,204.982,0.71,180.0,0.69,35.0,0.74,27.29,0.75,145.0,0.26,10.0,0.25,145.0,0.31,185.0,0.32,16.0,0.03,0.05,2373.759341,1776290903000
1776290905.823,205.823,0.71,209.0,0.7,15.0,0.72,10.0,0.73,10.0,0.25,145.0,0.24,85.0,0.29,180.0,0.31,35.0,0.01,0.04,2373.659907,1776290904000
1776290906.306,206.306,0.71,215.0,0.7,15.0,0.73,10.0,0.74,10.0,0.28,10.0,0.27,10.0,0.29,209.0,0.3,15.0,0.02,0.01,2373.697451,1776290905000
1776290906.58,206.58,0.71,148.04,0.69,10.0,0.72,10.0,0.73,10.0,0.28,10.0,0.27,10.0,0.29,198.04,0.31,10.0,0.01,0.01,2373.697451,1776290905000
1776290906.906,206.906,0.71,8.68,0.68,280.37,0.72,15.0,0.73,57.0,0.28,10.0,0.27,10.0,0.29,148.04,0.31,10.0,0.01,0.01,2373.697451,1776290905000
1776290907.121,207.121,0.69,177.0,0.68,100.37,0.7,10.0,0.71,10.0,0.28,15.0,0.27,57.0,0.32,280.37,0.33,11.54,0.01,0.04,2373.7071,1776290906000
1776290907.49,207.49,0.69,182.0,0.68,99.37,0.7,7.85,0.71,10.0,0.3,10.0,0.29,10.0,0.31,177.0,0.32,100.37,0.01,0.01,2373.7071,1776290906000
1776290908.654,208.654,0.69,13.0,0.68,104.37,0.7,38.7,0.71,270.0,0.3,0.7,0.29,10.0,0.31,182.0,0.32,99.37,0.01,0.01,2373.75342,1776290907000
1776290909.286,209.286,0.69,215.0,0.68,152.37,0.73,48.0,0.74,25.0,0.3,43.0,0.29,30.0,0.32,294.37,0.33,15.54,0.04,0.02,2373.75342,1776290907000
1776290909.64,209.64,0.73,15.0,0.72,25.0,0.74,9.9,0.75,155.0,0.27,48.0,0.26,25.0,0.31,215.0,0.32,152.37,0.01,0.04,2373.546581,1776290908000
1776290909.96,209.96,0.72,5.0,0.71,111.02,0.73,5.24,0.74,12.1,0.26,0.1,0.25,160.0,0.27,5.0,0.28,25.0,0.01,0.01,2373.546581,1776290909000
1776290910.403,210.403,0.72,20.0,0.71,111.02,0.73,0.24,0.74,12.1,0.27,5.24,0.26,12.1,0.28,5.0,0.29,111.02,0.01,0.01,2373.546581,1776290909000
1776290912.42,212.42,0.72,3.0,0.7,11.0,0.73,44.24,0.74,23.1,0.27,4.48,0.26,0.1,0.28,115.55,0.29,16.0,0.01,0.01,2373.783689,1776290911000
1776290912.633,212.633,0.7,28.0,0.69,11.0,0.71,10.0,0.72,10.0,0.27,44.24,0.26,23.1,0.3,8.0,0.31,81.57,0.01,0.03,2373.783689,1776290911000
1776290913.339,213.339,0.7,23.0,0.69,21.0,0.71,5.76,0.72,10.0,0.29,10.0,0.28,10.0,0.3,23.0,0.31,11.0,0.01,0.01,2373.652337,1776290912000
1776290914.528,214.528,0.7,74.49,0.69,36.0,0.71,10.76,0.72,16.0,0.29,5.76,0.28,10.0,0.3,23.0,0.31,21.0,0.01,0.01,2373.556401,1776290913000
1776290915.408,215.408,0.7,68.49,0.69,42.0,0.71,14.0,0.72,16.0,0.29,10.76,0.28,16.0,0.3,62.49,0.31,36.0,0.01,0.01,2373.544537,1776290914000
1776290915.773,215.773,0.7,63.49,0.69,42.0,0.71,8.0,0.72,16.0,0.29,14.0,0.28,16.0,0.3,68.49,0.31,42.0,0.01,0.01,2373.544537,1776290914000
1776290916.145,216.145,0.7,57.49,0.69,42.0,0.71,8.0,0.72,38.5,0.29,8.0,0.28,16.0,0.3,63.49,0.31,42.0,0.01,0.01,2373.516703,1776290915000
1776290917.911,217.911,0.7,83.49,0.69,48.0,0.71,27.0,0.72,176.5,0.29,5.0,0.28,38.5,0.3,62.49,0.31,42.0,0.01,0.01,2373.51392,1776290916000
1776290918.286,218.286,0.69,37.0,0.67,74.04,0.71,217.0,0.72,195.5,0.29,27.0,0.28,176.5,0.3,83.49,0.31,48.0,0.02,0.01,2373.48115,1776290917000
1776290919.438,219.438,0.69,115.09,0.68,93.87,0.7,32.42,0.71,207.0,0.29,227.5,0.28,195.5,0.31,37.0,0.33,74.04,0.01,0.02,2373.511039,1776290918000
1776290919.703,219.703,0.69,115.09,0.68,104.37,0.7,32.05,0.71,207.0,0.3,32.06,0.29,207.0,0.31,115.09,0.32,93.87,0.01,0.01,2373.511039,1776290918000
1776290921.908,221.908,0.69,305.09,0.68,92.17,0.7,30.62,0.71,27.0,0.3,32.05,0.29,207.0,0.31,115.09,0.32,104.37,0.01,0.01,2373.4584,1776290920000
1776290922.578,222.578,0.69,57.09,0.68,82.17,0.7,29.92,0.71,27.0,0.3,30.62,0.29,27.0,0.31,305.09,0.32,92.17,0.01,0.01,2373.459297,1776290921000
1776290922.868,222.868,0.69,46.09,0.68,56.67,0.7,56.92,0.71,396.0,0.3,29.92,0.29,27.0,0.31,57.09,0.32,82.17,0.01,0.01,2373.459297,1776290921000
1776290923.342,223.342,0.65,0.66,0.63,10.0,0.68,24.0,0.69,63.0,0.3,227.43,0.29,396.0,0.32,44.31,0.33,5.54,0.03,0.02,2373.496775,1776290922000
1776290924.338,224.338,0.62,190.0,0.61,147.44,0.63,4.93,0.64,12.0,0.32,24.0,0.31,45.0,0.38,10.0,0.39,25.0,0.01,0.06,2373.496775,1776290922000
1776290926.101,226.101,0.59,14.9,0.58,155.9,0.61,15.0,0.62,277.0,0.37,3.68,0.36,12.0,0.38,190.0,0.39,147.44,0.02,0.01,2373.40875,1776290924000
1776290926.391,226.391,0.59,4.9,0.58,155.9,0.6,8.9,0.61,27.0,0.39,15.0,0.38,277.0,0.41,14.9,0.42,155.9,0.01,0.02,2373.40875,1776290924000
1776290926.948,226.948,0.57,50.0,0.56,50.0,0.6,48.9,0.61,265.0,0.4,8.9,0.39,27.0,0.41,4.9,0.42,155.9,0.03,0.01,2373.124595,1776290925000
1776290927.366,227.366,0.56,5.0,0.55,25.0,0.58,10.0,0.59,22.0,0.4,48.9,0.39,265.0,0.43,50.0,0.44,50.0,0.02,0.03,2373.124595,1776290925000
1776290928.288,228.288,0.55,5.0,0.52,50.0,0.56,7.96,0.57,10.0,0.42,10.0,0.41,22.0,0.44,5.0,0.45,25.0,0.01,0.02,2372.93345,1776290927000
1776290928.545,228.545,0.53,8.03,0.52,50.0,0.55,10.0,0.56,29.96,0.44,7.96,0.43,10.0,0.45,5.0,0.48,50.0,0.02,0.01,2372.93345,1776290927000
1776290928.916,228.916,0.53,29.91,0.52,65.82,0.55,195.0,0.56,41.96,0.45,10.0,0.44,29.96,0.47,6.74,0.48,50.0,0.02,0.02,2372.93345,1776290927000
1776290929.246,229.246,0.53,5.0,0.52,77.64,0.54,9.87,0.55,190.0,0.45,190.0,0.44,41.96,0.48,65.82,0.49,63.21,0.01,0.03,2372.93345,1776290927000
1776290929.679,229.679,0.53,53.77,0.52,65.0,0.54,8.8,0.55,224.0,0.46,8.8,0.45,202.0,0.47,5.0,0.48,77.64,0.01,0.01,2372.93345,1776290927000
1776290929.943,229.943,0.53,57.06,0.52,65.0,0.54,8.8,0.55,102.0,0.46,8.8,0.45,44.0,0.47,48.36,0.48,65.0,0.01,0.01,2372.702643,1776290928000
1776290930.888,230.888,0.53,0.06,0.52,10.0,0.54,225.8,0.55,107.0,0.46,8.8,0.45,102.0,0.47,57.06,0.48,60.0,0.01,0.01,2372.566277,1776290929000
1776290931.202,231.202,0.52,10.0,0.51,131.71,0.54,283.63,0.55,49.0,0.46,225.8,0.45,107.0,0.47,0.06,0.48,10.0,0.02,0.01,2372.566277,1776290929000
1776290931.569,231.569,0.53,44.48,0.52,10.0,0.54,225.49,0.55,117.5,0.46,230.49,0.45,107.0,0.48,10.0,0.49,131.71,0.01,0.02,2372.557361,1776290930000
1776290931.845,231.845,0.52,10.0,0.51,63.21,0.54,225.49,0.55,59.5,0.46,225.49,0.45,117.5,0.47,44.48,0.48,10.0,0.02,0.01,2372.557361,1776290930000
1776290932.126,232.126,0.52,10.0,0.51,121.21,0.54,216.23,0.55,59.5,0.46,225.49,0.45,59.5,0.48,10.0,0.49,63.21,0.02,0.02,2372.557361,1776290930000
1776290932.326,232.326,0.52,10.0,0.51,68.21,0.53,9.88,0.54,89.09,0.46,89.59,0.45,59.5,0.48,10.0,0.49,68.21,0.01,0.02,2372.557361,1776290930000
1776290933.314,233.314,0.52,76.82,0.51,126.21,0.53,215.58,0.54,33.09,0.47,255.99,0.46,33.09,0.48,62.93,0.49,68.21,0.01,0.01,2372.454009,1776290931000
1776290933.63,233.63,0.52,66.82,0.51,68.21,0.53,221.23,0.54,43.59,0.47,215.23,0.46,33.09,0.48,76.82,0.49,126.21,0.01,0.01,2372.454009,1776290931000
1776290933.84,233.84,0.52,67.09,0.51,68.21,0.53,214.88,0.54,33.09,0.47,214.88,0.46,33.09,0.48,76.82,0.49,68.21,0.01,0.01,2372.474551,1776290932000
1776290934.497,234.497,0.51,120.02,0.5,75.5,0.53,267.88,0.54,33.09,0.47,214.88,0.46,33.09,0.49,57.93,0.5,70.5,0.02,0.02,2372.4867,1776290933000
1776290934.858,234.858,0.47,35.0,0.46,170.0,0.52,300.0,0.53,306.77,0.47,267.88,0.46,33.09,0.49,120.02,0.5,75.5,0.05,0.02,2372.4867,1776290933000
1776290935.677,235.677,0.46,170.0,0.45,110.0,0.48,209.94,0.49,15.0,0.48,295.0,0.47,306.77,0.53,35.0,0.54,170.0,0.02,0.05,2372.449009,1776290934000
1776290935.883,235.883,0.46,182.64,0.45,110.0,0.47,8.73,0.48,200.54,0.53,9.72,0.52,200.54,0.54,163.64,0.55,110.0,0.01,0.01,2372.449009,1776290934000
1776290936.585,236.585,0.45,105.0,0.44,25.0,0.48,23.69,0.49,15.0,0.53,8.73,0.52,200.54,0.54,182.64,0.55,110.0,0.03,0.01,2372.449009,1776290934000
1776290937.181,237.181,0.43,20.5,0.42,10.0,0.45,9.88,0.46,27.0,0.52,23.69,0.51,15.0,0.55,105.0,0.56,25.0,0.02,0.03,2372.429545,1776290935000
1776290937.576,237.576,0.43,19.19,0.42,10.0,0.45,9.88,0.46,27.0,0.55,9.88,0.54,27.0,0.57,20.5,0.58,10.0,0.02,0.02,2372.342545,1776290936000
1776290938.957,238.957,0.4,5.0,0.38,38.0,0.42,6.64,0.43,47.02,0.55,9.88,0.54,27.0,0.57,19.14,0.58,10.0,0.02,0.02,2372.310987,1776290937000
1776290939.208,239.208,0.4,0.83,0.39,5.0,0.41,10.0,0.42,216.64,0.58,211.64,0.57,37.02,0.61,5.0,0.62,10.0,0.01,0.03,2372.310987,1776290937000
1776290939.521,239.521,0.37,4.6,0.36,60.0,0.4,10.0,0.41,500.0,0.59,10.0,0.58,216.64,0.6,0.83,0.61,5.0,0.03,0.01,2372.310987,1776290937000
1776290940.163,240.163,0.39,15.41,0.38,25.5,0.4,15.0,0.41,320.0,0.6,10.0,0.59,500.0,0.63,4.6,0.64,60.0,0.01,0.03,2372.157081,1776290938000
1776290940.455,240.455,0.38,5.0,0.37,4.6,0.4,327.0,0.41,39.02,0.6,15.0,0.59,320.0,0.61,15.41,0.62,25.5,0.02,0.01,2372.071123,1776290939000
1776290940.727,240.727,0.36,50.52,0.35,10.0,0.38,180.0,0.39,25.0,0.61,202.61,0.6,312.0,0.63,4.6,0.64,60.0,0.02,0.02,2372.071123,1776290939000
1776290941.017,241.017,0.37,10.0,0.36,50.52,0.38,193.13,0.39,30.0,0.62,180.0,0.61,25.0,0.64,50.52,0.65,10.0,0.01,0.02,2372.071123,1776290939000
1776290941.267,241.267,0.36,0.36,0.35,10.0,0.38,185.23,0.39,30.0,0.62,190.23,0.61,30.0,0.63,10.0,0.64,50.52,0.02,0.01,2371.96076,1776290940000
1776290942.191,242.191,0.35,5.04,0.34,10.0,0.37,208.0,0.38,35.0,0.62,185.23,0.61,30.0,0.64,0.36,0.65,10.0,0.02,0.02,2371.96076,1776290940000
1776290942.436,242.436,0.34,5.98,0.33,10.0,0.36,180.0,0.37,28.0,0.63,33.0,0.62,35.0,0.65,0.48,0.66,10.0,0.02,0.02,2371.96076,1776290940000
1776290942.677,242.677,0.34,0.82,0.33,10.0,0.36,218.55,0.37,23.0,0.64,213.55,0.63,23.0,0.65,10.0,0.66,5.98,0.02,0.01,2371.96076,1776290940000
1776290942.941,242.941,0.35,2.69,0.34,0.82,0.36,223.55,0.37,35.0,0.64,218.55,0.63,23.0,0.66,0.82,0.67,10.0,0.01,0.02,2371.858176,1776290941000
1776290943.204,243.204,0.33,10.0,0.32,46.5,0.36,213.55,0.37,25.0,0.64,223.55,0.63,35.0,0.65,2.69,0.66,0.82,0.03,0.01,2371.858176,1776290941000
1776290943.769,243.769,0.35,8.3,0.34,10.0,0.36,213.55,0.37,35.0,0.64,213.55,0.63,25.0,0.67,10.0,0.68,46.5,0.01,0.03,2371.866395,1776290942000
1776290944.002,244.002,0.35,8.3,0.34,10.0,0.36,215.21,0.37,35.0,0.64,213.55,0.63,35.0,0.65,8.3,0.66,10.0,0.01,0.01,2371.866395,1776290942000
1776290945.675,245.675,0.35,8.3,0.34,10.0,0.4,219.16,0.41,29.02,0.64,215.21,0.63,35.0,0.65,9.34,0.66,10.0,0.05,0.01,2371.873234,1776290944000
1776290946.257,246.257,0.44,233.0,0.43,21.0,0.48,4.01,0.54,10.0,0.6,228.16,0.59,28.19,0.63,10.0,0.64,10.0,0.04,0.03,2371.897398,1776290945000
1776290946.549,246.549,0.54,10.0,0.53,10.0,0.55,1.0,0.56,59.9,0.44,59.9,0.43,33.02,0.55,7.01,0.56,233.0,0.01,0.11,2371.897398,1776290945000
1776290946.805,246.805,0.54,0.59,0.53,21.0,0.55,10.0,0.56,59.9,0.45,1.0,0.44,59.9,0.46,10.0,0.47,10.0,0.01,0.01,2371.897398,1776290945000
1776290947.017,247.017,0.54,5.0,0.52,15.0,0.55,229.16,0.56,60.0,0.45,4.95,0.44,10.0,0.46,5.59,0.47,11.0,0.01,0.01,2371.897398,1776290945000
1776290947.463,247.463,0.45,10.0,0.44,21.0,0.47,9.37,0.48,10.0,0.45,211.16,0.44,60.0,0.59,55.0,0.6,110.0,0.02,0.14,2371.903665,1776290946000
1776290948.247,248.247,0.48,264.0,0.47,15.0,0.56,100.0,0.57,8.02,0.53,3.96,0.52,10.0,0.55,10.0,0.56,21.0,0.08,0.02,2372.040464,1776290947000
1776290950.224,250.224,0.53,5.0,0.51,25.0,0.55,20.0,0.56,53.97,0.44,25.0,0.42,51.0,0.45,14.0,0.46,16.0,0.02,0.01,2372.262553,1776290948000
1776290950.786,250.786,0.51,5.0,0.47,50.0,0.54,205.32,0.55,32.0,0.45,20.0,0.44,53.97,0.47,5.0,0.49,25.0,0.03,0.02,2372.268279,1776290949000
1776290951.478,251.478,0.53,242.15,0.52,29.0,0.54,0.16,0.55,13.97,0.46,30.16,0.45,17.0,0.47,6.15,0.48,15.0,0.01,0.01,2372.40495,1776290950000
1776290952.165,252.165,0.57,0.16,0.54,5.0,0.59,25.0,0.61,200.0,0.44,37.02,0.43,50.0,0.47,242.15,0.48,29.0,0.02,0.03,2372.372025,1776290951000
1776290952.56,252.56,0.56,35.38,0.55,5.0,0.61,150.0,0.62,20.0,0.41,25.0,0.39,200.0,0.43,0.16,0.46,5.0,0.05,0.02,2372.372025,1776290951000
1776290953.193,253.193,0.61,66.19,0.6,5.0,0.64,11.19,0.66,105.0,0.39,150.0,0.38,20.0,0.44,20.88,0.45,5.0,0.03,0.05,2372.372025,1776290951000
1776290954.177,254.177,0.65,12.05,0.64,15.0,0.67,150.0,0.69,25.0,0.36,11.19,0.34,105.0,0.39,58.0,0.4,5.0,0.02,0.03,2372.480733,1776290952000
1776290954.486,254.486,0.65,6.9,0.64,15.0,0.69,25.0,0.7,50.0,0.33,150.0,0.31,25.0,0.35,12.05,0.36,15.0,0.04,0.02,2373.1422,1776290953000
1776290955.066,255.066,0.69,51.0,0.68,29.0,0.7,13.28,0.71,95.0,0.31,25.0,0.3,50.0,0.35,6.9,0.36,15.0,0.01,0.04,2373.2306,1776290954000
1776290955.269,255.269,0.69,22.0,0.68,29.0,0.7,15.0,0.71,95.0,0.3,13.28,0.29,95.0,0.31,51.0,0.32,29.0,0.01,0.01,2373.2306,1776290954000
1776290955.584,255.584,0.68,29.0,0.67,19.0,0.7,12.72,0.71,95.0,0.3,12.72,0.29,95.0,0.31,17.0,0.32,29.0,0.02,0.01,2373.2306,1776290954000
1776290956.519,256.519,0.69,11.0,0.68,15.0,0.7,7.04,0.71,105.0,0.3,12.72,0.29,95.0,0.32,29.0,0.33,19.0,0.01,0.02,2373.1845,1776290955000
1776290956.906,256.906,0.69,41.0,0.68,36.0,0.7,15.1,0.71,105.0,0.3,7.04,0.29,105.0,0.31,11.0,0.32,15.0,0.01,0.01,2373.1845,1776290955000
1776290959.204,259.204,0.73,20.52,0.72,118.46,0.74,360.0,0.75,195.0,0.3,15.1,0.29,105.0,0.31,41.0,0.32,36.0,0.01,0.01,2373.128858,1776290958000
1776290959.935,259.935,0.73,21.81,0.72,118.46,0.74,200.0,0.75,195.0,0.26,360.0,0.25,195.0,0.27,20.52,0.28,118.46,0.01,0.01,2373.128858,1776290958000
1776290960.674,260.674,0.74,22.15,0.73,82.41,0.75,25.0,0.76,110.0,0.26,200.0,0.25,195.0,0.27,21.81,0.28,118.46,0.01,0.01,2373.4526,1776290959000
1776290961.938,261.938,0.76,44.88,0.75,16.0,0.77,75.0,0.78,571.0,0.24,110.0,0.23,125.6,0.26,17.15,0.27,82.41,0.01,0.02,2373.484861,1776290960000
1776290963.559,263.559,0.77,62.02,0.76,23.83,0.78,326.0,0.79,21.7,0.23,75.0,0.22,571.0,0.24,44.88,0.25,16.0,0.01,0.01,2373.525863,1776290962000
1776290965.446,265.446,0.79,13.44,0.78,19.61,0.8,35.05,0.81,110.0,0.22,326.0,0.21,21.7,0.23,62.02,0.24,23.83,0.01,0.01,2373.522323,1776290964000
1776290965.669,265.669,0.78,2.61,0.76,10.0,0.79,20.71,0.8,20.05,0.21,25.54,0.2,30.05,0.22,2.61,0.24,10.0,0.01,0.01,2373.522323,1776290964000
1776290965.972,265.972,0.76,3.0,0.75,15.0,0.78,20.0,0.79,28.81,0.24,27.39,0.21,18.81,0.25,10.0,0.26,30.0,0.02,0.01,2373.522323,1776290964000
1776290966.386,266.386,0.77,10.0,0.76,107.17,0.78,6.42,0.79,18.81,0.22,12.42,0.21,18.81,0.23,10.0,0.24,102.17,0.01,0.01,2373.522323,1776290965000
1776290967.447,267.447,0.76,131.08,0.75,15.0,0.77,1.93,0.78,5.63,0.23,8.01,0.22,15.63,0.25,15.0,0.26,30.0,0.01,0.02,2373.525578,1776290966000
1776290967.692,267.692,0.76,131.08,0.75,5.0,0.77,3.59,0.78,5.63,0.23,4.33,0.22,5.63,0.24,131.08,0.25,5.0,0.01,0.01,2373.525578,1776290966000
1776290967.967,267.967,0.76,66.64,0.75,15.0,0.77,10.0,0.78,5.63,0.22,15.63,0.21,13.81,0.24,71.58,0.25,5.0,0.01,0.02,2373.525578,1776290966000
1776290968.338,268.338,0.76,56.64,0.74,20.0,0.77,30.0,0.78,10.63,0.23,10.0,0.22,5.63,0.24,66.64,0.25,15.0,0.01,0.01,2373.365961,1776290967000
1776290968.691,268.691,0.73,65.0,0.72,20.0,0.75,239.0,0.76,23.17,0.23,229.0,0.22,5.63,0.26,17.0,0.27,65.0,0.02,0.03,2373.365961,1776290967000
1776290969.444,269.444,0.73,31.69,0.72,20.0,0.74,4.57,0.75,44.0,0.26,196.29,0.25,32.0,0.27,65.0,0.28,20.0,0.01,0.01,2373.331875,1776290968000
1776290969.648,269.648,0.73,41.69,0.72,30.0,0.74,0.6,0.75,12.0,0.25,12.0,0.24,34.0,0.27,26.69,0.28,20.0,0.01,0.02,2373.331875,1776290968000
1776290970.129,270.129,0.76,25.0,0.75,118.63,0.78,9.88,0.79,91.15,0.22,107.56,0.21,62.81,0.26,10.0,0.27,46.69,0.02,0.04,2373.331875,1776290968000
1776290970.488,270.488,0.76,36.69,0.75,118.63,0.77,8.78,0.78,39.88,0.22,9.88,0.21,91.15,0.24,25.0,0.25,118.63,0.01,0.02,2373.124462,1776290969000
1776290971.245,271.245,0.76,30.69,0.75,108.63,0.77,13.78,0.78,39.05,0.23,8.78,0.22,39.88,0.24,36.69,0.25,118.63,0.01,0.01,2373.04198,1776290970000
1776290971.54,271.54,0.76,29.69,0.75,108.63,0.77,2.61,0.78,39.05,0.23,7.61,0.22,39.05,0.24,35.69,0.25,108.63,0.01,0.01,2373.04198,1776290970000
1776290971.795,271.795,0.76,22.19,0.75,108.63,0.77,0.39,0.78,38.88,0.23,2.61,0.22,39.05,0.24,23.69,0.25,108.63,0.01,0.01,2373.04198,1776290970000
1776290973.09,273.09,0.76,13.19,0.75,108.63,0.77,36.0,0.78,50.88,0.22,43.88,0.21,52.15,0.24,15.19,0.25,108.63,0.01,0.02,2373.04637,1776290971000
1776290973.498,273.498,0.76,18.19,0.75,118.63,0.77,34.08,0.78,100.88,0.23,36.0,0.22,50.88,0.24,13.19,0.25,108.63,0.01,0.01,2373.04637,1776290971000
1776290974.195,274.195,0.76,23.19,0.75,118.63,0.78,65.88,0.79,106.26,0.23,34.08,0.22,100.88,0.24,18.19,0.25,118.63,0.02,0.01,2372.997752,1776290972000
1776290975.717,275.717,0.77,17.0,0.76,23.19,0.79,12.81,0.8,50.0,0.22,65.88,0.21,106.26,0.24,23.19,0.25,118.63,0.02,0.02,2372.971785,1776290974000
1776290976.001,276.001,0.78,25.0,0.77,27.0,0.8,58.46,0.81,95.0,0.2,58.56,0.19,95.0,0.22,25.0,0.23,27.0,0.02,0.02,2372.971785,1776290974000
1776290977.56,277.56,0.82,15.0,0.81,119.37,0.84,60.0,0.85,150.0,0.2,50.0,0.19,95.0,0.21,10.0,0.22,20.0,0.02,0.01,2372.976404,1776290976000
1776290978.283,278.283,0.9,402.17,0.89,10.0,0.92,3.98,0.94,29.02,0.16,60.0,0.15,150.0,0.18,15.0,0.19,119.37,0.02,0.02,2372.976404,1776290976000
1776290978.568,278.568,0.9,417.17,0.89,10.0,0.97,97.91,0.98,270.0,0.04,3.86,0.03,111.09,0.1,407.17,0.11,10.0,0.07,0.06,2372.976404,1776290976000
1776290978.907,278.907,0.97,307.0,0.96,277.0,0.99,792.0,,,0.01,806.6,,,0.03,49.0,0.04,262.0,0.02,0.02,2373.24835,1776290977000
1776290979.194,279.194,0.97,238.4,0.96,289.0,,,,,0.01,718.83,,,0.03,218.4,0.04,289.0,,0.02,2373.24835,1776290977000
1776290979.514,279.514,0.99,314.69,0.98,15.14,,,,,,,,,0.01,207.69,0.03,215.06,,,2373.301963,1776290978000
1776290979.724,279.724,0.99,806.76,0.98,15.14,,,,,,,,,0.01,312.73,0.02,15.14,,,2373.301963,1776290978000
1776290979.963,279.963,0.99,799.15,0.98,15.14,,,,,,,,,0.01,801.8,0.02,15.14,,,2373.301963,1776290978000
1776290980.312,280.312,0.99,775.81,0.98,15.14,,,,,,,,,0.01,799.15,0.02,15.14,,,2373.301963,1776290978000
1776290981.106,281.106,0.99,1270.69,0.98,15.14,,,,,,,,,0.01,775.81,0.02,15.14,,,2376.470451,1776290979000
1776290981.44,281.44,0.99,1235.69,0.98,15.14,,,,,,,,,0.01,1270.69,0.02,15.14,,,2376.470451,1776290979000
1776290982.307,282.307,0.99,1087.78,0.98,15.14,,,,,,,,,0.01,1235.69,0.02,15.14,,,2377.686073,1776290981000
1776290982.978,282.978,0.99,1172.7,0.98,15.14,,,,,,,,,0.01,1087.78,0.02,15.14,,,2377.686073,1776290981000
1776290984.214,284.214,0.99,1811.55,0.98,21.14,,,,,,,,,0.01,1172.7,0.02,15.14,,,2377.862607,1776290983000
1776290985.904,285.904,0.99,1817.39,0.98,21.14,,,,,,,,,0.01,1811.55,0.02,21.14,,,2377.926797,1776290984000
1776290989.15,289.15,0.99,2156.56,0.98,21.14,,,,,,,,,0.01,1817.39,0.02,21.14,,,2378.394465,1776290988000
1776290990.95,290.95,0.99,2341.63,0.98,21.14,,,,,,,,,0.01,2156.56,0.02,21.14,,,2379.307392,1776290989000
1776290992.603,292.603,0.99,2359.95,0.98,21.14,,,,,,,,,0.01,2341.63,0.02,21.14,,,2379.6375,1776290990000
1776290994.714,294.714,0.99,2488.99,0.98,21.14,,,,,,,,,0.01,2359.95,0.02,21.14,,,2379.565615,1776290993000
1776290995.493,295.493,0.99,2218.21,0.98,21.14,,,,,,,,,0.01,2488.99,0.02,21.14,,,2379.57709,1776290994000
1776290996.441,296.441,0.99,1639.26,0.98,21.14,,,,,,,,,0.01,2218.21,0.02,21.14,,,2380.164732,1776290995000
1776290999.648,299.648,0.99,23970.9,0.98,139.14,,,,,,,,,0.01,1639.26,0.02,21.14,,,2380.29273,1776290998000
1776291000.464,300.464,0.99,63546.87,0.98,139.14,,,,,,,,,0.01,23970.9,0.02,139.14,,,2380.113852,1776290999000

# RESULT,winner=Up,slug=eth-updown-5m-1776290700,ticks=403
