timestamp,elapsed_sec,up_bid_p1,up_bid_s1,up_bid_p2,up_bid_s2,up_ask_p1,up_ask_s1,up_ask_p2,up_ask_s2,down_bid_p1,down_bid_s1,down_bid_p2,down_bid_s2,down_ask_p1,down_ask_s1,down_ask_p2,down_ask_s2,up_spread,down_spread,eth_price,eth_oracle_ts
1776360301.326,1.326,0.5,13.7,0.49,50.0,0.54,75.0,0.55,70.0,0.46,147.22,0.4,48.0,0.5,17.6,0.51,25.0,0.04,0.04,2324.62173,1776360300000
1776360301.679,1.679,0.5,13.7,0.49,50.0,0.52,5.74,0.54,175.0,0.46,75.0,0.45,70.0,0.5,13.7,0.51,50.0,0.02,0.04,2324.62173,1776360300000
1776360302.326,2.326,0.51,10.0,0.5,88.7,0.55,98.88,0.56,100.0,0.48,0.74,0.46,175.0,0.5,13.7,0.51,50.0,0.04,0.02,2324.62173,1776360300000
1776360303.058,3.058,0.56,73.75,0.55,205.0,0.6,35.0,0.61,105.0,0.43,25.0,0.42,25.0,0.46,1.93,0.48,70.0,0.04,0.03,2324.51084,1776360301000
1776360303.389,3.389,0.59,10.0,0.58,15.0,0.6,133.1,0.61,205.0,0.4,135.0,0.39,195.0,0.42,15.0,0.43,15.0,0.01,0.02,2324.720656,1776360302000
1776360304.172,4.172,0.57,15.0,0.56,10.0,0.59,131.76,0.6,141.5,0.4,126.5,0.39,205.0,0.41,10.0,0.42,15.0,0.02,0.01,2324.720656,1776360302000
1776360304.438,4.438,0.57,10.0,0.56,10.0,0.58,103.27,0.59,140.0,0.41,131.76,0.4,141.5,0.43,15.0,0.44,10.0,0.01,0.02,2325.039912,1776360303000
1776360304.815,4.815,0.55,15.0,0.54,40.0,0.56,103.21,0.57,105.0,0.42,100.16,0.41,135.0,0.43,10.0,0.44,10.0,0.01,0.01,2325.039912,1776360303000
1776360305.153,5.153,0.55,11.08,0.54,40.0,0.56,96.73,0.57,105.0,0.44,96.73,0.43,105.0,0.45,15.0,0.46,40.0,0.01,0.01,2325.5457,1776360304000
1776360306.625,6.625,0.54,5.91,0.53,15.0,0.55,105.0,0.56,138.46,0.44,93.46,0.43,110.0,0.45,8.85,0.46,40.0,0.01,0.01,2325.531474,1776360305000
1776360306.958,6.958,0.53,15.0,0.52,55.0,0.54,124.29,0.55,140.0,0.45,105.0,0.44,138.46,0.46,5.91,0.47,15.0,0.01,0.01,2325.531474,1776360305000
1776360307.185,7.185,0.53,10.0,0.52,45.0,0.54,115.74,0.55,125.0,0.46,124.29,0.45,140.0,0.47,15.0,0.48,55.0,0.01,0.01,2325.429453,1776360306000
1776360307.756,7.756,0.53,10.0,0.52,50.0,0.54,117.79,0.55,145.0,0.46,115.74,0.45,125.0,0.47,10.0,0.48,45.0,0.01,0.01,2325.429453,1776360306000
1776360308.281,8.281,0.53,10.74,0.52,60.0,0.54,107.79,0.55,115.0,0.46,117.79,0.45,145.0,0.47,7.87,0.48,50.0,0.01,0.01,2325.082554,1776360307000
1776360309.578,9.578,0.5,1.54,0.49,25.0,0.52,145.0,0.53,130.0,0.46,107.79,0.45,115.0,0.47,10.74,0.48,60.0,0.02,0.01,2325.024372,1776360308000
1776360310.121,10.121,0.49,21.94,0.48,150.0,0.5,120.2,0.51,125.5,0.5,109.7,0.49,120.0,0.51,25.0,0.52,150.0,0.01,0.01,2325.024372,1776360308000
1776360310.392,10.392,0.49,8.99,0.48,267.0,0.5,120.2,0.51,267.5,0.5,120.2,0.49,135.71,0.51,29.99,0.52,267.0,0.01,0.01,2325.001036,1776360309000
1776360310.806,10.806,0.49,6.21,0.48,277.5,0.5,120.2,0.51,272.8,0.5,120.2,0.49,272.8,0.51,5.14,0.52,267.0,0.01,0.01,2325.001036,1776360309000
1776360311.249,11.249,0.48,274.84,0.47,80.5,0.5,165.2,0.51,272.5,0.5,120.2,0.49,272.8,0.51,6.21,0.52,277.5,0.02,0.01,2324.804286,1776360310000
1776360311.634,11.634,0.49,26.0,0.48,284.84,0.52,213.5,0.53,110.0,0.5,165.2,0.49,272.5,0.52,274.84,0.53,80.5,0.03,0.02,2324.804286,1776360310000
1776360311.853,11.853,0.5,5.0,0.49,5.0,0.52,243.5,0.53,110.0,0.48,213.5,0.47,110.0,0.51,26.0,0.52,284.84,0.02,0.03,2324.804286,1776360310000
1776360312.275,12.275,0.5,3.14,0.49,30.5,0.51,15.0,0.52,10.0,0.49,10.0,0.48,66.19,0.51,20.5,0.52,285.26,0.01,0.02,2324.471481,1776360311000
1776360312.627,12.627,0.49,12.69,0.48,268.26,0.51,23.03,0.52,101.0,0.49,18.03,0.48,10.0,0.5,3.14,0.51,20.5,0.02,0.01,2324.471481,1776360311000
1776360313.458,13.458,0.48,147.34,0.47,180.5,0.49,57.43,0.5,162.5,0.5,13.0,0.49,36.08,0.51,12.69,0.52,385.26,0.01,0.01,2324.39426,1776360312000
1776360313.734,13.734,0.48,144.34,0.47,297.5,0.49,44.7,0.5,35.5,0.51,57.43,0.5,162.5,0.52,147.34,0.53,180.5,0.01,0.01,2324.39426,1776360312000
1776360313.939,13.939,0.48,151.45,0.47,317.5,0.49,30.5,0.5,50.5,0.51,44.7,0.5,35.5,0.52,144.34,0.53,297.5,0.01,0.01,2324.615689,1776360313000
1776360314.21,14.21,0.48,136.24,0.47,210.5,0.49,30.5,0.5,50.5,0.51,30.5,0.5,50.5,0.52,148.17,0.53,210.5,0.01,0.01,2324.615689,1776360313000
1776360314.532,14.532,0.48,136.24,0.47,337.5,0.49,42.41,0.5,50.5,0.51,30.5,0.5,50.5,0.52,136.24,0.53,210.5,0.01,0.01,2324.615689,1776360313000
1776360315.629,15.629,0.48,266.02,0.47,237.5,0.49,20.0,0.5,60.5,0.51,42.41,0.5,50.5,0.52,136.24,0.53,337.5,0.01,0.01,2324.598158,1776360314000
1776360316.646,16.646,0.48,95.4,0.47,337.5,0.49,35.5,0.5,173.5,0.51,20.0,0.5,60.5,0.52,266.02,0.53,237.5,0.01,0.01,2324.449055,1776360315000
1776360317.142,17.142,0.48,93.4,0.47,344.5,0.49,45.5,0.5,167.5,0.51,35.5,0.5,173.5,0.52,95.4,0.53,337.5,0.01,0.01,2324.449055,1776360316000
1776360317.553,17.553,0.48,93.4,0.47,344.5,0.49,41.0,0.5,167.5,0.51,43.05,0.5,167.5,0.52,93.4,0.53,344.5,0.01,0.01,2324.449055,1776360316000
1776360319.379,19.379,0.52,39.2,0.51,115.0,0.54,52.79,0.55,25.0,0.51,41.0,0.5,167.5,0.52,93.4,0.53,344.5,0.02,0.01,2324.433136,1776360318000
1776360319.975,19.975,0.52,15.0,0.51,135.5,0.53,5.0,0.54,10.0,0.46,52.79,0.45,25.0,0.48,39.2,0.49,115.0,0.01,0.02,2324.433136,1776360318000
1776360320.23,20.23,0.52,12.0,0.51,10.0,0.53,16.09,0.54,32.5,0.47,4.82,0.46,32.5,0.48,5.0,0.49,5.0,0.01,0.01,2324.433136,1776360318000
1776360321.475,21.475,0.5,5.0,0.49,125.0,0.51,35.33,0.52,37.5,0.47,16.09,0.46,32.5,0.48,12.0,0.49,10.0,0.01,0.01,2324.760284,1776360320000
1776360321.792,21.792,0.5,3.0,0.49,25.0,0.51,201.33,0.52,55.5,0.49,35.33,0.48,37.5,0.5,5.0,0.51,125.0,0.01,0.01,2324.760284,1776360320000
1776360322.48,22.48,0.48,103.4,0.47,115.0,0.5,182.2,0.51,184.38,0.49,201.33,0.48,55.5,0.51,25.0,0.52,213.9,0.02,0.02,2324.826625,1776360321000
1776360323.234,23.234,0.48,1.43,0.47,115.0,0.49,193.31,0.5,157.5,0.51,110.0,0.5,179.5,0.52,45.05,0.53,115.0,0.01,0.01,2324.826625,1776360321000
1776360323.678,23.678,0.47,215.0,0.46,166.5,0.49,45.5,0.5,155.5,0.51,193.31,0.5,157.5,0.52,1.43,0.53,115.0,0.02,0.01,2324.73354,1776360322000
1776360324.086,24.086,0.48,285.57,0.47,298.5,0.49,30.0,0.5,15.0,0.52,16.93,0.51,30.5,0.53,369.5,0.54,181.5,0.01,0.01,2324.73354,1776360322000
1776360324.388,24.388,0.48,290.47,0.47,298.5,0.49,5.0,0.5,25.0,0.51,5.0,0.5,20.0,0.52,311.57,0.53,298.5,0.01,0.01,2324.349984,1776360323000
1776360324.935,24.935,0.48,290.47,0.47,298.5,0.49,2.95,0.5,25.0,0.51,5.0,0.5,25.0,0.52,290.47,0.53,298.5,0.01,0.01,2324.349984,1776360323000
1776360325.662,25.662,0.49,2.0,0.48,141.5,0.5,35.0,0.51,217.5,0.5,35.0,0.49,109.55,0.52,290.47,0.53,313.59,0.01,0.02,2324.25756,1776360324000
1776360327.805,27.805,0.47,193.59,0.46,65.5,0.51,109.91,0.52,60.5,0.5,35.0,0.49,217.5,0.52,135.4,0.53,398.59,0.04,0.02,2324.404755,1776360326000
1776360329.123,29.123,0.47,15.09,0.46,197.5,0.48,30.58,0.49,147.0,0.49,109.91,0.48,60.5,0.53,193.59,0.54,65.5,0.01,0.04,2324.228493,1776360328000
1776360331.358,31.358,0.46,10.0,0.45,40.0,0.47,188.37,0.48,40.12,0.52,30.58,0.51,147.0,0.53,15.09,0.54,197.5,0.01,0.01,2324.267192,1776360330000
1776360334.778,34.778,0.44,192.0,0.43,330.5,0.45,30.0,0.46,36.0,0.53,188.37,0.52,40.12,0.54,10.0,0.55,40.0,0.01,0.01,2323.891746,1776360333000
1776360335.52,35.52,0.44,402.5,0.43,445.5,0.45,9.1,0.47,90.0,0.55,30.0,0.54,36.0,0.56,192.0,0.57,330.5,0.01,0.01,2323.841678,1776360334000
1776360335.873,35.873,0.46,100.55,0.45,153.5,0.47,91.93,0.48,80.62,0.53,86.93,0.52,80.62,0.56,378.5,0.57,445.5,0.01,0.03,2323.841678,1776360334000
1776360336.28,36.28,0.46,207.55,0.45,36.5,0.47,74.8,0.48,70.62,0.53,91.93,0.52,80.62,0.54,100.55,0.55,153.5,0.01,0.01,2323.869915,1776360335000
1776360336.893,36.893,0.47,23.25,0.46,208.29,0.48,25.0,0.49,181.0,0.53,74.8,0.52,70.62,0.54,198.29,0.55,36.5,0.01,0.01,2323.869915,1776360335000
1776360338.375,38.375,0.46,45.5,0.45,254.5,0.48,65.0,0.49,293.0,0.52,25.0,0.51,181.0,0.53,23.25,0.54,208.29,0.02,0.01,2324.07082,1776360337000
1776360340.25,40.25,0.46,158.29,0.45,158.5,0.47,10.0,0.48,35.0,0.52,65.0,0.51,293.0,0.54,45.5,0.55,254.5,0.01,0.02,2324.165486,1776360339000
1776360341.744,41.744,0.5,31.5,0.49,123.5,0.51,8.95,0.52,25.0,0.53,10.0,0.52,35.0,0.54,158.29,0.55,158.5,0.01,0.01,2324.088325,1776360340000
1776360342.249,42.249,0.53,37.0,0.52,91.0,0.54,3.44,0.55,85.0,0.48,25.0,0.47,15.0,0.5,142.5,0.51,156.5,0.01,0.02,2324.140476,1776360341000
1776360343.173,43.173,0.54,20.5,0.53,41.5,0.56,121.23,0.57,35.0,0.45,75.0,0.44,125.0,0.47,49.0,0.48,91.0,0.02,0.02,2324.270886,1776360342000
1776360343.392,43.392,0.55,15.88,0.54,26.5,0.56,114.44,0.57,35.0,0.44,119.44,0.43,35.0,0.45,5.0,0.46,20.5,0.01,0.01,2324.270886,1776360342000
1776360343.863,43.863,0.55,6.8,0.54,26.5,0.56,84.44,0.57,45.0,0.44,114.44,0.43,35.0,0.45,15.88,0.46,26.5,0.01,0.01,2324.270886,1776360342000
1776360344.175,44.175,0.54,15.37,0.53,41.5,0.56,84.11,0.57,35.0,0.44,76.11,0.43,52.0,0.45,10.0,0.46,21.0,0.02,0.01,2325.300006,1776360343000
1776360344.904,44.904,0.55,79.7,0.54,145.69,0.56,13.31,0.57,35.0,0.44,69.1,0.43,35.0,0.45,5.0,0.46,22.69,0.01,0.01,2325.300006,1776360343000
1776360345.437,45.437,0.55,174.47,0.54,27.69,0.56,8.99,0.57,35.0,0.44,13.31,0.43,35.0,0.45,79.7,0.46,145.69,0.01,0.01,2325.424707,1776360344000
1776360345.766,45.766,0.55,241.27,0.54,132.69,0.56,7.2,0.57,35.0,0.44,8.99,0.43,35.0,0.45,174.47,0.46,27.69,0.01,0.01,2325.424707,1776360344000
1776360345.966,45.966,0.55,241.27,0.54,143.19,0.56,0.09,0.57,35.0,0.44,5.09,0.43,35.0,0.45,241.27,0.46,143.19,0.01,0.01,2325.424707,1776360344000
1776360346.826,46.826,0.55,257.83,0.54,147.82,0.56,0.09,0.57,45.0,0.44,0.09,0.43,35.0,0.45,241.27,0.46,143.19,0.01,0.01,2325.158741,1776360345000
1776360347.818,47.818,0.56,10.0,0.55,42.83,0.57,15.0,0.58,184.0,0.43,45.0,0.42,167.0,0.45,257.83,0.46,147.82,0.01,0.02,2325.407888,1776360346000
1776360348.426,48.426,0.56,99.22,0.55,189.83,0.57,5.0,0.58,184.0,0.43,20.0,0.42,184.0,0.44,7.0,0.45,47.83,0.01,0.01,2325.407888,1776360346000
1776360348.929,48.929,0.56,57.22,0.55,189.83,0.57,3.24,0.58,177.0,0.43,5.0,0.42,184.0,0.44,99.22,0.45,189.83,0.01,0.01,2325.41215,1776360347000
1776360349.697,49.697,0.56,50.0,0.55,70.0,0.57,18.74,0.58,157.5,0.43,3.24,0.42,177.0,0.44,57.22,0.45,189.83,0.01,0.01,2325.485315,1776360348000
1776360359.846,59.846,0.56,13.16,0.55,90.0,0.57,230.5,0.58,120.0,0.43,18.74,0.42,157.5,0.44,50.0,0.45,70.0,0.01,0.01,2325.152753,1776360358000
1776360360.403,60.403,0.54,14.86,0.53,153.0,0.55,15.0,0.56,100.0,0.43,230.5,0.42,220.0,0.45,90.0,0.46,92.32,0.01,0.02,2325.152753,1776360358000
1776360360.786,60.786,0.53,131.48,0.52,110.0,0.55,22.0,0.56,222.0,0.45,5.0,0.44,100.0,0.46,14.86,0.47,153.0,0.02,0.01,2325.03401,1776360359000
1776360361.072,61.072,0.53,10.0,0.52,54.53,0.54,71.0,0.55,80.0,0.46,92.0,0.45,90.5,0.48,39.53,0.49,190.0,0.01,0.02,2325.03401,1776360359000
1776360361.859,61.859,0.53,181.2,0.52,22.0,0.54,62.79,0.55,85.0,0.46,63.79,0.45,80.0,0.47,33.82,0.48,66.53,0.01,0.01,2324.898071,1776360360000
1776360362.175,62.175,0.53,149.0,0.52,22.0,0.54,39.41,0.55,85.0,0.46,44.41,0.45,85.0,0.47,168.2,0.48,22.0,0.01,0.01,2324.898071,1776360360000
1776360362.693,62.693,0.53,139.0,0.52,32.5,0.54,44.41,0.55,85.0,0.46,39.41,0.45,85.0,0.47,149.0,0.48,22.0,0.01,0.01,2324.591814,1776360361000
1776360363.267,63.267,0.51,175.0,0.5,70.5,0.52,10.65,0.53,20.0,0.46,44.41,0.45,85.0,0.47,137.61,0.48,37.5,0.01,0.01,2324.591814,1776360361000
1776360363.721,63.721,0.49,227.86,0.48,147.5,0.52,26.65,0.53,137.0,0.48,10.65,0.47,20.0,0.49,175.0,0.5,70.5,0.03,0.01,2324.696418,1776360362000
1776360364.934,64.934,0.49,240.39,0.48,147.5,0.5,54.26,0.51,18.03,0.5,31.0,0.49,13.03,0.51,250.89,0.52,147.5,0.01,0.01,2324.738081,1776360363000
1776360365.629,65.629,0.49,785.09,0.48,155.5,0.5,0.54,0.53,5.0,0.5,54.26,0.49,18.03,0.51,240.39,0.52,147.5,0.01,0.01,2324.738081,1776360363000
1776360365.96,65.96,0.55,30.56,0.54,15.0,0.56,7.15,0.57,24.7,0.45,10.0,0.44,42.32,0.51,785.09,0.52,155.5,0.01,0.06,2324.587066,1776360364000
1776360366.245,66.245,0.55,30.56,0.54,85.98,0.56,18.08,0.57,141.7,0.44,19.87,0.43,24.7,0.45,30.56,0.46,25.5,0.01,0.01,2324.439593,1776360365000
1776360367.664,67.664,0.55,22.36,0.54,5.0,0.56,195.0,0.57,65.72,0.43,141.7,0.42,140.0,0.45,30.56,0.46,85.98,0.01,0.02,2324.448283,1776360366000
1776360368.887,68.887,0.52,10.0,0.51,105.0,0.53,10.27,0.56,255.5,0.44,195.0,0.43,65.72,0.45,0.36,0.46,5.0,0.01,0.01,2324.910952,1776360367000
1776360369.584,69.584,0.51,10.0,0.5,162.5,0.52,86.07,0.53,25.0,0.47,30.0,0.46,85.0,0.48,7.91,0.49,105.0,0.01,0.01,2324.897587,1776360368000
1776360370.501,70.501,0.49,357.56,0.48,20.5,0.52,91.14,0.53,35.5,0.48,91.14,0.47,142.0,0.49,10.0,0.5,10.0,0.03,0.01,2324.826484,1776360369000
1776360370.742,70.742,0.49,315.5,0.48,10.0,0.5,18.5,0.51,85.5,0.48,91.14,0.47,35.5,0.51,357.56,0.52,20.5,0.01,0.03,2324.826484,1776360369000
1776360371.798,71.798,0.5,27.5,0.49,341.0,0.51,5.0,0.52,44.11,0.5,18.5,0.49,85.5,0.51,315.5,0.52,10.0,0.01,0.01,2324.760536,1776360370000
1776360372.56,72.56,0.51,159.5,0.5,42.5,0.52,60.11,0.53,5.0,0.49,5.0,0.48,44.11,0.5,27.5,0.51,341.0,0.01,0.01,2324.296428,1776360371000
1776360373.455,73.455,0.53,31.5,0.52,143.5,0.54,115.66,0.55,80.0,0.47,5.0,0.46,120.0,0.49,178.7,0.5,42.5,0.01,0.02,2324.30352,1776360372000
1776360374.727,74.727,0.53,177.5,0.52,31.5,0.54,123.8,0.55,95.0,0.46,113.8,0.45,80.0,0.47,31.5,0.48,143.5,0.01,0.01,2324.391078,1776360373000
1776360375.0,75.0,0.53,161.5,0.52,31.5,0.54,118.8,0.55,95.0,0.46,123.8,0.45,95.0,0.47,177.5,0.48,31.5,0.01,0.01,2324.391078,1776360373000
1776360376.46,76.46,0.54,17.9,0.53,13.5,0.55,111.18,0.56,217.0,0.46,118.8,0.45,95.0,0.47,161.5,0.48,31.5,0.01,0.01,2324.687397,1776360375000
1776360378.353,78.353,0.53,10.0,0.52,60.5,0.55,263.18,0.56,165.5,0.45,111.18,0.44,217.0,0.46,17.9,0.47,13.5,0.02,0.01,2324.945525,1776360377000
1776360378.795,78.795,0.53,5.38,0.52,35.0,0.54,220.0,0.55,128.01,0.45,263.18,0.44,165.5,0.47,10.0,0.48,60.5,0.01,0.02,2324.945525,1776360377000
1776360379.149,79.149,0.52,35.0,0.51,15.0,0.54,269.7,0.55,128.01,0.46,249.7,0.45,128.01,0.47,0.38,0.48,35.0,0.02,0.01,2324.830267,1776360378000
1776360380.169,80.169,0.49,393.09,0.48,135.5,0.5,36.0,0.51,20.0,0.46,269.7,0.45,128.01,0.48,35.0,0.49,15.0,0.01,0.02,2324.830267,1776360378000
1776360384.949,84.949,0.51,19.37,0.5,30.5,0.52,70.0,0.54,10.0,0.5,36.0,0.49,20.0,0.51,393.09,0.52,135.5,0.01,0.01,2324.362182,1776360383000
1776360385.358,85.358,0.51,71.37,0.5,46.5,0.52,51.19,0.53,5.0,0.48,53.5,0.47,5.0,0.49,97.37,0.5,41.5,0.01,0.01,2324.39046,1776360384000
1776360385.562,85.562,0.51,112.37,0.5,46.5,0.52,45.19,0.53,5.0,0.48,51.19,0.47,5.0,0.49,71.37,0.5,46.5,0.01,0.01,2324.39046,1776360384000
1776360386.45,86.45,0.51,15.29,0.5,147.5,0.52,55.19,0.53,25.0,0.48,45.19,0.47,5.0,0.49,112.37,0.5,46.5,0.01,0.01,2324.380197,1776360385000
1776360388.55,88.55,0.51,10.0,0.5,60.5,0.52,90.88,0.53,152.0,0.48,55.19,0.47,25.0,0.49,15.29,0.5,147.5,0.01,0.01,2324.663927,1776360387000
1776360390.452,90.452,0.51,168.5,0.5,55.5,0.52,38.64,0.53,35.0,0.48,90.88,0.47,152.0,0.49,10.0,0.5,60.5,0.01,0.01,2324.623054,1776360389000
1776360392.287,92.287,0.5,48.5,0.49,285.09,0.51,61.0,0.52,76.64,0.48,38.64,0.47,35.0,0.49,154.21,0.5,55.5,0.01,0.01,2324.629199,1776360390000
1776360396.55,96.55,0.51,37.5,0.5,381.5,0.52,55.73,0.53,18.0,0.49,61.0,0.48,76.64,0.5,48.5,0.51,285.09,0.01,0.01,2324.635002,1776360395000
1776360396.867,96.867,0.51,310.5,0.5,154.5,0.52,33.42,0.53,18.0,0.48,55.73,0.47,18.0,0.49,37.5,0.5,381.5,0.01,0.01,2324.635002,1776360395000
1776360397.446,97.446,0.51,324.5,0.5,149.5,0.52,28.42,0.53,18.0,0.48,33.42,0.47,18.0,0.49,310.5,0.5,154.5,0.01,0.01,2324.610579,1776360396000
1776360397.998,97.998,0.51,359.5,0.5,174.5,0.52,26.49,0.53,18.0,0.48,28.42,0.47,18.0,0.49,324.5,0.5,149.5,0.01,0.01,2324.610579,1776360396000
1776360398.844,98.844,0.51,334.5,0.5,188.5,0.52,7.25,0.53,18.0,0.48,26.49,0.47,18.0,0.49,359.5,0.5,174.5,0.01,0.01,2324.59276,1776360397000
1776360400.97,100.97,0.51,147.5,0.5,188.5,0.52,132.32,0.53,33.0,0.48,7.25,0.47,18.0,0.49,334.5,0.5,188.5,0.01,0.01,2324.832767,1776360399000
1776360401.819,101.819,0.51,137.48,0.5,193.5,0.52,5.32,0.53,150.0,0.48,132.32,0.47,33.0,0.49,147.5,0.5,188.5,0.01,0.01,2324.83282,1776360400000
1776360403.532,103.532,0.51,267.27,0.5,88.5,0.52,5.32,0.53,8.0,0.48,5.32,0.47,150.0,0.49,137.48,0.5,193.5,0.01,0.01,2324.786485,1776360402000
1776360406.865,106.865,0.5,63.0,0.49,126.09,0.51,225.5,0.52,50.82,0.48,5.32,0.47,8.0,0.49,267.27,0.5,88.5,0.01,0.01,2324.810887,1776360405000
1776360407.393,107.393,0.5,61.0,0.49,110.59,0.51,249.7,0.52,45.82,0.49,225.5,0.48,50.82,0.5,63.0,0.51,126.09,0.01,0.01,2324.810887,1776360405000
1776360407.847,107.847,0.49,35.59,0.48,195.0,0.51,249.7,0.52,45.82,0.49,249.7,0.48,45.82,0.5,61.0,0.51,110.59,0.02,0.01,2324.793882,1776360406000
1776360408.291,108.291,0.48,195.0,0.47,160.0,0.5,195.5,0.51,95.5,0.49,249.7,0.48,45.82,0.51,35.59,0.52,195.0,0.02,0.02,2324.784763,1776360407000
1776360409.357,109.357,0.5,42.0,0.49,167.2,0.51,14.51,0.52,60.82,0.5,195.5,0.49,95.5,0.52,195.0,0.53,160.0,0.01,0.02,2324.784763,1776360407000
1776360412.932,112.932,0.51,6.59,0.5,16.0,0.52,200.82,0.53,48.5,0.49,14.51,0.48,60.82,0.5,42.0,0.51,167.2,0.01,0.01,2324.37012,1776360411000
1776360414.451,114.451,0.49,3.03,0.48,115.5,0.5,35.0,0.51,30.0,0.48,200.82,0.47,48.5,0.49,6.59,0.5,16.0,0.01,0.01,2324.351474,1776360412000
1776360415.117,115.117,0.5,26.5,0.49,46.5,0.51,23.03,0.52,68.32,0.5,35.0,0.49,30.0,0.52,120.5,0.53,190.5,0.01,0.02,2324.422845,1776360413000
1776360416.236,116.236,0.49,7.06,0.48,232.5,0.5,43.0,0.51,21.06,0.49,21.06,0.48,78.82,0.5,16.0,0.51,163.5,0.01,0.01,2324.494578,1776360414000
1776360422.254,122.254,0.41,250.0,0.4,160.0,0.44,289.5,0.45,80.5,0.5,43.0,0.49,21.06,0.51,7.06,0.52,232.5,0.03,0.01,2324.320227,1776360420000
1776360422.639,122.639,0.41,155.0,0.4,160.0,0.42,23.59,0.43,100.5,0.56,289.5,0.55,80.5,0.59,250.0,0.6,160.0,0.01,0.03,2324.096439,1776360421000
1776360422.98,122.98,0.4,158.63,0.39,100.0,0.42,55.59,0.43,100.5,0.58,28.59,0.57,100.5,0.59,0.31,0.6,160.0,0.02,0.01,2323.68016,1776360422000
1776360423.367,123.367,0.4,153.63,0.39,100.0,0.41,191.0,0.42,48.59,0.58,55.59,0.57,100.5,0.6,158.63,0.61,100.0,0.01,0.02,2323.68016,1776360422000
1776360424.121,124.121,0.4,78.63,0.39,100.0,0.41,286.5,0.42,208.59,0.59,191.0,0.58,48.59,0.6,153.63,0.61,100.0,0.01,0.01,2323.68016,1776360422000
1776360424.325,124.325,0.4,53.63,0.39,100.0,0.41,334.06,0.42,208.59,0.59,286.5,0.58,208.59,0.6,78.63,0.61,100.0,0.01,0.01,2323.68016,1776360422000
1776360424.604,124.604,0.4,26.96,0.39,100.0,0.41,299.06,0.42,203.59,0.59,334.06,0.58,208.59,0.6,53.63,0.61,100.0,0.01,0.01,2323.185284,1776360423000
1776360425.435,125.435,0.35,217.0,0.34,60.0,0.36,164.44,0.37,45.5,0.6,19.01,0.59,299.06,0.61,100.0,0.62,75.3,0.01,0.01,2323.115107,1776360424000
1776360425.699,125.699,0.35,110.58,0.34,60.0,0.36,199.44,0.37,35.0,0.64,164.44,0.63,45.5,0.65,217.0,0.66,60.0,0.01,0.01,2323.115107,1776360424000
1776360426.341,126.341,0.35,103.73,0.34,60.0,0.36,110.0,0.37,30.0,0.64,205.69,0.63,35.0,0.65,105.58,0.66,60.0,0.01,0.01,2323.115107,1776360424000
1776360426.752,126.752,0.35,99.57,0.34,70.5,0.36,192.0,0.37,30.0,0.64,110.0,0.63,30.0,0.65,103.73,0.66,60.0,0.01,0.01,2323.024795,1776360425000
1776360427.173,127.173,0.35,125.91,0.34,95.5,0.36,35.0,0.37,10.0,0.64,167.0,0.63,30.0,0.65,95.41,0.66,70.5,0.01,0.01,2323.024795,1776360425000
1776360427.489,127.489,0.35,114.83,0.34,85.5,0.36,36.0,0.37,9.48,0.64,10.0,0.63,9.48,0.65,136.83,0.66,85.5,0.01,0.01,2323.013973,1776360426000
1776360427.804,127.804,0.35,109.83,0.34,85.5,0.36,25.22,0.37,9.48,0.64,36.0,0.63,9.48,0.65,114.83,0.66,85.5,0.01,0.01,2323.013973,1776360426000
1776360428.793,128.793,0.35,21.5,0.34,95.5,0.36,63.18,0.37,25.0,0.64,35.22,0.63,9.48,0.65,84.83,0.66,85.5,0.01,0.01,2323.013973,1776360426000
1776360429.037,129.037,0.35,10.5,0.34,212.5,0.36,59.06,0.37,25.0,0.64,63.18,0.63,25.0,0.65,21.5,0.66,95.5,0.01,0.01,2323.013973,1776360426000
1776360429.994,129.994,0.35,14.96,0.34,222.5,0.36,56.06,0.37,142.0,0.64,59.06,0.63,25.0,0.65,10.5,0.66,212.5,0.01,0.01,2322.974857,1776360428000
1776360431.177,131.177,0.35,5.02,0.34,135.5,0.36,76.06,0.37,142.0,0.64,56.06,0.63,142.0,0.65,14.96,0.66,222.5,0.01,0.01,2323.12943,1776360430000
1776360431.696,131.696,0.35,2.88,0.34,125.5,0.36,96.06,0.37,142.0,0.64,76.06,0.63,142.0,0.65,5.02,0.66,135.5,0.01,0.01,2323.12943,1776360430000
1776360432.667,132.667,0.34,60.5,0.33,252.5,0.36,96.06,0.37,142.0,0.64,96.06,0.63,142.0,0.65,2.88,0.66,125.5,0.02,0.01,2323.076286,1776360431000
1776360432.981,132.981,0.34,60.5,0.33,115.5,0.35,47.27,0.36,29.06,0.64,96.06,0.63,142.0,0.66,60.5,0.67,252.5,0.01,0.02,2323.076286,1776360431000
1776360433.49,133.49,0.34,48.75,0.33,115.5,0.35,225.27,0.36,54.06,0.65,239.47,0.64,29.06,0.66,60.5,0.67,115.5,0.01,0.01,2323.07875,1776360432000
1776360433.853,133.853,0.34,46.93,0.33,115.5,0.35,210.27,0.36,77.13,0.65,225.27,0.64,54.06,0.66,48.75,0.67,115.5,0.01,0.01,2323.07875,1776360432000
1776360435.257,135.257,0.34,41.93,0.33,125.5,0.35,27.0,0.36,249.13,0.65,210.27,0.64,77.13,0.66,46.93,0.67,115.5,0.01,0.01,2323.06924,1776360434000
1776360435.892,135.892,0.34,21.93,0.33,115.5,0.35,62.98,0.36,221.06,0.65,20.18,0.64,239.13,0.66,41.93,0.67,125.5,0.01,0.01,2323.06924,1776360434000
1776360436.866,136.866,0.34,20.11,0.33,115.5,0.35,191.7,0.36,127.22,0.65,62.98,0.64,221.06,0.66,21.93,0.67,115.5,0.01,0.01,2323.067651,1776360435000
1776360437.476,137.476,0.34,0.11,0.33,115.5,0.35,188.84,0.36,122.22,0.65,191.7,0.64,127.22,0.66,20.11,0.67,115.5,0.01,0.01,2323.117232,1776360436000
1776360439.462,139.462,0.33,98.69,0.32,200.0,0.34,270.0,0.35,95.38,0.65,180.26,0.64,122.22,0.66,0.11,0.67,115.5,0.01,0.01,2323.116715,1776360438000
1776360439.95,139.95,0.33,75.52,0.32,200.0,0.34,302.7,0.35,116.68,0.66,270.0,0.65,95.38,0.67,96.91,0.68,200.0,0.01,0.01,2323.116715,1776360438000
1776360440.924,140.924,0.31,8.9,0.3,70.5,0.32,107.0,0.33,173.8,0.66,273.5,0.65,116.68,0.68,130.0,0.69,45.5,0.01,0.02,2323.11951,1776360439000
1776360441.158,141.158,0.31,5.06,0.3,70.5,0.32,107.0,0.33,173.8,0.68,107.0,0.67,173.8,0.69,6.98,0.7,70.5,0.01,0.01,2323.11951,1776360439000
1776360441.519,141.519,0.3,20.5,0.29,45.0,0.31,73.8,0.32,57.0,0.68,107.0,0.67,173.8,0.69,5.06,0.7,70.5,0.01,0.01,2322.994955,1776360440000
1776360441.738,141.738,0.3,6.54,0.29,167.0,0.31,73.8,0.32,46.5,0.69,73.8,0.68,46.5,0.7,8.5,0.71,162.0,0.01,0.01,2322.994955,1776360440000
1776360442.023,142.023,0.3,4.81,0.29,167.0,0.31,31.8,0.32,46.5,0.69,65.0,0.68,36.5,0.7,10.66,0.71,167.0,0.01,0.01,2322.97086,1776360441000
1776360442.244,142.244,0.3,13.53,0.29,177.0,0.31,31.8,0.32,46.5,0.69,31.8,0.68,46.5,0.7,4.81,0.71,167.0,0.01,0.01,2322.97086,1776360441000
1776360443.987,143.987,0.3,3.37,0.29,45.0,0.31,296.63,0.32,36.5,0.69,31.8,0.68,46.5,0.7,12.1,0.71,177.0,0.01,0.01,2322.735573,1776360442000
1776360445.338,145.338,0.29,19.46,0.28,90.0,0.3,84.93,0.31,203.8,0.69,296.63,0.68,36.5,0.7,3.37,0.71,45.0,0.01,0.01,2322.828,1776360444000
1776360445.756,145.756,0.29,17.57,0.28,90.0,0.3,84.93,0.31,203.8,0.7,84.93,0.69,203.8,0.71,19.46,0.72,90.0,0.01,0.01,2322.828,1776360444000
1776360446.62,146.62,0.28,13.38,0.27,242.0,0.29,52.0,0.3,171.47,0.7,84.93,0.69,203.8,0.71,17.57,0.72,90.0,0.01,0.01,2322.81535,1776360445000
1776360449.531,149.531,0.22,20.0,0.21,70.0,0.23,45.0,0.24,10.0,0.71,52.0,0.7,176.47,0.72,7.72,0.73,242.0,0.01,0.01,2322.780869,1776360448000
1776360449.829,149.829,0.22,25.31,0.21,80.5,0.23,308.28,0.24,20.5,0.77,45.0,0.76,10.0,0.78,18.71,0.79,70.0,0.01,0.01,2322.780869,1776360448000
1776360450.133,150.133,0.22,13.27,0.21,70.0,0.23,244.28,0.24,20.5,0.77,308.28,0.76,20.5,0.78,25.31,0.79,80.5,0.01,0.01,2322.780869,1776360448000
1776360451.889,151.889,0.16,9.0,0.15,150.0,0.17,15.0,0.18,35.0,0.77,298.28,0.76,20.5,0.79,69.32,0.81,80.0,0.01,0.02,2322.054643,1776360450000
1776360452.292,152.292,0.16,23.05,0.15,150.0,0.17,30.0,0.18,20.0,0.83,15.0,0.82,35.0,0.84,9.0,0.85,150.0,0.01,0.01,2322.054643,1776360450000
1776360452.684,152.684,0.15,149.37,0.14,280.0,0.17,40.0,0.18,20.0,0.83,30.0,0.82,20.0,0.84,17.09,0.85,150.0,0.02,0.01,2321.862491,1776360451000
1776360453.071,153.071,0.16,6.59,0.15,149.37,0.17,40.0,0.18,20.0,0.83,40.0,0.82,20.0,0.85,149.37,0.86,280.0,0.01,0.02,2321.807694,1776360452000
1776360454.28,154.28,0.15,23.82,0.14,439.5,0.16,72.0,0.17,65.0,0.83,45.0,0.82,20.0,0.85,155.88,0.86,290.0,0.01,0.02,2321.71097,1776360453000
1776360454.502,154.502,0.14,434.5,0.13,110.0,0.16,89.5,0.17,65.0,0.84,82.5,0.83,65.0,0.85,23.82,0.86,434.5,0.02,0.01,2321.71097,1776360453000
1776360454.98,154.98,0.15,23.04,0.14,439.5,0.16,75.0,0.17,65.0,0.84,89.5,0.83,65.0,0.86,434.5,0.87,110.0,0.01,0.02,2321.71097,1776360453000
1776360455.75,155.75,0.14,149.0,0.13,271.5,0.15,82.0,0.16,208.8,0.84,82.0,0.83,207.5,0.85,5.0,0.86,439.5,0.01,0.01,2321.710453,1776360454000
1776360456.89,156.89,0.14,135.0,0.13,276.5,0.15,87.0,0.16,93.8,0.85,82.0,0.84,208.8,0.86,149.0,0.87,271.5,0.01,0.01,2321.643539,1776360455000
1776360457.465,157.465,0.14,128.55,0.13,271.5,0.15,92.0,0.16,93.8,0.85,87.0,0.84,93.8,0.86,135.0,0.87,276.5,0.01,0.01,2321.563789,1776360456000
1776360457.754,157.754,0.14,118.55,0.13,261.5,0.15,120.2,0.16,83.8,0.85,92.0,0.84,93.8,0.86,128.55,0.87,271.5,0.01,0.01,2321.563789,1776360456000
1776360458.176,158.176,0.14,10.0,0.13,50.0,0.15,108.53,0.16,87.3,0.85,120.2,0.84,83.8,0.86,118.55,0.87,261.5,0.01,0.01,2321.563789,1776360456000
1776360458.377,158.377,0.13,10.0,0.12,10.0,0.14,19.85,0.15,213.53,0.85,108.53,0.84,87.3,0.86,10.0,0.87,50.0,0.01,0.01,2321.604506,1776360457000
1776360459.373,159.373,0.11,344.21,0.1,295.0,0.12,6.36,0.14,6.0,0.86,104.6,0.85,180.2,0.88,10.0,0.89,190.0,0.01,0.02,2321.604506,1776360457000
1776360459.773,159.773,0.15,20.58,0.14,5.0,0.16,16.0,0.17,152.5,0.85,5.77,0.84,47.8,0.88,5.64,0.89,349.21,0.01,0.03,2321.604506,1776360457000
1776360460.001,160.001,0.15,13.82,0.14,5.0,0.16,16.0,0.17,152.5,0.84,16.0,0.83,152.5,0.85,20.58,0.86,5.0,0.01,0.01,2321.604506,1776360457000
1776360461.244,161.244,0.15,0.82,0.12,24.64,0.16,227.0,0.17,41.52,0.84,10.0,0.83,159.5,0.85,3.82,0.86,5.0,0.01,0.01,2321.324086,1776360459000
1776360461.46,161.46,0.12,24.64,0.11,291.71,0.14,10.0,0.15,28.18,0.85,5.18,0.84,227.0,0.88,24.64,0.89,291.71,0.02,0.03,2321.324086,1776360459000
1776360462.053,162.053,0.14,10.0,0.13,150.0,0.16,6.6,0.17,158.52,0.86,10.0,0.85,28.18,0.88,24.64,0.89,291.71,0.02,0.02,2321.3634,1776360460000
1776360462.746,162.746,0.15,46.82,0.14,132.0,0.16,41.8,0.17,21.02,0.84,6.6,0.83,158.52,0.86,10.0,0.87,150.0,0.01,0.02,2321.383991,1776360461000
1776360463.652,163.652,0.15,85.89,0.14,152.5,0.16,10.0,0.17,61.52,0.84,10.0,0.83,21.02,0.85,31.25,0.86,132.0,0.01,0.01,2321.303264,1776360462000
1776360464.148,164.148,0.15,85.89,0.14,152.5,0.16,3.75,0.17,61.52,0.84,10.0,0.83,61.52,0.85,85.89,0.86,152.5,0.01,0.01,2321.303264,1776360462000
1776360464.703,164.703,0.16,283.7,0.15,71.39,0.18,35.0,0.19,137.0,0.83,56.52,0.82,186.4,0.84,53.2,0.85,86.39,0.02,0.01,2321.456997,1776360463000
1776360465.042,165.042,0.17,27.37,0.16,319.7,0.19,147.0,0.2,68.75,0.82,35.0,0.81,137.0,0.84,283.7,0.85,71.39,0.02,0.02,2321.456997,1776360463000
1776360466.468,166.468,0.17,70.0,0.16,109.0,0.19,87.65,0.2,40.0,0.81,147.0,0.8,68.75,0.83,27.37,0.84,319.7,0.02,0.02,2321.710071,1776360465000
1776360467.211,167.211,0.17,70.0,0.16,79.0,0.18,84.51,0.19,47.0,0.81,87.65,0.8,40.0,0.83,70.0,0.84,109.0,0.01,0.02,2321.93279,1776360466000
1776360468.872,168.872,0.14,25.0,0.13,150.0,0.15,33.29,0.16,24.0,0.82,84.51,0.81,47.0,0.83,70.0,0.84,79.0,0.01,0.01,2321.897562,1776360467000
1776360469.211,169.211,0.14,41.0,0.13,80.0,0.15,33.29,0.16,27.0,0.85,33.29,0.84,24.0,0.86,25.0,0.87,150.0,0.01,0.01,2321.897562,1776360467000
1776360470.111,170.111,0.14,19.83,0.13,207.0,0.15,73.29,0.16,170.8,0.85,33.29,0.84,27.0,0.86,41.0,0.87,80.0,0.01,0.01,2321.70921,1776360468000
1776360470.39,170.39,0.14,18.43,0.13,207.0,0.15,63.29,0.16,170.8,0.85,73.29,0.84,170.8,0.86,19.83,0.87,207.0,0.01,0.01,2321.598794,1776360469000
1776360474.575,174.575,0.13,42.0,0.12,241.1,0.14,8.78,0.15,113.84,0.85,63.29,0.84,170.8,0.86,18.43,0.87,207.0,0.01,0.01,2321.4699,1776360473000
1776360474.827,174.827,0.14,30.0,0.13,142.0,0.15,47.17,0.16,170.8,0.85,113.84,0.84,177.8,0.87,42.0,0.88,241.1,0.01,0.02,2321.4699,1776360473000
1776360475.145,175.145,0.14,23.6,0.13,25.0,0.15,23.5,0.16,27.0,0.85,37.17,0.84,53.8,0.86,23.6,0.87,25.0,0.01,0.01,2321.4699,1776360473000
1776360475.474,175.474,0.14,3.72,0.13,41.0,0.15,30.5,0.16,144.0,0.85,28.5,0.84,27.0,0.86,17.8,0.87,25.0,0.01,0.01,2321.4699,1776360473000
1776360475.848,175.848,0.14,2.44,0.13,21.0,0.15,263.46,0.16,37.5,0.85,30.5,0.84,144.0,0.86,3.72,0.87,41.0,0.01,0.01,2321.556573,1776360474000
1776360476.487,176.487,0.12,109.1,0.11,227.0,0.14,20.14,0.15,266.46,0.85,263.46,0.84,37.5,0.86,2.44,0.87,21.0,0.02,0.01,2321.556573,1776360474000
1776360479.485,179.485,0.11,99.0,0.1,115.0,0.12,65.33,0.13,242.41,0.86,20.14,0.85,266.46,0.88,109.1,0.89,227.0,0.01,0.02,2321.547318,1776360478000
1776360480.934,180.934,0.11,21.77,0.1,105.0,0.12,179.0,0.13,84.61,0.88,65.33,0.87,242.41,0.89,99.0,0.9,115.0,0.01,0.01,2321.551378,1776360479000
1776360481.161,181.161,0.11,4.91,0.1,105.0,0.12,170.66,0.13,84.61,0.88,179.0,0.87,84.61,0.89,4.91,0.9,105.0,0.01,0.01,2321.551378,1776360479000
1776360481.946,181.946,0.1,98.88,0.09,135.0,0.12,93.08,0.13,52.3,0.88,36.66,0.87,84.61,0.89,1.32,0.9,232.0,0.02,0.01,2321.485121,1776360480000
1776360482.651,182.651,0.09,130.0,0.08,162.0,0.11,83.0,0.12,193.08,0.88,93.08,0.87,52.3,0.9,98.88,0.91,135.0,0.02,0.02,2321.370157,1776360481000
1776360482.949,182.949,0.09,128.15,0.08,162.0,0.11,98.0,0.12,76.08,0.89,83.0,0.88,193.08,0.91,130.0,0.92,162.0,0.02,0.02,2321.348492,1776360482000
1776360483.23,183.23,0.09,25.15,0.08,186.0,0.1,5.15,0.11,90.0,0.89,98.0,0.88,76.08,0.91,128.15,0.92,162.0,0.01,0.02,2321.348492,1776360482000
1776360483.471,183.471,0.08,180.6,0.07,74.0,0.1,126.15,0.11,43.0,0.9,116.15,0.89,90.0,0.91,25.15,0.92,186.0,0.02,0.01,2321.348492,1776360482000
1776360483.962,183.962,0.08,1.64,0.07,64.0,0.09,239.0,0.1,226.15,0.9,135.15,0.89,43.0,0.92,180.6,0.93,74.0,0.01,0.02,2321.10042,1776360483000
1776360484.565,184.565,0.07,0.02,0.06,81.0,0.08,138.0,0.09,295.0,0.92,10.0,0.91,239.0,0.93,1.64,0.94,81.0,0.01,0.01,2321.10042,1776360483000
1776360484.781,184.781,0.05,168.0,0.04,60.0,0.08,134.25,0.09,365.0,0.93,20.0,0.92,114.25,0.95,223.0,0.96,60.0,0.03,0.02,2321.10042,1776360483000
1776360485.155,185.155,0.06,8.73,0.05,163.0,0.08,134.25,0.09,365.0,0.92,134.25,0.91,365.0,0.95,163.0,0.96,60.0,0.02,0.03,2320.612844,1776360484000
1776360485.415,185.415,0.06,0.53,0.05,163.0,0.07,10.0,0.08,134.25,0.92,144.25,0.91,365.0,0.94,5.53,0.95,163.0,0.01,0.02,2320.612844,1776360484000
1776360485.649,185.649,0.05,160.36,0.04,60.0,0.07,10.0,0.08,134.25,0.93,10.0,0.92,134.25,0.95,163.0,0.96,60.0,0.02,0.02,2320.612844,1776360484000
1776360485.911,185.911,0.05,204.08,0.04,70.0,0.06,10.31,0.08,114.25,0.94,5.31,0.92,142.25,0.95,175.14,0.96,60.0,0.01,0.01,2320.612844,1776360484000
1776360486.445,186.445,0.05,158.81,0.04,75.0,0.06,10.31,0.08,114.25,0.94,10.31,0.92,114.25,0.95,204.08,0.96,70.0,0.01,0.01,2320.174537,1776360485000
1776360486.848,186.848,0.05,135.68,0.04,65.0,0.06,10.31,0.08,124.25,0.94,10.31,0.92,114.25,0.95,158.81,0.96,75.0,0.01,0.01,2320.174537,1776360485000
1776360487.125,187.125,0.06,62.69,0.05,165.46,0.07,10.0,0.08,124.25,0.94,10.31,0.92,124.25,0.95,150.46,0.96,65.0,0.01,0.01,2320.174537,1776360485000
1776360487.408,187.408,0.06,99.69,0.05,140.46,0.08,120.5,0.09,347.5,0.93,10.0,0.92,124.25,0.94,62.69,0.95,165.46,0.02,0.01,2320.178992,1776360486000
1776360487.669,187.669,0.06,54.95,0.05,140.46,0.07,94.0,0.08,58.9,0.92,131.0,0.91,347.5,0.94,99.69,0.95,140.46,0.01,0.02,2320.178992,1776360486000
1776360487.902,187.902,0.05,75.41,0.04,65.0,0.07,94.0,0.08,186.4,0.93,94.0,0.92,58.9,0.94,54.95,0.95,140.46,0.02,0.01,2320.178992,1776360486000
1776360490.578,190.578,0.06,21.36,0.05,132.0,0.07,94.0,0.08,185.9,0.93,104.0,0.92,186.4,0.95,155.41,0.96,65.0,0.01,0.02,2320.479832,1776360489000
1776360492.015,192.015,0.05,26.52,0.04,182.0,0.07,104.0,0.08,186.4,0.93,94.0,0.92,185.9,0.94,15.94,0.95,132.0,0.02,0.01,2320.527228,1776360490000
1776360494.738,194.738,0.04,75.0,0.03,470.0,0.05,11.05,0.06,83.8,0.93,104.0,0.92,186.4,0.95,26.52,0.96,182.0,0.01,0.02,2320.502129,1776360493000
1776360495.069,195.069,0.04,62.0,0.03,470.0,0.05,21.05,0.06,83.8,0.95,11.05,0.94,83.8,0.96,75.0,0.97,470.0,0.01,0.01,2320.502129,1776360493000
1776360495.423,195.423,0.04,62.0,0.03,480.0,0.06,80.85,0.07,192.8,0.95,21.05,0.94,83.8,0.96,62.0,0.97,470.0,0.02,0.01,2320.502129,1776360493000
1776360495.966,195.966,0.04,63.76,0.03,480.0,0.06,78.8,0.07,192.8,0.94,80.85,0.93,192.8,0.96,62.0,0.97,480.0,0.02,0.02,2320.36776,1776360494000
1776360496.796,196.796,0.04,19.76,0.03,353.0,0.05,273.8,0.06,94.3,0.94,78.8,0.93,192.8,0.96,63.76,0.97,480.0,0.01,0.02,2320.392122,1776360495000
1776360497.369,197.369,0.04,14.55,0.03,353.0,0.05,263.8,0.06,99.3,0.95,273.8,0.94,94.3,0.96,19.76,0.97,353.0,0.01,0.01,2320.392122,1776360495000
1776360497.999,197.999,0.04,8.48,0.03,353.0,0.05,129.8,0.06,221.3,0.95,263.8,0.94,99.3,0.96,14.55,0.97,353.0,0.01,0.01,2320.370353,1776360496000
1776360498.697,198.697,0.04,0.14,0.03,348.0,0.05,129.8,0.06,221.3,0.95,129.8,0.94,221.3,0.96,8.48,0.97,353.0,0.01,0.01,2320.317413,1776360497000
1776360500.372,200.372,0.03,316.31,0.02,435.0,0.04,244.7,0.05,177.69,0.96,109.0,0.95,129.8,0.97,324.45,0.98,425.0,0.01,0.01,2320.144469,1776360499000
1776360501.524,201.524,0.03,310.27,0.02,435.0,0.04,244.7,0.05,305.19,0.96,244.7,0.95,177.69,0.97,316.31,0.98,435.0,0.01,0.01,2320.173703,1776360500000
1776360502.676,202.676,0.03,439.02,0.02,491.7,0.04,10.0,0.05,128.69,0.96,244.7,0.95,305.19,0.97,310.27,0.98,435.0,0.01,0.01,2320.094983,1776360501000
1776360506.65,206.65,0.03,313.92,0.02,420.0,0.04,103.7,0.05,138.69,0.96,10.0,0.95,128.69,0.97,439.02,0.98,491.7,0.01,0.01,2320.32956,1776360505000
1776360508.196,208.196,0.03,220.33,0.02,430.0,0.04,113.7,0.05,271.19,0.96,103.7,0.95,138.69,0.97,313.92,0.98,420.0,0.01,0.01,2320.32859,1776360506000
1776360508.956,208.956,0.03,205.33,0.02,313.0,0.04,113.7,0.05,271.19,0.96,113.7,0.95,271.19,0.97,220.33,0.98,430.0,0.01,0.01,2320.32606,1776360507000
1776360509.204,209.204,0.03,202.76,0.02,308.0,0.04,113.7,0.05,271.19,0.96,113.7,0.95,271.19,0.97,205.33,0.98,313.0,0.01,0.01,2320.32606,1776360507000
1776360509.65,209.65,0.03,196.66,0.02,430.0,0.04,103.7,0.05,271.19,0.96,113.7,0.95,271.19,0.97,196.66,0.98,425.0,0.01,0.01,2320.329992,1776360508000
1776360509.907,209.907,0.03,186.35,0.02,430.0,0.04,98.7,0.05,261.19,0.96,103.7,0.95,271.19,0.97,196.66,0.98,430.0,0.01,0.01,2320.329992,1776360508000
1776360510.209,210.209,0.03,181.35,0.02,430.0,0.04,98.7,0.05,251.19,0.96,98.7,0.95,261.19,0.97,186.35,0.98,430.0,0.01,0.01,2320.31497,1776360509000
1776360510.879,210.879,0.03,6.35,0.02,313.0,0.04,113.7,0.05,223.3,0.96,98.7,0.95,251.19,0.97,181.35,0.98,430.0,0.01,0.01,2320.31497,1776360509000
1776360511.903,211.903,0.03,1.24,0.02,308.0,0.04,124.2,0.05,223.3,0.96,113.7,0.95,223.3,0.97,6.35,0.98,313.0,0.01,0.01,2320.216719,1776360510000
1776360512.964,212.964,0.03,6.24,0.02,430.0,0.04,98.7,0.05,80.8,0.96,124.2,0.95,223.3,0.97,1.24,0.98,308.0,0.01,0.01,2320.243195,1776360511000
1776360513.171,213.171,0.04,28.0,0.03,2.99,0.05,90.8,0.06,211.3,0.96,10.0,0.95,90.8,0.97,2.99,0.98,420.0,0.01,0.01,2320.243195,1776360511000
1776360513.436,213.436,0.04,47.31,0.03,134.99,0.05,80.8,0.06,211.3,0.95,90.8,0.94,211.3,0.96,16.36,0.97,134.99,0.01,0.01,2320.245658,1776360512000
1776360513.65,213.65,0.04,51.26,0.03,12.99,0.05,5.0,0.06,68.8,0.95,80.8,0.94,211.3,0.96,47.31,0.97,134.99,0.01,0.01,2320.245658,1776360512000
1776360513.887,213.887,0.05,40.0,0.04,163.26,0.06,47.13,0.07,60.3,0.95,5.0,0.94,68.8,0.96,51.26,0.97,12.99,0.01,0.01,2320.245658,1776360512000
1776360514.094,214.094,0.06,15.93,0.05,59.0,0.07,50.3,0.08,191.4,0.93,50.3,0.92,191.4,0.95,54.0,0.96,153.26,0.01,0.02,2320.245658,1776360512000
1776360514.494,214.494,0.06,36.91,0.05,152.0,0.07,50.3,0.08,196.4,0.93,50.3,0.92,191.4,0.94,15.93,0.95,59.0,0.01,0.01,2320.253901,1776360513000
1776360514.733,214.733,0.05,145.78,0.04,31.26,0.07,43.3,0.08,196.4,0.93,43.3,0.92,196.4,0.94,15.0,0.95,152.0,0.02,0.01,2320.253901,1776360513000
1776360515.205,215.205,0.06,12.0,0.05,28.78,0.07,43.3,0.08,196.4,0.93,43.3,0.92,196.4,0.95,145.78,0.96,31.26,0.01,0.02,2320.253901,1776360513000
1776360515.74,215.74,0.06,12.0,0.05,28.78,0.07,29.01,0.08,196.4,0.93,43.3,0.92,196.4,0.94,12.0,0.95,28.78,0.01,0.01,2320.63205,1776360514000
1776360517.091,217.091,0.06,6.69,0.05,5.0,0.07,161.01,0.08,79.4,0.93,29.01,0.92,196.4,0.94,12.0,0.95,28.78,0.01,0.01,2321.12063,1776360516000
1776360517.618,217.618,0.04,133.26,0.03,146.69,0.07,175.92,0.08,79.4,0.93,161.01,0.92,79.4,0.94,6.69,0.95,5.0,0.03,0.01,2321.12063,1776360516000
1776360517.918,217.918,0.03,2.99,0.02,603.7,0.04,15.0,0.05,162.5,0.93,175.92,0.92,79.4,0.96,133.26,0.97,146.69,0.01,0.03,2321.128374,1776360517000
1776360520.013,220.013,0.02,331.34,0.01,5708.64,0.03,26.0,0.04,241.2,0.96,15.0,0.95,162.5,0.97,2.99,0.98,603.7,0.01,0.01,2321.119606,1776360518000
1776360520.945,220.945,0.02,273.17,0.01,5718.64,0.03,148.27,0.04,119.2,0.97,26.0,0.96,241.2,0.98,331.34,0.99,5708.64,0.01,0.01,2320.687642,1776360519000
1776360521.59,221.59,0.02,268.17,0.01,5718.64,0.03,154.0,0.04,236.2,0.97,148.27,0.96,119.2,0.98,273.17,0.99,5718.64,0.01,0.01,2320.529604,1776360520000
1776360521.937,221.937,0.02,268.17,0.01,6218.64,0.03,120.66,0.04,236.2,0.97,154.0,0.96,236.2,0.98,268.17,0.99,5718.64,0.01,0.01,2320.529604,1776360520000
1776360522.438,222.438,0.02,253.89,0.01,6318.64,0.03,115.82,0.04,236.2,0.97,129.93,0.96,236.2,0.98,253.89,0.99,6218.64,0.01,0.01,2320.529604,1776360520000
1776360522.783,222.783,0.02,253.89,0.01,6318.64,0.03,110.82,0.04,236.2,0.97,115.82,0.96,236.2,0.98,253.89,0.99,6318.64,0.01,0.01,2320.529604,1776360520000
1776360523.171,223.171,0.02,252.86,0.01,6318.64,0.03,110.82,0.04,236.2,0.97,110.82,0.96,236.2,0.98,253.89,0.99,6318.64,0.01,0.01,2320.529604,1776360520000
1776360523.462,223.462,0.02,251.83,0.01,6318.64,0.03,110.82,0.04,236.2,0.97,110.82,0.96,236.2,0.98,252.86,0.99,6318.64,0.01,0.01,2320.529604,1776360520000
1776360523.828,223.828,0.02,245.8,0.01,6318.64,0.03,15.0,0.04,236.2,0.97,110.82,0.96,236.2,0.98,251.83,0.99,6318.64,0.01,0.01,2320.498985,1776360522000
1776360525.649,225.649,0.02,1232.22,0.01,5632.63,0.09,6.0,0.1,20.0,0.97,25.5,0.96,236.2,0.98,231.52,0.99,6318.64,0.07,0.01,2320.377589,1776360524000
1776360525.918,225.918,0.12,25.0,0.11,70.0,0.14,106.24,0.15,20.0,0.86,122.67,0.85,20.0,0.88,25.0,0.89,70.0,0.02,0.02,2320.377589,1776360524000
1776360526.143,226.143,0.11,6.39,0.09,15.0,0.12,20.0,0.13,37.0,0.86,56.24,0.85,15.0,0.88,10.0,0.89,67.0,0.01,0.02,2320.375209,1776360525000
1776360526.402,226.402,0.09,48.0,0.08,11.39,0.11,15.0,0.12,32.0,0.88,20.0,0.87,47.5,0.92,11.39,0.93,20.0,0.02,0.04,2320.375209,1776360525000
1776360526.647,226.647,0.09,97.95,0.08,111.39,0.1,25.0,0.11,20.0,0.89,15.0,0.88,32.0,0.91,48.0,0.92,11.39,0.01,0.02,2320.375209,1776360525000
1776360527.135,227.135,0.09,97.95,0.08,121.39,0.12,30.29,0.13,30.5,0.89,13.18,0.88,20.0,0.91,97.95,0.92,121.39,0.03,0.02,2320.375209,1776360525000
1776360527.341,227.341,0.1,97.73,0.09,112.95,0.11,191.5,0.12,47.29,0.89,179.5,0.88,42.29,0.9,102.79,0.91,107.95,0.01,0.01,2320.47527,1776360526000
1776360527.637,227.637,0.1,90.48,0.09,107.95,0.11,151.31,0.12,47.29,0.89,151.31,0.88,47.29,0.9,92.73,0.91,107.95,0.01,0.01,2320.47527,1776360526000
1776360528.311,228.311,0.1,115.48,0.09,137.95,0.11,145.53,0.12,47.29,0.89,151.31,0.88,47.29,0.9,90.48,0.91,107.95,0.01,0.01,2320.47527,1776360526000
1776360528.569,228.569,0.1,125.48,0.09,137.95,0.11,128.13,0.12,202.29,0.89,132.5,0.88,202.29,0.9,115.48,0.91,137.95,0.01,0.01,2321.969835,1776360527000
1776360528.788,228.788,0.1,113.48,0.09,137.95,0.11,138.63,0.12,195.29,0.89,128.13,0.88,202.29,0.9,125.48,0.91,137.95,0.01,0.01,2321.969835,1776360527000
1776360529.149,229.149,0.11,166.73,0.1,120.7,0.12,175.5,0.13,142.5,0.88,185.5,0.87,35.5,0.89,73.0,0.9,125.7,0.01,0.01,2321.949622,1776360528000
1776360529.829,229.829,0.11,156.73,0.1,120.7,0.12,282.16,0.13,35.5,0.88,163.5,0.87,147.5,0.89,146.73,0.9,120.7,0.01,0.01,2321.949622,1776360528000
1776360530.108,230.108,0.11,154.7,0.1,120.7,0.12,166.82,0.13,152.5,0.88,273.82,0.87,35.5,0.89,156.73,0.9,120.7,0.01,0.01,2321.949622,1776360528000
1776360530.896,230.896,0.11,447.99,0.1,136.2,0.12,45.9,0.13,10.0,0.88,166.82,0.87,152.5,0.89,154.7,0.9,120.7,0.01,0.01,2321.912259,1776360529000
1776360531.469,231.469,0.24,107.78,0.23,210.5,0.25,160.0,0.26,20.5,0.87,10.0,0.84,10.0,0.89,749.99,0.9,136.2,0.01,0.02,2321.912259,1776360529000
1776360531.88,231.88,0.24,115.03,0.23,200.5,0.25,110.0,0.26,25.5,0.75,160.0,0.74,20.5,0.76,107.78,0.77,210.5,0.01,0.01,2322.058796,1776360530000
1776360532.287,232.287,0.24,160.03,0.23,220.5,0.25,16.0,0.26,15.5,0.75,110.0,0.74,25.5,0.76,100.03,0.77,205.5,0.01,0.01,2322.077592,1776360531000
1776360532.531,232.531,0.24,175.03,0.23,230.5,0.25,85.37,0.26,15.5,0.75,135.37,0.74,15.5,0.76,175.03,0.77,230.5,0.01,0.01,2322.077592,1776360531000
1776360532.773,232.773,0.24,172.5,0.23,230.5,0.25,77.88,0.26,15.5,0.75,79.37,0.74,15.5,0.76,172.5,0.77,230.5,0.01,0.01,2322.077592,1776360531000
1776360532.978,232.978,0.24,170.69,0.23,230.5,0.25,71.08,0.26,15.5,0.75,77.88,0.74,15.5,0.76,170.69,0.77,230.5,0.01,0.01,2322.077592,1776360531000
1776360533.372,233.372,0.24,125.0,0.23,135.0,0.25,239.78,0.26,51.5,0.75,71.08,0.74,15.5,0.76,170.69,0.77,230.5,0.01,0.01,2323.156936,1776360532000
1776360533.666,233.666,0.24,111.42,0.23,125.0,0.25,293.92,0.26,51.5,0.75,293.92,0.74,51.5,0.76,101.42,0.77,135.0,0.01,0.01,2323.156936,1776360532000
1776360533.929,233.929,0.22,150.0,0.21,125.0,0.25,292.92,0.26,51.5,0.75,287.92,0.74,51.5,0.76,104.42,0.77,125.0,0.03,0.01,2323.156936,1776360532000
1776360534.139,234.139,0.2,28.75,0.19,85.5,0.21,10.0,0.22,20.5,0.75,292.92,0.74,51.5,0.78,150.0,0.79,125.0,0.01,0.03,2323.156936,1776360532000
1776360534.372,234.372,0.24,25.55,0.23,155.0,0.25,180.92,0.26,132.0,0.78,10.0,0.75,170.92,0.8,23.65,0.81,202.0,0.01,0.02,2323.27863,1776360533000
1776360534.698,234.698,0.24,4.89,0.23,155.0,0.25,170.92,0.26,132.0,0.75,170.92,0.74,132.0,0.76,18.42,0.77,155.0,0.01,0.01,2323.27863,1776360533000
1776360534.928,234.928,0.24,3.44,0.23,145.0,0.25,165.92,0.26,132.0,0.75,170.92,0.74,132.0,0.76,4.89,0.77,155.0,0.01,0.01,2323.27863,1776360533000
1776360535.314,235.314,0.24,11.46,0.23,140.0,0.25,170.92,0.26,132.0,0.75,165.92,0.74,132.0,0.76,3.44,0.77,145.0,0.01,0.01,2323.290807,1776360534000
1776360535.638,235.638,0.24,10.01,0.23,140.0,0.25,157.92,0.26,132.0,0.75,162.92,0.74,132.0,0.76,11.46,0.77,140.0,0.01,0.01,2323.290807,1776360534000
1776360535.919,235.919,0.23,262.0,0.22,17.0,0.24,26.33,0.25,147.92,0.75,157.92,0.74,132.0,0.76,8.69,0.77,140.0,0.01,0.01,2323.290807,1776360534000
1776360536.157,236.157,0.23,226.34,0.22,17.0,0.24,22.16,0.25,152.92,0.76,26.33,0.75,152.92,0.77,226.34,0.78,17.0,0.01,0.01,2323.076725,1776360535000
1776360536.467,236.467,0.23,107.91,0.22,134.0,0.24,150.85,0.25,20.5,0.76,7.49,0.75,152.92,0.77,226.34,0.78,17.0,0.01,0.01,2323.076725,1776360535000
1776360536.821,236.821,0.2,1.77,0.19,162.0,0.21,43.0,0.22,27.5,0.76,150.85,0.75,20.5,0.77,107.91,0.78,134.0,0.01,0.01,2323.076725,1776360535000
1776360537.82,237.82,0.18,266.01,0.17,132.5,0.19,5.0,0.2,30.0,0.79,43.0,0.78,27.5,0.8,1.77,0.81,162.0,0.01,0.01,2323.18355,1776360536000
1776360538.304,238.304,0.28,13.61,0.27,20.0,0.29,20.5,0.3,30.5,0.81,5.0,0.8,30.0,0.82,266.01,0.83,132.5,0.01,0.01,2323.18355,1776360536000
1776360538.544,238.544,0.28,12.08,0.27,15.0,0.29,145.33,0.3,30.5,0.71,20.5,0.7,30.5,0.72,13.61,0.73,20.0,0.01,0.01,2323.18355,1776360536000
1776360538.88,238.88,0.28,9.11,0.27,15.0,0.29,170.33,0.3,147.5,0.71,170.33,0.7,30.5,0.72,6.06,0.73,15.0,0.01,0.01,2323.17724,1776360537000
1776360540.025,240.025,0.27,20.0,0.26,147.5,0.28,175.1,0.29,40.5,0.71,170.33,0.7,147.5,0.74,10.5,0.75,25.5,0.01,0.03,2323.072128,1776360538000
1776360540.353,240.353,0.27,10.0,0.26,147.5,0.28,165.68,0.29,30.0,0.72,175.1,0.71,40.5,0.73,20.0,0.74,147.5,0.01,0.01,2323.072128,1776360538000
1776360540.662,240.662,0.27,48.0,0.26,147.5,0.28,11.9,0.29,25.0,0.72,150.68,0.71,30.0,0.73,9.0,0.74,132.5,0.01,0.01,2323.072128,1776360538000
1776360540.892,240.892,0.26,15.5,0.25,132.0,0.28,124.86,0.29,25.0,0.72,8.86,0.71,25.0,0.73,24.0,0.74,15.5,0.02,0.01,2323.48,1776360540000
1776360541.137,241.137,0.26,14.5,0.25,137.0,0.27,9.11,0.28,13.86,0.73,4.11,0.72,8.86,0.74,20.5,0.75,132.0,0.01,0.01,2323.48,1776360540000
1776360541.425,241.425,0.26,13.01,0.25,137.0,0.27,5.4,0.28,13.86,0.73,9.11,0.72,13.86,0.74,13.01,0.75,137.0,0.01,0.01,2323.48,1776360540000
1776360541.705,241.705,0.26,13.01,0.25,145.9,0.27,11.69,0.28,13.86,0.73,5.4,0.72,13.86,0.74,13.01,0.75,137.0,0.01,0.01,2323.48,1776360540000
1776360542.319,242.319,0.26,9.79,0.25,145.9,0.27,1.69,0.28,8.86,0.73,11.69,0.72,13.86,0.74,13.01,0.75,145.9,0.01,0.01,2323.524159,1776360541000
1776360542.681,242.681,0.26,10.94,0.25,145.9,0.27,1.69,0.28,13.86,0.73,1.69,0.72,8.86,0.74,9.79,0.75,145.9,0.01,0.01,2323.524159,1776360541000
1776360542.976,242.976,0.25,25.43,0.24,185.0,0.27,10.0,0.28,13.05,0.72,18.05,0.71,104.68,0.74,10.0,0.75,28.9,0.02,0.02,2323.524159,1776360541000
1776360543.601,243.601,0.26,6.94,0.25,25.43,0.27,15.0,0.28,13.05,0.73,10.0,0.72,13.05,0.74,3.64,0.75,20.43,0.01,0.01,2323.535095,1776360542000
1776360544.238,244.238,0.24,277.0,0.23,47.0,0.26,30.0,0.27,15.0,0.73,15.0,0.72,13.05,0.74,1.94,0.75,25.43,0.02,0.01,2323.522023,1776360543000
1776360544.675,244.675,0.25,1.89,0.24,277.0,0.26,25.0,0.27,15.0,0.74,30.0,0.73,15.0,0.76,277.0,0.77,47.0,0.01,0.02,2323.522023,1776360543000
1776360545.588,245.588,0.27,231.0,0.26,140.0,0.28,10.0,0.29,10.0,0.74,25.0,0.73,15.0,0.75,1.89,0.76,277.0,0.01,0.01,2323.468176,1776360544000
1776360546.011,246.011,0.31,25.0,0.3,282.0,0.33,10.0,0.34,75.0,0.72,10.0,0.71,10.0,0.73,231.0,0.74,140.0,0.02,0.01,2323.468176,1776360544000
1776360546.238,246.238,0.36,63.14,0.35,100.0,0.37,10.0,0.38,55.0,0.67,10.0,0.66,75.0,0.69,25.0,0.7,282.0,0.01,0.02,2323.468176,1776360544000
1776360546.537,246.537,0.37,30.0,0.36,227.0,0.39,10.0,0.4,45.0,0.63,10.0,0.62,55.0,0.64,63.14,0.65,100.0,0.02,0.01,2323.468176,1776360544000
1776360546.783,246.783,0.33,77.99,0.32,85.0,0.39,43.85,0.4,60.0,0.61,8.85,0.6,162.0,0.63,20.0,0.64,227.0,0.06,0.02,2323.504407,1776360545000
1776360547.569,247.569,0.33,199.67,0.32,15.0,0.34,5.0,0.35,15.0,0.63,5.14,0.62,10.0,0.67,77.99,0.68,85.0,0.01,0.04,2323.53467,1776360546000
1776360547.776,247.776,0.34,21.67,0.33,132.0,0.37,15.0,0.38,10.0,0.65,10.0,0.63,5.0,0.66,6.67,0.67,132.0,0.03,0.01,2323.53467,1776360546000
1776360548.081,248.081,0.39,144.07,0.38,10.0,0.4,55.0,0.41,81.0,0.6,50.0,0.59,76.0,0.61,35.0,0.65,15.0,0.01,0.01,2323.53467,1776360546000
1776360548.423,248.423,0.39,262.0,0.38,20.0,0.4,14.92,0.41,6.0,0.6,55.0,0.59,81.0,0.61,144.07,0.62,10.0,0.01,0.01,2324.07038,1776360547000
1776360549.661,249.661,0.42,15.0,0.41,75.0,0.44,8.04,0.45,87.84,0.57,5.24,0.56,45.0,0.59,85.0,0.6,15.0,0.02,0.02,2324.090748,1776360548000
1776360550.543,250.543,0.41,4.54,0.4,27.0,0.42,15.0,0.43,164.0,0.56,8.04,0.55,87.84,0.58,15.0,0.59,75.0,0.01,0.02,2324.170825,1776360549000
1776360551.023,251.023,0.4,127.0,0.39,85.0,0.41,31.12,0.42,19.35,0.58,4.35,0.57,169.0,0.59,4.54,0.6,5.0,0.01,0.01,2324.170825,1776360549000
1776360551.979,251.979,0.39,182.0,0.38,50.0,0.4,3.0,0.41,25.12,0.59,41.12,0.58,4.35,0.61,187.0,0.62,50.0,0.01,0.02,2324.356854,1776360550000
1776360552.774,252.774,0.4,5.0,0.39,70.0,0.41,25.12,0.42,9.35,0.6,8.0,0.59,30.12,0.61,60.0,0.62,50.0,0.01,0.01,2324.425679,1776360551000
1776360553.32,253.32,0.42,3.27,0.41,75.0,0.43,25.0,0.44,28.04,0.59,4.24,0.58,9.35,0.61,204.0,0.62,50.0,0.01,0.02,2324.424095,1776360552000
1776360554.108,254.108,0.41,68.3,0.4,10.0,0.43,149.67,0.44,28.04,0.58,15.0,0.57,61.0,0.59,68.3,0.6,20.0,0.02,0.01,2324.424095,1776360552000
1776360554.7,254.7,0.4,10.0,0.39,80.0,0.41,5.0,0.42,10.0,0.57,149.67,0.56,28.04,0.59,68.3,0.6,10.0,0.01,0.02,2324.386799,1776360553000
1776360555.108,255.108,0.4,25.0,0.39,202.0,0.41,2.56,0.43,137.0,0.59,5.0,0.58,10.0,0.6,10.0,0.61,80.0,0.01,0.01,2324.386799,1776360553000
1776360556.091,256.091,0.42,175.0,0.41,111.15,0.45,0.61,0.46,95.0,0.59,2.56,0.57,137.0,0.6,25.0,0.61,202.0,0.03,0.01,2324.388757,1776360554000
1776360557.338,257.338,0.45,216.0,0.44,38.0,0.5,140.0,0.51,65.0,0.55,0.61,0.54,95.0,0.58,175.0,0.59,111.15,0.05,0.03,2324.372665,1776360555000
1776360558.011,258.011,0.49,166.0,0.48,95.0,0.5,140.0,0.51,65.0,0.5,140.0,0.49,65.0,0.55,216.0,0.56,38.0,0.01,0.05,2324.411495,1776360556000
1776360558.681,258.681,0.49,49.0,0.48,95.0,0.5,13.83,0.51,65.0,0.5,140.0,0.49,65.0,0.51,166.0,0.52,95.0,0.01,0.01,2324.486316,1776360557000
1776360558.992,258.992,0.49,28.0,0.48,20.0,0.5,13.83,0.51,192.0,0.5,13.83,0.49,65.0,0.51,49.0,0.52,95.0,0.01,0.01,2324.486316,1776360557000
1776360559.453,259.453,0.48,10.0,0.47,10.0,0.49,0.41,0.5,130.83,0.5,13.83,0.49,192.0,0.53,20.0,0.54,49.5,0.01,0.03,2324.549626,1776360558000
1776360559.708,259.708,0.48,5.0,0.47,10.0,0.49,5.41,0.5,130.83,0.51,0.41,0.5,130.83,0.52,10.0,0.53,10.0,0.01,0.01,2324.549626,1776360558000
1776360559.927,259.927,0.48,8.07,0.47,28.07,0.49,5.41,0.5,130.83,0.51,5.41,0.5,130.83,0.53,18.07,0.54,30.0,0.01,0.02,2324.549626,1776360558000
1776360560.141,260.141,0.47,26.55,0.46,30.0,0.49,5.41,0.5,130.83,0.51,5.41,0.5,130.83,0.52,8.07,0.53,28.07,0.02,0.01,2324.549626,1776360558000
1776360560.346,260.346,0.47,5.0,0.46,149.55,0.48,5.0,0.49,10.41,0.52,5.0,0.51,10.41,0.54,33.55,0.55,235.0,0.01,0.02,2324.646466,1776360559000
1776360561.219,261.219,0.48,201.2,0.47,35.0,0.5,4.24,0.51,10.0,0.52,5.0,0.51,10.41,0.53,5.0,0.54,149.55,0.02,0.01,2324.646466,1776360559000
1776360561.436,261.436,0.54,15.0,0.53,25.0,0.56,201.08,0.57,110.0,0.45,4.0,0.44,85.0,0.46,10.0,0.47,25.0,0.02,0.01,2324.646466,1776360559000
1776360561.648,261.648,0.53,20.0,0.52,15.0,0.54,6.5,0.55,6.56,0.45,6.56,0.44,99.08,0.47,20.0,0.48,15.0,0.01,0.02,2324.628543,1776360560000
1776360561.945,261.945,0.53,10.0,0.52,15.0,0.54,17.39,0.55,20.61,0.46,13.75,0.45,20.61,0.47,10.0,0.48,15.0,0.01,0.01,2324.628543,1776360560000
1776360562.167,262.167,0.53,7.61,0.52,15.0,0.54,16.08,0.55,20.61,0.46,16.08,0.45,20.61,0.47,10.0,0.48,15.0,0.01,0.01,2324.628543,1776360560000
1776360562.638,262.638,0.53,14.89,0.52,15.0,0.54,86.08,0.55,20.0,0.46,11.08,0.45,20.61,0.47,3.35,0.48,15.0,0.01,0.01,2324.601192,1776360561000
1776360563.174,263.174,0.53,2.67,0.52,15.0,0.54,6.08,0.55,25.0,0.46,86.08,0.45,20.0,0.47,14.89,0.48,15.0,0.01,0.01,2324.601192,1776360561000
1776360564.53,264.53,0.49,20.33,0.48,39.4,0.52,172.0,0.53,160.0,0.45,21.08,0.44,99.08,0.46,4.96,0.47,2.67,0.03,0.01,2324.668495,1776360563000
1776360565.023,265.023,0.48,39.4,0.47,74.5,0.5,75.0,0.51,20.0,0.5,20.0,0.49,15.0,0.51,10.33,0.52,39.4,0.02,0.01,2324.669553,1776360564000
1776360565.327,265.327,0.48,12.47,0.47,74.5,0.49,20.0,0.5,45.0,0.5,75.0,0.49,20.0,0.52,39.4,0.53,74.5,0.01,0.02,2324.669553,1776360564000
1776360565.529,265.529,0.48,8.61,0.47,29.5,0.49,25.0,0.5,162.0,0.51,15.0,0.5,45.0,0.52,10.54,0.53,79.5,0.01,0.01,2324.669553,1776360564000
1776360565.842,265.842,0.48,15.66,0.47,24.5,0.49,13.1,0.5,45.0,0.51,18.1,0.5,162.0,0.52,8.61,0.53,29.5,0.01,0.01,2324.669553,1776360564000
1776360566.123,266.123,0.48,15.66,0.47,141.5,0.49,5.07,0.5,35.0,0.51,13.1,0.5,45.0,0.52,15.66,0.53,24.5,0.01,0.01,2324.669553,1776360564000
1776360567.12,267.12,0.49,24.4,0.48,137.66,0.5,34.0,0.51,20.0,0.51,5.07,0.5,35.0,0.52,15.66,0.53,141.5,0.01,0.01,2324.562109,1776360566000
1776360567.487,267.487,0.49,24.4,0.48,15.66,0.5,35.57,0.51,30.0,0.5,34.0,0.49,20.0,0.51,24.4,0.52,137.66,0.01,0.01,2324.562109,1776360566000
1776360567.75,267.75,0.49,19.78,0.48,132.66,0.5,25.57,0.51,20.0,0.5,25.57,0.49,20.0,0.51,22.43,0.52,15.66,0.01,0.01,2324.562109,1776360566000
1776360568.605,268.605,0.49,19.78,0.48,132.66,0.5,13.57,0.51,20.0,0.5,20.57,0.49,20.0,0.51,19.78,0.52,132.66,0.01,0.01,2324.562109,1776360566000
1776360569.589,269.589,0.44,147.0,0.43,110.0,0.46,20.0,0.47,30.0,0.5,13.57,0.49,20.0,0.51,19.78,0.52,132.66,0.02,0.01,2324.536752,1776360568000
1776360569.952,269.952,0.44,147.0,0.43,115.0,0.48,25.2,0.49,85.0,0.54,20.0,0.53,30.0,0.56,147.0,0.57,110.0,0.04,0.02,2324.536752,1776360568000
1776360570.303,270.303,0.43,105.0,0.42,28.0,0.44,5.0,0.45,253.2,0.52,25.2,0.51,85.0,0.56,147.0,0.57,115.0,0.01,0.04,2324.536139,1776360569000
1776360570.581,270.581,0.43,40.16,0.42,28.0,0.44,197.16,0.45,30.0,0.56,74.2,0.55,30.0,0.57,90.16,0.58,28.0,0.01,0.01,2324.536139,1776360569000
1776360570.878,270.878,0.42,1.4,0.4,80.0,0.43,58.0,0.44,305.96,0.57,5.0,0.56,267.16,0.58,10.0,0.59,15.0,0.01,0.01,2324.536139,1776360569000
1776360571.78,271.78,0.39,61.72,0.38,80.0,0.4,25.0,0.41,95.0,0.57,58.0,0.56,305.96,0.6,20.0,0.61,135.0,0.01,0.03,2324.485369,1776360570000
1776360572.418,272.418,0.39,9.75,0.38,30.0,0.4,189.0,0.41,165.0,0.6,25.0,0.59,95.0,0.61,61.72,0.62,80.0,0.01,0.01,2324.485369,1776360570000
1776360572.863,272.863,0.37,5.0,0.36,10.0,0.4,189.0,0.41,165.0,0.6,189.0,0.59,165.0,0.61,6.65,0.62,5.0,0.03,0.01,2324.485369,1776360570000
1776360573.266,273.266,0.37,4.45,0.36,13.71,0.38,15.0,0.39,20.0,0.62,5.0,0.61,20.0,0.64,13.71,0.65,90.0,0.01,0.02,2324.319512,1776360571000
1776360573.579,273.579,0.37,147.0,0.36,7.91,0.4,47.0,0.41,15.0,0.62,15.0,0.61,20.0,0.64,7.91,0.65,90.0,0.03,0.02,2324.319512,1776360571000
1776360573.809,273.809,0.39,160.8,0.38,15.0,0.4,23.0,0.41,10.0,0.6,32.0,0.59,10.0,0.63,223.0,0.64,7.91,0.01,0.03,2324.319512,1776360571000
1776360574.011,274.011,0.4,137.0,0.39,20.0,0.42,19.95,0.43,85.0,0.59,4.95,0.58,10.0,0.6,42.0,0.61,20.0,0.02,0.01,2324.292699,1776360572000
1776360574.27,274.27,0.41,5.0,0.4,5.0,0.42,22.56,0.43,20.0,0.58,19.95,0.57,85.0,0.6,137.0,0.61,20.0,0.01,0.02,2324.292699,1776360572000
1776360574.488,274.488,0.35,90.0,0.34,100.0,0.37,15.0,0.38,15.0,0.63,15.0,0.62,15.0,0.64,2.18,0.65,90.0,0.02,0.01,2324.292699,1776360572000
1776360574.794,274.794,0.36,120.75,0.35,85.0,0.37,26.49,0.38,10.0,0.63,12.29,0.62,15.0,0.64,10.0,0.65,90.0,0.01,0.01,2324.292699,1776360572000
1776360575.269,275.269,0.37,13.85,0.36,110.3,0.38,10.0,0.39,80.0,0.62,10.0,0.61,90.0,0.64,110.3,0.65,85.0,0.01,0.02,2324.28545,1776360573000
1776360575.577,275.577,0.37,12.26,0.36,120.3,0.38,10.0,0.39,80.0,0.62,10.0,0.61,80.0,0.63,13.85,0.64,110.3,0.01,0.01,2324.28545,1776360573000
1776360579.807,279.807,0.34,207.0,0.33,95.0,0.35,14.85,0.36,20.0,0.62,10.0,0.61,80.0,0.63,12.26,0.64,120.3,0.01,0.01,2324.263981,1776360578000
1776360580.835,280.835,0.34,85.0,0.33,207.0,0.35,6.27,0.36,25.0,0.65,14.85,0.64,20.0,0.66,207.0,0.67,95.0,0.01,0.01,2324.238153,1776360579000
1776360581.211,281.211,0.52,60.0,0.49,10.0,0.55,10.0,0.56,85.0,0.65,6.27,0.64,25.0,0.66,85.0,0.67,207.0,0.03,0.01,2324.238153,1776360579000
1776360581.62,281.62,0.55,44.59,0.54,25.0,0.56,15.0,0.57,115.0,0.45,10.0,0.44,85.0,0.48,60.0,0.51,10.0,0.01,0.03,2324.238153,1776360579000
1776360582.054,282.054,0.56,20.0,0.55,38.59,0.57,47.69,0.58,100.0,0.43,41.29,0.42,30.0,0.45,177.59,0.46,20.0,0.01,0.02,2324.234031,1776360580000
1776360582.467,282.467,0.56,60.0,0.55,156.2,0.57,79.47,0.58,35.0,0.43,42.29,0.42,100.0,0.44,30.0,0.45,38.59,0.01,0.01,2324.234031,1776360580000
1776360582.928,282.928,0.58,213.0,0.57,25.0,0.6,16.73,0.61,35.0,0.41,55.0,0.4,26.73,0.44,317.0,0.45,20.0,0.02,0.03,2324.250863,1776360581000
1776360583.217,283.217,0.59,127.28,0.58,221.0,0.63,5.0,0.64,105.0,0.4,16.73,0.39,35.0,0.42,213.0,0.43,25.0,0.04,0.02,2324.250863,1776360581000
1776360584.207,284.207,0.63,255.29,0.62,20.0,0.64,5.0,0.65,180.0,0.37,0.31,0.36,105.0,0.38,10.0,0.39,80.0,0.01,0.01,2324.587141,1776360582000
1776360584.478,284.478,0.61,116.58,0.6,95.0,0.64,5.0,0.65,180.0,0.36,5.0,0.35,180.0,0.37,255.29,0.38,20.0,0.03,0.01,2324.718725,1776360583000
1776360584.821,284.821,0.64,13.69,0.63,15.0,0.65,125.0,0.66,125.0,0.36,5.0,0.35,180.0,0.39,116.58,0.4,95.0,0.01,0.03,2324.718725,1776360583000
1776360585.348,285.348,0.7,10.0,0.69,10.0,0.79,2.5,0.8,30.0,0.35,125.0,0.34,125.0,0.36,13.69,0.37,15.0,0.09,0.01,2324.718725,1776360583000
1776360585.58,285.58,0.82,60.0,0.81,30.0,0.84,140.0,0.85,15.0,0.21,2.5,0.2,30.0,0.3,10.0,0.31,10.0,0.02,0.09,2324.718725,1776360583000
1776360585.833,285.833,0.82,29.0,0.81,10.0,0.84,263.07,0.85,15.0,0.16,174.87,0.15,15.0,0.17,10.0,0.18,49.0,0.02,0.01,2324.718725,1776360583000
1776360586.048,286.048,0.81,10.0,0.8,60.75,0.82,13.04,0.83,162.0,0.17,162.0,0.16,146.07,0.19,10.0,0.2,60.75,0.01,0.02,2324.898771,1776360584000
1776360586.271,286.271,0.8,63.87,0.77,15.0,0.81,45.09,0.83,70.0,0.16,73.62,0.15,15.0,0.2,63.87,0.22,5.0,0.01,0.04,2324.898771,1776360584000
1776360586.524,286.524,0.78,15.0,0.77,155.0,0.82,10.0,0.83,10.0,0.19,142.59,0.18,70.0,0.22,10.0,0.23,15.0,0.04,0.03,2324.898771,1776360584000
1776360587.03,287.03,0.82,5.88,0.81,191.0,0.84,6.45,0.85,85.0,0.16,6.45,0.15,85.0,0.19,181.0,0.2,10.0,0.02,0.03,2324.899691,1776360585000
1776360587.363,287.363,0.82,9.44,0.81,191.0,0.83,7.94,0.84,1.45,0.17,7.94,0.16,1.45,0.18,10.0,0.19,201.0,0.01,0.01,2324.899691,1776360585000
1776360587.699,287.699,0.84,28.78,0.82,15.0,0.85,85.0,0.86,132.0,0.17,7.94,0.16,1.45,0.18,9.44,0.19,191.0,0.01,0.01,2325.184668,1776360586000
1776360587.927,287.927,0.84,77.78,0.82,15.0,0.85,193.38,0.86,15.0,0.15,85.0,0.14,132.0,0.16,28.78,0.18,15.0,0.01,0.01,2325.184668,1776360586000
1776360588.209,288.209,0.84,74.21,0.83,5.0,0.85,191.26,0.86,15.0,0.15,191.26,0.14,15.0,0.16,77.78,0.18,15.0,0.01,0.01,2325.184668,1776360586000
1776360588.801,288.801,0.84,67.96,0.82,15.0,0.85,30.64,0.86,10.0,0.15,141.26,0.14,15.0,0.16,67.96,0.17,5.0,0.01,0.01,2325.23854,1776360587000
1776360589.016,289.016,0.84,0.96,0.83,10.0,0.85,40.64,0.86,15.0,0.15,30.64,0.14,10.0,0.16,67.96,0.18,15.0,0.01,0.01,2325.23854,1776360587000
1776360589.254,289.254,0.82,8.33,0.81,74.0,0.84,10.0,0.85,157.64,0.15,40.64,0.14,15.0,0.17,10.0,0.18,10.0,0.02,0.02,2325.251989,1776360588000
1776360589.64,289.64,0.82,13.33,0.81,191.0,0.84,1.28,0.85,25.64,0.17,2.77,0.16,20.0,0.18,8.33,0.19,74.0,0.02,0.01,2325.251989,1776360588000
1776360590.289,290.289,0.85,5.0,0.84,15.0,0.86,4.18,0.87,127.0,0.16,1.28,0.15,25.64,0.18,13.33,0.19,191.0,0.01,0.02,2325.251989,1776360588000
1776360590.632,290.632,0.84,10.0,0.83,10.0,0.85,12.47,0.86,15.0,0.13,126.18,0.12,10.0,0.16,7.0,0.17,15.0,0.01,0.03,2325.251989,1776360588000
1776360591.015,291.015,0.84,5.01,0.83,10.0,0.86,10.0,0.87,9.18,0.14,15.0,0.13,14.18,0.17,10.0,0.18,78.33,0.02,0.03,2325.387785,1776360589000
1776360591.25,291.25,0.86,10.0,0.85,15.0,0.88,4.31,0.89,10.0,0.14,4.18,0.13,9.18,0.16,5.01,0.17,10.0,0.02,0.02,2325.387785,1776360589000
1776360591.554,291.554,0.88,1.66,0.87,10.0,0.9,62.43,0.91,26.0,0.1,62.43,0.09,26.0,0.13,10.0,0.14,7.85,0.02,0.03,2325.3283,1776360590000
1776360591.84,291.84,0.87,3.84,0.86,7.85,0.9,61.31,0.91,26.0,0.11,8.87,0.1,61.31,0.12,1.66,0.13,10.0,0.03,0.01,2325.3283,1776360590000
1776360592.132,292.132,0.89,10.0,0.88,15.0,0.91,21.0,0.92,27.0,0.1,61.31,0.09,26.0,0.13,3.84,0.14,7.85,0.02,0.03,2325.3283,1776360590000
1776360592.425,292.425,0.9,75.0,0.89,15.0,0.92,22.0,0.93,24.0,0.09,6.71,0.08,22.0,0.1,25.0,0.11,15.0,0.02,0.01,2325.33575,1776360591000
1776360592.664,292.664,0.91,85.72,0.9,85.0,0.92,10.0,0.93,18.52,0.07,18.52,0.06,26.0,0.09,17.0,0.1,85.0,0.01,0.02,2325.33575,1776360591000
1776360593.021,293.021,0.92,5.0,0.91,95.99,0.93,13.26,0.94,26.0,0.08,1.53,0.07,18.52,0.09,85.99,0.1,85.0,0.01,0.01,2325.33575,1776360591000
1776360593.435,293.435,0.93,15.0,0.92,15.0,0.96,38.02,0.97,468.0,0.06,1.88,0.05,50.0,0.08,5.0,0.09,95.99,0.03,0.02,2325.365809,1776360592000
1776360593.845,293.845,0.91,25.99,0.9,15.0,0.95,9.91,0.96,43.02,0.04,38.02,0.03,468.0,0.07,15.0,0.08,15.0,0.04,0.03,2325.365809,1776360592000
1776360594.24,294.24,0.92,10.0,0.91,15.0,0.95,11.48,0.96,43.02,0.05,1.48,0.04,43.02,0.07,10.0,0.08,10.0,0.03,0.02,2325.362389,1776360593000
1776360594.478,294.478,0.93,10.0,0.92,9.37,0.96,33.54,0.97,468.0,0.05,11.48,0.04,43.02,0.08,9.37,0.09,15.0,0.03,0.03,2325.362389,1776360593000
1776360594.817,294.817,0.93,4.28,0.92,9.37,0.95,10.0,0.96,33.54,0.04,33.54,0.03,468.0,0.07,10.0,0.08,9.37,0.02,0.03,2325.362389,1776360593000
1776360595.08,295.08,0.94,10.0,0.93,4.28,0.96,24.05,0.97,258.0,0.05,1.57,0.04,33.54,0.06,10.0,0.07,4.28,0.02,0.01,2325.491859,1776360594000
1776360595.365,295.365,0.96,34.95,0.95,15.0,0.97,243.0,0.98,173.0,0.04,24.05,0.03,258.0,0.06,10.0,0.07,4.28,0.01,0.02,2325.491859,1776360594000
1776360595.628,295.628,0.96,29.95,0.95,12.0,0.97,133.83,0.98,173.0,0.03,153.83,0.02,173.0,0.04,29.95,0.05,12.0,0.01,0.01,2325.491859,1776360594000
1776360595.829,295.829,0.94,10.0,0.93,10.0,0.95,13.94,0.96,15.0,0.03,133.73,0.02,173.0,0.08,4.95,0.09,85.0,0.01,0.05,2325.452504,1776360595000
1776360596.381,296.381,0.95,10.0,0.94,10.0,0.97,128.73,0.98,178.0,0.04,4.0,0.03,138.73,0.05,10.0,0.06,10.0,0.02,0.01,2325.452504,1776360595000
1776360596.629,296.629,0.96,10.0,0.95,10.0,0.97,36.29,0.98,178.0,0.07,8.0,0.06,10.0,0.09,125.0,0.1,70.0,0.01,0.02,2325.452504,1776360595000
1776360596.875,296.875,0.97,10.0,0.96,10.0,0.98,775.92,0.99,1742.21,0.02,818.0,0.01,1732.21,0.06,5.98,0.07,10.0,0.01,0.04,2325.452504,1776360595000
1776360597.09,297.09,0.96,10.0,0.95,10.0,0.98,730.2,0.99,1742.21,0.03,4.84,0.02,775.92,0.04,10.0,0.05,10.0,0.02,0.01,2325.452504,1776360595000
1776360597.335,297.335,0.97,10.0,0.96,10.0,0.99,1720.79,,,0.02,219.99,0.01,1742.21,0.04,10.0,0.05,10.0,0.02,0.02,2325.378927,1776360596000
1776360597.584,297.584,0.98,10.0,0.97,10.0,0.99,937.28,,,0.01,955.28,,,0.02,10.0,0.03,10.0,0.01,0.01,2325.378927,1776360596000
1776360597.789,297.789,0.98,15.0,0.97,10.0,0.99,316.67,,,0.01,318.67,,,0.02,15.0,0.03,10.0,0.01,0.01,2325.378927,1776360596000
1776360598.048,298.048,0.98,15.0,0.97,10.0,0.99,151.45,,,0.01,158.32,,,0.02,15.0,0.03,10.0,0.01,0.01,2325.378927,1776360596000
1776360598.351,298.351,0.98,15.0,0.97,10.0,0.99,42.78,,,0.01,49.65,,,0.02,15.0,0.03,10.0,0.01,0.01,2325.378799,1776360597000
1776360599.113,299.113,0.99,4547.71,0.98,38.0,,,,,,,,,0.01,10.74,0.02,15.0,,,2325.378799,1776360597000
1776360599.797,299.797,0.99,18048.97,0.98,33.0,,,,,,,,,0.01,4787.49,0.02,38.0,,,2325.292959,1776360598000
1776360600.041,300.041,0.99,24050.99,0.98,33.0,,,,,,,,,0.01,21150.99,0.02,33.0,,,2325.292959,1776360598000

# RESULT,winner=Up,slug=eth-updown-5m-1776360300,ticks=434
