timestamp,elapsed_sec,up_bid_p1,up_bid_s1,up_bid_p2,up_bid_s2,up_ask_p1,up_ask_s1,up_ask_p2,up_ask_s2,down_bid_p1,down_bid_s1,down_bid_p2,down_bid_s2,down_ask_p1,down_ask_s1,down_ask_p2,down_ask_s2,up_spread,down_spread,eth_price,eth_oracle_ts
1776289501.236,1.236,0.47,13.51,0.33,305.0,0.5,16.75,0.67,305.0,0.5,16.75,0.4,43.0,0.53,10.0,0.6,38.0,0.03,0.03,2359.09152,1776289499000
1776289501.5,1.5,0.33,305.0,0.31,375.0,0.5,12.75,0.67,305.0,0.5,12.75,0.33,305.0,0.67,305.0,0.69,375.0,0.17,0.17,2359.046362,1776289500000
1776289502.019,2.019,0.39,5.0,0.38,11.0,0.4,5.9,0.41,5.0,0.5,12.75,0.33,305.0,0.67,305.0,0.69,375.0,0.01,0.17,2359.046362,1776289500000
1776289502.322,2.322,0.4,1.9,0.39,5.0,0.47,11.0,0.48,22.0,0.6,5.9,0.59,5.0,0.61,5.0,0.62,11.0,0.07,0.01,2358.912,1776289501000
1776289502.789,2.789,0.42,5.0,0.41,5.0,0.49,10.63,0.5,12.75,0.53,5.18,0.52,22.0,0.6,1.9,0.61,5.0,0.07,0.07,2358.912,1776289501000
1776289503.137,3.137,0.42,20.0,0.41,10.0,0.44,10.89,0.47,11.0,0.51,10.63,0.5,12.75,0.58,5.0,0.59,5.0,0.02,0.07,2358.912,1776289501000
1776289503.39,3.39,0.41,2.59,0.4,1.9,0.44,13.61,0.45,5.0,0.56,13.61,0.55,5.0,0.58,20.0,0.59,15.0,0.03,0.02,2358.912,1776289501000
1776289503.678,3.678,0.44,16.39,0.42,5.0,0.45,5.0,0.47,11.0,0.56,13.61,0.55,5.0,0.59,2.59,0.6,1.9,0.01,0.03,2358.286885,1776289502000
1776289504.073,4.073,0.46,45.0,0.44,16.39,0.47,11.0,0.5,12.75,0.53,11.0,0.5,12.75,0.54,45.0,0.56,16.39,0.01,0.01,2358.306414,1776289503000
1776289505.19,5.19,0.46,45.0,0.44,16.39,0.47,11.0,0.5,12.75,0.53,11.0,0.5,12.75,0.54,45.0,0.56,16.39,0.01,0.01,2358.680281,1776289504000
1776289505.891,5.891,0.47,4.0,0.46,148.01,0.49,25.0,0.5,32.75,0.53,11.0,0.5,12.75,0.54,45.0,0.56,16.39,0.02,0.01,2358.680281,1776289504000
1776289506.271,6.271,0.46,119.01,0.45,15.0,0.48,15.0,0.49,15.0,0.52,15.0,0.51,15.0,0.54,119.01,0.55,15.0,0.02,0.02,2358.844139,1776289505000
1776289507.554,7.554,0.46,119.01,0.45,15.0,0.48,15.0,0.49,15.0,0.52,15.0,0.51,15.0,0.54,119.01,0.55,15.0,0.02,0.02,2358.879105,1776289506000
1776289508.432,8.432,0.46,119.01,0.45,15.0,0.48,15.0,0.49,15.0,0.52,15.0,0.51,15.0,0.54,119.01,0.55,15.0,0.02,0.02,2358.851601,1776289507000
1776289509.055,9.055,0.47,115.0,0.46,179.6,0.48,5.0,0.49,20.0,0.52,15.0,0.51,15.0,0.54,119.01,0.55,15.0,0.01,0.02,2358.851601,1776289507000
1776289509.5,9.5,0.47,111.13,0.46,179.6,0.48,5.0,0.49,25.0,0.52,5.0,0.51,20.0,0.53,115.0,0.54,179.6,0.01,0.01,2358.886432,1776289508000
1776289509.887,9.887,0.47,48.11,0.46,259.6,0.48,5.0,0.49,25.0,0.52,5.0,0.51,25.0,0.53,33.11,0.54,79.6,0.01,0.01,2358.886432,1776289508000
1776289510.394,10.394,0.48,26.0,0.47,45.0,0.49,19.0,0.5,312.75,0.51,14.0,0.5,127.75,0.52,6.0,0.53,50.0,0.01,0.01,2358.886432,1776289508000
1776289510.741,10.741,0.48,34.07,0.47,40.0,0.49,4.0,0.5,207.75,0.51,4.0,0.5,207.75,0.52,34.07,0.53,40.0,0.01,0.01,2358.892232,1776289509000
1776289510.984,10.984,0.49,128.0,0.48,49.07,0.5,0.75,0.51,201.0,0.51,4.0,0.5,207.75,0.52,34.07,0.53,40.0,0.01,0.01,2358.892232,1776289509000
1776289511.206,11.206,0.5,10.0,0.49,108.0,0.51,180.0,0.52,115.0,0.49,184.0,0.48,115.0,0.51,118.0,0.52,56.07,0.01,0.02,2358.892232,1776289509000
1776289511.973,11.973,0.52,6.0,0.51,25.0,0.53,10.0,0.54,105.0,0.49,185.0,0.48,120.0,0.5,13.0,0.51,118.0,0.01,0.01,2358.886814,1776289510000
1776289512.535,12.535,0.53,12.65,0.52,152.36,0.54,91.66,0.55,138.0,0.46,86.66,0.45,133.0,0.47,15.0,0.48,42.0,0.01,0.01,2358.886814,1776289510000
1776289513.306,13.306,0.53,12.65,0.52,152.36,0.54,91.66,0.55,138.0,0.46,91.66,0.45,138.0,0.47,12.65,0.48,152.36,0.01,0.01,2358.88439,1776289512000
1776289514.46,14.46,0.52,19.17,0.51,15.0,0.54,355.16,0.55,128.0,0.46,91.66,0.45,138.0,0.47,12.65,0.48,152.36,0.02,0.01,2358.88439,1776289512000
1776289514.858,14.858,0.52,0.17,0.51,25.5,0.53,330.5,0.54,112.16,0.46,355.16,0.45,128.0,0.48,19.17,0.49,15.0,0.01,0.02,2358.88439,1776289512000
1776289515.366,15.366,0.52,0.17,0.51,25.5,0.53,204.74,0.54,112.16,0.47,381.42,0.46,112.16,0.48,0.17,0.49,25.5,0.01,0.01,2359.08775,1776289513000
1776289515.843,15.843,0.52,0.17,0.51,25.5,0.53,204.74,0.54,112.16,0.47,204.74,0.46,112.16,0.48,0.17,0.49,25.5,0.01,0.01,2359.12255,1776289514000
1776289516.536,16.536,0.52,117.85,0.51,215.5,0.53,5.0,0.54,99.16,0.47,5.0,0.46,99.16,0.48,117.85,0.49,215.5,0.01,0.01,2359.127428,1776289515000
1776289517.143,17.143,0.52,57.76,0.51,273.5,0.53,22.42,0.54,294.16,0.47,1.92,0.46,104.16,0.48,112.85,0.49,215.5,0.01,0.01,2359.127428,1776289515000
1776289518.684,18.684,0.52,57.76,0.51,273.5,0.53,22.42,0.54,294.16,0.47,22.42,0.46,294.16,0.48,57.76,0.49,273.5,0.01,0.01,2359.19895,1776289517000
1776289519.235,19.235,0.52,57.76,0.51,273.5,0.53,22.42,0.54,294.16,0.47,22.42,0.46,294.16,0.48,57.76,0.49,273.5,0.01,0.01,2359.22115,1776289518000
1776289520.273,20.273,0.56,20.0,0.55,40.0,0.57,157.5,0.58,178.0,0.47,22.42,0.46,294.16,0.48,57.76,0.49,273.5,0.01,0.01,2359.22115,1776289518000
1776289520.522,20.522,0.56,115.93,0.55,40.0,0.57,157.5,0.58,178.0,0.43,157.5,0.42,178.0,0.44,20.0,0.45,40.0,0.01,0.01,2359.22115,1776289518000
1776289521.223,21.223,0.56,108.65,0.55,220.0,0.57,157.5,0.58,178.0,0.43,157.5,0.42,178.0,0.44,108.65,0.45,220.0,0.01,0.01,2359.219938,1776289520000
1776289521.94,21.94,0.56,108.65,0.55,220.0,0.57,157.5,0.58,178.0,0.43,157.5,0.42,178.0,0.44,108.65,0.45,220.0,0.01,0.01,2359.235651,1776289521000
1776289523.29,23.29,0.56,108.65,0.55,220.0,0.57,157.5,0.58,178.0,0.43,157.5,0.42,178.0,0.44,108.65,0.45,220.0,0.01,0.01,2359.387157,1776289522000
1776289524.682,24.682,0.56,108.65,0.55,220.0,0.57,157.5,0.58,178.0,0.43,157.5,0.42,178.0,0.44,108.65,0.45,220.0,0.01,0.01,2359.401151,1776289523000
1776289525.418,25.418,0.57,27.94,0.56,255.5,0.59,61.35,0.6,35.0,0.43,157.5,0.42,178.0,0.44,108.65,0.45,220.0,0.02,0.01,2359.401151,1776289523000
1776289525.766,25.766,0.57,27.94,0.56,255.5,0.59,61.35,0.6,35.0,0.41,61.35,0.4,35.0,0.43,27.94,0.44,255.5,0.02,0.02,2359.4512,1776289524000
1776289526.086,26.086,0.58,31.0,0.57,73.44,0.59,70.85,0.6,70.0,0.41,61.35,0.4,35.0,0.43,27.94,0.44,255.5,0.01,0.02,2359.4512,1776289524000
1776289526.296,26.296,0.58,31.0,0.57,73.44,0.59,54.85,0.6,70.0,0.41,54.85,0.4,70.0,0.42,31.0,0.43,73.44,0.01,0.01,2359.429036,1776289525000
1776289526.616,26.616,0.58,102.5,0.57,55.5,0.59,59.85,0.6,70.0,0.41,54.85,0.4,70.0,0.42,31.0,0.43,73.44,0.01,0.01,2359.429036,1776289525000
1776289527.008,27.008,0.59,72.84,0.58,144.0,0.6,30.0,0.61,12.0,0.41,59.85,0.4,70.0,0.42,102.5,0.43,55.5,0.01,0.01,2359.429036,1776289525000
1776289527.281,27.281,0.59,70.18,0.58,144.0,0.6,30.0,0.61,12.0,0.4,30.0,0.39,12.0,0.41,70.18,0.42,144.0,0.01,0.01,2359.49665,1776289526000
1776289527.614,27.614,0.6,102.28,0.59,70.18,0.61,12.0,0.62,98.5,0.39,12.0,0.38,93.5,0.4,2.34,0.41,90.18,0.01,0.01,2359.49665,1776289526000
1776289527.842,27.842,0.6,102.28,0.59,70.18,0.61,12.0,0.62,98.5,0.39,12.0,0.38,98.5,0.4,102.28,0.41,70.18,0.01,0.01,2359.514752,1776289527000
1776289528.288,28.288,0.6,99.78,0.59,70.18,0.61,5.36,0.62,278.5,0.39,10.36,0.38,98.5,0.4,99.78,0.41,70.18,0.01,0.01,2359.514752,1776289527000
1776289528.598,28.598,0.6,104.78,0.59,70.18,0.61,0.36,0.62,278.5,0.39,5.36,0.38,278.5,0.4,99.78,0.41,70.18,0.01,0.01,2359.514752,1776289527000
1776289529.205,29.205,0.6,87.28,0.59,70.18,0.61,0.36,0.62,278.5,0.39,0.36,0.38,278.5,0.4,104.78,0.41,70.18,0.01,0.01,2359.514752,1776289527000
1776289530.214,30.214,0.62,68.55,0.61,326.5,0.63,10.0,0.64,10.5,0.39,0.36,0.38,278.5,0.4,87.28,0.41,70.18,0.01,0.01,2359.761761,1776289528000
1776289530.716,30.716,0.65,30.5,0.64,80.5,0.67,19.5,0.68,16.13,0.37,10.0,0.36,10.5,0.38,68.55,0.39,326.5,0.02,0.01,2359.788866,1776289529000
1776289531.044,31.044,0.66,75.0,0.65,50.5,0.67,13.35,0.68,24.13,0.33,19.5,0.32,16.13,0.35,30.5,0.36,80.5,0.01,0.02,2359.762682,1776289530000
1776289531.332,31.332,0.66,75.0,0.65,220.0,0.68,62.63,0.69,38.0,0.33,13.35,0.32,24.13,0.34,75.0,0.35,50.5,0.02,0.01,2359.762682,1776289530000
1776289531.916,31.916,0.66,75.0,0.65,220.0,0.68,59.17,0.69,38.0,0.32,59.17,0.31,38.0,0.34,75.0,0.35,220.0,0.02,0.02,2359.834009,1776289531000
1776289532.653,32.653,0.67,84.92,0.66,55.0,0.68,78.5,0.69,233.0,0.32,93.5,0.31,223.0,0.33,1.06,0.34,55.0,0.01,0.01,2359.834009,1776289531000
1776289532.877,32.877,0.67,79.92,0.66,65.0,0.68,72.61,0.69,233.0,0.32,78.5,0.31,233.0,0.33,84.92,0.34,55.0,0.01,0.01,2359.834009,1776289531000
1776289533.159,33.159,0.67,79.92,0.66,65.0,0.68,72.61,0.69,233.0,0.32,72.61,0.31,233.0,0.33,79.92,0.34,65.0,0.01,0.01,2360.119775,1776289532000
1776289534.247,34.247,0.67,79.92,0.66,65.0,0.68,72.61,0.69,233.0,0.32,72.61,0.31,233.0,0.33,79.92,0.34,65.0,0.01,0.01,2360.17005,1776289533000
1776289534.883,34.883,0.67,89.9,0.66,75.0,0.68,92.61,0.69,218.0,0.32,72.61,0.31,233.0,0.33,79.92,0.34,65.0,0.01,0.01,2360.17005,1776289533000
1776289535.23,35.23,0.67,84.9,0.66,75.0,0.68,102.61,0.69,208.0,0.32,92.61,0.31,218.0,0.33,89.9,0.34,75.0,0.01,0.01,2360.17005,1776289533000
1776289535.899,35.899,0.67,84.9,0.66,75.0,0.68,102.61,0.69,208.0,0.32,102.61,0.31,208.0,0.33,84.9,0.34,75.0,0.01,0.01,2360.23425,1776289535000
1776289537.015,37.015,0.67,84.9,0.66,75.0,0.68,102.61,0.69,208.0,0.32,102.61,0.31,208.0,0.33,84.9,0.34,75.0,0.01,0.01,2360.2342,1776289536000
1776289537.331,37.331,0.65,5.02,0.6,15.5,0.66,91.5,0.67,46.5,0.32,302.61,0.31,43.0,0.34,10.0,0.35,10.02,0.01,0.02,2360.2342,1776289536000
1776289537.846,37.846,0.58,35.33,0.57,30.0,0.59,15.0,0.6,25.0,0.34,379.5,0.33,46.5,0.4,10.5,0.42,25.0,0.01,0.06,2360.2342,1776289536000
1776289538.151,38.151,0.58,35.33,0.57,30.0,0.59,15.0,0.6,25.0,0.41,15.0,0.4,25.0,0.42,35.33,0.43,30.0,0.01,0.01,2360.23415,1776289537000
1776289538.428,38.428,0.58,62.19,0.57,30.0,0.59,50.81,0.6,48.5,0.41,15.0,0.4,25.0,0.42,35.33,0.43,30.0,0.01,0.01,2360.23415,1776289537000
1776289539.019,39.019,0.53,40.0,0.52,140.5,0.57,1.97,0.58,60.5,0.41,93.81,0.4,48.5,0.42,28.19,0.43,41.0,0.04,0.01,2360.23415,1776289537000
1776289539.264,39.264,0.53,40.0,0.52,140.5,0.57,1.97,0.58,60.5,0.43,1.97,0.42,60.5,0.47,40.0,0.48,140.5,0.04,0.04,2360.049679,1776289538000
1776289539.793,39.793,0.55,6.89,0.54,89.96,0.56,338.5,0.57,15.0,0.43,1.97,0.42,60.5,0.47,40.0,0.48,140.5,0.01,0.04,2360.049679,1776289538000
1776289540.252,40.252,0.54,76.96,0.53,30.0,0.55,4.17,0.56,292.5,0.45,4.17,0.44,292.5,0.46,76.96,0.47,30.0,0.01,0.01,2359.632135,1776289539000
1776289540.678,40.678,0.55,7.0,0.54,81.96,0.56,313.5,0.57,10.0,0.45,4.17,0.44,292.5,0.46,76.96,0.47,30.0,0.01,0.01,2359.632135,1776289539000
1776289541.313,41.313,0.58,30.0,0.57,10.0,0.59,34.82,0.6,5.0,0.44,313.5,0.43,10.0,0.45,7.0,0.46,81.96,0.01,0.01,2359.632135,1776289539000
1776289541.914,41.914,0.58,40.0,0.57,97.76,0.59,2.93,0.6,5.0,0.41,34.82,0.4,5.0,0.42,30.0,0.43,10.0,0.01,0.01,2359.455951,1776289540000
1776289542.618,42.618,0.58,70.0,0.57,25.0,0.59,2.93,0.6,5.0,0.41,2.93,0.4,5.0,0.42,40.0,0.43,97.76,0.01,0.01,2359.39847,1776289541000
1776289543.018,43.018,0.58,70.0,0.57,25.0,0.59,2.93,0.6,5.0,0.41,2.93,0.4,5.0,0.42,70.0,0.43,25.0,0.01,0.01,2359.510467,1776289542000
1776289543.407,43.407,0.6,287.5,0.59,76.5,0.63,75.0,0.66,35.0,0.39,31.03,0.37,75.0,0.42,204.5,0.43,66.0,0.03,0.03,2359.510467,1776289542000
1776289543.984,43.984,0.6,318.93,0.59,71.5,0.63,50.0,0.66,35.0,0.37,50.0,0.34,35.0,0.4,318.93,0.41,71.5,0.03,0.03,2359.672448,1776289543000
1776289544.689,44.689,0.63,2.91,0.61,5.0,0.64,452.5,0.65,36.5,0.33,5.5,0.32,88.5,0.34,15.0,0.35,55.0,0.01,0.01,2359.672448,1776289543000
1776289544.957,44.957,0.57,6.16,0.55,27.0,0.58,40.0,0.59,10.0,0.36,462.5,0.35,41.5,0.43,11.0,0.45,27.0,0.01,0.07,2359.672448,1776289543000
1776289545.172,45.172,0.55,24.88,0.54,22.0,0.58,40.0,0.59,15.0,0.42,40.0,0.41,15.0,0.45,24.88,0.46,22.0,0.03,0.03,2359.7691,1776289544000
1776289545.43,45.43,0.55,24.88,0.54,22.0,0.57,214.0,0.58,50.0,0.43,222.0,0.42,49.0,0.44,25.0,0.45,24.88,0.02,0.01,2359.7691,1776289544000
1776289545.687,45.687,0.55,97.25,0.54,42.5,0.56,79.15,0.57,239.5,0.44,65.21,0.43,224.0,0.45,97.25,0.46,42.5,0.01,0.01,2359.7691,1776289544000
1776289545.94,45.94,0.55,68.75,0.54,232.5,0.56,64.15,0.57,64.0,0.44,79.15,0.43,239.5,0.45,97.25,0.46,42.5,0.01,0.01,2359.7691,1776289544000
1776289546.262,46.262,0.55,10.0,0.54,42.5,0.56,157.0,0.57,145.5,0.44,64.15,0.43,64.0,0.45,68.75,0.46,232.5,0.01,0.01,2359.7691,1776289544000
1776289546.951,46.951,0.55,72.59,0.54,52.5,0.56,302.64,0.57,60.5,0.44,29.14,0.43,145.5,0.45,20.0,0.46,42.5,0.01,0.01,2359.875596,1776289545000
1776289547.34,47.34,0.55,72.59,0.54,52.5,0.56,320.85,0.57,60.5,0.44,320.85,0.43,60.5,0.45,72.59,0.46,52.5,0.01,0.01,2359.459883,1776289546000
1776289547.923,47.923,0.55,72.59,0.54,52.5,0.56,320.85,0.57,60.5,0.44,320.85,0.43,60.5,0.45,72.59,0.46,52.5,0.01,0.01,2359.47015,1776289547000
1776289548.441,48.441,0.55,16.26,0.54,30.5,0.56,297.14,0.57,60.5,0.44,301.01,0.43,60.5,0.45,19.2,0.46,20.0,0.01,0.01,2359.47015,1776289547000
1776289548.768,48.768,0.55,13.94,0.54,30.5,0.56,297.14,0.57,60.5,0.44,297.14,0.43,60.5,0.45,16.26,0.46,30.5,0.01,0.01,2359.47015,1776289547000
1776289549.05,49.05,0.55,8.94,0.54,30.5,0.56,317.14,0.57,60.5,0.44,317.14,0.43,60.5,0.45,8.94,0.46,30.5,0.01,0.01,2359.470152,1776289548000
1776289549.431,49.431,0.55,500.5,0.54,170.5,0.57,5.0,0.58,70.0,0.44,34.14,0.43,30.0,0.45,21.0,0.46,93.5,0.02,0.01,2359.470152,1776289548000
1776289550.039,50.039,0.6,6.7,0.59,15.0,0.61,55.0,0.62,85.0,0.42,70.0,0.41,50.0,0.44,10.0,0.45,520.5,0.01,0.02,2359.470152,1776289548000
1776289551.292,51.292,0.6,6.7,0.59,15.0,0.61,55.0,0.62,85.0,0.39,55.0,0.38,85.0,0.4,6.7,0.41,15.0,0.01,0.01,2359.608965,1776289550000
1776289552.077,52.077,0.61,24.0,0.6,295.2,0.62,80.0,0.63,40.0,0.39,55.0,0.38,85.0,0.4,6.7,0.41,15.0,0.01,0.01,2359.608965,1776289550000
1776289552.342,52.342,0.61,53.5,0.6,293.7,0.62,73.64,0.63,40.0,0.38,80.0,0.37,40.0,0.4,293.7,0.41,61.64,0.01,0.02,2359.608965,1776289550000
1776289552.73,52.73,0.61,147.11,0.6,328.7,0.62,30.0,0.63,15.0,0.38,73.64,0.37,40.0,0.39,53.5,0.4,293.7,0.01,0.01,2359.864657,1776289551000
1776289553.188,53.188,0.61,309.11,0.6,90.7,0.62,0.16,0.63,5.0,0.38,30.0,0.37,15.0,0.39,130.11,0.4,339.7,0.01,0.01,2359.864657,1776289551000
1776289554.357,54.357,0.61,309.11,0.6,90.7,0.62,0.16,0.63,5.0,0.38,0.16,0.37,5.0,0.39,309.11,0.4,90.7,0.01,0.01,2359.865186,1776289553000
1776289554.603,54.603,0.61,304.11,0.6,90.7,0.63,5.0,0.64,45.0,0.38,0.16,0.37,5.0,0.39,309.11,0.4,90.7,0.02,0.01,2359.865186,1776289553000
1776289555.969,55.969,0.61,304.11,0.6,90.7,0.63,5.0,0.64,45.0,0.37,5.0,0.36,45.0,0.39,304.11,0.4,90.7,0.02,0.02,2359.800742,1776289554000
1776289556.761,56.761,0.61,304.11,0.6,90.7,0.63,5.0,0.64,45.0,0.37,5.0,0.36,45.0,0.39,304.11,0.4,90.7,0.02,0.02,2359.873774,1776289555000
1776289557.543,57.543,0.61,304.11,0.6,90.7,0.63,5.0,0.64,45.0,0.37,5.0,0.36,45.0,0.39,304.11,0.4,90.7,0.02,0.02,2359.912194,1776289556000
1776289557.903,57.903,0.68,80.0,0.67,25.5,0.69,37.4,0.7,148.5,0.31,36.93,0.3,125.5,0.32,20.0,0.33,25.5,0.01,0.01,2359.912194,1776289556000
1776289558.235,58.235,0.68,80.0,0.67,25.5,0.69,8.0,0.7,148.5,0.31,8.0,0.3,148.5,0.32,80.0,0.33,25.5,0.01,0.01,2359.922622,1776289557000
1776289559.322,59.322,0.68,80.0,0.67,25.5,0.69,8.0,0.7,148.5,0.31,8.0,0.3,148.5,0.32,80.0,0.33,25.5,0.01,0.01,2359.991643,1776289558000
1776289559.588,59.588,0.69,40.0,0.68,60.0,0.7,113.5,0.71,40.0,0.31,8.0,0.3,148.5,0.32,80.0,0.33,25.5,0.01,0.01,2359.991643,1776289558000
1776289559.954,59.954,0.68,60.0,0.67,25.0,0.7,118.5,0.71,45.0,0.3,113.5,0.29,40.0,0.31,40.0,0.32,60.0,0.02,0.01,2359.991643,1776289558000
1776289560.23,60.23,0.68,60.0,0.67,25.0,0.69,13.3,0.7,113.5,0.31,13.3,0.3,113.5,0.32,60.0,0.33,25.0,0.01,0.01,2360.0993,1776289559000
1776289560.797,60.797,0.69,70.94,0.68,60.0,0.7,67.7,0.71,40.0,0.3,83.28,0.29,50.0,0.32,85.0,0.33,215.5,0.01,0.02,2360.0993,1776289559000
1776289561.351,61.351,0.69,77.71,0.68,65.5,0.7,44.07,0.71,30.5,0.3,64.57,0.29,40.0,0.31,70.94,0.32,60.0,0.01,0.01,2360.0993,1776289559000
1776289561.663,61.663,0.69,80.94,0.68,65.5,0.7,48.57,0.71,30.5,0.3,48.57,0.29,30.5,0.31,80.94,0.32,65.5,0.01,0.01,2360.2112,1776289560000
1776289562.367,62.367,0.66,30.0,0.65,10.0,0.7,261.57,0.71,138.5,0.3,48.57,0.29,30.5,0.31,80.94,0.32,65.5,0.04,0.01,2360.2112,1776289560000
1776289563.199,63.199,0.66,30.0,0.65,10.0,0.68,7.65,0.69,231.5,0.32,7.65,0.31,231.5,0.34,30.0,0.35,10.0,0.02,0.02,2360.2264,1776289562000
1776289563.775,63.775,0.63,18.53,0.61,10.0,0.64,53.0,0.65,265.5,0.33,335.5,0.32,84.2,0.36,20.0,0.37,30.5,0.01,0.03,2360.2264,1776289562000
1776289563.996,63.996,0.63,18.53,0.61,10.0,0.64,137.43,0.65,253.5,0.36,53.0,0.35,265.5,0.37,18.53,0.39,10.0,0.01,0.01,2360.2264,1776289562000
1776289564.572,64.572,0.63,13.39,0.61,10.0,0.64,116.8,0.65,253.5,0.36,116.8,0.35,253.5,0.37,13.39,0.39,10.0,0.01,0.01,2360.176806,1776289563000
1776289564.817,64.817,0.63,108.63,0.62,41.08,0.64,119.8,0.65,263.5,0.36,116.8,0.35,253.5,0.37,13.39,0.39,10.0,0.01,0.01,2360.176806,1776289563000
1776289565.185,65.185,0.63,108.63,0.62,41.08,0.64,119.8,0.65,263.5,0.36,119.8,0.35,263.5,0.37,108.63,0.38,41.08,0.01,0.01,2359.946885,1776289564000
1776289565.691,65.691,0.6,113.0,0.59,45.0,0.64,332.0,0.65,163.5,0.36,119.8,0.35,263.5,0.37,108.63,0.38,41.08,0.04,0.01,2359.946885,1776289564000
1776289566.686,66.686,0.62,5.0,0.6,45.0,0.63,261.07,0.64,152.5,0.37,11.01,0.36,84.0,0.39,10.0,0.4,118.0,0.01,0.02,2359.946885,1776289564000
1776289567.295,67.295,0.6,83.0,0.59,50.0,0.61,69.36,0.62,30.0,0.39,25.36,0.38,10.0,0.4,78.0,0.41,45.0,0.01,0.01,2359.730337,1776289565000
1776289567.745,67.745,0.6,83.0,0.59,50.0,0.61,69.36,0.62,30.0,0.39,69.36,0.38,30.0,0.4,83.0,0.41,50.0,0.01,0.01,2359.718722,1776289566000
1776289567.968,67.968,0.6,303.5,0.59,60.5,0.63,12.0,0.64,10.0,0.39,69.36,0.38,30.0,0.4,83.0,0.41,50.0,0.03,0.01,2359.718722,1776289566000
1776289568.341,68.341,0.63,25.0,0.62,78.0,0.64,26.2,0.65,42.0,0.37,12.0,0.36,10.0,0.4,303.5,0.41,60.5,0.01,0.03,2359.718722,1776289566000
1776289568.606,68.606,0.62,56.81,0.61,25.5,0.64,36.2,0.65,67.0,0.36,26.2,0.35,42.0,0.37,25.0,0.38,78.0,0.02,0.01,2359.639428,1776289567000
1776289569.185,69.185,0.62,101.81,0.61,30.5,0.63,25.0,0.64,38.2,0.37,25.0,0.36,38.2,0.38,101.81,0.39,30.5,0.01,0.01,2359.594916,1776289568000
1776289570.65,70.65,0.62,101.81,0.61,30.5,0.63,25.0,0.64,38.2,0.37,25.0,0.36,38.2,0.38,101.81,0.39,30.5,0.01,0.01,2359.636206,1776289569000
1776289571.271,71.271,0.62,101.81,0.61,30.5,0.63,25.0,0.64,38.2,0.37,25.0,0.36,38.2,0.38,101.81,0.39,30.5,0.01,0.01,2359.678768,1776289570000
1776289571.656,71.656,0.64,125.34,0.63,15.0,0.65,40.0,0.66,306.0,0.35,40.0,0.34,306.0,0.36,134.32,0.37,15.0,0.01,0.01,2359.678768,1776289570000
1776289572.732,72.732,0.64,125.34,0.63,15.0,0.65,40.0,0.66,306.0,0.35,40.0,0.34,306.0,0.36,125.34,0.37,15.0,0.01,0.01,2359.695677,1776289571000
1776289573.505,73.505,0.64,57.34,0.63,68.0,0.65,17.69,0.66,306.0,0.35,40.0,0.34,306.0,0.36,125.34,0.37,15.0,0.01,0.01,2359.695677,1776289571000
1776289573.765,73.765,0.64,43.45,0.63,68.0,0.65,17.69,0.66,306.0,0.35,17.69,0.34,306.0,0.36,57.34,0.37,68.0,0.01,0.01,2359.695677,1776289571000
1776289574.659,74.659,0.64,43.45,0.63,68.0,0.65,17.69,0.66,306.0,0.35,17.69,0.34,306.0,0.36,43.45,0.37,68.0,0.01,0.01,2359.8201,1776289573000
1776289575.259,75.259,0.64,35.95,0.63,68.0,0.65,202.69,0.66,114.0,0.35,202.69,0.34,114.0,0.36,35.95,0.37,68.0,0.01,0.01,2359.8011,1776289574000
1776289576.316,76.316,0.64,35.95,0.63,68.0,0.65,202.69,0.66,114.0,0.35,202.69,0.34,114.0,0.36,35.95,0.37,68.0,0.01,0.01,2359.812675,1776289575000
1776289577.247,77.247,0.64,35.95,0.63,68.0,0.65,202.69,0.66,114.0,0.35,202.69,0.34,114.0,0.36,35.95,0.37,68.0,0.01,0.01,2359.79835,1776289576000
1776289578.37,78.37,0.64,35.95,0.63,68.0,0.65,202.69,0.66,114.0,0.35,202.69,0.34,114.0,0.36,35.95,0.37,68.0,0.01,0.01,2359.79835,1776289577000
1776289578.947,78.947,0.64,35.95,0.63,68.0,0.65,202.69,0.66,114.0,0.35,202.69,0.34,114.0,0.36,35.95,0.37,68.0,0.01,0.01,2359.78855,1776289578000
1776289579.184,79.184,0.64,25.0,0.63,15.0,0.65,428.19,0.66,145.5,0.35,202.69,0.34,114.0,0.36,35.95,0.37,68.0,0.01,0.01,2359.78855,1776289578000
1776289579.75,79.75,0.63,10.0,0.62,10.0,0.64,173.0,0.65,341.19,0.35,446.19,0.34,145.5,0.37,15.0,0.4,40.0,0.01,0.02,2359.78855,1776289578000
1776289579.971,79.971,0.63,10.0,0.62,10.0,0.64,173.0,0.65,341.19,0.36,173.0,0.35,341.19,0.37,10.0,0.38,10.0,0.01,0.01,2359.7683,1776289579000
1776289581.01,81.01,0.63,10.0,0.62,10.0,0.64,173.0,0.65,341.19,0.36,173.0,0.35,341.19,0.37,10.0,0.38,10.0,0.01,0.01,2359.661121,1776289580000
1776289582.122,82.122,0.63,10.0,0.62,10.0,0.64,173.0,0.65,341.19,0.36,173.0,0.35,341.19,0.37,10.0,0.38,10.0,0.01,0.01,2359.598,1776289581000
1776289583.252,83.252,0.63,10.0,0.62,10.0,0.64,173.0,0.65,341.19,0.36,173.0,0.35,341.19,0.37,10.0,0.38,10.0,0.01,0.01,2359.52315,1776289582000
1776289584.299,84.299,0.63,10.0,0.62,10.0,0.64,173.0,0.65,341.19,0.36,173.0,0.35,341.19,0.37,10.0,0.38,10.0,0.01,0.01,2359.514181,1776289583000
1776289585.006,85.006,0.63,10.0,0.62,10.0,0.64,173.0,0.65,341.19,0.36,173.0,0.35,341.19,0.37,10.0,0.38,10.0,0.01,0.01,2359.514129,1776289584000
1776289586.097,86.097,0.63,10.0,0.62,10.0,0.64,173.0,0.65,341.19,0.36,173.0,0.35,341.19,0.37,10.0,0.38,10.0,0.01,0.01,2359.501294,1776289585000
1776289586.387,86.387,0.57,178.0,0.56,35.0,0.58,15.0,0.59,30.5,0.36,173.0,0.35,341.19,0.37,10.0,0.38,10.0,0.01,0.01,2359.501294,1776289585000
1776289587.215,87.215,0.57,178.0,0.56,35.0,0.58,15.0,0.59,30.5,0.42,15.0,0.41,30.5,0.43,178.0,0.44,35.0,0.01,0.01,2359.472936,1776289586000
1776289588.834,88.834,0.57,178.0,0.56,35.0,0.58,15.0,0.59,30.5,0.42,15.0,0.41,30.5,0.43,178.0,0.44,35.0,0.01,0.01,2359.431904,1776289587000
1776289589.11,89.11,0.57,38.44,0.56,45.0,0.58,83.0,0.59,72.5,0.42,15.0,0.41,30.5,0.43,178.0,0.44,35.0,0.01,0.01,2359.431904,1776289587000
1776289590.276,90.276,0.57,38.44,0.56,45.0,0.58,83.0,0.59,72.5,0.42,83.0,0.41,72.5,0.43,38.44,0.44,45.0,0.01,0.01,2359.427442,1776289589000
1776289591.167,91.167,0.57,38.44,0.56,45.0,0.58,83.0,0.59,72.5,0.42,83.0,0.41,72.5,0.43,38.44,0.44,45.0,0.01,0.01,2359.505245,1776289590000
1776289592.119,92.119,0.56,123.0,0.55,188.5,0.57,26.0,0.58,237.0,0.43,26.0,0.42,237.0,0.44,123.0,0.45,188.5,0.01,0.01,2359.426263,1776289591000
1776289593.044,93.044,0.56,123.0,0.55,188.5,0.57,26.0,0.58,237.0,0.43,26.0,0.42,237.0,0.44,123.0,0.45,188.5,0.01,0.01,2359.429221,1776289592000
1776289594.014,94.014,0.56,123.0,0.55,188.5,0.57,26.0,0.58,237.0,0.43,26.0,0.42,237.0,0.44,123.0,0.45,188.5,0.01,0.01,2359.422031,1776289593000
1776289595.029,95.029,0.56,123.0,0.55,188.5,0.57,26.0,0.58,237.0,0.43,26.0,0.42,237.0,0.44,123.0,0.45,188.5,0.01,0.01,2359.421881,1776289594000
1776289595.927,95.927,0.56,65.72,0.55,203.0,0.57,56.0,0.58,257.5,0.43,26.0,0.42,237.0,0.44,123.0,0.45,188.5,0.01,0.01,2359.421881,1776289594000
1776289596.95,96.95,0.56,65.72,0.55,203.0,0.57,56.0,0.58,257.5,0.43,56.0,0.42,257.5,0.44,65.72,0.45,203.0,0.01,0.01,2359.407959,1776289596000
1776289597.919,97.919,0.56,65.72,0.55,203.0,0.57,56.0,0.58,257.5,0.43,56.0,0.42,257.5,0.44,65.72,0.45,203.0,0.01,0.01,2359.281162,1776289597000
1776289598.47,98.47,0.56,60.72,0.55,213.0,0.57,213.71,0.58,67.5,0.43,56.0,0.42,257.5,0.44,65.72,0.45,203.0,0.01,0.01,2359.281162,1776289597000
1776289599.022,99.022,0.56,60.72,0.55,213.0,0.57,213.71,0.58,67.5,0.43,213.71,0.42,67.5,0.44,60.72,0.45,213.0,0.01,0.01,2359.266195,1776289598000
1776289599.723,99.723,0.58,10.0,0.57,437.49,0.59,8.0,0.6,10.0,0.43,213.71,0.42,67.5,0.44,60.72,0.45,213.0,0.01,0.01,2359.266195,1776289598000
1776289600.082,100.082,0.58,153.49,0.57,380.5,0.63,25.0,0.64,50.0,0.37,25.0,0.36,50.0,0.42,153.49,0.43,380.5,0.05,0.05,2359.292009,1776289599000
1776289601.586,101.586,0.58,153.49,0.57,380.5,0.63,25.0,0.64,50.0,0.37,25.0,0.36,50.0,0.42,153.49,0.43,380.5,0.05,0.05,2359.50997,1776289600000
1776289602.106,102.106,0.58,153.49,0.57,380.5,0.63,25.0,0.64,50.0,0.37,25.0,0.36,50.0,0.42,153.49,0.43,380.5,0.05,0.05,2359.605654,1776289601000
1776289603.139,103.139,0.58,153.49,0.57,380.5,0.63,25.0,0.64,50.0,0.37,25.0,0.36,50.0,0.42,153.49,0.43,380.5,0.05,0.05,2359.727388,1776289602000
1776289604.135,104.135,0.58,153.49,0.57,380.5,0.63,25.0,0.64,50.0,0.37,25.0,0.36,50.0,0.42,153.49,0.43,380.5,0.05,0.05,2359.695243,1776289603000
1776289604.487,104.487,0.65,30.5,0.64,83.5,0.66,86.0,0.67,241.0,0.37,25.0,0.36,50.0,0.42,153.49,0.43,380.5,0.01,0.05,2359.695243,1776289603000
1776289605.065,105.065,0.65,30.5,0.64,83.5,0.66,86.0,0.67,241.0,0.34,86.0,0.33,241.0,0.35,30.5,0.36,83.5,0.01,0.01,2359.694293,1776289604000
1776289606.129,106.129,0.65,30.5,0.64,83.5,0.66,86.0,0.67,241.0,0.34,86.0,0.33,241.0,0.35,30.5,0.36,83.5,0.01,0.01,2359.711063,1776289605000
1776289607.088,107.088,0.65,30.5,0.64,83.5,0.66,86.0,0.67,241.0,0.34,86.0,0.33,241.0,0.35,30.5,0.36,83.5,0.01,0.01,2359.716461,1776289606000
1776289608.216,108.216,0.65,30.5,0.64,83.5,0.66,86.0,0.67,241.0,0.34,86.0,0.33,241.0,0.35,30.5,0.36,83.5,0.01,0.01,2359.716273,1776289607000
1776289609.064,109.064,0.65,30.5,0.64,83.5,0.66,86.0,0.67,241.0,0.34,86.0,0.33,241.0,0.35,30.5,0.36,83.5,0.01,0.01,2359.758028,1776289608000
1776289609.808,109.808,0.69,29.88,0.68,323.5,0.72,75.0,0.73,95.0,0.34,86.0,0.33,241.0,0.35,30.5,0.36,83.5,0.03,0.01,2359.758028,1776289608000
1776289610.155,110.155,0.69,29.88,0.68,323.5,0.72,75.0,0.73,95.0,0.28,75.0,0.27,95.0,0.31,29.88,0.32,323.5,0.03,0.03,2359.774677,1776289609000
1776289611.112,111.112,0.69,29.88,0.68,323.5,0.72,75.0,0.73,95.0,0.28,75.0,0.27,95.0,0.31,29.88,0.32,323.5,0.03,0.03,2360.024696,1776289610000
1776289612.147,112.147,0.69,29.88,0.68,323.5,0.72,75.0,0.73,95.0,0.28,75.0,0.27,95.0,0.31,29.88,0.32,323.5,0.03,0.03,2360.186168,1776289611000
1776289613.024,113.024,0.72,265.0,0.71,123.5,0.73,29.0,0.74,25.0,0.28,75.0,0.27,95.0,0.31,29.88,0.32,323.5,0.01,0.03,2360.186168,1776289611000
1776289613.251,113.251,0.72,5.0,0.71,10.0,0.73,375.55,0.74,80.5,0.27,29.0,0.26,25.0,0.28,265.0,0.29,123.5,0.01,0.01,2360.203022,1776289612000
1776289613.878,113.878,0.68,12.42,0.67,50.0,0.69,323.5,0.7,115.5,0.27,561.55,0.26,70.5,0.29,10.0,0.31,50.0,0.01,0.02,2360.203022,1776289612000
1776289614.689,114.689,0.68,7.26,0.67,50.0,0.69,323.5,0.7,105.5,0.31,323.5,0.3,105.5,0.32,7.26,0.33,50.0,0.01,0.01,2360.274097,1776289613000
1776289615.153,115.153,0.68,7.26,0.67,50.0,0.69,323.5,0.7,105.5,0.31,323.5,0.3,105.5,0.32,7.26,0.33,50.0,0.01,0.01,2360.033731,1776289614000
1776289615.546,115.546,0.68,12.4,0.66,10.0,0.69,439.77,0.7,117.5,0.31,323.5,0.3,105.5,0.32,7.26,0.33,50.0,0.01,0.01,2360.033731,1776289614000
1776289616.378,116.378,0.66,10.0,0.65,20.5,0.69,433.24,0.7,117.5,0.31,433.24,0.3,117.5,0.34,10.0,0.35,20.5,0.03,0.03,2359.856021,1776289615000
1776289616.645,116.645,0.67,78.34,0.66,10.0,0.68,120.0,0.69,281.24,0.31,433.24,0.3,117.5,0.34,10.0,0.35,20.5,0.01,0.03,2359.856021,1776289615000
1776289616.904,116.904,0.67,78.34,0.66,10.0,0.68,120.0,0.69,281.24,0.32,120.0,0.31,281.24,0.33,78.34,0.34,10.0,0.01,0.01,2359.864766,1776289616000
1776289618.032,118.032,0.67,136.34,0.66,20.5,0.68,285.6,0.69,80.74,0.32,125.08,0.31,281.24,0.33,78.34,0.34,10.0,0.01,0.01,2359.864766,1776289616000
1776289618.928,118.928,0.67,73.0,0.66,20.5,0.68,295.45,0.69,80.74,0.32,285.6,0.31,80.74,0.33,136.34,0.34,20.5,0.01,0.01,2359.743141,1776289617000
1776289619.223,119.223,0.67,73.0,0.66,20.5,0.68,295.45,0.69,80.74,0.32,295.45,0.31,80.74,0.33,73.0,0.34,20.5,0.01,0.01,2359.813271,1776289618000
1776289620.273,120.273,0.67,73.0,0.66,20.5,0.68,295.45,0.69,80.74,0.32,295.45,0.31,80.74,0.33,73.0,0.34,20.5,0.01,0.01,2359.749401,1776289619000
1776289620.583,120.583,0.67,73.0,0.66,20.5,0.68,246.45,0.69,80.74,0.32,295.45,0.31,80.74,0.33,73.0,0.34,20.5,0.01,0.01,2359.749401,1776289619000
1776289621.066,121.066,0.67,73.0,0.66,20.5,0.68,232.28,0.69,58.74,0.32,244.64,0.31,58.74,0.33,73.0,0.34,20.5,0.01,0.01,2359.749401,1776289619000
1776289621.371,121.371,0.67,73.0,0.66,20.5,0.68,228.1,0.69,58.74,0.32,228.1,0.31,58.74,0.33,73.0,0.34,20.5,0.01,0.01,2359.669912,1776289620000
1776289621.949,121.949,0.67,73.0,0.66,20.5,0.68,228.1,0.69,58.74,0.32,228.1,0.31,58.74,0.33,73.0,0.34,20.5,0.01,0.01,2359.841712,1776289621000
1776289622.364,122.364,0.67,73.0,0.66,20.5,0.68,214.04,0.69,58.74,0.32,228.1,0.31,58.74,0.33,73.0,0.34,20.5,0.01,0.01,2359.841712,1776289621000
1776289623.148,123.148,0.67,73.0,0.66,20.5,0.68,214.04,0.69,58.74,0.32,214.04,0.31,58.74,0.33,73.0,0.34,20.5,0.01,0.01,2359.840101,1776289622000
1776289623.88,123.88,0.65,5.94,0.64,215.0,0.68,220.04,0.69,69.74,0.32,214.04,0.31,58.74,0.33,73.0,0.34,20.5,0.03,0.01,2359.840101,1776289622000
1776289624.206,124.206,0.65,5.94,0.64,215.0,0.68,220.04,0.69,69.74,0.32,220.04,0.31,69.74,0.35,5.94,0.36,215.0,0.03,0.03,2359.836559,1776289623000
1776289624.946,124.946,0.67,21.87,0.66,162.61,0.68,216.49,0.69,80.24,0.32,220.04,0.31,69.74,0.35,5.94,0.36,215.0,0.01,0.03,2359.836559,1776289623000
1776289625.175,125.175,0.67,21.87,0.66,162.61,0.68,216.49,0.69,80.24,0.32,216.49,0.31,80.24,0.33,21.87,0.34,162.61,0.01,0.01,2359.836039,1776289624000
1776289625.897,125.897,0.67,121.76,0.66,83.5,0.68,17.15,0.69,54.24,0.32,216.49,0.31,80.24,0.33,21.87,0.34,162.61,0.01,0.01,2359.836039,1776289624000
1776289626.196,126.196,0.67,121.76,0.66,83.5,0.68,17.15,0.69,54.24,0.32,17.15,0.31,54.24,0.33,121.76,0.34,83.5,0.01,0.01,2359.805227,1776289625000
1776289626.563,126.563,0.67,101.6,0.66,83.5,0.68,5.0,0.69,59.24,0.32,17.15,0.31,54.24,0.33,121.76,0.34,83.5,0.01,0.01,2359.805227,1776289625000
1776289626.867,126.867,0.67,116.6,0.66,98.5,0.68,1.75,0.69,62.24,0.32,5.0,0.31,59.24,0.33,101.6,0.34,83.5,0.01,0.01,2359.805227,1776289625000
1776289627.218,127.218,0.67,116.6,0.66,98.5,0.68,1.75,0.69,62.24,0.32,1.75,0.31,62.24,0.33,116.6,0.34,98.5,0.01,0.01,2359.740711,1776289626000
1776289627.439,127.439,0.69,162.5,0.68,294.5,0.72,5.14,0.73,80.0,0.31,4.0,0.3,20.0,0.32,72.5,0.33,222.1,0.03,0.01,2359.740711,1776289626000
1776289627.762,127.762,0.71,459.49,0.7,56.07,0.74,10.0,0.75,75.0,0.28,5.14,0.27,80.0,0.31,162.5,0.32,294.5,0.03,0.03,2359.740711,1776289626000
1776289628.097,128.097,0.74,77.03,0.73,67.5,0.76,100.0,0.77,35.5,0.26,10.0,0.25,75.0,0.29,459.49,0.3,56.07,0.02,0.03,2359.740711,1776289626000
1776289628.584,128.584,0.74,77.03,0.73,67.5,0.76,100.0,0.77,35.5,0.24,100.0,0.23,35.5,0.26,77.03,0.27,67.5,0.02,0.02,2359.854455,1776289627000
1776289628.876,128.876,0.75,64.17,0.74,57.03,0.76,97.0,0.77,35.5,0.24,100.0,0.23,35.5,0.26,77.03,0.27,67.5,0.01,0.02,2359.854455,1776289627000
1776289629.165,129.165,0.75,64.17,0.74,57.03,0.76,97.0,0.77,35.5,0.24,97.0,0.23,35.5,0.25,64.17,0.26,57.03,0.01,0.01,2359.905188,1776289628000
1776289629.718,129.718,0.74,18.72,0.73,297.92,0.76,5.0,0.77,35.5,0.24,97.0,0.23,35.5,0.25,64.17,0.26,57.03,0.02,0.01,2359.905188,1776289628000
1776289630.115,130.115,0.74,18.72,0.73,297.92,0.76,5.0,0.77,35.5,0.24,5.0,0.23,35.5,0.26,18.72,0.27,297.92,0.02,0.02,2360.174416,1776289629000
1776289630.591,130.591,0.76,16.0,0.75,25.0,0.77,40.5,0.78,84.0,0.23,35.5,0.22,84.0,0.25,25.0,0.26,49.22,0.01,0.02,2360.174416,1776289629000
1776289631.097,131.097,0.76,6.69,0.75,25.0,0.77,40.5,0.78,89.0,0.23,40.5,0.22,89.0,0.24,6.69,0.25,25.0,0.01,0.01,2360.268302,1776289630000
1776289632.034,132.034,0.75,1.42,0.74,20.5,0.76,4.5,0.77,278.5,0.24,4.5,0.23,278.5,0.25,1.42,0.26,20.5,0.01,0.01,2360.332579,1776289631000
1776289632.542,132.542,0.75,29.66,0.74,83.5,0.76,2.74,0.77,283.5,0.24,2.74,0.23,283.5,0.25,35.42,0.26,78.5,0.01,0.01,2360.332579,1776289631000
1776289633.077,133.077,0.75,29.66,0.74,83.5,0.76,2.74,0.77,283.5,0.24,2.74,0.23,283.5,0.25,29.66,0.26,83.5,0.01,0.01,2360.32187,1776289632000
1776289633.434,133.434,0.75,44.66,0.74,88.5,0.77,283.5,0.78,36.0,0.24,2.74,0.23,283.5,0.25,29.66,0.26,83.5,0.02,0.01,2360.32187,1776289632000
1776289633.928,133.928,0.75,44.66,0.74,88.5,0.77,283.5,0.78,36.0,0.23,283.5,0.22,36.0,0.25,44.66,0.26,88.5,0.02,0.02,2360.322849,1776289633000
1776289634.437,134.437,0.76,10.0,0.75,34.66,0.77,253.5,0.78,36.0,0.23,283.5,0.22,36.0,0.25,44.66,0.26,88.5,0.01,0.02,2360.322849,1776289633000
1776289634.873,134.873,0.76,10.0,0.75,34.66,0.77,253.5,0.78,36.0,0.23,253.5,0.22,36.0,0.24,10.0,0.25,34.66,0.01,0.01,2360.346844,1776289634000
1776289635.906,135.906,0.76,10.0,0.75,34.66,0.77,253.5,0.78,36.0,0.23,253.5,0.22,36.0,0.24,10.0,0.25,34.66,0.01,0.01,2360.347397,1776289635000
1776289636.707,136.707,0.75,24.56,0.74,108.5,0.77,190.0,0.78,102.5,0.23,253.5,0.22,36.0,0.24,10.0,0.25,34.66,0.02,0.01,2360.347397,1776289635000
1776289637.248,137.248,0.76,20.0,0.75,121.49,0.77,188.7,0.78,92.0,0.23,190.0,0.22,102.5,0.25,24.56,0.26,108.5,0.01,0.02,2360.335411,1776289636000
1776289637.629,137.629,0.76,10.0,0.75,121.49,0.77,192.7,0.78,92.0,0.23,188.7,0.22,92.0,0.24,20.0,0.25,121.49,0.01,0.01,2360.335411,1776289636000
1776289638.309,138.309,0.76,9.9,0.75,121.49,0.77,193.7,0.78,92.0,0.23,193.7,0.22,92.0,0.24,9.9,0.25,121.49,0.01,0.01,2360.3307,1776289637000
1776289639.232,139.232,0.76,9.9,0.75,121.49,0.77,193.7,0.78,92.0,0.23,193.7,0.22,92.0,0.24,9.9,0.25,121.49,0.01,0.01,2360.341331,1776289638000
1776289640.117,140.117,0.76,93.92,0.75,93.5,0.77,183.7,0.78,92.0,0.23,188.7,0.22,92.0,0.24,71.92,0.25,102.56,0.01,0.01,2360.341331,1776289638000
1776289640.546,140.546,0.76,74.42,0.75,98.5,0.78,39.0,0.79,304.5,0.23,183.7,0.22,92.0,0.24,93.92,0.25,93.5,0.02,0.01,2360.372707,1776289639000
1776289641.176,141.176,0.76,74.42,0.75,98.5,0.78,39.0,0.79,304.5,0.22,39.0,0.21,304.5,0.24,74.42,0.25,98.5,0.02,0.02,2360.391863,1776289640000
1776289642.387,142.387,0.76,74.42,0.75,98.5,0.78,39.0,0.79,304.5,0.22,39.0,0.21,304.5,0.24,74.42,0.25,98.5,0.02,0.02,2360.416573,1776289641000
1776289643.502,143.502,0.76,74.42,0.75,98.5,0.78,39.0,0.79,304.5,0.22,39.0,0.21,304.5,0.24,74.42,0.25,98.5,0.02,0.02,2360.423337,1776289642000
1776289644.028,144.028,0.76,74.42,0.75,98.5,0.78,39.0,0.79,304.5,0.22,39.0,0.21,304.5,0.24,74.42,0.25,98.5,0.02,0.02,2360.441288,1776289643000
1776289645.101,145.101,0.76,74.42,0.75,98.5,0.78,39.0,0.79,304.5,0.22,39.0,0.21,304.5,0.24,74.42,0.25,98.5,0.02,0.02,2360.428,1776289644000
1776289646.227,146.227,0.76,74.42,0.75,98.5,0.78,39.0,0.79,304.5,0.22,39.0,0.21,304.5,0.24,74.42,0.25,98.5,0.02,0.02,2360.444767,1776289645000
1776289646.54,146.54,0.79,51.0,0.78,76.5,0.8,26.05,0.81,176.5,0.22,39.0,0.21,304.5,0.24,74.42,0.25,98.5,0.01,0.02,2360.444767,1776289645000
1776289647.369,147.369,0.79,38.66,0.78,76.5,0.8,31.05,0.81,176.5,0.2,31.05,0.19,176.5,0.21,38.66,0.22,76.5,0.01,0.01,2360.453455,1776289646000
1776289647.927,147.927,0.79,38.66,0.78,76.5,0.8,31.05,0.81,176.5,0.2,31.05,0.19,176.5,0.21,38.66,0.22,76.5,0.01,0.01,2360.45825,1776289647000
1776289648.377,148.377,0.82,15.0,0.81,23.0,0.83,315.23,0.84,99.0,0.2,31.05,0.19,176.5,0.21,38.66,0.22,76.5,0.01,0.01,2360.45825,1776289647000
1776289649.058,149.058,0.82,15.0,0.81,23.0,0.83,315.23,0.84,99.0,0.17,315.23,0.16,99.0,0.18,15.0,0.19,23.0,0.01,0.01,2360.461845,1776289648000
1776289649.266,149.266,0.81,17.0,0.8,31.0,0.83,372.44,0.84,43.0,0.17,372.44,0.16,43.0,0.18,15.0,0.19,28.0,0.02,0.01,2360.461845,1776289648000
1776289650.13,150.13,0.81,17.0,0.8,31.0,0.83,372.44,0.84,43.0,0.17,372.44,0.16,43.0,0.19,17.0,0.2,31.0,0.02,0.02,2360.5192,1776289649000
1776289650.608,150.608,0.82,36.0,0.81,37.5,0.83,317.94,0.84,53.0,0.17,372.44,0.16,43.0,0.19,17.0,0.2,31.0,0.01,0.02,2360.5192,1776289649000
1776289650.905,150.905,0.82,83.75,0.81,37.5,0.83,297.94,0.84,53.0,0.17,302.94,0.16,53.0,0.18,36.0,0.19,37.5,0.01,0.01,2360.5192,1776289649000
1776289651.231,151.231,0.82,83.75,0.81,37.5,0.83,297.94,0.84,53.0,0.17,297.94,0.16,53.0,0.18,83.75,0.19,37.5,0.01,0.01,2360.5586,1776289650000
1776289652.355,152.355,0.82,83.75,0.81,37.5,0.83,295.73,0.84,43.0,0.17,295.73,0.16,43.0,0.18,83.75,0.19,37.5,0.01,0.01,2360.569494,1776289651000
1776289652.687,152.687,0.82,83.75,0.81,22.0,0.83,284.23,0.84,71.5,0.17,295.73,0.16,43.0,0.18,83.75,0.19,37.5,0.01,0.01,2360.569494,1776289651000
1776289652.945,152.945,0.81,17.0,0.8,28.0,0.83,340.23,0.84,71.5,0.17,340.23,0.16,71.5,0.19,17.0,0.2,28.0,0.02,0.02,2360.56345,1776289652000
1776289653.982,153.982,0.81,143.04,0.8,28.0,0.82,281.15,0.83,147.44,0.17,340.23,0.16,71.5,0.19,17.0,0.2,28.0,0.01,0.02,2360.56345,1776289652000
1776289654.247,154.247,0.81,143.04,0.8,28.0,0.82,270.07,0.83,147.44,0.18,281.15,0.17,147.44,0.19,143.04,0.2,28.0,0.01,0.01,2360.57345,1776289653000
1776289654.998,154.998,0.81,117.77,0.8,28.0,0.82,275.07,0.83,147.44,0.18,270.07,0.17,147.44,0.19,143.04,0.2,28.0,0.01,0.01,2360.57345,1776289653000
1776289655.388,155.388,0.81,128.27,0.8,38.5,0.82,226.85,0.83,136.94,0.18,261.07,0.17,147.44,0.19,117.77,0.2,28.0,0.01,0.01,2360.57345,1776289653000
1776289655.634,155.634,0.81,133.77,0.8,96.5,0.82,195.0,0.83,35.94,0.18,203.0,0.17,35.94,0.19,139.27,0.2,96.5,0.01,0.01,2360.57345,1776289653000
1776289655.862,155.862,0.81,117.77,0.8,86.0,0.82,219.11,0.83,75.44,0.18,219.11,0.17,75.44,0.19,117.77,0.2,86.0,0.01,0.01,2360.486381,1776289654000
1776289656.471,156.471,0.81,57.77,0.8,86.0,0.82,278.11,0.83,158.94,0.18,278.11,0.17,158.94,0.19,57.77,0.2,86.0,0.01,0.01,2360.476376,1776289655000
1776289656.92,156.92,0.81,151.85,0.8,86.0,0.82,301.03,0.83,158.94,0.18,278.11,0.17,158.94,0.19,57.77,0.2,86.0,0.01,0.01,2360.476376,1776289655000
1776289658.297,158.297,0.81,159.85,0.8,96.5,0.82,268.03,0.83,81.94,0.18,301.03,0.17,158.94,0.19,151.85,0.2,86.0,0.01,0.01,2360.47889,1776289656000
1776289658.873,158.873,0.81,154.85,0.8,96.5,0.82,260.59,0.83,81.94,0.18,260.59,0.17,81.94,0.19,154.85,0.2,96.5,0.01,0.01,2360.466343,1776289658000
1776289660.232,160.232,0.81,182.07,0.8,96.5,0.82,282.84,0.83,81.94,0.18,282.84,0.17,81.94,0.19,182.07,0.2,96.5,0.01,0.01,2360.458133,1776289659000
1776289660.907,160.907,0.81,125.68,0.8,86.5,0.82,239.18,0.83,81.94,0.18,258.44,0.17,81.94,0.19,63.82,0.2,96.5,0.01,0.01,2360.458133,1776289659000
1776289661.218,161.218,0.81,125.68,0.8,86.5,0.82,221.16,0.83,81.94,0.18,233.26,0.17,81.94,0.19,120.68,0.2,86.5,0.01,0.01,2360.458133,1776289659000
1776289661.522,161.522,0.81,125.68,0.8,86.5,0.82,221.16,0.83,81.94,0.18,221.16,0.17,81.94,0.19,125.68,0.2,86.5,0.01,0.01,2360.458767,1776289660000
1776289661.832,161.832,0.79,10.0,0.78,10.0,0.8,21.5,0.81,198.5,0.18,395.06,0.17,107.44,0.21,10.0,0.22,10.0,0.01,0.03,2360.458767,1776289660000
1776289662.117,162.117,0.79,10.0,0.78,10.0,0.8,190.61,0.81,128.5,0.2,190.61,0.19,128.5,0.21,10.0,0.22,10.0,0.01,0.01,2360.458767,1776289661000
1776289662.97,162.97,0.78,10.0,0.77,76.0,0.79,153.34,0.8,293.11,0.2,190.61,0.19,128.5,0.21,10.0,0.22,10.0,0.01,0.01,2360.458767,1776289661000
1776289663.437,163.437,0.78,10.0,0.77,76.0,0.79,153.34,0.8,293.11,0.21,153.34,0.2,293.11,0.22,10.0,0.23,76.0,0.01,0.01,2360.463896,1776289662000
1776289663.928,163.928,0.78,10.0,0.77,68.0,0.79,150.54,0.8,288.11,0.21,153.34,0.2,293.11,0.22,10.0,0.23,76.0,0.01,0.01,2360.463896,1776289662000
1776289665.216,165.216,0.78,10.0,0.77,68.0,0.79,150.54,0.8,288.11,0.21,150.54,0.2,288.11,0.22,10.0,0.23,68.0,0.01,0.01,2360.249345,1776289664000
1776289666.439,166.439,0.78,15.0,0.77,73.0,0.79,314.67,0.8,98.11,0.21,150.54,0.2,288.11,0.22,10.0,0.23,68.0,0.01,0.01,2360.249345,1776289664000
1776289666.83,166.83,0.76,35.0,0.75,60.0,0.77,376.16,0.78,86.5,0.21,314.67,0.2,98.11,0.22,15.0,0.23,73.0,0.01,0.01,2360.242362,1776289665000
1776289667.284,167.284,0.76,35.0,0.75,60.0,0.77,376.16,0.78,86.5,0.23,376.16,0.22,86.5,0.24,35.0,0.25,60.0,0.01,0.01,2360.242362,1776289666000
1776289668.272,168.272,0.75,10.0,0.74,15.0,0.76,310.21,0.77,204.46,0.23,376.16,0.22,86.5,0.24,35.0,0.25,60.0,0.01,0.01,2360.242362,1776289666000
1776289669.576,169.576,0.73,123.0,0.72,60.0,0.76,305.91,0.77,173.46,0.24,305.91,0.23,173.46,0.27,123.0,0.28,60.0,0.03,0.03,2360.193184,1776289668000
1776289670.135,170.135,0.71,83.0,0.7,50.0,0.72,133.04,0.73,90.8,0.24,305.91,0.23,173.46,0.27,123.0,0.28,60.0,0.01,0.03,2360.193184,1776289668000
1776289671.234,171.234,0.69,72.5,0.68,35.5,0.7,65.5,0.71,140.0,0.28,133.04,0.27,90.8,0.29,83.0,0.3,50.0,0.01,0.01,2360.19131,1776289669000
1776289671.485,171.485,0.7,190.0,0.69,128.07,0.72,16.96,0.73,18.3,0.29,40.0,0.28,27.96,0.31,116.5,0.32,226.5,0.02,0.02,2360.19131,1776289669000
1776289671.686,171.686,0.71,330.5,0.7,74.5,0.73,33.0,0.76,29.7,0.28,16.96,0.27,18.3,0.3,190.0,0.31,128.07,0.02,0.02,2360.19131,1776289669000
1776289672.299,172.299,0.75,26.37,0.74,31.5,0.76,44.7,0.77,104.44,0.24,39.7,0.23,115.44,0.25,32.65,0.26,25.5,0.01,0.01,2360.037326,1776289670000
1776289673.308,173.308,0.75,26.37,0.74,31.5,0.76,44.7,0.77,104.44,0.24,44.7,0.23,104.44,0.25,26.37,0.26,31.5,0.01,0.01,2359.787666,1776289672000
1776289673.798,173.798,0.75,340.37,0.74,31.5,0.76,28.7,0.77,104.44,0.24,44.7,0.23,104.44,0.25,26.37,0.26,31.5,0.01,0.01,2359.787666,1776289672000
1776289674.14,174.14,0.75,88.48,0.74,201.0,0.76,4.5,0.77,99.44,0.24,28.7,0.23,104.44,0.25,340.37,0.26,31.5,0.01,0.01,2359.787666,1776289672000
1776289675.351,175.351,0.75,98.48,0.74,31.5,0.76,4.5,0.77,99.44,0.24,4.5,0.23,99.44,0.25,88.48,0.26,201.0,0.01,0.01,2359.882525,1776289673000
1776289676.344,176.344,0.75,98.48,0.74,31.5,0.76,4.5,0.77,99.44,0.24,4.5,0.23,99.44,0.25,98.48,0.26,31.5,0.01,0.01,2359.990447,1776289675000
1776289677.23,177.23,0.75,98.48,0.74,31.5,0.76,4.5,0.77,99.44,0.24,4.5,0.23,99.44,0.25,98.48,0.26,31.5,0.01,0.01,2360.010547,1776289676000
1776289677.558,177.558,0.75,88.48,0.74,31.5,0.76,13.42,0.77,45.8,0.24,4.5,0.23,99.44,0.25,98.48,0.26,31.5,0.01,0.01,2360.010547,1776289676000
1776289678.413,178.413,0.75,88.48,0.74,31.5,0.76,13.42,0.77,45.8,0.24,13.42,0.23,45.8,0.25,88.48,0.26,31.5,0.01,0.01,2359.988644,1776289677000
1776289678.974,178.974,0.75,88.48,0.74,31.5,0.76,13.42,0.77,45.8,0.24,13.42,0.23,45.8,0.25,88.48,0.26,31.5,0.01,0.01,2359.997961,1776289678000
1776289680.002,180.002,0.75,88.48,0.74,31.5,0.76,13.42,0.77,45.8,0.24,13.42,0.23,45.8,0.25,88.48,0.26,31.5,0.01,0.01,2359.969235,1776289679000
1776289680.906,180.906,0.75,88.48,0.74,31.5,0.76,13.42,0.77,45.8,0.24,13.42,0.23,45.8,0.25,88.48,0.26,31.5,0.01,0.01,2359.964928,1776289680000
1776289681.114,181.114,0.75,151.98,0.74,217.5,0.78,54.5,0.79,124.7,0.24,13.42,0.23,45.8,0.25,88.48,0.26,31.5,0.03,0.01,2359.964928,1776289680000
1776289681.751,181.751,0.77,15.0,0.76,25.5,0.78,79.46,0.79,129.7,0.22,54.5,0.21,124.7,0.25,151.98,0.26,217.5,0.01,0.03,2359.964928,1776289680000
1776289681.985,181.985,0.77,15.0,0.76,25.5,0.78,92.17,0.79,129.7,0.22,79.46,0.21,129.7,0.23,15.0,0.24,25.5,0.01,0.01,2359.928306,1776289681000
1776289682.901,182.901,0.77,15.0,0.76,25.5,0.78,92.17,0.79,129.7,0.22,92.17,0.21,129.7,0.23,15.0,0.24,25.5,0.01,0.01,2359.948352,1776289682000
1776289683.94,183.94,0.77,15.0,0.76,25.5,0.78,92.17,0.79,129.7,0.22,92.17,0.21,129.7,0.23,15.0,0.24,25.5,0.01,0.01,2359.973223,1776289683000
1776289684.169,184.169,0.77,80.5,0.76,94.5,0.78,43.71,0.79,60.0,0.22,92.17,0.21,129.7,0.23,15.0,0.24,25.5,0.01,0.01,2359.973223,1776289683000
1776289685.417,185.417,0.77,80.5,0.76,94.5,0.78,43.71,0.79,60.0,0.22,43.71,0.21,60.0,0.23,80.5,0.24,94.5,0.01,0.01,2359.975122,1776289684000
1776289685.951,185.951,0.77,80.5,0.76,94.5,0.78,43.71,0.79,60.0,0.22,43.71,0.21,60.0,0.23,80.5,0.24,94.5,0.01,0.01,2359.983146,1776289685000
1776289686.544,186.544,0.77,138.5,0.76,221.5,0.79,60.0,0.8,215.0,0.22,43.71,0.21,60.0,0.23,80.5,0.24,94.5,0.02,0.01,2359.983146,1776289685000
1776289686.947,186.947,0.77,138.5,0.76,221.5,0.79,60.0,0.8,215.0,0.21,60.0,0.2,215.0,0.23,138.5,0.24,221.5,0.02,0.02,2359.988208,1776289686000
1776289688.067,188.067,0.77,138.5,0.76,221.5,0.79,60.0,0.8,215.0,0.21,60.0,0.2,215.0,0.23,138.5,0.24,221.5,0.02,0.02,2360.016416,1776289687000
1776289689.098,189.098,0.77,138.5,0.76,221.5,0.79,60.0,0.8,215.0,0.21,60.0,0.2,215.0,0.23,138.5,0.24,221.5,0.02,0.02,2359.999735,1776289688000
1776289689.688,189.688,0.75,166.98,0.74,55.5,0.79,71.0,0.8,220.05,0.21,60.0,0.2,215.0,0.23,138.5,0.24,221.5,0.04,0.02,2359.999735,1776289688000
1776289690.148,190.148,0.75,166.98,0.74,55.5,0.79,71.0,0.8,220.05,0.21,71.0,0.2,220.05,0.25,166.98,0.26,55.5,0.04,0.04,2360.010853,1776289689000
1776289691.124,191.124,0.75,166.98,0.74,55.5,0.79,71.0,0.8,220.05,0.21,71.0,0.2,220.05,0.25,166.98,0.26,55.5,0.04,0.04,2360.014414,1776289690000
1776289692.105,192.105,0.75,166.98,0.74,55.5,0.79,71.0,0.8,220.05,0.21,71.0,0.2,220.05,0.25,166.98,0.26,55.5,0.04,0.04,2360.01603,1776289691000
1776289693.158,193.158,0.75,166.98,0.74,55.5,0.79,71.0,0.8,220.05,0.21,71.0,0.2,220.05,0.25,166.98,0.26,55.5,0.04,0.04,2360.165305,1776289692000
1776289693.424,193.424,0.8,250.0,0.79,112.5,0.81,41.77,0.82,147.61,0.21,71.0,0.2,220.05,0.25,166.98,0.26,55.5,0.01,0.04,2360.165305,1776289692000
1776289694.135,194.135,0.8,245.0,0.79,112.5,0.81,21.59,0.82,147.61,0.19,21.59,0.18,147.61,0.2,245.0,0.21,112.5,0.01,0.01,2360.16022,1776289693000
1776289694.483,194.483,0.8,367.9,0.79,107.5,0.81,19.19,0.82,147.61,0.19,21.59,0.18,147.61,0.2,245.0,0.21,112.5,0.01,0.01,2360.16022,1776289693000
1776289694.729,194.729,0.8,367.9,0.79,107.5,0.81,7.0,0.82,147.61,0.19,19.19,0.18,147.61,0.2,367.9,0.21,107.5,0.01,0.01,2360.16022,1776289693000
1776289695.014,195.014,0.8,405.4,0.79,114.5,0.81,20.9,0.82,147.61,0.19,7.0,0.18,147.61,0.2,367.9,0.21,107.5,0.01,0.01,2360.16022,1776289693000
1776289695.228,195.228,0.8,405.4,0.79,114.5,0.81,20.9,0.82,147.61,0.19,20.9,0.18,147.61,0.2,405.4,0.21,114.5,0.01,0.01,2360.183599,1776289694000
1776289696.059,196.059,0.8,405.4,0.79,114.5,0.81,20.9,0.82,147.61,0.19,20.9,0.18,147.61,0.2,405.4,0.21,114.5,0.01,0.01,2360.19855,1776289695000
1776289697.02,197.02,0.8,405.4,0.79,114.5,0.81,20.9,0.82,147.61,0.19,20.9,0.18,147.61,0.2,405.4,0.21,114.5,0.01,0.01,2360.2036,1776289696000
1776289698.038,198.038,0.8,405.4,0.79,114.5,0.81,20.9,0.82,147.61,0.19,20.9,0.18,147.61,0.2,405.4,0.21,114.5,0.01,0.01,2360.199458,1776289697000
1776289698.988,198.988,0.79,149.68,0.78,56.5,0.8,1.68,0.81,10.31,0.19,31.0,0.18,110.11,0.21,32.0,0.22,56.5,0.01,0.02,2360.199458,1776289697000
1776289700.23,200.23,0.79,149.68,0.78,56.5,0.8,1.68,0.81,10.31,0.2,1.68,0.19,10.31,0.21,149.68,0.22,56.5,0.01,0.01,2360.201825,1776289699000
1776289701.249,201.249,0.79,149.68,0.78,56.5,0.8,1.68,0.81,10.31,0.2,1.68,0.19,10.31,0.21,149.68,0.22,56.5,0.01,0.01,2360.244185,1776289700000
1776289702.38,202.38,0.79,149.68,0.78,56.5,0.8,1.68,0.81,10.31,0.2,1.68,0.19,10.31,0.21,149.68,0.22,56.5,0.01,0.01,2360.197219,1776289701000
1776289702.89,202.89,0.79,149.68,0.78,56.5,0.8,1.68,0.81,10.31,0.2,1.68,0.19,10.31,0.21,149.68,0.22,56.5,0.01,0.01,2360.197498,1776289702000
1776289703.962,203.962,0.79,149.68,0.78,56.5,0.8,1.68,0.81,10.31,0.2,1.68,0.19,10.31,0.21,149.68,0.22,56.5,0.01,0.01,2360.22013,1776289703000
1776289705.171,205.171,0.79,149.68,0.78,56.5,0.8,1.68,0.81,10.31,0.2,1.68,0.19,10.31,0.21,149.68,0.22,56.5,0.01,0.01,2360.2032,1776289704000
1776289706.325,206.325,0.79,149.68,0.78,56.5,0.8,1.68,0.81,10.31,0.2,1.68,0.19,10.31,0.21,149.68,0.22,56.5,0.01,0.01,2360.198394,1776289705000
1776289706.588,206.588,0.81,45.0,0.8,112.0,0.82,65.61,0.83,133.5,0.2,1.68,0.19,10.31,0.21,149.68,0.22,56.5,0.01,0.01,2360.198394,1776289705000
1776289706.946,206.946,0.81,45.0,0.8,112.0,0.82,65.61,0.83,133.5,0.18,65.61,0.17,133.5,0.19,45.0,0.2,112.0,0.01,0.01,2360.181695,1776289706000
1776289708.029,208.029,0.81,45.0,0.8,112.0,0.82,65.61,0.83,133.5,0.18,65.61,0.17,133.5,0.19,45.0,0.2,112.0,0.01,0.01,2360.226487,1776289707000
1776289708.849,208.849,0.81,121.0,0.8,115.5,0.82,3.9,0.83,319.44,0.18,65.61,0.17,133.5,0.19,45.0,0.2,112.0,0.01,0.01,2360.226487,1776289707000
1776289709.081,209.081,0.81,121.0,0.8,115.5,0.82,3.9,0.83,319.44,0.18,3.9,0.17,319.44,0.19,121.0,0.2,115.5,0.01,0.01,2360.180587,1776289708000
1776289710.183,210.183,0.81,121.0,0.8,115.5,0.82,3.9,0.83,319.44,0.18,3.9,0.17,319.44,0.19,121.0,0.2,115.5,0.01,0.01,2360.198594,1776289709000
1776289710.62,210.62,0.82,37.0,0.81,91.0,0.83,256.44,0.84,96.81,0.18,3.9,0.17,319.44,0.19,121.0,0.2,115.5,0.01,0.01,2360.198594,1776289709000
1776289711.229,211.229,0.82,37.0,0.81,91.0,0.83,256.44,0.84,96.81,0.17,256.44,0.16,96.81,0.18,37.0,0.19,91.0,0.01,0.01,2360.20406,1776289710000
1776289712.415,212.415,0.82,37.0,0.81,91.0,0.83,256.44,0.84,96.81,0.17,256.44,0.16,96.81,0.18,37.0,0.19,91.0,0.01,0.01,2360.200393,1776289711000
1776289713.596,213.596,0.83,29.11,0.82,47.0,0.84,261.81,0.85,85.23,0.17,256.44,0.16,96.81,0.18,37.0,0.19,91.0,0.01,0.01,2360.200393,1776289711000
1776289714.363,214.363,0.83,29.11,0.82,47.0,0.84,261.81,0.85,85.23,0.16,261.81,0.15,85.23,0.17,29.11,0.18,47.0,0.01,0.01,2360.200298,1776289713000
1776289715.066,215.066,0.83,29.11,0.82,47.0,0.84,261.81,0.85,85.23,0.16,261.81,0.15,85.23,0.17,29.11,0.18,47.0,0.01,0.01,2360.20315,1776289714000
1776289716.795,216.795,0.83,29.11,0.82,47.0,0.84,261.81,0.85,85.23,0.16,261.81,0.15,85.23,0.17,29.11,0.18,47.0,0.01,0.01,2360.200787,1776289715000
1776289717.405,217.405,0.83,29.11,0.82,47.0,0.84,261.81,0.85,85.23,0.16,261.81,0.15,85.23,0.17,29.11,0.18,47.0,0.01,0.01,2360.195543,1776289716000
1776289717.744,217.744,0.85,54.0,0.84,162.0,0.86,6.71,0.88,178.01,0.14,4.32,0.12,178.01,0.15,41.0,0.16,162.0,0.01,0.01,2360.195543,1776289716000
1776289717.948,217.948,0.86,10.0,0.85,82.0,0.88,146.19,0.89,110.0,0.12,123.57,0.11,110.0,0.14,10.0,0.15,64.0,0.02,0.02,2360.195543,1776289716000
1776289718.154,218.154,0.87,141.87,0.86,65.0,0.88,111.06,0.89,110.0,0.12,147.2,0.11,110.0,0.14,53.78,0.15,98.0,0.01,0.02,2360.195543,1776289716000
1776289718.885,218.885,0.88,6.66,0.87,420.37,0.91,10.0,0.92,10.0,0.12,111.06,0.11,110.0,0.13,141.87,0.14,65.0,0.03,0.01,2360.225313,1776289717000
1776289719.226,219.226,0.9,6.0,0.89,88.5,0.91,10.0,0.92,10.0,0.09,10.0,0.08,10.0,0.12,6.66,0.13,420.37,0.01,0.03,2360.225313,1776289717000
1776289719.686,219.686,0.9,8.73,0.89,15.0,0.94,57.67,0.95,190.47,0.06,57.67,0.05,190.47,0.1,8.73,0.11,15.0,0.04,0.04,2360.765512,1776289718000
1776289720.181,220.181,0.92,93.5,0.91,283.49,0.93,39.0,0.94,57.67,0.06,57.67,0.05,190.47,0.1,8.73,0.11,15.0,0.01,0.04,2360.765512,1776289718000
1776289721.18,221.18,0.91,36.0,0.9,195.0,0.92,12.0,0.93,78.42,0.07,68.42,0.06,57.67,0.08,17.11,0.09,333.47,0.01,0.01,2361.047893,1776289719000
1776289721.904,221.904,0.91,9.0,0.9,195.0,0.92,54.0,0.93,40.42,0.08,54.0,0.07,40.42,0.09,9.0,0.1,195.0,0.01,0.01,2361.057635,1776289720000
1776289722.581,222.581,0.88,43.91,0.87,214.0,0.91,258.0,0.92,98.0,0.09,258.0,0.08,98.0,0.12,43.91,0.13,214.0,0.03,0.03,2360.949847,1776289721000
1776289723.074,223.074,0.91,275.99,0.9,115.49,0.94,90.67,0.95,180.47,0.08,21.9,0.07,16.0,0.09,5.0,0.1,336.0,0.03,0.01,2360.949847,1776289721000
1776289723.336,223.336,0.91,275.99,0.9,115.49,0.94,90.67,0.95,180.47,0.06,90.67,0.05,180.47,0.09,275.99,0.1,115.49,0.03,0.03,2360.941072,1776289722000
1776289723.862,223.862,0.92,135.0,0.91,493.99,0.93,7.84,0.94,7.67,0.06,90.67,0.05,180.47,0.09,275.99,0.1,115.49,0.01,0.03,2360.941072,1776289722000
1776289724.142,224.142,0.92,135.0,0.91,493.99,0.93,7.84,0.94,7.67,0.07,7.84,0.06,7.67,0.08,135.0,0.09,493.99,0.01,0.01,2360.829392,1776289723000
1776289725.052,225.052,0.92,155.49,0.91,454.99,0.94,7.67,0.95,191.47,0.07,4.84,0.06,7.67,0.08,135.0,0.09,453.99,0.02,0.01,2360.829392,1776289723000
1776289725.467,225.467,0.92,155.49,0.91,454.99,0.94,7.67,0.95,191.47,0.06,7.67,0.05,191.47,0.08,155.49,0.09,454.99,0.02,0.02,2361.029954,1776289724000
1776289726.208,226.208,0.92,155.49,0.91,454.99,0.94,7.67,0.95,191.47,0.06,7.67,0.05,191.47,0.08,155.49,0.09,454.99,0.02,0.02,2361.02978,1776289725000
1776289727.136,227.136,0.93,319.28,0.92,176.5,0.94,7.67,0.95,121.67,0.06,7.67,0.05,191.47,0.08,155.49,0.09,454.99,0.01,0.02,2361.02978,1776289725000
1776289727.567,227.567,0.93,413.03,0.92,176.5,0.95,301.67,0.96,261.8,0.05,301.67,0.04,261.8,0.07,413.03,0.08,176.5,0.02,0.02,2361.043416,1776289726000
1776289728.231,228.231,0.93,413.03,0.92,176.5,0.95,301.67,0.96,261.8,0.05,301.67,0.04,261.8,0.07,413.03,0.08,176.5,0.02,0.02,2361.043414,1776289727000
1776289728.601,228.601,0.94,262.0,0.93,203.03,0.95,429.71,0.96,211.8,0.05,301.67,0.04,261.8,0.07,413.03,0.08,176.5,0.01,0.02,2361.043414,1776289727000
1776289729.527,229.527,0.94,95.33,0.93,203.03,0.95,429.71,0.96,211.8,0.05,429.71,0.04,211.8,0.06,95.33,0.07,203.03,0.01,0.01,2361.043833,1776289728000
1776289729.962,229.962,0.94,397.66,0.93,181.52,0.95,303.61,0.96,237.0,0.05,303.61,0.04,237.0,0.06,422.33,0.07,181.52,0.01,0.01,2361.043833,1776289728000
1776289730.22,230.22,0.94,397.66,0.93,181.52,0.95,303.61,0.96,237.0,0.05,303.61,0.04,237.0,0.06,397.66,0.07,181.52,0.01,0.01,2361.04388,1776289729000
1776289730.751,230.751,0.94,392.66,0.93,200.83,0.95,303.61,0.96,330.8,0.05,303.61,0.04,237.0,0.06,397.66,0.07,181.52,0.01,0.01,2361.04388,1776289729000
1776289731.408,231.408,0.94,362.66,0.93,306.12,0.95,285.92,0.96,237.0,0.05,303.61,0.04,330.8,0.06,392.66,0.07,200.83,0.01,0.01,2361.04388,1776289729000
1776289731.943,231.943,0.94,362.66,0.93,306.12,0.95,285.92,0.96,237.0,0.05,285.92,0.04,237.0,0.06,362.66,0.07,306.12,0.01,0.01,2361.214638,1776289731000
1776289732.331,232.331,0.94,362.66,0.93,323.98,0.95,258.02,0.96,243.0,0.05,285.92,0.04,237.0,0.06,362.66,0.07,306.12,0.01,0.01,2361.214638,1776289731000
1776289732.696,232.696,0.94,362.66,0.93,323.98,0.95,253.02,0.96,243.0,0.05,258.02,0.04,243.0,0.06,362.66,0.07,323.98,0.01,0.01,2361.214638,1776289731000
1776289732.973,232.973,0.94,362.66,0.93,323.98,0.95,253.02,0.96,243.0,0.05,253.02,0.04,243.0,0.06,362.66,0.07,323.98,0.01,0.01,2361.244791,1776289732000
1776289733.277,233.277,0.94,382.66,0.93,356.99,0.95,201.96,0.96,218.0,0.05,253.02,0.04,243.0,0.06,362.66,0.07,323.98,0.01,0.01,2361.244791,1776289732000
1776289733.928,233.928,0.94,382.66,0.93,356.99,0.95,201.96,0.96,218.0,0.05,201.96,0.04,218.0,0.06,382.66,0.07,356.99,0.01,0.01,2361.196041,1776289733000
1776289734.298,234.298,0.94,412.66,0.93,374.98,0.95,201.69,0.96,99.0,0.05,201.96,0.04,218.0,0.06,382.66,0.07,356.99,0.01,0.01,2361.196041,1776289733000
1776289734.903,234.903,0.94,412.66,0.93,374.98,0.95,201.69,0.96,99.0,0.05,201.69,0.04,99.0,0.06,412.66,0.07,374.98,0.01,0.01,2361.22476,1776289734000
1776289735.894,235.894,0.94,412.66,0.93,374.98,0.95,201.69,0.96,99.0,0.05,201.69,0.04,99.0,0.06,412.66,0.07,374.98,0.01,0.01,2361.249081,1776289735000
1776289736.397,236.397,0.94,523.46,0.93,402.98,0.97,365.44,0.98,952.7,0.05,201.69,0.04,99.0,0.06,412.66,0.07,374.98,0.03,0.01,2361.249081,1776289735000
1776289736.721,236.721,0.94,533.46,0.93,407.98,0.97,367.24,0.98,952.7,0.03,365.44,0.02,952.7,0.06,523.46,0.07,402.98,0.03,0.03,2361.249081,1776289735000
1776289736.922,236.922,0.96,171.0,0.95,251.0,0.97,515.62,0.98,842.69,0.03,367.24,0.02,952.7,0.06,533.46,0.07,407.98,0.01,0.03,2361.234,1776289736000
1776289737.138,237.138,0.96,423.99,0.95,345.8,0.97,235.26,0.98,544.7,0.03,515.62,0.02,842.69,0.04,171.0,0.05,251.0,0.01,0.01,2361.234,1776289736000
1776289737.429,237.429,0.96,505.05,0.95,333.8,0.97,209.64,0.98,622.7,0.03,210.68,0.02,622.7,0.04,500.05,0.05,326.8,0.01,0.01,2361.234,1776289736000
1776289737.908,237.908,0.96,505.05,0.95,333.8,0.97,209.64,0.98,622.7,0.03,209.64,0.02,622.7,0.04,505.05,0.05,333.8,0.01,0.01,2361.24295,1776289737000
1776289738.14,238.14,0.96,650.75,0.95,338.8,0.97,206.5,0.98,622.7,0.03,209.64,0.02,622.7,0.04,505.05,0.05,333.8,0.01,0.01,2361.24295,1776289737000
1776289738.408,238.408,0.96,675.75,0.95,338.8,0.97,87.45,0.98,622.7,0.03,89.0,0.02,622.7,0.04,680.75,0.05,338.8,0.01,0.01,2361.24295,1776289737000
1776289738.901,238.901,0.96,675.75,0.95,338.8,0.97,87.45,0.98,622.7,0.03,87.45,0.02,622.7,0.04,675.75,0.05,338.8,0.01,0.01,2361.31513,1776289738000
1776289740.477,240.477,0.96,621.25,0.95,328.8,0.97,87.45,0.98,622.7,0.03,87.45,0.02,622.7,0.04,621.25,0.05,328.8,0.01,0.01,2361.572222,1776289739000
1776289741.013,241.013,0.96,621.25,0.95,328.8,0.97,87.45,0.98,622.7,0.03,87.45,0.02,622.7,0.04,621.25,0.05,328.8,0.01,0.01,2361.671622,1776289740000
1776289741.225,241.225,0.96,514.45,0.95,203.8,0.97,71.53,0.98,318.0,0.03,76.33,0.02,324.0,0.04,534.45,0.05,203.8,0.01,0.01,2361.671622,1776289740000
1776289741.715,241.715,0.96,514.45,0.95,203.8,0.97,54.24,0.98,318.0,0.03,59.4,0.02,318.0,0.04,514.45,0.05,203.8,0.01,0.01,2361.671622,1776289740000
1776289742.279,242.279,0.96,514.45,0.95,203.8,0.97,54.24,0.98,318.0,0.03,54.24,0.02,318.0,0.04,514.45,0.05,203.8,0.01,0.01,2361.723655,1776289741000
1776289743.087,243.087,0.96,540.61,0.95,228.8,0.97,171.24,0.98,318.0,0.03,189.24,0.02,318.0,0.04,459.62,0.05,203.8,0.01,0.01,2361.723655,1776289741000
1776289743.371,243.371,0.96,540.61,0.95,228.8,0.97,164.06,0.98,318.0,0.03,164.06,0.02,318.0,0.04,540.61,0.05,228.8,0.01,0.01,2361.74155,1776289742000
1776289743.96,243.96,0.96,540.61,0.95,228.8,0.97,164.06,0.98,318.0,0.03,164.06,0.02,318.0,0.04,540.61,0.05,228.8,0.01,0.01,2361.74155,1776289743000
1776289744.402,244.402,0.96,249.89,0.95,438.8,0.97,216.66,0.98,260.0,0.03,164.06,0.02,318.0,0.04,540.61,0.05,228.8,0.01,0.01,2361.74155,1776289743000
1776289744.682,244.682,0.96,191.9,0.95,388.8,0.97,249.2,0.98,260.0,0.03,216.66,0.02,260.0,0.04,249.89,0.05,438.8,0.01,0.01,2361.74155,1776289743000
1776289745.386,245.386,0.96,163.58,0.95,388.8,0.97,244.2,0.98,260.0,0.03,249.2,0.02,260.0,0.04,191.9,0.05,388.8,0.01,0.01,2361.74155,1776289743000
1776289745.91,245.91,0.96,173.58,0.95,383.8,0.97,206.85,0.98,260.0,0.03,232.85,0.02,260.0,0.04,163.58,0.05,383.8,0.01,0.01,2361.774511,1776289744000
1776289746.211,246.211,0.96,173.52,0.95,383.8,0.97,206.85,0.98,260.0,0.03,206.85,0.02,260.0,0.04,173.52,0.05,383.8,0.01,0.01,2361.774511,1776289745000
1776289746.524,246.524,0.96,65.2,0.95,127.8,0.97,204.78,0.98,493.7,0.03,206.85,0.02,260.0,0.04,173.52,0.05,383.8,0.01,0.01,2361.774511,1776289745000
1776289747.785,247.785,0.96,65.2,0.95,127.8,0.97,199.38,0.98,493.7,0.03,199.38,0.02,493.7,0.04,65.2,0.05,127.8,0.01,0.01,2361.489165,1776289746000
1776289748.347,248.347,0.96,65.2,0.95,127.8,0.97,199.38,0.98,493.7,0.03,199.38,0.02,493.7,0.04,65.2,0.05,127.8,0.01,0.01,2361.406029,1776289747000
1776289748.899,248.899,0.96,40.2,0.95,385.8,0.97,204.38,0.98,443.7,0.03,204.38,0.02,443.7,0.04,40.2,0.05,385.8,0.01,0.01,2361.392385,1776289748000
1776289750.343,250.343,0.96,40.2,0.95,385.8,0.97,204.38,0.98,443.7,0.03,204.38,0.02,443.7,0.04,40.2,0.05,385.8,0.01,0.01,2361.21463,1776289749000
1776289751.089,251.089,0.96,144.1,0.95,586.79,0.97,196.85,0.98,430.62,0.03,204.38,0.02,443.7,0.04,40.2,0.05,385.8,0.01,0.01,2361.21463,1776289749000
1776289751.616,251.616,0.96,144.1,0.95,586.79,0.97,196.85,0.98,430.62,0.03,196.85,0.02,430.62,0.04,144.1,0.05,586.79,0.01,0.01,2361.185569,1776289750000
1776289752.121,252.121,0.96,154.1,0.95,576.8,0.97,184.7,0.98,474.1,0.03,196.85,0.02,430.62,0.04,144.1,0.05,586.79,0.01,0.01,2361.185569,1776289750000
1776289752.511,252.511,0.96,185.1,0.95,576.8,0.97,184.7,0.98,495.24,0.03,184.7,0.02,474.1,0.04,154.1,0.05,576.8,0.01,0.01,2361.185569,1776289751000
1776289752.956,252.956,0.96,185.1,0.95,576.8,0.97,184.7,0.98,495.24,0.03,184.7,0.02,495.24,0.04,185.1,0.05,576.8,0.01,0.01,2361.231836,1776289752000
1776289753.334,253.334,0.96,145.1,0.95,599.79,0.97,178.37,0.98,385.0,0.03,207.37,0.02,464.24,0.04,185.1,0.05,576.8,0.01,0.01,2361.231836,1776289752000
1776289753.892,253.892,0.96,168.09,0.95,637.79,0.97,128.37,0.98,385.0,0.03,178.37,0.02,385.0,0.04,145.1,0.05,599.79,0.01,0.01,2361.231836,1776289752000
1776289754.753,254.753,0.96,211.09,0.95,579.79,0.97,264.25,0.98,385.0,0.03,128.37,0.02,385.0,0.04,168.09,0.05,637.79,0.01,0.01,2361.188173,1776289753000
1776289754.966,254.966,0.96,203.1,0.95,579.79,0.97,250.46,0.98,385.0,0.03,253.94,0.02,385.0,0.04,211.09,0.05,579.79,0.01,0.01,2361.188173,1776289753000
1776289755.369,255.369,0.96,203.1,0.95,579.79,0.97,250.46,0.98,385.0,0.03,250.46,0.02,385.0,0.04,203.1,0.05,579.79,0.01,0.01,2361.177233,1776289754000
1776289755.581,255.581,0.96,15.0,0.95,245.0,0.97,420.08,0.98,447.99,0.03,250.46,0.02,385.0,0.04,203.1,0.05,579.79,0.01,0.01,2361.177233,1776289754000
1776289755.865,255.865,0.96,100.0,0.95,769.99,0.97,133.8,0.98,616.7,0.03,423.45,0.02,447.99,0.05,245.0,0.06,120.0,0.01,0.02,2361.177233,1776289754000
1776289756.197,256.197,0.96,228.99,0.95,700.0,0.97,103.7,0.98,433.0,0.03,108.7,0.02,616.7,0.04,145.0,0.05,764.99,0.01,0.01,2361.177233,1776289754000
1776289756.781,256.781,0.96,233.99,0.95,700.0,0.97,96.54,0.98,433.0,0.03,98.59,0.02,433.0,0.04,233.99,0.05,700.0,0.01,0.01,2361.177202,1776289755000
1776289757.159,257.159,0.96,228.99,0.95,700.0,0.97,81.54,0.98,433.0,0.03,96.54,0.02,433.0,0.04,233.99,0.05,700.0,0.01,0.01,2361.177202,1776289755000
1776289757.684,257.684,0.96,228.99,0.95,700.0,0.97,81.54,0.98,433.0,0.03,81.54,0.02,433.0,0.04,228.99,0.05,700.0,0.01,0.01,2361.139737,1776289756000
1776289758.037,258.037,0.96,492.19,0.95,557.8,0.97,81.54,0.98,352.0,0.03,81.54,0.02,433.0,0.04,228.99,0.05,700.0,0.01,0.01,2361.139737,1776289756000
1776289758.397,258.397,0.97,8.46,0.96,623.72,0.98,352.0,0.99,2654.62,0.03,81.54,0.02,352.0,0.04,492.19,0.05,557.8,0.01,0.01,2361.139737,1776289756000
1776289758.788,258.788,0.97,153.35,0.96,600.73,0.98,407.5,0.99,2754.62,0.02,352.0,0.01,2654.62,0.03,8.46,0.04,623.72,0.01,0.01,2361.352632,1776289757000
1776289759.922,259.922,0.97,452.05,0.96,264.73,0.98,278.38,0.99,2754.62,0.02,401.47,0.01,2754.62,0.03,153.35,0.04,600.73,0.01,0.01,2361.366327,1776289758000
1776289760.197,260.197,0.97,635.05,0.96,207.73,0.98,322.52,0.99,2449.02,0.02,332.63,0.01,2449.02,0.03,650.05,0.04,217.73,0.01,0.01,2361.366327,1776289758000
1776289760.477,260.477,0.97,647.05,0.96,207.73,0.98,74.48,0.99,2207.29,0.02,149.48,0.01,2207.29,0.03,647.05,0.04,207.73,0.01,0.01,2361.366327,1776289758000
1776289760.825,260.825,0.97,637.05,0.96,207.73,0.98,174.42,0.99,2143.18,0.02,184.42,0.01,2207.29,0.03,637.05,0.04,207.73,0.01,0.01,2361.439728,1776289759000
1776289761.168,261.168,0.97,637.05,0.96,207.73,0.98,174.42,0.99,2143.18,0.02,174.42,0.01,2143.18,0.03,637.05,0.04,207.73,0.01,0.01,2361.439728,1776289760000
1776289762.023,262.023,0.97,422.16,0.96,271.73,0.98,286.57,0.99,2229.72,0.02,103.6,0.01,1924.12,0.03,607.16,0.04,177.73,0.01,0.01,2361.439728,1776289760000
1776289762.911,262.911,0.97,422.16,0.96,271.73,0.98,286.57,0.99,2229.72,0.02,291.57,0.01,2229.72,0.03,422.16,0.04,271.73,0.01,0.01,2361.625724,1776289761000
1776289763.325,263.325,0.97,460.16,0.96,213.73,0.98,263.7,0.99,2229.72,0.02,264.73,0.01,2229.72,0.03,222.16,0.04,213.73,0.01,0.01,2361.625724,1776289761000
1776289763.576,263.576,0.97,465.16,0.96,208.73,0.98,212.67,0.99,2229.72,0.02,213.7,0.01,2229.72,0.03,460.16,0.04,213.73,0.01,0.01,2361.597395,1776289762000
1776289763.87,263.87,0.97,460.16,0.96,208.73,0.98,205.46,0.99,2229.72,0.02,206.49,0.01,2229.72,0.03,460.16,0.04,208.73,0.01,0.01,2361.597395,1776289762000
1776289764.302,264.302,0.97,460.16,0.96,208.73,0.98,194.14,0.99,2229.72,0.02,145.69,0.01,2229.72,0.03,460.16,0.04,208.73,0.01,0.01,2361.390619,1776289763000
1776289764.595,264.595,0.97,465.16,0.96,208.73,0.98,126.26,0.99,2229.72,0.02,132.38,0.01,2229.72,0.03,460.16,0.04,208.73,0.01,0.01,2361.390619,1776289763000
1776289764.908,264.908,0.98,183.7,0.97,552.16,0.99,1798.12,,,0.02,126.26,0.01,2229.72,0.03,465.16,0.04,208.73,0.01,0.01,2361.390619,1776289763000
1776289765.124,265.124,0.98,363.7,0.97,362.16,0.99,1793.12,,,0.01,1793.12,,,0.02,363.7,0.03,362.16,0.01,0.01,2361.351556,1776289764000
1776289765.428,265.428,0.98,426.7,0.97,304.16,0.99,1877.09,,,0.01,1884.12,,,0.02,426.7,0.03,304.16,0.01,0.01,2361.351556,1776289764000
1776289766.28,266.28,0.98,426.7,0.97,304.16,0.99,1877.09,,,0.01,1877.09,,,0.02,426.7,0.03,304.16,0.01,0.01,2361.33512,1776289765000
1776289767.157,267.157,0.98,474.7,0.97,330.16,0.99,1826.59,,,0.01,1877.09,,,0.02,426.7,0.03,304.16,0.01,0.01,2361.33512,1776289765000
1776289767.639,267.639,0.98,499.7,0.97,330.16,0.99,1829.56,,,0.01,1826.59,,,0.02,474.7,0.03,330.16,0.01,0.01,2361.421315,1776289766000
1776289768.223,268.223,0.98,499.7,0.97,330.16,0.99,1829.56,,,0.01,1829.56,,,0.02,499.7,0.03,330.16,0.01,0.01,2361.490156,1776289767000
1776289768.658,268.658,0.98,509.89,0.97,325.16,0.99,1621.56,,,0.01,1628.56,,,0.02,504.7,0.03,325.16,0.01,0.01,2361.490156,1776289767000
1776289768.947,268.947,0.98,534.39,0.97,299.16,0.99,1525.56,,,0.01,1621.56,,,0.02,509.89,0.03,325.16,0.01,0.01,2361.490156,1776289767000
1776289769.295,269.295,0.98,534.39,0.97,299.16,0.99,1525.56,,,0.01,1525.56,,,0.02,534.39,0.03,299.16,0.01,0.01,2361.551707,1776289768000
1776289769.698,269.698,0.98,602.39,0.97,285.16,0.99,1141.56,,,0.01,1515.56,,,0.02,592.39,0.03,299.16,0.01,0.01,2361.551707,1776289768000
1776289770.32,270.32,0.98,602.39,0.97,285.16,0.99,1141.56,,,0.01,1141.56,,,0.02,602.39,0.03,285.16,0.01,0.01,2361.561086,1776289769000
1776289770.823,270.823,0.98,574.39,0.97,276.16,0.99,1146.55,,,0.01,1141.56,,,0.02,602.39,0.03,285.16,0.01,0.01,2361.561086,1776289769000
1776289771.044,271.044,0.98,207.39,0.97,276.16,0.99,596.55,,,0.01,1101.55,,,0.02,207.39,0.03,276.16,0.01,0.01,2361.622292,1776289770000
1776289771.251,271.251,0.98,187.39,0.97,514.16,0.99,601.55,,,0.01,596.55,,,0.02,207.39,0.03,276.16,0.01,0.01,2361.622292,1776289770000
1776289771.625,271.625,0.98,20.19,0.97,202.16,0.99,391.62,,,0.01,594.55,,,0.02,187.39,0.03,514.16,0.01,0.01,2361.622292,1776289770000
1776289771.957,271.957,0.98,0.19,0.97,202.16,0.99,389.62,,,0.01,391.62,,,0.02,0.19,0.03,202.16,0.01,0.01,2361.622292,1776289770000
1776289772.523,272.523,0.98,0.19,0.97,202.16,0.99,705.82,,,0.01,382.62,,,0.02,0.19,0.03,202.16,0.01,0.01,2361.703222,1776289771000
1776289772.731,272.731,0.98,0.19,0.97,202.16,0.99,704.8,,,0.01,705.82,,,0.02,0.19,0.03,202.16,0.01,0.01,2361.703222,1776289771000
1776289773.068,273.068,0.98,0.19,0.97,259.16,0.99,699.75,,,0.01,699.75,,,0.02,0.19,0.03,259.16,0.01,0.01,2361.44977,1776289772000
1776289773.483,273.483,0.98,10.19,0.97,246.15,0.99,605.78,,,0.01,615.83,,,0.02,10.19,0.03,246.15,0.01,0.01,2361.44977,1776289772000
1776289774.098,274.098,0.98,10.19,0.97,246.15,0.99,605.78,,,0.01,605.78,,,0.02,10.19,0.03,246.15,0.01,0.01,2361.15698,1776289773000
1776289775.136,275.136,0.98,10.19,0.97,246.15,0.99,605.78,,,0.01,605.78,,,0.02,10.19,0.03,246.15,0.01,0.01,2361.067105,1776289774000
1776289775.64,275.64,0.98,10.19,0.97,395.46,0.99,241.54,,,0.01,237.56,,,0.02,10.19,0.03,395.46,0.01,0.01,2361.067105,1776289774000
1776289775.852,275.852,0.98,10.19,0.97,395.46,0.99,196.54,,,0.01,241.54,,,0.02,10.19,0.03,395.46,0.01,0.01,2361.067105,1776289774000
1776289776.069,276.069,0.98,10.19,0.97,395.46,0.99,196.54,,,0.01,196.54,,,0.02,10.19,0.03,395.46,0.01,0.01,2361.067105,1776289774000
1776289776.656,276.656,0.98,10.19,0.97,395.46,0.99,140.99,,,0.01,140.99,,,0.02,10.19,0.03,395.46,0.01,0.01,2361.053108,1776289775000
1776289777.119,277.119,0.98,44.19,0.97,400.46,0.99,196.0,,,,,,,0.02,49.19,0.03,395.46,0.01,,2361.053108,1776289775000
1776289777.552,277.552,0.98,44.19,0.97,400.46,0.99,191.0,,,0.01,191.0,,,0.02,44.19,0.03,400.46,0.01,0.01,2361.050682,1776289776000
1776289778.161,278.161,0.98,49.19,0.97,405.46,,,,,,,,,0.02,49.19,0.03,405.46,,,2361.050899,1776289777000
1776289779.428,279.428,0.98,49.19,0.97,405.46,,,,,,,,,0.02,49.19,0.03,405.46,,,2361.050902,1776289778000
1776289779.795,279.795,0.99,277.36,0.98,133.19,,,,,0.01,27.64,,,0.02,119.19,0.03,351.46,,0.01,2361.050902,1776289778000
1776289780.152,280.152,0.99,422.27,0.98,111.19,,,,,,,,,0.01,277.36,0.02,133.19,,,2361.050902,1776289778000
1776289780.421,280.421,0.99,419.09,0.98,97.19,,,,,,,,,0.01,419.09,0.02,97.19,,,2361.057839,1776289779000
1776289780.89,280.89,0.99,417.37,0.98,86.19,,,,,,,,,0.01,419.09,0.02,97.19,,,2361.057839,1776289779000
1776289782.326,282.326,0.99,417.37,0.98,86.19,,,,,,,,,0.01,417.37,0.02,86.19,,,2360.987118,1776289781000
1776289783.501,283.501,0.99,417.37,0.98,86.19,,,,,,,,,0.01,417.37,0.02,86.19,,,2360.986943,1776289782000
1776289784.014,284.014,0.99,291.31,0.98,143.19,,,,,,,,,0.01,291.31,0.02,143.19,,,2360.986935,1776289783000
1776289785.315,285.315,0.99,291.31,0.98,143.19,,,,,,,,,0.01,291.31,0.02,143.19,,,2360.934415,1776289784000
1776289785.824,285.824,0.99,367.86,0.98,133.19,,,,,,,,,0.01,291.31,0.02,143.19,,,2360.934415,1776289784000
1776289786.027,286.027,0.99,264.86,0.98,91.19,,,,,,,,,0.01,284.86,0.02,91.19,,,2360.934415,1776289784000
1776289786.416,286.416,0.99,224.86,0.98,10.19,,,,,,,,,0.01,244.86,0.02,91.19,,,2360.934415,1776289784000
1776289787.036,287.036,0.99,145.86,0.98,10.19,,,,,,,,,0.01,145.86,0.02,10.19,,,2360.934086,1776289786000
1776289788.286,288.286,0.99,145.86,0.98,10.19,,,,,,,,,0.01,145.86,0.02,10.19,,,2360.813211,1776289787000
1776289789.302,289.302,0.99,145.86,0.98,10.19,,,,,,,,,0.01,145.86,0.02,10.19,,,2360.619916,1776289788000

# RESULT,winner=Up,slug=eth-updown-5m-1776289500,ticks=478
