timestamp,elapsed_sec,up_bid_p1,up_bid_s1,up_bid_p2,up_bid_s2,up_ask_p1,up_ask_s1,up_ask_p2,up_ask_s2,down_bid_p1,down_bid_s1,down_bid_p2,down_bid_s2,down_ask_p1,down_ask_s1,down_ask_p2,down_ask_s2,up_spread,down_spread,eth_price,eth_oracle_ts
1776204611.142,11.142,,,,,,,,,,,,,,,,,,,2328.515811,1776204610000
1776204611.63,11.63,0.38,60.16,0.37,70.0,0.39,56.5,0.4,51.5,0.61,40.0,0.6,30.5,0.62,65.16,0.63,70.0,0.01,0.01,2328.515811,1776204610000
1776204612.105,12.105,0.38,19.24,0.37,70.0,0.39,62.5,0.4,51.5,0.61,62.5,0.6,51.5,0.62,19.24,0.63,70.0,0.01,0.01,2328.499631,1776204611000
1776204612.341,12.341,0.37,63.0,0.36,85.5,0.38,38.5,0.39,54.5,0.61,64.5,0.6,51.5,0.63,69.0,0.64,85.5,0.01,0.02,2328.499631,1776204611000
1776204612.672,12.672,0.37,58.0,0.36,85.5,0.38,92.18,0.39,54.5,0.62,57.18,0.61,54.5,0.63,63.0,0.64,85.5,0.01,0.01,2328.499631,1776204611000
1776204613.554,13.554,0.37,43.0,0.34,25.0,0.38,127.18,0.39,54.5,0.62,92.18,0.61,54.5,0.63,58.0,0.64,85.5,0.01,0.01,2328.499631,1776204611000
1776204613.781,13.781,0.32,25.0,0.31,105.0,0.38,113.5,0.39,54.5,0.62,127.18,0.61,54.5,0.63,43.0,0.66,25.0,0.06,0.01,2328.35315,1776204612000
1776204614.193,14.193,0.31,60.5,0.3,35.0,0.32,32.59,0.33,28.0,0.68,10.0,0.67,15.0,0.69,72.13,0.7,100.0,0.01,0.01,2328.35315,1776204612000
1776204614.491,14.491,0.29,59.52,0.28,16.0,0.32,72.59,0.33,33.0,0.68,62.59,0.67,33.0,0.69,52.41,0.7,45.0,0.03,0.01,2328.201938,1776204613000
1776204614.911,14.911,0.3,14.07,0.29,68.41,0.31,45.0,0.32,82.59,0.68,72.59,0.67,33.0,0.71,58.41,0.72,16.0,0.01,0.03,2328.201938,1776204613000
1776204615.322,15.322,0.3,24.07,0.29,68.41,0.31,35.12,0.32,74.59,0.69,45.0,0.68,82.59,0.7,14.07,0.71,68.41,0.01,0.01,2328.201938,1776204613000
1776204615.878,15.878,0.3,14.07,0.29,68.41,0.31,45.0,0.32,44.59,0.69,35.12,0.68,74.59,0.7,24.07,0.71,68.41,0.01,0.01,2328.135592,1776204614000
1776204616.163,16.163,0.3,14.07,0.29,68.41,0.31,45.0,0.32,44.59,0.69,45.0,0.68,44.59,0.7,14.07,0.71,68.41,0.01,0.01,2328.000038,1776204615000
1776204616.757,16.757,0.3,25.5,0.29,60.5,0.31,29.0,0.32,34.59,0.69,45.0,0.68,44.59,0.7,14.07,0.71,68.41,0.01,0.01,2328.000038,1776204615000
1776204616.997,16.997,0.3,25.5,0.29,60.5,0.31,18.03,0.32,34.59,0.69,29.0,0.68,34.59,0.7,25.5,0.71,60.5,0.01,0.01,2328.000038,1776204615000
1776204617.847,17.847,0.3,7.14,0.29,20.5,0.31,49.03,0.32,67.09,0.69,18.03,0.68,34.59,0.7,25.5,0.71,60.5,0.01,0.01,2327.708617,1776204616000
1776204618.138,18.138,0.3,5.54,0.29,10.0,0.31,76.07,0.32,66.09,0.69,49.03,0.68,80.09,0.7,5.54,0.71,10.0,0.01,0.01,2327.708617,1776204616000
1776204618.578,18.578,0.3,1.54,0.29,20.5,0.31,70.57,0.32,66.09,0.69,76.07,0.68,66.09,0.7,5.54,0.71,10.0,0.01,0.01,2327.695251,1776204617000
1776204618.947,18.947,0.3,1.54,0.29,10.0,0.31,60.57,0.32,66.09,0.69,60.57,0.68,66.09,0.7,1.54,0.71,10.0,0.01,0.01,2327.695484,1776204618000
1776204619.922,19.922,0.3,1.54,0.29,10.0,0.31,60.57,0.32,66.09,0.69,60.57,0.68,66.09,0.7,1.54,0.71,10.0,0.01,0.01,2327.631502,1776204619000
1776204620.779,20.779,0.27,40.5,0.26,80.22,0.3,113.5,0.31,52.5,0.69,60.57,0.68,66.09,0.7,1.54,0.71,10.0,0.03,0.01,2327.631502,1776204619000
1776204621.485,21.485,0.27,40.5,0.26,80.22,0.3,113.5,0.31,52.5,0.7,113.5,0.69,52.5,0.73,40.5,0.74,80.22,0.03,0.03,2327.532373,1776204620000
1776204622.13,22.13,0.27,40.5,0.26,80.22,0.3,113.5,0.31,52.5,0.7,113.5,0.69,52.5,0.73,40.5,0.74,80.22,0.03,0.03,2327.514269,1776204621000
1776204622.53,22.53,0.27,5.0,0.26,14.0,0.28,49.17,0.29,91.71,0.72,94.42,0.71,91.71,0.73,5.0,0.74,14.0,0.01,0.01,2327.514269,1776204621000
1776204623.145,23.145,0.27,5.0,0.26,14.0,0.28,49.17,0.29,91.71,0.72,49.17,0.71,91.71,0.73,5.0,0.74,14.0,0.01,0.01,2327.283471,1776204622000
1776204623.397,23.397,0.26,11.0,0.25,10.0,0.28,79.67,0.29,91.71,0.72,49.17,0.71,91.71,0.73,5.0,0.74,14.0,0.02,0.01,2327.283471,1776204622000
1776204624.238,24.238,0.26,11.0,0.25,10.0,0.28,79.67,0.29,91.71,0.72,79.67,0.71,91.71,0.74,11.0,0.75,10.0,0.02,0.02,2327.246357,1776204623000
1776204624.473,24.473,0.23,105.5,0.22,45.0,0.25,9.09,0.27,183.08,0.73,129.08,0.72,53.5,0.74,3.91,0.77,124.5,0.02,0.01,2327.246357,1776204623000
1776204625.232,25.232,0.23,105.5,0.22,45.0,0.25,9.09,0.27,183.08,0.75,9.09,0.73,183.08,0.77,105.5,0.78,45.0,0.02,0.02,2327.23342,1776204624000
1776204625.706,25.706,0.23,25.0,0.22,81.5,0.24,72.7,0.25,29.09,0.75,9.09,0.73,183.08,0.77,105.5,0.78,45.0,0.01,0.02,2327.23342,1776204624000
1776204626.141,26.141,0.23,30.5,0.22,86.5,0.24,77.7,0.25,29.09,0.76,72.7,0.75,29.09,0.77,25.0,0.78,81.5,0.01,0.01,2327.23342,1776204624000
1776204626.495,26.495,0.23,24.5,0.22,80.5,0.24,77.7,0.25,34.09,0.76,77.7,0.75,29.09,0.77,34.5,0.78,80.5,0.01,0.01,2327.214166,1776204625000
1776204626.835,26.835,0.22,80.5,0.21,125.5,0.23,18.91,0.24,67.7,0.76,77.7,0.75,34.09,0.77,24.5,0.78,80.5,0.01,0.01,2327.214166,1776204625000
1776204627.036,27.036,0.22,84.21,0.21,125.5,0.23,13.91,0.24,77.7,0.77,18.91,0.76,67.7,0.78,80.5,0.79,125.5,0.01,0.01,2327.214166,1776204625000
1776204627.278,27.278,0.22,84.21,0.21,125.5,0.23,13.91,0.24,77.7,0.77,13.91,0.76,77.7,0.78,84.21,0.79,125.5,0.01,0.01,2326.994948,1776204626000
1776204627.889,27.889,0.22,74.21,0.21,135.5,0.23,23.91,0.24,30.0,0.77,13.91,0.76,77.7,0.78,84.21,0.79,125.5,0.01,0.01,2326.994948,1776204626000
1776204628.317,28.317,0.22,48.67,0.21,110.5,0.23,38.91,0.24,30.0,0.77,33.91,0.76,30.0,0.78,64.21,0.79,135.5,0.01,0.01,2326.994948,1776204626000
1776204628.889,28.889,0.22,48.67,0.21,110.5,0.23,38.91,0.24,30.0,0.77,38.91,0.76,30.0,0.78,48.67,0.79,110.5,0.01,0.01,2327.046271,1776204628000
1776204629.104,29.104,0.22,13.0,0.21,110.5,0.23,84.65,0.24,30.0,0.77,38.91,0.76,30.0,0.78,48.67,0.79,110.5,0.01,0.01,2327.046271,1776204628000
1776204629.703,29.703,0.22,188.5,0.21,188.5,0.24,5.0,0.25,10.0,0.77,84.65,0.76,30.0,0.78,13.0,0.79,110.5,0.02,0.01,2327.046271,1776204628000
1776204629.915,29.915,0.24,9.0,0.22,188.5,0.27,5.0,0.28,15.0,0.73,5.0,0.72,15.0,0.76,9.0,0.78,188.5,0.03,0.03,2326.982412,1776204629000
1776204630.753,30.753,0.27,124.0,0.26,73.5,0.31,6.72,0.38,10.0,0.72,15.0,0.71,21.22,0.73,8.0,0.74,63.0,0.04,0.01,2326.982412,1776204629000
1776204631.003,31.003,0.38,1.85,0.31,59.4,0.45,16.0,0.46,21.24,0.55,16.0,0.54,21.24,0.62,1.85,0.69,59.4,0.07,0.07,2326.985044,1776204630000
1776204631.238,31.238,0.42,56.53,0.41,56.0,0.43,15.5,0.44,15.5,0.57,15.5,0.56,15.5,0.58,21.0,0.59,56.0,0.01,0.01,2326.985044,1776204630000
1776204631.838,31.838,0.42,50.0,0.41,52.53,0.43,13.45,0.44,15.5,0.57,15.5,0.56,15.5,0.59,52.53,0.6,15.0,0.01,0.02,2326.985044,1776204630000
1776204632.119,32.119,0.41,52.53,0.4,15.0,0.43,13.45,0.44,15.5,0.57,13.45,0.56,15.5,0.59,52.53,0.6,15.0,0.02,0.02,2327.794664,1776204631000
1776204632.966,32.966,0.41,14.0,0.4,15.0,0.42,40.5,0.43,23.45,0.57,23.45,0.56,25.5,0.59,57.53,0.6,15.0,0.01,0.02,2327.794664,1776204631000
1776204633.203,33.203,0.41,14.0,0.4,15.0,0.42,40.5,0.43,23.45,0.58,40.5,0.57,23.45,0.59,14.0,0.6,15.0,0.01,0.01,2328.77475,1776204632000
1776204633.626,33.626,0.41,24.0,0.39,15.0,0.42,45.5,0.43,109.97,0.58,40.5,0.57,23.45,0.59,14.0,0.6,15.0,0.01,0.01,2328.77475,1776204632000
1776204634.695,34.695,0.38,21.85,0.37,15.0,0.42,37.5,0.43,109.97,0.58,37.5,0.57,109.97,0.62,21.85,0.63,15.0,0.04,0.04,2328.756604,1776204633000
1776204634.976,34.976,0.38,13.62,0.37,20.0,0.39,20.5,0.4,15.0,0.58,37.5,0.57,109.97,0.62,21.85,0.63,15.0,0.01,0.04,2328.756604,1776204633000
1776204635.222,35.222,0.38,17.62,0.37,20.0,0.39,20.5,0.4,15.0,0.61,20.5,0.6,15.0,0.62,17.62,0.63,20.0,0.01,0.01,2328.690291,1776204634000
1776204635.943,35.943,0.32,15.46,0.31,10.0,0.33,30.5,0.34,10.0,0.61,20.5,0.6,15.0,0.62,17.62,0.63,20.0,0.01,0.01,2328.690291,1776204634000
1776204636.46,36.46,0.31,8.85,0.29,10.5,0.33,35.5,0.34,53.5,0.67,35.5,0.66,53.5,0.69,8.85,0.71,10.5,0.02,0.02,2328.354558,1776204635000
1776204636.697,36.697,0.31,13.85,0.3,15.0,0.32,20.0,0.33,44.5,0.67,35.5,0.66,53.5,0.69,8.85,0.71,10.5,0.01,0.02,2328.354558,1776204635000
1776204637.06,37.06,0.31,13.85,0.3,15.0,0.32,20.0,0.33,44.5,0.68,20.0,0.67,44.5,0.69,13.85,0.7,15.0,0.01,0.01,2328.359502,1776204636000
1776204638.102,38.102,0.31,0.16,0.3,10.0,0.32,49.5,0.33,30.5,0.68,49.5,0.67,30.5,0.69,0.16,0.7,10.0,0.01,0.01,2327.924715,1776204637000
1776204639.264,39.264,0.31,0.16,0.3,10.0,0.32,49.5,0.33,30.5,0.68,49.5,0.67,30.5,0.69,0.16,0.7,10.0,0.01,0.01,2327.670383,1776204638000
1776204640.431,40.431,0.31,0.16,0.3,10.0,0.32,49.5,0.33,30.5,0.68,49.5,0.67,30.5,0.69,0.16,0.7,10.0,0.01,0.01,2327.663223,1776204639000
1776204640.802,40.802,0.29,6.17,0.28,49.5,0.32,102.85,0.33,42.5,0.68,49.5,0.67,30.5,0.69,0.16,0.7,10.0,0.03,0.01,2327.663223,1776204639000
1776204641.005,41.005,0.29,6.17,0.28,49.5,0.32,102.85,0.33,42.5,0.68,102.85,0.67,42.5,0.71,6.17,0.72,49.5,0.03,0.03,2327.681059,1776204640000
1776204641.496,41.496,0.29,14.76,0.28,45.5,0.3,76.71,0.31,20.5,0.68,102.85,0.67,42.5,0.71,6.17,0.72,49.5,0.01,0.03,2327.681059,1776204640000
1776204642.13,42.13,0.29,4.76,0.28,45.5,0.3,81.71,0.31,20.5,0.7,76.71,0.69,20.5,0.71,14.76,0.72,45.5,0.01,0.01,2327.681059,1776204640000
1776204643.294,43.294,0.29,4.76,0.28,45.5,0.3,81.71,0.31,20.5,0.7,81.71,0.69,20.5,0.71,4.76,0.72,45.5,0.01,0.01,2327.686399,1776204642000
1776204644.461,44.461,0.29,4.76,0.28,45.5,0.3,81.71,0.31,20.5,0.7,81.71,0.69,20.5,0.71,4.76,0.72,45.5,0.01,0.01,2327.689108,1776204643000
1776204645.0,45.0,0.28,4.76,0.27,8.0,0.3,137.21,0.31,31.5,0.7,137.21,0.69,31.5,0.72,4.76,0.73,8.0,0.02,0.02,2327.687149,1776204644000
1776204645.443,45.443,0.27,7.69,0.26,43.0,0.29,100.5,0.3,98.21,0.7,137.21,0.69,31.5,0.72,4.76,0.73,8.0,0.02,0.02,2327.687149,1776204644000
1776204646.16,46.16,0.26,31.4,0.25,46.5,0.27,20.0,0.28,60.5,0.73,20.0,0.72,60.5,0.74,31.4,0.75,46.5,0.01,0.01,2327.672337,1776204645000
1776204647.173,47.173,0.25,78.9,0.24,37.0,0.26,20.0,0.27,35.0,0.73,20.0,0.72,60.5,0.74,31.4,0.75,46.5,0.01,0.01,2327.672337,1776204645000
1776204647.483,47.483,0.25,68.9,0.24,32.0,0.26,25.0,0.27,35.0,0.74,20.0,0.73,35.0,0.75,78.9,0.76,37.0,0.01,0.01,2327.523332,1776204646000
1776204647.728,47.728,0.25,49.9,0.24,32.0,0.26,45.0,0.27,20.0,0.74,25.0,0.73,35.0,0.75,68.9,0.76,32.0,0.01,0.01,2327.523332,1776204646000
1776204647.97,47.97,0.25,36.4,0.24,42.5,0.26,64.06,0.27,30.5,0.74,62.3,0.73,30.5,0.75,36.4,0.76,42.5,0.01,0.01,2327.511955,1776204647000
1776204648.59,48.59,0.25,228.5,0.24,65.5,0.27,15.0,0.28,15.0,0.74,64.06,0.73,30.5,0.75,36.4,0.76,42.5,0.02,0.01,2327.511955,1776204647000
1776204649.875,49.875,0.27,13.72,0.26,76.4,0.28,1.5,0.29,25.5,0.72,1.5,0.71,25.5,0.73,13.72,0.74,76.4,0.01,0.01,2327.500336,1776204648000
1776204650.099,50.099,0.27,95.5,0.26,95.2,0.28,11.5,0.29,15.0,0.72,1.5,0.71,25.5,0.73,13.72,0.74,76.4,0.01,0.01,2327.500336,1776204648000
1776204650.353,50.353,0.27,95.5,0.26,95.2,0.28,11.5,0.29,15.0,0.72,11.5,0.71,15.0,0.73,95.5,0.74,95.2,0.01,0.01,2327.478404,1776204649000
1776204650.884,50.884,0.27,95.5,0.26,95.2,0.28,11.5,0.29,15.0,0.72,11.5,0.71,15.0,0.73,95.5,0.74,95.2,0.01,0.01,2327.501566,1776204650000
1776204651.181,51.181,0.27,59.0,0.26,105.2,0.28,12.92,0.29,30.5,0.72,11.5,0.71,15.0,0.73,95.5,0.74,95.2,0.01,0.01,2327.501566,1776204650000
1776204651.879,51.879,0.27,71.67,0.26,104.7,0.28,33.42,0.29,30.5,0.72,17.92,0.71,30.5,0.73,44.0,0.74,105.2,0.01,0.01,2327.501566,1776204650000
1776204652.768,52.768,0.27,71.67,0.26,104.7,0.28,33.42,0.29,30.5,0.72,33.42,0.71,30.5,0.73,71.67,0.74,104.7,0.01,0.01,2327.547456,1776204651000
1776204653.39,53.39,0.27,71.67,0.26,104.7,0.28,33.42,0.29,30.5,0.72,33.42,0.71,30.5,0.73,71.67,0.74,104.7,0.01,0.01,2327.549927,1776204652000
1776204653.797,53.797,0.26,85.56,0.25,29.2,0.27,50.5,0.28,40.5,0.72,33.42,0.71,30.5,0.73,71.67,0.74,104.7,0.01,0.01,2327.549927,1776204652000
1776204654.008,54.008,0.26,85.56,0.25,29.2,0.27,50.5,0.28,40.5,0.73,50.5,0.72,40.5,0.74,85.56,0.75,29.2,0.01,0.01,2327.549927,1776204653000
1776204654.891,54.891,0.26,20.0,0.25,29.2,0.27,55.5,0.28,40.5,0.73,55.5,0.72,40.5,0.74,75.56,0.75,29.2,0.01,0.01,2327.549927,1776204653000
1776204655.391,55.391,0.26,20.0,0.25,15.0,0.31,11.76,0.32,128.35,0.73,55.5,0.72,40.5,0.74,20.0,0.75,29.2,0.05,0.01,2327.549927,1776204653000
1776204655.596,55.596,0.26,20.0,0.25,15.0,0.31,11.76,0.32,128.35,0.69,11.76,0.68,128.35,0.74,20.0,0.75,15.0,0.05,0.05,2327.49018,1776204654000
1776204655.809,55.809,0.26,125.0,0.25,115.0,0.27,14.81,0.28,114.53,0.73,20.0,0.72,114.53,0.74,120.0,0.75,115.0,0.01,0.01,2327.49018,1776204654000
1776204656.549,56.549,0.26,125.0,0.25,115.0,0.27,14.81,0.28,114.53,0.73,14.81,0.72,114.53,0.74,125.0,0.75,115.0,0.01,0.01,2327.429385,1776204655000
1776204656.779,56.779,0.26,97.0,0.25,115.0,0.27,66.0,0.28,144.03,0.73,117.0,0.72,144.03,0.74,97.0,0.75,115.0,0.01,0.01,2327.429385,1776204655000
1776204657.073,57.073,0.26,84.29,0.25,115.0,0.27,91.5,0.28,144.03,0.73,81.0,0.72,144.03,0.74,87.0,0.75,115.0,0.01,0.01,2327.429385,1776204655000
1776204658.267,58.267,0.26,84.29,0.25,125.0,0.27,94.0,0.28,144.03,0.73,91.5,0.72,144.03,0.74,84.29,0.75,115.0,0.01,0.01,2327.381879,1776204656000
1776204658.731,58.731,0.26,84.29,0.25,125.0,0.27,94.0,0.28,144.03,0.73,94.0,0.72,144.03,0.74,84.29,0.75,125.0,0.01,0.01,2327.26275,1776204657000
1776204659.303,59.303,0.26,74.29,0.25,125.0,0.27,200.22,0.28,49.5,0.73,94.0,0.72,144.03,0.74,84.29,0.75,125.0,0.01,0.01,2327.26275,1776204657000
1776204659.721,59.721,0.26,71.69,0.25,115.0,0.27,191.51,0.28,49.5,0.73,191.51,0.72,49.5,0.74,74.29,0.75,125.0,0.01,0.01,2327.168245,1776204658000
1776204659.99,59.99,0.26,70.14,0.25,115.0,0.27,237.51,0.28,49.5,0.73,191.51,0.72,49.5,0.74,71.69,0.75,115.0,0.01,0.01,2327.168245,1776204658000
1776204661.112,61.112,0.26,60.14,0.25,125.0,0.27,257.51,0.28,49.5,0.73,237.51,0.72,49.5,0.74,70.14,0.75,115.0,0.01,0.01,2327.140103,1776204659000
1776204661.503,61.503,0.26,56.85,0.25,125.0,0.27,156.29,0.28,127.11,0.73,257.51,0.72,49.5,0.74,60.14,0.75,125.0,0.01,0.01,2327.140103,1776204659000
1776204662.066,62.066,0.26,43.85,0.25,135.0,0.27,231.79,0.28,123.11,0.73,156.29,0.72,127.11,0.74,56.85,0.75,125.0,0.01,0.01,2327.119918,1776204660000
1776204662.367,62.367,0.25,112.26,0.24,109.0,0.27,231.79,0.28,123.11,0.73,231.79,0.72,123.11,0.75,112.26,0.76,109.0,0.02,0.02,2327.119918,1776204661000
1776204662.724,62.724,0.25,14.93,0.24,9.0,0.26,224.0,0.27,253.13,0.74,224.0,0.73,149.5,0.75,24.93,0.76,9.0,0.01,0.01,2327.119918,1776204661000
1776204662.93,62.93,0.25,14.93,0.24,9.0,0.26,215.15,0.27,253.13,0.74,225.15,0.73,253.13,0.75,14.93,0.76,9.0,0.01,0.01,2327.119918,1776204661000
1776204663.313,63.313,0.25,12.79,0.24,9.0,0.26,230.15,0.27,253.13,0.74,215.15,0.73,253.13,0.75,14.93,0.76,9.0,0.01,0.01,2327.108601,1776204662000
1776204663.572,63.572,0.25,12.79,0.24,9.0,0.26,264.58,0.27,253.13,0.74,230.15,0.73,253.13,0.75,12.79,0.76,9.0,0.01,0.01,2327.108601,1776204662000
1776204663.969,63.969,0.25,11.45,0.24,9.0,0.26,350.66,0.27,253.13,0.74,264.58,0.73,253.13,0.75,12.79,0.76,9.0,0.01,0.01,2327.108601,1776204662000
1776204664.425,64.425,0.2,10.0,0.19,26.4,0.26,474.66,0.27,244.13,0.74,383.41,0.73,253.13,0.75,11.45,0.76,9.0,0.06,0.01,2327.108601,1776204662000
1776204664.75,64.75,0.23,35.0,0.22,35.0,0.26,158.0,0.29,5.0,0.79,5.0,0.77,10.0,0.8,7.95,0.81,36.4,0.03,0.01,2326.995466,1776204663000
1776204665.017,65.017,0.44,6.42,0.43,10.0,0.45,16.0,0.46,161.24,0.56,12.82,0.55,16.0,0.6,22.5,0.61,10.0,0.01,0.04,2326.995466,1776204663000
1776204665.251,65.251,0.44,8.91,0.43,10.0,0.45,16.0,0.46,61.24,0.55,16.0,0.54,171.24,0.56,9.63,0.57,10.0,0.01,0.01,2326.995466,1776204663000
1776204665.478,65.478,0.4,69.55,0.39,22.0,0.45,10.0,0.46,71.24,0.54,61.24,0.53,10.0,0.6,19.55,0.61,22.0,0.05,0.06,2326.960964,1776204664000
1776204665.718,65.718,0.43,37.0,0.42,15.0,0.44,29.28,0.45,10.0,0.56,9.14,0.55,10.0,0.58,30.0,0.59,10.0,0.01,0.02,2326.960964,1776204664000
1776204665.928,65.928,0.43,10.0,0.42,15.0,0.44,18.28,0.45,15.0,0.56,29.28,0.55,10.0,0.59,10.0,0.6,22.0,0.01,0.03,2326.960964,1776204664000
1776204666.133,66.133,0.43,6.63,0.42,10.0,0.44,48.78,0.45,15.5,0.56,18.28,0.55,15.0,0.57,10.0,0.58,15.0,0.01,0.01,2326.960964,1776204664000
1776204666.575,66.575,0.42,7.96,0.41,10.0,0.44,48.78,0.45,15.5,0.56,53.78,0.55,15.5,0.58,8.65,0.59,10.0,0.02,0.02,2326.960964,1776204664000
1776204667.342,67.342,0.43,30.0,0.42,7.96,0.44,63.78,0.45,25.5,0.56,48.78,0.55,15.5,0.58,7.96,0.59,10.0,0.01,0.02,2327.930298,1776204665000
1776204667.871,67.871,0.43,19.47,0.42,7.96,0.44,63.78,0.45,25.5,0.56,58.78,0.55,25.5,0.57,28.24,0.58,7.96,0.01,0.01,2328.66206,1776204666000
1776204668.286,68.286,0.43,19.47,0.42,7.96,0.44,63.78,0.45,25.5,0.56,63.78,0.55,25.5,0.57,19.47,0.58,7.96,0.01,0.01,2328.787409,1776204667000
1776204669.189,69.189,0.43,45.78,0.42,12.96,0.44,33.28,0.45,20.5,0.56,63.78,0.55,25.5,0.57,19.47,0.58,7.96,0.01,0.01,2328.787409,1776204667000
1776204669.49,69.49,0.43,8.79,0.42,12.96,0.44,38.28,0.45,20.5,0.56,33.28,0.55,20.5,0.57,45.78,0.58,12.96,0.01,0.01,2328.787409,1776204667000
1776204669.963,69.963,0.43,8.79,0.42,12.96,0.44,38.28,0.45,20.5,0.56,38.28,0.55,20.5,0.57,8.79,0.58,12.96,0.01,0.01,2328.79539,1776204669000
1776204670.484,70.484,0.43,13.89,0.42,12.96,0.44,48.38,0.45,20.5,0.56,38.28,0.55,20.5,0.57,8.79,0.58,12.96,0.01,0.01,2328.79539,1776204669000
1776204671.15,71.15,0.43,3.89,0.42,12.96,0.44,58.38,0.45,20.5,0.56,48.38,0.55,20.5,0.57,13.89,0.58,12.96,0.01,0.01,2328.79539,1776204669000
1776204671.358,71.358,0.43,3.89,0.42,12.96,0.44,53.83,0.45,20.5,0.56,58.38,0.55,20.5,0.57,3.89,0.58,12.96,0.01,0.01,2328.822545,1776204670000
1776204672.06,72.06,0.43,271.39,0.42,27.5,0.44,23.83,0.46,11.24,0.56,53.83,0.55,20.5,0.57,3.89,0.58,12.96,0.01,0.01,2328.822545,1776204670000
1776204672.461,72.461,0.49,18.16,0.48,17.0,0.5,55.3,0.51,55.0,0.5,45.3,0.49,50.0,0.51,9.54,0.52,27.0,0.01,0.01,2328.82111,1776204671000
1776204672.821,72.821,0.49,98.16,0.48,17.0,0.5,33.41,0.51,50.0,0.5,53.91,0.49,55.0,0.51,23.16,0.52,17.0,0.01,0.01,2328.82111,1776204671000
1776204673.035,73.035,0.54,21.75,0.52,10.0,0.55,77.72,0.56,250.0,0.45,86.81,0.44,250.0,0.46,12.5,0.51,205.66,0.01,0.01,2328.82111,1776204671000
1776204673.338,73.338,0.54,29.5,0.53,45.5,0.55,47.62,0.56,250.0,0.45,47.62,0.44,250.0,0.46,29.5,0.47,45.5,0.01,0.01,2328.833237,1776204672000
1776204673.555,73.555,0.59,62.5,0.58,122.0,0.6,3.04,0.61,72.19,0.39,42.19,0.34,75.0,0.41,127.0,0.42,122.0,0.01,0.02,2328.833237,1776204672000
1776204673.81,73.81,0.6,70.0,0.59,32.5,0.61,58.47,0.65,20.0,0.39,24.74,0.35,20.0,0.4,60.0,0.41,32.5,0.01,0.01,2328.833237,1776204672000
1776204674.128,74.128,0.64,10.2,0.63,44.0,0.65,55.0,0.66,75.0,0.36,10.0,0.35,30.0,0.39,10.26,0.4,75.0,0.01,0.03,2328.833237,1776204672000
1776204674.344,74.344,0.64,10.2,0.63,44.0,0.65,55.0,0.66,75.0,0.35,55.0,0.34,75.0,0.36,10.2,0.37,44.0,0.01,0.01,2329.17974,1776204673000
1776204674.621,74.621,0.64,20.2,0.63,74.0,0.65,114.11,0.66,75.0,0.35,55.0,0.34,75.0,0.36,10.2,0.37,44.0,0.01,0.01,2329.17974,1776204673000
1776204675.065,75.065,0.64,20.2,0.63,74.0,0.65,114.11,0.66,75.0,0.35,114.11,0.34,75.0,0.36,20.2,0.37,74.0,0.01,0.01,2329.254454,1776204674000
1776204675.355,75.355,0.64,14.54,0.63,49.0,0.65,124.11,0.66,80.0,0.35,134.11,0.34,75.0,0.36,14.54,0.37,49.0,0.01,0.01,2329.254454,1776204674000
1776204675.624,75.624,0.64,40.0,0.63,15.0,0.66,25.0,0.67,116.0,0.35,104.11,0.34,25.0,0.36,40.0,0.37,15.0,0.02,0.01,2329.254454,1776204674000
1776204676.085,76.085,0.64,40.0,0.63,15.0,0.66,25.0,0.67,116.0,0.34,25.0,0.33,116.0,0.36,40.0,0.37,15.0,0.02,0.02,2330.504405,1776204675000
1776204676.498,76.498,0.65,142.0,0.64,5.0,0.66,106.92,0.67,100.0,0.34,44.5,0.33,95.0,0.35,137.0,0.36,5.0,0.01,0.01,2330.504405,1776204675000
1776204676.723,76.723,0.65,145.0,0.64,5.0,0.66,106.92,0.67,110.5,0.34,106.92,0.33,100.0,0.35,142.0,0.36,5.0,0.01,0.01,2330.504405,1776204675000
1776204677.096,77.096,0.65,61.85,0.64,10.0,0.66,181.42,0.67,110.0,0.34,106.92,0.33,110.5,0.35,145.0,0.36,5.0,0.01,0.01,2330.504405,1776204675000
1776204677.326,77.326,0.65,63.96,0.64,15.0,0.66,203.46,0.67,110.0,0.34,218.46,0.33,110.0,0.35,61.85,0.36,10.0,0.01,0.01,2330.5756,1776204676000
1776204677.527,77.527,0.64,15.0,0.63,20.0,0.66,250.28,0.67,110.0,0.34,208.46,0.33,110.0,0.35,15.83,0.36,15.0,0.02,0.01,2330.5756,1776204676000
1776204677.779,77.779,0.64,11.16,0.63,15.0,0.65,87.8,0.66,174.78,0.35,105.34,0.34,205.78,0.36,11.16,0.37,15.0,0.01,0.01,2330.5756,1776204676000
1776204678.195,78.195,0.6,15.0,0.59,20.0,0.64,19.5,0.65,65.0,0.36,19.5,0.35,65.0,0.4,15.0,0.41,20.0,0.04,0.04,2330.641175,1776204677000
1776204678.852,78.852,0.62,25.0,0.61,10.0,0.63,125.87,0.64,69.5,0.36,19.5,0.35,65.0,0.4,15.0,0.41,20.0,0.01,0.04,2330.641175,1776204677000
1776204679.286,79.286,0.62,25.0,0.61,10.0,0.63,125.87,0.64,69.5,0.37,125.87,0.36,69.5,0.38,25.0,0.39,10.0,0.01,0.01,2330.55098,1776204678000
1776204679.834,79.834,0.62,30.0,0.61,10.0,0.63,115.87,0.64,69.5,0.37,115.87,0.36,69.5,0.38,30.0,0.39,10.0,0.01,0.01,2330.447007,1776204679000
1776204680.7,80.7,0.6,5.0,0.59,15.0,0.63,190.37,0.64,135.0,0.37,115.87,0.36,69.5,0.38,30.0,0.39,10.0,0.03,0.01,2330.447007,1776204679000
1776204680.92,80.92,0.59,10.0,0.58,20.0,0.61,70.1,0.62,120.5,0.39,73.67,0.38,120.5,0.41,10.0,0.42,20.0,0.02,0.02,2330.395601,1776204680000
1776204681.764,81.764,0.59,20.0,0.58,20.0,0.6,88.9,0.61,65.1,0.39,70.1,0.38,120.5,0.41,10.0,0.42,20.0,0.01,0.02,2330.395601,1776204680000
1776204682.035,82.035,0.59,4.18,0.58,20.0,0.6,83.9,0.61,65.1,0.4,88.9,0.39,65.1,0.41,20.0,0.42,20.0,0.01,0.01,2330.395601,1776204680000
1776204682.599,82.599,0.58,29.83,0.57,50.0,0.6,88.9,0.61,65.1,0.4,88.9,0.39,65.1,0.42,29.83,0.43,50.0,0.02,0.02,2330.369309,1776204681000
1776204683.098,83.098,0.58,29.83,0.57,90.5,0.6,78.9,0.61,65.1,0.4,78.9,0.39,65.1,0.42,29.83,0.43,90.5,0.02,0.02,2330.252239,1776204682000
1776204683.712,83.712,0.6,54.4,0.59,51.5,0.61,10.0,0.62,95.0,0.4,78.9,0.39,65.1,0.42,29.83,0.43,90.5,0.01,0.02,2330.252239,1776204682000
1776204683.923,83.923,0.6,166.4,0.59,58.5,0.62,95.0,0.63,93.39,0.39,8.36,0.38,95.0,0.4,64.4,0.41,51.5,0.02,0.01,2330.252239,1776204682000
1776204684.233,84.233,0.62,115.0,0.61,75.5,0.63,87.29,0.64,115.32,0.37,93.39,0.36,115.32,0.39,49.5,0.4,76.4,0.01,0.02,2330.252239,1776204682000
1776204684.434,84.434,0.62,119.0,0.61,75.5,0.63,74.6,0.64,115.32,0.37,79.6,0.36,115.32,0.38,118.5,0.39,75.5,0.01,0.01,2330.222886,1776204683000
1776204684.722,84.722,0.63,56.0,0.62,49.0,0.65,25.0,0.66,2.54,0.37,74.6,0.36,115.32,0.38,119.0,0.39,75.5,0.02,0.01,2330.222886,1776204683000
1776204685.431,85.431,0.66,66.97,0.65,79.5,0.67,80.0,0.68,186.06,0.35,25.0,0.34,2.54,0.37,56.0,0.38,49.0,0.01,0.02,2330.237287,1776204684000
1776204685.928,85.928,0.66,124.97,0.65,82.0,0.67,73.49,0.68,191.06,0.33,80.0,0.32,186.06,0.34,66.97,0.35,79.5,0.01,0.01,2330.237287,1776204684000
1776204686.316,86.316,0.66,103.08,0.65,87.0,0.67,79.55,0.68,191.06,0.33,73.49,0.32,191.06,0.34,124.97,0.35,82.0,0.01,0.01,2330.53549,1776204685000
1776204686.759,86.759,0.66,160.5,0.65,70.5,0.7,80.0,0.71,100.0,0.33,79.55,0.32,191.06,0.34,103.08,0.35,87.0,0.04,0.01,2330.53549,1776204685000
1776204686.987,86.987,0.69,23.7,0.68,20.5,0.7,85.52,0.71,159.0,0.3,30.52,0.29,150.0,0.31,51.0,0.32,20.5,0.01,0.01,2330.53549,1776204685000
1776204687.461,87.461,0.69,76.99,0.68,27.0,0.7,109.9,0.71,155.0,0.3,85.52,0.29,159.0,0.31,23.7,0.32,20.5,0.01,0.01,2330.611535,1776204686000
1776204687.935,87.935,0.68,27.0,0.67,20.0,0.7,131.02,0.71,165.0,0.3,109.9,0.29,155.0,0.31,76.99,0.32,27.0,0.02,0.01,2330.611535,1776204686000
1776204688.288,88.288,0.68,37.76,0.67,28.0,0.69,79.55,0.7,121.52,0.3,136.52,0.29,175.5,0.32,26.06,0.33,20.0,0.01,0.02,2330.725415,1776204687000
1776204688.549,88.549,0.68,52.76,0.67,28.0,0.69,74.55,0.7,218.53,0.31,79.55,0.3,132.02,0.32,52.76,0.33,28.0,0.01,0.01,2330.725415,1776204687000
1776204688.766,88.766,0.68,74.2,0.67,33.5,0.69,45.72,0.7,86.52,0.31,74.55,0.3,218.53,0.32,52.76,0.33,28.0,0.01,0.01,2330.725415,1776204687000
1776204688.967,88.967,0.69,37.0,0.68,88.9,0.71,92.36,0.72,95.0,0.29,98.52,0.28,95.0,0.31,37.0,0.32,88.9,0.02,0.02,2330.725415,1776204687000
1776204689.187,89.187,0.71,20.0,0.7,10.0,0.72,7.0,0.73,33.9,0.28,5.0,0.27,33.9,0.29,10.0,0.3,10.0,0.01,0.01,2330.725415,1776204687000
1776204689.443,89.443,0.7,5.0,0.69,15.0,0.71,4.59,0.72,32.5,0.29,4.59,0.28,32.5,0.3,10.0,0.31,26.0,0.01,0.01,2331.076142,1776204688000
1776204689.648,89.648,0.7,7.0,0.69,15.0,0.71,19.59,0.72,32.5,0.29,4.59,0.28,32.5,0.3,5.0,0.31,15.0,0.01,0.01,2331.076142,1776204688000
1776204690.026,90.026,0.7,2.0,0.69,31.0,0.71,23.18,0.72,32.5,0.29,19.59,0.28,32.5,0.3,7.0,0.31,15.0,0.01,0.01,2331.076142,1776204688000
1776204690.298,90.298,0.7,2.0,0.69,31.0,0.71,23.18,0.72,32.5,0.29,23.18,0.28,32.5,0.3,2.0,0.31,31.0,0.01,0.01,2330.9791,1776204689000
1776204690.55,90.55,0.71,54.0,0.7,47.5,0.72,100.01,0.74,10.0,0.28,129.01,0.27,10.0,0.3,47.0,0.31,33.0,0.01,0.02,2330.9791,1776204689000
1776204690.822,90.822,0.71,129.5,0.7,34.5,0.72,89.24,0.74,10.0,0.28,95.9,0.26,10.0,0.29,129.5,0.3,132.5,0.01,0.01,2330.9791,1776204689000
1776204691.064,91.064,0.71,124.5,0.7,46.5,0.72,54.71,0.73,5.0,0.28,59.78,0.27,5.0,0.29,129.5,0.3,46.5,0.01,0.01,2330.9791,1776204689000
1776204691.422,91.422,0.71,139.5,0.7,36.5,0.72,54.71,0.73,15.0,0.28,54.71,0.27,5.0,0.29,124.5,0.3,46.5,0.01,0.01,2330.9791,1776204689000
1776204691.796,91.796,0.71,139.5,0.7,36.5,0.72,46.11,0.73,15.0,0.28,48.71,0.27,15.0,0.29,139.5,0.3,36.5,0.01,0.01,2331.113585,1776204690000
1776204692.019,92.019,0.71,228.5,0.7,36.5,0.72,34.22,0.73,10.0,0.28,40.77,0.27,10.0,0.29,127.5,0.3,36.5,0.01,0.01,2331.113585,1776204690000
1776204692.635,92.635,0.75,48.49,0.74,41.0,0.76,33.05,0.77,25.0,0.24,15.55,0.22,6.22,0.29,228.5,0.3,36.5,0.01,0.05,2331.14019,1776204691000
1776204692.97,92.97,0.75,13.49,0.74,28.0,0.76,85.05,0.77,15.0,0.24,33.05,0.23,25.0,0.25,48.49,0.26,41.0,0.01,0.01,2331.14019,1776204691000
1776204693.296,93.296,0.73,29.62,0.72,15.0,0.75,37.0,0.76,31.05,0.25,27.5,0.24,67.55,0.26,15.0,0.27,30.0,0.02,0.01,2331.408366,1776204692000
1776204694.275,94.275,0.74,21.0,0.73,34.62,0.75,25.86,0.76,31.05,0.25,25.86,0.24,31.05,0.26,21.0,0.27,34.62,0.01,0.01,2331.450445,1776204693000
1776204694.693,94.693,0.74,20.0,0.73,34.62,0.75,46.36,0.76,30.55,0.25,25.86,0.24,31.05,0.26,21.0,0.27,34.62,0.01,0.01,2331.450445,1776204693000
1776204695.224,95.224,0.76,7.59,0.74,126.5,0.77,10.13,0.78,6.22,0.25,46.36,0.24,30.55,0.26,20.0,0.27,34.62,0.01,0.01,2331.450445,1776204693000
1776204695.832,95.832,0.81,16.0,0.8,12.0,0.82,19.78,0.83,20.0,0.18,30.0,0.16,45.0,0.21,12.73,0.23,0.65,0.01,0.03,2331.450445,1776204693000
1776204696.195,96.195,0.7,13.83,0.69,180.0,0.82,46.59,0.83,10.0,0.18,21.59,0.17,10.0,0.19,6.41,0.2,12.0,0.12,0.01,2331.298185,1776204695000
1776204696.546,96.546,0.75,31.0,0.74,25.0,0.77,5.0,0.78,10.0,0.18,46.59,0.17,10.0,0.3,13.83,0.31,180.0,0.02,0.12,2331.298185,1776204695000
1776204696.877,96.877,0.77,24.5,0.76,20.5,0.79,2.33,0.8,23.0,0.21,2.33,0.2,23.0,0.25,31.0,0.26,25.0,0.02,0.04,2331.298185,1776204695000
1776204697.317,97.317,0.75,15.0,0.74,10.0,0.78,104.0,0.79,2.33,0.22,10.0,0.21,2.33,0.23,14.0,0.24,20.5,0.03,0.01,2331.298185,1776204695000
1776204697.552,97.552,0.71,20.5,0.7,21.0,0.75,21.0,0.76,102.0,0.24,107.0,0.23,25.0,0.26,182.0,0.29,20.5,0.04,0.02,2331.298185,1776204695000
1776204697.769,97.769,0.71,15.5,0.7,21.0,0.73,10.0,0.74,10.0,0.25,21.0,0.24,102.0,0.29,20.5,0.3,21.0,0.02,0.04,2332.15945,1776204696000
1776204698.012,98.012,0.72,18.0,0.71,28.5,0.73,8.42,0.74,15.0,0.27,4.79,0.26,10.0,0.29,20.5,0.3,21.0,0.01,0.02,2332.15945,1776204696000
1776204698.252,98.252,0.72,18.0,0.71,28.5,0.73,8.42,0.74,15.0,0.27,8.42,0.26,15.0,0.28,18.0,0.29,28.5,0.01,0.01,2332.110046,1776204697000
1776204698.617,98.617,0.73,44.31,0.72,36.31,0.74,15.0,0.75,39.0,0.27,4.79,0.26,10.0,0.28,41.31,0.29,28.5,0.01,0.01,2332.110046,1776204697000
1776204698.82,98.82,0.73,89.79,0.72,49.31,0.74,10.0,0.75,39.0,0.26,15.0,0.25,39.0,0.27,44.31,0.28,36.31,0.01,0.01,2332.110046,1776204697000
1776204699.374,99.374,0.73,89.79,0.72,59.31,0.74,4.93,0.75,39.0,0.26,4.93,0.25,39.0,0.27,89.79,0.28,59.31,0.01,0.01,2331.879315,1776204698000
1776204699.833,99.833,0.73,89.79,0.72,59.31,0.74,4.93,0.75,39.0,0.26,4.93,0.25,39.0,0.27,89.79,0.28,59.31,0.01,0.01,2331.666901,1776204699000
1776204700.358,100.358,0.65,6.0,0.64,84.0,0.74,85.43,0.75,45.5,0.26,4.93,0.25,39.0,0.27,89.79,0.28,59.31,0.09,0.01,2331.666901,1776204699000
1776204700.885,100.885,0.65,6.0,0.64,84.0,0.74,85.43,0.75,45.5,0.26,85.43,0.25,45.5,0.35,6.0,0.36,84.0,0.09,0.09,2331.61653,1776204700000
1776204701.503,101.503,0.65,67.5,0.64,37.0,0.67,20.0,0.68,10.0,0.34,8.78,0.33,20.0,0.35,52.5,0.36,27.0,0.02,0.01,2331.61653,1776204700000
1776204701.763,101.763,0.66,78.7,0.65,53.5,0.69,10.0,0.7,32.5,0.33,9.4,0.32,10.0,0.34,10.7,0.35,85.5,0.03,0.01,2331.61653,1776204700000
1776204702.019,102.019,0.67,50.5,0.66,57.7,0.69,7.21,0.7,32.5,0.31,7.21,0.3,32.5,0.33,50.5,0.34,57.7,0.02,0.02,2331.447177,1776204701000
1776204702.728,102.728,0.68,9.84,0.67,24.0,0.69,56.71,0.7,37.5,0.31,7.21,0.3,32.5,0.33,50.5,0.34,57.7,0.01,0.02,2331.447177,1776204701000
1776204703.004,103.004,0.68,8.25,0.67,24.0,0.69,71.71,0.7,37.5,0.31,56.71,0.3,37.5,0.32,9.84,0.33,24.0,0.01,0.01,2331.447177,1776204701000
1776204703.347,103.347,0.67,39.0,0.66,12.0,0.68,28.58,0.69,89.71,0.31,79.71,0.3,37.5,0.32,8.25,0.33,24.0,0.01,0.01,2330.958603,1776204702000
1776204704.168,104.168,0.67,44.0,0.66,12.0,0.68,0.16,0.69,84.71,0.32,0.16,0.31,84.71,0.33,44.0,0.34,12.0,0.01,0.01,2330.946403,1776204703000
1776204705.2,105.2,0.7,32.64,0.69,20.5,0.71,2.96,0.73,10.0,0.32,0.16,0.31,84.71,0.33,44.0,0.34,12.0,0.01,0.01,2330.946403,1776204703000
1776204706.01,106.01,0.71,40.5,0.7,37.5,0.73,10.0,0.74,19.0,0.28,5.92,0.27,10.0,0.3,30.5,0.31,25.5,0.02,0.02,2330.89682,1776204704000
1776204706.399,106.399,0.71,40.5,0.7,37.5,0.73,10.0,0.74,19.0,0.27,10.0,0.26,19.0,0.29,40.5,0.3,37.5,0.02,0.02,2330.908388,1776204705000
1776204706.925,106.925,0.68,5.0,0.67,26.5,0.7,9.57,0.71,108.0,0.27,10.0,0.26,19.0,0.29,40.5,0.3,37.5,0.02,0.02,2330.908388,1776204705000
1776204707.966,107.966,0.68,5.0,0.67,26.5,0.7,9.57,0.71,108.0,0.3,9.57,0.29,108.0,0.32,5.0,0.33,26.5,0.02,0.02,2331.293124,1776204707000
1776204708.302,108.302,0.68,19.62,0.67,16.0,0.69,9.42,0.7,9.57,0.31,20.0,0.3,9.57,0.32,10.62,0.33,36.5,0.01,0.01,2331.293124,1776204707000
1776204708.723,108.723,0.68,10.62,0.67,29.0,0.69,4.42,0.7,39.07,0.31,9.42,0.3,9.57,0.32,19.62,0.33,16.0,0.01,0.01,2331.293124,1776204707000
1776204709.066,109.066,0.68,10.62,0.67,29.0,0.69,4.42,0.7,39.07,0.31,4.42,0.3,39.07,0.32,10.62,0.33,29.0,0.01,0.01,2331.22294,1776204708000
1776204709.655,109.655,0.69,15.0,0.68,10.66,0.7,49.79,0.71,80.5,0.3,52.04,0.29,70.5,0.31,10.0,0.32,15.62,0.01,0.01,2331.22294,1776204708000
1776204709.883,109.883,0.69,15.0,0.68,5.62,0.7,39.79,0.71,80.5,0.3,49.79,0.29,80.5,0.31,21.0,0.32,10.66,0.01,0.01,2331.22294,1776204708000
1776204710.162,110.162,0.68,5.62,0.67,35.95,0.7,39.79,0.71,80.5,0.3,39.79,0.29,80.5,0.32,5.62,0.33,35.95,0.02,0.02,2331.018734,1776204709000
1776204711.115,111.115,0.68,52.62,0.67,63.49,0.7,29.0,0.71,90.5,0.31,13.55,0.3,39.79,0.32,0.62,0.33,35.95,0.02,0.01,2331.018734,1776204709000
1776204711.725,111.725,0.68,52.62,0.67,63.49,0.7,29.0,0.71,90.5,0.3,29.0,0.29,90.5,0.32,52.62,0.33,63.49,0.02,0.02,2330.960075,1776204710000
1776204712.214,112.214,0.69,19.0,0.68,47.62,0.7,32.02,0.71,100.5,0.3,32.02,0.29,100.5,0.31,19.0,0.32,47.62,0.01,0.01,2330.9474,1776204711000
1776204712.415,112.415,0.68,15.62,0.67,16.0,0.7,32.52,0.71,100.5,0.3,27.52,0.29,100.5,0.31,14.0,0.32,32.62,0.02,0.01,2330.9474,1776204711000
1776204712.663,112.663,0.68,15.62,0.67,16.0,0.69,82.05,0.7,52.52,0.3,32.52,0.29,100.5,0.32,15.62,0.33,16.0,0.01,0.02,2330.9474,1776204711000
1776204713.419,113.419,0.68,0.62,0.67,16.0,0.69,77.05,0.7,52.52,0.31,77.05,0.3,52.52,0.32,0.62,0.33,16.0,0.01,0.01,2330.976658,1776204712000
1776204713.691,113.691,0.68,0.62,0.67,26.0,0.69,35.35,0.7,36.52,0.31,80.6,0.3,51.52,0.32,0.62,0.33,26.0,0.01,0.01,2330.976658,1776204712000
1776204713.968,113.968,0.68,0.62,0.67,26.0,0.69,35.35,0.7,36.52,0.31,35.35,0.3,36.52,0.32,0.62,0.33,26.0,0.01,0.01,2330.954692,1776204713000
1776204715.11,115.11,0.68,0.62,0.67,26.0,0.69,30.35,0.7,36.52,0.31,30.35,0.3,36.52,0.32,0.62,0.33,26.0,0.01,0.01,2330.84606,1776204714000
1776204716.073,116.073,0.68,5.62,0.67,28.0,0.69,35.35,0.7,36.52,0.31,30.35,0.3,36.52,0.32,0.62,0.33,26.0,0.01,0.01,2330.84606,1776204714000
1776204717.06,117.06,0.68,5.62,0.67,28.0,0.69,35.35,0.7,36.52,0.31,35.35,0.3,36.52,0.32,5.62,0.33,28.0,0.01,0.01,2330.832915,1776204716000
1776204718.2,118.2,0.7,117.45,0.69,35.5,0.71,18.0,0.73,19.0,0.31,35.35,0.3,36.52,0.32,5.62,0.33,28.0,0.01,0.01,2330.832915,1776204716000
1776204718.509,118.509,0.72,30.0,0.71,25.0,0.73,18.39,0.75,9.0,0.27,19.0,0.26,20.5,0.3,166.49,0.31,52.5,0.01,0.03,2330.832915,1776204716000
1776204718.721,118.721,0.72,85.5,0.71,45.5,0.73,13.39,0.75,9.0,0.27,18.39,0.25,9.0,0.28,30.0,0.29,25.0,0.01,0.01,2330.832486,1776204717000
1776204719.089,119.089,0.73,28.46,0.72,85.5,0.75,14.0,0.76,60.0,0.25,9.0,0.24,60.0,0.28,90.5,0.29,45.5,0.02,0.03,2330.832486,1776204717000
1776204719.299,119.299,0.74,8.46,0.73,13.51,0.75,9.0,0.76,60.0,0.25,14.0,0.24,60.0,0.27,28.46,0.28,85.5,0.01,0.02,2330.851157,1776204718000
1776204719.754,119.754,0.74,11.92,0.73,34.01,0.75,24.0,0.76,70.0,0.25,9.0,0.24,60.0,0.26,8.46,0.27,13.51,0.01,0.01,2330.851157,1776204718000
1776204720.411,120.411,0.74,27.46,0.73,10.0,0.75,34.0,0.76,65.0,0.25,24.0,0.24,70.0,0.26,11.92,0.27,34.01,0.01,0.01,2330.851157,1776204718000
1776204721.073,121.073,0.71,31.69,0.7,65.5,0.72,20.0,0.73,20.0,0.25,34.0,0.24,65.0,0.26,27.46,0.27,10.0,0.01,0.01,2331.073195,1776204719000
1776204721.577,121.577,0.71,53.65,0.7,42.5,0.72,7.91,0.73,15.0,0.28,20.0,0.27,20.0,0.29,31.69,0.3,65.5,0.01,0.01,2331.29379,1776204720000
1776204721.978,121.978,0.72,3.89,0.71,10.0,0.73,119.51,0.74,38.5,0.27,13.01,0.26,36.5,0.29,53.65,0.3,42.5,0.01,0.02,2331.29379,1776204720000
1776204722.201,122.201,0.67,19.89,0.66,30.0,0.72,20.5,0.73,85.5,0.27,80.12,0.26,28.5,0.29,1.89,0.33,16.0,0.05,0.02,2331.29379,1776204720000
1776204722.478,122.478,0.68,38.0,0.67,48.39,0.69,13.55,0.7,22.0,0.31,13.55,0.3,22.0,0.32,38.0,0.33,48.39,0.01,0.01,2331.35094,1776204721000
1776204722.962,122.962,0.67,1.43,0.66,10.0,0.69,58.05,0.7,32.5,0.31,13.55,0.3,22.0,0.32,38.0,0.33,48.39,0.02,0.01,2331.35094,1776204721000
1776204723.523,123.523,0.65,14.28,0.64,25.5,0.66,20.0,0.67,15.0,0.33,15.0,0.32,15.0,0.36,20.5,0.37,10.0,0.01,0.03,2331.350088,1776204722000
1776204723.919,123.919,0.65,24.78,0.64,25.5,0.66,14.54,0.67,20.0,0.34,20.0,0.33,15.0,0.35,14.28,0.36,25.5,0.01,0.01,2331.350088,1776204722000
1776204724.497,124.497,0.65,24.78,0.64,25.5,0.66,14.54,0.67,20.0,0.34,14.54,0.33,20.0,0.35,24.78,0.36,25.5,0.01,0.01,2331.01305,1776204723000
1776204725.086,125.086,0.62,0.36,0.61,82.4,0.64,50.0,0.65,19.38,0.35,9.38,0.34,45.0,0.37,10.5,0.38,36.0,0.02,0.02,2331.01305,1776204723000
1776204726.349,126.349,0.62,5.36,0.61,82.4,0.63,9.12,0.64,40.0,0.37,9.12,0.36,40.0,0.38,5.36,0.39,82.4,0.01,0.01,2330.755683,1776204725000
1776204726.958,126.958,0.63,43.22,0.62,31.36,0.64,15.0,0.65,19.38,0.36,15.0,0.35,19.38,0.37,43.22,0.38,31.36,0.01,0.01,2330.650353,1776204726000
1776204727.189,127.189,0.64,40.5,0.63,63.72,0.65,13.71,0.66,20.0,0.35,19.38,0.34,15.0,0.37,133.72,0.38,31.36,0.01,0.02,2330.650353,1776204726000
1776204727.73,127.73,0.65,32.0,0.64,15.0,0.67,20.0,0.68,107.51,0.32,87.51,0.31,33.55,0.36,41.14,0.37,63.72,0.02,0.04,2330.650353,1776204726000
1776204727.966,127.966,0.65,32.0,0.64,15.0,0.67,1.97,0.68,102.51,0.33,20.0,0.32,107.51,0.35,32.0,0.36,15.0,0.02,0.02,2330.650353,1776204726000
1776204728.182,128.182,0.65,37.0,0.64,20.0,0.67,3.4,0.68,102.51,0.33,1.97,0.32,102.51,0.35,32.0,0.36,15.0,0.02,0.02,2330.650353,1776204726000
1776204728.648,128.648,0.65,10.0,0.64,101.9,0.68,94.9,0.69,35.55,0.32,96.58,0.31,23.55,0.35,32.0,0.36,20.0,0.03,0.03,2330.650353,1776204726000
1776204729.079,129.079,0.65,10.0,0.64,101.9,0.68,94.9,0.69,35.55,0.32,94.9,0.31,35.55,0.35,10.0,0.36,101.9,0.03,0.03,2330.546275,1776204727000
1776204729.293,129.293,0.65,10.0,0.64,101.9,0.67,18.0,0.68,89.9,0.32,94.9,0.31,35.55,0.35,10.0,0.36,101.9,0.02,0.03,2330.546275,1776204727000
1776204729.958,129.958,0.65,10.0,0.64,101.9,0.67,18.0,0.68,89.9,0.33,18.0,0.32,89.9,0.35,10.0,0.36,101.9,0.02,0.02,2330.562855,1776204728000
1776204730.755,130.755,0.66,7.11,0.65,10.0,0.67,28.0,0.68,99.9,0.33,28.0,0.32,99.9,0.34,7.11,0.35,10.0,0.01,0.01,2330.571131,1776204729000
1776204731.446,131.446,0.66,5.11,0.65,15.0,0.67,23.0,0.68,79.45,0.33,28.0,0.32,99.9,0.34,7.11,0.35,10.0,0.01,0.01,2330.571131,1776204729000
1776204732.112,132.112,0.65,3.67,0.64,117.4,0.67,18.0,0.68,84.45,0.33,18.0,0.32,84.45,0.35,3.67,0.36,117.4,0.02,0.02,2330.573852,1776204731000
1776204733.239,133.239,0.61,8.83,0.6,11.0,0.65,130.5,0.66,152.5,0.33,28.0,0.32,84.45,0.34,83.28,0.35,23.67,0.04,0.01,2330.573852,1776204731000
1776204733.473,133.473,0.61,38.83,0.6,21.0,0.62,53.0,0.63,20.0,0.38,53.0,0.37,20.0,0.39,38.83,0.4,21.0,0.01,0.01,2330.599354,1776204732000
1776204733.783,133.783,0.61,42.63,0.6,31.0,0.62,40.0,0.63,25.0,0.38,53.0,0.37,20.0,0.39,38.83,0.4,21.0,0.01,0.01,2330.599354,1776204732000
1776204734.345,134.345,0.61,48.63,0.6,73.42,0.62,19.0,0.63,25.0,0.38,40.0,0.37,25.0,0.39,42.63,0.4,31.0,0.01,0.01,2330.599354,1776204732000
1776204735.614,135.614,0.61,47.63,0.6,73.42,0.62,19.0,0.63,25.0,0.38,19.0,0.37,25.0,0.39,47.63,0.4,73.42,0.01,0.01,2330.556632,1776204734000
1776204736.252,136.252,0.62,65.4,0.61,31.0,0.63,15.0,0.64,31.0,0.38,19.0,0.37,25.0,0.39,47.63,0.4,73.42,0.01,0.01,2330.556632,1776204734000
1776204736.8,136.8,0.62,61.99,0.61,31.0,0.63,11.0,0.64,31.0,0.37,11.0,0.36,31.0,0.38,61.99,0.39,31.0,0.01,0.01,2330.430022,1776204735000
1776204737.615,137.615,0.62,61.99,0.61,31.0,0.63,11.0,0.64,31.0,0.37,11.0,0.36,31.0,0.38,61.99,0.39,31.0,0.01,0.01,2330.434835,1776204736000
1776204738.131,138.131,0.59,6.04,0.57,15.5,0.6,43.5,0.61,30.5,0.37,20.0,0.36,31.0,0.39,21.0,0.4,125.0,0.01,0.02,2330.434835,1776204736000
1776204738.362,138.362,0.57,9.92,0.56,36.9,0.6,48.5,0.61,30.5,0.4,48.5,0.39,30.5,0.43,9.92,0.44,36.9,0.03,0.03,2330.434835,1776204736000
1776204738.719,138.719,0.57,27.75,0.56,15.4,0.58,15.86,0.59,25.0,0.4,48.5,0.39,30.5,0.43,9.92,0.44,36.9,0.01,0.03,2330.434835,1776204736000
1776204738.941,138.941,0.57,10.75,0.56,25.9,0.59,19.89,0.6,86.5,0.41,28.09,0.4,86.5,0.43,10.75,0.44,15.4,0.02,0.02,2330.43481,1776204737000
1776204739.215,139.215,0.57,20.75,0.56,25.9,0.58,2.41,0.59,29.89,0.41,19.89,0.4,86.5,0.43,10.75,0.44,25.9,0.01,0.02,2330.43481,1776204737000
1776204739.816,139.816,0.57,0.75,0.56,15.4,0.58,7.41,0.59,24.89,0.42,7.41,0.41,24.89,0.43,0.75,0.44,15.4,0.01,0.01,2330.428849,1776204738000
1776204740.118,140.118,0.55,96.5,0.54,93.9,0.58,35.91,0.59,63.89,0.42,7.41,0.41,24.89,0.43,0.75,0.44,15.4,0.03,0.01,2330.428849,1776204738000
1776204740.508,140.508,0.55,106.5,0.54,93.9,0.56,8.21,0.57,25.0,0.42,35.91,0.41,63.89,0.45,96.5,0.46,93.9,0.01,0.03,2330.428849,1776204738000
1776204740.878,140.878,0.55,106.5,0.54,93.9,0.56,8.21,0.57,25.0,0.44,8.21,0.43,25.0,0.45,106.5,0.46,93.9,0.01,0.01,2330.21095,1776204739000
1776204741.114,141.114,0.55,111.5,0.54,93.9,0.56,0.06,0.57,25.0,0.44,8.21,0.43,25.0,0.45,106.5,0.46,93.9,0.01,0.01,2330.21095,1776204739000
1776204741.829,141.829,0.55,111.5,0.54,93.9,0.56,0.06,0.57,25.0,0.44,0.06,0.43,25.0,0.45,111.5,0.46,93.9,0.01,0.01,2330.052475,1776204740000
1776204742.319,142.319,0.56,3.04,0.55,96.5,0.57,35.0,0.58,25.0,0.44,0.06,0.43,25.0,0.45,111.5,0.46,93.9,0.01,0.01,2330.052475,1776204740000
1776204742.799,142.799,0.56,3.04,0.55,96.5,0.57,35.0,0.58,25.0,0.43,35.0,0.42,25.0,0.44,3.04,0.45,96.5,0.01,0.01,2330.027549,1776204741000
1776204743.629,143.629,0.56,84.79,0.55,101.5,0.57,16.36,0.58,30.0,0.43,21.36,0.42,25.0,0.44,8.04,0.45,101.5,0.01,0.01,2330.027549,1776204741000
1776204743.854,143.854,0.56,84.79,0.55,101.5,0.57,11.36,0.58,30.0,0.43,11.36,0.42,30.0,0.44,84.79,0.45,101.5,0.01,0.01,2329.977306,1776204742000
1776204744.352,144.352,0.56,50.2,0.55,101.5,0.57,16.36,0.58,35.0,0.43,11.36,0.42,30.0,0.44,84.79,0.45,101.5,0.01,0.01,2329.977306,1776204742000
1776204744.649,144.649,0.56,65.2,0.55,101.5,0.57,11.36,0.58,35.0,0.43,16.36,0.42,35.0,0.44,50.2,0.45,101.5,0.01,0.01,2329.977306,1776204742000
1776204744.941,144.941,0.56,65.2,0.55,101.5,0.57,11.36,0.58,35.0,0.43,11.36,0.42,35.0,0.44,65.2,0.45,101.5,0.01,0.01,2329.980371,1776204743000
1776204746.023,146.023,0.56,70.2,0.55,101.5,0.58,31.36,0.59,30.5,0.42,31.36,0.41,30.5,0.44,70.2,0.45,101.5,0.02,0.02,2329.970409,1776204744000
1776204746.298,146.298,0.57,64.17,0.56,26.26,0.58,35.0,0.59,35.5,0.42,35.0,0.41,35.5,0.44,81.26,0.45,101.5,0.01,0.02,2329.970409,1776204744000
1776204746.535,146.535,0.66,7.05,0.65,10.0,0.68,33.45,0.69,10.0,0.34,6.0,0.33,5.0,0.43,187.62,0.44,71.26,0.02,0.09,2329.970409,1776204744000
1776204746.819,146.819,0.66,5.0,0.65,15.0,0.67,9.9,0.68,10.0,0.33,9.9,0.32,10.0,0.34,5.0,0.35,15.0,0.01,0.01,2329.970717,1776204745000
1776204747.022,147.022,0.63,36.0,0.62,16.0,0.64,22.0,0.65,25.5,0.33,9.9,0.32,10.0,0.34,5.0,0.35,15.0,0.01,0.01,2329.970717,1776204745000
1776204747.576,147.576,0.63,74.5,0.62,41.54,0.64,18.43,0.65,10.0,0.36,22.0,0.35,25.5,0.37,36.0,0.38,16.0,0.01,0.01,2329.970717,1776204745000
1776204748.345,148.345,0.63,74.5,0.62,41.54,0.64,18.43,0.65,10.0,0.36,18.43,0.35,10.0,0.37,74.5,0.38,41.54,0.01,0.01,2329.961465,1776204747000
1776204748.842,148.842,0.63,59.5,0.62,46.5,0.64,18.43,0.65,10.0,0.36,18.43,0.35,10.0,0.37,74.5,0.38,41.54,0.01,0.01,2329.961465,1776204747000
1776204749.112,149.112,0.63,58.5,0.62,46.5,0.64,18.43,0.65,10.0,0.36,18.43,0.35,10.0,0.37,59.5,0.38,46.5,0.01,0.01,2329.961465,1776204747000
1776204749.355,149.355,0.63,58.5,0.62,36.5,0.64,7.81,0.65,10.0,0.36,18.43,0.35,10.0,0.37,58.5,0.38,46.5,0.01,0.01,2330.289929,1776204748000
1776204749.693,149.693,0.63,58.5,0.62,36.5,0.65,9.44,0.66,30.5,0.36,7.81,0.35,10.0,0.37,58.5,0.38,36.5,0.02,0.01,2330.289929,1776204748000
1776204750.299,150.299,0.63,5.0,0.62,26.5,0.65,34.94,0.66,74.5,0.35,9.44,0.34,30.5,0.37,58.5,0.38,36.5,0.02,0.02,2330.289929,1776204748000
1776204750.563,150.563,0.63,5.0,0.62,16.0,0.64,52.64,0.65,39.94,0.35,34.94,0.34,74.5,0.37,5.0,0.38,26.5,0.01,0.02,2330.289929,1776204748000
1776204750.864,150.864,0.62,16.0,0.61,36.5,0.64,48.0,0.65,49.94,0.36,48.0,0.35,49.94,0.38,16.0,0.39,36.5,0.02,0.02,2330.311095,1776204749000
1776204751.155,151.155,0.62,141.45,0.61,305.51,0.67,5.02,0.69,5.0,0.36,48.0,0.35,49.94,0.38,16.0,0.39,36.5,0.05,0.02,2330.311095,1776204749000
1776204751.467,151.467,0.68,10.0,0.67,147.5,0.71,36.93,0.72,93.4,0.28,19.9,0.27,19.86,0.3,22.14,0.31,20.5,0.03,0.02,2330.311095,1776204749000
1776204751.989,151.989,0.69,2.0,0.68,15.0,0.7,55.5,0.71,120.93,0.29,17.43,0.28,93.4,0.31,10.0,0.32,35.0,0.01,0.02,2330.311095,1776204749000
1776204752.264,152.264,0.68,15.0,0.67,26.0,0.7,46.85,0.71,125.93,0.3,50.5,0.29,120.93,0.32,15.0,0.33,32.04,0.02,0.02,2330.311095,1776204749000
1776204753.401,153.401,0.68,15.0,0.67,26.0,0.7,46.85,0.71,125.93,0.3,46.85,0.29,125.93,0.32,15.0,0.33,26.0,0.02,0.02,2330.687033,1776204752000
1776204753.624,153.624,0.67,5.0,0.66,16.0,0.68,33.01,0.69,75.5,0.3,46.85,0.29,125.93,0.32,15.0,0.33,26.0,0.01,0.02,2330.687033,1776204752000
1776204753.965,153.965,0.66,97.5,0.65,66.5,0.67,9.5,0.69,55.0,0.32,30.03,0.31,65.5,0.34,26.0,0.35,66.5,0.01,0.02,2330.687033,1776204752000
1776204755.436,155.436,0.66,97.5,0.65,66.5,0.67,9.5,0.69,55.0,0.33,9.5,0.31,55.0,0.34,97.5,0.35,66.5,0.01,0.01,2330.560115,1776204754000
1776204756.221,156.221,0.65,138.15,0.64,83.12,0.66,85.58,0.67,45.0,0.33,9.5,0.31,55.0,0.34,97.5,0.35,66.5,0.01,0.01,2330.560115,1776204754000
1776204756.567,156.567,0.65,103.15,0.64,83.12,0.67,74.0,0.68,45.0,0.33,53.0,0.32,45.0,0.34,92.81,0.35,103.15,0.02,0.01,2330.500347,1776204755000
1776204757.562,157.562,0.65,0.15,0.64,83.12,0.66,35.5,0.67,76.0,0.33,74.0,0.32,45.0,0.35,103.15,0.36,83.12,0.01,0.02,2330.500347,1776204755000
1776204758.321,158.321,0.64,83.12,0.59,10.0,0.65,9.85,0.66,399.5,0.34,35.5,0.33,76.0,0.35,0.15,0.36,83.12,0.01,0.01,2330.428412,1776204756000
1776204758.665,158.665,0.54,11.24,0.53,15.0,0.55,83.0,0.56,20.0,0.45,10.0,0.44,10.0,0.46,22.4,0.47,15.0,0.01,0.01,2330.380346,1776204757000
1776204758.93,158.93,0.54,10.0,0.53,26.26,0.55,81.18,0.56,25.0,0.45,83.0,0.44,20.0,0.47,10.76,0.48,10.0,0.01,0.02,2330.380346,1776204757000
1776204759.252,159.252,0.54,10.0,0.53,26.26,0.55,81.18,0.56,25.0,0.45,81.18,0.44,25.0,0.46,10.0,0.47,26.26,0.01,0.01,2330.288836,1776204758000
1776204760.008,160.008,0.54,30.5,0.53,26.26,0.55,51.36,0.56,25.0,0.45,51.36,0.44,25.0,0.46,30.5,0.47,26.26,0.01,0.01,2330.051151,1776204759000
1776204760.259,160.259,0.54,30.5,0.53,26.26,0.55,38.0,0.56,10.0,0.45,40.36,0.44,15.0,0.46,30.5,0.47,26.26,0.01,0.01,2330.051151,1776204759000
1776204761.08,161.08,0.54,96.5,0.53,26.26,0.55,19.58,0.56,5.0,0.45,38.0,0.44,10.0,0.46,30.5,0.47,26.26,0.01,0.01,2330.051151,1776204759000
1776204761.31,161.31,0.54,103.0,0.53,26.26,0.59,10.0,0.6,20.0,0.44,5.0,0.41,10.0,0.46,90.5,0.47,26.26,0.05,0.02,2330.051151,1776204759000
1776204762.305,162.305,0.57,33.96,0.56,26.5,0.58,15.0,0.59,15.0,0.41,10.0,0.4,20.0,0.45,10.0,0.46,103.0,0.01,0.04,2329.656481,1776204760000
1776204762.571,162.571,0.57,43.96,0.56,26.5,0.58,10.0,0.59,15.0,0.42,15.0,0.41,15.0,0.43,33.96,0.44,26.5,0.01,0.01,2329.680778,1776204761000
1776204763.235,163.235,0.57,43.96,0.56,26.5,0.58,10.0,0.59,15.0,0.42,10.0,0.41,15.0,0.43,43.96,0.44,26.5,0.01,0.01,2329.819108,1776204762000
1776204763.701,163.701,0.57,28.96,0.56,26.5,0.58,28.1,0.59,15.0,0.42,10.0,0.41,15.0,0.43,43.96,0.44,26.5,0.01,0.01,2329.819108,1776204762000
1776204764.311,164.311,0.57,47.96,0.56,26.5,0.58,8.1,0.59,5.0,0.42,18.1,0.41,5.0,0.43,23.96,0.44,26.5,0.01,0.01,2329.819108,1776204762000
1776204764.802,164.802,0.57,47.96,0.56,26.5,0.58,8.1,0.59,5.0,0.42,8.1,0.41,5.0,0.43,47.96,0.44,26.5,0.01,0.01,2329.812496,1776204763000
1776204765.558,165.558,0.57,31.96,0.56,26.5,0.58,5.0,0.59,15.0,0.42,5.0,0.41,15.0,0.43,31.96,0.44,26.5,0.01,0.01,2329.805385,1776204764000
1776204766.267,166.267,0.57,85.96,0.56,26.5,0.58,9.0,0.59,15.0,0.42,5.0,0.41,15.0,0.43,31.96,0.44,26.5,0.01,0.01,2329.805385,1776204764000
1776204766.667,166.667,0.57,52.96,0.56,20.5,0.58,2.87,0.59,15.0,0.42,9.0,0.41,15.0,0.43,85.96,0.44,26.5,0.01,0.01,2329.839197,1776204765000
1776204767.052,167.052,0.57,52.96,0.56,20.5,0.58,2.87,0.59,15.0,0.42,2.87,0.41,15.0,0.43,52.96,0.44,20.5,0.01,0.01,2329.838152,1776204766000
1776204767.563,167.563,0.57,86.96,0.56,20.5,0.58,8.0,0.59,25.0,0.42,2.87,0.41,15.0,0.43,52.96,0.44,20.5,0.01,0.01,2329.838152,1776204766000
1776204768.155,168.155,0.57,38.3,0.56,20.5,0.58,18.0,0.59,15.0,0.42,8.0,0.41,25.0,0.43,96.96,0.44,20.5,0.01,0.01,2329.838152,1776204766000
1776204768.449,168.449,0.57,38.3,0.56,20.5,0.58,18.0,0.59,15.0,0.42,18.0,0.41,15.0,0.43,38.3,0.44,20.5,0.01,0.01,2329.853232,1776204767000
1776204769.119,169.119,0.57,107.3,0.56,20.5,0.58,10.0,0.59,15.0,0.42,18.0,0.41,15.0,0.43,38.3,0.44,20.5,0.01,0.01,2329.853232,1776204767000
1776204769.744,169.744,0.57,107.3,0.56,20.5,0.58,9.0,0.59,15.0,0.42,10.0,0.41,15.0,0.43,107.3,0.44,20.5,0.01,0.01,2329.853372,1776204768000
1776204770.692,170.692,0.57,107.3,0.56,20.5,0.58,9.0,0.59,15.0,0.42,9.0,0.41,15.0,0.43,107.3,0.44,20.5,0.01,0.01,2329.857674,1776204769000
1776204771.516,171.516,0.57,107.3,0.56,20.5,0.58,9.0,0.59,15.0,0.42,9.0,0.41,15.0,0.43,107.3,0.44,20.5,0.01,0.01,2329.885847,1776204770000
1776204771.991,171.991,0.57,112.3,0.56,20.5,0.58,5.0,0.59,15.0,0.42,9.0,0.41,15.0,0.43,107.3,0.44,20.5,0.01,0.01,2329.885847,1776204770000
1776204772.854,172.854,0.57,112.3,0.56,20.5,0.58,5.0,0.59,15.0,0.42,5.0,0.41,15.0,0.43,112.3,0.44,20.5,0.01,0.01,2329.885951,1776204771000
1776204773.436,173.436,0.57,112.3,0.56,20.5,0.58,5.0,0.59,15.0,0.42,5.0,0.41,15.0,0.43,112.3,0.44,20.5,0.01,0.01,2329.883816,1776204772000
1776204773.64,173.64,0.57,112.3,0.56,20.5,0.59,28.94,0.6,34.0,0.41,28.03,0.4,39.0,0.43,112.3,0.44,20.5,0.02,0.02,2329.883816,1776204772000
1776204774.046,174.046,0.57,112.3,0.56,20.5,0.59,28.94,0.6,34.0,0.41,28.94,0.4,34.0,0.43,112.3,0.44,20.5,0.02,0.02,2329.880484,1776204773000
1776204775.228,175.228,0.57,112.3,0.56,20.5,0.59,28.94,0.6,34.0,0.41,28.94,0.4,34.0,0.43,112.3,0.44,20.5,0.02,0.02,2329.862833,1776204774000
1776204776.33,176.33,0.57,112.3,0.56,20.5,0.59,28.94,0.6,34.0,0.41,28.94,0.4,34.0,0.43,112.3,0.44,20.5,0.02,0.02,2329.859738,1776204775000
1776204776.846,176.846,0.57,112.3,0.56,20.5,0.59,28.94,0.6,34.0,0.41,28.94,0.4,34.0,0.43,112.3,0.44,20.5,0.02,0.02,2329.859738,1776204776000
1776204777.198,177.198,0.57,92.3,0.56,20.5,0.58,8.1,0.59,18.94,0.41,28.94,0.4,34.0,0.43,112.3,0.44,20.5,0.01,0.02,2329.859738,1776204776000
1776204778.004,178.004,0.57,92.3,0.56,20.5,0.58,8.1,0.59,18.94,0.42,8.1,0.41,18.94,0.43,92.3,0.44,20.5,0.01,0.01,2329.856497,1776204777000
1776204779.079,179.079,0.57,92.3,0.56,20.5,0.58,8.1,0.59,18.94,0.42,8.1,0.41,18.94,0.43,92.3,0.44,20.5,0.01,0.01,2329.862687,1776204778000
1776204780.221,180.221,0.57,68.64,0.56,20.5,0.58,15.0,0.59,26.94,0.42,8.1,0.41,18.94,0.43,92.3,0.44,20.5,0.01,0.01,2329.862687,1776204778000
1776204781.332,181.332,0.57,68.64,0.56,20.5,0.58,15.0,0.59,26.94,0.42,15.0,0.41,26.94,0.43,68.64,0.44,20.5,0.01,0.01,2329.892977,1776204780000
1776204781.702,181.702,0.57,30.0,0.56,22.54,0.59,22.53,0.6,20.0,0.42,7.19,0.41,18.94,0.43,93.64,0.44,20.5,0.02,0.01,2329.892977,1776204780000
1776204781.994,181.994,0.57,30.0,0.56,32.54,0.59,22.53,0.6,20.0,0.41,22.53,0.4,20.0,0.43,30.0,0.44,32.54,0.02,0.02,2329.886863,1776204781000
1776204782.272,182.272,0.57,45.0,0.56,47.49,0.58,8.27,0.59,22.53,0.41,22.53,0.4,20.0,0.43,30.0,0.44,32.54,0.01,0.02,2329.886863,1776204781000
1776204782.973,182.973,0.57,20.0,0.56,20.5,0.58,23.27,0.59,12.53,0.42,8.27,0.41,22.53,0.43,45.0,0.44,47.49,0.01,0.01,2329.886863,1776204781000
1776204783.196,183.196,0.57,20.0,0.56,20.5,0.58,23.27,0.59,12.53,0.42,23.27,0.41,12.53,0.43,20.0,0.44,20.5,0.01,0.01,2329.880499,1776204782000
1776204783.485,183.485,0.58,56.73,0.57,50.5,0.59,12.53,0.6,28.0,0.42,23.27,0.41,12.53,0.43,20.0,0.44,20.5,0.01,0.01,2329.880499,1776204782000
1776204784.345,184.345,0.58,126.73,0.57,15.0,0.59,11.53,0.6,33.0,0.41,11.53,0.4,33.0,0.42,126.73,0.43,15.0,0.01,0.01,2329.87823,1776204783000
1776204784.593,184.593,0.58,51.73,0.55,20.5,0.59,42.03,0.6,30.5,0.41,11.53,0.4,33.0,0.42,126.73,0.43,15.0,0.01,0.01,2329.87823,1776204783000
1776204784.943,184.943,0.58,51.73,0.55,20.5,0.59,42.03,0.6,30.5,0.41,42.03,0.4,30.5,0.42,51.73,0.45,20.5,0.01,0.01,2329.868469,1776204784000
1776204786.096,186.096,0.58,22.73,0.54,10.5,0.59,52.03,0.6,30.5,0.41,52.03,0.4,30.5,0.42,22.73,0.46,10.5,0.01,0.01,2329.829401,1776204785000
1776204787.122,187.122,0.58,12.73,0.54,16.22,0.59,82.03,0.6,35.5,0.41,52.03,0.4,30.5,0.42,22.73,0.46,10.5,0.01,0.01,2329.829401,1776204785000
1776204787.699,187.699,0.54,10.06,0.53,21.26,0.56,20.0,0.57,43.5,0.42,8.63,0.41,69.03,0.46,16.22,0.47,10.76,0.02,0.04,2329.829401,1776204785000
1776204788.544,188.544,0.54,10.06,0.53,21.26,0.56,20.0,0.57,43.5,0.44,20.0,0.43,43.5,0.46,10.06,0.47,21.26,0.02,0.02,2329.653726,1776204787000
1776204789.061,189.061,0.54,10.06,0.53,21.26,0.56,20.0,0.57,43.5,0.44,20.0,0.43,43.5,0.46,10.06,0.47,21.26,0.02,0.02,2329.6122,1776204788000
1776204790.817,190.817,0.54,10.06,0.53,21.26,0.56,20.0,0.57,43.5,0.44,20.0,0.43,43.5,0.46,10.06,0.47,21.26,0.02,0.02,2329.589513,1776204789000
1776204791.47,191.47,0.54,10.06,0.53,21.26,0.56,20.0,0.57,43.5,0.44,20.0,0.43,43.5,0.46,10.06,0.47,21.26,0.02,0.02,2329.589513,1776204790000
1776204792.276,192.276,0.54,10.06,0.53,21.26,0.56,20.0,0.57,43.5,0.44,20.0,0.43,43.5,0.46,10.06,0.47,21.26,0.02,0.02,2329.588472,1776204791000
1776204792.837,192.837,0.51,5.0,0.5,89.0,0.53,9.24,0.55,44.0,0.44,20.0,0.43,43.5,0.46,10.06,0.47,21.26,0.02,0.02,2329.588472,1776204791000
1776204793.552,193.552,0.51,1.26,0.5,89.0,0.53,9.24,0.55,44.0,0.47,9.24,0.45,44.0,0.49,1.26,0.5,89.0,0.02,0.02,2329.553073,1776204792000
1776204794.162,194.162,0.51,1.26,0.5,89.0,0.53,9.24,0.55,44.0,0.47,9.24,0.45,44.0,0.49,1.26,0.5,89.0,0.02,0.02,2329.469775,1776204793000
1776204794.784,194.784,0.49,2.15,0.48,34.9,0.52,51.0,0.53,67.74,0.47,9.24,0.45,44.0,0.49,1.26,0.5,89.0,0.03,0.02,2329.469775,1776204793000
1776204795.053,195.053,0.48,9.37,0.47,10.0,0.5,20.0,0.51,18.0,0.5,20.0,0.49,18.0,0.52,9.37,0.53,10.0,0.02,0.02,2329.381646,1776204794000
1776204795.383,195.383,0.45,89.17,0.44,90.0,0.49,18.0,0.5,25.0,0.5,37.0,0.49,25.0,0.54,9.67,0.55,87.0,0.04,0.04,2329.381646,1776204794000
1776204795.652,195.652,0.42,5.55,0.41,28.42,0.46,128.0,0.47,15.0,0.51,18.0,0.5,25.0,0.55,89.17,0.56,90.0,0.04,0.04,2329.381646,1776204794000
1776204796.047,196.047,0.41,22.17,0.4,9.99,0.42,25.0,0.43,20.0,0.58,15.0,0.57,20.0,0.59,16.67,0.6,16.99,0.01,0.01,2329.381646,1776204794000
1776204796.539,196.539,0.41,16.17,0.4,9.99,0.42,25.0,0.43,20.0,0.58,25.0,0.57,20.0,0.59,16.17,0.6,9.99,0.01,0.01,2329.383979,1776204795000
1776204797.13,197.13,0.41,16.17,0.4,9.99,0.42,25.0,0.43,20.0,0.58,25.0,0.57,20.0,0.59,16.17,0.6,9.99,0.01,0.01,2329.276351,1776204796000
1776204797.598,197.598,0.4,7.49,0.39,70.0,0.42,194.0,0.43,49.0,0.58,33.0,0.57,29.0,0.59,16.17,0.6,9.99,0.02,0.01,2329.276351,1776204796000
1776204797.908,197.908,0.39,54.41,0.38,70.0,0.4,10.0,0.41,20.0,0.59,10.0,0.58,213.0,0.61,54.51,0.62,70.0,0.01,0.02,2329.276351,1776204796000
1776204798.146,198.146,0.39,38.79,0.38,70.0,0.4,20.0,0.41,34.0,0.6,10.0,0.59,20.0,0.61,46.72,0.62,70.0,0.01,0.01,2329.276351,1776204796000
1776204798.508,198.508,0.38,70.0,0.37,70.0,0.4,209.0,0.41,20.0,0.6,209.0,0.59,20.0,0.62,70.0,0.63,70.0,0.02,0.02,2328.811452,1776204797000
1776204798.749,198.749,0.38,56.43,0.37,70.0,0.39,153.5,0.4,46.5,0.6,209.0,0.59,20.0,0.62,70.0,0.63,70.0,0.01,0.02,2328.811452,1776204797000
1776204799.156,199.156,0.38,56.43,0.37,70.0,0.39,153.5,0.4,46.5,0.61,153.5,0.6,46.5,0.62,56.43,0.63,70.0,0.01,0.01,2328.787812,1776204798000
1776204799.364,199.364,0.35,62.31,0.33,70.0,0.37,10.0,0.38,38.5,0.61,153.5,0.6,46.5,0.62,56.43,0.63,70.0,0.02,0.01,2328.787812,1776204798000
1776204799.663,199.663,0.35,53.31,0.34,10.5,0.36,6.0,0.37,18.0,0.63,10.0,0.62,38.5,0.65,59.31,0.67,70.0,0.01,0.02,2328.787812,1776204798000
1776204799.949,199.949,0.35,46.77,0.34,10.5,0.36,26.0,0.37,153.5,0.64,26.0,0.63,153.5,0.65,46.77,0.66,10.5,0.01,0.01,2328.65845,1776204799000
1776204801.234,201.234,0.34,100.5,0.33,18.5,0.36,38.91,0.38,8.0,0.64,144.5,0.63,35.5,0.65,40.9,0.66,10.5,0.02,0.01,2328.65845,1776204799000
1776204801.462,201.462,0.35,61.8,0.34,120.5,0.36,10.0,0.37,10.0,0.64,10.0,0.63,10.0,0.65,86.8,0.66,110.5,0.01,0.01,2328.489949,1776204800000
1776204801.862,201.862,0.35,51.31,0.34,80.5,0.36,133.0,0.37,10.0,0.62,11.18,0.61,35.0,0.65,71.8,0.66,120.5,0.01,0.03,2328.489949,1776204800000
1776204802.595,202.595,0.31,76.0,0.3,80.5,0.32,159.0,0.33,10.0,0.64,188.0,0.63,10.0,0.69,60.0,0.7,9.0,0.01,0.05,2328.39997,1776204801000
1776204802.949,202.949,0.31,59.5,0.3,80.5,0.32,159.0,0.33,15.0,0.68,159.0,0.67,10.0,0.69,76.0,0.7,80.5,0.01,0.01,2328.39997,1776204801000
1776204803.257,203.257,0.31,59.5,0.3,80.5,0.32,159.0,0.33,15.0,0.68,159.0,0.67,15.0,0.69,59.5,0.7,80.5,0.01,0.01,2328.49385,1776204802000
1776204804.151,204.151,0.31,59.5,0.3,80.5,0.32,159.0,0.33,15.0,0.68,159.0,0.67,15.0,0.69,59.5,0.7,80.5,0.01,0.01,2328.346091,1776204803000
1776204804.725,204.725,0.31,54.42,0.3,70.0,0.32,209.0,0.33,112.51,0.68,159.0,0.67,15.0,0.69,59.5,0.7,80.5,0.01,0.01,2328.346091,1776204803000
1776204805.106,205.106,0.31,49.34,0.3,70.0,0.32,204.0,0.33,112.51,0.68,209.0,0.67,112.51,0.69,54.42,0.7,70.0,0.01,0.01,2328.346091,1776204803000
1776204806.065,206.065,0.31,37.78,0.3,80.5,0.32,44.0,0.33,122.01,0.68,204.0,0.67,112.51,0.69,49.34,0.7,70.0,0.01,0.01,2328.346091,1776204803000
1776204806.383,206.383,0.31,37.78,0.3,80.5,0.32,44.0,0.33,122.01,0.68,44.0,0.67,122.01,0.69,37.78,0.7,80.5,0.01,0.01,2328.10819,1776204805000
1776204806.729,206.729,0.31,86.78,0.3,80.5,0.32,39.0,0.33,35.0,0.68,44.0,0.67,122.01,0.69,37.78,0.7,80.5,0.01,0.01,2328.10819,1776204805000
1776204806.964,206.964,0.31,86.78,0.3,80.5,0.32,39.0,0.33,35.0,0.68,39.0,0.67,35.0,0.69,86.78,0.7,80.5,0.01,0.01,2328.110889,1776204806000
1776204807.207,207.207,0.31,56.33,0.3,80.5,0.32,48.0,0.33,36.0,0.68,28.0,0.67,41.0,0.69,57.78,0.7,80.5,0.01,0.01,2328.110889,1776204806000
1776204807.592,207.592,0.31,46.83,0.3,80.5,0.32,119.33,0.33,49.0,0.68,48.0,0.67,36.0,0.69,56.33,0.7,80.5,0.01,0.01,2328.110889,1776204806000
1776204808.282,208.282,0.31,34.36,0.3,80.5,0.32,119.33,0.33,49.0,0.68,119.33,0.67,49.0,0.69,34.36,0.7,80.5,0.01,0.01,2328.129275,1776204807000
1776204809.264,209.264,0.31,100.86,0.3,80.5,0.32,132.33,0.33,49.0,0.68,119.33,0.67,49.0,0.69,34.36,0.7,80.5,0.01,0.01,2328.129275,1776204807000
1776204809.537,209.537,0.31,100.86,0.3,80.5,0.32,132.33,0.33,49.0,0.68,132.33,0.67,49.0,0.69,100.86,0.7,80.5,0.01,0.01,2328.15487,1776204808000
1776204809.84,209.84,0.31,69.56,0.3,80.5,0.32,139.33,0.33,54.0,0.68,132.33,0.67,49.0,0.69,100.86,0.7,80.5,0.01,0.01,2328.15487,1776204808000
1776204810.387,210.387,0.31,18.06,0.3,80.5,0.32,134.33,0.33,64.5,0.68,139.33,0.67,54.0,0.69,69.56,0.7,80.5,0.01,0.01,2328.152885,1776204809000
1776204811.469,211.469,0.31,16.61,0.3,80.5,0.32,244.33,0.33,64.5,0.68,244.33,0.67,64.5,0.69,16.61,0.7,80.5,0.01,0.01,2328.2037,1776204810000
1776204811.696,211.696,0.3,63.57,0.29,10.5,0.31,208.0,0.32,125.74,0.68,244.33,0.67,64.5,0.69,16.61,0.7,80.5,0.01,0.01,2328.2037,1776204810000
1776204812.014,212.014,0.3,63.57,0.29,10.5,0.31,208.0,0.32,125.74,0.69,208.0,0.68,125.74,0.7,63.57,0.71,10.5,0.01,0.01,2328.2037,1776204811000
1776204812.272,212.272,0.3,10.5,0.29,52.5,0.31,13.9,0.32,18.0,0.69,28.0,0.68,18.0,0.7,5.5,0.71,42.5,0.01,0.01,2328.2037,1776204811000
1776204812.477,212.477,0.31,40.0,0.3,10.5,0.32,18.0,0.36,31.0,0.69,14.06,0.68,18.0,0.7,10.5,0.71,30.5,0.01,0.01,2328.2037,1776204811000
1776204812.95,212.95,0.36,34.0,0.31,117.45,0.41,6.0,0.42,10.0,0.68,18.0,0.64,31.0,0.69,34.85,0.7,25.5,0.05,0.01,2328.2037,1776204811000
1776204813.586,213.586,0.4,110.5,0.39,95.5,0.47,5.0,0.48,5.0,0.58,20.4,0.55,6.0,0.6,65.0,0.64,42.43,0.07,0.02,2328.222332,1776204812000
1776204813.853,213.853,0.43,11.15,0.42,20.0,0.44,15.5,0.45,5.0,0.52,4.93,0.51,15.0,0.6,107.75,0.61,95.5,0.01,0.08,2328.222332,1776204812000
1776204814.189,214.189,0.43,11.15,0.42,20.0,0.44,9.97,0.45,5.0,0.56,9.97,0.55,5.0,0.57,11.15,0.58,20.0,0.01,0.01,2328.221575,1776204813000
1776204814.525,214.525,0.4,53.81,0.39,70.0,0.41,59.41,0.42,16.0,0.59,4.41,0.58,16.0,0.6,83.0,0.61,70.0,0.01,0.01,2328.221575,1776204813000
1776204815.222,215.222,0.4,53.81,0.39,70.0,0.41,59.41,0.42,16.0,0.59,59.41,0.58,16.0,0.6,53.81,0.61,70.0,0.01,0.01,2328.73064,1776204814000
1776204816.393,216.393,0.4,123.31,0.39,100.5,0.43,15.0,0.44,14.97,0.59,59.41,0.58,16.0,0.6,53.81,0.61,70.0,0.03,0.01,2328.73064,1776204814000
1776204816.956,216.956,0.41,10.0,0.4,118.31,0.42,17.0,0.43,27.0,0.58,17.0,0.57,27.0,0.59,10.0,0.6,118.31,0.01,0.01,2328.715421,1776204816000
1776204817.582,217.582,0.4,40.81,0.39,70.0,0.41,176.5,0.42,35.0,0.59,5.0,0.58,15.0,0.6,71.81,0.61,100.5,0.01,0.01,2328.715421,1776204816000
1776204818.306,218.306,0.4,6.64,0.39,70.0,0.41,181.5,0.42,35.0,0.59,181.5,0.58,35.0,0.6,6.64,0.61,70.0,0.01,0.01,2328.737663,1776204817000
1776204818.531,218.531,0.36,13.93,0.33,81.0,0.38,11.0,0.41,242.5,0.59,242.5,0.58,35.0,0.64,21.74,0.67,81.0,0.02,0.05,2328.737663,1776204817000
1776204819.074,219.074,0.36,2.93,0.33,81.0,0.37,21.0,0.38,16.0,0.63,21.0,0.62,16.0,0.64,2.93,0.67,81.0,0.01,0.01,2328.860796,1776204818000
1776204819.931,219.931,0.36,2.93,0.34,20.5,0.37,95.55,0.38,27.0,0.63,9.28,0.62,39.0,0.64,7.93,0.67,70.0,0.01,0.01,2328.860796,1776204818000
1776204820.236,220.236,0.36,17.93,0.35,20.5,0.37,84.55,0.38,16.0,0.63,95.55,0.62,27.0,0.64,2.93,0.66,20.5,0.01,0.01,2328.860796,1776204818000
1776204820.837,220.837,0.36,53.43,0.35,20.5,0.37,7.0,0.38,10.0,0.63,73.55,0.62,16.0,0.64,17.93,0.65,20.5,0.01,0.01,2328.543477,1776204819000
1776204821.173,221.173,0.33,27.99,0.32,29.0,0.37,20.0,0.38,24.46,0.63,15.0,0.62,19.46,0.64,23.23,0.65,20.5,0.04,0.01,2328.543617,1776204820000
1776204821.423,221.423,0.34,22.16,0.33,20.0,0.35,5.0,0.36,15.0,0.65,5.0,0.64,15.0,0.66,18.83,0.67,20.0,0.01,0.01,2328.543617,1776204820000
1776204821.65,221.65,0.48,413.19,0.47,33.0,0.62,28.63,0.65,9.85,0.65,5.0,0.64,15.0,0.66,22.16,0.67,20.0,0.14,0.01,2328.543617,1776204820000
1776204821.945,221.945,0.73,10.0,0.72,10.0,0.75,55.58,0.76,43.69,0.26,3.93,0.25,8.85,0.27,10.0,0.28,10.0,0.02,0.01,2328.543617,1776204820000
1776204822.152,222.152,0.71,14.27,0.7,10.0,0.74,5.57,0.76,14.33,0.24,14.33,0.22,20.0,0.29,14.27,0.3,10.0,0.03,0.05,2328.543617,1776204820000
1776204822.4,222.4,0.72,5.0,0.71,25.95,0.73,5.93,0.74,10.0,0.25,5.0,0.24,10.0,0.28,22.82,0.29,14.27,0.01,0.03,2328.543617,1776204820000
1776204822.628,222.628,0.71,21.0,0.7,10.0,0.72,137.13,0.73,20.5,0.27,5.93,0.26,10.0,0.28,5.0,0.29,25.95,0.01,0.01,2328.543617,1776204820000
1776204822.967,222.967,0.71,51.0,0.7,10.0,0.72,17.46,0.73,15.5,0.28,134.5,0.27,20.5,0.29,21.0,0.3,10.0,0.01,0.01,2328.543617,1776204820000
1776204823.329,223.329,0.74,20.98,0.72,36.99,0.76,6.0,0.77,19.16,0.27,15.5,0.26,10.5,0.29,121.99,0.3,18.04,0.02,0.02,2328.543617,1776204820000
1776204823.59,223.59,0.74,20.98,0.72,36.99,0.76,6.0,0.77,19.16,0.24,6.0,0.23,19.16,0.26,20.98,0.28,36.99,0.02,0.02,2330.287386,1776204822000
1776204824.013,224.013,0.74,81.63,0.73,10.0,0.75,12.23,0.76,11.0,0.25,17.5,0.24,11.0,0.26,76.63,0.27,10.0,0.01,0.01,2330.287386,1776204822000
1776204824.472,224.472,0.74,68.74,0.73,10.0,0.75,3.57,0.76,16.0,0.25,12.23,0.24,11.0,0.26,68.74,0.27,10.0,0.01,0.01,2330.476983,1776204823000
1776204824.848,224.848,0.74,52.89,0.73,10.0,0.75,9.57,0.76,11.0,0.25,3.57,0.24,16.0,0.26,61.74,0.27,10.0,0.01,0.01,2330.476983,1776204823000
1776204825.209,225.209,0.74,51.89,0.73,10.0,0.75,8.09,0.76,16.0,0.25,9.57,0.24,11.0,0.26,51.89,0.27,15.0,0.01,0.01,2330.476983,1776204823000
1776204825.726,225.726,0.74,53.04,0.73,10.0,0.75,12.0,0.76,11.0,0.25,8.09,0.24,16.0,0.26,51.89,0.27,10.0,0.01,0.01,2330.372476,1776204824000
1776204826.369,226.369,0.74,53.04,0.73,10.0,0.75,12.0,0.76,11.0,0.25,12.0,0.24,11.0,0.26,53.04,0.27,10.0,0.01,0.01,2330.361402,1776204825000
1776204826.929,226.929,0.74,53.04,0.73,10.0,0.75,12.0,0.76,11.0,0.25,12.0,0.24,11.0,0.26,53.04,0.27,10.0,0.01,0.01,2330.361402,1776204826000
1776204827.227,227.227,0.74,6.04,0.73,15.0,0.75,27.5,0.76,25.0,0.25,27.5,0.24,25.0,0.26,24.54,0.27,25.0,0.01,0.01,2330.361402,1776204826000
1776204827.433,227.433,0.74,61.49,0.73,25.5,0.78,6.74,0.8,5.0,0.25,27.5,0.24,25.0,0.26,6.04,0.27,15.0,0.04,0.01,2330.361402,1776204826000
1776204827.65,227.65,0.89,10.0,0.88,19.99,0.9,81.85,0.95,15.0,0.1,87.85,0.06,30.0,0.15,5.88,0.18,100.0,0.01,0.05,2330.361402,1776204826000
1776204827.952,227.952,0.95,10.0,0.94,10.0,0.96,286.11,0.97,224.7,0.04,286.11,0.03,224.7,0.05,10.0,0.06,10.0,0.01,0.01,2330.34661,1776204827000
1776204828.198,228.198,0.96,124.0,0.95,2.58,0.97,397.7,0.98,486.7,0.03,402.7,0.02,486.7,0.05,2.58,0.06,32.0,0.01,0.02,2330.34661,1776204827000
1776204828.4,228.4,0.96,141.89,0.95,9.58,0.97,494.71,0.98,491.7,0.03,406.86,0.02,491.7,0.04,115.0,0.05,9.58,0.01,0.01,2330.34661,1776204827000
1776204828.649,228.649,0.96,110.4,0.94,24.95,0.97,242.71,0.98,501.7,0.03,212.71,0.02,501.7,0.04,132.4,0.06,24.95,0.01,0.01,2330.34661,1776204827000
1776204828.935,228.935,0.91,83.0,0.9,36.0,0.96,178.0,0.97,249.81,0.03,337.71,0.02,501.7,0.07,20.0,0.08,10.0,0.05,0.04,2330.34661,1776204827000
1776204829.161,229.161,0.92,52.95,0.91,110.0,0.94,173.77,0.95,10.0,0.06,175.84,0.05,10.0,0.08,43.95,0.09,110.0,0.02,0.02,2330.3425,1776204828000
1776204830.108,230.108,0.93,5.37,0.92,45.0,0.95,271.17,0.96,108.8,0.06,157.28,0.05,167.66,0.08,38.0,0.09,120.0,0.02,0.02,2330.3425,1776204828000
1776204830.604,230.604,0.94,59.26,0.93,23.0,0.95,5.0,0.96,302.35,0.05,271.17,0.04,108.8,0.07,5.37,0.08,45.0,0.01,0.02,2332.5127,1776204829000
1776204830.807,230.807,0.94,42.31,0.93,41.0,0.95,18.94,0.96,302.35,0.05,20.0,0.04,302.35,0.06,42.31,0.07,23.0,0.01,0.01,2332.5127,1776204829000
1776204831.022,231.022,0.94,23.0,0.93,41.0,0.96,141.58,0.97,167.05,0.05,5.0,0.04,151.95,0.06,23.0,0.07,41.0,0.02,0.01,2332.5127,1776204829000
1776204831.234,231.234,0.94,33.0,0.93,29.95,0.95,181.2,0.96,141.58,0.04,141.58,0.03,167.05,0.06,23.0,0.07,41.0,0.01,0.02,2332.393185,1776204830000
1776204831.494,231.494,0.92,10.0,0.91,10.0,0.95,197.51,0.96,151.58,0.05,227.51,0.04,151.58,0.06,1.61,0.08,10.0,0.03,0.01,2332.393185,1776204830000
1776204831.82,231.82,0.94,22.31,0.93,5.0,0.95,37.39,0.96,245.38,0.05,41.77,0.04,151.58,0.07,5.37,0.08,21.0,0.01,0.02,2332.393185,1776204830000
1776204832.243,232.243,0.94,22.31,0.93,5.0,0.95,37.39,0.96,245.38,0.05,37.39,0.04,245.38,0.06,22.31,0.07,5.0,0.01,0.01,2332.578205,1776204831000
1776204832.614,232.614,0.94,5.31,0.91,10.0,0.95,0.87,0.96,245.38,0.05,5.81,0.04,245.38,0.06,22.31,0.07,11.0,0.01,0.01,2332.578205,1776204831000
1776204832.831,232.831,0.91,10.0,0.9,20.4,0.93,1.99,0.94,10.0,0.07,12.69,0.06,10.0,0.08,36.0,0.09,10.0,0.02,0.01,2332.578205,1776204831000
1776204833.062,233.062,0.92,7.04,0.91,10.0,0.95,85.82,0.96,310.38,0.05,86.88,0.04,300.38,0.08,7.04,0.09,10.0,0.03,0.03,2332.578205,1776204831000
1776204833.518,233.518,0.93,22.04,0.92,34.08,0.94,0.41,0.95,85.82,0.06,0.41,0.05,85.82,0.07,22.04,0.08,34.08,0.01,0.01,2332.605062,1776204832000
1776204833.975,233.975,0.93,15.0,0.92,12.04,0.94,38.29,0.95,85.82,0.06,38.29,0.05,85.82,0.07,15.0,0.08,12.04,0.01,0.01,2332.547259,1776204833000
1776204834.576,234.576,0.93,31.0,0.92,57.03,0.94,78.41,0.95,84.74,0.06,83.41,0.05,85.82,0.07,131.11,0.08,12.04,0.01,0.01,2332.547259,1776204833000
1776204834.869,234.869,0.93,5.0,0.92,5.0,0.94,31.41,0.95,84.74,0.06,78.41,0.05,84.74,0.07,31.0,0.08,57.03,0.01,0.01,2332.547259,1776204833000
1776204835.318,235.318,0.89,45.18,0.88,38.0,0.9,10.0,0.91,10.0,0.1,15.0,0.09,10.0,0.11,29.9,0.12,38.0,0.01,0.01,2332.316024,1776204834000
1776204835.567,235.567,0.89,4.04,0.88,38.0,0.9,15.0,0.91,10.0,0.1,10.0,0.09,10.0,0.11,13.5,0.12,38.0,0.01,0.01,2332.316024,1776204834000
1776204835.899,235.899,0.89,4.04,0.88,38.0,0.9,11.1,0.91,10.0,0.1,13.33,0.09,10.0,0.11,9.04,0.12,38.0,0.01,0.01,2332.316024,1776204834000
1776204836.229,236.229,0.9,15.0,0.89,24.04,0.91,10.0,0.92,91.65,0.09,10.0,0.08,91.65,0.1,15.0,0.11,24.04,0.01,0.01,2332.242705,1776204835000
1776204836.562,236.562,0.88,38.0,0.87,19.0,0.89,11.0,0.9,10.0,0.09,10.0,0.08,91.65,0.1,15.0,0.11,24.04,0.01,0.01,2332.242705,1776204835000
1776204836.903,236.903,0.88,5.0,0.85,20.0,0.9,28.31,0.91,76.0,0.09,26.0,0.08,116.65,0.12,38.0,0.13,19.0,0.02,0.03,2332.242705,1776204835000
1776204837.127,237.127,0.82,10.0,0.81,34.0,0.9,25.0,0.91,76.0,0.11,10.0,0.1,30.0,0.18,4.0,0.19,26.0,0.08,0.07,2332.242705,1776204835000
1776204837.385,237.385,0.81,23.9,0.8,44.75,0.89,10.0,0.9,26.0,0.11,10.0,0.1,26.0,0.19,33.9,0.2,44.75,0.08,0.08,2332.242705,1776204835000
1776204837.813,237.813,0.82,15.0,0.81,10.5,0.86,10.0,0.89,127.66,0.11,10.0,0.1,26.0,0.19,23.9,0.2,44.75,0.04,0.08,2332.242705,1776204835000
1776204838.074,238.074,0.84,5.0,0.83,15.0,0.87,35.05,0.88,15.0,0.14,10.0,0.11,127.66,0.18,15.0,0.19,10.5,0.03,0.04,2332.242705,1776204835000
1776204838.522,238.522,0.85,7.92,0.84,15.0,0.87,30.0,0.89,132.66,0.13,35.05,0.12,15.0,0.16,5.0,0.17,15.0,0.02,0.03,2332.242705,1776204835000
1776204839.479,239.479,0.84,9.0,0.83,10.0,0.85,10.0,0.86,10.0,0.11,177.28,0.1,25.0,0.12,6.0,0.14,6.0,0.01,0.01,2332.242705,1776204835000
1776204839.729,239.729,0.83,10.0,0.82,10.0,0.84,10.0,0.85,10.0,0.15,10.0,0.14,10.0,0.16,9.0,0.17,10.0,0.01,0.01,2332.242705,1776204835000
1776204840.637,240.637,0.83,25.0,0.82,10.0,0.84,9.94,0.85,16.0,0.16,4.94,0.15,10.0,0.17,10.0,0.18,10.0,0.01,0.01,2332.242705,1776204835000
1776204841.063,241.063,0.83,25.0,0.82,10.0,0.84,9.94,0.85,16.0,0.16,9.94,0.15,16.0,0.17,25.0,0.18,10.0,0.01,0.01,2331.19071,1776204839000
1776204841.271,241.271,0.83,15.0,0.81,10.0,0.85,8.92,0.86,90.0,0.16,7.85,0.15,16.0,0.17,15.0,0.19,10.0,0.02,0.01,2331.19071,1776204839000
1776204841.571,241.571,0.83,15.0,0.81,10.0,0.85,8.92,0.86,90.0,0.15,8.92,0.14,90.0,0.17,15.0,0.19,10.0,0.02,0.02,2331.08089,1776204840000
1776204842.092,242.092,0.8,29.75,0.79,15.0,0.81,8.02,0.82,35.0,0.17,7.48,0.16,40.0,0.2,34.75,0.21,15.0,0.01,0.03,2331.08089,1776204840000
1776204842.53,242.53,0.8,39.75,0.77,19.0,0.81,21.62,0.82,52.0,0.19,8.02,0.18,35.0,0.2,29.75,0.21,15.0,0.01,0.01,2331.069621,1776204841000
1776204843.262,243.262,0.78,10.0,0.77,29.0,0.81,20.38,0.82,52.0,0.19,20.38,0.18,52.0,0.22,10.0,0.23,29.0,0.03,0.03,2330.939739,1776204842000
1776204843.755,243.755,0.77,3.0,0.76,10.0,0.79,2.34,0.8,35.0,0.2,35.0,0.19,100.38,0.23,3.0,0.24,10.0,0.02,0.03,2330.939739,1776204842000
1776204844.107,244.107,0.78,15.0,0.77,3.0,0.8,32.34,0.81,104.38,0.21,2.34,0.2,35.0,0.23,3.0,0.24,10.0,0.02,0.02,2330.939739,1776204842000
1776204844.326,244.326,0.78,15.0,0.77,3.0,0.8,32.34,0.81,104.38,0.2,32.34,0.19,104.38,0.22,15.0,0.23,3.0,0.02,0.02,2330.739527,1776204843000
1776204844.761,244.761,0.75,34.52,0.71,12.0,0.79,35.0,0.8,32.34,0.2,32.34,0.19,104.38,0.22,15.0,0.23,3.0,0.04,0.02,2330.739527,1776204843000
1776204844.993,244.993,0.69,42.0,0.68,10.0,0.78,10.0,0.79,27.0,0.21,27.0,0.2,52.39,0.25,34.52,0.31,42.0,0.09,0.04,2330.60885,1776204844000
1776204845.196,245.196,0.73,6.84,0.69,35.0,0.75,15.0,0.76,83.68,0.24,8.68,0.22,35.0,0.31,30.0,0.32,21.0,0.02,0.07,2330.60885,1776204844000
1776204845.463,245.463,0.63,9.9,0.62,26.0,0.66,15.0,0.67,10.0,0.25,15.0,0.24,83.68,0.27,6.84,0.31,35.0,0.03,0.02,2330.60885,1776204844000
1776204846.076,246.076,0.63,9.9,0.62,10.0,0.65,10.0,0.66,10.0,0.35,10.0,0.34,10.0,0.37,9.9,0.38,10.0,0.02,0.02,2330.52981,1776204845000
1776204846.755,246.755,0.61,25.0,0.6,23.0,0.62,15.0,0.63,37.0,0.36,4.0,0.35,15.0,0.37,5.0,0.38,5.0,0.01,0.01,2330.52981,1776204845000
1776204847.163,247.163,0.61,16.0,0.6,28.0,0.63,28.0,0.64,4.0,0.37,28.0,0.36,4.0,0.39,16.0,0.4,28.0,0.02,0.02,2330.195115,1776204846000
1776204847.405,247.405,0.62,22.26,0.61,10.0,0.63,23.0,0.68,10.0,0.38,8.06,0.37,28.0,0.42,10.0,0.43,23.0,0.01,0.04,2330.195115,1776204846000
1776204847.609,247.609,0.66,1.2,0.65,10.0,0.68,4.83,0.69,10.0,0.32,4.83,0.31,10.0,0.38,27.83,0.39,15.0,0.02,0.06,2330.195115,1776204846000
1776204847.907,247.907,0.65,13.98,0.64,10.0,0.68,59.02,0.69,15.0,0.32,4.83,0.31,10.0,0.35,8.98,0.36,10.0,0.03,0.03,2330.195115,1776204846000
1776204848.488,248.488,0.65,12.96,0.64,10.0,0.67,10.0,0.68,64.02,0.33,10.0,0.32,64.02,0.35,12.96,0.36,10.0,0.02,0.02,2329.948939,1776204847000
1776204849.081,249.081,0.72,9.84,0.71,10.0,0.73,49.19,0.75,13.0,0.33,10.0,0.32,64.02,0.35,12.96,0.36,10.0,0.01,0.02,2329.948939,1776204847000
1776204849.354,249.354,0.75,12.66,0.74,39.0,0.76,3.43,0.77,76.99,0.24,9.9,0.23,56.99,0.26,23.0,0.28,42.84,0.01,0.02,2329.885323,1776204848000
1776204849.961,249.961,0.67,20.9,0.66,10.0,0.69,10.0,0.7,22.0,0.24,3.43,0.23,76.99,0.25,12.66,0.26,39.0,0.02,0.01,2329.885323,1776204848000
1776204850.186,250.186,0.67,20.9,0.66,10.0,0.69,10.0,0.7,22.0,0.31,10.0,0.3,22.0,0.33,20.9,0.34,10.0,0.02,0.02,2329.845003,1776204849000
1776204850.659,250.659,0.67,4.24,0.66,10.0,0.68,126.99,0.69,15.0,0.31,10.0,0.3,22.0,0.33,20.9,0.34,10.0,0.01,0.02,2329.845003,1776204849000
1776204850.859,250.859,0.65,10.0,0.64,15.0,0.68,105.99,0.69,5.0,0.32,126.99,0.31,15.0,0.33,4.24,0.34,10.0,0.03,0.01,2329.845003,1776204849000
1776204851.088,251.088,0.67,10.0,0.66,10.0,0.68,46.46,0.7,22.0,0.32,80.99,0.31,13.0,0.33,10.0,0.35,10.0,0.01,0.01,2329.845003,1776204849000
1776204851.451,251.451,0.67,4.69,0.66,10.0,0.69,19.45,0.7,27.0,0.3,22.0,0.29,62.0,0.33,4.69,0.34,10.0,0.02,0.03,2330.107514,1776204850000
1776204852.509,252.509,0.65,10.0,0.64,18.0,0.68,0.07,0.69,15.0,0.32,0.07,0.31,15.0,0.35,10.0,0.36,18.0,0.03,0.03,2329.909905,1776204851000
1776204852.849,252.849,0.66,6.0,0.65,10.0,0.67,32.3,0.68,23.98,0.33,27.3,0.32,23.98,0.34,15.0,0.35,10.0,0.01,0.01,2329.909905,1776204851000
1776204854.199,254.199,0.66,6.0,0.65,10.0,0.67,32.3,0.68,23.98,0.33,32.3,0.32,23.98,0.34,6.0,0.35,10.0,0.01,0.01,2329.819571,1776204853000
1776204855.073,255.073,0.66,1.0,0.65,10.0,0.67,18.5,0.68,22.8,0.32,7.69,0.31,29.0,0.34,1.0,0.35,10.0,0.01,0.02,2329.819571,1776204853000
1776204855.434,255.434,0.61,60.0,0.6,64.0,0.63,3.0,0.64,10.0,0.33,18.5,0.32,22.8,0.34,1.0,0.35,10.0,0.02,0.01,2329.819571,1776204853000
1776204855.655,255.655,0.61,60.0,0.6,64.0,0.63,3.0,0.64,10.0,0.37,3.0,0.36,10.0,0.39,60.0,0.4,64.0,0.02,0.02,2329.815578,1776204854000
1776204856.167,256.167,0.61,60.0,0.6,64.0,0.63,3.0,0.64,10.0,0.37,3.0,0.36,10.0,0.39,60.0,0.4,64.0,0.02,0.02,2329.843054,1776204855000
1776204856.407,256.407,0.61,4.98,0.6,10.0,0.62,5.0,0.63,18.0,0.38,10.0,0.37,18.0,0.39,5.0,0.4,10.0,0.01,0.01,2329.843054,1776204855000
1776204856.673,256.673,0.62,12.24,0.61,16.15,0.63,18.0,0.64,28.0,0.37,18.0,0.36,13.0,0.39,11.15,0.4,18.0,0.01,0.02,2329.843054,1776204855000
1776204857.075,257.075,0.62,5.69,0.61,16.15,0.63,23.0,0.64,28.0,0.37,18.0,0.36,28.0,0.38,5.71,0.39,16.15,0.01,0.01,2329.843054,1776204855000
1776204857.738,257.738,0.62,3.03,0.61,24.15,0.63,23.0,0.64,28.0,0.37,23.0,0.36,28.0,0.38,3.05,0.39,16.15,0.01,0.01,2329.820779,1776204856000
1776204858.153,258.153,0.62,3.03,0.61,24.15,0.63,23.0,0.64,28.0,0.37,23.0,0.36,28.0,0.38,3.03,0.39,24.15,0.01,0.01,2329.785242,1776204857000
1776204858.627,258.627,0.62,9.98,0.61,1.15,0.63,33.8,0.64,28.0,0.37,33.8,0.36,28.0,0.39,1.15,0.4,10.0,0.01,0.02,2329.785242,1776204857000
1776204859.165,259.165,0.6,10.0,0.59,64.0,0.63,28.8,0.64,28.0,0.37,28.8,0.36,28.0,0.4,10.0,0.41,64.0,0.03,0.03,2329.750486,1776204858000
1776204859.716,259.716,0.61,15.0,0.6,20.0,0.63,26.8,0.64,18.0,0.37,16.8,0.36,18.0,0.38,19.98,0.39,15.0,0.02,0.01,2329.750486,1776204858000
1776204859.979,259.979,0.62,9.98,0.61,15.0,0.63,20.0,0.64,27.0,0.37,26.8,0.36,18.0,0.39,15.0,0.4,20.0,0.01,0.02,2329.750486,1776204858000
1776204861.084,261.084,0.6,20.0,0.59,64.0,0.63,20.0,0.64,27.0,0.37,20.0,0.36,27.0,0.4,20.0,0.41,64.0,0.03,0.03,2329.749618,1776204860000
1776204861.935,261.935,0.6,14.95,0.59,10.0,0.61,15.0,0.62,22.0,0.37,20.0,0.36,27.0,0.4,20.0,0.41,64.0,0.01,0.03,2329.749618,1776204860000
1776204862.201,262.201,0.6,24.95,0.58,10.0,0.62,22.0,0.63,10.0,0.39,15.0,0.38,22.0,0.4,14.95,0.41,10.0,0.02,0.01,2329.749981,1776204861000
1776204863.0,263.0,0.61,10.0,0.6,24.95,0.62,20.38,0.63,10.0,0.38,22.0,0.37,10.0,0.4,24.95,0.42,10.0,0.01,0.02,2329.749981,1776204861000
1776204863.215,263.215,0.61,5.0,0.6,14.95,0.62,11.33,0.63,20.0,0.38,25.38,0.37,15.0,0.39,2.3,0.4,9.95,0.01,0.01,2329.779645,1776204862000
1776204863.677,263.677,0.61,14.74,0.6,14.95,0.63,5.0,0.64,20.0,0.38,1.33,0.37,15.0,0.4,14.95,0.41,10.0,0.02,0.02,2329.779645,1776204862000
1776204864.124,264.124,0.61,14.74,0.6,14.95,0.63,5.0,0.64,20.0,0.37,5.0,0.36,20.0,0.39,14.74,0.4,14.95,0.02,0.02,2329.711396,1776204863000
1776204865.141,265.141,0.61,14.74,0.6,14.95,0.63,5.0,0.64,20.0,0.37,5.0,0.36,20.0,0.39,14.74,0.4,14.95,0.02,0.02,2329.726993,1776204864000
1776204866.1,266.1,0.61,14.74,0.6,14.95,0.63,5.0,0.64,20.0,0.37,5.0,0.36,20.0,0.39,14.74,0.4,14.95,0.02,0.02,2329.76331,1776204865000
1776204866.409,266.409,0.63,17.29,0.62,18.0,0.64,20.0,0.65,15.0,0.37,5.0,0.36,20.0,0.39,14.74,0.4,14.95,0.01,0.02,2329.76331,1776204865000
1776204866.62,266.62,0.63,12.29,0.62,18.0,0.64,13.43,0.65,15.0,0.36,20.0,0.35,15.0,0.37,17.29,0.38,18.0,0.01,0.01,2329.76331,1776204865000
1776204867.016,267.016,0.63,17.29,0.62,18.0,0.64,13.63,0.65,20.0,0.36,13.43,0.35,15.0,0.37,12.29,0.38,18.0,0.01,0.01,2329.76331,1776204865000
1776204868.725,268.725,0.63,17.29,0.62,18.0,0.64,13.63,0.65,20.0,0.36,13.63,0.35,20.0,0.37,17.29,0.38,18.0,0.01,0.01,2329.759736,1776204867000
1776204869.632,269.632,0.63,17.29,0.62,18.0,0.64,13.63,0.65,20.0,0.36,13.63,0.35,20.0,0.37,17.29,0.38,18.0,0.01,0.01,2329.754734,1776204868000
1776204869.835,269.835,0.62,8.0,0.6,5.0,0.64,10.0,0.65,15.0,0.36,10.0,0.35,15.0,0.38,8.0,0.4,5.0,0.02,0.02,2329.754734,1776204868000
1776204870.271,270.271,0.62,8.0,0.6,5.0,0.64,10.0,0.65,15.0,0.36,10.0,0.35,15.0,0.38,8.0,0.4,5.0,0.02,0.02,2329.758192,1776204869000
1776204870.49,270.49,0.6,13.0,0.59,10.0,0.61,10.0,0.62,20.0,0.36,10.0,0.35,15.0,0.38,8.0,0.4,5.0,0.01,0.02,2329.758192,1776204869000
1776204871.335,271.335,0.63,25.0,0.62,29.0,0.64,8.0,0.69,24.0,0.31,14.42,0.3,10.0,0.4,18.0,0.41,15.0,0.01,0.09,2329.758192,1776204869000
1776204872.265,272.265,0.63,25.0,0.62,29.0,0.64,8.0,0.69,24.0,0.36,8.0,0.31,24.0,0.37,25.0,0.38,29.0,0.01,0.01,2329.714931,1776204871000
1776204872.564,272.564,0.66,15.0,0.65,15.0,0.68,10.0,0.69,29.0,0.36,8.0,0.31,24.0,0.37,25.0,0.38,29.0,0.02,0.01,2329.714931,1776204871000
1776204873.287,273.287,0.66,9.52,0.65,20.0,0.67,5.0,0.68,20.0,0.32,10.0,0.31,29.0,0.34,15.0,0.35,15.0,0.01,0.02,2329.714931,1776204871000
1776204873.603,273.603,0.61,8.0,0.6,15.0,0.62,8.38,0.63,15.0,0.33,5.0,0.32,20.0,0.34,9.52,0.35,20.0,0.01,0.01,2329.799153,1776204872000
1776204873.805,273.805,0.53,36.44,0.52,36.99,0.62,20.57,0.63,15.0,0.38,20.57,0.37,15.0,0.39,8.0,0.43,30.0,0.09,0.01,2329.799153,1776204872000
1776204874.145,274.145,0.55,12.46,0.54,23.0,0.57,15.0,0.58,15.0,0.38,20.57,0.37,15.0,0.47,36.44,0.48,36.99,0.02,0.09,2329.799153,1776204872000
1776204874.461,274.461,0.56,2.66,0.55,15.0,0.57,15.0,0.58,15.0,0.43,15.0,0.42,15.0,0.45,12.46,0.46,23.0,0.01,0.02,2329.799153,1776204872000
1776204875.038,275.038,0.56,2.66,0.55,15.0,0.57,10.57,0.58,15.0,0.43,10.57,0.42,15.0,0.44,2.66,0.45,15.0,0.01,0.01,2329.67213,1776204874000
1776204875.238,275.238,0.62,9.07,0.59,56.0,0.64,17.98,0.65,5.0,0.36,17.98,0.35,5.0,0.41,46.0,0.42,20.0,0.02,0.05,2329.67213,1776204874000
1776204875.472,275.472,0.69,10.0,0.68,10.0,0.74,5.0,0.76,70.0,0.36,7.56,0.35,5.0,0.37,10.0,0.38,9.07,0.05,0.01,2329.67213,1776204874000
1776204875.715,275.715,0.69,20.0,0.68,15.0,0.7,31.68,0.71,16.0,0.3,29.19,0.29,16.0,0.31,20.0,0.32,10.0,0.01,0.01,2329.67213,1776204874000
1776204876.237,276.237,0.69,20.0,0.68,15.0,0.7,31.68,0.71,16.0,0.3,31.68,0.29,16.0,0.31,20.0,0.32,15.0,0.01,0.01,2329.586297,1776204875000
1776204876.525,276.525,0.62,8.17,0.61,10.0,0.63,10.0,0.65,10.0,0.3,31.68,0.29,16.0,0.31,20.0,0.32,15.0,0.01,0.01,2329.586297,1776204875000
1776204877.493,277.493,0.63,6.0,0.62,15.0,0.64,10.0,0.65,25.98,0.37,10.0,0.35,18.98,0.39,14.0,0.4,10.0,0.01,0.02,2329.586297,1776204875000
1776204878.244,278.244,0.63,6.0,0.62,15.0,0.64,10.0,0.65,25.98,0.36,10.0,0.35,25.98,0.37,6.0,0.38,15.0,0.01,0.01,2329.643189,1776204877000
1776204878.45,278.45,0.63,116.53,0.62,26.0,0.64,9.0,0.73,9.98,0.36,10.0,0.35,25.98,0.37,6.0,0.38,15.0,0.01,0.01,2329.643189,1776204877000
1776204878.651,278.651,0.75,15.0,0.74,15.0,0.76,63.46,0.77,5.0,0.24,63.56,0.23,5.0,0.26,10.0,0.27,10.0,0.01,0.02,2329.643189,1776204877000
1776204878.938,278.938,0.74,0.91,0.73,10.0,0.76,76.44,0.77,16.0,0.24,47.46,0.23,21.0,0.26,9.42,0.27,10.0,0.02,0.02,2329.643189,1776204877000
1776204879.17,279.17,0.75,9.19,0.74,0.91,0.76,72.44,0.77,16.0,0.24,76.44,0.23,16.0,0.26,0.91,0.27,10.0,0.01,0.02,2329.643189,1776204877000
1776204879.885,279.885,0.75,9.19,0.74,0.91,0.76,72.44,0.77,16.0,0.24,72.44,0.23,16.0,0.25,9.19,0.26,0.91,0.01,0.01,2329.63421,1776204879000
1776204880.473,280.473,0.68,9.86,0.67,10.0,0.76,15.0,0.78,16.99,0.24,72.44,0.23,16.0,0.25,9.19,0.26,0.91,0.08,0.01,2329.63421,1776204879000
1776204881.176,281.176,0.74,7.88,0.73,15.0,0.75,19.0,0.76,15.0,0.25,19.0,0.24,15.0,0.26,7.88,0.27,15.0,0.01,0.01,2329.72059,1776204880000
1776204882.116,282.116,0.74,15.0,0.73,15.0,0.79,18.0,0.8,28.0,0.26,3.91,0.25,24.0,0.27,5.0,0.29,10.0,0.05,0.01,2329.72059,1776204880000
1776204882.344,282.344,0.79,25.0,0.78,57.99,0.8,3.05,0.86,50.0,0.21,18.0,0.2,28.0,0.26,15.0,0.27,15.0,0.01,0.05,2329.813519,1776204881000
1776204882.809,282.809,0.85,2.0,0.84,67.99,0.86,10.0,0.9,10.0,0.14,44.95,0.12,17.98,0.15,15.0,0.16,10.0,0.01,0.01,2329.813519,1776204881000
1776204883.093,283.093,0.88,15.0,0.87,10.0,0.9,7.77,0.91,50.9,0.09,50.9,0.08,10.0,0.12,10.0,0.13,10.0,0.02,0.03,2329.813519,1776204881000
1776204883.413,283.413,0.89,15.0,0.88,10.0,0.95,8.62,0.96,90.0,0.08,28.75,0.07,95.56,0.12,10.0,0.13,10.0,0.06,0.04,2329.813519,1776204881000
1776204883.697,283.697,0.91,15.0,0.9,15.0,0.93,75.37,0.94,10.0,0.05,8.62,0.04,90.0,0.11,15.0,0.12,10.0,0.02,0.06,2329.753712,1776204882000
1776204884.279,284.279,0.92,10.0,0.91,19.75,0.93,48.04,0.94,10.0,0.07,75.37,0.06,10.0,0.09,14.75,0.1,15.0,0.01,0.02,2329.753712,1776204882000
1776204884.547,284.547,0.92,10.0,0.91,19.75,0.93,48.04,0.94,10.0,0.07,48.04,0.06,10.0,0.08,10.0,0.09,19.75,0.01,0.01,2329.868531,1776204883000
1776204884.75,284.75,0.83,10.0,0.82,10.0,0.84,2.84,0.85,10.0,0.07,48.04,0.06,10.0,0.08,10.0,0.09,19.75,0.01,0.01,2329.868531,1776204883000
1776204884.967,284.967,0.84,10.0,0.83,6.9,0.87,6.66,0.88,10.0,0.15,10.0,0.14,10.0,0.17,6.9,0.18,10.0,0.03,0.02,2329.868531,1776204883000
1776204885.525,285.525,0.88,15.0,0.87,5.0,0.91,55.96,0.92,78.5,0.13,6.66,0.12,10.0,0.16,10.0,0.17,6.9,0.03,0.03,2330.015555,1776204884000
1776204885.785,285.785,0.83,10.0,0.82,10.0,0.84,5.0,0.85,10.0,0.09,55.96,0.08,78.5,0.12,15.0,0.13,5.0,0.01,0.03,2330.015555,1776204884000
1776204886.088,286.088,0.87,10.0,0.86,15.0,0.89,14.39,0.9,28.98,0.12,7.72,0.11,18.0,0.13,5.0,0.14,10.0,0.02,0.01,2330.015555,1776204884000
1776204886.384,286.384,0.87,10.0,0.86,15.0,0.89,14.39,0.9,28.98,0.11,14.39,0.1,28.98,0.13,10.0,0.14,15.0,0.02,0.02,2330.080457,1776204885000
1776204886.757,286.757,0.87,23.0,0.86,15.0,0.89,6.39,0.9,10.0,0.11,14.39,0.1,28.98,0.13,10.0,0.14,15.0,0.02,0.02,2330.080457,1776204885000
1776204887.004,287.004,0.87,23.0,0.86,15.0,0.89,6.39,0.9,10.0,0.11,6.39,0.1,10.0,0.13,23.0,0.14,15.0,0.02,0.02,2329.988079,1776204886000
1776204887.238,287.238,0.9,10.0,0.89,20.0,0.91,50.19,0.92,117.5,0.11,6.39,0.1,10.0,0.13,23.0,0.14,15.0,0.01,0.02,2329.988079,1776204886000
1776204887.705,287.705,0.9,5.0,0.89,20.0,0.91,42.37,0.92,117.5,0.09,50.19,0.08,117.5,0.1,10.0,0.11,20.0,0.01,0.01,2329.988079,1776204886000
1776204887.933,287.933,0.9,15.0,0.89,20.0,0.92,99.8,0.93,40.0,0.09,42.37,0.08,117.5,0.1,5.0,0.11,20.0,0.02,0.01,2329.988079,1776204886000
1776204888.267,288.267,0.9,15.0,0.89,20.0,0.92,99.8,0.93,40.0,0.08,99.8,0.07,40.0,0.1,15.0,0.11,20.0,0.02,0.02,2329.964324,1776204887000
1776204888.89,288.89,0.91,10.0,0.9,15.0,0.92,118.69,0.93,97.0,0.08,99.8,0.07,40.0,0.1,15.0,0.11,20.0,0.01,0.02,2329.964324,1776204887000
1776204889.523,289.523,0.91,10.0,0.9,15.0,0.92,72.58,0.93,47.98,0.08,90.51,0.07,97.0,0.09,10.0,0.1,15.0,0.01,0.01,2329.964324,1776204887000
1776204889.965,289.965,0.91,10.0,0.9,15.0,0.92,72.58,0.93,47.98,0.08,72.58,0.07,47.98,0.09,10.0,0.1,15.0,0.01,0.01,2329.958183,1776204889000
1776204890.291,290.291,0.92,11.5,0.91,15.0,0.93,10.0,0.94,10.0,0.08,72.58,0.07,47.98,0.09,10.0,0.1,15.0,0.01,0.01,2329.958183,1776204889000
1776204890.857,290.857,0.92,16.5,0.91,10.0,0.93,19.42,0.95,8.62,0.07,10.0,0.06,10.0,0.08,11.5,0.09,15.0,0.01,0.01,2329.958183,1776204889000
1776204891.303,291.303,0.92,16.5,0.91,10.0,0.93,1.76,0.94,10.0,0.07,1.76,0.06,10.0,0.08,16.5,0.09,10.0,0.01,0.01,2329.957013,1776204890000
1776204891.583,291.583,0.86,44.29,0.85,10.0,0.89,10.0,0.9,10.0,0.07,1.76,0.06,10.0,0.08,16.5,0.09,10.0,0.03,0.01,2329.957013,1776204890000
1776204892.259,292.259,0.88,15.0,0.87,15.0,0.89,4.38,0.9,20.0,0.11,10.0,0.1,10.0,0.14,12.94,0.15,34.0,0.01,0.03,2329.957013,1776204890000
1776204892.526,292.526,0.88,3.75,0.87,15.0,0.89,4.38,0.9,20.0,0.11,4.38,0.1,20.0,0.12,3.75,0.13,15.0,0.01,0.01,2329.975259,1776204891000
1776204893.144,293.144,0.88,3.75,0.87,15.0,0.89,4.38,0.9,20.0,0.11,4.38,0.1,20.0,0.12,3.75,0.13,15.0,0.01,0.01,2329.937066,1776204892000
1776204893.691,293.691,0.96,10.0,0.95,15.0,0.97,74.96,0.98,288.29,0.03,42.2,0.02,436.25,0.09,89.0,0.1,15.0,0.01,0.06,2329.937066,1776204892000
1776204894.079,294.079,0.96,70.0,0.95,15.0,0.97,36.86,0.98,288.29,0.03,74.96,0.02,288.29,0.04,10.0,0.05,15.0,0.01,0.01,2329.937066,1776204892000
1776204894.468,294.468,0.96,70.0,0.95,15.0,0.97,36.86,0.98,288.29,0.03,36.86,0.02,288.29,0.04,70.0,0.05,15.0,0.01,0.01,2329.875879,1776204893000
1776204894.685,294.685,0.9,0.68,0.89,20.0,0.97,27.1,0.98,273.98,0.03,36.86,0.02,288.29,0.04,70.0,0.05,15.0,0.07,0.01,2329.875879,1776204893000
1776204895.098,295.098,0.89,0.68,0.88,24.0,0.92,10.0,0.93,10.0,0.08,10.0,0.07,10.0,0.11,0.68,0.12,24.0,0.03,0.03,2329.938009,1776204894000
1776204895.602,295.602,0.9,8.0,0.86,12.94,0.91,379.48,0.92,92.0,0.08,10.0,0.07,10.0,0.11,0.68,0.12,24.0,0.01,0.03,2329.938009,1776204894000
1776204895.968,295.968,0.61,17.2,0.6,70.0,0.62,10.0,0.63,3.96,0.38,10.0,0.37,3.96,0.39,30.0,0.42,70.0,0.01,0.01,2329.938009,1776204894000
1776204896.22,296.22,0.61,18.78,0.6,75.0,0.64,10.0,0.65,10.0,0.33,37.52,0.32,10.0,0.39,10.78,0.4,70.0,0.03,0.06,2329.938009,1776204894000
1776204896.477,296.477,0.61,2.67,0.6,70.0,0.62,10.0,0.63,10.0,0.36,10.0,0.35,10.0,0.39,18.78,0.4,75.0,0.01,0.03,2329.938009,1776204894000
1776204896.718,296.718,0.48,10.0,0.47,10.0,0.49,8.39,0.5,7.03,0.5,7.03,0.49,14.5,0.55,5.53,0.56,82.0,0.01,0.05,2329.889727,1776204895000
1776204897.12,297.12,0.53,48.72,0.52,15.0,0.55,9.49,0.56,60.0,0.46,8.39,0.45,9.49,0.47,28.47,0.51,10.0,0.02,0.01,2329.889727,1776204895000
1776204897.395,297.395,0.54,10.0,0.53,53.72,0.55,12.33,0.56,60.0,0.45,14.36,0.44,60.0,0.47,53.72,0.48,10.0,0.01,0.02,2329.688176,1776204896000
1776204897.611,297.611,0.54,9.25,0.52,10.0,0.55,7.7,0.57,10.0,0.42,3.24,0.41,10.0,0.47,3.49,0.49,10.0,0.01,0.05,2329.688176,1776204896000
1776204897.918,297.918,0.52,10.0,0.51,10.0,0.54,0.91,0.55,10.0,0.47,10.0,0.46,10.0,0.49,10.0,0.5,10.0,0.02,0.02,2329.688176,1776204896000
1776204898.337,298.337,0.47,2.4,0.46,60.0,0.55,10.0,0.56,10.0,0.45,9.36,0.44,10.0,0.48,20.0,0.49,10.0,0.08,0.03,2329.688176,1776204896000
1776204898.585,298.585,0.49,10.0,0.48,10.0,0.52,3.2,0.53,10.0,0.49,1.97,0.48,10.0,0.51,10.0,0.52,10.0,0.03,0.02,2329.688176,1776204896000
1776204898.797,298.797,0.57,7.2,0.54,30.0,0.59,10.0,0.6,10.0,0.41,10.0,0.4,10.0,0.43,7.2,0.46,30.0,0.02,0.02,2329.406985,1776204897000
1776204899.187,299.187,0.55,3.0,0.54,7.73,0.56,31.0,0.57,5.0,0.44,3.28,0.43,15.0,0.46,32.73,0.47,10.0,0.01,0.02,2329.406985,1776204897000
1776204899.396,299.396,0.56,19.0,0.55,5.0,0.57,5.0,0.58,10.0,0.43,5.0,0.42,10.0,0.44,19.0,0.45,5.0,0.01,0.01,2329.406985,1776204898000
1776204899.615,299.615,0.49,6.41,0.48,10.0,0.55,35.0,0.59,4.33,0.41,4.33,0.4,15.0,0.49,9.53,0.5,15.0,0.06,0.08,2329.406985,1776204898000
1776204899.816,299.816,0.54,1.08,0.49,6.41,0.55,14.33,0.56,5.0,0.45,14.33,0.44,5.0,0.46,21.08,0.51,6.41,0.01,0.01,2329.406985,1776204898000
1776204900.033,300.033,0.5,8.0,0.49,5.0,0.55,14.33,0.56,5.0,0.45,14.33,0.44,5.0,0.5,8.0,0.51,5.0,0.05,0.05,2329.3932,1776204899000
1776204900.262,300.262,0.99,108860.38,0.8,5.0,,,,,,,,,0.01,108779.69,0.2,5.0,,,2329.3932,1776204899000
1776204900.509,300.509,0.99,108758.69,0.8,10.0,,,,,,,,,0.01,108872.69,0.2,5.0,,,2329.3932,1776204899000
1776204900.852,300.852,0.99,108539.36,0.8,10.0,,,,,,,,,0.01,108533.69,0.2,10.0,,,2329.3932,1776204899000

# RESULT,winner=Up,slug=eth-updown-5m-1776204600,ticks=618
