timestamp,elapsed_sec,up_bid_p1,up_bid_s1,up_bid_p2,up_bid_s2,up_ask_p1,up_ask_s1,up_ask_p2,up_ask_s2,down_bid_p1,down_bid_s1,down_bid_p2,down_bid_s2,down_ask_p1,down_ask_s1,down_ask_p2,down_ask_s2,up_spread,down_spread,eth_price,eth_oracle_ts
1776229201.301,1.301,,,,,,,,,,,,,,,,,,,2333.81345,1776229200000
1776229201.517,1.517,0.47,5.0,0.46,58.29,0.48,59.79,0.49,15.0,0.52,54.79,0.51,21.0,0.54,58.19,0.58,10.0,0.01,0.02,2333.81345,1776229200000
1776229201.828,1.828,0.46,58.19,0.45,5.0,0.48,72.79,0.49,35.0,0.52,54.79,0.51,21.0,0.54,58.19,0.58,10.0,0.02,0.02,2333.81345,1776229200000
1776229202.144,2.144,0.46,58.19,0.45,5.0,0.48,62.79,0.49,35.0,0.52,62.79,0.51,35.0,0.54,58.19,0.55,5.0,0.02,0.02,2333.90936,1776229201000
1776229203.313,3.313,0.46,58.19,0.45,5.0,0.48,62.79,0.49,35.0,0.52,62.79,0.51,35.0,0.54,58.19,0.55,5.0,0.02,0.02,2333.94193,1776229202000
1776229203.992,3.992,0.47,8.11,0.46,34.83,0.48,51.7,0.49,33.0,0.52,51.7,0.51,33.0,0.53,10.0,0.54,29.83,0.01,0.01,2333.94193,1776229202000
1776229204.314,4.314,0.46,16.05,0.45,85.0,0.48,54.61,0.49,38.0,0.52,54.61,0.51,38.0,0.53,11.22,0.54,34.83,0.02,0.01,2333.94193,1776229202000
1776229204.558,4.558,0.47,6.26,0.46,16.05,0.48,59.61,0.49,38.0,0.52,54.61,0.51,38.0,0.54,16.05,0.55,85.0,0.01,0.02,2333.94193,1776229202000
1776229204.945,4.945,0.46,15.28,0.45,90.0,0.48,49.61,0.49,38.0,0.52,49.61,0.51,38.0,0.53,1.26,0.54,16.05,0.02,0.01,2333.94193,1776229202000
1776229205.263,5.263,0.47,17.96,0.46,15.0,0.48,2.3,0.49,25.0,0.52,39.4,0.51,38.0,0.53,17.96,0.54,15.28,0.01,0.01,2333.94193,1776229202000
1776229206.393,6.393,0.48,30.0,0.47,17.96,0.49,8.38,0.5,28.16,0.52,2.3,0.51,25.0,0.53,17.96,0.54,15.0,0.01,0.01,2333.812274,1776229204000
1776229206.619,6.619,0.61,41.23,0.48,30.0,0.62,0.46,0.64,13.89,0.38,5.26,0.36,13.89,0.39,41.23,0.52,30.0,0.01,0.01,2333.812274,1776229204000
1776229206.972,6.972,0.6,140.0,0.59,25.0,0.62,10.36,0.64,13.89,0.38,0.36,0.36,13.89,0.39,36.23,0.4,140.0,0.02,0.01,2333.812274,1776229204000
1776229207.24,7.24,0.6,110.0,0.59,25.0,0.67,38.25,0.7,30.0,0.33,38.25,0.3,30.0,0.4,110.0,0.41,25.0,0.07,0.07,2333.746245,1776229206000
1776229207.474,7.474,0.65,75.0,0.63,70.0,0.66,40.0,0.71,120.0,0.33,38.25,0.3,30.0,0.4,110.0,0.41,25.0,0.01,0.07,2333.746245,1776229206000
1776229207.982,7.982,0.65,80.0,0.64,75.0,0.73,65.0,0.74,14.0,0.34,10.0,0.29,120.0,0.35,75.0,0.36,70.0,0.08,0.01,2333.746245,1776229206000
1776229208.231,8.231,0.71,7.04,0.65,5.0,0.74,13.9,0.75,600.0,0.26,14.0,0.25,600.0,0.35,77.11,0.36,75.0,0.03,0.09,2333.746245,1776229206000
1776229208.481,8.481,0.74,69.68,0.72,6.94,0.75,530.0,0.79,786.0,0.25,600.0,0.24,50.0,0.26,69.68,0.32,7.35,0.01,0.01,2333.746245,1776229206000
1776229208.682,8.682,0.73,6.84,0.72,6.94,0.75,526.04,0.79,786.0,0.25,526.04,0.21,786.0,0.27,6.84,0.28,6.94,0.02,0.02,2334.918292,1776229207000
1776229208.914,8.914,0.73,2.22,0.72,10.0,0.75,286.04,0.76,50.0,0.25,286.04,0.21,786.0,0.26,6.75,0.29,50.0,0.02,0.01,2334.918292,1776229207000
1776229209.315,9.315,0.78,10.0,0.77,10.0,0.79,761.0,0.8,10.0,0.24,51.67,0.21,786.0,0.26,15.0,0.27,2.22,0.01,0.02,2334.918292,1776229207000
1776229209.595,9.595,0.78,5.45,0.77,10.0,0.79,756.0,0.8,10.0,0.21,761.0,0.2,10.0,0.22,5.45,0.23,10.0,0.01,0.01,2334.918292,1776229207000
1776229209.862,9.862,0.78,8.18,0.77,4.34,0.79,754.6,0.8,10.0,0.21,754.6,0.2,10.0,0.22,10.0,0.23,4.34,0.01,0.01,2335.479909,1776229208000
1776229210.081,10.081,0.75,15.0,0.74,10.0,0.76,28.48,0.79,679.83,0.21,704.83,0.2,10.0,0.22,15.0,0.23,1.52,0.01,0.01,2335.479909,1776229208000
1776229210.302,10.302,0.78,5.13,0.77,10.0,0.79,645.39,0.8,10.0,0.21,645.39,0.2,10.0,0.22,10.0,0.23,10.0,0.01,0.01,2335.479909,1776229208000
1776229210.534,10.534,0.77,10.0,0.76,10.0,0.79,627.79,0.8,10.0,0.22,12.04,0.21,642.15,0.23,10.0,0.24,10.0,0.02,0.01,2335.479909,1776229208000
1776229210.803,10.803,0.78,10.0,0.77,10.0,0.79,583.73,0.8,10.0,0.23,10.0,0.21,598.73,0.24,10.0,0.25,15.0,0.01,0.01,2336.757471,1776229209000
1776229211.304,11.304,0.78,10.0,0.77,10.0,0.79,583.73,0.8,10.0,0.21,583.73,0.2,10.0,0.22,10.0,0.23,10.0,0.01,0.01,2337.445416,1776229210000
1776229211.505,11.505,0.75,15.0,0.74,10.0,0.76,30.0,0.78,5.0,0.22,5.0,0.21,76.0,0.23,10.0,0.24,10.0,0.01,0.01,2337.445416,1776229210000
1776229211.904,11.904,0.75,17.0,0.72,9.22,0.76,64.83,0.78,5.0,0.24,30.0,0.22,5.0,0.28,9.22,0.29,10.0,0.01,0.04,2337.445416,1776229210000
1776229212.123,12.123,0.75,10.0,0.74,10.0,0.76,26.1,0.78,5.0,0.24,54.3,0.22,5.0,0.25,17.0,0.28,9.22,0.01,0.01,2337.445416,1776229210000
1776229212.376,12.376,0.75,10.0,0.74,12.0,0.76,21.1,0.78,5.0,0.24,26.1,0.22,5.0,0.26,12.0,0.27,10.0,0.01,0.02,2337.445416,1776229210000
1776229212.664,12.664,0.75,2.0,0.74,12.0,0.76,21.1,0.78,5.0,0.24,21.1,0.22,5.0,0.25,2.0,0.26,12.0,0.01,0.01,2338.085671,1776229211000
1776229213.006,13.006,0.75,39.48,0.74,10.0,0.76,76.1,0.78,5.0,0.24,21.1,0.22,5.0,0.25,2.0,0.26,12.0,0.01,0.01,2338.085671,1776229211000
1776229213.379,13.379,0.75,39.48,0.74,10.0,0.76,62.1,0.77,5.0,0.24,76.1,0.22,5.0,0.25,39.48,0.26,10.0,0.01,0.01,2338.085671,1776229211000
1776229213.6,13.6,0.75,26.48,0.74,10.0,0.76,0.71,0.79,5.0,0.19,86.36,0.18,80.0,0.25,31.48,0.26,10.0,0.01,0.06,2337.367223,1776229212000
1776229213.804,13.804,0.71,38.0,0.7,10.0,0.72,6.3,0.76,0.71,0.28,6.3,0.24,0.71,0.29,48.0,0.3,10.0,0.01,0.01,2337.367223,1776229212000
1776229214.008,14.008,0.71,48.0,0.7,10.0,0.76,80.46,0.77,110.0,0.28,3.91,0.24,80.71,0.29,48.0,0.3,10.0,0.05,0.01,2337.367223,1776229212000
1776229214.238,14.238,0.75,25.0,0.74,10.0,0.76,75.46,0.77,70.0,0.24,80.46,0.23,110.0,0.29,48.0,0.3,10.0,0.01,0.05,2337.259746,1776229213000
1776229214.808,14.808,0.72,6.42,0.71,38.0,0.75,10.0,0.76,39.37,0.24,69.37,0.23,70.0,0.26,2.15,0.27,10.0,0.03,0.02,2337.259746,1776229213000
1776229215.091,15.091,0.66,63.57,0.65,5.0,0.7,10.0,0.71,10.0,0.28,11.43,0.27,15.0,0.31,8.0,0.34,75.57,0.04,0.03,2337.259746,1776229213000
1776229215.505,15.505,0.66,10.62,0.65,5.0,0.67,37.73,0.68,150.0,0.31,6.12,0.3,26.66,0.34,13.57,0.35,5.0,0.01,0.03,2337.098346,1776229214000
1776229215.754,15.754,0.66,10.62,0.65,5.0,0.67,131.83,0.68,155.0,0.33,37.73,0.32,150.0,0.34,10.62,0.35,5.0,0.01,0.01,2337.098346,1776229214000
1776229216.069,16.069,0.62,5.42,0.61,60.0,0.63,10.0,0.64,10.0,0.37,10.08,0.34,8.18,0.38,8.06,0.39,60.0,0.01,0.01,2337.098346,1776229214000
1776229216.458,16.458,0.62,10.0,0.61,50.0,0.63,13.96,0.64,80.0,0.37,10.0,0.36,10.0,0.39,60.0,0.4,15.0,0.01,0.02,2337.098346,1776229214000
1776229216.736,16.736,0.56,50.0,0.55,15.0,0.57,10.0,0.58,80.0,0.37,3.96,0.36,15.0,0.41,5.0,0.44,50.0,0.01,0.04,2336.39408,1776229215000
1776229216.943,16.943,0.55,1.66,0.51,55.0,0.56,10.0,0.57,15.0,0.43,20.0,0.42,100.0,0.45,12.77,0.49,55.0,0.01,0.02,2336.39408,1776229215000
1776229217.158,17.158,0.51,55.0,0.5,5.0,0.56,10.0,0.57,15.0,0.44,10.0,0.43,20.0,0.45,1.66,0.49,55.0,0.05,0.01,2336.39408,1776229215000
1776229217.606,17.606,0.55,16.8,0.51,50.0,0.56,10.0,0.57,30.0,0.44,10.0,0.43,15.0,0.49,55.0,0.5,5.0,0.01,0.05,2335.770842,1776229216000
1776229218.195,18.195,0.48,141.67,0.47,125.0,0.5,10.0,0.51,10.0,0.5,8.01,0.49,10.2,0.51,5.0,0.52,166.67,0.02,0.01,2335.770842,1776229216000
1776229218.514,18.514,0.48,141.67,0.47,125.0,0.49,5.0,0.5,10.0,0.51,5.0,0.5,10.0,0.52,141.67,0.53,125.0,0.01,0.01,2335.189182,1776229217000
1776229218.932,18.932,0.48,51.67,0.47,30.0,0.49,0.67,0.5,10.0,0.51,5.0,0.5,10.0,0.52,130.67,0.53,125.0,0.01,0.01,2335.189182,1776229217000
1776229219.179,19.179,0.48,51.67,0.47,30.0,0.5,0.65,0.51,10.0,0.51,0.67,0.5,10.0,0.52,51.67,0.53,30.0,0.02,0.01,2334.562895,1776229218000
1776229219.497,19.497,0.48,56.28,0.47,30.0,0.55,5.0,0.56,5.0,0.5,0.65,0.49,10.0,0.52,51.67,0.53,30.0,0.07,0.02,2334.562895,1776229218000
1776229220.273,20.273,0.57,100.0,0.56,10.0,0.58,66.16,0.59,70.0,0.45,9.9,0.42,70.0,0.5,10.0,0.51,15.0,0.01,0.05,2334.562895,1776229218000
1776229220.495,20.495,0.57,100.0,0.56,10.0,0.58,66.16,0.59,70.0,0.42,66.16,0.41,70.0,0.43,100.0,0.44,10.0,0.01,0.01,2334.212775,1776229219000
1776229220.817,20.817,0.57,4.88,0.56,10.0,0.58,66.16,0.59,80.0,0.42,66.16,0.41,70.0,0.43,100.0,0.44,10.0,0.01,0.01,2334.212775,1776229219000
1776229221.045,21.045,0.57,2.32,0.56,10.0,0.58,66.16,0.59,70.0,0.42,66.16,0.41,80.0,0.43,4.88,0.44,10.0,0.01,0.01,2334.212775,1776229219000
1776229221.321,21.321,0.57,2.32,0.56,20.0,0.58,1.67,0.65,100.0,0.42,66.16,0.41,70.0,0.43,2.32,0.44,10.0,0.01,0.01,2334.08221,1776229220000
1776229221.775,21.775,0.64,3.08,0.63,10.0,0.65,64.72,0.66,85.0,0.35,64.72,0.34,55.0,0.38,3.44,0.39,10.0,0.01,0.03,2334.08221,1776229220000
1776229222.359,22.359,0.64,0.3,0.63,10.0,0.65,84.72,0.66,50.0,0.35,64.72,0.34,85.0,0.36,3.08,0.37,10.0,0.01,0.01,2334.08221,1776229220000
1776229222.921,22.921,0.64,5.3,0.63,15.0,0.65,160.08,0.66,150.0,0.35,84.72,0.34,50.0,0.36,0.3,0.37,10.0,0.01,0.01,2334.622051,1776229221000
1776229223.458,23.458,0.64,5.3,0.63,15.0,0.65,140.48,0.66,150.0,0.35,140.48,0.34,150.0,0.36,5.3,0.37,15.0,0.01,0.01,2335.036219,1776229222000
1776229224.271,24.271,0.64,5.3,0.63,15.0,0.65,140.48,0.66,150.0,0.35,140.48,0.34,150.0,0.36,5.3,0.37,15.0,0.01,0.01,2335.262144,1776229223000
1776229224.723,24.723,0.54,10.0,0.52,100.0,0.55,9.81,0.56,10.0,0.43,10.0,0.42,10.0,0.46,100.0,0.47,100.0,0.01,0.03,2335.262144,1776229223000
1776229225.384,25.384,0.48,136.28,0.47,100.0,0.51,5.0,0.52,30.0,0.45,10.0,0.44,10.0,0.48,100.0,0.49,100.0,0.03,0.03,2335.262144,1776229223000
1776229225.599,25.599,0.48,76.15,0.47,100.0,0.49,6.75,0.5,20.0,0.51,11.75,0.5,10.0,0.52,85.07,0.53,100.0,0.01,0.01,2335.098764,1776229224000
1776229225.941,25.941,0.48,67.28,0.47,110.0,0.5,20.0,0.51,85.0,0.5,20.0,0.49,85.0,0.52,67.28,0.53,110.0,0.02,0.02,2334.906959,1776229225000
1776229226.143,26.143,0.48,29.19,0.47,5.0,0.5,10.0,0.51,5.0,0.5,10.0,0.49,5.0,0.52,37.38,0.53,5.0,0.02,0.02,2334.906959,1776229225000
1776229226.383,26.383,0.48,1.94,0.43,35.0,0.5,10.0,0.54,10.0,0.5,10.0,0.46,10.0,0.57,35.0,0.58,35.0,0.02,0.07,2334.906959,1776229225000
1776229226.608,26.608,0.48,20.0,0.47,10.0,0.54,10.0,0.56,55.0,0.51,5.0,0.5,10.0,0.53,10.0,0.57,10.0,0.06,0.02,2334.906959,1776229225000
1776229226.904,26.904,0.53,7.87,0.52,10.0,0.54,10.0,0.56,150.0,0.46,10.0,0.44,55.0,0.52,20.0,0.53,10.0,0.01,0.06,2334.906959,1776229225000
1776229227.154,27.154,0.53,7.87,0.52,10.0,0.54,10.0,0.56,150.0,0.46,10.0,0.44,150.0,0.47,7.87,0.48,10.0,0.01,0.01,2334.617945,1776229226000
1776229227.528,27.528,0.53,7.87,0.52,50.0,0.54,5.53,0.56,150.0,0.46,10.0,0.44,150.0,0.47,7.87,0.48,10.0,0.01,0.01,2334.617945,1776229226000
1776229227.902,27.902,0.57,8.77,0.53,22.87,0.59,90.0,0.6,100.0,0.46,5.53,0.44,150.0,0.47,7.87,0.48,50.0,0.02,0.01,2334.617945,1776229226000
1776229228.287,28.287,0.57,8.77,0.53,27.87,0.59,85.77,0.6,100.0,0.41,85.77,0.4,100.0,0.43,8.77,0.47,27.87,0.02,0.02,2334.25541,1776229227000
1776229228.57,28.57,0.6,15.0,0.59,10.0,0.61,42.23,0.63,25.0,0.39,50.16,0.37,25.0,0.4,10.0,0.41,15.0,0.01,0.01,2334.25541,1776229227000
1776229228.803,28.803,0.6,23.0,0.59,20.0,0.61,9.54,0.63,25.0,0.39,14.54,0.37,25.0,0.4,8.0,0.41,10.0,0.01,0.01,2334.25541,1776229227000
1776229229.301,29.301,0.66,7.0,0.65,10.0,0.67,57.73,0.68,25.0,0.35,7.79,0.34,75.0,0.4,23.0,0.41,20.0,0.01,0.05,2334.547205,1776229228000
1776229229.717,29.717,0.64,7.0,0.63,10.0,0.67,32.73,0.7,40.0,0.33,42.73,0.32,25.0,0.34,7.44,0.35,10.0,0.03,0.01,2334.547205,1776229228000
1776229229.984,29.984,0.66,18.32,0.65,96.16,0.71,63.81,0.72,25.0,0.33,22.73,0.3,25.0,0.34,13.32,0.35,91.16,0.05,0.01,2334.547205,1776229228000
1776229230.417,30.417,0.7,15.0,0.69,15.0,0.71,10.0,0.74,30.0,0.29,63.81,0.28,25.0,0.34,18.32,0.35,96.16,0.01,0.05,2334.727299,1776229229000
1776229230.797,30.797,0.7,17.33,0.69,26.0,0.71,5.49,0.72,5.0,0.29,10.0,0.25,70.0,0.3,6.33,0.31,15.0,0.01,0.01,2334.727299,1776229229000
1776229231.21,31.21,0.73,5.92,0.7,17.33,0.75,70.0,0.76,100.0,0.25,70.0,0.24,100.0,0.27,5.92,0.3,17.33,0.02,0.02,2335.449981,1776229230000
1776229231.752,31.752,0.73,9.54,0.72,10.0,0.75,75.0,0.76,70.0,0.25,65.0,0.24,75.0,0.26,6.11,0.27,5.92,0.02,0.01,2335.449981,1776229230000
1776229232.115,32.115,0.74,10.0,0.73,9.54,0.75,67.32,0.76,70.0,0.25,75.0,0.24,70.0,0.27,9.54,0.28,10.0,0.01,0.02,2335.449981,1776229230000
1776229232.708,32.708,0.74,7.0,0.73,10.0,0.75,197.32,0.76,200.0,0.25,67.32,0.24,70.0,0.26,0.57,0.27,9.54,0.01,0.01,2336.205514,1776229231000
1776229233.004,33.004,0.72,0.3,0.71,10.0,0.73,95.0,0.74,55.0,0.26,45.0,0.25,97.32,0.28,2.0,0.29,10.0,0.01,0.02,2336.205514,1776229231000
1776229233.287,33.287,0.72,0.3,0.71,10.0,0.73,21.69,0.74,60.0,0.27,21.69,0.26,60.0,0.28,0.3,0.29,10.0,0.01,0.01,2336.586645,1776229232000
1776229233.505,33.505,0.71,12.56,0.7,6.33,0.72,80.0,0.73,5.0,0.27,6.69,0.26,55.0,0.29,2.56,0.3,1.33,0.01,0.02,2336.586645,1776229232000
1776229233.734,33.734,0.71,10.97,0.7,6.33,0.72,85.36,0.73,5.0,0.28,80.36,0.27,5.0,0.29,19.11,0.3,6.33,0.01,0.01,2336.586645,1776229232000
1776229234.039,34.039,0.71,13.97,0.7,14.33,0.72,80.0,0.73,10.0,0.28,85.36,0.27,5.0,0.29,10.97,0.3,6.33,0.01,0.01,2336.586645,1776229232000
1776229234.375,34.375,0.71,16.76,0.7,14.33,0.72,80.01,0.73,10.0,0.28,80.01,0.27,10.0,0.29,16.76,0.3,14.33,0.01,0.01,2336.412172,1776229233000
1776229234.682,34.682,0.69,1.88,0.68,10.0,0.71,12.0,0.72,110.0,0.28,80.01,0.27,10.0,0.29,16.76,0.3,14.33,0.02,0.01,2336.412172,1776229233000
1776229234.937,34.937,0.7,10.0,0.66,10.0,0.71,22.49,0.72,35.0,0.29,12.0,0.28,110.0,0.32,4.69,0.33,10.0,0.01,0.03,2336.412172,1776229233000
1776229235.626,35.626,0.69,50.0,0.68,24.37,0.7,61.43,0.71,22.0,0.31,5.0,0.3,65.0,0.32,3.37,0.33,10.0,0.01,0.01,2336.399475,1776229234000
1776229236.325,36.325,0.69,50.0,0.68,24.37,0.7,61.43,0.71,22.0,0.3,61.43,0.29,22.0,0.31,50.0,0.32,24.37,0.01,0.01,2336.0599,1776229235000
1776229236.956,36.956,0.73,6.66,0.72,21.0,0.74,15.0,0.75,172.32,0.26,15.0,0.25,172.32,0.27,6.66,0.28,21.0,0.01,0.01,2336.028656,1776229236000
1776229238.51,38.51,0.73,34.66,0.72,34.0,0.74,14.0,0.75,144.32,0.26,15.0,0.25,172.32,0.27,6.66,0.28,21.0,0.01,0.01,2336.028656,1776229236000
1776229239.086,39.086,0.73,35.95,0.72,29.0,0.74,1.0,0.75,144.32,0.26,1.0,0.25,144.32,0.27,35.95,0.28,29.0,0.01,0.01,2336.12444,1776229237000
1776229239.446,39.446,0.73,70.95,0.72,29.0,0.75,126.97,0.76,150.0,0.26,1.0,0.25,144.32,0.27,35.95,0.28,29.0,0.02,0.01,2336.12444,1776229237000
1776229239.733,39.733,0.73,61.87,0.72,29.0,0.75,131.97,0.76,155.0,0.25,131.97,0.24,155.0,0.27,61.87,0.28,29.0,0.02,0.02,2336.254245,1776229238000
1776229240.008,40.008,0.74,417.59,0.73,24.87,0.75,136.97,0.76,155.0,0.25,131.97,0.24,155.0,0.27,61.87,0.28,29.0,0.01,0.02,2336.254245,1776229238000
1776229240.214,40.214,0.74,394.32,0.73,31.0,0.75,136.97,0.76,155.0,0.25,136.97,0.24,155.0,0.26,417.59,0.27,24.87,0.01,0.01,2336.254245,1776229238000
1776229240.487,40.487,0.74,156.59,0.73,5.0,0.75,200.97,0.76,185.0,0.25,136.97,0.24,155.0,0.26,394.32,0.27,31.0,0.01,0.01,2336.254245,1776229238000
1776229241.019,41.019,0.74,155.62,0.72,18.0,0.75,240.97,0.76,185.0,0.25,181.97,0.24,185.0,0.26,47.59,0.27,5.0,0.01,0.01,2336.254245,1776229238000
1776229241.885,41.885,0.73,22.0,0.72,10.0,0.74,23.0,0.75,126.97,0.25,240.97,0.24,185.0,0.26,155.62,0.28,18.0,0.01,0.01,2336.254245,1776229238000
1776229242.135,42.135,0.72,20.0,0.71,18.0,0.73,3.63,0.74,33.0,0.26,23.0,0.25,126.97,0.27,10.0,0.28,10.0,0.01,0.01,2336.254245,1776229238000
1776229243.214,43.214,0.73,29.0,0.72,31.0,0.75,56.97,0.76,80.0,0.27,3.35,0.26,33.0,0.28,25.0,0.29,18.0,0.02,0.01,2336.254245,1776229238000
1776229243.484,43.484,0.74,8.0,0.73,57.0,0.75,41.97,0.76,90.0,0.25,54.97,0.24,85.0,0.27,195.0,0.28,31.0,0.01,0.02,2336.254245,1776229238000
1776229243.778,43.778,0.74,164.87,0.73,57.0,0.75,22.97,0.76,90.0,0.25,27.97,0.24,90.0,0.26,8.0,0.27,57.0,0.01,0.01,2336.254245,1776229238000
1776229244.912,44.912,0.74,128.99,0.71,10.0,0.75,186.97,0.76,205.0,0.25,22.97,0.24,90.0,0.26,147.51,0.27,57.0,0.01,0.01,2336.254245,1776229238000
1776229245.121,45.121,0.74,66.99,0.71,10.0,0.75,186.97,0.76,205.0,0.25,181.97,0.24,205.0,0.26,79.99,0.29,10.0,0.01,0.01,2336.254245,1776229238000
1776229245.507,45.507,0.71,52.0,0.69,42.0,0.72,66.0,0.73,15.0,0.25,181.97,0.24,205.0,0.29,10.0,0.3,22.0,0.01,0.04,2336.254245,1776229238000
1776229245.795,45.795,0.69,34.0,0.66,10.0,0.7,32.88,0.71,85.0,0.28,66.0,0.27,15.0,0.29,52.0,0.31,42.0,0.01,0.01,2336.254245,1776229238000
1776229246.269,46.269,0.69,72.0,0.67,7.0,0.7,76.09,0.71,155.0,0.3,50.09,0.29,85.0,0.31,96.0,0.33,17.0,0.01,0.01,2336.254245,1776229238000
1776229246.57,46.57,0.69,61.0,0.67,7.0,0.7,76.09,0.71,155.0,0.3,76.09,0.29,155.0,0.31,72.0,0.33,7.0,0.01,0.01,2336.254245,1776229238000
1776229247.067,47.067,0.69,71.0,0.67,7.0,0.71,154.66,0.72,75.0,0.3,76.09,0.29,155.0,0.31,61.0,0.33,7.0,0.02,0.01,2336.254245,1776229238000
1776229247.364,47.364,0.7,10.0,0.69,48.0,0.73,80.0,0.74,80.0,0.29,154.66,0.28,75.0,0.31,71.0,0.33,7.0,0.03,0.02,2336.254245,1776229238000
1776229247.598,47.598,0.72,27.0,0.71,20.0,0.73,64.9,0.74,80.0,0.27,64.9,0.26,80.0,0.28,27.0,0.29,20.0,0.01,0.01,2336.1471,1776229246000
1776229247.982,47.982,0.72,37.0,0.71,20.0,0.74,80.0,0.75,195.0,0.26,80.0,0.25,195.0,0.28,37.0,0.29,20.0,0.02,0.02,2335.896746,1776229247000
1776229249.274,49.274,0.72,50.05,0.7,16.0,0.73,35.0,0.74,110.0,0.27,35.0,0.26,110.0,0.28,50.05,0.3,16.0,0.01,0.01,2335.772402,1776229248000
1776229250.522,50.522,0.72,50.05,0.7,16.0,0.73,35.0,0.74,110.0,0.27,35.0,0.26,110.0,0.28,50.05,0.3,16.0,0.01,0.01,2335.7631,1776229249000
1776229250.849,50.849,0.73,136.0,0.72,60.0,0.74,99.0,0.75,150.0,0.27,35.0,0.26,110.0,0.28,50.05,0.3,16.0,0.01,0.01,2335.7631,1776229249000
1776229251.141,51.141,0.73,136.0,0.72,60.0,0.74,99.0,0.75,150.0,0.26,99.0,0.25,150.0,0.27,136.0,0.28,60.0,0.01,0.01,2335.757807,1776229250000
1776229251.61,51.61,0.73,140.29,0.72,40.0,0.74,119.0,0.75,150.0,0.26,99.0,0.25,150.0,0.27,136.0,0.28,60.0,0.01,0.01,2335.757807,1776229250000
1776229252.323,52.323,0.73,147.29,0.72,20.0,0.74,65.94,0.75,150.0,0.26,87.0,0.25,150.0,0.27,127.29,0.28,40.0,0.01,0.01,2335.757807,1776229250000
1776229252.568,52.568,0.73,147.29,0.72,20.0,0.74,65.94,0.75,150.0,0.26,65.94,0.25,150.0,0.27,147.29,0.28,20.0,0.01,0.01,2335.939318,1776229251000
1776229253.19,53.19,0.73,147.29,0.72,20.0,0.74,65.94,0.75,150.0,0.26,65.94,0.25,150.0,0.27,147.29,0.28,20.0,0.01,0.01,2335.945555,1776229252000
1776229253.439,53.439,0.73,96.0,0.72,15.0,0.74,90.94,0.75,150.0,0.26,65.94,0.25,150.0,0.27,147.29,0.28,20.0,0.01,0.01,2335.945555,1776229252000
1776229254.476,54.476,0.73,96.0,0.72,15.0,0.74,90.94,0.75,150.0,0.26,90.94,0.25,150.0,0.27,96.0,0.28,15.0,0.01,0.01,2335.91677,1776229253000
1776229255.487,55.487,0.72,2.25,0.71,20.0,0.74,80.94,0.75,150.0,0.26,90.94,0.25,150.0,0.27,96.0,0.28,15.0,0.02,0.01,2335.91677,1776229253000
1776229256.215,56.215,0.72,2.25,0.71,20.0,0.74,80.94,0.75,150.0,0.26,80.94,0.25,150.0,0.28,2.25,0.29,20.0,0.02,0.02,2335.91551,1776229255000
1776229256.838,56.838,0.72,32.67,0.71,67.84,0.73,27.56,0.74,75.94,0.26,80.94,0.25,150.0,0.28,2.25,0.29,20.0,0.01,0.02,2335.91551,1776229255000
1776229257.463,57.463,0.72,32.67,0.71,67.84,0.73,27.56,0.74,75.94,0.27,27.56,0.26,75.94,0.28,32.67,0.29,67.84,0.01,0.01,2335.88317,1776229256000
1776229257.984,57.984,0.72,32.67,0.71,67.84,0.73,27.56,0.74,75.94,0.27,27.56,0.26,75.94,0.28,32.67,0.29,67.84,0.01,0.01,2335.88317,1776229257000
1776229259.359,59.359,0.72,32.67,0.71,67.84,0.73,27.56,0.74,75.94,0.27,27.56,0.26,75.94,0.28,32.67,0.29,67.84,0.01,0.01,2335.890645,1776229258000
1776229259.943,59.943,0.72,87.0,0.71,78.84,0.74,60.94,0.75,150.0,0.26,60.94,0.25,150.0,0.28,87.0,0.29,78.84,0.02,0.02,2335.889985,1776229259000
1776229260.383,60.383,0.73,74.0,0.72,26.0,0.74,45.39,0.75,150.0,0.26,60.94,0.25,150.0,0.28,87.0,0.29,78.84,0.01,0.02,2335.889985,1776229259000
1776229260.91,60.91,0.73,5.0,0.72,10.0,0.74,116.39,0.75,150.0,0.26,45.39,0.25,150.0,0.27,74.0,0.28,26.0,0.01,0.01,2335.889985,1776229259000
1776229261.266,61.266,0.72,10.0,0.71,10.0,0.74,126.39,0.75,150.0,0.26,126.39,0.25,150.0,0.28,10.0,0.29,10.0,0.02,0.02,2336.036389,1776229260000
1776229261.467,61.467,0.71,15.34,0.7,10.0,0.73,51.0,0.74,101.39,0.26,126.39,0.25,150.0,0.28,10.0,0.29,10.0,0.02,0.02,2336.036389,1776229260000
1776229262.281,62.281,0.71,33.0,0.7,52.77,0.72,16.87,0.73,41.0,0.27,51.0,0.26,101.39,0.29,15.34,0.3,10.0,0.01,0.02,2336.036389,1776229260000
1776229262.549,62.549,0.71,95.82,0.7,15.0,0.72,5.48,0.73,36.0,0.28,6.87,0.27,36.0,0.29,33.0,0.3,52.77,0.01,0.01,2336.036389,1776229260000
1776229262.835,62.835,0.71,95.82,0.7,15.0,0.72,5.48,0.73,36.0,0.28,5.48,0.27,36.0,0.29,95.82,0.3,15.0,0.01,0.01,2336.10287,1776229261000
1776229263.518,63.518,0.72,44.67,0.71,87.82,0.73,17.49,0.74,65.39,0.28,5.48,0.27,36.0,0.29,95.82,0.3,15.0,0.01,0.01,2336.10287,1776229261000
1776229263.968,63.968,0.72,129.41,0.71,25.0,0.73,10.0,0.74,55.39,0.27,17.49,0.26,65.39,0.28,44.67,0.29,87.82,0.01,0.01,2335.873535,1776229262000
1776229264.219,64.219,0.72,134.41,0.71,25.0,0.73,8.63,0.74,55.39,0.27,8.63,0.26,55.39,0.28,134.41,0.29,25.0,0.01,0.01,2335.845791,1776229263000
1776229264.728,64.728,0.72,119.91,0.71,25.0,0.73,8.63,0.74,55.39,0.27,8.63,0.26,55.39,0.28,134.41,0.29,25.0,0.01,0.01,2335.845791,1776229263000
1776229265.609,65.609,0.72,119.91,0.71,25.0,0.73,8.63,0.74,55.39,0.27,8.63,0.26,55.39,0.28,119.91,0.29,25.0,0.01,0.01,2335.923301,1776229264000
1776229266.313,66.313,0.73,81.77,0.72,60.42,0.74,27.39,0.75,150.0,0.26,55.39,0.25,150.0,0.27,8.77,0.28,68.42,0.01,0.01,2335.923301,1776229264000
1776229266.6,66.6,0.73,56.77,0.72,50.42,0.74,27.39,0.75,150.0,0.26,27.39,0.25,150.0,0.27,81.77,0.28,60.42,0.01,0.01,2335.9313,1776229265000
1776229266.877,66.877,0.73,61.77,0.72,50.42,0.74,20.39,0.75,150.0,0.26,25.39,0.25,150.0,0.27,56.77,0.28,50.42,0.01,0.01,2335.9313,1776229265000
1776229267.107,67.107,0.73,61.77,0.72,50.42,0.74,13.71,0.75,150.0,0.26,20.39,0.25,150.0,0.27,61.77,0.28,50.42,0.01,0.01,2335.94045,1776229266000
1776229267.663,67.663,0.75,66.0,0.74,22.0,0.77,7.9,0.78,80.0,0.26,13.71,0.25,150.0,0.27,61.77,0.28,50.42,0.02,0.01,2335.94045,1776229266000
1776229268.159,68.159,0.77,70.1,0.76,29.0,0.78,62.06,0.79,10.0,0.22,59.37,0.21,10.0,0.23,6.1,0.24,24.0,0.01,0.01,2335.94045,1776229266000
1776229268.403,68.403,0.77,70.1,0.76,29.0,0.78,62.06,0.79,10.0,0.22,62.06,0.21,10.0,0.23,70.1,0.24,29.0,0.01,0.01,2335.93577,1776229267000
1776229268.628,68.628,0.78,21.0,0.77,62.1,0.81,20.0,0.82,10.0,0.22,62.06,0.21,10.0,0.23,70.1,0.24,29.0,0.03,0.01,2335.93577,1776229267000
1776229268.944,68.944,0.79,169.0,0.78,76.53,0.81,10.0,0.82,10.0,0.19,20.0,0.18,10.0,0.22,21.0,0.23,62.1,0.02,0.03,2335.93577,1776229267000
1776229269.981,69.981,0.8,10.0,0.79,25.0,0.81,82.62,0.82,10.0,0.17,10.0,0.16,60.0,0.21,212.0,0.22,21.0,0.01,0.04,2336.120785,1776229268000
1776229270.29,70.29,0.8,10.0,0.79,25.0,0.81,82.62,0.82,10.0,0.19,82.62,0.18,10.0,0.2,10.0,0.21,25.0,0.01,0.01,2336.648894,1776229269000
1776229270.899,70.899,0.8,39.0,0.79,15.0,0.81,108.26,0.82,10.0,0.19,105.0,0.18,10.0,0.21,25.0,0.22,10.0,0.01,0.02,2336.648894,1776229269000
1776229271.457,71.457,0.8,39.0,0.79,15.0,0.81,106.76,0.82,10.0,0.19,108.26,0.18,10.0,0.2,39.0,0.21,15.0,0.01,0.01,2336.648894,1776229269000
1776229271.668,71.668,0.8,39.0,0.79,15.0,0.81,106.76,0.82,10.0,0.19,106.76,0.18,10.0,0.2,39.0,0.21,15.0,0.01,0.01,2337.250172,1776229270000
1776229272.71,72.71,0.8,39.0,0.79,15.0,0.81,106.76,0.82,10.0,0.19,106.76,0.18,10.0,0.2,39.0,0.21,15.0,0.01,0.01,2337.102145,1776229271000
1776229273.281,73.281,0.8,39.0,0.79,15.0,0.81,106.76,0.82,10.0,0.19,106.76,0.18,10.0,0.2,39.0,0.21,15.0,0.01,0.01,2337.092235,1776229272000
1776229274.349,74.349,0.8,39.0,0.79,15.0,0.81,106.76,0.82,10.0,0.19,106.76,0.18,10.0,0.2,39.0,0.21,15.0,0.01,0.01,2337.118123,1776229273000
1776229274.575,74.575,0.8,54.0,0.79,20.0,0.81,100.66,0.82,10.0,0.19,106.76,0.18,10.0,0.2,39.0,0.21,15.0,0.01,0.01,2337.118123,1776229273000
1776229274.894,74.894,0.8,54.0,0.79,20.0,0.81,100.66,0.82,10.0,0.19,100.66,0.18,10.0,0.2,54.0,0.21,20.0,0.01,0.01,2337.165658,1776229274000
1776229275.323,75.323,0.8,20.87,0.79,15.0,0.81,109.66,0.82,10.0,0.19,100.66,0.18,10.0,0.2,54.0,0.21,20.0,0.01,0.01,2337.165658,1776229274000
1776229275.686,75.686,0.79,26.0,0.78,10.0,0.8,51.0,0.81,79.66,0.19,109.66,0.18,10.0,0.21,15.0,0.22,10.0,0.01,0.02,2337.165658,1776229274000
1776229276.011,76.011,0.79,26.0,0.78,10.0,0.8,48.9,0.81,79.66,0.2,48.9,0.19,79.66,0.21,26.0,0.22,10.0,0.01,0.01,2337.1001,1776229275000
1776229276.436,76.436,0.78,23.0,0.77,21.1,0.79,37.34,0.8,88.05,0.2,85.95,0.19,74.35,0.22,10.0,0.23,16.1,0.01,0.02,2337.1001,1776229275000
1776229277.119,77.119,0.78,68.34,0.77,21.1,0.79,24.54,0.8,47.05,0.21,24.54,0.2,47.05,0.22,68.34,0.23,21.1,0.01,0.01,2337.093852,1776229276000
1776229278.262,78.262,0.78,68.34,0.77,21.1,0.79,24.54,0.8,47.05,0.21,24.54,0.2,47.05,0.22,68.34,0.23,21.1,0.01,0.01,2336.91885,1776229277000
1776229279.313,79.313,0.8,143.88,0.79,38.0,0.81,78.17,0.82,10.0,0.19,78.17,0.18,10.0,0.2,143.88,0.21,38.0,0.01,0.01,2336.8784,1776229278000
1776229279.882,79.882,0.8,143.88,0.79,38.0,0.81,78.17,0.82,10.0,0.19,78.17,0.18,10.0,0.2,143.88,0.21,38.0,0.01,0.01,2336.933894,1776229279000
1776229281.069,81.069,0.8,143.88,0.79,38.0,0.81,78.17,0.82,10.0,0.19,78.17,0.18,10.0,0.2,143.88,0.21,38.0,0.01,0.01,2337.062257,1776229280000
1776229281.682,81.682,0.8,54.0,0.79,66.72,0.81,76.93,0.82,10.0,0.19,78.17,0.18,10.0,0.2,143.88,0.21,38.0,0.01,0.01,2337.062257,1776229280000
1776229282.172,82.172,0.8,34.0,0.79,66.72,0.81,74.93,0.82,10.0,0.19,74.93,0.18,10.0,0.2,34.0,0.21,66.72,0.01,0.01,2337.014693,1776229281000
1776229283.193,83.193,0.8,34.0,0.79,66.72,0.81,74.93,0.82,10.0,0.19,74.93,0.18,10.0,0.2,34.0,0.21,66.72,0.01,0.01,2336.97052,1776229282000
1776229284.483,84.483,0.8,34.0,0.79,66.72,0.81,74.93,0.82,10.0,0.19,74.93,0.18,10.0,0.2,34.0,0.21,66.72,0.01,0.01,2336.995065,1776229283000
1776229285.063,85.063,0.8,34.0,0.79,66.72,0.81,74.93,0.82,10.0,0.19,74.93,0.18,10.0,0.2,34.0,0.21,66.72,0.01,0.01,2337.03104,1776229284000
1776229285.286,85.286,0.8,123.34,0.79,35.0,0.81,69.74,0.82,10.0,0.19,74.93,0.18,10.0,0.2,34.0,0.21,66.72,0.01,0.01,2337.03104,1776229284000
1776229286.175,86.175,0.8,123.34,0.79,35.0,0.81,69.74,0.82,10.0,0.19,69.74,0.18,10.0,0.2,123.34,0.21,35.0,0.01,0.01,2337.03708,1776229285000
1776229287.599,87.599,0.8,123.34,0.79,35.0,0.81,69.74,0.82,10.0,0.19,69.74,0.18,10.0,0.2,123.34,0.21,35.0,0.01,0.01,2337.12538,1776229286000
1776229287.865,87.865,0.8,113.25,0.79,169.2,0.81,69.74,0.82,10.0,0.19,69.74,0.18,10.0,0.2,123.34,0.21,35.0,0.01,0.01,2337.12538,1776229286000
1776229288.16,88.16,0.8,544.68,0.79,215.9,0.81,17.43,0.82,10.0,0.19,69.74,0.18,10.0,0.2,113.25,0.21,169.2,0.01,0.01,2337.12538,1776229286000
1776229288.455,88.455,0.8,233.25,0.79,275.9,0.81,12.36,0.82,10.0,0.19,17.43,0.18,10.0,0.2,544.68,0.21,215.9,0.01,0.01,2337.21376,1776229287000
1776229288.778,88.778,0.8,966.32,0.79,331.64,0.81,7.29,0.82,10.0,0.19,12.36,0.18,10.0,0.2,233.25,0.21,275.9,0.01,0.01,2337.21376,1776229287000
1776229289.503,89.503,0.8,966.32,0.79,331.64,0.81,7.29,0.82,10.0,0.19,7.29,0.18,10.0,0.2,966.32,0.21,331.64,0.01,0.01,2337.226462,1776229288000
1776229290.078,90.078,0.8,966.32,0.79,331.64,0.81,7.29,0.82,10.0,0.19,7.29,0.18,10.0,0.2,966.32,0.21,331.64,0.01,0.01,2337.229702,1776229289000
1776229290.511,90.511,0.8,465.75,0.79,308.64,0.81,1.91,0.82,10.0,0.19,7.29,0.18,10.0,0.2,966.32,0.21,331.64,0.01,0.01,2337.229702,1776229289000
1776229291.145,91.145,0.81,705.64,0.8,357.49,0.82,0.56,0.83,10.0,0.17,10.0,0.16,80.0,0.19,14.09,0.2,465.75,0.01,0.02,2337.229702,1776229289000
1776229291.383,91.383,0.84,14.0,0.82,572.19,0.85,94.29,0.86,17.0,0.15,87.56,0.14,17.0,0.19,753.64,0.2,327.49,0.01,0.04,2337.229702,1776229289000
1776229291.721,91.721,0.84,248.15,0.83,100.0,0.85,141.29,0.86,17.0,0.15,94.29,0.14,17.0,0.16,14.0,0.18,572.19,0.01,0.01,2337.376615,1776229290000
1776229292.021,92.021,0.84,160.15,0.83,100.0,0.85,41.29,0.86,17.0,0.15,41.29,0.14,17.0,0.16,160.15,0.17,100.0,0.01,0.01,2337.36948,1776229291000
1776229292.296,92.296,0.84,52.15,0.82,100.0,0.85,51.29,0.86,17.0,0.15,41.29,0.14,17.0,0.16,160.15,0.17,100.0,0.01,0.01,2337.36948,1776229291000
1776229293.058,93.058,0.81,251.68,0.8,119.25,0.83,124.53,0.84,17.0,0.15,46.29,0.14,17.0,0.18,100.0,0.19,124.09,0.02,0.03,2337.36948,1776229291000
1776229293.382,93.382,0.81,246.68,0.8,119.25,0.83,123.32,0.84,17.0,0.17,123.32,0.16,17.0,0.19,246.68,0.2,119.25,0.02,0.02,2337.5198,1776229292000
1776229293.703,93.703,0.82,144.61,0.81,132.2,0.83,157.49,0.84,17.0,0.17,163.42,0.16,17.0,0.18,10.0,0.19,246.68,0.01,0.01,2337.5198,1776229292000
1776229294.056,94.056,0.82,139.61,0.81,132.2,0.83,118.63,0.84,17.0,0.17,151.32,0.16,17.0,0.18,144.61,0.19,132.2,0.01,0.01,2337.5198,1776229292000
1776229294.476,94.476,0.82,244.61,0.81,132.2,0.83,106.89,0.84,17.0,0.17,118.63,0.16,17.0,0.18,139.61,0.19,132.2,0.01,0.01,2337.5198,1776229292000
1776229294.846,94.846,0.82,1028.84,0.81,266.1,0.83,55.68,0.84,10.0,0.17,105.68,0.16,17.0,0.18,244.61,0.19,132.2,0.01,0.01,2337.214445,1776229293000
1776229295.122,95.122,0.82,335.62,0.81,162.2,0.83,32.68,0.85,10.0,0.17,50.68,0.15,10.0,0.18,1385.09,0.19,318.05,0.01,0.01,2337.214445,1776229293000
1776229295.335,95.335,0.83,181.0,0.82,280.62,0.85,4.64,0.86,10.0,0.15,10.0,0.14,10.0,0.18,365.62,0.19,162.2,0.02,0.03,2337.06966,1776229294000
1776229296.053,96.053,0.84,157.88,0.83,115.0,0.85,0.08,0.86,17.0,0.15,4.64,0.14,10.0,0.17,181.0,0.18,280.62,0.01,0.02,2337.06966,1776229294000
1776229296.39,96.39,0.84,207.88,0.83,110.0,0.85,5.7,0.86,17.0,0.15,0.08,0.14,17.0,0.16,157.88,0.17,115.0,0.01,0.01,2337.06966,1776229294000
1776229296.847,96.847,0.84,207.88,0.83,115.0,0.85,18.07,0.86,17.0,0.15,5.7,0.14,17.0,0.16,207.88,0.17,110.0,0.01,0.01,2337.213651,1776229295000
1776229297.104,97.104,0.84,162.88,0.83,115.0,0.85,5.03,0.86,17.0,0.15,6.21,0.14,17.0,0.16,212.88,0.17,115.0,0.01,0.01,2337.249575,1776229296000
1776229297.627,97.627,0.84,157.88,0.83,115.0,0.85,1.52,0.86,17.0,0.15,5.03,0.14,17.0,0.16,162.88,0.17,115.0,0.01,0.01,2337.249575,1776229296000
1776229298.223,98.223,0.84,157.88,0.83,115.0,0.85,1.52,0.86,17.0,0.15,1.52,0.14,17.0,0.16,157.88,0.17,115.0,0.01,0.01,2337.234435,1776229297000
1776229298.538,98.538,0.85,14.48,0.84,167.89,0.86,17.0,0.87,111.8,0.15,1.52,0.14,17.0,0.16,157.88,0.17,115.0,0.01,0.01,2337.234435,1776229297000
1776229299.271,99.271,0.84,71.93,0.83,110.0,0.86,24.21,0.87,80.0,0.14,17.0,0.13,111.8,0.15,14.48,0.16,167.89,0.02,0.01,2337.234435,1776229297000
1776229300.246,100.246,0.84,71.93,0.83,110.0,0.86,24.21,0.87,80.0,0.14,24.21,0.13,80.0,0.16,71.93,0.17,110.0,0.02,0.02,2337.2048,1776229299000
1776229300.576,100.576,0.84,0.09,0.83,87.75,0.85,22.0,0.86,74.21,0.14,24.21,0.13,80.0,0.16,71.93,0.17,110.0,0.01,0.02,2337.2048,1776229299000
1776229301.015,101.015,0.84,16.99,0.83,92.75,0.86,35.16,0.87,111.8,0.15,22.0,0.14,74.21,0.16,0.09,0.17,87.75,0.02,0.01,2337.2048,1776229299000
1776229301.455,101.455,0.84,16.99,0.83,92.75,0.86,35.16,0.87,111.8,0.14,35.16,0.13,111.8,0.16,16.99,0.17,92.75,0.02,0.02,2337.1838,1776229300000
1776229302.011,102.011,0.84,143.07,0.83,15.0,0.85,4.12,0.86,15.26,0.15,4.12,0.14,15.26,0.16,143.07,0.17,15.0,0.01,0.01,2337.158675,1776229301000
1776229303.886,103.886,0.84,153.07,0.83,115.0,0.86,8.28,0.87,111.8,0.14,8.28,0.13,111.8,0.16,153.07,0.17,115.0,0.02,0.02,2336.96857,1776229302000
1776229304.395,104.395,0.84,153.07,0.83,115.0,0.86,8.28,0.87,111.8,0.14,8.28,0.13,111.8,0.16,153.07,0.17,115.0,0.02,0.02,2336.9559,1776229303000
1776229304.784,104.784,0.85,67.42,0.84,120.1,0.86,12.28,0.87,118.8,0.14,8.28,0.13,111.8,0.16,153.07,0.17,115.0,0.01,0.02,2336.9559,1776229303000
1776229305.383,105.383,0.85,53.67,0.84,120.1,0.86,12.28,0.87,118.8,0.14,12.28,0.13,118.8,0.15,67.42,0.16,120.1,0.01,0.01,2336.932,1776229304000
1776229306.035,106.035,0.85,53.67,0.84,120.1,0.86,12.28,0.87,118.8,0.14,12.28,0.13,118.8,0.15,53.67,0.16,120.1,0.01,0.01,2336.898272,1776229305000
1776229307.046,107.046,0.85,53.67,0.84,120.1,0.86,12.28,0.87,118.8,0.14,12.28,0.13,118.8,0.15,53.67,0.16,120.1,0.01,0.01,2336.924646,1776229306000
1776229308.102,108.102,0.85,53.67,0.84,120.1,0.86,12.28,0.87,118.8,0.14,12.28,0.13,118.8,0.15,53.67,0.16,120.1,0.01,0.01,2336.922705,1776229307000
1776229309.107,109.107,0.85,53.67,0.84,120.1,0.86,12.28,0.87,118.8,0.14,12.28,0.13,118.8,0.15,53.67,0.16,120.1,0.01,0.01,2336.965345,1776229308000
1776229310.248,110.248,0.85,53.67,0.84,120.1,0.86,12.28,0.87,118.8,0.14,12.28,0.13,118.8,0.15,53.67,0.16,120.1,0.01,0.01,2336.91365,1776229309000
1776229311.343,111.343,0.85,53.67,0.84,120.1,0.86,12.28,0.87,118.8,0.14,12.28,0.13,118.8,0.15,53.67,0.16,120.1,0.01,0.01,2336.90875,1776229310000
1776229312.299,112.299,0.85,131.48,0.84,175.46,0.86,10.28,0.87,80.0,0.14,10.28,0.13,80.0,0.15,131.48,0.16,175.46,0.01,0.01,2336.855106,1776229311000
1776229312.558,112.558,0.85,50.35,0.84,45.1,0.86,3.28,0.87,80.0,0.14,10.28,0.13,80.0,0.15,131.48,0.16,175.46,0.01,0.01,2336.855106,1776229311000
1776229313.3,113.3,0.85,55.35,0.84,45.1,0.88,44.1,0.89,153.79,0.14,3.28,0.13,80.0,0.15,50.35,0.16,45.1,0.03,0.01,2336.855106,1776229311000
1776229314.309,114.309,0.85,55.35,0.84,45.1,0.88,44.1,0.89,153.79,0.12,44.1,0.11,153.79,0.15,55.35,0.16,45.1,0.03,0.03,2336.85885,1776229313000
1776229314.755,114.755,0.86,194.2,0.85,53.0,0.87,10.0,0.88,10.0,0.12,44.1,0.11,153.79,0.15,55.35,0.16,45.1,0.01,0.03,2336.85885,1776229313000
1776229314.962,114.962,0.86,194.2,0.85,53.0,0.87,10.0,0.88,10.0,0.13,10.0,0.12,10.0,0.14,194.2,0.15,53.0,0.01,0.01,2336.86885,1776229314000
1776229315.528,115.528,0.88,14.0,0.87,150.0,0.89,10.0,0.9,10.0,0.13,10.0,0.12,10.0,0.14,194.2,0.15,53.0,0.01,0.01,2336.86885,1776229314000
1776229316.032,116.032,0.88,14.0,0.87,150.0,0.89,10.0,0.9,10.0,0.11,10.0,0.1,10.0,0.12,14.0,0.13,150.0,0.01,0.01,2336.95548,1776229315000
1776229317.762,117.762,0.88,14.0,0.87,150.0,0.89,10.0,0.9,10.0,0.11,10.0,0.1,10.0,0.12,14.0,0.13,150.0,0.01,0.01,2337.178426,1776229316000
1776229318.312,118.312,0.88,224.02,0.87,117.0,0.89,2.96,0.9,10.0,0.11,8.02,0.1,10.0,0.12,262.02,0.13,117.0,0.01,0.01,2337.178426,1776229316000
1776229318.547,118.547,0.88,159.0,0.87,211.54,0.9,7.84,0.91,10.0,0.11,2.96,0.1,10.0,0.12,224.02,0.13,117.0,0.02,0.01,2337.290855,1776229317000
1776229318.822,118.822,0.88,174.0,0.87,243.34,0.93,55.37,0.94,178.8,0.1,7.84,0.09,10.0,0.12,159.0,0.13,211.54,0.05,0.02,2337.290855,1776229317000
1776229319.145,119.145,0.92,10.0,0.91,28.0,0.93,6.9,0.94,163.78,0.06,163.78,0.05,200.8,0.09,5.0,0.1,124.0,0.01,0.03,2337.290855,1776229318000
1776229319.345,119.345,0.92,8.72,0.91,23.0,0.93,111.9,0.94,110.0,0.07,6.9,0.06,163.78,0.08,10.0,0.09,28.0,0.01,0.01,2337.290855,1776229318000
1776229319.819,119.819,0.9,7.5,0.89,15.0,0.92,9.4,0.93,128.9,0.07,133.9,0.06,183.74,0.09,15.0,0.1,26.0,0.02,0.02,2337.290855,1776229318000
1776229320.895,120.895,0.91,48.0,0.9,12.5,0.94,110.0,0.95,200.8,0.08,9.4,0.07,128.9,0.1,7.5,0.11,15.0,0.03,0.02,2337.406995,1776229319000
1776229321.346,121.346,0.92,102.43,0.91,63.0,0.93,10.66,0.94,110.0,0.07,7.0,0.06,10.0,0.08,108.0,0.09,73.0,0.01,0.01,2337.61084,1776229320000
1776229321.627,121.627,0.92,102.43,0.91,63.0,0.93,9.58,0.94,110.0,0.07,10.66,0.06,110.0,0.08,102.43,0.09,63.0,0.01,0.01,2337.61084,1776229320000
1776229322.066,122.066,0.92,102.43,0.91,63.0,0.93,9.58,0.94,110.0,0.07,9.58,0.06,110.0,0.08,102.43,0.09,63.0,0.01,0.01,2337.56678,1776229321000
1776229322.552,122.552,0.93,20.99,0.92,102.43,0.94,103.72,0.95,278.78,0.06,99.36,0.05,140.94,0.07,7.99,0.08,102.43,0.01,0.01,2337.56678,1776229321000
1776229323.073,123.073,0.93,20.99,0.92,102.43,0.94,103.72,0.95,278.78,0.06,103.72,0.05,278.78,0.07,20.99,0.08,102.43,0.01,0.01,2337.6864,1776229322000
1776229324.202,124.202,0.93,175.99,0.92,202.43,0.94,4.68,0.95,162.84,0.06,4.68,0.05,162.84,0.07,175.99,0.08,202.43,0.01,0.01,2337.852935,1776229323000
1776229325.165,125.165,0.93,175.99,0.92,202.43,0.94,4.68,0.95,162.84,0.06,4.68,0.05,162.84,0.07,175.99,0.08,202.43,0.01,0.01,2337.992964,1776229324000
1776229326.234,126.234,0.93,175.99,0.92,202.43,0.94,4.68,0.95,162.84,0.06,4.68,0.05,162.84,0.07,175.99,0.08,202.43,0.01,0.01,2337.984984,1776229325000
1776229327.329,127.329,0.93,175.99,0.92,202.43,0.94,4.68,0.95,162.84,0.06,4.68,0.05,162.84,0.07,175.99,0.08,202.43,0.01,0.01,2337.986869,1776229326000
1776229328.165,128.165,0.94,289.0,0.93,201.99,0.95,25.0,0.96,42.5,0.06,4.68,0.05,162.84,0.07,175.99,0.08,202.43,0.01,0.01,2337.986869,1776229326000
1776229328.616,128.616,0.96,32.5,0.94,242.0,0.97,316.0,0.98,499.79,0.05,25.0,0.04,42.5,0.06,289.0,0.07,201.99,0.01,0.01,2338.468619,1776229327000
1776229328.877,128.877,0.96,32.5,0.94,242.0,0.97,316.0,0.98,499.79,0.03,316.0,0.02,499.79,0.04,32.5,0.06,242.0,0.01,0.01,2338.553278,1776229328000
1776229329.125,129.125,0.96,212.96,0.95,135.0,0.97,321.0,0.98,499.79,0.03,316.0,0.02,499.79,0.04,216.1,0.05,235.0,0.01,0.01,2338.553278,1776229328000
1776229329.935,129.935,0.96,212.96,0.95,135.0,0.97,321.0,0.98,499.79,0.03,321.0,0.02,499.79,0.04,212.96,0.05,135.0,0.01,0.01,2338.53425,1776229329000
1776229330.492,130.492,0.96,330.96,0.95,135.0,0.97,293.06,0.98,793.79,0.03,298.66,0.02,793.79,0.04,330.96,0.05,135.0,0.01,0.01,2338.53425,1776229329000
1776229331.396,131.396,0.96,330.96,0.95,135.0,0.97,232.95,0.98,793.79,0.03,238.06,0.02,803.73,0.04,330.96,0.05,135.0,0.01,0.01,2338.53425,1776229329000
1776229331.716,131.716,0.96,225.96,0.95,130.0,0.97,227.9,0.98,793.79,0.03,232.95,0.02,793.79,0.04,330.96,0.05,135.0,0.01,0.01,2338.53425,1776229329000
1776229332.479,132.479,0.96,225.96,0.95,130.0,0.97,346.3,0.98,834.59,0.03,346.3,0.02,834.59,0.04,225.96,0.05,130.0,0.01,0.01,2338.590649,1776229331000
1776229333.226,133.226,0.96,128.0,0.95,130.0,0.97,397.35,0.98,919.59,0.03,346.3,0.02,834.59,0.04,225.96,0.05,130.0,0.01,0.01,2338.590649,1776229331000
1776229333.466,133.466,0.96,128.0,0.95,130.0,0.97,397.35,0.98,919.59,0.03,397.35,0.02,919.59,0.04,128.0,0.05,130.0,0.01,0.01,2338.536605,1776229332000
1776229333.988,133.988,0.96,108.0,0.95,105.0,0.97,772.34,0.98,763.78,0.03,397.35,0.02,919.59,0.04,128.0,0.05,130.0,0.01,0.01,2338.536605,1776229332000
1776229334.313,134.313,0.93,27.27,0.92,209.43,0.96,52.0,0.97,872.34,0.04,52.0,0.03,872.34,0.07,27.27,0.08,209.43,0.03,0.03,2338.44191,1776229333000
1776229335.152,135.152,0.93,45.0,0.92,184.43,0.95,24.83,0.96,420.82,0.05,19.94,0.04,167.94,0.06,5.0,0.07,15.0,0.02,0.01,2338.44191,1776229333000
1776229336.581,136.581,0.93,45.0,0.92,184.43,0.96,420.51,0.97,798.68,0.04,420.51,0.03,798.68,0.07,45.0,0.08,184.43,0.03,0.03,2337.87226,1776229335000
1776229337.261,137.261,0.93,45.0,0.92,184.43,0.96,420.51,0.97,798.68,0.04,420.51,0.03,798.68,0.07,45.0,0.08,184.43,0.03,0.03,2337.928615,1776229336000
1776229337.829,137.829,0.92,115.43,0.91,40.0,0.94,233.39,0.95,510.0,0.04,420.51,0.03,798.68,0.07,45.0,0.08,184.43,0.02,0.03,2337.928615,1776229336000
1776229338.745,138.745,0.92,109.43,0.91,40.0,0.94,238.39,0.95,510.0,0.06,238.39,0.05,510.0,0.08,109.43,0.09,40.0,0.02,0.02,2337.863225,1776229337000
1776229339.282,139.282,0.92,114.43,0.91,45.0,0.93,36.38,0.94,223.8,0.06,238.39,0.05,510.0,0.08,109.43,0.09,40.0,0.01,0.02,2337.863225,1776229337000
1776229340.204,140.204,0.92,114.43,0.91,45.0,0.93,36.38,0.94,223.8,0.07,36.38,0.06,223.8,0.08,114.43,0.09,45.0,0.01,0.01,2337.393805,1776229339000
1776229340.809,140.809,0.92,75.43,0.91,15.0,0.93,128.68,0.94,223.8,0.07,36.38,0.06,223.8,0.08,114.43,0.09,45.0,0.01,0.01,2337.393805,1776229339000
1776229341.714,141.714,0.92,55.43,0.91,15.0,0.93,145.68,0.94,223.8,0.07,145.68,0.06,223.8,0.08,55.43,0.09,15.0,0.01,0.01,2337.418484,1776229340000
1776229342.229,142.229,0.92,67.49,0.91,20.0,0.93,91.68,0.94,223.8,0.07,91.68,0.06,223.8,0.08,67.49,0.09,20.0,0.01,0.01,2337.418484,1776229340000
1776229342.446,142.446,0.92,67.49,0.91,20.0,0.93,91.68,0.94,223.8,0.07,91.68,0.06,223.8,0.08,67.49,0.09,20.0,0.01,0.01,2337.283565,1776229341000
1776229343.105,143.105,0.92,67.49,0.91,20.0,0.93,91.68,0.94,223.8,0.07,91.68,0.06,223.8,0.08,67.49,0.09,20.0,0.01,0.01,2337.19456,1776229342000
1776229343.467,143.467,0.92,52.49,0.91,20.0,0.93,89.18,0.94,224.8,0.07,91.68,0.06,223.8,0.08,67.49,0.09,20.0,0.01,0.01,2337.19456,1776229342000
1776229343.718,143.718,0.92,1.49,0.91,15.0,0.93,116.18,0.94,525.8,0.07,89.18,0.06,224.8,0.08,52.49,0.09,20.0,0.01,0.01,2337.19456,1776229342000
1776229344.05,144.05,0.9,5.0,0.89,15.0,0.91,45.0,0.92,33.0,0.07,116.18,0.06,525.8,0.08,1.49,0.09,15.0,0.01,0.01,2337.19456,1776229342000
1776229344.272,144.272,0.89,5.0,0.88,15.0,0.91,214.0,0.92,463.9,0.09,45.0,0.08,33.0,0.1,5.0,0.11,15.0,0.02,0.01,2337.19456,1776229342000
1776229344.612,144.612,0.89,5.0,0.88,15.0,0.91,214.0,0.92,463.9,0.09,214.0,0.08,463.9,0.11,5.0,0.12,15.0,0.02,0.02,2337.218855,1776229343000
1776229345.013,145.013,0.89,15.0,0.88,15.0,0.9,113.0,0.91,554.57,0.09,214.0,0.08,463.9,0.11,5.0,0.12,15.0,0.01,0.02,2337.218855,1776229343000
1776229345.392,145.392,0.89,15.0,0.88,15.0,0.9,113.0,0.91,554.57,0.1,113.0,0.09,554.57,0.11,15.0,0.12,15.0,0.01,0.01,2337.25684,1776229344000
1776229346.185,146.185,0.89,15.0,0.88,15.0,0.9,113.0,0.91,554.57,0.1,113.0,0.09,554.57,0.11,15.0,0.12,15.0,0.01,0.01,2337.180617,1776229345000
1776229346.972,146.972,0.89,17.18,0.88,15.0,0.9,145.0,0.91,430.0,0.1,113.0,0.09,554.57,0.11,15.0,0.12,15.0,0.01,0.01,2337.180617,1776229345000
1776229347.72,147.72,0.89,17.18,0.88,15.0,0.9,145.0,0.91,430.0,0.1,145.0,0.09,430.0,0.11,17.18,0.12,15.0,0.01,0.01,2336.655825,1776229346000
1776229348.476,148.476,0.89,17.18,0.88,15.0,0.9,145.0,0.91,430.0,0.1,145.0,0.09,430.0,0.11,17.18,0.12,15.0,0.01,0.01,2336.697766,1776229347000
1776229349.198,149.198,0.89,17.18,0.88,15.0,0.9,145.0,0.91,430.0,0.1,145.0,0.09,430.0,0.11,17.18,0.12,15.0,0.01,0.01,2336.697766,1776229348000
1776229350.683,150.683,0.91,98.0,0.9,95.0,0.92,52.62,0.93,165.3,0.1,145.0,0.09,430.0,0.11,17.18,0.12,15.0,0.01,0.01,2336.697766,1776229348000
1776229350.954,150.954,0.92,17.0,0.91,302.0,0.93,78.64,0.94,129.8,0.08,52.62,0.07,165.3,0.09,98.0,0.1,95.0,0.01,0.01,2336.945095,1776229349000
1776229351.326,151.326,0.92,27.0,0.91,302.0,0.93,19.42,0.94,129.8,0.07,78.64,0.06,129.8,0.08,17.0,0.09,302.0,0.01,0.01,2336.945095,1776229349000
1776229351.547,151.547,0.92,67.0,0.91,302.0,0.93,1.87,0.94,129.8,0.07,19.42,0.06,129.8,0.08,27.0,0.09,302.0,0.01,0.01,2336.945095,1776229349000
1776229351.76,151.76,0.92,72.0,0.91,302.0,0.94,30.16,0.95,96.8,0.06,123.33,0.05,106.8,0.08,67.0,0.09,302.0,0.02,0.02,2336.945095,1776229349000
1776229352.46,152.46,0.92,72.0,0.91,302.0,0.94,30.16,0.95,96.8,0.06,30.16,0.05,96.8,0.08,72.0,0.09,302.0,0.02,0.02,2336.97716,1776229351000
1776229352.702,152.702,0.93,27.0,0.92,167.0,0.94,47.95,0.95,21.0,0.06,30.16,0.05,96.8,0.08,72.0,0.09,302.0,0.01,0.02,2336.97716,1776229351000
1776229352.953,152.953,0.93,27.0,0.92,167.0,0.94,47.95,0.95,21.0,0.06,47.95,0.05,21.0,0.07,27.0,0.08,167.0,0.01,0.01,2336.98676,1776229352000
1776229353.903,153.903,0.93,27.0,0.92,167.0,0.94,47.95,0.95,21.0,0.06,47.95,0.05,21.0,0.07,27.0,0.08,167.0,0.01,0.01,2337.02371,1776229353000
1776229354.689,154.689,0.93,246.78,0.92,142.0,0.94,29.74,0.95,15.0,0.06,47.95,0.05,21.0,0.07,27.0,0.08,167.0,0.01,0.01,2337.02371,1776229353000
1776229354.943,154.943,0.93,246.78,0.92,142.0,0.94,29.74,0.95,15.0,0.06,29.74,0.05,15.0,0.07,246.78,0.08,142.0,0.01,0.01,2337.05349,1776229354000
1776229355.742,155.742,0.93,69.78,0.92,20.0,0.94,364.57,0.95,102.99,0.06,29.74,0.05,15.0,0.07,246.78,0.08,142.0,0.01,0.01,2337.05349,1776229354000
1776229355.966,155.966,0.93,11.78,0.92,20.0,0.94,369.57,0.95,102.99,0.06,369.57,0.05,102.99,0.07,11.78,0.08,20.0,0.01,0.01,2337.05966,1776229355000
1776229356.391,156.391,0.93,10.59,0.92,120.0,0.94,364.57,0.95,102.99,0.06,369.57,0.05,102.99,0.07,11.78,0.08,20.0,0.01,0.01,2337.05966,1776229355000
1776229356.61,156.61,0.93,10.59,0.92,120.0,0.94,338.07,0.95,102.99,0.06,364.57,0.05,102.99,0.07,10.59,0.08,120.0,0.01,0.01,2337.05966,1776229355000
1776229356.88,156.88,0.93,10.59,0.92,120.0,0.94,338.07,0.95,102.99,0.06,338.07,0.05,102.99,0.07,10.59,0.08,120.0,0.01,0.01,2337.059025,1776229356000
1776229357.895,157.895,0.93,10.59,0.92,120.0,0.94,338.07,0.95,102.99,0.06,338.07,0.05,102.99,0.07,10.59,0.08,120.0,0.01,0.01,2336.993542,1776229357000
1776229358.942,158.942,0.93,10.59,0.92,120.0,0.94,338.07,0.95,102.99,0.06,338.07,0.05,102.99,0.07,10.59,0.08,120.0,0.01,0.01,2336.937514,1776229358000
1776229359.957,159.957,0.93,10.59,0.92,120.0,0.94,338.07,0.95,102.99,0.06,338.07,0.05,102.99,0.07,10.59,0.08,120.0,0.01,0.01,2336.78903,1776229359000
1776229360.339,160.339,0.94,10.31,0.93,177.59,0.95,338.39,0.96,313.49,0.06,338.07,0.05,102.99,0.07,10.59,0.08,120.0,0.01,0.01,2336.78903,1776229359000
1776229360.995,160.995,0.94,10.31,0.93,177.59,0.95,338.39,0.96,313.49,0.05,338.39,0.04,313.49,0.06,10.31,0.07,177.59,0.01,0.01,2336.83157,1776229360000
1776229361.981,161.981,0.94,10.31,0.93,177.59,0.95,338.39,0.96,313.49,0.05,338.39,0.04,313.49,0.06,10.31,0.07,177.59,0.01,0.01,2336.960568,1776229361000
1776229362.783,162.783,0.94,170.31,0.93,163.4,0.95,15.82,0.96,333.99,0.05,338.39,0.04,313.49,0.06,10.31,0.07,177.59,0.01,0.01,2336.960568,1776229361000
1776229363.311,163.311,0.94,170.0,0.93,163.4,0.95,10.2,0.96,327.79,0.04,327.79,0.03,449.69,0.06,170.31,0.07,163.4,0.01,0.02,2337.084663,1776229362000
1776229363.967,163.967,0.94,170.0,0.93,163.4,0.95,10.2,0.96,327.79,0.05,10.2,0.04,327.79,0.06,170.0,0.07,163.4,0.01,0.01,2337.163055,1776229363000
1776229364.973,164.973,0.94,170.0,0.93,163.4,0.95,10.2,0.96,327.79,0.05,10.2,0.04,327.79,0.06,170.0,0.07,163.4,0.01,0.01,2337.16989,1776229364000
1776229365.812,165.812,0.93,85.4,0.92,15.0,0.94,49.0,0.95,112.8,0.05,10.2,0.04,327.79,0.06,170.0,0.07,163.4,0.01,0.01,2337.16989,1776229364000
1776229366.162,166.162,0.93,100.3,0.92,15.0,0.94,44.0,0.95,112.8,0.06,44.0,0.05,112.8,0.07,100.3,0.08,15.0,0.01,0.01,2337.19623,1776229365000
1776229366.646,166.646,0.93,51.9,0.92,15.0,0.94,422.19,0.95,362.6,0.06,44.0,0.05,112.8,0.07,100.3,0.08,15.0,0.01,0.01,2337.19623,1776229365000
1776229367.354,167.354,0.93,51.9,0.92,15.0,0.94,422.19,0.95,362.6,0.06,422.19,0.05,362.6,0.07,51.9,0.08,15.0,0.01,0.01,2337.048902,1776229366000
1776229367.935,167.935,0.93,51.9,0.92,15.0,0.94,422.19,0.95,362.6,0.06,422.19,0.05,362.6,0.07,51.9,0.08,15.0,0.01,0.01,2337.024728,1776229367000
1776229369.025,169.025,0.93,51.9,0.92,15.0,0.94,422.19,0.95,362.6,0.06,422.19,0.05,362.6,0.07,51.9,0.08,15.0,0.01,0.01,2336.763562,1776229368000
1776229370.051,170.051,0.93,51.9,0.92,15.0,0.94,422.19,0.95,362.6,0.06,422.19,0.05,362.6,0.07,51.9,0.08,15.0,0.01,0.01,2336.67084,1776229369000
1776229371.211,171.211,0.93,51.9,0.92,15.0,0.94,422.19,0.95,362.6,0.06,422.19,0.05,362.6,0.07,51.9,0.08,15.0,0.01,0.01,2336.704765,1776229370000
1776229372.337,172.337,0.93,51.9,0.92,15.0,0.94,422.19,0.95,362.6,0.06,422.19,0.05,362.6,0.07,51.9,0.08,15.0,0.01,0.01,2336.827238,1776229371000
1776229373.288,173.288,0.93,51.9,0.92,15.0,0.94,422.19,0.95,362.6,0.06,422.19,0.05,362.6,0.07,51.9,0.08,15.0,0.01,0.01,2336.816047,1776229372000
1776229373.878,173.878,0.93,51.9,0.92,15.0,0.94,422.19,0.95,362.6,0.06,422.19,0.05,362.6,0.07,51.9,0.08,15.0,0.01,0.01,2336.835869,1776229373000
1776229374.971,174.971,0.93,51.9,0.92,15.0,0.94,422.19,0.95,362.6,0.06,422.19,0.05,362.6,0.07,51.9,0.08,15.0,0.01,0.01,2336.80504,1776229374000
1776229376.074,176.074,0.93,51.9,0.92,15.0,0.94,422.19,0.95,362.6,0.06,422.19,0.05,362.6,0.07,51.9,0.08,15.0,0.01,0.01,2336.812785,1776229375000
1776229377.174,177.174,0.93,51.9,0.92,15.0,0.94,422.19,0.95,362.6,0.06,422.19,0.05,362.6,0.07,51.9,0.08,15.0,0.01,0.01,2336.869663,1776229376000
1776229378.263,178.263,0.93,51.9,0.92,15.0,0.94,422.19,0.95,362.6,0.06,422.19,0.05,362.6,0.07,51.9,0.08,15.0,0.01,0.01,2336.817335,1776229377000
1776229379.191,179.191,0.93,51.9,0.92,15.0,0.94,422.19,0.95,362.6,0.06,422.19,0.05,362.6,0.07,51.9,0.08,15.0,0.01,0.01,2336.765095,1776229378000
1776229379.833,179.833,0.92,91.48,0.91,90.0,0.93,218.02,0.94,19.0,0.06,422.19,0.05,362.6,0.07,51.9,0.08,15.0,0.01,0.01,2336.765095,1776229378000
1776229380.173,180.173,0.92,91.48,0.91,90.0,0.93,218.02,0.94,19.0,0.07,218.02,0.06,19.0,0.08,91.48,0.09,90.0,0.01,0.01,2336.797765,1776229379000
1776229381.039,181.039,0.92,94.48,0.91,90.0,0.93,213.02,0.94,19.0,0.07,218.02,0.06,19.0,0.08,91.48,0.09,90.0,0.01,0.01,2336.797765,1776229379000
1776229381.242,181.242,0.92,124.48,0.91,100.0,0.93,178.39,0.94,19.0,0.07,213.02,0.06,19.0,0.08,94.48,0.09,90.0,0.01,0.01,2336.812642,1776229380000
1776229382.176,182.176,0.92,154.48,0.91,100.0,0.93,154.39,0.94,19.0,0.07,154.39,0.06,19.0,0.08,154.48,0.09,100.0,0.01,0.01,2336.804635,1776229381000
1776229383.239,183.239,0.92,154.48,0.91,100.0,0.93,154.39,0.94,19.0,0.07,154.39,0.06,19.0,0.08,154.48,0.09,100.0,0.01,0.01,2336.825617,1776229382000
1776229384.33,184.33,0.92,154.48,0.91,100.0,0.93,154.39,0.94,19.0,0.07,154.39,0.06,19.0,0.08,154.48,0.09,100.0,0.01,0.01,2336.848585,1776229383000
1776229385.263,185.263,0.92,154.48,0.91,100.0,0.93,154.39,0.94,19.0,0.07,154.39,0.06,19.0,0.08,154.48,0.09,100.0,0.01,0.01,2336.852555,1776229384000
1776229386.251,186.251,0.92,154.48,0.91,100.0,0.93,154.39,0.94,19.0,0.07,154.39,0.06,19.0,0.08,154.48,0.09,100.0,0.01,0.01,2336.971105,1776229385000
1776229387.229,187.229,0.92,154.48,0.91,100.0,0.93,154.39,0.94,19.0,0.07,154.39,0.06,19.0,0.08,154.48,0.09,100.0,0.01,0.01,2337.00752,1776229386000
1776229388.03,188.03,0.92,38.43,0.91,124.22,0.93,159.39,0.94,19.0,0.07,154.39,0.06,19.0,0.08,154.48,0.09,100.0,0.01,0.01,2337.00752,1776229386000
1776229388.31,188.31,0.92,38.43,0.91,124.22,0.93,159.39,0.94,19.0,0.07,159.39,0.06,19.0,0.08,38.43,0.09,124.22,0.01,0.01,2337.0067,1776229387000
1776229389.234,189.234,0.92,38.43,0.91,124.22,0.93,159.39,0.94,19.0,0.07,159.39,0.06,19.0,0.08,38.43,0.09,124.22,0.01,0.01,2336.988335,1776229388000
1776229390.198,190.198,0.92,38.43,0.91,124.22,0.93,159.39,0.94,19.0,0.07,159.39,0.06,19.0,0.08,38.43,0.09,124.22,0.01,0.01,2336.891815,1776229389000
1776229390.606,190.606,0.92,143.33,0.91,149.0,0.93,149.39,0.94,19.0,0.07,159.39,0.06,19.0,0.08,38.43,0.09,124.22,0.01,0.01,2336.891815,1776229389000
1776229391.233,191.233,0.92,143.33,0.91,149.0,0.93,149.39,0.94,19.0,0.07,149.39,0.06,19.0,0.08,143.33,0.09,149.0,0.01,0.01,2336.877993,1776229390000
1776229391.974,191.974,0.92,300.01,0.91,234.0,0.93,56.39,0.96,5.0,0.07,61.39,0.04,22.0,0.08,183.33,0.09,208.64,0.01,0.01,2336.877993,1776229390000
1776229392.208,192.208,0.95,35.0,0.94,40.0,0.97,167.13,0.98,650.08,0.03,167.13,0.02,650.08,0.05,35.0,0.06,40.0,0.02,0.02,2336.91392,1776229391000
1776229392.933,192.933,0.95,55.0,0.94,187.94,0.97,151.76,0.98,643.08,0.03,161.81,0.02,643.08,0.05,40.0,0.06,40.0,0.02,0.02,2336.91392,1776229391000
1776229393.34,193.34,0.95,55.0,0.94,187.94,0.97,151.76,0.98,643.08,0.03,151.76,0.02,643.08,0.05,55.0,0.06,187.94,0.02,0.02,2337.03853,1776229392000
1776229394.386,194.386,0.95,45.0,0.94,40.0,0.96,8.88,0.97,156.76,0.03,151.76,0.02,643.08,0.05,55.0,0.06,187.94,0.01,0.02,2337.03853,1776229392000
1776229394.856,194.856,0.95,50.0,0.94,45.0,0.96,84.04,0.97,156.76,0.04,8.88,0.03,156.76,0.05,45.0,0.06,40.0,0.01,0.01,2337.298395,1776229393000
1776229396.032,196.032,0.95,50.0,0.94,45.0,0.96,84.04,0.97,156.76,0.04,84.04,0.03,156.76,0.05,50.0,0.06,45.0,0.01,0.01,2337.356023,1776229395000
1776229396.475,196.475,0.94,30.0,0.93,56.18,0.95,48.0,0.96,83.88,0.04,84.04,0.03,156.76,0.05,50.0,0.06,45.0,0.01,0.01,2337.356023,1776229395000
1776229397.109,197.109,0.94,30.0,0.93,56.18,0.95,48.0,0.96,83.88,0.05,48.0,0.04,83.88,0.06,30.0,0.07,56.18,0.01,0.01,2337.144532,1776229396000
1776229397.966,197.966,0.94,15.0,0.93,66.18,0.95,58.0,0.96,78.88,0.05,48.0,0.04,83.88,0.06,30.0,0.07,56.18,0.01,0.01,2337.144532,1776229396000
1776229398.251,198.251,0.94,15.0,0.93,61.18,0.95,48.0,0.96,78.88,0.05,58.0,0.04,78.88,0.06,15.0,0.07,66.18,0.01,0.01,2337.058785,1776229397000
1776229399.182,199.182,0.94,15.0,0.93,61.18,0.95,48.0,0.96,78.88,0.05,48.0,0.04,78.88,0.06,15.0,0.07,61.18,0.01,0.01,2336.67234,1776229398000
1776229400.207,200.207,0.94,15.0,0.93,61.18,0.95,48.0,0.96,78.88,0.05,48.0,0.04,78.88,0.06,15.0,0.07,61.18,0.01,0.01,2336.65995,1776229399000
1776229401.299,201.299,0.94,15.0,0.93,61.18,0.95,48.0,0.96,78.88,0.05,48.0,0.04,78.88,0.06,15.0,0.07,61.18,0.01,0.01,2336.44176,1776229400000
1776229402.301,202.301,0.94,15.0,0.93,61.18,0.95,48.0,0.96,78.88,0.05,48.0,0.04,78.88,0.06,15.0,0.07,61.18,0.01,0.01,2336.327,1776229401000
1776229402.782,202.782,0.93,79.18,0.92,53.0,0.94,67.73,0.95,143.8,0.05,48.0,0.04,78.88,0.06,15.0,0.07,61.18,0.01,0.01,2336.327,1776229401000
1776229403.006,203.006,0.93,8.18,0.92,53.0,0.94,67.73,0.95,143.8,0.06,67.73,0.05,143.8,0.07,79.18,0.08,53.0,0.01,0.01,2336.327,1776229401000
1776229403.406,203.406,0.93,8.18,0.92,53.0,0.94,67.73,0.95,143.8,0.06,67.73,0.05,143.8,0.07,8.18,0.08,53.0,0.01,0.01,2336.326435,1776229402000
1776229404.32,204.32,0.93,8.18,0.92,53.0,0.94,67.73,0.95,143.8,0.06,67.73,0.05,143.8,0.07,8.18,0.08,53.0,0.01,0.01,2336.326625,1776229403000
1776229404.558,204.558,0.93,38.18,0.92,53.0,0.94,67.73,0.95,143.8,0.06,67.73,0.05,143.8,0.07,8.18,0.08,53.0,0.01,0.01,2336.326625,1776229403000
1776229405.791,205.791,0.95,91.0,0.94,66.0,0.97,110.54,0.98,589.59,0.06,67.73,0.05,143.8,0.07,38.18,0.08,53.0,0.02,0.01,2336.326625,1776229403000
1776229406.057,206.057,0.95,80.0,0.94,60.0,0.97,90.54,0.98,589.59,0.03,90.54,0.02,589.59,0.05,80.0,0.06,60.0,0.02,0.02,2336.347261,1776229404000
1776229406.344,206.344,0.95,98.0,0.94,90.0,0.97,85.38,0.98,315.09,0.03,90.54,0.02,589.59,0.05,80.0,0.06,60.0,0.02,0.02,2336.347261,1776229404000
1776229406.655,206.655,0.96,77.0,0.95,92.0,0.97,34.34,0.98,415.09,0.03,85.38,0.02,315.09,0.05,98.0,0.06,90.0,0.01,0.02,2336.347261,1776229404000
1776229406.906,206.906,0.96,112.0,0.95,92.0,0.98,415.09,0.99,2301.09,0.02,415.09,0.01,2301.09,0.04,112.0,0.05,92.0,0.02,0.02,2336.344801,1776229405000
1776229407.491,207.491,0.97,543.61,0.96,152.0,0.98,415.09,0.99,2306.26,0.02,415.09,0.01,2301.09,0.04,112.0,0.05,92.0,0.01,0.02,2336.344801,1776229405000
1776229407.875,207.875,0.97,543.61,0.96,152.0,0.98,415.09,0.99,2306.26,0.02,415.09,0.01,2306.26,0.03,543.61,0.04,152.0,0.01,0.01,2336.380656,1776229406000
1776229408.685,208.685,0.97,571.79,0.96,197.0,0.98,414.0,0.99,2266.09,0.02,415.09,0.01,2306.26,0.03,543.61,0.04,152.0,0.01,0.01,2336.380656,1776229406000
1776229409.409,209.409,0.97,539.56,0.96,174.0,0.98,412.97,0.99,2041.09,0.02,419.0,0.01,2041.09,0.03,539.56,0.04,174.0,0.01,0.01,2337.957238,1776229407000
1776229409.633,209.633,0.97,539.56,0.96,174.0,0.98,408.85,0.99,2041.09,0.02,409.88,0.01,2041.09,0.03,539.56,0.04,174.0,0.01,0.01,2338.303457,1776229408000
1776229409.836,209.836,0.97,551.38,0.96,174.0,0.98,403.7,0.99,2046.26,0.02,404.73,0.01,2046.26,0.03,546.38,0.04,174.0,0.01,0.01,2338.303457,1776229408000
1776229410.04,210.04,0.97,546.38,0.96,174.0,0.98,402.67,0.99,2046.26,0.02,403.7,0.01,2046.26,0.03,551.38,0.04,174.0,0.01,0.01,2338.303457,1776229408000
1776229410.375,210.375,0.97,448.38,0.96,184.0,0.98,398.55,0.99,2046.26,0.02,404.58,0.01,2046.26,0.03,551.38,0.04,174.0,0.01,0.01,2338.279205,1776229409000
1776229410.71,210.71,0.97,443.38,0.96,189.0,0.98,394.45,0.99,2046.26,0.02,396.49,0.01,2046.26,0.03,443.38,0.04,189.0,0.01,0.01,2338.279205,1776229409000
1776229410.931,210.931,0.97,448.38,0.96,189.0,0.98,378.08,0.99,2046.26,0.02,388.29,0.01,2046.26,0.03,448.38,0.04,189.0,0.01,0.01,2338.279205,1776229409000
1776229411.606,211.606,0.97,448.38,0.96,189.0,0.98,378.08,0.99,2046.26,0.02,378.08,0.01,2046.26,0.03,448.38,0.04,189.0,0.01,0.01,2338.24137,1776229410000
1776229411.808,211.808,0.97,423.82,0.96,57.0,0.98,279.06,0.99,2074.26,0.02,378.08,0.01,2046.26,0.03,448.38,0.04,189.0,0.01,0.01,2338.24137,1776229410000
1776229412.016,212.016,0.97,331.0,0.96,30.0,0.98,324.06,0.99,2513.09,0.02,279.06,0.01,2074.26,0.03,423.82,0.04,57.0,0.01,0.01,2338.24137,1776229410000
1776229412.233,212.233,0.98,175.94,0.97,218.0,0.99,2213.09,,,0.01,2213.09,,,0.02,175.94,0.03,218.0,0.01,0.01,2338.262095,1776229411000
1776229412.47,212.47,0.98,174.45,0.97,218.0,0.99,2138.09,,,0.01,2213.09,,,0.02,175.94,0.03,218.0,0.01,0.01,2338.262095,1776229411000
1776229412.746,212.746,0.98,174.45,0.97,218.0,0.99,2132.07,,,0.01,2138.09,,,0.02,174.45,0.03,218.0,0.01,0.01,2338.262095,1776229411000
1776229413.308,213.308,0.98,184.64,0.97,218.0,0.99,2520.05,,,0.01,2125.05,,,0.02,174.45,0.03,218.0,0.01,0.01,2338.262095,1776229411000
1776229413.602,213.602,0.98,179.3,0.97,218.0,0.99,2514.03,,,0.01,2519.03,,,0.02,183.3,0.03,218.0,0.01,0.01,2338.262095,1776229411000
1776229413.86,213.86,0.98,179.3,0.97,218.0,0.99,2517.01,,,0.01,2514.03,,,0.02,179.3,0.03,218.0,0.01,0.01,2338.192918,1776229412000
1776229414.367,214.367,0.98,179.3,0.97,218.0,0.99,2517.01,,,0.01,2517.01,,,0.02,179.3,0.03,218.0,0.01,0.01,2337.89729,1776229413000
1776229414.718,214.718,0.98,576.82,0.97,218.0,0.99,2639.5,,,0.01,2517.01,,,0.02,179.3,0.03,218.0,0.01,0.01,2337.89729,1776229413000
1776229415.1,215.1,0.98,576.82,0.97,218.0,0.99,2639.5,,,0.01,2639.5,,,0.02,576.82,0.03,218.0,0.01,0.01,2337.882062,1776229414000
1776229416.219,216.219,0.98,576.82,0.97,218.0,0.99,2639.5,,,0.01,2639.5,,,0.02,576.82,0.03,218.0,0.01,0.01,2337.875213,1776229415000
1776229416.687,216.687,0.98,521.68,0.97,223.0,0.99,2445.67,,,0.01,2445.67,,,0.02,526.82,0.03,223.0,0.01,0.01,2337.875213,1776229415000
1776229417.316,217.316,0.98,521.68,0.97,223.0,0.99,2435.56,,,0.01,2445.67,,,0.02,521.68,0.03,223.0,0.01,0.01,2337.875213,1776229415000
1776229417.545,217.545,0.98,521.68,0.97,223.0,0.99,2239.56,,,0.01,2239.56,,,0.02,521.68,0.03,223.0,0.01,0.01,2337.83228,1776229416000
1776229418.192,218.192,0.98,521.68,0.97,223.0,0.99,2239.56,,,0.01,2239.56,,,0.02,521.68,0.03,223.0,0.01,0.01,2337.832375,1776229417000
1776229418.821,218.821,0.98,541.68,0.97,323.0,0.99,1774.56,,,0.01,2239.56,,,0.02,521.68,0.03,223.0,0.01,0.01,2337.832375,1776229417000
1776229419.118,219.118,0.98,454.19,0.97,328.0,0.99,1382.96,,,0.01,1410.96,,,0.02,459.19,0.03,328.0,0.01,0.01,2337.832375,1776229417000
1776229419.361,219.361,0.98,454.19,0.97,228.0,0.99,1380.96,,,0.01,1382.96,,,0.02,454.19,0.03,328.0,0.01,0.01,2337.832375,1776229417000
1776229420.221,220.221,0.98,454.19,0.97,228.0,0.99,1380.96,,,0.01,1380.96,,,0.02,454.19,0.03,228.0,0.01,0.01,2338.025678,1776229419000
1776229421.482,221.482,0.98,454.19,0.97,228.0,0.99,1380.96,,,0.01,1380.96,,,0.02,454.19,0.03,228.0,0.01,0.01,2337.970885,1776229420000
1776229421.729,221.729,0.98,449.19,0.97,328.0,0.99,1391.96,,,0.01,1380.96,,,0.02,454.19,0.03,228.0,0.01,0.01,2337.970885,1776229420000
1776229422.009,222.009,0.98,449.19,0.97,328.0,0.99,1071.74,,,0.01,1091.9,,,0.02,454.19,0.03,328.0,0.01,0.01,2337.970885,1776229420000
1776229422.29,222.29,0.98,449.19,0.97,328.0,0.99,1071.74,,,0.01,1071.74,,,0.02,449.19,0.03,328.0,0.01,0.01,2337.968485,1776229421000
1776229423.071,223.071,0.98,449.19,0.97,328.0,0.99,1071.74,,,0.01,1071.74,,,0.02,449.19,0.03,328.0,0.01,0.01,2337.966135,1776229422000
1776229423.365,223.365,0.98,454.19,0.97,491.7,0.99,1051.57,,,0.01,1071.74,,,0.02,449.19,0.03,328.0,0.01,0.01,2337.966135,1776229422000
1776229423.896,223.896,0.98,454.19,0.97,491.7,0.99,1041.57,,,0.01,1046.57,,,0.02,454.19,0.03,491.7,0.01,0.01,2337.966135,1776229422000
1776229424.19,224.19,0.98,454.19,0.97,491.7,0.99,1041.57,,,0.01,1041.57,,,0.02,454.19,0.03,491.7,0.01,0.01,2337.969745,1776229423000
1776229425.234,225.234,0.98,454.19,0.97,496.7,0.99,1032.57,,,0.01,1032.57,,,0.02,454.19,0.03,496.7,0.01,0.01,2337.989975,1776229424000
1776229426.294,226.294,0.98,454.19,0.97,496.7,0.99,1032.57,,,0.01,1032.57,,,0.02,454.19,0.03,496.7,0.01,0.01,2337.958505,1776229425000
1776229426.933,226.933,0.98,889.37,0.97,488.7,0.99,878.57,,,0.01,888.57,,,0.02,894.37,0.03,488.7,0.01,0.01,2337.958505,1776229425000
1776229427.33,227.33,0.98,889.37,0.97,488.7,0.99,858.57,,,0.01,858.57,,,0.02,889.37,0.03,488.7,0.01,0.01,2337.96645,1776229426000
1776229427.832,227.832,0.98,889.37,0.97,488.7,0.99,858.57,,,0.01,858.57,,,0.02,889.37,0.03,488.7,0.01,0.01,2338.05348,1776229427000
1776229428.935,228.935,0.98,889.37,0.97,488.7,0.99,858.57,,,0.01,858.57,,,0.02,889.37,0.03,488.7,0.01,0.01,2338.27132,1776229428000
1776229429.219,229.219,0.98,875.37,0.97,490.52,0.99,860.74,,,0.01,858.57,,,0.02,889.37,0.03,488.7,0.01,0.01,2338.27132,1776229428000
1776229429.698,229.698,0.98,875.37,0.97,490.52,0.99,822.5,,,0.01,858.72,,,0.02,875.37,0.03,490.52,0.01,0.01,2338.27132,1776229428000
1776229429.972,229.972,0.98,875.37,0.97,490.52,0.99,825.48,,,0.01,825.48,,,0.02,875.37,0.03,490.52,0.01,0.01,2338.297475,1776229429000
1776229431.028,231.028,0.98,875.37,0.97,490.52,0.99,825.48,,,0.01,825.48,,,0.02,875.37,0.03,490.52,0.01,0.01,2338.297475,1776229430000
1776229432.146,232.146,0.98,875.37,0.97,490.52,0.99,825.48,,,0.01,825.48,,,0.02,875.37,0.03,490.52,0.01,0.01,2338.043723,1776229431000
1776229432.726,232.726,0.98,545.21,0.97,498.52,0.99,834.48,,,0.01,825.48,,,0.02,875.37,0.03,490.52,0.01,0.01,2338.043723,1776229431000
1776229433.057,233.057,0.98,545.21,0.97,498.52,0.99,834.48,,,0.01,834.48,,,0.02,545.21,0.03,498.52,0.01,0.01,2337.957875,1776229432000
1776229434.172,234.172,0.98,545.21,0.97,498.52,0.99,834.48,,,0.01,834.48,,,0.02,545.21,0.03,498.52,0.01,0.01,2337.930678,1776229433000
1776229435.121,235.121,0.98,545.21,0.97,498.52,0.99,834.48,,,0.01,834.48,,,0.02,545.21,0.03,498.52,0.01,0.01,2337.84076,1776229434000
1776229436.137,236.137,0.98,545.21,0.97,498.52,0.99,834.48,,,0.01,834.48,,,0.02,545.21,0.03,498.52,0.01,0.01,2337.88167,1776229435000
1776229437.569,237.569,0.98,545.21,0.97,498.52,0.99,834.48,,,0.01,834.48,,,0.02,545.21,0.03,498.52,0.01,0.01,2337.82285,1776229436000
1776229438.121,238.121,0.98,545.21,0.97,498.52,0.99,834.48,,,0.01,834.48,,,0.02,545.21,0.03,498.52,0.01,0.01,2337.919827,1776229437000
1776229438.861,238.861,0.98,883.91,0.97,484.52,0.99,810.48,,,0.01,834.48,,,0.02,545.21,0.03,498.52,0.01,0.01,2337.919827,1776229437000
1776229439.158,239.158,0.98,788.91,0.97,484.52,0.99,810.48,,,0.01,810.48,,,0.02,883.91,0.03,484.52,0.01,0.01,2337.919827,1776229437000
1776229439.458,239.458,0.98,788.91,0.97,484.52,0.99,810.48,,,0.01,810.48,,,0.02,788.91,0.03,484.52,0.01,0.01,2337.828345,1776229438000
1776229440.419,240.419,0.98,688.91,0.97,368.52,0.99,841.48,,,0.01,810.48,,,0.02,788.91,0.03,484.52,0.01,0.01,2337.828345,1776229438000
1776229440.969,240.969,0.98,688.91,0.97,368.52,0.99,841.48,,,0.01,841.48,,,0.02,688.91,0.03,368.52,0.01,0.01,2337.79166,1776229440000
1776229441.215,241.215,0.98,688.91,0.97,361.7,0.99,821.28,,,0.01,841.48,,,0.02,688.91,0.03,368.52,0.01,0.01,2337.79166,1776229440000
1776229441.987,241.987,0.98,683.91,0.97,361.7,0.99,803.28,,,0.01,821.28,,,0.02,688.91,0.03,361.7,0.01,0.01,2337.79166,1776229440000
1776229442.302,242.302,0.98,688.91,0.97,361.7,0.99,710.28,,,0.01,803.28,,,0.02,683.91,0.03,361.7,0.01,0.01,2337.804775,1776229441000
1776229442.629,242.629,0.98,683.91,0.97,361.7,0.99,599.28,,,0.01,607.28,,,0.02,688.91,0.03,361.7,0.01,0.01,2337.804775,1776229441000
1776229443.01,243.01,0.98,683.91,0.97,361.7,0.99,533.28,,,0.01,533.28,,,0.02,683.91,0.03,361.7,0.01,0.01,2337.825085,1776229442000
1776229443.532,243.532,0.98,688.91,0.97,361.7,0.99,505.77,,,0.01,533.28,,,0.02,683.91,0.03,361.7,0.01,0.01,2337.825085,1776229442000
1776229443.811,243.811,0.98,713.91,0.97,387.7,0.99,460.77,,,0.01,505.77,,,0.02,688.91,0.03,361.7,0.01,0.01,2337.825085,1776229442000
1776229444.171,244.171,0.98,713.91,0.97,387.7,0.99,451.77,,,0.01,451.77,,,0.02,713.91,0.03,387.7,0.01,0.01,2337.86167,1776229443000
1776229444.399,244.399,0.99,111.23,0.98,703.91,,,,,0.01,13.77,,,0.02,708.91,0.03,487.7,,0.01,2337.86167,1776229443000
1776229445.233,245.233,0.99,111.23,0.98,703.91,,,,,,,,,0.01,111.23,0.02,703.91,,,2337.88792,1776229444000
1776229446.312,246.312,0.99,111.23,0.98,703.91,,,,,,,,,0.01,111.23,0.02,703.91,,,2338.086475,1776229445000
1776229447.348,247.348,0.99,111.23,0.98,703.91,,,,,,,,,0.01,111.23,0.02,703.91,,,2338.19361,1776229446000
1776229447.862,247.862,0.99,111.23,0.98,703.91,,,,,,,,,0.01,111.23,0.02,703.91,,,2338.20025,1776229447000
1776229448.324,248.324,0.99,509.83,0.98,633.91,,,,,,,,,0.01,111.23,0.02,703.91,,,2338.20025,1776229447000
1776229449.097,249.097,0.99,509.83,0.98,633.91,,,,,,,,,0.01,509.83,0.02,633.91,,,2338.123271,1776229448000
1776229449.619,249.619,0.99,508.78,0.98,210.89,,,,,,,,,0.01,509.83,0.02,633.91,,,2338.123271,1776229448000
1776229450.137,250.137,0.99,508.78,0.98,210.89,,,,,,,,,0.01,508.78,0.02,210.89,,,2337.684215,1776229449000
1776229451.173,251.173,0.99,538.78,0.98,210.89,,,,,,,,,0.01,508.78,0.02,210.89,,,2337.684215,1776229449000
1776229451.59,251.59,0.99,529.78,0.98,210.89,,,,,,,,,0.01,538.78,0.02,210.89,,,2337.684215,1776229449000
1776229452.19,252.19,0.99,529.78,0.98,210.89,,,,,,,,,0.01,529.78,0.02,210.89,,,2337.507713,1776229451000
1776229453.421,253.421,0.99,527.64,0.98,210.89,,,,,,,,,0.01,529.78,0.02,210.89,,,2337.507713,1776229451000
1776229454.034,254.034,0.99,527.64,0.98,210.89,,,,,,,,,0.01,527.64,0.02,210.89,,,2337.418668,1776229453000
1776229455.12,255.12,0.99,527.64,0.98,210.89,,,,,,,,,0.01,527.64,0.02,210.89,,,2337.308915,1776229454000
1776229456.265,256.265,0.99,527.64,0.98,210.89,,,,,,,,,0.01,527.64,0.02,210.89,,,2337.3203,1776229455000
1776229457.422,257.422,0.99,527.64,0.98,210.89,,,,,,,,,0.01,527.64,0.02,210.89,,,2337.348966,1776229456000
1776229457.962,257.962,0.99,527.64,0.98,210.89,,,,,,,,,0.01,527.64,0.02,210.89,,,2337.350291,1776229457000
1776229458.959,258.959,0.99,527.64,0.98,210.89,,,,,,,,,0.01,527.64,0.02,210.89,,,2337.330547,1776229458000
1776229460.112,260.112,0.99,527.64,0.98,210.89,,,,,,,,,0.01,527.64,0.02,210.89,,,2337.328643,1776229459000
1776229461.197,261.197,0.99,527.64,0.98,210.89,,,,,,,,,0.01,527.64,0.02,210.89,,,2337.480355,1776229460000
1776229461.438,261.438,0.99,1493.08,0.98,212.7,,,,,,,,,0.01,527.64,0.02,210.89,,,2337.480355,1776229460000
1776229462.378,262.378,0.99,1493.08,0.98,212.7,,,,,,,,,0.01,1493.08,0.02,212.7,,,2337.510805,1776229461000
1776229463.38,263.38,0.99,1493.08,0.98,212.7,,,,,,,,,0.01,1493.08,0.02,212.7,,,2337.501265,1776229462000
1776229463.885,263.885,0.99,1493.08,0.98,212.7,,,,,,,,,0.01,1493.08,0.02,212.7,,,2337.501265,1776229463000
1776229465.047,265.047,0.99,1493.08,0.98,212.7,,,,,,,,,0.01,1493.08,0.02,212.7,,,2337.458012,1776229464000
1776229466.081,266.081,0.99,1493.08,0.98,212.7,,,,,,,,,0.01,1493.08,0.02,212.7,,,2337.399265,1776229465000
1776229467.428,267.428,0.99,4599.93,0.98,200.7,,,,,,,,,0.01,1493.08,0.02,212.7,,,2337.399265,1776229465000
1776229468.268,268.268,0.99,4636.96,0.98,200.7,,,,,,,,,0.01,4599.93,0.02,200.7,,,2337.399245,1776229466000
1776229468.499,268.499,0.99,4636.96,0.98,200.7,,,,,,,,,0.01,4636.96,0.02,200.7,,,2337.240754,1776229467000
1776229469.058,269.058,0.99,4636.96,0.98,200.7,,,,,,,,,0.01,4636.96,0.02,200.7,,,2337.08159,1776229468000
1776229470.698,270.698,0.99,4636.96,0.98,200.7,,,,,,,,,0.01,4636.96,0.02,200.7,,,2337.074387,1776229469000
1776229471.328,271.328,0.99,4636.96,0.98,200.7,,,,,,,,,0.01,4636.96,0.02,200.7,,,2337.243523,1776229470000
1776229472.001,272.001,0.99,4636.96,0.98,200.7,,,,,,,,,0.01,4636.96,0.02,200.7,,,2337.087427,1776229471000
1776229472.942,272.942,0.99,4751.48,0.98,230.7,,,,,,,,,0.01,4636.96,0.02,200.7,,,2337.087427,1776229471000
1776229473.173,273.173,0.99,4709.48,0.98,200.7,,,,,,,,,0.01,4729.48,0.02,230.7,,,2337.087427,1776229471000
1776229474.587,274.587,0.99,4709.48,0.98,200.7,,,,,,,,,0.01,4709.48,0.02,200.7,,,2336.61788,1776229473000
1776229475.337,275.337,0.99,4709.48,0.98,200.7,,,,,,,,,0.01,4709.48,0.02,200.7,,,2336.44969,1776229474000
1776229476.426,276.426,0.99,4709.48,0.98,200.7,,,,,,,,,0.01,4709.48,0.02,200.7,,,2336.242308,1776229475000
1776229476.896,276.896,0.99,4689.48,0.98,17.0,,,,,,,,,0.01,4709.48,0.02,200.7,,,2336.242308,1776229475000
1776229478.497,278.497,0.99,4168.94,0.98,17.0,,,,,,,,,0.01,4689.48,0.02,17.0,,,2336.23555,1776229476000
1776229479.333,279.333,0.99,4168.94,0.98,17.0,,,,,,,,,0.01,4168.94,0.02,17.0,,,2336.158439,1776229478000
1776229480.119,280.119,0.99,4168.94,0.98,17.0,,,,,,,,,0.01,4168.94,0.02,17.0,,,2336.153306,1776229479000
1776229480.358,280.358,0.99,259.59,0.98,12.0,,,,,,,,,0.01,4168.94,0.02,17.0,,,2336.153306,1776229479000
1776229480.607,280.607,0.96,18.65,0.95,15.0,0.99,25.0,,,,,,,0.03,44.87,0.04,20.0,0.03,,2336.153306,1776229479000
1776229481.421,281.421,0.98,25.0,0.96,33.65,0.99,225.0,,,0.01,25.0,,,0.04,18.65,0.05,15.0,0.01,0.03,2336.153306,1776229479000
1776229481.637,281.637,0.98,55.0,0.97,10.0,0.99,249.98,,,0.01,225.0,,,0.02,25.0,0.04,33.65,0.01,0.01,2336.153306,1776229479000
1776229481.952,281.952,0.98,80.0,0.97,10.0,0.99,183.98,,,0.01,229.98,,,0.02,55.0,0.03,10.0,0.01,0.01,2336.150896,1776229480000
1776229482.446,282.446,0.98,80.0,0.97,15.0,0.99,173.87,,,0.01,173.87,,,0.02,80.0,0.03,15.0,0.01,0.01,2335.733529,1776229481000
1776229482.921,282.921,0.96,64.79,0.95,15.0,0.99,173.87,,,0.01,173.87,,,0.02,80.0,0.03,15.0,0.03,0.01,2335.733529,1776229481000
1776229483.407,283.407,0.96,64.79,0.95,15.0,0.99,173.87,,,0.01,173.87,,,0.04,64.79,0.05,15.0,0.03,0.03,2335.371709,1776229482000
1776229483.883,283.883,0.97,25.0,0.96,79.79,0.99,109.33,,,0.01,118.07,,,0.03,15.0,0.04,89.79,0.02,0.02,2335.371709,1776229482000
1776229484.093,284.093,0.97,20.0,0.96,69.79,0.99,89.33,,,0.01,109.33,,,0.03,25.0,0.04,79.79,0.02,0.02,2335.371709,1776229482000
1776229484.326,284.326,0.97,20.0,0.96,69.79,0.99,74.33,,,0.01,89.33,,,0.03,20.0,0.04,69.79,0.02,0.02,2335.371709,1776229482000
1776229484.967,284.967,0.97,20.0,0.96,69.79,0.99,73.31,,,0.01,73.31,,,0.03,20.0,0.04,69.79,0.02,0.02,2335.693835,1776229484000
1776229485.245,285.245,0.97,18.94,0.96,69.79,0.99,78.31,,,0.01,73.31,,,0.03,20.0,0.04,69.79,0.02,0.02,2335.693835,1776229484000
1776229485.557,285.557,0.97,23.94,0.96,64.79,0.99,68.31,,,0.01,78.31,,,0.03,18.94,0.04,69.79,0.02,0.02,2335.693835,1776229484000
1776229486.117,286.117,0.97,23.94,0.96,64.79,0.99,68.31,,,0.01,68.31,,,0.03,23.94,0.04,64.79,0.02,0.02,2335.638041,1776229485000
1776229486.53,286.53,0.97,23.94,0.96,64.79,0.99,57.29,,,0.01,58.31,,,0.03,23.94,0.04,64.79,0.02,0.02,2335.638041,1776229485000
1776229487.317,287.317,0.97,23.94,0.96,64.79,0.99,31.75,,,0.01,31.75,,,0.03,23.94,0.04,64.79,0.02,0.02,2335.68289,1776229486000
1776229488.11,288.11,0.97,23.94,0.96,64.79,0.99,31.75,,,0.01,31.75,,,0.03,23.94,0.04,64.79,0.02,0.02,2335.770257,1776229487000
1776229488.87,288.87,0.97,15.0,0.96,64.79,0.99,22.96,,,0.01,23.98,,,0.03,28.94,0.04,84.79,0.02,0.02,2335.770257,1776229487000
1776229489.105,289.105,0.96,51.04,0.95,38.0,0.99,27.96,,,0.01,22.96,,,0.03,15.0,0.04,64.79,0.03,0.02,2335.770257,1776229487000
1776229489.4,289.4,0.97,5.0,0.96,51.04,0.98,19.89,0.99,12.96,0.01,27.96,,,0.04,51.04,0.05,38.0,0.01,0.03,2335.69836,1776229488000
1776229489.981,289.981,0.97,10.0,0.96,56.04,0.98,18.86,0.99,12.96,0.02,19.89,0.01,12.96,0.03,5.0,0.04,51.04,0.01,0.01,2335.69836,1776229488000
1776229490.407,290.407,0.97,15.0,0.96,56.04,0.98,15.77,0.99,12.96,0.02,15.77,0.01,12.96,0.03,15.0,0.04,56.04,0.01,0.01,2335.65151,1776229489000
1776229490.636,290.636,0.97,15.0,0.96,56.04,0.98,10.66,0.99,12.96,0.02,15.77,0.01,12.96,0.03,15.0,0.04,56.04,0.01,0.01,2335.65151,1776229489000
1776229490.979,290.979,0.97,15.0,0.96,64.04,0.98,9.63,0.99,12.96,0.02,10.66,0.01,12.96,0.03,15.0,0.04,56.04,0.01,0.01,2335.65151,1776229489000
1776229491.187,291.187,0.98,12.47,0.97,10.0,0.99,22.96,,,0.02,9.63,0.01,12.96,0.03,15.0,0.04,64.04,0.01,0.01,2335.64155,1776229490000
1776229492.175,292.175,0.98,12.47,0.97,10.0,0.99,22.96,,,0.01,22.96,,,0.02,12.47,0.03,10.0,0.01,0.01,2335.3122,1776229491000
1776229493.142,293.142,0.99,489.04,0.98,22.47,,,,,0.01,22.96,,,0.02,12.47,0.03,10.0,,0.01,2335.3122,1776229491000
1776229494.002,294.002,0.99,489.04,0.98,22.47,,,,,,,,,0.01,489.04,0.02,22.47,,,2335.293528,1776229493000
1776229495.191,295.191,0.99,489.04,0.98,22.47,,,,,,,,,0.01,489.04,0.02,22.47,,,2335.290995,1776229494000
1776229496.428,296.428,0.99,489.04,0.98,22.47,,,,,,,,,0.01,489.04,0.02,22.47,,,2335.306965,1776229495000
1776229497.623,297.623,0.99,489.04,0.98,22.47,,,,,,,,,0.01,489.04,0.02,22.47,,,2335.32805,1776229496000
1776229498.124,298.124,0.99,489.04,0.98,22.47,,,,,,,,,0.01,489.04,0.02,22.47,,,2335.376935,1776229497000
1776229498.795,298.795,0.991,400.0,0.99,5803.85,0.999,229.9,,,,,,,0.01,489.04,0.02,22.47,0.008,,2335.376935,1776229497000
1776229499.09,299.09,0.999,371.31,0.991,424.0,,,,,0.001,148.69,,,0.009,424.0,0.01,11037.85,,0.008,2335.376935,1776229497000
1776229499.856,299.856,0.999,371.31,0.991,424.0,,,,,,,,,0.001,371.31,0.009,424.0,,,2335.385995,1776229498000
1776229500.211,300.211,0.999,371.31,0.991,424.0,,,,,,,,,0.001,371.31,0.009,424.0,,,2335.447065,1776229499000
1776229500.665,300.665,0.999,22444.14,0.991,434.0,,,,,,,,,0.001,371.31,0.009,424.0,,,2335.447065,1776229499000

# RESULT,winner=Up,slug=eth-updown-5m-1776229200,ticks=525
