timestamp,elapsed_sec,up_bid_p1,up_bid_s1,up_bid_p2,up_bid_s2,up_ask_p1,up_ask_s1,up_ask_p2,up_ask_s2,down_bid_p1,down_bid_s1,down_bid_p2,down_bid_s2,down_ask_p1,down_ask_s1,down_ask_p2,down_ask_s2,up_spread,down_spread,eth_price,eth_oracle_ts
1776233111.213,11.213,,,,,,,,,,,,,,,,,,,2317.008525,1776233110000
1776233111.66,11.66,0.56,66.7,0.55,43.0,0.57,12.89,0.58,85.5,0.43,16.4,0.42,85.5,0.44,101.7,0.45,43.0,0.01,0.01,2317.008525,1776233110000
1776233112.188,12.188,0.56,66.7,0.55,43.0,0.57,12.89,0.58,85.5,0.43,12.89,0.42,85.5,0.44,66.7,0.45,43.0,0.01,0.01,2316.9753,1776233111000
1776233112.673,12.673,0.56,54.95,0.55,53.0,0.57,12.89,0.58,85.5,0.43,12.89,0.42,85.5,0.44,66.7,0.45,43.0,0.01,0.01,2316.9753,1776233111000
1776233113.18,13.18,0.56,54.95,0.55,53.0,0.57,12.89,0.58,85.5,0.43,12.89,0.42,85.5,0.44,54.95,0.45,53.0,0.01,0.01,2316.966384,1776233112000
1776233114.133,14.133,0.56,54.95,0.55,53.0,0.57,12.89,0.58,85.5,0.43,12.89,0.42,85.5,0.44,54.95,0.45,53.0,0.01,0.01,2316.961317,1776233113000
1776233114.942,14.942,0.56,32.7,0.55,53.0,0.57,15.0,0.58,5.0,0.43,12.89,0.42,85.5,0.44,54.95,0.45,53.0,0.01,0.01,2316.961317,1776233113000
1776233115.182,15.182,0.56,32.7,0.55,53.0,0.57,15.0,0.58,5.0,0.43,15.0,0.42,5.0,0.44,32.7,0.45,53.0,0.01,0.01,2316.956355,1776233114000
1776233115.776,15.776,0.58,25.0,0.57,90.0,0.62,66.8,0.63,78.0,0.41,5.0,0.4,14.0,0.42,20.0,0.43,15.0,0.04,0.01,2316.956355,1776233114000
1776233116.127,16.127,0.58,25.0,0.57,90.0,0.62,42.77,0.63,78.0,0.38,42.77,0.37,78.0,0.42,25.0,0.43,90.0,0.04,0.04,2316.94473,1776233115000
1776233117.067,17.067,0.61,45.5,0.6,30.5,0.62,41.33,0.63,100.5,0.38,42.77,0.37,78.0,0.42,25.0,0.43,90.0,0.01,0.04,2316.94473,1776233115000
1776233117.353,17.353,0.61,43.95,0.6,30.5,0.62,46.33,0.63,100.5,0.38,41.33,0.37,100.5,0.39,45.5,0.4,30.5,0.01,0.01,2317.01892,1776233116000
1776233118.116,18.116,0.61,48.95,0.6,30.5,0.62,17.26,0.63,100.5,0.38,30.33,0.37,100.5,0.39,43.95,0.4,30.5,0.01,0.01,2317.01892,1776233116000
1776233119.175,19.175,0.61,41.95,0.6,35.5,0.62,17.26,0.63,100.5,0.38,17.26,0.37,100.5,0.39,48.95,0.4,30.5,0.01,0.01,2317.225173,1776233117000
1776233119.886,19.886,0.61,37.3,0.6,35.5,0.62,22.26,0.63,100.5,0.38,17.26,0.37,100.5,0.39,41.95,0.4,35.5,0.01,0.01,2317.25142,1776233118000
1776233120.22,20.22,0.61,37.3,0.6,35.5,0.62,22.26,0.63,100.5,0.38,22.26,0.37,100.5,0.39,37.3,0.4,35.5,0.01,0.01,2317.26204,1776233119000
1776233121.118,21.118,0.61,37.3,0.6,35.5,0.62,22.26,0.63,100.5,0.38,22.26,0.37,100.5,0.39,37.3,0.4,35.5,0.01,0.01,2317.26101,1776233120000
1776233121.635,21.635,0.61,29.3,0.6,35.5,0.62,22.26,0.63,100.5,0.38,22.26,0.37,100.5,0.39,37.3,0.4,35.5,0.01,0.01,2317.26101,1776233120000
1776233122.064,22.064,0.61,29.3,0.6,35.5,0.62,22.26,0.63,100.5,0.38,22.26,0.37,100.5,0.39,29.3,0.4,35.5,0.01,0.01,2317.26126,1776233121000
1776233123.142,23.142,0.61,29.3,0.6,35.5,0.62,22.26,0.63,100.5,0.38,22.26,0.37,100.5,0.39,29.3,0.4,35.5,0.01,0.01,2317.26327,1776233122000
1776233124.192,24.192,0.61,29.3,0.6,35.5,0.62,22.26,0.63,100.5,0.38,22.26,0.37,100.5,0.39,29.3,0.4,35.5,0.01,0.01,2317.25881,1776233123000
1776233125.324,25.324,0.61,29.3,0.6,35.5,0.62,22.26,0.63,100.5,0.38,22.26,0.37,100.5,0.39,29.3,0.4,35.5,0.01,0.01,2317.255525,1776233124000
1776233126.08,26.08,0.65,50.5,0.64,27.27,0.66,16.78,0.67,70.0,0.34,18.3,0.33,70.0,0.36,7.27,0.37,91.5,0.01,0.02,2317.255525,1776233124000
1776233126.393,26.393,0.65,50.5,0.64,27.27,0.66,16.78,0.67,70.0,0.34,16.78,0.33,70.0,0.35,50.5,0.36,27.27,0.01,0.01,2317.27833,1776233125000
1776233127.013,27.013,0.65,50.5,0.64,27.27,0.66,16.78,0.67,70.0,0.34,16.78,0.33,70.0,0.35,50.5,0.36,27.27,0.01,0.01,2317.293089,1776233126000
1776233127.46,27.46,0.65,75.5,0.64,22.27,0.69,0.5,0.71,18.0,0.34,16.78,0.33,70.0,0.35,50.5,0.36,27.27,0.04,0.01,2317.293089,1776233126000
1776233127.855,27.855,0.66,20.5,0.65,70.5,0.69,3.4,0.71,28.5,0.31,0.5,0.29,18.0,0.35,75.5,0.36,22.27,0.03,0.04,2317.293089,1776233126000
1776233128.951,28.951,0.66,20.5,0.65,70.5,0.69,3.4,0.71,28.5,0.31,3.4,0.29,28.5,0.34,20.5,0.35,70.5,0.03,0.03,2317.56127,1776233128000
1776233129.313,29.313,0.7,41.66,0.69,25.5,0.71,20.5,0.72,78.0,0.31,3.4,0.29,28.5,0.34,20.5,0.35,70.5,0.01,0.03,2317.56127,1776233128000
1776233130.231,30.231,0.71,15.0,0.7,41.66,0.72,20.0,0.73,80.0,0.29,20.5,0.28,78.0,0.3,41.66,0.31,25.5,0.01,0.01,2317.56127,1776233128000
1776233130.502,30.502,0.72,20.0,0.71,25.0,0.73,68.63,0.74,89.0,0.27,78.63,0.26,89.0,0.28,10.0,0.29,15.0,0.01,0.01,2317.56127,1776233128000
1776233130.859,30.859,0.72,20.0,0.71,25.0,0.73,60.07,0.74,89.0,0.27,68.63,0.26,89.0,0.28,20.0,0.29,25.0,0.01,0.01,2317.805555,1776233129000
1776233131.103,31.103,0.72,7.64,0.71,60.5,0.73,60.2,0.74,94.5,0.27,60.2,0.26,99.5,0.28,17.64,0.29,60.5,0.01,0.01,2317.805555,1776233129000
1776233131.346,31.346,0.72,7.64,0.71,60.5,0.73,60.2,0.74,94.5,0.27,60.2,0.26,94.5,0.28,7.64,0.29,60.5,0.01,0.01,2317.83151,1776233130000
1776233132.323,32.323,0.72,126.06,0.71,45.5,0.73,60.2,0.74,94.5,0.27,60.2,0.26,94.5,0.28,7.64,0.29,60.5,0.01,0.01,2317.83151,1776233130000
1776233132.557,32.557,0.72,126.06,0.71,45.5,0.73,60.2,0.74,94.5,0.27,60.2,0.26,94.5,0.28,126.06,0.29,45.5,0.01,0.01,2317.92707,1776233131000
1776233133.082,33.082,0.72,126.06,0.71,45.5,0.73,60.2,0.74,94.5,0.27,60.2,0.26,94.5,0.28,126.06,0.29,45.5,0.01,0.01,2318.015805,1776233132000
1776233133.573,33.573,0.75,10.0,0.74,20.0,0.77,80.0,0.78,70.0,0.25,58.0,0.24,80.5,0.27,63.5,0.28,69.06,0.02,0.02,2318.015805,1776233132000
1776233133.887,33.887,0.76,5.0,0.75,10.0,0.77,68.7,0.78,75.0,0.23,70.0,0.22,70.0,0.24,5.0,0.25,10.0,0.01,0.01,2318.015805,1776233132000
1776233134.179,34.179,0.76,5.0,0.75,10.0,0.77,68.7,0.78,75.0,0.23,68.7,0.22,75.0,0.24,5.0,0.25,10.0,0.01,0.01,2318.05126,1776233133000
1776233134.776,34.776,0.76,10.0,0.75,10.0,0.77,67.4,0.78,75.0,0.23,67.4,0.22,75.0,0.24,15.0,0.25,10.0,0.01,0.01,2318.05126,1776233133000
1776233135.285,35.285,0.76,10.0,0.75,10.0,0.77,67.4,0.78,75.0,0.23,67.4,0.22,75.0,0.24,10.0,0.25,10.0,0.01,0.01,2318.23951,1776233134000
1776233136.376,36.376,0.76,10.0,0.75,10.0,0.77,67.4,0.78,75.0,0.23,67.4,0.22,75.0,0.24,10.0,0.25,10.0,0.01,0.01,2318.29828,1776233135000
1776233136.895,36.895,0.76,25.5,0.75,20.5,0.77,69.9,0.78,70.0,0.23,67.4,0.22,75.0,0.24,10.0,0.25,10.0,0.01,0.01,2318.29828,1776233135000
1776233137.432,37.432,0.76,20.5,0.75,25.5,0.77,62.38,0.78,70.0,0.23,67.38,0.22,70.0,0.24,25.5,0.25,20.5,0.01,0.01,2318.282335,1776233136000
1776233137.852,37.852,0.76,68.73,0.75,35.5,0.77,60.38,0.78,70.0,0.23,62.38,0.22,70.0,0.24,20.5,0.25,25.5,0.01,0.01,2318.282335,1776233136000
1776233138.149,38.149,0.76,125.73,0.75,40.5,0.77,59.08,0.78,70.0,0.23,60.38,0.22,70.0,0.24,68.73,0.25,35.5,0.01,0.01,2318.31459,1776233137000
1776233138.389,38.389,0.76,72.5,0.75,40.5,0.77,73.08,0.78,70.0,0.23,59.08,0.22,70.0,0.24,125.73,0.25,40.5,0.01,0.01,2318.31459,1776233137000
1776233139.224,39.224,0.76,72.5,0.75,40.5,0.77,73.08,0.78,70.0,0.23,73.08,0.22,70.0,0.24,72.5,0.25,40.5,0.01,0.01,2318.32242,1776233138000
1776233140.068,40.068,0.76,72.5,0.75,40.5,0.77,73.08,0.78,70.0,0.23,73.08,0.22,70.0,0.24,72.5,0.25,40.5,0.01,0.01,2318.297139,1776233139000
1776233141.258,41.258,0.76,136.21,0.75,40.5,0.77,68.08,0.78,70.0,0.23,68.08,0.22,70.0,0.24,136.21,0.25,40.5,0.01,0.01,2318.350812,1776233140000
1776233142.237,42.237,0.76,136.21,0.75,40.5,0.77,68.08,0.78,70.0,0.23,68.08,0.22,70.0,0.24,136.21,0.25,40.5,0.01,0.01,2318.334695,1776233141000
1776233142.471,42.471,0.76,22.42,0.75,25.0,0.77,84.86,0.78,107.5,0.23,68.08,0.22,70.0,0.24,136.21,0.25,40.5,0.01,0.01,2318.334695,1776233141000
1776233143.16,43.16,0.76,13.42,0.75,30.0,0.77,105.36,0.78,107.5,0.23,84.86,0.22,107.5,0.24,22.42,0.25,25.0,0.01,0.01,2318.334695,1776233141000
1776233143.362,43.362,0.75,25.0,0.74,20.5,0.77,105.36,0.78,107.5,0.23,105.36,0.22,107.5,0.25,25.0,0.26,20.5,0.02,0.02,2318.29741,1776233142000
1776233144.022,44.022,0.76,33.74,0.75,25.0,0.77,110.36,0.78,112.5,0.23,95.36,0.22,112.5,0.24,8.0,0.25,30.0,0.01,0.01,2318.29741,1776233142000
1776233144.244,44.244,0.76,33.74,0.75,25.0,0.77,110.36,0.78,112.5,0.23,110.36,0.22,112.5,0.24,33.74,0.25,25.0,0.01,0.01,2318.26065,1776233143000
1776233144.95,44.95,0.76,20.74,0.75,35.5,0.77,114.53,0.78,107.5,0.23,105.36,0.22,112.5,0.24,20.74,0.25,35.5,0.01,0.01,2318.26065,1776233143000
1776233145.206,45.206,0.76,16.57,0.75,35.5,0.77,118.1,0.78,107.5,0.23,118.1,0.22,107.5,0.24,16.57,0.25,35.5,0.01,0.01,2318.282353,1776233144000
1776233145.486,45.486,0.76,6.15,0.75,35.5,0.77,96.2,0.78,107.5,0.23,127.17,0.22,107.5,0.24,6.15,0.25,35.5,0.01,0.01,2318.282353,1776233144000
1776233145.936,45.936,0.76,11.15,0.75,35.5,0.77,262.53,0.78,107.5,0.23,99.78,0.22,107.5,0.24,77.98,0.25,35.5,0.01,0.01,2318.282353,1776233144000
1776233146.142,46.142,0.76,16.15,0.75,35.5,0.77,602.81,0.78,107.5,0.23,262.53,0.22,107.5,0.24,11.15,0.25,35.5,0.01,0.01,2318.282353,1776233144000
1776233146.87,46.87,0.76,62.32,0.75,41.5,0.77,153.39,0.78,102.5,0.23,650.71,0.22,107.5,0.24,16.15,0.25,35.5,0.01,0.01,2318.274096,1776233145000
1776233147.192,47.192,0.76,62.32,0.75,41.5,0.77,155.93,0.78,102.5,0.23,155.93,0.22,102.5,0.24,62.32,0.25,41.5,0.01,0.01,2318.291596,1776233146000
1776233148.198,48.198,0.76,51.9,0.75,41.5,0.77,150.93,0.78,102.5,0.23,150.93,0.22,102.5,0.24,51.9,0.25,41.5,0.01,0.01,2318.29174,1776233147000
1776233148.906,48.906,0.76,76.91,0.75,41.5,0.77,70.49,0.78,102.5,0.23,150.93,0.22,102.5,0.24,51.9,0.25,41.5,0.01,0.01,2318.29174,1776233147000
1776233149.233,49.233,0.76,76.91,0.75,41.5,0.77,70.49,0.78,102.5,0.23,70.49,0.22,102.5,0.24,76.91,0.25,41.5,0.01,0.01,2318.279242,1776233148000
1776233150.259,50.259,0.76,76.91,0.75,41.5,0.77,70.49,0.78,102.5,0.23,70.49,0.22,102.5,0.24,76.91,0.25,41.5,0.01,0.01,2318.305131,1776233149000
1776233151.161,51.161,0.76,81.91,0.75,46.5,0.77,81.81,0.78,102.5,0.23,81.81,0.22,102.5,0.24,81.91,0.25,46.5,0.01,0.01,2318.31505,1776233150000
1776233152.15,52.15,0.76,81.91,0.75,46.5,0.77,89.69,0.78,102.5,0.23,81.81,0.22,102.5,0.24,81.91,0.25,46.5,0.01,0.01,2318.31505,1776233150000
1776233153.213,53.213,0.76,76.91,0.75,46.5,0.77,102.53,0.78,102.5,0.23,102.53,0.22,102.5,0.24,76.91,0.25,46.5,0.01,0.01,2318.291766,1776233152000
1776233154.152,54.152,0.76,76.91,0.75,46.5,0.77,102.53,0.78,102.5,0.23,102.53,0.22,102.5,0.24,76.91,0.25,46.5,0.01,0.01,2318.290943,1776233153000
1776233154.417,54.417,0.76,82.41,0.75,46.5,0.77,96.1,0.78,102.5,0.23,102.53,0.22,102.5,0.24,76.91,0.25,46.5,0.01,0.01,2318.290943,1776233153000
1776233155.098,55.098,0.76,82.41,0.75,46.5,0.77,96.1,0.78,102.5,0.23,96.1,0.22,102.5,0.24,82.41,0.25,46.5,0.01,0.01,2318.295939,1776233154000
1776233155.864,55.864,0.76,45.51,0.75,71.68,0.77,73.44,0.78,102.5,0.23,77.15,0.22,102.5,0.24,50.51,0.25,71.68,0.01,0.01,2318.295939,1776233154000
1776233157.251,57.251,0.76,45.51,0.75,71.68,0.77,73.44,0.78,102.5,0.23,73.44,0.22,102.5,0.24,45.51,0.25,71.68,0.01,0.01,2318.298012,1776233156000
1776233157.664,57.664,0.76,37.17,0.75,65.68,0.77,94.44,0.78,102.5,0.23,73.44,0.22,102.5,0.24,45.51,0.25,71.68,0.01,0.01,2318.298012,1776233156000
1776233159.045,59.045,0.76,25.46,0.75,40.5,0.77,104.94,0.78,102.5,0.23,94.44,0.22,102.5,0.24,37.17,0.25,65.68,0.01,0.01,2318.298012,1776233156000
1776233159.396,59.396,0.76,25.46,0.75,40.5,0.77,104.94,0.78,102.5,0.23,104.94,0.22,102.5,0.24,25.46,0.25,40.5,0.01,0.01,2318.304902,1776233158000
1776233160.003,60.003,0.76,25.46,0.75,40.5,0.77,104.94,0.78,102.5,0.23,104.94,0.22,102.5,0.24,25.46,0.25,40.5,0.01,0.01,2318.304596,1776233159000
1776233160.367,60.367,0.76,55.96,0.75,35.5,0.77,42.47,0.78,102.5,0.23,104.94,0.22,102.5,0.24,25.46,0.25,40.5,0.01,0.01,2318.304596,1776233159000
1776233160.584,60.584,0.76,60.96,0.75,35.5,0.77,31.14,0.78,102.5,0.23,36.47,0.22,102.5,0.24,55.96,0.25,35.5,0.01,0.01,2318.304596,1776233159000
1776233161.825,61.825,0.76,65.96,0.75,35.5,0.77,20.14,0.78,102.5,0.23,20.14,0.22,102.5,0.24,65.96,0.25,35.5,0.01,0.01,2318.33177,1776233160000
1776233162.466,62.466,0.76,196.13,0.75,35.5,0.77,11.14,0.78,102.5,0.23,20.14,0.22,102.5,0.24,65.96,0.25,35.5,0.01,0.01,2318.33177,1776233160000
1776233162.979,62.979,0.76,94.95,0.75,25.0,0.77,123.48,0.78,102.5,0.23,11.14,0.22,102.5,0.24,196.13,0.25,35.5,0.01,0.01,2318.296397,1776233161000
1776233163.268,63.268,0.75,25.0,0.74,15.0,0.77,118.48,0.78,102.5,0.23,118.48,0.22,102.5,0.25,25.0,0.26,15.0,0.02,0.02,2318.313384,1776233162000
1776233163.524,63.524,0.75,30.0,0.74,15.0,0.76,94.57,0.77,69.5,0.24,112.67,0.23,69.5,0.25,30.0,0.26,15.0,0.01,0.01,2318.313384,1776233162000
1776233164.026,64.026,0.75,22.0,0.74,83.13,0.76,93.25,0.77,69.5,0.24,93.25,0.23,69.5,0.25,22.0,0.26,83.13,0.01,0.01,2318.315229,1776233163000
1776233164.3,64.3,0.75,67.0,0.74,88.13,0.76,68.72,0.77,64.5,0.24,93.25,0.23,69.5,0.25,22.0,0.26,83.13,0.01,0.01,2318.315229,1776233163000
1776233164.763,64.763,0.75,168.0,0.74,88.13,0.76,60.72,0.77,64.5,0.24,68.72,0.23,64.5,0.25,67.0,0.26,88.13,0.01,0.01,2318.315229,1776233163000
1776233165.434,65.434,0.75,168.0,0.74,88.13,0.76,60.72,0.77,64.5,0.24,60.72,0.23,64.5,0.25,168.0,0.26,88.13,0.01,0.01,2318.161172,1776233164000
1776233166.106,66.106,0.75,174.0,0.74,88.13,0.76,56.82,0.77,64.5,0.24,60.72,0.23,64.5,0.25,168.0,0.26,88.13,0.01,0.01,2318.161172,1776233164000
1776233166.52,66.52,0.75,143.64,0.73,5.0,0.76,90.03,0.77,79.5,0.24,56.82,0.23,64.5,0.25,174.0,0.26,88.13,0.01,0.01,2318.141412,1776233165000
1776233166.813,66.813,0.75,40.64,0.74,10.0,0.76,156.02,0.77,86.5,0.24,89.53,0.23,79.5,0.25,53.64,0.27,5.0,0.01,0.01,2318.141412,1776233165000
1776233167.158,67.158,0.75,29.64,0.74,10.0,0.76,190.03,0.77,86.5,0.24,151.02,0.23,86.5,0.25,28.64,0.26,10.0,0.01,0.01,2318.141412,1776233165000
1776233167.372,67.372,0.75,21.64,0.74,10.0,0.76,190.03,0.77,86.5,0.24,190.03,0.23,86.5,0.25,25.64,0.26,10.0,0.01,0.01,2318.141412,1776233165000
1776233167.587,67.587,0.75,12.64,0.74,10.0,0.76,245.03,0.77,86.5,0.24,245.03,0.23,86.5,0.25,12.64,0.26,10.0,0.01,0.01,2318.103315,1776233166000
1776233168.205,68.205,0.75,0.64,0.73,10.0,0.76,262.03,0.77,86.5,0.24,262.03,0.23,86.5,0.25,0.64,0.27,10.0,0.01,0.01,2317.903599,1776233167000
1776233169.214,69.214,0.68,10.0,0.65,15.0,0.7,59.36,0.76,432.03,0.24,262.03,0.23,86.5,0.25,0.64,0.27,10.0,0.02,0.01,2317.903599,1776233167000
1776233169.697,69.697,0.68,14.84,0.67,5.0,0.69,187.71,0.7,214.36,0.3,59.36,0.24,432.03,0.32,10.0,0.35,15.0,0.01,0.02,2317.903599,1776233167000
1776233170.302,70.302,0.68,14.84,0.67,5.0,0.69,187.71,0.7,214.36,0.31,187.71,0.3,214.36,0.32,14.84,0.33,5.0,0.01,0.01,2317.750355,1776233169000
1776233170.503,70.503,0.68,14.84,0.67,5.0,0.69,166.04,0.7,207.36,0.31,187.71,0.3,214.36,0.32,14.84,0.33,5.0,0.01,0.01,2317.750355,1776233169000
1776233170.844,70.844,0.68,1.0,0.67,5.0,0.69,161.04,0.7,207.36,0.31,166.04,0.3,207.36,0.32,14.84,0.33,5.0,0.01,0.01,2317.750355,1776233169000
1776233171.703,71.703,0.67,5.0,0.66,10.0,0.69,161.04,0.7,207.36,0.31,161.04,0.3,207.36,0.33,5.0,0.34,10.0,0.02,0.02,2317.524846,1776233170000
1776233172.382,72.382,0.67,40.5,0.66,30.5,0.68,24.5,0.69,125.04,0.32,24.5,0.31,125.04,0.33,40.5,0.34,30.5,0.01,0.01,2317.449316,1776233171000
1776233172.852,72.852,0.67,45.5,0.66,30.5,0.68,10.5,0.69,109.83,0.32,24.5,0.31,125.04,0.33,40.5,0.34,30.5,0.01,0.01,2317.449316,1776233171000
1776233173.055,73.055,0.67,45.5,0.66,30.5,0.68,10.5,0.69,109.83,0.32,10.5,0.31,109.83,0.33,45.5,0.34,30.5,0.01,0.01,2317.376935,1776233172000
1776233173.54,73.54,0.67,14.0,0.66,30.5,0.68,31.0,0.69,111.83,0.32,10.5,0.31,109.83,0.33,45.5,0.34,30.5,0.01,0.01,2317.376935,1776233172000
1776233173.972,73.972,0.65,5.0,0.64,15.0,0.68,46.0,0.69,143.63,0.32,31.0,0.31,111.83,0.33,14.0,0.34,30.5,0.03,0.01,2317.376935,1776233172000
1776233174.411,74.411,0.64,15.0,0.63,20.0,0.65,6.0,0.68,46.0,0.35,6.0,0.32,46.0,0.36,15.0,0.37,20.0,0.01,0.01,2317.364169,1776233173000
1776233175.131,75.131,0.64,15.0,0.63,20.0,0.65,6.0,0.68,46.0,0.35,6.0,0.32,46.0,0.36,15.0,0.37,20.0,0.01,0.01,2317.363632,1776233174000
1776233175.461,75.461,0.64,5.0,0.63,30.5,0.65,87.7,0.66,15.0,0.35,6.0,0.32,46.0,0.36,15.0,0.37,20.0,0.01,0.01,2317.363632,1776233174000
1776233176.147,76.147,0.64,5.0,0.63,30.5,0.65,87.7,0.66,15.0,0.35,87.7,0.34,15.0,0.36,5.0,0.37,30.5,0.01,0.01,2317.32735,1776233175000
1776233177.128,77.128,0.64,25.5,0.63,30.5,0.65,65.5,0.66,25.5,0.35,65.5,0.34,25.5,0.36,25.5,0.37,30.5,0.01,0.01,2317.30644,1776233176000
1776233177.791,77.791,0.64,29.05,0.63,30.5,0.65,91.0,0.66,25.5,0.35,65.5,0.34,25.5,0.36,25.5,0.37,30.5,0.01,0.01,2317.30644,1776233176000
1776233178.184,78.184,0.64,29.05,0.63,30.5,0.65,91.0,0.66,25.5,0.35,91.0,0.34,25.5,0.36,29.05,0.37,30.5,0.01,0.01,2317.356279,1776233177000
1776233179.144,79.144,0.64,29.05,0.63,30.5,0.65,91.0,0.66,25.5,0.35,91.0,0.34,25.5,0.36,29.05,0.37,30.5,0.01,0.01,2317.26212,1776233178000
1776233180.152,80.152,0.64,29.05,0.63,30.5,0.65,91.0,0.66,25.5,0.35,91.0,0.34,25.5,0.36,29.05,0.37,30.5,0.01,0.01,2317.336589,1776233179000
1776233181.148,81.148,0.64,29.05,0.63,30.5,0.65,91.0,0.66,25.5,0.35,91.0,0.34,25.5,0.36,29.05,0.37,30.5,0.01,0.01,2317.263989,1776233180000
1776233181.512,81.512,0.64,5.37,0.63,30.5,0.65,80.5,0.66,25.5,0.35,91.0,0.34,25.5,0.36,29.05,0.37,30.5,0.01,0.01,2317.263989,1776233180000
1776233182.099,82.099,0.64,5.37,0.63,30.5,0.65,80.5,0.66,25.5,0.35,80.5,0.34,25.5,0.36,5.37,0.37,30.5,0.01,0.01,2317.262767,1776233181000
1776233182.996,82.996,0.64,5.37,0.63,30.5,0.65,80.5,0.66,25.5,0.35,80.5,0.34,25.5,0.36,5.37,0.37,30.5,0.01,0.01,2317.266937,1776233182000
1776233184.065,84.065,0.64,5.37,0.63,30.5,0.65,80.5,0.66,25.5,0.35,80.5,0.34,25.5,0.36,5.37,0.37,30.5,0.01,0.01,2317.262767,1776233183000
1776233184.271,84.271,0.65,22.43,0.64,74.49,0.68,56.5,0.69,78.83,0.35,80.5,0.34,25.5,0.36,5.37,0.37,30.5,0.03,0.01,2317.262767,1776233183000
1776233184.702,84.702,0.65,31.41,0.64,30.5,0.66,56.0,0.67,20.5,0.32,56.5,0.31,78.83,0.35,22.43,0.36,74.49,0.01,0.03,2317.262767,1776233183000
1776233185.123,85.123,0.65,31.41,0.64,30.5,0.66,56.0,0.67,20.5,0.34,56.0,0.33,20.5,0.35,31.41,0.36,30.5,0.01,0.01,2317.271295,1776233184000
1776233186.043,86.043,0.65,31.41,0.64,30.5,0.66,56.0,0.67,20.5,0.34,56.0,0.33,20.5,0.35,31.41,0.36,30.5,0.01,0.01,2317.38697,1776233185000
1776233187.055,87.055,0.65,31.41,0.64,30.5,0.66,56.0,0.67,20.5,0.34,56.0,0.33,20.5,0.35,31.41,0.36,30.5,0.01,0.01,2317.38166,1776233186000
1776233188.015,88.015,0.65,31.41,0.64,30.5,0.66,56.0,0.67,20.5,0.34,56.0,0.33,20.5,0.35,31.41,0.36,30.5,0.01,0.01,2317.380001,1776233187000
1776233189.14,89.14,0.65,31.41,0.64,30.5,0.66,56.0,0.67,20.5,0.34,56.0,0.33,20.5,0.35,31.41,0.36,30.5,0.01,0.01,2317.379985,1776233188000
1776233190.249,90.249,0.65,31.41,0.64,30.5,0.66,56.0,0.67,20.5,0.34,56.0,0.33,20.5,0.35,31.41,0.36,30.5,0.01,0.01,2317.378595,1776233189000
1776233191.037,91.037,0.65,31.41,0.64,30.5,0.66,56.0,0.67,20.5,0.34,56.0,0.33,20.5,0.35,31.41,0.36,30.5,0.01,0.01,2317.381538,1776233190000
1776233191.389,91.389,0.65,14.91,0.64,74.49,0.66,84.98,0.67,35.5,0.34,56.0,0.33,20.5,0.35,31.41,0.36,30.5,0.01,0.01,2317.381538,1776233190000
1776233191.686,91.686,0.64,58.99,0.63,40.61,0.65,96.5,0.66,73.98,0.34,84.98,0.33,35.5,0.35,14.91,0.36,74.49,0.01,0.01,2317.381538,1776233190000
1776233192.197,92.197,0.64,58.99,0.63,40.61,0.65,96.5,0.66,73.98,0.35,96.5,0.34,73.98,0.36,58.99,0.37,40.61,0.01,0.01,2317.379863,1776233191000
1776233193.591,93.591,0.64,58.99,0.63,40.61,0.65,96.5,0.66,73.98,0.35,96.5,0.34,73.98,0.36,58.99,0.37,40.61,0.01,0.01,2317.335771,1776233192000
1776233194.041,94.041,0.64,58.99,0.63,40.61,0.65,96.5,0.66,73.98,0.35,96.5,0.34,73.98,0.36,58.99,0.37,40.61,0.01,0.01,2317.335771,1776233193000
1776233195.165,95.165,0.64,58.99,0.63,40.61,0.65,96.5,0.66,73.98,0.35,96.5,0.34,73.98,0.36,58.99,0.37,40.61,0.01,0.01,2317.282609,1776233194000
1776233196.199,96.199,0.64,17.22,0.63,86.49,0.65,101.5,0.66,63.98,0.35,96.5,0.34,73.98,0.36,58.99,0.37,40.61,0.01,0.01,2317.282609,1776233194000
1776233197.393,97.393,0.64,17.22,0.63,86.49,0.65,101.5,0.66,63.98,0.35,101.5,0.34,63.98,0.36,17.22,0.37,86.49,0.01,0.01,2317.27961,1776233196000
1776233197.921,97.921,0.64,17.22,0.63,86.49,0.65,101.5,0.66,63.98,0.35,101.5,0.34,63.98,0.36,17.22,0.37,86.49,0.01,0.01,2317.277458,1776233197000
1776233199.127,99.127,0.64,17.22,0.63,86.49,0.65,101.5,0.66,63.98,0.35,101.5,0.34,63.98,0.36,17.22,0.37,86.49,0.01,0.01,2317.273524,1776233198000
1776233200.493,100.493,0.64,17.22,0.63,86.49,0.65,101.5,0.66,63.98,0.35,101.5,0.34,63.98,0.36,17.22,0.37,86.49,0.01,0.01,2317.270966,1776233199000
1776233201.047,101.047,0.64,17.22,0.63,86.49,0.65,101.5,0.66,63.98,0.35,101.5,0.34,63.98,0.36,17.22,0.37,86.49,0.01,0.01,2317.259324,1776233200000
1776233202.2,102.2,0.64,17.22,0.63,86.49,0.65,101.5,0.66,63.98,0.35,101.5,0.34,63.98,0.36,17.22,0.37,86.49,0.01,0.01,2317.334375,1776233201000
1776233203.364,103.364,0.64,17.22,0.63,86.49,0.65,101.5,0.66,63.98,0.35,101.5,0.34,63.98,0.36,17.22,0.37,86.49,0.01,0.01,2317.25744,1776233202000
1776233204.396,104.396,0.64,17.22,0.63,86.49,0.65,101.5,0.66,63.98,0.35,101.5,0.34,63.98,0.36,17.22,0.37,86.49,0.01,0.01,2317.25389,1776233203000
1776233205.033,105.033,0.63,65.99,0.62,28.5,0.64,71.0,0.65,75.5,0.35,101.5,0.34,63.98,0.36,17.22,0.37,86.49,0.01,0.01,2317.25389,1776233203000
1776233206.221,106.221,0.63,65.99,0.62,28.5,0.64,71.0,0.65,75.5,0.36,71.0,0.35,75.5,0.37,65.99,0.38,28.5,0.01,0.01,2317.252585,1776233205000
1776233207.708,107.708,0.63,65.99,0.62,28.5,0.64,71.0,0.65,75.5,0.36,71.0,0.35,75.5,0.37,65.99,0.38,28.5,0.01,0.01,2317.251521,1776233206000
1776233208.255,108.255,0.63,65.99,0.62,28.5,0.64,71.0,0.65,75.5,0.36,71.0,0.35,75.5,0.37,65.99,0.38,28.5,0.01,0.01,2317.251929,1776233207000
1776233209.296,109.296,0.69,72.0,0.68,40.5,0.7,59.28,0.71,15.0,0.36,71.0,0.35,75.5,0.37,65.99,0.38,28.5,0.01,0.01,2317.251929,1776233207000
1776233210.22,110.22,0.69,72.0,0.68,40.5,0.7,59.28,0.71,15.0,0.3,59.28,0.29,15.0,0.31,72.0,0.32,40.5,0.01,0.01,2317.380975,1776233209000
1776233210.816,110.816,0.69,100.5,0.68,92.49,0.7,51.95,0.72,15.0,0.3,59.28,0.29,15.0,0.31,72.0,0.32,40.5,0.01,0.01,2317.380975,1776233209000
1776233211.274,111.274,0.69,100.5,0.68,92.49,0.7,31.66,0.72,15.0,0.3,33.11,0.28,15.0,0.31,100.5,0.32,92.49,0.01,0.01,2317.380975,1776233209000
1776233211.511,111.511,0.69,105.5,0.68,58.61,0.7,30.23,0.72,15.0,0.3,30.23,0.28,15.0,0.31,105.5,0.32,58.61,0.01,0.01,2317.408883,1776233210000
1776233211.951,111.951,0.69,146.27,0.68,133.23,0.7,20.23,0.72,25.0,0.3,30.23,0.28,15.0,0.31,105.5,0.32,58.61,0.01,0.01,2317.408883,1776233210000
1776233212.151,112.151,0.69,97.27,0.68,128.23,0.7,14.75,0.72,25.0,0.3,14.75,0.28,25.0,0.31,97.27,0.32,128.23,0.01,0.01,2317.408883,1776233210000
1776233212.42,112.42,0.69,92.27,0.68,128.23,0.7,9.67,0.72,25.0,0.3,9.67,0.28,25.0,0.31,92.27,0.32,128.23,0.01,0.01,2317.411529,1776233211000
1776233213.027,113.027,0.69,92.27,0.68,128.23,0.7,9.67,0.72,25.0,0.3,9.67,0.28,25.0,0.31,92.27,0.32,128.23,0.01,0.01,2317.57169,1776233212000
1776233213.671,113.671,0.69,78.7,0.68,87.49,0.7,28.27,0.72,25.5,0.3,9.67,0.28,25.0,0.31,92.27,0.32,128.23,0.01,0.01,2317.57169,1776233212000
1776233214.619,114.619,0.69,73.7,0.68,87.49,0.7,18.19,0.72,25.5,0.3,18.19,0.28,25.5,0.31,73.7,0.32,87.49,0.01,0.01,2317.59039,1776233213000
1776233215.165,115.165,0.69,73.7,0.68,87.49,0.7,18.19,0.72,25.5,0.3,18.19,0.28,25.5,0.31,73.7,0.32,87.49,0.01,0.01,2317.590705,1776233214000
1776233216.525,116.525,0.69,73.7,0.68,87.49,0.7,18.19,0.72,25.5,0.3,18.19,0.28,25.5,0.31,73.7,0.32,87.49,0.01,0.01,2317.565105,1776233215000
1776233217.147,117.147,0.69,73.7,0.68,87.49,0.7,18.19,0.72,25.5,0.3,18.19,0.28,25.5,0.31,73.7,0.32,87.49,0.01,0.01,2317.55978,1776233216000
1776233218.523,118.523,0.69,73.7,0.68,87.49,0.7,18.19,0.72,25.5,0.3,18.19,0.28,25.5,0.31,73.7,0.32,87.49,0.01,0.01,2317.534042,1776233217000
1776233219.138,119.138,0.69,73.7,0.68,87.49,0.7,18.19,0.72,25.5,0.3,18.19,0.28,25.5,0.31,73.7,0.32,87.49,0.01,0.01,2317.534305,1776233218000
1776233220.672,120.672,0.69,73.7,0.68,87.49,0.7,18.19,0.72,25.5,0.3,18.19,0.28,25.5,0.31,73.7,0.32,87.49,0.01,0.01,2317.538515,1776233219000
1776233221.405,121.405,0.69,96.09,0.68,43.61,0.7,53.19,0.71,5.0,0.3,18.19,0.28,25.5,0.31,73.7,0.32,87.49,0.01,0.01,2317.538515,1776233219000
1776233221.858,121.858,0.69,96.09,0.68,43.61,0.7,53.19,0.71,5.0,0.3,53.19,0.29,5.0,0.31,96.09,0.32,43.61,0.01,0.01,2317.53851,1776233220000
1776233222.455,122.455,0.69,96.09,0.68,43.61,0.7,53.19,0.71,5.0,0.3,53.19,0.29,5.0,0.31,96.09,0.32,43.61,0.01,0.01,2317.536715,1776233221000
1776233222.839,122.839,0.72,34.0,0.71,25.5,0.73,20.5,0.74,20.0,0.29,5.0,0.27,15.5,0.31,137.49,0.32,146.28,0.01,0.02,2317.536715,1776233221000
1776233224.103,124.103,0.72,34.0,0.71,25.5,0.73,20.5,0.74,20.0,0.27,20.5,0.26,20.0,0.28,34.0,0.29,25.5,0.01,0.01,2317.542635,1776233223000
1776233224.883,124.883,0.71,27.43,0.7,63.99,0.72,103.5,0.73,70.5,0.27,20.5,0.26,20.0,0.28,34.0,0.29,25.5,0.01,0.01,2317.542635,1776233223000
1776233225.221,125.221,0.71,15.43,0.7,63.99,0.72,98.5,0.73,70.5,0.28,98.5,0.27,70.5,0.29,15.43,0.3,63.99,0.01,0.01,2317.565305,1776233224000
1776233225.98,125.98,0.71,11.98,0.7,63.99,0.72,108.5,0.73,70.5,0.28,98.5,0.27,70.5,0.29,15.43,0.3,63.99,0.01,0.01,2317.565305,1776233224000
1776233226.402,126.402,0.71,11.98,0.7,63.99,0.72,106.97,0.73,70.5,0.28,106.97,0.27,70.5,0.29,11.98,0.3,63.99,0.01,0.01,2317.571175,1776233225000
1776233226.962,126.962,0.71,11.98,0.7,63.99,0.72,106.97,0.73,70.5,0.28,106.97,0.27,70.5,0.29,11.98,0.3,63.99,0.01,0.01,2317.53183,1776233226000
1776233227.177,127.177,0.71,21.98,0.7,74.49,0.72,98.44,0.73,70.5,0.28,106.97,0.27,70.5,0.29,11.98,0.3,63.99,0.01,0.01,2317.53183,1776233226000
1776233228.029,128.029,0.71,21.98,0.7,74.49,0.72,98.44,0.73,70.5,0.28,98.44,0.27,70.5,0.29,21.98,0.3,74.49,0.01,0.01,2317.52433,1776233227000
1776233228.36,128.36,0.82,159.55,0.81,90.5,0.83,10.0,0.84,129.0,0.17,52.0,0.16,100.0,0.21,55.5,0.22,95.0,0.01,0.04,2317.52433,1776233227000
1776233228.821,128.821,0.83,96.88,0.82,79.55,0.84,95.0,0.85,19.0,0.17,4.59,0.16,100.0,0.18,235.43,0.19,90.5,0.01,0.01,2317.52433,1776233227000
1776233229.132,129.132,0.83,148.38,0.82,74.55,0.84,41.0,0.85,19.0,0.16,41.0,0.15,19.0,0.17,148.38,0.18,74.55,0.01,0.01,2317.524172,1776233228000
1776233229.444,129.444,0.83,135.5,0.82,149.55,0.85,19.0,0.87,10.5,0.16,41.0,0.15,19.0,0.17,148.38,0.18,74.55,0.02,0.01,2317.524172,1776233228000
1776233229.937,129.937,0.84,184.38,0.83,160.5,0.85,13.0,0.86,14.28,0.15,19.0,0.13,10.5,0.17,135.5,0.18,149.55,0.01,0.02,2317.524172,1776233228000
1776233230.378,130.378,0.84,204.38,0.83,186.5,0.85,5.0,0.86,33.28,0.15,13.0,0.14,14.28,0.16,184.38,0.17,160.5,0.01,0.01,2317.524172,1776233228000
1776233231.027,131.027,0.85,20.5,0.84,180.5,0.86,27.54,0.89,15.5,0.14,27.54,0.11,15.5,0.15,20.5,0.16,180.5,0.01,0.01,2318.609708,1776233230000
1776233231.461,131.461,0.88,128.5,0.87,96.0,0.89,36.32,0.9,100.0,0.11,2.75,0.1,110.5,0.12,133.5,0.13,96.0,0.01,0.01,2318.609708,1776233230000
1776233231.819,131.819,0.88,124.5,0.87,91.0,0.89,16.32,0.9,100.0,0.11,36.32,0.1,110.5,0.12,128.5,0.13,96.0,0.01,0.01,2318.609708,1776233230000
1776233232.378,132.378,0.89,111.5,0.88,159.5,0.9,88.88,0.92,10.0,0.11,16.32,0.1,100.0,0.12,124.5,0.13,91.0,0.01,0.01,2318.741786,1776233231000
1776233232.596,132.596,0.89,206.5,0.88,159.5,0.9,116.98,0.92,10.0,0.1,88.88,0.08,10.0,0.11,111.5,0.12,159.5,0.01,0.01,2318.741786,1776233231000
1776233233.213,133.213,0.89,206.5,0.88,159.5,0.9,116.98,0.92,10.0,0.1,116.98,0.08,10.0,0.11,206.5,0.12,159.5,0.01,0.01,2319.07737,1776233232000
1776233233.561,133.561,0.92,181.0,0.91,184.0,0.93,59.42,0.94,88.09,0.07,45.0,0.06,88.09,0.09,189.0,0.1,221.5,0.01,0.02,2319.07737,1776233232000
1776233233.803,133.803,0.92,148.55,0.91,150.0,0.93,64.42,0.94,88.09,0.07,59.42,0.06,88.09,0.08,181.0,0.09,184.0,0.01,0.01,2319.07737,1776233232000
1776233234.401,134.401,0.92,148.55,0.91,150.0,0.93,64.42,0.94,88.09,0.07,64.42,0.06,88.09,0.08,148.55,0.09,150.0,0.01,0.01,2319.293144,1776233233000
1776233234.606,134.606,0.92,158.55,0.91,150.0,0.93,59.11,0.94,88.09,0.07,59.11,0.06,88.09,0.08,158.55,0.09,150.0,0.01,0.01,2319.293144,1776233233000
1776233234.874,134.874,0.92,158.55,0.91,150.0,0.93,48.35,0.94,88.09,0.07,59.11,0.06,88.09,0.08,158.55,0.09,150.0,0.01,0.01,2319.293144,1776233233000
1776233235.22,135.22,0.92,213.55,0.91,162.3,0.94,48.09,0.95,188.8,0.07,23.17,0.06,88.09,0.08,158.55,0.09,150.0,0.02,0.01,2319.345965,1776233234000
1776233236.594,136.594,0.92,213.55,0.91,162.3,0.94,48.09,0.95,188.8,0.06,48.09,0.05,188.8,0.08,213.55,0.09,162.3,0.02,0.02,2319.37159,1776233235000
1776233237.173,137.173,0.92,213.55,0.91,162.3,0.94,48.09,0.95,188.8,0.06,48.09,0.05,188.8,0.08,213.55,0.09,162.3,0.02,0.02,2319.449975,1776233236000
1776233237.693,137.693,0.93,44.0,0.92,145.0,0.94,138.92,0.95,118.0,0.06,48.09,0.05,188.8,0.08,213.55,0.09,162.3,0.01,0.02,2319.449975,1776233236000
1776233238.251,138.251,0.93,5.14,0.92,45.0,0.94,132.32,0.95,118.0,0.06,132.32,0.05,118.0,0.07,5.14,0.08,45.0,0.01,0.01,2319.61047,1776233237000
1776233239.224,139.224,0.93,5.14,0.92,45.0,0.94,132.32,0.95,118.0,0.06,132.32,0.05,118.0,0.07,5.14,0.08,45.0,0.01,0.01,2319.6168,1776233238000
1776233240.223,140.223,0.93,5.14,0.92,45.0,0.94,132.32,0.95,118.0,0.06,132.32,0.05,118.0,0.07,5.14,0.08,45.0,0.01,0.01,2319.469243,1776233239000
1776233241.269,141.269,0.93,5.14,0.92,45.0,0.94,132.32,0.95,118.0,0.06,132.32,0.05,118.0,0.07,5.14,0.08,45.0,0.01,0.01,2319.477268,1776233240000
1776233242.343,142.343,0.93,5.14,0.92,45.0,0.94,132.32,0.95,118.0,0.06,132.32,0.05,118.0,0.07,5.14,0.08,45.0,0.01,0.01,2319.515118,1776233241000
1776233243.363,143.363,0.93,5.14,0.92,45.0,0.94,132.32,0.95,118.0,0.06,132.32,0.05,118.0,0.07,5.14,0.08,45.0,0.01,0.01,2319.548795,1776233242000
1776233244.32,144.32,0.93,5.14,0.92,45.0,0.94,132.32,0.95,118.0,0.06,132.32,0.05,118.0,0.07,5.14,0.08,45.0,0.01,0.01,2319.54402,1776233243000
1776233244.843,144.843,0.93,5.14,0.92,45.0,0.94,132.32,0.95,118.0,0.06,132.32,0.05,118.0,0.07,5.14,0.08,45.0,0.01,0.01,2319.54368,1776233244000
1776233245.911,145.911,0.93,30.0,0.92,143.9,0.94,23.81,0.95,72.0,0.06,23.81,0.05,72.0,0.07,30.0,0.08,143.9,0.01,0.01,2319.55478,1776233245000
1776233246.902,146.902,0.93,30.0,0.92,143.9,0.94,23.81,0.95,72.0,0.06,23.81,0.05,72.0,0.07,30.0,0.08,143.9,0.01,0.01,2319.585374,1776233246000
1776233247.888,147.888,0.93,30.0,0.92,143.9,0.94,23.81,0.95,72.0,0.06,23.81,0.05,72.0,0.07,30.0,0.08,143.9,0.01,0.01,2319.676664,1776233247000
1776233248.951,148.951,0.93,30.0,0.92,143.9,0.94,23.81,0.95,72.0,0.06,23.81,0.05,72.0,0.07,30.0,0.08,143.9,0.01,0.01,2319.654743,1776233248000
1776233250.369,150.369,0.94,10.31,0.93,80.3,0.96,159.82,0.97,450.7,0.06,23.81,0.05,72.0,0.07,30.0,0.08,143.9,0.02,0.01,2319.654743,1776233248000
1776233250.586,150.586,0.94,10.31,0.93,80.3,0.96,159.82,0.97,450.7,0.04,159.82,0.03,450.7,0.06,10.31,0.07,80.3,0.02,0.02,2319.596449,1776233249000
1776233251.04,151.04,0.94,10.0,0.93,85.3,0.95,25.94,0.96,159.82,0.04,159.82,0.03,450.7,0.06,10.31,0.07,80.3,0.01,0.02,2319.596449,1776233249000
1776233251.711,151.711,0.94,15.0,0.93,85.3,0.95,19.46,0.96,159.82,0.05,19.46,0.04,159.82,0.06,15.0,0.07,85.3,0.01,0.01,2319.568049,1776233250000
1776233252.238,152.238,0.96,99.59,0.94,15.0,0.97,420.98,0.98,933.7,0.03,241.98,0.02,589.7,0.06,20.0,0.07,85.3,0.01,0.03,2319.568049,1776233250000
1776233252.483,152.483,0.96,89.75,0.94,15.0,0.97,415.87,0.98,933.7,0.03,415.98,0.02,933.7,0.04,89.75,0.06,15.0,0.01,0.01,2319.536443,1776233251000
1776233253.198,153.198,0.96,84.75,0.94,15.0,0.97,706.87,0.98,933.7,0.03,415.87,0.02,933.7,0.04,89.75,0.06,15.0,0.01,0.01,2319.536443,1776233251000
1776233253.964,153.964,0.96,102.75,0.94,15.0,0.97,701.71,0.98,933.7,0.03,701.71,0.02,933.7,0.04,102.75,0.06,15.0,0.01,0.01,2319.531585,1776233252000
1776233254.695,154.695,0.96,102.75,0.94,15.0,0.97,701.71,0.98,933.7,0.03,701.71,0.02,933.7,0.04,102.75,0.06,15.0,0.01,0.01,2319.529704,1776233253000
1776233255.415,155.415,0.96,102.75,0.94,15.0,0.97,701.71,0.98,933.7,0.03,701.71,0.02,933.7,0.04,102.75,0.06,15.0,0.01,0.01,2319.458792,1776233254000
1776233256.112,156.112,0.96,102.75,0.94,15.0,0.97,701.71,0.98,933.7,0.03,701.71,0.02,933.7,0.04,102.75,0.06,15.0,0.01,0.01,2319.420527,1776233255000
1776233257.458,157.458,0.96,102.75,0.94,15.0,0.97,701.71,0.98,933.7,0.03,701.71,0.02,933.7,0.04,102.75,0.06,15.0,0.01,0.01,2319.397214,1776233256000
1776233257.67,157.67,0.96,8.0,0.93,10.0,0.97,336.71,0.98,933.7,0.03,701.71,0.02,933.7,0.04,102.75,0.06,15.0,0.01,0.01,2319.397214,1776233256000
1776233258.231,158.231,0.93,10.0,0.92,195.0,0.97,331.71,0.98,933.7,0.03,331.71,0.02,933.7,0.07,10.0,0.08,195.0,0.04,0.04,2319.396976,1776233257000
1776233259.074,159.074,0.92,200.0,0.91,25.5,0.93,35.0,0.94,17.0,0.03,331.71,0.02,933.7,0.07,10.0,0.08,195.0,0.01,0.04,2319.396976,1776233257000
1776233259.595,159.595,0.92,205.0,0.91,30.5,0.93,38.92,0.94,17.0,0.07,38.92,0.06,17.0,0.08,205.0,0.09,30.5,0.01,0.01,2319.294636,1776233258000
1776233260.226,160.226,0.92,205.0,0.91,30.5,0.93,38.92,0.94,17.0,0.07,38.92,0.06,17.0,0.08,205.0,0.09,30.5,0.01,0.01,2319.229205,1776233259000
1776233261.263,161.263,0.92,140.0,0.91,25.5,0.93,1.84,0.94,17.0,0.07,38.92,0.06,17.0,0.08,205.0,0.09,30.5,0.01,0.01,2319.229205,1776233259000
1776233261.53,161.53,0.93,18.42,0.92,135.0,0.94,17.0,0.95,196.8,0.06,17.0,0.05,196.8,0.07,18.42,0.08,135.0,0.01,0.01,2319.23479,1776233260000
1776233262.215,162.215,0.93,38.42,0.92,130.0,0.94,18.87,0.95,190.8,0.06,17.0,0.05,196.8,0.07,18.42,0.08,135.0,0.01,0.01,2319.23479,1776233260000
1776233263.511,163.511,0.93,38.42,0.92,130.0,0.94,15.74,0.95,190.8,0.06,15.74,0.05,190.8,0.07,38.42,0.08,130.0,0.01,0.01,2319.139028,1776233262000
1776233264.162,164.162,0.93,38.42,0.92,130.0,0.94,15.74,0.95,190.8,0.06,15.74,0.05,190.8,0.07,38.42,0.08,130.0,0.01,0.01,2319.139028,1776233263000
1776233265.502,165.502,0.93,38.42,0.92,130.0,0.94,15.74,0.95,190.8,0.06,15.74,0.05,190.8,0.07,38.42,0.08,130.0,0.01,0.01,2319.146795,1776233264000
1776233265.754,165.754,0.93,48.42,0.92,184.4,0.94,17.29,0.95,115.0,0.06,15.74,0.05,190.8,0.07,38.42,0.08,130.0,0.01,0.01,2319.146795,1776233264000
1776233266.254,166.254,0.93,48.42,0.92,184.4,0.94,17.29,0.95,115.0,0.06,17.29,0.05,115.0,0.07,48.42,0.08,184.4,0.01,0.01,2319.164627,1776233265000
1776233267.172,167.172,0.93,29.13,0.92,184.4,0.94,17.29,0.95,115.0,0.06,17.29,0.05,115.0,0.07,48.42,0.08,184.4,0.01,0.01,2319.164627,1776233265000
1776233267.927,167.927,0.93,29.13,0.92,184.4,0.94,17.29,0.95,115.0,0.06,17.29,0.05,115.0,0.07,29.13,0.08,184.4,0.01,0.01,2319.18187,1776233266000
1776233268.63,168.63,0.93,29.13,0.92,184.4,0.94,17.29,0.95,115.0,0.06,17.29,0.05,115.0,0.07,29.13,0.08,184.4,0.01,0.01,2319.18295,1776233267000
1776233269.305,169.305,0.93,29.13,0.92,184.4,0.94,17.29,0.95,115.0,0.06,17.29,0.05,115.0,0.07,29.13,0.08,184.4,0.01,0.01,2319.17275,1776233268000
1776233270.831,170.831,0.93,29.13,0.92,184.4,0.94,17.29,0.95,115.0,0.06,17.29,0.05,115.0,0.07,29.13,0.08,184.4,0.01,0.01,2319.124511,1776233269000
1776233271.383,171.383,0.93,113.35,0.92,184.4,0.94,17.29,0.95,115.0,0.06,17.29,0.05,115.0,0.07,113.35,0.08,184.4,0.01,0.01,2319.146676,1776233270000
1776233272.056,172.056,0.93,113.35,0.92,184.4,0.94,17.29,0.95,115.0,0.06,17.29,0.05,115.0,0.07,113.35,0.08,184.4,0.01,0.01,2319.140783,1776233271000
1776233273.226,173.226,0.93,113.35,0.92,184.4,0.94,17.29,0.95,115.0,0.06,17.29,0.05,115.0,0.07,113.35,0.08,184.4,0.01,0.01,2319.133552,1776233272000
1776233273.842,173.842,0.93,108.35,0.92,130.0,0.94,47.79,0.95,115.0,0.06,17.29,0.05,115.0,0.07,113.35,0.08,184.4,0.01,0.01,2319.133552,1776233272000
1776233274.465,174.465,0.93,108.35,0.92,130.0,0.94,47.79,0.95,115.0,0.06,47.79,0.05,115.0,0.07,108.35,0.08,130.0,0.01,0.01,2319.13263,1776233273000
1776233275.057,175.057,0.93,108.35,0.92,130.0,0.94,47.79,0.95,115.0,0.06,47.79,0.05,115.0,0.07,108.35,0.08,130.0,0.01,0.01,2319.009989,1776233274000
1776233276.276,176.276,0.93,108.35,0.92,130.0,0.94,47.79,0.95,115.0,0.06,47.79,0.05,115.0,0.07,108.35,0.08,130.0,0.01,0.01,2319.011533,1776233275000
1776233277.423,177.423,0.93,108.35,0.92,130.0,0.94,47.79,0.95,115.0,0.06,47.79,0.05,115.0,0.07,108.35,0.08,130.0,0.01,0.01,2319.010677,1776233276000
1776233278.028,178.028,0.93,108.35,0.92,130.0,0.94,47.79,0.95,115.0,0.06,47.79,0.05,115.0,0.07,108.35,0.08,130.0,0.01,0.01,2318.987839,1776233277000
1776233278.565,178.565,0.93,101.79,0.92,120.0,0.95,110.0,0.96,278.8,0.06,47.79,0.05,115.0,0.07,108.35,0.08,130.0,0.02,0.01,2318.987839,1776233277000
1776233279.165,179.165,0.93,101.79,0.92,120.0,0.95,110.0,0.96,278.8,0.05,110.0,0.04,278.8,0.07,101.79,0.08,120.0,0.02,0.02,2319.111557,1776233278000
1776233279.622,179.622,0.93,91.79,0.92,120.0,0.94,15.0,0.95,110.0,0.05,110.0,0.04,278.8,0.07,101.79,0.08,120.0,0.01,0.02,2319.111557,1776233278000
1776233280.266,180.266,0.93,91.79,0.92,120.0,0.94,15.0,0.95,110.0,0.06,15.0,0.05,110.0,0.07,91.79,0.08,120.0,0.01,0.01,2319.030309,1776233279000
1776233280.571,180.571,0.93,71.79,0.92,125.0,0.94,20.0,0.95,110.0,0.06,15.0,0.05,110.0,0.07,91.79,0.08,120.0,0.01,0.01,2319.030309,1776233279000
1776233281.484,181.484,0.93,71.79,0.92,125.0,0.94,20.0,0.95,110.0,0.06,20.0,0.05,110.0,0.07,71.79,0.08,125.0,0.01,0.01,2318.865562,1776233280000
1776233282.073,182.073,0.93,71.79,0.92,125.0,0.94,20.0,0.95,110.0,0.06,20.0,0.05,110.0,0.07,71.79,0.08,125.0,0.01,0.01,2318.825212,1776233281000
1776233282.897,182.897,0.93,76.79,0.92,20.0,0.94,90.38,0.95,210.8,0.06,20.0,0.05,110.0,0.07,71.79,0.08,125.0,0.01,0.01,2318.825212,1776233281000
1776233283.718,183.718,0.93,76.79,0.92,20.0,0.94,90.38,0.95,210.8,0.06,90.38,0.05,210.8,0.07,76.79,0.08,20.0,0.01,0.01,2318.807603,1776233282000
1776233284.198,184.198,0.93,76.79,0.92,20.0,0.94,90.38,0.95,210.8,0.06,90.38,0.05,210.8,0.07,76.79,0.08,20.0,0.01,0.01,2318.805365,1776233283000
1776233285.14,185.14,0.93,76.79,0.92,20.0,0.94,90.38,0.95,210.8,0.06,90.38,0.05,210.8,0.07,76.79,0.08,20.0,0.01,0.01,2318.800771,1776233284000
1776233285.949,185.949,0.93,71.79,0.92,78.47,0.94,85.38,0.95,110.0,0.06,90.38,0.05,210.8,0.07,76.79,0.08,20.0,0.01,0.01,2318.800771,1776233284000
1776233286.19,186.19,0.93,71.79,0.92,78.47,0.94,85.38,0.95,110.0,0.06,85.38,0.05,110.0,0.07,71.79,0.08,78.47,0.01,0.01,2318.774088,1776233285000
1776233287.093,187.093,0.93,71.79,0.92,25.5,0.95,18.94,0.96,133.8,0.06,85.38,0.05,110.0,0.07,71.79,0.08,78.47,0.02,0.01,2318.774088,1776233285000
1776233288.349,188.349,0.93,71.79,0.92,25.5,0.95,18.94,0.96,133.8,0.05,18.94,0.04,133.8,0.07,71.79,0.08,25.5,0.02,0.02,2318.795805,1776233287000
1776233289.272,189.272,0.93,71.79,0.92,25.5,0.95,18.94,0.96,133.8,0.05,18.94,0.04,133.8,0.07,71.79,0.08,25.5,0.02,0.02,2318.789795,1776233288000
1776233290.321,190.321,0.93,71.79,0.92,25.5,0.95,18.94,0.96,133.8,0.05,18.94,0.04,133.8,0.07,71.79,0.08,25.5,0.02,0.02,2318.789567,1776233289000
1776233290.894,190.894,0.93,71.79,0.92,25.5,0.95,18.94,0.96,133.8,0.05,18.94,0.04,133.8,0.07,71.79,0.08,25.5,0.02,0.02,2318.843735,1776233290000
1776233291.916,191.916,0.93,71.79,0.92,25.5,0.95,18.94,0.96,133.8,0.05,18.94,0.04,133.8,0.07,71.79,0.08,25.5,0.02,0.02,2318.97759,1776233291000
1776233292.934,192.934,0.93,71.79,0.92,25.5,0.95,18.94,0.96,133.8,0.05,18.94,0.04,133.8,0.07,71.79,0.08,25.5,0.02,0.02,2318.912108,1776233292000
1776233293.984,193.984,0.93,71.79,0.92,25.5,0.95,18.94,0.96,133.8,0.05,18.94,0.04,133.8,0.07,71.79,0.08,25.5,0.02,0.02,2318.966283,1776233293000
1776233295.028,195.028,0.93,71.79,0.92,25.5,0.95,18.94,0.96,133.8,0.05,18.94,0.04,133.8,0.07,71.79,0.08,25.5,0.02,0.02,2318.9085,1776233294000
1776233295.336,195.336,0.95,30.6,0.94,114.3,0.96,49.79,0.97,210.71,0.05,18.94,0.04,133.8,0.07,71.79,0.08,25.5,0.01,0.02,2318.9085,1776233294000
1776233296.033,196.033,0.95,30.6,0.94,114.3,0.96,49.79,0.97,210.71,0.04,49.79,0.03,210.71,0.05,30.6,0.06,114.3,0.01,0.01,2318.902621,1776233295000
1776233297.05,197.05,0.95,30.6,0.94,114.3,0.96,49.79,0.97,210.71,0.04,49.79,0.03,210.71,0.05,30.6,0.06,114.3,0.01,0.01,2318.953562,1776233296000
1776233298.025,198.025,0.95,85.6,0.94,104.3,0.96,73.99,0.97,215.71,0.04,49.79,0.03,240.71,0.05,80.6,0.06,109.3,0.01,0.01,2318.953562,1776233296000
1776233298.344,198.344,0.95,85.6,0.94,104.3,0.96,73.99,0.97,215.71,0.04,73.99,0.03,215.71,0.05,85.6,0.06,104.3,0.01,0.01,2318.962992,1776233297000
1776233299.032,199.032,0.95,85.6,0.94,104.3,0.96,73.99,0.97,215.71,0.04,73.99,0.03,215.71,0.05,85.6,0.06,104.3,0.01,0.01,2318.93269,1776233298000
1776233300.506,200.506,0.95,85.6,0.94,104.3,0.96,73.99,0.97,215.71,0.04,73.99,0.03,215.71,0.05,85.6,0.06,104.3,0.01,0.01,2318.923675,1776233299000
1776233301.077,201.077,0.95,85.6,0.94,104.3,0.96,73.99,0.97,215.71,0.04,73.99,0.03,215.71,0.05,85.6,0.06,104.3,0.01,0.01,2318.917765,1776233300000
1776233302.641,202.641,0.95,85.6,0.94,104.3,0.96,73.99,0.97,215.71,0.04,73.99,0.03,215.71,0.05,85.6,0.06,104.3,0.01,0.01,2318.96244,1776233301000
1776233303.289,203.289,0.95,85.6,0.94,104.3,0.96,73.99,0.97,215.71,0.04,73.99,0.03,215.71,0.05,85.6,0.06,104.3,0.01,0.01,2318.91464,1776233302000
1776233304.576,204.576,0.95,85.6,0.94,104.3,0.96,73.99,0.97,215.71,0.04,73.99,0.03,215.71,0.05,85.6,0.06,104.3,0.01,0.01,2318.851396,1776233303000
1776233305.212,205.212,0.95,85.6,0.94,104.3,0.96,73.99,0.97,215.71,0.04,73.99,0.03,215.71,0.05,85.6,0.06,104.3,0.01,0.01,2318.831689,1776233304000
1776233306.457,206.457,0.95,85.6,0.94,104.3,0.96,73.99,0.97,215.71,0.04,73.99,0.03,215.71,0.05,85.6,0.06,104.3,0.01,0.01,2318.863229,1776233305000
1776233307.176,207.176,0.95,26.2,0.94,30.5,0.96,77.94,0.97,210.71,0.04,77.94,0.03,210.71,0.05,26.2,0.06,30.5,0.01,0.01,2318.830323,1776233306000
1776233308.394,208.394,0.95,26.2,0.94,30.5,0.96,77.94,0.97,210.71,0.04,77.94,0.03,210.71,0.05,26.2,0.06,30.5,0.01,0.01,2318.827902,1776233307000
1776233309.057,209.057,0.95,26.2,0.94,30.5,0.96,77.94,0.97,210.71,0.04,77.94,0.03,210.71,0.05,26.2,0.06,30.5,0.01,0.01,2318.824874,1776233308000
1776233310.255,210.255,0.95,26.2,0.94,30.5,0.96,77.94,0.97,210.71,0.04,77.94,0.03,210.71,0.05,26.2,0.06,30.5,0.01,0.01,2318.822548,1776233309000
1776233311.526,211.526,0.95,26.2,0.94,30.5,0.96,77.94,0.97,210.71,0.04,77.94,0.03,210.71,0.05,26.2,0.06,30.5,0.01,0.01,2318.822478,1776233310000
1776233311.896,211.896,0.94,11.0,0.93,20.5,0.96,186.53,0.97,304.71,0.04,62.73,0.03,245.71,0.05,21.2,0.06,20.0,0.02,0.01,2318.822478,1776233310000
1776233312.18,212.18,0.94,11.0,0.93,20.5,0.96,186.53,0.97,304.71,0.04,186.53,0.03,304.71,0.06,11.0,0.07,20.5,0.02,0.02,2318.822448,1776233311000
1776233313.659,213.659,0.94,11.0,0.93,20.5,0.96,186.53,0.97,304.71,0.04,186.53,0.03,304.71,0.06,11.0,0.07,20.5,0.02,0.02,2318.787184,1776233312000
1776233314.367,214.367,0.94,11.0,0.93,20.5,0.96,186.53,0.97,304.71,0.04,186.53,0.03,304.71,0.06,11.0,0.07,20.5,0.02,0.02,2318.760771,1776233313000
1776233315.09,215.09,0.95,12.06,0.94,11.0,0.96,166.53,0.97,169.7,0.04,186.53,0.03,304.71,0.06,11.0,0.07,20.5,0.01,0.02,2318.760771,1776233313000
1776233315.367,215.367,0.95,12.06,0.94,11.0,0.96,166.53,0.97,169.7,0.04,166.53,0.03,169.7,0.05,12.06,0.06,11.0,0.01,0.01,2318.708399,1776233314000
1776233315.959,215.959,0.95,7.06,0.94,21.5,0.96,72.73,0.97,191.7,0.04,72.73,0.03,191.7,0.05,7.06,0.06,21.5,0.01,0.01,2318.749033,1776233315000
1776233316.988,216.988,0.95,7.06,0.94,21.5,0.96,72.73,0.97,191.7,0.04,72.73,0.03,191.7,0.05,7.06,0.06,21.5,0.01,0.01,2318.649075,1776233316000
1776233318.069,218.069,0.95,7.06,0.94,21.5,0.96,72.73,0.97,191.7,0.04,72.73,0.03,191.7,0.05,7.06,0.06,21.5,0.01,0.01,2318.6634,1776233317000
1776233319.151,219.151,0.95,7.06,0.94,21.5,0.96,72.73,0.97,191.7,0.04,72.73,0.03,191.7,0.05,7.06,0.06,21.5,0.01,0.01,2318.651798,1776233318000
1776233320.304,220.304,0.95,7.06,0.94,21.5,0.96,72.73,0.97,191.7,0.04,72.73,0.03,191.7,0.05,7.06,0.06,21.5,0.01,0.01,2318.651472,1776233319000
1776233321.244,221.244,0.95,7.06,0.94,21.5,0.96,72.73,0.97,191.7,0.04,72.73,0.03,191.7,0.05,7.06,0.06,21.5,0.01,0.01,2318.568081,1776233320000
1776233321.722,221.722,0.95,6.0,0.94,42.62,0.96,166.53,0.97,174.7,0.04,72.73,0.03,191.7,0.05,7.06,0.06,21.5,0.01,0.01,2318.568081,1776233320000
1776233322.367,222.367,0.95,6.0,0.94,42.62,0.96,166.53,0.97,174.7,0.04,166.53,0.03,174.7,0.05,6.0,0.06,42.62,0.01,0.01,2318.541377,1776233321000
1776233323.373,223.373,0.95,6.0,0.94,42.62,0.96,166.53,0.97,174.7,0.04,166.53,0.03,174.7,0.05,6.0,0.06,42.62,0.01,0.01,2318.559611,1776233322000
1776233323.874,223.874,0.95,6.0,0.94,42.62,0.96,166.53,0.97,174.7,0.04,166.53,0.03,174.7,0.05,6.0,0.06,42.62,0.01,0.01,2318.4991,1776233323000
1776233324.511,224.511,0.94,18.12,0.93,20.5,0.96,176.53,0.97,241.7,0.04,166.53,0.03,174.7,0.05,6.0,0.06,42.62,0.02,0.01,2318.4991,1776233323000
1776233324.9,224.9,0.94,18.12,0.93,20.5,0.96,176.53,0.97,241.7,0.04,176.53,0.03,241.7,0.06,18.12,0.07,20.5,0.02,0.02,2318.505139,1776233324000
1776233325.307,225.307,0.94,33.12,0.93,25.5,0.95,4.46,0.96,166.53,0.05,84.74,0.04,166.53,0.06,33.12,0.07,25.5,0.01,0.01,2318.505139,1776233324000
1776233325.639,225.639,0.94,38.12,0.93,25.5,0.96,165.38,0.97,246.7,0.05,4.46,0.04,166.53,0.06,33.12,0.07,25.5,0.02,0.01,2318.505139,1776233324000
1776233326.04,226.04,0.94,33.12,0.93,25.5,0.96,161.46,0.97,246.7,0.04,161.46,0.03,246.7,0.06,33.12,0.07,25.5,0.02,0.02,2318.505535,1776233325000
1776233326.989,226.989,0.92,20.0,0.91,10.0,0.95,85.8,0.96,161.46,0.04,161.46,0.03,246.7,0.06,33.12,0.07,25.5,0.03,0.02,2318.505535,1776233325000
1776233327.56,227.56,0.92,20.0,0.91,10.0,0.95,104.74,0.96,211.46,0.05,85.8,0.04,161.46,0.08,20.0,0.09,10.0,0.03,0.03,2318.505535,1776233325000
1776233327.851,227.851,0.9,55.24,0.89,10.0,0.91,59.99,0.94,10.0,0.09,59.99,0.05,104.74,0.1,55.0,0.11,253.1,0.01,0.01,2318.528446,1776233326000
1776233328.095,228.095,0.9,55.24,0.89,10.0,0.91,59.99,0.94,10.0,0.09,59.99,0.06,10.0,0.1,55.24,0.11,10.0,0.01,0.01,2318.30085,1776233327000
1776233328.652,228.652,0.9,55.24,0.89,15.0,0.91,158.41,0.94,10.0,0.09,59.99,0.06,10.0,0.1,55.24,0.11,10.0,0.01,0.01,2318.30085,1776233327000
1776233329.052,229.052,0.9,55.24,0.89,15.0,0.91,158.41,0.94,10.0,0.09,158.41,0.06,10.0,0.1,55.24,0.11,15.0,0.01,0.01,2318.102054,1776233328000
1776233330.053,230.053,0.9,55.24,0.89,15.0,0.91,158.41,0.94,10.0,0.09,158.41,0.06,10.0,0.1,55.24,0.11,15.0,0.01,0.01,2318.0197,1776233329000
1776233331.106,231.106,0.9,55.24,0.89,15.0,0.91,158.41,0.94,10.0,0.09,158.41,0.06,10.0,0.1,55.24,0.11,15.0,0.01,0.01,2318.039077,1776233330000
1776233332.075,232.075,0.9,55.24,0.89,15.0,0.91,158.41,0.94,10.0,0.09,158.41,0.06,10.0,0.1,55.24,0.11,15.0,0.01,0.01,2317.945917,1776233331000
1776233333.001,233.001,0.9,55.24,0.89,15.0,0.91,158.41,0.94,10.0,0.09,158.41,0.06,10.0,0.1,55.24,0.11,15.0,0.01,0.01,2317.954672,1776233332000
1776233333.415,233.415,0.9,55.95,0.89,25.5,0.91,165.11,0.92,53.9,0.09,158.41,0.06,10.0,0.1,55.24,0.11,15.0,0.01,0.01,2317.954672,1776233332000
1776233334.118,234.118,0.9,55.95,0.89,25.5,0.91,165.11,0.92,53.9,0.09,165.11,0.08,53.9,0.1,55.95,0.11,25.5,0.01,0.01,2317.95292,1776233333000
1776233335.069,235.069,0.9,55.95,0.89,25.5,0.91,165.11,0.92,53.9,0.09,165.11,0.08,53.9,0.1,55.95,0.11,25.5,0.01,0.01,2317.963704,1776233334000
1776233336.132,236.132,0.9,55.95,0.89,25.5,0.91,165.11,0.92,53.9,0.09,165.11,0.08,53.9,0.1,55.95,0.11,25.5,0.01,0.01,2317.95283,1776233335000
1776233336.633,236.633,0.9,26.42,0.89,25.5,0.91,182.11,0.92,53.9,0.09,165.11,0.08,53.9,0.1,55.95,0.11,25.5,0.01,0.01,2317.95283,1776233335000
1776233337.009,237.009,0.9,26.42,0.89,25.5,0.91,182.11,0.92,53.9,0.09,182.11,0.08,53.9,0.1,26.42,0.11,25.5,0.01,0.01,2317.954636,1776233336000
1776233337.936,237.936,0.9,36.42,0.89,25.5,0.91,135.15,0.92,48.9,0.09,182.11,0.08,53.9,0.1,26.42,0.11,25.5,0.01,0.01,2317.954636,1776233336000
1776233338.887,238.887,0.9,365.52,0.89,207.29,0.91,3.15,0.92,48.9,0.09,135.15,0.08,48.9,0.1,36.42,0.11,25.5,0.01,0.01,2317.982059,1776233337000
1776233339.124,239.124,0.9,365.52,0.89,207.29,0.91,3.15,0.92,48.9,0.09,3.15,0.08,48.9,0.1,365.52,0.11,207.29,0.01,0.01,2317.947527,1776233338000
1776233340.288,240.288,0.91,301.3,0.9,86.24,0.92,21.32,0.94,54.0,0.09,3.15,0.08,48.9,0.1,365.52,0.11,207.29,0.01,0.01,2317.947527,1776233338000
1776233340.559,240.559,0.91,345.3,0.9,86.24,0.92,7.61,0.94,54.0,0.08,21.32,0.06,54.0,0.09,301.3,0.1,86.24,0.01,0.01,2317.947527,1776233338000
1776233340.915,240.915,0.91,281.3,0.9,71.24,0.92,5.61,0.94,54.0,0.08,7.61,0.06,54.0,0.09,345.3,0.1,86.24,0.01,0.01,2317.973956,1776233339000
1776233341.228,241.228,0.92,267.21,0.91,351.3,0.94,80.83,0.95,29.94,0.08,5.61,0.06,54.0,0.09,281.3,0.1,71.24,0.02,0.01,2317.973956,1776233339000
1776233341.583,241.583,0.93,117.66,0.92,267.21,0.94,83.83,0.95,19.94,0.06,80.83,0.05,29.94,0.08,267.21,0.09,351.3,0.01,0.02,2317.973956,1776233339000
1776233341.786,241.786,0.93,117.66,0.92,267.21,0.94,77.76,0.95,19.94,0.06,83.83,0.05,19.94,0.07,117.66,0.08,267.21,0.01,0.01,2318.1695,1776233340000
1776233342.259,242.259,0.93,5.0,0.92,321.11,0.94,25.63,0.95,23.94,0.06,77.76,0.05,19.94,0.07,117.66,0.08,267.21,0.01,0.01,2318.1695,1776233340000
1776233342.464,242.464,0.93,5.0,0.92,321.11,0.94,14.63,0.95,23.94,0.06,14.63,0.05,23.94,0.07,5.0,0.08,321.11,0.01,0.01,2318.2091,1776233341000
1776233343.29,243.29,0.92,305.48,0.91,184.65,0.94,15.0,0.95,13.94,0.06,15.0,0.05,13.94,0.08,305.48,0.09,184.65,0.02,0.02,2318.19925,1776233342000
1776233343.681,243.681,0.93,60.3,0.92,325.48,0.94,13.93,0.95,13.94,0.06,15.0,0.05,13.94,0.08,305.48,0.09,184.65,0.01,0.02,2318.19925,1776233342000
1776233344.028,244.028,0.93,65.3,0.92,325.48,0.94,8.29,0.95,13.94,0.06,8.29,0.05,13.94,0.07,65.3,0.08,325.48,0.01,0.01,2318.1976,1776233343000
1776233345.099,245.099,0.92,5.11,0.91,33.65,0.93,43.0,0.94,25.12,0.06,8.29,0.05,13.94,0.07,65.3,0.08,325.48,0.01,0.01,2318.1976,1776233343000
1776233345.492,245.492,0.92,5.11,0.91,33.65,0.93,43.0,0.94,25.12,0.07,43.0,0.06,25.12,0.08,5.11,0.09,33.65,0.01,0.01,2318.187985,1776233344000
1776233345.738,245.738,0.92,20.11,0.91,15.0,0.93,32.57,0.94,20.12,0.07,45.84,0.06,20.12,0.08,20.11,0.09,15.0,0.01,0.01,2318.187985,1776233344000
1776233346.217,246.217,0.92,36.89,0.91,219.0,0.93,30.55,0.94,20.12,0.07,30.55,0.06,20.12,0.08,36.89,0.09,219.0,0.01,0.01,2318.111975,1776233345000
1776233347.562,247.562,0.92,39.33,0.91,69.0,0.96,136.21,0.97,205.69,0.04,136.21,0.03,205.69,0.08,39.33,0.09,69.0,0.04,0.04,2317.998731,1776233346000
1776233348.355,248.355,0.92,39.33,0.91,69.0,0.96,136.21,0.97,205.69,0.04,136.21,0.03,205.69,0.08,39.33,0.09,69.0,0.04,0.04,2318.073278,1776233347000
1776233349.064,249.064,0.92,39.33,0.91,69.0,0.96,136.21,0.97,205.69,0.04,136.21,0.03,205.69,0.08,39.33,0.09,69.0,0.04,0.04,2318.04281,1776233348000
1776233349.343,249.343,0.92,146.36,0.91,88.89,0.93,3.24,0.94,30.0,0.04,136.21,0.03,205.69,0.08,39.33,0.09,69.0,0.01,0.04,2318.04281,1776233348000
1776233350.5,250.5,0.92,146.36,0.91,88.89,0.93,3.24,0.94,30.0,0.07,3.24,0.06,30.0,0.08,146.36,0.09,88.89,0.01,0.01,2317.982455,1776233349000
1776233351.195,251.195,0.92,146.36,0.91,88.89,0.93,3.24,0.94,30.0,0.07,3.24,0.06,30.0,0.08,146.36,0.09,88.89,0.01,0.01,2317.92015,1776233350000
1776233352.585,252.585,0.92,146.36,0.91,88.89,0.93,3.24,0.94,30.0,0.07,3.24,0.06,30.0,0.08,146.36,0.09,88.89,0.01,0.01,2317.87835,1776233351000
1776233353.237,253.237,0.92,146.36,0.91,88.89,0.93,3.24,0.94,30.0,0.07,3.24,0.06,30.0,0.08,146.36,0.09,88.89,0.01,0.01,2317.8785,1776233352000
1776233354.015,254.015,0.92,146.36,0.91,88.89,0.93,3.24,0.94,30.0,0.07,3.24,0.06,30.0,0.08,146.36,0.09,88.89,0.01,0.01,2317.938088,1776233353000
1776233354.755,254.755,0.92,51.4,0.91,156.55,0.93,18.24,0.94,15.0,0.07,3.24,0.06,30.0,0.08,146.36,0.09,88.89,0.01,0.01,2317.938088,1776233353000
1776233355.228,255.228,0.91,46.88,0.9,10.24,0.93,20.0,0.94,30.0,0.07,5.0,0.06,30.0,0.09,139.05,0.1,69.13,0.02,0.02,2317.938088,1776233353000
1776233355.488,255.488,0.92,56.73,0.91,51.88,0.93,14.94,0.94,30.0,0.07,20.0,0.06,30.0,0.09,46.88,0.1,10.24,0.01,0.02,2317.92315,1776233354000
1776233355.992,255.992,0.92,56.73,0.91,51.88,0.93,14.94,0.94,30.0,0.07,14.94,0.06,30.0,0.08,56.73,0.09,51.88,0.01,0.01,2317.963485,1776233355000
1776233357.023,257.023,0.92,44.23,0.91,95.88,0.93,7.35,0.94,30.0,0.07,17.35,0.06,20.0,0.08,56.73,0.09,51.88,0.01,0.01,2317.963485,1776233355000
1776233357.386,257.386,0.91,46.88,0.9,10.24,0.92,29.0,0.93,26.77,0.08,29.0,0.07,26.77,0.09,46.88,0.1,10.24,0.01,0.01,2317.82697,1776233356000
1776233358.056,258.056,0.91,10.88,0.9,123.48,0.92,29.0,0.93,21.77,0.08,29.0,0.07,21.77,0.09,10.88,0.1,123.48,0.01,0.01,2317.823498,1776233357000
1776233358.387,258.387,0.91,20.88,0.9,118.48,0.92,33.8,0.93,21.77,0.08,39.05,0.07,21.77,0.09,20.88,0.1,118.48,0.01,0.01,2317.823498,1776233357000
1776233359.083,259.083,0.91,20.88,0.9,118.48,0.92,33.8,0.93,21.77,0.08,33.8,0.07,21.77,0.09,20.88,0.1,118.48,0.01,0.01,2317.802773,1776233358000
1776233360.162,260.162,0.91,20.88,0.9,118.48,0.92,33.8,0.93,21.77,0.08,33.8,0.07,21.77,0.09,20.88,0.1,118.48,0.01,0.01,2317.688137,1776233359000
1776233360.654,260.654,0.91,98.93,0.9,10.24,0.92,32.37,0.93,21.77,0.08,33.8,0.07,21.77,0.09,20.88,0.1,118.48,0.01,0.01,2317.688137,1776233359000
1776233361.12,261.12,0.91,98.93,0.9,10.24,0.92,32.37,0.93,21.77,0.08,32.37,0.07,21.77,0.09,98.93,0.1,10.24,0.01,0.01,2317.697258,1776233360000
1776233362.127,262.127,0.91,98.93,0.9,10.24,0.92,32.37,0.93,21.77,0.08,32.37,0.07,21.77,0.09,98.93,0.1,10.24,0.01,0.01,2317.66625,1776233361000
1776233362.431,262.431,0.91,75.75,0.9,305.23,0.92,27.37,0.93,21.77,0.08,32.37,0.07,21.77,0.09,98.93,0.1,10.24,0.01,0.01,2317.66625,1776233361000
1776233363.147,263.147,0.91,75.75,0.9,305.23,0.92,27.37,0.93,21.77,0.08,27.37,0.07,21.77,0.09,75.75,0.1,305.23,0.01,0.01,2317.613,1776233362000
1776233363.866,263.866,0.91,11.42,0.9,337.65,0.92,27.37,0.93,21.77,0.08,27.37,0.07,21.77,0.09,75.75,0.1,305.23,0.01,0.01,2317.613,1776233362000
1776233364.102,264.102,0.91,11.42,0.9,337.65,0.92,27.37,0.93,21.77,0.08,27.37,0.07,21.77,0.09,11.42,0.1,337.65,0.01,0.01,2317.6668,1776233363000
1776233365.121,265.121,0.91,11.42,0.9,337.65,0.92,27.37,0.93,21.77,0.08,27.37,0.07,21.77,0.09,11.42,0.1,337.65,0.01,0.01,2317.675565,1776233364000
1776233365.496,265.496,0.92,118.9,0.91,70.94,0.93,6.59,0.94,10.0,0.08,27.37,0.07,21.77,0.09,11.42,0.1,337.65,0.01,0.01,2317.675565,1776233364000
1776233366.253,266.253,0.92,118.9,0.91,70.94,0.93,6.59,0.94,10.0,0.07,6.59,0.06,10.0,0.08,118.9,0.09,70.94,0.01,0.01,2317.683245,1776233365000
1776233367.123,267.123,0.92,118.9,0.91,70.94,0.93,6.59,0.94,10.0,0.07,6.59,0.06,10.0,0.08,118.9,0.09,70.94,0.01,0.01,2317.733245,1776233366000
1776233368.066,268.066,0.92,386.29,0.91,120.94,0.94,9.89,0.95,10.0,0.07,6.59,0.06,10.0,0.08,118.9,0.09,70.94,0.02,0.01,2317.733245,1776233366000
1776233369.169,269.169,0.92,386.29,0.91,120.94,0.94,9.89,0.95,10.0,0.06,9.89,0.05,10.0,0.08,386.29,0.09,120.94,0.02,0.02,2317.76227,1776233368000
1776233369.676,269.676,0.92,478.29,0.91,181.49,0.94,19.35,0.95,10.0,0.06,9.89,0.05,10.0,0.08,386.29,0.09,120.94,0.02,0.02,2317.76227,1776233368000
1776233370.061,270.061,0.92,478.29,0.91,181.49,0.94,19.35,0.95,10.0,0.06,19.35,0.05,10.0,0.08,478.29,0.09,181.49,0.02,0.02,2317.75758,1776233369000
1776233370.568,270.568,0.94,24.65,0.93,553.69,0.95,10.0,0.96,42.41,0.06,19.35,0.05,10.0,0.08,478.29,0.09,181.49,0.01,0.02,2317.75758,1776233369000
1776233370.868,270.868,0.94,399.27,0.93,44.71,0.96,41.01,0.97,31.0,0.05,10.0,0.04,42.41,0.07,402.7,0.08,213.67,0.02,0.02,2317.75758,1776233369000
1776233371.294,271.294,0.95,464.79,0.94,149.8,0.96,29.63,0.97,31.0,0.04,31.63,0.03,31.0,0.06,470.79,0.07,55.71,0.01,0.02,2317.75758,1776233370000
1776233371.693,271.693,0.95,459.79,0.94,322.01,0.96,20.0,0.97,10.0,0.02,239.28,0.01,6966.47,0.05,459.79,0.06,312.01,0.01,0.03,2317.75758,1776233370000
1776233372.134,272.134,0.95,471.49,0.94,324.01,0.96,20.0,0.97,10.0,0.04,20.0,0.03,10.0,0.05,459.79,0.06,322.01,0.01,0.01,2317.75758,1776233370000
1776233372.409,272.409,0.95,633.77,0.94,161.8,0.96,13.74,0.97,10.0,0.04,18.95,0.03,10.0,0.05,476.49,0.06,324.01,0.01,0.01,2317.762315,1776233371000
1776233372.627,272.627,0.95,613.77,0.94,139.8,0.96,2.27,0.97,10.0,0.04,2.27,0.03,10.0,0.05,638.77,0.06,161.8,0.01,0.01,2317.762315,1776233371000
1776233373.609,273.609,0.95,613.77,0.94,139.8,0.96,2.27,0.97,10.0,0.04,2.27,0.03,10.0,0.05,613.77,0.06,139.8,0.01,0.01,2317.94948,1776233372000
1776233373.83,273.83,0.95,640.77,0.94,108.8,0.96,1.13,0.97,20.0,0.04,2.27,0.03,10.0,0.05,613.77,0.06,139.8,0.01,0.01,2317.94948,1776233372000
1776233374.466,274.466,0.95,645.77,0.94,108.8,0.96,0.08,0.97,20.0,0.04,0.08,0.03,20.0,0.05,645.77,0.06,108.8,0.01,0.01,2318.0032,1776233373000
1776233375.097,275.097,0.95,645.77,0.94,108.8,0.96,0.08,0.97,20.0,0.04,0.08,0.03,20.0,0.05,645.77,0.06,108.8,0.01,0.01,2318.00345,1776233374000
1776233375.4,275.4,0.96,503.82,0.95,59.0,0.97,0.93,0.98,239.28,0.03,4.0,0.02,239.28,0.04,575.52,0.05,130.8,0.01,0.01,2318.00345,1776233374000
1776233375.617,275.617,0.96,498.82,0.95,46.0,0.98,220.2,0.99,6323.87,0.03,0.93,0.02,239.28,0.04,503.82,0.05,59.0,0.02,0.01,2318.00345,1776233374000
1776233376.345,276.345,0.97,40.4,0.96,473.42,0.98,284.67,0.99,6423.87,0.02,220.2,0.01,6323.87,0.04,498.82,0.05,46.0,0.01,0.02,2318.00345,1776233374000
1776233376.645,276.645,0.97,456.76,0.96,76.52,0.98,278.13,0.99,6423.87,0.02,284.67,0.01,6423.87,0.03,40.4,0.04,473.42,0.01,0.01,2318.01107,1776233375000
1776233376.918,276.918,0.97,211.77,0.96,337.99,0.98,273.02,0.99,6423.87,0.02,278.13,0.01,6423.87,0.03,456.76,0.04,76.52,0.01,0.01,2318.01107,1776233375000
1776233377.629,277.629,0.97,174.83,0.96,337.99,0.98,257.02,0.99,6423.87,0.02,273.02,0.01,6423.87,0.03,169.83,0.04,337.99,0.01,0.01,2318.0091,1776233376000
1776233377.846,277.846,0.97,440.82,0.96,84.0,0.98,249.97,0.99,6423.87,0.02,257.02,0.01,6423.87,0.03,174.83,0.04,337.99,0.01,0.01,2318.0091,1776233376000
1776233378.145,278.145,0.97,412.35,0.96,84.0,0.98,254.97,0.99,6323.87,0.02,249.97,0.01,6423.87,0.03,440.82,0.04,84.0,0.01,0.01,2318.0091,1776233376000
1776233378.404,278.404,0.97,155.36,0.96,316.47,0.98,221.3,0.99,6223.87,0.02,221.3,0.01,6223.87,0.03,155.36,0.04,316.47,0.01,0.01,2318.042635,1776233377000
1776233378.83,278.83,0.97,402.35,0.96,84.0,0.98,219.44,0.99,6223.87,0.02,221.3,0.01,6223.87,0.03,155.36,0.04,316.47,0.01,0.01,2318.042635,1776233377000
1776233379.201,279.201,0.97,337.83,0.96,84.0,0.98,209.74,0.99,6223.87,0.02,206.11,0.01,6223.87,0.03,110.36,0.04,316.47,0.01,0.01,2318.043445,1776233378000
1776233379.521,279.521,0.97,369.35,0.96,84.0,0.98,195.99,0.99,6223.87,0.02,209.74,0.01,6223.87,0.03,337.83,0.04,84.0,0.01,0.01,2318.043445,1776233378000
1776233380.295,280.295,0.97,369.35,0.96,84.0,0.98,195.99,0.99,6223.87,0.02,195.99,0.01,6223.87,0.03,369.35,0.04,84.0,0.01,0.01,2318.06425,1776233379000
1776233380.846,280.846,0.97,395.06,0.96,62.0,0.98,10.0,0.99,1233.87,0.02,20.6,0.01,1223.87,0.03,391.35,0.04,69.0,0.01,0.01,2318.06425,1776233379000
1776233381.228,281.228,0.97,358.67,0.96,80.0,0.99,1028.87,,,0.01,1142.75,,,0.03,395.07,0.04,62.0,0.02,0.02,2318.06425,1776233379000
1776233381.476,281.476,0.98,167.04,0.97,200.38,0.99,1003.47,,,0.01,1023.87,,,0.03,190.38,0.04,80.0,0.01,0.02,2318.06425,1776233379000
1776233381.735,281.735,0.98,167.04,0.97,200.38,0.99,997.35,,,0.01,1003.47,,,0.02,167.04,0.03,200.38,0.01,0.01,2318.030275,1776233380000
1776233382.018,282.018,0.98,80.41,0.97,212.38,0.99,996.2,,,0.01,996.2,,,0.02,117.04,0.03,212.38,0.01,0.01,2318.030275,1776233380000
1776233383.167,283.167,0.98,199.09,0.97,218.38,0.99,987.5,,,0.01,996.2,,,0.02,80.41,0.03,212.38,0.01,0.01,2318.019895,1776233381000
1776233383.391,283.391,0.98,159.36,0.97,218.38,0.99,977.0,,,0.01,980.47,,,0.02,164.36,0.03,218.38,0.01,0.01,2318.019895,1776233381000
1776233383.68,283.68,0.98,164.36,0.97,218.38,0.99,956.21,,,0.01,916.97,,,0.02,164.36,0.03,218.38,0.01,0.01,2317.965745,1776233382000
1776233384.128,284.128,0.98,159.36,0.97,218.38,0.99,953.67,,,0.01,953.67,,,0.02,159.36,0.03,218.38,0.01,0.01,2317.965865,1776233383000
1776233384.443,284.443,0.98,166.3,0.97,218.38,0.99,929.6,,,0.01,953.67,,,0.02,159.36,0.03,218.38,0.01,0.01,2317.965865,1776233383000
1776233384.699,284.699,0.98,274.82,0.97,20.01,0.99,285.66,,,0.01,288.07,,,0.02,259.82,0.03,15.01,0.01,0.01,2317.965865,1776233383000
1776233385.18,285.18,0.99,4287.32,0.98,132.78,,,,,,,,,0.01,722.35,0.02,279.82,,,2317.965865,1776233383000
1776233385.416,285.416,0.99,4284.02,0.98,132.78,,,,,,,,,0.01,4285.1,0.02,132.78,,,2318.03284,1776233384000
1776233385.955,285.955,0.99,4294.17,0.98,132.78,,,,,,,,,0.01,4284.02,0.02,132.78,,,2318.03284,1776233384000
1776233386.491,286.491,0.99,4294.17,0.98,132.78,,,,,,,,,0.01,4294.17,0.02,132.78,,,2318.227226,1776233385000
1776233387.22,287.22,0.99,4294.17,0.98,132.78,,,,,,,,,0.01,4294.17,0.02,132.78,,,2318.538586,1776233386000
1776233388.933,288.933,0.99,4294.17,0.98,132.78,,,,,,,,,0.01,4294.17,0.02,132.78,,,2318.574,1776233387000
1776233389.376,289.376,0.99,4294.17,0.98,132.78,,,,,,,,,0.01,4294.17,0.02,132.78,,,2318.5743,1776233388000
1776233389.975,289.975,0.99,4294.17,0.98,132.78,,,,,,,,,0.01,4294.17,0.02,132.78,,,2318.5743,1776233389000
1776233390.996,290.996,0.99,4294.17,0.98,132.78,,,,,,,,,0.01,4294.17,0.02,132.78,,,2318.682645,1776233390000
1776233392.101,292.101,0.99,4294.17,0.98,132.78,,,,,,,,,0.01,4294.17,0.02,132.78,,,2318.71425,1776233391000
1776233393.223,293.223,0.99,4294.17,0.98,132.78,,,,,,,,,0.01,4294.17,0.02,132.78,,,2318.7142,1776233392000
1776233394.289,294.289,0.99,4294.17,0.98,132.78,,,,,,,,,0.01,4294.17,0.02,132.78,,,2318.700242,1776233393000
1776233394.853,294.853,0.99,4294.17,0.98,132.78,,,,,,,,,0.01,4294.17,0.02,132.78,,,2318.700242,1776233394000
1776233395.879,295.879,0.99,4294.17,0.98,132.78,,,,,,,,,0.01,4294.17,0.02,132.78,,,2318.75345,1776233395000
1776233396.891,296.891,0.99,4294.17,0.98,132.78,,,,,,,,,0.01,4294.17,0.02,132.78,,,2318.74325,1776233396000
1776233397.881,297.881,0.99,7577.94,0.98,47.26,,,,,,,,,0.01,4294.17,0.02,132.78,,,2318.74325,1776233396000
1776233398.904,298.904,0.99,9773.45,0.98,80.26,,,,,,,,,0.01,7577.94,0.02,47.26,,,2318.74315,1776233397000
1776233399.854,299.854,0.99,9773.45,0.98,80.26,,,,,,,,,0.01,9773.45,0.02,80.26,,,2318.696305,1776233399000
1776233400.902,300.902,0.99,9773.45,0.98,80.26,,,,,,,,,0.01,9773.45,0.02,80.26,,,2318.7432,1776233400000
1776233402.353,302.353,0.99,9773.45,0.98,80.26,,,,,,,,,0.01,9773.45,0.02,80.26,,,2318.699235,1776233401000
1776233402.827,302.827,0.99,9773.45,0.98,80.26,,,,,,,,,0.01,9773.45,0.02,80.26,,,2318.696335,1776233402000

# RESULT,winner=Up,slug=eth-updown-5m-1776233100,ticks=437
