timestamp,elapsed_sec,up_bid_p1,up_bid_s1,up_bid_p2,up_bid_s2,up_ask_p1,up_ask_s1,up_ask_p2,up_ask_s2,down_bid_p1,down_bid_s1,down_bid_p2,down_bid_s2,down_ask_p1,down_ask_s1,down_ask_p2,down_ask_s2,up_spread,down_spread,eth_price,eth_oracle_ts
1776346800.708,0.708,0.48,6.0,0.46,70.0,0.54,70.0,0.55,70.0,0.46,70.0,0.45,70.0,0.5,10.0,0.54,70.0,0.06,0.04,2336.481934,1776346799000
1776346800.988,0.988,0.51,92.49,0.46,70.0,0.54,70.0,0.55,70.0,0.52,5.51,0.46,75.0,0.54,70.0,0.55,78.88,0.03,0.02,2336.481934,1776346799000
1776346801.217,1.217,0.52,5.0,0.51,92.49,0.54,67.22,0.55,70.0,0.46,70.0,0.45,70.0,0.49,92.49,0.54,70.0,0.02,0.03,2336.702901,1776346800000
1776346801.429,1.429,0.52,31.0,0.51,114.49,0.54,62.22,0.55,75.0,0.46,67.22,0.45,70.0,0.48,5.0,0.49,92.49,0.02,0.02,2336.702901,1776346800000
1776346801.795,1.795,0.51,107.5,0.5,13.0,0.53,5.0,0.54,83.22,0.46,62.22,0.45,75.0,0.48,31.0,0.49,114.49,0.02,0.02,2336.702901,1776346800000
1776346802.42,2.42,0.48,23.94,0.47,13.0,0.54,57.75,0.55,70.0,0.48,5.0,0.47,5.0,0.51,23.0,0.52,23.94,0.06,0.03,2336.702901,1776346800000
1776346802.698,2.698,0.48,20.94,0.47,13.0,0.53,5.0,0.54,70.75,0.46,57.75,0.45,70.0,0.52,23.94,0.53,13.0,0.05,0.06,2336.84653,1776346801000
1776346803.106,3.106,0.5,0.39,0.49,15.0,0.51,6.0,0.52,22.61,0.48,3.61,0.47,5.0,0.5,0.39,0.52,15.94,0.01,0.02,2336.84653,1776346801000
1776346803.406,3.406,0.49,15.0,0.48,20.94,0.51,11.0,0.52,22.61,0.49,11.0,0.48,22.61,0.51,15.0,0.52,20.94,0.02,0.02,2336.93167,1776346802000
1776346803.955,3.955,0.5,4.34,0.49,115.0,0.51,116.0,0.52,122.61,0.49,11.0,0.48,22.61,0.51,15.0,0.52,20.94,0.01,0.02,2336.93167,1776346802000
1776346804.451,4.451,0.5,4.34,0.49,120.09,0.51,108.03,0.52,122.61,0.49,116.0,0.48,122.61,0.5,4.34,0.51,115.0,0.01,0.01,2336.849789,1776346803000
1776346805.517,5.517,0.52,132.7,0.51,115.0,0.54,62.75,0.55,97.0,0.49,108.03,0.48,122.61,0.5,4.34,0.51,120.09,0.02,0.01,2336.849789,1776346803000
1776346805.79,5.79,0.53,134.2,0.52,145.0,0.54,54.75,0.55,70.0,0.46,62.75,0.45,97.0,0.48,132.7,0.49,115.0,0.01,0.02,2336.461705,1776346804000
1776346806.176,6.176,0.53,110.0,0.52,166.0,0.54,44.75,0.55,80.0,0.46,37.98,0.45,70.0,0.47,156.0,0.48,161.0,0.01,0.01,2336.461705,1776346804000
1776346806.676,6.676,0.53,100.0,0.52,115.0,0.54,36.41,0.55,80.0,0.46,44.75,0.45,80.0,0.47,110.0,0.48,166.0,0.01,0.01,2336.465491,1776346805000
1776346806.965,6.965,0.52,105.0,0.51,133.0,0.54,39.55,0.55,91.0,0.46,36.41,0.45,80.0,0.47,100.0,0.48,115.0,0.02,0.01,2336.465491,1776346805000
1776346807.174,7.174,0.52,105.0,0.51,133.0,0.54,39.55,0.55,91.0,0.46,39.55,0.45,91.0,0.48,105.0,0.49,133.0,0.02,0.02,2336.467243,1776346806000
1776346807.488,7.488,0.51,110.0,0.5,117.34,0.52,1.15,0.53,36.0,0.46,39.55,0.45,91.0,0.48,105.0,0.49,133.0,0.01,0.02,2336.467243,1776346806000
1776346807.7,7.7,0.51,105.0,0.5,122.34,0.52,5.0,0.53,15.0,0.47,32.15,0.46,47.55,0.49,110.0,0.5,117.34,0.01,0.02,2336.467243,1776346806000
1776346807.943,7.943,0.52,7.91,0.51,10.0,0.53,109.9,0.54,147.55,0.47,109.9,0.46,147.55,0.49,10.0,0.5,11.34,0.01,0.02,2336.467243,1776346806000
1776346808.497,8.497,0.51,76.69,0.5,116.34,0.52,10.31,0.53,10.0,0.48,10.31,0.47,15.0,0.49,6.69,0.5,16.34,0.01,0.01,2336.467243,1776346806000
1776346808.732,8.732,0.51,76.69,0.5,116.34,0.52,10.31,0.53,10.0,0.48,10.31,0.47,10.0,0.49,76.69,0.5,116.34,0.01,0.01,2336.971387,1776346807000
1776346809.473,9.473,0.51,76.69,0.5,116.34,0.52,10.31,0.53,10.0,0.48,10.31,0.47,10.0,0.49,76.69,0.5,116.34,0.01,0.01,2336.911519,1776346808000
1776346809.803,9.803,0.49,27.09,0.48,37.94,0.51,49.2,0.52,145.31,0.48,10.31,0.47,10.0,0.49,76.69,0.5,116.34,0.02,0.01,2336.911519,1776346808000
1776346810.166,10.166,0.49,27.09,0.48,37.94,0.51,49.2,0.52,145.31,0.49,49.2,0.48,145.31,0.51,27.09,0.52,37.94,0.02,0.02,2336.759104,1776346809000
1776346810.574,10.574,0.49,0.09,0.48,10.94,0.5,110.0,0.51,184.5,0.49,49.2,0.48,145.31,0.51,27.09,0.52,37.94,0.01,0.02,2336.759104,1776346809000
1776346810.911,10.911,0.39,7.25,0.38,2.87,0.41,10.0,0.43,10.0,0.57,10.0,0.56,10.0,0.62,2.87,0.63,215.0,0.02,0.05,2336.759104,1776346809000
1776346811.157,11.157,0.39,20.2,0.38,2.87,0.4,13.33,0.41,28.47,0.59,18.47,0.58,10.0,0.61,20.2,0.62,2.87,0.01,0.02,2336.759104,1776346809000
1776346811.54,11.54,0.37,179.76,0.36,49.94,0.38,15.0,0.39,20.0,0.62,15.0,0.61,15.0,0.63,204.76,0.64,49.94,0.01,0.01,2336.759104,1776346809000
1776346811.941,11.941,0.37,189.6,0.36,49.94,0.38,15.0,0.39,20.0,0.62,15.0,0.61,20.0,0.63,174.76,0.64,49.94,0.01,0.01,2336.742145,1776346810000
1776346812.182,12.182,0.37,162.6,0.36,49.94,0.38,15.0,0.39,20.0,0.62,15.0,0.61,20.0,0.63,189.6,0.64,49.94,0.01,0.01,2336.742145,1776346810000
1776346812.431,12.431,0.37,157.6,0.36,49.94,0.38,15.0,0.39,20.0,0.62,15.0,0.61,20.0,0.63,162.6,0.64,49.94,0.01,0.01,2336.742145,1776346810000
1776346812.835,12.835,0.37,157.6,0.36,59.94,0.38,5.0,0.39,20.0,0.62,15.0,0.61,20.0,0.63,157.6,0.64,49.94,0.01,0.01,2336.700835,1776346811000
1776346813.251,13.251,0.37,162.6,0.36,138.01,0.39,10.0,0.4,10.0,0.61,20.0,0.6,15.0,0.63,157.6,0.64,138.01,0.02,0.02,2335.690951,1776346812000
1776346813.532,13.532,0.41,10.0,0.4,10.0,0.42,5.5,0.44,10.0,0.58,11.11,0.57,5.0,0.6,10.0,0.61,93.8,0.01,0.02,2335.690951,1776346812000
1776346813.738,13.738,0.43,10.0,0.42,80.0,0.46,14.14,0.47,20.0,0.54,14.14,0.53,20.0,0.57,10.0,0.58,80.0,0.03,0.03,2335.690951,1776346812000
1776346814.035,14.035,0.42,77.75,0.41,76.84,0.46,14.14,0.47,15.0,0.54,14.14,0.53,20.0,0.57,10.0,0.58,80.0,0.04,0.03,2335.690951,1776346812000
1776346814.284,14.284,0.44,23.73,0.43,15.0,0.45,10.0,0.46,14.14,0.54,14.14,0.53,15.0,0.58,77.75,0.59,76.84,0.01,0.04,2335.690951,1776346812000
1776346815.002,15.002,0.43,68.16,0.42,93.0,0.44,115.0,0.45,110.0,0.55,26.0,0.54,10.0,0.57,83.9,0.58,75.0,0.01,0.02,2335.32845,1776346813000
1776346815.378,15.378,0.41,87.09,0.4,120.0,0.44,15.0,0.45,10.0,0.56,115.0,0.55,110.0,0.57,68.16,0.58,93.0,0.03,0.01,2335.32845,1776346813000
1776346815.631,15.631,0.42,15.0,0.41,82.0,0.43,5.0,0.44,16.0,0.56,1.0,0.55,10.0,0.59,87.09,0.6,120.0,0.01,0.03,2335.32845,1776346813000
1776346815.836,15.836,0.42,2.0,0.41,75.0,0.43,15.0,0.44,31.72,0.57,21.0,0.56,31.72,0.58,5.0,0.59,75.0,0.01,0.01,2336.020455,1776346814000
1776346816.058,16.058,0.41,2.0,0.4,97.0,0.42,35.0,0.43,125.0,0.57,29.2,0.56,31.72,0.59,75.0,0.6,87.0,0.01,0.02,2336.020455,1776346814000
1776346816.295,16.295,0.4,96.32,0.39,188.44,0.42,15.0,0.43,10.0,0.58,35.0,0.57,125.0,0.59,2.0,0.6,97.0,0.02,0.01,2336.020455,1776346814000
1776346816.526,16.526,0.41,5.0,0.4,83.32,0.42,25.09,0.43,30.0,0.58,10.0,0.57,10.0,0.6,83.32,0.61,188.44,0.01,0.02,2336.049557,1776346815000
1776346816.762,16.762,0.41,10.0,0.4,83.32,0.43,150.31,0.44,36.72,0.57,147.87,0.56,36.72,0.6,83.32,0.61,188.44,0.02,0.03,2336.049557,1776346815000
1776346817.028,17.028,0.41,10.0,0.4,111.32,0.42,24.2,0.43,142.94,0.57,150.31,0.56,36.72,0.59,10.0,0.6,83.32,0.01,0.02,2336.049557,1776346815000
1776346817.554,17.554,0.44,11.58,0.43,78.0,0.45,7.0,0.46,110.0,0.58,142.04,0.57,12.44,0.59,123.78,0.6,83.32,0.01,0.01,2336.049557,1776346815000
1776346818.572,18.572,0.48,10.0,0.47,59.0,0.49,7.5,0.5,180.0,0.54,106.13,0.53,131.5,0.56,30.58,0.57,53.0,0.01,0.02,2335.828874,1776346817000
1776346818.807,18.807,0.47,49.49,0.46,183.0,0.48,5.0,0.49,10.0,0.5,175.92,0.49,192.0,0.52,10.0,0.53,31.0,0.01,0.02,2335.828874,1776346817000
1776346819.042,19.042,0.47,68.09,0.46,40.0,0.48,21.0,0.5,185.92,0.52,5.0,0.51,10.0,0.53,49.49,0.54,183.0,0.01,0.01,2335.828874,1776346817000
1776346819.492,19.492,0.49,4.8,0.48,58.0,0.5,80.0,0.51,295.0,0.52,21.0,0.5,185.92,0.53,68.09,0.54,40.0,0.01,0.01,2335.938415,1776346818000
1776346820.03,20.03,0.49,44.8,0.48,40.0,0.5,7.0,0.51,5.0,0.5,80.0,0.49,295.0,0.51,4.8,0.52,58.0,0.01,0.01,2335.938415,1776346818000
1776346820.433,20.433,0.53,10.0,0.52,38.0,0.54,7.11,0.55,15.0,0.45,85.0,0.44,186.0,0.47,10.0,0.49,10.0,0.01,0.02,2336.1764,1776346819000
1776346820.803,20.803,0.54,7.52,0.53,115.0,0.55,15.0,0.56,86.0,0.46,7.11,0.45,15.0,0.47,10.0,0.48,38.0,0.01,0.01,2336.1764,1776346819000
1776346821.259,21.259,0.53,15.0,0.52,10.0,0.54,27.81,0.55,32.5,0.46,35.59,0.45,22.0,0.47,2.49,0.49,110.0,0.01,0.01,2336.484891,1776346820000
1776346821.943,21.943,0.53,290.0,0.52,115.0,0.55,5.0,0.56,70.0,0.46,15.03,0.45,32.5,0.47,2.0,0.48,10.0,0.02,0.01,2336.484891,1776346820000
1776346822.164,22.164,0.55,267.2,0.54,125.0,0.56,60.14,0.57,70.0,0.44,68.91,0.43,70.0,0.46,130.0,0.47,164.0,0.01,0.02,2336.484891,1776346820000
1776346822.4,22.4,0.55,284.27,0.54,115.0,0.56,4.63,0.57,70.0,0.44,9.63,0.43,70.0,0.45,303.47,0.46,115.0,0.01,0.01,2336.9371,1776346821000
1776346822.63,22.63,0.57,230.0,0.56,110.0,0.58,59.65,0.6,7.0,0.42,65.0,0.4,7.0,0.43,230.0,0.44,117.0,0.01,0.01,2336.9371,1776346821000
1776346822.875,22.875,0.57,270.0,0.56,115.0,0.61,185.0,0.62,102.0,0.42,54.65,0.4,7.0,0.43,265.0,0.44,110.0,0.04,0.01,2336.9371,1776346821000
1776346823.534,23.534,0.6,5.0,0.59,10.0,0.61,98.5,0.62,210.0,0.39,185.0,0.38,102.0,0.43,270.0,0.44,115.0,0.01,0.04,2336.9371,1776346821000
1776346823.835,23.835,0.6,10.0,0.59,10.0,0.61,93.09,0.62,95.0,0.39,98.5,0.38,210.0,0.4,5.0,0.41,10.0,0.01,0.01,2336.940042,1776346822000
1776346824.699,24.699,0.59,98.44,0.58,110.0,0.6,201.0,0.61,180.09,0.39,93.09,0.38,95.0,0.4,10.0,0.41,10.0,0.01,0.01,2337.58069,1776346823000
1776346825.272,25.272,0.59,98.44,0.58,110.0,0.6,169.86,0.61,180.09,0.4,183.36,0.39,180.09,0.41,98.44,0.42,110.0,0.01,0.01,2337.729205,1776346824000
1776346825.817,25.817,0.59,78.44,0.58,110.0,0.6,169.86,0.61,180.09,0.4,169.86,0.39,180.09,0.41,98.44,0.42,110.0,0.01,0.01,2337.729205,1776346824000
1776346826.547,26.547,0.59,48.44,0.58,100.0,0.6,244.52,0.61,160.09,0.4,161.52,0.39,185.09,0.41,78.44,0.42,110.0,0.01,0.01,2337.64944,1776346825000
1776346826.927,26.927,0.55,17.84,0.54,25.0,0.56,60.0,0.57,80.0,0.41,110.0,0.4,309.52,0.42,56.77,0.43,100.0,0.01,0.01,2337.64944,1776346825000
1776346827.814,27.814,0.54,20.89,0.53,38.0,0.55,102.5,0.56,10.0,0.44,55.0,0.43,80.0,0.47,35.0,0.48,15.0,0.01,0.03,2337.534096,1776346826000
1776346828.196,28.196,0.54,26.5,0.53,20.5,0.55,80.23,0.56,5.0,0.45,53.23,0.44,5.0,0.46,141.89,0.47,10.0,0.01,0.01,2337.421334,1776346827000
1776346828.421,28.421,0.54,23.86,0.53,145.5,0.55,59.79,0.56,40.5,0.45,64.79,0.44,5.0,0.46,33.86,0.47,145.5,0.01,0.01,2337.421334,1776346827000
1776346828.901,28.901,0.56,92.5,0.55,31.5,0.57,79.47,0.59,80.0,0.45,59.79,0.44,40.5,0.46,23.86,0.47,145.5,0.01,0.01,2337.421334,1776346827000
1776346830.568,30.568,0.6,143.5,0.59,35.08,0.61,67.0,0.63,80.5,0.43,79.47,0.41,80.0,0.44,92.5,0.45,31.5,0.01,0.01,2337.06914,1776346828000
1776346830.959,30.959,0.6,244.2,0.59,35.08,0.61,43.36,0.63,70.0,0.39,38.36,0.37,80.5,0.4,247.5,0.41,40.08,0.01,0.01,2337.231435,1776346829000
1776346831.176,31.176,0.62,153.5,0.61,20.5,0.63,40.36,0.64,5.5,0.37,45.6,0.36,5.5,0.38,121.86,0.39,26.5,0.01,0.01,2337.231435,1776346829000
1776346831.511,31.511,0.63,64.0,0.62,69.5,0.65,135.03,0.66,75.0,0.36,5.5,0.35,170.0,0.38,276.7,0.39,26.5,0.02,0.02,2337.674362,1776346830000
1776346831.715,31.715,0.64,144.44,0.63,53.0,0.65,124.56,0.66,75.0,0.35,135.03,0.34,75.0,0.36,4.44,0.37,70.0,0.01,0.01,2337.674362,1776346830000
1776346832.224,32.224,0.64,52.44,0.63,38.0,0.65,132.94,0.66,125.0,0.35,105.56,0.34,83.0,0.36,87.33,0.37,21.0,0.01,0.01,2337.7093,1776346831000
1776346832.522,32.522,0.64,204.44,0.63,38.0,0.65,73.37,0.66,93.5,0.35,132.94,0.34,125.0,0.36,52.44,0.37,38.0,0.01,0.01,2337.7093,1776346831000
1776346832.732,32.732,0.64,74.0,0.63,10.0,0.65,144.37,0.66,95.5,0.35,73.37,0.34,93.5,0.36,204.44,0.37,38.0,0.01,0.01,2337.7093,1776346831000
1776346833.386,33.386,0.64,223.08,0.63,38.0,0.66,75.0,0.67,25.0,0.35,144.37,0.34,95.5,0.36,74.0,0.37,10.0,0.02,0.01,2337.92395,1776346832000
1776346833.941,33.941,0.64,64.08,0.63,20.5,0.65,4.54,0.66,105.0,0.34,75.0,0.33,25.0,0.36,223.08,0.37,38.0,0.01,0.02,2337.92395,1776346832000
1776346834.634,34.634,0.65,224.0,0.64,36.5,0.66,70.97,0.67,100.0,0.34,76.35,0.33,100.0,0.35,38.0,0.36,84.08,0.01,0.01,2338.232415,1776346833000
1776346835.146,35.146,0.67,88.5,0.66,48.5,0.68,25.46,0.69,85.5,0.34,70.97,0.33,100.0,0.35,224.0,0.36,36.5,0.01,0.01,2338.232415,1776346833000
1776346835.671,35.671,0.64,2.5,0.6,70.0,0.68,412.96,0.69,104.5,0.32,25.46,0.31,85.5,0.33,88.5,0.34,48.5,0.04,0.01,2338.391397,1776346834000
1776346836.226,36.226,0.6,60.0,0.59,10.0,0.61,217.0,0.62,46.0,0.37,10.0,0.36,23.88,0.39,4.87,0.4,98.0,0.01,0.02,2338.53167,1776346835000
1776346837.471,37.471,0.6,50.0,0.59,50.0,0.61,343.5,0.62,56.5,0.39,199.5,0.38,61.5,0.4,65.0,0.41,10.0,0.01,0.01,2338.609106,1776346836000
1776346837.709,37.709,0.6,21.48,0.59,50.0,0.61,406.5,0.62,56.5,0.39,406.5,0.38,56.5,0.4,33.1,0.41,50.0,0.01,0.01,2338.609106,1776346836000
1776346838.106,38.106,0.59,16.45,0.56,50.0,0.6,85.0,0.61,176.29,0.4,10.0,0.39,382.29,0.41,27.56,0.43,5.0,0.01,0.01,2338.609106,1776346836000
1776346838.369,38.369,0.59,1.81,0.58,50.0,0.6,222.0,0.61,156.29,0.4,85.0,0.39,176.29,0.41,16.45,0.44,50.0,0.01,0.01,2337.878366,1776346837000
1776346838.657,38.657,0.56,30.95,0.55,55.0,0.57,214.73,0.58,80.0,0.43,10.0,0.42,10.0,0.44,30.95,0.45,55.0,0.01,0.01,2337.878366,1776346837000
1776346838.922,38.922,0.54,50.0,0.53,50.0,0.57,140.0,0.58,154.15,0.43,154.2,0.42,80.0,0.44,28.67,0.45,55.0,0.03,0.01,2337.878366,1776346837000
1776346839.231,39.231,0.52,40.21,0.51,108.0,0.53,3.11,0.54,41.0,0.46,16.0,0.45,16.0,0.48,45.21,0.49,108.0,0.01,0.02,2337.878366,1776346837000
1776346840.049,40.049,0.52,51.03,0.51,163.0,0.53,9.11,0.54,156.5,0.47,3.11,0.46,21.0,0.48,38.12,0.49,108.0,0.01,0.01,2337.704715,1776346838000
1776346841.117,41.117,0.52,20.0,0.51,288.5,0.53,10.78,0.54,131.0,0.47,4.11,0.46,151.5,0.48,46.03,0.49,163.0,0.01,0.01,2337.051532,1776346840000
1776346841.442,41.442,0.52,219.0,0.51,140.5,0.55,10.5,0.56,35.5,0.47,10.78,0.46,131.0,0.48,20.0,0.49,288.5,0.03,0.01,2337.051532,1776346840000
1776346841.934,41.934,0.54,102.41,0.53,180.47,0.55,60.5,0.56,85.5,0.45,10.5,0.44,35.5,0.46,11.91,0.47,175.47,0.01,0.01,2337.051532,1776346840000
1776346843.422,43.422,0.53,45.47,0.51,85.0,0.54,132.0,0.55,147.5,0.45,60.5,0.44,85.5,0.46,81.54,0.47,180.47,0.01,0.01,2336.900954,1776346842000
1776346843.699,43.699,0.53,22.04,0.51,85.0,0.54,231.5,0.55,116.5,0.46,146.2,0.45,147.5,0.47,32.47,0.49,85.0,0.01,0.01,2336.900954,1776346842000
1776346844.383,44.383,0.53,200.04,0.52,10.0,0.54,50.0,0.55,50.0,0.46,231.5,0.45,116.5,0.47,22.04,0.49,85.0,0.01,0.01,2337.006876,1776346843000
1776346844.659,44.659,0.53,232.04,0.52,20.5,0.54,42.0,0.55,50.0,0.46,47.0,0.45,60.5,0.47,205.04,0.48,20.5,0.01,0.01,2337.006876,1776346843000
1776346845.372,45.372,0.52,10.0,0.51,228.0,0.54,213.5,0.55,95.5,0.46,42.0,0.45,50.0,0.47,232.04,0.48,20.5,0.02,0.01,2337.006876,1776346843000
1776346846.471,46.471,0.52,174.0,0.51,369.5,0.54,62.5,0.55,70.5,0.46,213.5,0.45,95.5,0.48,10.0,0.49,228.0,0.02,0.02,2336.980207,1776346845000
1776346846.786,46.786,0.53,12.49,0.52,69.0,0.54,97.5,0.55,210.5,0.46,62.5,0.45,70.5,0.48,174.0,0.49,369.5,0.01,0.02,2336.980207,1776346845000
1776346847.302,47.302,0.53,2.0,0.51,80.0,0.54,267.7,0.55,95.5,0.46,97.5,0.45,210.5,0.47,12.49,0.48,69.0,0.01,0.01,2336.9373,1776346846000
1776346849.022,49.022,0.48,169.5,0.47,318.5,0.49,69.2,0.5,10.0,0.46,267.7,0.45,95.5,0.47,2.0,0.49,80.0,0.01,0.01,2336.885192,1776346847000
1776346850.235,50.235,0.51,137.7,0.5,68.5,0.52,52.0,0.53,55.94,0.51,69.2,0.5,10.0,0.52,169.5,0.53,318.5,0.01,0.01,2336.81773,1776346848000
1776346850.713,50.713,0.52,65.5,0.51,297.5,0.53,38.94,0.54,42.0,0.47,55.94,0.46,42.0,0.49,263.5,0.5,118.5,0.01,0.02,2336.81773,1776346848000
1776346851.057,51.057,0.52,208.5,0.51,177.5,0.53,0.94,0.54,42.0,0.47,38.94,0.46,42.0,0.48,65.5,0.49,297.5,0.01,0.01,2336.81773,1776346848000
1776346851.767,51.767,0.52,510.7,0.51,272.5,0.57,50.0,0.58,50.0,0.47,0.94,0.46,42.0,0.48,208.5,0.49,177.5,0.05,0.01,2336.7297,1776346849000
1776346852.084,52.084,0.61,15.0,0.6,28.33,0.62,42.19,0.63,50.0,0.4,89.9,0.39,144.79,0.41,31.0,0.42,25.5,0.01,0.01,2336.7297,1776346849000
1776346852.71,52.71,0.62,18.81,0.61,240.5,0.64,75.0,0.65,75.0,0.38,14.5,0.37,50.0,0.39,197.0,0.4,20.0,0.02,0.01,2336.896938,1776346851000
1776346853.668,53.668,0.63,193.0,0.62,15.0,0.65,75.0,0.66,75.0,0.36,65.0,0.35,75.0,0.37,10.0,0.38,18.81,0.02,0.01,2337.071882,1776346852000
1776346854.541,54.541,0.66,208.0,0.65,15.0,0.68,120.46,0.69,75.0,0.35,75.0,0.34,75.0,0.37,193.0,0.38,15.0,0.02,0.02,2338.085091,1776346853000
1776346854.867,54.867,0.69,48.0,0.68,15.0,0.7,48.42,0.71,138.06,0.32,120.46,0.31,75.0,0.34,208.0,0.35,15.0,0.01,0.02,2338.085091,1776346853000
1776346855.32,55.32,0.7,20.0,0.69,92.2,0.71,128.06,0.72,50.0,0.3,38.42,0.29,138.06,0.31,81.0,0.32,15.0,0.01,0.01,2338.176729,1776346854000
1776346855.583,55.583,0.7,41.53,0.69,123.0,0.71,128.06,0.72,50.0,0.29,128.06,0.28,50.0,0.3,20.0,0.31,92.2,0.01,0.01,2338.176729,1776346854000
1776346856.736,56.736,0.71,261.65,0.7,90.33,0.72,66.6,0.73,184.52,0.29,1.5,0.28,50.0,0.3,27.33,0.31,123.0,0.01,0.01,2338.739257,1776346855000
1776346857.078,57.078,0.71,228.99,0.7,82.83,0.72,26.6,0.73,151.52,0.28,66.6,0.27,184.52,0.29,261.65,0.3,90.33,0.01,0.01,2338.739257,1776346855000
1776346857.891,57.891,0.71,340.79,0.7,82.83,0.74,77.0,0.75,50.0,0.28,12.65,0.27,151.52,0.29,209.09,0.3,82.83,0.03,0.01,2339.03435,1776346856000
1776346858.1,58.1,0.73,63.2,0.72,75.5,0.74,60.24,0.75,60.5,0.26,67.0,0.25,50.0,0.29,340.79,0.3,82.83,0.01,0.03,2339.03435,1776346856000
1776346858.399,58.399,0.73,24.0,0.72,32.79,0.74,15.22,0.75,200.5,0.26,13.24,0.25,60.5,0.27,39.0,0.28,37.79,0.01,0.01,2339.03435,1776346856000
1776346858.703,58.703,0.72,32.79,0.71,10.0,0.74,169.5,0.75,97.5,0.26,15.22,0.25,200.5,0.27,24.0,0.28,32.79,0.02,0.01,2339.147,1776346857000
1776346859.002,59.002,0.73,13.3,0.72,32.79,0.74,71.0,0.75,154.71,0.26,96.5,0.25,97.5,0.27,4.89,0.28,32.79,0.01,0.01,2339.147,1776346857000
1776346859.288,59.288,0.73,106.3,0.72,93.29,0.77,60.36,0.78,75.0,0.26,71.0,0.25,154.71,0.27,13.3,0.28,32.79,0.04,0.01,2339.147,1776346857000
1776346859.847,59.847,0.76,35.0,0.75,10.0,0.77,132.72,0.78,182.82,0.23,60.36,0.22,75.0,0.27,106.3,0.28,93.29,0.01,0.04,2339.0903,1776346858000
1776346860.244,60.244,0.76,55.0,0.75,125.0,0.77,46.54,0.78,176.82,0.23,83.33,0.22,182.82,0.24,35.0,0.25,10.0,0.01,0.01,2339.330237,1776346859000
1776346860.73,60.73,0.76,15.0,0.74,60.0,0.77,96.51,0.78,166.82,0.23,35.76,0.22,291.82,0.24,40.0,0.25,125.0,0.01,0.01,2339.330237,1776346859000
1776346861.096,61.096,0.76,3.0,0.74,10.0,0.77,289.87,0.78,170.82,0.23,230.51,0.22,161.82,0.24,10.0,0.27,10.0,0.01,0.01,2339.330237,1776346859000
1776346861.301,61.301,0.74,15.0,0.73,10.0,0.75,136.16,0.76,170.23,0.24,56.23,0.23,105.36,0.26,15.0,0.27,10.0,0.01,0.02,2339.486425,1776346860000
1776346861.915,61.915,0.74,31.0,0.73,60.0,0.75,27.33,0.76,15.0,0.25,139.49,0.24,110.5,0.26,15.0,0.27,10.0,0.01,0.01,2339.486425,1776346860000
1776346862.285,62.285,0.77,58.0,0.76,65.0,0.78,150.2,0.79,92.0,0.25,27.33,0.24,15.0,0.26,31.0,0.27,60.0,0.01,0.01,2339.486425,1776346860000
1776346862.855,62.855,0.78,51.0,0.77,80.5,0.79,56.5,0.8,95.0,0.21,17.0,0.2,50.0,0.22,13.0,0.23,53.0,0.01,0.01,2339.486425,1776346860000
1776346863.191,63.191,0.78,28.5,0.77,70.5,0.79,146.0,0.8,60.5,0.21,56.5,0.2,95.0,0.22,51.0,0.23,80.5,0.01,0.01,2339.486425,1776346860000
1776346863.473,63.473,0.78,13.0,0.77,175.0,0.79,146.73,0.8,85.5,0.21,146.0,0.2,60.5,0.22,28.5,0.23,70.5,0.01,0.01,2339.486425,1776346860000
1776346864.078,64.078,0.78,60.09,0.77,13.0,0.79,435.23,0.8,231.65,0.21,146.73,0.2,85.5,0.22,13.0,0.23,175.0,0.01,0.01,2339.486425,1776346860000
1776346864.286,64.286,0.77,3.0,0.76,15.0,0.79,406.21,0.8,300.65,0.21,401.21,0.2,270.65,0.23,13.0,0.24,15.0,0.02,0.02,2339.486425,1776346860000
1776346864.506,64.506,0.76,20.0,0.75,17.0,0.77,193.7,0.78,106.5,0.22,156.0,0.21,132.86,0.24,15.0,0.25,17.0,0.01,0.02,2339.486425,1776346860000
1776346864.881,64.881,0.76,3.75,0.73,10.0,0.77,476.06,0.78,112.5,0.23,298.12,0.22,86.5,0.24,3.75,0.25,10.0,0.01,0.01,2339.486425,1776346860000
1776346865.088,65.088,0.74,10.0,0.73,10.0,0.75,126.0,0.76,63.0,0.23,481.06,0.22,112.5,0.26,10.0,0.27,10.0,0.01,0.03,2339.486425,1776346860000
1776346865.462,65.462,0.73,15.0,0.72,20.5,0.74,130.5,0.75,247.5,0.25,126.0,0.24,63.0,0.26,10.0,0.27,10.0,0.01,0.01,2339.486425,1776346860000
1776346866.106,66.106,0.73,23.0,0.72,20.5,0.74,117.03,0.75,242.5,0.26,86.03,0.25,247.5,0.27,15.0,0.28,20.5,0.01,0.01,2339.486425,1776346860000
1776346867.683,67.683,0.73,9.29,0.72,14.0,0.74,312.03,0.75,148.5,0.26,117.03,0.25,242.5,0.27,23.0,0.28,20.5,0.01,0.01,2339.486425,1776346860000
1776346867.885,67.885,0.72,8.0,0.71,5.0,0.73,25.5,0.74,347.03,0.26,347.03,0.25,166.13,0.28,14.0,0.29,5.0,0.01,0.02,2339.486425,1776346860000
1776346868.366,68.366,0.7,6.66,0.69,5.0,0.71,174.5,0.72,226.5,0.29,40.66,0.28,51.5,0.31,5.0,0.32,25.5,0.01,0.02,2339.486425,1776346860000
1776346868.656,68.656,0.7,5.0,0.69,5.0,0.71,301.35,0.72,106.5,0.29,313.11,0.28,111.5,0.3,6.66,0.31,5.0,0.01,0.01,2339.486425,1776346860000
1776346869.184,69.184,0.68,24.2,0.67,85.5,0.69,5.0,0.71,60.0,0.29,301.35,0.28,106.5,0.3,5.0,0.31,5.0,0.01,0.01,2339.486425,1776346860000
1776346869.394,69.394,0.67,85.5,0.66,65.0,0.69,4.9,0.71,55.0,0.31,4.9,0.29,55.0,0.32,47.2,0.33,85.5,0.02,0.01,2339.486425,1776346860000
1776346872.655,72.655,0.73,260.5,0.72,76.5,0.75,131.94,0.76,57.0,0.31,4.9,0.29,55.0,0.33,85.5,0.34,65.0,0.02,0.02,2338.945296,1776346871000
1776346874.367,74.367,0.76,15.0,0.75,125.0,0.77,35.7,0.78,175.0,0.25,124.52,0.24,57.0,0.26,26.0,0.27,255.5,0.01,0.01,2339.225298,1776346872000
1776346875.575,75.575,0.76,1.05,0.74,16.0,0.77,270.7,0.78,110.49,0.23,39.2,0.22,185.5,0.24,15.0,0.25,10.0,0.01,0.01,2339.225298,1776346872000
1776346875.968,75.968,0.73,10.0,0.72,16.0,0.76,325.5,0.77,66.5,0.23,270.7,0.22,110.49,0.24,1.05,0.26,16.0,0.03,0.01,2339.225298,1776346872000
1776346877.669,77.669,0.73,148.0,0.72,70.5,0.74,75.86,0.75,57.0,0.25,14.0,0.24,305.71,0.28,16.0,0.29,43.5,0.01,0.03,2339.312378,1776346876000
1776346879.092,79.092,0.77,179.0,0.76,85.32,0.78,90.0,0.79,137.79,0.26,68.92,0.25,57.0,0.27,148.0,0.28,70.5,0.01,0.01,2339.154136,1776346877000
1776346881.695,81.695,0.77,2.0,0.76,26.32,0.78,366.86,0.79,111.13,0.22,87.0,0.21,137.79,0.23,160.3,0.24,95.82,0.01,0.01,2339.374275,1776346880000
1776346881.977,81.977,0.75,13.0,0.74,5.0,0.77,275.5,0.78,125.02,0.22,323.02,0.21,111.13,0.24,18.07,0.25,5.0,0.02,0.02,2339.374275,1776346880000
1776346882.526,82.526,0.74,4.57,0.73,15.95,0.75,291.5,0.76,111.13,0.24,221.5,0.23,175.5,0.26,14.57,0.27,25.95,0.01,0.02,2339.47755,1776346881000
1776346883.583,83.583,0.72,55.35,0.71,190.5,0.73,13.0,0.74,81.5,0.26,25.5,0.25,252.5,0.28,55.35,0.29,98.5,0.01,0.02,2339.358332,1776346882000
1776346884.975,84.975,0.71,55.2,0.7,5.0,0.72,181.0,0.73,98.63,0.27,13.0,0.26,81.5,0.28,55.35,0.29,190.5,0.01,0.01,2338.99636,1776346883000
1776346885.464,85.464,0.66,40.0,0.65,70.0,0.67,35.0,0.68,10.0,0.28,335.0,0.27,98.63,0.31,50.0,0.32,55.0,0.01,0.03,2338.867695,1776346884000
1776346886.876,86.876,0.71,44.2,0.7,70.0,0.72,61.0,0.73,182.0,0.33,20.0,0.32,24.0,0.34,29.41,0.35,70.0,0.01,0.01,2338.79647,1776346885000
1776346887.468,87.468,0.71,5.0,0.7,10.0,0.72,225.5,0.73,97.5,0.28,61.0,0.27,182.0,0.29,44.2,0.3,70.0,0.01,0.01,2338.64874,1776346886000
1776346887.962,87.962,0.7,6.26,0.69,65.0,0.71,203.59,0.72,125.5,0.29,127.59,0.28,125.5,0.3,10.0,0.31,65.0,0.01,0.01,2338.64874,1776346886000
1776346888.889,88.889,0.72,256.5,0.71,36.5,0.73,33.0,0.75,50.0,0.29,203.59,0.28,125.5,0.3,6.26,0.31,65.0,0.01,0.01,2338.355899,1776346887000
1776346891.852,91.852,0.7,50.0,0.69,50.0,0.71,122.0,0.72,184.5,0.27,53.89,0.25,175.5,0.28,85.5,0.29,36.5,0.01,0.01,2338.818786,1776346890000
1776346893.182,93.182,0.68,53.87,0.67,185.5,0.7,164.5,0.71,201.5,0.3,10.0,0.29,232.0,0.31,47.0,0.32,50.0,0.02,0.01,2338.78045,1776346892000
1776346893.517,93.517,0.66,35.46,0.65,75.5,0.67,5.0,0.68,85.0,0.3,164.5,0.29,201.5,0.32,53.87,0.33,185.5,0.01,0.02,2338.78045,1776346892000
1776346893.738,93.738,0.73,30.0,0.72,60.0,0.74,7.9,0.81,16.0,0.33,5.0,0.32,85.0,0.34,35.46,0.35,75.5,0.01,0.01,2338.78045,1776346892000
1776346894.017,94.017,0.8,10.0,0.79,10.0,0.81,47.33,0.82,55.0,0.19,4.27,0.18,55.0,0.2,10.0,0.21,10.0,0.01,0.01,2338.78045,1776346892000
1776346894.24,94.24,0.81,10.0,0.8,10.0,0.82,53.78,0.83,75.0,0.19,29.33,0.18,170.0,0.21,9.66,0.22,125.0,0.01,0.02,2338.382902,1776346893000
1776346894.545,94.545,0.81,35.57,0.79,171.66,0.82,77.78,0.83,101.36,0.2,20.0,0.18,53.78,0.21,110.66,0.22,10.0,0.01,0.01,2338.382902,1776346893000
1776346894.938,94.938,0.8,11.9,0.7,56.0,0.81,65.0,0.82,57.97,0.18,116.97,0.17,101.36,0.19,5.57,0.2,10.0,0.01,0.01,2338.382902,1776346893000
1776346895.167,95.167,0.7,46.0,0.69,66.0,0.71,10.0,0.72,20.0,0.2,16.05,0.19,305.0,0.3,56.0,0.31,61.0,0.01,0.1,2338.382902,1776346893000
1776346895.408,95.408,0.7,143.0,0.69,60.0,0.72,10.0,0.73,10.0,0.28,20.0,0.27,27.0,0.3,46.0,0.31,66.0,0.02,0.02,2338.395378,1776346894000
1776346895.689,95.689,0.72,20.14,0.7,143.0,0.73,10.0,0.74,10.0,0.28,4.86,0.27,10.0,0.29,45.0,0.3,183.0,0.01,0.01,2338.395378,1776346894000
1776346896.362,96.362,0.71,41.0,0.7,154.0,0.73,102.45,0.74,125.0,0.28,4.0,0.27,104.45,0.29,5.0,0.3,173.0,0.02,0.01,2339.479425,1776346895000
1776346896.9,96.9,0.72,26.0,0.69,10.0,0.73,264.0,0.74,105.83,0.27,42.45,0.26,125.0,0.28,10.0,0.29,136.0,0.01,0.01,2339.479425,1776346895000
1776346897.11,97.11,0.71,10.0,0.7,10.0,0.73,103.0,0.74,105.83,0.27,142.0,0.26,105.83,0.29,10.0,0.3,10.0,0.02,0.02,2339.479425,1776346895000
1776346897.388,97.388,0.71,0.2,0.7,10.0,0.72,32.0,0.73,10.0,0.28,32.0,0.27,54.0,0.29,6.2,0.3,10.0,0.01,0.01,2338.716925,1776346896000
1776346897.634,97.634,0.71,22.2,0.69,20.5,0.72,197.0,0.73,65.5,0.28,32.0,0.27,55.5,0.3,12.02,0.31,20.5,0.01,0.02,2338.716925,1776346896000
1776346900.525,100.525,0.65,75.5,0.64,180.0,0.69,279.5,0.7,26.5,0.28,129.22,0.27,20.5,0.29,2.2,0.31,20.5,0.04,0.01,2338.50793,1776346899000
1776346900.759,100.759,0.65,15.5,0.64,70.0,0.66,150.0,0.67,150.0,0.31,279.5,0.3,26.5,0.35,68.78,0.36,180.0,0.01,0.04,2338.50793,1776346899000
1776346901.293,101.293,0.65,15.5,0.64,70.0,0.66,35.0,0.67,30.5,0.34,150.0,0.33,150.0,0.35,15.5,0.36,70.0,0.01,0.01,2338.39056,1776346900000
1776346901.707,101.707,0.65,15.5,0.64,75.5,0.68,8.52,0.69,85.5,0.34,35.0,0.33,30.5,0.35,15.5,0.36,70.0,0.03,0.01,2338.39056,1776346900000
1776346901.997,101.997,0.68,78.2,0.67,25.5,0.69,48.53,0.7,65.5,0.31,58.53,0.3,196.36,0.32,10.0,0.33,10.0,0.01,0.01,2338.39056,1776346900000
1776346902.347,102.347,0.68,64.0,0.67,140.5,0.69,47.08,0.7,65.5,0.31,48.53,0.3,65.5,0.32,78.2,0.33,25.5,0.01,0.01,2338.303043,1776346901000
1776346903.467,103.467,0.67,47.73,0.65,137.5,0.68,363.5,0.69,123.58,0.31,47.08,0.3,55.0,0.32,297.5,0.33,25.5,0.01,0.01,2338.134489,1776346902000
1776346903.97,103.97,0.64,15.5,0.63,175.0,0.65,114.0,0.66,65.0,0.32,474.5,0.31,93.58,0.35,10.5,0.36,75.5,0.01,0.03,2338.134489,1776346902000
1776346905.147,105.147,0.64,5.5,0.63,292.0,0.65,93.46,0.66,195.5,0.35,114.0,0.34,65.0,0.36,15.5,0.37,175.0,0.01,0.01,2338.274167,1776346903000
1776346906.145,106.145,0.67,396.7,0.66,119.5,0.68,50.0,0.69,47.08,0.35,93.46,0.34,195.5,0.36,5.5,0.37,292.0,0.01,0.01,2338.075809,1776346905000
1776346906.621,106.621,0.61,11.9,0.58,20.0,0.62,75.36,0.63,20.0,0.32,42.58,0.31,47.08,0.33,391.7,0.34,119.5,0.01,0.01,2338.075809,1776346905000
1776346906.823,106.823,0.52,5.87,0.51,18.22,0.54,15.0,0.55,15.0,0.46,25.86,0.45,15.0,0.48,8.87,0.49,18.22,0.02,0.02,2338.075809,1776346905000
1776346907.029,107.029,0.44,15.38,0.43,112.81,0.45,10.0,0.46,10.0,0.55,16.07,0.54,10.0,0.57,112.81,0.58,125.0,0.01,0.02,2338.075809,1776346905000
1776346907.237,107.237,0.43,56.87,0.42,120.0,0.44,13.38,0.45,15.0,0.56,15.0,0.55,10.0,0.57,56.87,0.58,120.0,0.01,0.01,2338.049542,1776346906000
1776346907.489,107.489,0.43,5.0,0.42,93.61,0.44,131.77,0.45,21.36,0.56,136.77,0.55,21.36,0.58,93.61,0.59,220.0,0.01,0.02,2338.049542,1776346906000
1776346907.731,107.731,0.41,144.96,0.4,185.0,0.42,4.64,0.43,10.0,0.56,363.77,0.55,21.36,0.59,144.96,0.6,185.0,0.01,0.03,2338.049542,1776346906000
1776346908.014,108.014,0.4,4.9,0.36,44.44,0.41,21.0,0.42,133.64,0.59,15.0,0.58,273.84,0.6,78.7,0.61,50.0,0.01,0.01,2338.049542,1776346906000
1776346908.221,108.221,0.36,19.06,0.35,10.0,0.37,31.0,0.38,10.0,0.63,31.0,0.62,10.0,0.64,29.06,0.65,10.0,0.01,0.01,2338.049542,1776346906000
1776346908.438,108.438,0.27,118.25,0.26,125.0,0.29,10.0,0.3,17.14,0.7,7.14,0.68,7.35,0.72,18.63,0.73,125.0,0.02,0.02,2337.851253,1776346907000
1776346908.727,108.727,0.26,71.21,0.25,100.0,0.28,267.0,0.29,16.0,0.71,10.0,0.7,10.0,0.73,104.9,0.74,186.53,0.02,0.02,2337.851253,1776346907000
1776346909.027,109.027,0.26,60.33,0.25,120.0,0.27,162.0,0.28,10.0,0.73,32.0,0.72,10.0,0.74,56.53,0.75,50.0,0.01,0.01,2337.851253,1776346907000
1776346909.309,109.309,0.26,78.9,0.25,190.0,0.27,144.78,0.28,10.0,0.73,155.9,0.72,30.0,0.74,82.9,0.75,190.0,0.01,0.01,2337.851253,1776346907000
1776346909.627,109.627,0.27,10.0,0.26,189.0,0.29,72.0,0.3,10.0,0.73,119.78,0.72,5.0,0.76,9.07,0.77,10.0,0.02,0.03,2335.778278,1776346908000
1776346909.849,109.849,0.26,301.23,0.25,95.44,0.27,56.0,0.28,10.0,0.73,51.0,0.72,10.0,0.74,248.87,0.75,105.44,0.01,0.01,2335.778278,1776346908000
1776346910.109,110.109,0.28,73.08,0.27,5.0,0.29,15.0,0.3,3.33,0.7,3.33,0.69,125.0,0.71,17.24,0.72,5.0,0.01,0.01,2335.466148,1776346909000
1776346910.495,110.495,0.27,25.64,0.26,140.0,0.28,4.5,0.29,10.0,0.71,15.0,0.7,3.33,0.73,15.0,0.74,170.64,0.01,0.02,2335.466148,1776346909000
1776346910.748,110.748,0.27,18.6,0.26,151.0,0.28,15.0,0.29,1.41,0.72,15.0,0.71,1.41,0.73,25.98,0.74,151.0,0.01,0.01,2335.466148,1776346909000
1776346911.132,111.132,0.28,19.0,0.27,142.96,0.29,5.0,0.3,5.0,0.72,15.0,0.71,1.41,0.73,18.6,0.74,151.0,0.01,0.01,2334.123955,1776346910000
1776346911.392,111.392,0.27,20.86,0.26,145.0,0.29,5.0,0.3,15.0,0.71,5.0,0.7,5.0,0.72,13.93,0.73,142.96,0.02,0.01,2334.123955,1776346910000
1776346911.671,111.671,0.26,285.0,0.25,105.94,0.28,10.0,0.29,15.0,0.71,5.0,0.7,15.0,0.73,0.58,0.74,145.0,0.02,0.02,2334.123955,1776346910000
1776346911.884,111.884,0.28,5.0,0.27,280.0,0.29,23.65,0.3,15.0,0.71,23.65,0.7,15.0,0.73,155.0,0.74,258.91,0.01,0.02,2334.123955,1776346910000
1776346912.494,112.494,0.29,30.0,0.28,120.0,0.33,9.3,0.34,47.57,0.7,1.26,0.69,10.0,0.72,237.0,0.73,15.0,0.04,0.02,2334.327512,1776346911000
1776346912.999,112.999,0.27,37.0,0.26,133.91,0.3,16.0,0.31,70.5,0.67,9.3,0.66,47.57,0.71,30.0,0.72,120.0,0.03,0.04,2334.327512,1776346911000
1776346913.28,113.28,0.26,133.84,0.24,10.0,0.28,50.0,0.29,46.0,0.72,16.0,0.71,10.0,0.73,50.16,0.74,133.91,0.02,0.01,2334.2304,1776346912000
1776346913.481,113.481,0.27,106.86,0.26,143.84,0.28,42.0,0.29,10.0,0.72,50.0,0.71,10.0,0.73,108.34,0.74,133.84,0.01,0.01,2334.2304,1776346912000
1776346913.924,113.924,0.27,10.36,0.26,244.63,0.28,148.0,0.29,16.0,0.72,6.0,0.71,10.0,0.73,223.86,0.74,143.84,0.01,0.01,2334.2304,1776346912000
1776346914.749,114.749,0.26,208.78,0.25,115.0,0.27,168.0,0.28,145.0,0.72,119.64,0.71,22.0,0.74,208.78,0.77,10.0,0.01,0.02,2334.34601,1776346913000
1776346915.046,115.046,0.26,70.79,0.25,115.0,0.27,149.0,0.28,60.5,0.73,168.0,0.72,145.0,0.74,208.78,0.75,115.0,0.01,0.01,2334.34601,1776346913000
1776346915.924,115.924,0.26,40.0,0.25,115.0,0.27,39.0,0.28,263.5,0.73,45.2,0.72,36.5,0.74,62.24,0.75,117.0,0.01,0.01,2334.011156,1776346914000
1776346916.269,116.269,0.25,102.99,0.24,125.5,0.26,22.26,0.27,276.5,0.73,39.0,0.72,31.5,0.74,40.0,0.75,96.79,0.01,0.01,2333.970196,1776346915000
1776346916.976,116.976,0.26,363.5,0.25,148.49,0.27,4.07,0.28,5.0,0.74,22.26,0.73,276.5,0.75,102.99,0.76,125.5,0.01,0.01,2333.970196,1776346915000
1776346917.274,117.274,0.3,24.88,0.29,10.0,0.31,51.68,0.32,10.0,0.69,41.68,0.68,10.0,0.74,413.5,0.75,148.49,0.01,0.05,2333.803946,1776346916000
1776346917.623,117.623,0.3,136.38,0.29,20.5,0.31,17.24,0.32,10.0,0.69,51.68,0.68,10.0,0.7,24.88,0.71,10.0,0.01,0.01,2333.803946,1776346916000
1776346917.975,117.975,0.3,149.5,0.29,135.5,0.31,15.0,0.32,77.5,0.68,16.0,0.67,40.0,0.7,135.88,0.71,20.5,0.01,0.02,2333.803946,1776346916000
1776346918.183,118.183,0.31,1.5,0.3,274.5,0.32,16.0,0.33,20.5,0.68,21.0,0.67,20.5,0.7,274.5,0.71,20.5,0.01,0.02,2333.803946,1776346916000
1776346918.519,118.519,0.31,97.3,0.3,154.5,0.33,6.0,0.36,65.62,0.68,16.0,0.67,20.5,0.69,1.5,0.7,274.5,0.02,0.01,2333.705224,1776346917000
1776346920.14,120.14,0.29,128.25,0.28,20.5,0.34,21.0,0.35,40.0,0.67,6.0,0.64,65.62,0.69,97.3,0.7,144.5,0.05,0.02,2333.860684,1776346918000
1776346920.588,120.588,0.32,4.48,0.31,89.0,0.33,10.0,0.34,10.0,0.66,21.0,0.65,40.0,0.71,128.25,0.72,20.5,0.01,0.05,2334.250324,1776346919000
1776346921.014,121.014,0.3,2.85,0.29,5.16,0.31,5.0,0.32,26.0,0.67,16.0,0.66,20.0,0.69,5.0,0.7,115.0,0.01,0.02,2334.250324,1776346919000
1776346921.319,121.319,0.28,10.5,0.27,133.0,0.3,5.0,0.31,16.0,0.68,12.0,0.67,15.0,0.69,16.0,0.7,10.0,0.02,0.01,2334.403526,1776346920000
1776346921.715,121.715,0.28,5.5,0.26,25.0,0.29,105.53,0.3,1.0,0.71,10.0,0.7,1.0,0.72,8.33,0.73,24.0,0.01,0.01,2334.403526,1776346920000
1776346921.927,121.927,0.28,0.56,0.26,25.0,0.29,156.53,0.3,1.0,0.71,120.53,0.7,1.0,0.72,4.11,0.74,25.0,0.01,0.01,2334.403526,1776346920000
1776346922.561,122.561,0.26,9.93,0.25,20.5,0.27,149.0,0.28,148.0,0.71,175.73,0.7,1.0,0.74,12.09,0.75,35.0,0.01,0.03,2334.407966,1776346921000
1776346923.197,123.197,0.27,91.5,0.26,304.43,0.28,12.07,0.3,26.5,0.73,149.0,0.72,148.0,0.74,9.93,0.75,20.5,0.01,0.01,2334.381486,1776346922000
1776346923.415,123.415,0.27,339.5,0.26,72.43,0.31,32.5,0.32,10.0,0.72,4.92,0.69,32.5,0.73,335.5,0.74,72.43,0.04,0.01,2334.381486,1776346922000
1776346923.684,123.684,0.29,143.0,0.28,27.5,0.3,6.33,0.31,32.5,0.7,6.33,0.69,32.5,0.71,47.0,0.72,144.5,0.01,0.01,2334.381486,1776346922000
1776346924.515,124.515,0.28,4.93,0.27,20.5,0.29,184.5,0.3,21.83,0.7,6.33,0.69,32.5,0.71,143.0,0.72,27.5,0.01,0.01,2333.860364,1776346923000
1776346924.973,124.973,0.27,5.0,0.26,9.93,0.28,212.33,0.29,195.5,0.71,184.5,0.7,21.83,0.72,4.93,0.73,20.5,0.01,0.01,2333.860364,1776346923000
1776346926.307,126.307,0.3,62.0,0.29,62.0,0.31,78.0,0.32,75.5,0.72,203.13,0.71,195.5,0.73,48.56,0.74,59.93,0.01,0.01,2334.015578,1776346925000
1776346926.703,126.703,0.3,70.0,0.29,197.5,0.31,16.0,0.32,25.5,0.69,198.0,0.68,75.5,0.71,62.0,0.72,200.5,0.01,0.02,2334.015578,1776346925000
1776346928.04,128.04,0.3,378.5,0.29,82.5,0.31,1.63,0.32,113.39,0.69,9.54,0.68,247.4,0.7,99.0,0.71,197.5,0.01,0.01,2333.893798,1776346926000
1776346929.151,129.151,0.31,380.5,0.3,70.5,0.32,0.9,0.33,20.5,0.68,113.39,0.67,11.0,0.7,373.5,0.71,82.5,0.01,0.02,2334.136878,1776346928000
1776346929.443,129.443,0.33,142.5,0.32,155.6,0.34,11.0,0.35,10.5,0.66,76.5,0.65,70.5,0.68,5.1,0.69,380.5,0.01,0.02,2334.136878,1776346928000
1776346929.735,129.735,0.33,337.44,0.32,88.6,0.34,70.34,0.35,6.0,0.66,6.0,0.64,126.12,0.67,170.44,0.68,205.6,0.01,0.01,2334.136878,1776346928000
1776346930.505,130.505,0.33,334.45,0.32,88.6,0.34,37.42,0.35,6.0,0.66,37.42,0.65,6.0,0.67,346.5,0.68,88.6,0.01,0.01,2334.367304,1776346929000
1776346931.266,131.266,0.33,195.55,0.32,205.6,0.34,94.39,0.35,133.5,0.66,0.42,0.65,6.0,0.67,329.45,0.68,88.6,0.01,0.01,2334.446774,1776346930000
1776346931.513,131.513,0.33,57.42,0.32,203.6,0.34,115.39,0.35,183.5,0.66,94.39,0.65,183.5,0.67,167.21,0.68,88.6,0.01,0.01,2334.446774,1776346930000
1776346932.001,132.001,0.33,42.49,0.32,88.6,0.34,110.39,0.35,177.5,0.66,115.39,0.65,183.5,0.67,57.42,0.68,203.6,0.01,0.01,2334.577358,1776346931000
1776346932.637,132.637,0.33,145.84,0.32,205.6,0.34,121.39,0.35,60.5,0.66,110.39,0.65,177.5,0.67,42.49,0.68,88.6,0.01,0.01,2334.577358,1776346931000
1776346933.008,133.008,0.33,148.0,0.32,205.6,0.34,105.39,0.35,60.5,0.66,121.39,0.65,60.5,0.67,145.84,0.68,205.6,0.01,0.01,2334.577358,1776346931000
1776346933.381,133.381,0.33,323.42,0.32,88.6,0.34,13.98,0.36,71.62,0.66,18.98,0.64,71.62,0.67,269.07,0.68,88.6,0.01,0.01,2334.622697,1776346932000
1776346934.005,134.005,0.33,5.0,0.32,190.6,0.34,97.7,0.35,253.56,0.66,1.9,0.65,5.0,0.67,135.5,0.68,192.6,0.01,0.01,2334.622697,1776346932000
1776346934.808,134.808,0.33,373.67,0.32,75.6,0.34,82.04,0.36,132.12,0.66,97.7,0.65,253.56,0.67,5.0,0.68,190.6,0.01,0.01,2334.66513,1776346933000
1776346935.019,135.019,0.33,402.67,0.32,75.6,0.34,56.3,0.35,5.0,0.66,82.04,0.64,132.12,0.67,373.67,0.68,75.6,0.01,0.01,2334.710664,1776346934000
1776346935.544,135.544,0.33,357.05,0.32,75.6,0.34,2.3,0.35,5.0,0.66,56.3,0.65,5.0,0.67,381.05,0.68,75.6,0.01,0.01,2334.710664,1776346934000
1776346936.646,136.646,0.33,337.05,0.32,75.6,0.34,96.32,0.35,6.0,0.66,2.3,0.65,5.0,0.67,357.05,0.68,75.6,0.01,0.01,2334.71065,1776346935000
1776346936.913,136.913,0.33,296.72,0.32,75.6,0.34,91.32,0.36,132.12,0.66,96.32,0.65,6.0,0.67,337.05,0.68,75.6,0.01,0.01,2334.71065,1776346935000
1776346937.211,137.211,0.33,366.72,0.32,75.6,0.34,70.32,0.36,126.62,0.66,91.32,0.64,132.12,0.67,296.72,0.68,75.6,0.01,0.01,2334.717726,1776346936000
1776346937.528,137.528,0.33,346.72,0.32,75.6,0.34,34.32,0.36,126.62,0.66,70.32,0.64,126.62,0.67,366.72,0.68,75.6,0.01,0.01,2334.717726,1776346936000
1776346937.898,137.898,0.33,350.72,0.32,75.6,0.34,5.32,0.36,237.62,0.66,34.32,0.64,126.62,0.67,346.72,0.68,75.6,0.01,0.01,2334.717726,1776346936000
1776346938.494,138.494,0.33,68.89,0.32,85.6,0.34,7.52,0.35,297.5,0.66,18.52,0.64,248.12,0.67,113.85,0.68,75.6,0.01,0.01,2334.710102,1776346937000
1776346939.485,139.485,0.33,382.58,0.32,94.6,0.34,22.35,0.35,84.95,0.66,7.52,0.65,287.0,0.67,66.23,0.68,85.6,0.01,0.01,2334.764654,1776346938000
1776346939.83,139.83,0.33,92.81,0.32,200.6,0.34,17.35,0.35,79.95,0.66,22.35,0.65,84.95,0.67,382.58,0.68,94.6,0.01,0.01,2334.764654,1776346938000
1776346940.914,140.914,0.33,384.2,0.32,85.6,0.34,17.35,0.35,84.95,0.66,17.35,0.65,79.95,0.67,92.81,0.68,200.6,0.01,0.01,2334.888897,1776346939000
1776346941.789,141.789,0.33,88.7,0.32,317.6,0.34,8.35,0.35,322.95,0.66,17.35,0.65,84.95,0.67,384.2,0.68,85.6,0.01,0.01,2334.880694,1776346940000
1776346942.446,142.446,0.33,402.05,0.32,85.6,0.34,13.35,0.35,84.95,0.66,8.35,0.65,322.95,0.67,88.7,0.68,317.6,0.01,0.01,2334.888661,1776346941000
1776346943.011,143.011,0.35,9.94,0.34,32.5,0.36,76.04,0.37,185.5,0.64,20.62,0.63,122.0,0.67,378.05,0.68,85.6,0.01,0.03,2334.888661,1776346941000
1776346943.51,143.51,0.32,20.0,0.31,60.0,0.34,228.0,0.35,195.0,0.64,342.04,0.63,175.5,0.66,32.5,0.67,180.05,0.02,0.02,2334.902868,1776346942000
1776346943.763,143.763,0.32,14.95,0.31,60.0,0.33,184.5,0.34,223.5,0.67,6.0,0.66,100.5,0.68,20.95,0.69,60.0,0.01,0.01,2334.902868,1776346942000
1776346944.058,144.058,0.32,8.0,0.31,60.0,0.33,306.5,0.34,90.5,0.67,184.5,0.66,223.5,0.68,14.95,0.69,60.0,0.01,0.01,2334.902868,1776346942000
1776346944.839,144.839,0.33,6.0,0.26,59.0,0.34,240.38,0.35,95.5,0.67,306.5,0.66,90.5,0.68,8.0,0.69,60.0,0.01,0.01,2334.935379,1776346943000
1776346945.125,145.125,0.24,102.85,0.23,50.0,0.25,20.0,0.26,21.0,0.74,10.0,0.73,10.0,0.75,16.0,0.76,115.95,0.01,0.01,2334.935379,1776346943000
1776346945.558,145.558,0.23,50.0,0.22,85.0,0.25,185.0,0.26,122.0,0.75,20.0,0.74,21.0,0.76,102.85,0.77,50.0,0.02,0.01,2334.768797,1776346944000
1776346946.971,146.971,0.22,10.0,0.21,202.0,0.24,146.5,0.25,89.5,0.76,158.0,0.75,220.0,0.77,29.59,0.78,85.0,0.02,0.01,2334.689307,1776346945000
1776346948.763,148.763,0.21,26.77,0.2,90.0,0.22,182.5,0.23,192.5,0.76,146.5,0.75,89.5,0.78,10.0,0.79,202.0,0.01,0.02,2333.732703,1776346947000
1776346950.991,150.991,0.2,71.85,0.19,60.0,0.21,130.5,0.22,194.5,0.78,182.5,0.77,192.5,0.79,26.77,0.8,90.0,0.01,0.01,2333.552015,1776346949000
1776346951.263,151.263,0.2,21.9,0.19,60.0,0.21,180.5,0.22,194.5,0.79,180.5,0.78,194.5,0.8,71.6,0.81,60.0,0.01,0.01,2333.552015,1776346949000
1776346951.497,151.497,0.19,57.59,0.18,187.5,0.21,185.5,0.22,194.5,0.79,180.5,0.78,194.5,0.81,60.0,0.82,177.0,0.02,0.02,2333.395223,1776346950000
1776346951.982,151.982,0.19,60.33,0.18,187.5,0.2,123.75,0.21,75.5,0.8,8.75,0.79,195.5,0.81,66.35,0.82,187.5,0.01,0.01,2333.271397,1776346951000
1776346952.196,152.196,0.19,90.38,0.18,187.5,0.2,117.38,0.21,15.0,0.8,128.75,0.79,75.5,0.81,69.88,0.82,187.5,0.01,0.01,2333.271397,1776346951000
1776346952.508,152.508,0.19,407.08,0.18,95.5,0.21,5.0,0.22,10.0,0.8,8.75,0.79,15.0,0.81,368.08,0.82,109.5,0.02,0.01,2333.271397,1776346951000
1776346953.356,153.356,0.23,349.5,0.22,105.5,0.25,5.0,0.26,10.0,0.77,5.43,0.76,10.0,0.8,384.0,0.81,101.08,0.02,0.03,2333.273652,1776346952000
1776346953.862,153.862,0.25,349.5,0.24,37.5,0.26,15.0,0.27,10.0,0.74,10.0,0.73,10.0,0.76,27.0,0.77,293.5,0.01,0.02,2333.273652,1776346952000
1776346954.175,154.175,0.25,400.41,0.24,75.5,0.26,3.8,0.27,10.0,0.74,5.0,0.73,10.0,0.75,394.41,0.76,112.5,0.01,0.01,2333.366578,1776346953000
1776346954.645,154.645,0.26,356.5,0.25,97.41,0.27,5.0,0.31,50.0,0.74,3.8,0.73,10.0,0.75,400.41,0.76,75.5,0.01,0.01,2333.366578,1776346953000
1776346955.174,155.174,0.3,148.55,0.29,300.75,0.31,11.0,0.32,6.0,0.69,50.0,0.68,183.0,0.74,380.5,0.75,97.41,0.01,0.05,2333.785999,1776346954000
1776346955.414,155.414,0.3,53.37,0.29,300.75,0.31,55.0,0.32,76.5,0.69,1.0,0.68,76.5,0.7,225.43,0.71,185.75,0.01,0.01,2333.785999,1776346954000
1776346956.074,156.074,0.26,50.0,0.25,60.0,0.31,284.5,0.32,75.5,0.69,84.5,0.68,191.5,0.7,4.07,0.71,60.0,0.05,0.01,2334.146655,1776346955000
1776346957.097,157.097,0.25,296.16,0.24,76.06,0.26,10.0,0.27,15.0,0.69,284.5,0.68,75.5,0.74,47.0,0.75,60.0,0.01,0.05,2334.146655,1776346955000
1776346957.347,157.347,0.25,301.16,0.24,71.0,0.26,5.0,0.27,15.0,0.74,10.0,0.73,15.0,0.75,296.16,0.76,76.06,0.01,0.01,2334.466415,1776346956000
1776346957.568,157.568,0.26,307.96,0.25,84.16,0.27,5.0,0.28,5.0,0.73,5.0,0.72,5.0,0.74,183.45,0.75,89.16,0.01,0.01,2334.466415,1776346956000
1776346958.318,158.318,0.26,59.0,0.25,64.16,0.27,184.0,0.28,198.5,0.73,15.81,0.72,5.0,0.74,284.44,0.75,64.16,0.01,0.01,2334.372939,1776346957000
1776346959.369,159.369,0.24,47.0,0.23,302.5,0.25,16.0,0.26,59.0,0.73,184.0,0.72,198.5,0.74,59.0,0.75,64.16,0.01,0.01,2334.30463,1776346958000
1776346961.551,161.551,0.24,5.06,0.23,50.0,0.25,130.53,0.26,258.5,0.75,16.0,0.74,59.0,0.76,47.0,0.77,302.5,0.01,0.01,2334.213153,1776346960000
1776346962.349,162.349,0.24,217.06,0.23,196.5,0.26,15.0,0.27,190.5,0.75,130.53,0.74,258.5,0.76,5.06,0.77,50.0,0.02,0.01,2334.197242,1776346961000
1776346963.701,163.701,0.24,20.06,0.23,302.5,0.25,0.68,0.26,25.5,0.74,15.0,0.73,190.5,0.76,217.06,0.77,196.5,0.01,0.02,2334.120504,1776346962000
1776346963.93,163.93,0.24,63.48,0.23,60.0,0.25,36.5,0.26,20.5,0.75,0.68,0.74,25.5,0.76,20.06,0.77,302.5,0.01,0.01,2334.120504,1776346962000
1776346964.218,164.218,0.23,50.0,0.22,60.0,0.25,289.18,0.26,75.5,0.75,36.5,0.74,20.5,0.76,63.48,0.77,60.0,0.02,0.01,2334.118797,1776346963000
1776346965.344,165.344,0.23,59.1,0.22,60.0,0.24,137.0,0.25,248.01,0.75,289.18,0.74,75.5,0.77,50.0,0.78,60.0,0.01,0.02,2334.14254,1776346964000
1776346965.933,165.933,0.22,58.46,0.21,310.5,0.23,72.0,0.24,309.5,0.77,6.0,0.76,192.5,0.78,60.0,0.79,195.5,0.01,0.01,2334.14254,1776346964000
1776346966.327,166.327,0.21,4.62,0.2,60.0,0.22,192.5,0.23,152.5,0.77,72.0,0.76,309.5,0.78,58.46,0.79,310.5,0.01,0.01,2334.10383,1776346965000
1776346966.602,166.602,0.21,2.0,0.2,57.56,0.22,130.0,0.23,210.5,0.79,10.5,0.78,192.5,0.8,47.56,0.81,25.58,0.01,0.01,2334.10383,1776346965000
1776346966.937,166.937,0.21,66.81,0.2,57.56,0.22,252.5,0.23,93.5,0.78,242.0,0.77,93.5,0.79,45.0,0.8,52.56,0.01,0.01,2334.10383,1776346965000
1776346967.352,167.352,0.21,145.81,0.2,172.56,0.23,16.0,0.24,101.7,0.78,252.5,0.77,93.5,0.79,66.81,0.8,57.56,0.02,0.01,2334.075629,1776346966000
1776346970.151,170.151,0.22,377.5,0.21,52.31,0.23,5.0,0.24,162.47,0.77,16.0,0.76,101.7,0.79,145.81,0.8,172.56,0.01,0.02,2333.857086,1776346968000
1776346970.414,170.414,0.23,345.86,0.22,110.5,0.24,98.0,0.25,105.0,0.76,98.0,0.75,105.0,0.77,10.0,0.78,372.5,0.01,0.01,2333.864678,1776346969000
1776346970.896,170.896,0.24,266.0,0.23,28.86,0.26,105.0,0.27,121.5,0.76,98.0,0.75,105.0,0.77,345.86,0.78,110.5,0.02,0.01,2333.864678,1776346969000
1776346971.479,171.479,0.25,11.93,0.24,60.0,0.26,234.0,0.27,310.5,0.74,101.0,0.73,111.0,0.76,266.0,0.77,28.86,0.01,0.02,2333.923076,1776346970000
1776346971.842,171.842,0.25,5.26,0.24,60.0,0.26,127.0,0.27,432.5,0.74,234.0,0.73,310.5,0.75,11.93,0.76,60.0,0.01,0.01,2333.923076,1776346970000
1776346973.349,173.349,0.25,65.26,0.24,75.56,0.26,128.15,0.27,230.5,0.74,127.0,0.73,432.5,0.75,5.26,0.76,60.0,0.01,0.01,2334.251762,1776346972000
1776346974.346,174.346,0.23,49.99,0.22,60.5,0.25,435.5,0.26,288.65,0.74,128.15,0.73,230.5,0.75,65.26,0.76,75.56,0.02,0.01,2334.251762,1776346972000
1776346975.572,175.572,0.23,53.58,0.22,70.5,0.24,171.0,0.25,148.0,0.75,435.5,0.74,288.65,0.77,49.99,0.78,60.5,0.01,0.02,2334.370776,1776346974000
1776346976.115,176.115,0.23,181.08,0.22,185.5,0.24,35.16,0.25,31.0,0.76,171.0,0.75,148.0,0.77,53.58,0.78,70.5,0.01,0.01,2334.370776,1776346974000
1776346976.93,176.93,0.23,41.58,0.22,302.5,0.24,126.16,0.25,388.0,0.76,35.16,0.75,31.0,0.77,181.08,0.78,185.5,0.01,0.01,2334.293081,1776346975000
1776346977.651,177.651,0.23,495.08,0.22,86.5,0.3,117.0,0.31,100.0,0.76,126.16,0.75,388.0,0.77,41.58,0.78,302.5,0.07,0.01,2334.176988,1776346976000
1776346977.932,177.932,0.26,11.0,0.24,22.0,0.31,50.0,0.32,100.0,0.72,5.9,0.69,60.0,0.76,7.0,0.77,269.08,0.05,0.04,2334.226834,1776346977000
1776346978.723,178.723,0.29,3.0,0.28,6.0,0.3,15.0,0.31,95.0,0.69,20.0,0.68,100.0,0.74,11.0,0.76,22.0,0.01,0.05,2334.226834,1776346977000
1776346979.192,179.192,0.28,4.0,0.26,56.0,0.3,318.0,0.31,178.0,0.7,15.0,0.69,95.0,0.71,3.0,0.72,6.0,0.02,0.01,2334.247837,1776346978000
1776346979.737,179.737,0.24,52.0,0.23,46.58,0.25,16.0,0.26,20.0,0.7,318.0,0.69,178.0,0.72,4.0,0.74,56.0,0.01,0.02,2334.247837,1776346978000
1776346980.319,180.319,0.24,10.0,0.23,46.58,0.25,156.36,0.26,148.5,0.75,40.56,0.74,21.0,0.76,62.0,0.77,161.58,0.01,0.01,2334.871687,1776346979000
1776346980.6,180.6,0.24,17.47,0.23,278.58,0.25,6.36,0.26,21.0,0.75,11.36,0.74,11.0,0.76,140.0,0.77,163.58,0.01,0.01,2334.871687,1776346979000
1776346981.017,181.017,0.24,390.42,0.23,57.08,0.25,5.0,0.28,6.0,0.75,6.36,0.74,21.0,0.76,17.47,0.77,278.58,0.01,0.01,2334.871687,1776346979000
1776346981.23,181.23,0.27,111.15,0.26,60.0,0.28,3.0,0.3,21.5,0.72,3.0,0.7,21.5,0.76,437.92,0.77,62.08,0.01,0.04,2334.871687,1776346979000
1776346981.809,181.809,0.32,3.45,0.31,10.0,0.33,184.97,0.34,150.0,0.72,3.0,0.7,16.5,0.73,105.94,0.74,60.0,0.01,0.01,2334.642618,1776346980000
1776346982.435,182.435,0.3,283.45,0.29,80.5,0.33,116.47,0.34,240.43,0.67,181.97,0.66,155.0,0.68,0.45,0.69,10.0,0.03,0.01,2334.642618,1776346980000
1776346982.761,182.761,0.32,149.0,0.31,10.0,0.34,85.43,0.35,105.0,0.67,116.47,0.66,240.43,0.7,283.45,0.71,80.5,0.02,0.03,2334.437585,1776346981000
1776346983.217,183.217,0.33,258.5,0.32,103.5,0.34,56.43,0.36,15.62,0.66,85.43,0.64,215.62,0.67,103.5,0.68,335.5,0.01,0.01,2334.595461,1776346982000
1776346983.423,183.423,0.35,53.02,0.34,33.5,0.39,160.5,0.4,165.0,0.66,42.55,0.64,15.62,0.67,376.17,0.68,113.5,0.04,0.01,2334.595461,1776346982000
1776346984.227,184.227,0.36,10.0,0.35,92.02,0.4,66.78,0.41,295.0,0.61,160.5,0.6,165.0,0.65,53.02,0.66,33.5,0.04,0.04,2334.8636,1776346983000
1776346984.71,184.71,0.29,172.0,0.28,236.75,0.3,25.0,0.31,15.0,0.63,10.0,0.62,20.8,0.64,3.43,0.65,14.0,0.01,0.01,2334.8636,1776346983000
1776346985.095,185.095,0.29,25.2,0.28,77.75,0.3,30.0,0.31,105.0,0.7,30.0,0.69,15.0,0.71,45.45,0.72,77.75,0.01,0.01,2334.8636,1776346983000
1776346986.046,186.046,0.29,34.92,0.28,17.75,0.3,40.0,0.31,247.0,0.7,32.88,0.69,110.0,0.71,23.65,0.72,17.75,0.01,0.01,2335.365547,1776346984000
1776346986.755,186.755,0.29,346.42,0.28,70.5,0.3,7.0,0.32,10.0,0.7,40.0,0.69,247.0,0.71,34.92,0.72,17.75,0.01,0.01,2335.343604,1776346985000
1776346987.361,187.361,0.28,60.5,0.27,185.02,0.3,6.66,0.31,270.0,0.68,10.0,0.67,152.5,0.71,262.5,0.72,70.5,0.02,0.03,2335.119353,1776346986000
1776346989.091,189.091,0.28,95.0,0.27,317.5,0.29,4.8,0.3,152.5,0.71,30.0,0.7,51.36,0.72,309.5,0.73,68.02,0.01,0.01,2334.998988,1776346987000
1776346989.817,189.817,0.25,25.0,0.24,35.5,0.28,65.5,0.29,118.5,0.71,4.8,0.7,152.5,0.72,95.0,0.73,317.5,0.03,0.01,2335.088043,1776346988000
1776346990.754,190.754,0.24,72.0,0.23,85.8,0.25,153.0,0.26,208.5,0.72,65.5,0.71,118.5,0.75,25.0,0.76,35.5,0.01,0.03,2334.993498,1776346989000
1776346991.843,191.843,0.22,50.0,0.2,229.56,0.24,130.0,0.25,197.5,0.75,153.0,0.74,208.5,0.76,72.0,0.77,85.8,0.02,0.01,2334.866722,1776346990000
1776346992.107,192.107,0.2,229.56,0.19,130.58,0.23,130.78,0.24,15.0,0.76,130.0,0.75,197.5,0.78,50.0,0.8,229.56,0.03,0.02,2334.735121,1776346991000
1776346992.822,192.822,0.2,132.0,0.18,165.0,0.21,31.0,0.22,10.0,0.77,130.78,0.76,15.0,0.8,229.56,0.81,130.58,0.01,0.03,2334.735121,1776346991000
1776346993.467,193.467,0.18,296.13,0.17,70.5,0.19,20.0,0.2,17.0,0.79,31.0,0.78,10.0,0.8,129.57,0.82,165.0,0.01,0.01,2334.445164,1776346992000
1776346993.706,193.706,0.18,296.13,0.17,70.5,0.19,25.0,0.2,17.0,0.81,20.0,0.8,17.0,0.82,296.13,0.83,70.5,0.01,0.01,2334.445164,1776346992000
1776346994.737,194.737,0.2,346.4,0.19,83.5,0.21,5.0,0.22,10.0,0.81,25.0,0.8,17.0,0.82,296.13,0.83,70.5,0.01,0.01,2334.231428,1776346993000
1776346998.271,198.271,0.23,292.52,0.22,130.5,0.24,10.0,0.25,35.0,0.78,10.0,0.77,10.0,0.8,406.4,0.81,108.5,0.01,0.02,2334.444086,1776346997000
1776346998.674,198.674,0.23,197.0,0.22,125.5,0.25,20.0,0.26,36.0,0.75,31.0,0.74,36.0,0.77,308.52,0.78,130.5,0.02,0.02,2334.444086,1776346997000
1776346999.419,199.419,0.25,203.83,0.24,192.5,0.26,25.0,0.27,138.0,0.74,36.0,0.73,143.0,0.76,10.0,0.77,197.0,0.01,0.02,2334.562405,1776346998000
1776347000.764,200.764,0.25,58.83,0.24,185.5,0.28,277.5,0.29,110.5,0.74,25.0,0.73,138.0,0.75,203.83,0.76,192.5,0.03,0.01,2334.659079,1776346999000
1776347001.245,201.245,0.24,5.0,0.23,89.0,0.25,35.5,0.26,103.7,0.72,277.5,0.71,110.5,0.75,58.83,0.76,185.5,0.01,0.03,2334.659079,1776346999000
1776347006.317,206.317,0.29,129.0,0.28,207.5,0.3,16.0,0.31,25.0,0.75,35.5,0.74,103.7,0.76,5.0,0.77,89.0,0.01,0.01,2335.355542,1776347005000
1776347007.015,207.015,0.3,174.0,0.29,60.5,0.31,4.99,0.32,140.0,0.69,25.0,0.68,36.5,0.71,139.5,0.72,207.5,0.01,0.02,2335.355542,1776347005000
1776347007.247,207.247,0.3,163.57,0.29,70.5,0.31,4.99,0.32,140.0,0.69,4.99,0.68,140.0,0.7,174.0,0.71,60.5,0.01,0.01,2335.5203,1776347006000
1776347008.045,208.045,0.3,4.0,0.29,70.5,0.32,13.0,0.33,260.92,0.69,4.99,0.68,140.0,0.71,70.5,0.72,79.5,0.02,0.02,2335.5203,1776347006000
1776347008.461,208.461,0.31,30.0,0.3,150.0,0.32,24.87,0.33,260.92,0.68,13.0,0.67,310.92,0.71,70.5,0.72,201.5,0.01,0.03,2335.555139,1776347007000
1776347010.173,210.173,0.31,332.5,0.3,115.5,0.32,4.0,0.33,73.92,0.68,24.87,0.67,260.92,0.69,30.0,0.7,150.0,0.01,0.01,2335.517631,1776347008000
1776347011.035,211.035,0.32,179.05,0.31,45.5,0.33,23.92,0.34,20.0,0.68,4.0,0.67,73.92,0.69,332.5,0.7,115.5,0.01,0.01,2335.474928,1776347009000
1776347012.886,212.886,0.3,45.0,0.29,55.0,0.33,68.0,0.34,30.0,0.66,30.0,0.65,255.5,0.68,144.5,0.69,35.5,0.03,0.02,2335.576012,1776347012000
1776347013.396,213.396,0.28,158.09,0.27,121.0,0.3,6.0,0.31,71.0,0.67,56.0,0.66,30.0,0.7,45.0,0.71,55.0,0.02,0.03,2335.576012,1776347012000
1776347013.688,213.688,0.28,190.09,0.26,152.0,0.29,20.5,0.3,131.0,0.7,6.0,0.69,71.0,0.72,158.09,0.73,121.0,0.01,0.02,2335.576012,1776347012000
1776347014.354,214.354,0.28,190.09,0.26,35.0,0.29,135.25,0.3,16.0,0.71,20.5,0.7,131.0,0.72,190.09,0.74,152.0,0.01,0.01,2335.594062,1776347013000
1776347015.605,215.605,0.32,16.0,0.31,10.0,0.33,14.83,0.34,40.5,0.71,135.25,0.7,16.0,0.72,190.09,0.74,35.0,0.01,0.01,2335.212632,1776347014000
1776347015.81,215.81,0.32,26.0,0.31,41.0,0.33,39.77,0.34,40.5,0.67,14.83,0.66,40.5,0.68,16.0,0.69,10.0,0.01,0.01,2335.212632,1776347014000
1776347016.479,216.479,0.32,0.92,0.31,6.0,0.33,396.25,0.34,90.5,0.67,39.77,0.66,40.5,0.68,26.0,0.69,41.0,0.01,0.01,2335.212632,1776347014000
1776347016.954,216.954,0.31,253.5,0.3,31.5,0.32,38.56,0.33,89.77,0.67,375.25,0.66,90.5,0.69,6.0,0.7,6.0,0.01,0.02,2335.146206,1776347015000
1776347018.277,218.277,0.33,116.9,0.31,6.0,0.35,357.5,0.36,170.5,0.67,89.77,0.66,95.5,0.69,248.5,0.7,31.5,0.02,0.02,2335.337791,1776347017000
1776347018.642,218.642,0.3,6.0,0.29,35.5,0.32,36.12,0.33,10.0,0.65,357.5,0.64,170.5,0.67,116.9,0.69,6.0,0.02,0.02,2335.337791,1776347017000
1776347019.007,219.007,0.3,3.0,0.29,35.5,0.31,60.0,0.32,132.12,0.68,36.12,0.67,10.0,0.7,6.0,0.71,35.5,0.01,0.02,2335.337791,1776347017000
1776347019.385,219.385,0.29,4.12,0.28,118.59,0.31,69.0,0.32,48.32,0.69,60.0,0.68,132.12,0.7,3.0,0.71,35.5,0.02,0.01,2335.494694,1776347018000
1776347019.969,219.969,0.28,104.89,0.26,262.0,0.29,10.0,0.3,15.0,0.69,69.0,0.68,48.32,0.71,4.12,0.72,118.59,0.01,0.02,2335.539484,1776347019000
1776347020.384,220.384,0.26,135.0,0.25,10.0,0.29,152.11,0.3,15.0,0.71,15.0,0.7,15.0,0.72,103.36,0.74,262.0,0.03,0.01,2335.539484,1776347019000
1776347021.49,221.49,0.23,152.0,0.22,110.0,0.24,35.49,0.26,9.0,0.71,175.9,0.7,15.0,0.75,10.0,0.76,35.0,0.01,0.04,2335.38971,1776347020000
1776347021.819,221.819,0.23,269.0,0.22,110.0,0.24,28.4,0.25,10.0,0.76,35.49,0.74,9.0,0.77,152.0,0.78,110.0,0.01,0.01,2335.38971,1776347020000
1776347022.061,222.061,0.23,242.0,0.22,122.0,0.24,3.4,0.25,10.0,0.76,28.4,0.75,10.0,0.77,269.0,0.78,110.0,0.01,0.01,2335.140666,1776347021000
1776347022.296,222.296,0.23,127.0,0.22,100.0,0.25,10.0,0.26,19.0,0.76,3.4,0.75,10.0,0.77,242.0,0.78,122.0,0.02,0.01,2335.140666,1776347021000
1776347022.649,222.649,0.24,10.0,0.23,10.0,0.25,33.0,0.26,24.0,0.76,10.0,0.75,19.0,0.77,256.12,0.78,135.0,0.01,0.01,2335.140666,1776347021000
1776347022.977,222.977,0.22,80.0,0.21,50.0,0.23,9.0,0.24,10.0,0.75,33.0,0.74,24.0,0.76,10.0,0.77,10.0,0.01,0.01,2334.958027,1776347022000
1776347024.269,224.269,0.22,134.12,0.21,187.5,0.23,14.68,0.24,10.0,0.77,9.0,0.76,10.0,0.78,80.0,0.79,50.0,0.01,0.01,2335.017358,1776347023000
1776347024.599,224.599,0.22,246.12,0.21,70.5,0.25,237.0,0.26,120.5,0.77,14.68,0.76,10.0,0.78,134.12,0.79,187.5,0.03,0.01,2335.017358,1776347023000
1776347027.184,227.184,0.25,7.0,0.23,10.0,0.26,45.0,0.29,120.0,0.75,197.0,0.74,120.5,0.77,10.5,0.78,241.12,0.01,0.02,2334.870906,1776347026000
1776347027.988,227.988,0.21,25.0,0.2,290.5,0.24,7.91,0.25,10.0,0.74,45.0,0.71,242.16,0.78,25.0,0.79,55.0,0.03,0.04,2334.870906,1776347026000
1776347028.349,228.349,0.21,25.0,0.2,290.5,0.24,3.91,0.25,15.0,0.76,7.91,0.75,10.0,0.79,25.0,0.8,290.5,0.03,0.03,2335.21865,1776347027000
1776347030.815,230.815,0.2,11.73,0.19,45.5,0.21,151.0,0.22,65.0,0.76,3.91,0.75,15.0,0.79,25.0,0.8,290.5,0.01,0.03,2334.806639,1776347029000
1776347031.343,231.343,0.23,27.5,0.22,52.5,0.25,143.55,0.26,150.5,0.79,5.0,0.75,10.0,0.8,7.27,0.81,59.5,0.02,0.01,2334.7703,1776347030000
1776347031.662,231.662,0.24,154.18,0.23,27.5,0.25,51.05,0.26,35.0,0.75,73.05,0.74,35.0,0.76,19.18,0.77,27.5,0.01,0.01,2334.7703,1776347030000
1776347032.102,232.102,0.24,151.11,0.23,27.5,0.25,56.05,0.26,35.0,0.75,51.05,0.74,35.0,0.76,154.18,0.77,27.5,0.01,0.01,2334.7703,1776347030000
1776347032.428,232.428,0.24,151.11,0.23,38.5,0.25,6.05,0.26,35.0,0.75,18.05,0.74,35.0,0.76,151.11,0.77,38.5,0.01,0.01,2334.790099,1776347031000
1776347032.641,232.641,0.24,134.18,0.23,38.5,0.26,35.0,0.27,10.0,0.75,6.05,0.74,35.0,0.76,151.11,0.77,38.5,0.02,0.01,2334.790099,1776347031000
1776347032.959,232.959,0.25,144.53,0.24,26.18,0.26,35.0,0.27,10.0,0.74,35.0,0.73,10.0,0.75,10.48,0.76,142.18,0.01,0.01,2334.841409,1776347032000
1776347033.647,233.647,0.25,123.96,0.24,16.18,0.26,6.6,0.27,10.0,0.73,10.0,0.72,10.5,0.75,124.61,0.76,26.18,0.01,0.02,2334.841409,1776347032000
1776347034.14,234.14,0.25,163.86,0.24,47.18,0.26,0.6,0.27,10.0,0.74,6.6,0.73,10.0,0.75,84.86,0.76,27.18,0.01,0.01,2335.143227,1776347033000
1776347034.499,234.499,0.27,33.31,0.26,10.0,0.28,76.87,0.29,67.5,0.72,76.87,0.71,67.5,0.75,155.06,0.76,47.18,0.01,0.03,2335.143227,1776347033000
1776347034.805,234.805,0.27,9.31,0.26,10.0,0.28,71.87,0.29,67.5,0.72,76.87,0.71,67.5,0.73,33.31,0.74,10.0,0.01,0.01,2335.143227,1776347033000
1776347035.122,235.122,0.27,18.15,0.26,20.5,0.28,202.87,0.29,77.5,0.72,71.87,0.71,67.5,0.73,9.31,0.74,10.0,0.01,0.01,2335.298641,1776347034000
1776347035.619,235.619,0.24,16.18,0.23,67.5,0.27,26.0,0.28,81.87,0.72,202.87,0.71,77.5,0.73,18.15,0.74,20.5,0.03,0.01,2335.298641,1776347034000
1776347036.067,236.067,0.24,52.23,0.23,242.5,0.25,5.0,0.26,103.48,0.73,26.0,0.72,81.87,0.76,16.18,0.77,67.5,0.01,0.03,2335.380535,1776347035000
1776347036.98,236.98,0.24,74.22,0.23,127.5,0.25,5.0,0.26,5.0,0.75,5.0,0.74,103.48,0.76,50.78,0.77,242.5,0.01,0.01,2335.406475,1776347036000
1776347038.677,238.677,0.26,199.04,0.25,70.5,0.27,6.0,0.28,105.0,0.75,5.0,0.74,5.0,0.76,69.9,0.77,127.5,0.01,0.01,2335.256012,1776347037000
1776347039.301,239.301,0.26,199.04,0.25,80.5,0.28,105.0,0.29,87.5,0.73,6.0,0.72,105.0,0.74,199.04,0.75,80.5,0.02,0.01,2335.315061,1776347038000
1776347039.6,239.6,0.27,6.0,0.26,189.04,0.29,87.5,0.3,122.6,0.72,104.9,0.71,87.5,0.73,6.0,0.74,189.04,0.02,0.01,2335.315061,1776347038000
1776347040.036,240.036,0.26,157.47,0.25,60.5,0.3,52.1,0.31,20.0,0.71,87.5,0.7,122.6,0.73,6.0,0.74,200.04,0.04,0.02,2335.349315,1776347039000
1776347040.283,240.283,0.29,12.24,0.27,60.5,0.32,35.0,0.33,16.0,0.7,52.1,0.69,20.0,0.74,157.47,0.75,60.5,0.03,0.04,2335.349315,1776347039000
1776347040.489,240.489,0.27,48.49,0.26,122.47,0.3,0.52,0.31,10.0,0.7,0.52,0.65,260.0,0.72,10.5,0.73,50.0,0.03,0.02,2335.349315,1776347039000
1776347040.732,240.732,0.28,6.0,0.27,103.49,0.31,5.52,0.32,10.0,0.7,0.52,0.69,10.0,0.73,48.49,0.74,122.47,0.03,0.03,2335.349315,1776347039000
1776347041.072,241.072,0.34,10.17,0.31,50.0,0.35,50.0,0.36,125.0,0.68,4.53,0.65,210.0,0.71,10.0,0.72,6.0,0.01,0.03,2335.349315,1776347039000
1776347041.314,241.314,0.34,5.0,0.31,50.0,0.37,225.0,0.38,60.0,0.65,50.0,0.64,125.0,0.66,10.17,0.69,50.0,0.03,0.01,2335.991057,1776347040000
1776347041.537,241.537,0.36,36.12,0.35,10.0,0.37,200.0,0.38,60.0,0.63,225.0,0.62,60.0,0.66,3.36,0.69,50.0,0.01,0.03,2335.991057,1776347040000
1776347041.848,241.848,0.38,131.2,0.37,10.0,0.39,210.0,0.4,50.0,0.63,200.0,0.62,60.0,0.64,36.12,0.65,10.0,0.01,0.01,2335.991057,1776347040000
1776347042.184,242.184,0.4,138.84,0.39,10.0,0.41,50.0,0.43,275.0,0.61,210.0,0.6,50.0,0.62,131.2,0.63,10.0,0.01,0.01,2336.023029,1776347041000
1776347042.552,242.552,0.43,20.0,0.42,136.0,0.44,4.33,0.46,100.0,0.59,50.0,0.57,275.0,0.6,138.84,0.61,10.0,0.01,0.01,2336.023029,1776347041000
1776347042.798,242.798,0.43,115.0,0.4,17.0,0.45,8.79,0.46,38.0,0.56,4.33,0.54,100.0,0.57,20.0,0.58,136.0,0.02,0.01,2336.023029,1776347041000
1776347043.004,243.004,0.43,10.0,0.42,10.0,0.44,16.0,0.45,46.0,0.55,8.79,0.54,38.0,0.57,115.0,0.6,17.0,0.01,0.02,2336.280802,1776347042000
1776347043.338,243.338,0.43,128.33,0.42,10.0,0.46,62.0,0.47,56.0,0.56,1.54,0.55,51.0,0.57,3.33,0.58,117.75,0.03,0.01,2336.280802,1776347042000
1776347043.707,243.707,0.44,8.21,0.43,77.13,0.45,5.0,0.46,62.0,0.54,62.0,0.53,56.0,0.57,77.13,0.58,10.0,0.01,0.03,2336.280802,1776347042000
1776347044.047,244.047,0.45,9.72,0.44,13.21,0.46,60.61,0.47,66.0,0.54,60.61,0.53,66.0,0.56,8.21,0.57,77.13,0.01,0.02,2336.280802,1776347042000
1776347045.395,245.395,0.45,30.81,0.44,119.75,0.46,50.0,0.47,60.0,0.54,62.08,0.53,66.0,0.56,4.75,0.57,130.13,0.01,0.02,2336.509392,1776347043000
1776347046.82,246.82,0.45,5.0,0.44,44.75,0.47,77.0,0.48,60.0,0.54,50.0,0.53,60.0,0.55,30.81,0.56,119.75,0.02,0.01,2336.392249,1776347045000
1776347047.121,247.121,0.46,8.14,0.45,25.0,0.47,38.19,0.48,195.0,0.53,33.19,0.52,185.0,0.54,10.0,0.55,15.0,0.01,0.01,2336.392249,1776347045000
1776347048.787,248.787,0.39,25.0,0.38,45.0,0.44,232.2,0.45,82.0,0.53,38.19,0.52,195.0,0.54,8.14,0.55,25.0,0.05,0.01,2336.467162,1776347047000
1776347049.566,249.566,0.38,15.0,0.37,50.0,0.39,9.46,0.4,65.0,0.56,232.2,0.55,82.0,0.61,25.0,0.62,45.0,0.01,0.05,2336.473608,1776347048000
1776347049.993,249.993,0.37,4.7,0.36,85.0,0.39,219.0,0.4,70.0,0.61,9.46,0.6,65.0,0.62,15.0,0.63,50.0,0.02,0.01,2336.473608,1776347048000
1776347050.894,250.894,0.35,95.0,0.34,150.0,0.36,6.42,0.37,29.0,0.61,219.0,0.6,70.0,0.63,4.7,0.64,85.0,0.01,0.02,2336.441056,1776347049000
1776347051.663,251.663,0.33,60.0,0.32,175.0,0.34,9.9,0.35,35.0,0.64,6.42,0.63,29.0,0.65,95.0,0.66,150.0,0.01,0.01,2336.264241,1776347050000
1776347052.199,252.199,0.29,27.94,0.27,48.49,0.31,21.0,0.32,25.0,0.66,9.9,0.65,35.0,0.67,60.0,0.68,175.0,0.02,0.01,2336.264241,1776347050000
1776347052.552,252.552,0.29,27.94,0.27,58.49,0.3,10.06,0.31,31.0,0.69,21.0,0.68,25.0,0.71,27.94,0.73,48.49,0.01,0.02,2336.147645,1776347051000
1776347053.397,253.397,0.28,41.64,0.27,25.0,0.3,145.06,0.31,21.0,0.7,10.06,0.69,31.0,0.71,27.94,0.73,58.49,0.02,0.01,2336.125621,1776347052000
1776347054.107,254.107,0.23,46.15,0.22,265.0,0.24,30.0,0.25,15.0,0.71,15.0,0.7,140.06,0.72,3.16,0.73,75.0,0.01,0.01,2336.04489,1776347053000
1776347054.406,254.406,0.23,160.98,0.22,150.0,0.24,33.0,0.25,15.0,0.76,30.0,0.75,15.0,0.77,46.15,0.78,265.0,0.01,0.01,2336.04489,1776347053000
1776347056.028,256.028,0.28,7.66,0.27,15.0,0.29,10.0,0.3,6.0,0.76,33.0,0.75,15.0,0.77,22.99,0.78,265.0,0.01,0.01,2335.832457,1776347054000
1776347056.235,256.235,0.28,66.56,0.27,65.0,0.29,10.0,0.3,6.0,0.71,10.0,0.7,6.0,0.72,77.68,0.73,65.0,0.01,0.01,2335.704645,1776347055000
1776347056.449,256.449,0.29,53.45,0.28,180.0,0.3,6.0,0.32,10.0,0.71,10.0,0.7,6.0,0.72,66.56,0.73,65.0,0.01,0.01,2335.704645,1776347055000
1776347057.126,257.126,0.33,29.85,0.32,180.0,0.34,10.0,0.35,10.0,0.7,6.0,0.68,10.0,0.71,53.45,0.72,180.0,0.01,0.01,2335.704645,1776347055000
1776347059.316,259.316,0.35,15.0,0.34,130.0,0.36,5.0,0.37,15.0,0.66,10.0,0.65,10.0,0.67,24.62,0.68,180.0,0.01,0.01,2335.911171,1776347058000
1776347060.086,260.086,0.32,171.57,0.31,104.0,0.33,5.0,0.34,5.0,0.64,5.0,0.63,15.0,0.65,15.0,0.66,130.0,0.01,0.01,2336.193767,1776347059000
1776347060.439,260.439,0.3,35.0,0.29,55.0,0.33,75.89,0.34,71.0,0.67,9.69,0.66,31.0,0.68,38.0,0.69,10.0,0.03,0.01,2336.193767,1776347059000
1776347062.142,262.142,0.23,15.6,0.22,50.0,0.24,15.0,0.25,10.0,0.67,75.89,0.66,71.0,0.7,35.0,0.71,55.0,0.01,0.03,2336.191307,1776347060000
1776347062.678,262.678,0.23,7.57,0.22,170.0,0.24,33.0,0.25,10.0,0.76,15.0,0.75,10.0,0.77,13.57,0.78,50.0,0.01,0.01,2336.157691,1776347061000
1776347063.001,263.001,0.32,24.1,0.31,50.0,0.33,10.0,0.35,10.0,0.76,33.0,0.75,10.0,0.77,7.57,0.78,170.0,0.01,0.01,2336.157691,1776347061000
1776347063.973,263.973,0.35,5.0,0.34,5.0,0.37,15.02,0.38,26.0,0.67,10.0,0.65,10.0,0.68,24.1,0.69,50.0,0.02,0.01,2336.05985,1776347062000
1776347064.222,264.222,0.32,15.0,0.31,15.0,0.34,10.0,0.35,15.0,0.63,0.5,0.62,26.0,0.66,5.0,0.67,15.0,0.02,0.03,2335.845036,1776347063000
1776347064.568,264.568,0.31,34.0,0.3,5.0,0.34,21.0,0.35,15.0,0.66,10.0,0.65,15.0,0.68,15.0,0.69,15.0,0.03,0.02,2335.845036,1776347063000
1776347064.929,264.929,0.32,13.08,0.31,8.55,0.34,78.0,0.35,50.0,0.67,10.0,0.66,16.0,0.69,8.55,0.7,15.0,0.02,0.02,2335.845036,1776347063000
1776347065.321,265.321,0.33,22.53,0.32,10.0,0.34,20.0,0.36,25.0,0.66,78.0,0.65,50.0,0.68,13.08,0.69,8.55,0.01,0.02,2336.243625,1776347064000
1776347065.618,265.618,0.34,13.87,0.33,10.0,0.35,10.0,0.36,90.0,0.64,85.0,0.63,60.0,0.66,6.0,0.67,10.0,0.01,0.02,2336.243625,1776347064000
1776347066.499,266.499,0.34,13.14,0.33,10.0,0.35,65.0,0.36,85.0,0.65,10.0,0.64,90.0,0.66,13.87,0.67,10.0,0.01,0.01,2336.198098,1776347065000
1776347066.858,266.858,0.34,13.14,0.33,20.0,0.35,59.13,0.36,85.0,0.65,65.0,0.64,85.0,0.66,13.14,0.67,10.0,0.01,0.01,2336.198098,1776347065000
1776347067.915,267.915,0.31,3.55,0.3,70.0,0.32,16.0,0.33,26.0,0.65,59.13,0.64,85.0,0.66,13.14,0.67,20.0,0.01,0.01,2336.156951,1776347066000
1776347068.214,268.214,0.29,45.0,0.28,35.0,0.3,15.4,0.31,20.0,0.68,16.0,0.67,26.0,0.69,3.55,0.7,70.0,0.01,0.01,2336.171902,1776347067000
1776347069.699,269.699,0.25,50.0,0.24,30.0,0.27,10.0,0.28,66.0,0.7,15.4,0.69,20.0,0.71,45.0,0.72,35.0,0.02,0.01,2336.203963,1776347068000
1776347070.568,270.568,0.24,3.68,0.23,7.57,0.25,43.0,0.26,69.43,0.73,10.0,0.72,66.0,0.75,50.0,0.76,30.0,0.01,0.02,2336.144213,1776347069000
1776347070.852,270.852,0.23,7.35,0.22,25.0,0.25,43.0,0.26,94.43,0.75,43.0,0.74,69.43,0.76,3.68,0.77,7.57,0.02,0.01,2336.144213,1776347069000
1776347071.581,271.581,0.21,10.0,0.2,130.0,0.24,22.0,0.25,28.0,0.76,10.0,0.75,43.0,0.77,4.75,0.78,25.0,0.03,0.01,2336.144213,1776347069000
1776347072.045,272.045,0.26,11.0,0.25,17.0,0.27,16.0,0.28,16.0,0.73,10.0,0.72,14.43,0.78,27.44,0.79,10.0,0.01,0.05,2335.852813,1776347070000
1776347072.346,272.346,0.25,13.57,0.24,17.0,0.27,25.0,0.28,16.0,0.73,15.0,0.72,16.0,0.75,14.91,0.76,17.0,0.02,0.02,2335.852813,1776347070000
1776347072.64,272.64,0.25,7.23,0.24,17.0,0.27,25.0,0.28,16.0,0.73,25.0,0.72,16.0,0.75,13.57,0.76,17.0,0.02,0.02,2335.810764,1776347071000
1776347073.355,273.355,0.25,36.66,0.24,17.0,0.27,20.0,0.28,16.0,0.73,25.0,0.72,16.0,0.75,7.23,0.76,17.0,0.02,0.02,2335.746557,1776347072000
1776347073.942,273.942,0.23,3.0,0.22,10.0,0.25,26.0,0.26,10.0,0.73,20.0,0.72,16.0,0.75,36.66,0.76,17.0,0.02,0.02,2335.746557,1776347072000
1776347074.375,274.375,0.25,9.3,0.24,17.0,0.27,15.0,0.28,16.0,0.76,2.38,0.75,10.0,0.78,10.0,0.79,10.0,0.02,0.02,2335.8979,1776347073000
1776347074.743,274.743,0.27,10.0,0.26,39.0,0.29,6.67,0.3,10.0,0.73,15.0,0.72,16.0,0.75,9.3,0.76,17.0,0.02,0.02,2335.8979,1776347073000
1776347076.417,276.417,0.22,4.84,0.21,35.0,0.23,15.0,0.24,32.0,0.72,10.0,0.7,7.57,0.74,40.35,0.75,46.0,0.01,0.02,2335.971942,1776347075000
1776347077.467,277.467,0.21,8.73,0.2,35.0,0.22,7.69,0.23,10.0,0.77,20.0,0.76,32.0,0.78,3.62,0.79,35.0,0.01,0.01,2336.072911,1776347076000
1776347077.752,277.752,0.23,20.0,0.22,17.0,0.24,10.0,0.26,7.0,0.76,17.0,0.74,17.0,0.79,41.47,0.8,35.0,0.01,0.03,2336.072911,1776347076000
1776347077.959,277.959,0.21,16.73,0.2,35.0,0.22,32.0,0.24,10.0,0.76,10.0,0.74,7.0,0.77,20.0,0.78,17.0,0.01,0.01,2336.072911,1776347076000
1776347078.313,278.313,0.21,135.73,0.2,49.0,0.22,8.72,0.29,10.0,0.78,15.72,0.76,10.0,0.79,75.73,0.8,35.0,0.01,0.01,2336.00569,1776347077000
1776347078.63,278.63,0.26,44.0,0.25,10.0,0.28,1.75,0.29,20.0,0.71,10.0,0.69,10.0,0.73,8.89,0.74,44.0,0.02,0.02,2336.00569,1776347077000
1776347079.165,279.165,0.26,10.0,0.23,40.0,0.27,24.63,0.28,1.75,0.72,1.75,0.71,20.0,0.74,44.0,0.75,10.0,0.01,0.02,2336.00569,1776347077000
1776347079.516,279.516,0.26,40.0,0.25,10.0,0.29,10.0,0.3,10.0,0.73,24.63,0.72,1.75,0.74,10.0,0.77,40.0,0.03,0.01,2336.009185,1776347078000
1776347080.441,280.441,0.24,24.37,0.23,21.0,0.28,25.0,0.29,20.0,0.71,10.0,0.7,10.0,0.74,40.0,0.75,10.0,0.04,0.03,2336.0217,1776347079000
1776347081.352,281.352,0.24,11.37,0.22,13.0,0.25,10.0,0.26,10.0,0.72,25.0,0.71,20.0,0.76,24.37,0.77,21.0,0.01,0.04,2336.069484,1776347080000
1776347082.458,282.458,0.22,4.35,0.21,43.0,0.23,15.0,0.24,10.0,0.77,10.0,0.76,10.0,0.78,7.77,0.79,103.0,0.01,0.01,2336.165417,1776347081000
1776347083.822,283.822,0.21,57.98,0.2,10.0,0.22,17.0,0.23,10.0,0.77,5.0,0.76,10.0,0.79,43.0,0.8,75.0,0.01,0.02,2336.164784,1776347082000
1776347086.634,286.634,0.4,6.7,0.39,10.0,0.42,25.0,0.44,100.0,0.78,21.9,0.77,10.0,0.79,52.98,0.8,10.0,0.02,0.01,2336.144868,1776347085000
1776347086.965,286.965,0.43,7.92,0.42,10.0,0.44,5.0,0.47,30.0,0.58,25.0,0.56,100.0,0.6,6.7,0.61,10.0,0.01,0.02,2336.144868,1776347085000
1776347087.229,287.229,0.46,17.53,0.45,10.0,0.48,150.0,0.5,30.0,0.53,11.07,0.52,145.0,0.54,10.0,0.55,10.0,0.02,0.01,2336.229634,1776347086000
1776347087.626,287.626,0.45,9.53,0.44,10.0,0.48,105.0,0.49,5.0,0.52,155.0,0.5,30.0,0.55,9.53,0.56,10.0,0.03,0.03,2336.229634,1776347086000
1776347088.637,288.637,0.4,10.0,0.39,10.0,0.41,5.0,0.42,5.0,0.52,110.0,0.51,5.0,0.55,5.89,0.56,10.0,0.01,0.03,2336.546998,1776347087000
1776347089.397,289.397,0.47,150.0,0.46,10.0,0.51,20.0,0.52,40.0,0.59,5.0,0.58,5.0,0.61,4.09,0.62,10.0,0.04,0.02,2336.640234,1776347088000
1776347089.737,289.737,0.47,104.0,0.41,10.0,0.48,6.95,0.49,10.0,0.52,6.95,0.51,10.0,0.53,140.0,0.54,10.0,0.01,0.01,2336.640234,1776347088000
1776347090.143,290.143,0.41,8.01,0.4,10.0,0.46,55.0,0.49,10.0,0.51,6.95,0.5,77.04,0.59,10.0,0.6,10.0,0.05,0.08,2336.640234,1776347088000
1776347090.381,290.381,0.45,5.0,0.44,10.0,0.46,52.46,0.47,10.0,0.54,47.46,0.53,10.0,0.55,10.0,0.56,10.0,0.01,0.01,2336.63059,1776347089000
1776347090.606,290.606,0.45,1.36,0.44,10.0,0.46,47.46,0.48,10.0,0.54,52.46,0.53,10.0,0.55,5.0,0.56,10.0,0.01,0.01,2336.63059,1776347089000
1776347091.087,291.087,0.45,1.36,0.44,10.0,0.46,0.46,0.5,70.0,0.54,47.46,0.52,10.0,0.55,1.36,0.56,10.0,0.01,0.01,2336.63059,1776347089000
1776347091.458,291.458,0.51,5.0,0.5,7.0,0.56,42.0,0.59,128.0,0.54,0.46,0.5,70.0,0.55,1.36,0.56,10.0,0.05,0.01,2336.65108,1776347090000
1776347091.79,291.79,0.51,10.0,0.5,10.0,0.52,10.0,0.53,9.0,0.47,9.0,0.46,10.0,0.49,19.2,0.5,7.0,0.01,0.02,2336.65108,1776347090000
1776347092.011,292.011,0.55,10.0,0.54,10.0,0.56,73.55,0.57,86.0,0.44,106.59,0.43,86.0,0.48,10.0,0.49,10.0,0.01,0.04,2336.65108,1776347090000
1776347092.237,292.237,0.54,1.36,0.53,10.0,0.56,62.11,0.57,76.0,0.44,62.11,0.43,86.0,0.46,2.5,0.47,10.0,0.02,0.02,2336.65108,1776347090000
1776347092.955,292.955,0.55,4.66,0.54,10.0,0.56,62.11,0.57,80.0,0.44,72.11,0.43,76.0,0.48,8.22,0.49,10.0,0.01,0.04,2336.615303,1776347091000
1776347093.253,293.253,0.56,45.0,0.55,104.66,0.59,58.0,0.66,7.0,0.44,62.11,0.43,80.0,0.45,4.66,0.46,10.0,0.03,0.01,2336.696101,1776347092000
1776347093.528,293.528,0.88,10.0,0.87,10.0,0.9,62.1,0.91,11.0,0.11,64.49,0.1,150.0,0.28,15.0,0.29,15.0,0.02,0.17,2336.696101,1776347092000
1776347093.732,293.732,0.9,10.0,0.89,18.0,0.92,9.2,0.93,14.0,0.09,9.56,0.08,12.0,0.11,23.0,0.12,10.0,0.02,0.02,2336.696101,1776347092000
1776347094.033,294.033,0.94,15.0,0.93,10.0,0.95,64.36,0.96,90.0,0.05,69.27,0.04,90.0,0.06,10.0,0.07,15.0,0.01,0.01,2336.696101,1776347092000
1776347094.234,294.234,0.94,20.0,0.93,10.0,0.95,25.18,0.96,40.0,0.05,27.18,0.04,40.0,0.06,20.0,0.07,10.0,0.01,0.01,2336.696101,1776347092000
1776347094.476,294.476,0.95,51.56,0.94,15.0,0.97,65.14,0.98,190.0,0.03,60.14,0.02,190.0,0.04,10.0,0.05,51.56,0.02,0.01,2336.730373,1776347093000
1776347094.682,294.682,0.96,10.07,0.95,41.56,0.97,10.9,0.98,190.0,0.03,25.9,0.02,190.0,0.04,0.07,0.05,51.56,0.01,0.01,2336.730373,1776347093000
1776347094.899,294.899,0.96,15.07,0.95,41.56,0.97,5.74,0.98,190.0,0.03,10.9,0.02,190.0,0.04,10.07,0.05,41.56,0.01,0.01,2336.730373,1776347093000
1776347095.276,295.276,0.97,16.44,0.96,10.07,0.98,103.02,0.99,2690.86,0.02,158.54,0.01,2699.86,0.03,15.0,0.04,10.07,0.01,0.01,2336.730373,1776347093000
1776347095.503,295.503,0.97,6.61,0.96,10.07,0.98,92.61,0.99,2690.86,0.02,108.02,0.01,2690.86,0.03,11.61,0.04,10.07,0.01,0.01,2337.05139,1776347094000
1776347095.858,295.858,0.96,2.68,0.95,41.56,0.98,61.5,0.99,2690.86,0.02,61.5,0.01,2690.86,0.03,6.61,0.04,10.07,0.02,0.01,2337.05139,1776347094000
1776347096.394,296.394,0.95,25.78,0.94,10.0,0.96,6.38,0.97,47.0,0.02,28.13,0.01,2690.86,0.03,10.0,0.04,2.68,0.01,0.01,2337.584986,1776347095000
1776347096.626,296.626,0.98,9.9,0.96,41.0,0.99,2682.99,,,0.01,2682.99,,,0.04,41.0,0.05,15.0,0.01,0.03,2337.584986,1776347095000
1776347096.855,296.855,0.98,14.9,0.97,10.0,0.99,2669.94,,,0.01,2672.94,,,0.02,9.9,0.03,10.0,0.01,0.01,2337.584986,1776347095000
1776347097.117,297.117,0.93,10.0,0.92,10.0,0.94,10.0,0.96,47.0,0.01,2640.94,,,0.02,14.9,0.03,10.0,0.01,0.01,2337.584986,1776347095000
1776347097.339,297.339,0.9,10.0,0.89,10.0,0.97,47.04,0.98,10.0,0.09,46.35,0.04,60.0,0.1,10.0,0.11,10.0,0.07,0.01,2337.760657,1776347096000
1776347097.551,297.551,0.96,10.0,0.95,10.0,0.99,864.17,,,0.01,869.17,,,0.03,10.0,0.04,10.0,0.03,0.02,2337.760657,1776347096000
1776347097.794,297.794,0.98,10.0,0.97,10.0,0.99,563.75,,,0.01,575.62,,,0.02,10.0,0.03,10.0,0.01,0.01,2337.760657,1776347096000
1776347098.026,298.026,0.98,10.0,0.97,10.0,0.99,239.52,,,0.01,249.52,,,0.02,10.0,0.03,10.0,0.01,0.01,2337.760657,1776347096000
1776347098.633,298.633,0.98,10.0,0.97,10.0,0.99,846.77,,,,,,,0.02,10.0,0.03,10.0,0.01,,2337.760657,1776347096000
1776347098.865,298.865,0.98,10.0,0.97,10.0,0.99,810.68,,,0.01,807.71,,,0.02,10.0,0.03,10.0,0.01,0.01,2337.560729,1776347097000
1776347099.178,299.178,0.99,681.26,0.98,28.0,,,,,,,,,0.02,10.0,0.03,10.0,,,2337.459528,1776347098000
1776347099.998,299.998,0.99,32511.31,0.98,28.0,,,,,,,,,0.01,681.26,0.02,28.0,,,2337.459528,1776347098000

# RESULT,winner=Up,slug=eth-updown-5m-1776346800,ticks=508
