timestamp,elapsed_sec,up_bid_p1,up_bid_s1,up_bid_p2,up_bid_s2,up_ask_p1,up_ask_s1,up_ask_p2,up_ask_s2,down_bid_p1,down_bid_s1,down_bid_p2,down_bid_s2,down_ask_p1,down_ask_s1,down_ask_p2,down_ask_s2,up_spread,down_spread,eth_price,eth_oracle_ts
1776257400.686,0.686,0.5,6.92,0.46,82.5,0.51,10.05,0.52,14.38,0.51,5.0,0.49,10.05,0.54,82.5,0.56,5.0,0.01,0.03,2336.402205,1776257399000
1776257401.025,1.025,0.5,6.92,0.46,82.5,0.51,10.05,0.52,14.38,0.49,10.05,0.48,14.38,0.5,6.92,0.54,82.5,0.01,0.01,2336.40198,1776257400000
1776257401.731,1.731,0.5,1.92,0.48,100.0,0.51,163.0,0.52,183.0,0.49,10.05,0.48,14.38,0.5,6.92,0.54,82.5,0.01,0.01,2336.40198,1776257400000
1776257402.267,2.267,0.5,1.92,0.48,100.0,0.51,163.0,0.52,183.0,0.49,163.0,0.48,183.0,0.5,1.92,0.52,100.0,0.01,0.01,2336.35429,1776257401000
1776257402.998,2.998,0.48,100.0,0.47,100.0,0.51,163.0,0.52,208.0,0.49,163.0,0.48,183.0,0.5,1.92,0.52,100.0,0.03,0.01,2336.35429,1776257401000
1776257403.481,3.481,0.48,100.0,0.47,100.0,0.51,163.0,0.52,208.0,0.49,163.0,0.48,208.0,0.52,100.0,0.53,100.0,0.03,0.03,2336.323686,1776257402000
1776257404.037,4.037,0.48,100.0,0.47,100.0,0.51,163.0,0.52,208.0,0.49,163.0,0.48,208.0,0.52,100.0,0.53,100.0,0.03,0.03,2336.318421,1776257403000
1776257404.707,4.707,0.46,8.77,0.44,5.0,0.49,10.0,0.5,120.0,0.49,163.0,0.48,208.0,0.52,100.0,0.53,100.0,0.03,0.03,2336.318421,1776257403000
1776257405.117,5.117,0.4,96.81,0.39,100.0,0.41,10.0,0.42,110.0,0.57,68.58,0.55,9.09,0.58,5.0,0.6,100.0,0.01,0.01,2336.318421,1776257403000
1776257405.417,5.417,0.4,1.85,0.38,25.0,0.41,36.18,0.42,10.0,0.59,10.0,0.58,110.0,0.6,96.81,0.61,100.0,0.01,0.01,2336.307697,1776257404000
1776257405.687,5.687,0.4,44.94,0.38,25.0,0.41,36.18,0.42,10.0,0.59,36.18,0.58,10.0,0.6,46.61,0.62,25.0,0.01,0.01,2336.307697,1776257404000
1776257406.613,6.613,0.4,49.94,0.39,10.0,0.41,46.18,0.42,20.0,0.59,36.18,0.58,10.0,0.6,44.94,0.62,25.0,0.01,0.01,2336.307697,1776257404000
1776257407.116,7.116,0.4,49.82,0.39,5.0,0.41,25.0,0.42,20.0,0.59,46.18,0.58,20.0,0.6,49.94,0.61,10.0,0.01,0.01,2336.007072,1776257405000
1776257407.527,7.527,0.4,44.82,0.38,30.0,0.41,90.0,0.42,79.75,0.59,25.0,0.58,20.0,0.6,49.82,0.61,5.0,0.01,0.01,2335.85671,1776257406000
1776257408.422,8.422,0.4,44.82,0.38,30.0,0.41,90.0,0.42,79.75,0.59,90.0,0.58,79.75,0.6,44.82,0.62,30.0,0.01,0.01,2335.680169,1776257407000
1776257408.907,8.907,0.4,43.15,0.38,25.0,0.41,145.0,0.42,79.75,0.59,90.0,0.58,79.75,0.6,44.82,0.62,30.0,0.01,0.01,2335.680169,1776257407000
1776257409.559,9.559,0.4,43.15,0.38,25.0,0.41,145.0,0.42,79.75,0.59,145.0,0.58,79.75,0.6,43.15,0.62,25.0,0.01,0.01,2335.671058,1776257408000
1776257409.927,9.927,0.37,60.0,0.36,73.89,0.38,31.86,0.39,78.0,0.59,205.0,0.58,129.75,0.63,75.53,0.64,108.89,0.01,0.04,2335.671058,1776257408000
1776257410.217,10.217,0.37,78.41,0.36,73.89,0.38,31.86,0.39,28.0,0.62,31.86,0.61,78.0,0.63,60.0,0.64,73.89,0.01,0.01,2335.663793,1776257409000
1776257410.735,10.735,0.37,61.61,0.36,73.89,0.38,31.86,0.39,28.0,0.62,31.86,0.61,28.0,0.63,78.41,0.64,73.89,0.01,0.01,2335.663793,1776257409000
1776257411.323,11.323,0.37,52.55,0.36,83.89,0.38,31.86,0.39,88.0,0.62,31.86,0.61,38.0,0.63,45.73,0.64,83.89,0.01,0.01,2335.654388,1776257410000
1776257411.617,11.617,0.37,42.55,0.36,83.89,0.38,25.86,0.39,88.0,0.62,25.86,0.61,88.0,0.63,42.55,0.64,83.89,0.01,0.01,2335.654388,1776257410000
1776257412.098,12.098,0.36,83.89,0.35,125.0,0.38,35.86,0.39,98.0,0.62,25.86,0.61,88.0,0.63,42.55,0.64,83.89,0.02,0.01,2335.654388,1776257410000
1776257413.214,13.214,0.36,87.32,0.35,130.0,0.37,15.0,0.38,65.0,0.62,35.86,0.61,98.0,0.64,83.89,0.65,125.0,0.01,0.02,2335.670395,1776257411000
1776257414.532,14.532,0.41,10.0,0.4,10.0,0.43,58.44,0.45,20.74,0.63,15.0,0.62,65.0,0.64,87.32,0.65,130.0,0.02,0.01,2335.672295,1776257413000
1776257414.858,14.858,0.51,5.91,0.5,175.0,0.52,3.5,0.53,20.0,0.48,3.5,0.47,20.0,0.49,10.0,0.5,170.0,0.01,0.01,2335.672295,1776257413000
1776257415.872,15.872,0.51,30.5,0.5,175.91,0.52,96.89,0.53,113.5,0.48,8.5,0.47,20.0,0.5,155.91,0.51,125.0,0.01,0.02,2335.672571,1776257414000
1776257416.204,16.204,0.5,70.5,0.49,110.0,0.51,75.0,0.52,126.13,0.48,96.89,0.47,113.5,0.49,30.5,0.5,175.91,0.01,0.01,2335.672571,1776257414000
1776257416.448,16.448,0.5,63.68,0.49,110.0,0.51,130.66,0.52,111.13,0.49,75.0,0.48,126.13,0.5,70.5,0.51,110.0,0.01,0.01,2336.031618,1776257415000
1776257417.317,17.317,0.5,76.68,0.49,120.0,0.51,140.66,0.52,116.13,0.49,130.66,0.48,111.13,0.5,63.68,0.51,110.0,0.01,0.01,2336.474632,1776257416000
1776257418.646,18.646,0.5,71.68,0.49,120.0,0.51,131.66,0.52,116.13,0.49,140.66,0.48,116.13,0.5,76.68,0.51,120.0,0.01,0.01,2336.523343,1776257417000
1776257419.009,19.009,0.5,66.68,0.49,120.0,0.51,122.66,0.52,126.13,0.49,131.66,0.48,116.13,0.5,71.68,0.51,120.0,0.01,0.01,2336.523343,1776257417000
1776257419.313,19.313,0.5,71.68,0.49,120.0,0.51,108.66,0.52,126.13,0.49,122.66,0.48,126.13,0.5,66.68,0.51,120.0,0.01,0.01,2336.451858,1776257418000
1776257420.031,20.031,0.5,61.68,0.49,120.0,0.51,109.75,0.52,126.13,0.49,104.66,0.48,126.13,0.5,71.68,0.51,120.0,0.01,0.01,2336.451858,1776257418000
1776257421.768,21.768,0.51,22.12,0.5,203.68,0.52,42.33,0.53,30.0,0.49,109.75,0.48,126.13,0.5,61.68,0.51,120.0,0.01,0.01,2336.450522,1776257420000
1776257423.123,23.123,0.52,151.5,0.51,255.5,0.53,23.86,0.54,30.74,0.48,42.33,0.47,30.0,0.49,22.12,0.5,203.68,0.01,0.01,2336.490385,1776257421000
1776257423.573,23.573,0.55,5.0,0.54,151.5,0.57,70.0,0.58,35.0,0.45,10.0,0.44,10.0,0.47,32.5,0.48,145.5,0.02,0.02,2336.494397,1776257422000
1776257424.46,24.46,0.56,110.5,0.55,85.5,0.57,70.0,0.58,51.0,0.43,70.0,0.42,35.0,0.45,5.0,0.46,151.5,0.01,0.02,2336.578673,1776257423000
1776257424.963,24.963,0.56,108.68,0.55,90.5,0.57,68.24,0.58,51.0,0.43,68.24,0.42,101.0,0.44,110.5,0.45,90.5,0.01,0.01,2336.578673,1776257423000
1776257425.391,25.391,0.56,98.68,0.55,90.5,0.57,74.73,0.58,41.0,0.43,64.73,0.42,51.0,0.44,103.68,0.45,100.5,0.01,0.01,2336.578673,1776257423000
1776257426.225,26.225,0.56,15.0,0.55,25.0,0.57,181.47,0.58,96.5,0.43,74.73,0.42,41.0,0.44,98.68,0.45,90.5,0.01,0.01,2336.745845,1776257424000
1776257427.771,27.771,0.55,23.02,0.54,160.5,0.57,186.47,0.58,96.5,0.43,181.47,0.42,96.5,0.44,5.0,0.45,25.0,0.02,0.01,2336.86387,1776257426000
1776257431.02,31.02,0.58,81.0,0.57,91.5,0.59,30.59,0.6,109.5,0.43,186.47,0.42,96.5,0.45,23.02,0.46,160.5,0.01,0.02,2336.820209,1776257429000
1776257431.603,31.603,0.58,86.0,0.57,96.5,0.59,33.55,0.6,104.5,0.41,30.59,0.4,109.5,0.42,81.0,0.43,91.5,0.01,0.01,2336.847787,1776257430000
1776257432.064,32.064,0.58,103.39,0.57,109.5,0.6,42.4,0.61,70.5,0.41,33.55,0.4,104.5,0.42,86.0,0.43,96.5,0.02,0.01,2336.847787,1776257430000
1776257432.856,32.856,0.58,112.24,0.57,109.5,0.6,67.9,0.61,129.83,0.4,42.4,0.39,70.5,0.42,103.39,0.43,109.5,0.02,0.02,2336.926095,1776257431000
1776257433.389,33.389,0.6,3.0,0.59,115.5,0.61,69.33,0.62,83.5,0.4,67.9,0.39,129.83,0.42,112.24,0.43,109.5,0.01,0.02,2336.930385,1776257432000
1776257433.743,33.743,0.6,128.5,0.59,110.5,0.61,49.33,0.62,80.5,0.39,69.33,0.38,83.5,0.4,3.0,0.41,115.5,0.01,0.01,2336.930385,1776257432000
1776257434.011,34.011,0.6,116.42,0.59,120.5,0.61,49.33,0.62,90.5,0.39,49.33,0.38,80.5,0.4,128.5,0.41,110.5,0.01,0.01,2336.930385,1776257432000
1776257434.979,34.979,0.62,15.76,0.61,70.0,0.63,191.5,0.64,165.89,0.38,0.03,0.37,151.0,0.4,116.42,0.41,120.5,0.01,0.02,2336.997715,1776257433000
1776257435.208,35.208,0.62,10.76,0.61,70.0,0.63,173.35,0.64,165.89,0.37,191.5,0.36,165.89,0.38,15.76,0.39,70.0,0.01,0.01,2336.997715,1776257433000
1776257435.728,35.728,0.62,5.76,0.61,70.0,0.63,283.12,0.64,170.89,0.37,173.35,0.36,165.89,0.38,10.76,0.39,70.0,0.01,0.01,2337.009205,1776257434000
1776257436.393,36.393,0.62,15.78,0.61,65.74,0.63,252.12,0.64,100.89,0.37,288.12,0.36,170.89,0.39,35.74,0.4,101.42,0.01,0.02,2337.05645,1776257435000
1776257437.302,37.302,0.62,48.14,0.61,75.74,0.63,257.12,0.64,102.89,0.37,242.12,0.36,100.89,0.38,10.78,0.39,65.74,0.01,0.01,2337.05645,1776257435000
1776257437.593,37.593,0.62,44.32,0.61,75.74,0.63,267.12,0.64,102.89,0.37,257.12,0.36,102.89,0.38,48.14,0.39,75.74,0.01,0.01,2337.12145,1776257436000
1776257437.805,37.805,0.62,3.42,0.61,75.74,0.63,272.12,0.64,102.89,0.37,267.12,0.36,102.89,0.38,44.32,0.39,75.74,0.01,0.01,2337.12145,1776257436000
1776257440.216,40.216,0.62,98.92,0.61,101.24,0.63,45.62,0.64,92.89,0.37,272.12,0.36,102.89,0.38,3.42,0.39,75.74,0.01,0.01,2337.20493,1776257439000
1776257440.868,40.868,0.62,2.86,0.61,107.24,0.63,117.59,0.64,118.39,0.37,45.62,0.36,92.89,0.38,98.92,0.39,101.24,0.01,0.01,2337.20493,1776257439000
1776257441.282,41.282,0.62,15.22,0.61,80.0,0.63,143.09,0.64,121.39,0.37,117.59,0.36,118.39,0.38,2.86,0.39,107.24,0.01,0.01,2337.20493,1776257439000
1776257442.211,42.211,0.61,47.43,0.6,101.42,0.62,81.97,0.63,131.12,0.37,148.09,0.36,121.39,0.38,4.61,0.39,80.0,0.01,0.01,2337.24574,1776257441000
1776257442.738,42.738,0.61,98.18,0.6,96.42,0.62,11.97,0.63,115.62,0.38,81.97,0.37,131.12,0.39,47.43,0.4,101.42,0.01,0.01,2337.24574,1776257441000
1776257442.944,42.944,0.61,108.18,0.6,96.42,0.63,30.98,0.64,116.39,0.38,11.97,0.37,115.62,0.39,98.18,0.4,96.42,0.02,0.01,2337.24574,1776257441000
1776257443.153,43.153,0.62,60.5,0.61,110.5,0.63,28.77,0.64,121.39,0.37,31.95,0.36,121.39,0.38,25.5,0.39,100.5,0.01,0.01,2337.24574,1776257442000
1776257443.873,43.873,0.62,85.39,0.61,110.5,0.63,111.63,0.64,123.39,0.37,28.77,0.36,121.39,0.38,60.5,0.39,110.5,0.01,0.01,2337.24574,1776257442000
1776257444.285,44.285,0.62,84.94,0.61,110.5,0.63,105.04,0.64,123.39,0.37,111.63,0.36,123.39,0.38,59.44,0.39,110.5,0.01,0.01,2337.21376,1776257443000
1776257444.928,44.928,0.62,75.36,0.61,110.5,0.63,104.83,0.64,123.39,0.37,105.04,0.36,123.39,0.38,84.94,0.39,110.5,0.01,0.01,2337.21376,1776257443000
1776257445.386,45.386,0.62,58.55,0.61,110.5,0.63,120.33,0.64,123.39,0.37,104.83,0.36,123.39,0.38,75.36,0.39,110.5,0.01,0.01,2337.199824,1776257444000
1776257446.356,46.356,0.62,7.47,0.61,110.5,0.63,159.83,0.64,123.39,0.37,115.33,0.36,123.39,0.38,32.62,0.39,110.5,0.01,0.01,2337.23185,1776257445000
1776257446.901,46.901,0.62,15.86,0.61,110.5,0.63,154.83,0.64,123.39,0.37,159.83,0.36,123.39,0.38,7.47,0.39,110.5,0.01,0.01,2337.23185,1776257445000
1776257447.897,47.897,0.62,20.59,0.61,110.5,0.63,170.33,0.64,128.39,0.37,154.83,0.36,123.39,0.38,15.86,0.39,110.5,0.01,0.01,2337.241515,1776257446000
1776257448.227,48.227,0.62,20.59,0.61,100.5,0.63,138.33,0.64,118.39,0.37,170.33,0.36,128.39,0.38,20.59,0.39,110.5,0.01,0.01,2337.241515,1776257447000
1776257448.817,48.817,0.62,14.14,0.61,50.5,0.63,138.33,0.64,118.39,0.37,138.33,0.36,118.39,0.38,20.59,0.39,100.5,0.01,0.01,2337.241515,1776257447000
1776257449.42,49.42,0.61,7.11,0.6,18.92,0.63,175.33,0.64,128.39,0.37,138.33,0.36,118.39,0.38,14.14,0.39,50.5,0.02,0.01,2337.237545,1776257448000
1776257449.728,49.728,0.59,60.0,0.58,16.39,0.61,205.92,0.62,148.5,0.37,175.33,0.36,128.39,0.39,7.11,0.4,18.92,0.02,0.02,2337.237545,1776257448000
1776257450.017,50.017,0.54,20.56,0.53,50.0,0.59,64.5,0.6,110.5,0.41,32.5,0.4,123.5,0.42,6.29,0.43,125.0,0.05,0.01,2337.237545,1776257448000
1776257450.344,50.344,0.5,176.23,0.49,166.0,0.52,15.0,0.53,10.0,0.45,114.0,0.44,65.0,0.49,0.05,0.5,181.18,0.02,0.04,2337.230005,1776257449000
1776257450.554,50.554,0.5,163.51,0.49,166.0,0.51,10.0,0.52,15.0,0.48,15.0,0.47,10.0,0.5,176.23,0.51,166.0,0.01,0.02,2337.230005,1776257449000
1776257450.827,50.827,0.5,169.82,0.49,179.0,0.51,17.0,0.52,32.0,0.49,10.0,0.48,15.0,0.5,163.51,0.51,166.0,0.01,0.01,2337.230005,1776257449000
1776257451.367,51.367,0.49,150.0,0.48,132.0,0.51,22.0,0.52,37.0,0.49,7.0,0.48,32.0,0.5,168.29,0.51,166.0,0.02,0.01,2337.230005,1776257449000
1776257452.559,52.559,0.49,133.02,0.48,147.5,0.5,99.8,0.51,82.37,0.5,4.8,0.49,22.0,0.51,100.0,0.52,132.0,0.01,0.01,2336.872993,1776257451000
1776257452.957,52.957,0.49,120.39,0.48,147.5,0.5,98.23,0.51,82.37,0.5,98.23,0.49,82.37,0.51,128.02,0.52,147.5,0.01,0.01,2336.872993,1776257451000
1776257453.88,53.88,0.49,144.43,0.48,167.5,0.5,6.43,0.51,27.0,0.5,98.23,0.49,82.37,0.51,123.43,0.52,147.5,0.01,0.01,2336.579484,1776257452000
1776257455.734,55.734,0.48,139.4,0.47,70.0,0.5,6.43,0.51,27.0,0.5,6.43,0.49,27.0,0.51,144.43,0.52,167.5,0.02,0.01,2336.537144,1776257454000
1776257456.62,56.62,0.49,29.69,0.48,144.4,0.5,64.16,0.51,87.0,0.5,4.16,0.49,27.0,0.51,44.5,0.52,144.4,0.01,0.01,2336.537144,1776257455000
1776257456.834,56.834,0.49,7.37,0.48,134.4,0.5,84.16,0.51,87.5,0.5,64.16,0.49,87.0,0.51,29.69,0.52,144.4,0.01,0.01,2336.537144,1776257455000
1776257460.993,60.993,0.49,7.37,0.48,157.5,0.5,148.58,0.51,92.5,0.5,84.16,0.49,87.5,0.51,7.37,0.52,134.4,0.01,0.01,2336.57836,1776257459000
1776257462.075,62.075,0.49,178.07,0.48,88.5,0.5,55.42,0.51,10.0,0.5,148.58,0.49,92.5,0.51,7.37,0.52,157.5,0.01,0.01,2336.578596,1776257460000
1776257464.389,64.389,0.53,53.0,0.52,162.0,0.54,96.5,0.55,87.5,0.49,10.0,0.48,10.0,0.51,178.07,0.52,88.5,0.01,0.02,2336.65794,1776257463000
1776257465.391,65.391,0.52,10.45,0.51,80.5,0.54,91.5,0.55,87.5,0.46,96.5,0.45,87.5,0.47,53.0,0.48,162.0,0.02,0.01,2336.65794,1776257463000
1776257466.376,66.376,0.48,7.0,0.47,85.0,0.49,72.5,0.5,59.5,0.46,91.5,0.45,87.5,0.48,10.45,0.49,80.5,0.01,0.02,2336.797463,1776257465000
1776257466.612,66.612,0.46,10.0,0.45,50.0,0.48,65.0,0.49,36.5,0.51,72.5,0.5,59.5,0.52,7.0,0.53,85.0,0.02,0.01,2336.797463,1776257465000
1776257466.856,66.856,0.44,6.9,0.43,8.0,0.45,21.0,0.46,20.0,0.52,65.0,0.51,36.5,0.54,10.0,0.55,50.0,0.01,0.02,2336.797463,1776257465000
1776257467.059,67.059,0.42,100.0,0.41,25.0,0.44,33.0,0.45,39.0,0.55,21.0,0.54,20.0,0.57,4.9,0.58,100.0,0.02,0.02,2336.797463,1776257465000
1776257467.526,67.526,0.4,70.0,0.39,120.0,0.41,16.12,0.42,15.0,0.56,33.0,0.55,39.0,0.58,100.0,0.59,25.0,0.01,0.02,2336.702905,1776257466000
1776257468.013,68.013,0.39,16.72,0.38,80.0,0.4,40.0,0.41,31.5,0.59,15.0,0.58,15.0,0.61,120.0,0.62,75.0,0.01,0.02,2336.702905,1776257466000
1776257468.371,68.371,0.39,20.02,0.38,75.0,0.4,54.5,0.41,31.5,0.6,40.0,0.59,31.5,0.61,16.72,0.62,80.0,0.01,0.01,2336.702905,1776257466000
1776257468.695,68.695,0.37,28.5,0.36,120.76,0.38,7.85,0.39,21.0,0.6,39.0,0.59,31.5,0.63,12.0,0.64,110.26,0.01,0.03,2336.702905,1776257466000
1776257469.004,69.004,0.37,23.5,0.36,120.76,0.39,24.29,0.4,26.0,0.62,7.85,0.61,21.0,0.63,28.5,0.64,120.76,0.02,0.01,2336.030922,1776257467000
1776257469.618,69.618,0.38,118.5,0.37,25.5,0.43,15.0,0.44,25.5,0.61,24.29,0.6,26.0,0.63,23.5,0.64,120.76,0.05,0.02,2335.82085,1776257468000
1776257470.417,70.417,0.44,56.0,0.43,10.0,0.46,48.02,0.47,68.0,0.57,15.0,0.56,25.5,0.62,118.5,0.63,25.5,0.02,0.05,2335.815803,1776257469000
1776257471.492,71.492,0.47,47.83,0.46,30.5,0.48,60.0,0.49,65.5,0.54,48.02,0.53,68.0,0.56,56.0,0.57,10.0,0.01,0.02,2335.815803,1776257469000
1776257471.877,71.877,0.48,49.0,0.47,39.33,0.5,70.5,0.51,65.0,0.52,60.0,0.51,65.5,0.53,47.83,0.54,30.5,0.02,0.01,2335.898649,1776257470000
1776257472.79,72.79,0.5,9.9,0.49,59.0,0.51,103.5,0.52,190.28,0.5,70.5,0.49,65.0,0.52,49.0,0.53,39.33,0.01,0.02,2336.117878,1776257471000
1776257473.116,73.116,0.5,9.8,0.49,109.0,0.51,85.5,0.52,125.28,0.49,103.5,0.48,190.28,0.5,9.9,0.51,59.0,0.01,0.01,2336.117878,1776257471000
1776257475.39,75.39,0.5,17.6,0.49,85.0,0.51,104.5,0.52,138.28,0.49,85.5,0.48,125.28,0.5,9.8,0.51,109.0,0.01,0.01,2336.422213,1776257473000
1776257476.693,76.693,0.5,92.6,0.49,105.5,0.51,32.48,0.52,143.78,0.49,104.5,0.48,138.28,0.5,17.6,0.51,85.0,0.01,0.01,2336.4387,1776257475000
1776257479.065,79.065,0.54,48.25,0.53,25.0,0.55,31.41,0.56,10.5,0.49,32.48,0.48,143.78,0.5,92.6,0.51,105.5,0.01,0.01,2336.433526,1776257477000
1776257480.462,80.462,0.48,55.0,0.47,71.5,0.5,115.5,0.51,117.5,0.45,26.01,0.44,28.5,0.46,44.0,0.47,25.0,0.02,0.01,2336.455056,1776257478000
1776257482.026,82.026,0.48,157.5,0.47,85.5,0.5,11.0,0.51,24.0,0.5,115.5,0.49,117.5,0.52,55.0,0.53,71.5,0.02,0.02,2336.71006,1776257480000
1776257482.402,82.402,0.49,87.5,0.48,85.5,0.52,7.3,0.54,70.5,0.5,6.0,0.49,29.0,0.51,62.5,0.52,85.5,0.03,0.01,2336.71006,1776257480000
1776257484.585,84.585,0.51,5.0,0.5,65.0,0.53,46.0,0.54,110.31,0.48,7.3,0.46,70.5,0.51,87.5,0.52,85.5,0.02,0.03,2336.457711,1776257482000
1776257493.281,93.281,0.48,3.88,0.47,71.0,0.49,50.5,0.5,74.08,0.47,46.0,0.46,110.31,0.49,5.0,0.5,65.0,0.01,0.02,2336.639228,1776257492000
1776257493.593,93.593,0.47,46.8,0.46,55.0,0.48,36.0,0.49,53.5,0.51,50.5,0.5,74.08,0.52,3.88,0.53,71.0,0.01,0.01,2336.639228,1776257492000
1776257495.336,95.336,0.44,45.46,0.43,50.0,0.48,119.0,0.49,108.5,0.52,36.0,0.51,53.5,0.53,46.8,0.54,55.0,0.04,0.01,2336.45036,1776257494000
1776257495.586,95.586,0.4,6.9,0.39,55.0,0.45,9.09,0.48,146.0,0.52,119.0,0.51,108.5,0.56,45.46,0.57,50.0,0.05,0.04,2336.45036,1776257494000
1776257496.296,96.296,0.4,1.81,0.39,60.0,0.42,15.0,0.45,18.0,0.58,19.81,0.55,9.09,0.6,6.9,0.61,55.0,0.02,0.02,2336.415043,1776257495000
1776257497.212,97.212,0.38,48.95,0.37,55.0,0.4,10.0,0.41,10.0,0.58,15.0,0.55,18.0,0.6,1.81,0.61,60.0,0.02,0.02,2336.253993,1776257496000
1776257497.436,97.436,0.38,48.88,0.37,55.0,0.39,15.0,0.4,10.0,0.6,10.0,0.59,10.0,0.62,48.95,0.63,55.0,0.01,0.02,2336.253993,1776257496000
1776257498.779,98.779,0.38,54.54,0.37,70.5,0.39,20.0,0.4,20.0,0.61,15.0,0.6,10.0,0.62,48.88,0.63,55.0,0.01,0.01,2336.078387,1776257497000
1776257500.617,100.617,0.37,65.5,0.36,120.76,0.39,103.0,0.4,80.5,0.61,20.0,0.6,20.0,0.62,54.54,0.63,70.5,0.02,0.01,2335.985292,1776257499000
1776257501.06,101.06,0.37,75.5,0.36,180.76,0.4,5.0,0.42,70.0,0.62,15.0,0.61,88.0,0.63,60.5,0.64,120.76,0.03,0.01,2335.980381,1776257500000
1776257503.951,103.951,0.43,3.24,0.42,10.0,0.44,110.31,0.45,80.5,0.6,5.0,0.58,70.0,0.63,75.5,0.64,180.76,0.01,0.03,2336.07045,1776257502000
1776257504.581,104.581,0.39,20.0,0.38,20.3,0.4,33.0,0.41,25.5,0.56,110.31,0.55,80.5,0.57,3.24,0.58,10.0,0.01,0.01,2336.151712,1776257503000
1776257505.332,105.332,0.37,5.0,0.36,125.76,0.38,97.03,0.39,85.5,0.6,33.0,0.59,25.5,0.61,20.0,0.62,20.3,0.01,0.01,2336.151712,1776257503000
1776257505.846,105.846,0.35,70.0,0.34,71.29,0.37,113.5,0.38,97.53,0.62,97.03,0.61,85.5,0.64,120.76,0.65,95.8,0.02,0.02,2336.1684,1776257504000
1776257506.332,106.332,0.35,20.0,0.34,76.29,0.36,97.81,0.37,103.5,0.63,113.5,0.62,97.53,0.65,70.0,0.66,71.29,0.01,0.02,2336.1611,1776257505000
1776257509.247,109.247,0.34,64.01,0.33,191.8,0.35,15.0,0.36,98.31,0.64,97.81,0.63,103.5,0.65,20.0,0.66,76.29,0.01,0.01,2335.854113,1776257508000
1776257510.254,110.254,0.34,60.79,0.33,191.8,0.35,35.98,0.36,98.31,0.65,15.0,0.64,98.31,0.66,64.01,0.67,191.8,0.01,0.01,2335.841248,1776257509000
1776257511.731,111.731,0.34,53.55,0.33,175.5,0.35,37.98,0.36,32.81,0.65,30.98,0.64,98.31,0.66,53.21,0.67,191.8,0.01,0.01,2335.833189,1776257510000
1776257512.861,112.861,0.34,50.23,0.33,175.5,0.35,19.98,0.36,25.0,0.65,37.98,0.64,32.81,0.66,53.55,0.67,175.5,0.01,0.01,2335.798502,1776257511000
1776257513.066,113.066,0.34,50.23,0.33,175.5,0.35,17.12,0.36,25.0,0.65,19.98,0.64,25.0,0.66,50.23,0.67,175.5,0.01,0.01,2335.798502,1776257511000
1776257514.909,114.909,0.34,53.71,0.33,170.5,0.35,17.12,0.36,25.0,0.65,17.12,0.64,25.0,0.66,50.23,0.67,175.5,0.01,0.01,2335.840986,1776257513000
1776257516.484,116.484,0.34,19.81,0.33,170.5,0.35,17.12,0.36,25.0,0.65,17.12,0.64,25.0,0.66,53.71,0.67,170.5,0.01,0.01,2335.862763,1776257515000
1776257516.81,116.81,0.34,18.29,0.33,170.5,0.35,17.12,0.36,75.0,0.65,17.12,0.64,25.0,0.66,19.81,0.67,170.5,0.01,0.01,2335.862763,1776257515000
1776257518.513,118.513,0.34,13.29,0.33,170.5,0.35,22.12,0.36,75.0,0.65,17.12,0.64,75.0,0.66,18.29,0.67,170.5,0.01,0.01,2335.858989,1776257517000
1776257520.807,120.807,0.34,0.21,0.33,170.5,0.35,17.12,0.36,85.5,0.65,22.12,0.64,75.0,0.66,13.29,0.67,170.5,0.01,0.01,2335.8558,1776257519000
1776257522.192,122.192,0.33,175.5,0.32,76.5,0.34,9.11,0.35,62.12,0.65,17.12,0.64,85.5,0.66,0.21,0.67,170.5,0.01,0.01,2335.860823,1776257521000
1776257528.501,128.501,0.29,55.0,0.28,70.5,0.3,10.0,0.31,56.5,0.66,9.11,0.65,62.12,0.67,175.5,0.68,76.5,0.01,0.01,2335.811001,1776257527000
1776257528.95,128.95,0.28,60.0,0.27,81.51,0.29,103.0,0.3,103.5,0.7,10.0,0.69,56.5,0.71,55.0,0.72,70.5,0.01,0.01,2335.811001,1776257527000
1776257529.301,129.301,0.27,66.01,0.26,128.7,0.28,108.5,0.29,108.5,0.71,103.0,0.7,103.5,0.72,60.0,0.73,81.51,0.01,0.01,2335.808324,1776257528000
1776257529.631,129.631,0.27,66.01,0.26,120.5,0.28,93.0,0.29,108.5,0.72,108.5,0.71,108.5,0.73,66.01,0.74,128.7,0.01,0.01,2335.808324,1776257528000
1776257530.036,130.036,0.27,71.01,0.26,120.5,0.28,86.9,0.29,108.5,0.72,93.0,0.71,108.5,0.73,66.01,0.74,120.5,0.01,0.01,2335.808324,1776257528000
1776257533.177,133.177,0.25,1.01,0.24,55.0,0.28,133.5,0.29,95.5,0.72,86.9,0.71,108.5,0.73,71.01,0.74,120.5,0.03,0.01,2335.55265,1776257532000
1776257533.463,133.463,0.23,56.0,0.22,90.78,0.24,51.5,0.25,30.5,0.72,133.5,0.71,95.5,0.75,1.01,0.76,55.0,0.01,0.03,2335.55265,1776257532000
1776257533.866,133.866,0.22,33.44,0.21,137.2,0.23,16.74,0.24,58.5,0.76,101.5,0.75,40.5,0.78,26.44,0.79,137.2,0.01,0.02,2335.55265,1776257532000
1776257534.203,134.203,0.22,34.28,0.21,121.7,0.23,23.17,0.24,53.5,0.77,13.17,0.76,58.5,0.78,33.44,0.79,137.2,0.01,0.01,2335.55288,1776257533000
1776257534.494,134.494,0.2,32.5,0.19,83.4,0.23,28.17,0.24,53.5,0.77,23.17,0.76,53.5,0.78,34.28,0.79,121.7,0.03,0.01,2335.55288,1776257533000
1776257535.538,135.538,0.2,99.36,0.19,88.9,0.21,15.0,0.22,25.0,0.77,28.17,0.76,53.5,0.8,32.5,0.81,83.4,0.01,0.03,2335.450841,1776257534000
1776257535.782,135.782,0.2,104.36,0.19,88.9,0.21,81.76,0.22,75.0,0.79,15.0,0.78,25.0,0.8,99.36,0.81,88.9,0.01,0.01,2335.450841,1776257534000
1776257537.196,137.196,0.2,94.73,0.19,88.9,0.21,14.76,0.22,70.0,0.79,81.76,0.78,75.0,0.8,104.36,0.81,88.9,0.01,0.01,2335.300085,1776257535000
1776257537.59,137.59,0.2,75.55,0.19,88.9,0.22,69.03,0.23,80.5,0.79,9.99,0.78,70.0,0.8,99.73,0.81,88.9,0.02,0.01,2335.279865,1776257536000
1776257537.829,137.829,0.2,80.55,0.19,88.9,0.21,3.19,0.22,92.0,0.78,69.03,0.77,80.5,0.8,75.55,0.81,88.9,0.01,0.02,2335.279865,1776257536000
1776257538.699,138.699,0.19,97.97,0.18,79.4,0.2,15.0,0.21,8.19,0.79,3.19,0.78,92.0,0.8,80.55,0.81,88.9,0.01,0.01,2335.277927,1776257537000
1776257539.312,139.312,0.16,26.8,0.15,45.2,0.18,32.5,0.19,62.5,0.8,15.0,0.79,8.19,0.81,97.97,0.82,79.4,0.02,0.01,2335.278802,1776257538000
1776257539.526,139.526,0.15,1.64,0.14,34.9,0.16,20.95,0.17,122.5,0.83,122.5,0.82,52.5,0.85,11.9,0.86,34.9,0.01,0.02,2335.278802,1776257538000
1776257540.473,140.473,0.14,8.72,0.13,65.5,0.15,20.0,0.16,35.5,0.84,20.0,0.83,117.5,0.86,24.82,0.87,47.3,0.01,0.02,2335.293832,1776257539000
1776257540.956,140.956,0.14,13.05,0.13,134.34,0.15,20.0,0.16,40.5,0.85,20.0,0.84,35.5,0.86,8.72,0.87,65.5,0.01,0.01,2335.293832,1776257539000
1776257542.835,142.835,0.14,76.09,0.13,134.34,0.15,45.0,0.16,85.5,0.85,20.0,0.84,40.5,0.86,9.05,0.87,134.34,0.01,0.01,2334.984845,1776257541000
1776257544.488,144.488,0.14,58.45,0.13,134.34,0.15,66.17,0.16,85.5,0.85,45.0,0.84,85.5,0.86,76.09,0.87,134.34,0.01,0.01,2334.966888,1776257542000
1776257545.503,145.503,0.13,25.86,0.12,113.09,0.15,60.17,0.16,85.5,0.85,66.17,0.84,85.5,0.86,58.45,0.87,134.34,0.02,0.01,2334.965029,1776257544000
1776257546.265,146.265,0.13,49.62,0.12,215.86,0.14,12.42,0.15,65.17,0.85,60.17,0.84,85.5,0.87,25.86,0.88,113.09,0.01,0.02,2334.965029,1776257544000
1776257548.295,148.295,0.16,8.83,0.14,87.5,0.17,10.0,0.18,15.0,0.86,12.42,0.85,65.17,0.87,49.62,0.88,215.86,0.01,0.01,2334.973211,1776257546000
1776257549.565,149.565,0.16,112.5,0.15,88.2,0.19,65.0,0.2,75.5,0.83,10.0,0.82,15.0,0.84,14.52,0.85,10.0,0.03,0.01,2334.980637,1776257548000
1776257549.91,149.91,0.17,121.5,0.16,82.5,0.18,8.53,0.19,65.0,0.81,65.0,0.8,75.5,0.84,112.5,0.85,88.2,0.01,0.03,2334.980637,1776257548000
1776257550.46,150.46,0.17,116.5,0.16,109.3,0.18,8.53,0.19,10.0,0.82,8.53,0.81,65.0,0.83,121.5,0.84,82.5,0.01,0.01,2335.046812,1776257549000
1776257550.797,150.797,0.17,116.79,0.16,109.3,0.18,8.53,0.19,10.0,0.82,8.53,0.81,10.0,0.83,120.29,0.84,109.3,0.01,0.01,2335.046812,1776257549000
1776257555.152,155.152,0.21,46.5,0.2,101.5,0.22,35.0,0.23,75.5,0.81,0.08,0.8,75.5,0.83,111.79,0.84,109.3,0.01,0.02,2335.1805,1776257553000
1776257556.67,156.67,0.21,60.17,0.2,101.5,0.22,0.09,0.23,80.5,0.78,21.09,0.77,75.5,0.79,60.17,0.8,106.5,0.01,0.01,2335.195755,1776257555000
1776257557.466,157.466,0.26,24.0,0.25,29.5,0.27,14.16,0.28,70.5,0.78,0.09,0.77,80.5,0.79,60.17,0.8,101.5,0.01,0.01,2335.195755,1776257555000
1776257564.311,164.311,0.23,27.0,0.22,70.5,0.24,92.62,0.25,90.5,0.72,70.5,0.71,65.0,0.73,8.51,0.74,41.0,0.01,0.01,2335.386355,1776257563000
1776257564.865,164.865,0.23,27.0,0.22,20.5,0.24,107.62,0.25,90.5,0.76,92.62,0.75,90.5,0.77,27.0,0.78,70.5,0.01,0.01,2335.386355,1776257563000
1776257569.297,169.297,0.21,55.0,0.2,65.5,0.24,219.31,0.25,90.5,0.76,112.62,0.75,90.5,0.77,1.02,0.78,20.5,0.03,0.01,2335.413673,1776257567000
1776257573.082,173.082,0.2,74.3,0.19,83.71,0.21,45.0,0.22,46.5,0.76,219.31,0.75,90.5,0.79,55.0,0.8,65.5,0.01,0.03,2335.353903,1776257571000
1776257574.856,174.856,0.19,55.31,0.18,55.0,0.21,85.73,0.22,96.5,0.79,45.0,0.78,46.5,0.8,74.3,0.81,83.71,0.02,0.01,2335.337156,1776257573000
1776257582.626,182.626,0.14,92.21,0.13,15.36,0.18,0.14,0.19,5.0,0.79,108.73,0.78,96.5,0.81,43.76,0.82,65.5,0.04,0.02,2335.285719,1776257581000
1776257583.671,183.671,0.14,30.0,0.13,15.36,0.15,40.0,0.16,30.0,0.82,0.14,0.81,5.0,0.86,92.21,0.87,15.36,0.01,0.04,2335.268919,1776257582000
1776257584.504,184.504,0.14,33.21,0.13,15.36,0.15,55.0,0.16,68.5,0.85,40.0,0.84,30.0,0.86,30.0,0.87,15.36,0.01,0.01,2335.153258,1776257583000
1776257585.021,185.021,0.13,13.09,0.12,103.09,0.15,81.5,0.16,52.5,0.85,55.0,0.84,68.5,0.86,33.21,0.87,15.36,0.02,0.01,2335.153258,1776257583000
1776257585.53,185.53,0.15,13.82,0.14,15.0,0.16,5.0,0.17,24.81,0.85,81.5,0.84,52.5,0.87,13.09,0.88,103.09,0.01,0.02,2335.049226,1776257584000
1776257588.743,188.743,0.16,32.5,0.15,25.5,0.18,20.0,0.19,45.31,0.83,1.52,0.82,40.0,0.84,33.0,0.85,18.82,0.02,0.01,2335.224416,1776257587000
1776257590.122,190.122,0.16,36.6,0.15,25.5,0.17,5.0,0.18,25.0,0.82,20.0,0.81,45.31,0.84,32.5,0.85,25.5,0.01,0.02,2335.282385,1776257588000
1776257591.189,191.189,0.18,5.0,0.17,15.0,0.2,3.3,0.21,10.0,0.83,5.0,0.82,25.0,0.84,36.6,0.85,25.5,0.02,0.01,2335.305655,1776257589000
1776257592.366,192.366,0.2,25.57,0.19,25.5,0.21,34.81,0.22,25.5,0.8,3.3,0.79,10.0,0.82,5.0,0.83,15.0,0.01,0.02,2335.351135,1776257590000
1776257594.152,194.152,0.2,74.32,0.19,80.5,0.21,39.81,0.22,30.5,0.79,34.81,0.78,25.5,0.8,25.57,0.81,25.5,0.01,0.01,2335.43586,1776257592000
1776257595.519,195.519,0.2,54.51,0.19,70.5,0.21,25.0,0.22,20.0,0.79,39.81,0.78,30.5,0.8,74.32,0.81,80.5,0.01,0.01,2335.475535,1776257594000
1776257596.448,196.448,0.2,49.32,0.19,55.0,0.21,20.0,0.22,25.5,0.79,25.0,0.78,20.0,0.8,54.51,0.81,70.5,0.01,0.01,2335.47444,1776257595000
1776257596.925,196.925,0.2,49.32,0.19,50.0,0.21,23.88,0.22,25.5,0.79,20.0,0.78,25.5,0.8,49.32,0.81,55.0,0.01,0.01,2335.47444,1776257595000
1776257599.292,199.292,0.21,35.0,0.2,84.87,0.23,25.5,0.24,50.2,0.79,0.07,0.78,25.5,0.8,49.32,0.81,50.0,0.02,0.01,2335.4083,1776257598000
1776257600.275,200.275,0.21,5.0,0.2,5.0,0.23,115.5,0.24,30.5,0.77,25.5,0.76,50.2,0.79,35.0,0.8,84.87,0.02,0.02,2335.42795,1776257599000
1776257601.112,201.112,0.2,1.25,0.19,5.0,0.21,15.0,0.22,40.5,0.77,115.5,0.76,30.5,0.79,5.0,0.8,5.0,0.01,0.02,2335.42795,1776257599000
1776257604.35,204.35,0.13,8.09,0.12,142.19,0.16,210.0,0.17,56.5,0.79,15.0,0.78,40.5,0.8,1.25,0.81,5.0,0.03,0.01,2335.243355,1776257602000
1776257607.205,207.205,0.13,8.06,0.12,118.59,0.14,151.5,0.15,30.5,0.84,210.0,0.83,56.5,0.87,8.09,0.88,142.19,0.01,0.03,2335.066154,1776257606000
1776257609.52,209.52,0.13,53.85,0.12,118.59,0.14,156.5,0.15,35.5,0.86,151.5,0.85,30.5,0.87,8.06,0.88,118.59,0.01,0.01,2335.063138,1776257608000
1776257610.039,210.039,0.13,49.69,0.12,113.59,0.14,136.05,0.15,35.5,0.86,156.5,0.85,35.5,0.87,49.69,0.88,113.59,0.01,0.01,2335.063138,1776257608000
1776257610.642,210.642,0.13,43.69,0.12,103.09,0.14,116.05,0.15,35.5,0.86,136.05,0.85,35.5,0.87,49.69,0.88,113.59,0.01,0.01,2335.063191,1776257609000
1776257611.075,211.075,0.12,55.5,0.1,55.0,0.13,130.5,0.14,80.5,0.86,116.05,0.85,35.5,0.87,43.69,0.88,103.09,0.01,0.01,2335.063245,1776257610000
1776257611.77,211.77,0.12,31.72,0.09,71.26,0.13,227.5,0.14,85.5,0.87,125.5,0.86,80.5,0.88,44.13,0.9,55.0,0.01,0.01,2335.063245,1776257610000
1776257612.296,212.296,0.12,95.13,0.11,65.5,0.13,121.0,0.14,25.5,0.87,227.5,0.86,85.5,0.88,31.72,0.91,71.26,0.01,0.01,2335.063332,1776257611000
1776257612.903,212.903,0.12,87.97,0.11,75.5,0.13,152.0,0.14,30.5,0.87,121.0,0.86,25.5,0.88,89.9,0.89,65.5,0.01,0.01,2335.063332,1776257611000
1776257613.789,213.789,0.12,81.83,0.11,75.5,0.13,157.0,0.14,20.0,0.87,152.0,0.86,30.5,0.88,87.97,0.89,75.5,0.01,0.01,2335.030777,1776257612000
1776257616.721,216.721,0.12,79.01,0.11,71.76,0.13,40.0,0.14,34.0,0.87,157.0,0.86,20.0,0.88,81.83,0.89,75.5,0.01,0.01,2335.129855,1776257615000
1776257617.355,217.355,0.12,98.61,0.11,66.76,0.13,95.0,0.14,29.0,0.87,40.0,0.86,34.0,0.88,79.01,0.89,71.76,0.01,0.01,2335.129855,1776257615000
1776257618.087,218.087,0.12,83.61,0.11,71.76,0.13,95.0,0.14,29.0,0.87,95.0,0.86,29.0,0.88,98.61,0.89,66.76,0.01,0.01,2335.161267,1776257616000
1776257619.479,219.479,0.13,33.26,0.12,93.61,0.14,19.5,0.15,45.5,0.87,95.0,0.86,29.0,0.88,83.61,0.89,71.76,0.01,0.01,2335.1928,1776257618000
1776257619.797,219.797,0.13,88.26,0.12,88.61,0.14,10.0,0.15,25.0,0.86,19.5,0.85,45.5,0.87,33.26,0.88,93.61,0.01,0.01,2335.1928,1776257618000
1776257620.127,220.127,0.14,11.3,0.13,83.5,0.16,10.0,0.17,20.0,0.86,10.0,0.85,25.0,0.87,88.26,0.88,88.61,0.02,0.01,2335.214214,1776257619000
1776257620.858,220.858,0.16,75.0,0.15,70.5,0.18,25.0,0.19,32.5,0.84,10.0,0.83,20.0,0.86,11.3,0.87,83.5,0.02,0.02,2335.214214,1776257619000
1776257621.865,221.865,0.18,75.0,0.17,80.29,0.19,35.59,0.2,25.5,0.82,24.6,0.81,32.5,0.83,10.0,0.84,75.0,0.01,0.01,2335.1974,1776257620000
1776257622.868,222.868,0.18,79.27,0.17,75.29,0.19,9.15,0.2,10.0,0.81,4.58,0.8,25.5,0.82,53.77,0.83,80.29,0.01,0.01,2335.29815,1776257621000
1776257623.192,223.192,0.19,68.5,0.18,64.27,0.2,10.0,0.21,52.28,0.79,17.28,0.78,25.5,0.82,79.27,0.83,75.29,0.01,0.03,2335.29815,1776257621000
1776257623.947,223.947,0.18,63.77,0.17,70.29,0.19,17.7,0.2,35.0,0.8,25.0,0.79,52.28,0.81,3.46,0.82,53.77,0.01,0.01,2335.4126,1776257622000
1776257624.311,224.311,0.18,62.55,0.17,70.29,0.19,17.7,0.2,35.0,0.81,17.7,0.8,35.0,0.82,63.77,0.83,70.29,0.01,0.01,2335.494924,1776257623000
1776257624.794,224.794,0.18,39.82,0.17,100.79,0.19,12.7,0.23,5.0,0.81,17.7,0.8,25.0,0.82,64.89,0.83,95.79,0.01,0.01,2335.494924,1776257623000
1776257625.237,225.237,0.22,14.21,0.21,15.0,0.24,15.0,0.25,10.0,0.77,5.0,0.76,5.0,0.82,39.82,0.83,100.79,0.02,0.05,2335.49705,1776257624000
1776257625.571,225.571,0.24,15.0,0.23,74.5,0.26,23.7,0.27,10.0,0.76,5.0,0.75,5.0,0.77,79.5,0.78,69.21,0.02,0.01,2335.49705,1776257624000
1776257625.896,225.896,0.25,65.0,0.24,60.0,0.27,25.5,0.28,20.5,0.74,23.7,0.73,10.0,0.76,15.0,0.77,74.5,0.02,0.02,2335.49705,1776257624000
1776257626.34,226.34,0.29,10.0,0.28,15.0,0.3,3.7,0.31,60.0,0.73,25.5,0.72,20.5,0.75,65.0,0.76,60.0,0.01,0.02,2335.50695,1776257625000
1776257627.93,227.93,0.31,75.0,0.3,75.0,0.33,15.0,0.34,43.08,0.7,5.0,0.69,60.0,0.71,0.78,0.72,15.0,0.02,0.01,2335.719369,1776257627000
1776257628.743,228.743,0.32,10.0,0.31,70.0,0.36,34.04,0.37,70.0,0.66,1.12,0.65,70.0,0.69,80.0,0.7,75.0,0.04,0.03,2335.719369,1776257627000
1776257630.236,230.236,0.32,72.55,0.31,65.0,0.34,32.08,0.35,43.5,0.64,34.04,0.63,70.0,0.68,10.0,0.69,70.0,0.02,0.04,2335.83946,1776257628000
1776257631.122,231.122,0.31,78.01,0.3,75.5,0.33,117.89,0.34,32.08,0.67,2.66,0.66,32.08,0.68,72.55,0.69,65.0,0.02,0.01,2335.9202,1776257629000
1776257632.257,232.257,0.31,68.38,0.3,85.5,0.32,21.95,0.33,105.94,0.67,117.89,0.66,32.08,0.69,78.01,0.7,75.5,0.01,0.02,2335.920605,1776257630000
1776257632.517,232.517,0.3,11.87,0.29,61.1,0.32,62.45,0.33,110.94,0.68,21.95,0.67,105.94,0.69,58.97,0.7,85.5,0.02,0.01,2335.9267,1776257631000
1776257633.752,233.752,0.3,1.87,0.29,16.1,0.31,118.59,0.32,52.45,0.68,62.45,0.67,110.94,0.7,11.87,0.71,61.1,0.01,0.02,2335.931395,1776257632000
1776257634.699,234.699,0.29,8.02,0.28,80.5,0.3,31.95,0.31,29.17,0.69,113.59,0.68,47.45,0.71,2.74,0.72,75.5,0.01,0.02,2335.92475,1776257633000
1776257635.639,235.639,0.29,10.0,0.28,80.5,0.3,15.28,0.31,34.17,0.7,31.95,0.69,29.17,0.71,8.02,0.72,80.5,0.01,0.01,2335.86245,1776257634000
1776257635.941,235.941,0.29,8.59,0.28,80.5,0.3,15.28,0.31,67.39,0.7,15.28,0.69,34.17,0.71,10.0,0.72,80.5,0.01,0.01,2335.86245,1776257634000
1776257636.425,236.425,0.28,59.09,0.27,65.0,0.3,10.28,0.31,67.39,0.7,15.28,0.69,67.39,0.71,8.59,0.72,80.5,0.02,0.01,2335.86245,1776257635000
1776257636.898,236.898,0.28,59.09,0.27,70.0,0.31,66.04,0.32,85.5,0.7,10.28,0.69,67.39,0.72,59.09,0.73,65.0,0.03,0.02,2335.86245,1776257635000
1776257638.421,238.421,0.29,30.0,0.28,64.09,0.3,1.0,0.31,22.32,0.69,66.04,0.68,85.5,0.72,59.09,0.73,70.0,0.01,0.03,2335.8968,1776257637000
1776257639.382,239.382,0.27,14.13,0.26,105.0,0.28,15.0,0.29,15.0,0.69,22.32,0.68,42.08,0.71,24.66,0.72,64.09,0.01,0.02,2335.8968,1776257637000
1776257640.533,240.533,0.27,57.26,0.26,115.0,0.28,10.0,0.29,15.0,0.72,15.0,0.71,15.0,0.73,14.13,0.74,105.0,0.01,0.01,2335.90401,1776257638000
1776257641.415,241.415,0.27,55.15,0.26,125.0,0.28,10.0,0.29,15.0,0.72,10.0,0.71,15.0,0.73,57.26,0.74,115.0,0.01,0.01,2335.8871,1776257640000
1776257642.49,242.49,0.27,26.15,0.26,120.0,0.28,10.0,0.29,20.0,0.72,10.0,0.71,15.0,0.73,55.15,0.74,125.0,0.01,0.01,2335.8871,1776257640000
1776257643.347,243.347,0.26,75.93,0.25,65.0,0.28,15.0,0.29,27.58,0.72,10.0,0.71,27.58,0.73,24.3,0.74,120.0,0.02,0.01,2335.877098,1776257641000
1776257643.601,243.601,0.26,75.93,0.25,70.0,0.27,9.0,0.28,20.0,0.72,15.0,0.71,27.58,0.74,75.93,0.75,65.0,0.01,0.02,2335.9114,1776257642000
1776257646.317,246.317,0.26,24.12,0.25,10.0,0.27,14.0,0.28,25.0,0.73,9.0,0.72,20.0,0.74,75.93,0.75,70.0,0.01,0.01,2335.91135,1776257644000
1776257648.26,248.26,0.25,1.0,0.24,60.0,0.26,15.0,0.27,19.0,0.73,19.0,0.72,25.0,0.75,10.0,0.76,55.0,0.01,0.02,2335.90959,1776257647000
1776257650.478,250.478,0.21,79.55,0.2,65.0,0.23,20.0,0.24,30.0,0.74,15.0,0.73,19.0,0.75,1.0,0.76,60.0,0.02,0.01,2335.89665,1776257648000
1776257652.692,252.692,0.23,89.7,0.22,65.0,0.24,5.0,0.25,20.0,0.77,20.0,0.76,30.0,0.79,79.55,0.8,65.0,0.01,0.02,2335.89165,1776257650000
1776257653.187,253.187,0.29,10.0,0.28,20.0,0.32,9.9,0.33,20.0,0.76,5.0,0.75,20.0,0.77,89.7,0.78,65.0,0.03,0.01,2335.900755,1776257651000
1776257653.514,253.514,0.31,60.0,0.3,15.0,0.33,19.81,0.34,15.0,0.68,9.9,0.67,20.0,0.71,10.0,0.72,20.0,0.02,0.03,2335.900755,1776257651000
1776257654.18,254.18,0.33,14.47,0.32,100.0,0.34,5.0,0.35,18.58,0.67,19.81,0.66,15.0,0.69,35.34,0.7,15.0,0.01,0.02,2335.8916,1776257652000
1776257654.584,254.584,0.38,6.0,0.37,10.0,0.4,31.0,0.41,65.0,0.6,10.0,0.59,60.0,0.64,10.0,0.65,60.0,0.02,0.04,2335.8966,1776257653000
1776257654.927,254.927,0.39,10.0,0.38,6.0,0.4,52.37,0.41,82.0,0.6,31.0,0.59,65.0,0.62,6.0,0.63,10.0,0.01,0.02,2335.8966,1776257653000
1776257655.172,255.172,0.39,10.0,0.38,6.0,0.42,55.0,0.43,60.0,0.6,52.37,0.59,82.0,0.61,10.0,0.62,6.0,0.03,0.01,2335.8966,1776257653000
1776257655.417,255.417,0.41,6.61,0.4,10.0,0.42,15.0,0.43,71.0,0.58,55.0,0.57,60.0,0.61,10.0,0.62,6.0,0.01,0.03,2335.968562,1776257654000
1776257655.9,255.9,0.41,10.0,0.4,15.0,0.42,95.0,0.43,71.0,0.58,10.0,0.57,71.0,0.6,10.0,0.61,10.0,0.01,0.02,2335.968562,1776257654000
1776257656.308,256.308,0.41,4.91,0.4,15.0,0.42,98.42,0.43,71.0,0.58,95.0,0.57,71.0,0.59,10.0,0.6,15.0,0.01,0.01,2335.968562,1776257654000
1776257657.346,257.346,0.39,5.55,0.38,6.0,0.42,129.02,0.43,81.0,0.58,98.42,0.57,71.0,0.59,4.91,0.6,15.0,0.03,0.01,2336.141925,1776257655000
1776257658.351,258.351,0.35,10.0,0.34,5.0,0.36,20.05,0.37,15.0,0.58,129.02,0.57,81.0,0.61,5.55,0.62,6.0,0.01,0.03,2336.281775,1776257657000
1776257658.658,258.658,0.38,2.9,0.37,10.0,0.42,5.0,0.43,65.0,0.64,20.05,0.63,15.0,0.65,10.0,0.66,5.0,0.04,0.01,2336.281775,1776257657000
1776257658.901,258.901,0.43,4.38,0.42,25.0,0.45,15.0,0.46,80.58,0.58,5.0,0.57,65.0,0.62,2.9,0.63,10.0,0.02,0.04,2336.281775,1776257657000
1776257659.114,259.114,0.44,28.0,0.43,32.38,0.45,50.0,0.46,130.58,0.55,61.48,0.54,130.58,0.56,34.36,0.57,32.38,0.01,0.01,2336.281775,1776257657000
1776257659.427,259.427,0.44,2.94,0.43,18.0,0.45,20.0,0.46,70.58,0.55,35.57,0.54,130.58,0.56,28.0,0.57,32.38,0.01,0.01,2336.281775,1776257657000
1776257661.03,261.03,0.31,5.0,0.3,5.0,0.33,63.66,0.34,117.58,0.51,72.76,0.5,75.0,0.57,18.0,0.58,15.0,0.02,0.06,2336.26078,1776257659000
1776257661.24,261.24,0.26,55.0,0.25,55.0,0.27,5.66,0.28,90.0,0.72,15.0,0.71,20.0,0.73,45.0,0.74,55.0,0.01,0.01,2336.26078,1776257659000
1776257661.532,261.532,0.26,38.47,0.25,60.0,0.28,15.58,0.29,20.0,0.73,5.13,0.72,24.92,0.74,33.47,0.75,55.0,0.02,0.01,2336.2991,1776257660000
1776257661.886,261.886,0.25,142.66,0.24,55.0,0.26,23.0,0.27,20.0,0.72,14.92,0.71,20.0,0.75,104.51,0.76,55.0,0.01,0.03,2336.2991,1776257660000
1776257662.114,262.114,0.25,126.77,0.24,55.0,0.26,14.0,0.27,20.0,0.74,8.0,0.73,20.0,0.75,137.66,0.76,55.0,0.01,0.01,2336.2991,1776257660000
1776257662.427,262.427,0.25,59.67,0.24,55.0,0.26,19.0,0.27,15.0,0.74,14.0,0.73,20.0,0.75,80.85,0.76,55.0,0.01,0.01,2336.2991,1776257660000
1776257662.917,262.917,0.24,70.0,0.23,154.63,0.25,11.0,0.26,24.0,0.74,19.0,0.73,15.0,0.76,55.0,0.77,55.0,0.01,0.02,2336.24025,1776257661000
1776257663.12,263.12,0.24,20.0,0.23,154.63,0.25,12.0,0.26,24.0,0.75,11.0,0.74,24.0,0.76,70.0,0.77,154.63,0.01,0.01,2336.24025,1776257661000
1776257663.418,263.418,0.24,10.0,0.21,60.0,0.25,92.56,0.26,23.0,0.75,91.8,0.74,29.0,0.76,10.0,0.78,10.0,0.01,0.01,2336.24025,1776257661000
1776257663.648,263.648,0.22,10.0,0.21,52.84,0.23,10.65,0.24,2.13,0.76,2.13,0.75,80.56,0.79,42.84,0.8,70.0,0.01,0.03,2336.015627,1776257662000
1776257663.872,263.872,0.21,47.84,0.2,70.0,0.23,35.0,0.24,12.13,0.77,10.0,0.76,12.13,0.78,0.51,0.79,47.84,0.02,0.01,2336.015627,1776257662000
1776257664.214,264.214,0.25,44.65,0.24,15.0,0.26,6.0,0.27,5.0,0.77,35.0,0.76,12.13,0.79,35.4,0.8,70.0,0.01,0.02,2336.005118,1776257663000
1776257664.454,264.454,0.33,10.0,0.32,10.0,0.35,47.0,0.36,65.0,0.74,6.0,0.73,5.0,0.75,44.65,0.76,15.0,0.02,0.01,2336.005118,1776257663000
1776257664.668,264.668,0.34,15.0,0.33,10.0,0.36,10.0,0.37,55.0,0.65,47.0,0.64,65.0,0.67,10.0,0.68,10.0,0.02,0.02,2336.005118,1776257663000
1776257664.903,264.903,0.34,13.55,0.33,20.0,0.35,2.05,0.36,15.0,0.64,23.0,0.63,55.0,0.66,8.55,0.67,10.0,0.01,0.02,2336.005118,1776257663000
1776257665.324,265.324,0.33,12.82,0.32,15.0,0.37,16.0,0.38,65.0,0.63,47.84,0.62,55.0,0.65,10.0,0.66,8.55,0.04,0.02,2335.985141,1776257664000
1776257665.863,265.863,0.33,10.0,0.32,10.0,0.34,4.64,0.35,16.0,0.63,18.32,0.62,65.0,0.65,15.0,0.66,15.0,0.01,0.02,2335.985141,1776257664000
1776257666.21,266.21,0.33,10.0,0.32,15.0,0.35,59.29,0.36,76.0,0.66,4.64,0.65,16.0,0.67,10.0,0.68,10.0,0.02,0.01,2336.010469,1776257665000
1776257666.625,266.625,0.32,15.0,0.31,5.0,0.33,39.02,0.34,85.0,0.65,59.29,0.64,76.0,0.67,10.0,0.68,15.0,0.01,0.02,2336.010469,1776257665000
1776257667.018,267.018,0.3,5.0,0.29,5.0,0.32,10.0,0.33,70.0,0.67,39.02,0.66,85.0,0.68,15.0,0.69,5.0,0.02,0.01,2336.010469,1776257665000
1776257667.4,267.4,0.24,5.0,0.23,5.0,0.27,3.87,0.28,10.0,0.67,69.4,0.66,65.0,0.7,5.0,0.71,5.0,0.03,0.03,2336.13718,1776257666000
1776257667.673,267.673,0.23,5.0,0.22,95.0,0.25,6.49,0.26,10.0,0.76,9.49,0.75,10.0,0.77,5.0,0.78,85.0,0.02,0.01,2336.13718,1776257666000
1776257668.954,268.954,0.27,27.15,0.26,25.0,0.28,10.0,0.29,10.0,0.74,10.0,0.73,10.0,0.77,10.0,0.78,95.0,0.01,0.03,2336.13041,1776257667000
1776257669.251,269.251,0.27,30.78,0.26,20.0,0.28,10.0,0.29,15.0,0.72,10.0,0.71,10.0,0.73,27.15,0.74,25.0,0.01,0.01,2336.117026,1776257668000
1776257669.899,269.899,0.27,2.34,0.26,20.0,0.28,20.0,0.29,15.0,0.72,10.0,0.71,15.0,0.73,30.78,0.74,20.0,0.01,0.01,2336.117026,1776257668000
1776257670.404,270.404,0.27,0.76,0.26,15.0,0.28,25.0,0.29,20.0,0.72,20.0,0.71,15.0,0.73,2.34,0.74,20.0,0.01,0.01,2336.087583,1776257669000
1776257671.519,271.519,0.28,7.31,0.27,10.0,0.29,11.0,0.3,15.0,0.72,25.0,0.71,20.0,0.73,0.76,0.74,15.0,0.01,0.01,2336.082921,1776257670000
1776257672.671,272.671,0.25,15.0,0.21,70.4,0.26,6.06,0.27,15.0,0.71,11.0,0.7,15.0,0.72,7.31,0.73,10.0,0.01,0.01,2336.095053,1776257671000
1776257673.183,273.183,0.21,74.14,0.2,35.0,0.22,10.0,0.23,10.0,0.74,6.06,0.73,15.0,0.75,15.0,0.79,70.4,0.01,0.01,2336.101496,1776257672000
1776257673.48,273.48,0.2,17.9,0.18,25.0,0.22,20.0,0.23,15.0,0.78,10.0,0.77,10.0,0.79,59.09,0.8,35.0,0.02,0.01,2336.101496,1776257672000
1776257674.495,274.495,0.19,34.07,0.18,10.0,0.2,25.0,0.21,20.0,0.78,20.0,0.77,15.0,0.8,17.9,0.82,25.0,0.01,0.02,2336.090644,1776257673000
1776257674.739,274.739,0.17,15.0,0.16,60.0,0.18,45.39,0.19,10.0,0.8,25.0,0.79,20.0,0.81,23.73,0.82,10.0,0.01,0.01,2336.090644,1776257673000
1776257675.063,275.063,0.16,71.0,0.15,46.58,0.17,9.0,0.18,70.39,0.82,45.39,0.81,10.0,0.83,15.0,0.84,60.0,0.01,0.01,2336.08724,1776257674000
1776257675.526,275.526,0.13,25.69,0.12,9.38,0.14,25.0,0.15,20.0,0.83,9.0,0.82,70.39,0.88,9.38,0.89,60.0,0.01,0.05,2336.08724,1776257674000
1776257676.12,276.12,0.09,10.0,0.08,39.3,0.11,10.0,0.12,20.0,0.86,25.0,0.85,20.0,0.87,25.69,0.88,9.38,0.02,0.01,2336.08724,1776257674000
1776257676.349,276.349,0.09,5.0,0.08,35.3,0.1,5.0,0.11,20.0,0.89,25.0,0.88,20.0,0.91,5.0,0.92,35.3,0.01,0.02,2336.084606,1776257675000
1776257676.907,276.907,0.09,7.12,0.08,35.3,0.1,20.0,0.11,20.0,0.9,5.0,0.89,20.0,0.91,5.0,0.92,35.3,0.01,0.01,2336.084606,1776257675000
1776257677.374,277.374,0.1,25.55,0.09,7.12,0.11,25.0,0.12,20.0,0.89,20.0,0.88,15.0,0.9,30.0,0.91,7.12,0.01,0.01,2336.084606,1776257675000
1776257677.618,277.618,0.1,20.55,0.09,7.12,0.11,20.0,0.12,20.0,0.89,25.0,0.88,20.0,0.9,25.55,0.91,7.12,0.01,0.01,2335.997357,1776257676000
1776257678.086,278.086,0.1,6.1,0.09,7.12,0.11,70.0,0.12,20.0,0.89,25.0,0.88,20.0,0.9,17.21,0.91,7.12,0.01,0.01,2335.997357,1776257676000
1776257678.392,278.392,0.1,2.1,0.09,7.12,0.11,95.0,0.12,20.0,0.89,70.0,0.88,20.0,0.9,6.1,0.91,7.12,0.01,0.01,2335.997357,1776257676000
1776257678.894,278.894,0.1,36.91,0.09,17.12,0.11,90.0,0.12,20.0,0.89,95.0,0.88,20.0,0.9,2.1,0.91,7.12,0.01,0.01,2335.939713,1776257677000
1776257679.77,279.77,0.1,7.62,0.09,17.12,0.11,67.0,0.12,20.0,0.89,47.0,0.88,20.0,0.9,41.91,0.91,17.12,0.01,0.01,2335.820175,1776257678000
1776257680.728,280.728,0.09,17.17,0.08,19.3,0.11,67.0,0.12,20.0,0.89,67.0,0.88,20.0,0.9,3.62,0.91,17.12,0.02,0.01,2335.810672,1776257679000
1776257681.079,281.079,0.08,15.54,0.07,10.0,0.11,67.0,0.12,20.0,0.89,67.0,0.88,20.0,0.91,17.17,0.92,19.3,0.03,0.02,2335.885796,1776257680000
1776257681.416,281.416,0.12,38.0,0.08,28.16,0.13,18.0,0.14,20.0,0.89,67.0,0.88,20.0,0.92,15.54,0.93,10.0,0.01,0.03,2335.885796,1776257680000
1776257681.631,281.631,0.12,30.41,0.09,10.0,0.13,88.0,0.14,25.0,0.87,18.0,0.86,25.0,0.88,35.72,0.92,28.16,0.01,0.01,2335.885796,1776257680000
1776257681.932,281.932,0.12,18.18,0.09,10.0,0.13,23.0,0.14,25.0,0.87,88.0,0.86,25.0,0.88,30.31,0.91,10.0,0.01,0.01,2335.885796,1776257680000
1776257682.265,282.265,0.1,7.1,0.09,10.0,0.13,236.06,0.14,55.0,0.87,23.0,0.86,25.0,0.88,18.18,0.91,10.0,0.03,0.01,2335.868142,1776257681000
1776257683.59,283.59,0.09,8.42,0.08,27.6,0.1,225.59,0.11,28.0,0.88,10.0,0.87,168.06,0.9,5.0,0.92,27.6,0.01,0.02,2335.87961,1776257682000
1776257684.169,284.169,0.09,1.44,0.08,27.6,0.1,230.59,0.11,28.0,0.9,225.59,0.89,28.0,0.91,3.42,0.92,27.6,0.01,0.01,2335.87961,1776257682000
1776257684.404,284.404,0.08,8.98,0.07,10.0,0.1,235.59,0.11,29.0,0.9,230.59,0.89,28.0,0.91,1.44,0.92,27.6,0.02,0.01,2335.82685,1776257683000
1776257684.669,284.669,0.09,4.5,0.08,8.98,0.1,238.59,0.11,10.0,0.9,235.59,0.89,29.0,0.92,8.98,0.93,10.0,0.01,0.02,2335.82685,1776257683000
1776257685.678,285.678,0.07,9.49,0.06,10.0,0.1,173.59,0.11,65.0,0.9,238.59,0.89,10.0,0.91,4.5,0.92,8.98,0.03,0.01,2335.772369,1776257684000
1776257686.352,286.352,0.08,25.28,0.07,9.49,0.09,20.0,0.1,165.59,0.9,173.59,0.89,65.0,0.93,9.49,0.94,10.0,0.01,0.03,2335.773758,1776257685000
1776257687.18,287.18,0.08,28.0,0.07,23.91,0.09,55.55,0.1,14.0,0.91,20.0,0.9,165.59,0.92,25.28,0.93,9.49,0.01,0.01,2335.82839,1776257686000
1776257687.592,287.592,0.08,12.13,0.07,23.91,0.09,28.55,0.1,19.0,0.91,23.55,0.9,14.0,0.92,28.0,0.93,23.91,0.01,0.01,2335.82839,1776257686000
1776257688.207,288.207,0.09,20.9,0.08,10.0,0.1,24.0,0.11,55.0,0.91,28.55,0.9,19.0,0.92,12.13,0.93,23.91,0.01,0.01,2335.82839,1776257686000
1776257688.748,288.748,0.05,29.75,0.04,10.0,0.08,15.0,0.09,15.0,0.9,24.0,0.89,65.0,0.99,6484.7,,,0.03,0.09,2335.84011,1776257687000
1776257689.063,289.063,0.01,6418.93,,,0.02,10.0,0.03,10.0,0.93,10.0,0.92,15.0,0.96,10.0,0.97,10.0,0.01,0.03,2335.84011,1776257687000
1776257689.271,289.271,0.01,6375.05,,,0.02,10.0,0.03,10.0,0.98,10.0,0.97,10.0,0.99,6403.93,,,0.01,0.01,2335.84011,1776257687000
1776257689.603,289.603,0.01,6372.43,,,0.03,25.0,0.04,15.0,0.97,10.0,0.96,10.0,0.98,7.37,0.99,6380.05,0.02,0.01,2335.84011,1776257687000
1776257689.984,289.984,0.06,4.89,0.05,10.0,0.08,10.0,0.09,34.0,0.96,13.0,0.95,10.0,0.99,6382.43,,,0.02,0.03,2335.935625,1776257688000
1776257690.484,290.484,0.03,10.0,0.02,10.0,0.05,3.0,0.06,10.0,0.92,10.0,0.91,33.0,0.99,1495.54,,,0.02,0.07,2335.935625,1776257688000
1776257690.834,290.834,0.04,10.0,0.03,10.0,0.05,10.0,0.06,15.0,0.95,3.0,0.94,10.0,0.97,10.0,0.98,10.0,0.01,0.02,2335.89395,1776257689000
1776257691.843,291.843,0.02,8.97,0.01,1395.54,0.03,15.0,0.04,25.2,0.95,10.0,0.94,15.0,0.97,8.89,0.98,10.0,0.01,0.02,2335.89395,1776257690000
1776257692.872,292.872,0.01,1395.54,,,0.03,10.0,0.04,25.2,0.97,15.0,0.96,25.2,0.98,8.97,0.99,1395.54,0.02,0.01,2335.963045,1776257691000
1776257693.177,293.177,0.01,1369.84,,,0.03,5.0,0.04,25.2,0.98,10.0,0.97,10.0,0.99,1369.84,,,0.02,0.01,2335.963045,1776257691000
1776257694.126,294.126,0.01,1374.78,,,0.02,10.0,0.03,15.0,0.97,5.0,0.96,25.2,0.99,1369.84,,,0.01,0.02,2336.062725,1776257692000
1776257694.456,294.456,0.01,1364.78,,,0.03,15.0,0.04,30.2,0.97,15.0,0.96,25.2,0.99,1374.78,,,0.02,0.02,2336.062325,1776257693000
1776257695.089,295.089,0.01,1364.78,,,0.02,8.66,0.03,13.05,0.97,13.05,0.96,30.2,0.99,1364.78,,,0.01,0.02,2336.062325,1776257693000
1776257695.324,295.324,0.01,1344.57,,,0.03,13.05,0.04,55.2,0.98,8.66,0.97,13.05,0.99,1344.57,,,0.02,0.01,2336.057325,1776257694000
1776257695.763,295.763,0.01,1243.55,,,0.02,10.0,0.03,13.05,0.97,13.05,0.96,55.2,0.99,1344.57,,,0.01,0.02,2336.057325,1776257694000
1776257696.074,296.074,0.01,1193.55,,,0.02,10.0,0.03,18.05,0.98,10.0,0.97,13.05,0.99,1243.55,,,0.01,0.01,2336.057325,1776257694000
1776257696.397,296.397,0.01,1092.53,,,0.02,10.0,0.03,18.05,0.97,18.05,0.96,25.2,0.99,1193.55,,,0.01,0.02,2336.057325,1776257694000
1776257696.715,296.715,0.01,969.42,,,0.02,10.0,0.03,18.05,0.98,10.0,0.97,18.05,0.99,971.42,,,0.01,0.01,2336.07009,1776257695000
1776257697.059,297.059,0.01,898.4,,,0.02,10.0,0.03,18.05,0.98,10.0,0.97,18.05,0.99,957.4,,,0.01,0.01,2336.07009,1776257695000
1776257697.316,297.316,0.01,848.4,,,0.02,10.0,0.03,18.05,0.98,10.0,0.97,18.05,0.99,898.4,,,0.01,0.01,2336.07009,1776257695000
1776257698.185,298.185,,,,,0.01,255.89,0.02,20.0,0.98,10.0,0.97,18.05,,,,,,,2336.07004,1776257696000
1776257699.244,299.244,,,,,0.01,8641.83,0.02,36.0,0.99,261.33,0.98,20.0,,,,,,,2336.06746,1776257698000
1776257700.018,300.018,,,,,0.01,13164.4,0.02,36.0,0.99,8641.83,0.98,36.0,,,,,,,2336.06746,1776257698000
1776257700.496,300.496,,,,,0.01,28530.19,0.02,21.0,0.99,13164.4,0.98,36.0,,,,,,,2336.06746,1776257698000

# RESULT,winner=Down,slug=eth-updown-5m-1776257400,ticks=337
