timestamp,elapsed_sec,up_bid_p1,up_bid_s1,up_bid_p2,up_bid_s2,up_ask_p1,up_ask_s1,up_ask_p2,up_ask_s2,down_bid_p1,down_bid_s1,down_bid_p2,down_bid_s2,down_ask_p1,down_ask_s1,down_ask_p2,down_ask_s2,up_spread,down_spread,eth_price,eth_oracle_ts
1776379202.123,2.123,0.5,6.0,0.45,8.88,0.51,26.74,0.52,13.0,0.49,21.74,0.4,5.0,0.5,10.0,0.55,8.88,0.01,0.01,2343.813922,1776379200000
1776379202.498,2.498,0.5,1.0,0.45,8.88,0.51,45.74,0.52,83.0,0.49,26.74,0.48,13.0,0.5,6.0,0.55,8.88,0.01,0.01,2343.789027,1776379201000
1776379202.756,2.756,0.45,8.88,0.39,70.0,0.51,24.62,0.52,83.0,0.49,43.62,0.48,83.0,0.5,1.0,0.55,8.88,0.06,0.01,2343.789027,1776379201000
1776379202.991,2.991,0.45,8.88,0.41,14.0,0.47,67.87,0.48,70.0,0.49,24.62,0.48,83.0,0.55,8.88,0.61,70.0,0.02,0.06,2343.789027,1776379201000
1776379203.872,3.872,0.46,2.61,0.45,8.88,0.47,67.87,0.48,70.0,0.53,67.87,0.52,70.0,0.55,8.88,0.59,14.0,0.01,0.02,2343.814499,1776379202000
1776379205.08,5.08,0.43,5.0,0.41,10.0,0.47,77.87,0.48,150.0,0.53,67.87,0.52,70.0,0.54,2.61,0.55,8.88,0.04,0.01,2343.422688,1776379203000
1776379206.388,6.388,0.43,5.0,0.41,10.0,0.44,45.27,0.45,28.0,0.53,77.87,0.52,150.0,0.57,5.0,0.59,10.0,0.01,0.04,2343.422688,1776379204000
1776379206.674,6.674,0.41,10.0,0.39,76.0,0.42,5.0,0.43,21.0,0.56,45.27,0.55,28.0,0.57,5.0,0.59,10.0,0.01,0.01,2343.354332,1776379205000
1776379206.991,6.991,0.41,20.0,0.4,5.0,0.43,15.14,0.44,23.0,0.58,5.0,0.57,21.0,0.59,10.0,0.61,76.0,0.02,0.01,2343.354332,1776379205000
1776379207.397,7.397,0.43,12.91,0.42,73.48,0.44,20.0,0.45,10.0,0.57,15.48,0.56,23.0,0.58,20.0,0.59,19.05,0.01,0.01,2343.345114,1776379206000
1776379210.052,10.052,0.48,20.0,0.47,15.0,0.49,2.95,0.5,145.0,0.54,28.08,0.53,68.0,0.56,5.0,0.57,17.91,0.01,0.02,2343.445857,1776379208000
1776379210.737,10.737,0.49,11.88,0.48,20.0,0.5,165.0,0.51,52.62,0.5,145.0,0.49,52.62,0.52,25.0,0.53,15.0,0.01,0.02,2343.46838,1776379209000
1776379215.631,15.631,0.48,212.38,0.47,30.0,0.5,182.5,0.51,59.62,0.5,165.0,0.49,52.62,0.51,11.88,0.52,20.0,0.02,0.01,2343.700308,1776379214000
1776379217.145,17.145,0.48,233.07,0.47,40.5,0.49,30.5,0.5,177.5,0.51,15.0,0.5,177.5,0.52,240.61,0.53,30.0,0.01,0.01,2343.699652,1776379216000
1776379218.537,18.537,0.49,28.33,0.48,140.57,0.5,70.0,0.51,31.62,0.51,30.5,0.5,177.5,0.52,139.07,0.53,40.5,0.01,0.01,2343.6974,1776379217000
1776379223.013,23.013,0.5,32.0,0.49,54.33,0.51,198.36,0.52,100.0,0.5,70.0,0.49,31.62,0.51,28.33,0.52,140.57,0.01,0.01,2343.718355,1776379221000
1776379223.703,23.703,0.5,101.5,0.49,49.33,0.51,148.36,0.52,100.0,0.49,198.36,0.48,100.0,0.5,32.0,0.51,54.33,0.01,0.01,2343.718355,1776379221000
1776379223.916,23.916,0.5,101.5,0.49,49.33,0.51,115.36,0.52,100.0,0.49,120.36,0.48,100.0,0.5,101.5,0.51,49.33,0.01,0.01,2343.718355,1776379221000
1776379225.602,25.602,0.5,96.5,0.49,119.33,0.51,108.39,0.52,100.0,0.49,113.39,0.48,100.0,0.5,89.5,0.51,49.33,0.01,0.01,2343.848952,1776379224000
1776379225.913,25.913,0.5,106.5,0.49,119.33,0.51,61.96,0.52,100.0,0.49,91.96,0.48,100.0,0.5,106.5,0.51,119.33,0.01,0.01,2343.870253,1776379225000
1776379226.123,26.123,0.5,193.24,0.49,119.33,0.51,49.21,0.52,100.0,0.49,61.96,0.48,100.0,0.5,106.5,0.51,119.33,0.01,0.01,2343.870253,1776379225000
1776379226.449,26.449,0.5,214.24,0.49,119.33,0.52,100.0,0.53,10.0,0.49,49.21,0.48,100.0,0.5,193.24,0.51,119.33,0.02,0.01,2343.870253,1776379225000
1776379226.765,26.765,0.55,15.0,0.54,21.0,0.56,100.5,0.57,45.0,0.48,100.0,0.47,10.0,0.5,214.24,0.51,119.33,0.01,0.02,2343.870253,1776379225000
1776379227.483,27.483,0.57,41.0,0.56,116.5,0.58,0.11,0.59,35.0,0.44,100.5,0.43,45.0,0.45,15.0,0.46,21.0,0.01,0.01,2343.879738,1776379226000
1776379227.713,27.713,0.57,66.0,0.56,135.5,0.62,125.0,0.63,114.0,0.42,0.11,0.41,35.0,0.43,41.0,0.44,116.5,0.05,0.01,2343.879738,1776379226000
1776379227.932,27.932,0.61,10.0,0.6,10.0,0.62,75.5,0.63,100.0,0.38,125.0,0.37,114.0,0.43,66.0,0.44,135.5,0.01,0.05,2343.879738,1776379226000
1776379228.688,28.688,0.61,15.0,0.6,20.0,0.62,65.5,0.63,106.0,0.38,75.5,0.37,100.0,0.39,10.0,0.4,10.0,0.01,0.01,2343.967818,1776379227000
1776379232.133,32.133,0.61,12.18,0.6,30.0,0.62,81.0,0.63,108.0,0.38,65.5,0.37,106.0,0.39,15.0,0.4,20.0,0.01,0.01,2344.384781,1776379231000
1776379236.432,36.432,0.61,216.68,0.6,22.0,0.7,14.9,0.72,14.0,0.38,81.0,0.37,108.0,0.39,12.18,0.4,30.0,0.09,0.01,2344.451671,1776379235000
1776379236.866,36.866,0.79,36.75,0.77,76.49,0.8,8.62,0.83,8.0,0.2,10.0,0.17,78.0,0.21,55.51,0.23,70.0,0.01,0.01,2344.451671,1776379235000
1776379237.198,37.198,0.82,48.0,0.81,90.5,0.84,35.5,0.85,46.28,0.17,22.0,0.16,60.0,0.19,42.26,0.21,72.75,0.02,0.02,2344.419829,1776379236000
1776379237.482,37.482,0.85,10.0,0.84,15.0,0.86,94.11,0.87,55.0,0.14,54.61,0.13,10.0,0.17,40.0,0.18,53.0,0.01,0.03,2344.419829,1776379236000
1776379237.788,37.788,0.85,14.0,0.84,26.0,0.86,19.58,0.87,22.0,0.14,48.58,0.13,55.0,0.15,39.0,0.16,21.0,0.01,0.01,2344.419829,1776379236000
1776379238.082,38.082,0.85,10.0,0.84,40.0,0.86,10.48,0.88,35.0,0.14,15.48,0.13,22.0,0.15,82.09,0.16,125.13,0.01,0.01,2344.419829,1776379236000
1776379238.339,38.339,0.84,10.0,0.83,31.0,0.86,176.48,0.88,35.0,0.14,106.48,0.12,35.0,0.15,23.4,0.16,10.0,0.02,0.01,2344.574458,1776379237000
1776379238.762,38.762,0.83,4.11,0.82,30.0,0.84,139.69,0.85,70.0,0.16,139.69,0.15,70.0,0.17,10.0,0.18,30.0,0.01,0.01,2344.574458,1776379237000
1776379238.991,38.991,0.83,10.0,0.82,28.32,0.84,132.66,0.85,70.0,0.16,134.69,0.15,70.0,0.17,10.0,0.18,28.32,0.01,0.01,2344.574458,1776379237000
1776379239.266,39.266,0.83,10.0,0.82,28.32,0.84,134.66,0.85,70.0,0.16,132.66,0.15,70.0,0.17,10.0,0.18,28.32,0.01,0.01,2346.58368,1776379238000
1776379239.761,39.761,0.83,10.0,0.82,8.32,0.84,126.98,0.85,230.87,0.16,130.6,0.15,70.0,0.17,10.0,0.18,8.32,0.01,0.01,2346.58368,1776379238000
1776379240.319,40.319,0.83,10.0,0.82,18.32,0.84,174.5,0.85,290.37,0.16,126.98,0.15,230.87,0.17,10.0,0.18,8.32,0.01,0.01,2346.574799,1776379239000
1776379241.064,41.064,0.83,31.0,0.82,23.32,0.84,67.98,0.85,140.0,0.16,88.5,0.15,290.37,0.17,15.0,0.18,18.32,0.01,0.01,2346.574799,1776379239000
1776379242.334,42.334,0.83,20.0,0.82,18.32,0.84,116.89,0.85,290.58,0.16,78.35,0.15,140.0,0.17,27.0,0.18,18.32,0.01,0.01,2346.3515,1776379241000
1776379242.786,42.786,0.83,20.0,0.82,18.32,0.84,111.89,0.85,290.58,0.16,116.89,0.15,290.58,0.17,20.0,0.18,18.32,0.01,0.01,2346.3515,1776379241000
1776379243.427,43.427,0.83,63.37,0.82,18.32,0.84,145.16,0.85,145.0,0.16,109.89,0.15,140.0,0.17,20.0,0.18,18.32,0.01,0.01,2346.3515,1776379241000
1776379243.849,43.849,0.83,63.37,0.82,28.32,0.84,135.16,0.85,165.0,0.16,145.16,0.15,145.0,0.17,63.37,0.18,18.32,0.01,0.01,2346.28735,1776379242000
1776379244.693,44.693,0.83,123.36,0.82,59.32,0.84,63.66,0.85,165.0,0.16,135.16,0.15,165.0,0.17,63.37,0.18,28.32,0.01,0.01,2346.309863,1776379243000
1776379244.973,44.973,0.83,52.37,0.82,28.32,0.84,123.0,0.85,30.0,0.16,115.0,0.15,25.0,0.17,57.37,0.18,28.32,0.01,0.01,2346.309863,1776379243000
1776379245.238,45.238,0.82,0.32,0.81,18.0,0.83,127.22,0.84,83.5,0.16,196.0,0.15,50.0,0.18,20.32,0.19,18.0,0.01,0.02,2346.309863,1776379243000
1776379245.638,45.638,0.81,10.28,0.8,16.0,0.82,196.43,0.83,39.79,0.17,213.58,0.16,30.0,0.19,5.55,0.2,16.0,0.01,0.02,2346.292565,1776379244000
1776379246.156,46.156,0.79,44.87,0.78,15.0,0.82,174.43,0.83,109.79,0.18,196.43,0.17,39.79,0.19,5.01,0.2,16.0,0.03,0.01,2346.292565,1776379244000
1776379247.413,47.413,0.79,6.87,0.78,34.99,0.81,214.0,0.82,114.43,0.18,174.43,0.17,109.79,0.21,44.87,0.22,15.0,0.02,0.03,2346.030845,1776379246000
1776379247.909,47.909,0.8,10.0,0.79,16.87,0.81,153.76,0.82,114.43,0.19,214.0,0.18,114.43,0.21,6.87,0.22,34.99,0.01,0.02,2346.030845,1776379246000
1776379250.32,50.32,0.8,18.0,0.79,36.38,0.81,141.58,0.82,147.43,0.19,153.76,0.18,114.43,0.2,10.0,0.21,16.87,0.01,0.01,2345.984451,1776379249000
1776379253.518,53.518,0.8,40.48,0.79,35.86,0.81,134.58,0.82,154.0,0.19,141.58,0.18,147.43,0.2,18.0,0.21,36.38,0.01,0.01,2345.982722,1776379252000
1776379254.743,54.743,0.8,40.48,0.79,40.86,0.81,129.64,0.82,154.0,0.19,134.58,0.18,154.0,0.2,40.48,0.21,35.86,0.01,0.01,2345.973663,1776379253000
1776379255.786,55.786,0.8,96.48,0.79,40.86,0.81,129.89,0.82,144.0,0.19,129.64,0.18,154.0,0.2,40.48,0.21,40.86,0.01,0.01,2345.973663,1776379254000
1776379256.182,56.182,0.8,91.48,0.79,40.86,0.81,129.89,0.82,144.0,0.19,129.89,0.18,144.0,0.2,96.48,0.21,40.86,0.01,0.01,2345.973663,1776379254000
1776379256.79,56.79,0.78,49.38,0.77,69.99,0.81,133.39,0.82,65.43,0.19,129.89,0.18,144.0,0.2,91.48,0.21,40.86,0.03,0.01,2345.975901,1776379255000
1776379257.199,57.199,0.77,27.74,0.76,77.0,0.78,146.0,0.79,111.5,0.21,131.0,0.2,49.0,0.23,22.22,0.24,82.0,0.01,0.02,2345.975901,1776379255000
1776379257.786,57.786,0.77,23.39,0.76,77.0,0.78,114.0,0.79,80.5,0.22,146.0,0.21,111.5,0.23,27.74,0.24,77.0,0.01,0.01,2345.9742,1776379256000
1776379258.057,58.057,0.77,33.39,0.76,77.0,0.78,102.71,0.79,80.5,0.22,114.0,0.21,80.5,0.23,23.39,0.24,77.0,0.01,0.01,2345.9742,1776379256000
1776379259.402,59.402,0.77,51.87,0.76,82.0,0.78,72.6,0.79,54.0,0.22,82.6,0.21,80.5,0.23,33.39,0.24,77.0,0.01,0.01,2345.72744,1776379258000
1776379259.827,59.827,0.77,51.87,0.76,82.0,0.78,52.7,0.79,54.0,0.22,58.61,0.21,54.0,0.23,51.87,0.24,82.0,0.01,0.01,2345.72744,1776379258000
1776379260.318,60.318,0.77,25.65,0.76,65.0,0.78,44.03,0.79,57.6,0.22,44.03,0.21,54.0,0.23,51.87,0.24,82.0,0.01,0.01,2345.626335,1776379259000
1776379260.522,60.522,0.77,25.65,0.76,65.0,0.79,50.42,0.8,53.0,0.22,2.99,0.21,57.6,0.23,25.65,0.24,65.0,0.02,0.01,2345.626335,1776379259000
1776379261.28,61.28,0.78,23.0,0.77,25.65,0.79,92.55,0.8,69.0,0.21,50.42,0.2,53.0,0.23,25.65,0.24,65.0,0.01,0.02,2345.62547,1776379260000
1776379262.047,62.047,0.78,1.0,0.77,5.65,0.79,155.15,0.8,69.0,0.21,92.55,0.2,69.0,0.22,23.0,0.23,25.65,0.01,0.01,2345.62547,1776379260000
1776379262.454,62.454,0.73,92.43,0.72,35.0,0.74,55.6,0.75,10.0,0.21,155.15,0.2,69.0,0.27,148.42,0.28,25.0,0.01,0.06,2345.638875,1776379261000
1776379262.859,62.859,0.73,92.43,0.72,35.0,0.74,101.59,0.75,29.0,0.26,55.6,0.25,10.0,0.27,92.43,0.28,35.0,0.01,0.01,2345.638875,1776379261000
1776379263.81,63.81,0.73,92.43,0.72,136.61,0.74,146.5,0.75,66.0,0.26,101.59,0.25,29.0,0.27,92.43,0.28,35.0,0.01,0.01,2345.585999,1776379262000
1776379264.541,64.541,0.73,62.43,0.72,25.0,0.74,226.49,0.75,189.4,0.26,146.5,0.25,66.0,0.27,92.43,0.28,136.61,0.01,0.01,2345.286355,1776379263000
1776379264.859,64.859,0.62,117.0,0.61,21.0,0.63,48.14,0.64,34.0,0.33,33.65,0.31,41.12,0.38,70.0,0.39,21.0,0.01,0.05,2345.286355,1776379263000
1776379265.385,65.385,0.62,61.0,0.61,21.0,0.63,68.74,0.64,34.0,0.37,48.14,0.36,34.0,0.38,117.0,0.39,21.0,0.01,0.01,2345.284273,1776379264000
1776379265.871,65.871,0.62,87.0,0.61,23.0,0.63,8.6,0.64,44.0,0.37,68.21,0.36,39.0,0.38,61.0,0.39,21.0,0.01,0.01,2345.284273,1776379264000
1776379266.31,66.31,0.63,13.29,0.62,71.0,0.64,54.0,0.65,29.0,0.36,44.0,0.35,15.0,0.38,87.0,0.39,23.0,0.01,0.02,2345.042491,1776379265000
1776379266.744,66.744,0.63,13.29,0.62,76.0,0.66,76.43,0.67,23.5,0.36,54.0,0.35,29.0,0.37,13.29,0.38,71.0,0.03,0.01,2345.042491,1776379265000
1776379267.029,67.029,0.65,4.62,0.64,23.0,0.66,62.43,0.67,28.9,0.34,76.43,0.33,23.5,0.37,13.29,0.38,76.0,0.01,0.03,2345.042491,1776379265000
1776379267.253,67.253,0.64,20.62,0.63,18.29,0.66,83.43,0.67,23.5,0.34,62.43,0.33,28.9,0.35,4.62,0.36,23.0,0.02,0.01,2344.5179,1776379266000
1776379267.629,67.629,0.65,164.5,0.64,28.62,0.66,67.43,0.67,33.5,0.34,83.43,0.33,23.5,0.36,20.62,0.37,18.29,0.01,0.02,2344.5179,1776379266000
1776379268.673,68.673,0.65,39.14,0.64,98.08,0.66,84.43,0.67,46.5,0.34,67.43,0.33,33.5,0.35,164.5,0.36,28.62,0.01,0.01,2344.470914,1776379267000
1776379271.025,71.025,0.65,59.64,0.64,113.58,0.66,77.88,0.67,46.5,0.34,84.43,0.33,46.5,0.35,39.14,0.36,98.08,0.01,0.01,2344.675706,1776379270000
1776379271.3,71.3,0.65,59.64,0.64,108.58,0.66,70.88,0.67,41.5,0.34,77.88,0.33,46.5,0.35,59.64,0.36,113.58,0.01,0.01,2344.675706,1776379270000
1776379274.846,74.846,0.65,95.41,0.64,82.1,0.67,7.48,0.69,45.0,0.34,70.88,0.33,41.5,0.35,59.64,0.36,108.58,0.02,0.01,2344.675419,1776379273000
1776379276.851,76.851,0.68,20.0,0.67,26.5,0.69,31.03,0.7,80.0,0.33,7.48,0.31,45.0,0.35,95.41,0.36,82.1,0.01,0.02,2344.727899,1776379275000
1776379277.414,77.414,0.68,15.0,0.67,26.5,0.69,32.48,0.7,90.0,0.31,31.03,0.3,80.0,0.32,20.0,0.33,26.5,0.01,0.01,2344.854692,1776379276000
1776379279.972,79.972,0.65,19.99,0.64,16.0,0.66,60.5,0.67,62.91,0.31,32.48,0.3,90.0,0.32,15.0,0.33,26.5,0.01,0.01,2344.893497,1776379278000
1776379280.192,80.192,0.63,3.49,0.62,30.0,0.65,15.0,0.66,250.48,0.34,212.98,0.33,41.0,0.36,2.49,0.37,6.0,0.02,0.02,2344.893497,1776379278000
1776379280.492,80.492,0.62,6.85,0.61,8.0,0.63,22.0,0.64,80.0,0.37,6.51,0.36,15.0,0.38,30.0,0.39,8.0,0.01,0.01,2344.853547,1776379279000
1776379280.944,80.944,0.59,50.0,0.57,41.0,0.6,74.48,0.61,10.0,0.37,74.0,0.36,56.75,0.41,50.0,0.43,41.0,0.01,0.04,2344.853547,1776379279000
1776379283.825,83.825,0.59,35.0,0.58,20.5,0.6,112.0,0.61,39.0,0.4,69.06,0.39,10.0,0.41,50.0,0.43,41.0,0.01,0.01,2344.23641,1776379282000
1776379288.457,88.457,0.61,40.5,0.6,40.5,0.62,298.38,0.63,15.0,0.4,112.0,0.39,39.0,0.41,35.0,0.42,20.5,0.01,0.01,2344.271042,1776379286000
1776379295.032,95.032,0.61,160.85,0.6,8.0,0.62,326.38,0.63,15.52,0.38,298.38,0.37,15.0,0.39,40.5,0.4,40.5,0.01,0.01,2344.37789,1776379293000
1776379295.236,95.236,0.6,3.0,0.58,15.0,0.61,75.48,0.62,353.38,0.38,363.86,0.37,15.52,0.4,8.0,0.41,25.0,0.01,0.02,2344.37789,1776379293000
1776379295.595,95.595,0.58,20.5,0.57,86.5,0.59,119.26,0.6,34.0,0.39,187.0,0.38,353.38,0.41,3.0,0.42,20.5,0.01,0.02,2344.381187,1776379294000
1776379296.459,96.459,0.56,35.0,0.55,90.0,0.58,8.43,0.59,139.48,0.41,119.26,0.4,34.0,0.42,20.5,0.43,86.5,0.02,0.01,2344.381187,1776379294000
1776379297.587,97.587,0.55,107.0,0.54,85.0,0.56,23.0,0.57,19.0,0.42,8.43,0.41,139.48,0.44,35.0,0.45,90.0,0.01,0.02,2344.326692,1776379296000
1776379297.878,97.878,0.55,112.5,0.54,130.5,0.57,7.82,0.58,29.0,0.44,7.07,0.43,19.0,0.45,107.0,0.46,85.0,0.02,0.01,2344.326692,1776379296000
1776379300.724,100.724,0.56,5.0,0.55,60.5,0.57,33.06,0.58,222.0,0.44,7.87,0.43,7.82,0.45,112.5,0.46,130.5,0.01,0.01,2344.148574,1776379299000
1776379304.383,104.383,0.53,45.5,0.52,165.5,0.54,38.55,0.55,38.52,0.44,28.0,0.43,17.82,0.45,35.5,0.46,125.5,0.01,0.01,2343.991417,1776379303000
1776379305.416,105.416,0.57,87.5,0.56,115.5,0.58,185.0,0.59,12.0,0.46,38.55,0.45,38.52,0.47,45.5,0.48,165.5,0.01,0.01,2343.991417,1776379303000
1776379308.016,108.016,0.58,110.5,0.57,98.5,0.6,10.0,0.61,25.0,0.42,185.0,0.41,12.0,0.43,87.5,0.44,115.5,0.02,0.01,2344.083746,1776379306000
1776379311.292,111.292,0.59,11.0,0.58,26.5,0.61,40.0,0.62,45.0,0.39,15.0,0.38,15.0,0.41,76.5,0.42,82.5,0.02,0.02,2344.26939,1776379310000
1776379311.941,111.941,0.6,59.0,0.59,66.5,0.61,5.0,0.62,40.0,0.39,40.0,0.38,45.0,0.41,11.0,0.42,26.5,0.01,0.02,2344.26939,1776379310000
1776379316.221,116.221,0.59,84.5,0.58,46.5,0.6,10.0,0.61,15.0,0.39,5.0,0.38,40.0,0.4,59.0,0.41,66.5,0.01,0.01,2344.26083,1776379315000
1776379320.492,120.492,0.59,113.5,0.58,36.5,0.6,1.66,0.61,20.0,0.4,10.0,0.39,15.0,0.41,84.5,0.42,46.5,0.01,0.01,2344.262122,1776379318000
1776379320.84,120.84,0.59,95.5,0.58,46.5,0.6,1.66,0.61,20.0,0.4,1.66,0.39,20.0,0.41,113.5,0.42,36.5,0.01,0.01,2344.263273,1776379319000
1776379321.984,121.984,0.63,72.9,0.62,39.15,0.64,21.0,0.65,5.0,0.4,1.66,0.39,20.0,0.41,95.5,0.42,46.5,0.01,0.01,2344.26221,1776379320000
1776379322.6,122.6,0.63,33.56,0.62,99.49,0.64,5.37,0.65,5.0,0.36,21.0,0.35,5.0,0.37,72.9,0.38,39.15,0.01,0.01,2344.26045,1776379321000
1776379323.003,123.003,0.63,93.55,0.62,49.65,0.64,3.65,0.65,15.0,0.36,5.37,0.35,5.0,0.37,33.56,0.38,99.49,0.01,0.01,2344.26045,1776379321000
1776379323.867,123.867,0.6,20.0,0.59,42.57,0.64,252.5,0.65,50.0,0.36,3.65,0.35,15.0,0.37,93.55,0.38,49.65,0.04,0.01,2344.27596,1776379322000
1776379324.376,124.376,0.56,50.0,0.55,25.0,0.61,182.5,0.62,30.0,0.37,20.5,0.36,199.0,0.4,7.5,0.41,42.57,0.05,0.03,2344.495724,1776379323000
1776379325.471,125.471,0.53,40.5,0.52,175.5,0.54,24.07,0.55,15.0,0.39,182.5,0.38,30.0,0.44,50.0,0.45,25.0,0.01,0.05,2344.495724,1776379323000
1776379327.329,127.329,0.52,175.5,0.51,144.61,0.54,29.07,0.55,15.0,0.46,24.07,0.45,15.0,0.47,40.5,0.48,175.5,0.02,0.01,2344.05322,1776379326000
1776379329.217,129.217,0.51,89.61,0.5,51.0,0.52,20.0,0.53,13.11,0.47,8.11,0.46,29.07,0.48,175.5,0.49,144.61,0.01,0.01,2344.015583,1776379327000
1776379329.477,129.477,0.51,39.61,0.5,51.0,0.52,72.73,0.53,13.11,0.48,20.0,0.47,13.11,0.49,89.61,0.5,51.0,0.01,0.01,2344.015583,1776379327000
1776379329.814,129.814,0.51,37.56,0.5,61.5,0.52,56.73,0.53,13.11,0.48,72.73,0.47,13.11,0.49,39.61,0.5,51.0,0.01,0.01,2343.98637,1776379328000
1776379331.02,131.02,0.51,8.54,0.5,26.5,0.52,71.73,0.53,18.11,0.48,56.73,0.47,13.11,0.49,35.51,0.5,61.5,0.01,0.01,2343.97093,1776379329000
1776379331.317,131.317,0.5,23.54,0.49,195.0,0.52,71.73,0.53,18.11,0.48,71.73,0.47,18.11,0.49,8.54,0.5,26.5,0.02,0.01,2343.947757,1776379330000
1776379331.743,131.743,0.5,23.54,0.49,190.0,0.51,51.0,0.52,20.0,0.48,71.73,0.47,18.11,0.5,23.54,0.51,195.0,0.01,0.02,2343.947757,1776379330000
1776379332.385,132.385,0.5,3.24,0.49,190.0,0.51,51.0,0.52,20.0,0.49,51.0,0.48,20.0,0.5,23.54,0.51,190.0,0.01,0.01,2343.947757,1776379330000
1776379333.433,133.433,0.49,190.0,0.48,65.0,0.51,46.0,0.52,20.0,0.49,51.0,0.48,20.0,0.5,3.24,0.51,190.0,0.02,0.01,2343.878885,1776379332000
1776379335.34,135.34,0.49,205.5,0.48,60.0,0.5,70.0,0.51,30.0,0.49,46.0,0.48,20.0,0.51,190.0,0.52,65.0,0.01,0.02,2343.874906,1776379333000
1776379339.242,139.242,0.49,120.0,0.48,60.0,0.5,243.0,0.51,33.93,0.5,70.0,0.49,30.0,0.51,205.5,0.52,60.0,0.01,0.01,2343.8255,1776379338000
1776379341.75,141.75,0.49,15.14,0.48,105.5,0.5,253.0,0.51,33.93,0.5,243.0,0.49,33.93,0.51,120.0,0.52,60.0,0.01,0.01,2343.773458,1776379340000
1776379348.056,148.056,0.48,105.5,0.47,180.5,0.5,243.0,0.51,33.93,0.5,253.0,0.49,33.93,0.51,15.14,0.52,105.5,0.02,0.01,2343.750274,1776379346000
1776379348.916,148.916,0.48,105.5,0.47,180.5,0.49,241.63,0.5,15.0,0.5,243.0,0.49,33.93,0.52,105.5,0.53,180.5,0.01,0.02,2343.750801,1776379347000
1776379351.14,151.14,0.48,12.0,0.47,170.0,0.49,272.63,0.5,55.5,0.51,241.63,0.5,15.0,0.52,105.5,0.53,180.5,0.01,0.01,2343.741988,1776379349000
1776379352.258,152.258,0.47,10.5,0.46,110.5,0.48,45.91,0.49,213.63,0.51,272.63,0.5,55.5,0.52,12.0,0.53,170.0,0.01,0.01,2343.741441,1776379350000
1776379353.725,153.725,0.47,3.25,0.46,110.5,0.48,76.91,0.49,213.63,0.52,45.91,0.51,213.63,0.53,8.25,0.54,110.5,0.01,0.01,2343.728447,1776379352000
1776379359.711,159.711,0.46,105.5,0.45,208.5,0.47,28.46,0.48,210.22,0.52,76.91,0.51,213.63,0.53,3.25,0.54,110.5,0.01,0.01,2343.70189,1776379358000
1776379361.98,161.98,0.46,50.0,0.44,300.5,0.47,124.68,0.51,23.93,0.53,28.46,0.52,210.22,0.54,105.5,0.55,208.5,0.01,0.01,2343.66853,1776379360000
1776379362.188,162.188,0.46,86.5,0.45,85.5,0.47,40.08,0.51,23.93,0.53,40.08,0.49,23.93,0.54,86.5,0.55,85.5,0.01,0.01,2343.66853,1776379360000
1776379362.479,162.479,0.46,63.22,0.45,95.5,0.47,35.08,0.51,23.93,0.53,35.08,0.49,23.93,0.54,94.61,0.55,95.5,0.01,0.01,2343.66853,1776379361000
1776379362.741,162.741,0.5,114.5,0.49,31.0,0.51,73.93,0.52,10.5,0.53,35.08,0.49,23.93,0.54,63.22,0.55,95.5,0.01,0.01,2343.66853,1776379361000
1776379362.981,162.981,0.5,235.5,0.49,22.0,0.54,10.0,0.56,124.6,0.46,10.0,0.44,124.6,0.5,235.5,0.51,22.0,0.04,0.04,2343.66853,1776379361000
1776379363.263,163.263,0.54,21.0,0.53,16.61,0.56,94.6,0.57,10.0,0.45,10.5,0.44,104.6,0.47,1.61,0.48,11.0,0.02,0.02,2343.66853,1776379361000
1776379364.227,164.227,0.55,54.0,0.54,42.0,0.56,48.21,0.57,10.0,0.44,94.6,0.43,10.0,0.46,21.0,0.47,16.61,0.01,0.02,2343.799595,1776379362000
1776379364.485,164.485,0.55,77.0,0.54,42.0,0.56,46.42,0.57,10.0,0.44,48.21,0.43,10.0,0.45,54.0,0.46,42.0,0.01,0.01,2343.908482,1776379363000
1776379364.726,164.726,0.55,62.0,0.54,42.0,0.56,43.25,0.57,10.0,0.44,46.42,0.43,10.0,0.45,77.0,0.46,42.0,0.01,0.01,2343.908482,1776379363000
1776379365.526,165.526,0.55,23.0,0.54,146.25,0.56,18.25,0.57,25.5,0.44,43.25,0.43,10.0,0.45,62.0,0.46,42.0,0.01,0.01,2343.910616,1776379364000
1776379366.958,166.958,0.45,34.0,0.44,236.0,0.46,45.0,0.51,55.0,0.44,18.25,0.43,25.5,0.45,23.0,0.46,146.25,0.01,0.01,2343.967836,1776379365000
1776379367.933,167.933,0.45,104.5,0.44,311.0,0.46,9.26,0.47,10.0,0.54,45.0,0.49,55.0,0.55,34.0,0.56,236.0,0.01,0.01,2343.96434,1776379366000
1776379369.007,169.007,0.45,63.0,0.44,376.0,0.49,9.22,0.5,10.0,0.54,9.26,0.53,10.0,0.55,104.5,0.56,311.0,0.04,0.01,2343.719282,1776379368000
1776379369.247,169.247,0.46,90.5,0.45,95.5,0.47,21.74,0.48,15.0,0.51,9.22,0.5,10.0,0.55,63.0,0.56,376.0,0.01,0.04,2343.719282,1776379368000
1776379370.275,170.275,0.45,35.0,0.44,240.5,0.47,87.97,0.48,20.5,0.53,21.74,0.52,15.0,0.54,90.5,0.55,95.5,0.02,0.01,2343.820125,1776379369000
1776379370.92,170.92,0.44,180.0,0.43,70.2,0.47,8.2,0.48,20.5,0.53,87.97,0.52,20.5,0.55,35.0,0.56,240.5,0.03,0.02,2343.840737,1776379370000
1776379372.582,172.582,0.45,80.5,0.44,155.0,0.5,10.5,0.51,10.0,0.53,8.2,0.52,20.5,0.56,180.0,0.57,70.2,0.05,0.03,2343.58335,1776379371000
1776379376.075,176.075,0.5,12.0,0.49,21.0,0.51,20.5,0.52,10.5,0.5,25.0,0.49,10.0,0.55,100.5,0.56,155.0,0.01,0.05,2343.761202,1776379374000
1776379376.931,176.931,0.5,54.0,0.49,33.5,0.51,10.0,0.53,50.0,0.49,20.5,0.48,10.5,0.5,7.0,0.51,21.0,0.01,0.01,2343.774805,1776379375000
1776379377.924,177.924,0.51,29.2,0.5,87.0,0.56,99.74,0.57,15.0,0.49,10.0,0.47,50.0,0.5,54.0,0.51,33.5,0.05,0.01,2343.77503,1776379376000
1776379380.242,180.242,0.54,12.0,0.53,39.5,0.56,110.24,0.57,20.5,0.44,99.74,0.43,15.0,0.49,29.2,0.5,87.0,0.02,0.05,2343.837516,1776379378000
1776379380.494,180.494,0.55,17.0,0.54,22.0,0.56,108.45,0.57,20.5,0.44,110.24,0.43,20.5,0.46,12.0,0.47,39.5,0.01,0.02,2343.974521,1776379379000
1776379381.96,181.96,0.55,76.26,0.54,22.5,0.56,0.82,0.58,60.0,0.44,108.45,0.43,20.5,0.45,17.0,0.46,22.0,0.01,0.01,2344.002672,1776379380000
1776379383.314,183.314,0.58,3.04,0.57,37.0,0.59,60.5,0.6,75.0,0.42,60.0,0.41,60.5,0.45,81.26,0.46,27.5,0.01,0.03,2343.974725,1776379382000
1776379383.699,183.699,0.58,5.04,0.57,37.0,0.59,60.5,0.6,75.0,0.41,60.5,0.4,75.0,0.42,3.04,0.43,37.0,0.01,0.01,2343.974725,1776379382000
1776379386.174,186.174,0.51,39.57,0.5,60.0,0.59,164.5,0.6,75.0,0.41,60.5,0.4,75.0,0.42,5.04,0.43,37.0,0.08,0.01,2344.071351,1776379385000
1776379386.534,186.534,0.49,19.0,0.48,25.0,0.59,164.5,0.6,75.0,0.41,164.5,0.4,75.0,0.49,19.16,0.5,50.0,0.1,0.08,2344.071351,1776379385000
1776379388.19,188.19,0.49,10.0,0.48,25.0,0.5,50.0,0.54,10.86,0.41,164.5,0.4,75.0,0.51,19.0,0.52,25.0,0.01,0.1,2343.928085,1776379386000
1776379388.748,188.748,0.49,10.0,0.48,25.0,0.5,39.06,0.54,10.86,0.5,45.0,0.46,10.86,0.51,10.0,0.52,25.0,0.01,0.01,2343.87381,1776379387000
1776379389.059,189.059,0.54,40.0,0.53,70.0,0.6,75.0,0.61,115.0,0.48,10.0,0.47,20.0,0.49,2.99,0.5,5.0,0.06,0.01,2343.87381,1776379387000
1776379389.423,189.423,0.59,27.87,0.58,21.0,0.6,5.0,0.61,50.0,0.4,75.0,0.39,115.0,0.41,10.0,0.42,10.0,0.01,0.01,2344.12724,1776379388000
1776379389.646,189.646,0.61,45.0,0.59,4.87,0.62,160.0,0.63,85.0,0.38,155.0,0.37,101.0,0.4,19.0,0.41,4.87,0.01,0.02,2344.12724,1776379388000
1776379389.964,189.964,0.61,86.0,0.6,20.0,0.62,9.53,0.63,85.0,0.38,160.0,0.37,85.0,0.39,45.0,0.41,9.87,0.01,0.01,2344.12724,1776379388000
1776379390.237,190.237,0.61,86.0,0.6,20.0,0.62,4.53,0.64,25.0,0.38,9.53,0.37,85.0,0.39,86.0,0.4,20.0,0.01,0.01,2344.188047,1776379389000
1776379391.44,191.44,0.63,9.1,0.62,10.0,0.66,143.0,0.67,120.0,0.36,41.0,0.35,150.0,0.39,56.0,0.4,10.0,0.03,0.03,2344.198115,1776379390000
1776379392.187,192.187,0.65,27.71,0.64,10.0,0.66,83.0,0.67,120.0,0.34,143.0,0.33,120.0,0.37,9.1,0.38,10.0,0.01,0.03,2344.198115,1776379390000
1776379393.291,193.291,0.64,2.76,0.63,9.1,0.66,8.0,0.67,136.0,0.34,83.0,0.33,125.0,0.35,6.27,0.36,10.0,0.02,0.01,2344.23504,1776379391000
1776379394.036,194.036,0.65,28.0,0.64,2.76,0.66,8.0,0.67,136.0,0.34,8.0,0.33,136.0,0.36,2.76,0.37,9.1,0.01,0.02,2344.23024,1776379392000
1776379394.967,194.967,0.65,17.0,0.64,2.76,0.66,18.55,0.67,145.0,0.34,33.0,0.33,161.0,0.35,17.0,0.36,2.76,0.01,0.01,2344.277005,1776379393000
1776379395.655,195.655,0.66,28.0,0.65,16.0,0.67,144.0,0.68,125.0,0.34,0.1,0.33,145.0,0.35,17.0,0.36,2.76,0.01,0.01,2344.277105,1776379394000
1776379396.525,196.525,0.66,37.0,0.65,47.0,0.67,79.5,0.68,125.0,0.33,144.0,0.32,125.0,0.34,18.0,0.35,16.0,0.01,0.01,2344.319805,1776379395000
1776379397.067,197.067,0.66,9.05,0.65,47.0,0.67,69.5,0.68,125.0,0.33,69.5,0.32,125.0,0.34,12.0,0.35,47.0,0.01,0.01,2344.319805,1776379395000
1776379397.596,197.596,0.66,4.05,0.65,47.0,0.67,60.5,0.68,135.0,0.33,69.5,0.32,125.0,0.34,9.05,0.35,47.0,0.01,0.01,2344.272533,1776379396000
1776379398.62,198.62,0.66,1.1,0.65,47.0,0.67,60.5,0.68,135.0,0.33,60.5,0.32,135.0,0.34,4.05,0.35,47.0,0.01,0.01,2344.331861,1776379397000
1776379402.464,202.464,0.66,1.1,0.65,47.0,0.67,17.79,0.68,152.0,0.33,60.5,0.32,135.0,0.34,1.1,0.35,47.0,0.01,0.01,2344.256452,1776379401000
1776379403.794,203.794,0.66,9.1,0.65,47.0,0.67,2.67,0.68,193.05,0.33,17.79,0.32,152.0,0.34,1.1,0.35,47.0,0.01,0.01,2344.274922,1776379402000
1776379406.245,206.245,0.66,26.21,0.65,47.0,0.67,17.5,0.68,181.99,0.33,2.67,0.32,193.05,0.34,9.1,0.35,47.0,0.01,0.01,2344.285988,1776379404000
1776379407.668,207.668,0.66,160.71,0.65,88.5,0.67,1.0,0.68,159.0,0.33,17.5,0.32,181.99,0.34,26.21,0.35,47.0,0.01,0.01,2344.35234,1776379406000
1776379407.96,207.96,0.67,139.7,0.66,45.71,0.69,200.4,0.7,235.5,0.32,37.84,0.31,200.4,0.33,139.7,0.34,45.71,0.02,0.01,2344.35234,1776379406000
1776379410.437,210.437,0.68,37.51,0.67,41.5,0.69,111.4,0.7,251.5,0.31,200.4,0.3,235.5,0.32,10.87,0.33,63.5,0.01,0.01,2344.389964,1776379409000
1776379411.846,211.846,0.68,47.51,0.67,57.8,0.69,59.8,0.7,251.5,0.31,111.4,0.3,251.5,0.32,37.51,0.33,41.5,0.01,0.01,2344.382636,1776379410000
1776379412.233,212.233,0.68,84.28,0.67,57.8,0.69,55.69,0.7,251.5,0.31,55.69,0.3,251.5,0.32,47.51,0.33,57.8,0.01,0.01,2344.382636,1776379410000
1776379412.781,212.781,0.68,84.28,0.67,57.8,0.69,53.32,0.7,256.5,0.31,55.69,0.3,251.5,0.32,84.28,0.33,57.8,0.01,0.01,2344.45029,1776379411000
1776379413.406,213.406,0.68,6.87,0.67,81.09,0.69,50.2,0.7,256.5,0.31,53.32,0.3,256.5,0.32,84.28,0.33,57.8,0.01,0.01,2344.451025,1776379412000
1776379415.535,215.535,0.68,37.02,0.67,47.8,0.69,50.2,0.7,256.5,0.31,50.2,0.3,256.5,0.32,6.87,0.33,81.09,0.01,0.01,2344.377855,1776379414000
1776379416.702,216.702,0.68,37.02,0.67,47.8,0.69,48.75,0.7,256.5,0.31,50.2,0.3,256.5,0.32,37.02,0.33,47.8,0.01,0.01,2344.378829,1776379415000
1776379422.905,222.905,0.68,178.09,0.67,57.8,0.69,4.15,0.7,241.0,0.31,48.75,0.3,256.5,0.32,37.02,0.33,47.8,0.01,0.01,2344.431225,1776379421000
1776379423.793,223.793,0.71,121.0,0.7,100.0,0.72,5.5,0.73,81.5,0.3,241.0,0.29,25.0,0.32,178.09,0.33,57.8,0.01,0.02,2344.371899,1776379422000
1776379424.512,224.512,0.71,131.0,0.7,102.6,0.72,5.5,0.73,81.5,0.28,5.5,0.27,81.5,0.29,121.0,0.3,100.0,0.01,0.01,2344.371076,1776379423000
1776379425.677,225.677,0.72,61.0,0.71,71.0,0.73,65.5,0.74,89.7,0.28,5.5,0.27,81.5,0.29,131.0,0.3,102.6,0.01,0.01,2344.47882,1776379424000
1776379428.057,228.057,0.72,50.0,0.71,65.0,0.73,14.13,0.74,89.7,0.27,65.5,0.26,89.7,0.28,61.0,0.29,71.0,0.01,0.01,2344.526488,1776379426000
1776379429.127,229.127,0.72,71.0,0.71,65.0,0.73,12.76,0.74,84.7,0.27,14.13,0.26,89.7,0.28,50.0,0.29,65.0,0.01,0.01,2344.485389,1776379427000
1776379435.091,235.091,0.73,76.12,0.72,58.27,0.74,18.7,0.75,66.0,0.27,12.76,0.26,84.7,0.28,71.0,0.29,65.0,0.01,0.01,2344.450801,1776379434000
1776379435.333,235.333,0.74,20.5,0.73,124.12,0.75,9.76,0.77,110.5,0.26,18.7,0.25,66.0,0.27,76.12,0.28,58.27,0.01,0.01,2344.450801,1776379434000
1776379435.552,235.552,0.74,128.5,0.73,54.12,0.77,110.5,0.78,10.0,0.25,9.76,0.23,110.5,0.26,20.5,0.27,124.12,0.03,0.01,2344.450801,1776379434000
1776379436.178,236.178,0.76,178.0,0.75,30.5,0.77,43.5,0.78,10.0,0.23,110.5,0.22,10.0,0.26,128.5,0.27,54.12,0.01,0.03,2344.450801,1776379434000
1776379437.009,237.009,0.76,188.5,0.75,49.7,0.77,0.86,0.78,10.0,0.23,38.43,0.22,10.0,0.24,178.0,0.25,30.5,0.01,0.01,2344.459309,1776379435000
1776379438.379,238.379,0.79,36.0,0.78,65.5,0.8,35.5,0.81,10.0,0.23,0.86,0.22,10.0,0.24,188.5,0.25,49.7,0.01,0.01,2344.521181,1776379436000
1776379440.228,240.228,0.81,4.47,0.8,58.0,0.82,75.0,0.84,35.0,0.2,35.5,0.19,10.0,0.21,36.0,0.22,65.5,0.01,0.01,2344.610088,1776379439000
1776379440.569,240.569,0.8,53.74,0.79,32.0,0.82,75.0,0.84,47.99,0.18,75.0,0.16,35.0,0.19,4.47,0.2,58.0,0.02,0.01,2344.610088,1776379439000
1776379440.997,240.997,0.8,31.74,0.79,20.0,0.82,50.0,0.83,5.05,0.18,75.0,0.16,47.99,0.19,30.0,0.2,53.74,0.02,0.01,2344.610088,1776379439000
1776379441.365,241.365,0.82,3.61,0.81,2.0,0.84,69.99,0.85,47.0,0.18,50.0,0.16,59.99,0.19,2.0,0.2,31.74,0.02,0.01,2344.610088,1776379439000
1776379441.586,241.586,0.81,10.0,0.8,0.64,0.83,10.0,0.84,89.99,0.17,10.0,0.16,79.99,0.2,0.64,0.21,15.0,0.02,0.03,2344.614449,1776379440000
1776379441.874,241.874,0.81,9.0,0.8,0.64,0.82,5.0,0.83,23.99,0.17,10.0,0.16,89.99,0.19,10.0,0.2,0.64,0.01,0.02,2344.614449,1776379440000
1776379442.278,242.278,0.81,9.0,0.8,0.64,0.83,77.11,0.84,73.05,0.18,5.0,0.17,23.99,0.19,9.0,0.2,0.64,0.02,0.01,2344.614449,1776379441000
1776379442.594,242.594,0.81,9.0,0.8,0.64,0.83,46.65,0.84,73.05,0.17,77.11,0.16,73.05,0.19,9.0,0.2,0.64,0.02,0.02,2344.614449,1776379441000
1776379443.015,243.015,0.82,92.0,0.81,64.0,0.83,10.61,0.84,45.0,0.17,46.65,0.16,73.05,0.19,9.0,0.2,0.64,0.01,0.02,2344.614449,1776379441000
1776379443.554,243.554,0.89,15.0,0.88,43.0,0.9,8.0,0.91,55.0,0.17,10.61,0.16,45.0,0.18,92.0,0.19,64.0,0.01,0.01,2344.607249,1776379442000
1776379443.847,243.847,0.9,19.8,0.89,15.0,0.91,49.79,0.92,124.89,0.09,49.79,0.08,124.89,0.11,15.0,0.12,43.0,0.01,0.02,2344.607249,1776379442000
1776379446.077,246.077,0.9,24.92,0.89,105.0,0.91,53.14,0.92,104.89,0.09,4.21,0.08,153.89,0.1,19.92,0.11,15.0,0.01,0.01,2344.776564,1776379444000
1776379447.229,247.229,0.9,34.92,0.89,105.0,0.91,31.16,0.92,167.89,0.09,53.14,0.08,104.89,0.1,24.92,0.11,105.0,0.01,0.01,2344.879378,1776379446000
1776379447.937,247.937,0.9,24.92,0.89,105.0,0.91,26.11,0.92,167.89,0.09,31.16,0.08,167.89,0.1,34.92,0.11,105.0,0.01,0.01,2344.879378,1776379446000
1776379450.691,250.691,0.9,97.92,0.89,115.0,0.91,11.86,0.92,75.0,0.09,26.11,0.08,167.89,0.1,24.92,0.11,105.0,0.01,0.01,2344.916085,1776379449000
1776379451.247,251.247,0.92,52.0,0.91,75.0,0.94,94.85,0.95,100.0,0.07,26.65,0.06,90.59,0.08,65.0,0.09,112.0,0.02,0.01,2344.959757,1776379450000
1776379451.511,251.511,0.92,6.5,0.91,75.0,0.94,141.26,0.95,169.99,0.06,83.26,0.05,100.0,0.08,62.0,0.09,75.0,0.02,0.02,2344.959757,1776379450000
1776379451.776,251.776,0.91,105.0,0.9,32.0,0.94,136.26,0.95,176.93,0.06,141.26,0.05,169.99,0.08,6.5,0.09,75.0,0.03,0.02,2344.959757,1776379450000
1776379452.121,252.121,0.93,30.0,0.92,10.0,0.94,130.61,0.95,176.93,0.06,136.26,0.05,176.93,0.09,48.0,0.1,32.0,0.01,0.03,2344.959757,1776379450000
1776379453.13,253.13,0.93,30.0,0.92,20.0,0.94,72.29,0.95,235.99,0.06,130.61,0.05,176.93,0.07,30.0,0.08,10.0,0.01,0.01,2345.209579,1776379452000
1776379454.339,254.339,0.93,24.0,0.92,78.9,0.94,22.29,0.95,215.0,0.06,72.29,0.05,235.99,0.07,30.0,0.08,20.0,0.01,0.01,2345.187794,1776379453000
1776379454.619,254.619,0.94,7.71,0.93,10.0,0.95,215.0,0.96,293.79,0.06,22.29,0.05,215.0,0.07,24.0,0.08,78.9,0.01,0.01,2345.187794,1776379453000
1776379455.038,255.038,0.94,37.0,0.93,15.0,0.95,189.0,0.96,276.79,0.05,215.0,0.04,293.79,0.06,7.71,0.07,10.0,0.01,0.01,2345.187794,1776379453000
1776379455.582,255.582,0.94,37.0,0.93,53.7,0.95,133.73,0.96,276.79,0.05,189.0,0.04,276.79,0.06,37.0,0.07,15.0,0.01,0.01,2345.187794,1776379453000
1776379456.267,256.267,0.94,43.0,0.93,63.7,0.95,128.73,0.96,248.8,0.05,133.73,0.04,276.79,0.06,37.0,0.07,53.7,0.01,0.01,2345.141392,1776379454000
1776379456.514,256.514,0.94,43.0,0.93,63.7,0.95,126.59,0.96,248.8,0.05,128.73,0.04,248.8,0.06,43.0,0.07,63.7,0.01,0.01,2345.149019,1776379455000
1776379456.859,256.859,0.94,6.89,0.93,63.7,0.95,115.01,0.96,248.8,0.05,105.01,0.04,248.8,0.06,43.0,0.07,63.7,0.01,0.01,2345.149019,1776379455000
1776379457.203,257.203,0.94,6.89,0.93,63.7,0.95,113.7,0.96,248.8,0.05,115.01,0.04,248.8,0.06,6.89,0.07,63.7,0.01,0.01,2345.157853,1776379456000
1776379457.493,257.493,0.94,16.89,0.93,63.7,0.95,108.86,0.96,248.8,0.05,110.97,0.04,248.8,0.06,16.89,0.07,63.7,0.01,0.01,2345.157853,1776379456000
1776379457.764,257.764,0.94,15.0,0.93,63.7,0.95,8.16,0.96,148.8,0.05,8.16,0.04,248.8,0.06,16.89,0.07,63.7,0.01,0.01,2345.157853,1776379456000
1776379458.958,258.958,0.95,65.52,0.94,15.0,0.96,148.8,0.97,290.69,0.05,8.16,0.04,148.8,0.06,15.0,0.07,63.7,0.01,0.01,2345.157968,1776379457000
1776379459.166,259.166,0.95,92.52,0.94,20.0,0.96,53.95,0.97,276.7,0.04,148.8,0.03,290.69,0.05,65.52,0.06,15.0,0.01,0.01,2345.158709,1776379458000
1776379459.531,259.531,0.95,117.52,0.94,70.0,0.96,28.74,0.97,153.0,0.04,33.95,0.03,276.7,0.05,97.52,0.06,30.0,0.01,0.01,2345.158709,1776379458000
1776379460.653,260.653,0.96,40.0,0.95,224.58,0.97,137.69,0.98,283.0,0.04,4.74,0.03,153.0,0.05,127.52,0.06,70.0,0.01,0.01,2345.147276,1776379459000
1776379461.091,261.091,0.96,172.7,0.95,214.58,0.97,132.69,0.98,283.0,0.03,137.69,0.02,283.0,0.04,40.0,0.05,224.58,0.01,0.01,2345.27001,1776379460000
1776379461.483,261.483,0.96,172.7,0.95,209.32,0.97,52.54,0.98,283.0,0.03,57.69,0.02,283.0,0.04,172.7,0.05,214.58,0.01,0.01,2345.27001,1776379460000
1776379461.731,261.731,0.96,172.7,0.95,209.32,0.97,47.39,0.98,283.0,0.03,52.54,0.02,283.0,0.04,172.7,0.05,209.32,0.01,0.01,2345.27001,1776379460000
1776379462.423,262.423,0.96,172.7,0.95,219.32,0.97,35.01,0.98,283.0,0.03,45.32,0.02,283.0,0.04,172.7,0.05,209.32,0.01,0.01,2345.405101,1776379461000
1776379463.054,263.054,0.96,193.7,0.95,198.32,0.97,9.64,0.98,283.0,0.03,14.8,0.02,283.0,0.04,172.7,0.05,219.32,0.01,0.01,2345.405101,1776379461000
1776379464.394,264.394,0.96,198.91,0.95,193.58,0.97,8.6,0.98,283.0,0.03,9.64,0.02,283.0,0.04,193.7,0.05,198.32,0.01,0.01,2345.537817,1776379463000
1776379465.766,265.766,0.96,259.91,0.95,193.58,0.97,3.44,0.98,283.0,0.03,8.6,0.02,283.0,0.04,198.91,0.05,193.58,0.01,0.01,2345.543282,1776379464000
1776379466.281,266.281,0.97,213.85,0.96,203.91,0.98,174.14,0.99,1851.55,0.02,276.19,0.01,1851.55,0.03,10.0,0.04,269.91,0.01,0.01,2345.543282,1776379464000
1776379466.759,266.759,0.97,208.7,0.96,188.7,0.98,164.14,0.99,1487.95,0.02,174.14,0.01,1851.55,0.03,213.85,0.04,203.91,0.01,0.01,2345.566369,1776379465000
1776379467.394,267.394,0.97,264.85,0.96,193.91,0.98,154.14,0.99,1487.95,0.02,164.14,0.01,1487.95,0.03,208.7,0.04,188.7,0.01,0.01,2345.582675,1776379466000
1776379467.701,267.701,0.97,259.7,0.96,187.7,0.98,149.04,0.99,1487.95,0.02,154.14,0.01,1487.95,0.03,264.85,0.04,193.91,0.01,0.01,2345.582675,1776379466000
1776379468.56,268.56,0.97,264.85,0.96,192.91,0.98,144.04,0.99,1387.95,0.02,149.04,0.01,1487.95,0.03,259.7,0.04,187.7,0.01,0.01,2345.608458,1776379467000
1776379469.103,269.103,0.97,252.14,0.96,187.7,0.98,144.04,0.99,1387.95,0.02,144.04,0.01,1387.95,0.03,264.85,0.04,192.91,0.01,0.01,2345.608458,1776379467000
1776379469.546,269.546,0.97,257.29,0.96,192.91,0.98,92.01,0.99,1387.95,0.02,93.04,0.01,1387.95,0.03,252.14,0.04,187.7,0.01,0.01,2345.612701,1776379468000
1776379470.64,270.64,0.97,207.16,0.96,180.91,0.98,36.9,0.99,1397.93,0.02,92.01,0.01,1387.95,0.03,257.29,0.04,192.91,0.01,0.01,2345.612124,1776379469000
1776379470.862,270.862,0.97,212.16,0.96,180.91,0.99,1397.93,,,0.02,36.9,0.01,1397.93,0.03,207.16,0.04,180.91,0.02,0.01,2345.612124,1776379469000
1776379471.213,271.213,0.97,224.16,0.96,180.91,0.98,5.0,0.99,1397.93,0.01,1397.93,,,0.03,212.16,0.04,180.91,0.01,0.02,2345.612124,1776379469000
1776379471.592,271.592,0.98,265.7,0.97,219.01,0.99,1387.93,,,0.01,1397.93,,,0.03,224.16,0.04,180.91,0.01,0.02,2345.618767,1776379470000
1776379471.978,271.978,0.98,316.7,0.97,214.01,0.99,1360.47,,,0.01,1387.93,,,0.02,265.7,0.03,219.01,0.01,0.01,2345.618767,1776379470000
1776379473.917,273.917,0.98,254.7,0.97,225.01,0.99,1360.47,,,0.01,1360.47,,,0.02,316.7,0.03,214.01,0.01,0.01,2345.618389,1776379472000
1776379474.427,274.427,0.98,204.7,0.97,225.01,0.99,1360.47,,,0.01,1360.47,,,0.02,254.7,0.03,225.01,0.01,0.01,2345.670063,1776379473000
1776379474.744,274.744,0.98,204.7,0.97,225.01,0.99,1259.46,,,0.01,1360.47,,,0.02,204.7,0.03,225.01,0.01,0.01,2345.670063,1776379473000
1776379476.226,276.226,0.98,22.0,0.97,40.31,0.99,1259.46,,,0.01,1259.46,,,0.02,204.7,0.03,225.01,0.01,0.01,2345.674585,1776379474000
1776379476.527,276.527,0.97,25.46,0.96,124.21,0.98,43.79,0.99,1259.46,0.01,1259.46,,,0.03,20.31,0.04,124.0,0.01,0.02,2345.681393,1776379475000
1776379476.746,276.746,0.96,118.3,0.95,75.52,0.98,42.76,0.99,1259.46,0.02,43.79,0.01,1259.46,0.04,118.3,0.05,75.52,0.02,0.02,2345.681393,1776379475000
1776379476.999,276.999,0.96,120.09,0.95,75.52,0.98,30.45,0.99,1259.46,0.02,31.48,0.01,1259.46,0.04,120.09,0.05,75.52,0.02,0.02,2345.681393,1776379475000
1776379477.725,277.725,0.96,125.3,0.95,75.52,0.98,25.39,0.99,1259.46,0.02,30.45,0.01,1259.46,0.04,120.09,0.05,75.52,0.02,0.02,2345.664676,1776379476000
1776379480.259,280.259,0.97,20.0,0.96,193.3,0.98,24.36,0.99,1169.45,0.02,25.39,0.01,1259.46,0.04,125.3,0.05,75.52,0.01,0.02,2345.485998,1776379478000
1776379481.095,281.095,0.97,60.0,0.96,196.01,0.98,13.25,0.99,1159.45,0.02,24.36,0.01,1169.45,0.03,20.0,0.04,193.3,0.01,0.01,2345.484447,1776379479000
1776379481.711,281.711,0.97,64.0,0.96,196.01,0.98,13.25,0.99,1159.45,0.02,13.25,0.01,1159.45,0.03,60.0,0.04,196.01,0.01,0.01,2345.524362,1776379480000
1776379482.08,282.08,0.97,57.59,0.96,196.01,0.98,13.25,0.99,1159.45,0.02,13.25,0.01,1159.45,0.03,64.0,0.04,196.01,0.01,0.01,2345.524362,1776379480000
1776379482.475,282.475,0.97,41.14,0.96,196.01,0.98,13.25,0.99,1159.45,0.02,13.25,0.01,1159.45,0.03,57.59,0.04,196.01,0.01,0.01,2345.530215,1776379481000
1776379483.01,283.01,0.97,41.14,0.96,190.8,0.98,10.9,0.99,1159.45,0.02,12.22,0.01,1159.45,0.03,41.14,0.04,196.01,0.01,0.01,2345.530215,1776379481000
1776379483.345,283.345,0.97,41.14,0.96,196.01,0.99,1146.23,,,0.02,10.9,0.01,1159.45,0.03,41.14,0.04,190.8,0.02,0.01,2345.557516,1776379482000
1776379483.739,283.739,0.98,5.0,0.97,34.14,0.99,1081.94,,,0.01,1110.23,,,0.03,41.14,0.04,196.01,0.01,0.02,2345.557516,1776379482000
1776379484.047,284.047,0.98,17.0,0.97,29.14,0.99,1076.89,,,0.01,1081.94,,,0.02,5.0,0.03,34.14,0.01,0.01,2345.557516,1776379482000
1776379484.651,284.651,0.98,85.0,0.97,29.14,0.99,1074.87,,,0.01,1076.89,,,0.02,17.0,0.03,29.14,0.01,0.01,2345.557516,1776379482000
1776379484.997,284.997,0.98,85.0,0.97,29.14,0.99,1064.76,,,0.01,1074.87,,,0.02,85.0,0.03,29.14,0.01,0.01,2345.589982,1776379483000
1776379485.253,285.253,0.98,95.0,0.97,29.14,0.99,1062.74,,,0.01,1064.76,,,0.02,85.0,0.03,29.14,0.01,0.01,2345.589982,1776379483000
1776379485.53,285.53,0.98,92.71,0.97,32.14,0.99,1039.6,,,0.01,1049.6,,,0.02,92.71,0.03,32.14,0.01,0.01,2345.591678,1776379484000
1776379485.768,285.768,0.98,82.71,0.97,32.14,0.99,1037.58,,,0.01,1039.6,,,0.02,92.71,0.03,32.14,0.01,0.01,2345.591678,1776379484000
1776379485.997,285.997,0.98,82.71,0.97,32.14,0.99,1031.52,,,0.01,1033.54,,,0.02,82.71,0.03,32.14,0.01,0.01,2345.591678,1776379484000
1776379486.616,286.616,0.98,82.71,0.97,32.14,0.99,1007.52,,,0.01,1031.52,,,0.02,82.71,0.03,32.14,0.01,0.01,2345.591678,1776379484000
1776379486.992,286.992,0.98,70.71,0.97,25.14,0.99,1006.5,,,0.01,1007.52,,,0.02,82.71,0.03,32.14,0.01,0.01,2345.620567,1776379485000
1776379487.35,287.35,0.98,70.71,0.97,25.14,0.99,423.51,,,0.01,930.51,,,0.02,70.71,0.03,25.14,0.01,0.01,2345.620567,1776379485000
1776379487.623,287.623,0.98,70.71,0.97,25.14,0.99,420.49,,,0.01,422.49,,,0.02,70.71,0.03,25.14,0.01,0.01,2345.620567,1776379485000
1776379487.835,287.835,0.99,626.51,0.98,70.71,,,,,0.01,373.49,,,0.02,70.71,0.03,25.14,,0.01,2345.623162,1776379486000
1776379488.257,288.257,0.99,706.2,0.98,7.71,,,,,,,,,0.01,626.51,0.02,70.71,,,2345.623162,1776379486000
1776379489.963,289.963,0.99,1783.33,0.98,17.71,,,,,,,,,0.01,706.2,0.02,7.71,,,2345.623696,1776379489000
1776379490.18,290.18,0.99,1837.09,0.98,7.71,,,,,,,,,0.01,1783.33,0.02,17.71,,,2345.623696,1776379489000
1776379490.793,290.793,0.99,3976.93,0.98,2.71,,,,,,,,,0.01,1837.09,0.02,7.71,,,2345.623696,1776379489000
1776379492.393,292.393,0.99,4048.44,0.97,24.0,,,,,,,,,0.01,3976.93,0.02,2.71,,,2345.664677,1776379491000
1776379494.078,294.078,0.99,4377.53,0.97,24.0,,,,,,,,,0.01,4048.44,0.03,24.0,,,2345.668446,1776379493000

# RESULT,winner=Up,slug=eth-updown-5m-1776379200,ticks=285
