timestamp,elapsed_sec,up_bid_p1,up_bid_s1,up_bid_p2,up_bid_s2,up_ask_p1,up_ask_s1,up_ask_p2,up_ask_s2,down_bid_p1,down_bid_s1,down_bid_p2,down_bid_s2,down_ask_p1,down_ask_s1,down_ask_p2,down_ask_s2,up_spread,down_spread,eth_price,eth_oracle_ts
1776243611.535,11.535,0.6,20.5,0.59,10.0,0.63,80.0,0.64,80.0,0.37,70.0,0.36,70.0,0.39,20.5,0.4,4.8,0.03,0.02,2329.230552,1776243610000
1776243611.887,11.887,0.62,25.5,0.61,25.5,0.63,70.0,0.64,75.0,0.37,70.0,0.36,70.0,0.39,20.5,0.4,4.8,0.01,0.02,2329.230552,1776243610000
1776243612.139,12.139,0.62,25.5,0.61,25.5,0.63,70.0,0.64,75.0,0.37,70.0,0.36,75.0,0.38,25.5,0.39,25.5,0.01,0.01,2329.251781,1776243611000
1776243612.522,12.522,0.62,39.5,0.61,25.5,0.63,75.0,0.64,255.0,0.37,70.0,0.36,75.0,0.38,25.5,0.39,25.5,0.01,0.01,2329.251781,1776243611000
1776243612.946,12.946,0.62,36.6,0.61,95.5,0.63,5.0,0.66,39.28,0.37,22.0,0.36,255.0,0.38,39.5,0.39,25.5,0.01,0.01,2329.251781,1776243611000
1776243613.8,13.8,0.62,25.6,0.61,275.5,0.63,15.01,0.65,11.0,0.37,5.0,0.34,39.28,0.38,36.6,0.39,95.5,0.01,0.01,2329.237105,1776243612000
1776243614.091,14.091,0.62,25.6,0.61,275.5,0.63,40.01,0.64,20.0,0.37,15.01,0.35,11.0,0.38,25.6,0.39,275.5,0.01,0.01,2329.237105,1776243612000
1776243615.044,15.044,0.62,20.6,0.61,275.5,0.63,15.01,0.64,5.0,0.37,40.01,0.36,20.0,0.38,25.6,0.39,275.5,0.01,0.01,2329.016041,1776243613000
1776243615.266,15.266,0.62,20.6,0.61,275.5,0.63,15.01,0.64,5.0,0.37,15.01,0.36,5.0,0.38,20.6,0.39,275.5,0.01,0.01,2328.976755,1776243614000
1776243615.637,15.637,0.62,25.6,0.61,281.5,0.63,10.01,0.64,5.0,0.37,15.01,0.36,5.0,0.38,20.6,0.39,275.5,0.01,0.01,2328.976755,1776243614000
1776243615.894,15.894,0.62,15.33,0.61,281.5,0.63,10.01,0.64,5.0,0.37,10.01,0.36,5.0,0.38,15.33,0.39,281.5,0.01,0.01,2329.012105,1776243615000
1776243616.198,16.198,0.62,245.33,0.61,44.5,0.66,39.28,0.67,11.0,0.37,10.01,0.36,5.0,0.38,15.33,0.39,281.5,0.04,0.01,2329.012105,1776243615000
1776243616.635,16.635,0.65,282.24,0.64,174.0,0.66,43.12,0.68,16.81,0.34,36.12,0.32,27.31,0.35,258.5,0.36,169.0,0.01,0.01,2329.012105,1776243615000
1776243616.966,16.966,0.65,287.24,0.64,174.0,0.66,7.12,0.68,16.81,0.34,7.12,0.32,16.81,0.35,287.24,0.36,174.0,0.01,0.01,2329.012211,1776243616000
1776243617.455,17.455,0.65,287.24,0.64,182.0,0.66,3.51,0.68,16.81,0.34,7.12,0.32,16.81,0.35,287.24,0.36,174.0,0.01,0.01,2329.012211,1776243616000
1776243617.942,17.942,0.65,299.24,0.64,182.0,0.66,1.99,0.68,16.81,0.34,3.51,0.32,16.81,0.35,287.24,0.36,182.0,0.01,0.01,2329.012211,1776243616000
1776243618.153,18.153,0.66,9.01,0.65,294.24,0.68,16.81,0.71,8.0,0.34,1.99,0.32,16.81,0.35,299.24,0.36,182.0,0.02,0.01,2329.111525,1776243617000
1776243618.468,18.468,0.67,333.5,0.66,90.01,0.68,3.78,0.74,14.0,0.32,19.78,0.29,8.0,0.33,10.0,0.34,53.01,0.01,0.01,2329.111525,1776243617000
1776243618.75,18.75,0.73,15.0,0.72,15.0,0.74,17.97,0.75,13.0,0.26,14.46,0.25,13.0,0.27,15.0,0.28,15.0,0.01,0.01,2329.111525,1776243617000
1776243618.954,18.954,0.72,9.46,0.71,15.0,0.74,22.97,0.75,13.0,0.26,17.97,0.25,13.0,0.27,15.0,0.28,15.0,0.02,0.01,2329.111525,1776243617000
1776243619.59,19.59,0.72,9.46,0.71,15.0,0.74,22.97,0.75,13.0,0.26,22.97,0.25,13.0,0.28,9.46,0.29,15.0,0.02,0.02,2329.313215,1776243618000
1776243620.204,20.204,0.73,15.0,0.72,19.96,0.74,7.97,0.75,13.0,0.26,7.97,0.25,13.0,0.27,15.0,0.28,19.96,0.01,0.01,2329.3147,1776243619000
1776243621.484,21.484,0.73,15.0,0.72,19.96,0.74,7.97,0.75,13.0,0.26,7.97,0.25,13.0,0.27,15.0,0.28,19.96,0.01,0.01,2329.42669,1776243620000
1776243622.085,22.085,0.74,15.91,0.73,20.5,0.75,203.0,0.76,90.5,0.25,203.0,0.24,90.5,0.26,15.91,0.27,20.5,0.01,0.01,2329.53169,1776243621000
1776243623.191,23.191,0.74,15.91,0.73,20.5,0.75,203.0,0.76,90.5,0.25,203.0,0.24,90.5,0.26,15.91,0.27,20.5,0.01,0.01,2329.720482,1776243622000
1776243624.496,24.496,0.74,15.91,0.73,20.5,0.75,203.0,0.76,90.5,0.25,203.0,0.24,90.5,0.26,15.91,0.27,20.5,0.01,0.01,2329.666925,1776243623000
1776243624.892,24.892,0.74,15.91,0.73,25.5,0.75,198.01,0.76,85.5,0.25,203.0,0.24,90.5,0.26,15.91,0.27,20.5,0.01,0.01,2329.666925,1776243623000
1776243625.093,25.093,0.74,15.91,0.73,25.5,0.75,201.67,0.76,80.5,0.25,198.01,0.24,85.5,0.26,15.91,0.27,25.5,0.01,0.01,2329.666935,1776243624000
1776243626.134,26.134,0.74,15.91,0.73,25.5,0.75,201.67,0.76,80.5,0.25,201.67,0.24,80.5,0.26,15.91,0.27,25.5,0.01,0.01,2329.811707,1776243625000
1776243627.305,27.305,0.74,15.91,0.73,25.5,0.75,201.67,0.76,80.5,0.25,201.67,0.24,80.5,0.26,15.91,0.27,25.5,0.01,0.01,2329.655235,1776243626000
1776243628.475,28.475,0.74,15.91,0.73,25.5,0.75,202.33,0.76,90.5,0.25,202.33,0.24,90.5,0.26,15.91,0.27,25.5,0.01,0.01,2329.660215,1776243627000
1776243629.108,29.108,0.74,15.91,0.73,25.5,0.75,202.33,0.76,90.5,0.25,202.33,0.24,90.5,0.26,15.91,0.27,25.5,0.01,0.01,2329.66046,1776243628000
1776243629.334,29.334,0.72,9.46,0.71,10.0,0.74,77.7,0.75,296.7,0.25,202.33,0.24,90.5,0.26,15.91,0.27,25.5,0.02,0.01,2329.66046,1776243628000
1776243630.148,30.148,0.7,3.5,0.69,15.0,0.73,30.69,0.74,246.7,0.27,30.69,0.26,246.7,0.3,3.5,0.31,15.0,0.03,0.03,2329.67156,1776243629000
1776243630.35,30.35,0.71,4.82,0.7,15.0,0.72,83.5,0.73,227.69,0.27,30.69,0.26,246.7,0.3,3.5,0.31,15.0,0.01,0.03,2329.67156,1776243629000
1776243630.561,30.561,0.71,0.95,0.7,15.0,0.72,47.5,0.73,211.69,0.28,83.5,0.27,227.69,0.29,4.82,0.3,15.0,0.01,0.01,2329.67156,1776243629000
1776243631.215,31.215,0.7,12.58,0.69,20.5,0.72,62.5,0.73,211.69,0.28,47.5,0.27,211.69,0.29,0.95,0.3,15.0,0.02,0.01,2329.67156,1776243629000
1776243631.54,31.54,0.7,68.08,0.69,25.5,0.71,44.0,0.72,32.5,0.28,62.5,0.27,211.69,0.3,12.58,0.31,20.5,0.01,0.02,2329.65631,1776243630000
1776243632.018,32.018,0.7,68.08,0.69,25.5,0.71,44.0,0.72,32.5,0.29,44.0,0.28,32.5,0.3,68.08,0.31,25.5,0.01,0.01,2329.57256,1776243631000
1776243632.405,32.405,0.7,73.08,0.69,221.5,0.71,18.0,0.72,22.0,0.29,44.0,0.28,32.5,0.3,68.08,0.31,25.5,0.01,0.01,2329.57256,1776243631000
1776243632.67,32.67,0.7,88.08,0.69,230.5,0.71,3.0,0.72,5.0,0.29,18.0,0.28,22.0,0.3,73.08,0.31,221.5,0.01,0.01,2329.57256,1776243631000
1776243633.198,33.198,0.7,88.08,0.69,230.5,0.71,3.0,0.72,5.0,0.29,3.0,0.28,5.0,0.3,88.08,0.31,230.5,0.01,0.01,2329.435325,1776243632000
1776243633.541,33.541,0.7,74.08,0.69,230.5,0.71,3.0,0.73,25.5,0.29,3.0,0.28,5.0,0.3,88.08,0.31,230.5,0.01,0.01,2329.435325,1776243632000
1776243634.195,34.195,0.7,74.08,0.69,230.5,0.71,3.0,0.73,25.5,0.29,3.0,0.27,25.5,0.3,74.08,0.31,230.5,0.01,0.01,2329.407645,1776243633000
1776243635.156,35.156,0.7,74.08,0.69,230.5,0.71,3.0,0.73,25.5,0.29,3.0,0.27,25.5,0.3,74.08,0.31,230.5,0.01,0.01,2329.622999,1776243634000
1776243635.455,35.455,0.7,73.58,0.69,10.0,0.72,2.95,0.73,15.0,0.29,3.0,0.27,25.5,0.3,74.08,0.31,230.5,0.02,0.01,2329.622999,1776243634000
1776243635.988,35.988,0.68,15.0,0.67,96.0,0.71,5.0,0.72,2.95,0.28,2.95,0.27,15.0,0.3,73.58,0.31,10.0,0.03,0.02,2329.622999,1776243634000
1776243636.194,36.194,0.68,15.0,0.67,96.0,0.7,12.0,0.71,18.0,0.3,12.0,0.29,18.0,0.32,15.0,0.33,96.0,0.02,0.02,2329.44753,1776243635000
1776243636.832,36.832,0.69,55.5,0.68,36.5,0.7,26.0,0.71,5.0,0.3,29.57,0.29,15.5,0.31,50.5,0.32,65.5,0.01,0.01,2329.44753,1776243635000
1776243637.222,37.222,0.69,55.5,0.68,36.5,0.7,26.0,0.71,5.0,0.3,26.0,0.29,5.0,0.31,55.5,0.32,36.5,0.01,0.01,2329.451865,1776243636000
1776243638.111,38.111,0.69,23.0,0.68,38.5,0.7,78.5,0.71,30.5,0.3,26.0,0.29,5.0,0.31,55.5,0.32,36.5,0.01,0.01,2329.451865,1776243636000
1776243639.221,39.221,0.69,12.0,0.68,38.5,0.7,73.5,0.71,30.5,0.3,73.5,0.29,30.5,0.31,12.0,0.32,38.5,0.01,0.01,2329.419615,1776243638000
1776243639.513,39.513,0.69,63.5,0.68,38.5,0.73,10.5,0.74,38.5,0.3,73.5,0.29,30.5,0.31,12.0,0.32,38.5,0.04,0.01,2329.419615,1776243638000
1776243640.285,40.285,0.69,63.5,0.68,38.5,0.73,10.5,0.74,38.5,0.27,10.5,0.26,38.5,0.31,63.5,0.32,38.5,0.04,0.04,2329.406045,1776243639000
1776243640.783,40.783,0.72,36.42,0.71,13.99,0.73,57.5,0.74,242.7,0.27,10.5,0.26,38.5,0.31,63.5,0.32,38.5,0.01,0.04,2329.406045,1776243639000
1776243641.063,41.063,0.71,33.99,0.69,5.0,0.72,87.72,0.73,97.7,0.27,107.7,0.26,62.7,0.29,13.99,0.31,15.0,0.01,0.02,2329.406045,1776243639000
1776243642.181,42.181,0.71,32.57,0.69,15.0,0.72,97.72,0.73,87.7,0.28,97.72,0.27,87.7,0.29,32.57,0.31,15.0,0.01,0.01,2329.44797,1776243641000
1776243643.222,43.222,0.71,32.57,0.69,15.0,0.72,97.72,0.73,87.7,0.28,97.72,0.27,87.7,0.29,32.57,0.31,15.0,0.01,0.01,2329.358471,1776243642000
1776243644.176,44.176,0.71,32.57,0.69,15.0,0.72,97.72,0.73,87.7,0.28,97.72,0.27,87.7,0.29,32.57,0.31,15.0,0.01,0.01,2329.358414,1776243643000
1776243645.257,45.257,0.67,32.5,0.66,20.5,0.68,6.41,0.69,21.5,0.32,6.41,0.31,21.5,0.33,32.5,0.34,20.5,0.01,0.01,2329.356832,1776243644000
1776243645.487,45.487,0.71,10.0,0.7,10.0,0.72,27.81,0.73,34.5,0.28,32.5,0.27,34.5,0.32,98.5,0.33,297.5,0.01,0.04,2329.356832,1776243644000
1776243646.009,46.009,0.71,50.0,0.7,20.0,0.72,51.42,0.73,49.5,0.28,27.81,0.27,34.5,0.29,13.71,0.3,20.5,0.01,0.01,2329.356832,1776243644000
1776243646.264,46.264,0.71,50.0,0.7,20.0,0.72,51.42,0.73,49.5,0.28,51.42,0.27,49.5,0.29,50.0,0.3,20.0,0.01,0.01,2329.419067,1776243645000
1776243647.212,47.212,0.71,50.0,0.7,20.0,0.72,51.42,0.73,49.5,0.28,51.42,0.27,49.5,0.29,50.0,0.3,20.0,0.01,0.01,2329.221526,1776243646000
1776243648.056,48.056,0.71,50.0,0.7,20.0,0.72,51.42,0.73,49.5,0.28,51.42,0.27,49.5,0.29,50.0,0.3,20.0,0.01,0.01,2329.308396,1776243647000
1776243648.379,48.379,0.71,39.65,0.7,20.0,0.72,84.31,0.73,243.99,0.28,51.42,0.27,49.5,0.29,50.0,0.3,20.0,0.01,0.01,2329.308396,1776243647000
1776243649.046,49.046,0.71,5.16,0.7,20.0,0.72,72.19,0.73,254.99,0.28,72.19,0.27,243.99,0.29,39.65,0.3,20.0,0.01,0.01,2329.308396,1776243647000
1776243650.08,50.08,0.71,5.16,0.7,20.0,0.72,72.19,0.73,254.99,0.28,72.19,0.27,254.99,0.29,5.16,0.3,20.0,0.01,0.01,2329.372829,1776243649000
1776243651.054,51.054,0.71,5.16,0.7,20.0,0.72,72.19,0.73,254.99,0.28,72.19,0.27,254.99,0.29,5.16,0.3,20.0,0.01,0.01,2329.317335,1776243650000
1776243651.349,51.349,0.71,100.66,0.7,208.0,0.72,9.89,0.73,24.5,0.28,72.19,0.27,254.99,0.29,5.16,0.3,20.0,0.01,0.01,2329.317335,1776243650000
1776243652.086,52.086,0.72,315.5,0.71,69.5,0.73,3.63,0.75,36.2,0.27,17.6,0.26,35.7,0.28,30.5,0.29,55.5,0.01,0.01,2329.317335,1776243650000
1776243652.48,52.48,0.74,333.5,0.73,25.5,0.75,14.2,0.76,58.2,0.25,9.2,0.24,64.2,0.26,23.0,0.27,25.5,0.01,0.01,2329.316635,1776243651000
1776243653.333,53.333,0.74,326.57,0.73,25.5,0.75,14.2,0.76,58.2,0.25,14.2,0.24,58.2,0.26,326.57,0.27,25.5,0.01,0.01,2329.339665,1776243652000
1776243653.683,53.683,0.74,314.64,0.73,25.5,0.75,2.5,0.76,27.7,0.25,5.0,0.24,27.7,0.26,309.14,0.27,25.5,0.01,0.01,2329.339665,1776243652000
1776243654.233,54.233,0.74,314.64,0.73,25.5,0.75,2.5,0.76,27.7,0.25,2.5,0.24,27.7,0.26,314.64,0.27,25.5,0.01,0.01,2329.45824,1776243653000
1776243654.741,54.741,0.74,294.64,0.73,110.5,0.77,25.7,0.78,39.5,0.25,2.5,0.24,27.7,0.26,314.64,0.27,25.5,0.03,0.01,2329.45824,1776243653000
1776243655.075,55.075,0.76,140.0,0.75,30.5,0.78,39.08,0.79,73.7,0.23,26.24,0.22,39.5,0.24,140.0,0.25,30.5,0.02,0.01,2329.45824,1776243653000
1776243655.698,55.698,0.77,90.0,0.76,60.0,0.78,47.42,0.79,283.7,0.22,41.8,0.21,98.7,0.23,125.0,0.24,60.0,0.01,0.01,2329.609544,1776243654000
1776243656.047,56.047,0.77,87.6,0.76,60.0,0.78,224.5,0.79,109.2,0.22,38.93,0.21,283.7,0.23,85.0,0.24,60.0,0.01,0.01,2329.609544,1776243654000
1776243656.271,56.271,0.77,87.6,0.76,60.0,0.78,224.5,0.79,109.2,0.22,224.5,0.21,109.2,0.23,87.6,0.24,60.0,0.01,0.01,2329.590715,1776243655000
1776243656.651,56.651,0.77,77.94,0.76,60.0,0.78,214.0,0.79,109.2,0.22,224.5,0.21,109.2,0.23,87.6,0.24,60.0,0.01,0.01,2329.590715,1776243655000
1776243657.295,57.295,0.77,77.94,0.76,60.0,0.78,214.0,0.79,109.2,0.22,214.0,0.21,109.2,0.23,77.94,0.24,60.0,0.01,0.01,2329.73867,1776243656000
1776243657.671,57.671,0.77,78.59,0.76,60.0,0.78,219.0,0.79,109.2,0.22,214.0,0.21,109.2,0.23,77.94,0.24,60.0,0.01,0.01,2329.73867,1776243656000
1776243658.105,58.105,0.77,269.09,0.76,54.5,0.79,30.55,0.81,75.0,0.22,219.0,0.21,109.2,0.23,78.59,0.24,60.0,0.02,0.01,2329.73867,1776243656000
1776243658.353,58.353,0.78,30.5,0.77,215.5,0.81,71.38,0.82,22.5,0.19,71.38,0.18,22.5,0.22,30.5,0.23,215.5,0.03,0.03,2329.65051,1776243657000
1776243658.586,58.586,0.8,56.0,0.79,25.5,0.81,383.89,0.82,168.11,0.19,71.38,0.18,22.5,0.22,30.5,0.23,215.5,0.01,0.03,2329.65051,1776243657000
1776243659.283,59.283,0.8,68.0,0.79,30.5,0.81,274.85,0.82,32.61,0.19,265.85,0.18,43.11,0.2,41.0,0.21,25.5,0.01,0.01,2329.65051,1776243657000
1776243660.144,60.144,0.8,88.0,0.79,30.5,0.81,266.52,0.82,32.61,0.19,267.85,0.18,32.61,0.2,68.0,0.21,30.5,0.01,0.01,2329.64663,1776243658000
1776243660.429,60.429,0.8,108.5,0.79,30.5,0.81,80.44,0.82,41.61,0.19,266.52,0.18,32.61,0.2,88.0,0.21,30.5,0.01,0.01,2329.64663,1776243658000
1776243660.671,60.671,0.8,108.5,0.79,30.5,0.81,80.44,0.82,41.61,0.19,80.44,0.18,41.61,0.2,108.5,0.21,30.5,0.01,0.01,2329.89464,1776243659000
1776243661.276,61.276,0.8,138.5,0.79,210.5,0.81,64.2,0.82,36.0,0.19,64.2,0.18,36.0,0.2,138.5,0.21,210.5,0.01,0.01,2329.922724,1776243660000
1776243661.836,61.836,0.81,80.5,0.8,35.5,0.82,115.81,0.83,345.0,0.19,64.2,0.18,36.0,0.2,138.5,0.21,210.5,0.01,0.01,2329.922724,1776243660000
1776243662.292,62.292,0.81,80.5,0.8,35.5,0.82,33.91,0.83,245.94,0.18,31.81,0.17,245.94,0.19,80.5,0.2,35.5,0.01,0.01,2329.922724,1776243660000
1776243663.05,63.05,0.81,80.5,0.8,35.5,0.82,33.91,0.83,245.94,0.18,33.91,0.17,245.94,0.19,80.5,0.2,35.5,0.01,0.01,2329.995715,1776243662000
1776243664.198,64.198,0.81,80.5,0.8,35.5,0.82,33.91,0.83,245.94,0.18,33.91,0.17,245.94,0.19,80.5,0.2,35.5,0.01,0.01,2329.98165,1776243663000
1776243665.275,65.275,0.82,197.5,0.81,535.7,0.83,10.07,0.84,40.0,0.17,10.07,0.16,40.0,0.18,197.5,0.19,535.7,0.01,0.01,2330.026285,1776243664000
1776243666.106,66.106,0.84,17.0,0.83,25.5,0.85,23.31,0.86,28.0,0.17,10.07,0.16,40.0,0.18,197.5,0.19,535.7,0.01,0.01,2330.026285,1776243664000
1776243666.35,66.35,0.84,17.0,0.83,25.5,0.85,23.31,0.86,28.0,0.15,23.31,0.14,28.0,0.16,17.0,0.17,25.5,0.01,0.01,2330.181226,1776243665000
1776243666.587,66.587,0.84,181.5,0.83,25.5,0.85,17.31,0.86,28.0,0.15,23.31,0.14,28.0,0.16,17.0,0.17,25.5,0.01,0.01,2330.181226,1776243665000
1776243666.989,66.989,0.84,181.5,0.83,25.5,0.85,17.31,0.86,28.0,0.15,17.31,0.14,28.0,0.16,181.5,0.17,25.5,0.01,0.01,2330.239445,1776243666000
1776243667.862,67.862,0.84,191.5,0.83,25.5,0.85,15.31,0.86,28.0,0.15,17.31,0.14,28.0,0.16,181.5,0.17,25.5,0.01,0.01,2330.239445,1776243666000
1776243668.086,68.086,0.84,191.5,0.83,25.5,0.85,15.31,0.86,28.0,0.15,15.31,0.14,28.0,0.16,191.5,0.17,25.5,0.01,0.01,2330.382015,1776243667000
1776243669.204,69.204,0.84,191.5,0.83,25.5,0.85,15.31,0.86,28.0,0.15,15.31,0.14,28.0,0.16,191.5,0.17,25.5,0.01,0.01,2330.30616,1776243668000
1776243669.588,69.588,0.84,186.5,0.83,25.5,0.85,14.05,0.86,28.0,0.15,15.31,0.14,28.0,0.16,191.5,0.17,25.5,0.01,0.01,2330.30616,1776243668000
1776243670.04,70.04,0.84,186.5,0.83,25.5,0.85,6.05,0.86,28.0,0.15,14.05,0.14,28.0,0.16,186.5,0.17,25.5,0.01,0.01,2330.30616,1776243668000
1776243670.322,70.322,0.84,186.5,0.83,25.5,0.85,6.05,0.86,28.0,0.15,6.05,0.14,28.0,0.16,186.5,0.17,25.5,0.01,0.01,2330.391107,1776243669000
1776243671.43,71.43,0.84,175.5,0.83,25.5,0.85,0.16,0.86,33.0,0.15,0.16,0.14,33.0,0.16,175.5,0.17,25.5,0.01,0.01,2330.346282,1776243670000
1776243672.113,72.113,0.84,175.5,0.83,25.5,0.85,0.16,0.86,33.0,0.15,0.16,0.14,33.0,0.16,175.5,0.17,25.5,0.01,0.01,2330.328346,1776243671000
1776243672.498,72.498,0.84,30.5,0.83,45.5,0.86,335.41,0.87,133.5,0.15,0.16,0.14,33.0,0.16,175.5,0.17,25.5,0.02,0.01,2330.328346,1776243671000
1776243672.856,72.856,0.84,115.5,0.83,49.0,0.85,198.54,0.86,44.0,0.15,25.0,0.14,228.21,0.17,39.0,0.18,57.13,0.01,0.02,2330.328346,1776243671000
1776243673.204,73.204,0.84,115.5,0.83,49.0,0.85,198.54,0.86,44.0,0.15,198.54,0.14,44.0,0.16,115.5,0.17,49.0,0.01,0.01,2330.30597,1776243672000
1776243674.324,74.324,0.84,155.5,0.83,35.5,0.85,224.21,0.86,44.0,0.15,224.21,0.14,44.0,0.16,155.5,0.17,35.5,0.01,0.01,2330.305485,1776243673000
1776243674.565,74.565,0.84,95.5,0.83,35.5,0.85,53.21,0.86,41.2,0.15,224.21,0.14,44.0,0.16,155.5,0.17,35.5,0.01,0.01,2330.305485,1776243673000
1776243675.343,75.343,0.84,95.5,0.83,35.5,0.85,53.21,0.86,41.2,0.15,53.21,0.14,41.2,0.16,95.5,0.17,35.5,0.01,0.01,2330.269735,1776243674000
1776243675.856,75.856,0.84,95.5,0.83,35.5,0.85,53.21,0.86,41.2,0.15,53.21,0.14,41.2,0.16,95.5,0.17,35.5,0.01,0.01,2330.365447,1776243675000
1776243676.442,76.442,0.84,83.5,0.83,47.5,0.85,41.95,0.86,41.2,0.15,53.21,0.14,41.2,0.16,95.5,0.17,35.5,0.01,0.01,2330.365447,1776243675000
1776243677.093,77.093,0.84,83.5,0.83,47.5,0.85,41.95,0.86,41.2,0.15,41.95,0.14,41.2,0.16,83.5,0.17,47.5,0.01,0.01,2330.340527,1776243676000
1776243677.362,77.362,0.84,37.5,0.83,40.5,0.85,56.24,0.86,41.2,0.15,41.95,0.14,41.2,0.16,83.5,0.17,47.5,0.01,0.01,2330.340527,1776243676000
1776243678.236,78.236,0.81,219.89,0.8,10.0,0.83,90.5,0.84,325.75,0.15,56.24,0.14,41.2,0.16,37.5,0.17,40.5,0.02,0.01,2330.340527,1776243676000
1776243678.474,78.474,0.81,189.15,0.8,10.0,0.82,133.7,0.83,199.7,0.18,133.7,0.17,199.7,0.19,189.15,0.2,10.0,0.01,0.01,2330.286065,1776243677000
1776243678.945,78.945,0.81,176.29,0.8,10.0,0.82,82.5,0.83,116.5,0.18,133.7,0.17,199.7,0.19,189.15,0.2,10.0,0.01,0.01,2330.286065,1776243677000
1776243679.227,79.227,0.81,109.95,0.8,10.0,0.82,171.7,0.83,123.5,0.18,107.5,0.17,123.5,0.19,159.95,0.2,10.0,0.01,0.01,2330.274915,1776243678000
1776243680.2,80.2,0.8,10.0,0.79,30.0,0.82,171.7,0.83,123.5,0.18,171.7,0.17,123.5,0.2,10.0,0.21,30.0,0.02,0.02,2330.173317,1776243679000
1776243680.855,80.855,0.77,10.0,0.76,61.49,0.8,290.75,0.81,176.21,0.18,171.7,0.17,123.5,0.2,10.0,0.21,30.0,0.03,0.02,2330.173317,1776243679000
1776243681.24,81.24,0.77,10.0,0.76,61.49,0.8,290.75,0.81,176.21,0.2,290.75,0.19,176.21,0.23,10.0,0.24,61.49,0.03,0.03,2329.939865,1776243680000
1776243682.324,82.324,0.77,10.0,0.76,61.49,0.8,290.75,0.81,176.21,0.2,290.75,0.19,176.21,0.23,10.0,0.24,61.49,0.03,0.03,2329.981426,1776243681000
1776243683.538,83.538,0.77,10.0,0.76,61.49,0.8,290.75,0.81,176.21,0.2,290.75,0.19,176.21,0.23,10.0,0.24,61.49,0.03,0.03,2329.74557,1776243682000
1776243684.024,84.024,0.76,79.5,0.75,25.5,0.77,28.31,0.78,41.5,0.23,24.89,0.22,41.5,0.24,74.5,0.25,25.5,0.01,0.01,2329.74557,1776243682000
1776243685.264,85.264,0.76,79.5,0.75,25.5,0.77,28.31,0.78,41.5,0.23,28.31,0.22,41.5,0.24,79.5,0.25,25.5,0.01,0.01,2329.7056,1776243684000
1776243686.208,86.208,0.76,79.5,0.75,25.5,0.77,28.31,0.78,41.5,0.23,28.31,0.22,41.5,0.24,79.5,0.25,25.5,0.01,0.01,2329.691665,1776243685000
1776243686.818,86.818,0.78,137.5,0.77,244.5,0.79,26.38,0.8,32.69,0.21,27.9,0.2,37.69,0.22,110.5,0.23,244.5,0.01,0.01,2329.691665,1776243685000
1776243687.25,87.25,0.78,137.5,0.77,244.5,0.79,26.38,0.8,32.69,0.21,26.38,0.2,32.69,0.22,137.5,0.23,244.5,0.01,0.01,2329.766443,1776243686000
1776243688.232,88.232,0.78,137.5,0.77,244.5,0.79,26.38,0.8,32.69,0.21,26.38,0.2,32.69,0.22,137.5,0.23,244.5,0.01,0.01,2329.74135,1776243687000
1776243689.263,89.263,0.78,34.0,0.77,15.0,0.79,77.7,0.8,66.04,0.21,31.38,0.2,48.19,0.22,62.7,0.23,49.5,0.01,0.01,2329.74135,1776243687000
1776243689.739,89.739,0.78,34.0,0.77,15.0,0.79,77.7,0.8,66.04,0.21,77.7,0.2,66.04,0.22,34.0,0.23,15.0,0.01,0.01,2329.83738,1776243688000
1776243689.94,89.94,0.78,39.0,0.77,15.0,0.79,81.4,0.8,66.04,0.21,77.7,0.2,66.04,0.22,34.0,0.23,15.0,0.01,0.01,2329.83738,1776243688000
1776243690.344,90.344,0.78,39.0,0.77,25.5,0.79,75.13,0.8,66.04,0.21,75.13,0.2,66.04,0.22,39.0,0.23,25.5,0.01,0.01,2329.753166,1776243689000
1776243690.641,90.641,0.78,44.0,0.77,25.5,0.79,50.36,0.8,66.04,0.21,75.13,0.2,66.04,0.22,39.0,0.23,25.5,0.01,0.01,2329.753166,1776243689000
1776243691.371,91.371,0.78,44.0,0.77,25.5,0.79,50.36,0.8,66.04,0.21,50.36,0.2,66.04,0.22,44.0,0.23,25.5,0.01,0.01,2329.723591,1776243690000
1776243692.386,92.386,0.78,44.0,0.77,25.5,0.79,50.36,0.8,66.04,0.21,50.36,0.2,66.04,0.22,44.0,0.23,25.5,0.01,0.01,2329.62105,1776243691000
1776243692.879,92.879,0.78,44.0,0.77,25.5,0.79,50.36,0.8,66.04,0.21,50.36,0.2,66.04,0.22,44.0,0.23,25.5,0.01,0.01,2329.622965,1776243692000
1776243694.01,94.01,0.78,44.0,0.77,25.5,0.79,50.36,0.8,66.04,0.21,50.36,0.2,66.04,0.22,44.0,0.23,25.5,0.01,0.01,2329.698805,1776243693000
1776243695.067,95.067,0.78,44.0,0.77,25.5,0.79,50.36,0.8,66.04,0.21,50.36,0.2,66.04,0.22,44.0,0.23,25.5,0.01,0.01,2329.71573,1776243694000
1776243695.383,95.383,0.78,6.0,0.76,21.0,0.79,283.66,0.8,76.04,0.21,50.36,0.2,66.04,0.22,44.0,0.23,25.5,0.01,0.01,2329.71573,1776243694000
1776243696.005,96.005,0.78,6.0,0.76,21.0,0.79,283.66,0.8,76.04,0.21,283.66,0.2,76.04,0.22,6.0,0.24,21.0,0.01,0.01,2329.763425,1776243695000
1776243696.687,96.687,0.78,6.0,0.77,10.0,0.79,282.39,0.8,76.04,0.21,283.66,0.2,76.04,0.22,6.0,0.24,21.0,0.01,0.01,2329.763425,1776243695000
1776243697.083,97.083,0.78,6.0,0.77,10.0,0.79,282.39,0.8,76.04,0.21,282.39,0.2,76.04,0.22,6.0,0.23,10.0,0.01,0.01,2329.661955,1776243696000
1776243698.125,98.125,0.78,6.0,0.77,10.0,0.79,282.39,0.8,76.04,0.21,282.39,0.2,76.04,0.22,6.0,0.23,10.0,0.01,0.01,2329.755612,1776243697000
1776243698.325,98.325,0.78,321.49,0.77,42.46,0.82,8.55,0.83,80.0,0.18,8.55,0.17,80.0,0.22,321.49,0.23,42.46,0.04,0.04,2329.755612,1776243697000
1776243698.946,98.946,0.81,21.55,0.8,30.5,0.82,17.2,0.83,281.34,0.18,12.62,0.17,134.34,0.19,21.17,0.2,25.5,0.01,0.01,2329.755612,1776243697000
1776243699.207,99.207,0.81,21.55,0.8,20.0,0.82,15.2,0.83,281.34,0.18,17.2,0.17,281.34,0.19,21.55,0.2,30.5,0.01,0.01,2329.755612,1776243697000
1776243700.341,100.341,0.81,21.55,0.8,20.0,0.82,15.2,0.83,281.34,0.18,15.2,0.17,281.34,0.19,21.55,0.2,20.0,0.01,0.01,2329.860219,1776243699000
1776243701.084,101.084,0.82,172.5,0.81,224.05,0.83,51.73,0.84,31.25,0.18,15.2,0.17,281.34,0.19,21.55,0.2,20.0,0.01,0.01,2329.860219,1776243699000
1776243701.347,101.347,0.82,134.5,0.81,224.05,0.83,32.73,0.84,31.25,0.17,32.73,0.16,31.25,0.18,134.5,0.19,224.05,0.01,0.01,2329.808345,1776243700000
1776243701.613,101.613,0.83,65.0,0.82,35.5,0.84,22.56,0.85,80.0,0.17,32.73,0.16,31.25,0.18,134.5,0.19,224.05,0.01,0.01,2329.808345,1776243700000
1776243702.067,102.067,0.83,17.35,0.82,58.46,0.84,20.47,0.85,86.73,0.16,19.0,0.15,86.73,0.17,7.35,0.18,35.5,0.01,0.01,2329.808345,1776243700000
1776243703.078,103.078,0.82,25.0,0.81,33.05,0.85,308.97,0.86,42.5,0.16,20.47,0.15,86.73,0.17,17.35,0.18,58.46,0.03,0.01,2329.882105,1776243701000
1776243703.464,103.464,0.84,10.0,0.83,15.0,0.85,306.79,0.86,63.0,0.15,325.74,0.14,73.5,0.17,10.0,0.18,25.0,0.01,0.02,2329.882105,1776243701000
1776243703.924,103.924,0.84,10.0,0.83,15.0,0.85,306.79,0.86,63.0,0.15,306.79,0.14,63.0,0.16,10.0,0.17,15.0,0.01,0.01,2330.100936,1776243703000
1776243704.125,104.125,0.84,28.0,0.83,25.5,0.85,92.49,0.86,63.0,0.15,306.79,0.14,63.0,0.16,10.0,0.17,15.0,0.01,0.01,2330.100936,1776243703000
1776243704.421,104.421,0.83,16.5,0.82,30.5,0.85,93.53,0.86,243.0,0.15,88.53,0.14,63.0,0.16,35.0,0.17,25.5,0.02,0.01,2330.100936,1776243703000
1776243705.03,105.03,0.83,13.47,0.82,35.5,0.85,93.53,0.86,253.5,0.15,93.53,0.14,253.5,0.17,13.47,0.18,35.5,0.02,0.02,2329.9823,1776243704000
1776243705.785,105.785,0.84,110.5,0.83,215.5,0.85,65.26,0.86,46.0,0.15,93.53,0.14,253.5,0.17,13.47,0.18,35.5,0.01,0.02,2329.9823,1776243704000
1776243706.104,106.104,0.84,110.5,0.83,215.5,0.85,65.26,0.86,46.0,0.15,65.26,0.14,46.0,0.16,110.5,0.17,215.5,0.01,0.01,2329.99631,1776243705000
1776243707.227,107.227,0.84,110.5,0.83,215.5,0.85,65.26,0.86,46.0,0.15,65.26,0.14,46.0,0.16,110.5,0.17,215.5,0.01,0.01,2330.024928,1776243706000
1776243708.346,108.346,0.84,110.5,0.83,215.5,0.85,65.26,0.86,46.0,0.15,65.26,0.14,46.0,0.16,110.5,0.17,215.5,0.01,0.01,2330.02356,1776243707000
1776243708.957,108.957,0.84,110.5,0.83,215.5,0.85,65.26,0.86,46.0,0.15,65.26,0.14,46.0,0.16,110.5,0.17,215.5,0.01,0.01,2330.02998,1776243708000
1776243709.95,109.95,0.84,41.0,0.83,16.0,0.85,109.76,0.86,236.5,0.15,65.26,0.14,46.0,0.16,110.5,0.17,215.5,0.01,0.01,2330.02998,1776243708000
1776243710.328,110.328,0.83,10.0,0.82,21.5,0.85,109.76,0.86,86.4,0.15,109.76,0.14,236.5,0.16,41.0,0.17,16.0,0.02,0.01,2330.0428,1776243709000
1776243711.109,111.109,0.83,10.0,0.82,21.5,0.85,109.76,0.86,86.4,0.15,109.76,0.14,86.4,0.17,10.0,0.18,21.5,0.02,0.02,2330.058745,1776243710000
1776243712.354,112.354,0.83,10.0,0.82,21.5,0.85,109.76,0.86,86.4,0.15,109.76,0.14,86.4,0.17,10.0,0.18,21.5,0.02,0.02,2330.074574,1776243711000
1776243713.296,113.296,0.83,10.0,0.82,21.5,0.85,109.76,0.86,86.4,0.15,109.76,0.14,86.4,0.17,10.0,0.18,21.5,0.02,0.02,2329.96757,1776243712000
1776243713.87,113.87,0.83,10.0,0.82,21.5,0.85,109.76,0.86,86.4,0.15,109.76,0.14,86.4,0.17,10.0,0.18,21.5,0.02,0.02,2329.95901,1776243713000
1776243714.55,114.55,0.83,70.5,0.82,221.5,0.84,3.0,0.85,122.46,0.15,109.76,0.14,86.4,0.17,10.0,0.18,21.5,0.01,0.02,2329.95901,1776243713000
1776243714.966,114.966,0.83,70.5,0.82,221.5,0.84,3.0,0.85,122.46,0.16,3.0,0.15,122.46,0.17,70.5,0.18,221.5,0.01,0.01,2329.96412,1776243714000
1776243716.076,116.076,0.83,70.5,0.82,221.5,0.84,3.0,0.85,122.46,0.16,3.0,0.15,122.46,0.17,70.5,0.18,221.5,0.01,0.01,2329.96545,1776243715000
1776243716.374,116.374,0.83,2.0,0.82,10.0,0.84,267.2,0.85,132.96,0.16,3.0,0.15,122.46,0.17,70.5,0.18,221.5,0.01,0.01,2329.96545,1776243715000
1776243717.592,117.592,0.81,55.25,0.8,35.5,0.83,244.0,0.84,124.5,0.16,267.2,0.15,132.96,0.18,10.0,0.19,31.5,0.02,0.02,2329.96545,1776243715000
1776243717.901,117.901,0.81,55.25,0.8,35.5,0.83,244.0,0.84,124.5,0.17,244.0,0.16,124.5,0.19,55.25,0.2,35.5,0.02,0.02,2329.950102,1776243716000
1776243718.372,118.372,0.81,55.25,0.8,35.5,0.83,244.0,0.84,124.5,0.17,244.0,0.16,124.5,0.19,55.25,0.2,35.5,0.02,0.02,2329.928222,1776243717000
1776243718.961,118.961,0.81,5.59,0.8,35.5,0.82,25.0,0.83,255.7,0.17,244.0,0.16,124.5,0.19,55.25,0.2,35.5,0.01,0.02,2329.928222,1776243717000
1776243719.237,119.237,0.81,5.59,0.8,35.5,0.82,25.0,0.83,255.7,0.18,25.0,0.17,255.7,0.19,5.59,0.2,35.5,0.01,0.01,2329.88042,1776243718000
1776243719.879,119.879,0.79,11.0,0.78,38.5,0.8,71.2,0.81,263.7,0.18,25.0,0.17,255.7,0.19,5.59,0.2,35.5,0.01,0.01,2329.88042,1776243718000
1776243720.492,120.492,0.79,11.0,0.78,38.5,0.8,71.2,0.81,263.7,0.2,71.2,0.19,263.7,0.21,11.0,0.22,38.5,0.01,0.01,2329.828791,1776243719000
1776243721.087,121.087,0.79,11.0,0.78,38.5,0.8,71.2,0.81,263.7,0.2,71.2,0.19,263.7,0.21,11.0,0.22,38.5,0.01,0.01,2329.826931,1776243720000
1776243721.327,121.327,0.78,2.0,0.77,15.0,0.79,55.2,0.8,247.55,0.2,71.2,0.19,263.7,0.21,11.0,0.22,38.5,0.01,0.01,2329.826931,1776243720000
1776243721.978,121.978,0.77,10.0,0.76,36.5,0.79,283.3,0.8,59.0,0.21,55.2,0.2,247.55,0.22,2.0,0.23,15.0,0.02,0.01,2329.826931,1776243720000
1776243722.854,122.854,0.77,10.0,0.76,36.5,0.79,283.3,0.8,59.0,0.21,283.3,0.2,59.0,0.23,10.0,0.24,36.5,0.02,0.02,2329.765943,1776243721000
1776243723.1,123.1,0.77,20.63,0.76,30.5,0.78,26.0,0.79,299.5,0.21,283.3,0.2,59.0,0.23,10.0,0.24,36.5,0.01,0.02,2329.765943,1776243721000
1776243723.437,123.437,0.77,20.63,0.76,30.5,0.78,26.0,0.79,299.5,0.22,26.0,0.21,299.5,0.23,20.63,0.24,30.5,0.01,0.01,2329.65502,1776243722000
1776243724.309,124.309,0.77,20.63,0.76,30.5,0.78,26.0,0.79,299.5,0.22,26.0,0.21,299.5,0.23,20.63,0.24,30.5,0.01,0.01,2329.579812,1776243723000
1776243725.576,125.576,0.77,14.04,0.76,30.5,0.78,23.17,0.79,286.7,0.22,18.17,0.21,291.9,0.23,26.0,0.24,30.5,0.01,0.01,2329.579812,1776243723000
1776243726.415,126.415,0.77,14.04,0.76,30.5,0.78,23.17,0.79,286.7,0.22,23.17,0.21,286.7,0.23,14.04,0.24,30.5,0.01,0.01,2329.54174,1776243725000
1776243727.156,127.156,0.77,24.54,0.76,30.5,0.78,2.46,0.79,291.9,0.22,2.46,0.21,291.9,0.23,24.54,0.24,30.5,0.01,0.01,2329.531,1776243726000
1776243727.587,127.587,0.77,24.54,0.76,30.5,0.79,270.2,0.8,87.05,0.22,2.46,0.21,291.9,0.23,24.54,0.24,30.5,0.02,0.01,2329.531,1776243726000
1776243728.347,128.347,0.77,14.04,0.76,20.5,0.79,300.7,0.8,87.05,0.21,270.2,0.2,87.05,0.23,24.54,0.24,30.5,0.02,0.02,2329.531,1776243726000
1776243728.672,128.672,0.77,14.04,0.76,20.5,0.79,300.7,0.8,87.05,0.21,300.7,0.2,87.05,0.23,14.04,0.24,20.5,0.02,0.02,2329.514495,1776243727000
1776243729.39,129.39,0.77,14.04,0.76,20.5,0.79,300.7,0.8,87.05,0.21,300.7,0.2,87.05,0.23,14.04,0.24,20.5,0.02,0.02,2329.524512,1776243728000
1776243730.603,130.603,0.77,15.0,0.76,35.5,0.78,8.71,0.79,129.9,0.21,300.7,0.2,87.05,0.23,14.04,0.24,20.5,0.01,0.02,2329.524512,1776243728000
1776243730.832,130.832,0.77,15.0,0.76,35.5,0.78,8.71,0.79,129.9,0.22,8.71,0.21,129.9,0.23,15.0,0.24,35.5,0.01,0.01,2329.622877,1776243729000
1776243731.532,131.532,0.77,15.0,0.76,35.5,0.78,8.71,0.79,129.9,0.22,8.71,0.21,129.9,0.23,15.0,0.24,35.5,0.01,0.01,2329.500192,1776243730000
1776243732.042,132.042,0.71,12.27,0.7,31.43,0.77,122.5,0.78,63.5,0.22,8.71,0.21,129.9,0.23,15.0,0.24,35.5,0.06,0.01,2329.500192,1776243730000
1776243732.249,132.249,0.7,28.7,0.69,5.0,0.72,150.0,0.73,70.0,0.28,150.0,0.27,70.0,0.3,28.7,0.31,5.0,0.02,0.02,2329.496625,1776243731000
1776243732.457,132.457,0.7,33.7,0.68,48.23,0.71,38.5,0.72,201.5,0.28,150.0,0.27,70.0,0.3,28.7,0.31,5.0,0.01,0.02,2329.496625,1776243731000
1776243732.906,132.906,0.64,10.0,0.63,5.0,0.65,54.5,0.68,20.0,0.29,38.5,0.28,185.5,0.34,2.0,0.35,5.0,0.01,0.05,2329.496625,1776243731000
1776243733.148,133.148,0.64,18.01,0.63,5.0,0.65,89.5,0.66,80.0,0.35,54.5,0.32,20.0,0.36,10.0,0.37,5.0,0.01,0.01,2329.496625,1776243731000
1776243733.551,133.551,0.64,18.01,0.63,5.0,0.65,79.5,0.66,80.0,0.35,79.5,0.34,80.0,0.36,18.01,0.37,5.0,0.01,0.01,2329.495792,1776243732000
1776243733.766,133.766,0.63,5.0,0.62,5.0,0.65,129.5,0.66,335.0,0.35,79.5,0.34,80.0,0.36,18.01,0.37,5.0,0.02,0.01,2329.495792,1776243732000
1776243734.184,134.184,0.62,18.76,0.61,21.0,0.63,20.0,0.64,20.0,0.36,10.0,0.35,119.5,0.38,26.0,0.39,5.0,0.01,0.02,2329.495792,1776243732000
1776243734.564,134.564,0.62,23.76,0.61,21.0,0.63,23.41,0.64,20.0,0.37,37.0,0.36,20.0,0.38,18.76,0.39,21.0,0.01,0.01,2329.3308,1776243733000
1776243735.129,135.129,0.62,17.5,0.61,16.0,0.63,23.41,0.64,20.0,0.37,18.41,0.36,20.0,0.38,32.76,0.39,21.0,0.01,0.01,2329.3308,1776243733000
1776243736.065,136.065,0.62,13.43,0.61,16.0,0.63,23.41,0.64,25.0,0.37,23.41,0.36,25.0,0.38,13.43,0.39,16.0,0.01,0.01,2328.876203,1776243735000
1776243736.448,136.448,0.62,2.17,0.6,26.0,0.63,23.41,0.64,30.5,0.37,23.41,0.36,25.0,0.38,13.43,0.39,16.0,0.01,0.01,2328.876203,1776243735000
1776243736.808,136.808,0.6,20.6,0.59,190.5,0.61,47.0,0.62,35.5,0.37,23.41,0.36,30.5,0.38,2.17,0.4,26.0,0.01,0.01,2328.876203,1776243735000
1776243737.043,137.043,0.6,25.59,0.59,200.5,0.61,25.0,0.62,20.0,0.39,47.0,0.38,20.0,0.4,26.8,0.41,190.5,0.01,0.01,2328.876203,1776243735000
1776243737.287,137.287,0.6,25.59,0.59,200.5,0.61,25.0,0.62,20.0,0.39,25.0,0.38,20.0,0.4,25.59,0.41,200.5,0.01,0.01,2329.018663,1776243736000
1776243737.718,137.718,0.59,5.0,0.58,5.0,0.6,10.0,0.61,25.0,0.39,25.0,0.38,20.0,0.4,25.59,0.41,200.5,0.01,0.01,2329.018663,1776243736000
1776243737.956,137.956,0.49,5.01,0.44,13.88,0.53,38.0,0.56,10.0,0.47,8.0,0.44,15.0,0.51,13.8,0.53,30.0,0.04,0.04,2329.018663,1776243736000
1776243738.422,138.422,0.36,66.79,0.35,70.0,0.37,70.42,0.38,16.0,0.63,60.45,0.59,99.12,0.64,61.79,0.65,70.0,0.01,0.01,2329.018663,1776243736000
1776243738.632,138.632,0.36,71.79,0.35,76.0,0.37,63.48,0.38,16.0,0.63,69.48,0.62,16.0,0.64,72.79,0.65,70.0,0.01,0.01,2328.834031,1776243737000
1776243739.063,139.063,0.36,143.79,0.35,76.0,0.37,40.48,0.38,21.0,0.63,63.48,0.62,16.0,0.64,71.79,0.65,76.0,0.01,0.01,2328.834031,1776243737000
1776243739.416,139.416,0.36,349.29,0.35,76.0,0.4,10.0,0.41,146.12,0.61,10.0,0.6,10.0,0.64,143.79,0.65,76.0,0.04,0.03,2328.788195,1776243738000
1776243740.034,140.034,0.36,10.79,0.35,77.54,0.37,4.86,0.39,10.0,0.6,10.0,0.59,146.12,0.64,349.29,0.65,76.0,0.01,0.04,2328.788195,1776243738000
1776243740.292,140.292,0.35,180.0,0.33,5.0,0.37,24.86,0.39,70.0,0.63,19.86,0.61,80.0,0.65,10.12,0.66,8.0,0.02,0.02,2327.93693,1776243739000
1776243740.5,140.5,0.36,5.62,0.35,25.0,0.37,5.0,0.38,6.85,0.62,6.85,0.59,111.12,0.64,7.97,0.65,30.0,0.01,0.02,2327.93693,1776243739000
1776243740.786,140.786,0.33,5.0,0.32,5.0,0.37,5.0,0.38,6.85,0.64,44.38,0.63,5.0,0.69,30.76,0.7,30.0,0.04,0.05,2327.93693,1776243739000
1776243741.073,141.073,0.31,11.97,0.23,70.0,0.33,10.0,0.34,68.0,0.66,68.0,0.65,10.0,0.68,2.0,0.69,50.0,0.02,0.02,2327.93693,1776243739000
1776243741.328,141.328,0.23,70.0,0.21,321.7,0.27,4.8,0.28,10.0,0.73,4.8,0.72,10.0,0.77,70.0,0.79,321.7,0.04,0.04,2327.80431,1776243740000
1776243741.692,141.692,0.23,262.13,0.22,71.83,0.25,5.0,0.26,10.0,0.75,10.0,0.74,1.11,0.77,72.13,0.78,246.83,0.02,0.02,2327.80431,1776243740000
1776243741.898,141.898,0.23,266.44,0.22,66.83,0.24,10.0,0.25,10.0,0.69,20.87,0.68,26.35,0.77,257.13,0.78,71.83,0.01,0.08,2327.80431,1776243740000
1776243742.121,142.121,0.23,261.57,0.22,66.83,0.24,10.0,0.25,10.0,0.74,10.0,0.73,10.0,0.77,266.44,0.78,66.83,0.01,0.03,2327.80431,1776243740000
1776243742.374,142.374,0.23,272.07,0.22,76.83,0.25,3.6,0.26,10.0,0.75,3.6,0.74,10.0,0.77,266.57,0.78,66.83,0.02,0.02,2327.80431,1776243740000
1776243742.911,142.911,0.26,335.5,0.25,102.5,0.28,6.53,0.29,20.0,0.76,5.0,0.75,3.6,0.77,254.07,0.78,71.83,0.02,0.01,2327.62545,1776243741000
1776243743.386,143.386,0.28,120.5,0.27,375.5,0.29,7.84,0.3,15.0,0.71,2.84,0.7,10.0,0.74,392.94,0.75,102.5,0.01,0.03,2327.356957,1776243742000
1776243743.96,143.96,0.3,275.0,0.29,32.0,0.31,15.22,0.32,5.0,0.71,3.15,0.7,15.0,0.72,119.11,0.73,370.5,0.01,0.01,2327.356957,1776243742000
1776243744.212,144.212,0.3,269.84,0.29,32.0,0.32,10.0,0.33,14.69,0.68,10.0,0.67,14.69,0.7,269.84,0.71,32.0,0.02,0.02,2327.178306,1776243743000
1776243744.751,144.751,0.3,12.0,0.29,12.0,0.32,12.18,0.33,40.19,0.69,8.61,0.68,10.0,0.7,327.34,0.71,42.5,0.02,0.01,2327.178306,1776243743000
1776243745.008,145.008,0.29,6.7,0.26,60.5,0.3,47.64,0.31,35.5,0.68,12.18,0.67,40.19,0.7,12.0,0.71,12.0,0.01,0.02,2327.178306,1776243743000
1776243745.419,145.419,0.26,50.74,0.25,31.37,0.27,10.0,0.28,10.0,0.73,10.0,0.72,10.0,0.74,50.74,0.75,31.37,0.01,0.01,2327.29266,1776243744000
1776243745.723,145.723,0.26,8.82,0.23,75.0,0.27,5.92,0.28,20.0,0.73,10.92,0.72,10.0,0.74,62.0,0.76,11.0,0.01,0.01,2327.29266,1776243744000
1776243745.935,145.935,0.26,180.0,0.25,92.0,0.27,10.0,0.28,15.0,0.73,10.0,0.72,15.0,0.74,180.0,0.75,92.0,0.01,0.01,2327.36532,1776243745000
1776243746.562,146.562,0.27,10.26,0.26,302.0,0.32,2.18,0.33,4.69,0.73,10.92,0.72,10.0,0.74,260.0,0.75,47.0,0.05,0.01,2327.36532,1776243745000
1776243746.838,146.838,0.29,10.0,0.27,150.26,0.33,1.35,0.35,15.0,0.68,2.18,0.67,4.69,0.73,10.26,0.74,322.0,0.04,0.05,2327.36532,1776243745000
1776243747.108,147.108,0.3,22.01,0.29,180.0,0.35,18.41,0.36,10.0,0.65,18.41,0.64,10.0,0.7,22.01,0.71,180.0,0.05,0.05,2327.316934,1776243746000
1776243747.422,147.422,0.31,7.0,0.3,239.01,0.33,7.26,0.34,10.0,0.67,7.26,0.66,10.0,0.69,7.0,0.7,229.01,0.02,0.02,2327.316934,1776243746000
1776243747.658,147.658,0.31,7.0,0.3,229.01,0.32,6.56,0.33,7.26,0.67,7.26,0.66,10.0,0.69,7.0,0.7,239.01,0.01,0.02,2327.316934,1776243746000
1776243748.016,148.016,0.31,12.0,0.3,229.01,0.32,21.27,0.33,22.76,0.68,6.56,0.67,7.26,0.69,7.0,0.7,229.01,0.01,0.01,2327.316934,1776243746000
1776243748.318,148.318,0.31,17.5,0.3,239.51,0.32,8.12,0.33,22.76,0.68,8.12,0.67,22.76,0.69,17.5,0.7,239.51,0.01,0.01,2327.251806,1776243747000
1776243748.639,148.639,0.31,242.5,0.3,59.51,0.33,27.75,0.34,35.5,0.68,13.12,0.67,22.76,0.69,22.5,0.7,239.51,0.02,0.01,2327.251806,1776243747000
1776243748.889,148.889,0.32,12.0,0.31,42.0,0.33,39.82,0.34,25.5,0.67,8.16,0.66,25.5,0.68,7.0,0.69,42.0,0.01,0.01,2327.251806,1776243747000
1776243749.243,149.243,0.3,21.56,0.26,7.89,0.31,22.0,0.33,159.82,0.67,39.82,0.66,25.5,0.68,12.0,0.69,42.0,0.01,0.01,2327.305789,1776243748000
1776243749.757,149.757,0.16,82.88,0.15,28.2,0.17,15.0,0.18,30.02,0.73,123.52,0.71,12.0,0.78,2.24,0.84,70.0,0.01,0.05,2327.305789,1776243748000
1776243750.038,150.038,0.16,325.88,0.15,63.7,0.17,5.0,0.18,24.02,0.83,5.0,0.82,30.02,0.84,161.68,0.85,53.2,0.01,0.01,2327.305789,1776243748000
1776243750.402,150.402,0.16,327.23,0.15,63.7,0.17,9.11,0.18,10.0,0.82,10.0,0.81,15.28,0.84,332.23,0.85,63.7,0.01,0.02,2327.36644,1776243749000
1776243750.648,150.648,0.16,316.73,0.15,63.7,0.19,7.9,0.2,10.0,0.83,9.11,0.82,10.0,0.84,327.23,0.85,63.7,0.03,0.01,2327.36644,1776243749000
1776243751.189,151.189,0.16,428.03,0.15,92.7,0.17,10.0,0.18,10.0,0.81,7.9,0.8,10.0,0.84,316.73,0.85,63.7,0.01,0.03,2327.36644,1776243749000
1776243751.662,151.662,0.17,212.5,0.16,165.67,0.19,15.0,0.2,18.75,0.81,13.94,0.8,18.75,0.84,420.67,0.85,92.7,0.02,0.03,2326.893075,1776243750000
1776243751.936,151.936,0.19,47.5,0.18,227.5,0.2,25.16,0.21,41.0,0.81,15.0,0.8,18.75,0.83,212.5,0.84,165.67,0.01,0.02,2326.893075,1776243750000
1776243752.226,152.226,0.2,72.05,0.19,162.81,0.21,38.91,0.22,44.5,0.79,41.0,0.78,20.5,0.81,52.5,0.82,227.5,0.01,0.02,2326.680405,1776243751000
1776243753.162,153.162,0.2,118.05,0.19,212.31,0.21,61.61,0.22,43.5,0.79,38.91,0.78,44.5,0.8,72.05,0.81,162.81,0.01,0.01,2326.680405,1776243751000
1776243753.63,153.63,0.2,118.05,0.19,212.31,0.21,61.61,0.22,43.5,0.79,61.61,0.78,43.5,0.8,118.05,0.81,212.31,0.01,0.01,2326.589049,1776243752000
1776243753.908,153.908,0.19,41.61,0.18,32.0,0.21,103.61,0.22,223.5,0.79,103.61,0.78,223.5,0.8,0.05,0.81,42.31,0.02,0.01,2326.589049,1776243752000
1776243754.298,154.298,0.19,4.5,0.18,25.0,0.2,142.7,0.21,40.41,0.79,103.61,0.78,223.5,0.81,41.61,0.82,32.0,0.01,0.02,2326.718478,1776243753000
1776243754.696,154.696,0.18,5.0,0.17,5.94,0.19,1.42,0.2,61.0,0.8,127.7,0.79,40.41,0.82,25.0,0.83,35.5,0.01,0.02,2326.718478,1776243753000
1776243755.333,155.333,0.17,195.94,0.16,147.72,0.2,60.0,0.21,20.5,0.81,1.42,0.8,61.0,0.82,5.0,0.83,5.94,0.03,0.01,2326.718478,1776243753000
1776243755.695,155.695,0.18,18.0,0.17,195.94,0.19,16.46,0.2,70.0,0.8,60.0,0.79,20.5,0.83,205.94,0.84,147.72,0.01,0.03,2326.72105,1776243754000
1776243756.1,156.1,0.18,18.0,0.17,195.94,0.19,16.46,0.2,70.0,0.81,16.46,0.8,70.0,0.82,18.0,0.83,195.94,0.01,0.01,2326.5973,1776243755000
1776243756.513,156.513,0.18,25.58,0.17,219.44,0.19,40.0,0.2,155.76,0.81,40.0,0.8,70.5,0.82,33.0,0.83,219.44,0.01,0.01,2326.5973,1776243755000
1776243757.392,157.392,0.18,25.58,0.17,219.44,0.19,40.0,0.2,155.76,0.81,40.0,0.8,155.76,0.82,25.58,0.83,219.44,0.01,0.01,2326.57044,1776243756000
1776243758.067,158.067,0.18,25.58,0.17,219.44,0.19,65.43,0.2,150.76,0.81,65.43,0.8,150.76,0.82,25.58,0.83,219.44,0.01,0.01,2326.579182,1776243757000
1776243758.554,158.554,0.17,187.91,0.16,61.22,0.18,232.83,0.19,60.5,0.82,73.2,0.81,70.23,0.83,192.91,0.84,61.22,0.01,0.01,2326.579182,1776243757000
1776243759.064,159.064,0.17,212.91,0.16,136.72,0.19,34.0,0.2,71.0,0.82,232.83,0.81,60.5,0.83,187.91,0.84,61.22,0.02,0.01,2326.579182,1776243757000
1776243759.614,159.614,0.17,212.91,0.16,136.72,0.19,34.0,0.2,71.0,0.81,34.0,0.8,71.0,0.83,212.91,0.84,136.72,0.02,0.02,2326.592915,1776243758000
1776243760.067,160.067,0.17,158.89,0.16,152.72,0.19,92.52,0.2,44.5,0.81,34.0,0.8,71.0,0.83,212.91,0.84,136.72,0.02,0.02,2326.592915,1776243758000
1776243760.273,160.273,0.17,158.89,0.16,179.52,0.19,48.4,0.2,44.5,0.81,48.4,0.8,44.5,0.83,158.89,0.84,179.52,0.02,0.02,2326.583045,1776243759000
1776243760.81,160.81,0.17,165.9,0.16,179.52,0.18,184.61,0.19,54.21,0.82,184.61,0.81,43.21,0.83,173.05,0.84,179.52,0.01,0.01,2326.583045,1776243759000
1776243761.107,161.107,0.17,155.9,0.16,179.52,0.18,184.25,0.19,54.21,0.82,184.61,0.81,54.21,0.83,165.9,0.84,179.52,0.01,0.01,2326.56094,1776243760000
1776243761.579,161.579,0.14,225.71,0.13,111.8,0.16,9.64,0.17,70.0,0.82,173.25,0.81,54.21,0.83,155.9,0.84,179.52,0.02,0.01,2326.56094,1776243760000
1776243762.147,162.147,0.14,19.02,0.12,15.09,0.15,299.0,0.16,95.64,0.85,70.0,0.84,19.64,0.86,212.02,0.87,111.8,0.01,0.01,2326.56094,1776243760000
1776243762.398,162.398,0.12,7.72,0.11,10.0,0.14,15.0,0.15,280.0,0.85,299.0,0.84,95.64,0.88,13.33,0.89,10.0,0.02,0.03,2326.583605,1776243761000
1776243762.604,162.604,0.11,6.88,0.1,27.52,0.12,1.36,0.13,80.0,0.86,29.0,0.85,110.0,0.89,6.88,0.9,27.52,0.01,0.03,2326.583605,1776243761000
1776243762.902,162.902,0.1,21.62,0.09,10.0,0.11,25.0,0.12,12.36,0.88,121.36,0.87,117.0,0.9,26.62,0.91,10.0,0.01,0.02,2326.583605,1776243761000
1776243763.169,163.169,0.1,20.09,0.09,10.0,0.12,10.0,0.13,200.21,0.87,210.21,0.86,35.5,0.89,0.39,0.9,20.99,0.02,0.02,2326.583605,1776243761000
1776243763.406,163.406,0.09,1.2,0.08,10.0,0.1,11.0,0.11,15.0,0.89,15.0,0.88,25.5,0.91,10.0,0.92,10.0,0.01,0.02,2326.583605,1776243761000
1776243763.973,163.973,0.09,1.2,0.08,10.0,0.1,11.0,0.11,15.0,0.9,11.0,0.89,15.0,0.91,1.2,0.92,10.0,0.01,0.01,2326.04404,1776243763000
1776243764.342,164.342,0.06,6.2,0.05,111.0,0.09,300.64,0.1,11.0,0.91,120.64,0.9,11.0,0.92,14.2,0.93,57.0,0.03,0.01,2326.04404,1776243763000
1776243764.677,164.677,0.06,13.03,0.05,31.0,0.07,21.0,0.08,180.0,0.91,300.64,0.9,11.0,0.94,6.2,0.95,111.0,0.01,0.03,2326.04404,1776243763000
1776243765.159,165.159,0.06,1.85,0.05,51.2,0.07,319.95,0.08,390.0,0.93,11.14,0.92,180.0,0.94,1.85,0.95,51.2,0.01,0.01,2326.04404,1776243763000
1776243765.404,165.404,0.06,9.9,0.05,41.68,0.07,171.32,0.08,11.0,0.93,17.95,0.92,190.0,0.95,41.68,0.96,25.0,0.01,0.02,2326.04404,1776243763000
1776243765.711,165.711,0.06,9.9,0.05,41.68,0.07,171.32,0.08,11.0,0.93,171.32,0.92,11.0,0.94,9.9,0.95,41.68,0.01,0.01,2325.278955,1776243764000
1776243766.065,166.065,0.05,36.42,0.04,25.0,0.06,36.52,0.07,175.32,0.93,177.91,0.92,201.0,0.95,41.64,0.96,25.0,0.01,0.02,2325.278955,1776243764000
1776243766.608,166.608,0.05,29.19,0.04,118.8,0.06,61.52,0.07,350.32,0.94,56.52,0.93,170.32,0.95,37.29,0.96,25.0,0.01,0.01,2324.998911,1776243765000
1776243767.244,167.244,0.04,20.27,0.03,614.7,0.06,251.52,0.07,10.0,0.94,92.52,0.93,344.32,0.95,0.49,0.96,118.8,0.02,0.01,2324.998911,1776243765000
1776243768.365,168.365,0.04,20.27,0.03,614.7,0.06,251.52,0.07,10.0,0.94,251.52,0.93,10.0,0.96,20.27,0.97,614.7,0.02,0.02,2324.79325,1776243767000
1776243769.002,169.002,0.04,19.22,0.03,614.7,0.05,22.0,0.06,190.0,0.95,22.0,0.94,190.0,0.96,19.22,0.97,614.7,0.01,0.01,2324.619165,1776243768000
1776243769.574,169.574,0.04,13.22,0.03,614.7,0.05,159.85,0.06,196.0,0.95,22.0,0.94,190.0,0.96,19.22,0.97,614.7,0.01,0.01,2324.619165,1776243768000
1776243769.904,169.904,0.03,235.35,0.02,698.64,0.05,159.85,0.06,16.0,0.95,159.85,0.94,196.0,0.96,13.22,0.97,614.7,0.02,0.01,2324.619165,1776243768000
1776243770.353,170.353,0.03,449.01,0.02,698.64,0.04,68.17,0.05,119.85,0.96,79.0,0.95,159.85,0.97,235.35,0.98,698.64,0.01,0.01,2324.57775,1776243769000
1776243770.738,170.738,0.03,454.01,0.02,698.64,0.04,100.92,0.05,114.85,0.96,68.17,0.95,119.85,0.97,449.01,0.98,698.64,0.01,0.01,2324.57775,1776243769000
1776243771.074,171.074,0.03,669.01,0.02,468.7,0.04,0.92,0.05,107.85,0.96,100.92,0.95,114.85,0.97,454.01,0.98,698.64,0.01,0.01,2324.57775,1776243769000
1776243771.445,171.445,0.03,633.7,0.02,468.7,0.05,112.85,0.06,17.0,0.95,107.85,0.94,17.0,0.97,664.01,0.98,468.7,0.02,0.02,2324.54536,1776243770000
1776243771.763,171.763,0.04,163.95,0.03,453.7,0.05,152.85,0.06,22.0,0.95,112.85,0.94,17.0,0.97,633.7,0.98,468.7,0.01,0.02,2324.54536,1776243770000
1776243772.063,172.063,0.04,150.2,0.03,448.7,0.05,53.73,0.06,10.0,0.95,146.58,0.94,22.0,0.96,162.9,0.97,448.7,0.01,0.01,2324.54536,1776243770000
1776243772.324,172.324,0.05,15.0,0.04,252.0,0.07,122.57,0.08,118.0,0.94,10.0,0.92,118.0,0.96,447.2,0.97,233.7,0.02,0.02,2324.54536,1776243770000
1776243772.682,172.682,0.06,200.32,0.05,229.11,0.07,134.43,0.08,100.0,0.93,122.57,0.92,118.0,0.95,5.11,0.96,252.0,0.01,0.02,2324.527458,1776243771000
1776243772.888,172.888,0.06,193.54,0.05,229.11,0.07,134.43,0.08,100.0,0.93,134.43,0.92,100.0,0.94,193.54,0.95,229.11,0.01,0.01,2324.629349,1776243772000
1776243773.304,173.304,0.06,431.54,0.05,10.11,0.07,121.33,0.08,135.0,0.93,134.43,0.92,100.0,0.94,193.54,0.95,229.11,0.01,0.01,2324.629349,1776243772000
1776243773.711,173.711,0.06,426.54,0.05,85.91,0.07,17.33,0.08,100.0,0.93,121.33,0.92,135.0,0.94,431.54,0.95,10.11,0.01,0.01,2324.629349,1776243772000
1776243773.947,173.947,0.06,426.54,0.05,85.91,0.07,17.33,0.08,100.0,0.93,17.33,0.92,100.0,0.94,426.54,0.95,85.91,0.01,0.01,2324.86894,1776243773000
1776243775.045,175.045,0.06,476.54,0.05,90.91,0.07,0.61,0.08,100.0,0.93,0.61,0.92,100.0,0.94,476.54,0.95,90.91,0.01,0.01,2325.19357,1776243774000
1776243775.416,175.416,0.07,130.46,0.06,381.8,0.08,288.65,0.09,5.0,0.92,288.65,0.91,15.0,0.93,140.33,0.94,381.8,0.01,0.01,2325.19357,1776243774000
1776243775.771,175.771,0.07,273.46,0.06,148.8,0.08,113.96,0.14,34.9,0.92,288.65,0.91,5.0,0.93,130.46,0.94,381.8,0.01,0.01,2325.19357,1776243774000
1776243776.223,176.223,0.07,270.33,0.06,148.8,0.08,63.86,0.1,5.0,0.92,63.86,0.9,5.0,0.93,270.33,0.94,148.8,0.01,0.01,2325.356975,1776243775000
1776243776.529,176.529,0.13,133.66,0.12,10.0,0.14,58.9,0.15,15.5,0.86,34.9,0.85,20.0,0.87,58.64,0.93,282.47,0.01,0.01,2325.356975,1776243775000
1776243776.957,176.957,0.13,100.87,0.12,10.0,0.14,64.4,0.15,15.5,0.86,53.9,0.85,15.5,0.87,103.66,0.88,10.0,0.01,0.01,2325.356975,1776243775000
1776243777.397,177.397,0.13,84.48,0.12,190.0,0.14,177.39,0.15,5.0,0.86,64.4,0.85,15.5,0.87,90.75,0.88,10.0,0.01,0.01,2325.356975,1776243775000
1776243777.939,177.939,0.13,83.21,0.12,190.0,0.14,152.5,0.15,5.0,0.86,177.39,0.85,5.0,0.87,84.48,0.88,190.0,0.01,0.01,2325.533704,1776243776000
1776243778.32,178.32,0.13,93.94,0.12,215.0,0.14,152.5,0.15,25.5,0.86,152.5,0.85,5.0,0.87,62.08,0.88,190.0,0.01,0.01,2325.897305,1776243777000
1776243779.21,179.21,0.13,93.94,0.12,215.0,0.14,152.5,0.15,25.5,0.86,152.5,0.85,25.5,0.87,93.94,0.88,215.0,0.01,0.01,2326.13968,1776243778000
1776243779.518,179.518,0.13,389.74,0.12,97.6,0.15,5.0,0.17,214.52,0.86,131.5,0.84,18.5,0.87,368.44,0.88,79.6,0.02,0.01,2326.13968,1776243778000
1776243780.223,180.223,0.15,74.29,0.14,75.4,0.16,123.85,0.17,24.02,0.85,2.0,0.83,214.52,0.87,389.74,0.88,97.6,0.01,0.02,2326.13968,1776243778000
1776243780.49,180.49,0.15,44.49,0.14,75.4,0.16,128.85,0.17,204.02,0.84,123.85,0.83,24.02,0.85,74.29,0.86,75.4,0.01,0.01,2326.097165,1776243779000
1776243781.167,181.167,0.15,41.83,0.14,75.4,0.16,150.14,0.17,24.02,0.84,128.85,0.83,204.02,0.85,44.49,0.86,75.4,0.01,0.01,2326.097165,1776243779000
1776243781.456,181.456,0.14,11.55,0.13,165.24,0.16,150.14,0.17,24.02,0.84,150.14,0.83,24.02,0.86,11.55,0.87,165.24,0.02,0.02,2326.186031,1776243780000
1776243781.72,181.72,0.15,19.5,0.14,20.5,0.16,136.14,0.17,8.0,0.84,131.14,0.83,8.0,0.85,20.5,0.86,20.5,0.01,0.01,2326.186031,1776243780000
1776243781.981,181.981,0.15,13.5,0.14,20.5,0.16,316.14,0.17,8.0,0.84,316.14,0.83,8.0,0.85,10.0,0.86,20.5,0.01,0.01,2326.20354,1776243781000
1776243782.503,182.503,0.14,100.33,0.13,111.24,0.16,136.14,0.17,198.0,0.84,316.14,0.83,8.0,0.85,10.0,0.86,20.5,0.02,0.01,2326.20354,1776243781000
1776243783.131,183.131,0.15,6.15,0.14,117.33,0.16,331.14,0.17,10.0,0.84,136.14,0.83,198.0,0.86,100.33,0.87,111.24,0.01,0.02,2326.20354,1776243781000
1776243783.646,183.646,0.14,103.62,0.13,68.94,0.15,20.33,0.16,331.14,0.84,338.14,0.83,10.0,0.86,103.62,0.87,58.94,0.01,0.02,2326.376385,1776243782000
1776243784.646,184.646,0.14,103.62,0.13,68.94,0.15,20.33,0.16,331.14,0.85,20.33,0.84,331.14,0.86,103.62,0.87,68.94,0.01,0.01,2326.34048,1776243783000
1776243785.373,185.373,0.13,77.1,0.12,200.5,0.15,30.33,0.16,111.85,0.85,25.33,0.84,136.14,0.86,8.51,0.87,68.94,0.02,0.01,2326.34048,1776243783000
1776243785.846,185.846,0.14,2.01,0.13,77.1,0.15,10.0,0.16,118.85,0.85,30.33,0.84,111.85,0.87,77.1,0.88,200.5,0.01,0.02,2326.288895,1776243784000
1776243786.056,186.056,0.15,42.0,0.14,12.51,0.16,80.72,0.17,10.5,0.84,94.89,0.83,10.5,0.85,10.0,0.86,2.01,0.01,0.01,2326.288895,1776243784000
1776243786.587,186.587,0.15,19.89,0.14,12.51,0.16,132.6,0.18,33.58,0.84,139.6,0.83,10.5,0.85,10.7,0.86,12.51,0.01,0.01,2326.263905,1776243785000
1776243786.797,186.797,0.15,9.0,0.14,12.51,0.16,132.6,0.17,10.5,0.84,132.6,0.82,33.58,0.85,19.89,0.86,12.51,0.01,0.01,2326.263905,1776243785000
1776243787.111,187.111,0.15,27.51,0.14,12.51,0.16,132.6,0.18,213.58,0.84,132.6,0.82,33.58,0.85,5.43,0.86,12.51,0.01,0.01,2326.263905,1776243785000
1776243787.616,187.616,0.15,15.0,0.14,27.51,0.16,19.0,0.18,6.08,0.84,12.0,0.82,203.08,0.85,2.33,0.86,17.51,0.01,0.01,2326.263905,1776243785000
1776243787.9,187.9,0.15,13.69,0.14,27.51,0.16,19.0,0.18,6.08,0.84,19.0,0.82,6.08,0.85,15.0,0.86,27.51,0.01,0.01,2326.26179,1776243786000
1776243788.522,188.522,0.15,59.18,0.14,97.51,0.16,24.0,0.18,6.08,0.84,24.0,0.82,6.08,0.85,59.18,0.86,97.51,0.01,0.01,2326.325295,1776243787000
1776243789.278,189.278,0.15,59.18,0.14,97.51,0.16,24.0,0.18,6.08,0.84,24.0,0.82,6.08,0.85,59.18,0.86,97.51,0.01,0.01,2326.459277,1776243788000
1776243790.573,190.573,0.15,197.6,0.14,97.51,0.16,24.0,0.17,98.31,0.84,24.0,0.83,98.31,0.85,197.6,0.86,97.51,0.01,0.01,2326.547635,1776243789000
1776243791.292,191.292,0.15,197.6,0.14,97.51,0.16,24.0,0.17,98.31,0.84,24.0,0.83,98.31,0.85,197.6,0.86,97.51,0.01,0.01,2326.55335,1776243790000
1776243791.558,191.558,0.15,17.73,0.14,342.51,0.16,24.0,0.17,98.31,0.84,24.0,0.83,98.31,0.85,206.3,0.86,162.51,0.01,0.01,2326.55335,1776243790000
1776243791.957,191.957,0.15,8.68,0.14,302.51,0.16,24.0,0.17,10.5,0.84,24.0,0.83,98.31,0.85,17.73,0.86,342.51,0.01,0.01,2326.55335,1776243790000
1776243792.278,192.278,0.14,53.0,0.13,31.8,0.15,121.5,0.16,58.51,0.84,11.75,0.83,10.5,0.86,290.0,0.87,89.1,0.01,0.02,2326.55335,1776243790000
1776243792.539,192.539,0.13,9.1,0.12,34.1,0.14,300.7,0.15,158.5,0.86,27.5,0.85,223.5,0.87,19.1,0.88,34.1,0.01,0.01,2326.55335,1776243790000
1776243792.912,192.912,0.12,22.16,0.08,7.85,0.13,37.5,0.14,248.7,0.86,245.7,0.85,158.5,0.88,32.16,0.92,7.85,0.01,0.02,2326.547895,1776243791000
1776243793.583,193.583,0.08,7.85,0.07,100.62,0.13,37.5,0.14,58.7,0.87,37.5,0.86,58.7,0.92,7.85,0.93,100.62,0.05,0.05,2326.568325,1776243792000
1776243793.807,193.807,0.08,15.0,0.07,93.0,0.1,8.0,0.11,20.0,0.87,37.5,0.86,58.7,0.92,7.85,0.93,100.62,0.02,0.05,2326.568325,1776243792000
1776243794.084,194.084,0.09,10.86,0.08,10.0,0.1,8.0,0.11,20.0,0.9,8.0,0.89,20.0,0.92,15.0,0.93,93.0,0.01,0.02,2326.568325,1776243792000
1776243794.301,194.301,0.09,10.86,0.08,10.0,0.1,8.0,0.11,20.0,0.9,8.0,0.89,20.0,0.91,10.86,0.92,10.0,0.01,0.01,2326.56325,1776243793000
1776243794.623,194.623,0.09,15.36,0.08,10.0,0.1,287.28,0.11,20.0,0.9,8.0,0.89,20.0,0.91,10.86,0.92,10.0,0.01,0.01,2326.56325,1776243793000
1776243795.114,195.114,0.09,13.18,0.08,10.0,0.1,297.78,0.11,20.0,0.9,297.78,0.89,20.0,0.91,13.18,0.92,10.0,0.01,0.01,2326.144085,1776243794000
1776243796.137,196.137,0.09,9.85,0.08,10.0,0.1,297.78,0.11,20.0,0.9,297.78,0.89,20.0,0.91,13.18,0.92,10.0,0.01,0.01,2326.144085,1776243794000
1776243796.781,196.781,0.06,10.0,0.05,270.91,0.1,203.5,0.11,20.0,0.9,203.5,0.89,20.0,0.94,10.0,0.95,270.91,0.04,0.04,2325.877,1776243795000
1776243797.638,197.638,0.06,10.0,0.05,270.91,0.1,203.5,0.11,20.0,0.9,203.5,0.89,20.0,0.94,10.0,0.95,270.91,0.04,0.04,2325.790415,1776243796000
1776243797.919,197.919,0.07,32.62,0.06,151.32,0.08,5.0,0.09,10.0,0.93,5.38,0.92,5.0,0.94,151.32,0.95,5.11,0.01,0.01,2325.790415,1776243796000
1776243798.39,198.39,0.09,6.67,0.08,10.0,0.1,185.0,0.11,6.26,0.91,3.0,0.9,180.0,0.93,32.62,0.94,151.32,0.01,0.02,2325.790415,1776243796000
1776243799.326,199.326,0.09,6.67,0.08,10.0,0.1,185.0,0.11,6.26,0.9,185.0,0.89,6.26,0.91,6.67,0.92,10.0,0.01,0.01,2325.750737,1776243798000
1776243799.802,199.802,0.08,9.32,0.07,47.62,0.1,78.13,0.11,10.5,0.9,185.0,0.89,6.26,0.91,6.67,0.92,10.0,0.02,0.01,2325.750737,1776243798000
1776243800.488,200.488,0.09,10.76,0.08,85.95,0.1,112.49,0.12,214.5,0.9,40.13,0.89,10.5,0.91,15.0,0.92,85.95,0.01,0.01,2325.750737,1776243798000
1776243800.719,200.719,0.09,8.56,0.08,189.32,0.1,112.49,0.12,223.5,0.9,112.49,0.88,214.5,0.91,10.76,0.92,85.95,0.01,0.01,2325.750737,1776243798000
1776243801.198,201.198,0.08,185.01,0.07,47.62,0.1,108.09,0.12,223.5,0.9,108.09,0.88,223.5,0.91,8.56,0.92,189.32,0.02,0.01,2325.971766,1776243799000
1776243801.578,201.578,0.08,239.72,0.07,47.62,0.1,113.09,0.12,223.5,0.9,113.09,0.88,223.5,0.92,239.72,0.93,47.62,0.02,0.02,2325.991412,1776243800000
1776243802.556,202.556,0.06,123.45,0.05,85.8,0.07,20.0,0.08,226.0,0.9,113.09,0.88,223.5,0.92,239.72,0.93,47.62,0.01,0.02,2325.991412,1776243800000
1776243802.952,202.952,0.07,80.82,0.06,76.82,0.08,10.6,0.09,231.5,0.93,20.0,0.92,226.0,0.94,123.45,0.95,85.8,0.01,0.01,2326.043505,1776243801000
1776243803.291,203.291,0.07,80.82,0.06,76.82,0.08,10.6,0.09,231.5,0.92,10.6,0.91,231.5,0.93,80.82,0.94,76.82,0.01,0.01,2326.06651,1776243802000
1776243804.164,204.164,0.07,80.82,0.06,76.82,0.08,10.6,0.09,231.5,0.92,10.6,0.91,231.5,0.93,80.82,0.94,76.82,0.01,0.01,2325.972442,1776243803000
1776243804.867,204.867,0.07,3.01,0.06,41.0,0.08,280.57,0.09,67.5,0.92,10.6,0.91,231.5,0.93,80.82,0.94,76.82,0.01,0.01,2325.972442,1776243803000
1776243805.172,205.172,0.07,3.01,0.06,41.0,0.08,280.57,0.09,67.5,0.92,280.57,0.91,67.5,0.93,3.01,0.94,41.0,0.01,0.01,2325.907612,1776243804000
1776243806.182,206.182,0.07,545.8,0.06,415.88,0.09,5.0,0.1,5.0,0.92,280.57,0.91,67.5,0.93,3.01,0.94,41.0,0.02,0.01,2325.907612,1776243804000
1776243806.407,206.407,0.08,44.0,0.07,512.8,0.11,14.12,0.12,55.5,0.91,5.0,0.9,5.0,0.93,545.8,0.94,415.88,0.03,0.02,2325.913806,1776243805000
1776243806.809,206.809,0.1,83.88,0.09,125.99,0.11,5.0,0.12,26.8,0.89,14.12,0.88,55.5,0.92,44.0,0.93,512.8,0.01,0.03,2325.913806,1776243805000
1776243807.234,207.234,0.1,83.88,0.09,125.99,0.11,5.0,0.12,26.8,0.89,5.0,0.88,26.8,0.9,83.88,0.91,125.99,0.01,0.01,2325.898124,1776243806000
1776243807.978,207.978,0.1,57.66,0.09,130.99,0.11,60.58,0.12,29.5,0.89,5.0,0.88,26.8,0.9,83.88,0.91,125.99,0.01,0.01,2325.898124,1776243806000
1776243808.238,208.238,0.1,52.1,0.09,130.99,0.11,81.08,0.12,29.5,0.89,81.08,0.88,29.5,0.9,52.1,0.91,130.99,0.01,0.01,2325.95996,1776243807000
1776243809.195,209.195,0.1,44.87,0.07,76.63,0.11,385.08,0.12,20.5,0.89,81.08,0.88,29.5,0.9,52.1,0.91,130.99,0.01,0.01,2325.95996,1776243807000
1776243810.075,210.075,0.05,11.36,0.04,271.63,0.06,5.0,0.08,23.0,0.93,10.0,0.92,20.0,0.95,2.42,0.96,104.8,0.01,0.02,2326.096655,1776243808000
1776243810.295,210.295,0.05,11.36,0.04,271.63,0.06,5.0,0.08,23.0,0.94,5.0,0.92,23.0,0.95,11.36,0.96,271.63,0.01,0.01,2326.09715,1776243809000
1776243810.72,210.72,0.05,86.36,0.04,195.0,0.06,2.0,0.08,10.0,0.94,5.0,0.92,23.0,0.95,11.36,0.96,271.63,0.01,0.01,2326.09715,1776243809000
1776243811.379,211.379,0.05,86.36,0.04,195.0,0.06,2.0,0.08,10.0,0.94,2.0,0.92,10.0,0.95,86.36,0.96,195.0,0.01,0.01,2326.037805,1776243810000
1776243812.316,212.316,0.05,86.36,0.04,195.0,0.06,2.0,0.08,10.0,0.94,2.0,0.92,10.0,0.95,86.36,0.96,195.0,0.01,0.01,2325.857785,1776243811000
1776243813.244,213.244,0.05,86.36,0.04,195.0,0.06,2.0,0.08,10.0,0.94,2.0,0.92,10.0,0.95,86.36,0.96,195.0,0.01,0.01,2325.894865,1776243812000
1776243814.194,214.194,0.05,86.36,0.04,195.0,0.06,2.0,0.08,10.0,0.94,2.0,0.92,10.0,0.95,86.36,0.96,195.0,0.01,0.01,2325.902105,1776243813000
1776243815.22,215.22,0.05,786.8,0.04,189.0,0.06,34.83,0.07,32.0,0.94,2.0,0.92,10.0,0.95,86.36,0.96,195.0,0.01,0.01,2325.902105,1776243813000
1776243815.748,215.748,0.05,166.86,0.04,85.0,0.06,34.83,0.07,32.0,0.94,34.83,0.93,32.0,0.95,166.86,0.96,85.0,0.01,0.01,2325.734035,1776243814000
1776243816.283,216.283,0.05,166.86,0.04,85.0,0.06,34.83,0.07,32.0,0.94,34.83,0.93,32.0,0.95,166.86,0.96,85.0,0.01,0.01,2325.662455,1776243815000
1776243817.293,217.293,0.05,20.2,0.04,236.16,0.06,41.19,0.07,32.0,0.94,34.83,0.93,32.0,0.95,166.86,0.96,85.0,0.01,0.01,2325.662455,1776243815000
1776243818.014,218.014,0.05,20.2,0.04,236.16,0.06,41.19,0.07,32.0,0.94,41.19,0.93,32.0,0.95,20.2,0.96,236.16,0.01,0.01,2325.702485,1776243817000
1776243819.094,219.094,0.05,20.2,0.04,236.16,0.06,41.19,0.07,32.0,0.94,41.19,0.93,32.0,0.95,20.2,0.96,236.16,0.01,0.01,2325.839303,1776243818000
1776243820.001,220.001,0.05,10.0,0.04,142.36,0.06,16.38,0.07,32.0,0.94,41.19,0.93,32.0,0.95,20.2,0.96,236.16,0.01,0.01,2325.839303,1776243818000
1776243820.248,220.248,0.05,10.0,0.04,142.36,0.06,16.38,0.07,32.0,0.94,16.38,0.93,32.0,0.95,10.0,0.96,142.36,0.01,0.01,2325.728179,1776243819000
1776243821.32,221.32,0.05,10.0,0.04,142.36,0.06,16.38,0.07,32.0,0.94,16.38,0.93,32.0,0.95,10.0,0.96,142.36,0.01,0.01,2325.731599,1776243820000
1776243822.095,222.095,0.04,113.99,0.03,294.7,0.06,96.9,0.07,222.5,0.94,16.38,0.93,32.0,0.95,10.0,0.96,142.36,0.02,0.01,2325.731599,1776243820000
1776243822.381,222.381,0.04,127.99,0.03,294.7,0.05,10.0,0.06,96.9,0.95,10.0,0.94,96.9,0.96,127.99,0.97,294.7,0.01,0.01,2325.773416,1776243821000
1776243822.918,222.918,0.04,127.99,0.03,294.7,0.05,10.0,0.06,96.9,0.95,10.0,0.94,96.9,0.96,127.99,0.97,294.7,0.01,0.01,2325.773736,1776243822000
1776243823.47,223.47,0.03,21.0,0.02,458.7,0.05,264.0,0.06,107.5,0.95,10.0,0.94,96.9,0.96,127.99,0.97,294.7,0.02,0.01,2325.773736,1776243822000
1776243823.82,223.82,0.02,317.43,0.01,7231.6,0.04,15.0,0.05,259.0,0.96,15.0,0.95,259.0,0.97,44.18,0.98,337.0,0.02,0.01,2325.773736,1776243822000
1776243824.931,224.931,0.02,445.7,0.01,2741.6,0.03,206.48,0.04,15.0,0.96,15.0,0.95,259.0,0.98,317.43,0.99,7231.6,0.01,0.02,2325.7782,1776243823000
1776243825.611,225.611,0.02,352.14,0.01,2636.6,0.03,318.0,0.04,15.0,0.97,206.48,0.96,15.0,0.98,444.19,0.99,2741.6,0.01,0.01,2325.650975,1776243824000
1776243825.823,225.823,0.02,341.93,0.01,2636.6,0.03,328.0,0.04,15.0,0.97,318.0,0.96,15.0,0.98,352.14,0.99,2636.6,0.01,0.01,2325.650975,1776243824000
1776243826.349,226.349,0.02,341.93,0.01,2636.6,0.03,328.0,0.04,15.0,0.97,328.0,0.96,15.0,0.98,341.93,0.99,2636.6,0.01,0.01,2325.418615,1776243825000
1776243826.746,226.746,0.02,326.84,0.01,3107.6,0.03,143.0,0.04,195.0,0.97,328.0,0.96,15.0,0.98,341.93,0.99,2636.6,0.01,0.01,2325.418615,1776243825000
1776243827.176,227.176,0.02,311.84,0.01,3107.6,0.03,328.0,0.04,115.0,0.97,143.0,0.96,195.0,0.98,321.84,0.99,3107.6,0.01,0.01,2325.37513,1776243826000
1776243827.439,227.439,0.02,306.84,0.01,3107.6,0.03,323.0,0.04,115.0,0.97,328.0,0.96,115.0,0.98,311.84,0.99,3107.6,0.01,0.01,2325.37513,1776243826000
1776243827.794,227.794,0.02,258.2,0.01,2407.6,0.03,323.0,0.04,132.0,0.97,323.0,0.96,115.0,0.98,306.84,0.99,3107.6,0.01,0.01,2325.37513,1776243826000
1776243828.11,228.11,0.02,218.39,0.01,2407.6,0.03,405.0,0.04,132.0,0.97,323.0,0.96,132.0,0.98,220.44,0.99,2407.6,0.01,0.01,2325.227744,1776243827000
1776243828.318,228.318,0.02,141.39,0.01,2407.6,0.03,305.0,0.04,255.31,0.97,305.0,0.96,255.31,0.98,151.39,0.99,2407.6,0.01,0.01,2325.227744,1776243827000
1776243828.697,228.697,0.02,132.39,0.01,2407.6,0.03,798.0,0.04,255.31,0.97,305.0,0.96,255.31,0.98,141.39,0.99,2407.6,0.01,0.01,2325.227744,1776243827000
1776243828.98,228.98,0.02,127.26,0.01,2407.6,0.03,846.0,0.04,255.31,0.97,798.0,0.96,255.31,0.98,132.39,0.99,2407.6,0.01,0.01,2325.227744,1776243827000
1776243829.284,229.284,0.02,125.11,0.01,2407.6,0.03,749.0,0.04,255.31,0.97,846.0,0.96,255.31,0.98,127.26,0.99,2407.6,0.01,0.01,2325.33694,1776243828000
1776243829.638,229.638,0.02,75.11,0.01,2407.6,0.03,754.0,0.04,255.31,0.97,749.0,0.96,255.31,0.98,125.11,0.99,2407.6,0.01,0.01,2325.33694,1776243828000
1776243830.249,230.249,0.02,75.11,0.01,2407.6,0.03,754.0,0.04,255.31,0.97,754.0,0.96,255.31,0.98,75.11,0.99,2407.6,0.01,0.01,2325.384952,1776243829000
1776243831.911,231.911,0.02,75.11,0.01,2407.6,0.03,754.0,0.04,255.31,0.97,754.0,0.96,255.31,0.98,75.11,0.99,2407.6,0.01,0.01,2325.376607,1776243830000
1776243832.137,232.137,0.02,133.47,0.01,3443.59,0.03,469.31,0.04,410.7,0.97,754.0,0.96,255.31,0.98,75.11,0.99,2407.6,0.01,0.01,2325.376607,1776243830000
1776243832.5,232.5,0.02,133.47,0.01,3443.59,0.03,469.31,0.04,410.7,0.97,469.31,0.96,410.7,0.98,133.47,0.99,3443.59,0.01,0.01,2325.376647,1776243831000
1776243833.244,233.244,0.02,133.47,0.01,3443.59,0.03,469.31,0.04,410.7,0.97,469.31,0.96,410.7,0.98,133.47,0.99,3443.59,0.01,0.01,2325.222389,1776243832000
1776243834.116,234.116,0.02,151.36,0.01,2543.59,0.03,469.31,0.04,316.0,0.97,469.31,0.96,410.7,0.98,133.47,0.99,3443.59,0.01,0.01,2325.222389,1776243832000
1776243834.666,234.666,0.02,151.36,0.01,2543.59,0.03,469.31,0.04,316.0,0.97,469.31,0.96,316.0,0.98,151.36,0.99,2543.59,0.01,0.01,2325.30024,1776243833000
1776243835.487,235.487,0.02,64.36,0.01,2543.59,0.03,474.31,0.04,316.0,0.97,474.31,0.96,316.0,0.98,64.36,0.99,2543.59,0.01,0.01,2325.33814,1776243834000
1776243836.065,236.065,0.02,64.36,0.01,2543.59,0.03,474.31,0.04,316.0,0.97,474.31,0.96,316.0,0.98,64.36,0.99,2543.59,0.01,0.01,2325.493058,1776243835000
1776243836.316,236.316,0.02,110.38,0.01,2743.59,0.03,569.31,0.04,316.0,0.97,474.31,0.96,316.0,0.98,64.36,0.99,2543.59,0.01,0.01,2325.493058,1776243835000
1776243837.05,237.05,0.02,104.35,0.01,3043.59,0.03,569.31,0.04,316.0,0.97,569.31,0.96,316.0,0.98,110.38,0.99,2743.59,0.01,0.01,2325.493058,1776243835000
1776243837.317,237.317,0.02,1.72,0.01,2759.97,0.03,569.31,0.04,316.0,0.97,574.31,0.96,316.0,0.98,107.29,0.99,3143.59,0.01,0.01,2325.493058,1776243835000
1776243837.87,237.87,0.01,2758.95,,,0.02,140.0,0.03,759.31,0.97,569.31,0.96,316.0,0.98,1.72,0.99,2759.97,0.01,0.01,2325.45984,1776243836000
1776243838.141,238.141,0.01,2758.33,,,0.02,247.0,0.03,759.31,0.98,247.0,0.97,759.31,0.99,2758.33,,,0.01,0.01,2325.534946,1776243837000
1776243838.344,238.344,0.01,2742.31,,,0.02,245.97,0.03,759.31,0.98,245.97,0.97,759.31,0.99,2743.33,,,0.01,0.01,2325.534946,1776243837000
1776243838.698,238.698,0.01,2742.31,,,0.03,692.62,0.04,157.5,0.98,245.97,0.97,759.31,0.99,2742.31,,,0.02,0.01,2325.534946,1776243837000
1776243839.29,239.29,0.01,2742.31,,,0.03,692.62,0.04,157.5,0.97,692.62,0.96,157.5,0.99,2742.31,,,0.02,0.02,2325.45195,1776243838000
1776243840.162,240.162,0.01,1707.32,,,0.03,726.32,0.04,208.69,0.97,692.62,0.96,157.5,0.99,2742.31,,,0.02,0.02,2325.45195,1776243838000
1776243840.534,240.534,0.01,1657.33,,,0.02,10.0,0.03,732.32,0.97,726.32,0.96,208.69,0.99,1707.32,,,0.01,0.02,2325.45195,1776243838000
1776243840.816,240.816,0.01,1657.33,,,0.02,10.0,0.03,732.32,0.98,10.0,0.97,732.32,0.99,1657.33,,,0.01,0.01,2325.37929,1776243839000
1776243841.515,241.515,0.01,2392.83,,,0.03,407.62,0.04,313.7,0.97,407.62,0.96,313.7,0.99,2392.83,,,0.02,0.02,2325.357485,1776243840000
1776243841.931,241.931,0.02,435.04,0.01,2544.84,0.03,407.62,0.04,5.0,0.97,407.62,0.96,313.7,0.99,2392.83,,,0.01,0.02,2325.357485,1776243840000
1776243842.152,242.152,0.02,429.01,0.01,3044.84,0.03,133.62,0.04,5.0,0.97,133.62,0.96,5.0,0.98,435.04,0.99,2544.84,0.01,0.01,2325.31911,1776243841000
1776243842.444,242.444,0.02,713.83,0.01,2364.84,0.03,119.37,0.04,5.0,0.97,133.62,0.96,5.0,0.98,718.83,0.99,2364.84,0.01,0.01,2325.31911,1776243841000
1776243842.706,242.706,0.02,532.8,0.01,2944.84,0.03,114.37,0.04,5.0,0.97,119.37,0.96,5.0,0.98,713.83,0.99,2364.84,0.01,0.01,2325.31911,1776243841000
1776243843.347,243.347,0.02,480.43,0.01,2544.84,0.03,119.37,0.04,5.0,0.97,114.37,0.96,5.0,0.98,532.8,0.99,2944.84,0.01,0.01,2325.31911,1776243841000
1776243843.558,243.558,0.02,481.34,0.01,2544.84,0.03,114.37,0.04,5.0,0.97,119.37,0.96,5.0,0.98,480.43,0.99,2544.84,0.01,0.01,2325.514367,1776243842000
1776243844.058,244.058,0.02,457.99,0.01,2544.84,0.03,114.37,0.04,5.0,0.97,114.37,0.96,5.0,0.98,457.99,0.99,2544.84,0.01,0.01,2325.60604,1776243843000
1776243845.318,245.318,0.02,457.99,0.01,2544.84,0.03,114.37,0.04,5.0,0.97,114.37,0.96,5.0,0.98,457.99,0.99,2544.84,0.01,0.01,2325.944662,1776243844000
1776243845.949,245.949,0.02,113.65,0.01,2240.45,0.03,144.37,0.04,195.0,0.97,144.37,0.96,15.0,0.98,315.93,0.99,3134.84,0.01,0.01,2325.944662,1776243844000
1776243846.748,246.748,0.02,113.65,0.01,2240.45,0.03,144.37,0.04,195.0,0.97,144.37,0.96,195.0,0.98,113.65,0.99,2240.45,0.01,0.01,2325.98672,1776243845000
1776243847.559,247.559,0.02,113.65,0.01,2240.45,0.03,144.37,0.04,195.0,0.97,144.37,0.96,195.0,0.98,113.65,0.99,2240.45,0.01,0.01,2326.05673,1776243846000
1776243848.347,248.347,0.02,6.65,0.01,1360.24,0.03,502.32,0.04,118.7,0.97,144.37,0.96,195.0,0.98,113.65,0.99,2240.45,0.01,0.01,2326.05673,1776243846000
1776243848.567,248.567,0.01,1378.04,,,0.02,10.0,0.03,615.07,0.97,502.32,0.96,118.7,0.99,1310.14,,,0.01,0.02,2326.05673,1776243846000
1776243849.204,249.204,0.01,1378.04,,,0.02,10.0,0.03,615.07,0.98,10.0,0.97,615.07,0.99,1378.04,,,0.01,0.01,2325.829513,1776243848000
1776243849.565,249.565,0.01,1352.25,,,0.02,49.87,0.03,515.32,0.98,10.0,0.97,615.07,0.99,1378.04,,,0.01,0.01,2325.829513,1776243848000
1776243849.767,249.767,0.01,1354.14,,,0.02,49.87,0.03,515.32,0.98,49.87,0.97,515.32,0.99,1352.25,,,0.01,0.01,2325.829513,1776243848000
1776243850.148,250.148,0.01,1352.14,,,0.02,36.91,0.03,526.31,0.98,49.87,0.97,526.31,0.99,1352.14,,,0.01,0.01,2325.829513,1776243848000
1776243850.755,250.755,0.01,1341.93,,,0.02,15.0,0.03,526.31,0.98,36.91,0.97,526.31,0.99,1352.14,,,0.01,0.01,2325.477891,1776243849000
1776243851.176,251.176,0.01,1678.45,,,0.02,15.0,0.03,526.31,0.98,15.0,0.97,526.31,0.99,1341.93,,,0.01,0.01,2325.477891,1776243849000
1776243852.445,252.445,0.01,1678.45,,,0.02,15.0,0.03,526.31,0.98,15.0,0.97,526.31,0.99,1678.45,,,0.01,0.01,2325.563763,1776243851000
1776243852.98,252.98,0.01,1678.45,,,0.02,15.0,0.03,526.31,0.98,15.0,0.97,526.31,0.99,1678.45,,,0.01,0.01,2325.486365,1776243852000
1776243853.926,253.926,0.01,1193.57,,,0.02,15.0,0.03,540.32,0.98,15.0,0.97,525.32,0.99,1310.58,,,0.01,0.01,2325.486365,1776243852000
1776243854.484,254.484,0.01,1173.05,,,0.02,15.0,0.03,541.32,0.98,15.0,0.97,540.32,0.99,1193.57,,,0.01,0.01,2325.511145,1776243853000
1776243854.992,254.992,0.01,1176.53,,,0.02,20.01,0.03,561.32,0.98,15.0,0.97,541.32,0.99,1173.05,,,0.01,0.01,2325.511145,1776243853000
1776243855.268,255.268,0.01,1176.53,,,0.02,20.01,0.03,561.32,0.98,20.01,0.97,561.32,0.99,1176.53,,,0.01,0.01,2325.52116,1776243854000
1776243855.583,255.583,0.01,1170.51,,,0.02,20.01,0.03,561.32,0.98,20.01,0.97,561.32,0.99,1176.53,,,0.01,0.01,2325.52116,1776243854000
1776243856.322,256.322,0.01,1172.45,,,0.02,20.01,0.03,561.32,0.98,20.01,0.97,561.32,0.99,1172.45,,,0.01,0.01,2325.519075,1776243855000
1776243856.584,256.584,0.01,934.46,,,0.02,20.01,0.03,546.01,0.98,20.01,0.97,561.32,0.99,1172.45,,,0.01,0.01,2325.519075,1776243855000
1776243856.859,256.859,0.01,932.46,,,0.02,38.01,0.03,528.75,0.98,20.01,0.97,546.01,0.99,934.46,,,0.01,0.01,2325.519075,1776243855000
1776243857.13,257.13,0.01,931.44,,,0.02,472.96,0.03,373.76,0.98,38.01,0.97,528.75,0.99,932.46,,,0.01,0.01,2325.518915,1776243856000
1776243857.417,257.417,,,,,0.01,1598.56,0.02,640.06,0.98,539.96,0.97,338.76,0.99,926.44,,,,0.01,2325.518915,1776243856000
1776243857.92,257.92,,,,,0.01,1598.56,0.02,640.06,0.99,1598.56,0.98,640.06,,,,,,,2325.501775,1776243857000
1776243858.998,258.998,,,,,0.01,1598.56,0.02,640.06,0.99,1598.56,0.98,640.06,,,,,,,2325.46037,1776243858000
1776243859.39,259.39,,,,,0.01,404.04,0.02,213.81,0.99,1598.56,0.98,640.06,,,,,,,2325.46037,1776243858000
1776243859.989,259.989,,,,,0.01,383.0,0.02,213.81,0.99,383.0,0.98,213.81,,,,,,,2325.313809,1776243859000
1776243860.458,260.458,,,,,0.01,308.24,0.02,213.81,0.99,383.0,0.98,213.81,,,,,,,2325.313809,1776243859000
1776243860.71,260.71,,,,,0.01,212.35,0.02,213.81,0.99,288.24,0.98,213.81,,,,,,,2325.313809,1776243859000
1776243861.008,261.008,,,,,0.01,209.69,0.02,213.81,0.99,212.35,0.98,213.81,,,,,,,2325.313809,1776243859000
1776243861.296,261.296,,,,,0.01,179.69,0.02,213.81,0.99,209.69,0.98,213.81,,,,,,,2325.427669,1776243860000
1776243861.586,261.586,,,,,0.01,188.16,0.02,213.81,0.99,179.69,0.98,213.81,,,,,,,2325.427669,1776243860000
1776243862.485,262.485,,,,,0.01,188.16,0.02,213.81,0.99,188.16,0.98,213.81,,,,,,,2325.831632,1776243861000
1776243862.964,262.964,,,,,0.01,188.16,0.02,213.81,0.99,188.16,0.98,213.81,,,,,,,2325.883125,1776243862000
1776243864.0,264.0,,,,,0.01,188.16,0.02,213.81,0.99,188.16,0.98,213.81,,,,,,,2326.072657,1776243863000
1776243865.129,265.129,,,,,0.01,188.16,0.02,213.81,0.99,188.16,0.98,213.81,,,,,,,2326.04353,1776243864000
1776243866.031,266.031,,,,,0.01,188.16,0.02,213.81,0.99,188.16,0.98,213.81,,,,,,,2325.943795,1776243865000
1776243866.936,266.936,,,,,0.01,188.16,0.02,213.81,0.99,188.16,0.98,213.81,,,,,,,2325.927425,1776243866000
1776243867.993,267.993,,,,,0.01,188.16,0.02,213.81,0.99,188.16,0.98,213.81,,,,,,,2325.8072,1776243867000
1776243869.073,269.073,,,,,0.01,188.16,0.02,213.81,0.99,188.16,0.98,213.81,,,,,,,2325.763969,1776243868000
1776243870.16,270.16,,,,,0.01,188.16,0.02,213.81,0.99,188.16,0.98,213.81,,,,,,,2325.695705,1776243869000
1776243871.164,271.164,,,,,0.01,188.16,0.02,213.81,0.99,188.16,0.98,213.81,,,,,,,2325.761305,1776243870000
1776243872.184,272.184,,,,,0.01,188.16,0.02,213.81,0.99,188.16,0.98,213.81,,,,,,,2325.60084,1776243871000
1776243873.255,273.255,,,,,0.01,188.16,0.02,213.81,0.99,188.16,0.98,213.81,,,,,,,2325.671559,1776243872000
1776243874.191,274.191,,,,,0.01,188.16,0.02,213.81,0.99,188.16,0.98,213.81,,,,,,,2325.57497,1776243873000
1776243875.842,275.842,,,,,0.01,188.16,0.02,213.81,0.99,188.16,0.98,213.81,,,,,,,2325.5104,1776243874000
1776243876.399,276.399,,,,,0.01,188.16,0.02,213.81,0.99,188.16,0.98,213.81,,,,,,,2325.440048,1776243875000
1776243876.873,276.873,,,,,0.01,188.16,0.02,213.81,0.99,188.16,0.98,213.81,,,,,,,2325.34297,1776243876000
1776243877.902,277.902,,,,,0.01,188.16,0.02,213.81,0.99,188.16,0.98,213.81,,,,,,,2325.212155,1776243877000
1776243879.037,279.037,,,,,0.01,188.16,0.02,213.81,0.99,188.16,0.98,213.81,,,,,,,2325.436123,1776243878000
1776243880.068,280.068,,,,,0.01,188.16,0.02,213.81,0.99,188.16,0.98,213.81,,,,,,,2325.647613,1776243879000
1776243881.063,281.063,,,,,0.01,188.16,0.02,213.81,0.99,188.16,0.98,213.81,,,,,,,2325.79065,1776243880000
1776243881.332,281.332,,,,,0.01,606.22,0.02,233.25,0.99,188.16,0.98,213.81,,,,,,,2325.79065,1776243880000
1776243882.072,282.072,,,,,0.01,606.22,0.02,233.25,0.99,606.22,0.98,233.25,,,,,,,2325.83388,1776243881000
1776243883.084,283.084,,,,,0.01,606.22,0.02,233.25,0.99,606.22,0.98,233.25,,,,,,,2325.902138,1776243882000
1776243884.151,284.151,,,,,0.01,606.22,0.02,233.25,0.99,606.22,0.98,233.25,,,,,,,2325.924194,1776243883000
1776243885.189,285.189,,,,,0.01,606.22,0.02,233.25,0.99,606.22,0.98,233.25,,,,,,,2325.836795,1776243884000
1776243886.288,286.288,,,,,0.01,606.22,0.02,233.25,0.99,606.22,0.98,233.25,,,,,,,2325.82538,1776243885000
1776243887.37,287.37,,,,,0.01,606.22,0.02,233.25,0.99,606.22,0.98,233.25,,,,,,,2325.740431,1776243886000
1776243888.358,288.358,,,,,0.01,606.22,0.02,233.25,0.99,606.22,0.98,233.25,,,,,,,2325.67351,1776243887000
1776243889.402,289.402,,,,,0.01,606.22,0.02,233.25,0.99,606.22,0.98,233.25,,,,,,,2325.67351,1776243888000
1776243889.934,289.934,,,,,0.01,7631.6,0.02,401.26,0.99,7631.6,0.98,401.26,,,,,,,2325.720054,1776243889000
1776243890.466,290.466,,,,,0.01,7633.31,0.02,401.26,0.99,7631.6,0.98,401.26,,,,,,,2325.720054,1776243889000
1776243891.019,291.019,,,,,0.01,7633.31,0.02,401.26,0.99,7633.31,0.98,401.26,,,,,,,2325.688217,1776243890000
1776243892.028,292.028,,,,,0.01,7633.31,0.02,401.26,0.99,7633.31,0.98,401.26,,,,,,,2325.62729,1776243891000
1776243893.132,293.132,,,,,0.01,7633.31,0.02,401.26,0.99,7633.31,0.98,401.26,,,,,,,2325.506925,1776243892000
1776243894.087,294.087,,,,,0.01,7633.31,0.02,401.26,0.99,7633.31,0.98,401.26,,,,,,,2325.49598,1776243893000
1776243895.065,295.065,,,,,0.01,7633.31,0.02,401.26,0.99,7633.31,0.98,401.26,,,,,,,2325.524275,1776243894000
1776243896.17,296.17,,,,,0.01,7633.31,0.02,401.26,0.99,7633.31,0.98,401.26,,,,,,,2325.554615,1776243895000
1776243897.31,297.31,,,,,0.01,7633.31,0.02,401.26,0.99,7633.31,0.98,401.26,,,,,,,2325.54034,1776243896000
1776243898.256,298.256,,,,,0.01,7633.31,0.02,401.26,0.99,7633.31,0.98,401.26,,,,,,,2325.62245,1776243897000
1776243899.183,299.183,,,,,0.01,7633.31,0.02,401.26,0.99,7633.31,0.98,401.26,,,,,,,2325.540585,1776243898000
1776243900.217,300.217,,,,,0.01,7633.31,0.02,401.26,0.99,7633.31,0.98,401.26,,,,,,,2325.5411,1776243899000
1776243901.28,301.28,,,,,0.01,7633.31,0.02,401.26,0.99,7633.31,0.98,401.26,,,,,,,2325.596079,1776243900000
1776243902.852,302.852,,,,,0.01,7633.31,0.02,401.26,0.99,7633.31,0.98,401.26,,,,,,,2325.366616,1776243901000
