timestamp,elapsed_sec,up_bid_p1,up_bid_s1,up_bid_p2,up_bid_s2,up_ask_p1,up_ask_s1,up_ask_p2,up_ask_s2,down_bid_p1,down_bid_s1,down_bid_p2,down_bid_s2,down_ask_p1,down_ask_s1,down_ask_p2,down_ask_s2,up_spread,down_spread,eth_price,eth_oracle_ts
1776331500.63,0.63,0.45,75.0,0.44,140.0,0.47,12.15,0.48,23.79,0.53,12.15,0.52,23.79,0.55,70.0,0.56,140.0,0.02,0.02,2347.271942,1776331499000
1776331500.976,0.976,0.45,75.0,0.44,140.0,0.47,12.15,0.48,23.79,0.53,12.15,0.52,23.79,0.55,75.0,0.56,140.0,0.02,0.02,2347.360101,1776331500000
1776331501.431,1.431,0.55,5.0,0.54,16.0,0.56,75.5,0.57,145.0,0.44,70.0,0.43,140.0,0.48,22.08,0.54,124.0,0.01,0.04,2347.360101,1776331500000
1776331501.68,1.68,0.54,15.34,0.53,17.0,0.56,75.5,0.57,145.0,0.44,75.5,0.43,145.0,0.45,5.0,0.46,16.0,0.02,0.01,2347.360101,1776331500000
1776331502.317,2.317,0.54,8.96,0.53,17.0,0.56,80.5,0.57,145.0,0.44,80.5,0.43,145.0,0.46,8.96,0.47,17.0,0.02,0.02,2347.36445,1776331501000
1776331502.765,2.765,0.52,18.0,0.51,12.14,0.56,80.5,0.57,145.0,0.44,80.5,0.43,145.0,0.49,0.14,0.5,75.0,0.04,0.05,2347.36445,1776331501000
1776331503.344,3.344,0.51,5.0,0.5,10.0,0.53,15.0,0.54,15.0,0.44,80.5,0.43,145.0,0.48,18.0,0.49,12.14,0.02,0.04,2347.36445,1776331501000
1776331503.808,3.808,0.5,10.0,0.49,10.0,0.52,44.0,0.53,80.0,0.47,15.0,0.46,15.0,0.49,5.0,0.5,10.0,0.02,0.02,2347.521125,1776331502000
1776331504.067,4.067,0.5,10.0,0.49,10.0,0.52,44.0,0.53,80.0,0.48,44.0,0.47,80.0,0.5,10.0,0.51,10.0,0.02,0.02,2347.612995,1776331503000
1776331504.909,4.909,0.5,10.0,0.49,10.0,0.51,16.82,0.52,22.0,0.48,44.0,0.47,80.0,0.5,10.0,0.51,10.0,0.01,0.02,2347.612995,1776331503000
1776331505.271,5.271,0.5,10.0,0.49,10.0,0.51,16.82,0.52,22.0,0.49,16.82,0.48,22.0,0.5,10.0,0.51,10.0,0.01,0.01,2347.55865,1776331504000
1776331506.073,6.073,0.5,5.0,0.49,10.0,0.51,11.0,0.52,22.0,0.49,16.82,0.48,22.0,0.5,10.0,0.51,10.0,0.01,0.01,2347.55865,1776331504000
1776331506.477,6.477,0.5,5.0,0.49,10.0,0.51,11.0,0.52,22.0,0.49,11.0,0.48,22.0,0.5,5.0,0.51,10.0,0.01,0.01,2347.3704,1776331505000
1776331506.82,6.82,0.5,14.8,0.49,15.0,0.52,27.5,0.53,38.0,0.48,32.5,0.47,33.0,0.51,15.0,0.52,20.0,0.02,0.03,2347.3704,1776331505000
1776331507.058,7.058,0.5,14.8,0.49,15.0,0.52,27.5,0.53,38.0,0.48,27.5,0.47,38.0,0.5,14.8,0.51,15.0,0.02,0.02,2347.501443,1776331506000
1776331507.377,7.377,0.5,6.8,0.49,10.0,0.51,33.0,0.52,25.5,0.48,27.5,0.47,38.0,0.5,14.8,0.51,15.0,0.01,0.02,2347.501443,1776331506000
1776331507.787,7.787,0.5,6.8,0.49,10.0,0.51,36.03,0.52,20.0,0.49,33.0,0.48,25.5,0.5,6.8,0.51,10.0,0.01,0.01,2347.501443,1776331506000
1776331508.235,8.235,0.5,6.8,0.49,10.0,0.51,36.03,0.52,20.0,0.49,36.03,0.48,20.0,0.5,6.8,0.51,10.0,0.01,0.01,2347.504068,1776331507000
1776331508.674,8.674,0.49,11.86,0.48,20.0,0.51,37.03,0.52,20.0,0.49,36.03,0.48,20.0,0.5,6.8,0.51,10.0,0.02,0.01,2347.504068,1776331507000
1776331509.22,9.22,0.49,11.86,0.48,20.0,0.51,32.03,0.52,20.0,0.49,32.03,0.48,20.0,0.51,11.86,0.52,20.0,0.02,0.02,2347.505073,1776331508000
1776331509.83,9.83,0.5,11.56,0.49,11.86,0.51,44.03,0.54,18.0,0.49,32.03,0.48,20.0,0.51,11.86,0.52,20.0,0.01,0.02,2347.505073,1776331508000
1776331510.077,10.077,0.5,113.76,0.49,23.86,0.56,85.0,0.57,160.0,0.49,44.03,0.46,18.0,0.5,11.56,0.51,11.86,0.06,0.01,2347.505073,1776331508000
1776331510.503,10.503,0.55,10.0,0.54,20.0,0.57,160.0,0.58,85.0,0.44,85.0,0.43,160.0,0.5,113.76,0.51,23.86,0.02,0.06,2347.326924,1776331509000
1776331510.983,10.983,0.56,79.2,0.55,30.0,0.6,10.0,0.61,10.0,0.43,160.0,0.42,85.0,0.45,10.0,0.46,20.0,0.04,0.02,2347.326924,1776331509000
1776331511.544,11.544,0.58,27.61,0.57,15.0,0.6,9.66,0.61,10.0,0.41,10.0,0.4,10.0,0.42,17.11,0.43,15.0,0.02,0.01,2347.343305,1776331510000
1776331511.906,11.906,0.58,11.41,0.57,15.0,0.59,10.0,0.6,19.66,0.4,9.66,0.39,10.0,0.42,22.61,0.43,15.0,0.01,0.02,2347.343305,1776331510000
1776331513.239,13.239,0.58,5.0,0.57,27.5,0.59,5.5,0.6,91.56,0.4,4.92,0.39,15.0,0.42,6.41,0.43,20.0,0.01,0.02,2347.460655,1776331511000
1776331513.693,13.693,0.58,10.0,0.57,37.5,0.6,86.64,0.61,25.5,0.41,5.5,0.4,91.56,0.42,5.0,0.43,27.5,0.02,0.01,2347.887044,1776331512000
1776331514.047,14.047,0.58,45.5,0.57,25.5,0.6,97.14,0.61,25.5,0.4,86.64,0.39,25.5,0.42,10.0,0.43,37.5,0.02,0.02,2347.801972,1776331513000
1776331516.118,16.118,0.59,70.5,0.58,45.5,0.6,81.64,0.61,25.5,0.4,97.14,0.39,25.5,0.42,45.5,0.43,25.5,0.01,0.02,2347.72311,1776331515000
1776331517.34,17.34,0.6,50.5,0.59,75.5,0.61,2.91,0.62,108.5,0.4,81.64,0.39,25.5,0.41,70.5,0.42,45.5,0.01,0.01,2347.800784,1776331516000
1776331517.656,17.656,0.6,45.5,0.59,70.5,0.62,106.88,0.63,118.5,0.38,108.5,0.37,118.5,0.4,45.5,0.41,75.5,0.02,0.02,2347.800784,1776331516000
1776331518.19,18.19,0.59,60.62,0.58,45.5,0.62,119.88,0.63,118.5,0.38,106.88,0.37,118.5,0.4,45.5,0.41,70.5,0.03,0.02,2347.703535,1776331517000
1776331518.486,18.486,0.6,7.25,0.59,57.12,0.61,101.08,0.62,20.55,0.38,10.55,0.37,118.5,0.41,60.62,0.42,45.5,0.01,0.03,2347.703535,1776331517000
1776331518.869,18.869,0.59,47.43,0.58,40.5,0.6,5.0,0.61,94.08,0.39,101.08,0.38,20.55,0.4,7.25,0.41,57.12,0.01,0.01,2347.703535,1776331517000
1776331519.81,19.81,0.59,36.62,0.58,40.5,0.6,22.0,0.61,99.58,0.4,17.0,0.39,94.08,0.41,46.62,0.42,40.5,0.01,0.01,2347.72431,1776331518000
1776331520.22,20.22,0.59,58.12,0.58,40.5,0.6,15.0,0.61,79.08,0.4,22.0,0.39,99.58,0.41,36.62,0.42,40.5,0.01,0.01,2347.828277,1776331519000
1776331521.004,21.004,0.6,5.67,0.59,42.12,0.61,75.71,0.62,47.59,0.39,70.71,0.38,39.59,0.41,47.12,0.42,40.5,0.01,0.02,2347.803573,1776331520000
1776331521.87,21.87,0.6,2.92,0.59,42.12,0.61,75.71,0.62,50.04,0.39,75.71,0.38,47.59,0.4,5.67,0.41,42.12,0.01,0.01,2347.803573,1776331520000
1776331522.13,22.13,0.6,0.42,0.59,42.12,0.62,48.8,0.63,118.5,0.38,48.8,0.37,118.5,0.4,7.92,0.41,42.12,0.02,0.02,2347.803573,1776331520000
1776331522.383,22.383,0.6,5.92,0.59,47.12,0.62,122.83,0.63,118.5,0.38,48.8,0.37,118.5,0.4,0.42,0.41,42.12,0.02,0.02,2347.803573,1776331520000
1776331522.763,22.763,0.6,10.92,0.59,47.12,0.61,13.14,0.62,133.33,0.39,13.14,0.38,122.83,0.4,15.92,0.41,47.12,0.01,0.01,2347.73329,1776331521000
1776331522.993,22.993,0.6,27.3,0.59,47.12,0.61,13.14,0.62,30.8,0.39,13.14,0.38,133.33,0.4,10.92,0.41,47.12,0.01,0.01,2347.73329,1776331521000
1776331523.374,23.374,0.61,20.5,0.6,39.7,0.63,110.46,0.64,191.26,0.37,110.46,0.36,115.0,0.39,20.5,0.4,39.7,0.02,0.02,2347.74329,1776331522000
1776331523.74,23.74,0.62,6.63,0.61,20.5,0.63,92.46,0.64,191.26,0.37,110.46,0.36,191.26,0.39,20.5,0.4,39.7,0.01,0.02,2347.74329,1776331522000
1776331524.319,24.319,0.62,47.13,0.61,20.5,0.64,154.02,0.65,42.0,0.36,191.26,0.35,42.0,0.38,6.63,0.39,25.5,0.02,0.02,2347.75981,1776331523000
1776331524.923,24.923,0.63,71.0,0.62,42.13,0.64,86.52,0.65,47.5,0.36,133.02,0.35,42.0,0.38,47.13,0.39,20.5,0.01,0.02,2347.75981,1776331523000
1776331525.13,25.13,0.63,50.0,0.62,42.13,0.64,86.52,0.65,47.5,0.36,86.52,0.35,47.5,0.37,71.0,0.38,42.13,0.01,0.01,2347.75981,1776331523000
1776331525.941,25.941,0.63,40.27,0.62,47.13,0.64,110.45,0.65,47.5,0.36,86.52,0.35,47.5,0.37,46.27,0.38,42.13,0.01,0.01,2347.807335,1776331524000
1776331526.903,26.903,0.63,65.77,0.62,42.13,0.64,7.12,0.65,8.0,0.36,110.45,0.35,47.5,0.37,40.27,0.38,47.13,0.01,0.01,2347.892996,1776331525000
1776331527.208,27.208,0.64,21.0,0.63,29.0,0.66,20.5,0.67,100.5,0.36,7.12,0.35,8.0,0.37,65.77,0.38,42.13,0.02,0.01,2347.892996,1776331525000
1776331527.955,27.955,0.64,37.72,0.63,31.33,0.65,20.0,0.66,5.0,0.34,12.51,0.33,100.5,0.36,10.0,0.37,15.83,0.01,0.02,2347.909635,1776331526000
1776331528.224,28.224,0.64,47.72,0.63,26.33,0.65,20.0,0.66,5.0,0.35,20.0,0.34,5.0,0.36,37.72,0.37,31.33,0.01,0.01,2347.909635,1776331526000
1776331529.969,29.969,0.65,40.0,0.64,42.72,0.67,100.2,0.68,30.5,0.34,5.0,0.33,105.0,0.36,47.72,0.37,26.33,0.02,0.02,2347.967405,1776331529000
1776331530.633,30.633,0.66,100.5,0.65,50.5,0.68,20.0,0.69,10.0,0.33,100.2,0.32,30.5,0.35,40.0,0.36,42.72,0.02,0.02,2347.967405,1776331529000
1776331531.375,31.375,0.68,100.5,0.67,60.5,0.69,3.4,0.7,48.93,0.32,14.16,0.31,26.0,0.33,69.5,0.34,60.5,0.01,0.01,2348.142171,1776331530000
1776331531.762,31.762,0.69,21.24,0.68,65.5,0.7,48.93,0.71,80.5,0.3,48.93,0.29,80.5,0.31,21.41,0.32,65.5,0.01,0.01,2348.142171,1776331530000
1776331533.819,33.819,0.71,84.5,0.7,54.49,0.74,92.17,0.75,15.5,0.3,48.93,0.29,80.5,0.31,21.24,0.32,65.5,0.03,0.01,2348.144718,1776331532000
1776331539.182,39.182,0.73,79.38,0.72,30.5,0.74,7.0,0.75,35.0,0.26,82.17,0.25,15.5,0.27,47.88,0.28,20.0,0.01,0.01,2348.29455,1776331537000
1776331541.111,41.111,0.75,85.0,0.74,50.5,0.76,62.0,0.77,31.5,0.26,7.0,0.25,35.0,0.27,79.38,0.28,30.5,0.01,0.01,2348.38555,1776331540000
1776331541.374,41.374,0.75,23.47,0.74,50.5,0.76,62.0,0.77,25.5,0.24,62.0,0.23,31.5,0.25,85.0,0.26,50.5,0.01,0.01,2348.38555,1776331540000
1776331541.612,41.612,0.75,23.47,0.74,50.5,0.76,59.4,0.77,25.5,0.24,62.0,0.23,25.5,0.25,23.47,0.26,50.5,0.01,0.01,2348.38555,1776331540000
1776331542.334,42.334,0.74,34.03,0.73,65.38,0.76,79.4,0.77,30.5,0.24,59.4,0.23,25.5,0.25,23.47,0.26,50.5,0.02,0.01,2348.41267,1776331541000
1776331543.398,43.398,0.74,48.03,0.73,65.38,0.75,30.0,0.76,72.9,0.24,79.4,0.23,30.5,0.26,34.03,0.27,65.38,0.01,0.02,2348.45468,1776331542000
1776331544.422,44.422,0.74,49.18,0.73,65.38,0.75,35.0,0.76,62.4,0.25,30.0,0.24,72.9,0.26,48.03,0.27,65.38,0.01,0.01,2348.546248,1776331543000
1776331545.418,45.418,0.74,34.18,0.73,65.38,0.75,38.86,0.76,72.9,0.25,35.0,0.24,62.4,0.26,49.18,0.27,65.38,0.01,0.01,2348.546248,1776331543000
1776331545.931,45.931,0.74,19.0,0.73,6.0,0.75,108.9,0.76,100.9,0.25,38.86,0.24,72.9,0.26,34.18,0.27,65.38,0.01,0.01,2348.4132,1776331544000
1776331550.149,50.149,0.69,20.5,0.68,25.5,0.71,146.0,0.72,42.5,0.28,20.0,0.27,15.0,0.3,7.66,0.31,46.49,0.02,0.02,2348.34882,1776331548000
1776331550.384,50.384,0.68,30.29,0.67,15.0,0.7,17.72,0.71,151.5,0.3,11.0,0.29,146.0,0.32,25.29,0.33,15.0,0.02,0.02,2348.34882,1776331548000
1776331550.883,50.883,0.69,15.17,0.68,25.29,0.7,9.72,0.71,151.5,0.3,17.72,0.29,151.5,0.32,30.29,0.33,15.0,0.01,0.02,2348.407075,1776331549000
1776331551.161,51.161,0.69,5.0,0.68,14.79,0.7,29.93,0.71,151.5,0.3,3.43,0.29,151.5,0.31,15.17,0.32,25.29,0.01,0.01,2348.285125,1776331550000
1776331551.925,51.925,0.68,14.79,0.67,25.5,0.69,18.36,0.7,30.93,0.3,29.93,0.29,151.5,0.31,5.0,0.32,14.79,0.01,0.01,2348.285125,1776331550000
1776331553.047,53.047,0.64,25.5,0.63,20.83,0.67,79.5,0.68,58.5,0.31,18.36,0.3,30.93,0.32,14.79,0.33,25.5,0.03,0.01,2348.18654,1776331551000
1776331555.682,55.682,0.65,25.5,0.64,25.5,0.66,9.0,0.67,27.5,0.33,74.5,0.32,58.5,0.36,25.5,0.37,20.83,0.01,0.03,2348.080536,1776331554000
1776331559.823,59.823,0.65,20.0,0.64,25.5,0.67,24.5,0.68,58.0,0.34,9.0,0.33,27.5,0.35,25.5,0.36,25.5,0.02,0.01,2348.100849,1776331558000
1776331560.452,60.452,0.65,5.0,0.63,10.83,0.66,128.34,0.67,66.8,0.33,24.5,0.32,58.0,0.35,20.0,0.36,25.5,0.01,0.02,2348.024285,1776331559000
1776331560.765,60.765,0.61,5.16,0.6,20.0,0.62,18.0,0.63,28.5,0.34,171.34,0.33,75.8,0.4,20.0,0.41,15.0,0.01,0.06,2348.024285,1776331559000
1776331561.202,61.202,0.6,15.73,0.59,15.0,0.62,49.0,0.63,33.5,0.38,18.0,0.37,28.5,0.39,5.16,0.4,20.0,0.02,0.01,2348.024285,1776331559000
1776331561.674,61.674,0.6,3.65,0.59,25.5,0.62,60.5,0.63,33.5,0.38,49.0,0.37,33.5,0.4,15.73,0.41,15.0,0.02,0.02,2348.02254,1776331560000
1776331561.892,61.892,0.59,25.5,0.58,25.5,0.61,6.6,0.62,40.5,0.38,40.5,0.37,33.5,0.41,25.5,0.42,25.5,0.02,0.03,2348.02254,1776331560000
1776331562.984,62.984,0.6,25.5,0.59,35.5,0.62,23.82,0.63,38.5,0.39,6.6,0.38,40.5,0.41,25.5,0.42,25.5,0.02,0.02,2348.118887,1776331561000
1776331564.667,64.667,0.58,20.5,0.57,15.0,0.59,28.0,0.6,28.0,0.38,23.82,0.37,38.5,0.4,25.5,0.41,35.5,0.01,0.02,2347.792474,1776331563000
1776331565.77,65.77,0.58,10.0,0.57,30.5,0.59,52.0,0.6,33.5,0.41,28.0,0.4,28.0,0.42,20.5,0.43,15.0,0.01,0.01,2347.945035,1776331564000
1776331566.904,66.904,0.56,15.5,0.54,36.5,0.58,18.67,0.59,62.0,0.41,52.0,0.4,33.5,0.5,71.12,0.51,121.86,0.02,0.09,2347.754075,1776331565000
1776331569.938,69.938,0.55,5.0,0.54,43.25,0.56,9.0,0.57,17.0,0.43,34.0,0.42,18.67,0.44,10.95,0.46,36.5,0.01,0.01,2347.774355,1776331568000
1776331570.921,70.921,0.55,45.5,0.54,43.25,0.56,4.0,0.58,18.67,0.44,9.0,0.43,17.0,0.45,5.0,0.46,43.25,0.01,0.01,2347.656955,1776331569000
1776331571.976,71.976,0.55,68.27,0.54,45.25,0.56,4.0,0.58,18.67,0.44,4.0,0.42,18.67,0.45,45.5,0.46,43.25,0.01,0.01,2347.617219,1776331570000
1776331572.87,72.87,0.55,80.02,0.54,48.25,0.6,20.0,0.61,20.0,0.44,4.0,0.42,18.67,0.45,68.27,0.46,45.25,0.05,0.01,2347.62322,1776331571000
1776331573.895,73.895,0.59,10.0,0.58,30.5,0.6,10.0,0.61,35.5,0.4,20.0,0.39,20.0,0.45,80.02,0.46,48.25,0.01,0.05,2347.735494,1776331572000
1776331575.218,75.218,0.59,47.56,0.58,41.5,0.6,15.0,0.61,35.5,0.4,5.0,0.39,35.5,0.41,15.0,0.42,30.5,0.01,0.01,2347.643651,1776331573000
1776331575.985,75.985,0.58,5.0,0.57,5.0,0.6,83.49,0.61,86.74,0.4,15.0,0.39,35.5,0.41,47.56,0.42,41.5,0.02,0.01,2347.714164,1776331574000
1776331576.97,76.97,0.57,5.0,0.56,5.0,0.58,23.27,0.59,62.49,0.41,62.49,0.4,57.74,0.43,5.0,0.45,5.0,0.01,0.02,2347.67725,1776331575000
1776331578.741,78.741,0.57,0.41,0.56,5.0,0.58,28.27,0.59,57.49,0.42,23.27,0.41,62.49,0.43,5.0,0.44,5.0,0.01,0.01,2347.68391,1776331577000
1776331581.547,81.547,0.56,25.5,0.55,30.5,0.57,61.12,0.58,28.27,0.42,28.27,0.41,57.49,0.43,0.41,0.44,5.0,0.01,0.01,2347.606933,1776331580000
1776331582.48,82.48,0.56,5.0,0.55,5.0,0.57,91.62,0.58,28.77,0.43,61.12,0.42,28.27,0.44,25.5,0.45,30.5,0.01,0.01,2347.609435,1776331581000
1776331583.516,83.516,0.53,11.0,0.52,11.37,0.54,11.0,0.55,26.0,0.46,10.0,0.45,16.0,0.48,0.87,0.49,10.0,0.01,0.02,2347.619415,1776331582000
1776331584.08,84.08,0.52,11.37,0.51,15.0,0.54,16.0,0.55,26.0,0.46,11.0,0.45,26.0,0.47,11.0,0.48,11.37,0.02,0.01,2347.619415,1776331582000
1776331585.867,85.867,0.52,17.62,0.51,20.0,0.53,16.0,0.54,16.0,0.46,16.0,0.45,26.0,0.48,11.37,0.49,15.0,0.01,0.02,2347.58872,1776331584000
1776331587.023,87.023,0.5,2.22,0.49,20.5,0.51,26.0,0.52,83.74,0.43,43.69,0.42,28.77,0.48,11.0,0.49,30.5,0.01,0.05,2347.50933,1776331585000
1776331587.637,87.637,0.49,28.53,0.48,10.0,0.5,16.0,0.51,26.0,0.49,26.0,0.48,83.74,0.51,20.5,0.52,20.0,0.01,0.02,2347.508405,1776331586000
1776331588.678,88.678,0.47,15.5,0.46,26.5,0.5,92.74,0.51,49.5,0.5,16.0,0.49,26.0,0.51,28.53,0.52,10.0,0.03,0.01,2347.635333,1776331587000
1776331589.141,89.141,0.46,36.5,0.45,20.0,0.47,1.0,0.48,16.0,0.5,92.74,0.49,49.5,0.54,26.5,0.55,20.0,0.01,0.04,2347.635333,1776331587000
1776331590.415,90.415,0.51,22.95,0.5,70.5,0.52,5.0,0.53,15.0,0.53,1.0,0.52,16.0,0.54,36.5,0.55,20.0,0.01,0.01,2347.534222,1776331589000
1776331591.723,91.723,0.51,22.95,0.5,60.5,0.53,15.0,0.54,32.5,0.48,5.0,0.47,15.0,0.49,22.95,0.5,70.5,0.02,0.01,2347.352255,1776331590000
1776331592.625,92.625,0.51,21.39,0.5,65.5,0.53,20.0,0.54,32.5,0.47,15.0,0.46,32.5,0.49,22.95,0.5,60.5,0.02,0.02,2347.433,1776331591000
1776331593.968,93.968,0.52,10.0,0.51,21.39,0.53,28.61,0.54,32.5,0.47,20.0,0.46,32.5,0.49,21.39,0.5,65.5,0.01,0.02,2347.485989,1776331592000
1776331595.086,95.086,0.51,6.39,0.5,10.0,0.53,28.61,0.54,38.74,0.47,28.61,0.46,32.5,0.48,10.0,0.49,21.39,0.02,0.01,2347.40404,1776331593000
1776331595.623,95.623,0.44,76.8,0.43,95.5,0.47,10.0,0.48,25.5,0.48,20.5,0.47,28.61,0.54,29.35,0.55,20.0,0.03,0.06,2347.414265,1776331594000
1776331595.948,95.948,0.43,70.58,0.42,93.0,0.45,10.0,0.46,10.0,0.53,10.0,0.52,25.5,0.57,70.58,0.58,93.0,0.02,0.04,2347.414265,1776331594000
1776331596.184,96.184,0.44,10.0,0.43,81.58,0.45,5.91,0.46,10.0,0.55,10.0,0.54,10.0,0.57,70.58,0.58,93.0,0.01,0.02,2347.414265,1776331594000
1776331598.516,98.516,0.44,12.48,0.43,82.58,0.46,15.0,0.47,15.0,0.55,5.91,0.54,10.0,0.56,10.0,0.57,81.58,0.02,0.01,2347.429098,1776331597000
1776331599.36,99.36,0.44,19.3,0.43,87.58,0.46,15.0,0.47,15.0,0.54,15.0,0.53,15.0,0.56,12.48,0.57,82.58,0.02,0.02,2347.429098,1776331597000
1776331600.24,100.24,0.48,15.0,0.47,30.5,0.49,2.95,0.5,5.0,0.54,15.0,0.53,15.0,0.56,19.3,0.57,87.58,0.01,0.02,2347.487971,1776331599000
1776331600.909,100.909,0.5,20.0,0.49,32.5,0.53,3.11,0.54,15.5,0.5,5.0,0.49,35.0,0.51,12.0,0.52,35.5,0.03,0.01,2347.487971,1776331599000
1776331601.174,101.174,0.52,20.0,0.51,15.0,0.53,13.61,0.54,15.5,0.47,3.11,0.46,15.5,0.5,20.0,0.51,32.5,0.01,0.03,2347.487971,1776331599000
1776331601.906,101.906,0.52,43.0,0.51,5.0,0.54,7.2,0.55,15.0,0.47,13.61,0.46,15.5,0.48,20.0,0.49,15.0,0.02,0.01,2347.30398,1776331600000
1776331603.084,103.084,0.5,29.0,0.49,5.0,0.51,15.0,0.52,20.5,0.46,3.82,0.45,15.0,0.47,6.0,0.48,6.0,0.01,0.01,2347.34876,1776331601000
1776331603.839,103.839,0.5,24.0,0.49,5.0,0.51,23.03,0.52,30.5,0.49,15.0,0.48,25.5,0.5,24.0,0.51,5.0,0.01,0.01,2347.44157,1776331602000
1776331606.061,106.061,0.5,79.0,0.49,15.5,0.51,4.9,0.52,20.0,0.49,23.03,0.48,30.5,0.5,24.0,0.51,5.0,0.01,0.01,2347.551016,1776331604000
1776331606.406,106.406,0.5,78.0,0.49,15.5,0.52,19.8,0.53,25.5,0.49,4.9,0.48,20.0,0.5,79.0,0.51,15.5,0.02,0.01,2347.448761,1776331605000
1776331608.208,108.208,0.5,128.5,0.49,15.5,0.51,5.0,0.52,14.8,0.48,19.8,0.47,25.5,0.5,78.0,0.51,15.5,0.01,0.02,2347.600385,1776331606000
1776331610.815,110.815,0.52,1.0,0.51,10.0,0.53,42.5,0.54,19.32,0.47,15.0,0.46,8.82,0.5,128.5,0.51,15.5,0.01,0.03,2347.60763,1776331609000
1776331611.126,111.126,0.46,10.0,0.45,5.0,0.52,93.7,0.53,44.5,0.47,42.5,0.46,19.32,0.49,6.0,0.5,5.0,0.06,0.02,2347.60763,1776331609000
1776331611.377,111.377,0.44,96.08,0.43,93.0,0.47,20.0,0.48,30.5,0.48,93.7,0.47,44.5,0.54,10.0,0.55,5.0,0.03,0.06,2347.60763,1776331609000
1776331614.773,114.773,0.42,15.0,0.41,25.5,0.43,9.67,0.44,15.0,0.53,20.0,0.52,30.5,0.56,96.08,0.57,93.0,0.01,0.03,2347.38317,1776331613000
1776331615.329,115.329,0.44,20.0,0.43,25.5,0.46,10.0,0.47,30.5,0.57,9.67,0.56,15.0,0.58,15.0,0.59,25.5,0.02,0.01,2347.215215,1776331614000
1776331621.529,121.529,0.44,6.62,0.43,15.0,0.45,62.48,0.46,77.5,0.54,10.0,0.53,30.5,0.56,21.62,0.57,25.5,0.01,0.02,2347.316405,1776331620000
1776331622.048,122.048,0.44,6.62,0.43,15.0,0.45,83.92,0.46,20.5,0.55,62.48,0.54,77.5,0.56,6.62,0.57,15.0,0.01,0.01,2347.316405,1776331620000
1776331624.592,124.592,0.43,3.62,0.42,25.5,0.45,10.0,0.46,20.5,0.55,65.92,0.54,20.5,0.56,1.62,0.57,15.0,0.02,0.01,2347.31297,1776331623000
1776331629.087,129.087,0.48,5.0,0.47,25.0,0.49,21.83,0.5,33.0,0.55,10.0,0.54,20.5,0.57,3.62,0.58,25.5,0.01,0.02,2347.214535,1776331627000
1776331631.328,131.328,0.48,10.0,0.47,10.0,0.49,72.83,0.5,28.0,0.51,21.83,0.5,33.0,0.52,5.0,0.53,25.0,0.01,0.01,2347.30879,1776331629000
1776331634.612,134.612,0.47,172.0,0.46,35.5,0.49,29.83,0.5,33.0,0.51,77.83,0.5,28.0,0.54,5.0,0.55,10.0,0.02,0.03,2347.265182,1776331633000
1776331635.014,135.014,0.48,147.0,0.47,50.0,0.5,9.4,0.51,20.0,0.51,29.83,0.5,33.0,0.53,172.0,0.54,35.5,0.02,0.02,2347.265182,1776331633000
1776331635.554,135.554,0.49,92.58,0.48,55.0,0.5,15.5,0.51,20.5,0.48,20.0,0.47,26.0,0.52,152.0,0.53,50.0,0.01,0.04,2347.24607,1776331634000
1776331636.029,136.029,0.49,46.71,0.48,107.0,0.5,20.5,0.51,20.5,0.5,15.5,0.49,20.5,0.51,92.58,0.52,55.0,0.01,0.01,2347.24607,1776331634000
1776331637.828,137.828,0.49,91.74,0.48,55.0,0.5,25.5,0.51,85.92,0.5,20.5,0.49,20.5,0.51,46.71,0.52,107.0,0.01,0.01,2347.32462,1776331636000
1776331639.996,139.996,0.49,81.93,0.48,50.0,0.5,30.5,0.51,90.92,0.5,25.5,0.49,85.92,0.51,91.74,0.52,55.0,0.01,0.01,2347.29119,1776331638000
1776331642.38,142.38,0.49,101.93,0.48,65.5,0.5,11.06,0.51,30.5,0.5,30.5,0.49,90.92,0.51,81.93,0.52,50.0,0.01,0.01,2347.34897,1776331641000
1776331647.382,147.382,0.48,15.07,0.47,5.0,0.49,94.5,0.5,26.56,0.5,11.06,0.49,30.5,0.51,101.93,0.52,65.5,0.01,0.01,2347.26949,1776331645000
1776331648.292,148.292,0.48,4.3,0.47,5.0,0.49,37.5,0.5,88.56,0.51,94.5,0.5,26.56,0.52,15.07,0.53,5.0,0.01,0.01,2347.264315,1776331647000
1776331650.056,150.056,0.46,9.71,0.45,15.0,0.49,99.5,0.5,26.56,0.51,37.5,0.5,88.56,0.52,4.3,0.53,5.0,0.03,0.01,2347.26526,1776331649000
1776331650.571,150.571,0.45,4.72,0.44,32.5,0.46,5.0,0.47,25.5,0.53,25.5,0.52,25.5,0.54,0.37,0.55,15.0,0.01,0.01,2347.26526,1776331649000
1776331651.815,151.815,0.42,15.5,0.41,76.74,0.44,20.77,0.45,25.5,0.53,19.75,0.52,82.5,0.56,32.5,0.57,8.62,0.02,0.03,2347.34265,1776331650000
1776331652.077,152.077,0.43,10.36,0.42,15.5,0.44,20.77,0.45,30.5,0.56,20.77,0.55,25.5,0.58,15.5,0.59,76.74,0.01,0.02,2347.28836,1776331651000
1776331653.622,153.622,0.43,5.36,0.42,25.5,0.44,20.77,0.45,30.5,0.56,20.77,0.55,30.5,0.57,10.36,0.58,15.5,0.01,0.01,2347.255615,1776331652000
1776331653.824,153.824,0.41,76.74,0.4,29.0,0.44,20.77,0.45,30.5,0.56,20.77,0.55,30.5,0.57,5.36,0.58,25.5,0.03,0.01,2347.255615,1776331652000
1776331654.216,154.216,0.41,0.74,0.4,29.0,0.43,10.0,0.44,31.27,0.56,20.77,0.55,30.5,0.59,76.74,0.6,29.0,0.02,0.03,2347.24396,1776331653000
1776331654.884,154.884,0.4,39.5,0.39,36.0,0.42,17.0,0.43,15.0,0.57,10.0,0.56,31.27,0.59,0.74,0.6,29.0,0.02,0.02,2347.24396,1776331653000
1776331655.203,155.203,0.41,7.45,0.4,51.25,0.42,17.0,0.43,15.0,0.58,17.0,0.57,15.0,0.6,39.5,0.61,36.0,0.01,0.02,2347.217515,1776331654000
1776331657.112,157.112,0.41,9.9,0.4,20.5,0.42,10.0,0.43,15.0,0.58,17.0,0.57,15.0,0.59,7.45,0.6,51.25,0.01,0.01,2347.221933,1776331655000
1776331658.95,158.95,0.42,42.1,0.41,87.4,0.44,15.0,0.45,15.0,0.58,10.0,0.57,15.0,0.59,9.9,0.6,20.5,0.02,0.01,2347.231037,1776331657000
1776331659.996,159.996,0.31,1.6,0.25,80.0,0.32,37.0,0.33,17.0,0.56,15.0,0.55,15.0,0.58,42.1,0.59,87.4,0.01,0.02,2347.326985,1776331658000
1776331660.83,160.83,0.17,25.5,0.16,146.8,0.32,73.0,0.33,22.0,0.68,37.0,0.67,17.0,0.69,1.6,0.75,80.0,0.15,0.01,2347.2072,1776331659000
1776331661.175,161.175,0.17,26.52,0.16,151.8,0.18,20.0,0.19,10.0,0.68,73.0,0.67,22.0,0.83,25.5,0.84,146.8,0.01,0.15,2347.2072,1776331659000
1776331661.4,161.4,0.16,121.8,0.15,112.2,0.17,5.0,0.18,20.0,0.82,15.0,0.81,10.0,0.84,121.8,0.85,112.2,0.01,0.02,2347.043089,1776331660000
1776331661.637,161.637,0.15,54.56,0.14,104.9,0.17,125.41,0.18,10.0,0.83,55.41,0.82,20.0,0.84,121.8,0.85,112.2,0.02,0.01,2347.043089,1776331660000
1776331662.198,162.198,0.15,11.04,0.14,104.9,0.16,10.0,0.17,112.41,0.83,114.29,0.82,10.0,0.85,54.56,0.86,104.9,0.01,0.02,2347.043089,1776331660000
1776331662.832,162.832,0.15,6.04,0.14,129.9,0.16,10.0,0.17,85.11,0.83,85.11,0.82,16.1,0.85,21.76,0.86,104.9,0.01,0.02,2346.689665,1776331661000
1776331663.086,163.086,0.16,11.11,0.15,70.0,0.17,79.81,0.18,16.1,0.83,79.81,0.82,16.1,0.85,6.04,0.86,129.9,0.01,0.02,2346.689665,1776331661000
1776331663.373,163.373,0.16,6.11,0.15,80.0,0.17,74.81,0.18,16.1,0.83,79.81,0.82,16.1,0.84,11.11,0.85,70.0,0.01,0.01,2346.446526,1776331662000
1776331664.49,164.49,0.16,28.35,0.15,87.0,0.17,83.81,0.18,16.1,0.83,74.81,0.82,16.1,0.85,80.0,0.86,129.9,0.01,0.02,2346.2604,1776331663000
1776331664.859,164.859,0.15,80.0,0.14,250.45,0.17,126.81,0.18,16.1,0.83,83.81,0.82,16.1,0.84,28.35,0.85,87.0,0.02,0.01,2346.2604,1776331663000
1776331665.302,165.302,0.15,41.0,0.14,240.45,0.16,10.0,0.17,69.41,0.83,126.81,0.82,16.1,0.85,80.0,0.86,250.45,0.01,0.02,2346.308704,1776331664000
1776331665.514,165.514,0.14,234.45,0.13,116.8,0.15,10.0,0.16,10.0,0.84,10.0,0.83,69.41,0.86,240.45,0.87,116.8,0.01,0.02,2346.308704,1776331664000
1776331665.969,165.969,0.14,239.45,0.13,106.8,0.15,8.08,0.16,10.0,0.85,8.08,0.84,10.0,0.86,234.45,0.87,116.8,0.01,0.01,2346.308704,1776331664000
1776331666.695,166.695,0.14,189.39,0.13,114.8,0.16,123.0,0.17,65.49,0.83,115.49,0.82,16.1,0.86,234.45,0.87,101.8,0.02,0.03,2346.22703,1776331665000
1776331666.945,166.945,0.14,194.39,0.13,181.8,0.15,5.2,0.16,53.0,0.84,54.0,0.83,65.49,0.86,189.39,0.87,114.8,0.01,0.02,2346.22703,1776331665000
1776331668.716,168.716,0.14,229.85,0.13,23.0,0.17,53.49,0.18,13.1,0.85,5.2,0.84,53.0,0.86,194.39,0.87,181.8,0.03,0.01,2346.25755,1776331667000
1776331669.13,169.13,0.22,107.53,0.21,80.0,0.23,6.69,0.24,10.0,0.77,0.69,0.75,10.0,0.8,48.91,0.84,10.0,0.01,0.03,2346.247864,1776331668000
1776331670.023,170.023,0.22,182.53,0.21,60.0,0.3,6.0,0.32,20.0,0.77,6.69,0.76,10.0,0.78,107.53,0.79,80.0,0.08,0.01,2346.14066,1776331669000
1776331670.544,170.544,0.48,6.61,0.41,20.0,0.5,65.96,0.51,126.0,0.51,7.0,0.49,50.0,0.71,17.24,0.72,21.7,0.02,0.2,2346.14066,1776331669000
1776331670.909,170.909,0.49,21.61,0.48,10.0,0.5,52.63,0.51,136.0,0.5,53.82,0.49,136.0,0.51,21.61,0.52,10.0,0.01,0.01,2346.14066,1776331669000
1776331671.92,171.92,0.47,24.9,0.43,10.0,0.48,15.0,0.49,10.0,0.51,5.0,0.5,52.63,0.58,2.82,0.59,10.0,0.01,0.07,2346.32315,1776331670000
1776331672.641,172.641,0.43,10.0,0.42,2.82,0.48,10.0,0.49,10.0,0.52,15.0,0.51,10.0,0.53,24.9,0.57,10.0,0.05,0.01,2347.29764,1776331671000
1776331673.084,173.084,0.43,30.75,0.42,59.82,0.45,10.0,0.46,10.0,0.52,10.0,0.51,10.0,0.57,10.0,0.58,2.82,0.02,0.05,2347.244562,1776331672000
1776331674.008,174.008,0.43,1.97,0.42,64.82,0.44,15.0,0.45,10.0,0.55,10.0,0.54,10.0,0.57,5.75,0.58,59.82,0.01,0.02,2347.244562,1776331672000
1776331674.456,174.456,0.43,8.96,0.42,64.82,0.44,10.0,0.45,10.0,0.56,15.0,0.55,10.0,0.57,1.97,0.58,64.82,0.01,0.01,2347.344858,1776331673000
1776331674.67,174.67,0.4,76.49,0.39,80.0,0.44,7.61,0.45,10.0,0.56,7.61,0.55,10.0,0.57,8.96,0.58,64.82,0.04,0.01,2347.344858,1776331673000
1776331674.874,174.874,0.42,50.5,0.41,30.5,0.45,2.21,0.46,10.0,0.56,7.61,0.55,10.0,0.6,76.49,0.61,80.0,0.03,0.04,2347.344858,1776331673000
1776331675.105,175.105,0.44,61.5,0.43,15.0,0.45,5.0,0.46,10.0,0.53,4.9,0.52,20.5,0.58,55.5,0.59,25.5,0.01,0.05,2347.344858,1776331673000
1776331676.014,176.014,0.43,15.0,0.42,10.0,0.45,5.0,0.46,80.0,0.55,5.0,0.54,10.0,0.56,61.5,0.57,15.0,0.02,0.01,2347.29315,1776331674000
1776331676.388,176.388,0.43,13.0,0.42,10.0,0.44,29.2,0.45,62.0,0.55,5.0,0.54,80.0,0.57,15.0,0.58,10.0,0.01,0.02,2347.29315,1776331674000
1776331678.344,178.344,0.43,54.24,0.42,10.0,0.45,5.0,0.46,80.0,0.56,29.2,0.55,62.0,0.57,13.0,0.58,10.0,0.02,0.01,2347.29672,1776331676000
1776331681.22,181.22,0.41,5.0,0.4,67.0,0.42,44.5,0.43,10.0,0.55,5.0,0.54,80.0,0.57,54.24,0.58,10.0,0.01,0.02,2347.2571,1776331679000
1776331682.018,182.018,0.38,10.0,0.37,10.0,0.41,15.0,0.42,109.5,0.58,44.5,0.57,10.0,0.59,1.52,0.6,72.0,0.03,0.01,2347.323432,1776331680000
1776331682.275,182.275,0.38,5.0,0.37,10.0,0.39,10.0,0.4,15.0,0.6,15.0,0.59,15.0,0.62,5.0,0.63,10.0,0.01,0.02,2347.323432,1776331680000
1776331682.676,182.676,0.38,5.0,0.37,10.0,0.39,40.5,0.4,25.5,0.61,10.0,0.6,15.0,0.62,5.0,0.63,10.0,0.01,0.01,2347.323432,1776331681000
1776331683.62,183.62,0.38,5.0,0.37,10.0,0.39,19.5,0.4,25.5,0.61,40.5,0.6,25.5,0.62,5.0,0.63,10.0,0.01,0.01,2347.323432,1776331681000
1776331684.551,184.551,0.38,5.0,0.37,10.0,0.39,14.5,0.4,82.5,0.61,19.5,0.6,25.5,0.62,5.0,0.63,10.0,0.01,0.01,2347.073925,1776331683000
1776331685.941,185.941,0.38,3.3,0.37,10.0,0.39,67.0,0.4,25.5,0.61,14.5,0.6,82.5,0.62,5.0,0.63,10.0,0.01,0.01,2347.070135,1776331684000
1776331686.577,186.577,0.36,15.87,0.35,95.5,0.39,67.0,0.4,25.5,0.61,67.0,0.6,25.5,0.62,3.3,0.63,10.0,0.03,0.01,2347.23535,1776331685000
1776331688.072,188.072,0.37,29.61,0.36,12.87,0.38,5.0,0.39,10.0,0.61,67.0,0.6,25.5,0.64,2.87,0.65,95.5,0.01,0.03,2347.229535,1776331687000
1776331688.905,188.905,0.37,48.52,0.36,69.87,0.38,5.0,0.39,10.0,0.62,5.0,0.61,10.0,0.63,28.02,0.64,12.87,0.01,0.01,2347.229535,1776331687000
1776331689.682,189.682,0.37,35.23,0.36,40.87,0.38,15.0,0.39,10.0,0.62,5.0,0.61,10.0,0.63,48.52,0.64,69.87,0.01,0.01,2347.069025,1776331688000
1776331690.154,190.154,0.36,14.0,0.35,14.0,0.38,139.5,0.39,31.5,0.62,15.0,0.61,10.0,0.63,35.23,0.64,40.87,0.02,0.01,2347.23201,1776331689000
1776331690.671,190.671,0.26,14.05,0.25,40.0,0.29,91.7,0.3,25.5,0.63,26.5,0.62,138.5,0.74,10.0,0.75,40.0,0.03,0.11,2347.23201,1776331689000
1776331690.948,190.948,0.25,29.46,0.24,80.0,0.28,48.0,0.29,91.5,0.71,91.7,0.7,25.5,0.75,19.46,0.76,80.0,0.03,0.04,2347.23201,1776331689000
1776331691.223,191.223,0.25,19.32,0.24,80.0,0.27,57.0,0.28,10.0,0.72,48.0,0.71,91.5,0.75,29.46,0.76,80.0,0.02,0.03,2347.23201,1776331689000
1776331692.05,192.05,0.24,80.0,0.23,95.0,0.27,57.0,0.28,10.0,0.73,57.0,0.72,10.0,0.76,80.0,0.77,101.0,0.03,0.03,2347.096905,1776331690000
1776331692.315,192.315,0.26,27.33,0.25,30.0,0.27,5.0,0.28,10.5,0.73,57.0,0.72,10.0,0.76,80.0,0.77,95.0,0.01,0.03,2347.096905,1776331690000
1776331692.81,192.81,0.27,80.0,0.26,200.0,0.29,32.82,0.3,10.0,0.73,5.0,0.72,10.5,0.74,27.33,0.75,30.0,0.02,0.01,2347.096905,1776331690000
1776331693.013,193.013,0.27,80.0,0.26,171.0,0.29,20.5,0.3,10.0,0.71,32.82,0.7,10.0,0.73,80.0,0.74,200.0,0.02,0.02,2346.808795,1776331691000
1776331693.44,193.44,0.27,117.0,0.26,92.0,0.3,10.0,0.31,24.0,0.71,20.5,0.7,10.0,0.73,80.0,0.74,171.0,0.03,0.02,2346.67868,1776331692000
1776331694.093,194.093,0.28,30.0,0.27,219.0,0.3,10.0,0.31,24.0,0.7,10.0,0.69,24.0,0.73,117.0,0.74,92.0,0.02,0.03,2346.703825,1776331693000
1776331694.696,194.696,0.28,99.0,0.27,162.0,0.29,1.78,0.3,10.0,0.7,10.0,0.69,24.0,0.72,40.0,0.73,219.0,0.01,0.02,2346.703825,1776331693000
1776331695.38,195.38,0.29,7.22,0.28,79.0,0.31,10.0,0.32,10.0,0.67,3.38,0.66,10.0,0.72,94.0,0.73,162.0,0.02,0.05,2346.8699,1776331694000
1776331697.025,197.025,0.29,20.0,0.28,143.0,0.32,9.06,0.33,10.0,0.69,10.0,0.68,10.0,0.71,7.22,0.72,79.0,0.03,0.02,2346.967343,1776331695000
1776331697.481,197.481,0.3,10.0,0.29,10.0,0.33,8.17,0.34,10.0,0.68,9.06,0.67,10.0,0.71,20.0,0.72,143.0,0.03,0.03,2346.981007,1776331696000
1776331698.574,198.574,0.26,29.32,0.25,10.0,0.29,6.0,0.3,10.0,0.67,8.17,0.66,10.0,0.7,10.0,0.71,10.0,0.03,0.03,2346.910215,1776331697000
1776331698.828,198.828,0.26,29.32,0.25,10.0,0.29,16.0,0.3,10.0,0.71,6.0,0.7,10.0,0.74,29.32,0.75,10.0,0.03,0.03,2346.910215,1776331697000
1776331699.34,199.34,0.27,39.0,0.26,75.0,0.28,8.0,0.29,8.0,0.71,2.0,0.7,10.0,0.73,10.0,0.74,29.32,0.01,0.02,2346.901135,1776331698000
1776331699.655,199.655,0.27,15.0,0.26,15.0,0.28,2.0,0.29,2.0,0.72,8.0,0.71,8.0,0.73,39.0,0.74,75.0,0.01,0.01,2346.901135,1776331698000
1776331699.883,199.883,0.27,10.0,0.26,15.0,0.28,51.0,0.29,8.0,0.72,2.0,0.71,2.0,0.73,15.0,0.74,15.0,0.01,0.01,2346.901135,1776331698000
1776331700.102,200.102,0.24,10.0,0.23,102.0,0.28,82.0,0.29,13.0,0.72,92.0,0.71,13.0,0.76,10.0,0.77,102.0,0.04,0.04,2346.87425,1776331699000
1776331700.527,200.527,0.25,15.0,0.24,6.0,0.27,18.81,0.28,87.5,0.74,5.0,0.73,21.0,0.76,16.5,0.77,102.0,0.02,0.02,2346.87425,1776331699000
1776331701.198,201.198,0.24,6.0,0.23,95.0,0.25,36.5,0.26,20.5,0.73,18.81,0.72,87.5,0.75,15.0,0.76,6.0,0.01,0.02,2346.87425,1776331699000
1776331701.542,201.542,0.22,22.3,0.21,80.0,0.23,10.5,0.24,20.5,0.75,25.5,0.74,20.5,0.78,65.3,0.79,80.0,0.01,0.03,2346.81802,1776331700000
1776331701.969,201.969,0.22,5.46,0.21,80.0,0.23,4.5,0.24,20.5,0.77,4.5,0.76,20.5,0.79,80.0,0.8,58.91,0.01,0.02,2346.81802,1776331700000
1776331702.405,202.405,0.21,77.5,0.2,58.91,0.22,10.5,0.23,14.5,0.77,4.5,0.76,20.5,0.78,2.96,0.79,80.0,0.01,0.01,2346.81802,1776331700000
1776331703.044,203.044,0.2,58.91,0.19,90.5,0.22,10.0,0.23,14.5,0.78,10.5,0.77,14.5,0.79,77.5,0.8,58.91,0.02,0.01,2346.761004,1776331701000
1776331704.656,204.656,0.2,35.91,0.19,108.5,0.21,10.0,0.22,20.5,0.78,10.0,0.77,14.5,0.8,58.91,0.81,90.5,0.01,0.02,2346.66127,1776331703000
1776331705.084,205.084,0.2,33.47,0.19,80.0,0.21,10.0,0.22,10.0,0.79,10.0,0.78,20.5,0.8,14.66,0.81,80.0,0.01,0.01,2346.66127,1776331703000
1776331705.717,205.717,0.21,34.17,0.2,20.5,0.22,10.0,0.23,3.69,0.77,3.69,0.76,10.0,0.8,65.97,0.81,80.0,0.01,0.03,2346.740125,1776331704000
1776331705.976,205.976,0.21,166.17,0.2,20.5,0.22,5.0,0.23,3.69,0.78,10.0,0.77,3.69,0.79,34.17,0.8,20.5,0.01,0.01,2346.740125,1776331705000
1776331706.209,206.209,0.21,179.9,0.2,20.5,0.24,4.57,0.25,10.0,0.78,5.0,0.77,3.69,0.79,169.9,0.8,20.5,0.03,0.01,2346.740125,1776331705000
1776331706.815,206.815,0.24,73.0,0.23,75.0,0.26,16.36,0.27,13.81,0.75,0.86,0.74,10.0,0.79,179.9,0.8,20.5,0.02,0.04,2346.740125,1776331705000
1776331707.668,207.668,0.24,107.0,0.22,27.0,0.25,5.0,0.26,16.36,0.74,16.36,0.73,13.81,0.76,73.0,0.77,75.0,0.01,0.02,2346.701545,1776331706000
1776331707.955,207.955,0.24,100.31,0.22,27.0,0.25,5.0,0.26,16.36,0.75,5.0,0.74,16.36,0.76,107.0,0.78,27.0,0.01,0.01,2346.701545,1776331706000
1776331708.436,208.436,0.24,100.31,0.22,27.0,0.26,16.36,0.27,13.81,0.75,5.0,0.74,16.36,0.76,100.31,0.78,27.0,0.02,0.01,2346.706925,1776331707000
1776331708.688,208.688,0.24,102.67,0.22,27.0,0.25,10.0,0.26,16.36,0.74,16.36,0.73,13.81,0.76,100.31,0.78,27.0,0.01,0.02,2346.706925,1776331707000
1776331709.229,209.229,0.24,102.67,0.23,10.5,0.25,5.0,0.26,14.32,0.74,4.32,0.73,13.81,0.76,102.67,0.78,27.0,0.01,0.02,2346.706925,1776331707000
1776331709.774,209.774,0.24,40.67,0.23,67.5,0.26,11.82,0.27,13.81,0.75,5.0,0.74,14.32,0.76,102.67,0.77,10.5,0.02,0.01,2346.71328,1776331708000
1776331710.029,210.029,0.25,30.0,0.23,67.5,0.26,6.82,0.27,13.81,0.74,11.82,0.73,13.81,0.76,40.67,0.77,67.5,0.01,0.02,2346.71328,1776331708000
1776331710.535,210.535,0.25,1.66,0.22,17.0,0.26,17.32,0.27,29.31,0.74,6.82,0.73,13.81,0.75,13.33,0.77,67.5,0.01,0.01,2346.712695,1776331709000
1776331710.833,210.833,0.22,16.94,0.21,20.5,0.23,10.0,0.24,20.5,0.74,22.32,0.73,29.31,0.78,1.94,0.79,20.5,0.01,0.04,2346.712695,1776331709000
1776331711.04,211.04,0.22,15.94,0.21,20.5,0.23,10.0,0.24,20.5,0.77,10.0,0.76,20.5,0.78,16.94,0.79,20.5,0.01,0.01,2346.712695,1776331710000
1776331712.36,212.36,0.22,14.65,0.21,15.5,0.23,10.0,0.24,20.5,0.77,10.0,0.76,20.5,0.78,15.94,0.79,20.5,0.01,0.01,2346.69225,1776331711000
1776331712.762,212.762,0.22,14.65,0.21,15.5,0.23,10.65,0.24,20.5,0.77,10.0,0.76,20.5,0.78,14.65,0.79,15.5,0.01,0.01,2346.69225,1776331711000
1776331713.35,213.35,0.22,9.39,0.21,5.0,0.23,16.15,0.24,20.5,0.77,10.65,0.76,20.5,0.78,14.65,0.79,15.5,0.01,0.01,2346.71097,1776331712000
1776331714.808,214.808,0.21,5.0,0.2,5.0,0.22,23.44,0.23,16.15,0.77,21.15,0.76,20.5,0.79,5.0,0.8,25.5,0.01,0.02,2346.71097,1776331713000
1776331716.258,216.258,0.21,7.5,0.2,67.5,0.22,10.0,0.23,10.65,0.78,23.44,0.77,16.15,0.79,5.0,0.8,5.0,0.01,0.01,2346.6303,1776331714000
1776331716.681,216.681,0.22,10.5,0.21,12.5,0.23,5.0,0.24,25.0,0.77,10.0,0.76,15.0,0.78,10.5,0.79,12.5,0.01,0.01,2346.632514,1776331715000
1776331717.432,217.432,0.22,10.5,0.21,7.5,0.23,5.0,0.24,70.0,0.77,5.0,0.76,25.0,0.78,10.5,0.79,12.5,0.01,0.01,2346.6003,1776331716000
1776331717.886,217.886,0.22,49.5,0.21,74.5,0.24,70.0,0.25,10.0,0.77,5.0,0.76,70.0,0.78,10.5,0.79,7.5,0.02,0.01,2346.6003,1776331716000
1776331718.605,218.605,0.23,10.0,0.22,10.5,0.27,1.63,0.28,72.0,0.75,10.0,0.74,6.82,0.77,10.5,0.78,49.5,0.04,0.02,2346.669731,1776331717000
1776331719.654,219.654,0.23,13.86,0.22,77.5,0.24,10.0,0.25,10.0,0.73,1.63,0.72,72.0,0.77,10.0,0.78,10.5,0.01,0.04,2346.746695,1776331718000
1776331724.848,224.848,0.22,10.5,0.21,17.5,0.24,10.0,0.25,20.5,0.76,10.0,0.75,10.0,0.77,13.86,0.78,77.5,0.02,0.01,2346.77283,1776331724000
1776331727.416,227.416,0.23,82.5,0.22,20.5,0.26,8.84,0.27,10.0,0.72,69.57,0.71,77.0,0.78,15.5,0.79,17.5,0.03,0.06,2346.755129,1776331726000
1776331727.822,227.822,0.26,26.5,0.25,99.5,0.27,4.0,0.28,7.57,0.73,10.0,0.72,23.07,0.77,82.5,0.78,20.5,0.01,0.04,2346.755129,1776331726000
1776331728.038,228.038,0.26,46.5,0.25,27.5,0.3,20.83,0.31,15.0,0.72,7.57,0.71,2.0,0.74,46.5,0.75,27.5,0.04,0.02,2346.74561,1776331727000
1776331728.691,228.691,0.29,47.5,0.28,20.5,0.3,0.89,0.31,10.0,0.71,6.25,0.7,20.83,0.74,41.5,0.75,84.5,0.01,0.03,2346.74561,1776331727000
1776331728.893,228.893,0.3,37.5,0.29,40.5,0.31,1.49,0.32,15.0,0.69,10.0,0.68,15.0,0.71,62.5,0.72,20.5,0.01,0.02,2346.74561,1776331727000
1776331729.352,229.352,0.3,37.5,0.29,20.5,0.31,0.27,0.32,20.0,0.69,1.49,0.68,15.0,0.7,37.5,0.71,40.5,0.01,0.01,2346.758047,1776331728000
1776331729.612,229.612,0.3,91.5,0.29,20.5,0.31,6.61,0.32,15.0,0.69,0.27,0.68,20.0,0.7,37.5,0.71,20.5,0.01,0.01,2346.758047,1776331728000
1776331729.878,229.878,0.32,37.5,0.31,132.5,0.35,0.57,0.36,10.0,0.69,6.61,0.68,15.0,0.7,91.5,0.71,20.5,0.03,0.01,2346.758047,1776331728000
1776331730.112,230.112,0.36,10.5,0.35,25.5,0.37,2.21,0.38,4.07,0.63,7.35,0.62,4.07,0.66,89.5,0.67,20.5,0.01,0.03,2346.81034,1776331729000
1776331730.325,230.325,0.36,20.5,0.35,77.5,0.39,10.0,0.4,15.0,0.63,2.21,0.62,4.07,0.64,10.5,0.65,25.5,0.03,0.01,2346.81034,1776331729000
1776331730.839,230.839,0.35,64.53,0.34,20.5,0.38,15.0,0.39,10.0,0.61,10.0,0.6,15.0,0.64,20.5,0.65,77.5,0.03,0.03,2346.81034,1776331729000
1776331732.149,232.149,0.35,19.18,0.34,20.5,0.36,10.0,0.37,10.0,0.62,15.0,0.61,10.0,0.65,64.53,0.66,20.5,0.01,0.03,2347.01085,1776331731000
1776331735.294,235.294,0.34,20.5,0.33,20.5,0.36,7.13,0.37,25.5,0.64,10.0,0.63,10.0,0.65,19.18,0.66,20.5,0.02,0.01,2347.093555,1776331733000
1776331736.302,236.302,0.33,20.05,0.32,76.94,0.34,16.0,0.35,10.0,0.66,11.0,0.65,10.0,0.68,66.94,0.69,60.0,0.01,0.02,2347.07827,1776331734000
1776331740.136,240.136,0.32,69.91,0.31,10.0,0.34,21.0,0.35,10.0,0.66,16.0,0.65,10.0,0.67,20.05,0.68,76.94,0.02,0.01,2347.052655,1776331738000
1776331740.406,240.406,0.32,62.55,0.31,10.0,0.34,21.0,0.35,10.0,0.66,21.0,0.65,10.0,0.68,69.91,0.69,10.0,0.02,0.02,2347.052655,1776331738000
1776331740.814,240.814,0.32,18.43,0.31,10.0,0.33,10.0,0.34,16.0,0.66,21.0,0.65,10.0,0.68,62.55,0.69,10.0,0.01,0.02,2347.049295,1776331739000
1776331742.737,242.737,0.31,7.0,0.3,10.0,0.34,10.0,0.35,10.0,0.67,10.0,0.66,16.0,0.68,18.43,0.69,10.0,0.03,0.01,2347.036925,1776331741000
1776331742.944,242.944,0.33,62.0,0.32,10.0,0.38,8.33,0.39,10.0,0.65,10.0,0.64,7.13,0.67,62.0,0.68,10.0,0.05,0.02,2347.036925,1776331741000
1776331743.166,243.166,0.35,10.0,0.34,10.0,0.36,5.0,0.37,10.0,0.61,10.0,0.6,10.0,0.65,5.0,0.67,57.0,0.01,0.04,2347.036925,1776331741000
1776331743.437,243.437,0.35,67.0,0.34,10.0,0.38,8.42,0.39,15.0,0.64,5.0,0.63,10.0,0.65,10.0,0.66,10.0,0.03,0.01,2347.036925,1776331741000
1776331744.082,244.082,0.36,72.0,0.35,20.0,0.39,1.66,0.4,15.0,0.61,15.0,0.6,15.0,0.65,67.0,0.66,10.0,0.03,0.04,2347.03725,1776331742000
1776331744.85,244.85,0.41,69.0,0.4,97.0,0.45,2.73,0.46,15.0,0.59,94.21,0.58,15.0,0.62,10.0,0.64,67.0,0.04,0.03,2347.03933,1776331743000
1776331745.133,245.133,0.5,16.0,0.49,15.0,0.51,106.29,0.52,85.0,0.49,101.29,0.48,80.0,0.59,69.0,0.6,92.0,0.01,0.1,2347.03933,1776331743000
1776331745.51,245.51,0.5,11.23,0.49,5.0,0.51,101.29,0.52,80.0,0.49,106.29,0.48,85.0,0.5,16.0,0.51,15.0,0.01,0.01,2347.03933,1776331743000
1776331746.02,246.02,0.49,5.0,0.47,62.0,0.5,10.0,0.51,106.29,0.49,106.29,0.48,80.0,0.5,4.57,0.51,5.0,0.01,0.01,2347.13399,1776331744000
1776331746.504,246.504,0.47,77.0,0.45,5.0,0.48,8.52,0.49,10.0,0.52,8.52,0.51,10.0,0.53,67.0,0.55,5.0,0.01,0.01,2347.178895,1776331745000
1776331747.209,247.209,0.45,5.0,0.44,15.0,0.48,65.52,0.49,85.0,0.52,8.52,0.51,10.0,0.53,77.0,0.55,5.0,0.03,0.01,2347.219435,1776331746000
1776331748.359,248.359,0.43,20.0,0.42,15.0,0.45,15.0,0.46,15.0,0.52,65.52,0.51,85.0,0.55,5.0,0.56,15.0,0.02,0.03,2347.219435,1776331746000
1776331748.626,248.626,0.43,15.0,0.42,15.0,0.45,81.48,0.46,15.0,0.55,15.0,0.54,15.0,0.57,20.0,0.58,15.0,0.02,0.02,2347.345533,1776331747000
1776331748.86,248.86,0.41,5.0,0.4,5.0,0.42,5.61,0.43,10.0,0.55,81.48,0.54,15.0,0.57,15.0,0.58,15.0,0.01,0.02,2347.345533,1776331747000
1776331749.076,249.076,0.36,60.0,0.35,10.0,0.39,60.0,0.4,75.0,0.63,50.0,0.59,15.0,0.64,60.0,0.65,10.0,0.03,0.01,2347.345533,1776331747000
1776331749.411,249.411,0.34,35.0,0.33,15.0,0.36,5.33,0.37,22.0,0.63,22.0,0.62,75.0,0.64,38.46,0.65,15.0,0.02,0.01,2347.329365,1776331748000
1776331749.662,249.662,0.33,4.81,0.32,10.0,0.36,74.0,0.37,17.0,0.64,83.44,0.63,17.0,0.65,7.12,0.66,10.0,0.03,0.01,2347.329365,1776331748000
1776331749.887,249.887,0.35,4.92,0.34,10.0,0.36,73.0,0.37,32.0,0.64,74.0,0.63,17.0,0.65,4.92,0.66,10.0,0.01,0.01,2347.329365,1776331748000
1776331750.115,250.115,0.32,5.84,0.31,0.94,0.36,73.0,0.37,32.0,0.64,78.0,0.63,32.0,0.66,0.42,0.67,10.0,0.04,0.02,2347.329365,1776331748000
1776331750.346,250.346,0.33,10.0,0.32,5.84,0.35,20.0,0.36,26.0,0.64,73.0,0.63,32.0,0.68,5.84,0.69,0.94,0.02,0.04,2347.329365,1776331748000
1776331751.915,251.915,0.27,10.0,0.26,10.0,0.29,22.0,0.3,15.0,0.66,5.0,0.65,20.0,0.7,35.5,0.71,10.0,0.02,0.04,2347.20717,1776331750000
1776331752.124,252.124,0.25,4.77,0.24,10.0,0.27,12.0,0.28,31.0,0.72,28.0,0.71,89.0,0.74,6.93,0.75,8.6,0.02,0.02,2347.19755,1776331751000
1776331753.049,253.049,0.24,9.57,0.23,10.0,0.26,21.0,0.27,10.0,0.73,12.0,0.72,31.0,0.75,4.77,0.76,10.0,0.02,0.02,2347.19755,1776331751000
1776331753.383,253.383,0.24,4.37,0.23,10.0,0.26,85.0,0.27,20.0,0.74,21.0,0.73,10.0,0.76,9.57,0.77,10.0,0.02,0.02,2347.19755,1776331751000
1776331753.742,253.742,0.23,8.83,0.22,4.64,0.26,85.0,0.27,25.0,0.74,80.0,0.73,20.0,0.78,4.64,0.79,10.0,0.03,0.04,2347.19755,1776331751000
1776331754.05,254.05,0.21,9.73,0.2,10.0,0.23,74.0,0.24,37.0,0.74,85.0,0.73,25.0,0.8,29.87,0.81,10.0,0.02,0.06,2347.0644,1776331752000
1776331754.48,254.48,0.17,10.0,0.16,10.0,0.19,6.0,0.21,10.0,0.77,74.0,0.76,37.0,0.82,34.4,0.83,10.0,0.02,0.05,2346.944135,1776331753000
1776331754.898,254.898,0.18,12.56,0.17,10.0,0.19,6.0,0.21,5.0,0.81,6.0,0.79,10.0,0.83,10.0,0.84,10.0,0.01,0.02,2346.944135,1776331754000
1776331755.96,255.96,0.18,3.9,0.17,10.0,0.19,6.0,0.21,5.0,0.81,6.0,0.79,5.0,0.82,12.56,0.83,10.0,0.01,0.01,2346.937863,1776331755000
1776331757.249,257.249,0.2,15.0,0.19,10.0,0.22,49.36,0.23,10.0,0.81,6.0,0.79,5.0,0.82,3.9,0.83,10.0,0.02,0.01,2346.925935,1776331756000
1776331757.687,257.687,0.21,1.67,0.2,4.87,0.22,64.36,0.23,10.0,0.78,59.36,0.77,10.0,0.8,4.87,0.81,48.0,0.01,0.02,2346.925935,1776331756000
1776331758.407,258.407,0.19,43.31,0.18,3.9,0.22,59.36,0.23,10.0,0.78,64.36,0.77,10.0,0.79,0.4,0.8,4.87,0.03,0.01,2346.935425,1776331757000
1776331758.893,258.893,0.19,13.31,0.18,3.9,0.21,15.0,0.22,59.36,0.78,59.36,0.77,10.0,0.81,43.31,0.82,3.9,0.02,0.03,2346.935425,1776331757000
1776331759.865,259.865,0.17,0.53,0.16,60.0,0.19,95.0,0.2,15.0,0.79,15.0,0.78,59.36,0.82,3.9,0.83,10.0,0.02,0.03,2346.94141,1776331758000
1776331760.17,260.17,0.16,54.97,0.15,15.0,0.18,20.0,0.19,100.0,0.81,90.0,0.8,15.0,0.84,47.36,0.85,15.0,0.02,0.03,2346.94141,1776331758000
1776331760.613,260.613,0.14,10.0,0.13,45.0,0.18,99.0,0.19,43.0,0.82,15.0,0.81,100.0,0.84,34.97,0.85,15.0,0.04,0.02,2346.95535,1776331759000
1776331760.977,260.977,0.15,7.88,0.14,10.0,0.16,37.0,0.17,15.0,0.82,99.0,0.81,43.0,0.86,10.0,0.87,45.0,0.01,0.04,2346.95535,1776331759000
1776331761.22,261.22,0.13,35.26,0.12,44.1,0.16,22.0,0.17,15.0,0.84,37.0,0.83,15.0,0.85,7.88,0.86,10.0,0.03,0.01,2346.95535,1776331759000
1776331761.596,261.596,0.12,10.0,0.11,40.0,0.14,7.85,0.15,15.0,0.84,22.0,0.83,15.0,0.87,35.26,0.88,44.1,0.02,0.03,2346.94048,1776331760000
1776331762.45,262.45,0.12,10.0,0.11,97.0,0.14,0.42,0.15,15.0,0.85,15.0,0.84,72.0,0.88,10.0,0.89,40.0,0.02,0.03,2346.90287,1776331761000
1776331763.003,263.003,0.1,73.66,0.09,21.0,0.11,55.0,0.12,10.0,0.86,0.42,0.85,15.0,0.88,10.0,0.89,97.0,0.01,0.02,2346.90287,1776331761000
1776331763.236,263.236,0.13,7.77,0.12,79.0,0.15,10.0,0.16,10.0,0.87,10.0,0.85,10.0,0.9,20.0,0.91,21.0,0.02,0.03,2346.899895,1776331762000
1776331763.442,263.442,0.14,18.09,0.13,18.77,0.17,17.0,0.18,10.0,0.85,10.0,0.84,10.0,0.86,13.09,0.87,7.77,0.03,0.01,2346.899895,1776331762000
1776331763.875,263.875,0.17,10.0,0.16,40.0,0.19,10.0,0.2,10.0,0.83,17.0,0.82,6.05,0.85,15.0,0.86,10.0,0.02,0.02,2346.899895,1776331762000
1776331764.077,264.077,0.16,34.22,0.15,10.0,0.2,7.5,0.21,10.0,0.82,10.0,0.81,10.0,0.84,34.22,0.85,10.0,0.04,0.02,2346.899895,1776331762000
1776331764.389,264.389,0.18,5.12,0.17,10.0,0.19,10.0,0.2,10.0,0.78,10.0,0.77,17.0,0.84,34.22,0.85,10.0,0.01,0.06,2346.857395,1776331763000
1776331765.058,265.058,0.17,10.0,0.16,10.0,0.19,4.73,0.2,10.0,0.81,10.0,0.8,10.0,0.82,3.9,0.83,10.0,0.02,0.01,2346.857395,1776331763000
1776331765.325,265.325,0.16,7.97,0.15,10.0,0.19,4.73,0.2,10.0,0.81,4.73,0.8,10.0,0.83,10.0,0.84,10.0,0.03,0.02,2346.79063,1776331764000
1776331765.538,265.538,0.17,3.79,0.16,7.97,0.18,10.0,0.19,4.73,0.81,4.73,0.8,10.0,0.84,7.97,0.85,10.0,0.01,0.03,2346.79063,1776331764000
1776331766.072,266.072,0.16,7.97,0.15,10.0,0.18,2.0,0.19,29.11,0.82,10.0,0.81,4.73,0.83,2.58,0.84,7.97,0.02,0.01,2346.79063,1776331764000
1776331766.599,266.599,0.16,7.97,0.15,10.0,0.19,29.11,0.2,10.0,0.82,2.0,0.81,29.11,0.84,7.97,0.85,10.0,0.03,0.02,2346.78495,1776331765000
1776331767.011,267.011,0.16,6.77,0.15,10.0,0.18,10.0,0.19,123.4,0.81,29.11,0.8,10.0,0.84,7.97,0.85,10.0,0.02,0.03,2346.78495,1776331765000
1776331767.535,267.535,0.16,5.57,0.15,10.0,0.17,10.0,0.18,10.0,0.82,10.0,0.81,123.4,0.84,6.77,0.85,10.0,0.01,0.02,2346.869321,1776331766000
1776331769.022,269.022,0.18,15.0,0.16,34.0,0.21,3.61,0.22,10.0,0.83,10.0,0.82,10.0,0.84,5.57,0.85,10.0,0.03,0.01,2346.928943,1776331767000
1776331769.257,269.257,0.18,8.9,0.17,10.0,0.19,10.0,0.2,10.0,0.79,3.61,0.78,10.0,0.82,15.0,0.84,34.0,0.01,0.03,2346.851875,1776331768000
1776331770.306,270.306,0.15,10.0,0.14,15.0,0.18,10.0,0.19,10.0,0.81,10.0,0.8,10.0,0.82,8.9,0.83,10.0,0.03,0.01,2346.85792,1776331769000
1776331771.329,271.329,0.16,15.0,0.15,10.0,0.17,12.61,0.18,9.0,0.82,14.0,0.81,10.0,0.84,10.0,0.85,10.0,0.01,0.02,2346.85792,1776331769000
1776331771.566,271.566,0.15,4.64,0.14,15.0,0.17,3.25,0.18,9.0,0.83,8.25,0.82,9.0,0.85,9.64,0.86,15.0,0.02,0.02,2346.9515,1776331770000
1776331773.017,273.017,0.13,22.16,0.12,27.0,0.16,15.0,0.17,3.25,0.83,3.25,0.82,9.0,0.85,4.64,0.86,15.0,0.03,0.02,2346.9616,1776331772000
1776331774.514,274.514,0.13,15.01,0.12,27.0,0.14,10.0,0.15,10.0,0.84,15.0,0.83,3.25,0.87,22.16,0.88,27.0,0.01,0.03,2346.9516,1776331773000
1776331775.238,275.238,0.12,21.61,0.11,36.0,0.14,10.0,0.15,10.0,0.86,10.0,0.85,10.0,0.87,15.01,0.88,27.0,0.02,0.01,2346.9516,1776331773000
1776331776.073,276.073,0.12,14.61,0.11,36.0,0.15,8.0,0.16,10.0,0.86,10.0,0.85,10.0,0.88,21.61,0.89,36.0,0.03,0.02,2346.885135,1776331774000
1776331776.748,276.748,0.12,9.61,0.11,36.0,0.16,10.0,0.17,3.25,0.85,8.0,0.84,10.0,0.88,14.61,0.89,36.0,0.04,0.03,2346.94655,1776331775000
1776331777.615,277.615,0.12,9.61,0.11,23.0,0.14,10.0,0.15,10.0,0.84,10.0,0.83,3.25,0.88,9.61,0.89,36.0,0.02,0.04,2346.94655,1776331776000
1776331778.455,278.455,0.15,12.16,0.12,4.61,0.16,10.0,0.17,3.25,0.86,10.0,0.85,10.0,0.88,9.61,0.89,23.0,0.01,0.02,2346.94655,1776331777000
1776331778.763,278.763,0.15,0.39,0.12,4.61,0.16,15.0,0.17,3.25,0.84,10.0,0.83,3.25,0.85,12.16,0.88,4.61,0.01,0.01,2346.94655,1776331777000
1776331779.2,279.2,0.15,0.39,0.12,4.61,0.16,3.75,0.17,3.25,0.84,15.0,0.83,3.25,0.85,0.39,0.88,4.61,0.01,0.01,2346.9566,1776331778000
1776331779.84,279.84,0.11,3.69,0.1,15.0,0.13,15.0,0.14,10.0,0.84,8.75,0.83,3.25,0.89,21.69,0.9,15.0,0.02,0.05,2346.9566,1776331778000
1776331780.295,280.295,0.09,14.49,0.08,34.0,0.12,15.0,0.13,10.0,0.87,15.0,0.86,10.0,0.89,3.69,0.9,15.0,0.03,0.02,2346.90441,1776331779000
1776331780.572,280.572,0.08,22.0,0.07,24.0,0.1,37.0,0.11,290.0,0.88,15.0,0.87,10.0,0.91,14.49,0.92,34.0,0.02,0.03,2346.90441,1776331779000
1776331780.787,280.787,0.07,9.0,0.06,26.0,0.09,20.0,0.1,32.0,0.91,15.0,0.9,32.0,0.93,24.0,0.94,26.0,0.02,0.02,2346.90441,1776331779000
1776331781.29,281.29,0.07,7.92,0.06,26.0,0.09,15.0,0.1,32.0,0.91,20.0,0.9,32.0,0.93,9.0,0.94,26.0,0.02,0.02,2346.90441,1776331779000
1776331781.511,281.511,0.07,6.84,0.06,26.0,0.09,20.0,0.1,32.0,0.91,15.0,0.9,32.0,0.93,7.92,0.94,26.0,0.02,0.02,2346.89441,1776331780000
1776331782.048,282.048,0.05,46.56,0.04,80.0,0.07,46.0,0.08,20.0,0.93,15.0,0.92,15.0,0.94,1.0,0.95,56.56,0.02,0.01,2346.88882,1776331781000
1776331782.271,282.271,0.05,40.35,0.04,80.0,0.06,83.0,0.07,10.0,0.94,10.0,0.93,25.0,0.95,45.5,0.96,80.0,0.01,0.01,2346.88882,1776331781000
1776331782.813,282.813,0.05,79.35,0.04,80.0,0.06,53.83,0.07,10.0,0.94,91.0,0.93,10.0,0.95,40.35,0.96,80.0,0.01,0.01,2346.88882,1776331781000
1776331783.333,283.333,0.05,53.49,0.04,80.0,0.06,26.0,0.07,10.0,0.94,53.83,0.93,10.0,0.95,79.35,0.96,80.0,0.01,0.01,2346.83945,1776331782000
1776331784.43,284.43,0.05,28.86,0.04,80.0,0.06,26.0,0.07,10.0,0.94,26.0,0.93,10.0,0.95,42.96,0.96,80.0,0.01,0.01,2346.817419,1776331783000
1776331784.773,284.773,0.05,23.59,0.04,80.0,0.06,26.0,0.07,10.0,0.94,26.0,0.93,10.0,0.95,28.86,0.96,80.0,0.01,0.01,2346.817419,1776331783000
1776331786.208,286.208,0.05,13.33,0.04,70.0,0.06,41.0,0.07,10.0,0.94,26.0,0.93,10.0,0.95,23.59,0.96,80.0,0.01,0.01,2346.739135,1776331784000
1776331786.503,286.503,0.04,34.48,0.03,164.0,0.06,41.0,0.07,10.0,0.94,36.0,0.93,10.0,0.95,6.22,0.96,70.0,0.02,0.01,2346.780085,1776331785000
1776331787.162,287.162,0.04,39.48,0.03,164.0,0.07,6.31,0.08,10.0,0.94,41.0,0.93,10.0,0.96,34.48,0.97,164.0,0.03,0.02,2346.780085,1776331785000
1776331787.992,287.992,0.04,27.37,0.03,164.0,0.05,15.0,0.06,10.0,0.95,10.0,0.94,10.0,0.96,33.42,0.97,164.0,0.01,0.01,2346.766105,1776331786000
1776331788.789,288.789,0.04,26.37,0.03,154.0,0.05,20.0,0.06,15.0,0.95,15.0,0.94,10.0,0.96,27.37,0.97,164.0,0.01,0.01,2346.76491,1776331787000
1776331789.026,289.026,0.04,15.95,0.03,154.0,0.05,20.0,0.06,15.0,0.95,20.0,0.94,15.0,0.96,26.37,0.97,154.0,0.01,0.01,2346.76491,1776331787000
1776331789.385,289.385,0.04,3.99,0.03,154.0,0.05,15.0,0.06,15.0,0.95,15.0,0.94,10.0,0.96,5.74,0.97,154.0,0.01,0.01,2346.763845,1776331788000
1776331789.658,289.658,0.03,144.0,0.02,237.0,0.04,15.0,0.05,7.0,0.95,12.0,0.94,15.0,0.97,154.0,0.98,237.0,0.01,0.02,2346.763845,1776331788000
1776331789.88,289.88,0.03,129.0,0.02,237.0,0.04,4.91,0.05,7.0,0.96,15.0,0.95,7.0,0.97,134.0,0.98,237.0,0.01,0.01,2346.763845,1776331788000
1776331790.261,290.261,0.03,129.0,0.02,237.0,0.09,8.32,0.1,90.0,0.96,4.91,0.95,7.0,0.97,129.0,0.98,237.0,0.06,0.01,2346.79925,1776331789000
1776331790.469,290.469,0.03,116.17,0.02,197.0,0.04,10.0,0.05,10.0,0.96,10.0,0.95,10.0,0.97,128.84,0.98,197.0,0.01,0.01,2346.79925,1776331789000
1776331791.532,291.532,0.02,197.0,0.01,1751.85,0.04,10.0,0.05,15.0,0.96,10.0,0.95,10.0,0.97,116.17,0.98,197.0,0.02,0.01,2346.781768,1776331790000
1776331792.173,292.173,0.02,191.67,0.01,1751.85,0.03,10.0,0.04,10.0,0.96,10.0,0.95,15.0,0.98,197.0,0.99,1751.85,0.01,0.02,2346.781768,1776331790000
1776331794.133,294.133,0.02,175.64,0.01,1591.85,0.03,15.0,0.04,10.0,0.97,10.0,0.96,10.0,0.98,191.67,0.99,1751.85,0.01,0.01,2346.733785,1776331792000
1776331794.437,294.437,0.02,170.55,0.01,1591.85,0.03,22.0,0.04,10.0,0.97,15.0,0.96,10.0,0.98,175.64,0.99,1591.85,0.01,0.01,2346.77495,1776331793000
1776331794.725,294.725,0.02,138.9,0.01,1581.85,0.03,22.0,0.04,10.0,0.97,22.0,0.96,10.0,0.98,154.11,0.99,1591.85,0.01,0.01,2346.77495,1776331793000
1776331795.168,295.168,0.02,137.87,0.01,1581.85,0.03,22.0,0.04,10.0,0.97,22.0,0.96,10.0,0.98,138.9,0.99,1581.85,0.01,0.01,2346.77495,1776331793000
1776331795.7,295.7,0.02,131.75,0.01,1581.85,0.03,22.0,0.04,10.0,0.97,22.0,0.96,10.0,0.98,137.87,0.99,1581.85,0.01,0.01,2346.70875,1776331794000
1776331795.923,295.923,0.02,79.75,0.01,1581.85,0.03,22.0,0.04,10.0,0.97,22.0,0.96,10.0,0.98,131.75,0.99,1581.85,0.01,0.01,2346.70875,1776331794000
1776331796.318,296.318,0.02,29.75,0.01,1581.85,0.03,22.0,0.04,10.0,0.97,22.0,0.96,10.0,0.98,79.75,0.99,1581.85,0.01,0.01,2346.70875,1776331794000
1776331796.713,296.713,0.01,1561.73,,,0.02,22.0,0.03,15.0,0.98,10.0,0.97,22.0,0.99,1580.73,,,0.01,0.01,2346.70875,1776331794000
1776331796.93,296.93,0.01,2033.68,,,0.02,154.0,0.03,15.0,0.98,154.0,0.97,15.0,0.99,1534.7,,,0.01,0.01,2346.70875,1776331794000
1776331797.303,297.303,0.01,1895.57,,,0.02,136.51,0.03,15.0,0.98,136.51,0.97,15.0,0.99,1890.83,,,0.01,0.01,2346.70875,1776331794000
1776331797.515,297.515,0.01,978.13,,,0.02,136.51,0.03,15.0,0.98,136.51,0.97,15.0,0.99,988.13,,,0.01,0.01,2346.70875,1776331794000
1776331797.72,297.72,0.01,349.81,,,0.02,136.51,0.03,15.0,0.98,136.51,0.97,15.0,0.99,366.81,,,0.01,0.01,2346.70875,1776331794000
1776331797.921,297.921,0.01,255.73,,,0.02,136.51,0.03,15.0,0.98,136.51,0.97,15.0,0.99,311.28,,,0.01,0.01,2346.70875,1776331794000
1776331798.18,298.18,0.01,119.08,,,0.02,136.51,0.03,15.0,0.98,136.51,0.97,15.0,0.99,147.08,,,0.01,0.01,2346.70875,1776331794000
1776331798.402,298.402,0.01,52.66,,,0.02,91.51,0.03,15.0,0.98,91.51,0.97,15.0,0.99,57.71,,,0.01,0.01,2346.70875,1776331794000
1776331798.886,298.886,,,,,0.01,5044.28,0.02,91.51,0.98,86.51,0.97,15.0,,,,,,,2346.79139,1776331797000
1776331800.929,300.929,,,,,0.01,47545.75,0.02,86.51,0.99,5042.03,0.98,91.51,,,,,,,2346.76439,1776331799000

# RESULT,winner=Down,slug=eth-updown-5m-1776331500,ticks=373
