timestamp,elapsed_sec,up_bid_p1,up_bid_s1,up_bid_p2,up_bid_s2,up_ask_p1,up_ask_s1,up_ask_p2,up_ask_s2,down_bid_p1,down_bid_s1,down_bid_p2,down_bid_s2,down_ask_p1,down_ask_s1,down_ask_p2,down_ask_s2,up_spread,down_spread,eth_price,eth_oracle_ts
1776293101.112,1.112,0.48,10.68,0.46,150.0,0.53,5.41,0.54,150.0,0.47,5.41,0.46,150.0,0.52,10.68,0.54,150.0,0.05,0.05,2370.114515,1776293100000
1776293102.487,2.487,0.48,5.63,0.44,5.59,0.49,8.79,0.51,61.0,0.47,5.41,0.46,150.0,0.52,10.68,0.54,150.0,0.01,0.05,2369.902762,1776293101000
1776293103.013,3.013,0.48,10.63,0.44,15.59,0.49,17.64,0.51,25.0,0.51,8.79,0.49,61.0,0.52,5.63,0.56,5.59,0.01,0.01,2369.902762,1776293101000
1776293103.273,3.273,0.48,5.63,0.44,25.59,0.49,22.64,0.5,10.0,0.51,17.64,0.49,25.0,0.52,10.63,0.56,15.59,0.01,0.01,2369.778047,1776293102000
1776293103.799,3.799,0.48,2.63,0.44,5.59,0.49,108.64,0.5,39.0,0.51,22.64,0.5,10.0,0.52,5.63,0.56,25.59,0.01,0.01,2369.778047,1776293102000
1776293104.269,4.269,0.44,5.59,0.42,11.0,0.49,203.64,0.5,39.0,0.51,108.64,0.5,39.0,0.52,2.63,0.56,5.59,0.05,0.01,2369.778047,1776293102000
1776293104.49,4.49,0.44,2.53,0.42,11.0,0.47,10.0,0.49,138.64,0.51,203.64,0.5,39.0,0.56,5.59,0.58,11.0,0.03,0.05,2369.80378,1776293103000
1776293104.892,4.892,0.37,25.0,0.34,10.0,0.38,1.21,0.39,15.0,0.53,10.0,0.51,138.64,0.58,9.99,0.59,21.0,0.01,0.05,2369.80378,1776293103000
1776293105.619,5.619,0.38,9.0,0.37,40.0,0.41,5.0,0.42,15.0,0.61,19.07,0.6,15.0,0.63,30.0,0.66,10.0,0.03,0.02,2369.736653,1776293104000
1776293105.826,5.826,0.39,13.36,0.38,8.7,0.4,1.22,0.41,10.0,0.6,10.0,0.59,15.0,0.61,3.36,0.62,8.7,0.01,0.01,2369.736653,1776293104000
1776293106.34,6.34,0.41,5.0,0.4,15.0,0.42,15.0,0.43,10.0,0.59,10.0,0.58,15.0,0.61,13.36,0.62,8.7,0.01,0.02,2369.736653,1776293104000
1776293106.54,6.54,0.4,10.0,0.39,18.36,0.41,10.0,0.42,15.0,0.58,12.61,0.57,10.0,0.6,15.0,0.61,13.36,0.01,0.02,2369.149521,1776293105000
1776293109.174,9.174,0.42,10.0,0.41,65.0,0.43,15.95,0.44,10.0,0.59,10.0,0.58,15.0,0.6,10.0,0.61,18.36,0.01,0.01,2369.194963,1776293108000
1776293109.803,9.803,0.42,3.27,0.41,65.0,0.43,5.95,0.44,10.0,0.57,5.95,0.56,10.0,0.58,8.27,0.59,65.0,0.01,0.01,2369.194963,1776293108000
1776293110.402,10.402,0.42,13.27,0.41,75.0,0.43,0.95,0.47,15.0,0.57,5.95,0.56,10.0,0.58,3.27,0.59,65.0,0.01,0.01,2369.334925,1776293109000
1776293110.763,10.763,0.42,23.27,0.41,101.0,0.43,1.9,0.44,5.0,0.57,0.95,0.53,25.0,0.58,13.27,0.59,91.0,0.01,0.01,2369.334925,1776293109000
1776293111.432,11.432,0.42,84.59,0.41,91.0,0.43,1.9,0.45,45.5,0.57,1.9,0.56,5.0,0.58,23.27,0.59,101.0,0.01,0.01,2369.414344,1776293110000
1776293112.126,12.126,0.45,45.0,0.44,46.5,0.46,4.39,0.47,26.0,0.55,5.5,0.54,10.5,0.56,15.0,0.57,20.5,0.01,0.01,2369.414344,1776293110000
1776293112.672,12.672,0.46,91.35,0.45,60.5,0.47,24.0,0.48,41.5,0.53,164.5,0.52,57.62,0.54,96.35,0.55,45.0,0.01,0.01,2369.562682,1776293111000
1776293113.548,13.548,0.46,124.46,0.45,112.74,0.47,13.36,0.48,21.0,0.53,24.0,0.52,41.5,0.54,91.35,0.55,60.5,0.01,0.01,2369.645815,1776293112000
1776293113.764,13.764,0.5,10.0,0.49,20.2,0.52,5.0,0.53,55.0,0.49,1.35,0.48,5.0,0.5,10.0,0.52,10.0,0.02,0.01,2369.645815,1776293112000
1776293114.931,14.931,0.51,25.0,0.5,25.0,0.52,3.07,0.53,60.0,0.48,5.0,0.47,55.0,0.5,10.0,0.51,20.2,0.01,0.02,2369.67745,1776293113000
1776293115.971,15.971,0.51,45.0,0.5,25.0,0.52,7.07,0.53,81.28,0.48,3.07,0.47,60.0,0.49,25.0,0.5,25.0,0.01,0.01,2369.854905,1776293114000
1776293116.461,16.461,0.51,43.86,0.5,25.0,0.52,7.07,0.53,60.0,0.48,7.07,0.47,81.28,0.49,45.0,0.5,25.0,0.01,0.01,2370.234435,1776293115000
1776293116.807,16.807,0.51,48.86,0.5,27.0,0.52,0.07,0.53,55.0,0.48,7.07,0.47,60.0,0.49,43.86,0.5,25.0,0.01,0.01,2370.234435,1776293115000
1776293117.099,17.099,0.54,15.0,0.53,15.0,0.57,3.94,0.58,5.0,0.45,5.0,0.44,5.0,0.48,10.0,0.49,48.86,0.03,0.03,2370.234435,1776293115000
1776293118.829,18.829,0.56,20.0,0.55,21.0,0.57,6.72,0.58,16.0,0.43,3.94,0.42,5.0,0.46,15.0,0.47,15.0,0.01,0.03,2370.262335,1776293117000
1776293122.519,22.519,0.59,82.0,0.58,45.0,0.6,2.5,0.61,5.0,0.43,6.72,0.42,16.0,0.44,20.0,0.45,21.0,0.01,0.01,2370.754445,1776293121000
1776293122.982,22.982,0.59,86.0,0.58,45.0,0.62,10.0,0.63,65.0,0.4,2.5,0.39,5.0,0.41,82.0,0.42,45.0,0.03,0.01,2370.754445,1776293121000
1776293123.632,23.632,0.6,36.0,0.59,81.0,0.62,18.5,0.63,65.0,0.38,10.0,0.37,65.0,0.41,86.0,0.42,45.0,0.02,0.03,2370.7949,1776293122000
1776293123.943,23.943,0.6,30.0,0.59,65.0,0.61,8.41,0.62,13.5,0.38,18.5,0.37,65.0,0.4,36.0,0.41,81.0,0.01,0.02,2370.7949,1776293122000
1776293124.563,24.563,0.6,45.0,0.59,65.0,0.61,34.69,0.62,24.0,0.39,33.76,0.38,13.5,0.4,30.0,0.41,65.0,0.01,0.01,2370.793525,1776293123000
1776293124.813,24.813,0.6,50.0,0.59,65.0,0.62,22.96,0.63,65.0,0.39,18.29,0.38,24.0,0.4,45.0,0.41,65.0,0.02,0.01,2370.793525,1776293123000
1776293125.898,25.898,0.58,11.0,0.57,11.0,0.61,55.5,0.62,108.84,0.38,22.96,0.37,65.0,0.4,50.0,0.41,65.0,0.03,0.02,2370.814305,1776293124000
1776293126.389,26.389,0.56,6.59,0.55,31.5,0.57,30.0,0.58,20.0,0.41,20.0,0.4,10.0,0.42,6.0,0.43,11.0,0.01,0.01,2370.815995,1776293125000
1776293127.054,27.054,0.55,31.5,0.54,22.0,0.57,35.0,0.58,40.0,0.43,44.64,0.42,20.0,0.44,3.18,0.45,31.5,0.02,0.01,2370.815995,1776293125000
1776293128.987,28.987,0.55,34.16,0.54,20.0,0.56,30.0,0.57,25.0,0.44,20.0,0.43,30.0,0.45,26.5,0.46,27.0,0.01,0.01,2370.666785,1776293127000
1776293130.021,30.021,0.55,36.78,0.54,20.0,0.56,45.0,0.57,25.0,0.44,30.0,0.43,25.0,0.45,34.16,0.46,20.0,0.01,0.01,2370.612477,1776293128000
1776293137.454,37.454,0.56,5.0,0.55,40.0,0.57,8.71,0.58,127.19,0.44,45.0,0.43,25.0,0.45,36.78,0.46,20.0,0.01,0.01,2370.626211,1776293136000
1776293138.269,38.269,0.56,5.0,0.55,60.5,0.57,3.71,0.58,81.69,0.43,13.71,0.42,127.19,0.45,35.0,0.46,52.5,0.01,0.02,2370.626211,1776293136000
1776293139.674,39.674,0.56,5.0,0.55,60.5,0.57,2.42,0.58,81.69,0.43,3.71,0.42,81.69,0.44,5.0,0.45,60.5,0.01,0.01,2370.58606,1776293138000
1776293140.416,40.416,0.56,25.0,0.55,60.5,0.57,12.13,0.58,76.69,0.43,2.42,0.42,81.69,0.44,5.0,0.45,60.5,0.01,0.01,2370.564511,1776293139000
1776293141.079,41.079,0.56,30.0,0.55,65.5,0.57,17.13,0.58,76.69,0.43,12.13,0.42,76.69,0.44,25.0,0.45,60.5,0.01,0.01,2370.564511,1776293139000
1776293141.401,41.401,0.56,22.72,0.55,65.5,0.57,32.0,0.58,76.53,0.42,76.53,0.41,83.5,0.44,20.0,0.45,65.5,0.01,0.02,2370.564511,1776293139000
1776293141.668,41.668,0.56,35.5,0.55,65.5,0.57,9.71,0.58,45.53,0.43,32.0,0.42,76.53,0.44,22.72,0.45,65.5,0.01,0.01,2370.564511,1776293139000
1776293142.461,42.461,0.57,124.5,0.56,61.5,0.58,17.24,0.59,10.0,0.43,9.71,0.42,45.53,0.44,35.5,0.45,65.5,0.01,0.01,2370.565045,1776293141000
1776293142.704,42.704,0.58,115.07,0.57,104.5,0.59,10.0,0.61,15.0,0.41,10.0,0.39,15.0,0.43,152.5,0.44,67.5,0.01,0.02,2370.565045,1776293141000
1776293143.082,43.082,0.61,20.0,0.6,82.0,0.62,20.0,0.63,94.5,0.39,15.0,0.38,10.0,0.41,18.6,0.42,120.07,0.01,0.02,2370.565045,1776293141000
1776293144.359,44.359,0.6,15.0,0.59,10.0,0.62,162.59,0.63,110.5,0.38,20.0,0.37,94.5,0.39,20.0,0.4,82.0,0.02,0.01,2370.552645,1776293142000
1776293145.062,45.062,0.59,5.0,0.58,10.0,0.6,109.74,0.61,32.0,0.39,46.5,0.38,148.59,0.4,4.0,0.41,10.0,0.01,0.01,2370.671842,1776293143000
1776293145.601,45.601,0.59,153.5,0.58,51.5,0.6,1.84,0.63,60.0,0.4,109.74,0.39,32.0,0.41,5.0,0.42,10.0,0.01,0.01,2370.744345,1776293144000
1776293145.923,45.923,0.62,91.78,0.61,30.5,0.63,65.0,0.65,70.0,0.37,60.0,0.36,13.0,0.41,113.5,0.42,51.5,0.01,0.04,2370.744345,1776293144000
1776293149.667,49.667,0.65,18.0,0.64,82.0,0.66,84.0,0.67,70.5,0.37,65.0,0.35,70.0,0.38,82.91,0.39,30.5,0.01,0.01,2371.061295,1776293148000
1776293150.775,50.775,0.66,112.0,0.65,79.5,0.67,3.0,0.68,5.0,0.34,84.0,0.33,70.5,0.35,18.0,0.36,82.0,0.01,0.01,2371.065115,1776293149000
1776293151.592,51.592,0.7,64.72,0.69,55.0,0.71,100.0,0.72,130.0,0.31,10.0,0.3,80.5,0.32,15.0,0.33,10.0,0.01,0.01,2371.08006,1776293150000
1776293152.658,52.658,0.71,102.0,0.7,63.22,0.72,21.0,0.73,76.5,0.28,35.0,0.27,60.5,0.29,35.0,0.3,59.22,0.01,0.01,2371.12856,1776293151000
1776293154.154,54.154,0.72,82.0,0.71,71.0,0.73,21.0,0.74,60.11,0.28,21.0,0.27,76.5,0.29,102.0,0.3,63.22,0.01,0.01,2371.292355,1776293152000
1776293155.44,55.44,0.72,97.0,0.71,191.0,0.73,1.18,0.74,14.0,0.27,21.0,0.26,60.11,0.28,82.0,0.29,71.0,0.01,0.01,2371.587125,1776293154000
1776293155.683,55.683,0.73,82.0,0.72,187.0,0.74,4.18,0.76,25.0,0.26,9.18,0.24,50.0,0.28,97.0,0.29,191.0,0.01,0.02,2371.587125,1776293154000
1776293155.969,55.969,0.73,140.0,0.72,171.0,0.74,2.82,0.76,25.0,0.26,4.18,0.24,25.0,0.27,82.0,0.28,187.0,0.01,0.01,2371.587125,1776293154000
1776293156.407,56.407,0.73,313.5,0.72,181.5,0.74,11.89,0.79,80.0,0.26,1.46,0.24,25.0,0.27,273.0,0.28,171.0,0.01,0.01,2371.606644,1776293155000
1776293156.746,56.746,0.78,39.9,0.77,10.0,0.79,80.0,0.8,27.26,0.26,11.89,0.21,80.0,0.27,313.5,0.28,181.5,0.01,0.01,2371.606644,1776293155000
1776293157.143,57.143,0.78,49.9,0.77,10.0,0.79,112.75,0.8,62.26,0.21,75.0,0.2,27.26,0.22,39.9,0.23,10.0,0.01,0.01,2371.71787,1776293156000
1776293157.913,57.913,0.78,94.9,0.77,26.0,0.79,60.75,0.8,27.26,0.21,112.75,0.2,62.26,0.22,49.9,0.23,10.0,0.01,0.01,2371.71787,1776293156000
1776293158.294,58.294,0.78,81.35,0.77,31.0,0.79,60.75,0.8,27.26,0.21,60.75,0.2,27.26,0.22,85.9,0.23,26.0,0.01,0.01,2372.049581,1776293157000
1776293159.316,59.316,0.78,86.35,0.77,31.0,0.79,54.42,0.8,47.26,0.21,60.75,0.2,27.26,0.22,81.35,0.23,31.0,0.01,0.01,2372.11843,1776293158000
1776293160.414,60.414,0.78,91.35,0.77,41.5,0.8,37.37,0.81,92.29,0.21,54.42,0.2,47.26,0.22,86.35,0.23,31.0,0.02,0.01,2372.11843,1776293158000
1776293160.81,60.81,0.79,103.5,0.78,72.5,0.8,11.77,0.81,67.29,0.2,37.37,0.19,92.29,0.22,91.35,0.23,41.5,0.01,0.02,2372.20928,1776293159000
1776293161.938,61.938,0.79,120.69,0.78,55.5,0.8,1.77,0.81,62.29,0.2,11.77,0.19,67.29,0.21,103.5,0.22,72.5,0.01,0.01,2372.219265,1776293160000
1776293162.399,62.399,0.8,35.0,0.79,85.69,0.81,55.32,0.82,12.29,0.19,56.56,0.18,12.29,0.21,120.69,0.22,55.5,0.01,0.02,2372.220825,1776293161000
1776293162.993,62.993,0.8,51.25,0.79,49.69,0.81,55.32,0.82,12.29,0.19,55.32,0.18,12.29,0.2,35.0,0.21,85.69,0.01,0.01,2372.220825,1776293161000
1776293163.749,63.749,0.8,90.25,0.79,38.5,0.81,2.32,0.82,12.29,0.19,55.32,0.18,12.29,0.2,51.25,0.21,49.69,0.01,0.01,2372.44744,1776293162000
1776293164.307,64.307,0.8,157.25,0.79,138.5,0.82,19.58,0.83,12.29,0.19,2.32,0.18,12.29,0.2,90.25,0.21,38.5,0.02,0.01,2372.586815,1776293163000
1776293164.696,64.696,0.81,62.42,0.8,179.25,0.82,24.58,0.83,22.29,0.18,19.58,0.17,12.29,0.2,157.25,0.21,138.5,0.01,0.02,2372.586815,1776293163000
1776293167.231,67.231,0.81,135.0,0.8,312.5,0.82,46.55,0.83,29.4,0.18,24.58,0.17,22.29,0.19,62.42,0.2,179.25,0.01,0.01,2372.606828,1776293166000
1776293167.438,67.438,0.81,139.75,0.8,307.5,0.82,79.32,0.83,32.29,0.18,46.55,0.17,29.4,0.19,135.0,0.2,312.5,0.01,0.01,2372.606828,1776293166000
1776293167.707,67.707,0.81,69.75,0.8,272.5,0.82,110.32,0.83,42.79,0.18,79.32,0.17,32.29,0.19,137.01,0.2,307.5,0.01,0.01,2372.606828,1776293166000
1776293168.415,68.415,0.81,5.69,0.8,172.5,0.82,122.43,0.83,68.29,0.18,110.32,0.17,42.79,0.19,11.75,0.2,272.5,0.01,0.01,2372.598198,1776293167000
1776293168.665,68.665,0.81,1.27,0.8,172.5,0.82,127.83,0.83,73.29,0.18,122.43,0.17,68.29,0.19,5.69,0.2,172.5,0.01,0.01,2372.598198,1776293167000
1776293168.88,68.88,0.8,136.98,0.78,10.0,0.81,15.0,0.82,191.83,0.18,159.83,0.17,73.29,0.2,144.98,0.22,10.0,0.01,0.02,2372.598198,1776293167000
1776293169.439,69.439,0.78,10.0,0.76,30.0,0.79,27.31,0.8,30.0,0.19,30.0,0.18,171.83,0.22,10.0,0.24,20.0,0.01,0.03,2372.540815,1776293168000
1776293170.664,70.664,0.78,9.54,0.76,152.89,0.79,103.11,0.8,166.93,0.21,27.31,0.2,30.0,0.22,10.0,0.24,30.0,0.01,0.01,2372.429086,1776293169000
1776293171.286,71.286,0.78,2.54,0.76,52.0,0.79,202.68,0.8,166.93,0.21,103.11,0.2,166.93,0.22,2.54,0.24,152.89,0.01,0.01,2372.429086,1776293169000
1776293172.74,72.74,0.78,7.54,0.76,35.0,0.79,279.57,0.8,223.47,0.21,202.68,0.2,166.93,0.22,2.54,0.24,52.0,0.01,0.01,2371.872889,1776293171000
1776293173.113,73.113,0.76,25.0,0.75,50.0,0.79,368.07,0.8,207.97,0.21,254.57,0.2,223.47,0.22,7.54,0.24,35.0,0.03,0.01,2371.872889,1776293171000
1776293174.409,74.409,0.76,2.29,0.75,45.0,0.77,270.3,0.78,83.0,0.23,33.0,0.22,53.5,0.24,2.29,0.25,45.0,0.01,0.01,2371.877659,1776293172000
1776293174.718,74.718,0.75,45.0,0.74,50.5,0.76,177.68,0.77,149.3,0.23,289.3,0.22,133.5,0.25,45.0,0.26,35.0,0.01,0.02,2371.877659,1776293172000
1776293175.277,75.277,0.75,167.5,0.74,50.5,0.77,21.0,0.78,21.0,0.24,177.68,0.23,149.3,0.25,45.0,0.26,50.5,0.02,0.01,2371.869535,1776293173000
1776293175.674,75.674,0.76,17.0,0.75,45.0,0.77,234.11,0.78,62.0,0.23,64.0,0.22,42.0,0.24,20.0,0.25,115.5,0.01,0.01,2371.745142,1776293174000
1776293176.706,76.706,0.69,29.55,0.68,35.0,0.71,90.33,0.72,6.0,0.23,218.11,0.22,62.0,0.24,10.0,0.25,35.0,0.02,0.01,2371.696983,1776293175000
1776293176.989,76.989,0.69,18.43,0.68,35.0,0.7,21.66,0.71,55.0,0.29,195.57,0.28,46.0,0.31,23.43,0.32,35.0,0.01,0.02,2371.696983,1776293175000
1776293179.07,79.07,0.68,45.5,0.67,135.5,0.7,115.0,0.71,170.0,0.3,21.66,0.29,55.0,0.31,2.81,0.32,35.0,0.02,0.01,2370.83091,1776293177000
1776293179.82,79.82,0.68,15.5,0.67,140.5,0.69,80.01,0.7,110.0,0.31,13.44,0.3,110.0,0.32,45.5,0.33,135.5,0.01,0.01,2371.083852,1776293178000
1776293180.969,80.969,0.68,6.21,0.67,90.5,0.69,111.01,0.7,110.0,0.31,80.01,0.3,110.0,0.32,15.5,0.33,140.5,0.01,0.01,2371.02414,1776293179000
1776293181.822,81.822,0.68,7.42,0.67,55.5,0.69,129.0,0.7,142.0,0.31,111.01,0.3,110.0,0.32,6.21,0.33,90.5,0.01,0.01,2371.012265,1776293180000
1776293182.066,82.066,0.68,17.92,0.67,55.5,0.69,146.17,0.7,142.0,0.31,129.0,0.3,142.0,0.32,7.42,0.33,55.5,0.01,0.01,2371.012265,1776293180000
1776293182.341,82.341,0.68,48.63,0.67,65.5,0.69,12.0,0.7,42.0,0.31,95.17,0.3,142.0,0.32,37.92,0.33,65.5,0.01,0.01,2371.012265,1776293180000
1776293182.666,82.666,0.69,10.0,0.68,64.13,0.7,46.0,0.71,146.8,0.3,52.0,0.29,130.8,0.32,69.13,0.33,65.5,0.01,0.02,2371.032225,1776293181000
1776293183.86,83.86,0.69,17.5,0.68,25.5,0.7,80.74,0.71,146.8,0.3,46.0,0.29,146.8,0.31,10.0,0.32,64.13,0.01,0.01,2371.029577,1776293182000
1776293184.721,84.721,0.69,42.5,0.68,40.5,0.7,7.0,0.71,156.8,0.3,80.74,0.29,146.8,0.31,17.5,0.32,25.5,0.01,0.01,2371.222332,1776293183000
1776293185.04,85.04,0.69,115.5,0.68,45.5,0.7,22.0,0.71,178.8,0.3,7.0,0.29,156.8,0.31,42.5,0.32,40.5,0.01,0.01,2371.222332,1776293183000
1776293185.797,85.797,0.69,79.5,0.68,61.97,0.7,152.8,0.71,211.8,0.3,17.0,0.29,178.8,0.31,99.5,0.32,45.5,0.01,0.01,2371.413487,1776293184000
1776293186.028,86.028,0.69,102.5,0.68,66.97,0.7,54.0,0.71,211.8,0.3,54.0,0.29,211.8,0.31,108.5,0.32,56.97,0.01,0.01,2371.413487,1776293184000
1776293186.243,86.243,0.69,90.5,0.68,81.97,0.7,39.0,0.71,170.8,0.3,54.0,0.29,186.8,0.31,86.5,0.32,71.97,0.01,0.01,2371.413487,1776293184000
1776293187.369,87.369,0.69,9.5,0.68,71.97,0.7,49.0,0.71,166.8,0.29,170.8,0.28,60.0,0.31,95.0,0.32,81.97,0.01,0.02,2371.383155,1776293185000
1776293187.897,87.897,0.68,70.47,0.67,65.5,0.7,83.0,0.71,191.8,0.3,49.0,0.29,166.8,0.31,9.5,0.32,71.97,0.02,0.01,2371.394706,1776293186000
1776293188.135,88.135,0.68,43.97,0.67,70.5,0.69,72.0,0.7,49.0,0.31,11.0,0.3,78.0,0.32,39.47,0.33,65.5,0.01,0.01,2371.394706,1776293186000
1776293189.052,89.052,0.68,10.97,0.67,45.5,0.69,48.0,0.7,49.0,0.31,55.0,0.3,49.0,0.32,10.97,0.33,70.5,0.01,0.01,2371.396175,1776293187000
1776293189.362,89.362,0.68,10.97,0.67,45.5,0.69,89.39,0.7,49.0,0.31,48.0,0.3,49.0,0.32,10.97,0.33,45.5,0.01,0.01,2371.363621,1776293188000
1776293190.677,90.677,0.68,31.97,0.67,66.5,0.69,51.39,0.7,49.0,0.31,89.39,0.3,49.0,0.32,10.97,0.33,45.5,0.01,0.01,2371.323976,1776293189000
1776293190.941,90.941,0.68,17.47,0.67,66.5,0.69,21.39,0.7,49.0,0.31,41.39,0.3,49.0,0.32,6.97,0.33,66.5,0.01,0.01,2371.323976,1776293189000
1776293191.449,91.449,0.69,51.0,0.68,43.47,0.7,1.0,0.71,171.0,0.31,21.39,0.3,49.0,0.32,12.47,0.33,66.5,0.01,0.01,2371.323976,1776293189000
1776293191.784,91.784,0.69,35.96,0.68,43.47,0.71,181.0,0.72,71.5,0.3,1.0,0.29,171.0,0.31,51.0,0.32,43.47,0.02,0.01,2371.318637,1776293190000
1776293193.729,93.729,0.69,19.66,0.68,17.97,0.71,206.5,0.72,71.5,0.29,181.0,0.28,71.5,0.31,35.96,0.32,43.47,0.02,0.02,2371.355185,1776293192000
1776293200.482,100.482,0.7,40.0,0.69,76.58,0.73,54.0,0.74,60.5,0.29,206.5,0.28,71.5,0.31,19.66,0.32,17.97,0.03,0.02,2371.36325,1776293199000
1776293202.041,102.041,0.71,5.0,0.7,20.0,0.72,85.11,0.73,92.5,0.27,43.0,0.26,60.5,0.3,40.0,0.31,76.58,0.01,0.03,2371.365165,1776293200000
1776293202.783,102.783,0.71,35.0,0.7,30.0,0.72,35.0,0.73,66.5,0.28,85.11,0.27,92.5,0.29,5.0,0.3,20.0,0.01,0.01,2371.431387,1776293201000
1776293204.122,104.122,0.71,31.15,0.7,30.0,0.72,30.58,0.73,46.5,0.28,35.0,0.27,66.5,0.29,35.0,0.3,30.0,0.01,0.01,2371.451905,1776293202000
1776293207.865,107.865,0.71,15.0,0.7,30.0,0.72,10.5,0.73,30.5,0.28,30.58,0.27,46.5,0.29,31.15,0.3,30.0,0.01,0.01,2371.496083,1776293206000
1776293209.459,109.459,0.71,5.0,0.7,30.0,0.72,25.0,0.73,25.5,0.28,10.5,0.27,30.5,0.29,15.0,0.3,30.0,0.01,0.01,2371.44203,1776293208000
1776293221.493,121.493,0.76,11.0,0.75,18.0,0.79,255.5,0.8,118.5,0.28,25.0,0.27,25.5,0.29,5.0,0.3,30.0,0.03,0.01,2371.502835,1776293220000
1776293221.889,121.889,0.76,11.0,0.75,11.0,0.77,113.5,0.78,54.5,0.21,255.5,0.2,118.5,0.24,11.0,0.25,18.0,0.01,0.03,2371.502835,1776293220000
1776293222.536,122.536,0.75,9.82,0.74,26.0,0.77,116.5,0.78,75.5,0.23,118.5,0.22,54.5,0.24,4.0,0.25,11.0,0.02,0.01,2371.71,1776293221000
1776293223.939,123.939,0.74,10.0,0.73,15.0,0.75,74.46,0.76,75.5,0.23,116.5,0.22,75.5,0.25,9.82,0.26,26.0,0.01,0.02,2371.691113,1776293222000
1776293224.731,124.731,0.74,38.76,0.73,15.0,0.75,100.46,0.76,75.5,0.25,74.46,0.24,75.5,0.26,10.0,0.27,15.0,0.01,0.01,2371.59677,1776293223000
1776293225.903,125.903,0.72,8.76,0.71,36.0,0.75,85.46,0.76,94.5,0.25,100.46,0.24,75.5,0.26,38.76,0.27,15.0,0.03,0.01,2371.553925,1776293224000
1776293226.514,126.514,0.71,8.76,0.7,46.5,0.73,13.0,0.74,29.0,0.25,85.46,0.24,94.5,0.28,8.76,0.29,36.0,0.02,0.03,2371.54066,1776293225000
1776293226.962,126.962,0.72,91.44,0.71,23.76,0.73,51.72,0.74,39.5,0.27,13.0,0.26,29.0,0.29,8.76,0.3,46.5,0.01,0.02,2371.54066,1776293225000
1776293229.477,129.477,0.71,39.57,0.7,20.0,0.73,226.5,0.74,78.5,0.27,37.98,0.26,49.5,0.28,101.44,0.29,33.76,0.02,0.01,2371.507949,1776293228000
1776293231.673,131.673,0.71,29.67,0.7,57.0,0.72,51.05,0.73,49.0,0.28,31.5,0.27,201.5,0.29,8.67,0.3,20.0,0.01,0.01,2371.508295,1776293230000
1776293234.143,134.143,0.71,33.67,0.7,72.0,0.72,13.0,0.73,15.5,0.28,51.05,0.27,49.0,0.29,29.67,0.3,57.0,0.01,0.01,2371.251775,1776293233000
1776293236.987,136.987,0.71,38.75,0.7,77.0,0.72,5.0,0.73,15.5,0.28,13.0,0.27,15.5,0.29,33.67,0.3,72.0,0.01,0.01,2371.28685,1776293235000
1776293237.902,137.902,0.71,53.75,0.7,72.0,0.73,15.5,0.74,25.5,0.28,5.0,0.27,15.5,0.29,38.75,0.3,77.0,0.02,0.01,2371.270276,1776293236000
1776293238.145,138.145,0.72,7.85,0.71,36.0,0.73,15.5,0.74,25.5,0.27,15.5,0.26,25.5,0.29,53.75,0.3,72.0,0.01,0.02,2371.280886,1776293237000
1776293239.342,139.342,0.72,7.85,0.71,47.0,0.73,12.5,0.74,25.5,0.27,15.5,0.26,25.5,0.28,7.85,0.29,36.0,0.01,0.01,2371.282884,1776293238000
1776293241.258,141.258,0.72,2.85,0.71,67.35,0.73,8.0,0.74,34.2,0.27,12.5,0.26,25.5,0.28,7.85,0.29,47.0,0.01,0.01,2371.280812,1776293240000
1776293241.624,141.624,0.75,15.0,0.74,20.0,0.77,7.79,0.78,26.0,0.27,8.0,0.26,34.2,0.28,2.85,0.29,67.35,0.02,0.01,2371.280812,1776293240000
1776293241.931,141.931,0.76,23.75,0.75,30.0,0.77,39.78,0.78,26.0,0.23,39.78,0.22,26.0,0.24,45.0,0.25,25.0,0.01,0.01,2371.280812,1776293240000
1776293242.288,142.288,0.76,38.75,0.75,30.0,0.77,29.78,0.78,26.0,0.23,39.78,0.22,26.0,0.24,23.75,0.25,30.0,0.01,0.01,2371.280812,1776293240000
1776293243.005,143.005,0.76,44.32,0.75,40.5,0.77,10.5,0.78,5.0,0.23,29.78,0.22,26.0,0.24,38.75,0.25,30.0,0.01,0.01,2371.290995,1776293241000
1776293243.268,143.268,0.76,54.32,0.75,40.5,0.79,40.59,0.8,85.5,0.23,10.5,0.22,5.0,0.24,44.32,0.25,40.5,0.03,0.01,2371.290995,1776293241000
1776293244.397,144.397,0.78,137.0,0.77,60.0,0.8,30.0,0.81,78.57,0.21,40.59,0.2,85.5,0.24,54.32,0.25,40.5,0.02,0.03,2371.447355,1776293243000
1776293245.601,145.601,0.79,110.0,0.78,82.0,0.8,40.5,0.81,77.57,0.2,30.0,0.19,78.57,0.22,137.0,0.23,60.0,0.01,0.02,2371.47578,1776293244000
1776293245.851,145.851,0.79,148.5,0.78,100.5,0.8,25.0,0.81,16.17,0.2,40.5,0.19,77.57,0.21,110.0,0.22,82.0,0.01,0.01,2371.47578,1776293244000
1776293246.788,146.788,0.8,195.5,0.79,109.5,0.82,50.32,0.83,62.29,0.19,11.17,0.18,75.32,0.21,148.5,0.22,170.61,0.02,0.02,2371.518819,1776293245000
1776293247.609,147.609,0.81,211.5,0.8,89.5,0.83,51.61,0.84,122.29,0.18,50.32,0.17,62.29,0.2,195.5,0.21,109.5,0.02,0.02,2371.593055,1776293246000
1776293248.6,148.6,0.83,9.39,0.82,183.5,0.84,122.29,0.85,72.29,0.17,51.61,0.16,122.29,0.19,211.5,0.2,89.5,0.01,0.02,2371.953315,1776293247000
1776293251.21,151.21,0.83,254.03,0.82,92.5,0.85,68.58,0.86,86.29,0.16,111.29,0.15,72.29,0.17,20.39,0.18,178.5,0.02,0.01,2372.182257,1776293249000
1776293253.222,153.222,0.83,36.14,0.81,15.0,0.85,214.81,0.86,163.79,0.15,68.58,0.14,86.29,0.17,254.03,0.18,92.5,0.02,0.02,2372.15235,1776293252000
1776293253.908,153.908,0.83,37.14,0.82,10.0,0.84,193.5,0.85,164.81,0.16,110.5,0.15,129.81,0.17,36.14,0.18,10.0,0.01,0.01,2372.15235,1776293252000
1776293254.899,154.899,0.83,22.82,0.82,10.0,0.84,240.3,0.85,204.01,0.16,188.5,0.15,164.81,0.17,29.14,0.18,10.0,0.01,0.01,2372.14731,1776293253000
1776293257.571,157.571,0.83,37.82,0.82,10.0,0.84,138.8,0.85,175.01,0.16,240.3,0.15,204.01,0.17,22.82,0.18,10.0,0.01,0.01,2371.889045,1776293256000
1776293257.976,157.976,0.83,69.9,0.82,58.5,0.84,13.0,0.85,99.78,0.16,138.8,0.15,175.01,0.17,37.82,0.18,10.0,0.01,0.01,2371.889045,1776293256000
1776293258.191,158.191,0.83,48.4,0.82,25.5,0.84,4.0,0.85,104.78,0.16,13.0,0.15,99.78,0.17,69.9,0.18,58.5,0.01,0.01,2371.880806,1776293257000
1776293260.639,160.639,0.84,194.5,0.83,82.9,0.86,62.29,0.87,100.0,0.16,1.61,0.15,104.78,0.17,43.4,0.18,25.5,0.02,0.01,2371.956563,1776293259000
1776293261.631,161.631,0.85,54.5,0.84,87.5,0.86,9.53,0.87,100.0,0.14,51.29,0.13,100.0,0.15,18.3,0.16,180.5,0.01,0.01,2371.960245,1776293260000
1776293261.936,161.936,0.85,113.63,0.84,44.0,0.86,15.03,0.87,110.0,0.14,9.53,0.13,100.0,0.15,54.5,0.16,87.5,0.01,0.01,2371.960245,1776293260000
1776293262.186,162.186,0.85,79.23,0.84,25.5,0.86,20.53,0.87,140.5,0.14,15.03,0.13,110.0,0.15,113.63,0.16,44.0,0.01,0.01,2371.938986,1776293261000
1776293262.39,162.39,0.85,15.23,0.84,25.5,0.86,20.53,0.87,140.5,0.14,20.53,0.13,140.5,0.15,79.23,0.16,25.5,0.01,0.01,2371.938986,1776293261000
1776293262.851,162.851,0.85,33.23,0.84,30.5,0.86,37.74,0.87,140.5,0.14,20.53,0.13,140.5,0.15,15.23,0.16,25.5,0.01,0.01,2371.938986,1776293261000
1776293263.135,163.135,0.85,8.23,0.83,15.0,0.86,102.24,0.87,163.5,0.14,37.74,0.13,140.5,0.15,33.23,0.16,30.5,0.01,0.01,2372.145744,1776293262000
1776293263.443,163.443,0.85,9.04,0.81,15.5,0.86,80.3,0.87,195.3,0.14,102.24,0.13,195.3,0.15,3.18,0.17,15.0,0.01,0.01,2372.145744,1776293262000
1776293264.239,164.239,0.84,7.07,0.83,10.0,0.85,76.5,0.86,89.61,0.14,80.3,0.13,206.3,0.18,10.0,0.19,15.0,0.01,0.04,2372.144565,1776293263000
1776293265.274,165.274,0.84,7.07,0.83,20.0,0.85,129.13,0.86,89.61,0.15,106.93,0.14,89.61,0.16,7.07,0.17,10.0,0.01,0.01,2371.974652,1776293264000
1776293265.669,165.669,0.84,7.07,0.83,20.0,0.85,111.13,0.86,89.61,0.15,123.13,0.14,89.61,0.16,7.07,0.17,20.0,0.01,0.01,2371.974652,1776293264000
1776293267.535,167.535,0.83,10.0,0.8,66.0,0.84,8.1,0.85,100.13,0.15,105.13,0.14,89.61,0.16,0.82,0.17,20.0,0.01,0.01,2371.890967,1776293266000
1776293276.044,176.044,0.83,4.65,0.82,15.0,0.84,130.18,0.85,145.7,0.16,8.1,0.15,100.13,0.17,10.0,0.2,66.0,0.01,0.01,2371.681546,1776293274000
1776293276.745,176.745,0.81,1.1,0.8,81.0,0.82,74.38,0.83,99.0,0.16,130.18,0.15,145.7,0.17,4.65,0.18,15.0,0.01,0.01,2371.693702,1776293275000
1776293280.597,180.597,0.81,6.1,0.8,81.0,0.82,48.72,0.83,110.5,0.18,98.38,0.17,99.0,0.19,1.1,0.2,81.0,0.01,0.01,2371.511988,1776293279000
1776293280.889,180.889,0.81,6.1,0.8,81.0,0.82,48.72,0.83,110.5,0.18,48.72,0.17,110.5,0.19,6.1,0.2,81.0,0.01,0.01,2371.511988,1776293279000
1776293281.299,181.299,0.81,11.1,0.8,91.5,0.82,32.28,0.83,87.5,0.18,29.72,0.17,110.5,0.19,6.1,0.2,81.0,0.01,0.01,2371.511988,1776293279000
1776293281.737,181.737,0.81,21.1,0.8,96.5,0.82,6.09,0.83,82.5,0.18,15.09,0.17,87.5,0.19,11.1,0.2,91.5,0.01,0.01,2371.569947,1776293280000
1776293282.552,182.552,0.81,21.1,0.8,86.0,0.83,72.5,0.84,77.3,0.18,6.09,0.17,82.5,0.19,21.1,0.2,96.5,0.02,0.01,2371.509077,1776293281000
1776293282.939,182.939,0.81,2.1,0.8,81.0,0.82,75.9,0.83,113.0,0.17,72.5,0.16,77.3,0.19,21.1,0.2,86.0,0.01,0.02,2371.509077,1776293281000
1776293283.478,183.478,0.81,250.5,0.8,252.49,0.85,35.0,0.86,18.0,0.18,75.9,0.17,113.0,0.2,81.0,0.21,95.0,0.04,0.02,2371.508612,1776293282000
1776293285.255,185.255,0.86,30.0,0.85,47.5,0.87,12.76,0.88,115.0,0.15,35.0,0.14,18.0,0.19,250.5,0.2,252.49,0.01,0.04,2371.513553,1776293283000
1776293286.311,186.311,0.87,10.0,0.86,35.0,0.88,125.0,0.89,196.29,0.13,12.76,0.12,115.0,0.14,30.0,0.15,47.5,0.01,0.01,2371.836604,1776293285000
1776293288.092,188.092,0.87,15.0,0.86,30.0,0.88,145.41,0.89,196.29,0.12,125.0,0.11,196.29,0.13,10.0,0.14,35.0,0.01,0.01,2371.904097,1776293286000
1776293288.297,188.297,0.87,6.92,0.86,30.0,0.88,138.41,0.89,185.29,0.12,145.41,0.11,196.29,0.13,15.0,0.14,30.0,0.01,0.01,2371.904097,1776293286000
1776293292.269,192.269,0.87,34.22,0.86,20.0,0.88,138.41,0.89,128.0,0.12,138.41,0.11,185.29,0.13,6.92,0.14,30.0,0.01,0.01,2371.859845,1776293290000
1776293297.142,197.142,0.86,30.16,0.85,42.5,0.88,128.41,0.89,127.0,0.12,138.41,0.11,128.0,0.13,34.22,0.14,20.0,0.02,0.01,2371.830692,1776293296000
1776293299.347,199.347,0.87,320.25,0.86,112.15,0.89,105.0,0.9,125.0,0.12,128.41,0.11,127.0,0.14,30.16,0.15,42.5,0.02,0.02,2371.90531,1776293297000
1776293308.68,208.68,0.9,110.5,0.89,46.56,0.92,85.38,0.93,209.3,0.11,105.0,0.1,125.0,0.13,320.25,0.14,112.15,0.02,0.02,2372.127814,1776293306000
1776293309.14,209.14,0.88,3.0,0.87,27.0,0.89,20.0,0.9,70.5,0.08,85.38,0.07,209.3,0.1,110.5,0.11,46.56,0.01,0.02,2372.126019,1776293307000
1776293309.523,209.523,0.87,51.81,0.86,112.16,0.88,10.86,0.89,23.0,0.11,26.94,0.1,70.5,0.13,16.31,0.14,97.16,0.01,0.02,2372.134219,1776293308000
1776293310.118,210.118,0.88,10.0,0.87,90.05,0.91,50.47,0.92,164.28,0.12,10.86,0.11,23.0,0.13,51.81,0.14,112.16,0.03,0.01,2372.134219,1776293308000
1776293310.431,210.431,0.9,52.82,0.89,41.0,0.91,9.0,0.92,129.28,0.09,43.47,0.08,164.28,0.12,22.0,0.13,99.04,0.01,0.03,2372.1409,1776293309000
1776293310.92,210.92,0.9,42.51,0.89,41.5,0.91,9.0,0.92,129.28,0.09,9.0,0.08,129.28,0.1,87.01,0.11,41.0,0.01,0.01,2372.1409,1776293309000
1776293311.218,211.218,0.9,68.01,0.89,41.5,0.91,2.9,0.92,135.28,0.09,7.9,0.08,129.28,0.1,47.51,0.11,41.5,0.01,0.01,2372.1409,1776293309000
1776293311.551,211.551,0.9,78.01,0.89,41.5,0.92,133.03,0.93,180.3,0.09,2.9,0.08,135.28,0.1,68.01,0.11,41.5,0.02,0.01,2372.1409,1776293309000
1776293312.726,212.726,0.91,303.49,0.9,126.49,0.93,85.0,0.94,91.0,0.08,133.03,0.07,180.3,0.1,78.01,0.11,41.5,0.02,0.02,2371.990687,1776293311000
1776293313.479,213.479,0.92,98.5,0.91,263.49,0.94,104.89,0.95,112.13,0.07,85.0,0.06,91.0,0.09,303.49,0.1,126.49,0.02,0.02,2372.100975,1776293312000
1776293314.457,214.457,0.92,98.5,0.91,268.49,0.94,119.65,0.95,182.93,0.07,3.93,0.06,104.89,0.08,98.5,0.09,263.49,0.02,0.01,2372.100975,1776293312000
1776293315.037,215.037,0.92,215.5,0.91,177.49,0.94,56.71,0.95,113.13,0.06,119.65,0.05,182.93,0.08,98.5,0.09,268.49,0.02,0.02,2372.395043,1776293313000
1776293315.323,215.323,0.93,83.0,0.92,110.49,0.94,1.39,0.95,82.13,0.06,56.71,0.05,113.13,0.08,215.5,0.09,177.49,0.01,0.02,2372.395043,1776293313000
1776293316.581,216.581,0.94,87.5,0.93,211.49,0.96,313.17,0.97,347.7,0.05,72.97,0.04,222.0,0.07,106.0,0.08,90.5,0.02,0.02,2372.48827,1776293315000
1776293317.095,217.095,0.94,216.5,0.93,157.79,0.96,297.06,0.97,254.7,0.04,313.17,0.03,347.7,0.06,87.5,0.07,211.49,0.02,0.02,2372.48827,1776293315000
1776293317.805,217.805,0.95,92.5,0.94,149.3,0.96,251.69,0.97,131.0,0.04,297.06,0.03,254.7,0.06,216.5,0.07,157.79,0.01,0.02,2372.763426,1776293316000
1776293318.556,218.556,0.95,60.5,0.94,220.3,0.96,128.3,0.97,131.0,0.04,251.69,0.03,131.0,0.05,92.5,0.06,149.3,0.01,0.01,2372.762179,1776293317000
1776293318.848,218.848,0.95,26.1,0.94,25.5,0.96,117.09,0.97,131.0,0.04,128.3,0.03,131.0,0.05,60.5,0.06,220.3,0.01,0.01,2372.762179,1776293317000
1776293322.929,222.929,0.95,126.1,0.94,297.29,0.96,11.55,0.97,254.7,0.04,117.09,0.03,131.0,0.05,26.1,0.06,25.5,0.01,0.01,2372.904149,1776293321000
1776293323.334,223.334,0.95,176.1,0.94,425.29,0.96,5.55,0.97,260.7,0.04,11.55,0.03,254.7,0.05,126.1,0.06,297.29,0.01,0.01,2372.904149,1776293321000
1776293325.628,225.628,0.95,449.89,0.94,241.29,0.96,52.47,0.97,260.7,0.04,5.55,0.03,260.7,0.05,151.1,0.06,430.29,0.01,0.01,2372.938115,1776293324000
1776293326.21,226.21,0.95,466.89,0.94,251.29,0.96,22.47,0.97,260.7,0.04,52.47,0.03,260.7,0.05,449.89,0.06,241.29,0.01,0.01,2372.938115,1776293324000
1776293326.906,226.906,0.95,430.89,0.94,226.66,0.96,2.47,0.97,254.7,0.04,22.47,0.03,260.7,0.05,466.89,0.06,251.29,0.01,0.01,2372.946645,1776293325000
1776293327.226,227.226,0.96,214.0,0.95,485.89,0.97,228.04,0.98,465.0,0.03,233.04,0.02,465.0,0.04,204.0,0.05,530.89,0.01,0.01,2372.94678,1776293326000
1776293329.772,229.772,0.96,489.26,0.95,355.89,0.97,75.15,0.98,465.0,0.03,208.04,0.02,465.0,0.04,350.0,0.05,364.89,0.01,0.01,2373.841728,1776293328000
1776293331.095,231.095,0.96,480.02,0.95,176.9,0.97,70.15,0.98,465.0,0.03,75.15,0.02,465.0,0.04,244.26,0.05,355.89,0.01,0.01,2374.03807,1776293329000
1776293331.656,231.656,0.96,463.69,0.95,206.9,0.97,69.11,0.98,465.0,0.03,70.15,0.02,465.0,0.04,480.02,0.05,176.9,0.01,0.01,2374.00561,1776293330000
1776293332.755,232.755,0.96,510.29,0.95,203.9,0.97,61.84,0.98,465.0,0.03,62.88,0.02,465.0,0.04,458.69,0.05,176.9,0.01,0.01,2373.994235,1776293331000
1776293333.403,233.403,0.96,615.29,0.95,202.9,0.97,36.43,0.98,465.0,0.03,56.64,0.02,465.0,0.04,510.29,0.05,203.9,0.01,0.01,2373.99523,1776293332000
1776293334.218,234.218,0.97,558.19,0.96,165.91,0.98,358.97,0.99,1995.0,0.02,355.0,0.01,1895.0,0.04,615.29,0.05,176.9,0.01,0.02,2373.99523,1776293332000
1776293335.665,235.665,0.97,569.19,0.96,165.91,0.98,274.62,0.99,2001.0,0.02,358.97,0.01,1995.0,0.03,558.19,0.04,165.91,0.01,0.01,2373.98781,1776293334000
1776293336.213,236.213,0.97,579.19,0.96,201.24,0.98,269.51,0.99,2001.0,0.02,274.62,0.01,2001.0,0.03,569.19,0.04,165.91,0.01,0.01,2373.93775,1776293335000
1776293337.581,237.581,0.97,468.19,0.96,207.24,0.98,219.51,0.99,2001.0,0.02,269.51,0.01,2001.0,0.03,579.19,0.04,201.24,0.01,0.01,2373.890771,1776293336000
1776293339.735,239.735,0.97,469.19,0.96,207.24,0.98,159.3,0.99,1892.0,0.02,219.51,0.01,2001.0,0.03,468.19,0.04,207.24,0.01,0.01,2373.938025,1776293338000
1776293340.714,240.714,0.97,453.69,0.96,196.74,0.98,103.24,0.99,1892.0,0.02,159.3,0.01,1892.0,0.03,469.19,0.04,207.24,0.01,0.01,2373.93702,1776293339000
1776293341.035,241.035,0.97,543.69,0.96,185.75,0.98,98.24,0.99,1892.0,0.02,103.24,0.01,1892.0,0.03,453.69,0.04,196.74,0.01,0.01,2373.93702,1776293339000
1776293341.273,241.273,0.97,553.69,0.96,179.75,0.98,77.24,0.99,1886.0,0.02,98.24,0.01,1892.0,0.03,543.69,0.04,185.75,0.01,0.01,2373.867242,1776293340000
1776293341.763,241.763,0.97,553.69,0.96,179.75,0.98,72.18,0.99,1886.0,0.02,77.24,0.01,1886.0,0.03,553.69,0.04,179.75,0.01,0.01,2373.867242,1776293340000
1776293342.007,242.007,0.97,553.69,0.96,179.75,0.98,40.33,0.99,1886.0,0.02,54.75,0.01,1886.0,0.03,548.69,0.04,179.75,0.01,0.01,2373.867242,1776293340000
1776293342.496,242.496,0.97,443.69,0.96,174.75,0.98,38.28,0.99,1886.0,0.02,40.33,0.01,1886.0,0.03,553.69,0.04,179.75,0.01,0.01,2373.895317,1776293341000
1776293343.637,243.637,0.97,429.69,0.96,179.75,0.98,41.22,0.99,1886.0,0.02,42.25,0.01,1886.0,0.03,423.69,0.04,174.75,0.01,0.01,2373.932739,1776293342000
1776293344.208,244.208,0.97,440.69,0.96,179.75,0.98,26.95,0.99,1886.0,0.02,36.95,0.01,1886.0,0.03,424.69,0.04,174.75,0.01,0.01,2373.930125,1776293343000
1776293344.505,244.505,0.98,75.39,0.97,435.69,0.99,1886.0,,,0.02,26.95,0.01,1886.0,0.03,440.69,0.04,179.75,0.01,0.01,2373.930125,1776293343000
1776293344.822,244.822,0.98,527.08,0.97,261.92,0.99,1886.0,,,0.01,1886.0,,,0.02,75.39,0.03,435.69,0.01,0.01,2373.930125,1776293343000
1776293345.125,245.125,0.98,527.08,0.97,261.92,0.99,1873.98,,,0.01,1878.98,,,0.02,527.08,0.03,261.92,0.01,0.01,2373.930125,1776293343000
1776293345.372,245.372,0.98,527.08,0.97,261.92,0.99,1860.9,,,0.01,1873.98,,,0.02,527.08,0.03,261.92,0.01,0.01,2373.865535,1776293344000
1776293346.168,246.168,0.98,197.39,0.97,246.92,0.99,1851.9,,,0.01,1860.9,,,0.02,527.08,0.03,261.92,0.01,0.01,2373.865535,1776293344000
1776293346.641,246.641,0.98,197.39,0.97,327.92,0.99,2260.0,,,0.01,1851.9,,,0.02,197.39,0.03,246.92,0.01,0.01,2373.67844,1776293345000
1776293348.441,248.441,0.98,84.31,0.97,345.92,0.99,2160.0,,,0.01,2260.0,,,0.02,197.39,0.03,327.92,0.01,0.01,2373.367706,1776293347000
1776293350.222,250.222,0.98,203.3,0.97,271.69,0.99,3044.8,,,0.01,2160.0,,,0.02,84.31,0.03,345.92,0.01,0.01,2373.343073,1776293349000
1776293350.78,250.78,0.98,203.3,0.97,271.69,0.99,2137.8,,,0.01,3044.8,,,0.02,203.3,0.03,271.69,0.01,0.01,2373.343073,1776293349000
1776293351.074,251.074,0.98,258.3,0.97,271.69,0.99,1631.78,,,0.01,1637.8,,,0.02,203.3,0.03,271.69,0.01,0.01,2373.343073,1776293349000
1776293351.375,251.375,0.98,399.0,0.97,271.69,0.99,1266.18,,,0.01,1631.78,,,0.02,258.3,0.03,271.69,0.01,0.01,2373.278942,1776293350000
1776293351.616,251.616,0.98,380.0,0.97,271.69,0.99,1053.97,,,0.01,1266.18,,,0.02,399.0,0.03,271.69,0.01,0.01,2373.278942,1776293350000
1776293352.79,252.79,0.98,190.3,0.97,270.69,0.99,1412.42,,,0.01,1043.82,,,0.02,390.0,0.03,271.69,0.01,0.01,2373.34558,1776293351000
1776293353.435,253.435,0.98,195.3,0.97,270.69,0.99,1402.31,,,0.01,1412.42,,,0.02,190.3,0.03,270.69,0.01,0.01,2373.288719,1776293352000
1776293353.843,253.843,0.98,190.3,0.97,260.69,0.99,1396.29,,,0.01,1402.31,,,0.02,195.3,0.03,270.69,0.01,0.01,2373.288719,1776293352000
1776293355.496,255.496,0.98,243.3,0.97,260.69,0.99,1391.29,,,0.01,1396.29,,,0.02,190.3,0.03,260.69,0.01,0.01,2373.235288,1776293354000
1776293356.347,256.347,0.98,437.0,0.97,260.69,0.99,1025.05,,,0.01,1391.29,,,0.02,243.3,0.03,260.69,0.01,0.01,2373.230447,1776293355000
1776293356.831,256.831,0.98,449.0,0.97,260.69,0.99,922.47,,,0.01,1025.05,,,0.02,437.0,0.03,260.69,0.01,0.01,2373.230447,1776293355000
1776293357.38,257.38,0.98,449.0,0.97,233.7,0.99,920.44,,,0.01,922.47,,,0.02,449.0,0.03,260.69,0.01,0.01,2373.220415,1776293356000
1776293358.166,258.166,0.98,449.0,0.97,231.7,0.99,799.24,,,0.01,900.24,,,0.02,449.0,0.03,233.7,0.01,0.01,2373.183523,1776293357000
1776293358.389,258.389,0.98,449.0,0.97,231.7,0.99,802.21,,,0.01,799.24,,,0.02,449.0,0.03,231.7,0.01,0.01,2373.183523,1776293357000
1776293359.4,259.4,0.98,472.0,0.97,236.7,0.99,795.18,,,0.01,802.21,,,0.02,449.0,0.03,231.7,0.01,0.01,2373.168702,1776293358000
1776293359.604,259.604,0.98,472.0,0.97,236.7,0.99,775.18,,,0.01,795.18,,,0.02,472.0,0.03,236.7,0.01,0.01,2373.168702,1776293358000
1776293360.416,260.416,0.98,472.0,0.97,236.7,0.99,878.15,,,0.01,775.18,,,0.02,472.0,0.03,236.7,0.01,0.01,2373.126147,1776293359000
1776293361.421,261.421,0.98,472.0,0.97,236.7,0.99,771.12,,,0.01,878.15,,,0.02,472.0,0.03,236.7,0.01,0.01,2373.127627,1776293360000
1776293361.886,261.886,0.98,472.0,0.97,236.7,0.99,733.1,,,0.01,730.1,,,0.02,472.0,0.03,236.7,0.01,0.01,2373.108027,1776293361000
1776293363.435,263.435,0.98,472.0,0.97,236.7,0.99,728.05,,,0.01,733.1,,,0.02,472.0,0.03,236.7,0.01,0.01,2373.107733,1776293362000
1776293363.798,263.798,0.98,746.0,0.97,202.7,0.99,697.05,,,0.01,707.05,,,0.02,472.0,0.03,236.7,0.01,0.01,2373.107733,1776293362000
1776293364.075,264.075,0.98,729.99,0.97,176.86,0.99,466.05,,,0.01,476.05,,,0.02,626.0,0.03,202.7,0.01,0.01,2373.096,1776293363000
1776293364.345,264.345,0.98,729.99,0.97,180.69,0.99,465.03,,,0.01,466.05,,,0.02,729.99,0.03,176.86,0.01,0.01,2373.096,1776293363000
1776293364.712,264.712,0.99,32.97,0.98,734.99,,,,,0.01,117.03,,,0.02,729.99,0.03,180.69,,0.01,2373.096,1776293363000
1776293367.0,267.0,0.99,267.53,0.98,415.01,,,,,,,,,0.01,32.97,0.02,734.99,,,2373.599167,1776293365000
1776293367.89,267.89,0.99,318.1,0.98,415.01,,,,,,,,,0.01,247.53,0.02,415.01,,,2373.620889,1776293366000
1776293369.098,269.098,0.99,252.08,0.98,415.01,,,,,,,,,0.01,318.1,0.02,415.01,,,2373.546316,1776293368000
1776293369.378,269.378,0.99,205.08,0.98,415.01,,,,,,,,,0.01,252.08,0.02,415.01,,,2373.546316,1776293368000
1776293371.504,271.504,0.99,260.83,0.98,415.01,,,,,,,,,0.01,205.08,0.02,415.01,,,2373.408927,1776293370000
1776293374.294,274.294,0.99,279.83,0.98,415.01,,,,,,,,,0.01,260.83,0.02,415.01,,,2373.161286,1776293373000
1776293374.664,274.664,0.99,200.83,0.98,415.01,,,,,,,,,0.01,279.83,0.02,415.01,,,2373.161286,1776293373000
1776293375.178,275.178,0.99,147.83,0.98,231.31,,,,,,,,,0.01,180.83,0.02,415.01,,,2373.161286,1776293373000
1776293376.638,276.638,0.99,46.84,0.98,372.3,,,,,,,,,0.01,147.83,0.02,231.31,,,2373.079628,1776293375000
1776293377.665,277.665,0.99,16.84,0.98,312.99,,,,,,,,,0.01,46.84,0.02,372.3,,,2372.944825,1776293376000
1776293379.399,279.399,0.99,6.84,0.98,271.99,,,,,,,,,0.01,16.84,0.02,312.99,,,2372.691084,1776293378000
1776293385.552,285.552,0.98,226.01,0.97,71.0,,,,,,,,,0.02,174.83,0.03,85.99,,,2372.409433,1776293384000
1776293396.406,296.406,0.99,5310.41,0.98,43.0,,,,,,,,,0.02,226.01,0.03,71.0,,,2372.740295,1776293395000

# RESULT,winner=Up,slug=eth-updown-5m-1776293100,ticks=268
