timestamp,elapsed_sec,up_bid_p1,up_bid_s1,up_bid_p2,up_bid_s2,up_ask_p1,up_ask_s1,up_ask_p2,up_ask_s2,down_bid_p1,down_bid_s1,down_bid_p2,down_bid_s2,down_ask_p1,down_ask_s1,down_ask_p2,down_ask_s2,up_spread,down_spread,eth_price,eth_oracle_ts
1776231301.527,1.527,0.53,132.23,0.52,74.07,0.54,10.0,0.56,10.0,0.46,15.0,0.44,10.0,0.47,121.59,0.48,74.07,0.01,0.01,2321.772075,1776231300000
1776231301.92,1.92,0.53,132.23,0.52,74.07,0.54,10.0,0.56,10.0,0.46,161.13,0.45,13.0,0.47,116.59,0.48,74.07,0.01,0.01,2321.772075,1776231300000
1776231302.125,2.125,0.53,109.45,0.52,74.07,0.54,162.42,0.55,39.0,0.46,162.42,0.45,39.0,0.47,109.45,0.48,74.07,0.01,0.01,2321.80687,1776231301000
1776231302.88,2.88,0.53,109.45,0.52,74.07,0.54,139.42,0.55,13.0,0.46,162.42,0.45,39.0,0.47,109.45,0.48,74.07,0.01,0.01,2321.80687,1776231301000
1776231303.12,3.12,0.53,109.45,0.52,74.07,0.54,132.16,0.55,13.0,0.46,139.42,0.45,13.0,0.47,109.45,0.48,74.07,0.01,0.01,2321.80687,1776231301000
1776231303.343,3.343,0.53,106.91,0.52,74.07,0.54,114.16,0.55,23.0,0.46,132.16,0.45,13.0,0.47,109.45,0.48,74.07,0.01,0.01,2321.55169,1776231302000
1776231303.667,3.667,0.53,31.62,0.52,84.07,0.54,142.93,0.55,23.0,0.46,112.93,0.45,23.0,0.47,86.62,0.48,74.07,0.01,0.01,2321.55169,1776231302000
1776231304.256,4.256,0.52,70.61,0.51,232.64,0.53,66.0,0.54,142.44,0.46,177.44,0.45,23.0,0.48,70.82,0.49,227.64,0.01,0.02,2321.55169,1776231302000
1776231304.808,4.808,0.52,48.68,0.51,232.64,0.53,66.9,0.54,142.44,0.47,66.9,0.46,142.44,0.48,48.68,0.49,232.64,0.01,0.01,2321.306535,1776231304000
1776231305.066,5.066,0.52,24.69,0.51,232.64,0.53,75.2,0.54,142.44,0.47,81.9,0.46,142.44,0.48,24.69,0.49,232.64,0.01,0.01,2321.306535,1776231304000
1776231305.798,5.798,0.52,35.94,0.51,232.64,0.53,80.2,0.54,142.44,0.47,75.2,0.46,142.44,0.48,24.69,0.49,232.64,0.01,0.01,2321.306535,1776231304000
1776231306.25,6.25,0.52,25.94,0.51,227.64,0.53,138.35,0.54,78.0,0.47,80.2,0.46,142.44,0.48,35.94,0.49,232.64,0.01,0.01,2321.332795,1776231305000
1776231306.481,6.481,0.51,226.36,0.5,106.04,0.53,194.36,0.54,78.0,0.47,159.35,0.46,78.0,0.48,2.86,0.49,227.64,0.02,0.01,2321.332795,1776231305000
1776231306.788,6.788,0.51,229.11,0.5,111.04,0.52,82.0,0.53,116.36,0.47,194.36,0.46,78.0,0.49,226.36,0.5,106.04,0.01,0.02,2321.332795,1776231305000
1776231307.156,7.156,0.51,216.86,0.5,116.04,0.52,102.9,0.53,119.46,0.48,87.0,0.47,116.36,0.49,224.11,0.5,121.04,0.01,0.01,2321.328165,1776231306000
1776231307.455,7.455,0.51,203.9,0.5,116.04,0.52,77.9,0.53,119.46,0.48,70.9,0.47,119.46,0.49,216.86,0.5,116.04,0.01,0.01,2321.328165,1776231306000
1776231307.772,7.772,0.51,182.5,0.5,121.04,0.52,128.9,0.53,119.46,0.48,82.9,0.47,119.46,0.49,206.65,0.5,121.04,0.01,0.01,2321.328165,1776231306000
1776231308.063,8.063,0.51,175.25,0.5,121.04,0.52,185.99,0.53,56.31,0.48,185.99,0.47,56.31,0.49,175.25,0.5,121.04,0.01,0.01,2321.228203,1776231307000
1776231308.457,8.457,0.51,172.25,0.5,131.04,0.52,187.24,0.53,56.31,0.48,185.99,0.47,56.31,0.49,175.25,0.5,121.04,0.01,0.01,2321.228203,1776231307000
1776231309.084,9.084,0.51,172.25,0.5,131.04,0.52,175.7,0.53,56.31,0.48,175.7,0.47,56.31,0.49,172.25,0.5,131.04,0.01,0.01,2321.294247,1776231308000
1776231309.585,9.585,0.51,210.0,0.5,136.04,0.52,175.7,0.53,56.31,0.48,175.7,0.47,56.31,0.49,195.0,0.5,131.04,0.01,0.01,2321.294247,1776231308000
1776231310.642,10.642,0.51,204.89,0.5,136.04,0.52,181.77,0.53,69.52,0.48,175.7,0.47,56.31,0.49,199.89,0.5,136.04,0.01,0.01,2321.294247,1776231308000
1776231310.883,10.883,0.51,171.89,0.5,136.04,0.52,192.18,0.53,69.52,0.48,181.77,0.47,69.52,0.49,204.89,0.5,136.04,0.01,0.01,2321.267038,1776231309000
1776231311.209,11.209,0.51,169.84,0.5,136.04,0.52,197.18,0.53,69.52,0.48,192.18,0.47,69.52,0.49,171.89,0.5,136.04,0.01,0.01,2321.267038,1776231309000
1776231311.59,11.59,0.51,160.04,0.5,136.04,0.52,165.33,0.53,99.52,0.48,165.33,0.47,69.52,0.49,165.04,0.5,136.04,0.01,0.01,2321.267038,1776231309000
1776231311.9,11.9,0.51,160.04,0.5,136.04,0.52,165.33,0.53,99.52,0.48,165.33,0.47,99.52,0.49,160.04,0.5,136.04,0.01,0.01,2321.253566,1776231310000
1776231312.229,12.229,0.51,160.04,0.5,136.04,0.52,175.91,0.53,39.52,0.48,165.33,0.47,99.52,0.49,160.04,0.5,136.04,0.01,0.01,2321.253566,1776231310000
1776231312.636,12.636,0.51,165.04,0.5,136.04,0.52,171.91,0.53,39.52,0.48,175.91,0.47,39.52,0.49,160.04,0.5,136.04,0.01,0.01,2321.253566,1776231310000
1776231312.929,12.929,0.51,143.89,0.5,136.04,0.52,165.66,0.53,101.51,0.48,171.91,0.47,39.52,0.49,165.04,0.5,136.04,0.01,0.01,2321.194887,1776231311000
1776231313.567,13.567,0.51,131.37,0.5,136.04,0.52,165.66,0.53,101.51,0.48,165.66,0.47,101.51,0.49,131.37,0.5,136.04,0.01,0.01,2321.265389,1776231312000
1776231313.93,13.93,0.51,78.34,0.5,86.04,0.52,191.66,0.53,131.51,0.48,191.66,0.47,101.51,0.49,91.37,0.5,86.04,0.01,0.01,2321.265389,1776231312000
1776231314.197,14.197,0.51,73.34,0.5,86.04,0.52,191.66,0.53,131.51,0.48,191.66,0.47,131.51,0.49,78.34,0.5,86.04,0.01,0.01,2321.265389,1776231312000
1776231314.954,14.954,0.51,73.34,0.5,86.04,0.52,172.66,0.53,131.51,0.48,172.66,0.47,131.51,0.49,73.34,0.5,86.04,0.01,0.01,2321.169255,1776231314000
1776231315.159,15.159,0.5,17.13,0.48,5.0,0.51,60.0,0.52,218.42,0.49,10.0,0.48,248.42,0.5,47.13,0.52,5.0,0.01,0.01,2321.169255,1776231314000
1776231315.385,15.385,0.48,5.0,0.46,10.0,0.51,275.0,0.52,124.42,0.49,240.0,0.48,99.42,0.5,13.93,0.52,5.0,0.03,0.01,2321.169255,1776231314000
1776231315.589,15.589,0.46,2.58,0.39,10.0,0.49,48.0,0.5,104.0,0.51,48.0,0.5,15.0,0.54,7.58,0.6,13.0,0.03,0.03,2321.169255,1776231314000
1776231315.84,15.84,0.4,3.16,0.39,50.0,0.41,15.0,0.42,10.0,0.54,47.42,0.53,59.0,0.61,10.0,0.63,10.0,0.01,0.07,2321.169255,1776231314000
1776231316.178,16.178,0.4,8.16,0.39,68.0,0.41,10.74,0.42,15.0,0.59,10.74,0.58,15.0,0.6,3.16,0.61,63.0,0.01,0.01,2321.169255,1776231314000
1776231316.457,16.457,0.39,64.26,0.38,27.0,0.41,8.53,0.42,15.0,0.59,9.64,0.58,15.0,0.61,64.26,0.62,27.0,0.02,0.02,2321.182267,1776231315000
1776231316.955,16.955,0.39,54.26,0.38,32.0,0.4,5.0,0.41,13.53,0.59,8.53,0.58,15.0,0.61,59.26,0.62,27.0,0.01,0.02,2321.182267,1776231315000
1776231317.301,17.301,0.39,54.34,0.38,32.0,0.4,5.0,0.41,13.53,0.6,5.0,0.59,13.53,0.61,54.26,0.62,32.0,0.01,0.01,2321.071581,1776231316000
1776231317.581,17.581,0.39,59.34,0.38,27.0,0.4,5.0,0.41,15.0,0.6,5.0,0.59,13.53,0.61,54.34,0.62,32.0,0.01,0.01,2321.071581,1776231316000
1776231318.349,18.349,0.39,59.34,0.38,27.0,0.4,5.0,0.41,15.0,0.6,5.0,0.59,15.0,0.61,59.34,0.62,27.0,0.01,0.01,2320.844005,1776231317000
1776231318.682,18.682,0.39,35.65,0.38,27.0,0.4,5.0,0.41,25.0,0.6,5.0,0.59,15.0,0.61,59.34,0.62,27.0,0.01,0.01,2320.844005,1776231317000
1776231318.976,18.976,0.39,35.65,0.38,27.0,0.4,5.0,0.41,25.0,0.6,5.0,0.59,25.0,0.61,35.65,0.62,27.0,0.01,0.01,2320.8538,1776231318000
1776231319.591,19.591,0.39,35.65,0.38,27.0,0.4,1.87,0.41,30.0,0.6,1.87,0.59,25.0,0.61,40.65,0.62,22.0,0.01,0.01,2320.8538,1776231318000
1776231320.357,20.357,0.39,26.55,0.38,32.0,0.4,6.87,0.41,30.0,0.6,1.87,0.59,30.0,0.61,35.65,0.62,27.0,0.01,0.01,2320.8538,1776231318000
1776231321.242,21.242,0.39,36.55,0.38,32.0,0.41,30.0,0.42,15.0,0.59,30.0,0.58,15.0,0.61,36.55,0.62,32.0,0.02,0.02,2320.867016,1776231320000
1776231321.584,21.584,0.39,93.55,0.38,32.0,0.41,50.0,0.42,20.0,0.59,30.0,0.58,15.0,0.61,36.55,0.62,32.0,0.02,0.02,2320.867016,1776231320000
1776231322.587,22.587,0.39,93.55,0.38,32.0,0.41,50.0,0.42,20.0,0.59,50.0,0.58,20.0,0.61,93.55,0.62,32.0,0.02,0.02,2320.844768,1776231321000
1776231323.305,23.305,0.39,93.55,0.38,32.0,0.41,50.12,0.42,20.0,0.59,50.12,0.58,20.0,0.61,93.55,0.62,32.0,0.02,0.02,2320.8437,1776231322000
1776231323.575,23.575,0.39,88.55,0.38,32.0,0.4,15.0,0.41,50.12,0.59,50.12,0.58,20.0,0.61,93.55,0.62,32.0,0.01,0.02,2320.8437,1776231322000
1776231324.731,24.731,0.39,88.55,0.38,32.0,0.4,15.0,0.41,50.12,0.6,15.0,0.59,50.12,0.61,88.55,0.62,32.0,0.01,0.01,2320.85885,1776231323000
1776231325.275,25.275,0.39,97.79,0.38,32.0,0.4,15.0,0.41,30.12,0.6,15.0,0.59,50.12,0.61,88.55,0.62,32.0,0.01,0.01,2320.85885,1776231323000
1776231325.601,25.601,0.39,89.44,0.38,32.0,0.4,15.0,0.41,30.12,0.6,15.0,0.59,30.12,0.61,97.79,0.62,32.0,0.01,0.01,2320.916482,1776231324000
1776231325.963,25.963,0.39,89.44,0.38,32.0,0.4,15.0,0.41,30.12,0.6,15.0,0.59,30.12,0.61,89.44,0.62,32.0,0.01,0.01,2320.966691,1776231325000
1776231326.812,26.812,0.39,99.44,0.38,32.0,0.4,10.0,0.41,20.12,0.6,15.0,0.59,30.12,0.61,89.44,0.62,32.0,0.01,0.01,2320.966691,1776231325000
1776231327.288,27.288,0.39,94.44,0.38,32.0,0.4,1.92,0.41,10.12,0.6,7.5,0.59,20.12,0.61,94.44,0.62,32.0,0.01,0.01,2320.966691,1776231325000
1776231327.495,27.495,0.39,94.44,0.38,32.0,0.4,1.92,0.41,10.12,0.6,1.92,0.59,10.12,0.61,94.44,0.62,32.0,0.01,0.01,2320.82905,1776231326000
1776231327.759,27.759,0.4,99.93,0.39,39.0,0.41,20.0,0.42,5.0,0.6,1.92,0.59,10.12,0.61,94.44,0.62,32.0,0.01,0.01,2320.82905,1776231326000
1776231328.09,28.09,0.4,97.93,0.39,39.0,0.41,20.0,0.42,5.0,0.59,20.0,0.58,5.0,0.6,99.93,0.61,39.0,0.01,0.01,2320.82905,1776231326000
1776231328.305,28.305,0.4,97.93,0.39,39.0,0.41,20.0,0.42,5.0,0.59,20.0,0.58,5.0,0.6,97.93,0.61,39.0,0.01,0.01,2320.834,1776231327000
1776231328.709,28.709,0.37,71.0,0.36,24.0,0.4,25.0,0.41,75.0,0.59,20.0,0.58,5.0,0.6,97.93,0.61,39.0,0.03,0.01,2320.834,1776231327000
1776231329.482,29.482,0.37,71.0,0.36,24.0,0.4,25.0,0.41,75.0,0.6,25.0,0.59,75.0,0.63,71.0,0.64,24.0,0.03,0.03,2320.863825,1776231328000
1776231330.229,30.229,0.37,71.0,0.36,24.0,0.4,25.0,0.41,75.0,0.6,25.0,0.59,75.0,0.63,71.0,0.64,24.0,0.03,0.03,2320.881055,1776231329000
1776231330.527,30.527,0.37,159.0,0.36,34.0,0.41,21.41,0.42,23.0,0.6,25.0,0.59,75.0,0.63,71.0,0.64,24.0,0.04,0.03,2320.881055,1776231329000
1776231330.771,30.771,0.42,86.56,0.41,5.0,0.43,38.0,0.44,10.0,0.57,15.0,0.56,15.0,0.58,26.64,0.61,10.0,0.01,0.01,2320.881055,1776231329000
1776231331.163,31.163,0.42,79.63,0.39,88.0,0.43,73.0,0.44,84.92,0.57,57.0,0.56,10.0,0.58,68.63,0.59,5.0,0.01,0.01,2320.881055,1776231329000
1776231331.818,31.818,0.42,84.63,0.39,88.0,0.43,74.86,0.44,90.92,0.57,73.0,0.56,84.92,0.58,79.63,0.61,88.0,0.01,0.01,2320.79345,1776231330000
1776231332.164,32.164,0.42,79.63,0.39,88.0,0.43,69.86,0.44,90.92,0.57,69.86,0.56,90.92,0.58,79.63,0.61,88.0,0.01,0.01,2320.795266,1776231331000
1776231332.575,32.575,0.42,75.68,0.39,88.0,0.43,58.86,0.44,90.92,0.57,69.86,0.56,90.92,0.58,79.63,0.61,88.0,0.01,0.01,2320.795266,1776231331000
1776231333.069,33.069,0.42,71.36,0.39,73.0,0.43,84.86,0.44,90.92,0.57,58.86,0.56,90.92,0.58,75.68,0.61,88.0,0.01,0.01,2320.795266,1776231331000
1776231334.11,34.11,0.42,68.77,0.39,16.0,0.43,84.86,0.44,90.92,0.57,84.86,0.56,90.92,0.58,68.77,0.61,16.0,0.01,0.01,2320.786955,1776231333000
1776231334.445,34.445,0.42,58.68,0.39,16.0,0.43,114.86,0.44,90.92,0.57,84.86,0.56,90.92,0.58,68.77,0.61,16.0,0.01,0.01,2320.786955,1776231333000
1776231334.818,34.818,0.42,83.68,0.41,62.0,0.43,35.23,0.44,5.0,0.57,114.86,0.56,90.92,0.58,58.68,0.61,16.0,0.01,0.01,2320.786955,1776231333000
1776231335.121,35.121,0.43,20.0,0.42,73.68,0.45,80.0,0.46,23.0,0.55,80.0,0.54,23.0,0.57,20.0,0.58,73.68,0.02,0.02,2320.786835,1776231334000
1776231336.079,36.079,0.43,20.0,0.42,73.68,0.45,80.0,0.46,23.0,0.55,80.0,0.54,23.0,0.57,20.0,0.58,73.68,0.02,0.02,2320.78159,1776231335000
1776231336.624,36.624,0.43,20.0,0.42,118.68,0.44,4.51,0.45,90.0,0.56,45.7,0.55,80.0,0.57,15.0,0.58,68.68,0.01,0.01,2320.78159,1776231335000
1776231336.87,36.87,0.42,114.02,0.41,23.0,0.45,88.49,0.46,15.0,0.55,88.49,0.54,15.0,0.57,25.0,0.58,118.68,0.03,0.02,2320.78159,1776231335000
1776231337.084,37.084,0.45,50.48,0.43,10.0,0.46,9.12,0.47,28.0,0.54,14.56,0.53,28.0,0.55,50.48,0.57,15.0,0.01,0.01,2321.025453,1776231336000
1776231337.351,37.351,0.45,189.45,0.43,10.0,0.46,28.58,0.47,28.0,0.54,31.85,0.53,28.0,0.55,194.45,0.57,10.0,0.01,0.01,2321.025453,1776231336000
1776231337.713,37.713,0.45,180.35,0.43,10.0,0.46,38.58,0.47,28.0,0.54,28.58,0.53,28.0,0.55,189.45,0.57,10.0,0.01,0.01,2321.025453,1776231336000
1776231337.995,37.995,0.45,180.35,0.43,10.0,0.46,38.58,0.47,28.0,0.54,38.58,0.53,28.0,0.55,180.35,0.57,10.0,0.01,0.01,2320.959335,1776231337000
1776231338.671,38.671,0.45,292.35,0.44,15.0,0.46,55.58,0.48,10.0,0.54,38.58,0.53,28.0,0.55,180.35,0.57,10.0,0.01,0.01,2320.959335,1776231337000
1776231339.107,39.107,0.45,292.35,0.44,15.0,0.46,55.58,0.48,10.0,0.54,55.58,0.52,10.0,0.55,292.35,0.56,15.0,0.01,0.01,2320.997275,1776231338000
1776231339.404,39.404,0.45,180.35,0.44,67.0,0.46,30.89,0.47,5.97,0.53,5.97,0.52,56.0,0.55,234.35,0.56,10.0,0.01,0.02,2320.997275,1776231338000
1776231340.041,40.041,0.45,200.35,0.44,67.0,0.46,15.0,0.47,10.97,0.54,30.89,0.53,5.97,0.55,180.35,0.56,67.0,0.01,0.01,2320.997275,1776231338000
1776231341.117,41.117,0.46,109.0,0.45,192.47,0.49,63.01,0.5,10.0,0.54,10.0,0.53,5.97,0.55,186.47,0.56,67.0,0.03,0.01,2321.007515,1776231339000
1776231341.391,41.391,0.48,21.0,0.47,70.0,0.49,59.83,0.5,15.0,0.51,57.9,0.5,10.0,0.52,10.0,0.53,75.0,0.01,0.01,2321.2092,1776231340000
1776231341.925,41.925,0.48,70.99,0.47,75.0,0.49,59.83,0.5,20.0,0.51,59.83,0.5,15.0,0.52,21.0,0.53,70.0,0.01,0.01,2321.2092,1776231340000
1776231342.311,42.311,0.48,67.49,0.47,70.0,0.49,54.83,0.5,20.0,0.51,59.83,0.5,20.0,0.52,62.49,0.53,75.0,0.01,0.01,2321.2092,1776231340000
1776231342.705,42.705,0.48,65.37,0.47,70.0,0.49,59.83,0.5,15.0,0.51,54.83,0.5,20.0,0.52,67.49,0.53,70.0,0.01,0.01,2321.2092,1776231340000
1776231343.233,43.233,0.48,53.88,0.47,70.0,0.49,64.83,0.5,30.0,0.51,59.83,0.5,15.0,0.52,63.27,0.53,70.0,0.01,0.01,2321.172285,1776231341000
1776231343.746,43.746,0.45,166.47,0.42,49.02,0.46,111.62,0.47,25.0,0.51,69.83,0.5,25.0,0.52,6.89,0.53,6.0,0.01,0.01,2321.323405,1776231342000
1776231343.947,43.947,0.45,161.23,0.42,49.02,0.46,101.62,0.47,25.0,0.54,101.62,0.53,25.0,0.55,161.23,0.58,49.02,0.01,0.01,2321.431791,1776231343000
1776231345.192,45.192,0.45,161.23,0.42,49.02,0.46,101.62,0.47,25.0,0.54,101.62,0.53,25.0,0.55,161.23,0.58,49.02,0.01,0.01,2321.324,1776231344000
1776231346.381,46.381,0.45,161.23,0.42,49.02,0.46,101.62,0.47,25.0,0.54,101.62,0.53,25.0,0.55,161.23,0.58,49.02,0.01,0.01,2321.134015,1776231345000
1776231346.962,46.962,0.45,161.23,0.42,49.02,0.46,101.62,0.47,25.0,0.54,101.62,0.53,25.0,0.55,161.23,0.58,49.02,0.01,0.01,2321.131455,1776231346000
1776231347.345,47.345,0.45,171.23,0.42,42.64,0.46,70.1,0.47,59.47,0.54,101.62,0.53,25.0,0.55,161.23,0.58,49.02,0.01,0.01,2321.131455,1776231346000
1776231348.123,48.123,0.45,171.23,0.42,42.64,0.46,70.1,0.47,59.47,0.54,70.1,0.53,59.47,0.55,171.23,0.58,42.64,0.01,0.01,2320.988698,1776231347000
1776231349.435,49.435,0.45,171.23,0.42,42.64,0.46,70.1,0.47,59.47,0.54,70.1,0.53,59.47,0.55,171.23,0.58,42.64,0.01,0.01,2321.096653,1776231348000
1776231350.509,50.509,0.45,171.23,0.42,42.64,0.46,70.1,0.47,59.47,0.54,70.1,0.53,59.47,0.55,171.23,0.58,42.64,0.01,0.01,2321.1409,1776231349000
1776231351.069,51.069,0.45,171.23,0.42,42.64,0.46,70.1,0.47,59.47,0.54,70.1,0.53,59.47,0.55,171.23,0.58,42.64,0.01,0.01,2321.147262,1776231350000
1776231352.245,52.245,0.45,171.23,0.42,42.64,0.46,70.1,0.47,59.47,0.54,70.1,0.53,59.47,0.55,171.23,0.58,42.64,0.01,0.01,2321.085064,1776231351000
1776231352.957,52.957,0.45,182.77,0.43,10.0,0.46,67.87,0.47,20.0,0.54,71.01,0.53,20.0,0.55,182.77,0.57,10.0,0.01,0.01,2321.085064,1776231351000
1776231353.427,53.427,0.45,182.77,0.43,10.0,0.46,67.87,0.47,20.0,0.54,67.87,0.53,20.0,0.55,182.77,0.57,10.0,0.01,0.01,2321.06948,1776231352000
1776231353.996,53.996,0.45,182.77,0.43,10.0,0.46,67.87,0.47,20.0,0.54,67.87,0.53,20.0,0.55,182.77,0.57,10.0,0.01,0.01,2321.08744,1776231353000
1776231354.673,54.673,0.45,182.77,0.44,10.0,0.46,13.82,0.47,20.0,0.54,54.82,0.53,20.0,0.55,165.77,0.57,10.0,0.01,0.01,2321.08744,1776231353000
1776231355.116,55.116,0.45,182.77,0.44,10.0,0.46,13.82,0.47,20.0,0.54,13.82,0.53,20.0,0.55,182.77,0.56,10.0,0.01,0.01,2321.12045,1776231354000
1776231356.347,56.347,0.45,182.77,0.44,10.0,0.46,13.82,0.47,20.0,0.54,13.82,0.53,20.0,0.55,182.77,0.56,10.0,0.01,0.01,2321.128825,1776231355000
1776231358.075,58.075,0.45,182.77,0.44,10.0,0.46,13.82,0.47,20.0,0.54,13.82,0.53,20.0,0.55,182.77,0.56,10.0,0.01,0.01,2321.167465,1776231356000
1776231358.453,58.453,0.45,168.67,0.44,10.0,0.46,85.82,0.47,44.93,0.54,13.82,0.53,20.0,0.55,182.77,0.56,10.0,0.01,0.01,2321.167465,1776231356000
1776231359.216,59.216,0.45,168.67,0.44,10.0,0.46,85.82,0.47,44.93,0.54,85.82,0.53,44.93,0.55,168.67,0.56,10.0,0.01,0.01,2321.167665,1776231358000
1776231360.291,60.291,0.45,168.67,0.44,10.0,0.46,85.82,0.47,44.93,0.54,85.82,0.53,44.93,0.55,168.67,0.56,10.0,0.01,0.01,2321.14549,1776231359000
1776231360.608,60.608,0.45,164.37,0.44,10.0,0.46,90.82,0.47,44.93,0.54,85.82,0.53,44.93,0.55,168.67,0.56,10.0,0.01,0.01,2321.14549,1776231359000
1776231361.142,61.142,0.45,164.37,0.44,10.0,0.46,95.82,0.47,41.35,0.54,90.82,0.53,44.93,0.55,164.37,0.56,10.0,0.01,0.01,2321.14549,1776231359000
1776231361.832,61.832,0.45,194.37,0.44,10.0,0.46,90.82,0.47,41.35,0.54,95.82,0.53,41.35,0.55,164.37,0.56,10.0,0.01,0.01,2321.14549,1776231359000
1776231362.133,62.133,0.45,194.37,0.44,10.0,0.46,90.82,0.47,41.35,0.54,90.82,0.53,41.35,0.55,194.37,0.56,10.0,0.01,0.01,2321.171389,1776231361000
1776231363.214,63.214,0.45,159.37,0.43,10.0,0.46,80.82,0.47,41.75,0.54,90.82,0.53,41.35,0.55,194.37,0.56,10.0,0.01,0.01,2321.171389,1776231361000
1776231363.813,63.813,0.45,164.37,0.44,10.0,0.46,88.64,0.47,41.75,0.54,80.82,0.53,41.75,0.55,159.37,0.57,10.0,0.01,0.01,2321.14339,1776231362000
1776231364.038,64.038,0.45,164.37,0.44,10.0,0.46,88.64,0.47,41.75,0.54,88.64,0.53,41.75,0.55,164.37,0.56,10.0,0.01,0.01,2321.152014,1776231363000
1776231365.389,65.389,0.45,164.37,0.44,10.0,0.46,88.64,0.47,41.75,0.54,88.64,0.53,41.75,0.55,164.37,0.56,10.0,0.01,0.01,2321.14969,1776231364000
1776231366.6,66.6,0.45,174.37,0.44,65.0,0.47,20.0,0.48,25.0,0.53,20.0,0.52,25.0,0.55,174.37,0.56,65.0,0.02,0.02,2321.14478,1776231365000
1776231366.894,66.894,0.45,174.37,0.44,15.0,0.46,32.3,0.47,25.0,0.53,20.0,0.52,25.0,0.55,174.37,0.56,65.0,0.01,0.02,2321.14478,1776231365000
1776231367.265,67.265,0.45,174.37,0.44,15.0,0.46,32.3,0.47,25.0,0.54,32.3,0.53,25.0,0.55,174.37,0.56,15.0,0.01,0.01,2321.15614,1776231366000
1776231367.692,67.692,0.45,132.37,0.42,37.64,0.46,32.3,0.47,25.0,0.54,32.3,0.53,25.0,0.55,174.37,0.56,15.0,0.01,0.01,2321.15614,1776231366000
1776231368.135,68.135,0.45,91.13,0.44,10.0,0.46,57.82,0.47,5.0,0.54,62.3,0.53,20.0,0.55,81.13,0.58,37.64,0.01,0.01,2321.15614,1776231366000
1776231368.524,68.524,0.45,89.31,0.44,10.0,0.46,85.0,0.47,5.0,0.54,85.0,0.53,5.0,0.55,89.31,0.56,10.0,0.01,0.01,2321.1517,1776231367000
1776231369.049,69.049,0.45,69.31,0.42,42.64,0.46,71.13,0.47,75.89,0.54,85.0,0.53,5.0,0.55,89.31,0.56,10.0,0.01,0.01,2321.1517,1776231367000
1776231369.405,69.405,0.45,34.31,0.42,37.64,0.46,141.13,0.47,70.89,0.54,71.13,0.53,75.89,0.55,69.31,0.58,42.64,0.01,0.01,2321.15645,1776231368000
1776231369.812,69.812,0.45,34.31,0.42,37.64,0.46,133.95,0.47,82.89,0.54,131.13,0.53,75.89,0.55,34.31,0.58,37.64,0.01,0.01,2321.15645,1776231368000
1776231370.132,70.132,0.45,27.39,0.42,37.64,0.46,131.77,0.47,70.89,0.54,131.77,0.53,70.89,0.55,29.21,0.58,37.64,0.01,0.01,2321.15645,1776231368000
1776231370.348,70.348,0.45,27.39,0.42,37.64,0.46,131.77,0.47,70.89,0.54,131.77,0.53,70.89,0.55,27.39,0.58,37.64,0.01,0.01,2321.120002,1776231369000
1776231371.059,71.059,0.45,25.39,0.42,37.64,0.46,136.77,0.47,70.89,0.54,136.77,0.53,70.89,0.55,25.39,0.58,37.64,0.01,0.01,2321.122529,1776231370000
1776231371.591,71.591,0.45,20.59,0.42,37.64,0.46,136.77,0.47,70.89,0.54,136.77,0.53,70.89,0.55,25.39,0.58,37.64,0.01,0.01,2321.122529,1776231370000
1776231372.035,72.035,0.45,18.59,0.42,47.64,0.46,131.77,0.47,83.88,0.54,136.77,0.53,70.89,0.55,20.59,0.58,37.64,0.01,0.01,2321.122529,1776231370000
1776231372.259,72.259,0.45,18.59,0.42,47.64,0.46,131.77,0.47,83.88,0.54,131.77,0.53,83.88,0.55,18.59,0.58,47.64,0.01,0.01,2321.03965,1776231371000
1776231373.523,73.523,0.45,18.59,0.42,47.64,0.46,131.77,0.47,83.88,0.54,131.77,0.53,83.88,0.55,18.59,0.58,47.64,0.01,0.01,2321.143455,1776231372000
1776231373.875,73.875,0.45,47.48,0.44,10.0,0.46,25.0,0.47,49.84,0.54,131.77,0.53,83.88,0.55,18.59,0.58,47.64,0.01,0.01,2321.143455,1776231372000
1776231374.906,74.906,0.47,5.0,0.46,95.0,0.49,22.97,0.5,10.0,0.54,25.0,0.53,49.84,0.55,47.48,0.56,10.0,0.02,0.01,2321.143455,1776231372000
1776231375.621,75.621,0.5,15.0,0.49,10.0,0.52,12.2,0.53,5.01,0.51,22.97,0.5,10.0,0.53,5.0,0.54,95.0,0.02,0.02,2321.143455,1776231372000
1776231376.258,76.258,0.51,10.0,0.5,10.0,0.52,12.1,0.53,5.01,0.48,12.1,0.47,5.01,0.49,10.0,0.5,10.0,0.01,0.01,2321.151301,1776231375000
1776231377.495,77.495,0.51,10.0,0.5,10.0,0.52,12.1,0.53,5.01,0.48,12.1,0.47,5.01,0.49,10.0,0.5,10.0,0.01,0.01,2321.288003,1776231376000
1776231378.205,78.205,0.51,10.0,0.5,10.0,0.52,12.1,0.53,5.01,0.48,12.1,0.47,5.01,0.49,10.0,0.5,10.0,0.01,0.01,2321.438207,1776231377000
1776231379.538,79.538,0.51,8.97,0.5,10.0,0.52,122.1,0.53,30.64,0.48,122.1,0.47,30.64,0.49,8.97,0.5,10.0,0.01,0.01,2321.601485,1776231378000
1776231380.106,80.106,0.51,89.97,0.5,15.0,0.52,12.61,0.53,10.01,0.48,122.1,0.47,30.64,0.49,8.97,0.5,10.0,0.01,0.01,2321.601485,1776231378000
1776231381.335,81.335,0.51,89.97,0.5,15.0,0.52,10.57,0.53,10.01,0.48,10.57,0.47,10.01,0.49,89.97,0.5,15.0,0.01,0.01,2321.602469,1776231380000
1776231381.598,81.598,0.51,77.72,0.5,15.0,0.53,100.01,0.54,35.0,0.48,10.57,0.47,10.01,0.49,89.97,0.5,15.0,0.02,0.01,2321.602469,1776231380000
1776231381.894,81.894,0.51,54.97,0.5,15.0,0.52,57.5,0.53,20.01,0.48,10.0,0.47,100.01,0.49,75.47,0.5,15.0,0.01,0.01,2321.602469,1776231380000
1776231383.119,83.119,0.51,54.97,0.5,15.0,0.52,57.5,0.53,20.01,0.48,57.5,0.47,20.01,0.49,54.97,0.5,15.0,0.01,0.01,2321.625545,1776231382000
1776231384.39,84.39,0.51,54.97,0.5,15.0,0.52,57.5,0.53,20.01,0.48,57.5,0.47,20.01,0.49,54.97,0.5,15.0,0.01,0.01,2321.631791,1776231383000
1776231384.948,84.948,0.51,54.97,0.5,15.0,0.52,57.5,0.53,20.01,0.48,57.5,0.47,20.01,0.49,54.97,0.5,15.0,0.01,0.01,2321.6205,1776231384000
1776231386.101,86.101,0.51,54.97,0.5,15.0,0.52,57.5,0.53,20.01,0.48,57.5,0.47,20.01,0.49,54.97,0.5,15.0,0.01,0.01,2321.613165,1776231385000
1776231387.295,87.295,0.51,54.97,0.5,15.0,0.52,57.5,0.53,20.01,0.48,57.5,0.47,20.01,0.49,54.97,0.5,15.0,0.01,0.01,2321.644689,1776231386000
1776231388.517,88.517,0.51,54.97,0.5,15.0,0.52,57.5,0.53,20.01,0.48,57.5,0.47,20.01,0.49,54.97,0.5,15.0,0.01,0.01,2321.612545,1776231387000
1776231389.118,89.118,0.51,54.97,0.5,15.0,0.52,57.5,0.53,20.01,0.48,57.5,0.47,20.01,0.49,54.97,0.5,15.0,0.01,0.01,2321.595935,1776231388000
1776231389.585,89.585,0.52,41.0,0.51,33.0,0.53,80.01,0.54,20.0,0.47,105.01,0.46,35.0,0.48,46.0,0.49,33.0,0.01,0.01,2321.595935,1776231388000
1776231390.154,90.154,0.53,25.87,0.52,46.0,0.54,55.0,0.55,15.0,0.47,80.01,0.46,20.0,0.48,41.0,0.49,33.0,0.01,0.01,2321.595935,1776231388000
1776231391.279,91.279,0.53,0.87,0.52,26.0,0.54,115.0,0.55,37.12,0.46,55.0,0.45,15.0,0.47,25.87,0.48,46.0,0.01,0.01,2321.59861,1776231389000
1776231392.599,92.599,0.53,0.87,0.52,26.0,0.54,115.0,0.55,37.12,0.46,115.0,0.45,37.12,0.47,0.87,0.48,26.0,0.01,0.01,2321.670828,1776231391000
1776231393.285,93.285,0.53,0.87,0.52,26.0,0.54,115.0,0.55,37.12,0.46,115.0,0.45,37.12,0.47,0.87,0.48,26.0,0.01,0.01,2321.657595,1776231392000
1776231394.17,94.17,0.53,58.87,0.52,74.0,0.54,10.0,0.56,5.0,0.46,115.0,0.45,37.12,0.47,0.87,0.48,26.0,0.01,0.01,2321.657595,1776231392000
1776231394.781,94.781,0.55,10.0,0.54,10.0,0.57,12.1,0.58,15.0,0.43,12.1,0.42,15.0,0.45,10.0,0.46,10.0,0.02,0.02,2321.593005,1776231393000
1776231395.713,95.713,0.55,10.0,0.54,10.0,0.57,12.1,0.58,15.0,0.43,12.1,0.42,15.0,0.45,10.0,0.46,10.0,0.02,0.02,2321.696368,1776231394000
1776231396.416,96.416,0.55,10.0,0.54,10.0,0.57,12.1,0.58,15.0,0.43,12.1,0.42,15.0,0.45,10.0,0.46,10.0,0.02,0.02,2321.719558,1776231395000
1776231396.734,96.734,0.55,13.2,0.53,10.0,0.56,187.0,0.57,52.0,0.43,12.1,0.42,15.0,0.45,10.0,0.46,10.0,0.01,0.02,2321.719558,1776231395000
1776231397.101,97.101,0.49,24.9,0.48,60.0,0.5,10.0,0.51,15.0,0.5,10.0,0.49,15.0,0.51,24.9,0.52,60.0,0.01,0.01,2321.880955,1776231396000
1776231397.307,97.307,0.49,5.0,0.45,17.48,0.5,171.0,0.51,60.0,0.5,10.0,0.49,15.0,0.51,24.9,0.52,60.0,0.01,0.01,2321.880955,1776231396000
1776231397.545,97.545,0.45,14.65,0.42,46.64,0.46,170.3,0.47,15.0,0.54,167.65,0.53,15.0,0.55,14.65,0.58,46.64,0.01,0.01,2321.880955,1776231396000
1776231398.074,98.074,0.37,57.84,0.36,5.0,0.38,39.86,0.39,15.0,0.57,10.0,0.56,10.0,0.6,13.0,0.63,52.84,0.01,0.03,2321.880955,1776231396000
1776231398.424,98.424,0.37,57.84,0.36,5.0,0.38,39.86,0.39,15.0,0.62,39.86,0.61,15.0,0.63,57.84,0.64,5.0,0.01,0.01,2321.753145,1776231397000
1776231398.908,98.908,0.37,108.25,0.36,70.0,0.38,27.0,0.41,36.0,0.62,71.86,0.61,15.0,0.63,57.84,0.64,5.0,0.01,0.01,2321.753145,1776231397000
1776231399.138,99.138,0.49,19.66,0.47,6.0,0.5,80.76,0.51,10.0,0.5,80.76,0.49,10.0,0.51,19.66,0.53,6.0,0.01,0.01,2321.637956,1776231398000
1776231399.707,99.707,0.37,62.62,0.36,15.0,0.38,20.0,0.39,40.0,0.6,10.0,0.59,10.0,0.63,128.25,0.64,65.0,0.01,0.03,2321.637956,1776231398000
1776231399.916,99.916,0.37,67.48,0.36,15.0,0.39,40.0,0.4,10.0,0.62,3.14,0.61,40.0,0.63,65.66,0.64,29.0,0.02,0.01,2321.637956,1776231398000
1776231400.581,100.581,0.37,67.48,0.36,15.0,0.39,40.0,0.4,10.0,0.61,40.0,0.6,10.0,0.63,67.48,0.64,15.0,0.02,0.02,2320.84176,1776231399000
1776231400.837,100.837,0.37,47.48,0.36,15.0,0.38,45.0,0.39,20.0,0.61,40.0,0.6,10.0,0.63,67.48,0.64,15.0,0.01,0.02,2320.84176,1776231399000
1776231401.173,101.173,0.37,47.48,0.36,15.0,0.38,45.0,0.39,20.0,0.62,45.0,0.61,20.0,0.63,47.48,0.64,15.0,0.01,0.01,2320.869975,1776231400000
1776231401.617,101.617,0.37,40.56,0.36,15.0,0.38,65.0,0.39,10.0,0.62,45.0,0.61,20.0,0.63,47.48,0.64,15.0,0.01,0.01,2320.869975,1776231400000
1776231402.616,102.616,0.37,40.56,0.36,15.0,0.38,65.0,0.39,10.0,0.62,65.0,0.61,10.0,0.63,40.56,0.64,15.0,0.01,0.01,2320.82815,1776231401000
1776231403.29,103.29,0.37,40.56,0.36,15.0,0.38,65.0,0.39,10.0,0.62,65.0,0.61,10.0,0.63,40.56,0.64,15.0,0.01,0.01,2320.808,1776231402000
1776231404.261,104.261,0.37,121.56,0.36,20.0,0.38,18.81,0.4,10.0,0.62,65.0,0.61,10.0,0.63,40.56,0.64,15.0,0.01,0.01,2320.808,1776231402000
1776231404.884,104.884,0.37,116.56,0.36,20.0,0.39,10.0,0.4,10.0,0.61,10.0,0.6,10.0,0.63,116.56,0.64,20.0,0.02,0.02,2320.7189,1776231403000
1776231405.665,105.665,0.37,116.56,0.36,20.0,0.39,10.0,0.4,10.0,0.61,10.0,0.6,10.0,0.63,116.56,0.64,20.0,0.02,0.02,2320.7735,1776231404000
1776231406.283,106.283,0.39,86.0,0.38,69.0,0.41,15.0,0.42,10.0,0.59,15.0,0.58,10.0,0.61,86.0,0.62,69.0,0.02,0.02,2320.859887,1776231405000
1776231406.58,106.58,0.38,21.0,0.37,35.56,0.39,104.69,0.4,15.0,0.59,15.0,0.58,10.0,0.61,86.0,0.62,69.0,0.01,0.02,2320.859887,1776231405000
1776231406.941,106.941,0.38,21.0,0.37,35.56,0.39,102.12,0.4,25.0,0.61,104.69,0.6,15.0,0.62,21.0,0.63,35.56,0.01,0.01,2320.859887,1776231405000
1776231407.62,107.62,0.38,21.0,0.37,35.56,0.39,102.12,0.4,25.0,0.61,102.12,0.6,25.0,0.62,21.0,0.63,35.56,0.01,0.01,2320.8493,1776231406000
1776231408.202,108.202,0.38,21.0,0.37,35.56,0.39,102.12,0.4,25.0,0.61,102.12,0.6,25.0,0.62,21.0,0.63,35.56,0.01,0.01,2320.87795,1776231407000
1776231408.584,108.584,0.38,33.0,0.37,50.56,0.39,40.0,0.4,15.0,0.61,102.12,0.6,25.0,0.62,21.0,0.63,35.56,0.01,0.01,2320.87795,1776231407000
1776231410.046,110.046,0.38,33.0,0.37,50.56,0.39,40.0,0.4,15.0,0.61,40.0,0.6,15.0,0.62,33.0,0.63,50.56,0.01,0.01,2320.783423,1776231408000
1776231410.518,110.518,0.38,33.0,0.37,50.56,0.39,40.0,0.4,15.0,0.61,40.0,0.6,15.0,0.62,33.0,0.63,50.56,0.01,0.01,2320.79425,1776231409000
1776231411.073,111.073,0.38,33.0,0.37,50.56,0.39,40.0,0.4,15.0,0.61,40.0,0.6,15.0,0.62,33.0,0.63,50.56,0.01,0.01,2320.84395,1776231410000
1776231412.11,112.11,0.38,33.0,0.37,50.56,0.39,40.0,0.4,15.0,0.61,40.0,0.6,15.0,0.62,33.0,0.63,50.56,0.01,0.01,2320.8596,1776231411000
1776231413.139,113.139,0.38,33.0,0.37,50.56,0.39,40.0,0.4,15.0,0.61,40.0,0.6,15.0,0.62,33.0,0.63,50.56,0.01,0.01,2320.962156,1776231412000
1776231414.085,114.085,0.38,33.0,0.37,50.56,0.39,40.0,0.4,15.0,0.61,40.0,0.6,15.0,0.62,33.0,0.63,50.56,0.01,0.01,2320.94706,1776231413000
1776231414.988,114.988,0.43,10.0,0.42,10.0,0.44,3.5,0.46,5.0,0.61,40.0,0.6,15.0,0.62,33.0,0.63,50.56,0.01,0.01,2320.94706,1776231413000
1776231416.046,116.046,0.43,17.0,0.42,40.0,0.44,3.4,0.46,15.0,0.56,3.4,0.54,15.0,0.57,17.0,0.58,40.0,0.01,0.01,2320.95631,1776231415000
1776231417.041,117.041,0.43,17.0,0.42,40.0,0.44,3.4,0.46,15.0,0.56,3.4,0.54,15.0,0.57,17.0,0.58,40.0,0.01,0.01,2321.130671,1776231416000
1776231418.028,118.028,0.43,17.0,0.42,40.0,0.44,3.4,0.46,15.0,0.56,3.4,0.54,15.0,0.57,17.0,0.58,40.0,0.01,0.01,2321.23568,1776231417000
1776231418.887,118.887,0.37,31.93,0.35,5.0,0.38,80.0,0.39,31.98,0.56,3.4,0.54,15.0,0.57,17.0,0.58,40.0,0.01,0.01,2321.23568,1776231417000
1776231420.0,120.0,0.37,47.47,0.36,5.0,0.38,25.0,0.39,31.98,0.62,25.0,0.61,31.98,0.63,47.47,0.64,5.0,0.01,0.01,2321.191195,1776231419000
1776231420.221,120.221,0.37,35.75,0.35,5.0,0.38,45.0,0.39,31.98,0.62,25.0,0.61,31.98,0.63,47.47,0.64,5.0,0.01,0.01,2321.191195,1776231419000
1776231421.039,121.039,0.35,5.0,0.32,68.0,0.38,131.0,0.39,31.98,0.62,131.0,0.61,31.98,0.65,5.0,0.68,68.0,0.03,0.03,2320.987075,1776231420000
1776231422.028,122.028,0.35,5.0,0.32,68.0,0.38,131.0,0.39,31.98,0.62,131.0,0.61,31.98,0.65,5.0,0.68,68.0,0.03,0.03,2320.8536,1776231421000
1776231423.23,123.23,0.35,5.0,0.32,68.0,0.38,131.0,0.39,31.98,0.62,131.0,0.61,31.98,0.65,5.0,0.68,68.0,0.03,0.03,2320.74635,1776231422000
1776231424.303,124.303,0.35,5.0,0.32,68.0,0.38,131.0,0.39,31.98,0.62,131.0,0.61,31.98,0.65,5.0,0.68,68.0,0.03,0.03,2320.6686,1776231423000
1776231424.687,124.687,0.35,46.0,0.34,5.0,0.36,39.86,0.37,20.0,0.62,131.0,0.61,31.98,0.65,5.0,0.68,68.0,0.01,0.03,2320.6686,1776231423000
1776231424.92,124.92,0.35,34.0,0.34,5.0,0.36,34.86,0.37,20.0,0.64,34.86,0.63,20.0,0.65,34.0,0.66,5.0,0.01,0.01,2320.6935,1776231424000
1776231426.217,126.217,0.35,34.0,0.34,5.0,0.36,34.86,0.37,20.0,0.64,34.86,0.63,20.0,0.65,34.0,0.66,5.0,0.01,0.01,2320.799829,1776231425000
1776231426.454,126.454,0.22,42.38,0.21,206.7,0.27,55.0,0.28,15.0,0.73,40.0,0.72,15.0,0.74,3.44,0.78,92.38,0.05,0.01,2320.799829,1776231425000
1776231426.861,126.861,0.23,62.0,0.22,51.86,0.24,87.79,0.25,10.0,0.76,10.0,0.75,10.0,0.78,97.86,0.79,206.7,0.01,0.02,2320.799829,1776231425000
1776231427.065,127.065,0.23,83.0,0.22,51.86,0.24,48.0,0.25,10.0,0.76,47.79,0.75,10.0,0.77,77.0,0.78,51.86,0.01,0.01,2320.799829,1776231425000
1776231427.383,127.383,0.23,83.0,0.22,118.86,0.25,10.0,0.26,10.0,0.75,10.0,0.74,10.0,0.77,83.0,0.78,118.86,0.02,0.02,2320.7632,1776231426000
1776231427.994,127.994,0.24,90.0,0.23,112.0,0.25,75.0,0.26,10.0,0.75,75.0,0.74,10.0,0.76,90.0,0.77,112.0,0.01,0.01,2320.63295,1776231427000
1776231428.216,128.216,0.24,100.0,0.23,56.0,0.25,69.6,0.26,10.0,0.75,75.0,0.74,10.0,0.76,90.0,0.77,112.0,0.01,0.01,2320.63295,1776231427000
1776231428.857,128.857,0.24,104.0,0.23,46.0,0.25,34.6,0.26,10.0,0.75,69.6,0.74,10.0,0.76,100.0,0.77,56.0,0.01,0.01,2320.63295,1776231427000
1776231429.142,129.142,0.24,104.0,0.23,46.0,0.25,34.6,0.26,10.0,0.75,34.6,0.74,10.0,0.76,104.0,0.77,46.0,0.01,0.01,2320.4491,1776231428000
1776231430.186,130.186,0.24,104.0,0.23,46.0,0.25,34.6,0.26,10.0,0.75,34.6,0.74,10.0,0.76,104.0,0.77,46.0,0.01,0.01,2320.41175,1776231429000
1776231430.566,130.566,0.24,253.0,0.23,116.0,0.28,15.0,0.29,25.0,0.75,34.6,0.74,10.0,0.76,104.0,0.77,46.0,0.04,0.01,2320.41175,1776231429000
1776231430.868,130.868,0.27,157.0,0.26,136.0,0.28,20.0,0.29,20.0,0.72,15.0,0.71,25.0,0.76,253.0,0.77,116.0,0.01,0.04,2320.41175,1776231429000
1776231431.353,131.353,0.27,157.0,0.26,136.0,0.28,20.0,0.29,20.0,0.72,20.0,0.71,20.0,0.73,157.0,0.74,136.0,0.01,0.01,2320.3144,1776231430000
1776231431.942,131.942,0.27,157.0,0.26,136.0,0.28,20.0,0.29,20.0,0.72,20.0,0.71,20.0,0.73,157.0,0.74,136.0,0.01,0.01,2320.344175,1776231431000
1776231432.915,132.915,0.27,115.63,0.26,89.0,0.28,40.0,0.29,10.0,0.72,20.0,0.71,20.0,0.73,157.0,0.74,136.0,0.01,0.01,2320.344175,1776231431000
1776231434.066,134.066,0.27,246.63,0.26,170.0,0.28,9.64,0.3,20.0,0.72,40.0,0.71,10.0,0.73,115.63,0.74,89.0,0.01,0.01,2320.489415,1776231432000
1776231434.604,134.604,0.27,84.0,0.26,85.0,0.29,15.0,0.3,25.0,0.71,10.0,0.7,20.0,0.73,251.63,0.74,170.0,0.02,0.02,2320.522515,1776231433000
1776231434.9,134.9,0.27,62.66,0.26,73.0,0.28,15.0,0.29,15.0,0.71,15.0,0.7,25.0,0.73,84.0,0.74,85.0,0.01,0.02,2320.522515,1776231433000
1776231435.26,135.26,0.27,80.29,0.26,78.0,0.28,67.91,0.29,20.0,0.72,15.0,0.71,15.0,0.73,62.66,0.74,73.0,0.01,0.01,2320.522515,1776231433000
1776231436.07,136.07,0.27,62.0,0.26,23.0,0.28,72.16,0.29,20.0,0.72,67.91,0.71,20.0,0.73,80.29,0.74,78.0,0.01,0.01,2320.514205,1776231434000
1776231436.305,136.305,0.27,44.0,0.26,23.0,0.28,67.16,0.29,20.0,0.72,67.16,0.71,20.0,0.73,44.0,0.74,23.0,0.01,0.01,2320.5366,1776231435000
1776231436.871,136.871,0.27,44.0,0.26,23.0,0.28,67.16,0.29,20.0,0.72,67.16,0.71,20.0,0.73,44.0,0.74,23.0,0.01,0.01,2320.5033,1776231436000
1776231437.474,137.474,0.27,3.49,0.26,54.0,0.28,72.16,0.29,20.0,0.72,67.16,0.71,20.0,0.73,44.0,0.74,23.0,0.01,0.01,2320.5033,1776231436000
1776231437.976,137.976,0.26,48.8,0.25,24.0,0.28,67.16,0.29,20.0,0.72,67.16,0.71,20.0,0.74,48.8,0.75,24.0,0.02,0.02,2320.45885,1776231437000
1776231438.457,138.457,0.17,24.43,0.16,76.8,0.19,15.0,0.2,15.0,0.8,10.0,0.79,25.0,0.82,3.75,0.83,31.5,0.02,0.02,2320.45885,1776231437000
1776231438.661,138.661,0.17,16.88,0.16,83.11,0.18,15.0,0.19,15.0,0.81,15.0,0.8,15.0,0.83,23.22,0.84,76.8,0.01,0.02,2320.45885,1776231437000
1776231438.96,138.96,0.17,21.88,0.16,83.11,0.18,20.0,0.19,15.0,0.82,15.0,0.81,15.0,0.83,16.88,0.84,83.11,0.01,0.01,2320.45885,1776231437000
1776231439.667,139.667,0.17,21.88,0.16,83.11,0.18,20.0,0.19,15.0,0.82,20.0,0.81,15.0,0.83,21.88,0.84,83.11,0.01,0.01,2320.42385,1776231438000
1776231439.921,139.921,0.17,41.88,0.16,62.31,0.18,7.77,0.19,15.0,0.82,20.0,0.81,15.0,0.83,21.88,0.84,83.11,0.01,0.01,2320.42385,1776231438000
1776231440.808,140.808,0.17,58.95,0.16,62.31,0.18,7.77,0.19,15.0,0.82,7.77,0.81,15.0,0.83,58.95,0.84,62.31,0.01,0.01,2319.919476,1776231439000
1776231441.12,141.12,0.18,11.61,0.17,47.94,0.19,4.47,0.2,15.0,0.81,4.47,0.8,15.0,0.82,26.61,0.83,47.94,0.01,0.01,2319.919476,1776231439000
1776231441.38,141.38,0.18,11.61,0.17,47.94,0.19,4.47,0.2,15.0,0.81,4.47,0.8,15.0,0.82,11.61,0.83,47.94,0.01,0.01,2319.87835,1776231440000
1776231441.676,141.676,0.17,10.0,0.16,78.0,0.18,12.0,0.19,9.47,0.81,4.47,0.8,15.0,0.82,11.61,0.83,47.94,0.01,0.01,2319.87835,1776231440000
1776231442.257,142.257,0.17,10.0,0.16,78.0,0.18,12.0,0.19,9.47,0.82,12.0,0.81,9.47,0.83,10.0,0.84,78.0,0.01,0.01,2319.991162,1776231441000
1776231442.731,142.731,0.17,15.0,0.16,56.0,0.18,71.44,0.19,9.47,0.82,12.0,0.81,9.47,0.83,10.0,0.84,78.0,0.01,0.01,2319.991162,1776231441000
1776231443.546,143.546,0.17,15.0,0.16,56.0,0.18,71.44,0.19,9.47,0.82,71.44,0.81,9.47,0.83,15.0,0.84,56.0,0.01,0.01,2319.9169,1776231442000
1776231444.379,144.379,0.17,15.0,0.16,56.0,0.18,71.44,0.19,9.47,0.82,71.44,0.81,9.47,0.83,15.0,0.84,56.0,0.01,0.01,2319.8285,1776231443000
1776231445.141,145.141,0.17,15.0,0.16,50.0,0.18,75.89,0.19,9.47,0.82,71.44,0.81,9.47,0.83,15.0,0.84,56.0,0.01,0.01,2319.8285,1776231443000
1776231446.235,146.235,0.15,16.0,0.14,10.0,0.18,70.89,0.19,14.47,0.82,75.89,0.81,9.47,0.83,15.0,0.84,50.0,0.03,0.01,2319.882735,1776231444000
1776231446.762,146.762,0.12,220.85,0.11,50.0,0.13,10.0,0.14,10.0,0.84,25.0,0.83,28.0,0.86,10.0,0.88,210.09,0.01,0.02,2319.882735,1776231444000
1776231447.442,147.442,0.12,220.85,0.11,50.0,0.13,10.0,0.14,10.0,0.87,10.0,0.86,10.0,0.88,220.85,0.89,50.0,0.01,0.01,2319.899934,1776231446000
1776231448.138,148.138,0.12,220.85,0.11,50.0,0.13,10.0,0.14,10.0,0.87,10.0,0.86,10.0,0.88,220.85,0.89,50.0,0.01,0.01,2319.498888,1776231447000
1776231449.589,149.589,0.12,195.68,0.11,30.06,0.13,10.0,0.14,60.0,0.87,10.0,0.86,10.0,0.88,220.85,0.89,50.0,0.01,0.01,2319.498888,1776231447000
1776231449.887,149.887,0.12,132.04,0.09,100.0,0.13,65.0,0.14,141.0,0.87,15.0,0.86,60.0,0.88,150.58,0.91,100.0,0.01,0.01,2319.44495,1776231448000
1776231450.472,150.472,0.12,119.59,0.09,100.0,0.13,77.0,0.14,141.0,0.87,77.0,0.86,141.0,0.88,119.59,0.91,100.0,0.01,0.01,2319.5112,1776231449000
1776231450.835,150.835,0.12,55.47,0.09,100.0,0.13,164.0,0.14,146.0,0.87,42.0,0.86,146.0,0.88,70.47,0.91,100.0,0.01,0.01,2319.5112,1776231449000
1776231451.243,151.243,0.12,53.65,0.11,5.0,0.13,161.0,0.14,116.0,0.87,164.0,0.86,146.0,0.88,55.47,0.91,100.0,0.01,0.01,2319.5112,1776231449000
1776231451.502,151.502,0.12,26.73,0.11,5.0,0.13,191.0,0.14,121.0,0.87,191.0,0.86,116.0,0.88,36.28,0.89,5.0,0.01,0.01,2319.391205,1776231450000
1776231451.745,151.745,0.12,23.59,0.11,105.0,0.13,223.0,0.14,127.05,0.87,191.0,0.86,121.0,0.88,26.73,0.89,5.0,0.01,0.01,2319.391205,1776231450000
1776231452.073,152.073,0.11,15.87,0.09,110.0,0.12,110.0,0.13,202.0,0.87,198.0,0.86,127.05,0.88,16.45,0.89,105.0,0.01,0.01,2319.391205,1776231450000
1776231452.686,152.686,0.1,5.0,0.09,115.0,0.11,166.1,0.12,141.0,0.88,110.0,0.87,202.0,0.89,10.7,0.91,110.0,0.01,0.01,2319.391205,1776231450000
1776231453.548,153.548,0.1,5.0,0.09,115.0,0.11,166.1,0.12,141.0,0.89,166.1,0.88,141.0,0.9,5.0,0.91,115.0,0.01,0.01,2318.97582,1776231452000
1776231453.869,153.869,0.09,131.22,0.08,110.0,0.1,37.52,0.11,125.1,0.9,18.06,0.89,120.1,0.91,136.22,0.92,110.0,0.01,0.01,2318.97582,1776231452000
1776231454.233,154.233,0.09,126.58,0.08,110.0,0.1,89.52,0.11,125.1,0.9,37.52,0.89,125.1,0.91,131.22,0.92,110.0,0.01,0.01,2318.97582,1776231452000
1776231455.153,155.153,0.09,26.97,0.08,10.0,0.1,53.0,0.11,120.0,0.9,53.0,0.89,120.0,0.91,26.97,0.92,10.0,0.01,0.01,2319.0066,1776231454000
1776231455.471,155.471,0.09,39.95,0.08,10.0,0.1,53.0,0.11,120.0,0.9,53.0,0.89,120.0,0.91,26.97,0.92,10.0,0.01,0.01,2319.0066,1776231454000
1776231456.136,156.136,0.09,0.79,0.08,10.0,0.1,53.0,0.11,120.0,0.9,53.0,0.89,120.0,0.91,39.95,0.92,10.0,0.01,0.01,2319.0066,1776231454000
1776231456.369,156.369,0.08,26.38,0.07,21.0,0.09,5.0,0.1,48.0,0.9,53.0,0.89,120.0,0.91,0.79,0.92,10.0,0.01,0.01,2319.0066,1776231454000
1776231456.613,156.613,0.08,31.38,0.07,21.0,0.1,48.0,0.11,115.0,0.9,48.0,0.89,115.0,0.92,31.38,0.93,21.0,0.02,0.02,2318.92395,1776231455000
1776231457.665,157.665,0.08,17.61,0.07,10.0,0.09,141.0,0.1,142.0,0.9,48.0,0.89,115.0,0.92,31.38,0.93,21.0,0.01,0.02,2318.92395,1776231455000
1776231458.129,158.129,0.08,17.61,0.07,10.0,0.09,141.0,0.1,142.0,0.91,141.0,0.9,142.0,0.92,17.61,0.93,10.0,0.01,0.01,2318.903666,1776231457000
1776231459.115,159.115,0.08,17.61,0.07,10.0,0.09,141.0,0.1,142.0,0.91,141.0,0.9,142.0,0.92,17.61,0.93,10.0,0.01,0.01,2318.891855,1776231458000
1776231460.084,160.084,0.08,17.61,0.07,10.0,0.09,141.0,0.1,142.0,0.91,141.0,0.9,142.0,0.92,17.61,0.93,10.0,0.01,0.01,2318.85385,1776231459000
1776231460.346,160.346,0.08,1.52,0.07,20.0,0.09,201.0,0.1,158.0,0.91,231.0,0.9,158.0,0.92,2.61,0.93,15.0,0.01,0.01,2318.85385,1776231459000
1776231461.059,161.059,0.08,1.52,0.07,20.0,0.09,201.0,0.1,158.0,0.91,201.0,0.9,158.0,0.92,1.52,0.93,20.0,0.01,0.01,2318.8538,1776231460000
1776231461.536,161.536,0.08,99.2,0.07,125.36,0.09,100.0,0.1,122.0,0.91,201.0,0.9,158.0,0.92,1.52,0.93,20.0,0.01,0.01,2318.8538,1776231460000
1776231462.037,162.037,0.08,117.2,0.07,125.36,0.09,45.0,0.1,122.0,0.91,45.0,0.9,122.0,0.92,117.2,0.93,125.36,0.01,0.01,2318.902905,1776231461000
1776231462.57,162.57,0.08,1.86,0.07,94.0,0.09,40.0,0.1,60.0,0.91,45.0,0.9,122.0,0.92,117.2,0.93,125.36,0.01,0.01,2318.902905,1776231461000
1776231462.996,162.996,0.08,38.98,0.07,52.68,0.1,55.0,0.11,45.0,0.91,40.0,0.9,60.0,0.93,92.74,0.94,290.8,0.02,0.02,2318.902905,1776231461000
1776231463.901,163.901,0.08,38.98,0.07,52.68,0.1,55.0,0.11,45.0,0.9,55.0,0.89,45.0,0.92,38.98,0.93,52.68,0.02,0.02,2318.9995,1776231463000
1776231464.912,164.912,0.08,38.98,0.07,52.68,0.1,55.0,0.11,45.0,0.9,55.0,0.89,45.0,0.92,38.98,0.93,52.68,0.02,0.02,2319.0443,1776231464000
1776231465.602,165.602,0.07,68.72,0.06,294.8,0.1,60.0,0.11,55.0,0.9,55.0,0.89,45.0,0.92,38.98,0.93,52.68,0.03,0.02,2319.0443,1776231464000
1776231465.82,165.82,0.07,68.72,0.06,294.8,0.1,60.0,0.11,55.0,0.9,60.0,0.89,55.0,0.93,68.72,0.94,294.8,0.03,0.03,2319.00445,1776231465000
1776231467.402,167.402,0.07,68.72,0.06,294.8,0.1,60.0,0.11,55.0,0.9,60.0,0.89,55.0,0.93,68.72,0.94,294.8,0.03,0.03,2319.013355,1776231466000
1776231468.254,168.254,0.07,68.72,0.06,294.8,0.1,60.0,0.11,55.0,0.9,60.0,0.89,55.0,0.93,68.72,0.94,294.8,0.03,0.03,2319.1216,1776231467000
1776231469.287,169.287,0.07,68.72,0.06,294.8,0.1,60.0,0.11,55.0,0.9,60.0,0.89,55.0,0.93,68.72,0.94,294.8,0.03,0.03,2319.14014,1776231468000
1776231470.28,170.28,0.07,68.72,0.06,294.8,0.1,60.0,0.11,55.0,0.9,60.0,0.89,55.0,0.93,68.72,0.94,294.8,0.03,0.03,2319.132355,1776231469000
1776231471.265,171.265,0.08,10.0,0.07,189.72,0.1,23.5,0.11,45.0,0.9,23.5,0.89,45.0,0.92,10.0,0.93,189.72,0.02,0.02,2319.1325,1776231470000
1776231472.315,172.315,0.08,10.0,0.07,189.72,0.1,23.5,0.11,45.0,0.9,23.5,0.89,45.0,0.92,10.0,0.93,189.72,0.02,0.02,2319.149225,1776231471000
1776231472.847,172.847,0.08,27.62,0.07,167.02,0.09,21.97,0.1,48.5,0.9,23.5,0.89,45.0,0.92,10.0,0.93,189.72,0.01,0.02,2319.149225,1776231471000
1776231473.381,173.381,0.08,27.62,0.07,167.02,0.09,21.97,0.1,48.5,0.91,21.97,0.9,48.5,0.92,27.62,0.93,167.02,0.01,0.01,2319.14928,1776231472000
1776231473.919,173.919,0.08,27.62,0.07,167.02,0.09,21.97,0.1,48.5,0.91,21.97,0.9,48.5,0.92,27.62,0.93,167.02,0.01,0.01,2319.178344,1776231473000
1776231474.332,174.332,0.07,5.0,0.06,15.0,0.08,115.0,0.09,107.97,0.91,21.97,0.9,48.5,0.92,27.62,0.93,167.02,0.01,0.01,2319.178344,1776231473000
1776231474.925,174.925,0.07,5.0,0.06,15.0,0.08,115.0,0.09,107.97,0.92,115.0,0.91,107.97,0.93,5.0,0.94,15.0,0.01,0.01,2319.1833,1776231474000
1776231475.625,175.625,0.06,9.3,0.05,260.8,0.08,120.0,0.09,112.97,0.92,115.0,0.91,107.97,0.93,5.0,0.94,15.0,0.02,0.01,2319.1833,1776231474000
1776231475.988,175.988,0.06,9.3,0.05,260.8,0.08,120.0,0.09,112.97,0.92,120.0,0.91,112.97,0.94,9.3,0.95,260.8,0.02,0.02,2319.097312,1776231475000
1776231476.55,176.55,0.06,15.49,0.05,249.8,0.08,125.0,0.09,112.97,0.92,120.0,0.91,112.97,0.94,9.3,0.95,260.8,0.02,0.02,2319.097312,1776231475000
1776231477.081,177.081,0.06,15.49,0.05,249.8,0.08,125.0,0.09,112.97,0.92,125.0,0.91,112.97,0.94,15.49,0.95,249.8,0.02,0.02,2318.85415,1776231476000
1776231477.373,177.373,0.06,0.52,0.05,174.0,0.08,130.0,0.09,107.97,0.92,125.0,0.91,112.97,0.94,15.49,0.95,249.8,0.02,0.02,2318.85415,1776231476000
1776231478.115,178.115,0.06,0.52,0.05,174.0,0.08,130.0,0.09,107.97,0.92,130.0,0.91,107.97,0.94,0.52,0.95,174.0,0.02,0.02,2318.821285,1776231477000
1776231478.494,178.494,0.05,164.46,0.04,330.8,0.07,86.0,0.08,150.0,0.92,130.0,0.91,107.97,0.94,0.52,0.95,174.0,0.02,0.02,2318.821285,1776231477000
1776231478.697,178.697,0.06,8.93,0.05,169.46,0.07,81.0,0.08,150.0,0.93,81.0,0.92,150.0,0.94,8.93,0.95,169.46,0.01,0.01,2318.821285,1776231477000
1776231479.168,179.168,0.06,8.93,0.05,169.46,0.07,81.0,0.08,150.0,0.93,81.0,0.92,150.0,0.94,8.93,0.95,169.46,0.01,0.01,2318.81153,1776231478000
1776231480.311,180.311,0.06,8.93,0.05,169.46,0.07,81.0,0.08,150.0,0.93,81.0,0.92,150.0,0.94,8.93,0.95,169.46,0.01,0.01,2318.81425,1776231479000
1776231480.624,180.624,0.06,2.97,0.05,91.52,0.07,113.0,0.08,123.0,0.93,81.0,0.92,150.0,0.94,8.93,0.95,169.46,0.01,0.01,2318.81425,1776231479000
1776231480.864,180.864,0.04,132.3,0.03,786.7,0.06,114.0,0.07,108.0,0.94,109.0,0.93,108.0,0.95,0.52,0.96,137.0,0.02,0.01,2318.81425,1776231479000
1776231481.139,181.139,0.05,51.88,0.04,104.94,0.06,51.0,0.07,75.0,0.94,109.0,0.93,108.0,0.96,121.88,0.97,786.7,0.01,0.02,2318.81425,1776231479000
1776231481.34,181.34,0.05,51.67,0.04,104.94,0.06,31.0,0.07,65.0,0.94,51.0,0.93,75.0,0.95,51.88,0.96,104.94,0.01,0.01,2318.81425,1776231479000
1776231481.814,181.814,0.05,27.05,0.04,104.94,0.06,38.04,0.07,70.0,0.94,41.0,0.93,65.0,0.95,17.05,0.96,104.94,0.01,0.01,2318.970288,1776231480000
1776231482.336,182.336,0.05,27.05,0.04,104.94,0.06,38.04,0.07,70.0,0.94,38.04,0.93,70.0,0.95,27.05,0.96,104.94,0.01,0.01,2318.951177,1776231481000
1776231482.845,182.845,0.05,59.05,0.04,204.94,0.06,28.04,0.07,45.0,0.94,38.04,0.93,70.0,0.95,27.05,0.96,104.94,0.01,0.01,2318.951177,1776231481000
1776231483.876,183.876,0.05,7.05,0.04,135.88,0.06,50.0,0.07,55.0,0.94,28.04,0.93,45.0,0.95,59.05,0.96,204.94,0.01,0.01,2318.812855,1776231482000
1776231484.265,184.265,0.04,122.93,0.03,521.0,0.06,40.0,0.07,55.0,0.94,40.0,0.93,55.0,0.96,122.93,0.97,521.0,0.02,0.02,2318.710765,1776231483000
1776231484.483,184.483,0.04,72.93,0.03,674.0,0.06,45.0,0.07,60.0,0.94,40.0,0.93,55.0,0.96,122.93,0.97,521.0,0.02,0.02,2318.710765,1776231483000
1776231485.524,185.524,0.04,72.93,0.03,674.0,0.06,45.0,0.07,60.0,0.94,45.0,0.93,60.0,0.96,72.93,0.97,674.0,0.02,0.02,2318.7493,1776231484000
1776231485.866,185.866,0.04,72.93,0.03,674.0,0.06,45.0,0.07,60.0,0.94,45.0,0.93,60.0,0.96,72.93,0.97,674.0,0.02,0.02,2318.7689,1776231485000
1776231486.946,186.946,0.04,70.68,0.03,674.0,0.06,128.8,0.07,110.3,0.94,128.8,0.93,110.3,0.96,70.68,0.97,674.0,0.02,0.02,2318.711274,1776231486000
1776231487.696,187.696,0.04,78.68,0.03,674.0,0.05,25.0,0.06,108.8,0.94,128.8,0.93,110.3,0.96,70.68,0.97,674.0,0.01,0.02,2318.711274,1776231486000
1776231488.198,188.198,0.04,66.68,0.03,674.0,0.05,30.0,0.06,108.8,0.95,30.0,0.94,108.8,0.96,66.68,0.97,674.0,0.01,0.01,2318.695036,1776231487000
1776231489.268,189.268,0.04,66.68,0.03,674.0,0.05,30.0,0.06,108.8,0.95,30.0,0.94,108.8,0.96,66.68,0.97,674.0,0.01,0.01,2318.6399,1776231488000
1776231489.564,189.564,0.04,61.69,0.03,674.0,0.05,20.0,0.06,118.8,0.95,30.0,0.94,108.8,0.96,66.68,0.97,674.0,0.01,0.01,2318.6399,1776231488000
1776231490.497,190.497,0.04,61.69,0.03,674.0,0.05,20.0,0.06,118.8,0.95,20.0,0.94,118.8,0.96,61.69,0.97,674.0,0.01,0.01,2318.6052,1776231489000
1776231491.098,191.098,0.04,61.69,0.03,674.0,0.05,20.0,0.06,118.8,0.95,20.0,0.94,118.8,0.96,61.69,0.97,674.0,0.01,0.01,2318.6052,1776231490000
1776231492.159,192.159,0.04,71.69,0.03,674.0,0.05,33.28,0.06,93.8,0.95,20.0,0.94,118.8,0.96,61.69,0.97,674.0,0.01,0.01,2318.6052,1776231490000
1776231493.406,193.406,0.04,71.69,0.03,674.0,0.05,33.28,0.06,93.8,0.95,33.28,0.94,93.8,0.96,71.69,0.97,674.0,0.01,0.01,2318.73772,1776231492000
1776231494.029,194.029,0.04,71.69,0.03,674.0,0.05,33.28,0.06,93.8,0.95,33.28,0.94,93.8,0.96,71.69,0.97,674.0,0.01,0.01,2318.7199,1776231493000
1776231494.441,194.441,0.03,526.05,0.02,610.0,0.04,99.28,0.05,100.8,0.95,154.08,0.94,133.8,0.97,459.06,0.98,510.0,0.01,0.02,2318.7199,1776231493000
1776231495.277,195.277,0.03,531.05,0.02,610.0,0.04,91.36,0.05,100.8,0.96,91.36,0.95,100.8,0.97,531.05,0.98,610.0,0.01,0.01,2318.65995,1776231494000
1776231496.389,196.389,0.03,607.52,0.02,793.7,0.04,91.36,0.05,25.0,0.96,91.36,0.95,25.0,0.97,607.52,0.98,793.7,0.01,0.01,2318.6003,1776231495000
1776231496.983,196.983,0.03,607.52,0.02,793.7,0.04,91.36,0.05,25.0,0.96,91.36,0.95,25.0,0.97,607.52,0.98,793.7,0.01,0.01,2318.660281,1776231496000
1776231498.133,198.133,0.03,358.47,0.02,392.05,0.04,35.0,0.05,145.8,0.96,91.36,0.95,25.0,0.97,607.52,0.98,793.7,0.01,0.01,2318.660281,1776231496000
1776231498.543,198.543,0.03,353.47,0.02,492.05,0.04,33.88,0.05,120.8,0.96,38.88,0.95,120.8,0.97,353.47,0.98,492.05,0.01,0.01,2318.660281,1776231496000
1776231498.836,198.836,0.03,23.47,0.02,492.05,0.04,142.58,0.05,120.8,0.96,167.58,0.95,120.8,0.97,33.47,0.98,492.05,0.01,0.01,2318.727715,1776231497000
1776231499.12,199.12,0.01,7384.6,,,0.04,176.58,0.05,120.8,0.96,142.58,0.95,120.8,0.97,23.47,0.98,492.05,0.03,0.01,2318.727715,1776231497000
1776231500.394,200.394,0.01,7384.6,,,0.04,176.58,0.05,120.8,0.96,176.58,0.95,120.8,0.99,7384.6,,,0.03,0.03,2318.5042,1776231499000
1776231500.798,200.798,0.01,7426.6,,,0.02,237.0,0.03,208.0,0.96,176.58,0.95,120.8,0.99,7384.6,,,0.01,0.03,2318.5042,1776231499000
1776231501.045,201.045,0.01,7426.6,,,0.02,237.0,0.03,208.0,0.98,237.0,0.97,208.0,0.99,7426.6,,,0.01,0.01,2318.41795,1776231500000
1776231502.211,202.211,0.01,7431.6,,,0.02,235.66,0.03,213.0,0.98,235.66,0.97,213.0,0.99,7431.6,,,0.01,0.01,2318.354675,1776231501000
1776231502.631,202.631,0.01,7711.6,,,0.02,133.66,0.03,213.0,0.98,235.66,0.97,213.0,0.99,7431.6,,,0.01,0.01,2318.354675,1776231501000
1776231502.989,202.989,0.01,1661.65,,,0.02,110.0,0.03,238.7,0.98,133.66,0.97,213.0,0.99,7711.6,,,0.01,0.01,2318.354675,1776231501000
1776231503.269,203.269,0.01,1641.65,,,0.02,110.0,0.03,115.0,0.98,110.0,0.97,238.7,0.99,1652.65,,,0.01,0.01,2318.354675,1776231501000
1776231503.898,203.898,0.01,1641.65,,,0.02,110.0,0.03,115.0,0.98,110.0,0.97,115.0,0.99,1641.65,,,0.01,0.01,2318.335455,1776231503000
1776231504.784,204.784,0.01,1006.05,,,0.02,115.0,0.03,341.7,0.98,110.0,0.97,115.0,0.99,1641.65,,,0.01,0.01,2318.335455,1776231503000
1776231504.994,204.994,0.01,938.0,,,0.02,308.7,0.03,401.7,0.98,308.7,0.97,401.7,0.99,938.0,,,0.01,0.01,2318.2891,1776231504000
1776231505.284,205.284,0.01,822.0,,,0.02,308.7,0.03,341.7,0.98,303.7,0.97,401.7,0.99,923.0,,,0.01,0.01,2318.2891,1776231504000
1776231505.57,205.57,0.01,806.89,,,0.02,258.7,0.03,371.7,0.98,308.7,0.97,341.7,0.99,806.89,,,0.01,0.01,2318.2891,1776231504000
1776231506.188,206.188,0.01,764.08,,,0.02,208.7,0.03,271.7,0.98,208.7,0.97,271.7,0.99,764.08,,,0.01,0.01,2318.2589,1776231505000
1776231506.574,206.574,0.01,768.06,,,0.02,198.7,0.03,241.7,0.98,208.7,0.97,271.7,0.99,764.08,,,0.01,0.01,2318.2589,1776231505000
1776231507.241,207.241,0.01,747.86,,,0.02,198.7,0.03,241.7,0.98,198.7,0.97,241.7,0.99,747.86,,,0.01,0.01,2317.53295,1776231506000
1776231507.543,207.543,0.01,727.86,,,0.02,198.7,0.03,641.7,0.98,198.7,0.97,241.7,0.99,747.86,,,0.01,0.01,2317.53295,1776231506000
1776231507.785,207.785,0.01,677.75,,,0.02,203.7,0.03,641.7,0.98,198.7,0.97,641.7,0.99,682.75,,,0.01,0.01,2317.53295,1776231506000
1776231508.333,208.333,0.01,627.24,,,0.02,198.7,0.03,641.7,0.98,198.7,0.97,641.7,0.99,627.24,,,0.01,0.01,2317.337845,1776231507000
1776231508.558,208.558,0.01,571.24,,,0.02,205.1,0.03,241.7,0.98,213.7,0.97,241.7,0.99,571.24,,,0.01,0.01,2317.337845,1776231507000
1776231508.797,208.797,0.01,549.2,,,0.02,210.1,0.03,241.7,0.98,205.1,0.97,241.7,0.99,569.2,,,0.01,0.01,2317.337845,1776231507000
1776231509.158,209.158,0.01,510.54,,,0.02,250.7,0.03,551.7,0.98,210.1,0.97,241.7,0.99,516.14,,,0.01,0.01,2317.389868,1776231508000
1776231509.404,209.404,0.01,505.54,,,0.02,188.7,0.03,251.7,0.98,250.7,0.97,251.7,0.99,505.54,,,0.01,0.01,2317.389868,1776231508000
1776231509.843,209.843,,,,,0.01,2224.34,0.02,203.89,0.99,2024.46,0.98,188.7,,,,,,,2317.389868,1776231508000
1776231510.08,210.08,,,,,0.01,2224.34,0.02,203.89,0.99,2224.34,0.98,203.89,,,,,,,2317.463405,1776231509000
1776231511.167,211.167,,,,,0.01,2224.34,0.02,203.89,0.99,2224.34,0.98,203.89,,,,,,,2317.250565,1776231510000
1776231512.313,212.313,,,,,0.01,2224.34,0.02,203.89,0.99,2224.34,0.98,203.89,,,,,,,2317.31825,1776231511000
1776231513.246,213.246,,,,,0.01,2224.34,0.02,203.89,0.99,2224.34,0.98,203.89,,,,,,,2317.362161,1776231512000
1776231514.684,214.684,,,,,0.01,2224.34,0.02,203.89,0.99,2224.34,0.98,203.89,,,,,,,2317.467825,1776231513000
1776231515.23,215.23,,,,,0.01,2224.34,0.02,203.89,0.99,2224.34,0.98,203.89,,,,,,,2317.49345,1776231514000
1776231516.541,216.541,,,,,0.01,2224.34,0.02,203.89,0.99,2224.34,0.98,203.89,,,,,,,2317.675905,1776231515000
1776231517.231,217.231,,,,,0.01,2224.34,0.02,203.89,0.99,2224.34,0.98,203.89,,,,,,,2317.679962,1776231516000
1776231518.349,218.349,,,,,0.01,2224.34,0.02,203.89,0.99,2224.34,0.98,203.89,,,,,,,2317.634905,1776231517000
1776231518.978,218.978,,,,,0.01,2224.34,0.02,203.89,0.99,2224.34,0.98,203.89,,,,,,,2317.630715,1776231518000
1776231519.752,219.752,,,,,0.01,2117.46,0.02,208.89,0.99,2224.34,0.98,203.89,,,,,,,2317.630715,1776231518000
1776231520.087,220.087,,,,,0.01,2117.46,0.02,208.89,0.99,2117.46,0.98,208.89,,,,,,,2317.638185,1776231519000
1776231521.165,221.165,,,,,0.01,2117.46,0.02,208.89,0.99,2117.46,0.98,208.89,,,,,,,2317.738705,1776231520000
1776231522.366,222.366,,,,,0.01,2117.46,0.02,208.89,0.99,2117.46,0.98,208.89,,,,,,,2317.921409,1776231521000
1776231523.47,223.47,,,,,0.01,2117.46,0.02,208.89,0.99,2117.46,0.98,208.89,,,,,,,2318.02595,1776231522000
1776231524.075,224.075,,,,,0.01,2117.46,0.02,208.89,0.99,2117.46,0.98,208.89,,,,,,,2318.03477,1776231523000
1776231525.191,225.191,,,,,0.01,2117.46,0.02,208.89,0.99,2117.46,0.98,208.89,,,,,,,2317.486549,1776231524000
1776231526.3,226.3,,,,,0.01,2117.46,0.02,208.89,0.99,2117.46,0.98,208.89,,,,,,,2317.244593,1776231525000
1776231527.496,227.496,,,,,0.01,2117.46,0.02,208.89,0.99,2117.46,0.98,208.89,,,,,,,2317.192035,1776231526000
1776231528.538,228.538,,,,,0.01,2117.46,0.02,208.89,0.99,2117.46,0.98,208.89,,,,,,,2317.182435,1776231527000
1776231529.145,229.145,,,,,0.01,2117.46,0.02,208.89,0.99,2117.46,0.98,208.89,,,,,,,2317.392334,1776231528000
1776231530.155,230.155,,,,,0.01,2117.46,0.02,208.89,0.99,2117.46,0.98,208.89,,,,,,,2317.30566,1776231529000
1776231531.128,231.128,,,,,0.01,2117.46,0.02,208.89,0.99,2117.46,0.98,208.89,,,,,,,2317.406732,1776231530000
1776231532.11,232.11,,,,,0.01,2117.46,0.02,208.89,0.99,2117.46,0.98,208.89,,,,,,,2317.16015,1776231531000
1776231533.085,233.085,,,,,0.01,2117.46,0.02,208.89,0.99,2117.46,0.98,208.89,,,,,,,2317.153413,1776231532000
1776231534.056,234.056,,,,,0.01,2117.46,0.02,208.89,0.99,2117.46,0.98,208.89,,,,,,,2316.87582,1776231533000
1776231535.005,235.005,,,,,0.01,2117.46,0.02,208.89,0.99,2117.46,0.98,208.89,,,,,,,2316.739195,1776231534000
1776231536.026,236.026,,,,,0.01,2117.46,0.02,208.89,0.99,2117.46,0.98,208.89,,,,,,,2316.830852,1776231535000
1776231536.98,236.98,,,,,0.01,2117.46,0.02,208.89,0.99,2117.46,0.98,208.89,,,,,,,2316.742915,1776231536000
1776231537.937,237.937,,,,,0.01,2117.46,0.02,208.89,0.99,2117.46,0.98,208.89,,,,,,,2316.771865,1776231537000
1776231538.932,238.932,,,,,0.01,10764.72,0.02,498.7,0.99,10764.72,0.98,498.7,,,,,,,2316.790215,1776231538000
1776231539.926,239.926,,,,,0.01,10764.72,0.02,498.7,0.99,10764.72,0.98,498.7,,,,,,,2316.69447,1776231539000
1776231540.873,240.873,,,,,0.01,11349.76,0.02,305.7,0.99,10764.72,0.98,498.7,,,,,,,2316.69447,1776231539000
1776231541.931,241.931,,,,,0.01,11349.76,0.02,305.7,0.99,11349.76,0.98,305.7,,,,,,,2316.847725,1776231540000
1776231542.82,242.82,,,,,0.01,11349.76,0.02,305.7,0.99,11349.76,0.98,305.7,,,,,,,2317.008445,1776231541000
1776231543.94,243.94,,,,,0.01,11349.76,0.02,305.7,0.99,11349.76,0.98,305.7,,,,,,,2316.916305,1776231542000
1776231545.069,245.069,,,,,0.01,11349.76,0.02,305.7,0.99,11349.76,0.98,305.7,,,,,,,2317.02221,1776231543000
1776231545.893,245.893,,,,,0.01,2528.76,0.02,305.7,0.99,11349.76,0.98,305.7,,,,,,,2317.02221,1776231543000
1776231546.926,246.926,,,,,0.01,2428.76,0.02,305.7,0.99,2428.76,0.98,305.7,,,,,,,2317.294338,1776231545000
1776231547.773,247.773,,,,,0.01,2428.76,0.02,305.7,0.99,2428.76,0.98,305.7,,,,,,,2317.21241,1776231546000
1776231548.461,248.461,,,,,0.01,2428.76,0.02,305.7,0.99,2428.76,0.98,305.7,,,,,,,2317.39286,1776231547000
1776231549.197,249.197,,,,,0.01,2428.76,0.02,305.7,0.99,2428.76,0.98,305.7,,,,,,,2317.687965,1776231548000
1776231550.675,250.675,,,,,0.01,2428.76,0.02,305.7,0.99,2428.76,0.98,305.7,,,,,,,2317.77299,1776231549000
1776231551.346,251.346,,,,,0.01,2428.76,0.02,305.7,0.99,2428.76,0.98,305.7,,,,,,,2317.7705,1776231550000
1776231552.148,252.148,,,,,0.01,2428.76,0.02,305.7,0.99,2428.76,0.98,305.7,,,,,,,2317.77045,1776231551000
1776231553.647,253.647,,,,,0.01,2428.76,0.02,305.7,0.99,2428.76,0.98,305.7,,,,,,,2317.782403,1776231552000
1776231554.514,254.514,,,,,0.01,2428.76,0.02,305.7,0.99,2428.76,0.98,305.7,,,,,,,2317.777663,1776231553000
1776231555.283,255.283,,,,,0.01,2428.76,0.02,305.7,0.99,2428.76,0.98,305.7,,,,,,,2317.75232,1776231554000
1776231556.881,256.881,,,,,0.01,2428.76,0.02,305.7,0.99,2428.76,0.98,305.7,,,,,,,2317.281364,1776231555000
1776231557.49,257.49,,,,,0.01,2428.76,0.02,305.7,0.99,2428.76,0.98,305.7,,,,,,,2317.208865,1776231556000
1776231557.847,257.847,,,,,0.01,3232.75,0.02,205.7,0.99,2428.76,0.98,305.7,,,,,,,2317.208865,1776231556000
1776231558.352,258.352,,,,,0.01,3232.75,0.02,205.7,0.99,3232.75,0.98,205.7,,,,,,,2317.093763,1776231557000
1776231559.314,259.314,,,,,0.01,3232.75,0.02,205.7,0.99,3232.75,0.98,205.7,,,,,,,2317.070035,1776231558000
1776231560.813,260.813,,,,,0.01,3232.75,0.02,205.7,0.99,3232.75,0.98,205.7,,,,,,,2316.947995,1776231559000
1776231561.57,261.57,,,,,0.01,3232.75,0.02,205.7,0.99,3232.75,0.98,205.7,,,,,,,2316.8672,1776231560000
1776231562.64,262.64,,,,,0.01,3232.75,0.02,205.7,0.99,3232.75,0.98,205.7,,,,,,,2316.83311,1776231561000
1776231563.53,263.53,,,,,0.01,3232.75,0.02,205.7,0.99,3232.75,0.98,205.7,,,,,,,2316.83311,1776231562000
1776231564.182,264.182,,,,,0.01,3232.75,0.02,205.7,0.99,3232.75,0.98,205.7,,,,,,,2316.873555,1776231563000
1776231565.564,265.564,,,,,0.01,3232.75,0.02,205.7,0.99,3232.75,0.98,205.7,,,,,,,2316.88757,1776231564000
1776231566.244,266.244,,,,,0.01,3232.75,0.02,205.7,0.99,3232.75,0.98,205.7,,,,,,,2316.87014,1776231565000
1776231567.631,267.631,,,,,0.01,3232.75,0.02,205.7,0.99,3232.75,0.98,205.7,,,,,,,2316.927485,1776231566000
1776231568.242,268.242,,,,,0.01,3232.75,0.02,205.7,0.99,3232.75,0.98,205.7,,,,,,,2316.927485,1776231567000
1776231569.594,269.594,,,,,0.01,3232.75,0.02,205.7,0.99,3232.75,0.98,205.7,,,,,,,2317.009945,1776231568000
1776231570.193,270.193,,,,,0.01,3232.75,0.02,205.7,0.99,3232.75,0.98,205.7,,,,,,,2317.064965,1776231569000
1776231571.489,271.489,,,,,0.01,3232.75,0.02,205.7,0.99,3232.75,0.98,205.7,,,,,,,2317.12657,1776231570000
1776231572.112,272.112,,,,,0.01,3232.75,0.02,205.7,0.99,3232.75,0.98,205.7,,,,,,,2317.317795,1776231571000
1776231573.402,273.402,,,,,0.01,3232.75,0.02,205.7,0.99,3232.75,0.98,205.7,,,,,,,2317.543325,1776231572000
1776231574.563,274.563,,,,,0.01,3232.75,0.02,205.7,0.99,3232.75,0.98,205.7,,,,,,,2317.5722,1776231573000
1776231575.154,275.154,,,,,0.01,3232.75,0.02,205.7,0.99,3232.75,0.98,205.7,,,,,,,2317.57215,1776231574000
1776231576.449,276.449,,,,,0.01,3232.75,0.02,205.7,0.99,3232.75,0.98,205.7,,,,,,,2317.4679,1776231575000
1776231577.06,277.06,,,,,0.01,3232.75,0.02,205.7,0.99,3232.75,0.98,205.7,,,,,,,2317.462538,1776231576000
1776231578.423,278.423,,,,,0.01,3232.75,0.02,205.7,0.99,3232.75,0.98,205.7,,,,,,,2317.28775,1776231577000
1776231579.377,279.377,,,,,0.01,3232.75,0.02,205.7,0.99,3232.75,0.98,205.7,,,,,,,2317.203995,1776231578000
1776231579.859,279.859,,,,,0.01,3232.75,0.02,205.7,0.99,3232.75,0.98,205.7,,,,,,,2317.20439,1776231579000
1776231580.899,280.899,,,,,0.01,3232.75,0.02,205.7,0.99,3232.75,0.98,205.7,,,,,,,2317.201815,1776231580000
1776231581.923,281.923,,,,,0.01,3232.75,0.02,205.7,0.99,3232.75,0.98,205.7,,,,,,,2317.199965,1776231581000
1776231582.928,282.928,,,,,0.01,3232.75,0.02,205.7,0.99,3232.75,0.98,205.7,,,,,,,2317.24361,1776231582000
1776231583.845,283.845,,,,,0.01,3232.75,0.02,205.7,0.99,3232.75,0.98,205.7,,,,,,,2317.247105,1776231583000
1776231584.961,284.961,,,,,0.01,3232.75,0.02,205.7,0.99,3232.75,0.98,205.7,,,,,,,2317.28219,1776231584000
1776231585.341,285.341,,,,,0.01,4754.2,0.02,22.0,0.99,3232.75,0.98,205.7,,,,,,,2317.28219,1776231584000
1776231586.013,286.013,,,,,0.01,4754.2,0.02,22.0,0.99,4754.2,0.98,22.0,,,,,,,2317.4109,1776231585000
1776231587.074,287.074,,,,,0.01,4754.2,0.02,22.0,0.99,4754.2,0.98,22.0,,,,,,,2317.491765,1776231586000
1776231588.186,288.186,,,,,0.01,4754.2,0.02,22.0,0.99,4754.2,0.98,22.0,,,,,,,2317.481935,1776231587000
1776231589.182,289.182,,,,,0.01,4754.2,0.02,22.0,0.99,4754.2,0.98,22.0,,,,,,,2317.47993,1776231588000
1776231590.215,290.215,,,,,0.01,4754.2,0.02,22.0,0.99,4754.2,0.98,22.0,,,,,,,2317.4813,1776231589000
1776231591.192,291.192,,,,,0.01,4754.2,0.02,22.0,0.99,4754.2,0.98,22.0,,,,,,,2317.48755,1776231590000
1776231592.788,292.788,,,,,0.01,4754.2,0.02,22.0,0.99,4754.2,0.98,22.0,,,,,,,2317.3683,1776231591000
1776231593.342,293.342,,,,,0.01,4754.2,0.02,22.0,0.99,4754.2,0.98,22.0,,,,,,,2317.403312,1776231592000
1776231593.945,293.945,,,,,0.01,4754.2,0.02,22.0,0.99,4754.2,0.98,22.0,,,,,,,2317.398425,1776231593000
1776231594.922,294.922,,,,,0.01,4754.2,0.02,22.0,0.99,4754.2,0.98,22.0,,,,,,,2317.2631,1776231594000
1776231595.882,295.882,,,,,0.01,4754.2,0.02,22.0,0.99,4754.2,0.98,22.0,,,,,,,2317.248684,1776231595000
1776231596.899,296.899,,,,,0.01,4754.2,0.02,22.0,0.99,4754.2,0.98,22.0,,,,,,,2317.357766,1776231596000
1776231597.899,297.899,,,,,0.01,4754.2,0.02,22.0,0.99,4754.2,0.98,22.0,,,,,,,2317.21979,1776231597000
1776231598.936,298.936,,,,,0.01,4754.2,0.02,22.0,0.99,4754.2,0.98,22.0,,,,,,,2316.840975,1776231598000
1776231599.928,299.928,,,,,0.01,4754.2,0.02,22.0,0.99,4754.2,0.98,22.0,,,,,,,2316.835175,1776231599000
1776231600.859,300.859,,,,,0.01,4754.2,0.02,22.0,0.99,4754.2,0.98,22.0,,,,,,,2316.467311,1776231600000

# RESULT,winner=Down,slug=eth-updown-5m-1776231300,ticks=452
