timestamp,elapsed_sec,up_bid_p1,up_bid_s1,up_bid_p2,up_bid_s2,up_ask_p1,up_ask_s1,up_ask_p2,up_ask_s2,down_bid_p1,down_bid_s1,down_bid_p2,down_bid_s2,down_ask_p1,down_ask_s1,down_ask_p2,down_ask_s2,up_spread,down_spread,eth_price,eth_oracle_ts
1776376500.688,0.688,0.51,5.0,0.5,21.28,0.52,1.15,0.54,150.0,0.48,5.0,0.46,150.0,0.49,5.0,0.5,21.28,0.01,0.01,2341.558151,1776376498000
1776376501.123,1.123,0.51,5.0,0.5,21.28,0.54,70.0,0.55,70.0,0.48,1.15,0.46,150.0,0.49,5.0,0.5,21.28,0.03,0.01,2341.5509,1776376499000
1776376502.425,2.425,0.51,2.12,0.5,37.28,0.52,10.0,0.53,7.0,0.46,70.0,0.45,70.0,0.49,5.0,0.5,21.28,0.01,0.03,2341.557799,1776376501000
1776376503.221,3.221,0.51,7.12,0.5,42.28,0.52,7.8,0.53,37.0,0.48,10.0,0.47,7.0,0.49,2.12,0.5,37.28,0.01,0.01,2341.557799,1776376501000
1776376510.672,10.672,0.51,10.0,0.5,247.28,0.52,9.8,0.53,37.0,0.48,7.8,0.47,37.0,0.49,7.12,0.5,42.28,0.01,0.01,2341.586302,1776376509000
1776376511.04,11.04,0.51,10.0,0.5,47.28,0.52,4.8,0.53,37.0,0.48,9.8,0.47,37.0,0.49,10.0,0.5,247.28,0.01,0.01,2341.586302,1776376509000
1776376516.74,16.74,0.51,15.5,0.5,47.28,0.52,25.3,0.53,54.0,0.48,4.8,0.47,37.0,0.49,10.0,0.5,47.28,0.01,0.01,2341.55119,1776376515000
1776376519.003,19.003,0.51,5.31,0.5,47.28,0.52,25.3,0.53,54.0,0.48,25.3,0.47,54.0,0.49,15.5,0.5,47.28,0.01,0.01,2341.564295,1776376517000
1776376520.92,20.92,0.5,26.28,0.49,5.03,0.51,265.5,0.52,85.37,0.48,23.37,0.47,54.0,0.49,5.31,0.5,47.28,0.01,0.01,2341.571866,1776376519000
1776376521.252,21.252,0.45,8.24,0.44,23.0,0.46,85.41,0.47,98.0,0.54,25.0,0.53,80.0,0.55,20.24,0.56,23.0,0.01,0.01,2341.571751,1776376520000
1776376521.57,21.57,0.45,26.14,0.44,23.0,0.46,85.41,0.47,85.0,0.54,85.41,0.53,98.0,0.55,8.24,0.56,23.0,0.01,0.01,2341.571751,1776376520000
1776376521.941,21.941,0.45,26.14,0.44,23.0,0.46,72.36,0.47,85.0,0.54,85.41,0.53,85.0,0.55,26.14,0.56,23.0,0.01,0.01,2341.571751,1776376520000
1776376522.429,22.429,0.45,16.14,0.44,23.0,0.46,70.18,0.47,85.0,0.54,72.36,0.53,85.0,0.55,26.14,0.56,23.0,0.01,0.01,2341.604878,1776376521000
1776376524.139,24.139,0.45,46.14,0.44,75.82,0.46,67.11,0.47,85.0,0.54,70.18,0.53,85.0,0.55,16.14,0.56,23.0,0.01,0.01,2341.53105,1776376522000
1776376524.88,24.88,0.45,29.14,0.44,75.82,0.46,68.0,0.47,85.0,0.54,67.11,0.53,85.0,0.55,46.14,0.56,75.82,0.01,0.01,2341.412935,1776376523000
1776376526.501,26.501,0.45,29.14,0.44,75.82,0.46,59.0,0.47,85.0,0.54,68.0,0.53,85.0,0.55,29.14,0.56,75.82,0.01,0.01,2341.394025,1776376525000
1776376530.609,30.609,0.45,31.77,0.44,28.0,0.46,80.0,0.47,85.0,0.54,59.0,0.53,85.0,0.55,29.14,0.56,75.82,0.01,0.01,2341.392056,1776376529000
1776376534.533,34.533,0.45,46.99,0.44,33.0,0.48,40.04,0.49,95.5,0.54,80.0,0.53,85.0,0.55,31.77,0.56,28.0,0.03,0.01,2341.407161,1776376533000
1776376535.646,35.646,0.47,8.0,0.46,31.0,0.48,117.04,0.49,90.5,0.52,40.04,0.51,95.5,0.55,46.99,0.56,33.0,0.01,0.03,2341.418751,1776376534000
1776376540.648,40.648,0.46,37.0,0.45,28.0,0.47,36.89,0.48,100.04,0.52,117.04,0.51,90.5,0.53,8.0,0.54,31.0,0.01,0.01,2341.407039,1776376539000
1776376542.546,42.546,0.46,7.0,0.45,28.0,0.47,77.39,0.48,90.04,0.53,36.89,0.52,100.04,0.54,37.0,0.55,28.0,0.01,0.01,2341.402459,1776376540000
1776376545.221,45.221,0.46,11.0,0.45,28.0,0.47,132.39,0.48,95.04,0.53,77.39,0.52,90.04,0.54,7.0,0.55,28.0,0.01,0.01,2341.395659,1776376543000
1776376545.879,45.879,0.43,15.0,0.42,39.0,0.44,50.77,0.45,140.5,0.54,44.0,0.53,115.5,0.55,10.69,0.56,28.0,0.01,0.01,2341.391663,1776376544000
1776376546.161,46.161,0.43,11.52,0.42,22.0,0.44,98.97,0.45,152.49,0.56,50.77,0.55,140.5,0.57,15.0,0.58,39.0,0.01,0.01,2341.391663,1776376544000
1776376548.565,48.565,0.43,4.33,0.42,35.0,0.44,79.77,0.45,152.49,0.56,98.97,0.55,152.49,0.57,8.04,0.58,22.0,0.01,0.01,2341.388886,1776376546000
1776376549.365,49.365,0.43,26.33,0.42,31.0,0.44,89.31,0.45,205.5,0.56,79.77,0.55,152.49,0.57,4.33,0.58,35.0,0.01,0.01,2341.294098,1776376547000
1776376552.058,52.058,0.42,165.0,0.41,18.0,0.43,170.5,0.44,62.31,0.56,89.31,0.55,205.5,0.57,26.33,0.58,31.0,0.01,0.01,2341.280901,1776376550000
1776376552.605,52.605,0.42,125.27,0.41,18.0,0.43,176.0,0.44,57.31,0.57,175.5,0.56,57.31,0.58,127.0,0.59,18.0,0.01,0.01,2341.2799,1776376551000
1776376556.819,56.819,0.41,205.0,0.4,31.0,0.42,24.28,0.43,95.5,0.57,176.0,0.56,57.31,0.58,123.54,0.59,18.0,0.01,0.01,2341.15242,1776376555000
1776376558.499,58.499,0.41,195.0,0.4,31.0,0.42,114.28,0.43,65.5,0.58,24.28,0.57,95.5,0.59,205.0,0.6,31.0,0.01,0.01,2341.15485,1776376557000
1776376559.397,59.397,0.41,190.0,0.4,26.0,0.42,175.78,0.43,65.5,0.58,114.28,0.57,65.5,0.59,195.0,0.6,31.0,0.01,0.01,2341.147455,1776376558000
1776376559.691,59.691,0.41,171.86,0.4,8.0,0.42,253.77,0.43,78.5,0.58,250.77,0.57,78.5,0.59,171.86,0.6,8.0,0.01,0.01,2341.147455,1776376558000
1776376560.334,60.334,0.38,4.91,0.37,15.0,0.39,343.5,0.4,134.49,0.59,58.14,0.58,306.97,0.62,20.0,0.63,15.0,0.01,0.03,2341.14673,1776376559000
1776376560.87,60.87,0.37,8.29,0.36,106.13,0.39,343.5,0.4,134.49,0.61,343.5,0.6,134.49,0.62,3.29,0.63,15.0,0.02,0.01,2341.14673,1776376559000
1776376561.598,61.598,0.37,11.11,0.36,106.13,0.38,160.0,0.39,210.5,0.62,65.0,0.61,215.5,0.63,6.7,0.64,106.13,0.01,0.01,2341.150325,1776376560000
1776376562.779,62.779,0.37,6.34,0.36,106.13,0.38,173.0,0.39,210.5,0.62,160.0,0.61,210.5,0.63,11.11,0.64,106.13,0.01,0.01,2340.97537,1776376561000
1776376563.419,63.419,0.37,1.34,0.36,111.13,0.38,173.0,0.39,210.5,0.62,173.0,0.61,210.5,0.63,6.34,0.64,106.13,0.01,0.01,2340.966265,1776376562000
1776376563.987,63.987,0.37,11.34,0.36,111.13,0.38,162.57,0.39,210.5,0.62,159.84,0.61,210.5,0.63,11.34,0.64,111.13,0.01,0.01,2340.966265,1776376562000
1776376565.424,65.424,0.37,25.23,0.36,20.0,0.38,272.18,0.39,210.5,0.62,162.57,0.61,210.5,0.63,11.34,0.64,111.13,0.01,0.01,2340.96582,1776376564000
1776376565.701,65.701,0.37,9.35,0.36,20.0,0.38,133.72,0.39,210.5,0.62,172.18,0.61,210.5,0.63,9.35,0.64,20.0,0.01,0.01,2340.96582,1776376564000
1776376566.447,66.447,0.37,213.0,0.36,20.0,0.38,169.82,0.39,210.5,0.62,133.72,0.61,210.5,0.63,9.35,0.64,20.0,0.01,0.01,2340.9465,1776376565000
1776376567.853,67.853,0.37,5.0,0.36,20.0,0.38,128.94,0.39,210.5,0.62,165.58,0.61,210.5,0.63,213.0,0.64,20.0,0.01,0.01,2340.95306,1776376566000
1776376568.894,68.894,0.37,5.0,0.36,60.44,0.38,126.25,0.39,374.43,0.62,128.94,0.61,210.5,0.63,5.0,0.64,20.0,0.01,0.01,2340.927865,1776376567000
1776376571.781,71.781,0.36,8.43,0.35,205.0,0.37,208.5,0.38,31.25,0.62,126.25,0.61,374.43,0.64,55.44,0.65,215.0,0.01,0.02,2340.90388,1776376570000
1776376572.477,72.477,0.35,202.23,0.34,35.5,0.37,208.5,0.38,31.25,0.63,208.5,0.62,31.25,0.64,8.43,0.65,205.0,0.02,0.01,2340.90388,1776376570000
1776376572.83,72.83,0.35,202.23,0.34,35.5,0.36,177.55,0.37,90.5,0.64,74.22,0.63,100.5,0.65,202.23,0.66,35.5,0.01,0.01,2340.910015,1776376571000
1776376574.005,74.005,0.35,515.5,0.34,157.5,0.37,10.0,0.39,163.93,0.64,177.55,0.63,90.5,0.65,202.23,0.66,35.5,0.02,0.01,2340.922162,1776376572000
1776376574.263,74.263,0.4,135.77,0.39,94.0,0.41,110.16,0.43,10.0,0.59,110.16,0.57,10.0,0.6,146.14,0.61,94.0,0.01,0.01,2340.922162,1776376572000
1776376574.496,74.496,0.4,158.77,0.39,109.0,0.41,28.19,0.43,10.0,0.59,33.19,0.57,10.0,0.6,158.77,0.61,109.0,0.01,0.01,2340.904775,1776376573000
1776376574.824,74.824,0.4,166.77,0.39,221.21,0.41,13.06,0.43,10.0,0.59,15.5,0.57,10.0,0.6,166.77,0.61,109.0,0.01,0.01,2340.904775,1776376573000
1776376575.105,75.105,0.4,158.77,0.39,221.21,0.41,5.49,0.43,10.0,0.59,10.62,0.57,10.0,0.6,166.77,0.61,221.21,0.01,0.01,2340.904775,1776376573000
1776376575.306,75.306,0.42,112.5,0.41,40.5,0.44,40.0,0.45,35.0,0.57,6.86,0.56,40.0,0.6,158.77,0.61,221.21,0.02,0.03,2340.904805,1776376574000
1776376576.049,76.049,0.43,94.0,0.42,45.5,0.44,12.72,0.45,35.0,0.56,40.0,0.55,35.0,0.58,112.5,0.59,40.5,0.01,0.02,2340.904805,1776376574000
1776376576.592,76.592,0.43,100.98,0.42,40.5,0.44,10.0,0.45,35.0,0.56,10.0,0.55,35.0,0.57,102.74,0.58,40.5,0.01,0.01,2341.24593,1776376575000
1776376576.962,76.962,0.43,85.98,0.42,40.5,0.44,5.45,0.45,35.0,0.56,10.0,0.55,35.0,0.57,100.98,0.58,40.5,0.01,0.01,2341.24593,1776376575000
1776376577.528,77.528,0.43,60.15,0.42,40.5,0.44,5.45,0.45,10.0,0.56,5.45,0.55,35.0,0.57,65.87,0.58,40.5,0.01,0.01,2341.30003,1776376576000
1776376577.979,77.979,0.43,60.15,0.42,61.5,0.44,0.45,0.45,10.0,0.56,5.45,0.55,10.0,0.57,60.15,0.58,40.5,0.01,0.01,2341.30003,1776376576000
1776376579.17,79.17,0.44,99.0,0.43,44.15,0.45,10.0,0.46,60.0,0.56,0.45,0.55,10.0,0.57,60.15,0.58,61.5,0.01,0.01,2341.361564,1776376577000
1776376581.465,81.465,0.44,99.0,0.43,34.15,0.45,4.66,0.46,60.0,0.55,10.0,0.54,60.0,0.56,99.0,0.57,44.15,0.01,0.01,2341.353593,1776376579000
1776376583.656,83.656,0.45,6.45,0.44,50.0,0.46,70.5,0.47,140.5,0.55,4.66,0.54,60.0,0.56,99.0,0.57,34.15,0.01,0.01,2341.388101,1776376582000
1776376585.095,85.095,0.47,114.0,0.46,54.0,0.5,84.48,0.51,80.0,0.54,62.78,0.53,140.5,0.55,40.45,0.56,13.0,0.03,0.01,2341.405441,1776376583000
1776376585.878,85.878,0.48,127.71,0.47,123.0,0.49,2.32,0.5,38.16,0.51,14.37,0.5,38.16,0.52,18.71,0.53,121.0,0.01,0.01,2341.415441,1776376584000
1776376586.719,86.719,0.48,20.0,0.47,35.0,0.49,122.31,0.5,123.0,0.51,2.32,0.5,38.16,0.52,127.71,0.53,123.0,0.01,0.01,2341.408826,1776376585000
1776376587.008,87.008,0.45,6.45,0.42,22.0,0.46,44.0,0.47,55.5,0.53,55.5,0.52,142.5,0.54,6.0,0.55,6.45,0.01,0.01,2341.408826,1776376585000
1776376587.332,87.332,0.45,4.63,0.42,7.0,0.46,124.5,0.47,50.5,0.54,44.0,0.53,55.5,0.55,6.45,0.58,22.0,0.01,0.01,2341.44937,1776376586000
1776376588.791,88.791,0.44,43.0,0.43,25.5,0.46,20.5,0.47,30.5,0.54,33.72,0.53,45.5,0.58,22.0,0.59,103.5,0.02,0.04,2341.450967,1776376587000
1776376589.347,89.347,0.45,48.0,0.44,41.5,0.46,2.6,0.47,30.5,0.54,15.28,0.53,30.5,0.56,48.0,0.57,25.5,0.01,0.02,2341.447112,1776376588000
1776376591.433,91.433,0.46,54.0,0.45,36.5,0.47,12.87,0.48,25.5,0.54,2.6,0.53,30.5,0.55,48.0,0.56,41.5,0.01,0.01,2341.404058,1776376590000
1776376594.172,94.172,0.44,26.0,0.41,55.0,0.47,273.35,0.48,63.96,0.53,12.87,0.52,25.5,0.54,54.0,0.55,36.5,0.03,0.01,2341.401732,1776376592000
1776376594.396,94.396,0.41,1.61,0.4,25.27,0.42,116.65,0.43,45.24,0.58,7.16,0.57,10.0,0.59,55.0,0.6,50.27,0.01,0.01,2341.401784,1776376593000
1776376594.669,94.669,0.4,25.27,0.39,60.0,0.42,180.65,0.43,45.24,0.58,116.65,0.57,45.24,0.59,1.61,0.6,25.27,0.02,0.01,2341.401784,1776376593000
1776376595.408,95.408,0.39,15.27,0.38,58.06,0.41,143.5,0.42,175.65,0.58,180.65,0.57,45.24,0.6,15.27,0.61,60.0,0.02,0.02,2341.401784,1776376593000
1776376595.701,95.701,0.39,10.27,0.38,58.06,0.41,213.5,0.42,137.66,0.59,143.5,0.58,175.65,0.61,15.27,0.62,58.06,0.02,0.02,2341.40049,1776376594000
1776376597.683,97.683,0.39,10.27,0.38,63.06,0.4,98.5,0.41,172.5,0.59,213.5,0.58,137.66,0.61,10.27,0.62,58.06,0.01,0.02,2341.215725,1776376596000
1776376598.026,98.026,0.38,13.0,0.37,50.0,0.4,157.0,0.41,157.5,0.6,98.5,0.59,172.5,0.61,10.27,0.62,63.06,0.02,0.01,2341.215725,1776376596000
1776376598.239,98.239,0.35,25.0,0.34,10.0,0.36,47.0,0.39,10.0,0.61,10.0,0.6,212.2,0.62,3.0,0.65,25.0,0.01,0.01,2341.207498,1776376597000
1776376598.463,98.463,0.34,10.0,0.33,10.0,0.36,77.44,0.37,17.93,0.64,47.0,0.61,10.0,0.65,25.0,0.66,10.0,0.02,0.01,2341.207498,1776376597000
1776376598.806,98.806,0.34,4.0,0.33,10.0,0.35,153.57,0.36,96.44,0.65,5.0,0.64,193.44,0.66,30.0,0.67,10.0,0.01,0.01,2341.207498,1776376597000
1776376600.747,100.747,0.33,4.92,0.32,65.0,0.34,149.5,0.35,200.07,0.65,153.57,0.64,96.44,0.66,4.0,0.67,10.0,0.01,0.01,2340.97774,1776376599000
1776376602.067,102.067,0.33,9.92,0.32,65.0,0.34,140.34,0.35,205.07,0.66,122.79,0.65,200.07,0.67,4.92,0.68,60.0,0.01,0.01,2340.878275,1776376600000
1776376602.333,102.333,0.33,0.03,0.32,65.0,0.34,127.34,0.35,205.07,0.66,140.34,0.65,200.07,0.67,0.03,0.68,65.0,0.01,0.01,2340.870215,1776376601000
1776376602.658,102.658,0.31,15.0,0.3,10.0,0.33,230.5,0.34,25.5,0.66,127.34,0.65,205.07,0.67,0.03,0.68,65.0,0.02,0.01,2340.870215,1776376601000
1776376602.952,102.952,0.3,13.42,0.29,10.0,0.31,265.0,0.32,30.5,0.67,230.5,0.66,25.5,0.69,15.0,0.7,10.0,0.01,0.02,2340.870215,1776376601000
1776376603.213,103.213,0.3,11.99,0.29,10.0,0.31,265.0,0.32,30.5,0.69,265.0,0.68,30.5,0.7,13.42,0.71,10.0,0.01,0.01,2340.870215,1776376601000
1776376606.745,106.745,0.3,10.56,0.29,10.0,0.31,202.77,0.32,32.5,0.69,265.0,0.68,30.5,0.7,10.56,0.71,10.0,0.01,0.01,2340.781538,1776376605000
1776376607.472,107.472,0.3,4.56,0.29,27.24,0.31,187.77,0.32,25.5,0.69,202.77,0.68,32.5,0.7,10.56,0.71,10.0,0.01,0.01,2340.781046,1776376606000
1776376607.839,107.839,0.29,11.71,0.28,27.0,0.31,163.02,0.32,25.5,0.69,163.02,0.68,25.5,0.71,25.8,0.72,27.0,0.02,0.02,2340.781046,1776376606000
1776376608.22,108.22,0.3,5.0,0.29,21.71,0.31,179.79,0.32,50.5,0.69,163.02,0.68,25.5,0.71,11.71,0.72,27.0,0.01,0.02,2340.780613,1776376607000
1776376608.611,108.611,0.3,5.0,0.29,21.71,0.31,176.56,0.32,50.5,0.69,179.79,0.68,50.5,0.7,5.0,0.71,21.71,0.01,0.01,2340.780613,1776376607000
1776376609.61,109.61,0.3,5.0,0.29,28.71,0.31,173.33,0.32,50.5,0.69,176.56,0.68,50.5,0.7,5.0,0.71,21.71,0.01,0.01,2340.781346,1776376608000
1776376609.816,109.816,0.29,10.0,0.28,27.0,0.3,40.66,0.31,69.33,0.69,173.33,0.68,50.5,0.71,21.18,0.72,27.0,0.01,0.02,2340.781346,1776376608000
1776376610.975,110.975,0.29,5.0,0.28,76.39,0.3,129.66,0.31,62.33,0.7,40.66,0.69,69.33,0.71,10.0,0.72,27.0,0.01,0.01,2340.779935,1776376609000
1776376611.334,111.334,0.29,14.0,0.28,86.89,0.3,96.32,0.31,60.0,0.7,129.66,0.69,62.33,0.71,5.0,0.72,76.39,0.01,0.01,2340.779935,1776376609000
1776376611.78,111.78,0.29,14.0,0.28,86.89,0.3,123.98,0.31,60.0,0.7,92.65,0.69,60.0,0.71,14.0,0.72,86.89,0.01,0.01,2340.779935,1776376609000
1776376613.095,113.095,0.29,72.57,0.28,42.5,0.3,115.64,0.31,67.0,0.7,118.98,0.69,60.0,0.71,14.0,0.72,86.89,0.01,0.01,2340.766665,1776376611000
1776376614.951,114.951,0.29,14.0,0.28,42.5,0.3,107.64,0.31,60.0,0.7,115.64,0.69,67.0,0.71,72.57,0.72,42.5,0.01,0.01,2340.771308,1776376613000
1776376616.323,116.323,0.35,66.5,0.34,20.5,0.39,2.61,0.4,10.0,0.7,107.64,0.69,60.0,0.71,14.0,0.72,42.5,0.04,0.01,2340.777879,1776376615000
1776376616.666,116.666,0.39,49.54,0.38,34.0,0.4,9.9,0.41,67.23,0.6,9.9,0.59,67.23,0.61,13.54,0.62,15.0,0.01,0.01,2340.777879,1776376615000
1776376617.232,117.232,0.39,174.95,0.38,39.5,0.4,4.9,0.41,67.23,0.6,9.9,0.59,67.23,0.61,49.54,0.62,34.0,0.01,0.01,2340.777879,1776376615000
1776376618.321,118.321,0.39,59.9,0.38,124.88,0.4,2.4,0.41,67.23,0.6,2.4,0.59,67.23,0.61,173.31,0.62,39.5,0.01,0.01,2340.779415,1776376617000
1776376618.95,118.95,0.38,19.0,0.37,19.0,0.41,105.38,0.42,87.66,0.59,66.88,0.58,87.66,0.61,59.9,0.62,114.88,0.03,0.02,2340.779415,1776376617000
1776376619.314,119.314,0.35,1.25,0.34,5.0,0.37,83.5,0.38,73.49,0.63,10.0,0.62,28.5,0.64,14.25,0.65,17.0,0.02,0.01,2341.228265,1776376618000
1776376620.908,120.908,0.27,75.0,0.26,5.0,0.28,154.5,0.29,32.5,0.67,77.5,0.66,86.0,0.68,7.02,0.69,71.0,0.01,0.01,2341.252785,1776376619000
1776376621.492,121.492,0.25,23.77,0.24,52.2,0.27,145.0,0.28,60.5,0.72,154.5,0.71,32.5,0.73,75.0,0.74,5.0,0.02,0.01,2340.978284,1776376620000
1776376621.788,121.788,0.25,17.77,0.24,52.2,0.26,57.0,0.27,48.48,0.73,143.48,0.72,60.5,0.75,23.77,0.76,52.2,0.01,0.02,2340.978284,1776376620000
1776376622.796,122.796,0.25,17.77,0.24,166.95,0.26,150.41,0.27,53.48,0.74,57.0,0.73,48.48,0.75,17.77,0.76,52.2,0.01,0.01,2340.619248,1776376621000
1776376623.234,123.234,0.25,98.78,0.24,45.2,0.26,161.98,0.27,53.48,0.74,150.41,0.73,53.48,0.75,17.77,0.76,166.95,0.01,0.01,2340.619248,1776376621000
1776376623.55,123.55,0.25,88.78,0.24,45.2,0.26,127.74,0.27,53.48,0.74,161.98,0.73,53.48,0.75,98.78,0.76,45.2,0.01,0.01,2340.619248,1776376621000
1776376623.754,123.754,0.25,77.46,0.24,45.2,0.26,127.74,0.27,53.48,0.74,127.74,0.73,48.48,0.75,82.78,0.76,45.2,0.01,0.01,2340.569545,1776376622000
1776376624.747,124.747,0.25,71.46,0.24,45.2,0.26,128.5,0.27,53.48,0.74,127.74,0.73,53.48,0.75,71.46,0.76,45.2,0.01,0.01,2340.529,1776376623000
1776376625.093,125.093,0.24,5.0,0.23,60.0,0.25,140.09,0.26,196.46,0.74,128.5,0.73,53.48,0.75,71.46,0.76,45.2,0.01,0.01,2340.55726,1776376624000
1776376625.294,125.294,0.21,20.0,0.2,67.0,0.25,267.49,0.26,121.46,0.75,140.09,0.74,196.46,0.76,5.0,0.77,60.0,0.04,0.01,2340.55726,1776376624000
1776376625.974,125.974,0.2,65.0,0.19,35.0,0.21,153.54,0.22,93.49,0.75,267.49,0.74,121.46,0.79,20.0,0.8,67.0,0.01,0.04,2340.55726,1776376624000
1776376626.268,126.268,0.2,102.0,0.19,35.0,0.21,149.62,0.22,93.49,0.79,155.58,0.78,93.49,0.8,57.0,0.81,35.0,0.01,0.01,2340.55726,1776376624000
1776376630.934,130.934,0.17,35.5,0.16,175.5,0.19,172.84,0.2,79.0,0.79,149.62,0.78,93.49,0.8,102.0,0.81,35.0,0.02,0.01,2340.203842,1776376629000
1776376632.091,132.091,0.16,110.0,0.15,65.0,0.17,114.35,0.18,128.5,0.81,172.84,0.8,79.0,0.83,35.5,0.84,175.5,0.01,0.02,2340.183584,1776376631000
1776376635.693,135.693,0.15,10.0,0.14,75.0,0.16,169.25,0.17,231.84,0.83,114.35,0.82,128.5,0.84,110.0,0.85,65.0,0.01,0.01,2340.018287,1776376634000
1776376638.0,138.0,0.1,25.0,0.09,11.0,0.13,324.49,0.14,81.5,0.84,169.25,0.83,231.84,0.85,10.0,0.86,75.0,0.03,0.01,2339.952647,1776376636000
1776376638.244,138.244,0.09,11.0,0.08,87.0,0.11,364.99,0.12,187.5,0.89,47.0,0.88,10.0,0.9,17.0,0.91,11.0,0.02,0.01,2339.952647,1776376636000
1776376639.037,139.037,0.09,9.9,0.08,87.0,0.1,170.0,0.11,344.99,0.89,364.99,0.88,187.5,0.91,11.0,0.92,87.0,0.01,0.02,2339.79063,1776376637000
1776376639.547,139.547,0.09,9.9,0.08,223.5,0.1,223.41,0.11,344.99,0.9,170.0,0.89,344.99,0.91,9.9,0.92,87.0,0.01,0.01,2339.620115,1776376638000
1776376640.389,140.389,0.09,4.9,0.08,149.5,0.1,277.41,0.11,315.99,0.9,223.41,0.89,344.99,0.91,9.9,0.92,223.5,0.01,0.01,2339.49032,1776376639000
1776376640.608,140.608,0.09,4.9,0.08,149.5,0.1,265.61,0.11,305.99,0.9,277.41,0.89,315.99,0.91,4.9,0.92,149.5,0.01,0.01,2339.49032,1776376639000
1776376640.813,140.813,0.09,4.9,0.08,149.5,0.1,253.81,0.11,305.99,0.9,265.61,0.89,305.99,0.91,4.9,0.92,149.5,0.01,0.01,2339.49032,1776376639000
1776376642.659,142.659,0.09,4.9,0.08,223.5,0.1,258.81,0.11,332.99,0.9,253.81,0.89,305.99,0.91,4.9,0.92,149.5,0.01,0.01,2339.405452,1776376641000
1776376643.727,143.727,0.09,3.8,0.08,87.0,0.1,326.8,0.11,281.03,0.9,258.81,0.89,332.99,0.91,4.9,0.92,223.5,0.01,0.01,2339.404401,1776376642000
1776376644.558,144.558,0.08,87.0,0.07,144.0,0.1,366.8,0.11,271.03,0.9,326.8,0.89,281.03,0.91,3.8,0.92,87.0,0.02,0.01,2339.444405,1776376643000
1776376645.129,145.129,0.08,77.0,0.07,144.0,0.09,125.0,0.1,311.8,0.9,366.8,0.89,271.03,0.92,87.0,0.93,144.0,0.01,0.02,2339.444405,1776376644000
1776376647.052,147.052,0.08,224.7,0.07,212.3,0.09,15.0,0.1,209.81,0.91,125.0,0.9,311.8,0.92,77.0,0.93,144.0,0.01,0.01,2339.38032,1776376645000
1776376647.255,147.255,0.09,53.0,0.08,190.7,0.1,177.41,0.11,120.0,0.91,15.0,0.9,209.81,0.92,224.7,0.93,212.3,0.01,0.01,2339.360076,1776376646000
1776376647.501,147.501,0.09,135.0,0.08,254.6,0.1,82.82,0.12,7.0,0.9,177.41,0.89,120.0,0.91,53.0,0.92,190.7,0.01,0.01,2339.360076,1776376646000
1776376647.737,147.737,0.09,198.0,0.08,292.6,0.1,39.62,0.12,17.0,0.9,82.82,0.88,7.0,0.91,135.0,0.92,254.6,0.01,0.01,2339.360076,1776376646000
1776376648.094,148.094,0.09,242.0,0.08,292.6,0.12,5.01,0.13,80.0,0.9,15.62,0.88,17.0,0.91,198.0,0.92,292.6,0.03,0.01,2339.360076,1776376646000
1776376649.557,149.557,0.13,187.5,0.12,56.5,0.16,105.05,0.17,5.1,0.88,15.01,0.87,80.0,0.89,29.62,0.9,40.0,0.03,0.01,2339.383337,1776376648000
1776376649.822,149.822,0.24,37.55,0.23,15.0,0.25,10.0,0.27,16.0,0.78,10.0,0.75,32.46,0.83,27.83,0.84,31.25,0.01,0.05,2339.383337,1776376648000
1776376650.094,150.094,0.24,44.1,0.23,15.0,0.25,10.0,0.29,16.0,0.75,10.0,0.73,10.0,0.76,62.73,0.77,15.0,0.01,0.01,2339.615405,1776376649000
1776376650.693,150.693,0.32,2.29,0.31,17.0,0.33,61.96,0.34,10.0,0.75,10.0,0.68,16.0,0.76,58.31,0.77,147.64,0.01,0.01,2339.615405,1776376649000
1776376650.924,150.924,0.32,15.0,0.31,15.0,0.33,73.87,0.34,10.0,0.67,74.96,0.66,10.0,0.7,17.86,0.71,25.5,0.01,0.03,2339.615405,1776376649000
1776376651.192,151.192,0.32,1.88,0.31,5.72,0.33,83.87,0.34,54.99,0.67,73.87,0.66,28.46,0.69,5.72,0.7,17.86,0.01,0.02,2339.662715,1776376650000
1776376651.983,151.983,0.31,7.76,0.3,16.36,0.32,10.0,0.33,88.87,0.67,88.87,0.66,59.99,0.7,16.36,0.71,25.5,0.01,0.03,2339.662715,1776376650000
1776376652.407,152.407,0.32,32.5,0.31,71.5,0.33,0.37,0.35,20.0,0.68,10.0,0.67,88.87,0.69,7.76,0.7,16.36,0.01,0.01,2340.43557,1776376651000
1776376653.099,153.099,0.34,15.21,0.33,57.5,0.35,20.0,0.36,20.5,0.65,20.0,0.64,20.5,0.68,119.5,0.69,61.5,0.01,0.03,2340.43557,1776376651000
1776376653.422,153.422,0.36,8.0,0.35,56.5,0.37,20.0,0.38,20.0,0.65,17.14,0.64,20.5,0.66,3.18,0.67,62.5,0.01,0.01,2340.54557,1776376652000
1776376653.869,153.869,0.35,98.26,0.34,53.5,0.37,10.0,0.38,20.0,0.63,10.0,0.62,20.0,0.65,61.03,0.66,78.5,0.02,0.02,2340.54557,1776376652000
1776376661.036,161.036,0.36,118.14,0.35,63.26,0.37,30.0,0.38,15.0,0.63,10.0,0.62,20.0,0.65,98.26,0.66,53.5,0.01,0.02,2340.942865,1776376659000
1776376661.425,161.425,0.36,93.87,0.35,63.26,0.37,20.0,0.38,20.03,0.63,30.0,0.62,15.0,0.64,118.14,0.65,63.26,0.01,0.01,2340.9429,1776376660000
1776376661.87,161.87,0.36,85.5,0.35,24.5,0.37,7.81,0.38,15.0,0.63,20.0,0.62,20.03,0.64,93.87,0.65,63.26,0.01,0.01,2340.9429,1776376660000
1776376662.25,162.25,0.36,85.5,0.35,39.5,0.37,10.0,0.38,15.0,0.63,7.81,0.62,15.0,0.64,85.5,0.65,24.5,0.01,0.01,2340.9429,1776376660000
1776376662.507,162.507,0.38,8.56,0.37,52.5,0.39,15.0,0.4,15.0,0.61,15.0,0.6,15.0,0.63,52.5,0.64,208.5,0.01,0.02,2340.93906,1776376661000
1776376663.052,163.052,0.38,89.56,0.37,52.5,0.39,15.0,0.4,15.0,0.61,15.0,0.6,15.0,0.62,8.56,0.63,52.5,0.01,0.01,2340.93906,1776376662000
1776376671.394,171.394,0.32,50.0,0.29,17.5,0.36,231.49,0.37,158.5,0.61,15.0,0.6,15.0,0.62,89.56,0.63,52.5,0.04,0.01,2341.136299,1776376670000
1776376671.776,171.776,0.32,50.0,0.28,25.0,0.33,204.18,0.34,69.5,0.64,231.49,0.63,158.5,0.68,50.0,0.71,17.5,0.01,0.04,2341.136299,1776376670000
1776376672.016,172.016,0.28,30.61,0.27,80.5,0.29,89.0,0.3,15.0,0.67,204.18,0.66,69.5,0.68,50.0,0.72,25.0,0.01,0.01,2341.136299,1776376670000
1776376672.801,172.801,0.27,65.0,0.26,120.0,0.28,140.99,0.29,70.03,0.71,89.0,0.7,15.0,0.72,30.61,0.73,80.5,0.01,0.01,2341.122965,1776376671000
1776376673.009,173.009,0.27,65.0,0.26,120.0,0.28,133.84,0.29,75.03,0.72,135.99,0.71,75.03,0.73,65.0,0.74,120.0,0.01,0.01,2341.122965,1776376671000
1776376675.886,175.886,0.27,53.57,0.26,120.0,0.28,142.84,0.29,85.53,0.72,133.84,0.71,75.03,0.73,65.0,0.74,120.0,0.01,0.01,2340.773461,1776376674000
1776376678.633,178.633,0.27,8.34,0.26,120.0,0.28,132.34,0.29,55.53,0.72,142.84,0.71,85.53,0.73,53.57,0.74,120.0,0.01,0.01,2340.745233,1776376677000
1776376680.984,180.984,0.27,3.34,0.26,120.0,0.28,82.35,0.29,41.5,0.72,132.34,0.71,55.53,0.73,8.34,0.74,120.0,0.01,0.01,2340.776121,1776376680000
1776376684.753,184.753,0.26,50.0,0.24,20.0,0.27,78.38,0.28,44.35,0.72,72.35,0.71,41.5,0.73,1.49,0.74,120.0,0.01,0.01,2340.72454,1776376683000
1776376685.68,185.68,0.23,18.9,0.22,39.0,0.24,84.0,0.25,54.0,0.73,78.38,0.72,44.35,0.74,50.0,0.76,20.0,0.01,0.01,2340.72454,1776376684000
1776376686.812,186.812,0.22,10.0,0.21,35.0,0.24,283.32,0.25,85.5,0.76,84.83,0.75,54.0,0.77,24.9,0.78,39.0,0.02,0.01,2340.719815,1776376685000
1776376688.652,188.652,0.17,52.0,0.14,50.0,0.19,282.49,0.2,120.39,0.76,283.32,0.75,85.5,0.78,10.0,0.79,35.0,0.02,0.02,2340.685262,1776376687000
1776376690.087,190.087,0.14,7.1,0.13,25.0,0.15,84.0,0.16,15.0,0.81,282.49,0.8,120.39,0.83,52.0,0.86,50.0,0.01,0.02,2340.569185,1776376688000
1776376690.92,190.92,0.14,4.76,0.13,225.0,0.15,72.0,0.16,15.0,0.85,79.0,0.84,15.0,0.86,5.93,0.87,25.0,0.01,0.01,2340.569185,1776376688000
1776376698.523,198.523,0.13,235.75,0.12,85.5,0.14,47.16,0.15,36.0,0.85,72.0,0.84,15.0,0.86,4.76,0.87,225.0,0.01,0.01,2340.170124,1776376697000
1776376700.32,200.32,0.13,219.18,0.12,85.5,0.14,42.16,0.15,51.5,0.86,47.16,0.85,36.0,0.87,235.75,0.88,85.5,0.01,0.01,2340.165875,1776376699000
1776376700.816,200.816,0.13,214.18,0.12,85.5,0.14,42.16,0.15,51.5,0.86,42.16,0.85,51.5,0.87,219.18,0.88,85.5,0.01,0.01,2340.165875,1776376699000
1776376703.268,203.268,0.13,208.18,0.12,85.5,0.14,32.16,0.15,51.5,0.86,42.16,0.85,51.5,0.87,214.18,0.88,85.5,0.01,0.01,2340.217909,1776376701000
1776376704.706,204.706,0.13,203.12,0.12,85.5,0.14,67.16,0.15,51.5,0.86,32.16,0.85,51.5,0.87,208.18,0.88,85.5,0.01,0.01,2340.164882,1776376703000
1776376706.687,206.687,0.13,146.12,0.12,75.0,0.14,302.15,0.15,154.49,0.86,67.16,0.85,51.5,0.87,203.12,0.88,85.5,0.01,0.01,2340.2012,1776376704000
1776376706.902,206.902,0.13,122.43,0.12,75.0,0.14,303.15,0.15,159.49,0.86,303.15,0.85,159.49,0.87,132.43,0.88,75.0,0.01,0.01,2340.164935,1776376705000
1776376707.562,207.562,0.13,91.43,0.12,75.0,0.14,303.65,0.15,159.49,0.86,313.15,0.85,159.49,0.87,102.43,0.88,75.0,0.01,0.01,2340.1655,1776376706000
1776376708.003,208.003,0.13,79.93,0.12,75.0,0.14,303.65,0.15,187.69,0.86,303.65,0.85,159.49,0.87,91.43,0.88,75.0,0.01,0.01,2340.133295,1776376707000
1776376708.502,208.502,0.13,69.93,0.12,75.0,0.14,308.65,0.15,182.69,0.86,303.65,0.85,187.69,0.87,79.93,0.88,75.0,0.01,0.01,2340.133295,1776376707000
1776376709.003,209.003,0.13,58.68,0.12,75.0,0.14,244.62,0.15,171.69,0.86,308.65,0.85,182.69,0.87,69.93,0.88,75.0,0.01,0.01,2340.133295,1776376707000
1776376709.754,209.754,0.13,47.42,0.12,75.0,0.14,386.55,0.15,176.69,0.86,244.62,0.85,171.69,0.87,58.68,0.88,75.0,0.01,0.01,2339.95364,1776376708000
1776376710.131,210.131,0.13,46.27,0.12,75.0,0.14,325.55,0.15,176.69,0.86,386.55,0.85,176.69,0.87,47.42,0.88,75.0,0.01,0.01,2339.95364,1776376708000
1776376710.489,210.489,0.13,34.76,0.12,75.0,0.14,325.55,0.15,176.69,0.86,325.55,0.85,176.69,0.87,37.06,0.88,75.0,0.01,0.01,2339.877148,1776376709000
1776376711.241,211.241,0.13,11.57,0.12,75.0,0.14,340.55,0.15,171.69,0.86,335.55,0.85,176.69,0.87,26.57,0.88,75.0,0.01,0.01,2339.864288,1776376710000
1776376711.705,211.705,0.12,25.0,0.11,10.0,0.14,346.55,0.15,166.69,0.86,340.55,0.85,166.69,0.87,0.42,0.88,75.0,0.02,0.01,2339.864288,1776376710000
1776376712.984,212.984,0.11,10.0,0.1,187.95,0.13,4.9,0.14,7.16,0.86,346.55,0.85,166.69,0.88,25.0,0.89,10.0,0.02,0.02,2339.818823,1776376711000
1776376713.21,213.21,0.34,53.8,0.26,50.0,0.37,36.96,0.4,22.0,0.63,36.96,0.6,22.0,0.66,53.8,0.74,50.0,0.03,0.03,2339.818823,1776376711000
1776376713.412,213.412,0.39,6.8,0.38,29.0,0.4,17.0,0.41,10.0,0.6,22.0,0.59,10.0,0.61,8.8,0.62,29.0,0.01,0.01,2339.842485,1776376712000
1776376713.613,213.613,0.39,46.23,0.38,174.0,0.4,21.86,0.41,10.0,0.6,21.86,0.59,10.0,0.61,76.23,0.62,174.0,0.01,0.01,2339.842485,1776376712000
1776376713.819,213.819,0.39,11.23,0.38,174.0,0.41,9.37,0.42,10.0,0.59,9.37,0.58,10.0,0.61,41.23,0.62,174.0,0.02,0.02,2339.842485,1776376712000
1776376714.09,214.09,0.39,18.93,0.38,169.0,0.41,10.0,0.42,10.0,0.59,10.0,0.58,10.0,0.61,20.57,0.62,169.0,0.02,0.02,2339.842485,1776376712000
1776376714.496,214.496,0.39,38.99,0.38,169.0,0.4,20.5,0.41,20.5,0.59,10.0,0.58,10.0,0.61,18.93,0.62,169.0,0.01,0.02,2339.889794,1776376713000
1776376715.438,215.438,0.39,48.99,0.38,159.0,0.44,50.0,0.45,67.0,0.6,20.5,0.59,20.5,0.61,38.99,0.62,169.0,0.05,0.01,2339.889794,1776376713000
1776376716.637,216.637,0.42,7.0,0.41,15.0,0.43,15.0,0.44,50.0,0.56,50.0,0.55,67.0,0.61,48.99,0.62,159.0,0.01,0.05,2341.28725,1776376715000
1776376717.204,217.204,0.42,42.5,0.41,32.5,0.43,15.0,0.44,50.0,0.57,15.0,0.56,50.0,0.58,7.0,0.59,15.0,0.01,0.01,2341.276965,1776376716000
1776376718.389,218.389,0.42,21.1,0.41,32.5,0.43,15.0,0.44,30.0,0.57,34.2,0.56,30.0,0.58,37.1,0.59,32.5,0.01,0.01,2341.317387,1776376717000
1776376720.108,220.108,0.42,25.49,0.41,117.5,0.43,10.0,0.44,28.0,0.57,15.0,0.56,30.0,0.58,21.1,0.59,32.5,0.01,0.01,2341.344269,1776376718000
1776376722.049,222.049,0.42,23.61,0.41,117.5,0.43,10.0,0.44,28.0,0.57,10.0,0.56,28.0,0.58,25.49,0.59,117.5,0.01,0.01,2341.366449,1776376720000
1776376722.469,222.469,0.43,136.0,0.42,23.61,0.45,9.26,0.46,5.0,0.57,10.0,0.56,28.0,0.58,23.61,0.59,117.5,0.02,0.01,2341.367466,1776376721000
1776376722.836,222.836,0.48,9.79,0.47,85.0,0.49,10.0,0.5,33.0,0.49,119.0,0.48,95.0,0.53,40.63,0.57,126.0,0.01,0.04,2341.367466,1776376721000
1776376723.579,223.579,0.48,10.5,0.47,95.5,0.49,2.84,0.5,15.0,0.51,10.0,0.5,33.0,0.52,9.79,0.53,85.0,0.01,0.01,2341.381661,1776376722000
1776376724.565,224.565,0.48,140.5,0.47,61.5,0.5,5.0,0.51,85.0,0.51,2.84,0.5,15.0,0.52,10.5,0.53,95.5,0.02,0.01,2341.420339,1776376723000
1776376725.427,225.427,0.51,2.87,0.5,15.5,0.52,100.5,0.53,150.5,0.48,100.0,0.47,188.49,0.51,10.0,0.52,150.5,0.01,0.03,2341.508846,1776376724000
1776376726.033,226.033,0.49,12.24,0.48,30.0,0.5,31.5,0.51,25.5,0.48,100.5,0.47,150.5,0.49,2.87,0.5,15.5,0.01,0.01,2341.508846,1776376724000
1776376726.497,226.497,0.49,12.24,0.48,30.0,0.5,23.55,0.51,30.5,0.5,31.5,0.49,25.5,0.51,12.24,0.52,30.0,0.01,0.01,2341.508846,1776376724000
1776376726.755,226.755,0.49,12.24,0.48,30.0,0.5,27.95,0.51,30.5,0.5,23.55,0.49,30.5,0.51,12.24,0.52,30.0,0.01,0.01,2341.55601,1776376725000
1776376727.328,227.328,0.49,12.24,0.48,30.0,0.5,21.94,0.51,40.5,0.5,27.95,0.49,30.5,0.51,12.24,0.52,30.0,0.01,0.01,2341.5565,1776376726000
1776376727.768,227.768,0.49,12.24,0.48,30.0,0.5,23.94,0.51,30.5,0.5,21.94,0.49,40.5,0.51,12.24,0.52,30.0,0.01,0.01,2341.5565,1776376726000
1776376728.007,228.007,0.49,72.1,0.48,30.0,0.5,23.94,0.51,40.5,0.5,23.94,0.49,30.5,0.51,12.24,0.52,30.0,0.01,0.01,2341.5565,1776376726000
1776376729.313,229.313,0.49,72.1,0.48,40.0,0.5,21.69,0.51,40.5,0.5,23.94,0.49,40.5,0.51,72.1,0.52,30.0,0.01,0.01,2341.59087,1776376728000
1776376730.296,230.296,0.49,22.1,0.48,40.0,0.5,16.69,0.51,40.5,0.5,21.69,0.49,40.5,0.51,72.1,0.52,40.0,0.01,0.01,2341.550597,1776376729000
1776376731.527,231.527,0.49,32.1,0.48,40.0,0.51,21.33,0.52,100.5,0.5,16.69,0.49,40.5,0.51,22.1,0.52,40.0,0.02,0.01,2341.584141,1776376730000
1776376732.457,232.457,0.49,5.1,0.47,30.0,0.5,25.5,0.51,12.33,0.49,2.33,0.48,100.5,0.51,32.1,0.52,40.0,0.01,0.02,2341.584141,1776376730000
1776376732.788,232.788,0.47,20.84,0.46,10.0,0.48,37.5,0.49,95.5,0.52,5.0,0.5,25.5,0.53,29.9,0.54,19.0,0.01,0.01,2341.605053,1776376731000
1776376733.153,233.153,0.47,8.11,0.46,8.24,0.48,48.91,0.49,95.5,0.52,48.91,0.51,95.5,0.53,10.0,0.54,8.24,0.01,0.01,2341.605053,1776376731000
1776376733.704,233.704,0.4,10.0,0.39,57.0,0.45,251.49,0.46,179.5,0.52,46.82,0.51,95.5,0.53,8.11,0.54,8.24,0.05,0.01,2341.568733,1776376732000
1776376735.195,235.195,0.41,41.37,0.4,90.5,0.42,40.78,0.43,20.21,0.57,70.99,0.56,38.5,0.59,9.57,0.6,10.0,0.01,0.02,2341.520437,1776376733000
1776376735.57,235.57,0.43,59.5,0.42,35.5,0.44,22.25,0.45,14.21,0.58,40.78,0.57,20.21,0.59,41.37,0.6,90.5,0.01,0.01,2341.430779,1776376734000
1776376735.836,235.836,0.45,31.81,0.44,20.5,0.46,28.0,0.47,17.0,0.54,15.0,0.53,15.0,0.57,59.5,0.58,35.5,0.01,0.03,2341.430779,1776376734000
1776376736.037,236.037,0.45,16.81,0.44,20.5,0.46,35.82,0.47,17.0,0.54,38.0,0.53,17.0,0.55,16.81,0.56,20.5,0.01,0.01,2341.430779,1776376734000
1776376738.965,238.965,0.45,15.0,0.44,20.5,0.46,35.32,0.47,5.0,0.54,35.82,0.53,27.5,0.55,14.99,0.56,20.5,0.01,0.01,2341.35034,1776376737000
1776376739.374,239.374,0.45,8.18,0.44,20.5,0.46,35.32,0.47,5.0,0.54,35.32,0.53,5.0,0.55,15.0,0.56,20.5,0.01,0.01,2341.352761,1776376738000
1776376740.663,240.663,0.45,6.36,0.44,10.0,0.46,35.32,0.47,16.21,0.54,35.32,0.53,5.0,0.55,8.18,0.56,20.5,0.01,0.01,2341.352761,1776376738000
1776376742.183,242.183,0.44,10.0,0.43,88.0,0.46,47.53,0.47,26.21,0.54,35.32,0.53,16.21,0.55,6.36,0.56,10.0,0.02,0.01,2341.353624,1776376741000
1776376742.871,242.871,0.44,9.0,0.43,80.0,0.45,28.0,0.46,66.53,0.54,47.53,0.53,26.21,0.56,10.0,0.57,88.0,0.01,0.02,2341.353624,1776376741000
1776376743.366,243.366,0.43,75.0,0.42,10.0,0.45,28.0,0.46,66.53,0.55,28.0,0.54,66.53,0.56,9.0,0.57,80.0,0.02,0.01,2341.353624,1776376741000
1776376744.275,244.275,0.44,5.17,0.43,75.0,0.45,43.0,0.46,66.53,0.55,28.0,0.54,66.53,0.57,75.0,0.58,10.0,0.01,0.02,2341.356927,1776376743000
1776376747.252,247.252,0.34,69.9,0.33,70.0,0.36,50.0,0.37,10.0,0.56,0.02,0.55,36.0,0.57,75.0,0.58,10.0,0.02,0.01,2341.343981,1776376745000
1776376747.518,247.518,0.34,55.64,0.33,80.0,0.35,78.33,0.36,104.66,0.64,46.66,0.63,10.0,0.66,55.64,0.67,70.0,0.01,0.02,2341.343981,1776376745000
1776376749.137,249.137,0.34,46.5,0.33,80.0,0.35,38.96,0.36,85.66,0.65,54.96,0.64,99.66,0.66,46.5,0.67,80.0,0.01,0.01,2341.362118,1776376748000
1776376750.479,250.479,0.34,23.5,0.33,80.0,0.35,55.96,0.36,85.66,0.65,38.96,0.64,85.66,0.66,46.5,0.67,80.0,0.01,0.01,2341.362118,1776376748000
1776376751.348,251.348,0.34,0.5,0.33,80.0,0.35,50.96,0.36,85.66,0.65,55.96,0.64,85.66,0.66,23.5,0.67,80.0,0.01,0.01,2341.169505,1776376750000
1776376751.624,251.624,0.33,79.0,0.32,155.0,0.35,45.96,0.36,85.66,0.65,50.96,0.64,85.66,0.66,0.5,0.67,80.0,0.02,0.01,2341.169505,1776376750000
1776376752.357,252.357,0.33,126.01,0.32,155.0,0.34,45.0,0.35,35.96,0.65,45.96,0.64,85.66,0.67,79.0,0.68,155.0,0.01,0.02,2341.169505,1776376750000
1776376753.007,253.007,0.33,118.54,0.32,155.0,0.34,35.0,0.35,23.75,0.66,45.0,0.65,35.96,0.67,126.01,0.68,155.0,0.01,0.01,2341.16831,1776376751000
1776376753.477,253.477,0.33,95.55,0.32,155.0,0.34,48.0,0.35,18.96,0.66,35.0,0.65,23.75,0.67,118.54,0.68,155.0,0.01,0.01,2341.168295,1776376752000
1776376754.584,254.584,0.33,72.56,0.32,105.0,0.34,58.0,0.35,18.96,0.66,48.0,0.65,18.96,0.67,95.55,0.68,155.0,0.01,0.01,2341.168295,1776376752000
1776376755.598,255.598,0.33,49.57,0.32,105.0,0.34,58.0,0.35,18.96,0.66,58.0,0.65,18.96,0.67,72.56,0.68,105.0,0.01,0.01,2341.16689,1776376754000
1776376756.038,256.038,0.33,47.45,0.32,105.0,0.34,58.0,0.35,18.96,0.66,58.0,0.65,18.96,0.67,49.57,0.68,105.0,0.01,0.01,2341.16689,1776376754000
1776376756.502,256.502,0.33,45.45,0.32,95.0,0.34,81.03,0.35,13.96,0.66,58.0,0.65,18.96,0.67,47.45,0.68,105.0,0.01,0.01,2341.166955,1776376755000
1776376757.747,257.747,0.33,9.47,0.32,105.0,0.34,22.03,0.35,14.0,0.66,70.03,0.65,13.96,0.67,22.46,0.68,95.0,0.01,0.01,2341.171815,1776376756000
1776376758.561,258.561,0.33,19.47,0.32,105.0,0.35,14.0,0.36,25.0,0.66,22.03,0.65,14.0,0.67,9.47,0.68,105.0,0.02,0.01,2341.1732,1776376757000
1776376758.802,258.802,0.34,11.51,0.33,9.47,0.36,25.0,0.37,24.0,0.65,14.0,0.64,25.0,0.67,19.47,0.68,105.0,0.02,0.02,2341.1732,1776376757000
1776376759.103,259.103,0.34,5.0,0.33,9.47,0.36,29.03,0.37,24.0,0.64,25.0,0.63,24.0,0.66,11.51,0.67,9.47,0.02,0.02,2341.1732,1776376757000
1776376759.59,259.59,0.34,5.0,0.33,9.47,0.36,24.0,0.37,10.0,0.64,29.03,0.63,24.0,0.66,5.0,0.67,9.47,0.02,0.02,2341.180525,1776376758000
1776376759.859,259.859,0.33,1.44,0.32,115.0,0.36,34.0,0.37,23.0,0.64,24.0,0.63,10.0,0.66,5.0,0.67,9.47,0.03,0.02,2341.180525,1776376758000
1776376760.936,260.936,0.32,7.97,0.31,90.0,0.35,35.03,0.36,34.0,0.64,34.0,0.63,23.0,0.67,1.44,0.68,115.0,0.03,0.03,2341.200485,1776376759000
1776376761.964,261.964,0.31,109.06,0.3,140.0,0.33,15.0,0.34,10.0,0.65,35.03,0.64,21.0,0.69,75.53,0.7,130.0,0.02,0.04,2341.237335,1776376760000
1776376762.377,262.377,0.31,153.98,0.3,140.0,0.33,15.0,0.34,10.0,0.67,15.0,0.66,10.0,0.69,109.06,0.7,140.0,0.02,0.02,2341.237335,1776376760000
1776376763.183,263.183,0.34,16.0,0.33,10.0,0.35,2.0,0.36,10.0,0.67,15.0,0.66,10.0,0.69,153.98,0.7,140.0,0.01,0.02,2341.239005,1776376761000
1776376763.553,263.553,0.35,13.46,0.34,21.0,0.37,10.0,0.38,10.0,0.64,2.0,0.63,10.0,0.65,15.0,0.66,21.0,0.02,0.01,2341.226513,1776376762000
1776376763.845,263.845,0.35,2.99,0.34,16.0,0.36,7.22,0.37,10.0,0.63,10.0,0.62,10.0,0.65,2.99,0.66,21.0,0.01,0.02,2341.226513,1776376762000
1776376764.158,264.158,0.34,15.91,0.33,10.0,0.36,7.22,0.37,10.0,0.64,7.22,0.63,10.0,0.65,1.45,0.66,16.0,0.02,0.01,2341.226513,1776376762000
1776376764.466,264.466,0.34,14.39,0.33,10.0,0.36,4.44,0.37,10.0,0.64,4.44,0.63,10.0,0.66,15.91,0.67,10.0,0.02,0.02,2341.217597,1776376763000
1776376765.33,265.33,0.34,4.99,0.33,10.0,0.35,15.38,0.36,1.66,0.64,1.66,0.63,10.0,0.66,12.57,0.67,10.0,0.01,0.02,2341.217597,1776376763000
1776376766.055,266.055,0.34,3.17,0.33,10.0,0.35,9.66,0.36,1.66,0.65,12.52,0.64,1.66,0.66,3.17,0.67,10.0,0.01,0.01,2341.278379,1776376765000
1776376766.389,266.389,0.34,3.17,0.33,10.0,0.35,3.94,0.36,1.66,0.65,6.8,0.64,1.66,0.66,3.17,0.67,10.0,0.01,0.01,2341.278379,1776376765000
1776376767.005,267.005,0.33,10.0,0.32,10.0,0.34,12.05,0.35,10.0,0.65,1.08,0.64,1.66,0.66,3.17,0.67,10.0,0.01,0.01,2341.278379,1776376765000
1776376767.209,267.209,0.33,10.0,0.32,10.0,0.34,3.2,0.35,10.0,0.66,6.15,0.65,10.0,0.67,10.0,0.68,10.0,0.01,0.01,2341.274052,1776376766000
1776376769.02,269.02,0.32,10.0,0.31,60.0,0.34,13.2,0.35,10.0,0.66,3.2,0.65,10.0,0.67,10.0,0.68,10.0,0.02,0.01,2341.277895,1776376767000
1776376770.124,270.124,0.32,10.0,0.31,20.0,0.33,4.0,0.34,13.2,0.66,13.2,0.65,10.0,0.68,10.0,0.69,60.0,0.01,0.02,2341.272754,1776376768000
1776376770.642,270.642,0.32,7.08,0.31,20.0,0.34,9.25,0.35,10.0,0.66,12.2,0.65,10.0,0.68,7.08,0.69,20.0,0.02,0.02,2341.239909,1776376769000
1776376770.956,270.956,0.31,1.92,0.3,200.0,0.33,6.96,0.34,9.25,0.67,6.96,0.66,9.25,0.69,3.37,0.7,200.0,0.02,0.02,2341.239909,1776376769000
1776376771.286,271.286,0.31,10.47,0.3,200.0,0.34,8.21,0.35,10.0,0.67,1.96,0.66,9.25,0.69,0.47,0.7,200.0,0.03,0.02,2341.240043,1776376770000
1776376771.591,271.591,0.31,8.58,0.3,200.0,0.33,6.96,0.34,8.21,0.67,10.0,0.66,8.21,0.69,8.58,0.7,200.0,0.02,0.02,2341.240043,1776376770000
1776376773.656,273.656,0.3,88.57,0.29,135.0,0.32,10.0,0.33,6.96,0.67,6.96,0.66,8.21,0.69,3.0,0.7,200.0,0.02,0.02,2341.236784,1776376772000
1776376773.929,273.929,0.3,56.28,0.29,135.0,0.31,10.0,0.32,10.0,0.68,10.0,0.67,6.96,0.7,70.57,0.71,145.0,0.01,0.02,2341.236784,1776376772000
1776376774.99,274.99,0.3,42.0,0.29,135.0,0.31,10.0,0.32,10.0,0.69,10.0,0.68,10.0,0.7,56.28,0.71,135.0,0.01,0.01,2341.260239,1776376773000
1776376775.511,275.511,0.3,30.47,0.29,135.0,0.31,10.0,0.32,10.0,0.69,10.0,0.68,10.0,0.7,42.0,0.71,135.0,0.01,0.01,2341.26115,1776376774000
1776376776.785,276.785,0.3,20.47,0.29,135.0,0.32,9.78,0.33,16.96,0.69,3.0,0.68,10.0,0.7,30.47,0.71,135.0,0.02,0.01,2341.278828,1776376775000
1776376777.23,277.23,0.3,18.77,0.29,135.0,0.31,6.77,0.32,9.78,0.69,10.0,0.68,9.78,0.7,18.77,0.71,135.0,0.01,0.01,2341.2695,1776376776000
1776376777.579,277.579,0.3,2.82,0.29,135.0,0.31,6.77,0.32,9.78,0.69,6.77,0.68,9.78,0.7,8.61,0.71,135.0,0.01,0.01,2341.2695,1776376776000
1776376779.01,279.01,0.3,2.82,0.29,145.0,0.32,10.0,0.33,20.0,0.69,6.77,0.68,9.78,0.7,2.82,0.71,135.0,0.02,0.01,2341.26022,1776376777000
1776376780.66,280.66,0.35,10.0,0.34,10.0,0.37,81.49,0.38,86.21,0.68,10.0,0.67,20.0,0.7,2.82,0.71,145.0,0.02,0.02,2341.274209,1776376779000
1776376781.584,281.584,0.35,70.0,0.34,10.0,0.37,5.0,0.38,15.0,0.63,81.49,0.62,86.21,0.65,10.0,0.66,10.0,0.02,0.02,2341.286962,1776376780000
1776376781.91,281.91,0.37,105.0,0.36,40.0,0.38,2.17,0.39,10.0,0.62,4.07,0.61,10.0,0.65,70.0,0.66,10.0,0.01,0.03,2341.327349,1776376781000
1776376782.294,282.294,0.36,30.0,0.33,10.0,0.37,16.59,0.38,72.17,0.62,2.17,0.61,10.0,0.63,105.0,0.64,40.0,0.01,0.01,2341.327349,1776376781000
1776376782.651,282.651,0.36,30.0,0.33,10.0,0.38,77.17,0.39,80.0,0.63,16.59,0.62,72.17,0.64,30.0,0.67,10.0,0.02,0.01,2341.327349,1776376781000
1776376784.504,284.504,0.36,38.43,0.35,5.0,0.37,10.0,0.38,77.17,0.62,77.17,0.61,80.0,0.64,30.0,0.67,10.0,0.01,0.02,2341.350747,1776376782000
1776376786.121,286.121,0.32,5.8,0.31,10.0,0.37,19.29,0.38,72.17,0.63,7.29,0.62,77.17,0.64,38.43,0.65,5.0,0.05,0.01,2341.419727,1776376784000
1776376788.428,288.428,0.33,2.1,0.32,5.8,0.34,22.0,0.35,15.0,0.63,19.29,0.62,72.17,0.68,5.8,0.69,10.0,0.01,0.05,2341.386099,1776376787000
1776376789.599,289.599,0.3,28.0,0.29,35.0,0.32,15.0,0.33,15.0,0.66,22.0,0.65,15.0,0.67,2.1,0.68,5.8,0.02,0.01,2341.388787,1776376788000
1776376789.924,289.924,0.29,75.0,0.28,20.0,0.31,13.38,0.32,20.0,0.68,15.0,0.67,15.0,0.7,28.0,0.71,35.0,0.02,0.02,2341.400366,1776376789000
1776376790.277,290.277,0.29,1.54,0.28,20.0,0.31,20.38,0.32,20.0,0.69,13.38,0.68,20.0,0.71,75.0,0.72,20.0,0.02,0.02,2341.400366,1776376789000
1776376790.578,290.578,0.3,5.8,0.29,1.54,0.31,20.38,0.32,20.0,0.69,20.38,0.68,20.0,0.71,1.54,0.72,20.0,0.01,0.02,2341.400366,1776376789000
1776376790.984,290.984,0.28,16.54,0.27,60.0,0.3,10.0,0.31,13.38,0.69,20.38,0.68,20.0,0.7,3.0,0.71,1.54,0.02,0.01,2341.400366,1776376789000
1776376791.431,291.431,0.28,6.54,0.27,10.0,0.3,5.5,0.31,10.0,0.7,10.0,0.69,13.38,0.72,16.54,0.73,60.0,0.02,0.02,2341.395091,1776376790000
1776376792.88,292.88,0.25,10.0,0.24,10.0,0.26,9.6,0.27,17.0,0.71,6.55,0.7,5.5,0.73,10.0,0.74,28.54,0.01,0.02,2341.395066,1776376791000
1776376793.163,293.163,0.21,1.0,0.2,10.0,0.26,10.0,0.27,10.0,0.74,9.6,0.73,17.0,0.75,10.0,0.76,10.0,0.05,0.01,2341.412856,1776376792000
1776376793.849,293.849,0.33,10.0,0.32,10.0,0.37,10.0,0.38,10.0,0.74,10.0,0.73,10.0,0.79,1.0,0.8,10.0,0.04,0.05,2341.412856,1776376792000
1776376794.055,294.055,0.39,53.0,0.37,10.0,0.4,9.9,0.41,10.0,0.6,9.9,0.59,10.0,0.61,60.0,0.63,10.0,0.01,0.01,2341.412856,1776376792000
1776376794.532,294.532,0.41,7.35,0.4,40.0,0.42,25.0,0.45,35.0,0.6,9.9,0.59,10.0,0.61,38.07,0.63,10.0,0.01,0.01,2341.426803,1776376793000
1776376794.734,294.734,0.39,40.42,0.38,10.0,0.45,10.0,0.46,27.36,0.55,10.0,0.54,27.36,0.57,5.0,0.58,10.0,0.06,0.02,2341.426803,1776376793000
1776376795.055,295.055,0.36,50.42,0.35,3.06,0.42,4.28,0.43,10.0,0.63,50.0,0.61,39.17,0.64,50.42,0.65,3.06,0.06,0.01,2341.422145,1776376794000
1776376795.65,295.65,0.37,5.0,0.36,50.42,0.39,10.0,0.4,10.0,0.58,4.28,0.57,10.0,0.64,50.42,0.65,3.06,0.02,0.06,2341.422145,1776376794000
1776376796.046,296.046,0.33,48.48,0.32,80.0,0.38,10.0,0.39,10.0,0.61,10.0,0.6,10.0,0.63,5.0,0.64,50.42,0.05,0.02,2341.422145,1776376794000
1776376796.432,296.432,0.34,72.36,0.33,48.48,0.35,10.0,0.36,10.0,0.62,10.0,0.61,10.0,0.67,48.48,0.68,80.0,0.01,0.05,2341.494419,1776376795000
1776376796.775,296.775,0.33,21.48,0.32,70.0,0.34,10.0,0.35,10.0,0.65,10.0,0.64,10.0,0.67,41.48,0.68,80.0,0.01,0.02,2341.494419,1776376795000
1776376797.389,297.389,0.33,44.84,0.32,80.0,0.34,10.0,0.35,10.0,0.66,10.0,0.65,10.0,0.67,21.48,0.68,70.0,0.01,0.01,2341.494419,1776376795000
1776376797.623,297.623,0.31,171.96,0.3,40.0,0.32,10.0,0.33,10.0,0.67,10.0,0.66,10.0,0.69,127.18,0.7,40.0,0.01,0.02,2341.494419,1776376795000
1776376797.833,297.833,0.29,8.88,0.28,10.0,0.32,10.0,0.33,10.0,0.68,10.0,0.67,10.0,0.69,94.81,0.7,40.0,0.03,0.01,2341.494419,1776376795000
1776376798.04,298.04,0.28,39.37,0.27,10.0,0.3,10.0,0.31,10.0,0.68,10.0,0.67,10.0,0.71,8.88,0.72,10.0,0.02,0.03,2341.541809,1776376796000
1776376798.439,298.439,0.26,56.35,0.25,15.0,0.28,10.0,0.29,10.0,0.7,10.0,0.69,10.0,0.72,39.37,0.73,10.0,0.02,0.02,2341.541809,1776376796000
1776376798.812,298.812,0.25,190.0,0.19,10.0,0.26,10.0,0.27,10.0,0.72,10.0,0.71,10.0,0.84,26.26,0.85,10.0,0.01,0.12,2341.541809,1776376796000
1776376799.052,299.052,0.25,152.88,0.21,10.0,0.26,10.0,0.27,10.0,0.74,10.0,0.73,10.0,0.75,183.0,0.79,10.0,0.01,0.01,2341.546695,1776376797000
1776376799.252,299.252,0.25,11.35,0.21,10.0,0.26,10.0,0.27,10.0,0.74,10.0,0.73,10.0,0.75,19.35,0.79,10.0,0.01,0.01,2341.546695,1776376797000
1776376799.459,299.459,0.1,25.3,0.09,60.0,0.12,8.0,0.2,5.0,0.8,5.0,0.76,10.0,0.9,83.3,0.91,60.0,0.02,0.1,2341.546695,1776376797000
1776376799.661,299.661,0.1,7.3,0.09,60.0,0.26,7.3,0.27,10.0,0.74,7.3,0.73,10.0,0.9,25.3,0.91,60.0,0.16,0.16,2341.54754,1776376798000
1776376799.934,299.934,0.08,110.0,0.07,24.0,0.36,7.23,0.37,80.0,0.74,7.3,0.73,10.0,0.92,110.0,0.93,24.0,0.28,0.18,2341.54754,1776376798000
1776376800.263,300.263,0.07,2.44,0.06,191.0,0.37,16.05,0.38,70.0,0.63,16.05,0.62,70.0,0.92,100.0,0.93,14.0,0.3,0.29,2341.54754,1776376798000

# RESULT,winner=Down,slug=eth-updown-5m-1776376500,ticks=305
