timestamp,elapsed_sec,up_bid_p1,up_bid_s1,up_bid_p2,up_bid_s2,up_ask_p1,up_ask_s1,up_ask_p2,up_ask_s2,down_bid_p1,down_bid_s1,down_bid_p2,down_bid_s2,down_ask_p1,down_ask_s1,down_ask_p2,down_ask_s2,up_spread,down_spread,eth_price,eth_oracle_ts
1776353101.096,1.096,0.46,264.71,0.45,35.0,0.47,6.27,0.48,47.0,0.53,6.27,0.52,47.0,0.54,264.71,0.55,35.0,0.01,0.01,2328.103722,1776353100000
1776353102.252,2.252,0.46,264.71,0.45,35.0,0.47,6.27,0.48,47.0,0.53,6.27,0.52,47.0,0.54,264.71,0.55,35.0,0.01,0.01,2328.029943,1776353101000
1776353221.719,121.719,0.46,61.4,0.45,5.0,0.47,6.27,0.48,20.0,0.53,6.27,0.52,47.0,0.54,264.71,0.55,35.0,0.01,0.01,2327.38771,1776353220000
1776353222.088,122.088,0.46,44.4,0.45,5.0,0.47,17.27,0.48,20.0,0.53,6.27,0.52,20.0,0.54,61.4,0.55,5.0,0.01,0.01,2327.419975,1776353221000
1776353222.591,122.591,0.46,38.2,0.45,5.0,0.47,14.67,0.48,90.0,0.53,26.71,0.52,99.62,0.54,38.2,0.55,5.0,0.01,0.01,2327.419975,1776353221000
1776353223.168,123.168,0.4,43.0,0.39,46.0,0.41,6.8,0.47,20.0,0.53,14.67,0.52,90.0,0.54,38.2,0.55,5.0,0.01,0.01,2327.419975,1776353221000
1776353223.583,123.583,0.4,48.0,0.39,39.0,0.41,1.8,0.43,6.0,0.59,6.8,0.53,20.0,0.6,43.0,0.61,46.0,0.01,0.01,2327.42029,1776353222000
1776353223.8,123.8,0.4,61.75,0.39,39.0,0.43,3.06,0.44,70.0,0.57,3.06,0.56,70.0,0.6,49.9,0.61,39.0,0.03,0.03,2327.42029,1776353222000
1776353224.508,124.508,0.41,7.11,0.4,31.75,0.43,3.06,0.44,75.0,0.57,3.06,0.56,70.0,0.6,61.75,0.61,39.0,0.02,0.03,2327.509685,1776353223000
1776353225.143,125.143,0.39,32.97,0.38,67.0,0.42,10.0,0.45,18.2,0.57,0.06,0.56,75.0,0.59,2.02,0.6,31.75,0.03,0.02,2327.394685,1776353224000
1776353225.344,125.344,0.38,25.0,0.37,24.58,0.4,5.0,0.41,36.04,0.59,36.04,0.58,10.0,0.61,16.58,0.62,67.0,0.02,0.02,2327.394685,1776353224000
1776353225.629,125.629,0.38,25.0,0.35,88.0,0.39,5.0,0.4,69.0,0.61,8.19,0.6,5.0,0.62,25.0,0.65,88.0,0.01,0.01,2327.394685,1776353224000
1776353225.877,125.877,0.38,25.0,0.35,88.0,0.39,68.0,0.41,66.04,0.61,5.0,0.6,69.0,0.62,25.0,0.65,88.0,0.01,0.01,2327.394685,1776353224000
1776353226.196,126.196,0.38,30.08,0.35,86.46,0.39,93.87,0.4,35.0,0.61,70.0,0.6,10.0,0.62,25.0,0.65,86.46,0.01,0.01,2327.40421,1776353225000
1776353226.466,126.466,0.38,25.0,0.35,86.46,0.39,102.87,0.4,35.0,0.61,102.87,0.6,35.0,0.62,50.08,0.65,86.46,0.01,0.01,2327.40421,1776353225000
1776353226.788,126.788,0.38,25.0,0.35,86.46,0.39,90.3,0.4,35.0,0.61,102.87,0.6,35.0,0.62,25.0,0.65,86.46,0.01,0.01,2327.40421,1776353225000
1776353227.343,127.343,0.38,25.0,0.35,84.92,0.39,90.3,0.4,35.0,0.61,90.3,0.6,35.0,0.62,25.0,0.65,86.46,0.01,0.01,2326.95973,1776353226000
1776353227.947,127.947,0.38,25.0,0.35,74.92,0.39,108.87,0.4,85.0,0.61,90.3,0.6,35.0,0.62,25.0,0.65,84.92,0.01,0.01,2326.95973,1776353226000
1776353228.229,128.229,0.38,25.0,0.37,5.0,0.39,68.87,0.4,75.0,0.61,108.87,0.6,85.0,0.62,25.0,0.65,74.92,0.01,0.01,2326.95973,1776353226000
1776353228.449,128.449,0.38,30.0,0.37,10.0,0.39,49.99,0.4,75.0,0.61,60.25,0.6,75.0,0.62,30.0,0.63,10.0,0.01,0.01,2326.669164,1776353227000
1776353228.937,128.937,0.38,25.0,0.36,20.0,0.39,26.0,0.4,75.0,0.61,44.99,0.6,75.0,0.62,35.0,0.64,10.0,0.01,0.01,2326.669164,1776353227000
1776353229.384,129.384,0.38,25.0,0.37,15.0,0.39,10.0,0.4,15.0,0.59,77.84,0.58,25.0,0.62,25.0,0.63,10.0,0.01,0.03,2326.701451,1776353228000
1776353230.081,130.081,0.38,25.0,0.37,7.77,0.39,15.0,0.4,25.0,0.61,10.0,0.6,15.0,0.62,25.0,0.63,15.0,0.01,0.01,2326.701451,1776353228000
1776353234.853,134.853,0.38,29.0,0.36,20.0,0.39,60.0,0.4,15.0,0.61,10.0,0.6,15.0,0.62,25.0,0.64,10.0,0.01,0.01,2327.049975,1776353233000
1776353235.31,135.31,0.38,122.0,0.36,70.0,0.39,5.0,0.4,10.0,0.61,60.0,0.6,15.0,0.62,29.0,0.64,20.0,0.01,0.01,2327.14448,1776353234000
1776353236.342,136.342,0.4,30.5,0.39,55.5,0.41,25.0,0.42,35.5,0.6,6.05,0.59,20.0,0.61,25.5,0.62,93.0,0.01,0.01,2327.138248,1776353235000
1776353236.743,136.743,0.4,28.0,0.39,55.5,0.41,20.0,0.42,35.5,0.59,25.0,0.58,35.5,0.6,30.5,0.61,55.5,0.01,0.01,2327.138248,1776353235000
1776353237.62,137.62,0.4,41.0,0.39,55.5,0.41,13.85,0.42,25.0,0.59,20.0,0.58,35.5,0.6,28.0,0.61,55.5,0.01,0.01,2327.07448,1776353236000
1776353237.923,137.923,0.4,76.0,0.39,55.5,0.41,10.0,0.42,10.0,0.59,10.0,0.58,10.0,0.6,66.0,0.61,55.5,0.01,0.01,2327.07448,1776353236000
1776353239.254,139.254,0.4,29.0,0.39,30.5,0.41,30.0,0.42,10.0,0.59,10.0,0.58,10.0,0.6,76.0,0.61,55.5,0.01,0.01,2327.402954,1776353238000
1776353239.53,139.53,0.4,24.0,0.39,30.5,0.41,32.56,0.42,20.5,0.59,32.56,0.58,20.5,0.6,29.0,0.61,30.5,0.01,0.01,2327.402954,1776353238000
1776353240.355,140.355,0.4,28.63,0.39,100.5,0.41,10.0,0.42,10.0,0.59,32.56,0.58,20.5,0.6,0.13,0.61,30.5,0.01,0.01,2327.567754,1776353239000
1776353245.573,145.573,0.4,39.0,0.39,85.5,0.41,17.56,0.42,30.5,0.59,10.0,0.58,10.0,0.6,28.63,0.61,100.5,0.01,0.01,2327.61438,1776353244000
1776353247.222,147.222,0.4,79.5,0.39,110.5,0.41,12.56,0.42,20.0,0.59,17.56,0.58,30.5,0.6,39.0,0.61,85.5,0.01,0.01,2327.564645,1776353245000
1776353248.415,148.415,0.4,109.5,0.39,210.5,0.41,10.0,0.42,15.0,0.59,10.12,0.58,20.0,0.6,79.5,0.61,110.5,0.01,0.01,2327.679725,1776353247000
1776353248.667,148.667,0.4,87.83,0.39,160.5,0.41,10.0,0.42,15.0,0.59,10.0,0.58,15.0,0.6,109.5,0.61,210.5,0.01,0.01,2327.679725,1776353247000
1776353250.869,150.869,0.4,113.5,0.39,160.5,0.41,17.56,0.42,15.0,0.59,10.0,0.58,15.0,0.6,87.83,0.61,160.5,0.01,0.01,2327.664275,1776353249000
1776353251.395,151.395,0.4,118.5,0.39,160.5,0.41,15.12,0.42,15.0,0.59,17.56,0.58,15.0,0.6,113.5,0.61,160.5,0.01,0.01,2327.72311,1776353250000
1776353252.039,152.039,0.4,63.5,0.39,185.5,0.41,12.68,0.42,25.5,0.59,15.12,0.58,15.0,0.6,118.5,0.61,160.5,0.01,0.01,2327.72311,1776353250000
1776353253.907,153.907,0.4,40.0,0.39,185.5,0.41,18.18,0.42,25.5,0.59,12.68,0.58,25.5,0.6,63.5,0.61,185.5,0.01,0.01,2327.764109,1776353252000
1776353254.41,154.41,0.4,73.5,0.39,185.5,0.41,10.0,0.42,10.0,0.59,10.0,0.58,10.0,0.6,45.0,0.61,185.5,0.01,0.01,2327.80598,1776353253000
1776353256.169,156.169,0.4,68.5,0.39,185.5,0.41,17.56,0.42,20.0,0.59,10.0,0.58,10.0,0.6,73.5,0.61,185.5,0.01,0.01,2327.747391,1776353254000
1776353257.253,157.253,0.4,128.5,0.39,185.5,0.41,18.56,0.42,20.0,0.59,17.56,0.58,20.0,0.6,68.5,0.61,185.5,0.01,0.01,2327.73718,1776353255000
1776353259.561,159.561,0.4,38.26,0.39,180.5,0.41,17.56,0.42,20.0,0.59,18.56,0.58,20.0,0.6,95.26,0.61,185.5,0.01,0.01,2327.778754,1776353258000
1776353259.948,159.948,0.4,43.26,0.39,180.5,0.41,10.0,0.42,10.0,0.59,17.56,0.58,20.0,0.6,38.26,0.61,180.5,0.01,0.01,2327.778754,1776353258000
1776353260.725,160.725,0.4,25.0,0.39,25.0,0.41,153.5,0.42,25.5,0.59,10.0,0.58,10.0,0.6,43.26,0.61,180.5,0.01,0.01,2327.713005,1776353259000
1776353260.94,160.94,0.4,25.0,0.39,25.0,0.41,121.7,0.42,25.5,0.59,101.7,0.58,25.5,0.6,25.0,0.61,25.0,0.01,0.01,2327.713005,1776353259000
1776353261.512,161.512,0.4,25.0,0.39,35.0,0.41,116.5,0.42,40.5,0.59,85.7,0.58,35.5,0.6,25.0,0.61,25.0,0.01,0.01,2327.713005,1776353259000
1776353264.195,164.195,0.34,49.5,0.33,55.5,0.35,105.0,0.36,26.0,0.59,116.5,0.58,40.5,0.6,25.0,0.61,35.0,0.01,0.01,2327.343957,1776353263000
1776353265.01,165.01,0.34,35.93,0.33,55.5,0.35,36.0,0.36,26.0,0.65,46.0,0.64,36.5,0.66,35.93,0.67,55.5,0.01,0.01,2327.343957,1776353263000
1776353265.756,165.756,0.34,41.43,0.33,55.5,0.35,36.0,0.36,26.0,0.65,36.0,0.64,26.0,0.66,35.93,0.67,55.5,0.01,0.01,2327.2675,1776353264000
1776353266.598,166.598,0.34,25.67,0.33,45.0,0.35,133.74,0.36,35.5,0.65,25.74,0.64,26.0,0.66,41.43,0.67,55.5,0.01,0.01,2327.194271,1776353265000
1776353266.89,166.89,0.33,43.5,0.32,56.5,0.34,35.0,0.35,45.2,0.65,70.2,0.64,35.5,0.67,45.0,0.68,56.5,0.01,0.02,2327.194271,1776353265000
1776353267.279,167.279,0.33,37.0,0.32,56.5,0.34,57.0,0.35,30.5,0.66,35.0,0.65,45.2,0.67,43.5,0.68,56.5,0.01,0.01,2327.13366,1776353266000
1776353268.936,168.936,0.33,35.5,0.32,56.5,0.34,52.0,0.35,30.5,0.66,62.0,0.65,30.5,0.67,35.5,0.68,56.5,0.01,0.01,2327.102217,1776353267000
1776353270.764,170.764,0.33,29.5,0.32,46.0,0.34,70.0,0.35,30.5,0.66,52.0,0.65,30.5,0.67,35.5,0.68,56.5,0.01,0.01,2327.06872,1776353269000
1776353271.105,171.105,0.32,41.0,0.31,42.0,0.34,178.7,0.35,25.5,0.66,70.0,0.65,30.5,0.67,29.5,0.68,46.0,0.02,0.01,2327.06872,1776353269000
1776353271.377,171.377,0.31,8.67,0.3,54.0,0.32,122.0,0.33,57.5,0.68,162.0,0.67,57.5,0.69,47.67,0.7,64.5,0.01,0.01,2327.06872,1776353269000
1776353272.202,172.202,0.3,58.76,0.29,60.5,0.32,213.66,0.33,52.5,0.68,122.0,0.67,57.5,0.69,8.67,0.7,54.0,0.02,0.01,2327.042558,1776353271000
1776353272.571,172.571,0.3,63.76,0.29,60.5,0.31,75.0,0.32,113.66,0.68,213.66,0.67,52.5,0.7,58.76,0.71,60.5,0.01,0.02,2327.042558,1776353271000
1776353272.806,172.806,0.3,68.76,0.29,70.5,0.31,70.0,0.32,123.66,0.69,75.0,0.68,113.66,0.7,63.76,0.71,60.5,0.01,0.01,2327.042558,1776353271000
1776353273.571,173.571,0.3,73.76,0.29,60.5,0.31,81.1,0.32,32.0,0.69,70.0,0.68,123.66,0.7,63.76,0.71,70.5,0.01,0.01,2327.015654,1776353272000
1776353274.344,174.344,0.3,54.47,0.29,70.5,0.31,114.1,0.32,27.0,0.69,81.1,0.68,32.0,0.7,73.76,0.71,60.5,0.01,0.01,2326.90549,1776353273000
1776353274.798,174.798,0.3,48.04,0.29,70.5,0.31,119.1,0.32,52.0,0.69,114.1,0.68,27.0,0.7,54.47,0.71,70.5,0.01,0.01,2326.90549,1776353273000
1776353275.923,175.923,0.3,46.46,0.29,70.5,0.31,144.1,0.32,57.0,0.69,119.1,0.68,52.0,0.7,48.04,0.71,70.5,0.01,0.01,2326.948283,1776353274000
1776353276.686,176.686,0.3,45.03,0.29,60.5,0.31,172.1,0.32,47.0,0.69,144.1,0.68,57.0,0.7,46.46,0.71,70.5,0.01,0.01,2326.93607,1776353275000
1776353276.888,176.888,0.3,48.6,0.29,60.5,0.31,172.1,0.32,47.0,0.69,172.1,0.68,47.0,0.7,45.03,0.71,60.5,0.01,0.01,2326.93607,1776353275000
1776353277.181,177.181,0.3,63.6,0.29,60.5,0.31,83.11,0.32,37.0,0.69,172.1,0.68,47.0,0.7,48.6,0.71,60.5,0.01,0.01,2326.93607,1776353275000
1776353277.499,177.499,0.3,61.1,0.29,60.5,0.31,77.11,0.32,37.0,0.69,77.11,0.68,37.0,0.7,63.6,0.71,60.5,0.01,0.01,2326.929295,1776353276000
1776353277.72,177.72,0.3,68.38,0.29,60.5,0.31,87.11,0.32,20.0,0.69,77.11,0.68,37.0,0.7,61.1,0.71,60.5,0.01,0.01,2326.929295,1776353276000
1776353277.931,177.931,0.3,113.38,0.29,60.5,0.31,10.0,0.32,20.0,0.69,81.11,0.68,20.0,0.7,113.38,0.71,60.5,0.01,0.01,2326.929295,1776353276000
1776353278.348,178.348,0.3,158.38,0.29,116.5,0.31,10.0,0.32,10.0,0.69,10.0,0.68,20.0,0.7,113.38,0.71,60.5,0.01,0.01,2326.929295,1776353276000
1776353278.769,178.769,0.3,220.12,0.29,116.5,0.31,10.0,0.32,10.0,0.69,10.0,0.68,10.0,0.7,156.12,0.71,121.5,0.01,0.01,2326.928865,1776353277000
1776353279.526,179.526,0.3,156.12,0.29,126.5,0.31,10.0,0.32,73.86,0.69,10.0,0.68,10.0,0.7,220.12,0.71,116.5,0.01,0.01,2326.988401,1776353278000
1776353280.288,180.288,0.3,181.12,0.29,126.5,0.31,10.0,0.32,10.0,0.69,10.0,0.68,67.86,0.7,156.12,0.71,126.5,0.01,0.01,2327.267783,1776353279000
1776353280.527,180.527,0.3,168.12,0.29,139.0,0.31,10.0,0.32,10.0,0.69,10.0,0.68,10.0,0.7,181.12,0.71,121.5,0.01,0.01,2327.267783,1776353279000
1776353280.75,180.75,0.3,325.54,0.29,89.0,0.31,10.0,0.32,10.0,0.69,10.0,0.68,10.0,0.7,360.54,0.71,89.0,0.01,0.01,2327.267783,1776353279000
1776353281.038,181.038,0.3,99.54,0.29,159.0,0.31,10.0,0.32,10.0,0.69,10.0,0.68,10.0,0.7,104.54,0.71,159.0,0.01,0.01,2327.267783,1776353279000
1776353281.257,181.257,0.3,30.56,0.29,159.0,0.31,10.0,0.32,10.0,0.69,10.0,0.68,10.0,0.7,36.56,0.71,159.0,0.01,0.01,2327.328725,1776353280000
1776353281.521,181.521,0.3,52.94,0.29,135.5,0.31,10.0,0.32,10.0,0.69,10.0,0.68,10.0,0.7,30.56,0.71,159.0,0.01,0.01,2327.328725,1776353280000
1776353281.767,181.767,0.3,10.0,0.29,145.5,0.31,20.0,0.32,20.0,0.69,20.0,0.68,20.0,0.7,32.9,0.71,145.5,0.01,0.01,2327.328725,1776353280000
1776353281.986,181.986,0.3,10.0,0.29,145.5,0.31,15.0,0.32,20.0,0.69,20.0,0.68,20.0,0.7,10.0,0.71,145.5,0.01,0.01,2327.328725,1776353280000
1776353282.371,182.371,0.3,10.0,0.29,70.19,0.31,10.0,0.32,20.0,0.69,15.0,0.68,20.0,0.7,10.0,0.71,145.5,0.01,0.01,2327.376151,1776353281000
1776353282.876,182.876,0.3,15.0,0.29,60.19,0.31,10.0,0.32,10.0,0.69,10.0,0.68,15.56,0.7,15.0,0.71,70.19,0.01,0.01,2327.376151,1776353281000
1776353283.404,183.404,0.3,25.0,0.29,200.19,0.31,10.0,0.32,10.0,0.69,10.0,0.68,10.0,0.7,15.0,0.71,60.19,0.01,0.01,2327.376151,1776353281000
1776353283.962,183.962,0.3,53.96,0.29,200.19,0.31,27.0,0.32,10.0,0.69,15.0,0.68,10.0,0.7,25.96,0.71,200.19,0.01,0.01,2327.347649,1776353282000
1776353284.265,184.265,0.3,25.46,0.29,210.19,0.31,79.2,0.32,10.0,0.69,21.0,0.68,10.0,0.7,25.96,0.71,200.19,0.01,0.01,2327.300066,1776353283000
1776353284.744,184.744,0.3,31.6,0.29,208.64,0.31,45.0,0.32,20.5,0.69,45.0,0.68,10.0,0.7,10.0,0.71,208.64,0.01,0.01,2327.300066,1776353283000
1776353285.02,185.02,0.3,27.1,0.29,202.64,0.31,50.0,0.32,30.5,0.69,55.0,0.68,20.5,0.7,27.1,0.71,202.64,0.01,0.01,2327.300066,1776353283000
1776353286.684,186.684,0.3,52.1,0.29,21.82,0.31,216.13,0.32,30.5,0.69,50.0,0.68,30.5,0.7,27.1,0.71,198.72,0.01,0.01,2327.33665,1776353285000
1776353287.609,187.609,0.3,81.1,0.29,10.5,0.31,152.83,0.32,36.5,0.69,202.13,0.68,30.5,0.7,52.1,0.72,23.47,0.01,0.01,2327.364875,1776353286000
1776353287.894,187.894,0.3,52.1,0.29,10.5,0.31,142.33,0.32,36.5,0.69,152.83,0.68,36.5,0.7,81.1,0.71,10.5,0.01,0.01,2327.364875,1776353286000
1776353289.058,189.058,0.3,62.1,0.28,23.47,0.31,144.83,0.32,36.5,0.69,142.33,0.68,36.5,0.7,52.1,0.71,10.5,0.01,0.01,2327.132794,1776353287000
1776353289.366,189.366,0.3,52.1,0.28,23.47,0.31,210.83,0.32,36.5,0.69,144.83,0.68,36.5,0.7,62.1,0.72,23.47,0.01,0.01,2327.132794,1776353287000
1776353289.876,189.876,0.3,52.1,0.27,49.0,0.31,217.83,0.32,40.5,0.69,210.83,0.68,36.5,0.7,52.1,0.72,23.47,0.01,0.01,2327.055988,1776353288000
1776353290.452,190.452,0.3,52.1,0.29,10.0,0.31,237.33,0.32,40.5,0.69,217.83,0.68,40.5,0.7,52.1,0.73,49.0,0.01,0.01,2327.11328,1776353289000
1776353291.051,191.051,0.3,62.64,0.29,15.0,0.31,212.33,0.32,40.5,0.69,242.33,0.68,40.5,0.7,52.1,0.71,10.0,0.01,0.01,2327.113435,1776353290000
1776353291.688,191.688,0.3,106.17,0.29,26.5,0.31,133.63,0.32,30.5,0.69,151.13,0.68,40.5,0.7,66.46,0.71,10.0,0.01,0.01,2327.113435,1776353290000
1776353292.017,192.017,0.3,111.6,0.29,26.5,0.31,20.0,0.32,93.02,0.69,20.0,0.68,20.0,0.7,116.67,0.71,26.5,0.01,0.01,2327.113435,1776353290000
1776353292.82,192.82,0.3,132.6,0.29,20.5,0.31,20.0,0.32,30.0,0.69,20.0,0.68,88.58,0.7,111.6,0.71,26.5,0.01,0.01,2326.976854,1776353291000
1776353293.455,193.455,0.3,122.6,0.29,20.5,0.31,20.0,0.32,23.47,0.69,20.0,0.68,23.53,0.7,122.6,0.71,20.5,0.01,0.01,2327.114309,1776353292000
1776353296.046,196.046,0.3,98.6,0.29,40.5,0.31,35.0,0.32,23.47,0.69,20.0,0.68,23.47,0.7,122.6,0.71,20.5,0.01,0.01,2327.25809,1776353295000
1776353296.577,196.577,0.3,98.6,0.29,40.5,0.31,25.0,0.32,23.47,0.69,35.0,0.68,23.47,0.7,98.6,0.71,40.5,0.01,0.01,2327.25809,1776353295000
1776353297.366,197.366,0.3,89.17,0.29,46.5,0.31,61.0,0.32,23.47,0.69,25.0,0.68,23.47,0.7,98.6,0.71,40.5,0.01,0.01,2327.27309,1776353296000
1776353298.082,198.082,0.3,62.1,0.29,20.0,0.31,141.7,0.32,23.47,0.69,61.0,0.68,23.47,0.7,89.17,0.71,46.5,0.01,0.01,2327.299925,1776353297000
1776353299.786,199.786,0.3,62.1,0.29,20.0,0.31,217.5,0.32,39.47,0.69,136.7,0.68,23.47,0.7,62.1,0.71,20.0,0.01,0.01,2327.273845,1776353298000
1776353300.489,200.489,0.3,62.1,0.29,20.0,0.31,282.5,0.32,118.27,0.69,227.5,0.68,39.47,0.7,62.1,0.71,20.0,0.01,0.01,2327.124184,1776353299000
1776353300.925,200.925,0.3,62.1,0.29,20.0,0.31,403.5,0.32,123.27,0.69,348.5,0.68,118.27,0.7,62.1,0.71,20.0,0.01,0.01,2327.124184,1776353299000
1776353301.247,201.247,0.3,62.1,0.29,20.0,0.31,366.5,0.32,123.27,0.69,403.5,0.68,123.27,0.7,62.1,0.71,20.0,0.01,0.01,2327.08957,1776353300000
1776353301.552,201.552,0.3,62.1,0.29,20.0,0.31,291.5,0.32,123.27,0.69,350.5,0.68,123.27,0.7,62.1,0.71,20.0,0.01,0.01,2327.08957,1776353300000
1776353301.765,201.765,0.3,62.1,0.29,20.0,0.31,361.5,0.32,123.27,0.69,361.5,0.68,123.27,0.7,62.1,0.71,20.0,0.01,0.01,2327.08957,1776353300000
1776353302.276,202.276,0.3,62.1,0.29,20.0,0.31,200.5,0.32,423.27,0.69,270.5,0.68,153.27,0.7,62.1,0.71,20.0,0.01,0.01,2327.08957,1776353300000
1776353302.62,202.62,0.3,62.1,0.29,20.0,0.31,221.3,0.32,153.27,0.69,239.3,0.68,153.27,0.7,62.1,0.71,20.0,0.01,0.01,2326.699082,1776353301000
1776353303.393,203.393,0.3,65.67,0.29,20.0,0.31,412.1,0.32,169.77,0.69,221.3,0.68,153.27,0.7,62.1,0.71,20.0,0.01,0.01,2326.357082,1776353302000
1776353303.739,203.739,0.3,62.1,0.29,20.0,0.31,368.1,0.32,169.77,0.69,376.1,0.68,169.77,0.7,62.1,0.71,20.0,0.01,0.01,2326.357082,1776353302000
1776353306.124,206.124,0.3,62.1,0.29,20.0,0.31,565.27,0.32,134.77,0.69,368.1,0.68,169.77,0.7,62.1,0.71,20.0,0.01,0.01,2326.04151,1776353304000
1776353307.995,207.995,0.3,62.1,0.29,20.0,0.31,580.27,0.32,121.55,0.69,565.27,0.68,134.77,0.7,62.1,0.71,20.0,0.01,0.01,2325.839975,1776353306000
1776353308.335,208.335,0.3,62.1,0.29,20.0,0.31,575.27,0.32,121.55,0.69,580.27,0.68,121.55,0.7,62.1,0.71,20.0,0.01,0.01,2325.839975,1776353306000
1776353310.112,210.112,0.3,62.1,0.29,20.0,0.31,410.27,0.32,98.01,0.69,580.27,0.68,121.55,0.7,62.1,0.71,20.0,0.01,0.01,2325.78737,1776353308000
1776353310.674,210.674,0.3,62.1,0.29,20.0,0.31,534.27,0.32,98.01,0.69,432.27,0.68,98.01,0.7,62.1,0.71,20.0,0.01,0.01,2325.752723,1776353309000
1776353311.143,211.143,0.3,62.1,0.29,20.0,0.31,461.1,0.32,122.05,0.69,534.27,0.68,98.01,0.7,62.1,0.71,20.0,0.01,0.01,2325.748354,1776353310000
1776353313.199,213.199,0.3,62.1,0.29,20.0,0.31,307.1,0.32,112.05,0.69,461.1,0.68,122.05,0.7,62.1,0.71,20.0,0.01,0.01,2325.739642,1776353311000
1776353313.625,213.625,0.3,62.1,0.29,20.0,0.31,322.1,0.32,87.37,0.69,329.1,0.68,87.37,0.7,62.1,0.71,20.0,0.01,0.01,2325.862397,1776353312000
1776353315.438,215.438,0.3,62.1,0.29,20.0,0.31,394.51,0.32,135.04,0.69,341.3,0.68,87.37,0.7,62.1,0.71,20.0,0.01,0.01,2325.454705,1776353314000
1776353317.125,217.125,0.3,62.1,0.29,20.0,0.31,404.51,0.32,140.04,0.69,394.51,0.68,135.04,0.7,62.1,0.71,20.0,0.01,0.01,2325.454705,1776353314000
1776353317.439,217.439,0.3,62.1,0.29,20.0,0.31,501.61,0.32,50.97,0.69,404.51,0.68,140.04,0.7,62.1,0.71,20.0,0.01,0.01,2325.178561,1776353316000
1776353318.044,218.044,0.3,62.1,0.29,20.0,0.31,523.61,0.32,80.97,0.69,518.61,0.68,80.97,0.7,62.1,0.71,20.0,0.01,0.01,2325.178561,1776353316000
1776353318.755,218.755,0.3,62.1,0.29,20.0,0.31,591.06,0.32,75.97,0.69,518.61,0.68,80.97,0.7,62.1,0.71,20.0,0.01,0.01,2325.161279,1776353317000
1776353319.321,219.321,0.3,62.1,0.29,20.0,0.31,544.06,0.32,75.97,0.69,591.06,0.68,75.97,0.7,62.1,0.71,20.0,0.01,0.01,2324.792042,1776353318000
1776353319.541,219.541,0.3,62.1,0.29,20.0,0.31,556.06,0.32,75.97,0.69,544.06,0.68,75.97,0.7,62.1,0.71,20.0,0.01,0.01,2324.792042,1776353318000
1776353319.842,219.842,0.3,62.1,0.29,20.0,0.31,556.06,0.32,75.97,0.69,561.06,0.68,75.97,0.7,62.1,0.71,20.0,0.01,0.01,2324.792042,1776353318000
1776353320.298,220.298,0.3,62.1,0.29,20.0,0.31,571.06,0.32,75.97,0.69,566.06,0.68,75.97,0.7,62.1,0.71,20.0,0.01,0.01,2324.744411,1776353319000
1776353321.931,221.931,0.3,62.1,0.29,20.0,0.31,520.06,0.32,75.97,0.69,571.06,0.68,75.97,0.7,62.1,0.71,20.0,0.01,0.01,2324.48433,1776353320000
1776353324.724,224.724,0.3,62.1,0.29,20.0,0.31,655.06,0.32,45.97,0.69,520.06,0.68,75.97,0.7,62.1,0.71,20.0,0.01,0.01,2324.40884,1776353323000
1776353325.893,225.893,0.3,62.1,0.29,20.0,0.31,514.96,0.32,111.76,0.69,655.06,0.68,45.97,0.7,62.1,0.71,20.0,0.01,0.01,2324.198063,1776353324000
1776353326.284,226.284,0.3,62.1,0.29,20.0,0.31,598.96,0.32,165.14,0.69,503.96,0.68,111.76,0.7,62.1,0.71,20.0,0.01,0.01,2324.08918,1776353325000
1776353326.847,226.847,0.3,62.1,0.29,20.0,0.31,629.96,0.32,165.14,0.69,598.96,0.68,165.14,0.7,62.1,0.71,20.0,0.01,0.01,2324.08918,1776353325000
1776353327.431,227.431,0.3,62.1,0.29,20.0,0.31,496.79,0.32,165.14,0.69,629.96,0.68,165.14,0.7,62.1,0.71,20.0,0.01,0.01,2324.021738,1776353326000
1776353327.708,227.708,0.3,62.1,0.29,20.0,0.31,545.79,0.32,165.14,0.69,496.79,0.68,165.14,0.7,62.1,0.71,20.0,0.01,0.01,2324.021738,1776353326000
1776353329.648,229.648,0.3,62.1,0.29,20.0,0.31,475.91,0.32,45.97,0.69,562.79,0.68,165.14,0.7,62.1,0.71,20.0,0.01,0.01,2323.200024,1776353328000
1776353330.171,230.171,0.3,62.1,0.29,20.0,0.31,475.91,0.32,45.97,0.69,475.91,0.68,45.97,0.7,62.1,0.71,20.0,0.01,0.01,2323.200024,1776353328000
1776353332.661,232.661,0.3,62.1,0.29,20.0,0.31,528.08,0.32,45.97,0.69,475.91,0.68,45.97,0.7,62.1,0.71,20.0,0.01,0.01,2323.489215,1776353331000
1776353332.984,232.984,0.3,62.1,0.29,20.0,0.31,528.08,0.32,45.97,0.69,528.08,0.68,45.97,0.7,62.1,0.71,20.0,0.01,0.01,2323.489215,1776353331000
1776353333.231,233.231,0.3,62.1,0.29,20.0,0.31,426.96,0.32,135.08,0.69,518.08,0.68,45.97,0.7,62.1,0.71,20.0,0.01,0.01,2323.489215,1776353331000
1776353333.484,233.484,0.3,73.1,0.29,20.0,0.31,421.96,0.32,135.08,0.69,426.96,0.68,135.08,0.7,62.1,0.71,20.0,0.01,0.01,2323.50537,1776353332000
1776353334.774,234.774,0.3,62.1,0.29,20.0,0.31,421.96,0.32,140.08,0.69,421.96,0.68,135.08,0.7,62.1,0.71,20.0,0.01,0.01,2323.580625,1776353333000
1776353336.884,236.884,0.3,62.1,0.29,20.0,0.31,515.5,0.32,335.36,0.69,411.96,0.68,135.08,0.7,62.1,0.71,20.0,0.01,0.01,2323.853915,1776353336000
1776353337.114,237.114,0.3,73.1,0.29,20.0,0.31,515.5,0.32,135.08,0.69,515.5,0.68,335.36,0.7,62.1,0.71,20.0,0.01,0.01,2323.853915,1776353336000
1776353342.424,242.424,0.3,62.1,0.29,20.0,0.31,514.5,0.32,86.37,0.69,515.5,0.68,135.08,0.7,62.1,0.71,20.0,0.01,0.01,2324.056014,1776353341000
1776353342.987,242.987,0.3,62.1,0.29,20.0,0.31,504.5,0.32,86.37,0.69,514.5,0.68,86.37,0.7,62.1,0.71,20.0,0.01,0.01,2324.056014,1776353341000
1776353343.452,243.452,0.3,62.1,0.29,20.0,0.31,401.33,0.32,116.37,0.69,504.5,0.68,86.37,0.7,62.1,0.71,20.0,0.01,0.01,2323.617711,1776353342000
1776353345.6,245.6,0.3,62.1,0.29,20.0,0.31,401.33,0.32,120.05,0.69,401.33,0.68,116.37,0.7,62.1,0.71,20.0,0.01,0.01,2323.34693,1776353344000
1776353346.145,246.145,0.3,62.1,0.29,20.0,0.31,406.33,0.32,125.05,0.69,401.33,0.68,120.05,0.7,62.1,0.71,20.0,0.01,0.01,2323.34693,1776353344000
1776353346.46,246.46,0.3,62.1,0.29,20.0,0.31,390.33,0.32,140.1,0.69,406.33,0.68,125.05,0.7,62.1,0.71,20.0,0.01,0.01,2323.342435,1776353345000
1776353348.792,248.792,0.3,62.1,0.29,20.0,0.31,508.5,0.32,134.1,0.69,390.33,0.68,140.1,0.7,62.1,0.71,20.0,0.01,0.01,2323.109005,1776353347000
1776353349.785,249.785,0.3,62.1,0.29,20.0,0.31,498.5,0.32,134.1,0.69,508.5,0.68,134.1,0.7,62.1,0.71,20.0,0.01,0.01,2323.043465,1776353348000
1776353350.842,250.842,0.3,62.1,0.29,20.0,0.31,549.5,0.32,134.1,0.69,498.5,0.68,134.1,0.7,62.1,0.71,20.0,0.01,0.01,2323.012615,1776353349000
1776353351.647,251.647,0.3,62.1,0.29,20.0,0.31,549.5,0.32,134.1,0.69,554.5,0.68,134.1,0.7,62.1,0.71,20.0,0.01,0.01,2322.871481,1776353350000
1776353351.855,251.855,0.3,62.1,0.29,20.0,0.31,554.5,0.32,134.1,0.69,549.5,0.68,134.1,0.7,62.1,0.71,20.0,0.01,0.01,2322.871481,1776353350000
1776353352.227,252.227,0.3,62.1,0.29,20.0,0.31,560.5,0.32,134.1,0.69,554.5,0.68,134.1,0.7,62.1,0.71,20.0,0.01,0.01,2322.857596,1776353351000
1776353355.504,255.504,0.3,62.1,0.29,20.0,0.31,464.33,0.32,146.1,0.69,570.5,0.68,134.1,0.7,62.1,0.71,20.0,0.01,0.01,2322.831564,1776353354000
1776353356.867,256.867,0.3,62.1,0.29,20.0,0.31,464.33,0.32,139.1,0.69,464.33,0.68,146.1,0.7,62.1,0.71,20.0,0.01,0.01,2322.893055,1776353355000
1776353357.198,257.198,0.3,79.24,0.29,20.0,0.31,434.33,0.32,176.1,0.69,464.33,0.68,139.1,0.7,62.1,0.71,20.0,0.01,0.01,2323.083965,1776353356000
1776353357.431,257.431,0.3,78.1,0.29,20.0,0.31,434.33,0.32,206.1,0.69,434.33,0.68,176.1,0.7,62.1,0.71,20.0,0.01,0.01,2323.083965,1776353356000
1776353357.816,257.816,0.3,78.1,0.29,20.0,0.31,434.33,0.32,176.1,0.69,434.33,0.68,176.1,0.7,62.1,0.71,20.0,0.01,0.01,2323.083965,1776353356000
1776353358.296,258.296,0.3,62.1,0.29,20.0,0.31,429.33,0.32,146.1,0.69,434.33,0.68,176.1,0.7,62.1,0.71,20.0,0.01,0.01,2323.198795,1776353357000
1776353358.919,258.919,0.3,62.1,0.29,20.0,0.31,481.5,0.32,146.1,0.69,429.33,0.68,146.1,0.7,62.1,0.71,20.0,0.01,0.01,2323.198795,1776353357000
1776353359.19,259.19,0.3,78.76,0.29,20.0,0.31,481.5,0.32,146.1,0.69,481.5,0.68,146.1,0.7,62.1,0.71,20.0,0.01,0.01,2323.467813,1776353358000
1776353359.465,259.465,0.3,62.1,0.29,20.0,0.31,476.5,0.32,139.1,0.69,481.5,0.68,146.1,0.7,62.1,0.71,20.0,0.01,0.01,2323.467813,1776353358000
1776353365.318,265.318,0.3,62.1,0.29,20.0,0.31,628.5,0.32,147.43,0.69,476.5,0.68,139.1,0.7,62.1,0.71,20.0,0.01,0.01,2323.652085,1776353363000
1776353365.635,265.635,0.3,62.1,0.29,20.0,0.31,633.5,0.32,147.43,0.69,633.5,0.68,147.43,0.7,62.1,0.71,20.0,0.01,0.01,2323.36139,1776353364000
1776353366.455,266.455,0.3,62.1,0.29,20.0,0.31,658.5,0.32,134.17,0.69,633.5,0.68,147.43,0.7,62.1,0.71,20.0,0.01,0.01,2323.258008,1776353365000
1776353366.841,266.841,0.3,62.1,0.29,20.0,0.31,663.5,0.32,134.17,0.69,663.5,0.68,134.17,0.7,62.1,0.71,20.0,0.01,0.01,2323.258008,1776353365000
1776353367.97,267.97,0.3,62.1,0.29,20.0,0.31,674.5,0.32,134.17,0.69,663.5,0.68,134.17,0.7,62.1,0.71,20.0,0.01,0.01,2323.240802,1776353366000
1776353368.482,268.482,0.3,62.1,0.29,20.0,0.31,674.5,0.32,134.17,0.69,674.5,0.68,134.17,0.7,62.1,0.71,20.0,0.01,0.01,2323.216762,1776353367000
1776353368.792,268.792,0.3,62.1,0.29,20.0,0.31,707.5,0.32,134.17,0.69,674.5,0.68,134.17,0.7,62.1,0.71,20.0,0.01,0.01,2323.216762,1776353367000
1776353369.0,269.0,0.3,62.1,0.29,20.0,0.31,660.5,0.32,134.17,0.69,707.5,0.68,134.17,0.7,62.1,0.71,20.0,0.01,0.01,2323.216762,1776353367000
1776353369.79,269.79,0.3,62.1,0.29,20.0,0.31,665.5,0.32,134.17,0.69,660.5,0.68,134.17,0.7,62.1,0.71,20.0,0.01,0.01,2323.215847,1776353368000
1776353370.05,270.05,0.3,72.1,0.29,20.0,0.31,660.5,0.32,134.17,0.69,660.5,0.68,134.17,0.7,72.1,0.71,20.0,0.01,0.01,2323.215847,1776353368000
1776353370.293,270.293,0.3,62.1,0.29,20.0,0.31,625.5,0.32,134.17,0.69,625.5,0.68,134.17,0.7,62.1,0.71,20.0,0.01,0.01,2323.171766,1776353369000
1776353371.24,271.24,0.3,62.1,0.29,20.0,0.31,528.33,0.32,134.17,0.69,625.5,0.68,134.17,0.7,62.1,0.71,20.0,0.01,0.01,2321.914915,1776353370000
1776353371.547,271.547,0.3,62.1,0.29,20.0,0.31,528.33,0.32,134.17,0.69,528.33,0.68,134.17,0.7,62.1,0.71,20.0,0.01,0.01,2321.914915,1776353370000
1776353371.752,271.752,0.3,62.1,0.29,20.0,0.31,530.33,0.32,139.17,0.69,498.33,0.68,139.17,0.7,62.1,0.71,20.0,0.01,0.01,2321.914915,1776353370000
1776353372.031,272.031,0.3,68.1,0.29,20.0,0.31,455.33,0.32,134.17,0.69,455.33,0.68,134.17,0.7,68.1,0.71,20.0,0.01,0.01,2321.914915,1776353370000
1776353372.914,272.914,0.3,62.1,0.29,20.0,0.31,513.33,0.32,134.17,0.69,450.33,0.68,134.17,0.7,62.1,0.71,20.0,0.01,0.01,2322.5092,1776353371000
1776353373.427,273.427,0.3,62.1,0.29,20.0,0.31,487.33,0.32,134.17,0.69,513.33,0.68,134.17,0.7,62.1,0.71,20.0,0.01,0.01,2322.5206,1776353372000
1776353374.766,274.766,0.3,62.1,0.29,20.0,0.31,487.33,0.32,134.17,0.69,487.33,0.68,134.17,0.7,62.1,0.71,20.0,0.01,0.01,2322.8629,1776353373000
1776353375.0,275.0,0.3,62.1,0.29,20.0,0.31,563.7,0.32,134.17,0.69,487.33,0.68,134.17,0.7,62.1,0.71,20.0,0.01,0.01,2322.8629,1776353373000
1776353375.305,275.305,0.3,45.0,0.29,20.0,0.31,519.86,0.32,117.67,0.69,563.7,0.68,134.17,0.7,62.1,0.71,20.0,0.01,0.01,2322.575452,1776353374000
1776353376.348,276.348,0.3,45.0,0.29,20.0,0.31,519.86,0.32,117.67,0.69,519.86,0.68,117.67,0.7,45.0,0.71,20.0,0.01,0.01,2322.190766,1776353375000
1776353376.932,276.932,0.3,45.0,0.29,20.0,0.31,473.86,0.32,117.67,0.69,514.86,0.68,117.67,0.7,45.0,0.71,20.0,0.01,0.01,2322.190766,1776353375000
1776353377.462,277.462,0.3,45.0,0.29,20.0,0.31,483.86,0.32,117.67,0.69,473.86,0.68,117.67,0.7,45.0,0.71,20.0,0.01,0.01,2321.969925,1776353376000
1776353378.222,278.222,0.3,45.0,0.29,20.0,0.31,517.48,0.32,117.67,0.69,473.86,0.68,117.67,0.7,45.0,0.71,20.0,0.01,0.01,2321.903061,1776353377000
1776353378.635,278.635,0.3,45.0,0.29,20.0,0.31,523.48,0.32,117.67,0.69,517.48,0.68,117.67,0.7,45.0,0.71,20.0,0.01,0.01,2321.903061,1776353377000
1776353378.969,278.969,0.3,45.0,0.29,20.0,0.31,542.68,0.32,117.67,0.69,523.48,0.68,117.67,0.7,45.0,0.71,20.0,0.01,0.01,2321.903061,1776353377000
1776353379.63,279.63,0.3,45.0,0.29,20.0,0.31,544.48,0.32,117.67,0.69,523.48,0.68,117.67,0.7,45.0,0.71,20.0,0.01,0.01,2321.953441,1776353378000
1776353379.928,279.928,0.3,45.0,0.29,20.0,0.31,482.48,0.32,117.67,0.69,482.48,0.68,117.67,0.7,45.0,0.71,20.0,0.01,0.01,2321.953441,1776353378000
1776353380.191,280.191,0.3,45.0,0.29,20.0,0.31,515.48,0.32,117.67,0.69,515.48,0.68,117.67,0.7,45.0,0.71,20.0,0.01,0.01,2321.714282,1776353379000
1776353380.466,280.466,0.3,45.0,0.29,20.0,0.31,510.48,0.32,117.67,0.69,515.48,0.68,117.67,0.7,45.0,0.71,20.0,0.01,0.01,2321.714282,1776353379000
1776353380.728,280.728,0.3,63.0,0.29,20.0,0.31,510.48,0.32,117.67,0.69,515.48,0.68,117.67,0.7,45.0,0.71,20.0,0.01,0.01,2321.714282,1776353379000
1776353380.929,280.929,0.3,45.0,0.29,20.0,0.31,510.48,0.32,117.67,0.69,510.48,0.68,117.67,0.7,45.0,0.71,20.0,0.01,0.01,2321.714282,1776353379000
1776353381.38,281.38,0.3,45.0,0.29,20.0,0.31,448.48,0.32,117.67,0.69,510.48,0.68,117.67,0.7,45.0,0.71,20.0,0.01,0.01,2321.529592,1776353380000
1776353382.356,282.356,0.3,45.0,0.29,20.0,0.31,485.46,0.32,28.47,0.69,453.48,0.68,117.67,0.7,45.0,0.71,20.0,0.01,0.01,2321.231055,1776353381000
1776353383.001,283.001,0.3,45.0,0.29,20.0,0.31,557.46,0.32,28.47,0.69,485.46,0.68,28.47,0.7,45.0,0.71,20.0,0.01,0.01,2321.231055,1776353381000
1776353383.714,283.714,0.3,45.0,0.29,20.0,0.31,536.46,0.32,28.47,0.69,557.46,0.68,28.47,0.7,45.0,0.71,20.0,0.01,0.01,2321.32312,1776353382000
1776353384.731,284.731,0.3,45.0,0.29,20.0,0.31,531.46,0.32,28.47,0.69,531.46,0.68,28.47,0.7,45.0,0.71,20.0,0.01,0.01,2321.373658,1776353383000
1776353385.554,285.554,0.3,45.0,0.29,20.0,0.31,409.46,0.32,28.47,0.69,531.46,0.68,28.47,0.7,45.0,0.71,20.0,0.01,0.01,2321.181997,1776353384000
1776353385.83,285.83,0.3,63.28,0.29,20.0,0.31,431.46,0.32,28.47,0.69,431.46,0.68,28.47,0.7,63.28,0.71,20.0,0.01,0.01,2321.181997,1776353384000
1776353386.434,286.434,0.3,45.0,0.29,20.0,0.31,584.63,0.32,28.47,0.69,527.46,0.68,28.47,0.7,45.0,0.71,20.0,0.01,0.01,2321.020495,1776353385000
1776353387.441,287.441,0.3,45.0,0.29,20.0,0.31,519.63,0.32,28.47,0.69,584.63,0.68,28.47,0.7,45.0,0.71,20.0,0.01,0.01,2321.061095,1776353386000
1776353388.071,288.071,0.3,45.0,0.29,20.0,0.31,611.63,0.32,28.47,0.69,519.63,0.68,28.47,0.7,45.0,0.71,20.0,0.01,0.01,2321.061095,1776353386000
1776353388.694,288.694,0.3,57.0,0.29,20.0,0.31,519.63,0.32,28.47,0.69,611.63,0.68,28.47,0.7,45.0,0.71,20.0,0.01,0.01,2321.061095,1776353386000
1776353388.959,288.959,0.3,45.0,0.29,20.0,0.31,566.83,0.32,28.47,0.69,514.63,0.68,28.47,0.7,45.0,0.71,20.0,0.01,0.01,2321.203339,1776353387000
1776353389.573,289.573,0.3,45.0,0.29,20.0,0.31,552.63,0.32,28.47,0.69,566.83,0.68,28.47,0.7,45.0,0.71,20.0,0.01,0.01,2321.203339,1776353387000
1776353389.886,289.886,0.3,45.0,0.29,20.0,0.31,541.63,0.32,28.47,0.69,552.63,0.68,28.47,0.7,45.0,0.71,20.0,0.01,0.01,2321.173964,1776353388000
1776353390.612,290.612,0.3,45.0,0.29,20.0,0.31,419.63,0.32,28.47,0.69,541.63,0.68,28.47,0.7,45.0,0.71,20.0,0.01,0.01,2320.594134,1776353389000
1776353391.345,291.345,0.3,45.0,0.29,20.0,0.31,480.62,0.32,28.47,0.69,497.63,0.68,28.47,0.7,45.0,0.71,20.0,0.01,0.01,2320.594134,1776353389000
1776353391.564,291.564,0.3,45.0,0.29,20.0,0.31,497.62,0.32,28.47,0.69,502.62,0.68,28.47,0.7,45.0,0.71,20.0,0.01,0.01,2320.453894,1776353390000
1776353391.955,291.955,0.3,64.0,0.29,20.0,0.31,502.62,0.32,28.47,0.69,480.62,0.68,28.47,0.7,45.0,0.71,20.0,0.01,0.01,2320.441664,1776353391000
1776353392.159,292.159,0.3,47.0,0.29,20.0,0.31,502.62,0.32,28.47,0.69,502.62,0.68,28.47,0.7,53.0,0.71,20.0,0.01,0.01,2320.441664,1776353391000
1776353392.719,292.719,0.3,45.0,0.29,20.0,0.31,427.67,0.32,28.47,0.69,502.62,0.68,28.47,0.7,45.0,0.71,20.0,0.01,0.01,2320.441664,1776353391000
1776353393.16,293.16,0.3,45.0,0.29,20.0,0.31,386.47,0.32,28.47,0.69,408.47,0.68,28.47,0.7,45.0,0.71,20.0,0.01,0.01,2319.916648,1776353392000
1776353393.992,293.992,0.3,45.0,0.29,20.0,0.31,312.3,0.32,28.47,0.69,339.3,0.68,28.47,0.7,45.0,0.71,20.0,0.01,0.01,2319.916648,1776353392000
1776353394.216,294.216,0.3,45.0,0.29,20.0,0.31,317.3,0.32,28.47,0.69,317.3,0.68,28.47,0.7,51.0,0.71,20.0,0.01,0.01,2319.78525,1776353393000
1776353394.662,294.662,0.3,45.0,0.29,20.0,0.31,312.3,0.32,28.47,0.69,312.3,0.68,28.47,0.7,45.0,0.71,20.0,0.01,0.01,2319.78525,1776353393000
1776353394.989,294.989,0.3,45.0,0.29,20.0,0.31,317.3,0.32,28.47,0.69,312.3,0.68,28.47,0.7,45.0,0.71,20.0,0.01,0.01,2319.78525,1776353393000
1776353395.352,295.352,0.3,45.0,0.29,20.0,0.31,212.3,0.32,28.47,0.69,212.3,0.68,28.47,0.7,45.0,0.71,20.0,0.01,0.01,2319.811912,1776353394000
1776353395.558,295.558,0.3,45.0,0.29,20.0,0.31,207.3,0.32,28.47,0.69,207.3,0.68,28.47,0.7,45.0,0.71,20.0,0.01,0.01,2319.811912,1776353394000
1776353395.954,295.954,0.3,45.0,0.29,20.0,0.31,228.3,0.32,28.47,0.69,207.3,0.68,28.47,0.7,45.0,0.71,20.0,0.01,0.01,2319.811912,1776353394000
1776353396.397,296.397,0.3,45.0,0.29,20.0,0.31,207.3,0.32,28.47,0.69,207.3,0.68,28.47,0.7,45.0,0.71,20.0,0.01,0.01,2319.934384,1776353395000
1776353396.651,296.651,0.3,45.0,0.29,20.0,0.31,212.3,0.32,28.47,0.69,207.3,0.68,28.47,0.7,45.0,0.71,20.0,0.01,0.01,2319.934384,1776353395000
1776353397.337,297.337,0.3,45.0,0.29,20.0,0.31,239.3,0.32,28.47,0.69,212.3,0.68,28.47,0.7,45.0,0.71,20.0,0.01,0.01,2319.881061,1776353396000
1776353397.626,297.626,0.3,45.0,0.29,20.0,0.31,207.3,0.32,28.47,0.69,207.3,0.68,28.47,0.7,45.0,0.71,20.0,0.01,0.01,2319.881061,1776353396000
1776353397.869,297.869,0.3,45.0,0.29,20.0,0.31,256.97,0.32,28.47,0.69,257.16,0.68,28.47,0.7,45.0,0.71,20.0,0.01,0.01,2319.881061,1776353396000
1776353398.344,298.344,0.3,61.0,0.29,20.0,0.31,251.97,0.32,28.47,0.69,251.97,0.68,28.47,0.7,45.0,0.71,20.0,0.01,0.01,2319.85815,1776353397000
1776353398.804,298.804,0.3,45.0,0.29,20.0,0.31,257.23,0.32,28.47,0.69,251.97,0.68,28.47,0.7,49.0,0.71,20.0,0.01,0.01,2319.85815,1776353397000

# RESULT,winner=Down,slug=eth-updown-5m-1776353100,ticks=236
