timestamp,elapsed_sec,up_bid_p1,up_bid_s1,up_bid_p2,up_bid_s2,up_bid_p3,up_bid_s3,up_bid_p4,up_bid_s4,up_bid_p5,up_bid_s5,up_ask_p1,up_ask_s1,up_ask_p2,up_ask_s2,up_ask_p3,up_ask_s3,up_ask_p4,up_ask_s4,up_ask_p5,up_ask_s5,down_bid_p1,down_bid_s1,down_bid_p2,down_bid_s2,down_bid_p3,down_bid_s3,down_bid_p4,down_bid_s4,down_bid_p5,down_bid_s5,down_ask_p1,down_ask_s1,down_ask_p2,down_ask_s2,down_ask_p3,down_ask_s3,down_ask_p4,down_ask_s4,down_ask_p5,down_ask_s5,up_spread,down_spread,eth_price,eth_oracle_ts
1776171600.79,0.79,0.5,11.61,0.46,100.0,0.45,5.0,0.4,8.0,0.39,8.0,0.51,37.63,0.54,100.0,0.55,5.0,0.6,18.0,0.61,8.0,0.49,37.63,0.46,100.0,0.45,5.0,0.4,13.0,0.39,8.0,0.5,17.01,0.54,100.0,0.55,5.0,0.6,14.0,0.61,8.0,0.01,0.01,2374.55815,1776171599000
1776171601.118,1.118,0.53,29.03,0.47,5.0,0.46,196.0,0.45,75.0,0.43,11.0,0.54,100.0,0.55,5.0,0.58,20.0,0.59,31.0,0.6,153.0,0.52,8.39,0.49,37.63,0.46,100.0,0.45,5.0,0.4,18.0,0.54,100.0,0.55,5.0,0.6,8.0,0.61,8.0,0.62,8.0,0.01,0.02,2374.56323,1776171600000
1776171601.826,1.826,0.53,114.0,0.52,25.0,0.51,168.04,0.46,100.0,0.45,5.0,0.54,83.88,0.55,5.0,0.59,12.0,0.6,27.0,0.62,70.0,0.46,90.0,0.45,5.0,0.42,20.0,0.41,31.0,0.4,140.0,0.49,98.04,0.53,243.0,0.54,196.0,0.55,75.0,0.57,11.0,0.01,0.03,2374.56323,1776171600000
1776171602.183,2.183,0.53,110.87,0.52,30.0,0.51,252.04,0.5,5.0,0.49,5.0,0.59,17.0,0.6,32.0,0.62,70.0,0.64,5.0,0.65,70.0,0.46,83.88,0.45,5.0,0.41,12.0,0.4,27.0,0.38,70.0,0.47,114.0,0.48,25.0,0.49,168.04,0.54,100.0,0.55,5.0,0.06,0.01,2374.57646,1776171601000
1776171602.705,2.705,0.55,23.0,0.53,27.0,0.52,31.0,0.51,103.04,0.5,11.0,0.57,67.63,0.59,74.0,0.6,37.0,0.62,70.0,0.64,5.0,0.41,17.0,0.4,32.0,0.38,70.0,0.36,5.0,0.35,70.0,0.47,110.87,0.48,30.0,0.49,252.04,0.5,5.0,0.51,5.0,0.02,0.06,2374.57646,1776171601000
1776171603.407,3.407,0.51,88.24,0.5,5.0,0.49,26.0,0.48,31.0,0.47,10.0,0.52,49.0,0.53,120.0,0.54,20.0,0.55,10.0,0.56,140.0,0.43,229.63,0.42,32.0,0.41,10.0,0.4,10.0,0.38,70.0,0.49,114.24,0.5,31.0,0.51,5.0,0.52,5.0,0.53,10.0,0.01,0.06,2374.57646,1776171601000
1776171603.659,3.659,0.51,83.24,0.5,5.0,0.49,40.0,0.48,31.0,0.47,10.0,0.52,64.0,0.53,120.0,0.54,20.0,0.55,10.0,0.56,140.0,0.48,49.0,0.47,120.0,0.46,20.0,0.45,10.0,0.44,140.0,0.49,88.24,0.5,5.0,0.51,26.0,0.52,31.0,0.53,10.0,0.01,0.01,2374.57646,1776171601000
1776171603.944,3.944,0.51,53.24,0.5,5.0,0.49,14.0,0.48,31.0,0.47,10.0,0.52,59.0,0.53,120.0,0.54,20.0,0.55,10.0,0.56,140.0,0.48,59.0,0.47,120.0,0.46,20.0,0.45,10.0,0.44,140.0,0.49,63.24,0.5,5.0,0.51,14.0,0.52,31.0,0.53,10.0,0.01,0.01,2374.921585,1776171602000
1776171604.188,4.188,0.51,38.24,0.5,5.0,0.48,31.0,0.47,40.0,0.46,10.0,0.52,64.0,0.53,120.0,0.54,20.0,0.55,10.0,0.56,140.0,0.48,59.0,0.47,120.0,0.46,20.0,0.45,10.0,0.44,140.0,0.49,43.24,0.5,5.0,0.51,14.0,0.52,31.0,0.53,10.0,0.01,0.01,2374.921585,1776171602000
1776171604.444,4.444,0.51,8.24,0.5,5.0,0.49,9.0,0.48,46.0,0.47,10.0,0.52,54.0,0.53,130.0,0.54,20.0,0.55,10.0,0.56,140.0,0.48,64.0,0.47,120.0,0.46,20.0,0.45,10.0,0.44,140.0,0.49,33.24,0.5,5.0,0.52,26.0,0.53,45.0,0.54,10.0,0.01,0.01,2374.979663,1776171603000
1776171604.8,4.8,0.51,3.24,0.5,5.0,0.49,9.0,0.48,46.0,0.47,10.0,0.52,49.0,0.53,130.0,0.54,20.0,0.55,10.0,0.56,140.0,0.48,54.0,0.47,130.0,0.46,20.0,0.45,10.0,0.44,140.0,0.49,8.24,0.5,5.0,0.51,9.0,0.52,46.0,0.53,10.0,0.01,0.01,2374.979663,1776171603000
1776171605.565,5.565,0.51,3.24,0.46,10.0,0.45,25.0,0.44,26.0,0.42,6.0,0.52,116.91,0.53,40.0,0.54,10.0,0.55,10.0,0.56,70.0,0.48,49.0,0.47,130.0,0.46,20.0,0.45,10.0,0.44,140.0,0.49,3.24,0.5,5.0,0.51,9.0,0.52,46.0,0.53,10.0,0.01,0.01,2374.979663,1776171603000
1776171605.815,5.815,0.39,1.0,0.38,28.0,0.35,70.0,0.31,50.0,0.3,30.0,0.44,10.0,0.45,10.0,0.46,80.0,0.47,152.0,0.48,45.0,0.48,318.91,0.47,35.0,0.46,10.0,0.45,10.0,0.44,70.0,0.54,10.0,0.57,10.0,0.61,11.0,0.62,28.0,0.63,28.0,0.05,0.06,2374.694198,1776171604000
1776171606.281,6.281,0.38,19.0,0.35,31.0,0.34,31.0,0.3,10.0,0.29,140.0,0.39,36.23,0.4,36.0,0.41,155.0,0.42,90.0,0.43,20.0,0.6,10.0,0.59,80.0,0.58,10.0,0.57,10.0,0.56,80.0,0.7,9.44,0.71,70.0,0.72,6.0,0.73,460.0,0.74,74.0,0.01,0.1,2374.694198,1776171604000
1776171607.037,7.037,0.3,119.0,0.29,172.0,0.27,450.0,0.26,64.0,0.25,600.0,0.31,10.0,0.32,10.0,0.33,10.0,0.34,40.0,0.35,20.0,0.64,31.0,0.63,20.0,0.62,10.0,0.61,50.23,0.6,10.0,0.66,31.0,0.7,10.0,0.71,140.0,0.73,450.0,0.74,14.0,0.01,0.02,2374.66251,1776171605000
1776171607.247,7.247,0.3,119.0,0.29,172.0,0.27,450.0,0.26,64.0,0.25,600.0,0.31,10.0,0.32,10.0,0.33,10.0,0.34,40.0,0.35,20.0,0.69,10.0,0.68,10.0,0.67,10.0,0.66,40.0,0.65,20.0,0.7,119.0,0.71,172.0,0.73,450.0,0.74,64.0,0.75,600.0,0.01,0.01,2374.627661,1776171606000
1776171607.475,7.475,0.3,121.71,0.29,172.0,0.26,64.0,0.25,600.0,0.21,820.0,0.31,10.0,0.32,10.0,0.33,10.0,0.34,40.0,0.35,10.0,0.69,10.0,0.68,10.0,0.67,10.0,0.66,40.0,0.65,20.0,0.7,119.0,0.71,172.0,0.73,450.0,0.74,64.0,0.75,600.0,0.01,0.01,2374.627661,1776171606000
1776171607.861,7.861,0.3,57.97,0.29,187.0,0.26,64.0,0.25,600.0,0.22,10.0,0.31,10.0,0.32,10.0,0.33,10.0,0.34,40.0,0.35,20.0,0.69,10.0,0.68,15.0,0.67,10.0,0.66,40.0,0.65,20.0,0.7,86.1,0.71,182.0,0.74,64.0,0.75,600.0,0.79,830.0,0.01,0.01,2374.627661,1776171606000
1776171608.282,8.282,0.3,35.0,0.29,177.0,0.26,64.0,0.25,610.0,0.22,10.0,0.31,15.0,0.32,10.0,0.33,10.0,0.34,40.0,0.35,46.07,0.69,1.61,0.68,10.0,0.67,10.0,0.66,40.0,0.65,20.0,0.7,57.97,0.71,187.0,0.74,64.0,0.75,600.0,0.78,10.0,0.01,0.01,2374.627661,1776171606000
1776171608.494,8.494,0.3,29.85,0.29,177.0,0.26,64.0,0.25,610.0,0.22,10.0,0.31,15.0,0.32,10.0,0.33,10.0,0.34,40.0,0.35,46.07,0.69,15.0,0.68,10.0,0.67,10.0,0.66,40.0,0.65,46.07,0.7,35.0,0.71,177.0,0.74,64.0,0.75,610.0,0.78,10.0,0.01,0.01,2374.627661,1776171606000
1776171608.806,8.806,0.3,29.85,0.29,172.0,0.26,64.0,0.25,610.0,0.22,10.0,0.31,4.0,0.32,10.0,0.33,10.0,0.34,40.0,0.35,46.07,0.69,4.0,0.68,10.0,0.67,10.0,0.66,40.0,0.65,46.07,0.7,29.85,0.71,172.0,0.74,64.0,0.75,610.0,0.78,10.0,0.01,0.01,2373.69612,1776171607000
1776171609.085,9.085,0.3,24.0,0.29,177.0,0.26,74.0,0.25,620.0,0.24,10.0,0.31,9.0,0.32,10.0,0.33,10.0,0.34,40.0,0.35,81.14,0.69,4.0,0.68,10.0,0.67,10.0,0.66,40.0,0.65,46.07,0.7,29.85,0.71,172.0,0.74,64.0,0.75,610.0,0.78,10.0,0.01,0.01,2373.632733,1776171608000
1776171609.337,9.337,0.3,36.0,0.29,177.0,0.27,5.0,0.26,74.0,0.24,10.0,0.31,4.0,0.32,10.0,0.33,10.0,0.34,40.0,0.35,46.07,0.69,9.0,0.68,10.0,0.67,10.0,0.66,40.0,0.65,46.07,0.7,66.0,0.71,177.0,0.73,5.0,0.74,79.0,0.75,10.0,0.01,0.01,2373.632733,1776171608000
1776171609.793,9.793,0.3,146.0,0.29,187.0,0.28,10.0,0.27,15.0,0.26,84.0,0.34,31.32,0.35,20.0,0.36,31.0,0.37,141.0,0.38,36.0,0.69,4.0,0.68,10.0,0.67,10.0,0.66,40.0,0.65,46.07,0.7,36.0,0.71,177.0,0.73,5.0,0.74,74.0,0.76,10.0,0.04,0.01,2373.632733,1776171608000
1776171609.998,9.998,0.3,93.0,0.29,187.0,0.28,15.0,0.27,15.0,0.26,74.0,0.32,3.93,0.33,10.0,0.34,10.0,0.35,10.0,0.36,41.0,0.66,31.32,0.65,20.0,0.64,31.0,0.63,141.0,0.62,36.0,0.7,146.0,0.71,187.0,0.72,10.0,0.73,15.0,0.74,84.0,0.02,0.04,2373.632733,1776171608000
1776171610.455,10.455,0.3,126.0,0.29,177.0,0.28,5.0,0.27,15.0,0.26,74.0,0.31,15.0,0.32,0.98,0.33,10.0,0.34,15.0,0.35,10.0,0.68,0.98,0.67,10.0,0.66,10.0,0.65,10.0,0.64,41.0,0.7,98.0,0.71,177.0,0.72,5.0,0.73,15.0,0.74,74.0,0.01,0.02,2373.553434,1776171609000
1776171610.687,10.687,0.3,126.0,0.29,32.0,0.28,5.0,0.27,5.0,0.26,72.0,0.31,0.63,0.32,10.0,0.33,0.79,0.34,20.0,0.35,18.0,0.67,0.79,0.66,15.0,0.65,10.0,0.64,46.0,0.63,173.0,0.7,126.0,0.71,32.0,0.72,5.0,0.73,5.0,0.74,64.0,0.01,0.03,2373.553434,1776171609000
1776171610.926,10.926,0.3,91.0,0.29,32.0,0.28,5.0,0.26,14.0,0.25,35.0,0.31,7.4,0.32,10.0,0.33,0.79,0.34,30.0,0.35,29.0,0.69,0.63,0.68,10.0,0.67,0.79,0.66,20.0,0.65,18.0,0.7,126.0,0.71,32.0,0.72,5.0,0.73,5.0,0.74,72.0,0.01,0.01,2373.553434,1776171609000
1776171611.191,11.191,0.3,79.0,0.29,32.0,0.28,5.0,0.27,8.0,0.26,14.0,0.31,10.0,0.32,9.15,0.33,0.79,0.34,30.0,0.35,32.0,0.68,9.15,0.67,0.79,0.66,30.0,0.65,29.0,0.64,117.0,0.7,79.0,0.71,32.0,0.72,5.0,0.74,14.0,0.75,5.0,0.01,0.02,2373.553434,1776171609000
1776171611.463,11.463,0.3,69.0,0.29,32.0,0.28,5.0,0.26,14.0,0.25,15.0,0.31,6.77,0.32,9.15,0.33,0.79,0.34,25.0,0.35,24.0,0.69,6.77,0.68,9.15,0.67,0.79,0.66,25.0,0.65,24.0,0.7,69.0,0.71,32.0,0.72,5.0,0.74,14.0,0.75,15.0,0.01,0.01,2373.436064,1776171610000
1776171612.019,12.019,0.26,12.51,0.25,5.0,0.24,85.0,0.23,80.0,0.22,10.0,0.3,10.0,0.31,11.77,0.32,14.15,0.33,0.79,0.34,95.0,0.7,10.0,0.69,11.77,0.68,14.15,0.67,0.79,0.66,95.0,0.74,12.51,0.75,5.0,0.76,85.0,0.77,80.0,0.78,10.0,0.04,0.04,2373.42774,1776171611000
1776171612.373,12.373,0.27,98.5,0.26,124.01,0.25,25.5,0.24,93.0,0.23,88.0,0.28,26.0,0.29,20.5,0.3,25.5,0.31,75.27,0.32,27.65,0.73,3.88,0.72,22.0,0.71,10.0,0.7,15.0,0.69,6.77,0.74,159.51,0.75,40.0,0.76,85.0,0.77,80.0,0.78,70.0,0.01,0.01,2373.42774,1776171611000
1776171613.041,13.041,0.27,99.0,0.26,119.01,0.25,15.5,0.24,93.0,0.23,88.0,0.28,15.28,0.29,25.5,0.3,25.5,0.31,83.27,0.32,97.65,0.72,20.28,0.71,20.5,0.7,25.5,0.69,75.27,0.68,27.65,0.73,92.41,0.74,119.01,0.75,25.5,0.76,93.0,0.77,88.0,0.01,0.01,2373.42774,1776171611000
1776171613.605,13.605,0.27,74.0,0.26,56.01,0.25,73.5,0.24,75.0,0.23,78.0,0.28,31.92,0.29,88.5,0.3,33.5,0.31,25.27,0.32,89.65,0.72,4.56,0.71,25.5,0.7,83.5,0.69,25.27,0.68,97.65,0.73,99.0,0.74,119.01,0.75,15.5,0.76,93.0,0.77,88.0,0.01,0.01,2373.379576,1776171612000
1776171614.299,14.299,0.27,79.0,0.26,56.01,0.25,68.5,0.24,80.0,0.23,78.0,0.28,28.87,0.29,88.5,0.3,33.5,0.31,25.27,0.32,89.65,0.72,27.45,0.71,83.5,0.7,33.5,0.69,25.27,0.68,89.65,0.73,74.0,0.74,56.01,0.75,73.5,0.76,75.0,0.77,78.0,0.01,0.01,2373.379576,1776171612000
1776171614.525,14.525,0.27,76.69,0.26,56.01,0.25,68.5,0.24,80.0,0.23,78.0,0.28,23.87,0.29,88.5,0.3,33.5,0.31,25.27,0.32,89.65,0.72,28.87,0.71,88.5,0.7,33.5,0.69,25.27,0.68,89.65,0.73,79.0,0.74,56.01,0.75,68.5,0.76,80.0,0.77,78.0,0.01,0.01,2373.2153,1776171613000
1776171615.329,15.329,0.29,124.0,0.28,50.5,0.27,20.5,0.26,33.01,0.25,20.5,0.3,9.83,0.31,20.5,0.32,98.5,0.33,18.0,0.34,90.0,0.72,28.87,0.71,25.5,0.7,33.5,0.69,25.27,0.68,89.65,0.73,59.31,0.74,114.01,0.75,10.5,0.76,90.0,0.77,88.0,0.01,0.01,2373.2153,1776171613000
1776171615.638,15.638,0.29,124.0,0.28,50.5,0.27,20.5,0.26,33.01,0.25,20.5,0.3,9.83,0.31,20.5,0.32,98.5,0.33,18.0,0.34,90.0,0.7,9.83,0.69,20.5,0.68,98.5,0.67,18.0,0.66,90.0,0.71,124.0,0.72,50.5,0.73,20.5,0.74,33.01,0.75,20.5,0.01,0.01,2373.144539,1776171614000
1776171615.959,15.959,0.3,68.0,0.29,98.0,0.28,20.5,0.27,20.5,0.26,91.01,0.32,20.5,0.33,68.0,0.34,80.0,0.35,18.0,0.36,74.0,0.7,9.83,0.69,20.5,0.68,98.5,0.67,18.0,0.66,90.0,0.71,124.0,0.72,50.5,0.73,20.5,0.74,33.01,0.75,20.5,0.02,0.01,2373.144539,1776171614000
1776171616.345,16.345,0.3,73.0,0.29,110.0,0.28,20.5,0.27,20.5,0.26,91.01,0.32,20.5,0.33,73.0,0.34,80.0,0.35,18.0,0.36,74.0,0.68,20.5,0.67,68.0,0.66,80.0,0.65,18.0,0.64,74.0,0.7,68.0,0.71,98.0,0.72,20.5,0.73,20.5,0.74,91.01,0.02,0.02,2373.144539,1776171614000
1776171616.745,16.745,0.3,73.0,0.29,110.0,0.28,20.5,0.27,20.5,0.26,91.01,0.33,41.36,0.34,80.0,0.35,18.0,0.36,74.0,0.37,185.0,0.67,41.36,0.66,80.0,0.65,18.0,0.64,74.0,0.63,185.0,0.7,73.0,0.71,110.0,0.72,20.5,0.73,20.5,0.74,91.01,0.03,0.03,2373.144539,1776171615000
1776171617.046,17.046,0.31,75.0,0.3,44.0,0.29,80.0,0.28,20.5,0.27,34.81,0.32,10.0,0.33,56.36,0.34,90.0,0.35,18.0,0.36,70.0,0.67,41.36,0.66,80.0,0.65,18.0,0.64,74.0,0.63,185.0,0.7,73.0,0.71,110.0,0.72,20.5,0.73,20.5,0.74,91.01,0.01,0.03,2373.144539,1776171615000
1776171617.351,17.351,0.31,63.0,0.3,44.0,0.29,90.5,0.28,20.5,0.27,34.81,0.32,10.0,0.33,61.36,0.34,85.0,0.35,18.0,0.36,70.0,0.68,10.0,0.67,56.36,0.66,90.0,0.65,18.0,0.64,70.0,0.69,75.0,0.7,44.0,0.71,80.0,0.72,20.5,0.73,34.81,0.01,0.01,2373.144539,1776171615000
1776171618.176,18.176,0.31,28.0,0.3,44.0,0.29,90.5,0.28,20.5,0.27,34.81,0.32,30.5,0.33,61.36,0.34,85.0,0.35,28.0,0.36,60.0,0.68,10.0,0.67,61.36,0.66,85.0,0.65,18.0,0.64,70.0,0.69,41.26,0.7,44.0,0.71,90.5,0.72,20.5,0.73,34.81,0.01,0.01,2373.144539,1776171615000
1776171619.187,19.187,0.31,28.0,0.3,44.0,0.29,90.5,0.28,20.5,0.27,34.81,0.32,30.5,0.33,61.36,0.34,85.0,0.35,28.0,0.36,60.0,0.68,30.5,0.67,61.36,0.66,85.0,0.65,28.0,0.64,60.0,0.69,28.0,0.7,44.0,0.71,90.5,0.72,20.5,0.73,34.81,0.01,0.01,2373.351225,1776171617000
1776171619.845,19.845,0.31,28.0,0.3,44.0,0.29,90.5,0.28,20.5,0.27,34.81,0.32,30.5,0.33,61.36,0.34,85.0,0.35,28.0,0.36,60.0,0.68,30.5,0.67,61.36,0.66,85.0,0.65,28.0,0.64,60.0,0.69,28.0,0.7,44.0,0.71,90.5,0.72,20.5,0.73,34.81,0.01,0.01,2373.348775,1776171618000
1776171620.087,20.087,0.33,85.0,0.32,111.0,0.31,30.5,0.3,33.5,0.29,45.5,0.34,4.0,0.35,15.5,0.36,36.0,0.37,85.0,0.38,33.0,0.66,10.0,0.65,15.5,0.64,36.0,0.63,85.0,0.62,33.0,0.68,163.0,0.69,49.0,0.7,38.5,0.71,45.5,0.72,95.5,0.01,0.02,2373.348775,1776171618000
1776171620.589,20.589,0.34,52.0,0.33,53.0,0.32,88.0,0.31,20.5,0.3,25.5,0.35,20.5,0.36,99.0,0.37,85.0,0.38,23.0,0.39,236.99,0.66,4.0,0.65,15.5,0.64,36.0,0.63,85.0,0.62,33.0,0.67,85.0,0.68,111.0,0.69,30.5,0.7,33.5,0.71,45.5,0.01,0.01,2373.348775,1776171618000
1776171620.859,20.859,0.34,56.0,0.33,58.0,0.32,88.0,0.31,25.5,0.3,33.5,0.35,20.5,0.36,99.0,0.37,85.0,0.38,189.99,0.39,79.29,0.65,20.5,0.64,99.0,0.63,85.0,0.62,189.99,0.61,79.29,0.66,56.0,0.67,58.0,0.68,88.0,0.69,25.5,0.7,33.5,0.01,0.01,2373.336275,1776171619000
1776171621.274,21.274,0.34,21.0,0.33,58.0,0.32,88.0,0.31,25.5,0.3,33.5,0.35,15.5,0.36,104.0,0.37,85.0,0.38,190.99,0.39,73.29,0.65,20.5,0.64,99.0,0.63,85.0,0.62,189.99,0.61,79.29,0.66,56.0,0.67,58.0,0.68,88.0,0.69,25.5,0.7,33.5,0.01,0.01,2373.336275,1776171619000
1776171621.701,21.701,0.34,21.0,0.33,68.0,0.32,88.0,0.31,25.5,0.3,33.5,0.35,22.64,0.36,104.0,0.37,85.0,0.38,200.99,0.39,63.29,0.65,15.5,0.64,104.0,0.63,85.0,0.62,190.99,0.61,73.29,0.66,21.0,0.67,58.0,0.68,88.0,0.69,25.5,0.7,33.5,0.01,0.01,2373.336275,1776171619000
1776171622.157,22.157,0.34,99.5,0.33,63.5,0.32,40.5,0.31,25.5,0.3,38.5,0.36,25.0,0.37,6.0,0.38,73.0,0.39,210.99,0.4,118.0,0.65,22.64,0.64,104.0,0.63,85.0,0.62,200.99,0.61,63.29,0.66,21.0,0.67,68.0,0.68,88.0,0.69,25.5,0.7,33.5,0.02,0.01,2373.336275,1776171619000
1776171622.462,22.462,0.38,17.0,0.37,15.0,0.36,37.5,0.35,100.5,0.34,31.5,0.39,5.76,0.4,354.2,0.41,129.5,0.42,85.0,0.43,15.0,0.63,6.0,0.62,68.0,0.61,205.99,0.6,108.0,0.59,130.0,0.66,94.5,0.67,63.5,0.68,40.5,0.69,25.5,0.7,38.5,0.01,0.03,2373.336275,1776171619000
1776171622.781,22.781,0.38,17.0,0.37,15.0,0.36,37.5,0.35,100.5,0.34,31.5,0.39,5.76,0.4,354.2,0.41,129.5,0.42,85.0,0.43,15.0,0.61,5.76,0.6,354.2,0.59,129.5,0.58,85.0,0.57,15.0,0.62,17.0,0.63,15.0,0.64,37.5,0.65,100.5,0.66,31.5,0.01,0.01,2373.329815,1776171620000
1776171623.14,23.14,0.37,12.0,0.36,36.0,0.35,98.5,0.34,37.81,0.33,41.5,0.39,30.76,0.4,290.7,0.41,129.5,0.42,85.0,0.43,15.0,0.61,27.68,0.6,348.7,0.59,129.5,0.58,85.0,0.57,15.0,0.63,17.0,0.64,36.0,0.65,98.5,0.66,31.5,0.67,41.5,0.02,0.02,2373.329815,1776171620000
1776171623.925,23.925,0.38,10.35,0.37,22.5,0.36,36.0,0.35,35.5,0.34,31.5,0.39,240.75,0.4,123.0,0.41,83.0,0.42,75.0,0.43,5.0,0.61,240.75,0.6,123.0,0.59,83.0,0.58,75.0,0.57,5.0,0.62,10.35,0.63,22.5,0.64,36.0,0.65,35.5,0.66,31.5,0.01,0.01,2373.47502,1776171621000
1776171624.29,24.29,0.38,10.35,0.37,22.5,0.36,36.0,0.35,35.5,0.34,31.5,0.39,240.75,0.4,123.0,0.41,83.0,0.42,75.0,0.43,5.0,0.61,240.75,0.6,123.0,0.59,83.0,0.58,75.0,0.57,5.0,0.62,10.35,0.63,22.5,0.64,36.0,0.65,35.5,0.66,31.5,0.01,0.01,2373.52179,1776171622000
1776171624.723,24.723,0.39,110.73,0.38,25.5,0.37,22.5,0.36,38.5,0.35,38.5,0.42,70.0,0.43,248.7,0.44,51.0,0.45,23.0,0.46,140.0,0.6,16.0,0.59,74.0,0.58,293.49,0.57,42.0,0.56,23.0,0.61,27.23,0.62,25.5,0.63,90.5,0.64,30.5,0.65,25.5,0.03,0.01,2373.52179,1776171622000
1776171625.297,25.297,0.41,10.0,0.4,20.5,0.39,100.5,0.38,30.5,0.37,28.81,0.42,127.77,0.43,21.5,0.44,208.7,0.45,50.0,0.46,140.0,0.58,70.0,0.57,248.7,0.56,51.0,0.55,23.0,0.54,140.0,0.61,110.73,0.62,25.5,0.63,22.5,0.64,38.5,0.65,38.5,0.01,0.03,2373.52179,1776171622000
1776171626.319,26.319,0.41,22.0,0.4,25.5,0.39,100.5,0.38,25.5,0.37,20.5,0.42,50.77,0.43,248.49,0.44,51.0,0.45,15.0,0.46,140.0,0.58,127.77,0.57,21.5,0.56,208.7,0.55,50.0,0.54,140.0,0.59,10.0,0.6,20.5,0.61,100.5,0.62,30.5,0.63,28.81,0.01,0.01,2373.52179,1776171622000
1776171626.572,26.572,0.41,22.0,0.4,25.5,0.39,100.5,0.38,25.5,0.37,20.5,0.42,50.77,0.43,248.49,0.44,51.0,0.45,15.0,0.46,140.0,0.58,50.77,0.57,248.49,0.56,51.0,0.55,15.0,0.54,140.0,0.59,22.0,0.6,25.5,0.61,100.5,0.62,25.5,0.63,20.5,0.01,0.01,2373.556196,1776171623000
1776171626.799,26.799,0.41,22.0,0.4,25.5,0.39,100.5,0.38,25.5,0.37,20.5,0.42,50.77,0.43,248.49,0.44,51.0,0.45,15.0,0.46,140.0,0.58,50.77,0.57,248.49,0.56,51.0,0.55,15.0,0.54,140.0,0.59,22.0,0.6,25.5,0.61,100.5,0.62,25.5,0.63,20.5,0.01,0.01,2373.674265,1776171624000
1776171627.171,27.171,0.41,22.0,0.4,25.5,0.39,100.5,0.38,25.5,0.37,20.5,0.42,50.77,0.43,248.49,0.44,51.0,0.45,15.0,0.46,140.0,0.58,50.77,0.57,248.49,0.56,51.0,0.55,15.0,0.54,140.0,0.59,22.0,0.6,25.5,0.61,100.5,0.62,25.5,0.63,20.5,0.01,0.01,2373.76672,1776171625000
1776171627.603,27.603,0.42,10.0,0.41,115.5,0.4,25.5,0.39,32.5,0.38,25.5,0.45,41.0,0.46,85.5,0.47,88.0,0.48,85.0,0.49,15.0,0.58,8.61,0.57,238.99,0.56,41.0,0.55,15.0,0.54,148.0,0.59,22.0,0.6,25.5,0.61,100.5,0.62,25.5,0.63,25.5,0.03,0.01,2373.76672,1776171625000
1776171627.939,27.939,0.44,13.21,0.43,25.5,0.42,25.5,0.41,50.5,0.4,35.5,0.45,207.07,0.46,154.0,0.47,85.5,0.48,75.0,0.49,5.0,0.55,207.07,0.54,154.0,0.53,85.5,0.52,75.0,0.51,5.0,0.56,13.21,0.57,25.5,0.58,25.5,0.59,50.5,0.6,35.5,0.01,0.01,2373.971156,1776171627000
1776171628.609,28.609,0.45,15.0,0.44,28.21,0.43,88.5,0.42,35.5,0.41,25.5,0.46,130.04,0.47,292.57,0.48,112.5,0.49,15.0,0.5,67.8,0.54,229.72,0.53,117.5,0.52,112.5,0.51,15.0,0.5,59.8,0.55,15.0,0.56,33.21,0.57,83.5,0.58,35.5,0.59,35.5,0.01,0.01,2373.971156,1776171627000
1776171628.82,28.82,0.45,15.0,0.44,28.21,0.43,88.5,0.42,35.5,0.41,25.5,0.46,130.04,0.47,292.57,0.48,112.5,0.49,15.0,0.5,67.8,0.54,130.04,0.53,292.57,0.52,112.5,0.51,15.0,0.5,67.8,0.55,15.0,0.56,28.21,0.57,88.5,0.58,35.5,0.59,25.5,0.01,0.01,2373.897551,1776171628000
1776171629.026,29.026,0.45,21.34,0.44,38.71,0.43,88.5,0.42,35.5,0.41,25.5,0.46,130.04,0.47,292.57,0.48,112.5,0.49,15.0,0.5,48.0,0.54,130.04,0.53,292.57,0.52,112.5,0.51,15.0,0.5,67.8,0.55,15.0,0.56,28.21,0.57,88.5,0.58,35.5,0.59,25.5,0.01,0.01,2373.897551,1776171628000
1776171629.497,29.497,0.45,13.15,0.44,28.21,0.43,88.5,0.42,35.5,0.41,25.5,0.46,132.86,0.47,292.57,0.48,112.5,0.49,15.0,0.5,48.0,0.54,135.04,0.53,292.57,0.52,112.5,0.51,15.0,0.5,48.0,0.55,3.15,0.56,38.71,0.57,88.5,0.58,35.5,0.59,25.5,0.01,0.01,2373.897551,1776171628000
1776171629.863,29.863,0.45,13.15,0.44,28.21,0.43,88.5,0.42,35.5,0.41,25.5,0.46,132.86,0.47,292.57,0.48,112.5,0.49,15.0,0.5,48.0,0.54,132.86,0.53,292.57,0.52,112.5,0.51,15.0,0.5,48.0,0.55,13.15,0.56,28.21,0.57,88.5,0.58,35.5,0.59,25.5,0.01,0.01,2374.004852,1776171629000
1776171630.427,30.427,0.45,21.83,0.44,33.71,0.43,30.5,0.42,35.5,0.41,30.5,0.46,18.82,0.47,270.07,0.48,102.0,0.49,5.0,0.5,28.0,0.54,76.82,0.53,212.07,0.52,112.5,0.51,15.0,0.5,43.0,0.55,13.15,0.56,33.71,0.57,88.5,0.58,35.5,0.59,25.5,0.01,0.01,2374.004852,1776171629000
1776171630.823,30.823,0.46,30.5,0.45,36.83,0.44,106.71,0.43,30.5,0.42,25.5,0.47,1.0,0.48,267.07,0.49,41.0,0.5,30.5,0.51,133.0,0.54,18.82,0.53,270.07,0.52,102.0,0.51,5.0,0.5,28.0,0.55,21.83,0.56,33.71,0.57,30.5,0.58,35.5,0.59,30.5,0.01,0.01,2374.004852,1776171629000
1776171631.326,31.326,0.47,35.5,0.46,93.5,0.45,25.5,0.44,45.5,0.43,35.59,0.48,64.53,0.49,211.07,0.5,115.5,0.51,75.0,0.52,88.0,0.52,248.1,0.51,41.0,0.5,30.5,0.49,75.0,0.48,88.0,0.53,10.0,0.54,30.5,0.55,84.83,0.56,48.71,0.57,30.5,0.01,0.01,2374.004852,1776171629000
1776171631.858,31.858,0.47,88.5,0.46,35.5,0.45,25.5,0.44,45.5,0.43,35.59,0.48,67.44,0.49,211.07,0.5,115.5,0.51,75.0,0.52,88.0,0.52,64.53,0.51,211.07,0.5,115.5,0.49,75.0,0.48,88.0,0.53,35.5,0.54,93.5,0.55,25.5,0.56,45.5,0.57,35.59,0.01,0.01,2374.004852,1776171629000
1776171632.898,32.898,0.48,58.5,0.47,88.5,0.46,35.5,0.45,35.5,0.44,40.5,0.5,209.99,0.51,101.0,0.52,218.5,0.53,13.0,0.54,5.0,0.52,56.39,0.51,211.07,0.5,115.5,0.49,75.0,0.48,88.0,0.53,93.5,0.54,35.5,0.55,25.5,0.56,45.5,0.57,35.59,0.02,0.01,2374.004852,1776171629000
1776171633.117,33.117,0.49,25.5,0.48,35.59,0.47,35.59,0.46,35.5,0.45,35.5,0.5,226.59,0.51,31.0,0.52,80.0,0.53,23.5,0.54,5.0,0.5,232.99,0.49,101.0,0.48,150.0,0.47,23.5,0.46,5.0,0.51,35.4,0.52,30.5,0.53,30.5,0.54,35.5,0.55,35.5,0.01,0.01,2374.1533,1776171631000
1776171633.616,33.616,0.51,14.98,0.5,35.5,0.49,45.5,0.48,42.59,0.47,35.59,0.52,5.0,0.53,6.0,0.54,5.0,0.55,5.0,0.56,75.0,0.5,136.67,0.49,31.0,0.48,80.0,0.47,5.0,0.46,13.0,0.51,15.0,0.52,88.59,0.53,35.59,0.54,35.5,0.55,25.5,0.01,0.01,2374.1533,1776171631000
1776171633.911,33.911,0.51,41.88,0.5,88.5,0.49,45.5,0.48,37.59,0.47,35.59,0.53,6.0,0.54,5.0,0.55,15.5,0.56,75.0,0.57,145.0,0.47,6.0,0.46,5.0,0.45,15.5,0.44,75.0,0.43,145.0,0.49,41.88,0.5,88.5,0.51,45.5,0.52,37.59,0.53,35.59,0.02,0.02,2374.293855,1776171632000
1776171634.169,34.169,0.52,41.9,0.51,50.58,0.5,88.5,0.49,40.5,0.48,42.59,0.53,0.15,0.54,5.0,0.55,15.5,0.56,75.0,0.57,145.0,0.47,6.0,0.46,5.0,0.45,15.5,0.44,75.0,0.43,145.0,0.49,41.88,0.5,88.5,0.51,45.5,0.52,37.59,0.53,35.59,0.01,0.02,2374.293855,1776171632000
1776171634.553,34.553,0.52,69.9,0.51,45.58,0.5,88.5,0.49,40.5,0.48,37.59,0.53,10.15,0.54,5.0,0.55,15.5,0.56,75.0,0.57,145.0,0.47,0.15,0.46,5.0,0.45,15.5,0.44,75.0,0.43,145.0,0.48,41.9,0.49,50.58,0.5,88.5,0.51,40.5,0.52,42.59,0.01,0.01,2374.293855,1776171632000
1776171634.831,34.831,0.52,54.8,0.51,45.58,0.5,88.5,0.49,40.5,0.48,37.59,0.53,5.15,0.54,15.5,0.55,15.5,0.56,75.0,0.57,153.0,0.47,10.15,0.46,5.0,0.45,15.5,0.44,75.0,0.43,145.0,0.48,59.8,0.49,45.58,0.5,88.5,0.51,40.5,0.52,37.59,0.01,0.01,2374.32587,1776171633000
1776171635.041,35.041,0.52,49.8,0.51,45.58,0.5,88.5,0.49,40.5,0.48,37.59,0.53,5.15,0.54,5.0,0.55,15.5,0.56,75.0,0.57,153.0,0.47,5.15,0.46,15.5,0.45,15.5,0.44,75.0,0.43,153.0,0.48,54.8,0.49,45.58,0.5,88.5,0.51,40.5,0.52,37.59,0.01,0.01,2374.32587,1776171633000
1776171635.515,35.515,0.52,49.8,0.51,45.58,0.5,88.5,0.49,40.5,0.48,37.59,0.53,5.15,0.54,5.0,0.55,15.5,0.56,75.0,0.57,153.0,0.47,5.15,0.46,5.0,0.45,15.5,0.44,75.0,0.43,153.0,0.48,49.8,0.49,45.58,0.5,88.5,0.51,40.5,0.52,37.59,0.01,0.01,2374.389962,1776171634000
1776171636.275,36.275,0.52,31.9,0.51,45.58,0.5,88.5,0.49,40.5,0.48,37.59,0.53,10.0,0.54,73.5,0.55,15.5,0.56,75.0,0.57,153.0,0.47,5.15,0.46,5.0,0.45,15.5,0.44,75.0,0.43,153.0,0.48,49.8,0.49,45.58,0.5,88.5,0.51,40.5,0.52,37.59,0.01,0.01,2374.389962,1776171634000
1776171636.792,36.792,0.52,31.9,0.51,45.58,0.5,88.5,0.49,40.5,0.48,37.59,0.53,10.0,0.54,73.5,0.55,15.5,0.56,75.0,0.57,153.0,0.47,10.0,0.46,73.5,0.45,15.5,0.44,75.0,0.43,153.0,0.48,31.9,0.49,45.58,0.5,88.5,0.51,40.5,0.52,37.59,0.01,0.01,2374.754555,1776171635000
1776171637.367,37.367,0.52,31.9,0.51,45.58,0.5,88.5,0.49,40.5,0.48,37.59,0.53,10.0,0.54,73.5,0.55,15.5,0.56,75.0,0.57,153.0,0.47,10.0,0.46,73.5,0.45,15.5,0.44,75.0,0.43,153.0,0.48,31.9,0.49,45.58,0.5,88.5,0.51,40.5,0.52,37.59,0.01,0.01,2374.780085,1776171636000
1776171637.841,37.841,0.52,116.45,0.51,103.58,0.5,30.5,0.49,40.5,0.48,37.59,0.53,3.66,0.54,63.0,0.55,15.5,0.56,75.0,0.57,153.0,0.47,5.0,0.46,63.0,0.45,15.5,0.44,75.0,0.43,153.0,0.48,106.45,0.49,103.58,0.5,30.5,0.51,40.5,0.52,37.59,0.01,0.01,2374.780085,1776171636000
1776171638.101,38.101,0.52,109.97,0.51,103.58,0.5,30.5,0.49,40.5,0.48,37.59,0.53,3.66,0.54,63.0,0.55,15.5,0.56,75.0,0.57,153.0,0.47,3.66,0.46,63.0,0.45,15.5,0.44,75.0,0.43,153.0,0.48,116.45,0.49,103.58,0.5,30.5,0.51,40.5,0.52,37.59,0.01,0.01,2374.780085,1776171636000
1776171638.442,38.442,0.52,109.97,0.51,103.58,0.5,30.5,0.49,40.5,0.48,37.59,0.53,3.66,0.54,63.0,0.55,15.5,0.56,75.0,0.57,153.0,0.47,3.66,0.46,63.0,0.45,15.5,0.44,75.0,0.43,153.0,0.48,109.97,0.49,103.58,0.5,30.5,0.51,40.5,0.52,37.59,0.01,0.01,2374.762205,1776171637000
1776171638.989,38.989,0.52,109.97,0.51,103.58,0.5,30.5,0.49,40.5,0.48,37.59,0.53,3.66,0.54,63.0,0.55,15.5,0.56,75.0,0.57,153.0,0.47,3.66,0.46,63.0,0.45,15.5,0.44,75.0,0.43,153.0,0.48,109.97,0.49,103.58,0.5,30.5,0.51,40.5,0.52,37.59,0.01,0.01,2374.753905,1776171638000
1776171639.935,39.935,0.52,33.97,0.51,45.58,0.5,88.5,0.49,46.5,0.48,30.59,0.53,1.75,0.54,73.5,0.55,15.5,0.56,75.0,0.57,153.0,0.47,3.66,0.46,63.0,0.45,15.5,0.44,75.0,0.43,153.0,0.48,109.97,0.49,103.58,0.5,30.5,0.51,40.5,0.52,37.59,0.01,0.01,2374.753905,1776171638000
1776171640.213,40.213,0.53,25.0,0.52,30.5,0.51,40.6,0.5,30.5,0.49,38.5,0.55,51.92,0.56,85.5,0.57,145.0,0.58,5.0,0.59,13.0,0.47,1.75,0.46,73.5,0.45,15.5,0.44,75.0,0.43,153.0,0.48,33.97,0.49,45.58,0.5,88.5,0.51,46.5,0.52,30.59,0.02,0.01,2374.753905,1776171638000
1776171641.024,41.024,0.54,20.0,0.53,20.0,0.52,35.5,0.51,99.6,0.5,30.5,0.55,40.69,0.56,85.5,0.57,152.0,0.58,5.0,0.59,5.0,0.45,35.69,0.44,85.5,0.43,145.0,0.42,5.0,0.41,13.0,0.46,20.0,0.47,20.0,0.48,35.5,0.49,40.6,0.5,30.5,0.01,0.01,2374.755015,1776171639000
1776171641.225,41.225,0.54,10.0,0.53,10.0,0.52,10.0,0.51,35.6,0.5,30.5,0.55,59.87,0.56,85.5,0.57,155.0,0.58,15.0,0.59,23.0,0.45,40.69,0.44,85.5,0.43,152.0,0.42,5.0,0.41,5.0,0.46,20.0,0.47,20.0,0.48,35.5,0.49,99.6,0.5,30.5,0.01,0.01,2374.755015,1776171639000
1776171641.57,41.57,0.52,10.0,0.51,25.1,0.5,15.0,0.49,46.5,0.48,30.59,0.53,31.91,0.54,79.34,0.55,51.87,0.56,95.5,0.57,163.0,0.47,10.0,0.46,10.5,0.45,56.87,0.44,95.5,0.43,163.0,0.49,35.6,0.5,30.5,0.51,46.5,0.52,30.59,0.53,30.59,0.01,0.02,2374.77586,1776171640000
1776171642.006,42.006,0.53,8.08,0.52,10.0,0.51,10.0,0.5,22.18,0.49,104.5,0.54,76.73,0.55,11.0,0.56,85.5,0.57,163.0,0.58,23.0,0.46,81.73,0.45,31.0,0.44,95.5,0.43,163.0,0.42,23.0,0.48,10.0,0.49,10.0,0.5,11.68,0.51,105.5,0.52,30.59,0.01,0.02,2374.77586,1776171640000
1776171642.217,42.217,0.53,5.52,0.52,10.0,0.51,15.0,0.5,22.18,0.49,104.5,0.54,145.73,0.55,11.0,0.56,85.5,0.57,163.0,0.58,23.0,0.46,76.73,0.45,11.0,0.44,85.5,0.43,163.0,0.42,23.0,0.47,8.08,0.48,10.0,0.49,10.0,0.5,22.18,0.51,104.5,0.01,0.01,2374.77586,1776171640000
1776171642.485,42.485,0.53,5.52,0.52,10.0,0.51,15.0,0.5,22.18,0.49,104.5,0.54,145.73,0.55,11.0,0.56,85.5,0.57,163.0,0.58,23.0,0.46,145.73,0.45,11.0,0.44,85.5,0.43,163.0,0.42,23.0,0.47,5.52,0.48,10.0,0.49,15.0,0.5,22.18,0.51,104.5,0.01,0.01,2374.803485,1776171641000
1776171642.801,42.801,0.53,5.52,0.52,10.0,0.51,15.0,0.5,22.18,0.49,104.5,0.54,80.11,0.55,69.0,0.56,85.5,0.57,153.0,0.58,13.0,0.46,145.73,0.45,11.0,0.44,85.5,0.43,163.0,0.42,23.0,0.47,5.52,0.48,10.0,0.49,15.0,0.5,22.18,0.51,104.5,0.01,0.01,2374.803485,1776171641000
1776171643.111,43.111,0.53,58.52,0.52,30.5,0.51,25.5,0.5,22.18,0.49,104.5,0.54,67.16,0.55,63.0,0.56,85.5,0.57,153.0,0.58,13.0,0.46,64.2,0.45,63.0,0.44,85.5,0.43,153.0,0.42,13.0,0.47,48.52,0.48,25.5,0.49,25.5,0.5,22.18,0.51,104.5,0.01,0.01,2374.799065,1776171642000
1776171644.216,44.216,0.53,48.52,0.52,30.5,0.51,25.5,0.5,43.18,0.49,25.5,0.54,57.16,0.55,10.0,0.56,70.0,0.57,150.5,0.6,5.0,0.46,67.16,0.45,63.0,0.44,85.5,0.43,153.0,0.42,13.0,0.47,58.52,0.48,30.5,0.49,25.5,0.5,22.18,0.51,104.5,0.01,0.01,2374.799065,1776171642000
1776171644.458,44.458,0.53,125.52,0.52,35.5,0.51,25.5,0.5,43.18,0.49,25.5,0.54,24.3,0.55,10.0,0.56,70.0,0.57,140.0,0.58,8.0,0.46,26.16,0.45,10.0,0.44,70.0,0.43,150.5,0.4,5.0,0.47,111.52,0.48,30.5,0.49,25.5,0.5,43.18,0.51,25.5,0.01,0.01,2374.770905,1776171643000
1776171644.858,44.858,0.53,168.89,0.52,35.5,0.51,25.5,0.5,43.18,0.49,25.5,0.54,24.3,0.55,10.0,0.56,70.0,0.57,150.5,0.58,71.0,0.46,24.3,0.45,10.0,0.44,70.0,0.43,140.0,0.42,8.0,0.47,125.52,0.48,35.5,0.49,25.5,0.5,43.18,0.51,25.5,0.01,0.01,2374.770905,1776171643000
1776171645.236,45.236,0.53,148.89,0.52,35.5,0.51,25.5,0.5,43.18,0.49,25.5,0.54,19.21,0.55,10.0,0.56,70.0,0.57,150.5,0.58,71.0,0.46,19.21,0.45,10.0,0.44,70.0,0.43,150.5,0.42,71.0,0.47,148.89,0.48,35.5,0.49,25.5,0.5,43.18,0.51,25.5,0.01,0.01,2374.7324,1776171644000
1776171645.437,45.437,0.53,134.89,0.52,35.5,0.51,31.5,0.5,37.18,0.49,25.5,0.54,14.11,0.55,10.0,0.56,70.0,0.57,155.5,0.58,71.0,0.46,19.21,0.45,10.0,0.44,70.0,0.43,150.5,0.42,71.0,0.47,148.89,0.48,35.5,0.49,25.5,0.5,43.18,0.51,25.5,0.01,0.01,2374.7324,1776171644000
1776171646.393,46.393,0.53,134.89,0.52,35.5,0.51,31.5,0.5,37.18,0.49,25.5,0.54,14.11,0.55,10.0,0.56,70.0,0.57,155.5,0.58,71.0,0.46,14.11,0.45,10.0,0.44,70.0,0.43,155.5,0.42,71.0,0.47,134.89,0.48,35.5,0.49,31.5,0.5,37.18,0.51,25.5,0.01,0.01,2374.812654,1776171645000
1776171646.871,46.871,0.53,184.89,0.52,133.5,0.51,163.5,0.5,22.18,0.49,55.5,0.54,2.38,0.61,70.0,0.62,70.0,0.63,70.0,0.64,5.0,0.46,14.11,0.45,10.0,0.44,70.0,0.43,155.5,0.42,71.0,0.47,134.89,0.48,35.5,0.49,31.5,0.5,37.18,0.51,25.5,0.01,0.01,2374.812654,1776171645000
1776171647.272,47.272,0.59,40.5,0.58,88.0,0.57,25.0,0.56,31.0,0.55,40.0,0.6,8.33,0.61,121.67,0.62,80.5,0.63,88.5,0.64,5.0,0.39,63.67,0.38,70.0,0.37,70.0,0.36,5.0,0.35,5.0,0.41,10.0,0.42,10.0,0.43,10.0,0.45,10.0,0.46,10.0,0.01,0.02,2374.812654,1776171645000
1776171647.51,47.51,0.59,30.5,0.58,88.0,0.57,25.0,0.56,31.0,0.55,40.0,0.61,121.67,0.62,70.0,0.63,88.5,0.64,5.0,0.65,5.0,0.39,121.67,0.38,70.0,0.37,88.5,0.36,5.0,0.35,5.0,0.41,30.5,0.42,88.0,0.43,25.0,0.44,31.0,0.45,40.0,0.02,0.02,2374.829558,1776171646000
1776171648.357,48.357,0.6,17.5,0.59,30.5,0.58,25.0,0.57,89.0,0.56,35.0,0.61,11.96,0.62,80.5,0.63,80.5,0.64,18.5,0.65,5.0,0.39,11.96,0.38,80.5,0.37,80.5,0.36,18.5,0.35,5.0,0.4,17.5,0.41,30.5,0.42,25.0,0.43,89.0,0.44,35.0,0.01,0.01,2374.856706,1776171647000
1776171648.918,48.918,0.6,17.5,0.59,30.5,0.58,25.0,0.57,89.0,0.56,35.0,0.61,11.96,0.62,80.5,0.63,80.5,0.64,18.5,0.65,5.0,0.39,11.96,0.38,80.5,0.37,80.5,0.36,18.5,0.35,5.0,0.4,17.5,0.41,30.5,0.42,25.0,0.43,89.0,0.44,35.0,0.01,0.01,2375.033738,1776171648000
1776171649.9,49.9,0.6,17.5,0.59,30.5,0.58,25.0,0.57,89.0,0.56,35.0,0.61,11.96,0.62,80.5,0.63,80.5,0.64,18.5,0.65,5.0,0.39,11.96,0.38,80.5,0.37,80.5,0.36,18.5,0.35,5.0,0.4,17.5,0.41,30.5,0.42,25.0,0.43,89.0,0.44,35.0,0.01,0.01,2375.176225,1776171649000
1776171650.914,50.914,0.6,17.5,0.59,30.5,0.58,25.0,0.57,89.0,0.56,35.0,0.61,11.96,0.62,80.5,0.63,80.5,0.64,18.5,0.65,5.0,0.39,11.96,0.38,80.5,0.37,80.5,0.36,18.5,0.35,5.0,0.4,17.5,0.41,30.5,0.42,25.0,0.43,89.0,0.44,35.0,0.01,0.01,2375.1881,1776171650000
1776171651.952,51.952,0.6,13.83,0.59,15.0,0.58,20.5,0.57,94.5,0.56,30.0,0.61,80.54,0.62,138.5,0.63,80.5,0.65,13.0,0.66,58.0,0.39,153.46,0.38,80.5,0.37,80.5,0.35,13.0,0.34,58.0,0.4,7.5,0.41,15.0,0.42,10.0,0.43,94.5,0.44,30.0,0.01,0.01,2375.1881,1776171650000
1776171652.312,52.312,0.6,13.78,0.59,25.5,0.58,78.5,0.57,31.5,0.56,30.0,0.61,70.04,0.62,70.0,0.63,70.0,0.65,8.0,0.66,63.0,0.39,80.54,0.38,138.5,0.37,80.5,0.35,13.0,0.34,58.0,0.4,13.83,0.41,15.0,0.42,20.5,0.43,94.5,0.44,30.0,0.01,0.01,2375.1881,1776171650000
1776171653.401,53.401,0.6,13.78,0.59,25.5,0.58,78.5,0.57,31.5,0.56,30.0,0.61,70.04,0.62,70.0,0.63,70.0,0.65,8.0,0.66,63.0,0.39,70.04,0.38,70.0,0.37,70.0,0.35,8.0,0.34,63.0,0.4,13.78,0.41,25.5,0.42,78.5,0.43,31.5,0.44,30.0,0.01,0.01,2375.092458,1776171652000
1776171654.212,54.212,0.6,114.93,0.59,30.5,0.58,20.5,0.57,31.5,0.56,30.0,0.61,17.04,0.62,70.0,0.63,128.0,0.64,10.5,0.65,8.0,0.39,17.04,0.38,70.0,0.37,128.0,0.36,10.5,0.35,8.0,0.4,114.93,0.41,30.5,0.42,20.5,0.43,31.5,0.44,30.0,0.01,0.01,2375.094661,1776171653000
1776171655.306,55.306,0.6,114.93,0.59,30.5,0.58,20.5,0.57,31.5,0.56,30.0,0.61,17.04,0.62,70.0,0.63,128.0,0.64,10.5,0.65,8.0,0.39,17.04,0.38,70.0,0.37,128.0,0.36,10.5,0.35,8.0,0.4,114.93,0.41,30.5,0.42,20.5,0.43,31.5,0.44,30.0,0.01,0.01,2375.16323,1776171654000
1776171656.273,56.273,0.6,63.0,0.59,88.5,0.58,20.5,0.57,41.5,0.56,20.0,0.61,12.67,0.62,80.0,0.63,138.5,0.64,10.5,0.65,5.0,0.39,90.66,0.38,138.5,0.37,80.5,0.35,8.0,0.34,58.0,0.4,48.0,0.41,15.0,0.42,10.0,0.43,31.5,0.44,78.0,0.01,0.01,2375.16323,1776171654000
1776171656.697,56.697,0.62,4.85,0.61,96.5,0.6,93.5,0.59,36.5,0.58,20.5,0.63,70.0,0.64,10.0,0.65,10.5,0.67,58.0,0.68,75.0,0.39,12.67,0.38,80.0,0.37,138.5,0.36,10.5,0.35,5.0,0.4,63.0,0.41,88.5,0.42,20.5,0.43,41.5,0.44,20.0,0.01,0.01,2375.21196,1776171655000
1776171657.341,57.341,0.64,179.0,0.63,46.5,0.62,50.35,0.61,51.5,0.6,30.5,0.67,10.5,0.68,70.0,0.69,80.0,0.7,15.0,0.71,60.0,0.37,70.0,0.36,10.0,0.35,10.5,0.33,58.0,0.32,75.0,0.38,4.85,0.39,96.5,0.4,93.5,0.41,36.5,0.42,20.5,0.03,0.01,2375.21196,1776171655000
1776171657.664,57.664,0.66,106.0,0.65,10.0,0.64,103.0,0.63,94.5,0.62,40.35,0.67,5.0,0.68,70.0,0.69,70.0,0.7,13.0,0.71,58.0,0.33,10.5,0.32,70.0,0.31,80.0,0.3,15.0,0.29,60.0,0.36,179.0,0.37,46.5,0.38,50.35,0.39,51.5,0.4,30.5,0.01,0.03,2375.164279,1776171656000
1776171658.008,58.008,0.67,164.5,0.66,45.5,0.65,20.5,0.64,50.5,0.63,41.5,0.68,70.0,0.69,70.0,0.72,75.89,0.73,31.3,0.74,32.7,0.33,5.0,0.32,70.0,0.31,70.0,0.3,13.0,0.29,58.0,0.34,106.0,0.35,10.0,0.36,103.0,0.37,94.5,0.38,40.35,0.01,0.01,2375.164279,1776171656000
1776171658.488,58.488,0.68,173.87,0.67,55.5,0.66,45.5,0.65,30.5,0.64,26.5,0.69,80.0,0.7,10.0,0.71,75.5,0.72,28.39,0.73,26.3,0.32,70.0,0.31,70.0,0.28,75.89,0.27,31.3,0.26,32.7,0.33,164.5,0.34,45.5,0.35,20.5,0.36,50.5,0.37,41.5,0.01,0.01,2375.14626,1776171657000
1776171658.718,58.718,0.68,105.37,0.67,55.5,0.66,45.5,0.65,35.5,0.64,26.5,0.69,22.33,0.7,10.0,0.71,75.5,0.72,17.89,0.73,18.3,0.31,66.39,0.3,10.0,0.29,17.5,0.28,86.39,0.27,18.3,0.32,173.87,0.33,55.5,0.34,45.5,0.35,30.5,0.36,31.5,0.01,0.01,2375.14626,1776171657000
1776171659.056,59.056,0.68,155.87,0.67,55.5,0.66,45.5,0.65,46.5,0.64,33.5,0.7,10.83,0.71,17.5,0.72,17.89,0.73,18.3,0.74,115.7,0.31,22.33,0.3,10.0,0.29,75.5,0.28,17.89,0.27,18.3,0.32,105.37,0.33,55.5,0.34,45.5,0.35,35.5,0.36,26.5,0.02,0.01,2375.14626,1776171657000
1776171659.323,59.323,0.68,155.87,0.67,55.5,0.66,45.5,0.65,46.5,0.64,33.5,0.7,10.83,0.71,17.5,0.72,17.89,0.73,18.3,0.74,115.7,0.3,10.83,0.29,17.5,0.28,17.89,0.27,18.3,0.26,115.7,0.32,155.87,0.33,55.5,0.34,45.5,0.35,46.5,0.36,33.5,0.02,0.02,2375.26461,1776171658000
1776171659.544,59.544,0.69,87.0,0.68,30.0,0.67,25.5,0.66,25.5,0.65,31.5,0.7,28.75,0.71,17.5,0.72,17.89,0.73,28.8,0.74,102.7,0.3,10.83,0.29,17.5,0.28,17.89,0.27,18.3,0.26,115.7,0.32,155.87,0.33,55.5,0.34,45.5,0.35,46.5,0.36,33.5,0.01,0.02,2375.26461,1776171658000
1776171659.796,59.796,0.69,39.0,0.68,30.5,0.67,25.5,0.66,25.5,0.65,41.5,0.7,70.33,0.71,17.5,0.72,17.89,0.73,18.3,0.74,102.7,0.3,76.76,0.29,17.5,0.28,17.89,0.27,28.8,0.26,102.7,0.31,39.0,0.32,20.0,0.33,25.5,0.34,25.5,0.35,41.5,0.01,0.01,2375.26461,1776171658000
1776171660.201,60.201,0.72,6.42,0.71,15.0,0.7,25.0,0.69,34.0,0.68,35.5,0.73,23.3,0.74,102.7,0.75,27.2,0.76,69.7,0.77,20.3,0.3,70.33,0.29,17.5,0.28,17.89,0.27,18.3,0.26,102.7,0.31,39.0,0.32,30.5,0.33,25.5,0.34,25.5,0.35,41.5,0.01,0.01,2375.26461,1776171658000
1776171660.901,60.901,0.72,6.42,0.71,15.0,0.7,25.0,0.69,34.0,0.68,35.5,0.73,23.3,0.74,102.7,0.75,27.2,0.76,69.7,0.77,20.3,0.27,23.3,0.26,102.7,0.25,27.2,0.24,69.7,0.23,20.3,0.28,6.42,0.29,15.0,0.3,25.0,0.31,34.0,0.32,35.5,0.01,0.01,2375.70282,1776171660000
1776171661.438,61.438,0.72,1.24,0.71,15.0,0.7,15.0,0.69,30.5,0.68,25.5,0.73,80.3,0.74,88.7,0.75,27.2,0.76,69.7,0.77,20.3,0.27,187.3,0.26,202.7,0.25,127.2,0.24,169.7,0.23,120.3,0.28,1.24,0.29,15.0,0.3,15.0,0.31,30.5,0.32,25.5,0.01,0.01,2375.70282,1776171660000
1776171662.089,62.089,0.72,48.0,0.71,12.74,0.7,20.5,0.69,83.5,0.68,25.5,0.73,70.3,0.74,88.7,0.75,19.2,0.76,77.7,0.77,28.3,0.27,70.3,0.26,88.7,0.25,19.2,0.24,69.7,0.23,20.3,0.29,12.74,0.3,25.5,0.31,25.5,0.32,25.5,0.33,30.5,0.01,0.02,2375.70282,1776171660000
1776171663.16,63.16,0.72,43.0,0.71,12.74,0.7,20.5,0.69,83.5,0.68,25.5,0.73,94.3,0.74,99.2,0.75,29.7,0.76,77.7,0.77,28.3,0.27,94.3,0.26,99.2,0.25,29.7,0.24,77.7,0.23,28.3,0.28,43.0,0.29,12.74,0.3,20.5,0.31,83.5,0.32,25.5,0.01,0.01,2375.77934,1776171662000
1776171663.911,63.911,0.73,41.88,0.72,61.67,0.71,10.0,0.7,20.5,0.69,83.5,0.74,155.5,0.75,29.7,0.76,69.7,0.77,27.3,0.78,28.0,0.27,94.3,0.26,99.2,0.25,29.7,0.24,77.7,0.23,28.3,0.28,43.0,0.29,12.74,0.3,20.5,0.31,83.5,0.32,25.5,0.01,0.01,2375.77934,1776171662000
1776171664.23,64.23,0.73,41.88,0.72,61.67,0.71,10.0,0.7,20.5,0.69,83.5,0.74,155.5,0.75,29.7,0.76,69.7,0.77,27.3,0.78,28.0,0.26,155.5,0.25,29.7,0.24,69.7,0.23,27.3,0.22,28.0,0.27,41.88,0.28,61.67,0.29,10.0,0.3,20.5,0.31,83.5,0.01,0.01,2375.878106,1776171663000
1776171664.481,64.481,0.73,96.98,0.72,61.67,0.71,85.5,0.7,27.5,0.69,31.5,0.74,65.17,0.75,19.2,0.76,30.2,0.77,35.8,0.78,21.0,0.26,65.17,0.25,19.2,0.24,30.2,0.23,35.8,0.22,21.0,0.27,119.88,0.28,61.67,0.29,27.5,0.3,27.5,0.31,31.5,0.01,0.01,2375.878106,1776171663000
1776171665.228,65.228,0.73,96.98,0.72,61.67,0.71,85.5,0.7,27.5,0.69,31.5,0.74,65.17,0.75,19.2,0.76,30.2,0.77,35.8,0.78,21.0,0.26,65.17,0.25,19.2,0.24,30.2,0.23,35.8,0.22,21.0,0.27,96.98,0.28,61.67,0.29,85.5,0.3,27.5,0.31,31.5,0.01,0.01,2375.825315,1776171664000
1776171665.608,65.608,0.73,167.18,0.72,61.67,0.71,78.5,0.7,27.5,0.69,31.5,0.74,142.17,0.75,24.2,0.76,30.2,0.77,35.8,0.78,21.0,0.26,65.17,0.25,19.2,0.24,30.2,0.23,35.8,0.22,21.0,0.27,96.98,0.28,61.67,0.29,85.5,0.3,27.5,0.31,31.5,0.01,0.01,2375.825315,1776171664000
1776171666.372,66.372,0.73,79.31,0.72,72.17,0.71,78.5,0.7,27.5,0.69,31.5,0.74,70.17,0.75,82.2,0.76,19.7,0.77,35.8,0.78,21.0,0.26,142.17,0.25,24.2,0.24,30.2,0.23,35.8,0.22,21.0,0.27,167.18,0.28,61.67,0.29,78.5,0.3,27.5,0.31,31.5,0.01,0.01,2375.825315,1776171664000
1776171667.028,67.028,0.75,81.0,0.74,25.5,0.73,150.68,0.72,80.17,0.71,32.5,0.76,0.4,0.77,20.3,0.78,91.0,0.79,37.2,0.8,39.5,0.26,70.17,0.25,82.2,0.24,19.7,0.23,35.8,0.22,21.0,0.27,79.31,0.28,72.17,0.29,78.5,0.3,27.5,0.31,31.5,0.01,0.01,2375.84221,1776171665000
1776171667.319,67.319,0.75,81.0,0.74,25.5,0.73,150.68,0.72,80.17,0.71,32.5,0.76,0.4,0.77,20.3,0.78,91.0,0.79,37.2,0.8,39.5,0.24,0.4,0.23,20.3,0.22,91.0,0.21,37.2,0.2,39.5,0.25,81.0,0.26,25.5,0.27,150.68,0.28,80.17,0.29,32.5,0.01,0.01,2375.88998,1776171666000
1776171667.534,67.534,0.77,51.63,0.76,33.5,0.75,135.5,0.74,15.0,0.73,92.68,0.78,132.56,0.79,79.7,0.8,32.5,0.81,23.4,0.82,24.4,0.22,91.0,0.21,21.7,0.2,90.5,0.19,23.4,0.18,24.4,0.25,218.5,0.26,22.0,0.27,92.68,0.28,72.17,0.29,70.5,0.01,0.03,2375.88998,1776171666000
1776171667.744,67.744,0.77,49.5,0.76,33.5,0.75,113.5,0.74,15.0,0.73,92.68,0.78,93.98,0.79,84.7,0.8,32.5,0.81,23.4,0.82,24.4,0.22,132.56,0.21,79.7,0.2,32.5,0.19,23.4,0.18,24.4,0.23,51.63,0.24,33.5,0.25,135.5,0.26,15.0,0.27,92.68,0.01,0.01,2375.88998,1776171666000
1776171667.947,67.947,0.77,49.5,0.76,38.5,0.75,108.5,0.74,25.0,0.73,82.68,0.78,94.38,0.79,94.7,0.8,32.5,0.81,23.4,0.82,24.4,0.22,93.98,0.21,84.7,0.2,32.5,0.19,23.4,0.18,24.4,0.23,49.5,0.24,33.5,0.25,113.5,0.26,15.0,0.27,92.68,0.01,0.01,2375.88998,1776171666000
1776171668.468,68.468,0.77,49.5,0.76,38.5,0.75,108.5,0.74,25.0,0.73,82.68,0.78,94.38,0.79,94.7,0.8,32.5,0.81,23.4,0.82,24.4,0.22,94.38,0.21,94.7,0.2,32.5,0.19,23.4,0.18,24.4,0.23,49.5,0.24,38.5,0.25,108.5,0.26,25.0,0.27,82.68,0.01,0.01,2375.88998,1776171667000
1776171668.807,68.807,0.77,69.06,0.76,38.5,0.75,108.5,0.74,15.0,0.73,92.68,0.78,99.38,0.79,84.7,0.8,32.5,0.81,23.4,0.82,24.4,0.22,94.38,0.21,94.7,0.2,32.5,0.19,23.4,0.18,24.4,0.23,49.5,0.24,38.5,0.25,108.5,0.26,25.0,0.27,82.68,0.01,0.01,2375.88998,1776171667000
1776171669.253,69.253,0.77,62.97,0.76,31.5,0.75,108.5,0.74,15.0,0.73,92.68,0.78,99.38,0.79,84.7,0.8,32.5,0.81,23.4,0.82,24.4,0.22,99.38,0.21,84.7,0.2,32.5,0.19,23.4,0.18,24.4,0.23,62.97,0.24,31.5,0.25,108.5,0.26,15.0,0.27,92.68,0.01,0.01,2376.156258,1776171668000
1776171670.261,70.261,0.77,6.1,0.76,10.0,0.75,10.0,0.74,15.0,0.73,77.68,0.78,137.56,0.79,44.2,0.8,50.0,0.81,93.9,0.82,34.4,0.22,99.38,0.21,84.7,0.2,32.5,0.19,23.4,0.18,24.4,0.23,62.97,0.24,31.5,0.25,108.5,0.26,15.0,0.27,92.68,0.01,0.01,2376.156258,1776171668000
1776171670.588,70.588,0.73,72.18,0.72,62.17,0.71,20.5,0.7,21.0,0.69,27.0,0.77,114.5,0.78,119.96,0.79,49.2,0.8,42.5,0.81,83.4,0.22,127.96,0.21,54.2,0.2,42.5,0.19,83.4,0.18,39.4,0.24,10.0,0.25,10.0,0.26,15.0,0.27,72.18,0.28,62.17,0.04,0.02,2376.383261,1776171669000
1776171670.824,70.824,0.75,13.73,0.74,10.0,0.73,82.68,0.72,67.17,0.71,20.5,0.76,31.0,0.77,119.5,0.78,145.96,0.79,49.2,0.8,42.5,0.24,21.0,0.23,109.5,0.22,145.96,0.21,49.2,0.2,42.5,0.26,10.0,0.27,87.68,0.28,67.17,0.29,20.5,0.3,79.0,0.01,0.02,2376.383261,1776171669000
1776171671.359,71.359,0.75,1.73,0.74,10.0,0.73,87.68,0.72,67.17,0.71,20.5,0.76,114.0,0.77,61.5,0.78,145.96,0.79,49.2,0.8,42.5,0.24,114.0,0.23,61.5,0.22,145.96,0.21,49.2,0.2,42.5,0.25,1.73,0.26,10.0,0.27,87.68,0.28,67.17,0.29,20.5,0.01,0.01,2376.377345,1776171670000
1776171671.894,71.894,0.75,2.53,0.74,25.5,0.73,82.68,0.72,62.17,0.71,20.5,0.76,84.0,0.77,26.0,0.78,113.96,0.79,49.2,0.8,42.5,0.24,114.0,0.23,61.5,0.22,145.96,0.21,49.2,0.2,42.5,0.25,1.73,0.26,10.0,0.27,87.68,0.28,67.17,0.29,20.5,0.01,0.01,2376.377345,1776171670000
1776171673.042,73.042,0.75,2.53,0.74,25.5,0.73,82.68,0.72,62.17,0.71,20.5,0.76,84.0,0.77,26.0,0.78,113.96,0.79,49.2,0.8,42.5,0.24,84.0,0.23,26.0,0.22,113.96,0.21,49.2,0.2,42.5,0.25,2.53,0.26,25.5,0.27,82.68,0.28,62.17,0.29,20.5,0.01,0.01,2376.151268,1776171672000
1776171673.9,73.9,0.75,2.53,0.74,25.5,0.73,82.68,0.72,62.17,0.71,20.5,0.76,84.0,0.77,26.0,0.78,113.96,0.79,49.2,0.8,42.5,0.24,84.0,0.23,26.0,0.22,113.96,0.21,49.2,0.2,42.5,0.25,2.53,0.26,25.5,0.27,82.68,0.28,62.17,0.29,20.5,0.01,0.01,2376.120447,1776171673000
1776171674.932,74.932,0.75,2.53,0.74,25.5,0.73,82.68,0.72,62.17,0.71,20.5,0.76,84.0,0.77,26.0,0.78,113.96,0.79,49.2,0.8,42.5,0.24,84.0,0.23,26.0,0.22,113.96,0.21,49.2,0.2,42.5,0.25,2.53,0.26,25.5,0.27,82.68,0.28,62.17,0.29,20.5,0.01,0.01,2376.120535,1776171674000
1776171675.255,75.255,0.78,113.5,0.77,112.5,0.76,35.5,0.75,66.5,0.74,42.5,0.79,5.0,0.8,32.5,0.81,33.4,0.82,39.4,0.83,58.0,0.24,84.0,0.23,26.0,0.22,113.96,0.21,49.2,0.2,42.5,0.25,2.53,0.26,25.5,0.27,82.68,0.28,62.17,0.29,20.5,0.01,0.01,2376.120535,1776171674000
1776171675.624,75.624,0.78,129.5,0.77,114.5,0.76,48.5,0.75,35.5,0.74,35.5,0.8,68.0,0.81,23.4,0.82,39.4,0.83,40.5,0.84,111.8,0.21,5.0,0.2,32.5,0.19,33.4,0.18,39.4,0.17,58.0,0.22,113.5,0.23,112.5,0.24,35.5,0.25,66.5,0.26,42.5,0.02,0.01,2376.120535,1776171674000
1776171676.534,76.534,0.78,129.5,0.77,114.5,0.76,48.5,0.75,35.5,0.74,35.5,0.8,68.0,0.81,23.4,0.82,39.4,0.83,40.5,0.84,111.8,0.2,68.0,0.19,23.4,0.18,39.4,0.17,40.5,0.16,111.8,0.22,129.5,0.23,114.5,0.24,48.5,0.25,35.5,0.26,35.5,0.02,0.02,2376.074461,1776171675000
1776171676.926,76.926,0.78,129.5,0.77,114.5,0.76,48.5,0.75,35.5,0.74,35.5,0.8,68.0,0.81,23.4,0.82,39.4,0.83,40.5,0.84,111.8,0.2,68.0,0.19,23.4,0.18,39.4,0.17,40.5,0.16,111.8,0.22,129.5,0.23,114.5,0.24,48.5,0.25,35.5,0.26,35.5,0.02,0.02,2376.214235,1776171676000
1776171677.93,77.93,0.78,129.5,0.77,114.5,0.76,48.5,0.75,35.5,0.74,35.5,0.8,68.0,0.81,23.4,0.82,39.4,0.83,40.5,0.84,111.8,0.2,68.0,0.19,23.4,0.18,39.4,0.17,40.5,0.16,111.8,0.22,129.5,0.23,114.5,0.24,48.5,0.25,35.5,0.26,35.5,0.02,0.02,2376.354184,1776171677000
1776171678.269,78.269,0.82,10.0,0.81,10.0,0.8,32.0,0.79,38.5,0.78,67.5,0.83,72.61,0.84,113.11,0.85,38.2,0.86,44.9,0.87,53.8,0.17,88.5,0.16,96.8,0.15,38.2,0.14,44.9,0.13,62.49,0.21,201.5,0.22,62.5,0.23,39.5,0.24,145.5,0.25,225.5,0.01,0.04,2376.354184,1776171677000
1776171678.989,78.989,0.82,10.0,0.81,10.0,0.8,32.0,0.79,38.5,0.78,67.5,0.83,72.61,0.84,113.11,0.85,38.2,0.86,44.9,0.87,53.8,0.17,72.61,0.16,113.11,0.15,38.2,0.14,44.9,0.13,53.8,0.18,10.0,0.19,10.0,0.2,32.0,0.21,38.5,0.22,67.5,0.01,0.01,2376.32125,1776171678000
1776171679.394,79.394,0.8,6.95,0.79,38.0,0.77,10.0,0.76,15.0,0.75,15.0,0.81,10.0,0.82,15.0,0.83,37.94,0.84,41.8,0.85,43.2,0.17,72.61,0.16,113.11,0.15,38.2,0.14,44.9,0.13,53.8,0.18,10.0,0.19,10.0,0.2,32.0,0.21,38.5,0.22,67.5,0.01,0.01,2376.32125,1776171678000
1776171679.841,79.841,0.73,48.47,0.72,51.67,0.71,30.0,0.7,15.0,0.69,17.0,0.8,49.86,0.81,60.0,0.82,45.0,0.83,22.94,0.84,41.8,0.2,10.0,0.19,60.0,0.18,10.0,0.17,37.94,0.16,41.8,0.21,0.65,0.23,10.0,0.24,15.0,0.25,15.0,0.26,20.0,0.07,0.01,2376.32125,1776171678000
1776171680.33,80.33,0.73,20.13,0.72,56.67,0.71,30.0,0.7,15.0,0.69,10.0,0.75,110.0,0.76,60.0,0.77,10.0,0.78,10.0,0.79,10.0,0.25,80.0,0.24,60.0,0.23,10.0,0.22,10.0,0.21,10.0,0.27,36.47,0.28,51.67,0.29,30.0,0.3,15.0,0.31,17.0,0.02,0.02,2376.645206,1776171679000
1776171680.575,80.575,0.73,10.09,0.72,56.67,0.71,10.0,0.7,15.0,0.69,10.0,0.75,87.0,0.76,60.0,0.77,10.0,0.78,10.0,0.79,10.0,0.25,87.0,0.24,60.0,0.23,10.0,0.22,10.0,0.21,10.0,0.26,58.0,0.27,20.13,0.28,56.67,0.29,10.0,0.3,15.0,0.02,0.01,2376.645206,1776171679000
1776171680.782,80.782,0.73,5.09,0.72,46.67,0.71,68.0,0.7,15.0,0.69,10.0,0.75,38.0,0.76,60.0,0.77,10.0,0.78,10.0,0.79,33.0,0.25,37.0,0.24,60.0,0.23,10.0,0.22,10.0,0.21,10.0,0.27,15.09,0.28,56.67,0.29,68.0,0.3,15.0,0.31,10.0,0.02,0.02,2376.645206,1776171679000
1776171680.995,80.995,0.74,5.38,0.73,10.09,0.72,56.67,0.71,10.0,0.7,10.0,0.75,22.0,0.76,65.0,0.77,10.0,0.78,17.0,0.79,63.0,0.25,22.0,0.24,65.0,0.23,10.0,0.22,17.0,0.21,63.0,0.26,5.38,0.27,10.09,0.28,56.67,0.29,10.0,0.3,10.0,0.01,0.01,2376.475595,1776171680000
1776171681.546,81.546,0.73,11.18,0.72,33.28,0.71,78.5,0.7,10.0,0.69,15.0,0.74,58.0,0.75,55.51,0.76,91.5,0.77,31.0,0.78,32.0,0.25,45.01,0.24,60.0,0.23,10.0,0.22,17.0,0.21,63.0,0.27,10.0,0.28,22.78,0.29,68.0,0.3,10.0,0.31,15.0,0.01,0.02,2376.475595,1776171680000
1776171681.941,81.941,0.73,11.18,0.72,33.28,0.71,78.5,0.7,10.0,0.69,15.0,0.74,58.0,0.75,55.51,0.76,91.5,0.77,31.0,0.78,32.0,0.26,58.0,0.25,55.51,0.24,91.5,0.23,31.0,0.22,32.0,0.27,11.18,0.28,33.28,0.29,78.5,0.3,10.0,0.31,15.0,0.01,0.01,2376.019155,1776171681000
1776171682.553,82.553,0.73,21.68,0.72,91.28,0.71,20.5,0.7,10.0,0.69,15.0,0.74,51.64,0.75,5.0,0.76,81.0,0.77,61.8,0.78,53.0,0.26,58.0,0.25,55.51,0.24,91.5,0.23,31.0,0.22,32.0,0.27,11.18,0.28,33.28,0.29,78.5,0.3,10.0,0.31,15.0,0.01,0.01,2376.019155,1776171681000
1776171682.942,82.942,0.73,21.68,0.72,91.28,0.71,20.5,0.7,10.0,0.69,15.0,0.74,51.64,0.75,5.0,0.76,81.0,0.77,61.8,0.78,53.0,0.26,51.64,0.25,5.0,0.24,81.0,0.23,61.8,0.22,53.0,0.27,21.68,0.28,91.28,0.29,20.5,0.3,10.0,0.31,15.0,0.01,0.01,2375.904931,1776171682000
1776171683.4,83.4,0.75,53.0,0.74,20.5,0.73,94.68,0.72,40.28,0.71,30.5,0.76,8.42,0.77,77.0,0.78,41.0,0.79,87.2,0.8,50.36,0.24,14.0,0.23,72.0,0.22,43.0,0.21,76.7,0.2,50.36,0.27,84.68,0.28,40.28,0.29,30.5,0.3,17.0,0.31,15.0,0.01,0.03,2375.904931,1776171682000
1776171683.882,83.882,0.75,53.0,0.74,20.5,0.73,94.68,0.72,40.28,0.71,30.5,0.76,8.42,0.77,77.0,0.78,41.0,0.79,87.2,0.8,50.36,0.24,8.42,0.23,77.0,0.22,41.0,0.21,87.2,0.2,50.36,0.25,53.0,0.26,20.5,0.27,94.68,0.28,40.28,0.29,30.5,0.01,0.01,2375.853204,1776171683000
1776171684.167,84.167,0.75,55.09,0.74,78.5,0.73,31.68,0.72,33.28,0.71,37.5,0.77,75.33,0.78,41.0,0.79,87.2,0.8,87.36,0.81,90.4,0.24,3.42,0.23,77.0,0.22,41.0,0.21,87.2,0.2,80.36,0.25,50.0,0.26,20.5,0.27,89.68,0.28,33.28,0.29,37.5,0.02,0.01,2375.853204,1776171683000
1776171684.504,84.504,0.76,15.41,0.75,21.19,0.74,78.5,0.73,31.68,0.72,40.28,0.77,9.15,0.78,104.0,0.79,87.2,0.8,50.36,0.81,120.4,0.23,83.48,0.22,46.0,0.21,87.2,0.2,57.36,0.19,120.4,0.24,10.41,0.25,21.19,0.26,78.5,0.27,31.68,0.28,33.28,0.01,0.01,2375.853204,1776171683000
1776171684.846,84.846,0.76,15.41,0.75,21.19,0.74,78.5,0.73,31.68,0.72,40.28,0.78,103.55,0.79,87.2,0.8,50.36,0.81,120.4,0.82,39.4,0.22,103.55,0.21,87.2,0.2,50.36,0.19,120.4,0.18,39.4,0.24,15.41,0.25,21.19,0.26,78.5,0.27,31.68,0.28,40.28,0.02,0.02,2375.95714,1776171684000
1776171685.184,85.184,0.77,97.0,0.76,15.91,0.75,84.28,0.74,20.5,0.73,31.68,0.78,17.74,0.79,99.7,0.8,60.86,0.81,100.9,0.82,69.4,0.22,21.4,0.21,36.7,0.2,138.36,0.19,130.9,0.18,39.4,0.23,102.0,0.24,15.91,0.25,84.28,0.26,20.5,0.27,31.68,0.01,0.01,2375.95714,1776171684000
1776171685.797,85.797,0.77,92.0,0.76,5.41,0.75,84.28,0.74,20.5,0.73,31.68,0.78,15.31,0.79,195.08,0.8,43.0,0.81,130.9,0.82,69.4,0.22,17.74,0.21,99.7,0.2,60.86,0.19,100.9,0.18,69.4,0.23,97.0,0.24,15.91,0.25,84.28,0.26,20.5,0.27,31.68,0.01,0.01,2375.95714,1776171684000
1776171686.016,86.016,0.77,75.69,0.76,15.91,0.75,84.28,0.74,20.5,0.73,31.68,0.78,27.31,0.79,195.08,0.8,43.0,0.81,130.9,0.82,69.4,0.22,27.31,0.21,190.08,0.2,43.0,0.19,130.9,0.18,69.4,0.23,87.21,0.24,5.41,0.25,84.28,0.26,20.5,0.27,31.68,0.01,0.01,2375.95714,1776171684000
1776171686.24,86.24,0.77,75.69,0.76,15.91,0.75,84.28,0.74,20.5,0.73,31.68,0.78,27.31,0.79,195.08,0.8,43.0,0.81,130.9,0.82,69.4,0.22,27.31,0.21,195.08,0.2,43.0,0.19,130.9,0.18,69.4,0.23,75.69,0.24,15.91,0.25,84.28,0.26,20.5,0.27,31.68,0.01,0.01,2375.94689,1776171685000
1776171687.007,87.007,0.77,121.19,0.76,73.91,0.75,26.28,0.74,32.5,0.73,48.68,0.78,4.42,0.79,21.7,0.8,80.5,0.81,83.4,0.82,34.4,0.22,9.02,0.21,26.7,0.2,22.5,0.19,90.4,0.18,34.4,0.23,106.19,0.24,73.91,0.25,26.28,0.26,27.5,0.27,31.68,0.01,0.01,2375.94689,1776171685000
1776171687.245,87.245,0.77,121.19,0.76,73.91,0.75,26.28,0.74,32.5,0.73,48.68,0.78,4.42,0.79,21.7,0.8,80.5,0.81,83.4,0.82,34.4,0.22,4.42,0.21,21.7,0.2,80.5,0.19,83.4,0.18,34.4,0.23,121.19,0.24,73.91,0.25,26.28,0.26,32.5,0.27,48.68,0.01,0.01,2376.061575,1776171686000
1776171687.783,87.783,0.76,1.41,0.75,31.28,0.74,25.5,0.73,31.68,0.72,50.28,0.78,34.42,0.79,105.2,0.8,43.0,0.81,100.9,0.82,71.4,0.22,4.42,0.21,21.7,0.2,80.5,0.19,83.4,0.18,34.4,0.23,121.19,0.24,73.91,0.25,26.28,0.26,32.5,0.27,48.68,0.02,0.01,2376.061575,1776171686000
1776171688.213,88.213,0.75,19.69,0.74,25.5,0.73,31.68,0.72,103.28,0.71,22.0,0.77,15.0,0.78,53.42,0.79,100.2,0.8,43.0,0.81,130.9,0.23,15.0,0.22,53.42,0.21,100.2,0.2,43.0,0.19,130.9,0.25,19.69,0.26,25.5,0.27,31.68,0.28,103.28,0.29,22.0,0.02,0.02,2376.093537,1776171687000
1776171689.327,89.327,0.75,19.69,0.74,25.5,0.73,31.68,0.72,103.28,0.71,22.0,0.77,15.0,0.78,53.42,0.79,100.2,0.8,43.0,0.81,130.9,0.23,15.0,0.22,53.42,0.21,100.2,0.2,43.0,0.19,130.9,0.25,19.69,0.26,25.5,0.27,31.68,0.28,103.28,0.29,22.0,0.02,0.02,2376.147405,1776171688000
1776171690.166,90.166,0.75,19.69,0.74,25.5,0.73,31.68,0.72,103.28,0.71,22.0,0.77,15.0,0.78,53.42,0.79,100.2,0.8,43.0,0.81,130.9,0.23,15.0,0.22,53.42,0.21,100.2,0.2,43.0,0.19,130.9,0.25,19.69,0.26,25.5,0.27,31.68,0.28,103.28,0.29,22.0,0.02,0.02,2376.08662,1776171689000
1776171691.254,91.254,0.75,19.69,0.74,25.5,0.73,31.68,0.72,103.28,0.71,22.0,0.77,15.0,0.78,53.42,0.79,100.2,0.8,43.0,0.81,130.9,0.23,15.0,0.22,53.42,0.21,100.2,0.2,43.0,0.19,130.9,0.25,19.69,0.26,25.5,0.27,31.68,0.28,103.28,0.29,22.0,0.02,0.02,2376.001841,1776171690000
1776171692.205,92.205,0.75,19.69,0.74,25.5,0.73,31.68,0.72,103.28,0.71,22.0,0.77,15.0,0.78,53.42,0.79,100.2,0.8,43.0,0.81,130.9,0.23,15.0,0.22,53.42,0.21,100.2,0.2,43.0,0.19,130.9,0.25,19.69,0.26,25.5,0.27,31.68,0.28,103.28,0.29,22.0,0.02,0.02,2375.988435,1776171691000
1776171693.009,93.009,0.75,10.09,0.73,25.5,0.72,33.28,0.71,10.0,0.7,15.0,0.77,164.48,0.78,41.92,0.79,38.7,0.8,32.5,0.81,143.4,0.23,15.0,0.22,53.42,0.21,100.2,0.2,43.0,0.19,130.9,0.25,19.69,0.26,25.5,0.27,31.68,0.28,103.28,0.29,22.0,0.02,0.02,2375.988435,1776171691000
1776171693.235,93.235,0.73,16.83,0.72,28.28,0.71,10.0,0.7,15.0,0.69,20.0,0.76,10.0,0.77,154.48,0.78,36.92,0.79,38.7,0.8,62.5,0.24,10.0,0.23,154.48,0.22,36.92,0.21,38.7,0.2,62.5,0.27,16.83,0.28,28.28,0.29,10.0,0.3,15.0,0.31,20.0,0.03,0.03,2375.976166,1776171692000
1776171693.586,93.586,0.73,5.55,0.72,33.28,0.71,15.0,0.7,15.0,0.69,30.0,0.74,87.0,0.75,20.0,0.76,80.5,0.77,130.48,0.78,66.92,0.24,10.0,0.23,154.48,0.22,36.92,0.21,38.7,0.2,62.5,0.27,16.83,0.28,28.28,0.29,10.0,0.3,15.0,0.31,20.0,0.01,0.03,2375.976166,1776171692000
1776171693.883,93.883,0.71,10.28,0.7,20.5,0.69,10.0,0.68,20.0,0.67,31.3,0.73,82.66,0.74,80.5,0.75,30.67,0.76,89.7,0.77,90.3,0.26,87.0,0.25,20.0,0.24,80.5,0.23,130.48,0.22,66.92,0.27,5.55,0.28,33.28,0.29,15.0,0.3,15.0,0.31,30.0,0.02,0.01,2375.976166,1776171692000
1776171694.265,94.265,0.7,20.5,0.69,10.0,0.68,20.0,0.67,31.3,0.66,20.0,0.71,29.72,0.72,29.0,0.73,50.0,0.74,75.5,0.75,30.67,0.29,29.72,0.28,29.0,0.27,50.0,0.26,75.5,0.25,30.67,0.3,20.5,0.31,10.0,0.32,20.0,0.33,31.3,0.34,20.0,0.01,0.01,2376.02284,1776171693000
1776171694.798,94.798,0.7,11.84,0.69,15.0,0.68,78.0,0.67,31.3,0.66,15.0,0.71,83.72,0.72,25.0,0.73,113.5,0.74,63.5,0.75,49.87,0.29,93.72,0.28,15.0,0.27,113.5,0.26,70.5,0.25,49.87,0.3,11.84,0.31,15.0,0.32,78.0,0.33,31.3,0.34,15.0,0.01,0.01,2376.02284,1776171693000
1776171695.172,95.172,0.7,11.84,0.69,15.0,0.68,78.0,0.67,31.3,0.66,15.0,0.71,83.72,0.72,25.0,0.73,113.5,0.74,63.5,0.75,49.87,0.29,83.72,0.28,25.0,0.27,113.5,0.26,63.5,0.25,49.87,0.3,11.84,0.31,15.0,0.32,78.0,0.33,31.3,0.34,15.0,0.01,0.01,2375.895835,1776171694000
1776171696.239,96.239,0.7,11.84,0.69,15.0,0.68,78.0,0.67,31.3,0.66,15.0,0.71,83.72,0.72,25.0,0.73,113.5,0.74,63.5,0.75,49.87,0.29,83.72,0.28,25.0,0.27,113.5,0.26,63.5,0.25,49.87,0.3,11.84,0.31,15.0,0.32,78.0,0.33,31.3,0.34,15.0,0.01,0.01,2375.760278,1776171695000
1776171696.449,96.449,0.7,11.84,0.69,78.0,0.68,20.0,0.67,31.3,0.66,15.0,0.71,84.12,0.72,83.0,0.73,45.0,0.74,63.5,0.75,49.87,0.29,83.72,0.28,25.0,0.27,113.5,0.26,63.5,0.25,49.87,0.3,11.84,0.31,15.0,0.32,78.0,0.33,31.3,0.34,15.0,0.01,0.01,2375.760278,1776171695000
1776171696.783,96.783,0.7,11.84,0.69,15.0,0.68,78.0,0.67,31.3,0.66,15.0,0.71,79.52,0.72,83.0,0.73,45.0,0.74,63.5,0.75,49.87,0.29,84.12,0.28,83.0,0.27,45.0,0.26,63.5,0.25,49.87,0.3,11.84,0.31,78.0,0.32,20.0,0.33,31.3,0.34,15.0,0.01,0.01,2375.760278,1776171695000
1776171697.161,97.161,0.7,11.84,0.69,20.0,0.68,78.0,0.67,31.3,0.66,65.0,0.71,73.11,0.72,83.0,0.73,55.5,0.74,63.5,0.75,49.87,0.29,79.52,0.28,83.0,0.27,45.0,0.26,63.5,0.25,49.87,0.3,11.84,0.31,15.0,0.32,78.0,0.33,31.3,0.34,15.0,0.01,0.01,2375.760278,1776171695000
1776171698.168,98.168,0.7,11.84,0.69,20.0,0.68,78.0,0.67,31.3,0.66,65.0,0.71,73.11,0.72,83.0,0.73,55.5,0.74,63.5,0.75,49.87,0.29,73.11,0.28,83.0,0.27,55.5,0.26,63.5,0.25,49.87,0.3,11.84,0.31,20.0,0.32,78.0,0.33,31.3,0.34,65.0,0.01,0.01,2375.702871,1776171697000
1776171699.191,99.191,0.7,11.84,0.69,20.0,0.68,78.0,0.67,31.3,0.66,65.0,0.71,73.11,0.72,83.0,0.73,55.5,0.74,63.5,0.75,49.87,0.29,73.11,0.28,83.0,0.27,55.5,0.26,63.5,0.25,49.87,0.3,11.84,0.31,20.0,0.32,78.0,0.33,31.3,0.34,65.0,0.01,0.01,2375.701524,1776171698000
1776171700.267,100.267,0.69,23.5,0.68,20.0,0.67,94.3,0.66,65.0,0.65,32.0,0.71,136.11,0.72,25.0,0.73,60.5,0.74,63.5,0.75,42.87,0.29,136.11,0.28,25.0,0.27,60.5,0.26,63.5,0.25,42.87,0.31,23.5,0.32,20.0,0.33,94.3,0.34,65.0,0.35,32.0,0.02,0.02,2375.698891,1776171699000
1776171701.397,101.397,0.69,23.5,0.68,20.0,0.67,94.3,0.66,65.0,0.65,32.0,0.71,136.11,0.72,25.0,0.73,60.5,0.74,63.5,0.75,42.87,0.29,136.11,0.28,25.0,0.27,60.5,0.26,63.5,0.25,42.87,0.31,23.5,0.32,20.0,0.33,94.3,0.34,65.0,0.35,32.0,0.02,0.02,2375.684775,1776171700000
1776171701.838,101.838,0.7,75.02,0.69,23.5,0.68,83.0,0.67,36.3,0.66,65.0,0.71,58.11,0.72,83.0,0.73,45.5,0.74,48.5,0.75,42.87,0.29,136.11,0.28,25.0,0.27,60.5,0.26,63.5,0.25,42.87,0.31,23.5,0.32,20.0,0.33,94.3,0.34,65.0,0.35,32.0,0.01,0.02,2375.684775,1776171700000
1776171702.1,102.1,0.7,75.02,0.69,23.5,0.68,83.0,0.67,36.3,0.66,65.0,0.71,51.85,0.72,83.0,0.73,45.5,0.74,48.5,0.75,42.87,0.29,51.85,0.28,83.0,0.27,45.5,0.26,48.5,0.25,42.87,0.3,75.02,0.31,23.5,0.32,83.0,0.33,36.3,0.34,65.0,0.01,0.01,2375.622215,1776171701000
1776171703.161,103.161,0.7,75.02,0.69,23.5,0.68,83.0,0.67,36.3,0.66,65.0,0.71,51.85,0.72,83.0,0.73,45.5,0.74,48.5,0.75,42.87,0.29,51.85,0.28,83.0,0.27,45.5,0.26,48.5,0.25,42.87,0.3,75.02,0.31,23.5,0.32,83.0,0.33,36.3,0.34,65.0,0.01,0.01,2375.623514,1776171702000
1776171704.177,104.177,0.7,75.02,0.69,23.5,0.68,83.0,0.67,36.3,0.66,65.0,0.71,51.85,0.72,83.0,0.73,45.5,0.74,48.5,0.75,42.87,0.29,51.85,0.28,83.0,0.27,45.5,0.26,48.5,0.25,42.87,0.3,75.02,0.31,23.5,0.32,83.0,0.33,36.3,0.34,65.0,0.01,0.01,2375.64711,1776171703000
1776171704.383,104.383,0.7,259.98,0.69,35.5,0.68,15.0,0.67,31.3,0.66,75.0,0.73,5.0,0.76,37.91,0.78,44.42,0.79,36.7,0.8,37.5,0.29,17.85,0.27,5.0,0.24,57.61,0.23,78.3,0.22,44.42,0.3,186.98,0.31,45.5,0.32,23.0,0.33,31.3,0.34,65.0,0.03,0.01,2375.64711,1776171703000
1776171704.772,104.772,0.78,5.0,0.77,142.5,0.76,44.5,0.75,123.5,0.74,32.5,0.79,87.89,0.8,48.0,0.81,58.4,0.82,75.96,0.83,77.38,0.21,40.39,0.2,125.5,0.19,88.4,0.18,45.96,0.17,81.38,0.25,198.5,0.26,25.5,0.27,28.0,0.28,49.5,0.29,25.5,0.01,0.04,2375.64711,1776171703000
1776171705.05,105.05,0.78,102.0,0.77,54.5,0.76,44.5,0.75,106.5,0.74,32.5,0.79,92.89,0.8,53.05,0.81,38.4,0.82,39.4,0.83,107.5,0.21,87.89,0.2,48.0,0.19,58.4,0.18,75.96,0.17,77.38,0.22,5.0,0.23,142.5,0.24,44.5,0.25,123.5,0.26,32.5,0.01,0.01,2375.64711,1776171703000
1776171705.34,105.34,0.78,102.0,0.77,54.5,0.76,44.5,0.75,106.5,0.74,32.5,0.79,88.49,0.8,53.05,0.81,38.4,0.82,39.4,0.83,77.5,0.21,88.49,0.2,53.05,0.19,38.4,0.18,39.4,0.17,77.5,0.22,102.0,0.23,54.5,0.24,44.5,0.25,106.5,0.26,32.5,0.01,0.01,2375.6507,1776171704000
1776171705.911,105.911,0.78,117.5,0.77,54.5,0.76,102.5,0.75,48.5,0.74,32.5,0.79,78.36,0.8,53.05,0.81,38.4,0.82,39.4,0.83,77.5,0.21,78.36,0.2,53.05,0.19,38.4,0.18,39.4,0.17,77.5,0.22,117.5,0.23,54.5,0.24,102.5,0.25,48.5,0.26,32.5,0.01,0.01,2375.701771,1776171705000
1776171707.001,107.001,0.78,102.5,0.77,54.5,0.76,44.5,0.75,106.5,0.74,32.5,0.79,83.36,0.8,53.05,0.81,38.4,0.82,39.4,0.83,77.5,0.21,83.36,0.2,53.05,0.19,38.4,0.18,39.4,0.17,77.5,0.22,102.5,0.23,54.5,0.24,44.5,0.25,106.5,0.26,32.5,0.01,0.01,2375.95272,1776171706000
1776171707.434,107.434,0.78,53.09,0.77,34.5,0.76,44.5,0.75,96.5,0.74,32.5,0.79,76.38,0.8,53.05,0.81,38.4,0.82,39.4,0.83,77.5,0.21,83.36,0.2,53.05,0.19,38.4,0.18,39.4,0.17,77.5,0.22,102.5,0.23,54.5,0.24,44.5,0.25,106.5,0.26,32.5,0.01,0.01,2375.95272,1776171706000
1776171708.026,108.026,0.78,63.59,0.77,34.5,0.76,44.5,0.75,96.5,0.74,32.5,0.79,75.07,0.8,53.05,0.81,38.4,0.82,39.4,0.83,77.5,0.21,75.07,0.2,53.05,0.19,38.4,0.18,39.4,0.17,77.5,0.22,63.59,0.23,34.5,0.24,44.5,0.25,96.5,0.26,32.5,0.01,0.01,2375.982475,1776171707000
1776171709.084,109.084,0.78,63.59,0.77,34.5,0.76,44.5,0.75,96.5,0.74,32.5,0.79,75.07,0.8,53.05,0.81,38.4,0.82,39.4,0.83,77.5,0.21,75.07,0.2,53.05,0.19,38.4,0.18,39.4,0.17,77.5,0.22,63.59,0.23,34.5,0.24,44.5,0.25,96.5,0.26,32.5,0.01,0.01,2376.02294,1776171708000
1776171709.714,109.714,0.78,53.27,0.77,29.5,0.76,97.5,0.75,38.5,0.74,32.5,0.79,22.07,0.8,111.05,0.81,38.4,0.82,39.4,0.83,77.5,0.21,75.07,0.2,53.05,0.19,38.4,0.18,39.4,0.17,77.5,0.22,63.59,0.23,34.5,0.24,44.5,0.25,96.5,0.26,32.5,0.01,0.01,2376.02294,1776171708000
1776171710.122,110.122,0.78,53.27,0.77,29.5,0.76,97.5,0.75,38.5,0.74,32.5,0.79,22.07,0.8,111.05,0.81,38.4,0.82,39.4,0.83,77.5,0.21,22.07,0.2,111.05,0.19,38.4,0.18,39.4,0.17,77.5,0.22,53.27,0.23,29.5,0.24,97.5,0.25,38.5,0.26,32.5,0.01,0.01,2376.019925,1776171709000
1776171711.229,111.229,0.78,53.27,0.77,29.5,0.76,97.5,0.75,38.5,0.74,32.5,0.79,22.07,0.8,111.05,0.81,38.4,0.82,39.4,0.83,77.5,0.21,22.07,0.2,111.05,0.19,38.4,0.18,39.4,0.17,77.5,0.22,53.27,0.23,29.5,0.24,97.5,0.25,38.5,0.26,32.5,0.01,0.01,2376.002115,1776171710000
1776171712.309,112.309,0.78,53.27,0.77,29.5,0.76,97.5,0.75,38.5,0.74,32.5,0.79,22.07,0.8,111.05,0.81,38.4,0.82,39.4,0.83,77.5,0.21,22.07,0.2,111.05,0.19,38.4,0.18,39.4,0.17,77.5,0.22,53.27,0.23,29.5,0.24,97.5,0.25,38.5,0.26,32.5,0.01,0.01,2375.988825,1776171711000
1776171713.238,113.238,0.76,9.79,0.75,18.0,0.74,5.0,0.73,86.09,0.72,44.5,0.79,124.57,0.8,53.05,0.81,38.4,0.82,76.4,0.83,75.5,0.21,22.07,0.2,111.05,0.19,38.4,0.18,39.4,0.17,77.5,0.22,53.27,0.23,29.5,0.24,97.5,0.25,38.5,0.26,32.5,0.03,0.01,2375.988825,1776171711000
1776171713.816,113.816,0.74,10.88,0.73,38.59,0.72,44.5,0.71,82.0,0.7,31.0,0.75,48.29,0.76,30.5,0.77,112.5,0.78,46.5,0.79,27.57,0.21,124.57,0.2,53.05,0.19,38.4,0.18,76.4,0.17,75.5,0.24,9.79,0.25,18.0,0.26,5.0,0.27,86.09,0.28,44.5,0.01,0.03,2375.989345,1776171712000
1776171714.922,114.922,0.74,10.88,0.73,38.59,0.72,44.5,0.71,82.0,0.7,31.0,0.75,48.29,0.76,30.5,0.77,112.5,0.78,46.5,0.79,27.57,0.25,48.29,0.24,30.5,0.23,112.5,0.22,46.5,0.21,27.57,0.26,10.88,0.27,38.59,0.28,44.5,0.29,82.0,0.3,31.0,0.01,0.01,2375.927095,1776171714000
1776171716.005,116.005,0.74,57.72,0.73,101.59,0.72,37.5,0.71,89.0,0.7,25.0,0.75,53.29,0.76,25.0,0.77,64.8,0.78,46.5,0.79,27.57,0.25,48.29,0.24,30.5,0.23,112.5,0.22,46.5,0.21,27.57,0.26,10.88,0.27,38.59,0.28,44.5,0.29,82.0,0.3,31.0,0.01,0.01,2375.927095,1776171714000
1776171716.383,116.383,0.74,57.72,0.73,101.59,0.72,37.5,0.71,89.0,0.7,25.0,0.75,53.29,0.76,25.0,0.77,64.8,0.78,46.5,0.79,27.57,0.25,53.29,0.24,25.0,0.23,64.8,0.22,46.5,0.21,27.57,0.26,57.72,0.27,101.59,0.28,37.5,0.29,89.0,0.3,25.0,0.01,0.01,2375.864351,1776171715000
1776171716.913,116.913,0.74,85.34,0.73,43.59,0.72,95.5,0.71,75.0,0.7,39.0,0.75,48.29,0.76,35.5,0.77,44.5,0.78,46.5,0.79,27.57,0.25,48.29,0.24,35.5,0.23,44.5,0.22,46.5,0.21,27.57,0.26,85.34,0.27,43.59,0.28,95.5,0.29,75.0,0.3,39.0,0.01,0.01,2375.86217,1776171716000
1776171717.859,117.859,0.74,95.34,0.73,43.59,0.72,95.5,0.71,75.0,0.7,39.0,0.75,43.2,0.76,35.5,0.77,44.5,0.78,46.5,0.79,27.57,0.25,43.2,0.24,35.5,0.23,44.5,0.22,46.5,0.21,27.57,0.26,95.34,0.27,43.59,0.28,95.5,0.29,75.0,0.3,39.0,0.01,0.01,2375.859812,1776171717000
1776171718.865,118.865,0.74,95.34,0.73,43.59,0.72,95.5,0.71,75.0,0.7,39.0,0.75,43.2,0.76,35.5,0.77,44.5,0.78,46.5,0.79,27.57,0.25,43.2,0.24,35.5,0.23,44.5,0.22,46.5,0.21,27.57,0.26,95.34,0.27,43.59,0.28,95.5,0.29,75.0,0.3,39.0,0.01,0.01,2375.86191,1776171718000
1776171719.737,119.737,0.69,10.0,0.68,10.0,0.67,89.3,0.66,75.0,0.65,32.0,0.73,7.91,0.74,115.5,0.75,39.81,0.76,50.2,0.77,59.8,0.25,27.6,0.24,93.5,0.23,44.5,0.22,46.5,0.21,27.57,0.26,90.34,0.27,43.59,0.28,105.5,0.29,77.0,0.3,20.0,0.04,0.01,2375.86191,1776171718000
1776171720.016,120.016,0.7,11.66,0.69,15.0,0.68,93.5,0.67,31.3,0.66,75.0,0.71,46.0,0.72,32.0,0.73,22.91,0.74,35.5,0.75,91.5,0.29,41.0,0.28,100.5,0.27,22.91,0.26,45.5,0.25,61.5,0.32,25.5,0.33,31.3,0.34,75.0,0.35,32.0,0.36,40.0,0.01,0.03,2375.86723,1776171719000
1776171720.367,120.367,0.7,54.2,0.69,78.0,0.68,30.5,0.67,31.3,0.66,80.0,0.71,22.0,0.72,32.0,0.73,80.91,0.74,35.5,0.75,31.5,0.29,46.0,0.28,32.0,0.27,22.91,0.26,35.5,0.25,91.5,0.3,11.66,0.31,15.0,0.32,93.5,0.33,31.3,0.34,75.0,0.01,0.01,2375.86723,1776171719000
1776171720.708,120.708,0.7,67.16,0.69,78.0,0.68,30.5,0.67,31.3,0.66,80.0,0.71,7.4,0.72,32.0,0.73,80.91,0.74,25.5,0.75,31.5,0.29,22.0,0.28,32.0,0.27,80.91,0.26,35.5,0.25,31.5,0.3,54.2,0.31,78.0,0.32,30.5,0.33,31.3,0.34,80.0,0.01,0.01,2375.86723,1776171719000
1776171720.914,120.914,0.7,67.16,0.69,78.0,0.68,30.5,0.67,31.3,0.66,80.0,0.71,7.4,0.72,32.0,0.73,80.91,0.74,25.5,0.75,31.5,0.29,7.4,0.28,32.0,0.27,80.91,0.26,25.5,0.25,31.5,0.3,67.16,0.31,78.0,0.32,30.5,0.33,31.3,0.34,80.0,0.01,0.01,2375.866025,1776171720000
1776171721.832,121.832,0.7,38.39,0.69,78.0,0.68,30.5,0.67,31.3,0.66,80.0,0.71,7.4,0.72,32.0,0.73,80.91,0.74,25.5,0.75,31.5,0.29,7.4,0.28,32.0,0.27,80.91,0.26,25.5,0.25,31.5,0.3,38.39,0.31,78.0,0.32,30.5,0.33,31.3,0.34,80.0,0.01,0.01,2375.786874,1776171721000
1776171722.426,122.426,0.7,320.39,0.69,101.0,0.68,35.5,0.67,38.3,0.66,94.0,0.75,5.0,0.76,5.0,0.77,34.3,0.78,94.0,0.79,17.07,0.29,7.4,0.28,32.0,0.27,80.91,0.26,25.5,0.25,31.5,0.3,38.39,0.31,78.0,0.32,30.5,0.33,31.3,0.34,80.0,0.05,0.01,2375.786874,1776171721000
1776171722.808,122.808,0.75,18.14,0.74,20.0,0.73,38.5,0.72,32.0,0.71,82.5,0.77,26.12,0.78,104.5,0.79,27.57,0.8,97.5,0.81,44.4,0.23,26.12,0.22,104.5,0.21,27.57,0.2,97.5,0.19,44.4,0.25,18.14,0.26,20.0,0.27,38.5,0.28,32.0,0.29,82.5,0.02,0.02,2375.720298,1776171722000
1776171723.782,123.782,0.75,18.14,0.74,20.0,0.73,38.5,0.72,32.0,0.71,82.5,0.77,26.12,0.78,104.5,0.79,27.57,0.8,97.5,0.81,44.4,0.23,26.12,0.22,104.5,0.21,27.57,0.2,97.5,0.19,44.4,0.25,18.14,0.26,20.0,0.27,38.5,0.28,32.0,0.29,82.5,0.02,0.02,2375.77347,1776171723000
1776171724.33,124.33,0.78,117.08,0.77,61.5,0.76,112.0,0.75,37.0,0.74,28.0,0.8,9.56,0.81,33.4,0.82,39.4,0.83,40.5,0.84,41.8,0.21,4.62,0.2,10.0,0.19,38.4,0.18,39.4,0.17,70.5,0.22,58.0,0.23,56.5,0.24,154.0,0.25,36.0,0.26,28.0,0.02,0.01,2375.77347,1776171723000
1776171725.132,125.132,0.78,69.5,0.77,45.5,0.76,134.0,0.75,37.0,0.74,28.0,0.79,10.0,0.8,10.0,0.81,24.95,0.82,39.4,0.83,51.0,0.19,19.64,0.18,39.4,0.17,40.5,0.16,41.8,0.15,79.2,0.22,122.08,0.23,61.5,0.24,112.0,0.25,37.0,0.26,28.0,0.01,0.03,2375.77347,1776171723000
1776171725.839,125.839,0.78,74.5,0.77,35.5,0.76,138.0,0.75,37.0,0.74,28.0,0.79,7.73,0.8,10.0,0.81,20.31,0.82,49.9,0.83,51.0,0.21,10.0,0.2,10.0,0.19,24.95,0.18,39.4,0.17,51.0,0.22,69.5,0.23,45.5,0.24,134.0,0.25,37.0,0.26,28.0,0.01,0.01,2375.974755,1776171724000
1776171726.159,126.159,0.78,74.5,0.77,35.5,0.76,138.0,0.75,37.0,0.74,28.0,0.79,7.73,0.8,10.0,0.81,20.31,0.82,49.9,0.83,51.0,0.21,7.73,0.2,10.0,0.19,20.31,0.18,49.9,0.17,51.0,0.22,74.5,0.23,35.5,0.24,138.0,0.25,37.0,0.26,28.0,0.01,0.01,2376.216005,1776171725000
1776171727.09,127.09,0.78,84.5,0.77,30.5,0.76,86.0,0.75,26.0,0.74,86.0,0.79,4.73,0.8,10.0,0.81,30.81,0.82,49.9,0.83,51.0,0.21,7.73,0.2,10.0,0.19,20.31,0.18,49.9,0.17,51.0,0.22,74.5,0.23,35.5,0.24,138.0,0.25,37.0,0.26,28.0,0.01,0.01,2376.216005,1776171725000
1776171727.621,127.621,0.78,116.59,0.77,40.5,0.76,128.0,0.75,32.0,0.74,28.0,0.79,4.73,0.8,10.0,0.81,25.81,0.82,49.9,0.83,51.0,0.21,4.73,0.2,10.0,0.19,30.81,0.18,49.9,0.17,51.0,0.22,84.5,0.23,30.5,0.24,86.0,0.25,26.0,0.26,86.0,0.01,0.01,2376.23915,1776171726000
1776171728.075,128.075,0.79,67.0,0.78,44.13,0.77,40.5,0.76,128.0,0.75,26.0,0.8,18.8,0.81,30.81,0.82,49.9,0.83,51.0,0.84,47.8,0.2,10.0,0.19,30.81,0.18,49.9,0.17,51.0,0.16,77.8,0.22,121.59,0.23,40.5,0.24,128.0,0.25,32.0,0.26,28.0,0.01,0.02,2376.23915,1776171726000
1776171728.305,128.305,0.79,67.0,0.78,49.13,0.77,35.5,0.76,135.0,0.75,26.0,0.8,10.72,0.81,30.81,0.82,49.9,0.83,51.0,0.84,47.8,0.2,18.8,0.19,30.81,0.18,49.9,0.17,51.0,0.16,47.8,0.21,67.0,0.22,44.13,0.23,40.5,0.24,128.0,0.25,26.0,0.01,0.01,2376.23915,1776171726000
1776171728.657,128.657,0.79,67.0,0.78,49.13,0.77,35.5,0.76,135.0,0.75,26.0,0.8,10.72,0.81,30.81,0.82,49.9,0.83,51.0,0.84,47.8,0.2,10.72,0.19,30.81,0.18,49.9,0.17,51.0,0.16,47.8,0.21,67.0,0.22,49.13,0.23,35.5,0.24,135.0,0.25,26.0,0.01,0.01,2376.23887,1776171727000
1776171729.495,129.495,0.76,97.01,0.75,26.0,0.74,28.0,0.73,28.0,0.72,25.0,0.8,5.67,0.81,73.31,0.82,49.9,0.83,51.0,0.84,47.8,0.2,5.67,0.19,73.31,0.18,49.9,0.17,51.0,0.16,47.8,0.24,97.01,0.25,26.0,0.26,28.0,0.27,28.0,0.28,25.0,0.04,0.04,2376.21758,1776171728000
1776171730.01,130.01,0.76,97.01,0.75,26.0,0.74,28.0,0.73,28.0,0.72,25.0,0.8,5.67,0.81,73.31,0.82,49.9,0.83,51.0,0.84,47.8,0.2,5.67,0.19,73.31,0.18,49.9,0.17,51.0,0.16,47.8,0.24,97.01,0.25,26.0,0.26,28.0,0.27,28.0,0.28,25.0,0.04,0.04,2376.231572,1776171729000
1776171731.02,131.02,0.76,97.01,0.75,26.0,0.74,28.0,0.73,28.0,0.72,25.0,0.8,5.67,0.81,73.31,0.82,49.9,0.83,51.0,0.84,47.8,0.2,5.67,0.19,73.31,0.18,49.9,0.17,51.0,0.16,47.8,0.24,97.01,0.25,26.0,0.26,28.0,0.27,28.0,0.28,25.0,0.04,0.04,2376.266208,1776171730000
1776171731.254,131.254,0.78,178.5,0.77,26.0,0.76,47.01,0.75,15.0,0.74,104.0,0.81,24.65,0.82,15.0,0.83,46.5,0.84,47.8,0.85,161.2,0.21,4.93,0.2,5.72,0.19,25.0,0.18,15.0,0.17,46.5,0.22,178.5,0.23,119.53,0.24,54.01,0.25,15.0,0.26,104.0,0.03,0.01,2376.266208,1776171730000
1776171731.952,131.952,0.82,20.0,0.81,216.0,0.8,63.0,0.79,121.0,0.78,20.0,0.85,43.2,0.86,44.9,0.87,76.8,0.88,49.1,0.89,61.88,0.19,28.72,0.18,20.0,0.17,57.0,0.16,47.8,0.15,161.2,0.21,5.0,0.22,119.5,0.23,26.0,0.24,47.01,0.25,15.0,0.03,0.02,2376.266208,1776171730000
1776171732.282,132.282,0.82,15.0,0.81,211.0,0.8,70.0,0.79,127.0,0.78,20.0,0.85,28.61,0.86,44.9,0.87,76.8,0.88,49.1,0.89,61.88,0.15,28.61,0.14,44.9,0.13,76.8,0.12,49.1,0.11,61.88,0.18,15.0,0.19,211.0,0.2,70.0,0.21,127.0,0.22,20.0,0.03,0.03,2376.27267,1776171731000
1776171732.595,132.595,0.82,44.0,0.81,108.0,0.8,93.5,0.79,90.0,0.78,34.0,0.83,7.12,0.84,10.0,0.85,73.0,0.86,70.4,0.87,52.8,0.15,28.61,0.14,44.9,0.13,76.8,0.12,49.1,0.11,61.88,0.18,15.0,0.19,211.0,0.2,70.0,0.21,127.0,0.22,20.0,0.01,0.03,2376.27267,1776171731000
1776171733.571,133.571,0.82,44.0,0.81,108.0,0.8,93.5,0.79,90.0,0.78,34.0,0.83,7.12,0.84,10.0,0.85,73.0,0.86,70.4,0.87,52.8,0.17,7.12,0.16,10.0,0.15,73.0,0.14,70.4,0.13,52.8,0.18,44.0,0.19,108.0,0.2,93.5,0.21,90.0,0.22,34.0,0.01,0.01,2376.307635,1776171732000
1776171734.204,134.204,0.82,44.0,0.81,108.0,0.8,93.5,0.79,90.0,0.78,34.0,0.83,7.12,0.84,10.0,0.85,73.0,0.86,70.4,0.87,52.8,0.17,7.12,0.16,10.0,0.15,73.0,0.14,70.4,0.13,52.8,0.18,44.0,0.19,108.0,0.2,93.5,0.21,90.0,0.22,34.0,0.01,0.01,2376.520982,1776171733000
1776171735.866,135.866,0.83,113.58,0.82,30.0,0.81,176.5,0.8,46.0,0.79,97.0,0.84,21.41,0.85,73.0,0.86,35.5,0.87,46.8,0.88,55.1,0.17,7.12,0.16,10.0,0.15,73.0,0.14,70.4,0.13,52.8,0.18,44.0,0.19,108.0,0.2,93.5,0.21,90.0,0.22,34.0,0.01,0.01,2376.520982,1776171733000
1776171736.493,136.493,0.83,113.58,0.82,30.0,0.81,176.5,0.8,46.0,0.79,97.0,0.84,21.41,0.85,73.0,0.86,35.5,0.87,46.8,0.88,55.1,0.16,21.41,0.15,73.0,0.14,35.5,0.13,46.8,0.12,55.1,0.17,113.58,0.18,30.0,0.19,176.5,0.2,46.0,0.21,97.0,0.01,0.01,2376.58283,1776171735000
1776171736.827,136.827,0.83,23.0,0.82,47.0,0.81,111.0,0.8,84.0,0.79,91.0,0.84,8.01,0.85,25.5,0.86,83.5,0.87,67.3,0.88,55.1,0.16,21.41,0.15,73.0,0.14,35.5,0.13,46.8,0.12,55.1,0.17,113.58,0.18,30.0,0.19,176.5,0.2,46.0,0.21,97.0,0.01,0.01,2376.58283,1776171735000
1776171737.103,137.103,0.83,23.0,0.82,47.0,0.81,111.0,0.8,84.0,0.79,91.0,0.84,8.01,0.85,25.5,0.86,83.5,0.87,67.3,0.88,55.1,0.16,8.01,0.15,25.5,0.14,83.5,0.13,67.3,0.12,55.1,0.17,23.0,0.18,47.0,0.19,111.0,0.2,84.0,0.21,91.0,0.01,0.01,2376.57942,1776171736000
1776171737.454,137.454,0.78,30.0,0.77,25.0,0.76,59.51,0.75,79.0,0.74,97.31,0.81,52.5,0.82,150.5,0.83,35.5,0.84,39.82,0.85,55.5,0.19,35.5,0.18,154.5,0.17,35.5,0.16,44.82,0.15,60.5,0.21,5.04,0.22,25.0,0.23,25.0,0.24,59.51,0.25,73.0,0.03,0.02,2376.57942,1776171736000
1776171738.35,138.35,0.79,13.85,0.78,25.0,0.77,25.0,0.76,59.51,0.75,79.0,0.8,34.0,0.81,50.5,0.82,145.5,0.83,30.5,0.84,39.82,0.2,34.0,0.19,50.5,0.18,145.5,0.17,30.5,0.16,39.82,0.21,13.85,0.22,25.0,0.23,25.0,0.24,59.51,0.25,79.0,0.01,0.01,2376.639135,1776171737000
1776171739.343,139.343,0.81,44.83,0.79,225.31,0.78,170.5,0.77,15.0,0.76,112.01,0.85,15.0,0.86,55.5,0.87,56.8,0.88,49.1,0.89,51.79,0.2,34.0,0.19,50.5,0.18,145.5,0.17,30.5,0.16,39.82,0.21,13.85,0.22,25.0,0.23,25.0,0.24,59.51,0.25,79.0,0.04,0.01,2376.639135,1776171737000
1776171740.151,140.151,0.83,10.0,0.82,20.5,0.81,59.83,0.8,10.0,0.79,107.62,0.85,14.9,0.86,25.5,0.87,56.8,0.88,49.1,0.89,51.79,0.15,14.9,0.14,25.5,0.13,56.8,0.12,49.1,0.11,51.79,0.17,10.0,0.18,20.5,0.19,59.83,0.2,10.0,0.21,107.62,0.02,0.02,2376.30132,1776171739000
1776171740.651,140.651,0.84,113.0,0.83,45.0,0.82,62.5,0.81,56.5,0.8,51.31,0.85,1.63,0.86,25.5,0.87,56.8,0.88,55.1,0.89,57.79,0.15,14.9,0.14,25.5,0.13,56.8,0.12,49.1,0.11,51.79,0.17,10.0,0.18,20.5,0.19,59.83,0.2,10.0,0.21,107.62,0.01,0.02,2376.30132,1776171739000
1776171741.354,141.354,0.82,82.0,0.81,48.0,0.8,21.0,0.79,32.81,0.78,40.0,0.83,3.0,0.85,10.0,0.86,113.0,0.87,56.8,0.88,49.1,0.15,1.63,0.14,25.5,0.13,56.8,0.12,55.1,0.11,57.79,0.16,113.0,0.17,45.0,0.18,62.5,0.19,56.5,0.2,51.31,0.01,0.01,2376.30132,1776171739000
1776171742.03,142.03,0.83,35.0,0.82,82.0,0.81,48.0,0.8,21.0,0.79,32.81,0.85,10.0,0.86,113.0,0.87,56.8,0.88,49.1,0.89,87.79,0.15,10.0,0.14,113.0,0.13,56.8,0.12,49.1,0.11,87.79,0.17,35.0,0.18,82.0,0.19,48.0,0.2,21.0,0.21,32.81,0.02,0.02,2376.846283,1776171741000
1776171743.333,143.333,0.83,35.0,0.82,82.0,0.81,48.0,0.8,21.0,0.79,32.81,0.85,10.0,0.86,113.0,0.87,56.8,0.88,49.1,0.89,87.79,0.15,10.0,0.14,113.0,0.13,56.8,0.12,49.1,0.11,87.79,0.17,35.0,0.18,82.0,0.19,48.0,0.2,21.0,0.21,32.81,0.02,0.02,2376.741259,1776171742000
1776171743.664,143.664,0.84,139.0,0.83,25.0,0.82,52.5,0.81,110.5,0.8,50.0,0.85,0.91,0.86,83.5,0.87,67.3,0.88,55.1,0.89,57.79,0.15,6.0,0.14,83.5,0.13,67.3,0.12,55.1,0.11,57.79,0.16,128.0,0.17,25.0,0.18,52.5,0.19,110.5,0.2,50.0,0.01,0.01,2376.741259,1776171742000
1776171743.947,143.947,0.84,119.0,0.83,25.0,0.82,52.5,0.81,110.5,0.8,61.0,0.86,88.1,0.87,67.3,0.88,60.1,0.89,57.79,0.9,115.0,0.15,0.91,0.14,83.5,0.13,67.3,0.12,55.1,0.11,57.79,0.16,139.0,0.17,25.0,0.18,52.5,0.19,110.5,0.2,50.0,0.02,0.01,2376.741259,1776171742000
1776171744.794,144.794,0.84,119.0,0.83,25.0,0.82,52.5,0.81,110.5,0.8,61.0,0.86,88.1,0.87,67.3,0.88,60.1,0.89,57.79,0.9,115.0,0.14,88.1,0.13,67.3,0.12,60.1,0.11,57.79,0.1,115.0,0.16,119.0,0.17,25.0,0.18,52.5,0.19,110.5,0.2,61.0,0.02,0.02,2376.731367,1776171743000
1776171745.336,145.336,0.84,119.0,0.83,25.0,0.82,52.5,0.81,110.5,0.8,61.0,0.86,88.1,0.87,67.3,0.88,60.1,0.89,57.79,0.9,115.0,0.14,88.1,0.13,67.3,0.12,60.1,0.11,57.79,0.1,115.0,0.16,119.0,0.17,25.0,0.18,52.5,0.19,110.5,0.2,61.0,0.02,0.02,2376.739538,1776171744000
1776171746.361,146.361,0.84,119.0,0.83,25.0,0.82,52.5,0.81,110.5,0.8,61.0,0.86,88.1,0.87,67.3,0.88,60.1,0.89,57.79,0.9,115.0,0.14,88.1,0.13,67.3,0.12,60.1,0.11,57.79,0.1,115.0,0.16,119.0,0.17,25.0,0.18,52.5,0.19,110.5,0.2,61.0,0.02,0.02,2376.802571,1776171745000
1776171746.823,146.823,0.85,111.0,0.84,33.0,0.83,25.0,0.82,100.5,0.81,90.5,0.86,87.83,0.87,64.3,0.88,59.1,0.89,57.79,0.9,55.0,0.14,88.1,0.13,67.3,0.12,60.1,0.11,57.79,0.1,115.0,0.16,119.0,0.17,25.0,0.18,52.5,0.19,110.5,0.2,61.0,0.01,0.02,2376.802571,1776171745000
1776171747.249,147.249,0.87,130.0,0.86,109.5,0.85,71.14,0.84,85.0,0.83,95.5,0.89,8.0,0.9,10.0,0.91,54.0,0.92,68.9,0.93,75.3,0.14,87.83,0.13,64.3,0.12,59.1,0.11,57.79,0.1,55.0,0.15,111.0,0.16,33.0,0.17,25.0,0.18,100.5,0.19,90.5,0.02,0.01,2376.802571,1776171745000
1776171747.893,147.893,0.89,48.0,0.88,55.0,0.87,128.0,0.86,180.5,0.85,148.14,0.9,1.8,0.91,53.44,0.92,68.9,0.93,105.3,0.94,130.7,0.1,1.8,0.09,53.44,0.08,68.9,0.07,105.3,0.06,130.7,0.11,48.0,0.12,55.0,0.13,128.0,0.14,180.5,0.15,148.14,0.01,0.01,2376.768476,1776171746000
1776171748.488,148.488,0.89,134.0,0.88,160.31,0.87,168.0,0.86,213.5,0.85,195.14,0.91,133.54,0.92,181.9,0.93,210.3,0.94,245.7,0.95,230.8,0.09,133.54,0.08,181.9,0.07,210.3,0.06,245.7,0.05,230.8,0.11,134.0,0.12,160.31,0.13,168.0,0.14,213.5,0.15,195.14,0.02,0.02,2376.772284,1776171747000
1776171749.119,149.119,0.9,114.0,0.89,133.0,0.88,228.81,0.87,178.5,0.86,155.5,0.91,138.62,0.92,191.0,0.93,180.3,0.94,275.7,0.95,230.8,0.09,133.54,0.08,181.9,0.07,210.3,0.06,245.7,0.05,230.8,0.11,134.0,0.12,160.31,0.13,168.0,0.14,213.5,0.15,195.14,0.01,0.02,2376.772284,1776171747000
1776171750.14,150.14,0.9,129.0,0.89,133.0,0.88,234.81,0.87,178.5,0.86,155.5,0.91,137.52,0.92,191.0,0.93,180.3,0.94,275.7,0.95,230.8,0.09,138.62,0.08,191.0,0.07,180.3,0.06,275.7,0.05,230.8,0.1,114.0,0.11,133.0,0.12,228.81,0.13,178.5,0.14,155.5,0.01,0.01,2376.835897,1776171748000
1776171750.43,150.43,0.9,129.0,0.89,133.0,0.88,239.9,0.87,178.5,0.86,155.5,0.91,36.42,0.92,86.0,0.93,80.3,0.94,145.7,0.95,160.8,0.09,137.52,0.08,191.0,0.07,180.3,0.06,275.7,0.05,230.8,0.1,129.0,0.11,133.0,0.12,234.81,0.13,178.5,0.14,155.5,0.01,0.01,2377.292588,1776171749000
1776171750.962,150.962,0.9,129.0,0.89,133.0,0.88,229.4,0.87,178.5,0.86,155.5,0.91,13.86,0.92,86.0,0.93,80.3,0.94,145.7,0.95,160.8,0.09,16.42,0.08,86.0,0.07,80.3,0.06,145.7,0.05,160.8,0.1,129.0,0.11,133.0,0.12,239.9,0.13,178.5,0.14,155.5,0.01,0.01,2377.292588,1776171749000
1776171751.176,151.176,0.9,124.0,0.89,128.0,0.88,229.4,0.87,178.5,0.86,155.5,0.91,6.67,0.92,102.93,0.93,85.3,0.94,145.7,0.95,160.8,0.09,6.67,0.08,102.93,0.07,85.3,0.06,145.7,0.05,160.8,0.1,124.0,0.11,128.0,0.12,229.4,0.13,178.5,0.14,155.5,0.01,0.01,2377.311137,1776171750000
1776171751.92,151.92,0.92,18.02,0.9,352.0,0.89,161.5,0.88,190.9,0.87,214.5,0.93,65.3,0.94,91.7,0.95,181.8,0.96,177.3,0.97,459.7,0.09,6.67,0.08,102.93,0.07,85.3,0.06,145.7,0.05,160.8,0.1,124.0,0.11,128.0,0.12,229.4,0.13,178.5,0.14,155.5,0.01,0.01,2377.311137,1776171750000
1776171752.123,152.123,0.92,139.27,0.91,128.0,0.9,234.0,0.89,156.5,0.88,197.9,0.93,60.08,0.94,149.7,0.95,181.8,0.96,177.3,0.97,459.7,0.07,60.08,0.06,91.7,0.05,181.8,0.04,177.3,0.03,459.7,0.08,164.02,0.09,123.0,0.1,239.0,0.11,156.5,0.12,190.9,0.01,0.01,2377.311137,1776171750000
1776171752.377,152.377,0.92,133.08,0.91,128.0,0.9,234.0,0.89,156.5,0.88,210.9,0.93,63.87,0.94,149.7,0.95,121.8,0.96,237.3,0.97,459.7,0.07,74.5,0.06,149.7,0.05,121.8,0.04,237.3,0.03,459.7,0.08,138.08,0.09,128.0,0.1,234.0,0.11,156.5,0.12,197.9,0.01,0.01,2377.318043,1776171751000
1776171752.906,152.906,0.92,133.08,0.91,128.0,0.9,234.0,0.89,156.5,0.88,210.9,0.93,63.87,0.94,149.7,0.95,121.8,0.96,237.3,0.97,459.7,0.07,63.87,0.06,149.7,0.05,121.8,0.04,237.3,0.03,459.7,0.08,133.08,0.09,128.0,0.1,234.0,0.11,156.5,0.12,210.9,0.01,0.01,2377.318043,1776171752000
1776171753.468,153.468,0.92,350.02,0.91,254.35,0.9,169.5,0.89,205.0,0.88,324.09,0.93,7.84,0.94,15.9,0.95,100.8,0.96,167.3,0.97,440.7,0.07,63.87,0.06,149.7,0.05,121.8,0.04,237.3,0.03,459.7,0.08,133.08,0.09,128.0,0.1,234.0,0.11,156.5,0.12,210.9,0.01,0.01,2377.318043,1776171752000
1776171754.075,154.075,0.94,140.26,0.93,146.0,0.92,310.02,0.91,243.35,0.9,169.5,0.95,100.7,0.96,167.3,0.97,440.7,0.98,463.7,0.99,7669.69,0.05,100.7,0.04,167.3,0.03,440.7,0.02,463.7,0.01,7669.69,0.06,140.26,0.07,146.0,0.08,310.02,0.09,243.35,0.1,169.5,0.01,0.01,2377.41697,1776171753000
1776171754.531,154.531,0.94,260.26,0.93,232.0,0.92,179.52,0.91,253.35,0.9,284.5,0.95,14.9,0.96,141.3,0.97,560.7,0.98,463.7,0.99,7595.69,0.05,100.7,0.04,167.3,0.03,440.7,0.02,463.7,0.01,7669.69,0.06,140.26,0.07,146.0,0.08,310.02,0.09,243.35,0.1,169.5,0.01,0.01,2377.41697,1776171753000
1776171754.843,154.843,0.94,287.26,0.93,247.0,0.92,279.52,0.91,283.35,0.9,254.5,0.96,136.2,0.97,560.7,0.98,463.7,0.99,7695.69,,,0.05,4.9,0.04,141.3,0.03,560.7,0.02,463.7,0.01,7695.69,0.06,282.26,0.07,237.0,0.08,279.52,0.09,283.35,0.1,254.5,0.02,0.01,2377.41697,1776171753000
1776171755.06,155.06,0.94,287.26,0.93,247.0,0.92,279.52,0.91,283.35,0.9,254.5,0.96,136.2,0.97,560.7,0.98,463.7,0.99,7695.69,,,0.04,136.2,0.03,560.7,0.02,463.7,0.01,7695.69,,,0.06,287.26,0.07,247.0,0.08,279.52,0.09,283.35,0.1,254.5,0.02,0.02,2377.704589,1776171754000
1776171755.843,155.843,0.95,454.0,0.94,425.26,0.93,285.5,0.92,249.61,0.91,228.35,0.96,36.4,0.97,435.7,0.98,615.7,0.99,2595.69,,,0.04,136.2,0.03,560.7,0.02,463.7,0.01,7695.69,,,0.06,287.26,0.07,247.0,0.08,279.52,0.09,283.35,0.1,254.5,0.01,0.02,2377.704589,1776171754000
1776171756.183,156.183,0.96,78.76,0.95,211.0,0.94,327.26,0.93,230.5,0.92,389.61,0.97,435.7,0.98,557.7,0.99,2595.69,,,,,0.03,435.7,0.02,557.7,0.01,2595.69,,,,,0.04,78.76,0.05,211.0,0.06,327.26,0.07,230.5,0.08,389.61,0.01,0.01,2378.200151,1776171755000
1776171756.492,156.492,0.96,204.37,0.95,250.0,0.94,291.26,0.93,230.5,0.92,349.61,0.97,598.5,0.98,463.7,0.99,2595.69,,,,,0.03,637.16,0.02,463.7,0.01,2595.69,,,,,0.04,206.0,0.05,145.0,0.06,291.26,0.07,230.5,0.08,349.61,0.01,0.01,2378.200151,1776171755000
1776171757.21,157.21,0.96,204.37,0.95,266.0,0.94,291.26,0.93,310.5,0.92,349.61,0.97,589.31,0.98,463.7,0.99,2595.69,,,,,0.03,589.31,0.02,463.7,0.01,2595.69,,,,,0.04,204.37,0.05,266.0,0.06,291.26,0.07,310.5,0.08,349.61,0.01,0.01,2378.551225,1776171756000
1776171757.602,157.602,0.96,622.37,0.95,322.0,0.94,177.44,0.93,365.5,0.92,343.61,0.97,282.55,0.98,634.7,0.99,2395.69,,,,,0.03,589.31,0.02,463.7,0.01,2595.69,,,,,0.04,204.37,0.05,266.0,0.06,291.26,0.07,310.5,0.08,349.61,0.01,0.01,2378.551225,1776171756000
1776171757.808,157.808,0.96,622.37,0.95,322.0,0.94,237.44,0.93,300.5,0.92,343.61,0.97,280.47,0.98,634.7,0.99,2395.69,,,,,0.03,281.51,0.02,634.7,0.01,2395.69,,,,,0.04,632.37,0.05,322.0,0.06,177.44,0.07,365.5,0.08,343.61,0.01,0.01,2378.551225,1776171756000
1776171758.4,158.4,0.96,622.37,0.95,322.0,0.94,237.44,0.93,300.5,0.92,343.61,0.97,214.13,0.98,634.7,0.99,2395.69,,,,,0.03,214.13,0.02,634.7,0.01,2395.69,,,,,0.04,622.37,0.05,322.0,0.06,237.44,0.07,300.5,0.08,343.61,0.01,0.01,2378.7891,1776171757000
1776171758.869,158.869,0.96,469.37,0.95,297.0,0.94,177.44,0.93,330.5,0.92,343.61,0.97,340.77,0.98,634.7,0.99,2395.69,,,,,0.03,214.13,0.02,634.7,0.01,2395.69,,,,,0.04,622.37,0.05,322.0,0.06,237.44,0.07,300.5,0.08,343.61,0.01,0.01,2378.7891,1776171757000
1776171759.318,159.318,0.96,469.37,0.95,297.0,0.94,177.44,0.93,330.5,0.92,343.61,0.97,332.67,0.98,634.7,0.99,2395.69,,,,,0.03,332.67,0.02,634.7,0.01,2395.69,,,,,0.04,469.37,0.05,297.0,0.06,177.44,0.07,330.5,0.08,343.61,0.01,0.01,2379.210802,1776171758000
1776171759.652,159.652,0.96,545.0,0.95,250.0,0.94,205.44,0.93,325.5,0.92,373.61,0.97,389.36,0.98,463.7,0.99,2395.69,,,,,0.03,332.67,0.02,634.7,0.01,2395.69,,,,,0.04,469.37,0.05,297.0,0.06,177.44,0.07,330.5,0.08,343.61,0.01,0.01,2379.210802,1776171758000
1776171759.913,159.913,0.96,128.0,0.95,217.0,0.94,301.44,0.93,225.5,0.92,523.61,0.97,492.16,0.98,463.7,0.99,2395.69,,,,,0.03,488.2,0.02,463.7,0.01,2395.69,,,,,0.04,128.0,0.05,223.01,0.06,301.44,0.07,225.5,0.08,523.61,0.01,0.01,2379.210802,1776171758000
1776171760.265,160.265,0.96,28.0,0.95,117.0,0.94,201.44,0.93,100.5,0.92,423.61,0.97,573.73,0.98,563.7,0.99,2520.69,,,,,0.03,489.04,0.02,463.7,0.01,2395.69,,,,,0.04,103.0,0.05,217.0,0.06,301.44,0.07,225.5,0.08,523.61,0.01,0.01,2379.210802,1776171758000
1776171760.805,160.805,0.96,28.0,0.95,117.0,0.94,201.44,0.93,100.5,0.92,423.61,0.97,577.69,0.98,563.7,0.99,2520.69,,,,,0.03,573.73,0.02,563.7,0.01,2520.69,,,,,0.04,28.0,0.05,117.0,0.06,201.44,0.07,100.5,0.08,423.61,0.01,0.01,2379.307778,1776171759000
1776171761.135,161.135,0.96,16.04,0.95,117.0,0.94,201.44,0.93,100.5,0.92,423.61,0.97,547.69,0.98,563.7,0.99,2520.69,,,,,0.03,577.69,0.02,563.7,0.01,2520.69,,,,,0.04,28.0,0.05,117.0,0.06,201.44,0.07,100.5,0.08,423.61,0.01,0.01,2379.3079,1776171760000
1776171761.626,161.626,0.95,163.0,0.94,105.44,0.93,100.5,0.92,423.61,0.91,188.35,0.97,547.69,0.98,563.7,0.99,2619.47,,,,,0.03,547.69,0.02,563.7,0.01,2520.69,,,,,0.04,5.0,0.05,117.0,0.06,201.44,0.07,100.5,0.08,423.61,0.02,0.01,2379.3079,1776171760000
1776171762.209,162.209,0.95,163.0,0.94,105.44,0.93,100.5,0.92,423.61,0.91,188.35,0.97,547.69,0.98,563.7,0.99,2619.47,,,,,0.03,547.69,0.02,563.7,0.01,2619.47,,,,,0.05,163.0,0.06,105.44,0.07,100.5,0.08,423.61,0.09,188.35,0.02,0.02,2378.976348,1776171761000
1776171762.483,162.483,0.96,17.0,0.95,172.01,0.94,105.44,0.93,125.5,0.92,423.61,0.97,502.62,0.98,621.7,0.99,2520.69,,,,,0.03,547.69,0.02,563.7,0.01,2619.47,,,,,0.05,163.0,0.06,105.44,0.07,100.5,0.08,423.61,0.09,188.35,0.01,0.02,2378.976348,1776171761000
1776171763.278,163.278,0.96,17.0,0.95,172.01,0.94,105.44,0.93,125.5,0.92,423.61,0.97,502.62,0.98,621.7,0.99,2520.69,,,,,0.03,502.62,0.02,621.7,0.01,2520.69,,,,,0.04,17.0,0.05,172.01,0.06,105.44,0.07,125.5,0.08,423.61,0.01,0.01,2378.858541,1776171762000
1776171763.677,163.677,0.96,36.0,0.95,224.0,0.94,47.44,0.93,125.5,0.92,343.61,0.97,491.42,0.98,621.7,0.99,2520.69,,,,,0.03,492.46,0.02,621.7,0.01,2495.69,,,,,0.04,36.0,0.05,166.0,0.06,105.44,0.07,125.5,0.08,423.61,0.01,0.01,2378.858541,1776171762000
1776171763.891,163.891,0.96,36.0,0.95,224.0,0.94,47.44,0.93,125.5,0.92,343.61,0.97,491.42,0.98,621.7,0.99,2520.69,,,,,0.03,491.42,0.02,621.7,0.01,2520.69,,,,,0.04,36.0,0.05,224.0,0.06,47.44,0.07,125.5,0.08,343.61,0.01,0.01,2378.907173,1776171763000
1776171764.187,164.187,0.96,1.0,0.95,113.0,0.94,202.44,0.93,100.5,0.92,423.61,0.97,549.42,0.98,563.7,0.99,2619.47,,,,,0.03,491.42,0.02,621.7,0.01,2520.69,,,,,0.04,36.0,0.05,224.0,0.06,47.44,0.07,125.5,0.08,343.61,0.01,0.01,2378.907173,1776171763000
1776171765.045,165.045,0.96,1.0,0.95,113.0,0.94,202.44,0.93,100.5,0.92,423.61,0.97,549.42,0.98,563.7,0.99,2619.47,,,,,0.03,549.42,0.02,563.7,0.01,2619.47,,,,,0.04,1.0,0.05,113.0,0.06,202.44,0.07,100.5,0.08,423.61,0.01,0.01,2378.902282,1776171764000
1776171766.138,166.138,0.96,281.0,0.95,220.0,0.94,162.94,0.93,185.5,0.92,343.82,0.97,99.06,0.98,621.7,0.99,2594.47,,,,,0.03,99.06,0.02,621.7,0.01,2594.47,,,,,0.04,281.0,0.05,220.0,0.06,162.94,0.07,185.5,0.08,343.82,0.01,0.01,2378.81845,1776171765000
1776171766.389,166.389,0.96,622.16,0.95,220.0,0.94,195.94,0.93,185.5,0.92,392.72,0.97,232.72,0.98,742.7,0.99,2594.47,,,,,0.03,99.06,0.02,621.7,0.01,2594.47,,,,,0.04,281.0,0.05,220.0,0.06,162.94,0.07,185.5,0.08,343.82,0.01,0.01,2378.81845,1776171765000
1776171766.959,166.959,0.96,583.01,0.95,215.0,0.94,115.94,0.93,125.5,0.92,532.72,0.97,334.8,0.98,684.7,0.99,2620.62,,,,,0.03,171.1,0.02,742.7,0.01,2594.47,,,,,0.04,632.16,0.05,215.0,0.06,195.94,0.07,185.5,0.08,392.72,0.01,0.01,2378.81845,1776171765000
1776171767.176,167.176,0.96,583.01,0.95,215.0,0.94,115.94,0.93,125.5,0.92,532.72,0.97,334.8,0.98,684.7,0.99,2620.62,,,,,0.03,334.8,0.02,684.7,0.01,2620.62,,,,,0.04,583.01,0.05,215.0,0.06,115.94,0.07,125.5,0.08,452.72,0.01,0.01,2379.097315,1776171766000
1776171768.396,168.396,0.96,224.73,0.95,278.0,0.94,82.94,0.93,320.8,0.92,392.72,0.97,148.14,0.98,742.7,0.99,2620.62,,,,,0.03,334.8,0.02,684.7,0.01,2620.62,,,,,0.04,583.01,0.05,215.0,0.06,115.94,0.07,125.5,0.08,452.72,0.01,0.01,2379.097315,1776171766000
1776171768.662,168.662,0.96,317.55,0.95,272.0,0.94,92.94,0.93,320.8,0.92,392.72,0.97,128.14,0.98,742.7,0.99,2620.62,,,,,0.03,133.14,0.02,742.7,0.01,2620.62,,,,,0.04,322.55,0.05,272.0,0.06,82.94,0.07,320.8,0.08,392.72,0.01,0.01,2379.15723,1776171767000
1776171769.492,169.492,0.96,479.86,0.95,228.0,0.94,92.94,0.93,240.8,0.92,292.51,0.97,9.44,0.98,438.0,0.99,2649.86,,,,,0.03,128.14,0.02,742.7,0.01,2620.62,,,,,0.04,317.55,0.05,272.0,0.06,92.94,0.07,320.8,0.08,392.72,0.01,0.01,2379.15723,1776171767000
1776171770.01,170.01,0.96,484.86,0.95,228.0,0.94,156.74,0.93,341.01,0.92,292.51,0.98,438.0,0.99,2754.62,,,,,,,0.02,438.0,0.01,2754.62,,,,,,,0.04,484.86,0.05,228.0,0.06,156.74,0.07,341.01,0.08,292.51,0.02,0.02,2379.265517,1776171769000
1776171770.439,170.439,0.97,594.82,0.96,149.0,0.95,228.8,0.94,211.74,0.93,180.8,0.98,396.45,0.99,2649.86,,,,,,,0.02,438.0,0.01,2754.62,,,,,,,0.04,484.86,0.05,228.0,0.06,156.74,0.07,341.01,0.08,292.51,0.01,0.02,2379.265517,1776171769000
1776171770.641,170.641,0.97,752.82,0.96,154.0,0.95,233.8,0.94,211.74,0.93,180.8,0.98,344.92,0.99,2649.86,,,,,,,0.02,396.45,0.01,2649.86,,,,,,,0.03,594.82,0.04,149.0,0.05,228.8,0.06,211.74,0.07,180.8,0.01,0.01,2379.265517,1776171769000
1776171771.119,171.119,0.97,757.82,0.96,154.0,0.95,233.8,0.94,211.74,0.93,180.8,0.98,343.89,0.99,2649.86,,,,,,,0.02,343.89,0.01,2649.86,,,,,,,0.03,757.82,0.04,154.0,0.05,233.8,0.06,211.74,0.07,180.8,0.01,0.01,2379.442066,1776171770000
1776171772.113,172.113,0.97,762.0,0.96,222.82,0.95,100.0,0.94,62.94,0.93,180.8,0.98,699.29,0.99,2630.62,,,,,,,0.02,343.89,0.01,2649.86,,,,,,,0.03,757.82,0.04,154.0,0.05,233.8,0.06,211.74,0.07,180.8,0.01,0.01,2379.442066,1776171770000
1776171774.064,174.064,0.97,132.52,0.96,5.0,0.95,124.0,0.94,70.44,0.93,158.5,0.98,553.29,0.99,2545.69,,,,,,,0.02,699.29,0.01,2630.62,,,,,,,0.03,762.0,0.04,222.82,0.05,100.0,0.06,62.94,0.07,180.8,0.01,0.01,2379.61117,1776171771000
1776171774.599,174.599,0.95,124.0,0.94,70.44,0.93,158.5,0.92,218.61,0.91,62.85,0.98,563.29,0.99,2545.69,,,,,,,0.02,563.29,0.01,2545.69,,,,,,,0.05,124.0,0.06,70.44,0.07,158.5,0.08,218.61,0.09,62.85,0.03,0.03,2379.338125,1776171773000
1776171775.179,175.179,0.95,231.0,0.94,202.44,0.93,100.5,0.92,218.61,0.91,117.85,0.96,124.69,0.97,480.7,0.98,505.29,0.99,2540.69,,,0.04,124.69,0.03,480.7,0.02,505.29,0.01,2540.69,,,0.05,231.0,0.06,202.44,0.07,100.5,0.08,218.61,0.09,117.85,0.01,0.01,2379.364047,1776171774000
1776171775.625,175.625,0.95,71.0,0.94,213.44,0.93,100.5,0.92,218.61,0.91,117.85,0.96,294.69,0.97,263.7,0.98,505.29,0.99,2550.69,,,0.04,124.69,0.03,480.7,0.02,505.29,0.01,2540.69,,,0.05,231.0,0.06,202.44,0.07,100.5,0.08,218.61,0.09,117.85,0.01,0.01,2379.364047,1776171774000
1776171776.296,176.296,0.95,71.0,0.94,213.44,0.93,100.5,0.92,218.61,0.91,117.85,0.96,294.69,0.97,263.7,0.98,505.29,0.99,2550.69,,,0.04,294.69,0.03,263.7,0.02,505.29,0.01,2550.69,,,0.05,71.0,0.06,213.44,0.07,100.5,0.08,218.61,0.09,117.85,0.01,0.01,2378.717325,1776171775000
1776171777.104,177.104,0.94,10.18,0.93,15.0,0.92,196.11,0.91,60.85,0.9,14.0,0.96,405.27,0.97,269.68,0.98,505.29,0.99,2550.69,,,0.04,294.69,0.03,263.7,0.02,505.29,0.01,2550.69,,,0.05,71.0,0.06,213.44,0.07,100.5,0.08,218.61,0.09,117.85,0.02,0.01,2378.717325,1776171775000
1776171777.543,177.543,0.92,170.51,0.91,60.85,0.9,20.01,0.89,20.0,0.88,20.09,0.96,306.49,0.97,269.68,0.98,505.29,0.99,2550.69,,,0.04,306.49,0.03,269.68,0.02,505.29,0.01,2550.69,,,0.08,170.51,0.09,60.85,0.1,20.01,0.11,20.0,0.12,20.09,0.04,0.04,2378.514885,1776171776000
1776171777.794,177.794,0.93,239.23,0.92,254.02,0.91,116.67,0.9,14.0,0.89,20.0,0.94,90.08,0.95,300.43,0.96,293.49,0.97,321.7,0.98,490.94,0.06,137.08,0.05,330.43,0.04,233.49,0.03,326.7,0.02,490.94,0.07,218.73,0.08,238.52,0.09,116.67,0.1,14.0,0.11,20.0,0.01,0.01,2378.514885,1776171776000
1776171778.119,178.119,0.93,198.73,0.92,289.02,0.91,116.67,0.9,14.0,0.89,20.0,0.94,19.18,0.95,200.43,0.96,193.8,0.97,221.7,0.98,390.94,0.06,21.84,0.05,200.43,0.04,193.8,0.03,221.7,0.02,390.94,0.07,239.23,0.08,254.02,0.09,116.67,0.1,14.0,0.11,20.0,0.01,0.01,2378.514885,1776171776000
1776171778.371,178.371,0.94,83.0,0.93,176.5,0.92,183.02,0.91,116.67,0.9,14.0,0.95,20.97,0.96,155.8,0.97,196.7,0.98,380.94,0.99,2450.69,0.05,154.81,0.04,193.8,0.03,221.7,0.02,390.94,0.01,2455.69,0.06,2.0,0.07,155.0,0.08,289.02,0.09,116.67,0.1,14.0,0.01,0.01,2378.382153,1776171777000
1776171778.584,178.584,0.94,104.0,0.93,166.0,0.92,169.02,0.91,116.67,0.9,14.0,0.95,5.73,0.96,183.8,0.97,138.7,0.98,380.94,0.99,2450.69,0.05,10.73,0.04,183.8,0.03,138.7,0.02,380.94,0.01,2460.69,0.06,104.0,0.07,166.0,0.08,169.02,0.09,116.67,0.1,14.0,0.01,0.01,2378.382153,1776171777000
1776171778.843,178.843,0.94,74.0,0.93,252.83,0.92,169.02,0.91,116.67,0.9,14.0,0.95,25.93,0.96,213.8,0.97,138.7,0.98,380.94,0.99,2450.69,0.05,5.73,0.04,183.8,0.03,138.7,0.02,380.94,0.01,2450.69,0.06,104.0,0.07,166.0,0.08,169.02,0.09,116.67,0.1,14.0,0.01,0.01,2378.382153,1776171777000
1776171779.315,179.315,0.94,74.0,0.93,252.83,0.92,169.02,0.91,116.67,0.9,14.0,0.95,25.93,0.96,213.8,0.97,138.7,0.98,380.94,0.99,2450.69,0.05,25.93,0.04,213.8,0.03,138.7,0.02,380.94,0.01,2450.69,0.06,74.0,0.07,252.83,0.08,169.02,0.09,116.67,0.1,14.0,0.01,0.01,2377.996921,1776171778000
1776171779.901,179.901,0.94,255.7,0.93,166.0,0.92,169.02,0.91,121.67,0.9,14.0,0.95,125.21,0.96,166.8,0.97,163.7,0.98,489.72,0.99,2435.69,0.05,132.21,0.04,166.8,0.03,163.7,0.02,489.72,0.01,2835.69,0.06,88.0,0.07,252.83,0.08,169.02,0.09,516.67,0.1,14.0,0.01,0.01,2377.996921,1776171778000
1776171780.119,180.119,0.94,186.7,0.93,184.0,0.92,158.52,0.91,116.67,0.9,14.0,0.95,107.28,0.96,166.8,0.97,163.7,0.98,489.72,0.99,2325.69,0.05,129.15,0.04,166.8,0.03,163.7,0.02,489.72,0.01,2435.69,0.06,255.7,0.07,166.0,0.08,169.02,0.09,116.67,0.1,14.0,0.01,0.01,2377.996921,1776171778000
1776171780.384,180.384,0.94,186.7,0.93,184.0,0.92,158.52,0.91,116.67,0.9,14.0,0.95,107.28,0.96,166.8,0.97,163.7,0.98,489.72,0.99,2325.69,0.05,107.28,0.04,166.8,0.03,163.7,0.02,489.72,0.01,2325.69,0.06,186.7,0.07,184.0,0.08,158.52,0.09,116.67,0.1,14.0,0.01,0.01,2378.053275,1776171779000
1776171780.743,180.743,0.94,189.18,0.93,138.0,0.92,239.52,0.91,116.67,0.9,14.0,0.95,177.81,0.96,166.8,0.97,163.7,0.98,489.72,0.99,2335.69,0.05,177.81,0.04,166.8,0.03,163.7,0.02,489.72,0.01,2335.69,0.06,175.74,0.07,138.0,0.08,239.52,0.09,116.67,0.1,14.0,0.01,0.01,2378.053275,1776171779000
1776171781.763,181.763,0.94,233.18,0.93,184.0,0.92,555.11,0.91,127.17,0.9,19.0,0.95,166.87,0.96,166.8,0.97,163.7,0.98,484.72,0.99,2720.69,0.05,171.81,0.04,166.8,0.03,163.7,0.02,489.72,0.01,2335.69,0.06,159.18,0.07,138.0,0.08,239.52,0.09,116.67,0.1,14.0,0.01,0.01,2378.089845,1776171780000
1776171782.113,182.113,0.94,233.18,0.93,184.0,0.92,555.11,0.91,127.17,0.9,19.0,0.95,166.87,0.96,166.8,0.97,163.7,0.98,484.72,0.99,2720.69,0.05,166.87,0.04,166.8,0.03,163.7,0.02,484.72,0.01,2720.69,0.06,233.18,0.07,184.0,0.08,555.11,0.09,127.17,0.1,19.0,0.01,0.01,2378.103665,1776171781000
1776171782.399,182.399,0.93,50.26,0.92,50.18,0.91,44.85,0.9,14.0,0.89,20.0,0.95,165.08,0.96,188.8,0.97,163.7,0.98,344.79,0.99,2405.69,0.05,166.87,0.04,166.8,0.03,163.7,0.02,484.72,0.01,2720.69,0.06,233.18,0.07,184.0,0.08,555.11,0.09,127.17,0.1,19.0,0.02,0.01,2378.103665,1776171781000
1776171782.741,182.741,0.91,8.01,0.9,62.0,0.89,5.0,0.88,54.19,0.87,15.0,0.94,10.0,0.95,218.8,0.96,213.8,0.97,282.65,0.98,354.79,0.05,160.08,0.04,188.8,0.03,163.7,0.02,354.79,0.01,2405.69,0.07,9.26,0.08,50.18,0.09,44.85,0.1,14.0,0.11,15.0,0.03,0.02,2378.103665,1776171781000
1776171782.983,182.983,0.91,3.73,0.9,160.01,0.89,76.0,0.88,154.01,0.87,25.0,0.92,35.0,0.93,35.0,0.94,176.8,0.95,150.8,0.96,273.8,0.06,10.0,0.05,218.8,0.04,213.8,0.03,282.65,0.02,354.79,0.1,61.01,0.11,5.0,0.12,54.19,0.13,15.0,0.14,20.0,0.01,0.04,2378.103665,1776171781000
1776171783.245,183.245,0.91,3.73,0.9,160.01,0.89,76.0,0.88,154.01,0.87,25.0,0.92,35.0,0.93,35.0,0.94,176.8,0.95,150.8,0.96,273.8,0.08,35.0,0.07,35.0,0.06,176.8,0.05,150.8,0.04,273.8,0.09,3.73,0.1,160.01,0.11,76.0,0.12,154.01,0.13,25.0,0.01,0.01,2378.14757,1776171782000
1776171783.82,183.82,0.92,30.0,0.91,78.0,0.9,60.51,0.89,108.5,0.88,54.19,0.93,47.32,0.94,156.8,0.95,115.8,0.96,253.8,0.97,173.7,0.07,33.94,0.06,171.8,0.05,130.8,0.04,243.8,0.03,173.7,0.09,15.0,0.1,86.01,0.11,50.0,0.12,125.19,0.13,20.0,0.01,0.02,2378.14757,1776171782000
1776171784.365,184.365,0.92,39.0,0.91,78.0,0.9,60.51,0.89,108.5,0.88,54.19,0.93,58.5,0.94,156.8,0.95,115.8,0.96,253.8,0.97,173.7,0.07,58.5,0.06,156.8,0.05,115.8,0.04,253.8,0.03,173.7,0.08,39.0,0.09,78.0,0.1,60.51,0.11,108.5,0.12,54.19,0.01,0.01,2377.627536,1776171783000
1776171784.892,184.892,0.92,39.0,0.91,78.0,0.9,60.51,0.89,108.5,0.88,54.19,0.93,58.5,0.94,156.8,0.95,115.8,0.96,253.8,0.97,173.7,0.07,58.5,0.06,156.8,0.05,115.8,0.04,253.8,0.03,173.7,0.08,39.0,0.09,78.0,0.1,60.51,0.11,108.5,0.12,54.19,0.01,0.01,2377.487385,1776171784000
1776171786.042,186.042,0.92,175.74,0.91,249.03,0.9,84.5,0.89,20.5,0.88,54.19,0.93,69.0,0.94,15.0,0.95,168.8,0.96,238.8,0.97,179.68,0.07,69.0,0.06,15.0,0.05,168.8,0.04,238.8,0.03,179.68,0.08,175.74,0.09,249.03,0.1,84.5,0.11,20.5,0.12,54.19,0.01,0.01,2377.600735,1776171785000
1776171787.101,187.101,0.92,176.74,0.91,249.03,0.9,430.5,0.89,25.5,0.88,54.19,0.93,69.0,0.94,173.0,0.95,110.8,0.96,193.8,0.97,199.85,0.07,69.0,0.06,173.0,0.05,110.8,0.04,193.8,0.03,199.85,0.08,176.74,0.09,249.03,0.1,430.5,0.11,25.5,0.12,54.19,0.01,0.01,2377.67993,1776171786000
1776171788.072,188.072,0.92,52.25,0.91,297.64,0.9,430.5,0.89,25.5,0.88,133.01,0.93,88.42,0.94,173.0,0.95,110.8,0.96,193.8,0.97,298.63,0.07,69.0,0.06,173.0,0.05,110.8,0.04,193.8,0.03,199.85,0.08,176.74,0.09,249.03,0.1,430.5,0.11,25.5,0.12,54.19,0.01,0.01,2377.67993,1776171786000
1776171788.422,188.422,0.92,48.5,0.91,292.64,0.9,430.5,0.89,25.5,0.88,133.01,0.93,82.23,0.94,173.0,0.95,110.8,0.96,193.8,0.97,298.63,0.07,87.23,0.06,173.0,0.05,110.8,0.04,193.8,0.03,298.63,0.08,52.25,0.09,297.64,0.1,430.5,0.11,25.5,0.12,133.01,0.01,0.01,2377.67993,1776171786000
1776171788.788,188.788,0.92,24.75,0.91,297.64,0.9,430.5,0.89,25.5,0.88,133.01,0.93,78.42,0.94,173.0,0.95,35.0,0.96,193.8,0.97,298.63,0.07,82.23,0.06,173.0,0.05,110.8,0.04,193.8,0.03,298.63,0.08,48.5,0.09,292.64,0.1,430.5,0.11,25.5,0.12,133.01,0.01,0.01,2377.67993,1776171786000
1776171789.134,189.134,0.92,103.68,0.91,244.03,0.9,430.5,0.89,25.5,0.88,133.01,0.93,10.0,0.94,173.0,0.95,35.0,0.96,193.8,0.97,298.63,0.07,73.42,0.06,173.0,0.05,35.0,0.04,193.8,0.03,298.63,0.08,24.75,0.09,297.64,0.1,430.5,0.11,25.5,0.12,133.01,0.01,0.01,2377.70897,1776171787000
1776171789.609,189.609,0.92,57.43,0.91,244.03,0.9,430.5,0.89,25.5,0.88,133.01,0.93,10.0,0.94,173.0,0.95,35.0,0.96,193.8,0.97,298.63,0.07,10.0,0.06,173.0,0.05,35.0,0.04,193.8,0.03,298.63,0.08,57.43,0.09,244.03,0.1,430.5,0.11,25.5,0.12,133.01,0.01,0.01,2377.709045,1776171788000
1776171790.184,190.184,0.92,394.93,0.91,325.94,0.9,20.5,0.89,15.0,0.88,183.29,0.94,98.61,0.95,15.0,0.96,161.8,0.97,158.7,0.98,344.79,0.07,21.19,0.06,193.0,0.05,35.0,0.04,193.8,0.03,298.63,0.08,67.43,0.09,238.03,0.1,430.5,0.11,25.5,0.12,133.01,0.02,0.01,2377.709045,1776171788000
1776171790.432,190.432,0.93,252.0,0.92,157.5,0.91,269.94,0.9,20.5,0.89,15.0,0.94,61.98,0.95,39.0,0.96,103.8,0.97,158.7,0.98,344.79,0.06,97.39,0.05,15.0,0.04,103.8,0.03,158.7,0.02,344.79,0.07,24.0,0.08,357.93,0.09,325.94,0.1,20.5,0.11,15.0,0.01,0.01,2377.74087,1776171789000
1776171791.126,191.126,0.93,229.89,0.92,94.0,0.91,190.02,0.9,25.5,0.89,20.0,0.94,44.39,0.95,68.0,0.96,163.8,0.97,163.7,0.98,349.79,0.06,12.98,0.05,97.0,0.04,103.8,0.03,133.7,0.02,344.79,0.07,202.0,0.08,157.5,0.09,269.94,0.1,20.5,0.11,15.0,0.01,0.01,2377.74087,1776171789000
1776171791.449,191.449,0.93,229.89,0.92,94.0,0.91,190.02,0.9,25.5,0.89,20.0,0.94,44.39,0.95,68.0,0.96,163.8,0.97,163.7,0.98,349.79,0.06,44.39,0.05,68.0,0.04,163.8,0.03,163.7,0.02,349.79,0.07,229.89,0.08,94.0,0.09,190.02,0.1,25.5,0.11,20.0,0.01,0.01,2377.75848,1776171790000
1776171791.691,191.691,0.93,415.89,0.92,167.5,0.91,112.02,0.9,20.5,0.89,15.0,0.94,12.38,0.95,124.0,0.96,103.8,0.97,163.7,0.98,339.79,0.06,44.39,0.05,68.0,0.04,163.8,0.03,163.7,0.02,349.79,0.07,229.89,0.08,94.0,0.09,190.02,0.1,25.5,0.11,20.0,0.01,0.01,2377.75848,1776171790000
1776171792.08,192.08,0.93,410.89,0.92,167.5,0.91,112.02,0.9,20.5,0.89,15.0,0.95,110.56,0.96,103.8,0.97,163.7,0.98,339.79,0.99,2470.69,0.05,110.56,0.04,103.8,0.03,163.7,0.02,339.79,0.01,2470.69,0.07,410.89,0.08,167.5,0.09,112.02,0.1,20.5,0.11,15.0,0.02,0.02,2377.917615,1776171791000
1776171792.495,192.495,0.94,532.76,0.93,122.33,0.92,45.5,0.91,107.02,0.9,160.5,0.96,27.73,0.97,191.7,0.98,314.79,0.99,2355.69,,,0.05,110.56,0.04,103.8,0.03,163.7,0.02,339.79,0.01,2470.69,0.07,410.89,0.08,167.5,0.09,112.02,0.1,20.5,0.11,15.0,0.02,0.02,2377.917615,1776171791000
1776171792.787,192.787,0.94,527.76,0.93,122.33,0.92,50.5,0.91,102.02,0.9,160.5,0.96,21.2,0.97,191.7,0.98,314.79,0.99,2355.69,,,0.04,22.52,0.03,191.7,0.02,314.79,0.01,2355.69,,,0.06,532.76,0.07,122.33,0.08,45.5,0.09,107.02,0.1,160.5,0.02,0.02,2377.917615,1776171791000
1776171793.197,193.197,0.94,528.8,0.93,122.33,0.92,50.5,0.91,146.02,0.9,160.5,0.96,18.73,0.97,191.7,0.98,314.79,0.99,2355.69,,,0.04,18.73,0.03,191.7,0.02,314.79,0.01,2355.69,,,0.06,528.8,0.07,122.33,0.08,50.5,0.09,146.02,0.1,160.5,0.02,0.02,2377.99309,1776171792000
1776171794.273,194.273,0.96,252.82,0.95,188.33,0.94,125.09,0.93,165.8,0.92,189.4,0.97,0.32,0.98,497.68,0.99,2245.86,,,,,0.03,108.63,0.02,416.68,0.01,2225.69,,,,,0.05,388.81,0.06,133.09,0.07,72.83,0.08,40.5,0.09,296.02,0.01,0.02,2377.99309,1776171792000
1776171794.502,194.502,0.96,252.82,0.95,203.33,0.94,193.89,0.93,160.8,0.92,259.4,0.98,497.68,0.99,2245.86,,,,,,,0.03,0.32,0.02,497.68,0.01,2245.86,,,,,0.04,252.82,0.05,188.33,0.06,125.09,0.07,165.8,0.08,189.4,0.02,0.01,2378.274225,1776171793000
1776171794.934,194.934,0.96,252.82,0.95,203.33,0.94,198.89,0.93,160.8,0.92,259.4,0.98,497.68,0.99,2245.86,,,,,,,0.02,497.68,0.01,2245.86,,,,,,,0.04,252.82,0.05,203.33,0.06,198.89,0.07,160.8,0.08,259.4,0.02,0.02,2378.476967,1776171794000
1776171795.331,195.331,0.97,181.67,0.96,244.01,0.95,133.33,0.94,193.89,0.93,165.8,0.98,533.02,0.99,2256.84,,,,,,,0.02,533.02,0.01,2256.84,,,,,,,0.03,185.34,0.04,235.82,0.05,143.33,0.06,193.89,0.07,165.8,0.01,0.01,2378.476967,1776171794000
1776171795.662,195.662,0.97,238.33,0.96,281.01,0.95,40.0,0.94,193.89,0.93,265.8,0.98,284.82,0.99,2256.84,,,,,,,0.02,519.02,0.01,2256.84,,,,,,,0.03,201.67,0.04,244.01,0.05,133.33,0.06,193.89,0.07,165.8,0.01,0.01,2378.476967,1776171794000
1776171796.003,196.003,0.97,238.33,0.96,281.01,0.95,40.0,0.94,193.89,0.93,265.8,0.98,284.82,0.99,2256.84,,,,,,,0.02,284.82,0.01,2256.84,,,,,,,0.03,238.33,0.04,281.01,0.05,40.0,0.06,193.89,0.07,265.8,0.01,0.01,2378.737559,1776171795000
1776171797.303,197.303,0.97,238.33,0.96,281.01,0.95,40.0,0.94,193.89,0.93,265.8,0.98,284.82,0.99,2256.84,,,,,,,0.02,284.82,0.01,2256.84,,,,,,,0.03,238.33,0.04,281.01,0.05,40.0,0.06,193.89,0.07,265.8,0.01,0.01,2378.855168,1776171796000
1776171797.558,197.558,0.97,635.7,0.96,377.82,0.95,115.8,0.94,204.39,0.93,426.01,0.98,277.32,0.99,2448.63,,,,,,,0.02,284.82,0.01,2256.84,,,,,,,0.03,238.33,0.04,281.01,0.05,40.0,0.06,193.89,0.07,265.8,0.01,0.01,2378.855168,1776171796000
1776171797.887,197.887,0.97,635.7,0.96,377.82,0.95,115.8,0.94,204.39,0.93,426.01,0.98,277.32,0.99,2448.63,,,,,,,0.02,277.32,0.01,2448.63,,,,,,,0.03,635.7,0.04,377.82,0.05,115.8,0.06,204.39,0.07,426.01,0.01,0.01,2378.93073,1776171797000
