timestamp,elapsed_sec,up_bid_p1,up_bid_s1,up_bid_p2,up_bid_s2,up_ask_p1,up_ask_s1,up_ask_p2,up_ask_s2,down_bid_p1,down_bid_s1,down_bid_p2,down_bid_s2,down_ask_p1,down_ask_s1,down_ask_p2,down_ask_s2,up_spread,down_spread,eth_price,eth_oracle_ts
1776308701.006,1.006,0.47,5.0,0.46,70.0,0.49,5.0,0.5,10.0,0.51,5.0,0.5,10.0,0.53,5.0,0.54,70.0,0.02,0.02,2361.023976,1776308700000
1776308701.836,1.836,0.47,12.93,0.46,70.0,0.49,11.0,0.5,10.0,0.51,5.0,0.5,10.0,0.53,5.0,0.54,70.0,0.02,0.02,2361.023976,1776308700000
1776308702.183,2.183,0.47,12.93,0.46,70.0,0.49,16.0,0.5,15.0,0.51,11.0,0.5,10.0,0.53,12.93,0.54,70.0,0.02,0.02,2361.007386,1776308701000
1776308703.615,3.615,0.47,2.93,0.41,70.0,0.48,7.0,0.49,80.0,0.51,11.0,0.5,23.0,0.53,7.93,0.54,83.0,0.01,0.02,2360.935195,1776308702000
1776308704.058,4.058,0.41,70.0,0.4,80.0,0.48,27.5,0.49,85.0,0.52,7.0,0.51,80.0,0.53,2.93,0.59,70.0,0.07,0.01,2360.935195,1776308702000
1776308704.677,4.677,0.41,93.0,0.4,80.0,0.42,5.0,0.43,10.0,0.52,23.41,0.51,85.0,0.59,70.0,0.6,80.0,0.01,0.07,2360.961352,1776308703000
1776308705.837,5.837,0.41,93.0,0.4,83.0,0.42,10.5,0.43,10.0,0.58,5.0,0.57,10.0,0.59,93.0,0.6,80.0,0.01,0.01,2360.723567,1776308704000
1776308706.246,6.246,0.41,80.0,0.4,70.0,0.42,15.5,0.43,15.0,0.58,5.5,0.57,10.0,0.59,93.0,0.6,83.0,0.01,0.01,2360.641129,1776308705000
1776308706.47,6.47,0.41,58.52,0.4,70.0,0.42,10.5,0.43,28.0,0.58,15.5,0.57,15.0,0.59,63.52,0.6,70.0,0.01,0.01,2360.641129,1776308705000
1776308707.19,7.19,0.41,44.75,0.4,70.0,0.42,55.5,0.43,80.0,0.58,20.5,0.57,28.0,0.59,49.75,0.6,70.0,0.01,0.01,2360.641129,1776308705000
1776308707.662,7.662,0.41,116.75,0.4,80.0,0.42,5.5,0.44,10.0,0.58,55.5,0.57,80.0,0.59,44.75,0.6,70.0,0.01,0.01,2360.614953,1776308706000
1776308708.002,8.002,0.41,96.75,0.4,70.0,0.42,13.0,0.43,10.0,0.58,13.0,0.57,10.0,0.59,96.75,0.6,80.0,0.01,0.01,2360.614953,1776308706000
1776308708.367,8.367,0.41,276.75,0.4,78.0,0.43,10.0,0.44,22.0,0.58,13.0,0.57,10.0,0.59,96.75,0.6,70.0,0.02,0.01,2360.614953,1776308706000
1776308709.127,9.127,0.42,305.0,0.41,34.75,0.45,23.0,0.46,22.0,0.57,10.0,0.56,22.0,0.59,276.75,0.6,78.0,0.03,0.02,2360.478115,1776308708000
1776308710.163,10.163,0.43,305.0,0.42,5.0,0.44,12.5,0.45,78.17,0.55,23.0,0.54,22.0,0.58,305.0,0.59,34.75,0.01,0.03,2360.527306,1776308709000
1776308710.382,10.382,0.43,295.0,0.41,55.75,0.44,17.5,0.45,78.17,0.56,12.5,0.55,78.17,0.57,305.0,0.58,5.0,0.01,0.01,2360.527306,1776308709000
1776308711.315,11.315,0.44,238.94,0.43,68.0,0.45,83.17,0.46,81.0,0.55,83.17,0.54,23.0,0.57,300.0,0.59,55.75,0.01,0.02,2360.570287,1776308710000
1776308713.085,13.085,0.44,300.0,0.43,5.0,0.49,264.0,0.5,106.0,0.55,83.17,0.54,81.0,0.56,238.94,0.57,68.0,0.05,0.01,2360.506846,1776308711000
1776308713.426,13.426,0.44,305.0,0.43,15.0,0.45,3.49,0.46,15.0,0.51,264.0,0.5,106.0,0.56,300.0,0.57,5.0,0.01,0.05,2360.506846,1776308711000
1776308714.097,14.097,0.44,216.67,0.43,20.0,0.45,119.4,0.46,16.0,0.55,3.49,0.54,15.0,0.56,305.0,0.57,15.0,0.01,0.01,2360.53775,1776308713000
1776308714.425,14.425,0.44,211.54,0.43,20.0,0.45,119.4,0.46,16.0,0.55,119.4,0.54,16.0,0.56,216.67,0.57,20.0,0.01,0.01,2360.53775,1776308713000
1776308715.637,15.637,0.49,27.0,0.48,95.0,0.51,11.09,0.52,12.0,0.55,119.4,0.54,16.0,0.56,211.54,0.57,20.0,0.02,0.01,2360.53775,1776308714000
1776308715.884,15.884,0.51,82.0,0.5,105.0,0.52,0.45,0.53,5.0,0.48,8.15,0.47,5.0,0.49,72.0,0.5,120.0,0.01,0.01,2360.53775,1776308714000
1776308716.403,16.403,0.51,56.35,0.5,275.0,0.54,11.0,0.55,85.0,0.46,11.0,0.45,75.0,0.49,82.0,0.5,285.0,0.03,0.03,2360.601122,1776308715000
1776308716.972,16.972,0.5,75.0,0.49,15.0,0.52,158.0,0.53,48.0,0.46,11.0,0.45,85.0,0.49,56.35,0.5,275.0,0.02,0.03,2360.601122,1776308715000
1776308718.807,18.807,0.51,20.0,0.5,283.0,0.52,7.0,0.53,12.0,0.49,20.0,0.48,158.0,0.5,2.0,0.51,15.0,0.01,0.01,2360.984076,1776308717000
1776308719.3,19.3,0.56,15.0,0.55,10.0,0.58,10.0,0.59,16.0,0.47,4.0,0.45,81.0,0.49,35.0,0.5,288.0,0.02,0.02,2360.91325,1776308718000
1776308719.986,19.986,0.56,114.0,0.55,200.0,0.57,121.0,0.58,22.0,0.42,10.0,0.41,16.0,0.44,15.0,0.45,10.0,0.01,0.02,2360.91325,1776308718000
1776308720.268,20.268,0.56,102.0,0.55,200.0,0.57,116.0,0.58,90.65,0.43,121.0,0.42,22.0,0.44,114.0,0.45,200.0,0.01,0.01,2360.912219,1776308719000
1776308721.487,21.487,0.56,40.63,0.55,257.0,0.57,128.0,0.58,279.15,0.43,116.0,0.42,90.65,0.44,102.0,0.45,200.0,0.01,0.01,2361.115667,1776308720000
1776308721.814,21.814,0.56,40.63,0.55,263.4,0.57,111.73,0.58,279.15,0.43,128.0,0.42,279.15,0.44,40.63,0.45,257.0,0.01,0.01,2361.115667,1776308720000
1776308722.727,22.727,0.56,20.0,0.55,21.4,0.57,108.41,0.58,156.15,0.43,111.73,0.42,279.15,0.44,40.63,0.45,263.4,0.01,0.01,2361.190682,1776308721000
1776308724.375,24.375,0.56,20.0,0.55,85.8,0.57,240.0,0.58,96.0,0.43,108.41,0.42,156.15,0.44,20.0,0.45,21.4,0.01,0.01,2361.16352,1776308723000
1776308724.862,24.862,0.56,25.0,0.55,147.8,0.57,65.87,0.58,219.0,0.43,240.0,0.42,96.0,0.44,20.0,0.45,85.8,0.01,0.01,2361.16352,1776308723000
1776308725.231,25.231,0.57,27.0,0.56,421.0,0.58,17.57,0.61,11.0,0.43,24.0,0.42,29.0,0.44,427.0,0.45,183.8,0.01,0.01,2361.15929,1776308724000
1776308725.5,25.5,0.6,27.0,0.59,20.0,0.62,10.0,0.63,16.0,0.39,11.0,0.38,10.0,0.43,22.0,0.44,426.0,0.02,0.04,2361.15929,1776308724000
1776308725.748,25.748,0.61,20.0,0.6,40.0,0.62,47.12,0.63,29.0,0.38,10.0,0.37,16.0,0.4,27.0,0.41,20.0,0.01,0.02,2361.15929,1776308724000
1776308726.048,26.048,0.61,119.0,0.6,283.0,0.62,21.3,0.63,18.0,0.38,37.12,0.37,29.0,0.39,15.0,0.4,45.0,0.01,0.01,2361.15929,1776308724000
1776308726.296,26.296,0.62,15.0,0.61,112.0,0.63,12.76,0.64,324.04,0.37,18.0,0.36,68.0,0.39,119.0,0.4,283.0,0.01,0.02,2361.15929,1776308724000
1776308726.798,26.798,0.62,22.0,0.61,350.0,0.63,2.12,0.64,144.04,0.37,12.76,0.36,324.04,0.38,15.0,0.39,112.0,0.01,0.01,2361.1386,1776308725000
1776308727.416,27.416,0.63,4.72,0.62,15.0,0.64,241.04,0.65,104.0,0.37,2.12,0.36,144.04,0.38,22.0,0.39,350.0,0.01,0.01,2361.235326,1776308726000
1776308727.772,27.772,0.59,0.99,0.58,90.0,0.64,236.04,0.65,104.0,0.36,241.04,0.35,104.0,0.37,4.72,0.38,15.0,0.05,0.01,2361.235326,1776308726000
1776308728.148,28.148,0.61,20.0,0.6,15.0,0.62,7.41,0.63,17.0,0.38,12.91,0.37,17.0,0.41,0.99,0.42,90.0,0.01,0.03,2361.235326,1776308726000
1776308728.391,28.391,0.61,20.0,0.6,15.0,0.63,13.34,0.64,188.04,0.38,7.41,0.37,17.0,0.39,20.0,0.4,15.0,0.02,0.01,2361.536894,1776308727000
1776308729.459,29.459,0.62,10.0,0.61,15.0,0.63,18.75,0.64,85.04,0.37,13.34,0.36,188.04,0.39,20.0,0.4,15.0,0.01,0.02,2361.5721,1776308728000
1776308730.289,30.289,0.58,120.37,0.57,37.0,0.63,18.75,0.64,95.04,0.37,18.75,0.36,85.04,0.38,10.0,0.39,15.0,0.05,0.01,2361.572071,1776308729000
1776308730.613,30.613,0.59,398.0,0.58,31.0,0.63,5.0,0.64,95.04,0.37,18.75,0.36,95.04,0.42,120.37,0.43,37.0,0.04,0.05,2361.572071,1776308729000
1776308730.835,30.835,0.62,50.0,0.61,72.0,0.64,95.04,0.65,282.19,0.37,5.0,0.36,95.04,0.41,398.0,0.42,31.0,0.02,0.04,2361.572071,1776308729000
1776308731.466,31.466,0.63,50.0,0.62,25.0,0.64,64.04,0.65,282.19,0.36,95.04,0.35,282.19,0.38,50.0,0.39,72.0,0.01,0.02,2361.637669,1776308730000
1776308733.029,33.029,0.63,45.0,0.62,30.5,0.64,87.63,0.65,379.9,0.36,116.04,0.35,282.19,0.37,25.0,0.38,25.0,0.01,0.01,2361.605824,1776308731000
1776308733.413,33.413,0.63,18.83,0.62,30.5,0.64,136.2,0.65,367.9,0.36,135.2,0.35,367.9,0.37,38.83,0.38,30.5,0.01,0.01,2361.644378,1776308732000
1776308735.765,35.765,0.63,68.01,0.62,36.0,0.64,316.2,0.65,198.09,0.36,136.2,0.35,367.9,0.37,18.83,0.38,30.5,0.01,0.01,2361.604843,1776308734000
1776308736.274,36.274,0.58,55.48,0.57,31.0,0.64,321.2,0.65,120.57,0.36,316.2,0.35,198.09,0.37,68.01,0.38,36.0,0.06,0.01,2361.604843,1776308734000
1776308736.867,36.867,0.6,14.87,0.59,6.0,0.61,382.2,0.62,164.0,0.36,321.2,0.35,120.57,0.42,55.48,0.43,31.0,0.01,0.06,2361.65672,1776308735000
1776308737.375,37.375,0.55,233.8,0.54,195.0,0.56,11.0,0.58,92.0,0.39,382.2,0.38,164.0,0.45,12.8,0.47,16.0,0.01,0.06,2361.661593,1776308736000
1776308737.851,37.851,0.56,215.8,0.55,212.8,0.57,15.0,0.58,85.0,0.42,85.0,0.41,85.0,0.45,243.8,0.46,195.0,0.01,0.03,2361.661593,1776308736000
1776308738.284,38.284,0.57,170.0,0.56,253.0,0.59,5.0,0.6,15.0,0.43,15.0,0.42,85.0,0.44,195.35,0.45,212.8,0.02,0.01,2361.601863,1776308737000
1776308739.188,39.188,0.58,85.0,0.57,263.0,0.6,24.0,0.61,15.0,0.41,5.0,0.4,15.0,0.43,170.0,0.44,253.0,0.02,0.02,2361.467252,1776308738000
1776308741.571,41.571,0.57,40.0,0.56,6.37,0.58,23.91,0.59,10.0,0.4,24.0,0.39,15.0,0.42,85.0,0.43,263.0,0.01,0.02,2361.48505,1776308740000
1776308741.852,41.852,0.56,63.37,0.55,12.8,0.57,34.0,0.58,73.91,0.42,75.91,0.41,10.0,0.44,6.37,0.45,12.8,0.01,0.02,2361.48505,1776308740000
1776308742.171,42.171,0.55,32.8,0.54,5.0,0.56,81.0,0.57,317.0,0.43,34.0,0.42,73.91,0.44,63.37,0.45,12.8,0.01,0.01,2361.48505,1776308740000
1776308742.69,42.69,0.55,62.8,0.54,15.0,0.56,46.94,0.57,111.0,0.44,81.0,0.43,317.0,0.45,32.8,0.46,5.0,0.01,0.01,2361.48031,1776308741000
1776308742.983,42.983,0.55,115.89,0.54,73.0,0.56,20.94,0.57,34.0,0.44,20.94,0.43,34.0,0.45,73.8,0.46,73.0,0.01,0.01,2361.48031,1776308741000
1776308743.596,43.596,0.55,298.66,0.54,79.5,0.56,20.94,0.57,34.0,0.44,20.94,0.43,34.0,0.45,115.89,0.46,73.0,0.01,0.01,2361.491005,1776308742000
1776308745.202,45.202,0.54,122.5,0.53,21.0,0.55,15.18,0.56,46.94,0.44,20.94,0.43,34.0,0.45,298.66,0.46,79.5,0.01,0.01,2361.409835,1776308743000
1776308745.792,45.792,0.54,618.49,0.53,120.0,0.57,14.0,0.58,7.0,0.45,15.18,0.44,46.94,0.46,122.5,0.47,21.0,0.03,0.01,2361.426488,1776308744000
1776308746.076,46.076,0.59,42.38,0.58,20.0,0.6,24.0,0.61,73.0,0.43,14.0,0.42,7.0,0.46,618.49,0.47,120.0,0.01,0.03,2361.426488,1776308744000
1776308746.492,46.492,0.59,364.38,0.58,107.0,0.62,9.0,0.63,5.0,0.4,24.0,0.39,73.0,0.41,42.38,0.42,20.0,0.03,0.01,2361.4264,1776308745000
1776308747.23,47.23,0.61,95.0,0.6,77.0,0.64,88.18,0.65,45.57,0.38,8.29,0.37,5.0,0.39,37.0,0.4,10.0,0.03,0.01,2361.4264,1776308745000
1776308748.04,48.04,0.62,92.0,0.61,233.0,0.63,5.25,0.64,91.18,0.36,88.18,0.35,45.57,0.39,95.0,0.4,77.0,0.01,0.03,2361.435079,1776308746000
1776308748.505,48.505,0.62,49.96,0.61,5.0,0.63,338.25,0.64,101.18,0.37,5.25,0.36,91.18,0.38,92.0,0.39,233.0,0.01,0.01,2361.54931,1776308747000
1776308750.69,50.69,0.6,342.0,0.59,15.0,0.61,2.0,0.62,16.0,0.38,10.0,0.37,321.25,0.39,14.0,0.4,21.0,0.01,0.01,2361.68542,1776308749000
1776308751.56,51.56,0.6,105.0,0.59,62.0,0.61,15.08,0.62,79.0,0.39,2.0,0.38,16.0,0.4,342.0,0.41,15.0,0.01,0.01,2361.64861,1776308750000
1776308751.793,51.793,0.58,72.0,0.57,200.0,0.61,6.67,0.62,79.0,0.39,6.67,0.38,79.0,0.4,12.0,0.42,72.0,0.03,0.01,2361.64861,1776308750000
1776308752.134,52.134,0.58,20.0,0.57,262.0,0.59,51.0,0.6,20.0,0.39,6.67,0.38,79.0,0.42,72.0,0.43,200.0,0.01,0.03,2361.64861,1776308750000
1776308753.037,53.037,0.57,25.0,0.56,142.0,0.58,84.0,0.59,128.0,0.41,51.0,0.4,20.0,0.42,20.0,0.43,262.0,0.01,0.01,2361.618765,1776308751000
1776308756.212,56.212,0.57,104.0,0.56,278.37,0.58,59.46,0.59,118.0,0.42,84.0,0.41,128.0,0.43,25.0,0.44,142.0,0.01,0.01,2361.528211,1776308754000
1776308756.872,56.872,0.57,342.0,0.56,104.74,0.58,6.0,0.59,16.0,0.42,59.46,0.41,118.0,0.43,104.0,0.44,278.37,0.01,0.01,2361.56507,1776308755000
1776308757.287,57.287,0.57,352.0,0.56,104.74,0.58,0.91,0.59,16.0,0.42,6.0,0.41,16.0,0.43,342.0,0.44,104.74,0.01,0.01,2361.56507,1776308755000
1776308757.605,57.605,0.58,10.0,0.57,325.0,0.59,6.0,0.6,5.0,0.42,0.91,0.41,16.0,0.43,352.0,0.44,104.74,0.01,0.01,2361.569995,1776308756000
1776308757.867,57.867,0.58,279.0,0.57,25.0,0.59,4.13,0.6,20.0,0.41,6.0,0.4,5.0,0.42,10.0,0.43,325.0,0.01,0.01,2361.569995,1776308756000
1776308758.565,58.565,0.57,21.0,0.56,340.74,0.59,15.0,0.6,77.13,0.4,19.13,0.39,15.0,0.42,279.0,0.43,25.0,0.02,0.02,2361.573218,1776308757000
1776308760.215,60.215,0.56,12.74,0.54,13.5,0.58,226.0,0.59,90.0,0.41,15.0,0.4,77.13,0.43,21.0,0.44,340.74,0.02,0.02,2361.593676,1776308758000
1776308760.451,60.451,0.53,11.0,0.52,10.83,0.55,20.0,0.56,15.0,0.43,222.0,0.42,65.0,0.46,6.5,0.47,11.0,0.02,0.03,2361.527744,1776308759000
1776308760.863,60.863,0.48,175.43,0.47,13.0,0.5,10.0,0.51,27.0,0.47,20.0,0.46,20.0,0.49,5.0,0.5,5.0,0.02,0.02,2361.527744,1776308759000
1776308761.078,61.078,0.48,159.43,0.47,13.0,0.49,15.0,0.5,15.0,0.5,10.0,0.49,15.0,0.52,165.43,0.53,13.0,0.01,0.02,2361.522688,1776308760000
1776308761.299,61.299,0.47,5.0,0.46,13.0,0.49,72.18,0.5,200.0,0.51,20.0,0.5,15.0,0.52,114.43,0.53,13.0,0.02,0.01,2361.522688,1776308760000
1776308761.562,61.562,0.42,76.75,0.41,70.0,0.44,10.0,0.45,15.0,0.54,8.25,0.53,15.0,0.55,114.43,0.56,13.0,0.02,0.01,2361.522688,1776308760000
1776308762.026,62.026,0.42,81.75,0.41,85.0,0.43,10.0,0.44,7.9,0.57,10.0,0.56,7.9,0.58,76.75,0.59,80.0,0.01,0.01,2361.522688,1776308760000
1776308762.231,62.231,0.42,60.75,0.41,85.0,0.43,10.0,0.44,7.9,0.57,10.0,0.56,7.9,0.58,81.75,0.59,85.0,0.01,0.01,2361.334,1776308761000
1776308762.445,62.445,0.42,63.83,0.41,200.0,0.43,10.0,0.44,7.9,0.57,15.0,0.56,7.9,0.58,63.67,0.59,200.0,0.01,0.01,2361.334,1776308761000
1776308762.757,62.757,0.42,58.83,0.41,200.0,0.44,7.9,0.45,20.0,0.57,10.0,0.56,7.9,0.58,63.83,0.59,200.0,0.02,0.01,2361.334,1776308761000
1776308763.682,63.682,0.43,12.09,0.42,109.24,0.44,14.27,0.45,15.0,0.56,7.9,0.55,20.0,0.58,51.24,0.59,200.0,0.01,0.02,2361.03528,1776308762000
1776308763.909,63.909,0.43,7.09,0.42,51.24,0.44,10.88,0.45,20.0,0.56,14.27,0.55,15.0,0.57,12.09,0.58,109.24,0.01,0.01,2361.03528,1776308762000
1776308764.242,64.242,0.43,7.09,0.42,51.24,0.44,5.88,0.45,15.0,0.56,10.88,0.55,20.0,0.57,7.09,0.58,51.24,0.01,0.01,2360.657133,1776308763000
1776308764.697,64.697,0.43,122.32,0.42,231.24,0.44,15.88,0.45,15.0,0.56,5.88,0.55,15.0,0.57,7.09,0.58,51.24,0.01,0.01,2360.657133,1776308763000
1776308765.36,65.36,0.43,327.32,0.42,142.8,0.44,0.88,0.45,21.4,0.56,15.88,0.55,15.0,0.57,122.32,0.58,231.24,0.01,0.01,2360.621586,1776308764000
1776308765.565,65.565,0.44,10.0,0.43,368.32,0.45,6.4,0.46,10.0,0.55,11.4,0.54,10.0,0.57,360.32,0.58,152.8,0.01,0.02,2360.621586,1776308764000
1776308767.867,67.867,0.45,5.0,0.44,5.0,0.46,24.1,0.47,15.0,0.54,9.1,0.53,10.0,0.56,10.0,0.57,368.32,0.01,0.02,2360.710659,1776308766000
1776308770.989,70.989,0.42,183.06,0.41,442.99,0.43,15.0,0.44,15.0,0.56,20.0,0.55,10.0,0.57,2.0,0.58,129.24,0.01,0.01,2360.7675,1776308769000
1776308771.979,71.979,0.42,376.06,0.41,218.99,0.43,5.0,0.44,68.0,0.57,15.0,0.56,15.0,0.58,183.06,0.59,442.99,0.01,0.01,2360.742599,1776308770000
1776308777.408,77.408,0.45,8.9,0.44,85.0,0.46,9.1,0.47,15.0,0.57,5.0,0.56,68.0,0.58,376.06,0.59,218.99,0.01,0.01,2360.763898,1776308776000
1776308779.356,79.356,0.45,10.0,0.44,18.0,0.46,11.92,0.47,321.0,0.54,9.1,0.53,15.0,0.55,8.9,0.56,85.0,0.01,0.01,2360.774049,1776308778000
1776308781.918,81.918,0.42,23.97,0.41,75.0,0.44,87.0,0.45,210.0,0.54,11.92,0.53,321.0,0.55,10.0,0.56,18.0,0.02,0.01,2360.775129,1776308780000
1776308782.422,82.422,0.41,70.0,0.4,128.43,0.42,242.61,0.43,83.0,0.56,87.0,0.55,210.0,0.59,75.0,0.6,150.43,0.01,0.03,2360.75233,1776308781000
1776308782.624,82.624,0.4,5.0,0.39,211.43,0.42,343.94,0.43,25.0,0.58,343.94,0.57,25.0,0.59,70.0,0.61,211.43,0.02,0.01,2360.75233,1776308781000
1776308783.497,83.497,0.39,211.02,0.38,87.0,0.41,53.0,0.42,346.94,0.58,343.94,0.57,25.0,0.6,5.0,0.61,211.43,0.02,0.02,2360.741276,1776308782000
1776308784.047,84.047,0.39,214.21,0.38,87.0,0.4,15.0,0.41,46.0,0.59,53.0,0.58,346.94,0.61,211.02,0.62,87.0,0.01,0.02,2360.741276,1776308782000
1776308789.878,89.878,0.45,55.0,0.44,13.0,0.46,73.0,0.47,20.0,0.6,15.0,0.59,46.0,0.61,214.21,0.62,87.0,0.01,0.01,2360.612406,1776308788000
1776308792.797,92.797,0.45,78.0,0.44,85.0,0.46,2.82,0.47,10.0,0.54,73.0,0.53,20.0,0.55,55.0,0.56,13.0,0.01,0.01,2360.655498,1776308791000
1776308793.061,93.061,0.53,10.0,0.52,10.0,0.56,19.91,0.57,15.0,0.54,2.82,0.53,10.0,0.55,78.0,0.56,85.0,0.03,0.01,2360.655498,1776308791000
1776308793.263,93.263,0.55,8.0,0.54,16.91,0.57,6.44,0.58,15.0,0.44,4.9,0.43,12.0,0.46,8.91,0.47,18.0,0.02,0.02,2360.762512,1776308792000
1776308793.764,93.764,0.56,7.72,0.55,23.0,0.57,6.44,0.58,5.0,0.43,6.44,0.42,5.0,0.44,5.72,0.45,18.0,0.01,0.01,2360.762512,1776308792000
1776308794.479,94.479,0.46,7.0,0.45,60.0,0.47,10.39,0.48,10.0,0.43,6.44,0.42,5.0,0.44,7.72,0.45,23.0,0.01,0.01,2360.826894,1776308793000
1776308794.684,94.684,0.46,2.46,0.45,60.0,0.49,5.28,0.5,210.0,0.53,10.0,0.52,10.0,0.54,2.46,0.55,60.0,0.03,0.01,2360.826894,1776308793000
1776308795.131,95.131,0.42,7.0,0.38,180.0,0.46,22.0,0.47,10.0,0.51,5.28,0.5,210.0,0.54,2.46,0.55,60.0,0.04,0.03,2360.826894,1776308793000
1776308799.364,99.364,0.48,33.53,0.47,15.0,0.49,18.0,0.5,61.68,0.54,22.0,0.53,10.0,0.58,7.0,0.62,180.0,0.01,0.04,2360.76629,1776308798000
1776308799.628,99.628,0.57,10.0,0.56,10.0,0.58,2.86,0.6,24.0,0.51,18.0,0.5,61.68,0.52,33.53,0.53,15.0,0.01,0.01,2360.76629,1776308798000
1776308800.771,100.771,0.58,16.88,0.57,22.0,0.59,42.18,0.6,81.0,0.42,0.34,0.41,10.0,0.43,27.0,0.44,10.0,0.01,0.01,2360.730344,1776308799000
1776308801.569,101.569,0.58,6.88,0.57,17.0,0.59,347.18,0.6,19.0,0.41,42.18,0.4,81.0,0.42,16.88,0.43,22.0,0.01,0.01,2360.87097,1776308800000
1776308802.845,102.845,0.58,6.88,0.57,7.0,0.59,248.25,0.6,41.44,0.41,347.18,0.4,19.0,0.42,6.88,0.43,17.0,0.01,0.01,2361.278486,1776308801000
1776308803.326,103.326,0.59,18.0,0.58,21.88,0.6,38.29,0.61,120.0,0.41,248.25,0.4,41.44,0.42,6.88,0.43,7.0,0.01,0.01,2361.278486,1776308801000
1776308803.602,103.602,0.6,22.0,0.59,73.0,0.64,342.18,0.65,112.57,0.4,38.29,0.39,120.0,0.41,18.0,0.42,21.88,0.04,0.01,2361.311696,1776308802000
1776308803.862,103.862,0.59,68.0,0.58,10.0,0.61,22.0,0.62,15.0,0.36,402.37,0.35,54.57,0.38,10.0,0.39,10.0,0.02,0.02,2361.311696,1776308802000
1776308804.262,104.262,0.6,10.0,0.59,68.0,0.61,16.67,0.62,15.0,0.39,22.0,0.38,15.0,0.41,68.0,0.42,10.0,0.01,0.02,2361.318778,1776308803000
1776308806.811,106.811,0.6,139.76,0.59,10.0,0.61,10.0,0.62,5.0,0.39,16.67,0.38,15.0,0.4,10.0,0.41,68.0,0.01,0.01,2361.467504,1776308805000
1776308809.445,109.445,0.6,439.76,0.59,132.99,0.65,35.57,0.66,10.0,0.39,10.0,0.38,5.0,0.4,139.76,0.41,10.0,0.05,0.01,2361.513455,1776308807000
1776308809.966,109.966,0.59,94.53,0.58,21.56,0.65,145.33,0.66,90.0,0.35,25.33,0.34,10.0,0.36,27.0,0.37,17.0,0.06,0.01,2361.574703,1776308808000
1776308810.226,110.226,0.62,10.0,0.61,10.0,0.64,5.12,0.65,173.33,0.35,145.33,0.34,90.0,0.41,94.53,0.42,21.56,0.02,0.06,2361.518685,1776308809000
1776308810.747,110.747,0.63,15.0,0.62,10.0,0.64,8.55,0.65,296.33,0.36,5.12,0.35,173.33,0.38,10.0,0.39,10.0,0.01,0.02,2361.518685,1776308809000
1776308811.784,111.784,0.64,6.57,0.63,22.0,0.65,263.33,0.66,98.0,0.36,8.55,0.35,296.33,0.37,15.0,0.38,10.0,0.01,0.01,2361.58446,1776308810000
1776308815.037,115.037,0.64,37.91,0.63,17.0,0.65,263.33,0.66,98.0,0.35,263.33,0.34,98.0,0.36,6.57,0.37,22.0,0.01,0.01,2361.623668,1776308813000
1776308816.459,116.459,0.64,37.91,0.63,17.0,0.65,313.02,0.66,98.0,0.35,263.33,0.34,98.0,0.36,37.91,0.37,17.0,0.01,0.01,2361.587179,1776308815000
1776308820.134,120.134,0.59,20.0,0.58,316.0,0.61,20.0,0.62,20.0,0.35,313.02,0.34,98.0,0.37,17.0,0.38,10.0,0.02,0.02,2361.711467,1776308818000
1776308820.645,120.645,0.59,13.17,0.58,326.56,0.61,16.35,0.62,20.0,0.4,9.63,0.39,20.0,0.41,8.17,0.42,321.0,0.02,0.01,2361.627905,1776308819000
1776308821.79,121.79,0.53,11.93,0.52,21.0,0.54,5.0,0.55,10.0,0.4,7.93,0.39,16.35,0.41,19.17,0.42,25.56,0.01,0.01,2361.567724,1776308820000
1776308822.248,122.248,0.54,12.39,0.53,11.93,0.55,5.0,0.56,5.0,0.46,5.0,0.45,10.0,0.47,11.93,0.48,21.0,0.01,0.01,2361.522076,1776308821000
1776308822.473,122.473,0.54,3.65,0.53,196.93,0.56,5.0,0.58,28.25,0.45,5.0,0.44,5.0,0.46,12.39,0.47,11.93,0.02,0.01,2361.522076,1776308821000
1776308822.761,122.761,0.57,61.0,0.56,310.0,0.59,15.0,0.6,15.0,0.44,5.0,0.42,28.25,0.46,3.65,0.47,196.93,0.02,0.02,2361.522076,1776308821000
1776308823.143,123.143,0.57,42.0,0.56,200.0,0.58,4.91,0.59,20.0,0.41,15.0,0.4,15.0,0.43,61.0,0.44,310.0,0.01,0.02,2361.454771,1776308822000
1776308823.69,123.69,0.57,38.79,0.56,5.0,0.58,9.91,0.59,15.0,0.42,4.91,0.41,20.0,0.43,51.79,0.44,200.0,0.01,0.01,2361.454771,1776308822000
1776308824.773,124.773,0.57,401.0,0.56,20.0,0.6,5.0,0.61,25.0,0.42,9.91,0.41,15.0,0.43,38.79,0.44,5.0,0.03,0.01,2361.398775,1776308823000
1776308825.113,125.113,0.59,80.0,0.58,22.0,0.6,5.0,0.61,25.0,0.4,5.0,0.39,25.0,0.43,401.0,0.44,20.0,0.01,0.03,2361.398775,1776308823000
1776308825.507,125.507,0.62,27.0,0.61,15.0,0.63,1.22,0.64,12.0,0.4,5.0,0.39,25.0,0.41,80.0,0.42,22.0,0.01,0.01,2361.347966,1776308824000
1776308825.955,125.955,0.64,98.0,0.63,80.0,0.65,13.02,0.66,17.0,0.37,1.22,0.36,12.0,0.38,27.0,0.39,15.0,0.01,0.01,2361.347966,1776308824000
1776308827.099,127.099,0.64,278.94,0.63,79.0,0.65,13.02,0.66,17.0,0.35,13.02,0.34,17.0,0.36,98.0,0.37,80.0,0.01,0.01,2361.372161,1776308825000
1776308830.547,130.547,0.64,43.94,0.63,17.0,0.65,9.02,0.66,80.0,0.35,13.02,0.34,17.0,0.36,278.94,0.37,79.0,0.01,0.01,2361.661742,1776308828000
1776308831.537,131.537,0.64,54.94,0.63,17.0,0.65,5.02,0.66,138.0,0.35,9.02,0.34,80.0,0.36,43.94,0.37,17.0,0.01,0.01,2361.658316,1776308830000
1776308835.056,135.056,0.64,54.94,0.63,22.0,0.65,0.63,0.66,120.0,0.35,5.02,0.34,138.0,0.36,54.94,0.37,17.0,0.01,0.01,2361.719853,1776308833000
1776308836.748,136.748,0.65,90.0,0.64,22.94,0.67,17.62,0.68,195.0,0.35,0.63,0.34,120.0,0.36,54.94,0.37,22.0,0.02,0.01,2361.714506,1776308835000
1776308838.832,138.832,0.68,110.0,0.67,27.0,0.69,47.76,0.7,9.0,0.33,17.62,0.32,195.0,0.35,90.0,0.36,22.94,0.01,0.02,2361.686208,1776308837000
1776308839.161,139.161,0.68,111.0,0.67,126.99,0.69,46.06,0.7,9.0,0.31,46.06,0.3,9.0,0.32,115.0,0.33,27.0,0.01,0.01,2361.686208,1776308837000
1776308839.411,139.411,0.72,160.98,0.71,79.0,0.74,5.0,0.75,68.0,0.31,46.06,0.3,9.0,0.32,111.0,0.33,126.99,0.02,0.01,2361.686208,1776308837000
1776308839.959,139.959,0.73,75.0,0.72,51.0,0.74,6.22,0.75,68.0,0.26,6.22,0.25,125.0,0.27,80.0,0.28,51.0,0.01,0.01,2361.713986,1776308838000
1776308840.652,140.652,0.73,75.0,0.72,51.0,0.75,63.58,0.76,55.0,0.26,6.22,0.25,68.0,0.27,75.0,0.28,51.0,0.02,0.01,2361.737667,1776308839000
1776308841.047,141.047,0.75,95.0,0.74,211.99,0.76,46.92,0.77,83.0,0.25,63.58,0.24,55.0,0.27,75.0,0.28,51.0,0.01,0.02,2361.737667,1776308839000
1776308841.865,141.865,0.75,92.0,0.74,114.0,0.76,41.92,0.77,75.0,0.24,46.92,0.23,75.0,0.25,75.0,0.26,211.99,0.01,0.01,2361.926837,1776308840000
1776308842.441,142.441,0.75,9.0,0.74,10.0,0.76,20.0,0.77,296.0,0.24,41.92,0.23,75.0,0.25,92.0,0.26,114.0,0.01,0.01,2361.926837,1776308840000
1776308842.956,142.956,0.74,37.0,0.73,10.0,0.75,149.66,0.76,246.0,0.25,25.0,0.24,76.0,0.26,10.0,0.27,10.0,0.01,0.01,2362.016165,1776308841000
1776308845.903,145.903,0.74,47.0,0.73,73.0,0.75,8.0,0.76,5.0,0.25,149.66,0.24,246.0,0.26,26.61,0.27,10.0,0.01,0.01,2362.17172,1776308844000
1776308847.193,147.193,0.75,42.0,0.74,34.32,0.76,3.55,0.77,75.0,0.24,5.0,0.23,75.0,0.26,42.0,0.27,73.0,0.01,0.02,2362.141693,1776308845000
1776308848.939,148.939,0.76,155.0,0.75,263.0,0.77,68.92,0.78,132.0,0.24,3.55,0.23,75.0,0.25,42.0,0.26,34.32,0.01,0.01,2362.115822,1776308847000
1776308849.76,149.76,0.81,28.0,0.8,80.0,0.82,67.28,0.83,10.0,0.23,56.92,0.22,132.0,0.24,160.0,0.25,263.0,0.01,0.01,2362.122187,1776308848000
1776308849.999,149.999,0.81,131.0,0.8,203.0,0.82,51.78,0.83,5.0,0.18,57.28,0.17,62.0,0.19,68.0,0.2,138.0,0.01,0.01,2362.122187,1776308848000
1776308850.511,150.511,0.84,91.0,0.83,21.0,0.85,5.62,0.86,75.0,0.18,50.56,0.16,62.0,0.19,131.0,0.2,203.0,0.01,0.01,2362.124584,1776308849000
1776308851.035,151.035,0.84,56.0,0.83,21.0,0.85,123.54,0.86,260.0,0.15,5.62,0.14,75.0,0.16,91.0,0.17,21.0,0.01,0.01,2362.124584,1776308849000
1776308851.366,151.366,0.83,239.11,0.82,197.99,0.86,388.0,0.87,83.0,0.15,123.54,0.14,260.0,0.16,56.0,0.17,21.0,0.03,0.01,2362.220493,1776308850000
1776308852.459,152.459,0.83,407.1,0.82,47.01,0.85,4.05,0.86,150.0,0.14,388.0,0.13,83.0,0.17,162.11,0.18,197.99,0.02,0.03,2362.581966,1776308851000
1776308852.849,152.849,0.87,28.0,0.86,58.0,0.88,14.62,0.9,15.0,0.15,4.05,0.14,150.0,0.17,407.1,0.18,47.01,0.01,0.02,2362.581966,1776308851000
1776308853.066,153.066,0.88,22.0,0.87,15.0,0.89,0.32,0.9,80.45,0.11,11.74,0.1,10.45,0.12,23.0,0.13,20.0,0.01,0.01,2362.68887,1776308852000
1776308853.616,153.616,0.88,18.0,0.87,26.01,0.89,287.32,0.9,262.45,0.11,0.32,0.1,80.45,0.12,22.0,0.13,15.0,0.01,0.01,2362.68887,1776308852000
1776308853.921,153.921,0.88,359.99,0.87,155.01,0.89,48.32,0.9,175.0,0.11,287.32,0.1,262.45,0.12,18.0,0.13,26.01,0.01,0.01,2362.68887,1776308852000
1776308854.313,154.313,0.92,2.61,0.91,131.0,0.93,314.3,0.94,73.8,0.1,75.0,0.09,224.0,0.11,13.48,0.12,339.99,0.01,0.01,2362.748575,1776308853000
1776308854.694,154.694,0.91,125.61,0.9,364.99,0.93,317.46,0.94,73.8,0.07,307.46,0.06,73.8,0.08,2.61,0.09,126.0,0.02,0.01,2362.748575,1776308853000
1776308855.359,155.359,0.91,155.61,0.9,364.99,0.93,303.92,0.94,203.02,0.07,311.38,0.06,73.8,0.09,140.61,0.1,364.99,0.02,0.02,2362.748575,1776308853000
1776308855.604,155.604,0.91,115.61,0.9,241.99,0.92,286.16,0.93,115.76,0.07,301.76,0.06,261.02,0.09,155.61,0.1,364.99,0.01,0.02,2363.062525,1776308854000
1776308855.857,155.857,0.91,125.61,0.9,299.99,0.92,281.16,0.93,115.76,0.08,287.25,0.07,115.76,0.09,115.61,0.1,241.99,0.01,0.01,2363.062525,1776308854000
1776308856.511,156.511,0.91,115.61,0.9,288.99,0.92,241.13,0.93,141.76,0.08,281.16,0.07,115.76,0.09,125.61,0.1,299.99,0.01,0.01,2363.206379,1776308855000
1776308857.068,157.068,0.91,105.0,0.9,115.0,0.92,272.32,0.93,115.76,0.08,241.13,0.07,141.76,0.09,115.61,0.1,288.99,0.01,0.01,2363.206379,1776308855000
1776308858.821,158.821,0.91,80.78,0.9,130.0,0.92,300.0,0.93,272.76,0.08,277.32,0.07,115.76,0.1,115.0,0.11,295.46,0.01,0.02,2363.379088,1776308856000
1776308862.389,162.389,0.89,107.48,0.88,154.98,0.92,166.9,0.93,228.3,0.08,300.0,0.07,272.76,0.09,80.78,0.1,130.0,0.03,0.01,2363.380021,1776308860000
1776308864.026,164.026,0.88,98.0,0.87,151.99,0.9,8.0,0.91,262.0,0.09,13.9,0.08,161.9,0.11,105.57,0.12,154.98,0.02,0.02,2363.386826,1776308862000
1776308865.003,165.003,0.89,23.0,0.88,104.0,0.9,21.0,0.91,200.0,0.1,18.0,0.09,262.0,0.12,98.0,0.13,126.99,0.01,0.02,2363.307107,1776308863000
1776308866.723,166.723,0.91,10.0,0.9,57.0,0.92,116.9,0.93,178.3,0.1,21.0,0.09,200.0,0.11,23.0,0.12,104.0,0.01,0.01,2363.204866,1776308865000
1776308866.958,166.958,0.91,25.0,0.9,144.99,0.92,103.81,0.93,178.3,0.08,104.9,0.07,178.3,0.09,25.0,0.1,54.0,0.01,0.01,2363.204866,1776308865000
1776308867.945,167.945,0.9,92.75,0.89,69.99,0.92,109.81,0.93,170.3,0.08,103.81,0.07,178.3,0.09,25.0,0.1,144.99,0.02,0.01,2363.173798,1776308866000
1776308869.489,169.489,0.9,391.98,0.89,137.99,0.92,35.0,0.93,228.3,0.08,109.81,0.07,170.3,0.1,92.75,0.11,69.99,0.02,0.02,2363.410359,1776308868000
1776308870.3,170.3,0.9,226.98,0.89,317.99,0.91,2.0,0.92,35.0,0.08,35.0,0.07,228.3,0.1,391.98,0.11,137.99,0.01,0.02,2363.410359,1776308868000
1776308872.207,172.207,0.88,14.0,0.87,55.0,0.91,241.0,0.92,308.0,0.09,2.0,0.08,35.0,0.1,226.98,0.11,317.99,0.03,0.01,2363.3971,1776308870000
1776308872.949,172.949,0.88,20.01,0.87,98.0,0.89,4.0,0.9,87.0,0.09,241.0,0.08,308.0,0.12,14.0,0.13,55.0,0.01,0.03,2363.433403,1776308871000
1776308873.559,173.559,0.88,16.25,0.87,93.0,0.89,252.0,0.9,157.0,0.11,4.0,0.1,87.0,0.12,20.01,0.13,98.0,0.01,0.01,2363.410758,1776308872000
1776308873.828,173.828,0.86,77.0,0.85,103.81,0.88,264.0,0.89,143.0,0.11,252.0,0.1,157.0,0.12,16.25,0.13,93.0,0.02,0.01,2363.410758,1776308872000
1776308874.17,174.17,0.85,84.94,0.84,274.0,0.87,20.0,0.88,212.0,0.12,264.0,0.11,143.0,0.14,77.0,0.15,103.81,0.02,0.02,2363.410758,1776308872000
1776308877.095,177.095,0.84,116.01,0.83,267.0,0.85,8.64,0.86,15.0,0.13,20.0,0.12,274.0,0.15,83.94,0.16,274.0,0.01,0.02,2363.005227,1776308875000
1776308880.592,180.592,0.84,369.01,0.83,44.0,0.87,1.31,0.88,282.0,0.15,8.64,0.14,15.0,0.16,116.01,0.17,267.0,0.03,0.01,2362.888274,1776308879000
1776308881.273,181.273,0.86,5.0,0.85,5.0,0.87,331.02,0.88,73.1,0.13,1.31,0.12,282.0,0.16,369.01,0.17,44.0,0.01,0.03,2362.888274,1776308879000
1776308881.513,181.513,0.84,36.0,0.83,150.0,0.86,278.47,0.87,79.02,0.14,30.0,0.13,254.02,0.16,36.0,0.17,35.0,0.02,0.02,2362.828761,1776308880000
1776308882.427,182.427,0.84,0.42,0.83,5.0,0.85,267.0,0.86,31.47,0.14,278.47,0.13,79.02,0.16,36.0,0.17,150.0,0.01,0.02,2362.828761,1776308880000
1776308883.167,183.167,0.83,46.52,0.82,174.74,0.84,8.58,0.85,195.0,0.16,13.58,0.15,210.0,0.17,52.41,0.18,174.74,0.01,0.01,2362.837324,1776308882000
1776308885.515,185.515,0.8,102.41,0.79,147.0,0.82,72.0,0.83,332.0,0.16,8.58,0.15,195.0,0.17,46.52,0.18,174.74,0.02,0.01,2362.784235,1776308884000
1776308888.368,188.368,0.81,15.0,0.8,160.41,0.82,237.5,0.83,94.0,0.18,72.0,0.17,332.0,0.2,102.41,0.21,147.0,0.01,0.02,2362.539844,1776308887000
1776308889.449,189.449,0.81,20.0,0.8,171.41,0.82,225.3,0.83,94.0,0.18,237.5,0.17,94.0,0.19,15.0,0.2,160.41,0.01,0.01,2362.500695,1776308888000
1776308890.966,190.966,0.79,22.0,0.78,172.74,0.8,5.0,0.81,15.0,0.18,225.3,0.17,94.0,0.19,20.0,0.2,171.41,0.01,0.01,2362.48205,1776308889000
1776308897.279,197.279,0.73,104.99,0.72,42.0,0.75,15.0,0.76,157.0,0.2,5.0,0.19,15.0,0.21,22.0,0.22,172.74,0.02,0.01,2362.360381,1776308896000
1776308902.314,202.314,0.74,32.25,0.73,95.39,0.75,120.76,0.76,75.0,0.25,67.0,0.24,100.0,0.27,98.13,0.28,100.0,0.01,0.02,2362.032729,1776308901000
1776308910.55,210.55,0.74,25.0,0.73,68.0,0.75,60.89,0.76,235.0,0.25,120.76,0.24,75.0,0.26,32.25,0.27,95.39,0.01,0.01,2361.998045,1776308909000
1776308912.128,212.128,0.74,14.0,0.73,87.74,0.75,60.89,0.76,190.0,0.25,60.89,0.24,235.0,0.26,25.0,0.27,68.0,0.01,0.01,2361.951109,1776308910000
1776308912.392,212.392,0.74,14.0,0.73,98.99,0.75,59.55,0.76,190.0,0.25,60.89,0.24,190.0,0.26,14.0,0.27,87.74,0.01,0.01,2361.949681,1776308911000
1776308914.4,214.4,0.68,113.74,0.67,34.0,0.69,60.0,0.7,10.0,0.25,59.55,0.24,190.0,0.26,14.0,0.27,98.99,0.01,0.01,2361.923848,1776308913000
1776308915.067,215.067,0.66,13.0,0.65,36.25,0.68,270.0,0.69,156.0,0.31,65.0,0.3,75.0,0.32,94.36,0.33,34.0,0.02,0.01,2361.923848,1776308913000
1776308915.507,215.507,0.65,18.91,0.64,128.74,0.66,68.0,0.67,85.0,0.32,208.0,0.31,161.0,0.35,32.16,0.36,28.0,0.01,0.03,2361.907014,1776308914000
1776308915.748,215.748,0.64,60.74,0.63,27.0,0.66,135.0,0.67,28.0,0.34,68.0,0.33,85.0,0.35,18.91,0.36,128.74,0.02,0.01,2361.907014,1776308914000
1776308916.244,216.244,0.64,43.74,0.63,85.0,0.65,4.82,0.66,63.0,0.35,12.9,0.34,130.0,0.36,36.74,0.37,27.0,0.01,0.01,2361.89335,1776308915000
1776308916.579,216.579,0.65,22.0,0.64,106.54,0.66,65.9,0.67,18.0,0.34,63.0,0.33,28.0,0.36,106.74,0.37,27.0,0.01,0.02,2361.89335,1776308915000
1776308917.318,217.318,0.65,401.67,0.64,132.54,0.69,65.0,0.71,50.0,0.34,65.9,0.33,18.0,0.35,22.0,0.36,106.54,0.04,0.01,2361.63632,1776308916000
1776308917.587,217.587,0.71,238.0,0.7,90.0,0.75,5.0,0.76,131.0,0.28,5.0,0.27,5.0,0.32,431.25,0.33,40.0,0.04,0.04,2361.63632,1776308916000
1776308917.846,217.846,0.74,21.15,0.73,130.0,0.75,5.0,0.76,189.0,0.25,5.0,0.24,131.0,0.29,238.0,0.3,90.0,0.01,0.04,2361.63632,1776308916000
1776308918.386,218.386,0.74,11.15,0.73,15.0,0.75,62.0,0.76,194.0,0.25,5.0,0.24,189.0,0.26,21.15,0.27,130.0,0.01,0.01,2361.551828,1776308917000
1776308918.804,218.804,0.71,6.0,0.7,6.0,0.72,8.2,0.73,91.0,0.25,62.0,0.24,194.0,0.26,11.15,0.27,15.0,0.01,0.01,2361.551828,1776308917000
1776308919.086,219.086,0.68,10.0,0.67,31.0,0.7,5.0,0.71,65.0,0.28,193.2,0.27,91.0,0.3,6.0,0.32,10.0,0.02,0.02,2361.565443,1776308918000
1776308919.531,219.531,0.68,101.88,0.67,31.0,0.71,69.11,0.72,245.2,0.3,5.0,0.29,65.0,0.32,10.0,0.33,31.0,0.03,0.02,2361.565443,1776308918000
1776308920.001,220.001,0.69,21.0,0.68,101.88,0.7,10.0,0.71,79.11,0.29,69.11,0.28,245.2,0.32,101.88,0.33,31.0,0.01,0.03,2361.565443,1776308918000
1776308920.948,220.948,0.7,167.0,0.69,210.0,0.71,32.0,0.72,5.0,0.3,10.0,0.29,79.11,0.31,21.0,0.32,101.88,0.01,0.01,2361.796986,1776308919000
1776308925.38,225.38,0.7,5.0,0.69,5.0,0.74,315.0,0.75,10.0,0.26,13.93,0.25,68.0,0.3,162.0,0.31,210.0,0.04,0.04,2361.73832,1776308924000
1776308925.823,225.823,0.6,0.79,0.52,5.0,0.61,196.0,0.62,16.0,0.35,70.0,0.33,60.0,0.38,3.97,0.4,5.04,0.01,0.03,2361.73832,1776308924000
1776308926.073,226.073,0.54,11.0,0.51,60.0,0.57,175.0,0.6,256.0,0.39,196.0,0.38,16.0,0.48,5.0,0.49,60.0,0.03,0.09,2361.724876,1776308925000
1776308926.321,226.321,0.53,10.0,0.52,85.8,0.54,4.14,0.55,6.0,0.44,10.0,0.43,221.0,0.48,10.8,0.5,30.0,0.01,0.04,2361.724876,1776308925000
1776308926.59,226.59,0.55,25.0,0.54,20.0,0.56,48.48,0.57,193.0,0.44,68.54,0.43,193.0,0.45,20.0,0.46,20.0,0.01,0.01,2361.724876,1776308925000
1776308927.505,227.505,0.55,88.0,0.54,262.0,0.59,5.0,0.6,35.0,0.44,40.31,0.43,193.0,0.46,7.89,0.47,15.0,0.04,0.02,2361.615597,1776308926000
1776308929.237,229.237,0.59,157.0,0.58,25.0,0.6,29.58,0.61,60.0,0.41,5.0,0.4,35.0,0.45,88.0,0.46,262.0,0.01,0.04,2361.307608,1776308927000
1776308930.347,230.347,0.59,20.0,0.58,10.0,0.6,47.58,0.61,60.0,0.4,29.58,0.39,60.0,0.41,157.0,0.42,25.0,0.01,0.01,2361.261764,1776308929000
1776308931.344,231.344,0.59,10.0,0.58,10.0,0.6,95.58,0.61,75.0,0.4,37.58,0.39,60.0,0.41,20.0,0.42,10.0,0.01,0.01,2361.236476,1776308930000
1776308931.553,231.553,0.59,0.08,0.57,10.0,0.6,81.0,0.61,307.0,0.4,93.09,0.39,312.0,0.41,15.08,0.43,10.0,0.01,0.01,2361.236476,1776308930000
1776308932.405,232.405,0.52,59.45,0.51,12.0,0.53,10.0,0.54,15.0,0.4,86.0,0.39,307.0,0.5,19.68,0.51,15.14,0.01,0.1,2361.231609,1776308931000
1776308933.536,233.536,0.55,37.0,0.54,15.0,0.57,15.0,0.58,55.0,0.47,15.0,0.46,15.0,0.48,58.37,0.5,19.68,0.02,0.01,2361.182367,1776308932000
1776308934.791,234.791,0.56,15.25,0.55,87.0,0.57,25.0,0.58,65.0,0.43,5.0,0.42,55.0,0.45,37.0,0.46,15.0,0.01,0.02,2361.215563,1776308933000
1776308938.368,238.368,0.56,5.0,0.55,15.0,0.57,271.73,0.58,20.0,0.43,25.0,0.42,65.0,0.44,15.25,0.45,87.0,0.01,0.01,2361.140019,1776308937000
1776308938.569,238.569,0.46,226.9,0.45,12.0,0.48,26.18,0.51,61.47,0.52,26.18,0.49,61.47,0.54,227.0,0.55,12.0,0.02,0.02,2361.140019,1776308937000
1776308939.478,239.478,0.32,35.0,0.3,76.0,0.42,15.0,0.46,50.0,0.52,26.18,0.49,61.47,0.54,86.9,0.55,12.0,0.1,0.02,2361.015191,1776308938000
1776308939.716,239.716,0.32,30.31,0.31,58.0,0.37,70.0,0.38,95.36,0.62,67.36,0.59,50.0,0.68,35.0,0.7,76.0,0.05,0.06,2361.015191,1776308938000
1776308940.01,240.01,0.32,0.31,0.31,58.0,0.37,49.1,0.38,100.36,0.63,62.62,0.62,100.36,0.68,0.31,0.69,58.0,0.05,0.05,2360.924288,1776308939000
1776308940.336,240.336,0.31,58.0,0.3,76.0,0.37,46.12,0.38,100.36,0.63,46.12,0.62,100.36,0.68,0.31,0.69,58.0,0.06,0.05,2360.924288,1776308939000
1776308940.564,240.564,0.31,10.0,0.3,76.0,0.36,5.0,0.38,23.0,0.63,46.12,0.62,100.36,0.69,58.0,0.7,76.0,0.05,0.06,2360.924288,1776308939000
1776308940.881,240.881,0.43,140.0,0.42,80.0,0.44,16.2,0.45,15.0,0.56,30.0,0.55,15.0,0.57,50.0,0.59,10.0,0.01,0.01,2360.924288,1776308939000
1776308941.266,241.266,0.44,10.0,0.43,21.96,0.46,50.82,0.49,15.0,0.56,11.2,0.55,10.0,0.57,21.96,0.58,80.0,0.02,0.01,2360.73149,1776308940000
1776308941.733,241.733,0.4,59.9,0.39,10.0,0.41,80.0,0.42,10.0,0.54,60.82,0.53,5.0,0.56,6.77,0.57,13.53,0.01,0.02,2360.73149,1776308940000
1776308942.126,242.126,0.4,54.85,0.39,24.0,0.41,73.0,0.42,10.0,0.59,80.0,0.58,10.0,0.6,49.85,0.61,10.0,0.01,0.01,2360.73149,1776308940000
1776308942.459,242.459,0.4,49.85,0.39,19.0,0.41,22.38,0.42,10.0,0.59,78.0,0.58,15.0,0.6,44.85,0.61,24.0,0.01,0.01,2360.685106,1776308941000
1776308942.952,242.952,0.37,24.0,0.36,14.0,0.39,118.0,0.4,53.0,0.59,6.75,0.58,10.0,0.6,5.0,0.61,19.0,0.02,0.01,2360.685106,1776308941000
1776308943.579,243.579,0.33,0.88,0.32,15.0,0.35,118.0,0.36,203.0,0.65,20.0,0.64,90.0,0.66,7.9,0.67,14.0,0.02,0.01,2360.802499,1776308942000
1776308943.816,243.816,0.31,29.16,0.3,91.0,0.32,120.0,0.33,15.0,0.65,118.0,0.64,203.0,0.67,0.88,0.68,15.0,0.01,0.02,2360.802499,1776308942000
1776308944.11,244.11,0.3,59.82,0.29,15.0,0.31,109.12,0.32,48.0,0.69,40.0,0.68,53.0,0.7,74.82,0.71,15.0,0.01,0.01,2360.802499,1776308942000
1776308944.417,244.417,0.3,4.82,0.27,70.0,0.31,79.12,0.32,33.0,0.69,109.12,0.68,48.0,0.7,58.82,0.71,15.0,0.01,0.01,2360.765614,1776308943000
1776308945.821,245.821,0.23,30.0,0.21,189.0,0.28,108.0,0.29,20.0,0.72,20.0,0.71,15.0,0.73,58.0,0.74,128.0,0.05,0.01,2360.643648,1776308944000
1776308946.174,246.174,0.21,189.0,0.2,70.0,0.24,12.58,0.25,20.0,0.72,108.0,0.71,20.0,0.77,30.0,0.79,189.0,0.03,0.05,2360.643648,1776308944000
1776308946.692,246.692,0.3,70.0,0.28,70.0,0.35,6.17,0.41,50.0,0.76,12.58,0.75,20.0,0.79,189.0,0.8,70.0,0.05,0.03,2360.485179,1776308945000
1776308946.991,246.991,0.4,69.31,0.34,20.0,0.41,50.0,0.43,58.0,0.65,0.69,0.59,50.0,0.74,80.0,0.76,6.25,0.01,0.09,2360.485179,1776308945000
1776308947.954,247.954,0.4,59.31,0.38,70.0,0.41,65.0,0.42,10.0,0.59,50.0,0.57,58.0,0.6,69.31,0.66,20.0,0.01,0.01,2360.467636,1776308946000
1776308948.255,248.255,0.4,34.18,0.36,10.0,0.41,65.0,0.42,80.0,0.59,65.0,0.58,10.0,0.6,38.97,0.62,70.0,0.01,0.01,2360.471286,1776308947000
1776308949.028,249.028,0.4,31.07,0.35,10.0,0.41,80.0,0.42,85.0,0.59,65.0,0.58,80.0,0.6,34.18,0.64,10.0,0.01,0.01,2360.471286,1776308947000
1776308950.524,250.524,0.4,46.07,0.39,10.0,0.45,13.54,0.46,25.76,0.59,80.0,0.58,85.0,0.6,31.07,0.65,10.0,0.05,0.01,2360.650817,1776308949000
1776308951.035,251.035,0.53,15.0,0.52,10.0,0.56,48.57,0.57,14.7,0.46,5.0,0.44,50.0,0.51,58.74,0.55,26.0,0.03,0.05,2360.650817,1776308949000
1776308951.498,251.498,0.55,16.0,0.54,16.0,0.56,113.47,0.57,94.7,0.44,48.47,0.43,14.7,0.47,15.0,0.48,16.0,0.01,0.03,2360.636103,1776308950000
1776308951.784,251.784,0.49,32.68,0.48,10.0,0.56,123.47,0.57,156.16,0.44,113.47,0.43,94.7,0.45,16.0,0.46,16.0,0.07,0.01,2360.636103,1776308950000
1776308951.996,251.996,0.51,10.0,0.5,10.0,0.53,3.92,0.55,20.0,0.45,10.0,0.44,123.47,0.51,64.38,0.52,10.0,0.02,0.06,2360.636103,1776308950000
1776308953.334,253.334,0.5,10.0,0.49,6.38,0.51,2.47,0.52,10.0,0.46,4.21,0.45,20.0,0.49,10.0,0.5,10.0,0.01,0.03,2360.887956,1776308952000
1776308953.537,253.537,0.51,10.0,0.5,15.0,0.54,67.54,0.55,20.0,0.48,2.87,0.46,67.54,0.5,15.0,0.51,21.38,0.03,0.02,2360.887956,1776308952000
1776308955.514,255.514,0.49,11.38,0.48,10.0,0.5,10.0,0.51,20.0,0.46,56.58,0.45,20.0,0.48,10.0,0.49,10.0,0.01,0.02,2360.919579,1776308954000
1776308956.108,256.108,0.49,10.0,0.48,17.0,0.54,26.58,0.55,78.0,0.5,10.0,0.49,20.0,0.51,11.38,0.52,10.0,0.05,0.01,2360.919579,1776308954000
1776308956.418,256.418,0.51,15.0,0.5,10.0,0.53,2.0,0.54,84.58,0.46,26.58,0.45,78.0,0.51,10.0,0.52,17.0,0.02,0.05,2360.927418,1776308955000
1776308957.831,257.831,0.51,10.0,0.5,10.0,0.52,66.54,0.53,58.0,0.47,2.0,0.46,84.58,0.49,15.0,0.5,10.0,0.01,0.02,2360.945839,1776308956000
1776308958.833,258.833,0.51,5.41,0.5,10.0,0.52,129.54,0.54,24.5,0.48,66.54,0.47,58.0,0.49,10.0,0.5,10.0,0.01,0.01,2360.913982,1776308957000
1776308961.017,261.017,0.45,7.0,0.44,5.0,0.46,7.82,0.47,10.0,0.48,129.54,0.46,24.5,0.49,5.41,0.5,10.0,0.01,0.01,2360.87733,1776308959000
1776308961.342,261.342,0.4,26.07,0.33,16.3,0.46,92.82,0.47,10.0,0.54,7.82,0.53,10.0,0.55,7.0,0.56,5.0,0.06,0.01,2360.875529,1776308960000
1776308961.772,261.772,0.29,36.6,0.27,7.0,0.31,10.0,0.32,10.0,0.64,13.93,0.59,5.0,0.65,58.0,0.71,47.0,0.02,0.01,2360.875529,1776308960000
1776308961.986,261.986,0.29,34.5,0.26,120.0,0.31,10.0,0.32,20.0,0.69,10.0,0.68,10.0,0.71,36.6,0.73,7.0,0.02,0.02,2360.875529,1776308960000
1776308962.971,262.971,0.26,72.27,0.25,67.0,0.27,15.0,0.28,21.0,0.69,45.0,0.68,20.0,0.74,63.62,0.77,13.0,0.01,0.05,2360.872482,1776308961000
1776308963.238,263.238,0.27,15.0,0.26,68.0,0.32,65.0,0.33,16.0,0.72,21.0,0.71,10.0,0.74,73.0,0.75,67.0,0.05,0.02,2360.7032,1776308962000
1776308964.044,264.044,0.3,68.0,0.29,10.0,0.32,6.0,0.33,6.0,0.68,65.0,0.67,16.0,0.73,15.0,0.74,68.0,0.02,0.05,2360.7032,1776308962000
1776308965.327,265.327,0.23,73.0,0.22,67.0,0.24,5.0,0.25,10.0,0.68,6.0,0.67,6.0,0.7,68.0,0.71,10.0,0.01,0.02,2360.555852,1776308964000
1776308965.643,265.643,0.28,54.0,0.25,10.0,0.29,30.0,0.3,87.39,0.74,16.0,0.71,40.0,0.77,110.71,0.78,10.0,0.01,0.03,2360.555852,1776308964000
1776308966.145,266.145,0.28,54.0,0.27,80.0,0.29,105.55,0.3,29.39,0.71,30.0,0.7,87.39,0.72,54.0,0.75,10.0,0.01,0.01,2360.555852,1776308964000
1776308966.875,266.875,0.28,51.91,0.27,70.0,0.29,155.55,0.3,29.39,0.71,105.55,0.7,29.39,0.72,54.0,0.73,80.0,0.01,0.01,2360.548331,1776308965000
1776308967.542,267.542,0.28,8.91,0.27,70.0,0.29,129.0,0.3,29.39,0.71,155.55,0.7,29.39,0.72,38.91,0.73,70.0,0.01,0.01,2360.542891,1776308966000
1776308967.793,267.793,0.28,8.91,0.27,70.0,0.29,111.75,0.3,29.39,0.71,129.0,0.7,29.39,0.72,8.91,0.73,70.0,0.01,0.01,2360.542891,1776308966000
1776308968.025,268.025,0.28,0.91,0.27,70.0,0.29,116.75,0.3,29.39,0.71,111.75,0.7,29.39,0.72,8.91,0.73,70.0,0.01,0.01,2360.542891,1776308966000
1776308968.322,268.322,0.24,10.0,0.23,80.0,0.25,65.6,0.26,10.0,0.71,116.75,0.7,29.39,0.72,0.91,0.73,70.0,0.01,0.01,2360.542891,1776308966000
1776308969.192,269.192,0.24,130.0,0.23,5.0,0.35,70.0,0.36,63.93,0.75,65.6,0.74,10.0,0.76,10.0,0.77,80.0,0.11,0.01,2360.562783,1776308968000
1776308969.586,269.586,0.26,28.64,0.24,5.0,0.29,30.0,0.3,50.0,0.65,60.0,0.64,63.93,0.76,130.0,0.77,75.0,0.03,0.11,2360.562783,1776308968000
1776308969.931,269.931,0.21,3.45,0.2,10.0,0.27,6.84,0.29,37.0,0.71,30.0,0.7,50.0,0.74,16.64,0.76,5.0,0.06,0.03,2360.562783,1776308968000
1776308970.237,270.237,0.18,38.7,0.17,20.0,0.23,7.0,0.26,6.75,0.77,7.0,0.73,6.84,0.79,3.45,0.8,10.0,0.05,0.02,2360.488999,1776308969000
1776308970.55,270.55,0.29,15.0,0.28,73.24,0.3,80.68,0.31,60.0,0.7,15.0,0.69,65.0,0.72,78.24,0.73,15.0,0.01,0.02,2360.488999,1776308969000
1776308971.094,271.094,0.28,187.26,0.26,10.0,0.29,4.0,0.3,10.0,0.71,10.0,0.7,10.0,0.72,67.26,0.73,5.0,0.01,0.01,2360.488999,1776308969000
1776308971.368,271.368,0.28,62.12,0.27,5.0,0.29,10.0,0.3,10.0,0.69,32.77,0.68,10.0,0.72,192.26,0.74,10.0,0.01,0.03,2360.488999,1776308969000
1776308971.581,271.581,0.28,51.84,0.27,5.0,0.29,17.0,0.3,106.79,0.71,10.0,0.7,106.79,0.72,53.23,0.73,5.0,0.01,0.01,2360.598951,1776308970000
1776308972.974,272.974,0.28,33.11,0.27,5.0,0.29,33.13,0.3,10.0,0.71,17.0,0.7,106.79,0.72,51.84,0.73,5.0,0.01,0.01,2360.598951,1776308971000
1776308973.3,273.3,0.24,109.27,0.23,70.0,0.28,10.0,0.29,33.13,0.71,33.13,0.7,10.0,0.72,33.11,0.73,5.0,0.04,0.01,2360.598951,1776308971000
1776308973.618,273.618,0.2,20.4,0.19,11.0,0.23,13.49,0.24,6.57,0.72,10.0,0.71,33.13,0.76,109.27,0.77,70.0,0.03,0.04,2360.647954,1776308972000
1776308974.271,274.271,0.08,58.0,0.07,30.0,0.13,25.0,0.14,70.0,0.8,5.6,0.79,13.0,0.88,1.71,0.92,56.0,0.05,0.08,2360.602931,1776308973000
1776308974.627,274.627,0.08,48.64,0.05,114.8,0.13,38.53,0.14,70.0,0.87,8.53,0.86,70.0,0.92,58.0,0.93,30.0,0.05,0.05,2360.602931,1776308973000
1776308975.215,275.215,0.08,92.51,0.07,5.0,0.09,15.0,0.1,30.0,0.88,5.0,0.87,16.53,0.92,42.64,0.95,100.8,0.01,0.04,2360.520929,1776308974000
1776308976.35,276.35,0.08,98.89,0.07,5.0,0.09,30.0,0.1,15.0,0.91,15.0,0.9,30.0,0.92,58.67,0.93,5.0,0.01,0.01,2360.128785,1776308975000
1776308977.199,277.199,0.08,13.56,0.07,5.0,0.09,25.0,0.1,73.0,0.91,30.0,0.9,15.0,0.92,98.89,0.93,5.0,0.01,0.01,2360.128785,1776308975000
1776308977.406,277.406,0.08,2.58,0.07,5.0,0.09,25.0,0.1,15.0,0.91,25.0,0.9,73.0,0.92,13.56,0.93,5.0,0.01,0.01,2360.058691,1776308976000
1776308978.199,278.199,0.09,93.0,0.08,30.58,0.12,10.0,0.13,10.0,0.91,25.0,0.9,15.0,0.92,2.58,0.93,5.0,0.03,0.01,2360.058691,1776308976000
1776308979.08,279.08,0.11,13.0,0.1,14.0,0.15,57.0,0.16,126.0,0.84,6.0,0.83,10.0,0.86,34.0,0.91,93.0,0.04,0.02,2360.066674,1776308978000
1776308979.41,279.41,0.1,11.77,0.09,15.0,0.11,17.0,0.12,10.0,0.85,62.0,0.84,126.0,0.89,6.82,0.9,14.0,0.01,0.04,2360.066674,1776308978000
1776308980.28,280.28,0.05,7.58,0.04,35.0,0.09,20.0,0.1,10.0,0.89,17.0,0.88,10.0,0.9,11.77,0.91,15.0,0.04,0.01,2360.183306,1776308979000
1776308980.72,280.72,0.05,7.58,0.04,35.0,0.07,19.0,0.08,20.0,0.91,20.0,0.9,10.0,0.95,7.58,0.96,35.0,0.02,0.04,2360.183306,1776308979000
1776308981.397,281.397,0.07,10.0,0.06,10.0,0.11,10.0,0.12,10.0,0.93,19.0,0.92,20.0,0.95,7.58,0.96,35.0,0.04,0.02,2360.083,1776308980000
1776308981.711,281.711,0.11,6.62,0.1,10.0,0.13,10.0,0.14,20.0,0.87,10.0,0.86,20.0,0.92,10.0,0.93,10.0,0.02,0.05,2360.083,1776308980000
1776308982.372,282.372,0.11,3.82,0.1,5.0,0.2,24.35,0.21,50.0,0.88,10.0,0.87,10.0,0.89,5.0,0.91,3.4,0.09,0.01,2360.02394,1776308981000
1776308982.787,282.787,0.12,10.0,0.11,5.0,0.13,10.0,0.14,122.1,0.85,3.86,0.84,10.0,0.88,5.0,0.89,3.82,0.01,0.03,2360.02394,1776308981000
1776308983.524,283.524,0.04,61.1,0.03,114.0,0.05,10.0,0.06,10.0,0.87,17.0,0.86,122.1,0.96,65.58,0.97,114.0,0.01,0.09,2360.032291,1776308982000
1776308983.775,283.775,0.04,117.01,0.03,114.0,0.07,4.24,0.08,10.0,0.95,26.94,0.94,10.0,0.96,117.01,0.97,114.0,0.03,0.01,2360.032291,1776308982000
1776308984.896,284.896,0.04,30.22,0.03,417.0,0.06,20.0,0.07,10.0,0.92,10.0,0.91,10.0,0.95,15.0,0.96,122.01,0.02,0.03,2360.172373,1776308983000
1776308985.263,285.263,0.04,29.17,0.03,417.0,0.06,15.0,0.07,15.0,0.94,20.0,0.93,10.0,0.96,30.22,0.97,417.0,0.02,0.02,2360.166684,1776308984000
1776308985.964,285.964,0.04,29.17,0.03,417.0,0.05,6.34,0.06,15.0,0.94,15.0,0.93,15.0,0.96,29.17,0.97,417.0,0.01,0.02,2360.166684,1776308984000
1776308986.805,286.805,0.04,33.12,0.03,417.0,0.05,1.34,0.06,20.0,0.95,6.34,0.94,15.0,0.96,29.17,0.97,417.0,0.01,0.01,2360.168711,1776308985000
1776308987.676,287.676,0.04,10.87,0.03,114.0,0.05,11.34,0.06,78.0,0.95,1.34,0.94,20.0,0.96,46.92,0.97,114.0,0.01,0.01,2360.16686,1776308986000
1776308988.947,288.947,0.03,109.7,0.02,401.0,0.05,11.34,0.06,88.0,0.95,11.34,0.94,78.0,0.96,10.87,0.97,114.0,0.02,0.01,2360.16686,1776308986000
1776308989.611,289.611,0.03,79.7,0.02,150.0,0.04,10.0,0.05,26.34,0.95,11.34,0.94,88.0,0.97,109.7,0.98,401.0,0.01,0.02,2360.16686,1776308986000
1776308989.932,289.932,0.03,70.51,0.02,150.0,0.04,30.4,0.05,11.34,0.96,8.4,0.95,21.34,0.97,74.02,0.98,150.0,0.01,0.01,2360.16686,1776308986000
1776308990.439,290.439,0.03,60.35,0.02,150.0,0.04,40.37,0.05,11.34,0.96,35.37,0.95,11.34,0.97,65.51,0.98,150.0,0.01,0.01,2360.103824,1776308988000
1776308990.686,290.686,0.03,51.12,0.02,150.0,0.04,105.37,0.05,11.34,0.96,98.37,0.95,11.34,0.97,52.16,0.98,150.0,0.01,0.01,2360.103824,1776308988000
1776308991.469,291.469,0.03,45.97,0.02,150.0,0.04,78.4,0.05,26.34,0.96,105.37,0.95,11.34,0.97,51.12,0.98,150.0,0.01,0.01,2360.082582,1776308990000
1776308991.722,291.722,0.03,40.81,0.02,150.0,0.04,53.4,0.05,26.34,0.96,53.4,0.95,26.34,0.97,45.97,0.98,150.0,0.01,0.01,2360.082582,1776308990000
1776308991.985,291.985,0.03,33.04,0.02,150.0,0.05,26.34,0.06,10.0,0.96,53.4,0.95,26.34,0.97,38.23,0.98,150.0,0.02,0.01,2360.082582,1776308990000
1776308992.285,292.285,0.03,28.04,0.02,150.0,0.04,5.0,0.05,26.34,0.95,26.34,0.94,10.0,0.97,33.04,0.98,150.0,0.01,0.02,2360.082582,1776308990000
1776308992.553,292.553,0.02,146.98,0.01,1844.0,0.05,31.34,0.06,10.0,0.96,5.0,0.95,26.34,0.97,28.04,0.98,150.0,0.03,0.01,2360.072515,1776308991000
1776308992.9,292.9,0.02,146.98,0.01,1844.0,0.05,26.34,0.06,10.0,0.95,31.34,0.94,10.0,0.98,146.98,0.99,1844.0,0.03,0.03,2360.072515,1776308991000
1776308993.632,293.632,0.02,136.81,0.01,1844.0,0.04,10.0,0.05,26.34,0.95,26.34,0.94,10.0,0.98,141.92,0.99,1844.0,0.02,0.03,2360.017789,1776308992000
1776308994.008,294.008,0.02,126.81,0.01,1844.0,0.03,139.15,0.04,145.0,0.96,10.0,0.95,26.34,0.98,136.81,0.99,1844.0,0.01,0.02,2360.017789,1776308992000
1776308994.471,294.471,,,,,0.01,1538.72,0.03,115.15,0.99,118.6,0.97,244.15,,,,,,,2360.017789,1776308992000
1776308994.71,294.71,,,,,0.01,1566.98,0.03,115.15,0.99,1538.72,0.97,115.15,,,,,,,2360.017789,1776308992000
1776308994.954,294.954,,,,,0.01,2618.97,0.03,115.15,0.99,1566.98,0.97,115.15,,,,,,,2359.991908,1776308993000
1776308995.844,295.844,,,,,0.01,3215.97,0.03,150.15,0.99,2815.44,0.97,115.15,,,,,,,2359.923701,1776308994000

# RESULT,winner=Down,slug=eth-updown-5m-1776308700,ticks=337
