timestamp,elapsed_sec,up_bid_p1,up_bid_s1,up_bid_p2,up_bid_s2,up_ask_p1,up_ask_s1,up_ask_p2,up_ask_s2,down_bid_p1,down_bid_s1,down_bid_p2,down_bid_s2,down_ask_p1,down_ask_s1,down_ask_p2,down_ask_s2,up_spread,down_spread,eth_price,eth_oracle_ts
1776280800.524,0.524,0.46,7.0,0.4,38.0,0.47,22.64,0.48,15.0,0.51,63.0,0.5,101.33,0.54,441.39,0.55,110.0,0.01,0.03,2365.413181,1776280799000
1776280801.338,1.338,0.46,7.0,0.33,300.0,0.47,22.64,0.48,15.0,0.53,22.64,0.52,15.0,0.54,7.0,0.6,38.0,0.01,0.01,2365.413181,1776280799000
1776280802.538,2.538,0.46,179.0,0.45,143.0,0.47,7.0,0.48,15.0,0.53,22.64,0.52,15.0,0.54,7.0,0.67,300.0,0.01,0.01,2365.1039,1776280800000
1776280802.867,2.867,0.46,179.0,0.45,143.0,0.47,2.0,0.48,15.0,0.53,7.0,0.52,15.0,0.54,179.0,0.55,143.0,0.01,0.01,2365.115259,1776280801000
1776280803.512,3.512,0.46,138.0,0.45,154.0,0.49,38.0,0.5,81.33,0.51,13.0,0.5,61.33,0.54,184.0,0.55,143.0,0.03,0.03,2365.096218,1776280802000
1776280803.989,3.989,0.46,136.9,0.45,159.0,0.47,10.0,0.48,10.0,0.53,10.0,0.52,10.0,0.54,132.9,0.55,154.0,0.01,0.01,2365.096218,1776280802000
1776280804.302,4.302,0.46,147.9,0.45,159.0,0.47,3.0,0.48,10.0,0.53,10.0,0.52,10.0,0.54,126.9,0.55,159.0,0.01,0.01,2365.096218,1776280802000
1776280804.896,4.896,0.46,151.04,0.45,159.0,0.47,3.0,0.48,10.0,0.53,3.0,0.52,10.0,0.54,147.9,0.55,159.0,0.01,0.01,2365.088393,1776280803000
1776280805.313,5.313,0.47,113.11,0.46,135.04,0.48,1.56,0.49,133.0,0.52,6.56,0.51,133.0,0.53,118.11,0.54,146.04,0.01,0.01,2365.088393,1776280803000
1776280806.053,6.053,0.47,108.11,0.46,140.04,0.48,6.56,0.49,133.0,0.52,1.56,0.51,133.0,0.53,113.11,0.54,135.04,0.01,0.01,2365.07647,1776280804000
1776280806.536,6.536,0.48,77.65,0.47,108.11,0.49,133.0,0.5,182.33,0.52,6.56,0.51,133.0,0.53,108.11,0.54,140.04,0.01,0.01,2365.066596,1776280805000
1776280807.077,7.077,0.48,63.7,0.47,108.11,0.49,138.0,0.5,192.33,0.51,133.0,0.5,182.33,0.52,77.65,0.53,108.11,0.01,0.01,2365.056718,1776280806000
1776280807.824,7.824,0.48,43.96,0.47,108.11,0.49,148.0,0.5,203.33,0.51,138.0,0.5,192.33,0.52,40.89,0.53,108.11,0.01,0.01,2365.056718,1776280806000
1776280809.371,9.371,0.48,43.96,0.47,10.0,0.49,38.0,0.5,87.33,0.51,148.0,0.5,203.33,0.52,43.96,0.53,108.11,0.01,0.01,2365.035783,1776280808000
1776280809.814,9.814,0.48,24.22,0.47,20.0,0.49,33.0,0.5,97.33,0.51,38.0,0.5,87.33,0.52,43.96,0.53,10.0,0.01,0.01,2365.035783,1776280808000
1776280810.206,10.206,0.48,5.0,0.47,20.0,0.49,44.0,0.5,118.33,0.51,33.0,0.5,97.33,0.52,24.22,0.53,20.0,0.01,0.01,2365.031113,1776280809000
1776280810.43,10.43,0.48,68.5,0.47,20.0,0.49,59.0,0.5,128.83,0.51,44.0,0.5,118.33,0.52,5.0,0.53,20.0,0.01,0.01,2365.031113,1776280809000
1776280812.128,12.128,0.46,10.0,0.45,10.0,0.47,75.0,0.48,101.5,0.5,118.65,0.49,20.0,0.52,68.5,0.53,20.0,0.01,0.02,2365.119513,1776280810000
1776280813.533,13.533,0.45,10.0,0.44,15.14,0.46,244.28,0.47,257.0,0.54,5.0,0.53,35.0,0.56,4.64,0.57,10.0,0.01,0.02,2365.061799,1776280812000
1776280814.344,14.344,0.45,20.5,0.44,79.16,0.46,239.77,0.47,190.5,0.54,244.28,0.53,257.0,0.55,10.0,0.56,15.14,0.01,0.01,2365.061799,1776280812000
1776280815.151,15.151,0.45,8.18,0.44,21.16,0.46,245.77,0.47,258.5,0.54,239.77,0.53,190.5,0.55,20.5,0.56,79.16,0.01,0.01,2364.764078,1776280813000
1776280815.377,15.377,0.44,17.58,0.43,127.5,0.45,5.0,0.46,297.77,0.54,245.77,0.53,258.5,0.55,8.18,0.56,21.16,0.01,0.01,2364.764078,1776280813000
1776280815.79,15.79,0.4,25.0,0.35,112.0,0.45,404.5,0.46,324.77,0.55,141.0,0.54,287.77,0.56,6.16,0.57,127.5,0.05,0.01,2364.737806,1776280814000
1776280816.135,16.135,0.35,0.5,0.34,10.5,0.36,228.0,0.37,130.5,0.64,10.0,0.63,10.0,0.65,98.38,0.66,129.0,0.01,0.01,2364.737806,1776280814000
1776280818.778,18.778,0.34,10.0,0.33,59.0,0.36,96.58,0.37,151.5,0.64,153.83,0.63,30.5,0.66,0.5,0.67,18.0,0.02,0.02,2364.02586,1776280817000
1776280823.751,23.751,0.33,0.07,0.32,33.5,0.34,107.81,0.35,142.19,0.64,96.58,0.63,151.5,0.66,10.0,0.67,59.0,0.01,0.02,2363.682758,1776280822000
1776280824.103,24.103,0.3,35.5,0.29,56.0,0.34,275.5,0.35,251.19,0.66,102.81,0.65,142.19,0.67,0.07,0.68,33.5,0.04,0.01,2363.682758,1776280822000
1776280826.232,26.232,0.29,115.85,0.28,45.5,0.3,15.0,0.31,30.0,0.66,275.5,0.65,251.19,0.7,35.5,0.71,56.0,0.01,0.04,2363.625242,1776280825000
1776280826.974,26.974,0.29,81.59,0.28,45.5,0.3,40.39,0.31,30.0,0.7,15.0,0.69,30.0,0.71,115.85,0.72,45.5,0.01,0.01,2363.625242,1776280825000
1776280828.611,28.611,0.27,11.5,0.26,148.5,0.28,79.26,0.29,125.0,0.7,40.39,0.69,30.0,0.71,81.59,0.72,45.5,0.01,0.01,2363.536661,1776280827000
1776280829.237,29.237,0.27,16.37,0.26,148.5,0.28,84.26,0.29,125.0,0.72,79.26,0.71,125.0,0.73,11.5,0.74,148.5,0.01,0.01,2363.46935,1776280828000
1776280829.47,29.47,0.27,10.0,0.26,148.5,0.28,72.26,0.29,125.0,0.72,84.26,0.71,125.0,0.73,16.37,0.74,148.5,0.01,0.01,2363.46935,1776280828000
1776280830.327,30.327,0.26,75.0,0.25,170.5,0.27,101.01,0.28,111.0,0.72,72.26,0.71,125.0,0.73,10.0,0.74,148.5,0.01,0.01,2363.46935,1776280828000
1776280830.659,30.659,0.26,101.0,0.25,170.5,0.27,91.01,0.28,53.0,0.73,96.01,0.72,53.0,0.74,85.0,0.75,170.5,0.01,0.01,2363.49033,1776280829000
1776280830.916,30.916,0.26,96.06,0.25,170.5,0.27,96.01,0.28,53.0,0.73,91.01,0.72,53.0,0.74,101.0,0.75,170.5,0.01,0.01,2363.49033,1776280829000
1776280831.53,31.53,0.26,81.06,0.25,155.0,0.27,66.01,0.28,88.5,0.73,96.01,0.72,53.0,0.74,96.06,0.75,170.5,0.01,0.01,2363.472849,1776280830000
1776280831.852,31.852,0.26,71.06,0.25,155.0,0.27,96.01,0.28,88.5,0.73,66.01,0.72,88.5,0.74,81.06,0.75,155.0,0.01,0.01,2363.472849,1776280830000
1776280833.006,33.006,0.26,10.0,0.25,92.0,0.27,249.16,0.28,145.5,0.73,96.01,0.72,88.5,0.74,71.06,0.75,155.0,0.01,0.01,2363.349221,1776280831000
1776280833.585,33.585,0.25,123.0,0.24,33.0,0.27,270.15,0.28,278.98,0.73,249.16,0.72,145.5,0.74,10.0,0.75,92.0,0.02,0.01,2363.287429,1776280832000
1776280834.273,34.273,0.25,60.5,0.24,43.0,0.26,110.0,0.27,195.15,0.73,270.15,0.72,278.98,0.75,123.0,0.76,33.0,0.01,0.02,2363.299892,1776280833000
1776280834.754,34.754,0.21,15.58,0.2,10.0,0.22,110.0,0.23,254.13,0.74,115.0,0.73,195.15,0.75,43.5,0.76,43.0,0.01,0.01,2363.299892,1776280833000
1776280835.357,35.357,0.21,12.92,0.2,30.0,0.22,138.45,0.23,209.13,0.78,141.45,0.77,213.13,0.79,15.58,0.8,10.0,0.01,0.01,2363.140722,1776280834000
1776280836.905,36.905,0.21,43.28,0.2,99.05,0.22,61.46,0.23,128.0,0.78,128.33,0.77,209.13,0.79,2.92,0.8,30.0,0.01,0.01,2363.048419,1776280835000
1776280837.628,37.628,0.21,351.78,0.2,137.55,0.22,3.0,0.23,10.0,0.78,61.46,0.77,128.0,0.79,43.28,0.8,99.05,0.01,0.01,2362.6992,1776280836000
1776280838.014,38.014,0.22,290.73,0.21,146.78,0.23,3.0,0.24,43.4,0.77,3.0,0.76,10.0,0.78,11.0,0.79,356.78,0.01,0.01,2362.6992,1776280836000
1776280842.459,42.459,0.22,196.01,0.21,219.78,0.23,3.0,0.24,31.14,0.77,3.0,0.76,43.4,0.78,290.73,0.79,146.78,0.01,0.01,2363.162384,1776280841000
1776280843.197,43.197,0.22,128.92,0.21,103.5,0.23,8.0,0.24,89.14,0.77,3.0,0.76,31.14,0.78,196.01,0.79,219.78,0.01,0.01,2363.162384,1776280841000
1776280843.606,43.606,0.22,97.92,0.21,93.0,0.23,50.7,0.24,68.0,0.77,8.0,0.76,89.14,0.78,121.92,0.79,93.0,0.01,0.01,2363.106888,1776280842000
1776280844.608,44.608,0.22,112.92,0.21,92.5,0.23,26.35,0.24,68.0,0.77,50.7,0.76,68.0,0.78,97.92,0.79,93.0,0.01,0.01,2363.095928,1776280843000
1776280845.788,45.788,0.22,36.6,0.21,62.0,0.23,147.72,0.24,30.5,0.77,26.35,0.76,68.0,0.78,112.92,0.79,92.5,0.01,0.01,2363.077152,1776280844000
1776280845.997,45.997,0.22,9.55,0.21,62.0,0.23,147.72,0.24,30.5,0.77,142.72,0.76,25.5,0.78,35.19,0.79,62.0,0.01,0.01,2363.077152,1776280844000
1776280847.132,47.132,0.21,62.73,0.2,64.5,0.22,114.29,0.23,58.87,0.77,147.72,0.76,30.5,0.78,9.55,0.79,62.0,0.01,0.01,2363.060958,1776280845000
1776280848.027,48.027,0.21,40.73,0.2,70.5,0.22,105.29,0.23,116.87,0.78,114.29,0.77,58.87,0.79,62.73,0.8,64.5,0.01,0.01,2362.980012,1776280846000
1776280848.401,48.401,0.21,45.66,0.2,70.5,0.22,64.29,0.23,116.87,0.78,110.29,0.77,116.87,0.79,45.66,0.8,70.5,0.01,0.01,2362.980012,1776280846000
1776280848.751,48.751,0.21,50.66,0.2,70.5,0.22,59.74,0.23,116.87,0.78,64.29,0.77,116.87,0.79,45.66,0.8,70.5,0.01,0.01,2362.980012,1776280846000
1776280849.668,49.668,0.21,137.39,0.2,92.0,0.22,54.74,0.23,38.37,0.78,59.74,0.77,116.87,0.79,50.66,0.8,70.5,0.01,0.01,2362.93573,1776280847000
1776280850.362,50.362,0.21,68.06,0.2,150.0,0.22,54.74,0.23,101.37,0.78,54.74,0.77,38.37,0.79,137.39,0.8,92.0,0.01,0.01,2362.882704,1776280848000
1776280851.809,51.809,0.21,210.7,0.2,136.0,0.22,49.74,0.23,33.37,0.78,54.74,0.77,101.37,0.79,68.06,0.8,150.0,0.01,0.01,2362.88111,1776280850000
1776280853.236,53.236,0.21,233.91,0.2,136.0,0.22,49.74,0.23,33.37,0.78,49.74,0.77,33.37,0.79,210.7,0.8,136.0,0.01,0.01,2362.882409,1776280851000
1776280854.085,54.085,0.21,170.91,0.2,194.0,0.22,45.19,0.23,10.0,0.78,49.74,0.77,33.37,0.79,233.91,0.8,136.0,0.01,0.01,2362.984414,1776280853000
1776280855.001,55.001,0.21,147.58,0.2,189.0,0.22,10.0,0.23,29.06,0.78,45.19,0.77,10.0,0.79,170.91,0.8,194.0,0.01,0.01,2362.984414,1776280853000
1776280856.206,56.206,0.21,94.0,0.2,131.0,0.22,55.44,0.23,15.0,0.78,10.0,0.77,29.06,0.79,147.58,0.8,189.0,0.01,0.01,2363.031782,1776280855000
1776280857.442,57.442,0.22,12.61,0.21,70.0,0.23,118.95,0.24,40.5,0.78,55.44,0.77,15.0,0.79,94.0,0.8,131.0,0.01,0.01,2363.065654,1776280856000
1776280858.31,58.31,0.22,101.16,0.21,60.0,0.23,60.95,0.24,88.5,0.77,118.95,0.76,40.5,0.78,12.61,0.79,70.0,0.01,0.01,2363.065654,1776280856000
1776280858.674,58.674,0.22,280.16,0.21,115.0,0.23,20.93,0.25,20.0,0.77,60.95,0.76,88.5,0.78,101.16,0.79,60.0,0.01,0.01,2362.986764,1776280857000
1776280858.911,58.911,0.25,11.8,0.24,126.5,0.26,53.52,0.27,55.0,0.75,3.76,0.74,35.0,0.76,27.0,0.77,17.0,0.01,0.01,2362.986764,1776280857000
1776280859.429,59.429,0.25,178.8,0.24,142.5,0.26,47.52,0.27,60.0,0.74,53.52,0.73,55.0,0.75,11.8,0.76,126.5,0.01,0.01,2363.006474,1776280858000
1776280860.496,60.496,0.25,58.52,0.24,216.0,0.26,83.52,0.27,118.0,0.74,47.52,0.73,60.0,0.75,170.66,0.76,142.5,0.01,0.01,2363.006474,1776280858000
1776280860.745,60.745,0.25,117.54,0.24,175.0,0.26,58.52,0.27,118.0,0.74,58.52,0.73,118.0,0.75,82.18,0.76,251.0,0.01,0.01,2363.166886,1776280859000
1776280861.144,61.144,0.25,7.8,0.24,108.0,0.26,58.52,0.27,70.5,0.74,58.52,0.73,118.0,0.75,114.1,0.76,175.0,0.01,0.01,2363.166886,1776280859000
1776280861.687,61.687,0.24,134.7,0.23,141.43,0.25,11.0,0.26,126.52,0.74,58.52,0.73,70.5,0.75,7.8,0.76,108.0,0.01,0.01,2363.403878,1776280860000
1776280862.075,62.075,0.24,124.7,0.23,141.43,0.25,72.74,0.26,88.0,0.75,67.74,0.74,88.0,0.76,139.7,0.77,141.43,0.01,0.01,2363.403878,1776280860000
1776280863.463,63.463,0.24,59.7,0.23,116.43,0.26,32.75,0.27,70.5,0.75,72.74,0.74,88.0,0.76,124.7,0.77,141.43,0.02,0.01,2363.53246,1776280861000
1776280863.921,63.921,0.23,16.46,0.21,25.0,0.24,359.04,0.25,218.5,0.75,10.0,0.74,42.75,0.76,73.56,0.77,121.43,0.01,0.01,2363.484118,1776280862000
1776280864.18,64.18,0.2,28.5,0.19,58.4,0.22,91.0,0.23,139.86,0.77,94.86,0.76,373.04,0.79,25.0,0.8,57.5,0.02,0.02,2363.484118,1776280862000
1776280864.913,64.913,0.2,13.65,0.19,121.71,0.21,152.52,0.22,90.5,0.78,91.0,0.77,139.86,0.8,28.5,0.81,58.4,0.01,0.02,2363.409213,1776280863000
1776280865.248,65.248,0.2,23.92,0.19,121.71,0.21,152.52,0.22,90.5,0.79,152.52,0.78,90.5,0.8,13.65,0.81,121.71,0.01,0.01,2363.409213,1776280863000
1776280865.855,65.855,0.2,130.97,0.19,98.71,0.21,111.06,0.22,17.0,0.79,152.52,0.78,90.5,0.8,23.92,0.81,121.71,0.01,0.01,2363.384404,1776280864000
1776280866.256,66.256,0.2,144.72,0.19,98.71,0.21,111.06,0.22,17.0,0.79,111.06,0.78,17.0,0.8,130.97,0.81,98.71,0.01,0.01,2363.384404,1776280864000
1776280867.23,67.23,0.2,232.22,0.19,127.71,0.21,125.31,0.22,17.0,0.79,111.06,0.78,17.0,0.8,144.72,0.81,98.71,0.01,0.01,2362.952994,1776280865000
1776280867.504,67.504,0.2,219.8,0.19,127.71,0.21,120.54,0.22,17.0,0.79,120.54,0.78,17.0,0.8,225.09,0.81,127.71,0.01,0.01,2362.975186,1776280866000
1776280867.858,67.858,0.2,155.55,0.19,127.71,0.21,120.54,0.22,17.0,0.79,120.54,0.78,17.0,0.8,219.8,0.81,127.71,0.01,0.01,2362.975186,1776280866000
1776280868.343,68.343,0.2,74.95,0.19,116.71,0.21,188.54,0.22,32.5,0.79,120.54,0.78,17.0,0.8,155.55,0.81,127.71,0.01,0.01,2363.086549,1776280867000
1776280869.039,69.039,0.2,74.95,0.19,116.71,0.21,110.02,0.22,32.5,0.79,188.54,0.78,32.5,0.8,74.95,0.81,116.71,0.01,0.01,2363.086549,1776280867000
1776280871.332,71.332,0.17,54.23,0.16,129.8,0.18,60.5,0.19,91.5,0.79,110.25,0.78,32.5,0.8,74.95,0.81,116.71,0.01,0.01,2363.113523,1776280869000
1776280872.961,72.961,0.17,20.0,0.16,86.8,0.18,128.5,0.19,53.5,0.82,70.5,0.81,101.5,0.83,37.76,0.84,71.8,0.01,0.01,2363.007363,1776280871000
1776280873.649,73.649,0.16,108.91,0.15,213.2,0.17,40.0,0.18,98.5,0.82,128.5,0.81,53.5,0.83,20.0,0.84,86.8,0.01,0.01,2362.882442,1776280872000
1776280874.188,74.188,0.16,123.91,0.15,203.2,0.17,45.0,0.18,93.5,0.83,40.0,0.82,98.5,0.84,108.91,0.85,213.2,0.01,0.01,2362.808382,1776280873000
1776280875.361,75.361,0.16,78.79,0.15,192.2,0.17,55.0,0.18,113.5,0.83,45.0,0.82,93.5,0.84,123.91,0.85,203.2,0.01,0.01,2362.771514,1776280874000
1776280876.137,76.137,0.16,16.0,0.15,60.0,0.17,472.07,0.18,196.5,0.83,55.0,0.82,113.5,0.84,78.79,0.85,192.2,0.01,0.01,2362.771514,1776280874000
1776280876.347,76.347,0.14,7.48,0.13,10.0,0.15,20.0,0.16,56.9,0.85,20.0,0.84,76.9,0.86,13.22,0.87,10.0,0.01,0.01,2362.829208,1776280875000
1776280876.555,76.555,0.11,25.97,0.1,64.0,0.12,25.5,0.13,91.5,0.85,20.0,0.84,101.9,0.87,10.0,0.89,86.79,0.01,0.02,2362.829208,1776280875000
1776280876.937,76.937,0.1,30.89,0.09,152.0,0.11,30.5,0.12,45.5,0.88,60.5,0.87,91.5,0.9,40.79,0.91,152.0,0.01,0.02,2362.829208,1776280875000
1776280877.221,77.221,0.1,52.79,0.09,60.0,0.11,10.0,0.12,25.0,0.89,25.5,0.88,45.5,0.9,10.89,0.91,152.0,0.01,0.01,2362.829208,1776280875000
1776280878.265,78.265,0.1,27.89,0.09,143.0,0.11,20.66,0.12,25.5,0.89,10.0,0.88,25.0,0.9,52.79,0.91,60.0,0.01,0.01,2362.545675,1776280877000
1776280878.665,78.665,0.1,7.0,0.09,73.0,0.11,142.66,0.12,54.5,0.89,20.66,0.88,25.5,0.9,27.89,0.91,143.0,0.01,0.01,2362.545675,1776280877000
1776280879.025,79.025,0.1,20.24,0.08,128.0,0.11,166.66,0.12,40.5,0.89,142.66,0.88,54.5,0.9,7.0,0.91,73.0,0.01,0.01,2362.545675,1776280877000
1776280879.303,79.303,0.1,14.31,0.08,111.0,0.11,286.66,0.12,140.5,0.89,166.66,0.88,40.5,0.9,20.24,0.92,128.0,0.01,0.01,2361.97245,1776280878000
1776280879.525,79.525,0.08,111.0,0.07,339.3,0.11,576.43,0.12,220.31,0.89,281.66,0.88,140.5,0.9,12.08,0.92,111.0,0.03,0.01,2361.97245,1776280878000
1776280881.605,81.605,0.08,33.0,0.07,133.0,0.09,233.5,0.1,51.5,0.89,576.43,0.88,220.31,0.92,111.0,0.93,339.3,0.01,0.03,2361.729396,1776280880000
1776280882.486,82.486,0.07,122.59,0.06,44.0,0.08,152.5,0.09,174.38,0.91,222.38,0.9,51.5,0.92,33.0,0.93,133.0,0.01,0.01,2361.543355,1776280881000
1776280882.792,82.792,0.07,120.43,0.06,44.0,0.08,147.5,0.09,232.37,0.92,152.5,0.91,174.38,0.93,122.59,0.94,44.0,0.01,0.01,2361.543355,1776280881000
1776280883.677,83.677,0.07,212.81,0.06,83.0,0.08,34.5,0.09,46.38,0.92,147.5,0.91,232.37,0.93,120.43,0.94,44.0,0.01,0.01,2361.240475,1776280882000
1776280883.955,83.955,0.07,107.41,0.06,69.0,0.08,34.5,0.09,46.38,0.92,34.5,0.91,46.38,0.93,209.57,0.94,69.0,0.01,0.01,2361.240475,1776280882000
1776280884.51,84.51,0.07,109.17,0.06,81.0,0.08,15.5,0.09,31.5,0.92,34.5,0.91,46.38,0.93,100.79,0.94,69.0,0.01,0.01,2360.971977,1776280883000
1776280886.837,86.837,0.07,20.75,0.06,52.0,0.08,515.34,0.09,203.6,0.92,15.5,0.91,31.5,0.93,109.17,0.94,81.0,0.01,0.01,2361.0372,1776280885000
1776280887.681,87.681,0.07,0.23,0.06,10.0,0.08,50.04,0.09,169.73,0.92,515.34,0.91,203.6,0.93,20.75,0.94,52.0,0.01,0.01,2361.077181,1776280886000
1776280888.104,88.104,0.07,167.65,0.06,86.0,0.08,2.54,0.09,31.5,0.92,50.04,0.91,169.73,0.93,0.23,0.94,10.0,0.01,0.01,2361.077181,1776280886000
1776280888.644,88.644,0.08,122.36,0.07,94.65,0.09,15.0,0.1,30.5,0.92,2.54,0.91,31.5,0.93,167.65,0.94,86.0,0.01,0.01,2361.078721,1776280887000
1776280889.741,89.741,0.07,69.65,0.06,145.0,0.09,20.5,0.1,102.49,0.91,25.5,0.9,30.5,0.92,89.36,0.93,133.65,0.02,0.01,2360.966127,1776280888000
1776280890.033,90.033,0.08,23.36,0.07,74.65,0.09,20.5,0.1,160.49,0.91,20.5,0.9,102.49,0.93,69.65,0.94,145.0,0.01,0.02,2361.101575,1776280889000
1776280894.083,94.083,0.08,48.0,0.07,97.23,0.09,93.68,0.1,207.56,0.91,20.5,0.9,160.49,0.92,23.36,0.93,74.65,0.01,0.01,2361.189963,1776280892000
1776280895.148,95.148,0.08,154.62,0.07,82.23,0.11,20.5,0.12,93.83,0.91,57.01,0.9,207.56,0.92,48.0,0.93,97.23,0.03,0.01,2361.220892,1776280894000
1776280895.354,95.354,0.1,83.0,0.09,50.0,0.11,96.98,0.12,151.83,0.89,20.5,0.88,93.83,0.92,154.62,0.93,82.23,0.01,0.03,2361.220892,1776280894000
1776280896.451,96.451,0.1,62.0,0.09,146.0,0.11,10.0,0.12,205.53,0.89,96.98,0.88,151.83,0.9,83.0,0.91,50.0,0.01,0.01,2361.220892,1776280894000
1776280896.697,96.697,0.1,40.0,0.09,55.0,0.11,74.68,0.12,162.53,0.89,10.0,0.88,205.53,0.9,62.0,0.91,146.0,0.01,0.01,2361.220892,1776280894000
1776280897.519,97.519,0.11,33.31,0.1,66.1,0.12,50.5,0.13,121.5,0.89,74.68,0.88,162.53,0.9,40.0,0.91,55.0,0.01,0.01,2361.27979,1776280895000
1776280903.672,103.672,0.11,71.62,0.1,85.6,0.12,14.14,0.13,45.0,0.88,50.5,0.87,121.5,0.89,46.62,0.9,71.1,0.01,0.01,2361.857809,1776280901000
1776280904.234,104.234,0.11,65.76,0.1,76.6,0.12,33.31,0.13,45.0,0.88,14.14,0.87,45.0,0.89,71.62,0.9,85.6,0.01,0.01,2361.892818,1776280902000
1776280904.54,104.54,0.11,55.76,0.1,76.6,0.12,33.31,0.13,45.0,0.88,33.31,0.87,45.0,0.89,65.76,0.9,76.6,0.01,0.01,2361.892818,1776280902000
1776280904.944,104.944,0.11,207.25,0.1,96.6,0.12,14.14,0.13,30.0,0.88,33.31,0.87,45.0,0.89,55.76,0.9,76.6,0.01,0.01,2361.942992,1776280903000
1776280905.603,105.603,0.15,62.78,0.14,104.0,0.16,26.9,0.17,94.02,0.87,30.0,0.86,20.0,0.89,221.25,0.9,112.6,0.01,0.02,2361.995301,1776280904000
1776280906.258,106.258,0.15,80.78,0.14,124.5,0.16,86.05,0.17,94.02,0.84,26.9,0.83,94.02,0.85,62.78,0.86,104.0,0.01,0.01,2361.995301,1776280904000
1776280907.66,107.66,0.15,164.28,0.14,80.5,0.16,521.02,0.17,88.28,0.84,86.05,0.83,94.02,0.85,80.78,0.86,124.5,0.01,0.01,2362.091748,1776280905000
1776280908.012,108.012,0.15,179.28,0.14,105.5,0.16,12.9,0.17,102.72,0.84,521.02,0.83,88.28,0.85,164.28,0.86,80.5,0.01,0.01,2362.091748,1776280905000
1776280908.214,108.214,0.15,277.28,0.14,105.5,0.17,31.02,0.18,10.0,0.84,12.9,0.83,102.72,0.85,179.28,0.86,105.5,0.02,0.01,2362.46992,1776280906000
1776280908.457,108.457,0.18,21.75,0.16,503.0,0.19,10.0,0.2,20.0,0.83,31.02,0.82,10.0,0.85,277.28,0.86,105.5,0.01,0.02,2362.46992,1776280906000
1776280908.707,108.707,0.21,39.75,0.2,25.0,0.22,11.86,0.23,20.0,0.78,22.0,0.77,20.0,0.79,29.75,0.8,71.0,0.01,0.01,2362.46992,1776280906000
1776280909.916,109.916,0.21,22.0,0.2,25.0,0.22,255.46,0.23,32.0,0.78,11.86,0.77,20.0,0.79,39.75,0.8,25.0,0.01,0.01,2362.620608,1776280908000
1776280910.249,110.249,0.18,9.91,0.17,5.0,0.19,10.0,0.2,10.0,0.78,215.46,0.77,32.0,0.8,25.0,0.81,25.0,0.01,0.02,2362.620608,1776280908000
1776280910.803,110.803,0.18,29.0,0.17,15.0,0.19,201.8,0.2,10.0,0.81,2.0,0.8,10.0,0.82,39.61,0.83,15.0,0.01,0.01,2363.051495,1776280909000
1776280911.522,111.522,0.18,5.0,0.17,10.0,0.19,201.3,0.2,20.5,0.81,190.8,0.8,10.0,0.82,21.0,0.83,15.0,0.01,0.01,2363.051495,1776280909000
1776280912.048,112.048,0.18,23.0,0.17,10.0,0.19,201.3,0.2,20.5,0.81,201.3,0.8,20.5,0.82,5.0,0.83,10.0,0.01,0.01,2363.415746,1776280910000
1776280918.02,118.02,0.18,50.46,0.17,78.0,0.19,76.92,0.2,20.5,0.81,201.3,0.8,20.5,0.82,23.0,0.83,10.0,0.01,0.01,2362.843489,1776280916000
1776280920.411,120.411,0.17,40.0,0.16,95.5,0.18,25.35,0.19,71.42,0.81,76.92,0.8,20.5,0.82,50.46,0.83,78.0,0.01,0.01,2363.0512,1776280918000
1776280921.256,121.256,0.17,98.94,0.16,70.5,0.18,31.35,0.19,25.0,0.82,25.35,0.81,71.42,0.83,40.0,0.84,95.5,0.01,0.01,2362.982006,1776280919000
1776280921.645,121.645,0.17,177.44,0.16,120.5,0.18,23.35,0.21,10.0,0.82,31.35,0.81,25.0,0.83,98.94,0.84,70.5,0.01,0.01,2362.976305,1776280920000
1776280922.087,122.087,0.18,160.4,0.17,126.44,0.19,19.12,0.21,10.0,0.81,19.12,0.79,10.0,0.83,193.44,0.84,120.5,0.01,0.02,2362.976305,1776280920000
1776280922.293,122.293,0.18,165.4,0.17,126.44,0.19,5.85,0.21,10.0,0.81,11.12,0.79,10.0,0.82,160.4,0.83,126.44,0.01,0.01,2362.976305,1776280920000
1776280923.287,123.287,0.19,67.0,0.18,133.87,0.2,74.45,0.21,15.0,0.8,54.45,0.79,10.0,0.82,154.87,0.83,140.44,0.01,0.02,2362.915718,1776280921000
1776280923.557,123.557,0.19,174.5,0.18,87.87,0.2,64.45,0.21,10.0,0.8,74.45,0.79,15.0,0.81,67.0,0.82,133.87,0.01,0.01,2362.966,1776280922000
1776280924.111,124.111,0.19,182.5,0.18,68.5,0.2,5.0,0.22,66.34,0.8,56.45,0.79,10.0,0.81,184.5,0.82,87.87,0.01,0.01,2362.966,1776280922000
1776280924.319,124.319,0.21,45.0,0.19,217.5,0.22,63.34,0.23,10.0,0.78,66.34,0.77,10.0,0.79,45.0,0.81,217.5,0.01,0.01,2362.966,1776280922000
1776280925.523,125.523,0.21,21.0,0.2,56.5,0.22,68.34,0.23,20.5,0.78,63.34,0.77,10.0,0.79,18.02,0.8,20.5,0.01,0.01,2363.134895,1776280923000
1776280926.938,126.938,0.21,15.0,0.2,45.0,0.22,85.88,0.23,20.5,0.78,68.34,0.77,20.5,0.79,21.0,0.8,56.5,0.01,0.01,2363.21354,1776280925000
1776280928.132,128.132,0.19,1.91,0.18,152.0,0.2,127.5,0.21,86.49,0.78,85.88,0.77,20.5,0.79,15.0,0.8,45.0,0.01,0.01,2363.271911,1776280926000
1776280928.657,128.657,0.19,1.91,0.18,152.0,0.21,77.91,0.22,128.49,0.8,127.5,0.79,86.49,0.81,1.91,0.82,152.0,0.02,0.01,2363.243538,1776280927000
1776280929.848,129.848,0.2,1.64,0.19,117.81,0.21,185.74,0.22,60.49,0.8,25.5,0.79,140.91,0.81,0.36,0.82,162.5,0.01,0.01,2363.238708,1776280928000
1776280931.182,131.182,0.2,198.19,0.19,85.81,0.21,117.09,0.23,10.0,0.79,185.74,0.78,60.49,0.8,1.64,0.81,117.81,0.01,0.01,2363.145254,1776280929000
1776280931.401,131.401,0.2,153.94,0.19,118.81,0.21,80.8,0.23,10.0,0.79,80.8,0.77,10.0,0.8,160.19,0.81,110.81,0.01,0.01,2363.148068,1776280930000
1776280932.675,132.675,0.2,157.94,0.19,151.81,0.21,13.0,0.22,104.42,0.79,15.8,0.77,10.0,0.8,153.94,0.81,118.81,0.01,0.01,2363.148068,1776280930000
1776280932.913,132.913,0.2,156.94,0.19,151.81,0.22,93.19,0.23,10.0,0.79,13.0,0.78,104.42,0.8,157.94,0.81,151.81,0.02,0.01,2363.141613,1776280931000
1776280935.06,135.06,0.21,69.14,0.2,99.94,0.22,156.19,0.23,10.0,0.78,93.19,0.77,10.0,0.8,156.94,0.81,151.81,0.01,0.02,2363.550504,1776280933000
1776280935.818,135.818,0.21,66.6,0.2,99.94,0.22,161.19,0.23,10.0,0.78,156.19,0.77,10.0,0.79,69.14,0.8,99.94,0.01,0.01,2363.46699,1776280934000
1776280936.244,136.244,0.21,34.85,0.2,74.94,0.22,161.19,0.23,10.0,0.78,161.19,0.77,10.0,0.79,66.6,0.8,99.94,0.01,0.01,2363.46699,1776280934000
1776280938.006,138.006,0.21,118.85,0.2,74.94,0.22,56.0,0.24,15.5,0.78,161.19,0.77,10.0,0.79,34.85,0.8,74.94,0.01,0.01,2363.54771,1776280936000
1776280939.855,139.855,0.21,169.85,0.2,49.55,0.22,51.45,0.23,42.96,0.78,56.0,0.76,15.5,0.79,118.85,0.8,74.94,0.01,0.01,2363.586353,1776280938000
1776280940.593,140.593,0.22,9.69,0.21,200.85,0.26,17.0,0.27,25.0,0.78,51.45,0.77,42.96,0.79,169.85,0.8,49.55,0.04,0.01,2363.608515,1776280939000
1776280940.795,140.795,0.26,50.0,0.25,49.5,0.27,2.27,0.28,5.0,0.74,17.0,0.73,25.0,0.78,9.69,0.79,200.85,0.01,0.04,2363.608515,1776280939000
1776280941.255,141.255,0.27,31.05,0.26,55.0,0.3,86.72,0.31,143.33,0.7,66.16,0.69,95.0,0.71,10.0,0.72,10.0,0.03,0.01,2363.717226,1776280940000
1776280942.764,142.764,0.28,11.62,0.27,37.05,0.29,106.51,0.3,35.67,0.71,15.5,0.7,76.72,0.72,10.0,0.73,61.05,0.01,0.01,2363.640581,1776280941000
1776280945.748,145.748,0.28,138.73,0.27,52.55,0.29,59.51,0.3,5.0,0.71,106.51,0.7,35.67,0.72,11.62,0.73,37.05,0.01,0.01,2363.75372,1776280944000
1776280951.127,151.127,0.29,57.18,0.28,65.73,0.3,25.26,0.31,15.5,0.71,59.51,0.7,5.0,0.72,138.73,0.73,52.55,0.01,0.01,2364.117487,1776280949000
1776280951.461,151.461,0.29,167.41,0.28,68.73,0.3,25.26,0.33,5.0,0.7,25.26,0.69,15.5,0.71,57.18,0.72,65.73,0.01,0.01,2364.117487,1776280949000
1776280951.943,151.943,0.34,25.0,0.33,25.5,0.35,22.73,0.36,210.33,0.64,210.33,0.63,73.33,0.68,25.5,0.69,15.0,0.01,0.04,2363.973978,1776280950000
1776280952.629,152.629,0.34,59.73,0.33,46.5,0.35,59.06,0.36,141.33,0.65,22.73,0.64,210.33,0.66,25.0,0.67,25.5,0.01,0.01,2363.976816,1776280951000
1776280953.13,153.13,0.34,133.23,0.33,46.5,0.35,62.85,0.36,130.83,0.65,59.06,0.64,141.33,0.66,59.73,0.67,46.5,0.01,0.01,2363.976816,1776280951000
1776280954.442,154.442,0.34,74.05,0.33,59.5,0.35,52.51,0.36,188.83,0.65,53.76,0.64,130.83,0.66,138.23,0.67,41.5,0.01,0.01,2364.252574,1776280953000
1776280955.865,155.865,0.34,74.05,0.33,59.5,0.35,47.46,0.36,188.83,0.65,52.51,0.64,188.83,0.66,74.05,0.67,59.5,0.01,0.01,2364.31171,1776280954000
1776280957.616,157.616,0.34,146.53,0.33,76.56,0.35,29.2,0.36,130.83,0.65,47.46,0.64,188.83,0.66,74.05,0.67,59.5,0.01,0.01,2364.381739,1776280956000
1776280958.292,158.292,0.34,156.53,0.33,65.5,0.35,26.02,0.36,80.83,0.65,29.2,0.64,130.83,0.66,146.53,0.67,76.56,0.01,0.01,2364.557622,1776280957000
1776280960.766,160.766,0.34,119.5,0.33,70.5,0.36,69.14,0.37,68.0,0.65,26.02,0.64,80.83,0.66,156.53,0.67,65.5,0.02,0.01,2364.418587,1776280959000
1776280961.061,161.061,0.35,202.5,0.34,78.5,0.4,6.75,0.42,30.0,0.64,69.14,0.63,68.0,0.66,119.5,0.67,70.5,0.05,0.02,2364.418587,1776280959000
1776280961.663,161.663,0.4,25.0,0.39,60.0,0.41,47.06,0.42,88.0,0.58,40.0,0.57,5.0,0.65,212.5,0.66,103.5,0.01,0.07,2364.578928,1776280960000
1776280963.562,163.562,0.31,7.75,0.3,59.5,0.32,63.0,0.33,37.5,0.59,42.06,0.58,88.0,0.6,21.75,0.61,60.0,0.01,0.01,2364.485775,1776280962000
1776280963.897,163.897,0.31,27.75,0.3,117.5,0.38,13.52,0.39,114.49,0.68,63.0,0.67,37.5,0.69,7.75,0.7,59.5,0.07,0.01,2364.485775,1776280962000
1776280964.174,164.174,0.37,15.42,0.36,10.0,0.38,75.0,0.39,73.83,0.62,13.52,0.61,114.49,0.69,27.75,0.7,117.5,0.01,0.07,2364.485775,1776280962000
1776280964.469,164.469,0.37,12.24,0.36,10.0,0.38,162.5,0.39,25.5,0.62,75.0,0.61,73.83,0.63,15.42,0.64,10.0,0.01,0.01,2364.573096,1776280963000
1776280965.494,165.494,0.36,8.25,0.35,10.0,0.38,192.5,0.39,56.5,0.62,88.55,0.61,25.5,0.63,12.24,0.64,10.0,0.02,0.01,2364.321308,1776280964000
1776280966.624,166.624,0.35,15.0,0.34,15.0,0.36,160.66,0.37,47.5,0.62,192.5,0.61,56.5,0.64,8.25,0.65,10.0,0.01,0.02,2364.321308,1776280964000
1776280967.085,167.085,0.35,9.0,0.34,20.0,0.36,165.66,0.37,47.5,0.64,160.66,0.63,47.5,0.65,15.0,0.66,15.0,0.01,0.01,2364.385031,1776280965000
1776280967.337,167.337,0.35,4.05,0.34,20.0,0.36,160.66,0.37,47.5,0.64,165.66,0.63,47.5,0.65,9.0,0.66,20.0,0.01,0.01,2364.380411,1776280966000
1776280968.969,168.969,0.34,65.15,0.33,40.5,0.36,109.56,0.37,42.0,0.64,160.66,0.63,47.5,0.65,4.05,0.66,20.0,0.02,0.01,2364.37111,1776280967000
1776280970.858,170.858,0.35,113.5,0.34,60.5,0.36,102.57,0.37,25.5,0.64,109.56,0.63,42.0,0.66,65.15,0.67,40.5,0.01,0.02,2364.363712,1776280969000
1776280974.06,174.06,0.41,22.19,0.4,10.0,0.42,4.9,0.43,50.0,0.64,102.57,0.63,25.5,0.65,113.5,0.66,60.5,0.01,0.01,2364.440679,1776280973000
1776280974.499,174.499,0.41,103.5,0.4,15.0,0.43,25.0,0.44,10.0,0.58,4.9,0.57,50.0,0.59,22.19,0.6,10.0,0.02,0.01,2364.440679,1776280973000
1776280975.102,175.102,0.43,75.5,0.42,75.5,0.44,1.59,0.45,70.0,0.57,25.0,0.56,10.0,0.59,103.5,0.6,15.0,0.01,0.02,2364.423255,1776280974000
1776280975.38,175.38,0.43,58.5,0.42,143.5,0.44,1.59,0.45,25.0,0.56,1.59,0.55,70.0,0.57,75.5,0.58,75.5,0.01,0.01,2364.423255,1776280974000
1776280977.08,177.08,0.38,13.8,0.35,15.5,0.39,80.5,0.4,75.33,0.56,1.59,0.55,25.0,0.57,58.5,0.58,143.5,0.01,0.01,2364.774715,1776280975000
1776280977.301,177.301,0.35,32.24,0.34,51.0,0.37,30.0,0.38,27.0,0.61,80.5,0.6,75.33,0.62,13.8,0.65,15.5,0.02,0.01,2364.774715,1776280975000
1776280978.08,178.08,0.36,25.5,0.35,51.24,0.37,26.48,0.38,32.0,0.63,30.0,0.62,27.0,0.65,32.24,0.66,51.0,0.01,0.02,2364.823833,1776280976000
1776280979.088,179.088,0.35,25.5,0.34,45.0,0.36,161.11,0.37,103.48,0.63,26.48,0.62,32.0,0.64,25.5,0.65,51.24,0.01,0.01,2364.810053,1776280977000
1776280979.486,179.486,0.35,10.5,0.34,45.0,0.36,156.11,0.37,103.48,0.64,161.11,0.63,103.48,0.65,25.5,0.66,45.0,0.01,0.01,2364.810053,1776280977000
1776280982.643,182.643,0.43,31.72,0.42,83.5,0.44,1.59,0.45,15.5,0.64,156.11,0.63,103.48,0.65,10.5,0.66,45.0,0.01,0.01,2364.581239,1776280981000
1776280982.938,182.938,0.43,26.72,0.42,88.5,0.44,1.59,0.45,5.0,0.56,1.59,0.55,15.5,0.57,31.72,0.58,83.5,0.01,0.01,2364.581239,1776280981000
1776280983.155,183.155,0.43,37.94,0.42,88.5,0.44,1.59,0.45,15.5,0.56,1.59,0.55,5.0,0.57,26.72,0.58,88.5,0.01,0.01,2364.581239,1776280981000
1776280983.812,183.812,0.38,16.0,0.37,54.0,0.42,259.5,0.43,62.5,0.56,1.59,0.55,15.5,0.57,37.94,0.58,88.5,0.04,0.01,2364.588663,1776280982000
1776280984.664,184.664,0.37,46.37,0.36,114.5,0.39,72.5,0.4,20.5,0.58,259.5,0.57,62.5,0.62,16.0,0.63,54.0,0.02,0.04,2364.78391,1776280983000
1776280985.436,185.436,0.44,80.73,0.43,35.0,0.45,5.0,0.46,110.0,0.59,10.0,0.56,68.27,0.6,10.0,0.61,10.0,0.01,0.01,2364.83603,1776280984000
1776280986.666,186.666,0.47,20.0,0.46,36.0,0.49,13.43,0.5,53.15,0.54,110.0,0.53,60.0,0.56,133.73,0.57,46.0,0.02,0.02,2364.820374,1776280985000
1776280987.136,187.136,0.45,10.0,0.44,30.5,0.46,40.0,0.47,26.0,0.51,2.08,0.5,53.15,0.53,20.0,0.54,36.0,0.01,0.02,2364.820374,1776280985000
1776280987.387,187.387,0.45,70.5,0.44,35.5,0.47,76.24,0.48,63.0,0.54,40.0,0.53,26.0,0.55,10.0,0.56,30.5,0.02,0.01,2364.820374,1776280985000
1776280988.323,188.323,0.46,30.5,0.45,103.5,0.47,99.11,0.48,5.0,0.53,76.24,0.52,63.0,0.55,70.5,0.56,35.5,0.01,0.02,2365.051218,1776280987000
1776280988.889,188.889,0.46,35.5,0.45,113.5,0.47,87.11,0.48,15.0,0.53,94.11,0.52,5.0,0.54,35.5,0.55,113.5,0.01,0.01,2365.051218,1776280987000
1776280990.607,190.607,0.46,20.0,0.45,45.0,0.47,102.13,0.48,63.0,0.53,87.11,0.52,15.0,0.54,35.5,0.55,113.5,0.01,0.01,2364.966904,1776280989000
1776280991.997,191.997,0.46,83.0,0.45,65.5,0.47,27.46,0.48,41.47,0.53,102.13,0.52,63.0,0.54,20.0,0.55,45.0,0.01,0.01,2364.982326,1776280990000
1776280994.156,194.156,0.38,3.82,0.37,143.5,0.4,186.0,0.41,83.33,0.53,27.46,0.52,41.47,0.54,83.0,0.55,65.5,0.02,0.01,2365.053706,1776280992000
1776280996.582,196.582,0.35,25.5,0.34,55.0,0.36,6.0,0.37,70.0,0.6,186.0,0.59,83.33,0.62,3.82,0.63,143.5,0.01,0.02,2364.641505,1776280995000
1776280997.355,197.355,0.35,14.1,0.34,118.0,0.36,107.0,0.37,60.0,0.64,50.0,0.63,50.0,0.65,27.8,0.66,118.0,0.01,0.01,2364.641505,1776280995000
1776280998.642,198.642,0.32,9.5,0.31,93.0,0.33,40.0,0.34,79.0,0.64,107.0,0.63,60.0,0.65,14.1,0.66,118.0,0.01,0.01,2364.578329,1776280997000
1776281001.029,201.029,0.31,135.5,0.3,35.0,0.32,46.0,0.33,42.0,0.67,40.0,0.66,79.0,0.68,9.5,0.69,93.0,0.01,0.01,2364.479417,1776280999000
1776281001.97,201.97,0.31,30.5,0.3,83.0,0.32,46.0,0.33,110.0,0.68,46.0,0.67,42.0,0.69,135.5,0.7,35.0,0.01,0.01,2364.438164,1776281000000
1776281003.376,203.376,0.31,19.05,0.3,88.0,0.32,57.0,0.33,42.0,0.68,46.0,0.67,110.0,0.69,30.5,0.7,83.0,0.01,0.01,2364.420443,1776281001000
1776281004.844,204.844,0.31,14.52,0.3,88.0,0.32,132.0,0.33,48.0,0.68,57.0,0.67,42.0,0.69,19.05,0.7,88.0,0.01,0.01,2364.409639,1776281003000
1776281010.234,210.234,0.31,30.5,0.3,198.5,0.32,79.0,0.33,36.0,0.68,132.0,0.67,48.0,0.69,14.52,0.7,88.0,0.01,0.01,2364.395789,1776281008000
1776281010.942,210.942,0.31,35.84,0.3,145.5,0.32,70.0,0.33,36.0,0.68,79.0,0.67,36.0,0.69,30.5,0.7,198.5,0.01,0.01,2364.364886,1776281009000
1776281011.763,211.763,0.31,19.05,0.3,203.5,0.32,70.0,0.33,84.33,0.68,70.0,0.67,36.0,0.69,35.84,0.7,145.5,0.01,0.01,2364.371164,1776281010000
1776281013.377,213.377,0.31,34.05,0.3,103.5,0.32,87.0,0.33,106.99,0.68,70.0,0.67,84.33,0.69,19.05,0.7,203.5,0.01,0.01,2364.402927,1776281011000
1776281021.717,221.717,0.3,30.5,0.29,178.5,0.31,36.0,0.32,94.0,0.68,87.0,0.67,106.99,0.69,34.05,0.7,103.5,0.01,0.01,2364.437292,1776281020000
1776281026.984,226.984,0.27,280.0,0.26,85.0,0.3,121.38,0.31,106.5,0.69,36.0,0.68,94.0,0.7,30.5,0.71,178.5,0.03,0.01,2364.411651,1776281025000
1776281027.83,227.83,0.27,105.0,0.26,85.0,0.3,75.71,0.31,116.5,0.7,121.38,0.69,106.5,0.73,280.0,0.74,85.0,0.03,0.03,2364.155043,1776281026000
1776281028.32,228.32,0.25,51.52,0.24,130.0,0.26,75.5,0.27,25.5,0.71,10.5,0.7,60.44,0.74,35.0,0.75,175.0,0.01,0.03,2364.041334,1776281027000
1776281028.604,228.604,0.25,53.52,0.24,130.0,0.26,75.5,0.27,25.5,0.74,75.5,0.73,25.5,0.75,51.52,0.76,130.0,0.01,0.01,2364.041334,1776281027000
1776281028.917,228.917,0.25,29.89,0.24,130.0,0.26,75.5,0.27,30.5,0.74,75.5,0.73,25.5,0.75,40.04,0.76,130.0,0.01,0.01,2364.041334,1776281027000
1776281029.423,229.423,0.25,6.33,0.24,130.0,0.26,75.5,0.27,30.5,0.74,70.5,0.73,30.5,0.75,12.73,0.76,130.0,0.01,0.01,2364.041334,1776281027000
1776281029.954,229.954,0.25,0.66,0.24,130.0,0.26,133.47,0.27,35.5,0.74,75.5,0.73,30.5,0.75,6.33,0.76,130.0,0.01,0.01,2364.051481,1776281028000
1776281032.298,232.298,0.24,4.26,0.22,172.72,0.26,142.47,0.27,48.35,0.74,133.47,0.73,35.5,0.75,0.66,0.76,130.0,0.02,0.01,2364.080016,1776281030000
1776281032.742,232.742,0.22,188.13,0.21,65.5,0.23,70.33,0.24,92.12,0.74,142.47,0.73,48.35,0.76,4.26,0.78,172.72,0.01,0.02,2364.070497,1776281031000
1776281033.777,233.777,0.22,172.13,0.21,65.5,0.23,132.77,0.24,24.38,0.77,70.33,0.76,92.12,0.78,188.13,0.79,65.5,0.01,0.01,2364.069288,1776281032000
1776281034.258,234.258,0.22,175.07,0.21,65.5,0.23,132.77,0.24,24.38,0.77,132.77,0.76,24.38,0.78,172.13,0.79,65.5,0.01,0.01,2364.139757,1776281033000
1776281034.911,234.911,0.22,0.07,0.21,65.5,0.23,90.64,0.24,77.62,0.77,142.43,0.76,42.38,0.78,90.07,0.79,65.5,0.01,0.01,2364.139757,1776281033000
1776281035.708,235.708,0.21,64.3,0.19,75.0,0.23,32.65,0.24,125.95,0.77,90.64,0.76,77.62,0.78,0.07,0.79,65.5,0.02,0.01,2364.139502,1776281034000
1776281036.534,236.534,0.21,233.5,0.2,49.05,0.27,15.85,0.3,5.0,0.77,32.65,0.76,125.95,0.79,64.3,0.81,75.0,0.06,0.02,2364.125667,1776281035000
1776281036.74,236.74,0.26,106.5,0.25,27.0,0.27,5.75,0.3,5.0,0.73,15.85,0.7,5.0,0.79,233.5,0.8,49.05,0.01,0.06,2364.125667,1776281035000
1776281037.248,237.248,0.31,33.32,0.3,25.5,0.32,20.0,0.33,20.0,0.68,80.0,0.67,20.0,0.71,25.5,0.72,20.5,0.01,0.03,2364.095678,1776281036000
1776281037.502,237.502,0.31,14.05,0.3,25.5,0.32,25.0,0.33,20.0,0.68,20.0,0.67,20.0,0.69,33.32,0.7,25.5,0.01,0.01,2364.095678,1776281036000
1776281038.813,238.813,0.26,5.17,0.25,36.0,0.27,25.0,0.28,10.0,0.68,25.0,0.67,20.0,0.69,14.05,0.7,25.5,0.01,0.01,2364.089348,1776281037000
1776281041.788,241.788,0.23,10.19,0.22,13.0,0.24,10.0,0.25,10.0,0.73,25.0,0.72,10.0,0.74,5.17,0.75,36.0,0.01,0.01,2364.425071,1776281040000
1776281045.094,245.094,0.2,40.0,0.19,40.31,0.23,10.0,0.24,10.0,0.76,10.0,0.75,10.0,0.77,10.19,0.78,13.0,0.03,0.01,2364.281652,1776281043000
1776281045.358,245.358,0.22,27.0,0.21,80.0,0.24,6.0,0.25,24.66,0.77,3.0,0.76,10.0,0.78,7.0,0.8,35.0,0.02,0.01,2364.252376,1776281044000
1776281045.653,245.653,0.22,22.0,0.21,80.0,0.23,5.0,0.24,11.0,0.76,6.0,0.75,24.66,0.78,27.0,0.79,80.0,0.01,0.02,2364.252376,1776281044000
1776281046.853,246.853,0.26,208.64,0.25,51.0,0.27,5.0,0.34,59.33,0.77,5.0,0.76,11.0,0.78,22.0,0.79,80.0,0.01,0.01,2364.270526,1776281045000
1776281047.194,247.194,0.34,51.19,0.33,26.0,0.37,35.0,0.39,86.1,0.65,60.0,0.64,60.0,0.66,5.19,0.67,10.0,0.03,0.01,2364.270526,1776281045000
1776281047.715,247.715,0.38,10.0,0.37,10.0,0.4,5.35,0.41,61.0,0.63,35.0,0.61,86.1,0.66,51.19,0.67,26.0,0.02,0.03,2364.335228,1776281046000
1776281047.919,247.919,0.38,1.34,0.37,15.0,0.41,30.83,0.42,175.0,0.6,0.13,0.59,61.0,0.62,1.34,0.63,15.0,0.03,0.02,2364.335228,1776281046000
1776281048.761,248.761,0.39,16.72,0.38,6.34,0.4,21.0,0.41,35.83,0.59,30.83,0.58,175.0,0.62,1.34,0.63,15.0,0.01,0.03,2364.338113,1776281047000
1776281049.242,249.242,0.39,13.19,0.38,1.34,0.4,14.75,0.41,45.83,0.6,19.75,0.59,35.83,0.61,16.72,0.62,6.34,0.01,0.01,2364.338113,1776281047000
1776281049.833,249.833,0.39,3.19,0.38,1.34,0.4,10.75,0.41,35.83,0.6,14.75,0.59,45.83,0.61,13.19,0.62,1.34,0.01,0.01,2364.73344,1776281048000
1776281050.859,250.859,0.43,8.42,0.42,15.0,0.44,155.0,0.45,30.0,0.6,10.75,0.59,35.83,0.61,3.19,0.62,1.34,0.01,0.01,2364.797694,1776281049000
1776281052.804,252.804,0.43,8.42,0.42,21.0,0.44,12.54,0.45,40.0,0.56,155.0,0.55,30.0,0.57,8.42,0.58,15.0,0.01,0.01,2364.85,1776281051000
1776281054.01,254.01,0.4,10.0,0.39,35.0,0.43,187.99,0.44,58.0,0.56,12.54,0.55,40.0,0.57,8.42,0.58,21.0,0.03,0.01,2364.916965,1776281052000
1776281054.886,254.886,0.32,75.0,0.31,11.0,0.33,20.45,0.34,30.0,0.57,187.99,0.56,58.0,0.6,10.0,0.61,35.0,0.01,0.03,2364.93511,1776281053000
1776281056.017,256.017,0.32,80.0,0.31,15.0,0.34,5.0,0.35,15.0,0.67,20.45,0.66,30.0,0.68,75.0,0.69,11.0,0.02,0.01,2364.927291,1776281054000
1776281056.994,256.994,0.33,15.0,0.32,15.0,0.34,2.05,0.35,25.0,0.66,5.0,0.65,15.0,0.68,80.0,0.69,15.0,0.01,0.02,2364.855603,1776281055000
1776281058.31,258.31,0.32,15.0,0.31,44.0,0.34,29.1,0.35,30.0,0.66,2.05,0.65,25.0,0.67,15.0,0.68,15.0,0.02,0.01,2364.769868,1776281057000
1776281062.322,262.322,0.33,20.0,0.32,26.0,0.34,15.0,0.35,15.0,0.66,29.1,0.65,30.0,0.68,15.0,0.69,44.0,0.01,0.02,2364.873258,1776281061000
1776281063.765,263.765,0.31,16.0,0.3,20.0,0.33,120.0,0.34,15.0,0.66,15.0,0.65,15.0,0.67,20.0,0.68,26.0,0.02,0.01,2364.767334,1776281062000
1776281064.096,264.096,0.3,20.0,0.29,55.0,0.31,119.0,0.32,31.0,0.67,120.0,0.66,15.0,0.69,16.0,0.7,20.0,0.01,0.02,2364.767334,1776281062000
1776281064.349,264.349,0.26,0.1,0.25,85.0,0.27,10.0,0.28,10.0,0.69,119.0,0.68,31.0,0.7,20.0,0.71,55.0,0.01,0.01,2364.760612,1776281063000
1776281064.599,264.599,0.25,35.0,0.24,35.0,0.27,120.0,0.28,89.99,0.73,10.0,0.72,10.0,0.74,0.1,0.75,85.0,0.02,0.01,2364.760612,1776281063000
1776281064.949,264.949,0.23,30.0,0.22,105.0,0.24,2.5,0.25,40.0,0.73,120.0,0.72,89.99,0.75,35.0,0.76,35.0,0.01,0.02,2364.760612,1776281063000
1776281065.512,265.512,0.21,3.67,0.2,65.05,0.22,15.0,0.23,15.0,0.75,10.52,0.74,85.0,0.77,30.0,0.78,105.0,0.01,0.02,2364.803816,1776281064000
1776281065.759,265.759,0.2,63.17,0.19,30.31,0.21,24.49,0.22,15.0,0.78,15.0,0.77,15.0,0.79,3.67,0.8,65.05,0.01,0.01,2364.803816,1776281064000
1776281066.464,266.464,0.2,78.17,0.19,55.31,0.23,15.0,0.24,10.0,0.79,12.58,0.78,15.0,0.8,63.17,0.81,30.31,0.03,0.01,2364.760256,1776281065000
1776281066.769,266.769,0.2,78.17,0.19,55.31,0.23,15.0,0.24,10.0,0.77,15.0,0.76,10.0,0.8,78.17,0.81,55.31,0.03,0.03,2364.760256,1776281065000
1776281068.062,268.062,0.2,59.0,0.19,35.31,0.21,15.0,0.22,10.0,0.77,15.0,0.76,10.0,0.8,78.17,0.81,55.31,0.01,0.03,2364.677825,1776281066000
1776281068.85,268.85,0.2,4.85,0.19,30.31,0.21,10.0,0.22,10.0,0.79,15.0,0.78,10.0,0.8,59.0,0.81,35.31,0.01,0.01,2364.634777,1776281067000
1776281069.082,269.082,0.19,30.31,0.18,255.61,0.2,13.59,0.21,10.0,0.79,10.0,0.78,10.0,0.8,4.85,0.81,30.31,0.01,0.01,2364.634777,1776281067000
1776281070.51,270.51,0.19,27.68,0.18,250.61,0.2,18.59,0.21,10.0,0.8,13.59,0.79,10.0,0.81,30.31,0.82,255.61,0.01,0.01,2364.660675,1776281069000
1776281070.784,270.784,0.19,37.99,0.18,245.0,0.26,70.6,0.27,20.0,0.8,18.59,0.79,10.0,0.81,27.68,0.82,250.61,0.07,0.01,2364.660675,1776281069000
1776281072.102,272.102,0.18,220.61,0.17,141.0,0.19,10.0,0.2,10.0,0.8,10.0,0.79,10.0,0.81,36.75,0.82,245.0,0.01,0.01,2364.701911,1776281071000
1776281072.739,272.739,0.18,220.61,0.17,135.0,0.2,8.15,0.21,15.0,0.81,10.0,0.8,10.0,0.82,220.61,0.83,141.0,0.02,0.01,2364.701911,1776281071000
1776281080.911,280.911,0.18,50.64,0.17,15.94,0.19,110.0,0.2,10.0,0.77,5.56,0.76,10.0,0.82,220.61,0.83,135.0,0.01,0.05,2364.638862,1776281079000
1776281082.217,282.217,0.16,14.41,0.15,10.0,0.18,115.0,0.19,30.0,0.81,110.0,0.8,10.0,0.82,50.64,0.83,15.94,0.02,0.01,2364.644035,1776281080000
1776281083.519,283.519,0.15,7.88,0.14,32.0,0.16,155.0,0.17,30.0,0.82,115.0,0.81,30.0,0.84,14.41,0.85,10.0,0.01,0.02,2364.781055,1776281081000
1776281084.389,284.389,0.15,2.88,0.14,32.0,0.16,155.0,0.17,30.0,0.84,155.0,0.83,30.0,0.85,7.88,0.86,32.0,0.01,0.01,2364.716424,1776281083000
1776281084.848,284.848,0.14,13.85,0.13,270.0,0.16,170.0,0.17,30.0,0.84,155.0,0.83,30.0,0.85,2.88,0.86,32.0,0.02,0.01,2364.716424,1776281083000
1776281086.364,286.364,0.14,13.85,0.13,270.0,0.15,100.0,0.16,87.0,0.84,170.0,0.83,30.0,0.86,13.85,0.87,270.0,0.01,0.02,2364.628672,1776281084000
1776281087.065,287.065,0.14,3.85,0.13,10.0,0.15,85.0,0.16,87.0,0.85,100.0,0.84,87.0,0.86,13.85,0.87,270.0,0.01,0.01,2364.694068,1776281086000
1776281088.195,288.195,0.13,13.45,0.12,10.0,0.15,90.0,0.16,87.0,0.85,85.0,0.84,87.0,0.86,3.85,0.87,10.0,0.02,0.01,2364.754072,1776281087000
1776281088.615,288.615,0.1,18.88,0.09,160.0,0.11,106.55,0.13,10.0,0.89,21.55,0.86,15.0,0.9,20.0,0.91,160.0,0.01,0.01,2364.754072,1776281087000
1776281088.815,288.815,0.1,12.2,0.09,160.0,0.11,106.55,0.13,10.0,0.89,106.55,0.87,10.0,0.9,13.32,0.91,160.0,0.01,0.01,2364.754072,1776281087000
1776281089.786,289.786,0.08,56.77,0.07,200.23,0.11,377.87,0.12,40.0,0.89,106.55,0.87,10.0,0.9,12.2,0.91,160.0,0.03,0.01,2364.625799,1776281088000
1776281090.408,290.408,0.08,5.47,0.07,200.23,0.09,99.99,0.1,53.0,0.91,69.0,0.9,65.66,0.92,11.47,0.93,200.23,0.01,0.01,2364.622416,1776281089000
1776281090.679,290.679,0.07,150.23,0.06,35.0,0.09,111.99,0.1,53.0,0.91,104.99,0.9,53.0,0.92,4.1,0.93,200.23,0.02,0.01,2364.622416,1776281089000
1776281091.237,291.237,0.07,114.65,0.06,35.0,0.09,123.5,0.1,43.0,0.91,111.99,0.9,53.0,0.93,150.23,0.94,35.0,0.02,0.02,2364.622416,1776281089000
1776281092.194,292.194,0.06,10.0,0.05,305.84,0.08,163.99,0.09,44.51,0.91,123.5,0.9,43.0,0.93,114.65,0.94,35.0,0.02,0.02,2364.61012,1776281090000
1776281092.971,292.971,0.05,305.52,0.04,135.0,0.07,144.99,0.08,44.0,0.93,139.99,0.92,44.0,0.94,4.68,0.95,305.84,0.02,0.01,2364.472822,1776281091000
1776281094.44,294.44,0.05,235.52,0.04,135.0,0.06,180.68,0.07,10.0,0.93,144.99,0.92,44.0,0.95,305.52,0.96,135.0,0.01,0.02,2364.351825,1776281093000
1776281094.649,294.649,0.04,23.93,0.03,154.27,0.05,34.0,0.06,94.35,0.95,34.0,0.94,94.35,0.96,119.33,0.97,154.27,0.01,0.01,2364.351825,1776281093000
1776281094.876,294.876,0.03,136.86,0.02,286.0,0.05,427.99,0.06,116.35,0.95,34.0,0.94,89.35,0.96,4.83,0.97,147.59,0.02,0.01,2364.351825,1776281093000
1776281095.408,295.408,0.02,259.28,0.01,1535.0,0.04,386.99,0.05,65.0,0.96,160.0,0.95,39.0,0.97,9.09,0.98,286.0,0.02,0.01,2364.286469,1776281094000
1776281095.623,295.623,0.02,184.2,0.01,1535.0,0.03,346.99,0.04,69.0,0.97,145.0,0.96,27.0,0.98,212.2,0.99,1535.0,0.01,0.01,2364.286469,1776281094000
1776281095.858,295.858,0.02,133.6,0.01,1535.0,0.03,341.99,0.04,69.0,0.97,341.99,0.96,69.0,0.98,153.58,0.99,1535.0,0.01,0.01,2364.286469,1776281094000
1776281096.407,296.407,0.02,58.52,0.01,1683.0,0.03,360.08,0.04,75.0,0.97,342.08,0.96,69.0,0.98,122.57,0.99,1535.0,0.01,0.01,2364.23802,1776281095000
1776281096.876,296.876,0.01,1758.11,,,0.02,309.19,0.03,105.08,0.98,5.0,0.97,355.08,0.99,1658.16,,,0.01,0.01,2364.23802,1776281095000
1776281097.086,297.086,0.01,1742.03,,,0.02,297.29,0.03,105.08,0.98,297.29,0.97,105.08,0.99,1747.03,,,0.01,0.01,2364.23802,1776281095000
1776281097.291,297.291,0.01,1633.98,,,0.02,302.29,0.03,105.08,0.98,297.29,0.97,105.08,0.99,1641.01,,,0.01,0.01,2364.078845,1776281096000
1776281097.495,297.495,0.01,1171.51,,,0.02,302.29,0.03,105.08,0.98,302.29,0.97,105.08,0.99,1171.51,,,0.01,0.01,2364.078845,1776281096000
1776281097.703,297.703,0.01,23.62,,,0.02,302.29,0.03,105.08,0.98,302.29,0.97,105.08,0.99,23.62,,,0.01,0.01,2364.078845,1776281096000

# RESULT,winner=Down,slug=eth-updown-5m-1776280800,ticks=300
