timestamp,elapsed_sec,up_bid_p1,up_bid_s1,up_bid_p2,up_bid_s2,up_ask_p1,up_ask_s1,up_ask_p2,up_ask_s2,down_bid_p1,down_bid_s1,down_bid_p2,down_bid_s2,down_ask_p1,down_ask_s1,down_ask_p2,down_ask_s2,up_spread,down_spread,eth_price,eth_oracle_ts
1776305400.524,0.524,0.49,5.0,0.46,150.0,0.5,5.0,0.54,150.0,0.5,5.0,0.46,150.0,0.51,5.0,0.54,150.0,0.01,0.01,2352.713652,1776305399000
1776305401.079,1.079,0.49,5.0,0.4,38.0,0.58,6.0,0.59,12.19,0.5,5.0,0.46,150.0,0.51,5.0,0.54,150.0,0.09,0.01,2352.713652,1776305399000
1776305402.069,2.069,0.49,5.0,0.4,38.0,0.58,6.0,0.59,12.19,0.42,6.0,0.41,12.19,0.51,5.0,0.6,38.0,0.09,0.09,2352.540484,1776305401000
1776305402.73,2.73,0.55,6.6,0.54,5.0,0.57,18.0,0.58,18.0,0.42,6.0,0.41,12.19,0.51,5.0,0.6,38.0,0.02,0.09,2352.540484,1776305401000
1776305402.964,2.964,0.54,5.0,0.53,80.0,0.57,5.0,0.58,5.0,0.43,5.0,0.42,5.0,0.46,5.0,0.47,80.0,0.03,0.03,2352.516238,1776305402000
1776305403.371,3.371,0.54,9.13,0.53,90.0,0.55,5.0,0.57,5.0,0.43,5.0,0.42,5.0,0.46,5.0,0.47,80.0,0.01,0.03,2352.516238,1776305402000
1776305403.632,3.632,0.54,8.93,0.53,90.0,0.55,5.0,0.57,5.0,0.45,5.0,0.43,5.0,0.46,9.13,0.47,90.0,0.01,0.01,2352.516238,1776305402000
1776305403.835,3.835,0.54,3.93,0.53,90.0,0.57,26.9,0.58,15.0,0.45,5.0,0.43,5.0,0.46,8.93,0.47,90.0,0.03,0.01,2352.516238,1776305402000
1776305404.07,4.07,0.54,3.93,0.53,90.0,0.57,26.9,0.58,15.0,0.43,26.9,0.42,15.0,0.46,3.93,0.47,90.0,0.03,0.03,2352.496033,1776305403000
1776305404.599,4.599,0.58,16.74,0.56,10.0,0.61,75.0,0.62,75.0,0.43,26.9,0.42,15.0,0.46,3.93,0.47,90.0,0.03,0.03,2352.496033,1776305403000
1776305404.855,4.855,0.6,10.0,0.59,10.0,0.61,71.72,0.62,75.0,0.39,75.0,0.38,75.0,0.42,16.74,0.44,10.0,0.01,0.03,2352.496033,1776305403000
1776305405.134,5.134,0.59,7.56,0.58,26.74,0.61,71.72,0.62,70.0,0.39,71.72,0.38,75.0,0.4,10.0,0.41,10.0,0.02,0.01,2352.734278,1776305404000
1776305405.384,5.384,0.59,2.56,0.58,26.74,0.6,5.0,0.61,70.0,0.39,71.72,0.38,70.0,0.41,7.56,0.42,26.74,0.01,0.02,2352.734278,1776305404000
1776305405.826,5.826,0.6,5.0,0.59,2.56,0.61,75.0,0.62,85.0,0.4,4.91,0.39,70.0,0.41,2.56,0.42,26.74,0.01,0.01,2352.734278,1776305404000
1776305406.056,6.056,0.6,5.0,0.59,2.56,0.61,75.0,0.62,85.0,0.39,75.0,0.38,85.0,0.4,5.0,0.41,2.56,0.01,0.01,2352.800321,1776305405000
1776305407.045,7.045,0.6,5.0,0.59,2.56,0.61,75.0,0.62,85.0,0.39,75.0,0.38,85.0,0.4,5.0,0.41,2.56,0.01,0.01,2352.930369,1776305406000
1776305407.489,7.489,0.59,5.12,0.58,26.74,0.61,93.0,0.62,94.0,0.39,75.0,0.38,85.0,0.4,5.0,0.41,2.56,0.02,0.01,2352.930369,1776305406000
1776305407.859,7.859,0.59,5.12,0.58,106.74,0.64,5.0,0.65,5.0,0.39,93.0,0.38,94.0,0.41,5.12,0.42,26.74,0.05,0.02,2352.930369,1776305406000
1776305408.102,8.102,0.63,15.0,0.62,18.06,0.64,1.43,0.65,5.0,0.36,1.43,0.35,5.0,0.37,15.0,0.38,18.06,0.01,0.01,2352.952134,1776305407000
1776305409.122,9.122,0.63,15.0,0.62,18.06,0.64,1.43,0.65,5.0,0.36,1.43,0.35,5.0,0.37,15.0,0.38,18.06,0.01,0.01,2353.054497,1776305408000
1776305409.433,9.433,0.64,10.0,0.63,15.0,0.65,23.46,0.66,94.0,0.36,1.43,0.35,5.0,0.37,15.0,0.38,18.06,0.01,0.01,2353.054497,1776305408000
1776305409.81,9.81,0.64,25.0,0.63,15.0,0.65,40.07,0.66,89.0,0.35,17.73,0.34,94.0,0.36,10.0,0.37,15.0,0.01,0.01,2353.054497,1776305408000
1776305410.108,10.108,0.64,25.0,0.63,15.0,0.65,40.07,0.66,89.0,0.35,40.07,0.34,89.0,0.36,25.0,0.37,15.0,0.01,0.01,2353.201995,1776305409000
1776305411.171,11.171,0.65,131.92,0.64,15.0,0.66,73.82,0.67,111.0,0.34,39.81,0.33,96.0,0.36,20.0,0.37,15.0,0.01,0.02,2353.328741,1776305410000
1776305411.841,11.841,0.65,44.0,0.64,15.0,0.66,78.01,0.67,111.0,0.34,66.24,0.33,111.0,0.35,126.92,0.36,15.0,0.01,0.01,2353.328741,1776305410000
1776305412.056,12.056,0.6,4.0,0.59,6.12,0.61,19.11,0.63,15.0,0.34,78.01,0.33,111.0,0.4,4.0,0.41,6.12,0.01,0.06,2353.348974,1776305411000
1776305412.526,12.526,0.59,3.94,0.58,149.74,0.6,10.0,0.61,19.11,0.39,24.11,0.38,5.0,0.41,0.48,0.42,104.74,0.01,0.02,2353.348974,1776305411000
1776305412.758,12.758,0.58,109.47,0.57,162.0,0.6,10.0,0.61,14.11,0.4,10.0,0.39,19.11,0.41,1.5,0.42,149.74,0.02,0.01,2353.348974,1776305411000
1776305417.465,17.465,0.59,9.12,0.58,120.47,0.6,14.11,0.61,16.0,0.4,10.0,0.39,9.11,0.41,8.23,0.42,109.47,0.01,0.01,2353.282609,1776305416000
1776305419.07,19.07,0.57,3.97,0.56,80.0,0.59,30.0,0.6,41.11,0.4,14.11,0.39,16.0,0.41,9.12,0.42,120.47,0.02,0.01,2353.38229,1776305418000
1776305420.088,20.088,0.57,134.78,0.56,158.0,0.58,9.02,0.59,5.0,0.41,30.0,0.4,41.11,0.43,3.97,0.44,80.0,0.01,0.02,2353.316151,1776305419000
1776305421.469,21.469,0.57,139.78,0.56,175.0,0.59,6.86,0.61,29.0,0.42,9.02,0.41,5.0,0.43,134.78,0.44,158.0,0.02,0.01,2353.315367,1776305420000
1776305422.112,22.112,0.58,195.14,0.57,66.0,0.59,0.01,0.61,29.0,0.41,6.86,0.39,29.0,0.43,139.78,0.44,175.0,0.01,0.02,2353.315367,1776305420000
1776305422.75,22.75,0.58,189.3,0.57,66.0,0.59,5.01,0.61,29.0,0.41,0.01,0.39,29.0,0.42,195.14,0.43,66.0,0.01,0.01,2353.334758,1776305421000
1776305425.628,25.628,0.58,112.97,0.57,108.03,0.59,0.01,0.6,17.0,0.41,5.01,0.39,29.0,0.42,189.3,0.43,66.0,0.01,0.01,2353.3606,1776305424000
1776305426.677,26.677,0.58,120.17,0.57,184.03,0.6,17.0,0.61,24.0,0.41,0.01,0.4,17.0,0.42,112.97,0.43,108.03,0.02,0.01,2353.36335,1776305425000
1776305427.612,27.612,0.64,12.0,0.63,15.0,0.65,15.0,0.66,15.0,0.36,5.0,0.35,15.0,0.39,31.0,0.4,15.0,0.01,0.03,2353.359892,1776305426000
1776305430.017,30.017,0.64,8.25,0.63,58.29,0.65,97.6,0.66,40.0,0.35,15.0,0.34,15.0,0.36,12.0,0.37,15.0,0.01,0.01,2353.471099,1776305428000
1776305430.944,30.944,0.64,98.25,0.63,58.29,0.65,111.6,0.66,40.0,0.35,97.6,0.34,40.0,0.36,8.25,0.37,58.29,0.01,0.01,2353.473507,1776305429000
1776305431.181,31.181,0.64,98.25,0.63,58.29,0.65,68.6,0.66,40.0,0.35,111.6,0.34,40.0,0.36,98.25,0.37,58.29,0.01,0.01,2353.473507,1776305429000
1776305431.667,31.667,0.64,114.25,0.63,63.29,0.65,65.53,0.66,35.0,0.35,68.6,0.34,40.0,0.36,98.25,0.37,58.29,0.01,0.01,2353.567665,1776305430000
1776305434.376,34.376,0.64,156.99,0.63,116.2,0.65,63.99,0.66,30.0,0.35,65.53,0.34,35.0,0.36,114.25,0.37,63.29,0.01,0.01,2353.57654,1776305432000
1776305434.711,34.711,0.65,119.42,0.64,78.99,0.69,14.55,0.7,109.55,0.34,2.77,0.32,5.0,0.35,71.42,0.36,66.2,0.04,0.01,2353.581905,1776305433000
1776305434.993,34.993,0.68,75.0,0.67,15.0,0.69,22.95,0.7,109.55,0.31,14.55,0.3,109.55,0.35,119.42,0.36,78.99,0.01,0.04,2353.581905,1776305433000
1776305435.317,35.317,0.68,112.0,0.67,166.0,0.69,1.43,0.72,5.0,0.31,22.95,0.3,109.55,0.32,75.0,0.33,15.0,0.01,0.01,2353.581905,1776305433000
1776305439.525,39.525,0.68,142.0,0.67,174.79,0.71,4.98,0.72,20.0,0.31,1.43,0.28,5.0,0.32,112.0,0.33,166.0,0.03,0.01,2353.895115,1776305437000
1776305441.444,41.444,0.72,102.0,0.71,55.0,0.73,19.98,0.74,40.99,0.29,4.98,0.28,20.0,0.32,142.0,0.33,174.79,0.01,0.03,2353.891174,1776305440000
1776305442.149,42.149,0.72,102.0,0.71,200.0,0.74,23.55,0.75,12.98,0.27,19.98,0.26,40.99,0.28,102.0,0.29,55.0,0.02,0.01,2353.891174,1776305440000
1776305445.864,45.864,0.73,112.0,0.72,63.0,0.74,3.91,0.75,12.98,0.26,15.55,0.25,12.98,0.27,35.0,0.28,60.0,0.01,0.01,2354.099724,1776305444000
1776305446.067,46.067,0.73,117.0,0.72,55.0,0.75,6.45,0.76,25.55,0.26,3.91,0.25,12.98,0.27,112.0,0.28,63.0,0.02,0.01,2354.099724,1776305444000
1776305447.72,47.72,0.74,103.15,0.73,55.0,0.75,11.45,0.76,20.55,0.25,6.45,0.24,25.55,0.27,117.0,0.28,55.0,0.01,0.02,2354.179845,1776305446000
1776305448.151,48.151,0.76,78.66,0.75,90.0,0.78,19.99,0.79,36.0,0.25,11.45,0.24,20.55,0.26,103.15,0.27,55.0,0.02,0.01,2354.179845,1776305446000
1776305448.43,48.43,0.78,134.0,0.77,65.0,0.79,21.4,0.83,32.0,0.21,31.4,0.17,37.0,0.22,82.0,0.23,60.0,0.01,0.01,2354.185836,1776305447000
1776305448.635,48.635,0.78,134.0,0.77,81.0,0.79,12.81,0.8,13.0,0.21,15.32,0.17,32.0,0.22,139.0,0.23,65.0,0.01,0.01,2354.185836,1776305447000
1776305449.179,49.179,0.81,95.0,0.8,20.0,0.82,40.82,0.83,50.3,0.17,29.3,0.16,140.0,0.22,144.0,0.23,76.0,0.01,0.05,2354.194723,1776305448000
1776305450.154,50.154,0.81,122.78,0.8,20.0,0.82,40.82,0.83,50.3,0.18,40.82,0.17,50.3,0.19,95.0,0.2,20.0,0.01,0.01,2354.194723,1776305448000
1776305451.494,51.494,0.82,144.0,0.81,55.78,0.83,39.3,0.84,178.0,0.18,40.82,0.17,50.3,0.19,122.78,0.2,20.0,0.01,0.01,2354.710817,1776305450000
1776305451.751,51.751,0.82,127.33,0.81,55.78,0.83,39.3,0.84,183.0,0.17,39.3,0.16,178.0,0.18,144.0,0.19,55.78,0.01,0.01,2354.710817,1776305450000
1776305452.657,52.657,0.82,97.0,0.81,25.0,0.83,5.77,0.84,183.0,0.17,39.3,0.16,183.0,0.18,127.33,0.19,55.78,0.01,0.01,2354.756594,1776305451000
1776305453.608,53.608,0.82,133.55,0.81,116.0,0.83,0.28,0.84,74.0,0.17,15.77,0.16,183.0,0.18,54.55,0.19,25.0,0.01,0.01,2354.7676,1776305452000
1776305454.743,54.743,0.83,269.0,0.82,170.0,0.84,10.01,0.85,67.79,0.16,74.0,0.15,62.79,0.18,789.04,0.19,167.95,0.01,0.02,2354.846025,1776305453000
1776305455.265,55.265,0.84,7.99,0.83,160.0,0.85,36.18,0.86,47.38,0.16,10.01,0.15,67.79,0.17,269.0,0.18,170.0,0.01,0.01,2354.897895,1776305454000
1776305455.863,55.863,0.84,163.99,0.83,70.0,0.85,29.5,0.86,47.38,0.15,31.58,0.14,47.38,0.16,7.99,0.17,160.0,0.01,0.01,2354.897895,1776305454000
1776305456.413,56.413,0.85,242.0,0.84,204.99,0.86,35.74,0.87,32.0,0.15,29.5,0.14,47.38,0.16,163.99,0.17,70.0,0.01,0.01,2354.927998,1776305455000
1776305456.649,56.649,0.85,237.0,0.84,209.99,0.86,30.24,0.87,32.0,0.14,35.74,0.13,32.0,0.15,242.0,0.16,204.99,0.01,0.01,2354.927998,1776305455000
1776305457.319,57.319,0.85,247.0,0.84,209.99,0.86,13.86,0.88,51.61,0.14,30.24,0.13,32.0,0.15,237.0,0.16,209.99,0.01,0.01,2355.059627,1776305456000
1776305457.621,57.621,0.85,249.0,0.84,202.99,0.86,11.86,0.88,20.61,0.14,13.86,0.12,51.61,0.15,247.0,0.16,209.99,0.01,0.01,2355.059627,1776305456000
1776305457.982,57.982,0.85,269.0,0.84,223.99,0.86,5.86,0.89,88.61,0.14,11.86,0.12,20.61,0.15,249.0,0.16,202.99,0.01,0.01,2355.059627,1776305456000
1776305458.388,58.388,0.89,242.0,0.88,145.0,0.9,107.47,0.91,109.0,0.1,167.47,0.09,109.0,0.15,264.0,0.16,283.99,0.01,0.05,2355.059627,1776305456000
1776305458.597,58.597,0.89,218.45,0.88,145.0,0.9,108.46,0.91,158.0,0.1,57.47,0.09,109.0,0.11,237.0,0.12,145.0,0.01,0.01,2355.190544,1776305457000
1776305462.057,62.057,0.9,235.0,0.89,145.0,0.91,22.0,0.92,89.14,0.1,88.46,0.09,158.0,0.11,181.45,0.12,145.0,0.01,0.01,2355.588775,1776305461000
1776305462.33,62.33,0.9,225.0,0.89,145.0,0.91,22.0,0.92,89.14,0.09,22.0,0.08,89.14,0.1,235.0,0.11,145.0,0.01,0.01,2355.588775,1776305461000
1776305462.787,62.787,0.9,190.0,0.89,145.0,0.91,26.8,0.92,75.14,0.09,17.0,0.08,89.14,0.1,225.0,0.11,145.0,0.01,0.01,2355.588775,1776305461000
1776305463.464,63.464,0.9,213.33,0.89,145.0,0.91,23.8,0.92,75.14,0.09,26.8,0.08,75.14,0.1,190.0,0.11,145.0,0.01,0.01,2355.658524,1776305462000
1776305464.404,64.404,0.91,168.0,0.9,302.99,0.92,17.67,0.93,85.99,0.09,23.8,0.08,75.14,0.1,213.33,0.11,145.0,0.01,0.01,2355.745105,1776305463000
1776305465.004,65.004,0.91,178.0,0.9,325.99,0.92,12.23,0.93,72.99,0.08,17.67,0.07,85.99,0.09,168.0,0.1,302.99,0.01,0.01,2355.745105,1776305463000
1776305465.541,65.541,0.92,161.0,0.91,205.97,0.93,40.85,0.94,198.89,0.08,12.23,0.07,72.99,0.09,178.0,0.1,325.99,0.01,0.01,2355.891443,1776305464000
1776305466.022,66.022,0.92,140.0,0.91,216.97,0.93,45.85,0.94,198.89,0.07,40.85,0.06,198.89,0.08,161.0,0.09,205.97,0.01,0.01,2355.891443,1776305464000
1776305467.022,67.022,0.92,160.22,0.91,216.97,0.93,25.87,0.94,158.89,0.07,45.85,0.06,198.89,0.08,140.0,0.09,216.97,0.01,0.01,2356.009563,1776305466000
1776305467.696,67.696,0.92,155.22,0.91,216.97,0.94,133.8,0.95,115.8,0.07,25.87,0.06,158.89,0.08,160.22,0.09,216.97,0.02,0.01,2356.009563,1776305466000
1776305468.397,68.397,0.92,87.22,0.91,167.97,0.93,166.14,0.94,153.8,0.06,133.8,0.05,115.8,0.08,155.22,0.09,216.97,0.01,0.02,2356.0169,1776305467000
1776305468.837,68.837,0.91,55.07,0.9,154.99,0.93,274.44,0.94,253.8,0.07,161.14,0.06,153.8,0.09,67.97,0.1,254.99,0.02,0.02,2356.0169,1776305467000
1776305469.492,69.492,0.91,40.07,0.9,154.99,0.92,159.04,0.93,132.3,0.07,274.44,0.06,253.8,0.09,55.07,0.1,154.99,0.01,0.02,2356.048418,1776305468000
1776305470.446,70.446,0.91,461.03,0.9,251.42,0.92,165.04,0.93,142.3,0.08,159.04,0.07,132.3,0.09,40.07,0.1,154.99,0.01,0.01,2355.992888,1776305469000
1776305470.736,70.736,0.9,154.99,0.89,35.0,0.91,120.07,0.92,125.04,0.09,19.93,0.08,170.04,0.1,154.99,0.11,35.0,0.01,0.01,2355.992888,1776305469000
1776305473.303,73.303,0.9,154.99,0.89,40.0,0.91,86.93,0.92,99.04,0.09,120.07,0.08,125.04,0.1,154.99,0.11,35.0,0.01,0.01,2355.650875,1776305471000
1776305475.308,75.308,0.9,169.99,0.89,58.0,0.93,100.38,0.94,163.8,0.09,86.93,0.08,99.04,0.1,154.99,0.11,40.0,0.03,0.01,2355.640135,1776305473000
1776305479.16,79.16,0.91,50.0,0.9,164.99,0.92,3.91,0.93,106.38,0.07,100.38,0.06,163.8,0.1,169.99,0.11,58.0,0.01,0.03,2355.71708,1776305477000
1776305480.622,80.622,0.91,121.52,0.9,164.99,0.93,100.24,0.94,153.8,0.08,3.91,0.07,106.38,0.09,50.0,0.1,164.99,0.02,0.01,2355.734545,1776305479000
1776305481.238,81.238,0.91,72.52,0.9,114.99,0.92,145.0,0.93,211.24,0.07,100.24,0.06,153.8,0.09,121.52,0.1,164.99,0.01,0.02,2355.734545,1776305479000
1776305481.461,81.461,0.9,114.99,0.89,54.0,0.91,11.0,0.92,112.04,0.09,5.0,0.08,198.9,0.1,114.99,0.11,15.0,0.01,0.01,2355.76811,1776305480000
1776305482.648,82.648,0.9,147.6,0.89,141.23,0.91,11.0,0.92,76.04,0.09,11.0,0.08,112.04,0.1,114.99,0.11,54.0,0.01,0.01,2355.7565,1776305481000
1776305491.158,91.158,0.9,217.6,0.89,130.99,0.92,7.51,0.93,88.1,0.09,11.0,0.08,76.04,0.1,147.6,0.11,141.23,0.02,0.01,2355.618243,1776305489000
1776305494.72,94.72,0.91,604.84,0.9,244.03,0.92,7.51,0.93,88.1,0.08,7.51,0.07,88.1,0.1,217.6,0.11,130.99,0.01,0.02,2355.618243,1776305489000
1776305497.436,97.436,0.92,603.88,0.91,259.48,0.93,15.92,0.94,40.0,0.08,7.51,0.07,88.1,0.09,604.84,0.1,244.03,0.01,0.01,2355.618243,1776305489000
1776305499.712,99.712,0.92,52.5,0.91,281.36,0.93,8.92,0.94,49.0,0.07,15.92,0.06,40.0,0.08,603.88,0.09,259.48,0.01,0.01,2355.827435,1776305498000
1776305502.716,102.716,0.91,66.52,0.9,82.6,0.92,203.0,0.93,174.92,0.07,0.92,0.06,49.0,0.08,57.5,0.09,281.36,0.01,0.01,2355.901554,1776305501000
1776305503.112,103.112,0.9,50.1,0.89,10.0,0.91,150.04,0.92,202.0,0.09,47.82,0.08,292.0,0.1,55.1,0.11,10.0,0.01,0.01,2355.901554,1776305501000
1776305503.564,103.564,0.89,8.72,0.88,10.0,0.91,288.04,0.92,227.0,0.09,275.04,0.08,227.0,0.1,12.9,0.11,10.0,0.02,0.01,2355.901554,1776305501000
1776305504.197,104.197,0.89,8.72,0.88,10.0,0.9,177.24,0.91,473.04,0.09,288.04,0.08,227.0,0.11,8.72,0.12,10.0,0.01,0.02,2355.86742,1776305502000
1776305505.551,105.551,0.87,73.02,0.86,15.0,0.89,163.0,0.9,223.24,0.1,177.24,0.09,473.04,0.13,14.68,0.14,93.99,0.02,0.03,2355.273401,1776305504000
1776305506.314,106.314,0.88,10.0,0.87,73.02,0.89,121.33,0.9,212.24,0.11,163.0,0.1,223.24,0.13,73.02,0.14,15.0,0.01,0.02,2355.273401,1776305504000
1776305507.53,107.53,0.88,164.78,0.87,14.68,0.89,124.08,0.9,203.24,0.11,121.33,0.1,212.24,0.12,10.0,0.13,73.02,0.01,0.01,2355.169808,1776305506000
1776305510.814,110.814,0.88,58.11,0.87,52.29,0.89,116.82,0.9,178.24,0.11,119.08,0.1,203.24,0.12,152.78,0.13,14.68,0.01,0.01,2355.110015,1776305509000
1776305511.255,111.255,0.88,54.11,0.87,14.68,0.89,16.82,0.9,178.24,0.11,116.82,0.1,178.24,0.12,58.11,0.13,52.29,0.01,0.01,2355.109252,1776305510000
1776305513.835,113.835,0.88,49.11,0.87,30.68,0.89,15.69,0.9,138.24,0.11,16.82,0.1,178.24,0.12,54.11,0.13,14.68,0.01,0.01,2355.108627,1776305512000
1776305514.348,114.348,0.88,48.11,0.87,30.68,0.89,18.69,0.9,318.24,0.11,15.69,0.1,138.24,0.12,49.11,0.13,30.68,0.01,0.01,2355.102831,1776305513000
1776305514.776,114.776,0.88,33.77,0.85,16.0,0.89,207.69,0.9,464.24,0.11,18.69,0.1,318.24,0.12,48.11,0.13,30.68,0.01,0.01,2355.102831,1776305513000
1776305515.122,115.122,0.86,25.65,0.85,16.0,0.87,139.0,0.88,167.64,0.12,6.64,0.11,242.67,0.15,16.0,0.16,15.0,0.01,0.03,2355.092829,1776305514000
1776305516.064,116.064,0.86,10.0,0.85,10.0,0.87,115.0,0.88,124.64,0.13,139.0,0.12,167.64,0.14,25.65,0.15,16.0,0.01,0.01,2355.092829,1776305514000
1776305519.381,119.381,0.87,79.71,0.86,15.0,0.88,143.85,0.89,140.06,0.13,68.0,0.12,129.64,0.14,20.0,0.15,70.12,0.01,0.01,2354.867882,1776305517000
1776305521.358,121.358,0.84,99.4,0.83,64.0,0.86,25.0,0.87,15.0,0.12,143.85,0.11,140.06,0.13,79.71,0.14,15.0,0.02,0.01,2354.87479,1776305519000
1776305521.966,121.966,0.82,31.0,0.81,74.0,0.83,12.97,0.84,24.0,0.15,24.0,0.14,75.0,0.17,78.06,0.18,30.0,0.01,0.02,2354.874275,1776305520000
1776305522.915,122.915,0.82,17.0,0.81,88.59,0.83,7.35,0.84,24.0,0.17,12.97,0.16,24.0,0.18,31.0,0.19,74.0,0.01,0.01,2354.864725,1776305521000
1776305526.148,126.148,0.82,38.95,0.81,94.99,0.84,22.93,0.85,94.0,0.17,7.35,0.16,24.0,0.18,17.0,0.19,88.59,0.02,0.01,2354.44757,1776305524000
1776305526.564,126.564,0.82,16.78,0.79,10.0,0.83,10.0,0.84,92.93,0.16,22.93,0.15,94.0,0.18,38.95,0.19,94.99,0.01,0.02,2354.42035,1776305525000
1776305527.375,127.375,0.79,37.04,0.78,20.0,0.8,71.75,0.81,92.22,0.19,41.22,0.17,19.0,0.21,10.0,0.22,15.0,0.01,0.02,2354.42035,1776305525000
1776305531.079,131.079,0.87,110.0,0.86,80.4,0.88,118.47,0.89,136.79,0.2,71.75,0.19,92.22,0.21,37.04,0.22,20.0,0.01,0.01,2354.205296,1776305529000
1776305531.861,131.861,0.87,115.46,0.86,43.8,0.88,197.47,0.89,161.79,0.12,118.37,0.11,136.79,0.13,132.0,0.14,85.4,0.01,0.01,2354.201727,1776305530000
1776305532.509,132.509,0.87,99.92,0.86,33.4,0.88,163.37,0.89,161.79,0.12,197.47,0.11,161.79,0.13,115.46,0.14,43.8,0.01,0.01,2354.201727,1776305530000
1776305535.234,135.234,0.87,248.91,0.86,63.99,0.88,126.37,0.89,100.0,0.12,163.37,0.11,161.79,0.13,99.92,0.14,33.4,0.01,0.01,2354.76396,1776305533000
1776305539.574,139.574,0.87,258.53,0.86,235.9,0.88,20.0,0.9,35.0,0.12,21.99,0.11,100.0,0.13,248.91,0.14,63.99,0.01,0.01,2355.011503,1776305538000
1776305540.122,140.122,0.87,402.53,0.86,375.9,0.88,10.0,0.9,10.0,0.12,20.0,0.1,35.0,0.13,258.53,0.14,235.9,0.01,0.01,2355.011535,1776305539000
1776305541.637,141.637,0.87,395.47,0.86,371.93,0.88,1.0,0.9,10.0,0.12,1.0,0.1,10.0,0.13,402.53,0.14,375.9,0.01,0.01,2355.01461,1776305540000
1776305543.685,143.685,0.87,395.47,0.86,384.37,0.9,5.7,0.91,284.78,0.12,1.0,0.1,10.0,0.13,395.47,0.14,371.93,0.03,0.01,2355.17671,1776305542000
1776305546.02,146.02,0.89,249.87,0.88,297.91,0.9,15.7,0.91,294.78,0.1,5.7,0.09,284.78,0.11,264.94,0.12,366.99,0.01,0.01,2355.21755,1776305544000
1776305546.257,146.257,0.88,15.0,0.87,15.0,0.9,68.7,0.91,387.78,0.1,15.7,0.09,294.78,0.11,249.87,0.12,297.91,0.02,0.01,2355.2057,1776305545000
1776305547.867,147.867,0.87,366.99,0.86,364.13,0.88,5.2,0.89,13.0,0.12,6.34,0.11,13.0,0.13,15.0,0.14,130.0,0.01,0.01,2355.165294,1776305546000
1776305548.18,148.18,0.87,374.93,0.86,364.13,0.88,5.2,0.89,13.0,0.12,5.2,0.11,13.0,0.13,366.99,0.14,364.13,0.01,0.01,2355.099732,1776305547000
1776305548.883,148.883,0.89,270.99,0.88,217.0,0.91,294.78,0.92,10.0,0.12,5.2,0.11,13.0,0.13,374.93,0.14,364.13,0.02,0.01,2355.099732,1776305547000
1776305549.601,149.601,0.9,369.32,0.89,191.0,0.91,277.58,0.92,10.0,0.09,284.78,0.08,10.0,0.1,302.99,0.11,191.0,0.01,0.01,2355.035847,1776305548000
1776305550.327,150.327,0.9,500.26,0.89,227.79,0.91,77.58,0.92,10.0,0.09,277.58,0.08,10.0,0.1,369.32,0.11,191.0,0.01,0.01,2355.035847,1776305548000
1776305551.109,151.109,0.9,533.26,0.89,353.86,0.91,74.44,0.92,10.0,0.09,77.58,0.08,10.0,0.1,500.26,0.11,227.79,0.01,0.01,2355.109295,1776305549000
1776305551.443,151.443,0.9,533.26,0.89,353.86,0.91,43.16,0.92,10.0,0.09,69.16,0.08,10.0,0.1,528.26,0.11,353.86,0.01,0.01,2355.109295,1776305549000
1776305552.255,152.255,0.9,533.26,0.89,353.86,0.91,36.78,0.92,10.0,0.09,42.06,0.08,10.0,0.1,533.26,0.11,353.86,0.01,0.01,2355.26793,1776305550000
1776305552.486,152.486,0.9,508.2,0.89,353.86,0.91,25.84,0.92,10.0,0.09,36.78,0.08,10.0,0.1,521.2,0.11,353.86,0.01,0.01,2355.26793,1776305550000
1776305553.021,153.021,0.9,508.2,0.89,383.71,0.91,4.6,0.92,10.0,0.09,14.71,0.08,10.0,0.1,513.2,0.11,353.86,0.01,0.01,2355.344724,1776305551000
1776305553.307,153.307,0.9,508.2,0.89,383.71,0.92,9.55,0.93,0.92,0.09,4.6,0.08,10.0,0.1,508.2,0.11,383.71,0.02,0.01,2355.344724,1776305551000
1776305553.716,153.716,0.91,381.99,0.9,396.21,0.94,8.41,0.95,58.0,0.08,0.55,0.07,0.92,0.09,323.99,0.1,401.21,0.03,0.01,2355.344724,1776305551000
1776305554.418,154.418,0.92,353.89,0.91,241.0,0.93,4.62,0.94,84.41,0.06,8.41,0.05,58.0,0.09,381.99,0.1,396.21,0.01,0.03,2355.490044,1776305552000
1776305555.661,155.661,0.92,396.83,0.91,324.0,0.94,3.03,0.95,35.0,0.07,4.62,0.06,84.41,0.08,335.83,0.09,246.0,0.02,0.01,2355.571589,1776305554000
1776305556.661,156.661,0.93,348.23,0.92,240.84,0.94,3.03,0.95,35.0,0.06,3.03,0.05,35.0,0.08,396.83,0.09,324.0,0.01,0.02,2355.571589,1776305554000
1776305558.737,158.737,0.93,432.23,0.92,264.26,0.95,16.53,0.96,122.0,0.06,3.03,0.05,35.0,0.07,348.23,0.08,240.84,0.02,0.01,2355.651427,1776305557000
1776305560.195,160.195,0.94,404.04,0.93,312.24,0.95,8.17,0.96,35.0,0.05,9.23,0.04,122.0,0.06,359.73,0.07,319.24,0.01,0.01,2355.705585,1776305558000
1776305560.997,160.997,0.94,396.98,0.93,334.82,0.95,3.17,0.96,35.0,0.05,3.17,0.04,35.0,0.06,399.04,0.07,312.24,0.01,0.01,2355.8523,1776305559000
1776305562.227,162.227,0.94,391.98,0.93,326.82,0.95,0.04,0.96,35.0,0.05,3.17,0.04,35.0,0.06,396.98,0.07,334.82,0.01,0.01,2355.9291,1776305561000
1776305563.109,163.109,0.94,389.92,0.93,326.82,0.95,0.04,0.96,35.0,0.05,0.04,0.04,35.0,0.06,391.98,0.07,326.82,0.01,0.01,2355.9291,1776305561000
1776305564.13,164.13,0.94,384.92,0.93,326.82,0.96,24.67,0.97,399.0,0.05,0.04,0.04,35.0,0.06,389.92,0.07,326.82,0.02,0.01,2356.080125,1776305562000
1776305564.351,164.351,0.95,297.99,0.94,304.62,0.96,22.58,0.97,399.0,0.04,24.67,0.03,399.0,0.06,384.92,0.07,326.82,0.01,0.02,2356.080125,1776305562000
1776305564.846,164.846,0.95,391.79,0.94,287.62,0.96,20.51,0.97,399.0,0.04,22.58,0.03,399.0,0.05,297.99,0.06,304.62,0.01,0.01,2356.126557,1776305563000
1776305565.328,165.328,0.95,442.73,0.94,287.62,0.96,17.41,0.97,311.0,0.04,17.41,0.03,399.0,0.05,386.79,0.06,287.62,0.01,0.01,2356.08009,1776305564000
1776305566.292,166.292,0.95,391.61,0.94,352.36,0.96,12.35,0.97,311.0,0.04,12.35,0.03,311.0,0.05,442.73,0.06,287.62,0.01,0.01,2356.05509,1776305565000
1776305566.953,166.953,0.95,396.61,0.94,681.95,0.97,308.92,0.98,279.99,0.04,12.35,0.03,311.0,0.05,391.61,0.06,352.36,0.02,0.01,2356.05509,1776305565000
1776305567.437,167.437,0.96,376.63,0.95,276.21,0.97,308.92,0.98,271.93,0.03,308.92,0.02,279.99,0.05,396.61,0.06,681.95,0.01,0.02,2356.05509,1776305565000
1776305569.475,169.475,0.96,405.63,0.95,276.21,0.97,210.82,0.98,256.0,0.03,308.92,0.02,271.93,0.04,376.63,0.05,276.21,0.01,0.01,2356.225712,1776305567000
1776305571.436,171.436,0.96,130.59,0.95,246.2,0.97,210.82,0.98,470.69,0.03,210.82,0.02,256.0,0.04,405.63,0.05,276.21,0.01,0.01,2356.207,1776305570000
1776305572.24,172.24,0.96,112.0,0.95,180.8,0.97,217.82,0.98,534.7,0.03,210.82,0.02,448.76,0.04,130.59,0.05,246.2,0.01,0.01,2356.16567,1776305571000
1776305576.69,176.69,0.96,79.0,0.95,180.8,0.97,214.82,0.98,507.76,0.03,217.82,0.02,534.7,0.04,112.0,0.05,180.8,0.01,0.01,2356.029597,1776305575000
1776305579.69,179.69,0.96,145.0,0.95,232.39,0.97,197.82,0.98,462.63,0.03,214.82,0.02,507.76,0.04,79.0,0.05,180.8,0.01,0.01,2355.960902,1776305578000
1776305580.362,180.362,0.96,276.7,0.95,253.39,0.97,192.66,0.98,440.7,0.03,197.82,0.02,462.63,0.04,145.0,0.05,232.39,0.01,0.01,2355.990035,1776305579000
1776305580.728,180.728,0.96,281.7,0.95,253.39,0.97,174.66,0.98,447.76,0.03,192.66,0.02,440.7,0.04,276.7,0.05,253.39,0.01,0.01,2355.990035,1776305579000
1776305580.981,180.981,0.96,271.29,0.95,258.39,0.97,173.46,0.98,440.7,0.03,173.62,0.02,447.76,0.04,281.7,0.05,253.39,0.01,0.01,2355.990035,1776305579000
1776305589.42,189.42,0.96,169.96,0.95,286.79,0.97,180.46,0.98,501.97,0.03,173.46,0.02,440.7,0.04,271.29,0.05,258.39,0.01,0.01,2355.741305,1776305588000
1776305591.157,191.157,0.96,164.96,0.95,300.79,0.97,102.42,0.98,511.97,0.03,174.42,0.02,501.97,0.04,169.96,0.05,286.79,0.01,0.01,2355.729461,1776305590000
1776305591.428,191.428,0.96,77.31,0.95,183.99,0.97,231.12,0.98,631.69,0.03,102.42,0.02,511.97,0.04,164.96,0.05,300.79,0.01,0.01,2355.729461,1776305590000
1776305591.948,191.948,0.96,48.31,0.95,105.0,0.97,281.18,0.98,626.04,0.03,231.12,0.02,631.69,0.04,77.31,0.05,183.99,0.01,0.01,2355.729461,1776305590000
1776305595.135,195.135,0.96,128.31,0.95,110.0,0.97,248.05,0.98,619.76,0.03,291.18,0.02,626.04,0.04,38.31,0.05,105.0,0.01,0.01,2355.360826,1776305594000
1776305595.435,195.435,0.96,119.31,0.95,135.0,0.97,236.12,0.98,619.76,0.03,248.05,0.02,619.76,0.04,128.31,0.05,110.0,0.01,0.01,2355.360826,1776305594000
1776305597.766,197.766,0.96,94.31,0.95,135.0,0.97,253.11,0.98,626.04,0.03,236.12,0.02,619.76,0.04,119.31,0.05,135.0,0.01,0.01,2355.331156,1776305596000
1776305598.217,198.217,0.96,92.31,0.95,135.0,0.97,253.05,0.98,626.04,0.03,253.11,0.02,626.04,0.04,94.31,0.05,135.0,0.01,0.01,2355.331156,1776305596000
1776305604.818,204.818,0.96,439.02,0.95,130.0,0.97,70.42,0.98,245.0,0.03,253.05,0.02,626.04,0.04,92.31,0.05,135.0,0.01,0.01,2355.264863,1776305603000
1776305605.241,205.241,0.96,454.02,0.95,130.0,0.97,65.16,0.98,245.0,0.03,70.32,0.02,245.0,0.04,454.02,0.05,130.0,0.01,0.01,2355.264713,1776305604000
1776305605.509,205.509,0.96,395.62,0.95,235.8,0.97,30.0,0.98,245.0,0.03,50.0,0.02,245.0,0.04,471.02,0.05,160.0,0.01,0.01,2355.264713,1776305604000
1776305605.868,205.868,0.96,489.32,0.95,235.8,0.97,21.0,0.98,265.0,0.03,30.0,0.02,245.0,0.04,395.62,0.05,235.8,0.01,0.01,2355.264713,1776305604000
1776305606.489,206.489,0.97,79.0,0.96,489.32,0.98,265.0,0.99,7416.72,0.03,21.0,0.02,265.0,0.04,489.32,0.05,235.8,0.01,0.01,2355.253548,1776305605000
1776305607.342,207.342,0.97,593.69,0.96,615.32,0.98,235.7,0.99,8127.9,0.02,265.0,0.01,7416.72,0.03,79.0,0.04,489.32,0.01,0.01,2355.729476,1776305606000
1776305609.165,209.165,0.97,589.0,0.96,549.32,0.98,231.61,0.99,7780.78,0.02,235.7,0.01,8127.9,0.03,593.69,0.04,615.32,0.01,0.01,2355.849335,1776305608000
1776305616.465,216.465,0.97,147.31,0.96,370.91,0.98,406.11,0.99,8053.5,0.02,231.61,0.01,7780.78,0.03,589.0,0.04,549.32,0.01,0.01,2355.423487,1776305615000
1776305618.404,218.404,0.97,247.3,0.96,379.91,0.98,181.41,0.99,8047.78,0.02,406.11,0.01,8053.5,0.03,147.31,0.04,370.91,0.01,0.01,2355.4315,1776305617000
1776305620.084,220.084,0.97,216.3,0.96,379.91,0.98,186.3,0.99,8041.5,0.02,181.41,0.01,8047.78,0.03,247.3,0.04,379.91,0.01,0.01,2355.444397,1776305618000
1776305622.014,222.014,0.97,142.31,0.96,241.02,0.98,365.79,0.99,7141.5,0.02,186.3,0.01,8041.5,0.03,216.3,0.04,379.91,0.01,0.01,2355.532532,1776305620000
1776305623.686,223.686,0.97,164.31,0.96,222.62,0.98,342.07,0.99,7428.3,0.02,365.79,0.01,7141.5,0.03,142.31,0.04,241.02,0.01,0.01,2355.396866,1776305622000
1776305626.005,226.005,0.97,145.31,0.96,366.91,0.98,326.76,0.99,7745.5,0.02,342.07,0.01,7428.3,0.03,164.31,0.04,222.62,0.01,0.01,2355.274326,1776305624000
1776305629.214,229.214,0.97,195.31,0.96,391.31,0.98,121.65,0.99,8011.5,0.02,326.76,0.01,7745.5,0.03,145.31,0.04,366.91,0.01,0.01,2355.34954,1776305627000
1776305629.825,229.825,0.97,112.31,0.96,230.62,0.98,315.35,0.99,8073.5,0.02,121.65,0.01,8011.5,0.03,195.31,0.04,391.31,0.01,0.01,2355.363267,1776305628000
1776305630.356,230.356,0.97,27.31,0.96,183.9,0.98,253.07,0.99,8256.5,0.02,315.35,0.01,8073.5,0.03,112.31,0.04,230.62,0.01,0.01,2355.355857,1776305629000
1776305631.456,231.456,0.98,235.65,0.97,27.31,0.99,8256.5,,,0.02,253.07,0.01,8256.5,0.03,27.31,0.04,183.9,0.01,0.01,2355.3265,1776305630000
1776305632.588,232.588,0.98,176.36,0.97,10.0,0.99,7940.64,,,0.01,8256.5,,,0.02,235.65,0.03,27.31,0.01,0.01,2355.295906,1776305631000
1776305636.989,236.989,0.98,234.48,0.97,10.0,0.99,7419.53,,,0.01,7935.64,,,0.02,174.29,0.03,10.0,0.01,0.01,2355.05544,1776305635000
1776305641.368,241.368,0.98,234.48,0.97,10.0,0.99,7991.13,,,0.01,7419.53,,,0.02,234.48,0.03,10.0,0.01,0.01,2354.970762,1776305640000
1776305642.424,242.424,0.98,234.48,0.97,10.0,0.99,8309.24,,,0.01,8314.35,,,0.02,234.48,0.03,10.0,0.01,0.01,2354.970762,1776305640000
1776305643.296,243.296,0.98,234.48,0.97,10.0,0.99,7630.63,,,0.01,8309.24,,,0.02,234.48,0.03,10.0,0.01,0.01,2354.958839,1776305641000
1776305643.634,243.634,0.98,184.48,0.97,10.0,0.99,7630.63,,,0.01,7630.63,,,0.02,234.48,0.03,10.0,0.01,0.01,2354.922604,1776305642000
1776305645.508,245.508,0.98,184.48,0.97,10.0,0.99,7617.55,,,0.01,7630.63,,,0.02,184.48,0.03,10.0,0.01,0.01,2354.922348,1776305644000
1776305649.038,249.038,0.98,174.48,0.97,10.0,0.99,7081.15,,,0.01,7617.55,,,0.02,184.48,0.03,10.0,0.01,0.01,2354.907134,1776305648000
1776305649.623,249.623,0.98,154.48,0.96,5.0,0.99,7541.15,,,0.01,7081.15,,,0.02,174.48,0.03,10.0,0.01,0.01,2354.907134,1776305648000
1776305650.223,250.223,0.98,73.48,0.96,5.0,0.99,7436.15,,,0.01,7536.15,,,0.02,83.48,0.04,5.0,0.01,0.01,2354.953652,1776305649000
1776305651.261,251.261,0.98,64.48,0.96,10.0,0.99,7440.13,,,0.01,7441.15,,,0.02,64.48,0.04,5.0,0.01,0.01,2354.750343,1776305650000
1776305651.961,251.961,0.98,64.48,0.96,10.0,0.99,7425.03,,,0.01,7440.13,,,0.02,64.48,0.04,10.0,0.01,0.01,2354.750343,1776305650000
1776305652.203,252.203,0.98,64.48,0.96,10.0,0.99,7525.03,,,0.01,7425.03,,,0.02,64.48,0.04,10.0,0.01,0.01,2354.555544,1776305651000
1776305653.203,253.203,0.98,64.48,0.96,10.0,0.99,7518.0,,,0.01,7525.03,,,0.02,64.48,0.04,10.0,0.01,0.01,2354.598582,1776305652000
1776305653.559,253.559,0.98,64.48,0.96,10.0,0.99,7519.76,,,0.01,7518.0,,,0.02,64.48,0.04,10.0,0.01,0.01,2354.598582,1776305652000
1776305656.277,256.277,0.98,14.48,0.96,10.0,0.99,7352.76,,,0.01,7519.76,,,0.02,64.48,0.04,10.0,0.01,0.01,2354.581038,1776305655000
1776305657.357,257.357,0.98,14.48,0.96,5.0,0.99,7091.16,,,0.01,7352.76,,,0.02,14.48,0.04,10.0,0.01,0.01,2354.581038,1776305655000
1776305657.949,257.949,0.93,120.99,0.92,68.0,0.95,35.68,0.96,15.0,0.05,10.0,0.04,15.0,0.07,102.88,0.08,30.0,0.02,0.02,2354.563085,1776305656000
1776305658.448,258.448,0.94,82.0,0.93,59.99,0.96,13.63,0.97,64.47,0.05,0.68,0.04,15.0,0.07,120.99,0.08,68.0,0.02,0.02,2354.532689,1776305657000
1776305659.037,259.037,0.94,44.5,0.93,69.59,0.96,23.63,0.97,52.99,0.04,13.63,0.03,64.47,0.06,82.0,0.07,59.99,0.02,0.02,2354.532689,1776305657000
1776305660.602,260.602,0.94,88.59,0.93,162.54,0.95,5.0,0.96,18.63,0.05,10.0,0.04,18.63,0.07,110.93,0.08,62.0,0.01,0.02,2354.277638,1776305659000
1776305661.227,261.227,0.94,115.53,0.93,105.33,0.95,5.0,0.96,18.63,0.05,5.0,0.04,18.63,0.06,88.59,0.07,162.54,0.01,0.01,2354.263123,1776305660000
1776305662.255,262.255,0.94,110.53,0.93,105.33,0.95,1.42,0.96,18.63,0.05,5.0,0.04,18.63,0.06,115.53,0.07,105.33,0.01,0.01,2354.289946,1776305661000
1776305663.421,263.421,0.95,7.94,0.94,185.33,0.96,18.63,0.97,15.0,0.04,18.63,0.03,15.0,0.06,121.53,0.07,105.33,0.01,0.02,2354.323698,1776305662000
1776305665.023,265.023,0.95,77.94,0.94,157.07,0.96,8.63,0.97,15.0,0.04,18.63,0.03,15.0,0.05,7.94,0.06,185.33,0.01,0.01,2354.277985,1776305664000
1776305665.592,265.592,0.95,155.27,0.94,144.73,0.96,8.63,0.97,15.0,0.04,8.63,0.03,15.0,0.05,77.94,0.06,157.07,0.01,0.01,2354.277985,1776305664000
1776305666.544,266.544,0.95,64.47,0.94,80.93,0.96,8.63,0.97,15.0,0.04,8.63,0.03,15.0,0.05,155.27,0.06,144.73,0.01,0.01,2354.280761,1776305665000
1776305667.181,267.181,0.98,436.38,0.95,69.47,0.99,7381.96,,,0.04,8.63,0.03,15.0,0.05,64.47,0.06,80.93,0.01,0.01,2354.26029,1776305666000
1776305667.67,267.67,0.98,429.32,0.97,5.0,0.99,7391.96,,,0.01,7381.96,,,0.02,436.38,0.05,69.47,0.01,0.01,2354.26029,1776305666000
1776305669.086,269.086,0.98,409.32,0.96,15.7,0.99,7549.32,,,0.01,7377.26,,,0.02,429.32,0.03,5.0,0.01,0.01,2354.255593,1776305667000
1776305669.888,269.888,0.98,288.32,0.96,15.7,0.99,7960.32,,,0.01,7549.32,,,0.02,308.32,0.04,15.7,0.01,0.01,2354.200762,1776305668000
1776305670.14,270.14,0.98,161.32,0.96,15.7,0.99,7955.32,,,0.01,7955.32,,,0.02,211.32,0.04,15.7,0.01,0.01,2354.200762,1776305668000
1776305670.778,270.778,0.98,158.42,0.96,15.7,0.99,7960.32,,,0.01,7955.32,,,0.02,161.32,0.04,15.7,0.01,0.01,2354.189749,1776305669000
1776305671.012,271.012,0.98,158.42,0.96,15.7,0.99,7959.3,,,0.01,7960.32,,,0.02,158.42,0.04,15.7,0.01,0.01,2354.189749,1776305669000
1776305671.617,271.617,0.98,88.42,0.96,15.7,0.99,7954.3,,,0.01,7959.3,,,0.02,158.42,0.04,15.7,0.01,0.01,2354.136954,1776305670000
1776305672.315,272.315,0.94,34.0,0.93,93.93,0.95,280.88,0.99,7705.3,0.01,7954.3,,,0.02,88.42,0.04,15.7,0.01,0.01,2354.136954,1776305670000
1776305673.572,273.572,0.94,96.59,0.93,47.53,0.95,271.65,0.96,5.0,0.05,279.29,0.04,5.0,0.06,90.0,0.07,47.53,0.01,0.01,2353.940898,1776305672000
1776305674.322,274.322,0.93,16.98,0.92,25.0,0.95,271.65,0.96,5.0,0.05,271.65,0.04,5.0,0.06,96.59,0.07,47.53,0.02,0.01,2353.932108,1776305673000
1776305676.519,276.519,0.94,321.08,0.93,39.02,0.95,256.22,0.96,10.0,0.05,271.65,0.04,5.0,0.07,16.98,0.08,25.0,0.01,0.02,2353.936708,1776305675000
1776305676.943,276.943,0.94,274.26,0.93,39.02,0.95,258.27,0.96,10.0,0.05,256.22,0.04,10.0,0.06,321.08,0.07,39.02,0.01,0.01,2353.936708,1776305675000
1776305678.799,278.799,0.93,10.0,0.92,43.03,0.95,288.27,0.96,70.0,0.05,258.27,0.04,10.0,0.06,274.26,0.07,39.02,0.02,0.01,2353.924279,1776305677000
1776305679.557,279.557,0.92,43.03,0.91,67.0,0.94,20.0,0.95,273.27,0.05,293.27,0.04,70.0,0.08,43.03,0.09,67.0,0.02,0.03,2353.927763,1776305678000
1776305679.962,279.962,0.92,68.03,0.91,45.0,0.93,3.78,0.94,15.0,0.06,20.0,0.05,273.27,0.08,43.03,0.09,67.0,0.01,0.02,2353.927763,1776305678000
1776305681.201,281.201,0.93,40.0,0.92,47.03,0.94,5.0,0.95,263.27,0.07,3.78,0.06,15.0,0.08,68.03,0.09,45.0,0.01,0.01,2353.624109,1776305680000
1776305683.558,283.558,0.94,5.0,0.93,36.0,0.95,266.42,0.96,60.0,0.05,263.27,0.04,60.0,0.07,11.57,0.08,58.03,0.01,0.02,2353.628833,1776305682000
1776305683.995,283.995,0.87,23.0,0.86,26.0,0.93,54.0,0.94,32.0,0.05,266.42,0.04,60.0,0.06,5.0,0.07,36.0,0.06,0.01,2353.628833,1776305682000
1776305684.476,284.476,0.85,66.03,0.84,26.0,0.86,8.83,0.87,10.0,0.14,10.0,0.13,10.0,0.18,13.01,0.19,15.0,0.01,0.04,2353.624295,1776305683000
1776305684.918,284.918,0.86,10.0,0.85,82.03,0.87,5.05,0.88,10.0,0.12,54.0,0.11,10.0,0.16,9.0,0.17,10.0,0.01,0.04,2353.624295,1776305683000
1776305685.749,285.749,0.87,51.49,0.86,108.0,0.88,6.34,0.89,10.0,0.12,6.34,0.11,10.0,0.14,15.0,0.15,32.0,0.01,0.02,2353.61166,1776305684000
1776305686.003,286.003,0.87,66.49,0.86,108.0,0.91,39.87,0.92,10.0,0.12,6.34,0.11,10.0,0.13,51.49,0.14,108.0,0.04,0.01,2353.61166,1776305684000
1776305686.842,286.842,0.89,17.0,0.88,20.0,0.91,59.0,0.92,10.0,0.09,39.87,0.08,10.0,0.13,66.49,0.14,108.0,0.02,0.04,2353.400369,1776305685000
1776305687.124,287.124,0.89,12.0,0.88,30.0,0.9,10.0,0.91,10.0,0.09,59.0,0.08,10.0,0.12,20.0,0.13,42.46,0.01,0.03,2353.400369,1776305685000
1776305687.347,287.347,0.89,15.0,0.88,12.0,0.9,0.26,0.91,10.0,0.1,10.0,0.09,10.0,0.11,12.0,0.12,30.0,0.01,0.01,2353.400369,1776305685000
1776305690.64,290.64,0.9,10.0,0.89,18.0,0.91,10.0,0.92,10.0,0.1,0.26,0.09,10.0,0.11,15.0,0.12,12.0,0.01,0.01,2353.155739,1776305689000
1776305690.842,290.842,0.9,5.0,0.89,18.0,0.92,9.02,0.93,10.0,0.09,10.0,0.08,10.0,0.1,10.0,0.11,18.0,0.02,0.01,2353.155739,1776305689000
1776305692.199,292.199,0.9,7.9,0.89,10.0,0.91,15.0,0.92,9.02,0.08,9.02,0.07,10.0,0.1,5.0,0.11,18.0,0.01,0.02,2353.145402,1776305691000
1776305693.512,293.512,0.89,10.0,0.88,2.0,0.92,14.02,0.93,10.0,0.08,9.02,0.07,10.0,0.09,40.0,0.1,7.9,0.03,0.01,2353.132334,1776305692000
1776305693.84,293.84,0.94,25.0,0.91,17.0,0.95,242.35,0.96,15.0,0.05,242.35,0.04,10.0,0.11,10.0,0.12,2.0,0.01,0.06,2353.132334,1776305692000
1776305694.7,294.7,0.94,40.0,0.93,10.0,0.95,246.29,0.96,10.0,0.05,242.35,0.04,15.0,0.06,25.0,0.09,17.0,0.01,0.01,2353.126914,1776305693000
1776305695.444,295.444,0.94,55.0,0.93,10.0,0.95,121.02,0.96,10.0,0.05,141.02,0.04,10.0,0.06,40.0,0.07,10.0,0.01,0.01,2353.112997,1776305694000
1776305695.925,295.925,0.94,26.16,0.93,10.0,0.95,115.75,0.96,10.0,0.05,121.02,0.04,10.0,0.06,31.16,0.07,10.0,0.01,0.01,2353.112997,1776305694000
1776305696.217,296.217,0.94,31.16,0.93,10.0,0.95,104.69,0.96,10.0,0.05,115.75,0.04,10.0,0.06,26.16,0.07,10.0,0.01,0.01,2353.112997,1776305694000
1776305696.428,296.428,0.94,31.16,0.93,10.0,0.95,103.54,0.96,10.0,0.05,104.69,0.04,10.0,0.06,31.16,0.07,10.0,0.01,0.01,2353.122787,1776305695000
1776305697.132,297.132,0.94,11.16,0.93,10.0,0.95,97.21,0.96,10.0,0.05,97.48,0.04,10.0,0.06,26.16,0.07,10.0,0.01,0.01,2353.122787,1776305695000
1776305697.439,297.439,0.94,11.16,0.93,80.0,0.95,96.06,0.96,10.0,0.05,97.21,0.04,10.0,0.06,11.16,0.07,10.0,0.01,0.01,2353.12399,1776305696000
1776305697.677,297.677,0.94,11.16,0.93,80.0,0.96,6.96,0.97,10.0,0.05,2.2,0.04,10.0,0.06,11.16,0.07,80.0,0.02,0.01,2353.12399,1776305696000
1776305697.926,297.926,0.95,5.0,0.94,11.16,0.98,4.27,0.99,1240.13,0.01,1240.13,,,0.05,5.0,0.06,11.16,0.03,0.04,2353.124368,1776305697000
1776305698.301,298.301,0.96,15.0,0.95,10.0,0.98,11.94,0.99,1017.4,0.02,7.97,0.01,1022.4,0.04,10.0,0.05,10.0,0.02,0.02,2353.124368,1776305697000
1776305698.614,298.614,0.98,31.68,0.97,10.0,0.99,626.19,,,0.01,632.21,,,0.02,31.68,0.03,10.0,0.01,0.01,2353.124368,1776305697000
1776305698.818,298.818,0.98,31.68,0.97,10.0,0.99,605.14,,,0.01,610.19,,,0.02,31.68,0.03,10.0,0.01,0.01,2353.124368,1776305697000
1776305699.878,299.878,0.99,22102.73,0.98,47.68,,,,,,,,,0.01,417.86,0.02,31.68,,,2353.141623,1776305698000
1776305700.187,300.187,0.99,49705.27,0.98,47.68,,,,,,,,,0.01,22102.73,0.02,47.68,,,2353.182,1776305699000

# RESULT,winner=Up,slug=eth-updown-5m-1776305400,ticks=259
