timestamp,elapsed_sec,up_bid_p1,up_bid_s1,up_bid_p2,up_bid_s2,up_ask_p1,up_ask_s1,up_ask_p2,up_ask_s2,down_bid_p1,down_bid_s1,down_bid_p2,down_bid_s2,down_ask_p1,down_ask_s1,down_ask_p2,down_ask_s2,up_spread,down_spread,eth_price,eth_oracle_ts
1776276600.524,0.524,0.46,33.99,0.4,38.0,0.47,123.26,0.48,5.0,0.53,147.49,0.51,10.0,0.54,111.99,0.55,65.0,0.01,0.01,2349.110706,1776276598000
1776276600.776,0.776,0.46,23.11,0.4,38.0,0.47,123.26,0.48,10.01,0.53,123.26,0.52,5.0,0.54,33.99,0.6,38.0,0.01,0.01,2349.141248,1776276599000
1776276601.123,1.123,0.46,23.11,0.4,38.0,0.47,123.26,0.48,10.01,0.53,123.26,0.52,10.01,0.54,23.11,0.6,38.0,0.01,0.01,2349.136193,1776276600000
1776276601.416,1.416,0.46,23.11,0.45,14.0,0.47,116.26,0.48,10.01,0.53,123.26,0.52,10.01,0.54,23.11,0.6,38.0,0.01,0.01,2349.136193,1776276600000
1776276601.752,1.752,0.46,15.01,0.45,19.0,0.47,124.13,0.48,15.01,0.53,116.26,0.52,10.01,0.54,23.11,0.55,14.0,0.01,0.01,2349.136193,1776276600000
1776276602.166,2.166,0.46,23.01,0.45,19.0,0.47,87.0,0.48,15.01,0.53,107.0,0.52,15.01,0.54,15.01,0.55,19.0,0.01,0.01,2349.136193,1776276600000
1776276602.544,2.544,0.46,21.15,0.45,19.0,0.47,74.7,0.48,15.01,0.53,82.0,0.52,15.01,0.54,21.15,0.55,19.0,0.01,0.01,2349.016308,1776276601000
1776276603.041,3.041,0.46,11.15,0.45,5.0,0.47,100.7,0.48,39.01,0.53,74.7,0.52,15.01,0.54,21.15,0.55,19.0,0.01,0.01,2349.016308,1776276601000
1776276603.274,3.274,0.46,5.58,0.45,5.0,0.47,105.7,0.48,54.01,0.53,110.7,0.52,54.01,0.54,7.44,0.55,5.0,0.01,0.01,2348.995415,1776276602000
1776276603.643,3.643,0.46,43.03,0.45,15.0,0.47,105.7,0.48,54.01,0.53,105.7,0.52,54.01,0.54,5.58,0.55,5.0,0.01,0.01,2348.995415,1776276602000
1776276604.039,4.039,0.46,43.03,0.45,15.0,0.47,105.7,0.48,54.01,0.53,105.7,0.52,54.01,0.54,43.03,0.55,15.0,0.01,0.01,2348.981278,1776276603000
1776276604.555,4.555,0.46,123.03,0.45,44.0,0.47,50.7,0.48,10.01,0.53,64.7,0.52,10.01,0.54,103.03,0.55,44.0,0.01,0.01,2348.981278,1776276603000
1776276604.841,4.841,0.46,123.03,0.45,44.0,0.47,8.7,0.48,10.01,0.53,50.7,0.52,10.01,0.54,123.03,0.55,44.0,0.01,0.01,2348.981278,1776276603000
1776276605.055,5.055,0.46,123.03,0.45,44.0,0.47,8.7,0.48,10.01,0.53,8.7,0.52,10.01,0.54,123.03,0.55,44.0,0.01,0.01,2348.850217,1776276604000
1776276605.401,5.401,0.47,55.0,0.46,84.03,0.48,10.01,0.49,10.0,0.52,10.01,0.51,10.0,0.54,123.03,0.55,94.01,0.01,0.02,2348.850217,1776276604000
1776276605.78,5.78,0.47,56.0,0.46,84.03,0.48,6.88,0.49,10.0,0.52,10.01,0.51,10.0,0.53,55.0,0.54,84.03,0.01,0.01,2348.850217,1776276604000
1776276606.164,6.164,0.47,56.0,0.46,84.03,0.48,6.88,0.49,10.0,0.52,6.88,0.51,10.0,0.53,56.0,0.54,84.03,0.01,0.01,2349.009834,1776276605000
1776276606.468,6.468,0.47,41.0,0.46,84.03,0.48,4.77,0.49,10.0,0.52,4.77,0.51,10.0,0.53,51.0,0.54,84.03,0.01,0.01,2349.009834,1776276605000
1776276607.115,7.115,0.47,34.77,0.46,84.03,0.48,4.77,0.49,10.0,0.52,4.77,0.51,10.0,0.53,34.77,0.54,84.03,0.01,0.01,2349.087517,1776276606000
1776276607.674,7.674,0.47,49.77,0.46,149.03,0.49,5.0,0.5,22.0,0.52,4.77,0.51,10.0,0.53,34.77,0.54,84.03,0.02,0.01,2349.087517,1776276606000
1776276608.104,8.104,0.47,49.77,0.46,149.03,0.49,5.0,0.5,22.0,0.51,5.0,0.5,22.0,0.53,49.77,0.54,149.03,0.02,0.02,2349.155862,1776276607000
1776276608.419,8.419,0.48,61.0,0.47,32.27,0.49,10.5,0.5,22.0,0.51,15.5,0.5,22.0,0.52,61.3,0.53,21.77,0.01,0.01,2349.155862,1776276607000
1776276608.662,8.662,0.48,58.11,0.47,32.27,0.49,5.5,0.5,22.0,0.51,10.5,0.5,22.0,0.52,58.11,0.53,32.27,0.01,0.01,2349.155862,1776276607000
1776276609.089,9.089,0.48,58.11,0.47,32.27,0.49,5.5,0.5,22.0,0.51,5.5,0.5,22.0,0.52,58.11,0.53,32.27,0.01,0.01,2349.151951,1776276608000
1776276609.295,9.295,0.52,10.0,0.51,20.5,0.53,2.44,0.54,8.0,0.47,5.5,0.46,8.0,0.5,5.0,0.51,135.5,0.01,0.03,2349.151951,1776276608000
1776276609.632,9.632,0.53,91.0,0.52,76.0,0.56,5.0,0.57,20.0,0.47,2.44,0.46,8.0,0.48,10.0,0.49,20.5,0.03,0.01,2349.151951,1776276608000
1776276610.076,10.076,0.53,91.0,0.52,76.0,0.56,5.0,0.57,20.0,0.44,5.0,0.43,20.0,0.47,91.0,0.48,76.0,0.03,0.03,2349.2135,1776276609000
1776276610.583,10.583,0.55,55.0,0.54,25.0,0.56,8.71,0.57,10.0,0.44,5.0,0.43,20.0,0.47,91.0,0.48,76.0,0.01,0.03,2349.2135,1776276609000
1776276611.212,11.212,0.55,76.0,0.54,25.0,0.56,3.71,0.57,10.0,0.44,8.71,0.43,10.0,0.45,55.0,0.46,25.0,0.01,0.01,2349.390574,1776276610000
1776276614.142,14.142,0.55,0.49,0.54,10.0,0.56,40.5,0.57,62.5,0.44,3.71,0.43,10.0,0.45,76.0,0.46,25.0,0.01,0.01,2349.63533,1776276613000
1776276614.707,14.707,0.52,19.89,0.51,50.5,0.54,15.64,0.55,21.0,0.44,45.5,0.43,67.5,0.48,4.89,0.49,50.5,0.02,0.04,2349.63533,1776276613000
1776276615.115,15.115,0.52,19.89,0.51,50.5,0.53,10.12,0.54,31.64,0.46,15.64,0.45,21.0,0.48,19.89,0.49,50.5,0.01,0.02,2349.63533,1776276613000
1776276615.788,15.788,0.52,15.0,0.51,50.5,0.53,5.68,0.54,50.14,0.47,10.12,0.46,31.64,0.48,19.89,0.49,50.5,0.01,0.01,2349.58195,1776276614000
1776276616.216,16.216,0.51,25.0,0.5,15.5,0.52,14.8,0.53,74.5,0.47,5.68,0.46,50.14,0.48,15.0,0.49,50.5,0.01,0.01,2349.509946,1776276615000
1776276616.557,16.557,0.49,40.5,0.48,22.11,0.5,10.0,0.51,10.0,0.48,19.8,0.47,54.5,0.51,21.5,0.52,15.11,0.01,0.03,2349.509946,1776276615000
1776276616.776,16.776,0.49,35.5,0.48,17.11,0.5,10.0,0.51,33.0,0.5,10.0,0.49,10.0,0.51,40.5,0.52,22.11,0.01,0.01,2349.509946,1776276615000
1776276619.185,19.185,0.49,40.5,0.48,29.11,0.5,15.0,0.51,62.5,0.5,10.0,0.49,53.5,0.51,35.5,0.52,27.11,0.01,0.01,2349.20392,1776276618000
1776276619.653,19.653,0.49,47.55,0.48,19.11,0.5,10.0,0.51,56.5,0.5,15.0,0.49,62.5,0.51,40.5,0.52,29.11,0.01,0.01,2349.20392,1776276618000
1776276621.87,21.87,0.49,15.0,0.48,10.5,0.5,73.5,0.51,64.5,0.5,10.0,0.49,56.5,0.51,44.29,0.52,19.11,0.01,0.01,2349.139949,1776276620000
1776276622.364,22.364,0.5,21.0,0.49,47.46,0.51,10.0,0.52,38.5,0.5,68.5,0.49,64.5,0.51,0.96,0.52,10.5,0.01,0.01,2349.131135,1776276621000
1776276622.842,22.842,0.5,82.74,0.49,47.46,0.51,10.0,0.52,6.0,0.49,10.0,0.48,38.5,0.5,21.0,0.51,47.46,0.01,0.01,2349.131135,1776276621000
1776276623.127,23.127,0.5,114.56,0.49,53.46,0.53,10.78,0.54,10.5,0.49,10.0,0.47,25.0,0.5,95.56,0.51,53.46,0.03,0.01,2349.131135,1776276621000
1776276623.472,23.472,0.52,115.5,0.51,42.5,0.55,10.5,0.56,30.5,0.47,10.78,0.46,10.5,0.5,114.56,0.51,53.46,0.03,0.03,2349.083629,1776276622000
1776276623.678,23.678,0.54,43.82,0.53,42.5,0.55,10.5,0.56,25.5,0.45,10.5,0.44,30.5,0.48,115.5,0.49,42.5,0.01,0.03,2349.083629,1776276622000
1776276623.941,23.941,0.54,48.82,0.53,52.5,0.55,10.02,0.56,25.5,0.45,10.5,0.44,25.5,0.46,43.82,0.47,42.5,0.01,0.01,2349.083629,1776276622000
1776276624.441,24.441,0.56,31.0,0.55,74.0,0.57,7.95,0.58,17.0,0.45,10.02,0.44,25.5,0.46,48.82,0.47,52.5,0.01,0.01,2349.059461,1776276623000
1776276624.687,24.687,0.56,52.0,0.55,90.5,0.58,5.81,0.59,33.0,0.43,7.95,0.42,17.0,0.44,31.0,0.45,74.0,0.02,0.01,2349.059461,1776276623000
1776276625.039,25.039,0.57,10.88,0.56,41.0,0.58,11.86,0.59,23.0,0.42,11.86,0.41,23.0,0.43,15.88,0.44,47.0,0.01,0.01,2349.059461,1776276623000
1776276626.657,26.657,0.58,7.61,0.57,16.88,0.6,16.0,0.61,13.0,0.42,11.86,0.41,23.0,0.43,10.88,0.44,41.0,0.02,0.01,2349.466022,1776276625000
1776276626.942,26.942,0.61,25.08,0.6,21.0,0.62,12.42,0.63,46.0,0.38,17.67,0.37,46.0,0.39,11.89,0.4,16.0,0.01,0.01,2349.466022,1776276625000
1776276627.969,27.969,0.61,11.89,0.6,26.0,0.62,25.92,0.63,56.0,0.38,12.42,0.37,46.0,0.39,25.08,0.4,21.0,0.01,0.01,2349.670304,1776276626000
1776276628.882,28.882,0.61,21.89,0.6,26.0,0.62,31.42,0.63,46.0,0.38,25.92,0.37,56.0,0.39,11.89,0.4,26.0,0.01,0.01,2349.73606,1776276627000
1776276629.344,29.344,0.61,21.89,0.6,36.0,0.62,19.42,0.63,46.0,0.38,31.42,0.37,46.0,0.39,21.89,0.4,26.0,0.01,0.01,2349.973683,1776276628000
1776276631.052,31.052,0.61,17.43,0.6,15.0,0.62,65.5,0.63,41.5,0.38,19.42,0.37,46.0,0.39,21.89,0.4,36.0,0.01,0.01,2350.058224,1776276629000
1776276631.612,31.612,0.58,1.14,0.57,10.0,0.62,201.5,0.63,63.5,0.38,70.5,0.37,41.5,0.39,14.86,0.4,15.0,0.04,0.01,2350.000646,1776276630000
1776276632.055,32.055,0.55,5.0,0.53,40.5,0.56,47.44,0.57,25.5,0.41,5.0,0.4,5.0,0.43,10.0,0.45,15.5,0.01,0.02,2350.000646,1776276630000
1776276632.301,32.301,0.55,5.0,0.53,40.5,0.56,35.44,0.57,30.5,0.44,47.44,0.43,25.5,0.45,5.0,0.47,40.5,0.01,0.01,2350.000646,1776276630000
1776276632.611,32.611,0.53,40.5,0.52,46.0,0.56,45.0,0.57,35.5,0.44,35.44,0.43,30.5,0.45,5.0,0.47,40.5,0.03,0.01,2350.04037,1776276631000
1776276632.853,32.853,0.53,20.5,0.52,46.0,0.54,13.14,0.55,20.0,0.46,10.0,0.45,10.0,0.47,40.5,0.48,46.0,0.01,0.01,2350.04037,1776276631000
1776276633.824,33.824,0.53,10.5,0.52,46.0,0.54,30.64,0.55,36.0,0.46,13.14,0.45,20.0,0.47,20.5,0.48,46.0,0.01,0.01,2349.99219,1776276632000
1776276634.328,34.328,0.52,88.5,0.51,49.0,0.53,42.33,0.54,20.64,0.47,20.5,0.46,25.64,0.48,59.0,0.49,49.0,0.01,0.01,2349.99219,1776276632000
1776276635.182,35.182,0.52,83.41,0.51,27.0,0.53,42.33,0.54,30.64,0.47,42.33,0.46,20.64,0.48,88.5,0.49,49.0,0.01,0.01,2349.99219,1776276632000
1776276635.847,35.847,0.52,23.32,0.51,11.0,0.53,80.44,0.54,53.14,0.47,45.44,0.46,30.64,0.48,83.41,0.49,27.0,0.01,0.01,2349.99219,1776276632000
1776276636.118,36.118,0.52,12.29,0.51,11.0,0.53,95.44,0.54,53.14,0.47,95.44,0.46,53.14,0.48,14.38,0.49,11.0,0.01,0.01,2349.99219,1776276632000
1776276636.534,36.534,0.52,1.0,0.51,10.5,0.53,136.94,0.54,42.64,0.47,95.44,0.46,53.14,0.48,12.29,0.49,11.0,0.01,0.01,2349.99219,1776276632000
1776276636.84,36.84,0.52,0.54,0.5,15.5,0.53,105.33,0.54,37.64,0.47,80.33,0.46,42.64,0.48,1.0,0.49,10.5,0.01,0.01,2349.99219,1776276632000
1776276637.336,37.336,0.5,14.01,0.49,86.96,0.51,78.95,0.52,35.5,0.47,110.33,0.46,37.64,0.5,19.01,0.51,81.96,0.01,0.03,2349.99219,1776276632000
1776276639.36,39.36,0.5,38.83,0.49,96.96,0.51,35.92,0.52,45.5,0.49,78.95,0.48,35.5,0.5,12.01,0.51,86.96,0.01,0.01,2349.99219,1776276632000
1776276640.118,40.118,0.5,151.83,0.49,124.96,0.51,6.42,0.54,10.64,0.49,35.92,0.48,45.5,0.5,38.83,0.51,96.96,0.01,0.01,2349.99219,1776276632000
1776276641.146,41.146,0.53,91.19,0.52,47.5,0.54,0.64,0.55,48.5,0.46,21.14,0.45,58.5,0.47,82.82,0.48,32.5,0.01,0.01,2349.99219,1776276632000
1776276642.042,42.042,0.53,86.19,0.52,47.5,0.54,10.0,0.55,48.5,0.45,48.5,0.44,43.5,0.47,91.19,0.48,47.5,0.01,0.02,2349.99219,1776276632000
1776276642.725,42.725,0.53,53.19,0.52,37.5,0.54,15.0,0.55,30.5,0.46,10.0,0.45,48.5,0.47,86.19,0.48,47.5,0.01,0.01,2349.99219,1776276632000
1776276643.179,43.179,0.53,38.19,0.52,37.5,0.54,9.72,0.55,30.5,0.46,15.0,0.45,30.5,0.47,53.19,0.48,37.5,0.01,0.01,2349.99219,1776276632000
1776276643.95,43.95,0.53,75.19,0.52,47.5,0.54,7.86,0.55,40.5,0.46,9.72,0.45,30.5,0.47,38.19,0.48,37.5,0.01,0.01,2349.99219,1776276632000
1776276644.908,44.908,0.54,25.0,0.53,40.5,0.55,23.68,0.56,20.0,0.46,7.86,0.45,40.5,0.47,68.06,0.48,47.5,0.01,0.01,2349.99219,1776276632000
1776276645.511,45.511,0.54,45.5,0.53,40.5,0.55,14.54,0.56,35.5,0.45,36.86,0.44,26.0,0.46,10.0,0.47,35.5,0.01,0.01,2349.99219,1776276632000
1776276645.982,45.982,0.54,94.5,0.53,40.5,0.6,5.18,0.61,76.0,0.44,32.44,0.43,49.5,0.46,57.5,0.47,40.5,0.06,0.02,2349.99219,1776276632000
1776276646.775,46.775,0.58,59.66,0.57,35.0,0.59,15.5,0.6,18.0,0.4,5.18,0.39,76.0,0.46,94.5,0.47,40.5,0.01,0.06,2349.99219,1776276632000
1776276647.002,47.002,0.58,59.66,0.57,35.0,0.6,18.0,0.61,18.0,0.41,15.5,0.4,18.0,0.42,59.66,0.43,35.0,0.02,0.01,2349.99219,1776276632000
1776276647.386,47.386,0.58,8.0,0.57,8.0,0.6,145.5,0.61,122.0,0.4,54.5,0.39,100.0,0.41,44.0,0.42,34.66,0.02,0.01,2349.99219,1776276632000
1776276647.751,47.751,0.58,0.4,0.57,8.0,0.59,212.5,0.6,128.5,0.41,35.0,0.4,145.5,0.42,5.76,0.43,8.0,0.01,0.01,2349.99219,1776276632000
1776276647.959,47.959,0.55,10.0,0.54,15.0,0.56,96.78,0.57,38.5,0.44,13.21,0.43,20.5,0.45,10.0,0.46,15.0,0.01,0.01,2349.99219,1776276632000
1776276648.17,48.17,0.54,13.36,0.53,25.0,0.56,87.71,0.57,38.5,0.44,92.71,0.43,38.5,0.45,10.0,0.46,15.0,0.02,0.01,2349.99219,1776276632000
1776276648.544,48.544,0.54,13.36,0.53,25.0,0.55,71.63,0.56,55.71,0.44,87.71,0.43,38.5,0.46,13.36,0.47,25.0,0.01,0.02,2349.99219,1776276632000
1776276649.184,49.184,0.53,10.0,0.52,5.0,0.55,107.13,0.56,121.34,0.45,71.63,0.44,55.71,0.46,13.36,0.47,25.0,0.02,0.01,2349.99219,1776276632000
1776276649.536,49.536,0.53,3.8,0.52,5.0,0.54,97.0,0.55,52.13,0.45,102.13,0.44,121.34,0.47,4.8,0.48,5.0,0.01,0.02,2349.99219,1776276632000
1776276650.325,50.325,0.51,20.63,0.5,37.0,0.54,125.0,0.55,52.13,0.46,97.0,0.45,52.13,0.47,3.8,0.48,5.0,0.03,0.01,2349.99219,1776276632000
1776276651.698,51.698,0.49,11.46,0.48,95.5,0.5,32.5,0.51,31.5,0.46,125.0,0.45,52.13,0.51,81.96,0.52,90.0,0.01,0.05,2349.99219,1776276632000
1776276652.274,52.274,0.49,47.45,0.48,80.5,0.5,13.0,0.51,21.0,0.5,17.0,0.49,11.0,0.51,53.95,0.52,70.5,0.01,0.01,2349.99219,1776276632000
1776276653.405,53.405,0.49,57.5,0.48,80.5,0.5,11.0,0.51,17.0,0.5,7.0,0.49,21.0,0.51,45.48,0.52,80.5,0.01,0.01,2349.99219,1776276632000
1776276653.897,53.897,0.49,77.53,0.48,80.5,0.51,37.0,0.52,32.0,0.5,11.0,0.49,17.0,0.51,57.5,0.52,80.5,0.02,0.01,2349.99219,1776276632000
1776276654.357,54.357,0.5,88.5,0.49,79.53,0.51,10.0,0.52,10.0,0.49,37.0,0.48,32.0,0.51,77.53,0.52,80.5,0.01,0.02,2349.99219,1776276632000
1776276656.034,56.034,0.5,145.5,0.49,39.53,0.52,10.0,0.53,35.0,0.49,10.0,0.48,10.0,0.5,88.5,0.51,79.53,0.02,0.01,2349.99219,1776276632000
1776276657.183,57.183,0.55,71.68,0.54,72.5,0.56,85.5,0.57,15.0,0.48,10.0,0.47,35.0,0.49,31.45,0.5,137.5,0.01,0.01,2349.99219,1776276632000
1776276657.61,57.61,0.56,27.0,0.55,52.45,0.57,10.84,0.58,25.0,0.43,25.5,0.42,25.0,0.45,74.45,0.46,72.5,0.01,0.02,2349.99219,1776276632000
1776276658.764,58.764,0.55,15.0,0.54,35.5,0.56,11.94,0.57,65.34,0.43,25.84,0.42,25.0,0.44,22.0,0.45,52.45,0.01,0.01,2349.99219,1776276632000
1776276659.041,59.041,0.55,35.5,0.54,40.5,0.56,10.0,0.57,0.34,0.44,35.21,0.43,20.84,0.45,30.0,0.46,30.0,0.01,0.01,2349.99219,1776276632000
1776276659.672,59.672,0.56,20.5,0.55,150.5,0.6,15.5,0.62,155.0,0.44,10.0,0.43,0.34,0.45,35.5,0.46,40.5,0.04,0.01,2349.99219,1776276632000
1776276659.992,59.992,0.59,58.0,0.58,48.0,0.61,23.0,0.62,150.0,0.4,15.5,0.38,155.0,0.44,20.5,0.45,150.5,0.02,0.04,2349.99219,1776276632000
1776276661.248,61.248,0.61,23.35,0.6,20.0,0.62,165.5,0.63,30.0,0.39,23.0,0.38,150.0,0.41,58.0,0.42,48.0,0.01,0.02,2349.99219,1776276632000
1776276661.583,61.583,0.61,42.78,0.6,42.0,0.62,170.5,0.63,30.0,0.38,165.5,0.37,30.0,0.39,23.35,0.4,20.0,0.01,0.01,2349.99219,1776276632000
1776276662.121,62.121,0.61,40.21,0.6,42.0,0.62,170.5,0.63,97.37,0.38,170.5,0.37,30.0,0.39,42.78,0.4,42.0,0.01,0.01,2349.99219,1776276632000
1776276663.567,63.567,0.61,31.55,0.6,42.0,0.62,175.5,0.63,70.62,0.38,170.5,0.37,97.37,0.39,40.21,0.4,42.0,0.01,0.01,2349.99219,1776276632000
1776276664.61,64.61,0.61,57.42,0.6,52.5,0.62,110.0,0.63,66.12,0.38,175.5,0.37,70.62,0.39,31.55,0.4,42.0,0.01,0.01,2349.99219,1776276632000
1776276665.781,65.781,0.61,57.42,0.6,52.5,0.62,90.81,0.63,66.12,0.38,101.94,0.37,66.12,0.39,57.42,0.4,52.5,0.01,0.01,2349.99219,1776276632000
1776276666.097,66.097,0.59,87.65,0.58,66.5,0.62,80.81,0.63,66.12,0.38,90.81,0.37,66.12,0.39,57.42,0.4,52.5,0.03,0.01,2349.99219,1776276632000
1776276667.349,67.349,0.61,55.39,0.6,30.5,0.62,85.81,0.63,110.5,0.38,80.81,0.37,66.12,0.41,87.65,0.42,66.5,0.01,0.03,2349.99219,1776276632000
1776276667.756,67.756,0.61,180.39,0.6,49.5,0.62,67.74,0.63,25.0,0.38,85.81,0.37,110.5,0.39,55.39,0.4,30.5,0.01,0.01,2349.99219,1776276632000
1776276668.102,68.102,0.64,99.0,0.63,40.0,0.65,25.0,0.66,50.0,0.35,30.0,0.34,50.0,0.39,186.39,0.4,56.5,0.01,0.04,2349.99219,1776276632000
1776276669.798,69.798,0.66,15.0,0.65,50.0,0.67,36.13,0.68,15.0,0.35,25.0,0.34,50.0,0.36,99.0,0.37,40.0,0.01,0.01,2349.99219,1776276632000
1776276670.717,70.717,0.62,50.0,0.61,63.89,0.66,139.5,0.67,31.13,0.33,26.13,0.32,97.46,0.34,4.0,0.35,50.0,0.04,0.01,2349.99219,1776276632000
1776276670.93,70.93,0.6,5.0,0.59,50.0,0.61,30.11,0.62,30.0,0.34,139.5,0.33,31.13,0.38,50.0,0.39,63.89,0.01,0.04,2349.99219,1776276632000
1776276671.196,71.196,0.6,5.0,0.59,50.0,0.61,33.11,0.62,10.0,0.39,30.11,0.38,30.0,0.4,5.0,0.41,50.0,0.01,0.01,2349.99219,1776276632000
1776276672.271,72.271,0.6,12.12,0.59,5.0,0.61,69.61,0.62,36.5,0.39,33.11,0.38,10.0,0.4,5.0,0.41,50.0,0.01,0.01,2349.99219,1776276632000
1776276673.122,73.122,0.6,9.62,0.59,5.0,0.61,89.61,0.62,36.5,0.39,69.61,0.38,36.5,0.4,12.12,0.41,5.0,0.01,0.01,2349.99219,1776276632000
1776276673.322,73.322,0.6,9.62,0.59,5.0,0.61,82.97,0.62,60.5,0.39,82.97,0.38,60.5,0.4,9.62,0.41,5.0,0.01,0.01,2349.99219,1776276632000
1776276673.709,73.709,0.6,4.62,0.59,5.0,0.61,109.79,0.62,60.5,0.39,82.97,0.38,60.5,0.4,9.62,0.41,5.0,0.01,0.01,2349.99219,1776276632000
1776276674.162,74.162,0.58,42.5,0.57,25.5,0.6,31.0,0.61,103.79,0.39,109.79,0.38,54.5,0.41,4.62,0.42,10.5,0.02,0.02,2349.99219,1776276632000
1776276675.833,75.833,0.58,90.11,0.57,30.5,0.59,11.0,0.6,31.0,0.4,31.0,0.39,103.79,0.42,42.5,0.43,25.5,0.01,0.02,2349.99219,1776276632000
1776276677.11,77.11,0.59,103.5,0.58,79.11,0.61,21.47,0.62,39.5,0.4,29.79,0.39,75.97,0.42,90.11,0.43,30.5,0.02,0.02,2349.99219,1776276632000
1776276679.461,79.461,0.6,90.0,0.59,70.5,0.61,16.47,0.62,15.5,0.39,21.47,0.38,39.5,0.41,103.5,0.42,79.11,0.01,0.02,2349.99219,1776276632000
1776276680.062,80.062,0.6,141.0,0.59,126.5,0.61,9.83,0.64,49.5,0.39,14.83,0.38,15.5,0.4,90.0,0.41,70.5,0.01,0.01,2349.99219,1776276632000
1776276681.064,81.064,0.63,118.5,0.62,46.5,0.64,12.92,0.65,20.5,0.36,49.5,0.35,30.5,0.4,161.0,0.41,126.5,0.01,0.04,2349.99219,1776276632000
1776276682.021,82.021,0.64,80.0,0.63,45.5,0.65,15.0,0.66,35.5,0.36,12.92,0.35,20.5,0.37,118.5,0.38,46.5,0.01,0.01,2349.99219,1776276632000
1776276682.375,82.375,0.64,112.96,0.63,56.5,0.65,15.0,0.66,30.0,0.35,15.0,0.34,35.5,0.36,80.0,0.37,45.5,0.01,0.01,2349.99219,1776276632000
1776276683.143,83.143,0.66,45.0,0.64,136.96,0.67,15.5,0.68,40.5,0.35,15.0,0.34,30.0,0.36,112.96,0.37,56.5,0.01,0.01,2349.99219,1776276632000
1776276684.716,84.716,0.66,133.0,0.65,35.5,0.67,15.5,0.68,40.5,0.33,15.5,0.32,40.5,0.34,45.0,0.36,136.96,0.01,0.01,2349.99219,1776276632000
1776276685.343,85.343,0.66,138.0,0.65,35.5,0.67,8.5,0.68,40.5,0.33,15.5,0.32,40.5,0.34,133.0,0.35,35.5,0.01,0.01,2349.99219,1776276632000
1776276687.269,87.269,0.67,103.0,0.66,111.0,0.68,15.5,0.69,80.0,0.33,8.5,0.32,40.5,0.34,138.0,0.35,35.5,0.01,0.01,2349.99219,1776276632000
1776276690.846,90.846,0.68,75.18,0.67,61.0,0.69,70.5,0.7,45.0,0.32,15.5,0.31,80.0,0.33,103.0,0.34,111.0,0.01,0.01,2349.99219,1776276632000
1776276691.492,91.492,0.68,53.52,0.67,61.0,0.69,70.5,0.7,45.0,0.31,70.5,0.3,45.0,0.32,75.18,0.33,61.0,0.01,0.01,2349.99219,1776276632000
1776276695.484,95.484,0.68,41.8,0.67,61.0,0.69,70.5,0.7,50.0,0.31,70.5,0.3,45.0,0.32,53.52,0.33,61.0,0.01,0.01,2349.99219,1776276632000
1776276697.168,97.168,0.68,52.52,0.67,61.0,0.69,15.5,0.7,15.0,0.31,70.5,0.3,50.0,0.32,41.8,0.33,61.0,0.01,0.01,2349.99219,1776276632000
1776276698.135,98.135,0.68,46.52,0.67,61.0,0.69,15.5,0.7,15.0,0.31,15.5,0.3,15.0,0.32,52.52,0.33,61.0,0.01,0.01,2349.99219,1776276632000
1776276698.662,98.662,0.68,45.52,0.67,61.0,0.69,15.5,0.7,15.0,0.31,15.5,0.3,15.0,0.32,46.52,0.33,61.0,0.01,0.01,2349.99219,1776276632000
1776276701.466,101.466,0.68,61.02,0.67,36.0,0.7,12.96,0.71,33.0,0.31,15.5,0.3,15.0,0.32,45.52,0.33,61.0,0.02,0.01,2349.99219,1776276632000
1776276701.787,101.787,0.7,52.0,0.69,15.0,0.71,35.96,0.72,30.0,0.29,30.96,0.28,25.0,0.31,10.0,0.32,56.02,0.01,0.02,2349.99219,1776276632000
1776276702.394,102.394,0.7,42.0,0.69,10.0,0.71,43.96,0.72,30.0,0.29,35.96,0.28,30.0,0.3,52.0,0.31,15.0,0.01,0.01,2349.99219,1776276632000
1776276702.903,102.903,0.7,47.0,0.69,10.0,0.71,35.67,0.72,30.0,0.29,40.6,0.28,30.0,0.3,42.0,0.31,10.0,0.01,0.01,2349.99219,1776276632000
1776276703.372,103.372,0.7,85.0,0.69,36.5,0.72,25.5,0.73,15.5,0.29,34.26,0.28,40.0,0.3,32.0,0.31,10.0,0.02,0.01,2349.99219,1776276632000
1776276704.276,104.276,0.75,10.0,0.74,97.0,0.76,66.5,0.77,30.0,0.28,3.25,0.27,15.5,0.29,70.0,0.3,65.0,0.01,0.01,2349.99219,1776276632000
1776276705.213,105.213,0.78,44.31,0.77,28.0,0.79,5.0,0.8,25.0,0.24,40.44,0.23,30.0,0.25,33.64,0.26,70.0,0.01,0.01,2349.99219,1776276632000
1776276706.166,106.166,0.79,92.0,0.78,29.31,0.81,75.4,0.82,15.0,0.2,30.5,0.19,5.0,0.22,59.31,0.23,28.0,0.02,0.02,2349.99219,1776276632000
1776276706.454,106.454,0.8,80.5,0.79,66.0,0.81,75.4,0.82,39.0,0.19,75.4,0.18,15.0,0.21,92.0,0.22,29.31,0.01,0.02,2349.99219,1776276632000
1776276707.471,107.471,0.8,111.5,0.79,75.0,0.81,54.9,0.82,30.5,0.19,74.16,0.18,39.0,0.2,75.5,0.21,66.0,0.01,0.01,2349.99219,1776276632000
1776276707.684,107.684,0.8,116.5,0.79,85.0,0.81,50.24,0.82,130.5,0.19,54.9,0.18,30.5,0.2,111.5,0.21,75.0,0.01,0.01,2349.99219,1776276632000
1776276708.41,108.41,0.8,10.0,0.79,15.0,0.81,50.35,0.82,145.5,0.19,50.24,0.18,130.5,0.2,116.5,0.21,85.0,0.01,0.01,2349.99219,1776276632000
1776276709.525,109.525,0.79,47.0,0.78,35.0,0.8,51.85,0.81,88.12,0.19,50.35,0.18,145.5,0.2,10.0,0.21,15.0,0.01,0.01,2349.99219,1776276632000
1776276710.009,110.009,0.79,57.5,0.78,45.5,0.8,3.72,0.81,72.62,0.2,51.85,0.19,88.12,0.21,47.0,0.22,35.0,0.01,0.01,2349.99219,1776276632000
1776276710.264,110.264,0.79,142.5,0.78,65.5,0.81,67.31,0.82,144.0,0.2,3.72,0.19,72.62,0.21,57.5,0.22,45.5,0.02,0.01,2349.99219,1776276632000
1776276710.568,110.568,0.8,122.96,0.79,90.5,0.82,144.0,0.83,46.0,0.19,47.31,0.18,144.0,0.2,117.96,0.21,100.5,0.02,0.01,2349.99219,1776276632000
1776276710.885,110.885,0.81,91.2,0.8,85.96,0.82,125.07,0.83,183.83,0.18,125.61,0.17,46.0,0.19,46.73,0.2,85.96,0.01,0.01,2349.99219,1776276632000
1776276711.849,111.849,0.8,6.14,0.79,26.0,0.82,54.57,0.83,219.83,0.18,125.07,0.17,183.83,0.19,90.93,0.2,85.96,0.02,0.01,2349.99219,1776276632000
1776276712.464,112.464,0.81,30.54,0.8,16.14,0.82,111.44,0.83,168.0,0.18,54.57,0.17,219.83,0.2,6.14,0.21,26.0,0.01,0.02,2349.99219,1776276632000
1776276713.06,113.06,0.81,30.54,0.8,16.14,0.83,91.92,0.84,190.3,0.18,111.44,0.17,168.0,0.19,30.54,0.2,16.14,0.02,0.01,2349.99219,1776276632000
1776276713.36,113.36,0.81,16.01,0.8,26.14,0.82,104.51,0.83,205.4,0.18,105.61,0.17,205.4,0.19,21.01,0.2,26.14,0.01,0.01,2349.99219,1776276632000
1776276713.649,113.649,0.81,10.01,0.8,26.14,0.82,110.61,0.83,205.4,0.18,104.51,0.17,205.4,0.19,16.01,0.2,26.14,0.01,0.01,2349.99219,1776276632000
1776276714.29,114.29,0.81,10.01,0.8,31.14,0.82,120.08,0.83,205.4,0.18,110.61,0.17,205.4,0.19,10.01,0.2,26.14,0.01,0.01,2349.99219,1776276632000
1776276714.565,114.565,0.81,1.0,0.8,31.14,0.82,121.83,0.83,205.4,0.18,116.83,0.17,205.4,0.19,10.0,0.2,31.14,0.01,0.01,2349.99219,1776276632000
1776276715.849,115.849,0.81,77.0,0.8,62.64,0.82,108.83,0.83,157.48,0.18,121.83,0.17,205.4,0.19,1.0,0.2,31.14,0.01,0.01,2349.99219,1776276632000
1776276716.16,116.16,0.81,66.0,0.8,62.64,0.82,106.83,0.83,157.48,0.18,106.83,0.17,157.48,0.19,71.0,0.2,62.64,0.01,0.01,2349.99219,1776276632000
1776276716.512,116.512,0.81,61.0,0.8,52.14,0.82,157.92,0.83,157.48,0.18,106.83,0.17,157.48,0.19,66.0,0.2,62.64,0.01,0.01,2349.99219,1776276632000
1776276717.354,117.354,0.81,33.16,0.8,52.14,0.82,52.92,0.83,157.48,0.18,157.92,0.17,157.48,0.19,61.0,0.2,52.14,0.01,0.01,2349.99219,1776276632000
1776276717.575,117.575,0.81,26.89,0.8,52.14,0.82,2.92,0.83,147.48,0.18,52.92,0.17,157.48,0.19,33.16,0.2,52.14,0.01,0.01,2349.99219,1776276632000
1776276717.867,117.867,0.81,20.04,0.8,52.14,0.82,1.32,0.83,147.48,0.18,1.32,0.17,147.48,0.19,26.89,0.2,52.14,0.01,0.01,2349.99219,1776276632000
1776276719.033,119.033,0.81,50.04,0.8,53.64,0.82,1.32,0.83,24.0,0.18,1.32,0.17,147.48,0.19,20.04,0.2,52.14,0.01,0.01,2349.99219,1776276632000
1776276719.254,119.254,0.81,45.04,0.8,53.64,0.83,23.49,0.84,95.66,0.18,1.32,0.17,24.0,0.19,50.04,0.2,53.64,0.02,0.01,2349.99219,1776276632000
1776276720.406,120.406,0.82,55.0,0.81,71.54,0.83,14.39,0.84,95.66,0.17,20.42,0.16,95.66,0.18,20.0,0.19,40.04,0.01,0.01,2349.99219,1776276632000
1776276721.149,121.149,0.83,154.5,0.82,110.5,0.85,70.47,0.87,61.8,0.17,14.39,0.16,95.66,0.18,55.0,0.19,71.54,0.02,0.01,2349.99219,1776276632000
1776276721.511,121.511,0.84,42.68,0.83,105.5,0.85,60.47,0.87,85.8,0.15,70.47,0.13,61.8,0.17,154.5,0.18,110.5,0.01,0.02,2349.99219,1776276632000
1776276721.891,121.891,0.84,37.68,0.83,124.5,0.85,49.47,0.87,85.8,0.15,49.47,0.13,85.8,0.16,37.68,0.17,105.5,0.01,0.01,2349.99219,1776276632000
1776276722.549,122.549,0.84,8.24,0.83,124.5,0.85,9.47,0.87,85.8,0.15,44.47,0.13,85.8,0.16,14.68,0.17,105.5,0.01,0.01,2349.99219,1776276632000
1776276724.236,124.236,0.84,14.24,0.83,40.5,0.85,9.73,0.86,134.9,0.15,6.2,0.14,15.0,0.16,33.24,0.17,116.5,0.01,0.01,2349.99219,1776276632000
1776276724.468,124.468,0.85,45.0,0.84,119.24,0.86,136.58,0.87,101.8,0.15,9.73,0.14,134.9,0.16,14.24,0.17,40.5,0.01,0.01,2349.99219,1776276632000
1776276724.842,124.842,0.85,25.0,0.84,21.71,0.86,132.44,0.87,101.8,0.14,141.58,0.13,101.8,0.16,141.21,0.17,190.5,0.01,0.02,2349.99219,1776276632000
1776276725.352,125.352,0.85,170.53,0.84,126.71,0.86,125.44,0.87,91.8,0.14,132.44,0.13,91.8,0.15,15.53,0.16,21.71,0.01,0.01,2349.99219,1776276632000
1776276725.847,125.847,0.86,195.0,0.85,162.03,0.87,175.05,0.88,105.1,0.14,125.44,0.13,91.8,0.15,170.53,0.16,126.71,0.01,0.01,2349.99219,1776276632000
1776276727.591,127.591,0.86,150.57,0.85,150.03,0.87,30.0,0.88,129.1,0.13,151.05,0.12,129.1,0.14,187.85,0.15,151.03,0.01,0.01,2349.99219,1776276632000
1776276729.561,129.561,0.86,85.57,0.85,57.03,0.87,3.43,0.88,129.1,0.13,30.0,0.12,129.1,0.14,150.57,0.15,150.03,0.01,0.01,2349.99219,1776276632000
1776276731.087,131.087,0.86,96.07,0.85,68.03,0.88,127.09,0.89,66.79,0.13,3.43,0.12,129.1,0.14,85.57,0.15,57.03,0.02,0.01,2349.99219,1776276632000
1776276731.945,131.945,0.87,77.3,0.86,70.93,0.88,116.5,0.89,90.79,0.12,127.09,0.11,66.79,0.14,96.07,0.15,68.03,0.01,0.02,2349.99219,1776276632000
1776276732.331,132.331,0.87,77.3,0.86,102.93,0.88,101.32,0.89,90.79,0.12,116.5,0.11,90.79,0.13,77.3,0.14,70.93,0.01,0.01,2349.99219,1776276632000
1776276734.382,134.382,0.87,107.5,0.86,106.43,0.88,1.67,0.89,54.0,0.12,71.11,0.11,90.79,0.13,93.3,0.14,89.43,0.01,0.01,2349.99219,1776276632000
1776276734.618,134.618,0.87,107.5,0.86,106.43,0.89,50.67,0.9,205.0,0.12,1.67,0.11,54.0,0.13,107.5,0.14,106.43,0.02,0.01,2349.99219,1776276632000
1776276735.931,135.931,0.88,49.31,0.87,66.5,0.89,40.85,0.9,229.0,0.11,50.67,0.1,205.0,0.13,107.5,0.14,106.43,0.01,0.02,2349.99219,1776276632000
1776276738.046,138.046,0.88,15.0,0.87,40.0,0.89,26.85,0.9,229.0,0.11,40.85,0.1,229.0,0.12,49.31,0.13,66.5,0.01,0.01,2349.99219,1776276632000
1776276738.333,138.333,0.88,10.0,0.87,40.0,0.89,20.16,0.9,139.0,0.11,21.85,0.1,129.0,0.13,40.0,0.14,130.5,0.01,0.02,2349.99219,1776276632000
1776276738.888,138.888,0.86,36.19,0.85,45.5,0.87,24.35,0.88,38.91,0.11,30.16,0.1,139.0,0.2,113.16,0.21,129.7,0.01,0.09,2349.99219,1776276632000
1776276740.954,140.954,0.86,85.69,0.85,186.16,0.88,46.95,0.89,31.48,0.13,24.35,0.12,38.91,0.14,36.19,0.15,45.5,0.02,0.01,2349.99219,1776276632000
1776276741.234,141.234,0.85,152.46,0.84,30.0,0.88,27.95,0.89,60.48,0.12,46.95,0.11,31.48,0.14,85.69,0.15,186.16,0.03,0.02,2349.99219,1776276632000
1776276741.98,141.98,0.85,241.16,0.84,38.0,0.86,133.73,0.87,15.0,0.12,27.95,0.11,60.48,0.15,152.46,0.16,30.0,0.01,0.03,2349.99219,1776276632000
1776276742.22,142.22,0.85,246.16,0.84,38.0,0.86,65.79,0.87,10.0,0.14,133.73,0.13,15.0,0.15,241.16,0.16,38.0,0.01,0.01,2349.99219,1776276632000
1776276743.028,143.028,0.87,133.38,0.86,52.5,0.89,49.16,0.9,130.5,0.14,65.79,0.13,10.0,0.15,246.16,0.16,38.0,0.02,0.01,2349.99219,1776276632000
1776276743.705,143.705,0.87,121.61,0.86,52.5,0.88,5.0,0.89,49.16,0.11,49.16,0.1,130.5,0.13,133.38,0.14,52.5,0.01,0.02,2349.99219,1776276632000
1776276744.255,144.255,0.88,108.5,0.87,150.11,0.89,19.64,0.9,110.0,0.12,5.0,0.11,49.16,0.13,121.61,0.14,52.5,0.01,0.01,2349.99219,1776276632000
1776276746.769,146.769,0.89,158.0,0.88,98.0,0.9,7.77,0.91,45.22,0.11,5.05,0.1,110.0,0.12,168.0,0.13,113.11,0.01,0.01,2349.99219,1776276632000
1776276747.113,147.113,0.89,117.0,0.88,98.0,0.9,6.38,0.91,45.22,0.1,7.77,0.09,45.22,0.11,158.0,0.12,98.0,0.01,0.01,2349.99219,1776276632000
1776276747.395,147.395,0.89,117.0,0.88,108.5,0.9,1.38,0.91,45.22,0.1,6.38,0.09,45.22,0.11,117.0,0.12,98.0,0.01,0.01,2349.99219,1776276632000
1776276748.17,148.17,0.9,89.0,0.89,67.0,0.91,5.04,0.92,39.0,0.09,41.36,0.08,15.0,0.11,122.0,0.12,108.5,0.01,0.02,2349.99219,1776276632000
1776276750.844,150.844,0.9,119.0,0.89,67.0,0.92,38.82,0.93,93.03,0.09,5.04,0.08,39.0,0.1,89.0,0.11,67.0,0.02,0.01,2349.99219,1776276632000
1776276751.426,151.426,0.91,4.88,0.9,55.0,0.92,44.04,0.93,93.03,0.08,44.04,0.07,93.03,0.09,21.0,0.1,91.0,0.01,0.01,2349.99219,1776276632000
1776276752.058,152.058,0.91,29.88,0.9,55.0,0.92,42.12,0.93,93.03,0.08,42.4,0.07,93.03,0.09,9.88,0.1,55.0,0.01,0.01,2349.99219,1776276632000
1776276752.789,152.789,0.92,5.75,0.91,54.88,0.93,117.03,0.94,119.8,0.08,42.12,0.07,93.03,0.09,29.88,0.1,55.0,0.01,0.01,2349.99219,1776276632000
1776276753.612,153.612,0.92,50.75,0.91,44.88,0.94,7.33,0.95,281.8,0.07,117.03,0.06,119.8,0.08,5.75,0.09,54.88,0.02,0.01,2349.99219,1776276632000
1776276754.124,154.124,0.92,79.75,0.91,44.88,0.94,72.77,0.95,176.0,0.06,65.0,0.05,251.8,0.08,39.75,0.09,44.88,0.02,0.02,2349.99219,1776276632000
1776276755.113,155.113,0.93,155.0,0.92,171.75,0.94,45.62,0.95,68.0,0.06,72.77,0.05,176.0,0.08,79.75,0.09,44.88,0.01,0.02,2349.99219,1776276632000
1776276755.612,155.612,0.93,155.0,0.92,171.75,0.94,40.62,0.95,168.0,0.06,45.62,0.05,68.0,0.07,155.0,0.08,171.75,0.01,0.01,2349.99219,1776276632000
1776276757.174,157.174,0.94,186.91,0.93,205.0,0.95,227.68,0.96,391.0,0.06,40.62,0.05,168.0,0.07,155.0,0.08,171.75,0.01,0.01,2349.99219,1776276632000
1776276757.458,157.458,0.94,186.91,0.93,205.0,0.95,226.62,0.96,391.0,0.05,227.68,0.04,391.0,0.06,186.91,0.07,205.0,0.01,0.01,2349.99219,1776276632000
1776276758.844,158.844,0.94,243.22,0.93,192.85,0.95,45.42,0.96,121.0,0.05,226.62,0.04,391.0,0.06,186.91,0.07,205.0,0.01,0.01,2349.99219,1776276632000
1776276759.06,159.06,0.94,238.22,0.93,199.85,0.95,2.55,0.96,121.0,0.05,33.95,0.04,121.0,0.06,243.22,0.07,192.85,0.01,0.01,2349.99219,1776276632000
1776276759.439,159.439,0.94,243.22,0.93,199.85,0.96,212.17,0.97,445.7,0.05,2.55,0.04,121.0,0.06,238.22,0.07,199.85,0.02,0.01,2349.99219,1776276632000
1776276760.29,160.29,0.95,191.0,0.94,217.91,0.96,135.33,0.97,445.7,0.04,212.17,0.03,445.7,0.06,243.22,0.07,199.85,0.01,0.02,2349.99219,1776276632000
1776276760.812,160.812,0.95,196.0,0.94,217.91,0.96,130.27,0.97,745.7,0.04,135.33,0.03,445.7,0.05,191.0,0.06,217.91,0.01,0.01,2349.99219,1776276632000
1776276762.729,162.729,0.95,175.0,0.94,179.91,0.96,134.22,0.97,551.7,0.04,130.27,0.03,745.7,0.05,196.0,0.06,217.91,0.01,0.01,2349.99219,1776276632000
1776276763.605,163.605,0.95,210.0,0.94,180.91,0.96,128.17,0.97,851.7,0.04,134.22,0.03,551.7,0.05,175.0,0.06,179.91,0.01,0.01,2349.99219,1776276632000
1776276764.326,164.326,0.95,205.0,0.94,180.91,0.96,26.96,0.97,845.7,0.04,128.17,0.03,851.7,0.05,210.0,0.06,180.91,0.01,0.01,2349.99219,1776276632000
1776276768.845,168.845,0.96,171.0,0.95,179.0,0.97,399.87,0.98,427.24,0.04,26.96,0.03,845.7,0.05,205.0,0.06,180.91,0.01,0.01,2349.99219,1776276632000
1776276769.944,169.944,0.96,211.0,0.95,179.0,0.97,383.03,0.98,427.24,0.03,399.87,0.02,427.24,0.04,171.0,0.05,179.0,0.01,0.01,2349.99219,1776276632000
1776276771.13,171.13,0.96,144.51,0.95,174.4,0.97,233.03,0.98,427.24,0.03,333.03,0.02,427.24,0.04,211.0,0.05,179.0,0.01,0.01,2349.99219,1776276632000
1776276771.374,171.374,0.96,58.0,0.95,74.4,0.97,222.11,0.98,627.24,0.03,233.03,0.02,427.24,0.04,144.51,0.05,174.4,0.01,0.01,2349.99219,1776276632000
1776276772.155,172.155,0.96,27.81,0.95,93.34,0.97,211.95,0.98,727.24,0.03,211.95,0.02,627.24,0.04,33.0,0.05,74.4,0.01,0.01,2349.99219,1776276632000
1776276776.898,176.898,0.96,116.81,0.95,87.34,0.97,127.79,0.98,611.24,0.03,211.95,0.02,727.24,0.04,27.81,0.05,93.34,0.01,0.01,2349.99219,1776276632000
1776276777.128,177.128,0.96,116.81,0.95,87.34,0.97,111.45,0.98,411.24,0.03,127.79,0.02,611.24,0.04,116.81,0.05,87.34,0.01,0.01,2349.99219,1776276632000
1776276780.064,180.064,0.96,86.81,0.95,79.4,0.97,106.45,0.98,722.24,0.03,111.45,0.02,411.24,0.04,116.81,0.05,87.34,0.01,0.01,2349.99219,1776276632000
1776276780.375,180.375,0.96,96.81,0.95,100.4,0.97,101.29,0.98,716.24,0.03,106.45,0.02,722.24,0.04,86.81,0.05,79.4,0.01,0.01,2349.99219,1776276632000
1776276781.001,181.001,0.96,150.0,0.95,156.81,0.97,12.8,0.98,1111.24,0.03,23.11,0.02,1111.24,0.05,160.4,0.06,178.42,0.01,0.02,2349.99219,1776276632000
1776276781.883,181.883,0.97,188.8,0.96,202.5,0.98,929.5,0.99,7734.39,0.02,1108.2,0.01,7634.39,0.03,16.0,0.04,140.0,0.01,0.01,2349.99219,1776276632000
1776276783.467,183.467,0.97,223.8,0.96,197.5,0.98,220.5,0.99,7507.39,0.02,929.5,0.01,7734.39,0.03,188.8,0.04,202.5,0.01,0.01,2349.99219,1776276632000
1776276784.003,184.003,0.97,213.6,0.96,98.5,0.98,195.39,0.99,7907.39,0.02,200.5,0.01,8107.39,0.03,218.6,0.04,202.5,0.01,0.01,2349.99219,1776276632000
1776276791.242,191.242,0.97,107.53,0.96,108.0,0.98,103.89,0.99,7924.1,0.02,186.39,0.01,7507.39,0.03,218.6,0.04,98.5,0.01,0.01,2349.99219,1776276632000
1776276791.528,191.528,0.96,113.0,0.95,183.61,0.97,53.47,0.98,108.89,0.02,103.89,0.01,7924.1,0.03,107.53,0.04,108.0,0.01,0.01,2349.99219,1776276632000
1776276793.089,193.089,0.96,126.89,0.95,188.61,0.97,53.47,0.98,103.89,0.03,53.47,0.02,108.89,0.04,113.0,0.05,183.61,0.01,0.01,2349.99219,1776276632000
1776276794.246,194.246,0.96,44.0,0.95,183.61,0.97,50.69,0.98,103.89,0.03,53.47,0.02,103.89,0.04,126.89,0.05,188.61,0.01,0.01,2349.99219,1776276632000
1776276794.987,194.987,0.96,39.0,0.95,188.61,0.97,50.69,0.98,114.89,0.03,50.69,0.02,103.89,0.04,44.0,0.05,183.61,0.01,0.01,2349.99219,1776276632000
1776276797.436,197.436,0.96,35.0,0.95,188.61,0.97,10.0,0.98,403.89,0.03,50.69,0.02,114.89,0.04,39.0,0.05,188.61,0.01,0.01,2349.99219,1776276632000
1776276798.933,198.933,0.97,40.5,0.96,354.51,0.98,103.89,0.99,7160.49,0.03,10.0,0.02,403.89,0.04,35.0,0.05,188.61,0.01,0.01,2349.99219,1776276632000
1776276801.624,201.624,0.97,302.2,0.96,249.5,0.98,104.99,0.99,7260.49,0.02,103.89,0.01,7160.49,0.03,40.5,0.04,354.51,0.01,0.01,2349.99219,1776276632000
1776276803.361,203.361,0.97,286.2,0.96,224.0,0.98,99.62,0.99,7960.49,0.02,104.99,0.01,7260.49,0.03,302.2,0.04,249.5,0.01,0.01,2349.99219,1776276632000
1776276803.748,203.748,0.97,296.51,0.96,239.5,0.98,89.53,0.99,2960.49,0.02,99.62,0.01,7960.49,0.03,286.2,0.04,224.0,0.01,0.01,2349.99219,1776276632000
1776276804.13,204.13,0.97,274.51,0.96,239.5,0.98,13.03,0.99,2960.49,0.02,89.53,0.01,2960.49,0.03,296.51,0.04,239.5,0.01,0.01,2349.99219,1776276632000
1776276806.026,206.026,0.97,181.81,0.96,224.0,0.98,28.0,0.99,2960.49,0.02,13.03,0.01,2960.49,0.03,274.51,0.04,239.5,0.01,0.01,2349.99219,1776276632000
1776276806.241,206.241,0.97,176.81,0.96,224.0,0.98,26.0,0.99,2960.49,0.02,28.0,0.01,2960.49,0.03,181.81,0.04,224.0,0.01,0.01,2349.99219,1776276632000
1776276806.768,206.768,0.97,305.51,0.96,229.0,0.98,19.97,0.99,2960.49,0.02,26.0,0.01,2960.49,0.03,176.81,0.04,224.0,0.01,0.01,2349.99219,1776276632000
1776276812.108,212.108,0.97,80.81,0.96,256.0,0.98,15.88,0.99,2660.49,0.02,19.97,0.01,2960.49,0.03,305.51,0.04,229.0,0.01,0.01,2349.99219,1776276632000
1776276812.562,212.562,0.97,102.81,0.96,234.0,0.99,2722.99,,,0.02,15.88,0.01,2660.49,0.03,80.81,0.04,256.0,0.02,0.01,2349.99219,1776276632000
1776276813.326,213.326,0.98,117.0,0.97,160.81,0.99,2805.49,,,0.01,2722.99,,,0.03,102.81,0.04,234.0,0.01,0.02,2349.99219,1776276632000
1776276814.129,214.129,0.98,114.93,0.97,279.51,0.99,2803.47,,,0.01,2803.47,,,0.02,117.0,0.03,160.81,0.01,0.01,2349.99219,1776276632000
1776276815.732,215.732,0.98,107.0,0.97,145.81,0.99,2758.47,,,0.01,2803.47,,,0.02,114.93,0.03,279.51,0.01,0.01,2349.99219,1776276632000
1776276819.396,219.396,0.98,35.0,0.97,145.81,0.99,2708.47,,,0.01,2758.47,,,0.02,107.0,0.03,145.81,0.01,0.01,2349.99219,1776276632000
1776276822.55,222.55,0.98,92.0,0.97,523.91,0.99,2007.47,,,0.01,2708.47,,,0.02,35.0,0.03,145.81,0.01,0.01,2349.99219,1776276632000
1776276825.339,225.339,0.98,82.0,0.97,528.91,0.99,2005.45,,,0.01,2007.47,,,0.02,92.0,0.03,523.91,0.01,0.01,2349.99219,1776276632000
1776276826.385,226.385,0.98,82.0,0.97,527.91,0.99,1999.43,,,0.01,2005.45,,,0.02,82.0,0.03,528.91,0.01,0.01,2349.99219,1776276632000
1776276826.694,226.694,0.98,82.0,0.97,527.91,0.99,1996.37,,,0.01,1997.39,,,0.02,82.0,0.03,527.91,0.01,0.01,2349.99219,1776276632000
1776276827.261,227.261,0.98,79.98,0.97,517.6,0.99,2396.37,,,0.01,1996.37,,,0.02,82.0,0.03,527.91,0.01,0.01,2349.99219,1776276632000
1776276829.447,229.447,0.98,58.98,0.97,432.6,0.99,2176.37,,,0.01,2396.37,,,0.02,79.98,0.03,517.6,0.01,0.01,2349.99219,1776276632000
1776276832.212,232.212,0.98,306.87,0.97,432.6,0.99,1675.35,0.999,70.0,0.01,2176.37,,,0.02,58.98,0.03,432.6,0.01,0.01,2349.99219,1776276632000
1776276832.689,232.689,0.981,10.5,0.98,301.87,0.99,1630.32,0.999,170.0,0.01,1680.35,0.001,70.0,0.02,306.87,0.03,432.6,0.009,0.01,2349.99219,1776276632000
1776276833.02,233.02,0.986,10.5,0.985,10.5,0.99,1629.3,0.999,190.0,0.01,1630.32,0.001,170.0,0.019,10.5,0.02,301.87,0.004,0.009,2349.99219,1776276632000
1776276833.404,233.404,0.989,15.5,0.988,15.5,0.99,1517.08,0.999,190.0,0.01,1629.3,0.001,190.0,0.014,10.5,0.015,10.5,0.001,0.004,2349.99219,1776276632000
1776276834.064,234.064,0.989,5.0,0.988,15.5,0.99,1491.88,0.999,190.0,0.01,1512.08,0.001,190.0,0.011,5.0,0.012,15.5,0.001,0.001,2349.99219,1776276632000
1776276834.282,234.282,0.989,5.0,0.988,15.5,0.99,1486.88,0.999,190.0,0.01,1492.88,0.001,190.0,0.011,5.0,0.012,15.5,0.001,0.001,2349.99219,1776276632000
1776276834.559,234.559,0.989,5.0,0.988,15.5,0.99,1476.86,0.998,200.0,0.01,1477.88,0.002,200.0,0.011,5.0,0.012,15.5,0.001,0.001,2349.99219,1776276632000
1776276834.903,234.903,0.989,5.0,0.988,5.0,0.99,1473.8,0.998,200.0,0.01,1474.82,0.002,200.0,0.011,5.0,0.012,15.5,0.001,0.001,2349.99219,1776276632000
1776276837.609,237.609,0.989,15.0,0.988,5.0,0.99,1442.78,0.998,200.0,0.01,1472.78,0.002,200.0,0.011,5.0,0.012,5.0,0.001,0.001,2349.99219,1776276632000
1776276837.94,237.94,0.989,15.0,0.988,5.0,0.99,920.78,0.998,200.0,0.01,1420.78,0.002,200.0,0.011,15.0,0.012,5.0,0.001,0.001,2349.99219,1776276632000
1776276838.38,238.38,0.989,15.0,0.988,5.0,0.99,589.12,0.998,200.0,0.01,920.78,0.002,200.0,0.011,15.0,0.012,5.0,0.001,0.001,2349.99219,1776276632000
1776276838.655,238.655,0.989,15.0,0.988,5.0,0.99,281.68,0.998,200.0,0.01,283.68,0.002,200.0,0.011,15.0,0.012,5.0,0.001,0.001,2349.99219,1776276632000
1776276838.875,238.875,0.99,23.32,0.989,15.0,0.998,200.0,0.999,345.0,0.01,281.68,0.002,200.0,0.011,15.0,0.012,5.0,0.008,0.001,2349.99219,1776276632000
1776276839.133,239.133,0.995,10.0,0.99,465.16,0.998,150.4,0.999,345.0,0.002,200.0,0.001,345.0,0.01,23.32,0.011,15.0,0.003,0.008,2349.99219,1776276632000
1776276839.986,239.986,0.995,10.0,0.99,506.1,0.997,4.99,0.998,150.4,0.002,150.4,0.001,345.0,0.005,10.0,0.01,465.16,0.002,0.003,2349.99219,1776276632000
1776276840.303,240.303,0.99,509.1,0.98,287.89,0.997,3.98,0.998,150.4,0.003,3.98,0.002,150.4,0.005,10.0,0.01,511.1,0.007,0.002,2349.99219,1776276632000
1776276840.598,240.598,0.99,859.7,0.98,287.89,0.995,4.0,0.997,3.98,0.003,3.98,0.002,150.4,0.01,509.1,0.02,287.89,0.005,0.007,2349.99219,1776276632000
1776276841.31,241.31,0.99,900.86,0.98,387.89,0.998,150.34,0.999,945.0,0.005,4.0,0.003,3.98,0.01,859.7,0.02,287.89,0.008,0.005,2349.99219,1776276632000
1776276844.24,244.24,0.995,10.0,0.99,1107.9,0.998,147.82,0.999,945.0,0.002,148.83,0.001,945.0,0.01,900.86,0.02,387.89,0.003,0.008,2349.99219,1776276632000
1776276844.798,244.798,0.995,10.0,0.99,1122.9,0.998,12.75,0.999,945.0,0.002,47.82,0.001,945.0,0.005,10.0,0.01,1107.9,0.003,0.003,2349.99219,1776276632000
1776276845.573,245.573,0.995,5.03,0.99,1120.98,0.998,11.74,0.999,970.0,0.002,12.75,0.001,945.0,0.005,5.03,0.01,1112.9,0.003,0.003,2349.99219,1776276632000
1776276846.288,246.288,0.995,5.03,0.99,1120.98,0.999,941.68,,,0.002,6.73,0.001,970.0,0.005,5.03,0.01,1120.98,0.004,0.003,2349.99219,1776276632000
1776276848.465,248.465,0.996,3.5,0.995,42.03,0.999,941.68,,,0.001,941.68,,,0.005,5.03,0.01,1120.98,0.003,0.004,2349.99219,1776276632000
1776276855.924,255.924,0.996,54.65,0.995,42.03,0.999,791.53,,,0.001,941.68,,,0.004,3.5,0.005,42.03,0.003,0.003,2349.99219,1776276632000
1776276859.239,259.239,0.996,203.46,0.995,42.03,0.999,756.49,,,0.001,791.53,,,0.004,54.65,0.005,42.03,0.003,0.003,2349.99219,1776276632000
1776276860.747,260.747,0.996,200.44,0.995,42.03,0.999,756.49,,,0.001,756.49,,,0.004,203.46,0.005,42.03,0.003,0.003,2349.99219,1776276632000
1776276861.972,261.972,0.996,199.96,0.995,42.03,0.999,721.45,,,0.001,756.49,,,0.004,200.44,0.005,42.03,0.003,0.003,2349.99219,1776276632000
1776276870.505,270.505,0.996,197.27,0.995,42.03,0.999,471.45,,,0.001,721.45,,,0.004,199.96,0.005,42.03,0.003,0.003,2349.99219,1776276632000
1776276872.756,272.756,0.996,197.27,0.995,42.03,0.999,436.41,,,0.001,471.45,,,0.004,197.27,0.005,42.03,0.003,0.003,2349.99219,1776276632000
1776276873.258,273.258,0.999,3571.6,0.996,197.27,,,,,0.001,436.41,,,0.004,197.27,0.005,42.03,,0.003,2349.99219,1776276632000
1776276885.51,285.51,0.999,7613.97,0.996,197.27,,,,,,,,,0.001,3571.6,0.004,197.27,,,2349.99219,1776276632000

# RESULT,winner=Up,slug=eth-updown-5m-1776276600,ticks=287
