timestamp,elapsed_sec,up_bid_p1,up_bid_s1,up_bid_p2,up_bid_s2,up_ask_p1,up_ask_s1,up_ask_p2,up_ask_s2,down_bid_p1,down_bid_s1,down_bid_p2,down_bid_s2,down_ask_p1,down_ask_s1,down_ask_p2,down_ask_s2,up_spread,down_spread,eth_price,eth_oracle_ts
1776352800.767,0.767,0.46,10.05,0.45,8.88,0.49,18.98,0.5,5.0,0.52,10.0,0.51,29.6,0.54,10.05,0.55,8.88,0.03,0.02,2322.852875,1776352799000
1776352801.344,1.344,0.5,10.0,0.49,5.0,0.52,100.0,0.54,75.0,0.49,5.0,0.48,100.0,0.54,10.05,0.55,8.88,0.02,0.05,2323.03497,1776352800000
1776352801.953,1.953,0.51,5.0,0.5,7.8,0.52,94.72,0.54,75.0,0.48,98.07,0.46,75.0,0.5,7.8,0.51,10.0,0.01,0.02,2323.03497,1776352800000
1776352802.657,2.657,0.51,10.0,0.5,5.0,0.52,94.23,0.54,75.0,0.48,91.31,0.46,75.0,0.49,5.0,0.5,7.8,0.01,0.01,2323.16981,1776352801000
1776352802.903,2.903,0.49,10.0,0.48,10.0,0.52,89.23,0.54,75.0,0.48,89.23,0.46,75.0,0.5,5.0,0.51,10.0,0.03,0.02,2323.16981,1776352801000
1776352803.446,3.446,0.49,5.0,0.48,10.0,0.51,6.0,0.52,94.23,0.48,89.23,0.46,75.0,0.51,10.0,0.52,10.0,0.02,0.03,2323.47878,1776352802000
1776352803.727,3.727,0.49,10.4,0.48,20.0,0.51,6.0,0.52,89.23,0.49,6.0,0.48,94.23,0.51,5.0,0.52,10.0,0.02,0.02,2323.47878,1776352802000
1776352804.317,4.317,0.5,25.0,0.49,35.0,0.52,75.88,0.54,80.0,0.49,6.0,0.48,89.23,0.51,10.4,0.52,20.0,0.02,0.02,2323.47591,1776352803000
1776352805.23,5.23,0.51,27.79,0.5,20.0,0.52,80.88,0.54,80.0,0.48,75.88,0.46,80.0,0.5,25.0,0.51,35.0,0.01,0.02,2323.50923,1776352804000
1776352805.562,5.562,0.51,27.0,0.5,20.0,0.52,86.08,0.54,80.0,0.48,80.88,0.46,80.0,0.49,27.79,0.5,20.0,0.01,0.01,2323.50923,1776352804000
1776352806.92,6.92,0.51,37.0,0.5,25.0,0.52,87.23,0.54,80.0,0.48,86.08,0.46,80.0,0.49,27.0,0.5,20.0,0.01,0.01,2323.462455,1776352805000
1776352807.315,7.315,0.51,32.0,0.5,25.0,0.52,87.23,0.53,5.0,0.48,87.23,0.46,80.0,0.49,37.0,0.5,25.0,0.01,0.01,2323.461575,1776352806000
1776352807.772,7.772,0.51,13.1,0.5,20.0,0.52,87.23,0.53,15.0,0.48,87.23,0.47,5.0,0.49,32.0,0.5,25.0,0.01,0.01,2323.461575,1776352806000
1776352809.955,9.955,0.51,48.6,0.5,20.0,0.52,52.23,0.53,15.5,0.48,113.23,0.47,60.88,0.49,13.1,0.5,25.0,0.01,0.01,2323.494652,1776352808000
1776352810.178,10.178,0.51,58.6,0.5,30.0,0.53,15.5,0.54,105.5,0.48,46.46,0.47,10.5,0.49,43.6,0.5,20.0,0.02,0.01,2323.309031,1776352809000
1776352811.352,11.352,0.52,25.0,0.51,33.6,0.53,95.06,0.54,105.5,0.47,20.5,0.46,105.5,0.48,30.0,0.49,48.6,0.01,0.01,2323.30683,1776352810000
1776352813.496,13.496,0.52,15.0,0.51,38.6,0.53,74.56,0.54,100.5,0.47,95.06,0.46,105.5,0.48,25.0,0.49,33.6,0.01,0.01,2323.389235,1776352812000
1776352813.72,13.72,0.52,5.0,0.51,43.41,0.53,74.56,0.54,100.5,0.47,74.56,0.46,100.5,0.48,15.0,0.49,38.6,0.01,0.01,2323.389235,1776352812000
1776352814.863,14.863,0.52,9.3,0.51,23.6,0.53,79.56,0.54,110.5,0.47,74.56,0.46,100.5,0.48,5.0,0.49,43.41,0.01,0.01,2323.415272,1776352813000
1776352815.063,15.063,0.52,4.3,0.51,23.6,0.53,69.56,0.54,110.5,0.47,79.56,0.46,110.5,0.48,9.3,0.49,23.6,0.01,0.01,2323.35062,1776352814000
1776352816.761,16.761,0.49,35.0,0.48,137.34,0.52,82.5,0.53,60.5,0.47,69.56,0.46,110.5,0.48,4.3,0.49,23.6,0.03,0.01,2323.34214,1776352815000
1776352817.684,17.684,0.49,59.73,0.48,125.5,0.5,70.0,0.51,269.44,0.48,82.5,0.47,60.5,0.51,35.0,0.52,137.34,0.01,0.03,2323.34214,1776352816000
1776352817.885,17.885,0.49,68.56,0.48,125.5,0.5,66.62,0.51,269.44,0.5,66.62,0.49,269.44,0.51,94.73,0.52,125.5,0.01,0.01,2323.34214,1776352816000
1776352818.438,18.438,0.5,245.5,0.49,171.56,0.51,49.44,0.52,15.0,0.5,66.62,0.49,269.44,0.51,68.56,0.52,125.5,0.01,0.01,2323.282555,1776352817000
1776352818.729,18.729,0.56,65.0,0.55,30.5,0.57,25.0,0.59,32.45,0.45,10.0,0.44,65.0,0.47,9.43,0.49,72.03,0.01,0.02,2323.282555,1776352817000
1776352819.03,19.03,0.58,47.9,0.57,25.5,0.59,0.21,0.6,50.0,0.41,25.21,0.4,50.0,0.42,10.0,0.43,25.5,0.01,0.01,2323.282555,1776352817000
1776352819.319,19.319,0.62,10.0,0.61,15.0,0.63,59.6,0.64,158.5,0.37,69.6,0.36,150.5,0.4,15.0,0.41,10.0,0.01,0.03,2323.147875,1776352818000
1776352819.64,19.64,0.62,28.41,0.61,15.0,0.63,28.17,0.64,158.5,0.37,59.6,0.36,158.5,0.38,23.41,0.39,15.0,0.01,0.01,2323.147875,1776352818000
1776352820.087,20.087,0.62,11.68,0.61,20.0,0.63,7.03,0.64,158.5,0.37,31.03,0.36,158.5,0.38,11.68,0.39,20.0,0.01,0.01,2323.147875,1776352818000
1776352820.684,20.684,0.62,5.89,0.61,20.0,0.63,7.03,0.64,158.5,0.37,7.03,0.36,158.5,0.38,11.68,0.39,20.0,0.01,0.01,2323.20396,1776352819000
1776352821.6,21.6,0.61,15.09,0.6,35.0,0.64,159.93,0.65,93.0,0.37,7.03,0.36,158.5,0.38,5.89,0.39,20.0,0.03,0.01,2324.327875,1776352820000
1776352821.883,21.883,0.62,7.1,0.61,15.09,0.63,78.16,0.64,169.93,0.36,159.93,0.35,93.0,0.39,15.09,0.4,35.0,0.01,0.03,2324.327875,1776352820000
1776352822.171,22.171,0.61,13.8,0.6,35.0,0.63,78.16,0.64,169.93,0.37,78.16,0.36,169.93,0.38,1.31,0.39,15.09,0.02,0.01,2324.40895,1776352821000
1776352822.84,22.84,0.63,15.0,0.62,168.0,0.64,9.93,0.67,25.0,0.37,78.16,0.36,159.93,0.39,10.97,0.4,35.0,0.01,0.02,2324.40895,1776352821000
1776352823.181,23.181,0.7,16.0,0.69,26.0,0.71,58.45,0.72,8.0,0.29,60.0,0.28,18.0,0.3,16.0,0.31,16.0,0.01,0.01,2324.40895,1776352821000
1776352823.456,23.456,0.7,21.0,0.69,26.0,0.71,13.45,0.74,82.0,0.29,63.45,0.26,82.0,0.3,21.0,0.31,26.0,0.01,0.01,2324.38596,1776352822000
1776352823.679,23.679,0.7,12.66,0.69,26.0,0.74,94.0,0.76,140.0,0.26,82.0,0.24,150.0,0.3,12.66,0.31,26.0,0.04,0.04,2324.38596,1776352822000
1776352824.396,24.396,0.72,135.0,0.71,115.0,0.74,187.0,0.75,115.0,0.26,94.0,0.24,140.0,0.3,12.66,0.31,26.0,0.02,0.04,2324.448775,1776352823000
1776352825.965,25.965,0.72,130.0,0.71,110.0,0.73,128.39,0.74,227.0,0.26,187.0,0.25,115.0,0.28,135.0,0.29,115.0,0.01,0.02,2325.44208,1776352825000
1776352826.186,26.186,0.72,126.07,0.71,110.0,0.73,129.39,0.74,232.0,0.27,128.39,0.26,227.0,0.28,126.07,0.29,110.0,0.01,0.01,2325.44208,1776352825000
1776352827.227,27.227,0.72,54.07,0.71,130.0,0.73,143.39,0.74,227.0,0.27,129.39,0.26,232.0,0.28,126.07,0.29,110.0,0.01,0.01,2325.44208,1776352825000
1776352827.841,27.841,0.72,90.5,0.71,55.0,0.73,8.46,0.74,66.0,0.27,143.39,0.26,227.0,0.28,54.07,0.29,130.0,0.01,0.01,2325.491035,1776352826000
1776352828.278,28.278,0.73,48.48,0.72,114.5,0.74,111.51,0.75,20.5,0.26,151.01,0.25,20.5,0.28,139.2,0.29,110.0,0.01,0.02,2325.491035,1776352826000
1776352828.605,28.605,0.73,64.48,0.72,114.5,0.74,104.65,0.75,20.5,0.26,111.51,0.25,20.5,0.27,48.48,0.28,114.5,0.01,0.01,2325.50132,1776352827000
1776352829.717,29.717,0.73,64.48,0.72,50.0,0.76,65.49,0.77,78.0,0.26,104.65,0.25,20.5,0.27,64.48,0.28,114.5,0.03,0.01,2325.50132,1776352827000
1776352830.135,30.135,0.76,22.0,0.75,27.0,0.77,36.0,0.78,74.36,0.23,8.0,0.22,11.0,0.24,13.82,0.25,33.0,0.01,0.01,2325.598183,1776352829000
1776352830.386,30.386,0.76,27.13,0.75,27.0,0.77,43.46,0.78,79.36,0.23,64.46,0.22,79.36,0.24,32.0,0.25,27.0,0.01,0.01,2325.598183,1776352829000
1776352830.822,30.822,0.76,28.54,0.75,68.0,0.78,76.36,0.79,252.0,0.23,34.96,0.22,169.36,0.24,18.54,0.25,52.0,0.02,0.01,2325.598183,1776352829000
1776352831.398,31.398,0.77,46.0,0.76,20.0,0.78,47.87,0.79,137.0,0.22,64.87,0.21,252.0,0.23,10.0,0.24,22.0,0.01,0.01,2325.784088,1776352830000
1776352832.009,32.009,0.78,41.0,0.77,40.0,0.79,97.97,0.8,121.81,0.21,137.0,0.2,21.0,0.23,46.0,0.24,59.0,0.01,0.02,2325.784088,1776352830000
1776352832.234,32.234,0.78,75.0,0.77,75.0,0.8,54.36,0.81,118.0,0.2,55.61,0.19,118.0,0.22,65.0,0.23,75.0,0.02,0.02,2325.980775,1776352831000
1776352832.85,32.85,0.78,85.0,0.77,109.0,0.8,54.36,0.81,93.0,0.2,54.36,0.19,118.0,0.22,90.0,0.23,75.0,0.02,0.02,2325.980775,1776352831000
1776352833.068,33.068,0.78,54.59,0.77,109.0,0.79,12.23,0.8,64.36,0.2,54.36,0.19,93.0,0.22,85.0,0.23,109.0,0.01,0.02,2326.171735,1776352832000
1776352833.35,33.35,0.78,90.09,0.77,105.5,0.79,12.23,0.8,64.36,0.21,12.23,0.2,64.36,0.22,54.59,0.23,109.0,0.01,0.01,2326.171735,1776352832000
1776352833.651,33.651,0.78,110.09,0.77,105.5,0.8,44.36,0.82,303.0,0.21,6.23,0.2,54.36,0.22,115.09,0.23,105.5,0.02,0.01,2326.171735,1776352832000
1776352833.905,33.905,0.79,21.76,0.78,99.09,0.8,5.86,0.82,303.0,0.2,26.36,0.18,303.0,0.21,16.76,0.22,74.09,0.01,0.01,2326.33644,1776352833000
1776352834.247,34.247,0.79,16.52,0.78,104.09,0.8,5.0,0.81,10.0,0.2,5.86,0.18,303.0,0.21,21.76,0.22,99.09,0.01,0.01,2326.33644,1776352833000
1776352834.532,34.532,0.8,8.75,0.79,106.52,0.81,10.0,0.82,198.0,0.2,3.75,0.19,10.0,0.21,71.52,0.22,74.09,0.01,0.01,2326.33644,1776352833000
1776352835.009,35.009,0.79,67.37,0.78,69.09,0.81,40.5,0.82,208.5,0.19,15.0,0.18,198.0,0.2,23.25,0.21,94.52,0.02,0.01,2326.407675,1776352834000
1776352835.27,35.27,0.79,43.0,0.78,44.09,0.82,207.4,0.83,118.0,0.19,70.5,0.18,208.5,0.21,43.56,0.22,44.09,0.03,0.02,2326.407675,1776352834000
1776352835.736,35.736,0.8,4.5,0.79,54.76,0.81,10.0,0.82,217.4,0.19,10.0,0.18,247.4,0.21,54.76,0.22,74.09,0.01,0.02,2326.407675,1776352834000
1776352836.087,36.087,0.79,69.3,0.78,79.09,0.81,15.0,0.82,217.4,0.19,10.0,0.18,217.4,0.2,4.5,0.21,54.76,0.02,0.01,2326.6679,1776352835000
1776352836.702,36.702,0.8,35.0,0.79,69.3,0.81,8.82,0.82,217.4,0.19,15.0,0.18,217.4,0.21,69.3,0.22,79.09,0.01,0.02,2326.6679,1776352835000
1776352837.007,37.007,0.8,60.0,0.79,109.3,0.81,3.0,0.82,147.4,0.19,8.82,0.18,217.4,0.2,35.0,0.21,69.3,0.01,0.01,2326.6679,1776352835000
1776352837.364,37.364,0.81,28.36,0.8,30.0,0.82,147.4,0.83,138.0,0.18,147.4,0.17,138.0,0.19,5.0,0.2,80.0,0.01,0.01,2326.616131,1776352836000
1776352837.597,37.597,0.81,15.62,0.8,25.0,0.82,152.4,0.83,138.0,0.18,147.4,0.17,138.0,0.19,28.36,0.2,30.0,0.01,0.01,2326.616131,1776352836000
1776352838.534,38.534,0.8,51.0,0.79,97.5,0.82,153.4,0.83,143.0,0.18,152.4,0.17,138.0,0.19,15.62,0.2,25.0,0.02,0.01,2326.61066,1776352837000
1776352838.986,38.986,0.8,893.56,0.79,20.0,0.81,203.7,0.82,239.4,0.18,153.4,0.17,143.0,0.2,51.0,0.21,97.5,0.01,0.02,2326.61066,1776352837000
1776352839.203,39.203,0.78,28.09,0.77,71.5,0.79,2.52,0.8,91.75,0.2,67.25,0.19,129.41,0.21,18.0,0.22,47.59,0.01,0.01,2326.68541,1776352838000
1776352839.776,39.776,0.78,30.0,0.77,66.0,0.79,170.86,0.8,144.25,0.21,2.52,0.2,91.75,0.22,28.09,0.23,71.5,0.01,0.01,2326.68541,1776352838000
1776352840.736,40.736,0.76,10.0,0.75,90.0,0.78,287.91,0.79,174.5,0.21,170.86,0.2,144.25,0.22,30.0,0.23,66.0,0.02,0.01,2326.733415,1776352839000
1776352841.272,41.272,0.75,45.0,0.74,25.0,0.76,189.18,0.77,199.5,0.22,287.91,0.21,174.5,0.24,10.0,0.25,90.0,0.01,0.02,2326.733415,1776352839000
1776352841.673,41.673,0.73,60.0,0.72,25.0,0.74,161.71,0.75,225.5,0.24,169.18,0.23,194.5,0.27,115.0,0.28,35.0,0.01,0.03,2326.646405,1776352840000
1776352842.88,42.88,0.71,6.0,0.7,130.5,0.72,168.51,0.73,235.5,0.26,184.35,0.25,225.5,0.27,60.0,0.28,25.0,0.01,0.01,2326.170859,1776352841000
1776352843.408,43.408,0.71,6.0,0.7,120.0,0.72,168.51,0.73,235.5,0.28,168.51,0.27,235.5,0.29,6.0,0.3,130.5,0.01,0.01,2326.170859,1776352841000
1776352843.616,43.616,0.71,17.31,0.7,120.0,0.72,168.51,0.73,235.5,0.28,168.51,0.27,235.5,0.29,6.0,0.3,120.0,0.01,0.01,2325.584908,1776352842000
1776352845.276,45.276,0.69,60.0,0.68,120.0,0.7,185.5,0.71,190.5,0.28,156.7,0.27,235.5,0.29,27.31,0.3,120.0,0.01,0.01,2325.297648,1776352844000
1776352845.515,45.515,0.69,78.0,0.68,130.5,0.7,133.57,0.71,160.5,0.3,185.5,0.29,190.5,0.31,60.0,0.32,120.0,0.01,0.01,2325.297648,1776352844000
1776352846.067,46.067,0.69,35.0,0.68,120.0,0.7,184.07,0.71,160.5,0.3,133.57,0.29,160.5,0.31,78.0,0.32,130.5,0.01,0.01,2325.297648,1776352844000
1776352846.662,46.662,0.69,35.0,0.68,120.0,0.7,173.92,0.71,160.5,0.3,184.07,0.29,160.5,0.31,35.0,0.32,120.0,0.01,0.01,2325.134525,1776352845000
1776352847.899,47.899,0.68,95.0,0.67,25.5,0.7,188.92,0.71,160.5,0.3,173.92,0.29,160.5,0.31,35.0,0.32,120.0,0.02,0.01,2324.976833,1776352846000
1776352848.702,48.702,0.68,35.0,0.67,15.0,0.69,190.5,0.7,120.5,0.3,188.92,0.29,160.5,0.32,95.0,0.33,25.5,0.01,0.02,2324.976833,1776352847000
1776352850.082,50.082,0.68,8.43,0.67,10.0,0.69,175.5,0.7,159.5,0.31,190.5,0.3,120.5,0.32,35.0,0.33,15.0,0.01,0.01,2324.996619,1776352849000
1776352851.191,51.191,0.66,180.5,0.65,36.5,0.67,40.0,0.68,183.0,0.31,175.5,0.3,159.5,0.34,150.0,0.35,25.0,0.01,0.03,2324.961101,1776352850000
1776352853.094,53.094,0.67,226.5,0.66,250.5,0.68,79.0,0.69,70.0,0.33,40.0,0.32,183.0,0.34,180.5,0.35,36.5,0.01,0.01,2324.753225,1776352852000
1776352853.877,53.877,0.67,226.5,0.66,245.5,0.69,70.0,0.7,35.1,0.32,32.0,0.31,70.0,0.33,231.5,0.34,245.5,0.02,0.01,2324.753225,1776352852000
1776352854.134,54.134,0.68,97.5,0.67,175.5,0.69,65.0,0.7,35.1,0.31,70.0,0.3,35.1,0.33,226.5,0.34,245.5,0.01,0.02,2324.748597,1776352853000
1776352854.407,54.407,0.68,92.5,0.67,170.5,0.69,60.0,0.7,35.1,0.31,65.0,0.3,35.1,0.32,97.5,0.33,175.5,0.01,0.01,2324.748597,1776352853000
1776352855.683,55.683,0.67,10.5,0.66,216.5,0.69,114.0,0.7,52.6,0.31,60.0,0.3,35.1,0.32,92.5,0.33,170.5,0.02,0.01,2324.9569,1776352854000
1776352858.886,58.886,0.76,5.0,0.75,56.5,0.77,50.0,0.79,46.5,0.31,114.0,0.3,52.6,0.33,10.5,0.34,216.5,0.01,0.02,2325.019447,1776352857000
1776352859.579,59.579,0.78,22.0,0.77,10.0,0.79,26.0,0.8,85.0,0.23,50.0,0.21,46.5,0.24,5.0,0.25,56.5,0.01,0.01,2325.555055,1776352858000
1776352860.39,60.39,0.78,15.0,0.77,20.5,0.79,30.99,0.8,75.5,0.21,26.0,0.2,85.0,0.22,22.0,0.23,10.0,0.01,0.01,2325.88914,1776352859000
1776352861.373,61.373,0.78,15.0,0.77,10.0,0.79,38.5,0.8,85.5,0.21,20.73,0.2,75.5,0.22,15.0,0.23,20.5,0.01,0.01,2325.920585,1776352860000
1776352861.705,61.705,0.77,2.86,0.76,5.0,0.78,71.3,0.79,25.5,0.21,38.5,0.2,85.5,0.23,2.86,0.24,5.0,0.01,0.02,2325.920585,1776352860000
1776352863.015,63.015,0.75,30.0,0.74,30.5,0.76,55.0,0.77,20.5,0.22,65.91,0.21,30.5,0.23,2.86,0.24,5.0,0.01,0.01,2326.03605,1776352861000
1776352864.366,64.366,0.75,83.5,0.74,30.5,0.76,22.86,0.77,5.0,0.24,55.0,0.23,20.5,0.25,30.0,0.26,30.5,0.01,0.01,2325.876365,1776352862000
1776352865.005,65.005,0.75,14.0,0.74,20.0,0.76,88.36,0.77,120.5,0.24,22.86,0.23,5.0,0.25,83.5,0.26,30.5,0.01,0.01,2325.739065,1776352863000
1776352866.301,66.301,0.75,12.0,0.74,50.7,0.76,15.0,0.77,90.5,0.24,88.36,0.23,120.5,0.26,20.0,0.27,60.5,0.01,0.02,2325.721032,1776352865000
1776352866.829,66.829,0.75,66.0,0.74,26.5,0.76,0.4,0.77,90.5,0.24,0.4,0.23,90.5,0.25,78.0,0.26,45.7,0.01,0.01,2325.721032,1776352865000
1776352867.854,67.854,0.76,68.86,0.75,48.82,0.77,84.34,0.78,60.5,0.23,88.84,0.22,50.0,0.25,58.32,0.26,26.5,0.01,0.02,2325.568674,1776352866000
1776352868.231,68.231,0.76,53.36,0.75,23.82,0.77,74.34,0.78,40.0,0.23,84.34,0.22,60.5,0.24,68.86,0.25,48.82,0.01,0.01,2325.568674,1776352866000
1776352870.751,70.751,0.76,20.86,0.75,58.0,0.77,139.84,0.78,65.5,0.23,74.34,0.22,40.0,0.24,43.36,0.25,23.82,0.01,0.01,2325.64733,1776352869000
1776352873.854,73.854,0.78,127.5,0.77,83.5,0.79,2.0,0.8,95.0,0.23,94.34,0.22,80.5,0.25,75.49,0.26,30.5,0.01,0.02,2325.65592,1776352871000
1776352874.186,74.186,0.78,107.5,0.77,43.5,0.79,0.73,0.8,95.0,0.21,2.0,0.2,95.0,0.22,127.5,0.23,83.5,0.01,0.01,2325.856238,1776352872000
1776352876.247,76.247,0.78,8.0,0.77,10.0,0.79,34.23,0.8,115.5,0.21,0.73,0.2,95.0,0.22,107.5,0.23,43.5,0.01,0.01,2326.122944,1776352874000
1776352876.91,76.91,0.77,35.0,0.76,20.5,0.78,25.71,0.79,59.96,0.21,86.96,0.2,120.5,0.23,10.0,0.24,10.0,0.01,0.02,2326.122944,1776352874000
1776352878.091,78.091,0.77,10.0,0.76,30.5,0.78,55.71,0.79,50.5,0.22,25.71,0.21,59.96,0.23,35.0,0.24,20.5,0.01,0.01,2326.168755,1776352876000
1776352879.709,79.709,0.78,95.5,0.77,41.5,0.79,2.0,0.8,116.0,0.22,55.71,0.21,50.5,0.23,10.0,0.24,30.5,0.01,0.01,2325.823496,1776352878000
1776352884.813,84.813,0.78,145.0,0.77,211.75,0.79,88.5,0.8,125.5,0.21,2.0,0.2,116.0,0.22,95.5,0.23,41.5,0.01,0.01,2325.780855,1776352883000
1776352885.317,85.317,0.78,125.64,0.77,211.75,0.79,39.22,0.8,120.5,0.21,88.5,0.2,125.5,0.22,145.0,0.23,211.75,0.01,0.01,2325.780855,1776352883000
1776352886.559,86.559,0.78,112.0,0.77,222.25,0.79,18.72,0.8,130.5,0.21,39.22,0.2,120.5,0.22,125.64,0.23,211.75,0.01,0.01,2325.71824,1776352885000
1776352887.803,87.803,0.77,146.75,0.76,175.0,0.79,59.22,0.8,125.5,0.21,18.72,0.2,130.5,0.22,112.0,0.23,222.25,0.02,0.01,2325.737245,1776352886000
1776352888.157,88.157,0.77,41.83,0.76,10.0,0.78,56.5,0.79,49.22,0.21,59.22,0.2,125.5,0.23,146.75,0.24,175.0,0.01,0.02,2325.737245,1776352886000
1776352888.369,88.369,0.77,27.83,0.76,10.0,0.78,177.5,0.79,149.22,0.22,67.5,0.21,49.22,0.23,34.83,0.24,10.0,0.01,0.01,2325.772039,1776352887000
1776352890.951,90.951,0.77,35.0,0.76,52.5,0.79,72.96,0.8,120.5,0.22,172.5,0.21,149.22,0.25,30.0,0.26,30.0,0.02,0.03,2325.431034,1776352889000
1776352892.362,92.362,0.78,73.0,0.77,60.5,0.79,23.11,0.8,95.5,0.21,42.35,0.2,120.5,0.23,35.0,0.24,87.5,0.01,0.02,2325.4538,1776352891000
1776352896.752,96.752,0.76,23.0,0.75,103.0,0.77,20.5,0.78,61.5,0.21,23.11,0.2,95.5,0.22,73.0,0.23,60.5,0.01,0.01,2325.765467,1776352895000
1776352897.135,97.135,0.76,33.0,0.75,118.5,0.77,18.7,0.78,47.5,0.23,20.5,0.22,61.5,0.24,23.0,0.25,103.0,0.01,0.01,2325.724425,1776352896000
1776352897.567,97.567,0.76,33.0,0.75,118.5,0.77,15.7,0.78,57.5,0.23,18.7,0.22,47.5,0.24,33.0,0.25,118.5,0.01,0.01,2325.724425,1776352896000
1776352897.904,97.904,0.75,93.0,0.74,125.5,0.77,41.2,0.78,42.5,0.23,15.7,0.22,57.5,0.24,33.0,0.25,118.5,0.02,0.01,2325.724425,1776352896000
1776352904.404,104.404,0.77,104.15,0.76,30.5,0.78,10.0,0.79,20.0,0.23,41.2,0.22,42.5,0.25,93.0,0.26,125.5,0.01,0.02,2325.35799,1776352903000
1776352904.878,104.878,0.79,243.5,0.78,32.5,0.8,6.75,0.81,100.0,0.22,10.0,0.21,20.0,0.23,104.15,0.24,30.5,0.01,0.01,2325.35799,1776352903000
1776352910.02,110.02,0.83,253.74,0.82,80.5,0.85,100.0,0.86,220.0,0.19,100.0,0.18,300.0,0.2,93.25,0.21,236.5,0.02,0.01,2326.36766,1776352908000
1776352910.454,110.454,0.85,17.5,0.84,130.5,0.86,214.18,0.87,220.0,0.15,100.0,0.14,220.0,0.17,253.74,0.18,80.5,0.01,0.02,2326.51318,1776352909000
1776352910.664,110.664,0.85,113.5,0.84,82.5,0.86,213.01,0.87,220.0,0.14,214.18,0.13,220.0,0.15,17.5,0.16,130.5,0.01,0.01,2326.51318,1776352909000
1776352910.956,110.956,0.85,136.83,0.84,70.5,0.86,141.01,0.87,220.0,0.14,211.01,0.13,220.0,0.15,113.5,0.16,70.5,0.01,0.01,2326.51318,1776352909000
1776352912.419,112.419,0.85,38.0,0.84,40.0,0.86,14.43,0.87,151.5,0.14,141.01,0.13,220.0,0.15,136.83,0.16,70.5,0.01,0.01,2326.639792,1776352911000
1776352912.804,112.804,0.85,33.08,0.84,40.0,0.86,39.0,0.87,146.5,0.14,47.26,0.13,150.5,0.15,33.08,0.16,40.0,0.01,0.01,2326.639792,1776352911000
1776352913.496,113.496,0.85,43.08,0.84,40.0,0.86,23.0,0.87,156.5,0.14,39.0,0.13,146.5,0.15,33.08,0.16,40.0,0.01,0.01,2326.866,1776352912000
1776352914.592,114.592,0.89,65.0,0.88,98.0,0.91,65.06,0.92,175.9,0.14,23.0,0.13,156.5,0.15,43.08,0.16,40.0,0.02,0.01,2326.759311,1776352913000
1776352914.968,114.968,0.9,4.0,0.89,33.0,0.91,7.06,0.92,205.9,0.09,7.06,0.08,175.9,0.11,81.0,0.12,128.0,0.01,0.02,2326.759311,1776352913000
1776352915.355,115.355,0.9,29.5,0.89,43.5,0.91,5.96,0.92,175.9,0.09,7.06,0.08,205.9,0.1,4.0,0.11,33.0,0.01,0.01,2326.66138,1776352914000
1776352915.746,115.746,0.9,15.5,0.89,56.5,0.91,0.96,0.92,175.9,0.09,5.96,0.08,175.9,0.1,15.5,0.11,56.5,0.01,0.01,2326.66138,1776352914000
1776352916.311,116.311,0.9,40.5,0.89,141.5,0.92,22.0,0.93,184.3,0.09,0.96,0.08,175.9,0.1,15.5,0.11,56.5,0.02,0.01,2326.66138,1776352914000
1776352916.574,116.574,0.91,150.0,0.9,85.5,0.92,13.0,0.93,179.3,0.08,22.0,0.07,184.3,0.1,40.5,0.11,141.5,0.01,0.02,2327.56806,1776352915000
1776352916.786,116.786,0.91,175.0,0.9,85.5,0.92,10.82,0.93,179.3,0.08,13.0,0.07,179.3,0.09,150.0,0.1,85.5,0.01,0.01,2327.56806,1776352915000
1776352918.329,118.329,0.91,124.0,0.9,41.5,0.92,55.41,0.93,119.3,0.08,10.82,0.07,179.3,0.09,175.0,0.1,85.5,0.01,0.01,2327.859825,1776352917000
1776352919.157,119.157,0.91,119.0,0.9,51.5,0.92,1.06,0.93,119.3,0.08,55.41,0.07,119.3,0.09,124.0,0.1,41.5,0.01,0.01,2327.859825,1776352917000
1776352919.462,119.462,0.92,55.5,0.91,114.0,0.93,54.69,0.94,202.8,0.07,39.69,0.06,202.8,0.09,119.0,0.1,51.5,0.01,0.02,2327.859825,1776352917000
1776352919.728,119.728,0.92,50.5,0.91,114.0,0.93,57.69,0.94,139.0,0.07,54.69,0.06,202.8,0.08,55.5,0.09,114.0,0.01,0.01,2327.859825,1776352917000
1776352920.804,120.804,0.92,55.5,0.91,15.5,0.93,99.94,0.94,144.0,0.07,57.69,0.06,139.0,0.08,50.5,0.09,114.0,0.01,0.01,2327.856959,1776352919000
1776352921.639,121.639,0.92,158.0,0.91,88.5,0.93,53.25,0.94,80.0,0.07,99.94,0.06,144.0,0.08,55.5,0.09,15.5,0.01,0.01,2327.691098,1776352920000
1776352922.842,122.842,0.92,131.5,0.91,118.5,0.93,54.35,0.94,26.0,0.07,36.25,0.06,80.0,0.08,158.0,0.09,88.5,0.01,0.01,2327.656135,1776352921000
1776352924.327,124.327,0.92,80.5,0.91,172.5,0.93,33.35,0.94,26.0,0.07,54.35,0.06,26.0,0.08,131.5,0.09,118.5,0.01,0.01,2328.187365,1776352923000
1776352925.656,125.656,0.92,76.5,0.91,182.5,0.93,36.93,0.94,26.0,0.07,33.35,0.06,26.0,0.08,80.5,0.09,172.5,0.01,0.01,2328.33406,1776352924000
1776352927.927,127.927,0.91,71.5,0.9,290.7,0.92,6.0,0.93,78.93,0.07,36.93,0.06,26.0,0.08,76.5,0.09,182.5,0.01,0.01,2328.366285,1776352926000
1776352928.453,128.453,0.9,257.2,0.89,34.5,0.91,5.0,0.92,149.72,0.08,6.0,0.07,78.93,0.09,71.5,0.1,290.7,0.01,0.01,2328.36623,1776352927000
1776352929.343,129.343,0.9,198.2,0.89,15.0,0.91,175.72,0.92,151.0,0.09,5.0,0.08,149.72,0.1,228.2,0.11,34.5,0.01,0.01,2328.36671,1776352928000
1776352929.644,129.644,0.9,174.2,0.89,10.0,0.91,190.72,0.92,158.0,0.09,175.72,0.08,158.0,0.1,188.2,0.11,10.0,0.01,0.01,2328.36671,1776352928000
1776352930.256,130.256,0.9,154.2,0.89,15.0,0.91,170.72,0.92,133.0,0.09,190.72,0.08,158.0,0.1,174.2,0.11,10.0,0.01,0.01,2328.36671,1776352928000
1776352931.006,131.006,0.9,176.66,0.88,40.0,0.91,190.72,0.92,153.0,0.09,170.72,0.08,133.0,0.1,154.2,0.11,15.0,0.01,0.01,2327.759119,1776352929000
1776352931.239,131.239,0.88,40.0,0.87,21.0,0.91,161.72,0.92,153.0,0.09,161.72,0.08,153.0,0.1,67.66,0.12,30.0,0.03,0.01,2327.759119,1776352929000
1776352932.3,132.3,0.86,25.5,0.85,90.0,0.88,164.72,0.89,125.5,0.09,161.72,0.08,153.0,0.12,40.0,0.13,21.0,0.02,0.03,2327.362792,1776352930000
1776352933.122,133.122,0.85,183.64,0.84,90.0,0.86,19.72,0.87,100.0,0.12,140.0,0.11,125.5,0.14,15.5,0.15,90.0,0.01,0.02,2327.143469,1776352932000
1776352933.841,133.841,0.86,119.01,0.85,84.0,0.87,100.0,0.88,120.0,0.13,105.0,0.12,105.0,0.15,198.64,0.16,90.0,0.01,0.02,2327.143469,1776352932000
1776352934.612,134.612,0.86,111.86,0.85,41.5,0.87,137.5,0.88,135.5,0.13,100.0,0.12,120.0,0.14,119.01,0.15,84.0,0.01,0.01,2326.842521,1776352933000
1776352934.918,134.918,0.86,96.86,0.85,31.0,0.87,156.5,0.88,187.5,0.13,137.5,0.12,135.5,0.14,111.86,0.15,41.5,0.01,0.01,2326.842521,1776352933000
1776352935.159,135.159,0.86,127.36,0.85,41.5,0.87,108.86,0.88,150.5,0.13,132.5,0.12,180.5,0.14,96.86,0.15,31.0,0.01,0.01,2326.722513,1776352934000
1776352935.428,135.428,0.86,116.86,0.85,46.5,0.87,113.86,0.88,145.5,0.13,108.86,0.12,150.5,0.14,127.36,0.15,41.5,0.01,0.01,2326.722513,1776352934000
1776352935.826,135.826,0.86,106.86,0.85,46.5,0.87,112.79,0.88,145.5,0.13,113.86,0.12,145.5,0.14,116.86,0.15,46.5,0.01,0.01,2326.722513,1776352934000
1776352936.203,136.203,0.86,116.86,0.85,46.5,0.87,121.3,0.88,145.5,0.13,112.79,0.12,145.5,0.14,106.86,0.15,46.5,0.01,0.01,2326.722513,1776352934000
1776352936.485,136.485,0.86,85.71,0.85,46.5,0.87,121.3,0.88,145.5,0.13,121.3,0.12,145.5,0.14,116.86,0.15,46.5,0.01,0.01,2326.615944,1776352935000
1776352939.04,139.04,0.86,9.5,0.85,53.5,0.88,125.0,0.89,131.5,0.13,119.81,0.12,145.5,0.14,85.71,0.15,46.5,0.02,0.01,2326.597729,1776352937000
1776352939.441,139.441,0.85,46.5,0.84,127.5,0.86,26.77,0.87,25.5,0.12,125.0,0.11,131.5,0.14,9.5,0.15,53.5,0.01,0.02,2326.552641,1776352938000
1776352944.41,144.41,0.87,58.35,0.86,48.83,0.88,160.5,0.89,157.5,0.14,26.77,0.13,25.5,0.15,46.5,0.16,127.5,0.01,0.01,2326.75121,1776352943000
1776352944.676,144.676,0.86,48.83,0.85,21.0,0.88,180.5,0.89,167.5,0.12,160.5,0.11,157.5,0.13,58.35,0.14,48.83,0.02,0.01,2326.75121,1776352943000
1776352945.528,145.528,0.86,38.91,0.85,21.0,0.87,111.97,0.88,170.5,0.13,34.94,0.12,175.5,0.14,33.91,0.15,21.0,0.01,0.01,2326.65473,1776352944000
1776352945.954,145.954,0.86,74.01,0.85,21.0,0.87,122.31,0.88,170.5,0.13,111.97,0.12,170.5,0.14,38.91,0.15,21.0,0.01,0.01,2326.65473,1776352944000
1776352946.383,146.383,0.86,84.01,0.85,21.0,0.87,120.24,0.88,170.5,0.13,122.31,0.12,170.5,0.14,74.01,0.15,21.0,0.01,0.01,2326.472127,1776352945000
1776352947.242,147.242,0.86,5.91,0.85,21.0,0.87,181.24,0.88,165.5,0.13,120.24,0.12,170.5,0.14,84.01,0.15,21.0,0.01,0.01,2326.472127,1776352945000
1776352947.698,147.698,0.85,43.57,0.84,95.0,0.86,230.5,0.87,150.24,0.14,50.0,0.13,187.24,0.15,1.0,0.16,95.0,0.01,0.01,2326.279584,1776352946000
1776352948.603,148.603,0.85,38.57,0.84,95.0,0.86,184.78,0.87,152.24,0.14,230.5,0.13,150.24,0.15,33.57,0.16,95.0,0.01,0.01,2326.279584,1776352946000
1776352948.981,148.981,0.85,53.57,0.84,110.0,0.86,173.26,0.87,157.24,0.14,174.54,0.13,157.24,0.15,63.57,0.16,110.0,0.01,0.01,2326.084691,1776352947000
1776352949.624,149.624,0.85,48.57,0.84,105.0,0.86,159.06,0.87,155.24,0.14,166.51,0.13,157.24,0.15,53.57,0.16,110.0,0.01,0.01,2325.97707,1776352948000
1776352951.409,151.409,0.85,83.86,0.84,110.0,0.86,148.87,0.87,225.24,0.14,159.06,0.13,155.24,0.15,48.57,0.16,105.0,0.01,0.01,2325.998727,1776352950000
1776352951.714,151.714,0.84,110.0,0.83,145.24,0.85,113.78,0.86,175.5,0.14,159.37,0.13,225.24,0.15,36.47,0.16,110.0,0.01,0.01,2325.998727,1776352950000
1776352952.141,152.141,0.84,120.0,0.83,145.24,0.85,106.0,0.86,145.5,0.15,113.78,0.14,175.5,0.16,110.0,0.17,145.24,0.01,0.01,2326.000232,1776352951000
1776352952.873,152.873,0.83,145.24,0.82,70.0,0.85,189.5,0.86,150.5,0.15,106.0,0.14,145.5,0.16,120.0,0.17,145.24,0.02,0.01,2326.000232,1776352951000
1776352953.3,153.3,0.84,120.68,0.83,135.24,0.85,228.56,0.86,145.5,0.15,189.5,0.14,150.5,0.17,145.24,0.18,70.0,0.01,0.02,2326.024058,1776352952000
1776352953.514,153.514,0.84,0.68,0.83,145.24,0.85,228.56,0.86,145.5,0.15,228.56,0.14,145.5,0.16,120.68,0.17,135.24,0.01,0.01,2326.024058,1776352952000
1776352954.098,154.098,0.83,140.24,0.82,70.0,0.84,206.11,0.85,213.56,0.15,228.56,0.14,145.5,0.17,145.24,0.18,80.0,0.01,0.02,2326.056297,1776352953000
1776352954.466,154.466,0.83,159.24,0.82,70.0,0.84,190.73,0.85,208.56,0.16,198.42,0.15,213.56,0.17,140.24,0.18,70.0,0.01,0.01,2326.056297,1776352953000
1776352954.722,154.722,0.83,228.61,0.82,70.0,0.84,210.61,0.85,213.56,0.16,214.61,0.15,208.56,0.17,118.24,0.18,70.0,0.01,0.01,2326.056297,1776352953000
1776352954.927,154.927,0.82,70.0,0.81,115.0,0.84,220.37,0.85,220.56,0.16,220.37,0.15,220.56,0.17,113.61,0.18,70.0,0.02,0.01,2326.056297,1776352953000
1776352955.513,155.513,0.82,50.75,0.81,115.0,0.83,187.66,0.84,165.5,0.17,126.69,0.16,183.37,0.18,70.0,0.19,115.0,0.01,0.01,2325.93717,1776352954000
1776352955.812,155.812,0.82,78.67,0.81,230.85,0.83,181.17,0.84,165.5,0.17,187.66,0.16,165.5,0.18,50.75,0.19,115.0,0.01,0.01,2325.93717,1776352954000
1776352956.11,156.11,0.82,167.08,0.81,249.35,0.83,92.5,0.84,110.0,0.17,95.5,0.16,110.0,0.18,152.08,0.19,230.85,0.01,0.01,2325.797748,1776352955000
1776352956.409,156.409,0.85,176.5,0.84,27.5,0.86,98.83,0.87,100.0,0.17,92.5,0.16,110.0,0.18,167.08,0.19,249.35,0.01,0.01,2325.797748,1776352955000
1776352956.711,156.711,0.86,69.02,0.85,169.5,0.88,116.62,0.89,65.5,0.13,100.0,0.12,230.0,0.14,18.52,0.15,159.5,0.02,0.01,2325.797748,1776352955000
1776352957.334,157.334,0.86,62.02,0.85,297.41,0.88,126.95,0.89,75.5,0.12,134.34,0.11,55.5,0.14,69.02,0.15,164.5,0.02,0.02,2325.558198,1776352956000
1776352957.912,157.912,0.86,62.02,0.85,290.41,0.88,24.03,0.89,65.5,0.12,126.95,0.11,75.5,0.14,62.02,0.15,297.41,0.02,0.02,2325.740558,1776352957000
1776352958.115,158.115,0.86,82.02,0.85,164.5,0.88,18.0,0.89,65.5,0.12,24.03,0.11,65.5,0.14,62.02,0.15,290.41,0.02,0.02,2325.740558,1776352957000
1776352959.519,159.519,0.87,41.83,0.86,136.2,0.88,9.32,0.89,55.0,0.12,18.0,0.11,65.5,0.14,82.02,0.15,164.5,0.01,0.02,2326.164358,1776352958000
1776352960.559,160.559,0.88,42.77,0.87,86.33,0.92,82.0,0.93,10.0,0.12,9.32,0.11,55.0,0.13,41.83,0.14,136.2,0.04,0.01,2326.210134,1776352959000
1776352961.008,161.008,0.91,27.06,0.9,121.0,0.93,110.0,0.94,151.0,0.08,6.9,0.07,10.0,0.12,52.77,0.13,200.5,0.02,0.04,2326.212371,1776352960000
1776352961.317,161.317,0.91,104.06,0.9,136.0,0.92,6.93,0.93,10.0,0.07,110.0,0.06,151.0,0.09,27.06,0.1,121.0,0.01,0.02,2326.212371,1776352960000
1776352961.557,161.557,0.91,108.48,0.9,136.0,0.93,6.41,0.94,184.0,0.08,1.41,0.07,10.0,0.09,114.06,0.1,136.0,0.02,0.01,2326.212371,1776352960000
1776352961.799,161.799,0.92,5.0,0.91,108.48,0.94,170.48,0.95,51.0,0.07,6.41,0.06,184.0,0.09,108.48,0.1,136.0,0.02,0.02,2326.212371,1776352960000
1776352962.086,162.086,0.92,25.5,0.91,125.98,0.93,8.93,0.94,170.48,0.06,170.48,0.05,51.0,0.08,5.0,0.09,108.48,0.01,0.02,2326.212371,1776352960000
1776352962.393,162.393,0.92,35.5,0.91,90.98,0.93,7.31,0.94,170.48,0.07,8.93,0.06,170.48,0.08,25.5,0.09,125.98,0.01,0.01,2326.297172,1776352961000
1776352962.603,162.603,0.92,58.5,0.91,90.98,0.93,51.45,0.94,162.48,0.07,48.07,0.06,162.48,0.08,58.5,0.09,90.98,0.01,0.01,2326.297172,1776352961000
1776352964.1,164.1,0.93,20.5,0.92,52.5,0.94,181.21,0.95,76.0,0.07,42.38,0.06,162.48,0.08,58.5,0.09,90.98,0.01,0.01,2327.855185,1776352963000
1776352964.965,164.965,0.93,31.5,0.92,52.5,0.94,172.43,0.95,76.0,0.06,181.21,0.05,76.0,0.07,20.5,0.08,52.5,0.01,0.01,2327.855185,1776352963000
1776352965.666,165.666,0.93,17.21,0.92,42.5,0.94,149.77,0.95,76.0,0.06,177.43,0.05,76.0,0.07,17.21,0.08,52.5,0.01,0.01,2327.906721,1776352964000
1776352967.654,167.654,0.93,6.0,0.91,41.48,0.94,77.18,0.95,56.0,0.06,149.77,0.05,76.0,0.07,17.21,0.08,42.5,0.01,0.01,2327.88404,1776352966000
1776352968.099,168.099,0.91,36.48,0.9,35.0,0.94,139.91,0.95,56.0,0.06,114.91,0.05,56.0,0.07,6.0,0.09,41.48,0.03,0.01,2327.88404,1776352966000
1776352968.316,168.316,0.93,6.0,0.91,36.48,0.94,128.42,0.95,63.0,0.06,136.55,0.05,63.0,0.09,36.48,0.1,35.0,0.01,0.03,2327.789595,1776352967000
1776352968.527,168.527,0.91,36.48,0.9,35.0,0.94,129.1,0.95,56.0,0.06,123.1,0.05,56.0,0.07,6.0,0.09,36.48,0.03,0.01,2327.789595,1776352967000
1776352969.177,169.177,0.91,145.81,0.9,45.5,0.92,22.0,0.93,145.0,0.06,129.1,0.05,56.0,0.09,36.48,0.1,35.0,0.01,0.03,2327.789595,1776352967000
1776352969.862,169.862,0.91,145.81,0.9,45.5,0.92,61.65,0.93,134.0,0.08,22.0,0.07,145.0,0.09,145.81,0.1,45.5,0.01,0.01,2327.12715,1776352968000
1776352970.173,170.173,0.91,145.81,0.9,45.5,0.92,35.83,0.93,134.0,0.08,61.65,0.07,134.0,0.09,145.81,0.1,45.5,0.01,0.01,2327.026425,1776352969000
1776352970.598,170.598,0.91,133.58,0.9,45.5,0.93,31.47,0.94,120.0,0.07,26.47,0.06,115.0,0.09,145.81,0.1,45.5,0.02,0.02,2327.026425,1776352969000
1776352970.798,170.798,0.91,138.58,0.9,45.5,0.93,15.5,0.94,120.0,0.07,31.47,0.06,120.0,0.09,133.58,0.1,45.5,0.02,0.02,2327.026425,1776352969000
1776352973.871,173.871,0.91,28.6,0.9,45.5,0.92,41.91,0.93,40.0,0.07,15.5,0.06,120.0,0.09,138.58,0.1,45.5,0.01,0.02,2327.011086,1776352972000
1776352975.588,175.588,0.91,18.6,0.9,45.5,0.92,17.56,0.93,40.0,0.08,41.91,0.07,40.0,0.09,28.6,0.1,45.5,0.01,0.01,2327.067555,1776352974000
1776352976.799,176.799,0.91,18.6,0.9,45.5,0.92,13.0,0.93,15.0,0.08,17.56,0.07,40.0,0.09,18.6,0.1,45.5,0.01,0.01,2326.944064,1776352975000
1776352978.022,178.022,0.91,18.6,0.9,45.5,0.95,71.0,0.96,393.8,0.08,13.0,0.07,15.0,0.09,18.6,0.1,45.5,0.04,0.01,2326.939288,1776352976000
1776352979.412,179.412,0.91,75.02,0.9,35.0,0.92,31.0,0.93,20.0,0.05,71.0,0.04,393.8,0.09,18.6,0.1,45.5,0.01,0.04,2326.940976,1776352978000
1776352979.708,179.708,0.91,70.96,0.9,98.26,0.92,65.0,0.93,15.0,0.08,61.0,0.07,15.0,0.09,75.02,0.1,35.0,0.01,0.01,2326.940976,1776352978000
1776352980.276,180.276,0.91,70.96,0.9,98.26,0.92,42.0,0.93,21.0,0.08,65.0,0.07,15.0,0.09,70.96,0.1,98.26,0.01,0.01,2326.949162,1776352979000
1776352981.126,181.126,0.91,70.96,0.9,98.26,0.92,31.25,0.93,21.0,0.08,36.56,0.07,21.0,0.09,70.96,0.1,98.26,0.01,0.01,2326.949162,1776352979000
1776352981.422,181.422,0.91,70.96,0.9,98.26,0.92,20.38,0.93,21.0,0.08,31.25,0.07,21.0,0.09,70.96,0.1,98.26,0.01,0.01,2326.807934,1776352980000
1776352981.656,181.656,0.91,70.96,0.9,98.26,0.92,9.4,0.93,21.0,0.08,20.38,0.07,21.0,0.09,70.96,0.1,98.26,0.01,0.01,2326.807934,1776352980000
1776352982.616,182.616,0.91,10.96,0.9,20.0,0.92,30.0,0.93,103.0,0.08,4.09,0.07,21.0,0.09,70.96,0.1,98.26,0.01,0.01,2326.57641,1776352981000
1776352982.878,182.878,0.89,23.96,0.88,50.0,0.92,30.0,0.93,103.0,0.08,30.0,0.07,103.0,0.09,7.96,0.1,10.0,0.03,0.01,2326.57641,1776352981000
1776352983.738,183.738,0.89,9.86,0.87,40.0,0.9,15.0,0.91,15.0,0.08,30.0,0.07,103.0,0.11,23.96,0.12,50.0,0.01,0.03,2326.48546,1776352982000
1776352984.247,184.247,0.89,9.86,0.86,20.0,0.9,20.0,0.91,60.0,0.1,15.0,0.09,10.0,0.11,9.86,0.13,40.0,0.01,0.01,2326.222537,1776352983000
1776352984.816,184.816,0.88,4.61,0.87,10.0,0.9,14.83,0.91,209.79,0.1,19.83,0.09,75.0,0.12,7.95,0.13,10.0,0.02,0.02,2326.222537,1776352983000
1776352985.356,185.356,0.83,156.36,0.82,105.0,0.88,2.5,0.9,9.83,0.1,14.83,0.09,209.79,0.17,151.36,0.18,105.0,0.05,0.07,2326.081845,1776352984000
1776352986.967,186.967,0.88,6.66,0.87,35.0,0.89,15.5,0.9,15.33,0.12,2.5,0.1,9.83,0.17,156.36,0.18,105.0,0.01,0.05,2325.752661,1776352986000
1776352987.201,187.201,0.88,38.66,0.87,26.0,0.89,7.5,0.9,15.33,0.11,12.5,0.1,15.33,0.12,6.66,0.13,26.0,0.01,0.01,2325.752661,1776352986000
1776352987.637,187.637,0.88,12.0,0.87,16.0,0.89,4.5,0.9,15.33,0.11,7.5,0.1,15.33,0.12,38.66,0.13,26.0,0.01,0.01,2325.752661,1776352986000
1776352988.521,188.521,0.87,10.0,0.84,10.0,0.89,84.6,0.9,15.33,0.11,4.5,0.1,15.33,0.12,12.0,0.13,16.0,0.02,0.01,2325.721457,1776352987000
1776352989.52,189.52,0.85,10.0,0.84,10.0,0.87,84.0,0.88,38.82,0.12,6.82,0.11,79.6,0.13,7.0,0.16,10.0,0.02,0.01,2325.7309,1776352988000
1776352990.001,190.001,0.85,10.0,0.84,10.0,0.87,48.02,0.88,23.82,0.13,84.0,0.12,38.82,0.15,10.0,0.16,10.0,0.02,0.02,2325.7309,1776352988000
1776352990.987,190.987,0.86,28.0,0.85,25.5,0.87,2.06,0.88,29.32,0.13,48.02,0.12,23.82,0.15,10.0,0.16,10.0,0.01,0.02,2325.496743,1776352990000
1776352992.065,192.065,0.87,36.0,0.86,48.5,0.88,3.82,0.91,10.0,0.13,2.06,0.12,29.32,0.14,28.0,0.15,25.5,0.01,0.01,2325.496743,1776352990000
1776352992.869,192.869,0.87,75.0,0.86,88.5,0.88,3.82,0.92,10.0,0.12,3.82,0.09,10.0,0.13,36.0,0.14,48.5,0.01,0.01,2325.55653,1776352991000
1776352993.651,193.651,0.9,10.0,0.89,10.0,0.92,8.91,0.93,65.3,0.08,10.0,0.07,65.3,0.13,135.0,0.14,88.5,0.02,0.05,2325.62873,1776352992000
1776352993.883,193.883,0.91,10.0,0.9,15.0,0.92,3.85,0.93,65.3,0.08,8.91,0.07,65.3,0.1,10.0,0.11,10.0,0.01,0.02,2325.62873,1776352992000
1776352994.575,194.575,0.91,40.88,0.9,15.0,0.92,8.85,0.93,65.3,0.08,3.85,0.07,65.3,0.09,10.0,0.1,15.0,0.01,0.01,2326.24948,1776352993000
1776352997.355,197.355,0.91,14.38,0.9,25.5,0.92,8.85,0.93,65.3,0.08,8.85,0.07,65.3,0.09,40.88,0.1,15.0,0.01,0.01,2326.34019,1776352996000
1776352997.845,197.845,0.91,14.38,0.9,25.5,0.93,63.68,0.94,10.0,0.08,6.13,0.07,65.3,0.09,14.38,0.1,25.5,0.02,0.01,2326.34019,1776352996000
1776352998.254,198.254,0.91,24.38,0.9,25.5,0.93,6.76,0.94,10.0,0.07,63.68,0.06,10.0,0.09,14.38,0.1,25.5,0.02,0.02,2326.40953,1776352997000
1776352998.48,198.48,0.91,14.38,0.9,65.5,0.92,3.36,0.93,6.92,0.07,1.92,0.06,10.0,0.09,14.38,0.1,65.5,0.01,0.02,2326.40953,1776352997000
1776352998.699,198.699,0.91,58.38,0.9,65.5,0.94,15.0,0.95,35.0,0.08,1.72,0.07,6.92,0.09,14.38,0.1,65.5,0.03,0.01,2326.40953,1776352997000
1776352999.377,199.377,0.92,62.15,0.91,108.38,0.94,12.34,0.95,35.0,0.06,12.34,0.05,35.0,0.08,10.0,0.09,58.38,0.02,0.02,2326.38953,1776352998000
1776352999.592,199.592,0.93,23.0,0.92,149.05,0.94,7.34,0.95,35.0,0.06,12.34,0.05,35.0,0.08,62.15,0.09,108.38,0.01,0.02,2326.38953,1776352998000
1776353000.639,200.639,0.93,151.3,0.92,95.18,0.94,5.0,0.95,141.42,0.05,6.42,0.04,225.0,0.07,23.0,0.08,149.05,0.01,0.02,2326.609695,1776352999000
1776353001.489,201.489,0.95,152.38,0.94,78.8,0.96,225.0,0.97,361.0,0.04,225.0,0.03,356.0,0.05,6.58,0.07,151.3,0.01,0.01,2327.435199,1776353000000
1776353001.916,201.916,0.95,233.38,0.94,78.8,0.96,223.95,0.97,361.0,0.04,223.95,0.03,361.0,0.05,152.38,0.06,78.8,0.01,0.01,2327.435199,1776353000000
1776353002.388,202.388,0.95,288.38,0.94,117.3,0.96,209.77,0.97,361.0,0.04,210.82,0.03,361.0,0.05,278.38,0.06,78.8,0.01,0.01,2327.702391,1776353001000
1776353002.593,202.593,0.95,324.38,0.94,117.3,0.96,203.77,0.97,361.0,0.04,209.77,0.03,361.0,0.05,288.38,0.06,117.3,0.01,0.01,2327.702391,1776353001000
1776353002.842,202.842,0.95,324.38,0.94,117.3,0.96,33.72,0.97,361.0,0.04,34.77,0.03,361.0,0.05,324.38,0.06,117.3,0.01,0.01,2327.702391,1776353001000
1776353003.311,203.311,0.96,125.0,0.95,369.88,0.97,305.96,0.98,390.0,0.03,361.0,0.02,390.0,0.05,329.38,0.06,117.3,0.01,0.02,2327.801022,1776353002000
1776353003.596,203.596,0.96,100.0,0.95,374.88,0.97,302.86,0.98,390.0,0.03,300.96,0.02,390.0,0.04,95.0,0.05,369.88,0.01,0.01,2327.801022,1776353002000
1776353004.294,204.294,0.96,100.0,0.95,374.88,0.97,282.55,0.98,390.0,0.03,302.86,0.02,390.0,0.04,100.0,0.05,374.88,0.01,0.01,2327.82849,1776353003000
1776353004.921,204.921,0.96,105.0,0.95,374.88,0.97,277.55,0.98,390.0,0.03,282.55,0.02,390.0,0.04,100.0,0.05,374.88,0.01,0.01,2327.82849,1776353003000
1776353005.207,205.207,0.96,105.0,0.95,374.88,0.97,262.55,0.98,390.0,0.03,277.55,0.02,390.0,0.04,105.0,0.05,374.88,0.01,0.01,2327.76376,1776353004000
1776353007.572,207.572,0.96,86.0,0.95,363.88,0.97,323.14,0.98,390.0,0.03,262.55,0.02,390.0,0.04,105.0,0.05,374.88,0.01,0.01,2327.77393,1776353005000
1776353010.205,210.205,0.96,179.7,0.95,363.88,0.97,218.93,0.98,390.0,0.03,323.14,0.02,390.0,0.04,86.0,0.05,363.88,0.01,0.01,2327.77619,1776353008000
1776353010.962,210.962,0.96,163.7,0.95,331.88,0.97,215.55,0.98,390.0,0.03,218.93,0.02,390.0,0.04,179.7,0.05,363.88,0.01,0.01,2327.725795,1776353009000
1776353011.195,211.195,0.96,138.7,0.95,336.88,0.97,110.44,0.98,390.0,0.03,115.55,0.02,390.0,0.04,138.7,0.05,336.88,0.01,0.01,2327.732235,1776353010000
1776353012.356,212.356,0.96,15.0,0.95,238.08,0.97,87.0,0.98,390.0,0.03,110.44,0.02,390.0,0.04,138.7,0.05,336.88,0.01,0.01,2327.732235,1776353010000
1776353012.93,212.93,0.96,15.0,0.95,313.88,0.97,30.72,0.98,390.0,0.03,72.72,0.02,390.0,0.04,10.0,0.05,238.08,0.01,0.01,2327.809453,1776353011000
1776353013.312,213.312,0.97,118.27,0.96,15.0,0.98,381.46,0.99,7194.48,0.02,384.53,0.01,7194.48,0.04,15.0,0.05,313.88,0.01,0.02,2327.70254,1776353012000
1776353013.549,213.549,0.97,105.98,0.96,15.0,0.98,381.46,0.99,7199.48,0.02,381.46,0.01,7194.48,0.03,118.27,0.04,15.0,0.01,0.01,2327.70254,1776353012000
1776353013.81,213.81,0.97,75.25,0.96,15.0,0.98,386.46,0.99,7399.48,0.02,381.46,0.01,7399.48,0.03,105.98,0.04,15.0,0.01,0.01,2327.70254,1776353012000
1776353015.483,215.483,0.95,212.58,0.94,20.5,0.97,15.0,0.98,670.16,0.03,10.0,0.02,386.46,0.04,13.16,0.05,222.58,0.02,0.01,2327.411159,1776353014000
1776353016.055,216.055,0.95,217.88,0.94,25.5,0.96,58.0,0.97,20.0,0.03,15.0,0.02,670.16,0.05,212.58,0.06,20.5,0.01,0.02,2327.411159,1776353014000
1776353016.379,216.379,0.95,161.88,0.94,15.0,0.96,61.95,0.97,15.0,0.04,63.0,0.03,15.0,0.05,171.88,0.06,15.0,0.01,0.01,2327.411159,1776353014000
1776353017.177,217.177,0.95,151.88,0.94,10.0,0.96,52.57,0.97,205.36,0.04,52.57,0.03,15.0,0.05,161.88,0.06,15.0,0.01,0.01,2327.119234,1776353015000
1776353017.379,217.379,0.94,2.0,0.93,10.0,0.96,52.57,0.97,205.36,0.04,57.57,0.03,205.36,0.06,7.0,0.07,10.0,0.02,0.02,2326.872587,1776353016000
1776353017.742,217.742,0.94,12.0,0.93,15.0,0.95,3.94,0.96,37.57,0.05,20.28,0.04,42.57,0.06,12.0,0.07,15.0,0.01,0.01,2326.872587,1776353016000
1776353018.676,218.676,0.94,0.33,0.93,15.0,0.95,8.94,0.96,37.57,0.05,3.94,0.04,37.57,0.06,12.0,0.07,15.0,0.01,0.01,2326.62797,1776353017000
1776353019.023,219.023,0.94,0.33,0.93,10.0,0.95,8.67,0.96,37.57,0.05,8.94,0.04,37.57,0.06,0.33,0.07,15.0,0.01,0.01,2326.62797,1776353017000
1776353020.915,220.915,0.93,15.0,0.92,128.13,0.95,49.84,0.96,62.57,0.05,8.67,0.04,37.57,0.06,0.33,0.07,10.0,0.02,0.01,2326.375261,1776353019000
1776353021.677,221.677,0.93,10.0,0.92,23.13,0.94,24.38,0.95,64.84,0.05,49.84,0.04,62.57,0.07,15.0,0.08,128.13,0.01,0.02,2326.299284,1776353020000
1776353022.426,222.426,0.91,40.63,0.9,120.5,0.94,24.0,0.95,54.84,0.06,24.38,0.05,64.84,0.07,10.0,0.08,23.13,0.03,0.01,2326.299284,1776353020000
1776353022.869,222.869,0.91,10.5,0.9,20.5,0.94,137.0,0.95,185.64,0.06,5.0,0.05,54.84,0.09,40.63,0.1,120.5,0.03,0.03,2326.090901,1776353021000
1776353023.19,223.19,0.92,10.0,0.91,15.0,0.93,11.78,0.94,157.0,0.06,137.0,0.05,185.64,0.09,10.5,0.1,20.5,0.01,0.03,2326.090901,1776353021000
1776353023.954,223.954,0.92,10.0,0.91,15.0,0.94,16.26,0.95,85.64,0.07,11.78,0.06,157.0,0.08,10.0,0.09,15.0,0.02,0.01,2326.021841,1776353022000
1776353024.761,224.761,0.92,10.0,0.91,25.5,0.94,10.0,0.95,9.84,0.06,16.26,0.05,85.64,0.08,10.0,0.09,15.0,0.02,0.02,2326.012752,1776353023000
1776353026.431,226.431,0.94,10.0,0.93,49.0,0.95,12.89,0.96,24.15,0.06,17.0,0.04,117.95,0.07,19.0,0.08,13.0,0.01,0.01,2325.907954,1776353025000
1776353027.083,227.083,0.94,16.0,0.93,39.5,0.95,7.89,0.96,117.95,0.05,12.89,0.04,24.15,0.06,10.0,0.07,49.0,0.01,0.01,2325.907954,1776353025000
1776353027.341,227.341,0.94,135.0,0.93,129.0,0.95,7.89,0.96,15.0,0.05,7.89,0.04,117.95,0.06,16.0,0.07,39.5,0.01,0.01,2326.028497,1776353026000
1776353028.395,228.395,0.92,115.0,0.91,120.5,0.94,10.0,0.95,7.89,0.05,7.89,0.04,15.0,0.06,135.0,0.07,129.0,0.02,0.01,2326.083135,1776353027000
1776353028.671,228.671,0.93,10.0,0.92,15.0,0.94,11.64,0.95,12.89,0.06,10.0,0.05,7.89,0.08,115.0,0.09,120.5,0.01,0.02,2326.083135,1776353027000
1776353029.978,229.978,0.92,115.0,0.91,125.5,0.94,6.64,0.95,7.89,0.07,14.0,0.06,11.64,0.08,15.0,0.09,130.5,0.02,0.01,2325.988749,1776353029000
1776353030.757,230.757,0.91,10.0,0.9,115.0,0.92,7.0,0.93,39.0,0.06,6.64,0.05,7.89,0.08,115.0,0.09,125.5,0.01,0.02,2325.988749,1776353029000
1776353030.987,230.987,0.9,112.0,0.89,125.5,0.91,24.0,0.92,12.0,0.08,12.0,0.07,34.0,0.1,115.0,0.11,125.5,0.01,0.02,2325.988749,1776353029000
1776353032.317,232.317,0.92,140.5,0.91,150.5,0.93,5.0,0.94,6.64,0.09,24.0,0.08,12.0,0.1,112.0,0.11,125.5,0.01,0.01,2325.782405,1776353031000
1776353032.646,232.646,0.92,135.5,0.91,150.5,0.94,5.39,0.95,7.89,0.07,5.0,0.06,6.64,0.08,140.5,0.09,150.5,0.02,0.01,2325.782405,1776353031000
1776353033.708,233.708,0.93,5.0,0.92,5.0,0.97,218.55,0.98,1015.16,0.06,5.39,0.05,7.89,0.08,135.5,0.09,150.5,0.04,0.02,2325.647377,1776353032000
1776353034.518,234.518,0.92,15.0,0.91,25.5,0.93,8.6,0.94,59.48,0.03,218.55,0.02,1015.16,0.07,5.0,0.08,5.0,0.01,0.04,2325.738785,1776353033000
1776353036.071,236.071,0.92,20.0,0.91,20.5,0.93,39.48,0.94,15.0,0.07,8.6,0.06,59.48,0.1,119.71,0.11,130.5,0.01,0.03,2325.663852,1776353035000
1776353036.482,236.482,0.92,163.5,0.91,130.5,0.93,20.48,0.94,10.0,0.07,39.48,0.06,15.0,0.08,20.0,0.09,20.5,0.01,0.01,2325.663852,1776353035000
1776353036.711,236.711,0.92,183.5,0.91,159.5,0.93,16.25,0.94,10.0,0.07,20.48,0.06,10.0,0.08,183.5,0.09,169.5,0.01,0.01,2325.663852,1776353035000
1776353036.972,236.972,0.92,183.5,0.91,154.5,0.93,30.87,0.94,10.0,0.07,16.25,0.06,10.0,0.08,183.5,0.09,159.5,0.01,0.01,2325.663852,1776353035000
1776353037.631,237.631,0.92,166.0,0.91,279.96,0.93,9.25,0.94,10.0,0.07,30.87,0.06,10.0,0.08,166.0,0.09,154.5,0.01,0.01,2325.50836,1776353036000
1776353038.244,238.244,0.93,193.24,0.92,193.0,0.94,10.0,0.95,10.0,0.07,6.02,0.06,10.0,0.08,193.0,0.09,205.5,0.01,0.01,2325.50836,1776353036000
1776353038.542,238.542,0.94,12.0,0.93,186.24,0.95,10.0,0.96,15.0,0.06,10.0,0.05,10.0,0.07,193.24,0.08,193.0,0.01,0.01,2325.50836,1776353036000
1776353038.942,238.942,0.94,157.0,0.93,186.24,0.96,1.7,0.97,15.0,0.05,10.0,0.04,15.0,0.06,12.0,0.07,186.24,0.02,0.01,2325.861701,1776353037000
1776353040.266,240.266,0.95,50.0,0.94,67.0,0.96,8.95,0.97,10.0,0.04,1.7,0.03,15.0,0.06,157.0,0.07,186.24,0.01,0.02,2325.91357,1776353039000
1776353040.571,240.571,0.96,158.0,0.95,155.0,0.97,3.81,0.98,431.46,0.03,15.0,0.02,631.46,0.05,55.0,0.06,77.0,0.01,0.02,2325.91357,1776353039000
1776353040.889,240.889,0.97,15.74,0.96,160.0,0.98,425.17,0.99,6846.87,0.02,420.17,0.01,6846.87,0.03,30.0,0.04,170.0,0.01,0.01,2325.91357,1776353039000
1776353041.511,241.511,0.97,10.0,0.96,110.0,0.98,345.98,0.99,6846.87,0.02,350.17,0.01,6846.87,0.03,10.0,0.04,160.0,0.01,0.01,2325.98275,1776353040000
1776353042.559,242.559,0.97,5.0,0.96,209.7,0.98,338.93,0.99,7046.87,0.02,340.98,0.01,6846.87,0.03,5.0,0.04,110.0,0.01,0.01,2325.992755,1776353041000
1776353042.783,242.783,0.97,5.0,0.96,209.7,0.98,235.63,0.99,6846.87,0.02,241.89,0.01,6846.87,0.03,5.0,0.04,209.7,0.01,0.01,2325.992755,1776353041000
1776353043.068,243.068,0.97,15.0,0.96,209.7,0.98,235.6,0.99,6841.87,0.02,236.63,0.01,6846.87,0.03,5.0,0.04,209.7,0.01,0.01,2325.992755,1776353041000
1776353043.378,243.378,0.97,20.0,0.96,209.7,0.98,177.95,0.99,7065.42,0.02,225.6,0.01,6846.87,0.03,15.0,0.04,209.7,0.01,0.01,2326.533449,1776353042000
1776353044.017,244.017,0.97,15.0,0.96,209.7,0.98,172.95,0.99,7060.42,0.02,177.95,0.01,7065.42,0.03,20.0,0.04,209.7,0.01,0.01,2326.52836,1776353043000
1776353045.563,245.563,0.97,76.31,0.96,153.7,0.98,81.92,0.99,7660.42,0.02,172.95,0.01,7060.42,0.03,15.0,0.04,209.7,0.01,0.01,2326.61302,1776353044000
1776353045.783,245.783,0.97,71.31,0.96,153.7,0.98,70.74,0.99,7660.42,0.02,76.77,0.01,7660.42,0.03,71.31,0.04,153.7,0.01,0.01,2326.61302,1776353044000
1776353046.371,246.371,0.97,70.31,0.96,153.7,0.98,19.71,0.99,7660.42,0.02,70.74,0.01,7660.42,0.03,71.31,0.04,153.7,0.01,0.01,2326.469075,1776353045000
1776353046.697,246.697,0.97,25.31,0.96,153.7,0.99,7639.72,,,0.02,9.71,0.01,7660.42,0.03,25.31,0.04,153.7,0.02,0.01,2326.469075,1776353045000
1776353046.936,246.936,0.97,20.31,0.96,163.7,0.98,0.81,0.99,7639.72,0.01,7639.72,,,0.03,25.31,0.04,153.7,0.01,0.02,2326.469075,1776353045000
1776353047.174,247.174,0.97,20.31,0.96,163.7,0.98,4.9,0.99,7640.53,0.02,7.94,0.01,7635.53,0.03,20.31,0.04,163.7,0.01,0.01,2326.60647,1776353046000
1776353047.422,247.422,0.98,5.0,0.97,206.01,0.99,7632.35,,,0.01,7628.37,,,0.03,184.01,0.04,163.7,0.01,0.02,2326.60647,1776353046000
1776353047.7,247.7,0.97,206.01,0.96,158.7,0.98,6.87,0.99,7632.35,0.01,7632.35,,,0.02,5.0,0.03,206.01,0.01,0.01,2326.60647,1776353046000
1776353048.297,248.297,0.97,226.01,0.96,181.7,0.98,5.84,0.99,7632.35,0.02,6.87,0.01,7632.35,0.03,206.01,0.04,158.7,0.01,0.01,2326.557677,1776353047000
1776353049.35,249.35,0.97,65.31,0.96,163.7,0.98,1.65,0.99,6808.8,0.02,5.84,0.01,7632.35,0.03,226.01,0.04,181.7,0.01,0.01,2326.499886,1776353048000
1776353050.872,250.872,0.98,10.0,0.97,17.69,0.99,6737.51,,,0.02,5.0,0.01,6808.8,0.03,57.69,0.04,163.7,0.01,0.01,2326.57324,1776353049000
1776353051.258,251.258,0.97,17.69,0.96,108.7,0.99,6727.51,,,0.01,6737.51,,,0.02,10.0,0.03,17.69,0.02,0.01,2326.573353,1776353050000
1776353051.951,251.951,0.97,15.84,0.96,10.0,0.99,6722.51,,,0.01,6727.51,,,0.03,17.69,0.04,108.7,0.02,0.02,2326.573353,1776353050000
1776353052.347,252.347,0.97,40.0,0.96,10.84,0.98,4.79,0.99,6722.51,0.01,6722.51,,,0.04,5.84,0.05,90.8,0.01,0.03,2326.474033,1776353051000

# RESULT,winner=Up,slug=eth-updown-5m-1776352800,ticks=326
