timestamp,elapsed_sec,up_bid_p1,up_bid_s1,up_bid_p2,up_bid_s2,up_ask_p1,up_ask_s1,up_ask_p2,up_ask_s2,down_bid_p1,down_bid_s1,down_bid_p2,down_bid_s2,down_ask_p1,down_ask_s1,down_ask_p2,down_ask_s2,up_spread,down_spread,eth_price,eth_oracle_ts
1776363300.623,0.623,0.49,10.0,0.48,105.0,0.5,190.36,0.51,12.38,0.5,190.36,0.49,12.38,0.51,15.0,0.52,105.0,0.01,0.01,2327.63485,1776363299000
1776363300.998,0.998,0.49,5.0,0.48,105.0,0.5,190.36,0.51,12.38,0.5,190.36,0.49,12.38,0.51,5.0,0.52,105.0,0.01,0.01,2327.6347,1776363300000
1776363301.474,1.474,0.48,105.0,0.46,290.0,0.49,19.41,0.5,190.36,0.5,190.36,0.49,12.38,0.51,5.0,0.52,105.0,0.01,0.01,2327.6347,1776363300000
1776363301.749,1.749,0.48,103.07,0.46,140.0,0.49,2.75,0.5,190.36,0.51,2.75,0.5,190.36,0.52,105.0,0.54,290.0,0.01,0.01,2327.6347,1776363300000
1776363302.166,2.166,0.48,173.07,0.46,70.0,0.5,186.11,0.51,12.38,0.5,188.11,0.49,12.38,0.52,103.07,0.54,140.0,0.02,0.02,2327.6347,1776363300000
1776363302.38,2.38,0.48,243.07,0.47,70.0,0.52,103.78,0.59,70.0,0.5,186.11,0.49,12.38,0.52,173.07,0.54,70.0,0.04,0.02,2327.630601,1776363301000
1776363302.596,2.596,0.5,2.84,0.49,75.0,0.51,5.0,0.52,95.67,0.48,95.67,0.41,70.0,0.51,70.0,0.52,243.07,0.01,0.03,2327.630601,1776363301000
1776363303.911,3.911,0.48,93.07,0.46,15.0,0.49,25.0,0.5,25.0,0.49,5.0,0.48,95.67,0.5,2.84,0.51,75.0,0.01,0.01,2327.701095,1776363302000
1776363304.437,4.437,0.48,96.14,0.47,20.0,0.49,15.0,0.5,15.0,0.51,25.0,0.5,25.0,0.52,93.07,0.54,15.0,0.01,0.01,2327.85558,1776363303000
1776363306.29,6.29,0.48,141.77,0.47,130.0,0.52,110.67,0.53,95.0,0.51,15.0,0.5,15.0,0.52,96.14,0.53,20.0,0.04,0.01,2327.597326,1776363304000
1776363306.913,6.913,0.51,20.0,0.5,15.0,0.52,102.61,0.53,10.0,0.48,110.67,0.47,95.0,0.52,141.77,0.53,130.0,0.01,0.04,2327.54385,1776363305000
1776363307.284,7.284,0.51,20.0,0.5,15.0,0.52,101.66,0.53,10.0,0.48,102.61,0.47,10.0,0.49,20.0,0.5,15.0,0.01,0.01,2327.624185,1776363306000
1776363309.047,9.047,0.51,7.3,0.5,15.0,0.52,117.42,0.53,25.0,0.48,97.42,0.47,15.0,0.49,20.0,0.5,15.0,0.01,0.01,2327.81578,1776363307000
1776363310.033,10.033,0.51,2.3,0.5,30.0,0.52,116.65,0.53,25.0,0.48,117.42,0.47,25.0,0.49,7.3,0.5,15.0,0.01,0.01,2327.899105,1776363308000
1776363311.095,11.095,0.48,186.77,0.47,160.0,0.51,59.2,0.52,116.65,0.48,116.65,0.47,25.0,0.49,2.3,0.5,30.0,0.03,0.01,2327.93938,1776363310000
1776363311.692,11.692,0.48,195.34,0.47,160.0,0.49,10.0,0.5,15.0,0.51,6.63,0.5,10.0,0.52,186.77,0.53,160.0,0.01,0.01,2327.93938,1776363310000
1776363313.168,13.168,0.48,195.34,0.47,165.0,0.49,20.0,0.5,15.0,0.51,10.0,0.5,15.0,0.52,195.34,0.53,160.0,0.01,0.01,2327.879806,1776363311000
1776363313.737,13.737,0.48,143.41,0.47,180.0,0.49,20.0,0.5,15.0,0.51,20.0,0.5,15.0,0.52,145.34,0.53,165.0,0.01,0.01,2327.762101,1776363312000
1776363315.341,15.341,0.48,170.41,0.47,100.0,0.49,17.0,0.51,7.96,0.51,20.0,0.5,15.0,0.52,143.41,0.53,180.0,0.01,0.01,2327.66105,1776363314000
1776363315.605,15.605,0.51,100.0,0.5,26.0,0.52,21.81,0.54,45.0,0.48,28.95,0.46,45.0,0.49,15.0,0.5,26.0,0.01,0.01,2327.66105,1776363314000
1776363315.821,15.821,0.6,2.5,0.59,10.0,0.61,12.2,0.62,15.0,0.39,1.7,0.38,15.0,0.41,10.0,0.42,85.0,0.01,0.02,2327.66105,1776363314000
1776363316.066,16.066,0.59,12.95,0.58,85.0,0.61,17.2,0.62,155.0,0.39,12.2,0.38,15.0,0.4,2.5,0.41,10.0,0.02,0.01,2327.66105,1776363314000
1776363316.359,16.359,0.59,2.95,0.58,80.0,0.61,12.2,0.62,155.0,0.39,12.2,0.38,155.0,0.4,10.0,0.41,12.95,0.02,0.01,2327.6162,1776363315000
1776363316.631,16.631,0.59,12.95,0.58,85.0,0.6,10.16,0.61,12.2,0.39,12.2,0.38,155.0,0.41,2.95,0.42,80.0,0.01,0.02,2327.6162,1776363315000
1776363317.034,17.034,0.58,80.0,0.57,85.0,0.6,2.5,0.61,44.36,0.39,6.36,0.38,155.0,0.41,12.95,0.42,85.0,0.02,0.02,2327.6162,1776363315000
1776363317.252,17.252,0.6,3.67,0.59,10.0,0.61,33.36,0.62,165.0,0.39,33.36,0.38,170.0,0.41,10.0,0.42,10.0,0.01,0.02,2327.6162,1776363315000
1776363317.544,17.544,0.58,15.0,0.57,13.38,0.59,4.91,0.6,13.0,0.4,13.0,0.39,28.36,0.42,15.0,0.43,13.38,0.01,0.02,2327.624,1776363316000
1776363317.826,17.826,0.58,29.2,0.57,13.38,0.6,12.91,0.61,28.36,0.41,4.91,0.4,13.0,0.42,15.0,0.43,13.38,0.02,0.01,2327.624,1776363316000
1776363318.367,18.367,0.59,10.0,0.58,10.0,0.6,13.41,0.61,38.36,0.4,9.57,0.39,33.36,0.42,10.0,0.43,13.38,0.01,0.02,2328.510072,1776363317000
1776363319.42,19.42,0.59,15.0,0.58,10.0,0.6,10.0,0.61,36.66,0.4,13.41,0.39,38.36,0.41,10.0,0.42,10.0,0.01,0.01,2328.48485,1776363318000
1776363320.768,20.768,0.59,10.0,0.58,10.0,0.6,30.0,0.61,71.66,0.4,10.0,0.39,36.66,0.41,15.0,0.42,10.0,0.01,0.01,2328.504243,1776363319000
1776363322.102,22.102,0.6,34.2,0.59,20.5,0.63,35.0,0.64,50.0,0.4,30.0,0.39,71.66,0.41,10.0,0.42,10.0,0.03,0.01,2328.504469,1776363320000
1776363323.543,23.543,0.66,116.0,0.65,116.0,0.67,24.5,0.68,10.0,0.37,35.0,0.36,50.0,0.4,34.2,0.41,20.5,0.01,0.03,2328.59939,1776363322000
1776363324.153,24.153,0.66,118.0,0.65,116.0,0.67,17.0,0.68,10.0,0.33,18.5,0.32,10.0,0.34,123.0,0.35,116.0,0.01,0.01,2328.647612,1776363323000
1776363324.413,24.413,0.66,7.18,0.65,100.0,0.67,35.5,0.68,116.0,0.33,15.5,0.32,10.0,0.34,118.0,0.35,116.0,0.01,0.01,2328.647612,1776363323000
1776363325.066,25.066,0.64,10.0,0.62,25.0,0.65,88.96,0.66,160.5,0.33,47.79,0.32,120.0,0.35,112.0,0.36,121.0,0.01,0.02,2328.647612,1776363323000
1776363325.517,25.517,0.62,7.36,0.61,10.0,0.63,46.32,0.64,210.5,0.37,49.32,0.36,100.5,0.38,25.0,0.39,10.0,0.01,0.01,2329.264198,1776363324000
1776363325.945,25.945,0.62,12.36,0.61,15.0,0.63,97.19,0.64,202.0,0.37,46.32,0.36,210.5,0.38,7.36,0.39,10.0,0.01,0.01,2329.264198,1776363324000
1776363326.575,26.575,0.6,70.0,0.59,65.0,0.61,42.36,0.62,63.5,0.37,110.8,0.36,202.0,0.38,7.36,0.39,15.0,0.01,0.01,2329.287837,1776363325000
1776363326.783,26.783,0.6,45.0,0.59,65.0,0.61,53.72,0.62,63.5,0.39,42.36,0.38,63.5,0.4,70.0,0.41,65.0,0.01,0.01,2329.287837,1776363325000
1776363327.824,27.824,0.59,60.0,0.58,85.0,0.6,24.17,0.61,90.86,0.39,53.72,0.38,63.5,0.4,45.0,0.41,65.0,0.01,0.01,2328.8873,1776363326000
1776363328.239,28.239,0.59,10.0,0.58,10.0,0.6,113.5,0.61,68.36,0.4,24.17,0.39,90.86,0.41,60.0,0.42,85.0,0.01,0.01,2328.786281,1776363327000
1776363328.596,28.596,0.59,19.2,0.58,10.0,0.6,49.0,0.61,106.17,0.4,113.5,0.39,68.36,0.41,10.0,0.42,10.0,0.01,0.01,2328.786281,1776363327000
1776363329.502,29.502,0.59,10.0,0.58,10.0,0.6,48.75,0.61,116.17,0.4,49.0,0.39,106.17,0.41,19.2,0.42,10.0,0.01,0.01,2328.729631,1776363328000
1776363329.754,29.754,0.59,10.0,0.58,10.0,0.6,45.86,0.61,116.17,0.4,48.75,0.39,116.17,0.41,10.0,0.42,10.0,0.01,0.01,2328.729631,1776363328000
1776363330.418,30.418,0.59,7.07,0.58,10.0,0.6,78.65,0.61,70.5,0.4,40.0,0.39,116.17,0.41,7.07,0.42,10.0,0.01,0.01,2328.484115,1776363329000
1776363331.05,31.05,0.59,122.57,0.58,25.5,0.6,12.82,0.61,65.0,0.4,78.65,0.39,70.5,0.41,7.07,0.42,10.0,0.01,0.01,2328.431945,1776363330000
1776363331.793,31.793,0.59,167.57,0.58,20.5,0.61,1.76,0.63,38.11,0.4,4.82,0.39,65.0,0.41,106.57,0.42,25.5,0.02,0.01,2328.431945,1776363330000
1776363332.232,32.232,0.6,157.5,0.59,78.57,0.63,35.0,0.64,100.0,0.39,1.76,0.37,38.11,0.41,167.57,0.42,20.5,0.03,0.02,2328.431945,1776363330000
1776363332.534,32.534,0.63,20.5,0.62,94.5,0.64,2.31,0.65,10.0,0.37,35.0,0.36,100.0,0.4,157.5,0.41,78.57,0.01,0.03,2328.394198,1776363331000
1776363333.455,33.455,0.63,28.0,0.62,15.0,0.64,2.31,0.65,45.0,0.36,2.31,0.35,10.0,0.37,20.5,0.38,94.5,0.01,0.01,2328.394198,1776363331000
1776363333.952,33.952,0.6,30.0,0.59,7.07,0.61,42.36,0.62,15.0,0.36,2.31,0.35,45.0,0.37,20.0,0.38,15.0,0.01,0.01,2328.67864,1776363332000
1776363334.381,34.381,0.57,100.0,0.56,116.0,0.58,4.82,0.59,40.0,0.39,42.36,0.38,15.0,0.4,30.0,0.41,7.07,0.01,0.01,2328.78728,1776363333000
1776363335.343,35.343,0.56,90.0,0.55,35.0,0.57,29.19,0.58,50.0,0.42,4.82,0.41,40.0,0.43,100.0,0.44,116.0,0.01,0.01,2328.78728,1776363333000
1776363335.982,35.982,0.56,87.72,0.55,35.0,0.57,59.69,0.58,55.5,0.43,29.19,0.42,50.0,0.44,90.0,0.45,35.0,0.01,0.01,2328.905352,1776363334000
1776363336.228,36.228,0.54,55.0,0.53,200.0,0.56,47.28,0.57,81.69,0.43,59.69,0.42,55.5,0.44,87.72,0.45,35.0,0.02,0.01,2328.812383,1776363335000
1776363337.807,37.807,0.53,150.0,0.52,75.0,0.54,89.2,0.55,125.5,0.45,11.52,0.44,127.28,0.46,55.0,0.47,200.0,0.01,0.01,2328.122592,1776363336000
1776363339.327,39.327,0.49,155.0,0.48,253.91,0.54,100.64,0.55,200.5,0.46,68.14,0.45,130.5,0.47,150.0,0.48,75.0,0.05,0.01,2327.914559,1776363338000
1776363341.645,41.645,0.49,2.05,0.48,147.91,0.5,112.0,0.51,175.5,0.46,100.64,0.45,200.5,0.51,155.0,0.52,253.91,0.01,0.05,2327.691323,1776363340000
1776363342.093,42.093,0.48,95.12,0.47,270.0,0.49,70.05,0.5,90.5,0.5,134.5,0.49,175.5,0.52,145.12,0.53,270.0,0.01,0.02,2327.657415,1776363341000
1776363345.125,45.125,0.48,7.81,0.47,245.0,0.49,196.55,0.5,370.0,0.51,70.05,0.5,90.5,0.52,95.12,0.53,270.0,0.01,0.01,2327.184561,1776363344000
1776363345.333,45.333,0.48,24.5,0.47,369.5,0.49,87.0,0.5,260.0,0.51,196.55,0.5,370.0,0.52,7.81,0.53,245.0,0.01,0.01,2327.184561,1776363344000
1776363345.572,45.572,0.48,174.57,0.47,369.5,0.49,2.95,0.5,150.0,0.51,2.95,0.5,150.0,0.52,156.5,0.53,369.5,0.01,0.01,2327.184561,1776363344000
1776363345.947,45.947,0.48,164.57,0.47,369.5,0.5,70.0,0.51,10.0,0.51,2.95,0.5,150.0,0.52,174.57,0.53,369.5,0.02,0.01,2327.184561,1776363344000
1776363346.168,46.168,0.49,181.42,0.48,132.57,0.5,65.0,0.52,25.0,0.5,65.0,0.49,10.0,0.51,17.0,0.52,174.57,0.01,0.01,2327.184561,1776363344000
1776363346.594,46.594,0.51,32.48,0.5,111.55,0.52,35.0,0.53,10.0,0.5,65.0,0.48,25.0,0.51,181.42,0.52,132.57,0.01,0.01,2327.176857,1776363345000
1776363347.186,47.186,0.51,35.48,0.5,134.05,0.52,5.0,0.53,10.0,0.48,35.0,0.47,10.0,0.49,32.48,0.5,111.55,0.01,0.01,2327.176857,1776363345000
1776363348.464,48.464,0.53,96.5,0.52,77.5,0.56,36.42,0.57,85.0,0.48,5.0,0.47,7.16,0.49,31.39,0.5,139.05,0.03,0.01,2327.678628,1776363347000
1776363348.9,48.9,0.69,93.27,0.68,10.0,0.7,160.0,0.71,25.0,0.42,50.0,0.4,150.0,0.46,10.0,0.47,80.5,0.01,0.04,2327.678628,1776363347000
1776363349.145,49.145,0.69,53.27,0.68,10.0,0.7,5.0,0.71,25.0,0.3,60.0,0.29,25.0,0.31,43.27,0.32,10.0,0.01,0.01,2327.678628,1776363347000
1776363349.434,49.434,0.71,10.0,0.7,10.0,0.73,25.0,0.74,157.0,0.28,100.0,0.27,25.0,0.31,66.27,0.32,10.0,0.02,0.03,2327.632233,1776363348000
1776363349.716,49.716,0.72,10.0,0.71,44.32,0.73,3.0,0.74,157.0,0.28,30.0,0.27,33.0,0.29,44.32,0.3,10.0,0.01,0.01,2327.632233,1776363348000
1776363350.061,50.061,0.69,31.18,0.68,10.0,0.74,162.0,0.75,235.17,0.27,3.0,0.26,157.0,0.28,10.0,0.29,44.32,0.05,0.01,2327.632233,1776363348000
1776363350.458,50.458,0.71,10.0,0.7,16.0,0.72,25.05,0.73,34.0,0.26,162.0,0.25,235.17,0.31,31.18,0.32,10.0,0.01,0.05,2328.998794,1776363349000
1776363350.798,50.798,0.71,20.5,0.7,26.5,0.72,20.09,0.73,34.0,0.28,23.09,0.27,34.0,0.29,10.0,0.3,16.0,0.01,0.01,2328.998794,1776363349000
1776363351.462,51.462,0.71,16.15,0.7,30.5,0.72,20.09,0.73,25.0,0.28,20.09,0.27,34.0,0.29,17.05,0.3,26.5,0.01,0.01,2328.998794,1776363349000
1776363351.9,51.9,0.73,42.49,0.72,16.0,0.74,127.0,0.75,190.97,0.28,7.93,0.27,25.0,0.29,16.15,0.3,20.5,0.01,0.01,2328.998794,1776363349000
1776363352.366,52.366,0.73,51.29,0.72,10.0,0.74,57.0,0.75,190.97,0.26,127.0,0.25,190.97,0.27,42.49,0.28,16.0,0.01,0.01,2329.87756,1776363350000
1776363352.747,52.747,0.73,76.0,0.72,17.0,0.74,24.04,0.75,200.97,0.26,57.0,0.25,190.97,0.27,46.1,0.28,10.0,0.01,0.01,2329.948355,1776363351000
1776363353.039,53.039,0.73,40.29,0.72,17.0,0.74,14.04,0.75,200.97,0.26,24.04,0.25,200.97,0.27,76.0,0.28,17.0,0.01,0.01,2329.948355,1776363351000
1776363353.879,53.879,0.73,58.5,0.72,20.5,0.74,19.08,0.75,95.0,0.26,14.04,0.25,200.97,0.27,40.29,0.28,17.0,0.01,0.01,2330.043635,1776363352000
1776363354.427,54.427,0.73,128.5,0.72,30.5,0.75,95.0,0.76,100.0,0.26,19.08,0.25,95.0,0.27,58.5,0.28,20.5,0.02,0.01,2330.192824,1776363353000
1776363356.243,56.243,0.76,76.5,0.75,40.5,0.77,11.32,0.78,230.0,0.25,95.0,0.24,100.0,0.27,128.5,0.28,30.5,0.01,0.02,2330.14705,1776363354000
1776363356.502,56.502,0.77,51.5,0.76,34.5,0.78,210.0,0.79,87.0,0.23,11.32,0.22,230.0,0.24,76.5,0.25,40.5,0.01,0.01,2330.291051,1776363355000
1776363357.294,57.294,0.76,10.0,0.75,20.5,0.78,260.0,0.79,252.0,0.22,210.0,0.21,87.0,0.23,51.5,0.24,34.5,0.02,0.01,2330.504992,1776363356000
1776363357.923,57.923,0.76,26.55,0.75,20.5,0.77,8.44,0.78,220.5,0.22,249.0,0.21,257.0,0.24,20.5,0.25,20.5,0.01,0.02,2330.504992,1776363356000
1776363358.249,58.249,0.76,37.05,0.75,20.5,0.77,2.36,0.78,240.0,0.23,8.44,0.22,220.5,0.24,26.55,0.25,20.5,0.01,0.01,2330.504992,1776363356000
1776363358.628,58.628,0.76,26.55,0.75,10.0,0.77,22.36,0.78,305.5,0.23,2.36,0.22,240.0,0.24,37.05,0.25,20.5,0.01,0.01,2330.473775,1776363357000
1776363358.839,58.839,0.75,10.0,0.74,31.75,0.77,95.5,0.78,465.5,0.23,22.36,0.22,305.5,0.24,26.55,0.25,10.0,0.02,0.01,2330.473775,1776363357000
1776363359.289,59.289,0.74,16.75,0.73,69.31,0.75,61.5,0.76,107.5,0.24,27.5,0.23,100.5,0.26,28.75,0.27,69.31,0.01,0.02,2330.459185,1776363358000
1776363360.24,60.24,0.74,9.21,0.73,69.31,0.75,66.0,0.76,147.5,0.25,61.5,0.24,107.5,0.26,16.75,0.27,69.31,0.01,0.01,2330.459185,1776363358000
1776363360.638,60.638,0.73,49.31,0.71,50.0,0.74,95.81,0.75,104.92,0.26,5.09,0.25,34.92,0.27,69.31,0.28,10.0,0.01,0.01,2330.3435,1776363359000
1776363360.866,60.866,0.73,38.12,0.72,10.0,0.74,73.33,0.75,104.92,0.26,78.81,0.25,104.92,0.27,38.12,0.28,10.0,0.01,0.01,2330.3435,1776363359000
1776363361.091,61.091,0.71,20.0,0.7,20.0,0.74,73.33,0.75,104.92,0.26,93.33,0.25,104.92,0.27,32.12,0.29,30.0,0.03,0.01,2330.068033,1776363360000
1776363361.623,61.623,0.69,10.0,0.68,15.0,0.7,97.0,0.71,135.0,0.26,73.33,0.25,104.92,0.29,20.0,0.3,20.0,0.01,0.03,2330.068033,1776363360000
1776363361.903,61.903,0.69,10.0,0.68,10.0,0.7,144.35,0.71,197.43,0.3,97.0,0.29,135.0,0.31,10.0,0.32,15.0,0.01,0.01,2330.068033,1776363360000
1776363362.149,62.149,0.69,5.12,0.68,10.0,0.7,135.35,0.71,197.43,0.3,144.35,0.29,197.43,0.31,10.0,0.32,10.0,0.01,0.01,2330.068033,1776363360000
1776363362.654,62.654,0.67,75.0,0.66,50.0,0.68,8.52,0.69,15.0,0.3,135.35,0.29,197.43,0.31,5.12,0.32,10.0,0.01,0.01,2329.847613,1776363361000
1776363364.12,64.12,0.67,82.0,0.66,56.0,0.68,33.25,0.69,15.0,0.32,8.52,0.31,15.0,0.33,75.0,0.34,50.0,0.01,0.01,2329.587957,1776363362000
1776363364.761,64.761,0.67,97.0,0.66,60.0,0.68,18.72,0.69,5.0,0.32,33.25,0.31,15.0,0.33,82.0,0.34,56.0,0.01,0.01,2329.587957,1776363362000
1776363365.096,65.096,0.67,92.0,0.66,65.0,0.68,57.72,0.69,15.0,0.32,18.72,0.31,5.0,0.33,97.0,0.34,60.0,0.01,0.01,2329.3734,1776363363000
1776363365.413,65.413,0.67,57.0,0.66,50.0,0.68,18.52,0.69,25.5,0.32,71.24,0.31,15.0,0.33,92.0,0.34,65.0,0.01,0.01,2329.3734,1776363363000
1776363366.436,66.436,0.66,50.0,0.65,110.0,0.67,43.5,0.68,175.5,0.32,18.52,0.31,25.5,0.33,57.0,0.34,50.0,0.01,0.01,2329.340494,1776363365000
1776363368.402,68.402,0.67,7.85,0.66,23.0,0.68,290.0,0.69,20.5,0.33,43.5,0.32,175.5,0.34,50.0,0.35,110.0,0.01,0.01,2329.177641,1776363367000
1776363369.027,69.027,0.67,68.54,0.66,16.0,0.68,285.0,0.69,10.0,0.32,290.0,0.31,20.5,0.33,7.85,0.34,23.0,0.01,0.01,2329.177641,1776363367000
1776363369.66,69.66,0.67,68.54,0.66,16.0,0.68,318.9,0.69,10.0,0.32,320.99,0.31,10.0,0.33,68.54,0.34,16.0,0.01,0.01,2329.177641,1776363367000
1776363370.216,70.216,0.67,65.5,0.66,21.0,0.68,318.9,0.69,10.0,0.32,318.9,0.31,10.0,0.33,68.54,0.34,16.0,0.01,0.01,2329.135502,1776363369000
1776363370.752,70.752,0.67,51.86,0.66,11.0,0.68,328.9,0.69,20.5,0.32,318.9,0.31,10.0,0.33,65.5,0.34,21.0,0.01,0.01,2329.135502,1776363369000
1776363372.485,72.485,0.67,51.86,0.66,6.0,0.68,285.9,0.69,51.8,0.32,328.9,0.31,20.5,0.33,51.86,0.34,11.0,0.01,0.01,2329.133766,1776363371000
1776363375.537,75.537,0.67,109.77,0.66,11.0,0.68,186.91,0.69,42.3,0.32,278.91,0.31,51.8,0.33,51.86,0.34,6.0,0.01,0.01,2329.023496,1776363374000
1776363376.735,76.735,0.67,59.7,0.66,6.0,0.68,183.96,0.69,15.0,0.32,186.91,0.31,42.3,0.33,109.77,0.34,11.0,0.01,0.01,2329.0432,1776363375000
1776363379.154,79.154,0.67,53.7,0.66,6.0,0.68,259.46,0.69,31.8,0.32,183.96,0.31,15.0,0.33,59.7,0.34,6.0,0.01,0.01,2329.007028,1776363378000
1776363380.028,80.028,0.67,47.7,0.66,6.0,0.68,212.0,0.69,66.8,0.32,259.46,0.31,31.8,0.33,53.7,0.34,6.0,0.01,0.01,2329.10588,1776363379000
1776363380.705,80.705,0.65,5.0,0.64,5.0,0.66,33.48,0.67,165.5,0.34,47.56,0.32,212.0,0.35,5.0,0.37,250.0,0.01,0.01,2329.10588,1776363379000
1776363382.352,82.352,0.64,55.55,0.63,60.0,0.66,113.48,0.67,165.5,0.34,33.48,0.33,165.5,0.35,5.0,0.36,5.0,0.02,0.01,2328.848178,1776363381000
1776363382.999,82.999,0.64,50.55,0.63,30.0,0.65,80.0,0.66,138.98,0.35,50.0,0.34,128.48,0.36,50.55,0.37,55.0,0.01,0.01,2328.848178,1776363381000
1776363383.227,83.227,0.64,50.55,0.63,30.0,0.65,55.0,0.66,119.48,0.35,80.0,0.34,138.98,0.36,50.55,0.37,30.0,0.01,0.01,2328.848178,1776363381000
1776363384.198,84.198,0.64,40.55,0.63,10.0,0.65,55.0,0.66,134.98,0.35,55.0,0.34,119.48,0.36,50.55,0.37,30.0,0.01,0.01,2328.785113,1776363382000
1776363384.619,84.619,0.64,40.55,0.62,25.0,0.65,50.0,0.66,134.98,0.35,55.0,0.34,134.98,0.36,40.55,0.37,10.0,0.01,0.01,2328.743777,1776363383000
1776363386.364,86.364,0.64,35.55,0.62,5.0,0.65,91.3,0.66,124.48,0.35,50.0,0.34,134.98,0.36,40.55,0.38,25.0,0.01,0.01,2328.614092,1776363385000
1776363386.913,86.913,0.59,92.07,0.58,112.0,0.6,29.45,0.65,91.3,0.35,91.3,0.34,124.48,0.36,30.55,0.38,5.0,0.01,0.01,2328.62019,1776363386000
1776363388.104,88.104,0.59,115.37,0.58,137.0,0.6,124.45,0.61,80.0,0.4,29.45,0.35,91.3,0.41,92.07,0.42,112.0,0.01,0.01,2328.61,1776363387000
1776363389.816,89.816,0.59,110.37,0.58,127.0,0.6,122.45,0.61,85.0,0.4,74.45,0.39,80.0,0.41,115.37,0.42,137.0,0.01,0.01,2328.470203,1776363388000
1776363390.262,90.262,0.59,11.21,0.58,110.0,0.6,163.95,0.61,225.5,0.4,122.45,0.39,85.0,0.41,110.37,0.42,127.0,0.01,0.01,2328.465211,1776363389000
1776363393.453,93.453,0.59,106.5,0.58,30.5,0.6,81.61,0.61,70.0,0.4,158.45,0.39,225.5,0.42,60.0,0.43,200.0,0.01,0.02,2328.168906,1776363392000
1776363393.947,93.947,0.59,120.5,0.58,30.5,0.6,21.31,0.61,70.0,0.4,68.3,0.39,70.0,0.41,133.5,0.42,30.5,0.01,0.01,2328.168906,1776363392000
1776363394.164,94.164,0.59,126.5,0.58,30.5,0.6,2.77,0.61,70.0,0.4,10.27,0.39,70.0,0.41,136.5,0.42,30.5,0.01,0.01,2328.122677,1776363393000
1776363394.52,94.52,0.6,153.0,0.59,90.5,0.61,21.04,0.62,95.0,0.39,61.86,0.38,95.0,0.4,10.0,0.41,126.5,0.01,0.01,2328.122677,1776363393000
1776363394.904,94.904,0.6,176.5,0.59,195.5,0.61,16.04,0.62,95.0,0.39,21.04,0.38,95.0,0.4,153.0,0.41,90.5,0.01,0.01,2328.122677,1776363393000
1776363396.65,96.65,0.64,133.5,0.63,154.0,0.65,63.81,0.66,5.0,0.39,16.04,0.38,95.0,0.4,176.5,0.41,195.5,0.01,0.01,2328.63022,1776363395000
1776363397.057,97.057,0.64,79.5,0.63,144.0,0.65,14.05,0.66,5.0,0.35,63.81,0.34,5.0,0.36,133.5,0.37,154.0,0.01,0.01,2328.63022,1776363395000
1776363397.575,97.575,0.64,176.29,0.63,144.0,0.66,3.83,0.67,70.0,0.35,3.89,0.34,5.0,0.36,76.72,0.37,144.0,0.02,0.01,2328.69505,1776363396000
1776363398.23,98.23,0.65,91.5,0.64,106.87,0.66,32.83,0.67,70.0,0.34,3.83,0.33,70.0,0.36,176.29,0.37,144.0,0.01,0.02,2328.69505,1776363396000
1776363399.187,99.187,0.65,117.5,0.64,106.87,0.66,27.31,0.67,80.0,0.34,32.83,0.33,70.0,0.35,91.5,0.36,106.87,0.01,0.01,2328.977615,1776363397000
1776363399.82,99.82,0.65,107.49,0.64,106.87,0.66,30.49,0.67,80.0,0.34,27.31,0.33,80.0,0.35,107.49,0.36,106.87,0.01,0.01,2329.112775,1776363398000
1776363400.395,100.395,0.65,10.5,0.64,101.87,0.66,79.49,0.67,95.0,0.34,30.49,0.33,80.0,0.35,107.49,0.36,106.87,0.01,0.01,2329.081085,1776363399000
1776363400.911,100.911,0.64,11.0,0.63,26.0,0.66,65.49,0.67,107.5,0.34,79.49,0.33,95.0,0.35,5.5,0.36,101.87,0.02,0.01,2329.081085,1776363399000
1776363406.319,106.319,0.63,46.04,0.62,20.5,0.64,5.0,0.65,10.0,0.35,15.0,0.34,80.49,0.37,12.49,0.38,26.5,0.01,0.02,2328.909565,1776363404000
1776363409.091,109.091,0.64,22.83,0.63,41.5,0.65,5.0,0.66,35.99,0.36,5.0,0.35,10.0,0.37,46.04,0.38,20.5,0.01,0.01,2328.755192,1776363407000
1776363415.046,115.046,0.65,130.5,0.64,55.5,0.66,4.49,0.67,80.0,0.35,5.0,0.34,35.99,0.36,22.83,0.37,41.5,0.01,0.01,2328.811037,1776363413000
1776363416.984,116.984,0.66,31.0,0.65,90.59,0.67,82.26,0.68,85.0,0.33,68.24,0.32,70.0,0.35,159.5,0.36,38.5,0.01,0.02,2328.741217,1776363415000
1776363417.39,117.39,0.66,44.3,0.65,70.5,0.67,79.26,0.68,85.0,0.33,82.26,0.32,85.0,0.34,31.0,0.35,90.59,0.01,0.01,2328.96945,1776363416000
1776363420.111,120.111,0.55,13.0,0.53,35.0,0.58,88.0,0.59,30.5,0.33,79.26,0.32,85.0,0.34,44.3,0.35,70.5,0.03,0.01,2329.037713,1776363418000
1776363420.352,120.352,0.53,9.75,0.52,25.0,0.56,119.0,0.57,80.0,0.43,10.0,0.42,88.0,0.45,2.06,0.47,35.0,0.03,0.02,2328.91022,1776363419000
1776363420.589,120.589,0.53,9.75,0.51,6.0,0.55,76.96,0.56,172.0,0.44,119.0,0.43,80.0,0.47,9.75,0.48,25.0,0.02,0.03,2328.91022,1776363419000
1776363422.256,122.256,0.51,83.22,0.5,5.0,0.52,12.69,0.53,23.0,0.46,10.0,0.45,91.96,0.49,3.45,0.5,5.0,0.01,0.03,2328.108945,1776363421000
1776363422.925,122.925,0.51,93.22,0.5,30.0,0.52,6.93,0.53,28.0,0.48,12.69,0.47,23.0,0.49,83.22,0.5,5.0,0.01,0.01,2328.108945,1776363421000
1776363423.354,123.354,0.51,111.22,0.5,30.0,0.52,43.25,0.53,23.0,0.48,6.93,0.47,28.0,0.49,93.22,0.5,30.0,0.01,0.01,2327.86555,1776363422000
1776363425.032,125.032,0.51,111.23,0.5,35.0,0.53,18.03,0.54,15.0,0.48,24.05,0.47,28.0,0.49,105.23,0.5,30.0,0.02,0.01,2327.868508,1776363423000
1776363425.619,125.619,0.52,5.0,0.51,73.23,0.53,77.04,0.54,15.0,0.47,18.03,0.46,15.0,0.49,111.23,0.5,35.0,0.01,0.02,2327.91841,1776363424000
1776363426.464,126.464,0.5,15.0,0.49,10.5,0.51,15.0,0.52,15.0,0.47,47.84,0.46,15.0,0.48,13.0,0.49,78.23,0.01,0.01,2327.879607,1776363425000
1776363426.758,126.758,0.49,16.39,0.48,31.25,0.52,34.5,0.53,23.34,0.5,10.0,0.49,10.0,0.51,16.39,0.52,31.25,0.03,0.01,2327.879607,1776363425000
1776363427.067,127.067,0.5,25.5,0.48,31.25,0.52,35.5,0.53,23.34,0.48,34.5,0.47,23.34,0.51,16.39,0.52,31.25,0.02,0.03,2327.864095,1776363426000
1776363427.863,127.863,0.49,25.5,0.48,41.75,0.51,35.5,0.52,35.5,0.48,35.5,0.47,23.34,0.5,25.5,0.52,31.25,0.02,0.02,2327.864095,1776363426000
1776363429.611,129.611,0.48,102.57,0.47,35.5,0.49,65.19,0.5,35.5,0.5,5.0,0.49,35.5,0.51,20.5,0.52,41.75,0.01,0.01,2327.701737,1776363428000
1776363429.903,129.903,0.48,113.07,0.47,40.5,0.49,58.14,0.5,46.5,0.51,65.19,0.5,35.5,0.52,102.57,0.53,35.5,0.01,0.01,2327.701737,1776363428000
1776363430.122,130.122,0.48,113.07,0.47,40.5,0.49,55.69,0.5,41.5,0.51,58.14,0.5,46.5,0.52,113.07,0.53,40.5,0.01,0.01,2327.653117,1776363429000
1776363431.539,131.539,0.48,44.25,0.47,106.26,0.49,30.5,0.5,61.5,0.51,55.69,0.5,41.5,0.52,97.57,0.53,40.5,0.01,0.01,2327.560074,1776363430000
1776363432.837,132.837,0.5,40.8,0.49,34.5,0.51,10.0,0.52,25.5,0.51,30.5,0.5,61.5,0.52,44.25,0.53,106.26,0.01,0.01,2327.436514,1776363431000
1776363434.052,134.052,0.49,21.5,0.48,70.75,0.51,30.5,0.52,30.5,0.49,10.0,0.48,25.5,0.5,40.8,0.51,34.5,0.02,0.01,2327.522999,1776363432000
1776363435.835,135.835,0.47,45.5,0.46,45.0,0.49,77.5,0.5,30.5,0.49,30.5,0.48,30.5,0.51,21.5,0.52,70.75,0.02,0.02,2327.636704,1776363434000
1776363436.765,136.765,0.47,20.4,0.46,50.5,0.48,24.5,0.49,116.0,0.52,12.5,0.51,70.5,0.53,45.5,0.54,45.0,0.01,0.01,2327.632543,1776363435000
1776363437.201,137.201,0.49,80.85,0.48,39.5,0.5,20.5,0.51,25.5,0.52,24.5,0.51,116.0,0.53,20.4,0.54,50.5,0.01,0.01,2327.601598,1776363436000
1776363438.709,138.709,0.49,28.23,0.46,50.5,0.5,47.5,0.51,101.5,0.5,20.5,0.49,25.5,0.51,80.85,0.52,39.5,0.01,0.01,2327.584553,1776363437000
1776363442.471,142.471,0.42,25.0,0.41,95.4,0.43,97.3,0.44,31.5,0.5,62.5,0.49,101.5,0.53,5.0,0.54,50.5,0.01,0.03,2327.451331,1776363440000
1776363443.369,143.369,0.38,3.46,0.37,5.0,0.39,78.5,0.4,21.0,0.57,97.3,0.56,31.5,0.58,25.0,0.59,95.4,0.01,0.01,2327.421736,1776363442000
1776363443.938,143.938,0.35,167.45,0.34,15.0,0.37,40.0,0.38,30.5,0.63,10.0,0.62,57.5,0.65,141.87,0.66,15.0,0.02,0.02,2327.421736,1776363442000
1776363444.259,144.259,0.35,164.45,0.34,15.0,0.36,7.22,0.37,10.0,0.64,10.0,0.63,20.0,0.65,164.45,0.66,15.0,0.01,0.01,2327.421736,1776363442000
1776363444.567,144.567,0.35,161.42,0.34,15.0,0.36,7.22,0.37,10.0,0.64,7.22,0.63,10.0,0.65,162.91,0.66,15.0,0.01,0.01,2327.081777,1776363443000
1776363444.876,144.876,0.35,161.74,0.34,15.0,0.36,7.22,0.37,10.0,0.64,7.22,0.63,10.0,0.65,158.4,0.66,15.0,0.01,0.01,2327.081777,1776363443000
1776363445.294,145.294,0.35,68.27,0.34,15.0,0.36,17.22,0.37,10.0,0.64,7.22,0.63,10.0,0.65,159.42,0.66,15.0,0.01,0.01,2326.926847,1776363444000
1776363445.598,145.598,0.34,141.26,0.32,145.0,0.35,30.01,0.36,17.22,0.65,30.01,0.64,17.22,0.66,45.33,0.67,5.0,0.01,0.01,2326.926847,1776363444000
1776363445.958,145.958,0.34,127.26,0.33,10.0,0.35,6.86,0.38,15.5,0.65,30.01,0.64,17.22,0.66,141.26,0.68,145.0,0.01,0.01,2326.926847,1776363444000
1776363446.229,146.229,0.35,27.15,0.34,52.5,0.36,10.0,0.37,8.08,0.63,8.08,0.62,4.37,0.66,183.5,0.67,10.0,0.01,0.03,2326.926847,1776363444000
1776363446.437,146.437,0.36,29.0,0.35,20.0,0.39,10.0,0.4,10.0,0.64,10.0,0.63,8.08,0.65,27.15,0.66,52.5,0.03,0.01,2326.926847,1776363444000
1776363446.73,146.73,0.38,18.5,0.37,33.42,0.39,7.43,0.4,10.0,0.61,10.0,0.6,10.0,0.63,9.92,0.64,20.0,0.01,0.02,2326.926847,1776363444000
1776363448.745,148.745,0.38,12.06,0.37,15.5,0.4,27.0,0.41,20.0,0.61,7.43,0.6,10.0,0.62,18.5,0.63,33.42,0.02,0.01,2326.77533,1776363447000
1776363453.274,153.274,0.33,27.0,0.32,186.04,0.34,50.0,0.35,60.0,0.6,27.0,0.59,20.0,0.62,12.06,0.63,15.5,0.01,0.02,2326.803231,1776363451000
1776363454.431,154.431,0.32,147.66,0.31,15.5,0.33,70.56,0.34,50.0,0.66,50.0,0.65,60.0,0.67,27.0,0.68,186.04,0.01,0.01,2326.65607,1776363453000
1776363457.671,157.671,0.29,2.88,0.28,25.0,0.32,10.0,0.33,119.06,0.67,70.56,0.66,50.0,0.68,142.66,0.69,15.5,0.03,0.01,2326.602555,1776363456000
1776363457.972,157.972,0.27,25.5,0.26,155.0,0.29,59.2,0.3,15.0,0.71,5.0,0.7,10.0,0.72,35.5,0.73,15.5,0.02,0.01,2326.602555,1776363456000
1776363458.591,158.591,0.27,23.5,0.26,155.0,0.28,45.0,0.29,40.0,0.71,59.2,0.7,15.0,0.73,25.5,0.74,155.0,0.01,0.02,2326.602555,1776363456000
1776363458.991,158.991,0.26,155.0,0.25,34.2,0.28,35.0,0.29,30.0,0.72,35.0,0.71,40.0,0.73,21.58,0.74,155.0,0.02,0.01,2326.535791,1776363457000
1776363459.441,159.441,0.27,260.5,0.26,60.0,0.28,4.82,0.32,6.0,0.72,35.0,0.71,30.0,0.74,155.0,0.75,34.2,0.01,0.02,2326.535791,1776363457000
1776363459.659,159.659,0.33,48.47,0.31,30.5,0.34,10.0,0.35,20.0,0.68,5.97,0.67,15.56,0.73,240.5,0.74,60.0,0.01,0.05,2326.535791,1776363457000
1776363459.935,159.935,0.33,95.48,0.32,70.0,0.34,8.88,0.35,20.0,0.66,10.0,0.65,20.0,0.67,88.48,0.68,70.0,0.01,0.01,2326.535791,1776363457000
1776363461.077,161.077,0.33,74.97,0.32,94.26,0.34,5.0,0.36,10.0,0.66,8.88,0.65,20.0,0.67,95.48,0.68,70.0,0.01,0.01,2326.342562,1776363459000
1776363461.593,161.593,0.38,8.22,0.37,10.0,0.39,10.0,0.4,10.5,0.66,5.0,0.64,10.0,0.67,74.97,0.68,94.26,0.01,0.01,2326.342562,1776363459000
1776363462.382,162.382,0.38,15.5,0.37,5.0,0.39,27.0,0.4,25.5,0.61,10.0,0.6,10.5,0.62,8.22,0.63,10.0,0.01,0.01,2326.593188,1776363460000
1776363462.924,162.924,0.37,20.0,0.36,15.0,0.39,52.5,0.4,35.5,0.61,27.0,0.6,25.5,0.62,15.5,0.63,5.0,0.02,0.01,2326.703145,1776363461000
1776363464.63,164.63,0.38,20.62,0.37,34.0,0.39,20.0,0.4,10.0,0.61,52.5,0.6,35.5,0.63,20.0,0.64,15.0,0.01,0.02,2326.770763,1776363462000
1776363467.349,167.349,0.38,27.0,0.37,20.0,0.39,20.5,0.4,25.5,0.61,20.0,0.6,10.0,0.62,20.62,0.63,34.0,0.01,0.01,2326.951648,1776363465000
1776363469.085,169.085,0.37,20.0,0.35,35.0,0.39,27.67,0.4,26.5,0.61,20.5,0.6,25.5,0.62,27.0,0.63,20.0,0.02,0.01,2326.97735,1776363467000
1776363471.096,171.096,0.35,45.0,0.33,108.97,0.38,21.77,0.39,42.67,0.61,27.67,0.6,26.5,0.63,20.0,0.65,35.0,0.03,0.02,2326.92529,1776363469000
1776363475.159,175.159,0.35,54.0,0.34,25.5,0.37,18.2,0.38,16.77,0.62,21.77,0.61,42.67,0.65,45.0,0.67,108.97,0.02,0.03,2326.810716,1776363473000
1776363476.715,176.715,0.33,107.47,0.32,110.0,0.34,81.0,0.35,20.0,0.63,18.2,0.62,16.77,0.65,54.0,0.66,25.5,0.01,0.02,2326.804629,1776363475000
1776363478.06,178.06,0.33,78.03,0.32,25.0,0.34,107.5,0.35,35.5,0.66,81.0,0.65,20.0,0.67,107.47,0.68,110.0,0.01,0.01,2326.809079,1776363476000
1776363478.584,178.584,0.31,75.0,0.3,25.0,0.34,218.5,0.35,55.5,0.66,178.5,0.65,35.5,0.67,29.03,0.68,25.0,0.03,0.01,2326.816718,1776363477000
1776363479.942,179.942,0.29,50.0,0.28,10.0,0.3,187.5,0.31,25.5,0.66,218.5,0.65,55.5,0.69,75.0,0.7,25.0,0.01,0.03,2326.6565,1776363479000
1776363481.627,181.627,0.2,70.0,0.19,10.0,0.21,70.57,0.22,26.0,0.7,187.5,0.69,25.5,0.71,50.0,0.72,10.0,0.01,0.01,2326.309963,1776363480000
1776363482.546,182.546,0.2,109.5,0.19,10.0,0.21,20.0,0.22,44.0,0.79,70.57,0.78,26.0,0.8,70.0,0.81,10.0,0.01,0.01,2326.331144,1776363481000
1776363483.463,183.463,0.2,75.0,0.19,10.0,0.21,82.72,0.22,34.0,0.79,20.0,0.78,44.0,0.8,109.5,0.81,10.0,0.01,0.01,2326.160509,1776363482000
1776363484.541,184.541,0.2,6.5,0.19,15.0,0.21,79.31,0.22,34.0,0.79,82.72,0.78,34.0,0.8,6.5,0.81,15.0,0.01,0.01,2325.9371,1776363483000
1776363484.81,184.81,0.2,2.58,0.19,15.0,0.21,99.31,0.22,49.0,0.79,79.31,0.78,34.0,0.8,6.5,0.81,15.0,0.01,0.01,2325.9371,1776363483000
1776363485.048,185.048,0.18,50.0,0.17,10.0,0.21,94.31,0.22,54.0,0.79,99.31,0.78,49.0,0.8,2.58,0.81,15.0,0.03,0.01,2325.9371,1776363483000
1776363485.611,185.611,0.16,6.07,0.15,88.2,0.17,15.0,0.18,58.0,0.79,94.31,0.78,54.0,0.82,50.0,0.83,10.0,0.01,0.03,2325.898961,1776363484000
1776363485.91,185.91,0.15,88.02,0.14,29.9,0.16,102.0,0.17,53.0,0.83,47.0,0.82,58.0,0.84,6.07,0.85,88.2,0.01,0.01,2325.898961,1776363484000
1776363486.253,186.253,0.15,88.02,0.14,29.9,0.16,92.75,0.17,53.0,0.84,102.0,0.83,53.0,0.85,88.02,0.86,29.9,0.01,0.01,2325.898961,1776363484000
1776363486.514,186.514,0.15,73.02,0.14,39.9,0.16,102.75,0.17,53.0,0.84,92.75,0.83,53.0,0.85,88.02,0.86,29.9,0.01,0.01,2325.771929,1776363485000
1776363487.339,187.339,0.19,10.0,0.18,35.0,0.2,0.77,0.21,10.0,0.84,100.11,0.83,53.0,0.85,67.22,0.86,39.9,0.01,0.01,2325.771929,1776363486000
1776363487.941,187.941,0.21,49.23,0.19,267.27,0.22,24.0,0.23,10.0,0.8,10.77,0.79,10.0,0.81,88.27,0.82,45.0,0.01,0.01,2325.740153,1776363487000
1776363488.328,188.328,0.27,9.15,0.26,293.0,0.28,6.28,0.31,10.0,0.73,25.0,0.72,24.17,0.79,90.23,0.8,10.0,0.01,0.06,2325.740153,1776363487000
1776363488.85,188.85,0.27,111.84,0.26,120.0,0.28,6.28,0.31,10.0,0.72,6.28,0.69,20.0,0.73,63.21,0.74,110.0,0.01,0.01,2325.740153,1776363487000
1776363489.227,189.227,0.27,122.77,0.26,120.0,0.28,6.28,0.31,10.0,0.72,6.28,0.69,10.0,0.73,110.47,0.74,120.0,0.01,0.01,2325.737206,1776363488000
1776363489.988,189.988,0.27,264.77,0.26,120.0,0.37,15.0,0.39,36.0,0.72,6.28,0.69,10.0,0.73,122.77,0.74,120.0,0.1,0.01,2325.737206,1776363488000
1776363490.722,190.722,0.35,12.81,0.34,10.0,0.36,10.0,0.37,15.0,0.63,15.0,0.62,10.0,0.69,47.82,0.73,304.77,0.01,0.06,2326.575517,1776363489000
1776363491.401,191.401,0.33,10.0,0.32,10.0,0.36,10.0,0.37,20.0,0.64,10.0,0.63,15.0,0.65,10.65,0.66,10.0,0.03,0.01,2326.630272,1776363490000
1776363492.328,192.328,0.34,278.0,0.33,10.0,0.37,2.08,0.39,30.0,0.64,10.0,0.63,20.0,0.67,10.0,0.68,10.0,0.03,0.03,2326.630272,1776363490000
1776363492.592,192.592,0.45,20.0,0.44,11.36,0.47,22.29,0.48,14.4,0.54,2.92,0.53,50.0,0.55,10.0,0.58,8.3,0.02,0.01,2326.630272,1776363490000
1776363492.795,192.795,0.52,10.0,0.51,29.01,0.54,13.75,0.55,39.5,0.47,8.28,0.46,14.5,0.49,29.01,0.5,10.0,0.02,0.02,2326.849407,1776363491000
1776363493.072,193.072,0.52,9.8,0.51,29.01,0.54,13.75,0.55,39.5,0.46,13.75,0.45,39.5,0.48,10.0,0.49,29.01,0.02,0.02,2326.849407,1776363491000
1776363493.404,193.404,0.52,10.0,0.51,61.01,0.53,14.2,0.55,39.5,0.45,39.5,0.44,34.6,0.47,20.0,0.48,9.8,0.01,0.02,2326.835616,1776363492000
1776363493.952,193.952,0.52,10.0,0.51,39.01,0.53,19.66,0.54,10.0,0.47,14.2,0.45,39.5,0.48,10.0,0.49,61.01,0.01,0.01,2326.835616,1776363492000
1776363494.166,194.166,0.52,0.2,0.49,5.42,0.53,1.0,0.54,10.0,0.47,1.0,0.46,10.0,0.48,10.0,0.51,5.42,0.01,0.01,2326.835616,1776363492000
1776363495.405,195.405,0.52,76.0,0.51,10.0,0.55,10.99,0.56,24.6,0.47,1.0,0.46,10.0,0.51,3.25,0.52,35.0,0.03,0.04,2327.974984,1776363494000
1776363496.117,196.117,0.54,5.0,0.53,15.0,0.56,74.6,0.57,14.7,0.44,24.6,0.43,14.7,0.48,86.0,0.49,10.0,0.02,0.04,2327.974984,1776363494000
1776363496.361,196.361,0.54,1.37,0.53,10.0,0.56,74.6,0.57,14.7,0.44,74.6,0.43,14.7,0.46,5.0,0.47,15.0,0.02,0.02,2327.947168,1776363495000
1776363497.875,197.875,0.55,10.0,0.54,10.0,0.56,65.68,0.57,14.7,0.44,56.13,0.43,14.7,0.46,20.0,0.47,40.0,0.01,0.02,2327.988357,1776363496000
1776363498.206,198.206,0.55,10.0,0.54,10.0,0.56,33.78,0.57,87.04,0.46,5.0,0.44,25.0,0.47,35.95,0.48,15.0,0.01,0.01,2327.964981,1776363497000
1776363498.853,198.853,0.55,10.0,0.54,10.0,0.56,57.51,0.57,87.04,0.44,33.78,0.43,87.04,0.45,10.0,0.46,10.0,0.01,0.01,2327.964981,1776363497000
1776363499.068,199.068,0.55,10.0,0.54,10.0,0.56,59.6,0.57,97.04,0.44,57.51,0.43,87.04,0.45,10.0,0.46,10.0,0.01,0.01,2327.964981,1776363497000
1776363499.633,199.633,0.55,25.0,0.54,10.0,0.56,20.0,0.57,97.04,0.44,59.6,0.43,97.04,0.45,10.0,0.46,10.0,0.01,0.01,2327.884191,1776363498000
1776363500.095,200.095,0.55,39.55,0.54,20.0,0.56,10.0,0.57,87.04,0.44,20.0,0.43,97.04,0.45,25.0,0.46,10.0,0.01,0.01,2327.884191,1776363498000
1776363500.469,200.469,0.55,149.55,0.54,10.0,0.58,125.0,0.59,5.0,0.44,6.22,0.43,87.04,0.45,77.55,0.46,20.0,0.03,0.01,2327.845089,1776363499000
1776363501.22,201.22,0.55,135.55,0.54,10.0,0.58,76.38,0.59,5.0,0.42,75.0,0.41,5.0,0.45,149.55,0.46,10.0,0.03,0.03,2327.844114,1776363500000
1776363501.45,201.45,0.55,135.55,0.54,10.0,0.58,67.38,0.59,5.0,0.42,76.38,0.41,5.0,0.45,135.55,0.46,10.0,0.03,0.03,2327.844114,1776363500000
1776363502.198,202.198,0.57,25.0,0.56,60.0,0.59,1.38,0.6,10.0,0.42,67.38,0.41,5.0,0.45,135.55,0.46,10.0,0.02,0.03,2328.036184,1776363501000
1776363502.544,202.544,0.61,8.19,0.57,25.0,0.66,5.88,0.68,5.0,0.39,50.0,0.37,5.0,0.43,25.0,0.44,60.0,0.05,0.04,2328.036184,1776363501000
1776363502.841,202.841,0.68,6.47,0.66,57.57,0.72,30.0,0.73,18.3,0.34,3.19,0.32,0.88,0.39,8.19,0.41,6.0,0.04,0.05,2328.036184,1776363501000
1776363503.197,203.197,0.71,147.0,0.7,10.0,0.74,12.0,0.75,94.2,0.28,5.0,0.27,18.3,0.29,40.58,0.3,7.14,0.03,0.01,2328.683298,1776363502000
1776363503.651,203.651,0.73,12.59,0.72,10.0,0.74,42.0,0.75,94.2,0.26,2.0,0.25,94.2,0.29,143.55,0.3,10.0,0.01,0.03,2328.683298,1776363502000
1776363503.879,203.879,0.73,59.59,0.72,40.0,0.74,5.03,0.75,234.2,0.26,11.45,0.25,164.2,0.27,49.59,0.28,40.0,0.01,0.01,2328.683298,1776363502000
1776363504.154,204.154,0.73,32.35,0.72,10.0,0.75,184.2,0.76,139.7,0.26,25.03,0.25,184.2,0.27,42.35,0.28,10.0,0.02,0.01,2328.683298,1776363502000
1776363504.502,204.502,0.74,30.38,0.73,10.0,0.75,228.2,0.76,164.7,0.25,224.2,0.24,139.7,0.27,0.93,0.28,10.0,0.01,0.02,2329.763696,1776363503000
1776363504.788,204.788,0.74,11.72,0.73,10.0,0.75,194.21,0.76,164.7,0.25,204.2,0.24,164.7,0.26,11.72,0.27,10.0,0.01,0.01,2329.763696,1776363503000
1776363505.458,205.458,0.74,5.72,0.73,10.0,0.75,199.21,0.76,164.7,0.25,194.21,0.24,164.7,0.26,11.72,0.27,10.0,0.01,0.01,2329.788042,1776363504000
1776363507.389,207.389,0.74,10.0,0.73,9.72,0.75,271.45,0.76,164.7,0.25,199.21,0.24,164.7,0.27,9.72,0.28,10.0,0.01,0.02,2329.50594,1776363505000
1776363508.359,208.359,0.72,18.15,0.71,35.0,0.75,112.45,0.76,29.7,0.25,271.45,0.24,164.7,0.26,10.0,0.27,9.72,0.03,0.01,2329.237562,1776363506000
1776363508.559,208.559,0.73,5.0,0.72,20.91,0.75,37.45,0.76,29.7,0.25,37.45,0.24,29.7,0.27,5.0,0.28,20.91,0.02,0.02,2329.2913,1776363507000
1776363508.84,208.84,0.74,25.0,0.72,30.0,0.77,27.08,0.78,21.0,0.23,17.08,0.22,21.0,0.28,38.77,0.29,45.0,0.03,0.05,2329.2913,1776363507000
1776363509.669,209.669,0.75,148.0,0.74,159.0,0.76,30.0,0.77,22.08,0.23,27.08,0.22,21.0,0.26,25.0,0.28,30.0,0.01,0.03,2329.292971,1776363508000
1776363509.966,209.966,0.75,40.96,0.74,159.0,0.76,13.42,0.77,87.08,0.24,20.0,0.23,87.08,0.25,40.96,0.26,159.0,0.01,0.01,2329.292971,1776363508000
1776363510.37,210.37,0.76,4.0,0.75,29.96,0.77,75.0,0.78,70.0,0.23,81.08,0.22,101.0,0.25,40.96,0.26,159.0,0.01,0.02,2329.551058,1776363509000
1776363510.66,210.66,0.76,191.5,0.75,14.96,0.77,37.19,0.78,70.0,0.23,37.19,0.22,70.0,0.24,178.5,0.25,14.96,0.01,0.01,2329.551058,1776363509000
1776363511.141,211.141,0.76,196.5,0.75,14.96,0.77,24.08,0.78,70.0,0.23,25.64,0.22,70.0,0.24,191.5,0.25,14.96,0.01,0.01,2329.551058,1776363509000
1776363511.441,211.441,0.76,186.5,0.75,14.96,0.77,19.08,0.78,70.0,0.23,24.08,0.22,70.0,0.24,196.5,0.25,14.96,0.01,0.01,2329.674473,1776363510000
1776363511.916,211.916,0.76,197.5,0.75,14.96,0.77,17.65,0.78,70.0,0.23,19.08,0.22,70.0,0.24,186.5,0.25,14.96,0.01,0.01,2329.674473,1776363510000
1776363513.04,213.04,0.76,138.5,0.75,7.96,0.78,48.96,0.79,10.0,0.23,17.65,0.22,70.0,0.24,186.5,0.25,14.96,0.02,0.01,2329.62275,1776363511000
1776363513.485,213.485,0.77,11.0,0.76,32.0,0.78,48.96,0.79,10.0,0.22,48.96,0.21,10.0,0.24,138.5,0.25,7.96,0.01,0.02,2329.768865,1776363512000
1776363514.116,214.116,0.77,76.0,0.76,107.0,0.78,10.0,0.83,10.0,0.22,48.96,0.21,10.0,0.23,11.0,0.24,32.0,0.01,0.01,2329.768865,1776363513000
1776363514.449,214.449,0.82,4.0,0.81,10.0,0.83,10.0,0.84,150.0,0.22,10.0,0.17,10.0,0.23,76.0,0.24,107.0,0.01,0.01,2329.768865,1776363513000
1776363515.256,215.256,0.83,2.03,0.82,4.0,0.84,140.0,0.85,70.0,0.17,10.0,0.16,150.0,0.18,4.0,0.19,10.0,0.01,0.01,2329.722385,1776363514000
1776363515.581,215.581,0.83,1.0,0.82,9.0,0.84,135.0,0.85,70.0,0.16,135.0,0.15,70.0,0.17,2.03,0.18,4.0,0.01,0.01,2329.722385,1776363514000
1776363515.984,215.984,0.83,1.0,0.82,9.0,0.84,100.3,0.85,70.0,0.16,111.05,0.15,70.0,0.17,1.0,0.18,9.0,0.01,0.01,2329.722385,1776363514000
1776363516.49,216.49,0.83,1.0,0.82,9.0,0.84,104.34,0.85,70.0,0.16,100.3,0.15,70.0,0.17,1.0,0.18,9.0,0.01,0.01,2329.8724,1776363515000
1776363516.792,216.792,0.85,35.0,0.84,10.0,0.86,22.65,0.87,116.8,0.16,103.14,0.15,70.0,0.17,1.0,0.18,9.0,0.01,0.01,2329.8724,1776363515000
1776363517.047,217.047,0.85,72.0,0.84,10.0,0.86,20.01,0.87,116.8,0.14,20.11,0.13,116.8,0.15,55.0,0.16,10.0,0.01,0.01,2329.872728,1776363516000
1776363517.315,217.315,0.86,35.8,0.85,45.0,0.87,105.3,0.88,109.1,0.13,111.05,0.12,109.1,0.14,35.8,0.15,45.0,0.01,0.01,2329.872728,1776363516000
1776363517.921,217.921,0.86,69.63,0.85,40.0,0.87,54.44,0.88,109.1,0.13,90.59,0.12,109.1,0.14,10.0,0.15,40.0,0.01,0.01,2329.872728,1776363516000
1776363518.548,218.548,0.87,41.66,0.86,21.63,0.88,109.1,0.89,46.79,0.12,109.1,0.11,46.79,0.13,7.56,0.14,69.63,0.01,0.01,2329.993563,1776363517000
1776363518.801,218.801,0.87,41.66,0.86,21.63,0.88,96.72,0.89,46.79,0.12,109.1,0.11,46.79,0.13,41.66,0.14,21.63,0.01,0.01,2329.993563,1776363517000
1776363521.315,221.315,0.87,55.66,0.86,170.95,0.88,84.58,0.89,46.79,0.12,96.72,0.11,46.79,0.13,41.66,0.14,21.63,0.01,0.01,2330.932775,1776363520000
1776363521.886,221.886,0.88,26.04,0.87,102.05,0.9,208.33,0.91,46.0,0.12,25.62,0.11,46.79,0.13,21.66,0.14,170.95,0.02,0.01,2330.932775,1776363520000
1776363522.092,222.092,0.88,36.04,0.87,110.94,0.9,204.29,0.91,46.0,0.1,205.96,0.09,46.0,0.12,26.04,0.13,110.94,0.02,0.02,2330.932775,1776363520000
1776363522.406,222.406,0.89,49.87,0.88,30.0,0.9,144.29,0.91,46.0,0.1,144.29,0.09,46.0,0.11,5.97,0.12,30.0,0.01,0.01,2330.932775,1776363520000
1776363522.759,222.759,0.89,5.97,0.88,30.0,0.9,137.62,0.91,46.0,0.1,142.62,0.09,46.0,0.11,22.87,0.12,30.0,0.01,0.01,2330.916964,1776363521000
1776363522.969,222.969,0.88,60.0,0.87,31.66,0.89,9.62,0.9,128.82,0.1,128.82,0.09,46.0,0.12,30.0,0.13,31.66,0.01,0.02,2330.881374,1776363522000
1776363523.223,223.223,0.89,28.0,0.88,43.9,0.9,146.2,0.91,46.0,0.1,122.2,0.09,46.0,0.11,10.0,0.12,73.9,0.01,0.01,2330.881374,1776363522000
1776363523.607,223.607,0.89,33.6,0.88,29.9,0.9,119.2,0.91,46.0,0.1,146.2,0.09,46.0,0.11,28.0,0.12,43.9,0.01,0.01,2330.881374,1776363522000
1776363524.004,224.004,0.89,38.6,0.88,10.0,0.9,115.62,0.91,46.0,0.1,116.85,0.09,46.0,0.11,33.6,0.12,29.9,0.01,0.01,2330.881374,1776363522000
1776363524.378,224.378,0.89,38.6,0.88,10.0,0.9,113.06,0.91,46.0,0.1,114.29,0.09,46.0,0.11,38.6,0.12,10.0,0.01,0.01,2330.855834,1776363523000
1776363525.24,225.24,0.89,3.13,0.88,10.0,0.9,10.0,0.91,46.0,0.1,113.06,0.09,46.0,0.11,38.6,0.12,10.0,0.01,0.01,2330.710395,1776363524000
1776363526.032,226.032,0.9,11.0,0.89,29.01,0.91,46.0,0.92,22.0,0.1,3.0,0.09,46.0,0.11,5.01,0.12,20.0,0.01,0.01,2330.710395,1776363524000
1776363527.292,227.292,0.9,11.09,0.89,24.01,0.91,46.0,0.92,22.0,0.09,46.0,0.08,22.0,0.1,11.0,0.11,29.01,0.01,0.01,2330.773666,1776363526000
1776363527.996,227.996,0.89,33.43,0.87,21.66,0.9,43.0,0.91,105.0,0.09,46.0,0.08,22.0,0.1,11.09,0.11,24.01,0.01,0.01,2330.773666,1776363526000
1776363528.396,228.396,0.89,13.43,0.87,1.66,0.9,128.0,0.91,71.0,0.1,43.0,0.09,105.0,0.11,33.43,0.13,21.66,0.01,0.01,2330.880786,1776363527000
1776363528.69,228.69,0.85,40.0,0.84,10.0,0.86,22.6,0.87,80.0,0.14,8.83,0.13,80.0,0.15,40.0,0.16,10.0,0.01,0.01,2330.880786,1776363527000
1776363529.047,229.047,0.85,40.0,0.84,10.0,0.86,8.7,0.87,73.83,0.13,73.83,0.12,92.0,0.15,40.0,0.16,10.0,0.01,0.02,2330.880786,1776363527000
1776363530.084,230.084,0.85,15.0,0.83,54.0,0.86,95.67,0.87,73.83,0.14,8.7,0.13,73.83,0.15,40.0,0.16,10.0,0.01,0.01,2330.820118,1776363528000
1776363531.215,231.215,0.83,19.0,0.82,94.0,0.85,5.0,0.86,20.0,0.14,95.67,0.13,73.83,0.15,15.0,0.17,54.0,0.02,0.01,2330.028856,1776363530000
1776363531.764,231.764,0.83,10.0,0.82,84.0,0.84,45.0,0.85,15.0,0.15,5.0,0.14,20.0,0.17,19.0,0.18,94.0,0.01,0.02,2330.028856,1776363530000
1776363532.075,232.075,0.83,10.0,0.82,84.0,0.84,53.59,0.85,15.0,0.16,45.0,0.15,15.0,0.17,10.0,0.18,84.0,0.01,0.01,2330.028856,1776363530000
1776363532.522,232.522,0.81,3.73,0.8,62.86,0.83,65.0,0.84,89.0,0.16,53.59,0.15,15.0,0.17,10.0,0.18,84.0,0.02,0.01,2329.772547,1776363531000
1776363532.788,232.788,0.8,62.86,0.79,9.0,0.81,46.27,0.82,17.58,0.18,21.47,0.17,105.0,0.19,3.73,0.2,62.86,0.01,0.01,2329.772547,1776363531000
1776363533.272,233.272,0.8,54.5,0.79,9.0,0.81,8.73,0.82,77.58,0.19,10.0,0.18,87.58,0.2,54.5,0.21,9.0,0.01,0.01,2329.750076,1776363532000
1776363534.065,234.065,0.8,45.5,0.78,20.0,0.82,35.16,0.83,95.0,0.19,8.73,0.18,77.58,0.2,54.5,0.21,9.0,0.02,0.01,2329.750076,1776363532000
1776363535.207,235.207,0.8,15.5,0.79,57.71,0.81,93.0,0.82,80.16,0.18,35.16,0.17,95.0,0.2,45.5,0.22,20.0,0.01,0.02,2329.469313,1776363533000
1776363535.67,235.67,0.8,33.5,0.78,10.0,0.81,97.06,0.82,80.16,0.19,89.41,0.18,80.16,0.2,15.5,0.21,57.71,0.01,0.01,2329.402938,1776363534000
1776363536.433,236.433,0.8,13.5,0.78,20.0,0.81,60.89,0.82,65.16,0.19,77.06,0.18,80.16,0.2,20.5,0.22,10.0,0.01,0.01,2329.402938,1776363535000
1776363537.544,237.544,0.8,13.5,0.79,15.0,0.82,140.16,0.83,95.0,0.19,52.89,0.18,55.16,0.2,13.5,0.22,20.0,0.02,0.01,2329.3025,1776363536000
1776363538.434,238.434,0.8,8.5,0.79,25.0,0.82,123.94,0.83,95.0,0.18,140.16,0.17,95.0,0.2,13.5,0.21,15.0,0.02,0.02,2329.3025,1776363536000
1776363538.98,238.98,0.81,38.95,0.8,8.5,0.82,113.94,0.83,95.0,0.18,123.94,0.17,95.0,0.2,8.5,0.21,25.0,0.01,0.02,2329.199178,1776363537000
1776363539.187,239.187,0.81,33.95,0.8,18.5,0.82,107.94,0.83,90.0,0.18,113.94,0.17,95.0,0.19,38.95,0.2,8.5,0.01,0.01,2329.199178,1776363537000
1776363540.787,240.787,0.81,116.08,0.8,54.5,0.82,95.54,0.83,80.0,0.18,107.94,0.17,90.0,0.19,33.95,0.2,18.5,0.01,0.01,2329.432481,1776363539000
1776363541.035,241.035,0.81,123.08,0.8,54.5,0.82,32.34,0.83,80.0,0.18,34.34,0.17,80.0,0.19,123.08,0.2,54.5,0.01,0.01,2329.432481,1776363539000
1776363541.507,241.507,0.78,0.42,0.77,80.0,0.83,10.0,0.84,10.0,0.18,32.34,0.17,80.0,0.19,70.44,0.2,54.5,0.05,0.01,2329.432481,1776363540000
1776363542.075,242.075,0.83,133.72,0.82,50.0,0.84,10.0,0.86,10.0,0.17,10.0,0.16,10.0,0.22,0.42,0.23,80.0,0.01,0.05,2329.432481,1776363540000
1776363543.083,243.083,0.83,90.82,0.82,36.0,0.84,7.48,0.85,10.0,0.16,10.0,0.14,10.0,0.17,133.72,0.18,50.0,0.01,0.01,2329.433385,1776363541000
1776363543.335,243.335,0.83,100.82,0.82,141.48,0.86,9.7,0.87,115.0,0.16,1.48,0.15,10.0,0.17,100.82,0.18,141.48,0.03,0.01,2329.433385,1776363541000
1776363543.63,243.63,0.84,16.0,0.83,87.0,0.85,7.68,0.86,4.7,0.14,4.7,0.13,115.0,0.17,100.82,0.18,141.48,0.01,0.03,2329.636537,1776363542000
1776363544.665,244.665,0.83,8.71,0.82,21.0,0.85,7.68,0.86,29.7,0.15,7.68,0.14,4.7,0.16,16.0,0.17,87.0,0.02,0.01,2329.699777,1776363543000
1776363545.514,245.514,0.84,15.0,0.83,42.71,0.88,117.35,0.89,58.0,0.15,7.68,0.14,29.7,0.17,8.71,0.18,21.0,0.04,0.02,2329.699777,1776363543000
1776363545.81,245.81,0.86,15.0,0.85,20.0,0.87,13.73,0.88,100.0,0.12,117.35,0.11,58.0,0.16,15.0,0.17,42.71,0.01,0.04,2329.697755,1776363544000
1776363546.217,246.217,0.86,27.0,0.85,35.0,0.87,2.46,0.88,100.0,0.13,13.73,0.12,100.0,0.14,15.0,0.15,20.0,0.01,0.01,2329.697755,1776363544000
1776363546.975,246.975,0.86,10.0,0.85,20.0,0.87,0.16,0.88,110.0,0.13,2.46,0.12,100.0,0.14,27.0,0.15,35.0,0.01,0.01,2329.687215,1776363545000
1776363547.723,247.723,0.86,10.0,0.85,20.0,0.88,78.82,0.89,10.0,0.13,0.16,0.12,110.0,0.14,10.0,0.15,20.0,0.02,0.01,2329.678975,1776363546000
1776363548.271,248.271,0.86,10.0,0.85,20.0,0.88,54.6,0.89,10.0,0.12,62.76,0.11,10.0,0.14,10.0,0.15,20.0,0.02,0.02,2329.678975,1776363546000
1776363549.777,249.777,0.87,10.0,0.86,25.0,0.88,28.36,0.9,103.0,0.12,54.6,0.11,10.0,0.14,10.0,0.15,20.0,0.01,0.02,2329.73572,1776363548000
1776363551.286,251.286,0.87,30.37,0.84,36.8,0.88,57.0,0.89,73.0,0.12,27.0,0.1,103.0,0.13,10.0,0.14,25.0,0.01,0.01,2329.670803,1776363550000
1776363552.679,252.679,0.84,98.09,0.83,44.0,0.86,8.37,0.87,15.0,0.12,57.0,0.11,73.0,0.16,36.8,0.17,69.5,0.02,0.04,2329.705892,1776363551000
1776363553.587,253.587,0.84,68.66,0.83,44.0,0.86,3.37,0.87,15.0,0.14,8.37,0.13,15.0,0.16,98.09,0.17,44.0,0.02,0.02,2329.64048,1776363552000
1776363553.836,253.836,0.85,10.0,0.84,58.66,0.86,6.97,0.87,15.0,0.14,3.37,0.13,15.0,0.16,68.66,0.17,44.0,0.01,0.02,2329.64048,1776363552000
1776363555.023,255.023,0.87,80.0,0.86,50.0,0.88,25.0,0.89,20.0,0.14,6.97,0.13,15.0,0.15,10.0,0.16,58.66,0.01,0.01,2329.440944,1776363553000
1776363557.883,257.883,0.9,10.0,0.89,10.0,0.91,6.77,0.92,62.0,0.12,25.0,0.11,20.0,0.13,80.0,0.14,50.0,0.01,0.01,2329.49571,1776363556000
1776363558.272,258.272,0.9,22.0,0.89,55.71,0.91,19.0,0.92,68.77,0.08,58.77,0.07,39.0,0.1,25.0,0.11,20.0,0.01,0.02,2329.684428,1776363557000
1776363558.509,258.509,0.89,59.71,0.88,22.0,0.9,14.0,0.91,49.0,0.09,19.0,0.08,68.77,0.1,16.08,0.11,55.71,0.01,0.01,2329.684428,1776363557000
1776363558.893,258.893,0.89,42.71,0.88,44.1,0.9,24.0,0.91,35.0,0.1,14.0,0.09,49.0,0.11,59.71,0.12,22.0,0.01,0.01,2329.684428,1776363557000
1776363559.273,259.273,0.88,40.25,0.87,62.8,0.9,19.0,0.91,30.0,0.1,24.0,0.09,35.0,0.11,42.71,0.12,44.1,0.02,0.01,2329.684428,1776363557000
1776363559.583,259.583,0.91,21.0,0.9,85.0,0.92,52.4,0.93,39.0,0.1,19.0,0.09,30.0,0.12,40.25,0.13,62.8,0.01,0.02,2329.684428,1776363557000
1776363559.984,259.984,0.91,87.0,0.9,99.0,0.93,32.19,0.94,151.0,0.08,50.35,0.07,39.0,0.09,25.0,0.1,99.0,0.02,0.01,2329.84,1776363559000
1776363560.216,260.216,0.92,18.0,0.91,110.0,0.94,142.41,0.95,125.0,0.07,32.19,0.06,151.0,0.09,87.0,0.1,99.0,0.02,0.02,2329.84,1776363559000
1776363560.5,260.5,0.93,19.0,0.92,80.0,0.94,35.1,0.95,125.0,0.06,134.33,0.05,125.0,0.07,9.0,0.08,90.0,0.01,0.01,2329.84,1776363559000
1776363560.713,260.713,0.93,9.0,0.92,175.0,0.95,125.0,0.96,125.0,0.06,12.36,0.05,125.0,0.07,19.0,0.08,80.0,0.02,0.01,2329.84,1776363559000
1776363561.425,261.425,0.93,15.0,0.92,172.0,0.95,125.0,0.96,125.0,0.05,125.0,0.04,125.0,0.07,9.0,0.08,175.0,0.02,0.02,2329.779868,1776363560000
1776363561.756,261.756,0.93,3.42,0.92,172.0,0.95,34.46,0.96,125.0,0.05,109.46,0.04,125.0,0.07,15.0,0.08,172.0,0.02,0.02,2329.779868,1776363560000
1776363562.05,262.05,0.93,91.72,0.92,73.9,0.94,54.93,0.95,33.15,0.05,33.15,0.04,125.0,0.07,3.42,0.08,220.9,0.01,0.02,2329.779868,1776363560000
1776363562.47,262.47,0.93,56.62,0.92,73.9,0.94,25.93,0.95,33.15,0.06,54.93,0.05,33.15,0.07,66.62,0.08,73.9,0.01,0.01,2330.473505,1776363561000
1776363562.736,262.736,0.93,56.62,0.92,73.9,0.94,8.8,0.95,33.15,0.06,14.32,0.05,33.15,0.07,56.62,0.08,73.9,0.01,0.01,2330.473505,1776363561000
1776363562.977,262.977,0.94,15.0,0.93,76.62,0.95,27.09,0.96,125.0,0.05,32.09,0.04,125.0,0.06,10.0,0.07,66.62,0.01,0.01,2330.473505,1776363561000
1776363563.822,263.822,0.94,103.8,0.93,68.3,0.95,18.64,0.96,50.0,0.05,19.7,0.04,125.0,0.06,81.8,0.07,63.3,0.01,0.01,2330.67885,1776363562000
1776363564.038,264.038,0.94,109.12,0.93,68.3,0.95,17.58,0.96,50.0,0.05,18.64,0.04,50.0,0.06,103.8,0.07,68.3,0.01,0.01,2330.601322,1776363563000
1776363564.36,264.36,0.94,95.78,0.93,78.3,0.96,43.41,0.97,158.92,0.05,14.4,0.04,50.0,0.06,75.78,0.07,68.3,0.02,0.01,2330.601322,1776363563000
1776363564.999,264.999,0.95,80.8,0.94,53.46,0.96,8.95,0.97,141.09,0.03,141.09,0.02,487.0,0.06,68.78,0.07,78.3,0.01,0.03,2330.601322,1776363563000
1776363565.309,265.309,0.95,90.8,0.94,53.46,0.97,70.8,0.98,487.0,0.03,73.9,0.02,487.0,0.05,90.8,0.06,53.46,0.02,0.02,2330.414022,1776363564000
1776363565.566,265.566,0.96,98.7,0.95,96.06,0.97,65.6,0.98,487.0,0.03,66.64,0.02,487.0,0.05,90.8,0.06,53.46,0.01,0.02,2330.414022,1776363564000
1776363565.836,265.836,0.96,98.7,0.95,111.64,0.97,46.08,0.98,487.0,0.03,47.12,0.02,487.0,0.04,98.7,0.05,96.06,0.01,0.01,2330.414022,1776363564000
1776363566.284,266.284,0.95,10.58,0.94,48.46,0.97,315.08,0.98,298.0,0.03,46.08,0.02,487.0,0.04,98.7,0.05,111.64,0.02,0.01,2330.448874,1776363565000
1776363567.205,267.205,0.94,40.61,0.93,83.3,0.95,4.79,0.96,15.0,0.04,15.0,0.03,315.08,0.06,40.61,0.07,78.3,0.01,0.02,2330.449487,1776363566000
1776363567.681,267.681,0.94,40.61,0.93,83.3,0.96,9.38,0.97,281.08,0.04,14.53,0.03,315.08,0.06,40.61,0.07,83.3,0.02,0.02,2330.449487,1776363566000
1776363568.342,268.342,0.95,10.0,0.94,45.61,0.97,265.41,0.98,253.0,0.04,9.38,0.03,281.08,0.06,40.61,0.07,83.3,0.02,0.02,2330.30885,1776363567000
1776363568.667,268.667,0.94,50.61,0.93,73.3,0.97,270.41,0.98,248.0,0.03,265.41,0.02,253.0,0.05,10.0,0.06,45.61,0.03,0.02,2330.30885,1776363567000
1776363569.073,269.073,0.95,112.8,0.94,45.61,0.97,30.41,0.98,248.0,0.03,270.41,0.02,248.0,0.06,50.61,0.07,73.3,0.02,0.03,2330.30885,1776363567000
1776363569.274,269.274,0.96,20.62,0.95,129.8,0.97,7.09,0.98,248.0,0.03,30.31,0.02,248.0,0.04,20.62,0.05,122.8,0.01,0.01,2330.30885,1776363567000
1776363569.687,269.687,0.96,166.32,0.95,112.8,0.98,248.0,0.99,4565.84,0.03,7.09,0.02,248.0,0.04,20.62,0.05,129.8,0.02,0.01,2330.179503,1776363568000
1776363570.003,270.003,0.97,239.13,0.96,158.32,0.98,235.74,0.99,4565.84,0.02,245.95,0.01,4565.84,0.03,110.43,0.04,156.32,0.01,0.01,2330.179503,1776363568000
1776363570.455,270.455,0.97,246.13,0.96,151.32,0.98,215.64,0.99,4560.84,0.02,220.69,0.01,4565.84,0.03,239.13,0.04,151.32,0.01,0.01,2330.217687,1776363569000
1776363570.75,270.75,0.97,249.13,0.96,157.93,0.98,109.52,0.99,4560.84,0.02,210.53,0.01,4560.84,0.03,239.13,0.04,157.93,0.01,0.01,2330.217687,1776363569000
1776363571.154,271.154,0.97,249.13,0.96,157.93,0.98,50.4,0.99,4560.84,0.02,101.43,0.01,4560.84,0.03,249.13,0.04,157.93,0.01,0.01,2330.217687,1776363569000
1776363571.653,271.653,0.97,249.13,0.96,157.93,0.98,45.29,0.99,4560.84,0.02,50.4,0.01,4560.84,0.03,249.13,0.04,157.93,0.01,0.01,2330.636607,1776363570000
1776363571.967,271.967,0.97,249.13,0.96,157.93,0.98,36.09,0.99,4560.84,0.02,41.19,0.01,4560.84,0.03,249.13,0.04,157.93,0.01,0.01,2330.636607,1776363570000
1776363572.172,272.172,0.97,249.13,0.96,157.93,0.98,25.89,0.99,4560.84,0.02,30.99,0.01,4560.84,0.03,249.13,0.04,157.93,0.01,0.01,2330.636607,1776363570000
1776363572.596,272.596,0.97,249.13,0.96,157.93,0.99,4548.08,,,0.02,15.69,0.01,4560.84,0.03,249.13,0.04,157.93,0.02,0.01,2330.795995,1776363571000
1776363572.966,272.966,0.98,193.7,0.97,239.13,0.99,4538.02,,,0.01,4543.02,,,0.02,183.7,0.03,249.13,0.01,0.01,2330.849605,1776363572000
1776363573.212,273.212,0.98,203.89,0.97,138.7,0.99,4530.27,,,0.01,4532.97,,,0.02,203.89,0.03,138.7,0.01,0.01,2330.849605,1776363572000
1776363573.43,273.43,0.98,203.89,0.97,138.7,0.99,3974.13,,,0.01,3979.13,,,0.02,203.89,0.03,138.7,0.01,0.01,2330.849605,1776363572000
1776363573.85,273.85,0.98,153.89,0.97,138.7,0.99,1625.84,,,0.01,3974.13,,,0.02,153.89,0.03,138.7,0.01,0.01,2330.849605,1776363572000
1776363574.363,274.363,0.98,158.89,0.97,148.7,0.99,1589.78,,,0.01,1576.84,,,0.02,153.89,0.03,138.7,0.01,0.01,2330.865024,1776363573000
1776363574.736,274.736,0.98,158.89,0.97,138.7,0.99,1583.71,,,0.01,1584.73,,,0.02,158.89,0.03,148.7,0.01,0.01,2330.865024,1776363573000
1776363574.942,274.942,0.98,158.89,0.97,138.7,0.99,1548.66,,,0.01,1553.71,,,0.02,158.89,0.03,138.7,0.01,0.01,2330.865785,1776363574000
1776363575.319,275.319,0.98,25.19,0.97,15.0,0.99,1396.12,,,0.01,1547.64,,,0.02,158.89,0.03,138.7,0.01,0.01,2330.865785,1776363574000
1776363575.558,275.558,0.98,178.19,0.97,15.0,0.99,1386.12,,,0.01,1391.12,,,0.02,178.19,0.03,15.0,0.01,0.01,2330.865785,1776363574000
1776363575.982,275.982,0.98,178.19,0.97,15.0,0.99,1041.29,,,0.01,1142.3,,,0.02,178.19,0.03,15.0,0.01,0.01,2330.86161,1776363575000
1776363576.204,276.204,0.98,185.19,0.97,15.0,0.99,21.07,,,0.01,31.18,,,0.02,185.19,0.03,15.0,0.01,0.01,2330.86161,1776363575000
1776363576.932,276.932,0.99,538.09,0.98,115.69,,,,,,,,,0.02,117.69,0.03,10.0,,,2330.86161,1776363575000
1776363577.374,277.374,0.99,541.96,0.98,115.69,,,,,,,,,0.01,538.09,0.02,115.69,,,2331.01495,1776363576000
1776363577.715,277.715,0.99,493.95,0.98,115.69,,,,,,,,,0.01,513.95,0.02,115.69,,,2331.01495,1776363576000
1776363580.429,280.429,0.98,115.69,0.97,25.15,,,,,,,,,0.01,340.46,0.02,115.69,,,2330.72483,1776363579000
1776363580.728,280.728,0.98,30.69,0.97,48.15,0.99,105.0,,,0.01,5.0,,,0.02,55.69,0.03,48.15,0.01,0.01,2330.72483,1776363579000
1776363580.968,280.968,0.97,30.15,0.96,53.23,0.98,18.93,0.99,207.0,0.02,33.31,0.01,107.97,0.03,30.15,0.04,53.23,0.01,0.01,2330.72483,1776363579000
1776363581.3,281.3,0.96,58.23,0.95,10.0,0.97,5.85,0.98,17.9,0.02,17.9,0.01,207.0,0.03,30.15,0.04,58.23,0.01,0.01,2330.65463,1776363580000
1776363581.585,281.585,0.97,8.75,0.96,63.23,0.99,88.75,,,0.01,90.75,,,0.03,8.75,0.04,63.23,0.02,0.02,2330.65463,1776363580000
1776363582.633,282.633,0.97,110.23,0.96,37.23,0.99,4.95,,,,,,,0.03,8.75,0.04,63.23,0.02,,2330.4076,1776363581000
1776363582.955,282.955,0.98,10.0,0.97,105.23,,,,,,,,,0.01,96.06,0.03,110.23,,,2330.4076,1776363581000
1776363584.829,284.829,0.99,10.01,0.98,72.0,,,,,,,,,0.02,10.0,0.03,105.23,,,2329.970878,1776363583000
1776363585.03,285.03,0.97,21.9,0.96,37.23,,,,,,,,,0.03,21.9,0.04,37.23,,,2329.970878,1776363583000
1776363586.775,286.775,0.94,16.58,0.93,118.0,,,,,,,,,0.03,21.9,0.04,37.23,,,2329.941327,1776363585000
1776363587.051,287.051,0.94,16.58,0.93,118.0,0.98,10.0,0.99,10.0,,,,,0.06,16.58,0.07,118.0,0.04,,2329.941327,1776363585000
1776363589.532,289.532,0.96,10.0,0.95,10.0,,,,,,,,,0.03,10.0,0.04,10.0,,,2330.15949,1776363588000
1776363589.883,289.883,0.99,10.2,0.97,29.0,,,,,,,,,0.04,10.0,0.05,10.0,,,2330.15949,1776363588000
1776363590.084,290.084,0.99,10.19,0.98,16.0,,,,,,,,,0.01,10.2,0.03,29.0,,,2330.15949,1776363588000
1776363590.344,290.344,0.99,122.89,0.98,16.0,,,,,,,,,0.01,10.19,0.02,16.0,,,2330.149677,1776363589000
1776363590.966,290.966,0.99,293.04,0.98,16.0,,,,,,,,,0.01,122.89,0.02,16.0,,,2330.149677,1776363589000
1776363593.465,293.465,0.99,4554.14,0.98,16.0,,,,,,,,,0.01,293.04,0.02,16.0,,,2330.20096,1776363592000
1776363600.521,300.521,0.99,65135.09,0.98,136.0,,,,,,,,,0.01,4554.14,0.02,16.0,,,2329.756205,1776363599000

# RESULT,winner=Up,slug=eth-updown-5m-1776363300,ticks=394
