timestamp,elapsed_sec,up_bid_p1,up_bid_s1,up_bid_p2,up_bid_s2,up_ask_p1,up_ask_s1,up_ask_p2,up_ask_s2,down_bid_p1,down_bid_s1,down_bid_p2,down_bid_s2,down_ask_p1,down_ask_s1,down_ask_p2,down_ask_s2,up_spread,down_spread,eth_price,eth_oracle_ts
1776223201.48,1.48,0.59,35.0,0.58,10.0,0.62,70.0,0.63,84.0,0.38,70.0,0.37,84.0,0.4,17.0,0.41,35.0,0.03,0.02,2322.595625,1776223200000
1776223201.8,1.8,0.6,12.0,0.59,35.0,0.61,5.0,0.62,70.0,0.38,70.0,0.37,84.0,0.4,17.0,0.41,35.0,0.01,0.02,2322.595625,1776223200000
1776223202.135,2.135,0.6,7.0,0.59,40.0,0.61,0.32,0.62,75.0,0.39,5.0,0.38,70.0,0.4,12.0,0.41,35.0,0.01,0.01,2322.595625,1776223200000
1776223203.595,3.595,0.6,7.0,0.59,40.0,0.61,0.32,0.62,75.0,0.39,0.32,0.38,75.0,0.4,7.0,0.41,40.0,0.01,0.01,2323.054355,1776223202000
1776223204.127,4.127,0.6,7.0,0.59,40.0,0.61,0.32,0.62,75.0,0.39,0.32,0.38,75.0,0.4,7.0,0.41,40.0,0.01,0.01,2323.073825,1776223203000
1776223204.334,4.334,0.6,43.05,0.59,20.0,0.62,55.32,0.63,89.0,0.39,0.32,0.38,75.0,0.4,7.0,0.41,40.0,0.02,0.01,2323.073825,1776223203000
1776223205.161,5.161,0.6,43.05,0.59,20.0,0.62,55.32,0.63,89.0,0.38,55.32,0.37,89.0,0.4,43.05,0.41,20.0,0.02,0.02,2323.13738,1776223204000
1776223206.509,6.509,0.61,58.0,0.6,69.05,0.62,32.48,0.63,70.0,0.38,58.48,0.37,89.0,0.39,15.0,0.4,48.05,0.01,0.01,2323.13738,1776223204000
1776223206.83,6.83,0.61,53.0,0.6,69.05,0.62,35.86,0.63,75.0,0.38,32.48,0.37,70.0,0.39,58.0,0.4,69.05,0.01,0.01,2323.13738,1776223204000
1776223207.54,7.54,0.61,53.0,0.6,69.05,0.62,35.86,0.63,75.0,0.38,35.86,0.37,75.0,0.39,53.0,0.4,69.05,0.01,0.01,2323.151875,1776223206000
1776223208.225,8.225,0.61,58.0,0.6,69.05,0.62,27.06,0.63,75.0,0.38,27.06,0.37,75.0,0.39,58.0,0.4,69.05,0.01,0.01,2323.18737,1776223207000
1776223209.114,9.114,0.67,15.0,0.66,20.0,0.69,71.43,0.7,70.0,0.37,75.0,0.36,70.0,0.39,58.0,0.4,69.05,0.02,0.02,2323.18737,1776223207000
1776223209.351,9.351,0.68,55.0,0.67,30.0,0.69,68.4,0.7,95.0,0.31,71.43,0.3,70.0,0.33,15.0,0.34,20.0,0.01,0.02,2323.18737,1776223207000
1776223209.57,9.57,0.68,55.0,0.67,30.0,0.69,68.4,0.7,95.0,0.31,68.4,0.3,95.0,0.32,55.0,0.33,30.0,0.01,0.01,2323.368948,1776223208000
1776223210.232,10.232,0.68,90.0,0.67,30.0,0.69,55.9,0.7,80.0,0.31,68.4,0.3,95.0,0.32,55.0,0.33,30.0,0.01,0.01,2323.368948,1776223208000
1776223210.91,10.91,0.68,95.0,0.67,30.0,0.69,50.9,0.7,85.0,0.31,50.9,0.3,85.0,0.32,95.0,0.33,30.0,0.01,0.01,2323.377985,1776223210000
1776223211.937,11.937,0.68,84.0,0.67,30.0,0.69,50.9,0.7,81.0,0.31,50.9,0.3,85.0,0.32,95.0,0.33,30.0,0.01,0.01,2323.377985,1776223210000
1776223212.186,12.186,0.68,84.0,0.67,30.0,0.69,50.9,0.7,81.0,0.31,50.9,0.3,81.0,0.32,84.0,0.33,30.0,0.01,0.01,2323.700945,1776223211000
1776223212.925,12.925,0.68,84.0,0.67,30.0,0.69,50.9,0.7,81.0,0.31,50.9,0.3,81.0,0.32,84.0,0.33,30.0,0.01,0.01,2323.700185,1776223212000
1776223213.365,13.365,0.68,89.0,0.67,25.0,0.69,37.85,0.7,75.0,0.31,48.0,0.3,80.0,0.32,84.0,0.33,30.0,0.01,0.01,2323.700185,1776223212000
1776223213.574,13.574,0.68,84.0,0.67,25.0,0.69,35.76,0.7,86.0,0.31,37.85,0.3,75.0,0.32,89.0,0.33,25.0,0.01,0.01,2323.700185,1776223212000
1776223214.082,14.082,0.68,89.0,0.67,25.0,0.69,21.26,0.7,86.0,0.31,21.26,0.3,86.0,0.32,89.0,0.33,25.0,0.01,0.01,2323.8792,1776223213000
1776223214.579,14.579,0.68,89.0,0.67,30.0,0.69,14.81,0.7,80.0,0.31,21.26,0.3,86.0,0.32,89.0,0.33,25.0,0.01,0.01,2323.8792,1776223213000
1776223215.865,15.865,0.68,87.75,0.67,30.0,0.69,13.36,0.7,80.0,0.31,13.36,0.3,80.0,0.32,87.75,0.33,30.0,0.01,0.01,2323.745392,1776223214000
1776223216.426,16.426,0.68,87.75,0.67,30.0,0.69,13.36,0.7,80.0,0.31,13.36,0.3,80.0,0.32,87.75,0.33,30.0,0.01,0.01,2323.68614,1776223215000
1776223216.997,16.997,0.68,87.75,0.67,30.0,0.69,13.36,0.7,80.0,0.31,13.36,0.3,80.0,0.32,87.75,0.33,30.0,0.01,0.01,2323.774544,1776223216000
1776223217.429,17.429,0.68,49.0,0.67,30.0,0.69,27.36,0.7,80.0,0.31,13.36,0.3,80.0,0.32,87.75,0.33,30.0,0.01,0.01,2323.774544,1776223216000
1776223217.826,17.826,0.68,48.0,0.67,40.0,0.69,10.36,0.7,80.0,0.31,32.36,0.3,80.0,0.32,38.0,0.33,30.0,0.01,0.01,2323.774544,1776223216000
1776223218.119,18.119,0.68,48.0,0.67,40.0,0.69,10.36,0.7,80.0,0.31,10.36,0.3,80.0,0.32,48.0,0.33,40.0,0.01,0.01,2323.669265,1776223217000
1776223218.444,18.444,0.69,10.93,0.68,73.0,0.7,94.0,0.71,31.29,0.31,10.36,0.3,80.0,0.32,48.0,0.33,40.0,0.01,0.01,2323.669265,1776223217000
1776223218.807,18.807,0.69,0.93,0.68,73.0,0.7,99.0,0.71,25.0,0.3,94.0,0.29,31.29,0.31,10.93,0.32,73.0,0.01,0.01,2323.669265,1776223217000
1776223219.227,19.227,0.69,0.93,0.68,73.0,0.7,99.0,0.71,25.0,0.3,99.0,0.29,25.0,0.31,0.93,0.32,73.0,0.01,0.01,2323.652445,1776223218000
1776223220.408,20.408,0.69,0.93,0.68,73.0,0.7,99.0,0.71,25.0,0.3,99.0,0.29,25.0,0.31,0.93,0.32,73.0,0.01,0.01,2323.60161,1776223219000
1776223221.389,21.389,0.69,0.93,0.68,73.0,0.7,99.0,0.71,25.0,0.3,99.0,0.29,25.0,0.31,0.93,0.32,73.0,0.01,0.01,2323.613275,1776223220000
1776223221.939,21.939,0.69,0.93,0.68,73.0,0.7,99.0,0.71,25.0,0.3,99.0,0.29,25.0,0.31,0.93,0.32,73.0,0.01,0.01,2323.613275,1776223221000
1776223222.166,22.166,0.69,0.93,0.68,43.0,0.7,107.0,0.71,31.29,0.3,99.0,0.29,25.0,0.31,0.93,0.32,73.0,0.01,0.01,2323.613275,1776223221000
1776223223.019,23.019,0.69,0.93,0.68,43.0,0.7,107.0,0.71,31.29,0.3,107.0,0.29,31.29,0.31,0.93,0.32,43.0,0.01,0.01,2323.628635,1776223222000
1776223223.24,23.24,0.63,0.86,0.61,5.0,0.65,20.0,0.66,10.0,0.31,71.0,0.3,115.0,0.36,5.0,0.37,5.0,0.02,0.05,2323.628635,1776223222000
1776223223.604,23.604,0.62,15.0,0.61,10.0,0.63,25.0,0.64,32.0,0.35,20.0,0.34,10.0,0.37,0.86,0.39,5.0,0.01,0.02,2323.628635,1776223222000
1776223224.097,24.097,0.62,15.0,0.61,10.0,0.63,25.0,0.64,32.0,0.37,25.0,0.36,32.0,0.38,15.0,0.39,10.0,0.01,0.01,2323.634785,1776223223000
1776223225.161,25.161,0.62,15.0,0.61,10.0,0.63,25.0,0.64,32.0,0.37,25.0,0.36,32.0,0.38,15.0,0.39,10.0,0.01,0.01,2323.5318,1776223224000
1776223225.407,25.407,0.62,37.36,0.61,60.9,0.63,31.0,0.64,43.0,0.37,25.0,0.36,32.0,0.38,15.0,0.39,10.0,0.01,0.01,2323.5318,1776223224000
1776223226.284,26.284,0.62,67.49,0.61,32.0,0.63,26.0,0.64,33.0,0.37,26.0,0.36,43.0,0.38,35.0,0.39,60.9,0.01,0.01,2323.5318,1776223224000
1776223227.023,27.023,0.62,67.49,0.61,32.0,0.63,26.0,0.64,33.0,0.37,26.0,0.36,33.0,0.38,67.49,0.39,32.0,0.01,0.01,2323.307581,1776223226000
1776223227.588,27.588,0.62,37.1,0.61,52.91,0.63,26.0,0.64,33.0,0.37,26.0,0.36,33.0,0.38,67.49,0.39,32.0,0.01,0.01,2323.307581,1776223226000
1776223228.219,28.219,0.62,37.1,0.61,52.91,0.63,26.0,0.64,33.0,0.37,26.0,0.36,33.0,0.38,37.1,0.39,52.91,0.01,0.01,2323.317019,1776223227000
1776223229.197,29.197,0.61,42.64,0.6,61.05,0.63,26.0,0.64,38.0,0.37,26.0,0.36,33.0,0.38,37.1,0.39,52.91,0.02,0.01,2323.317019,1776223227000
1776223229.592,29.592,0.62,38.75,0.61,27.73,0.63,16.0,0.64,33.0,0.37,26.0,0.36,38.0,0.39,42.64,0.4,61.05,0.01,0.02,2323.31245,1776223228000
1776223230.279,30.279,0.62,48.75,0.61,27.73,0.63,13.0,0.64,33.0,0.37,16.0,0.36,33.0,0.38,38.75,0.39,27.73,0.01,0.01,2323.31245,1776223228000
1776223231.007,31.007,0.62,48.75,0.61,27.73,0.63,13.0,0.64,33.0,0.37,13.0,0.36,33.0,0.38,48.75,0.39,27.73,0.01,0.01,2323.311205,1776223230000
1776223231.669,31.669,0.62,30.0,0.61,27.73,0.63,18.0,0.64,21.0,0.37,13.0,0.36,33.0,0.38,48.75,0.39,27.73,0.01,0.01,2323.311205,1776223230000
1776223232.064,32.064,0.62,71.0,0.61,85.73,0.64,5.0,0.65,5.0,0.37,18.0,0.36,21.0,0.38,30.0,0.39,27.73,0.02,0.01,2323.311205,1776223230000
1776223232.637,32.637,0.69,55.0,0.68,10.0,0.7,87.4,0.71,15.0,0.36,5.0,0.35,5.0,0.38,71.0,0.39,85.73,0.01,0.02,2323.321128,1776223231000
1776223233.334,33.334,0.69,55.0,0.68,10.0,0.7,87.4,0.71,15.0,0.3,87.4,0.29,15.0,0.31,55.0,0.32,10.0,0.01,0.01,2323.31748,1776223232000
1776223233.584,33.584,0.69,75.0,0.68,15.0,0.7,87.4,0.71,36.0,0.3,87.4,0.29,15.0,0.31,55.0,0.32,10.0,0.01,0.01,2323.31748,1776223232000
1776223234.556,34.556,0.69,75.0,0.68,15.0,0.7,87.4,0.71,36.0,0.3,87.4,0.29,36.0,0.31,75.0,0.32,15.0,0.01,0.01,2323.508905,1776223233000
1776223235.133,35.133,0.69,75.0,0.68,15.0,0.7,87.4,0.71,36.0,0.3,87.4,0.29,36.0,0.31,75.0,0.32,15.0,0.01,0.01,2323.571635,1776223234000
1776223235.593,35.593,0.69,85.0,0.68,20.0,0.7,82.4,0.71,26.0,0.3,87.4,0.29,36.0,0.31,75.0,0.32,15.0,0.01,0.01,2323.571635,1776223234000
1776223236.098,36.098,0.69,85.0,0.68,20.0,0.7,75.32,0.71,26.0,0.3,82.4,0.29,26.0,0.31,85.0,0.32,20.0,0.01,0.01,2323.571635,1776223234000
1776223237.325,37.325,0.69,67.41,0.68,20.0,0.7,75.32,0.71,26.0,0.3,75.32,0.29,26.0,0.31,67.41,0.32,20.0,0.01,0.01,2323.581875,1776223236000
1776223237.586,37.586,0.69,67.41,0.68,20.0,0.7,75.32,0.71,26.0,0.3,75.32,0.29,26.0,0.31,67.41,0.32,20.0,0.01,0.01,2323.581875,1776223236000
1776223237.93,37.93,0.69,67.41,0.68,20.0,0.7,75.32,0.71,26.0,0.3,75.32,0.29,26.0,0.31,67.41,0.32,20.0,0.01,0.01,2323.58216,1776223237000
1776223239.157,39.157,0.69,67.41,0.68,20.0,0.7,75.32,0.71,26.0,0.3,75.32,0.29,26.0,0.31,67.41,0.32,20.0,0.01,0.01,2323.70575,1776223238000
1776223239.598,39.598,0.69,67.41,0.68,25.0,0.7,55.32,0.71,31.0,0.3,75.32,0.29,26.0,0.31,67.41,0.32,20.0,0.01,0.01,2323.70575,1776223238000
1776223240.245,40.245,0.69,67.41,0.68,25.0,0.7,55.32,0.71,31.0,0.3,55.32,0.29,31.0,0.31,67.41,0.32,25.0,0.01,0.01,2323.577325,1776223239000
1776223241.065,41.065,0.65,10.0,0.63,9.0,0.67,6.0,0.68,50.0,0.3,57.09,0.29,31.0,0.31,67.41,0.32,25.0,0.02,0.01,2323.577325,1776223239000
1776223241.328,41.328,0.65,10.0,0.63,9.0,0.67,6.0,0.68,50.0,0.33,6.0,0.32,50.0,0.35,10.0,0.37,9.0,0.02,0.02,2323.576735,1776223240000
1776223241.585,41.585,0.64,12.0,0.63,9.0,0.65,53.0,0.66,77.0,0.33,6.0,0.32,50.0,0.35,10.0,0.37,9.0,0.01,0.02,2323.576735,1776223240000
1776223241.914,41.914,0.62,2.0,0.61,15.0,0.65,53.0,0.66,142.0,0.35,53.0,0.34,142.0,0.38,2.0,0.39,15.0,0.03,0.03,2323.57705,1776223241000
1776223242.168,42.168,0.62,8.52,0.61,33.0,0.63,30.0,0.64,40.0,0.35,53.0,0.34,142.0,0.38,2.0,0.39,15.0,0.01,0.03,2323.57705,1776223241000
1776223242.587,42.587,0.62,6.68,0.61,28.0,0.63,55.0,0.64,50.0,0.37,30.0,0.36,40.0,0.38,8.52,0.39,33.0,0.01,0.01,2323.57705,1776223241000
1776223242.903,42.903,0.6,39.05,0.55,5.0,0.63,93.0,0.64,74.0,0.37,55.0,0.36,50.0,0.38,6.68,0.39,28.0,0.03,0.01,2323.57705,1776223241000
1776223243.156,43.156,0.55,3.82,0.54,20.56,0.56,25.0,0.57,10.0,0.39,57.0,0.38,15.0,0.45,3.27,0.46,20.56,0.01,0.06,2323.57705,1776223241000
1776223243.395,43.395,0.55,13.82,0.54,20.56,0.56,29.28,0.57,15.0,0.44,29.28,0.43,15.0,0.45,13.82,0.46,20.56,0.01,0.01,2323.477127,1776223242000
1776223243.727,43.727,0.55,6.55,0.54,20.56,0.56,30.35,0.57,25.0,0.44,24.28,0.43,15.0,0.45,6.55,0.46,20.56,0.01,0.01,2323.477127,1776223242000
1776223244.394,44.394,0.55,21.55,0.54,44.56,0.57,5.0,0.58,85.0,0.44,30.35,0.43,25.0,0.45,6.55,0.46,20.56,0.02,0.01,2323.434177,1776223243000
1776223244.842,44.842,0.55,6.55,0.54,29.56,0.57,81.0,0.58,100.0,0.43,5.0,0.42,85.0,0.45,21.55,0.46,44.56,0.02,0.02,2323.434177,1776223243000
1776223245.55,45.55,0.54,18.38,0.52,15.0,0.55,28.18,0.56,15.0,0.45,8.18,0.44,20.0,0.46,24.56,0.48,5.0,0.01,0.01,2323.434177,1776223243000
1776223246.295,46.295,0.54,18.38,0.52,15.0,0.55,28.18,0.56,15.0,0.45,28.18,0.44,15.0,0.46,18.38,0.48,15.0,0.01,0.01,2323.021256,1776223245000
1776223246.884,46.884,0.54,12.0,0.53,9.0,0.55,53.18,0.56,15.0,0.45,28.18,0.44,15.0,0.46,18.38,0.48,15.0,0.01,0.01,2323.021256,1776223245000
1776223247.382,47.382,0.54,12.0,0.53,9.0,0.55,53.18,0.56,15.0,0.45,53.18,0.44,15.0,0.46,12.0,0.47,9.0,0.01,0.01,2322.995459,1776223246000
1776223248.088,48.088,0.54,12.0,0.53,9.0,0.55,53.18,0.56,15.0,0.45,53.18,0.44,15.0,0.46,12.0,0.47,9.0,0.01,0.01,2322.883529,1776223247000
1776223248.49,48.49,0.54,33.0,0.53,29.0,0.55,16.0,0.56,5.0,0.45,53.18,0.44,15.0,0.46,12.0,0.47,9.0,0.01,0.01,2322.883529,1776223247000
1776223248.729,48.729,0.54,179.0,0.53,43.0,0.57,20.0,0.58,5.0,0.45,16.0,0.44,5.0,0.46,33.0,0.47,29.0,0.03,0.01,2322.883529,1776223247000
1776223249.157,49.157,0.56,82.0,0.55,33.0,0.57,4.73,0.58,5.0,0.43,9.82,0.42,5.0,0.44,55.0,0.45,75.0,0.01,0.01,2322.883529,1776223247000
1776223249.436,49.436,0.57,45.93,0.56,42.0,0.58,4.73,0.59,5.0,0.42,4.73,0.41,5.0,0.43,45.93,0.44,42.0,0.01,0.01,2322.9358,1776223248000
1776223250.054,50.054,0.57,45.93,0.56,42.0,0.58,4.73,0.59,5.0,0.42,4.73,0.41,5.0,0.43,45.93,0.44,42.0,0.01,0.01,2322.936005,1776223249000
1776223250.445,50.445,0.54,5.0,0.53,18.0,0.55,55.0,0.56,126.0,0.42,4.73,0.41,5.0,0.43,45.93,0.44,42.0,0.01,0.01,2322.936005,1776223249000
1776223251.427,51.427,0.53,5.0,0.52,27.0,0.56,119.3,0.57,15.0,0.45,50.0,0.44,126.0,0.47,13.0,0.48,15.0,0.03,0.02,2322.936005,1776223249000
1776223252.067,52.067,0.53,22.06,0.52,32.0,0.55,15.0,0.56,119.3,0.45,15.0,0.44,119.3,0.47,22.06,0.48,32.0,0.02,0.02,2322.939922,1776223251000
1776223252.446,52.446,0.54,2.82,0.53,26.0,0.55,25.0,0.56,124.3,0.45,15.0,0.44,119.3,0.47,22.06,0.48,32.0,0.01,0.02,2322.939922,1776223251000
1776223252.911,52.911,0.54,7.17,0.53,16.0,0.55,25.0,0.56,124.3,0.45,25.0,0.44,124.3,0.46,2.82,0.47,26.0,0.01,0.01,2322.939922,1776223251000
1776223253.323,53.323,0.54,7.17,0.53,16.0,0.55,25.0,0.56,124.3,0.45,25.0,0.44,124.3,0.46,7.17,0.47,16.0,0.01,0.01,2322.844368,1776223252000
1776223254.048,54.048,0.54,7.17,0.53,16.0,0.55,25.0,0.56,124.3,0.45,25.0,0.44,124.3,0.46,7.17,0.47,16.0,0.01,0.01,2322.84426,1776223253000
1776223254.524,54.524,0.51,17.84,0.5,17.0,0.53,10.0,0.54,15.0,0.45,25.0,0.44,124.3,0.46,7.17,0.47,16.0,0.02,0.01,2322.84426,1776223253000
1776223254.959,54.959,0.51,14.84,0.5,27.0,0.52,76.0,0.53,30.0,0.47,10.0,0.46,15.0,0.49,17.84,0.5,17.0,0.01,0.02,2322.84426,1776223253000
1776223255.271,55.271,0.51,13.41,0.5,27.0,0.52,76.0,0.53,30.0,0.48,76.0,0.47,30.0,0.49,13.41,0.5,27.0,0.01,0.01,2322.901147,1776223254000
1776223255.474,55.474,0.51,28.41,0.5,22.0,0.52,10.0,0.53,20.0,0.48,76.0,0.47,30.0,0.49,13.41,0.5,27.0,0.01,0.01,2322.901147,1776223254000
1776223256.585,56.585,0.51,28.41,0.5,22.0,0.52,10.0,0.53,20.0,0.48,10.0,0.47,20.0,0.49,28.41,0.5,22.0,0.01,0.01,2322.807038,1776223255000
1776223257.252,57.252,0.51,28.41,0.5,22.0,0.52,10.0,0.53,20.0,0.48,10.0,0.47,20.0,0.49,28.41,0.5,22.0,0.01,0.01,2322.79682,1776223256000
1776223258.088,58.088,0.61,17.0,0.6,17.0,0.62,75.67,0.63,10.0,0.44,75.0,0.43,5.0,0.45,79.0,0.46,34.0,0.01,0.01,2322.79682,1776223256000
1776223258.544,58.544,0.61,17.0,0.6,17.0,0.62,75.67,0.63,10.0,0.38,75.67,0.37,10.0,0.39,17.0,0.4,17.0,0.01,0.01,2322.780105,1776223257000
1776223259.294,59.294,0.61,17.0,0.6,17.0,0.62,75.67,0.63,10.0,0.38,75.67,0.37,10.0,0.39,17.0,0.4,17.0,0.01,0.01,2322.82591,1776223258000
1776223259.96,59.96,0.61,17.0,0.6,17.0,0.62,75.67,0.63,10.0,0.38,75.67,0.37,10.0,0.39,17.0,0.4,17.0,0.01,0.01,2322.87066,1776223259000
1776223261.213,61.213,0.56,10.0,0.55,15.0,0.57,35.0,0.58,35.0,0.38,75.67,0.37,10.0,0.39,17.0,0.4,17.0,0.01,0.01,2322.87066,1776223259000
1776223261.609,61.609,0.56,5.0,0.55,15.0,0.57,31.0,0.58,30.0,0.43,35.0,0.42,35.0,0.44,10.0,0.45,15.0,0.01,0.01,2322.834065,1776223260000
1776223262.263,62.263,0.56,5.0,0.55,15.0,0.57,23.14,0.58,25.0,0.43,31.0,0.42,30.0,0.44,5.0,0.45,15.0,0.01,0.01,2322.834065,1776223260000
1776223263.134,63.134,0.56,5.0,0.55,15.0,0.57,23.14,0.58,25.0,0.43,23.14,0.42,25.0,0.44,5.0,0.45,15.0,0.01,0.01,2322.895159,1776223261000
1776223263.749,63.749,0.56,5.0,0.55,15.0,0.57,23.14,0.58,25.0,0.43,23.14,0.42,25.0,0.44,5.0,0.45,15.0,0.01,0.01,2322.83695,1776223262000
1776223264.045,64.045,0.53,20.0,0.52,15.0,0.54,5.0,0.55,39.81,0.45,24.81,0.44,95.0,0.46,5.0,0.47,20.0,0.01,0.01,2322.83695,1776223262000
1776223264.954,64.954,0.53,16.08,0.52,30.0,0.54,15.0,0.55,29.81,0.46,5.0,0.45,39.81,0.47,20.0,0.48,15.0,0.01,0.01,2322.80814,1776223263000
1776223265.312,65.312,0.53,16.08,0.52,30.0,0.54,15.0,0.55,29.81,0.46,15.0,0.45,29.81,0.47,16.08,0.48,30.0,0.01,0.01,2322.809651,1776223264000
1776223265.917,65.917,0.53,16.08,0.52,30.0,0.54,15.0,0.55,29.81,0.46,15.0,0.45,29.81,0.47,16.08,0.48,30.0,0.01,0.01,2322.83551,1776223265000
1776223267.138,67.138,0.53,16.08,0.52,30.0,0.54,15.0,0.55,29.81,0.46,15.0,0.45,29.81,0.47,16.08,0.48,30.0,0.01,0.01,2322.742939,1776223266000
1776223268.298,68.298,0.53,16.08,0.52,30.0,0.54,15.0,0.55,29.81,0.46,15.0,0.45,29.81,0.47,16.08,0.48,30.0,0.01,0.01,2322.743461,1776223267000
1776223269.409,69.409,0.53,16.08,0.52,30.0,0.54,15.0,0.55,29.81,0.46,15.0,0.45,29.81,0.47,16.08,0.48,30.0,0.01,0.01,2322.760626,1776223268000
1776223269.9,69.9,0.54,100.0,0.53,45.08,0.55,4.81,0.56,75.0,0.46,15.0,0.45,29.81,0.47,16.08,0.48,30.0,0.01,0.01,2322.760626,1776223268000
1776223270.718,70.718,0.49,16.97,0.48,23.0,0.55,4.81,0.56,80.0,0.45,4.81,0.44,75.0,0.46,100.0,0.47,45.08,0.06,0.01,2322.836492,1776223269000
1776223271.153,71.153,0.54,60.95,0.53,20.0,0.57,7.0,0.6,30.29,0.43,7.0,0.4,30.29,0.46,60.95,0.47,20.0,0.03,0.03,2322.81437,1776223270000
1776223272.231,72.231,0.54,60.95,0.53,20.0,0.57,7.0,0.6,30.29,0.43,7.0,0.4,30.29,0.46,60.95,0.47,20.0,0.03,0.03,2322.853082,1776223271000
1776223272.512,72.512,0.55,52.77,0.54,20.0,0.56,5.0,0.57,27.0,0.43,27.0,0.42,57.0,0.45,25.15,0.46,20.0,0.01,0.02,2322.853082,1776223271000
1776223272.822,72.822,0.55,52.77,0.54,20.0,0.56,5.0,0.57,27.0,0.44,5.0,0.43,27.0,0.45,52.77,0.46,20.0,0.01,0.01,2322.81867,1776223272000
1776223273.296,73.296,0.49,35.0,0.48,25.0,0.5,30.0,0.51,37.0,0.47,5.0,0.46,15.0,0.52,22.0,0.53,23.0,0.01,0.05,2322.81867,1776223272000
1776223273.741,73.741,0.5,75.0,0.49,30.0,0.51,15.0,0.52,10.0,0.5,30.0,0.49,37.0,0.51,35.0,0.52,25.0,0.01,0.01,2322.81867,1776223272000
1776223274.069,74.069,0.5,17.8,0.49,25.0,0.51,20.0,0.52,10.0,0.49,20.0,0.48,10.0,0.5,17.8,0.51,25.0,0.01,0.01,2322.81867,1776223273000
1776223274.701,74.701,0.5,61.08,0.49,25.0,0.51,25.0,0.52,10.0,0.49,20.0,0.48,10.0,0.5,17.8,0.51,25.0,0.01,0.01,2322.81867,1776223273000
1776223274.965,74.965,0.5,61.08,0.49,25.0,0.51,8.01,0.52,10.0,0.49,15.0,0.48,10.0,0.5,56.08,0.51,25.0,0.01,0.01,2322.81867,1776223273000
1776223276.447,76.447,0.5,61.08,0.49,25.0,0.51,8.01,0.52,10.0,0.49,8.01,0.48,10.0,0.5,61.08,0.51,25.0,0.01,0.01,2322.660125,1776223275000
1776223276.976,76.976,0.52,41.91,0.51,69.0,0.53,15.0,0.54,22.0,0.47,15.0,0.46,22.0,0.48,41.91,0.49,69.0,0.01,0.01,2322.650655,1776223276000
1776223277.775,77.775,0.55,5.0,0.54,99.0,0.56,12.0,0.57,5.0,0.47,2.98,0.46,5.0,0.48,119.91,0.49,74.0,0.01,0.01,2322.650655,1776223276000
1776223278.149,78.149,0.59,86.39,0.58,15.0,0.6,5.0,0.61,52.0,0.43,2.0,0.42,18.0,0.45,15.0,0.46,69.0,0.01,0.02,2322.65669,1776223277000
1776223278.355,78.355,0.59,96.39,0.58,15.0,0.62,39.0,0.63,22.0,0.4,5.0,0.39,52.0,0.41,86.39,0.42,15.0,0.03,0.01,2322.65669,1776223277000
1776223278.663,78.663,0.6,12.47,0.59,59.0,0.61,42.0,0.62,39.47,0.38,35.47,0.37,22.0,0.4,10.0,0.41,89.0,0.01,0.02,2322.65669,1776223277000
1776223279.026,79.026,0.6,12.47,0.59,59.0,0.61,34.65,0.62,39.47,0.39,34.65,0.38,39.47,0.4,12.47,0.41,59.0,0.01,0.01,2322.731575,1776223278000
1776223279.39,79.39,0.6,19.79,0.59,59.0,0.61,45.94,0.62,34.47,0.39,33.39,0.38,39.47,0.4,9.79,0.41,59.0,0.01,0.01,2322.731575,1776223278000
1776223279.922,79.922,0.6,85.29,0.59,59.0,0.61,40.94,0.62,34.47,0.39,45.94,0.38,34.47,0.4,19.79,0.41,59.0,0.01,0.01,2322.731575,1776223278000
1776223280.135,80.135,0.6,60.29,0.59,59.0,0.61,39.1,0.62,34.47,0.39,39.1,0.38,34.47,0.4,60.29,0.41,59.0,0.01,0.01,2322.861825,1776223279000
1776223280.77,80.77,0.6,37.99,0.59,59.0,0.61,77.46,0.62,34.47,0.39,37.46,0.38,34.47,0.4,60.29,0.41,59.0,0.01,0.01,2322.861825,1776223279000
1776223281.136,81.136,0.6,16.99,0.59,59.0,0.61,48.46,0.62,29.47,0.39,77.46,0.38,34.47,0.4,37.99,0.41,59.0,0.01,0.01,2322.861825,1776223279000
1776223281.576,81.576,0.6,6.99,0.59,59.0,0.61,51.6,0.62,88.14,0.39,48.46,0.38,29.47,0.4,16.99,0.41,59.0,0.01,0.01,2322.9227,1776223280000
1776223282.378,82.378,0.6,6.99,0.59,59.0,0.61,51.6,0.62,88.14,0.39,51.6,0.38,88.14,0.4,6.99,0.41,59.0,0.01,0.01,2322.917355,1776223281000
1776223282.857,82.857,0.6,6.99,0.59,59.0,0.61,51.6,0.62,88.14,0.39,51.6,0.38,88.14,0.4,6.99,0.41,59.0,0.01,0.01,2322.917845,1776223282000
1776223284.049,84.049,0.6,6.99,0.59,59.0,0.61,51.6,0.62,88.14,0.39,51.6,0.38,88.14,0.4,6.99,0.41,59.0,0.01,0.01,2322.912815,1776223283000
1776223285.108,85.108,0.6,6.99,0.59,59.0,0.61,51.6,0.62,88.14,0.39,51.6,0.38,88.14,0.4,6.99,0.41,59.0,0.01,0.01,2322.928755,1776223284000
1776223286.072,86.072,0.6,6.99,0.59,59.0,0.61,51.6,0.62,88.14,0.39,51.6,0.38,88.14,0.4,6.99,0.41,59.0,0.01,0.01,2322.93259,1776223285000
1776223287.077,87.077,0.6,6.99,0.59,59.0,0.61,51.6,0.62,88.14,0.39,51.6,0.38,88.14,0.4,6.99,0.41,59.0,0.01,0.01,2322.93219,1776223286000
1776223288.061,88.061,0.6,6.99,0.59,59.0,0.61,51.6,0.62,88.14,0.39,51.6,0.38,88.14,0.4,6.99,0.41,59.0,0.01,0.01,2322.92622,1776223287000
1776223288.977,88.977,0.6,6.99,0.59,59.0,0.61,51.6,0.62,88.14,0.39,51.6,0.38,88.14,0.4,6.99,0.41,59.0,0.01,0.01,2322.93385,1776223288000
1776223290.056,90.056,0.6,6.99,0.59,59.0,0.61,51.6,0.62,88.14,0.39,51.6,0.38,88.14,0.4,6.99,0.41,59.0,0.01,0.01,2322.920575,1776223289000
1776223291.121,91.121,0.61,45.0,0.6,37.0,0.64,17.37,0.65,34.0,0.39,51.6,0.38,88.14,0.4,6.99,0.41,59.0,0.03,0.01,2322.920575,1776223289000
1776223291.636,91.636,0.63,11.0,0.62,11.0,0.65,29.79,0.66,15.0,0.35,29.79,0.34,15.0,0.37,11.0,0.38,11.0,0.02,0.02,2322.92755,1776223290000
1776223292.181,92.181,0.63,11.0,0.62,11.0,0.65,29.79,0.66,15.0,0.35,29.79,0.34,15.0,0.37,11.0,0.38,11.0,0.02,0.02,2322.92755,1776223291000
1776223293.215,93.215,0.63,11.0,0.62,11.0,0.65,29.79,0.66,15.0,0.35,29.79,0.34,15.0,0.37,11.0,0.38,11.0,0.02,0.02,2322.936205,1776223292000
1776223293.895,93.895,0.63,88.0,0.62,26.0,0.64,19.43,0.65,34.79,0.35,29.79,0.34,15.0,0.37,11.0,0.38,11.0,0.01,0.02,2322.936205,1776223292000
1776223294.346,94.346,0.63,88.0,0.62,26.0,0.64,19.43,0.65,34.79,0.36,19.43,0.35,34.79,0.37,88.0,0.38,26.0,0.01,0.01,2323.047138,1776223293000
1776223294.892,94.892,0.63,88.0,0.62,26.0,0.64,19.43,0.65,34.79,0.36,19.43,0.35,34.79,0.37,88.0,0.38,26.0,0.01,0.01,2322.98571,1776223294000
1776223295.986,95.986,0.63,88.0,0.62,26.0,0.64,19.43,0.65,34.79,0.36,19.43,0.35,34.79,0.37,88.0,0.38,26.0,0.01,0.01,2322.989185,1776223295000
1776223297.125,97.125,0.63,88.0,0.62,26.0,0.64,19.43,0.65,34.79,0.36,19.43,0.35,34.79,0.37,88.0,0.38,26.0,0.01,0.01,2323.062215,1776223296000
1776223298.171,98.171,0.63,88.0,0.62,26.0,0.64,19.43,0.65,34.79,0.36,19.43,0.35,34.79,0.37,88.0,0.38,26.0,0.01,0.01,2322.991285,1776223297000
1776223299.175,99.175,0.63,88.0,0.62,26.0,0.64,19.43,0.65,34.79,0.36,19.43,0.35,34.79,0.37,88.0,0.38,26.0,0.01,0.01,2323.075973,1776223298000
1776223300.194,100.194,0.63,88.0,0.62,26.0,0.64,19.43,0.65,34.79,0.36,19.43,0.35,34.79,0.37,88.0,0.38,26.0,0.01,0.01,2323.141455,1776223299000
1776223300.769,100.769,0.64,7.57,0.63,123.0,0.65,5.0,0.66,5.0,0.36,19.43,0.35,34.79,0.37,88.0,0.38,26.0,0.01,0.01,2323.141455,1776223299000
1776223301.158,101.158,0.64,7.57,0.63,123.0,0.65,5.0,0.66,5.0,0.35,5.0,0.34,5.0,0.36,7.57,0.37,123.0,0.01,0.01,2322.995926,1776223300000
1776223301.67,101.67,0.65,82.0,0.64,20.0,0.66,17.34,0.67,59.49,0.35,5.0,0.34,5.0,0.36,7.57,0.37,123.0,0.01,0.01,2322.995926,1776223300000
1776223302.28,102.28,0.65,82.0,0.64,20.0,0.66,17.34,0.67,59.49,0.34,17.34,0.33,59.49,0.35,82.0,0.36,20.0,0.01,0.01,2323.081979,1776223301000
1776223303.303,103.303,0.65,82.0,0.64,20.0,0.66,17.34,0.67,59.49,0.34,17.34,0.33,59.49,0.35,82.0,0.36,20.0,0.01,0.01,2323.19665,1776223302000
1776223303.688,103.688,0.65,82.0,0.64,20.0,0.67,43.33,0.68,30.0,0.34,17.34,0.33,59.49,0.35,82.0,0.36,20.0,0.02,0.01,2323.19665,1776223302000
1776223304.133,104.133,0.66,82.0,0.65,52.0,0.67,12.8,0.68,35.0,0.33,43.33,0.32,30.0,0.35,82.0,0.36,20.0,0.01,0.02,2323.19665,1776223302000
1776223305.374,105.374,0.66,82.0,0.65,52.0,0.67,12.8,0.68,35.0,0.33,12.8,0.32,35.0,0.34,82.0,0.35,52.0,0.01,0.01,2323.117295,1776223304000
1776223305.769,105.769,0.6,5.0,0.58,5.0,0.64,104.0,0.65,30.0,0.33,12.8,0.32,35.0,0.34,82.0,0.35,52.0,0.04,0.01,2323.117295,1776223304000
1776223306.023,106.023,0.6,5.0,0.58,5.0,0.64,104.0,0.65,30.0,0.36,104.0,0.35,30.0,0.4,5.0,0.42,5.0,0.04,0.04,2323.11649,1776223305000
1776223306.907,106.907,0.6,5.0,0.58,5.0,0.64,104.0,0.65,30.0,0.36,104.0,0.35,30.0,0.4,5.0,0.42,5.0,0.04,0.04,2323.223283,1776223306000
1776223307.937,107.937,0.6,5.0,0.58,5.0,0.64,104.0,0.65,30.0,0.36,104.0,0.35,30.0,0.4,5.0,0.42,5.0,0.04,0.04,2322.979954,1776223307000
1776223308.93,108.93,0.6,5.0,0.58,5.0,0.64,104.0,0.65,30.0,0.36,104.0,0.35,30.0,0.4,5.0,0.42,5.0,0.04,0.04,2322.85464,1776223308000
1776223309.987,109.987,0.6,5.0,0.58,5.0,0.64,104.0,0.65,30.0,0.36,104.0,0.35,30.0,0.4,5.0,0.42,5.0,0.04,0.04,2322.82524,1776223309000
1776223310.188,110.188,0.58,5.0,0.57,5.0,0.61,78.0,0.62,46.0,0.36,104.0,0.35,30.0,0.4,5.0,0.42,5.0,0.03,0.04,2322.82524,1776223309000
1776223311.037,111.037,0.58,5.0,0.57,5.0,0.61,78.0,0.62,46.0,0.39,78.0,0.38,46.0,0.42,5.0,0.43,5.0,0.03,0.03,2322.82498,1776223310000
1776223312.048,112.048,0.58,5.0,0.57,5.0,0.61,78.0,0.62,46.0,0.39,78.0,0.38,46.0,0.42,5.0,0.43,5.0,0.03,0.03,2322.825195,1776223311000
1776223312.341,112.341,0.53,24.42,0.52,32.0,0.59,50.0,0.6,20.0,0.39,78.0,0.38,46.0,0.42,5.0,0.43,5.0,0.06,0.03,2322.825195,1776223311000
1776223312.911,112.911,0.52,10.0,0.49,5.0,0.53,33.11,0.54,20.0,0.41,50.0,0.4,20.0,0.47,24.42,0.48,32.0,0.01,0.06,2322.825195,1776223311000
1776223313.155,113.155,0.47,4.59,0.46,15.0,0.51,10.2,0.53,28.11,0.49,10.2,0.47,28.11,0.53,4.59,0.54,15.0,0.04,0.04,2322.844762,1776223312000
1776223314.096,114.096,0.47,4.59,0.46,15.0,0.51,10.2,0.53,28.11,0.49,10.2,0.47,28.11,0.53,4.59,0.54,15.0,0.04,0.04,2322.801155,1776223313000
1776223315.243,115.243,0.47,4.59,0.46,15.0,0.51,10.2,0.53,28.11,0.49,10.2,0.47,28.11,0.53,4.59,0.54,15.0,0.04,0.04,2322.719511,1776223314000
1776223316.836,116.836,0.47,4.59,0.46,15.0,0.51,10.2,0.53,28.11,0.49,10.2,0.47,28.11,0.53,4.59,0.54,15.0,0.04,0.04,2322.62523,1776223315000
1776223317.283,117.283,0.47,4.59,0.46,15.0,0.51,10.2,0.53,28.11,0.49,10.2,0.47,28.11,0.53,4.59,0.54,15.0,0.04,0.04,2322.624485,1776223316000
1776223318.027,118.027,0.47,36.72,0.46,15.0,0.48,15.0,0.49,15.0,0.52,15.0,0.51,15.0,0.53,36.72,0.54,15.0,0.01,0.01,2322.625495,1776223317000
1776223318.335,118.335,0.51,42.89,0.5,41.0,0.52,5.0,0.53,20.0,0.52,15.0,0.51,15.0,0.53,36.72,0.54,15.0,0.01,0.01,2322.625495,1776223317000
1776223318.726,118.726,0.56,21.0,0.55,21.0,0.58,2.2,0.59,12.0,0.48,5.0,0.47,20.0,0.49,42.89,0.5,41.0,0.02,0.01,2322.625495,1776223317000
1776223319.03,119.03,0.57,26.0,0.56,21.0,0.59,5.0,0.6,30.0,0.42,2.2,0.41,12.0,0.44,21.0,0.45,21.0,0.02,0.02,2322.625495,1776223317000
1776223319.69,119.69,0.56,13.34,0.55,15.0,0.6,55.0,0.61,32.0,0.4,30.0,0.39,17.0,0.43,26.0,0.44,21.0,0.04,0.03,2322.625495,1776223317000
1776223320.339,120.339,0.56,13.34,0.55,15.0,0.6,55.0,0.61,32.0,0.4,55.0,0.39,32.0,0.44,13.34,0.45,15.0,0.04,0.04,2322.661894,1776223319000
1776223321.01,121.01,0.56,13.34,0.55,15.0,0.6,55.0,0.61,32.0,0.4,55.0,0.39,32.0,0.44,13.34,0.45,15.0,0.04,0.04,2322.67688,1776223320000
1776223321.997,121.997,0.56,13.34,0.55,15.0,0.6,55.0,0.61,32.0,0.4,55.0,0.39,32.0,0.44,13.34,0.45,15.0,0.04,0.04,2322.818485,1776223321000
1776223323.492,123.492,0.52,20.0,0.51,11.0,0.53,18.11,0.54,25.0,0.47,18.11,0.46,25.0,0.48,20.0,0.49,11.0,0.01,0.01,2322.811365,1776223322000
1776223324.242,124.242,0.52,20.0,0.51,11.0,0.53,18.11,0.54,25.0,0.47,18.11,0.46,25.0,0.48,20.0,0.49,11.0,0.01,0.01,2322.711835,1776223323000
1776223325.599,125.599,0.52,20.0,0.51,11.0,0.53,18.11,0.54,25.0,0.47,18.11,0.46,25.0,0.48,20.0,0.49,11.0,0.01,0.01,2322.72,1776223324000
1776223326.162,126.162,0.52,20.0,0.51,11.0,0.53,18.11,0.54,25.0,0.47,18.11,0.46,25.0,0.48,20.0,0.49,11.0,0.01,0.01,2322.685752,1776223325000
1776223327.264,127.264,0.52,20.0,0.51,11.0,0.53,18.11,0.54,25.0,0.47,18.11,0.46,25.0,0.48,20.0,0.49,11.0,0.01,0.01,2322.71676,1776223326000
1776223328.466,128.466,0.54,52.0,0.53,42.0,0.56,17.92,0.57,27.0,0.44,17.92,0.43,27.0,0.46,52.0,0.47,42.0,0.02,0.02,2322.72656,1776223327000
1776223328.955,128.955,0.54,52.0,0.53,42.0,0.56,17.92,0.57,27.0,0.44,17.92,0.43,27.0,0.46,52.0,0.47,42.0,0.02,0.02,2322.73174,1776223328000
1776223329.483,129.483,0.55,5.0,0.54,20.0,0.56,23.21,0.57,27.0,0.44,17.92,0.43,27.0,0.46,52.0,0.47,42.0,0.01,0.02,2322.73174,1776223328000
1776223329.982,129.982,0.55,5.0,0.54,20.0,0.56,23.21,0.57,27.0,0.44,23.21,0.43,27.0,0.45,5.0,0.46,20.0,0.01,0.01,2322.74186,1776223329000
1776223330.291,130.291,0.54,14.02,0.53,25.0,0.56,20.0,0.57,27.0,0.44,23.21,0.43,27.0,0.45,5.0,0.46,20.0,0.02,0.01,2322.74186,1776223329000
1776223331.004,131.004,0.54,14.02,0.53,25.0,0.56,20.0,0.57,27.0,0.44,20.0,0.43,27.0,0.46,14.02,0.47,25.0,0.02,0.02,2322.74418,1776223330000
1776223332.104,132.104,0.56,51.5,0.55,15.0,0.57,5.0,0.59,12.0,0.43,5.0,0.41,12.0,0.44,51.5,0.45,15.0,0.01,0.01,2322.73047,1776223331000
1776223333.232,133.232,0.56,51.5,0.55,15.0,0.57,5.0,0.59,12.0,0.43,5.0,0.41,12.0,0.44,51.5,0.45,15.0,0.01,0.01,2322.77774,1776223332000
1776223334.445,134.445,0.59,47.0,0.58,25.0,0.6,1.47,0.62,22.0,0.43,5.0,0.41,12.0,0.44,51.5,0.45,15.0,0.01,0.01,2322.77774,1776223332000
1776223334.684,134.684,0.59,30.0,0.58,25.0,0.6,1.94,0.61,5.0,0.4,1.47,0.38,22.0,0.41,47.0,0.42,25.0,0.01,0.01,2322.77774,1776223332000
1776223334.995,134.995,0.59,2.56,0.58,20.0,0.6,21.94,0.61,20.0,0.4,1.94,0.39,10.0,0.45,42.22,0.46,89.02,0.01,0.05,2322.918702,1776223333000
1776223335.365,135.365,0.59,2.56,0.58,20.0,0.6,21.94,0.61,20.0,0.4,21.94,0.39,20.0,0.41,2.56,0.42,20.0,0.01,0.01,2322.918702,1776223334000
1776223335.702,135.702,0.58,25.0,0.57,15.0,0.6,25.0,0.61,30.0,0.41,0.3,0.4,21.94,0.42,20.0,0.43,15.0,0.02,0.01,2322.918702,1776223334000
1776223336.769,136.769,0.59,10.0,0.58,20.0,0.6,17.4,0.61,30.0,0.4,25.0,0.39,30.0,0.42,25.0,0.43,15.0,0.01,0.02,2322.82637,1776223335000
1776223338.242,138.242,0.59,10.0,0.58,20.0,0.6,17.4,0.61,30.0,0.4,17.4,0.39,30.0,0.41,10.0,0.42,20.0,0.01,0.01,2322.936815,1776223337000
1776223338.955,138.955,0.58,25.0,0.57,15.0,0.59,23.3,0.6,5.0,0.4,17.4,0.39,30.0,0.41,10.0,0.42,20.0,0.01,0.01,2322.936815,1776223337000
1776223339.298,139.298,0.58,25.0,0.57,15.0,0.59,23.3,0.6,5.0,0.41,23.3,0.4,5.0,0.42,25.0,0.43,15.0,0.01,0.01,2323.055378,1776223338000
1776223339.927,139.927,0.58,25.0,0.57,15.0,0.59,23.3,0.6,5.0,0.41,23.3,0.4,5.0,0.42,25.0,0.43,15.0,0.01,0.01,2323.001125,1776223339000
1776223341.061,141.061,0.58,25.0,0.57,15.0,0.59,23.3,0.6,5.0,0.41,23.3,0.4,5.0,0.42,25.0,0.43,15.0,0.01,0.01,2323.061995,1776223340000
1776223342.252,142.252,0.58,25.0,0.57,15.0,0.59,23.3,0.6,5.0,0.41,23.3,0.4,5.0,0.42,25.0,0.43,15.0,0.01,0.01,2322.988706,1776223341000
1776223343.104,143.104,0.63,36.0,0.62,26.0,0.64,2.89,0.65,5.0,0.36,10.0,0.35,5.0,0.37,20.54,0.38,26.0,0.01,0.01,2322.988706,1776223341000
1776223343.56,143.56,0.64,23.63,0.63,26.0,0.66,20.0,0.67,10.0,0.36,2.89,0.35,5.0,0.37,36.0,0.38,26.0,0.02,0.01,2323.001998,1776223342000
1776223344.383,144.383,0.64,23.63,0.63,26.0,0.66,20.0,0.67,10.0,0.34,20.0,0.33,10.0,0.36,23.63,0.37,26.0,0.02,0.02,2323.074997,1776223343000
1776223344.915,144.915,0.64,23.63,0.63,26.0,0.66,20.0,0.67,10.0,0.34,20.0,0.33,10.0,0.36,23.63,0.37,26.0,0.02,0.02,2323.113502,1776223344000
1776223345.845,145.845,0.65,47.14,0.64,18.63,0.66,5.0,0.67,25.0,0.34,20.0,0.33,10.0,0.36,23.63,0.37,26.0,0.01,0.02,2323.113502,1776223344000
1776223346.05,146.05,0.65,47.14,0.64,18.63,0.67,1.94,0.68,5.0,0.33,1.94,0.32,5.0,0.35,47.14,0.36,18.63,0.02,0.02,2323.204815,1776223345000
1776223347.113,147.113,0.65,47.14,0.64,18.63,0.67,1.94,0.68,5.0,0.33,1.94,0.32,5.0,0.35,47.14,0.36,18.63,0.02,0.02,2323.197225,1776223346000
1776223348.147,148.147,0.65,47.14,0.64,18.63,0.67,1.94,0.68,5.0,0.33,1.94,0.32,5.0,0.35,47.14,0.36,18.63,0.02,0.02,2323.337646,1776223347000
1776223349.203,149.203,0.65,47.14,0.64,18.63,0.67,1.94,0.68,5.0,0.33,1.94,0.32,5.0,0.35,47.14,0.36,18.63,0.02,0.02,2323.20694,1776223348000
1776223350.542,150.542,0.65,47.14,0.64,18.63,0.67,1.94,0.68,5.0,0.33,1.94,0.32,5.0,0.35,47.14,0.36,18.63,0.02,0.02,2323.259187,1776223349000
1776223351.112,151.112,0.65,47.14,0.64,18.63,0.67,1.94,0.68,5.0,0.33,1.94,0.32,5.0,0.35,47.14,0.36,18.63,0.02,0.02,2323.266525,1776223350000
1776223351.982,151.982,0.7,76.0,0.69,50.0,0.71,25.0,0.72,5.0,0.29,5.0,0.28,5.0,0.31,100.0,0.32,25.0,0.01,0.02,2323.266525,1776223350000
1776223352.443,152.443,0.7,86.0,0.69,50.0,0.73,5.0,0.74,5.0,0.27,5.0,0.26,5.0,0.3,86.0,0.31,50.0,0.03,0.03,2323.403507,1776223351000
1776223352.859,152.859,0.72,121.0,0.71,26.0,0.76,41.97,0.77,5.0,0.27,5.39,0.26,10.0,0.28,80.0,0.29,25.0,0.04,0.01,2323.403507,1776223351000
1776223353.119,153.119,0.72,121.0,0.71,26.0,0.76,41.97,0.77,5.0,0.24,41.97,0.23,5.0,0.28,121.0,0.29,26.0,0.04,0.04,2323.32613,1776223352000
1776223353.8,153.8,0.75,111.0,0.74,26.0,0.76,56.97,0.77,10.0,0.24,41.97,0.23,5.0,0.28,121.0,0.29,26.0,0.01,0.04,2323.32613,1776223352000
1776223354.403,154.403,0.75,111.0,0.74,26.0,0.76,56.97,0.77,10.0,0.24,56.97,0.23,10.0,0.25,111.0,0.26,26.0,0.01,0.01,2323.38326,1776223353000
1776223354.874,154.874,0.75,110.0,0.74,26.0,0.76,56.97,0.77,15.0,0.24,56.97,0.23,10.0,0.25,111.0,0.26,26.0,0.01,0.01,2323.38326,1776223353000
1776223355.61,155.61,0.75,105.0,0.74,26.0,0.76,54.73,0.77,15.0,0.24,56.97,0.23,15.0,0.25,110.0,0.26,26.0,0.01,0.01,2323.43552,1776223354000
1776223356.226,156.226,0.75,105.0,0.74,26.0,0.76,58.23,0.77,15.0,0.24,58.23,0.23,15.0,0.25,105.0,0.26,26.0,0.01,0.01,2323.504605,1776223355000
1776223356.432,156.432,0.79,70.47,0.78,15.0,0.82,63.62,0.84,5.0,0.2,10.0,0.18,70.0,0.21,45.47,0.22,10.0,0.03,0.01,2323.504605,1776223355000
1776223356.733,156.733,0.81,126.0,0.8,31.0,0.82,58.87,0.84,10.0,0.18,63.52,0.16,10.0,0.19,111.0,0.2,26.0,0.01,0.01,2323.504605,1776223355000
1776223356.935,156.935,0.81,91.15,0.8,31.0,0.82,63.26,0.84,10.0,0.18,63.26,0.16,10.0,0.19,98.63,0.2,31.0,0.01,0.01,2323.504605,1776223355000
1776223357.373,157.373,0.81,85.88,0.8,31.0,0.82,63.26,0.84,10.0,0.18,63.26,0.16,10.0,0.19,85.88,0.2,31.0,0.01,0.01,2323.52078,1776223356000
1776223357.968,157.968,0.81,85.88,0.8,31.0,0.82,63.26,0.84,10.0,0.18,63.26,0.16,10.0,0.19,85.88,0.2,31.0,0.01,0.01,2323.597981,1776223357000
1776223359.116,159.116,0.81,85.88,0.8,31.0,0.82,63.26,0.84,10.0,0.18,63.26,0.16,10.0,0.19,85.88,0.2,31.0,0.01,0.01,2323.940897,1776223358000
1776223360.231,160.231,0.81,85.88,0.8,31.0,0.82,63.26,0.84,10.0,0.18,63.26,0.16,10.0,0.19,85.88,0.2,31.0,0.01,0.01,2323.8565,1776223359000
1776223360.505,160.505,0.86,85.0,0.85,10.0,0.87,42.11,0.88,30.0,0.13,50.0,0.12,25.0,0.19,90.88,0.2,53.5,0.01,0.06,2323.8565,1776223359000
1776223361.21,161.21,0.86,95.0,0.85,20.0,0.87,24.14,0.88,30.0,0.13,32.11,0.12,30.0,0.14,85.0,0.15,10.0,0.01,0.01,2323.8565,1776223359000
1776223361.459,161.459,0.86,95.0,0.85,20.0,0.87,24.14,0.88,30.0,0.13,24.14,0.12,30.0,0.14,95.0,0.15,20.0,0.01,0.01,2323.86408,1776223360000
1776223361.949,161.949,0.89,111.0,0.88,29.0,0.91,243.11,0.92,69.0,0.09,243.11,0.08,69.0,0.11,111.0,0.12,29.0,0.02,0.02,2323.87204,1776223361000
1776223362.63,162.63,0.9,80.0,0.89,69.0,0.92,58.0,0.93,26.0,0.09,207.23,0.08,64.0,0.1,30.0,0.11,60.0,0.02,0.01,2323.87204,1776223361000
1776223362.93,162.93,0.91,10.0,0.9,55.0,0.92,69.2,0.93,26.0,0.08,58.0,0.07,26.0,0.1,80.0,0.11,69.0,0.01,0.02,2323.87204,1776223361000
1776223363.345,163.345,0.91,10.0,0.9,60.0,0.92,32.35,0.93,20.0,0.08,69.2,0.07,26.0,0.09,10.0,0.1,55.0,0.01,0.01,2324.060495,1776223362000
1776223364.693,164.693,0.91,25.0,0.9,60.0,0.94,88.05,0.95,105.8,0.06,88.05,0.05,105.8,0.09,25.0,0.1,60.0,0.03,0.03,2324.429891,1776223363000
1776223364.904,164.904,0.92,155.0,0.91,150.0,0.93,74.24,0.94,237.38,0.06,88.05,0.05,105.8,0.09,25.0,0.1,60.0,0.01,0.03,2324.429891,1776223363000
1776223365.199,165.199,0.92,155.0,0.91,150.0,0.93,74.24,0.94,237.38,0.07,74.24,0.06,237.38,0.08,155.0,0.09,150.0,0.01,0.01,2324.390315,1776223364000
1776223365.478,165.478,0.92,91.0,0.91,30.0,0.93,84.11,0.94,223.13,0.07,74.24,0.06,237.38,0.08,155.0,0.09,150.0,0.01,0.01,2324.390315,1776223364000
1776223365.726,165.726,0.92,91.0,0.91,30.0,0.93,17.84,0.94,71.0,0.07,78.84,0.06,223.13,0.08,91.0,0.09,30.0,0.01,0.01,2324.390315,1776223364000
1776223366.141,166.141,0.92,96.0,0.91,30.0,0.94,68.65,0.95,111.8,0.06,68.65,0.05,111.8,0.08,96.0,0.09,30.0,0.02,0.02,2324.495079,1776223365000
1776223366.546,166.546,0.93,15.0,0.92,51.0,0.94,78.38,0.95,187.8,0.06,68.65,0.05,111.8,0.08,96.0,0.09,30.0,0.01,0.02,2324.495079,1776223365000
1776223366.802,166.802,0.93,10.0,0.92,56.0,0.94,82.25,0.95,187.8,0.06,77.25,0.05,187.8,0.07,15.0,0.08,56.0,0.01,0.01,2324.495079,1776223365000
1776223367.147,167.147,0.93,10.0,0.92,56.0,0.94,76.18,0.95,187.8,0.06,82.25,0.05,187.8,0.07,10.0,0.08,56.0,0.01,0.01,2324.495079,1776223365000
1776223367.956,167.956,0.93,10.0,0.92,56.0,0.94,43.6,0.95,187.8,0.06,76.18,0.05,187.8,0.07,10.0,0.08,56.0,0.01,0.01,2324.529549,1776223366000
1776223368.167,168.167,0.93,10.0,0.92,56.0,0.94,43.6,0.95,187.8,0.06,43.6,0.05,187.8,0.07,10.0,0.08,56.0,0.01,0.01,2324.851679,1776223367000
1776223368.469,168.469,0.93,144.0,0.92,156.0,0.94,115.0,0.95,155.8,0.06,43.6,0.05,187.8,0.07,10.0,0.08,56.0,0.01,0.01,2324.851679,1776223367000
1776223368.941,168.941,0.93,169.0,0.92,181.0,0.94,122.87,0.95,183.8,0.06,115.0,0.05,155.8,0.07,144.0,0.08,156.0,0.01,0.01,2324.851679,1776223367000
1776223369.406,169.406,0.93,162.59,0.92,181.0,0.94,121.87,0.95,183.8,0.06,122.87,0.05,183.8,0.07,169.0,0.08,181.0,0.01,0.01,2324.769744,1776223368000
1776223369.994,169.994,0.93,162.59,0.92,181.0,0.94,108.69,0.95,183.8,0.06,108.69,0.05,183.8,0.07,162.59,0.08,181.0,0.01,0.01,2324.758243,1776223369000
1776223370.341,170.341,0.93,162.59,0.92,176.0,0.94,105.49,0.95,164.8,0.06,106.56,0.05,183.8,0.07,162.59,0.08,181.0,0.01,0.01,2324.758243,1776223369000
1776223371.095,171.095,0.93,162.59,0.92,176.0,0.94,105.49,0.95,164.8,0.06,105.49,0.05,164.8,0.07,162.59,0.08,176.0,0.01,0.01,2324.61614,1776223370000
1776223372.037,172.037,0.93,162.59,0.92,176.0,0.94,105.49,0.95,164.8,0.06,105.49,0.05,164.8,0.07,162.59,0.08,176.0,0.01,0.01,2324.680543,1776223371000
1776223373.275,173.275,0.93,162.59,0.92,176.0,0.94,105.49,0.95,164.8,0.06,105.49,0.05,164.8,0.07,162.59,0.08,176.0,0.01,0.01,2324.716191,1776223372000
1776223373.686,173.686,0.93,102.0,0.92,145.0,0.94,150.0,0.95,183.8,0.06,105.49,0.05,164.8,0.07,162.59,0.08,176.0,0.01,0.01,2324.716191,1776223372000
1776223374.453,174.453,0.93,102.0,0.92,145.0,0.94,150.0,0.95,183.8,0.06,150.0,0.05,183.8,0.07,102.0,0.08,145.0,0.01,0.01,2324.614245,1776223373000
1776223375.005,175.005,0.93,102.0,0.92,145.0,0.94,150.0,0.95,183.8,0.06,150.0,0.05,183.8,0.07,102.0,0.08,145.0,0.01,0.01,2324.610035,1776223374000
1776223375.511,175.511,0.93,10.0,0.92,20.0,0.94,95.93,0.95,173.8,0.06,150.0,0.05,183.8,0.07,102.0,0.08,145.0,0.01,0.01,2324.610035,1776223374000
1776223375.931,175.931,0.93,10.0,0.92,20.0,0.94,95.93,0.95,173.8,0.06,95.93,0.05,173.8,0.07,10.0,0.08,20.0,0.01,0.01,2324.752183,1776223375000
1776223376.497,176.497,0.93,25.0,0.92,20.0,0.94,56.13,0.95,173.8,0.06,95.93,0.05,173.8,0.07,10.0,0.08,20.0,0.01,0.01,2324.752183,1776223375000
1776223376.964,176.964,0.93,30.0,0.92,20.0,0.94,53.0,0.95,154.8,0.06,53.0,0.05,154.8,0.07,30.0,0.08,20.0,0.01,0.01,2324.563575,1776223376000
1776223377.74,177.74,0.93,25.0,0.92,20.0,0.94,47.4,0.95,154.8,0.06,53.0,0.05,154.8,0.07,30.0,0.08,20.0,0.01,0.01,2324.563575,1776223376000
1776223378.023,178.023,0.93,25.0,0.92,20.0,0.94,47.4,0.95,154.8,0.06,47.4,0.05,154.8,0.07,25.0,0.08,20.0,0.01,0.01,2324.562675,1776223377000
1776223379.062,179.062,0.93,25.0,0.92,20.0,0.94,10.33,0.95,140.8,0.06,47.4,0.05,154.8,0.07,25.0,0.08,20.0,0.01,0.01,2324.562675,1776223377000
1776223379.409,179.409,0.93,25.0,0.92,20.0,0.94,10.33,0.95,140.8,0.06,10.33,0.05,140.8,0.07,25.0,0.08,20.0,0.01,0.01,2324.585065,1776223378000
1776223379.95,179.95,0.94,77.67,0.93,25.0,0.95,140.8,0.96,232.8,0.05,140.8,0.04,232.8,0.06,77.67,0.07,25.0,0.01,0.01,2324.709377,1776223379000
1776223380.674,180.674,0.94,5.0,0.93,25.0,0.95,36.87,0.96,195.8,0.05,140.8,0.04,232.8,0.06,77.67,0.07,25.0,0.01,0.01,2324.709377,1776223379000
1776223381.148,181.148,0.94,5.0,0.93,25.0,0.95,2.25,0.96,195.8,0.05,36.87,0.04,195.8,0.06,5.0,0.07,25.0,0.01,0.01,2324.709377,1776223379000
1776223382.909,182.909,0.94,5.0,0.93,25.0,0.95,2.25,0.96,195.8,0.05,2.25,0.04,195.8,0.06,5.0,0.07,25.0,0.01,0.01,2324.60156,1776223382000
1776223384.204,184.204,0.94,5.0,0.93,25.0,0.95,2.25,0.96,195.8,0.05,2.25,0.04,195.8,0.06,5.0,0.07,25.0,0.01,0.01,2324.743324,1776223383000
1776223384.87,184.87,0.95,12.75,0.94,91.0,0.96,20.0,0.97,306.0,0.05,2.25,0.04,195.8,0.06,5.0,0.07,25.0,0.01,0.01,2324.743324,1776223383000
1776223385.535,185.535,0.95,52.75,0.94,65.0,0.97,264.9,0.98,478.7,0.03,264.9,0.02,478.7,0.05,52.75,0.06,65.0,0.02,0.02,2324.567084,1776223384000
1776223385.969,185.969,0.96,10.0,0.95,105.75,0.97,270.9,0.98,301.29,0.03,264.9,0.02,478.7,0.05,52.75,0.06,65.0,0.01,0.02,2324.567084,1776223384000
1776223386.176,186.176,0.96,10.0,0.95,105.75,0.97,249.86,0.98,301.29,0.03,269.86,0.02,301.29,0.04,10.0,0.05,105.75,0.01,0.01,2324.567084,1776223384000
1776223386.65,186.65,0.96,20.0,0.95,191.55,0.97,244.71,0.98,414.29,0.03,249.86,0.02,301.29,0.04,10.0,0.05,105.75,0.01,0.01,2324.53453,1776223385000
1776223386.874,186.874,0.96,161.7,0.95,216.55,0.97,229.4,0.98,301.29,0.03,239.71,0.02,301.29,0.04,108.7,0.05,216.55,0.01,0.01,2324.53453,1776223385000
1776223387.074,187.074,0.96,166.7,0.95,216.55,0.97,224.4,0.98,336.29,0.03,229.4,0.02,301.29,0.04,161.7,0.05,216.55,0.01,0.01,2324.53453,1776223385000
1776223387.531,187.531,0.96,166.7,0.95,216.55,0.97,224.4,0.98,336.29,0.03,224.4,0.02,336.29,0.04,166.7,0.05,216.55,0.01,0.01,2325.04462,1776223386000
1776223387.885,187.885,0.96,196.7,0.95,216.55,0.97,212.4,0.98,311.29,0.03,224.4,0.02,336.29,0.04,166.7,0.05,216.55,0.01,0.01,2325.04462,1776223386000
1776223388.317,188.317,0.96,196.7,0.95,216.55,0.97,212.4,0.98,311.29,0.03,212.4,0.02,311.29,0.04,196.7,0.05,216.55,0.01,0.01,2325.251008,1776223387000
1776223388.716,188.716,0.96,217.7,0.95,196.55,0.97,207.4,0.98,295.0,0.03,212.4,0.02,311.29,0.04,196.7,0.05,216.55,0.01,0.01,2325.251008,1776223387000
1776223389.633,189.633,0.96,217.7,0.95,261.55,0.97,195.14,0.98,295.0,0.03,195.14,0.02,295.0,0.04,217.7,0.05,261.55,0.01,0.01,2325.271008,1776223388000
1776223390.31,190.31,0.96,217.7,0.95,261.55,0.97,195.14,0.98,295.0,0.03,195.14,0.02,295.0,0.04,217.7,0.05,261.55,0.01,0.01,2325.29579,1776223389000
1776223391.504,191.504,0.96,149.79,0.95,145.8,0.97,190.14,0.98,295.0,0.03,195.14,0.02,295.0,0.04,227.7,0.05,218.8,0.01,0.01,2325.29579,1776223389000
1776223392.38,192.38,0.96,154.79,0.95,145.8,0.97,189.98,0.98,295.0,0.03,189.98,0.02,295.0,0.04,154.79,0.05,145.8,0.01,0.01,2325.529245,1776223391000
1776223393.025,193.025,0.96,138.54,0.95,150.8,0.97,184.98,0.98,295.0,0.03,184.98,0.02,295.0,0.04,138.54,0.05,150.8,0.01,0.01,2325.52233,1776223392000
1776223394.427,194.427,0.96,138.54,0.95,150.8,0.97,184.98,0.98,295.0,0.03,184.98,0.02,295.0,0.04,138.54,0.05,150.8,0.01,0.01,2325.447915,1776223393000
1776223395.062,195.062,0.96,144.54,0.95,150.8,0.97,173.47,0.98,295.0,0.03,175.54,0.02,295.0,0.04,144.54,0.05,150.8,0.01,0.01,2325.447915,1776223393000
1776223395.393,195.393,0.96,139.54,0.95,150.8,0.98,248.97,0.99,8176.17,0.02,248.97,0.01,8176.17,0.04,139.54,0.05,150.8,0.02,0.02,2325.588075,1776223394000
1776223396.019,196.019,0.97,317.65,0.96,147.54,0.98,248.97,0.99,7486.57,0.02,248.97,0.01,8176.17,0.04,139.54,0.05,150.8,0.01,0.02,2325.588075,1776223394000
1776223396.624,196.624,0.97,317.65,0.96,147.54,0.98,233.64,0.99,6786.57,0.02,233.64,0.01,6786.57,0.03,317.65,0.04,147.54,0.01,0.01,2325.43334,1776223395000
1776223397.236,197.236,0.97,327.65,0.96,147.54,0.98,231.59,0.99,6718.86,0.02,233.64,0.01,6786.57,0.03,317.65,0.04,147.54,0.01,0.01,2325.43334,1776223395000
1776223398.406,198.406,0.97,329.64,0.96,152.54,0.98,206.34,0.99,6718.86,0.02,231.59,0.01,6718.86,0.03,324.64,0.04,147.54,0.01,0.01,2325.576895,1776223396000
1776223398.854,198.854,0.97,329.64,0.96,152.54,0.98,206.34,0.99,6718.86,0.02,206.34,0.01,6718.86,0.03,329.64,0.04,152.54,0.01,0.01,2325.637849,1776223397000
1776223399.471,199.471,0.97,329.64,0.96,152.54,0.98,206.34,0.99,6718.86,0.02,206.34,0.01,6718.86,0.03,329.64,0.04,152.54,0.01,0.01,2325.731581,1776223398000
1776223399.686,199.686,0.97,138.7,0.96,120.54,0.98,202.34,0.99,6712.57,0.02,206.34,0.01,6718.86,0.03,329.64,0.04,152.54,0.01,0.01,2325.731581,1776223398000
1776223400.084,200.084,0.97,138.7,0.96,120.54,0.98,190.21,0.99,7076.17,0.02,202.34,0.01,6712.57,0.03,138.7,0.04,120.54,0.01,0.01,2325.731581,1776223398000
1776223400.351,200.351,0.97,138.7,0.96,120.54,0.98,190.21,0.99,7076.17,0.02,190.21,0.01,7076.17,0.03,138.7,0.04,120.54,0.01,0.01,2325.73375,1776223399000
1776223400.658,200.658,0.97,148.7,0.96,120.54,0.98,165.21,0.99,7076.17,0.02,190.21,0.01,7076.17,0.03,138.7,0.04,120.54,0.01,0.01,2325.73375,1776223399000
1776223401.076,201.076,0.97,153.7,0.96,130.54,0.98,158.16,0.99,6671.57,0.02,165.21,0.01,7076.17,0.03,148.7,0.04,120.54,0.01,0.01,2325.73375,1776223399000
1776223401.517,201.517,0.97,181.7,0.96,117.54,0.98,128.16,0.99,6618.86,0.02,158.16,0.01,6671.57,0.03,153.7,0.04,130.54,0.01,0.01,2325.73375,1776223399000
1776223401.972,201.972,0.97,186.7,0.96,117.54,0.98,119.06,0.99,6908.86,0.02,128.16,0.01,6618.86,0.03,181.7,0.04,117.54,0.01,0.01,2325.847918,1776223400000
1776223402.284,202.284,0.97,186.7,0.96,117.54,0.98,119.06,0.99,6908.86,0.02,119.06,0.01,6908.86,0.03,186.7,0.04,117.54,0.01,0.01,2325.59861,1776223401000
1776223403.791,203.791,0.97,181.7,0.96,142.54,0.98,118.03,0.99,7318.86,0.02,119.06,0.01,6908.86,0.03,186.7,0.04,117.54,0.01,0.01,2325.59861,1776223401000
1776223404.572,204.572,0.97,181.7,0.96,142.54,0.98,118.03,0.99,7318.86,0.02,118.03,0.01,7318.86,0.03,181.7,0.04,142.54,0.01,0.01,2325.725825,1776223403000
1776223404.909,204.909,0.97,249.7,0.96,142.54,0.98,90.75,0.99,7318.86,0.02,118.03,0.01,7318.86,0.03,181.7,0.04,142.54,0.01,0.01,2325.725825,1776223403000
1776223405.294,205.294,0.97,249.7,0.96,142.54,0.98,90.75,0.99,7318.86,0.02,90.75,0.01,7318.86,0.03,249.7,0.04,142.54,0.01,0.01,2325.902286,1776223404000
1776223405.952,205.952,0.97,249.7,0.96,142.54,0.98,65.75,0.99,1502.57,0.02,90.75,0.01,7318.86,0.03,249.7,0.04,142.54,0.01,0.01,2325.902286,1776223404000
1776223406.643,206.643,0.97,219.7,0.96,142.54,0.98,28.7,0.99,1502.57,0.02,63.7,0.01,1502.57,0.03,249.7,0.04,142.54,0.01,0.01,2325.81324,1776223405000
1776223407.11,207.11,0.97,219.7,0.96,207.54,0.98,23.7,0.99,1502.57,0.02,28.7,0.01,1502.57,0.03,219.7,0.04,142.54,0.01,0.01,2325.81324,1776223405000
1776223407.436,207.436,0.98,76.3,0.97,224.7,0.99,1502.57,,,0.01,1502.57,,,0.02,76.3,0.03,224.7,0.01,0.01,2325.89742,1776223406000
1776223407.874,207.874,0.98,449.0,0.97,194.7,0.99,1467.57,,,0.01,1472.57,,,0.02,419.0,0.03,194.7,0.01,0.01,2325.89742,1776223406000
1776223408.27,208.27,0.98,449.0,0.97,194.7,0.99,1467.57,,,0.01,1467.57,,,0.02,449.0,0.03,194.7,0.01,0.01,2326.025778,1776223407000
1776223408.493,208.493,0.98,444.0,0.97,194.7,0.99,1466.55,,,0.01,1467.57,,,0.02,449.0,0.03,194.7,0.01,0.01,2326.025778,1776223407000
1776223408.716,208.716,0.98,343.89,0.97,184.7,0.99,1466.55,,,0.01,1466.55,,,0.02,444.0,0.03,194.7,0.01,0.01,2326.025778,1776223407000
1776223408.994,208.994,0.98,343.89,0.97,184.7,0.99,1369.52,,,0.01,1371.55,,,0.02,343.89,0.03,184.7,0.01,0.01,2326.025778,1776223407000
1776223409.344,209.344,0.98,522.28,0.97,184.7,0.99,1113.52,,,0.01,1289.52,,,0.02,343.89,0.03,184.7,0.01,0.01,2326.155438,1776223408000
1776223409.681,209.681,0.99,1413.48,0.98,517.28,,,,,0.01,1111.52,,,0.02,522.28,0.03,184.7,,0.01,2326.155438,1776223408000
1776223410.273,210.273,0.99,1599.46,0.98,353.89,,,,,,,,,0.01,1413.48,0.02,517.28,,,2326.155438,1776223408000
1776223410.552,210.552,0.99,1599.46,0.98,353.89,,,,,,,,,0.01,1599.46,0.02,353.89,,,2326.547995,1776223409000
1776223411.136,211.136,0.99,1599.46,0.98,353.89,,,,,,,,,0.01,1599.46,0.02,353.89,,,2326.726036,1776223410000
1776223412.459,212.459,0.99,1599.46,0.98,353.89,,,,,,,,,0.01,1599.46,0.02,353.89,,,2326.747978,1776223411000
1776223413.199,213.199,0.99,1599.46,0.98,353.89,,,,,,,,,0.01,1599.46,0.02,353.89,,,2326.72921,1776223412000
1776223414.778,214.778,0.99,1599.46,0.98,353.89,,,,,,,,,0.01,1599.46,0.02,353.89,,,2327.159456,1776223413000
1776223415.95,215.95,0.99,1599.46,0.98,353.89,,,,,,,,,0.01,1599.46,0.02,353.89,,,2327.195482,1776223414000
1776223417.042,217.042,0.99,4702.47,0.98,461.89,,,,,,,,,0.01,4702.47,0.02,461.89,,,2327.169866,1776223415000
1776223418.23,218.23,0.99,4694.18,0.98,861.89,,,,,,,,,0.01,4694.18,0.02,861.89,,,2327.100145,1776223416000
1776223419.413,219.413,0.99,4694.18,0.98,861.89,,,,,,,,,0.01,4694.18,0.02,861.89,,,2327.246832,1776223417000
1776223420.49,220.49,0.99,4695.54,0.98,861.89,,,,,,,,,0.01,4695.54,0.02,861.89,,,2327.13813,1776223419000
1776223421.626,221.626,0.99,4695.54,0.98,861.89,,,,,,,,,0.01,4695.54,0.02,861.89,,,2327.197681,1776223420000
1776223422.495,222.495,0.99,4695.54,0.98,861.89,,,,,,,,,0.01,4695.54,0.02,861.89,,,2327.1533,1776223421000
1776223423.536,223.536,0.99,4695.54,0.98,861.89,,,,,,,,,0.01,4695.54,0.02,861.89,,,2327.182033,1776223422000
1776223424.403,224.403,0.99,4695.54,0.98,861.89,,,,,,,,,0.01,4695.54,0.02,861.89,,,2327.234215,1776223423000
1776223425.201,225.201,0.99,4695.54,0.98,861.89,,,,,,,,,0.01,4695.54,0.02,861.89,,,2327.201444,1776223424000
1776223426.749,226.749,0.99,4695.54,0.98,861.89,,,,,,,,,0.01,4695.54,0.02,861.89,,,2327.25759,1776223425000
1776223427.381,227.381,0.99,4695.54,0.98,861.89,,,,,,,,,0.01,4695.54,0.02,861.89,,,2327.373625,1776223426000
1776223428.01,228.01,0.99,4695.54,0.98,861.89,,,,,,,,,0.01,4695.54,0.02,861.89,,,2327.385595,1776223427000
1776223429.444,229.444,0.99,4695.54,0.98,861.89,,,,,,,,,0.01,4695.54,0.02,861.89,,,2327.626676,1776223428000
1776223430.133,230.133,0.99,4695.54,0.98,861.89,,,,,,,,,0.01,4695.54,0.02,861.89,,,2327.890558,1776223429000
1776223431.645,231.645,0.99,4695.54,0.98,861.89,,,,,,,,,0.01,4695.54,0.02,861.89,,,2328.172735,1776223430000
1776223432.342,232.342,0.99,4695.54,0.98,861.89,,,,,,,,,0.01,4695.54,0.02,861.89,,,2328.219397,1776223431000
1776223433.134,233.134,0.99,4695.54,0.98,861.89,,,,,,,,,0.01,4695.54,0.02,861.89,,,2328.086295,1776223432000
1776223434.106,234.106,0.99,12995.51,0.98,236.7,,,,,,,,,0.01,4695.54,0.02,861.89,,,2328.086295,1776223432000
1776223434.667,234.667,0.99,12995.51,0.98,236.7,,,,,,,,,0.01,12995.51,0.02,236.7,,,2327.780686,1776223433000
1776223435.37,235.37,0.99,12995.51,0.98,236.7,,,,,,,,,0.01,12995.51,0.02,236.7,,,2327.828739,1776223434000
1776223436.591,236.591,0.99,12995.51,0.98,236.7,,,,,,,,,0.01,12995.51,0.02,236.7,,,2327.804577,1776223435000
1776223437.185,237.185,0.99,12995.51,0.98,236.7,,,,,,,,,0.01,12995.51,0.02,236.7,,,2328.20644,1776223436000
1776223438.3,238.3,0.99,13196.35,0.98,236.7,,,,,,,,,0.01,13196.35,0.02,236.7,,,2328.32257,1776223437000
1776223439.226,239.226,0.99,13196.35,0.98,236.7,,,,,,,,,0.01,13196.35,0.02,236.7,,,2328.32555,1776223438000
1776223440.433,240.433,0.99,13196.35,0.98,236.7,,,,,,,,,0.01,13196.35,0.02,236.7,,,2328.383375,1776223439000
1776223441.021,241.021,0.99,13196.35,0.98,236.7,,,,,,,,,0.01,13196.35,0.02,236.7,,,2328.507247,1776223440000
1776223442.275,242.275,0.99,15704.85,0.98,236.7,,,,,,,,,0.01,13196.35,0.02,236.7,,,2328.507247,1776223440000
1776223442.663,242.663,0.99,15704.85,0.98,236.7,,,,,,,,,0.01,15704.85,0.02,236.7,,,2328.485026,1776223441000
1776223443.163,243.163,0.99,15704.85,0.98,236.7,,,,,,,,,0.01,15704.85,0.02,236.7,,,2328.460715,1776223442000
1776223444.6,244.6,0.99,15704.85,0.98,236.7,,,,,,,,,0.01,15704.85,0.02,236.7,,,2328.394371,1776223443000
1776223445.172,245.172,0.99,15704.85,0.98,236.7,,,,,,,,,0.01,15704.85,0.02,236.7,,,2328.395976,1776223444000
1776223446.288,246.288,0.99,15704.85,0.98,236.7,,,,,,,,,0.01,15704.85,0.02,236.7,,,2328.28244,1776223445000
1776223447.42,247.42,0.99,15704.85,0.98,236.7,,,,,,,,,0.01,15704.85,0.02,236.7,,,2328.24271,1776223446000
1776223448.996,248.996,0.99,15704.85,0.98,236.7,,,,,,,,,0.01,15704.85,0.02,236.7,,,2328.312954,1776223448000
1776223450.632,250.632,0.99,15704.85,0.98,236.7,,,,,,,,,0.01,15704.85,0.02,236.7,,,2328.215683,1776223449000
1776223451.985,251.985,0.99,14709.5,0.98,236.7,,,,,,,,,0.01,15704.85,0.02,236.7,,,2328.215683,1776223449000
1776223453.189,253.189,0.99,14709.5,0.98,236.7,,,,,,,,,0.01,14709.5,0.02,236.7,,,2328.129235,1776223452000
1776223454.332,254.332,0.99,14709.5,0.98,236.7,,,,,,,,,0.01,14709.5,0.02,236.7,,,2328.06118,1776223453000
1776223455.509,255.509,0.99,14709.5,0.98,236.7,,,,,,,,,0.01,14709.5,0.02,236.7,,,2328.10236,1776223454000
1776223456.019,256.019,0.99,14709.5,0.98,236.7,,,,,,,,,0.01,14709.5,0.02,236.7,,,2328.192375,1776223455000
1776223457.145,257.145,0.99,14709.5,0.98,236.7,,,,,,,,,0.01,14709.5,0.02,236.7,,,2328.212875,1776223456000
1776223458.204,258.204,0.99,14709.5,0.98,236.7,,,,,,,,,0.01,14709.5,0.02,236.7,,,2328.231425,1776223457000
1776223459.278,259.278,0.99,14709.5,0.98,236.7,,,,,,,,,0.01,14709.5,0.02,236.7,,,2328.238725,1776223458000
1776223460.216,260.216,0.99,14709.5,0.98,236.7,,,,,,,,,0.01,14709.5,0.02,236.7,,,2328.33757,1776223459000
1776223468.66,268.66,0.99,14709.5,0.98,236.7,,,,,,,,,0.01,14709.5,0.02,236.7,,,2328.204715,1776223467000
1776223469.255,269.255,0.99,14709.5,0.98,236.7,,,,,,,,,0.01,14709.5,0.02,236.7,,,2328.10323,1776223468000
1776223470.313,270.313,0.99,14709.5,0.98,236.7,,,,,,,,,0.01,14709.5,0.02,236.7,,,2327.920574,1776223469000
1776223471.548,271.548,0.99,14709.5,0.98,236.7,,,,,,,,,0.01,14709.5,0.02,236.7,,,2327.929045,1776223470000
1776223472.039,272.039,0.99,14709.5,0.98,236.7,,,,,,,,,0.01,14709.5,0.02,236.7,,,2327.93976,1776223471000
1776223473.311,273.311,0.99,14709.5,0.98,236.7,,,,,,,,,0.01,14709.5,0.02,236.7,,,2327.949024,1776223472000
1776223474.394,274.394,0.99,14709.5,0.98,236.7,,,,,,,,,0.01,14709.5,0.02,236.7,,,2327.867886,1776223473000
1776223474.966,274.966,0.99,14709.5,0.98,236.7,,,,,,,,,0.01,14709.5,0.02,236.7,,,2327.877381,1776223474000
1776223476.106,276.106,0.99,14709.5,0.98,236.7,,,,,,,,,0.01,14709.5,0.02,236.7,,,2327.94445,1776223475000
1776223477.251,277.251,0.99,14709.5,0.98,236.7,,,,,,,,,0.01,14709.5,0.02,236.7,,,2328.03333,1776223476000
1776223478.429,278.429,0.99,14709.5,0.98,236.7,,,,,,,,,0.01,14709.5,0.02,236.7,,,2327.924137,1776223477000
1776223479.035,279.035,0.99,14709.5,0.98,236.7,,,,,,,,,0.01,14709.5,0.02,236.7,,,2328.023238,1776223478000
1776223480.153,280.153,0.99,14709.5,0.98,236.7,,,,,,,,,0.01,14709.5,0.02,236.7,,,2327.914435,1776223479000
1776223481.197,281.197,0.99,14709.5,0.98,236.7,,,,,,,,,0.01,14709.5,0.02,236.7,,,2327.923755,1776223480000
1776223482.352,282.352,0.99,14709.5,0.98,236.7,,,,,,,,,0.01,14709.5,0.02,236.7,,,2327.867052,1776223481000
1776223482.861,282.861,0.99,14709.5,0.98,236.7,,,,,,,,,0.01,14709.5,0.02,236.7,,,2327.760715,1776223482000
1776223484.415,284.415,0.99,14709.5,0.98,236.7,,,,,,,,,0.01,14709.5,0.02,236.7,,,2327.547,1776223483000
1776223484.923,284.923,0.99,14709.5,0.98,236.7,,,,,,,,,0.01,14709.5,0.02,236.7,,,2327.745479,1776223484000
1776223485.871,285.871,0.99,14709.5,0.98,236.7,,,,,,,,,0.01,14709.5,0.02,236.7,,,2327.552485,1776223485000
1776223486.848,286.848,0.99,14709.5,0.98,236.7,,,,,,,,,0.01,14709.5,0.02,236.7,,,2327.4431,1776223486000
1776223487.83,287.83,0.99,14709.5,0.98,236.7,,,,,,,,,0.01,14709.5,0.02,236.7,,,2327.559079,1776223487000
1776223488.798,288.798,0.99,14709.5,0.98,236.7,,,,,,,,,0.01,14709.5,0.02,236.7,,,2327.648165,1776223488000
1776223489.858,289.858,0.99,14709.5,0.98,236.7,,,,,,,,,0.01,14709.5,0.02,236.7,,,2327.684175,1776223489000
1776223490.905,290.905,0.99,14709.5,0.98,236.7,,,,,,,,,0.01,14709.5,0.02,236.7,,,2327.6695,1776223490000
1776223491.887,291.887,0.99,14709.5,0.98,236.7,,,,,,,,,0.01,14709.5,0.02,236.7,,,2327.756391,1776223491000
1776223492.879,292.879,0.99,14709.5,0.98,236.7,,,,,,,,,0.01,14709.5,0.02,236.7,,,2327.814803,1776223492000
1776223493.921,293.921,0.99,14709.5,0.98,236.7,,,,,,,,,0.01,14709.5,0.02,236.7,,,2328.12885,1776223493000
1776223494.94,294.94,0.99,14709.5,0.98,236.7,,,,,,,,,0.01,14709.5,0.02,236.7,,,2328.129768,1776223494000
1776223495.937,295.937,0.99,14709.5,0.98,236.7,,,,,,,,,0.01,14709.5,0.02,236.7,,,2328.146435,1776223495000
1776223497.032,297.032,0.99,14709.5,0.98,236.7,,,,,,,,,0.01,14709.5,0.02,236.7,,,2328.15622,1776223496000
1776223497.945,297.945,0.99,14709.5,0.98,236.7,,,,,,,,,0.01,14709.5,0.02,236.7,,,2328.165365,1776223497000
1776223499.005,299.005,0.99,14709.5,0.98,236.7,,,,,,,,,0.01,14709.5,0.02,236.7,,,2328.165135,1776223498000
1776223500.028,300.028,0.99,14709.5,0.98,236.7,,,,,,,,,0.01,14709.5,0.02,236.7,,,2328.37195,1776223499000
1776223500.556,300.556,0.99,77480.05,0.98,154.0,,,,,,,,,0.01,14709.5,0.02,236.7,,,2328.37195,1776223499000
1776223501.111,301.111,0.99,77480.05,0.98,154.0,,,,,,,,,0.01,77480.05,0.02,154.0,,,2328.318635,1776223500000
1776223502.218,302.218,0.99,77480.05,0.98,154.0,,,,,,,,,0.01,77480.05,0.02,154.0,,,2328.202255,1776223501000

# RESULT,winner=Up,slug=eth-updown-5m-1776223200,ticks=422
