timestamp,elapsed_sec,up_bid_p1,up_bid_s1,up_bid_p2,up_bid_s2,up_ask_p1,up_ask_s1,up_ask_p2,up_ask_s2,down_bid_p1,down_bid_s1,down_bid_p2,down_bid_s2,down_ask_p1,down_ask_s1,down_ask_p2,down_ask_s2,up_spread,down_spread,eth_price,eth_oracle_ts
1776353400.909,0.909,0.49,175.31,0.47,15.2,0.5,0.72,0.51,61.0,0.5,9.24,0.49,61.0,0.51,175.31,0.53,15.2,0.01,0.01,2319.896275,1776353399000
1776353401.209,1.209,0.49,175.31,0.47,10.0,0.5,1.8,0.51,131.0,0.5,0.72,0.49,61.0,0.51,175.31,0.53,15.2,0.01,0.01,2319.950176,1776353400000
1776353401.466,1.466,0.49,151.38,0.47,10.0,0.51,203.88,0.52,140.0,0.49,198.88,0.48,140.0,0.51,155.31,0.53,10.0,0.02,0.02,2319.950176,1776353400000
1776353401.877,1.877,0.49,147.67,0.47,10.0,0.51,268.88,0.52,140.0,0.49,198.88,0.48,140.0,0.51,146.38,0.53,10.0,0.02,0.02,2319.950176,1776353400000
1776353402.106,2.106,0.49,114.31,0.47,10.0,0.51,269.95,0.52,140.0,0.49,268.88,0.48,140.0,0.51,114.31,0.53,10.0,0.02,0.02,2319.601026,1776353401000
1776353402.365,2.365,0.49,109.31,0.47,10.0,0.5,18.0,0.51,264.95,0.49,269.95,0.48,140.0,0.51,114.31,0.53,10.0,0.01,0.02,2319.601026,1776353401000
1776353402.656,2.656,0.49,72.17,0.47,10.0,0.5,20.84,0.51,199.95,0.5,20.84,0.49,199.95,0.51,77.17,0.53,10.0,0.01,0.01,2319.601026,1776353401000
1776353403.154,3.154,0.49,67.17,0.48,75.0,0.5,10.84,0.51,59.95,0.5,15.84,0.49,199.95,0.51,67.17,0.53,10.0,0.01,0.01,2319.601026,1776353401000
1776353403.463,3.463,0.49,162.17,0.48,95.0,0.51,31.75,0.52,5.0,0.49,41.18,0.48,5.0,0.51,157.17,0.52,90.0,0.02,0.02,2319.601026,1776353401000
1776353404.03,4.03,0.49,227.17,0.48,90.0,0.51,22.39,0.52,15.0,0.49,31.75,0.48,5.0,0.51,162.17,0.52,95.0,0.02,0.02,2319.601026,1776353401000
1776353405.457,5.457,0.47,15.0,0.46,10.0,0.49,76.57,0.5,5.0,0.49,22.39,0.48,5.0,0.51,131.07,0.52,90.0,0.02,0.02,2318.817019,1776353403000
1776353406.029,6.029,0.47,53.2,0.46,85.0,0.48,5.0,0.49,96.57,0.51,76.57,0.5,5.0,0.53,15.0,0.54,10.0,0.01,0.02,2318.817019,1776353403000
1776353406.52,6.52,0.47,48.2,0.46,85.0,0.49,24.91,0.5,5.0,0.52,5.0,0.51,96.57,0.53,53.2,0.54,85.0,0.02,0.01,2319.594934,1776353404000
1776353407.556,7.556,0.47,228.33,0.46,85.0,0.48,15.0,0.49,34.91,0.51,24.91,0.5,5.0,0.53,48.2,0.54,85.0,0.01,0.02,2319.267516,1776353405000
1776353408.02,8.02,0.47,212.66,0.46,85.0,0.48,41.0,0.49,59.91,0.52,15.0,0.51,34.91,0.53,217.66,0.54,85.0,0.01,0.01,2319.267516,1776353406000
1776353408.285,8.285,0.47,217.66,0.46,85.0,0.48,4.91,0.49,34.91,0.52,19.87,0.51,59.91,0.53,212.66,0.54,85.0,0.01,0.01,2319.267516,1776353406000
1776353409.984,9.984,0.47,257.66,0.46,155.5,0.48,30.41,0.49,55.41,0.52,4.91,0.51,34.91,0.53,217.66,0.54,85.0,0.01,0.01,2319.4657,1776353408000
1776353410.385,10.385,0.47,207.66,0.46,85.0,0.48,56.41,0.49,55.41,0.52,30.41,0.51,55.41,0.53,257.66,0.54,155.5,0.01,0.01,2319.340301,1776353409000
1776353410.785,10.785,0.47,202.66,0.46,155.0,0.48,86.41,0.49,65.22,0.52,56.41,0.51,55.41,0.53,207.66,0.54,85.0,0.01,0.01,2319.340301,1776353409000
1776353411.445,11.445,0.47,129.38,0.46,85.0,0.48,80.03,0.49,65.22,0.52,86.41,0.51,65.22,0.53,202.66,0.54,155.0,0.01,0.01,2319.340301,1776353409000
1776353411.812,11.812,0.47,91.3,0.46,65.0,0.48,25.0,0.49,30.0,0.52,80.03,0.51,65.22,0.53,61.3,0.54,85.0,0.01,0.01,2319.380413,1776353410000
1776353412.031,12.031,0.48,150.0,0.47,147.3,0.49,30.0,0.5,10.0,0.51,30.0,0.5,17.0,0.52,35.0,0.53,147.3,0.01,0.01,2319.380413,1776353410000
1776353412.496,12.496,0.48,123.69,0.47,216.8,0.49,30.0,0.5,20.0,0.51,30.0,0.5,15.0,0.52,150.0,0.53,147.3,0.01,0.01,2319.4608,1776353411000
1776353412.874,12.874,0.48,151.34,0.47,247.44,0.49,30.0,0.5,10.0,0.51,30.0,0.5,20.0,0.52,123.69,0.53,216.8,0.01,0.01,2319.4608,1776353411000
1776353413.521,13.521,0.48,145.92,0.47,191.8,0.49,30.0,0.5,10.0,0.51,30.0,0.5,10.0,0.52,161.34,0.53,272.44,0.01,0.01,2319.4608,1776353411000
1776353415.095,15.095,0.48,165.5,0.47,236.8,0.49,30.0,0.5,10.0,0.51,30.0,0.5,10.0,0.52,205.12,0.53,232.44,0.01,0.01,2319.757188,1776353413000
1776353415.388,15.388,0.48,213.5,0.47,236.8,0.49,30.0,0.5,10.0,0.51,30.0,0.5,10.0,0.52,165.5,0.53,236.8,0.01,0.01,2319.757188,1776353413000
1776353415.74,15.74,0.48,334.8,0.47,236.8,0.49,30.0,0.5,10.0,0.51,30.0,0.5,10.0,0.52,213.5,0.53,236.8,0.01,0.01,2319.88616,1776353414000
1776353416.288,16.288,0.48,273.08,0.47,160.5,0.49,30.0,0.5,10.0,0.51,30.0,0.5,10.0,0.52,345.22,0.53,263.08,0.01,0.01,2320.715312,1776353415000
1776353417.697,17.697,0.48,241.4,0.47,130.5,0.49,30.0,0.5,10.0,0.51,30.0,0.5,10.0,0.52,273.08,0.53,160.5,0.01,0.01,2320.715312,1776353415000
1776353417.999,17.999,0.48,225.56,0.47,141.14,0.49,30.0,0.5,10.0,0.51,30.0,0.5,10.0,0.52,225.56,0.53,141.14,0.01,0.01,2320.848195,1776353416000
1776353419.062,19.062,0.48,292.24,0.47,130.5,0.49,30.0,0.5,10.0,0.51,30.0,0.5,10.0,0.52,235.98,0.53,141.14,0.01,0.01,2320.927731,1776353417000
1776353419.446,19.446,0.48,266.82,0.47,141.14,0.49,46.74,0.5,10.0,0.51,30.0,0.5,10.0,0.52,276.82,0.53,160.5,0.01,0.01,2321.001887,1776353418000
1776353419.676,19.676,0.48,266.82,0.47,141.14,0.49,40.0,0.5,10.0,0.51,30.0,0.5,10.0,0.52,266.82,0.53,141.14,0.01,0.01,2321.001887,1776353418000
1776353420.424,20.424,0.48,287.66,0.47,130.5,0.49,30.0,0.5,10.0,0.51,30.7,0.5,10.0,0.52,266.82,0.53,141.14,0.01,0.01,2321.001887,1776353418000
1776353420.975,20.975,0.48,295.98,0.47,130.5,0.49,30.0,0.5,10.0,0.51,30.0,0.5,10.0,0.52,287.66,0.53,130.5,0.01,0.01,2320.895409,1776353419000
1776353421.189,21.189,0.48,260.56,0.47,151.78,0.49,47.01,0.5,10.0,0.51,57.12,0.5,10.0,0.52,260.56,0.53,151.78,0.01,0.01,2320.895409,1776353419000
1776353421.394,21.394,0.48,255.56,0.47,151.78,0.49,30.0,0.5,10.0,0.51,37.01,0.5,10.0,0.52,250.56,0.53,151.78,0.01,0.01,2320.895409,1776353419000
1776353421.692,21.692,0.48,262.56,0.47,162.42,0.49,30.0,0.5,10.0,0.51,30.0,0.5,10.0,0.52,255.56,0.53,151.78,0.01,0.01,2320.899587,1776353420000
1776353421.974,21.974,0.48,252.56,0.47,162.42,0.49,30.0,0.5,10.0,0.51,30.0,0.5,10.0,0.52,262.56,0.53,162.42,0.01,0.01,2320.899587,1776353420000
1776353425.557,25.557,0.48,272.6,0.47,130.5,0.49,30.0,0.5,10.0,0.51,30.0,0.5,10.0,0.52,262.56,0.53,162.42,0.01,0.01,2320.86734,1776353424000
1776353426.217,26.217,0.48,300.38,0.47,130.5,0.49,30.0,0.5,10.0,0.51,30.0,0.5,10.0,0.52,272.6,0.53,130.5,0.01,0.01,2320.86734,1776353424000
1776353426.469,26.469,0.48,220.74,0.47,160.5,0.49,44.2,0.5,10.0,0.51,44.2,0.5,10.0,0.52,213.74,0.53,160.5,0.01,0.01,2320.90946,1776353425000
1776353426.823,26.823,0.48,285.66,0.47,210.98,0.49,35.0,0.5,10.0,0.51,30.0,0.5,10.0,0.52,270.16,0.53,210.98,0.01,0.01,2320.90946,1776353425000
1776353427.099,27.099,0.48,225.74,0.47,232.26,0.49,30.0,0.5,10.0,0.51,35.0,0.5,10.0,0.52,285.66,0.53,210.98,0.01,0.01,2320.90946,1776353425000
1776353427.509,27.509,0.48,195.82,0.47,188.26,0.49,46.5,0.5,20.5,0.51,30.0,0.5,10.0,0.52,225.74,0.53,232.26,0.01,0.01,2320.972275,1776353426000
1776353428.464,28.464,0.48,215.82,0.47,191.98,0.49,55.5,0.5,20.5,0.51,46.5,0.5,20.5,0.52,195.82,0.53,188.26,0.01,0.01,2320.984609,1776353427000
1776353429.408,29.408,0.48,223.67,0.47,231.34,0.49,30.0,0.5,10.0,0.51,35.0,0.5,20.5,0.52,242.44,0.53,181.34,0.01,0.01,2320.854187,1776353428000
1776353430.819,30.819,0.48,232.21,0.47,180.5,0.49,30.0,0.5,10.0,0.51,30.0,0.5,10.0,0.52,223.67,0.53,231.34,0.01,0.01,2320.715905,1776353429000
1776353431.19,31.19,0.48,287.25,0.47,180.5,0.49,46.0,0.5,10.0,0.51,30.0,0.5,10.0,0.52,232.21,0.53,180.5,0.01,0.01,2320.765532,1776353430000
1776353431.718,31.718,0.48,315.43,0.47,139.5,0.49,78.3,0.5,20.5,0.51,30.79,0.5,10.0,0.52,245.57,0.53,180.5,0.01,0.01,2320.765532,1776353430000
1776353432.744,32.744,0.48,634.13,0.47,189.5,0.49,30.0,0.5,10.0,0.51,67.8,0.5,20.5,0.52,290.93,0.53,139.5,0.01,0.01,2320.868936,1776353431000
1776353433.097,33.097,0.48,557.45,0.47,139.5,0.49,30.0,0.5,10.5,0.51,30.0,0.5,10.0,0.52,634.13,0.53,189.5,0.01,0.01,2320.899509,1776353432000
1776353433.776,33.776,0.48,536.45,0.47,120.14,0.49,70.48,0.5,10.0,0.51,30.0,0.5,10.0,0.52,541.45,0.53,120.14,0.01,0.01,2320.899509,1776353432000
1776353434.028,34.028,0.48,615.71,0.47,170.14,0.49,30.0,0.5,10.0,0.51,70.48,0.5,10.0,0.52,536.45,0.53,120.14,0.01,0.01,2320.899509,1776353432000
1776353435.879,35.879,0.48,474.41,0.47,230.23,0.49,30.0,0.5,10.0,0.51,30.0,0.5,10.0,0.52,615.71,0.53,170.14,0.01,0.01,2320.76045,1776353434000
1776353446.008,46.008,0.48,174.45,0.47,382.36,0.49,30.0,0.5,10.0,0.51,30.0,0.5,10.0,0.52,474.41,0.53,230.23,0.01,0.01,2321.1905,1776353444000
1776353451.906,51.906,0.48,369.15,0.47,180.75,0.49,30.0,0.5,10.0,0.51,30.0,0.5,10.0,0.52,174.45,0.53,382.36,0.01,0.01,2321.410484,1776353450000
1776353455.926,55.926,0.48,144.55,0.47,285.8,0.49,30.0,0.5,10.0,0.51,30.0,0.5,10.0,0.52,369.15,0.53,180.75,0.01,0.01,2321.473811,1776353454000
1776353458.961,58.961,0.48,348.78,0.47,335.26,0.49,30.0,0.5,10.0,0.51,30.0,0.5,10.0,0.52,138.78,0.53,285.8,0.01,0.01,2321.587395,1776353457000
1776353459.526,59.526,0.48,359.78,0.47,330.26,0.49,30.0,0.5,10.0,0.51,30.0,0.5,10.0,0.52,353.78,0.53,330.26,0.01,0.01,2321.541086,1776353458000
1776353460.672,60.672,0.48,325.78,0.47,330.26,0.49,30.0,0.5,10.0,0.51,30.0,0.5,10.0,0.52,359.78,0.53,330.26,0.01,0.01,2321.654659,1776353459000
1776353461.257,61.257,0.48,314.98,0.47,335.26,0.49,30.0,0.5,10.0,0.51,30.0,0.5,10.0,0.52,325.78,0.53,330.26,0.01,0.01,2321.654659,1776353459000
1776353462.045,62.045,0.48,294.13,0.47,313.64,0.49,30.0,0.5,10.0,0.51,30.0,0.5,10.0,0.52,314.98,0.53,335.26,0.01,0.01,2321.77559,1776353461000
1776353462.412,62.412,0.48,313.33,0.47,338.64,0.49,30.0,0.5,10.0,0.51,30.0,0.5,10.0,0.52,294.13,0.53,313.64,0.01,0.01,2321.77559,1776353461000
1776353463.071,63.071,0.48,334.38,0.47,358.09,0.49,30.0,0.5,10.0,0.51,30.0,0.5,10.0,0.52,313.33,0.53,338.64,0.01,0.01,2321.77559,1776353461000
1776353463.495,63.495,0.48,84.13,0.47,334.5,0.49,30.0,0.5,10.0,0.51,30.0,0.5,10.0,0.52,334.38,0.53,358.09,0.01,0.01,2321.948613,1776353462000
1776353464.032,64.032,0.48,123.93,0.47,339.5,0.49,30.0,0.5,10.0,0.51,30.0,0.5,10.0,0.52,123.93,0.53,339.5,0.01,0.01,2321.948613,1776353462000
1776353465.437,65.437,0.48,138.93,0.47,339.5,0.49,30.0,0.5,10.0,0.51,30.0,0.5,10.0,0.52,123.93,0.53,339.5,0.01,0.01,2322.166299,1776353464000
1776353466.376,66.376,0.48,172.24,0.47,339.5,0.49,30.0,0.5,10.0,0.51,30.0,0.5,10.0,0.52,162.24,0.53,339.5,0.01,0.01,2322.166299,1776353464000
1776353466.945,66.945,0.48,179.51,0.47,334.5,0.49,30.0,0.5,10.0,0.51,30.0,0.5,10.0,0.52,172.24,0.53,339.5,0.01,0.01,2321.994129,1776353465000
1776353469.504,69.504,0.48,242.78,0.47,354.0,0.49,30.0,0.5,10.0,0.51,30.0,0.5,10.0,0.52,179.51,0.53,334.5,0.01,0.01,2321.717695,1776353468000
1776353471.846,71.846,0.48,304.98,0.47,376.94,0.49,30.0,0.5,10.0,0.51,30.0,0.5,10.0,0.52,242.78,0.53,354.0,0.01,0.01,2322.012493,1776353470000
1776353472.361,72.361,0.48,309.98,0.47,376.94,0.49,30.0,0.5,10.0,0.51,30.0,0.5,10.0,0.52,304.98,0.53,376.94,0.01,0.01,2322.09498,1776353471000
1776353475.124,75.124,0.48,180.58,0.47,232.35,0.49,30.0,0.5,10.0,0.51,30.0,0.5,10.0,0.52,309.98,0.53,376.94,0.01,0.01,2322.16691,1776353474000
1776353475.365,75.365,0.48,170.58,0.47,232.35,0.49,89.2,0.5,10.0,0.51,59.2,0.5,10.0,0.52,175.58,0.53,232.35,0.01,0.01,2322.16691,1776353474000
1776353475.654,75.654,0.48,268.16,0.47,269.79,0.49,30.0,0.5,10.0,0.51,30.0,0.5,10.0,0.52,191.08,0.53,232.35,0.01,0.01,2322.16691,1776353474000
1776353477.467,77.467,0.48,414.16,0.47,269.79,0.49,30.0,0.5,10.0,0.51,30.0,0.5,10.0,0.52,268.16,0.53,269.79,0.01,0.01,2321.891301,1776353476000
1776353480.376,80.376,0.48,221.16,0.47,269.79,0.49,38.82,0.5,10.0,0.51,30.0,0.5,10.0,0.52,414.16,0.53,269.79,0.01,0.01,2322.026322,1776353479000
1776353482.537,82.537,0.48,173.56,0.47,269.79,0.49,30.0,0.5,10.0,0.51,30.0,0.5,10.0,0.52,275.16,0.53,269.79,0.01,0.01,2322.173707,1776353481000
1776353482.744,82.744,0.48,178.64,0.47,269.79,0.49,30.0,0.5,10.0,0.51,30.0,0.5,10.0,0.52,173.56,0.53,269.79,0.01,0.01,2322.173707,1776353481000
1776353488.343,88.343,0.48,512.65,0.47,333.27,0.49,30.0,0.5,10.0,0.51,30.0,0.5,10.0,0.52,178.64,0.53,269.79,0.01,0.01,2322.378605,1776353487000
1776353497.142,97.142,0.48,220.05,0.47,224.38,0.49,30.0,0.5,10.0,0.51,30.0,0.5,10.0,0.52,512.65,0.53,333.27,0.01,0.01,2322.593884,1776353495000
1776353497.48,97.48,0.48,182.13,0.47,254.38,0.49,30.0,0.5,10.0,0.51,30.0,0.5,10.0,0.52,200.13,0.53,254.38,0.01,0.01,2322.611788,1776353496000
1776353497.687,97.687,0.48,176.38,0.47,199.0,0.49,74.59,0.5,10.0,0.51,30.0,0.5,10.0,0.52,182.13,0.53,254.38,0.01,0.01,2322.611788,1776353496000
1776353499.797,99.797,0.48,428.1,0.47,260.75,0.49,30.0,0.5,10.0,0.51,30.0,0.5,10.0,0.52,145.13,0.53,199.0,0.01,0.01,2322.123537,1776353498000
1776353501.341,101.341,0.48,515.7,0.47,268.75,0.49,30.0,0.5,10.0,0.51,30.0,0.5,10.0,0.52,428.1,0.53,260.75,0.01,0.01,2321.774971,1776353500000
1776353510.919,110.919,0.48,350.13,0.47,225.44,0.49,30.0,0.5,10.0,0.51,30.0,0.5,10.0,0.52,515.7,0.53,268.75,0.01,0.01,2321.826781,1776353509000
1776353513.604,113.604,0.48,251.13,0.47,198.0,0.49,88.36,0.5,10.0,0.51,30.0,0.5,10.0,0.52,350.13,0.53,225.44,0.01,0.01,2322.056808,1776353512000
1776353513.805,113.805,0.48,175.75,0.47,198.0,0.49,30.0,0.5,10.0,0.51,30.0,0.5,10.0,0.52,183.13,0.53,198.0,0.01,0.01,2322.056808,1776353512000
1776353515.385,115.385,0.48,187.75,0.47,198.0,0.49,30.0,0.5,10.0,0.51,30.0,0.5,10.0,0.52,45.0,0.53,198.0,0.01,0.01,2322.611555,1776353514000
1776353515.81,115.81,0.48,185.82,0.47,198.0,0.49,30.0,0.5,10.0,0.51,30.0,0.5,10.0,0.52,187.75,0.53,198.0,0.01,0.01,2322.611555,1776353514000
1776353524.009,124.009,0.48,231.9,0.47,248.36,0.49,30.0,0.5,10.0,0.51,30.0,0.5,10.0,0.52,185.82,0.53,198.0,0.01,0.01,2322.444569,1776353522000
1776353524.291,124.291,0.48,135.02,0.47,348.36,0.49,30.0,0.5,10.0,0.51,30.0,0.5,10.0,0.52,135.02,0.53,348.36,0.01,0.01,2322.437733,1776353523000
1776353524.63,124.63,0.48,135.02,0.47,248.36,0.49,43.95,0.5,10.0,0.51,40.2,0.5,10.0,0.52,135.02,0.53,348.36,0.01,0.01,2322.437733,1776353523000
1776353524.883,124.883,0.48,150.37,0.47,219.3,0.49,43.07,0.5,10.0,0.51,30.0,0.5,10.0,0.52,161.37,0.53,219.3,0.01,0.01,2322.437733,1776353523000
1776353525.116,125.116,0.48,122.77,0.47,219.3,0.49,30.0,0.5,10.0,0.51,30.0,0.5,10.0,0.52,150.37,0.53,219.3,0.01,0.01,2322.437733,1776353523000
1776353525.321,125.321,0.48,133.27,0.47,208.8,0.49,30.0,0.5,10.0,0.51,38.99,0.5,10.0,0.52,133.27,0.53,208.8,0.01,0.01,2322.437733,1776353523000
1776353525.835,125.835,0.48,138.27,0.47,187.5,0.49,36.95,0.5,10.0,0.51,30.0,0.5,10.0,0.52,138.27,0.53,208.8,0.01,0.01,2322.437733,1776353524000
1776353529.805,129.805,0.48,336.27,0.47,186.5,0.49,30.0,0.5,10.0,0.51,36.95,0.5,10.0,0.52,138.27,0.53,187.5,0.01,0.01,2321.6551,1776353528000
1776353530.063,130.063,0.48,436.27,0.47,186.5,0.49,30.0,0.5,10.0,0.51,30.0,0.5,10.0,0.52,341.27,0.53,186.5,0.01,0.01,2321.6551,1776353528000
1776353530.306,130.306,0.48,167.35,0.47,186.5,0.49,30.0,0.5,10.0,0.51,30.0,0.5,10.0,0.52,167.35,0.53,186.5,0.01,0.01,2321.699912,1776353529000
1776353531.024,131.024,0.48,398.35,0.47,186.5,0.49,30.0,0.5,10.0,0.51,30.0,0.5,10.0,0.52,167.35,0.53,186.5,0.01,0.01,2321.699912,1776353529000
1776353531.314,131.314,0.48,393.35,0.47,286.5,0.49,30.0,0.5,10.0,0.51,30.0,0.5,10.0,0.52,398.35,0.53,186.5,0.01,0.01,2321.699912,1776353529000
1776353532.201,132.201,0.48,398.35,0.47,286.5,0.49,30.0,0.5,10.0,0.51,30.0,0.5,10.0,0.52,393.35,0.53,286.5,0.01,0.01,2322.051408,1776353530000
1776353534.585,134.585,0.48,476.35,0.47,186.5,0.49,30.0,0.5,10.0,0.51,30.0,0.5,10.0,0.52,398.35,0.53,286.5,0.01,0.01,2322.193745,1776353533000
1776353544.437,144.437,0.48,416.9,0.47,213.92,0.49,30.0,0.5,10.0,0.51,30.0,0.5,10.0,0.52,162.35,0.53,186.5,0.01,0.01,2322.677475,1776353543000
1776353547.851,147.851,0.48,569.9,0.47,229.36,0.49,74.33,0.5,10.0,0.51,30.0,0.5,10.0,0.52,416.9,0.53,213.92,0.01,0.01,2322.7089,1776353546000
1776353548.136,148.136,0.48,596.9,0.47,229.36,0.49,30.0,0.5,10.0,0.51,30.0,0.5,10.0,0.52,569.9,0.53,229.36,0.01,0.01,2322.7089,1776353546000
1776353548.621,148.621,0.48,596.9,0.47,229.36,0.49,30.0,0.5,10.0,0.51,30.0,0.5,10.0,0.52,596.9,0.53,229.36,0.01,0.01,2322.7089,1776353546000
1776353550.955,150.955,0.48,216.9,0.47,250.23,0.49,30.0,0.5,10.0,0.51,30.0,0.5,10.0,0.52,596.9,0.53,229.36,0.01,0.01,2323.569912,1776353549000
1776353551.191,151.191,0.48,111.9,0.47,250.23,0.49,35.0,0.5,10.0,0.51,30.0,0.5,10.0,0.52,116.9,0.53,250.23,0.01,0.01,2323.616885,1776353550000
1776353551.551,151.551,0.48,141.9,0.47,250.23,0.49,30.0,0.5,10.0,0.51,30.0,0.5,10.0,0.52,141.9,0.53,250.23,0.01,0.01,2323.616885,1776353550000
1776353551.763,151.763,0.48,118.9,0.47,216.5,0.49,30.0,0.5,10.0,0.51,30.0,0.5,10.0,0.52,118.9,0.53,287.23,0.01,0.01,2323.616885,1776353550000
1776353552.062,152.062,0.48,184.75,0.47,186.5,0.49,30.0,0.5,10.0,0.51,30.0,0.5,10.0,0.52,189.75,0.53,186.5,0.01,0.01,2323.616885,1776353550000
1776353552.561,152.561,0.48,200.75,0.47,186.5,0.49,30.0,0.5,10.0,0.51,30.0,0.5,10.0,0.52,179.75,0.53,186.5,0.01,0.01,2323.565625,1776353551000
1776353552.984,152.984,0.48,184.75,0.47,186.5,0.49,30.0,0.5,10.0,0.51,30.0,0.5,10.0,0.52,200.75,0.53,186.5,0.01,0.01,2323.565625,1776353551000
1776353555.347,155.347,0.48,438.75,0.47,179.5,0.49,30.0,0.5,10.0,0.51,30.0,0.5,10.0,0.52,184.75,0.53,186.5,0.01,0.01,2322.974131,1776353554000
1776353556.404,156.404,0.48,413.25,0.47,179.5,0.49,30.0,0.5,10.0,0.51,30.0,0.5,10.0,0.52,438.75,0.53,179.5,0.01,0.01,2322.986789,1776353555000
1776353557.648,157.648,0.48,428.25,0.47,179.5,0.49,30.0,0.5,10.0,0.51,30.0,0.5,10.0,0.52,413.25,0.53,179.5,0.01,0.01,2323.18462,1776353556000
1776353558.976,158.976,0.48,541.25,0.47,179.5,0.49,30.0,0.5,10.0,0.51,30.0,0.5,10.0,0.52,428.25,0.53,179.5,0.01,0.01,2323.66043,1776353558000
1776353560.504,160.504,0.48,695.25,0.47,179.5,0.49,30.0,0.5,10.0,0.51,30.0,0.5,10.0,0.52,541.25,0.53,179.5,0.01,0.01,2324.069086,1776353559000
1776353560.835,160.835,0.48,528.25,0.47,179.5,0.49,30.0,0.5,10.0,0.51,30.0,0.5,10.0,0.52,695.25,0.53,179.5,0.01,0.01,2324.069086,1776353559000
1776353562.914,162.914,0.48,294.25,0.47,179.5,0.49,30.0,0.5,10.0,0.51,30.0,0.5,10.0,0.52,320.25,0.53,179.5,0.01,0.01,2324.638415,1776353561000
1776353563.165,163.165,0.48,253.4,0.47,179.5,0.49,30.0,0.5,10.0,0.51,30.0,0.5,10.0,0.52,294.25,0.53,179.5,0.01,0.01,2324.638415,1776353561000
1776353567.27,167.27,0.48,133.94,0.47,245.08,0.49,30.0,0.5,10.0,0.51,30.0,0.5,10.0,0.52,253.4,0.53,179.5,0.01,0.01,2323.570531,1776353566000
1776353567.709,167.709,0.48,123.94,0.47,245.08,0.49,30.0,0.5,10.0,0.51,30.0,0.5,10.0,0.52,133.94,0.53,245.08,0.01,0.01,2323.570531,1776353566000
1776353567.987,167.987,0.48,113.94,0.47,245.08,0.49,30.0,0.5,10.0,0.51,30.0,0.5,10.0,0.52,123.94,0.53,245.08,0.01,0.01,2323.570531,1776353566000
1776353568.515,168.515,0.48,155.94,0.47,215.08,0.49,30.0,0.5,10.0,0.51,30.0,0.5,10.0,0.52,110.94,0.53,245.08,0.01,0.01,2323.536669,1776353567000
1776353569.18,169.18,0.48,206.77,0.47,179.5,0.49,30.0,0.5,10.0,0.51,30.0,0.5,10.0,0.52,135.94,0.53,215.08,0.01,0.01,2323.536669,1776353567000
1776353569.708,169.708,0.48,216.77,0.47,179.5,0.49,30.0,0.5,10.0,0.51,30.0,0.5,10.0,0.52,206.77,0.53,179.5,0.01,0.01,2323.144321,1776353568000
1776353570.152,170.152,0.48,188.77,0.47,179.5,0.49,30.0,0.5,10.0,0.51,30.0,0.5,10.0,0.52,183.77,0.53,179.5,0.01,0.01,2323.073109,1776353569000
1776353570.456,170.456,0.48,183.77,0.47,179.5,0.49,30.0,0.5,10.0,0.51,30.0,0.5,10.0,0.52,188.77,0.53,179.5,0.01,0.01,2323.073109,1776353569000
1776353570.882,170.882,0.48,173.77,0.47,179.5,0.49,30.0,0.5,10.0,0.51,30.0,0.5,10.0,0.52,173.77,0.53,179.5,0.01,0.01,2323.073109,1776353569000
1776353571.136,171.136,0.48,179.77,0.47,185.5,0.49,30.0,0.5,10.0,0.51,30.0,0.5,10.0,0.52,179.77,0.53,179.5,0.01,0.01,2323.073109,1776353569000
1776353573.43,173.43,0.48,189.17,0.47,185.5,0.49,30.0,0.5,10.0,0.51,30.0,0.5,10.0,0.52,179.77,0.53,185.5,0.01,0.01,2323.073109,1776353569000
1776353573.865,173.865,0.48,189.17,0.47,185.5,0.49,30.0,0.5,10.0,0.51,30.0,0.5,10.0,0.52,189.17,0.53,185.5,0.01,0.01,2323.073109,1776353569000
1776353574.714,174.714,0.48,184.17,0.47,185.5,0.49,30.0,0.5,10.0,0.51,30.0,0.5,10.0,0.52,189.17,0.53,185.5,0.01,0.01,2323.073109,1776353569000
1776353575.409,175.409,0.48,178.17,0.47,179.5,0.49,30.0,0.5,10.0,0.51,30.0,0.5,10.0,0.52,184.17,0.53,185.5,0.01,0.01,2323.073109,1776353569000
1776353576.894,176.894,0.48,233.17,0.47,179.5,0.49,30.0,0.5,10.0,0.51,30.0,0.5,10.0,0.52,178.17,0.53,179.5,0.01,0.01,2323.073109,1776353569000
1776353579.477,179.477,0.48,420.17,0.47,179.5,0.49,30.0,0.5,10.0,0.51,30.0,0.5,10.0,0.52,233.17,0.53,179.5,0.01,0.01,2322.492492,1776353577000
1776353580.857,180.857,0.48,174.4,0.47,250.25,0.49,30.0,0.5,10.0,0.51,30.0,0.5,10.0,0.52,420.17,0.53,179.5,0.01,0.01,2322.8232,1776353579000
1776353582.177,182.177,0.48,196.4,0.47,250.25,0.49,30.0,0.5,10.0,0.51,30.0,0.5,10.0,0.52,174.4,0.53,250.25,0.01,0.01,2322.85473,1776353580000
1776353582.608,182.608,0.48,247.4,0.47,250.25,0.49,30.0,0.5,10.0,0.51,30.0,0.5,10.0,0.52,247.4,0.53,250.25,0.01,0.01,2322.85473,1776353580000
1776353588.006,188.006,0.48,310.4,0.47,179.5,0.49,30.0,0.5,10.0,0.51,30.0,0.5,10.0,0.52,201.4,0.53,250.25,0.01,0.01,2323.66878,1776353586000
1776353589.316,189.316,0.48,114.4,0.47,206.08,0.49,30.0,0.5,10.0,0.51,30.0,0.5,10.0,0.52,340.4,0.53,206.08,0.01,0.01,2323.421554,1776353587000
1776353590.84,190.84,0.48,109.4,0.47,212.13,0.49,30.0,0.5,10.0,0.51,30.0,0.5,10.0,0.52,114.4,0.53,206.08,0.01,0.01,2322.934899,1776353589000
1776353591.138,191.138,0.48,114.4,0.47,212.13,0.49,45.79,0.5,10.0,0.51,30.0,0.5,10.0,0.52,109.4,0.53,212.13,0.01,0.01,2322.934899,1776353589000
1776353593.602,193.602,0.48,180.25,0.47,179.5,0.49,30.0,0.5,10.0,0.51,30.0,0.5,10.0,0.52,109.4,0.53,212.13,0.01,0.01,2322.93586,1776353591000
1776353593.893,193.893,0.48,320.6,0.47,179.5,0.49,30.0,0.5,10.0,0.51,30.0,0.5,10.0,0.52,176.4,0.53,179.5,0.01,0.01,2323.075388,1776353592000
1776353594.432,194.432,0.48,307.4,0.47,179.5,0.49,30.0,0.5,10.0,0.51,30.0,0.5,10.0,0.52,320.6,0.53,179.5,0.01,0.01,2323.075388,1776353592000
1776353597.453,197.453,0.48,288.1,0.47,211.68,0.49,30.0,0.5,10.0,0.51,30.0,0.5,10.0,0.52,302.4,0.53,179.5,0.01,0.01,2323.258215,1776353595000
1776353599.681,199.681,0.48,287.98,0.47,211.68,0.49,30.0,0.5,10.0,0.51,30.0,0.5,10.0,0.52,288.1,0.53,211.68,0.01,0.01,2323.224762,1776353598000
1776353604.818,204.818,0.48,79.98,0.47,179.5,0.49,30.0,0.5,10.0,0.51,30.0,0.5,10.0,0.52,287.98,0.53,211.68,0.01,0.01,2323.218348,1776353603000
1776353606.012,206.012,0.48,64.98,0.47,199.15,0.49,30.0,0.5,10.0,0.51,30.0,0.5,10.0,0.52,79.98,0.53,179.5,0.01,0.01,2323.26892,1776353604000
1776353608.124,208.124,0.48,93.51,0.47,205.42,0.49,30.0,0.5,10.0,0.51,30.0,0.5,10.0,0.52,64.98,0.53,199.15,0.01,0.01,2322.998843,1776353606000
1776353610.642,210.642,0.48,97.4,0.47,215.01,0.49,30.0,0.5,10.0,0.51,30.0,0.5,10.0,0.52,93.51,0.53,205.42,0.01,0.01,2323.01489,1776353609000
1776353610.863,210.863,0.48,62.4,0.47,179.5,0.49,30.0,0.5,10.0,0.51,30.0,0.5,10.0,0.52,97.4,0.53,215.01,0.01,0.01,2323.01489,1776353609000
1776353611.116,211.116,0.48,55.47,0.47,199.75,0.49,30.0,0.5,10.0,0.51,30.0,0.5,10.0,0.52,57.4,0.53,199.75,0.01,0.01,2322.877776,1776353610000
1776353611.477,211.477,0.48,60.47,0.47,199.75,0.49,30.0,0.5,10.0,0.51,30.0,0.5,10.0,0.52,55.47,0.53,199.75,0.01,0.01,2322.877776,1776353610000
1776353613.459,213.459,0.48,146.96,0.47,184.5,0.49,30.0,0.5,10.0,0.51,30.0,0.5,10.0,0.52,60.47,0.53,199.75,0.01,0.01,2322.836619,1776353612000
1776353614.874,214.874,0.48,241.96,0.47,179.5,0.49,30.0,0.5,10.0,0.51,30.0,0.5,10.0,0.52,133.96,0.53,184.5,0.01,0.01,2322.65675,1776353613000
1776353615.959,215.959,0.48,235.96,0.47,179.5,0.49,30.0,0.5,10.0,0.51,30.0,0.5,10.0,0.52,241.96,0.53,179.5,0.01,0.01,2322.3926,1776353614000
1776353622.703,222.703,0.48,126.4,0.47,209.57,0.49,30.0,0.5,10.0,0.51,30.0,0.5,10.0,0.52,235.96,0.53,179.5,0.01,0.01,2322.882726,1776353621000
1776353622.926,222.926,0.48,101.4,0.47,209.57,0.49,30.0,0.5,10.0,0.51,30.0,0.5,10.0,0.52,106.4,0.53,209.57,0.01,0.01,2322.882726,1776353621000
1776353623.42,223.42,0.48,106.4,0.47,232.24,0.49,30.0,0.5,10.0,0.51,30.0,0.5,10.0,0.52,101.4,0.53,209.57,0.01,0.01,2322.94437,1776353622000
1776353623.701,223.701,0.48,106.4,0.47,232.24,0.49,38.99,0.5,10.0,0.51,30.0,0.5,10.0,0.52,106.4,0.53,232.24,0.01,0.01,2322.94437,1776353622000
1776353625.658,225.658,0.48,101.4,0.47,179.5,0.49,30.0,0.5,10.0,0.51,30.0,0.5,10.0,0.52,111.4,0.53,232.24,0.01,0.01,2322.696318,1776353624000
1776353625.893,225.893,0.48,94.47,0.47,184.5,0.49,30.0,0.5,10.0,0.51,30.0,0.5,10.0,0.52,96.4,0.53,184.5,0.01,0.01,2322.696318,1776353624000
1776353626.135,226.135,0.48,45.0,0.47,155.0,0.49,30.0,0.5,10.0,0.51,30.0,0.5,10.0,0.52,45.0,0.53,284.5,0.01,0.01,2322.600221,1776353625000
1776353626.362,226.362,0.48,45.0,0.47,155.0,0.49,30.0,0.5,10.0,0.51,30.0,0.5,10.0,0.52,45.0,0.53,155.0,0.01,0.01,2322.600221,1776353625000
1776353630.854,230.854,0.48,190.29,0.47,170.0,0.49,30.0,0.5,10.0,0.51,30.0,0.5,10.0,0.52,258.35,0.53,155.0,0.01,0.01,2322.196523,1776353629000
1776353640.795,240.795,0.48,145.48,0.47,192.03,0.49,30.0,0.5,10.0,0.51,30.0,0.5,10.0,0.52,171.05,0.53,170.0,0.01,0.01,2322.14439,1776353639000
1776353643.433,243.433,0.48,82.88,0.47,179.5,0.49,30.0,0.5,10.0,0.51,30.0,0.5,10.0,0.52,145.48,0.53,192.03,0.01,0.01,2322.314885,1776353642000
1776353643.826,243.826,0.48,169.88,0.47,179.5,0.49,30.0,0.5,10.0,0.51,30.0,0.5,10.0,0.52,72.88,0.53,179.5,0.01,0.01,2322.314885,1776353642000
1776353645.558,245.558,0.48,179.88,0.47,203.57,0.49,30.0,0.5,10.0,0.51,30.0,0.5,10.0,0.52,169.88,0.53,179.5,0.01,0.01,2322.274865,1776353644000
1776353647.5,247.5,0.48,173.95,0.47,203.57,0.49,30.0,0.5,10.0,0.51,30.0,0.5,10.0,0.52,179.88,0.53,203.57,0.01,0.01,2322.00191,1776353646000
1776353648.386,248.386,0.48,172.02,0.47,208.59,0.49,30.0,0.5,10.0,0.51,30.0,0.5,10.0,0.52,173.95,0.53,203.57,0.01,0.01,2321.971924,1776353647000
1776353649.355,249.355,0.48,294.09,0.47,253.22,0.49,30.0,0.5,10.0,0.51,30.0,0.5,10.0,0.52,172.02,0.53,208.59,0.01,0.01,2321.861415,1776353648000
1776353649.764,249.764,0.48,327.29,0.47,253.22,0.49,30.0,0.5,10.0,0.51,30.0,0.5,10.0,0.52,294.09,0.53,253.22,0.01,0.01,2321.861415,1776353648000
1776353650.064,250.064,0.48,284.09,0.47,223.22,0.49,30.0,0.5,10.0,0.51,30.0,0.5,10.0,0.52,332.29,0.53,253.22,0.01,0.01,2321.861415,1776353648000
1776353650.692,250.692,0.48,264.09,0.47,223.22,0.49,30.0,0.5,10.0,0.51,30.0,0.5,10.0,0.52,289.09,0.53,223.22,0.01,0.01,2321.890285,1776353649000
1776353650.906,250.906,0.48,219.09,0.47,223.22,0.49,30.0,0.5,10.0,0.51,30.0,0.5,10.0,0.52,249.09,0.53,223.22,0.01,0.01,2321.890285,1776353649000
1776353651.216,251.216,0.48,214.09,0.47,250.3,0.49,36.26,0.5,10.0,0.51,30.0,0.5,10.0,0.52,219.09,0.53,223.22,0.01,0.01,2322.006244,1776353650000
1776353651.422,251.422,0.48,214.09,0.47,250.3,0.49,30.0,0.5,10.0,0.51,30.0,0.5,10.0,0.52,214.09,0.53,250.3,0.01,0.01,2322.006244,1776353650000
1776353653.026,253.026,0.48,215.24,0.47,250.3,0.49,30.0,0.5,10.0,0.51,30.0,0.5,10.0,0.52,214.09,0.53,250.3,0.01,0.01,2323.19066,1776353652000
1776353653.448,253.448,0.48,186.04,0.47,179.5,0.49,30.0,0.5,10.0,0.51,30.0,0.5,10.0,0.52,210.24,0.53,179.5,0.01,0.01,2323.19066,1776353652000
1776353653.845,253.845,0.48,192.04,0.47,179.5,0.49,30.0,0.5,10.0,0.51,30.0,0.5,10.0,0.52,186.04,0.53,179.5,0.01,0.01,2323.19066,1776353652000
1776353654.154,254.154,0.48,192.04,0.47,179.5,0.49,30.0,0.5,10.0,0.51,30.0,0.5,10.0,0.52,192.04,0.53,179.5,0.01,0.01,2323.19066,1776353652000
1776353654.445,254.445,0.48,192.04,0.47,179.5,0.49,30.0,0.5,10.0,0.51,30.0,0.5,10.0,0.52,192.04,0.53,179.5,0.01,0.01,2323.102343,1776353653000
1776353655.624,255.624,0.48,232.04,0.47,179.5,0.49,30.0,0.5,10.0,0.51,30.0,0.5,10.0,0.52,192.04,0.53,179.5,0.01,0.01,2323.06276,1776353654000
1776353656.786,256.786,0.48,232.04,0.47,179.5,0.49,30.0,0.5,10.0,0.51,30.0,0.5,10.0,0.52,232.04,0.53,179.5,0.01,0.01,2323.076991,1776353655000
1776353659.383,259.383,0.48,161.24,0.47,234.26,0.49,30.0,0.5,10.0,0.51,30.0,0.5,10.0,0.52,232.04,0.53,179.5,0.01,0.01,2323.015925,1776353658000
1776353660.052,260.052,0.48,161.24,0.47,234.26,0.49,30.0,0.5,10.0,0.51,30.0,0.5,10.0,0.52,161.24,0.53,234.26,0.01,0.01,2323.015925,1776353658000
1776353660.373,260.373,0.48,166.24,0.47,221.91,0.49,30.0,0.5,10.0,0.51,30.0,0.5,10.0,0.52,161.24,0.53,234.26,0.01,0.01,2323.001519,1776353659000
1776353661.597,261.597,0.48,131.34,0.47,228.41,0.49,30.0,0.5,10.0,0.51,30.0,0.5,10.0,0.52,156.34,0.53,221.91,0.01,0.01,2323.12595,1776353660000
1776353662.731,262.731,0.48,211.34,0.47,228.41,0.49,30.0,0.5,10.0,0.51,30.0,0.5,10.0,0.52,131.34,0.53,228.41,0.01,0.01,2323.0703,1776353661000
1776353663.064,263.064,0.48,206.34,0.47,228.41,0.49,30.0,0.5,10.0,0.51,30.0,0.5,10.0,0.52,211.34,0.53,228.41,0.01,0.01,2323.0703,1776353661000
1776353663.266,263.266,0.48,206.34,0.47,250.28,0.49,33.87,0.5,10.0,0.51,30.0,0.5,10.0,0.52,277.34,0.53,228.41,0.01,0.01,2323.0703,1776353661000
1776353663.486,263.486,0.48,156.34,0.47,250.28,0.49,30.0,0.5,10.0,0.51,30.0,0.5,10.0,0.52,156.34,0.53,250.28,0.01,0.01,2323.070435,1776353662000
1776353663.688,263.688,0.48,151.34,0.47,250.28,0.49,30.0,0.5,10.0,0.51,30.0,0.5,10.0,0.52,156.34,0.53,250.28,0.01,0.01,2323.070435,1776353662000
1776353663.922,263.922,0.48,151.34,0.47,250.28,0.49,30.0,0.5,10.0,0.51,35.81,0.5,10.0,0.52,151.34,0.53,250.28,0.01,0.01,2323.349939,1776353663000
1776353665.546,265.546,0.48,286.57,0.47,179.5,0.49,30.0,0.5,10.0,0.51,30.0,0.5,10.0,0.52,146.34,0.53,250.28,0.01,0.01,2323.512455,1776353664000
1776353666.245,266.245,0.48,300.77,0.47,179.5,0.49,30.0,0.5,10.0,0.51,30.0,0.5,10.0,0.52,286.57,0.53,179.5,0.01,0.01,2323.289343,1776353665000
1776353667.286,267.286,0.48,298.16,0.47,179.5,0.49,30.0,0.5,10.0,0.51,30.0,0.5,10.0,0.52,282.36,0.53,179.5,0.01,0.01,2323.289343,1776353665000
1776353670.718,270.718,0.48,292.16,0.47,179.5,0.49,30.0,0.5,10.0,0.51,30.0,0.5,10.0,0.52,293.16,0.53,179.5,0.01,0.01,2323.695525,1776353669000
1776353672.276,272.276,0.48,188.16,0.47,179.5,0.49,30.0,0.5,10.0,0.51,30.0,0.5,10.0,0.52,292.16,0.53,179.5,0.01,0.01,2323.69232,1776353670000
1776353672.601,272.601,0.48,188.16,0.47,179.5,0.49,30.0,0.5,10.0,0.51,30.0,0.5,10.0,0.52,188.16,0.53,179.5,0.01,0.01,2323.69232,1776353670000
1776353676.553,276.553,0.48,97.93,0.47,217.63,0.49,30.0,0.5,10.0,0.51,30.0,0.5,10.0,0.52,188.16,0.53,179.5,0.01,0.01,2323.777292,1776353674000
1776353676.929,276.929,0.48,97.93,0.47,217.63,0.49,40.87,0.5,10.0,0.51,30.0,0.5,10.0,0.52,97.93,0.53,217.63,0.01,0.01,2323.753444,1776353675000
1776353678.413,278.413,0.48,105.93,0.47,235.86,0.49,30.0,0.5,10.0,0.51,30.0,0.5,10.0,0.52,97.93,0.53,217.63,0.01,0.01,2323.871952,1776353676000
1776353679.418,279.418,0.48,176.78,0.47,165.0,0.49,30.0,0.5,10.0,0.51,30.0,0.5,10.0,0.52,105.93,0.53,235.86,0.01,0.01,2323.842654,1776353677000
1776353682.321,282.321,0.48,179.85,0.47,165.0,0.49,30.0,0.5,10.0,0.51,30.0,0.5,10.0,0.52,176.78,0.53,165.0,0.01,0.01,2323.442299,1776353680000
1776353685.548,285.548,0.48,174.85,0.47,165.0,0.49,30.0,0.5,10.0,0.51,30.0,0.5,10.0,0.52,179.85,0.53,165.0,0.01,0.01,2323.609796,1776353684000
1776353687.251,287.251,0.48,169.85,0.47,165.0,0.49,30.0,0.5,10.0,0.51,30.0,0.5,10.0,0.52,174.85,0.53,165.0,0.01,0.01,2323.482663,1776353685000
1776353687.463,287.463,0.48,104.0,0.47,206.8,0.49,30.0,0.5,10.0,0.51,30.0,0.5,10.0,0.52,169.85,0.53,165.0,0.01,0.01,2323.482663,1776353685000
1776353690.077,290.077,0.48,45.0,0.47,155.0,0.49,30.0,0.5,10.0,0.51,30.0,0.5,10.0,0.52,104.0,0.53,206.8,0.01,0.01,2323.590385,1776353687000
1776353690.368,290.368,0.48,45.0,0.47,155.0,0.49,30.0,0.5,10.0,0.51,30.0,0.5,10.0,0.52,45.0,0.53,155.0,0.01,0.01,2323.590385,1776353687000
1776353691.482,291.482,0.48,45.0,0.47,155.0,0.49,30.0,0.5,10.0,0.51,30.0,0.5,10.0,0.52,45.0,0.53,155.0,0.01,0.01,2323.488234,1776353688000
1776353691.745,291.745,0.48,45.0,0.47,155.0,0.49,30.0,0.5,10.0,0.51,30.0,0.5,10.0,0.52,45.0,0.53,155.0,0.01,0.01,2323.09325,1776353690000
1776353692.213,292.213,0.48,60.0,0.47,165.0,0.49,30.0,0.5,10.0,0.51,30.0,0.5,10.0,0.52,45.0,0.53,155.0,0.01,0.01,2322.783018,1776353691000
1776353692.731,292.731,0.48,60.0,0.47,165.0,0.49,30.0,0.5,10.0,0.51,30.0,0.5,10.0,0.52,60.0,0.53,165.0,0.01,0.01,2322.783018,1776353691000
1776353692.97,292.97,0.48,60.0,0.47,165.0,0.49,30.0,0.5,10.0,0.51,30.0,0.5,10.0,0.52,60.0,0.53,165.0,0.01,0.01,2322.783018,1776353691000
1776353693.228,293.228,0.48,55.0,0.47,165.0,0.49,30.0,0.5,10.0,0.51,30.0,0.5,10.0,0.52,60.0,0.53,165.0,0.01,0.01,2322.783018,1776353691000
1776353694.476,294.476,0.48,60.0,0.47,165.0,0.49,30.0,0.5,10.0,0.51,30.0,0.5,10.0,0.52,55.0,0.53,165.0,0.01,0.01,2322.687341,1776353693000
1776353695.364,295.364,0.48,60.0,0.47,165.0,0.49,30.0,0.5,10.0,0.51,30.0,0.5,10.0,0.52,60.0,0.53,165.0,0.01,0.01,2322.687341,1776353693000
1776353695.574,295.574,0.48,60.0,0.47,165.0,0.49,30.0,0.5,10.0,0.51,30.0,0.5,10.0,0.52,60.0,0.53,165.0,0.01,0.01,2322.73815,1776353694000
1776353695.777,295.777,0.48,55.0,0.47,165.0,0.49,38.99,0.5,10.0,0.51,30.0,0.5,10.0,0.52,55.0,0.53,165.0,0.01,0.01,2322.73815,1776353694000
1776353696.413,296.413,0.48,55.0,0.47,165.0,0.49,30.0,0.5,10.0,0.51,30.0,0.5,10.0,0.52,60.0,0.53,165.0,0.01,0.01,2322.626164,1776353695000
1776353697.023,297.023,0.48,60.0,0.47,165.0,0.49,30.0,0.5,10.0,0.51,30.0,0.5,10.0,0.52,55.0,0.53,165.0,0.01,0.01,2322.626164,1776353695000
1776353697.381,297.381,0.48,60.0,0.47,165.0,0.49,30.0,0.5,10.0,0.51,30.0,0.5,10.0,0.52,60.0,0.53,165.0,0.01,0.01,2322.515783,1776353696000
1776353697.585,297.585,0.48,76.0,0.47,165.0,0.49,30.0,0.5,10.0,0.51,30.0,0.5,10.0,0.52,76.0,0.53,165.0,0.01,0.01,2322.515783,1776353696000
1776353697.803,297.803,0.48,50.0,0.47,165.0,0.49,30.0,0.5,10.0,0.51,30.0,0.5,10.0,0.52,55.0,0.53,165.0,0.01,0.01,2322.515783,1776353696000
1776353698.188,298.188,0.48,50.0,0.47,165.0,0.49,30.0,0.5,10.0,0.51,30.0,0.5,10.0,0.52,50.0,0.53,165.0,0.01,0.01,2322.515783,1776353696000
1776353698.433,298.433,0.48,55.0,0.47,165.0,0.49,30.0,0.5,10.0,0.51,30.0,0.5,10.0,0.52,55.0,0.53,165.0,0.01,0.01,2322.515783,1776353696000
1776353698.671,298.671,0.48,55.0,0.47,165.0,0.49,30.0,0.5,10.0,0.51,30.0,0.5,10.0,0.52,55.0,0.53,165.0,0.01,0.01,2322.515783,1776353696000
1776353700.464,300.464,0.48,45.0,0.47,155.0,0.49,30.0,0.5,10.0,0.51,30.0,0.5,10.0,0.52,50.0,0.53,165.0,0.01,0.01,2322.542128,1776353699000
1776353700.67,300.67,0.48,45.0,0.47,155.0,0.49,30.0,0.5,10.0,0.51,30.0,0.5,10.0,0.52,45.0,0.53,155.0,0.01,0.01,2322.542128,1776353699000
1776353701.007,301.007,0.48,45.0,0.47,155.0,0.49,30.0,0.5,10.0,0.51,30.0,0.5,10.0,0.52,45.0,0.53,155.0,0.01,0.01,2322.542128,1776353699000

# RESULT,winner=Up,slug=eth-updown-5m-1776353400,ticks=239
