timestamp,elapsed_sec,up_bid_p1,up_bid_s1,up_bid_p2,up_bid_s2,up_ask_p1,up_ask_s1,up_ask_p2,up_ask_s2,down_bid_p1,down_bid_s1,down_bid_p2,down_bid_s2,down_ask_p1,down_ask_s1,down_ask_p2,down_ask_s2,up_spread,down_spread,eth_price,eth_oracle_ts
1776243911.419,11.419,0.47,79.88,0.46,81.21,0.48,76.54,0.49,293.82,0.52,81.54,0.51,293.82,0.53,79.88,0.54,81.21,0.01,0.01,2325.059415,1776243910000
1776243911.751,11.751,0.47,79.88,0.46,91.21,0.48,87.04,0.49,293.82,0.52,81.54,0.51,293.82,0.53,79.88,0.54,81.21,0.01,0.01,2325.059415,1776243910000
1776243912.208,12.208,0.47,75.27,0.46,91.21,0.48,100.19,0.49,293.82,0.52,100.19,0.51,293.82,0.53,75.27,0.54,91.21,0.01,0.01,2325.047742,1776243911000
1776243912.479,12.479,0.47,45.6,0.46,101.71,0.48,270.19,0.49,50.5,0.52,94.07,0.51,230.5,0.53,85.27,0.54,91.21,0.01,0.01,2325.047742,1776243911000
1776243912.857,12.857,0.46,81.21,0.45,80.5,0.48,288.19,0.49,50.5,0.52,270.19,0.51,50.5,0.53,45.6,0.54,101.71,0.02,0.01,2325.047742,1776243911000
1776243913.331,13.331,0.44,2.38,0.43,10.5,0.47,310.18,0.48,138.06,0.52,288.19,0.51,50.5,0.54,81.21,0.55,80.5,0.03,0.02,2325.047742,1776243911000
1776243913.578,13.578,0.44,1.38,0.41,80.5,0.45,298.5,0.46,59.5,0.53,310.18,0.52,138.06,0.56,2.38,0.57,10.5,0.01,0.03,2325.025086,1776243912000
1776243913.785,13.785,0.41,62.04,0.4,80.5,0.42,37.0,0.43,31.5,0.55,319.5,0.54,59.5,0.59,60.4,0.6,70.0,0.01,0.04,2325.025086,1776243912000
1776243914.188,14.188,0.41,54.75,0.4,80.5,0.42,77.0,0.43,41.5,0.58,77.0,0.57,41.5,0.59,54.75,0.6,80.5,0.01,0.01,2325.025081,1776243913000
1776243914.432,14.432,0.41,48.02,0.4,80.5,0.42,52.0,0.43,221.5,0.58,82.0,0.57,41.5,0.59,53.05,0.6,80.5,0.01,0.01,2325.025081,1776243913000
1776243914.771,14.771,0.41,24.87,0.4,80.5,0.42,94.0,0.43,221.5,0.58,52.0,0.57,221.5,0.59,48.02,0.6,80.5,0.01,0.01,2325.025081,1776243913000
1776243915.023,15.023,0.41,14.27,0.4,80.5,0.42,89.0,0.43,221.5,0.58,94.0,0.57,221.5,0.59,24.87,0.6,80.5,0.01,0.01,2325.025081,1776243913000
1776243915.296,15.296,0.41,5.13,0.39,70.0,0.42,105.5,0.43,44.5,0.58,89.0,0.57,221.5,0.59,14.27,0.6,80.5,0.01,0.01,2325.025081,1776243913000
1776243915.541,15.541,0.39,66.96,0.38,10.5,0.4,16.0,0.41,25.5,0.6,16.0,0.59,25.5,0.61,66.96,0.62,10.5,0.01,0.01,2324.943937,1776243914000
1776243916.119,16.119,0.38,10.5,0.37,5.0,0.4,100.0,0.41,59.5,0.6,100.0,0.59,59.5,0.62,10.5,0.63,5.0,0.02,0.02,2324.850859,1776243915000
1776243916.658,16.658,0.38,10.5,0.37,5.0,0.39,260.43,0.4,71.0,0.6,100.0,0.59,59.5,0.62,10.5,0.63,5.0,0.01,0.02,2324.850859,1776243915000
1776243917.244,17.244,0.39,56.5,0.38,79.5,0.4,10.0,0.41,25.0,0.61,260.43,0.6,71.0,0.62,10.5,0.63,5.0,0.01,0.01,2324.850859,1776243915000
1776243917.52,17.52,0.4,12.2,0.39,56.5,0.41,24.75,0.42,49.01,0.59,24.75,0.58,44.01,0.61,56.5,0.62,79.5,0.01,0.02,2324.6714,1776243916000
1776243917.73,17.73,0.4,10.0,0.39,25.0,0.41,6.75,0.42,54.01,0.59,16.75,0.58,54.01,0.6,12.2,0.61,46.5,0.01,0.01,2324.6714,1776243916000
1776243918.035,18.035,0.38,15.5,0.36,145.89,0.39,15.0,0.4,35.0,0.59,6.75,0.58,54.01,0.6,10.0,0.61,25.0,0.01,0.01,2324.6714,1776243916000
1776243918.535,18.535,0.38,8.75,0.36,145.89,0.39,20.0,0.4,57.5,0.61,15.0,0.6,35.0,0.62,15.5,0.64,145.89,0.01,0.01,2324.66015,1776243917000
1776243918.985,18.985,0.38,8.75,0.36,145.89,0.39,20.0,0.4,57.5,0.61,20.0,0.6,57.5,0.62,8.75,0.64,145.89,0.01,0.01,2324.786093,1776243918000
1776243919.78,19.78,0.36,132.6,0.35,279.62,0.39,20.0,0.4,45.5,0.61,20.0,0.6,57.5,0.62,8.75,0.64,145.89,0.03,0.01,2324.786093,1776243918000
1776243919.985,19.985,0.36,132.6,0.35,279.62,0.39,20.0,0.4,45.5,0.61,20.0,0.6,45.5,0.64,132.6,0.65,279.62,0.03,0.03,2324.683397,1776243919000
1776243920.911,20.911,0.36,146.53,0.35,279.62,0.37,20.0,0.38,15.0,0.61,20.0,0.6,45.5,0.64,132.6,0.65,279.62,0.01,0.03,2324.683397,1776243919000
1776243921.915,21.915,0.36,146.53,0.35,279.62,0.37,20.0,0.38,15.0,0.63,20.0,0.62,15.0,0.64,146.53,0.65,279.62,0.01,0.01,2324.6663,1776243921000
1776243922.212,22.212,0.36,144.43,0.35,271.62,0.37,25.0,0.38,15.0,0.63,20.0,0.62,15.0,0.64,146.53,0.65,279.62,0.01,0.01,2324.6663,1776243921000
1776243922.924,22.924,0.36,144.43,0.35,271.62,0.37,25.0,0.38,15.0,0.63,25.0,0.62,15.0,0.64,144.43,0.65,271.62,0.01,0.01,2324.669961,1776243922000
1776243923.424,23.424,0.36,461.42,0.35,27.0,0.37,4.86,0.38,15.0,0.63,25.0,0.62,15.0,0.64,144.43,0.65,271.62,0.01,0.01,2324.669961,1776243922000
1776243923.865,23.865,0.36,461.42,0.35,27.0,0.37,4.86,0.38,15.0,0.63,4.86,0.62,15.0,0.64,461.42,0.65,27.0,0.01,0.01,2324.60672,1776243923000
1776243924.74,24.74,0.36,434.42,0.35,27.0,0.37,9.86,0.38,15.0,0.63,4.86,0.62,15.0,0.64,461.42,0.65,27.0,0.01,0.01,2324.60672,1776243923000
1776243924.988,24.988,0.36,434.42,0.35,27.0,0.37,9.86,0.38,15.0,0.63,9.86,0.62,15.0,0.64,434.42,0.65,27.0,0.01,0.01,2324.577415,1776243924000
1776243925.483,25.483,0.36,439.42,0.35,17.0,0.38,11.49,0.39,36.5,0.63,9.86,0.62,15.0,0.64,434.42,0.65,27.0,0.02,0.01,2324.577415,1776243924000
1776243925.793,25.793,0.36,71.93,0.35,91.62,0.37,56.5,0.38,26.99,0.62,11.49,0.61,36.5,0.64,439.42,0.65,17.0,0.01,0.02,2324.577415,1776243924000
1776243925.994,25.994,0.36,43.36,0.34,94.62,0.37,81.5,0.38,31.99,0.63,76.5,0.62,31.99,0.64,54.36,0.66,94.62,0.01,0.01,2324.577415,1776243924000
1776243926.81,26.81,0.34,288.37,0.33,66.5,0.35,85.48,0.36,25.0,0.63,76.5,0.62,31.99,0.66,94.62,0.67,61.5,0.01,0.03,2324.700495,1776243925000
1776243927.118,27.118,0.34,288.37,0.33,66.5,0.35,85.48,0.36,25.0,0.65,85.48,0.64,25.0,0.66,288.37,0.67,66.5,0.01,0.01,2324.65078,1776243926000
1776243927.754,27.754,0.36,200.5,0.35,110.49,0.37,10.0,0.38,22.49,0.65,85.48,0.64,25.0,0.66,288.37,0.67,66.5,0.01,0.01,2324.65078,1776243926000
1776243928.135,28.135,0.36,200.5,0.35,110.49,0.37,10.0,0.38,22.49,0.63,10.0,0.62,22.49,0.64,200.5,0.65,110.49,0.01,0.01,2324.57912,1776243927000
1776243928.506,28.506,0.36,208.31,0.35,110.49,0.37,10.0,0.38,22.49,0.63,10.0,0.62,22.49,0.64,200.5,0.65,110.49,0.01,0.01,2324.57912,1776243927000
1776243929.194,29.194,0.36,206.12,0.35,110.49,0.37,10.0,0.38,22.49,0.63,10.0,0.62,22.49,0.64,206.12,0.65,110.49,0.01,0.01,2324.515005,1776243928000
1776243930.166,30.166,0.39,266.5,0.38,65.5,0.4,1.84,0.41,5.0,0.63,10.0,0.62,22.49,0.64,206.12,0.65,110.49,0.01,0.01,2324.515005,1776243928000
1776243930.524,30.524,0.41,164.49,0.4,86.66,0.42,4.89,0.43,21.0,0.59,5.0,0.58,20.01,0.6,8.16,0.61,266.5,0.01,0.01,2324.55955,1776243929000
1776243931.08,31.08,0.41,344.49,0.4,86.66,0.42,4.89,0.43,11.0,0.58,4.89,0.57,21.0,0.59,164.49,0.6,86.66,0.01,0.01,2324.55955,1776243929000
1776243931.321,31.321,0.41,406.49,0.4,86.66,0.43,5.0,0.46,16.0,0.58,4.89,0.57,11.0,0.59,344.49,0.6,86.66,0.02,0.01,2324.55955,1776243929000
1776243931.994,31.994,0.45,5.0,0.44,331.99,0.47,10.0,0.48,31.01,0.57,5.0,0.54,16.0,0.59,406.49,0.6,86.66,0.02,0.02,2324.636259,1776243930000
1776243932.387,32.387,0.45,5.0,0.44,331.99,0.47,10.0,0.48,31.01,0.53,10.0,0.52,31.01,0.55,5.0,0.56,331.99,0.02,0.02,2324.762292,1776243931000
1776243933.211,33.211,0.45,5.0,0.44,331.99,0.47,10.0,0.48,31.01,0.53,10.0,0.52,31.01,0.55,5.0,0.56,331.99,0.02,0.02,2324.89,1776243932000
1776243933.593,33.593,0.44,40.0,0.43,5.0,0.46,75.53,0.47,20.0,0.53,10.0,0.52,31.01,0.55,5.0,0.56,331.99,0.02,0.02,2324.89,1776243932000
1776243933.832,33.832,0.42,114.12,0.41,114.5,0.45,31.1,0.46,71.53,0.55,31.1,0.54,71.53,0.56,45.0,0.58,114.12,0.03,0.01,2324.89,1776243932000
1776243934.329,34.329,0.43,40.0,0.42,299.12,0.44,3.63,0.45,26.1,0.55,31.1,0.54,71.53,0.58,114.12,0.59,114.5,0.01,0.03,2324.89,1776243932000
1776243934.565,34.565,0.43,40.0,0.42,299.12,0.44,3.63,0.45,26.1,0.56,3.63,0.55,26.1,0.57,40.0,0.58,299.12,0.01,0.01,2325.064278,1776243933000
1776243935.12,35.12,0.43,32.14,0.42,205.5,0.44,8.63,0.45,26.1,0.56,8.63,0.55,26.1,0.57,32.14,0.58,205.5,0.01,0.01,2325.131055,1776243934000
1776243936.159,36.159,0.43,32.14,0.42,95.12,0.44,11.35,0.45,26.1,0.56,8.63,0.55,26.1,0.57,32.14,0.58,205.5,0.01,0.01,2325.131055,1776243934000
1776243937.077,37.077,0.43,32.14,0.42,95.12,0.44,11.35,0.45,26.1,0.56,11.35,0.55,26.1,0.57,32.14,0.58,95.12,0.01,0.01,2324.96753,1776243936000
1776243938.687,38.687,0.43,32.14,0.42,95.12,0.44,11.35,0.45,26.1,0.56,11.35,0.55,26.1,0.57,32.14,0.58,95.12,0.01,0.01,2325.052879,1776243937000
1776243939.412,39.412,0.43,32.14,0.42,95.12,0.44,11.35,0.45,26.1,0.56,11.35,0.55,26.1,0.57,32.14,0.58,95.12,0.01,0.01,2324.963155,1776243938000
1776243940.125,40.125,0.41,15.0,0.4,15.5,0.42,35.0,0.43,40.5,0.58,35.0,0.57,40.5,0.59,15.0,0.6,15.5,0.01,0.01,2324.97237,1776243939000
1776243940.414,40.414,0.37,2.26,0.36,15.0,0.38,14.29,0.39,16.0,0.62,10.0,0.61,10.0,0.63,2.26,0.64,15.0,0.01,0.01,2324.97237,1776243939000
1776243941.143,41.143,0.37,27.26,0.36,20.0,0.38,4.78,0.39,26.0,0.62,14.29,0.61,21.0,0.63,22.26,0.64,15.0,0.01,0.01,2324.97237,1776243939000
1776243941.581,41.581,0.37,27.26,0.36,20.0,0.38,4.78,0.39,26.0,0.62,4.78,0.61,26.0,0.63,27.26,0.64,20.0,0.01,0.01,2324.98395,1776243940000
1776243942.279,42.279,0.37,27.26,0.36,20.0,0.38,4.78,0.39,26.0,0.62,4.78,0.61,26.0,0.63,27.26,0.64,20.0,0.01,0.01,2324.8014,1776243941000
1776243942.982,42.982,0.37,27.26,0.36,20.0,0.38,4.78,0.39,26.0,0.62,4.78,0.61,26.0,0.63,27.26,0.64,20.0,0.01,0.01,2324.759675,1776243942000
1776243943.737,43.737,0.35,110.12,0.34,205.0,0.37,73.9,0.38,227.5,0.62,60.0,0.61,30.5,0.63,27.32,0.64,297.49,0.02,0.01,2324.759675,1776243942000
1776243943.996,43.996,0.35,115.12,0.34,215.0,0.36,43.86,0.37,34.9,0.63,73.9,0.62,227.5,0.65,110.12,0.66,205.0,0.01,0.02,2324.759675,1776243942000
1776243944.384,44.384,0.35,115.12,0.34,215.0,0.36,43.86,0.37,34.9,0.64,43.86,0.63,34.9,0.65,115.12,0.66,215.0,0.01,0.01,2324.694015,1776243943000
1776243945.139,45.139,0.35,115.12,0.34,215.0,0.36,43.86,0.37,34.9,0.64,43.86,0.63,34.9,0.65,115.12,0.66,215.0,0.01,0.01,2324.754012,1776243944000
1776243945.417,45.417,0.35,120.04,0.34,215.0,0.36,40.0,0.37,34.9,0.64,43.86,0.63,34.9,0.65,115.12,0.66,215.0,0.01,0.01,2324.754012,1776243944000
1776243946.663,46.663,0.35,120.04,0.34,215.0,0.36,40.0,0.37,34.9,0.64,40.0,0.63,34.9,0.65,120.04,0.66,215.0,0.01,0.01,2324.6191,1776243945000
1776243947.474,47.474,0.35,120.04,0.34,215.0,0.36,40.0,0.37,34.9,0.64,40.0,0.63,34.9,0.65,120.04,0.66,215.0,0.01,0.01,2324.601225,1776243946000
1776243947.817,47.817,0.4,25.0,0.39,250.5,0.41,10.5,0.42,30.5,0.64,40.0,0.63,34.9,0.65,120.04,0.66,215.0,0.01,0.01,2324.601225,1776243946000
1776243948.175,48.175,0.4,25.0,0.39,250.5,0.41,10.5,0.42,30.5,0.59,10.5,0.58,30.5,0.6,25.0,0.61,250.5,0.01,0.01,2324.607687,1776243947000
1776243948.487,48.487,0.42,353.49,0.41,66.87,0.44,1.38,0.46,6.0,0.59,10.5,0.58,30.5,0.6,25.0,0.61,250.5,0.02,0.01,2324.607687,1776243947000
1776243948.79,48.79,0.47,5.63,0.46,30.5,0.48,41.51,0.49,25.14,0.56,1.38,0.54,6.0,0.58,353.49,0.59,66.87,0.01,0.02,2324.607687,1776243947000
1776243949.58,49.58,0.47,5.63,0.46,30.5,0.48,41.51,0.49,25.14,0.52,41.51,0.51,25.14,0.53,5.63,0.54,30.5,0.01,0.01,2324.720257,1776243948000
1776243950.252,50.252,0.47,5.63,0.46,30.5,0.48,41.51,0.49,25.14,0.52,41.51,0.51,25.14,0.53,5.63,0.54,30.5,0.01,0.01,2324.85256,1776243949000
1776243950.613,50.613,0.47,81.63,0.46,40.5,0.48,16.01,0.49,40.64,0.52,41.51,0.51,25.14,0.53,5.63,0.54,30.5,0.01,0.01,2324.85256,1776243949000
1776243951.533,51.533,0.47,81.63,0.46,40.5,0.48,16.01,0.49,40.64,0.52,16.01,0.51,40.64,0.53,81.63,0.54,40.5,0.01,0.01,2325.07505,1776243950000
1776243952.162,52.162,0.47,81.63,0.46,40.5,0.48,16.01,0.49,40.64,0.52,16.01,0.51,40.64,0.53,81.63,0.54,40.5,0.01,0.01,2325.196128,1776243951000
1776243952.895,52.895,0.47,18.88,0.46,10.0,0.48,73.97,0.49,220.64,0.52,16.01,0.51,40.64,0.53,81.63,0.54,40.5,0.01,0.01,2325.196128,1776243951000
1776243954.185,54.185,0.47,18.88,0.46,10.0,0.48,73.97,0.49,220.64,0.52,73.97,0.51,220.64,0.53,18.88,0.54,10.0,0.01,0.01,2325.180895,1776243953000
1776243954.56,54.56,0.44,26.26,0.43,304.12,0.45,15.0,0.46,20.0,0.52,73.97,0.51,220.64,0.53,18.88,0.54,10.0,0.01,0.01,2325.180895,1776243953000
1776243955.136,55.136,0.44,26.26,0.43,304.12,0.45,15.0,0.46,20.0,0.55,15.0,0.54,20.0,0.56,26.26,0.57,304.12,0.01,0.01,2325.106425,1776243954000
1776243956.189,56.189,0.44,26.26,0.43,304.12,0.45,15.0,0.46,20.0,0.55,15.0,0.54,20.0,0.56,26.26,0.57,304.12,0.01,0.01,2325.07527,1776243955000
1776243956.878,56.878,0.4,14.52,0.39,101.99,0.42,26.5,0.43,27.0,0.55,15.0,0.54,20.0,0.56,26.26,0.57,304.12,0.02,0.01,2325.07527,1776243955000
1776243957.167,57.167,0.4,14.52,0.39,101.99,0.42,26.5,0.43,27.0,0.58,26.5,0.57,27.0,0.6,14.52,0.61,101.99,0.02,0.02,2325.173433,1776243956000
1776243958.274,58.274,0.4,14.52,0.39,101.99,0.42,26.5,0.43,27.0,0.58,26.5,0.57,27.0,0.6,14.52,0.61,101.99,0.02,0.02,2325.106235,1776243957000
1776243959.229,59.229,0.39,122.49,0.38,34.0,0.41,47.01,0.42,41.5,0.58,26.5,0.57,27.0,0.6,14.52,0.61,101.99,0.02,0.02,2325.106235,1776243957000
1776243960.377,60.377,0.39,122.49,0.38,34.0,0.41,47.01,0.42,41.5,0.59,47.01,0.58,41.5,0.61,122.49,0.62,34.0,0.02,0.02,2324.906829,1776243959000
1776243960.829,60.829,0.39,327.4,0.38,34.0,0.4,10.0,0.41,10.0,0.6,5.0,0.59,10.0,0.61,297.4,0.62,34.0,0.01,0.01,2324.906829,1776243959000
1776243961.225,61.225,0.39,327.4,0.38,34.0,0.4,10.0,0.41,10.0,0.6,10.0,0.59,10.0,0.61,327.4,0.62,34.0,0.01,0.01,2325.005905,1776243960000
1776243962.246,62.246,0.39,353.4,0.38,29.0,0.41,9.75,0.42,5.0,0.6,10.0,0.59,10.0,0.61,327.4,0.62,34.0,0.02,0.01,2325.005905,1776243960000
1776243962.747,62.747,0.43,90.5,0.42,309.49,0.45,14.02,0.46,31.5,0.59,9.75,0.58,5.0,0.61,353.4,0.62,29.0,0.02,0.02,2324.859795,1776243961000
1776243962.959,62.959,0.43,90.5,0.42,309.49,0.45,14.02,0.46,31.5,0.55,14.02,0.54,31.5,0.57,90.5,0.58,309.49,0.02,0.02,2324.87025,1776243962000
1776243963.256,63.256,0.45,85.0,0.44,256.25,0.46,31.5,0.47,25.5,0.55,14.02,0.54,31.5,0.57,90.5,0.58,309.49,0.01,0.02,2324.87025,1776243962000
1776243963.771,63.771,0.47,271.21,0.46,115.12,0.5,33.87,0.51,38.44,0.54,31.5,0.53,25.5,0.55,85.0,0.56,256.25,0.03,0.01,2324.87025,1776243962000
1776243964.543,64.543,0.49,91.0,0.48,215.5,0.5,33.87,0.51,33.44,0.5,33.87,0.49,38.44,0.53,271.21,0.54,115.12,0.01,0.03,2324.93765,1776243963000
1776243964.931,64.931,0.49,101.0,0.48,215.5,0.5,28.77,0.51,33.44,0.5,33.87,0.49,33.44,0.51,91.0,0.52,215.5,0.01,0.01,2324.93765,1776243963000
1776243965.917,65.917,0.49,286.5,0.48,35.5,0.53,12.81,0.54,42.0,0.5,28.77,0.49,33.44,0.51,101.0,0.52,215.5,0.04,0.01,2325.034273,1776243964000
1776243966.255,66.255,0.51,20.0,0.5,20.0,0.52,7.88,0.53,12.81,0.48,7.88,0.47,12.81,0.49,20.0,0.5,20.0,0.01,0.01,2325.27928,1776243965000
1776243966.466,66.466,0.51,86.83,0.5,20.0,0.52,27.88,0.53,12.81,0.48,7.88,0.47,12.81,0.49,20.0,0.5,20.0,0.01,0.01,2325.27928,1776243965000
1776243967.494,67.494,0.51,86.83,0.5,20.0,0.52,27.88,0.53,12.81,0.48,27.88,0.47,12.81,0.49,86.83,0.5,20.0,0.01,0.01,2325.350368,1776243966000
1776243968.024,68.024,0.51,73.75,0.5,10.0,0.52,56.73,0.53,25.5,0.48,27.73,0.47,15.5,0.49,91.0,0.5,215.5,0.01,0.01,2325.350368,1776243966000
1776243968.235,68.235,0.5,10.0,0.49,40.0,0.52,60.73,0.53,25.5,0.48,60.73,0.47,25.5,0.5,10.0,0.51,40.0,0.02,0.02,2325.386411,1776243967000
1776243968.7,68.7,0.5,35.4,0.49,45.0,0.51,39.5,0.52,86.22,0.48,60.73,0.47,25.5,0.5,10.0,0.51,40.0,0.01,0.02,2325.386411,1776243967000
1776243969.393,69.393,0.5,5.84,0.49,45.0,0.51,43.5,0.52,86.22,0.49,43.5,0.48,86.22,0.5,5.84,0.51,45.0,0.01,0.01,2325.398855,1776243968000
1776243969.661,69.661,0.49,68.03,0.48,210.5,0.5,24.0,0.51,35.51,0.49,43.5,0.48,86.22,0.5,5.84,0.51,45.0,0.01,0.01,2325.398855,1776243968000
1776243970.045,70.045,0.49,63.22,0.48,210.5,0.5,24.0,0.51,35.51,0.5,24.0,0.49,35.51,0.51,63.22,0.52,210.5,0.01,0.01,2325.398855,1776243969000
1776243970.433,70.433,0.49,60.25,0.48,210.5,0.5,24.0,0.51,35.51,0.5,24.0,0.49,35.51,0.51,63.22,0.52,210.5,0.01,0.01,2325.398855,1776243969000
1776243970.638,70.638,0.49,48.79,0.48,210.5,0.5,24.0,0.51,95.96,0.5,24.0,0.49,35.51,0.51,60.25,0.52,210.5,0.01,0.01,2325.398855,1776243969000
1776243970.864,70.864,0.49,46.63,0.48,210.5,0.5,19.0,0.51,95.96,0.5,22.0,0.49,95.96,0.51,43.79,0.52,210.5,0.01,0.01,2325.398855,1776243969000
1776243971.218,71.218,0.49,46.63,0.48,210.5,0.5,19.0,0.51,95.96,0.5,19.0,0.49,95.96,0.51,46.63,0.52,210.5,0.01,0.01,2325.36892,1776243970000
1776243971.656,71.656,0.49,60.16,0.48,210.5,0.5,14.0,0.51,90.96,0.5,19.0,0.49,95.96,0.51,46.63,0.52,210.5,0.01,0.01,2325.36892,1776243970000
1776243972.397,72.397,0.49,60.16,0.48,210.5,0.5,14.0,0.51,90.96,0.5,14.0,0.49,90.96,0.51,60.16,0.52,210.5,0.01,0.01,2325.35194,1776243971000
1776243972.974,72.974,0.49,60.16,0.48,210.5,0.5,14.0,0.51,90.96,0.5,14.0,0.49,90.96,0.51,60.16,0.52,210.5,0.01,0.01,2325.35194,1776243972000
1776243974.126,74.126,0.49,60.16,0.48,210.5,0.5,14.0,0.51,90.96,0.5,14.0,0.49,90.96,0.51,60.16,0.52,210.5,0.01,0.01,2325.38976,1776243973000
1776243974.581,74.581,0.49,4.04,0.48,15.5,0.5,38.0,0.51,35.51,0.5,14.0,0.49,90.96,0.51,60.16,0.52,210.5,0.01,0.01,2325.38976,1776243973000
1776243975.344,75.344,0.49,4.04,0.48,15.5,0.5,38.0,0.51,35.51,0.5,38.0,0.49,35.51,0.51,4.04,0.52,15.5,0.01,0.01,2325.39335,1776243974000
1776243975.822,75.822,0.49,4.04,0.48,15.5,0.5,38.0,0.51,35.51,0.5,38.0,0.49,35.51,0.51,4.04,0.52,15.5,0.01,0.01,2325.39457,1776243975000
1776243976.993,76.993,0.49,4.04,0.48,15.5,0.5,38.0,0.51,35.51,0.5,38.0,0.49,35.51,0.51,4.04,0.52,15.5,0.01,0.01,2325.432057,1776243976000
1776243978.199,78.199,0.49,4.04,0.48,15.5,0.5,38.0,0.51,35.51,0.5,38.0,0.49,35.51,0.51,4.04,0.52,15.5,0.01,0.01,2325.441085,1776243977000
1776243979.367,79.367,0.49,4.04,0.48,15.5,0.5,38.0,0.51,35.51,0.5,38.0,0.49,35.51,0.51,4.04,0.52,15.5,0.01,0.01,2325.38532,1776243978000
1776243980.614,80.614,0.49,4.04,0.48,15.5,0.5,38.0,0.51,35.51,0.5,38.0,0.49,35.51,0.51,4.04,0.52,15.5,0.01,0.01,2325.36659,1776243979000
1776243981.249,81.249,0.49,4.04,0.48,15.5,0.5,38.0,0.51,35.51,0.5,38.0,0.49,35.51,0.51,4.04,0.52,15.5,0.01,0.01,2325.37492,1776243980000
1776243982.441,82.441,0.49,4.04,0.48,15.5,0.5,38.0,0.51,35.51,0.5,38.0,0.49,35.51,0.51,4.04,0.52,15.5,0.01,0.01,2325.50561,1776243981000
1776243983.044,83.044,0.49,4.04,0.48,15.5,0.5,38.0,0.51,35.51,0.5,38.0,0.49,35.51,0.51,4.04,0.52,15.5,0.01,0.01,2325.39606,1776243982000
1776243984.208,84.208,0.49,4.04,0.48,15.5,0.5,38.0,0.51,35.51,0.5,38.0,0.49,35.51,0.51,4.04,0.52,15.5,0.01,0.01,2325.397085,1776243983000
1776243985.416,85.416,0.49,4.04,0.48,15.5,0.5,38.0,0.51,35.51,0.5,38.0,0.49,35.51,0.51,4.04,0.52,15.5,0.01,0.01,2325.40202,1776243984000
1776243985.968,85.968,0.49,4.04,0.48,15.5,0.5,38.0,0.51,35.51,0.5,38.0,0.49,35.51,0.51,4.04,0.52,15.5,0.01,0.01,2325.401055,1776243985000
1776243987.266,87.266,0.49,4.04,0.48,15.5,0.5,38.0,0.51,35.51,0.5,38.0,0.49,35.51,0.51,4.04,0.52,15.5,0.01,0.01,2325.35205,1776243986000
1776243987.701,87.701,0.48,5.4,0.47,11.21,0.5,73.5,0.51,220.78,0.5,38.0,0.49,35.51,0.51,4.04,0.52,15.5,0.02,0.01,2325.35205,1776243986000
1776243988.337,88.337,0.48,5.4,0.47,11.21,0.5,73.5,0.51,220.78,0.5,73.5,0.49,220.78,0.52,5.4,0.53,11.21,0.02,0.02,2325.349135,1776243987000
1776243988.708,88.708,0.48,53.57,0.47,26.21,0.49,19.0,0.5,30.5,0.5,73.5,0.49,220.78,0.52,5.4,0.53,11.21,0.01,0.02,2325.349135,1776243987000
1776243988.93,88.93,0.48,53.57,0.47,26.21,0.49,19.0,0.5,30.5,0.51,19.0,0.5,30.5,0.52,53.57,0.53,26.21,0.01,0.01,2325.446975,1776243988000
1776243989.399,89.399,0.48,83.57,0.47,206.21,0.49,3.89,0.5,5.0,0.51,19.0,0.5,30.5,0.52,53.57,0.53,26.21,0.01,0.01,2325.446975,1776243988000
1776243990.209,90.209,0.48,83.57,0.47,206.21,0.49,3.89,0.5,5.0,0.51,3.89,0.5,5.0,0.52,83.57,0.53,206.21,0.01,0.01,2325.326695,1776243989000
1776243991.254,91.254,0.48,83.57,0.47,206.21,0.49,3.89,0.5,5.0,0.51,3.89,0.5,5.0,0.52,83.57,0.53,206.21,0.01,0.01,2325.384801,1776243990000
1776243992.348,92.348,0.48,83.57,0.47,206.21,0.49,3.89,0.5,5.0,0.51,3.89,0.5,5.0,0.52,83.57,0.53,206.21,0.01,0.01,2325.37118,1776243991000
1776243992.952,92.952,0.47,32.34,0.46,115.49,0.48,5.0,0.49,25.5,0.51,3.89,0.5,5.0,0.52,83.57,0.53,206.21,0.01,0.01,2325.37118,1776243991000
1776243994.141,94.141,0.47,32.34,0.46,115.49,0.48,5.0,0.49,25.5,0.52,5.0,0.51,25.5,0.53,32.34,0.54,115.49,0.01,0.01,2325.447195,1776243993000
1776243995.736,95.736,0.47,32.34,0.46,115.49,0.48,5.0,0.49,25.5,0.52,5.0,0.51,25.5,0.53,32.34,0.54,115.49,0.01,0.01,2325.33983,1776243994000
1776243996.228,96.228,0.47,32.34,0.46,115.49,0.48,5.0,0.49,25.5,0.52,5.0,0.51,25.5,0.53,32.34,0.54,115.49,0.01,0.01,2325.337515,1776243995000
1776243997.085,97.085,0.49,35.0,0.48,30.5,0.5,15.0,0.51,220.78,0.52,5.0,0.51,25.5,0.53,32.34,0.54,115.49,0.01,0.01,2325.337515,1776243995000
1776243997.323,97.323,0.49,35.0,0.48,30.5,0.5,15.0,0.51,220.78,0.5,15.0,0.49,220.78,0.51,35.0,0.52,30.5,0.01,0.01,2325.32755,1776243996000
1776243997.684,97.684,0.49,20.0,0.48,30.5,0.5,29.5,0.51,220.78,0.5,15.0,0.49,220.78,0.51,35.0,0.52,30.5,0.01,0.01,2325.32755,1776243996000
1776243997.955,97.955,0.49,20.0,0.48,30.5,0.5,29.5,0.51,220.78,0.5,29.5,0.49,220.78,0.51,20.0,0.52,30.5,0.01,0.01,2325.3276,1776243997000
1776243998.701,98.701,0.5,45.0,0.49,30.5,0.51,15.78,0.52,25.5,0.5,29.5,0.49,220.78,0.51,20.0,0.52,30.5,0.01,0.01,2325.3276,1776243997000
1776243999.016,99.016,0.5,45.0,0.49,30.5,0.51,15.78,0.52,25.5,0.49,15.78,0.48,25.5,0.5,45.0,0.51,30.5,0.01,0.01,2325.43991,1776243998000
1776244000.121,100.121,0.5,45.0,0.49,30.5,0.51,15.78,0.52,25.5,0.49,15.78,0.48,25.5,0.5,45.0,0.51,30.5,0.01,0.01,2325.373695,1776243999000
1776244000.944,100.944,0.5,75.0,0.49,30.5,0.51,44.54,0.52,25.5,0.49,15.78,0.48,25.5,0.5,45.0,0.51,30.5,0.01,0.01,2325.373695,1776243999000
1776244001.228,101.228,0.5,75.0,0.49,30.5,0.51,44.54,0.52,25.5,0.49,44.54,0.48,25.5,0.5,75.0,0.51,30.5,0.01,0.01,2325.40108,1776244000000
1776244002.015,102.015,0.5,80.5,0.49,30.5,0.51,17.93,0.52,20.5,0.49,19.32,0.48,25.5,0.5,40.0,0.51,30.5,0.01,0.01,2325.40108,1776244000000
1776244002.335,102.335,0.5,80.5,0.49,30.5,0.51,17.93,0.52,20.5,0.49,17.93,0.48,20.5,0.5,80.5,0.51,30.5,0.01,0.01,2325.41094,1776244001000
1776244002.946,102.946,0.5,77.58,0.49,25.5,0.51,10.32,0.52,20.5,0.49,15.93,0.48,20.5,0.5,82.58,0.51,30.5,0.01,0.01,2325.41094,1776244001000
1776244003.54,103.54,0.5,77.58,0.49,25.5,0.51,10.32,0.52,20.5,0.49,10.32,0.48,20.5,0.5,77.58,0.51,25.5,0.01,0.01,2325.520212,1776244002000
1776244004.004,104.004,0.5,362.17,0.49,38.5,0.51,10.01,0.54,5.0,0.49,10.01,0.48,10.5,0.5,80.38,0.51,205.5,0.01,0.01,2325.520212,1776244002000
1776244004.234,104.234,0.53,50.5,0.52,15.0,0.55,1.0,0.56,18.87,0.46,5.0,0.44,18.87,0.5,380.17,0.51,68.5,0.02,0.04,2325.526457,1776244003000
1776244004.626,104.626,0.55,80.5,0.54,35.5,0.56,6.25,0.57,10.5,0.44,11.34,0.43,10.5,0.47,75.5,0.48,15.0,0.01,0.03,2325.526457,1776244003000
1776244005.108,105.108,0.55,80.5,0.54,35.5,0.56,6.25,0.57,10.5,0.44,6.25,0.43,10.5,0.45,80.5,0.46,35.5,0.01,0.01,2325.496343,1776244004000
1776244005.713,105.713,0.55,353.49,0.54,43.87,0.56,1.53,0.61,10.0,0.44,6.25,0.43,10.5,0.45,80.5,0.46,35.5,0.01,0.01,2325.496343,1776244004000
1776244005.923,105.923,0.6,22.25,0.59,15.0,0.61,15.0,0.63,10.4,0.4,16.0,0.39,10.0,0.45,360.49,0.46,43.87,0.01,0.05,2325.496343,1776244004000
1776244006.163,106.163,0.6,17.25,0.59,15.0,0.61,7.95,0.63,10.4,0.39,7.95,0.37,10.4,0.4,17.25,0.41,15.0,0.01,0.01,2325.571404,1776244005000
1776244006.831,106.831,0.66,4.39,0.65,10.0,0.67,10.0,0.68,13.0,0.39,18.45,0.37,10.4,0.4,24.75,0.41,30.5,0.01,0.01,2325.571404,1776244005000
1776244007.324,107.324,0.66,9.39,0.65,10.0,0.67,14.22,0.68,7.0,0.33,14.22,0.32,7.0,0.34,9.39,0.35,10.0,0.01,0.01,2325.7554,1776244006000
1776244007.776,107.776,0.67,15.0,0.66,9.39,0.68,10.5,0.69,50.27,0.33,14.22,0.32,7.0,0.34,9.39,0.35,10.0,0.01,0.01,2325.7554,1776244006000
1776244008.051,108.051,0.68,4.68,0.67,20.0,0.69,43.27,0.71,34.0,0.31,39.24,0.29,162.5,0.33,25.0,0.34,9.39,0.01,0.02,2325.7554,1776244006000
1776244008.388,108.388,0.7,15.0,0.69,25.5,0.71,28.83,0.74,18.0,0.31,0.31,0.29,29.0,0.33,19.4,0.34,19.89,0.01,0.02,2325.7554,1776244006000
1776244008.65,108.65,0.7,95.5,0.69,210.5,0.71,10.06,0.73,20.5,0.29,28.83,0.26,18.0,0.3,15.0,0.31,25.5,0.01,0.01,2325.970815,1776244007000
1776244009.045,109.045,0.7,95.5,0.69,210.5,0.71,10.06,0.73,20.5,0.29,10.06,0.27,20.5,0.3,95.5,0.31,210.5,0.01,0.01,2326.196335,1776244008000
1776244009.996,109.996,0.7,80.33,0.69,210.5,0.71,5.0,0.73,20.5,0.29,10.06,0.27,20.5,0.3,95.5,0.31,210.5,0.01,0.01,2326.196335,1776244008000
1776244010.91,110.91,0.7,100.33,0.69,210.5,0.71,1.91,0.73,10.5,0.29,5.0,0.27,20.5,0.3,80.33,0.31,210.5,0.01,0.01,2326.319605,1776244009000
1776244011.27,111.27,0.7,100.33,0.69,210.5,0.71,1.91,0.73,10.5,0.29,1.91,0.27,10.5,0.3,100.33,0.31,210.5,0.01,0.01,2326.514668,1776244010000
1776244012.217,112.217,0.7,96.99,0.69,210.5,0.71,1.91,0.73,10.5,0.29,1.91,0.27,10.5,0.3,100.33,0.31,210.5,0.01,0.01,2326.514668,1776244010000
1776244012.522,112.522,0.7,96.99,0.69,210.5,0.71,1.91,0.73,10.5,0.29,1.91,0.27,10.5,0.3,96.99,0.31,210.5,0.01,0.01,2326.532895,1776244011000
1776244012.979,112.979,0.7,96.99,0.69,210.5,0.71,1.91,0.73,10.5,0.29,1.91,0.27,10.5,0.3,96.99,0.31,210.5,0.01,0.01,2326.634605,1776244012000
1776244013.343,113.343,0.7,276.99,0.69,30.5,0.71,1.83,0.73,10.5,0.29,1.91,0.27,10.5,0.3,96.99,0.31,210.5,0.01,0.01,2326.634605,1776244012000
1776244013.988,113.988,0.7,276.99,0.69,30.5,0.71,1.83,0.73,10.5,0.29,1.83,0.27,10.5,0.3,276.99,0.31,30.5,0.01,0.01,2326.52907,1776244013000
1776244015.074,115.074,0.7,276.99,0.69,30.5,0.71,1.83,0.73,10.5,0.29,1.83,0.27,10.5,0.3,276.99,0.31,30.5,0.01,0.01,2326.53126,1776244014000
1776244016.093,116.093,0.7,276.99,0.69,30.5,0.71,1.83,0.73,10.5,0.29,1.83,0.27,10.5,0.3,276.99,0.31,30.5,0.01,0.01,2326.567159,1776244015000
1776244016.481,116.481,0.7,280.75,0.69,30.5,0.71,1.83,0.74,18.5,0.29,1.83,0.26,18.5,0.3,280.09,0.31,30.5,0.01,0.01,2326.567159,1776244015000
1776244017.187,117.187,0.7,280.75,0.69,30.5,0.74,18.5,0.75,70.0,0.26,18.5,0.25,70.0,0.3,280.75,0.31,30.5,0.04,0.04,2326.53638,1776244016000
1776244018.239,118.239,0.7,280.75,0.69,30.5,0.74,18.5,0.75,70.0,0.26,18.5,0.25,70.0,0.3,280.75,0.31,30.5,0.04,0.04,2326.538245,1776244017000
1776244018.981,118.981,0.73,62.03,0.72,25.5,0.74,18.5,0.75,250.0,0.26,23.5,0.25,250.0,0.27,42.59,0.28,15.0,0.01,0.01,2326.538245,1776244017000
1776244019.224,119.224,0.73,62.03,0.72,25.5,0.74,18.5,0.75,250.0,0.26,18.5,0.25,250.0,0.27,62.03,0.28,25.5,0.01,0.01,2326.585445,1776244018000
1776244020.309,120.309,0.73,62.03,0.72,25.5,0.74,18.5,0.75,250.0,0.26,18.5,0.25,250.0,0.27,62.03,0.28,25.5,0.01,0.01,2326.660696,1776244019000
1776244021.319,121.319,0.73,292.53,0.72,66.5,0.79,9.52,0.8,20.0,0.26,18.5,0.25,250.0,0.27,62.03,0.28,25.5,0.06,0.01,2326.660696,1776244019000
1776244021.725,121.725,0.8,55.0,0.79,89.0,0.81,14.42,0.82,24.4,0.2,4.93,0.19,7.0,0.21,55.0,0.22,25.0,0.01,0.01,2326.663938,1776244020000
1776244022.053,122.053,0.8,80.0,0.79,55.0,0.81,6.18,0.82,24.4,0.19,6.18,0.18,24.4,0.2,80.0,0.21,55.0,0.01,0.01,2326.6043,1776244021000
1776244022.711,122.711,0.75,12.0,0.74,18.0,0.76,69.0,0.77,80.0,0.19,6.18,0.18,24.4,0.2,80.0,0.21,55.0,0.01,0.01,2326.6043,1776244021000
1776244023.16,123.16,0.72,9.82,0.71,5.0,0.74,251.5,0.75,28.5,0.24,89.0,0.23,80.0,0.25,4.0,0.26,18.0,0.02,0.01,2326.6043,1776244021000
1776244023.51,123.51,0.69,30.5,0.68,36.0,0.7,157.57,0.71,10.0,0.26,251.5,0.25,28.5,0.28,9.82,0.29,5.0,0.01,0.02,2326.816257,1776244022000
1776244024.165,124.165,0.69,30.5,0.68,36.0,0.7,147.57,0.71,10.0,0.3,147.57,0.29,10.0,0.31,30.5,0.32,36.0,0.01,0.01,2326.922836,1776244023000
1776244024.967,124.967,0.68,25.5,0.67,21.0,0.7,97.0,0.71,15.5,0.3,147.57,0.29,10.0,0.31,30.5,0.32,36.0,0.02,0.01,2326.922836,1776244023000
1776244025.67,125.67,0.68,21.5,0.67,21.0,0.7,97.0,0.71,15.5,0.3,97.0,0.29,15.5,0.32,21.5,0.33,21.0,0.02,0.02,2326.58331,1776244024000
1776244026.414,126.414,0.68,21.5,0.67,21.0,0.7,97.0,0.71,15.5,0.3,97.0,0.29,15.5,0.32,21.5,0.33,21.0,0.02,0.02,2326.569285,1776244025000
1776244027.069,127.069,0.69,17.27,0.68,21.5,0.7,97.0,0.71,195.5,0.3,97.0,0.29,195.5,0.31,17.27,0.32,21.5,0.01,0.01,2326.555469,1776244026000
1776244028.502,128.502,0.69,17.27,0.68,21.5,0.7,97.0,0.71,195.5,0.3,97.0,0.29,195.5,0.31,17.27,0.32,21.5,0.01,0.01,2326.639335,1776244027000
1776244029.203,129.203,0.69,17.27,0.68,21.5,0.7,97.0,0.71,195.5,0.3,97.0,0.29,195.5,0.31,17.27,0.32,21.5,0.01,0.01,2326.63794,1776244028000
1776244030.057,130.057,0.69,32.27,0.68,288.87,0.7,19.57,0.71,180.0,0.3,97.0,0.29,195.5,0.31,17.27,0.32,21.5,0.01,0.01,2326.63794,1776244028000
1776244030.417,130.417,0.69,32.27,0.68,288.87,0.7,19.57,0.71,180.0,0.3,19.57,0.29,180.0,0.31,32.27,0.32,288.87,0.01,0.01,2326.475496,1776244029000
1776244031.009,131.009,0.7,43.29,0.69,366.26,0.74,180.0,0.75,10.5,0.3,19.57,0.29,180.0,0.31,32.27,0.32,288.87,0.04,0.01,2326.475496,1776244029000
1776244032.012,132.012,0.71,28.55,0.7,68.79,0.72,18.5,0.73,23.5,0.26,180.0,0.25,10.5,0.3,43.29,0.31,366.26,0.01,0.04,2326.474075,1776244030000
1776244032.304,132.304,0.71,6.55,0.7,68.79,0.72,23.5,0.73,23.5,0.28,23.5,0.27,23.5,0.29,6.55,0.3,68.79,0.01,0.01,2326.488285,1776244031000
1776244033.491,133.491,0.71,6.55,0.7,68.79,0.72,23.5,0.73,23.5,0.28,23.5,0.27,23.5,0.29,6.55,0.3,68.79,0.01,0.01,2326.55407,1776244032000
1776244033.839,133.839,0.7,63.45,0.69,25.5,0.72,43.5,0.73,23.5,0.28,23.5,0.27,23.5,0.29,6.55,0.3,68.79,0.02,0.01,2326.55407,1776244032000
1776244034.255,134.255,0.7,63.45,0.69,25.5,0.72,43.5,0.73,23.5,0.28,43.5,0.27,23.5,0.3,63.45,0.31,25.5,0.02,0.02,2326.554065,1776244033000
1776244034.778,134.778,0.71,8.1,0.7,63.45,0.72,47.09,0.73,23.5,0.28,42.09,0.27,18.5,0.29,15.0,0.3,63.45,0.01,0.01,2326.554065,1776244033000
1776244035.141,135.141,0.7,37.95,0.69,20.5,0.71,21.97,0.72,57.09,0.28,47.09,0.27,23.5,0.29,8.1,0.3,63.45,0.01,0.01,2326.554065,1776244033000
1776244035.522,135.522,0.7,32.15,0.69,10.0,0.71,88.44,0.72,48.09,0.29,36.44,0.28,62.09,0.3,37.95,0.31,10.0,0.01,0.01,2326.554065,1776244033000
1776244036.265,136.265,0.7,32.15,0.69,10.0,0.71,88.44,0.72,48.09,0.29,88.44,0.28,48.09,0.3,32.15,0.31,10.0,0.01,0.01,2326.570431,1776244035000
1776244036.848,136.848,0.7,13.15,0.69,5.0,0.71,328.44,0.72,48.09,0.29,88.44,0.28,48.09,0.3,32.15,0.31,10.0,0.01,0.01,2326.570431,1776244035000
1776244037.452,137.452,0.68,8.87,0.67,25.0,0.69,85.5,0.7,38.5,0.31,28.5,0.3,38.5,0.32,17.0,0.33,104.62,0.01,0.01,2326.570431,1776244035000
1776244037.721,137.721,0.68,8.87,0.67,25.0,0.69,85.5,0.7,38.5,0.31,85.5,0.3,38.5,0.32,8.87,0.33,25.0,0.01,0.01,2326.49736,1776244036000
1776244038.399,138.399,0.68,8.87,0.67,25.0,0.69,85.5,0.7,38.5,0.31,85.5,0.3,38.5,0.32,8.87,0.33,25.0,0.01,0.01,2326.510279,1776244037000
1776244038.831,138.831,0.68,5.57,0.67,25.0,0.69,85.5,0.7,33.5,0.31,80.5,0.3,33.5,0.32,7.49,0.33,25.0,0.01,0.01,2326.510279,1776244037000
1776244039.159,139.159,0.68,5.41,0.67,25.0,0.69,100.5,0.7,38.5,0.31,85.5,0.3,33.5,0.32,5.57,0.33,25.0,0.01,0.01,2326.510279,1776244037000
1776244040.642,140.642,0.68,5.41,0.67,25.0,0.69,100.5,0.7,38.5,0.31,100.5,0.3,38.5,0.32,5.41,0.33,25.0,0.01,0.01,2326.324026,1776244039000
1776244041.182,141.182,0.66,5.0,0.65,15.0,0.68,84.0,0.69,98.3,0.31,100.5,0.3,38.5,0.32,5.41,0.33,25.0,0.02,0.01,2326.324026,1776244039000
1776244041.621,141.621,0.66,5.0,0.65,15.0,0.68,84.0,0.69,98.3,0.32,84.0,0.31,98.3,0.34,5.0,0.35,15.0,0.02,0.02,2326.362919,1776244040000
1776244042.452,142.452,0.66,5.0,0.65,15.0,0.68,84.0,0.69,98.3,0.32,84.0,0.31,98.3,0.34,5.0,0.35,15.0,0.02,0.02,2326.238685,1776244041000
1776244043.066,143.066,0.66,5.0,0.65,15.0,0.68,84.0,0.69,98.3,0.32,84.0,0.31,98.3,0.34,5.0,0.35,15.0,0.02,0.02,2326.237039,1776244042000
1776244044.766,144.766,0.66,5.0,0.65,15.0,0.68,84.0,0.69,98.3,0.32,84.0,0.31,98.3,0.34,5.0,0.35,15.0,0.02,0.02,2326.14714,1776244043000
1776244045.454,145.454,0.66,5.0,0.65,15.0,0.68,84.0,0.69,98.3,0.32,84.0,0.31,98.3,0.34,5.0,0.35,15.0,0.02,0.02,2326.377119,1776244044000
1776244045.67,145.67,0.63,3.13,0.62,5.0,0.65,99.5,0.66,97.5,0.32,84.0,0.31,98.3,0.34,5.0,0.35,15.0,0.02,0.02,2326.377119,1776244044000
1776244045.893,145.893,0.61,3.13,0.6,15.0,0.64,10.0,0.65,99.5,0.36,10.0,0.35,99.5,0.39,3.13,0.4,15.0,0.03,0.03,2326.150125,1776244045000
1776244047.012,147.012,0.57,5.27,0.56,15.5,0.58,270.32,0.59,30.5,0.36,10.0,0.35,99.5,0.39,3.13,0.4,15.0,0.01,0.03,2326.150125,1776244045000
1776244047.476,147.476,0.54,5.0,0.53,25.5,0.55,61.18,0.56,84.5,0.42,275.32,0.41,30.5,0.43,3.79,0.44,15.5,0.01,0.01,2326.150125,1776244045000
1776244047.87,147.87,0.54,20.5,0.53,25.5,0.55,1.18,0.56,17.0,0.45,84.18,0.44,59.0,0.46,15.5,0.47,25.5,0.01,0.01,2326.14312,1776244046000
1776244048.135,148.135,0.54,20.5,0.53,25.5,0.56,17.0,0.57,187.0,0.45,1.18,0.44,17.0,0.46,20.5,0.47,25.5,0.02,0.01,2326.14312,1776244046000
1776244048.733,148.733,0.55,130.49,0.54,33.5,0.6,5.0,0.61,65.5,0.44,17.0,0.43,187.0,0.46,20.5,0.47,25.5,0.05,0.02,2326.14312,1776244047000
1776244049.287,149.287,0.59,25.0,0.58,25.5,0.61,250.5,0.62,31.0,0.4,2.91,0.39,65.5,0.41,50.5,0.42,15.0,0.02,0.01,2326.14312,1776244047000
1776244050.083,150.083,0.59,25.0,0.58,25.5,0.61,250.5,0.62,31.0,0.39,250.5,0.38,31.0,0.41,25.0,0.42,25.5,0.02,0.02,2325.757485,1776244049000
1776244050.572,150.572,0.59,17.2,0.58,15.0,0.6,210.5,0.61,80.5,0.39,250.5,0.38,31.0,0.41,25.0,0.42,25.5,0.01,0.02,2325.757485,1776244049000
1776244051.084,151.084,0.52,16.41,0.51,20.0,0.53,27.0,0.54,32.5,0.4,210.5,0.39,80.5,0.41,17.2,0.42,15.0,0.01,0.01,2325.757485,1776244049000
1776244051.428,151.428,0.52,16.41,0.51,20.0,0.53,21.33,0.54,32.5,0.47,21.33,0.46,32.5,0.48,16.41,0.49,20.0,0.01,0.01,2325.882777,1776244050000
1776244051.919,151.919,0.51,25.5,0.5,15.0,0.52,23.88,0.53,233.83,0.47,21.33,0.46,32.5,0.48,16.41,0.49,20.0,0.01,0.01,2325.882777,1776244050000
1776244052.54,152.54,0.51,45.5,0.5,25.0,0.53,0.13,0.54,17.5,0.48,23.88,0.47,233.83,0.49,25.5,0.5,15.0,0.02,0.01,2325.802305,1776244051000
1776244052.777,152.777,0.52,35.5,0.51,40.5,0.55,70.91,0.56,15.0,0.47,0.13,0.46,17.5,0.49,45.5,0.5,25.0,0.03,0.02,2325.802305,1776244051000
1776244053.264,153.264,0.52,35.5,0.51,40.5,0.55,70.91,0.56,15.0,0.45,70.91,0.44,15.0,0.48,35.5,0.49,40.5,0.03,0.03,2325.818231,1776244052000
1776244053.669,153.669,0.6,32.95,0.59,15.0,0.61,20.0,0.62,20.3,0.45,70.91,0.44,15.0,0.48,35.5,0.49,40.5,0.01,0.03,2325.818231,1776244052000
1776244054.495,154.495,0.6,32.95,0.59,15.0,0.61,20.0,0.62,20.3,0.39,20.0,0.38,20.3,0.4,32.95,0.41,15.0,0.01,0.01,2325.752635,1776244053000
1776244054.883,154.883,0.6,42.95,0.59,15.0,0.61,23.86,0.62,20.3,0.39,20.0,0.38,20.3,0.4,32.95,0.41,15.0,0.01,0.01,2325.752635,1776244053000
1776244055.126,155.126,0.6,42.95,0.59,15.0,0.61,23.86,0.62,20.3,0.39,23.86,0.38,20.3,0.4,42.95,0.41,15.0,0.01,0.01,2325.752635,1776244054000
1776244055.899,155.899,0.62,144.99,0.61,48.87,0.65,74.86,0.66,206.0,0.37,8.67,0.35,16.0,0.4,196.44,0.41,33.0,0.03,0.03,2325.752635,1776244054000
1776244056.241,156.241,0.62,144.99,0.61,48.87,0.65,74.86,0.66,206.0,0.35,74.86,0.34,206.0,0.38,144.99,0.39,48.87,0.03,0.03,2325.966038,1776244055000
1776244056.786,156.786,0.64,14.44,0.63,15.0,0.65,74.36,0.66,227.0,0.35,74.86,0.34,206.0,0.38,144.99,0.39,48.87,0.01,0.03,2325.966038,1776244055000
1776244057.526,157.526,0.64,8.88,0.63,15.0,0.65,74.36,0.66,227.0,0.35,74.36,0.34,227.0,0.36,14.44,0.37,15.0,0.01,0.01,2325.966038,1776244055000
1776244058.945,158.945,0.64,8.88,0.63,15.0,0.65,74.36,0.66,227.0,0.35,74.36,0.34,227.0,0.36,8.88,0.37,15.0,0.01,0.01,2325.958185,1776244057000
1776244059.212,159.212,0.62,39.77,0.61,20.0,0.63,35.5,0.64,46.1,0.35,74.36,0.34,227.0,0.36,8.88,0.37,15.0,0.01,0.01,2325.958185,1776244057000
1776244059.817,159.817,0.62,39.77,0.61,20.0,0.63,35.5,0.64,46.1,0.37,35.5,0.36,46.1,0.38,39.77,0.39,20.0,0.01,0.01,2325.971675,1776244058000
1776244060.098,160.098,0.62,60.27,0.61,30.5,0.65,201.0,0.66,65.5,0.37,35.5,0.36,46.1,0.38,39.77,0.39,20.0,0.03,0.01,2325.971675,1776244058000
1776244060.592,160.592,0.64,10.0,0.63,25.5,0.65,193.43,0.66,65.5,0.35,193.43,0.34,65.5,0.36,10.0,0.37,25.5,0.01,0.01,2325.951995,1776244059000
1776244061.105,161.105,0.64,7.22,0.63,15.0,0.65,186.91,0.66,96.5,0.35,187.43,0.34,86.5,0.36,7.22,0.37,30.5,0.01,0.01,2325.951995,1776244059000
1776244061.43,161.43,0.64,7.22,0.63,15.0,0.65,186.91,0.66,96.5,0.35,186.91,0.34,96.5,0.36,7.22,0.37,15.0,0.01,0.01,2325.956816,1776244060000
1776244062.014,162.014,0.52,0.65,0.51,15.0,0.54,10.0,0.55,10.0,0.36,83.93,0.35,186.91,0.37,15.0,0.38,20.0,0.02,0.01,2325.956816,1776244060000
1776244063.005,163.005,0.51,5.39,0.5,15.0,0.52,75.0,0.53,240.5,0.46,10.0,0.45,10.0,0.48,0.65,0.49,15.0,0.01,0.02,2325.956816,1776244061000
1776244063.615,163.615,0.51,5.39,0.5,15.0,0.52,77.0,0.53,240.5,0.48,75.0,0.47,240.5,0.49,5.39,0.5,15.0,0.01,0.01,2325.956816,1776244061000
1776244064.277,164.277,0.51,5.39,0.5,15.0,0.52,77.0,0.53,240.5,0.48,77.0,0.47,240.5,0.49,5.39,0.5,15.0,0.01,0.01,2325.833492,1776244063000
1776244065.642,165.642,0.51,5.39,0.5,15.0,0.52,77.0,0.53,240.5,0.48,77.0,0.47,240.5,0.49,5.39,0.5,15.0,0.01,0.01,2325.78106,1776244064000
1776244066.085,166.085,0.5,10.0,0.49,25.87,0.51,36.0,0.52,37.5,0.48,77.0,0.47,240.5,0.49,5.39,0.5,15.0,0.01,0.01,2325.78106,1776244064000
1776244066.378,166.378,0.5,10.0,0.49,25.87,0.51,36.0,0.52,37.5,0.49,36.0,0.48,37.5,0.5,10.0,0.51,25.87,0.01,0.01,2325.713063,1776244065000
1776244067.655,167.655,0.5,104.37,0.49,25.87,0.51,24.01,0.52,37.5,0.49,24.01,0.48,37.5,0.5,104.37,0.51,25.87,0.01,0.01,2325.645078,1776244066000
1776244068.108,168.108,0.5,103.87,0.49,35.87,0.51,24.01,0.52,37.5,0.49,24.01,0.48,37.5,0.5,104.37,0.51,25.87,0.01,0.01,2325.645078,1776244066000
1776244068.449,168.449,0.5,103.87,0.49,35.87,0.51,24.01,0.52,37.5,0.49,24.01,0.48,37.5,0.5,103.87,0.51,35.87,0.01,0.01,2325.549564,1776244067000
1776244069.082,169.082,0.5,103.87,0.49,35.87,0.51,24.01,0.52,37.5,0.49,24.01,0.48,37.5,0.5,103.87,0.51,35.87,0.01,0.01,2325.549365,1776244068000
1776244069.876,169.876,0.41,6.24,0.4,35.0,0.42,21.0,0.43,15.0,0.49,24.01,0.48,37.5,0.5,103.87,0.51,35.87,0.01,0.01,2325.549365,1776244068000
1776244070.443,170.443,0.41,16.24,0.4,15.0,0.42,31.8,0.43,15.0,0.58,49.23,0.57,20.0,0.59,1.24,0.6,35.0,0.01,0.01,2325.549365,1776244068000
1776244070.654,170.654,0.41,16.24,0.4,15.0,0.42,31.8,0.43,15.0,0.58,31.8,0.57,15.0,0.59,16.24,0.6,15.0,0.01,0.01,2325.663782,1776244069000
1776244071.089,171.089,0.41,36.24,0.4,15.0,0.44,6.0,0.45,5.0,0.58,31.8,0.57,15.0,0.59,16.24,0.6,15.0,0.03,0.01,2325.663782,1776244069000
1776244071.396,171.396,0.41,36.24,0.4,15.0,0.44,6.0,0.45,5.0,0.56,6.0,0.55,5.0,0.59,36.24,0.6,15.0,0.03,0.03,2325.523114,1776244070000
1776244071.822,171.822,0.43,30.5,0.42,60.5,0.44,4.75,0.45,5.0,0.56,6.0,0.55,5.0,0.59,36.24,0.6,15.0,0.01,0.03,2325.523114,1776244070000
1776244072.406,172.406,0.44,25.5,0.43,30.5,0.45,8.77,0.46,10.0,0.54,36.5,0.53,35.5,0.57,30.5,0.58,60.5,0.01,0.03,2325.523114,1776244070000
1776244072.856,172.856,0.43,30.5,0.42,25.5,0.45,8.77,0.46,10.0,0.55,8.77,0.54,10.0,0.57,30.5,0.58,25.5,0.02,0.02,2325.462314,1776244071000
1776244073.446,173.446,0.43,30.5,0.42,25.5,0.45,8.77,0.46,10.0,0.55,8.77,0.54,10.0,0.57,30.5,0.58,25.5,0.02,0.02,2325.53916,1776244072000
1776244074.229,174.229,0.45,8.68,0.44,250.5,0.48,98.0,0.49,5.0,0.52,98.0,0.51,5.0,0.55,8.68,0.56,250.5,0.03,0.03,2325.502585,1776244073000
1776244074.883,174.883,0.43,3.15,0.41,30.0,0.45,135.5,0.46,35.5,0.52,152.0,0.51,25.5,0.54,15.0,0.55,5.0,0.02,0.02,2325.502585,1776244073000
1776244075.679,175.679,0.38,95.12,0.37,19.0,0.4,25.0,0.41,56.5,0.55,135.5,0.54,35.5,0.57,3.15,0.59,30.0,0.02,0.02,2325.45152,1776244074000
1776244076.292,176.292,0.37,100.12,0.36,234.0,0.39,25.0,0.4,20.0,0.6,25.0,0.59,56.5,0.62,95.12,0.63,19.0,0.02,0.02,2325.45152,1776244074000
1776244077.466,177.466,0.37,100.12,0.36,234.0,0.39,25.0,0.4,20.0,0.61,25.0,0.6,20.0,0.63,100.12,0.64,234.0,0.02,0.02,2325.20262,1776244076000
1776244077.805,177.805,0.37,4.44,0.36,50.5,0.38,20.0,0.39,25.5,0.61,25.0,0.6,20.0,0.63,100.12,0.64,234.0,0.01,0.02,2325.20262,1776244076000
1776244079.002,179.002,0.37,4.44,0.36,50.5,0.38,20.0,0.39,25.5,0.62,20.0,0.61,25.5,0.63,4.44,0.64,50.5,0.01,0.01,2325.211057,1776244078000
1776244080.121,180.121,0.37,4.44,0.36,50.5,0.38,20.0,0.39,25.5,0.62,20.0,0.61,25.5,0.63,4.44,0.64,50.5,0.01,0.01,2325.182183,1776244079000
1776244080.362,180.362,0.36,38.43,0.35,15.5,0.37,45.86,0.38,46.0,0.63,51.0,0.62,46.0,0.64,38.43,0.65,15.5,0.01,0.01,2325.182183,1776244079000
1776244081.217,181.217,0.36,38.43,0.35,15.5,0.37,45.86,0.38,46.0,0.63,45.86,0.62,46.0,0.64,38.43,0.65,15.5,0.01,0.01,2325.246734,1776244080000
1776244082.212,182.212,0.36,38.43,0.35,15.5,0.37,45.86,0.38,46.0,0.63,45.86,0.62,46.0,0.64,38.43,0.65,15.5,0.01,0.01,2325.203689,1776244081000
1776244082.807,182.807,0.31,4.81,0.3,50.5,0.33,45.5,0.34,76.5,0.63,45.86,0.62,46.0,0.64,38.43,0.65,15.5,0.02,0.01,2325.203689,1776244081000
1776244083.208,183.208,0.3,15.5,0.29,279.99,0.31,20.29,0.32,20.0,0.69,15.0,0.68,25.0,0.7,27.69,0.71,290.62,0.01,0.01,2325.203689,1776244081000
1776244084.01,184.01,0.3,27.04,0.29,279.99,0.31,10.15,0.32,25.0,0.69,20.29,0.68,20.0,0.7,15.5,0.71,279.99,0.01,0.01,2325.186784,1776244082000
1776244084.316,184.316,0.3,27.04,0.29,279.99,0.31,10.15,0.32,25.0,0.69,10.15,0.68,25.0,0.7,27.04,0.71,279.99,0.01,0.01,2325.194501,1776244083000
1776244084.616,184.616,0.3,207.04,0.29,120.61,0.31,23.48,0.32,15.0,0.69,10.15,0.68,25.0,0.7,27.04,0.71,279.99,0.01,0.01,2325.194501,1776244083000
1776244084.819,184.819,0.3,291.04,0.29,40.99,0.31,25.85,0.32,15.0,0.69,25.85,0.68,15.0,0.7,291.04,0.71,40.99,0.01,0.01,2324.94068,1776244084000
1776244085.659,185.659,0.3,207.04,0.29,109.99,0.31,20.81,0.32,15.0,0.69,25.85,0.68,15.0,0.7,291.04,0.71,40.99,0.01,0.01,2324.94068,1776244084000
1776244085.94,185.94,0.3,207.04,0.29,109.99,0.31,20.81,0.32,15.0,0.69,20.81,0.68,15.0,0.7,207.04,0.71,109.99,0.01,0.01,2324.972472,1776244085000
1776244086.893,186.893,0.3,207.04,0.29,109.99,0.31,20.81,0.32,15.0,0.69,20.81,0.68,15.0,0.7,207.04,0.71,109.99,0.01,0.01,2324.856965,1776244086000
1776244087.611,187.611,0.3,215.11,0.29,20.5,0.31,20.81,0.32,20.0,0.69,20.81,0.68,15.0,0.7,207.04,0.71,109.99,0.01,0.01,2324.856965,1776244086000
1776244087.929,187.929,0.3,215.11,0.29,20.5,0.31,20.81,0.32,20.0,0.69,20.81,0.68,20.0,0.7,215.11,0.71,20.5,0.01,0.01,2324.862535,1776244087000
1776244088.967,188.967,0.3,215.11,0.29,20.5,0.31,20.81,0.32,20.0,0.69,20.81,0.68,20.0,0.7,215.11,0.71,20.5,0.01,0.01,2324.97233,1776244088000
1776244089.35,189.35,0.3,10.05,0.27,10.5,0.31,183.31,0.32,30.5,0.69,20.81,0.68,20.0,0.7,215.11,0.71,20.5,0.01,0.01,2324.97233,1776244088000
1776244089.952,189.952,0.23,17.17,0.22,111.62,0.29,20.0,0.3,20.0,0.71,20.0,0.7,20.0,0.77,17.17,0.78,111.62,0.06,0.06,2325.050629,1776244089000
1776244090.183,190.183,0.24,220.5,0.23,104.49,0.26,10.0,0.27,33.0,0.71,20.0,0.7,20.0,0.77,17.17,0.78,111.62,0.02,0.06,2325.050629,1776244089000
1776244090.444,190.444,0.25,15.5,0.24,220.5,0.26,81.0,0.27,33.0,0.74,10.0,0.73,33.0,0.76,220.5,0.77,104.49,0.01,0.02,2325.050629,1776244089000
1776244091.029,191.029,0.25,15.5,0.24,220.5,0.26,81.0,0.27,33.0,0.74,81.0,0.73,33.0,0.75,15.5,0.76,220.5,0.01,0.01,2324.987662,1776244090000
1776244091.925,191.925,0.25,212.16,0.24,133.49,0.27,23.0,0.28,22.0,0.74,91.0,0.73,23.0,0.75,12.16,0.76,220.5,0.02,0.01,2324.987662,1776244090000
1776244092.327,192.327,0.25,212.16,0.24,133.49,0.27,23.0,0.28,22.0,0.73,23.0,0.72,22.0,0.75,212.16,0.76,133.49,0.02,0.02,2324.763328,1776244091000
1776244092.844,192.844,0.26,47.89,0.25,207.16,0.27,30.0,0.28,27.0,0.73,30.0,0.72,27.0,0.74,50.6,0.75,207.16,0.01,0.01,2324.763328,1776244091000
1776244093.363,193.363,0.26,37.89,0.25,207.16,0.27,22.66,0.28,27.0,0.73,30.0,0.72,27.0,0.74,47.89,0.75,207.16,0.01,0.01,2324.763328,1776244091000
1776244093.951,193.951,0.26,29.37,0.25,207.16,0.27,27.66,0.28,27.0,0.73,22.66,0.72,27.0,0.74,37.89,0.75,207.16,0.01,0.01,2324.665825,1776244092000
1776244095.047,195.047,0.26,22.57,0.25,207.16,0.27,27.66,0.28,27.0,0.73,27.66,0.72,27.0,0.74,22.57,0.75,207.16,0.01,0.01,2324.69815,1776244094000
1776244095.265,195.265,0.25,183.0,0.24,20.0,0.27,47.66,0.28,27.0,0.73,27.66,0.72,27.0,0.74,22.57,0.75,207.16,0.02,0.01,2324.69815,1776244094000
1776244095.987,195.987,0.25,188.76,0.24,30.5,0.26,65.0,0.27,7.66,0.73,47.66,0.72,27.0,0.75,183.0,0.76,20.0,0.01,0.02,2324.69815,1776244094000
1776244096.223,196.223,0.25,188.76,0.24,30.5,0.26,65.0,0.27,7.66,0.74,65.0,0.73,7.66,0.75,188.76,0.76,30.5,0.01,0.01,2324.832816,1776244095000
1776244096.653,196.653,0.19,1.62,0.18,303.12,0.22,130.0,0.23,224.5,0.76,9.0,0.75,353.5,0.77,5.0,0.8,79.62,0.03,0.01,2324.832816,1776244095000
1776244096.959,196.959,0.19,195.31,0.18,123.12,0.2,105.48,0.21,20.0,0.8,120.48,0.79,20.0,0.81,185.0,0.82,123.12,0.01,0.01,2324.832816,1776244095000
1776244097.408,197.408,0.19,184.07,0.18,112.62,0.2,73.48,0.21,25.0,0.8,73.48,0.79,25.0,0.81,184.07,0.82,112.62,0.01,0.01,2324.845263,1776244096000
1776244097.608,197.608,0.19,181.67,0.18,112.62,0.2,73.68,0.21,25.0,0.8,73.68,0.79,25.0,0.81,184.07,0.82,112.62,0.01,0.01,2324.845263,1776244096000
1776244098.003,198.003,0.19,181.67,0.18,112.62,0.2,73.68,0.21,25.0,0.8,73.68,0.79,25.0,0.81,181.67,0.82,112.62,0.01,0.01,2324.720349,1776244097000
1776244098.226,198.226,0.17,85.56,0.16,32.0,0.18,56.71,0.19,15.0,0.8,73.68,0.79,25.0,0.81,181.67,0.82,112.62,0.01,0.01,2324.720349,1776244097000
1776244098.783,198.783,0.16,185.5,0.15,74.0,0.17,30.0,0.18,27.0,0.82,89.71,0.81,25.0,0.84,179.43,0.85,5.0,0.01,0.02,2324.720349,1776244097000
1776244098.992,198.992,0.16,264.82,0.14,49.9,0.19,18.19,0.2,27.0,0.82,1.05,0.81,20.0,0.84,264.82,0.86,72.9,0.03,0.02,2324.720349,1776244097000
1776244099.498,199.498,0.16,195.5,0.15,10.0,0.19,23.19,0.2,52.0,0.81,18.19,0.8,27.0,0.84,264.82,0.86,49.9,0.03,0.03,2324.56478,1776244098000
1776244099.927,199.927,0.18,14.56,0.16,279.5,0.19,3.19,0.2,37.0,0.81,23.19,0.8,52.0,0.84,195.5,0.85,10.0,0.01,0.03,2324.56478,1776244098000
1776244100.342,200.342,0.18,24.56,0.17,10.5,0.19,14.47,0.2,25.0,0.81,3.19,0.8,37.0,0.82,14.56,0.84,279.5,0.01,0.01,2324.56478,1776244098000
1776244100.642,200.642,0.22,12.19,0.21,50.0,0.25,10.0,0.28,42.0,0.75,29.2,0.72,12.0,0.82,24.56,0.83,20.5,0.03,0.07,2324.416628,1776244099000
1776244100.943,200.943,0.22,7.14,0.21,15.0,0.25,22.08,0.26,50.0,0.75,22.08,0.74,50.0,0.78,7.14,0.79,15.0,0.03,0.03,2324.48887,1776244100000
1776244101.252,201.252,0.21,41.91,0.2,50.0,0.25,7.08,0.26,10.0,0.79,8.09,0.78,5.0,0.8,20.0,0.81,35.0,0.04,0.01,2324.48887,1776244100000
1776244101.612,201.612,0.24,25.0,0.23,10.0,0.27,10.0,0.28,10.0,0.75,7.08,0.74,10.0,0.79,41.91,0.8,50.0,0.03,0.04,2324.48887,1776244100000
1776244101.906,201.906,0.25,3.39,0.24,190.0,0.27,10.0,0.28,10.0,0.73,21.29,0.72,10.0,0.75,4.73,0.76,19.4,0.02,0.02,2324.48887,1776244100000
1776244102.117,202.117,0.25,3.39,0.24,190.0,0.27,10.0,0.28,10.0,0.73,10.0,0.72,10.0,0.75,3.39,0.76,190.0,0.02,0.02,2324.594797,1776244101000
1776244102.4,202.4,0.26,20.0,0.25,3.39,0.28,25.5,0.29,10.0,0.73,10.0,0.72,10.0,0.75,3.39,0.76,190.0,0.02,0.02,2324.594797,1776244101000
1776244103.293,203.293,0.26,20.0,0.25,3.39,0.28,25.5,0.29,10.0,0.72,25.5,0.71,10.0,0.74,20.0,0.75,3.39,0.02,0.02,2324.55024,1776244102000
1776244103.568,203.568,0.26,7.0,0.24,10.0,0.27,40.5,0.28,15.5,0.72,25.5,0.71,10.0,0.74,20.0,0.75,3.39,0.01,0.02,2324.55024,1776244102000
1776244103.893,203.893,0.23,190.0,0.22,30.37,0.24,23.66,0.25,122.29,0.73,45.5,0.72,25.5,0.76,1.0,0.77,195.0,0.01,0.03,2324.55024,1776244102000
1776244104.23,204.23,0.23,180.55,0.22,30.37,0.24,23.66,0.25,111.79,0.76,23.66,0.75,122.29,0.77,190.0,0.78,30.37,0.01,0.01,2324.55024,1776244102000
1776244104.444,204.444,0.23,180.55,0.22,30.37,0.24,23.66,0.25,111.79,0.76,23.66,0.75,111.79,0.77,180.55,0.78,30.37,0.01,0.01,2324.597675,1776244103000
1776244104.934,204.934,0.23,182.97,0.22,15.0,0.24,23.66,0.25,111.79,0.76,23.66,0.75,111.79,0.77,180.55,0.78,30.37,0.01,0.01,2324.597675,1776244103000
1776244105.158,205.158,0.23,177.97,0.22,10.0,0.24,18.66,0.25,122.29,0.76,23.66,0.75,111.79,0.77,182.97,0.78,15.0,0.01,0.01,2324.715405,1776244104000
1776244106.091,206.091,0.2,185.0,0.18,10.5,0.21,5.0,0.22,30.0,0.76,23.66,0.75,122.29,0.77,174.72,0.78,10.0,0.01,0.01,2324.715405,1776244104000
1776244106.344,206.344,0.2,187.38,0.19,10.0,0.22,28.86,0.23,54.98,0.79,5.0,0.78,30.0,0.8,182.38,0.81,10.0,0.02,0.01,2324.613945,1776244105000
1776244106.681,206.681,0.21,15.0,0.2,192.38,0.22,25.86,0.23,59.98,0.78,28.86,0.77,54.98,0.8,187.38,0.81,10.0,0.01,0.02,2324.613945,1776244105000
1776244107.069,207.069,0.21,15.0,0.2,192.38,0.22,25.86,0.23,59.98,0.78,25.86,0.77,59.98,0.79,15.0,0.8,192.38,0.01,0.01,2324.61024,1776244106000
1776244107.483,207.483,0.21,187.56,0.2,22.38,0.22,25.0,0.23,49.98,0.78,25.86,0.77,59.98,0.79,15.0,0.8,192.38,0.01,0.01,2324.61024,1776244106000
1776244108.008,208.008,0.21,206.29,0.2,17.43,0.22,30.0,0.23,49.98,0.77,54.98,0.76,10.0,0.79,187.56,0.8,12.38,0.01,0.02,2324.61024,1776244106000
1776244108.304,208.304,0.21,201.29,0.2,25.16,0.22,20.13,0.23,49.98,0.78,30.0,0.77,49.98,0.79,206.29,0.8,17.43,0.01,0.01,2324.587645,1776244107000
1776244108.752,208.752,0.21,202.79,0.2,17.43,0.22,20.13,0.23,64.98,0.78,20.13,0.77,49.98,0.79,201.29,0.8,25.16,0.01,0.01,2324.587645,1776244107000
1776244109.198,209.198,0.21,202.79,0.2,17.43,0.22,20.13,0.23,64.98,0.78,20.13,0.77,64.98,0.79,202.79,0.8,17.43,0.01,0.01,2324.572645,1776244108000
1776244110.206,210.206,0.21,195.79,0.2,22.43,0.22,105.96,0.23,15.0,0.78,105.96,0.77,15.0,0.79,195.79,0.8,22.43,0.01,0.01,2324.56411,1776244109000
1776244111.209,211.209,0.21,195.79,0.2,22.43,0.22,105.96,0.23,15.0,0.78,105.96,0.77,15.0,0.79,195.79,0.8,22.43,0.01,0.01,2324.655707,1776244110000
1776244111.655,211.655,0.22,13.0,0.21,192.56,0.23,85.82,0.24,20.5,0.77,70.82,0.75,20.5,0.78,40.0,0.79,192.56,0.01,0.01,2324.655707,1776244110000
1776244112.345,212.345,0.22,7.35,0.21,192.56,0.23,20.0,0.24,20.5,0.77,20.0,0.76,20.5,0.78,7.35,0.79,192.56,0.01,0.01,2324.59126,1776244111000
1776244112.59,212.59,0.22,1.29,0.21,182.56,0.23,77.13,0.24,20.5,0.77,20.0,0.76,20.5,0.78,7.35,0.79,192.56,0.01,0.01,2324.59126,1776244111000
1776244112.812,212.812,0.22,1.29,0.21,182.56,0.23,77.13,0.24,20.5,0.77,77.13,0.76,20.5,0.78,1.29,0.79,182.56,0.01,0.01,2324.72175,1776244112000
1776244113.352,213.352,0.21,83.82,0.2,17.43,0.22,56.86,0.23,35.5,0.77,77.13,0.76,20.5,0.78,1.29,0.79,182.56,0.01,0.01,2324.72175,1776244112000
1776244113.618,213.618,0.18,27.49,0.17,153.6,0.21,25.5,0.22,62.36,0.78,56.86,0.77,35.5,0.79,83.82,0.8,17.43,0.03,0.01,2324.72175,1776244112000
1776244114.346,214.346,0.18,27.49,0.17,153.6,0.21,25.5,0.22,62.36,0.79,25.5,0.78,62.36,0.82,27.49,0.83,153.6,0.03,0.03,2324.62459,1776244113000
1776244114.835,214.835,0.2,10.0,0.19,10.0,0.21,89.16,0.22,15.0,0.79,25.5,0.78,62.36,0.82,27.49,0.83,153.6,0.01,0.03,2324.62459,1776244113000
1776244115.871,215.871,0.19,3.05,0.18,201.6,0.21,64.06,0.22,15.0,0.79,64.06,0.78,15.0,0.81,3.05,0.82,201.6,0.02,0.02,2324.62342,1776244114000
1776244116.209,216.209,0.21,3.54,0.2,190.0,0.23,15.0,0.24,20.5,0.76,20.5,0.75,20.5,0.79,5.0,0.8,190.0,0.02,0.03,2324.62342,1776244114000
1776244116.416,216.416,0.21,3.54,0.2,190.0,0.23,15.0,0.24,20.5,0.77,15.0,0.76,20.5,0.79,3.54,0.8,190.0,0.02,0.02,2324.58244,1776244115000
1776244117.052,217.052,0.21,7.38,0.2,200.05,0.22,15.0,0.23,15.0,0.78,15.0,0.77,15.0,0.79,7.38,0.8,200.05,0.01,0.01,2324.742135,1776244116000
1776244117.522,217.522,0.19,146.22,0.18,15.49,0.2,22.81,0.21,21.31,0.8,42.81,0.79,10.0,0.81,180.89,0.82,10.49,0.01,0.01,2324.742135,1776244116000
1776244117.725,217.725,0.19,144.86,0.18,15.49,0.2,22.81,0.21,21.31,0.8,22.81,0.79,21.31,0.81,146.22,0.82,15.49,0.01,0.01,2324.742135,1776244116000
1776244118.057,218.057,0.19,129.23,0.18,10.49,0.2,47.81,0.21,16.31,0.8,22.81,0.79,21.31,0.81,143.61,0.82,15.49,0.01,0.01,2324.742135,1776244116000
1776244118.743,218.743,0.19,99.58,0.18,10.49,0.2,93.31,0.21,31.81,0.8,42.81,0.79,16.31,0.81,111.46,0.82,10.49,0.01,0.01,2324.61915,1776244117000
1776244119.316,219.316,0.19,97.04,0.18,10.49,0.2,93.31,0.21,31.81,0.8,93.31,0.79,31.81,0.81,97.04,0.82,10.49,0.01,0.01,2324.60006,1776244118000
1776244120.406,220.406,0.19,94.59,0.18,5.0,0.2,68.31,0.21,31.81,0.8,68.31,0.79,31.81,0.81,94.59,0.82,5.0,0.01,0.01,2324.694068,1776244119000
1776244120.961,220.961,0.19,94.59,0.18,5.0,0.2,68.31,0.21,31.81,0.8,68.31,0.79,31.81,0.81,94.59,0.82,5.0,0.01,0.01,2324.663461,1776244120000
1776244121.424,221.424,0.18,5.0,0.17,57.82,0.19,37.81,0.2,40.0,0.8,68.31,0.79,31.81,0.81,94.59,0.82,5.0,0.01,0.01,2324.663461,1776244120000
1776244121.992,221.992,0.18,2.45,0.17,62.82,0.19,42.81,0.2,35.0,0.81,42.81,0.8,35.0,0.82,2.45,0.83,62.82,0.01,0.01,2324.700505,1776244121000
1776244122.277,222.277,0.18,4.25,0.17,63.76,0.2,5.0,0.21,6.31,0.81,42.81,0.8,35.0,0.82,2.45,0.83,62.82,0.02,0.01,2324.700505,1776244121000
1776244122.567,222.567,0.17,50.72,0.16,327.29,0.2,4.0,0.21,21.31,0.8,4.0,0.79,21.31,0.81,26.0,0.82,9.25,0.03,0.01,2324.700505,1776244121000
1776244123.099,223.099,0.17,50.72,0.16,327.29,0.2,4.0,0.21,21.31,0.8,4.0,0.79,21.31,0.83,50.72,0.84,327.29,0.03,0.03,2324.576945,1776244122000
1776244124.046,224.046,0.19,20.0,0.18,205.61,0.2,5.1,0.21,63.8,0.79,16.31,0.78,15.0,0.82,215.61,0.83,20.5,0.01,0.03,2324.576945,1776244122000
1776244124.289,224.289,0.19,20.0,0.18,205.61,0.2,5.1,0.21,63.8,0.8,5.1,0.79,63.8,0.81,20.0,0.82,205.61,0.01,0.01,2324.656567,1776244123000
1776244125.373,225.373,0.19,20.0,0.18,205.61,0.2,5.1,0.21,63.8,0.8,5.1,0.79,63.8,0.81,20.0,0.82,205.61,0.01,0.01,2324.645062,1776244124000
1776244126.022,226.022,0.17,10.0,0.16,127.99,0.18,49.9,0.19,25.0,0.82,49.9,0.81,25.0,0.83,10.0,0.84,127.99,0.01,0.01,2324.631255,1776244125000
1776244126.434,226.434,0.17,198.94,0.16,112.05,0.18,76.85,0.19,20.0,0.82,81.85,0.81,25.0,0.83,10.94,0.84,292.05,0.01,0.01,2324.631255,1776244125000
1776244126.924,226.924,0.17,198.94,0.16,112.05,0.18,76.85,0.19,20.0,0.82,76.85,0.81,20.0,0.83,198.94,0.84,112.05,0.01,0.01,2324.692277,1776244126000
1776244128.02,228.02,0.17,198.94,0.16,112.05,0.18,76.85,0.19,20.0,0.82,76.85,0.81,20.0,0.83,198.94,0.84,112.05,0.01,0.01,2324.60874,1776244127000
1776244129.16,229.16,0.17,198.94,0.16,112.05,0.18,76.85,0.19,20.0,0.82,76.85,0.81,20.0,0.83,198.94,0.84,112.05,0.01,0.01,2324.59305,1776244128000
1776244130.31,230.31,0.17,198.94,0.16,112.05,0.18,76.85,0.19,20.0,0.82,76.85,0.81,20.0,0.83,198.94,0.84,112.05,0.01,0.01,2324.60604,1776244129000
1776244130.526,230.526,0.16,16.31,0.15,186.0,0.17,25.0,0.18,87.35,0.83,25.0,0.82,87.35,0.84,35.31,0.85,186.0,0.01,0.01,2324.60604,1776244129000
1776244131.205,231.205,0.16,10.29,0.15,186.0,0.17,35.0,0.18,87.35,0.83,25.0,0.82,87.35,0.84,16.31,0.85,186.0,0.01,0.01,2324.60604,1776244129000
1776244131.802,231.802,0.16,1.62,0.15,186.0,0.17,40.0,0.18,87.35,0.83,35.0,0.82,87.35,0.84,10.29,0.85,186.0,0.01,0.01,2324.606005,1776244130000
1776244132.446,232.446,0.16,1.62,0.15,186.0,0.17,34.11,0.18,97.35,0.83,40.0,0.82,87.35,0.84,1.62,0.85,186.0,0.01,0.01,2324.616501,1776244131000
1776244133.063,233.063,0.16,1.62,0.15,186.0,0.17,34.11,0.18,97.35,0.83,34.11,0.82,97.35,0.84,1.62,0.85,186.0,0.01,0.01,2324.569115,1776244132000
1776244133.519,233.519,0.15,183.84,0.13,68.8,0.17,105.92,0.18,75.4,0.83,34.11,0.82,97.35,0.84,1.62,0.85,186.0,0.02,0.01,2324.569115,1776244132000
1776244133.913,233.913,0.15,184.3,0.13,68.8,0.16,30.0,0.17,61.61,0.84,20.0,0.83,61.61,0.85,186.42,0.87,68.8,0.01,0.01,2324.569115,1776244132000
1776244134.649,234.649,0.15,183.12,0.13,68.8,0.16,35.0,0.17,61.61,0.84,35.0,0.83,61.61,0.85,183.12,0.87,68.8,0.01,0.01,2324.56922,1776244133000
1776244135.233,235.233,0.15,183.12,0.13,68.8,0.16,35.0,0.17,61.61,0.84,35.0,0.83,61.61,0.85,183.12,0.87,68.8,0.01,0.01,2324.554296,1776244134000
1776244135.917,235.917,0.15,188.12,0.13,31.8,0.16,69.28,0.17,44.61,0.84,69.28,0.83,44.61,0.85,188.12,0.87,31.8,0.01,0.01,2324.55342,1776244135000
1776244136.565,236.565,0.13,37.26,0.12,257.19,0.14,15.0,0.15,20.0,0.84,69.28,0.83,44.61,0.85,188.12,0.87,31.8,0.01,0.01,2324.55342,1776244135000
1776244136.897,236.897,0.13,37.26,0.12,257.19,0.14,15.0,0.15,20.0,0.86,15.0,0.85,20.0,0.87,37.26,0.88,257.19,0.01,0.01,2324.55472,1776244136000
1776244137.17,237.17,0.13,36.51,0.12,247.19,0.14,23.5,0.15,30.5,0.86,15.0,0.85,20.0,0.87,36.51,0.88,257.19,0.01,0.01,2324.55472,1776244136000
1776244137.858,237.858,0.13,31.51,0.12,247.19,0.14,23.5,0.15,30.5,0.86,23.5,0.85,30.5,0.87,31.51,0.88,247.19,0.01,0.01,2324.537865,1776244137000
1776244139.329,239.329,0.13,31.51,0.12,247.19,0.14,23.5,0.15,30.5,0.86,23.5,0.85,30.5,0.87,31.51,0.88,247.19,0.01,0.01,2324.66111,1776244138000
1776244139.599,239.599,0.08,128.89,0.07,163.3,0.13,96.5,0.14,214.0,0.86,23.5,0.85,30.5,0.87,31.51,0.88,247.19,0.05,0.01,2324.66111,1776244138000
1776244139.922,239.922,0.09,35.0,0.08,40.98,0.1,30.5,0.11,56.5,0.91,10.0,0.9,10.0,0.92,99.97,0.93,163.3,0.01,0.01,2324.66111,1776244138000
1776244140.437,240.437,0.09,35.0,0.08,40.98,0.1,30.5,0.11,56.5,0.9,30.5,0.89,56.5,0.91,35.0,0.92,40.98,0.01,0.01,2324.65985,1776244139000
1776244140.712,240.712,0.09,46.08,0.08,12.62,0.1,75.45,0.11,101.0,0.9,72.39,0.89,276.0,0.91,46.08,0.92,12.62,0.01,0.01,2324.65985,1776244139000
1776244140.999,240.999,0.07,8.95,0.06,46.0,0.08,9.05,0.09,20.0,0.92,9.05,0.91,20.0,0.93,8.95,0.94,46.0,0.01,0.01,2324.658408,1776244140000
1776244141.43,241.43,0.07,180.0,0.06,92.83,0.09,5.0,0.1,41.66,0.91,10.0,0.9,64.66,0.92,5.0,0.93,10.0,0.02,0.01,2324.658408,1776244140000
1776244141.641,241.641,0.09,5.89,0.07,195.0,0.1,38.77,0.11,20.0,0.9,38.77,0.89,20.0,0.91,11.0,0.93,180.0,0.01,0.01,2324.658408,1776244140000
1776244142.056,242.056,0.09,5.89,0.07,195.0,0.1,38.77,0.11,20.0,0.9,38.77,0.89,20.0,0.91,5.89,0.93,195.0,0.01,0.01,2324.457285,1776244141000
1776244142.4,242.4,0.09,9.8,0.08,10.0,0.1,30.66,0.11,15.0,0.9,41.66,0.89,15.0,0.91,4.8,0.92,10.0,0.01,0.01,2324.457285,1776244141000
1776244142.662,242.662,0.09,19.8,0.08,10.0,0.1,29.37,0.11,25.0,0.9,30.66,0.89,15.0,0.91,9.8,0.92,10.0,0.01,0.01,2324.457285,1776244141000
1776244143.238,243.238,0.09,16.5,0.08,58.9,0.1,17.52,0.11,15.0,0.9,21.52,0.89,25.0,0.91,16.5,0.92,58.9,0.01,0.01,2324.457285,1776244141000
1776244143.447,243.447,0.09,2.29,0.08,58.9,0.1,17.52,0.11,15.0,0.9,17.52,0.89,15.0,0.91,16.5,0.92,58.9,0.01,0.01,2324.25043,1776244142000
1776244143.687,243.687,0.09,12.8,0.08,10.0,0.1,16.2,0.11,15.0,0.9,16.2,0.89,15.0,0.92,58.9,0.93,260.3,0.01,0.02,2324.25043,1776244142000
1776244144.377,244.377,0.09,12.8,0.08,10.0,0.1,16.2,0.11,15.0,0.9,16.2,0.89,15.0,0.91,12.8,0.92,10.0,0.01,0.01,2324.266071,1776244143000
1776244144.866,244.866,0.09,12.8,0.08,10.0,0.1,16.2,0.11,15.0,0.9,16.2,0.89,15.0,0.91,12.8,0.92,10.0,0.01,0.01,2324.297669,1776244144000
1776244145.2,245.2,0.08,2.84,0.07,245.3,0.1,26.2,0.11,65.0,0.9,16.2,0.89,15.0,0.91,12.8,0.92,10.0,0.02,0.01,2324.297669,1776244144000
1776244145.808,245.808,0.08,2.84,0.07,245.3,0.1,26.2,0.11,65.0,0.9,26.2,0.89,65.0,0.92,2.84,0.93,245.3,0.02,0.02,2324.408885,1776244145000
1776244146.879,246.879,0.08,2.84,0.07,245.3,0.1,26.2,0.11,65.0,0.9,26.2,0.89,65.0,0.92,2.84,0.93,245.3,0.02,0.02,2324.322365,1776244146000
1776244147.296,247.296,0.04,486.8,0.03,1130.64,0.06,30.0,0.07,20.0,0.9,26.2,0.89,65.0,0.92,2.84,0.93,245.3,0.02,0.02,2324.322365,1776244146000
1776244148.405,248.405,0.04,481.69,0.03,1182.69,0.06,30.0,0.07,20.0,0.94,30.0,0.93,20.0,0.96,481.69,0.97,1182.69,0.02,0.02,2324.332237,1776244147000
1776244149.276,249.276,0.04,481.69,0.03,1182.69,0.06,30.0,0.07,20.0,0.94,30.0,0.93,20.0,0.96,481.69,0.97,1182.69,0.02,0.02,2324.365556,1776244148000
1776244150.644,250.644,0.04,347.76,0.03,1099.7,0.05,25.0,0.06,115.0,0.95,25.0,0.94,115.0,0.96,347.76,0.97,1099.7,0.01,0.01,2324.112836,1776244149000
1776244151.084,251.084,0.04,230.96,0.03,407.7,0.05,25.0,0.06,97.0,0.95,25.0,0.94,97.0,0.96,230.96,0.97,407.7,0.01,0.01,2324.112816,1776244150000
1776244152.491,252.491,0.04,230.96,0.03,407.7,0.05,25.0,0.06,97.0,0.95,25.0,0.94,97.0,0.96,230.96,0.97,407.7,0.01,0.01,2324.096596,1776244151000
1776244152.766,252.766,0.04,15.71,0.03,399.7,0.05,49.0,0.06,116.0,0.95,25.0,0.94,97.0,0.96,230.96,0.97,407.7,0.01,0.01,2324.096596,1776244151000
1776244153.137,253.137,0.04,15.71,0.03,399.7,0.05,49.0,0.06,116.0,0.95,49.0,0.94,116.0,0.96,15.71,0.97,399.7,0.01,0.01,2324.114964,1776244152000
1776244153.97,253.97,0.03,90.23,0.02,946.69,0.05,68.0,0.06,364.8,0.95,49.0,0.94,116.0,0.96,15.71,0.97,399.7,0.02,0.01,2324.114964,1776244152000
1776244154.44,254.44,0.03,123.89,0.02,858.7,0.04,11.35,0.05,248.0,0.95,68.0,0.94,364.8,0.97,90.23,0.98,946.69,0.01,0.02,2324.080025,1776244153000
1776244155.07,255.07,0.03,118.89,0.02,858.7,0.04,11.35,0.05,318.8,0.96,11.35,0.95,248.0,0.97,123.89,0.98,858.7,0.01,0.01,2324.080025,1776244153000
1776244155.357,255.357,0.03,67.23,0.02,678.7,0.04,11.35,0.05,318.8,0.96,11.35,0.95,318.8,0.97,118.89,0.98,858.7,0.01,0.01,2324.080025,1776244153000
1776244156.197,256.197,0.03,12.07,0.02,678.7,0.04,160.05,0.05,115.8,0.96,11.35,0.95,300.8,0.97,17.23,0.98,858.7,0.01,0.01,2324.157278,1776244154000
1776244156.564,256.564,0.03,4.97,0.02,292.0,0.04,360.05,0.05,145.8,0.96,322.05,0.95,165.8,0.97,11.03,0.98,292.0,0.01,0.01,2324.029818,1776244155000
1776244156.788,256.788,0.02,281.61,0.01,7487.6,0.04,365.05,0.05,145.8,0.96,360.05,0.95,145.8,0.97,4.97,0.98,292.0,0.02,0.01,2324.029818,1776244155000
1776244157.268,257.268,0.02,332.11,0.01,7487.6,0.03,20.0,0.04,370.05,0.96,365.05,0.95,145.8,0.98,281.61,0.99,7487.6,0.01,0.02,2324.029818,1776244155000
1776244158.366,258.366,0.02,309.07,0.01,7387.6,0.03,373.7,0.04,195.05,0.97,5.0,0.96,375.05,0.98,317.11,0.99,7487.6,0.01,0.01,2324.017168,1776244156000
1776244158.949,258.949,0.02,227.71,0.01,2024.0,0.03,350.7,0.04,170.7,0.97,378.7,0.96,195.05,0.98,307.02,0.99,7387.6,0.01,0.01,2324.017168,1776244156000
1776244159.184,259.184,0.02,227.6,0.01,1844.0,0.03,362.7,0.04,150.7,0.97,350.7,0.96,170.7,0.98,227.71,0.99,2024.0,0.01,0.01,2324.017168,1776244156000
1776244159.573,259.573,0.02,81.85,0.01,1844.0,0.03,377.7,0.04,150.7,0.97,362.7,0.96,150.7,0.98,216.35,0.99,1844.0,0.01,0.01,2323.80417,1776244158000
1776244159.931,259.931,0.02,62.85,0.01,1844.0,0.03,377.7,0.04,150.7,0.97,377.7,0.96,150.7,0.98,81.85,0.99,1844.0,0.01,0.01,2323.80417,1776244158000
1776244160.436,260.436,0.02,70.8,0.01,1844.0,0.03,372.7,0.04,150.7,0.97,372.7,0.96,150.7,0.98,70.8,0.99,1844.0,0.01,0.01,2323.725696,1776244159000
1776244160.971,260.971,0.02,75.8,0.01,1744.0,0.03,372.63,0.04,150.7,0.97,372.7,0.96,150.7,0.98,70.8,0.99,1844.0,0.01,0.01,2323.725696,1776244159000
1776244161.346,261.346,0.02,0.09,0.01,1933.0,0.03,367.63,0.04,150.7,0.97,372.63,0.96,150.7,0.98,75.8,0.99,1744.0,0.01,0.01,2323.725696,1776244159000
1776244161.889,261.889,0.01,1720.0,,,0.03,328.63,0.04,150.7,0.97,382.63,0.96,150.7,0.98,46.42,0.99,1720.0,0.02,0.01,2323.656714,1776244160000
1776244162.226,262.226,0.02,55.5,0.01,1720.0,0.03,242.63,0.04,150.7,0.97,242.63,0.96,150.7,0.98,55.5,0.99,1720.0,0.01,0.01,2323.583746,1776244161000
1776244162.572,262.572,0.02,41.4,0.01,1983.6,0.03,242.63,0.04,152.7,0.97,242.63,0.96,150.7,0.98,55.5,0.99,1720.0,0.01,0.01,2323.583746,1776244161000
1776244163.43,263.43,0.01,1955.23,,,0.03,242.63,0.04,154.7,0.97,242.63,0.96,152.7,0.98,41.4,0.99,1983.6,0.02,0.01,2323.583746,1776244161000
1776244163.782,263.782,0.01,1960.23,,,0.03,205.95,0.04,154.7,0.97,205.95,0.96,154.7,0.99,1960.23,,,0.02,0.02,2323.62821,1776244162000
1776244164.399,264.399,0.01,1947.41,,,0.02,15.1,0.03,205.95,0.97,205.95,0.96,154.7,0.99,1960.23,,,0.01,0.02,2323.62821,1776244162000
1776244164.619,264.619,0.01,1567.41,,,0.02,15.1,0.03,205.95,0.98,15.1,0.97,205.95,0.99,1947.41,,,0.01,0.01,2323.718355,1776244163000
1776244164.835,264.835,0.01,1567.41,,,0.02,14.07,0.03,205.95,0.98,15.1,0.97,205.95,0.99,1567.41,,,0.01,0.01,2323.718355,1776244163000
1776244165.321,265.321,0.01,1431.03,,,0.02,202.77,0.03,200.95,0.98,14.07,0.97,205.95,0.99,1567.41,,,0.01,0.01,2323.718355,1776244163000
1776244165.577,265.577,0.01,1431.03,,,0.02,202.77,0.03,200.95,0.98,202.77,0.97,200.95,0.99,1431.03,,,0.01,0.01,2323.738327,1776244164000
1776244165.8,265.8,0.01,903.3,,,0.03,223.02,0.04,154.7,0.97,15.02,0.96,334.7,0.99,1429.03,,,0.02,0.02,2323.738327,1776244164000
1776244166.313,266.313,0.01,835.28,,,0.02,406.89,0.03,43.02,0.98,226.89,0.97,223.02,0.99,880.28,,,0.01,0.01,2323.738327,1776244164000
1776244166.542,266.542,,,,,0.02,406.89,0.03,43.02,0.98,406.89,0.97,43.02,0.99,78.21,,,,0.01,2323.738327,1776244164000
1776244167.165,267.165,,,,,0.01,176.94,0.02,388.89,0.98,406.89,0.97,43.02,,,,,,,2323.757038,1776244165000
1776244167.433,267.433,,,,,0.01,176.94,0.02,388.89,0.99,176.94,0.98,388.89,,,,,,,2323.716435,1776244166000
1776244167.937,267.937,,,,,0.01,87.85,0.02,388.89,0.99,171.99,0.98,388.89,,,,,,,2323.716435,1776244166000
1776244168.145,268.145,,,,,0.01,87.85,0.02,388.89,0.99,87.85,0.98,388.89,,,,,,,2323.810535,1776244167000
1776244168.667,268.667,,,,,0.01,86.77,0.02,208.89,0.99,87.85,0.98,388.89,,,,,,,2323.810535,1776244167000
1776244169.043,269.043,,,,,0.01,66.77,0.02,198.89,0.99,86.77,0.98,208.89,,,,,,,2323.810535,1776244167000
1776244169.305,269.305,,,,,0.01,46.77,0.02,198.89,0.99,46.77,0.98,198.89,,,,,,,2323.661196,1776244168000
1776244169.557,269.557,,,,,0.01,146.77,0.02,15.19,0.99,46.77,0.98,198.89,,,,,,,2323.661196,1776244168000
1776244169.912,269.912,,,,,0.03,286.34,0.04,139.7,0.97,286.34,0.96,139.7,,,,,,,2323.669609,1776244169000
1776244170.938,270.938,,,,,0.03,286.34,0.04,139.7,0.97,286.34,0.96,139.7,,,,,,,2323.76567,1776244170000
1776244171.234,271.234,,,,,0.01,76.07,0.03,116.34,0.97,286.34,0.96,139.7,,,,,,,2323.76567,1776244170000
1776244172.023,272.023,,,,,0.01,56.07,0.03,116.34,0.99,56.07,0.97,116.34,,,,,,,2323.791131,1776244171000
1776244173.207,273.207,,,,,0.01,56.07,0.03,116.34,0.99,56.07,0.97,116.34,,,,,,,2323.797495,1776244172000
1776244174.175,274.175,,,,,0.01,56.07,0.03,116.34,0.99,56.07,0.97,116.34,,,,,,,2323.998605,1776244173000
1776244175.222,275.222,,,,,0.01,56.07,0.03,116.34,0.99,56.07,0.97,116.34,,,,,,,2323.85156,1776244174000
1776244176.318,276.318,,,,,0.01,56.07,0.03,116.34,0.99,56.07,0.97,116.34,,,,,,,2323.769438,1776244175000
1776244176.894,276.894,,,,,0.01,56.07,0.03,116.34,0.99,56.07,0.97,116.34,,,,,,,2323.908902,1776244176000
1776244177.884,277.884,,,,,0.01,56.07,0.03,116.34,0.99,56.07,0.97,116.34,,,,,,,2323.925598,1776244177000
1776244178.998,278.998,,,,,0.01,56.07,0.03,116.34,0.99,56.07,0.97,116.34,,,,,,,2323.848055,1776244178000
1776244180.059,280.059,,,,,0.01,56.07,0.03,116.34,0.99,56.07,0.97,116.34,,,,,,,2323.848055,1776244179000
1776244181.178,281.178,,,,,0.01,56.07,0.03,116.34,0.99,56.07,0.97,116.34,,,,,,,2323.712561,1776244180000
1776244182.258,282.258,,,,,0.01,56.07,0.03,116.34,0.99,56.07,0.97,116.34,,,,,,,2323.633121,1776244181000
1776244183.208,283.208,,,,,0.01,56.07,0.03,116.34,0.99,56.07,0.97,116.34,,,,,,,2323.633121,1776244182000
1776244184.436,284.436,,,,,0.01,56.07,0.03,116.34,0.99,56.07,0.97,116.34,,,,,,,2323.761285,1776244183000
1776244184.952,284.952,,,,,0.01,56.07,0.03,116.34,0.99,56.07,0.97,116.34,,,,,,,2323.74913,1776244184000
1776244186.205,286.205,,,,,0.01,56.07,0.03,116.34,0.99,56.07,0.97,116.34,,,,,,,2323.59981,1776244185000
1776244187.474,287.474,,,,,0.01,56.07,0.03,116.34,0.99,56.07,0.97,116.34,,,,,,,2323.5949,1776244186000
1776244188.107,288.107,,,,,0.01,56.07,0.03,116.34,0.99,56.07,0.97,116.34,,,,,,,2323.655521,1776244187000
1776244189.089,289.089,,,,,0.01,1942.84,0.03,10.0,0.99,56.07,0.97,116.34,,,,,,,2323.655521,1776244187000
1776244189.341,289.341,,,,,0.01,1942.84,0.03,10.0,0.99,1942.84,0.97,10.0,,,,,,,2323.72294,1776244188000
1776244189.996,289.996,,,,,0.01,1942.84,0.03,10.0,0.99,1942.84,0.97,10.0,,,,,,,2323.72342,1776244189000
1776244190.225,290.225,,,,,0.01,3933.63,0.03,10.0,0.99,3940.64,0.97,10.0,,,,,,,2323.72342,1776244189000
1776244191.273,291.273,,,,,0.01,3933.63,0.03,10.0,0.99,3933.63,0.97,10.0,,,,,,,2323.729722,1776244190000
1776244192.525,292.525,,,,,0.01,3933.63,0.03,10.0,0.99,3933.63,0.97,10.0,,,,,,,2323.721275,1776244191000
1776244193.138,293.138,,,,,0.01,3933.63,0.03,10.0,0.99,3933.63,0.97,10.0,,,,,,,2323.79251,1776244192000
1776244194.354,294.354,,,,,0.01,3933.63,0.03,10.0,0.99,3933.63,0.97,10.0,,,,,,,2323.72868,1776244193000
1776244194.94,294.94,,,,,0.01,3933.63,0.03,10.0,0.99,3933.63,0.97,10.0,,,,,,,2323.72878,1776244194000
1776244195.628,295.628,,,,,0.01,3954.85,0.03,10.0,0.99,3933.63,0.97,10.0,,,,,,,2323.72878,1776244194000
1776244196.252,296.252,,,,,0.01,3954.85,0.03,10.0,0.99,3954.85,0.97,10.0,,,,,,,2323.804127,1776244195000
1776244197.422,297.422,,,,,0.01,3954.85,0.03,10.0,0.99,3954.85,0.97,10.0,,,,,,,2323.72846,1776244196000
1776244197.906,297.906,,,,,0.01,3954.85,0.03,10.0,0.99,3954.85,0.97,10.0,,,,,,,2323.669916,1776244197000
1776244199.409,299.409,,,,,0.01,3954.85,0.03,10.0,0.99,3954.85,0.97,10.0,,,,,,,2323.665745,1776244198000
1776244199.943,299.943,,,,,0.01,3954.85,0.03,10.0,0.99,3954.85,0.97,10.0,,,,,,,2323.663057,1776244199000
1776244201.027,301.027,,,,,0.01,3954.85,0.03,10.0,0.99,3954.85,0.97,10.0,,,,,,,2323.655281,1776244200000
