timestamp,elapsed_sec,up_bid_p1,up_bid_s1,up_bid_p2,up_bid_s2,up_ask_p1,up_ask_s1,up_ask_p2,up_ask_s2,down_bid_p1,down_bid_s1,down_bid_p2,down_bid_s2,down_ask_p1,down_ask_s1,down_ask_p2,down_ask_s2,up_spread,down_spread,eth_price,eth_oracle_ts
1776282000.504,0.504,0.4,38.0,0.39,34.0,0.46,15.0,0.47,34.0,0.53,1.37,0.52,395.99,0.55,49.1,0.56,229.0,0.06,0.02,2378.80916,1776281999000
1776282000.737,0.737,0.4,34.96,0.39,34.0,0.46,15.0,0.47,34.0,0.54,15.0,0.53,34.0,0.6,36.63,0.61,34.0,0.06,0.06,2378.80916,1776281999000
1776282000.949,0.949,0.39,34.0,0.38,35.0,0.4,15.04,0.46,2.4,0.6,40.04,0.54,2.4,0.61,34.0,0.62,35.0,0.01,0.01,2378.80916,1776281999000
1776282001.408,1.408,0.44,12.0,0.43,24.0,0.48,53.94,0.49,212.76,0.52,241.24,0.51,26.76,0.61,34.0,0.62,35.0,0.04,0.09,2378.798818,1776282000000
1776282002.095,2.095,0.44,12.0,0.43,24.0,0.48,53.94,0.49,212.76,0.52,53.94,0.51,212.76,0.56,12.0,0.57,24.0,0.04,0.04,2378.637876,1776282001000
1776282002.33,2.33,0.45,130.0,0.44,141.18,0.46,69.16,0.48,53.94,0.54,74.16,0.52,53.94,0.56,11.18,0.57,40.0,0.01,0.02,2378.637876,1776282001000
1776282002.762,2.762,0.45,91.81,0.44,135.0,0.46,66.16,0.47,5.0,0.54,61.16,0.52,53.94,0.55,130.0,0.56,141.18,0.01,0.01,2378.637876,1776282001000
1776282003.129,3.129,0.44,45.0,0.43,59.0,0.46,71.16,0.47,5.0,0.54,66.16,0.53,5.0,0.55,91.81,0.56,135.0,0.02,0.01,2378.637876,1776282001000
1776282003.347,3.347,0.45,18.18,0.44,51.0,0.46,66.16,0.47,5.0,0.54,66.16,0.53,5.0,0.55,13.18,0.56,51.0,0.01,0.01,2378.629319,1776282002000
1776282003.827,3.827,0.45,87.16,0.44,62.0,0.46,61.16,0.48,48.94,0.54,66.16,0.53,5.0,0.55,8.16,0.56,51.0,0.01,0.01,2378.629319,1776282002000
1776282004.331,4.331,0.45,82.16,0.44,67.34,0.46,6.16,0.48,48.94,0.54,11.16,0.52,48.94,0.55,82.16,0.56,67.34,0.01,0.01,2378.629319,1776282002000
1776282005.011,5.011,0.45,82.16,0.44,67.34,0.46,6.16,0.48,48.94,0.54,6.16,0.52,48.94,0.55,82.16,0.56,67.34,0.01,0.01,2378.57199,1776282004000
1776282005.376,5.376,0.45,18.16,0.44,50.34,0.46,9.02,0.47,5.0,0.54,6.16,0.52,48.94,0.55,82.16,0.56,67.34,0.01,0.01,2378.57199,1776282004000
1776282005.588,5.588,0.44,15.34,0.43,10.0,0.46,124.02,0.47,136.0,0.54,19.02,0.53,126.0,0.55,8.16,0.56,20.34,0.02,0.01,2378.57199,1776282004000
1776282005.979,5.979,0.43,3.57,0.42,10.0,0.44,56.51,0.45,120.0,0.55,110.0,0.54,174.02,0.57,3.57,0.58,10.0,0.01,0.02,2378.57199,1776282004000
1776282006.179,6.179,0.42,10.0,0.41,10.0,0.44,34.19,0.45,190.02,0.56,29.19,0.55,190.02,0.57,1.84,0.58,10.0,0.02,0.01,2378.687665,1776282005000
1776282006.476,6.476,0.41,40.0,0.4,35.0,0.43,10.0,0.44,39.19,0.56,34.19,0.55,190.02,0.58,10.0,0.59,10.0,0.02,0.02,2378.687665,1776282005000
1776282006.804,6.804,0.41,8.3,0.4,35.0,0.43,20.0,0.44,41.19,0.57,10.0,0.56,34.19,0.59,15.0,0.6,35.0,0.02,0.02,2378.687665,1776282005000
1776282007.131,7.131,0.4,35.0,0.39,35.0,0.43,20.0,0.44,41.19,0.57,20.0,0.56,41.19,0.6,35.0,0.61,35.0,0.03,0.03,2378.733043,1776282006000
1776282007.512,7.512,0.41,164.95,0.4,10.54,0.42,25.0,0.43,127.0,0.59,5.0,0.58,10.0,0.6,10.54,0.61,40.0,0.01,0.01,2378.733043,1776282006000
1776282007.831,7.831,0.41,171.79,0.4,15.54,0.42,9.64,0.43,127.0,0.58,9.64,0.57,127.0,0.59,164.95,0.6,10.54,0.01,0.01,2378.733043,1776282006000
1776282008.096,8.096,0.41,173.17,0.4,5.54,0.42,6.3,0.43,138.0,0.58,25.64,0.57,138.0,0.59,168.17,0.6,10.54,0.01,0.01,2378.733043,1776282006000
1776282008.414,8.414,0.41,215.17,0.4,10.54,0.42,97.71,0.43,138.0,0.58,16.8,0.57,138.0,0.59,178.67,0.6,5.54,0.01,0.01,2378.062938,1776282007000
1776282008.716,8.716,0.41,215.17,0.4,21.04,0.43,138.0,0.44,145.19,0.58,97.71,0.57,138.0,0.59,215.17,0.6,10.54,0.02,0.01,2378.062938,1776282007000
1776282009.157,9.157,0.41,230.67,0.4,16.04,0.42,79.0,0.43,209.19,0.57,138.0,0.56,145.19,0.59,215.17,0.6,21.04,0.01,0.02,2378.062938,1776282007000
1776282009.421,9.421,0.41,313.67,0.4,131.04,0.43,109.19,0.44,55.69,0.58,79.0,0.57,209.19,0.59,230.67,0.6,16.04,0.02,0.01,2378.062938,1776282007000
1776282009.888,9.888,0.42,57.7,0.41,15.0,0.43,177.69,0.44,93.69,0.57,109.19,0.56,55.69,0.59,313.67,0.6,131.04,0.01,0.02,2377.953218,1776282008000
1776282010.224,10.224,0.4,12.54,0.39,10.0,0.41,198.0,0.42,180.5,0.57,185.87,0.56,93.69,0.58,47.7,0.59,190.0,0.01,0.01,2377.953218,1776282008000
1776282010.495,10.495,0.39,2.62,0.38,131.79,0.4,15.5,0.41,272.37,0.6,15.5,0.59,272.37,0.61,2.62,0.62,131.79,0.01,0.01,2377.789562,1776282009000
1776282010.775,10.775,0.39,223.13,0.38,89.79,0.4,223.56,0.41,321.37,0.6,140.5,0.59,321.37,0.61,228.22,0.62,89.79,0.01,0.01,2377.789562,1776282009000
1776282011.275,11.275,0.38,185.0,0.37,77.0,0.39,51.5,0.4,306.56,0.6,223.56,0.59,321.37,0.61,223.13,0.62,89.79,0.01,0.01,2377.815538,1776282010000
1776282011.57,11.57,0.37,57.47,0.36,78.5,0.39,285.44,0.4,181.68,0.61,51.5,0.6,306.56,0.62,185.0,0.63,77.0,0.02,0.01,2377.815538,1776282010000
1776282012.197,12.197,0.37,242.17,0.36,78.5,0.38,120.98,0.39,177.63,0.61,285.44,0.6,181.68,0.63,57.47,0.64,78.5,0.01,0.02,2377.815538,1776282010000
1776282012.446,12.446,0.37,213.83,0.36,78.5,0.38,120.98,0.39,177.63,0.62,120.98,0.61,177.63,0.63,242.17,0.64,78.5,0.01,0.01,2377.561168,1776282011000
1776282012.671,12.671,0.37,211.75,0.36,88.5,0.38,171.98,0.39,189.63,0.62,120.98,0.61,177.63,0.63,213.83,0.64,78.5,0.01,0.01,2377.561168,1776282011000
1776282012.881,12.881,0.37,186.0,0.36,145.5,0.38,171.98,0.39,246.63,0.62,171.98,0.61,189.63,0.63,211.75,0.64,88.5,0.01,0.01,2377.561168,1776282011000
1776282013.476,13.476,0.37,10.0,0.36,325.5,0.38,184.58,0.39,246.63,0.62,176.98,0.61,246.63,0.63,179.41,0.64,145.5,0.01,0.01,2377.23892,1776282012000
1776282013.869,13.869,0.36,266.14,0.35,167.0,0.38,174.08,0.39,246.63,0.62,184.58,0.61,246.63,0.63,10.0,0.64,325.5,0.02,0.01,2377.23892,1776282012000
1776282014.52,14.52,0.36,17.64,0.35,415.5,0.37,151.8,0.38,196.6,0.62,174.08,0.61,246.63,0.64,266.14,0.65,167.0,0.01,0.02,2377.23892,1776282012000
1776282015.167,15.167,0.36,195.27,0.35,235.5,0.37,138.83,0.38,156.1,0.63,151.8,0.62,196.6,0.64,17.64,0.65,415.5,0.01,0.01,2377.048669,1776282013000
1776282015.583,15.583,0.36,463.27,0.35,120.5,0.37,80.28,0.38,15.1,0.63,138.83,0.62,156.1,0.64,190.27,0.65,235.5,0.01,0.01,2377.029066,1776282014000
1776282016.111,16.111,0.37,439.62,0.36,168.5,0.38,96.34,0.39,57.13,0.62,15.1,0.61,57.13,0.64,453.27,0.65,120.5,0.01,0.02,2377.029066,1776282014000
1776282016.416,16.416,0.37,427.73,0.36,168.5,0.38,96.34,0.39,46.13,0.62,96.34,0.61,57.13,0.63,439.62,0.64,168.5,0.01,0.01,2377.100822,1776282015000
1776282016.832,16.832,0.37,372.45,0.36,196.5,0.38,101.34,0.39,46.13,0.62,96.34,0.61,46.13,0.63,380.33,0.64,138.5,0.01,0.01,2377.100822,1776282015000
1776282017.364,17.364,0.37,261.02,0.36,196.5,0.38,109.99,0.39,125.63,0.62,101.34,0.61,46.13,0.63,362.27,0.64,196.5,0.01,0.01,2376.98601,1776282016000
1776282017.645,17.645,0.37,153.47,0.36,195.5,0.38,178.49,0.39,124.63,0.62,125.49,0.61,67.63,0.63,158.47,0.64,195.5,0.01,0.01,2376.98601,1776282016000
1776282018.358,18.358,0.37,292.5,0.36,138.5,0.38,25.62,0.39,125.63,0.62,176.49,0.61,72.63,0.63,20.5,0.64,375.5,0.01,0.01,2377.266539,1776282017000
1776282018.591,18.591,0.37,280.91,0.36,196.5,0.38,30.62,0.39,125.63,0.62,25.62,0.61,125.63,0.63,282.57,0.64,138.5,0.01,0.01,2377.266539,1776282017000
1776282019.446,19.446,0.37,190.5,0.36,195.5,0.38,138.74,0.39,125.63,0.62,30.62,0.61,125.63,0.63,280.91,0.64,196.5,0.01,0.01,2377.266539,1776282017000
1776282019.874,19.874,0.37,188.91,0.36,187.5,0.38,138.74,0.39,182.63,0.62,143.74,0.61,125.63,0.63,183.67,0.64,195.5,0.01,0.01,2377.213256,1776282018000
1776282020.083,20.083,0.37,179.64,0.36,187.5,0.38,156.53,0.39,182.63,0.62,138.74,0.61,182.63,0.63,188.91,0.64,187.5,0.01,0.01,2377.256665,1776282019000
1776282020.511,20.511,0.36,308.93,0.35,243.5,0.37,105.54,0.38,154.27,0.62,156.53,0.61,182.63,0.63,179.64,0.64,187.5,0.01,0.01,2377.256665,1776282019000
1776282021.417,21.417,0.36,8.43,0.35,200.5,0.37,191.78,0.38,166.53,0.63,105.54,0.62,154.27,0.64,308.93,0.65,243.5,0.01,0.01,2377.39725,1776282020000
1776282022.089,22.089,0.35,16.08,0.34,315.0,0.36,119.33,0.37,124.74,0.63,191.78,0.62,166.53,0.64,8.43,0.65,200.5,0.01,0.01,2377.39725,1776282020000
1776282022.615,22.615,0.34,333.5,0.33,250.0,0.36,249.57,0.37,56.5,0.64,119.33,0.63,124.74,0.65,16.08,0.66,315.0,0.02,0.01,2377.262471,1776282021000
1776282022.907,22.907,0.34,333.5,0.33,250.0,0.35,2.14,0.36,124.57,0.64,249.57,0.63,56.5,0.66,333.5,0.67,250.0,0.01,0.02,2377.262471,1776282021000
1776282023.146,23.146,0.34,338.5,0.33,250.0,0.36,188.46,0.37,113.5,0.64,179.71,0.63,113.5,0.66,338.5,0.67,250.0,0.02,0.02,2377.262471,1776282021000
1776282025.103,25.103,0.34,126.42,0.33,372.0,0.35,41.24,0.36,190.13,0.64,188.46,0.63,113.5,0.66,338.5,0.67,250.0,0.01,0.02,2377.160468,1776282023000
1776282026.003,26.003,0.34,3.48,0.33,334.5,0.35,128.74,0.36,203.63,0.65,41.24,0.64,190.13,0.66,126.42,0.67,372.0,0.01,0.01,2377.12217,1776282024000
1776282026.445,26.445,0.34,167.37,0.33,159.5,0.35,151.24,0.36,293.3,0.65,56.24,0.64,145.63,0.66,170.0,0.67,102.5,0.01,0.01,2377.083277,1776282025000
1776282027.194,27.194,0.34,185.89,0.33,159.5,0.35,146.24,0.36,277.41,0.65,151.24,0.64,293.3,0.66,167.37,0.67,159.5,0.01,0.01,2377.083277,1776282025000
1776282027.509,27.509,0.34,220.89,0.33,209.5,0.35,135.24,0.36,277.41,0.65,146.24,0.64,277.41,0.66,185.89,0.67,159.5,0.01,0.01,2377.110186,1776282026000
1776282027.746,27.746,0.34,208.31,0.33,209.5,0.35,135.24,0.36,277.41,0.65,135.24,0.64,277.41,0.66,220.89,0.67,209.5,0.01,0.01,2377.110186,1776282026000
1776282028.09,28.09,0.34,194.55,0.33,209.5,0.35,135.24,0.36,277.41,0.65,135.24,0.64,277.41,0.66,198.04,0.67,209.5,0.01,0.01,2377.046295,1776282027000
1776282028.474,28.474,0.34,184.39,0.33,209.5,0.35,135.24,0.36,277.41,0.65,135.24,0.64,277.41,0.66,194.55,0.67,209.5,0.01,0.01,2377.046295,1776282027000
1776282030.209,30.209,0.34,414.5,0.33,120.5,0.35,116.06,0.36,20.0,0.65,135.24,0.64,277.41,0.66,184.39,0.67,209.5,0.01,0.01,2376.852008,1776282028000
1776282030.93,30.93,0.34,143.29,0.33,95.5,0.35,121.56,0.36,30.5,0.65,111.06,0.64,20.0,0.66,401.72,0.67,120.5,0.01,0.01,2376.852008,1776282028000
1776282031.35,31.35,0.34,306.77,0.33,186.69,0.35,81.2,0.36,31.0,0.65,126.06,0.64,25.0,0.66,250.27,0.67,120.5,0.01,0.01,2376.82107,1776282029000
1776282031.685,31.685,0.34,456.77,0.33,260.31,0.36,10.0,0.37,15.0,0.65,81.2,0.64,31.0,0.66,306.77,0.67,186.69,0.02,0.01,2376.82107,1776282029000
1776282032.242,32.242,0.37,96.41,0.36,142.0,0.38,37.04,0.39,88.63,0.62,23.0,0.61,28.13,0.64,43.5,0.65,292.5,0.01,0.02,2376.868632,1776282030000
1776282032.85,32.85,0.36,58.0,0.35,132.0,0.38,397.54,0.39,198.63,0.62,37.04,0.61,88.63,0.63,96.41,0.64,142.0,0.02,0.01,2376.937974,1776282031000
1776282033.372,33.372,0.36,33.0,0.35,75.0,0.37,441.74,0.38,180.54,0.62,397.54,0.61,198.63,0.64,58.0,0.65,132.0,0.01,0.02,2376.937974,1776282031000
1776282034.12,34.12,0.36,60.44,0.35,142.5,0.37,143.53,0.38,109.5,0.63,495.64,0.62,123.54,0.64,28.31,0.65,75.0,0.01,0.01,2377.098288,1776282032000
1776282036.39,36.39,0.35,425.5,0.34,181.5,0.36,8.05,0.37,103.49,0.63,163.53,0.62,109.5,0.64,112.44,0.65,143.5,0.01,0.01,2377.427157,1776282034000
1776282037.4,37.4,0.35,81.0,0.34,343.5,0.36,111.48,0.37,133.0,0.64,22.09,0.63,103.49,0.65,400.14,0.66,186.5,0.01,0.01,2377.43099,1776282035000
1776282037.629,37.629,0.35,76.0,0.34,163.5,0.36,33.14,0.37,143.5,0.64,111.48,0.63,133.0,0.65,81.0,0.66,343.5,0.01,0.01,2377.287363,1776282036000
1776282038.854,38.854,0.34,105.0,0.33,225.5,0.35,41.95,0.36,300.76,0.64,28.14,0.63,133.0,0.65,29.5,0.66,220.5,0.01,0.01,2377.293713,1776282037000
1776282039.342,39.342,0.34,76.69,0.33,152.5,0.35,186.47,0.36,75.5,0.65,41.95,0.64,300.76,0.66,105.0,0.67,225.5,0.01,0.01,2377.293713,1776282037000
1776282039.846,39.846,0.34,494.69,0.33,149.31,0.37,20.0,0.38,47.03,0.65,186.47,0.64,75.5,0.66,76.69,0.67,152.5,0.03,0.01,2377.207205,1776282038000
1776282041.134,41.134,0.35,142.72,0.34,85.0,0.36,246.0,0.37,188.5,0.63,22.0,0.62,47.03,0.64,15.5,0.65,148.12,0.01,0.01,2377.208815,1776282039000
1776282041.947,41.947,0.34,35.0,0.33,85.0,0.35,521.08,0.36,116.5,0.64,246.0,0.63,188.5,0.65,142.72,0.66,85.0,0.01,0.01,2377.209725,1776282040000
1776282042.471,42.471,0.34,35.0,0.33,85.0,0.35,492.33,0.36,86.5,0.65,521.08,0.64,116.5,0.66,35.0,0.67,85.0,0.01,0.01,2377.209725,1776282040000
1776282042.977,42.977,0.34,10.0,0.33,85.0,0.35,411.5,0.36,147.51,0.65,492.33,0.64,86.5,0.66,35.0,0.67,85.0,0.01,0.01,2377.445177,1776282041000
1776282044.972,44.972,0.34,70.24,0.33,85.0,0.35,344.72,0.36,294.51,0.65,411.5,0.64,147.51,0.66,5.24,0.67,85.0,0.01,0.01,2377.200188,1776282043000
1776282045.687,45.687,0.32,107.8,0.31,85.0,0.35,558.72,0.36,298.83,0.65,344.72,0.64,294.51,0.66,70.24,0.67,85.0,0.03,0.01,2377.200188,1776282043000
1776282047.457,47.457,0.32,81.32,0.31,158.0,0.33,416.0,0.34,221.73,0.65,558.72,0.64,298.83,0.68,107.8,0.69,85.0,0.01,0.03,2377.203543,1776282046000
1776282049.321,49.321,0.32,46.32,0.31,158.0,0.33,442.86,0.34,327.7,0.67,416.0,0.66,221.73,0.68,81.32,0.69,158.0,0.01,0.01,2376.99525,1776282047000
1776282049.672,49.672,0.31,156.4,0.3,327.5,0.32,101.92,0.33,409.36,0.67,442.86,0.66,327.7,0.68,46.32,0.69,158.0,0.01,0.01,2376.99525,1776282047000
1776282049.963,49.963,0.31,159.1,0.3,327.5,0.32,71.92,0.33,409.36,0.68,101.92,0.67,409.36,0.69,156.4,0.7,327.5,0.01,0.01,2376.99525,1776282047000
1776282050.962,50.962,0.31,31.1,0.3,285.0,0.32,279.41,0.33,506.91,0.68,70.33,0.67,409.36,0.69,154.1,0.7,327.5,0.01,0.01,2376.896225,1776282049000
1776282051.215,51.215,0.31,25.0,0.3,280.0,0.32,233.41,0.33,539.28,0.68,279.41,0.67,506.91,0.69,31.1,0.7,285.0,0.01,0.01,2376.896225,1776282049000
1776282051.816,51.816,0.3,290.0,0.29,250.5,0.32,244.41,0.33,539.28,0.68,244.41,0.67,539.28,0.69,10.65,0.7,280.0,0.02,0.01,2376.965881,1776282050000
1776282052.638,52.638,0.3,286.77,0.29,250.5,0.31,175.0,0.32,287.92,0.68,248.41,0.67,539.28,0.7,290.0,0.71,250.5,0.01,0.02,2376.881829,1776282051000
1776282052.903,52.903,0.3,280.34,0.29,250.5,0.31,155.0,0.32,287.92,0.69,175.0,0.68,287.92,0.7,286.77,0.71,250.5,0.01,0.01,2376.881829,1776282051000
1776282053.391,53.391,0.3,285.34,0.29,250.5,0.31,153.28,0.32,265.92,0.69,155.0,0.68,287.92,0.7,280.34,0.71,250.5,0.01,0.01,2376.881829,1776282051000
1776282054.127,54.127,0.26,21.0,0.22,30.0,0.31,697.5,0.32,370.52,0.69,153.28,0.68,265.92,0.7,285.34,0.71,250.5,0.05,0.01,2376.783072,1776282052000
1776282054.334,54.334,0.21,78.13,0.2,180.5,0.23,62.0,0.24,23.0,0.77,7.0,0.76,23.0,0.79,73.77,0.8,180.5,0.02,0.02,2376.77314,1776282053000
1776282054.601,54.601,0.22,10.5,0.21,147.5,0.23,72.46,0.24,181.0,0.77,62.0,0.76,23.0,0.79,78.13,0.8,180.5,0.01,0.02,2376.77314,1776282053000
1776282055.422,55.422,0.22,349.82,0.21,290.5,0.23,10.46,0.24,22.0,0.77,15.46,0.76,22.0,0.78,156.6,0.79,118.68,0.01,0.01,2376.77314,1776282053000
1776282055.84,55.84,0.22,196.0,0.21,121.81,0.23,192.85,0.24,252.0,0.77,2.85,0.76,22.0,0.78,344.32,0.79,172.31,0.01,0.01,2376.767926,1776282054000
1776282056.723,56.723,0.2,8.75,0.19,121.0,0.21,516.5,0.22,186.5,0.77,387.26,0.76,182.5,0.78,105.0,0.79,156.0,0.01,0.01,2376.211665,1776282055000
1776282057.189,57.189,0.19,98.76,0.18,55.19,0.2,347.5,0.21,185.5,0.8,22.5,0.79,505.5,0.81,126.31,0.82,66.19,0.01,0.01,2376.211665,1776282055000
1776282057.58,57.58,0.18,56.87,0.17,104.0,0.19,50.0,0.2,380.5,0.8,734.45,0.79,185.5,0.82,55.19,0.83,104.0,0.01,0.02,2376.211665,1776282055000
1776282058.446,58.446,0.17,157.13,0.16,400.0,0.18,306.96,0.19,133.0,0.81,230.0,0.8,200.5,0.82,50.35,0.83,104.0,0.01,0.01,2375.965385,1776282056000
1776282059.698,59.698,0.16,131.0,0.15,231.7,0.17,337.2,0.18,133.5,0.82,261.96,0.81,133.0,0.83,153.13,0.84,410.0,0.01,0.01,2375.48519,1776282058000
1776282060.177,60.177,0.16,114.05,0.15,206.7,0.17,420.2,0.18,82.5,0.83,337.2,0.82,133.5,0.84,131.0,0.85,231.7,0.01,0.01,2375.48519,1776282058000
1776282060.474,60.474,0.16,92.16,0.15,75.51,0.17,456.7,0.18,207.45,0.83,449.7,0.82,182.5,0.84,84.74,0.85,145.51,0.01,0.01,2375.48519,1776282058000
1776282060.686,60.686,0.16,71.15,0.15,77.33,0.17,544.7,0.18,207.45,0.83,549.7,0.82,207.45,0.84,76.15,0.85,77.33,0.01,0.01,2375.260914,1776282059000
1776282060.936,60.936,0.15,25.24,0.13,31.42,0.16,363.35,0.17,196.52,0.84,253.35,0.83,248.5,0.85,35.24,0.87,31.42,0.01,0.01,2375.260914,1776282059000
1776282061.171,61.171,0.13,31.42,0.12,60.0,0.16,508.35,0.17,296.52,0.84,363.35,0.83,196.52,0.85,25.24,0.87,31.42,0.03,0.01,2375.260914,1776282059000
1776282061.744,61.744,0.12,60.0,0.11,119.0,0.14,27.5,0.15,83.5,0.86,27.5,0.85,25.5,0.87,10.15,0.88,60.0,0.02,0.01,2375.14635,1776282060000
1776282062.674,62.674,0.11,456.68,0.1,281.5,0.12,15.0,0.14,5.0,0.86,27.5,0.85,83.5,0.88,60.0,0.89,119.0,0.01,0.02,2374.818505,1776282061000
1776282063.021,63.021,0.12,23.31,0.11,265.18,0.13,5.0,0.14,252.0,0.88,15.0,0.86,5.0,0.89,456.68,0.9,281.5,0.01,0.01,2374.818505,1776282061000
1776282063.239,63.239,0.12,9.48,0.11,271.5,0.13,10.0,0.14,275.99,0.87,5.0,0.86,252.0,0.88,6.13,0.89,261.0,0.01,0.01,2374.22652,1776282062000
1776282063.941,63.941,0.12,4.98,0.11,285.68,0.13,41.0,0.14,262.0,0.86,257.0,0.85,91.5,0.88,4.98,0.89,271.5,0.01,0.02,2374.22652,1776282062000
1776282064.207,64.207,0.12,172.98,0.11,355.68,0.13,36.0,0.14,21.0,0.87,41.0,0.86,262.0,0.88,4.98,0.89,285.68,0.01,0.01,2374.22652,1776282062000
1776282064.595,64.595,0.12,44.98,0.11,374.99,0.13,65.54,0.14,22.0,0.87,36.0,0.86,21.0,0.88,171.04,0.89,355.68,0.01,0.01,2374.0006,1776282063000
1776282064.885,64.885,0.11,190.0,0.1,588.81,0.13,419.51,0.14,101.5,0.87,65.54,0.86,22.0,0.88,97.98,0.89,250.68,0.02,0.01,2374.0006,1776282063000
1776282065.274,65.274,0.11,175.18,0.1,277.5,0.13,259.78,0.14,88.5,0.87,419.51,0.86,101.5,0.89,190.0,0.9,588.81,0.02,0.02,2374.0006,1776282063000
1776282066.616,66.616,0.12,24.0,0.11,202.18,0.13,434.95,0.14,159.0,0.87,259.78,0.86,88.5,0.89,175.18,0.9,277.5,0.01,0.02,2374.361589,1776282065000
1776282067.051,67.051,0.12,235.18,0.11,370.68,0.13,127.95,0.15,78.0,0.87,434.95,0.86,169.5,0.88,69.0,0.89,202.18,0.01,0.01,2374.361589,1776282065000
1776282067.659,67.659,0.12,25.0,0.11,171.0,0.13,450.1,0.14,141.5,0.87,127.95,0.85,78.0,0.88,235.18,0.89,370.68,0.01,0.01,2374.189816,1776282066000
1776282067.871,67.871,0.12,25.0,0.11,171.0,0.13,508.24,0.14,83.5,0.87,450.1,0.86,141.5,0.88,25.0,0.89,171.0,0.01,0.01,2374.189816,1776282066000
1776282068.685,68.685,0.11,239.0,0.1,432.5,0.12,1.0,0.13,381.24,0.87,508.24,0.86,83.5,0.88,25.0,0.89,171.0,0.01,0.01,2374.280917,1776282067000
1776282069.189,69.189,0.11,311.18,0.1,561.5,0.13,48.77,0.14,412.99,0.88,2.66,0.87,376.24,0.89,248.18,0.9,432.5,0.02,0.01,2374.280917,1776282067000
1776282070.036,70.036,0.11,102.0,0.1,310.0,0.12,344.08,0.13,199.27,0.87,48.77,0.86,412.99,0.89,311.18,0.9,561.5,0.01,0.02,2374.444931,1776282068000
1776282070.63,70.63,0.11,247.18,0.1,416.5,0.12,505.27,0.13,65.77,0.88,344.08,0.87,199.27,0.89,102.0,0.9,310.0,0.01,0.01,2374.319405,1776282069000
1776282071.108,71.108,0.11,621.68,0.1,346.5,0.13,32.61,0.15,28.99,0.88,505.27,0.87,65.77,0.89,247.18,0.9,416.5,0.02,0.01,2374.319405,1776282069000
1776282071.54,71.54,0.12,503.41,0.11,220.0,0.13,3.45,0.14,58.0,0.87,38.0,0.85,265.99,0.88,132.0,0.89,507.68,0.01,0.01,2374.393041,1776282070000
1776282071.951,71.951,0.12,573.7,0.11,390.81,0.13,3.45,0.16,7.85,0.87,3.45,0.86,58.0,0.88,503.41,0.89,220.0,0.01,0.01,2374.393041,1776282070000
1776282072.273,72.273,0.12,667.2,0.11,362.5,0.16,7.85,0.17,71.02,0.87,3.45,0.84,7.85,0.88,573.7,0.89,390.81,0.04,0.01,2374.393041,1776282070000
1776282072.992,72.992,0.15,217.0,0.14,355.5,0.17,11.02,0.18,37.39,0.84,7.85,0.83,71.02,0.88,667.2,0.89,362.5,0.02,0.04,2374.295564,1776282071000
1776282073.237,73.237,0.16,50.0,0.15,239.0,0.17,1.89,0.18,37.39,0.83,11.02,0.82,37.39,0.85,217.0,0.86,355.5,0.01,0.02,2374.666414,1776282072000
1776282073.464,73.464,0.16,49.88,0.15,439.5,0.18,16.28,0.19,50.0,0.83,1.89,0.82,24.39,0.84,49.88,0.85,439.5,0.02,0.01,2374.666414,1776282072000
1776282073.706,73.706,0.16,378.88,0.15,156.5,0.17,4.0,0.18,89.12,0.82,16.28,0.81,50.0,0.84,49.88,0.85,439.5,0.01,0.02,2374.666414,1776282072000
1776282074.436,74.436,0.16,654.69,0.15,209.61,0.18,70.83,0.19,15.0,0.83,4.0,0.82,89.12,0.84,378.88,0.85,156.5,0.02,0.01,2374.952438,1776282073000
1776282074.793,74.793,0.19,472.0,0.18,79.0,0.2,63.0,0.21,5.0,0.82,70.83,0.81,15.0,0.84,654.69,0.85,209.61,0.01,0.02,2374.952438,1776282073000
1776282075.126,75.126,0.2,68.03,0.19,149.0,0.21,67.89,0.22,213.99,0.79,23.89,0.78,62.99,0.8,70.0,0.81,186.0,0.01,0.01,2374.952438,1776282073000
1776282075.602,75.602,0.23,100.0,0.22,105.0,0.24,64.79,0.25,15.0,0.77,10.0,0.76,65.0,0.79,4.81,0.8,78.03,0.01,0.02,2375.394523,1776282074000
1776282075.842,75.842,0.23,95.0,0.22,157.0,0.24,355.79,0.25,80.5,0.76,64.79,0.75,15.0,0.77,100.0,0.78,105.0,0.01,0.01,2375.394523,1776282074000
1776282076.135,76.135,0.22,47.0,0.21,237.0,0.23,10.0,0.24,311.79,0.76,355.79,0.75,80.5,0.77,95.0,0.78,157.0,0.01,0.01,2375.394523,1776282074000
1776282077.427,77.427,0.17,29.0,0.16,133.0,0.21,341.5,0.22,40.5,0.77,10.0,0.76,311.79,0.78,47.0,0.79,237.0,0.04,0.01,2376.080063,1776282076000
1776282078.631,78.631,0.17,91.94,0.16,300.0,0.18,130.76,0.19,252.0,0.79,341.5,0.78,40.5,0.83,29.0,0.84,133.0,0.01,0.04,2375.973917,1776282077000
1776282079.379,79.379,0.19,188.0,0.18,101.0,0.2,19.0,0.21,70.5,0.82,36.0,0.81,15.0,0.83,154.94,0.84,422.0,0.01,0.01,2375.934057,1776282078000
1776282080.648,80.648,0.19,299.52,0.18,298.0,0.2,55.42,0.21,27.0,0.8,14.0,0.79,70.5,0.81,221.76,0.82,151.0,0.01,0.01,2375.637836,1776282079000
1776282081.034,81.034,0.2,35.17,0.19,528.02,0.21,12.0,0.22,6.41,0.8,55.42,0.79,27.0,0.81,299.52,0.82,298.0,0.01,0.01,2375.72262,1776282080000
1776282082.318,82.318,0.2,99.8,0.19,324.52,0.21,15.0,0.22,155.36,0.79,5.84,0.78,11.41,0.8,275.17,0.81,348.02,0.01,0.01,2375.891999,1776282081000
1776282082.615,82.615,0.2,459.95,0.19,225.02,0.21,5.0,0.22,76.36,0.79,15.0,0.78,155.36,0.8,99.8,0.81,324.52,0.01,0.01,2375.891999,1776282081000
1776282082.876,82.876,0.2,476.95,0.19,246.2,0.22,60.36,0.23,32.0,0.79,5.0,0.78,76.36,0.8,459.95,0.81,225.02,0.02,0.01,2375.891999,1776282081000
1776282084.493,84.493,0.21,96.0,0.2,169.9,0.22,10.52,0.23,279.5,0.78,38.36,0.77,10.0,0.79,10.0,0.8,497.45,0.01,0.01,2376.055844,1776282083000
1776282085.63,85.63,0.21,360.0,0.2,275.4,0.22,0.89,0.23,117.99,0.78,10.52,0.77,279.5,0.79,96.0,0.8,169.9,0.01,0.01,2376.124044,1776282084000
1776282086.035,86.035,0.21,358.1,0.2,275.4,0.22,26.55,0.23,117.99,0.78,0.89,0.77,117.99,0.79,360.0,0.8,275.4,0.01,0.01,2376.124044,1776282084000
1776282087.148,87.148,0.21,735.6,0.2,114.58,0.23,107.99,0.25,5.0,0.78,26.55,0.77,117.99,0.79,358.1,0.8,275.4,0.02,0.01,2376.110997,1776282085000
1776282087.54,87.54,0.22,600.0,0.21,377.6,0.25,112.66,0.26,78.5,0.77,107.99,0.74,10.0,0.78,15.17,0.79,725.6,0.03,0.01,2376.14512,1776282086000
1776282088.335,88.335,0.22,230.5,0.21,441.0,0.23,101.83,0.24,15.0,0.75,112.66,0.74,78.5,0.78,600.0,0.79,377.6,0.01,0.03,2376.254566,1776282087000
1776282089.185,89.185,0.25,155.0,0.24,41.0,0.26,102.18,0.27,15.0,0.77,101.83,0.76,15.0,0.78,230.5,0.79,441.0,0.01,0.01,2376.254566,1776282087000
1776282089.912,89.912,0.25,392.96,0.24,146.0,0.26,92.18,0.27,15.0,0.74,92.18,0.73,25.5,0.75,197.0,0.76,279.0,0.01,0.01,2376.392789,1776282088000
1776282090.152,90.152,0.25,50.57,0.24,50.0,0.26,422.68,0.27,80.5,0.74,92.18,0.73,15.0,0.75,392.96,0.76,146.0,0.01,0.01,2376.394524,1776282089000
1776282090.639,90.639,0.25,57.0,0.24,75.0,0.26,402.18,0.27,80.5,0.74,422.68,0.73,80.5,0.75,50.57,0.76,50.0,0.01,0.01,2376.394524,1776282089000
1776282091.478,91.478,0.25,164.0,0.24,375.0,0.26,96.05,0.27,20.0,0.74,402.18,0.73,80.5,0.75,57.0,0.76,75.0,0.01,0.01,2376.451856,1776282090000
1776282092.465,92.465,0.24,46.68,0.23,78.0,0.25,382.5,0.26,136.5,0.74,96.05,0.73,20.0,0.75,164.0,0.76,375.0,0.01,0.01,2376.583615,1776282091000
1776282093.054,93.054,0.26,275.5,0.25,245.47,0.27,18.27,0.28,50.0,0.75,382.5,0.74,136.5,0.76,46.68,0.77,78.0,0.01,0.01,2376.583615,1776282091000
1776282093.271,93.271,0.27,59.47,0.26,549.72,0.32,25.26,0.33,30.0,0.7,2.75,0.69,10.0,0.74,534.04,0.75,61.81,0.05,0.04,2376.583615,1776282091000
1776282093.578,93.578,0.31,13.0,0.3,17.0,0.32,106.79,0.33,98.46,0.68,106.79,0.67,103.46,0.7,11.0,0.71,48.0,0.01,0.02,2376.548764,1776282092000
1776282093.922,93.922,0.27,65.0,0.26,110.0,0.31,409.5,0.32,210.79,0.68,296.79,0.67,120.46,0.7,2.05,0.72,10.0,0.04,0.02,2376.548764,1776282092000
1776282094.488,94.488,0.28,78.0,0.27,90.0,0.29,129.5,0.3,260.5,0.69,409.5,0.68,210.79,0.73,65.0,0.74,110.0,0.01,0.04,2376.530622,1776282093000
1776282094.877,94.877,0.28,67.13,0.27,153.0,0.29,404.98,0.3,96.5,0.71,145.5,0.7,260.5,0.72,28.0,0.73,90.0,0.01,0.01,2376.530622,1776282093000
1776282095.645,95.645,0.28,33.0,0.27,153.0,0.29,371.72,0.3,154.5,0.71,404.98,0.7,96.5,0.72,67.13,0.73,153.0,0.01,0.01,2376.712945,1776282094000
1776282096.139,96.139,0.28,228.0,0.27,152.0,0.29,66.97,0.3,255.5,0.71,371.72,0.7,154.5,0.72,33.0,0.73,153.0,0.01,0.01,2376.712945,1776282094000
1776282097.143,97.143,0.28,143.29,0.27,205.0,0.29,179.17,0.3,391.5,0.71,66.97,0.7,255.5,0.72,228.0,0.73,152.0,0.01,0.01,2377.052735,1776282095000
1776282097.585,97.585,0.27,15.0,0.26,215.0,0.29,510.17,0.3,96.5,0.71,179.17,0.7,391.5,0.72,143.29,0.73,205.0,0.02,0.01,2377.052735,1776282095000
1776282097.927,97.927,0.28,64.61,0.27,257.0,0.29,158.67,0.3,266.5,0.71,510.17,0.7,96.5,0.73,15.0,0.74,215.0,0.01,0.02,2377.002724,1776282096000
1776282098.668,98.668,0.28,129.34,0.27,126.0,0.29,195.17,0.3,149.5,0.71,158.67,0.7,266.5,0.72,64.61,0.73,257.0,0.01,0.01,2377.020966,1776282097000
1776282100.284,100.284,0.28,537.34,0.27,181.82,0.29,10.75,0.3,5.0,0.71,195.17,0.7,149.5,0.72,129.34,0.73,126.0,0.01,0.01,2377.000516,1776282099000
1776282100.686,100.686,0.3,300.32,0.29,275.0,0.31,7.38,0.32,70.5,0.69,7.38,0.68,70.5,0.72,537.34,0.73,181.82,0.01,0.03,2377.000516,1776282099000
1776282102.124,102.124,0.3,333.28,0.29,275.0,0.31,45.99,0.32,65.0,0.69,7.38,0.68,70.5,0.7,294.26,0.71,275.0,0.01,0.01,2377.092463,1776282101000
1776282102.673,102.673,0.3,209.3,0.29,379.0,0.31,45.99,0.32,65.0,0.69,45.99,0.68,65.0,0.7,333.28,0.71,275.0,0.01,0.01,2377.092463,1776282101000
1776282103.426,103.426,0.29,5.0,0.28,130.0,0.31,437.49,0.32,70.0,0.69,45.99,0.68,123.0,0.7,238.4,0.71,379.0,0.02,0.01,2377.230186,1776282102000
1776282103.82,103.82,0.28,135.0,0.27,133.0,0.29,15.0,0.3,380.5,0.7,30.5,0.69,427.49,0.71,39.17,0.72,130.0,0.01,0.01,2377.230186,1776282102000
1776282104.136,104.136,0.28,169.25,0.27,133.0,0.29,299.98,0.3,142.5,0.71,15.0,0.7,380.5,0.72,135.0,0.73,133.0,0.01,0.01,2377.230186,1776282102000
1776282104.946,104.946,0.28,197.82,0.27,115.0,0.29,312.0,0.3,142.5,0.71,288.98,0.7,142.5,0.72,162.5,0.73,133.0,0.01,0.01,2377.273411,1776282103000
1776282105.645,105.645,0.28,188.21,0.27,133.0,0.29,225.35,0.3,231.03,0.71,312.0,0.7,142.5,0.72,197.82,0.73,115.0,0.01,0.01,2377.269325,1776282104000
1776282106.309,106.309,0.28,183.21,0.27,191.0,0.29,151.38,0.3,231.53,0.71,220.17,0.7,231.03,0.72,183.21,0.73,133.0,0.01,0.01,2377.17096,1776282105000
1776282106.933,106.933,0.28,176.04,0.27,173.0,0.29,221.38,0.3,293.91,0.71,151.38,0.7,231.53,0.72,183.21,0.73,191.0,0.01,0.01,2377.17096,1776282105000
1776282107.375,107.375,0.28,200.5,0.27,173.0,0.29,216.38,0.3,293.91,0.71,221.38,0.7,293.91,0.72,176.04,0.73,173.0,0.01,0.01,2377.17096,1776282105000
1776282109.379,109.379,0.28,225.52,0.27,173.0,0.29,92.24,0.3,371.0,0.71,216.38,0.7,293.91,0.72,200.5,0.73,173.0,0.01,0.01,2377.200727,1776282108000
1776282110.242,110.242,0.28,567.52,0.27,215.5,0.31,7.38,0.32,70.5,0.71,92.24,0.7,371.0,0.72,225.52,0.73,173.0,0.03,0.01,2377.200727,1776282108000
1776282110.682,110.682,0.29,102.0,0.28,225.52,0.31,57.38,0.32,70.5,0.7,2.2,0.69,57.38,0.71,179.0,0.72,429.87,0.02,0.01,2377.186991,1776282109000
1776282111.016,111.016,0.29,177.0,0.28,407.52,0.3,105.34,0.31,95.38,0.69,57.38,0.68,70.5,0.71,102.0,0.72,225.52,0.01,0.02,2377.186991,1776282109000
1776282112.046,112.046,0.29,4.59,0.28,119.52,0.3,209.3,0.31,113.5,0.7,105.34,0.69,95.38,0.71,177.0,0.72,407.52,0.01,0.01,2377.209335,1776282110000
1776282112.296,112.296,0.28,113.6,0.27,65.0,0.29,10.5,0.3,415.3,0.7,209.3,0.69,113.5,0.71,4.59,0.72,119.52,0.01,0.01,2377.35149,1776282111000
1776282115.416,115.416,0.28,10.0,0.27,57.4,0.29,418.87,0.3,173.22,0.71,10.5,0.7,415.3,0.72,113.6,0.73,65.0,0.01,0.01,2377.125912,1776282114000
1776282116.374,116.374,0.28,13.05,0.27,50.0,0.29,392.87,0.3,153.27,0.71,418.87,0.7,173.22,0.72,10.0,0.73,57.4,0.01,0.01,2377.125912,1776282114000
1776282116.901,116.901,0.27,54.65,0.26,253.0,0.28,78.95,0.29,382.87,0.72,8.95,0.71,387.87,0.73,50.0,0.74,253.0,0.01,0.01,2377.037153,1776282115000
1776282118.781,118.781,0.28,21.0,0.27,187.65,0.29,54.0,0.3,290.27,0.72,78.95,0.71,382.87,0.73,54.65,0.74,253.0,0.01,0.01,2377.013973,1776282117000
1776282121.056,121.056,0.27,69.65,0.26,236.64,0.28,54.16,0.29,331.85,0.71,54.0,0.7,290.27,0.72,21.0,0.73,187.65,0.01,0.01,2377.03093,1776282119000
1776282121.592,121.592,0.27,4.0,0.26,227.0,0.28,439.66,0.29,158.8,0.72,54.16,0.71,331.85,0.73,69.65,0.74,236.64,0.01,0.01,2377.187343,1776282120000
1776282126.526,126.526,0.24,34.0,0.22,133.0,0.25,553.5,0.26,300.57,0.72,439.66,0.71,158.8,0.73,4.0,0.74,227.0,0.01,0.01,2376.851495,1776282125000
1776282126.883,126.883,0.22,75.0,0.21,100.35,0.25,630.5,0.26,375.57,0.75,553.5,0.74,300.57,0.76,1.0,0.78,138.0,0.03,0.01,2376.851495,1776282125000
1776282129.791,129.791,0.2,98.0,0.19,107.99,0.21,309.0,0.22,190.5,0.75,630.5,0.74,375.57,0.78,75.0,0.79,100.35,0.01,0.03,2376.422243,1776282128000
1776282130.476,130.476,0.19,182.89,0.18,169.61,0.2,296.0,0.21,190.5,0.79,309.0,0.78,190.5,0.8,98.0,0.81,107.99,0.01,0.01,2376.351278,1776282129000
1776282131.843,131.843,0.25,60.0,0.24,222.35,0.26,102.41,0.27,150.0,0.8,296.0,0.79,190.5,0.81,182.89,0.82,169.61,0.01,0.01,2376.347493,1776282130000
1776282132.576,132.576,0.25,520.01,0.24,126.0,0.26,44.07,0.27,16.6,0.74,102.41,0.73,150.0,0.75,60.0,0.76,222.35,0.01,0.01,2376.365645,1776282131000
1776282133.281,133.281,0.25,333.49,0.24,306.0,0.26,55.07,0.27,16.6,0.74,44.07,0.73,16.6,0.75,520.01,0.76,126.0,0.01,0.01,2376.365645,1776282131000
1776282133.541,133.541,0.25,125.35,0.24,245.64,0.26,11.07,0.27,16.6,0.74,55.07,0.73,16.6,0.75,333.49,0.76,306.0,0.01,0.01,2376.365645,1776282131000
1776282134.689,134.689,0.25,206.65,0.24,425.64,0.26,93.03,0.27,361.5,0.74,11.07,0.73,16.6,0.75,125.35,0.76,245.64,0.01,0.01,2376.970523,1776282133000
1776282137.225,137.225,0.22,60.0,0.18,169.21,0.25,573.0,0.26,243.93,0.74,93.03,0.73,361.5,0.75,206.65,0.76,425.64,0.03,0.01,2377.012213,1776282135000
1776282138.154,138.154,0.18,13.86,0.17,336.13,0.19,316.14,0.2,76.0,0.75,573.0,0.74,243.93,0.78,60.0,0.82,169.21,0.01,0.03,2377.006106,1776282136000
1776282138.964,138.964,0.18,183.47,0.17,313.77,0.19,23.0,0.2,80.0,0.81,316.14,0.8,76.0,0.82,13.86,0.83,336.13,0.01,0.01,2376.973452,1776282137000
1776282139.371,139.371,0.18,188.47,0.17,325.77,0.19,22.39,0.2,320.5,0.81,23.0,0.8,80.0,0.82,183.47,0.83,313.77,0.01,0.01,2376.690263,1776282138000
1776282139.903,139.903,0.18,78.23,0.17,331.13,0.19,334.14,0.2,136.5,0.81,22.39,0.8,320.5,0.82,188.47,0.83,325.77,0.01,0.01,2376.690263,1776282138000
1776282140.963,140.963,0.18,88.23,0.17,273.13,0.19,329.14,0.2,269.7,0.81,334.14,0.8,136.5,0.82,78.23,0.83,331.13,0.01,0.01,2376.254818,1776282139000
1776282142.003,142.003,0.17,194.13,0.16,149.21,0.19,571.64,0.2,266.82,0.81,329.14,0.8,269.7,0.82,88.23,0.83,273.13,0.02,0.01,2376.247564,1776282140000
1776282147.265,147.265,0.17,154.22,0.16,149.86,0.18,552.5,0.19,224.91,0.82,223.0,0.81,250.64,0.83,163.03,0.84,267.21,0.01,0.01,2376.067676,1776282145000
1776282149.106,149.106,0.17,159.84,0.16,186.86,0.18,474.1,0.19,284.66,0.82,552.5,0.81,224.91,0.83,154.22,0.84,149.86,0.01,0.01,2376.098445,1776282147000
1776282149.761,149.761,0.17,42.67,0.16,196.86,0.18,559.1,0.19,289.66,0.82,474.1,0.81,284.66,0.83,159.84,0.84,186.86,0.01,0.01,2376.019706,1776282148000
1776282150.929,150.929,0.16,196.86,0.15,168.85,0.17,7.33,0.18,554.1,0.82,559.1,0.81,289.66,0.83,42.67,0.84,196.86,0.01,0.01,2376.024634,1776282149000
1776282151.156,151.156,0.16,155.08,0.15,191.58,0.17,415.83,0.18,295.1,0.83,7.33,0.82,554.1,0.84,196.86,0.85,168.85,0.01,0.01,2376.035442,1776282150000
1776282151.796,151.796,0.15,93.86,0.14,147.21,0.17,684.83,0.18,256.1,0.83,415.83,0.82,295.1,0.84,155.08,0.85,191.58,0.02,0.01,2376.035442,1776282150000
1776282152.052,152.052,0.15,186.06,0.14,128.5,0.16,155.5,0.17,255.25,0.83,684.83,0.82,256.1,0.85,93.86,0.86,147.21,0.01,0.02,2376.035442,1776282150000
1776282152.562,152.562,0.15,10.56,0.14,52.5,0.16,505.5,0.17,266.25,0.84,342.5,0.83,312.25,0.85,166.06,0.86,135.71,0.01,0.01,2376.050944,1776282151000
1776282153.424,153.424,0.14,45.48,0.13,212.99,0.15,447.5,0.16,316.5,0.84,500.5,0.83,266.25,0.86,107.85,0.87,225.0,0.01,0.02,2376.091413,1776282152000
1776282153.785,153.785,0.13,21.8,0.12,389.0,0.14,366.12,0.15,330.79,0.86,82.62,0.85,442.5,0.87,82.81,0.88,331.0,0.01,0.01,2376.091413,1776282152000
1776282154.272,154.272,0.13,33.45,0.12,389.0,0.14,375.12,0.15,300.99,0.86,366.12,0.85,330.79,0.87,21.8,0.88,389.0,0.01,0.01,2375.93874,1776282153000
1776282154.889,154.889,0.13,9.26,0.12,397.41,0.14,467.12,0.15,400.99,0.86,375.12,0.85,300.99,0.87,33.45,0.88,389.0,0.01,0.01,2375.93874,1776282153000
1776282155.407,155.407,0.13,4.12,0.12,277.41,0.14,422.5,0.15,478.64,0.86,427.5,0.85,535.64,0.87,6.12,0.88,397.41,0.01,0.01,2375.823124,1776282154000
1776282157.322,157.322,0.11,130.64,0.1,309.67,0.12,289.68,0.13,553.3,0.86,422.5,0.85,478.64,0.87,4.12,0.88,277.41,0.01,0.01,2375.688634,1776282156000
1776282158.424,158.424,0.11,175.64,0.1,425.66,0.12,201.78,0.13,370.0,0.88,289.68,0.87,553.3,0.89,130.64,0.9,309.67,0.01,0.01,2375.464959,1776282157000
1776282160.549,160.549,0.11,207.83,0.1,595.66,0.12,149.78,0.13,217.18,0.88,201.78,0.87,370.0,0.89,175.64,0.9,425.66,0.01,0.01,2375.373375,1776282159000
1776282160.936,160.936,0.11,117.36,0.1,587.66,0.12,199.78,0.13,222.18,0.88,149.78,0.87,217.18,0.89,209.69,0.9,595.66,0.01,0.01,2375.373375,1776282159000
1776282164.455,164.455,0.11,167.37,0.1,641.66,0.12,266.56,0.13,436.0,0.88,199.78,0.87,222.18,0.89,117.36,0.9,587.66,0.01,0.01,2375.687597,1776282163000
1776282165.043,165.043,0.11,154.37,0.1,462.66,0.12,143.3,0.13,441.0,0.88,266.56,0.87,436.0,0.89,167.37,0.9,641.66,0.01,0.01,2375.687597,1776282163000
1776282165.801,165.801,0.11,74.13,0.1,494.66,0.12,338.92,0.13,278.0,0.88,202.46,0.87,441.0,0.89,145.37,0.9,437.66,0.01,0.01,2375.818785,1776282164000
1776282167.334,167.334,0.1,368.66,0.09,412.0,0.12,477.86,0.13,253.17,0.88,343.92,0.87,278.0,0.89,127.99,0.9,437.66,0.02,0.01,2375.731332,1776282165000
1776282171.519,171.519,0.1,184.77,0.09,615.0,0.11,48.63,0.12,137.0,0.88,477.86,0.87,253.17,0.9,368.66,0.91,412.0,0.01,0.02,2375.579406,1776282170000
1776282171.742,171.742,0.1,116.72,0.09,615.0,0.11,39.4,0.12,168.82,0.89,44.4,0.88,168.82,0.9,111.72,0.91,615.0,0.01,0.01,2375.579406,1776282170000
1776282171.983,171.983,0.1,34.58,0.09,366.0,0.11,54.4,0.12,184.32,0.89,39.4,0.88,168.82,0.9,116.72,0.91,615.0,0.01,0.01,2375.579406,1776282170000
1776282172.677,172.677,0.1,41.33,0.09,423.0,0.11,172.69,0.12,447.5,0.89,54.4,0.88,184.32,0.9,34.58,0.91,366.0,0.01,0.01,2375.394689,1776282171000
1776282172.948,172.948,0.1,24.21,0.09,436.0,0.11,122.69,0.12,447.5,0.89,172.69,0.88,447.5,0.9,41.33,0.91,423.0,0.01,0.01,2375.394689,1776282171000
1776282175.541,175.541,0.1,7.21,0.09,261.0,0.11,280.98,0.12,246.21,0.89,163.59,0.88,447.5,0.9,24.21,0.91,436.0,0.01,0.01,2375.614151,1776282174000
1776282176.953,176.953,0.09,227.22,0.08,402.0,0.1,347.68,0.11,243.48,0.89,280.98,0.88,246.21,0.9,7.21,0.91,261.0,0.01,0.01,2375.600853,1776282175000
1776282177.409,177.409,0.09,228.22,0.08,599.0,0.1,151.68,0.11,63.59,0.9,347.68,0.89,243.48,0.91,227.22,0.92,402.0,0.01,0.01,2375.598712,1776282176000
1776282177.772,177.772,0.09,233.22,0.08,638.0,0.1,145.29,0.11,42.59,0.9,151.68,0.89,63.59,0.91,228.22,0.92,599.0,0.01,0.01,2375.598712,1776282176000
1776282179.956,179.956,0.09,386.22,0.08,452.0,0.1,150.29,0.11,33.59,0.9,145.29,0.89,42.59,0.91,233.22,0.92,638.0,0.01,0.01,2375.62066,1776282178000
1776282180.358,180.358,0.09,467.22,0.08,433.0,0.11,23.59,0.12,10.0,0.9,150.29,0.89,33.59,0.91,386.22,0.92,452.0,0.02,0.01,2375.653325,1776282179000
1776282180.804,180.804,0.13,86.0,0.12,84.0,0.14,37.17,0.15,79.29,0.87,10.0,0.86,68.0,0.88,29.86,0.89,15.0,0.01,0.01,2375.653325,1776282179000
1776282181.013,181.013,0.13,156.06,0.12,207.0,0.14,10.0,0.15,55.29,0.86,10.0,0.85,55.29,0.87,156.06,0.88,207.0,0.01,0.01,2375.653325,1776282179000
1776282181.331,181.331,0.14,414.17,0.13,65.0,0.15,31.52,0.2,10.0,0.85,98.29,0.84,105.82,0.86,223.17,0.87,70.0,0.01,0.01,2375.676413,1776282180000
1776282181.699,181.699,0.14,690.17,0.13,202.0,0.2,58.0,0.22,17.0,0.85,7.15,0.8,58.0,0.86,625.67,0.87,195.0,0.06,0.01,2375.676413,1776282180000
1776282181.91,181.91,0.18,20.39,0.17,10.0,0.2,67.0,0.21,10.5,0.8,58.0,0.78,17.0,0.86,690.17,0.87,202.0,0.02,0.06,2375.676413,1776282180000
1776282182.797,182.797,0.19,76.06,0.18,245.0,0.2,67.77,0.21,127.12,0.8,72.0,0.79,10.5,0.81,11.06,0.82,10.0,0.01,0.01,2375.895585,1776282181000
1776282183.303,183.303,0.19,70.12,0.18,240.0,0.2,67.77,0.21,143.29,0.8,67.77,0.79,127.12,0.81,76.06,0.82,245.0,0.01,0.01,2375.895585,1776282181000
1776282183.787,183.787,0.19,129.18,0.18,245.0,0.2,68.46,0.21,137.62,0.8,63.46,0.79,127.12,0.81,140.12,0.82,245.0,0.01,0.01,2376.394443,1776282182000
1776282184.712,184.712,0.19,126.82,0.18,235.0,0.2,205.21,0.21,25.5,0.8,68.46,0.79,137.62,0.81,129.18,0.82,245.0,0.01,0.01,2376.76115,1776282183000
1776282184.96,184.96,0.19,63.88,0.18,292.0,0.2,205.21,0.21,25.5,0.8,205.21,0.79,25.5,0.81,126.82,0.82,235.0,0.01,0.01,2376.76115,1776282183000
1776282185.992,185.992,0.19,100.94,0.18,235.0,0.2,190.21,0.21,32.5,0.8,210.21,0.79,25.5,0.81,54.88,0.82,292.0,0.01,0.01,2376.873091,1776282184000
1776282187.156,187.156,0.19,361.47,0.18,80.5,0.2,61.95,0.21,10.0,0.8,190.21,0.79,32.5,0.81,100.94,0.82,235.0,0.01,0.01,2376.857636,1776282185000
1776282187.399,187.399,0.19,365.0,0.18,72.0,0.2,29.95,0.21,10.0,0.8,37.95,0.79,10.0,0.81,418.0,0.82,72.0,0.01,0.01,2376.857636,1776282185000
1776282188.175,188.175,0.2,326.06,0.19,135.5,0.21,10.64,0.23,10.0,0.79,10.0,0.78,20.5,0.81,360.0,0.82,72.0,0.01,0.02,2376.953603,1776282186000
1776282188.521,188.521,0.2,379.06,0.19,71.0,0.21,41.98,0.22,79.96,0.79,10.64,0.77,10.0,0.8,326.06,0.81,135.5,0.01,0.01,2376.900437,1776282187000
1776282189.141,189.141,0.2,4.06,0.19,43.0,0.21,210.06,0.22,195.0,0.79,6.02,0.78,79.96,0.8,315.12,0.81,71.0,0.01,0.01,2376.9743,1776282188000
1776282189.433,189.433,0.18,297.98,0.17,163.6,0.21,151.06,0.22,252.0,0.79,203.06,0.78,190.0,0.8,4.06,0.81,43.0,0.03,0.01,2376.9743,1776282188000
1776282189.636,189.636,0.2,9.06,0.19,363.0,0.21,88.06,0.22,15.0,0.79,151.06,0.78,252.0,0.82,297.98,0.83,163.6,0.01,0.03,2376.9743,1776282188000
1776282189.993,189.993,0.2,132.06,0.19,190.0,0.22,116.8,0.23,10.0,0.79,88.06,0.78,15.0,0.8,9.06,0.81,363.0,0.02,0.01,2376.9743,1776282188000
1776282190.434,190.434,0.2,213.04,0.19,68.0,0.21,10.0,0.22,116.8,0.78,116.8,0.77,10.0,0.8,132.06,0.81,190.0,0.01,0.02,2376.994293,1776282189000
1776282190.694,190.694,0.21,54.06,0.2,343.06,0.22,109.8,0.23,68.0,0.78,109.8,0.77,68.0,0.8,213.04,0.81,68.0,0.01,0.02,2376.994293,1776282189000
1776282191.207,191.207,0.21,304.06,0.2,117.06,0.22,5.15,0.23,113.99,0.78,103.3,0.77,68.0,0.79,294.06,0.8,116.06,0.01,0.01,2377.119577,1776282190000
1776282191.781,191.781,0.25,9.56,0.24,20.47,0.26,21.83,0.27,10.0,0.77,113.99,0.76,10.0,0.79,304.06,0.8,117.06,0.01,0.02,2377.119577,1776282190000
1776282192.188,192.188,0.25,275.0,0.24,20.47,0.26,0.83,0.27,107.92,0.74,21.83,0.73,10.0,0.75,9.56,0.76,20.47,0.01,0.01,2377.173036,1776282191000
1776282192.801,192.801,0.25,269.06,0.24,12.0,0.26,120.12,0.27,68.0,0.74,0.83,0.73,107.92,0.75,275.0,0.76,20.47,0.01,0.01,2377.173036,1776282191000
1776282193.65,193.65,0.25,315.5,0.24,107.0,0.27,10.0,0.28,27.89,0.74,120.12,0.73,68.0,0.75,269.06,0.76,12.0,0.02,0.01,2377.339292,1776282192000
1776282193.953,193.953,0.26,473.5,0.25,65.0,0.27,2.22,0.28,27.89,0.73,10.0,0.72,27.89,0.74,451.06,0.75,123.0,0.01,0.01,2377.339292,1776282192000
1776282194.281,194.281,0.27,352.06,0.26,110.5,0.28,29.45,0.29,175.72,0.71,24.0,0.7,20.0,0.74,468.5,0.75,65.0,0.01,0.03,2377.61881,1776282193000
1776282194.741,194.741,0.27,444.56,0.26,180.5,0.28,12.45,0.29,117.72,0.72,29.45,0.71,175.72,0.73,352.06,0.74,110.5,0.01,0.01,2377.61881,1776282193000
1776282195.244,195.244,0.28,9.06,0.27,48.0,0.29,407.72,0.3,40.5,0.71,117.72,0.7,78.0,0.73,444.56,0.74,180.5,0.01,0.02,2377.666829,1776282194000
1776282195.587,195.587,0.27,61.6,0.26,225.0,0.28,15.94,0.29,233.72,0.71,412.72,0.7,40.5,0.73,48.0,0.74,45.0,0.01,0.02,2377.666829,1776282194000
1776282197.542,197.542,0.27,331.0,0.26,170.7,0.28,106.15,0.29,140.0,0.72,15.94,0.71,233.72,0.73,61.6,0.74,225.0,0.01,0.01,2377.775715,1776282196000
1776282198.334,198.334,0.27,347.0,0.26,188.7,0.28,99.15,0.29,25.0,0.72,157.15,0.71,82.0,0.73,115.0,0.74,170.7,0.01,0.01,2377.775715,1776282196000
1776282198.548,198.548,0.27,345.0,0.26,183.7,0.28,99.15,0.29,25.0,0.72,99.15,0.71,25.0,0.73,356.0,0.74,183.7,0.01,0.01,2377.76854,1776282197000
1776282199.608,199.608,0.28,6.0,0.27,475.8,0.3,20.0,0.31,108.0,0.72,99.15,0.71,25.0,0.73,355.0,0.74,183.7,0.02,0.01,2377.785245,1776282198000
1776282199.934,199.934,0.29,15.0,0.27,28.3,0.3,68.0,0.31,250.5,0.7,20.0,0.69,108.0,0.72,6.0,0.73,475.8,0.01,0.02,2377.785245,1776282198000
1776282201.051,201.051,0.27,331.28,0.26,216.7,0.28,10.0,0.29,10.0,0.7,73.0,0.69,250.5,0.73,28.3,0.74,410.7,0.01,0.03,2377.865175,1776282200000
1776282201.714,201.714,0.27,304.91,0.26,274.7,0.28,10.0,0.29,10.0,0.72,10.0,0.71,10.0,0.73,331.28,0.74,216.7,0.01,0.01,2377.865175,1776282200000
1776282205.112,205.112,0.29,483.02,0.28,129.0,0.3,10.0,0.31,50.0,0.72,10.0,0.71,10.0,0.73,304.91,0.74,274.7,0.01,0.01,2377.863005,1776282203000
1776282205.482,205.482,0.29,491.93,0.28,71.0,0.3,10.0,0.31,50.0,0.7,10.0,0.69,50.0,0.71,483.02,0.72,129.0,0.01,0.01,2377.863005,1776282203000
1776282206.419,206.419,0.27,50.0,0.26,50.0,0.3,115.5,0.31,126.5,0.7,10.0,0.69,50.0,0.71,491.93,0.72,71.0,0.03,0.01,2377.883959,1776282204000
1776282207.326,207.326,0.26,60.0,0.25,125.0,0.27,64.54,0.28,97.5,0.7,115.5,0.69,126.5,0.73,50.0,0.74,50.0,0.01,0.03,2377.892129,1776282205000
1776282208.37,208.37,0.23,3.0,0.22,15.0,0.24,58.5,0.25,31.5,0.73,63.54,0.72,97.5,0.74,60.0,0.75,125.0,0.01,0.01,2377.98722,1776282207000
1776282212.161,212.161,0.25,18.0,0.24,254.0,0.26,7.53,0.27,10.0,0.76,63.5,0.75,31.5,0.78,14.92,0.79,273.0,0.01,0.02,2377.560935,1776282210000
1776282212.37,212.37,0.26,10.0,0.25,190.0,0.29,102.75,0.3,60.0,0.74,7.53,0.73,10.0,0.75,18.0,0.76,254.0,0.03,0.01,2377.560935,1776282210000
1776282213.667,213.667,0.27,7.78,0.26,330.0,0.28,25.5,0.29,89.43,0.71,102.75,0.7,60.0,0.74,10.0,0.75,190.0,0.01,0.03,2377.689765,1776282212000
1776282214.167,214.167,0.24,10.0,0.23,96.0,0.27,85.5,0.28,195.5,0.72,25.5,0.71,89.43,0.73,7.78,0.74,330.0,0.03,0.01,2377.689765,1776282212000
1776282214.541,214.541,0.24,362.28,0.23,96.0,0.25,10.0,0.26,10.0,0.73,85.5,0.72,195.5,0.76,10.0,0.77,96.0,0.01,0.03,2377.754424,1776282213000
1776282220.871,220.871,0.24,371.0,0.23,110.0,0.26,15.0,0.27,10.0,0.75,10.0,0.74,10.0,0.76,362.28,0.77,96.0,0.02,0.01,2377.895808,1776282219000
1776282222.023,222.023,0.24,66.0,0.23,315.0,0.26,135.0,0.27,216.5,0.74,15.0,0.73,10.0,0.76,371.0,0.77,110.0,0.02,0.02,2377.808155,1776282220000
1776282223.661,223.661,0.23,70.3,0.22,163.92,0.26,216.5,0.27,151.5,0.74,135.0,0.73,216.5,0.76,66.0,0.77,315.0,0.03,0.02,2377.875817,1776282222000
1776282223.915,223.915,0.23,169.3,0.22,405.92,0.25,13.0,0.26,89.5,0.75,22.0,0.74,89.5,0.77,169.3,0.78,405.92,0.02,0.02,2377.875817,1776282222000
1776282224.722,224.722,0.25,251.0,0.24,186.0,0.27,2.12,0.28,20.5,0.75,13.0,0.74,89.5,0.77,169.3,0.78,405.92,0.02,0.02,2377.959826,1776282223000
1776282225.38,225.38,0.26,2.97,0.25,5.0,0.27,74.62,0.28,313.5,0.73,2.12,0.72,20.5,0.75,251.0,0.76,186.0,0.01,0.02,2377.959826,1776282223000
1776282226.307,226.307,0.25,5.0,0.23,85.3,0.26,260.11,0.27,67.62,0.73,74.62,0.72,313.5,0.74,2.97,0.75,5.0,0.01,0.01,2377.925154,1776282225000
1776282227.363,227.363,0.25,5.0,0.24,5.0,0.26,326.65,0.27,74.62,0.74,260.11,0.73,67.62,0.75,5.0,0.77,85.3,0.01,0.01,2377.89818,1776282226000
1776282228.945,228.945,0.24,3.82,0.23,65.0,0.26,376.65,0.27,79.62,0.74,326.65,0.73,74.62,0.75,5.0,0.76,5.0,0.02,0.01,2377.893733,1776282227000
1776282229.562,229.562,0.24,3.82,0.23,60.0,0.25,5.0,0.26,71.65,0.74,376.65,0.73,79.62,0.76,3.82,0.77,65.0,0.01,0.02,2377.923223,1776282228000
1776282231.914,231.914,0.27,148.5,0.26,225.73,0.28,9.9,0.29,10.0,0.75,5.0,0.74,71.65,0.76,3.82,0.77,60.0,0.01,0.01,2378.012465,1776282230000
1776282232.43,232.43,0.28,348.61,0.27,133.5,0.29,10.0,0.3,10.0,0.69,54.77,0.68,45.0,0.73,328.5,0.74,45.73,0.01,0.04,2377.897903,1776282231000
1776282234.153,234.153,0.28,95.71,0.27,26.0,0.29,4.0,0.3,20.5,0.71,10.0,0.7,10.0,0.72,343.33,0.73,133.5,0.01,0.01,2378.171492,1776282233000
1776282235.4,235.4,0.25,68.0,0.24,209.7,0.29,17.0,0.3,20.5,0.71,4.0,0.7,20.5,0.72,95.71,0.73,26.0,0.04,0.01,2378.231855,1776282234000
1776282235.685,235.685,0.23,85.0,0.22,34.92,0.25,10.0,0.26,26.0,0.73,10.0,0.72,10.0,0.75,62.72,0.76,209.7,0.02,0.02,2378.231855,1776282234000
1776282236.663,236.663,0.23,32.9,0.22,34.92,0.24,218.5,0.25,157.5,0.75,26.0,0.74,32.0,0.76,15.01,0.77,34.9,0.01,0.01,2378.219614,1776282235000
1776282237.564,237.564,0.2,10.0,0.19,85.0,0.22,77.27,0.23,26.0,0.76,218.5,0.75,157.5,0.78,5.82,0.79,143.0,0.02,0.02,2378.219614,1776282235000
1776282237.98,237.98,0.19,25.0,0.18,50.0,0.2,121.0,0.21,76.0,0.78,77.27,0.77,26.0,0.8,10.0,0.81,85.0,0.01,0.02,2378.219614,1776282235000
1776282238.188,238.188,0.17,53.08,0.16,85.0,0.18,15.0,0.19,73.0,0.82,15.0,0.81,15.0,0.83,60.17,0.84,85.0,0.01,0.01,2378.058791,1776282236000
1776282238.481,238.481,0.16,5.87,0.15,10.0,0.18,264.0,0.19,26.0,0.82,15.0,0.81,73.0,0.83,53.08,0.84,85.0,0.02,0.01,2378.058791,1776282236000
1776282238.927,238.927,0.15,5.7,0.14,110.0,0.16,90.13,0.17,206.0,0.84,44.13,0.83,23.0,0.85,10.0,0.86,110.0,0.01,0.01,2378.058791,1776282236000
1776282239.418,239.418,0.14,11.73,0.13,206.75,0.15,135.25,0.16,116.13,0.85,12.0,0.84,95.13,0.86,15.11,0.87,206.75,0.01,0.01,2377.861042,1776282237000
1776282240.255,240.255,0.13,354.45,0.12,67.0,0.14,15.0,0.15,47.25,0.85,141.25,0.84,121.13,0.87,206.75,0.88,10.0,0.01,0.02,2377.767952,1776282238000
1776282240.789,240.789,0.14,275.0,0.13,111.45,0.15,6.75,0.21,10.0,0.86,15.0,0.85,47.25,0.87,354.45,0.88,67.0,0.01,0.01,2377.374587,1776282239000
1776282240.999,240.999,0.2,10.0,0.19,20.0,0.22,113.25,0.23,67.0,0.78,113.25,0.77,67.0,0.86,333.0,0.87,111.45,0.02,0.08,2377.374587,1776282239000
1776282241.408,241.408,0.2,17.18,0.19,143.0,0.21,10.0,0.22,6.98,0.78,108.98,0.77,67.0,0.83,23.0,0.84,40.0,0.01,0.05,2377.333263,1776282240000
1776282241.705,241.705,0.21,268.64,0.2,118.0,0.24,60.0,0.25,67.0,0.78,10.0,0.77,10.0,0.79,18.64,0.8,297.0,0.03,0.01,2377.333263,1776282240000
1776282243.621,243.621,0.22,249.71,0.21,65.64,0.23,10.0,0.24,70.0,0.76,7.0,0.75,67.0,0.79,268.64,0.8,60.0,0.01,0.03,2377.644102,1776282242000
1776282247.233,247.233,0.21,298.86,0.2,116.0,0.23,10.0,0.24,10.0,0.77,10.0,0.76,70.0,0.78,249.71,0.79,65.64,0.02,0.01,2377.82914,1776282245000
1776282249.323,249.323,0.22,365.0,0.21,71.0,0.24,7.76,0.25,19.67,0.74,60.0,0.73,66.0,0.79,303.86,0.8,116.0,0.02,0.05,2377.888433,1776282247000
1776282249.55,249.55,0.23,69.0,0.22,298.0,0.25,19.67,0.26,16.0,0.76,7.76,0.75,19.67,0.78,365.0,0.79,71.0,0.02,0.02,2377.912819,1776282248000
1776282249.973,249.973,0.24,373.0,0.23,71.0,0.26,10.0,0.27,16.0,0.75,19.67,0.74,16.0,0.77,69.0,0.78,298.0,0.02,0.02,2377.912819,1776282248000
1776282250.902,250.902,0.25,249.0,0.24,129.0,0.27,15.13,0.28,10.0,0.74,10.0,0.73,16.0,0.76,373.0,0.77,71.0,0.02,0.02,2377.933572,1776282249000
1776282253.531,253.531,0.24,281.5,0.23,80.3,0.25,10.0,0.26,22.0,0.73,15.13,0.72,10.0,0.75,249.0,0.76,129.0,0.01,0.02,2378.039817,1776282252000
1776282257.518,257.518,0.23,22.0,0.22,139.0,0.24,5.83,0.25,15.0,0.75,10.0,0.74,22.0,0.76,281.5,0.77,80.3,0.01,0.01,2378.064568,1776282256000
1776282259.31,259.31,0.23,10.07,0.22,68.0,0.24,5.83,0.25,15.0,0.76,5.83,0.75,15.0,0.77,22.0,0.78,139.0,0.01,0.01,2378.087445,1776282258000
1776282259.776,259.776,0.23,0.39,0.22,118.0,0.24,1.66,0.25,15.0,0.76,6.66,0.75,15.0,0.77,5.0,0.78,68.0,0.01,0.01,2378.087445,1776282258000
1776282261.357,261.357,0.22,51.0,0.2,92.5,0.23,15.0,0.24,1.66,0.76,1.66,0.75,15.0,0.77,0.39,0.78,118.0,0.01,0.01,2378.08981,1776282259000
1776282261.614,261.614,0.22,49.07,0.2,92.5,0.23,15.0,0.24,1.66,0.77,15.0,0.76,1.66,0.78,51.0,0.8,92.5,0.01,0.01,2378.091707,1776282260000
1776282262.647,262.647,0.21,60.0,0.2,155.5,0.25,176.96,0.26,72.0,0.77,15.0,0.76,1.66,0.78,49.07,0.8,92.5,0.04,0.01,2378.139233,1776282261000
1776282263.275,263.275,0.22,20.0,0.21,60.0,0.24,18.75,0.25,197.96,0.75,176.96,0.74,72.0,0.79,60.0,0.8,155.5,0.02,0.04,2378.132875,1776282262000
1776282263.627,263.627,0.21,8.62,0.2,100.5,0.23,10.0,0.24,13.75,0.76,13.75,0.75,197.96,0.79,59.69,0.8,150.5,0.02,0.03,2378.132875,1776282262000
1776282265.181,265.181,0.18,147.55,0.17,60.0,0.19,15.0,0.2,10.0,0.77,10.0,0.76,13.75,0.79,8.62,0.8,100.5,0.01,0.02,2378.119094,1776282263000
1776282265.402,265.402,0.18,125.21,0.17,60.0,0.19,31.0,0.2,77.0,0.81,36.0,0.8,20.0,0.82,129.81,0.83,112.0,0.01,0.01,2378.20738,1776282264000
1776282265.871,265.871,0.18,20.62,0.17,60.0,0.19,240.0,0.2,127.0,0.81,31.0,0.8,77.0,0.82,158.01,0.83,60.0,0.01,0.01,2378.20738,1776282264000
1776282266.134,266.134,0.17,50.0,0.16,50.0,0.19,514.0,0.2,82.86,0.81,463.0,0.8,70.0,0.82,13.18,0.83,50.0,0.02,0.01,2378.20738,1776282264000
1776282266.655,266.655,0.16,35.0,0.15,35.0,0.24,12.25,0.25,65.0,0.81,514.0,0.8,82.86,0.83,50.0,0.84,50.0,0.08,0.02,2378.122459,1776282265000
1776282266.883,266.883,0.16,23.0,0.15,85.0,0.17,113.0,0.18,5.0,0.76,12.25,0.75,65.0,0.84,35.0,0.85,35.0,0.01,0.08,2378.122459,1776282265000
1776282267.565,267.565,0.16,21.8,0.15,85.0,0.17,129.61,0.2,7.86,0.83,113.0,0.82,5.0,0.84,23.0,0.85,85.0,0.01,0.01,2378.114556,1776282266000
1776282268.041,268.041,0.16,14.55,0.15,143.0,0.17,246.61,0.2,7.86,0.83,129.61,0.8,7.86,0.84,21.8,0.85,85.0,0.01,0.01,2378.114556,1776282266000
1776282268.414,268.414,0.16,8.44,0.15,85.0,0.17,246.61,0.2,14.86,0.83,246.61,0.8,7.86,0.84,12.8,0.85,143.0,0.01,0.01,2377.921398,1776282267000
1776282269.438,269.438,0.16,3.44,0.15,35.0,0.17,315.61,0.18,58.0,0.83,246.61,0.8,14.86,0.84,8.44,0.85,85.0,0.01,0.01,2377.921398,1776282267000
1776282269.872,269.872,0.15,35.0,0.14,45.0,0.16,5.56,0.17,373.61,0.83,315.61,0.82,58.0,0.84,3.44,0.85,35.0,0.01,0.01,2377.771351,1776282268000
1776282270.284,270.284,0.14,4.26,0.13,88.69,0.15,301.61,0.16,234.42,0.84,5.56,0.83,373.61,0.85,27.42,0.86,45.0,0.01,0.01,2377.81471,1776282269000
1776282271.034,271.034,0.13,32.81,0.12,10.0,0.14,260.0,0.15,76.61,0.85,311.61,0.84,217.56,0.87,86.27,0.88,80.0,0.01,0.02,2377.81471,1776282269000
1776282271.547,271.547,0.11,19.48,0.1,137.67,0.14,513.44,0.15,55.0,0.86,260.0,0.85,76.61,0.87,32.81,0.88,10.0,0.03,0.01,2377.74548,1776282270000
1776282272.216,272.216,0.12,4.31,0.11,19.48,0.13,352.86,0.14,255.58,0.86,513.44,0.85,55.0,0.89,19.48,0.9,137.67,0.01,0.03,2377.74548,1776282270000
1776282273.308,273.308,0.11,10.47,0.1,19.67,0.12,386.65,0.13,90.47,0.87,371.47,0.86,105.0,0.89,5.47,0.9,79.67,0.01,0.02,2377.410055,1776282272000
1776282273.695,273.695,0.1,7.74,0.09,85.0,0.11,365.86,0.12,142.0,0.88,406.86,0.87,211.56,0.9,13.3,0.91,110.0,0.01,0.02,2377.410055,1776282272000
1776282273.954,273.954,0.09,52.41,0.08,402.42,0.1,231.0,0.11,146.86,0.89,365.86,0.88,142.0,0.91,65.72,0.92,344.42,0.01,0.02,2377.410055,1776282272000
1776282274.188,274.188,0.08,352.42,0.07,510.0,0.09,42.64,0.1,287.86,0.9,287.86,0.89,178.0,0.91,51.31,0.92,402.42,0.01,0.01,2377.410055,1776282272000
1776282275.339,275.339,0.08,19.42,0.07,93.0,0.09,345.25,0.1,150.86,0.91,42.64,0.9,287.86,0.92,352.42,0.93,510.0,0.01,0.01,2377.330156,1776282274000
1776282275.541,275.541,0.07,49.34,0.06,260.0,0.09,331.25,0.1,150.86,0.91,345.25,0.9,150.86,0.92,11.34,0.93,93.0,0.02,0.01,2377.330156,1776282274000
1776282276.097,276.097,0.06,260.0,0.05,155.93,0.08,110.86,0.09,291.39,0.91,341.25,0.9,150.86,0.93,15.34,0.94,260.0,0.02,0.02,2377.330156,1776282274000
1776282277.026,277.026,0.06,124.83,0.05,155.93,0.07,265.0,0.08,95.86,0.92,110.86,0.91,291.39,0.94,260.0,0.95,155.93,0.01,0.02,2377.235877,1776282275000
1776282277.583,277.583,0.06,44.71,0.05,155.93,0.07,284.86,0.08,95.86,0.93,265.0,0.92,95.86,0.94,47.78,0.95,155.93,0.01,0.01,2377.059381,1776282276000
1776282278.166,278.166,0.06,10.0,0.05,105.93,0.07,336.14,0.08,95.86,0.93,284.86,0.92,95.86,0.94,44.71,0.95,155.93,0.01,0.01,2377.02042,1776282277000
1776282279.024,279.024,0.05,0.82,0.04,150.0,0.07,517.0,0.08,58.0,0.93,336.14,0.92,95.86,0.94,10.0,0.95,105.93,0.02,0.01,2377.02042,1776282277000
1776282279.339,279.339,0.03,369.69,0.02,524.0,0.04,217.0,0.05,129.0,0.96,5.0,0.95,5.0,0.97,349.63,0.98,524.0,0.01,0.01,2376.990749,1776282278000
1776282279.578,279.578,0.03,224.38,0.02,524.0,0.04,222.2,0.05,129.0,0.96,222.2,0.95,129.0,0.97,229.48,0.98,524.0,0.01,0.01,2376.990749,1776282278000
1776282279.789,279.789,0.03,224.38,0.02,524.0,0.04,227.29,0.05,124.0,0.96,222.2,0.95,129.0,0.97,224.38,0.98,524.0,0.01,0.01,2376.990749,1776282278000
1776282280.087,280.087,0.03,165.1,0.02,466.0,0.04,249.29,0.05,66.0,0.96,227.29,0.95,124.0,0.97,203.76,0.98,524.0,0.01,0.01,2376.990749,1776282278000
1776282280.502,280.502,0.03,6.34,0.02,466.0,0.04,389.29,0.05,71.0,0.96,244.29,0.95,61.0,0.97,159.95,0.98,466.0,0.01,0.01,2376.944313,1776282279000
1776282280.733,280.733,0.02,203.58,0.01,4329.14,0.03,341.42,0.04,103.2,0.97,278.42,0.96,182.2,0.98,213.58,0.99,4342.14,0.01,0.01,2376.944313,1776282279000
1776282280.95,280.95,0.02,253.05,0.01,4422.87,0.03,336.42,0.04,98.2,0.97,341.42,0.96,98.2,0.98,253.05,0.99,4422.87,0.01,0.01,2376.944313,1776282279000
1776282281.276,281.276,0.02,97.83,0.01,4447.15,0.03,380.42,0.04,73.2,0.97,385.42,0.96,73.2,0.98,116.83,0.99,4403.15,0.01,0.01,2376.599048,1776282280000
1776282281.523,281.523,0.01,4479.91,,,0.02,5.0,0.03,375.42,0.97,380.42,0.96,73.2,0.99,4383.97,,,0.01,0.02,2376.599048,1776282280000
1776282281.769,281.769,0.01,4464.35,,,0.02,3.7,0.03,375.42,0.98,3.7,0.97,375.42,0.99,4474.35,,,0.01,0.01,2376.599048,1776282280000
1776282282.12,282.12,0.01,4414.75,,,0.02,3.7,0.03,398.28,0.98,3.7,0.97,375.42,0.99,4444.35,,,0.01,0.01,2376.599048,1776282280000
1776282282.402,282.402,0.01,4258.73,,,0.02,183.7,0.03,218.28,0.98,183.7,0.97,218.28,0.99,4259.75,,,0.01,0.01,2376.430144,1776282281000
1776282282.714,282.714,0.01,4226.53,,,0.02,183.7,0.03,218.28,0.98,183.7,0.97,218.28,0.99,4231.67,,,0.01,0.01,2376.430144,1776282281000
1776282282.982,282.982,0.01,4206.33,,,0.02,183.7,0.03,218.28,0.98,183.7,0.97,218.28,0.99,4226.53,,,0.01,0.01,2376.430144,1776282281000
1776282283.393,283.393,0.01,4146.11,,,0.02,183.7,0.03,218.28,0.98,183.7,0.97,218.28,0.99,4151.11,,,0.01,0.01,2376.149732,1776282282000
1776282283.922,283.922,0.01,4200.94,,,0.02,180.0,0.03,101.28,0.98,183.7,0.97,201.28,0.99,4035.0,,,0.01,0.01,2376.149732,1776282282000
1776282284.405,284.405,0.01,4047.23,,,0.02,180.0,0.03,101.28,0.98,180.0,0.97,101.28,0.99,4201.23,,,0.01,0.01,2376.070818,1776282283000
1776282284.763,284.763,0.01,3952.93,,,0.02,178.83,0.03,159.28,0.98,180.0,0.97,101.28,0.99,4050.2,,,0.01,0.01,2376.070818,1776282283000
1776282285.19,285.19,0.01,3928.53,,,0.02,177.62,0.03,165.28,0.98,177.62,0.97,159.28,0.99,3942.21,,,0.01,0.01,2376.120391,1776282284000
1776282285.409,285.409,0.01,3806.51,,,0.02,276.62,0.03,199.28,0.98,276.62,0.97,199.28,0.99,3807.53,,,0.01,0.01,2376.120391,1776282284000
1776282285.903,285.903,0.01,3830.42,,,0.02,289.62,0.03,207.28,0.98,278.62,0.97,207.28,0.99,3766.49,,,0.01,0.01,2376.120391,1776282284000
1776282286.164,286.164,0.01,3813.84,,,0.02,294.62,0.03,189.28,0.98,294.62,0.97,189.28,0.99,3823.84,,,0.01,0.01,2376.120391,1776282284000
1776282286.606,286.606,0.01,3775.84,,,0.02,316.62,0.03,189.28,0.98,294.62,0.97,189.28,0.99,3790.84,,,0.01,0.01,2376.524758,1776282285000
1776282286.81,286.81,0.01,3273.04,,,0.02,337.62,0.03,189.28,0.98,342.62,0.97,189.28,0.99,3353.84,,,0.01,0.01,2376.524758,1776282285000
1776282287.054,287.054,0.01,3115.29,,,0.02,307.19,0.03,189.28,0.98,170.19,0.97,189.28,0.99,3117.29,,,0.01,0.01,2376.524758,1776282285000
1776282287.624,287.624,0.01,3205.29,,,0.02,388.69,0.03,164.28,0.98,364.69,0.97,189.28,0.99,3211.29,,,0.01,0.01,2376.505427,1776282286000
1776282287.849,287.849,0.01,3093.36,,,0.02,393.69,0.03,164.28,0.98,388.69,0.97,164.28,0.99,3194.23,,,0.01,0.01,2376.505427,1776282286000
1776282288.427,288.427,0.01,3084.63,,,0.02,364.69,0.03,164.28,0.98,388.69,0.97,164.28,0.99,3083.63,,,0.01,0.01,2376.25126,1776282287000
1776282288.638,288.638,0.01,3060.63,,,0.02,364.69,0.03,164.28,0.98,364.69,0.97,164.28,0.99,3067.63,,,0.01,0.01,2376.25126,1776282287000
1776282289.087,289.087,0.01,3054.3,,,0.02,364.69,0.03,164.28,0.98,364.69,0.97,164.28,0.99,3060.63,,,0.01,0.01,2376.25126,1776282287000
1776282289.515,289.515,0.01,3042.3,,,0.02,364.69,0.03,164.28,0.98,364.69,0.97,164.28,0.99,3054.3,,,0.01,0.01,2375.8984,1776282288000
1776282289.925,289.925,0.01,1958.28,,,0.02,401.69,0.03,164.28,0.98,364.69,0.97,164.28,0.99,1975.28,,,0.01,0.01,2375.8984,1776282288000
1776282290.384,290.384,0.01,1716.71,,,0.02,396.69,0.03,164.28,0.98,396.69,0.97,164.28,0.99,1712.73,,,0.01,0.01,2375.923758,1776282289000
1776282290.593,290.593,0.01,1649.66,,,0.02,401.69,0.03,164.28,0.98,396.69,0.97,164.28,0.99,1661.66,,,0.01,0.01,2375.923758,1776282289000
1776282290.83,290.83,0.01,1596.61,,,0.02,396.69,0.03,164.28,0.98,401.69,0.97,164.28,0.99,1601.66,,,0.01,0.01,2375.923758,1776282289000
1776282291.072,291.072,0.01,1495.59,,,0.02,396.69,0.03,164.28,0.98,401.69,0.97,164.28,0.99,1506.8,,,0.01,0.01,2375.923758,1776282289000
1776282291.428,291.428,0.01,1047.54,,,0.02,396.69,0.03,164.28,0.98,396.69,0.97,164.28,0.99,1085.54,,,0.01,0.01,2375.923758,1776282289000
1776282291.671,291.671,0.01,1047.49,,,0.02,396.69,0.03,144.28,0.98,396.69,0.97,164.28,0.99,1047.54,,,0.01,0.01,2375.991927,1776282290000
1776282294.587,294.587,,,,,0.01,1984.67,0.02,247.69,0.99,1477.51,0.98,396.69,,,,,,,2375.959293,1776282293000
1776282297.495,297.495,,,,,0.01,2492.85,0.02,339.69,0.99,1984.67,0.98,247.69,,,,,,,2376.142951,1776282296000
1776282299.738,299.738,,,,,0.01,24101.9,0.02,230.69,0.99,2492.85,0.98,339.69,,,,,,,2376.050536,1776282298000

# RESULT,winner=Down,slug=eth-updown-5m-1776282000,ticks=402
