timestamp,elapsed_sec,up_bid_p1,up_bid_s1,up_bid_p2,up_bid_s2,up_ask_p1,up_ask_s1,up_ask_p2,up_ask_s2,down_bid_p1,down_bid_s1,down_bid_p2,down_bid_s2,down_ask_p1,down_ask_s1,down_ask_p2,down_ask_s2,up_spread,down_spread,eth_price,eth_oracle_ts
1776380400.569,0.569,0.48,200.0,0.46,220.0,0.51,27.65,0.52,200.0,0.49,32.65,0.48,200.0,0.52,200.0,0.53,15.0,0.03,0.03,2342.959909,1776380399000
1776380401.186,1.186,0.48,200.0,0.46,220.0,0.51,27.65,0.52,200.0,0.49,27.65,0.48,200.0,0.52,200.0,0.54,220.0,0.03,0.03,2342.954855,1776380400000
1776380402.056,2.056,0.48,205.0,0.45,8.88,0.49,127.75,0.5,233.0,0.49,27.65,0.48,200.0,0.52,200.0,0.54,220.0,0.01,0.03,2342.954855,1776380400000
1776380402.293,2.293,0.48,200.0,0.45,8.88,0.49,127.75,0.5,233.0,0.51,127.75,0.5,233.0,0.52,200.0,0.55,8.88,0.01,0.01,2342.954313,1776380401000
1776380402.937,2.937,0.38,77.0,0.37,14.0,0.46,104.82,0.47,292.0,0.54,65.82,0.53,12.0,0.55,3.88,0.6,70.0,0.08,0.01,2342.954313,1776380401000
1776380404.069,4.069,0.38,63.77,0.37,14.0,0.41,5.0,0.43,56.0,0.59,5.0,0.57,56.0,0.62,63.77,0.63,14.0,0.03,0.03,2342.65405,1776380403000
1776380404.278,4.278,0.4,64.91,0.39,20.0,0.41,29.0,0.42,23.0,0.59,5.0,0.57,56.0,0.62,63.77,0.63,14.0,0.01,0.03,2342.65405,1776380403000
1776380404.756,4.756,0.4,54.91,0.39,20.0,0.41,37.0,0.42,23.0,0.59,29.0,0.58,23.0,0.6,64.91,0.61,20.0,0.01,0.01,2342.65405,1776380403000
1776380405.301,5.301,0.4,44.91,0.39,20.0,0.41,37.0,0.42,23.0,0.59,37.0,0.58,23.0,0.6,44.91,0.61,20.0,0.01,0.01,2342.437365,1776380404000
1776380405.644,5.644,0.39,15.0,0.38,5.0,0.4,71.0,0.41,18.0,0.59,37.0,0.58,23.0,0.6,44.91,0.61,20.0,0.01,0.01,2342.437365,1776380404000
1776380406.1,6.1,0.38,3.75,0.37,5.0,0.4,56.0,0.41,23.0,0.6,61.0,0.59,18.0,0.61,15.0,0.62,5.0,0.02,0.01,2342.437365,1776380404000
1776380406.369,6.369,0.38,3.75,0.37,5.0,0.4,56.0,0.41,23.0,0.6,56.0,0.59,23.0,0.62,3.75,0.63,5.0,0.02,0.02,2342.301665,1776380405000
1776380407.054,7.054,0.38,3.75,0.37,5.0,0.4,56.0,0.41,23.0,0.6,56.0,0.59,23.0,0.62,3.75,0.63,5.0,0.02,0.02,2342.211308,1776380406000
1776380407.739,7.739,0.37,3.75,0.36,5.0,0.39,29.0,0.4,28.0,0.6,56.0,0.59,23.0,0.62,3.75,0.63,5.0,0.02,0.02,2342.211308,1776380406000
1776380408.026,8.026,0.36,5.0,0.35,5.0,0.39,19.0,0.4,33.0,0.61,29.0,0.6,28.0,0.63,3.75,0.64,5.0,0.03,0.02,2342.211308,1776380406000
1776380408.254,8.254,0.36,5.0,0.35,5.0,0.39,19.0,0.4,33.0,0.61,19.0,0.6,33.0,0.64,5.0,0.65,5.0,0.03,0.03,2342.05455,1776380407000
1776380409.221,9.221,0.35,35.0,0.34,43.0,0.36,6.55,0.39,5.0,0.61,19.0,0.6,33.0,0.64,5.0,0.65,5.0,0.01,0.03,2342.05455,1776380407000
1776380409.935,9.935,0.4,63.0,0.39,40.0,0.41,13.0,0.42,168.0,0.64,6.55,0.61,5.0,0.65,35.0,0.66,43.0,0.01,0.01,2342.085021,1776380408000
1776380410.293,10.293,0.4,83.5,0.39,63.0,0.41,9.69,0.42,73.0,0.59,13.0,0.58,168.0,0.6,63.0,0.61,40.0,0.01,0.01,2342.085397,1776380409000
1776380411.358,11.358,0.4,83.5,0.39,63.0,0.41,9.69,0.42,73.0,0.59,9.69,0.58,73.0,0.6,83.5,0.61,63.0,0.01,0.01,2342.138954,1776380410000
1776380412.458,12.458,0.41,48.41,0.4,23.5,0.42,34.0,0.43,47.5,0.58,34.0,0.57,47.5,0.59,48.41,0.6,23.5,0.01,0.01,2342.329595,1776380411000
1776380413.113,13.113,0.4,13.0,0.39,25.5,0.41,5.0,0.42,44.5,0.59,5.0,0.58,44.5,0.6,13.0,0.61,25.5,0.01,0.01,2342.332184,1776380412000
1776380414.318,14.318,0.4,13.0,0.39,25.5,0.41,5.0,0.42,44.5,0.59,5.0,0.58,44.5,0.6,13.0,0.61,25.5,0.01,0.01,2342.332019,1776380413000
1776380415.463,15.463,0.4,13.0,0.39,25.5,0.41,34.06,0.42,42.5,0.59,34.06,0.58,42.5,0.6,13.0,0.61,25.5,0.01,0.01,2342.33202,1776380414000
1776380416.125,16.125,0.4,13.0,0.39,25.5,0.41,34.06,0.42,42.5,0.59,34.06,0.58,42.5,0.6,13.0,0.61,25.5,0.01,0.01,2342.321871,1776380415000
1776380417.237,17.237,0.4,13.0,0.39,25.5,0.41,34.06,0.42,42.5,0.59,34.06,0.58,42.5,0.6,13.0,0.61,25.5,0.01,0.01,2342.321864,1776380416000
1776380417.948,17.948,0.4,13.0,0.39,25.5,0.41,34.06,0.42,42.5,0.59,34.06,0.58,42.5,0.6,13.0,0.61,25.5,0.01,0.01,2342.321906,1776380417000
1776380420.09,20.09,0.4,13.0,0.39,25.5,0.41,34.06,0.42,42.5,0.59,34.06,0.58,42.5,0.6,13.0,0.61,25.5,0.01,0.01,2342.304838,1776380418000
1776380420.625,20.625,0.4,13.0,0.39,25.5,0.41,34.06,0.42,42.5,0.59,34.06,0.58,42.5,0.6,13.0,0.61,25.5,0.01,0.01,2342.320083,1776380419000
1776380421.222,21.222,0.4,13.0,0.39,25.5,0.41,34.06,0.42,42.5,0.59,34.06,0.58,42.5,0.6,13.0,0.61,25.5,0.01,0.01,2342.320083,1776380420000
1776380421.832,21.832,0.38,48.24,0.37,85.5,0.4,16.5,0.41,163.06,0.59,34.06,0.58,42.5,0.6,13.0,0.61,25.5,0.02,0.01,2342.320083,1776380420000
1776380422.039,22.039,0.38,48.24,0.37,85.5,0.39,25.92,0.4,59.5,0.6,16.5,0.59,163.06,0.62,48.24,0.63,85.5,0.01,0.02,2342.320083,1776380420000
1776380422.255,22.255,0.38,48.24,0.37,85.5,0.39,25.92,0.4,59.5,0.61,25.92,0.6,59.5,0.62,48.24,0.63,85.5,0.01,0.01,2342.320258,1776380421000
1776380423.521,23.521,0.38,48.24,0.37,85.5,0.39,25.92,0.4,59.5,0.61,25.92,0.6,59.5,0.62,48.24,0.63,85.5,0.01,0.01,2342.320066,1776380422000
1776380424.153,24.153,0.38,48.24,0.37,85.5,0.39,25.92,0.4,59.5,0.61,25.92,0.6,59.5,0.62,48.24,0.63,85.5,0.01,0.01,2342.318717,1776380423000
1776380425.363,25.363,0.38,48.24,0.37,85.5,0.39,25.92,0.4,59.5,0.61,25.92,0.6,59.5,0.62,48.24,0.63,85.5,0.01,0.01,2342.306199,1776380424000
1776380425.961,25.961,0.38,27.74,0.37,113.5,0.39,64.42,0.4,72.5,0.61,64.42,0.6,72.5,0.62,27.74,0.63,113.5,0.01,0.01,2342.306199,1776380425000
1776380427.061,27.061,0.38,27.74,0.37,113.5,0.39,64.42,0.4,72.5,0.61,64.42,0.6,72.5,0.62,27.74,0.63,113.5,0.01,0.01,2342.302291,1776380426000
1776380427.38,27.38,0.38,27.74,0.37,80.5,0.39,73.6,0.4,44.5,0.61,64.42,0.6,72.5,0.62,27.74,0.63,113.5,0.01,0.01,2342.302291,1776380426000
1776380428.165,28.165,0.38,227.74,0.37,80.5,0.39,49.6,0.4,38.5,0.61,73.6,0.6,44.5,0.62,27.74,0.63,80.5,0.01,0.01,2342.302291,1776380426000
1776380429.016,29.016,0.38,195.0,0.36,10.0,0.39,91.6,0.4,38.5,0.61,49.6,0.6,38.5,0.62,227.74,0.63,80.5,0.01,0.01,2342.204041,1776380427000
1776380429.669,29.669,0.38,109.51,0.36,10.0,0.39,91.6,0.4,38.5,0.61,91.6,0.6,38.5,0.62,109.51,0.64,10.0,0.01,0.01,2342.197814,1776380428000
1776380430.212,30.212,0.38,109.51,0.36,10.0,0.39,91.6,0.4,38.5,0.61,91.6,0.6,38.5,0.62,109.51,0.64,10.0,0.01,0.01,2342.198995,1776380429000
1776380431.441,31.441,0.36,20.5,0.35,43.5,0.37,61.26,0.38,18.0,0.61,91.6,0.6,38.5,0.62,109.51,0.64,10.0,0.01,0.01,2342.198995,1776380429000
1776380432.078,32.078,0.36,40.5,0.35,43.5,0.37,61.26,0.38,18.0,0.63,61.26,0.62,18.0,0.64,40.5,0.65,43.5,0.01,0.01,2342.15092,1776380431000
1776380433.179,33.179,0.36,40.5,0.35,43.5,0.37,61.26,0.38,18.0,0.63,61.26,0.62,18.0,0.64,40.5,0.65,43.5,0.01,0.01,2342.16108,1776380432000
1776380433.419,33.419,0.36,32.42,0.35,43.5,0.37,6.0,0.38,74.73,0.63,61.26,0.62,18.0,0.64,40.5,0.65,43.5,0.01,0.01,2342.16108,1776380432000
1776380434.078,34.078,0.36,32.42,0.35,43.5,0.37,6.0,0.38,74.73,0.63,6.0,0.62,74.73,0.64,32.42,0.65,43.5,0.01,0.01,2342.215168,1776380433000
1776380435.189,35.189,0.36,32.42,0.35,43.5,0.37,6.0,0.38,74.73,0.63,6.0,0.62,74.73,0.64,32.42,0.65,43.5,0.01,0.01,2342.22648,1776380434000
1776380435.754,35.754,0.39,8.53,0.38,43.5,0.41,95.49,0.42,24.5,0.63,6.0,0.62,74.73,0.64,32.42,0.65,43.5,0.02,0.01,2342.22648,1776380434000
1776380436.656,36.656,0.42,15.0,0.41,100.0,0.43,5.5,0.44,116.0,0.57,115.84,0.56,93.0,0.58,5.0,0.59,55.0,0.01,0.01,2342.22648,1776380434000
1776380436.87,36.87,0.42,10.0,0.41,105.0,0.44,116.0,0.45,28.0,0.56,116.0,0.55,28.0,0.58,10.0,0.59,105.0,0.02,0.02,2342.208615,1776380435000
1776380437.705,37.705,0.42,10.0,0.41,105.0,0.44,116.0,0.45,28.0,0.56,116.0,0.55,28.0,0.58,10.0,0.59,105.0,0.02,0.02,2342.237278,1776380436000
1776380438.336,38.336,0.42,10.0,0.41,105.0,0.44,116.0,0.45,28.0,0.56,116.0,0.55,28.0,0.58,10.0,0.59,105.0,0.02,0.02,2342.479742,1776380437000
1776380439.165,39.165,0.4,9.5,0.39,15.5,0.41,21.0,0.42,23.0,0.56,116.0,0.55,28.0,0.58,10.0,0.59,105.0,0.01,0.02,2342.479742,1776380437000
1776380439.951,39.951,0.4,7.5,0.39,15.5,0.41,16.0,0.42,18.0,0.59,21.0,0.58,23.0,0.6,9.5,0.61,15.5,0.01,0.01,2342.4901,1776380438000
1776380440.704,40.704,0.4,7.5,0.39,15.5,0.41,16.0,0.42,18.0,0.59,16.0,0.58,18.0,0.6,7.5,0.61,15.5,0.01,0.01,2342.491334,1776380439000
1776380441.381,41.381,0.4,7.5,0.39,15.5,0.41,16.0,0.42,18.0,0.59,16.0,0.58,18.0,0.6,7.5,0.61,15.5,0.01,0.01,2342.506308,1776380440000
1776380442.162,42.162,0.4,7.5,0.39,15.5,0.41,16.0,0.42,18.0,0.59,16.0,0.58,18.0,0.6,7.5,0.61,15.5,0.01,0.01,2342.508042,1776380441000
1776380442.581,42.581,0.47,29.25,0.46,20.5,0.5,26.5,0.51,37.6,0.52,43.0,0.51,68.0,0.53,12.25,0.54,20.5,0.03,0.01,2342.508042,1776380441000
1776380443.02,43.02,0.48,5.0,0.47,12.25,0.49,2.33,0.5,38.5,0.5,26.5,0.49,37.6,0.53,29.25,0.54,20.5,0.01,0.03,2342.508042,1776380441000
1776380443.623,43.623,0.48,5.0,0.47,12.25,0.49,2.33,0.5,38.5,0.51,2.33,0.5,38.5,0.52,5.0,0.53,12.25,0.01,0.01,2342.861336,1776380442000
1776380444.428,44.428,0.48,25.5,0.47,15.5,0.49,3.95,0.5,23.0,0.51,2.33,0.5,38.5,0.52,5.0,0.53,12.25,0.01,0.01,2342.861336,1776380442000
1776380445.117,45.117,0.48,23.57,0.47,15.5,0.49,3.95,0.5,33.5,0.51,3.95,0.5,23.0,0.52,25.5,0.53,15.5,0.01,0.01,2342.814094,1776380443000
1776380446.537,46.537,0.48,23.57,0.47,15.5,0.49,3.95,0.5,33.5,0.51,3.95,0.5,33.5,0.52,23.57,0.53,15.5,0.01,0.01,2342.866166,1776380445000
1776380447.035,47.035,0.48,93.57,0.47,15.5,0.49,13.99,0.5,33.5,0.51,3.95,0.5,33.5,0.52,23.57,0.53,15.5,0.01,0.01,2342.866166,1776380445000
1776380447.246,47.246,0.48,93.57,0.47,15.5,0.49,13.99,0.5,33.5,0.51,13.99,0.5,33.5,0.52,93.57,0.53,15.5,0.01,0.01,2342.878116,1776380446000
1776380448.794,48.794,0.5,102.5,0.49,172.5,0.51,21.17,0.52,5.0,0.51,13.99,0.5,33.5,0.52,93.57,0.53,15.5,0.01,0.01,2342.878116,1776380446000
1776380449.149,49.149,0.5,128.5,0.49,162.5,0.54,13.0,0.55,17.0,0.49,16.07,0.48,5.0,0.5,158.5,0.51,100.5,0.04,0.01,2342.883824,1776380447000
1776380449.643,49.643,0.54,27.0,0.53,20.5,0.55,20.83,0.56,31.5,0.45,14.76,0.44,5.0,0.5,128.5,0.51,112.5,0.01,0.05,2342.883824,1776380447000
1776380450.536,50.536,0.54,27.0,0.53,20.5,0.55,20.83,0.56,31.5,0.45,20.83,0.44,31.5,0.46,27.0,0.47,20.5,0.01,0.01,2342.936468,1776380449000
1776380451.112,51.112,0.54,85.5,0.53,20.5,0.55,18.0,0.56,31.5,0.45,20.83,0.44,31.5,0.46,27.0,0.47,20.5,0.01,0.01,2342.936468,1776380449000
1776380452.817,52.817,0.54,85.5,0.53,20.5,0.55,18.0,0.56,31.5,0.45,18.0,0.44,31.5,0.46,85.5,0.47,20.5,0.01,0.01,2343.055512,1776380451000
1776380453.584,53.584,0.54,85.5,0.53,20.5,0.55,18.0,0.56,31.5,0.45,18.0,0.44,31.5,0.46,85.5,0.47,20.5,0.01,0.01,2343.109892,1776380452000
1776380455.018,55.018,0.54,85.5,0.53,20.5,0.55,18.0,0.56,31.5,0.45,18.0,0.44,31.5,0.46,85.5,0.47,20.5,0.01,0.01,2343.098307,1776380453000
1776380455.869,55.869,0.54,85.5,0.53,20.5,0.55,18.0,0.56,31.5,0.45,18.0,0.44,31.5,0.46,85.5,0.47,20.5,0.01,0.01,2343.101791,1776380454000
1776380456.669,56.669,0.54,85.5,0.53,20.5,0.55,18.0,0.56,31.5,0.45,18.0,0.44,31.5,0.46,85.5,0.47,20.5,0.01,0.01,2343.12501,1776380455000
1776380457.027,57.027,0.55,106.5,0.54,51.5,0.56,7.2,0.6,14.0,0.45,18.0,0.44,31.5,0.46,85.5,0.47,20.5,0.01,0.01,2343.12501,1776380455000
1776380457.243,57.243,0.61,70.0,0.6,15.5,0.62,22.84,0.63,50.0,0.38,26.07,0.37,37.0,0.41,10.5,0.42,15.5,0.01,0.03,2343.12501,1776380455000
1776380457.74,57.74,0.61,87.2,0.6,5.0,0.62,22.84,0.63,50.0,0.38,22.84,0.37,50.0,0.39,70.0,0.4,15.5,0.01,0.01,2343.155275,1776380456000
1776380458.172,58.172,0.61,87.2,0.6,5.0,0.62,22.84,0.63,50.0,0.38,22.84,0.37,50.0,0.39,87.2,0.4,5.0,0.01,0.01,2343.155259,1776380457000
1776380458.773,58.773,0.61,82.07,0.6,53.5,0.62,33.49,0.63,78.0,0.38,22.84,0.37,50.0,0.39,87.2,0.4,5.0,0.01,0.01,2343.155259,1776380457000
1776380459.403,59.403,0.61,82.07,0.6,53.5,0.62,33.49,0.63,78.0,0.38,33.49,0.37,78.0,0.39,82.07,0.4,53.5,0.01,0.01,2343.3088,1776380458000
1776380460.076,60.076,0.61,82.07,0.6,53.5,0.62,33.49,0.63,78.0,0.38,33.49,0.37,78.0,0.39,82.07,0.4,53.5,0.01,0.01,2343.404004,1776380459000
1776380460.757,60.757,0.61,240.57,0.6,30.5,0.63,43.0,0.64,26.0,0.38,33.49,0.37,78.0,0.39,82.07,0.4,53.5,0.02,0.01,2343.404004,1776380459000
1776380461.268,61.268,0.62,12.0,0.61,115.57,0.63,9.34,0.64,36.5,0.37,9.34,0.36,36.5,0.38,12.0,0.39,115.57,0.01,0.01,2343.452076,1776380460000
1776380461.57,61.57,0.55,27.5,0.54,5.0,0.57,10.0,0.58,33.5,0.37,9.34,0.36,36.5,0.38,12.0,0.39,115.57,0.02,0.01,2343.452076,1776380460000
1776380461.973,61.973,0.55,35.5,0.54,10.0,0.56,22.0,0.57,52.0,0.44,21.0,0.43,24.0,0.45,20.5,0.46,5.0,0.01,0.01,2343.452076,1776380460000
1776380462.459,62.459,0.55,13.27,0.54,10.0,0.56,15.0,0.57,52.0,0.44,15.0,0.43,52.0,0.45,13.27,0.46,10.0,0.01,0.01,2343.474767,1776380461000
1776380463.032,63.032,0.55,13.27,0.54,10.0,0.56,15.0,0.57,52.0,0.44,15.0,0.43,52.0,0.45,13.27,0.46,10.0,0.01,0.01,2343.446927,1776380462000
1776380463.459,63.459,0.55,28.27,0.54,15.0,0.56,1.5,0.57,16.0,0.44,15.0,0.43,52.0,0.45,13.27,0.46,10.0,0.01,0.01,2343.446927,1776380462000
1776380463.788,63.788,0.56,27.5,0.55,43.27,0.59,24.0,0.6,24.0,0.44,1.5,0.43,16.0,0.45,28.27,0.46,15.0,0.03,0.01,2343.446927,1776380462000
1776380464.179,64.179,0.58,137.59,0.57,123.5,0.6,25.0,0.61,33.59,0.41,24.0,0.4,24.0,0.44,27.5,0.45,43.27,0.02,0.03,2343.446927,1776380462000
1776380464.983,64.983,0.59,60.06,0.58,128.59,0.6,20.0,0.61,33.59,0.4,20.0,0.39,33.59,0.42,97.09,0.43,123.5,0.01,0.02,2343.3355,1776380463000
1776380465.334,65.334,0.59,60.06,0.58,128.59,0.6,20.0,0.61,33.59,0.4,20.0,0.39,33.59,0.41,60.06,0.42,128.59,0.01,0.01,2343.36975,1776380464000
1776380465.69,65.69,0.6,86.7,0.59,93.15,0.61,29.09,0.62,28.5,0.4,20.0,0.39,33.59,0.41,60.06,0.42,128.59,0.01,0.01,2343.36975,1776380464000
1776380465.949,65.949,0.6,86.7,0.59,93.15,0.61,29.09,0.62,28.5,0.39,29.09,0.38,28.5,0.4,86.7,0.41,93.15,0.01,0.01,2343.383555,1776380465000
1776380466.849,66.849,0.6,113.0,0.59,148.15,0.63,18.0,0.64,45.5,0.39,29.09,0.38,28.5,0.4,86.7,0.41,93.15,0.03,0.01,2343.383555,1776380465000
1776380467.197,67.197,0.61,25.5,0.6,111.0,0.63,25.5,0.64,45.5,0.37,25.5,0.36,45.5,0.39,25.5,0.4,111.0,0.02,0.02,2343.484533,1776380466000
1776380468.375,68.375,0.61,25.5,0.6,111.0,0.63,25.5,0.64,45.5,0.37,25.5,0.36,45.5,0.39,25.5,0.4,111.0,0.02,0.02,2343.466041,1776380467000
1776380469.498,69.498,0.61,25.5,0.6,111.0,0.63,25.5,0.64,45.5,0.37,25.5,0.36,45.5,0.39,25.5,0.4,111.0,0.02,0.02,2343.502405,1776380468000
1776380470.078,70.078,0.62,174.51,0.61,90.5,0.63,19.91,0.64,39.5,0.37,25.5,0.36,45.5,0.39,25.5,0.4,111.0,0.01,0.02,2343.502405,1776380468000
1776380471.448,71.448,0.62,174.51,0.61,90.5,0.63,19.91,0.64,39.5,0.37,19.91,0.36,39.5,0.38,174.51,0.39,90.5,0.01,0.01,2343.535145,1776380470000
1776380471.657,71.657,0.62,126.6,0.61,15.0,0.63,13.91,0.64,103.5,0.37,13.91,0.36,103.5,0.38,131.6,0.39,15.0,0.01,0.01,2343.535145,1776380470000
1776380472.025,72.025,0.62,126.6,0.61,15.0,0.63,13.91,0.64,103.5,0.37,13.91,0.36,103.5,0.38,126.6,0.39,15.0,0.01,0.01,2343.5476,1776380471000
1776380473.277,73.277,0.62,126.6,0.61,15.0,0.63,13.91,0.64,103.5,0.37,13.91,0.36,103.5,0.38,126.6,0.39,15.0,0.01,0.01,2343.55134,1776380472000
1776380473.933,73.933,0.62,126.6,0.61,15.0,0.63,13.91,0.64,103.5,0.37,13.91,0.36,103.5,0.38,126.6,0.39,15.0,0.01,0.01,2343.540089,1776380473000
1776380475.087,75.087,0.62,126.6,0.61,15.0,0.63,13.91,0.64,103.5,0.37,13.91,0.36,103.5,0.38,126.6,0.39,15.0,0.01,0.01,2343.540712,1776380474000
1776380476.356,76.356,0.62,126.6,0.61,15.0,0.63,13.91,0.64,103.5,0.37,13.91,0.36,103.5,0.38,126.6,0.39,15.0,0.01,0.01,2343.557884,1776380475000
1776380477.263,77.263,0.62,119.6,0.61,5.0,0.63,81.5,0.64,112.5,0.37,13.91,0.36,103.5,0.38,126.6,0.39,15.0,0.01,0.01,2343.557884,1776380475000
1776380477.463,77.463,0.62,61.6,0.61,10.0,0.63,87.5,0.64,112.5,0.37,102.5,0.36,112.5,0.38,101.6,0.39,10.0,0.01,0.01,2343.557884,1776380475000
1776380478.032,78.032,0.62,61.6,0.61,10.0,0.63,87.5,0.64,112.5,0.37,87.5,0.36,112.5,0.38,61.6,0.39,10.0,0.01,0.01,2343.558689,1776380477000
1776380479.247,79.247,0.62,61.6,0.61,10.0,0.63,87.5,0.64,112.5,0.37,87.5,0.36,112.5,0.38,61.6,0.39,10.0,0.01,0.01,2343.49762,1776380478000
1776380480.479,80.479,0.62,61.6,0.61,10.0,0.63,87.5,0.64,112.5,0.37,87.5,0.36,112.5,0.38,61.6,0.39,10.0,0.01,0.01,2343.485062,1776380479000
1776380481.212,81.212,0.62,61.6,0.61,10.0,0.63,87.5,0.64,112.5,0.37,87.5,0.36,112.5,0.38,61.6,0.39,10.0,0.01,0.01,2343.485062,1776380480000
1776380482.442,82.442,0.62,61.6,0.61,10.0,0.63,87.5,0.64,112.5,0.37,87.5,0.36,112.5,0.38,61.6,0.39,10.0,0.01,0.01,2343.502404,1776380481000
1776380483.054,83.054,0.62,61.6,0.61,10.0,0.63,87.5,0.64,112.5,0.37,87.5,0.36,112.5,0.38,61.6,0.39,10.0,0.01,0.01,2343.516363,1776380482000
1776380484.386,84.386,0.62,61.6,0.61,10.0,0.63,87.5,0.64,112.5,0.37,87.5,0.36,112.5,0.38,61.6,0.39,10.0,0.01,0.01,2343.527714,1776380483000
1776380485.2,85.2,0.62,61.6,0.61,10.0,0.63,87.5,0.64,112.5,0.37,87.5,0.36,112.5,0.38,61.6,0.39,10.0,0.01,0.01,2343.527714,1776380484000
1776380486.211,86.211,0.62,78.86,0.59,25.0,0.63,158.5,0.64,25.5,0.37,87.5,0.36,112.5,0.38,61.6,0.39,10.0,0.01,0.01,2343.527714,1776380484000
1776380486.459,86.459,0.53,50.0,0.51,25.0,0.61,7.01,0.63,424.5,0.39,7.01,0.37,424.5,0.47,50.0,0.49,25.0,0.08,0.08,2343.523906,1776380485000
1776380487.309,87.309,0.46,30.0,0.45,15.5,0.47,7.0,0.49,43.5,0.5,50.5,0.49,206.5,0.51,3.03,0.54,155.0,0.01,0.01,2343.523906,1776380485000
1776380487.663,87.663,0.46,24.94,0.45,15.5,0.48,9.25,0.49,43.5,0.53,14.0,0.52,10.5,0.54,24.94,0.55,15.5,0.02,0.01,2343.523906,1776380485000
1776380488.283,88.283,0.46,14.44,0.45,15.5,0.47,20.01,0.48,9.25,0.52,9.25,0.51,43.5,0.54,24.94,0.55,15.5,0.01,0.02,2343.523906,1776380485000
1776380488.639,88.639,0.46,0.44,0.45,15.5,0.47,42.5,0.48,21.25,0.53,20.01,0.52,9.25,0.54,14.44,0.55,15.5,0.01,0.01,2343.524366,1776380486000
1776380489.417,89.417,0.46,0.44,0.45,15.5,0.47,42.5,0.48,21.25,0.53,42.5,0.52,21.25,0.54,0.44,0.55,15.5,0.01,0.01,2342.780663,1776380488000
1776380489.78,89.78,0.46,10.84,0.45,15.5,0.47,117.5,0.48,26.25,0.53,42.5,0.52,21.25,0.54,0.44,0.55,15.5,0.01,0.01,2342.780663,1776380488000
1776380490.138,90.138,0.45,10.83,0.43,10.0,0.47,117.5,0.48,26.25,0.53,117.5,0.52,26.25,0.54,10.84,0.55,15.5,0.02,0.01,2342.780663,1776380488000
1776380490.662,90.662,0.45,10.83,0.43,10.0,0.47,104.5,0.48,26.25,0.53,104.5,0.52,26.25,0.55,10.83,0.57,10.0,0.02,0.02,2342.691691,1776380489000
1776380491.612,91.612,0.45,10.83,0.43,10.0,0.47,104.5,0.48,26.25,0.53,104.5,0.52,26.25,0.55,10.83,0.57,10.0,0.02,0.02,2342.668811,1776380490000
1776380492.074,92.074,0.5,91.5,0.49,55.5,0.53,11.0,0.54,13.1,0.49,11.8,0.46,42.6,0.51,22.5,0.52,18.21,0.03,0.02,2342.668811,1776380490000
1776380492.299,92.299,0.52,114.0,0.51,94.49,0.58,17.0,0.59,12.0,0.47,11.0,0.46,13.1,0.5,91.5,0.51,55.5,0.06,0.03,2342.668811,1776380490000
1776380492.543,92.543,0.53,17.5,0.52,87.0,0.56,15.0,0.59,5.0,0.42,17.0,0.41,12.0,0.48,114.0,0.49,94.49,0.03,0.06,2342.668811,1776380490000
1776380493.263,93.263,0.55,45.5,0.54,22.5,0.56,7.41,0.57,12.0,0.45,3.36,0.44,20.0,0.46,10.5,0.47,15.5,0.01,0.01,2342.67004,1776380491000
1776380493.554,93.554,0.55,45.5,0.54,22.5,0.56,7.41,0.57,12.0,0.44,7.41,0.43,12.0,0.45,45.5,0.46,22.5,0.01,0.01,2342.71606,1776380492000
1776380494.428,94.428,0.55,45.5,0.54,22.5,0.56,7.41,0.57,12.0,0.44,7.41,0.43,12.0,0.45,45.5,0.46,22.5,0.01,0.01,2343.1101,1776380493000
1776380495.239,95.239,0.6,15.5,0.59,46.16,0.61,13.86,0.62,78.0,0.42,17.0,0.39,37.11,0.44,105.5,0.45,85.5,0.01,0.02,2343.1101,1776380493000
1776380495.462,95.462,0.6,111.5,0.59,36.16,0.63,40.0,0.64,10.0,0.39,13.86,0.38,78.0,0.4,15.5,0.41,46.16,0.03,0.01,2343.193329,1776380494000
1776380497.14,97.14,0.6,111.5,0.59,36.16,0.63,40.0,0.64,10.0,0.37,40.0,0.36,10.0,0.4,111.5,0.41,36.16,0.03,0.03,2343.2664,1776380495000
1776380498.083,98.083,0.6,111.5,0.59,36.16,0.63,40.0,0.64,10.0,0.37,40.0,0.36,10.0,0.4,111.5,0.41,36.16,0.03,0.03,2343.469851,1776380496000
1776380498.498,98.498,0.62,102.5,0.61,130.5,0.63,28.0,0.64,10.0,0.37,40.0,0.36,10.0,0.4,111.5,0.41,36.16,0.01,0.03,2343.469851,1776380496000
1776380499.27,99.27,0.62,102.5,0.61,130.5,0.63,6.11,0.64,10.0,0.37,6.11,0.36,10.0,0.38,102.5,0.39,130.5,0.01,0.01,2343.480701,1776380497000
1776380500.181,100.181,0.62,102.5,0.61,130.5,0.63,6.11,0.64,10.0,0.37,6.11,0.36,10.0,0.38,102.5,0.39,130.5,0.01,0.01,2343.487685,1776380499000
1776380502.206,102.206,0.62,102.5,0.61,130.5,0.63,6.11,0.64,10.0,0.37,6.11,0.36,10.0,0.38,102.5,0.39,130.5,0.01,0.01,2343.669285,1776380501000
1776380502.952,102.952,0.66,35.5,0.65,43.5,0.67,44.37,0.68,34.0,0.37,6.11,0.36,10.0,0.38,102.5,0.39,130.5,0.01,0.01,2343.669285,1776380501000
1776380503.43,103.43,0.66,35.5,0.65,68.5,0.67,20.37,0.68,34.0,0.33,44.37,0.32,34.0,0.34,35.5,0.35,43.5,0.01,0.01,2343.669285,1776380501000
1776380504.146,104.146,0.66,35.5,0.65,68.5,0.67,20.37,0.68,34.0,0.33,20.37,0.32,34.0,0.34,35.5,0.35,68.5,0.01,0.01,2343.672261,1776380502000
1776380504.385,104.385,0.66,42.5,0.65,68.5,0.67,9.42,0.68,34.0,0.33,20.37,0.32,34.0,0.34,35.5,0.35,68.5,0.01,0.01,2343.672261,1776380502000
1776380504.903,104.903,0.66,42.5,0.65,68.5,0.67,9.42,0.68,34.0,0.33,9.42,0.32,34.0,0.34,42.5,0.35,68.5,0.01,0.01,2343.689367,1776380503000
1776380505.26,105.26,0.66,42.5,0.65,68.5,0.67,20.22,0.68,34.0,0.33,9.42,0.32,34.0,0.34,42.5,0.35,68.5,0.01,0.01,2343.689367,1776380503000
1776380505.616,105.616,0.66,42.5,0.65,68.5,0.67,20.22,0.68,34.0,0.33,20.22,0.32,34.0,0.34,42.5,0.35,68.5,0.01,0.01,2343.694161,1776380504000
1776380506.393,106.393,0.66,42.5,0.65,68.5,0.67,20.22,0.68,34.0,0.33,20.22,0.32,34.0,0.34,42.5,0.35,68.5,0.01,0.01,2343.67658,1776380505000
1776380507.307,107.307,0.66,42.5,0.65,68.5,0.67,20.22,0.68,34.0,0.33,20.22,0.32,34.0,0.34,42.5,0.35,68.5,0.01,0.01,2343.680811,1776380506000
1776380507.646,107.646,0.68,5.0,0.67,159.7,0.7,54.28,0.71,35.5,0.33,20.22,0.32,34.0,0.34,42.5,0.35,68.5,0.02,0.01,2343.680811,1776380506000
1776380508.066,108.066,0.68,5.0,0.67,159.7,0.7,54.28,0.71,35.5,0.3,54.28,0.29,35.5,0.32,5.0,0.33,159.7,0.02,0.02,2343.740391,1776380507000
1776380509.55,109.55,0.68,5.0,0.67,159.7,0.7,54.28,0.71,35.5,0.3,54.28,0.29,35.5,0.32,5.0,0.33,159.7,0.02,0.02,2343.789689,1776380508000
1776380510.061,110.061,0.69,38.0,0.68,25.0,0.7,64.78,0.71,110.5,0.3,54.28,0.29,35.5,0.32,5.0,0.33,159.7,0.01,0.02,2343.789689,1776380508000
1776380510.326,110.326,0.69,38.0,0.68,25.0,0.7,64.78,0.71,110.5,0.3,64.78,0.29,110.5,0.31,38.0,0.32,25.0,0.01,0.01,2343.833618,1776380509000
1776380511.374,111.374,0.69,38.0,0.68,25.0,0.7,64.78,0.71,110.5,0.3,64.78,0.29,110.5,0.31,38.0,0.32,25.0,0.01,0.01,2343.903105,1776380510000
1776380511.841,111.841,0.69,38.0,0.68,25.0,0.7,64.78,0.71,110.5,0.3,64.78,0.29,110.5,0.31,38.0,0.32,25.0,0.01,0.01,2343.906096,1776380511000
1776380512.625,112.625,0.69,38.0,0.68,38.0,0.7,59.56,0.71,105.5,0.3,64.78,0.29,110.5,0.31,38.0,0.32,25.0,0.01,0.01,2343.906096,1776380511000
1776380512.839,112.839,0.69,38.0,0.68,38.0,0.7,59.56,0.71,105.5,0.3,59.56,0.29,105.5,0.31,38.0,0.32,38.0,0.01,0.01,2343.854148,1776380512000
1776380513.903,113.903,0.69,38.0,0.68,38.0,0.7,59.56,0.71,105.5,0.3,59.56,0.29,105.5,0.31,38.0,0.32,38.0,0.01,0.01,2343.864024,1776380513000
1776380514.394,114.394,0.69,48.5,0.68,48.5,0.7,43.06,0.71,100.5,0.3,59.56,0.29,105.5,0.31,38.0,0.32,38.0,0.01,0.01,2343.864024,1776380513000
1776380514.598,114.598,0.69,83.5,0.68,48.5,0.7,40.95,0.71,100.5,0.3,43.06,0.29,100.5,0.31,48.5,0.32,48.5,0.01,0.01,2343.864024,1776380513000
1776380514.958,114.958,0.69,83.5,0.68,48.5,0.7,40.95,0.71,100.5,0.3,40.95,0.29,100.5,0.31,83.5,0.32,48.5,0.01,0.01,2343.863407,1776380514000
1776380515.977,115.977,0.69,83.5,0.68,48.5,0.7,40.95,0.71,100.5,0.3,40.95,0.29,100.5,0.31,83.5,0.32,48.5,0.01,0.01,2343.863367,1776380515000
1776380516.33,116.33,0.69,33.0,0.68,15.0,0.7,87.45,0.71,128.0,0.3,40.95,0.29,100.5,0.31,83.5,0.32,48.5,0.01,0.01,2343.863367,1776380515000
1776380516.986,116.986,0.68,15.0,0.67,15.0,0.7,87.45,0.71,128.0,0.3,87.45,0.29,128.0,0.32,15.0,0.33,15.0,0.02,0.02,2343.864027,1776380516000
1776380518.021,118.021,0.68,15.0,0.67,15.0,0.7,87.45,0.71,128.0,0.3,87.45,0.29,128.0,0.32,15.0,0.33,15.0,0.02,0.02,2343.85637,1776380517000
1776380518.464,118.464,0.69,103.24,0.68,90.5,0.7,33.95,0.71,20.0,0.3,87.45,0.29,128.0,0.32,15.0,0.33,15.0,0.01,0.02,2343.85637,1776380517000
1776380519.053,119.053,0.69,106.5,0.68,90.5,0.71,20.0,0.72,77.89,0.29,20.0,0.28,77.89,0.31,106.5,0.32,90.5,0.02,0.02,2343.849932,1776380518000
1776380519.462,119.462,0.68,1.87,0.67,20.5,0.69,15.5,0.7,15.5,0.29,77.5,0.28,163.39,0.32,5.0,0.33,20.5,0.01,0.03,2343.849932,1776380518000
1776380519.932,119.932,0.68,1.87,0.67,20.5,0.69,15.5,0.7,15.5,0.31,15.5,0.3,15.5,0.32,1.87,0.33,20.5,0.01,0.01,2343.889851,1776380519000
1776380520.546,120.546,0.68,67.68,0.67,15.5,0.7,0.19,0.71,53.5,0.31,15.5,0.3,15.5,0.32,1.87,0.33,20.5,0.02,0.01,2343.889851,1776380519000
1776380521.014,121.014,0.68,67.68,0.67,15.5,0.7,0.19,0.71,53.5,0.3,0.19,0.29,53.5,0.32,67.68,0.33,15.5,0.02,0.02,2343.83754,1776380520000
1776380521.965,121.965,0.68,67.68,0.67,20.5,0.7,2.33,0.71,53.5,0.3,0.19,0.29,53.5,0.32,67.68,0.33,15.5,0.02,0.02,2343.83754,1776380520000
1776380523.149,123.149,0.68,67.68,0.67,20.5,0.7,2.33,0.71,53.5,0.3,2.33,0.29,53.5,0.32,67.68,0.33,20.5,0.02,0.02,2343.860609,1776380522000
1776380524.821,124.821,0.68,67.68,0.67,20.5,0.7,2.33,0.71,53.5,0.3,2.33,0.29,53.5,0.32,67.68,0.33,20.5,0.02,0.02,2343.860607,1776380523000
1776380525.514,125.514,0.68,67.68,0.67,20.5,0.7,2.33,0.71,53.5,0.3,2.33,0.29,53.5,0.32,67.68,0.33,20.5,0.02,0.02,2343.860676,1776380524000
1776380526.209,126.209,0.68,67.68,0.67,20.5,0.7,2.33,0.71,53.5,0.3,2.33,0.29,53.5,0.32,67.68,0.33,20.5,0.02,0.02,2343.85475,1776380525000
1776380526.519,126.519,0.69,11.77,0.68,45.13,0.7,23.5,0.71,43.5,0.3,2.33,0.29,53.5,0.32,67.68,0.33,20.5,0.01,0.02,2343.85475,1776380525000
1776380527.411,127.411,0.69,11.77,0.68,45.13,0.7,23.5,0.71,43.5,0.3,23.5,0.29,43.5,0.31,11.77,0.32,45.13,0.01,0.01,2343.856557,1776380526000
1776380528.013,128.013,0.69,5.0,0.68,24.22,0.7,27.07,0.71,43.5,0.3,27.07,0.29,43.5,0.31,5.0,0.32,24.22,0.01,0.01,2343.854557,1776380527000
1776380528.9,128.9,0.68,7.35,0.66,60.0,0.7,81.07,0.71,65.5,0.3,22.07,0.29,38.5,0.31,6.77,0.32,17.35,0.02,0.01,2343.854557,1776380527000
1776380529.234,129.234,0.66,60.0,0.65,75.0,0.69,7.35,0.7,221.07,0.31,7.35,0.3,221.07,0.34,60.0,0.35,75.0,0.03,0.03,2343.851656,1776380528000
1776380529.829,129.829,0.64,20.0,0.63,75.0,0.65,24.5,0.66,107.5,0.31,7.35,0.3,221.07,0.34,60.0,0.35,75.0,0.01,0.03,2343.851656,1776380528000
1776380530.244,130.244,0.6,166.24,0.59,115.5,0.62,10.5,0.63,10.5,0.35,24.5,0.34,107.5,0.36,20.0,0.37,75.0,0.02,0.01,2343.851656,1776380528000
1776380531.392,131.392,0.6,166.24,0.59,115.5,0.62,10.5,0.63,10.5,0.38,10.5,0.37,10.5,0.4,166.24,0.41,115.5,0.02,0.02,2343.673783,1776380530000
1776380532.004,132.004,0.6,166.24,0.59,115.5,0.62,10.5,0.63,10.5,0.38,10.5,0.37,10.5,0.4,166.24,0.41,115.5,0.02,0.02,2343.56,1776380531000
1776380532.233,132.233,0.61,7.43,0.6,171.24,0.62,7.0,0.63,17.5,0.38,10.5,0.37,10.5,0.4,166.24,0.41,115.5,0.01,0.02,2343.56,1776380531000
1776380533.025,133.025,0.61,7.43,0.6,171.24,0.62,7.0,0.63,17.5,0.38,7.0,0.37,17.5,0.39,7.43,0.4,171.24,0.01,0.01,2343.528041,1776380532000
1776380534.054,134.054,0.61,7.43,0.6,171.24,0.62,7.0,0.63,17.5,0.38,7.0,0.37,17.5,0.39,7.43,0.4,171.24,0.01,0.01,2343.527009,1776380533000
1776380535.241,135.241,0.61,7.43,0.6,171.24,0.62,7.0,0.63,17.5,0.38,7.0,0.37,17.5,0.39,7.43,0.4,171.24,0.01,0.01,2343.517108,1776380534000
1776380535.754,135.754,0.6,161.24,0.59,105.0,0.62,88.5,0.63,92.5,0.38,7.0,0.37,17.5,0.39,7.43,0.4,171.24,0.02,0.01,2343.517108,1776380534000
1776380536.295,136.295,0.6,130.74,0.59,105.0,0.62,93.5,0.63,107.9,0.38,88.5,0.37,92.5,0.4,133.24,0.41,105.0,0.02,0.02,2343.517108,1776380534000
1776380537.441,137.441,0.6,80.74,0.59,105.0,0.62,93.5,0.63,107.9,0.38,93.5,0.37,107.9,0.4,80.74,0.41,105.0,0.02,0.02,2343.492291,1776380536000
1776380537.967,137.967,0.6,80.74,0.59,105.0,0.62,93.5,0.63,107.9,0.38,93.5,0.37,107.9,0.4,80.74,0.41,105.0,0.02,0.02,2343.490357,1776380537000
1776380539.33,139.33,0.61,38.74,0.6,95.74,0.62,83.0,0.63,107.9,0.38,93.5,0.37,107.9,0.4,80.74,0.41,105.0,0.01,0.02,2343.490357,1776380537000
1776380539.973,139.973,0.61,38.74,0.6,95.74,0.62,83.0,0.63,107.9,0.38,83.0,0.37,107.9,0.39,38.74,0.4,95.74,0.01,0.01,2343.461933,1776380539000
1776380540.211,140.211,0.6,7.24,0.59,100.0,0.61,192.5,0.62,80.8,0.39,182.5,0.38,80.8,0.4,43.86,0.41,100.0,0.01,0.01,2343.461933,1776380539000
1776380541.081,141.081,0.55,25.0,0.54,60.0,0.61,310.69,0.62,104.8,0.39,310.69,0.38,104.8,0.45,25.0,0.46,60.0,0.06,0.06,2343.461555,1776380540000
1776380542.096,142.096,0.55,11.0,0.54,28.0,0.59,3.0,0.6,20.0,0.41,3.0,0.4,20.0,0.45,11.0,0.46,28.0,0.04,0.04,2343.265392,1776380541000
1776380542.425,142.425,0.52,5.68,0.5,105.0,0.55,112.0,0.56,151.0,0.41,3.0,0.4,20.0,0.45,11.0,0.46,28.0,0.03,0.04,2343.265392,1776380541000
1776380542.655,142.655,0.5,105.0,0.48,28.0,0.53,27.0,0.54,5.0,0.45,112.0,0.44,151.0,0.48,5.68,0.5,105.0,0.03,0.03,2343.265392,1776380541000
1776380542.918,142.918,0.44,188.28,0.43,24.0,0.47,70.0,0.49,125.0,0.49,63.0,0.47,18.0,0.54,177.3,0.55,13.0,0.03,0.05,2343.265392,1776380541000
1776380543.219,143.219,0.44,188.28,0.43,24.0,0.47,70.0,0.49,125.0,0.53,70.0,0.51,125.0,0.56,188.28,0.57,24.0,0.03,0.03,2343.24159,1776380542000
1776380543.469,143.469,0.46,10.5,0.45,10.5,0.47,48.53,0.49,44.0,0.53,70.0,0.51,125.0,0.56,188.28,0.57,24.0,0.01,0.03,2343.24159,1776380542000
1776380543.911,143.911,0.46,4.7,0.45,20.5,0.47,48.53,0.49,44.0,0.53,48.53,0.51,44.0,0.54,10.5,0.55,10.5,0.01,0.01,2343.24159,1776380542000
1776380544.309,144.309,0.46,4.7,0.45,20.5,0.47,48.53,0.49,44.0,0.53,48.53,0.51,44.0,0.54,4.7,0.55,20.5,0.01,0.01,2343.075585,1776380543000
1776380544.951,144.951,0.46,4.7,0.45,20.5,0.47,48.53,0.49,44.0,0.53,48.53,0.51,44.0,0.54,4.7,0.55,20.5,0.01,0.01,2342.895665,1776380544000
1776380546.005,146.005,0.46,4.7,0.45,20.5,0.47,48.53,0.49,44.0,0.53,48.53,0.51,44.0,0.54,4.7,0.55,20.5,0.01,0.01,2342.864729,1776380545000
1776380546.561,146.561,0.45,5.0,0.44,16.5,0.46,50.65,0.47,141.5,0.53,48.53,0.51,44.0,0.54,4.7,0.55,20.5,0.01,0.01,2342.864729,1776380545000
1776380546.941,146.941,0.44,10.39,0.43,25.5,0.46,50.65,0.47,141.5,0.54,50.65,0.53,141.5,0.56,10.39,0.57,25.5,0.02,0.02,2342.864729,1776380545000
1776380547.159,147.159,0.44,10.39,0.43,25.5,0.46,50.65,0.47,141.5,0.54,50.65,0.53,141.5,0.56,10.39,0.57,25.5,0.02,0.02,2342.847169,1776380546000
1776380548.225,148.225,0.44,10.39,0.43,25.5,0.46,50.65,0.47,141.5,0.54,50.65,0.53,141.5,0.56,10.39,0.57,25.5,0.02,0.02,2342.822274,1776380547000
1776380548.69,148.69,0.44,5.0,0.43,25.5,0.45,15.33,0.46,87.65,0.54,50.65,0.53,141.5,0.56,10.39,0.57,25.5,0.01,0.02,2342.822274,1776380547000
1776380549.156,149.156,0.44,5.0,0.43,25.5,0.45,15.33,0.46,87.65,0.55,15.33,0.54,87.65,0.56,5.0,0.57,25.5,0.01,0.01,2342.813389,1776380548000
1776380550.198,150.198,0.44,5.0,0.43,25.5,0.45,15.33,0.46,87.65,0.55,15.33,0.54,87.65,0.56,5.0,0.57,25.5,0.01,0.01,2342.783607,1776380549000
1776380551.089,151.089,0.44,5.0,0.43,25.5,0.45,15.33,0.46,87.65,0.55,15.33,0.54,87.65,0.56,5.0,0.57,25.5,0.01,0.01,2342.780532,1776380550000
1776380552.159,152.159,0.44,5.0,0.43,25.5,0.45,15.33,0.46,87.65,0.55,15.33,0.54,87.65,0.56,5.0,0.57,25.5,0.01,0.01,2342.773729,1776380551000
1776380552.801,152.801,0.57,20.88,0.56,14.81,0.59,100.5,0.6,133.5,0.41,85.0,0.4,110.5,0.44,4.81,0.45,10.5,0.02,0.03,2342.773729,1776380551000
1776380553.385,153.385,0.57,20.88,0.56,14.81,0.59,95.68,0.6,133.5,0.41,95.68,0.4,133.5,0.43,20.88,0.44,14.81,0.02,0.02,2342.868639,1776380552000
1776380553.938,153.938,0.57,20.88,0.56,14.81,0.59,95.68,0.6,133.5,0.41,95.68,0.4,133.5,0.43,20.88,0.44,14.81,0.02,0.02,2343.051813,1776380553000
1776380555.674,155.674,0.56,14.81,0.55,20.5,0.59,95.68,0.6,133.5,0.41,95.68,0.4,133.5,0.44,14.81,0.45,20.5,0.03,0.03,2343.054737,1776380554000
1776380556.315,156.315,0.56,14.81,0.55,20.5,0.59,95.68,0.6,133.5,0.41,95.68,0.4,133.5,0.44,14.81,0.45,20.5,0.03,0.03,2343.106779,1776380555000
1776380557.059,157.059,0.56,14.81,0.55,20.5,0.59,95.68,0.6,133.5,0.41,95.68,0.4,133.5,0.44,14.81,0.45,20.5,0.03,0.03,2343.113333,1776380556000
1776380558.578,158.578,0.56,14.81,0.55,20.5,0.59,95.68,0.6,133.5,0.41,95.68,0.4,133.5,0.44,14.81,0.45,20.5,0.03,0.03,2343.117565,1776380557000
1776380559.282,159.282,0.56,14.81,0.55,20.5,0.59,95.68,0.6,133.5,0.41,95.68,0.4,133.5,0.44,14.81,0.45,20.5,0.03,0.03,2343.10058,1776380558000
1776380560.09,160.09,0.56,14.81,0.55,20.5,0.59,95.68,0.6,133.5,0.41,95.68,0.4,133.5,0.44,14.81,0.45,20.5,0.03,0.03,2343.100645,1776380559000
1776380560.328,160.328,0.56,17.09,0.55,35.0,0.57,74.28,0.58,10.5,0.43,74.28,0.42,10.5,0.44,28.0,0.45,35.0,0.01,0.01,2343.100645,1776380559000
1776380561.482,161.482,0.49,87.53,0.48,13.0,0.5,70.0,0.56,50.0,0.5,70.0,0.44,50.0,0.51,87.53,0.52,13.0,0.01,0.01,2343.084227,1776380560000
1776380562.173,162.173,0.49,87.53,0.48,13.0,0.5,70.0,0.56,50.0,0.5,70.0,0.44,50.0,0.51,87.53,0.52,13.0,0.01,0.01,2342.897,1776380561000
1776380562.67,162.67,0.52,122.0,0.51,70.0,0.54,30.58,0.55,17.0,0.5,70.0,0.44,50.0,0.51,87.53,0.52,13.0,0.02,0.01,2342.897,1776380561000
1776380563.023,163.023,0.59,60.0,0.54,107.0,0.6,30.0,0.61,10.0,0.46,30.58,0.45,17.0,0.48,122.0,0.49,70.0,0.01,0.02,2342.897,1776380561000
1776380563.455,163.455,0.62,30.2,0.61,10.5,0.63,33.82,0.64,30.5,0.4,30.0,0.39,10.0,0.41,60.0,0.46,107.0,0.01,0.01,2342.897,1776380561000
1776380563.677,163.677,0.6,5.0,0.59,52.31,0.63,118.32,0.64,100.5,0.37,142.32,0.36,100.5,0.41,52.31,0.42,5.0,0.03,0.04,2343.022549,1776380562000
1776380563.897,163.897,0.6,9.25,0.59,62.81,0.62,8.0,0.63,88.5,0.37,118.32,0.36,100.5,0.4,5.0,0.41,52.31,0.02,0.03,2343.022549,1776380562000
1776380564.103,164.103,0.6,9.25,0.59,62.81,0.61,13.5,0.62,13.5,0.38,13.5,0.37,88.5,0.4,17.25,0.41,62.81,0.01,0.02,2343.022549,1776380562000
1776380564.334,164.334,0.6,9.25,0.59,90.81,0.61,8.5,0.62,13.5,0.39,13.5,0.38,13.5,0.4,9.25,0.41,62.81,0.01,0.01,2343.024854,1776380563000
1776380565.562,165.562,0.6,9.25,0.59,90.81,0.61,8.5,0.62,13.5,0.39,8.5,0.38,13.5,0.4,9.25,0.41,90.81,0.01,0.01,2343.305772,1776380564000
1776380566.116,166.116,0.6,8.03,0.59,90.81,0.61,5.0,0.62,21.5,0.39,8.5,0.38,13.5,0.4,9.25,0.41,90.81,0.01,0.01,2343.305772,1776380564000
1776380567.264,167.264,0.59,87.98,0.58,20.5,0.61,5.0,0.62,21.5,0.39,5.0,0.38,21.5,0.4,8.03,0.41,90.81,0.02,0.01,2343.330918,1776380565000
1776380567.513,167.513,0.59,87.98,0.58,20.5,0.61,5.0,0.62,21.5,0.39,5.0,0.38,21.5,0.41,87.98,0.42,20.5,0.02,0.02,2343.326297,1776380566000
1776380568.328,168.328,0.59,87.98,0.58,20.5,0.61,5.0,0.62,21.5,0.39,5.0,0.38,21.5,0.41,87.98,0.42,20.5,0.02,0.02,2343.328564,1776380567000
1776380568.956,168.956,0.59,87.98,0.58,20.5,0.61,5.0,0.62,21.5,0.39,5.0,0.38,21.5,0.41,87.98,0.42,20.5,0.02,0.02,2343.314054,1776380568000
1776380570.349,170.349,0.59,87.98,0.58,20.5,0.61,5.0,0.62,21.5,0.39,5.0,0.38,21.5,0.41,87.98,0.42,20.5,0.02,0.02,2343.315087,1776380569000
1776380571.301,171.301,0.59,87.98,0.58,20.5,0.61,5.0,0.62,21.5,0.39,5.0,0.38,21.5,0.41,87.98,0.42,20.5,0.02,0.02,2343.314575,1776380570000
1776380572.347,172.347,0.59,87.98,0.58,20.5,0.61,5.0,0.62,21.5,0.39,5.0,0.38,21.5,0.41,87.98,0.42,20.5,0.02,0.02,2343.317875,1776380571000
1776380572.949,172.949,0.59,87.98,0.58,20.5,0.61,5.0,0.62,21.5,0.39,5.0,0.38,21.5,0.41,87.98,0.42,20.5,0.02,0.02,2343.31892,1776380572000
1776380574.081,174.081,0.59,87.98,0.58,20.5,0.61,5.0,0.62,21.5,0.39,5.0,0.38,21.5,0.41,87.98,0.42,20.5,0.02,0.02,2343.319263,1776380573000
1776380575.149,175.149,0.59,132.48,0.58,95.0,0.6,3.0,0.62,6.05,0.4,3.0,0.38,6.05,0.41,132.48,0.42,95.0,0.01,0.01,2343.315143,1776380574000
1776380575.78,175.78,0.61,45.0,0.6,113.0,0.62,9.94,0.63,100.0,0.4,3.0,0.38,6.05,0.41,132.48,0.42,95.0,0.01,0.01,2343.315143,1776380574000
1776380576.163,176.163,0.61,45.0,0.6,113.0,0.62,0.64,0.63,100.0,0.38,0.64,0.37,100.0,0.39,45.0,0.4,113.0,0.01,0.01,2343.32664,1776380575000
1776380576.495,176.495,0.61,157.5,0.6,90.5,0.64,20.0,0.65,105.0,0.38,0.64,0.37,100.0,0.39,45.0,0.4,113.0,0.03,0.01,2343.32664,1776380575000
1776380577.223,177.223,0.61,157.5,0.6,90.5,0.64,20.0,0.65,105.0,0.36,20.0,0.35,105.0,0.39,157.5,0.4,90.5,0.03,0.03,2343.394592,1776380576000
1776380578.33,178.33,0.61,157.5,0.6,90.5,0.64,20.0,0.65,105.0,0.36,20.0,0.35,105.0,0.39,157.5,0.4,90.5,0.03,0.03,2343.407063,1776380577000
1776380578.842,178.842,0.61,157.5,0.6,90.5,0.64,20.0,0.65,105.0,0.36,20.0,0.35,105.0,0.39,157.5,0.4,90.5,0.03,0.03,2343.407153,1776380578000
1776380579.902,179.902,0.61,157.5,0.6,90.5,0.64,20.0,0.65,105.0,0.36,20.0,0.35,105.0,0.39,157.5,0.4,90.5,0.03,0.03,2343.404704,1776380579000
1776380580.795,180.795,0.63,106.69,0.62,15.5,0.64,5.0,0.65,70.0,0.36,20.0,0.35,105.0,0.39,157.5,0.4,90.5,0.01,0.03,2343.404704,1776380579000
1776380581.431,181.431,0.63,106.69,0.62,10.5,0.64,3.43,0.65,70.0,0.36,5.0,0.35,70.0,0.37,106.69,0.38,15.5,0.01,0.01,2343.407116,1776380580000
1776380582.08,182.08,0.63,106.69,0.62,10.5,0.64,3.43,0.65,70.0,0.36,3.43,0.35,70.0,0.37,106.69,0.38,10.5,0.01,0.01,2343.406823,1776380581000
1776380583.159,183.159,0.63,106.69,0.62,10.5,0.64,3.43,0.65,70.0,0.36,3.43,0.35,70.0,0.37,106.69,0.38,10.5,0.01,0.01,2343.407199,1776380582000
1776380584.239,184.239,0.63,106.69,0.62,10.5,0.64,3.43,0.65,70.0,0.36,3.43,0.35,70.0,0.37,106.69,0.38,10.5,0.01,0.01,2343.407888,1776380583000
1776380585.234,185.234,0.63,106.69,0.62,10.5,0.64,3.43,0.65,70.0,0.36,3.43,0.35,70.0,0.37,106.69,0.38,10.5,0.01,0.01,2343.40791,1776380584000
1776380586.531,186.531,0.63,106.69,0.62,10.5,0.64,3.43,0.65,70.0,0.36,3.43,0.35,70.0,0.37,106.69,0.38,10.5,0.01,0.01,2343.421079,1776380585000
1776380587.022,187.022,0.63,106.69,0.62,10.5,0.64,3.43,0.65,70.0,0.36,3.43,0.35,70.0,0.37,106.69,0.38,10.5,0.01,0.01,2343.421079,1776380586000
1776380588.113,188.113,0.63,106.69,0.62,10.5,0.64,3.43,0.65,70.0,0.36,3.43,0.35,70.0,0.37,106.69,0.38,10.5,0.01,0.01,2343.420229,1776380587000
1776380588.476,188.476,0.63,8.37,0.62,25.0,0.64,74.5,0.66,180.5,0.36,3.43,0.35,70.0,0.37,106.69,0.38,10.5,0.01,0.01,2343.420229,1776380587000
1776380588.927,188.927,0.59,95.08,0.58,20.0,0.63,5.0,0.64,164.5,0.36,74.5,0.34,180.5,0.38,25.0,0.39,35.0,0.04,0.02,2343.420229,1776380587000
1776380589.147,189.147,0.48,39.83,0.45,25.0,0.52,17.7,0.56,50.0,0.48,10.41,0.43,8.0,0.52,45.55,0.55,25.0,0.04,0.04,2343.420229,1776380587000
1776380589.436,189.436,0.38,98.5,0.37,50.0,0.39,17.29,0.41,226.48,0.48,17.7,0.47,10.63,0.52,15.61,0.57,160.0,0.01,0.04,2343.420229,1776380587000
1776380589.788,189.788,0.38,22.5,0.37,50.0,0.39,66.0,0.41,50.0,0.61,18.0,0.59,50.0,0.62,5.5,0.63,50.0,0.01,0.01,2343.420137,1776380588000
1776380590.172,190.172,0.38,22.5,0.37,50.0,0.39,63.43,0.44,93.0,0.61,66.0,0.59,50.0,0.62,22.5,0.63,50.0,0.01,0.01,2343.420137,1776380588000
1776380590.39,190.39,0.38,22.5,0.37,25.0,0.39,37.78,0.41,13.0,0.61,63.43,0.56,93.0,0.62,22.5,0.63,50.0,0.01,0.01,2342.523591,1776380589000
1776380590.974,190.974,0.39,36.0,0.37,25.0,0.41,12.0,0.44,86.0,0.62,7.5,0.61,25.29,0.63,25.0,0.64,195.0,0.02,0.01,2342.523591,1776380589000
1776380591.242,191.242,0.39,23.36,0.37,25.0,0.41,12.0,0.42,7.98,0.59,12.0,0.56,86.0,0.61,36.0,0.63,25.0,0.02,0.02,2342.523591,1776380589000
1776380591.444,191.444,0.39,2.36,0.37,25.0,0.41,12.0,0.43,13.0,0.59,12.0,0.57,13.0,0.61,2.36,0.63,25.0,0.02,0.02,2342.29885,1776380590000
1776380591.669,191.669,0.39,0.72,0.37,25.0,0.41,12.0,0.43,13.0,0.59,12.0,0.57,13.0,0.61,2.36,0.63,25.0,0.02,0.02,2342.29885,1776380590000
1776380591.902,191.902,0.39,0.72,0.37,25.0,0.41,12.0,0.43,13.0,0.59,12.0,0.57,13.0,0.61,0.72,0.63,25.0,0.02,0.02,2342.339492,1776380591000
1776380592.61,192.61,0.37,25.0,0.36,195.0,0.41,12.0,0.43,7.98,0.59,12.0,0.57,13.0,0.61,0.72,0.63,25.0,0.04,0.02,2342.339492,1776380591000
1776380593.307,193.307,0.37,25.0,0.36,195.0,0.41,12.0,0.43,7.98,0.59,12.0,0.57,7.98,0.64,195.0,0.65,70.0,0.04,0.05,2342.397652,1776380592000
1776380594.385,194.385,0.38,5.0,0.36,195.0,0.43,7.98,0.44,104.0,0.59,12.0,0.57,7.98,0.64,195.0,0.65,70.0,0.05,0.05,2342.397652,1776380592000
1776380595.061,195.061,0.38,5.0,0.36,195.0,0.43,7.98,0.44,104.0,0.57,7.98,0.56,104.0,0.62,5.0,0.64,195.0,0.05,0.05,2342.411545,1776380594000
1776380595.924,195.924,0.41,27.96,0.4,23.0,0.42,12.0,0.49,9.0,0.58,106.06,0.57,24.98,0.61,115.91,0.62,8.0,0.01,0.03,2342.411545,1776380594000
1776380596.196,196.196,0.41,86.0,0.4,13.0,0.49,2.7,0.5,110.03,0.51,2.8,0.5,110.03,0.59,77.96,0.6,13.0,0.08,0.08,2342.411545,1776380594000
1776380596.499,196.499,0.47,34.2,0.46,85.0,0.5,94.03,0.53,5.0,0.52,5.0,0.5,110.03,0.54,90.0,0.55,25.0,0.03,0.02,2342.411393,1776380595000
1776380596.776,196.776,0.53,100.61,0.52,70.0,0.56,5.0,0.58,5.0,0.44,5.0,0.41,24.39,0.47,103.55,0.48,70.0,0.03,0.03,2342.411393,1776380595000
1776380597.265,197.265,0.53,112.61,0.52,80.0,0.59,17.4,0.6,84.45,0.41,14.05,0.4,12.5,0.47,112.61,0.48,70.0,0.06,0.06,2342.411393,1776380595000
1776380597.932,197.932,0.53,107.61,0.52,80.0,0.59,17.4,0.6,84.45,0.41,17.4,0.4,84.45,0.47,107.61,0.48,80.0,0.06,0.06,2342.712291,1776380597000
1776380599.066,199.066,0.53,72.2,0.52,75.0,0.59,6.0,0.6,12.5,0.41,17.4,0.4,84.45,0.47,107.61,0.48,80.0,0.06,0.06,2342.712291,1776380597000
1776380599.507,199.507,0.53,70.07,0.52,75.0,0.59,6.0,0.6,15.0,0.41,6.0,0.4,12.5,0.47,72.2,0.48,75.0,0.06,0.06,2342.99879,1776380598000
1776380600.824,200.824,0.53,70.07,0.52,75.0,0.59,6.0,0.6,15.0,0.41,6.0,0.4,15.0,0.47,70.07,0.48,75.0,0.06,0.06,2343.083805,1776380599000
1776380601.272,201.272,0.53,70.07,0.52,75.0,0.59,6.0,0.6,15.0,0.41,6.0,0.4,15.0,0.47,70.07,0.48,75.0,0.06,0.06,2343.09444,1776380600000
1776380601.6,201.6,0.54,16.0,0.53,65.0,0.58,74.87,0.59,20.9,0.41,6.0,0.4,15.0,0.47,70.07,0.48,75.0,0.04,0.06,2343.09444,1776380600000
1776380602.051,202.051,0.54,16.0,0.53,65.0,0.58,47.71,0.59,20.9,0.42,74.87,0.41,20.9,0.46,16.0,0.47,65.0,0.04,0.04,2343.09444,1776380600000
1776380602.324,202.324,0.54,13.6,0.53,65.0,0.59,20.9,0.6,15.0,0.41,20.9,0.4,15.0,0.46,13.6,0.47,65.0,0.05,0.05,2343.07662,1776380601000
1776380602.845,202.845,0.55,13.4,0.54,46.1,0.57,5.43,0.59,20.9,0.41,20.9,0.4,15.0,0.46,13.6,0.47,65.0,0.02,0.05,2343.07662,1776380601000
1776380603.076,203.076,0.55,16.82,0.54,23.1,0.59,20.9,0.6,15.0,0.41,20.9,0.4,15.0,0.45,19.27,0.46,23.1,0.04,0.04,2343.07662,1776380601000
1776380604.311,204.311,0.55,16.82,0.54,23.1,0.59,20.9,0.6,15.0,0.41,20.9,0.4,15.0,0.45,16.82,0.46,23.1,0.04,0.04,2343.076145,1776380603000
1776380605.099,205.099,0.54,15.5,0.53,65.0,0.59,39.77,0.6,50.5,0.41,19.27,0.4,15.0,0.42,26.5,0.43,15.5,0.05,0.01,2343.076145,1776380603000
1776380605.84,205.84,0.56,90.7,0.53,75.5,0.57,16.5,0.58,91.5,0.41,39.77,0.4,50.5,0.46,15.5,0.47,65.0,0.01,0.05,2343.065419,1776380604000
1776380606.093,206.093,0.56,85.7,0.53,75.5,0.57,16.5,0.58,91.5,0.43,16.5,0.42,91.5,0.44,90.7,0.47,75.5,0.01,0.01,2343.065419,1776380604000
1776380606.921,206.921,0.56,59.97,0.53,75.5,0.57,16.5,0.58,91.5,0.43,16.5,0.42,91.5,0.44,64.97,0.47,75.5,0.01,0.01,2343.05019,1776380605000
1776380607.143,207.143,0.53,75.5,0.52,13.0,0.54,1.93,0.56,10.5,0.46,3.79,0.43,16.5,0.47,75.5,0.48,13.0,0.01,0.01,2343.05019,1776380605000
1776380608.095,208.095,0.53,98.54,0.52,13.0,0.54,17.93,0.57,16.5,0.46,1.93,0.44,10.5,0.47,75.5,0.48,13.0,0.01,0.01,2342.9979,1776380606000
1776380608.66,208.66,0.54,15.5,0.53,60.04,0.57,16.5,0.58,116.5,0.46,14.14,0.43,6.0,0.47,98.54,0.48,13.0,0.03,0.01,2342.986134,1776380607000
1776380609.264,209.264,0.54,15.5,0.53,60.04,0.57,16.5,0.58,116.5,0.43,16.5,0.42,116.5,0.46,15.5,0.47,60.04,0.03,0.03,2342.983748,1776380608000
1776380610.198,210.198,0.54,15.5,0.53,68.04,0.56,41.0,0.57,16.5,0.44,41.0,0.43,16.5,0.46,15.5,0.47,68.04,0.02,0.02,2343.014889,1776380609000
1776380611.171,211.171,0.54,15.5,0.53,68.04,0.56,41.0,0.57,16.5,0.44,41.0,0.43,16.5,0.46,15.5,0.47,68.04,0.02,0.02,2343.010245,1776380610000
1776380611.501,211.501,0.53,10.04,0.52,8.0,0.54,84.48,0.55,34.5,0.44,41.0,0.43,16.5,0.46,15.5,0.47,68.04,0.01,0.02,2343.010245,1776380610000
1776380611.705,211.705,0.49,35.0,0.47,10.0,0.5,10.0,0.53,17.5,0.47,10.5,0.46,228.68,0.51,105.0,0.53,10.0,0.01,0.04,2343.010245,1776380610000
1776380611.994,211.994,0.49,15.91,0.47,10.0,0.5,7.0,0.52,10.5,0.5,10.0,0.48,10.5,0.51,29.9,0.53,10.0,0.01,0.01,2343.010245,1776380610000
1776380612.206,212.206,0.46,45.5,0.45,105.0,0.5,37.5,0.51,125.0,0.5,54.14,0.49,50.0,0.54,35.0,0.55,35.0,0.04,0.04,2343.016466,1776380611000
1776380613.965,213.965,0.46,45.5,0.45,105.0,0.5,37.5,0.51,125.0,0.5,37.5,0.49,125.0,0.54,45.5,0.55,105.0,0.04,0.04,2342.880235,1776380612000
1776380614.732,214.732,0.46,45.5,0.45,105.0,0.5,37.5,0.51,125.0,0.5,37.5,0.49,125.0,0.54,45.5,0.55,105.0,0.04,0.04,2342.831122,1776380613000
1776380615.2,215.2,0.46,45.5,0.45,105.0,0.5,37.5,0.51,125.0,0.5,37.5,0.49,125.0,0.54,45.5,0.55,105.0,0.04,0.04,2342.81998,1776380614000
1776380616.335,216.335,0.52,30.0,0.51,190.0,0.53,18.9,0.54,5.0,0.5,37.5,0.49,125.0,0.54,45.5,0.55,105.0,0.01,0.04,2342.81998,1776380614000
1776380616.616,216.616,0.56,50.0,0.55,9.09,0.59,66.46,0.6,30.0,0.41,66.46,0.4,30.0,0.44,50.0,0.45,9.09,0.03,0.03,2342.809422,1776380615000
1776380616.83,216.83,0.62,70.2,0.61,50.0,0.67,10.6,0.68,336.5,0.34,1.44,0.33,16.3,0.35,5.0,0.38,65.2,0.05,0.01,2342.809422,1776380615000
1776380617.235,217.235,0.67,184.2,0.66,147.0,0.72,60.0,0.73,80.0,0.28,60.0,0.27,80.0,0.33,184.2,0.34,147.0,0.05,0.05,2342.809422,1776380616000
1776380617.713,217.713,0.81,20.0,0.8,12.0,0.83,130.0,0.84,5.0,0.24,68.29,0.23,10.0,0.28,74.03,0.31,17.0,0.02,0.04,2342.809422,1776380616000
1776380617.962,217.962,0.82,154.0,0.81,20.0,0.85,9.41,0.86,79.9,0.15,9.41,0.14,79.9,0.18,129.0,0.19,20.0,0.03,0.03,2342.809422,1776380616000
1776380618.233,218.233,0.82,140.44,0.81,20.0,0.85,7.29,0.86,79.9,0.15,9.41,0.14,79.9,0.18,140.44,0.19,20.0,0.03,0.03,2342.809422,1776380616000
1776380618.473,218.473,0.82,140.44,0.81,20.0,0.85,7.29,0.86,79.9,0.15,7.29,0.14,79.9,0.18,140.44,0.19,20.0,0.03,0.03,2343.87245,1776380617000
1776380618.976,218.976,0.85,7.71,0.84,5.95,0.86,79.9,0.87,31.8,0.15,2.29,0.14,79.9,0.18,140.44,0.19,20.0,0.01,0.03,2343.87245,1776380617000
1776380619.486,219.486,0.85,158.71,0.84,5.95,0.86,78.73,0.87,31.8,0.14,79.9,0.13,31.8,0.15,7.71,0.16,5.95,0.01,0.01,2344.371356,1776380618000
1776380620.08,220.08,0.85,138.37,0.84,5.95,0.86,48.83,0.88,70.0,0.14,78.73,0.13,31.8,0.15,158.71,0.16,5.95,0.01,0.01,2344.371356,1776380618000
1776380620.311,220.311,0.85,138.37,0.84,5.95,0.86,47.66,0.9,96.0,0.14,48.83,0.12,70.0,0.15,138.37,0.16,5.95,0.01,0.01,2344.371356,1776380618000
1776380620.533,220.533,0.85,143.37,0.84,5.95,0.86,8.41,0.9,80.0,0.14,29.79,0.1,80.0,0.15,138.37,0.16,5.95,0.01,0.01,2344.63905,1776380619000
1776380621.326,221.326,0.85,143.37,0.84,5.95,0.86,8.41,0.9,80.0,0.14,8.41,0.1,80.0,0.15,143.37,0.16,5.95,0.01,0.01,2344.63986,1776380620000
1776380621.803,221.803,0.89,156.0,0.88,5.0,0.9,68.89,0.91,11.0,0.1,74.44,0.09,11.0,0.11,139.0,0.12,5.0,0.01,0.01,2344.63986,1776380620000
1776380622.047,222.047,0.89,157.0,0.88,5.0,0.9,35.89,0.91,11.0,0.1,45.89,0.09,11.0,0.11,157.0,0.12,5.0,0.01,0.01,2344.63986,1776380620000
1776380622.395,222.395,0.89,157.0,0.88,5.0,0.93,34.0,0.94,84.8,0.1,35.89,0.09,11.0,0.11,157.0,0.12,5.0,0.04,0.01,2344.63986,1776380620000
1776380622.652,222.652,0.92,15.0,0.9,6.0,0.93,6.11,0.94,21.0,0.07,34.0,0.06,84.8,0.11,157.0,0.12,5.0,0.01,0.04,2344.75082,1776380621000
1776380622.957,222.957,0.92,119.0,0.9,6.0,0.93,9.56,0.94,21.0,0.07,6.11,0.06,21.0,0.08,15.0,0.1,6.0,0.01,0.01,2344.75082,1776380621000
1776380623.18,223.18,0.92,129.0,0.9,6.0,0.93,4.56,0.94,21.0,0.07,4.56,0.06,21.0,0.08,129.0,0.1,6.0,0.01,0.01,2344.879354,1776380622000
1776380623.837,223.837,0.93,72.71,0.92,29.0,0.94,121.0,0.95,51.0,0.06,21.0,0.05,51.0,0.08,133.0,0.09,5.0,0.01,0.02,2344.879354,1776380622000
1776380624.625,224.625,0.93,72.71,0.92,29.0,0.94,121.0,0.95,51.0,0.06,121.0,0.05,51.0,0.07,72.71,0.08,29.0,0.01,0.01,2345.06855,1776380623000
1776380625.189,225.189,0.93,86.03,0.92,24.0,0.94,121.0,0.95,151.0,0.06,121.0,0.05,151.0,0.07,86.03,0.08,24.0,0.01,0.01,2345.127866,1776380624000
1776380625.529,225.529,0.93,74.48,0.92,24.0,0.94,121.0,0.95,151.0,0.06,121.0,0.05,151.0,0.07,86.03,0.08,24.0,0.01,0.01,2345.127866,1776380624000
1776380626.046,226.046,0.93,74.48,0.92,24.0,0.94,117.87,0.95,151.0,0.06,121.0,0.05,151.0,0.07,74.48,0.08,24.0,0.01,0.01,2345.127866,1776380624000
1776380626.355,226.355,0.93,74.48,0.92,24.0,0.94,117.87,0.95,151.0,0.06,117.87,0.05,151.0,0.07,74.48,0.08,24.0,0.01,0.01,2345.171853,1776380625000
1776380627.0,227.0,0.93,74.48,0.92,24.0,0.94,117.87,0.95,151.0,0.06,117.87,0.05,151.0,0.07,74.48,0.08,24.0,0.01,0.01,2345.171853,1776380626000
1776380627.537,227.537,0.93,96.18,0.92,24.0,0.94,141.8,0.95,176.0,0.06,117.87,0.05,151.0,0.07,74.48,0.08,24.0,0.01,0.01,2345.171853,1776380626000
1776380628.008,228.008,0.93,12.7,0.91,16.05,0.94,260.33,0.95,145.0,0.06,141.8,0.05,176.0,0.07,96.18,0.08,24.0,0.01,0.01,2345.171853,1776380626000
1776380628.211,228.211,0.86,57.29,0.85,71.37,0.93,49.0,0.94,47.0,0.06,47.0,0.05,65.0,0.14,68.01,0.15,71.37,0.07,0.08,2345.171853,1776380626000
1776380628.414,228.414,0.86,57.29,0.85,71.37,0.93,49.0,0.94,47.0,0.07,49.0,0.06,47.0,0.14,57.29,0.15,71.37,0.07,0.07,2345.136081,1776380627000
1776380628.682,228.682,0.87,12.0,0.86,57.29,0.9,78.0,0.92,22.0,0.07,49.0,0.06,47.0,0.14,57.29,0.15,71.37,0.03,0.07,2345.136081,1776380627000
1776380629.037,229.037,0.87,62.0,0.86,57.29,0.9,76.73,0.91,25.0,0.1,78.0,0.08,22.0,0.13,12.0,0.14,57.29,0.03,0.03,2345.136081,1776380627000
1776380630.841,230.841,0.87,62.0,0.86,57.29,0.9,76.73,0.91,25.0,0.1,76.73,0.09,25.0,0.13,62.0,0.14,57.29,0.03,0.03,2344.85646,1776380629000
1776380631.13,231.13,0.91,89.56,0.9,75.0,0.92,9.0,0.93,67.0,0.1,76.73,0.09,25.0,0.13,62.0,0.14,57.29,0.01,0.03,2344.85646,1776380629000
1776380632.326,232.326,0.91,89.56,0.9,75.0,0.92,9.0,0.93,67.0,0.08,9.0,0.07,67.0,0.09,89.56,0.1,75.0,0.01,0.01,2345.038698,1776380631000
1776380632.886,232.886,0.91,89.56,0.9,75.0,0.92,9.0,0.93,67.0,0.08,9.0,0.07,67.0,0.09,89.56,0.1,75.0,0.01,0.01,2345.036081,1776380632000
1776380633.201,233.201,0.91,84.56,0.9,53.0,0.92,36.82,0.93,67.0,0.08,9.0,0.07,67.0,0.09,89.56,0.1,75.0,0.01,0.01,2345.036081,1776380632000
1776380633.844,233.844,0.91,26.56,0.9,53.0,0.92,31.82,0.93,67.0,0.08,36.82,0.07,67.0,0.09,31.56,0.1,53.0,0.01,0.01,2345.036081,1776380632000
1776380634.094,234.094,0.9,4.9,0.89,45.44,0.91,50.0,0.92,36.82,0.08,31.82,0.07,67.0,0.09,26.56,0.1,53.0,0.01,0.01,2345.010771,1776380633000
1776380634.613,234.613,0.9,37.77,0.89,45.44,0.91,144.29,0.92,23.82,0.09,119.79,0.08,36.82,0.1,30.17,0.11,45.44,0.01,0.01,2345.010771,1776380633000
1776380634.84,234.84,0.9,23.77,0.89,45.44,0.91,126.87,0.92,23.82,0.09,138.27,0.08,23.82,0.1,23.77,0.11,45.44,0.01,0.01,2345.010771,1776380633000
1776380635.835,235.835,0.9,113.93,0.89,45.44,0.91,126.34,0.92,23.82,0.09,126.87,0.08,23.82,0.1,23.77,0.11,45.44,0.01,0.01,2344.949455,1776380634000
1776380636.039,236.039,0.9,118.93,0.89,45.44,0.91,94.79,0.92,23.82,0.09,94.79,0.08,23.82,0.1,118.93,0.11,45.44,0.01,0.01,2344.607399,1776380635000
1776380636.325,236.325,0.9,118.93,0.89,45.44,0.91,137.84,0.92,23.82,0.09,139.06,0.08,23.82,0.1,118.93,0.11,45.44,0.01,0.01,2344.607399,1776380635000
1776380636.915,236.915,0.9,123.93,0.89,45.44,0.91,121.25,0.92,23.82,0.09,131.32,0.08,23.82,0.1,123.93,0.11,45.44,0.01,0.01,2344.607399,1776380635000
1776380637.263,237.263,0.9,118.93,0.89,45.44,0.91,55.26,0.92,23.82,0.09,121.25,0.08,23.82,0.1,123.93,0.11,45.44,0.01,0.01,2344.55669,1776380636000
1776380637.895,237.895,0.9,118.93,0.89,45.44,0.91,55.26,0.92,23.82,0.09,55.26,0.08,23.82,0.1,118.93,0.11,45.44,0.01,0.01,2344.522625,1776380637000
1776380638.51,238.51,0.89,164.57,0.88,15.0,0.9,82.5,0.91,19.26,0.09,60.26,0.08,36.82,0.11,7.64,0.12,15.0,0.01,0.02,2344.522625,1776380637000
1776380638.864,238.864,0.89,164.57,0.88,15.0,0.9,82.5,0.91,19.26,0.1,82.5,0.09,19.26,0.11,164.57,0.12,15.0,0.01,0.01,2344.521495,1776380638000
1776380639.306,239.306,0.89,176.47,0.88,15.0,0.9,74.18,0.91,19.26,0.1,74.18,0.09,19.26,0.11,169.57,0.12,15.0,0.01,0.01,2344.521495,1776380638000
1776380639.786,239.786,0.89,172.37,0.88,15.0,0.9,70.15,0.91,19.26,0.1,70.15,0.09,19.26,0.11,176.47,0.12,15.0,0.01,0.01,2344.521495,1776380638000
1776380640.296,240.296,0.89,172.37,0.88,15.0,0.9,63.66,0.91,14.26,0.1,70.15,0.09,19.26,0.11,172.37,0.12,15.0,0.01,0.01,2344.522125,1776380639000
1776380640.56,240.56,0.89,177.37,0.88,15.0,0.9,28.86,0.91,14.26,0.1,52.65,0.09,14.26,0.11,177.37,0.12,15.0,0.01,0.01,2344.522125,1776380639000
1776380640.789,240.789,0.89,177.37,0.88,15.0,0.9,28.86,0.91,14.26,0.1,28.86,0.09,14.26,0.11,177.37,0.12,15.0,0.01,0.01,2344.521976,1776380640000
1776380641.155,241.155,0.89,189.37,0.88,15.0,0.9,21.63,0.91,38.26,0.1,50.63,0.09,14.26,0.11,189.37,0.12,15.0,0.01,0.01,2344.521976,1776380640000
1776380641.402,241.402,0.89,195.37,0.88,15.0,0.9,2.36,0.91,38.26,0.1,13.48,0.09,38.26,0.11,189.37,0.12,15.0,0.01,0.01,2344.521976,1776380640000
1776380641.814,241.814,0.89,182.37,0.88,10.0,0.91,24.0,0.92,23.82,0.09,24.0,0.08,23.82,0.11,182.37,0.12,10.0,0.02,0.02,2344.513738,1776380641000
1776380642.031,242.031,0.89,64.26,0.88,10.0,0.9,73.59,0.91,100.0,0.09,24.0,0.08,23.82,0.11,182.37,0.12,10.0,0.01,0.02,2344.513738,1776380641000
1776380642.59,242.59,0.86,5.0,0.85,6.37,0.87,18.73,0.88,117.73,0.12,75.73,0.1,58.78,0.15,61.37,0.16,45.0,0.01,0.03,2344.513738,1776380641000
1776380642.797,242.797,0.86,5.0,0.85,6.37,0.88,115.55,0.89,60.0,0.12,110.55,0.11,60.0,0.14,5.0,0.15,6.37,0.02,0.02,2344.513738,1776380641000
1776380643.247,243.247,0.86,5.0,0.85,6.37,0.88,103.66,0.89,60.0,0.12,115.55,0.11,60.0,0.14,5.0,0.15,6.37,0.02,0.02,2344.513738,1776380641000
1776380643.907,243.907,0.86,5.0,0.85,6.37,0.88,99.52,0.89,55.0,0.12,99.52,0.11,55.0,0.14,5.0,0.15,6.37,0.02,0.02,2344.396092,1776380642000
1776380644.555,244.555,0.85,6.37,0.84,164.18,0.86,5.0,0.87,10.0,0.14,5.0,0.13,10.0,0.15,6.37,0.16,164.18,0.01,0.01,2344.286283,1776380643000
1776380644.862,244.862,0.85,6.37,0.84,164.18,0.86,11.76,0.88,95.0,0.14,12.93,0.12,95.0,0.15,6.37,0.16,164.18,0.01,0.01,2344.286283,1776380643000
1776380645.202,245.202,0.85,6.37,0.84,164.18,0.86,11.76,0.88,95.0,0.14,11.76,0.12,95.0,0.15,6.37,0.16,164.18,0.01,0.01,2344.266017,1776380644000
1776380645.513,245.513,0.85,1.37,0.84,164.18,0.88,90.13,0.89,80.0,0.14,0.13,0.12,95.0,0.15,1.37,0.16,164.18,0.03,0.01,2344.266017,1776380644000
1776380645.914,245.914,0.85,1.37,0.84,164.18,0.88,60.1,0.89,55.0,0.12,90.13,0.11,80.0,0.15,1.37,0.16,164.18,0.03,0.03,2344.266017,1776380644000
1776380646.353,246.353,0.85,1.37,0.84,164.18,0.88,60.1,0.89,55.0,0.12,60.1,0.11,55.0,0.15,1.37,0.16,164.18,0.03,0.03,2344.259582,1776380645000
1776380646.621,246.621,0.84,164.18,0.83,147.0,0.88,55.39,0.89,25.0,0.12,55.85,0.11,25.0,0.16,164.18,0.17,142.0,0.04,0.04,2344.259582,1776380645000
1776380646.823,246.823,0.84,164.18,0.83,147.0,0.86,52.69,0.87,10.0,0.12,55.39,0.11,25.0,0.16,164.18,0.17,147.0,0.02,0.04,2344.259582,1776380645000
1776380647.454,247.454,0.84,164.18,0.83,147.0,0.86,36.57,0.87,10.0,0.14,52.69,0.13,10.0,0.16,164.18,0.17,147.0,0.02,0.02,2344.259582,1776380645000
1776380647.717,247.717,0.84,164.18,0.83,147.0,0.86,31.57,0.87,10.0,0.14,36.57,0.13,10.0,0.16,164.18,0.17,147.0,0.02,0.02,2344.259582,1776380645000
1776380647.924,247.924,0.84,164.18,0.83,147.0,0.86,29.57,0.87,10.0,0.14,31.57,0.13,10.0,0.16,164.18,0.17,147.0,0.02,0.02,2344.236341,1776380646000
1776380648.695,248.695,0.84,164.18,0.83,147.0,0.86,29.57,0.87,10.0,0.14,29.57,0.13,10.0,0.16,164.18,0.17,147.0,0.02,0.02,2344.230304,1776380647000
1776380648.935,248.935,0.84,132.72,0.83,150.0,0.86,24.57,0.88,55.39,0.14,29.57,0.13,10.0,0.16,164.18,0.17,147.0,0.02,0.02,2344.230304,1776380647000
1776380649.257,249.257,0.85,107.36,0.84,27.0,0.86,15.92,0.88,55.39,0.14,17.58,0.12,55.39,0.16,142.72,0.17,140.0,0.01,0.02,2344.230304,1776380647000
1776380649.713,249.713,0.85,106.89,0.84,25.0,0.86,15.92,0.88,55.39,0.14,15.92,0.12,55.39,0.15,107.36,0.16,27.0,0.01,0.01,2344.232389,1776380648000
1776380650.09,250.09,0.85,106.89,0.84,25.0,0.86,15.92,0.88,55.39,0.14,15.92,0.12,55.39,0.15,106.89,0.16,25.0,0.01,0.01,2344.220341,1776380649000
1776380650.403,250.403,0.85,67.38,0.84,15.0,0.91,50.0,0.92,80.0,0.14,15.92,0.12,55.39,0.15,106.89,0.16,25.0,0.06,0.01,2344.220341,1776380649000
1776380650.724,250.724,0.91,15.0,0.9,15.0,0.92,27.9,0.94,50.0,0.09,50.0,0.08,80.0,0.15,67.38,0.16,15.0,0.01,0.06,2344.220341,1776380649000
1776380650.983,250.983,0.91,15.0,0.9,5.0,0.92,2.78,0.94,55.0,0.08,13.65,0.06,55.0,0.09,15.0,0.1,15.0,0.01,0.01,2344.220341,1776380649000
1776380651.224,251.224,0.91,15.0,0.9,5.0,0.92,2.78,0.94,55.0,0.08,2.78,0.06,55.0,0.09,15.0,0.1,5.0,0.01,0.01,2344.198513,1776380650000
1776380651.522,251.522,0.91,32.9,0.9,5.0,0.94,2.67,0.95,30.95,0.08,37.0,0.06,5.0,0.09,138.38,0.1,5.0,0.03,0.01,2344.198513,1776380650000
1776380651.837,251.837,0.91,22.9,0.9,5.0,0.92,52.75,0.94,2.67,0.06,2.67,0.05,30.95,0.09,32.9,0.1,5.0,0.01,0.03,2344.198513,1776380650000
1776380652.11,252.11,0.91,12.9,0.9,134.83,0.94,1.06,0.95,30.95,0.08,52.75,0.06,2.67,0.09,22.9,0.1,5.0,0.03,0.01,2344.198513,1776380650000
1776380652.433,252.433,0.91,12.9,0.9,134.83,0.94,1.06,0.95,30.95,0.06,1.06,0.05,30.95,0.09,12.9,0.1,134.83,0.03,0.03,2344.198513,1776380651000
1776380653.039,253.039,0.9,109.15,0.88,23.0,0.93,9.16,0.95,30.95,0.07,9.16,0.05,30.95,0.1,109.15,0.12,23.0,0.03,0.03,2344.3386,1776380652000
1776380653.317,253.317,0.9,109.15,0.88,23.0,0.93,7.97,0.95,35.95,0.07,9.16,0.05,30.95,0.1,109.15,0.12,23.0,0.03,0.03,2344.3386,1776380652000
1776380654.195,254.195,0.9,109.15,0.88,23.0,0.93,7.97,0.95,35.95,0.07,7.97,0.05,35.95,0.1,109.15,0.12,23.0,0.03,0.03,2344.351962,1776380653000
1776380654.425,254.425,0.91,5.13,0.9,109.15,0.93,5.81,0.94,5.0,0.07,7.97,0.05,35.95,0.1,109.15,0.12,23.0,0.02,0.03,2344.351962,1776380653000
1776380654.794,254.794,0.91,5.13,0.9,109.15,0.93,4.59,0.95,35.95,0.07,5.81,0.06,5.0,0.09,5.13,0.1,109.15,0.02,0.02,2344.351962,1776380653000
1776380655.308,255.308,0.91,5.13,0.9,109.15,0.93,4.59,0.95,35.95,0.07,4.59,0.05,35.95,0.09,5.13,0.1,109.15,0.02,0.02,2344.359393,1776380654000
1776380655.925,255.925,0.91,5.13,0.9,109.15,0.93,3.37,0.95,35.95,0.07,4.59,0.05,35.95,0.09,5.13,0.1,109.15,0.02,0.02,2344.359393,1776380654000
1776380656.487,256.487,0.91,5.13,0.9,109.15,0.95,34.62,0.96,75.0,0.07,3.37,0.05,35.95,0.09,5.13,0.1,109.15,0.04,0.02,2344.359353,1776380655000
1776380657.14,257.14,0.92,10.0,0.91,15.13,0.95,49.62,0.96,75.0,0.05,34.62,0.04,75.0,0.09,5.13,0.1,109.15,0.03,0.04,2344.359353,1776380655000
1776380658.298,258.298,0.92,10.0,0.91,15.13,0.95,49.62,0.96,75.0,0.05,49.62,0.04,75.0,0.08,10.0,0.09,15.13,0.03,0.03,2344.360242,1776380657000
1776380658.934,258.934,0.92,10.0,0.91,15.13,0.95,49.62,0.96,75.0,0.05,49.62,0.04,75.0,0.08,10.0,0.09,15.13,0.03,0.03,2344.363077,1776380658000
1776380660.085,260.085,0.92,10.0,0.91,15.13,0.95,49.62,0.96,75.0,0.05,49.62,0.04,75.0,0.08,10.0,0.09,15.13,0.03,0.03,2344.363127,1776380659000
1776380660.296,260.296,0.91,17.8,0.88,12.0,0.93,53.62,0.94,17.0,0.05,49.62,0.04,75.0,0.08,10.0,0.09,15.13,0.02,0.03,2344.363127,1776380659000
1776380660.664,260.664,0.88,10.9,0.86,5.0,0.89,106.05,0.92,17.0,0.07,53.62,0.06,42.0,0.12,10.9,0.17,230.0,0.01,0.05,2344.363127,1776380659000
1776380661.11,261.11,0.88,47.9,0.87,5.0,0.89,43.0,0.92,17.0,0.11,106.05,0.08,17.0,0.12,10.9,0.14,5.0,0.01,0.01,2344.363127,1776380659000
1776380662.565,262.565,0.88,47.9,0.87,5.0,0.89,43.0,0.92,17.0,0.11,43.0,0.08,17.0,0.12,47.9,0.13,5.0,0.01,0.01,2344.27,1776380661000
1776380662.869,262.869,0.89,113.13,0.88,20.9,0.92,9.82,0.93,38.62,0.08,12.0,0.07,38.62,0.11,113.13,0.12,25.9,0.03,0.03,2344.27,1776380661000
1776380663.106,263.106,0.89,113.13,0.88,20.9,0.92,9.82,0.93,38.62,0.08,9.82,0.07,38.62,0.11,113.13,0.12,20.9,0.03,0.03,2344.2885,1776380662000
1776380663.707,263.707,0.9,116.54,0.89,25.0,0.93,37.58,0.95,24.62,0.08,9.82,0.07,38.62,0.11,113.13,0.12,20.9,0.03,0.03,2344.2885,1776380662000
1776380664.207,264.207,0.9,116.54,0.89,25.0,0.93,37.58,0.95,24.62,0.07,37.58,0.05,24.62,0.1,116.54,0.11,25.0,0.03,0.03,2344.3206,1776380663000
1776380665.402,265.402,0.92,10.43,0.91,10.49,0.93,24.62,0.94,27.0,0.07,37.58,0.05,24.62,0.1,116.54,0.11,25.0,0.01,0.03,2344.3206,1776380663000
1776380665.969,265.969,0.92,10.43,0.91,10.49,0.93,23.54,0.94,27.0,0.07,23.54,0.06,27.0,0.08,10.43,0.09,10.49,0.01,0.01,2344.324269,1776380665000
1776380666.695,266.695,0.92,69.96,0.91,5.0,0.96,62.99,0.97,166.0,0.07,23.54,0.06,27.0,0.08,10.43,0.09,10.49,0.04,0.01,2344.324269,1776380665000
1776380667.114,267.114,0.92,69.96,0.91,5.0,0.96,62.99,0.97,166.0,0.04,62.99,0.03,166.0,0.08,69.96,0.09,5.0,0.04,0.04,2344.324217,1776380666000
1776380667.836,267.836,0.93,57.78,0.92,16.0,0.96,62.99,0.97,166.0,0.04,62.99,0.03,166.0,0.07,57.78,0.08,16.0,0.03,0.03,2344.342804,1776380667000
1776380668.142,268.142,0.95,15.26,0.94,5.32,0.96,61.84,0.97,136.0,0.04,62.99,0.03,166.0,0.07,57.78,0.08,16.0,0.01,0.03,2344.342804,1776380667000
1776380668.71,268.71,0.95,14.13,0.94,5.32,0.96,61.84,0.97,136.0,0.04,61.84,0.03,136.0,0.05,15.26,0.06,5.32,0.01,0.01,2344.342804,1776380667000
1776380668.955,268.955,0.95,14.13,0.94,5.32,0.96,61.84,0.97,136.0,0.04,61.84,0.03,136.0,0.05,14.13,0.06,5.32,0.01,0.01,2344.336946,1776380668000
1776380669.503,269.503,0.86,8.48,0.84,26.8,0.96,233.84,0.97,265.97,0.04,61.84,0.03,136.0,0.05,14.13,0.06,5.32,0.1,0.01,2344.336946,1776380668000
1776380670.199,270.199,0.87,16.9,0.86,45.0,0.93,35.0,0.95,26.0,0.07,35.0,0.05,26.0,0.13,16.9,0.14,45.0,0.06,0.06,2344.292555,1776380669000
1776380670.41,270.41,0.93,31.38,0.92,15.0,0.97,137.81,0.98,300.99,0.04,3.85,0.03,160.0,0.07,31.38,0.08,15.0,0.04,0.03,2344.292555,1776380669000
1776380671.231,271.231,0.93,31.38,0.92,15.0,0.97,129.56,0.98,300.99,0.03,129.56,0.02,300.99,0.07,31.38,0.08,15.0,0.04,0.04,2344.23,1776380670000
1776380671.592,271.592,0.93,2.42,0.91,21.0,0.97,105.56,0.98,330.99,0.03,129.56,0.02,300.99,0.07,31.38,0.08,15.0,0.04,0.04,2344.23,1776380670000
1776380672.264,272.264,0.88,7.0,0.86,50.0,0.96,29.53,0.97,102.96,0.03,102.96,0.02,330.99,0.07,2.32,0.09,21.0,0.08,0.04,2344.23,1776380670000
1776380672.587,272.587,0.92,5.0,0.88,7.0,0.97,97.81,0.98,330.99,0.04,29.53,0.03,102.96,0.12,7.0,0.14,50.0,0.05,0.08,2344.32083,1776380671000
1776380673.03,273.03,0.92,5.0,0.88,7.0,0.97,97.81,0.98,330.99,0.03,97.81,0.02,330.99,0.08,5.0,0.12,7.0,0.05,0.05,2344.167936,1776380672000
1776380673.886,273.886,0.85,53.2,0.84,6.26,0.93,21.0,0.94,30.0,0.03,97.81,0.02,300.99,0.07,150.6,0.08,10.0,0.08,0.04,2344.167936,1776380672000
1776380674.091,274.091,0.85,53.1,0.84,6.26,0.93,15.74,0.94,30.0,0.07,15.74,0.06,30.0,0.15,53.1,0.16,6.26,0.08,0.08,2344.19026,1776380673000
1776380674.869,274.869,0.91,10.68,0.88,34.1,0.93,15.74,0.94,30.0,0.07,15.74,0.06,30.0,0.15,53.1,0.16,6.26,0.02,0.08,2344.19026,1776380673000
1776380675.218,275.218,0.91,10.68,0.88,34.1,0.93,15.74,0.94,30.0,0.07,15.74,0.06,30.0,0.09,10.68,0.12,34.1,0.02,0.02,2344.169574,1776380674000
1776380675.684,275.684,0.91,7.59,0.9,55.99,0.93,58.0,0.94,30.0,0.07,15.74,0.06,30.0,0.09,10.68,0.12,34.1,0.02,0.02,2344.169574,1776380674000
1776380676.426,276.426,0.91,7.59,0.9,55.99,0.94,42.0,0.95,30.0,0.06,72.85,0.04,50.0,0.09,7.59,0.1,55.99,0.03,0.03,2344.169574,1776380674000
1776380677.004,277.004,0.91,7.59,0.9,60.99,0.94,34.0,0.95,50.0,0.06,42.0,0.05,30.0,0.09,7.59,0.1,55.99,0.03,0.03,2344.105168,1776380675000
1776380677.466,277.466,0.91,7.59,0.9,15.0,0.94,24.0,0.95,50.0,0.06,34.0,0.05,50.0,0.09,7.59,0.1,60.99,0.03,0.03,2344.091413,1776380676000
1776380677.719,277.719,0.91,7.59,0.9,15.0,0.94,13.5,0.95,50.0,0.06,24.0,0.05,50.0,0.09,7.59,0.1,15.0,0.03,0.03,2344.091413,1776380676000
1776380678.389,278.389,0.91,86.81,0.9,30.0,0.95,96.0,0.96,50.0,0.06,13.5,0.05,50.0,0.09,7.59,0.1,15.0,0.04,0.03,2344.091413,1776380676000
1776380678.648,278.648,0.91,86.81,0.9,30.0,0.95,86.0,0.96,50.0,0.05,86.0,0.04,50.0,0.09,86.81,0.1,30.0,0.04,0.04,2344.0925,1776380677000
1776380679.254,279.254,0.91,86.81,0.9,30.0,0.95,86.0,0.96,50.0,0.05,86.0,0.04,50.0,0.09,86.81,0.1,30.0,0.04,0.04,2344.079068,1776380678000
1776380679.474,279.474,0.92,65.21,0.91,12.59,0.95,70.21,0.97,97.81,0.05,86.0,0.04,50.0,0.09,86.81,0.1,30.0,0.03,0.04,2344.079068,1776380678000
1776380680.057,280.057,0.92,65.21,0.91,12.59,0.95,64.21,0.97,97.81,0.05,64.21,0.03,97.81,0.08,65.21,0.09,12.59,0.03,0.03,2344.036233,1776380679000
1776380681.187,281.187,0.92,65.21,0.91,12.59,0.95,64.21,0.97,97.81,0.05,64.21,0.03,97.81,0.08,65.21,0.09,12.59,0.03,0.03,2344.036024,1776380680000
1776380682.454,282.454,0.92,65.21,0.91,12.59,0.95,64.21,0.97,97.81,0.05,64.21,0.03,97.81,0.08,65.21,0.09,12.59,0.03,0.03,2344.060806,1776380681000
1776380682.968,282.968,0.92,65.21,0.91,12.59,0.95,64.21,0.97,97.81,0.05,64.21,0.03,97.81,0.08,65.21,0.09,12.59,0.03,0.03,2344.060806,1776380682000
1776380684.267,284.267,0.93,85.25,0.92,28.0,0.95,59.15,0.97,130.81,0.05,59.15,0.03,130.81,0.07,85.25,0.08,28.0,0.02,0.02,2344.04639,1776380683000
1776380685.398,285.398,0.93,85.25,0.92,28.0,0.95,59.15,0.97,130.81,0.05,59.15,0.03,130.81,0.07,85.25,0.08,28.0,0.02,0.02,2344.046524,1776380684000
1776380686.078,286.078,0.93,85.25,0.92,28.0,0.95,59.15,0.97,130.81,0.05,59.15,0.03,130.81,0.07,85.25,0.08,28.0,0.02,0.02,2344.046574,1776380685000
1776380686.391,286.391,0.96,83.0,0.94,40.0,0.97,68.41,0.98,250.99,0.03,97.71,0.02,250.99,0.04,23.0,0.06,40.0,0.01,0.01,2344.046574,1776380685000
1776380686.671,286.671,0.96,154.0,0.94,40.0,0.97,58.41,0.98,250.99,0.03,68.41,0.02,250.99,0.04,83.0,0.06,40.0,0.01,0.01,2344.046574,1776380685000
1776380687.197,287.197,0.96,154.0,0.94,40.0,0.97,58.41,0.98,250.99,0.03,58.41,0.02,250.99,0.04,154.0,0.06,40.0,0.01,0.01,2344.070602,1776380686000
1776380687.412,287.412,0.97,19.0,0.96,146.0,0.99,319.03,,,0.02,214.04,0.01,1163.0,0.04,164.0,0.05,99.99,0.02,0.02,2344.070602,1776380686000
1776380687.645,287.645,0.99,3220.12,0.98,56.0,,,,,,,,,0.01,688.98,0.03,19.0,,,2344.070602,1776380686000
1776380688.082,288.082,0.99,3212.72,0.98,56.0,,,,,,,,,0.01,3218.87,0.02,56.0,,,2344.070602,1776380686000
1776380688.362,288.362,0.99,3210.95,0.98,56.0,,,,,,,,,0.01,3210.95,0.02,56.0,,,2344.324255,1776380687000
1776380688.594,288.594,0.99,4139.95,0.98,81.06,,,,,,,,,0.01,3210.95,0.02,56.0,,,2344.324255,1776380687000
1776380688.938,288.938,0.99,4122.01,0.98,81.06,,,,,,,,,0.01,4122.01,0.02,81.06,,,2344.501917,1776380688000
1776380691.46,291.46,0.99,4681.82,0.98,30.06,,,,,,,,,0.01,4122.01,0.02,81.06,,,2345.305215,1776380690000
1776380699.48,299.48,0.99,24104.54,0.98,150.06,,,,,,,,,0.01,4681.82,0.02,30.06,,,2345.271355,1776380698000
1776380700.753,300.753,0.99,59538.3,0.98,145.06,,,,,,,,,0.01,24104.54,0.02,150.06,,,2345.265102,1776380699000

# RESULT,winner=Up,slug=eth-updown-5m-1776380400,ticks=472
