timestamp,elapsed_sec,up_bid_p1,up_bid_s1,up_bid_p2,up_bid_s2,up_ask_p1,up_ask_s1,up_ask_p2,up_ask_s2,down_bid_p1,down_bid_s1,down_bid_p2,down_bid_s2,down_ask_p1,down_ask_s1,down_ask_p2,down_ask_s2,up_spread,down_spread,eth_price,eth_oracle_ts
1776330300.643,0.643,0.52,4.4,0.5,2.3,0.54,290.0,0.55,70.0,0.46,150.0,0.4,38.0,0.48,9.4,0.5,2.3,0.02,0.02,2342.22675,1776330299000
1776330301.044,1.044,0.52,4.4,0.5,2.3,0.54,290.0,0.55,70.0,0.46,290.0,0.45,70.0,0.48,4.4,0.5,2.3,0.02,0.02,2342.22675,1776330300000
1776330301.459,1.459,0.52,4.08,0.5,2.3,0.53,62.72,0.54,303.0,0.47,5.0,0.46,369.0,0.48,4.08,0.5,2.3,0.01,0.01,2342.22675,1776330300000
1776330302.16,2.16,0.52,0.83,0.5,2.3,0.53,62.72,0.54,153.0,0.47,62.72,0.46,303.0,0.48,4.08,0.5,2.3,0.01,0.01,2342.22675,1776330300000
1776330302.504,2.504,0.5,0.03,0.44,83.0,0.53,62.72,0.54,153.0,0.47,62.72,0.46,153.0,0.5,0.03,0.56,83.0,0.03,0.03,2342.164825,1776330301000
1776330303.138,3.138,0.5,0.03,0.44,83.0,0.53,62.72,0.54,153.0,0.47,62.72,0.46,153.0,0.5,0.03,0.56,83.0,0.03,0.03,2342.123011,1776330302000
1776330303.925,3.925,0.5,5.03,0.37,10.0,0.51,239.0,0.52,52.0,0.47,62.72,0.46,153.0,0.5,0.03,0.56,83.0,0.01,0.03,2342.123011,1776330302000
1776330304.502,4.502,0.39,5.0,0.36,205.5,0.4,10.0,0.41,10.0,0.55,69.97,0.49,165.0,0.63,10.0,0.64,205.5,0.01,0.08,2342.123011,1776330302000
1776330304.756,4.756,0.39,5.0,0.36,216.5,0.4,6.02,0.41,10.0,0.6,10.0,0.59,10.0,0.61,5.0,0.64,205.5,0.01,0.01,2342.121184,1776330303000
1776330305.188,5.188,0.36,164.5,0.35,140.0,0.37,5.0,0.38,10.0,0.6,6.02,0.59,10.0,0.64,185.5,0.65,150.0,0.01,0.04,2342.121184,1776330303000
1776330305.476,5.476,0.36,17.61,0.3,70.0,0.37,5.0,0.38,155.0,0.63,5.0,0.62,10.0,0.64,164.5,0.65,140.0,0.01,0.01,2342.135023,1776330304000
1776330305.885,5.885,0.3,70.0,0.29,70.0,0.31,5.0,0.32,15.0,0.64,46.16,0.63,5.0,0.7,70.0,0.71,70.0,0.01,0.06,2342.135023,1776330304000
1776330306.154,6.154,0.3,68.06,0.29,70.0,0.31,10.0,0.32,15.0,0.69,5.0,0.68,15.0,0.7,70.0,0.71,70.0,0.01,0.01,2342.135023,1776330304000
1776330306.632,6.632,0.3,39.82,0.29,70.0,0.31,5.0,0.32,15.0,0.69,5.0,0.68,15.0,0.7,39.82,0.71,70.0,0.01,0.01,2341.600665,1776330305000
1776330306.869,6.869,0.27,445.0,0.26,14.0,0.28,31.0,0.29,10.0,0.69,5.0,0.68,15.0,0.7,39.82,0.71,70.0,0.01,0.01,2341.600665,1776330305000
1776330307.114,7.114,0.25,588.34,0.23,140.0,0.26,46.0,0.27,10.0,0.74,36.0,0.72,20.0,0.75,593.34,0.77,140.0,0.01,0.01,2341.600665,1776330305000
1776330307.439,7.439,0.25,568.6,0.23,140.0,0.26,46.0,0.27,15.0,0.74,67.0,0.73,15.0,0.75,565.28,0.77,140.0,0.01,0.01,2341.600665,1776330305000
1776330307.674,7.674,0.25,563.6,0.24,57.0,0.26,51.0,0.27,20.0,0.74,46.0,0.73,15.0,0.75,568.6,0.77,140.0,0.01,0.01,2341.600665,1776330305000
1776330307.952,7.952,0.25,563.6,0.24,57.0,0.26,51.0,0.27,20.0,0.74,51.0,0.73,20.0,0.75,563.6,0.76,57.0,0.01,0.01,2341.0935,1776330306000
1776330308.159,8.159,0.26,11.0,0.25,633.6,0.28,10.0,0.29,10.0,0.74,51.0,0.73,20.0,0.75,563.6,0.76,57.0,0.02,0.01,2341.0935,1776330306000
1776330308.472,8.472,0.26,29.64,0.25,616.6,0.27,7.0,0.28,10.0,0.73,7.0,0.72,10.0,0.74,29.64,0.75,616.6,0.01,0.01,2340.8248,1776330307000
1776330308.813,8.813,0.26,199.64,0.25,626.6,0.29,9.62,0.3,15.0,0.73,7.0,0.72,10.0,0.74,29.64,0.75,616.6,0.03,0.01,2340.8248,1776330307000
1776330309.106,9.106,0.29,10.0,0.28,15.0,0.32,11.31,0.33,10.0,0.68,11.31,0.67,10.0,0.71,10.0,0.72,15.0,0.03,0.03,2340.507202,1776330308000
1776330309.317,9.317,0.3,26.6,0.29,137.0,0.35,15.0,0.36,56.16,0.69,24.0,0.68,15.0,0.7,15.6,0.71,322.0,0.05,0.01,2340.507202,1776330308000
1776330309.778,9.778,0.32,250.0,0.31,72.0,0.34,3.97,0.35,15.0,0.65,15.0,0.64,56.16,0.7,26.6,0.71,137.0,0.02,0.05,2340.507202,1776330308000
1776330310.216,10.216,0.32,230.0,0.31,72.0,0.33,11.96,0.34,3.97,0.67,11.96,0.66,3.97,0.68,230.0,0.69,72.0,0.01,0.01,2340.583216,1776330309000
1776330310.435,10.435,0.32,223.52,0.31,15.0,0.33,6.05,0.34,13.97,0.67,35.96,0.66,13.97,0.68,228.52,0.69,15.0,0.01,0.01,2340.583216,1776330309000
1776330310.897,10.897,0.32,316.02,0.31,20.0,0.33,67.93,0.34,25.84,0.66,4.84,0.65,15.0,0.68,223.52,0.69,15.0,0.01,0.02,2340.583216,1776330309000
1776330311.204,11.204,0.32,291.6,0.31,20.0,0.33,40.93,0.34,36.34,0.67,36.93,0.66,36.34,0.68,311.6,0.69,20.0,0.01,0.01,2340.583216,1776330309000
1776330311.573,11.573,0.32,292.88,0.31,20.0,0.33,15.56,0.34,36.34,0.67,40.93,0.66,36.34,0.68,291.6,0.69,20.0,0.01,0.01,2340.81786,1776330310000
1776330311.989,11.989,0.32,298.62,0.31,20.0,0.33,48.13,0.34,36.34,0.67,15.56,0.66,36.34,0.68,292.88,0.69,20.0,0.01,0.01,2340.907137,1776330311000
1776330312.77,12.77,0.32,267.68,0.31,20.0,0.33,55.13,0.34,36.34,0.67,29.63,0.66,36.34,0.68,269.45,0.69,20.0,0.01,0.01,2340.907137,1776330311000
1776330313.597,13.597,0.29,302.38,0.26,74.64,0.31,85.5,0.32,72.5,0.67,55.13,0.66,36.34,0.68,267.68,0.69,20.0,0.02,0.01,2340.908885,1776330312000
1776330314.025,14.025,0.29,300.83,0.28,5.0,0.3,82.13,0.31,106.5,0.69,85.5,0.68,72.5,0.71,302.38,0.74,74.64,0.01,0.02,2340.908885,1776330312000
1776330314.277,14.277,0.29,300.83,0.28,5.0,0.3,80.85,0.31,106.5,0.7,82.13,0.69,106.5,0.71,300.83,0.72,5.0,0.01,0.01,2340.90992,1776330313000
1776330315.016,15.016,0.25,302.58,0.24,170.0,0.26,120.0,0.27,115.0,0.7,80.85,0.69,106.5,0.71,300.83,0.72,5.0,0.01,0.01,2340.90992,1776330313000
1776330315.261,15.261,0.25,293.89,0.24,191.5,0.26,149.2,0.27,115.0,0.74,120.0,0.73,115.0,0.75,300.52,0.76,170.0,0.01,0.01,2340.90992,1776330313000
1776330315.667,15.667,0.25,299.39,0.24,191.5,0.26,147.0,0.27,132.0,0.74,149.2,0.73,115.0,0.75,293.89,0.76,191.5,0.01,0.01,2340.82062,1776330314000
1776330316.214,16.214,0.25,300.89,0.24,191.5,0.26,137.0,0.27,127.0,0.74,147.0,0.73,132.0,0.75,299.39,0.76,191.5,0.01,0.01,2340.69142,1776330315000
1776330316.51,16.51,0.25,289.39,0.24,191.5,0.26,133.15,0.27,127.0,0.74,137.0,0.73,127.0,0.75,273.89,0.76,191.5,0.01,0.01,2340.69142,1776330315000
1776330316.806,16.806,0.25,277.56,0.24,191.5,0.26,125.45,0.27,127.0,0.74,125.45,0.73,127.0,0.75,283.9,0.76,191.5,0.01,0.01,2340.69142,1776330315000
1776330317.733,17.733,0.25,299.29,0.24,201.5,0.26,125.45,0.27,127.0,0.74,125.45,0.73,127.0,0.75,277.56,0.76,191.5,0.01,0.01,2340.592075,1776330316000
1776330318.393,18.393,0.25,287.79,0.24,201.5,0.26,130.45,0.27,127.0,0.74,125.45,0.73,127.0,0.75,299.29,0.76,201.5,0.01,0.01,2340.473614,1776330317000
1776330319.464,19.464,0.24,68.0,0.23,110.5,0.26,297.45,0.27,348.5,0.74,130.45,0.73,127.0,0.75,287.79,0.76,201.5,0.02,0.01,2340.460375,1776330318000
1776330319.717,19.717,0.24,63.0,0.23,290.5,0.25,220.28,0.26,229.77,0.75,179.0,0.74,262.45,0.76,63.0,0.77,110.5,0.01,0.01,2340.460375,1776330318000
1776330321.265,21.265,0.24,56.0,0.22,371.5,0.25,184.0,0.26,388.27,0.75,220.28,0.74,229.77,0.76,63.0,0.77,290.5,0.01,0.01,2340.488256,1776330320000
1776330322.586,22.586,0.24,348.5,0.23,131.5,0.25,98.0,0.26,256.49,0.75,184.0,0.74,388.27,0.76,51.0,0.78,371.5,0.01,0.01,2340.4049,1776330321000
1776330322.803,22.803,0.24,418.5,0.23,131.5,0.26,79.32,0.27,40.0,0.75,98.0,0.74,256.49,0.76,348.5,0.77,131.5,0.02,0.01,2340.4049,1776330321000
1776330323.262,23.262,0.24,424.5,0.23,131.5,0.26,79.32,0.27,15.0,0.74,79.32,0.73,40.0,0.76,418.5,0.77,131.5,0.02,0.02,2340.2425,1776330322000
1776330324.224,24.224,0.24,519.25,0.23,120.5,0.25,63.78,0.26,25.47,0.74,75.47,0.73,15.0,0.76,424.5,0.77,131.5,0.01,0.02,2340.30978,1776330323000
1776330324.448,24.448,0.24,524.25,0.23,120.5,0.26,25.47,0.27,15.0,0.75,63.78,0.74,25.47,0.76,519.25,0.77,120.5,0.02,0.01,2340.30978,1776330323000
1776330325.747,25.747,0.25,388.36,0.24,282.25,0.26,23.22,0.27,73.85,0.74,25.47,0.73,15.0,0.76,524.25,0.77,120.5,0.01,0.02,2340.349951,1776330324000
1776330327.504,27.504,0.25,277.69,0.24,177.25,0.26,23.22,0.27,20.0,0.74,23.22,0.73,73.85,0.75,388.36,0.76,282.25,0.01,0.01,2340.39231,1776330326000
1776330327.889,27.889,0.25,277.69,0.24,177.25,0.26,33.22,0.27,20.0,0.74,23.22,0.73,20.0,0.75,277.69,0.76,177.25,0.01,0.01,2340.39231,1776330326000
1776330328.337,28.337,0.25,377.69,0.24,277.25,0.31,288.43,0.32,40.0,0.74,33.22,0.73,20.0,0.75,277.69,0.76,177.25,0.06,0.01,2340.39231,1776330326000
1776330329.291,29.291,0.22,118.58,0.21,137.5,0.23,30.0,0.24,15.0,0.69,288.43,0.68,40.0,0.75,377.69,0.76,277.25,0.01,0.06,2340.51204,1776330328000
1776330329.926,29.926,0.22,101.34,0.21,137.5,0.23,129.25,0.24,27.0,0.77,30.0,0.76,15.0,0.78,118.58,0.79,137.5,0.01,0.01,2340.51204,1776330328000
1776330330.234,30.234,0.21,14.0,0.2,10.0,0.22,262.0,0.23,165.75,0.77,129.25,0.76,27.0,0.78,101.34,0.79,137.5,0.01,0.01,2340.51204,1776330328000
1776330330.506,30.506,0.19,68.82,0.18,90.5,0.21,113.0,0.22,242.0,0.78,262.0,0.77,153.75,0.8,3.82,0.81,70.0,0.02,0.02,2340.453367,1776330329000
1776330330.866,30.866,0.19,67.58,0.18,80.0,0.2,139.0,0.21,160.09,0.79,113.0,0.78,242.0,0.81,68.82,0.82,90.5,0.01,0.02,2340.453367,1776330329000
1776330331.131,31.131,0.18,80.0,0.17,18.0,0.2,114.0,0.21,160.09,0.8,139.0,0.79,160.09,0.81,13.91,0.82,80.0,0.02,0.01,2340.3196,1776330330000
1776330331.768,31.768,0.18,80.0,0.17,28.5,0.19,89.78,0.2,215.0,0.8,114.0,0.79,160.09,0.82,80.0,0.83,18.0,0.01,0.02,2340.3196,1776330330000
1776330332.092,32.092,0.18,80.0,0.17,28.5,0.19,103.78,0.2,215.0,0.81,89.78,0.8,215.0,0.82,80.0,0.83,28.5,0.01,0.01,2340.3196,1776330330000
1776330332.774,32.774,0.18,78.78,0.17,28.5,0.19,217.76,0.2,210.0,0.81,103.78,0.8,215.0,0.82,80.0,0.83,28.5,0.01,0.01,2339.986438,1776330331000
1776330333.047,33.047,0.18,73.78,0.17,28.5,0.19,198.76,0.2,310.0,0.81,217.76,0.8,210.0,0.82,78.78,0.83,28.5,0.01,0.01,2339.986438,1776330331000
1776330333.848,33.848,0.18,68.78,0.17,28.5,0.19,409.76,0.2,130.0,0.81,198.76,0.8,310.0,0.82,73.78,0.83,28.5,0.01,0.01,2339.7278,1776330332000
1776330334.177,34.177,0.18,68.78,0.17,28.5,0.19,404.49,0.2,130.0,0.81,409.76,0.8,130.0,0.82,68.78,0.83,28.5,0.01,0.01,2339.7278,1776330332000
1776330334.673,34.673,0.18,63.78,0.17,28.5,0.19,409.49,0.2,137.0,0.81,404.49,0.8,130.0,0.82,68.78,0.83,28.5,0.01,0.01,2339.80755,1776330333000
1776330335.784,35.784,0.18,424.28,0.17,93.0,0.2,5.0,0.21,5.0,0.81,409.49,0.8,137.0,0.82,63.78,0.83,28.5,0.02,0.01,2339.807515,1776330334000
1776330336.889,36.889,0.2,86.95,0.19,115.5,0.21,44.57,0.22,197.0,0.79,22.0,0.78,290.0,0.8,87.5,0.81,73.5,0.01,0.01,2339.694765,1776330335000
1776330339.06,39.06,0.2,372.95,0.19,92.5,0.21,36.06,0.22,5.0,0.79,44.57,0.78,197.0,0.8,86.95,0.81,115.5,0.01,0.01,2339.9933,1776330338000
1776330339.264,39.264,0.22,67.64,0.21,84.5,0.23,45.0,0.24,22.0,0.77,5.0,0.76,22.0,0.8,372.95,0.81,92.5,0.01,0.03,2339.9933,1776330338000
1776330339.705,39.705,0.22,351.14,0.21,80.5,0.24,5.0,0.25,12.0,0.77,55.0,0.76,22.0,0.78,62.64,0.79,146.5,0.02,0.01,2339.9933,1776330338000
1776330339.973,39.973,0.22,370.28,0.21,125.5,0.23,42.2,0.24,5.0,0.77,45.2,0.76,5.0,0.78,374.28,0.79,125.5,0.01,0.01,2339.9934,1776330339000
1776330340.698,40.698,0.22,343.97,0.21,125.5,0.23,42.85,0.25,5.0,0.77,42.2,0.75,5.0,0.78,363.97,0.79,125.5,0.01,0.01,2339.9934,1776330339000
1776330340.945,40.945,0.22,337.17,0.21,125.5,0.23,5.0,0.25,91.26,0.77,42.85,0.75,5.0,0.78,343.97,0.79,125.5,0.01,0.01,2339.9934,1776330339000
1776330341.812,41.812,0.22,345.88,0.21,60.5,0.23,5.0,0.24,5.0,0.77,5.0,0.75,91.26,0.78,337.17,0.79,125.5,0.01,0.01,2340.0876,1776330340000
1776330342.156,42.156,0.22,345.88,0.21,60.5,0.24,5.0,0.25,5.0,0.77,5.0,0.76,5.0,0.78,345.88,0.79,60.5,0.02,0.01,2340.264635,1776330341000
1776330342.977,42.977,0.23,174.09,0.22,61.88,0.24,5.0,0.25,5.0,0.76,5.0,0.75,5.0,0.78,345.88,0.79,60.5,0.01,0.02,2340.264635,1776330341000
1776330343.439,43.439,0.23,134.89,0.22,73.88,0.24,5.0,0.25,5.0,0.76,5.0,0.75,5.0,0.77,174.09,0.78,61.88,0.01,0.01,2340.2878,1776330342000
1776330343.825,43.825,0.29,27.5,0.28,10.0,0.31,1.18,0.32,15.0,0.76,5.0,0.75,5.0,0.77,134.89,0.78,73.88,0.02,0.01,2340.2878,1776330342000
1776330344.515,44.515,0.29,119.72,0.28,20.0,0.3,5.0,0.31,10.0,0.68,105.45,0.67,31.5,0.71,55.72,0.72,15.0,0.01,0.03,2340.3028,1776330343000
1776330345.351,45.351,0.29,293.48,0.28,45.0,0.3,5.0,0.31,10.0,0.7,5.0,0.69,10.0,0.71,119.72,0.72,20.0,0.01,0.01,2340.30305,1776330344000
1776330345.918,45.918,0.29,313.33,0.28,45.0,0.3,70.86,0.31,10.0,0.7,5.0,0.69,10.0,0.71,288.33,0.72,45.0,0.01,0.01,2340.30305,1776330344000
1776330350.145,50.145,0.29,328.5,0.28,49.0,0.3,29.03,0.32,10.0,0.7,70.86,0.69,10.0,0.71,283.63,0.72,45.0,0.01,0.01,2340.884955,1776330349000
1776330351.232,51.232,0.31,325.78,0.3,110.5,0.32,15.72,0.33,15.0,0.68,10.0,0.67,20.0,0.71,328.5,0.72,49.0,0.01,0.03,2340.842165,1776330350000
1776330351.503,51.503,0.32,285.5,0.31,71.78,0.34,10.0,0.35,15.0,0.67,20.0,0.66,15.0,0.69,325.78,0.7,110.5,0.02,0.02,2340.842165,1776330350000
1776330352.001,52.001,0.35,15.5,0.34,25.5,0.37,6.49,0.38,190.0,0.66,5.0,0.65,10.0,0.68,298.39,0.69,71.78,0.02,0.02,2340.842165,1776330350000
1776330352.776,52.776,0.32,6.0,0.31,33.5,0.36,218.0,0.37,8.51,0.63,2.51,0.62,190.0,0.65,25.5,0.66,25.5,0.04,0.02,2340.8934,1776330351000
1776330353.001,53.001,0.31,19.46,0.3,96.5,0.33,95.0,0.34,275.4,0.67,21.0,0.66,95.4,0.68,2.96,0.69,28.5,0.02,0.01,2340.8934,1776330351000
1776330356.048,56.048,0.31,91.5,0.3,192.5,0.32,8.04,0.33,257.0,0.67,95.0,0.66,275.4,0.69,19.46,0.7,96.5,0.01,0.02,2340.955871,1776330355000
1776330357.532,57.532,0.31,43.97,0.3,110.5,0.32,225.04,0.33,72.0,0.68,8.04,0.67,257.0,0.69,91.5,0.7,192.5,0.01,0.01,2340.963995,1776330356000
1776330359.909,59.909,0.31,48.17,0.3,110.5,0.32,282.04,0.33,15.0,0.68,225.04,0.67,72.0,0.69,38.97,0.7,110.5,0.01,0.01,2341.05885,1776330358000
1776330360.523,60.523,0.31,23.02,0.3,110.5,0.32,289.04,0.33,15.0,0.68,282.04,0.67,15.0,0.69,48.17,0.7,110.5,0.01,0.01,2341.05144,1776330359000
1776330361.059,61.059,0.31,43.02,0.3,110.5,0.32,266.41,0.33,15.0,0.68,289.04,0.67,15.0,0.69,23.02,0.7,110.5,0.01,0.01,2341.05144,1776330359000
1776330361.856,61.856,0.28,10.5,0.27,53.3,0.32,344.91,0.33,31.5,0.68,266.41,0.67,15.0,0.69,43.02,0.7,110.5,0.04,0.01,2340.9786,1776330360000
1776330362.171,62.171,0.27,5.01,0.26,55.0,0.28,125.53,0.29,42.5,0.68,344.91,0.67,31.5,0.72,10.5,0.73,53.3,0.01,0.04,2340.9786,1776330360000
1776330362.509,62.509,0.27,2.0,0.26,115.5,0.28,343.33,0.29,42.5,0.72,125.53,0.71,42.5,0.73,0.01,0.74,55.0,0.01,0.01,2340.9786,1776330360000
1776330363.003,63.003,0.26,110.5,0.25,47.0,0.27,73.07,0.28,269.0,0.72,343.33,0.71,42.5,0.74,115.5,0.75,47.0,0.01,0.02,2340.9889,1776330361000
1776330363.649,63.649,0.26,60.5,0.25,47.0,0.27,326.49,0.28,32.0,0.73,73.07,0.72,269.0,0.74,110.5,0.75,47.0,0.01,0.01,2340.9889,1776330361000
1776330364.619,64.619,0.26,50.5,0.25,47.0,0.27,334.65,0.28,100.19,0.73,321.49,0.72,32.0,0.74,55.5,0.75,47.0,0.01,0.01,2340.832252,1776330363000
1776330364.847,64.847,0.26,49.14,0.25,47.0,0.27,334.65,0.28,100.19,0.73,334.65,0.72,100.19,0.74,50.5,0.75,47.0,0.01,0.01,2340.832252,1776330363000
1776330365.413,65.413,0.24,5.0,0.23,36.5,0.25,5.0,0.26,36.5,0.73,334.65,0.72,110.69,0.74,46.31,0.75,47.0,0.01,0.01,2340.82255,1776330364000
1776330367.009,67.009,0.2,1.33,0.19,29.0,0.21,23.0,0.22,148.0,0.73,116.03,0.72,169.69,0.76,19.33,0.77,61.5,0.01,0.03,2340.684308,1776330366000
1776330367.617,67.617,0.18,40.5,0.17,167.5,0.2,64.0,0.21,217.5,0.79,296.0,0.78,43.5,0.81,29.0,0.82,39.4,0.02,0.02,2340.684308,1776330366000
1776330368.388,68.388,0.19,10.5,0.18,40.5,0.2,145.21,0.21,222.5,0.8,64.0,0.79,217.5,0.82,40.5,0.83,167.5,0.01,0.02,2340.67894,1776330367000
1776330368.728,68.728,0.19,20.5,0.18,40.5,0.2,131.21,0.21,32.0,0.8,145.21,0.79,222.5,0.81,10.5,0.82,40.5,0.01,0.01,2340.67894,1776330367000
1776330369.611,69.611,0.19,23.0,0.18,40.5,0.2,131.21,0.21,32.0,0.8,131.21,0.79,32.0,0.81,20.5,0.82,40.5,0.01,0.01,2340.370335,1776330368000
1776330370.786,70.786,0.19,20.53,0.18,25.5,0.2,262.0,0.21,32.0,0.8,131.21,0.79,32.0,0.81,23.0,0.82,40.5,0.01,0.01,2340.34568,1776330369000
1776330374.686,74.686,0.19,20.0,0.18,25.5,0.2,338.5,0.21,42.5,0.8,262.0,0.79,32.0,0.81,20.53,0.82,25.5,0.01,0.01,2340.238658,1776330373000
1776330378.785,78.785,0.18,25.5,0.17,110.5,0.2,443.75,0.21,47.5,0.8,338.5,0.79,42.5,0.81,20.0,0.82,25.5,0.02,0.01,2340.242182,1776330377000
1776330382.823,82.823,0.18,34.28,0.17,110.5,0.19,97.0,0.2,221.25,0.8,443.75,0.79,47.5,0.82,25.5,0.83,110.5,0.01,0.02,2340.21825,1776330381000
1776330387.916,87.916,0.18,20.0,0.17,95.5,0.19,286.73,0.2,87.51,0.81,97.0,0.8,221.25,0.82,34.28,0.83,110.5,0.01,0.01,2340.2339,1776330386000
1776330388.351,88.351,0.19,225.5,0.18,116.5,0.2,51.25,0.21,67.0,0.81,286.73,0.8,87.51,0.82,20.0,0.83,95.5,0.01,0.01,2340.23335,1776330387000
1776330390.078,90.078,0.2,294.0,0.19,136.55,0.21,19.04,0.22,46.4,0.8,51.25,0.79,67.0,0.81,225.5,0.82,116.5,0.01,0.01,2340.22335,1776330388000
1776330391.788,91.788,0.21,177.0,0.2,97.15,0.22,257.95,0.23,73.76,0.78,46.4,0.77,34.5,0.79,58.96,0.8,214.0,0.01,0.01,2340.41315,1776330390000
1776330394.134,94.134,0.21,50.0,0.2,60.0,0.22,291.02,0.23,20.5,0.78,257.95,0.77,73.76,0.79,177.0,0.8,97.15,0.01,0.01,2340.51315,1776330392000
1776330395.618,95.618,0.2,10.0,0.19,15.0,0.22,301.02,0.23,88.9,0.78,291.02,0.77,20.5,0.79,50.0,0.8,60.0,0.02,0.01,2340.56011,1776330394000
1776330396.091,96.091,0.17,41.0,0.16,257.85,0.2,97.5,0.21,43.5,0.8,80.5,0.79,63.5,0.81,4.0,0.82,5.0,0.03,0.01,2340.56016,1776330395000
1776330397.292,97.292,0.17,41.0,0.16,257.85,0.18,56.44,0.19,15.0,0.8,97.5,0.79,43.5,0.83,41.0,0.84,257.85,0.01,0.03,2340.539894,1776330396000
1776330397.605,97.605,0.16,45.55,0.15,33.2,0.17,131.0,0.18,128.94,0.82,56.44,0.81,15.0,0.83,41.0,0.84,257.85,0.01,0.01,2340.539894,1776330396000
1776330397.883,97.883,0.12,165.94,0.11,119.79,0.14,10.0,0.15,144.5,0.83,171.5,0.82,143.94,0.84,0.05,0.85,28.2,0.02,0.01,2340.539894,1776330396000
1776330398.389,98.389,0.11,119.79,0.1,73.0,0.14,55.0,0.15,47.5,0.86,10.0,0.85,144.5,0.88,165.94,0.89,119.79,0.03,0.02,2340.4292,1776330397000
1776330399.041,99.041,0.12,25.65,0.11,129.5,0.13,406.99,0.14,135.5,0.86,122.5,0.85,47.5,0.88,5.0,0.89,130.29,0.01,0.02,2340.4292,1776330397000
1776330399.305,99.305,0.12,5.0,0.11,158.85,0.13,406.99,0.14,135.5,0.87,406.99,0.86,130.0,0.89,158.85,0.9,115.0,0.01,0.02,2340.385785,1776330398000
1776330399.779,99.779,0.12,25.44,0.11,221.8,0.13,421.99,0.14,135.5,0.87,406.99,0.86,135.5,0.88,5.0,0.89,158.85,0.01,0.01,2340.385785,1776330398000
1776330399.998,99.998,0.11,177.5,0.1,115.0,0.13,416.99,0.14,135.5,0.87,416.99,0.86,135.5,0.89,182.5,0.9,115.0,0.02,0.02,2340.385785,1776330398000
1776330400.792,100.792,0.11,172.5,0.1,107.0,0.12,490.0,0.13,122.99,0.87,416.99,0.86,135.5,0.89,177.5,0.9,115.0,0.01,0.02,2339.94607,1776330399000
1776330401.624,101.624,0.1,145.85,0.09,98.0,0.12,458.0,0.13,145.49,0.88,490.0,0.87,122.99,0.89,172.5,0.9,107.0,0.02,0.01,2339.828966,1776330400000
1776330402.0,102.0,0.1,115.35,0.09,139.0,0.11,201.28,0.12,305.0,0.88,401.0,0.87,145.49,0.9,125.85,0.91,98.0,0.01,0.02,2339.828966,1776330400000
1776330402.436,102.436,0.1,155.8,0.09,139.0,0.11,224.0,0.12,305.0,0.89,201.28,0.88,305.0,0.9,115.35,0.91,139.0,0.01,0.01,2339.907551,1776330401000
1776330403.005,103.005,0.1,94.88,0.09,139.0,0.11,374.0,0.12,115.0,0.89,409.0,0.88,125.0,0.9,120.56,0.91,139.0,0.01,0.01,2339.879079,1776330402000
1776330403.912,103.912,0.1,84.88,0.09,139.0,0.11,374.0,0.12,115.0,0.89,374.0,0.88,115.0,0.9,94.88,0.91,139.0,0.01,0.01,2339.879079,1776330402000
1776330404.129,104.129,0.1,89.88,0.09,139.0,0.11,374.0,0.12,123.0,0.89,374.0,0.88,115.0,0.9,84.88,0.91,139.0,0.01,0.01,2339.706358,1776330403000
1776330405.553,105.553,0.1,64.8,0.09,116.0,0.11,397.21,0.12,123.0,0.89,374.0,0.88,123.0,0.9,89.88,0.91,139.0,0.01,0.01,2339.68928,1776330404000
1776330406.12,106.12,0.1,453.15,0.09,116.0,0.11,127.21,0.12,100.0,0.89,397.21,0.88,123.0,0.9,64.8,0.91,116.0,0.01,0.01,2339.68928,1776330404000
1776330406.513,106.513,0.1,575.15,0.09,234.0,0.11,25.21,0.13,10.0,0.89,97.21,0.88,100.0,0.9,458.15,0.91,116.0,0.01,0.01,2339.796655,1776330405000
1776330406.81,106.81,0.12,88.65,0.11,171.29,0.14,248.0,0.15,25.5,0.87,10.0,0.86,253.0,0.89,24.79,0.9,575.15,0.02,0.02,2339.796655,1776330405000
1776330407.593,107.593,0.13,149.65,0.12,89.15,0.16,201.5,0.17,30.5,0.86,248.0,0.85,25.5,0.88,88.65,0.89,171.29,0.03,0.02,2339.90563,1776330406000
1776330408.055,108.055,0.15,22.97,0.14,28.65,0.16,255.0,0.17,30.5,0.84,201.5,0.83,30.5,0.87,149.65,0.88,89.15,0.01,0.03,2339.90563,1776330406000
1776330408.589,108.589,0.15,86.97,0.14,47.65,0.17,196.5,0.18,25.5,0.84,255.0,0.83,30.5,0.85,22.97,0.86,28.65,0.02,0.01,2339.90563,1776330406000
1776330408.885,108.885,0.15,57.97,0.14,47.65,0.17,176.5,0.18,25.5,0.83,196.5,0.82,25.5,0.85,86.97,0.86,47.65,0.02,0.02,2339.90563,1776330406000
1776330409.773,109.773,0.15,32.79,0.14,44.5,0.16,91.03,0.17,254.0,0.84,10.0,0.83,197.0,0.85,52.47,0.86,47.65,0.01,0.01,2339.920971,1776330408000
1776330410.899,110.899,0.15,7.79,0.14,34.0,0.16,343.53,0.17,20.5,0.84,91.03,0.83,254.0,0.85,32.79,0.86,44.5,0.01,0.01,2340.1051,1776330409000
1776330412.153,112.153,0.15,5.0,0.14,15.0,0.16,336.03,0.17,25.5,0.84,343.53,0.83,20.5,0.85,7.79,0.86,34.0,0.01,0.01,2340.142655,1776330411000
1776330412.778,112.778,0.13,38.27,0.12,165.6,0.16,331.03,0.17,25.5,0.84,336.03,0.83,25.5,0.85,5.0,0.86,15.0,0.03,0.01,2340.142655,1776330411000
1776330414.453,114.453,0.13,329.3,0.12,138.6,0.14,20.0,0.18,10.0,0.84,331.03,0.83,25.5,0.87,38.27,0.88,165.6,0.01,0.03,2340.124007,1776330413000
1776330414.81,114.81,0.16,71.77,0.15,39.65,0.17,10.0,0.18,25.5,0.83,10.0,0.82,10.0,0.84,39.72,0.87,334.3,0.01,0.01,2340.124007,1776330413000
1776330419.523,119.523,0.16,41.23,0.15,31.0,0.17,284.18,0.18,70.83,0.83,10.0,0.82,25.5,0.84,71.77,0.85,39.65,0.01,0.01,2340.3261,1776330418000
1776330420.451,120.451,0.16,30.27,0.15,31.0,0.17,289.18,0.18,53.1,0.83,284.18,0.82,70.83,0.84,41.23,0.85,31.0,0.01,0.01,2340.358955,1776330419000
1776330420.987,120.987,0.16,0.27,0.15,26.0,0.17,289.18,0.18,25.5,0.83,289.18,0.82,53.1,0.84,30.27,0.85,31.0,0.01,0.01,2340.358955,1776330419000
1776330421.293,121.293,0.14,75.0,0.13,39.65,0.16,8.73,0.17,294.18,0.83,289.18,0.82,25.5,0.84,0.27,0.85,26.0,0.02,0.01,2340.34073,1776330420000
1776330425.506,125.506,0.16,158.99,0.15,69.63,0.18,20.0,0.19,205.5,0.84,8.73,0.83,294.18,0.86,75.0,0.87,39.65,0.02,0.02,2340.496321,1776330424000
1776330428.482,128.482,0.18,15.0,0.17,66.0,0.19,185.0,0.2,82.5,0.83,62.0,0.82,25.5,0.84,37.0,0.85,43.2,0.01,0.01,2340.51785,1776330427000
1776330434.322,134.322,0.14,137.5,0.13,88.8,0.16,10.0,0.17,59.0,0.81,185.0,0.8,82.5,0.82,15.0,0.83,66.0,0.02,0.01,2340.59811,1776330433000
1776330434.768,134.768,0.12,29.55,0.11,61.79,0.13,20.5,0.14,131.5,0.85,35.0,0.84,10.0,0.87,30.0,0.88,49.1,0.01,0.02,2340.59811,1776330433000
1776330435.263,135.263,0.11,29.79,0.1,37.0,0.12,353.5,0.13,56.87,0.87,240.49,0.86,105.5,0.89,34.79,0.9,32.0,0.01,0.02,2340.59811,1776330433000
1776330436.102,136.102,0.11,24.79,0.1,42.0,0.12,338.0,0.13,67.49,0.88,353.5,0.87,56.87,0.89,29.79,0.9,37.0,0.01,0.01,2340.59559,1776330434000
1776330436.819,136.819,0.11,13.55,0.1,42.0,0.12,289.0,0.13,48.49,0.88,338.0,0.87,67.49,0.89,24.79,0.9,42.0,0.01,0.01,2340.50377,1776330435000
1776330440.766,140.766,0.11,0.55,0.1,15.0,0.12,482.49,0.13,68.49,0.88,289.0,0.87,48.49,0.89,13.55,0.9,42.0,0.01,0.01,2339.995374,1776330439000
1776330441.081,141.081,0.09,16.0,0.08,87.9,0.1,102.5,0.11,65.72,0.88,477.49,0.87,68.49,0.91,21.0,0.92,87.9,0.01,0.03,2339.995374,1776330439000
1776330442.603,142.603,0.09,11.0,0.08,61.0,0.1,272.55,0.11,56.72,0.9,272.55,0.89,70.72,0.91,16.0,0.92,39.0,0.01,0.01,2340.07414,1776330441000
1776330450.058,150.058,0.08,22.0,0.07,108.99,0.1,285.17,0.11,131.35,0.9,272.55,0.89,56.72,0.91,11.0,0.92,61.0,0.02,0.01,2339.801484,1776330449000
1776330450.748,150.748,0.09,33.72,0.08,22.0,0.1,253.0,0.11,131.35,0.9,285.17,0.89,131.35,0.92,22.0,0.93,108.99,0.01,0.02,2339.801484,1776330449000
1776330451.741,151.741,0.09,4.72,0.08,22.0,0.1,257.5,0.11,138.72,0.9,253.0,0.89,131.35,0.91,27.44,0.92,22.0,0.01,0.01,2339.8073,1776330450000
1776330455.798,155.798,0.08,15.05,0.07,71.0,0.1,300.49,0.11,121.35,0.9,257.5,0.89,138.72,0.91,4.72,0.92,22.0,0.02,0.01,2339.8439,1776330454000
1776330457.475,157.475,0.09,47.0,0.08,111.05,0.11,278.73,0.12,41.5,0.9,300.49,0.89,121.35,0.92,15.05,0.93,71.0,0.02,0.02,2339.8339,1776330456000
1776330458.185,158.185,0.1,188.55,0.09,65.0,0.11,15.06,0.13,25.5,0.89,278.73,0.88,41.5,0.91,47.0,0.92,111.05,0.01,0.02,2339.829731,1776330457000
1776330458.782,158.782,0.1,164.55,0.09,109.0,0.13,25.5,0.14,66.49,0.89,0.81,0.88,10.0,0.9,164.55,0.91,65.0,0.03,0.01,2339.829731,1776330457000
1776330460.705,160.705,0.12,9.65,0.11,20.0,0.13,69.51,0.14,77.5,0.87,25.5,0.86,66.49,0.9,164.55,0.91,109.0,0.01,0.03,2340.0911,1776330459000
1776330461.369,161.369,0.11,20.0,0.1,293.5,0.12,18.35,0.13,69.51,0.87,69.51,0.86,77.5,0.88,9.65,0.89,20.0,0.01,0.01,2340.3288,1776330460000
1776330463.74,163.74,0.11,53.92,0.1,293.5,0.12,18.35,0.13,15.0,0.88,18.35,0.87,69.51,0.89,20.0,0.9,293.5,0.01,0.01,2340.3638,1776330461000
1776330466.193,166.193,0.1,254.99,0.09,106.43,0.12,265.35,0.13,30.5,0.88,18.35,0.87,15.0,0.89,53.92,0.9,293.5,0.02,0.01,2340.37395,1776330464000
1776330469.318,169.318,0.1,224.55,0.09,128.43,0.11,250.49,0.12,48.85,0.88,265.35,0.87,30.5,0.9,254.99,0.91,106.43,0.01,0.02,2340.3741,1776330467000
1776330469.875,169.875,0.1,193.88,0.09,157.98,0.11,257.49,0.12,59.85,0.89,250.49,0.88,48.85,0.9,224.55,0.91,128.43,0.01,0.01,2340.30443,1776330468000
1776330470.222,170.222,0.1,188.88,0.09,157.98,0.11,269.22,0.12,59.85,0.89,249.22,0.88,59.85,0.9,193.88,0.91,157.98,0.01,0.01,2340.39006,1776330469000
1776330471.14,171.14,0.1,143.88,0.09,157.98,0.11,269.22,0.12,59.85,0.89,269.22,0.88,59.85,0.9,188.88,0.91,157.98,0.01,0.01,2340.39006,1776330469000
1776330477.054,177.054,0.1,148.88,0.09,100.99,0.11,174.22,0.12,47.35,0.89,269.22,0.88,59.85,0.9,143.88,0.91,157.98,0.01,0.01,2340.29345,1776330475000
1776330478.049,178.049,0.11,153.99,0.1,400.82,0.12,4.1,0.14,10.0,0.89,174.22,0.88,47.35,0.9,148.88,0.91,100.99,0.01,0.01,2340.29345,1776330476000
1776330479.82,179.82,0.13,13.95,0.12,27.9,0.14,302.26,0.15,33.5,0.86,10.0,0.85,47.49,0.88,7.9,0.89,148.99,0.01,0.02,2340.451145,1776330478000
1776330480.163,180.163,0.13,11.85,0.12,27.9,0.14,292.26,0.15,40.87,0.86,302.26,0.85,33.5,0.87,13.95,0.88,27.9,0.01,0.01,2340.451145,1776330478000
1776330480.79,180.79,0.13,6.67,0.12,27.9,0.14,279.87,0.15,88.33,0.86,292.26,0.85,40.87,0.87,11.85,0.88,27.9,0.01,0.01,2340.531145,1776330479000
1776330481.767,181.767,0.16,25.0,0.15,71.5,0.17,2.11,0.18,15.05,0.86,279.87,0.85,88.33,0.87,6.67,0.88,27.9,0.01,0.01,2340.60785,1776330480000
1776330482.796,182.796,0.2,25.0,0.19,50.34,0.21,287.83,0.22,27.5,0.8,31.62,0.79,295.0,0.81,15.34,0.84,50.0,0.01,0.01,2340.60785,1776330481000
1776330483.483,183.483,0.2,5.42,0.19,65.34,0.21,230.21,0.22,207.5,0.79,287.83,0.78,27.5,0.8,25.0,0.81,50.34,0.01,0.01,2340.655135,1776330482000
1776330484.508,184.508,0.18,78.5,0.17,75.54,0.2,84.72,0.21,154.33,0.79,230.21,0.78,207.5,0.81,49.76,0.82,112.05,0.02,0.02,2340.655135,1776330482000
1776330486.647,186.647,0.19,92.0,0.18,231.05,0.2,83.29,0.21,97.33,0.8,84.72,0.79,154.33,0.82,78.5,0.83,75.54,0.01,0.02,2341.107995,1776330485000
1776330486.982,186.982,0.2,137.49,0.19,132.49,0.21,88.99,0.22,10.0,0.8,83.29,0.79,97.33,0.81,92.0,0.82,231.05,0.01,0.01,2341.107995,1776330485000
1776330488.139,188.139,0.21,318.05,0.2,59.94,0.23,13.94,0.24,10.0,0.78,3.0,0.77,15.42,0.8,142.49,0.81,112.49,0.02,0.02,2341.115295,1776330486000
1776330489.926,189.926,0.22,123.5,0.21,277.2,0.24,2.52,0.25,257.5,0.77,13.94,0.76,10.0,0.79,318.05,0.8,59.94,0.02,0.02,2341.189353,1776330488000
1776330490.968,190.968,0.22,97.67,0.21,255.5,0.23,10.0,0.24,2.52,0.76,2.52,0.75,257.5,0.78,118.5,0.79,277.2,0.01,0.02,2341.252691,1776330489000
1776330492.069,192.069,0.22,87.34,0.21,255.5,0.23,10.0,0.24,2.52,0.77,10.0,0.76,2.52,0.78,97.67,0.79,255.5,0.01,0.01,2341.240076,1776330491000
1776330492.531,192.531,0.19,10.0,0.18,5.0,0.23,334.12,0.24,35.02,0.77,10.0,0.76,2.52,0.78,87.34,0.79,255.5,0.04,0.01,2341.240076,1776330491000
1776330492.875,192.875,0.19,12.0,0.18,5.0,0.2,35.0,0.21,34.0,0.8,20.5,0.79,34.0,0.81,7.0,0.82,5.0,0.01,0.01,2341.240076,1776330491000
1776330493.099,193.099,0.18,8.78,0.17,56.0,0.19,26.0,0.2,31.5,0.8,31.5,0.79,34.0,0.82,4.5,0.83,56.0,0.01,0.02,2341.284835,1776330492000
1776330493.972,193.972,0.18,34.28,0.17,293.0,0.2,59.0,0.21,29.0,0.81,26.0,0.8,31.5,0.82,8.78,0.83,56.0,0.02,0.01,2341.284835,1776330492000
1776330495.715,195.715,0.21,105.12,0.2,25.5,0.23,10.0,0.24,13.52,0.8,59.0,0.79,29.0,0.82,34.28,0.83,293.0,0.02,0.02,2341.208561,1776330494000
1776330495.962,195.962,0.21,95.12,0.2,205.5,0.22,3.0,0.23,10.0,0.77,10.0,0.76,13.52,0.79,105.12,0.8,25.5,0.01,0.02,2341.208561,1776330494000
1776330496.201,196.201,0.22,20.0,0.21,90.12,0.23,5.0,0.24,61.22,0.77,10.0,0.76,13.52,0.79,95.12,0.8,205.5,0.01,0.02,2341.208561,1776330494000
1776330496.456,196.456,0.23,23.32,0.22,72.0,0.24,67.7,0.25,25.5,0.77,5.0,0.76,61.22,0.78,20.0,0.79,90.12,0.01,0.01,2341.208561,1776330494000
1776330498.455,198.455,0.22,76.67,0.21,263.12,0.23,28.09,0.24,25.5,0.76,67.7,0.75,25.5,0.77,23.32,0.78,72.0,0.01,0.01,2341.290939,1776330497000
1776330498.944,198.944,0.22,81.67,0.21,263.12,0.23,23.09,0.24,30.5,0.77,28.09,0.76,25.5,0.78,76.67,0.79,263.12,0.01,0.01,2341.290939,1776330497000
1776330499.713,199.713,0.22,81.34,0.21,263.12,0.23,23.09,0.24,30.5,0.77,23.09,0.76,30.5,0.78,81.67,0.79,263.12,0.01,0.01,2341.333888,1776330498000
1776330500.158,200.158,0.22,78.84,0.21,252.62,0.23,23.09,0.24,30.5,0.77,23.09,0.76,30.5,0.78,81.34,0.79,263.12,0.01,0.01,2341.333888,1776330498000
1776330500.536,200.536,0.22,58.84,0.21,252.62,0.23,18.09,0.24,30.5,0.77,18.09,0.76,30.5,0.78,73.84,0.79,252.62,0.01,0.01,2341.286625,1776330499000
1776330500.963,200.963,0.22,24.67,0.21,72.62,0.23,28.09,0.24,30.5,0.77,18.09,0.76,30.5,0.78,58.84,0.79,252.62,0.01,0.01,2341.286625,1776330499000
1776330502.135,202.135,0.22,25.17,0.21,320.12,0.23,10.0,0.24,15.0,0.77,28.09,0.76,30.5,0.78,24.67,0.79,72.62,0.01,0.01,2341.285975,1776330500000
1776330502.421,202.421,0.27,30.0,0.26,20.5,0.29,7.37,0.3,31.5,0.72,5.0,0.71,5.0,0.78,242.17,0.79,88.12,0.02,0.06,2341.28875,1776330501000
1776330504.113,204.113,0.28,19.65,0.27,31.5,0.3,70.37,0.31,210.5,0.7,8.37,0.69,15.0,0.72,10.0,0.73,36.0,0.02,0.02,2341.29694,1776330502000
1776330504.56,204.56,0.28,18.26,0.27,31.5,0.29,10.0,0.3,71.37,0.7,70.37,0.69,210.5,0.72,19.65,0.73,31.5,0.01,0.02,2341.397705,1776330503000
1776330504.802,204.802,0.28,23.26,0.27,31.5,0.29,1.03,0.3,71.37,0.71,10.0,0.7,71.37,0.72,18.26,0.73,31.5,0.01,0.01,2341.397705,1776330503000
1776330505.16,205.16,0.29,20.0,0.28,8.26,0.3,188.37,0.31,82.5,0.71,1.03,0.7,71.37,0.72,23.26,0.73,31.5,0.01,0.01,2341.397705,1776330503000
1776330507.057,207.057,0.2,4.0,0.19,15.0,0.25,163.12,0.26,54.5,0.7,188.37,0.69,82.5,0.71,20.0,0.72,8.26,0.05,0.01,2341.617356,1776330505000
1776330507.358,207.358,0.2,10.0,0.19,62.5,0.21,1.0,0.22,6.0,0.79,10.0,0.78,21.0,0.81,20.0,0.82,92.95,0.01,0.02,2341.614456,1776330506000
1776330507.578,207.578,0.23,127.86,0.22,226.0,0.26,6.0,0.27,6.0,0.79,1.0,0.78,6.0,0.8,10.0,0.81,62.5,0.03,0.01,2341.614456,1776330506000
1776330508.587,208.587,0.29,36.0,0.28,25.5,0.31,8.38,0.32,15.5,0.74,6.0,0.73,6.0,0.77,127.86,0.78,226.0,0.02,0.03,2341.614571,1776330507000
1776330508.874,208.874,0.31,21.0,0.3,21.0,0.32,221.73,0.33,15.0,0.68,8.73,0.67,15.0,0.7,16.0,0.71,31.0,0.01,0.02,2341.614571,1776330507000
1776330509.14,209.14,0.3,75.88,0.29,16.0,0.32,221.73,0.33,15.0,0.68,221.73,0.67,15.0,0.69,21.0,0.7,21.0,0.02,0.01,2341.492976,1776330508000
1776330509.469,209.469,0.3,3.88,0.29,16.0,0.31,22.0,0.32,29.73,0.68,221.73,0.67,15.0,0.7,13.88,0.71,16.0,0.01,0.02,2341.492976,1776330508000
1776330509.712,209.712,0.3,28.43,0.29,16.0,0.31,184.0,0.32,29.73,0.69,11.0,0.68,29.73,0.7,3.88,0.71,16.0,0.01,0.01,2341.492976,1776330508000
1776330510.2,210.2,0.28,15.0,0.27,25.5,0.31,248.0,0.32,29.73,0.69,253.0,0.68,29.73,0.7,15.43,0.71,16.0,0.03,0.01,2341.535703,1776330509000
1776330510.429,210.429,0.3,10.0,0.29,10.0,0.31,216.88,0.32,11.0,0.69,232.5,0.68,29.73,0.7,10.0,0.71,10.0,0.01,0.01,2341.535703,1776330509000
1776330510.758,210.758,0.28,15.0,0.27,25.5,0.31,205.26,0.32,11.0,0.69,205.26,0.68,11.0,0.7,10.0,0.71,10.0,0.03,0.01,2341.535703,1776330509000
1776330511.071,211.071,0.3,10.0,0.29,10.0,0.31,199.54,0.32,11.0,0.69,200.26,0.68,11.0,0.7,26.8,0.71,10.0,0.01,0.01,2341.535703,1776330509000
1776330511.596,211.596,0.33,44.0,0.32,20.0,0.34,0.19,0.35,5.0,0.69,199.54,0.68,11.0,0.7,10.0,0.71,10.0,0.01,0.01,2341.647751,1776330510000
1776330512.359,212.359,0.44,55.4,0.43,15.0,0.45,315.9,0.46,6.0,0.55,80.11,0.54,6.0,0.56,10.0,0.57,10.0,0.01,0.01,2341.771522,1776330511000
1776330512.681,212.681,0.44,50.31,0.43,15.0,0.45,331.2,0.46,86.0,0.55,315.7,0.54,86.0,0.56,55.4,0.57,15.0,0.01,0.01,2341.771522,1776330511000
1776330513.007,213.007,0.44,50.31,0.43,15.0,0.45,336.2,0.46,86.0,0.55,331.2,0.54,86.0,0.56,50.31,0.57,15.0,0.01,0.01,2341.857612,1776330512000
1776330513.417,213.417,0.43,15.0,0.42,15.0,0.45,326.2,0.46,86.0,0.55,326.2,0.54,86.0,0.56,45.22,0.57,15.0,0.02,0.01,2341.857612,1776330512000
1776330514.084,214.084,0.38,16.1,0.35,15.0,0.42,76.5,0.43,86.12,0.55,326.2,0.54,86.0,0.57,15.0,0.58,15.0,0.04,0.02,2341.857612,1776330512000
1776330514.5,214.5,0.24,10.0,0.23,10.0,0.26,10.0,0.27,35.5,0.64,260.11,0.63,93.0,0.76,10.0,0.77,30.44,0.02,0.12,2341.926397,1776330513000
1776330514.703,214.703,0.22,5.0,0.21,62.0,0.25,21.78,0.26,37.0,0.75,23.2,0.74,22.0,0.79,66.0,0.8,188.0,0.03,0.04,2341.926397,1776330513000
1776330514.915,214.915,0.19,19.0,0.18,10.0,0.21,4.0,0.22,10.0,0.75,21.78,0.74,37.0,0.78,5.0,0.79,62.0,0.02,0.03,2341.926397,1776330513000
1776330515.214,215.214,0.2,8.75,0.19,20.5,0.21,10.0,0.22,24.54,0.78,9.04,0.77,20.0,0.81,24.0,0.82,10.0,0.01,0.03,2341.968984,1776330514000
1776330515.458,215.458,0.2,8.37,0.19,10.0,0.21,11.0,0.22,16.0,0.79,15.0,0.78,19.54,0.8,13.37,0.81,10.0,0.01,0.01,2341.968984,1776330514000
1776330515.907,215.907,0.2,21.21,0.19,20.5,0.21,6.0,0.22,6.0,0.79,11.0,0.78,16.0,0.8,8.37,0.81,10.0,0.01,0.01,2341.968984,1776330514000
1776330516.228,216.228,0.2,8.12,0.19,10.0,0.21,16.0,0.22,16.0,0.79,6.0,0.78,6.0,0.8,21.21,0.81,20.5,0.01,0.01,2341.968984,1776330514000
1776330517.756,217.756,0.2,8.75,0.19,10.0,0.21,11.0,0.22,16.5,0.79,16.0,0.78,16.0,0.81,10.0,0.82,20.5,0.01,0.02,2341.361211,1776330516000
1776330518.025,218.025,0.2,2.5,0.19,10.0,0.21,6.0,0.22,16.5,0.79,11.0,0.78,16.5,0.8,8.75,0.81,10.0,0.01,0.01,2341.34315,1776330517000
1776330520.162,220.162,0.18,10.0,0.17,145.98,0.21,307.5,0.22,31.5,0.79,6.0,0.78,16.5,0.8,2.5,0.81,10.0,0.03,0.01,2341.391245,1776330519000
1776330520.563,220.563,0.18,5.0,0.17,145.98,0.21,307.5,0.22,31.5,0.79,307.5,0.78,31.5,0.82,10.0,0.83,145.98,0.03,0.03,2341.391245,1776330519000
1776330520.766,220.766,0.2,5.0,0.19,15.0,0.21,255.11,0.22,31.5,0.79,297.73,0.78,31.5,0.8,5.0,0.81,15.0,0.01,0.01,2341.391245,1776330519000
1776330521.168,221.168,0.19,15.0,0.18,5.0,0.2,10.0,0.21,294.11,0.79,255.11,0.78,31.5,0.8,5.0,0.81,15.0,0.01,0.01,2341.2981,1776330520000
1776330521.906,221.906,0.19,30.5,0.18,15.5,0.22,16.0,0.23,25.5,0.8,10.0,0.79,294.11,0.81,15.0,0.82,5.0,0.03,0.01,2341.2981,1776330520000
1776330522.572,222.572,0.24,10.0,0.23,10.0,0.25,6.69,0.27,6.0,0.78,16.0,0.77,25.5,0.81,30.5,0.82,15.5,0.01,0.03,2341.39847,1776330521000
1776330523.954,223.954,0.26,14.77,0.25,10.0,0.28,10.0,0.29,20.0,0.73,6.0,0.67,180.0,0.74,9.24,0.75,10.0,0.02,0.01,2341.364007,1776330522000
1776330524.765,224.765,0.22,15.43,0.21,60.0,0.25,1.76,0.26,10.0,0.72,10.0,0.71,15.0,0.74,14.77,0.75,10.0,0.03,0.02,2341.397411,1776330523000
1776330525.07,225.07,0.22,25.43,0.21,60.0,0.24,0.25,0.25,1.76,0.75,1.76,0.74,10.0,0.78,15.43,0.79,60.0,0.02,0.03,2341.502165,1776330524000
1776330525.413,225.413,0.26,11.99,0.23,10.0,0.27,26.5,0.28,20.5,0.76,0.25,0.75,1.76,0.78,25.43,0.79,60.0,0.01,0.02,2341.502165,1776330524000
1776330525.779,225.779,0.24,10.0,0.23,10.0,0.25,55.7,0.26,70.0,0.73,26.5,0.72,20.5,0.74,11.99,0.77,10.0,0.01,0.01,2341.502165,1776330524000
1776330526.133,226.133,0.24,10.0,0.23,10.0,0.25,223.38,0.26,10.0,0.75,55.7,0.74,70.0,0.76,10.0,0.77,10.0,0.01,0.01,2341.56329,1776330525000
1776330526.573,226.573,0.22,4.35,0.21,60.0,0.25,190.0,0.26,10.0,0.75,223.38,0.74,10.0,0.78,9.61,0.79,60.0,0.03,0.03,2341.56329,1776330525000
1776330527.085,227.085,0.22,4.35,0.21,60.0,0.24,10.76,0.25,200.5,0.75,190.0,0.74,10.0,0.78,4.35,0.79,60.0,0.02,0.03,2341.56329,1776330525000
1776330528.569,228.569,0.21,34.28,0.2,10.0,0.23,341.22,0.24,20.5,0.76,10.76,0.75,200.5,0.79,44.35,0.8,67.0,0.02,0.03,2341.55267,1776330526000
1776330528.865,228.865,0.21,19.28,0.2,10.0,0.22,274.5,0.23,99.22,0.78,205.5,0.77,99.22,0.79,74.28,0.8,10.0,0.01,0.01,2341.55267,1776330526000
1776330529.313,229.313,0.21,0.28,0.2,10.0,0.22,280.26,0.23,140.39,0.78,274.5,0.77,99.22,0.79,19.28,0.8,10.0,0.01,0.01,2341.55267,1776330526000
1776330530.188,230.188,0.19,4.93,0.18,5.0,0.2,15.0,0.21,15.0,0.78,260.26,0.77,32.5,0.81,10.0,0.82,5.0,0.01,0.03,2341.551935,1776330528000
1776330530.406,230.406,0.18,5.0,0.17,205.48,0.2,7.5,0.21,15.0,0.8,20.0,0.79,15.0,0.81,4.93,0.82,5.0,0.02,0.01,2341.471992,1776330529000
1776330530.653,230.653,0.18,9.24,0.17,109.98,0.2,0.82,0.21,25.0,0.81,20.0,0.8,7.5,0.82,9.24,0.83,109.98,0.02,0.01,2341.471992,1776330529000
1776330530.864,230.864,0.18,4.24,0.17,109.98,0.2,0.82,0.21,25.0,0.8,0.82,0.79,25.0,0.82,9.24,0.83,109.98,0.02,0.02,2341.471992,1776330529000
1776330532.308,232.308,0.18,8.78,0.17,109.98,0.19,10.0,0.2,10.82,0.8,0.82,0.79,25.0,0.82,4.24,0.83,109.98,0.01,0.02,2341.426333,1776330530000
1776330532.783,232.783,0.18,8.77,0.17,109.98,0.19,15.0,0.2,0.82,0.81,10.0,0.8,10.82,0.82,8.78,0.83,109.98,0.01,0.01,2341.414904,1776330531000
1776330533.823,233.823,0.17,109.98,0.16,20.5,0.19,20.5,0.2,11.32,0.81,15.0,0.8,0.82,0.82,8.77,0.83,109.98,0.02,0.01,2341.312909,1776330532000
1776330534.115,234.115,0.17,104.98,0.16,36.06,0.19,20.5,0.2,11.32,0.81,20.5,0.8,11.32,0.83,109.98,0.84,20.5,0.02,0.02,2341.312909,1776330532000
1776330535.989,235.989,0.17,81.29,0.12,35.57,0.18,160.5,0.19,77.5,0.81,20.5,0.8,11.32,0.83,104.98,0.84,36.06,0.01,0.02,2341.302194,1776330534000
1776330536.402,236.402,0.12,33.52,0.1,82.43,0.13,88.5,0.14,35.5,0.82,154.94,0.81,118.76,0.87,5.56,0.88,35.57,0.01,0.05,2341.302194,1776330534000
1776330536.891,236.891,0.12,25.74,0.1,67.0,0.13,330.5,0.14,35.5,0.87,83.5,0.86,35.5,0.88,31.24,0.9,82.43,0.01,0.01,2341.428765,1776330535000
1776330537.315,237.315,0.12,8.63,0.11,10.0,0.13,27.0,0.14,20.0,0.87,245.0,0.86,92.5,0.89,10.0,0.9,67.0,0.01,0.02,2341.428765,1776330535000
1776330538.499,238.499,0.11,10.0,0.1,67.0,0.13,22.0,0.14,300.14,0.87,17.0,0.86,20.0,0.88,1.88,0.89,10.0,0.02,0.01,2341.23551,1776330537000
1776330538.897,238.897,0.11,8.02,0.1,67.0,0.13,202.0,0.14,128.14,0.87,22.0,0.86,300.14,0.89,10.0,0.9,67.0,0.02,0.02,2341.23551,1776330537000
1776330539.758,239.758,0.11,6.15,0.1,72.0,0.13,10.0,0.14,90.0,0.87,202.0,0.86,128.14,0.89,8.02,0.9,67.0,0.02,0.02,2341.046971,1776330538000
1776330540.787,240.787,0.11,68.15,0.1,25.0,0.13,2.3,0.14,28.0,0.87,10.0,0.86,90.0,0.89,6.15,0.9,72.0,0.02,0.02,2341.05609,1776330539000
1776330541.169,241.169,0.12,10.23,0.11,59.77,0.13,2.3,0.14,28.0,0.87,2.3,0.86,28.0,0.89,59.77,0.9,25.0,0.01,0.02,2341.05609,1776330539000
1776330542.204,242.204,0.11,48.53,0.1,31.56,0.12,15.0,0.13,52.27,0.87,2.3,0.86,28.0,0.88,10.23,0.89,59.77,0.01,0.01,2341.16337,1776330540000
1776330544.401,244.401,0.11,3.76,0.1,10.0,0.12,41.87,0.13,21.3,0.88,15.0,0.87,52.27,0.89,48.53,0.9,31.56,0.01,0.01,2341.07695,1776330542000
1776330544.867,244.867,0.11,3.76,0.1,10.0,0.12,60.41,0.13,83.3,0.88,41.87,0.87,21.3,0.89,3.76,0.9,10.0,0.01,0.01,2341.153426,1776330543000
1776330548.421,248.421,0.08,187.11,0.07,166.3,0.11,38.0,0.12,25.0,0.88,60.41,0.87,83.3,0.89,3.76,0.9,10.0,0.03,0.01,2341.08695,1776330547000
1776330553.408,253.408,0.08,239.11,0.07,29.0,0.09,37.73,0.1,10.0,0.89,38.0,0.88,25.0,0.92,187.11,0.93,166.3,0.01,0.03,2341.17055,1776330552000
1776330554.462,254.462,0.08,119.42,0.07,29.0,0.09,37.73,0.1,10.0,0.91,37.73,0.9,10.0,0.92,228.12,0.93,29.0,0.01,0.01,2341.0721,1776330553000
1776330555.197,255.197,0.09,12.0,0.08,202.42,0.1,41.12,0.13,8.0,0.91,37.73,0.9,10.0,0.92,119.42,0.93,29.0,0.01,0.01,2341.0721,1776330554000
1776330556.481,256.481,0.11,39.0,0.1,44.43,0.16,17.37,0.17,10.0,0.9,26.77,0.87,10.0,0.91,77.0,0.92,222.85,0.05,0.01,2341.167055,1776330555000
1776330556.802,256.802,0.12,25.0,0.11,10.0,0.14,2.14,0.15,15.62,0.84,17.37,0.83,10.0,0.89,39.0,0.9,44.43,0.02,0.05,2341.167055,1776330555000
1776330557.175,257.175,0.13,7.72,0.12,25.0,0.15,10.0,0.16,10.0,0.85,10.0,0.84,10.0,0.88,28.52,0.89,50.99,0.02,0.03,2341.306974,1776330556000
1776330557.562,257.562,0.12,9.0,0.11,87.78,0.14,10.0,0.15,3.33,0.85,8.33,0.84,10.0,0.87,5.72,0.88,30.43,0.02,0.02,2341.306974,1776330556000
1776330558.381,258.381,0.12,284.1,0.11,72.35,0.15,3.33,0.16,10.0,0.86,10.0,0.85,3.33,0.88,8.0,0.89,87.78,0.03,0.02,2341.334689,1776330557000
1776330558.735,258.735,0.13,8.85,0.12,279.1,0.15,3.33,0.16,10.0,0.85,3.33,0.84,10.0,0.88,284.1,0.89,72.35,0.02,0.03,2341.334689,1776330557000
1776330559.215,259.215,0.13,244.1,0.12,42.1,0.15,3.33,0.16,135.06,0.85,3.33,0.84,10.0,0.87,12.12,0.88,279.1,0.02,0.02,2341.334689,1776330557000
1776330559.708,259.708,0.13,219.35,0.12,42.1,0.14,10.0,0.15,3.33,0.86,10.0,0.85,3.33,0.87,222.8,0.88,42.1,0.01,0.01,2341.38118,1776330558000
1776330560.076,260.076,0.13,222.62,0.12,42.1,0.14,10.0,0.15,3.33,0.86,10.0,0.85,3.33,0.87,219.35,0.88,42.1,0.01,0.01,2341.38118,1776330558000
1776330560.613,260.613,0.13,211.87,0.12,8.0,0.14,10.0,0.15,3.33,0.86,10.0,0.85,3.33,0.87,222.62,0.88,42.1,0.01,0.01,2341.381335,1776330559000
1776330563.109,263.109,0.13,30.78,0.11,51.79,0.14,10.0,0.15,3.33,0.86,10.0,0.85,3.33,0.87,211.87,0.88,8.0,0.01,0.01,2341.391385,1776330561000
1776330563.333,263.333,0.13,29.63,0.11,15.0,0.14,10.0,0.15,3.33,0.86,10.0,0.85,3.33,0.87,30.78,0.89,15.0,0.01,0.01,2341.38635,1776330562000
1776330563.662,263.662,0.13,4.63,0.11,15.0,0.14,118.9,0.15,3.33,0.86,10.0,0.85,3.33,0.87,29.63,0.89,15.0,0.01,0.01,2341.38635,1776330562000
1776330564.248,264.248,0.11,6.11,0.1,29.0,0.14,121.61,0.15,3.33,0.86,111.61,0.85,3.33,0.87,4.63,0.89,15.0,0.03,0.01,2341.376085,1776330563000
1776330565.499,265.499,0.1,18.98,0.09,69.0,0.12,20.0,0.13,66.02,0.86,121.61,0.85,3.33,0.89,6.11,0.9,29.0,0.02,0.03,2341.38326,1776330564000
1776330566.475,266.475,0.1,18.88,0.09,30.0,0.11,78.37,0.12,15.0,0.88,20.0,0.87,66.02,0.9,18.98,0.91,69.0,0.01,0.02,2341.382745,1776330565000
1776330568.144,268.144,0.1,8.33,0.09,15.0,0.11,22.0,0.12,87.98,0.89,83.37,0.88,15.0,0.9,7.76,0.91,30.0,0.01,0.01,2341.482115,1776330567000
1776330569.426,269.426,0.1,8.88,0.09,10.0,0.11,15.0,0.12,44.56,0.89,22.0,0.88,87.98,0.9,8.33,0.91,15.0,0.01,0.01,2341.37566,1776330568000
1776330569.785,269.785,0.1,12.76,0.09,10.0,0.11,1.36,0.12,10.0,0.89,15.0,0.88,10.0,0.9,12.76,0.91,10.0,0.01,0.01,2341.37566,1776330568000
1776330570.188,270.188,0.1,22.2,0.09,10.0,0.11,38.88,0.12,29.99,0.89,0.05,0.88,10.0,0.9,12.76,0.91,10.0,0.01,0.01,2341.37566,1776330568000
1776330570.493,270.493,0.07,40.81,0.06,190.8,0.11,43.88,0.12,15.0,0.89,45.88,0.88,29.99,0.9,23.88,0.91,10.0,0.04,0.01,2341.482245,1776330569000
1776330570.704,270.704,0.08,4.78,0.07,50.81,0.09,10.0,0.1,10.0,0.89,43.88,0.88,15.0,0.93,40.81,0.94,190.8,0.01,0.04,2341.482245,1776330569000
1776330571.361,271.361,0.08,45.38,0.07,20.82,0.09,9.55,0.1,10.0,0.91,9.55,0.9,10.0,0.92,22.09,0.93,50.81,0.01,0.01,2341.39584,1776330570000
1776330571.636,271.636,0.08,26.95,0.07,20.82,0.09,9.55,0.1,10.0,0.91,9.55,0.9,10.0,0.92,45.38,0.93,20.82,0.01,0.01,2341.39584,1776330570000
1776330574.737,274.737,0.08,43.95,0.06,94.8,0.09,9.55,0.1,127.83,0.91,9.55,0.9,10.0,0.92,26.95,0.93,20.82,0.01,0.01,2341.42955,1776330573000
1776330575.684,275.684,0.08,28.51,0.06,31.0,0.09,16.92,0.1,50.99,0.91,9.55,0.9,127.83,0.92,43.95,0.94,94.8,0.01,0.01,2341.434815,1776330574000
1776330576.83,276.83,0.08,32.42,0.06,31.0,0.09,34.54,0.1,59.99,0.91,16.92,0.9,50.99,0.92,28.51,0.94,31.0,0.01,0.01,2341.434575,1776330575000
1776330577.262,277.262,0.05,24.95,0.04,159.0,0.09,56.54,0.1,45.99,0.91,34.54,0.9,59.99,0.92,32.42,0.94,31.0,0.04,0.01,2341.429575,1776330576000
1776330577.734,277.734,0.05,16.96,0.04,147.99,0.07,7.98,0.08,17.37,0.91,56.54,0.9,45.99,0.92,1.73,0.95,24.95,0.02,0.01,2341.429575,1776330576000
1776330579.789,279.789,0.05,16.96,0.04,90.99,0.08,36.99,0.09,39.17,0.93,7.98,0.92,17.37,0.95,16.96,0.96,147.99,0.03,0.02,2341.469295,1776330578000
1776330581.252,281.252,0.09,0.1,0.08,10.0,0.1,17.99,0.11,45.0,0.92,36.99,0.91,39.17,0.95,16.96,0.96,90.99,0.01,0.03,2341.461885,1776330579000
1776330581.524,281.524,0.09,0.1,0.08,10.0,0.1,40.57,0.11,40.0,0.9,17.99,0.89,45.0,0.91,0.1,0.92,10.0,0.01,0.01,2341.452255,1776330580000
1776330581.854,281.854,0.1,20.0,0.09,34.0,0.12,30.38,0.13,15.0,0.9,40.57,0.89,40.0,0.92,9.01,0.93,29.0,0.02,0.02,2341.452255,1776330580000
1776330582.339,282.339,0.12,25.0,0.11,60.0,0.13,5.76,0.14,22.0,0.88,1.05,0.87,15.0,0.9,25.0,0.91,34.0,0.01,0.02,2341.452255,1776330581000
1776330583.339,283.339,0.12,14.88,0.11,60.0,0.13,33.76,0.14,32.0,0.87,5.76,0.86,22.0,0.88,19.88,0.89,60.0,0.01,0.01,2341.496555,1776330582000
1776330584.582,284.582,0.11,58.67,0.1,10.0,0.13,20.0,0.18,5.0,0.87,33.76,0.86,32.0,0.88,14.88,0.89,60.0,0.02,0.01,2341.5829,1776330583000
1776330585.464,285.464,0.13,20.0,0.12,20.0,0.15,18.0,0.17,10.0,0.87,20.0,0.82,5.0,0.89,58.67,0.9,10.0,0.02,0.02,2341.5724,1776330584000
1776330586.302,286.302,0.22,27.74,0.21,50.0,0.23,10.0,0.24,18.52,0.83,10.0,0.82,10.0,0.84,16.0,0.86,10.0,0.01,0.01,2341.593,1776330585000
1776330586.814,286.814,0.31,35.0,0.26,39.61,0.32,58.62,0.33,23.0,0.68,15.0,0.67,10.0,0.69,30.0,0.74,39.61,0.01,0.01,2341.593,1776330585000
1776330587.423,287.423,0.31,17.82,0.21,50.0,0.32,45.0,0.33,10.0,0.68,37.99,0.67,23.0,0.69,35.0,0.74,39.61,0.01,0.01,2341.7467,1776330586000
1776330587.85,287.85,0.21,44.93,0.16,66.0,0.22,186.62,0.23,156.0,0.68,45.0,0.67,10.0,0.69,17.82,0.79,50.0,0.01,0.01,2341.7467,1776330586000
1776330588.243,288.243,0.16,45.76,0.13,10.0,0.17,15.0,0.18,19.0,0.78,196.62,0.77,86.0,0.84,66.0,0.88,40.0,0.01,0.06,2341.7467,1776330586000
1776330588.557,288.557,0.16,16.0,0.14,10.0,0.18,3.0,0.19,10.0,0.83,32.86,0.82,19.0,0.84,21.0,0.87,10.0,0.02,0.01,2341.7467,1776330586000
1776330588.812,288.812,0.16,9.09,0.12,40.0,0.17,14.73,0.18,10.0,0.83,9.73,0.82,3.0,0.84,16.0,0.86,10.0,0.01,0.01,2341.94752,1776330587000
1776330589.026,289.026,0.11,4.09,0.1,10.0,0.17,61.73,0.18,10.0,0.83,14.73,0.82,10.0,0.84,9.09,0.88,40.0,0.06,0.01,2341.94752,1776330587000
1776330589.237,289.237,0.13,3.1,0.12,10.0,0.15,10.0,0.16,78.0,0.89,40.0,0.85,10.0,0.91,4.0,0.92,9.01,0.02,0.02,2341.94752,1776330587000
1776330589.452,289.452,0.12,3.94,0.11,60.0,0.14,15.0,0.15,22.62,0.85,15.62,0.84,78.0,0.92,1.11,0.93,29.0,0.02,0.07,2341.89064,1776330588000
1776330590.583,290.583,0.09,5.0,0.08,1.11,0.11,15.0,0.12,10.0,0.86,15.0,0.85,22.62,0.88,3.94,0.89,60.0,0.02,0.02,2341.813455,1776330589000
1776330590.958,290.958,0.08,0.13,0.07,29.0,0.11,9.63,0.12,10.0,0.89,9.63,0.88,10.0,0.91,10.0,0.92,1.11,0.03,0.02,2341.813455,1776330589000
1776330591.793,291.793,0.07,28.05,0.06,60.0,0.1,10.0,0.11,9.63,0.89,9.63,0.88,10.0,0.92,0.13,0.93,29.0,0.03,0.03,2341.89958,1776330590000
1776330592.363,292.363,0.08,15.0,0.07,28.05,0.1,9.0,0.11,14.63,0.9,10.0,0.89,9.63,0.93,28.05,0.94,60.0,0.02,0.03,2341.844485,1776330591000
1776330593.057,293.057,0.08,9.56,0.07,9.05,0.09,10.0,0.1,9.0,0.9,9.0,0.89,14.63,0.92,15.0,0.93,28.05,0.01,0.02,2341.844485,1776330591000
1776330596.168,296.168,0.08,10.0,0.07,30.0,0.1,0.4,0.11,9.63,0.91,10.0,0.9,9.0,0.92,9.56,0.93,9.05,0.02,0.01,2341.85041,1776330595000
1776330596.469,296.469,0.12,13.81,0.11,44.97,0.14,26.04,0.15,21.0,0.8,0.11,0.79,10.0,0.83,17.0,0.89,34.97,0.02,0.03,2341.85041,1776330595000
1776330596.685,296.685,0.11,3.26,0.1,2.57,0.12,10.0,0.13,22.04,0.88,15.0,0.87,10.0,0.89,25.48,0.9,2.57,0.01,0.01,2341.85041,1776330595000
1776330596.936,296.936,0.09,8.62,0.08,10.0,0.12,15.0,0.13,15.0,0.88,10.0,0.87,22.04,0.9,0.83,0.91,10.0,0.03,0.02,2341.85041,1776330595000
1776330597.338,297.338,0.07,34.67,0.06,70.0,0.11,15.04,0.12,29.0,0.88,15.0,0.87,15.0,0.91,8.62,0.92,10.0,0.04,0.03,2341.840715,1776330596000
1776330597.583,297.583,0.06,47.7,0.05,11.96,0.08,10.0,0.09,15.0,0.9,15.0,0.89,10.0,0.94,49.7,0.95,11.96,0.02,0.04,2341.840715,1776330596000
1776330597.835,297.835,0.03,127.47,0.02,185.0,0.07,10.0,0.08,15.0,0.92,10.0,0.91,15.0,0.94,0.85,0.95,11.96,0.04,0.02,2341.840715,1776330596000
1776330598.153,298.153,0.04,3.77,0.03,127.47,0.06,153.0,0.07,15.0,0.94,15.0,0.93,15.0,0.96,8.93,0.97,127.47,0.02,0.02,2341.846515,1776330597000
1776330598.437,298.437,0.01,1244.58,,,0.03,144.0,0.04,15.0,0.96,123.29,0.95,20.0,0.99,1745.72,,,0.02,0.03,2341.846515,1776330597000
1776330598.685,298.685,0.01,803.49,,,0.03,144.16,0.04,20.0,0.97,144.16,0.96,20.0,0.99,808.55,,,0.02,0.02,2341.846515,1776330597000
1776330598.892,298.892,0.01,594.45,,,0.03,66.82,0.04,20.0,0.97,66.82,0.96,20.0,0.99,690.47,,,0.02,0.02,2341.846515,1776330597000
1776330599.095,299.095,0.01,553.29,,,0.02,15.0,0.03,83.82,0.97,78.82,0.96,20.0,0.99,563.39,,,0.01,0.02,2341.96204,1776330598000
1776330599.298,299.298,,,,,0.01,52.33,0.02,15.0,0.99,1656.71,0.98,15.0,,,,,,,2341.96204,1776330598000
1776330599.86,299.86,,,,,0.01,33792.78,0.02,15.0,0.99,52.33,0.98,15.0,,,,,,,2341.96204,1776330598000
1776330600.173,300.173,,,,,0.01,42719.01,0.02,10.0,0.99,33792.78,0.98,15.0,,,,,,,2341.95541,1776330599000
1776330600.904,300.904,,,,,0.01,42749.5,0.02,10.0,0.99,42794.58,0.98,10.0,,,,,,,2341.95541,1776330599000

# RESULT,winner=Down,slug=eth-updown-5m-1776330300,ticks=348
