timestamp,elapsed_sec,up_bid_p1,up_bid_s1,up_bid_p2,up_bid_s2,up_ask_p1,up_ask_s1,up_ask_p2,up_ask_s2,down_bid_p1,down_bid_s1,down_bid_p2,down_bid_s2,down_ask_p1,down_ask_s1,down_ask_p2,down_ask_s2,up_spread,down_spread,eth_price,eth_oracle_ts
1776320100.5,0.5,0.49,25.0,0.48,40.0,0.5,27.6,0.51,15.0,0.5,7.6,0.48,20.0,0.52,9.0,0.54,150.0,0.01,0.02,2357.62022,1776320098000
1776320101.285,1.285,0.45,77.41,0.44,70.0,0.5,7.6,0.52,20.0,0.5,7.6,0.48,20.0,0.52,4.0,0.54,150.0,0.05,0.02,2356.998352,1776320100000
1776320102.406,2.406,0.48,145.0,0.47,105.0,0.52,1.84,0.56,25.0,0.5,3.52,0.48,20.0,0.55,77.41,0.56,70.0,0.04,0.05,2356.97622,1776320101000
1776320102.666,2.666,0.5,75.0,0.49,70.0,0.56,20.14,0.57,25.0,0.48,1.84,0.44,25.0,0.52,145.0,0.53,105.0,0.06,0.04,2356.97622,1776320101000
1776320103.431,3.431,0.55,10.0,0.54,10.0,0.56,121.79,0.57,25.0,0.44,20.14,0.43,25.0,0.5,75.0,0.51,70.0,0.01,0.06,2356.927403,1776320102000
1776320104.333,4.333,0.55,8.8,0.54,10.0,0.56,106.82,0.57,25.0,0.44,121.79,0.43,25.0,0.45,10.0,0.46,10.0,0.01,0.01,2356.927403,1776320102000
1776320104.606,4.606,0.55,5.0,0.53,10.0,0.56,113.65,0.57,35.0,0.44,106.82,0.43,25.0,0.45,8.8,0.46,10.0,0.01,0.01,2357.021092,1776320103000
1776320105.189,5.189,0.5,62.51,0.49,80.0,0.51,10.0,0.52,10.0,0.44,21.82,0.43,35.0,0.5,68.75,0.51,70.0,0.01,0.06,2357.03001,1776320104000
1776320105.498,5.498,0.5,62.51,0.49,80.0,0.51,10.0,0.52,10.0,0.49,10.0,0.48,10.0,0.5,62.51,0.51,80.0,0.01,0.01,2357.03001,1776320104000
1776320106.579,6.579,0.52,18.0,0.51,20.0,0.53,15.0,0.55,10.0,0.48,10.0,0.47,15.0,0.5,28.4,0.51,80.0,0.01,0.02,2357.034205,1776320105000
1776320107.561,7.561,0.52,10.0,0.51,67.39,0.53,8.0,0.55,24.0,0.47,15.0,0.45,10.0,0.48,18.0,0.49,20.0,0.01,0.01,2357.090035,1776320106000
1776320107.83,7.83,0.52,15.0,0.51,67.39,0.53,1.45,0.54,5.0,0.47,8.0,0.45,24.0,0.48,10.0,0.49,67.39,0.01,0.01,2357.090035,1776320106000
1776320108.438,8.438,0.53,7.0,0.52,10.0,0.54,10.0,0.55,29.0,0.47,1.45,0.46,5.0,0.48,15.0,0.49,67.39,0.01,0.01,2357.029133,1776320107000
1776320109.423,9.423,0.52,11.08,0.51,15.0,0.53,10.0,0.54,15.0,0.46,10.0,0.45,29.0,0.47,7.0,0.48,10.0,0.01,0.01,2356.997935,1776320108000
1776320109.794,9.794,0.52,2.08,0.51,15.0,0.53,5.0,0.54,15.0,0.47,10.0,0.46,15.0,0.48,11.08,0.49,15.0,0.01,0.01,2356.997935,1776320108000
1776320110.885,10.885,0.55,15.0,0.54,85.0,0.56,6.7,0.57,10.0,0.47,5.0,0.46,15.0,0.48,5.43,0.49,15.0,0.01,0.01,2357.002465,1776320109000
1776320111.382,11.382,0.56,3.18,0.55,15.0,0.57,5.0,0.59,25.0,0.44,1.7,0.43,5.0,0.45,17.77,0.46,85.0,0.01,0.01,2357.019776,1776320110000
1776320111.769,11.769,0.58,10.0,0.57,10.0,0.6,25.0,0.61,145.0,0.41,25.0,0.4,25.0,0.44,8.18,0.45,20.0,0.02,0.03,2357.019776,1776320110000
1776320112.076,12.076,0.6,5.0,0.59,16.0,0.61,120.0,0.62,100.0,0.4,25.0,0.39,145.0,0.42,10.0,0.43,10.0,0.01,0.02,2357.019776,1776320110000
1776320112.492,12.492,0.59,11.0,0.58,5.0,0.6,103.0,0.61,230.0,0.39,120.0,0.38,100.0,0.4,5.0,0.41,16.0,0.01,0.01,2357.011136,1776320111000
1776320113.117,13.117,0.48,58.0,0.47,100.0,0.54,35.0,0.55,80.0,0.4,118.0,0.39,230.0,0.45,0.55,0.46,5.0,0.06,0.05,2357.011136,1776320111000
1776320113.416,13.416,0.47,150.0,0.46,100.0,0.48,20.0,0.49,20.0,0.52,10.0,0.51,10.0,0.53,97.0,0.54,100.0,0.01,0.01,2357.20129,1776320112000
1776320113.84,13.84,0.48,5.77,0.47,58.0,0.49,122.95,0.5,110.0,0.51,120.0,0.5,10.0,0.53,58.0,0.55,82.41,0.01,0.02,2357.20129,1776320112000
1776320114.361,14.361,0.49,12.05,0.48,83.77,0.51,100.0,0.52,110.0,0.51,122.95,0.5,110.0,0.52,5.77,0.53,58.0,0.02,0.01,2357.202039,1776320113000
1776320114.675,14.675,0.5,20.0,0.49,155.05,0.51,29.0,0.52,100.0,0.49,100.0,0.48,110.0,0.51,12.05,0.52,83.77,0.01,0.02,2357.202039,1776320113000
1776320114.914,14.914,0.51,10.0,0.5,78.0,0.52,1.65,0.53,5.0,0.49,29.0,0.48,100.0,0.5,20.0,0.51,155.05,0.01,0.01,2357.202039,1776320113000
1776320115.389,15.389,0.52,15.0,0.51,15.0,0.53,12.0,0.55,10.0,0.48,1.65,0.47,5.0,0.49,10.0,0.5,78.0,0.01,0.01,2356.946241,1776320114000
1776320116.436,16.436,0.49,7.05,0.48,180.77,0.5,50.0,0.51,80.0,0.47,5.72,0.45,10.0,0.48,20.0,0.49,15.0,0.01,0.01,2356.946241,1776320115000
1776320117.005,17.005,0.48,181.13,0.47,168.0,0.49,5.0,0.5,55.0,0.5,50.0,0.49,80.0,0.51,7.05,0.52,180.77,0.01,0.01,2356.946241,1776320115000
1776320118.03,18.03,0.48,111.0,0.47,110.0,0.49,2.95,0.5,83.0,0.51,5.0,0.5,40.0,0.52,181.13,0.53,168.0,0.01,0.01,2356.930119,1776320116000
1776320118.838,18.838,0.5,135.0,0.49,183.0,0.51,5.0,0.52,22.0,0.51,2.95,0.5,83.0,0.52,111.0,0.53,110.0,0.01,0.01,2356.81902,1776320117000
1776320119.295,19.295,0.51,125.0,0.5,265.0,0.57,7.0,0.58,79.0,0.48,17.0,0.47,13.0,0.49,10.0,0.5,200.0,0.06,0.01,2356.81902,1776320117000
1776320122.091,22.091,0.57,22.0,0.56,83.0,0.6,7.0,0.61,50.0,0.42,74.57,0.41,70.0,0.45,10.0,0.46,10.0,0.03,0.03,2357.077475,1776320120000
1776320123.284,23.284,0.61,55.0,0.6,25.0,0.62,136.0,0.63,89.0,0.4,2.0,0.39,50.0,0.41,10.0,0.43,20.0,0.01,0.01,2357.20466,1776320121000
1776320123.656,23.656,0.61,43.6,0.6,25.0,0.62,122.03,0.63,75.0,0.38,117.03,0.37,89.0,0.39,50.0,0.4,25.0,0.01,0.01,2357.239545,1776320122000
1776320124.289,24.289,0.63,27.29,0.62,35.0,0.64,5.5,0.65,77.0,0.38,122.03,0.37,75.0,0.39,43.6,0.4,25.0,0.01,0.01,2357.28004,1776320123000
1776320124.623,24.623,0.63,52.29,0.62,25.0,0.65,77.0,0.66,178.0,0.36,5.5,0.35,77.0,0.37,27.29,0.38,35.0,0.02,0.01,2357.28004,1776320123000
1776320124.929,24.929,0.64,50.0,0.63,42.29,0.65,64.69,0.66,178.0,0.35,77.0,0.34,178.0,0.37,52.29,0.38,25.0,0.01,0.02,2357.28004,1776320123000
1776320125.261,25.261,0.64,43.94,0.63,42.29,0.65,64.69,0.66,178.0,0.35,64.69,0.34,178.0,0.36,50.0,0.37,42.29,0.01,0.01,2357.28004,1776320123000
1776320129.242,29.242,0.64,43.94,0.63,42.29,0.65,124.69,0.66,120.0,0.35,64.69,0.34,178.0,0.36,43.94,0.37,42.29,0.01,0.01,2357.685165,1776320128000
1776320130.929,30.929,0.64,45.0,0.63,27.29,0.65,134.69,0.66,125.0,0.35,124.69,0.34,120.0,0.36,36.39,0.37,42.29,0.01,0.01,2357.698415,1776320129000
1776320131.824,31.824,0.64,35.0,0.63,27.29,0.65,117.12,0.66,130.0,0.35,124.69,0.34,120.0,0.36,35.0,0.37,27.29,0.01,0.01,2357.702748,1776320130000
1776320133.446,33.446,0.64,50.0,0.63,32.29,0.65,6.54,0.66,120.0,0.35,117.12,0.34,130.0,0.36,35.0,0.37,27.29,0.01,0.01,2357.667443,1776320132000
1776320138.029,38.029,0.65,158.65,0.64,45.0,0.66,59.0,0.67,70.0,0.34,64.0,0.33,70.0,0.36,113.0,0.37,32.29,0.01,0.02,2357.68627,1776320136000
1776320140.886,40.886,0.65,22.71,0.64,48.47,0.66,129.0,0.67,75.0,0.34,54.0,0.33,70.0,0.35,163.65,0.36,45.0,0.01,0.01,2357.787891,1776320139000
1776320141.716,41.716,0.65,8.42,0.64,39.47,0.66,129.0,0.67,75.0,0.34,129.0,0.33,75.0,0.35,22.71,0.36,48.47,0.01,0.01,2357.791128,1776320140000
1776320145.254,45.254,0.65,34.42,0.64,60.47,0.66,122.48,0.67,75.0,0.34,129.0,0.33,75.0,0.35,8.42,0.36,39.47,0.01,0.01,2357.768434,1776320144000
1776320147.148,47.148,0.65,99.86,0.64,15.0,0.66,46.48,0.67,75.0,0.34,122.48,0.33,75.0,0.35,34.42,0.36,60.47,0.01,0.01,2357.70027,1776320146000
1776320147.788,47.788,0.65,94.86,0.64,93.0,0.66,41.93,0.67,70.0,0.34,46.48,0.33,75.0,0.35,99.86,0.36,15.0,0.01,0.01,2357.70027,1776320146000
1776320148.386,48.386,0.69,40.0,0.68,82.0,0.7,135.0,0.71,165.0,0.34,41.93,0.33,70.0,0.35,94.86,0.36,93.0,0.01,0.01,2357.70027,1776320146000
1776320148.616,48.616,0.69,34.83,0.68,29.0,0.7,132.71,0.71,165.0,0.3,127.71,0.29,165.0,0.31,45.0,0.32,29.0,0.01,0.01,2357.70027,1776320146000
1776320149.032,49.032,0.69,70.16,0.68,20.0,0.7,120.71,0.71,165.0,0.3,116.71,0.29,165.0,0.31,30.0,0.32,20.0,0.01,0.01,2357.705375,1776320147000
1776320150.295,50.295,0.69,84.16,0.68,38.0,0.7,104.79,0.71,165.0,0.3,116.94,0.29,165.0,0.31,70.16,0.32,26.0,0.01,0.01,2357.86162,1776320149000
1776320152.425,52.425,0.69,94.16,0.68,38.0,0.7,96.79,0.71,165.0,0.3,104.79,0.29,165.0,0.31,84.16,0.32,38.0,0.01,0.01,2357.995695,1776320151000
1776320153.704,53.704,0.69,99.16,0.68,38.0,0.7,96.79,0.71,165.0,0.3,96.79,0.29,165.0,0.31,94.16,0.32,38.0,0.01,0.01,2358.021941,1776320152000
1776320154.671,54.671,0.69,64.0,0.68,61.52,0.7,90.36,0.71,223.0,0.3,96.79,0.29,165.0,0.31,99.16,0.32,38.0,0.01,0.01,2358.120063,1776320153000
1776320156.452,56.452,0.69,37.54,0.68,61.52,0.7,90.36,0.71,165.0,0.3,90.36,0.29,223.0,0.31,64.0,0.32,61.52,0.01,0.01,2358.150551,1776320155000
1776320156.752,56.752,0.68,1.37,0.67,10.0,0.69,98.0,0.7,191.36,0.31,5.0,0.3,218.36,0.33,28.0,0.34,29.0,0.01,0.02,2358.150551,1776320155000
1776320157.005,57.005,0.66,41.57,0.65,45.42,0.67,25.0,0.68,15.0,0.31,98.0,0.3,191.36,0.34,24.37,0.35,36.42,0.01,0.03,2358.150551,1776320155000
1776320160.151,60.151,0.66,100.31,0.65,46.42,0.67,19.0,0.68,128.0,0.33,53.0,0.32,85.0,0.34,41.57,0.35,50.42,0.01,0.01,2357.934021,1776320159000
1776320160.66,60.66,0.66,94.31,0.65,46.42,0.67,15.0,0.68,133.0,0.33,19.0,0.32,128.0,0.34,100.31,0.35,46.42,0.01,0.01,2357.934021,1776320159000
1776320161.515,61.515,0.66,94.31,0.65,46.42,0.67,22.05,0.68,133.0,0.33,15.0,0.32,133.0,0.34,94.31,0.35,46.42,0.01,0.01,2357.900182,1776320160000
1776320163.553,63.553,0.64,13.67,0.63,15.0,0.66,15.0,0.67,181.05,0.33,22.05,0.32,133.0,0.34,94.31,0.35,46.42,0.02,0.01,2357.901338,1776320162000
1776320163.923,63.923,0.64,7.53,0.63,41.87,0.65,25.0,0.66,108.0,0.35,15.0,0.34,91.0,0.36,12.67,0.37,15.0,0.01,0.01,2357.901338,1776320162000
1776320164.144,64.144,0.63,39.16,0.62,15.0,0.65,16.92,0.66,108.0,0.35,16.92,0.34,108.0,0.37,41.87,0.38,15.0,0.02,0.02,2357.901338,1776320162000
1776320164.815,64.815,0.63,14.0,0.61,11.0,0.65,37.03,0.66,96.0,0.35,9.42,0.34,108.0,0.37,39.16,0.38,15.0,0.02,0.02,2357.90799,1776320163000
1776320165.216,65.216,0.56,0.36,0.55,5.0,0.57,10.0,0.58,20.0,0.35,37.03,0.34,96.0,0.37,14.0,0.39,11.0,0.01,0.02,2357.90799,1776320163000
1776320165.543,65.543,0.54,84.0,0.53,85.0,0.55,10.0,0.56,15.0,0.43,10.0,0.42,20.0,0.45,0.8,0.46,85.0,0.01,0.02,2357.90799,1776320163000
1776320165.892,65.892,0.54,141.19,0.53,90.0,0.55,2.72,0.56,20.0,0.45,5.0,0.44,20.0,0.46,84.0,0.47,85.0,0.01,0.01,2357.843183,1776320164000
1776320167.177,67.177,0.55,17.0,0.54,164.19,0.56,30.37,0.57,83.0,0.44,20.0,0.43,78.0,0.46,141.19,0.47,90.0,0.01,0.02,2357.65004,1776320165000
1776320168.228,68.228,0.55,79.2,0.54,117.0,0.56,30.37,0.57,73.0,0.44,30.37,0.43,83.0,0.45,17.0,0.46,164.19,0.01,0.01,2357.289918,1776320167000
1776320168.581,68.581,0.55,84.2,0.54,117.0,0.56,23.22,0.57,73.0,0.44,30.37,0.43,73.0,0.45,79.2,0.46,117.0,0.01,0.01,2357.289918,1776320167000
1776320169.816,69.816,0.53,5.0,0.52,70.0,0.55,10.0,0.56,91.22,0.44,23.22,0.43,73.0,0.45,84.2,0.46,117.0,0.02,0.01,2357.263755,1776320168000
1776320170.315,70.315,0.52,16.1,0.49,5.0,0.53,47.0,0.54,20.0,0.45,10.0,0.44,83.22,0.48,61.1,0.5,15.0,0.01,0.03,2357.263755,1776320168000
1776320170.934,70.934,0.52,9.01,0.51,52.49,0.53,78.0,0.54,15.0,0.47,52.0,0.46,20.0,0.48,14.01,0.51,5.0,0.01,0.01,2357.25746,1776320169000
1776320172.014,72.014,0.52,6.92,0.51,52.49,0.53,136.0,0.54,20.0,0.47,78.0,0.46,15.0,0.48,9.01,0.49,52.49,0.01,0.01,2357.175892,1776320170000
1776320172.672,72.672,0.52,6.92,0.51,52.49,0.53,109.33,0.54,34.0,0.47,137.22,0.46,20.0,0.48,6.92,0.49,52.49,0.01,0.01,2357.175892,1776320170000
1776320174.069,74.069,0.49,10.0,0.48,145.0,0.5,35.0,0.51,15.0,0.47,109.33,0.46,34.0,0.48,6.92,0.49,52.49,0.01,0.01,2357.098124,1776320173000
1776320174.418,74.418,0.49,4.41,0.48,145.0,0.5,51.0,0.51,20.0,0.5,35.0,0.49,15.0,0.51,10.0,0.52,145.0,0.01,0.01,2357.098124,1776320173000
1776320176.016,76.016,0.48,150.0,0.47,91.0,0.49,23.9,0.5,68.0,0.5,31.0,0.49,20.0,0.51,4.41,0.52,145.0,0.01,0.01,2357.044829,1776320174000
1776320177.326,77.326,0.48,145.0,0.47,75.0,0.5,53.44,0.51,10.0,0.51,23.9,0.5,68.0,0.52,150.0,0.53,91.0,0.02,0.01,2357.017775,1776320176000
1776320178.42,78.42,0.49,10.0,0.48,145.0,0.5,68.14,0.51,10.0,0.5,53.44,0.49,10.0,0.52,145.0,0.53,75.0,0.01,0.02,2357.017775,1776320176000
1776320178.684,78.684,0.49,10.0,0.48,145.0,0.5,71.14,0.51,10.0,0.5,68.14,0.49,10.0,0.51,10.0,0.52,145.0,0.01,0.01,2357.017775,1776320176000
1776320179.208,79.208,0.49,69.2,0.48,213.0,0.5,8.0,0.52,68.0,0.5,71.14,0.49,10.0,0.51,10.0,0.52,145.0,0.01,0.01,2356.965686,1776320177000
1776320183.072,83.072,0.52,29.91,0.51,90.0,0.53,10.0,0.55,5.0,0.5,8.0,0.48,68.0,0.51,69.2,0.52,213.0,0.01,0.01,2356.950305,1776320181000
1776320183.386,83.386,0.52,25.74,0.51,95.0,0.53,10.0,0.56,15.0,0.47,8.11,0.45,5.0,0.48,29.91,0.49,95.0,0.01,0.01,2357.042695,1776320182000
1776320185.255,85.255,0.52,23.65,0.51,364.0,0.53,5.0,0.58,5.0,0.47,10.0,0.44,15.0,0.48,25.74,0.49,95.0,0.01,0.01,2357.03395,1776320184000
1776320185.594,85.594,0.57,13.0,0.56,18.0,0.58,5.0,0.59,104.46,0.42,5.0,0.41,88.0,0.48,23.65,0.49,364.0,0.01,0.06,2357.03395,1776320184000
1776320185.794,85.794,0.57,8.0,0.56,18.0,0.58,3.02,0.59,104.46,0.42,3.02,0.41,104.46,0.43,8.0,0.44,18.0,0.01,0.01,2357.03395,1776320184000
1776320186.162,86.162,0.56,8.0,0.53,13.0,0.58,26.01,0.59,98.0,0.42,3.02,0.41,104.46,0.43,8.0,0.44,18.0,0.02,0.01,2357.03395,1776320184000
1776320186.976,86.976,0.53,13.0,0.52,5.0,0.54,5.0,0.55,78.0,0.43,21.46,0.42,19.55,0.47,18.0,0.48,5.0,0.01,0.04,2357.02895,1776320185000
1776320187.612,87.612,0.53,8.0,0.52,5.0,0.54,20.0,0.55,73.0,0.46,5.0,0.45,78.0,0.47,13.0,0.48,5.0,0.01,0.01,2357.133768,1776320186000
1776320188.622,88.622,0.53,3.29,0.52,5.0,0.54,25.0,0.55,73.0,0.46,20.0,0.45,73.0,0.47,8.0,0.48,5.0,0.01,0.01,2357.130555,1776320187000
1776320189.473,89.473,0.51,290.55,0.5,63.0,0.53,20.0,0.54,15.0,0.46,25.0,0.45,73.0,0.47,3.29,0.48,5.0,0.02,0.01,2357.10125,1776320188000
1776320190.496,90.496,0.51,301.55,0.5,78.0,0.52,18.07,0.53,15.0,0.47,20.0,0.46,15.0,0.49,290.55,0.5,63.0,0.01,0.02,2357.083929,1776320189000
1776320191.647,91.647,0.51,291.46,0.5,68.0,0.52,18.07,0.53,15.0,0.48,18.07,0.47,15.0,0.49,301.55,0.5,78.0,0.01,0.01,2357.083929,1776320189000
1776320192.671,92.671,0.51,296.46,0.5,5.0,0.52,10.0,0.53,15.0,0.48,18.07,0.47,15.0,0.49,291.46,0.5,68.0,0.01,0.01,2357.057507,1776320191000
1776320193.36,93.36,0.51,299.46,0.5,73.0,0.53,15.0,0.54,10.0,0.48,5.0,0.47,15.0,0.49,296.46,0.5,5.0,0.02,0.01,2357.057507,1776320191000
1776320195.903,95.903,0.56,25.75,0.55,143.0,0.59,83.0,0.6,13.0,0.47,5.0,0.46,10.0,0.49,299.46,0.5,73.0,0.03,0.02,2357.070354,1776320195000
1776320198.207,98.207,0.58,20.0,0.57,10.0,0.59,133.87,0.6,19.46,0.41,83.0,0.4,13.0,0.44,25.75,0.45,143.0,0.01,0.03,2357.15421,1776320196000
1776320201.049,101.049,0.58,36.21,0.57,10.0,0.59,89.67,0.6,13.0,0.41,133.87,0.4,19.46,0.42,20.0,0.43,10.0,0.01,0.01,2357.248615,1776320199000
1776320204.931,104.931,0.58,61.21,0.57,10.0,0.59,65.14,0.6,19.46,0.41,89.67,0.4,13.0,0.42,36.21,0.43,10.0,0.01,0.01,2357.254506,1776320203000
1776320207.167,107.167,0.6,5.0,0.59,12.0,0.67,82.05,0.69,70.0,0.41,65.14,0.4,19.46,0.42,61.21,0.43,10.0,0.07,0.01,2357.260035,1776320205000
1776320207.87,107.87,0.66,61.0,0.65,10.0,0.72,95.74,0.73,75.0,0.35,1.07,0.33,82.05,0.4,5.0,0.41,27.0,0.06,0.05,2357.26856,1776320206000
1776320209.015,109.015,0.71,20.0,0.7,15.0,0.72,123.74,0.73,75.0,0.28,95.74,0.27,75.0,0.34,61.0,0.35,10.0,0.01,0.06,2357.28,1776320207000
1776320211.313,111.313,0.64,5.0,0.62,5.0,0.66,126.0,0.67,90.0,0.28,123.74,0.27,75.0,0.29,20.0,0.3,15.0,0.02,0.01,2357.80672,1776320209000
1776320216.447,116.447,0.61,126.0,0.6,35.97,0.62,31.0,0.63,41.0,0.34,126.0,0.33,90.0,0.36,5.0,0.38,5.0,0.01,0.02,2357.648408,1776320215000
1776320217.216,117.216,0.61,73.0,0.6,35.97,0.62,29.0,0.63,41.0,0.38,31.0,0.37,41.0,0.39,126.0,0.4,35.97,0.01,0.01,2357.648408,1776320215000
1776320217.914,117.914,0.61,11.0,0.6,35.97,0.62,34.0,0.63,46.0,0.38,29.0,0.37,41.0,0.39,73.0,0.4,35.97,0.01,0.01,2357.574262,1776320216000
1776320218.718,118.718,0.61,22.28,0.6,10.0,0.62,36.0,0.63,104.0,0.38,34.0,0.37,46.0,0.39,11.0,0.4,35.97,0.01,0.01,2357.574262,1776320216000
1776320219.123,119.123,0.61,27.28,0.6,10.0,0.65,22.29,0.66,135.0,0.38,36.0,0.37,104.0,0.39,22.28,0.4,10.0,0.04,0.01,2357.580268,1776320217000
1776320219.526,119.526,0.64,9.44,0.63,15.0,0.65,15.0,0.66,120.0,0.35,22.29,0.34,135.0,0.39,27.28,0.4,10.0,0.01,0.04,2357.58393,1776320218000
1776320220.8,120.8,0.65,15.0,0.64,9.44,0.67,128.0,0.69,140.0,0.35,15.0,0.34,120.0,0.36,9.44,0.37,15.0,0.02,0.01,2357.662235,1776320219000
1776320222.615,122.615,0.66,15.0,0.65,10.0,0.67,71.76,0.68,5.0,0.33,128.0,0.31,140.0,0.35,15.0,0.36,9.44,0.01,0.02,2357.569781,1776320221000
1776320222.825,122.825,0.66,64.0,0.65,149.0,0.71,6.0,0.73,23.3,0.33,71.76,0.32,5.0,0.34,15.0,0.35,10.0,0.05,0.01,2357.569781,1776320221000
1776320223.102,123.102,0.72,17.0,0.71,17.0,0.73,80.0,0.74,101.7,0.29,6.0,0.27,23.3,0.34,64.0,0.35,149.0,0.01,0.05,2357.569781,1776320221000
1776320223.368,123.368,0.72,93.0,0.71,17.0,0.73,80.0,0.74,101.7,0.27,80.0,0.26,101.7,0.28,17.0,0.29,17.0,0.01,0.01,2357.62695,1776320222000
1776320226.162,126.162,0.72,193.0,0.71,22.0,0.73,64.24,0.74,101.7,0.27,80.0,0.26,101.7,0.28,93.0,0.29,17.0,0.01,0.01,2357.81,1776320225000
1776320227.888,127.888,0.7,48.52,0.69,73.0,0.73,69.24,0.74,101.7,0.27,64.24,0.26,101.7,0.28,193.0,0.29,22.0,0.03,0.01,2357.854565,1776320226000
1776320228.53,128.53,0.71,88.0,0.7,48.52,0.73,42.74,0.74,101.7,0.27,69.24,0.26,101.7,0.3,48.52,0.31,73.0,0.02,0.03,2357.857895,1776320227000
1776320232.167,132.167,0.72,62.09,0.71,49.0,0.73,54.74,0.74,83.0,0.27,42.74,0.26,101.7,0.29,88.0,0.3,48.52,0.01,0.02,2357.864842,1776320231000
1776320234.235,134.235,0.72,145.09,0.71,54.0,0.74,70.0,0.75,70.0,0.27,54.74,0.26,83.0,0.28,62.09,0.29,49.0,0.02,0.01,2357.925269,1776320232000
1776320234.817,134.817,0.74,227.0,0.73,73.0,0.75,62.9,0.76,70.0,0.26,11.78,0.25,70.0,0.27,203.0,0.28,15.0,0.01,0.01,2357.882129,1776320233000
1776320235.753,135.753,0.74,174.0,0.73,166.42,0.75,0.07,0.76,70.0,0.25,8.41,0.24,70.0,0.26,176.0,0.27,171.42,0.01,0.01,2357.853565,1776320234000
1776320236.545,136.545,0.75,60.0,0.74,126.0,0.76,63.75,0.77,70.0,0.24,65.07,0.23,70.0,0.26,174.0,0.27,166.42,0.01,0.02,2357.924618,1776320235000
1776320237.132,137.132,0.75,194.4,0.74,89.0,0.76,63.75,0.77,128.0,0.24,63.75,0.23,70.0,0.25,60.0,0.26,126.0,0.01,0.01,2358.043955,1776320236000
1776320238.322,138.322,0.75,274.17,0.74,26.0,0.76,47.06,0.77,70.0,0.24,63.75,0.23,128.0,0.25,191.17,0.26,89.0,0.01,0.01,2358.077805,1776320237000
1776320239.549,139.549,0.75,290.17,0.74,26.0,0.76,52.06,0.77,70.0,0.24,47.06,0.23,70.0,0.25,274.17,0.26,26.0,0.01,0.01,2358.10645,1776320238000
1776320243.278,143.278,0.75,158.0,0.74,52.32,0.76,41.49,0.77,70.0,0.24,52.06,0.23,70.0,0.25,290.17,0.26,26.0,0.01,0.01,2358.10715,1776320242000
1776320244.503,144.503,0.75,95.0,0.74,52.32,0.76,36.49,0.77,128.0,0.24,41.49,0.23,70.0,0.25,158.0,0.26,52.32,0.01,0.01,2358.110986,1776320243000
1776320244.91,144.91,0.75,100.0,0.74,52.32,0.77,99.08,0.78,5.0,0.24,36.49,0.23,128.0,0.25,95.0,0.26,52.32,0.02,0.01,2358.113504,1776320244000
1776320245.439,145.439,0.76,144.18,0.75,40.0,0.77,99.08,0.78,5.0,0.23,99.08,0.22,5.0,0.25,100.0,0.26,52.32,0.01,0.02,2358.113504,1776320244000
1776320248.709,148.709,0.76,84.66,0.75,89.57,0.77,46.08,0.78,63.0,0.23,99.08,0.22,5.0,0.24,144.18,0.25,40.0,0.01,0.01,2358.10624,1776320247000
1776320249.968,149.968,0.76,10.0,0.75,10.0,0.77,129.08,0.78,15.0,0.23,46.08,0.22,63.0,0.24,84.66,0.25,89.57,0.01,0.01,2358.092655,1776320249000
1776320252.091,152.091,0.74,60.08,0.73,78.0,0.75,20.0,0.76,10.0,0.24,15.0,0.23,189.08,0.26,34.0,0.27,20.0,0.01,0.02,2358.08298,1776320250000
1776320253.356,153.356,0.76,56.0,0.75,22.0,0.77,44.78,0.78,63.0,0.25,20.0,0.24,10.0,0.26,60.08,0.27,78.0,0.01,0.01,2358.027275,1776320252000
1776320255.813,155.813,0.76,49.75,0.75,85.0,0.77,44.78,0.78,63.0,0.23,44.78,0.22,63.0,0.24,56.0,0.25,22.0,0.01,0.01,2358.026866,1776320254000
1776320261.149,161.149,0.76,3.2,0.75,103.28,0.77,64.78,0.78,63.0,0.23,44.78,0.22,63.0,0.24,49.75,0.25,85.0,0.01,0.01,2358.020158,1776320259000
1776320262.173,162.173,0.76,62.25,0.75,80.0,0.77,58.48,0.78,63.0,0.23,64.78,0.22,63.0,0.24,3.2,0.25,103.28,0.01,0.01,2358.017162,1776320261000
1776320266.369,166.369,0.76,55.2,0.75,110.44,0.77,57.98,0.78,5.0,0.23,58.48,0.22,63.0,0.24,62.25,0.25,80.0,0.01,0.01,2358.001176,1776320265000
1776320266.862,166.862,0.76,20.25,0.75,22.0,0.77,57.98,0.78,63.0,0.23,57.98,0.22,5.0,0.24,55.2,0.25,110.44,0.01,0.01,2358.001176,1776320265000
1776320274.014,174.014,0.76,43.05,0.75,85.0,0.77,44.99,0.78,133.0,0.23,57.98,0.22,63.0,0.24,20.25,0.25,22.0,0.01,0.01,2357.98909,1776320272000
1776320278.614,178.614,0.76,48.06,0.75,85.0,0.77,26.23,0.78,128.0,0.23,44.99,0.22,133.0,0.24,43.05,0.25,85.0,0.01,0.01,2358.018989,1776320277000
1776320279.082,179.082,0.76,42.06,0.75,85.0,0.77,19.99,0.78,128.0,0.23,26.23,0.22,128.0,0.24,48.06,0.25,85.0,0.01,0.01,2358.018989,1776320277000
1776320279.455,179.455,0.76,37.06,0.75,85.0,0.77,13.75,0.78,128.0,0.23,19.99,0.22,128.0,0.24,42.06,0.25,85.0,0.01,0.01,2358.008608,1776320278000
1776320280.516,180.516,0.76,1.39,0.75,27.0,0.77,28.75,0.78,70.0,0.23,13.75,0.22,128.0,0.24,37.06,0.25,85.0,0.01,0.01,2357.995673,1776320279000
1776320281.694,181.694,0.76,73.82,0.75,22.0,0.77,25.12,0.78,133.0,0.23,36.64,0.22,70.0,0.24,8.39,0.25,27.0,0.01,0.01,2357.997356,1776320280000
1776320285.783,185.783,0.76,183.43,0.75,22.0,0.77,0.97,0.8,5.0,0.23,25.12,0.22,133.0,0.24,73.82,0.25,22.0,0.01,0.01,2358.037444,1776320284000
1776320286.593,186.593,0.76,80.0,0.75,42.24,0.81,4.86,0.82,36.4,0.23,0.97,0.2,5.0,0.24,183.43,0.25,22.0,0.05,0.01,2358.067877,1776320285000
1776320286.974,186.974,0.8,45.0,0.79,15.0,0.81,3.62,0.82,36.4,0.19,4.86,0.18,36.4,0.24,80.0,0.25,42.24,0.01,0.05,2358.067877,1776320285000
1776320287.928,187.928,0.84,190.0,0.83,25.0,0.85,7.3,0.88,6.0,0.19,3.62,0.18,36.4,0.2,45.0,0.21,15.0,0.01,0.01,2358.043987,1776320286000
1776320288.822,188.822,0.89,108.0,0.88,84.0,0.9,66.53,0.91,58.0,0.1,67.65,0.09,44.0,0.12,20.0,0.13,20.0,0.01,0.02,2358.04718,1776320287000
1776320289.167,189.167,0.89,63.0,0.88,26.0,0.9,55.53,0.93,82.3,0.1,61.53,0.09,58.0,0.11,103.0,0.12,84.0,0.01,0.01,2358.04723,1776320288000
1776320289.404,189.404,0.89,63.0,0.88,26.0,0.9,53.93,0.91,58.0,0.1,55.53,0.07,82.3,0.11,63.0,0.12,26.0,0.01,0.01,2358.04723,1776320288000
1776320290.042,190.042,0.89,112.0,0.88,31.0,0.9,35.73,0.94,103.8,0.1,53.93,0.09,58.0,0.11,63.0,0.12,26.0,0.01,0.01,2358.382812,1776320289000
1776320290.246,190.246,0.92,10.0,0.91,20.0,0.95,137.16,0.96,139.8,0.06,63.8,0.05,131.8,0.11,170.0,0.12,31.0,0.03,0.05,2358.382812,1776320289000
1776320290.564,190.564,0.93,5.0,0.92,25.0,0.94,5.0,0.95,137.16,0.05,137.16,0.04,139.8,0.08,10.0,0.09,20.0,0.01,0.03,2358.382812,1776320289000
1776320290.925,190.925,0.93,5.0,0.92,25.0,0.94,214.0,0.95,106.16,0.06,5.0,0.05,137.16,0.07,5.0,0.08,25.0,0.01,0.01,2358.382812,1776320289000
1776320291.79,191.79,0.92,10.0,0.91,78.0,0.93,1.83,0.94,63.0,0.06,244.28,0.05,106.16,0.09,20.0,0.1,33.0,0.01,0.03,2358.7025,1776320290000
1776320292.567,192.567,0.93,20.0,0.92,10.0,0.94,71.41,0.95,382.45,0.06,56.68,0.05,395.45,0.07,20.0,0.08,10.0,0.01,0.01,2358.880095,1776320291000
1776320293.533,193.533,0.93,20.0,0.92,10.0,0.94,56.09,0.95,371.45,0.06,71.41,0.05,382.45,0.07,20.0,0.08,10.0,0.01,0.01,2358.892975,1776320292000
1776320297.832,197.832,0.92,3.0,0.91,80.0,0.93,49.0,0.94,290.8,0.06,56.09,0.05,371.45,0.07,20.0,0.08,10.0,0.01,0.01,2358.899735,1776320296000
1776320299.821,199.821,0.9,70.23,0.89,15.0,0.91,15.0,0.92,40.0,0.07,49.0,0.06,290.8,0.08,3.0,0.09,80.0,0.01,0.01,2358.8157,1776320298000
1776320302.252,202.252,0.9,9.46,0.89,68.0,0.91,56.0,0.92,22.0,0.09,15.0,0.08,40.0,0.1,70.23,0.11,15.0,0.01,0.01,2358.747721,1776320301000
1776320302.819,202.819,0.9,16.46,0.89,68.0,0.91,40.86,0.92,22.0,0.09,56.0,0.08,22.0,0.1,9.46,0.11,68.0,0.01,0.01,2358.747721,1776320301000
1776320306.08,206.08,0.92,4.44,0.91,25.0,0.94,195.0,0.95,100.16,0.09,37.72,0.08,22.0,0.1,9.46,0.11,68.0,0.02,0.01,2358.708266,1776320304000
1776320309.217,209.217,0.92,5.69,0.91,93.0,0.94,68.0,0.95,232.16,0.06,195.0,0.05,100.16,0.08,4.44,0.09,25.0,0.02,0.02,2358.8127,1776320308000
1776320310.883,210.883,0.93,10.0,0.92,5.69,0.94,3.29,0.95,290.16,0.06,71.93,0.05,232.16,0.07,10.0,0.08,5.69,0.01,0.01,2358.82053,1776320309000
1776320312.787,212.787,0.94,5.0,0.93,20.0,0.95,157.36,0.96,203.8,0.06,3.29,0.05,290.16,0.07,10.0,0.08,5.69,0.01,0.01,2358.8212,1776320311000
1776320315.04,215.04,0.94,29.14,0.93,78.0,0.95,16.36,0.96,351.8,0.05,157.36,0.04,203.8,0.06,5.0,0.07,20.0,0.01,0.01,2358.902577,1776320313000
1776320315.979,215.979,0.94,49.14,0.93,103.0,0.95,1.36,0.96,257.0,0.05,16.36,0.04,351.8,0.06,29.14,0.07,78.0,0.01,0.01,2358.86777,1776320314000
1776320316.787,216.787,0.94,10.0,0.93,90.0,0.96,35.0,0.97,285.0,0.05,2.89,0.04,268.0,0.06,5.0,0.08,4.54,0.02,0.01,2358.86777,1776320314000
1776320317.103,217.103,0.95,155.0,0.94,165.0,0.97,32.0,0.98,613.7,0.03,123.0,0.02,608.7,0.05,10.0,0.06,40.0,0.02,0.02,2358.935324,1776320315000
1776320317.581,217.581,0.96,161.0,0.95,303.8,0.97,27.0,0.98,671.7,0.03,32.0,0.02,613.7,0.05,155.0,0.06,165.0,0.01,0.02,2358.935324,1776320315000
1776320318.188,218.188,0.96,254.7,0.95,308.8,0.97,22.0,0.98,676.7,0.03,27.0,0.02,671.7,0.04,161.0,0.05,303.8,0.01,0.01,2358.861661,1776320316000
1776320318.715,218.715,0.96,233.7,0.95,292.8,0.97,90.0,0.98,613.7,0.03,22.0,0.02,676.7,0.04,254.7,0.05,308.8,0.01,0.01,2358.87989,1776320317000
1776320320.57,220.57,0.96,299.7,0.95,314.8,0.97,22.0,0.98,488.0,0.03,90.0,0.02,613.7,0.04,233.7,0.05,292.8,0.01,0.01,2359.308877,1776320319000
1776320321.401,221.401,0.96,309.7,0.95,321.8,0.97,12.01,0.98,483.0,0.03,17.01,0.02,483.0,0.04,294.7,0.05,314.8,0.01,0.01,2359.28932,1776320320000
1776320322.864,222.864,0.96,324.7,0.95,263.8,0.98,475.01,0.99,7274.6,0.03,12.01,0.02,483.0,0.04,309.7,0.05,321.8,0.02,0.01,2359.354483,1776320321000
1776320323.335,223.335,0.97,259.7,0.96,284.7,0.98,459.6,0.99,7369.6,0.02,475.01,0.01,7274.6,0.04,324.7,0.05,263.8,0.01,0.02,2359.37544,1776320322000
1776320323.768,223.768,0.97,289.16,0.96,274.7,0.98,458.91,0.99,7369.6,0.02,453.91,0.01,7369.6,0.03,259.7,0.04,274.7,0.01,0.01,2359.37544,1776320322000
1776320325.234,225.234,0.97,289.16,0.96,274.7,0.98,279.88,0.99,8277.6,0.02,458.91,0.01,7369.6,0.03,289.16,0.04,274.7,0.01,0.01,2359.38296,1776320323000
1776320327.422,227.422,0.97,167.31,0.96,258.7,0.98,495.85,0.99,8274.6,0.02,279.88,0.01,8277.6,0.03,289.16,0.04,274.7,0.01,0.01,2359.338308,1776320326000
1776320331.663,231.663,0.97,172.31,0.96,223.7,0.98,486.85,0.99,8333.6,0.02,495.85,0.01,8274.6,0.03,167.31,0.04,258.7,0.01,0.01,2359.261313,1776320330000
1776320332.411,232.411,0.97,167.31,0.96,218.7,0.98,484.8,0.99,8333.6,0.02,486.85,0.01,8333.6,0.03,172.31,0.04,223.7,0.01,0.01,2359.261313,1776320330000
1776320333.448,233.448,0.97,100.64,0.96,218.7,0.98,484.8,0.99,8333.6,0.02,484.8,0.01,8333.6,0.03,167.31,0.04,218.7,0.01,0.01,2359.168327,1776320332000
1776320335.015,235.015,0.97,224.34,0.96,218.7,0.98,443.87,0.99,8333.6,0.02,448.98,0.01,8333.6,0.03,100.64,0.04,218.7,0.01,0.01,2359.24109,1776320333000
1776320335.36,235.36,0.96,7.3,0.95,132.8,0.98,230.87,0.99,8057.6,0.02,443.87,0.01,8333.6,0.03,141.0,0.04,218.7,0.02,0.01,2359.242386,1776320334000
1776320341.11,241.11,0.95,10.0,0.94,85.0,0.96,20.0,0.97,270.0,0.02,225.87,0.01,8057.6,0.05,120.1,0.06,173.8,0.01,0.03,2359.079417,1776320339000
1776320341.388,241.388,0.94,80.0,0.93,193.3,0.96,10.0,0.97,369.84,0.03,269.84,0.02,267.87,0.05,10.0,0.06,148.8,0.02,0.02,2359.079417,1776320339000
1776320341.601,241.601,0.95,10.0,0.94,80.0,0.96,3.95,0.97,369.84,0.04,10.0,0.03,369.84,0.06,80.0,0.07,193.3,0.01,0.02,2359.079417,1776320339000
1776320342.612,242.612,0.94,50.0,0.93,80.0,0.95,51.0,0.96,183.0,0.04,3.95,0.03,369.84,0.05,10.0,0.06,80.0,0.01,0.01,2359.083994,1776320341000
1776320343.002,243.002,0.93,50.0,0.92,140.0,0.95,294.0,0.96,20.0,0.05,51.0,0.04,183.0,0.06,1.0,0.07,80.0,0.02,0.01,2359.083994,1776320341000
1776320344.499,244.499,0.92,223.55,0.91,73.9,0.93,14.62,0.94,199.8,0.06,194.0,0.05,76.0,0.08,76.31,0.09,15.9,0.01,0.02,2358.9141,1776320342000
1776320344.771,244.771,0.92,223.55,0.91,73.9,0.94,186.17,0.95,116.8,0.07,13.54,0.06,204.8,0.08,223.55,0.09,73.9,0.02,0.01,2358.669833,1776320343000
1776320345.47,245.47,0.93,15.0,0.92,228.55,0.94,175.09,0.95,116.8,0.06,183.17,0.05,116.8,0.07,10.0,0.08,228.55,0.01,0.01,2358.669833,1776320343000
1776320346.04,246.04,0.93,149.44,0.92,76.31,0.94,137.34,0.95,111.8,0.06,175.09,0.05,116.8,0.07,15.0,0.08,228.55,0.01,0.01,2358.432257,1776320344000
1776320346.897,246.897,0.93,173.79,0.92,76.31,0.94,72.47,0.95,116.8,0.06,137.34,0.05,111.8,0.07,149.44,0.08,76.31,0.01,0.01,2358.413206,1776320345000
1776320349.88,249.88,0.95,15.0,0.94,95.0,0.97,359.12,0.98,1251.57,0.06,72.47,0.05,116.8,0.07,173.79,0.08,76.31,0.02,0.01,2358.574586,1776320348000
1776320350.155,250.155,0.96,5.0,0.95,20.0,0.97,359.12,0.98,1251.57,0.03,359.12,0.02,1251.57,0.05,15.0,0.06,95.0,0.01,0.02,2358.574586,1776320348000
1776320350.63,250.63,0.96,15.0,0.95,88.0,0.97,118.12,0.98,600.57,0.03,359.12,0.02,1251.57,0.04,5.0,0.05,20.0,0.01,0.01,2358.597135,1776320349000
1776320351.274,251.274,0.96,20.0,0.95,83.0,0.97,10.0,0.98,600.57,0.03,118.12,0.02,600.57,0.04,15.0,0.05,88.0,0.01,0.01,2358.597135,1776320349000
1776320351.52,251.52,0.96,13.0,0.95,83.0,0.97,18.0,0.98,600.57,0.03,10.0,0.02,600.57,0.04,20.0,0.05,83.0,0.01,0.01,2358.700437,1776320350000
1776320352.948,252.948,0.96,141.0,0.95,200.8,0.97,13.0,0.98,162.87,0.03,18.0,0.02,600.57,0.04,13.0,0.05,83.0,0.01,0.01,2358.62952,1776320351000
1776320353.182,253.182,0.97,15.15,0.96,141.0,0.98,157.66,0.99,2121.0,0.02,162.77,0.01,2121.0,0.03,5.0,0.04,146.0,0.01,0.01,2358.717976,1776320352000
1776320353.52,253.52,0.97,125.15,0.96,146.7,0.98,131.44,0.99,2063.0,0.02,147.44,0.01,2121.0,0.03,15.15,0.04,141.0,0.01,0.01,2358.717976,1776320352000
1776320353.747,253.747,0.97,140.15,0.96,146.7,0.98,86.44,0.99,2063.0,0.02,91.44,0.01,2063.0,0.03,130.15,0.04,146.7,0.01,0.01,2358.717976,1776320352000
1776320353.962,253.962,0.97,258.85,0.96,146.7,0.98,76.44,0.99,2063.0,0.02,86.44,0.01,2063.0,0.03,140.15,0.04,146.7,0.01,0.01,2358.717976,1776320352000
1776320354.567,254.567,0.97,253.85,0.96,146.7,0.98,71.44,0.99,2063.0,0.02,76.44,0.01,2063.0,0.03,258.85,0.04,146.7,0.01,0.01,2358.695904,1776320353000
1776320355.37,255.37,0.97,258.85,0.96,146.7,0.98,66.44,0.99,1963.0,0.02,71.44,0.01,2063.0,0.03,253.85,0.04,146.7,0.01,0.01,2359.179342,1776320354000
1776320355.662,255.662,0.98,28.81,0.97,258.85,0.99,1963.0,,,0.02,66.44,0.01,1963.0,0.03,258.85,0.04,146.7,0.01,0.01,2359.179342,1776320354000
1776320356.161,256.161,0.98,293.51,0.97,248.85,0.99,1947.79,,,0.01,1963.0,,,0.02,28.81,0.03,258.85,0.01,0.01,2359.179342,1776320354000
1776320356.504,256.504,0.98,288.51,0.97,248.85,0.99,1782.77,,,0.01,1796.77,,,0.02,293.51,0.03,248.85,0.01,0.01,2359.307676,1776320355000
1776320361.961,261.961,0.98,237.51,0.97,214.0,0.99,1526.95,,,0.01,1762.57,,,0.02,288.51,0.03,248.85,0.01,0.01,2359.32578,1776320360000
1776320362.794,262.794,0.98,207.51,0.97,141.0,0.99,1995.55,,,0.01,1526.95,,,0.02,237.51,0.03,214.0,0.01,0.01,2359.224747,1776320361000
1776320363.616,263.616,0.97,126.94,0.96,166.7,0.98,217.0,0.99,1960.55,0.02,122.19,0.01,1960.55,0.03,121.0,0.04,108.7,0.01,0.01,2359.261478,1776320362000
1776320364.11,264.11,0.97,96.94,0.96,166.7,0.98,159.19,0.99,2013.55,0.02,213.96,0.01,1960.55,0.03,126.94,0.04,166.7,0.01,0.01,2359.261478,1776320362000
1776320364.409,264.409,0.97,113.94,0.96,166.7,0.98,154.19,0.99,2013.55,0.02,159.19,0.01,2013.55,0.03,96.94,0.04,166.7,0.01,0.01,2359.139279,1776320363000
1776320364.935,264.935,0.97,118.94,0.96,166.7,0.98,123.29,0.99,2013.55,0.02,143.69,0.01,2013.55,0.03,113.94,0.04,166.7,0.01,0.01,2359.139279,1776320363000
1776320365.217,265.217,0.97,118.94,0.96,166.7,0.98,110.12,0.99,2013.55,0.02,120.22,0.01,2013.55,0.03,118.94,0.04,166.7,0.01,0.01,2358.752786,1776320364000
1776320367.457,267.457,0.97,106.79,0.96,166.7,0.99,1558.95,,,0.02,110.12,0.01,2013.55,0.03,118.94,0.04,166.7,0.02,0.01,2358.815548,1776320365000
1776320367.794,267.794,0.98,183.7,0.97,111.79,0.99,1558.95,,,0.01,1558.95,,,0.03,106.79,0.04,166.7,0.01,0.02,2358.810728,1776320366000
1776320368.729,268.729,0.98,201.64,0.97,93.85,0.99,1526.95,,,0.01,1558.95,,,0.02,183.7,0.03,111.79,0.01,0.01,2358.892333,1776320367000
1776320369.573,269.573,0.98,206.64,0.97,151.85,0.99,1526.95,,,0.01,1526.95,,,0.02,201.64,0.03,93.85,0.01,0.01,2358.768314,1776320368000
1776320373.367,273.367,0.98,211.64,0.97,151.85,0.99,1478.55,,,0.01,1526.95,,,0.02,206.64,0.03,151.85,0.01,0.01,2358.772967,1776320371000
1776320373.717,273.717,0.98,216.64,0.97,151.85,0.99,1478.55,,,0.01,1478.55,,,0.02,211.64,0.03,151.85,0.01,0.01,2358.772019,1776320372000
1776320374.551,274.551,0.98,211.64,0.97,151.85,0.99,1410.55,,,0.01,1478.55,,,0.02,216.64,0.03,151.85,0.01,0.01,2358.771843,1776320373000
1776320374.897,274.897,0.98,216.64,0.97,151.85,0.99,1313.55,,,0.01,1410.55,,,0.02,211.64,0.03,151.85,0.01,0.01,2358.771843,1776320373000
1776320375.201,275.201,0.98,32.94,0.97,73.0,0.99,1290.36,,,0.01,1313.55,,,0.02,216.64,0.03,151.85,0.01,0.01,2358.771843,1776320373000
1776320376.082,276.082,0.98,5.0,0.97,70.94,0.99,1490.36,,,0.01,1285.36,,,0.02,27.94,0.03,73.0,0.01,0.01,2358.80363,1776320374000
1776320379.728,279.728,0.98,5.0,0.97,70.94,0.99,1394.37,,,0.01,1490.36,,,0.02,5.0,0.03,70.94,0.01,0.01,2358.814702,1776320378000
1776320381.289,281.289,0.98,5.0,0.97,65.94,0.99,1329.37,,,0.01,1394.37,,,0.02,5.0,0.03,70.94,0.01,0.01,2358.837645,1776320379000
1776320382.622,282.622,0.98,5.0,0.97,65.94,0.99,134.02,,,0.01,1329.37,,,0.02,5.0,0.03,65.94,0.01,0.01,2358.753193,1776320380000
1776320382.894,282.894,0.98,10.0,0.97,65.94,0.99,8.0,,,0.01,134.02,,,0.02,5.0,0.03,65.94,0.01,0.01,2358.713739,1776320381000
1776320383.194,283.194,0.99,299.0,0.98,10.0,,,,,0.01,1.0,,,0.02,10.0,0.03,65.94,,0.01,2358.713739,1776320381000
1776320385.43,285.43,0.99,1936.8,0.98,10.0,,,,,,,,,0.01,299.0,0.02,10.0,,,2358.709002,1776320384000
1776320389.241,289.241,0.99,2994.85,0.98,10.0,,,,,,,,,0.01,1936.8,0.02,10.0,,,2358.757155,1776320388000
1776320397.635,297.635,0.99,4992.09,0.98,5.0,,,,,,,,,0.01,2994.85,0.02,10.0,,,2358.779095,1776320396000

# RESULT,winner=Up,slug=eth-updown-5m-1776320100,ticks=238
