timestamp,elapsed_sec,up_bid_p1,up_bid_s1,up_bid_p2,up_bid_s2,up_ask_p1,up_ask_s1,up_ask_p2,up_ask_s2,down_bid_p1,down_bid_s1,down_bid_p2,down_bid_s2,down_ask_p1,down_ask_s1,down_ask_p2,down_ask_s2,up_spread,down_spread,eth_price,eth_oracle_ts
1776189301.379,1.379,,,,,,,,,,,,,,,,,,,2336.153902,1776189300000
1776189301.662,1.662,0.46,170.14,0.45,88.0,0.47,8.12,0.49,5.29,0.53,8.12,0.51,5.29,0.54,89.14,0.55,88.0,0.01,0.01,2336.153902,1776189300000
1776189302.033,2.033,0.46,170.14,0.45,88.0,0.47,8.12,0.49,5.29,0.53,8.12,0.51,5.29,0.54,89.14,0.55,88.0,0.01,0.01,2336.160074,1776189301000
1776189302.525,2.525,0.46,91.52,0.45,100.0,0.47,3.12,0.49,44.5,0.53,3.12,0.51,5.29,0.54,94.14,0.55,88.0,0.01,0.01,2336.160074,1776189301000
1776189303.171,3.171,0.46,236.52,0.45,235.0,0.49,42.62,0.5,15.0,0.53,3.12,0.51,44.5,0.54,91.52,0.55,100.0,0.03,0.01,2336.160074,1776189301000
1776189303.82,3.82,0.48,100.0,0.47,98.0,0.49,1.8,0.5,15.0,0.51,1.8,0.5,15.0,0.52,128.0,0.53,274.0,0.01,0.01,2336.172314,1776189302000
1776189304.154,4.154,0.48,99.23,0.47,103.0,0.49,1.8,0.5,15.0,0.51,1.8,0.5,15.0,0.52,100.0,0.53,98.0,0.01,0.01,2336.172314,1776189302000
1776189304.396,4.396,0.49,8.2,0.48,99.23,0.5,15.0,0.53,10.0,0.5,15.0,0.47,10.0,0.51,8.2,0.52,99.23,0.01,0.01,2336.186806,1776189303000
1776189305.111,5.111,0.49,108.2,0.48,30.23,0.5,15.84,0.51,5.0,0.5,15.0,0.47,10.0,0.51,8.2,0.52,99.23,0.01,0.01,2336.186806,1776189303000
1776189305.447,5.447,0.49,103.2,0.48,30.23,0.5,5.84,0.51,5.0,0.5,15.84,0.49,5.0,0.51,108.2,0.52,30.23,0.01,0.01,2336.224043,1776189304000
1776189306.393,6.393,0.5,99.0,0.49,96.2,0.51,10.0,0.53,25.0,0.49,10.0,0.47,25.0,0.5,99.0,0.51,96.2,0.01,0.01,2336.370435,1776189305000
1776189307.013,7.013,0.5,99.0,0.49,96.2,0.51,10.0,0.53,25.0,0.49,10.0,0.47,25.0,0.5,99.0,0.51,96.2,0.01,0.01,2336.370733,1776189306000
1776189308.055,8.055,0.52,15.0,0.51,38.0,0.53,83.11,0.54,70.0,0.49,10.0,0.47,25.0,0.5,99.0,0.51,96.2,0.01,0.01,2336.370733,1776189306000
1776189308.4,8.4,0.52,15.0,0.51,38.0,0.53,83.11,0.54,70.0,0.47,83.11,0.46,70.0,0.48,15.0,0.49,38.0,0.01,0.01,2336.366173,1776189307000
1776189309.085,9.085,0.52,15.0,0.51,38.0,0.53,83.11,0.54,70.0,0.47,83.11,0.46,70.0,0.48,15.0,0.49,38.0,0.01,0.01,2336.377853,1776189308000
1776189309.544,9.544,0.52,15.0,0.51,43.0,0.53,85.57,0.54,75.0,0.47,83.11,0.46,70.0,0.48,15.0,0.49,38.0,0.01,0.01,2336.377853,1776189308000
1776189309.873,9.873,0.51,22.18,0.5,65.0,0.53,95.57,0.54,75.0,0.47,85.57,0.46,75.0,0.48,15.0,0.49,43.0,0.02,0.01,2336.377853,1776189308000
1776189310.284,10.284,0.51,22.18,0.5,65.0,0.53,95.57,0.54,75.0,0.47,95.57,0.46,75.0,0.49,22.18,0.5,65.0,0.02,0.02,2336.338705,1776189309000
1776189310.777,10.777,0.49,13.79,0.48,15.0,0.5,65.0,0.51,84.28,0.48,45.0,0.47,80.57,0.5,65.0,0.51,90.2,0.01,0.02,2336.338705,1776189309000
1776189310.996,10.996,0.48,10.0,0.47,640.5,0.49,17.47,0.5,135.5,0.5,90.5,0.49,84.28,0.52,2.21,0.53,135.0,0.01,0.02,2336.338705,1776189309000
1776189311.42,11.42,0.48,602.0,0.47,157.5,0.49,1.97,0.5,20.0,0.51,17.47,0.5,110.5,0.52,77.0,0.53,652.5,0.01,0.01,2336.338705,1776189309000
1776189311.637,11.637,0.5,20.5,0.49,120.5,0.51,34.28,0.52,35.0,0.51,1.97,0.5,20.0,0.52,602.0,0.53,157.5,0.01,0.01,2336.338705,1776189309000
1776189311.919,11.919,0.5,183.4,0.49,93.5,0.51,4.18,0.52,10.0,0.49,4.18,0.48,35.0,0.5,35.5,0.51,115.5,0.01,0.01,2336.280153,1776189310000
1776189312.221,12.221,0.55,14.44,0.54,97.0,0.56,145.18,0.57,135.0,0.44,124.68,0.43,125.0,0.46,17.0,0.47,65.0,0.01,0.02,2336.280153,1776189310000
1776189312.887,12.887,0.55,10.21,0.54,572.0,0.56,242.98,0.57,235.0,0.44,250.18,0.43,235.0,0.45,9.21,0.46,92.0,0.01,0.01,2336.22524,1776189311000
1776189313.277,13.277,0.55,1.98,0.54,577.0,0.56,252.98,0.57,235.0,0.44,242.98,0.43,235.0,0.45,10.21,0.46,572.0,0.01,0.01,2336.22524,1776189311000
1776189313.909,13.909,0.55,2.98,0.54,572.0,0.56,237.98,0.57,235.0,0.44,252.98,0.43,235.0,0.45,1.98,0.46,577.0,0.01,0.01,2336.22524,1776189311000
1776189315.012,15.012,0.54,567.39,0.53,222.5,0.55,115.5,0.56,252.98,0.45,115.5,0.44,252.98,0.46,567.39,0.47,222.5,0.01,0.01,2336.61517,1776189314000
1776189315.918,15.918,0.54,566.39,0.53,222.5,0.55,65.14,0.56,252.98,0.45,165.5,0.44,252.98,0.46,571.39,0.47,222.5,0.01,0.01,2336.61517,1776189314000
1776189316.307,16.307,0.54,674.89,0.53,222.5,0.56,8.14,0.57,5.0,0.45,65.14,0.44,252.98,0.46,566.39,0.47,222.5,0.02,0.01,2336.613065,1776189315000
1776189316.581,16.581,0.6,126.05,0.59,31.5,0.61,1.9,0.62,27.5,0.39,1.9,0.38,17.0,0.4,170.5,0.41,39.97,0.01,0.01,2336.613065,1776189315000
1776189316.794,16.794,0.6,131.35,0.59,36.5,0.61,1.9,0.62,10.0,0.39,1.9,0.38,27.5,0.4,126.05,0.41,31.5,0.01,0.01,2336.613065,1776189315000
1776189317.03,17.03,0.6,192.55,0.59,523.5,0.63,100.0,0.64,10.5,0.37,100.0,0.36,10.5,0.4,192.55,0.41,523.5,0.03,0.03,2336.6146,1776189316000
1776189317.265,17.265,0.66,10.0,0.65,10.0,0.69,130.0,0.7,150.0,0.32,89.67,0.31,225.0,0.34,10.0,0.35,10.0,0.03,0.02,2336.6146,1776189316000
1776189317.566,17.566,0.68,16.0,0.67,10.0,0.69,32.4,0.72,55.0,0.31,130.0,0.3,150.0,0.34,10.0,0.35,10.0,0.01,0.03,2336.6146,1776189316000
1776189317.896,17.896,0.71,485.0,0.7,10.0,0.72,55.0,0.73,55.0,0.29,4.66,0.28,55.0,0.32,6.0,0.33,10.0,0.01,0.03,2336.6146,1776189316000
1776189318.2,18.2,0.71,481.55,0.7,10.0,0.72,50.37,0.73,60.0,0.28,50.37,0.27,60.0,0.29,485.0,0.3,10.0,0.01,0.01,2336.6146,1776189316000
1776189318.557,18.557,0.71,491.55,0.7,10.0,0.74,69.0,0.75,145.0,0.28,50.37,0.27,60.0,0.29,481.55,0.3,10.0,0.03,0.01,2337.092241,1776189317000
1776189319.115,19.115,0.71,491.55,0.7,10.0,0.74,69.0,0.75,145.0,0.26,69.0,0.25,145.0,0.29,491.55,0.3,10.0,0.03,0.03,2337.610663,1776189318000
1776189319.466,19.466,0.71,10.0,0.7,15.0,0.72,22.0,0.73,10.0,0.26,584.0,0.25,160.0,0.27,4.44,0.28,10.0,0.01,0.01,2337.610663,1776189318000
1776189320.143,20.143,0.71,6.41,0.7,0.66,0.72,22.0,0.73,5.0,0.28,22.0,0.27,5.0,0.29,6.41,0.3,0.66,0.01,0.01,2338.107561,1776189319000
1776189320.604,20.604,0.71,1.41,0.7,0.66,0.72,57.0,0.73,30.5,0.28,22.0,0.27,5.0,0.29,6.41,0.3,0.66,0.01,0.01,2338.107561,1776189319000
1776189321.103,21.103,0.71,1.41,0.7,10.66,0.72,42.0,0.73,30.5,0.28,42.0,0.27,30.5,0.29,1.41,0.3,10.66,0.01,0.01,2338.026473,1776189320000
1776189321.496,21.496,0.7,20.0,0.69,10.0,0.71,77.44,0.72,167.5,0.28,42.5,0.27,30.5,0.29,1.41,0.3,10.66,0.01,0.01,2338.026473,1776189320000
1776189322.125,22.125,0.7,14.83,0.69,10.0,0.71,132.44,0.72,217.5,0.29,132.44,0.28,217.5,0.3,14.83,0.31,10.0,0.01,0.01,2337.856919,1776189321000
1776189323.046,23.046,0.66,12.0,0.64,70.0,0.71,702.44,0.72,217.5,0.29,132.44,0.28,217.5,0.3,14.83,0.31,10.0,0.05,0.01,2337.856919,1776189321000
1776189324.132,24.132,0.66,12.0,0.64,70.0,0.71,702.44,0.72,217.5,0.29,702.44,0.28,217.5,0.34,12.0,0.36,70.0,0.05,0.05,2337.79275,1776189323000
1776189325.144,25.144,0.66,12.0,0.64,70.0,0.71,702.44,0.72,217.5,0.29,702.44,0.28,217.5,0.34,12.0,0.36,70.0,0.05,0.05,2337.589852,1776189324000
1776189325.672,25.672,0.63,632.0,0.62,45.5,0.66,5.0,0.72,10.0,0.29,702.44,0.28,217.5,0.34,12.0,0.36,70.0,0.03,0.05,2337.589852,1776189324000
1776189325.987,25.987,0.7,25.0,0.66,13.57,0.73,4.9,0.74,24.0,0.27,5.0,0.26,24.0,0.34,6.0,0.37,661.0,0.03,0.07,2337.589852,1776189324000
1776189326.273,26.273,0.72,25.0,0.71,73.0,0.73,22.0,0.74,15.99,0.26,15.99,0.25,50.0,0.3,35.0,0.34,13.57,0.01,0.04,2337.403941,1776189325000
1776189326.727,26.727,0.74,1.49,0.73,10.0,0.76,68.99,0.77,110.0,0.24,5.99,0.23,105.0,0.28,20.0,0.29,33.0,0.02,0.04,2337.403941,1776189325000
1776189327.06,27.06,0.75,4.4,0.74,1.49,0.76,117.49,0.77,110.0,0.24,68.99,0.23,110.0,0.26,1.49,0.27,10.0,0.01,0.02,2337.403941,1776189325000
1776189327.332,27.332,0.75,4.4,0.74,1.49,0.76,117.49,0.77,110.0,0.24,117.49,0.23,110.0,0.25,4.4,0.26,1.49,0.01,0.01,2337.548136,1776189326000
1776189328.07,28.07,0.75,10.0,0.74,1.49,0.76,99.33,0.77,210.0,0.24,99.33,0.23,210.0,0.25,10.0,0.26,1.49,0.01,0.01,2338.415037,1776189327000
1776189328.713,28.713,0.75,25.0,0.74,1.49,0.77,180.0,0.78,30.0,0.24,99.33,0.23,210.0,0.25,10.0,0.26,1.49,0.02,0.01,2338.415037,1776189327000
1776189329.309,29.309,0.75,25.0,0.74,1.49,0.77,180.0,0.78,30.0,0.23,180.0,0.22,30.0,0.25,25.0,0.26,1.49,0.02,0.02,2338.4892,1776189328000
1776189329.734,29.734,0.76,15.0,0.75,40.0,0.77,310.5,0.78,75.0,0.23,180.0,0.22,30.0,0.25,25.0,0.26,1.49,0.01,0.02,2338.4892,1776189328000
1776189330.087,30.087,0.76,5.0,0.75,45.0,0.77,310.5,0.78,75.0,0.23,310.5,0.22,75.0,0.24,15.0,0.25,40.0,0.01,0.01,2338.4892,1776189328000
1776189330.447,30.447,0.76,10.0,0.75,50.0,0.77,315.5,0.78,75.0,0.23,310.5,0.22,75.0,0.24,5.0,0.25,45.0,0.01,0.01,2338.4892,1776189328000
1776189330.75,30.75,0.76,534.75,0.75,55.5,0.77,230.5,0.78,176.22,0.23,315.5,0.22,75.0,0.24,10.0,0.25,50.0,0.01,0.01,2338.4892,1776189328000
1776189331.049,31.049,0.76,564.75,0.75,105.5,0.77,196.0,0.78,75.0,0.23,230.5,0.22,176.22,0.24,534.75,0.25,55.5,0.01,0.01,2338.44455,1776189329000
1776189331.254,31.254,0.76,575.25,0.75,95.5,0.79,315.0,0.8,95.0,0.21,315.0,0.2,95.0,0.24,575.25,0.25,95.5,0.03,0.03,2338.516581,1776189330000
1776189331.612,31.612,0.78,530.31,0.77,61.0,0.79,311.0,0.8,70.0,0.21,290.5,0.2,70.0,0.23,526.0,0.24,60.25,0.01,0.02,2338.516581,1776189330000
1776189332.027,32.027,0.78,482.81,0.77,30.0,0.79,316.0,0.8,167.14,0.21,311.0,0.2,70.0,0.22,530.31,0.23,61.0,0.01,0.01,2338.516581,1776189330000
1776189332.389,32.389,0.78,583.31,0.77,75.5,0.79,71.77,0.8,95.5,0.21,316.0,0.2,167.14,0.22,482.81,0.23,30.0,0.01,0.01,2338.516581,1776189330000
1776189332.597,32.597,0.78,588.31,0.77,75.5,0.79,46.7,0.8,95.5,0.21,46.7,0.2,95.5,0.22,588.31,0.23,75.5,0.01,0.01,2338.566421,1776189331000
1776189333.392,33.392,0.78,588.31,0.77,75.5,0.79,46.7,0.8,95.5,0.21,46.7,0.2,95.5,0.22,588.31,0.23,75.5,0.01,0.01,2338.770035,1776189332000
1776189333.652,33.652,0.78,20.0,0.77,50.0,0.79,128.2,0.8,100.5,0.21,91.2,0.2,90.5,0.22,80.0,0.23,550.0,0.01,0.01,2338.770035,1776189332000
1776189334.0,34.0,0.77,68.69,0.76,70.0,0.79,78.2,0.8,90.5,0.21,88.2,0.2,600.5,0.23,58.69,0.24,70.0,0.02,0.02,2338.770035,1776189332000
1776189334.303,34.303,0.78,10.0,0.77,73.69,0.79,47.59,0.8,90.5,0.21,93.23,0.2,90.5,0.22,10.0,0.23,68.69,0.01,0.01,2338.7945,1776189333000
1776189334.534,34.534,0.78,5.45,0.77,73.69,0.79,117.78,0.8,196.86,0.21,70.71,0.2,90.5,0.22,5.45,0.23,73.69,0.01,0.01,2338.7945,1776189333000
1776189334.9,34.9,0.78,75.45,0.77,543.69,0.79,134.67,0.8,196.86,0.21,131.51,0.2,196.86,0.22,5.45,0.23,73.69,0.01,0.01,2338.7945,1776189333000
1776189335.461,35.461,0.78,575.45,0.77,68.69,0.79,28.56,0.8,196.86,0.21,134.67,0.2,196.86,0.22,75.45,0.23,543.69,0.01,0.01,2338.7945,1776189333000
1776189335.734,35.734,0.78,530.44,0.77,68.69,0.79,28.56,0.8,196.86,0.21,28.56,0.2,196.86,0.22,530.44,0.23,68.69,0.01,0.01,2338.896161,1776189334000
1776189336.411,36.411,0.78,530.44,0.77,68.69,0.79,28.56,0.8,196.86,0.21,28.56,0.2,196.86,0.22,530.44,0.23,68.69,0.01,0.01,2338.719797,1776189335000
1776189337.198,37.198,0.78,530.44,0.77,68.69,0.79,28.56,0.8,196.86,0.21,28.56,0.2,196.86,0.22,530.44,0.23,68.69,0.01,0.01,2338.742595,1776189336000
1776189337.453,37.453,0.78,570.44,0.77,81.19,0.79,23.06,0.8,95.5,0.21,28.56,0.2,196.86,0.22,530.44,0.23,68.69,0.01,0.01,2338.742595,1776189336000
1776189338.062,38.062,0.78,50.44,0.77,566.19,0.79,87.29,0.8,90.5,0.21,18.06,0.2,95.5,0.22,570.44,0.23,81.19,0.01,0.01,2338.742595,1776189336000
1776189338.506,38.506,0.78,50.44,0.77,566.19,0.79,87.29,0.8,90.5,0.21,87.29,0.2,90.5,0.22,50.44,0.23,566.19,0.01,0.01,2338.775409,1776189337000
1776189338.896,38.896,0.78,42.71,0.77,566.19,0.79,16.79,0.8,95.5,0.21,87.29,0.2,90.5,0.22,50.44,0.23,566.19,0.01,0.01,2338.775409,1776189337000
1776189339.253,39.253,0.78,127.71,0.77,566.19,0.79,11.66,0.8,95.5,0.21,16.79,0.2,95.5,0.22,42.71,0.23,566.19,0.01,0.01,2338.775409,1776189337000
1776189339.68,39.68,0.77,528.4,0.76,86.5,0.79,77.16,0.8,575.5,0.21,11.66,0.2,95.5,0.22,127.71,0.23,566.19,0.02,0.01,2338.782472,1776189338000
1776189340.59,40.59,0.77,528.4,0.76,86.5,0.79,77.16,0.8,575.5,0.21,77.16,0.2,575.5,0.23,528.4,0.24,86.5,0.02,0.02,2338.782356,1776189339000
1776189341.033,41.033,0.78,595.77,0.77,68.9,0.79,20.0,0.8,45.5,0.21,77.16,0.2,575.5,0.23,528.4,0.24,86.5,0.01,0.02,2338.782356,1776189339000
1776189341.34,41.34,0.78,595.77,0.77,68.9,0.79,20.0,0.8,45.5,0.21,20.0,0.2,45.5,0.22,595.77,0.23,68.9,0.01,0.01,2338.781227,1776189340000
1776189342.475,42.475,0.78,667.27,0.77,68.9,0.79,44.0,0.8,30.0,0.21,38.67,0.2,30.0,0.22,672.27,0.23,68.9,0.01,0.01,2338.781227,1776189340000
1776189342.771,42.771,0.78,674.27,0.77,73.9,0.8,40.0,0.81,174.0,0.21,44.0,0.2,30.0,0.22,667.27,0.23,68.9,0.02,0.01,2338.781227,1776189340000
1776189343.078,43.078,0.79,603.5,0.78,148.5,0.8,33.43,0.81,174.0,0.2,40.0,0.19,174.0,0.22,674.27,0.23,73.9,0.01,0.02,2338.889856,1776189341000
1776189343.591,43.591,0.79,603.5,0.78,148.5,0.8,33.43,0.81,174.0,0.2,33.43,0.19,174.0,0.21,603.5,0.22,148.5,0.01,0.01,2338.87955,1776189342000
1776189344.095,44.095,0.79,603.0,0.78,113.5,0.8,8.43,0.81,34.5,0.2,33.43,0.19,174.0,0.21,603.5,0.22,148.5,0.01,0.01,2338.87955,1776189342000
1776189344.396,44.396,0.79,603.0,0.78,113.5,0.8,8.43,0.81,34.5,0.2,8.43,0.19,34.5,0.21,603.0,0.22,113.5,0.01,0.01,2338.911155,1776189343000
1776189344.757,44.757,0.79,118.0,0.78,593.5,0.8,16.6,0.81,49.5,0.2,2.85,0.19,44.5,0.21,603.0,0.22,113.5,0.01,0.01,2338.911155,1776189343000
1776189345.651,45.651,0.79,696.5,0.78,144.5,0.8,16.27,0.81,24.0,0.2,16.6,0.19,49.5,0.21,118.0,0.22,593.5,0.01,0.01,2338.911155,1776189343000
1776189345.966,45.966,0.83,35.0,0.82,42.5,0.84,36.31,0.85,101.74,0.16,50.0,0.15,54.24,0.2,580.0,0.21,135.5,0.01,0.04,2338.911155,1776189343000
1776189346.329,46.329,0.83,57.17,0.82,37.0,0.84,51.31,0.85,121.74,0.16,36.31,0.15,101.74,0.17,35.0,0.18,42.5,0.01,0.01,2338.911155,1776189343000
1776189346.55,46.55,0.83,75.17,0.82,37.0,0.84,27.31,0.85,84.74,0.16,51.31,0.15,121.74,0.17,57.17,0.18,37.0,0.01,0.01,2338.97044,1776189345000
1776189347.011,47.011,0.83,75.17,0.82,37.0,0.84,27.31,0.85,84.74,0.16,27.31,0.15,84.74,0.17,75.17,0.18,37.0,0.01,0.01,2338.924595,1776189346000
1776189347.317,47.317,0.83,135.17,0.82,602.5,0.84,22.81,0.85,94.74,0.16,27.31,0.15,84.74,0.17,75.17,0.18,37.0,0.01,0.01,2338.924595,1776189346000
1776189348.171,48.171,0.83,143.17,0.82,602.5,0.84,46.4,0.85,84.74,0.16,3.61,0.15,94.74,0.17,615.17,0.18,122.5,0.01,0.01,2338.924595,1776189346000
1776189348.457,48.457,0.83,148.17,0.82,602.5,0.84,12.19,0.85,84.74,0.16,29.4,0.15,84.74,0.17,143.17,0.18,602.5,0.01,0.01,2339.33445,1776189347000
1776189348.968,48.968,0.83,148.17,0.82,602.5,0.84,11.23,0.85,84.74,0.16,11.23,0.15,84.74,0.17,148.17,0.18,602.5,0.01,0.01,2339.33425,1776189348000
1776189349.747,49.747,0.83,105.17,0.82,107.0,0.84,72.54,0.85,124.74,0.16,11.23,0.15,84.74,0.17,148.17,0.18,602.5,0.01,0.01,2339.33425,1776189348000
1776189350.11,50.11,0.83,100.17,0.82,92.0,0.84,541.58,0.85,124.74,0.16,67.54,0.15,124.74,0.17,105.17,0.18,107.0,0.01,0.01,2339.33425,1776189348000
1776189350.616,50.616,0.83,77.17,0.82,82.0,0.84,628.85,0.85,124.74,0.16,541.58,0.15,124.74,0.17,100.17,0.18,92.0,0.01,0.01,2339.35291,1776189349000
1776189350.985,50.985,0.81,60.0,0.8,69.0,0.84,602.85,0.85,184.74,0.16,628.85,0.15,124.74,0.17,77.17,0.18,82.0,0.03,0.01,2339.35291,1776189349000
1776189351.276,51.276,0.81,30.52,0.8,69.0,0.82,37.37,0.83,32.5,0.18,37.5,0.17,32.5,0.19,30.52,0.2,69.0,0.01,0.01,2339.35291,1776189349000
1776189351.491,51.491,0.81,35.52,0.8,69.0,0.82,81.03,0.83,82.5,0.18,81.03,0.17,82.5,0.19,35.52,0.2,69.0,0.01,0.01,2339.304812,1776189350000
1776189351.723,51.723,0.81,15.0,0.8,89.0,0.82,94.38,0.83,82.5,0.18,52.04,0.17,82.5,0.19,35.52,0.2,74.0,0.01,0.01,2339.304812,1776189350000
1776189352.101,52.101,0.81,15.0,0.8,89.0,0.82,94.38,0.83,82.5,0.18,94.38,0.17,82.5,0.19,15.0,0.2,89.0,0.01,0.01,2339.272066,1776189351000
1776189352.633,52.633,0.81,65.0,0.8,89.0,0.82,57.05,0.83,562.5,0.18,94.38,0.17,82.5,0.19,15.0,0.2,89.0,0.01,0.01,2339.272066,1776189351000
1776189352.922,52.922,0.81,1091.85,0.8,238.22,0.82,53.39,0.83,562.5,0.18,57.05,0.17,562.5,0.19,65.0,0.2,89.0,0.01,0.01,2339.272066,1776189351000
1776189353.439,53.439,0.81,75.0,0.8,79.0,0.82,532.17,0.83,82.5,0.18,532.17,0.17,82.5,0.19,75.0,0.2,79.0,0.01,0.01,2339.083707,1776189352000
1776189354.157,54.157,0.8,299.16,0.79,83.0,0.81,522.0,0.82,42.17,0.19,522.0,0.18,42.17,0.2,299.16,0.21,83.0,0.01,0.01,2339.020183,1776189353000
1776189355.358,55.358,0.79,15.13,0.78,28.0,0.8,560.0,0.81,105.5,0.2,560.0,0.19,105.5,0.21,15.13,0.22,28.0,0.01,0.01,2338.999608,1776189354000
1776189355.945,55.945,0.79,15.0,0.77,60.0,0.8,565.5,0.81,98.9,0.2,560.0,0.19,105.5,0.21,15.13,0.22,28.0,0.01,0.01,2338.999608,1776189354000
1776189356.174,56.174,0.77,60.0,0.76,101.5,0.8,565.5,0.81,98.9,0.2,565.5,0.19,98.9,0.23,60.0,0.24,101.5,0.03,0.03,2338.78835,1776189355000
1776189357.401,57.401,0.77,10.0,0.76,91.0,0.78,11.0,0.79,555.5,0.22,11.0,0.21,555.5,0.23,10.0,0.24,91.0,0.01,0.01,2338.6969,1776189356000
1776189358.497,58.497,0.77,10.0,0.76,91.0,0.78,11.0,0.79,555.5,0.22,11.0,0.21,555.5,0.23,10.0,0.24,91.0,0.01,0.01,2338.53815,1776189357000
1776189359.127,59.127,0.75,1.8,0.74,102.99,0.76,37.0,0.77,592.0,0.24,37.0,0.23,592.0,0.25,1.8,0.26,102.99,0.01,0.01,2338.513509,1776189358000
1776189360.313,60.313,0.75,1.8,0.74,102.99,0.76,37.0,0.77,592.0,0.24,37.0,0.23,592.0,0.25,1.8,0.26,102.99,0.01,0.01,2338.486975,1776189359000
1776189361.054,61.054,0.74,30.0,0.73,95.0,0.75,66.46,0.76,75.5,0.25,66.46,0.24,75.5,0.26,30.0,0.27,95.0,0.01,0.01,2338.353372,1776189360000
1776189361.429,61.429,0.73,90.0,0.72,90.0,0.74,92.9,0.75,65.33,0.25,66.46,0.24,75.5,0.26,30.0,0.27,95.0,0.01,0.01,2338.353372,1776189360000
1776189361.753,61.753,0.73,30.0,0.72,100.0,0.74,12.34,0.75,50.0,0.26,77.9,0.25,65.33,0.27,90.0,0.28,90.0,0.01,0.01,2338.353372,1776189360000
1776189361.961,61.961,0.73,64.0,0.72,100.0,0.75,50.0,0.76,50.0,0.25,50.0,0.24,50.0,0.26,2.0,0.27,129.0,0.02,0.01,2338.353372,1776189360000
1776189362.504,62.504,0.74,15.0,0.73,19.0,0.75,57.0,0.76,60.0,0.25,50.0,0.24,50.0,0.27,64.0,0.28,100.0,0.01,0.02,2338.353372,1776189360000
1776189362.752,62.752,0.73,10.29,0.72,105.0,0.75,62.0,0.76,88.83,0.25,57.0,0.24,60.0,0.26,15.0,0.27,19.0,0.02,0.01,2338.353372,1776189360000
1776189363.047,63.047,0.74,29.0,0.73,11.58,0.75,64.32,0.76,88.83,0.25,65.66,0.24,88.83,0.27,6.58,0.28,110.0,0.01,0.02,2338.128904,1776189361000
1776189363.405,63.405,0.74,29.0,0.73,11.58,0.75,64.32,0.76,88.83,0.25,64.32,0.24,88.83,0.26,29.0,0.27,11.58,0.01,0.01,2338.122054,1776189362000
1776189364.026,64.026,0.74,29.0,0.73,11.58,0.75,64.32,0.76,88.83,0.25,64.32,0.24,88.83,0.26,29.0,0.27,11.58,0.01,0.01,2338.164545,1776189363000
1776189364.662,64.662,0.74,118.0,0.73,40.58,0.75,66.32,0.76,70.0,0.25,57.82,0.24,70.83,0.26,143.0,0.27,40.58,0.01,0.01,2338.164545,1776189363000
1776189365.097,65.097,0.74,118.0,0.73,40.58,0.75,61.32,0.76,70.0,0.25,66.32,0.24,70.0,0.26,118.0,0.27,40.58,0.01,0.01,2338.164545,1776189363000
1776189365.404,65.404,0.74,103.0,0.73,40.58,0.75,61.32,0.76,70.0,0.25,61.32,0.24,70.0,0.26,118.0,0.27,40.58,0.01,0.01,2338.182058,1776189364000
1776189365.805,65.805,0.74,7.0,0.73,29.0,0.75,94.71,0.76,86.66,0.25,58.21,0.24,70.0,0.26,103.0,0.27,40.58,0.01,0.01,2338.182058,1776189364000
1776189366.291,66.291,0.73,24.0,0.72,100.0,0.75,159.04,0.76,116.66,0.25,159.04,0.24,116.66,0.27,24.0,0.28,100.0,0.02,0.02,2338.177595,1776189365000
1776189366.614,66.614,0.73,84.29,0.72,105.0,0.74,66.71,0.75,64.21,0.26,68.36,0.25,64.21,0.27,30.29,0.28,115.5,0.01,0.01,2338.177595,1776189365000
1776189366.87,66.87,0.73,99.29,0.72,165.5,0.74,42.79,0.75,72.37,0.26,47.79,0.25,72.37,0.27,89.29,0.28,165.5,0.01,0.01,2338.177595,1776189365000
1776189367.444,67.444,0.73,99.29,0.72,165.5,0.74,42.79,0.75,72.37,0.26,42.79,0.25,72.37,0.27,99.29,0.28,165.5,0.01,0.01,2338.075094,1776189366000
1776189367.999,67.999,0.73,99.29,0.72,165.5,0.74,42.79,0.75,72.37,0.26,42.79,0.25,72.37,0.27,99.29,0.28,165.5,0.01,0.01,2338.037108,1776189367000
1776189368.207,68.207,0.73,104.29,0.72,165.5,0.74,70.65,0.75,44.21,0.26,67.79,0.25,44.21,0.27,99.29,0.28,165.5,0.01,0.01,2338.037108,1776189367000
1776189368.745,68.745,0.73,25.29,0.72,95.0,0.74,127.15,0.75,59.71,0.26,70.65,0.25,44.21,0.27,104.29,0.28,165.5,0.01,0.01,2338.037108,1776189367000
1776189368.956,68.956,0.72,90.0,0.71,135.5,0.74,155.48,0.75,49.21,0.26,151.65,0.25,59.71,0.27,8.29,0.28,90.0,0.02,0.01,2338.037108,1776189367000
1776189369.284,69.284,0.72,90.0,0.71,135.5,0.74,155.48,0.75,49.21,0.26,155.48,0.25,49.21,0.28,90.0,0.29,135.5,0.02,0.02,2338.012062,1776189368000
1776189369.5,69.5,0.73,115.29,0.72,130.5,0.74,17.0,0.75,8.21,0.26,30.0,0.25,8.21,0.27,115.29,0.28,130.5,0.01,0.01,2338.012062,1776189368000
1776189370.139,70.139,0.73,152.08,0.72,130.5,0.74,1.64,0.76,60.0,0.26,13.0,0.25,25.0,0.27,147.08,0.28,135.5,0.01,0.01,2338.012062,1776189368000
1776189370.381,70.381,0.73,152.08,0.72,130.5,0.74,1.64,0.76,60.0,0.26,1.64,0.24,60.0,0.27,152.08,0.28,130.5,0.01,0.01,2337.963346,1776189369000
1776189370.997,70.997,0.73,132.08,0.72,175.5,0.74,0.28,0.76,10.0,0.26,0.28,0.24,10.0,0.27,132.08,0.28,175.5,0.01,0.01,2338.012846,1776189370000
1776189372.059,72.059,0.73,132.08,0.72,175.5,0.74,0.28,0.76,10.0,0.26,0.28,0.24,10.0,0.27,132.08,0.28,175.5,0.01,0.01,2338.247295,1776189371000
1776189372.265,72.265,0.73,199.48,0.72,201.5,0.74,11.2,0.76,50.0,0.26,12.84,0.24,50.0,0.27,199.48,0.28,201.5,0.01,0.01,2338.247295,1776189371000
1776189373.189,73.189,0.73,199.48,0.72,201.5,0.74,11.2,0.76,50.0,0.26,11.2,0.24,50.0,0.27,199.48,0.28,201.5,0.01,0.01,2338.272508,1776189372000
1776189374.407,74.407,0.73,199.48,0.72,201.5,0.74,11.2,0.76,50.0,0.26,11.2,0.24,50.0,0.27,199.48,0.28,201.5,0.01,0.01,2338.263631,1776189373000
1776189375.006,75.006,0.73,232.07,0.72,191.5,0.74,15.0,0.76,50.0,0.26,15.0,0.24,50.0,0.27,232.07,0.28,191.5,0.01,0.01,2338.241174,1776189374000
1776189376.213,76.213,0.73,232.07,0.72,191.5,0.74,15.0,0.76,50.0,0.26,15.0,0.24,50.0,0.27,232.07,0.28,191.5,0.01,0.01,2338.2211,1776189375000
1776189377.155,77.155,0.73,148.07,0.72,190.5,0.74,8.64,0.76,60.0,0.26,8.64,0.24,60.0,0.27,208.07,0.28,190.5,0.01,0.01,2338.2211,1776189375000
1776189377.874,77.874,0.73,148.07,0.72,190.5,0.74,8.64,0.76,60.0,0.26,8.64,0.24,60.0,0.27,148.07,0.28,190.5,0.01,0.01,2338.21487,1776189376000
1776189378.414,78.414,0.73,148.07,0.72,190.5,0.74,8.64,0.76,60.0,0.26,8.64,0.24,60.0,0.27,148.07,0.28,190.5,0.01,0.01,2338.212272,1776189377000
1776189378.981,78.981,0.73,148.07,0.72,190.5,0.74,8.64,0.76,60.0,0.26,8.64,0.24,60.0,0.27,148.07,0.28,190.5,0.01,0.01,2338.212272,1776189378000
1776189379.897,79.897,0.73,22.4,0.72,95.0,0.74,110.64,0.75,555.5,0.26,8.64,0.24,60.0,0.27,148.07,0.28,190.5,0.01,0.01,2338.212272,1776189378000
1776189381.132,81.132,0.72,95.0,0.71,690.5,0.74,105.64,0.75,555.5,0.26,105.64,0.25,555.5,0.28,95.0,0.29,690.5,0.02,0.02,2338.157911,1776189380000
1776189381.462,81.462,0.73,169.0,0.72,625.5,0.74,71.17,0.75,65.0,0.26,105.64,0.25,555.5,0.28,95.0,0.29,690.5,0.01,0.02,2338.157911,1776189380000
1776189381.862,81.862,0.73,169.0,0.72,620.5,0.74,67.53,0.75,65.0,0.26,71.17,0.25,65.0,0.27,169.0,0.28,625.5,0.01,0.01,2338.157911,1776189380000
1776189382.234,82.234,0.73,169.0,0.72,620.5,0.74,67.53,0.75,65.0,0.26,67.53,0.25,65.0,0.27,169.0,0.28,620.5,0.01,0.01,2338.049594,1776189381000
1776189382.742,82.742,0.73,55.0,0.72,130.5,0.74,86.17,0.75,65.0,0.26,67.53,0.25,65.0,0.27,169.0,0.28,620.5,0.01,0.01,2338.049594,1776189381000
1776189384.547,84.547,0.73,689.5,0.72,125.5,0.74,16.0,0.76,50.0,0.26,86.17,0.25,65.0,0.27,55.0,0.28,130.5,0.01,0.01,2338.049594,1776189381000
1776189385.119,85.119,0.75,199.0,0.74,85.5,0.76,48.68,0.77,75.0,0.24,50.0,0.23,75.0,0.27,694.5,0.28,125.5,0.01,0.03,2338.049594,1776189381000
1776189386.305,86.305,0.75,69.0,0.73,5.0,0.76,44.88,0.77,156.49,0.24,47.36,0.23,75.0,0.25,194.0,0.26,85.5,0.01,0.01,2338.049594,1776189381000
1776189387.757,87.757,0.72,75.0,0.71,225.5,0.73,92.36,0.74,77.0,0.24,49.88,0.23,156.49,0.27,5.0,0.28,590.0,0.01,0.03,2338.049594,1776189381000
1776189388.623,88.623,0.72,116.42,0.71,250.5,0.73,21.07,0.74,72.0,0.27,52.07,0.26,87.0,0.28,85.0,0.29,230.5,0.01,0.01,2338.049594,1776189381000
1776189390.407,90.407,0.72,628.92,0.71,314.5,0.76,20.0,0.77,65.0,0.27,21.07,0.26,72.0,0.28,116.42,0.29,250.5,0.04,0.01,2338.049594,1776189381000
1776189391.641,91.641,0.76,90.0,0.75,93.0,0.77,53.93,0.78,80.5,0.23,55.23,0.22,130.49,0.25,13.0,0.26,23.0,0.01,0.02,2337.960882,1776189389000
1776189392.133,92.133,0.76,90.0,0.75,93.0,0.77,53.93,0.78,80.5,0.23,53.93,0.22,80.5,0.24,90.0,0.25,93.0,0.01,0.01,2337.972746,1776189390000
1776189392.641,92.641,0.76,95.0,0.75,93.0,0.77,62.63,0.78,570.5,0.23,62.63,0.22,570.5,0.24,95.0,0.25,93.0,0.01,0.01,2338.147285,1776189391000
1776189393.823,93.823,0.77,649.0,0.76,150.5,0.78,63.0,0.79,80.0,0.23,62.63,0.22,570.5,0.24,95.0,0.25,93.0,0.01,0.01,2338.147285,1776189391000
1776189394.308,94.308,0.77,654.65,0.76,135.5,0.78,18.0,0.79,70.0,0.22,63.0,0.21,80.0,0.23,649.0,0.24,150.5,0.01,0.01,2338.139725,1776189393000
1776189395.11,95.11,0.77,654.65,0.76,135.5,0.78,18.0,0.79,70.0,0.22,18.0,0.21,70.0,0.23,654.65,0.24,135.5,0.01,0.01,2338.166377,1776189394000
1776189396.222,96.222,0.77,763.15,0.76,157.83,0.78,3.75,0.79,15.0,0.22,3.75,0.21,15.0,0.23,763.15,0.24,157.83,0.01,0.01,2338.218587,1776189395000
1776189397.353,97.353,0.77,763.15,0.76,157.83,0.78,3.75,0.79,15.0,0.22,3.75,0.21,15.0,0.23,763.15,0.24,157.83,0.01,0.01,2338.304376,1776189396000
1776189397.933,97.933,0.77,763.15,0.76,157.83,0.78,3.75,0.79,15.0,0.22,3.75,0.21,15.0,0.23,763.15,0.24,157.83,0.01,0.01,2338.311895,1776189397000
1776189399.1,99.1,0.77,763.15,0.76,157.83,0.78,3.75,0.79,15.0,0.22,3.75,0.21,15.0,0.23,763.15,0.24,157.83,0.01,0.01,2338.323793,1776189398000
1776189400.262,100.262,0.77,763.15,0.76,157.83,0.78,3.75,0.79,15.0,0.22,3.75,0.21,15.0,0.23,763.15,0.24,157.83,0.01,0.01,2338.336751,1776189399000
1776189400.611,100.611,0.77,803.15,0.76,186.5,0.81,3.87,0.82,10.0,0.22,3.75,0.21,15.0,0.23,763.15,0.24,157.83,0.04,0.01,2338.336751,1776189399000
1776189401.339,101.339,0.79,25.0,0.78,15.0,0.82,8.75,0.83,25.88,0.18,8.75,0.17,25.88,0.21,25.0,0.22,15.0,0.03,0.03,2338.352539,1776189400000
1776189401.654,101.654,0.81,1228.0,0.8,220.98,0.82,22.25,0.83,114.88,0.18,8.75,0.17,25.88,0.21,25.0,0.22,15.0,0.01,0.03,2338.352539,1776189400000
1776189401.925,101.925,0.81,1228.0,0.8,220.98,0.82,22.25,0.83,114.88,0.18,22.25,0.17,114.88,0.19,1228.0,0.2,220.98,0.01,0.01,2338.376557,1776189401000
1776189403.013,103.013,0.81,1228.0,0.8,220.98,0.82,22.25,0.83,114.88,0.18,22.25,0.17,114.88,0.19,1228.0,0.2,220.98,0.01,0.01,2338.567161,1776189402000
1776189403.545,103.545,0.82,651.0,0.81,145.5,0.83,10.88,0.84,65.0,0.18,22.25,0.17,114.88,0.19,1228.0,0.2,220.98,0.01,0.01,2338.567161,1776189402000
1776189404.333,104.333,0.82,651.0,0.81,145.5,0.83,10.88,0.84,65.0,0.17,10.88,0.16,65.0,0.18,651.0,0.19,145.5,0.01,0.01,2338.5817,1776189403000
1776189404.58,104.58,0.82,758.0,0.81,115.5,0.83,17.38,0.84,65.0,0.17,10.88,0.16,65.0,0.18,651.0,0.19,145.5,0.01,0.01,2338.5817,1776189403000
1776189405.366,105.366,0.82,758.0,0.81,115.5,0.83,17.38,0.84,65.0,0.17,17.38,0.16,65.0,0.18,758.0,0.19,115.5,0.01,0.01,2338.614708,1776189404000
1776189405.962,105.962,0.82,758.0,0.81,115.5,0.83,17.38,0.84,65.0,0.17,17.38,0.16,65.0,0.18,758.0,0.19,115.5,0.01,0.01,2338.672715,1776189405000
1776189406.913,106.913,0.82,2.0,0.8,5.0,0.83,687.43,0.84,101.66,0.17,17.38,0.16,65.0,0.18,758.0,0.19,115.5,0.01,0.01,2338.672715,1776189405000
1776189407.478,107.478,0.79,50.0,0.78,107.5,0.8,36.92,0.81,40.0,0.2,36.92,0.19,40.0,0.21,50.0,0.22,107.5,0.01,0.01,2338.639415,1776189406000
1776189407.732,107.732,0.79,45.0,0.78,592.5,0.8,76.67,0.81,85.0,0.2,36.92,0.19,40.0,0.21,50.0,0.22,107.5,0.01,0.01,2338.639415,1776189406000
1776189408.08,108.08,0.79,45.0,0.78,592.5,0.8,76.67,0.81,85.0,0.2,76.67,0.19,85.0,0.21,45.0,0.22,592.5,0.01,0.01,2338.6058,1776189407000
1776189409.045,109.045,0.79,45.0,0.78,592.5,0.8,76.67,0.81,85.0,0.2,76.67,0.19,85.0,0.21,45.0,0.22,592.5,0.01,0.01,2338.49839,1776189408000
1776189409.432,109.432,0.78,79.89,0.77,117.83,0.8,173.67,0.81,85.0,0.2,78.67,0.19,85.0,0.21,85.5,0.22,592.5,0.02,0.01,2338.49839,1776189408000
1776189410.156,110.156,0.78,79.89,0.77,117.83,0.8,173.67,0.81,85.0,0.2,173.67,0.19,85.0,0.22,79.89,0.23,117.83,0.02,0.02,2338.419247,1776189409000
1776189410.809,110.809,0.78,652.39,0.77,97.5,0.79,21.0,0.8,38.67,0.2,173.67,0.19,85.0,0.22,79.89,0.23,117.83,0.01,0.02,2338.419247,1776189409000
1776189411.231,111.231,0.78,652.39,0.77,97.5,0.79,21.0,0.8,38.67,0.21,21.0,0.2,38.67,0.22,652.39,0.23,97.5,0.01,0.01,2338.418923,1776189410000
1776189411.774,111.774,0.78,120.39,0.77,122.83,0.79,54.73,0.8,88.67,0.21,21.0,0.2,38.67,0.22,652.39,0.23,97.5,0.01,0.01,2338.418923,1776189410000
1776189412.229,112.229,0.78,120.39,0.77,122.83,0.79,54.73,0.8,88.67,0.21,54.73,0.2,88.67,0.22,120.39,0.23,122.83,0.01,0.01,2338.407615,1776189411000
1776189412.639,112.639,0.78,645.72,0.77,97.5,0.8,20.92,0.81,39.0,0.21,54.73,0.2,88.67,0.22,120.39,0.23,122.83,0.02,0.01,2338.407615,1776189411000
1776189413.346,113.346,0.78,645.72,0.77,97.5,0.8,20.92,0.81,39.0,0.2,20.92,0.19,39.0,0.22,645.72,0.23,97.5,0.02,0.02,2338.383866,1776189412000
1776189414.231,114.231,0.79,575.0,0.78,146.72,0.8,3.73,0.81,89.0,0.2,20.92,0.19,39.0,0.22,645.72,0.23,97.5,0.01,0.02,2338.383866,1776189412000
1776189414.943,114.943,0.79,575.0,0.78,146.72,0.8,3.73,0.81,89.0,0.2,3.73,0.19,89.0,0.21,575.0,0.22,146.72,0.01,0.01,2338.412514,1776189414000
1776189416.214,116.214,0.79,575.0,0.78,146.72,0.8,3.73,0.81,89.0,0.2,3.73,0.19,89.0,0.21,575.0,0.22,146.72,0.01,0.01,2338.405546,1776189415000
1776189416.593,116.593,0.79,120.0,0.78,626.72,0.8,5.0,0.81,89.0,0.2,3.73,0.19,89.0,0.21,575.0,0.22,146.72,0.01,0.01,2338.405546,1776189415000
1776189417.113,117.113,0.79,120.0,0.78,626.72,0.8,5.0,0.81,89.0,0.2,5.0,0.19,89.0,0.21,120.0,0.22,626.72,0.01,0.01,2338.395341,1776189416000
1776189417.627,117.627,0.79,30.0,0.78,85.89,0.8,7.5,0.81,635.49,0.2,5.0,0.19,89.0,0.21,120.0,0.22,626.72,0.01,0.01,2338.395341,1776189416000
1776189418.189,118.189,0.79,30.0,0.78,85.89,0.8,7.5,0.81,635.49,0.2,7.5,0.19,635.49,0.21,30.0,0.22,85.89,0.01,0.01,2338.382253,1776189417000
1776189418.562,118.562,0.79,85.0,0.78,100.89,0.8,19.0,0.81,635.49,0.2,7.5,0.19,635.49,0.21,30.0,0.22,85.89,0.01,0.01,2338.382253,1776189417000
1776189419.272,119.272,0.79,85.0,0.78,100.89,0.8,19.0,0.81,635.49,0.2,19.0,0.19,635.49,0.21,85.0,0.22,100.89,0.01,0.01,2338.329884,1776189418000
1776189420.239,120.239,0.79,85.0,0.78,111.39,0.8,75.25,0.81,99.5,0.2,19.0,0.19,635.49,0.21,85.0,0.22,100.89,0.01,0.01,2338.329884,1776189418000
1776189420.695,120.695,0.79,90.0,0.78,136.72,0.8,67.17,0.81,99.5,0.2,75.25,0.19,99.5,0.21,85.0,0.22,111.39,0.01,0.01,2338.286867,1776189419000
1776189421.392,121.392,0.79,105.0,0.78,105.39,0.8,29.0,0.81,579.5,0.2,67.17,0.19,99.5,0.21,90.0,0.22,136.72,0.01,0.01,2338.286867,1776189419000
1776189421.827,121.827,0.79,105.0,0.78,105.39,0.8,24.0,0.81,579.5,0.2,24.0,0.19,579.5,0.21,105.0,0.22,105.39,0.01,0.01,2338.23769,1776189420000
1776189422.448,122.448,0.79,105.0,0.78,105.39,0.8,24.0,0.81,579.5,0.2,24.0,0.19,579.5,0.21,105.0,0.22,105.39,0.01,0.01,2338.219115,1776189421000
1776189422.702,122.702,0.78,69.89,0.77,75.0,0.8,79.5,0.81,119.66,0.2,84.5,0.19,644.33,0.21,30.0,0.22,69.89,0.02,0.01,2338.219115,1776189421000
1776189422.959,122.959,0.78,54.97,0.77,85.0,0.79,58.73,0.8,79.5,0.21,53.73,0.2,79.5,0.22,69.97,0.23,80.0,0.01,0.01,2338.219115,1776189421000
1776189423.72,123.72,0.78,6.0,0.77,80.0,0.79,512.73,0.8,89.5,0.21,58.73,0.2,79.5,0.22,54.97,0.23,85.0,0.01,0.01,2338.219115,1776189422000
1776189424.365,124.365,0.78,6.45,0.77,85.0,0.79,537.73,0.8,89.5,0.21,512.73,0.2,89.5,0.22,6.0,0.23,80.0,0.01,0.01,2338.219115,1776189422000
1776189424.686,124.686,0.78,6.45,0.77,85.0,0.79,540.73,0.8,89.5,0.21,540.73,0.2,89.5,0.22,6.45,0.23,85.0,0.01,0.01,2338.155041,1776189423000
1776189425.328,125.328,0.78,6.45,0.77,85.0,0.79,540.73,0.8,89.5,0.21,540.73,0.2,89.5,0.22,6.45,0.23,85.0,0.01,0.01,2338.016153,1776189424000
1776189425.865,125.865,0.78,86.45,0.77,95.5,0.79,50.81,0.8,69.0,0.21,540.73,0.2,89.5,0.22,6.45,0.23,85.0,0.01,0.01,2338.016153,1776189424000
1776189427.404,127.404,0.78,86.45,0.77,95.5,0.79,50.81,0.8,69.0,0.21,50.81,0.2,69.0,0.22,86.45,0.23,95.5,0.01,0.01,2338.100575,1776189426000
1776189428.043,128.043,0.78,86.45,0.77,95.5,0.79,50.81,0.8,69.0,0.21,50.81,0.2,69.0,0.22,86.45,0.23,95.5,0.01,0.01,2338.076061,1776189427000
1776189429.22,129.22,0.78,256.7,0.77,679.9,0.79,31.0,0.8,549.0,0.21,29.79,0.2,539.0,0.22,256.7,0.23,672.9,0.01,0.01,2338.076061,1776189427000
1776189429.781,129.781,0.78,256.7,0.77,679.9,0.79,31.0,0.8,549.0,0.21,31.0,0.2,549.0,0.22,256.7,0.23,679.9,0.01,0.01,2338.04732,1776189428000
1776189430.343,130.343,0.78,256.7,0.77,679.9,0.79,31.0,0.8,549.0,0.21,31.0,0.2,549.0,0.22,256.7,0.23,679.9,0.01,0.01,2338.047097,1776189429000
1776189430.846,130.846,0.78,850.2,0.77,215.9,0.79,14.0,0.81,15.0,0.21,656.5,0.2,135.49,0.22,167.7,0.23,112.4,0.01,0.01,2338.047097,1776189429000
1776189431.184,131.184,0.8,104.0,0.79,121.83,0.81,10.59,0.82,80.5,0.19,15.0,0.18,111.0,0.2,5.0,0.21,25.5,0.01,0.01,2338.063823,1776189430000
1776189431.446,131.446,0.8,104.0,0.79,121.83,0.81,9.35,0.82,80.5,0.19,10.59,0.18,80.5,0.2,104.0,0.21,121.83,0.01,0.01,2338.063823,1776189430000
1776189432.46,132.46,0.8,153.0,0.79,115.83,0.81,3.75,0.82,80.0,0.19,9.35,0.18,80.5,0.2,104.0,0.21,121.83,0.01,0.01,2338.063823,1776189430000
1776189433.222,133.222,0.8,153.0,0.79,115.83,0.81,3.75,0.82,80.0,0.19,3.75,0.18,80.0,0.2,153.0,0.21,115.83,0.01,0.01,2338.156433,1776189432000
1776189433.919,133.919,0.81,153.0,0.8,124.0,0.82,82.53,0.83,630.49,0.19,3.75,0.18,80.0,0.2,153.0,0.21,115.83,0.01,0.01,2338.156433,1776189432000
1776189434.709,134.709,0.81,153.0,0.8,124.0,0.82,82.53,0.83,630.49,0.18,82.53,0.17,630.49,0.19,153.0,0.2,124.0,0.01,0.01,2338.228714,1776189433000
1776189435.431,135.431,0.81,153.0,0.8,124.0,0.82,82.53,0.83,630.49,0.18,82.53,0.17,630.49,0.19,153.0,0.2,124.0,0.01,0.01,2338.228898,1776189434000
1776189436.252,136.252,0.81,153.0,0.8,124.0,0.82,82.53,0.83,630.49,0.18,82.53,0.17,630.49,0.19,153.0,0.2,124.0,0.01,0.01,2338.23702,1776189435000
1776189438.172,138.172,0.81,168.0,0.8,124.5,0.82,12.53,0.83,575.5,0.18,12.53,0.17,575.5,0.19,168.0,0.2,124.5,0.01,0.01,2338.191412,1776189436000
1776189438.616,138.616,0.81,220.47,0.8,114.0,0.82,490.61,0.83,114.66,0.18,12.53,0.17,575.5,0.19,168.0,0.2,124.5,0.01,0.01,2338.191412,1776189436000
1776189438.859,138.859,0.81,137.0,0.8,80.0,0.82,544.39,0.83,159.49,0.18,490.61,0.17,114.66,0.19,220.47,0.2,114.0,0.01,0.01,2338.191412,1776189436000
1776189439.612,139.612,0.81,137.0,0.8,80.0,0.82,544.39,0.83,159.49,0.18,544.39,0.17,159.49,0.19,137.0,0.2,80.0,0.01,0.01,2338.21396,1776189438000
1776189440.765,140.765,0.81,137.0,0.8,80.0,0.82,544.39,0.83,159.49,0.18,544.39,0.17,159.49,0.19,137.0,0.2,80.0,0.01,0.01,2338.222897,1776189439000
1776189441.291,141.291,0.81,115.0,0.8,96.5,0.82,59.39,0.83,140.33,0.18,59.39,0.17,140.33,0.19,115.0,0.2,96.5,0.01,0.01,2338.178747,1776189440000
1776189442.553,142.553,0.81,115.0,0.8,96.5,0.82,59.39,0.83,140.33,0.18,59.39,0.17,140.33,0.19,115.0,0.2,96.5,0.01,0.01,2338.136726,1776189441000
1776189442.98,142.98,0.81,115.0,0.8,96.5,0.82,59.39,0.83,140.33,0.18,59.39,0.17,140.33,0.19,115.0,0.2,96.5,0.01,0.01,2338.137173,1776189442000
1776189444.001,144.001,0.81,115.0,0.8,96.5,0.82,59.39,0.83,140.33,0.18,59.39,0.17,140.33,0.19,115.0,0.2,96.5,0.01,0.01,2338.137468,1776189443000
1776189444.776,144.776,0.82,24.0,0.81,5.0,0.83,648.43,0.84,110.5,0.18,59.39,0.17,140.33,0.19,115.0,0.2,96.5,0.01,0.01,2338.137468,1776189443000
1776189445.165,145.165,0.82,24.0,0.81,5.0,0.83,648.43,0.84,110.5,0.17,648.43,0.16,110.5,0.18,24.0,0.19,5.0,0.01,0.01,2338.138605,1776189444000
1776189446.322,146.322,0.82,24.0,0.81,5.0,0.83,648.43,0.84,110.5,0.17,648.43,0.16,110.5,0.18,24.0,0.19,5.0,0.01,0.01,2338.139194,1776189445000
1776189447.365,147.365,0.82,24.0,0.81,5.0,0.83,648.43,0.84,110.5,0.17,648.43,0.16,110.5,0.18,24.0,0.19,5.0,0.01,0.01,2338.137594,1776189446000
1776189447.753,147.753,0.8,25.33,0.79,5.0,0.83,742.43,0.84,110.5,0.17,648.43,0.16,110.5,0.18,24.0,0.19,5.0,0.03,0.01,2338.137594,1776189446000
1776189448.933,148.933,0.8,25.33,0.79,5.0,0.83,742.43,0.84,110.5,0.17,742.43,0.16,110.5,0.2,25.33,0.21,5.0,0.03,0.03,2338.12136,1776189448000
1776189449.749,149.749,0.78,62.7,0.77,182.9,0.79,645.99,0.8,125.99,0.17,742.43,0.16,110.5,0.2,25.33,0.21,5.0,0.01,0.03,2338.12136,1776189448000
1776189451.041,151.041,0.78,62.7,0.77,182.9,0.79,645.99,0.8,125.99,0.21,645.99,0.2,125.99,0.22,62.7,0.23,182.9,0.01,0.01,2337.834958,1776189450000
1776189452.178,152.178,0.78,193.91,0.77,226.23,0.79,572.73,0.8,170.82,0.21,572.73,0.2,170.82,0.22,193.91,0.23,226.23,0.01,0.01,2337.844906,1776189451000
1776189453.229,153.229,0.78,193.91,0.77,226.23,0.79,572.73,0.8,170.82,0.21,572.73,0.2,170.82,0.22,193.91,0.23,226.23,0.01,0.01,2337.844906,1776189452000
1776189454.721,154.721,0.78,193.91,0.77,226.23,0.79,572.73,0.8,170.82,0.21,572.73,0.2,170.82,0.22,193.91,0.23,226.23,0.01,0.01,2337.89445,1776189453000
1776189455.239,155.239,0.78,193.91,0.77,226.23,0.79,572.73,0.8,170.82,0.21,572.73,0.2,170.82,0.22,193.91,0.23,226.23,0.01,0.01,2337.887159,1776189454000
1776189456.516,156.516,0.78,193.91,0.77,226.23,0.79,572.73,0.8,170.82,0.21,572.73,0.2,170.82,0.22,193.91,0.23,226.23,0.01,0.01,2337.879453,1776189455000
1776189457.065,157.065,0.78,193.91,0.77,226.23,0.79,572.73,0.8,170.82,0.21,572.73,0.2,170.82,0.22,193.91,0.23,226.23,0.01,0.01,2337.879159,1776189456000
1776189457.814,157.814,0.78,100.2,0.77,187.9,0.79,552.73,0.8,85.0,0.21,572.73,0.2,170.82,0.22,193.91,0.23,226.23,0.01,0.01,2337.879159,1776189456000
1776189458.121,158.121,0.78,100.2,0.77,187.9,0.79,552.73,0.8,85.0,0.21,552.73,0.2,85.0,0.22,100.2,0.23,187.9,0.01,0.01,2337.877316,1776189457000
1776189459.664,159.664,0.78,100.2,0.77,187.9,0.79,552.73,0.8,85.0,0.21,552.73,0.2,85.0,0.22,100.2,0.23,187.9,0.01,0.01,2337.878088,1776189458000
1776189460.235,160.235,0.78,100.2,0.77,187.9,0.79,552.73,0.8,85.0,0.21,552.73,0.2,85.0,0.22,100.2,0.23,187.9,0.01,0.01,2337.876539,1776189459000
1776189461.123,161.123,0.78,645.5,0.77,111.5,0.79,19.87,0.8,10.0,0.21,552.73,0.2,85.0,0.22,100.2,0.23,187.9,0.01,0.01,2337.876539,1776189459000
1776189461.336,161.336,0.78,680.5,0.77,96.5,0.81,11.75,0.83,15.0,0.2,10.0,0.19,16.0,0.22,680.5,0.23,96.5,0.03,0.02,2337.876539,1776189459000
1776189461.946,161.946,0.78,680.5,0.77,96.5,0.81,11.75,0.83,15.0,0.19,11.75,0.17,15.0,0.22,680.5,0.23,96.5,0.03,0.03,2337.867554,1776189461000
1776189462.827,162.827,0.8,20.95,0.79,6.0,0.81,87.25,0.82,35.5,0.19,11.75,0.17,15.0,0.22,680.5,0.23,96.5,0.01,0.03,2337.867554,1776189461000
1776189463.04,163.04,0.79,6.0,0.78,10.0,0.81,87.25,0.82,35.5,0.19,87.25,0.18,35.5,0.21,6.0,0.22,10.0,0.02,0.02,2337.930525,1776189462000
1776189464.118,164.118,0.79,6.0,0.78,10.0,0.81,87.25,0.82,35.5,0.19,87.25,0.18,35.5,0.21,6.0,0.22,10.0,0.02,0.02,2337.966,1776189463000
1776189465.391,165.391,0.79,6.0,0.78,10.0,0.81,87.25,0.82,35.5,0.19,87.25,0.18,35.5,0.21,6.0,0.22,10.0,0.02,0.02,2337.896279,1776189464000
1776189465.88,165.88,0.79,6.0,0.78,10.0,0.81,87.25,0.82,35.5,0.19,87.25,0.18,35.5,0.21,6.0,0.22,10.0,0.02,0.02,2337.907283,1776189465000
1776189466.701,166.701,0.8,81.0,0.79,95.5,0.81,96.06,0.82,535.0,0.19,87.25,0.18,35.5,0.21,6.0,0.22,10.0,0.01,0.02,2337.907283,1776189465000
1776189467.088,167.088,0.8,81.0,0.79,95.5,0.81,96.06,0.82,535.0,0.19,96.06,0.18,535.0,0.2,81.0,0.21,95.5,0.01,0.01,2337.837454,1776189466000
1776189468.247,168.247,0.8,81.0,0.79,95.5,0.81,96.06,0.82,535.0,0.19,96.06,0.18,535.0,0.2,81.0,0.21,95.5,0.01,0.01,2337.832473,1776189467000
1776189470.051,170.051,0.8,81.0,0.79,95.5,0.81,96.06,0.82,535.0,0.19,96.06,0.18,535.0,0.2,81.0,0.21,95.5,0.01,0.01,2337.837438,1776189468000
1776189470.771,170.771,0.8,81.0,0.79,95.5,0.81,96.06,0.82,535.0,0.19,96.06,0.18,535.0,0.2,81.0,0.21,95.5,0.01,0.01,2337.882291,1776189469000
1776189471.345,171.345,0.8,81.0,0.79,95.5,0.81,96.06,0.82,535.0,0.19,96.06,0.18,535.0,0.2,81.0,0.21,95.5,0.01,0.01,2337.884156,1776189470000
1776189471.68,171.68,0.8,36.0,0.79,25.5,0.81,52.06,0.82,35.5,0.19,96.06,0.18,535.0,0.2,81.0,0.21,95.5,0.01,0.01,2337.884156,1776189470000
1776189472.02,172.02,0.8,22.0,0.79,25.5,0.81,91.06,0.82,35.5,0.19,91.06,0.18,35.5,0.2,22.0,0.21,25.5,0.01,0.01,2337.885797,1776189471000
1776189473.068,173.068,0.8,16.0,0.79,35.0,0.81,85.98,0.82,85.5,0.19,91.06,0.18,35.5,0.2,22.0,0.21,25.5,0.01,0.01,2337.885797,1776189471000
1776189473.411,173.411,0.8,17.0,0.79,35.0,0.81,95.98,0.82,610.33,0.19,85.98,0.18,85.5,0.2,16.0,0.21,35.0,0.01,0.01,2337.885797,1776189471000
1776189473.643,173.643,0.8,17.0,0.79,35.0,0.81,95.98,0.82,610.33,0.19,95.98,0.18,610.33,0.2,17.0,0.21,35.0,0.01,0.01,2337.758424,1776189472000
1776189474.352,174.352,0.79,25.0,0.78,95.5,0.81,615.98,0.82,80.5,0.19,615.98,0.18,80.5,0.21,25.0,0.22,95.5,0.02,0.02,2337.754586,1776189473000
1776189475.729,175.729,0.79,25.0,0.78,95.5,0.81,615.98,0.82,80.5,0.19,615.98,0.18,80.5,0.21,25.0,0.22,95.5,0.02,0.02,2337.755796,1776189474000
1776189476.6,176.6,0.79,25.0,0.78,95.5,0.81,615.98,0.82,80.5,0.19,615.98,0.18,80.5,0.21,25.0,0.22,95.5,0.02,0.02,2337.689443,1776189475000
1776189476.85,176.85,0.79,161.5,0.78,565.5,0.8,24.0,0.81,48.14,0.19,615.98,0.18,80.5,0.21,25.0,0.22,95.5,0.01,0.02,2337.689443,1776189475000
1776189477.269,177.269,0.79,161.5,0.78,565.5,0.8,24.0,0.81,48.14,0.2,24.0,0.19,48.14,0.21,161.5,0.22,565.5,0.01,0.01,2337.65984,1776189476000
1776189477.856,177.856,0.79,76.5,0.78,565.5,0.8,8.66,0.81,38.14,0.2,24.0,0.19,48.14,0.21,161.5,0.22,565.5,0.01,0.01,2337.65984,1776189476000
1776189478.513,178.513,0.79,231.5,0.78,565.5,0.8,12.66,0.81,10.31,0.2,8.66,0.19,38.14,0.21,76.5,0.22,565.5,0.01,0.01,2337.65984,1776189476000
1776189478.729,178.729,0.79,231.5,0.78,565.5,0.8,12.66,0.81,10.31,0.2,12.66,0.19,10.31,0.21,231.5,0.22,565.5,0.01,0.01,2337.658174,1776189477000
1776189479.416,179.416,0.79,231.5,0.78,565.5,0.8,12.66,0.81,10.31,0.2,12.66,0.19,10.31,0.21,231.5,0.22,565.5,0.01,0.01,2337.705574,1776189478000
1776189480.047,180.047,0.79,71.0,0.78,101.0,0.8,6.66,0.81,40.81,0.2,12.66,0.19,10.31,0.21,231.5,0.22,565.5,0.01,0.01,2337.705574,1776189478000
1776189480.636,180.636,0.79,66.0,0.78,111.5,0.8,16.66,0.81,25.31,0.2,11.66,0.19,40.81,0.21,61.0,0.22,101.0,0.01,0.01,2337.705574,1776189479000
1776189481.326,181.326,0.79,31.23,0.78,126.5,0.8,61.66,0.81,65.31,0.2,16.66,0.19,25.31,0.21,66.0,0.22,111.5,0.01,0.01,2337.705574,1776189479000
1776189481.595,181.595,0.79,31.23,0.78,126.5,0.8,61.66,0.81,65.31,0.2,61.66,0.19,65.31,0.21,31.23,0.22,126.5,0.01,0.01,2337.581838,1776189480000
1776189482.128,182.128,0.79,6.23,0.78,115.0,0.8,71.66,0.81,545.31,0.2,61.66,0.19,65.31,0.21,31.23,0.22,126.5,0.01,0.01,2337.581838,1776189480000
1776189483.284,183.284,0.79,249.23,0.78,115.0,0.8,15.66,0.82,44.83,0.2,71.66,0.19,545.31,0.21,6.23,0.22,115.0,0.01,0.01,2337.581797,1776189481000
1776189483.546,183.546,0.79,249.23,0.78,115.0,0.8,14.41,0.82,44.83,0.2,15.66,0.18,44.83,0.21,249.23,0.22,115.0,0.01,0.01,2337.581797,1776189481000
1776189483.988,183.988,0.79,249.23,0.78,115.0,0.8,4.41,0.82,44.83,0.2,14.41,0.18,44.83,0.21,249.23,0.22,115.0,0.01,0.01,2337.580099,1776189482000
1776189484.267,184.267,0.79,249.23,0.78,115.0,0.8,4.41,0.82,44.83,0.2,4.41,0.18,44.83,0.21,249.23,0.22,115.0,0.01,0.01,2337.647391,1776189483000
1776189485.631,185.631,0.81,35.0,0.79,249.23,0.82,69.23,0.83,10.0,0.18,69.23,0.17,10.0,0.19,35.0,0.21,249.23,0.01,0.01,2337.763626,1776189484000
1776189485.959,185.959,0.8,7.0,0.79,25.0,0.82,99.84,0.83,30.0,0.18,69.23,0.17,10.0,0.19,35.0,0.21,249.23,0.02,0.01,2337.763626,1776189484000
1776189486.298,186.298,0.79,76.0,0.78,180.5,0.82,84.84,0.83,25.0,0.2,9.0,0.19,10.0,0.21,35.0,0.22,170.5,0.03,0.01,2337.763626,1776189484000
1776189487.038,187.038,0.79,76.0,0.78,180.5,0.82,84.84,0.83,25.0,0.18,84.84,0.17,25.0,0.21,76.0,0.22,180.5,0.03,0.03,2337.755905,1776189486000
1776189487.378,187.378,0.81,85.0,0.8,26.0,0.82,50.74,0.83,80.0,0.18,84.84,0.17,25.0,0.21,76.0,0.22,180.5,0.01,0.03,2337.755905,1776189486000
1776189488.271,188.271,0.81,85.0,0.8,26.0,0.82,50.74,0.83,80.0,0.18,50.74,0.17,80.0,0.19,85.0,0.2,26.0,0.01,0.01,2337.623935,1776189487000
1776189489.266,189.266,0.84,15.0,0.83,25.0,0.85,615.38,0.86,151.4,0.18,50.74,0.17,80.0,0.19,85.0,0.2,26.0,0.01,0.01,2337.623935,1776189487000
1776189489.966,189.966,0.84,15.0,0.83,25.0,0.85,597.74,0.86,156.4,0.15,597.74,0.14,156.4,0.16,15.0,0.17,25.0,0.01,0.01,2337.75255,1776189489000
1776189490.316,190.316,0.84,162.0,0.83,61.0,0.85,62.91,0.86,156.4,0.15,112.74,0.14,156.4,0.16,117.0,0.17,51.0,0.01,0.01,2337.75255,1776189489000
1776189490.54,190.54,0.84,167.0,0.83,61.0,0.85,0.35,0.86,636.4,0.15,62.91,0.14,156.4,0.16,162.0,0.17,61.0,0.01,0.01,2337.75255,1776189489000
1776189491.092,191.092,0.85,19.06,0.84,98.0,0.86,624.07,0.87,206.8,0.14,624.07,0.13,206.8,0.15,19.06,0.16,98.0,0.01,0.01,2337.752003,1776189490000
1776189491.395,191.395,0.85,721.56,0.84,123.5,0.86,25.62,0.87,115.0,0.14,624.07,0.13,206.8,0.15,19.06,0.16,98.0,0.01,0.01,2337.752003,1776189490000
1776189492.219,192.219,0.86,37.41,0.85,721.56,0.87,65.0,0.88,55.0,0.13,65.0,0.12,55.0,0.14,37.41,0.15,721.56,0.01,0.01,2337.783289,1776189491000
1776189492.787,192.787,0.88,25.0,0.87,38.5,0.89,0.29,0.9,584.5,0.13,65.0,0.12,55.0,0.14,37.41,0.15,721.56,0.01,0.01,2337.783289,1776189491000
1776189493.36,193.36,0.88,25.0,0.87,38.5,0.89,0.29,0.9,584.5,0.11,0.29,0.1,584.5,0.12,25.0,0.13,38.5,0.01,0.01,2337.879238,1776189492000
1776189493.562,193.562,0.88,20.0,0.87,55.5,0.89,0.29,0.9,514.0,0.11,0.29,0.1,584.5,0.12,25.0,0.13,38.5,0.01,0.01,2337.879238,1776189492000
1776189493.841,193.841,0.88,30.0,0.87,85.5,0.9,467.16,0.91,159.0,0.11,0.29,0.1,514.0,0.12,20.0,0.13,55.5,0.02,0.01,2337.879238,1776189492000
1776189494.563,194.563,0.88,35.0,0.87,103.0,0.89,24.18,0.9,517.16,0.1,467.16,0.09,159.0,0.12,30.0,0.13,85.5,0.01,0.02,2338.062263,1776189493000
1776189494.876,194.876,0.88,45.0,0.87,103.0,0.89,17.43,0.9,567.16,0.11,18.56,0.1,567.16,0.12,35.0,0.13,103.0,0.01,0.01,2338.062263,1776189493000
1776189495.677,195.677,0.86,18.0,0.85,24.06,0.87,12.0,0.89,566.5,0.11,17.43,0.1,567.16,0.12,45.0,0.13,93.0,0.01,0.01,2338.09245,1776189494000
1776189496.094,196.094,0.86,18.0,0.85,24.06,0.87,12.0,0.89,566.5,0.13,12.0,0.11,566.5,0.14,18.0,0.15,24.06,0.01,0.01,2338.1171,1776189495000
1776189497.317,197.317,0.84,64.58,0.83,120.83,0.87,118.83,0.88,20.0,0.13,118.83,0.12,20.0,0.16,64.58,0.17,120.83,0.03,0.03,2337.946576,1776189496000
1776189498.504,198.504,0.86,46.62,0.85,25.5,0.87,22.0,0.88,545.0,0.13,22.0,0.12,545.0,0.14,46.62,0.15,25.5,0.01,0.01,2337.955265,1776189497000
1776189498.889,198.889,0.86,46.62,0.85,25.5,0.87,22.0,0.88,545.0,0.13,22.0,0.12,545.0,0.14,46.62,0.15,25.5,0.01,0.01,2337.955265,1776189498000
1776189500.044,200.044,0.86,46.62,0.85,25.5,0.87,22.0,0.88,545.0,0.13,22.0,0.12,545.0,0.14,46.62,0.15,25.5,0.01,0.01,2337.975164,1776189499000
1776189500.947,200.947,0.86,37.0,0.85,45.5,0.87,607.06,0.88,119.5,0.13,22.0,0.12,545.0,0.14,46.62,0.15,25.5,0.01,0.01,2337.975164,1776189499000
1776189502.288,202.288,0.86,57.5,0.85,525.5,0.87,72.06,0.88,99.0,0.13,607.06,0.12,119.5,0.14,37.0,0.15,45.5,0.01,0.01,2337.916262,1776189500000
1776189502.899,202.899,0.86,87.5,0.85,600.83,0.87,17.59,0.88,39.0,0.13,17.59,0.12,39.0,0.14,87.5,0.15,600.83,0.01,0.01,2337.85823,1776189501000
1776189503.62,203.62,0.86,703.5,0.85,120.83,0.87,13.91,0.88,39.0,0.13,13.91,0.12,39.0,0.14,703.5,0.15,120.83,0.01,0.01,2337.84245,1776189502000
1776189504.296,204.296,0.86,703.5,0.85,120.83,0.87,13.91,0.88,39.0,0.13,13.91,0.12,39.0,0.14,703.5,0.15,120.83,0.01,0.01,2337.967118,1776189503000
1776189504.503,204.503,0.87,125.5,0.86,646.5,0.88,77.28,0.89,102.0,0.13,13.91,0.12,39.0,0.14,703.5,0.15,120.83,0.01,0.01,2337.967118,1776189503000
1776189504.769,204.769,0.87,92.89,0.86,646.5,0.88,77.28,0.89,97.0,0.12,77.28,0.11,102.0,0.13,125.5,0.14,646.5,0.01,0.01,2337.967118,1776189503000
1776189505.031,205.031,0.87,92.89,0.86,641.5,0.88,81.09,0.89,97.0,0.12,77.28,0.11,97.0,0.13,92.89,0.14,646.5,0.01,0.01,2337.967118,1776189503000
1776189505.588,205.588,0.87,92.89,0.86,641.5,0.88,81.09,0.89,97.0,0.12,81.09,0.11,97.0,0.13,92.89,0.14,641.5,0.01,0.01,2338.005489,1776189504000
1776189506.231,206.231,0.9,640.5,0.89,74.5,0.91,4.91,0.92,110.0,0.09,63.62,0.08,135.0,0.11,40.0,0.12,20.0,0.01,0.02,2338.005489,1776189504000
1776189506.589,206.589,0.91,10.42,0.9,116.5,0.92,85.0,0.93,239.83,0.09,4.91,0.08,110.0,0.1,640.5,0.11,74.5,0.01,0.01,2338.020893,1776189505000
1776189507.115,207.115,0.9,127.5,0.89,626.92,0.91,20.9,0.92,51.98,0.09,15.0,0.08,7.15,0.1,137.92,0.11,616.5,0.01,0.01,2338.020893,1776189505000
1776189507.668,207.668,0.9,119.5,0.89,640.92,0.92,49.04,0.93,165.0,0.08,49.04,0.07,165.0,0.1,119.5,0.11,640.92,0.02,0.02,2338.112359,1776189506000
1776189508.183,208.183,0.91,40.5,0.9,114.5,0.92,60.81,0.93,225.3,0.08,49.04,0.07,165.0,0.1,119.5,0.11,640.92,0.01,0.02,2338.112359,1776189506000
1776189508.55,208.55,0.91,45.5,0.9,123.5,0.92,0.85,0.93,259.3,0.08,9.12,0.07,225.3,0.09,40.5,0.1,114.5,0.01,0.01,2338.406294,1776189507000
1776189509.074,209.074,0.91,45.5,0.9,123.5,0.92,0.85,0.93,259.3,0.08,0.85,0.07,259.3,0.09,45.5,0.1,123.5,0.01,0.01,2338.355496,1776189508000
1776189509.527,209.527,0.91,30.0,0.9,59.5,0.92,677.9,0.93,191.3,0.08,0.85,0.07,259.3,0.09,45.5,0.1,123.5,0.01,0.01,2338.355496,1776189508000
1776189509.972,209.972,0.91,15.0,0.89,15.0,0.92,682.9,0.93,191.3,0.08,677.9,0.07,191.3,0.09,30.0,0.1,59.5,0.01,0.01,2338.355496,1776189508000
1776189510.549,210.549,0.91,15.0,0.89,15.0,0.92,682.9,0.93,191.3,0.08,682.9,0.07,191.3,0.09,15.0,0.11,15.0,0.01,0.01,2338.34333,1776189509000
1776189511.008,211.008,0.91,40.0,0.9,40.5,0.92,76.72,0.93,666.3,0.08,682.9,0.07,191.3,0.09,15.0,0.11,15.0,0.01,0.01,2338.34333,1776189509000
1776189511.264,211.264,0.91,40.0,0.9,40.5,0.92,76.72,0.93,666.3,0.08,76.72,0.07,666.3,0.09,40.0,0.1,40.5,0.01,0.01,2338.2261,1776189510000
1776189511.837,211.837,0.91,30.0,0.9,34.0,0.92,580.72,0.93,186.3,0.08,76.72,0.07,666.3,0.09,40.0,0.1,40.5,0.01,0.01,2338.2261,1776189510000
1776189512.178,212.178,0.91,30.0,0.9,34.0,0.92,594.35,0.93,205.3,0.08,580.72,0.07,186.3,0.09,30.0,0.1,34.0,0.01,0.01,2338.192676,1776189511000
1776189513.304,213.304,0.91,30.0,0.9,34.0,0.92,589.35,0.93,205.3,0.08,589.35,0.07,205.3,0.09,30.0,0.1,34.0,0.01,0.01,2338.301304,1776189512000
1776189514.101,214.101,0.91,30.0,0.9,34.0,0.92,589.35,0.93,205.3,0.08,589.35,0.07,205.3,0.09,30.0,0.1,34.0,0.01,0.01,2338.280834,1776189513000
1776189515.086,215.086,0.91,30.0,0.9,44.0,0.92,529.16,0.93,305.3,0.08,552.85,0.07,305.3,0.09,30.0,0.1,44.0,0.01,0.01,2338.280834,1776189513000
1776189515.486,215.486,0.91,30.0,0.9,44.0,0.92,529.16,0.93,305.3,0.08,529.16,0.07,305.3,0.09,30.0,0.1,44.0,0.01,0.01,2338.27959,1776189514000
1776189516.089,216.089,0.91,30.0,0.9,44.0,0.92,529.16,0.93,305.3,0.08,529.16,0.07,305.3,0.09,30.0,0.1,44.0,0.01,0.01,2338.27959,1776189515000
1776189516.501,216.501,0.91,45.0,0.9,44.5,0.92,18.17,0.93,730.0,0.08,529.16,0.07,305.3,0.09,30.0,0.1,44.0,0.01,0.01,2338.27959,1776189515000
1776189517.59,217.59,0.91,45.0,0.9,44.5,0.92,18.17,0.93,730.0,0.08,18.17,0.07,730.0,0.09,45.0,0.1,44.5,0.01,0.01,2338.282324,1776189516000
1776189518.04,218.04,0.91,14.0,0.9,51.5,0.92,9.0,0.93,577.48,0.07,326.45,0.06,226.99,0.09,60.5,0.1,116.92,0.01,0.02,2338.282324,1776189516000
1776189518.357,218.357,0.91,14.0,0.9,51.5,0.92,9.0,0.93,577.48,0.08,9.0,0.07,577.48,0.09,14.0,0.1,51.5,0.01,0.01,2338.267574,1776189517000
1776189518.95,218.95,0.91,29.0,0.9,586.5,0.93,551.83,0.94,290.8,0.08,9.0,0.07,577.48,0.09,14.0,0.1,51.5,0.02,0.01,2338.267574,1776189517000
1776189519.485,219.485,0.92,10.0,0.91,39.5,0.93,52.76,0.94,770.8,0.07,540.7,0.06,290.8,0.09,24.0,0.1,586.5,0.01,0.02,2338.271714,1776189518000
1776189520.559,220.559,0.92,15.0,0.91,34.5,0.93,34.68,0.94,778.8,0.07,52.76,0.06,770.8,0.08,10.0,0.09,39.5,0.01,0.01,2338.271714,1776189518000
1776189520.803,220.803,0.92,15.0,0.91,34.5,0.93,34.68,0.94,778.8,0.07,34.68,0.06,778.8,0.08,15.0,0.09,34.5,0.01,0.01,2338.220322,1776189519000
1776189521.433,221.433,0.92,15.0,0.91,34.5,0.93,34.68,0.94,778.8,0.07,34.68,0.06,778.8,0.08,15.0,0.09,34.5,0.01,0.01,2338.219338,1776189520000
1776189522.503,222.503,0.92,15.0,0.91,34.5,0.93,34.68,0.94,778.8,0.07,34.68,0.06,778.8,0.08,15.0,0.09,34.5,0.01,0.01,2338.176114,1776189521000
1776189523.224,223.224,0.92,15.0,0.91,34.5,0.93,34.68,0.94,778.8,0.07,34.68,0.06,778.8,0.08,15.0,0.09,34.5,0.01,0.01,2338.218512,1776189522000
1776189524.194,224.194,0.92,20.0,0.91,34.0,0.93,529.0,0.94,246.75,0.07,34.68,0.06,778.8,0.08,15.0,0.09,34.5,0.01,0.01,2338.218512,1776189522000
1776189525.405,225.405,0.92,20.0,0.91,34.0,0.93,529.0,0.94,246.75,0.07,529.0,0.06,246.75,0.08,20.0,0.09,34.0,0.01,0.01,2338.139191,1776189524000
1776189525.971,225.971,0.92,20.0,0.91,34.0,0.93,529.0,0.94,246.75,0.07,529.0,0.06,246.75,0.08,20.0,0.09,34.0,0.01,0.01,2338.134023,1776189525000
1776189527.0,227.0,0.92,20.0,0.91,34.0,0.93,529.0,0.94,246.75,0.07,529.0,0.06,246.75,0.08,20.0,0.09,34.0,0.01,0.01,2338.131082,1776189526000
1776189528.255,228.255,0.92,20.0,0.91,34.0,0.93,529.0,0.94,246.75,0.07,529.0,0.06,246.75,0.08,20.0,0.09,34.0,0.01,0.01,2338.152959,1776189527000
1776189529.308,229.308,0.92,20.0,0.91,34.0,0.93,529.0,0.94,246.75,0.07,529.0,0.06,246.75,0.08,20.0,0.09,34.0,0.01,0.01,2338.154966,1776189528000
1776189530.374,230.374,0.92,20.0,0.91,34.0,0.93,529.0,0.94,246.75,0.07,529.0,0.06,246.75,0.08,20.0,0.09,34.0,0.01,0.01,2338.167702,1776189529000
1776189531.025,231.025,0.92,20.0,0.91,34.0,0.93,529.0,0.94,246.75,0.07,529.0,0.06,246.75,0.08,20.0,0.09,34.0,0.01,0.01,2338.163095,1776189530000
1776189531.974,231.974,0.92,558.94,0.91,109.92,0.93,120.0,0.94,109.86,0.07,529.0,0.06,246.75,0.08,20.0,0.09,34.0,0.01,0.01,2338.163095,1776189530000
1776189533.276,233.276,0.92,558.94,0.91,109.92,0.93,120.0,0.94,109.86,0.07,120.0,0.06,109.86,0.08,558.94,0.09,109.92,0.01,0.01,2338.162847,1776189532000
1776189534.384,234.384,0.92,558.94,0.91,109.92,0.93,120.0,0.94,109.86,0.07,120.0,0.06,109.86,0.08,558.94,0.09,109.92,0.01,0.01,2338.219902,1776189533000
1776189535.381,235.381,0.92,558.94,0.91,109.92,0.93,120.0,0.94,109.86,0.07,120.0,0.06,109.86,0.08,558.94,0.09,109.92,0.01,0.01,2338.229785,1776189534000
1776189535.817,235.817,0.92,636.5,0.91,127.47,0.93,119.58,0.94,96.0,0.07,120.0,0.06,109.86,0.08,558.94,0.09,109.92,0.01,0.01,2338.229785,1776189534000
1776189536.202,236.202,0.92,657.29,0.91,127.47,0.93,114.2,0.94,96.0,0.07,119.58,0.06,96.0,0.08,636.5,0.09,127.47,0.01,0.01,2338.237881,1776189535000
1776189536.502,236.502,0.92,651.32,0.91,127.47,0.93,107.75,0.94,96.0,0.07,113.12,0.06,96.0,0.08,657.29,0.09,127.47,0.01,0.01,2338.237881,1776189535000
1776189537.059,237.059,0.92,657.29,0.91,127.47,0.93,0.75,0.94,66.0,0.07,107.75,0.06,96.0,0.08,651.32,0.09,127.47,0.01,0.01,2338.237881,1776189535000
1776189538.243,238.243,0.92,657.29,0.91,127.47,0.93,0.75,0.94,66.0,0.07,0.75,0.06,66.0,0.08,657.29,0.09,127.47,0.01,0.01,2338.240777,1776189537000
1776189539.139,239.139,0.92,743.29,0.91,177.47,0.93,4.62,0.94,35.0,0.07,0.75,0.06,66.0,0.08,657.29,0.09,127.47,0.01,0.01,2338.240777,1776189537000
1776189540.371,240.371,0.93,580.0,0.92,200.82,0.94,29.25,0.95,432.96,0.06,34.25,0.05,426.96,0.08,753.29,0.09,177.47,0.01,0.02,2338.252115,1776189538000
1776189540.974,240.974,0.93,585.0,0.92,190.82,0.95,463.03,0.96,288.79,0.06,29.25,0.05,432.96,0.07,580.0,0.08,200.82,0.02,0.01,2338.234894,1776189539000
1776189541.221,241.221,0.94,86.0,0.93,595.0,0.95,401.43,0.96,288.79,0.05,463.03,0.04,288.79,0.07,585.0,0.08,190.82,0.01,0.02,2338.232005,1776189540000
1776189541.537,241.537,0.94,86.0,0.93,595.0,0.95,394.33,0.96,288.79,0.05,401.43,0.04,288.79,0.06,86.0,0.07,595.0,0.01,0.01,2338.232005,1776189540000
1776189541.997,241.997,0.94,31.6,0.93,580.0,0.95,478.74,0.96,288.79,0.05,387.74,0.04,288.79,0.06,86.0,0.07,580.0,0.01,0.01,2338.232005,1776189540000
1776189542.31,242.31,0.94,31.6,0.93,580.0,0.95,478.74,0.96,288.79,0.05,478.74,0.04,288.79,0.06,31.6,0.07,580.0,0.01,0.01,2338.231227,1776189541000
1776189542.635,242.635,0.94,41.6,0.93,565.0,0.95,486.63,0.96,288.79,0.05,491.63,0.04,288.79,0.06,41.6,0.07,565.0,0.01,0.01,2338.231227,1776189541000
1776189542.903,242.903,0.94,61.6,0.93,587.0,0.95,469.63,0.96,288.79,0.05,463.63,0.04,288.79,0.06,46.6,0.07,587.0,0.01,0.01,2338.231227,1776189541000
1776189543.191,243.191,0.94,56.6,0.93,587.0,0.95,453.52,0.96,288.79,0.05,469.63,0.04,288.79,0.06,61.6,0.07,587.0,0.01,0.01,2338.231227,1776189541000
1776189543.394,243.394,0.94,56.6,0.93,587.0,0.95,453.52,0.96,288.79,0.05,453.52,0.04,288.79,0.06,56.6,0.07,587.0,0.01,0.01,2338.21702,1776189542000
1776189543.739,243.739,0.94,551.6,0.93,107.0,0.95,437.52,0.96,280.79,0.05,447.52,0.04,280.79,0.06,56.6,0.07,587.0,0.01,0.01,2338.21702,1776189542000
1776189544.007,244.007,0.94,551.6,0.93,107.0,0.95,437.52,0.96,280.79,0.05,437.52,0.04,280.79,0.06,551.6,0.07,107.0,0.01,0.01,2338.21707,1776189543000
1776189545.07,245.07,0.94,563.72,0.93,155.3,0.95,303.7,0.96,173.99,0.05,437.52,0.04,280.79,0.06,551.6,0.07,107.0,0.01,0.01,2338.21707,1776189543000
1776189545.343,245.343,0.94,568.72,0.93,189.3,0.95,297.64,0.96,98.17,0.05,303.7,0.04,173.99,0.06,563.72,0.07,155.3,0.01,0.01,2338.272378,1776189544000
1776189545.649,245.649,0.94,568.72,0.93,155.3,0.95,131.64,0.96,151.99,0.05,297.64,0.04,98.17,0.06,568.72,0.07,189.3,0.01,0.01,2338.272378,1776189544000
1776189546.174,246.174,0.95,101.0,0.94,568.72,0.96,169.13,0.97,927.7,0.04,144.75,0.03,927.7,0.06,568.72,0.07,155.3,0.01,0.02,2338.272378,1776189544000
1776189547.064,247.064,0.95,101.0,0.94,568.72,0.96,169.13,0.97,927.7,0.04,169.13,0.03,927.7,0.05,101.0,0.06,568.72,0.01,0.01,2338.348394,1776189546000
1776189548.209,248.209,0.95,94.46,0.94,638.72,0.96,153.13,0.97,927.7,0.04,169.13,0.03,927.7,0.05,101.0,0.06,568.72,0.01,0.01,2338.348394,1776189546000
1776189548.632,248.632,0.95,621.22,0.94,126.22,0.96,96.69,0.97,447.7,0.04,80.87,0.03,927.7,0.05,141.22,0.06,670.02,0.01,0.01,2338.350466,1776189547000
1776189548.854,248.854,0.95,616.22,0.94,276.01,0.96,11.4,0.97,117.99,0.04,96.69,0.03,447.7,0.05,621.22,0.06,126.22,0.01,0.01,2338.350466,1776189547000
1776189549.059,249.059,0.96,113.0,0.95,633.22,0.97,96.67,0.98,814.7,0.03,101.83,0.02,814.7,0.04,113.0,0.05,633.22,0.01,0.01,2338.350466,1776189547000
1776189549.406,249.406,0.96,103.06,0.95,742.02,0.97,101.94,0.98,814.7,0.03,105.94,0.02,814.7,0.04,93.06,0.05,633.22,0.01,0.01,2338.350466,1776189547000
1776189549.65,249.65,0.96,103.06,0.95,742.02,0.97,101.94,0.98,814.7,0.03,101.94,0.02,814.7,0.04,103.06,0.05,742.02,0.01,0.01,2338.35245,1776189548000
1776189549.967,249.967,0.96,671.76,0.95,219.99,0.97,53.11,0.98,819.87,0.03,101.94,0.02,814.7,0.04,103.06,0.05,742.02,0.01,0.01,2338.35245,1776189548000
1776189550.756,250.756,0.96,670.76,0.95,219.99,0.97,53.11,0.98,819.87,0.03,53.11,0.02,819.87,0.04,670.76,0.05,219.99,0.01,0.01,2338.366316,1776189549000
1776189551.302,251.302,0.96,670.76,0.95,219.99,0.97,53.11,0.98,819.87,0.03,53.11,0.02,819.87,0.04,670.76,0.05,219.99,0.01,0.01,2338.5255,1776189550000
1776189552.201,252.201,0.96,761.7,0.95,244.35,0.98,337.58,0.99,3325.46,0.03,7.99,0.02,540.99,0.04,766.7,0.05,234.35,0.02,0.01,2338.5255,1776189550000
1776189552.89,252.89,0.97,244.7,0.96,744.7,0.98,339.67,0.99,3325.46,0.02,337.58,0.01,3325.46,0.04,761.7,0.05,244.35,0.01,0.02,2338.670262,1776189551000
1776189553.12,253.12,0.97,606.0,0.96,282.7,0.98,304.55,0.99,3325.46,0.02,339.67,0.01,3325.46,0.03,244.7,0.04,744.7,0.01,0.01,2338.670262,1776189551000
1776189553.339,253.339,0.97,601.0,0.96,282.7,0.98,293.46,0.99,3325.46,0.02,293.46,0.01,3325.46,0.03,601.0,0.04,282.7,0.01,0.01,2338.640225,1776189552000
1776189553.952,253.952,0.97,716.72,0.96,273.7,0.98,183.17,0.99,3325.46,0.02,252.19,0.01,3325.46,0.03,593.02,0.04,288.7,0.01,0.01,2338.640225,1776189552000
1776189554.455,254.455,0.97,716.72,0.96,273.7,0.98,183.17,0.99,3325.46,0.02,183.17,0.01,3325.46,0.03,716.72,0.04,273.7,0.01,0.01,2338.731604,1776189553000
1776189554.992,254.992,0.97,731.72,0.96,280.67,0.98,129.14,0.99,3325.46,0.02,183.17,0.01,3325.46,0.03,716.72,0.04,273.7,0.01,0.01,2338.731604,1776189553000
1776189555.319,255.319,0.97,736.72,0.96,291.67,0.98,105.0,0.99,3182.46,0.02,125.03,0.01,3325.46,0.03,736.72,0.04,280.67,0.01,0.01,2338.733457,1776189554000
1776189555.798,255.798,0.97,736.72,0.96,291.67,0.98,93.86,0.99,3182.46,0.02,50.39,0.01,3182.46,0.03,736.72,0.04,291.67,0.01,0.01,2338.733457,1776189554000
1776189556.031,256.031,0.97,703.38,0.96,291.67,0.98,74.98,0.99,3182.46,0.02,76.01,0.01,3182.46,0.03,703.38,0.04,291.67,0.01,0.01,2338.733457,1776189554000
1776189556.545,256.545,0.98,77.49,0.97,698.38,0.99,3280.46,,,0.01,3182.46,,,0.02,7.49,0.03,703.38,0.01,0.01,2338.741226,1776189555000
1776189557.073,257.073,0.98,77.49,0.97,698.38,0.99,3149.46,,,0.01,3149.46,,,0.02,77.49,0.03,698.38,0.01,0.01,2338.749748,1776189556000
1776189557.49,257.49,0.98,92.49,0.97,690.38,0.99,3252.44,,,0.01,3149.46,,,0.02,77.49,0.03,698.38,0.01,0.01,2338.749748,1776189556000
1776189557.787,257.787,0.98,92.49,0.97,675.38,0.99,3227.22,,,0.01,3241.42,,,0.02,92.49,0.03,690.38,0.01,0.01,2338.749748,1776189556000
1776189558.197,258.197,0.98,32.49,0.97,675.38,0.99,3125.2,,,0.01,3227.22,,,0.02,17.49,0.03,675.38,0.01,0.01,2338.749748,1776189556000
1776189558.611,258.611,0.98,216.19,0.97,675.38,0.99,3115.2,,,0.01,3125.2,,,0.02,32.49,0.03,675.38,0.01,0.01,2338.786469,1776189557000
1776189559.324,259.324,0.98,216.19,0.97,675.38,0.99,3115.2,,,0.01,3115.2,,,0.02,216.19,0.03,675.38,0.01,0.01,2338.78859,1776189558000
1776189560.055,260.055,0.98,216.19,0.97,689.43,0.99,2955.2,,,0.01,3115.2,,,0.02,216.19,0.03,675.38,0.01,0.01,2338.78859,1776189558000
1776189560.312,260.312,0.98,216.19,0.97,689.43,0.99,2955.2,,,0.01,2955.2,,,0.02,216.19,0.03,689.43,0.01,0.01,2338.788927,1776189559000
1776189560.605,260.605,0.98,221.19,0.97,689.43,0.99,2830.76,,,0.01,2955.2,,,0.02,216.19,0.03,689.43,0.01,0.01,2338.788927,1776189559000
1776189560.869,260.869,0.98,221.19,0.97,689.43,0.99,2830.76,,,0.01,2830.76,,,0.02,221.19,0.03,689.43,0.01,0.01,2338.789432,1776189560000
1776189561.135,261.135,0.98,236.38,0.97,689.43,0.99,2825.66,,,0.01,2826.68,,,0.02,236.38,0.03,689.43,0.01,0.01,2338.789432,1776189560000
1776189561.918,261.918,0.98,275.38,0.97,762.42,0.99,1738.06,,,0.01,2825.66,,,0.02,236.38,0.03,689.43,0.01,0.01,2338.789432,1776189560000
1776189562.805,262.805,0.98,260.38,0.97,761.42,0.99,1743.04,,,0.01,1738.06,,,0.02,255.38,0.03,762.42,0.01,0.01,2338.789286,1776189561000
1776189563.062,263.062,0.98,134.88,0.97,761.42,0.99,1827.88,,,0.01,1827.88,,,0.02,134.88,0.03,761.42,0.01,0.01,2338.789318,1776189562000
1776189563.482,263.482,0.98,104.88,0.97,733.42,0.99,2615.47,,,0.01,1827.88,,,0.02,134.88,0.03,761.42,0.01,0.01,2338.789318,1776189562000
1776189563.939,263.939,0.98,297.73,0.97,749.42,0.99,1756.87,,,0.01,2615.47,,,0.02,104.88,0.03,733.42,0.01,0.01,2338.789318,1776189562000
1776189564.324,264.324,0.98,292.73,0.97,760.42,0.99,1726.87,,,0.01,1756.87,,,0.02,297.73,0.03,749.42,0.01,0.01,2338.789318,1776189562000
1776189564.587,264.587,0.98,302.73,0.97,280.42,0.99,1813.98,,,0.01,1695.54,,,0.02,297.73,0.03,760.42,0.01,0.01,2338.789318,1776189562000
1776189564.995,264.995,0.98,302.73,0.97,268.42,0.99,1590.17,,,0.01,1813.98,,,0.02,302.73,0.03,280.42,0.01,0.01,2338.880693,1776189563000
1776189565.241,265.241,0.98,307.73,0.97,280.42,0.99,1555.15,,,0.01,1590.17,,,0.02,302.73,0.03,268.42,0.01,0.01,2338.859203,1776189564000
1776189565.475,265.475,0.98,292.73,0.97,280.42,0.99,1548.13,,,0.01,1555.15,,,0.02,307.73,0.03,280.42,0.01,0.01,2338.859203,1776189564000
1776189566.123,266.123,0.98,292.73,0.97,280.42,0.99,1443.09,,,0.01,1443.09,,,0.02,292.73,0.03,280.42,0.01,0.01,2338.81165,1776189565000
1776189566.684,266.684,0.98,169.53,0.97,296.42,0.99,1412.09,,,0.01,1443.09,,,0.02,292.73,0.03,280.42,0.01,0.01,2338.81165,1776189565000
1776189567.257,267.257,0.98,169.53,0.97,296.42,0.99,1412.09,,,0.01,1412.09,,,0.02,169.53,0.03,296.42,0.01,0.01,2338.828819,1776189566000
1776189567.923,267.923,0.98,193.53,0.97,172.72,0.99,1405.05,,,0.01,1406.07,,,0.02,193.53,0.03,172.72,0.01,0.01,2338.828819,1776189566000
1776189568.321,268.321,0.98,193.53,0.97,172.72,0.99,1405.05,,,0.01,1405.05,,,0.02,193.53,0.03,172.72,0.01,0.01,2338.821805,1776189567000
1776189568.578,268.578,0.98,213.53,0.97,282.1,0.99,1370.31,,,0.01,1405.05,,,0.02,193.53,0.03,172.72,0.01,0.01,2338.821805,1776189567000
1776189568.811,268.811,0.98,213.53,0.97,282.1,0.99,1354.5,,,0.01,1365.26,,,0.02,213.53,0.03,282.1,0.01,0.01,2338.821805,1776189567000
1776189569.381,269.381,0.98,213.53,0.97,282.1,0.99,1354.5,,,0.01,1354.5,,,0.02,213.53,0.03,282.1,0.01,0.01,2338.821146,1776189568000
1776189569.84,269.84,0.98,218.53,0.97,282.1,0.99,1187.5,,,0.01,1354.5,,,0.02,213.53,0.03,282.1,0.01,0.01,2338.821146,1776189568000
1776189570.242,270.242,0.98,208.53,0.97,282.1,0.99,1162.34,,,0.01,1177.5,,,0.02,208.53,0.03,282.1,0.01,0.01,2338.788714,1776189569000
1776189570.563,270.563,0.98,178.42,0.97,282.1,0.99,1176.34,,,0.01,1162.34,,,0.02,193.42,0.03,282.1,0.01,0.01,2338.788714,1776189569000
1776189570.785,270.785,0.98,178.42,0.97,282.1,0.99,1160.2,,,0.01,1162.22,,,0.02,178.42,0.03,282.1,0.01,0.01,2338.788714,1776189569000
1776189571.741,271.741,0.98,183.9,0.97,268.05,0.99,742.73,,,0.01,760.2,,,0.02,178.42,0.03,282.1,0.01,0.01,2338.786913,1776189570000
1776189572.046,272.046,0.98,177.9,0.97,268.05,0.99,593.73,,,0.01,593.73,,,0.02,177.9,0.03,268.05,0.01,0.01,2338.783261,1776189571000
1776189572.328,272.328,0.98,223.9,0.97,222.03,0.99,610.27,,,0.01,547.37,,,0.02,177.9,0.03,222.03,0.01,0.01,2338.783261,1776189571000
1776189573.106,273.106,0.98,223.9,0.97,222.03,0.99,558.74,,,0.01,558.74,,,0.02,223.9,0.03,222.03,0.01,0.01,2338.767112,1776189572000
1776189573.327,273.327,0.98,229.89,0.97,222.03,0.99,513.34,,,0.01,558.74,,,0.02,223.9,0.03,222.03,0.01,0.01,2338.767112,1776189572000
1776189573.629,273.629,0.98,234.89,0.97,227.03,0.99,512.27,,,0.01,508.29,,,0.02,234.89,0.03,227.03,0.01,0.01,2338.767112,1776189572000
1776189574.171,274.171,0.98,234.89,0.97,227.03,0.99,512.27,,,0.01,512.27,,,0.02,234.89,0.03,227.03,0.01,0.01,2338.76816,1776189573000
1776189574.874,274.874,0.98,537.15,0.97,227.03,0.99,204.29,,,0.01,512.27,,,0.02,234.89,0.03,227.03,0.01,0.01,2338.76816,1776189573000
1776189575.171,275.171,0.98,542.15,0.97,227.03,0.99,194.29,,,0.01,194.29,,,0.02,542.15,0.03,227.03,0.01,0.01,2338.767389,1776189574000
1776189576.237,276.237,0.99,105.71,0.98,358.45,,,,,,,,,0.01,105.71,0.02,358.45,,,2338.762683,1776189575000
1776189576.509,276.509,0.99,340.1,0.98,224.03,,,,,,,,,0.01,105.71,0.02,358.45,,,2338.762683,1776189575000
1776189576.926,276.926,0.99,348.83,0.98,224.03,,,,,,,,,0.01,340.1,0.02,224.03,,,2338.762683,1776189575000
1776189577.245,277.245,0.99,348.83,0.98,224.03,,,,,,,,,0.01,348.83,0.02,224.03,,,2338.873554,1776189576000
1776189577.592,277.592,0.99,346.27,0.98,224.03,,,,,,,,,0.01,347.59,0.02,224.03,,,2338.873554,1776189576000
1776189577.983,277.983,0.99,343.92,0.98,224.03,,,,,,,,,0.01,346.27,0.02,224.03,,,2338.873554,1776189576000
1776189578.758,278.758,0.99,341.53,0.98,224.03,,,,,,,,,0.01,342.69,0.02,224.03,,,2338.873554,1776189576000
1776189579.006,279.006,0.99,341.53,0.98,224.03,,,,,,,,,0.01,341.53,0.02,224.03,,,2338.871973,1776189578000
1776189580.004,280.004,0.99,291.03,0.98,224.03,,,,,,,,,0.01,291.03,0.02,224.03,,,2338.89462,1776189579000
1776189581.06,281.06,0.99,291.03,0.98,224.03,,,,,,,,,0.01,291.03,0.02,224.03,,,2338.859155,1776189580000
1776189581.463,281.463,0.99,281.03,0.98,224.03,,,,,,,,,0.01,291.03,0.02,224.03,,,2338.859155,1776189580000
1776189582.081,282.081,0.99,281.03,0.98,224.03,,,,,,,,,0.01,281.03,0.02,224.03,,,2338.830581,1776189581000
1776189583.174,283.174,0.99,281.03,0.98,224.03,,,,,,,,,0.01,281.03,0.02,224.03,,,2338.73162,1776189582000
1776189584.26,284.26,0.99,281.03,0.98,224.03,,,,,,,,,0.01,281.03,0.02,224.03,,,2338.874002,1776189583000
1776189585.307,285.307,0.99,281.03,0.98,224.03,,,,,,,,,0.01,281.03,0.02,224.03,,,2338.922534,1776189584000
1776189585.681,285.681,0.99,4589.83,0.98,221.01,,,,,,,,,0.01,281.03,0.02,224.03,,,2338.922534,1776189584000
1776189586.281,286.281,0.99,4589.83,0.98,221.01,,,,,,,,,0.01,4589.83,0.02,221.01,,,2338.92526,1776189585000
1776189587.273,287.273,0.99,4589.83,0.98,221.01,,,,,,,,,0.01,4589.83,0.02,221.01,,,2338.895665,1776189586000
1776189588.349,288.349,0.99,4589.83,0.98,221.01,,,,,,,,,0.01,4589.83,0.02,221.01,,,2338.89636,1776189587000
1776189589.251,289.251,0.99,4589.83,0.98,221.01,,,,,,,,,0.01,4589.83,0.02,221.01,,,2338.974583,1776189588000
1776189590.334,290.334,0.99,4589.83,0.98,221.01,,,,,,,,,0.01,4589.83,0.02,221.01,,,2338.976677,1776189589000
1776189591.369,291.369,0.99,4589.83,0.98,221.01,,,,,,,,,0.01,4589.83,0.02,221.01,,,2338.977453,1776189590000
1776189592.546,292.546,0.99,4589.83,0.98,221.01,,,,,,,,,0.01,4589.83,0.02,221.01,,,2338.975488,1776189591000
1776189593.829,293.829,0.99,4589.83,0.98,221.01,,,,,,,,,0.01,4589.83,0.02,221.01,,,2338.975978,1776189592000
1776189594.544,294.544,0.99,4589.83,0.98,221.01,,,,,,,,,0.01,4589.83,0.02,221.01,,,2338.976848,1776189593000
1776189595.297,295.297,0.99,4589.83,0.98,221.01,,,,,,,,,0.01,4589.83,0.02,221.01,,,2338.991688,1776189594000
1776189596.75,296.75,0.99,4589.83,0.98,221.01,,,,,,,,,0.01,4589.83,0.02,221.01,,,2338.98734,1776189595000
1776189597.544,297.544,0.99,4589.83,0.98,221.01,,,,,,,,,0.01,4589.83,0.02,221.01,,,2338.992489,1776189596000
1776189598.116,298.116,0.99,9351.75,0.98,80.56,,,,,,,,,0.01,4589.83,0.02,221.01,,,2338.992489,1776189596000
1776189599.782,299.782,0.99,9351.75,0.98,80.56,,,,,,,,,0.01,9351.75,0.02,80.56,,,2338.992434,1776189598000
1776189600.551,300.551,0.99,9351.75,0.98,80.56,,,,,,,,,0.01,9351.75,0.02,80.56,,,2339.013788,1776189599000

# RESULT,winner=Up,slug=eth-updown-5m-1776189300,ticks=494
