timestamp,elapsed_sec,up_bid_p1,up_bid_s1,up_bid_p2,up_bid_s2,up_ask_p1,up_ask_s1,up_ask_p2,up_ask_s2,down_bid_p1,down_bid_s1,down_bid_p2,down_bid_s2,down_ask_p1,down_ask_s1,down_ask_p2,down_ask_s2,up_spread,down_spread,eth_price,eth_oracle_ts
1776323700.653,0.653,0.52,113.91,0.51,17.86,0.56,70.0,0.57,70.0,0.44,70.0,0.43,70.0,0.48,117.91,0.49,17.86,0.04,0.04,2352.662885,1776323699000
1776323703.06,3.06,0.54,39.98,0.53,6.0,0.56,75.0,0.57,87.0,0.44,70.0,0.43,70.0,0.48,113.91,0.49,17.86,0.02,0.04,2352.672175,1776323701000
1776323704.462,4.462,0.54,49.54,0.53,21.0,0.56,75.0,0.57,97.0,0.44,75.0,0.43,87.0,0.46,39.98,0.47,6.0,0.02,0.02,2352.843962,1776323703000
1776323704.899,4.899,0.54,34.54,0.52,123.91,0.55,25.0,0.56,96.0,0.44,75.0,0.43,97.0,0.46,49.54,0.47,21.0,0.01,0.02,2352.843962,1776323703000
1776323705.288,5.288,0.54,39.54,0.52,123.91,0.55,25.0,0.56,102.0,0.45,25.0,0.44,96.0,0.46,34.54,0.48,123.91,0.01,0.01,2352.843962,1776323703000
1776323705.659,5.659,0.54,37.36,0.53,15.0,0.55,22.22,0.56,102.0,0.45,25.0,0.44,102.0,0.46,39.54,0.48,123.91,0.01,0.01,2352.843962,1776323703000
1776323706.032,6.032,0.54,87.36,0.53,21.0,0.55,2.22,0.56,70.0,0.45,22.22,0.44,102.0,0.46,37.36,0.47,15.0,0.01,0.01,2352.829399,1776323704000
1776323706.628,6.628,0.55,38.0,0.54,60.36,0.56,43.28,0.57,70.0,0.44,45.07,0.43,70.0,0.45,40.77,0.46,65.36,0.01,0.01,2352.87828,1776323705000
1776323707.499,7.499,0.55,38.0,0.54,60.36,0.56,39.7,0.57,70.0,0.44,41.49,0.43,70.0,0.45,38.0,0.46,60.36,0.01,0.01,2352.75855,1776323706000
1776323708.983,8.983,0.55,25.0,0.54,60.36,0.58,7.0,0.59,90.0,0.44,39.7,0.43,70.0,0.45,38.0,0.46,60.36,0.03,0.01,2352.924777,1776323707000
1776323710.315,10.315,0.58,15.0,0.57,20.0,0.59,84.91,0.6,28.0,0.42,7.0,0.41,90.0,0.45,25.0,0.46,60.36,0.01,0.03,2352.97827,1776323708000
1776323711.025,11.025,0.58,15.0,0.57,20.0,0.59,49.91,0.6,28.0,0.41,84.91,0.4,28.0,0.42,15.0,0.43,20.0,0.01,0.01,2353.00957,1776323709000
1776323712.538,12.538,0.58,15.0,0.57,20.0,0.59,44.82,0.6,28.0,0.41,49.91,0.4,28.0,0.42,15.0,0.43,20.0,0.01,0.01,2352.968835,1776323711000
1776323712.821,12.821,0.58,15.0,0.57,20.0,0.59,39.73,0.6,28.0,0.41,44.82,0.4,28.0,0.42,15.0,0.43,20.0,0.01,0.01,2352.968835,1776323711000
1776323716.0,16.0,0.58,20.0,0.57,25.0,0.59,24.56,0.6,12.0,0.41,39.73,0.4,28.0,0.42,15.0,0.43,20.0,0.01,0.01,2353.10955,1776323714000
1776323717.384,17.384,0.58,50.0,0.57,30.0,0.61,12.0,0.62,5.0,0.41,24.56,0.4,12.0,0.42,20.0,0.43,25.0,0.03,0.01,2353.05129,1776323716000
1776323717.695,17.695,0.6,15.0,0.59,20.0,0.61,5.0,0.62,13.0,0.39,12.0,0.37,19.0,0.4,20.0,0.41,15.0,0.01,0.01,2353.05129,1776323716000
1776323718.0,18.0,0.6,15.0,0.59,15.0,0.61,3.36,0.62,13.0,0.39,5.0,0.38,13.0,0.4,15.0,0.41,20.0,0.01,0.01,2353.05129,1776323717000
1776323718.983,18.983,0.63,20.0,0.62,20.0,0.64,91.07,0.65,89.0,0.39,3.36,0.38,13.0,0.4,15.0,0.41,15.0,0.01,0.01,2353.05129,1776323717000
1776323719.362,19.362,0.63,19.59,0.62,31.0,0.64,69.07,0.65,70.0,0.36,91.07,0.35,89.0,0.37,20.0,0.38,20.0,0.01,0.01,2353.081995,1776323718000
1776323719.903,19.903,0.63,12.08,0.62,31.0,0.64,64.07,0.65,70.0,0.36,69.07,0.35,70.0,0.37,17.08,0.38,31.0,0.01,0.01,2353.081995,1776323718000
1776323720.865,20.865,0.64,33.33,0.63,19.08,0.65,70.0,0.67,15.0,0.36,64.07,0.35,70.0,0.37,12.08,0.38,31.0,0.01,0.01,2353.1345,1776323719000
1776323721.437,21.437,0.64,59.33,0.63,37.0,0.65,60.5,0.68,85.0,0.35,70.0,0.33,15.0,0.36,33.33,0.37,19.08,0.01,0.01,2353.2,1776323720000
1776323722.115,22.115,0.67,15.59,0.66,20.0,0.68,97.0,0.69,28.0,0.32,85.0,0.31,28.0,0.36,59.33,0.37,37.0,0.01,0.04,2353.204407,1776323721000
1776323722.946,22.946,0.66,0.26,0.65,20.0,0.67,38.0,0.68,109.0,0.32,92.0,0.31,28.0,0.34,16.74,0.35,20.0,0.01,0.02,2353.204407,1776323721000
1776323730.964,30.964,0.66,24.29,0.65,15.0,0.67,23.0,0.68,99.0,0.33,38.0,0.32,109.0,0.34,0.26,0.35,20.0,0.01,0.01,2353.391655,1776323729000
1776323732.292,32.292,0.66,5.0,0.65,5.0,0.68,100.0,0.69,15.0,0.33,23.0,0.32,99.0,0.34,24.29,0.35,15.0,0.02,0.01,2353.39356,1776323730000
1776323734.62,34.62,0.64,15.0,0.63,10.0,0.65,78.69,0.66,63.0,0.34,10.0,0.33,17.0,0.35,20.26,0.36,15.0,0.01,0.01,2353.346675,1776323733000
1776323735.197,35.197,0.64,15.0,0.63,10.0,0.65,83.69,0.66,58.0,0.35,78.69,0.34,63.0,0.36,15.0,0.37,10.0,0.01,0.01,2353.346675,1776323733000
1776323739.001,39.001,0.64,6.25,0.63,15.0,0.65,33.69,0.66,33.0,0.35,78.69,0.34,58.0,0.36,8.75,0.37,10.0,0.01,0.01,2353.258245,1776323737000
1776323740.112,40.112,0.64,6.25,0.63,15.0,0.65,35.07,0.66,33.0,0.35,33.69,0.34,33.0,0.36,6.25,0.37,15.0,0.01,0.01,2353.30125,1776323739000
1776323741.145,41.145,0.63,5.0,0.6,5.0,0.64,151.0,0.65,74.0,0.35,35.07,0.34,33.0,0.36,6.25,0.37,15.0,0.01,0.01,2353.30125,1776323739000
1776323741.36,41.36,0.58,2.02,0.57,15.0,0.61,50.65,0.62,28.0,0.39,45.65,0.38,28.0,0.4,5.0,0.42,5.0,0.03,0.01,2353.30125,1776323739000
1776323741.687,41.687,0.58,2.02,0.57,15.0,0.59,80.0,0.6,33.0,0.39,50.65,0.38,28.0,0.42,2.02,0.43,15.0,0.01,0.03,2353.30125,1776323739000
1776323743.108,43.108,0.58,2.02,0.57,15.0,0.59,65.0,0.6,33.0,0.41,80.0,0.4,33.0,0.42,2.02,0.43,15.0,0.01,0.01,2353.275995,1776323741000
1776323744.31,44.31,0.57,5.0,0.56,5.0,0.59,56.0,0.6,33.0,0.41,65.0,0.4,33.0,0.42,2.02,0.43,15.0,0.02,0.01,2353.206335,1776323742000
1776323745.012,45.012,0.55,5.0,0.54,5.0,0.58,76.0,0.59,31.0,0.41,56.0,0.4,33.0,0.43,5.0,0.44,5.0,0.03,0.02,2353.206335,1776323742000
1776323745.216,45.216,0.54,1.21,0.52,118.91,0.55,32.0,0.56,100.0,0.44,20.0,0.43,20.0,0.46,5.0,0.48,118.91,0.01,0.02,2353.206335,1776323742000
1776323746.858,46.858,0.52,135.74,0.51,17.86,0.53,41.0,0.54,25.0,0.45,48.0,0.44,100.0,0.48,118.91,0.49,17.86,0.01,0.03,2353.033615,1776323745000
1776323748.056,48.056,0.52,192.74,0.51,52.86,0.53,1.0,0.55,10.0,0.47,41.0,0.46,25.0,0.48,135.74,0.49,17.86,0.01,0.01,2352.776885,1776323746000
1776323748.98,48.98,0.6,20.0,0.59,20.0,0.61,60.5,0.62,30.0,0.45,10.0,0.44,28.0,0.48,202.74,0.49,52.86,0.01,0.03,2352.6632,1776323747000
1776323749.822,49.822,0.62,92.0,0.61,20.0,0.63,9.5,0.64,37.0,0.39,60.4,0.38,30.0,0.4,41.0,0.41,25.0,0.01,0.01,2352.664197,1776323748000
1776323751.235,51.235,0.66,15.0,0.65,15.0,0.67,10.5,0.68,13.0,0.37,9.5,0.36,37.0,0.38,92.0,0.39,20.0,0.01,0.01,2352.98656,1776323750000
1776323752.226,52.226,0.67,87.0,0.66,62.0,0.68,18.52,0.69,22.0,0.33,3.35,0.32,13.0,0.34,50.0,0.35,15.0,0.01,0.01,2353.1411,1776323751000
1776323752.658,52.658,0.68,82.0,0.67,57.0,0.69,27.0,0.7,25.0,0.31,22.0,0.3,9.0,0.33,92.0,0.34,62.0,0.01,0.02,2353.1411,1776323751000
1776323756.975,56.975,0.68,91.0,0.67,25.0,0.7,16.0,0.71,95.0,0.31,27.0,0.3,25.0,0.32,82.0,0.33,57.0,0.02,0.01,2353.37104,1776323755000
1776323757.275,57.275,0.71,58.0,0.7,25.0,0.72,9.06,0.73,32.0,0.3,2.43,0.29,95.0,0.31,20.0,0.32,50.0,0.01,0.01,2353.4744,1776323756000
1776323757.523,57.523,0.72,117.0,0.71,62.0,0.74,29.64,0.75,24.2,0.27,21.0,0.26,31.0,0.28,36.0,0.29,62.0,0.02,0.01,2353.4744,1776323756000
1776323758.218,58.218,0.73,107.0,0.72,62.0,0.74,47.28,0.75,23.0,0.26,29.64,0.25,24.2,0.28,117.0,0.29,62.0,0.01,0.02,2353.47375,1776323757000
1776323761.022,61.022,0.73,122.0,0.72,25.0,0.74,23.36,0.75,23.0,0.26,47.28,0.25,23.0,0.27,107.0,0.28,62.0,0.01,0.01,2353.557625,1776323759000
1776323763.78,63.78,0.74,189.23,0.73,67.0,0.75,12.0,0.76,162.7,0.26,8.37,0.25,23.0,0.27,122.0,0.28,25.0,0.01,0.01,2353.77415,1776323762000
1776323764.009,64.009,0.74,189.23,0.73,67.0,0.76,162.7,0.77,44.3,0.25,12.0,0.24,162.7,0.26,189.23,0.27,67.0,0.02,0.01,2353.77415,1776323762000
1776323764.283,64.283,0.75,61.0,0.74,134.23,0.76,170.7,0.77,44.3,0.24,162.7,0.23,44.3,0.26,189.23,0.27,67.0,0.01,0.02,2353.77415,1776323762000
1776323764.663,64.663,0.75,78.72,0.74,134.23,0.76,170.7,0.77,44.3,0.24,170.7,0.23,44.3,0.25,61.0,0.26,134.23,0.01,0.01,2353.77415,1776323763000
1776323764.933,64.933,0.75,137.72,0.74,134.23,0.76,115.7,0.77,44.3,0.24,170.7,0.23,44.3,0.25,78.72,0.26,134.23,0.01,0.01,2353.77415,1776323763000
1776323765.765,65.765,0.75,182.72,0.74,139.23,0.76,110.7,0.77,44.3,0.24,115.7,0.23,44.3,0.25,137.72,0.26,134.23,0.01,0.01,2353.68248,1776323764000
1776323766.846,66.846,0.75,66.0,0.74,87.23,0.76,164.38,0.77,54.3,0.24,109.38,0.23,44.3,0.25,177.72,0.26,139.23,0.01,0.01,2353.684001,1776323765000
1776323767.434,67.434,0.75,22.08,0.74,87.23,0.76,134.38,0.77,54.3,0.24,154.38,0.23,54.3,0.25,60.72,0.26,87.23,0.01,0.01,2353.689622,1776323766000
1776323769.091,69.091,0.75,20.08,0.74,87.23,0.76,139.38,0.77,54.3,0.24,134.38,0.23,54.3,0.25,22.08,0.26,87.23,0.01,0.01,2353.697124,1776323767000
1776323769.886,69.886,0.75,3.08,0.74,81.08,0.76,193.38,0.77,63.3,0.24,139.38,0.23,54.3,0.25,8.08,0.26,87.23,0.01,0.01,2353.6509,1776323768000
1776323770.117,70.117,0.68,5.0,0.67,9.0,0.7,20.44,0.75,147.2,0.25,112.0,0.24,147.38,0.27,29.56,0.32,5.0,0.02,0.02,2353.6509,1776323768000
1776323770.483,70.483,0.68,55.0,0.67,24.0,0.69,71.0,0.7,40.44,0.3,20.44,0.25,147.2,0.32,5.0,0.33,9.0,0.01,0.02,2353.565431,1776323769000
1776323770.709,70.709,0.68,50.0,0.67,24.0,0.7,26.46,0.71,15.0,0.3,40.44,0.29,15.0,0.32,55.0,0.33,24.0,0.02,0.02,2353.565431,1776323769000
1776323771.064,71.064,0.68,60.0,0.67,15.0,0.7,26.46,0.71,15.0,0.3,26.46,0.29,15.0,0.32,50.0,0.33,24.0,0.02,0.02,2353.565431,1776323769000
1776323771.419,71.419,0.68,11.87,0.67,15.0,0.69,20.0,0.7,47.46,0.3,26.46,0.29,15.0,0.32,60.0,0.33,15.0,0.01,0.02,2353.565431,1776323769000
1776323773.034,73.034,0.68,8.37,0.67,54.05,0.69,31.0,0.7,31.46,0.31,23.55,0.3,47.46,0.32,11.87,0.33,15.0,0.01,0.01,2353.481445,1776323771000
1776323773.357,73.357,0.67,56.95,0.66,30.0,0.68,10.0,0.69,56.0,0.31,31.0,0.3,31.46,0.32,8.37,0.33,54.05,0.01,0.01,2353.41392,1776323772000
1776323773.593,73.593,0.67,41.06,0.66,15.0,0.68,21.0,0.69,10.0,0.32,10.0,0.31,56.0,0.33,56.95,0.34,30.0,0.01,0.01,2353.41392,1776323772000
1776323773.994,73.994,0.67,41.06,0.66,86.36,0.68,18.32,0.69,10.0,0.32,21.0,0.31,10.0,0.33,41.06,0.34,15.0,0.01,0.01,2353.41392,1776323772000
1776323776.059,76.059,0.67,58.83,0.66,15.0,0.68,2.32,0.69,5.0,0.32,18.32,0.31,10.0,0.33,40.04,0.34,86.36,0.01,0.01,2353.453658,1776323774000
1776323776.405,76.405,0.67,63.83,0.66,15.0,0.69,0.12,0.7,16.46,0.32,2.32,0.31,5.0,0.33,58.83,0.34,15.0,0.02,0.01,2353.406036,1776323775000
1776323777.398,77.398,0.69,67.0,0.68,15.0,0.7,14.8,0.71,5.0,0.31,0.12,0.3,16.46,0.33,63.83,0.34,15.0,0.01,0.02,2353.455598,1776323776000
1776323778.236,78.236,0.69,77.0,0.68,20.0,0.71,5.0,0.72,22.89,0.3,14.8,0.29,5.0,0.31,67.0,0.32,15.0,0.02,0.01,2353.455598,1776323776000
1776323779.256,79.256,0.73,86.0,0.72,15.0,0.76,25.38,0.77,25.3,0.29,5.0,0.28,22.89,0.31,77.0,0.32,20.0,0.03,0.02,2353.426085,1776323777000
1776323779.53,79.53,0.75,52.0,0.74,15.0,0.76,10.14,0.77,45.3,0.24,15.14,0.23,45.3,0.25,35.0,0.26,15.0,0.01,0.01,2353.431975,1776323778000
1776323780.384,80.384,0.75,91.0,0.74,15.0,0.76,15.14,0.77,35.0,0.24,10.14,0.23,45.3,0.25,52.0,0.26,15.0,0.01,0.01,2353.46293,1776323779000
1776323780.708,80.708,0.73,10.0,0.72,15.0,0.76,70.14,0.77,35.0,0.24,15.14,0.23,35.0,0.25,91.0,0.26,15.0,0.03,0.01,2353.46293,1776323779000
1776323781.335,81.335,0.73,10.0,0.72,5.0,0.74,3.02,0.75,25.0,0.24,70.14,0.23,35.0,0.27,10.0,0.28,15.0,0.01,0.03,2353.5536,1776323780000
1776323783.249,83.249,0.7,12.0,0.69,15.0,0.71,48.0,0.72,10.0,0.26,3.02,0.25,25.0,0.27,10.0,0.28,5.0,0.01,0.01,2353.6443,1776323781000
1776323783.523,83.523,0.7,10.36,0.69,20.0,0.71,36.0,0.73,6.0,0.29,48.0,0.28,10.0,0.3,12.0,0.31,15.0,0.01,0.01,2353.6172,1776323782000
1776323788.989,88.989,0.75,96.0,0.74,69.0,0.76,11.9,0.77,25.0,0.29,36.0,0.27,6.0,0.3,10.36,0.31,20.0,0.01,0.01,2353.518685,1776323788000
1776323792.387,92.387,0.75,65.0,0.74,25.0,0.76,21.9,0.77,24.0,0.24,11.9,0.23,25.0,0.25,96.0,0.26,69.0,0.01,0.01,2353.594665,1776323791000
1776323795.268,95.268,0.75,112.0,0.74,25.0,0.76,10.58,0.77,5.0,0.24,21.9,0.23,24.0,0.25,65.0,0.26,25.0,0.01,0.01,2353.716081,1776323794000
1776323795.708,95.708,0.75,112.0,0.74,25.0,0.77,5.0,0.78,35.0,0.24,10.58,0.23,5.0,0.25,112.0,0.26,25.0,0.02,0.01,2353.716081,1776323794000
1776323798.531,98.531,0.77,83.08,0.76,59.0,0.78,20.0,0.79,62.7,0.23,2.4,0.22,35.0,0.24,10.0,0.25,107.0,0.01,0.01,2353.743442,1776323797000
1776323799.974,99.974,0.77,8.0,0.76,10.0,0.78,35.0,0.79,62.7,0.22,20.0,0.21,62.7,0.23,83.08,0.24,59.0,0.01,0.01,2353.746998,1776323798000
1776323800.545,100.545,0.76,1.83,0.75,26.0,0.78,35.0,0.79,62.7,0.22,35.0,0.21,62.7,0.23,8.0,0.24,10.0,0.02,0.01,2353.636356,1776323799000
1776323801.978,101.978,0.75,42.0,0.74,15.0,0.76,10.0,0.77,15.0,0.22,35.0,0.21,62.7,0.24,1.83,0.25,26.0,0.01,0.02,2353.611795,1776323801000
1776323802.557,102.557,0.75,17.0,0.74,15.0,0.76,20.0,0.77,15.0,0.24,10.0,0.23,15.0,0.25,42.0,0.26,15.0,0.01,0.01,2353.611795,1776323801000
1776323802.782,102.782,0.75,10.0,0.74,15.0,0.76,30.0,0.77,15.0,0.24,20.0,0.23,15.0,0.25,17.0,0.26,15.0,0.01,0.01,2353.611795,1776323801000
1776323804.748,104.748,0.75,48.0,0.74,15.0,0.76,7.36,0.77,15.0,0.24,30.0,0.23,15.0,0.25,10.0,0.26,15.0,0.01,0.01,2353.6292,1776323803000
1776323805.52,105.52,0.75,43.0,0.74,15.0,0.77,2.36,0.78,26.0,0.24,7.36,0.23,15.0,0.25,48.0,0.26,15.0,0.02,0.01,2353.6292,1776323803000
1776323807.113,107.113,0.75,50.0,0.74,20.0,0.76,3.38,0.77,10.0,0.23,2.36,0.22,26.0,0.25,43.0,0.26,15.0,0.01,0.02,2353.588568,1776323805000
1776323813.131,113.131,0.75,26.0,0.74,16.0,0.76,23.38,0.77,30.0,0.24,3.38,0.23,10.0,0.25,50.0,0.26,20.0,0.01,0.01,2353.56973,1776323811000
1776323813.975,113.975,0.73,34.0,0.72,20.0,0.74,29.22,0.75,25.0,0.24,45.38,0.23,30.0,0.27,7.16,0.28,15.0,0.01,0.03,2353.57973,1776323812000
1776323820.399,120.399,0.66,5.0,0.64,5.0,0.7,157.1,0.71,112.5,0.26,29.22,0.25,25.0,0.27,34.0,0.28,20.0,0.04,0.01,2353.312991,1776323818000
1776323820.819,120.819,0.59,1.85,0.56,15.0,0.61,77.0,0.62,20.0,0.37,15.0,0.36,27.0,0.4,6.0,0.41,5.0,0.02,0.03,2353.34194,1776323819000
1776323821.308,121.308,0.6,10.98,0.59,10.0,0.61,77.0,0.62,20.0,0.4,22.0,0.39,107.0,0.44,6.31,0.45,33.0,0.01,0.04,2353.3487,1776323820000
1776323821.734,121.734,0.6,3.11,0.59,15.0,0.61,65.0,0.62,15.0,0.39,65.0,0.38,15.0,0.4,17.9,0.41,10.0,0.01,0.01,2353.3487,1776323820000
1776323822.67,122.67,0.55,14.2,0.52,116.74,0.56,20.0,0.57,10.0,0.39,72.0,0.38,15.0,0.42,10.0,0.43,10.0,0.01,0.03,2353.341709,1776323821000
1776323823.175,123.175,0.53,18.16,0.52,126.74,0.54,10.0,0.55,5.0,0.44,15.0,0.43,10.0,0.48,129.74,0.49,27.86,0.01,0.04,2353.039768,1776323822000
1776323823.383,123.383,0.53,22.16,0.52,126.74,0.55,4.9,0.56,10.0,0.46,10.0,0.45,10.0,0.47,17.16,0.48,126.74,0.02,0.01,2353.039768,1776323822000
1776323826.505,126.505,0.6,53.0,0.59,25.0,0.61,50.0,0.62,10.0,0.45,4.9,0.44,10.0,0.47,22.16,0.48,126.74,0.01,0.02,2352.88112,1776323825000
1776323827.54,127.54,0.6,137.0,0.59,20.0,0.61,48.36,0.62,5.0,0.39,50.0,0.38,10.0,0.4,53.0,0.41,25.0,0.01,0.01,2352.880715,1776323826000
1776323827.768,127.768,0.6,142.0,0.59,25.0,0.61,43.36,0.62,5.0,0.39,48.36,0.38,5.0,0.4,137.0,0.41,20.0,0.01,0.01,2352.880715,1776323826000
1776323828.358,128.358,0.69,45.0,0.68,15.0,0.78,6.0,0.8,15.0,0.39,43.36,0.38,5.0,0.4,142.0,0.41,25.0,0.09,0.01,2352.83318,1776323827000
1776323828.989,128.989,0.76,15.0,0.75,25.0,0.78,37.0,0.79,48.9,0.21,7.9,0.2,60.0,0.22,20.0,0.23,21.49,0.02,0.01,2352.83318,1776323827000
1776323830.688,130.688,0.75,42.2,0.74,20.0,0.76,22.0,0.78,21.0,0.24,35.3,0.22,42.0,0.25,25.0,0.26,20.0,0.01,0.01,2353.196206,1776323829000
1776323832.861,132.861,0.76,163.81,0.75,50.38,0.77,39.79,0.79,7.0,0.24,22.0,0.22,21.0,0.25,42.2,0.26,20.0,0.01,0.01,2353.575095,1776323831000
1776323833.713,133.713,0.78,95.18,0.77,86.99,0.79,2.0,0.8,15.0,0.21,2.0,0.2,15.0,0.22,10.0,0.23,10.0,0.01,0.01,2353.597675,1776323832000
1776323835.215,135.215,0.78,92.0,0.77,20.0,0.79,29.47,0.8,15.0,0.21,2.0,0.2,15.0,0.22,81.18,0.23,86.99,0.01,0.01,2353.60303,1776323833000
1776323836.446,136.446,0.75,0.64,0.69,64.81,0.76,122.0,0.77,36.0,0.21,29.47,0.2,15.0,0.22,92.0,0.23,20.0,0.01,0.01,2353.722235,1776323835000
1776323837.529,137.529,0.69,20.0,0.68,15.0,0.72,10.0,0.73,10.0,0.26,18.69,0.24,155.0,0.31,5.0,0.32,5.0,0.03,0.05,2353.728465,1776323836000
1776323838.282,138.282,0.72,9.0,0.71,15.0,0.73,49.81,0.74,51.0,0.28,10.0,0.27,10.0,0.31,20.0,0.32,15.0,0.01,0.03,2353.750615,1776323837000
1776323839.223,139.223,0.73,16.29,0.72,14.0,0.74,35.0,0.75,10.0,0.27,49.81,0.26,51.0,0.28,9.0,0.29,15.0,0.01,0.01,2353.3674,1776323838000
1776323842.701,142.701,0.73,1.29,0.72,10.0,0.76,84.13,0.77,30.3,0.26,35.0,0.25,10.0,0.27,16.29,0.28,14.0,0.03,0.01,2353.384212,1776323841000
1776323844.22,144.22,0.73,21.29,0.72,15.0,0.74,18.4,0.75,66.35,0.24,84.13,0.23,30.3,0.27,1.29,0.28,10.0,0.01,0.03,2353.344495,1776323842000
1776323845.274,145.274,0.73,47.77,0.72,10.0,0.75,66.35,0.76,16.0,0.26,18.4,0.25,66.35,0.27,15.77,0.28,10.0,0.02,0.01,2353.35447,1776323844000
1776323846.229,146.229,0.74,96.0,0.73,15.77,0.75,42.35,0.77,10.0,0.25,66.35,0.24,16.0,0.27,47.77,0.28,10.0,0.01,0.02,2353.366806,1776323845000
1776323847.303,147.303,0.74,179.1,0.73,43.95,0.75,5.0,0.77,5.0,0.25,35.35,0.23,5.0,0.26,76.0,0.27,15.77,0.01,0.01,2353.39439,1776323846000
1776323847.579,147.579,0.79,101.0,0.78,17.0,0.81,4.76,0.82,5.0,0.2,10.0,0.17,60.5,0.26,215.1,0.27,119.95,0.02,0.06,2353.39439,1776323846000
1776323847.945,147.945,0.8,76.0,0.79,64.0,0.81,9.76,0.82,53.0,0.19,4.76,0.18,5.0,0.21,101.0,0.22,17.0,0.01,0.02,2353.39439,1776323846000
1776323848.18,148.18,0.8,71.0,0.79,64.0,0.81,7.76,0.82,53.0,0.19,9.76,0.18,53.0,0.2,76.0,0.21,64.0,0.01,0.01,2353.39439,1776323846000
1776323848.573,148.573,0.8,110.4,0.79,64.0,0.81,6.0,0.82,5.0,0.19,7.76,0.18,53.0,0.2,71.0,0.21,64.0,0.01,0.01,2353.39439,1776323846000
1776323848.78,148.78,0.8,105.4,0.79,64.0,0.81,1.0,0.82,5.0,0.19,6.0,0.18,5.0,0.2,110.4,0.21,64.0,0.01,0.01,2353.59537,1776323847000
1776323849.376,149.376,0.8,110.4,0.79,69.0,0.83,60.24,0.84,39.26,0.19,1.0,0.18,5.0,0.2,105.4,0.21,64.0,0.03,0.01,2353.557295,1776323848000
1776323849.997,149.997,0.82,20.0,0.81,10.0,0.83,52.82,0.84,39.26,0.17,60.24,0.16,39.26,0.2,110.4,0.21,69.0,0.01,0.03,2353.557295,1776323848000
1776323851.611,151.611,0.82,20.0,0.81,10.0,0.83,46.82,0.84,45.26,0.17,52.82,0.16,39.26,0.18,20.0,0.19,10.0,0.01,0.01,2353.69538,1776323850000
1776323851.893,151.893,0.82,40.0,0.81,10.0,0.83,39.82,0.84,45.26,0.17,46.82,0.16,45.26,0.18,20.0,0.19,10.0,0.01,0.01,2353.69538,1776323850000
1776323852.681,152.681,0.82,98.83,0.81,15.0,0.83,39.82,0.84,45.26,0.17,39.82,0.16,45.26,0.18,40.0,0.19,10.0,0.01,0.01,2353.70801,1776323851000
1776323854.706,154.706,0.82,103.83,0.81,15.0,0.83,34.82,0.84,45.26,0.17,39.82,0.16,45.26,0.18,98.83,0.19,15.0,0.01,0.01,2353.671935,1776323853000
1776323857.744,157.744,0.82,86.27,0.81,15.0,0.83,20.0,0.84,45.26,0.17,34.82,0.16,45.26,0.18,103.83,0.19,15.0,0.01,0.01,2353.69297,1776323856000
1776323859.096,159.096,0.82,89.71,0.81,15.0,0.83,3.19,0.84,45.26,0.17,20.0,0.16,45.26,0.18,74.71,0.19,15.0,0.01,0.01,2353.69137,1776323857000
1776323861.273,161.273,0.83,44.79,0.82,89.71,0.84,35.26,0.85,23.0,0.17,3.19,0.16,45.26,0.18,89.71,0.19,15.0,0.01,0.01,2353.702115,1776323859000
1776323861.826,161.826,0.83,133.79,0.82,63.0,0.84,40.26,0.85,15.0,0.16,35.26,0.15,23.0,0.17,44.79,0.18,89.71,0.01,0.01,2353.8229,1776323860000
1776323863.26,163.26,0.83,143.79,0.82,68.0,0.84,24.26,0.85,5.0,0.16,40.26,0.15,15.0,0.17,133.79,0.18,63.0,0.01,0.01,2353.8229,1776323862000
1776323864.068,164.068,0.83,138.79,0.82,68.0,0.84,24.26,0.85,5.0,0.16,24.26,0.15,5.0,0.17,143.79,0.18,68.0,0.01,0.01,2353.8229,1776323862000
1776323864.868,164.868,0.83,143.79,0.82,68.0,0.84,20.26,0.86,5.0,0.16,24.26,0.15,5.0,0.17,138.79,0.18,68.0,0.01,0.01,2353.83305,1776323863000
1776323865.332,165.332,0.83,137.9,0.82,138.99,0.84,15.26,0.86,6.0,0.16,20.26,0.14,5.0,0.17,143.79,0.18,68.0,0.01,0.01,2353.83305,1776323863000
1776323865.533,165.533,0.86,5.81,0.83,285.89,0.89,20.41,0.9,87.0,0.13,5.0,0.11,41.79,0.17,290.89,0.18,99.18,0.03,0.04,2353.83305,1776323864000
1776323865.796,165.796,0.9,45.0,0.89,15.0,0.91,143.9,0.92,158.9,0.11,20.41,0.1,87.0,0.14,5.81,0.17,285.89,0.01,0.03,2353.83305,1776323864000
1776323866.072,166.072,0.9,43.0,0.89,20.0,0.91,75.0,0.92,125.0,0.09,125.0,0.08,173.9,0.1,23.0,0.11,10.0,0.01,0.01,2353.800982,1776323865000
1776323866.492,166.492,0.92,25.0,0.91,10.0,0.93,47.0,0.94,88.8,0.09,68.0,0.08,125.0,0.1,43.0,0.11,20.0,0.01,0.01,2353.800982,1776323865000
1776323866.823,166.823,0.92,59.0,0.91,17.0,0.93,47.02,0.94,158.8,0.07,36.9,0.06,88.8,0.08,25.0,0.09,10.0,0.01,0.01,2353.800982,1776323865000
1776323867.301,167.301,0.92,83.0,0.91,75.81,0.93,60.63,0.94,88.8,0.07,40.63,0.06,88.8,0.08,84.0,0.09,17.0,0.01,0.01,2353.800982,1776323865000
1776323867.647,167.647,0.92,78.0,0.91,21.0,0.93,48.92,0.94,88.8,0.07,60.63,0.06,88.8,0.08,83.0,0.09,75.81,0.01,0.01,2353.798855,1776323866000
1776323868.509,168.509,0.92,88.0,0.91,16.0,0.93,27.16,0.94,172.13,0.07,32.16,0.06,88.8,0.08,88.0,0.09,21.0,0.01,0.01,2354.067861,1776323867000
1776323870.031,170.031,0.92,82.0,0.91,16.0,0.93,25.73,0.94,181.13,0.07,27.16,0.06,172.13,0.08,88.0,0.09,16.0,0.01,0.01,2354.379086,1776323868000
1776323870.67,170.67,0.92,72.0,0.91,16.0,0.94,154.06,0.95,157.6,0.07,7.93,0.06,156.13,0.08,77.0,0.09,16.0,0.02,0.01,2354.50679,1776323869000
1776323871.092,171.092,0.93,20.0,0.92,67.0,0.94,144.84,0.95,157.6,0.06,154.06,0.05,157.6,0.08,72.0,0.09,16.0,0.01,0.02,2354.50679,1776323869000
1776323871.483,171.483,0.93,16.81,0.92,67.0,0.94,139.84,0.95,157.6,0.06,144.84,0.05,157.6,0.07,20.0,0.08,67.0,0.01,0.01,2354.50679,1776323869000
1776323871.938,171.938,0.93,21.81,0.92,41.0,0.94,3.93,0.95,45.8,0.06,139.84,0.05,157.6,0.07,16.81,0.08,67.0,0.01,0.01,2354.642056,1776323870000
1776323872.17,172.17,0.94,20.0,0.93,11.81,0.95,30.48,0.96,238.8,0.05,35.48,0.04,238.8,0.07,16.81,0.08,41.0,0.01,0.02,2354.519025,1776323871000
1776323874.576,174.576,0.94,30.0,0.93,16.81,0.95,36.42,0.96,238.8,0.05,30.48,0.04,238.8,0.06,20.0,0.07,11.81,0.01,0.01,2354.57065,1776323873000
1776323880.212,180.212,0.91,112.75,0.9,48.18,0.95,10.42,0.96,226.8,0.05,31.42,0.04,238.8,0.06,25.0,0.07,16.81,0.04,0.01,2354.6154,1776323878000
1776323880.633,180.633,0.93,10.0,0.92,10.0,0.94,8.93,0.95,101.22,0.05,10.42,0.04,226.8,0.09,112.75,0.1,48.18,0.01,0.04,2354.66975,1776323879000
1776323880.995,180.995,0.93,29.35,0.92,32.0,0.95,88.09,0.96,226.8,0.06,3.93,0.05,101.22,0.07,10.0,0.08,10.0,0.02,0.01,2354.66975,1776323879000
1776323881.205,181.205,0.94,15.0,0.93,62.35,0.96,123.27,0.97,445.7,0.04,226.27,0.03,445.7,0.07,64.35,0.08,94.57,0.02,0.03,2354.66975,1776323879000
1776323882.02,182.02,0.95,15.0,0.94,37.0,0.96,123.27,0.97,592.7,0.04,123.27,0.03,445.7,0.06,15.0,0.07,62.35,0.01,0.02,2354.619426,1776323881000
1776323884.525,184.525,0.95,20.0,0.94,42.0,0.96,79.4,0.97,592.7,0.04,123.27,0.03,592.7,0.05,15.0,0.06,37.0,0.01,0.01,2354.756883,1776323883000
1776323885.926,185.926,0.95,16.15,0.94,42.0,0.96,60.4,0.97,592.7,0.04,79.4,0.03,592.7,0.05,20.0,0.06,42.0,0.01,0.01,2354.739815,1776323884000
1776323887.701,187.701,0.95,16.15,0.94,42.0,0.96,58.31,0.97,592.7,0.04,60.4,0.03,592.7,0.05,16.15,0.06,42.0,0.01,0.01,2354.736505,1776323886000
1776323890.134,190.134,0.95,1.15,0.94,87.0,0.96,47.31,0.97,586.7,0.04,58.31,0.03,592.7,0.05,16.15,0.06,42.0,0.01,0.01,2354.772936,1776323889000
1776323890.937,190.937,0.95,157.75,0.94,223.0,0.96,36.31,0.97,592.7,0.04,47.31,0.03,586.7,0.05,1.15,0.06,87.0,0.01,0.01,2354.772936,1776323889000
1776323891.726,191.726,0.95,180.75,0.94,222.0,0.96,20.31,0.97,469.0,0.04,36.31,0.03,592.7,0.05,157.75,0.06,223.0,0.01,0.01,2354.714495,1776323890000
1776323893.781,193.781,0.95,103.69,0.94,196.0,0.96,20.31,0.97,537.7,0.04,20.31,0.03,469.0,0.05,180.75,0.06,222.0,0.01,0.01,2354.735486,1776323892000
1776323894.727,194.727,0.95,15.69,0.94,45.0,0.96,44.31,0.97,570.7,0.04,20.31,0.03,537.7,0.05,103.69,0.06,196.0,0.01,0.01,2354.735365,1776323893000
1776323895.028,195.028,0.95,0.69,0.94,45.0,0.96,25.31,0.97,575.7,0.04,44.31,0.03,570.7,0.05,15.69,0.06,45.0,0.01,0.01,2354.80785,1776323894000
1776323895.875,195.875,0.94,30.69,0.93,126.99,0.96,52.31,0.97,570.7,0.04,25.31,0.03,575.7,0.05,0.69,0.06,45.0,0.02,0.01,2354.80785,1776323894000
1776323896.353,196.353,0.94,60.69,0.93,126.99,0.95,4.73,0.96,151.11,0.04,52.31,0.03,570.7,0.06,30.69,0.07,126.99,0.01,0.02,2354.80785,1776323894000
1776323897.363,197.363,0.95,30.0,0.94,30.69,0.96,136.4,0.97,582.7,0.05,4.73,0.04,151.11,0.06,60.69,0.07,126.99,0.01,0.01,2354.657257,1776323896000
1776323902.673,202.673,0.92,5.0,0.91,5.0,0.94,5.0,0.95,61.0,0.04,136.4,0.03,582.7,0.05,30.0,0.06,30.69,0.02,0.01,2354.56278,1776323901000
1776323903.02,203.02,0.92,1.53,0.91,10.0,0.94,32.0,0.95,36.0,0.06,5.0,0.05,61.0,0.1,36.21,0.11,15.0,0.02,0.04,2354.56278,1776323901000
1776323904.725,204.725,0.91,10.0,0.9,40.44,0.92,4.94,0.93,85.3,0.06,32.0,0.05,36.0,0.08,1.53,0.09,10.0,0.01,0.02,2354.515964,1776323903000
1776323905.761,205.761,0.9,4.65,0.89,37.68,0.91,104.0,0.92,68.9,0.08,4.94,0.07,85.3,0.09,10.0,0.1,40.44,0.01,0.01,2354.347043,1776323904000
1776323906.103,206.103,0.9,34.65,0.89,37.68,0.91,95.9,0.92,63.9,0.09,104.0,0.08,68.9,0.1,4.65,0.11,37.68,0.01,0.01,2354.251906,1776323905000
1776323909.079,209.079,0.9,94.65,0.89,10.0,0.91,53.0,0.92,53.9,0.09,95.9,0.08,63.9,0.1,34.65,0.11,37.68,0.01,0.01,2354.157043,1776323907000
1776323909.662,209.662,0.9,84.65,0.89,10.0,0.91,7.9,0.92,53.9,0.09,53.0,0.08,53.9,0.1,94.65,0.11,10.0,0.01,0.01,2354.157043,1776323907000
1776323910.566,210.566,0.91,72.0,0.9,92.65,0.94,63.7,0.95,111.8,0.09,7.9,0.08,53.9,0.1,84.65,0.11,10.0,0.03,0.01,2354.120305,1776323909000
1776323911.692,211.692,0.93,46.71,0.92,37.0,0.94,10.0,0.95,85.8,0.06,58.7,0.05,111.8,0.09,72.0,0.1,87.65,0.01,0.03,2354.12061,1776323910000
1776323912.058,212.058,0.93,53.71,0.92,37.0,0.95,67.63,0.96,211.4,0.06,10.0,0.05,85.8,0.07,46.71,0.08,37.0,0.02,0.01,2354.12061,1776323910000
1776323914.436,214.436,0.93,58.71,0.92,37.0,0.95,8.95,0.96,152.4,0.05,67.63,0.04,211.4,0.07,53.71,0.08,37.0,0.02,0.02,2354.299486,1776323913000
1776323916.649,216.649,0.94,81.0,0.93,28.71,0.95,29.91,0.96,147.6,0.05,8.95,0.04,152.4,0.07,58.71,0.08,37.0,0.01,0.02,2354.262915,1776323915000
1776323916.931,216.931,0.94,81.0,0.93,53.71,0.95,22.05,0.96,53.6,0.05,29.91,0.04,147.6,0.06,81.0,0.07,28.71,0.01,0.01,2354.262915,1776323915000
1776323917.385,217.385,0.94,154.99,0.93,132.48,0.95,21.95,0.97,145.0,0.05,22.05,0.04,53.6,0.06,81.0,0.07,53.71,0.01,0.01,2354.31305,1776323916000
1776323917.737,217.737,0.94,160.99,0.93,132.48,0.95,16.95,0.97,130.0,0.05,21.95,0.03,145.0,0.06,154.99,0.07,132.48,0.01,0.01,2354.31305,1776323916000
1776323918.545,218.545,0.94,190.99,0.93,113.48,0.95,11.95,0.97,116.0,0.05,16.95,0.03,130.0,0.06,160.99,0.07,132.48,0.01,0.01,2354.31815,1776323917000
1776323920.26,220.26,0.94,254.79,0.93,168.78,0.95,6.95,0.97,116.0,0.05,11.95,0.03,116.0,0.06,190.99,0.07,113.48,0.01,0.01,2354.430975,1776323918000
1776323921.064,221.064,0.94,310.79,0.93,168.78,0.95,1.95,0.97,116.0,0.05,6.95,0.03,116.0,0.06,254.79,0.07,168.78,0.01,0.01,2354.51197,1776323920000
1776323921.927,221.927,0.94,315.79,0.93,168.78,0.97,112.95,0.98,1226.0,0.05,1.95,0.03,116.0,0.06,310.79,0.07,168.78,0.03,0.01,2354.51197,1776323920000
1776323925.506,225.506,0.95,141.4,0.94,293.79,0.97,117.95,0.98,679.0,0.03,112.95,0.02,1226.0,0.06,315.79,0.07,168.78,0.02,0.03,2354.601367,1776323924000
1776323927.498,227.498,0.95,251.39,0.94,139.22,0.97,107.79,0.98,653.0,0.03,117.95,0.02,679.0,0.05,141.4,0.06,293.79,0.02,0.02,2354.62325,1776323926000
1776323931.172,231.172,0.96,82.0,0.95,226.39,0.97,106.75,0.98,590.0,0.03,107.79,0.02,653.0,0.05,251.39,0.06,139.22,0.01,0.02,2354.529486,1776323930000
1776323931.451,231.451,0.96,82.0,0.95,216.39,0.97,101.75,0.98,596.0,0.03,106.75,0.02,590.0,0.04,82.0,0.05,226.39,0.01,0.01,2354.529486,1776323930000
1776323932.267,232.267,0.96,42.0,0.95,216.39,0.97,101.75,0.98,585.0,0.03,101.75,0.02,596.0,0.04,82.0,0.05,216.39,0.01,0.01,2354.529486,1776323930000
1776323933.534,233.534,0.96,145.7,0.95,236.39,0.97,5.94,0.98,577.0,0.03,101.75,0.02,585.0,0.04,42.0,0.05,216.39,0.01,0.01,2354.528415,1776323932000
1776323933.886,233.886,0.96,190.7,0.95,236.39,0.97,0.94,0.98,577.0,0.03,5.94,0.02,577.0,0.04,145.7,0.05,236.39,0.01,0.01,2354.528415,1776323932000
1776323934.346,234.346,0.96,250.69,0.95,178.82,0.98,523.05,0.99,3092.63,0.03,0.94,0.02,577.0,0.04,190.7,0.05,236.39,0.02,0.01,2354.583707,1776323933000
1776323934.702,234.702,0.97,42.0,0.96,262.69,0.98,204.05,0.99,2988.63,0.02,523.05,0.01,3092.63,0.04,250.69,0.05,178.82,0.01,0.02,2354.583707,1776323933000
1776323935.051,235.051,0.97,42.0,0.96,259.69,0.98,202.02,0.99,2988.63,0.02,204.05,0.01,2988.63,0.03,42.0,0.04,262.69,0.01,0.01,2354.583707,1776323933000
1776323935.517,235.517,0.97,42.0,0.96,259.69,0.98,202.02,0.99,2988.63,0.02,202.02,0.01,2988.63,0.03,42.0,0.04,259.69,0.01,0.01,2354.568865,1776323934000
1776323936.34,236.34,0.97,108.0,0.96,269.69,0.98,173.0,0.99,2625.03,0.02,177.0,0.01,2988.63,0.03,42.0,0.04,259.69,0.01,0.01,2354.56798,1776323935000
1776323937.161,237.161,0.97,108.0,0.96,275.69,0.98,168.0,0.99,2225.03,0.02,173.0,0.01,2625.03,0.03,108.0,0.04,269.69,0.01,0.01,2354.56798,1776323935000
1776323937.97,237.97,0.97,336.69,0.96,201.12,0.98,157.0,0.99,1885.03,0.02,168.0,0.01,2225.03,0.03,108.0,0.04,275.69,0.01,0.01,2354.63973,1776323936000
1776323938.773,238.773,0.97,338.69,0.96,201.12,0.98,152.0,0.99,1844.03,0.02,157.0,0.01,1885.03,0.03,336.69,0.04,201.12,0.01,0.01,2354.64088,1776323937000
1776323939.079,239.079,0.97,343.69,0.96,201.12,0.98,52.82,0.99,1844.03,0.02,152.0,0.01,1844.03,0.03,338.69,0.04,201.12,0.01,0.01,2354.64088,1776323937000
1776323939.435,239.435,0.97,343.69,0.96,201.12,0.98,50.77,0.99,1844.03,0.02,52.82,0.01,1844.03,0.03,343.69,0.04,201.12,0.01,0.01,2354.679741,1776323938000
1776323940.38,240.38,0.97,310.58,0.96,176.12,0.98,20.77,0.99,1744.03,0.02,25.77,0.01,1844.03,0.03,343.69,0.04,201.12,0.01,0.01,2354.679741,1776323938000
1776323941.148,241.148,0.97,376.0,0.96,176.12,0.98,18.72,0.99,1744.03,0.02,20.77,0.01,1744.03,0.03,310.58,0.04,176.12,0.01,0.01,2354.767975,1776323940000
1776323941.358,241.358,0.97,266.17,0.96,176.12,0.98,10.0,0.99,2447.56,0.01,1742.56,,,0.03,371.17,0.04,176.12,0.01,0.02,2354.767975,1776323940000
1776323941.609,241.609,0.97,286.17,0.96,171.12,0.99,2640.95,,,0.02,4.39,0.01,2642.56,0.03,266.17,0.04,176.12,0.02,0.01,2354.767975,1776323940000
1776323942.01,242.01,0.98,203.7,0.97,281.17,0.99,2617.66,,,0.01,2640.95,,,0.03,286.17,0.04,171.12,0.01,0.02,2354.767975,1776323940000
1776323942.218,242.218,0.98,203.7,0.97,286.17,0.99,2592.45,,,0.01,2612.66,,,0.02,203.7,0.03,281.17,0.01,0.01,2354.767975,1776323940000
1776323942.597,242.597,0.98,201.15,0.97,286.17,0.99,2592.45,,,0.01,2592.45,,,0.02,203.7,0.03,286.17,0.01,0.01,2354.767975,1776323940000
1776323943.019,243.019,0.98,216.28,0.97,279.17,0.99,2572.25,,,0.01,2592.45,,,0.02,201.15,0.03,286.17,0.01,0.01,2354.912479,1776323941000
1776323943.887,243.887,0.98,256.28,0.97,279.17,0.99,2528.58,,,0.01,2559.01,,,0.02,216.28,0.03,279.17,0.01,0.01,2354.73095,1776323942000
1776323945.064,245.064,0.98,271.28,0.97,284.17,0.99,2343.38,,,0.01,2528.58,,,0.02,256.28,0.03,279.17,0.01,0.01,2354.694967,1776323944000
1776323945.351,245.351,0.98,256.28,0.97,284.17,0.99,2335.3,,,0.01,2343.38,,,0.02,271.28,0.03,284.17,0.01,0.01,2354.694967,1776323944000
1776323946.24,246.24,0.98,256.28,0.97,284.17,0.99,2260.3,,,0.01,2335.3,,,0.02,256.28,0.03,284.17,0.01,0.01,2354.704399,1776323945000
1776323946.801,246.801,0.98,256.28,0.97,284.17,0.99,2188.3,,,0.01,2260.3,,,0.02,256.28,0.03,284.17,0.01,0.01,2354.704399,1776323945000
1776323947.383,247.383,0.98,256.28,0.97,284.17,0.99,1968.25,,,0.01,2188.3,,,0.02,256.28,0.03,284.17,0.01,0.01,2354.704399,1776323945000
1776323947.656,247.656,0.98,256.28,0.97,284.17,0.99,1971.25,,,0.01,1968.25,,,0.02,256.28,0.03,284.17,0.01,0.01,2354.70715,1776323946000
1776323948.235,248.235,0.98,206.28,0.97,283.17,0.99,1966.25,,,0.01,1971.25,,,0.02,256.28,0.03,284.17,0.01,0.01,2354.70715,1776323946000
1776323948.637,248.637,0.98,206.28,0.97,283.17,0.99,1928.35,,,0.01,1966.25,,,0.02,206.28,0.03,283.17,0.01,0.01,2354.704175,1776323947000
1776323949.122,249.122,0.98,223.3,0.97,283.17,0.99,1908.46,,,0.01,1928.35,,,0.02,206.28,0.03,283.17,0.01,0.01,2354.704175,1776323947000
1776323949.584,249.584,0.98,288.29,0.97,225.6,0.99,1893.26,,,0.01,1908.46,,,0.02,223.3,0.03,283.17,0.01,0.01,2354.704175,1776323947000
1776323950.831,250.831,0.98,307.29,0.97,225.6,0.99,947.34,,,0.01,1862.45,,,0.02,288.29,0.03,225.6,0.01,0.01,2354.841358,1776323949000
1776323951.073,251.073,0.98,307.29,0.97,225.6,0.99,914.73,,,0.01,945.34,,,0.02,312.29,0.03,225.6,0.01,0.01,2354.841358,1776323949000
1776323951.583,251.583,0.98,307.29,0.97,225.6,0.99,873.62,,,0.01,904.68,,,0.02,307.29,0.03,225.6,0.01,0.01,2354.841358,1776323949000
1776323951.926,251.926,0.98,299.74,0.97,225.6,0.99,868.56,,,0.01,873.56,,,0.02,299.74,0.03,225.6,0.01,0.01,2354.797992,1776323950000
1776323952.398,252.398,0.98,304.74,0.97,225.6,0.99,856.47,,,0.01,861.53,,,0.02,299.74,0.03,225.6,0.01,0.01,2354.72944,1776323951000
1776323952.811,252.811,0.98,310.74,0.97,224.6,0.99,853.42,,,0.01,858.42,,,0.02,304.74,0.03,225.6,0.01,0.01,2354.72944,1776323951000
1776323953.108,253.108,0.98,323.16,0.97,224.6,0.99,844.9,,,0.01,851.39,,,0.02,310.74,0.03,224.6,0.01,0.01,2354.72944,1776323952000
1776323953.541,253.541,0.98,323.16,0.97,224.6,0.99,832.87,,,0.01,837.87,,,0.02,318.16,0.03,224.6,0.01,0.01,2354.72944,1776323952000
1776323953.992,253.992,0.98,330.16,0.97,224.6,0.99,829.24,,,0.01,830.84,,,0.02,323.16,0.03,224.6,0.01,0.01,2354.72944,1776323952000
1776323954.345,254.345,0.98,330.16,0.97,224.6,0.99,824.24,,,0.01,829.24,,,0.02,330.16,0.03,224.6,0.01,0.01,2354.72944,1776323952000
1776323955.077,255.077,0.98,352.16,0.97,224.6,0.99,823.22,,,0.01,824.24,,,0.02,330.16,0.03,224.6,0.01,0.01,2354.728625,1776323954000
1776323955.525,255.525,0.98,352.16,0.97,224.6,0.99,813.16,,,0.01,818.22,,,0.02,352.16,0.03,224.6,0.01,0.01,2354.728625,1776323954000
1776323955.981,255.981,0.98,347.16,0.97,224.6,0.99,808.16,,,0.01,813.16,,,0.02,352.16,0.03,224.6,0.01,0.01,2354.728625,1776323954000
1776323956.791,256.791,0.98,347.16,0.97,224.6,0.99,703.16,,,0.01,808.16,,,0.02,347.16,0.03,224.6,0.01,0.01,2354.815236,1776323955000
1776323957.54,257.54,0.98,347.16,0.97,224.6,0.99,700.16,,,0.01,703.16,,,0.02,347.16,0.03,224.6,0.01,0.01,2354.819511,1776323956000
1776323958.41,258.41,0.98,369.16,0.97,223.6,0.99,681.16,,,0.01,686.16,,,0.02,352.16,0.03,224.6,0.01,0.01,2354.819511,1776323956000
1776323959.213,259.213,0.98,443.16,0.97,223.6,0.99,676.16,,,0.01,681.16,,,0.02,369.16,0.03,223.6,0.01,0.01,2354.81837,1776323957000
1776323959.581,259.581,0.98,443.16,0.97,223.6,0.99,574.16,,,0.01,676.16,,,0.02,443.16,0.03,223.6,0.01,0.01,2354.91625,1776323958000
1776323960.062,260.062,0.98,443.16,0.97,200.18,0.99,569.16,,,0.01,574.16,,,0.02,443.16,0.03,223.6,0.01,0.01,2354.91625,1776323958000
1776323960.899,260.899,0.98,458.16,0.97,200.18,0.99,564.16,,,0.01,569.16,,,0.02,443.16,0.03,200.18,0.01,0.01,2354.790969,1776323959000
1776323961.74,261.74,0.98,383.16,0.97,200.18,0.99,559.16,,,0.01,564.16,,,0.02,458.16,0.03,200.18,0.01,0.01,2354.80892,1776323960000
1776323962.326,262.326,0.98,388.16,0.97,200.18,0.99,554.16,,,0.01,559.16,,,0.02,383.16,0.03,200.18,0.01,0.01,2354.80899,1776323961000
1776323965.695,265.695,0.98,383.16,0.97,189.87,0.99,544.06,,,0.01,554.16,,,0.02,388.16,0.03,200.18,0.01,0.01,2354.901115,1776323964000
1776323966.432,266.432,0.98,388.16,0.97,189.87,0.99,527.06,,,0.01,544.06,,,0.02,383.16,0.03,189.87,0.01,0.01,2354.892235,1776323965000
1776323966.725,266.725,0.98,421.16,0.97,189.87,0.99,517.01,,,0.01,527.06,,,0.02,388.16,0.03,189.87,0.01,0.01,2354.892235,1776323965000
1776323968.811,268.811,0.98,338.35,0.97,189.87,0.99,11.85,,,0.01,511.91,,,0.02,436.35,0.03,189.87,0.01,0.01,2354.796474,1776323967000
1776323969.175,269.175,0.98,338.35,0.97,189.87,,,,,0.01,11.85,,,0.02,338.35,0.03,189.87,,0.01,2354.765609,1776323968000
1776323970.459,270.459,0.99,402.49,0.98,288.35,,,,,,,,,0.02,338.35,0.03,189.87,,,2354.665423,1776323969000
1776323971.02,271.02,0.99,268.51,0.98,288.35,,,,,,,,,0.01,402.49,0.02,288.35,,,2354.665423,1776323969000
1776323981.679,281.679,0.99,114.23,0.98,138.75,,,,,,,,,0.01,268.51,0.02,288.35,,,2354.47555,1776323980000
1776323983.235,283.235,0.99,99.19,0.98,54.76,,,,,,,,,0.01,105.23,0.02,138.75,,,2354.389601,1776323982000
1776323983.621,283.621,0.96,81.0,0.95,10.0,,,,,,,,,0.02,54.76,0.03,121.99,,,2354.389601,1776323982000
1776323984.602,284.602,0.94,10.0,0.93,10.0,0.95,246.58,0.99,110.0,,,,,0.04,81.0,0.05,10.0,0.01,,2354.0758,1776323983000
1776323984.874,284.874,0.94,71.42,0.93,29.0,0.95,238.3,0.98,10.0,0.05,246.58,0.01,110.0,0.06,10.0,0.07,10.0,0.01,0.01,2354.0758,1776323983000
1776323985.26,285.26,0.94,114.42,0.93,29.0,0.95,189.32,0.98,10.0,0.05,200.56,0.02,10.0,0.06,71.42,0.07,29.0,0.01,0.01,2353.953158,1776323984000
1776323985.52,285.52,0.94,119.42,0.93,29.0,0.95,123.32,0.98,10.0,0.05,133.32,0.02,10.0,0.06,114.42,0.07,29.0,0.01,0.01,2353.953158,1776323984000
1776323985.728,285.728,0.94,125.42,0.93,29.0,0.95,53.08,0.98,10.0,0.05,68.08,0.02,10.0,0.06,114.42,0.07,29.0,0.01,0.01,2353.953158,1776323984000
1776323986.081,286.081,0.94,125.42,0.93,29.0,0.95,49.92,0.98,10.0,0.05,53.08,0.02,10.0,0.06,125.42,0.07,29.0,0.01,0.01,2353.953158,1776323984000
1776323987.454,287.454,0.94,120.42,0.93,99.0,0.95,39.52,0.97,10.0,0.05,49.92,0.02,10.0,0.06,110.42,0.07,29.0,0.01,0.01,2353.643485,1776323986000
1776323987.919,287.919,0.96,54.41,0.95,103.26,0.97,5.0,0.98,10.0,0.03,5.0,0.02,10.0,0.04,17.0,0.05,10.0,0.01,0.01,2353.643485,1776323986000
1776323988.421,288.421,0.97,10.0,0.96,25.59,0.98,2.93,0.99,110.0,0.02,7.93,0.01,110.0,0.04,34.59,0.05,103.26,0.01,0.02,2353.694425,1776323987000
1776323988.642,288.642,0.97,10.0,0.96,25.59,0.98,1.9,0.99,110.0,0.02,2.93,0.01,110.0,0.03,10.0,0.04,25.59,0.01,0.01,2353.694425,1776323987000
1776323989.071,289.071,0.97,5.0,0.96,25.59,0.99,106.83,,,0.02,1.9,0.01,110.0,0.03,10.0,0.04,25.59,0.02,0.01,2353.694425,1776323987000
1776323989.898,289.898,0.97,4.08,0.96,25.0,0.98,10.0,0.99,106.83,0.02,10.0,0.01,106.83,0.03,48.42,0.04,25.0,0.01,0.01,2353.699963,1776323988000
1776323990.413,290.413,0.97,9.08,0.96,25.0,0.98,3.92,0.99,106.83,0.02,5.0,0.01,106.83,0.03,19.08,0.04,25.0,0.01,0.01,2353.699963,1776323989000
1776323990.868,290.868,0.97,21.41,0.96,25.0,0.99,105.75,,,0.02,3.92,0.01,106.83,0.03,9.08,0.04,25.0,0.02,0.01,2353.699963,1776323989000
1776323991.154,291.154,0.98,5.0,0.97,26.41,,,,,,,,,0.02,5.0,0.03,31.41,,,2353.64877,1776323990000
1776323993.511,293.511,0.99,1960.52,0.98,28.42,,,,,,,,,0.02,5.0,0.03,26.41,,,2353.695,1776323992000
1776323993.864,293.864,0.99,2540.52,0.98,28.42,,,,,,,,,0.01,1960.52,0.02,28.42,,,2353.695,1776323992000
1776323998.198,298.198,0.99,5303.32,0.98,5.0,,,,,,,,,0.01,2540.52,0.02,28.42,,,2354.079915,1776323996000

# RESULT,winner=Up,slug=eth-updown-5m-1776323700,ticks=276
