timestamp,elapsed_sec,up_bid_p1,up_bid_s1,up_bid_p2,up_bid_s2,up_ask_p1,up_ask_s1,up_ask_p2,up_ask_s2,down_bid_p1,down_bid_s1,down_bid_p2,down_bid_s2,down_ask_p1,down_ask_s1,down_ask_p2,down_ask_s2,up_spread,down_spread,eth_price,eth_oracle_ts
1776335701.027,1.027,0.5,5.0,0.47,8.27,0.51,1.1,0.52,5.25,0.48,5.25,0.47,5.0,0.5,5.0,0.53,8.27,0.01,0.02,2335.350844,1776335699000
1776335702.847,2.847,0.5,5.0,0.49,22.0,0.51,1.1,0.52,15.25,0.49,1.1,0.48,5.25,0.5,5.0,0.53,8.27,0.01,0.01,2335.36508,1776335701000
1776335703.946,3.946,0.5,33.0,0.49,44.0,0.51,0.92,0.52,27.25,0.49,1.1,0.48,15.25,0.5,5.0,0.51,22.0,0.01,0.01,2335.4,1776335702000
1776335704.873,4.873,0.5,43.0,0.49,39.0,0.52,23.17,0.53,10.0,0.49,0.92,0.48,27.25,0.5,33.0,0.51,44.0,0.02,0.01,2335.443773,1776335703000
1776335705.959,5.959,0.52,30.0,0.51,45.0,0.53,2.0,0.54,6.71,0.48,23.17,0.47,10.0,0.5,43.0,0.51,39.0,0.01,0.02,2335.395825,1776335704000
1776335706.517,6.517,0.56,19.2,0.55,12.0,0.58,84.85,0.59,15.0,0.46,5.61,0.45,5.0,0.48,30.0,0.49,45.0,0.02,0.02,2335.406285,1776335705000
1776335707.145,7.145,0.5,71.62,0.49,32.0,0.51,10.0,0.52,27.0,0.42,59.35,0.41,15.0,0.44,19.2,0.45,12.0,0.01,0.02,2335.52658,1776335706000
1776335707.347,7.347,0.5,65.5,0.49,37.0,0.51,10.0,0.52,37.0,0.49,10.0,0.48,27.0,0.5,71.62,0.51,32.0,0.01,0.01,2335.52658,1776335706000
1776335707.564,7.564,0.5,65.5,0.49,50.0,0.51,4.9,0.52,37.0,0.49,10.0,0.48,37.0,0.5,65.5,0.51,37.0,0.01,0.01,2335.52658,1776335706000
1776335710.448,10.448,0.5,22.0,0.49,59.01,0.51,19.01,0.52,32.0,0.49,4.9,0.48,37.0,0.5,65.5,0.51,50.0,0.01,0.01,2335.406909,1776335709000
1776335710.959,10.959,0.5,15.5,0.49,12.0,0.51,94.51,0.52,47.0,0.49,19.01,0.48,32.0,0.5,22.0,0.51,59.01,0.01,0.01,2335.406909,1776335709000
1776335711.887,11.887,0.41,20.5,0.4,37.5,0.42,35.0,0.43,27.0,0.49,94.51,0.48,57.0,0.51,7.92,0.58,70.0,0.01,0.02,2335.392345,1776335710000
1776335712.198,12.198,0.41,7.02,0.4,37.5,0.42,40.0,0.43,27.0,0.58,35.0,0.57,27.0,0.59,20.5,0.6,37.5,0.01,0.01,2335.35108,1776335711000
1776335713.184,13.184,0.5,15.0,0.49,25.5,0.53,8.24,0.54,10.5,0.58,14.04,0.57,27.0,0.59,57.5,0.6,66.5,0.03,0.01,2335.35108,1776335711000
1776335713.408,13.408,0.57,10.0,0.56,10.0,0.58,7.5,0.59,15.5,0.42,5.5,0.41,15.5,0.43,10.0,0.44,10.0,0.01,0.01,2335.199797,1776335712000
1776335713.747,13.747,0.57,12.67,0.56,42.0,0.58,13.0,0.59,97.5,0.42,7.5,0.41,15.5,0.43,10.0,0.44,10.0,0.01,0.01,2335.199797,1776335712000
1776335714.155,14.155,0.57,20.06,0.56,55.0,0.58,13.0,0.59,92.5,0.42,13.0,0.41,92.5,0.43,6.53,0.44,42.0,0.01,0.01,2335.199797,1776335712000
1776335714.384,14.384,0.57,18.09,0.56,45.0,0.58,11.27,0.59,92.5,0.42,13.0,0.41,92.5,0.43,23.09,0.44,55.0,0.01,0.01,2335.181856,1776335713000
1776335715.522,15.522,0.57,23.09,0.56,51.0,0.58,8.27,0.59,92.5,0.42,11.27,0.41,92.5,0.43,18.09,0.44,45.0,0.01,0.01,2335.181856,1776335713000
1776335716.245,16.245,0.6,10.0,0.59,41.0,0.61,1.6,0.64,5.5,0.42,8.27,0.41,92.5,0.43,23.09,0.44,51.0,0.01,0.01,2335.825928,1776335714000
1776335716.591,16.591,0.63,92.0,0.62,22.0,0.67,9.66,0.73,5.0,0.36,3.84,0.34,132.0,0.37,10.0,0.38,10.0,0.04,0.01,2335.825928,1776335714000
1776335716.796,16.796,0.69,70.0,0.68,7.35,0.73,25.93,0.77,12.0,0.23,12.0,0.21,87.0,0.32,7.35,0.37,92.0,0.04,0.09,2335.893961,1776335715000
1776335717.023,17.023,0.76,10.0,0.75,16.0,0.77,2.77,0.79,87.0,0.23,4.2,0.21,87.0,0.26,30.0,0.28,70.0,0.01,0.03,2335.893961,1776335715000
1776335717.72,17.72,0.78,15.0,0.77,27.12,0.79,60.14,0.8,10.0,0.21,80.63,0.2,18.0,0.24,10.0,0.25,16.0,0.01,0.03,2335.895011,1776335716000
1776335717.963,17.963,0.78,15.0,0.77,27.12,0.79,64.2,0.8,42.0,0.21,49.62,0.2,10.0,0.22,15.0,0.23,27.12,0.01,0.01,2335.895011,1776335716000
1776335718.212,18.212,0.77,27.12,0.76,32.0,0.79,144.2,0.8,122.0,0.21,64.2,0.2,42.0,0.22,15.0,0.23,27.12,0.02,0.01,2335.895011,1776335716000
1776335718.488,18.488,0.77,32.12,0.76,32.0,0.79,130.2,0.8,122.0,0.21,144.2,0.2,122.0,0.23,27.12,0.24,32.0,0.02,0.02,2336.243619,1776335717000
1776335718.983,18.983,0.78,5.45,0.77,52.12,0.79,138.65,0.8,122.0,0.21,141.2,0.2,122.0,0.22,5.45,0.23,32.12,0.01,0.01,2336.243619,1776335717000
1776335719.666,19.666,0.78,5.9,0.77,52.12,0.79,156.12,0.8,197.0,0.21,138.65,0.2,122.0,0.22,0.9,0.23,52.12,0.01,0.01,2336.243619,1776335717000
1776335720.322,20.322,0.77,13.02,0.76,50.0,0.79,180.12,0.8,319.3,0.21,156.12,0.2,197.0,0.22,5.9,0.23,52.12,0.02,0.01,2337.36399,1776335719000
1776335720.934,20.934,0.77,7.32,0.76,40.0,0.78,165.5,0.79,137.12,0.22,7.0,0.21,175.12,0.23,6.02,0.24,50.0,0.01,0.01,2337.36399,1776335719000
1776335721.276,21.276,0.76,30.97,0.75,49.0,0.78,160.5,0.79,137.12,0.22,165.5,0.21,137.12,0.23,7.32,0.24,40.0,0.02,0.01,2337.36399,1776335719000
1776335722.308,22.308,0.76,25.0,0.75,15.0,0.77,206.5,0.78,171.79,0.22,160.5,0.21,137.12,0.24,30.97,0.25,49.0,0.01,0.02,2337.328915,1776335721000
1776335722.942,22.942,0.75,10.0,0.74,62.0,0.76,210.22,0.77,150.5,0.24,177.5,0.23,195.5,0.25,11.0,0.26,50.0,0.01,0.01,2337.328915,1776335721000
1776335723.42,23.42,0.74,57.73,0.73,61.0,0.76,215.22,0.77,150.5,0.24,234.22,0.23,150.5,0.25,1.56,0.26,62.0,0.02,0.01,2337.328915,1776335721000
1776335723.929,23.929,0.74,45.73,0.73,73.0,0.75,185.16,0.76,235.22,0.24,215.22,0.23,150.5,0.26,57.73,0.27,61.0,0.01,0.02,2337.26408,1776335722000
1776335725.569,25.569,0.74,76.73,0.73,49.0,0.75,154.16,0.76,281.22,0.25,185.16,0.24,235.22,0.26,45.73,0.27,73.0,0.01,0.01,2337.1282,1776335724000
1776335727.617,27.617,0.74,36.88,0.73,72.0,0.75,147.82,0.76,269.22,0.25,149.16,0.24,281.22,0.26,72.88,0.27,49.0,0.01,0.01,2337.047844,1776335726000
1776335728.021,28.021,0.74,30.88,0.73,72.0,0.75,177.82,0.76,269.22,0.25,147.82,0.24,269.22,0.26,36.88,0.27,72.0,0.01,0.01,2337.047844,1776335726000
1776335728.321,28.321,0.74,27.03,0.73,55.0,0.75,182.82,0.76,269.22,0.25,177.82,0.24,269.22,0.26,30.88,0.27,72.0,0.01,0.01,2337.047844,1776335726000
1776335729.021,29.021,0.74,33.18,0.73,62.0,0.75,202.82,0.76,269.22,0.25,182.82,0.24,269.22,0.26,27.03,0.27,55.0,0.01,0.01,2337.05137,1776335727000
1776335730.535,30.535,0.73,32.0,0.72,47.0,0.75,208.82,0.76,272.22,0.25,202.82,0.24,269.22,0.26,33.18,0.27,62.0,0.02,0.01,2337.018208,1776335728000
1776335730.902,30.902,0.73,4.81,0.72,41.0,0.74,226.5,0.75,194.82,0.25,208.82,0.24,272.22,0.27,32.0,0.28,47.0,0.01,0.02,2337.04356,1776335729000
1776335732.095,32.095,0.69,38.81,0.68,59.0,0.7,230.5,0.71,212.5,0.26,226.5,0.25,194.82,0.28,37.38,0.29,15.0,0.01,0.02,2337.03462,1776335730000
1776335732.839,32.839,0.66,47.96,0.65,29.0,0.67,185.5,0.68,219.5,0.3,220.5,0.29,262.5,0.31,37.81,0.32,59.0,0.01,0.01,2337.03462,1776335730000
1776335733.272,33.272,0.66,69.49,0.65,51.5,0.67,188.15,0.68,160.5,0.33,205.5,0.32,214.5,0.34,29.0,0.35,41.0,0.01,0.01,2337.007004,1776335732000
1776335733.818,33.818,0.66,69.49,0.65,36.0,0.67,183.5,0.68,160.5,0.33,184.15,0.32,160.5,0.34,69.49,0.35,51.5,0.01,0.01,2337.007004,1776335732000
1776335735.098,35.098,0.66,70.49,0.65,46.0,0.67,181.85,0.68,150.5,0.33,178.5,0.32,160.5,0.34,59.49,0.35,41.0,0.01,0.01,2336.75578,1776335733000
1776335735.319,35.319,0.66,126.34,0.65,56.5,0.67,178.9,0.68,150.5,0.33,181.85,0.32,150.5,0.34,70.49,0.35,46.0,0.01,0.01,2336.44625,1776335734000
1776335735.844,35.844,0.66,131.34,0.65,56.5,0.67,171.91,0.68,150.5,0.33,178.9,0.32,150.5,0.34,126.34,0.35,56.5,0.01,0.01,2336.44625,1776335734000
1776335736.534,36.534,0.66,109.34,0.65,84.5,0.67,60.5,0.68,50.5,0.33,174.7,0.32,150.5,0.34,126.34,0.35,46.0,0.01,0.01,2336.302244,1776335735000
1776335737.696,37.696,0.65,12.0,0.61,26.0,0.66,45.0,0.67,89.5,0.33,60.5,0.32,50.5,0.34,109.34,0.35,84.5,0.01,0.01,2336.372994,1776335736000
1776335738.105,38.105,0.59,33.5,0.58,15.5,0.6,49.0,0.61,35.0,0.38,20.5,0.37,20.5,0.39,19.23,0.4,29.97,0.01,0.01,2336.372994,1776335736000
1776335738.315,38.315,0.59,33.4,0.58,88.09,0.6,61.9,0.61,47.0,0.4,50.9,0.39,35.0,0.41,33.4,0.42,25.5,0.01,0.01,2336.357247,1776335737000
1776335738.578,38.578,0.59,30.0,0.58,101.09,0.6,53.56,0.61,47.0,0.4,40.23,0.39,47.0,0.41,33.4,0.42,88.09,0.01,0.01,2336.357247,1776335737000
1776335739.02,39.02,0.59,101.2,0.58,50.5,0.6,58.56,0.61,62.5,0.4,53.56,0.39,47.0,0.41,30.0,0.42,101.09,0.01,0.01,2336.357247,1776335737000
1776335739.515,39.515,0.59,28.71,0.58,25.0,0.6,84.06,0.61,62.5,0.4,58.56,0.39,62.5,0.41,101.2,0.42,50.5,0.01,0.01,2336.333548,1776335738000
1776335739.73,39.73,0.58,34.71,0.57,46.0,0.59,23.38,0.6,54.06,0.4,84.06,0.39,62.5,0.41,28.71,0.42,25.0,0.01,0.01,2336.333548,1776335738000
1776335740.315,40.315,0.58,21.94,0.57,31.0,0.59,73.38,0.6,124.06,0.41,88.38,0.4,124.06,0.42,21.71,0.43,36.0,0.01,0.01,2336.333548,1776335738000
1776335740.655,40.655,0.58,21.94,0.57,36.0,0.59,66.27,0.6,124.06,0.41,73.38,0.4,124.06,0.42,21.94,0.43,31.0,0.01,0.01,2336.11385,1776335739000
1776335744.066,44.066,0.58,91.71,0.57,98.07,0.59,11.08,0.6,89.06,0.41,66.27,0.4,124.06,0.42,21.94,0.43,36.0,0.01,0.01,2335.933344,1776335743000
1776335745.647,45.647,0.58,47.71,0.57,87.07,0.59,5.42,0.6,89.06,0.41,7.12,0.4,89.06,0.42,96.71,0.43,98.07,0.01,0.01,2335.937886,1776335744000
1776335747.041,47.041,0.58,52.71,0.57,87.07,0.59,4.55,0.6,89.06,0.41,5.42,0.4,89.06,0.42,47.71,0.43,87.07,0.01,0.01,2335.9299,1776335745000
1776335751.307,51.307,0.59,76.0,0.58,49.53,0.6,89.06,0.61,62.5,0.41,4.55,0.4,89.06,0.42,52.71,0.43,87.07,0.01,0.01,2335.933241,1776335750000
1776335755.809,55.809,0.59,81.28,0.58,54.32,0.6,83.33,0.61,32.5,0.4,89.06,0.39,62.5,0.41,76.0,0.42,49.53,0.01,0.01,2335.958473,1776335753000
1776335756.443,56.443,0.59,41.28,0.58,54.32,0.6,83.33,0.61,32.5,0.4,83.33,0.39,32.5,0.41,81.28,0.42,54.32,0.01,0.01,2335.958473,1776335753000
1776335757.199,57.199,0.59,40.28,0.58,54.32,0.6,83.33,0.61,32.5,0.4,83.33,0.39,32.5,0.41,41.28,0.42,54.32,0.01,0.01,2335.958473,1776335753000
1776335760.738,60.738,0.56,12.0,0.52,52.68,0.58,56.41,0.59,62.5,0.4,83.33,0.39,32.5,0.41,40.28,0.42,54.32,0.02,0.01,2335.958473,1776335753000
1776335761.017,61.017,0.49,114.0,0.48,16.5,0.5,15.0,0.51,107.5,0.5,5.0,0.49,25.5,0.51,122.0,0.52,10.5,0.01,0.01,2335.958473,1776335753000
1776335761.257,61.257,0.49,33.84,0.48,16.5,0.5,3.6,0.51,107.5,0.5,15.0,0.49,107.5,0.51,33.84,0.52,16.5,0.01,0.01,2335.958473,1776335753000
1776335761.523,61.523,0.49,56.84,0.48,16.5,0.51,101.13,0.52,170.5,0.5,3.6,0.49,107.5,0.51,33.84,0.52,16.5,0.02,0.01,2335.958473,1776335753000
1776335762.07,62.07,0.49,17.9,0.48,16.5,0.5,20.0,0.51,200.63,0.49,101.13,0.48,170.5,0.51,56.84,0.52,16.5,0.01,0.02,2335.958473,1776335753000
1776335762.563,62.563,0.49,6.5,0.48,16.5,0.5,15.0,0.51,205.63,0.5,20.0,0.49,200.63,0.51,17.9,0.52,16.5,0.01,0.01,2335.958473,1776335753000
1776335764.25,64.25,0.48,56.5,0.47,98.74,0.49,10.13,0.5,15.0,0.5,15.0,0.49,205.63,0.52,16.5,0.53,12.0,0.01,0.02,2335.438885,1776335762000
1776335765.05,65.05,0.48,49.07,0.47,98.74,0.49,20.13,0.5,20.0,0.51,10.13,0.5,15.0,0.52,56.5,0.53,98.74,0.01,0.01,2335.30654,1776335764000
1776335766.139,66.139,0.48,40.45,0.47,98.74,0.49,25.13,0.5,20.0,0.51,20.13,0.5,20.0,0.52,49.07,0.53,98.74,0.01,0.01,2335.30815,1776335765000
1776335767.032,67.032,0.48,28.64,0.47,37.0,0.49,9.97,0.5,25.5,0.51,25.13,0.5,30.5,0.52,33.64,0.53,98.74,0.01,0.01,2335.30815,1776335765000
1776335767.615,67.615,0.47,37.0,0.46,30.0,0.49,24.97,0.5,25.5,0.51,9.97,0.5,25.5,0.52,28.64,0.53,37.0,0.02,0.01,2335.303035,1776335766000
1776335768.128,68.128,0.47,42.5,0.46,42.0,0.48,8.33,0.49,26.97,0.51,24.97,0.5,25.5,0.53,37.0,0.54,30.0,0.01,0.02,2335.303035,1776335766000
1776335769.095,69.095,0.46,12.0,0.44,78.0,0.48,143.83,0.49,207.47,0.52,8.33,0.51,26.97,0.53,42.5,0.54,42.0,0.02,0.01,2335.263105,1776335767000
1776335769.314,69.314,0.44,31.52,0.43,55.0,0.45,20.0,0.46,25.0,0.55,15.0,0.54,15.0,0.56,43.52,0.57,25.0,0.01,0.01,2335.263105,1776335767000
1776335770.526,70.526,0.44,10.5,0.43,12.0,0.45,67.77,0.46,25.5,0.55,47.77,0.54,15.0,0.56,17.5,0.57,42.0,0.01,0.01,2335.272165,1776335769000
1776335770.851,70.851,0.43,5.05,0.42,100.0,0.45,67.77,0.46,25.5,0.55,67.77,0.54,25.5,0.56,10.5,0.57,12.0,0.02,0.01,2335.272165,1776335769000
1776335772.882,72.882,0.43,29.5,0.42,70.0,0.44,40.0,0.45,32.0,0.55,67.77,0.54,25.5,0.57,5.05,0.58,100.0,0.01,0.02,2335.128812,1776335771000
1776335775.022,75.022,0.44,126.5,0.43,180.5,0.51,5.0,0.52,5.0,0.56,40.0,0.55,32.0,0.57,29.5,0.58,70.0,0.07,0.01,2335.11634,1776335773000
1776335775.421,75.421,0.52,79.91,0.51,38.0,0.53,15.5,0.54,29.0,0.47,8.48,0.46,17.0,0.48,10.0,0.49,10.0,0.01,0.01,2335.0682,1776335774000
1776335776.032,76.032,0.52,79.91,0.51,33.0,0.53,10.5,0.54,39.0,0.47,15.5,0.46,29.0,0.48,79.91,0.49,38.0,0.01,0.01,2335.0682,1776335774000
1776335776.334,76.334,0.52,79.91,0.51,33.0,0.53,5.5,0.54,29.0,0.47,10.5,0.46,39.0,0.48,79.91,0.49,33.0,0.01,0.01,2335.0682,1776335774000
1776335777.691,77.691,0.52,79.91,0.51,21.0,0.53,3.61,0.54,29.0,0.47,5.5,0.46,29.0,0.48,79.91,0.49,33.0,0.01,0.01,2335.208591,1776335776000
1776335779.316,79.316,0.52,1.0,0.51,6.0,0.53,53.02,0.54,111.09,0.47,3.61,0.46,29.0,0.48,73.66,0.49,21.0,0.01,0.01,2335.354735,1776335777000
1776335780.952,80.952,0.5,10.18,0.48,10.5,0.53,58.11,0.54,111.09,0.47,53.02,0.46,111.09,0.48,1.0,0.49,6.0,0.03,0.01,2335.383445,1776335779000
1776335783.272,83.272,0.49,22.0,0.48,30.56,0.5,19.78,0.51,107.5,0.47,58.11,0.46,111.09,0.5,10.18,0.52,10.5,0.01,0.03,2335.3558,1776335781000
1776335784.783,84.783,0.49,14.36,0.48,35.56,0.5,15.0,0.51,107.5,0.5,19.78,0.49,107.5,0.51,22.0,0.52,30.56,0.01,0.01,2335.272855,1776335783000
1776335788.27,88.27,0.44,17.7,0.43,27.5,0.45,105.5,0.46,35.5,0.5,15.0,0.49,107.5,0.51,14.36,0.52,35.56,0.01,0.01,2335.287185,1776335786000
1776335790.31,90.31,0.42,12.0,0.41,11.0,0.44,88.3,0.45,117.5,0.56,34.2,0.55,122.5,0.57,23.2,0.58,12.0,0.02,0.01,2335.2434,1776335789000
1776335790.632,90.632,0.41,30.87,0.4,10.5,0.42,59.7,0.43,42.5,0.56,88.3,0.55,117.5,0.59,11.0,0.6,10.5,0.01,0.03,2335.2434,1776335789000
1776335791.432,91.432,0.41,17.87,0.4,10.5,0.42,10.0,0.43,37.5,0.58,59.7,0.57,42.5,0.59,30.87,0.6,10.5,0.01,0.01,2335.08058,1776335790000
1776335791.774,91.774,0.41,14.39,0.4,10.5,0.42,15.5,0.43,37.5,0.58,10.0,0.57,37.5,0.59,17.87,0.6,10.5,0.01,0.01,2335.08058,1776335790000
1776335792.309,92.309,0.41,27.12,0.4,25.5,0.42,5.0,0.43,27.0,0.58,15.5,0.57,37.5,0.59,17.69,0.6,10.5,0.01,0.01,2335.080371,1776335791000
1776335792.802,92.802,0.42,8.75,0.41,22.33,0.43,22.0,0.44,53.3,0.57,22.0,0.56,53.3,0.59,22.33,0.6,25.5,0.01,0.02,2335.080371,1776335791000
1776335793.173,93.173,0.42,3.27,0.41,22.33,0.43,29.67,0.44,48.3,0.57,22.0,0.56,48.3,0.58,8.27,0.59,22.33,0.01,0.01,2335.080371,1776335791000
1776335795.601,95.601,0.42,2.27,0.41,15.5,0.43,34.67,0.44,56.3,0.57,29.67,0.56,48.3,0.58,3.27,0.59,22.33,0.01,0.01,2334.90971,1776335794000
1776335796.372,96.372,0.41,9.25,0.4,21.02,0.43,40.17,0.44,56.3,0.57,34.67,0.56,56.3,0.58,2.27,0.59,15.5,0.02,0.01,2334.8962,1776335795000
1776335797.056,97.056,0.4,21.5,0.39,163.5,0.41,22.0,0.42,10.0,0.57,40.17,0.56,56.3,0.59,9.25,0.6,21.02,0.01,0.02,2334.89135,1776335796000
1776335798.645,98.645,0.4,126.5,0.39,173.5,0.41,1.75,0.43,10.0,0.59,9.8,0.58,10.0,0.6,21.5,0.61,163.5,0.01,0.01,2334.956262,1776335797000
1776335799.264,99.264,0.42,6.0,0.41,11.0,0.43,49.7,0.44,57.8,0.59,1.75,0.57,10.0,0.6,126.5,0.61,173.5,0.01,0.01,2334.90115,1776335798000
1776335799.8,99.8,0.42,66.5,0.41,36.5,0.43,5.0,0.44,47.8,0.57,54.7,0.56,57.8,0.58,1.0,0.59,11.0,0.01,0.01,2334.90115,1776335798000
1776335800.179,100.179,0.43,51.5,0.42,42.5,0.44,35.8,0.45,27.0,0.57,5.0,0.56,47.8,0.58,62.87,0.59,36.5,0.01,0.01,2334.88145,1776335799000
1776335800.53,100.53,0.43,45.5,0.42,37.5,0.44,13.89,0.45,27.0,0.56,16.89,0.55,27.0,0.57,36.5,0.58,37.5,0.01,0.01,2334.88145,1776335799000
1776335803.005,103.005,0.39,148.0,0.38,70.0,0.44,60.39,0.45,54.5,0.56,13.89,0.55,27.0,0.57,45.5,0.58,37.5,0.05,0.01,2335.028425,1776335801000
1776335803.708,103.708,0.39,76.36,0.37,12.0,0.4,53.5,0.41,37.0,0.6,20.5,0.59,15.0,0.61,141.19,0.62,70.0,0.01,0.01,2335.03836,1776335802000
1776335806.037,106.037,0.39,76.36,0.37,12.0,0.4,23.5,0.41,32.0,0.6,53.5,0.59,37.0,0.61,76.36,0.63,12.0,0.01,0.01,2334.859581,1776335804000
1776335807.628,107.628,0.39,86.36,0.38,10.5,0.4,46.39,0.41,42.5,0.6,23.5,0.59,32.0,0.61,76.36,0.63,12.0,0.01,0.01,2334.877955,1776335806000
1776335808.119,108.119,0.39,86.36,0.38,10.5,0.4,41.39,0.41,42.5,0.6,46.39,0.59,42.5,0.61,86.36,0.62,10.5,0.01,0.01,2334.877955,1776335806000
1776335808.42,108.42,0.39,86.36,0.38,10.5,0.4,33.89,0.41,42.5,0.6,41.39,0.59,42.5,0.61,86.36,0.62,10.5,0.01,0.01,2334.87922,1776335807000
1776335814.078,114.078,0.39,153.63,0.38,15.0,0.4,3.39,0.41,6.0,0.6,33.89,0.59,42.5,0.61,86.36,0.62,10.5,0.01,0.01,2334.819645,1776335813000
1776335815.463,115.463,0.39,191.86,0.38,15.0,0.4,8.26,0.41,10.0,0.6,3.39,0.59,6.0,0.61,153.63,0.62,15.0,0.01,0.01,2334.819645,1776335814000
1776335816.799,116.799,0.39,96.36,0.38,15.5,0.41,27.62,0.42,25.5,0.6,8.26,0.59,10.0,0.61,191.86,0.62,15.0,0.02,0.01,2334.879645,1776335815000
1776335817.706,117.706,0.4,4.55,0.39,108.36,0.41,26.36,0.42,35.41,0.59,27.62,0.58,25.5,0.61,96.36,0.62,15.5,0.01,0.02,2334.91455,1776335816000
1776335819.66,119.66,0.39,93.36,0.38,15.5,0.41,31.36,0.42,35.41,0.59,26.36,0.58,35.41,0.6,4.55,0.61,108.36,0.02,0.01,2334.899375,1776335818000
1776335819.951,119.951,0.38,12.0,0.34,5.0,0.4,84.7,0.41,107.36,0.59,31.36,0.58,35.41,0.61,93.36,0.62,15.5,0.02,0.02,2334.899375,1776335818000
1776335820.249,120.249,0.33,15.5,0.32,111.5,0.35,53.0,0.36,15.0,0.65,27.0,0.64,15.0,0.66,8.2,0.67,5.0,0.02,0.01,2334.899375,1776335818000
1776335820.66,120.66,0.32,108.06,0.31,141.8,0.34,3.29,0.35,20.0,0.66,25.0,0.65,37.0,0.68,97.56,0.69,153.8,0.02,0.02,2334.899375,1776335818000
1776335821.39,121.39,0.33,5.58,0.32,120.06,0.34,8.29,0.35,37.0,0.66,3.29,0.65,20.0,0.68,108.06,0.69,141.8,0.01,0.02,2334.90658,1776335820000
1776335821.755,121.755,0.32,112.06,0.31,149.8,0.34,13.29,0.35,37.0,0.66,8.29,0.65,37.0,0.67,5.58,0.68,120.06,0.02,0.01,2334.90658,1776335820000
1776335823.552,123.552,0.32,90.06,0.31,172.3,0.33,10.0,0.34,3.29,0.66,13.29,0.65,37.0,0.68,112.06,0.69,149.8,0.01,0.02,2334.761308,1776335822000
1776335824.531,124.531,0.32,64.85,0.31,172.3,0.33,10.0,0.34,3.29,0.67,10.0,0.66,3.29,0.68,90.06,0.69,172.3,0.01,0.01,2334.75482,1776335823000
1776335824.742,124.742,0.32,43.85,0.31,155.5,0.33,15.0,0.34,3.29,0.67,10.0,0.66,3.29,0.68,64.85,0.69,172.3,0.01,0.01,2334.75482,1776335823000
1776335825.497,125.497,0.32,77.85,0.31,155.5,0.33,6.96,0.34,10.0,0.65,35.33,0.64,25.5,0.68,38.85,0.69,155.5,0.01,0.03,2334.75482,1776335823000
1776335827.193,127.193,0.44,51.0,0.42,135.5,0.45,5.0,0.46,5.0,0.67,6.96,0.66,10.0,0.68,77.85,0.69,155.5,0.01,0.01,2334.74541,1776335826000
1776335827.4,127.4,0.44,55.5,0.43,15.0,0.46,5.0,0.51,5.0,0.55,4.9,0.54,5.0,0.56,51.0,0.57,80.0,0.02,0.01,2334.74541,1776335826000
1776335827.628,127.628,0.51,20.0,0.5,15.0,0.52,4.15,0.53,10.0,0.48,10.0,0.47,10.0,0.5,15.0,0.51,10.0,0.01,0.02,2334.74541,1776335826000
1776335828.268,128.268,0.52,7.8,0.51,20.0,0.53,15.0,0.54,96.96,0.47,10.0,0.46,93.09,0.48,7.91,0.49,15.0,0.01,0.01,2334.74541,1776335826000
1776335828.616,128.616,0.52,9.89,0.51,18.25,0.53,88.25,0.54,91.96,0.47,15.0,0.46,91.96,0.49,18.25,0.5,5.81,0.01,0.02,2334.7587,1776335827000
1776335830.945,130.945,0.51,3.06,0.5,15.0,0.52,102.53,0.53,105.5,0.47,88.25,0.46,91.96,0.48,9.89,0.49,18.25,0.01,0.01,2335.176633,1776335829000
1776335831.955,131.955,0.49,83.33,0.48,15.0,0.5,37.5,0.51,25.5,0.48,107.53,0.47,105.5,0.51,20.06,0.52,10.0,0.01,0.03,2335.24659,1776335830000
1776335832.389,132.389,0.49,30.0,0.47,12.0,0.5,37.5,0.51,25.5,0.5,37.5,0.49,25.5,0.51,83.33,0.52,15.0,0.01,0.01,2335.296945,1776335831000
1776335834.322,134.322,0.47,33.0,0.45,17.0,0.48,42.5,0.49,25.5,0.5,37.5,0.49,25.5,0.51,30.0,0.53,12.0,0.01,0.01,2335.365831,1776335833000
1776335836.166,136.166,0.43,12.0,0.42,75.0,0.46,52.5,0.47,25.5,0.52,42.5,0.51,25.5,0.53,33.0,0.55,17.0,0.03,0.01,2335.251145,1776335835000
1776335836.692,136.692,0.4,5.0,0.38,33.5,0.41,51.9,0.42,37.5,0.54,52.5,0.53,25.5,0.57,12.0,0.58,75.0,0.01,0.03,2335.251145,1776335835000
1776335837.139,137.139,0.36,61.8,0.35,70.0,0.37,20.0,0.38,48.0,0.59,47.41,0.58,37.5,0.6,5.0,0.62,33.5,0.01,0.01,2335.277735,1776335836000
1776335837.693,137.693,0.36,61.8,0.35,70.0,0.37,65.09,0.38,42.5,0.63,20.0,0.62,48.0,0.64,61.8,0.65,70.0,0.01,0.01,2335.277735,1776335836000
1776335841.9,141.9,0.32,75.0,0.31,15.0,0.33,17.96,0.34,28.0,0.64,28.0,0.63,55.09,0.65,29.45,0.67,17.0,0.01,0.01,2334.814909,1776335840000
1776335843.327,143.327,0.32,75.0,0.31,15.0,0.33,15.96,0.34,43.5,0.67,17.96,0.66,28.0,0.68,75.0,0.69,15.0,0.01,0.01,2334.824295,1776335842000
1776335845.372,145.372,0.29,68.44,0.28,5.0,0.3,75.5,0.31,57.5,0.67,9.89,0.66,43.5,0.68,75.0,0.69,15.0,0.01,0.01,2334.82005,1776335844000
1776335845.759,145.759,0.29,49.74,0.27,17.0,0.3,105.5,0.31,57.5,0.7,100.5,0.69,57.5,0.71,59.74,0.73,17.0,0.01,0.01,2334.82005,1776335844000
1776335847.192,147.192,0.29,52.71,0.28,5.0,0.3,46.0,0.31,42.5,0.7,89.5,0.69,57.5,0.71,42.71,0.73,17.0,0.01,0.01,2334.73113,1776335845000
1776335850.319,150.319,0.29,58.48,0.28,5.0,0.3,38.5,0.31,26.5,0.7,46.0,0.69,42.5,0.71,52.71,0.72,5.0,0.01,0.01,2334.512723,1776335848000
1776335851.757,151.757,0.29,29.42,0.28,5.0,0.3,58.5,0.31,31.5,0.7,38.5,0.69,26.5,0.71,58.48,0.72,5.0,0.01,0.01,2334.57413,1776335850000
1776335852.307,152.307,0.26,68.44,0.25,5.0,0.27,76.5,0.28,53.5,0.7,58.5,0.69,31.5,0.71,29.42,0.72,5.0,0.01,0.01,2334.509015,1776335851000
1776335853.19,153.19,0.26,63.44,0.24,22.0,0.27,80.5,0.28,53.5,0.73,76.5,0.72,53.5,0.74,68.44,0.75,5.0,0.01,0.01,2334.567998,1776335852000
1776335853.711,153.711,0.22,80.05,0.21,17.0,0.24,122.5,0.25,20.0,0.73,80.5,0.72,53.5,0.74,63.44,0.76,22.0,0.02,0.01,2334.567998,1776335852000
1776335855.0,155.0,0.22,77.0,0.21,5.0,0.23,55.5,0.24,54.08,0.76,122.5,0.75,20.0,0.78,80.05,0.79,17.0,0.01,0.02,2334.48601,1776335853000
1776335856.201,156.201,0.22,85.0,0.21,11.0,0.23,41.86,0.24,54.08,0.77,50.5,0.76,54.08,0.78,74.43,0.79,5.0,0.01,0.01,2334.174439,1776335855000
1776335858.192,158.192,0.22,63.0,0.2,12.0,0.23,89.86,0.24,61.08,0.77,41.86,0.76,54.08,0.78,85.0,0.79,11.0,0.01,0.01,2334.118,1776335856000
1776335858.65,158.65,0.18,70.97,0.17,81.0,0.19,97.0,0.2,30.74,0.77,104.86,0.76,61.08,0.78,51.63,0.8,12.0,0.01,0.01,2334.180795,1776335857000
1776335859.447,159.447,0.18,51.96,0.17,81.0,0.19,102.0,0.2,30.74,0.81,92.0,0.8,30.74,0.82,53.57,0.83,81.0,0.01,0.01,2334.227125,1776335858000
1776335860.945,160.945,0.18,62.5,0.17,25.5,0.2,5.24,0.22,5.0,0.81,102.0,0.8,30.74,0.82,51.96,0.83,81.0,0.02,0.01,2334.11665,1776335860000
1776335861.184,161.184,0.2,5.0,0.19,40.0,0.24,14.58,0.25,20.0,0.79,22.0,0.78,10.0,0.81,50.0,0.82,52.5,0.04,0.02,2334.11665,1776335860000
1776335865.07,165.07,0.22,20.0,0.21,100.27,0.23,108.56,0.24,37.08,0.76,14.58,0.75,20.0,0.8,5.0,0.81,40.0,0.01,0.04,2334.20013,1776335863000
1776335871.288,171.288,0.22,97.5,0.21,171.27,0.24,12.0,0.27,5.0,0.77,108.56,0.76,37.08,0.78,20.0,0.79,100.27,0.02,0.01,2334.133855,1776335870000
1776335874.256,174.256,0.27,84.13,0.26,133.5,0.3,17.0,0.32,5.0,0.72,19.92,0.71,27.0,0.74,37.0,0.75,25.5,0.03,0.02,2334.321573,1776335872000
1776335874.723,174.723,0.27,62.13,0.26,121.5,0.31,10.5,0.37,5.0,0.7,12.56,0.66,6.0,0.73,84.13,0.74,133.5,0.04,0.03,2334.410875,1776335873000
1776335876.28,176.28,0.3,0.97,0.29,20.5,0.35,10.5,0.36,15.5,0.63,20.0,0.62,11.0,0.72,10.5,0.73,62.13,0.05,0.09,2334.591402,1776335874000
1776335879.711,179.711,0.33,35.5,0.32,20.0,0.34,107.83,0.35,20.5,0.65,15.5,0.64,15.5,0.67,5.0,0.71,20.5,0.01,0.02,2334.74329,1776335878000
1776335880.214,180.214,0.33,4.42,0.3,23.1,0.34,107.83,0.35,90.5,0.66,107.83,0.65,90.5,0.67,9.5,0.69,5.0,0.01,0.01,2334.850751,1776335879000
1776335881.56,181.56,0.33,9.42,0.31,15.0,0.34,19.5,0.35,20.5,0.66,107.83,0.65,90.5,0.67,4.42,0.7,23.1,0.01,0.01,2334.845403,1776335880000
1776335882.588,182.588,0.34,10.0,0.33,22.0,0.36,22.5,0.37,85.0,0.66,19.5,0.65,20.5,0.67,16.33,0.69,10.0,0.02,0.01,2334.845403,1776335880000
1776335883.299,183.299,0.35,10.0,0.34,10.0,0.36,30.5,0.37,27.0,0.64,22.5,0.63,85.0,0.66,10.0,0.67,22.0,0.01,0.02,2334.735397,1776335882000
1776335886.395,186.395,0.31,16.8,0.3,29.1,0.32,33.83,0.33,32.5,0.64,26.81,0.63,27.0,0.66,15.0,0.67,22.0,0.01,0.02,2334.747295,1776335885000
1776335886.797,186.797,0.31,8.55,0.3,29.1,0.32,63.86,0.33,32.5,0.68,28.83,0.67,32.5,0.69,8.55,0.7,29.1,0.01,0.01,2334.747295,1776335885000
1776335887.585,187.585,0.29,12.0,0.25,19.2,0.31,25.5,0.32,32.01,0.68,25.01,0.67,32.5,0.69,3.55,0.7,29.1,0.02,0.01,2334.75151,1776335886000
1776335888.144,188.144,0.29,15.0,0.28,12.0,0.3,20.5,0.31,32.5,0.69,20.5,0.68,32.01,0.75,19.2,0.76,19.7,0.01,0.06,2334.75151,1776335886000
1776335893.997,193.997,0.27,15.1,0.26,5.0,0.28,26.96,0.3,45.5,0.7,20.5,0.69,32.5,0.71,15.0,0.72,12.0,0.01,0.01,2334.58893,1776335893000
1776335897.622,197.622,0.25,12.0,0.24,10.5,0.28,66.96,0.29,42.5,0.72,26.96,0.7,45.5,0.73,15.1,0.74,5.0,0.03,0.01,2334.583055,1776335896000
1776335897.85,197.85,0.22,0.39,0.18,13.47,0.28,66.96,0.29,42.5,0.72,66.96,0.71,42.5,0.75,5.43,0.76,10.5,0.06,0.03,2334.583055,1776335896000
1776335898.082,198.082,0.23,10.5,0.22,0.39,0.26,11.0,0.27,10.5,0.72,51.96,0.71,42.5,0.78,0.39,0.82,13.47,0.03,0.06,2334.600576,1776335897000
1776335898.478,198.478,0.22,10.89,0.18,20.47,0.27,16.5,0.28,62.46,0.74,11.0,0.73,10.5,0.77,10.5,0.78,0.39,0.05,0.03,2334.600576,1776335897000
1776335898.817,198.817,0.22,11.0,0.2,10.0,0.23,16.0,0.24,15.0,0.73,16.5,0.72,62.46,0.78,10.89,0.82,20.47,0.01,0.05,2334.600576,1776335897000
1776335899.019,199.019,0.21,10.5,0.2,10.0,0.23,16.0,0.24,10.0,0.77,16.0,0.76,10.0,0.78,5.0,0.8,10.0,0.02,0.01,2334.5785,1776335898000
1776335899.231,199.231,0.21,40.5,0.2,10.0,0.23,16.0,0.24,10.0,0.77,16.0,0.76,10.0,0.79,10.5,0.8,10.0,0.02,0.02,2334.5785,1776335898000
1776335900.752,200.752,0.22,20.0,0.21,31.77,0.24,66.61,0.25,17.0,0.77,16.0,0.76,10.0,0.79,40.5,0.8,10.0,0.02,0.02,2334.476924,1776335899000
1776335905.033,205.033,0.25,20.0,0.24,25.5,0.28,48.46,0.29,15.5,0.76,66.61,0.75,17.0,0.78,20.0,0.79,31.77,0.03,0.02,2334.5,1776335904000
1776335906.663,206.663,0.25,5.33,0.24,5.0,0.26,27.0,0.27,25.5,0.72,48.46,0.71,15.5,0.75,20.0,0.76,25.5,0.01,0.03,2334.575859,1776335905000
1776335907.474,207.474,0.25,3.86,0.24,5.0,0.26,39.63,0.27,25.5,0.74,27.0,0.73,25.5,0.75,5.33,0.76,5.0,0.01,0.01,2334.464465,1776335906000
1776335908.598,208.598,0.23,11.01,0.22,34.5,0.26,39.63,0.27,10.0,0.74,39.63,0.73,25.5,0.75,3.86,0.76,5.0,0.03,0.01,2334.593281,1776335907000
1776335908.966,208.966,0.25,17.04,0.24,10.0,0.26,17.0,0.27,12.0,0.74,39.63,0.73,10.0,0.77,11.01,0.78,34.5,0.01,0.03,2334.593281,1776335907000
1776335909.213,209.213,0.25,65.54,0.24,10.0,0.28,13.31,0.33,10.0,0.74,17.0,0.73,12.0,0.75,17.04,0.76,10.0,0.03,0.01,2334.593281,1776335907000
1776335909.85,209.85,0.31,11.78,0.3,22.0,0.32,15.9,0.33,20.71,0.68,15.81,0.67,20.5,0.69,15.0,0.7,22.0,0.01,0.01,2334.491045,1776335908000
1776335910.477,210.477,0.3,17.78,0.29,10.0,0.32,20.81,0.33,30.71,0.68,15.9,0.67,20.71,0.69,11.78,0.7,22.0,0.02,0.01,2334.491045,1776335908000
1776335911.257,211.257,0.32,25.0,0.31,10.0,0.34,30.85,0.35,46.6,0.68,10.93,0.67,30.71,0.7,17.78,0.71,10.0,0.02,0.02,2334.48821,1776335909000
1776335913.776,213.776,0.32,21.38,0.31,9.74,0.33,25.5,0.34,15.0,0.66,30.85,0.65,46.6,0.68,25.0,0.69,10.0,0.01,0.02,2334.859586,1776335912000
1776335915.828,215.828,0.32,38.32,0.31,9.74,0.34,2.62,0.35,53.58,0.67,25.5,0.66,15.0,0.68,21.38,0.69,9.74,0.02,0.01,2334.750325,1776335914000
1776335916.741,216.741,0.32,38.32,0.31,9.74,0.33,9.5,0.34,15.0,0.66,2.62,0.65,53.58,0.68,38.32,0.69,9.74,0.01,0.02,2334.863935,1776335915000
1776335918.108,218.108,0.32,38.32,0.31,9.74,0.33,18.8,0.34,15.0,0.67,9.5,0.66,15.0,0.68,38.32,0.69,9.74,0.01,0.01,2334.74288,1776335916000
1776335919.457,219.457,0.3,10.5,0.29,10.5,0.32,19.5,0.33,28.8,0.67,18.8,0.66,15.0,0.68,13.32,0.69,9.74,0.02,0.01,2334.747655,1776335917000
1776335919.883,219.883,0.34,9.7,0.33,48.5,0.35,41.98,0.36,10.0,0.68,19.5,0.67,28.8,0.7,10.5,0.71,10.5,0.01,0.02,2334.747165,1776335918000
1776335920.954,220.954,0.35,35.0,0.34,54.33,0.4,70.0,0.41,75.0,0.64,17.24,0.63,20.5,0.66,33.33,0.67,75.4,0.05,0.02,2334.751641,1776335919000
1776335921.669,221.669,0.39,45.0,0.38,15.0,0.4,68.8,0.41,75.0,0.6,70.0,0.59,75.0,0.64,10.0,0.65,45.0,0.01,0.04,2334.74703,1776335920000
1776335922.583,222.583,0.39,58.0,0.38,15.0,0.4,41.92,0.41,70.0,0.6,68.8,0.59,75.0,0.61,45.0,0.62,15.0,0.01,0.01,2334.74703,1776335920000
1776335922.982,222.982,0.39,58.0,0.38,25.5,0.4,35.29,0.41,80.5,0.6,41.92,0.59,70.0,0.61,58.0,0.62,15.0,0.01,0.01,2334.851135,1776335921000
1776335925.246,225.246,0.39,58.0,0.38,30.5,0.4,37.79,0.41,80.5,0.6,35.29,0.59,80.5,0.61,58.0,0.62,25.5,0.01,0.01,2335.00027,1776335923000
1776335928.184,228.184,0.35,15.3,0.34,26.5,0.4,30.5,0.41,20.5,0.6,37.79,0.59,80.5,0.61,58.0,0.62,30.5,0.05,0.01,2335.095121,1776335927000
1776335929.411,229.411,0.31,12.0,0.27,6.0,0.33,143.2,0.34,59.7,0.67,53.7,0.66,28.2,0.68,26.5,0.69,76.8,0.02,0.01,2335.09496,1776335928000
1776335929.73,229.73,0.26,10.7,0.25,28.5,0.27,283.0,0.28,37.5,0.73,267.0,0.72,20.5,0.74,11.02,0.75,16.5,0.01,0.01,2335.09496,1776335928000
1776335930.294,230.294,0.23,5.74,0.22,36.5,0.24,10.0,0.25,21.0,0.73,265.0,0.72,27.0,0.75,28.5,0.78,26.0,0.01,0.02,2335.09496,1776335928000
1776335930.738,230.738,0.2,20.5,0.19,10.0,0.22,94.0,0.23,88.0,0.76,47.0,0.75,98.0,0.78,5.02,0.8,32.5,0.02,0.02,2335.064491,1776335929000
1776335930.984,230.984,0.2,6.81,0.19,21.85,0.22,106.0,0.23,88.0,0.78,94.0,0.77,88.0,0.8,20.5,0.81,10.0,0.02,0.02,2335.064491,1776335929000
1776335931.396,231.396,0.24,27.0,0.23,130.0,0.25,1.0,0.27,59.0,0.78,71.5,0.77,100.0,0.8,1.81,0.81,21.85,0.01,0.02,2334.84831,1776335930000
1776335931.599,231.599,0.32,45.0,0.31,14.37,0.33,11.32,0.34,28.2,0.67,21.32,0.66,28.2,0.69,14.37,0.75,6.0,0.01,0.02,2334.84831,1776335930000
1776335931.956,231.956,0.36,11.9,0.35,15.0,0.4,66.65,0.41,120.0,0.6,41.15,0.59,125.0,0.61,9.9,0.62,10.0,0.04,0.01,2334.84831,1776335930000
1776335932.355,232.355,0.35,15.0,0.34,20.5,0.36,36.43,0.37,12.0,0.64,38.1,0.6,66.65,0.65,15.0,0.66,10.0,0.01,0.01,2334.84831,1776335931000
1776335932.615,232.615,0.35,15.0,0.34,20.5,0.36,28.93,0.37,12.0,0.64,36.43,0.63,12.0,0.65,15.0,0.66,20.5,0.01,0.01,2334.84831,1776335931000
1776335933.474,233.474,0.35,92.99,0.34,10.0,0.36,24.26,0.37,22.5,0.64,33.93,0.63,12.0,0.65,92.99,0.66,20.5,0.01,0.01,2334.84831,1776335931000
1776335933.899,233.899,0.35,0.96,0.34,10.0,0.36,74.26,0.37,92.5,0.64,24.26,0.63,22.5,0.65,92.99,0.66,10.0,0.01,0.01,2334.956963,1776335932000
1776335934.303,234.303,0.34,5.71,0.33,10.0,0.36,74.26,0.37,92.5,0.64,74.26,0.63,92.5,0.65,0.96,0.66,10.0,0.02,0.01,2334.956963,1776335932000
1776335935.277,235.277,0.35,20.5,0.34,95.94,0.36,69.26,0.37,12.0,0.64,74.26,0.63,92.5,0.66,5.71,0.67,10.0,0.01,0.02,2335.159382,1776335934000
1776335935.678,235.678,0.4,13.14,0.39,20.5,0.42,69.83,0.43,82.0,0.58,69.83,0.57,82.0,0.59,3.14,0.6,15.0,0.02,0.01,2335.159382,1776335934000
1776335936.409,236.409,0.42,10.0,0.41,45.5,0.43,1.59,0.44,12.0,0.58,69.83,0.57,82.0,0.6,13.14,0.61,20.5,0.01,0.02,2335.04488,1776335935000
1776335936.641,236.641,0.44,22.0,0.43,77.52,0.45,58.5,0.46,26.5,0.52,45.39,0.51,145.0,0.57,10.0,0.58,20.5,0.01,0.05,2335.04488,1776335935000
1776335936.887,236.887,0.44,17.0,0.43,10.0,0.45,31.5,0.46,26.5,0.55,58.5,0.54,26.5,0.56,22.0,0.57,77.52,0.01,0.01,2335.04488,1776335935000
1776335938.094,238.094,0.44,14.32,0.43,10.0,0.45,40.5,0.46,26.5,0.55,31.5,0.54,26.5,0.56,17.0,0.57,10.0,0.01,0.01,2335.09751,1776335936000
1776335938.794,238.794,0.44,14.32,0.43,10.0,0.45,33.83,0.46,26.5,0.55,40.5,0.54,26.5,0.56,14.32,0.57,10.0,0.01,0.01,2335.214045,1776335937000
1776335939.163,239.163,0.45,10.0,0.44,24.82,0.47,22.38,0.48,80.5,0.55,38.83,0.54,26.5,0.56,14.32,0.57,10.0,0.02,0.01,2335.214045,1776335937000
1776335940.559,240.559,0.47,5.0,0.46,27.0,0.48,4.81,0.49,150.0,0.53,22.38,0.52,80.5,0.55,10.0,0.56,24.82,0.01,0.02,2335.2427,1776335939000
1776335942.604,242.604,0.47,5.66,0.46,27.0,0.49,150.0,0.5,92.0,0.52,4.81,0.51,150.0,0.53,5.0,0.54,27.0,0.02,0.01,2335.314419,1776335941000
1776335944.056,244.056,0.48,14.82,0.47,5.66,0.49,150.0,0.5,80.0,0.51,150.0,0.5,92.0,0.53,5.66,0.54,27.0,0.01,0.02,2335.310237,1776335942000
1776335945.002,245.002,0.48,14.82,0.47,5.66,0.49,147.83,0.5,80.0,0.51,150.0,0.5,80.0,0.52,14.82,0.53,5.66,0.01,0.01,2335.223547,1776335943000
1776335950.5,250.5,0.32,16.5,0.31,111.17,0.49,86.83,0.5,28.0,0.51,147.83,0.5,80.0,0.52,14.82,0.53,5.66,0.17,0.01,2335.24077,1776335949000
1776335950.813,250.813,0.32,0.92,0.31,128.17,0.33,17.0,0.34,22.0,0.51,86.83,0.5,28.0,0.68,16.5,0.69,111.17,0.01,0.17,2335.24077,1776335949000
1776335951.143,251.143,0.31,116.17,0.3,29.1,0.32,7.71,0.33,27.0,0.67,17.0,0.66,22.0,0.69,128.17,0.7,17.1,0.01,0.02,2335.354715,1776335950000
1776335951.738,251.738,0.31,83.4,0.3,22.0,0.33,27.0,0.34,22.0,0.68,7.71,0.67,27.0,0.7,39.1,0.71,97.5,0.02,0.02,2335.354715,1776335950000
1776335952.841,252.841,0.32,15.88,0.31,90.12,0.33,23.66,0.34,22.0,0.67,27.0,0.66,22.0,0.69,83.4,0.7,22.0,0.01,0.02,2335.219435,1776335951000
1776335953.408,253.408,0.32,15.88,0.31,90.12,0.33,20.41,0.34,22.0,0.67,23.66,0.66,22.0,0.68,15.88,0.69,90.12,0.01,0.01,2335.20572,1776335952000
1776335953.744,253.744,0.32,27.6,0.31,88.4,0.33,12.04,0.34,22.0,0.67,20.41,0.66,22.0,0.68,15.88,0.69,90.12,0.01,0.01,2335.20572,1776335952000
1776335955.0,255.0,0.32,27.6,0.31,88.4,0.34,9.03,0.35,20.58,0.67,2.04,0.66,12.0,0.68,27.6,0.69,88.4,0.02,0.01,2335.250658,1776335953000
1776335955.964,255.964,0.33,95.66,0.32,17.0,0.34,17.76,0.35,20.58,0.66,9.03,0.65,20.58,0.68,27.6,0.69,88.4,0.01,0.02,2335.11762,1776335954000
1776335958.602,258.602,0.33,12.6,0.32,17.0,0.34,54.81,0.35,20.58,0.66,17.76,0.65,20.58,0.67,95.66,0.68,17.0,0.01,0.01,2335.195972,1776335957000
1776335961.382,261.382,0.32,12.0,0.31,15.0,0.34,54.81,0.35,20.58,0.66,54.81,0.65,20.58,0.67,12.6,0.68,17.0,0.02,0.01,2335.151189,1776335960000
1776335961.839,261.839,0.32,10.0,0.31,22.67,0.33,41.96,0.34,19.81,0.66,54.81,0.65,20.58,0.68,12.0,0.69,15.0,0.01,0.02,2335.151189,1776335960000
1776335962.07,262.07,0.31,16.28,0.3,10.0,0.33,41.96,0.34,10.0,0.67,41.96,0.66,19.81,0.68,10.0,0.69,22.67,0.02,0.01,2335.151189,1776335960000
1776335962.819,262.819,0.32,28.36,0.31,16.28,0.34,4.0,0.35,10.58,0.67,41.96,0.66,10.0,0.69,16.28,0.7,10.0,0.02,0.02,2335.0919,1776335961000
1776335963.051,263.051,0.33,10.0,0.32,38.36,0.35,4.58,0.39,30.0,0.65,9.58,0.61,30.0,0.68,33.36,0.69,16.28,0.02,0.03,2335.0919,1776335961000
1776335963.314,263.314,0.38,20.13,0.37,10.0,0.39,30.0,0.41,50.0,0.61,30.0,0.59,50.0,0.65,10.0,0.66,10.0,0.01,0.04,2335.0919,1776335961000
1776335965.328,265.328,0.4,8.03,0.39,10.0,0.41,50.0,0.42,5.0,0.59,50.0,0.58,5.0,0.62,7.45,0.63,10.0,0.01,0.03,2335.09332,1776335963000
1776335965.785,265.785,0.43,23.46,0.42,15.0,0.47,68.46,0.48,70.0,0.59,50.0,0.58,5.0,0.6,8.03,0.61,10.0,0.04,0.01,2335.246722,1776335964000
1776335966.454,266.454,0.5,171.19,0.49,40.0,0.51,20.0,0.54,14.5,0.53,56.41,0.52,70.0,0.54,10.0,0.55,10.0,0.01,0.01,2335.21221,1776335965000
1776335967.165,267.165,0.55,105.0,0.54,117.0,0.56,45.0,0.57,12.0,0.46,14.5,0.44,50.0,0.47,9.34,0.48,80.0,0.01,0.01,2335.21221,1776335965000
1776335967.488,267.488,0.55,82.0,0.54,117.0,0.56,5.0,0.57,17.0,0.44,45.0,0.43,12.0,0.45,105.0,0.46,117.0,0.01,0.01,2335.196965,1776335966000
1776335968.019,268.019,0.59,60.0,0.58,69.0,0.62,85.0,0.63,70.0,0.43,17.0,0.42,5.0,0.44,12.0,0.45,82.0,0.03,0.01,2335.196965,1776335966000
1776335968.324,268.324,0.61,70.0,0.6,39.29,0.62,72.77,0.63,70.0,0.38,85.0,0.37,70.0,0.41,60.0,0.42,69.0,0.01,0.03,2335.196965,1776335966000
1776335968.662,268.662,0.61,318.48,0.6,44.29,0.72,5.0,0.73,5.0,0.38,72.77,0.37,70.0,0.39,70.0,0.4,39.29,0.11,0.01,2335.343705,1776335967000
1776335969.139,269.139,0.75,96.0,0.74,29.28,0.76,58.82,0.77,112.0,0.24,60.63,0.23,100.0,0.25,10.0,0.26,10.0,0.01,0.01,2335.343705,1776335967000
1776335969.492,269.492,0.78,15.0,0.77,147.0,0.8,4.85,0.83,70.0,0.24,58.82,0.23,112.0,0.25,96.0,0.26,29.28,0.02,0.01,2335.42217,1776335968000
1776335969.981,269.981,0.82,106.0,0.81,28.0,0.83,56.36,0.84,70.0,0.17,57.57,0.16,70.0,0.21,142.99,0.22,43.0,0.01,0.04,2335.42217,1776335968000
1776335970.315,270.315,0.82,89.33,0.81,33.0,0.83,46.36,0.84,70.0,0.17,46.36,0.16,70.0,0.18,106.0,0.19,28.0,0.01,0.01,2335.482785,1776335969000
1776335970.541,270.541,0.82,73.33,0.81,33.0,0.83,37.99,0.84,70.0,0.17,45.15,0.16,70.0,0.18,78.33,0.19,33.0,0.01,0.01,2335.482785,1776335969000
1776335970.798,270.798,0.82,78.33,0.81,33.0,0.83,8.91,0.84,70.0,0.17,21.03,0.16,70.0,0.18,78.33,0.19,33.0,0.01,0.01,2335.482785,1776335969000
1776335971.068,271.068,0.82,82.49,0.81,28.0,0.83,1.7,0.84,70.0,0.17,7.7,0.16,70.0,0.18,72.49,0.19,28.0,0.01,0.01,2335.482785,1776335969000
1776335971.386,271.386,0.82,81.49,0.81,28.0,0.84,61.44,0.85,100.0,0.17,1.7,0.16,70.0,0.18,82.49,0.19,28.0,0.02,0.01,2335.733454,1776335970000
1776335971.647,271.647,0.83,80.5,0.82,45.49,0.84,61.44,0.85,100.0,0.16,61.44,0.15,100.0,0.18,81.49,0.19,28.0,0.01,0.02,2335.733454,1776335970000
1776335972.155,272.155,0.83,76.5,0.82,45.49,0.84,60.24,0.85,70.0,0.16,61.44,0.15,100.0,0.17,80.5,0.18,45.49,0.01,0.01,2335.733454,1776335970000
1776335972.504,272.504,0.83,78.5,0.82,45.49,0.85,65.34,0.86,100.0,0.16,1.24,0.15,70.0,0.17,71.5,0.18,45.49,0.02,0.01,2335.825045,1776335971000
1776335972.772,272.772,0.83,5.0,0.72,10.0,0.84,25.0,0.85,257.41,0.15,65.34,0.14,100.0,0.16,17.0,0.17,83.5,0.01,0.01,2335.825045,1776335971000
1776335973.116,273.116,0.36,56.01,0.35,80.0,0.39,6.92,0.4,10.0,0.53,5.0,0.52,5.0,0.64,41.01,0.65,15.0,0.03,0.11,2335.829215,1776335972000
1776335973.394,273.394,0.37,10.81,0.36,51.01,0.38,10.0,0.39,10.0,0.59,5.49,0.58,16.0,0.63,10.0,0.64,68.01,0.01,0.04,2335.829215,1776335972000
1776335973.668,273.668,0.4,10.0,0.39,22.0,0.41,5.02,0.42,10.0,0.62,10.0,0.61,15.0,0.64,52.22,0.65,80.0,0.01,0.02,2335.829215,1776335972000
1776335973.969,273.969,0.41,1.28,0.4,10.0,0.42,2.85,0.43,10.0,0.58,15.0,0.57,10.0,0.59,1.28,0.6,10.0,0.01,0.01,2335.829215,1776335972000
1776335974.551,274.551,0.41,3.2,0.4,10.0,0.43,9.01,0.44,10.0,0.58,2.85,0.57,10.0,0.59,3.2,0.6,10.0,0.02,0.01,2335.829215,1776335972000
1776335975.526,275.526,0.43,10.0,0.42,18.91,0.45,109.0,0.46,10.0,0.57,5.03,0.56,10.0,0.59,3.2,0.6,10.0,0.02,0.02,2335.829215,1776335972000
1776335976.574,276.574,0.42,18.91,0.41,3.2,0.45,104.0,0.46,10.0,0.55,109.0,0.54,10.0,0.56,3.98,0.57,10.0,0.03,0.01,2335.317128,1776335975000
1776335977.548,277.548,0.43,5.85,0.4,10.0,0.44,20.0,0.45,104.0,0.55,109.0,0.54,10.0,0.57,3.07,0.58,10.0,0.01,0.02,2335.290475,1776335976000
1776335978.346,278.346,0.43,5.85,0.4,10.0,0.44,7.79,0.45,110.0,0.56,20.0,0.55,104.0,0.57,5.85,0.6,10.0,0.01,0.01,2335.29035,1776335977000
1776335979.869,279.869,0.43,10.85,0.41,10.0,0.44,5.0,0.45,110.0,0.56,7.79,0.55,110.0,0.57,5.85,0.6,10.0,0.01,0.01,2335.28235,1776335978000
1776335982.101,282.101,0.44,15.0,0.43,15.85,0.45,10.0,0.5,70.0,0.56,5.0,0.55,110.0,0.57,10.85,0.59,10.0,0.01,0.01,2335.353065,1776335980000
1776335982.422,282.422,0.5,2.5,0.49,155.61,0.51,120.0,0.53,70.0,0.55,10.0,0.5,70.0,0.56,15.0,0.57,15.85,0.01,0.01,2335.285055,1776335981000
1776335984.173,284.173,0.5,18.0,0.49,154.06,0.51,56.94,0.52,15.0,0.49,125.0,0.48,5.0,0.51,154.06,0.52,10.0,0.01,0.02,2335.307165,1776335983000
1776335984.492,284.492,0.5,84.0,0.49,154.06,0.69,29.99,0.81,50.0,0.49,56.94,0.48,15.0,0.5,18.0,0.51,154.06,0.19,0.01,2335.307165,1776335983000
1776335984.837,284.837,0.8,73.37,0.79,22.0,0.81,51.33,0.82,70.0,0.19,46.33,0.18,70.0,0.2,10.0,0.21,10.0,0.01,0.01,2335.307165,1776335983000
1776335985.61,285.61,0.8,73.37,0.79,22.0,0.81,47.66,0.84,10.0,0.19,51.33,0.18,70.0,0.2,73.37,0.21,22.0,0.01,0.01,2335.307645,1776335984000
1776335986.087,286.087,0.76,20.37,0.75,22.0,0.81,31.07,0.82,10.0,0.19,52.66,0.16,10.0,0.24,5.37,0.25,10.0,0.05,0.05,2335.31642,1776335985000
1776335986.384,286.384,0.8,10.0,0.79,37.0,0.81,28.57,0.82,10.0,0.19,31.07,0.18,10.0,0.24,20.37,0.25,22.0,0.01,0.05,2335.31642,1776335985000
1776335986.7,286.7,0.8,5.0,0.79,37.0,0.81,78.57,0.83,10.0,0.19,28.57,0.18,10.0,0.2,10.0,0.21,37.0,0.01,0.01,2335.31642,1776335985000
1776335987.298,287.298,0.79,10.0,0.78,19.36,0.81,90.24,0.82,22.0,0.19,78.57,0.16,10.0,0.22,7.36,0.23,10.0,0.02,0.03,2335.31642,1776335985000
1776335987.511,287.511,0.78,10.72,0.77,10.0,0.81,85.24,0.82,22.0,0.19,90.24,0.18,22.0,0.21,10.0,0.22,19.36,0.03,0.02,2335.596835,1776335986000
1776335989.458,289.458,0.81,5.0,0.8,10.0,0.82,7.68,0.83,22.0,0.19,54.85,0.18,22.0,0.21,10.0,0.22,10.72,0.01,0.02,2335.610965,1776335988000
1776335990.084,290.084,0.81,7.12,0.8,10.0,0.87,10.0,0.88,10.0,0.18,2.68,0.17,22.0,0.19,12.12,0.2,10.0,0.06,0.01,2335.610965,1776335988000
1776335990.3,290.3,0.82,15.0,0.81,62.12,0.84,8.8,0.85,10.0,0.13,10.0,0.12,10.0,0.19,7.12,0.2,10.0,0.02,0.06,2335.610965,1776335988000
1776335990.561,290.561,0.83,15.0,0.82,10.0,0.84,3.8,0.85,10.0,0.16,8.8,0.15,10.0,0.18,15.0,0.19,62.12,0.01,0.02,2335.610965,1776335988000
1776335991.147,291.147,0.84,4.06,0.83,18.27,0.86,10.0,0.87,10.0,0.15,5.97,0.14,10.0,0.17,15.0,0.18,10.0,0.02,0.02,2335.627435,1776335989000
1776335992.677,292.677,0.82,7.53,0.81,60.0,0.85,5.0,0.88,10.0,0.14,10.0,0.13,10.0,0.16,4.06,0.17,18.27,0.03,0.02,2335.59845,1776335991000
1776335993.269,293.269,0.82,7.53,0.81,65.0,0.85,17.0,0.88,10.0,0.15,5.0,0.12,10.0,0.18,7.53,0.19,60.0,0.03,0.03,2335.59845,1776335991000
1776335993.994,293.994,0.84,127.52,0.83,10.0,0.85,5.0,0.86,12.0,0.15,17.0,0.12,10.0,0.18,7.53,0.19,65.0,0.01,0.03,2335.597695,1776335992000
1776335994.318,294.318,0.86,33.0,0.84,122.52,0.89,10.0,0.9,20.0,0.15,5.0,0.14,12.0,0.16,127.52,0.17,10.0,0.03,0.01,2335.59716,1776335993000
1776335994.736,294.736,0.88,22.0,0.87,10.0,0.9,18.88,0.91,21.0,0.11,10.0,0.1,20.0,0.14,33.0,0.16,122.52,0.02,0.03,2335.59716,1776335993000
1776335994.974,294.974,0.88,2.0,0.87,10.0,0.9,22.76,0.91,21.0,0.1,18.88,0.09,21.0,0.12,2.0,0.13,10.0,0.02,0.02,2335.59716,1776335993000
1776335995.418,295.418,0.88,10.0,0.87,22.0,0.89,7.75,0.9,17.76,0.1,22.76,0.09,21.0,0.14,10.0,0.15,10.0,0.01,0.04,2335.59716,1776335993000
1776335996.052,296.052,0.88,10.0,0.87,27.0,0.9,22.7,0.91,21.0,0.1,16.04,0.09,21.0,0.12,10.0,0.13,22.0,0.02,0.02,2335.735644,1776335994000
1776335996.43,296.43,0.88,10.0,0.87,57.0,0.9,16.48,0.91,26.0,0.1,22.7,0.09,21.0,0.13,57.0,0.14,130.0,0.02,0.03,2335.737654,1776335995000
1776335996.636,296.636,0.89,15.0,0.88,10.0,0.91,8.15,0.92,22.0,0.1,3.48,0.09,26.0,0.12,10.0,0.13,52.0,0.02,0.02,2335.737654,1776335995000
1776335997.119,297.119,0.9,35.0,0.89,27.0,0.91,3.15,0.92,22.0,0.09,8.15,0.08,22.0,0.11,15.0,0.12,10.0,0.01,0.02,2335.737654,1776335995000
1776335997.341,297.341,0.9,55.0,0.89,22.0,0.92,19.73,0.93,24.0,0.09,3.15,0.08,22.0,0.1,35.0,0.11,27.0,0.02,0.01,2335.714248,1776335996000
1776335997.576,297.576,0.93,75.0,0.92,99.0,0.94,6.84,0.95,31.89,0.05,31.89,0.04,50.0,0.08,5.0,0.09,92.0,0.01,0.03,2335.714248,1776335996000
1776335997.831,297.831,0.94,75.0,0.93,97.0,0.96,47.11,0.97,156.0,0.04,47.11,0.03,156.0,0.07,75.0,0.08,99.0,0.02,0.03,2335.714248,1776335996000
1776335998.32,298.32,0.95,27.0,0.94,120.0,0.97,109.12,0.98,185.0,0.03,124.12,0.02,185.0,0.06,90.0,0.07,97.0,0.02,0.03,2335.714248,1776335996000
1776335998.55,298.55,0.96,20.0,0.95,32.0,0.99,1546.48,,,0.01,1547.64,,,0.04,20.0,0.05,39.0,0.03,0.03,2335.714248,1776335996000
1776335998.767,298.767,0.97,15.0,0.96,27.0,0.99,1419.48,,,0.01,1444.48,,,0.03,10.0,0.04,25.0,0.02,0.02,2335.723968,1776335997000
1776335999.252,299.252,0.98,15.0,0.97,27.0,0.99,1079.68,,,,,,,0.01,907.82,0.02,5.0,0.01,,2335.723968,1776335997000
1776335999.493,299.493,0.98,113.9,0.97,32.0,,,,,0.01,1337.26,,,0.02,53.9,0.03,32.0,,0.01,2335.678453,1776335998000
1776335999.699,299.699,0.99,8320.07,0.98,113.9,,,,,,,,,0.02,113.9,0.03,32.0,,,2335.678453,1776335998000
1776336000.46,300.46,0.99,42721.58,0.98,110.0,,,,,,,,,0.01,8320.07,0.02,113.9,,,2335.62693,1776335999000

# RESULT,winner=Up,slug=eth-updown-5m-1776335700,ticks=311
