timestamp,elapsed_sec,up_bid_p1,up_bid_s1,up_bid_p2,up_bid_s2,up_ask_p1,up_ask_s1,up_ask_p2,up_ask_s2,down_bid_p1,down_bid_s1,down_bid_p2,down_bid_s2,down_ask_p1,down_ask_s1,down_ask_p2,down_ask_s2,up_spread,down_spread,eth_price,eth_oracle_ts
1776287100.865,0.865,0.51,139.0,0.46,134.3,0.52,16.52,0.54,155.01,0.48,16.52,0.46,155.01,0.49,10.0,0.54,134.3,0.01,0.01,2359.297276,1776287099000
1776287101.097,1.097,0.51,139.0,0.46,134.3,0.52,16.52,0.54,155.01,0.48,16.52,0.46,155.01,0.49,139.0,0.54,134.3,0.01,0.01,2359.287264,1776287100000
1776287101.543,1.543,0.51,143.0,0.48,10.0,0.52,40.52,0.53,18.0,0.48,16.52,0.46,155.01,0.49,139.0,0.54,134.3,0.01,0.01,2359.287264,1776287100000
1776287102.11,2.11,0.51,131.89,0.48,10.0,0.52,40.52,0.53,18.0,0.48,40.52,0.47,18.0,0.49,131.89,0.52,10.0,0.01,0.01,2359.249086,1776287101000
1776287102.414,2.414,0.51,133.75,0.48,15.0,0.52,37.8,0.53,18.0,0.48,40.52,0.47,18.0,0.49,131.89,0.52,10.0,0.01,0.01,2359.249086,1776287101000
1776287103.182,3.182,0.51,121.5,0.48,15.0,0.52,37.8,0.53,18.0,0.48,37.8,0.47,18.0,0.49,121.5,0.52,15.0,0.01,0.01,2359.208305,1776287102000
1776287104.096,4.096,0.51,104.19,0.5,5.0,0.52,52.8,0.53,28.0,0.48,37.8,0.47,18.0,0.49,121.5,0.52,15.0,0.01,0.01,2359.208305,1776287102000
1776287105.259,5.259,0.51,104.19,0.5,5.0,0.52,52.8,0.53,28.0,0.48,52.8,0.47,28.0,0.49,104.19,0.5,5.0,0.01,0.01,2359.1905,1776287104000
1776287105.534,5.534,0.51,131.19,0.5,5.0,0.52,47.8,0.53,28.0,0.48,52.8,0.47,28.0,0.49,104.19,0.5,5.0,0.01,0.01,2359.1905,1776287104000
1776287106.197,6.197,0.51,131.19,0.5,5.0,0.52,47.8,0.53,28.0,0.48,47.8,0.47,28.0,0.49,131.19,0.5,5.0,0.01,0.01,2359.194665,1776287105000
1776287106.585,6.585,0.51,109.19,0.5,5.0,0.52,47.8,0.53,28.0,0.48,47.8,0.47,28.0,0.49,131.19,0.5,5.0,0.01,0.01,2359.194665,1776287105000
1776287107.024,7.024,0.51,109.19,0.5,10.0,0.52,47.8,0.53,28.0,0.48,47.8,0.47,28.0,0.49,109.19,0.5,5.0,0.01,0.01,2359.194665,1776287105000
1776287107.691,7.691,0.51,104.19,0.5,20.0,0.52,52.8,0.53,28.0,0.48,47.8,0.47,28.0,0.49,109.19,0.5,10.0,0.01,0.01,2359.209666,1776287106000
1776287108.513,8.513,0.51,104.19,0.5,20.0,0.52,52.8,0.53,28.0,0.48,52.8,0.47,28.0,0.49,104.19,0.5,20.0,0.01,0.01,2359.209425,1776287107000
1776287109.221,9.221,0.51,104.19,0.5,20.0,0.52,52.8,0.53,28.0,0.48,52.8,0.47,28.0,0.49,104.19,0.5,20.0,0.01,0.01,2359.216185,1776287108000
1776287109.77,9.77,0.51,129.69,0.5,5.0,0.52,39.45,0.53,28.0,0.48,52.8,0.47,28.0,0.49,104.19,0.5,20.0,0.01,0.01,2359.216185,1776287108000
1776287110.192,10.192,0.51,129.69,0.5,5.0,0.52,39.45,0.53,28.0,0.48,39.45,0.47,28.0,0.49,129.69,0.5,5.0,0.01,0.01,2359.22169,1776287109000
1776287111.249,11.249,0.51,114.19,0.5,15.5,0.52,42.21,0.53,97.0,0.48,39.45,0.47,28.0,0.49,129.69,0.5,5.0,0.01,0.01,2359.22169,1776287109000
1776287114.921,14.921,0.53,99.0,0.52,158.5,0.54,14.36,0.55,79.0,0.48,42.21,0.47,97.0,0.49,114.19,0.5,15.5,0.01,0.01,2359.241205,1776287113000
1776287116.426,16.426,0.52,117.5,0.51,147.69,0.54,19.36,0.55,86.0,0.46,14.36,0.45,79.0,0.47,99.0,0.48,158.5,0.02,0.01,2359.25355,1776287115000
1776287117.239,17.239,0.53,7.87,0.52,117.5,0.54,39.36,0.55,111.0,0.46,19.36,0.45,86.0,0.48,117.5,0.49,147.69,0.01,0.02,2359.25355,1776287115000
1776287120.368,20.368,0.52,127.5,0.51,147.69,0.53,40.0,0.54,49.36,0.46,39.36,0.45,111.0,0.47,7.87,0.48,117.5,0.01,0.01,2359.44849,1776287119000
1776287123.421,23.421,0.53,20.0,0.52,142.5,0.54,30.5,0.55,111.0,0.47,40.0,0.46,49.36,0.48,127.5,0.49,147.69,0.01,0.01,2359.44928,1776287122000
1776287123.71,23.71,0.52,147.5,0.51,158.69,0.53,15.0,0.54,30.5,0.46,30.5,0.45,111.0,0.47,20.0,0.48,142.5,0.01,0.01,2359.44928,1776287122000
1776287124.006,24.006,0.53,20.5,0.52,167.5,0.54,8.14,0.55,111.5,0.47,15.0,0.46,30.5,0.48,147.5,0.49,158.69,0.01,0.01,2359.44928,1776287122000
1776287124.244,24.244,0.52,44.0,0.51,158.69,0.54,30.86,0.55,104.5,0.46,5.36,0.45,111.5,0.47,55.5,0.48,167.5,0.02,0.01,2359.44928,1776287122000
1776287125.171,25.171,0.52,11.0,0.51,147.19,0.53,55.5,0.54,88.86,0.46,30.86,0.45,104.5,0.48,44.0,0.49,158.69,0.01,0.02,2359.44301,1776287124000
1776287126.013,26.013,0.51,136.19,0.5,102.5,0.52,25.5,0.53,118.5,0.47,55.5,0.46,88.86,0.48,11.0,0.49,147.19,0.01,0.01,2359.463973,1776287125000
1776287126.557,26.557,0.51,135.19,0.5,102.5,0.52,37.61,0.53,118.5,0.48,25.5,0.47,118.5,0.49,136.19,0.5,102.5,0.01,0.01,2359.463973,1776287125000
1776287127.254,27.254,0.51,69.19,0.5,5.0,0.52,81.61,0.53,113.5,0.48,37.61,0.47,118.5,0.49,135.19,0.5,102.5,0.01,0.01,2359.463973,1776287125000
1776287127.53,27.53,0.51,54.19,0.5,5.0,0.52,81.61,0.53,113.5,0.48,81.61,0.47,113.5,0.49,59.19,0.5,5.0,0.01,0.01,2359.463973,1776287125000
1776287129.653,29.653,0.51,51.12,0.5,5.0,0.52,97.61,0.53,113.5,0.48,81.61,0.47,113.5,0.49,54.19,0.5,5.0,0.01,0.01,2359.463973,1776287125000
1776287131.004,31.004,0.51,103.91,0.5,20.5,0.52,70.61,0.53,71.5,0.48,97.61,0.47,113.5,0.49,51.12,0.5,5.0,0.01,0.01,2359.463973,1776287125000
1776287133.658,33.658,0.51,20.5,0.5,5.0,0.52,197.61,0.53,76.5,0.48,70.61,0.47,71.5,0.49,103.91,0.5,20.5,0.01,0.01,2359.463973,1776287125000
1776287135.306,35.306,0.49,95.44,0.48,69.5,0.5,42.0,0.51,46.5,0.5,102.5,0.49,35.5,0.51,16.94,0.52,88.0,0.01,0.01,2359.213324,1776287133000
1776287136.981,36.981,0.49,100.44,0.48,69.5,0.53,45.22,0.54,35.5,0.5,42.0,0.49,46.5,0.51,95.44,0.52,69.5,0.04,0.01,2359.172485,1776287135000
1776287138.462,38.462,0.5,6.94,0.49,105.44,0.51,22.0,0.52,73.0,0.47,45.22,0.46,35.5,0.51,100.44,0.52,69.5,0.01,0.04,2359.17445,1776287137000
1776287143.62,43.62,0.5,2.48,0.49,111.44,0.51,48.0,0.52,89.0,0.49,32.0,0.48,73.0,0.5,1.94,0.51,110.44,0.01,0.01,2359.229247,1776287142000
1776287143.981,43.981,0.5,17.98,0.49,111.44,0.51,28.0,0.52,89.0,0.49,48.0,0.48,89.0,0.5,2.48,0.51,111.44,0.01,0.01,2359.229247,1776287142000
1776287150.051,50.051,0.5,2.48,0.49,111.44,0.51,52.0,0.52,98.0,0.49,28.0,0.48,89.0,0.5,17.98,0.51,111.44,0.01,0.01,2359.1941,1776287149000
1776287150.756,50.756,0.5,144.0,0.49,56.44,0.52,10.0,0.53,15.0,0.49,52.0,0.48,98.0,0.5,2.48,0.51,111.44,0.02,0.01,2359.1941,1776287149000
1776287151.474,51.474,0.52,73.0,0.51,44.5,0.53,0.1,0.54,45.0,0.48,10.0,0.47,15.0,0.5,144.0,0.51,56.44,0.01,0.02,2359.1941,1776287149000
1776287154.221,54.221,0.52,35.0,0.51,35.5,0.53,7.16,0.54,93.0,0.46,45.0,0.45,30.0,0.48,68.0,0.49,49.5,0.01,0.02,2359.29156,1776287152000
1776287158.336,58.336,0.52,61.5,0.51,104.5,0.54,103.0,0.55,30.0,0.47,7.16,0.46,93.0,0.48,35.0,0.49,35.5,0.02,0.01,2359.288285,1776287156000
1776287161.102,61.102,0.53,34.0,0.52,114.5,0.54,10.0,0.55,45.0,0.46,103.0,0.45,30.0,0.48,61.5,0.49,104.5,0.01,0.02,2359.2956,1776287159000
1776287161.321,61.321,0.52,43.62,0.51,51.5,0.54,10.0,0.55,93.0,0.46,10.0,0.45,45.0,0.47,34.0,0.48,114.5,0.02,0.01,2359.299195,1776287160000
1776287161.898,61.898,0.52,66.5,0.51,72.5,0.55,78.0,0.56,25.5,0.46,10.0,0.45,93.0,0.48,43.62,0.49,51.5,0.03,0.02,2359.299195,1776287160000
1776287162.199,62.199,0.54,24.13,0.53,15.0,0.55,83.0,0.56,35.5,0.45,78.0,0.44,25.5,0.48,66.5,0.49,72.5,0.01,0.03,2359.299195,1776287160000
1776287162.675,62.675,0.54,24.13,0.53,15.0,0.55,73.36,0.56,35.5,0.45,83.0,0.44,35.5,0.46,24.13,0.47,15.0,0.01,0.01,2359.299195,1776287160000
1776287163.05,63.05,0.54,18.47,0.53,15.0,0.55,48.72,0.56,45.5,0.45,53.72,0.44,35.5,0.46,24.13,0.47,15.0,0.01,0.01,2359.31041,1776287161000
1776287163.296,63.296,0.54,21.97,0.53,25.0,0.55,48.72,0.56,45.5,0.45,48.72,0.44,45.5,0.46,18.47,0.47,15.0,0.01,0.01,2359.31041,1776287161000
1776287164.696,64.696,0.54,21.97,0.53,83.5,0.55,5.0,0.56,103.0,0.45,48.72,0.44,45.5,0.46,21.97,0.47,25.0,0.01,0.01,2359.324435,1776287163000
1776287167.071,67.071,0.54,16.97,0.53,93.5,0.56,92.91,0.57,47.5,0.45,5.0,0.44,103.0,0.46,21.97,0.47,83.5,0.02,0.01,2359.336145,1776287165000
1776287169.664,69.664,0.54,21.97,0.53,98.5,0.59,8.31,0.6,15.0,0.44,92.91,0.43,47.5,0.46,16.97,0.47,93.5,0.05,0.02,2359.356285,1776287167000
1776287170.145,70.145,0.59,71.0,0.58,30.0,0.62,8.35,0.63,73.0,0.45,5.0,0.41,8.31,0.46,21.97,0.47,98.5,0.03,0.01,2359.35712,1776287168000
1776287170.573,70.573,0.61,75.0,0.6,15.0,0.62,3.18,0.63,78.0,0.38,8.35,0.37,73.0,0.41,71.0,0.42,30.0,0.01,0.03,2359.35712,1776287168000
1776287170.909,70.909,0.61,86.0,0.6,26.0,0.62,13.09,0.63,83.0,0.38,3.18,0.37,78.0,0.39,75.0,0.4,15.0,0.01,0.01,2359.352285,1776287169000
1776287171.183,71.183,0.61,91.0,0.6,26.0,0.63,70.48,0.64,15.0,0.38,13.09,0.37,83.0,0.39,86.0,0.4,26.0,0.02,0.01,2359.352285,1776287169000
1776287171.534,71.534,0.61,10.0,0.59,5.0,0.62,163.5,0.63,26.0,0.37,70.48,0.36,15.0,0.39,91.0,0.4,26.0,0.01,0.02,2359.360025,1776287170000
1776287172.701,72.701,0.49,16.94,0.48,50.5,0.5,42.0,0.51,31.0,0.47,17.5,0.46,37.0,0.51,27.44,0.52,35.0,0.01,0.04,2359.515306,1776287171000
1776287173.121,73.121,0.48,88.0,0.46,50.0,0.5,170.5,0.51,66.0,0.5,42.0,0.49,31.0,0.51,16.94,0.52,50.5,0.02,0.01,2359.515306,1776287171000
1776287174.287,74.287,0.46,45.0,0.43,50.0,0.49,318.5,0.5,52.0,0.5,185.5,0.49,66.0,0.52,84.98,0.54,50.0,0.03,0.02,2359.392599,1776287172000
1776287174.492,74.492,0.37,39.49,0.36,10.0,0.45,10.0,0.46,70.5,0.54,10.5,0.53,160.0,0.63,46.0,0.64,10.0,0.08,0.09,2359.392599,1776287172000
1776287174.976,74.976,0.34,35.0,0.33,63.0,0.35,25.0,0.36,15.0,0.62,185.0,0.61,31.5,0.66,1.16,0.67,5.0,0.01,0.04,2359.27678,1776287173000
1776287176.039,76.039,0.33,49.0,0.32,10.0,0.34,27.0,0.35,32.0,0.65,58.0,0.64,15.0,0.66,5.0,0.67,63.0,0.01,0.01,2359.034252,1776287174000
1776287176.261,76.261,0.33,13.0,0.32,10.0,0.34,27.0,0.35,32.0,0.66,27.0,0.65,32.0,0.67,49.0,0.68,10.0,0.01,0.01,2358.91473,1776287175000
1776287176.832,76.832,0.33,74.0,0.32,27.0,0.34,24.64,0.35,32.0,0.66,27.0,0.65,32.0,0.67,13.0,0.68,10.0,0.01,0.01,2358.91473,1776287175000
1776287177.664,77.664,0.33,10.0,0.32,150.58,0.34,10.22,0.35,32.0,0.66,24.64,0.65,32.0,0.67,74.0,0.68,27.0,0.01,0.01,2358.91473,1776287175000
1776287178.628,78.628,0.33,22.65,0.32,150.58,0.34,60.22,0.35,90.0,0.66,10.22,0.65,32.0,0.67,10.0,0.68,150.58,0.01,0.01,2358.182834,1776287176000
1776287178.864,78.864,0.33,21.65,0.32,150.58,0.34,8.22,0.35,90.0,0.66,24.22,0.65,90.0,0.67,16.65,0.68,150.58,0.01,0.01,2358.136909,1776287177000
1776287180.477,80.477,0.34,1.45,0.33,21.65,0.35,114.22,0.36,154.0,0.65,74.22,0.64,154.0,0.66,6.0,0.67,21.65,0.01,0.01,2358.156652,1776287179000
1776287183.864,83.864,0.33,36.46,0.32,73.5,0.34,52.05,0.35,73.0,0.65,119.22,0.64,154.0,0.67,21.58,0.68,150.58,0.01,0.02,2358.129412,1776287182000
1776287184.915,84.915,0.33,10.0,0.32,73.5,0.34,50.53,0.35,73.0,0.66,52.05,0.65,73.0,0.67,36.46,0.68,73.5,0.01,0.01,2358.128195,1776287183000
1776287186.99,86.99,0.3,0.66,0.28,45.0,0.31,132.0,0.32,32.0,0.66,50.53,0.65,73.0,0.67,10.0,0.68,73.5,0.01,0.01,2358.129316,1776287185000
1776287187.576,87.576,0.28,11.97,0.27,105.5,0.29,87.0,0.3,10.0,0.71,102.0,0.7,10.0,0.72,1.47,0.73,37.5,0.01,0.01,2358.13881,1776287186000
1776287188.856,88.856,0.28,27.97,0.27,110.5,0.29,27.0,0.3,10.0,0.71,87.0,0.7,10.0,0.72,11.97,0.73,105.5,0.01,0.01,2358.13881,1776287186000
1776287189.255,89.255,0.28,16.58,0.27,125.5,0.29,27.0,0.3,20.0,0.71,27.0,0.7,10.0,0.72,27.97,0.73,110.5,0.01,0.01,2358.042791,1776287187000
1776287190.265,90.265,0.28,32.08,0.27,125.5,0.29,21.03,0.3,20.0,0.71,27.0,0.7,20.0,0.72,16.58,0.73,125.5,0.01,0.01,2357.973586,1776287189000
1776287190.636,90.636,0.28,27.08,0.27,125.5,0.29,41.03,0.3,20.0,0.71,21.03,0.7,20.0,0.72,32.08,0.73,125.5,0.01,0.01,2357.973586,1776287189000
1776287190.853,90.853,0.27,15.15,0.26,43.0,0.29,46.03,0.3,25.0,0.71,41.03,0.7,20.0,0.72,27.08,0.73,125.5,0.02,0.01,2357.973586,1776287189000
1776287191.367,91.367,0.28,6.0,0.27,45.5,0.29,86.03,0.3,30.5,0.71,46.03,0.7,25.0,0.73,15.15,0.74,43.0,0.01,0.02,2357.978316,1776287190000
1776287191.881,91.881,0.27,5.0,0.26,47.5,0.28,116.0,0.29,128.5,0.71,86.03,0.7,30.5,0.72,6.0,0.73,45.5,0.01,0.01,2357.978316,1776287190000
1776287192.115,92.115,0.27,5.5,0.26,20.5,0.28,114.0,0.29,128.5,0.72,109.0,0.71,128.5,0.73,1.87,0.74,20.5,0.01,0.01,2357.982009,1776287191000
1776287192.744,92.744,0.27,0.5,0.26,10.0,0.28,177.0,0.29,97.5,0.72,114.0,0.71,128.5,0.73,5.5,0.74,20.5,0.01,0.01,2357.982009,1776287191000
1776287193.392,93.392,0.26,5.0,0.25,15.5,0.29,45.57,0.3,25.5,0.72,172.0,0.71,97.5,0.75,20.5,0.76,58.0,0.03,0.03,2357.95625,1776287192000
1776287194.774,94.774,0.24,45.5,0.23,148.0,0.26,96.0,0.27,73.0,0.71,45.57,0.7,25.5,0.74,5.0,0.75,15.5,0.02,0.03,2357.8688,1776287193000
1776287195.955,95.955,0.24,50.5,0.23,148.0,0.25,85.0,0.26,61.0,0.75,4.0,0.74,96.0,0.76,45.5,0.77,148.0,0.01,0.01,2357.772718,1776287195000
1776287197.719,97.719,0.24,138.5,0.23,105.5,0.25,29.0,0.26,15.0,0.75,85.0,0.74,61.0,0.76,50.5,0.77,148.0,0.01,0.01,2357.627598,1776287196000
1776287198.864,98.864,0.24,111.13,0.23,118.5,0.25,29.0,0.26,15.0,0.75,29.0,0.74,15.0,0.76,138.5,0.77,105.5,0.01,0.01,2357.609114,1776287197000
1776287201.151,101.151,0.28,22.0,0.27,44.0,0.29,87.0,0.3,66.5,0.75,29.0,0.74,15.0,0.76,111.13,0.77,118.5,0.01,0.01,2357.773607,1776287200000
1776287202.073,102.073,0.26,31.0,0.25,43.0,0.29,142.5,0.3,61.5,0.71,87.0,0.7,66.5,0.72,22.0,0.73,44.0,0.03,0.01,2357.773607,1776287200000
1776287202.276,102.276,0.26,25.0,0.25,10.0,0.27,95.87,0.28,57.5,0.71,142.5,0.7,61.5,0.74,31.0,0.75,43.0,0.01,0.03,2357.773607,1776287200000
1776287203.626,103.626,0.24,23.13,0.23,183.5,0.26,85.0,0.27,65.87,0.73,95.87,0.72,57.5,0.74,25.0,0.75,10.0,0.02,0.01,2357.89421,1776287202000
1776287207.101,107.101,0.31,58.0,0.3,130.5,0.33,68.0,0.34,60.5,0.74,85.0,0.73,65.87,0.76,23.13,0.77,183.5,0.02,0.02,2357.711083,1776287205000
1776287209.515,109.515,0.34,84.0,0.33,53.5,0.35,55.0,0.36,143.0,0.67,68.0,0.66,60.5,0.69,58.0,0.7,130.5,0.01,0.02,2358.071745,1776287208000
1776287210.08,110.08,0.35,23.92,0.34,79.0,0.36,153.0,0.37,5.0,0.65,55.0,0.64,143.0,0.66,84.0,0.67,53.5,0.01,0.01,2358.071745,1776287208000
1776287211.214,111.214,0.38,49.24,0.37,27.5,0.39,108.0,0.4,60.0,0.64,153.0,0.63,5.0,0.65,23.92,0.66,79.0,0.01,0.01,2358.231235,1776287210000
1776287211.912,111.912,0.38,140.74,0.37,43.5,0.39,55.0,0.4,65.0,0.61,108.0,0.6,60.0,0.62,49.24,0.63,27.5,0.01,0.01,2358.231235,1776287210000
1776287220.509,120.509,0.38,140.67,0.37,38.5,0.39,55.0,0.4,65.0,0.61,55.0,0.6,65.0,0.62,140.74,0.63,43.5,0.01,0.01,2358.568935,1776287219000
1776287220.755,120.755,0.38,20.35,0.37,20.5,0.39,120.0,0.4,75.0,0.61,55.0,0.6,65.0,0.62,140.67,0.63,38.5,0.01,0.01,2358.568935,1776287219000
1776287221.013,121.013,0.38,5.5,0.37,20.5,0.39,70.87,0.4,30.0,0.61,60.87,0.6,25.0,0.62,10.5,0.63,20.5,0.01,0.01,2358.568935,1776287219000
1776287221.479,121.479,0.38,25.5,0.37,20.5,0.39,20.0,0.4,30.0,0.6,26.62,0.59,41.5,0.62,5.5,0.63,20.5,0.01,0.02,2358.568935,1776287219000
1776287221.754,121.754,0.38,10.67,0.37,20.5,0.39,116.0,0.4,88.0,0.61,70.0,0.6,98.5,0.62,5.0,0.63,20.5,0.01,0.01,2358.56899,1776287220000
1776287222.156,122.156,0.38,10.67,0.37,20.5,0.39,144.0,0.4,41.5,0.61,116.0,0.6,88.0,0.62,10.67,0.63,20.5,0.01,0.01,2358.56899,1776287220000
1776287224.404,124.404,0.41,85.5,0.4,80.5,0.42,15.0,0.43,15.5,0.61,135.15,0.6,41.5,0.62,10.67,0.63,20.5,0.01,0.01,2358.586125,1776287223000
1776287226.978,126.978,0.39,55.06,0.38,59.67,0.42,10.0,0.43,79.0,0.58,15.0,0.57,15.5,0.59,85.5,0.6,80.5,0.03,0.01,2358.75461,1776287225000
1776287228.18,128.18,0.34,27.31,0.33,47.3,0.41,11.0,0.42,10.0,0.58,10.0,0.57,79.0,0.61,55.06,0.62,59.67,0.07,0.03,2358.727307,1776287226000
1776287228.653,128.653,0.4,2.5,0.39,73.0,0.41,31.0,0.42,20.0,0.59,11.0,0.58,10.0,0.66,27.31,0.67,47.3,0.01,0.07,2358.776815,1776287227000
1776287229.08,129.08,0.4,41.0,0.39,118.5,0.42,5.0,0.43,15.0,0.59,31.0,0.58,20.0,0.6,2.5,0.61,73.0,0.02,0.01,2358.776815,1776287227000
1776287230.106,130.106,0.43,90.53,0.42,64.0,0.45,15.0,0.46,100.5,0.57,10.0,0.56,85.5,0.59,15.0,0.6,51.0,0.02,0.02,2358.734185,1776287228000
1776287231.423,131.423,0.46,45.15,0.45,70.0,0.47,25.0,0.48,98.5,0.55,15.0,0.54,100.5,0.57,90.53,0.58,64.0,0.01,0.02,2358.80707,1776287230000
1776287232.728,132.728,0.46,67.24,0.45,70.0,0.47,15.0,0.48,98.5,0.53,25.0,0.52,98.5,0.54,45.15,0.55,70.0,0.01,0.01,2358.901002,1776287231000
1776287235.96,135.96,0.46,52.24,0.45,70.0,0.47,26.44,0.48,94.5,0.53,15.0,0.52,98.5,0.54,67.24,0.55,70.0,0.01,0.01,2359.048325,1776287234000
1776287237.759,137.759,0.46,50.33,0.45,59.0,0.47,107.44,0.48,36.5,0.53,24.44,0.52,94.5,0.54,57.24,0.55,70.0,0.01,0.01,2359.04438,1776287236000
1776287241.861,141.861,0.46,60.33,0.45,64.0,0.47,94.0,0.48,37.0,0.53,107.44,0.52,36.5,0.54,50.33,0.55,59.0,0.01,0.01,2359.05236,1776287240000
1776287243.52,143.52,0.48,141.53,0.47,47.7,0.5,5.09,0.51,68.0,0.53,94.0,0.52,37.0,0.54,60.33,0.55,64.0,0.02,0.01,2359.05989,1776287242000
1776287245.665,145.665,0.5,82.53,0.49,68.0,0.51,58.0,0.52,35.0,0.5,5.09,0.49,68.0,0.52,141.53,0.53,47.7,0.01,0.02,2359.148864,1776287244000
1776287246.041,146.041,0.5,76.53,0.49,68.0,0.51,53.0,0.52,35.0,0.49,53.0,0.48,35.0,0.5,87.53,0.51,68.0,0.01,0.01,2359.179165,1776287245000
1776287248.028,148.028,0.56,83.0,0.55,79.0,0.57,57.0,0.58,65.0,0.49,53.0,0.48,35.0,0.5,76.53,0.51,68.0,0.01,0.01,2359.219465,1776287246000
1776287250.424,150.424,0.56,67.0,0.55,72.0,0.57,50.94,0.58,65.0,0.43,57.0,0.42,65.0,0.44,83.0,0.45,79.0,0.01,0.01,2359.529297,1776287249000
1776287250.703,150.703,0.55,68.94,0.54,98.0,0.57,45.94,0.58,60.0,0.43,50.94,0.42,65.0,0.44,67.0,0.45,72.0,0.02,0.01,2359.529297,1776287249000
1776287251.129,151.129,0.56,45.45,0.55,126.76,0.57,57.47,0.58,80.5,0.43,57.47,0.42,60.0,0.44,30.0,0.45,137.26,0.01,0.01,2359.529297,1776287249000
1776287251.336,151.336,0.56,45.45,0.55,136.76,0.57,60.47,0.58,70.0,0.43,57.47,0.42,80.5,0.44,45.45,0.45,126.76,0.01,0.01,2359.597846,1776287250000
1776287252.255,152.255,0.56,93.94,0.55,68.44,0.57,129.71,0.58,70.0,0.43,60.47,0.42,70.0,0.44,45.45,0.45,136.76,0.01,0.01,2359.597846,1776287250000
1776287252.743,152.743,0.56,83.94,0.55,54.5,0.57,99.62,0.58,90.5,0.43,129.71,0.42,70.0,0.44,93.94,0.45,68.44,0.01,0.01,2359.527568,1776287251000
1776287255.356,155.356,0.56,133.94,0.55,103.0,0.57,19.62,0.58,60.0,0.43,99.62,0.42,90.5,0.44,83.94,0.45,54.5,0.01,0.01,2359.484085,1776287254000
1776287258.227,158.227,0.56,55.9,0.55,121.31,0.57,11.62,0.58,60.0,0.43,19.62,0.42,60.0,0.44,133.94,0.45,103.0,0.01,0.01,2359.52821,1776287257000
1776287258.557,158.557,0.56,248.6,0.55,80.31,0.57,3.0,0.58,50.0,0.43,11.62,0.42,60.0,0.44,55.9,0.45,121.31,0.01,0.01,2359.52821,1776287257000
1776287259.644,159.644,0.6,86.0,0.59,42.0,0.61,11.72,0.62,73.5,0.39,10.0,0.38,35.0,0.4,10.0,0.41,21.0,0.01,0.01,2359.53943,1776287258000
1776287263.862,163.862,0.54,44.13,0.53,10.0,0.56,107.5,0.57,180.5,0.39,11.72,0.38,73.5,0.4,86.0,0.41,42.0,0.02,0.01,2359.758261,1776287262000
1776287264.245,164.245,0.54,28.49,0.53,10.0,0.55,154.77,0.56,131.5,0.45,32.5,0.44,141.5,0.46,22.13,0.47,10.0,0.01,0.01,2359.758261,1776287262000
1776287264.687,164.687,0.53,10.0,0.5,4.53,0.55,350.5,0.56,96.5,0.45,154.77,0.44,131.5,0.46,20.31,0.47,10.0,0.02,0.01,2359.719845,1776287263000
1776287265.367,165.367,0.46,16.86,0.45,10.37,0.47,115.82,0.48,31.0,0.53,7.67,0.5,10.0,0.54,10.0,0.56,25.0,0.01,0.01,2359.717105,1776287264000
1776287265.773,165.773,0.45,1.23,0.44,25.0,0.46,140.5,0.47,76.82,0.53,175.82,0.52,31.0,0.55,6.23,0.56,25.0,0.01,0.02,2359.717105,1776287264000
1776287267.344,167.344,0.44,123.0,0.43,40.0,0.45,58.0,0.46,25.0,0.54,140.5,0.53,76.82,0.55,1.23,0.56,25.0,0.01,0.01,2359.20351,1776287266000
1776287270.137,170.137,0.46,29.48,0.45,88.0,0.47,21.0,0.48,26.0,0.55,58.0,0.54,25.0,0.56,123.0,0.57,40.0,0.01,0.01,2359.04412,1776287268000
1776287270.36,170.36,0.46,34.48,0.45,30.0,0.47,11.0,0.48,41.5,0.53,21.0,0.52,26.0,0.54,29.48,0.55,88.0,0.01,0.01,2359.04412,1776287268000
1776287271.72,171.72,0.46,75.77,0.45,30.0,0.47,0.4,0.48,31.0,0.53,11.0,0.52,41.5,0.54,34.48,0.55,30.0,0.01,0.01,2359.11544,1776287270000
1776287273.111,173.111,0.46,32.77,0.45,35.0,0.48,20.68,0.49,42.36,0.53,0.4,0.52,31.0,0.54,75.77,0.55,30.0,0.02,0.01,2359.149315,1776287271000
1776287274.617,174.617,0.46,15.0,0.45,30.0,0.47,114.19,0.48,31.68,0.52,20.68,0.51,42.36,0.54,32.77,0.55,35.0,0.01,0.02,2359.149315,1776287273000
1776287274.932,174.932,0.46,15.0,0.45,50.0,0.47,80.99,0.48,36.68,0.53,114.19,0.52,31.68,0.54,15.0,0.55,30.0,0.01,0.01,2359.149315,1776287273000
1776287278.775,178.775,0.48,25.0,0.47,15.0,0.49,11.86,0.51,70.0,0.53,80.99,0.52,36.68,0.54,15.0,0.55,50.0,0.01,0.01,2359.119855,1776287277000
1776287280.439,180.439,0.48,22.0,0.47,41.0,0.49,42.36,0.5,20.5,0.51,11.86,0.49,70.0,0.52,25.0,0.53,15.0,0.01,0.01,2359.120065,1776287279000
1776287280.699,180.699,0.48,27.0,0.47,46.0,0.49,25.5,0.5,25.5,0.51,26.95,0.5,25.5,0.52,22.0,0.53,41.0,0.01,0.01,2359.120065,1776287279000
1776287281.404,181.404,0.48,22.0,0.47,41.0,0.49,30.5,0.5,25.5,0.51,20.5,0.5,25.5,0.52,27.0,0.53,46.0,0.01,0.01,2359.187721,1776287280000
1776287281.647,181.647,0.48,6.0,0.47,30.0,0.49,15.0,0.5,30.5,0.51,30.5,0.5,25.5,0.52,22.0,0.53,41.0,0.01,0.01,2359.187721,1776287280000
1776287282.37,182.37,0.48,6.0,0.47,30.0,0.49,26.93,0.5,30.5,0.51,15.0,0.5,30.5,0.52,6.0,0.53,30.0,0.01,0.01,2359.248195,1776287281000
1776287283.759,183.759,0.48,136.5,0.47,54.69,0.5,4.9,0.51,45.0,0.51,5.93,0.5,30.5,0.52,1.0,0.53,30.0,0.02,0.01,2359.23202,1776287282000
1776287284.614,184.614,0.49,18.0,0.48,116.0,0.52,10.0,0.54,58.0,0.5,4.9,0.49,45.0,0.52,136.5,0.53,54.69,0.03,0.02,2359.160618,1776287283000
1776287285.458,185.458,0.53,15.0,0.52,15.0,0.54,63.5,0.55,10.0,0.48,10.0,0.46,58.0,0.51,18.0,0.52,116.0,0.01,0.03,2359.160618,1776287283000
1776287286.161,186.161,0.53,15.91,0.52,20.0,0.54,66.51,0.55,10.0,0.46,56.01,0.45,10.0,0.47,15.0,0.48,15.0,0.01,0.01,2359.330975,1776287285000
1776287287.87,187.87,0.53,81.91,0.52,41.0,0.54,66.51,0.55,15.0,0.46,66.51,0.45,10.0,0.47,15.91,0.48,20.0,0.01,0.01,2359.385885,1776287286000
1776287288.29,188.29,0.53,81.91,0.52,36.0,0.54,64.41,0.55,15.0,0.46,66.51,0.45,15.0,0.47,81.91,0.48,41.0,0.01,0.01,2359.390875,1776287287000
1776287291.309,191.309,0.53,70.91,0.52,25.0,0.54,61.63,0.55,15.0,0.46,64.41,0.45,15.0,0.47,81.91,0.48,36.0,0.01,0.01,2359.38533,1776287290000
1776287293.155,193.155,0.53,70.91,0.52,25.0,0.54,58.85,0.55,15.0,0.46,61.63,0.45,15.0,0.47,70.91,0.48,25.0,0.01,0.01,2359.383495,1776287292000
1776287294.188,194.188,0.53,73.69,0.52,25.0,0.54,25.35,0.55,25.5,0.46,48.35,0.45,25.5,0.47,68.69,0.48,25.0,0.01,0.01,2359.383405,1776287293000
1776287295.835,195.835,0.53,68.69,0.52,25.0,0.54,56.73,0.55,20.5,0.46,25.35,0.45,25.5,0.47,73.69,0.48,25.0,0.01,0.01,2359.386935,1776287294000
1776287297.477,197.477,0.53,68.69,0.52,25.0,0.54,45.61,0.55,20.5,0.46,56.73,0.45,20.5,0.47,68.69,0.48,25.0,0.01,0.01,2359.37718,1776287296000
1776287297.953,197.953,0.53,68.69,0.52,83.0,0.55,10.33,0.56,70.0,0.46,45.61,0.45,20.5,0.47,68.69,0.48,25.0,0.02,0.01,2359.37718,1776287296000
1776287298.683,198.683,0.54,49.73,0.53,58.69,0.55,15.33,0.56,75.0,0.45,10.33,0.44,70.0,0.47,68.69,0.48,83.0,0.01,0.02,2359.375265,1776287297000
1776287300.583,200.583,0.58,10.0,0.57,45.0,0.59,5.0,0.6,20.5,0.45,15.33,0.44,75.0,0.46,49.73,0.47,58.69,0.01,0.01,2359.374005,1776287299000
1776287304.106,204.106,0.59,76.0,0.58,56.0,0.6,81.0,0.61,131.36,0.41,5.0,0.4,20.5,0.42,25.0,0.43,30.0,0.01,0.01,2359.57535,1776287303000
1776287304.337,204.337,0.59,76.0,0.58,56.0,0.6,56.43,0.61,131.36,0.4,81.0,0.39,131.36,0.41,76.0,0.42,56.0,0.01,0.01,2359.57535,1776287303000
1776287305.741,205.741,0.59,91.0,0.58,46.0,0.6,8.0,0.61,144.36,0.4,56.43,0.39,131.36,0.41,76.0,0.42,56.0,0.01,0.01,2359.57476,1776287304000
1776287307.358,207.358,0.59,94.56,0.58,109.0,0.6,13.0,0.61,144.36,0.4,8.0,0.39,144.36,0.41,91.0,0.42,46.0,0.01,0.01,2359.571465,1776287306000
1776287309.984,209.984,0.59,89.56,0.58,104.0,0.6,13.0,0.61,144.36,0.4,13.0,0.39,144.36,0.41,94.56,0.42,109.0,0.01,0.01,2359.58785,1776287309000
1776287311.362,211.362,0.59,70.68,0.58,104.0,0.6,2.0,0.61,139.36,0.4,13.0,0.39,144.36,0.41,89.68,0.42,104.0,0.01,0.01,2359.664981,1776287310000
1776287311.933,211.933,0.59,16.0,0.58,20.0,0.6,37.5,0.61,144.36,0.4,2.0,0.39,139.36,0.41,70.68,0.42,104.0,0.01,0.01,2359.664981,1776287310000
1776287312.591,212.591,0.59,16.0,0.58,5.0,0.6,54.16,0.61,144.36,0.4,47.5,0.39,144.36,0.41,6.0,0.42,15.0,0.01,0.01,2359.579294,1776287311000
1776287314.131,214.131,0.59,4.0,0.58,15.0,0.6,40.16,0.61,144.36,0.4,54.16,0.39,144.36,0.41,5.17,0.42,5.0,0.01,0.01,2359.577416,1776287312000
1776287315.361,215.361,0.59,0.34,0.58,20.0,0.6,50.16,0.61,134.36,0.4,40.16,0.39,144.36,0.41,4.0,0.42,15.0,0.01,0.01,2359.44448,1776287314000
1776287317.026,217.026,0.59,1.68,0.58,20.0,0.6,45.16,0.61,154.36,0.4,50.16,0.39,134.36,0.41,0.34,0.42,20.0,0.01,0.01,2359.41013,1776287315000
1776287325.12,225.12,0.58,3.68,0.55,35.0,0.6,39.16,0.61,91.36,0.4,45.16,0.39,154.36,0.41,1.68,0.42,20.0,0.02,0.01,2359.447676,1776287323000
1776287325.329,225.329,0.51,252.74,0.5,75.0,0.6,90.16,0.61,136.36,0.4,90.16,0.39,136.36,0.49,273.15,0.5,75.0,0.09,0.09,2359.445603,1776287324000
1776287325.757,225.757,0.51,93.53,0.5,75.0,0.52,41.71,0.53,10.0,0.45,11.11,0.44,50.0,0.49,93.53,0.5,75.0,0.01,0.04,2359.445603,1776287324000
1776287326.103,226.103,0.51,48.53,0.5,75.0,0.52,105.71,0.53,15.0,0.48,46.71,0.47,10.0,0.49,93.53,0.5,75.0,0.01,0.01,2359.445421,1776287325000
1776287327.133,227.133,0.31,8.98,0.27,5.0,0.32,45.0,0.33,27.0,0.48,127.71,0.47,15.0,0.52,25.0,0.53,75.0,0.01,0.04,2359.445421,1776287325000
1776287327.504,227.504,0.27,5.0,0.26,10.0,0.31,10.0,0.32,22.0,0.68,57.0,0.67,27.0,0.73,5.0,0.74,5.0,0.04,0.05,2359.111147,1776287326000
1776287327.744,227.744,0.23,75.0,0.22,6.0,0.28,1.96,0.29,10.0,0.72,1.96,0.71,10.0,0.73,5.0,0.74,10.0,0.05,0.01,2359.111147,1776287326000
1776287328.046,228.046,0.25,5.0,0.23,75.0,0.26,8.07,0.27,10.0,0.72,1.6,0.71,10.0,0.73,5.0,0.75,5.0,0.01,0.01,2358.716378,1776287327000
1776287328.865,228.865,0.25,12.07,0.24,98.12,0.26,18.07,0.27,15.0,0.74,8.07,0.73,10.0,0.75,3.66,0.77,75.0,0.01,0.01,2358.716378,1776287327000
1776287329.147,229.147,0.25,19.44,0.24,119.62,0.27,0.32,0.28,45.0,0.74,18.07,0.73,15.0,0.75,12.07,0.76,98.12,0.02,0.01,2358.600677,1776287328000
1776287330.418,230.418,0.26,6.12,0.25,24.44,0.27,5.32,0.28,50.0,0.73,0.32,0.72,45.0,0.75,19.44,0.76,119.62,0.01,0.02,2358.639742,1776287329000
1776287331.093,231.093,0.25,0.5,0.24,21.5,0.26,25.0,0.27,10.32,0.73,5.32,0.72,50.0,0.74,6.12,0.75,24.44,0.01,0.01,2358.603261,1776287330000
1776287331.466,231.466,0.23,35.5,0.22,10.5,0.24,31.48,0.25,15.0,0.74,25.0,0.73,10.32,0.75,0.5,0.76,21.5,0.01,0.01,2358.603261,1776287330000
1776287333.378,233.378,0.22,22.48,0.21,115.5,0.23,30.0,0.24,37.48,0.76,31.48,0.75,15.0,0.77,35.5,0.78,10.5,0.01,0.01,2358.586415,1776287332000
1776287334.234,234.234,0.22,5.0,0.21,115.5,0.23,30.0,0.24,53.48,0.77,30.0,0.76,37.48,0.78,22.48,0.79,115.5,0.01,0.01,2358.51737,1776287333000
1776287334.928,234.928,0.21,5.0,0.2,205.0,0.22,85.18,0.23,44.77,0.77,30.0,0.76,53.48,0.78,5.0,0.79,115.5,0.01,0.01,2358.51737,1776287333000
1776287337.472,237.472,0.2,5.0,0.19,50.31,0.23,20.56,0.24,64.9,0.78,90.18,0.77,49.77,0.8,205.0,0.81,60.5,0.03,0.02,2358.482296,1776287335000
1776287338.362,238.362,0.2,5.0,0.19,55.31,0.21,20.0,0.22,10.0,0.77,20.56,0.76,64.9,0.8,5.0,0.81,50.31,0.01,0.03,2358.41277,1776287337000
1776287340.796,240.796,0.19,3.75,0.18,55.61,0.2,65.0,0.21,15.0,0.79,20.0,0.78,15.0,0.81,55.31,0.82,65.5,0.01,0.02,2358.36598,1776287339000
1776287341.317,241.317,0.14,200.0,0.13,100.0,0.16,107.19,0.17,20.0,0.8,65.0,0.79,15.0,0.81,3.75,0.82,55.61,0.02,0.01,2358.36598,1776287339000
1776287342.306,242.306,0.12,76.41,0.11,50.0,0.13,22.3,0.14,21.0,0.84,107.19,0.83,20.0,0.86,200.0,0.87,100.0,0.01,0.02,2358.352185,1776287340000
1776287342.762,242.762,0.11,55.0,0.1,30.0,0.13,47.3,0.14,75.0,0.87,22.3,0.86,21.0,0.88,76.41,0.89,50.0,0.02,0.01,2358.352396,1776287341000
1776287345.07,245.07,0.1,5.0,0.09,165.0,0.11,6.0,0.12,103.66,0.88,43.66,0.87,37.3,0.89,55.0,0.9,30.0,0.01,0.01,2357.925369,1776287343000
1776287345.893,245.893,0.09,8.84,0.08,45.85,0.1,59.0,0.11,51.0,0.89,77.0,0.88,83.66,0.91,108.84,0.92,45.85,0.01,0.02,2357.905024,1776287344000
1776287346.511,246.511,0.08,43.72,0.07,110.0,0.1,44.0,0.11,51.0,0.9,59.0,0.89,51.0,0.91,8.84,0.92,45.85,0.02,0.01,2357.905024,1776287344000
1776287346.934,246.934,0.08,112.0,0.07,110.0,0.09,27.0,0.1,50.0,0.9,44.0,0.89,51.0,0.92,43.72,0.93,110.0,0.01,0.02,2357.939891,1776287345000
1776287347.181,247.181,0.08,112.0,0.07,110.0,0.1,10.85,0.11,57.0,0.9,10.85,0.89,57.0,0.92,112.0,0.93,110.0,0.02,0.02,2357.939891,1776287345000
1776287347.55,247.55,0.08,29.38,0.07,110.0,0.09,30.0,0.1,37.0,0.9,10.85,0.89,57.0,0.92,112.0,0.93,110.0,0.01,0.02,2357.939728,1776287346000
1776287347.804,247.804,0.08,4.57,0.07,168.0,0.09,25.84,0.1,47.0,0.91,20.84,0.9,47.0,0.93,110.0,0.94,68.0,0.01,0.02,2357.939728,1776287346000
1776287348.086,248.086,0.08,2.52,0.07,168.0,0.09,20.84,0.1,57.0,0.91,25.84,0.9,47.0,0.92,4.57,0.93,168.0,0.01,0.01,2357.939728,1776287346000
1776287348.51,248.51,0.08,2.52,0.07,168.0,0.09,77.52,0.1,47.0,0.91,71.68,0.9,57.0,0.92,2.52,0.93,168.0,0.01,0.01,2357.874363,1776287347000
1776287349.242,249.242,0.08,2.52,0.07,110.0,0.09,115.84,0.1,47.0,0.91,77.52,0.9,47.0,0.92,2.52,0.93,168.0,0.01,0.01,2357.874363,1776287347000
1776287349.656,249.656,0.08,1.43,0.07,110.0,0.09,115.84,0.1,57.0,0.91,115.84,0.9,47.0,0.92,2.52,0.93,110.0,0.01,0.01,2357.741254,1776287348000
1776287349.918,249.918,0.08,1.43,0.07,110.0,0.09,103.84,0.1,47.0,0.91,115.84,0.9,57.0,0.92,1.43,0.93,110.0,0.01,0.01,2357.741254,1776287348000
1776287350.375,250.375,0.06,0.43,0.05,80.0,0.09,140.84,0.1,47.0,0.91,103.84,0.9,47.0,0.92,1.43,0.93,110.0,0.03,0.01,2357.668278,1776287349000
1776287350.63,250.63,0.05,70.43,0.04,40.0,0.06,16.84,0.07,30.0,0.93,10.0,0.92,10.0,0.95,70.43,0.96,40.0,0.01,0.02,2357.668278,1776287349000
1776287350.863,250.863,0.05,57.89,0.04,35.0,0.07,96.0,0.08,22.0,0.93,10.0,0.92,22.0,0.94,5.0,0.95,60.24,0.02,0.01,2357.668278,1776287349000
1776287351.272,251.272,0.06,8.93,0.05,10.0,0.07,100.71,0.08,22.0,0.93,72.71,0.92,22.0,0.96,29.37,0.97,189.0,0.01,0.03,2357.668278,1776287349000
1776287351.531,251.531,0.04,28.0,0.03,189.0,0.07,91.52,0.08,22.0,0.93,91.52,0.92,22.0,0.94,8.93,0.95,10.0,0.03,0.01,2357.668278,1776287349000
1776287352.046,252.046,0.05,4.0,0.04,28.0,0.07,78.52,0.08,22.0,0.93,91.52,0.92,22.0,0.96,28.0,0.97,189.0,0.02,0.03,2357.626853,1776287350000
1776287352.411,252.411,0.04,26.75,0.03,189.0,0.06,15.0,0.07,73.52,0.93,78.52,0.92,22.0,0.95,4.0,0.96,28.0,0.02,0.02,2357.626853,1776287350000
1776287352.732,252.732,0.05,98.0,0.04,52.0,0.07,7.27,0.08,17.0,0.94,15.0,0.93,73.52,0.96,26.75,0.97,189.0,0.02,0.02,2357.570363,1776287351000
1776287353.249,253.249,0.05,95.72,0.04,52.0,0.07,17.27,0.08,17.0,0.93,17.27,0.92,17.0,0.95,96.86,0.96,52.0,0.02,0.02,2357.509678,1776287352000
1776287353.488,253.488,0.05,31.92,0.04,52.0,0.06,40.0,0.07,17.27,0.93,17.27,0.92,17.0,0.95,95.72,0.96,52.0,0.01,0.02,2357.509678,1776287352000
1776287355.651,255.651,0.05,8.94,0.04,26.75,0.06,150.0,0.07,139.43,0.94,40.0,0.93,17.27,0.95,31.92,0.96,52.0,0.01,0.01,2357.537584,1776287354000
1776287355.866,255.866,0.05,5.87,0.04,26.75,0.06,145.0,0.07,139.43,0.94,150.0,0.93,139.43,0.95,8.94,0.96,26.75,0.01,0.01,2357.546136,1776287355000
1776287357.178,257.178,0.04,31.75,0.03,184.0,0.06,154.14,0.07,15.0,0.94,145.0,0.93,139.43,0.95,5.87,0.96,26.75,0.02,0.01,2357.51729,1776287356000
1776287357.396,257.396,0.04,52.0,0.03,184.0,0.06,149.14,0.07,15.0,0.94,154.14,0.93,15.0,0.96,31.75,0.97,184.0,0.02,0.02,2357.51729,1776287356000
1776287357.602,257.602,0.04,49.91,0.03,184.0,0.05,47.78,0.06,149.14,0.94,149.14,0.93,15.0,0.96,52.0,0.97,184.0,0.01,0.02,2357.51729,1776287356000
1776287358.067,258.067,0.04,16.42,0.03,184.0,0.05,69.78,0.06,119.14,0.95,67.78,0.94,149.14,0.96,44.7,0.97,184.0,0.01,0.01,2357.4024,1776287357000
1776287360.305,260.305,0.04,1.42,0.03,126.0,0.05,231.06,0.06,169.94,0.95,69.78,0.94,119.14,0.96,16.42,0.97,184.0,0.01,0.01,2357.313597,1776287359000
1776287360.877,260.877,0.03,107.4,0.02,260.0,0.05,246.06,0.06,174.94,0.95,231.06,0.94,169.94,0.96,1.42,0.97,126.0,0.02,0.01,2357.313597,1776287359000
1776287361.767,261.767,0.04,5.0,0.03,141.06,0.05,231.06,0.06,174.94,0.95,246.06,0.94,174.94,0.97,107.4,0.98,260.0,0.01,0.02,2357.30374,1776287360000
1776287362.082,262.082,0.04,2.58,0.03,141.06,0.05,246.06,0.06,174.94,0.95,231.06,0.94,174.94,0.96,5.0,0.97,141.06,0.01,0.01,2357.30374,1776287360000
1776287363.256,263.256,0.04,2.58,0.03,107.4,0.05,249.06,0.06,174.94,0.95,234.92,0.94,174.94,0.96,2.58,0.97,141.06,0.01,0.01,2357.19142,1776287361000
1776287363.483,263.483,0.03,107.4,0.02,260.0,0.05,249.06,0.06,174.94,0.95,249.06,0.94,174.94,0.96,2.58,0.97,107.4,0.02,0.01,2357.068138,1776287362000
1776287363.702,263.702,0.03,62.15,0.02,260.0,0.04,25.0,0.05,199.06,0.96,25.0,0.95,204.06,0.97,64.2,0.98,260.0,0.01,0.01,2357.068138,1776287362000
1776287364.263,264.263,0.02,206.26,0.01,2123.0,0.03,144.0,0.04,153.7,0.96,35.0,0.95,204.06,0.98,221.26,0.99,2123.0,0.01,0.02,2357.068138,1776287362000
1776287364.469,264.469,0.02,203.13,0.01,2223.0,0.03,139.0,0.04,153.7,0.97,144.0,0.96,153.7,0.98,206.26,0.99,2123.0,0.01,0.01,2357.100473,1776287363000
1776287364.769,264.769,0.02,202.1,0.01,2223.0,0.03,261.8,0.04,133.7,0.97,139.0,0.96,153.7,0.98,203.13,0.99,2223.0,0.01,0.01,2357.100473,1776287363000
1776287365.118,265.118,0.02,201.07,0.01,2126.0,0.03,261.8,0.04,133.7,0.97,261.8,0.96,133.7,0.98,202.1,0.99,2223.0,0.01,0.01,2357.100473,1776287363000
1776287365.446,265.446,0.02,188.81,0.01,2068.0,0.03,340.67,0.04,133.7,0.97,270.67,0.96,133.7,0.98,199.02,0.99,2068.0,0.01,0.01,2356.947801,1776287364000
1776287365.902,265.902,0.02,175.57,0.01,2068.0,0.03,329.75,0.04,133.7,0.97,350.98,0.96,133.7,0.98,175.57,0.99,2068.0,0.01,0.01,2356.947801,1776287364000
1776287366.392,266.392,0.02,51.61,0.01,2068.0,0.03,363.75,0.04,133.7,0.97,329.75,0.96,133.7,0.98,175.57,0.99,2068.0,0.01,0.01,2356.947801,1776287364000
1776287366.63,266.63,0.02,37.71,0.01,2068.0,0.03,334.75,0.04,133.7,0.97,363.75,0.96,133.7,0.98,42.77,0.99,2068.0,0.01,0.01,2356.816154,1776287365000
1776287367.038,267.038,0.02,37.71,0.01,2068.0,0.03,330.36,0.04,133.7,0.97,334.75,0.96,133.7,0.98,37.71,0.99,2068.0,0.01,0.01,2356.725715,1776287366000
1776287367.28,267.28,0.02,1.91,0.01,1903.3,0.03,328.9,0.04,133.7,0.97,328.9,0.96,133.7,0.99,1903.3,,,0.01,0.02,2356.725715,1776287366000
1776287367.588,267.588,0.01,1900.21,,,0.03,298.9,0.04,133.7,0.97,328.9,0.96,133.7,0.98,1.91,0.99,1903.3,0.02,0.01,2356.725715,1776287366000
1776287367.856,267.856,0.01,1894.64,,,0.02,259.7,0.03,273.9,0.98,239.7,0.97,293.9,0.99,1899.64,,,0.01,0.01,2356.725715,1776287366000
1776287368.152,268.152,0.01,1883.62,,,0.02,264.7,0.03,273.9,0.98,264.7,0.97,273.9,0.99,1884.64,,,0.01,0.01,2356.725715,1776287366000
1776287368.663,268.663,0.01,1745.62,,,0.02,427.7,0.03,268.9,0.98,264.7,0.97,273.9,0.99,1883.62,,,0.01,0.01,2356.593227,1776287367000
1776287369.373,269.373,0.01,1724.62,,,0.02,427.7,0.03,268.9,0.98,427.7,0.97,268.9,0.99,1745.62,,,0.01,0.01,2356.53785,1776287368000
1776287369.797,269.797,0.01,1893.22,,,0.02,427.7,0.03,268.9,0.98,427.7,0.97,268.9,0.99,1724.62,,,0.01,0.01,2356.53785,1776287368000
1776287370.308,270.308,0.01,1788.77,,,0.02,455.7,0.03,210.9,0.98,427.7,0.97,268.9,0.99,1801.77,,,0.01,0.01,2356.53785,1776287368000
1776287370.784,270.784,0.01,1687.76,,,0.02,382.7,0.03,268.9,0.98,455.7,0.97,210.9,0.99,1788.77,,,0.01,0.01,2356.53785,1776287368000
1776287371.304,271.304,0.01,582.15,,,0.02,352.61,0.03,208.9,0.98,346.7,0.97,208.9,0.99,1597.26,,,0.01,0.01,2356.515405,1776287369000
1776287371.543,271.543,0.01,465.6,,,0.02,352.61,0.03,230.9,0.98,352.61,0.97,208.9,0.99,582.15,,,0.01,0.01,2356.515405,1776287369000
1776287372.06,272.06,,,,,0.01,2469.33,0.02,352.61,0.99,2061.4,0.98,352.61,,,,,,,2356.458685,1776287370000
1776287374.433,274.433,,,,,0.01,2378.59,0.02,352.61,0.99,2467.3,0.98,352.61,,,,,,,2356.577636,1776287372000
1776287377.309,277.309,,,,,0.01,2149.89,0.02,226.91,0.99,2178.59,0.98,352.61,,,,,,,2356.78504,1776287376000
1776287385.366,285.366,,,,,0.01,8754.65,0.02,168.91,0.99,2149.89,0.98,226.91,,,,,,,2356.031515,1776287383000

# RESULT,winner=Down,slug=eth-updown-5m-1776287100,ticks=253
