timestamp,elapsed_sec,up_bid_p1,up_bid_s1,up_bid_p2,up_bid_s2,up_ask_p1,up_ask_s1,up_ask_p2,up_ask_s2,down_bid_p1,down_bid_s1,down_bid_p2,down_bid_s2,down_ask_p1,down_ask_s1,down_ask_p2,down_ask_s2,up_spread,down_spread,eth_price,eth_oracle_ts
1776336001.142,1.142,0.5,96.04,0.47,70.0,0.55,70.0,0.56,70.0,0.45,70.0,0.44,70.0,0.5,99.96,0.53,70.0,0.05,0.05,2335.62693,1776335999000
1776336001.514,1.514,0.52,0.56,0.5,96.04,0.54,33.12,0.55,83.0,0.45,70.0,0.44,70.0,0.5,96.04,0.53,70.0,0.02,0.05,2335.704844,1776336000000
1776336002.814,2.814,0.5,91.6,0.48,13.0,0.54,7.12,0.55,83.0,0.46,33.12,0.45,83.0,0.48,0.56,0.5,96.04,0.04,0.02,2335.695641,1776336001000
1776336003.035,3.035,0.5,88.6,0.48,13.0,0.52,5.0,0.54,7.12,0.46,7.12,0.45,83.0,0.5,91.6,0.52,13.0,0.02,0.04,2335.695641,1776336001000
1776336003.362,3.362,0.5,83.6,0.48,13.0,0.55,69.88,0.56,70.0,0.48,5.0,0.46,7.12,0.5,78.6,0.52,13.0,0.05,0.02,2335.680447,1776336002000
1776336004.463,4.463,0.5,73.6,0.49,24.0,0.51,15.0,0.52,22.0,0.45,69.88,0.44,70.0,0.5,83.6,0.52,13.0,0.01,0.05,2335.680447,1776336002000
1776336004.72,4.72,0.5,62.4,0.49,24.0,0.51,17.05,0.52,22.0,0.49,22.05,0.48,22.0,0.5,60.52,0.51,24.0,0.01,0.01,2335.693655,1776336003000
1776336004.956,4.956,0.5,59.22,0.49,24.0,0.51,12.89,0.52,22.0,0.49,17.05,0.48,22.0,0.5,59.22,0.51,24.0,0.01,0.01,2335.693655,1776336003000
1776336005.61,5.61,0.5,49.22,0.49,19.0,0.51,17.89,0.52,22.0,0.49,12.89,0.48,22.0,0.5,59.22,0.51,24.0,0.01,0.01,2335.677175,1776336004000
1776336008.924,8.924,0.5,43.72,0.49,12.0,0.51,28.39,0.52,22.0,0.49,17.89,0.48,22.0,0.5,44.22,0.51,19.0,0.01,0.01,2335.649088,1776336007000
1776336010.256,10.256,0.5,28.22,0.49,22.5,0.51,28.39,0.52,28.0,0.49,28.39,0.48,22.0,0.5,43.72,0.51,12.0,0.01,0.01,2335.605638,1776336008000
1776336010.483,10.483,0.5,33.22,0.49,22.5,0.51,18.39,0.52,28.0,0.49,28.39,0.48,28.0,0.5,28.22,0.51,22.5,0.01,0.01,2335.605638,1776336008000
1776336011.406,11.406,0.5,38.22,0.49,27.5,0.51,28.39,0.52,28.0,0.49,18.39,0.48,28.0,0.5,33.22,0.51,22.5,0.01,0.01,2335.60351,1776336010000
1776336022.49,22.49,0.5,45.22,0.49,22.5,0.51,22.89,0.52,61.5,0.49,28.39,0.48,28.0,0.5,38.22,0.51,27.5,0.01,0.01,2335.692155,1776336021000
1776336025.48,25.48,0.5,35.72,0.49,12.0,0.51,246.39,0.52,134.5,0.49,22.89,0.48,61.5,0.5,45.22,0.51,22.5,0.01,0.01,2335.611645,1776336024000
1776336026.002,26.002,0.47,12.0,0.44,5.0,0.49,204.7,0.5,90.5,0.51,49.5,0.5,136.5,0.52,3.0,0.53,22.5,0.02,0.01,2335.611645,1776336024000
1776336026.397,26.397,0.39,38.19,0.38,5.0,0.4,65.0,0.41,25.0,0.55,10.0,0.54,115.0,0.61,19.02,0.62,19.0,0.01,0.06,2335.611645,1776336024000
1776336026.725,26.725,0.39,19.62,0.37,37.09,0.4,74.0,0.41,25.0,0.6,80.0,0.59,25.0,0.61,6.12,0.63,13.0,0.01,0.01,2335.611645,1776336024000
1776336026.946,26.946,0.39,27.62,0.37,37.09,0.4,67.75,0.41,36.0,0.6,74.0,0.59,25.0,0.61,19.62,0.63,37.09,0.01,0.01,2335.611645,1776336024000
1776336028.609,28.609,0.39,17.39,0.37,29.59,0.4,55.0,0.41,46.5,0.6,62.75,0.59,36.0,0.61,6.0,0.63,37.09,0.01,0.01,2335.56699,1776336026000
1776336030.493,30.493,0.39,17.39,0.37,21.59,0.4,72.5,0.41,46.5,0.6,55.0,0.59,46.5,0.61,17.39,0.63,29.59,0.01,0.01,2335.199204,1776336029000
1776336031.085,31.085,0.39,13.39,0.37,21.59,0.4,77.5,0.41,46.5,0.6,72.5,0.59,46.5,0.61,17.39,0.63,21.59,0.01,0.01,2335.075705,1776336030000
1776336031.857,31.857,0.39,5.33,0.37,21.59,0.4,37.5,0.41,46.5,0.6,77.5,0.59,46.5,0.61,13.39,0.63,21.59,0.01,0.01,2335.075705,1776336030000
1776336034.924,34.924,0.39,5.33,0.37,11.09,0.4,55.01,0.41,30.5,0.6,37.5,0.59,46.5,0.61,5.33,0.63,21.59,0.01,0.01,2335.208069,1776336033000
1776336036.268,36.268,0.36,5.42,0.35,169.0,0.4,68.01,0.41,42.5,0.6,55.01,0.59,30.5,0.61,5.33,0.63,11.09,0.04,0.01,2335.208394,1776336034000
1776336037.04,37.04,0.32,10.5,0.31,67.0,0.34,71.2,0.35,20.0,0.6,68.01,0.59,42.5,0.64,5.42,0.65,169.0,0.02,0.04,2335.18337,1776336035000
1776336037.363,37.363,0.31,21.5,0.3,75.0,0.32,10.0,0.33,51.0,0.66,71.2,0.65,20.0,0.68,10.5,0.69,67.0,0.01,0.02,2335.18337,1776336035000
1776336037.595,37.595,0.31,14.41,0.3,85.0,0.32,34.69,0.33,20.0,0.68,34.69,0.67,20.0,0.69,19.9,0.7,75.0,0.01,0.01,2335.181765,1776336036000
1776336038.121,38.121,0.3,100.0,0.29,85.0,0.32,40.97,0.33,20.0,0.68,34.69,0.67,20.0,0.69,14.41,0.7,85.0,0.02,0.01,2335.087625,1776336037000
1776336038.469,38.469,0.31,17.0,0.3,85.0,0.32,40.97,0.33,20.0,0.68,40.97,0.67,20.0,0.7,100.0,0.71,85.0,0.01,0.02,2335.087625,1776336037000
1776336038.886,38.886,0.31,37.0,0.3,110.0,0.32,35.97,0.33,20.0,0.68,40.97,0.67,20.0,0.69,17.0,0.7,85.0,0.01,0.01,2335.087625,1776336037000
1776336040.26,40.26,0.31,35.0,0.3,120.5,0.32,20.34,0.33,20.0,0.68,35.97,0.67,20.0,0.69,37.0,0.7,110.0,0.01,0.01,2334.9812,1776336038000
1776336041.34,41.34,0.43,106.0,0.42,90.0,0.44,7.5,0.45,10.5,0.68,20.34,0.67,20.0,0.69,38.55,0.7,120.5,0.01,0.01,2334.972555,1776336040000
1776336041.569,41.569,0.44,23.89,0.43,151.0,0.45,10.5,0.46,6.0,0.56,7.5,0.55,10.5,0.57,106.0,0.58,90.0,0.01,0.01,2334.972555,1776336040000
1776336041.815,41.815,0.44,24.1,0.43,143.0,0.47,25.31,0.48,20.0,0.54,1.27,0.53,9.31,0.55,4.72,0.56,43.89,0.03,0.01,2334.972555,1776336040000
1776336042.488,42.488,0.46,31.44,0.45,52.0,0.47,26.5,0.48,35.23,0.53,25.31,0.52,20.0,0.56,24.1,0.57,143.0,0.01,0.03,2334.972555,1776336040000
1776336043.25,43.25,0.5,27.0,0.49,102.0,0.52,10.94,0.53,17.63,0.53,26.5,0.52,35.23,0.54,28.21,0.55,52.0,0.02,0.01,2334.90882,1776336041000
1776336043.462,43.462,0.52,29.61,0.51,54.0,0.53,15.74,0.54,17.0,0.48,10.94,0.47,17.63,0.5,20.2,0.51,102.0,0.01,0.02,2335.137171,1776336042000
1776336043.834,43.834,0.52,35.0,0.51,32.0,0.54,10.13,0.55,10.0,0.47,5.74,0.46,17.0,0.48,29.61,0.49,54.0,0.02,0.01,2335.137171,1776336042000
1776336044.31,44.31,0.51,13.63,0.5,10.0,0.54,27.5,0.55,22.0,0.46,10.13,0.45,10.0,0.48,35.0,0.49,32.0,0.03,0.02,2335.137171,1776336042000
1776336046.29,46.29,0.51,45.0,0.5,10.0,0.52,5.26,0.53,39.5,0.46,27.5,0.45,22.0,0.49,13.63,0.5,10.0,0.01,0.03,2335.669721,1776336045000
1776336049.453,49.453,0.51,10.0,0.5,15.0,0.52,15.26,0.53,39.5,0.48,5.26,0.47,39.5,0.49,45.0,0.5,10.0,0.01,0.01,2335.704818,1776336048000
1776336050.874,50.874,0.51,25.0,0.5,10.0,0.52,26.26,0.53,39.5,0.48,15.26,0.47,39.5,0.49,10.0,0.5,15.0,0.01,0.01,2335.70672,1776336049000
1776336052.163,52.163,0.52,5.0,0.51,40.0,0.53,7.0,0.54,28.43,0.48,26.26,0.47,39.5,0.49,25.0,0.5,10.0,0.01,0.01,2335.69448,1776336051000
1776336055.244,55.244,0.53,28.04,0.52,15.0,0.54,21.43,0.55,17.0,0.47,2.0,0.46,28.43,0.48,5.0,0.49,40.0,0.01,0.01,2335.944504,1776336054000
1776336057.061,57.061,0.53,28.04,0.52,47.0,0.55,27.5,0.56,10.5,0.46,21.43,0.45,17.0,0.47,28.04,0.48,15.0,0.02,0.01,2335.82151,1776336055000
1776336062.084,62.084,0.54,5.0,0.53,17.8,0.55,49.5,0.56,152.5,0.45,27.5,0.44,10.5,0.47,28.04,0.48,47.0,0.01,0.02,2335.893415,1776336060000
1776336062.307,62.307,0.45,6.0,0.44,6.0,0.49,64.37,0.5,54.5,0.46,25.5,0.45,54.5,0.51,18.63,0.55,12.0,0.04,0.05,2335.893415,1776336060000
1776336062.713,62.713,0.45,6.0,0.44,21.5,0.46,33.91,0.47,20.0,0.51,64.37,0.5,54.5,0.55,6.0,0.56,6.0,0.01,0.04,2335.89575,1776336061000
1776336063.508,63.508,0.45,6.0,0.44,34.5,0.46,60.91,0.47,20.0,0.54,33.91,0.53,20.0,0.55,6.0,0.56,21.5,0.01,0.01,2335.95445,1776336062000
1776336065.895,65.895,0.43,25.0,0.42,90.0,0.46,34.91,0.47,25.5,0.54,60.91,0.53,20.0,0.55,6.0,0.56,34.5,0.03,0.01,2335.572213,1776336064000
1776336066.692,66.692,0.42,101.52,0.41,153.0,0.44,31.9,0.45,10.0,0.56,15.0,0.55,10.0,0.58,98.52,0.59,140.0,0.02,0.02,2335.563627,1776336065000
1776336068.991,68.991,0.37,2.0,0.35,18.5,0.38,25.5,0.39,25.5,0.56,31.9,0.55,10.0,0.58,101.52,0.59,153.0,0.01,0.02,2335.510903,1776336067000
1776336069.403,69.403,0.34,130.0,0.32,181.0,0.35,48.0,0.36,15.0,0.62,36.0,0.61,25.5,0.65,9.38,0.66,155.5,0.01,0.03,2335.510903,1776336067000
1776336070.361,70.361,0.34,32.0,0.33,15.0,0.35,63.28,0.36,25.5,0.65,37.0,0.64,15.0,0.66,123.71,0.68,186.0,0.01,0.01,2335.47117,1776336069000
1776336070.873,70.873,0.32,16.96,0.31,9.0,0.33,59.0,0.34,10.0,0.65,63.28,0.64,25.5,0.66,32.0,0.67,15.0,0.01,0.01,2335.47117,1776336069000
1776336071.976,71.976,0.32,13.92,0.3,21.0,0.33,63.5,0.34,20.5,0.67,59.0,0.66,10.0,0.68,16.96,0.69,9.0,0.01,0.01,2335.1971,1776336070000
1776336072.337,72.337,0.32,1.35,0.3,21.0,0.33,53.5,0.34,20.5,0.67,58.5,0.66,20.5,0.68,3.44,0.7,21.0,0.01,0.01,2335.1971,1776336070000
1776336072.643,72.643,0.3,17.14,0.29,140.0,0.33,58.5,0.34,20.5,0.67,53.5,0.66,20.5,0.68,1.35,0.7,21.0,0.03,0.01,2335.08761,1776336071000
1776336073.807,73.807,0.3,27.85,0.29,156.0,0.31,32.0,0.32,20.0,0.67,58.5,0.66,20.5,0.7,17.14,0.71,140.0,0.01,0.03,2335.011647,1776336072000
1776336076.454,76.454,0.3,150.5,0.29,66.5,0.31,6.0,0.38,10.0,0.69,32.0,0.68,20.0,0.7,27.85,0.71,156.0,0.01,0.01,2334.847039,1776336074000
1776336076.858,76.858,0.37,121.0,0.36,104.0,0.38,15.23,0.39,19.11,0.62,10.0,0.61,19.0,0.7,150.5,0.71,66.5,0.01,0.08,2334.969575,1776336075000
1776336077.073,77.073,0.38,20.0,0.37,206.0,0.39,6.54,0.41,6.0,0.62,15.23,0.61,19.11,0.63,121.0,0.64,104.0,0.01,0.01,2334.969575,1776336075000
1776336077.534,77.534,0.38,35.0,0.37,246.0,0.41,2.36,0.42,16.0,0.61,6.54,0.59,6.0,0.62,20.0,0.63,206.0,0.03,0.01,2334.98132,1776336076000
1776336078.701,78.701,0.4,8.33,0.38,12.0,0.41,27.86,0.42,45.52,0.59,2.36,0.58,16.0,0.62,35.0,0.63,246.0,0.01,0.03,2335.008554,1776336077000
1776336079.171,79.171,0.35,1.37,0.34,5.0,0.36,37.0,0.37,25.5,0.59,27.86,0.58,45.52,0.6,8.33,0.62,12.0,0.01,0.01,2335.081845,1776336078000
1776336079.424,79.424,0.34,1.37,0.33,44.5,0.36,37.0,0.37,15.0,0.64,37.0,0.63,25.5,0.65,1.37,0.66,5.0,0.02,0.01,2335.081845,1776336078000
1776336093.073,93.073,0.31,80.0,0.3,54.5,0.32,45.75,0.33,20.0,0.64,37.0,0.63,15.0,0.66,1.37,0.67,44.5,0.01,0.02,2334.929634,1776336091000
1776336095.121,95.121,0.31,75.0,0.3,44.5,0.35,26.75,0.36,25.5,0.68,18.75,0.67,30.5,0.69,80.0,0.7,44.0,0.04,0.01,2334.925565,1776336094000
1776336097.616,97.616,0.33,5.95,0.31,87.0,0.34,80.5,0.35,26.75,0.65,26.75,0.64,25.5,0.69,75.0,0.7,44.5,0.01,0.04,2334.929695,1776336096000
1776336097.888,97.888,0.31,12.0,0.3,18.0,0.34,137.5,0.35,160.75,0.66,80.5,0.65,26.75,0.67,5.95,0.69,87.0,0.03,0.01,2334.929695,1776336096000
1776336098.216,98.216,0.3,1.14,0.29,12.0,0.31,131.5,0.32,43.5,0.69,111.5,0.68,43.5,0.7,0.86,0.71,17.0,0.01,0.01,2334.951449,1776336097000
1776336098.757,98.757,0.29,10.51,0.28,14.0,0.31,115.5,0.32,48.5,0.69,131.5,0.68,43.5,0.7,1.14,0.71,12.0,0.02,0.01,2334.951449,1776336097000
1776336099.234,99.234,0.27,18.14,0.26,32.5,0.29,35.0,0.3,42.5,0.7,30.5,0.69,35.5,0.72,5.04,0.73,12.0,0.02,0.02,2334.981216,1776336098000
1776336112.74,112.74,0.26,310.14,0.25,124.5,0.27,30.0,0.28,43.94,0.71,35.0,0.7,42.5,0.73,18.14,0.74,32.5,0.01,0.02,2334.75126,1776336111000
1776336113.716,113.716,0.26,230.14,0.25,143.7,0.27,14.0,0.28,28.94,0.73,30.0,0.72,43.94,0.74,310.14,0.75,124.5,0.01,0.01,2334.754645,1776336112000
1776336114.17,114.17,0.27,68.0,0.26,257.14,0.28,22.94,0.29,47.5,0.72,19.94,0.71,15.0,0.74,235.14,0.75,143.7,0.01,0.02,2334.754645,1776336112000
1776336114.71,114.71,0.27,51.0,0.26,252.14,0.28,27.94,0.29,47.5,0.72,22.94,0.71,47.5,0.73,68.0,0.74,257.14,0.01,0.01,2334.73154,1776336113000
1776336116.775,116.775,0.27,40.0,0.26,301.64,0.28,68.44,0.29,47.5,0.72,27.94,0.71,47.5,0.73,51.0,0.74,252.14,0.01,0.01,2334.881606,1776336115000
1776336117.539,117.539,0.27,12.95,0.26,301.64,0.28,63.44,0.29,47.5,0.72,68.44,0.71,47.5,0.73,40.0,0.74,301.64,0.01,0.01,2334.817225,1776336116000
1776336119.394,119.394,0.26,326.14,0.25,144.7,0.29,44.13,0.3,25.5,0.72,63.44,0.71,47.5,0.73,12.95,0.74,301.64,0.03,0.01,2334.814135,1776336117000
1776336120.327,120.327,0.27,12.0,0.26,231.64,0.29,107.13,0.3,42.5,0.71,44.13,0.7,25.5,0.74,326.14,0.75,144.7,0.02,0.03,2334.814135,1776336117000
1776336121.679,121.679,0.25,4.0,0.24,36.0,0.26,122.5,0.27,56.5,0.72,80.5,0.71,32.13,0.74,227.88,0.75,122.7,0.01,0.02,2334.811604,1776336120000
1776336122.543,122.543,0.24,24.0,0.23,72.8,0.25,30.0,0.26,53.5,0.74,122.5,0.73,56.5,0.76,33.0,0.77,60.8,0.01,0.02,2334.80203,1776336121000
1776336122.816,122.816,0.24,24.0,0.23,72.8,0.25,31.0,0.26,53.5,0.75,30.0,0.74,53.5,0.76,24.0,0.77,72.8,0.01,0.01,2334.80203,1776336121000
1776336123.918,123.918,0.24,24.0,0.23,77.8,0.25,15.14,0.26,53.5,0.75,31.0,0.74,53.5,0.76,24.0,0.77,72.8,0.01,0.01,2334.72932,1776336122000
1776336125.418,125.418,0.19,2.66,0.17,26.0,0.2,31.5,0.21,84.5,0.75,15.14,0.74,53.5,0.76,24.0,0.77,77.8,0.01,0.01,2334.697471,1776336124000
1776336125.686,125.686,0.16,12.64,0.15,97.0,0.17,89.5,0.18,122.5,0.82,128.5,0.81,38.5,0.83,16.0,0.84,31.0,0.01,0.01,2334.697471,1776336124000
1776336126.014,126.014,0.15,61.4,0.14,104.0,0.16,81.5,0.17,56.5,0.83,137.5,0.82,117.5,0.85,86.4,0.86,116.0,0.01,0.02,2334.697471,1776336124000
1776336126.323,126.323,0.15,67.4,0.14,99.0,0.16,58.5,0.17,56.5,0.84,81.5,0.83,56.5,0.85,61.4,0.86,104.0,0.01,0.01,2334.690334,1776336125000
1776336127.723,127.723,0.15,110.4,0.14,125.5,0.16,27.0,0.17,25.5,0.84,58.5,0.83,56.5,0.85,67.4,0.86,99.0,0.01,0.01,2334.520221,1776336126000
1776336128.619,128.619,0.15,129.9,0.14,130.5,0.16,17.0,0.17,15.0,0.84,27.0,0.83,25.5,0.85,110.4,0.86,125.5,0.01,0.01,2334.3174,1776336127000
1776336129.259,129.259,0.15,114.4,0.14,130.5,0.16,20.75,0.17,15.0,0.84,17.0,0.83,15.0,0.85,129.9,0.86,130.5,0.01,0.01,2334.21766,1776336128000
1776336130.846,130.846,0.15,69.81,0.14,122.0,0.16,52.17,0.17,25.5,0.84,20.75,0.83,15.0,0.85,114.4,0.86,130.5,0.01,0.01,2334.31586,1776336129000
1776336137.417,137.417,0.15,25.81,0.14,105.0,0.16,123.92,0.17,37.5,0.84,52.17,0.83,25.5,0.85,69.81,0.86,122.0,0.01,0.01,2334.14352,1776336136000
1776336141.204,141.204,0.11,3.08,0.1,110.0,0.13,141.5,0.14,30.5,0.84,123.92,0.83,37.5,0.85,25.81,0.86,105.0,0.02,0.01,2334.218595,1776336139000
1776336142.196,142.196,0.1,61.93,0.09,89.0,0.11,105.0,0.12,30.5,0.88,20.0,0.87,149.36,0.9,113.93,0.91,99.0,0.01,0.02,2334.1204,1776336141000
1776336142.447,142.447,0.1,61.93,0.09,50.0,0.11,86.45,0.12,30.5,0.89,105.0,0.88,30.5,0.9,61.93,0.91,89.0,0.01,0.01,2334.1204,1776336141000
1776336142.783,142.783,0.1,61.93,0.08,84.9,0.11,74.31,0.12,42.5,0.89,86.45,0.88,30.5,0.9,61.93,0.91,50.0,0.01,0.01,2334.1204,1776336141000
1776336143.259,143.259,0.1,61.93,0.08,36.0,0.11,130.09,0.12,42.5,0.89,74.31,0.88,42.5,0.9,61.93,0.92,84.9,0.01,0.01,2334.1204,1776336141000
1776336143.576,143.576,0.1,54.53,0.08,36.0,0.11,103.85,0.12,42.5,0.89,103.85,0.88,42.5,0.9,56.76,0.92,36.0,0.01,0.01,2333.975941,1776336142000
1776336143.845,143.845,0.1,49.53,0.08,36.0,0.11,108.85,0.12,42.5,0.89,103.85,0.88,42.5,0.9,54.53,0.92,36.0,0.01,0.01,2333.975941,1776336142000
1776336144.338,144.338,0.1,49.53,0.08,36.0,0.11,96.87,0.12,35.5,0.89,108.85,0.88,42.5,0.9,49.53,0.92,36.0,0.01,0.01,2333.975941,1776336142000
1776336145.067,145.067,0.1,49.53,0.09,17.0,0.11,84.73,0.12,35.5,0.89,96.87,0.88,35.5,0.9,49.53,0.92,36.0,0.01,0.01,2333.76894,1776336143000
1776336146.84,146.84,0.1,49.53,0.09,35.0,0.11,204.21,0.12,60.5,0.89,84.73,0.88,35.5,0.9,49.53,0.91,17.0,0.01,0.01,2333.6748,1776336145000
1776336148.599,148.599,0.1,59.53,0.09,62.0,0.11,136.57,0.12,67.5,0.89,204.21,0.88,60.5,0.9,43.53,0.91,35.0,0.01,0.01,2333.788571,1776336147000
1776336150.188,150.188,0.1,59.53,0.09,62.0,0.11,80.96,0.12,67.5,0.89,136.57,0.88,67.5,0.9,59.53,0.91,62.0,0.01,0.01,2333.807474,1776336148000
1776336151.013,151.013,0.1,59.3,0.09,52.0,0.11,88.96,0.12,67.5,0.89,80.96,0.88,67.5,0.9,59.53,0.91,62.0,0.01,0.01,2333.814493,1776336149000
1776336153.364,153.364,0.1,42.3,0.09,52.0,0.11,46.73,0.12,99.1,0.89,88.96,0.88,67.5,0.9,59.3,0.91,52.0,0.01,0.01,2333.816817,1776336152000
1776336155.207,155.207,0.1,28.07,0.09,34.0,0.11,64.59,0.12,67.5,0.89,46.73,0.88,99.1,0.9,42.3,0.91,52.0,0.01,0.01,2333.7446,1776336154000
1776336156.179,156.179,0.1,22.87,0.09,34.0,0.11,65.59,0.12,67.5,0.89,64.59,0.88,67.5,0.9,28.07,0.91,34.0,0.01,0.01,2333.7446,1776336154000
1776336162.35,162.35,0.1,21.75,0.09,12.0,0.11,90.81,0.12,67.5,0.89,65.59,0.88,67.5,0.9,22.87,0.91,34.0,0.01,0.01,2333.83606,1776336160000
1776336163.086,163.086,0.1,20.63,0.09,12.0,0.11,59.72,0.12,100.33,0.89,90.81,0.88,67.5,0.9,21.75,0.91,12.0,0.01,0.01,2333.745625,1776336161000
1776336169.893,169.893,0.1,16.0,0.09,33.0,0.11,68.22,0.12,108.33,0.89,59.72,0.88,100.33,0.9,20.63,0.91,12.0,0.01,0.01,2333.725095,1776336168000
1776336171.821,171.821,0.08,38.59,0.07,76.3,0.11,55.0,0.12,108.33,0.89,68.22,0.88,108.33,0.9,16.0,0.91,33.0,0.03,0.01,2333.72969,1776336170000
1776336173.652,173.652,0.09,10.86,0.08,70.49,0.1,63.59,0.11,20.0,0.89,55.0,0.88,108.33,0.92,38.59,0.93,76.3,0.01,0.03,2333.891775,1776336172000
1776336174.347,174.347,0.09,127.86,0.08,111.49,0.1,39.34,0.11,20.0,0.9,63.59,0.89,20.0,0.91,10.86,0.92,70.49,0.01,0.01,2333.883555,1776336173000
1776336175.379,175.379,0.09,117.86,0.08,111.49,0.1,64.34,0.11,32.0,0.9,39.34,0.89,20.0,0.91,127.86,0.92,111.49,0.01,0.01,2333.898965,1776336174000
1776336176.443,176.443,0.09,92.65,0.08,111.49,0.1,69.34,0.11,42.5,0.9,69.34,0.89,32.0,0.91,101.65,0.92,111.49,0.01,0.01,2333.982145,1776336175000
1776336178.551,178.551,0.08,22.0,0.07,55.3,0.1,65.5,0.11,42.5,0.9,69.34,0.89,42.5,0.91,92.65,0.92,111.49,0.02,0.01,2334.01685,1776336177000
1776336178.999,178.999,0.06,8.42,0.05,100.8,0.09,20.5,0.1,85.5,0.9,65.5,0.89,42.5,0.92,22.0,0.93,55.3,0.03,0.02,2334.01685,1776336177000
1776336181.132,181.132,0.07,82.91,0.06,2.42,0.08,42.09,0.09,50.65,0.91,20.5,0.9,85.5,0.94,8.42,0.95,100.8,0.01,0.03,2333.866082,1776336179000
1776336181.526,181.526,0.07,77.91,0.06,2.42,0.09,50.65,0.1,45.5,0.92,37.09,0.91,50.65,0.93,82.91,0.94,2.42,0.02,0.01,2333.79968,1776336180000
1776336182.017,182.017,0.07,77.91,0.06,12.42,0.08,45.0,0.09,62.65,0.91,50.65,0.9,45.5,0.93,77.91,0.94,2.42,0.01,0.02,2333.79968,1776336180000
1776336182.493,182.493,0.07,71.82,0.06,71.22,0.08,74.01,0.09,57.65,0.92,45.0,0.91,62.65,0.93,77.91,0.94,12.42,0.01,0.01,2333.750265,1776336181000
1776336183.045,183.045,0.07,71.27,0.06,98.22,0.08,89.51,0.09,57.65,0.92,74.01,0.91,57.65,0.93,71.82,0.94,71.22,0.01,0.01,2333.82981,1776336182000
1776336183.536,183.536,0.07,66.27,0.06,119.22,0.08,89.51,0.09,57.65,0.92,89.51,0.91,57.65,0.93,71.27,0.94,98.22,0.01,0.01,2333.82981,1776336182000
1776336185.024,185.024,0.07,35.68,0.06,71.22,0.08,49.51,0.09,57.65,0.92,89.51,0.91,57.65,0.93,66.27,0.94,119.22,0.01,0.01,2333.90624,1776336183000
1776336186.405,186.405,0.07,4.2,0.06,134.22,0.08,143.78,0.09,113.65,0.92,49.51,0.91,57.65,0.93,35.68,0.94,71.22,0.01,0.01,2333.90813,1776336185000
1776336187.205,187.205,0.07,10.84,0.06,134.22,0.08,72.13,0.09,113.65,0.92,143.78,0.91,113.65,0.93,4.2,0.94,134.22,0.01,0.01,2333.90813,1776336185000
1776336188.416,188.416,0.07,6.7,0.06,71.22,0.08,157.32,0.09,145.65,0.92,119.82,0.91,113.65,0.93,10.84,0.94,134.22,0.01,0.01,2333.862135,1776336187000
1776336191.411,191.411,0.07,3.37,0.06,66.22,0.08,162.32,0.09,133.65,0.92,157.32,0.91,145.65,0.93,6.7,0.94,71.22,0.01,0.01,2333.742945,1776336190000
1776336197.72,197.72,0.07,194.37,0.06,206.02,0.08,39.94,0.09,61.15,0.92,162.32,0.91,133.65,0.93,3.37,0.94,66.22,0.01,0.01,2333.969732,1776336196000
1776336199.166,199.166,0.07,195.3,0.06,206.02,0.08,22.94,0.09,66.15,0.92,22.94,0.91,61.15,0.93,189.37,0.94,206.02,0.01,0.01,2333.83705,1776336198000
1776336199.829,199.829,0.07,164.3,0.06,211.02,0.08,27.94,0.09,81.15,0.92,22.94,0.91,66.15,0.93,185.3,0.94,206.02,0.01,0.01,2333.83705,1776336198000
1776336201.823,201.823,0.07,131.3,0.06,205.02,0.08,19.56,0.09,47.65,0.92,27.94,0.91,81.15,0.93,164.3,0.94,211.02,0.01,0.01,2334.04655,1776336200000
1776336203.347,203.347,0.07,19.11,0.06,194.02,0.08,39.28,0.09,47.65,0.92,19.56,0.91,47.65,0.93,131.3,0.94,205.02,0.01,0.01,2334.00418,1776336202000
1776336204.105,204.105,0.07,44.31,0.06,141.22,0.08,121.24,0.09,47.65,0.92,39.28,0.91,47.65,0.93,19.11,0.94,194.02,0.01,0.01,2333.992115,1776336203000
1776336205.855,205.855,0.07,44.31,0.06,165.22,0.08,104.24,0.09,49.15,0.92,121.24,0.91,47.65,0.93,44.31,0.94,141.22,0.01,0.01,2334.099223,1776336204000
1776336206.724,206.724,0.07,38.12,0.06,154.22,0.08,104.24,0.09,59.65,0.92,104.24,0.91,49.15,0.93,44.31,0.94,165.22,0.01,0.01,2334.002025,1776336205000
1776336207.131,207.131,0.07,33.07,0.06,154.22,0.08,114.24,0.09,59.65,0.92,104.24,0.91,59.65,0.93,38.12,0.94,154.22,0.01,0.01,2334.083829,1776336206000
1776336207.692,207.692,0.07,48.09,0.06,148.22,0.08,114.24,0.09,49.15,0.92,114.24,0.91,59.65,0.93,33.07,0.94,154.22,0.01,0.01,2334.083829,1776336206000
1776336209.406,209.406,0.07,27.01,0.06,142.22,0.08,73.58,0.09,49.15,0.92,114.24,0.91,49.15,0.93,48.09,0.94,148.22,0.01,0.01,2334.183575,1776336208000
1776336210.154,210.154,0.07,36.63,0.06,142.22,0.08,73.58,0.09,49.15,0.92,73.58,0.91,49.15,0.93,27.01,0.94,142.22,0.01,0.01,2334.09384,1776336209000
1776336211.993,211.993,0.07,25.57,0.06,134.22,0.08,73.58,0.09,59.65,0.92,73.58,0.91,49.15,0.93,36.63,0.94,142.22,0.01,0.01,2334.177678,1776336210000
1776336212.941,212.941,0.07,39.38,0.06,134.22,0.08,85.58,0.09,47.65,0.92,73.58,0.91,59.65,0.93,25.57,0.94,134.22,0.01,0.01,2334.177198,1776336211000
1776336216.816,216.816,0.07,14.06,0.06,13.42,0.08,61.65,0.09,47.65,0.92,85.58,0.91,47.65,0.93,28.62,0.94,134.22,0.01,0.01,2334.103465,1776336215000
1776336220.716,220.716,0.07,143.11,0.06,8.42,0.08,42.09,0.09,78.96,0.92,61.65,0.91,47.65,0.93,14.06,0.94,13.42,0.01,0.01,2334.210882,1776336219000
1776336233.649,233.649,0.05,28.38,0.04,89.0,0.08,60.15,0.09,129.55,0.92,42.09,0.91,78.96,0.93,143.11,0.94,8.42,0.03,0.01,2334.131055,1776336232000
1776336235.101,235.101,0.05,50.5,0.04,70.0,0.06,46.9,0.07,37.5,0.92,60.15,0.91,129.55,0.95,28.38,0.96,89.0,0.01,0.03,2334.138075,1776336234000
1776336235.595,235.595,0.05,47.34,0.04,53.0,0.06,57.4,0.07,37.5,0.94,46.9,0.93,37.5,0.95,50.5,0.96,70.0,0.01,0.01,2334.138075,1776336234000
1776336236.046,236.046,0.05,66.18,0.04,53.0,0.06,61.5,0.07,87.46,0.94,57.4,0.93,37.5,0.95,47.34,0.96,53.0,0.01,0.01,2334.138075,1776336234000
1776336237.123,237.123,0.05,42.12,0.04,40.0,0.06,61.5,0.07,87.46,0.94,61.5,0.93,87.46,0.95,62.12,0.96,53.0,0.01,0.01,2334.182901,1776336235000
1776336238.007,238.007,0.05,21.9,0.04,25.0,0.06,126.5,0.07,158.66,0.94,61.5,0.93,87.46,0.95,42.12,0.96,40.0,0.01,0.01,2334.141015,1776336236000
1776336238.422,238.422,0.04,25.0,0.03,136.0,0.05,19.15,0.06,195.3,0.94,126.5,0.93,158.66,0.95,21.9,0.96,25.0,0.01,0.01,2334.13193,1776336237000
1776336239.052,239.052,0.04,23.95,0.03,136.0,0.05,194.45,0.06,149.3,0.95,19.15,0.94,195.3,0.96,25.0,0.97,136.0,0.01,0.01,2334.104545,1776336238000
1776336240.003,240.003,0.04,18.86,0.03,136.0,0.05,204.45,0.06,139.3,0.95,189.45,0.94,149.3,0.96,21.4,0.97,136.0,0.01,0.01,2334.104545,1776336238000
1776336240.214,240.214,0.04,5.65,0.03,136.0,0.05,193.95,0.06,138.8,0.95,188.95,0.94,138.8,0.96,10.86,0.97,136.0,0.01,0.01,2334.104545,1776336238000
1776336241.001,241.001,0.03,121.59,0.02,242.0,0.05,294.95,0.06,197.94,0.95,193.95,0.94,138.8,0.96,5.65,0.97,136.0,0.02,0.01,2333.985177,1776336239000
1776336241.213,241.213,0.03,40.76,0.02,242.0,0.04,40.0,0.05,298.95,0.96,25.0,0.95,291.95,0.97,91.28,0.98,242.0,0.01,0.01,2333.95938,1776336240000
1776336241.436,241.436,0.02,155.63,0.01,2296.94,0.03,22.0,0.04,193.74,0.96,193.74,0.95,295.95,0.98,175.63,0.99,1896.94,0.01,0.02,2333.95938,1776336240000
1776336241.736,241.736,0.02,136.39,0.01,2296.94,0.03,160.69,0.04,229.44,0.97,22.0,0.96,193.74,0.98,146.5,0.99,1896.94,0.01,0.01,2333.95938,1776336240000
1776336242.022,242.022,0.02,23.23,0.01,2596.94,0.03,180.7,0.04,219.44,0.97,160.99,0.96,219.44,0.98,34.35,0.99,2596.94,0.01,0.01,2333.95938,1776336240000
1776336242.911,242.911,0.02,18.63,0.01,2796.94,0.03,175.7,0.04,209.44,0.97,185.7,0.96,219.44,0.98,18.23,0.99,2596.94,0.01,0.01,2333.936384,1776336241000
1776336243.848,243.848,0.02,4.53,0.01,2696.94,0.03,191.01,0.04,209.44,0.97,175.7,0.96,209.44,0.98,18.63,0.99,2796.94,0.01,0.01,2333.21199,1776336242000
1776336244.296,244.296,0.02,11.51,0.01,2696.94,0.03,201.31,0.04,219.44,0.97,191.01,0.96,209.44,0.98,2.54,0.99,2696.94,0.01,0.01,2333.157115,1776336243000
1776336244.553,244.553,0.01,2066.82,,,0.02,5.0,0.03,218.31,0.97,196.01,0.96,224.44,0.99,2158.84,,,0.01,0.02,2333.157115,1776336243000
1776336245.334,245.334,0.01,2041.72,,,0.02,223.9,0.03,196.01,0.98,5.0,0.97,218.31,0.99,2064.8,,,0.01,0.01,2333.219551,1776336244000
1776336245.709,245.709,0.01,2021.14,,,0.02,213.7,0.03,196.01,0.98,223.9,0.97,196.01,0.99,2031.25,,,0.01,0.01,2333.219551,1776336244000
1776336247.179,247.179,0.01,2001.14,,,0.02,213.9,0.03,192.01,0.98,213.7,0.97,196.01,0.99,2021.14,,,0.01,0.01,2333.24549,1776336246000
1776336248.744,248.744,0.01,1895.13,,,0.02,215.9,0.03,192.01,0.98,213.9,0.97,192.01,0.99,2001.14,,,0.01,0.01,2333.246269,1776336247000
1776336249.251,249.251,0.01,1900.13,,,0.02,210.56,0.03,202.01,0.98,215.9,0.97,192.01,0.99,1895.13,,,0.01,0.01,2333.236608,1776336248000
1776336250.55,250.55,0.01,1487.99,,,0.02,210.36,0.03,192.01,0.98,210.56,0.97,202.01,0.99,1900.13,,,0.01,0.01,2333.17678,1776336249000
1776336250.764,250.764,0.01,984.97,,,0.02,210.36,0.03,192.01,0.98,205.36,0.97,192.01,0.99,986.97,,,0.01,0.01,2333.17678,1776336249000
1776336252.113,252.113,0.01,981.95,,,0.02,205.36,0.03,191.01,0.98,205.36,0.97,192.01,0.99,987.97,,,0.01,0.01,2333.221311,1776336251000
1776336253.674,253.674,0.01,861.95,,,0.02,210.36,0.03,191.01,0.98,205.36,0.97,191.01,0.99,981.95,,,0.01,0.01,2333.230131,1776336252000
1776336254.44,254.44,0.01,851.84,,,0.02,210.36,0.03,191.01,0.98,210.36,0.97,191.01,0.99,861.95,,,0.01,0.01,2333.230131,1776336252000
1776336255.355,255.355,0.01,831.84,,,0.02,210.36,0.03,191.01,0.98,210.36,0.97,191.01,0.99,851.84,,,0.01,0.01,2333.21515,1776336254000
1776336256.206,256.206,0.01,826.84,,,0.02,210.36,0.03,191.01,0.98,210.36,0.97,191.01,0.99,831.84,,,0.01,0.01,2333.215061,1776336255000
1776336256.76,256.76,0.01,820.82,,,0.02,205.36,0.03,191.01,0.98,210.36,0.97,191.01,0.99,826.84,,,0.01,0.01,2333.215061,1776336255000
1776336258.751,258.751,0.01,804.51,,,0.02,215.46,0.03,191.01,0.98,210.46,0.97,191.01,0.99,801.53,,,0.01,0.01,2333.212791,1776336257000
1776336258.958,258.958,0.01,796.51,,,0.02,210.46,0.03,191.01,0.98,215.46,0.97,191.01,0.99,804.51,,,0.01,0.01,2333.212791,1776336257000
1776336259.768,259.768,0.01,641.51,,,0.02,210.46,0.03,191.01,0.98,215.46,0.97,191.01,0.99,771.51,,,0.01,0.01,2333.229345,1776336258000
1776336261.631,261.631,0.01,595.49,,,0.02,210.46,0.03,191.01,0.98,210.46,0.97,191.01,0.99,601.51,,,0.01,0.01,2333.235106,1776336260000
1776336262.312,262.312,0.01,535.49,,,0.02,210.46,0.03,191.01,0.98,210.46,0.97,191.01,0.99,565.49,,,0.01,0.01,2333.234908,1776336261000
1776336262.582,262.582,0.01,538.49,,,0.02,210.46,0.03,191.01,0.98,210.46,0.97,191.01,0.99,535.49,,,0.01,0.01,2333.234908,1776336261000
1776336262.799,262.799,0.01,537.47,,,0.02,210.46,0.03,191.01,0.98,210.46,0.97,191.01,0.99,538.49,,,0.01,0.01,2333.234908,1776336261000
1776336263.038,263.038,0.01,531.45,,,0.02,210.46,0.03,191.01,0.98,210.46,0.97,191.01,0.99,537.47,,,0.01,0.01,2333.234908,1776336261000
1776336263.365,263.365,0.01,531.4,,,0.02,210.46,0.03,191.01,0.98,210.46,0.97,191.01,0.99,531.45,,,0.01,0.01,2333.286885,1776336262000
1776336263.908,263.908,0.01,496.4,,,0.02,210.46,0.03,191.01,0.98,210.46,0.97,191.01,0.99,531.4,,,0.01,0.01,2333.286885,1776336262000
1776336264.348,264.348,,,,,0.01,2028.6,0.02,220.46,0.98,210.46,0.97,191.01,0.99,496.4,,,,0.01,2333.219681,1776336263000
1776336264.94,264.94,,,,,0.01,2436.17,0.02,213.46,0.99,2028.6,0.98,220.46,,,,,,,2333.211045,1776336264000
1776336273.208,273.208,,,,,0.01,6509.41,0.02,208.36,0.99,2436.17,0.98,213.46,,,,,,,2332.88407,1776336272000
1776336277.76,277.76,,,,,0.01,6739.81,0.02,15.0,0.99,6509.41,0.98,208.36,,,,,,,2332.64895,1776336276000
1776336300.075,300.075,,,,,0.01,51168.88,0.02,127.0,0.99,6739.81,0.98,15.0,,,,,,,2333.12893,1776336298000

# RESULT,winner=Down,slug=eth-updown-5m-1776336000,ticks=195
