timestamp,elapsed_sec,up_bid_p1,up_bid_s1,up_bid_p2,up_bid_s2,up_ask_p1,up_ask_s1,up_ask_p2,up_ask_s2,down_bid_p1,down_bid_s1,down_bid_p2,down_bid_s2,down_ask_p1,down_ask_s1,down_ask_p2,down_ask_s2,up_spread,down_spread,eth_price,eth_oracle_ts
1776344400.665,0.665,0.46,70.0,0.45,70.0,0.5,290.31,0.51,5.0,0.49,48.16,0.48,40.0,0.5,27.69,0.51,5.0,0.04,0.01,2340.74817,1776344399000
1776344400.943,0.943,0.46,70.0,0.45,70.0,0.5,290.31,0.51,5.0,0.5,290.31,0.49,5.0,0.54,70.0,0.55,70.0,0.04,0.04,2340.780793,1776344400000
1776344401.85,1.85,0.46,70.0,0.45,70.0,0.5,286.51,0.51,5.0,0.5,286.51,0.49,5.0,0.54,70.0,0.55,70.0,0.04,0.04,2340.800011,1776344401000
1776344402.824,2.824,0.46,70.0,0.45,70.0,0.5,286.51,0.51,5.0,0.5,286.51,0.49,5.0,0.54,70.0,0.55,70.0,0.04,0.04,2340.749737,1776344402000
1776344404.385,4.385,0.49,10.0,0.48,23.0,0.5,284.51,0.51,21.0,0.5,286.51,0.49,5.0,0.54,70.0,0.55,70.0,0.01,0.04,2340.749737,1776344402000
1776344405.014,5.014,0.49,15.0,0.48,23.0,0.5,274.51,0.51,21.0,0.5,284.51,0.49,21.0,0.51,10.0,0.52,23.0,0.01,0.01,2340.759912,1776344403000
1776344405.877,5.877,0.49,57.05,0.48,73.0,0.5,269.51,0.51,71.0,0.5,274.51,0.49,21.0,0.51,15.0,0.52,23.0,0.01,0.01,2340.823715,1776344404000
1776344406.336,6.336,0.49,57.05,0.48,73.0,0.5,269.51,0.51,71.0,0.5,269.51,0.49,71.0,0.51,57.05,0.52,73.0,0.01,0.01,2340.804691,1776344405000
1776344407.084,7.084,0.49,62.05,0.48,78.0,0.5,229.51,0.51,61.0,0.5,269.51,0.49,71.0,0.51,57.05,0.52,73.0,0.01,0.01,2340.804691,1776344405000
1776344407.36,7.36,0.49,62.05,0.48,78.0,0.5,229.51,0.51,61.0,0.5,229.51,0.49,61.0,0.51,62.05,0.52,78.0,0.01,0.01,2340.802658,1776344406000
1776344407.768,7.768,0.49,62.05,0.48,78.0,0.5,232.51,0.51,61.0,0.5,229.51,0.49,61.0,0.51,62.05,0.52,78.0,0.01,0.01,2340.802658,1776344406000
1776344408.218,8.218,0.47,48.11,0.46,78.0,0.48,15.0,0.49,25.0,0.5,232.51,0.49,61.0,0.51,62.05,0.52,78.0,0.01,0.01,2340.802658,1776344406000
1776344408.488,8.488,0.46,78.0,0.45,78.0,0.47,11.74,0.48,15.0,0.52,15.0,0.51,25.0,0.53,48.11,0.54,78.0,0.01,0.01,2340.852031,1776344407000
1776344408.702,8.702,0.46,73.0,0.45,83.0,0.47,7.65,0.48,15.0,0.53,11.74,0.52,15.0,0.54,78.0,0.55,78.0,0.01,0.01,2340.852031,1776344407000
1776344409.45,9.45,0.46,73.0,0.45,83.0,0.47,7.65,0.48,15.0,0.53,7.65,0.52,15.0,0.54,73.0,0.55,83.0,0.01,0.01,2340.768061,1776344408000
1776344409.704,9.704,0.43,9.02,0.42,64.0,0.44,35.5,0.45,33.0,0.53,7.65,0.52,15.0,0.54,73.0,0.55,83.0,0.01,0.01,2340.768061,1776344408000
1776344410.112,10.112,0.43,9.02,0.42,64.0,0.44,35.5,0.45,33.0,0.56,35.5,0.55,33.0,0.57,9.02,0.58,64.0,0.01,0.01,2340.727025,1776344409000
1776344410.552,10.552,0.42,19.0,0.41,78.0,0.44,85.5,0.45,73.0,0.57,41.94,0.56,85.5,0.58,14.0,0.59,78.0,0.02,0.01,2340.727025,1776344409000
1776344411.067,11.067,0.42,19.0,0.41,103.5,0.43,19.01,0.44,85.5,0.56,85.5,0.55,73.0,0.58,19.0,0.59,78.0,0.01,0.02,2340.727025,1776344409000
1776344411.701,11.701,0.42,10.0,0.41,43.5,0.44,90.07,0.45,77.0,0.57,19.01,0.56,85.5,0.58,19.0,0.59,103.5,0.02,0.01,2340.677183,1776344410000
1776344412.316,12.316,0.42,10.0,0.41,43.5,0.44,90.07,0.45,77.0,0.56,90.07,0.55,77.0,0.58,10.0,0.59,43.5,0.02,0.02,2340.56955,1776344411000
1776344412.782,12.782,0.41,15.0,0.4,28.5,0.42,110.0,0.43,25.5,0.56,90.07,0.55,77.0,0.58,10.0,0.59,43.5,0.01,0.02,2340.56955,1776344411000
1776344413.072,13.072,0.41,60.5,0.4,83.5,0.44,85.07,0.45,82.0,0.58,110.0,0.57,25.5,0.59,15.0,0.6,28.5,0.03,0.01,2340.457038,1776344412000
1776344413.658,13.658,0.41,70.83,0.4,98.5,0.42,10.0,0.43,10.0,0.56,85.07,0.55,82.0,0.59,60.5,0.6,83.5,0.01,0.03,2340.457038,1776344412000
1776344414.01,14.01,0.41,45.83,0.4,98.5,0.42,10.0,0.43,10.0,0.58,10.0,0.57,10.0,0.59,45.83,0.6,98.5,0.01,0.01,2340.380348,1776344413000
1776344415.053,15.053,0.41,10.0,0.4,85.5,0.43,25.5,0.44,96.07,0.58,10.0,0.57,10.0,0.59,45.83,0.6,98.5,0.02,0.01,2340.380348,1776344413000
1776344415.474,15.474,0.41,55.6,0.4,85.5,0.43,51.5,0.44,96.07,0.57,25.5,0.56,96.07,0.59,10.0,0.6,85.5,0.02,0.02,2340.320843,1776344414000
1776344415.836,15.836,0.42,44.0,0.41,66.1,0.43,46.5,0.44,96.07,0.57,51.5,0.56,96.07,0.59,55.6,0.6,85.5,0.01,0.02,2340.320843,1776344414000
1776344416.181,16.181,0.42,44.0,0.41,66.1,0.43,46.5,0.44,96.07,0.57,46.5,0.56,96.07,0.58,44.0,0.59,66.1,0.01,0.01,2340.358381,1776344415000
1776344417.264,17.264,0.42,44.0,0.41,66.1,0.43,46.5,0.44,96.07,0.57,46.5,0.56,96.07,0.58,44.0,0.59,66.1,0.01,0.01,2340.333626,1776344416000
1776344417.59,17.59,0.36,38.73,0.35,84.5,0.37,70.5,0.38,126.5,0.63,50.5,0.62,126.5,0.64,48.81,0.65,84.5,0.01,0.01,2340.333626,1776344416000
1776344417.9,17.9,0.36,38.73,0.35,84.5,0.37,51.44,0.38,121.5,0.63,56.58,0.62,121.5,0.64,38.73,0.65,84.5,0.01,0.01,2340.333626,1776344416000
1776344418.136,18.136,0.36,15.59,0.35,84.5,0.37,41.44,0.38,116.5,0.63,51.44,0.62,121.5,0.64,37.16,0.65,84.5,0.01,0.01,2340.333626,1776344416000
1776344418.467,18.467,0.36,21.14,0.35,75.5,0.39,190.71,0.4,145.5,0.63,41.44,0.62,116.5,0.64,15.59,0.65,84.5,0.03,0.01,2340.341179,1776344417000
1776344419.039,19.039,0.36,55.55,0.35,70.5,0.37,23.29,0.38,20.0,0.63,12.29,0.62,10.0,0.64,21.14,0.65,80.5,0.01,0.01,2340.341179,1776344417000
1776344419.498,19.498,0.36,27.06,0.35,80.5,0.37,8.29,0.38,31.0,0.63,30.29,0.62,20.0,0.64,5.55,0.65,70.5,0.01,0.01,2340.341179,1776344417000
1776344419.703,19.703,0.36,32.06,0.35,80.5,0.39,137.25,0.4,135.0,0.63,8.29,0.62,31.0,0.64,27.06,0.65,80.5,0.03,0.01,2340.238836,1776344418000
1776344420.046,20.046,0.37,15.0,0.36,27.06,0.39,147.25,0.4,148.0,0.61,147.25,0.6,148.0,0.63,15.0,0.64,27.06,0.02,0.02,2340.237794,1776344419000
1776344420.288,20.288,0.37,5.23,0.36,20.0,0.38,10.89,0.39,161.25,0.62,20.89,0.61,161.25,0.63,15.0,0.64,15.0,0.01,0.01,2340.237794,1776344419000
1776344421.128,21.128,0.37,5.23,0.36,20.0,0.38,10.89,0.39,161.25,0.62,10.89,0.61,161.25,0.63,5.23,0.64,20.0,0.01,0.01,2340.238679,1776344420000
1776344422.131,22.131,0.36,60.0,0.35,80.5,0.37,7.29,0.38,10.0,0.62,10.89,0.61,161.25,0.63,5.23,0.64,20.0,0.01,0.01,2340.238679,1776344420000
1776344423.329,23.329,0.36,60.0,0.35,80.5,0.37,7.29,0.38,10.0,0.63,7.29,0.62,10.0,0.64,60.0,0.65,80.5,0.01,0.01,2340.24394,1776344422000
1776344423.904,23.904,0.36,60.0,0.35,80.5,0.37,7.29,0.38,10.0,0.63,7.29,0.62,10.0,0.64,60.0,0.65,80.5,0.01,0.01,2340.253148,1776344423000
1776344425.062,25.062,0.37,5.0,0.36,65.0,0.38,81.9,0.39,129.75,0.62,81.9,0.61,129.75,0.63,5.0,0.64,65.0,0.01,0.01,2340.141062,1776344424000
1776344425.737,25.737,0.37,65.0,0.36,65.0,0.38,4.81,0.39,116.68,0.61,111.68,0.6,157.5,0.62,15.0,0.63,65.0,0.01,0.01,2340.141062,1776344424000
1776344426.033,26.033,0.37,65.0,0.36,65.0,0.38,4.81,0.39,116.68,0.62,4.81,0.61,116.68,0.63,65.0,0.64,65.0,0.01,0.01,2340.236864,1776344425000
1776344427.248,27.248,0.37,65.0,0.36,65.0,0.38,4.81,0.39,116.68,0.62,4.81,0.61,116.68,0.63,65.0,0.64,65.0,0.01,0.01,2340.136958,1776344426000
1776344428.304,28.304,0.37,65.0,0.36,65.0,0.38,4.81,0.39,116.68,0.62,4.81,0.61,116.68,0.63,65.0,0.64,65.0,0.01,0.01,2340.118721,1776344427000
1776344428.56,28.56,0.33,46.76,0.32,55.0,0.35,28.19,0.36,192.5,0.64,50.5,0.63,175.5,0.66,6.76,0.67,55.0,0.02,0.02,2340.118721,1776344427000
1776344428.887,28.887,0.33,46.76,0.32,55.0,0.35,28.19,0.36,192.5,0.65,28.19,0.64,192.5,0.67,46.76,0.68,55.0,0.02,0.02,2340.224561,1776344428000
1776344429.311,29.311,0.33,31.77,0.32,55.0,0.34,22.0,0.35,115.5,0.65,28.19,0.64,192.5,0.67,46.76,0.68,55.0,0.01,0.02,2340.224561,1776344428000
1776344429.945,29.945,0.33,30.27,0.32,55.0,0.34,39.55,0.35,115.5,0.66,39.55,0.65,115.5,0.67,30.27,0.68,55.0,0.01,0.01,2340.116565,1776344429000
1776344431.0,31.0,0.32,48.78,0.31,147.0,0.33,38.96,0.34,35.0,0.67,38.96,0.66,35.0,0.68,48.78,0.69,147.0,0.01,0.01,2339.949981,1776344430000
1776344431.704,31.704,0.32,42.81,0.31,50.0,0.33,119.92,0.34,100.5,0.67,122.96,0.66,95.5,0.68,42.81,0.69,50.0,0.01,0.01,2339.949981,1776344430000
1776344432.631,32.631,0.32,0.51,0.31,50.0,0.33,180.42,0.34,95.5,0.67,119.92,0.66,100.5,0.68,42.81,0.69,50.0,0.01,0.01,2339.949981,1776344430000
1776344432.949,32.949,0.32,0.51,0.31,50.0,0.33,180.42,0.34,95.5,0.67,180.42,0.66,95.5,0.68,0.51,0.69,50.0,0.01,0.01,2339.852747,1776344431000
1776344433.486,33.486,0.32,0.51,0.31,50.0,0.33,180.42,0.34,95.5,0.67,180.42,0.66,95.5,0.68,0.51,0.69,50.0,0.01,0.01,2339.953765,1776344432000
1776344434.105,34.105,0.32,0.51,0.31,50.0,0.33,180.42,0.34,95.5,0.67,180.42,0.66,95.5,0.68,0.51,0.69,50.0,0.01,0.01,2339.960365,1776344433000
1776344434.412,34.412,0.3,75.42,0.29,76.5,0.31,77.0,0.32,50.0,0.68,15.0,0.67,183.42,0.69,44.0,0.7,72.0,0.01,0.01,2339.960365,1776344433000
1776344434.858,34.858,0.3,0.58,0.28,89.0,0.31,307.7,0.32,115.5,0.69,77.0,0.68,50.0,0.7,75.42,0.71,76.5,0.01,0.01,2339.960365,1776344433000
1776344435.317,35.317,0.3,0.58,0.28,89.0,0.31,307.7,0.32,115.5,0.69,307.7,0.68,115.5,0.7,0.58,0.72,89.0,0.01,0.01,2339.845883,1776344434000
1776344436.198,36.198,0.28,55.0,0.27,88.0,0.29,91.75,0.3,200.0,0.69,307.7,0.68,115.5,0.7,0.58,0.72,89.0,0.01,0.01,2339.845883,1776344434000
1776344436.524,36.524,0.28,55.0,0.27,88.0,0.29,91.75,0.3,200.0,0.71,91.75,0.7,200.0,0.72,55.0,0.73,88.0,0.01,0.01,2339.815485,1776344435000
1776344437.12,37.12,0.28,55.0,0.27,88.0,0.29,91.75,0.3,200.0,0.71,91.75,0.7,200.0,0.72,55.0,0.73,88.0,0.01,0.01,2339.77429,1776344436000
1776344438.321,38.321,0.28,55.0,0.27,88.0,0.29,91.75,0.3,200.0,0.71,91.75,0.7,200.0,0.72,55.0,0.73,88.0,0.01,0.01,2339.689227,1776344437000
1776344438.679,38.679,0.28,50.0,0.27,50.0,0.29,78.0,0.3,215.5,0.71,91.75,0.7,200.0,0.72,55.0,0.73,88.0,0.01,0.01,2339.689227,1776344437000
1776344439.453,39.453,0.28,50.0,0.27,50.0,0.29,78.0,0.3,215.5,0.71,78.0,0.7,215.5,0.72,50.0,0.73,50.0,0.01,0.01,2339.739429,1776344438000
1776344440.153,40.153,0.28,50.0,0.27,50.0,0.29,78.0,0.3,215.5,0.71,78.0,0.7,215.5,0.72,50.0,0.73,50.0,0.01,0.01,2339.671405,1776344439000
1776344441.442,41.442,0.28,50.0,0.27,50.0,0.29,78.0,0.3,215.5,0.71,78.0,0.7,215.5,0.72,50.0,0.73,50.0,0.01,0.01,2339.66347,1776344440000
1776344442.049,42.049,0.28,50.0,0.27,50.0,0.29,78.0,0.3,215.5,0.71,78.0,0.7,215.5,0.72,50.0,0.73,50.0,0.01,0.01,2339.66347,1776344441000
1776344443.117,43.117,0.28,55.0,0.27,94.5,0.29,52.55,0.3,205.0,0.71,78.0,0.7,215.5,0.72,50.0,0.73,50.0,0.01,0.01,2339.66347,1776344441000
1776344444.115,44.115,0.28,49.9,0.27,99.5,0.29,57.55,0.3,205.0,0.71,52.55,0.7,205.0,0.72,55.0,0.73,94.5,0.01,0.01,2339.659598,1776344442000
1776344444.363,44.363,0.28,49.9,0.27,99.5,0.29,57.55,0.3,205.0,0.71,57.55,0.7,205.0,0.72,49.9,0.73,99.5,0.01,0.01,2339.722299,1776344443000
1776344444.897,44.897,0.28,49.9,0.27,99.5,0.29,57.55,0.3,205.0,0.71,57.55,0.7,205.0,0.72,49.9,0.73,99.5,0.01,0.01,2339.722314,1776344444000
1776344445.17,45.17,0.28,44.9,0.27,99.5,0.29,54.1,0.3,205.0,0.71,57.55,0.7,205.0,0.72,49.9,0.73,99.5,0.01,0.01,2339.722314,1776344444000
1776344445.467,45.467,0.28,34.76,0.27,99.5,0.29,54.1,0.3,205.0,0.71,54.1,0.7,205.0,0.72,44.9,0.73,99.5,0.01,0.01,2339.722314,1776344444000
1776344445.998,45.998,0.28,34.76,0.27,99.5,0.29,54.1,0.3,205.0,0.71,54.1,0.7,205.0,0.72,34.76,0.73,99.5,0.01,0.01,2339.697055,1776344445000
1776344446.278,46.278,0.28,29.66,0.27,99.5,0.29,54.1,0.3,205.0,0.71,54.1,0.7,205.0,0.72,34.76,0.73,99.5,0.01,0.01,2339.697055,1776344445000
1776344447.111,47.111,0.28,29.66,0.27,99.5,0.29,54.1,0.3,205.0,0.71,54.1,0.7,205.0,0.72,29.66,0.73,99.5,0.01,0.01,2339.689888,1776344446000
1776344447.312,47.312,0.28,19.66,0.27,89.0,0.29,100.65,0.3,205.0,0.71,104.1,0.7,205.0,0.72,19.66,0.73,89.0,0.01,0.01,2339.689888,1776344446000
1776344447.998,47.998,0.27,94.0,0.26,92.5,0.28,36.42,0.29,104.0,0.71,100.65,0.7,205.0,0.72,19.66,0.73,89.0,0.01,0.01,2339.689888,1776344446000
1776344448.388,48.388,0.27,104.47,0.26,92.5,0.28,26.42,0.29,15.0,0.72,36.42,0.71,104.0,0.73,99.5,0.74,92.5,0.01,0.01,2339.680408,1776344447000
1776344448.893,48.893,0.27,102.5,0.26,92.5,0.28,61.84,0.29,65.0,0.72,26.42,0.71,15.0,0.73,104.47,0.74,92.5,0.01,0.01,2339.680408,1776344447000
1776344449.213,49.213,0.27,102.5,0.26,92.5,0.28,61.84,0.29,65.0,0.72,61.84,0.71,65.0,0.73,102.5,0.74,92.5,0.01,0.01,2339.646817,1776344448000
1776344449.851,49.851,0.27,102.47,0.26,92.5,0.28,61.84,0.29,65.0,0.72,61.84,0.71,65.0,0.73,102.5,0.74,92.5,0.01,0.01,2339.646817,1776344448000
1776344450.069,50.069,0.27,107.47,0.26,92.5,0.28,54.69,0.29,65.0,0.72,61.84,0.71,65.0,0.73,102.47,0.74,92.5,0.01,0.01,2339.646817,1776344448000
1776344450.282,50.282,0.27,107.47,0.26,92.5,0.28,54.69,0.29,65.0,0.72,54.69,0.71,65.0,0.73,107.47,0.74,92.5,0.01,0.01,2339.65307,1776344449000
1776344450.536,50.536,0.33,122.5,0.32,240.5,0.34,0.4,0.35,5.0,0.72,54.69,0.71,65.0,0.73,107.47,0.74,92.5,0.01,0.01,2339.65307,1776344449000
1776344450.767,50.767,0.33,195.5,0.32,240.5,0.42,70.0,0.43,130.0,0.66,0.4,0.65,5.0,0.67,122.5,0.68,240.5,0.09,0.01,2339.65307,1776344449000
1776344451.061,51.061,0.41,10.0,0.4,10.0,0.42,70.0,0.43,130.0,0.58,70.0,0.57,130.0,0.67,195.5,0.68,240.5,0.01,0.09,2339.65307,1776344449000
1776344451.313,51.313,0.4,5.84,0.39,10.0,0.42,70.0,0.43,130.0,0.58,70.0,0.57,130.0,0.6,5.84,0.61,10.0,0.02,0.02,2339.658742,1776344450000
1776344451.941,51.941,0.41,78.0,0.4,58.0,0.42,182.5,0.43,162.5,0.58,70.0,0.57,130.0,0.6,5.84,0.61,10.0,0.01,0.02,2339.658742,1776344450000
1776344452.265,52.265,0.35,57.0,0.34,71.0,0.41,20.5,0.42,94.5,0.59,20.5,0.58,94.5,0.65,57.0,0.66,71.0,0.06,0.06,2339.780104,1776344451000
1776344452.701,52.701,0.35,14.0,0.34,60.0,0.36,15.0,0.37,140.33,0.59,20.5,0.58,94.5,0.65,57.0,0.66,71.0,0.01,0.06,2339.780104,1776344451000
1776344452.971,52.971,0.35,21.0,0.34,65.0,0.36,17.0,0.37,145.33,0.64,15.0,0.63,140.33,0.65,14.0,0.66,60.0,0.01,0.01,2339.780104,1776344451000
1776344453.213,53.213,0.35,21.0,0.34,65.0,0.36,16.44,0.37,140.33,0.64,17.0,0.63,145.33,0.65,21.0,0.66,65.0,0.01,0.01,2339.780104,1776344451000
1776344454.267,54.267,0.35,21.0,0.34,65.0,0.36,16.44,0.37,140.33,0.64,16.44,0.63,140.33,0.65,21.0,0.66,65.0,0.01,0.01,2340.067493,1776344453000
1776344455.368,55.368,0.35,21.0,0.34,65.0,0.36,16.44,0.37,140.33,0.64,16.44,0.63,140.33,0.65,21.0,0.66,65.0,0.01,0.01,2340.001739,1776344454000
1776344455.819,55.819,0.32,6.0,0.31,55.0,0.33,143.0,0.34,71.0,0.64,16.44,0.63,140.33,0.65,21.0,0.66,65.0,0.01,0.01,2340.001739,1776344454000
1776344456.321,56.321,0.31,46.0,0.3,86.5,0.33,143.0,0.34,71.0,0.67,143.0,0.66,71.0,0.69,46.0,0.7,86.5,0.02,0.02,2340.060282,1776344455000
1776344456.864,56.864,0.31,107.5,0.3,146.5,0.32,33.0,0.36,71.0,0.67,143.0,0.66,71.0,0.69,46.0,0.7,86.5,0.01,0.02,2340.060282,1776344455000
1776344457.102,57.102,0.31,113.5,0.3,146.5,0.32,27.84,0.39,80.0,0.68,33.0,0.64,71.0,0.69,107.5,0.7,146.5,0.01,0.01,2340.060282,1776344455000
1776344457.303,57.303,0.31,196.5,0.3,85.5,0.39,7.68,0.4,5.0,0.61,7.68,0.6,5.0,0.69,196.5,0.7,85.5,0.08,0.08,2340.026139,1776344456000
1776344458.281,58.281,0.38,23.0,0.37,57.0,0.39,70.0,0.4,145.5,0.61,7.68,0.6,5.0,0.69,196.5,0.7,85.5,0.01,0.08,2340.026139,1776344456000
1776344458.803,58.803,0.38,23.0,0.37,57.0,0.39,70.0,0.4,145.5,0.61,70.0,0.6,145.5,0.62,23.0,0.63,57.0,0.01,0.01,2340.017232,1776344458000
1776344460.414,60.414,0.38,23.0,0.37,57.0,0.39,70.0,0.4,145.5,0.61,70.0,0.6,145.5,0.62,23.0,0.63,57.0,0.01,0.01,2340.145159,1776344459000
1776344461.252,61.252,0.38,74.13,0.37,77.5,0.39,10.0,0.4,130.0,0.61,65.0,0.6,215.5,0.62,27.83,0.63,57.0,0.01,0.01,2340.145159,1776344459000
1776344461.463,61.463,0.38,125.13,0.37,85.5,0.4,85.0,0.41,130.0,0.61,10.0,0.6,130.0,0.62,74.13,0.63,77.5,0.02,0.01,2340.145159,1776344459000
1776344461.73,61.73,0.44,20.0,0.43,10.0,0.45,0.8,0.46,6.0,0.6,5.0,0.59,120.0,0.62,123.08,0.63,85.5,0.01,0.02,2340.118047,1776344460000
1776344461.934,61.934,0.47,108.88,0.46,116.0,0.48,26.42,0.5,380.51,0.52,26.42,0.5,380.51,0.53,111.0,0.54,116.0,0.01,0.01,2340.118047,1776344460000
1776344462.274,62.274,0.47,142.88,0.46,118.0,0.48,38.42,0.5,380.51,0.52,38.42,0.5,380.51,0.53,142.88,0.54,118.0,0.01,0.01,2340.142109,1776344461000
1776344462.812,62.812,0.47,145.0,0.46,74.0,0.49,316.09,0.5,250.51,0.52,38.42,0.5,380.51,0.53,142.88,0.54,118.0,0.02,0.01,2340.142109,1776344461000
1776344463.446,63.446,0.48,24.73,0.47,74.0,0.49,350.02,0.5,394.13,0.51,316.09,0.5,250.51,0.53,145.0,0.54,74.0,0.01,0.02,2340.142109,1776344461000
1776344463.864,63.864,0.48,10.12,0.47,74.0,0.49,360.02,0.5,399.13,0.51,355.02,0.5,394.13,0.52,22.24,0.53,74.0,0.01,0.01,2340.311097,1776344462000
1776344464.152,64.152,0.48,0.5,0.47,74.0,0.49,360.02,0.5,399.13,0.51,360.02,0.5,399.13,0.52,0.5,0.53,74.0,0.01,0.01,2340.57648,1776344463000
1776344465.169,65.169,0.47,70.3,0.46,74.0,0.49,365.02,0.5,399.13,0.51,365.02,0.5,399.13,0.53,70.3,0.54,74.0,0.02,0.02,2340.523464,1776344464000
1776344466.201,66.201,0.47,20.3,0.46,74.0,0.48,77.91,0.49,355.02,0.51,365.02,0.5,399.13,0.53,70.3,0.54,74.0,0.01,0.02,2340.523464,1776344464000
1776344466.812,66.812,0.47,6.54,0.46,74.0,0.48,131.85,0.49,368.5,0.52,77.91,0.51,355.02,0.53,20.3,0.54,74.0,0.01,0.01,2340.523464,1776344464000
1776344467.419,67.419,0.47,6.54,0.46,74.0,0.48,131.85,0.49,368.5,0.52,131.85,0.51,368.5,0.53,6.54,0.54,74.0,0.01,0.01,2340.59806,1776344466000
1776344467.96,67.96,0.47,6.54,0.46,74.0,0.48,131.85,0.49,368.5,0.52,131.85,0.51,368.5,0.53,6.54,0.54,74.0,0.01,0.01,2340.59807,1776344467000
1776344468.762,68.762,0.42,5.5,0.41,50.0,0.45,25.0,0.46,90.52,0.52,107.93,0.51,368.5,0.53,8.87,0.54,14.0,0.03,0.01,2340.59807,1776344467000
1776344469.205,69.205,0.41,38.45,0.4,81.99,0.45,25.0,0.46,90.52,0.55,25.0,0.54,90.52,0.59,38.45,0.6,81.99,0.04,0.04,2340.58455,1776344468000
1776344469.787,69.787,0.41,51.95,0.4,55.0,0.42,80.0,0.43,140.0,0.55,25.0,0.54,90.52,0.59,38.45,0.6,81.99,0.01,0.04,2340.58455,1776344468000
1776344470.28,70.28,0.41,51.95,0.4,55.0,0.42,80.0,0.43,140.0,0.58,80.0,0.57,140.0,0.59,51.95,0.6,55.0,0.01,0.01,2340.416447,1776344469000
1776344471.535,71.535,0.41,51.95,0.4,55.0,0.42,80.0,0.43,140.0,0.58,80.0,0.57,140.0,0.59,51.95,0.6,55.0,0.01,0.01,2340.320062,1776344470000
1776344472.061,72.061,0.41,51.95,0.4,55.0,0.42,80.0,0.43,140.0,0.58,80.0,0.57,140.0,0.59,51.95,0.6,55.0,0.01,0.01,2340.317082,1776344471000
1776344472.669,72.669,0.41,68.95,0.4,70.0,0.43,77.47,0.44,145.02,0.58,13.47,0.57,140.0,0.59,51.95,0.6,55.0,0.02,0.01,2340.317082,1776344471000
1776344473.002,73.002,0.42,65.5,0.41,66.95,0.43,80.14,0.44,145.02,0.57,77.47,0.56,145.02,0.59,68.95,0.6,70.0,0.01,0.02,2340.317082,1776344471000
1776344473.559,73.559,0.42,85.55,0.41,66.95,0.43,130.14,0.44,145.02,0.57,80.14,0.56,145.02,0.58,65.5,0.59,66.95,0.01,0.01,2340.366,1776344472000
1776344474.33,74.33,0.42,85.55,0.41,66.95,0.43,130.14,0.44,145.02,0.57,130.14,0.56,145.02,0.58,85.55,0.59,66.95,0.01,0.01,2340.368468,1776344473000
1776344474.912,74.912,0.42,85.55,0.41,66.95,0.43,130.14,0.44,145.02,0.57,130.14,0.56,145.02,0.58,85.55,0.59,66.95,0.01,0.01,2340.316992,1776344474000
1776344475.432,75.432,0.43,65.49,0.42,113.55,0.44,5.0,0.45,5.0,0.57,130.14,0.56,145.02,0.58,85.55,0.59,66.95,0.01,0.01,2340.316992,1776344474000
1776344475.689,75.689,0.45,86.5,0.44,215.5,0.47,5.0,0.48,64.5,0.54,5.0,0.53,5.0,0.56,102.5,0.57,234.99,0.02,0.02,2340.316992,1776344474000
1776344475.987,75.987,0.46,97.5,0.45,84.5,0.48,64.5,0.49,71.02,0.52,64.5,0.51,71.02,0.54,97.5,0.55,84.5,0.02,0.02,2340.419281,1776344475000
1776344476.63,76.63,0.46,74.5,0.45,129.5,0.48,69.5,0.49,71.5,0.52,64.5,0.51,71.02,0.54,97.5,0.55,84.5,0.02,0.02,2340.419281,1776344475000
1776344477.257,77.257,0.46,150.89,0.45,142.5,0.48,9.5,0.5,294.53,0.52,69.5,0.51,71.5,0.53,7.52,0.54,69.5,0.02,0.01,2340.419281,1776344475000
1776344477.556,77.556,0.49,33.5,0.48,31.5,0.5,188.81,0.51,5.0,0.5,221.03,0.49,5.0,0.53,94.72,0.54,412.86,0.01,0.03,2340.50265,1776344476000
1776344477.854,77.854,0.49,105.47,0.48,31.5,0.5,108.81,0.51,5.0,0.5,108.81,0.49,5.0,0.51,105.47,0.52,31.5,0.01,0.01,2340.483645,1776344477000
1776344478.06,78.06,0.49,68.47,0.48,246.5,0.5,44.56,0.51,5.0,0.5,60.81,0.49,245.0,0.51,96.47,0.52,241.5,0.01,0.01,2340.483645,1776344477000
1776344478.621,78.621,0.5,31.5,0.49,145.5,0.53,313.37,0.54,25.5,0.47,231.37,0.46,5.0,0.48,10.0,0.49,10.0,0.03,0.01,2340.483645,1776344477000
1776344478.828,78.828,0.5,21.5,0.49,130.5,0.51,8.03,0.52,10.0,0.47,313.37,0.46,25.5,0.5,31.5,0.51,145.5,0.01,0.03,2340.483645,1776344477000
1776344479.084,79.084,0.48,205.5,0.47,65.0,0.51,13.03,0.52,10.0,0.49,13.03,0.48,10.0,0.52,205.5,0.53,65.0,0.03,0.03,2340.604598,1776344478000
1776344479.342,79.342,0.46,65.0,0.45,70.0,0.49,59.2,0.5,15.0,0.51,15.0,0.5,15.0,0.52,152.0,0.53,77.47,0.03,0.01,2340.604598,1776344478000
1776344479.573,79.573,0.46,119.62,0.45,65.0,0.47,10.0,0.48,15.0,0.51,59.2,0.5,15.0,0.54,65.0,0.55,70.0,0.01,0.03,2340.604598,1776344478000
1776344480.003,80.003,0.46,134.97,0.45,81.0,0.47,90.0,0.48,65.0,0.53,5.0,0.52,15.0,0.54,120.97,0.55,65.0,0.01,0.01,2340.604598,1776344478000
1776344480.302,80.302,0.46,134.97,0.45,81.0,0.47,90.0,0.48,65.0,0.53,90.0,0.52,65.0,0.54,134.97,0.55,81.0,0.01,0.01,2340.788338,1776344479000
1776344481.258,81.258,0.46,134.97,0.45,81.0,0.47,90.0,0.48,65.0,0.53,90.0,0.52,65.0,0.54,134.97,0.55,81.0,0.01,0.01,2340.734332,1776344480000
1776344481.876,81.876,0.46,484.05,0.45,81.0,0.47,6.74,0.48,5.0,0.53,90.0,0.52,65.0,0.54,134.97,0.55,81.0,0.01,0.01,2340.734332,1776344480000
1776344482.201,82.201,0.46,489.05,0.45,81.0,0.5,9.09,0.51,78.03,0.53,2.65,0.52,5.0,0.54,484.05,0.55,81.0,0.04,0.01,2340.734332,1776344480000
1776344482.402,82.402,0.5,7.84,0.49,75.5,0.51,78.03,0.52,316.0,0.49,78.03,0.48,316.0,0.5,7.84,0.51,75.5,0.01,0.01,2340.734332,1776344480000
1776344482.665,82.665,0.5,7.84,0.49,75.5,0.51,78.03,0.52,316.0,0.49,78.03,0.48,316.0,0.5,7.84,0.51,75.5,0.01,0.01,2340.70391,1776344481000
1776344483.306,83.306,0.5,7.84,0.49,75.5,0.51,78.03,0.52,316.0,0.49,78.03,0.48,316.0,0.5,7.84,0.51,75.5,0.01,0.01,2340.718411,1776344482000
1776344484.447,84.447,0.5,7.84,0.49,75.5,0.51,78.03,0.52,316.0,0.49,78.03,0.48,316.0,0.5,7.84,0.51,75.5,0.01,0.01,2340.750754,1776344483000
1776344485.075,85.075,0.5,7.84,0.49,75.5,0.51,78.03,0.52,316.0,0.49,78.03,0.48,316.0,0.5,7.84,0.51,75.5,0.01,0.01,2340.750754,1776344484000
1776344486.37,86.37,0.5,7.84,0.49,75.5,0.51,78.03,0.52,316.0,0.49,78.03,0.48,316.0,0.5,7.84,0.51,75.5,0.01,0.01,2340.82484,1776344485000
1776344486.964,86.964,0.5,7.84,0.49,75.5,0.51,78.03,0.52,316.0,0.49,78.03,0.48,316.0,0.5,7.84,0.51,75.5,0.01,0.01,2340.803,1776344486000
1776344488.165,88.165,0.5,7.84,0.49,75.5,0.51,78.03,0.52,316.0,0.49,78.03,0.48,316.0,0.5,7.84,0.51,75.5,0.01,0.01,2340.719702,1776344487000
1776344489.11,89.11,0.5,35.06,0.49,92.5,0.51,5.0,0.52,5.0,0.49,78.03,0.48,316.0,0.5,7.84,0.51,75.5,0.01,0.01,2340.719702,1776344487000
1776344489.331,89.331,0.5,35.06,0.49,92.5,0.51,5.0,0.52,5.0,0.49,5.0,0.48,5.0,0.5,35.06,0.51,92.5,0.01,0.01,2340.671974,1776344488000
1776344489.961,89.961,0.5,35.06,0.49,87.5,0.51,5.0,0.52,55.0,0.49,5.0,0.48,5.0,0.5,35.06,0.51,92.5,0.01,0.01,2340.671974,1776344488000
1776344491.24,91.24,0.5,35.06,0.49,87.5,0.51,5.0,0.52,55.0,0.49,5.0,0.48,55.0,0.5,35.06,0.51,87.5,0.01,0.01,2340.720458,1776344490000
1776344491.497,91.497,0.5,131.56,0.49,335.5,0.53,55.0,0.54,65.02,0.49,5.0,0.48,55.0,0.5,35.06,0.51,87.5,0.03,0.01,2340.720458,1776344490000
1776344492.12,92.12,0.5,131.56,0.49,335.5,0.53,55.0,0.54,65.02,0.47,55.0,0.46,65.02,0.5,131.56,0.51,335.5,0.03,0.03,2340.780253,1776344491000
1776344493.729,93.729,0.5,131.56,0.49,335.5,0.53,55.0,0.54,65.02,0.47,55.0,0.46,65.02,0.5,131.56,0.51,335.5,0.03,0.03,2340.751812,1776344492000
1776344494.29,94.29,0.5,131.56,0.49,335.5,0.53,55.0,0.54,65.02,0.47,55.0,0.46,65.02,0.5,131.56,0.51,335.5,0.03,0.03,2340.774649,1776344493000
1776344495.212,95.212,0.53,17.0,0.52,58.0,0.54,288.48,0.55,92.52,0.47,55.0,0.46,65.02,0.5,131.56,0.51,335.5,0.01,0.03,2340.774649,1776344493000
1776344495.443,95.443,0.53,17.0,0.52,58.0,0.54,288.48,0.55,92.52,0.46,288.48,0.45,92.52,0.47,17.0,0.48,58.0,0.01,0.01,2340.797426,1776344494000
1776344496.048,96.048,0.53,17.0,0.52,58.0,0.54,288.48,0.55,92.52,0.46,288.48,0.45,92.52,0.47,17.0,0.48,58.0,0.01,0.01,2340.796646,1776344495000
1776344496.848,96.848,0.55,125.0,0.54,253.0,0.56,42.69,0.57,55.0,0.46,284.77,0.45,99.49,0.47,22.0,0.48,108.0,0.01,0.01,2340.796646,1776344495000
1776344497.173,97.173,0.56,17.0,0.55,118.0,0.57,45.0,0.58,70.5,0.43,45.0,0.42,70.5,0.44,17.0,0.45,118.0,0.01,0.01,2340.8004,1776344496000
1776344497.925,97.925,0.57,17.0,0.56,108.0,0.58,57.25,0.59,310.5,0.43,45.0,0.42,70.5,0.44,17.0,0.45,118.0,0.01,0.01,2340.8004,1776344496000
1776344498.409,98.409,0.57,17.0,0.56,108.0,0.58,57.25,0.59,310.5,0.42,57.25,0.41,310.5,0.43,17.0,0.44,108.0,0.01,0.01,2340.83494,1776344497000
1776344499.031,99.031,0.57,17.0,0.56,108.0,0.58,57.25,0.59,310.5,0.42,57.25,0.41,310.5,0.43,17.0,0.44,108.0,0.01,0.01,2340.864979,1776344498000
1776344500.154,100.154,0.57,17.0,0.56,108.0,0.58,57.25,0.59,310.5,0.42,57.25,0.41,310.5,0.43,17.0,0.44,108.0,0.01,0.01,2340.93842,1776344499000
1776344501.3,101.3,0.57,17.0,0.56,108.0,0.58,57.25,0.59,310.5,0.42,57.25,0.41,310.5,0.43,17.0,0.44,108.0,0.01,0.01,2340.999642,1776344500000
1776344502.378,102.378,0.57,17.0,0.56,108.0,0.58,57.25,0.59,310.5,0.42,57.25,0.41,310.5,0.43,17.0,0.44,108.0,0.01,0.01,2341.14614,1776344501000
1776344502.6,102.6,0.6,34.2,0.59,15.0,0.61,57.22,0.62,81.0,0.42,57.25,0.41,310.5,0.43,17.0,0.44,108.0,0.01,0.01,2341.14614,1776344501000
1776344502.959,102.959,0.6,34.2,0.59,15.0,0.61,57.22,0.62,81.0,0.39,57.22,0.38,81.0,0.4,34.2,0.41,15.0,0.01,0.01,2341.177431,1776344502000
1776344503.328,103.328,0.64,15.0,0.63,10.0,0.65,219.23,0.66,31.0,0.36,7.92,0.35,5.0,0.4,15.0,0.41,77.0,0.01,0.04,2341.177431,1776344502000
1776344503.567,103.567,0.64,8.0,0.63,17.0,0.65,254.23,0.66,5.0,0.35,219.23,0.34,31.0,0.36,15.0,0.37,10.0,0.01,0.01,2341.177431,1776344502000
1776344504.098,104.098,0.64,8.0,0.63,17.0,0.65,254.23,0.66,5.0,0.35,254.23,0.34,5.0,0.36,8.0,0.37,17.0,0.01,0.01,2341.076631,1776344503000
1776344505.029,105.029,0.64,104.0,0.63,67.0,0.65,227.69,0.66,130.3,0.35,254.23,0.34,5.0,0.36,8.0,0.37,17.0,0.01,0.01,2341.076631,1776344503000
1776344505.557,105.557,0.64,99.0,0.63,67.0,0.65,227.99,0.66,19.0,0.35,227.69,0.34,130.3,0.36,104.0,0.37,67.0,0.01,0.01,2341.235085,1776344504000
1776344506.362,106.362,0.64,99.0,0.63,67.0,0.65,227.99,0.66,19.0,0.35,227.99,0.34,19.0,0.36,99.0,0.37,67.0,0.01,0.01,2341.27907,1776344505000
1776344506.923,106.923,0.64,99.0,0.63,67.0,0.65,227.99,0.66,19.0,0.35,227.99,0.34,19.0,0.36,99.0,0.37,67.0,0.01,0.01,2341.28138,1776344506000
1776344507.849,107.849,0.67,16.0,0.66,21.0,0.68,6.22,0.69,5.0,0.35,226.23,0.34,13.97,0.36,81.1,0.37,82.5,0.01,0.01,2341.28138,1776344506000
1776344508.349,108.349,0.73,30.0,0.72,10.0,0.75,17.9,0.76,19.7,0.32,6.22,0.31,5.0,0.33,16.0,0.34,21.0,0.02,0.01,2341.28138,1776344506000
1776344508.608,108.608,0.74,57.2,0.73,26.0,0.75,41.94,0.76,19.7,0.25,41.94,0.24,19.7,0.26,57.2,0.27,26.0,0.01,0.01,2341.29714,1776344507000
1776344508.814,108.814,0.74,87.0,0.73,320.0,0.75,37.94,0.77,30.3,0.25,41.94,0.24,19.7,0.26,57.2,0.27,26.0,0.01,0.01,2341.29714,1776344507000
1776344509.022,109.022,0.74,110.7,0.73,330.5,0.75,16.62,0.77,10.0,0.25,21.69,0.23,10.0,0.26,115.7,0.27,90.5,0.01,0.01,2341.29714,1776344507000
1776344509.31,109.31,0.74,121.5,0.73,98.5,0.75,13.25,0.8,5.0,0.25,30.09,0.2,5.0,0.26,96.5,0.27,90.5,0.01,0.01,2341.30451,1776344508000
1776344509.615,109.615,0.75,176.25,0.74,67.5,0.76,7.48,0.8,5.0,0.2,5.0,0.19,263.4,0.26,131.5,0.27,98.5,0.01,0.06,2341.30451,1776344508000
1776344509.939,109.939,0.75,366.5,0.74,112.5,0.76,6.64,0.8,5.0,0.24,7.48,0.2,5.0,0.25,176.25,0.26,67.5,0.01,0.01,2341.30451,1776344508000
1776344510.154,110.154,0.75,366.5,0.74,112.5,0.8,1.3,0.81,263.4,0.2,1.3,0.19,263.4,0.25,366.5,0.26,112.5,0.05,0.05,2341.815938,1776344509000
1776344510.359,110.359,0.79,68.0,0.78,66.0,0.8,1.3,0.81,23.4,0.2,1.3,0.19,263.4,0.25,366.5,0.26,112.5,0.01,0.05,2341.815938,1776344509000
1776344510.755,110.755,0.79,73.0,0.78,66.0,0.81,22.21,0.82,140.78,0.2,1.3,0.19,23.4,0.21,68.0,0.22,66.0,0.02,0.01,2341.815938,1776344509000
1776344511.242,111.242,0.8,10.0,0.79,10.0,0.81,238.76,0.82,140.78,0.19,289.74,0.18,140.78,0.22,66.0,0.23,76.5,0.01,0.03,2341.815938,1776344509000
1776344511.538,111.538,0.8,5.0,0.79,10.0,0.81,243.76,0.82,248.58,0.19,243.76,0.18,140.78,0.22,52.41,0.23,76.5,0.01,0.03,2342.008437,1776344510000
1776344511.887,111.887,0.8,32.0,0.79,59.52,0.81,292.47,0.82,206.78,0.19,238.76,0.18,140.78,0.21,9.52,0.22,52.41,0.01,0.02,2342.008437,1776344510000
1776344513.094,113.094,0.8,104.94,0.79,59.52,0.81,247.47,0.82,141.28,0.19,247.47,0.18,141.28,0.2,104.94,0.21,59.52,0.01,0.01,2342.106141,1776344512000
1776344513.678,113.678,0.79,38.8,0.76,50.0,0.8,25.0,0.81,103.9,0.19,247.47,0.18,141.28,0.2,104.94,0.21,59.52,0.01,0.01,2342.106141,1776344512000
1776344513.945,113.945,0.76,65.0,0.75,140.5,0.79,97.0,0.8,102.5,0.2,104.0,0.19,161.9,0.22,3.0,0.23,10.0,0.03,0.02,2342.106141,1776344512000
1776344514.37,114.37,0.78,3.0,0.77,60.0,0.79,89.65,0.8,70.5,0.21,89.65,0.2,70.5,0.22,3.0,0.23,60.0,0.01,0.01,2342.137981,1776344513000
1776344514.814,114.814,0.78,3.0,0.77,60.0,0.79,89.65,0.8,70.5,0.21,89.65,0.2,70.5,0.22,3.0,0.23,60.0,0.01,0.01,2342.137981,1776344514000
1776344515.116,115.116,0.76,65.0,0.75,140.5,0.79,373.35,0.8,147.0,0.21,373.35,0.2,147.0,0.22,10.0,0.23,10.0,0.03,0.01,2342.137981,1776344514000
1776344515.413,115.413,0.68,42.68,0.67,65.0,0.69,30.0,0.7,10.0,0.21,373.35,0.2,147.0,0.24,65.0,0.25,140.5,0.01,0.03,2342.137981,1776344514000
1776344516.046,116.046,0.68,42.2,0.67,65.5,0.69,30.61,0.7,15.0,0.31,30.61,0.3,15.0,0.32,42.2,0.33,65.5,0.01,0.01,2342.055987,1776344515000
1776344516.357,116.357,0.62,22.1,0.61,15.0,0.63,10.0,0.64,10.0,0.34,76.0,0.33,80.0,0.42,16.1,0.43,15.0,0.01,0.08,2342.055987,1776344515000
1776344516.737,116.737,0.62,7.58,0.61,6.0,0.63,36.0,0.64,10.0,0.37,17.0,0.36,10.0,0.38,10.9,0.39,6.0,0.01,0.01,2342.055987,1776344515000
1776344517.095,117.095,0.62,2.58,0.61,6.0,0.63,17.0,0.64,10.0,0.37,36.0,0.36,10.0,0.38,7.58,0.39,6.0,0.01,0.01,2342.055987,1776344515000
1776344517.926,117.926,0.6,3.77,0.59,10.0,0.63,24.0,0.64,10.0,0.37,17.0,0.36,10.0,0.38,2.58,0.39,6.0,0.03,0.01,2341.872668,1776344516000
1776344518.193,118.193,0.6,3.77,0.59,10.0,0.63,24.0,0.64,10.0,0.37,24.0,0.36,10.0,0.4,3.77,0.41,10.0,0.03,0.03,2341.311957,1776344517000
1776344518.593,118.593,0.62,13.79,0.61,10.0,0.63,17.5,0.64,250.5,0.38,0.27,0.37,7.0,0.39,15.0,0.4,18.77,0.01,0.01,2341.311957,1776344517000
1776344518.918,118.918,0.62,15.0,0.61,10.0,0.63,60.73,0.64,68.5,0.37,17.5,0.36,250.5,0.38,13.79,0.39,10.0,0.01,0.01,2341.311957,1776344517000
1776344519.198,119.198,0.62,15.0,0.61,10.0,0.63,60.73,0.64,68.5,0.37,60.73,0.36,68.5,0.38,15.0,0.39,10.0,0.01,0.01,2341.28372,1776344518000
1776344519.481,119.481,0.62,15.0,0.61,15.0,0.63,50.73,0.64,73.5,0.37,60.73,0.36,68.5,0.38,15.0,0.39,10.0,0.01,0.01,2341.28372,1776344518000
1776344519.874,119.874,0.62,106.2,0.61,65.0,0.63,38.04,0.64,63.0,0.37,45.73,0.36,73.5,0.38,15.0,0.39,15.0,0.01,0.01,2341.28372,1776344518000
1776344520.178,120.178,0.66,86.0,0.65,104.5,0.67,64.33,0.68,120.0,0.37,33.04,0.36,63.0,0.38,106.2,0.39,65.0,0.01,0.01,2341.28372,1776344518000
1776344520.442,120.442,0.67,96.0,0.66,117.0,0.68,63.19,0.69,300.5,0.32,53.05,0.31,300.5,0.33,28.0,0.34,117.0,0.01,0.01,2341.19845,1776344519000
1776344520.701,120.701,0.67,181.28,0.66,182.0,0.68,28.0,0.73,5.0,0.32,57.19,0.31,300.5,0.33,131.0,0.34,117.0,0.01,0.01,2341.19845,1776344519000
1776344520.998,120.998,0.71,41.0,0.7,21.0,0.72,234.16,0.73,10.5,0.28,233.16,0.26,55.0,0.3,10.0,0.32,10.0,0.01,0.02,2341.19845,1776344519000
1776344521.388,121.388,0.71,46.0,0.7,21.0,0.72,212.57,0.73,10.5,0.28,212.57,0.27,10.5,0.29,46.0,0.3,21.0,0.01,0.01,2341.211732,1776344520000
1776344521.986,121.986,0.71,46.0,0.7,21.0,0.72,212.57,0.73,10.5,0.28,212.57,0.27,10.5,0.29,46.0,0.3,21.0,0.01,0.01,2341.42883,1776344521000
1776344522.439,122.439,0.71,30.0,0.7,60.0,0.72,70.5,0.73,300.5,0.28,212.57,0.27,10.5,0.29,46.0,0.3,21.0,0.01,0.01,2341.42883,1776344521000
1776344522.689,122.689,0.71,30.0,0.7,60.0,0.72,70.5,0.73,300.5,0.28,70.5,0.27,300.5,0.29,30.0,0.3,60.0,0.01,0.01,2341.42883,1776344521000
1776344523.123,123.123,0.71,30.0,0.7,60.0,0.72,70.5,0.73,300.5,0.28,70.5,0.27,300.5,0.29,30.0,0.3,60.0,0.01,0.01,2341.64123,1776344522000
1776344523.427,123.427,0.73,45.0,0.72,10.0,0.74,51.13,0.75,82.0,0.28,70.5,0.27,300.5,0.29,30.0,0.3,60.0,0.01,0.01,2341.64123,1776344522000
1776344523.983,123.983,0.75,25.0,0.74,86.0,0.76,52.42,0.77,325.5,0.26,51.13,0.25,82.0,0.27,45.0,0.28,10.0,0.01,0.01,2341.64123,1776344522000
1776344524.321,124.321,0.74,55.19,0.73,60.0,0.76,99.42,0.77,85.5,0.24,52.42,0.23,325.5,0.25,25.0,0.26,86.0,0.02,0.01,2341.64123,1776344522000
1776344524.956,124.956,0.74,55.19,0.73,60.0,0.76,99.42,0.77,85.5,0.24,99.42,0.23,85.5,0.26,55.19,0.27,60.0,0.02,0.02,2341.771571,1776344523000
1776344525.602,125.602,0.74,55.19,0.73,60.0,0.76,99.42,0.77,85.5,0.24,99.42,0.23,85.5,0.26,55.19,0.27,60.0,0.02,0.02,2341.787681,1776344524000
1776344526.331,126.331,0.74,55.19,0.73,60.0,0.76,99.42,0.77,85.5,0.24,99.42,0.23,85.5,0.26,55.19,0.27,60.0,0.02,0.02,2341.785,1776344525000
1776344526.541,126.541,0.76,7.0,0.75,10.0,0.77,6.0,0.78,80.0,0.23,8.0,0.22,70.0,0.24,17.0,0.25,10.0,0.01,0.01,2341.785,1776344525000
1776344527.124,127.124,0.64,13.0,0.62,50.0,0.66,10.0,0.67,10.0,0.23,271.5,0.22,80.5,0.25,10.0,0.26,16.0,0.02,0.02,2341.785,1776344525000
1776344527.533,127.533,0.6,64.9,0.59,60.0,0.61,2.0,0.62,85.0,0.39,10.0,0.38,80.0,0.4,64.9,0.41,60.0,0.01,0.01,2341.785,1776344525000
1776344527.748,127.748,0.59,50.0,0.58,65.0,0.6,0.26,0.61,27.0,0.4,1.93,0.39,34.0,0.41,50.0,0.42,65.0,0.01,0.01,2341.8545,1776344526000
1776344528.201,128.201,0.59,50.0,0.58,65.0,0.6,0.26,0.61,27.0,0.4,0.26,0.39,27.0,0.41,50.0,0.42,65.0,0.01,0.01,2341.874325,1776344527000
1776344528.514,128.514,0.6,8.0,0.59,85.5,0.61,27.0,0.62,340.5,0.4,0.26,0.39,27.0,0.41,50.0,0.42,65.0,0.01,0.01,2341.874325,1776344527000
1776344529.137,129.137,0.6,65.0,0.59,325.5,0.62,85.95,0.63,145.5,0.39,13.0,0.38,330.5,0.4,58.0,0.41,85.5,0.02,0.01,2341.874325,1776344527000
1776344529.436,129.436,0.6,65.0,0.59,325.5,0.62,85.95,0.63,145.5,0.38,85.95,0.37,145.5,0.4,65.0,0.41,325.5,0.02,0.02,2341.482039,1776344528000
1776344529.96,129.96,0.6,65.0,0.59,325.5,0.62,85.95,0.63,145.5,0.38,85.95,0.37,145.5,0.4,65.0,0.41,325.5,0.02,0.02,2341.371649,1776344529000
1776344530.442,130.442,0.61,124.95,0.6,329.5,0.62,103.72,0.63,135.5,0.38,85.95,0.37,145.5,0.4,65.0,0.41,325.5,0.01,0.02,2341.371649,1776344529000
1776344531.101,131.101,0.67,514.7,0.66,100.5,0.75,59.26,0.76,175.0,0.38,101.99,0.37,135.5,0.39,124.95,0.4,329.5,0.08,0.01,2341.371649,1776344529000
1776344531.329,131.329,0.71,15.0,0.7,10.0,0.75,10.44,0.76,180.5,0.25,55.48,0.24,175.0,0.29,10.0,0.3,10.0,0.04,0.04,2341.371649,1776344529000
1776344531.821,131.821,0.74,35.0,0.73,20.5,0.75,5.44,0.76,170.0,0.25,10.44,0.24,180.5,0.29,15.0,0.3,10.0,0.01,0.04,2341.339698,1776344530000
1776344532.065,132.065,0.74,35.0,0.73,20.5,0.75,5.44,0.76,170.0,0.25,5.44,0.24,170.0,0.26,35.0,0.27,20.5,0.01,0.01,2341.339698,1776344531000
1776344532.746,132.746,0.74,42.73,0.73,20.0,0.75,5.44,0.76,431.5,0.25,5.44,0.24,170.0,0.26,35.0,0.27,20.5,0.01,0.01,2341.339698,1776344531000
1776344533.031,133.031,0.73,15.0,0.72,15.0,0.75,289.94,0.76,350.5,0.25,5.44,0.24,431.5,0.26,37.73,0.27,20.0,0.02,0.01,2341.339698,1776344531000
1776344533.247,133.247,0.74,5.0,0.73,15.0,0.75,275.94,0.76,320.5,0.25,265.94,0.24,331.5,0.26,13.0,0.27,15.0,0.01,0.01,2341.339698,1776344531000
1776344533.891,133.891,0.74,20.0,0.73,15.0,0.75,315.94,0.76,332.5,0.25,275.94,0.24,320.5,0.26,5.0,0.27,15.0,0.01,0.01,2341.769629,1776344532000
1776344534.145,134.145,0.74,6.67,0.73,15.0,0.75,315.94,0.76,332.5,0.25,315.94,0.24,332.5,0.26,6.67,0.27,15.0,0.01,0.01,2341.769629,1776344533000
1776344535.049,135.049,0.74,5.0,0.73,15.0,0.75,320.94,0.76,332.5,0.25,315.94,0.24,332.5,0.26,6.67,0.27,15.0,0.01,0.01,2341.769629,1776344533000
1776344535.469,135.469,0.74,21.15,0.73,15.0,0.75,310.94,0.76,332.5,0.25,320.94,0.24,332.5,0.26,5.0,0.27,15.0,0.01,0.01,2341.769629,1776344533000
1776344535.766,135.766,0.74,17.57,0.73,15.0,0.75,310.94,0.76,332.5,0.25,310.94,0.24,332.5,0.26,17.57,0.27,15.0,0.01,0.01,2341.783721,1776344534000
1776344536.499,136.499,0.74,17.57,0.73,15.0,0.75,310.94,0.76,332.5,0.25,310.94,0.24,332.5,0.26,17.57,0.27,15.0,0.01,0.01,2341.766376,1776344535000
1776344537.293,137.293,0.74,8.0,0.73,15.0,0.75,320.94,0.76,337.5,0.25,320.94,0.24,337.5,0.26,8.0,0.27,15.0,0.01,0.01,2341.766432,1776344536000
1776344537.59,137.59,0.65,16.0,0.64,65.0,0.68,65.5,0.69,25.5,0.32,10.0,0.31,20.5,0.33,57.62,0.35,16.0,0.03,0.01,2341.766432,1776344536000
1776344538.444,138.444,0.63,10.0,0.62,81.0,0.64,5.8,0.65,75.5,0.32,65.5,0.31,25.5,0.36,51.02,0.37,75.5,0.01,0.04,2341.766432,1776344536000
1776344539.472,139.472,0.63,10.0,0.62,81.0,0.64,5.8,0.65,75.5,0.36,5.8,0.35,75.5,0.37,10.0,0.38,81.0,0.01,0.01,2341.625194,1776344538000
1776344540.133,140.133,0.63,10.0,0.62,81.0,0.64,5.8,0.65,75.5,0.36,5.8,0.35,75.5,0.37,10.0,0.38,81.0,0.01,0.01,2341.50271,1776344539000
1776344541.308,141.308,0.63,6.0,0.61,16.0,0.64,330.5,0.65,155.5,0.36,5.8,0.35,75.5,0.37,10.0,0.38,81.0,0.01,0.01,2341.50271,1776344539000
1776344541.747,141.747,0.6,60.0,0.59,305.0,0.62,31.5,0.63,25.5,0.38,30.5,0.37,25.5,0.4,60.0,0.41,305.0,0.02,0.02,2341.471731,1776344540000
1776344542.091,142.091,0.6,60.0,0.59,305.0,0.62,31.5,0.63,25.5,0.38,31.5,0.37,25.5,0.4,60.0,0.41,305.0,0.02,0.02,2341.327332,1776344541000
1776344542.508,142.508,0.6,327.5,0.59,138.66,0.61,4.0,0.62,6.0,0.38,31.5,0.37,25.5,0.4,60.0,0.41,305.0,0.01,0.02,2341.327332,1776344541000
1776344543.673,143.673,0.6,327.5,0.59,138.66,0.61,4.0,0.62,6.0,0.39,4.0,0.38,6.0,0.4,327.5,0.41,138.66,0.01,0.01,2341.398265,1776344542000
1776344544.351,144.351,0.6,327.5,0.59,138.66,0.61,4.0,0.62,6.0,0.39,4.0,0.38,6.0,0.4,327.5,0.41,138.66,0.01,0.01,2341.336004,1776344543000
1776344545.042,145.042,0.6,51.15,0.59,255.0,0.61,71.3,0.62,76.5,0.39,4.0,0.38,6.0,0.4,327.5,0.41,138.66,0.01,0.01,2341.336004,1776344543000
1776344545.379,145.379,0.6,5.0,0.59,5.0,0.61,372.3,0.62,81.5,0.39,71.3,0.38,76.5,0.4,51.15,0.41,255.0,0.01,0.01,2341.296806,1776344544000
1776344545.799,145.799,0.56,1.37,0.55,5.0,0.57,57.5,0.58,25.5,0.41,142.5,0.4,347.5,0.43,5.0,0.44,5.0,0.01,0.02,2341.296806,1776344544000
1776344546.075,146.075,0.54,50.0,0.53,310.0,0.56,114.39,0.57,65.5,0.44,114.39,0.43,85.5,0.45,5.0,0.46,55.0,0.02,0.01,2341.296806,1776344544000
1776344546.467,146.467,0.54,5.0,0.53,300.0,0.55,54.66,0.56,107.39,0.44,114.39,0.43,65.5,0.46,50.0,0.47,310.0,0.01,0.02,2341.215897,1776344545000
1776344547.611,147.611,0.54,5.0,0.53,300.0,0.55,54.66,0.56,107.39,0.45,54.66,0.44,107.39,0.46,5.0,0.47,300.0,0.01,0.01,2341.298758,1776344546000
1776344548.319,148.319,0.54,5.0,0.53,300.0,0.55,54.66,0.56,107.39,0.45,54.66,0.44,107.39,0.46,5.0,0.47,300.0,0.01,0.01,2341.214482,1776344547000
1776344548.679,148.679,0.55,15.0,0.54,310.0,0.56,65.5,0.57,85.5,0.45,54.66,0.44,107.39,0.46,5.0,0.47,300.0,0.01,0.01,2341.214482,1776344547000
1776344549.65,149.65,0.55,15.0,0.54,310.0,0.56,65.5,0.57,85.5,0.44,65.5,0.43,85.5,0.45,15.0,0.46,310.0,0.01,0.01,2341.121723,1776344548000
1776344550.353,150.353,0.55,15.0,0.54,310.0,0.56,65.5,0.57,85.5,0.44,65.5,0.43,85.5,0.45,15.0,0.46,310.0,0.01,0.01,2341.119036,1776344549000
1776344551.039,151.039,0.55,15.0,0.54,310.0,0.56,65.5,0.57,85.5,0.44,65.5,0.43,85.5,0.45,15.0,0.46,310.0,0.01,0.01,2341.11801,1776344550000
1776344552.441,152.441,0.55,265.0,0.54,65.0,0.56,70.5,0.57,85.5,0.44,70.5,0.43,85.5,0.45,265.0,0.46,65.0,0.01,0.01,2341.113778,1776344551000
1776344553.221,153.221,0.55,265.0,0.54,65.0,0.56,70.5,0.57,85.5,0.44,70.5,0.43,85.5,0.45,265.0,0.46,65.0,0.01,0.01,2341.113687,1776344552000
1776344554.146,154.146,0.49,23.47,0.46,5.51,0.5,131.5,0.51,350.0,0.44,70.5,0.43,85.5,0.45,265.0,0.46,65.0,0.01,0.01,2341.113687,1776344552000
1776344554.556,154.556,0.44,60.0,0.43,61.0,0.47,59.05,0.48,125.0,0.53,18.05,0.52,125.0,0.54,0.41,0.55,5.0,0.03,0.01,2341.113687,1776344552000
1776344554.872,154.872,0.44,55.0,0.43,61.0,0.45,25.5,0.46,70.5,0.53,59.05,0.52,125.0,0.56,60.0,0.57,61.0,0.01,0.03,2341.096647,1776344553000
1776344555.314,155.314,0.44,55.0,0.43,61.0,0.45,25.5,0.46,70.5,0.55,25.5,0.54,70.5,0.56,55.0,0.57,61.0,0.01,0.01,2341.096647,1776344554000
1776344556.178,156.178,0.44,55.0,0.43,61.0,0.45,25.5,0.46,70.5,0.55,25.5,0.54,70.5,0.56,55.0,0.57,61.0,0.01,0.01,2340.979434,1776344555000
1776344556.616,156.616,0.44,295.0,0.43,61.0,0.45,21.86,0.46,70.5,0.55,25.5,0.54,70.5,0.56,55.0,0.57,61.0,0.01,0.01,2340.979434,1776344555000
1776344556.883,156.883,0.44,295.0,0.43,61.0,0.45,16.86,0.46,75.5,0.55,21.86,0.54,70.5,0.56,295.0,0.57,61.0,0.01,0.01,2340.979434,1776344555000
1776344557.637,157.637,0.44,295.0,0.43,61.0,0.45,16.86,0.46,75.5,0.55,16.86,0.54,75.5,0.56,295.0,0.57,61.0,0.01,0.01,2340.748203,1776344556000
1776344558.356,158.356,0.44,295.0,0.43,61.0,0.45,16.86,0.46,75.5,0.55,16.86,0.54,75.5,0.56,295.0,0.57,61.0,0.01,0.01,2340.743901,1776344557000
1776344558.821,158.821,0.43,10.9,0.42,245.0,0.44,131.5,0.45,111.86,0.55,16.86,0.54,75.5,0.56,295.0,0.57,61.0,0.01,0.01,2340.743901,1776344557000
1776344559.08,159.08,0.42,227.57,0.41,55.0,0.43,25.5,0.44,190.5,0.56,120.5,0.55,111.86,0.58,237.57,0.59,55.0,0.01,0.02,2340.743901,1776344557000
1776344559.377,159.377,0.42,227.57,0.41,55.0,0.43,25.5,0.44,190.5,0.57,25.5,0.56,190.5,0.58,227.57,0.59,55.0,0.01,0.01,2340.794058,1776344558000
1776344559.726,159.726,0.42,227.57,0.41,60.0,0.43,97.89,0.44,185.5,0.57,25.5,0.56,190.5,0.58,227.57,0.59,55.0,0.01,0.01,2340.794058,1776344558000
1776344560.603,160.603,0.4,50.0,0.39,55.0,0.41,20.5,0.42,60.5,0.57,97.89,0.56,185.5,0.58,227.57,0.59,60.0,0.01,0.01,2340.794058,1776344559000
1776344560.965,160.965,0.4,50.0,0.39,55.0,0.41,23.06,0.42,30.5,0.59,20.5,0.58,60.5,0.6,50.0,0.61,55.0,0.01,0.01,2340.794058,1776344559000
1776344562.174,162.174,0.4,547.5,0.39,222.5,0.42,10.0,0.43,5.0,0.59,23.06,0.58,30.5,0.6,50.0,0.61,55.0,0.02,0.01,2340.60514,1776344560000
1776344562.511,162.511,0.45,241.64,0.44,10.0,0.46,10.5,0.47,61.5,0.54,10.5,0.53,61.5,0.55,53.24,0.58,20.5,0.01,0.01,2340.60514,1776344560000
1776344562.873,162.873,0.45,451.39,0.44,50.0,0.46,20.89,0.47,71.5,0.54,0.39,0.53,61.5,0.55,241.64,0.56,10.0,0.01,0.01,2340.60514,1776344560000
1776344563.224,163.224,0.45,54.39,0.43,5.0,0.46,70.89,0.47,71.5,0.54,20.89,0.53,71.5,0.55,451.39,0.56,50.0,0.01,0.01,2340.60514,1776344560000
1776344563.727,163.727,0.45,5.0,0.44,5.0,0.46,52.15,0.47,71.5,0.54,70.89,0.53,71.5,0.55,12.39,0.57,5.0,0.01,0.01,2340.60514,1776344560000
1776344564.428,164.428,0.45,5.0,0.44,5.0,0.46,52.15,0.47,71.5,0.54,52.15,0.53,71.5,0.55,5.0,0.56,5.0,0.01,0.01,2340.773845,1776344563000
1776344564.959,164.959,0.45,5.0,0.44,5.0,0.46,52.15,0.47,71.5,0.54,52.15,0.53,71.5,0.55,5.0,0.56,5.0,0.01,0.01,2340.677054,1776344564000
1776344565.98,165.98,0.45,5.0,0.44,5.0,0.46,52.15,0.47,71.5,0.54,52.15,0.53,71.5,0.55,5.0,0.56,5.0,0.01,0.01,2340.650652,1776344565000
1776344566.726,166.726,0.44,5.0,0.43,55.0,0.46,52.15,0.47,71.5,0.54,52.15,0.53,71.5,0.55,5.0,0.56,5.0,0.02,0.01,2340.650652,1776344565000
1776344567.114,167.114,0.44,5.0,0.43,55.0,0.46,52.15,0.47,71.5,0.54,52.15,0.53,71.5,0.56,5.0,0.57,55.0,0.02,0.02,2340.565763,1776344566000
1776344568.189,168.189,0.44,5.0,0.43,55.0,0.46,52.15,0.47,71.5,0.54,52.15,0.53,71.5,0.56,5.0,0.57,55.0,0.02,0.02,2340.530071,1776344567000
1776344568.562,168.562,0.44,235.0,0.43,5.0,0.45,35.5,0.46,67.15,0.54,52.15,0.53,71.5,0.56,5.0,0.57,55.0,0.01,0.02,2340.530071,1776344567000
1776344569.024,169.024,0.42,94.96,0.41,101.67,0.43,25.5,0.44,30.5,0.57,25.5,0.56,30.5,0.58,82.0,0.59,101.67,0.01,0.01,2340.530071,1776344567000
1776344569.232,169.232,0.42,94.96,0.41,101.67,0.43,25.5,0.44,30.5,0.57,25.5,0.56,30.5,0.58,94.96,0.59,101.67,0.01,0.01,2340.54658,1776344568000
1776344569.932,169.932,0.41,240.0,0.4,55.0,0.42,35.5,0.43,35.5,0.57,25.5,0.56,30.5,0.58,94.96,0.59,101.67,0.01,0.01,2340.54658,1776344568000
1776344570.224,170.224,0.41,240.0,0.4,55.0,0.42,35.5,0.43,35.5,0.58,35.5,0.57,35.5,0.59,240.0,0.6,55.0,0.01,0.01,2340.655585,1776344569000
1776344571.032,171.032,0.41,305.5,0.4,65.5,0.42,20.0,0.43,20.0,0.58,35.5,0.57,35.5,0.59,240.0,0.6,55.0,0.01,0.01,2340.655585,1776344569000
1776344571.316,171.316,0.41,310.5,0.4,65.5,0.43,30.5,0.44,80.5,0.57,30.5,0.56,80.5,0.59,310.5,0.6,65.5,0.02,0.02,2340.591699,1776344570000
1776344571.746,171.746,0.42,305.0,0.41,65.5,0.44,25.5,0.45,86.5,0.57,30.5,0.56,80.5,0.59,310.5,0.6,65.5,0.02,0.02,2340.591699,1776344570000
1776344572.333,172.333,0.42,305.0,0.41,65.5,0.44,25.5,0.45,86.5,0.56,25.5,0.55,86.5,0.58,305.0,0.59,65.5,0.02,0.02,2340.476555,1776344571000
1776344573.347,173.347,0.42,305.0,0.41,65.5,0.44,25.5,0.45,86.5,0.56,25.5,0.55,86.5,0.58,305.0,0.59,65.5,0.02,0.02,2340.515729,1776344572000
1776344574.303,174.303,0.45,5.0,0.44,10.0,0.47,75.5,0.48,76.0,0.53,75.5,0.52,76.0,0.55,5.0,0.56,10.0,0.02,0.02,2340.605916,1776344573000
1776344575.112,175.112,0.45,429.0,0.44,80.5,0.48,71.0,0.49,65.0,0.53,75.5,0.52,76.0,0.55,5.0,0.56,10.0,0.03,0.02,2340.605916,1776344573000
1776344575.327,175.327,0.45,429.0,0.44,80.5,0.48,71.0,0.49,65.0,0.52,71.0,0.51,65.0,0.55,429.0,0.56,80.5,0.03,0.03,2340.6201,1776344574000
1776344576.274,176.274,0.45,429.0,0.44,80.5,0.48,71.0,0.49,65.0,0.52,71.0,0.51,65.0,0.55,429.0,0.56,80.5,0.03,0.03,2340.543514,1776344575000
1776344577.004,177.004,0.47,52.0,0.46,255.0,0.48,77.39,0.49,65.0,0.52,71.0,0.51,65.0,0.55,429.0,0.56,80.5,0.01,0.03,2340.543514,1776344575000
1776344577.909,177.909,0.47,325.0,0.46,15.0,0.49,70.5,0.5,65.0,0.52,77.39,0.51,65.0,0.53,52.0,0.54,255.0,0.02,0.01,2340.543514,1776344575000
1776344579.136,179.136,0.47,318.0,0.46,15.0,0.48,5.0,0.49,75.5,0.52,5.0,0.51,75.5,0.53,318.0,0.54,15.0,0.01,0.01,2340.594785,1776344577000
1776344579.88,179.88,0.49,9.2,0.48,311.0,0.5,75.5,0.51,75.5,0.5,75.5,0.49,75.5,0.51,9.2,0.52,311.0,0.01,0.01,2340.600687,1776344578000
1776344580.4,180.4,0.47,18.0,0.44,300.0,0.49,75.5,0.5,75.5,0.5,75.5,0.49,75.5,0.51,9.2,0.52,311.0,0.02,0.01,2340.600687,1776344578000
1776344581.277,181.277,0.47,18.0,0.46,5.0,0.48,18.41,0.49,80.5,0.52,18.41,0.51,80.5,0.53,18.0,0.54,5.0,0.01,0.01,2340.729656,1776344580000
1776344581.697,181.697,0.39,50.0,0.38,60.5,0.42,0.3,0.43,5.0,0.52,18.41,0.51,80.5,0.53,18.0,0.54,5.0,0.03,0.01,2340.729656,1776344580000
1776344582.084,182.084,0.38,23.74,0.37,50.0,0.42,6.3,0.43,85.5,0.58,0.3,0.57,5.0,0.61,50.0,0.62,60.5,0.04,0.03,2340.729656,1776344580000
1776344582.478,182.478,0.33,24.0,0.31,35.74,0.35,10.0,0.37,10.0,0.6,5.0,0.59,74.2,0.69,35.74,0.7,88.0,0.02,0.09,2340.729656,1776344580000
1776344582.833,182.833,0.3,28.0,0.29,120.0,0.31,25.5,0.32,15.0,0.65,10.0,0.63,10.0,0.67,24.0,0.69,35.74,0.01,0.02,2340.729656,1776344580000
1776344583.547,183.547,0.3,31.09,0.29,120.0,0.31,20.0,0.32,25.5,0.69,25.5,0.68,15.0,0.7,28.0,0.71,120.0,0.01,0.01,2340.602966,1776344581000
1776344583.761,183.761,0.3,31.09,0.29,120.0,0.31,20.0,0.32,25.5,0.69,20.0,0.68,25.5,0.7,31.09,0.71,120.0,0.01,0.01,2340.506447,1776344582000
1776344583.995,183.995,0.3,26.79,0.29,120.0,0.31,20.0,0.32,25.5,0.69,20.0,0.68,25.5,0.7,31.09,0.71,120.0,0.01,0.01,2340.506447,1776344582000
1776344584.368,184.368,0.3,26.79,0.29,120.0,0.31,20.0,0.32,25.5,0.69,20.0,0.68,25.5,0.7,26.79,0.71,120.0,0.01,0.01,2340.327151,1776344583000
1776344585.14,185.14,0.3,26.79,0.29,120.0,0.31,20.0,0.32,25.5,0.69,20.0,0.68,25.5,0.7,26.79,0.71,120.0,0.01,0.01,2340.266115,1776344584000
1776344586.626,186.626,0.3,26.79,0.29,120.0,0.31,20.0,0.32,25.5,0.69,20.0,0.68,25.5,0.7,26.79,0.71,120.0,0.01,0.01,2340.262065,1776344585000
1776344587.382,187.382,0.3,26.79,0.29,120.0,0.31,20.0,0.32,25.5,0.69,20.0,0.68,25.5,0.7,26.79,0.71,120.0,0.01,0.01,2340.234706,1776344586000
1776344588.272,188.272,0.3,26.79,0.29,120.0,0.31,20.0,0.32,25.5,0.69,20.0,0.68,25.5,0.7,26.79,0.71,120.0,0.01,0.01,2340.199203,1776344587000
1776344589.159,189.159,0.26,9.0,0.23,120.0,0.31,125.5,0.32,75.5,0.69,20.0,0.68,25.5,0.7,26.79,0.71,120.0,0.05,0.01,2340.199203,1776344587000
1776344589.4,189.4,0.27,233.16,0.23,70.0,0.31,182.1,0.32,75.5,0.69,120.1,0.68,75.5,0.77,111.67,0.78,50.0,0.04,0.08,2340.199203,1776344587000
1776344589.75,189.75,0.27,233.16,0.23,70.0,0.3,10.5,0.31,165.5,0.7,10.5,0.69,165.5,0.73,233.16,0.77,70.0,0.03,0.03,2340.212389,1776344588000
1776344589.957,189.957,0.22,22.0,0.2,70.0,0.3,27.5,0.31,126.5,0.7,27.5,0.69,126.5,0.73,1.0,0.78,30.0,0.08,0.03,2340.212389,1776344588000
1776344590.452,190.452,0.22,5.74,0.21,42.0,0.25,16.66,0.27,5.0,0.75,16.66,0.73,5.0,0.78,5.74,0.79,42.0,0.03,0.03,2340.212432,1776344589000
1776344590.679,190.679,0.2,46.25,0.17,120.0,0.21,80.0,0.22,25.5,0.75,16.66,0.73,5.0,0.78,5.74,0.79,42.0,0.01,0.03,2340.212432,1776344589000
1776344591.066,191.066,0.2,41.06,0.17,120.0,0.21,93.0,0.22,25.5,0.79,80.0,0.78,25.5,0.8,46.25,0.83,120.0,0.01,0.01,2340.212432,1776344589000
1776344591.684,191.684,0.2,75.06,0.19,15.0,0.22,12.0,0.23,15.0,0.79,93.0,0.78,25.5,0.8,41.06,0.83,120.0,0.02,0.01,2340.067031,1776344590000
1776344592.058,192.058,0.2,112.31,0.19,56.58,0.21,10.0,0.22,10.0,0.76,40.0,0.75,27.0,0.8,75.06,0.81,15.0,0.01,0.04,2340.067031,1776344590000
1776344592.533,192.533,0.2,107.31,0.19,56.58,0.21,15.0,0.22,10.0,0.79,10.0,0.78,10.0,0.8,112.31,0.81,56.58,0.01,0.01,2340.067031,1776344590000
1776344592.851,192.851,0.2,349.88,0.18,29.5,0.21,19.0,0.22,10.0,0.79,7.0,0.78,10.0,0.8,107.31,0.81,56.58,0.01,0.01,2339.726282,1776344591000
1776344593.244,193.244,0.2,349.88,0.18,29.5,0.21,19.0,0.22,10.0,0.79,19.0,0.78,10.0,0.8,349.88,0.82,29.5,0.01,0.01,2339.743338,1776344592000
1776344593.639,193.639,0.2,409.84,0.19,60.5,0.21,7.0,0.22,15.0,0.79,19.0,0.78,10.0,0.8,349.88,0.82,29.5,0.01,0.01,2339.743338,1776344592000
1776344593.877,193.877,0.2,405.5,0.19,60.5,0.23,24.0,0.24,15.0,0.79,2.0,0.78,15.0,0.8,405.5,0.81,60.5,0.03,0.01,2339.743338,1776344592000
1776344594.592,194.592,0.22,5.0,0.21,290.0,0.24,15.0,0.25,87.5,0.77,24.0,0.76,15.0,0.8,405.5,0.81,60.5,0.02,0.03,2339.743338,1776344592000
1776344595.4,195.4,0.23,286.09,0.22,87.5,0.25,10.0,0.29,71.0,0.76,15.0,0.75,87.5,0.78,5.0,0.79,290.0,0.02,0.02,2339.844044,1776344593000
1776344595.637,195.637,0.23,286.09,0.22,87.5,0.25,10.0,0.29,71.0,0.75,10.0,0.71,71.0,0.77,286.09,0.78,87.5,0.02,0.02,2339.844044,1776344594000
1776344595.939,195.939,0.28,60.0,0.23,306.09,0.29,5.0,0.3,52.55,0.75,10.0,0.71,15.0,0.77,306.09,0.78,87.5,0.01,0.02,2339.844044,1776344594000
1776344596.285,196.285,0.31,23.02,0.29,75.0,0.32,10.0,0.33,19.0,0.7,16.98,0.69,10.0,0.71,65.0,0.72,5.0,0.01,0.01,2339.844044,1776344594000
1776344596.818,196.818,0.31,10.02,0.3,15.0,0.32,10.0,0.33,19.0,0.68,10.0,0.67,19.0,0.69,3.02,0.7,10.0,0.01,0.01,2339.756054,1776344595000
1776344597.418,197.418,0.31,10.02,0.3,15.0,0.33,13.54,0.34,10.0,0.67,13.54,0.66,10.0,0.69,10.02,0.7,15.0,0.02,0.02,2340.203137,1776344596000
1776344598.051,198.051,0.31,10.02,0.3,15.0,0.33,13.54,0.34,10.0,0.67,13.54,0.66,10.0,0.69,10.02,0.7,15.0,0.02,0.02,2340.214396,1776344597000
1776344598.931,198.931,0.31,38.52,0.3,19.0,0.33,22.54,0.34,10.0,0.67,22.54,0.66,10.0,0.69,38.52,0.7,19.0,0.02,0.02,2340.142356,1776344598000
1776344599.662,199.662,0.31,70.52,0.3,29.0,0.32,3.0,0.33,10.0,0.67,22.54,0.66,10.0,0.69,38.52,0.7,19.0,0.01,0.02,2340.142356,1776344598000
1776344600.041,200.041,0.32,10.0,0.31,70.52,0.33,4.0,0.34,10.0,0.67,4.0,0.66,10.0,0.68,10.0,0.69,70.52,0.01,0.01,2340.167062,1776344599000
1776344600.991,200.991,0.32,10.0,0.31,70.52,0.33,4.0,0.34,10.0,0.67,4.0,0.66,10.0,0.68,10.0,0.69,70.52,0.01,0.01,2340.16766,1776344600000
1776344602.103,202.103,0.32,10.0,0.31,70.52,0.33,4.0,0.34,10.0,0.67,4.0,0.66,10.0,0.68,10.0,0.69,70.52,0.01,0.01,2340.167834,1776344601000
1776344602.782,202.782,0.33,19.28,0.32,83.5,0.34,10.0,0.35,10.0,0.67,4.0,0.66,10.0,0.68,10.0,0.69,70.52,0.01,0.01,2340.167834,1776344601000
1776344603.021,203.021,0.33,19.28,0.32,83.5,0.34,10.0,0.35,10.0,0.66,10.0,0.65,10.0,0.67,19.28,0.68,83.5,0.01,0.01,2340.237245,1776344602000
1776344604.058,204.058,0.33,19.28,0.32,83.5,0.34,10.0,0.35,10.0,0.66,10.0,0.65,10.0,0.67,19.28,0.68,83.5,0.01,0.01,2340.171172,1776344603000
1776344605.078,205.078,0.33,19.28,0.32,83.5,0.34,10.0,0.35,10.0,0.66,10.0,0.65,10.0,0.67,19.28,0.68,83.5,0.01,0.01,2340.171024,1776344604000
1776344606.019,206.019,0.33,19.28,0.32,83.5,0.34,10.0,0.35,10.0,0.66,10.0,0.65,10.0,0.67,19.28,0.68,83.5,0.01,0.01,2340.218755,1776344605000
1776344606.471,206.471,0.31,10.02,0.3,60.5,0.32,13.84,0.33,10.0,0.66,10.0,0.65,10.0,0.67,19.28,0.68,83.5,0.01,0.01,2340.218755,1776344605000
1776344606.69,206.69,0.31,84.02,0.3,60.5,0.32,43.84,0.33,10.0,0.68,13.84,0.67,10.0,0.69,10.02,0.7,60.5,0.01,0.01,2340.218755,1776344605000
1776344607.055,207.055,0.31,84.02,0.3,60.5,0.32,43.84,0.33,10.0,0.68,43.84,0.67,10.0,0.69,84.02,0.7,60.5,0.01,0.01,2340.223846,1776344606000
1776344607.302,207.302,0.31,99.52,0.3,70.5,0.34,10.0,0.35,16.0,0.68,43.84,0.67,10.0,0.69,84.02,0.7,60.5,0.03,0.01,2340.223846,1776344606000
1776344608.01,208.01,0.31,99.52,0.3,70.5,0.34,10.0,0.35,16.0,0.66,10.0,0.65,16.0,0.69,99.52,0.7,70.5,0.03,0.03,2340.150623,1776344607000
1776344608.518,208.518,0.35,10.0,0.34,30.5,0.41,44.51,0.43,50.0,0.66,10.0,0.65,16.0,0.69,99.52,0.7,70.5,0.06,0.03,2340.150623,1776344607000
1776344609.015,209.015,0.38,35.5,0.37,20.0,0.4,10.57,0.41,23.0,0.6,1.0,0.59,52.51,0.62,5.0,0.63,10.0,0.02,0.02,2340.150623,1776344607000
1776344610.072,210.072,0.39,5.08,0.38,121.5,0.4,20.57,0.41,10.0,0.6,15.57,0.59,23.0,0.62,57.5,0.63,20.0,0.01,0.02,2340.202804,1776344608000
1776344610.654,210.654,0.39,5.08,0.38,29.0,0.4,36.47,0.41,10.0,0.6,36.47,0.59,10.0,0.61,5.08,0.62,29.0,0.01,0.01,2340.234148,1776344609000
1776344611.294,211.294,0.39,5.08,0.38,29.0,0.4,36.47,0.41,10.0,0.6,36.47,0.59,10.0,0.61,5.08,0.62,29.0,0.01,0.01,2340.403295,1776344610000
1776344611.566,211.566,0.39,8.27,0.38,24.0,0.4,36.47,0.41,66.0,0.6,36.47,0.59,10.0,0.61,5.08,0.62,29.0,0.01,0.01,2340.403295,1776344610000
1776344612.232,212.232,0.39,8.19,0.31,16.82,0.4,76.97,0.41,196.5,0.6,36.47,0.59,66.0,0.61,8.27,0.62,24.0,0.01,0.01,2340.403295,1776344610000
1776344612.523,212.523,0.17,25.5,0.16,126.8,0.29,5.78,0.3,125.0,0.69,5.0,0.68,35.0,0.71,59.22,0.75,30.0,0.12,0.02,2340.326348,1776344611000
1776344612.873,212.873,0.17,25.5,0.16,143.8,0.18,3.27,0.19,15.0,0.71,5.78,0.7,125.0,0.83,25.5,0.84,126.8,0.01,0.12,2340.326348,1776344611000
1776344613.087,213.087,0.17,24.29,0.16,143.8,0.18,3.27,0.19,15.0,0.82,3.27,0.81,15.0,0.83,25.5,0.84,143.8,0.01,0.01,2340.326348,1776344611000
1776344613.478,213.478,0.17,84.12,0.16,87.3,0.18,14.0,0.19,15.0,0.82,2.0,0.81,15.0,0.83,75.0,0.84,76.8,0.01,0.01,2340.326348,1776344612000
1776344613.684,213.684,0.17,89.12,0.16,87.3,0.18,3.66,0.19,16.63,0.81,11.63,0.8,17.0,0.83,84.12,0.84,87.3,0.01,0.02,2340.326348,1776344612000
1776344614.254,214.254,0.17,63.63,0.14,10.5,0.18,40.66,0.19,77.13,0.82,3.66,0.81,16.63,0.83,89.12,0.84,87.3,0.01,0.01,2340.326348,1776344612000
1776344614.554,214.554,0.16,40.0,0.14,10.5,0.17,17.0,0.18,18.66,0.82,45.66,0.81,77.13,0.86,10.5,0.87,31.8,0.01,0.04,2340.022858,1776344613000
1776344614.885,214.885,0.16,37.85,0.15,70.0,0.17,17.0,0.18,18.66,0.83,17.0,0.82,18.66,0.84,37.85,0.85,70.0,0.01,0.01,2339.836276,1776344614000
1776344615.139,215.139,0.16,32.85,0.15,70.0,0.17,37.0,0.18,29.16,0.83,17.0,0.82,18.66,0.84,37.85,0.85,70.0,0.01,0.01,2339.836276,1776344614000
1776344615.462,215.462,0.16,11.0,0.15,70.0,0.17,32.0,0.18,29.16,0.83,37.0,0.82,29.16,0.84,15.61,0.85,70.0,0.01,0.01,2339.836276,1776344614000
1776344615.917,215.917,0.16,11.0,0.15,70.0,0.17,32.0,0.18,29.16,0.83,37.0,0.82,29.16,0.84,11.0,0.85,70.0,0.01,0.01,2339.707209,1776344615000
1776344616.128,216.128,0.16,4.85,0.15,70.0,0.17,26.11,0.18,18.66,0.83,26.11,0.82,18.66,0.84,11.0,0.85,70.0,0.01,0.01,2339.707209,1776344615000
1776344616.345,216.345,0.15,70.0,0.14,10.5,0.17,21.11,0.18,18.66,0.83,26.11,0.82,18.66,0.84,4.85,0.85,70.0,0.02,0.01,2339.707209,1776344615000
1776344616.789,216.789,0.15,69.11,0.14,20.5,0.16,10.0,0.17,21.11,0.83,21.11,0.82,18.66,0.85,70.0,0.86,10.5,0.01,0.02,2339.707209,1776344615000
1776344617.007,217.007,0.15,53.11,0.14,20.5,0.16,10.0,0.17,21.11,0.84,10.0,0.83,21.11,0.85,53.11,0.86,20.5,0.01,0.01,2339.49986,1776344616000
1776344617.836,217.836,0.15,56.67,0.14,10.5,0.16,8.75,0.17,21.11,0.84,3.75,0.83,21.11,0.85,58.11,0.86,20.5,0.01,0.01,2339.49986,1776344616000
1776344618.071,218.071,0.15,56.67,0.14,10.5,0.16,8.75,0.17,21.11,0.84,8.75,0.83,21.11,0.85,56.67,0.86,10.5,0.01,0.01,2339.67322,1776344617000
1776344618.465,218.465,0.15,29.64,0.13,31.8,0.16,9.5,0.17,14.11,0.84,9.5,0.83,14.11,0.85,53.17,0.87,31.8,0.01,0.01,2339.67322,1776344617000
1776344619.091,219.091,0.15,45.14,0.14,10.5,0.16,7.0,0.17,14.11,0.84,7.0,0.83,14.11,0.85,45.14,0.86,10.5,0.01,0.01,2339.544143,1776344618000
1776344619.56,219.56,0.15,37.14,0.14,10.5,0.16,17.0,0.17,14.11,0.84,7.0,0.83,14.11,0.85,45.14,0.86,10.5,0.01,0.01,2339.544143,1776344618000
1776344619.788,219.788,0.15,37.14,0.14,10.5,0.16,10.75,0.17,14.11,0.84,17.0,0.83,14.11,0.85,37.14,0.86,10.5,0.01,0.01,2339.544143,1776344618000
1776344620.166,220.166,0.15,37.14,0.14,10.5,0.16,2.75,0.17,14.11,0.84,2.75,0.83,14.11,0.85,37.14,0.86,10.5,0.01,0.01,2339.62473,1776344619000
1776344620.393,220.393,0.15,19.54,0.14,10.5,0.16,2.75,0.17,14.11,0.84,2.75,0.83,14.11,0.85,32.14,0.86,10.5,0.01,0.01,2339.62473,1776344619000
1776344621.154,221.154,0.15,13.54,0.13,10.5,0.17,4.93,0.18,18.66,0.84,2.75,0.83,14.11,0.85,19.54,0.86,10.5,0.02,0.01,2339.62473,1776344619000
1776344621.674,221.674,0.15,13.54,0.13,42.3,0.16,8.75,0.17,11.93,0.83,4.93,0.82,18.66,0.85,13.54,0.87,10.5,0.01,0.02,2339.551901,1776344620000
1776344622.026,222.026,0.15,13.54,0.13,42.3,0.16,82.62,0.17,22.43,0.83,22.43,0.82,83.59,0.85,13.54,0.87,42.3,0.01,0.02,2339.551901,1776344620000
1776344622.28,222.28,0.15,7.54,0.13,42.3,0.16,82.62,0.17,22.43,0.84,82.62,0.83,22.43,0.85,7.54,0.87,42.3,0.01,0.01,2339.586137,1776344621000
1776344622.635,222.635,0.15,7.54,0.13,42.3,0.16,76.37,0.17,22.43,0.84,82.62,0.83,22.43,0.85,7.54,0.87,42.3,0.01,0.01,2339.586137,1776344621000
1776344622.916,222.916,0.12,85.5,0.11,146.79,0.13,37.26,0.14,10.0,0.84,81.37,0.83,11.93,0.88,94.6,0.89,156.79,0.01,0.04,2339.586137,1776344621000
1776344623.117,223.117,0.12,85.5,0.11,146.79,0.13,29.56,0.14,10.0,0.87,37.26,0.86,10.0,0.88,85.5,0.89,146.79,0.01,0.01,2339.586137,1776344621000
1776344623.427,223.427,0.12,85.5,0.11,146.79,0.13,29.56,0.14,10.0,0.87,29.56,0.86,10.0,0.88,85.5,0.89,146.79,0.01,0.01,2339.555354,1776344622000
1776344623.699,223.699,0.12,15.0,0.1,30.0,0.13,66.86,0.14,15.0,0.87,29.56,0.86,10.0,0.88,85.5,0.89,146.79,0.01,0.01,2339.555354,1776344622000
1776344624.176,224.176,0.08,70.9,0.07,79.3,0.1,15.0,0.11,22.0,0.87,105.86,0.86,70.0,0.91,55.75,0.92,70.9,0.02,0.04,2339.555354,1776344622000
1776344624.408,224.408,0.08,70.9,0.07,79.3,0.1,5.0,0.11,22.0,0.9,5.0,0.89,22.0,0.92,70.9,0.93,79.3,0.02,0.02,2339.537962,1776344623000
1776344624.688,224.688,0.08,22.0,0.07,79.3,0.09,72.88,0.1,10.0,0.9,17.0,0.89,22.0,0.92,70.9,0.93,79.3,0.01,0.02,2339.537962,1776344623000
1776344624.925,224.925,0.07,79.3,0.06,89.8,0.09,74.88,0.1,15.0,0.91,74.88,0.9,15.0,0.93,79.3,0.94,89.8,0.02,0.02,2339.540001,1776344624000
1776344625.178,225.178,0.07,84.3,0.06,89.8,0.09,54.48,0.1,65.0,0.92,0.8,0.91,64.88,0.93,79.3,0.94,89.8,0.02,0.01,2339.540001,1776344624000
1776344625.684,225.684,0.07,79.3,0.06,189.8,0.08,66.5,0.09,94.99,0.91,44.99,0.9,65.0,0.93,84.3,0.94,89.8,0.01,0.02,2339.540001,1776344624000
1776344625.919,225.919,0.07,76.56,0.06,189.8,0.08,66.5,0.09,94.99,0.92,66.5,0.91,94.99,0.93,76.56,0.94,189.8,0.01,0.01,2339.283403,1776344625000
1776344626.172,226.172,0.07,76.56,0.06,189.8,0.08,149.0,0.09,194.99,0.92,66.5,0.91,94.99,0.93,76.56,0.94,189.8,0.01,0.01,2339.283403,1776344625000
1776344626.662,226.662,0.07,81.56,0.06,189.8,0.08,91.0,0.09,215.99,0.92,149.0,0.91,194.99,0.93,76.56,0.94,189.8,0.01,0.01,2339.283403,1776344625000
1776344626.93,226.93,0.07,81.56,0.06,189.8,0.08,78.5,0.09,215.99,0.92,78.5,0.91,215.99,0.93,81.56,0.94,189.8,0.01,0.01,2339.264023,1776344626000
1776344627.148,227.148,0.08,3.0,0.07,81.56,0.09,99.99,0.1,89.0,0.92,78.5,0.91,215.99,0.93,81.56,0.94,189.8,0.01,0.01,2339.264023,1776344626000
1776344627.666,227.666,0.08,8.0,0.07,81.56,0.09,122.75,0.1,89.0,0.91,88.87,0.9,89.0,0.92,3.0,0.93,81.56,0.01,0.01,2339.264023,1776344626000
1776344627.969,227.969,0.08,8.0,0.07,81.56,0.09,122.75,0.1,89.0,0.91,122.75,0.9,89.0,0.92,8.0,0.93,81.56,0.01,0.01,2339.133619,1776344627000
1776344628.236,228.236,0.07,81.56,0.06,89.8,0.09,112.75,0.1,89.0,0.91,112.75,0.9,89.0,0.92,2.98,0.93,81.56,0.02,0.01,2339.133619,1776344627000
1776344628.847,228.847,0.07,7.26,0.06,89.8,0.08,108.0,0.09,73.75,0.91,112.75,0.9,89.0,0.93,81.56,0.94,89.8,0.01,0.02,2339.133619,1776344627000
1776344629.212,229.212,0.07,2.84,0.06,89.8,0.08,148.0,0.09,102.75,0.92,108.0,0.91,73.75,0.93,7.26,0.94,89.8,0.01,0.01,2339.151018,1776344628000
1776344630.097,230.097,0.07,2.84,0.06,89.8,0.08,148.0,0.09,102.75,0.92,148.0,0.91,102.75,0.93,2.84,0.94,89.8,0.01,0.01,2339.220828,1776344629000
1776344630.322,230.322,0.06,189.8,0.05,138.04,0.08,167.0,0.09,102.75,0.92,148.0,0.91,102.75,0.93,2.84,0.94,89.8,0.02,0.01,2339.220828,1776344629000
1776344630.699,230.699,0.06,294.8,0.05,238.04,0.07,71.0,0.08,132.0,0.92,167.0,0.91,102.75,0.94,189.8,0.95,138.04,0.01,0.02,2339.220828,1776344629000
1776344631.109,231.109,0.06,294.8,0.05,238.04,0.07,71.0,0.08,132.0,0.93,71.0,0.92,132.0,0.94,294.8,0.95,238.04,0.01,0.01,2339.143573,1776344630000
1776344631.464,231.464,0.06,116.0,0.05,62.24,0.07,152.0,0.08,123.0,0.93,71.0,0.92,132.0,0.94,294.8,0.95,238.04,0.01,0.01,2339.143573,1776344630000
1776344632.296,232.296,0.06,116.0,0.05,62.24,0.07,152.0,0.08,123.0,0.93,152.0,0.92,123.0,0.94,116.0,0.95,62.24,0.01,0.01,2338.963124,1776344631000
1776344632.687,232.687,0.06,119.93,0.05,62.24,0.07,142.0,0.08,232.59,0.93,152.0,0.92,123.0,0.94,116.0,0.95,62.24,0.01,0.01,2338.963124,1776344631000
1776344633.322,233.322,0.06,119.93,0.05,62.24,0.07,142.0,0.08,232.59,0.93,142.0,0.92,232.59,0.94,119.93,0.95,62.24,0.01,0.01,2338.813006,1776344632000
1776344633.775,233.775,0.06,93.93,0.05,62.24,0.07,256.0,0.08,145.0,0.93,216.0,0.92,145.0,0.94,98.93,0.95,62.24,0.01,0.01,2338.813006,1776344632000
1776344634.848,234.848,0.06,92.86,0.05,62.24,0.07,247.42,0.08,145.0,0.93,256.0,0.92,145.0,0.94,92.86,0.95,62.24,0.01,0.01,2338.727429,1776344633000
1776344635.276,235.276,0.06,68.23,0.05,62.24,0.07,247.42,0.08,145.0,0.93,252.42,0.92,145.0,0.94,88.23,0.95,62.24,0.01,0.01,2338.617794,1776344634000
1776344636.019,236.019,0.06,70.03,0.05,62.24,0.07,252.42,0.08,145.0,0.93,252.42,0.92,145.0,0.94,70.03,0.95,62.24,0.01,0.01,2338.728053,1776344635000
1776344637.054,237.054,0.06,70.03,0.05,62.24,0.07,252.42,0.08,145.0,0.93,252.42,0.92,145.0,0.94,70.03,0.95,62.24,0.01,0.01,2338.728464,1776344636000
1776344637.616,237.616,0.06,56.96,0.05,62.24,0.07,283.42,0.08,298.91,0.93,252.42,0.92,145.0,0.94,70.03,0.95,62.24,0.01,0.01,2338.728464,1776344636000
1776344638.074,238.074,0.06,56.32,0.05,62.24,0.07,243.42,0.08,245.01,0.93,283.42,0.92,298.91,0.94,56.96,0.95,62.24,0.01,0.01,2338.728464,1776344636000
1776344638.344,238.344,0.06,23.45,0.05,62.24,0.07,213.42,0.08,245.01,0.93,213.42,0.92,245.01,0.94,23.45,0.95,62.24,0.01,0.01,2338.72951,1776344637000
1776344638.846,238.846,0.06,23.45,0.05,62.24,0.07,213.42,0.08,245.01,0.93,213.42,0.92,245.01,0.94,23.45,0.95,62.24,0.01,0.01,2338.715933,1776344638000
1776344639.312,239.312,0.06,18.45,0.05,62.24,0.07,182.46,0.08,298.85,0.93,213.42,0.92,245.01,0.94,23.45,0.95,62.24,0.01,0.01,2338.715933,1776344638000
1776344639.976,239.976,0.06,10.45,0.05,62.24,0.07,177.46,0.08,298.85,0.93,177.46,0.92,298.85,0.94,10.45,0.95,62.24,0.01,0.01,2338.733788,1776344639000
1776344640.634,240.634,0.06,4.13,0.05,62.24,0.07,366.34,0.08,158.9,0.93,177.46,0.92,298.85,0.94,10.45,0.95,62.24,0.01,0.01,2338.733788,1776344639000
1776344641.141,241.141,0.06,4.13,0.05,62.24,0.07,366.34,0.08,158.9,0.93,366.34,0.92,158.9,0.94,4.13,0.95,62.24,0.01,0.01,2338.766006,1776344640000
1776344641.412,241.412,0.05,56.73,0.04,150.0,0.07,366.34,0.08,158.9,0.93,366.34,0.92,158.9,0.94,4.13,0.95,62.24,0.02,0.01,2338.766006,1776344640000
1776344641.847,241.847,0.05,51.73,0.04,150.0,0.06,207.0,0.07,197.34,0.93,366.34,0.92,158.9,0.95,56.73,0.96,150.0,0.01,0.02,2338.766006,1776344640000
1776344642.131,242.131,0.05,37.25,0.04,150.0,0.06,207.0,0.07,262.64,0.94,207.0,0.93,197.34,0.95,46.73,0.96,150.0,0.01,0.01,2338.767245,1776344641000
1776344643.218,243.218,0.05,37.25,0.04,150.0,0.06,207.0,0.07,262.64,0.94,207.0,0.93,262.64,0.95,37.25,0.96,150.0,0.01,0.01,2338.7741,1776344642000
1776344643.421,243.421,0.05,33.83,0.04,50.0,0.06,328.8,0.07,262.64,0.94,333.8,0.93,262.64,0.95,35.94,0.96,50.0,0.01,0.01,2338.7741,1776344642000
1776344644.45,244.45,0.05,33.83,0.04,50.0,0.06,328.8,0.07,262.64,0.94,328.8,0.93,262.64,0.95,33.83,0.96,50.0,0.01,0.01,2338.812099,1776344643000
1776344645.249,245.249,0.05,16.41,0.04,50.0,0.06,328.8,0.07,167.45,0.94,328.8,0.93,262.64,0.95,33.83,0.96,50.0,0.01,0.01,2338.812099,1776344643000
1776344645.535,245.535,0.05,18.33,0.04,50.0,0.06,328.8,0.07,172.45,0.94,328.8,0.93,172.45,0.95,18.33,0.96,50.0,0.01,0.01,2338.779526,1776344644000
1776344646.044,246.044,0.05,18.33,0.04,50.0,0.06,328.8,0.07,172.45,0.94,328.8,0.93,172.45,0.95,18.33,0.96,50.0,0.01,0.01,2338.779464,1776344645000
1776344646.585,246.585,0.04,50.0,0.03,149.0,0.06,425.8,0.07,96.76,0.94,328.8,0.93,172.45,0.95,18.33,0.96,50.0,0.02,0.01,2338.779464,1776344645000
1776344647.178,247.178,0.04,50.0,0.03,149.0,0.06,425.8,0.07,96.76,0.94,425.8,0.93,96.76,0.96,50.0,0.97,149.0,0.02,0.02,2338.807758,1776344646000
1776344648.272,248.272,0.04,48.95,0.03,149.0,0.05,503.8,0.06,306.84,0.95,503.8,0.94,306.84,0.96,48.95,0.97,149.0,0.01,0.01,2338.722939,1776344647000
1776344648.561,248.561,0.04,43.95,0.03,149.0,0.05,468.8,0.06,275.71,0.95,503.8,0.94,306.84,0.96,48.95,0.97,149.0,0.01,0.01,2338.722939,1776344647000
1776344648.84,248.84,0.04,43.95,0.03,149.0,0.05,468.8,0.06,275.71,0.95,468.8,0.94,275.71,0.96,43.95,0.97,149.0,0.01,0.01,2338.61239,1776344648000
1776344649.169,249.169,0.04,39.01,0.03,149.0,0.05,468.8,0.06,275.71,0.95,473.8,0.94,275.71,0.96,41.62,0.97,149.0,0.01,0.01,2338.61239,1776344648000
1776344650.068,250.068,0.04,33.8,0.03,149.0,0.05,498.8,0.06,287.88,0.95,468.8,0.94,275.71,0.96,39.01,0.97,149.0,0.01,0.01,2338.61239,1776344648000
1776344650.438,250.438,0.04,2.64,0.03,149.0,0.05,479.29,0.06,287.88,0.95,489.29,0.94,287.88,0.96,12.96,0.97,149.0,0.01,0.01,2338.438631,1776344649000
1776344650.687,250.687,0.03,50.64,0.02,290.0,0.05,484.29,0.06,287.88,0.95,479.29,0.94,287.88,0.96,2.64,0.97,149.0,0.02,0.01,2338.438631,1776344649000
1776344651.015,251.015,0.03,26.95,0.02,290.0,0.04,468.31,0.05,268.29,0.96,416.31,0.95,271.29,0.97,47.57,0.98,290.0,0.01,0.01,2338.438631,1776344649000
1776344651.414,251.414,0.03,6.95,0.02,290.0,0.04,563.01,0.05,211.29,0.96,464.45,0.95,268.29,0.97,11.95,0.98,290.0,0.01,0.01,2338.481479,1776344650000
1776344652.179,252.179,0.02,276.84,0.01,1934.14,0.03,430.24,0.04,223.7,0.96,563.01,0.95,211.29,0.98,276.84,0.99,1962.14,0.01,0.02,2338.481479,1776344650000
1776344653.175,253.175,0.02,276.84,0.01,1934.14,0.03,441.42,0.04,218.7,0.97,441.42,0.96,218.7,0.98,276.84,0.99,1934.14,0.01,0.01,2338.26229,1776344652000
1776344653.387,253.387,0.02,281.84,0.01,1934.14,0.03,543.29,0.04,218.7,0.97,441.42,0.96,218.7,0.98,276.84,0.99,1934.14,0.01,0.01,2338.26229,1776344652000
1776344654.105,254.105,0.02,272.74,0.01,1934.14,0.03,543.35,0.04,218.7,0.97,537.2,0.96,218.7,0.98,279.79,0.99,1934.14,0.01,0.01,2338.26229,1776344652000
1776344654.441,254.441,0.02,267.74,0.01,1934.14,0.03,558.65,0.04,218.7,0.97,558.65,0.96,218.7,0.98,267.74,0.99,1934.14,0.01,0.01,2338.189808,1776344653000
1776344654.652,254.652,0.02,265.69,0.01,1934.14,0.03,553.65,0.04,218.7,0.97,558.65,0.96,218.7,0.98,267.74,0.99,1934.14,0.01,0.01,2338.189808,1776344653000
1776344655.057,255.057,0.02,265.69,0.01,1934.14,0.03,553.65,0.04,218.7,0.97,553.65,0.96,218.7,0.98,265.69,0.99,1934.14,0.01,0.01,2338.19125,1776344654000
1776344655.257,255.257,0.02,259.52,0.01,1934.14,0.03,558.65,0.04,218.7,0.97,558.65,0.96,218.7,0.98,260.55,0.99,1934.14,0.01,0.01,2338.19125,1776344654000
1776344655.466,255.466,0.02,255.4,0.01,1934.14,0.03,548.35,0.04,218.7,0.97,543.35,0.96,218.7,0.98,256.43,0.99,1934.14,0.01,0.01,2338.19125,1776344654000
1776344655.702,255.702,0.02,144.25,0.01,1934.14,0.03,558.35,0.04,218.7,0.97,558.35,0.96,218.7,0.98,146.3,0.99,1934.14,0.01,0.01,2338.19125,1776344654000
1776344656.193,256.193,0.02,41.17,0.01,1934.14,0.03,553.35,0.04,218.7,0.97,553.35,0.96,218.7,0.98,41.17,0.99,1934.14,0.01,0.01,2338.212259,1776344655000
1776344656.709,256.709,0.02,23.86,0.01,1834.14,0.03,581.3,0.04,207.7,0.97,568.35,0.96,218.7,0.98,34.06,0.99,1934.14,0.01,0.01,2338.212259,1776344655000
1776344657.212,257.212,0.01,1880.11,,,0.02,405.89,0.03,406.31,0.97,581.3,0.96,207.7,0.99,1832.11,,,0.01,0.02,2338.212259,1776344655000
1776344657.761,257.761,0.01,1672.08,,,0.02,442.89,0.03,396.31,0.98,457.89,0.97,406.31,0.99,1723.08,,,0.01,0.01,2338.192899,1776344656000
1776344657.989,257.989,0.01,1667.05,,,0.02,447.89,0.03,396.31,0.98,442.89,0.97,396.31,0.99,1665.05,,,0.01,0.01,2338.192899,1776344656000
1776344658.215,258.215,0.01,1561.04,,,0.02,442.89,0.03,396.31,0.98,447.89,0.97,396.31,0.99,1667.05,,,0.01,0.01,2338.192899,1776344656000
1776344658.455,258.455,0.01,1559.01,,,0.02,447.89,0.03,391.31,0.98,447.89,0.97,391.31,0.99,1559.01,,,0.01,0.01,2338.074841,1776344657000
1776344658.79,258.79,0.01,1546.78,,,0.02,452.89,0.03,391.31,0.98,447.89,0.97,391.31,0.99,1552.8,,,0.01,0.01,2338.074841,1776344657000
1776344659.02,259.02,0.01,1547.75,,,0.02,452.89,0.03,391.31,0.98,452.89,0.97,391.31,0.99,1547.75,,,0.01,0.01,2338.057534,1776344658000
1776344659.421,259.421,0.01,1541.73,,,0.02,447.89,0.03,391.31,0.98,452.89,0.97,391.31,0.99,1547.75,,,0.01,0.01,2338.057534,1776344658000
1776344659.968,259.968,0.01,1539.61,,,0.02,452.89,0.03,391.31,0.98,452.89,0.97,391.31,0.99,1541.64,,,0.01,0.01,2338.057534,1776344658000
1776344660.215,260.215,0.01,1539.61,,,0.02,452.89,0.03,391.31,0.98,452.89,0.97,391.31,0.99,1539.61,,,0.01,0.01,2338.060499,1776344659000
1776344660.524,260.524,0.01,1501.47,,,0.02,447.89,0.03,396.31,0.98,452.89,0.97,391.31,0.99,1508.5,,,0.01,0.01,2338.060499,1776344659000
1776344660.75,260.75,0.01,1493.37,,,0.02,447.89,0.03,396.31,0.98,447.89,0.97,396.31,0.99,1499.39,,,0.01,0.01,2338.060499,1776344659000
1776344660.975,260.975,0.01,1474.17,,,0.02,447.89,0.03,396.31,0.98,447.89,0.97,396.31,0.99,1481.19,,,0.01,0.01,2338.060499,1776344659000
1776344661.294,261.294,0.01,1446.84,,,0.02,437.69,0.03,396.31,0.98,437.69,0.97,396.31,0.99,1446.84,,,0.01,0.01,2338.06114,1776344660000
1776344661.998,261.998,0.01,1410.77,,,0.02,452.89,0.03,398.31,0.98,437.69,0.97,396.31,0.99,1446.84,,,0.01,0.01,2338.06114,1776344660000
1776344662.526,262.526,0.01,1391.53,,,0.02,452.89,0.03,398.31,0.98,452.89,0.97,398.31,0.99,1391.53,,,0.01,0.01,2338.08198,1776344661000
1776344663.016,263.016,0.01,1308.8,,,0.02,452.89,0.03,403.31,0.98,452.89,0.97,398.31,0.99,1391.53,,,0.01,0.01,2338.08198,1776344661000
1776344663.397,263.397,0.01,1113.8,,,0.02,452.89,0.03,403.31,0.98,457.89,0.97,403.31,0.99,1214.8,,,0.01,0.01,2338.081345,1776344662000
1776344663.846,263.846,0.01,1010.8,,,0.02,452.89,0.03,403.31,0.98,452.89,0.97,403.31,0.99,1012.8,,,0.01,0.01,2338.081345,1776344662000
1776344664.185,264.185,,,,,0.01,1519.2,0.02,452.89,0.99,1519.2,0.98,452.89,,,,,,,2338.042344,1776344663000
1776344664.508,264.508,,,,,0.01,1583.86,0.02,395.69,0.99,1519.2,0.98,452.89,,,,,,,2338.042344,1776344663000
1776344664.776,264.776,,,,,0.01,1479.15,0.02,395.69,0.99,1569.05,0.98,395.69,,,,,,,2338.042344,1776344663000
1776344665.221,265.221,,,,,0.01,1479.15,0.02,395.69,0.99,1479.15,0.98,395.69,,,,,,,2338.054015,1776344664000
1776344666.39,266.39,,,,,0.01,1479.15,0.02,395.69,0.99,1479.15,0.98,395.69,,,,,,,2338.114116,1776344665000
1776344667.026,267.026,,,,,0.01,1479.15,0.02,395.69,0.99,1479.15,0.98,395.69,,,,,,,2338.113361,1776344666000
1776344668.224,268.224,,,,,0.01,1479.15,0.02,395.69,0.99,1479.15,0.98,395.69,,,,,,,2338.119161,1776344667000
1776344669.771,269.771,,,,,0.01,1479.15,0.02,395.69,0.99,1479.15,0.98,395.69,,,,,,,2338.145801,1776344668000
1776344670.597,270.597,,,,,0.01,1479.15,0.02,395.69,0.99,1479.15,0.98,395.69,,,,,,,2338.125228,1776344669000
1776344670.954,270.954,,,,,0.01,1488.95,0.02,367.69,0.99,1479.15,0.98,395.69,,,,,,,2338.125228,1776344669000
1776344671.398,271.398,,,,,0.01,1488.95,0.02,367.69,0.99,1488.95,0.98,367.69,,,,,,,2338.196497,1776344670000
1776344672.23,272.23,,,,,0.01,1488.95,0.02,367.69,0.99,1488.95,0.98,367.69,,,,,,,2338.189189,1776344671000
1776344673.597,273.597,,,,,0.01,1530.28,0.02,357.69,0.99,1548.97,0.98,357.69,,,,,,,2338.189189,1776344671000
1776344673.842,273.842,,,,,0.01,1530.28,0.02,357.69,0.99,1530.28,0.98,357.69,,,,,,,2338.190396,1776344672000
1776344674.45,274.45,,,,,0.01,1530.28,0.02,357.69,0.99,1530.28,0.98,357.69,,,,,,,2338.192771,1776344673000
1776344675.14,275.14,,,,,0.01,1530.28,0.02,357.69,0.99,1530.28,0.98,357.69,,,,,,,2338.194663,1776344674000
1776344676.52,276.52,,,,,0.01,1530.28,0.02,357.69,0.99,1530.28,0.98,357.69,,,,,,,2338.193752,1776344675000
1776344677.595,277.595,,,,,0.01,1530.28,0.02,357.69,0.99,1530.28,0.98,357.69,,,,,,,2338.224788,1776344676000
1776344678.599,278.599,,,,,0.01,1530.28,0.02,357.69,0.99,1530.28,0.98,357.69,,,,,,,2338.198446,1776344677000
1776344679.424,279.424,,,,,0.01,1530.28,0.02,357.69,0.99,1530.28,0.98,357.69,,,,,,,2338.193658,1776344678000
1776344680.152,280.152,,,,,0.01,1530.28,0.02,357.69,0.99,1530.28,0.98,357.69,,,,,,,2338.259976,1776344679000
1776344681.641,281.641,,,,,0.01,1530.28,0.02,357.69,0.99,1530.28,0.98,357.69,,,,,,,2338.198664,1776344680000
1776344682.444,282.444,,,,,0.01,1530.28,0.02,357.69,0.99,1530.28,0.98,357.69,,,,,,,2338.198664,1776344681000
1776344683.134,283.134,,,,,0.01,1530.28,0.02,357.69,0.99,1530.28,0.98,357.69,,,,,,,2338.199012,1776344682000
1776344684.597,284.597,,,,,0.01,1530.28,0.02,357.69,0.99,1530.28,0.98,357.69,,,,,,,2338.205467,1776344683000
1776344685.248,285.248,,,,,0.01,1530.28,0.02,357.69,0.99,1530.28,0.98,357.69,,,,,,,2338.205467,1776344684000
1776344686.883,286.883,,,,,0.01,1530.28,0.02,357.69,0.99,1530.28,0.98,357.69,,,,,,,2338.254105,1776344685000
1776344687.766,287.766,,,,,0.01,1530.28,0.02,357.69,0.99,1530.28,0.98,357.69,,,,,,,2338.258279,1776344686000
1776344688.402,288.402,,,,,0.01,1530.28,0.02,357.69,0.99,1530.28,0.98,357.69,,,,,,,2338.20794,1776344687000
1776344689.249,289.249,,,,,0.01,1530.28,0.02,357.69,0.99,1530.28,0.98,357.69,,,,,,,2338.187003,1776344688000
1776344694.296,294.296,,,,,0.01,5939.39,0.02,328.99,0.99,1530.28,0.98,357.69,,,,,,,2338.660276,1776344693000

# RESULT,winner=Down,slug=eth-updown-5m-1776344400,ticks=532
