timestamp,elapsed_sec,up_bid_p1,up_bid_s1,up_bid_p2,up_bid_s2,up_ask_p1,up_ask_s1,up_ask_p2,up_ask_s2,down_bid_p1,down_bid_s1,down_bid_p2,down_bid_s2,down_ask_p1,down_ask_s1,down_ask_p2,down_ask_s2,up_spread,down_spread,eth_price,eth_oracle_ts
1776258900.776,0.776,0.46,152.65,0.4,38.0,0.48,5.0,0.5,84.76,0.52,5.0,0.5,84.76,0.53,7.32,0.54,176.0,0.02,0.01,2332.33155,1776258899000
1776258901.098,1.098,0.46,147.65,0.4,38.0,0.5,81.76,0.51,6.31,0.52,5.0,0.5,84.76,0.54,152.65,0.6,38.0,0.04,0.02,2332.33155,1776258899000
1776258902.096,2.096,0.49,10.0,0.46,15.0,0.5,71.76,0.51,6.31,0.5,81.76,0.49,6.31,0.54,147.65,0.64,13.89,0.01,0.04,2332.33155,1776258899000
1776258902.441,2.441,0.49,39.03,0.48,13.0,0.5,71.76,0.51,6.31,0.5,66.76,0.49,6.31,0.51,10.0,0.52,13.0,0.01,0.01,2332.19892,1776258900000
1776258904.104,4.104,0.49,104.13,0.48,83.0,0.5,61.76,0.51,16.41,0.5,71.76,0.49,6.31,0.51,39.03,0.52,13.0,0.01,0.01,2332.045137,1776258902000
1776258904.664,4.664,0.52,65.0,0.51,75.0,0.53,60.0,0.54,88.0,0.47,10.0,0.46,28.0,0.51,114.13,0.52,83.0,0.01,0.04,2332.045137,1776258902000
1776258905.585,5.585,0.52,70.0,0.51,80.0,0.53,63.11,0.54,88.0,0.47,60.0,0.46,88.0,0.48,65.0,0.49,75.0,0.01,0.01,2332.3356,1776258904000
1776258906.73,6.73,0.53,7.08,0.52,85.0,0.54,20.0,0.55,74.0,0.47,57.92,0.46,98.0,0.48,15.0,0.49,80.0,0.01,0.01,2332.36205,1776258905000
1776258908.148,8.148,0.53,112.08,0.52,80.0,0.54,1.1,0.55,79.0,0.46,57.96,0.45,74.0,0.47,37.08,0.48,85.0,0.01,0.01,2332.35205,1776258906000
1776258910.674,10.674,0.49,4.27,0.48,23.0,0.5,95.0,0.51,35.0,0.45,78.08,0.44,73.0,0.47,112.08,0.48,80.0,0.01,0.02,2332.4424,1776258908000
1776258911.072,11.072,0.48,20.0,0.47,73.0,0.49,76.79,0.5,93.8,0.5,92.8,0.49,35.0,0.51,4.27,0.52,23.0,0.01,0.01,2332.4424,1776258908000
1776258911.408,11.408,0.48,15.0,0.47,78.0,0.49,94.54,0.5,93.8,0.51,99.54,0.5,93.8,0.52,15.0,0.53,73.0,0.01,0.01,2332.4424,1776258908000
1776258911.936,11.936,0.48,23.57,0.47,78.0,0.49,105.04,0.5,93.8,0.51,94.54,0.5,93.8,0.52,15.0,0.53,78.0,0.01,0.01,2332.45,1776258909000
1776258913.119,13.119,0.48,90.68,0.47,103.0,0.49,14.0,0.5,78.8,0.51,105.04,0.5,93.8,0.52,23.57,0.53,78.0,0.01,0.01,2332.45,1776258909000
1776258915.308,15.308,0.47,52.66,0.46,114.0,0.49,110.5,0.5,89.8,0.51,14.0,0.5,78.8,0.52,90.68,0.53,103.0,0.02,0.01,2332.4029,1776258910000
1776258915.517,15.517,0.46,40.0,0.45,11.0,0.47,20.7,0.48,71.5,0.51,110.5,0.5,89.8,0.53,52.66,0.54,114.0,0.01,0.02,2332.4029,1776258910000
1776258915.889,15.889,0.46,28.92,0.45,6.0,0.47,76.7,0.48,122.5,0.53,61.7,0.52,122.5,0.54,33.92,0.55,6.0,0.01,0.01,2332.4029,1776258910000
1776258916.151,16.151,0.45,6.0,0.44,10.0,0.47,167.7,0.48,122.5,0.53,76.7,0.52,122.5,0.54,28.92,0.55,6.0,0.02,0.01,2332.4029,1776258910000
1776258916.371,16.371,0.44,3.03,0.43,58.5,0.46,50.5,0.47,152.7,0.53,167.7,0.52,122.5,0.55,6.0,0.56,10.0,0.02,0.02,2332.4029,1776258910000
1776258918.5,18.5,0.43,108.74,0.42,80.5,0.44,100.0,0.45,70.0,0.54,50.5,0.53,152.7,0.56,3.03,0.57,58.5,0.01,0.02,2332.193004,1776258912000
1776258919.506,19.506,0.43,122.74,0.42,108.5,0.46,55.0,0.47,80.0,0.56,100.0,0.55,70.0,0.57,108.74,0.58,80.5,0.03,0.01,2331.91091,1776258918000
1776258921.935,21.935,0.5,57.5,0.49,118.5,0.53,78.33,0.54,65.5,0.54,55.0,0.53,80.0,0.57,122.74,0.58,108.5,0.03,0.03,2331.9082,1776258920000
1776258922.477,22.477,0.52,97.91,0.51,98.5,0.53,25.0,0.54,65.5,0.47,78.33,0.46,65.5,0.5,57.5,0.51,118.5,0.01,0.03,2331.9899,1776258921000
1776258924.961,24.961,0.52,115.91,0.51,104.5,0.53,53.3,0.54,65.5,0.47,25.0,0.46,65.5,0.48,97.91,0.49,98.5,0.01,0.01,2332.346311,1776258923000
1776258926.457,26.457,0.53,95.0,0.52,127.41,0.55,16.0,0.56,105.0,0.47,53.3,0.46,65.5,0.48,115.91,0.49,104.5,0.02,0.01,2332.3168,1776258925000
1776258926.678,26.678,0.54,113.0,0.53,130.0,0.56,54.67,0.58,8.0,0.45,16.0,0.44,105.0,0.47,95.0,0.48,127.41,0.02,0.02,2332.3168,1776258925000
1776258926.942,26.942,0.6,26.0,0.59,53.5,0.61,72.96,0.62,60.0,0.39,46.96,0.38,60.0,0.4,18.33,0.41,30.5,0.01,0.01,2332.3168,1776258926000
1776258927.474,27.474,0.6,46.0,0.59,103.5,0.61,76.82,0.62,73.0,0.39,72.96,0.38,60.0,0.4,26.0,0.41,53.5,0.01,0.01,2332.3168,1776258926000
1776258927.862,27.862,0.6,40.0,0.59,114.5,0.61,6.46,0.62,73.0,0.39,76.82,0.38,73.0,0.4,46.0,0.41,103.5,0.01,0.01,2332.3168,1776258926000
1776258928.176,28.176,0.6,75.0,0.59,119.5,0.61,11.46,0.62,78.5,0.39,6.46,0.38,73.0,0.4,40.0,0.41,114.5,0.01,0.01,2332.322139,1776258927000
1776258928.908,28.908,0.63,167.5,0.62,98.5,0.64,9.14,0.65,7.0,0.39,11.46,0.38,78.5,0.4,20.5,0.41,114.5,0.01,0.01,2332.322139,1776258927000
1776258929.232,29.232,0.69,120.5,0.68,25.0,0.7,27.39,0.71,55.0,0.3,23.97,0.29,55.0,0.31,32.74,0.32,20.0,0.01,0.01,2332.8584,1776258928000
1776258929.852,29.852,0.7,15.0,0.69,20.0,0.71,74.97,0.72,61.0,0.29,43.0,0.28,65.5,0.31,65.5,0.32,20.0,0.01,0.02,2332.8584,1776258928000
1776258930.397,30.397,0.7,62.0,0.69,20.0,0.71,14.97,0.72,82.0,0.29,21.97,0.28,61.0,0.3,15.0,0.31,20.0,0.01,0.01,2332.915522,1776258929000
1776258930.674,30.674,0.7,77.0,0.69,15.0,0.71,21.88,0.72,77.0,0.29,21.88,0.28,77.0,0.3,62.0,0.31,20.0,0.01,0.01,2332.915522,1776258929000
1776258931.87,31.87,0.7,55.0,0.69,20.0,0.71,69.54,0.72,92.5,0.29,21.88,0.28,77.0,0.3,77.0,0.31,15.0,0.01,0.01,2333.267606,1776258930000
1776258932.183,32.183,0.69,10.0,0.68,10.0,0.71,113.54,0.72,104.5,0.29,69.54,0.28,92.5,0.3,55.0,0.31,20.0,0.02,0.01,2333.267606,1776258930000
1776258932.533,32.533,0.67,10.0,0.66,10.0,0.68,40.94,0.69,25.5,0.3,43.4,0.29,43.54,0.31,3.91,0.32,10.0,0.01,0.01,2333.37825,1776258931000
1776258933.05,33.05,0.66,3.08,0.65,15.0,0.67,103.38,0.68,116.5,0.32,51.44,0.31,15.5,0.34,3.08,0.35,15.0,0.01,0.02,2333.37825,1776258931000
1776258933.432,33.432,0.65,12.99,0.64,30.5,0.67,143.0,0.68,135.5,0.33,103.38,0.32,116.5,0.34,3.08,0.35,15.0,0.02,0.01,2333.381677,1776258932000
1776258933.637,33.637,0.65,22.99,0.64,90.5,0.66,83.48,0.67,104.0,0.33,143.0,0.32,135.5,0.35,12.99,0.36,30.5,0.01,0.02,2333.381677,1776258932000
1776258934.131,34.131,0.65,22.99,0.64,90.5,0.66,81.44,0.67,104.0,0.34,87.25,0.33,104.0,0.35,27.99,0.36,90.5,0.01,0.01,2333.381677,1776258932000
1776258934.637,34.637,0.65,22.99,0.64,90.5,0.66,76.44,0.67,104.0,0.34,81.44,0.33,104.0,0.35,22.99,0.36,90.5,0.01,0.01,2333.326307,1776258933000
1776258937.648,37.648,0.6,2.84,0.59,25.0,0.61,114.5,0.62,124.5,0.34,40.44,0.33,104.0,0.35,22.99,0.36,90.5,0.01,0.01,2333.049475,1776258936000
1776258938.354,38.354,0.6,60.51,0.59,40.0,0.61,124.5,0.62,119.5,0.39,119.5,0.38,119.5,0.4,51.51,0.41,35.0,0.01,0.01,2333.043814,1776258937000
1776258938.802,38.802,0.59,25.0,0.58,30.0,0.61,188.5,0.62,137.5,0.39,124.5,0.38,119.5,0.4,60.51,0.41,40.0,0.02,0.01,2333.043814,1776258937000
1776258940.094,40.094,0.59,201.5,0.58,110.0,0.61,10.0,0.62,70.0,0.39,188.5,0.38,137.5,0.41,25.0,0.42,30.0,0.02,0.02,2332.945669,1776258938000
1776258941.316,41.316,0.61,174.57,0.6,90.5,0.62,25.0,0.63,12.0,0.38,70.0,0.37,88.5,0.41,196.5,0.42,110.0,0.01,0.03,2332.739571,1776258939000
1776258942.198,42.198,0.61,160.46,0.6,90.5,0.62,15.0,0.63,12.0,0.38,25.0,0.37,12.0,0.39,174.57,0.4,90.5,0.01,0.01,2332.644929,1776258940000
1776258943.13,43.13,0.61,194.89,0.6,95.5,0.62,20.0,0.63,62.0,0.38,15.0,0.37,12.0,0.39,160.46,0.4,90.5,0.01,0.01,2332.696102,1776258941000
1776258943.72,43.72,0.61,146.89,0.6,95.5,0.62,14.83,0.63,62.0,0.38,16.77,0.37,62.0,0.39,199.89,0.4,95.5,0.01,0.01,2332.8138,1776258942000
1776258944.08,44.08,0.61,137.89,0.6,85.5,0.62,12.45,0.63,62.0,0.38,14.83,0.37,62.0,0.39,146.89,0.4,95.5,0.01,0.01,2332.8138,1776258942000
1776258944.403,44.403,0.61,140.32,0.6,85.5,0.62,12.45,0.63,62.0,0.38,12.45,0.37,62.0,0.39,137.89,0.4,85.5,0.01,0.01,2332.8543,1776258943000
1776258945.388,45.388,0.61,140.32,0.6,85.5,0.62,7.36,0.63,63.0,0.38,12.45,0.37,62.0,0.39,140.32,0.4,85.5,0.01,0.01,2332.8543,1776258943000
1776258946.813,46.813,0.58,15.0,0.57,25.0,0.59,116.5,0.6,118.5,0.38,7.36,0.37,63.0,0.39,140.32,0.4,85.5,0.01,0.01,2332.83435,1776258945000
1776258947.187,47.187,0.57,25.0,0.56,45.0,0.59,123.5,0.6,111.5,0.41,116.5,0.4,118.5,0.42,15.0,0.43,25.0,0.02,0.01,2332.83435,1776258946000
1776258947.45,47.45,0.57,41.0,0.56,45.0,0.58,128.5,0.59,106.5,0.41,123.5,0.4,111.5,0.43,25.0,0.44,45.0,0.01,0.02,2332.83435,1776258946000
1776258949.063,49.063,0.56,50.0,0.55,35.0,0.57,5.0,0.58,153.5,0.42,128.5,0.41,106.5,0.43,41.0,0.44,45.0,0.01,0.01,2332.83435,1776258946000
1776258951.421,51.421,0.54,35.0,0.53,10.0,0.55,105.04,0.56,122.5,0.43,5.0,0.42,153.5,0.44,50.0,0.45,35.0,0.01,0.01,2332.453742,1776258949000
1776258957.724,57.724,0.54,129.5,0.53,90.5,0.55,71.94,0.56,81.0,0.45,105.04,0.44,122.5,0.46,35.0,0.47,10.0,0.01,0.01,2332.336024,1776258956000
1776258958.69,58.69,0.54,105.0,0.53,90.5,0.55,50.82,0.56,86.0,0.45,55.82,0.44,81.0,0.46,79.5,0.47,90.5,0.01,0.01,2332.341156,1776258957000
1776258959.85,59.85,0.54,95.0,0.53,90.5,0.55,55.76,0.56,86.0,0.45,52.76,0.44,86.0,0.46,110.0,0.47,90.5,0.01,0.01,2332.342069,1776258958000
1776258960.508,60.508,0.54,105.0,0.53,90.5,0.55,50.66,0.56,80.0,0.45,55.76,0.44,86.0,0.46,95.0,0.47,90.5,0.01,0.01,2332.344886,1776258959000
1776258960.805,60.805,0.54,100.0,0.53,90.5,0.55,55.66,0.56,80.0,0.45,50.66,0.44,80.0,0.46,105.0,0.47,90.5,0.01,0.01,2332.344886,1776258959000
1776258961.337,61.337,0.54,100.0,0.53,90.5,0.55,52.6,0.56,80.0,0.45,55.66,0.44,80.0,0.46,100.0,0.47,90.5,0.01,0.01,2332.344886,1776258959000
1776258962.92,62.92,0.59,61.5,0.58,36.0,0.63,47.85,0.64,82.0,0.45,52.6,0.44,80.0,0.46,100.0,0.47,90.5,0.04,0.01,2332.3673,1776258961000
1776258963.137,63.137,0.62,6.23,0.61,47.5,0.63,52.85,0.64,76.0,0.37,47.85,0.36,82.0,0.41,61.5,0.42,36.0,0.01,0.04,2332.3673,1776258961000
1776258963.718,63.718,0.62,8.34,0.6,10.0,0.63,209.35,0.64,85.5,0.37,52.85,0.36,76.0,0.38,6.23,0.39,47.5,0.01,0.01,2332.366805,1776258962000
1776258963.943,63.943,0.54,0.65,0.52,50.0,0.55,27.0,0.56,102.36,0.37,209.35,0.36,85.5,0.4,10.0,0.44,10.0,0.01,0.03,2332.366805,1776258962000
1776258964.181,64.181,0.49,10.0,0.48,175.0,0.52,25.41,0.53,20.0,0.46,10.21,0.45,55.0,0.48,50.0,0.49,110.0,0.03,0.02,2332.366805,1776258962000
1776258964.89,64.89,0.46,7.4,0.45,5.0,0.48,55.5,0.49,41.5,0.48,25.41,0.47,20.0,0.51,10.0,0.52,175.0,0.02,0.03,2332.366805,1776258962000
1776258965.162,65.162,0.46,5.0,0.45,10.0,0.47,5.0,0.48,51.5,0.53,15.0,0.52,51.5,0.55,20.0,0.56,53.89,0.01,0.02,2332.366805,1776258962000
1776258967.162,67.162,0.44,79.39,0.43,78.24,0.45,41.77,0.46,30.0,0.52,62.5,0.51,35.5,0.55,4.27,0.56,43.89,0.01,0.03,2331.927114,1776258966000
1776258967.646,67.646,0.44,130.81,0.43,78.24,0.45,41.77,0.46,30.0,0.55,41.77,0.54,30.0,0.56,79.39,0.57,78.24,0.01,0.01,2331.927114,1776258966000
1776258969.17,69.17,0.44,43.89,0.43,25.0,0.45,216.5,0.46,143.5,0.55,41.77,0.54,30.0,0.56,130.81,0.57,78.24,0.01,0.01,2331.836819,1776258967000
1776258969.481,69.481,0.39,44.92,0.38,70.0,0.4,65.0,0.41,40.5,0.6,45.0,0.59,35.5,0.61,47.85,0.62,75.5,0.01,0.01,2331.836771,1776258968000
1776258970.524,70.524,0.38,51.22,0.37,70.5,0.39,45.0,0.4,100.5,0.6,65.0,0.59,90.5,0.62,63.71,0.63,65.5,0.01,0.02,2331.879569,1776258969000
1776258970.774,70.774,0.37,70.5,0.36,125.0,0.39,45.0,0.4,100.5,0.61,45.0,0.6,100.5,0.62,51.22,0.63,70.5,0.02,0.01,2331.879569,1776258969000
1776258971.037,71.037,0.37,72.5,0.36,115.0,0.38,20.0,0.39,65.0,0.61,45.0,0.6,100.5,0.63,70.5,0.64,125.0,0.01,0.02,2331.609949,1776258970000
1776258972.144,72.144,0.37,72.5,0.36,115.0,0.38,89.22,0.39,70.0,0.62,20.0,0.61,65.0,0.63,72.5,0.64,115.0,0.01,0.01,2331.609949,1776258970000
1776258972.393,72.393,0.37,67.5,0.36,115.0,0.38,78.22,0.39,70.0,0.62,89.22,0.61,70.0,0.63,72.5,0.64,115.0,0.01,0.01,2331.38441,1776258971000
1776258973.003,73.003,0.35,0.34,0.33,105.0,0.37,66.0,0.38,111.5,0.62,78.22,0.61,70.0,0.63,67.5,0.64,115.0,0.02,0.01,2331.38441,1776258971000
1776258973.726,73.726,0.33,120.3,0.32,60.0,0.34,110.0,0.35,80.66,0.66,26.0,0.65,25.66,0.67,95.0,0.68,65.0,0.01,0.01,2331.338973,1776258972000
1776258973.946,73.946,0.33,122.23,0.32,55.0,0.34,60.0,0.35,30.66,0.66,60.0,0.65,30.66,0.67,128.21,0.68,55.0,0.01,0.01,2331.338973,1776258972000
1776258974.168,74.168,0.34,156.49,0.33,185.23,0.36,10.0,0.37,30.0,0.66,60.0,0.65,30.66,0.67,122.23,0.68,55.0,0.02,0.01,2331.338973,1776258972000
1776258974.569,74.569,0.36,107.98,0.35,211.49,0.37,10.0,0.38,20.0,0.63,10.0,0.62,10.0,0.65,65.5,0.66,131.95,0.01,0.02,2331.334572,1776258973000
1776258975.347,75.347,0.37,138.91,0.36,87.98,0.38,10.0,0.39,20.0,0.62,9.0,0.61,60.0,0.63,16.0,0.64,97.98,0.01,0.01,2331.299747,1776258974000
1776258975.818,75.818,0.38,94.5,0.37,104.91,0.39,8.0,0.4,74.0,0.6,74.0,0.59,85.5,0.63,133.91,0.64,87.98,0.01,0.03,2331.299747,1776258974000
1776258977.425,77.425,0.43,57.37,0.42,65.5,0.44,15.0,0.45,71.0,0.61,8.0,0.6,74.0,0.62,94.5,0.63,104.91,0.01,0.01,2331.392818,1776258976000
1776258977.644,77.644,0.43,52.37,0.42,55.5,0.44,15.18,0.45,76.0,0.56,15.0,0.55,71.0,0.57,57.37,0.58,65.5,0.01,0.01,2331.392818,1776258976000
1776258978.199,78.199,0.43,91.37,0.42,95.5,0.44,25.18,0.45,76.0,0.56,15.18,0.55,76.0,0.57,52.37,0.58,55.5,0.01,0.01,2331.392818,1776258976000
1776258980.078,80.078,0.43,78.47,0.42,95.5,0.44,20.18,0.45,90.15,0.56,25.18,0.55,76.0,0.57,91.37,0.58,95.5,0.01,0.01,2331.6341,1776258978000
1776258981.289,81.289,0.44,5.0,0.43,118.97,0.45,9.15,0.46,60.0,0.56,20.18,0.55,90.15,0.57,78.47,0.58,95.5,0.01,0.01,2331.7158,1776258979000
1776258984.191,84.191,0.39,120.0,0.38,82.5,0.4,87.47,0.41,96.5,0.54,62.3,0.53,106.5,0.55,5.0,0.56,30.5,0.01,0.01,2331.8034,1776258982000
1776258988.67,88.67,0.35,130.5,0.34,162.49,0.37,26.0,0.38,20.0,0.6,87.47,0.59,96.5,0.61,120.0,0.62,82.5,0.02,0.01,2331.702504,1776258987000
1776258989.453,89.453,0.38,74.25,0.37,85.5,0.39,15.0,0.4,68.95,0.6,53.95,0.59,96.5,0.64,120.5,0.65,130.5,0.01,0.04,2331.702504,1776258987000
1776258990.631,90.631,0.38,58.38,0.37,80.5,0.39,30.0,0.4,94.45,0.61,15.0,0.6,79.45,0.62,66.56,0.63,80.5,0.01,0.01,2331.5688,1776258989000
1776258991.514,91.514,0.36,5.0,0.35,95.5,0.37,81.0,0.38,111.5,0.61,30.0,0.6,94.45,0.62,58.38,0.63,80.5,0.01,0.01,2331.5688,1776258989000
1776258992.905,92.905,0.35,0.5,0.34,80.5,0.36,105.0,0.37,131.5,0.63,81.0,0.62,111.5,0.64,5.0,0.65,95.5,0.01,0.01,2331.48335,1776258991000
1776258994.048,94.048,0.33,107.45,0.32,142.54,0.34,133.0,0.35,143.5,0.64,105.0,0.63,131.5,0.65,0.5,0.66,80.5,0.01,0.01,2331.48315,1776258992000
1776258994.382,94.382,0.33,85.5,0.32,142.54,0.34,125.18,0.35,143.5,0.66,133.0,0.65,143.5,0.67,107.45,0.68,142.54,0.01,0.01,2331.48315,1776258992000
1776258994.798,94.798,0.33,90.5,0.32,153.04,0.34,37.61,0.35,108.0,0.66,125.18,0.65,143.5,0.67,85.5,0.68,142.54,0.01,0.01,2331.420848,1776258993000
1776258995.348,95.348,0.33,65.5,0.32,153.04,0.34,102.61,0.35,123.5,0.66,37.61,0.65,108.0,0.67,90.5,0.68,153.04,0.01,0.01,2331.409152,1776258994000
1776258995.722,95.722,0.33,65.17,0.32,153.04,0.34,75.0,0.35,123.5,0.66,67.61,0.65,123.5,0.67,65.5,0.68,153.04,0.01,0.01,2331.409152,1776258994000
1776258996.981,96.981,0.33,57.67,0.32,147.49,0.34,80.0,0.35,123.5,0.66,75.0,0.65,123.5,0.67,65.17,0.68,153.04,0.01,0.01,2331.333888,1776258995000
1776258997.984,97.984,0.32,147.49,0.31,77.0,0.34,85.0,0.35,101.5,0.66,85.0,0.65,123.5,0.67,24.0,0.68,147.49,0.02,0.01,2331.328345,1776258996000
1776258999.005,99.005,0.33,5.0,0.32,147.49,0.34,15.79,0.35,96.5,0.66,82.55,0.65,101.5,0.67,5.0,0.68,147.49,0.01,0.01,2331.330483,1776258997000
1776259000.995,100.995,0.33,62.53,0.32,150.49,0.34,15.79,0.35,106.5,0.66,15.79,0.65,96.5,0.67,5.0,0.68,147.49,0.01,0.01,2331.328633,1776258999000
1776259020.602,120.602,0.33,55.0,0.32,131.99,0.34,99.29,0.35,112.5,0.66,15.79,0.65,106.5,0.67,62.53,0.68,150.49,0.01,0.01,2331.336542,1776259019000
1776259023.585,123.585,0.32,146.99,0.31,92.5,0.33,26.25,0.34,91.29,0.66,99.29,0.65,112.5,0.67,55.0,0.68,131.99,0.01,0.01,2331.355276,1776259022000
1776259023.856,123.856,0.33,192.04,0.32,244.95,0.36,8.0,0.37,13.06,0.67,22.0,0.66,91.29,0.68,146.99,0.69,92.5,0.03,0.01,2331.38,1776259023000
1776259025.382,125.382,0.36,98.99,0.35,75.0,0.37,87.5,0.38,85.5,0.63,11.11,0.62,5.0,0.65,10.0,0.66,10.5,0.01,0.02,2331.41735,1776259024000
1776259026.152,126.152,0.36,148.99,0.35,100.5,0.37,26.77,0.38,30.5,0.63,63.46,0.62,80.5,0.64,148.99,0.65,75.0,0.01,0.01,2331.41735,1776259024000
1776259026.791,126.791,0.36,153.99,0.35,100.5,0.37,45.16,0.38,80.5,0.63,26.77,0.62,30.5,0.64,148.99,0.65,100.5,0.01,0.01,2331.60325,1776259025000
1776259027.48,127.48,0.36,153.99,0.35,85.5,0.4,0.11,0.41,95.0,0.63,45.16,0.62,80.5,0.64,153.99,0.65,100.5,0.04,0.01,2331.60325,1776259025000
1776259027.759,127.759,0.36,163.99,0.35,105.5,0.37,4.86,0.38,20.5,0.6,0.11,0.59,95.0,0.64,153.99,0.65,85.5,0.01,0.04,2331.593568,1776259026000
1776259030.837,130.837,0.36,55.54,0.35,55.0,0.38,194.5,0.39,151.63,0.63,4.86,0.62,20.5,0.64,163.99,0.65,105.5,0.02,0.01,2331.548621,1776259029000
1776259031.466,131.466,0.36,42.97,0.35,60.0,0.37,145.5,0.38,90.5,0.63,114.5,0.62,100.5,0.64,44.54,0.65,60.0,0.01,0.01,2331.52775,1776259030000
1776259032.396,132.396,0.35,58.46,0.34,80.5,0.36,144.5,0.37,106.5,0.63,145.5,0.62,90.5,0.65,60.0,0.66,65.0,0.01,0.02,2331.52775,1776259031000
1776259033.553,133.553,0.3,64.45,0.29,223.54,0.31,12.24,0.32,71.0,0.64,144.5,0.63,106.5,0.65,58.46,0.66,80.5,0.01,0.01,2331.52775,1776259031000
1776259034.054,134.054,0.29,85.0,0.28,125.0,0.3,171.0,0.31,127.5,0.69,12.24,0.68,71.0,0.7,64.45,0.71,223.54,0.01,0.01,2331.423824,1776259032000
1776259034.359,134.359,0.26,123.34,0.25,30.0,0.27,10.0,0.28,15.0,0.7,171.0,0.69,127.5,0.71,85.0,0.72,125.0,0.01,0.01,2331.423824,1776259032000
1776259034.818,134.818,0.26,74.62,0.25,25.0,0.27,179.5,0.28,40.5,0.73,10.0,0.72,15.0,0.74,123.34,0.75,30.0,0.01,0.01,2331.3838,1776259033000
1776259035.227,135.227,0.26,60.72,0.25,25.0,0.27,218.5,0.28,95.5,0.73,179.5,0.72,40.5,0.74,74.62,0.75,25.0,0.01,0.01,2331.3838,1776259033000
1776259035.696,135.696,0.26,4.72,0.22,50.0,0.27,259.5,0.28,95.5,0.73,233.5,0.72,95.5,0.74,22.72,0.76,25.0,0.01,0.01,2331.308987,1776259034000
1776259036.338,136.338,0.21,135.0,0.2,188.54,0.22,101.0,0.23,20.0,0.73,276.5,0.72,111.5,0.79,118.66,0.8,183.54,0.01,0.06,2331.059233,1776259035000
1776259037.223,137.223,0.21,129.87,0.2,188.54,0.22,134.0,0.23,20.0,0.78,101.0,0.77,20.0,0.79,135.0,0.8,188.54,0.01,0.01,2331.059233,1776259035000
1776259037.578,137.578,0.21,125.87,0.2,188.54,0.22,66.0,0.23,20.0,0.78,134.0,0.77,20.0,0.79,129.87,0.8,188.54,0.01,0.01,2330.93975,1776259036000
1776259039.652,139.652,0.21,106.82,0.2,199.04,0.22,185.55,0.23,35.5,0.78,58.48,0.77,20.0,0.79,125.87,0.8,188.54,0.01,0.01,2330.790824,1776259037000
1776259040.298,140.298,0.21,7.66,0.2,105.5,0.22,212.55,0.23,90.5,0.78,185.55,0.77,35.5,0.79,106.82,0.8,199.04,0.01,0.01,2330.7624,1776259039000
1776259042.308,142.308,0.2,114.3,0.19,161.99,0.21,161.34,0.22,111.55,0.79,7.34,0.78,212.55,0.8,105.5,0.81,160.99,0.01,0.01,2330.7447,1776259041000
1776259043.319,143.319,0.2,114.3,0.19,156.54,0.21,152.46,0.22,96.55,0.79,161.34,0.78,111.55,0.8,114.3,0.81,161.99,0.01,0.01,2330.7447,1776259041000
1776259043.773,143.773,0.2,123.05,0.19,90.0,0.21,53.46,0.22,38.07,0.79,152.46,0.78,96.55,0.8,114.3,0.81,156.54,0.01,0.01,2330.7447,1776259041000
1776259044.106,144.106,0.2,110.53,0.19,162.99,0.21,53.46,0.22,43.07,0.79,53.46,0.78,38.07,0.8,117.05,0.81,90.0,0.01,0.01,2330.70835,1776259042000
1776259044.681,144.681,0.2,115.53,0.19,164.99,0.21,26.59,0.22,43.07,0.79,53.46,0.78,43.07,0.8,110.53,0.81,162.99,0.01,0.01,2330.70335,1776259043000
1776259048.873,148.873,0.2,105.53,0.19,175.8,0.21,47.38,0.22,30.0,0.79,26.59,0.78,43.07,0.8,115.53,0.81,164.99,0.01,0.01,2330.7577,1776259047000
1776259051.013,151.013,0.2,355.52,0.19,185.66,0.21,17.54,0.25,10.0,0.79,47.38,0.78,30.0,0.8,105.53,0.81,175.8,0.01,0.01,2330.73335,1776259050000
1776259051.433,151.433,0.28,71.27,0.27,65.5,0.29,25.0,0.3,5.0,0.72,6.71,0.71,40.0,0.76,24.0,0.77,24.0,0.01,0.04,2330.73335,1776259050000
1776259052.21,152.21,0.29,127.59,0.28,92.27,0.3,5.0,0.31,80.5,0.71,25.0,0.7,5.0,0.72,71.27,0.73,65.5,0.01,0.01,2330.7334,1776259051000
1776259053.772,153.772,0.29,107.59,0.28,92.27,0.31,33.73,0.32,70.0,0.7,5.0,0.69,80.5,0.71,127.59,0.72,92.27,0.02,0.01,2330.895577,1776259052000
1776259054.56,154.56,0.32,68.5,0.31,86.5,0.33,10.9,0.34,10.0,0.69,33.73,0.68,70.0,0.71,107.59,0.72,92.27,0.01,0.02,2330.895577,1776259052000
1776259055.376,155.376,0.37,88.5,0.36,25.0,0.38,10.0,0.39,65.5,0.67,10.9,0.66,10.0,0.68,68.5,0.69,86.5,0.01,0.01,2331.14815,1776259053000
1776259055.887,155.887,0.37,78.5,0.36,20.0,0.38,102.23,0.39,65.5,0.62,10.0,0.61,65.5,0.63,88.5,0.64,25.0,0.01,0.01,2331.160617,1776259054000
1776259056.886,156.886,0.37,48.82,0.36,20.0,0.38,111.73,0.39,15.5,0.62,102.23,0.61,65.5,0.63,18.32,0.64,20.0,0.01,0.01,2331.160846,1776259055000
1776259057.306,157.306,0.37,47.23,0.36,35.5,0.38,98.44,0.39,15.5,0.62,111.73,0.61,15.5,0.63,48.82,0.64,20.0,0.01,0.01,2331.580411,1776259056000
1776259057.597,157.597,0.37,46.91,0.36,35.5,0.38,27.03,0.39,15.5,0.62,98.44,0.61,15.5,0.63,47.23,0.64,35.5,0.01,0.01,2331.580411,1776259056000
1776259058.478,158.478,0.37,90.32,0.36,80.5,0.38,22.03,0.39,20.5,0.62,27.03,0.61,15.5,0.63,46.91,0.64,35.5,0.01,0.01,2331.66845,1776259057000
1776259059.031,159.031,0.37,97.56,0.36,80.5,0.38,27.04,0.41,5.0,0.62,22.03,0.61,20.5,0.63,90.32,0.64,80.5,0.01,0.01,2331.66845,1776259057000
1776259059.291,159.291,0.41,20.0,0.4,30.0,0.42,14.0,0.43,105.0,0.58,24.1,0.57,105.0,0.63,141.01,0.64,150.5,0.01,0.05,2331.66845,1776259057000
1776259059.52,159.52,0.41,50.5,0.4,101.54,0.43,97.38,0.44,15.5,0.58,14.0,0.57,105.0,0.59,20.0,0.6,30.0,0.02,0.01,2331.69038,1776259058000
1776259059.833,159.833,0.42,111.7,0.41,100.5,0.43,47.38,0.44,20.5,0.57,97.38,0.56,15.5,0.59,50.5,0.6,101.54,0.01,0.02,2331.69038,1776259058000
1776259060.386,160.386,0.42,132.14,0.41,119.95,0.43,47.38,0.44,20.5,0.57,47.38,0.56,20.5,0.58,111.7,0.59,100.5,0.01,0.01,2331.70051,1776259059000
1776259063.162,163.162,0.4,20.0,0.39,45.1,0.41,52.33,0.42,74.5,0.57,47.38,0.56,20.5,0.58,132.14,0.59,119.95,0.01,0.01,2331.9029,1776259062000
1776259063.47,163.47,0.39,50.1,0.38,40.8,0.41,160.33,0.42,95.5,0.59,52.33,0.58,74.5,0.6,20.0,0.61,45.1,0.02,0.01,2331.9029,1776259062000
1776259063.806,163.806,0.39,45.1,0.38,50.8,0.4,94.66,0.41,95.33,0.59,160.33,0.58,95.5,0.61,50.1,0.62,40.8,0.01,0.02,2331.9029,1776259062000
1776259065.24,165.24,0.39,50.1,0.38,50.8,0.4,168.16,0.41,95.33,0.6,94.66,0.59,95.33,0.61,45.1,0.62,50.8,0.01,0.01,2331.77205,1776259064000
1776259066.057,166.057,0.39,18.13,0.38,50.8,0.4,168.16,0.41,105.33,0.6,168.16,0.59,95.33,0.61,50.1,0.62,50.8,0.01,0.01,2331.77205,1776259064000
1776259066.308,166.308,0.36,181.1,0.35,191.34,0.39,20.5,0.4,118.16,0.6,168.16,0.59,105.33,0.61,18.13,0.62,50.8,0.03,0.01,2331.77205,1776259064000
1776259066.583,166.583,0.36,188.28,0.35,191.34,0.37,20.0,0.38,60.0,0.61,20.5,0.6,118.16,0.64,181.1,0.65,191.34,0.01,0.03,2331.803889,1776259065000
1776259066.807,166.807,0.36,196.71,0.35,188.34,0.37,15.0,0.38,60.0,0.63,20.0,0.62,60.0,0.64,188.28,0.65,191.34,0.01,0.01,2331.803889,1776259065000
1776259068.109,168.109,0.36,80.1,0.35,193.34,0.37,5.0,0.38,60.0,0.63,15.0,0.62,60.0,0.64,196.71,0.65,188.34,0.01,0.01,2331.74165,1776259067000
1776259069.178,169.178,0.36,10.0,0.35,153.84,0.39,30.85,0.4,108.16,0.63,5.0,0.62,60.0,0.64,80.1,0.65,193.34,0.03,0.01,2331.699051,1776259068000
1776259070.341,170.341,0.36,65.0,0.35,110.5,0.37,57.87,0.38,68.5,0.61,30.85,0.6,108.16,0.64,10.0,0.65,153.84,0.01,0.03,2331.69245,1776259069000
1776259071.211,171.211,0.37,98.89,0.36,110.5,0.38,61.0,0.39,21.0,0.63,57.87,0.62,68.5,0.64,65.0,0.65,110.5,0.01,0.01,2331.69245,1776259069000
1776259073.122,173.122,0.36,70.0,0.35,105.5,0.38,133.5,0.39,96.5,0.62,61.0,0.61,21.0,0.63,98.89,0.64,110.5,0.02,0.01,2331.68695,1776259071000
1776259073.738,173.738,0.36,35.0,0.35,110.5,0.37,27.81,0.38,117.5,0.62,133.5,0.61,96.5,0.64,70.0,0.65,105.5,0.01,0.02,2331.6875,1776259072000
1776259073.96,173.96,0.36,35.0,0.35,110.5,0.38,68.02,0.39,96.5,0.63,27.81,0.62,117.5,0.64,35.0,0.65,110.5,0.02,0.01,2331.6875,1776259072000
1776259074.745,174.745,0.36,25.0,0.35,105.5,0.38,85.5,0.39,96.5,0.62,68.02,0.61,96.5,0.64,35.0,0.65,110.5,0.02,0.02,2331.66695,1776259073000
1776259075.452,175.452,0.36,33.53,0.35,105.5,0.38,70.0,0.39,96.5,0.62,85.5,0.61,96.5,0.64,25.0,0.65,105.5,0.02,0.02,2331.5795,1776259074000
1776259078.124,178.124,0.35,20.0,0.34,110.0,0.36,219.5,0.37,91.5,0.62,70.0,0.61,96.5,0.64,33.53,0.65,105.5,0.01,0.02,2331.61595,1776259077000
1776259079.644,179.644,0.32,19.39,0.31,185.49,0.34,135.0,0.35,85.5,0.64,219.5,0.63,91.5,0.65,20.0,0.66,110.0,0.02,0.01,2331.6216,1776259078000
1776259080.6,180.6,0.32,85.39,0.31,125.5,0.33,0.75,0.34,25.0,0.66,135.0,0.65,85.5,0.68,19.39,0.69,185.49,0.01,0.02,2331.5425,1776259079000
1776259081.731,181.731,0.33,88.38,0.32,90.39,0.34,15.69,0.35,15.0,0.67,0.75,0.66,25.0,0.68,85.39,0.69,125.5,0.01,0.01,2331.5421,1776259080000
1776259082.143,182.143,0.33,60.67,0.32,90.39,0.34,42.77,0.35,30.5,0.66,15.69,0.65,15.0,0.67,55.67,0.68,90.39,0.01,0.01,2331.5421,1776259080000
1776259086.372,186.372,0.33,29.0,0.32,16.0,0.34,88.94,0.35,102.46,0.66,42.77,0.65,30.5,0.67,60.67,0.68,90.39,0.01,0.01,2331.5626,1776259084000
1776259087.149,187.149,0.31,45.0,0.3,70.0,0.32,181.34,0.33,90.5,0.66,88.94,0.65,102.46,0.67,29.0,0.68,16.0,0.01,0.01,2331.58295,1776259085000
1776259091.074,191.074,0.29,470.5,0.28,70.0,0.32,191.34,0.33,85.5,0.68,181.34,0.67,90.5,0.69,45.0,0.7,70.0,0.03,0.01,2331.4961,1776259089000
1776259091.474,191.474,0.29,490.5,0.28,80.0,0.3,94.0,0.31,25.0,0.68,191.34,0.67,85.5,0.71,470.5,0.72,70.0,0.01,0.03,2331.468363,1776259090000
1776259092.639,192.639,0.29,474.09,0.28,80.0,0.3,99.0,0.31,15.0,0.7,94.0,0.69,25.0,0.71,484.09,0.72,80.0,0.01,0.01,2331.468363,1776259090000
1776259095.093,195.093,0.29,490.5,0.28,80.0,0.3,47.72,0.31,5.0,0.7,99.0,0.69,15.0,0.71,474.09,0.72,80.0,0.01,0.01,2331.4431,1776259093000
1776259098.004,198.004,0.27,45.0,0.26,70.5,0.3,228.22,0.31,150.0,0.7,47.72,0.69,5.0,0.71,490.5,0.72,80.0,0.03,0.01,2331.448,1776259096000
1776259098.676,198.676,0.26,60.0,0.25,45.5,0.27,8.0,0.28,197.5,0.7,228.22,0.69,150.0,0.73,45.0,0.74,70.5,0.01,0.03,2331.50287,1776259097000
1776259100.827,200.827,0.28,46.11,0.27,100.5,0.29,23.8,0.3,30.5,0.73,8.0,0.72,197.5,0.74,60.0,0.75,45.5,0.01,0.01,2331.46285,1776259099000
1776259101.496,201.496,0.28,39.72,0.27,100.5,0.29,33.8,0.3,30.5,0.71,23.8,0.7,30.5,0.72,46.11,0.73,100.5,0.01,0.01,2331.400555,1776259100000
1776259101.714,201.714,0.28,37.33,0.27,100.5,0.29,33.8,0.3,30.5,0.71,33.8,0.7,30.5,0.72,39.72,0.73,100.5,0.01,0.01,2331.400555,1776259100000
1776259102.164,202.164,0.28,33.61,0.27,100.5,0.29,38.8,0.3,30.5,0.71,33.8,0.7,30.5,0.72,37.33,0.73,100.5,0.01,0.01,2331.400555,1776259100000
1776259105.486,205.486,0.28,21.66,0.27,35.0,0.29,53.0,0.3,80.5,0.71,38.8,0.7,30.5,0.72,33.61,0.73,100.5,0.01,0.01,2331.45211,1776259104000
1776259105.994,205.994,0.28,10.27,0.27,35.0,0.29,128.0,0.3,80.5,0.71,53.0,0.7,80.5,0.72,21.66,0.73,35.0,0.01,0.01,2331.45211,1776259104000
1776259109.407,209.407,0.27,6.56,0.26,25.0,0.29,168.0,0.3,80.5,0.71,128.0,0.7,80.5,0.72,10.27,0.73,35.0,0.02,0.01,2331.432205,1776259107000
1776259110.097,210.097,0.27,7.39,0.26,15.0,0.28,135.5,0.29,128.0,0.71,168.0,0.7,80.5,0.73,6.56,0.74,25.0,0.01,0.02,2331.42185,1776259108000
1776259110.49,210.49,0.27,7.39,0.26,10.0,0.28,130.17,0.29,128.0,0.72,135.5,0.71,128.0,0.73,7.39,0.74,15.0,0.01,0.01,2331.42185,1776259108000
1776259111.807,211.807,0.26,3.92,0.25,30.0,0.27,165.5,0.28,85.5,0.73,155.5,0.72,85.5,0.74,5.68,0.75,30.0,0.01,0.01,2331.39536,1776259110000
1776259112.478,212.478,0.25,10.0,0.24,45.5,0.26,159.08,0.27,95.5,0.74,9.08,0.73,168.5,0.75,30.0,0.76,45.5,0.01,0.01,2331.39381,1776259111000
1776259112.804,212.804,0.25,6.0,0.24,45.5,0.26,159.08,0.27,95.5,0.74,159.08,0.73,95.5,0.75,10.0,0.76,45.5,0.01,0.01,2331.39381,1776259111000
1776259114.259,214.259,0.24,35.0,0.23,25.5,0.26,169.58,0.27,108.5,0.74,159.08,0.73,95.5,0.75,6.0,0.76,45.5,0.02,0.01,2331.378775,1776259112000
1776259117.286,217.286,0.24,38.68,0.23,5.0,0.25,150.0,0.26,99.58,0.74,169.58,0.73,108.5,0.76,35.0,0.77,25.5,0.01,0.02,2331.3492,1776259115000
1776259119.413,219.413,0.23,11.14,0.22,130.5,0.25,145.0,0.26,94.08,0.75,150.0,0.74,99.58,0.76,38.68,0.77,5.0,0.02,0.01,2331.331141,1776259118000
1776259119.928,219.928,0.25,13.0,0.24,44.5,0.27,20.0,0.28,88.5,0.76,26.0,0.75,75.0,0.77,16.14,0.78,130.5,0.02,0.01,2331.331141,1776259118000
1776259120.207,220.207,0.25,37.16,0.24,39.5,0.27,20.0,0.28,93.5,0.73,20.0,0.72,88.5,0.75,13.0,0.76,44.5,0.02,0.02,2331.331141,1776259118000
1776259123.595,223.595,0.25,13.0,0.24,29.5,0.26,84.61,0.27,110.5,0.73,20.0,0.72,93.5,0.75,37.16,0.76,39.5,0.01,0.02,2331.39056,1776259122000
1776259124.067,224.067,0.23,26.14,0.22,180.5,0.26,155.11,0.27,110.5,0.74,84.61,0.73,110.5,0.75,13.0,0.76,29.5,0.03,0.01,2331.381935,1776259123000
1776259126.123,226.123,0.23,85.5,0.22,180.5,0.24,52.5,0.25,20.0,0.74,155.11,0.73,110.5,0.77,26.14,0.78,180.5,0.01,0.03,2331.3636,1776259124000
1776259126.368,226.368,0.19,103.99,0.18,45.0,0.2,10.55,0.21,65.0,0.74,29.67,0.73,15.0,0.77,9.29,0.78,180.5,0.01,0.03,2331.3636,1776259124000
1776259126.839,226.839,0.15,60.0,0.14,25.0,0.16,77.0,0.17,35.0,0.8,10.55,0.79,65.0,0.81,103.99,0.82,45.0,0.01,0.01,2331.36933,1776259125000
1776259127.194,227.194,0.13,109.71,0.12,250.59,0.14,103.0,0.15,46.5,0.84,155.62,0.83,51.5,0.87,166.7,0.88,240.09,0.01,0.03,2331.291854,1776259126000
1776259127.532,227.532,0.12,242.54,0.11,135.0,0.13,77.65,0.14,108.0,0.86,158.0,0.85,101.5,0.88,242.54,0.89,135.0,0.01,0.02,2331.291854,1776259126000
1776259127.826,227.826,0.12,149.81,0.11,135.0,0.13,87.65,0.14,103.5,0.87,77.65,0.86,108.0,0.88,242.54,0.89,135.0,0.01,0.01,2331.291854,1776259126000
1776259128.174,228.174,0.12,11.9,0.11,145.5,0.13,86.29,0.14,103.5,0.87,82.65,0.86,103.5,0.88,20.81,0.89,135.0,0.01,0.01,2331.129502,1776259127000
1776259128.776,228.776,0.11,122.68,0.1,93.45,0.12,159.0,0.13,96.29,0.87,91.29,0.86,103.5,0.89,145.5,0.9,70.0,0.01,0.02,2331.129502,1776259127000
1776259130.067,230.067,0.11,2.26,0.1,70.0,0.12,180.0,0.13,96.29,0.88,159.0,0.87,96.29,0.89,122.68,0.9,93.45,0.01,0.01,2330.8717,1776259129000
1776259130.406,230.406,0.11,9.73,0.1,70.0,0.12,175.0,0.13,112.79,0.88,180.0,0.87,106.79,0.89,11.13,0.9,70.0,0.01,0.01,2330.8717,1776259129000
1776259131.841,231.841,0.11,8.6,0.1,70.0,0.12,220.45,0.13,106.79,0.88,175.0,0.87,112.79,0.89,9.73,0.9,70.0,0.01,0.01,2330.808345,1776259130000
1776259132.129,232.129,0.11,20.87,0.1,125.0,0.12,51.45,0.13,5.0,0.88,149.17,0.87,102.29,0.89,7.43,0.9,70.0,0.01,0.01,2330.808345,1776259130000
1776259132.63,232.63,0.16,21.3,0.15,20.5,0.17,15.0,0.18,10.0,0.86,15.0,0.85,5.0,0.89,162.86,0.9,174.99,0.01,0.03,2330.794205,1776259131000
1776259132.918,232.918,0.17,15.91,0.16,21.3,0.18,5.0,0.19,25.5,0.81,10.0,0.8,110.5,0.83,14.47,0.84,21.3,0.01,0.02,2330.794205,1776259131000
1776259133.23,233.23,0.18,5.35,0.17,9.4,0.19,20.0,0.2,65.5,0.81,25.5,0.8,65.5,0.83,9.4,0.84,71.3,0.01,0.02,2330.78945,1776259132000
1776259134.066,234.066,0.16,24.48,0.15,70.5,0.17,40.0,0.18,35.5,0.81,20.0,0.8,65.5,0.82,5.35,0.83,9.4,0.01,0.01,2330.78945,1776259132000
1776259134.482,234.482,0.16,15.0,0.15,70.5,0.17,17.0,0.18,35.5,0.83,40.0,0.82,35.5,0.84,24.48,0.85,70.5,0.01,0.01,2330.78718,1776259133000
1776259134.798,234.798,0.16,18.03,0.15,70.5,0.17,17.0,0.18,35.5,0.83,17.0,0.82,35.5,0.84,15.0,0.85,70.5,0.01,0.01,2330.78718,1776259133000
1776259135.314,235.314,0.16,3.92,0.15,70.5,0.17,22.0,0.18,35.5,0.83,17.0,0.82,35.5,0.84,11.81,0.85,70.5,0.01,0.01,2331.09994,1776259134000
1776259135.634,235.634,0.15,73.38,0.14,75.5,0.16,5.0,0.17,22.0,0.83,22.0,0.82,35.5,0.84,3.92,0.85,70.5,0.01,0.01,2331.09994,1776259134000
1776259136.928,236.928,0.12,19.81,0.11,16.69,0.13,90.0,0.14,20.0,0.84,5.0,0.83,22.0,0.85,73.38,0.86,75.5,0.01,0.01,2331.08676,1776259135000
1776259137.969,237.969,0.11,76.69,0.1,181.0,0.13,67.0,0.14,25.0,0.87,90.0,0.86,20.0,0.88,10.81,0.89,16.69,0.02,0.01,2331.08676,1776259136000
1776259138.326,238.326,0.11,35.87,0.1,247.54,0.13,67.0,0.14,25.0,0.87,67.0,0.86,25.0,0.89,76.69,0.9,181.0,0.02,0.02,2331.10624,1776259137000
1776259140.033,240.033,0.11,11.69,0.1,76.0,0.12,102.0,0.13,117.95,0.87,54.3,0.86,25.0,0.89,90.87,0.9,247.54,0.01,0.02,2330.9759,1776259139000
1776259140.74,240.74,0.1,137.69,0.09,165.0,0.12,105.0,0.13,78.0,0.88,102.0,0.87,117.95,0.89,11.69,0.9,76.0,0.02,0.01,2330.9759,1776259139000
1776259141.145,241.145,0.1,146.74,0.09,165.0,0.12,105.0,0.13,78.0,0.88,90.0,0.87,78.0,0.89,5.62,0.9,147.79,0.02,0.01,2330.9759,1776259139000
1776259141.439,241.439,0.11,5.0,0.1,140.74,0.12,120.0,0.13,73.0,0.88,105.0,0.87,78.0,0.9,146.74,0.91,165.0,0.01,0.02,2330.9759,1776259139000
1776259142.013,242.013,0.11,5.0,0.1,90.74,0.12,96.66,0.13,73.0,0.88,120.0,0.87,73.0,0.89,5.0,0.9,140.74,0.01,0.01,2330.934522,1776259140000
1776259142.68,242.68,0.11,3.87,0.1,35.74,0.12,117.11,0.13,73.0,0.88,96.66,0.87,73.0,0.89,5.0,0.9,90.74,0.01,0.01,2330.953123,1776259141000
1776259143.115,243.115,0.1,35.74,0.09,165.0,0.12,121.11,0.13,73.0,0.88,116.11,0.87,73.0,0.89,1.39,0.9,35.74,0.02,0.01,2330.953123,1776259141000
1776259143.923,243.923,0.1,80.74,0.09,165.0,0.12,78.45,0.13,73.0,0.88,121.11,0.87,73.0,0.9,35.74,0.91,165.0,0.02,0.02,2330.9606,1776259142000
1776259144.311,244.311,0.1,54.42,0.09,165.0,0.11,15.0,0.12,50.9,0.88,78.45,0.87,73.0,0.9,80.74,0.91,165.0,0.01,0.02,2330.9606,1776259142000
1776259144.735,244.735,0.1,63.52,0.09,165.0,0.11,25.0,0.12,52.45,0.89,15.0,0.88,50.9,0.9,54.42,0.91,165.0,0.01,0.01,2331.029495,1776259143000
1776259145.604,245.604,0.08,7.93,0.07,10.0,0.09,70.0,0.1,108.0,0.89,25.0,0.88,52.45,0.9,63.52,0.91,165.0,0.01,0.01,2330.984635,1776259144000
1776259145.872,245.872,0.08,1.73,0.07,15.0,0.09,75.0,0.1,58.0,0.91,70.0,0.9,108.0,0.92,7.93,0.93,10.0,0.01,0.01,2330.984635,1776259144000
1776259146.785,246.785,0.08,1.73,0.07,15.0,0.09,74.05,0.1,108.0,0.91,75.0,0.9,58.0,0.92,1.73,0.93,15.0,0.01,0.01,2331.002375,1776259145000
1776259147.093,247.093,0.08,8.91,0.07,25.64,0.09,80.05,0.1,108.0,0.91,64.05,0.9,108.0,0.93,11.22,0.94,339.79,0.01,0.02,2331.002375,1776259145000
1776259147.745,247.745,0.07,15.0,0.06,270.63,0.08,17.0,0.09,19.05,0.91,85.05,0.9,108.0,0.93,11.7,0.94,320.34,0.01,0.02,2330.863623,1776259146000
1776259148.924,248.924,0.07,3.8,0.06,270.63,0.08,82.0,0.09,19.05,0.92,17.0,0.91,19.05,0.93,9.29,0.94,270.63,0.01,0.01,2330.867645,1776259147000
1776259150.416,250.416,0.06,320.2,0.05,309.79,0.07,26.95,0.08,10.0,0.93,6.95,0.92,82.0,0.94,270.63,0.95,334.79,0.01,0.01,2330.85772,1776259149000
1776259150.927,250.927,0.06,200.33,0.05,298.79,0.07,26.95,0.08,10.0,0.93,26.95,0.92,10.0,0.94,320.2,0.95,309.79,0.01,0.01,2330.85772,1776259149000
1776259154.485,254.485,0.07,12.05,0.06,55.33,0.08,15.0,0.09,44.0,0.93,26.95,0.92,10.0,0.94,200.33,0.95,298.79,0.01,0.01,2330.864385,1776259153000
1776259156.667,256.667,0.07,12.05,0.06,25.33,0.08,55.56,0.09,93.55,0.92,15.0,0.91,44.0,0.93,12.05,0.94,55.33,0.01,0.01,2330.870515,1776259155000
1776259156.995,256.995,0.06,21.55,0.05,130.0,0.08,55.56,0.09,93.55,0.92,50.56,0.91,93.55,0.93,1.56,0.94,25.33,0.02,0.01,2330.870515,1776259155000
1776259157.541,257.541,0.06,21.83,0.05,205.8,0.07,25.0,0.08,45.01,0.92,55.56,0.91,93.55,0.94,1.55,0.95,130.0,0.01,0.02,2330.92225,1776259156000
1776259157.969,257.969,0.05,155.8,0.04,345.79,0.07,25.0,0.08,51.56,0.93,25.0,0.92,51.56,0.94,23.63,0.95,155.8,0.02,0.01,2330.92225,1776259156000
1776259158.259,258.259,0.05,64.68,0.04,90.0,0.06,229.45,0.07,99.0,0.94,41.0,0.93,20.0,0.95,165.68,0.96,290.79,0.01,0.01,2330.92225,1776259156000
1776259158.474,258.474,0.04,192.89,0.03,573.67,0.05,75.12,0.06,125.0,0.95,65.12,0.94,120.0,0.96,192.99,0.97,573.67,0.01,0.01,2330.9222,1776259157000
1776259158.694,258.694,0.06,25.0,0.04,89.9,0.07,54.37,0.08,126.46,0.93,20.0,0.92,112.46,0.94,25.0,0.95,10.0,0.01,0.01,2330.9222,1776259157000
1776259158.989,258.989,0.04,84.58,0.03,396.68,0.05,80.0,0.06,126.99,0.93,54.37,0.92,126.46,0.94,25.0,0.96,89.9,0.01,0.01,2330.9222,1776259157000
1776259159.194,259.194,0.04,9.58,0.03,396.68,0.05,112.0,0.06,126.99,0.95,80.0,0.94,126.99,0.96,84.58,0.97,396.68,0.01,0.01,2330.9222,1776259158000
1776259159.524,259.524,0.04,4.58,0.03,396.68,0.05,82.0,0.06,190.79,0.95,112.0,0.94,126.99,0.96,9.58,0.97,396.68,0.01,0.01,2330.9222,1776259158000
1776259159.917,259.917,0.04,4.58,0.03,396.68,0.05,115.23,0.06,195.79,0.95,73.03,0.94,190.79,0.96,4.58,0.97,396.68,0.01,0.01,2330.9222,1776259158000
1776259160.764,260.764,0.03,396.68,0.02,917.69,0.05,171.23,0.06,207.34,0.95,115.23,0.94,195.79,0.96,4.58,0.97,396.68,0.02,0.01,2330.915289,1776259159000
1776259160.982,260.982,0.03,391.42,0.02,866.7,0.05,156.63,0.06,202.34,0.95,151.63,0.94,202.34,0.97,396.68,0.98,917.69,0.02,0.02,2330.915289,1776259159000
1776259161.715,261.715,0.03,375.96,0.02,866.7,0.04,103.7,0.05,156.63,0.95,156.63,0.94,202.34,0.97,391.42,0.98,866.7,0.01,0.02,2330.659,1776259160000
1776259161.922,261.922,0.03,360.4,0.02,866.7,0.04,103.7,0.05,156.63,0.96,103.7,0.95,156.63,0.97,370.8,0.98,866.7,0.01,0.01,2330.659,1776259160000
1776259162.294,262.294,0.03,345.21,0.02,866.7,0.04,108.7,0.05,156.63,0.96,108.7,0.95,156.63,0.97,350.21,0.98,866.7,0.01,0.01,2330.665865,1776259161000
1776259162.918,262.918,0.03,330.76,0.02,683.0,0.04,66.7,0.05,161.63,0.96,66.7,0.95,156.63,0.97,340.21,0.98,683.0,0.01,0.01,2330.665865,1776259161000
1776259163.269,263.269,0.03,320.46,0.02,653.0,0.04,71.7,0.05,172.63,0.96,66.7,0.95,161.63,0.97,330.76,0.98,683.0,0.01,0.01,2330.6107,1776259162000
1776259163.52,263.52,0.03,330.46,0.02,653.0,0.04,65.36,0.05,172.63,0.96,71.7,0.95,172.63,0.97,320.46,0.98,653.0,0.01,0.01,2330.6107,1776259162000
1776259163.765,263.765,0.03,330.46,0.02,578.99,0.04,175.68,0.05,222.62,0.96,65.36,0.95,172.63,0.97,330.46,0.98,653.0,0.01,0.01,2330.6107,1776259162000
1776259164.111,264.111,0.03,304.59,0.02,578.99,0.04,175.68,0.05,222.62,0.96,175.68,0.95,222.62,0.97,325.2,0.98,563.54,0.01,0.01,2330.6107,1776259162000
1776259164.907,264.907,0.03,152.42,0.02,485.99,0.04,99.68,0.05,199.63,0.96,175.68,0.95,222.62,0.97,304.59,0.98,578.99,0.01,0.01,2330.60686,1776259163000
1776259165.33,265.33,0.03,149.35,0.02,485.99,0.04,105.13,0.05,189.18,0.96,99.68,0.95,199.63,0.97,152.42,0.98,485.99,0.01,0.01,2330.60686,1776259163000
1776259165.582,265.582,0.03,95.69,0.02,463.54,0.04,115.13,0.05,189.18,0.96,110.13,0.95,189.18,0.97,100.85,0.98,485.99,0.01,0.01,2330.604055,1776259164000
1776259166.022,266.022,0.02,380.55,0.01,2634.56,0.03,106.04,0.04,109.68,0.96,115.68,0.95,189.18,0.98,459.54,0.99,2568.02,0.01,0.02,2330.59072,1776259165000
1776259166.41,266.41,0.02,374.55,0.01,2934.56,0.03,130.04,0.04,115.13,0.97,106.04,0.96,109.68,0.98,380.55,0.99,2634.56,0.01,0.01,2330.59072,1776259165000
1776259166.962,266.962,0.02,368.37,0.01,2929.56,0.03,125.04,0.04,165.13,0.97,125.04,0.96,109.68,0.98,374.55,0.99,2934.56,0.01,0.01,2330.59072,1776259165000
1776259167.477,267.477,0.02,363.16,0.01,2832.01,0.03,133.98,0.04,170.68,0.97,123.67,0.96,170.68,0.98,368.37,0.99,2929.56,0.01,0.01,2330.55435,1776259166000
1776259167.789,267.789,0.02,326.42,0.01,2832.01,0.03,133.98,0.04,183.68,0.97,133.98,0.96,183.68,0.98,328.16,0.99,2832.01,0.01,0.01,2330.55435,1776259166000
1776259168.219,268.219,0.02,208.32,0.01,2832.01,0.03,138.98,0.04,183.68,0.97,133.98,0.96,183.68,0.98,243.32,0.99,2832.01,0.01,0.01,2330.55435,1776259166000
1776259168.575,268.575,0.02,73.82,0.01,2838.99,0.03,138.98,0.04,194.68,0.97,138.98,0.96,183.68,0.98,208.32,0.99,2832.01,0.01,0.01,2330.590127,1776259167000
1776259169.467,269.467,0.02,83.82,0.01,2864.99,0.03,139.55,0.04,210.67,0.97,138.98,0.96,194.68,0.98,73.82,0.99,2838.99,0.01,0.01,2330.590127,1776259167000
1776259169.819,269.819,0.02,78.61,0.01,2699.99,0.03,144.55,0.04,210.67,0.97,139.55,0.96,210.67,0.98,83.82,0.99,2864.99,0.01,0.01,2330.59262,1776259168000
1776259170.434,270.434,0.02,19.72,0.01,2325.99,0.03,144.55,0.04,210.67,0.97,144.55,0.96,210.67,0.98,74.83,0.99,2699.99,0.01,0.01,2330.59262,1776259168000
1776259171.271,271.271,0.01,2137.62,,,0.02,0.75,0.03,139.55,0.97,144.55,0.96,224.67,0.99,2232.62,,,0.01,0.02,2330.588795,1776259169000
1776259171.478,271.478,0.01,2132.62,,,0.03,131.04,0.04,173.67,0.98,0.75,0.97,139.55,0.99,2137.62,,,0.02,0.01,2330.588795,1776259169000
1776259171.96,271.96,0.01,2094.69,,,0.03,131.04,0.04,173.67,0.97,131.04,0.96,173.67,0.99,2097.62,,,0.02,0.02,2330.588795,1776259169000
1776259172.769,272.769,0.01,2026.69,,,0.02,11.1,0.03,131.04,0.97,131.04,0.96,173.67,0.99,2094.69,,,0.01,0.02,2330.543959,1776259170000
1776259173.028,273.028,0.01,2021.53,,,0.02,11.1,0.03,136.49,0.98,11.1,0.97,131.04,0.99,2026.69,,,0.01,0.01,2330.57808,1776259171000
1776259173.341,273.341,0.01,2016.53,,,0.02,0.12,0.03,148.04,0.98,11.1,0.97,136.49,0.99,2021.53,,,0.01,0.01,2330.57808,1776259171000
1776259173.701,273.701,0.01,2011.42,,,0.02,0.12,0.03,148.04,0.98,0.12,0.97,148.04,0.99,2016.53,,,0.01,0.01,2330.582765,1776259172000
1776259174.534,274.534,0.01,2056.29,,,0.02,162.03,0.03,160.04,0.98,0.12,0.97,148.04,0.99,2026.29,,,0.01,0.01,2330.582765,1776259172000
1776259174.8,274.8,0.01,1887.3,,,0.02,162.03,0.03,160.04,0.98,162.03,0.97,160.04,0.99,2056.29,,,0.01,0.01,2330.582765,1776259173000
1776259175.385,275.385,0.01,1522.63,,,0.03,91.31,0.04,126.54,0.98,162.03,0.97,160.04,0.99,1887.25,,,0.02,0.01,2330.60806,1776259174000
1776259175.944,275.944,0.01,1485.04,,,0.02,175.93,0.03,91.31,0.97,91.31,0.96,126.54,0.99,1520.63,,,0.01,0.02,2330.60806,1776259174000
1776259176.168,276.168,0.01,1580.04,,,0.02,175.93,0.03,91.31,0.98,175.93,0.97,91.31,0.99,1485.04,,,0.01,0.01,2330.613695,1776259175000
1776259176.769,276.769,0.01,1536.02,,,0.02,180.93,0.03,106.31,0.98,175.93,0.97,91.31,0.99,1580.04,,,0.01,0.01,2330.613695,1776259175000
1776259177.171,277.171,0.01,1535.86,,,0.02,175.93,0.03,106.31,0.98,180.93,0.97,106.31,0.99,1536.02,,,0.01,0.01,2330.613695,1776259175000
1776259177.643,277.643,0.01,1370.86,,,0.02,165.93,0.03,106.31,0.98,175.93,0.97,106.31,0.99,1535.86,,,0.01,0.01,2330.613695,1776259175000
1776259179.108,279.108,0.01,1311.87,,,0.02,180.93,0.03,123.31,0.98,165.93,0.97,106.31,0.99,1370.86,,,0.01,0.01,2330.60341,1776259178000
1776259179.341,279.341,0.01,1308.87,,,0.02,170.93,0.03,147.31,0.98,180.93,0.97,123.31,0.99,1311.87,,,0.01,0.01,2330.60341,1776259178000
1776259179.784,279.784,0.01,1231.47,,,0.02,196.93,0.03,141.86,0.98,170.93,0.97,147.31,0.99,1308.87,,,0.01,0.01,2330.60341,1776259178000
1776259180.115,280.115,0.01,1226.41,,,0.02,209.93,0.03,146.86,0.98,196.93,0.97,141.86,0.99,1231.47,,,0.01,0.01,2330.60341,1776259178000
1776259180.458,280.458,0.01,486.05,,,0.02,219.93,0.03,141.86,0.98,214.93,0.97,141.86,0.99,495.1,,,0.01,0.01,2330.563,1776259179000
1776259182.347,282.347,,,,,0.01,155.95,0.02,236.93,0.98,219.93,0.97,146.86,0.99,478.05,,,,0.01,2330.5259,1776259180000
1776259183.546,283.546,,,,,0.01,2390.18,0.02,154.0,0.99,155.95,0.98,236.93,,,,,,,2330.3967,1776259182000
1776259185.448,285.448,,,,,0.01,2391.52,0.02,196.0,0.99,2390.18,0.98,154.0,,,,,,,2330.3838,1776259183000
1776259185.839,285.839,,,,,0.01,2246.52,0.02,196.0,0.99,2391.52,0.98,196.0,,,,,,,2330.31705,1776259184000
1776259186.232,286.232,,,,,0.01,2255.4,0.02,196.0,0.99,2246.52,0.98,196.0,,,,,,,2330.223825,1776259185000
1776259186.678,286.678,,,,,0.01,2252.62,0.02,196.0,0.99,2255.4,0.98,196.0,,,,,,,2330.223825,1776259185000
1776259186.992,286.992,,,,,0.01,2052.62,0.02,196.0,0.99,2252.62,0.98,196.0,,,,,,,2330.223825,1776259185000
1776259188.683,288.683,,,,,0.01,2057.34,0.02,196.0,0.99,2052.62,0.98,196.0,,,,,,,2330.156575,1776259187000
1776259195.312,295.312,,,,,0.01,5513.46,0.02,257.99,0.99,2057.34,0.98,196.0,,,,,,,2329.921035,1776259193000
1776259200.381,300.381,,,,,0.01,61392.2,0.02,155.0,0.99,5513.46,0.98,257.99,,,,,,,2329.87122,1776259199000

# RESULT,winner=Down,slug=eth-updown-5m-1776258900,ticks=307
