timestamp,elapsed_sec,up_bid_p1,up_bid_s1,up_bid_p2,up_bid_s2,up_ask_p1,up_ask_s1,up_ask_p2,up_ask_s2,down_bid_p1,down_bid_s1,down_bid_p2,down_bid_s2,down_ask_p1,down_ask_s1,down_ask_p2,down_ask_s2,up_spread,down_spread,eth_price,eth_oracle_ts
1776181211.232,11.232,,,,,,,,,,,,,,,,,,,2361.22042,1776181210000
1776181211.465,11.465,0.51,5.0,0.5,15.0,0.52,168.07,0.53,149.71,0.48,163.07,0.47,149.71,0.49,5.0,0.5,15.0,0.01,0.01,2361.22042,1776181210000
1776181212.052,12.052,0.51,5.0,0.5,15.0,0.52,168.07,0.53,149.71,0.48,183.07,0.47,266.71,0.49,2.95,0.5,15.0,0.01,0.01,2361.22042,1776181210000
1776181212.259,12.259,0.51,0.9,0.5,15.0,0.52,183.07,0.53,149.71,0.48,183.07,0.47,149.71,0.49,0.9,0.5,15.0,0.01,0.01,2361.1366,1776181211000
1776181212.705,12.705,0.5,12.8,0.49,232.42,0.51,41.0,0.52,185.0,0.48,183.07,0.47,149.71,0.49,0.9,0.5,15.0,0.01,0.01,2361.1366,1776181211000
1776181213.153,13.153,0.49,135.7,0.48,50.0,0.5,155.0,0.51,52.0,0.49,161.0,0.48,192.0,0.51,188.12,0.52,74.42,0.01,0.02,2361.1366,1776181211000
1776181213.385,13.385,0.49,135.7,0.48,50.0,0.5,155.0,0.51,52.0,0.5,155.0,0.49,52.0,0.51,135.7,0.52,50.0,0.01,0.01,2361.15478,1776181212000
1776181214.144,14.144,0.49,155.7,0.48,200.84,0.5,15.0,0.51,177.2,0.5,155.0,0.49,52.0,0.51,135.7,0.52,50.0,0.01,0.01,2361.15478,1776181212000
1776181214.468,14.468,0.49,155.7,0.48,200.84,0.5,15.0,0.51,177.2,0.5,15.0,0.49,177.2,0.51,155.7,0.52,200.84,0.01,0.01,2361.12591,1776181213000
1776181215.026,15.026,0.49,155.7,0.48,200.84,0.5,15.0,0.51,177.2,0.5,15.0,0.49,177.2,0.51,155.7,0.52,200.84,0.01,0.01,2361.07505,1776181214000
1776181216.05,16.05,0.49,36.7,0.48,211.84,0.5,15.0,0.51,62.2,0.5,15.0,0.49,62.2,0.51,36.7,0.52,211.84,0.01,0.01,2361.07535,1776181215000
1776181216.515,16.515,0.49,11.0,0.48,179.42,0.5,120.0,0.51,252.2,0.5,140.0,0.49,285.2,0.51,11.0,0.52,169.0,0.01,0.01,2361.07535,1776181215000
1776181216.979,16.979,0.49,7.06,0.48,189.84,0.5,125.0,0.51,252.2,0.5,125.0,0.49,252.2,0.51,9.03,0.52,189.84,0.01,0.01,2361.07535,1776181215000
1776181217.239,17.239,0.49,10.09,0.48,189.84,0.5,125.0,0.51,273.2,0.5,125.0,0.49,252.2,0.51,7.06,0.52,189.84,0.01,0.01,2361.07535,1776181215000
1776181217.632,17.632,0.49,10.09,0.48,189.84,0.5,125.0,0.51,273.2,0.5,125.0,0.49,273.2,0.51,10.09,0.52,189.84,0.01,0.01,2361.01565,1776181216000
1776181217.852,17.852,0.49,10.09,0.48,189.84,0.5,114.0,0.51,268.2,0.5,125.0,0.49,273.2,0.51,10.09,0.52,189.84,0.01,0.01,2361.01565,1776181216000
1776181218.263,18.263,0.48,35.71,0.47,177.28,0.5,119.0,0.51,268.2,0.5,119.0,0.49,268.2,0.52,35.71,0.53,177.28,0.02,0.02,2361.05614,1776181217000
1776181218.539,18.539,0.5,293.0,0.49,84.99,0.51,0.39,0.52,17.0,0.5,119.0,0.49,268.2,0.52,35.71,0.53,177.28,0.01,0.02,2361.05614,1776181217000
1776181219.455,19.455,0.5,298.0,0.49,84.99,0.52,7.77,0.53,110.71,0.48,7.77,0.47,110.71,0.5,298.0,0.51,84.99,0.02,0.02,2361.06397,1776181218000
1776181220.091,20.091,0.51,5.0,0.5,20.0,0.52,140.27,0.53,270.71,0.48,7.77,0.47,110.71,0.5,298.0,0.51,84.99,0.01,0.02,2361.06397,1776181218000
1776181220.835,20.835,0.51,5.0,0.5,20.0,0.52,237.4,0.53,148.71,0.48,140.27,0.47,270.71,0.49,5.0,0.5,20.0,0.01,0.01,2361.07566,1776181219000
1776181221.346,21.346,0.51,5.0,0.5,20.0,0.52,237.4,0.53,148.71,0.48,237.4,0.47,148.71,0.49,5.0,0.5,20.0,0.01,0.01,2361.251405,1776181220000
1776181222.778,22.778,0.49,85.0,0.48,27.0,0.5,30.0,0.51,246.0,0.48,237.4,0.47,148.71,0.49,5.0,0.5,20.0,0.01,0.01,2361.251405,1776181220000
1776181223.31,23.31,0.49,85.0,0.48,27.0,0.5,30.0,0.51,246.0,0.5,30.0,0.49,246.0,0.51,85.0,0.52,27.0,0.01,0.01,2361.13505,1776181222000
1776181224.092,24.092,0.49,85.0,0.48,27.0,0.5,115.0,0.51,248.0,0.5,30.0,0.49,246.0,0.51,85.0,0.52,27.0,0.01,0.01,2361.13505,1776181222000
1776181224.794,24.794,0.49,75.39,0.48,27.0,0.5,125.0,0.51,253.0,0.5,115.0,0.49,248.0,0.51,85.0,0.52,27.0,0.01,0.01,2361.13505,1776181222000
1776181225.553,25.553,0.49,15.39,0.48,15.0,0.5,122.0,0.51,158.0,0.5,125.0,0.49,253.0,0.51,75.39,0.52,27.0,0.01,0.01,2361.05015,1776181223000
1776181226.191,26.191,0.49,5.39,0.48,15.0,0.5,127.0,0.51,158.0,0.5,127.0,0.49,158.0,0.51,5.39,0.52,15.0,0.01,0.01,2361.077477,1776181225000
1776181226.651,26.651,0.49,33.42,0.48,259.0,0.5,15.0,0.51,356.0,0.5,127.0,0.49,158.0,0.51,5.39,0.52,15.0,0.01,0.01,2361.077477,1776181225000
1776181227.907,27.907,0.49,33.42,0.48,259.0,0.5,15.0,0.51,356.0,0.5,15.0,0.49,356.0,0.51,33.42,0.52,259.0,0.01,0.01,2360.979315,1776181226000
1776181228.54,28.54,0.49,33.42,0.48,259.0,0.5,15.0,0.51,356.0,0.5,15.0,0.49,356.0,0.51,33.42,0.52,259.0,0.01,0.01,2360.982695,1776181227000
1776181229.012,29.012,0.49,33.42,0.48,142.0,0.51,322.49,0.52,163.0,0.5,15.0,0.49,356.0,0.51,33.42,0.52,259.0,0.02,0.01,2360.982695,1776181227000
1776181229.296,29.296,0.49,33.42,0.48,142.0,0.51,322.49,0.52,163.0,0.49,322.49,0.48,163.0,0.51,33.42,0.52,142.0,0.02,0.02,2360.99118,1776181228000
1776181230.482,30.482,0.49,417.63,0.48,139.0,0.56,92.9,0.57,15.0,0.49,257.0,0.48,68.0,0.51,33.42,0.52,242.0,0.07,0.02,2360.99118,1776181228000
1776181230.685,30.685,0.56,45.0,0.55,129.1,0.6,46.68,0.61,297.0,0.4,55.52,0.39,297.0,0.44,35.0,0.45,129.1,0.04,0.04,2361.01128,1776181229000
1776181230.908,30.908,0.58,15.0,0.57,6.51,0.59,16.0,0.6,28.37,0.41,5.0,0.4,28.37,0.42,5.0,0.43,6.51,0.01,0.01,2361.01128,1776181229000
1776181231.165,31.165,0.58,10.0,0.57,11.51,0.59,245.0,0.6,10.37,0.41,133.0,0.4,10.37,0.42,15.0,0.43,11.51,0.01,0.01,2361.007505,1776181230000
1776181231.488,31.488,0.58,31.0,0.57,11.51,0.59,241.59,0.6,18.37,0.41,251.0,0.4,10.37,0.42,10.0,0.43,11.51,0.01,0.01,2361.007505,1776181230000
1776181231.935,31.935,0.58,36.0,0.57,111.51,0.6,10.37,0.61,15.0,0.41,238.0,0.4,18.37,0.42,41.0,0.43,11.51,0.02,0.01,2361.007505,1776181230000
1776181232.311,32.311,0.58,10.0,0.57,15.0,0.59,4.91,0.6,10.0,0.41,4.91,0.4,10.0,0.42,36.0,0.43,111.51,0.01,0.01,2361.007505,1776181230000
1776181233.53,33.53,0.58,10.0,0.57,15.0,0.59,4.91,0.6,10.0,0.41,4.91,0.4,10.0,0.42,10.0,0.43,15.0,0.01,0.01,2361.616782,1776181232000
1776181234.145,34.145,0.57,10.0,0.56,145.0,0.58,316.99,0.59,107.02,0.42,303.99,0.41,107.02,0.43,5.0,0.44,145.0,0.01,0.01,2361.616782,1776181232000
1776181234.58,34.58,0.57,30.0,0.56,145.0,0.58,310.99,0.59,102.02,0.42,315.99,0.41,107.02,0.43,15.0,0.44,145.0,0.01,0.01,2361.616782,1776181232000
1776181235.192,35.192,0.57,30.0,0.56,145.0,0.58,310.99,0.59,102.02,0.42,310.99,0.41,102.02,0.43,30.0,0.44,145.0,0.01,0.01,2361.644724,1776181234000
1776181235.804,35.804,0.56,25.0,0.55,5.0,0.57,129.0,0.58,141.0,0.42,310.99,0.41,102.02,0.43,30.0,0.44,145.0,0.01,0.01,2361.644724,1776181234000
1776181236.043,36.043,0.56,7.0,0.55,5.0,0.57,370.0,0.58,51.0,0.43,370.0,0.42,78.0,0.44,12.0,0.45,5.0,0.01,0.01,2361.644724,1776181234000
1776181236.255,36.255,0.55,2.0,0.54,15.0,0.56,204.92,0.57,158.0,0.44,79.92,0.43,297.0,0.45,2.0,0.46,15.0,0.01,0.01,2361.644724,1776181234000
1776181237.115,37.115,0.55,19.0,0.54,15.0,0.56,363.1,0.57,41.0,0.44,202.0,0.43,158.0,0.45,9.0,0.46,15.0,0.01,0.01,2361.575391,1776181235000
1776181237.441,37.441,0.55,19.0,0.54,15.0,0.56,363.1,0.57,41.0,0.44,363.1,0.43,41.0,0.45,19.0,0.46,15.0,0.01,0.01,2361.47975,1776181236000
1776181238.047,38.047,0.55,19.0,0.54,15.0,0.56,363.1,0.57,41.0,0.44,363.1,0.43,41.0,0.45,19.0,0.46,15.0,0.01,0.01,2361.47839,1776181237000
1776181238.322,38.322,0.55,14.54,0.54,15.0,0.56,328.1,0.57,41.0,0.44,328.1,0.43,41.0,0.45,16.77,0.46,15.0,0.01,0.01,2361.47839,1776181237000
1776181238.629,38.629,0.55,303.54,0.54,131.0,0.57,26.0,0.58,5.0,0.44,328.1,0.43,41.0,0.45,14.54,0.46,15.0,0.02,0.01,2361.47839,1776181237000
1776181239.044,39.044,0.56,79.0,0.55,276.54,0.57,16.0,0.58,41.0,0.43,16.0,0.42,41.0,0.44,79.0,0.45,276.54,0.01,0.01,2361.37024,1776181238000
1776181239.42,39.42,0.56,30.0,0.55,124.54,0.57,164.47,0.58,158.0,0.43,16.0,0.42,41.0,0.44,79.0,0.45,276.54,0.01,0.01,2361.37024,1776181238000
1776181240.274,40.274,0.56,30.0,0.55,124.54,0.57,164.47,0.58,158.0,0.43,164.47,0.42,158.0,0.44,30.0,0.45,124.54,0.01,0.01,2361.345175,1776181239000
1776181240.485,40.485,0.52,17.0,0.51,26.0,0.54,20.0,0.55,135.0,0.43,164.47,0.42,158.0,0.44,30.0,0.45,124.54,0.02,0.01,2361.345175,1776181239000
1776181240.767,40.767,0.52,7.0,0.51,31.0,0.54,120.0,0.56,60.0,0.46,20.0,0.45,135.0,0.48,17.0,0.49,26.0,0.02,0.02,2361.345175,1776181239000
1776181241.417,41.417,0.51,148.0,0.5,15.0,0.54,125.0,0.55,20.0,0.46,125.0,0.45,20.0,0.49,148.0,0.5,15.0,0.03,0.03,2361.45,1776181240000
1776181241.911,41.911,0.52,32.87,0.51,253.0,0.53,10.0,0.54,125.0,0.47,10.0,0.46,125.0,0.48,32.87,0.49,253.0,0.01,0.01,2361.45,1776181241000
1776181242.164,42.164,0.52,23.69,0.51,248.0,0.53,134.0,0.54,162.0,0.47,139.0,0.46,162.0,0.48,20.78,0.49,253.0,0.01,0.01,2361.45,1776181241000
1776181242.452,42.452,0.51,20.81,0.5,25.0,0.53,189.95,0.54,100.0,0.47,174.95,0.46,212.0,0.48,21.0,0.49,298.0,0.02,0.01,2361.45,1776181241000
1776181242.724,42.724,0.5,15.0,0.49,120.42,0.52,221.0,0.53,217.0,0.47,189.95,0.46,100.0,0.49,20.81,0.5,25.0,0.02,0.02,2361.45,1776181241000
1776181243.211,43.211,0.49,120.42,0.48,175.0,0.52,203.0,0.53,217.0,0.48,203.0,0.47,217.0,0.51,120.42,0.52,175.0,0.03,0.03,2361.18005,1776181242000
1776181244.391,44.391,0.49,120.42,0.48,175.0,0.52,203.0,0.53,217.0,0.48,203.0,0.47,217.0,0.51,120.42,0.52,175.0,0.03,0.03,2361.156515,1776181243000
1776181245.199,45.199,0.49,1.45,0.48,127.0,0.5,85.0,0.51,127.0,0.48,203.0,0.47,217.0,0.51,120.42,0.52,175.0,0.01,0.03,2361.156515,1776181243000
1776181246.467,46.467,0.47,22.0,0.46,30.01,0.49,322.0,0.5,91.0,0.5,85.0,0.49,127.0,0.51,1.45,0.52,127.0,0.02,0.01,2360.99865,1776181244000
1776181247.308,47.308,0.47,17.0,0.46,92.01,0.48,191.0,0.49,214.0,0.51,322.0,0.5,91.0,0.53,22.0,0.54,30.01,0.01,0.02,2360.9301,1776181245000
1776181247.691,47.691,0.47,5.0,0.46,42.01,0.48,378.93,0.49,107.0,0.52,191.0,0.51,214.0,0.53,17.0,0.54,92.01,0.01,0.01,2360.9301,1776181245000
1776181247.946,47.946,0.46,42.01,0.45,65.0,0.48,408.93,0.49,107.0,0.52,378.93,0.51,107.0,0.53,5.0,0.54,42.01,0.02,0.01,2360.9301,1776181245000
1776181249.025,49.025,0.46,6.32,0.45,30.0,0.47,384.0,0.48,130.93,0.53,115.0,0.52,293.93,0.54,23.32,0.55,65.0,0.01,0.01,2360.856885,1776181247000
1776181249.377,49.377,0.45,5.02,0.44,30.0,0.46,335.0,0.47,128.0,0.53,384.0,0.52,130.93,0.54,6.32,0.55,30.0,0.01,0.01,2360.856885,1776181247000
1776181249.617,49.617,0.45,5.02,0.44,92.0,0.46,218.56,0.47,128.0,0.54,218.56,0.53,128.0,0.55,5.02,0.56,92.0,0.01,0.01,2360.735322,1776181248000
1776181250.655,50.655,0.44,208.48,0.43,180.0,0.46,176.0,0.47,93.0,0.54,176.0,0.53,93.0,0.56,208.48,0.57,180.0,0.02,0.02,2360.637121,1776181249000
1776181250.876,50.876,0.44,90.85,0.43,187.0,0.46,233.0,0.47,215.0,0.54,176.0,0.53,93.0,0.56,208.48,0.57,180.0,0.02,0.02,2360.637121,1776181249000
1776181251.33,51.33,0.45,10.0,0.44,207.85,0.46,232.0,0.47,98.0,0.54,233.0,0.53,215.0,0.56,90.85,0.57,187.0,0.01,0.02,2360.637121,1776181249000
1776181251.569,51.569,0.45,10.0,0.44,207.85,0.46,232.0,0.47,98.0,0.54,232.0,0.53,98.0,0.55,10.0,0.56,207.85,0.01,0.01,2360.564229,1776181250000
1776181252.038,52.038,0.45,14.54,0.44,202.85,0.46,59.0,0.47,202.0,0.54,232.0,0.53,98.0,0.55,10.0,0.56,207.85,0.01,0.01,2360.564229,1776181250000
1776181253.007,53.007,0.45,0.9,0.44,22.0,0.46,347.0,0.47,75.0,0.54,59.0,0.53,202.0,0.55,14.54,0.56,202.85,0.01,0.01,2360.60641,1776181251000
1776181253.282,53.282,0.44,5.0,0.43,32.0,0.45,195.0,0.46,186.0,0.54,347.0,0.53,75.0,0.55,0.9,0.56,22.0,0.01,0.01,2360.60641,1776181251000
1776181253.708,53.708,0.43,28.14,0.42,65.0,0.45,348.0,0.46,69.0,0.55,348.0,0.54,69.0,0.57,28.14,0.58,65.0,0.02,0.02,2360.532921,1776181252000
1776181254.374,54.374,0.43,28.14,0.42,65.0,0.45,348.0,0.46,69.0,0.55,348.0,0.54,69.0,0.57,28.14,0.58,65.0,0.02,0.02,2360.547652,1776181253000
1776181255.035,55.035,0.42,3.41,0.41,279.0,0.44,185.0,0.45,187.0,0.56,185.0,0.55,187.0,0.58,3.41,0.59,279.0,0.02,0.02,2360.4753,1776181254000
1776181255.603,55.603,0.43,158.78,0.42,50.82,0.44,188.62,0.45,197.0,0.56,200.0,0.55,192.0,0.57,89.0,0.58,10.0,0.01,0.01,2360.4753,1776181254000
1776181256.22,56.22,0.43,157.02,0.42,112.82,0.44,161.13,0.45,197.0,0.56,156.13,0.55,197.0,0.57,158.78,0.58,62.82,0.01,0.01,2360.4753,1776181254000
1776181256.562,56.562,0.43,157.02,0.42,112.82,0.44,161.13,0.45,197.0,0.56,161.13,0.55,197.0,0.57,157.02,0.58,112.82,0.01,0.01,2360.392266,1776181255000
1776181257.0,57.0,0.43,85.27,0.42,89.0,0.44,156.13,0.45,192.0,0.56,161.13,0.55,197.0,0.57,157.02,0.58,112.82,0.01,0.01,2360.392266,1776181255000
1776181257.232,57.232,0.43,85.27,0.42,89.0,0.44,156.13,0.45,192.0,0.56,156.13,0.55,192.0,0.57,85.27,0.58,89.0,0.01,0.01,2360.393,1776181256000
1776181257.703,57.703,0.43,67.73,0.42,94.0,0.44,273.13,0.45,80.0,0.56,278.13,0.55,80.0,0.57,76.51,0.58,89.0,0.01,0.01,2360.393,1776181256000
1776181258.303,58.303,0.43,56.95,0.42,44.0,0.44,278.13,0.45,80.0,0.56,273.13,0.55,80.0,0.57,58.95,0.58,94.0,0.01,0.01,2360.393,1776181256000
1776181258.746,58.746,0.43,56.95,0.42,44.0,0.44,278.13,0.45,80.0,0.56,278.13,0.55,80.0,0.57,56.95,0.58,44.0,0.01,0.01,2360.514585,1776181257000
1776181259.513,59.513,0.43,56.95,0.42,44.0,0.44,278.13,0.45,80.0,0.56,278.13,0.55,80.0,0.57,56.95,0.58,44.0,0.01,0.01,2360.52174,1776181258000
1776181259.815,59.815,0.41,81.0,0.4,210.0,0.42,166.0,0.43,192.0,0.58,176.0,0.57,192.0,0.59,62.0,0.6,93.0,0.01,0.01,2360.52174,1776181258000
1776181260.27,60.27,0.41,81.0,0.4,210.0,0.42,166.0,0.43,192.0,0.58,166.0,0.57,192.0,0.59,81.0,0.6,210.0,0.01,0.01,2360.408505,1776181259000
1776181260.761,60.761,0.43,134.0,0.42,140.0,0.44,180.38,0.45,192.0,0.58,166.0,0.57,192.0,0.59,81.0,0.6,210.0,0.01,0.01,2360.408505,1776181259000
1776181260.991,60.991,0.43,183.64,0.42,140.0,0.44,175.38,0.45,192.0,0.56,180.38,0.55,192.0,0.57,134.0,0.58,140.0,0.01,0.01,2360.408505,1776181259000
1776181261.772,61.772,0.43,154.93,0.42,108.0,0.44,180.0,0.45,192.0,0.56,175.38,0.55,192.0,0.57,183.64,0.58,140.0,0.01,0.01,2360.408505,1776181259000
1776181262.259,62.259,0.43,98.17,0.42,108.0,0.44,185.0,0.45,192.0,0.56,180.0,0.55,192.0,0.57,154.93,0.58,108.0,0.01,0.01,2360.373772,1776181260000
1776181262.522,62.522,0.43,98.17,0.42,108.0,0.44,185.0,0.45,192.0,0.56,185.0,0.55,192.0,0.57,98.17,0.58,108.0,0.01,0.01,2360.432925,1776181261000
1776181263.088,63.088,0.43,103.17,0.42,108.0,0.44,67.72,0.45,307.0,0.56,185.0,0.55,192.0,0.57,98.17,0.58,108.0,0.01,0.01,2360.432925,1776181261000
1776181263.82,63.82,0.43,179.31,0.42,340.0,0.44,178.43,0.45,307.0,0.56,17.72,0.55,307.0,0.57,181.09,0.58,340.0,0.01,0.01,2360.463045,1776181262000
1776181264.452,64.452,0.43,506.31,0.42,103.0,0.44,155.71,0.49,22.0,0.56,178.43,0.55,307.0,0.57,179.31,0.58,340.0,0.01,0.01,2360.463045,1776181262000
1776181264.795,64.795,0.49,5.66,0.43,504.31,0.51,30.0,0.52,65.0,0.49,30.0,0.48,65.0,0.51,5.66,0.57,504.31,0.02,0.02,2360.418335,1776181263000
1776181265.02,65.02,0.5,108.43,0.49,262.33,0.52,10.0,0.53,91.0,0.48,10.0,0.47,91.0,0.5,141.9,0.51,220.12,0.02,0.02,2360.418335,1776181263000
1776181265.471,65.471,0.51,15.0,0.5,315.96,0.52,10.0,0.53,76.0,0.49,10.0,0.48,10.0,0.5,265.96,0.51,182.33,0.01,0.01,2360.418335,1776181263000
1776181266.396,66.396,0.51,185.0,0.5,205.0,0.52,9.64,0.53,70.0,0.48,9.64,0.47,70.0,0.49,185.0,0.5,205.0,0.01,0.01,2360.498585,1776181265000
1776181267.295,67.295,0.52,512.75,0.51,108.0,0.53,10.0,0.54,15.0,0.48,9.64,0.47,70.0,0.49,185.0,0.5,205.0,0.01,0.01,2360.498585,1776181265000
1776181267.741,67.741,0.52,532.75,0.51,108.0,0.53,1.52,0.54,15.0,0.47,10.0,0.46,15.0,0.48,507.75,0.49,108.0,0.01,0.01,2360.498585,1776181265000
1776181268.147,68.147,0.52,426.85,0.51,102.0,0.55,64.83,0.56,72.0,0.46,7.23,0.45,65.0,0.48,527.75,0.49,134.0,0.03,0.02,2361.30211,1776181266000
1776181268.372,68.372,0.53,271.0,0.52,347.85,0.54,1.8,0.55,60.73,0.46,3.66,0.45,60.73,0.47,50.0,0.48,431.85,0.01,0.01,2361.30211,1776181266000
1776181268.602,68.602,0.53,271.0,0.52,347.85,0.54,1.8,0.55,60.73,0.46,1.8,0.45,60.73,0.47,271.0,0.48,347.85,0.01,0.01,2361.323405,1776181267000
1776181268.982,68.982,0.53,339.9,0.52,101.85,0.55,177.67,0.56,95.0,0.46,1.8,0.45,60.73,0.47,344.9,0.48,218.85,0.02,0.01,2361.323405,1776181267000
1776181269.24,69.24,0.53,226.77,0.52,101.85,0.55,177.67,0.56,105.0,0.45,177.67,0.44,95.0,0.47,339.9,0.48,101.85,0.02,0.02,2361.323405,1776181267000
1776181269.684,69.684,0.53,226.77,0.52,101.85,0.55,177.67,0.56,105.0,0.45,177.67,0.44,105.0,0.47,226.77,0.48,101.85,0.02,0.02,2361.42257,1776181268000
1776181270.162,70.162,0.53,226.77,0.52,101.85,0.55,177.67,0.56,105.0,0.45,177.67,0.44,105.0,0.47,226.77,0.48,101.85,0.02,0.02,2361.440145,1776181269000
1776181271.361,71.361,0.53,226.77,0.52,101.85,0.55,177.67,0.56,105.0,0.45,177.67,0.44,105.0,0.47,226.77,0.48,101.85,0.02,0.02,2361.43851,1776181270000
1776181271.774,71.774,0.54,290.0,0.53,83.0,0.55,55.92,0.56,187.0,0.45,60.0,0.44,187.0,0.46,285.0,0.47,83.0,0.01,0.01,2361.43851,1776181270000
1776181272.321,72.321,0.54,290.0,0.53,83.0,0.55,55.92,0.56,187.0,0.45,55.92,0.44,187.0,0.46,290.0,0.47,83.0,0.01,0.01,2361.474295,1776181271000
1776181273.356,73.356,0.54,290.0,0.53,83.0,0.55,55.92,0.56,187.0,0.45,55.92,0.44,187.0,0.46,290.0,0.47,83.0,0.01,0.01,2361.451,1776181272000
1776181273.796,73.796,0.54,282.82,0.53,71.0,0.55,177.92,0.56,90.0,0.45,50.92,0.44,187.0,0.46,335.0,0.47,71.0,0.01,0.01,2361.451,1776181272000
1776181274.168,74.168,0.54,282.82,0.53,66.0,0.55,176.1,0.56,108.0,0.45,177.92,0.44,90.0,0.46,282.82,0.47,71.0,0.01,0.01,2361.45096,1776181273000
1776181275.024,75.024,0.54,282.82,0.53,66.0,0.55,176.1,0.56,108.0,0.45,176.1,0.44,108.0,0.46,282.82,0.47,66.0,0.01,0.01,2361.523611,1776181274000
1776181275.572,75.572,0.52,0.1,0.51,70.0,0.53,90.0,0.54,27.0,0.45,176.1,0.44,108.0,0.46,282.82,0.47,66.0,0.01,0.01,2361.523611,1776181274000
1776181275.968,75.968,0.51,0.45,0.5,130.0,0.52,25.0,0.53,104.0,0.48,25.0,0.47,104.0,0.49,0.45,0.5,130.0,0.01,0.01,2361.512718,1776181275000
1776181276.387,76.387,0.51,12.46,0.5,7.0,0.52,221.94,0.53,105.41,0.48,25.0,0.47,104.0,0.49,0.45,0.5,130.0,0.01,0.01,2361.512718,1776181275000
1776181276.651,76.651,0.51,63.54,0.5,15.0,0.52,201.72,0.53,120.41,0.48,196.72,0.47,105.41,0.49,12.46,0.5,7.0,0.01,0.01,2361.512718,1776181275000
1776181277.095,77.095,0.51,44.54,0.5,65.0,0.52,201.72,0.53,120.41,0.48,201.72,0.47,120.41,0.49,44.54,0.5,65.0,0.01,0.01,2361.43423,1776181276000
1776181278.218,78.218,0.51,25.95,0.5,5.0,0.52,348.72,0.53,120.41,0.48,348.72,0.47,120.41,0.49,25.95,0.5,5.0,0.01,0.01,2361.159,1776181277000
1776181278.912,78.912,0.49,20.24,0.48,20.0,0.5,427.85,0.51,160.0,0.49,20.03,0.48,400.97,0.51,24.66,0.52,30.0,0.01,0.02,2361.159,1776181277000
1776181279.33,79.33,0.49,16.4,0.48,20.0,0.5,427.85,0.51,160.0,0.5,427.85,0.49,160.0,0.51,16.4,0.52,20.0,0.01,0.01,2361.047975,1776181278000
1776181279.686,79.686,0.48,35.31,0.47,70.0,0.49,118.0,0.5,235.0,0.51,260.0,0.5,118.0,0.52,39.16,0.53,20.0,0.01,0.01,2361.047975,1776181278000
1776181279.904,79.904,0.48,35.31,0.47,70.0,0.49,118.0,0.5,235.0,0.51,118.0,0.5,235.0,0.52,35.31,0.53,70.0,0.01,0.01,2360.944996,1776181279000
1776181280.916,80.916,0.48,28.0,0.47,20.0,0.49,313.28,0.5,108.0,0.51,118.0,0.5,235.0,0.52,35.31,0.53,70.0,0.01,0.01,2360.944996,1776181279000
1776181282.063,82.063,0.48,28.0,0.47,20.0,0.49,313.28,0.5,108.0,0.51,313.28,0.5,108.0,0.52,28.0,0.53,20.0,0.01,0.01,2360.765154,1776181281000
1776181282.391,82.391,0.49,10.0,0.48,175.0,0.5,61.22,0.51,55.0,0.52,58.59,0.51,50.0,0.54,260.87,0.55,26.12,0.01,0.02,2360.765154,1776181281000
1776181283.252,83.252,0.49,353.84,0.48,121.0,0.5,46.22,0.51,65.0,0.5,61.22,0.49,55.0,0.51,10.0,0.52,175.0,0.01,0.01,2360.765154,1776181281000
1776181283.618,83.618,0.49,339.03,0.48,121.0,0.5,47.42,0.51,65.0,0.5,47.42,0.49,65.0,0.51,339.03,0.52,121.0,0.01,0.01,2360.703282,1776181282000
1776181284.113,84.113,0.49,339.03,0.48,121.0,0.5,47.42,0.51,65.0,0.5,47.42,0.49,65.0,0.51,339.03,0.52,121.0,0.01,0.01,2360.728185,1776181283000
1776181284.376,84.376,0.51,233.95,0.5,192.0,0.52,70.37,0.53,87.0,0.48,70.37,0.47,87.0,0.49,172.0,0.5,192.0,0.01,0.01,2360.728185,1776181283000
1776181284.653,84.653,0.51,250.78,0.5,192.0,0.52,65.37,0.53,87.0,0.48,70.37,0.47,87.0,0.49,233.95,0.5,192.0,0.01,0.01,2360.728185,1776181283000
1776181285.232,85.232,0.51,223.22,0.5,192.0,0.52,70.37,0.53,87.0,0.48,70.37,0.47,87.0,0.49,223.22,0.5,192.0,0.01,0.01,2360.884665,1776181284000
1776181285.587,85.587,0.51,183.22,0.5,208.0,0.53,99.59,0.54,207.0,0.48,21.74,0.47,99.59,0.49,286.22,0.5,81.0,0.02,0.01,2360.884665,1776181284000
1776181285.885,85.885,0.52,449.0,0.51,94.22,0.54,104.59,0.55,163.1,0.47,99.59,0.46,207.0,0.49,183.22,0.5,208.0,0.02,0.02,2360.884665,1776181284000
1776181286.135,86.135,0.53,439.0,0.52,87.0,0.54,8.14,0.55,15.0,0.46,104.59,0.45,163.1,0.48,449.0,0.49,94.22,0.01,0.02,2360.884665,1776181284000
1776181286.384,86.384,0.54,208.0,0.53,198.0,0.55,31.68,0.56,108.0,0.45,33.5,0.44,108.0,0.46,140.0,0.47,228.0,0.01,0.01,2360.939985,1776181285000
1776181287.002,87.002,0.55,252.0,0.54,111.0,0.56,44.14,0.57,98.0,0.45,13.31,0.44,63.0,0.46,307.0,0.47,198.0,0.01,0.01,2360.939985,1776181285000
1776181287.209,87.209,0.55,252.0,0.54,111.0,0.56,44.14,0.57,98.0,0.44,44.14,0.43,98.0,0.45,252.0,0.46,111.0,0.01,0.01,2361.02496,1776181286000
1776181288.219,88.219,0.55,252.0,0.54,111.0,0.56,44.14,0.57,98.0,0.44,44.14,0.43,98.0,0.45,252.0,0.46,111.0,0.01,0.01,2361.190326,1776181287000
1776181289.276,89.276,0.55,252.0,0.54,111.0,0.56,44.14,0.57,98.0,0.44,44.14,0.43,98.0,0.45,252.0,0.46,111.0,0.01,0.01,2361.354305,1776181288000
1776181289.497,89.497,0.65,204.0,0.64,157.0,0.66,36.9,0.67,9.0,0.33,9.0,0.32,25.0,0.35,86.0,0.36,218.0,0.01,0.02,2361.354305,1776181288000
1776181289.865,89.865,0.65,434.0,0.64,262.0,0.66,9.82,0.67,25.0,0.34,29.9,0.33,14.0,0.35,283.0,0.36,257.0,0.01,0.01,2361.354305,1776181288000
1776181290.16,90.16,0.66,146.17,0.65,329.0,0.69,58.23,0.7,72.0,0.33,10.0,0.32,33.0,0.34,101.17,0.35,319.0,0.03,0.01,2361.354305,1776181288000
1776181290.45,90.45,0.67,163.0,0.66,105.0,0.68,17.38,0.69,58.23,0.31,58.23,0.3,72.0,0.34,146.17,0.35,329.0,0.01,0.03,2361.376855,1776181289000
1776181290.804,90.804,0.67,95.0,0.66,100.0,0.68,19.0,0.69,149.15,0.32,10.0,0.31,142.15,0.33,223.0,0.34,100.0,0.01,0.01,2361.376855,1776181289000
1776181291.175,91.175,0.66,100.0,0.65,156.0,0.68,268.0,0.69,68.55,0.32,19.0,0.31,149.15,0.33,95.0,0.34,100.0,0.02,0.01,2361.376855,1776181289000
1776181291.422,91.422,0.65,150.0,0.64,161.0,0.66,131.48,0.67,132.0,0.32,268.0,0.31,68.55,0.34,100.0,0.35,156.0,0.01,0.02,2362.099403,1776181290000
1776181291.805,91.805,0.65,36.0,0.64,17.0,0.66,255.48,0.67,15.0,0.34,133.48,0.33,15.0,0.35,50.0,0.36,161.0,0.01,0.01,2362.099403,1776181290000
1776181292.024,92.024,0.65,36.0,0.64,17.0,0.66,255.48,0.67,15.0,0.34,255.48,0.33,15.0,0.35,36.0,0.36,17.0,0.01,0.01,2362.477948,1776181291000
1776181292.322,92.322,0.65,11.0,0.64,38.0,0.66,253.96,0.67,10.0,0.34,250.48,0.33,10.0,0.35,61.0,0.36,94.0,0.01,0.01,2362.477948,1776181291000
1776181293.018,93.018,0.64,7.65,0.63,36.0,0.66,300.92,0.67,60.0,0.34,300.92,0.33,60.0,0.36,7.65,0.37,36.0,0.02,0.02,2362.329092,1776181292000
1776181293.286,93.286,0.61,21.33,0.6,65.0,0.62,82.66,0.63,83.0,0.38,85.0,0.37,83.0,0.39,21.33,0.4,65.0,0.01,0.01,2362.329092,1776181292000
1776181293.837,93.837,0.59,283.5,0.58,76.0,0.62,81.58,0.63,308.0,0.38,76.58,0.37,83.0,0.39,21.33,0.4,65.0,0.03,0.01,2362.329092,1776181292000
1776181294.194,94.194,0.6,30.0,0.59,66.5,0.61,20.19,0.62,302.0,0.39,3.19,0.38,75.0,0.4,10.0,0.41,283.5,0.01,0.01,2362.21235,1776181293000
1776181294.528,94.528,0.6,58.0,0.59,30.0,0.61,204.02,0.62,70.0,0.39,20.19,0.38,302.0,0.4,30.0,0.41,66.5,0.01,0.01,2362.21235,1776181293000
1776181295.009,95.009,0.6,58.0,0.59,30.0,0.61,204.02,0.62,70.0,0.39,204.02,0.38,70.0,0.4,58.0,0.41,30.0,0.01,0.01,2362.0178,1776181294000
1776181295.437,95.437,0.6,357.0,0.59,75.0,0.61,53.66,0.62,65.0,0.39,8.82,0.38,75.0,0.4,327.0,0.41,75.0,0.01,0.01,2362.0178,1776181294000
1776181295.908,95.908,0.62,171.0,0.61,187.0,0.63,59.0,0.64,121.4,0.39,48.66,0.38,65.0,0.4,357.0,0.41,75.0,0.01,0.01,2362.0178,1776181294000
1776181297.052,97.052,0.62,171.0,0.61,187.0,0.63,59.0,0.64,121.4,0.37,59.0,0.36,121.4,0.38,171.0,0.39,187.0,0.01,0.01,2361.96827,1776181296000
1776181298.527,98.527,0.62,171.0,0.61,187.0,0.63,59.0,0.64,121.4,0.37,59.0,0.36,121.4,0.38,171.0,0.39,187.0,0.01,0.01,2362.054865,1776181297000
1776181299.151,99.151,0.62,171.0,0.61,187.0,0.63,59.0,0.64,121.4,0.37,59.0,0.36,121.4,0.38,171.0,0.39,187.0,0.01,0.01,2362.070915,1776181298000
1776181300.024,100.024,0.62,11.0,0.61,65.0,0.63,194.09,0.64,236.09,0.37,59.0,0.36,121.4,0.38,171.0,0.39,187.0,0.01,0.01,2362.070915,1776181298000
1776181300.275,100.275,0.62,11.0,0.61,65.0,0.63,194.09,0.64,236.09,0.37,194.09,0.36,236.09,0.38,11.0,0.39,65.0,0.01,0.01,2362.072657,1776181299000
1776181300.917,100.917,0.62,6.0,0.61,50.0,0.63,155.35,0.64,121.09,0.37,194.09,0.36,236.09,0.38,11.0,0.39,65.0,0.01,0.01,2362.072657,1776181299000
1776181301.366,101.366,0.62,6.0,0.61,50.0,0.63,155.35,0.64,121.09,0.37,155.35,0.36,121.09,0.38,6.0,0.39,50.0,0.01,0.01,2362.048857,1776181300000
1776181302.06,102.06,0.61,62.15,0.6,297.0,0.63,137.09,0.64,228.0,0.37,155.35,0.36,121.09,0.38,6.0,0.39,50.0,0.02,0.01,2362.048857,1776181300000
1776181302.784,102.784,0.61,62.15,0.6,297.0,0.63,137.09,0.64,228.0,0.37,137.09,0.36,228.0,0.39,62.15,0.4,297.0,0.02,0.02,2362.036135,1776181301000
1776181303.386,103.386,0.61,62.15,0.6,297.0,0.63,137.09,0.64,228.0,0.37,137.09,0.36,228.0,0.39,62.15,0.4,297.0,0.02,0.02,2361.992045,1776181302000
1776181304.406,104.406,0.63,338.29,0.62,65.0,0.65,82.09,0.66,96.48,0.35,82.09,0.34,96.48,0.37,338.29,0.38,65.0,0.02,0.02,2362.008397,1776181303000
1776181304.804,104.804,0.64,278.82,0.63,67.29,0.65,120.09,0.66,101.48,0.35,120.09,0.34,101.48,0.36,293.82,0.37,62.29,0.01,0.01,2362.008397,1776181303000
1776181305.255,105.255,0.66,6.0,0.65,336.0,0.69,25.15,0.7,70.0,0.35,120.09,0.34,101.48,0.36,278.82,0.37,67.29,0.03,0.01,2362.078818,1776181304000
1776181305.573,105.573,0.68,339.0,0.67,37.0,0.7,74.0,0.71,140.0,0.31,18.84,0.3,70.0,0.34,6.0,0.35,361.0,0.02,0.03,2362.078818,1776181304000
1776181305.776,105.776,0.69,23.0,0.68,301.0,0.7,64.0,0.71,140.0,0.3,74.0,0.29,140.0,0.32,339.0,0.33,37.0,0.01,0.02,2362.078818,1776181304000
1776181306.18,106.18,0.69,224.0,0.68,191.0,0.7,80.57,0.71,140.0,0.3,52.0,0.29,140.0,0.31,84.0,0.32,301.0,0.01,0.01,2362.078818,1776181304000
1776181306.696,106.696,0.69,416.0,0.68,154.0,0.7,72.0,0.71,181.0,0.3,45.99,0.29,172.0,0.31,361.0,0.32,144.0,0.01,0.01,2362.156428,1776181305000
1776181307.218,107.218,0.73,17.0,0.72,47.0,0.74,10.51,0.75,70.0,0.3,8.17,0.29,96.0,0.31,421.0,0.32,154.0,0.01,0.01,2362.156428,1776181305000
1776181308.062,108.062,0.73,404.88,0.72,112.0,0.74,44.0,0.75,105.0,0.26,59.15,0.25,70.0,0.27,54.88,0.28,144.0,0.01,0.01,2362.348181,1776181306000
1776181308.365,108.365,0.73,58.0,0.72,207.0,0.74,218.73,0.75,105.0,0.26,49.0,0.25,222.0,0.27,250.84,0.28,229.0,0.01,0.01,2362.348181,1776181306000
1776181308.672,108.672,0.73,233.0,0.72,209.0,0.74,41.09,0.75,105.0,0.26,210.37,0.25,105.0,0.27,223.0,0.28,92.0,0.01,0.01,2362.679969,1776181307000
1776181308.912,108.912,0.73,282.0,0.72,224.0,0.74,36.59,0.75,105.0,0.26,39.59,0.25,105.0,0.27,282.0,0.28,219.0,0.01,0.01,2362.679969,1776181307000
1776181309.584,109.584,0.73,396.04,0.72,107.0,0.74,36.59,0.75,55.0,0.26,36.59,0.25,105.0,0.27,282.0,0.28,224.0,0.01,0.01,2362.757087,1776181308000
1776181310.101,110.101,0.73,396.04,0.72,107.0,0.74,36.59,0.75,55.0,0.26,36.59,0.25,55.0,0.27,396.04,0.28,107.0,0.01,0.01,2363.109204,1776181309000
1776181310.445,110.445,0.73,230.04,0.72,219.0,0.74,79.56,0.75,100.0,0.26,96.59,0.25,222.0,0.27,239.04,0.28,219.0,0.01,0.01,2363.109204,1776181309000
1776181310.804,110.804,0.73,352.04,0.72,102.0,0.74,33.64,0.75,100.0,0.26,79.56,0.25,100.0,0.27,230.04,0.28,219.0,0.01,0.01,2363.109204,1776181309000
1776181311.443,111.443,0.73,352.04,0.72,102.0,0.74,33.64,0.75,100.0,0.26,33.64,0.25,100.0,0.27,352.04,0.28,102.0,0.01,0.01,2363.115985,1776181310000
1776181311.959,111.959,0.7,366.0,0.69,110.0,0.71,4.0,0.72,100.0,0.29,86.09,0.28,342.0,0.31,207.32,0.32,218.0,0.01,0.02,2363.115985,1776181310000
1776181312.415,112.415,0.71,224.65,0.7,257.0,0.72,113.09,0.73,219.0,0.28,78.09,0.27,102.0,0.3,366.0,0.31,116.0,0.01,0.02,2363.115985,1776181310000
1776181312.911,112.911,0.71,224.65,0.7,257.0,0.72,113.09,0.73,219.0,0.28,113.09,0.27,219.0,0.29,224.65,0.3,257.0,0.01,0.01,2363.112745,1776181312000
1776181313.784,113.784,0.71,10.55,0.67,10.0,0.72,167.0,0.73,102.0,0.27,102.0,0.26,99.0,0.29,416.65,0.3,145.0,0.01,0.02,2363.112745,1776181312000
1776181314.145,114.145,0.66,126.47,0.65,110.99,0.68,1.55,0.69,10.0,0.32,1.55,0.31,10.0,0.34,126.47,0.35,110.99,0.02,0.02,2362.901838,1776181313000
1776181314.346,114.346,0.67,8.92,0.66,20.0,0.68,13.52,0.69,127.0,0.32,13.52,0.31,127.0,0.33,11.96,0.34,20.0,0.01,0.01,2362.901838,1776181313000
1776181314.609,114.609,0.66,19.09,0.65,332.0,0.68,24.52,0.69,132.0,0.32,18.52,0.31,132.0,0.34,19.09,0.35,297.0,0.02,0.02,2362.901838,1776181313000
1776181314.85,114.85,0.67,40.0,0.66,19.09,0.68,13.85,0.69,409.0,0.32,24.52,0.31,132.0,0.34,19.09,0.35,332.0,0.01,0.02,2362.901838,1776181313000
1776181315.234,115.234,0.67,40.0,0.66,19.09,0.68,13.85,0.69,409.0,0.32,13.85,0.31,409.0,0.33,40.0,0.34,19.09,0.01,0.01,2362.91291,1776181314000
1776181315.445,115.445,0.67,14.0,0.66,74.09,0.68,357.46,0.69,237.0,0.32,13.85,0.31,409.0,0.33,40.0,0.34,19.09,0.01,0.01,2362.91291,1776181314000
1776181316.267,116.267,0.67,14.0,0.66,74.09,0.68,357.46,0.69,237.0,0.32,357.46,0.31,237.0,0.33,14.0,0.34,74.09,0.01,0.01,2362.52669,1776181315000
1776181316.501,116.501,0.67,211.96,0.66,189.09,0.68,76.98,0.69,107.0,0.32,78.46,0.31,97.0,0.33,211.96,0.34,189.09,0.01,0.01,2362.52669,1776181315000
1776181317.233,117.233,0.71,155.0,0.7,89.0,0.72,51.51,0.73,88.3,0.32,76.98,0.31,107.0,0.33,211.96,0.34,189.09,0.01,0.01,2362.52669,1776181315000
1776181317.584,117.584,0.71,164.0,0.7,130.0,0.72,46.51,0.73,88.3,0.28,51.51,0.27,88.3,0.29,155.0,0.3,89.0,0.01,0.01,2362.506519,1776181316000
1776181318.255,118.255,0.72,108.42,0.71,357.0,0.73,83.3,0.74,83.7,0.28,46.51,0.27,88.3,0.29,164.0,0.3,130.0,0.01,0.01,2362.506519,1776181316000
1776181318.6,118.6,0.72,93.42,0.71,262.0,0.73,61.51,0.74,302.0,0.27,83.3,0.26,83.7,0.28,108.42,0.29,357.0,0.01,0.01,2362.517556,1776181317000
1776181318.948,118.948,0.72,134.84,0.71,257.0,0.73,61.51,0.74,316.09,0.27,61.51,0.26,302.0,0.28,93.42,0.29,262.0,0.01,0.01,2362.517556,1776181317000
1776181319.184,119.184,0.72,134.84,0.71,257.0,0.73,61.51,0.74,316.09,0.27,61.51,0.26,316.09,0.28,134.84,0.29,257.0,0.01,0.01,2362.703389,1776181318000
1776181320.165,120.165,0.72,134.84,0.71,257.0,0.73,61.51,0.74,316.09,0.27,61.51,0.26,316.09,0.28,134.84,0.29,257.0,0.01,0.01,2362.924955,1776181319000
1776181320.882,120.882,0.73,30.0,0.72,5.0,0.74,255.82,0.75,226.0,0.27,61.51,0.26,316.09,0.28,134.84,0.29,257.0,0.01,0.01,2362.924955,1776181319000
1776181321.362,121.362,0.73,30.0,0.72,5.0,0.74,255.82,0.75,226.0,0.26,255.82,0.25,226.0,0.27,30.0,0.28,5.0,0.01,0.01,2362.922626,1776181320000
1776181322.29,122.29,0.7,313.0,0.69,144.0,0.72,12.0,0.73,88.0,0.26,255.82,0.25,226.0,0.27,30.0,0.28,5.0,0.02,0.01,2362.922626,1776181320000
1776181322.845,122.845,0.72,388.0,0.71,107.0,0.74,39.0,0.75,115.0,0.28,12.0,0.27,88.0,0.3,313.0,0.31,144.0,0.02,0.02,2362.962435,1776181321000
1776181323.053,123.053,0.73,77.0,0.72,344.0,0.74,27.74,0.75,200.0,0.26,27.74,0.25,200.0,0.27,77.0,0.28,344.0,0.01,0.01,2362.734873,1776181322000
1776181323.414,123.414,0.73,31.85,0.72,56.0,0.74,331.08,0.75,200.0,0.26,8.21,0.25,150.0,0.27,388.0,0.28,112.0,0.01,0.01,2362.734873,1776181322000
1776181324.111,124.111,0.73,31.85,0.72,56.0,0.74,331.08,0.75,200.0,0.26,331.08,0.25,200.0,0.27,31.85,0.28,56.0,0.01,0.01,2362.856178,1776181323000
1776181325.201,125.201,0.73,31.85,0.72,56.0,0.74,331.08,0.75,200.0,0.26,331.08,0.25,200.0,0.27,31.85,0.28,56.0,0.01,0.01,2362.952787,1776181324000
1776181325.49,125.49,0.73,25.0,0.72,65.0,0.74,444.3,0.75,200.0,0.26,331.08,0.25,200.0,0.27,31.85,0.28,56.0,0.01,0.01,2362.952787,1776181324000
1776181326.167,126.167,0.72,46.14,0.71,297.0,0.74,439.3,0.75,200.0,0.26,439.3,0.25,200.0,0.28,46.14,0.29,297.0,0.02,0.02,2362.95065,1776181325000
1776181327.124,127.124,0.72,106.14,0.71,332.0,0.74,218.35,0.75,215.0,0.26,218.35,0.25,215.0,0.28,106.14,0.29,332.0,0.02,0.02,2362.922095,1776181326000
1776181328.212,128.212,0.73,35.0,0.72,76.14,0.74,194.35,0.75,217.0,0.26,194.35,0.25,217.0,0.27,35.0,0.28,76.14,0.01,0.01,2362.900921,1776181327000
1776181328.419,128.419,0.73,65.0,0.72,50.0,0.74,23.68,0.75,101.0,0.26,194.35,0.25,217.0,0.27,35.0,0.28,76.14,0.01,0.01,2362.900921,1776181327000
1776181329.25,129.25,0.73,65.0,0.72,50.0,0.74,23.68,0.75,101.0,0.26,23.68,0.25,101.0,0.27,65.0,0.28,50.0,0.01,0.01,2362.913921,1776181328000
1776181329.625,129.625,0.73,105.0,0.72,332.0,0.74,23.09,0.75,206.0,0.26,23.68,0.25,101.0,0.27,65.0,0.28,50.0,0.01,0.01,2362.913921,1776181328000
1776181330.233,130.233,0.73,87.2,0.72,332.0,0.74,23.09,0.75,206.0,0.26,23.09,0.25,206.0,0.27,105.0,0.28,332.0,0.01,0.01,2362.913921,1776181328000
1776181330.958,130.958,0.75,94.0,0.74,221.0,0.76,83.09,0.77,335.0,0.26,23.09,0.25,206.0,0.27,87.2,0.28,332.0,0.01,0.01,2362.934622,1776181329000
1776181331.292,131.292,0.75,89.41,0.74,221.0,0.76,83.09,0.77,335.0,0.24,83.09,0.23,335.0,0.25,89.41,0.26,221.0,0.01,0.01,2362.960469,1776181330000
1776181331.773,131.773,0.74,11.0,0.73,101.0,0.76,382.09,0.77,103.0,0.24,83.09,0.23,335.0,0.25,89.41,0.26,221.0,0.02,0.01,2362.960469,1776181330000
1776181332.219,132.219,0.74,7.0,0.73,71.0,0.75,334.09,0.76,108.0,0.24,382.09,0.23,103.0,0.26,11.0,0.27,101.0,0.01,0.02,2362.960469,1776181330000
1776181333.342,133.342,0.74,7.0,0.73,71.0,0.75,334.09,0.76,108.0,0.25,334.09,0.24,108.0,0.26,7.0,0.27,71.0,0.01,0.01,2363.05973,1776181332000
1776181334.308,134.308,0.74,7.0,0.73,71.0,0.75,334.09,0.76,108.0,0.25,334.09,0.24,108.0,0.26,7.0,0.27,71.0,0.01,0.01,2362.967597,1776181333000
1776181334.595,134.595,0.7,60.0,0.69,85.0,0.72,99.7,0.73,194.09,0.25,334.09,0.24,108.0,0.26,7.0,0.27,71.0,0.02,0.01,2362.967597,1776181333000
1776181335.372,135.372,0.69,4.45,0.68,10.0,0.7,55.0,0.71,99.0,0.3,55.0,0.29,99.0,0.31,4.45,0.32,10.0,0.01,0.01,2362.994916,1776181334000
1776181335.724,135.724,0.75,23.0,0.74,25.0,0.76,145.0,0.77,185.3,0.24,130.0,0.23,200.3,0.28,478.0,0.29,146.0,0.01,0.04,2362.994916,1776181334000
1776181335.969,135.969,0.75,16.0,0.74,147.0,0.76,130.0,0.77,200.3,0.24,145.0,0.23,185.3,0.25,23.0,0.26,25.0,0.01,0.01,2362.994916,1776181334000
1776181336.27,136.27,0.74,127.38,0.73,35.0,0.76,130.0,0.77,200.3,0.24,130.0,0.23,200.3,0.26,127.38,0.27,35.0,0.02,0.02,2362.88175,1776181335000
1776181336.562,136.562,0.75,29.0,0.74,363.38,0.76,128.68,0.77,200.3,0.24,130.0,0.23,200.3,0.26,127.38,0.27,35.0,0.01,0.02,2362.88175,1776181335000
1776181337.34,137.34,0.75,29.0,0.74,363.38,0.76,128.68,0.77,200.3,0.24,128.68,0.23,200.3,0.25,29.0,0.26,363.38,0.01,0.01,2362.819755,1776181336000
1776181338.318,138.318,0.75,29.0,0.74,363.38,0.76,128.68,0.77,200.3,0.24,128.68,0.23,200.3,0.25,29.0,0.26,363.38,0.01,0.01,2363.017817,1776181337000
1776181339.157,139.157,0.75,29.0,0.74,363.38,0.76,128.68,0.77,200.3,0.24,128.68,0.23,200.3,0.25,29.0,0.26,363.38,0.01,0.01,2363.018158,1776181338000
1776181340.289,140.289,0.75,29.0,0.74,363.38,0.76,128.68,0.77,200.3,0.24,128.68,0.23,200.3,0.25,29.0,0.26,363.38,0.01,0.01,2363.020865,1776181339000
1776181341.313,141.313,0.75,29.0,0.74,363.38,0.76,128.68,0.77,200.3,0.24,128.68,0.23,200.3,0.25,29.0,0.26,363.38,0.01,0.01,2363.01691,1776181340000
1776181342.259,142.259,0.75,29.0,0.74,363.38,0.76,128.68,0.77,200.3,0.24,128.68,0.23,200.3,0.25,29.0,0.26,363.38,0.01,0.01,2362.98955,1776181341000
1776181343.052,143.052,0.8,346.0,0.79,72.0,0.81,17.4,0.82,104.4,0.24,95.09,0.23,276.0,0.25,148.38,0.26,351.0,0.01,0.01,2362.98955,1776181341000
1776181343.314,143.314,0.8,346.0,0.79,72.0,0.81,17.4,0.82,104.4,0.19,17.4,0.18,104.4,0.2,346.0,0.21,72.0,0.01,0.01,2363.066588,1776181342000
1776181343.548,143.548,0.8,425.0,0.79,120.0,0.81,14.69,0.82,157.4,0.19,17.4,0.18,104.4,0.2,346.0,0.21,72.0,0.01,0.01,2363.066588,1776181342000
1776181343.763,143.763,0.8,342.0,0.79,127.0,0.81,9.22,0.82,157.4,0.19,11.69,0.18,157.4,0.2,406.0,0.21,127.0,0.01,0.01,2363.066588,1776181342000
1776181344.368,144.368,0.8,337.0,0.79,127.0,0.81,7.62,0.82,157.4,0.19,7.62,0.18,157.4,0.2,337.0,0.21,127.0,0.01,0.01,2363.023019,1776181343000
1776181344.717,144.717,0.8,220.0,0.79,244.0,0.81,5.62,0.82,157.4,0.19,7.62,0.18,157.4,0.2,337.0,0.21,127.0,0.01,0.01,2363.023019,1776181343000
1776181345.383,145.383,0.8,220.0,0.79,244.0,0.81,5.62,0.82,157.4,0.19,5.62,0.18,157.4,0.2,220.0,0.21,244.0,0.01,0.01,2363.5706,1776181344000
1776181345.63,145.63,0.8,120.0,0.79,227.0,0.81,9.05,0.82,243.09,0.19,5.62,0.18,157.4,0.2,220.0,0.21,244.0,0.01,0.01,2363.5706,1776181344000
1776181345.834,145.834,0.82,8.12,0.81,302.0,0.83,9.0,0.84,36.8,0.18,127.19,0.17,30.5,0.19,10.0,0.2,362.0,0.01,0.01,2363.5706,1776181344000
1776181346.06,146.06,0.83,18.12,0.82,179.48,0.84,36.68,0.85,260.2,0.16,41.8,0.15,265.2,0.17,18.12,0.18,192.48,0.01,0.01,2363.617796,1776181345000
1776181346.347,146.347,0.84,10.0,0.83,191.0,0.85,66.51,0.86,306.9,0.16,36.68,0.15,260.2,0.17,18.12,0.18,179.48,0.01,0.01,2363.617796,1776181345000
1776181346.576,146.576,0.85,4.0,0.84,10.0,0.86,312.11,0.87,204.8,0.14,306.9,0.13,196.8,0.16,15.0,0.17,222.0,0.01,0.02,2363.617796,1776181345000
1776181346.792,146.792,0.85,4.0,0.84,60.0,0.86,414.24,0.87,204.8,0.14,417.48,0.13,204.8,0.15,4.0,0.16,60.0,0.01,0.01,2363.617796,1776181345000
1776181347.002,147.002,0.85,4.0,0.84,60.0,0.86,316.22,0.87,204.8,0.14,414.24,0.13,204.8,0.15,4.0,0.16,60.0,0.01,0.01,2363.67275,1776181346000
1776181347.496,147.496,0.85,3.27,0.84,60.0,0.86,434.31,0.87,272.8,0.14,372.22,0.13,253.98,0.15,4.0,0.16,60.0,0.01,0.01,2363.67275,1776181346000
1776181348.008,148.008,0.85,3.27,0.84,60.0,0.86,434.31,0.87,272.8,0.14,434.31,0.13,272.8,0.15,3.27,0.16,60.0,0.01,0.01,2363.81502,1776181347000
1776181348.386,148.386,0.83,60.0,0.82,78.24,0.84,338.55,0.85,369.2,0.16,231.82,0.15,346.0,0.17,60.0,0.18,78.24,0.01,0.01,2363.81502,1776181347000
1776181348.695,148.695,0.83,60.0,0.82,78.24,0.84,335.28,0.85,369.2,0.16,338.55,0.15,369.2,0.17,60.0,0.18,78.24,0.01,0.01,2363.81502,1776181347000
1776181348.932,148.932,0.83,38.03,0.82,78.24,0.84,335.28,0.85,369.2,0.16,335.28,0.15,369.2,0.17,58.15,0.18,78.24,0.01,0.01,2363.81502,1776181347000
1776181349.249,149.249,0.83,65.79,0.82,103.24,0.84,225.84,0.85,269.2,0.16,332.01,0.15,369.2,0.17,40.79,0.18,78.24,0.01,0.01,2364.002344,1776181348000
1776181349.859,149.859,0.83,8.0,0.82,103.24,0.84,420.89,0.85,152.2,0.16,133.89,0.15,384.2,0.17,69.79,0.18,225.24,0.01,0.01,2364.002344,1776181348000
1776181350.154,150.154,0.83,130.0,0.82,225.24,0.84,20.8,0.85,46.29,0.16,420.89,0.15,152.2,0.17,8.0,0.18,103.24,0.01,0.01,2363.96984,1776181349000
1776181350.393,150.393,0.84,166.0,0.83,265.0,0.85,8.2,0.86,10.01,0.16,20.8,0.15,46.29,0.17,130.0,0.18,225.24,0.01,0.01,2363.96984,1776181349000
1776181350.817,150.817,0.87,47.74,0.86,324.99,0.88,10.1,0.89,195.41,0.13,40.89,0.12,176.1,0.14,10.99,0.15,10.0,0.01,0.01,2363.96984,1776181349000
1776181351.116,151.116,0.87,110.74,0.86,335.99,0.88,9.47,0.89,231.5,0.12,10.1,0.11,245.5,0.13,65.74,0.14,335.99,0.01,0.01,2363.96984,1776181349000
1776181351.715,151.715,0.87,100.74,0.86,330.99,0.88,13.47,0.89,393.44,0.12,7.27,0.11,343.44,0.13,105.74,0.14,340.99,0.01,0.01,2363.877843,1776181350000
1776181352.801,152.801,0.87,100.74,0.86,215.99,0.88,9.6,0.89,361.44,0.12,9.6,0.11,361.44,0.13,100.74,0.14,215.99,0.01,0.01,2364.220378,1776181351000
1776181353.018,153.018,0.87,11.74,0.86,75.99,0.88,284.16,0.89,202.44,0.12,285.46,0.11,202.44,0.13,61.74,0.14,75.99,0.01,0.01,2364.220378,1776181351000
1776181353.413,153.413,0.87,11.74,0.86,75.99,0.88,328.39,0.89,202.44,0.12,328.39,0.11,202.44,0.13,11.74,0.14,75.99,0.01,0.01,2364.427366,1776181352000
1776181354.072,154.072,0.87,11.74,0.86,75.99,0.88,328.39,0.89,202.44,0.12,328.39,0.11,202.44,0.13,11.74,0.14,75.99,0.01,0.01,2364.440135,1776181353000
1776181355.23,155.23,0.86,10.0,0.85,182.0,0.87,154.76,0.88,289.49,0.12,384.49,0.11,202.44,0.13,2.46,0.14,75.99,0.01,0.01,2364.440135,1776181353000
1776181355.559,155.559,0.86,10.0,0.85,182.0,0.87,154.76,0.88,289.49,0.13,154.76,0.12,289.49,0.14,10.0,0.15,182.0,0.01,0.01,2364.265123,1776181354000
1776181356.046,156.046,0.88,8.03,0.86,464.88,0.89,206.44,0.9,260.0,0.13,154.76,0.12,289.49,0.14,10.0,0.15,182.0,0.01,0.01,2364.265123,1776181354000
1776181356.308,156.308,0.88,8.03,0.86,464.88,0.89,206.44,0.9,260.0,0.11,206.44,0.1,260.0,0.12,8.03,0.14,464.88,0.01,0.01,2364.265123,1776181355000
1776181356.669,156.669,0.88,103.03,0.87,199.0,0.89,245.88,0.9,377.0,0.11,230.44,0.1,377.0,0.12,73.03,0.13,194.0,0.01,0.01,2364.265123,1776181355000
1776181356.947,156.947,0.88,103.03,0.87,199.0,0.89,240.88,0.9,377.0,0.11,245.88,0.1,377.0,0.12,103.03,0.13,199.0,0.01,0.01,2364.265123,1776181355000
1776181357.487,157.487,0.88,67.51,0.87,199.0,0.89,259.88,0.9,377.0,0.11,240.88,0.1,377.0,0.12,103.03,0.13,199.0,0.01,0.01,2364.265123,1776181355000
1776181358.172,158.172,0.88,62.51,0.87,190.0,0.89,224.75,0.9,377.0,0.11,259.88,0.1,377.0,0.12,67.51,0.13,199.0,0.01,0.01,2364.267042,1776181356000
1776181358.614,158.614,0.88,92.51,0.87,190.0,0.89,175.11,0.9,377.0,0.11,218.62,0.1,377.0,0.12,62.51,0.13,190.0,0.01,0.01,2364.356235,1776181357000
1776181358.895,158.895,0.88,107.51,0.87,200.0,0.89,163.11,0.9,377.0,0.11,175.11,0.1,377.0,0.12,92.51,0.13,190.0,0.01,0.01,2364.356235,1776181357000
1776181359.724,159.724,0.88,107.51,0.87,200.0,0.89,163.11,0.9,377.0,0.11,163.11,0.1,377.0,0.12,107.51,0.13,200.0,0.01,0.01,2364.4605,1776181358000
1776181360.122,160.122,0.88,199.51,0.87,198.0,0.89,18.9,0.9,325.0,0.11,163.11,0.1,377.0,0.12,107.51,0.13,200.0,0.01,0.01,2364.4605,1776181358000
1776181360.386,160.386,0.88,207.51,0.87,196.0,0.89,7.14,0.9,102.09,0.11,16.83,0.1,325.0,0.12,199.51,0.13,198.0,0.01,0.01,2364.4605,1776181358000
1776181360.772,160.772,0.88,79.66,0.87,313.0,0.89,7.14,0.9,361.09,0.11,7.14,0.1,102.09,0.12,207.51,0.13,196.0,0.01,0.01,2364.424361,1776181359000
1776181361.075,161.075,0.88,65.4,0.87,313.0,0.89,7.14,0.9,361.09,0.11,7.14,0.1,361.09,0.12,65.4,0.13,313.0,0.01,0.01,2364.422866,1776181360000
1776181361.57,161.57,0.88,65.4,0.87,313.0,0.89,6.01,0.9,352.09,0.11,7.14,0.1,361.09,0.12,65.4,0.13,313.0,0.01,0.01,2364.422866,1776181360000
1776181362.161,162.161,0.88,14.9,0.87,195.0,0.9,273.92,0.91,201.0,0.1,246.92,0.09,211.0,0.12,65.4,0.13,313.0,0.02,0.02,2364.422866,1776181360000
1776181362.442,162.442,0.88,14.9,0.87,195.0,0.9,273.92,0.91,201.0,0.1,273.92,0.09,201.0,0.12,14.9,0.13,195.0,0.02,0.02,2364.480522,1776181361000
1776181363.127,163.127,0.88,14.9,0.87,195.0,0.9,273.92,0.91,201.0,0.1,273.92,0.09,201.0,0.12,14.9,0.13,195.0,0.02,0.02,2364.535148,1776181362000
1776181363.599,163.599,0.89,15.0,0.88,194.9,0.9,175.42,0.91,318.0,0.1,273.92,0.09,201.0,0.12,14.9,0.13,195.0,0.01,0.02,2364.535148,1776181362000
1776181364.445,164.445,0.89,15.0,0.88,194.9,0.9,175.42,0.91,318.0,0.1,175.42,0.09,318.0,0.11,15.0,0.12,194.9,0.01,0.01,2364.517741,1776181363000
1776181365.202,165.202,0.88,123.0,0.87,188.0,0.89,37.09,0.9,248.09,0.11,37.09,0.1,248.09,0.12,123.0,0.13,188.0,0.01,0.01,2364.567716,1776181364000
1776181365.666,165.666,0.89,85.0,0.88,261.0,0.9,44.63,0.91,430.0,0.1,57.97,0.09,430.0,0.11,20.0,0.12,266.0,0.01,0.01,2364.567716,1776181364000
1776181366.443,166.443,0.89,85.0,0.88,261.0,0.9,44.63,0.91,430.0,0.1,44.63,0.09,430.0,0.11,85.0,0.12,261.0,0.01,0.01,2364.506821,1776181365000
1776181367.146,167.146,0.86,279.88,0.85,216.0,0.87,12.0,0.89,337.91,0.13,12.0,0.11,337.91,0.14,279.88,0.15,216.0,0.01,0.01,2364.520285,1776181366000
1776181367.974,167.974,0.86,34.88,0.84,10.0,0.87,17.0,0.88,10.0,0.13,12.0,0.11,337.91,0.14,279.88,0.15,216.0,0.01,0.01,2364.520285,1776181366000
1776181368.185,168.185,0.86,52.73,0.85,15.0,0.87,12.0,0.88,50.0,0.13,17.0,0.12,10.0,0.14,34.88,0.16,10.0,0.01,0.01,2364.520285,1776181366000
1776181368.411,168.411,0.86,32.73,0.85,15.0,0.87,10.85,0.88,282.0,0.13,17.0,0.12,167.0,0.14,42.73,0.15,15.0,0.01,0.01,2364.520285,1776181366000
1776181369.231,169.231,0.85,20.0,0.84,135.0,0.87,247.85,0.88,102.0,0.13,247.85,0.12,102.0,0.15,20.0,0.16,135.0,0.02,0.02,2364.055206,1776181368000
1776181369.885,169.885,0.85,20.0,0.84,132.0,0.86,163.0,0.87,306.74,0.13,247.85,0.12,102.0,0.15,20.0,0.16,135.0,0.01,0.02,2364.055206,1776181368000
1776181370.111,170.111,0.85,23.33,0.84,192.0,0.86,163.0,0.87,219.65,0.14,163.0,0.13,306.74,0.15,20.0,0.16,132.0,0.01,0.01,2364.055206,1776181368000
1776181370.69,170.69,0.84,138.24,0.83,182.0,0.86,213.09,0.87,283.65,0.14,173.0,0.13,219.65,0.15,6.66,0.16,142.0,0.02,0.01,2363.990943,1776181369000
1776181371.093,171.093,0.84,153.24,0.83,193.0,0.86,212.64,0.87,283.65,0.14,213.09,0.13,283.65,0.16,138.24,0.17,182.0,0.02,0.02,2363.990943,1776181369000
1776181371.471,171.471,0.84,138.24,0.83,193.0,0.85,43.51,0.86,217.55,0.14,212.64,0.13,283.65,0.16,153.24,0.17,193.0,0.01,0.02,2363.810741,1776181370000
1776181371.78,171.78,0.83,127.0,0.82,151.0,0.84,14.0,0.85,48.0,0.14,72.47,0.13,219.65,0.16,21.24,0.17,193.0,0.01,0.02,2363.810741,1776181370000
1776181371.996,171.996,0.83,5.0,0.82,176.0,0.84,126.09,0.85,197.0,0.16,51.0,0.15,176.09,0.17,154.0,0.18,193.0,0.01,0.01,2363.810741,1776181370000
1776181372.293,172.293,0.83,5.0,0.82,176.0,0.84,126.09,0.85,197.0,0.16,126.09,0.15,197.0,0.17,10.0,0.18,176.0,0.01,0.01,2363.818678,1776181371000
1776181373.122,173.122,0.83,5.0,0.82,176.0,0.84,126.09,0.85,197.0,0.16,126.09,0.15,197.0,0.17,10.0,0.18,176.0,0.01,0.01,2363.899843,1776181372000
1776181373.379,173.379,0.82,53.89,0.81,185.0,0.83,35.97,0.84,266.0,0.17,35.97,0.16,368.0,0.18,55.0,0.19,185.0,0.01,0.01,2363.899843,1776181372000
1776181373.746,173.746,0.82,53.89,0.81,185.0,0.83,50.76,0.84,266.0,0.17,35.97,0.16,266.0,0.18,53.89,0.19,185.0,0.01,0.01,2363.899843,1776181372000
1776181374.044,174.044,0.82,53.89,0.81,185.0,0.83,50.76,0.84,266.0,0.17,50.76,0.16,266.0,0.18,53.89,0.19,185.0,0.01,0.01,2363.7056,1776181373000
1776181374.326,174.326,0.82,48.33,0.81,55.0,0.83,160.76,0.84,149.0,0.17,43.76,0.16,151.0,0.18,58.89,0.19,185.0,0.01,0.01,2363.7056,1776181373000
1776181374.556,174.556,0.81,28.73,0.8,65.0,0.82,21.0,0.83,127.0,0.17,172.76,0.16,29.0,0.19,49.73,0.2,61.0,0.01,0.02,2363.7056,1776181373000
1776181375.016,175.016,0.81,28.73,0.8,65.0,0.82,21.0,0.83,127.0,0.18,26.0,0.17,127.0,0.19,28.73,0.2,65.0,0.01,0.01,2363.627049,1776181374000
1776181375.656,175.656,0.82,68.0,0.81,173.73,0.83,302.18,0.84,77.0,0.18,26.0,0.17,127.0,0.19,28.73,0.2,65.0,0.01,0.01,2363.627049,1776181374000
1776181376.042,176.042,0.82,68.0,0.81,173.73,0.83,302.18,0.84,77.0,0.17,302.18,0.16,77.0,0.18,68.0,0.19,173.73,0.01,0.01,2363.495308,1776181375000
1776181376.32,176.32,0.83,44.11,0.82,336.0,0.84,77.0,0.85,38.2,0.17,302.18,0.16,77.0,0.18,68.0,0.19,173.73,0.01,0.01,2363.495308,1776181375000
1776181376.847,176.847,0.84,5.0,0.83,246.11,0.85,35.0,0.86,39.9,0.16,77.0,0.15,38.2,0.17,44.11,0.18,336.0,0.01,0.01,2363.495308,1776181375000
1776181377.911,177.911,0.83,17.0,0.82,186.0,0.84,13.97,0.85,143.0,0.15,35.0,0.14,39.9,0.16,5.0,0.17,246.11,0.01,0.01,2363.429226,1776181376000
1776181378.439,178.439,0.84,20.0,0.83,155.0,0.85,27.14,0.86,276.9,0.15,63.79,0.14,159.9,0.16,5.0,0.17,180.0,0.01,0.01,2363.437221,1776181377000
1776181378.886,178.886,0.84,20.0,0.83,155.0,0.85,27.14,0.86,276.9,0.15,27.14,0.14,276.9,0.16,20.0,0.17,155.0,0.01,0.01,2363.541815,1776181378000
1776181379.363,179.363,0.83,207.0,0.82,76.0,0.84,74.09,0.85,250.18,0.15,353.7,0.14,94.9,0.17,18.0,0.18,191.0,0.01,0.02,2363.541815,1776181378000
1776181379.779,179.779,0.86,180.0,0.85,252.0,0.87,42.0,0.88,39.1,0.16,74.09,0.15,250.18,0.17,207.0,0.18,76.0,0.01,0.01,2363.541815,1776181378000
1776181380.35,180.35,0.86,180.0,0.85,252.0,0.87,42.0,0.88,39.1,0.13,42.0,0.12,39.1,0.14,180.0,0.15,252.0,0.01,0.01,2363.5382,1776181379000
1776181380.764,180.764,0.87,104.0,0.86,203.0,0.88,19.91,0.89,394.79,0.13,42.0,0.12,39.1,0.14,180.0,0.15,252.0,0.01,0.01,2363.5382,1776181379000
1776181381.282,181.282,0.87,104.0,0.86,203.0,0.88,19.91,0.89,394.79,0.12,19.91,0.11,394.79,0.13,104.0,0.14,203.0,0.01,0.01,2363.520523,1776181380000
1776181381.611,181.611,0.87,23.0,0.86,10.0,0.88,267.81,0.89,176.79,0.12,267.81,0.11,176.79,0.13,18.0,0.14,10.0,0.01,0.01,2363.520523,1776181380000
1776181382.416,182.416,0.87,28.0,0.86,60.0,0.88,230.86,0.89,181.79,0.12,267.81,0.11,176.79,0.13,18.0,0.14,10.0,0.01,0.01,2363.520523,1776181380000
1776181382.766,182.766,0.87,28.0,0.86,60.0,0.88,230.86,0.89,181.79,0.12,230.86,0.11,181.79,0.13,28.0,0.14,60.0,0.01,0.01,2363.8517,1776181381000
1776181382.976,182.976,0.87,28.0,0.86,60.0,0.88,139.2,0.89,145.0,0.12,230.86,0.11,181.79,0.13,28.0,0.14,60.0,0.01,0.01,2363.8517,1776181381000
1776181383.286,183.286,0.87,28.0,0.86,60.0,0.88,139.2,0.89,145.0,0.12,139.2,0.11,145.0,0.13,28.0,0.14,60.0,0.01,0.01,2363.875159,1776181382000
1776181383.572,183.572,0.87,3.0,0.86,5.0,0.88,234.2,0.89,171.79,0.12,139.2,0.11,145.0,0.13,28.0,0.14,60.0,0.01,0.01,2363.875159,1776181382000
1776181384.044,184.044,0.84,92.93,0.83,60.0,0.86,13.0,0.88,244.2,0.14,13.0,0.12,244.2,0.16,92.93,0.17,60.0,0.02,0.02,2363.875159,1776181383000
1776181384.339,184.339,0.87,17.0,0.85,349.41,0.88,5.0,0.9,80.0,0.14,13.0,0.12,244.2,0.16,92.93,0.17,60.0,0.01,0.02,2363.875159,1776181383000
1776181384.712,184.712,0.89,37.0,0.88,10.0,0.9,202.0,0.91,104.0,0.12,5.0,0.1,80.0,0.13,17.0,0.15,349.41,0.01,0.01,2363.875159,1776181383000
1776181385.19,185.19,0.89,30.0,0.88,65.0,0.9,504.18,0.91,272.09,0.1,202.0,0.09,104.0,0.11,37.0,0.12,10.0,0.01,0.01,2363.875159,1776181383000
1776181385.489,185.489,0.87,37.0,0.86,60.0,0.9,462.09,0.91,204.0,0.1,504.18,0.09,272.09,0.11,30.0,0.12,65.0,0.03,0.01,2363.783734,1776181384000
1776181385.857,185.857,0.87,32.0,0.86,60.0,0.88,23.06,0.89,190.09,0.1,462.09,0.09,204.0,0.13,37.0,0.14,60.0,0.01,0.03,2363.783734,1776181384000
1776181386.223,186.223,0.87,29.3,0.86,65.0,0.88,23.0,0.89,247.09,0.12,9.85,0.11,245.09,0.13,32.0,0.14,60.0,0.01,0.01,2363.783734,1776181384000
1776181386.569,186.569,0.87,29.3,0.86,65.0,0.88,126.31,0.89,247.09,0.12,15.72,0.11,247.09,0.13,29.3,0.14,65.0,0.01,0.01,2363.778101,1776181385000
1776181386.789,186.789,0.87,29.3,0.86,65.0,0.88,113.48,0.89,247.09,0.12,121.76,0.11,247.09,0.13,29.3,0.14,65.0,0.01,0.01,2363.778101,1776181385000
1776181387.488,187.488,0.87,29.3,0.86,65.0,0.88,113.48,0.89,247.09,0.12,113.48,0.11,247.09,0.13,29.3,0.14,65.0,0.01,0.01,2363.92295,1776181386000
1776181387.916,187.916,0.86,10.0,0.85,19.41,0.88,49.14,0.9,10.0,0.12,113.48,0.11,247.09,0.13,29.3,0.14,65.0,0.02,0.01,2363.92295,1776181386000
1776181388.236,188.236,0.87,10.0,0.86,25.0,0.9,8.88,0.91,94.0,0.12,49.14,0.1,10.0,0.14,10.0,0.15,19.41,0.03,0.02,2363.9129,1776181387000
1776181388.453,188.453,0.89,10.0,0.88,10.0,0.9,6.64,0.91,109.0,0.1,7.76,0.09,104.0,0.12,10.0,0.13,10.0,0.01,0.02,2363.9129,1776181387000
1776181388.675,188.675,0.89,2.0,0.88,15.0,0.9,6.64,0.91,109.0,0.1,6.64,0.09,109.0,0.11,10.0,0.12,10.0,0.01,0.01,2363.9129,1776181387000
1776181389.042,189.042,0.87,4.0,0.86,10.0,0.9,16.74,0.91,109.0,0.1,6.64,0.09,109.0,0.13,6.0,0.14,10.0,0.03,0.03,2363.9129,1776181387000
1776181390.214,190.214,0.87,4.0,0.86,10.0,0.9,16.74,0.91,109.0,0.1,26.74,0.09,109.0,0.13,4.0,0.14,10.0,0.03,0.03,2363.8875,1776181389000
1776181391.031,191.031,0.89,235.0,0.88,192.0,0.9,1.08,0.91,10.0,0.1,26.74,0.09,109.0,0.13,4.0,0.14,10.0,0.01,0.03,2363.8875,1776181389000
1776181391.353,191.353,0.9,5.0,0.89,230.0,0.91,0.07,0.92,10.0,0.09,0.07,0.08,10.0,0.1,5.0,0.11,230.0,0.01,0.01,2363.964024,1776181390000
1776181392.424,192.424,0.9,94.0,0.89,200.0,0.92,8.5,0.93,135.82,0.08,8.5,0.07,135.82,0.1,94.0,0.11,200.0,0.02,0.02,2364.049521,1776181391000
1776181393.087,193.087,0.9,55.0,0.89,60.0,0.92,267.5,0.93,154.82,0.08,267.5,0.07,154.82,0.1,55.0,0.11,60.0,0.02,0.02,2364.166361,1776181392000
1776181393.489,193.489,0.9,6.0,0.89,65.0,0.91,115.0,0.92,109.49,0.08,267.5,0.07,154.82,0.1,55.0,0.11,60.0,0.01,0.02,2364.166361,1776181392000
1776181394.0,194.0,0.9,19.58,0.89,60.0,0.91,120.0,0.92,104.49,0.09,115.0,0.08,109.49,0.1,6.0,0.11,65.0,0.01,0.01,2364.166361,1776181392000
1776181394.623,194.623,0.9,4.87,0.89,65.0,0.91,242.0,0.92,156.49,0.09,120.0,0.08,104.49,0.1,19.58,0.11,60.0,0.01,0.01,2364.252488,1776181393000
1776181395.032,195.032,0.89,0.9,0.88,15.0,0.9,82.0,0.91,189.09,0.09,242.0,0.08,156.49,0.1,4.87,0.11,65.0,0.01,0.01,2364.252488,1776181393000
1776181395.263,195.263,0.89,0.9,0.88,15.0,0.9,82.0,0.91,189.09,0.1,82.0,0.09,189.09,0.11,0.9,0.12,15.0,0.01,0.01,2364.176425,1776181394000
1776181395.953,195.953,0.91,26.33,0.9,15.0,0.93,5.0,0.94,319.13,0.1,82.0,0.09,189.09,0.11,0.9,0.12,15.0,0.02,0.01,2364.176425,1776181394000
1776181396.263,196.263,0.93,77.28,0.92,370.0,0.94,92.04,0.95,565.43,0.07,5.0,0.06,319.13,0.09,26.33,0.1,15.0,0.01,0.02,2364.176425,1776181394000
1776181396.495,196.495,0.93,75.65,0.92,405.0,0.94,144.72,0.95,570.43,0.06,150.04,0.05,570.43,0.07,75.65,0.08,405.0,0.01,0.01,2364.203736,1776181395000
1776181396.771,196.771,0.93,195.65,0.92,290.0,0.94,70.81,0.95,565.43,0.06,144.72,0.05,570.43,0.07,75.65,0.08,405.0,0.01,0.01,2364.203736,1776181395000
1776181397.174,197.174,0.93,345.65,0.92,338.73,0.95,261.36,0.96,130.8,0.06,70.81,0.05,565.43,0.07,195.65,0.08,290.0,0.02,0.01,2364.203736,1776181395000
1776181397.429,197.429,0.94,42.0,0.93,310.65,0.95,242.47,0.96,130.8,0.05,261.36,0.04,130.8,0.07,345.65,0.08,338.73,0.01,0.02,2364.203736,1776181395000
1776181397.988,197.988,0.94,42.0,0.93,200.65,0.95,264.7,0.96,130.8,0.05,242.47,0.04,130.8,0.06,42.0,0.07,310.65,0.01,0.01,2364.056567,1776181396000
1776181398.892,198.892,0.94,250.94,0.93,197.0,0.95,257.7,0.96,247.8,0.05,264.7,0.04,130.8,0.06,42.0,0.07,200.65,0.01,0.01,2364.470844,1776181397000
1776181399.4,199.4,0.94,250.94,0.93,197.0,0.95,252.43,0.96,247.8,0.05,252.43,0.04,247.8,0.06,250.94,0.07,197.0,0.01,0.01,2364.844854,1776181398000
1776181399.708,199.708,0.94,213.94,0.93,70.0,0.95,228.81,0.96,148.8,0.05,252.43,0.04,247.8,0.06,250.94,0.07,197.0,0.01,0.01,2364.844854,1776181398000
1776181399.916,199.916,0.94,213.94,0.93,70.0,0.95,228.81,0.96,148.8,0.05,228.81,0.04,148.8,0.06,213.94,0.07,70.0,0.01,0.01,2365.249635,1776181399000
1776181400.118,200.118,0.94,340.94,0.93,70.0,0.95,196.37,0.96,30.0,0.05,216.37,0.04,30.0,0.06,223.94,0.07,70.0,0.01,0.01,2365.249635,1776181399000
1776181400.673,200.673,0.94,242.94,0.93,70.0,0.95,88.04,0.96,35.0,0.05,103.04,0.04,30.0,0.06,365.94,0.07,70.0,0.01,0.01,2365.249635,1776181399000
1776181401.008,201.008,0.94,237.94,0.93,217.0,0.95,83.04,0.96,35.0,0.05,83.04,0.04,35.0,0.06,237.94,0.07,217.0,0.01,0.01,2365.458544,1776181400000
1776181401.21,201.21,0.94,83.94,0.93,203.0,0.95,451.56,0.96,155.0,0.05,227.04,0.04,35.0,0.06,117.94,0.07,289.73,0.01,0.01,2365.458544,1776181400000
1776181401.445,201.445,0.94,238.94,0.93,65.0,0.95,100.0,0.96,253.0,0.05,263.73,0.04,130.0,0.06,143.94,0.07,198.0,0.01,0.01,2365.458544,1776181400000
1776181401.875,201.875,0.94,323.94,0.93,187.0,0.95,100.0,0.96,247.0,0.05,100.0,0.04,253.0,0.06,238.94,0.07,65.0,0.01,0.01,2365.458544,1776181400000
1776181402.08,202.08,0.95,272.83,0.94,325.94,0.96,142.8,0.97,435.0,0.04,143.85,0.03,435.0,0.05,48.1,0.06,325.94,0.01,0.01,2365.654698,1776181401000
1776181402.554,202.554,0.95,236.1,0.94,410.94,0.96,120.2,0.97,560.7,0.04,138.6,0.03,435.0,0.05,335.83,0.06,303.94,0.01,0.01,2365.654698,1776181401000
1776181403.056,203.056,0.95,336.5,0.94,410.94,0.96,118.1,0.97,560.7,0.04,118.1,0.03,566.7,0.05,236.1,0.06,410.94,0.01,0.01,2365.654698,1776181401000
1776181403.527,203.527,0.95,413.5,0.94,415.94,0.96,113.1,0.97,508.79,0.04,118.1,0.03,560.7,0.05,336.5,0.06,410.94,0.01,0.01,2365.415388,1776181402000
1776181403.744,203.744,0.95,391.5,0.94,546.2,0.96,110.49,0.97,436.79,0.04,113.1,0.03,508.79,0.05,413.5,0.06,415.94,0.01,0.01,2365.415388,1776181402000
1776181404.331,204.331,0.95,391.5,0.94,546.2,0.96,54.49,0.97,436.79,0.04,54.49,0.03,436.79,0.05,391.5,0.06,546.2,0.01,0.01,2365.656306,1776181403000
1776181404.644,204.644,0.95,669.62,0.94,505.49,0.96,90.29,0.97,536.7,0.04,54.49,0.03,436.79,0.05,391.5,0.06,546.2,0.01,0.01,2365.656306,1776181403000
1776181405.157,205.157,0.96,775.16,0.95,607.36,0.97,419.7,0.98,759.7,0.03,536.7,0.02,642.7,0.04,5.71,0.05,649.36,0.01,0.01,2365.656306,1776181403000
1776181405.375,205.375,0.96,775.16,0.95,607.36,0.97,419.7,0.98,759.7,0.03,419.7,0.02,759.7,0.04,775.16,0.05,607.36,0.01,0.01,2365.946195,1776181404000
1776181405.795,205.795,0.96,1130.13,0.95,393.41,0.97,421.87,0.98,576.0,0.03,418.66,0.02,759.7,0.04,1049.13,0.05,403.1,0.01,0.01,2365.946195,1776181404000
1776181406.226,206.226,0.96,1125.13,0.95,479.89,0.97,416.71,0.98,576.0,0.03,421.87,0.02,576.0,0.04,1130.13,0.05,393.41,0.01,0.01,2366.162844,1776181405000
1776181406.473,206.473,0.96,1008.87,0.95,445.9,0.97,407.49,0.98,335.0,0.03,408.53,0.02,461.0,0.04,1125.13,0.05,392.9,0.01,0.01,2366.162844,1776181405000
1776181406.74,206.74,0.96,1544.83,0.95,470.9,0.97,248.91,0.98,335.0,0.03,253.91,0.02,335.0,0.04,1102.57,0.05,845.9,0.01,0.01,2366.162844,1776181405000
1776181406.982,206.982,0.96,1499.77,0.95,770.9,0.97,198.55,0.98,335.0,0.03,203.55,0.02,335.0,0.04,1594.77,0.05,870.9,0.01,0.01,2366.162844,1776181405000
1776181407.189,207.189,0.96,1389.77,0.95,765.9,0.97,161.36,0.98,335.0,0.03,170.55,0.02,335.0,0.04,1389.77,0.05,765.9,0.01,0.01,2366.242944,1776181406000
1776181407.465,207.465,0.96,1431.77,0.95,794.9,0.97,135.2,0.98,335.0,0.03,140.2,0.02,335.0,0.04,1389.77,0.05,765.9,0.01,0.01,2366.242944,1776181406000
1776181407.833,207.833,0.96,1436.77,0.95,794.9,0.97,89.05,0.98,335.0,0.03,94.16,0.02,335.0,0.04,1436.77,0.05,794.9,0.01,0.01,2366.242944,1776181406000
1776181408.162,208.162,0.98,469.05,0.97,188.01,0.99,1872.0,,,0.01,2094.35,,,0.04,1411.77,0.05,794.9,0.01,0.03,2366.242944,1776181406000
1776181408.376,208.376,0.98,104.0,0.97,530.99,0.99,1959.0,,,0.01,1872.0,,,0.02,469.05,0.03,188.01,0.01,0.01,2366.602761,1776181407000
1776181408.658,208.658,0.98,5.0,0.97,535.99,0.99,2078.95,,,0.01,2039.0,,,0.02,5.0,0.03,535.99,0.01,0.01,2366.602761,1776181407000
1776181408.971,208.971,0.97,442.34,0.96,369.21,0.98,433.62,0.99,1763.04,0.01,2083.95,,,0.03,534.34,0.04,479.21,0.01,0.02,2366.602761,1776181407000
1776181409.233,209.233,0.97,72.35,0.96,524.2,0.98,631.29,0.99,2211.04,0.02,447.59,0.01,1847.04,0.03,335.34,0.04,341.21,0.01,0.01,2366.602761,1776181407000
1776181409.453,209.453,0.97,21.35,0.96,524.2,0.98,631.29,0.99,2111.04,0.02,631.29,0.01,2111.04,0.03,21.35,0.04,524.2,0.01,0.01,2367.5893,1776181408000
1776181409.664,209.664,0.96,319.55,0.95,271.1,0.97,152.0,0.98,335.7,0.02,631.29,0.01,2383.04,0.04,127.56,0.05,266.1,0.01,0.02,2367.5893,1776181408000
1776181409.919,209.919,0.96,16.06,0.95,440.83,0.97,334.48,0.98,268.7,0.03,323.55,0.02,268.7,0.04,277.05,0.05,271.1,0.01,0.01,2367.5893,1776181408000
1776181410.128,210.128,0.95,413.89,0.94,429.94,0.96,1.02,0.97,251.55,0.04,3.1,0.03,251.55,0.05,413.89,0.06,429.94,0.01,0.01,2367.031855,1776181409000
1776181410.35,210.35,0.95,341.89,0.94,429.94,0.96,137.51,0.97,385.25,0.04,139.59,0.03,385.25,0.05,336.89,0.06,429.94,0.01,0.01,2367.031855,1776181409000
1776181410.551,210.551,0.95,334.06,0.94,489.94,0.96,250.2,0.97,270.25,0.04,251.25,0.03,270.25,0.05,334.06,0.06,489.94,0.01,0.01,2367.031855,1776181409000
1776181410.869,210.869,0.95,340.06,0.94,489.94,0.96,200.0,0.97,270.25,0.04,93.12,0.03,385.25,0.05,342.06,0.06,489.94,0.01,0.01,2367.031855,1776181409000
1776181411.335,211.335,0.95,340.06,0.94,489.94,0.96,137.92,0.97,320.25,0.04,137.92,0.03,320.25,0.05,340.06,0.06,489.94,0.01,0.01,2366.131753,1776181410000
1776181412.349,212.349,0.95,337.06,0.94,472.94,0.96,67.0,0.97,425.25,0.04,137.92,0.03,320.25,0.05,340.06,0.06,489.94,0.01,0.01,2366.131753,1776181410000
1776181412.65,212.65,0.95,275.99,0.94,472.94,0.96,61.94,0.97,425.25,0.04,176.94,0.03,310.25,0.05,337.06,0.06,472.94,0.01,0.01,2365.642026,1776181411000
1776181413.049,213.049,0.95,255.99,0.94,472.94,0.96,61.94,0.97,425.25,0.04,61.94,0.03,425.25,0.05,255.99,0.06,472.94,0.01,0.01,2365.57396,1776181412000
1776181413.747,213.747,0.95,1093.11,0.94,322.94,0.96,8.95,0.97,10.0,0.04,56.78,0.03,425.25,0.05,265.99,0.06,477.94,0.01,0.01,2365.57396,1776181412000
1776181413.999,213.999,0.95,1093.11,0.94,322.94,0.96,3.95,0.97,10.0,0.04,3.95,0.03,10.0,0.05,1093.11,0.06,322.94,0.01,0.01,2365.457957,1776181413000
1776181414.324,214.324,0.97,245.93,0.96,464.0,0.98,10.0,0.99,1922.96,0.02,381.93,0.01,1759.95,0.03,5.0,0.04,543.49,0.01,0.01,2365.457957,1776181413000
1776181415.04,215.04,0.97,255.93,0.96,464.0,0.98,4.94,0.99,2074.87,0.02,10.0,0.01,1922.96,0.03,245.93,0.04,464.0,0.01,0.01,2365.457957,1776181413000
1776181415.775,215.775,0.97,268.93,0.96,310.0,0.98,111.73,0.99,1957.87,0.02,4.94,0.01,2074.87,0.03,255.93,0.04,464.0,0.01,0.01,2365.473405,1776181414000
1776181416.131,216.131,0.97,268.93,0.96,310.0,0.98,111.73,0.99,1957.87,0.02,111.73,0.01,1957.87,0.03,268.93,0.04,310.0,0.01,0.01,2365.98176,1776181415000
1776181416.447,216.447,0.97,281.93,0.96,544.7,0.98,81.73,0.99,1957.87,0.02,111.73,0.01,1957.87,0.03,268.93,0.04,310.0,0.01,0.01,2365.98176,1776181415000
1776181417.072,217.072,0.97,255.79,0.96,544.7,0.98,81.73,0.99,1957.87,0.02,81.73,0.01,1957.87,0.03,281.93,0.04,544.7,0.01,0.01,2365.98176,1776181415000
1776181417.381,217.381,0.97,255.79,0.96,544.7,0.98,81.73,0.99,1957.87,0.02,81.73,0.01,1957.87,0.03,255.79,0.04,544.7,0.01,0.01,2366.4295,1776181416000
1776181417.781,217.781,0.97,259.84,0.96,544.7,0.98,41.52,0.99,1957.87,0.02,51.73,0.01,1957.87,0.03,259.84,0.04,544.7,0.01,0.01,2366.4295,1776181416000
1776181418.152,218.152,0.98,5.0,0.97,254.84,0.99,2071.87,,,0.02,41.52,0.01,1957.87,0.03,259.84,0.04,544.7,0.01,0.01,2366.4295,1776181417000
1776181419.047,219.047,0.98,20.19,0.97,204.84,0.99,1996.87,,,0.01,2071.87,,,0.02,5.0,0.03,254.84,0.01,0.01,2366.4295,1776181417000
1776181420.019,220.019,0.98,20.19,0.97,249.84,0.99,1966.87,,,0.01,1996.87,,,0.02,20.19,0.03,204.84,0.01,0.01,2366.413375,1776181418000
1776181420.372,220.372,0.98,195.45,0.97,491.84,0.99,1846.87,,,0.01,1966.87,,,0.02,20.19,0.03,249.84,0.01,0.01,2366.413375,1776181418000
1776181421.176,221.176,0.98,182.22,0.97,639.54,0.99,1835.87,,,0.01,1835.87,,,0.02,190.45,0.03,491.84,0.01,0.01,2366.36945,1776181419000
1776181422.119,222.119,0.98,161.22,0.97,649.54,0.99,1825.76,,,0.01,1835.87,,,0.02,182.22,0.03,639.54,0.01,0.01,2366.346165,1776181420000
1776181422.615,222.615,0.98,247.22,0.97,598.7,0.99,1765.65,,,0.01,1785.65,,,0.02,161.22,0.03,649.54,0.01,0.01,2366.504359,1776181421000
1776181422.986,222.986,0.98,546.56,0.97,588.7,0.99,1165.05,,,0.01,1765.65,,,0.02,247.22,0.03,598.7,0.01,0.01,2366.504359,1776181421000
1776181423.296,223.296,0.98,546.56,0.97,593.7,0.99,1162.03,,,0.01,1162.03,,,0.02,546.56,0.03,593.7,0.01,0.01,2366.733025,1776181422000
1776181424.258,224.258,0.99,1645.72,0.98,522.56,,,,,,,,,0.01,1362.97,0.02,541.56,,,2366.733025,1776181422000
1776181424.461,224.461,0.99,1633.0,0.98,522.56,,,,,,,,,0.01,1634.47,0.02,522.56,,,2366.739202,1776181423000
1776181424.686,224.686,0.99,1620.8,0.98,517.56,,,,,,,,,0.01,1623.26,0.02,517.56,,,2366.739202,1776181423000
1776181425.385,225.385,0.99,1620.8,0.98,517.56,,,,,,,,,0.01,1620.8,0.02,517.56,,,2367.151549,1776181424000
1776181426.448,226.448,0.99,1620.8,0.98,517.56,,,,,,,,,0.01,1620.8,0.02,517.56,,,2367.2377,1776181425000
1776181427.046,227.046,0.99,1620.8,0.98,517.56,,,,,,,,,0.01,1620.8,0.02,517.56,,,2367.32026,1776181426000
1776181427.711,227.711,0.99,1474.59,0.98,507.56,,,,,,,,,0.01,1620.8,0.02,517.56,,,2367.32026,1776181426000
1776181427.962,227.962,0.99,1439.84,0.98,687.29,,,,,,,,,0.01,1439.84,0.02,687.29,,,2367.47447,1776181427000
1776181429.047,229.047,0.99,1680.56,0.98,457.56,,,,,,,,,0.01,1680.56,0.02,457.56,,,2367.506965,1776181428000
1776181429.381,229.381,0.99,1696.77,0.98,467.56,,,,,,,,,0.01,1680.56,0.02,457.56,,,2367.506965,1776181428000
1776181430.049,230.049,0.99,1418.51,0.98,453.59,,,,,,,,,0.01,1696.77,0.02,467.56,,,2367.506965,1776181428000
1776181431.167,231.167,0.99,1398.51,0.98,453.59,,,,,,,,,0.01,1398.51,0.02,453.59,,,2367.0286,1776181430000
1776181431.839,231.839,0.99,1390.31,0.98,453.59,,,,,,,,,0.01,1591.58,0.02,273.86,,,2367.0286,1776181430000
1776181432.124,232.124,0.99,1370.31,0.98,453.59,,,,,,,,,0.01,1370.31,0.02,453.59,,,2366.853916,1776181431000
1776181433.166,233.166,0.99,1370.31,0.98,453.59,,,,,,,,,0.01,1370.31,0.02,453.59,,,2366.847015,1776181432000
1776181433.561,233.561,0.99,1570.3,0.98,467.56,,,,,,,,,0.01,1370.31,0.02,453.59,,,2366.847015,1776181432000
1776181434.166,234.166,0.99,1570.3,0.98,467.56,,,,,,,,,0.01,1570.3,0.02,467.56,,,2366.8156,1776181433000
1776181435.165,235.165,0.99,1570.3,0.98,467.56,,,,,,,,,0.01,1570.3,0.02,467.56,,,2366.83155,1776181434000
1776181436.122,236.122,0.99,1707.3,0.98,467.56,,,,,,,,,0.01,1570.3,0.02,467.56,,,2366.83155,1776181434000
1776181436.905,236.905,0.99,1641.3,0.98,467.56,,,,,,,,,0.01,1707.3,0.02,467.56,,,2366.97219,1776181435000
1776181437.223,237.223,0.99,1641.3,0.98,467.56,,,,,,,,,0.01,1641.3,0.02,467.56,,,2367.19653,1776181436000
1776181438.167,238.167,0.99,1634.3,0.98,467.56,,,,,,,,,0.01,1641.3,0.02,467.56,,,2367.19653,1776181436000
1776181439.671,239.671,0.99,1634.3,0.98,467.56,,,,,,,,,0.01,1634.3,0.02,467.56,,,2366.858527,1776181438000
1776181440.182,240.182,0.99,1634.3,0.98,467.56,,,,,,,,,0.01,1634.3,0.02,467.56,,,2366.90633,1776181439000
1776181441.087,241.087,0.99,1654.47,0.98,229.99,,,,,,,,,0.01,1634.3,0.02,467.56,,,2366.90633,1776181439000
1776181441.966,241.966,0.99,1731.32,0.98,569.69,,,,,,,,,0.01,1650.82,0.02,413.69,,,2366.92882,1776181440000
1776181442.347,242.347,0.99,1731.32,0.98,569.69,,,,,,,,,0.01,1731.32,0.02,569.69,,,2366.79973,1776181441000
1776181442.9,242.9,0.99,1731.32,0.98,569.69,,,,,,,,,0.01,1731.32,0.02,569.69,,,2366.536661,1776181442000
1776181443.923,243.923,0.99,1731.32,0.98,569.69,,,,,,,,,0.01,1731.32,0.02,569.69,,,2366.69735,1776181443000
1776181444.907,244.907,0.99,1731.32,0.98,569.69,,,,,,,,,0.01,1731.32,0.02,569.69,,,2366.612171,1776181444000
1776181445.944,245.944,0.99,1731.32,0.98,569.69,,,,,,,,,0.01,1731.32,0.02,569.69,,,2366.5115,1776181445000
1776181447.01,247.01,0.99,1731.32,0.98,569.69,,,,,,,,,0.01,1731.32,0.02,569.69,,,2366.508432,1776181446000
1776181448.089,248.089,0.99,1747.14,0.98,559.69,,,,,,,,,0.01,1731.32,0.02,569.69,,,2366.508432,1776181446000
1776181449.088,249.088,0.99,1647.14,0.98,10.0,,,,,,,,,0.01,1747.14,0.02,559.69,,,2366.412113,1776181447000
1776181449.671,249.671,0.99,1217.14,0.98,10.0,,,,,,,,,0.01,1647.14,0.02,10.0,,,2366.5408,1776181448000
1776181450.183,250.183,0.99,1217.14,0.98,10.0,,,,,,,,,0.01,1217.14,0.02,10.0,,,2366.54035,1776181449000
1776181451.049,251.049,0.99,1217.14,0.98,10.0,,,,,,,,,0.01,1217.14,0.02,10.0,,,2365.769375,1776181450000
1776181452.155,252.155,0.99,1217.14,0.98,10.0,,,,,,,,,0.01,1217.14,0.02,10.0,,,2365.657963,1776181451000
1776181452.36,252.36,0.99,1236.14,0.98,10.0,,,,,,,,,0.01,1217.14,0.02,10.0,,,2365.657963,1776181451000
1776181453.456,253.456,0.99,1236.14,0.98,10.0,,,,,,,,,0.01,1236.14,0.02,10.0,,,2365.498823,1776181452000
1776181453.988,253.988,0.99,1131.14,0.98,10.0,,,,,,,,,0.01,1236.14,0.02,10.0,,,2365.498823,1776181452000
1776181454.569,254.569,0.99,1131.14,0.98,10.0,,,,,,,,,0.01,1131.14,0.02,10.0,,,2365.304177,1776181453000
1776181454.863,254.863,0.98,10.0,0.97,65.0,,,,,,,,,0.01,1131.14,0.02,10.0,,,2365.304177,1776181453000
1776181455.092,255.092,0.98,5.0,0.97,156.0,0.99,693.58,,,0.01,28.79,,,0.02,10.0,0.03,65.0,0.01,0.01,2365.304177,1776181453000
1776181455.318,255.318,0.98,5.0,0.97,482.69,0.99,437.93,,,0.01,682.08,,,0.03,272.7,0.04,274.99,0.01,0.02,2365.097132,1776181454000
1776181455.673,255.673,0.97,467.69,0.96,177.99,0.99,374.49,,,0.01,382.49,,,0.03,462.69,0.04,177.99,0.02,0.02,2365.097132,1776181454000
1776181455.966,255.966,0.98,120.0,0.97,371.18,0.99,219.0,,,0.01,166.42,,,0.03,491.18,0.04,271.69,0.01,0.02,2365.097132,1776181454000
1776181456.227,256.227,0.98,135.0,0.97,371.18,0.99,377.95,,,0.01,219.0,,,0.02,120.0,0.03,371.18,0.01,0.01,2365.097132,1776181454000
1776181456.6,256.6,0.98,135.0,0.97,371.18,0.99,721.45,,,0.01,726.5,,,0.02,135.0,0.03,371.18,0.01,0.01,2364.8573,1776181455000
1776181456.838,256.838,0.98,135.0,0.97,371.18,0.99,717.09,,,0.01,719.09,,,0.02,135.0,0.03,371.18,0.01,0.01,2364.8573,1776181455000
1776181457.049,257.049,0.98,135.0,0.97,371.18,0.99,644.09,,,0.01,717.09,,,0.02,135.0,0.03,371.18,0.01,0.01,2364.8573,1776181456000
1776181457.455,257.455,0.98,135.0,0.97,383.69,0.99,619.07,,,0.01,644.09,,,0.02,135.0,0.03,371.18,0.01,0.01,2364.8573,1776181456000
1776181458.259,258.259,0.98,135.0,0.97,383.69,0.99,619.07,,,0.01,619.07,,,0.02,135.0,0.03,383.69,0.01,0.01,2364.94297,1776181457000
1776181458.486,258.486,0.98,233.75,0.97,423.69,0.99,622.6,,,0.01,619.07,,,0.02,135.0,0.03,383.69,0.01,0.01,2364.94297,1776181457000
1776181458.86,258.86,0.98,233.75,0.97,423.69,0.99,622.6,,,0.01,622.6,,,0.02,233.75,0.03,423.69,0.01,0.01,2364.921415,1776181458000
1776181459.175,259.175,0.98,569.74,0.97,402.4,0.99,93.0,,,0.01,622.6,,,0.02,233.75,0.03,423.69,0.01,0.01,2364.921415,1776181458000
1776181459.416,259.416,0.98,78.75,0.97,511.69,0.99,738.98,,,0.01,341.98,,,0.02,98.75,0.03,635.39,0.01,0.01,2364.921415,1776181458000
1776181459.639,259.639,0.97,195.45,0.96,252.99,0.99,729.58,,,0.01,790.58,,,0.03,185.45,0.04,252.99,0.02,0.02,2364.921415,1776181458000
1776181460.033,260.033,0.97,187.45,0.96,15.0,0.98,107.0,0.99,1021.58,0.02,107.0,0.01,1021.58,0.03,187.45,0.04,15.0,0.01,0.01,2364.862734,1776181459000
1776181460.278,260.278,0.97,207.45,0.96,324.99,0.98,115.5,0.99,624.58,0.02,120.6,0.01,759.58,0.03,192.45,0.04,284.99,0.01,0.01,2364.862734,1776181459000
1776181460.98,260.98,0.98,52.0,0.97,315.99,0.99,268.58,,,0.02,95.5,0.01,624.58,0.03,202.45,0.04,324.99,0.01,0.01,2364.862734,1776181459000
1776181461.975,261.975,0.98,256.54,0.97,375.99,0.99,383.58,,,0.01,268.58,,,0.03,245.99,0.04,162.26,0.01,0.02,2364.851813,1776181460000
1776181462.214,262.214,0.98,256.54,0.97,375.99,0.99,383.58,,,0.01,383.58,,,0.02,256.54,0.03,375.99,0.01,0.01,2364.66455,1776181461000
1776181462.708,262.708,0.98,531.53,0.97,335.96,0.99,222.0,,,0.01,383.58,,,0.02,256.54,0.03,375.99,0.01,0.01,2364.66455,1776181461000
1776181463.468,263.468,0.98,531.53,0.97,335.96,0.99,222.0,,,0.01,222.0,,,0.02,531.53,0.03,335.96,0.01,0.01,2364.842858,1776181462000
1776181464.062,264.062,0.98,532.23,0.97,325.96,,,,,0.01,222.0,,,0.02,531.53,0.03,335.96,,0.01,2364.842858,1776181462000
1776181465.171,265.171,0.98,532.23,0.97,325.96,,,,,,,,,0.02,532.23,0.03,325.96,,,2365.32835,1776181464000
1776181466.272,266.272,0.98,532.23,0.97,325.96,,,,,,,,,0.02,532.23,0.03,325.96,,,2365.381605,1776181465000
1776181467.442,267.442,0.99,725.17,0.98,408.5,,,,,,,,,0.02,532.23,0.03,325.96,,,2365.381605,1776181465000
1776181468.288,268.288,0.99,725.17,0.98,408.5,,,,,,,,,0.01,725.17,0.02,408.5,,,2365.75282,1776181467000
1776181469.366,269.366,0.99,725.17,0.98,408.5,,,,,,,,,0.01,725.17,0.02,408.5,,,2365.793732,1776181468000
1776181469.953,269.953,0.99,725.17,0.98,408.5,,,,,,,,,0.01,725.17,0.02,408.5,,,2365.989698,1776181469000
1776181470.532,270.532,0.99,837.79,0.98,370.24,,,,,,,,,0.01,725.17,0.02,408.5,,,2365.989698,1776181469000
1776181471.053,271.053,0.99,837.79,0.98,370.24,,,,,,,,,0.01,837.79,0.02,370.24,,,2366.156721,1776181470000
1776181471.997,271.997,0.99,837.79,0.98,370.24,,,,,,,,,0.01,837.79,0.02,370.24,,,2366.197886,1776181471000
1776181473.035,273.035,0.99,837.79,0.98,370.24,,,,,,,,,0.01,837.79,0.02,370.24,,,2366.22501,1776181472000
1776181474.222,274.222,0.99,837.79,0.98,370.24,,,,,,,,,0.01,837.79,0.02,370.24,,,2366.144235,1776181473000
1776181475.259,275.259,0.99,837.79,0.98,370.24,,,,,,,,,0.01,837.79,0.02,370.24,,,2366.2468,1776181474000
1776181476.348,276.348,0.99,837.79,0.98,370.24,,,,,,,,,0.01,837.79,0.02,370.24,,,2366.324526,1776181475000
1776181477.326,277.326,0.99,837.79,0.98,370.24,,,,,,,,,0.01,837.79,0.02,370.24,,,2366.2979,1776181476000
1776181478.39,278.39,0.99,837.79,0.98,370.24,,,,,,,,,0.01,837.79,0.02,370.24,,,2366.23635,1776181477000
1776181478.948,278.948,0.99,837.79,0.98,370.24,,,,,,,,,0.01,837.79,0.02,370.24,,,2366.23375,1776181478000
1776181480.001,280.001,0.99,837.79,0.98,370.24,,,,,,,,,0.01,837.79,0.02,370.24,,,2366.198483,1776181479000
1776181481.01,281.01,0.99,837.79,0.98,370.24,,,,,,,,,0.01,837.79,0.02,370.24,,,2366.1858,1776181480000
1776181482.355,282.355,0.99,837.79,0.98,370.24,,,,,,,,,0.01,837.79,0.02,370.24,,,2366.3215,1776181481000
1776181482.89,282.89,0.99,837.79,0.98,370.24,,,,,,,,,0.01,837.79,0.02,370.24,,,2366.502332,1776181482000
1776181483.909,283.909,0.99,837.79,0.98,370.24,,,,,,,,,0.01,837.79,0.02,370.24,,,2366.516,1776181483000
1776181484.87,284.87,0.99,837.79,0.98,370.24,,,,,,,,,0.01,837.79,0.02,370.24,,,2366.5698,1776181484000
1776181485.933,285.933,0.99,837.79,0.98,370.24,,,,,,,,,0.01,837.79,0.02,370.24,,,2366.699836,1776181485000
1776181486.933,286.933,0.99,837.79,0.98,370.24,,,,,,,,,0.01,837.79,0.02,370.24,,,2366.811372,1776181486000
1776181488.103,288.103,0.99,837.79,0.98,370.24,,,,,,,,,0.01,837.79,0.02,370.24,,,2366.837925,1776181487000
1776181488.983,288.983,0.99,837.79,0.98,370.24,,,,,,,,,0.01,837.79,0.02,370.24,,,2366.97655,1776181488000
1776181489.921,289.921,0.99,837.79,0.98,370.24,,,,,,,,,0.01,837.79,0.02,370.24,,,2367.226972,1776181489000
1776181490.144,290.144,0.99,13059.07,0.98,24.0,,,,,,,,,0.01,837.79,0.02,370.24,,,2367.226972,1776181489000
1776181490.926,290.926,0.99,13059.07,0.98,24.0,,,,,,,,,0.01,13059.07,0.02,24.0,,,2367.52695,1776181490000
1776181491.856,291.856,0.99,13059.07,0.98,24.0,,,,,,,,,0.01,13059.07,0.02,24.0,,,2367.561495,1776181491000
1776181492.912,292.912,0.99,13059.07,0.98,24.0,,,,,,,,,0.01,13059.07,0.02,24.0,,,2367.57345,1776181492000
1776181493.767,293.767,0.99,13130.17,0.98,34.0,,,,,,,,,0.01,13059.07,0.02,24.0,,,2367.57345,1776181492000
1776181495.512,295.512,0.99,13130.17,0.98,34.0,,,,,,,,,0.01,13130.17,0.02,34.0,,,2367.614135,1776181494000
1776181496.671,296.671,0.99,13130.17,0.98,34.0,,,,,,,,,0.01,13130.17,0.02,34.0,,,2367.63141,1776181495000
1776181497.194,297.194,0.99,13130.17,0.98,34.0,,,,,,,,,0.01,13130.17,0.02,34.0,,,2367.65135,1776181496000
1776181497.495,297.495,0.99,15356.56,0.98,41.0,,,,,,,,,0.01,13130.17,0.02,34.0,,,2367.65135,1776181496000
1776181498.231,298.231,0.99,15356.56,0.98,41.0,,,,,,,,,0.01,15356.56,0.02,41.0,,,2367.671535,1776181497000
1776181499.373,299.373,0.99,15356.56,0.98,41.0,,,,,,,,,0.01,15356.56,0.02,41.0,,,2367.726165,1776181498000
1776181500.646,300.646,0.99,59295.48,0.98,150.0,,,,,,,,,0.01,15356.56,0.02,41.0,,,2367.726165,1776181498000

# RESULT,winner=Up,slug=eth-updown-5m-1776181200,ticks=537
