timestamp,elapsed_sec,up_bid_p1,up_bid_s1,up_bid_p2,up_bid_s2,up_ask_p1,up_ask_s1,up_ask_p2,up_ask_s2,down_bid_p1,down_bid_s1,down_bid_p2,down_bid_s2,down_ask_p1,down_ask_s1,down_ask_p2,down_ask_s2,up_spread,down_spread,eth_price,eth_oracle_ts
1776401100.858,0.858,0.48,5.0,0.42,70.0,0.52,64.33,0.53,70.0,0.46,150.0,0.45,8.88,0.52,5.0,0.54,150.0,0.04,0.06,2332.736144,1776401099000
1776401102.045,2.045,0.47,5.0,0.46,17.0,0.49,5.0,0.5,15.0,0.48,64.33,0.47,70.0,0.52,5.0,0.58,70.0,0.02,0.04,2332.764787,1776401100000
1776401102.947,2.947,0.48,94.0,0.47,23.0,0.5,5.0,0.52,9.0,0.51,5.0,0.5,15.0,0.53,5.0,0.54,17.0,0.02,0.02,2332.772533,1776401101000
1776401103.45,3.45,0.49,35.0,0.48,94.0,0.55,8.88,0.56,13.0,0.5,5.0,0.48,9.0,0.52,94.0,0.53,23.0,0.06,0.02,2332.756925,1776401102000
1776401103.936,3.936,0.53,14.81,0.52,17.0,0.55,18.88,0.56,78.0,0.45,8.88,0.44,13.0,0.51,35.0,0.52,94.0,0.02,0.06,2332.756925,1776401102000
1776401104.198,4.198,0.53,13.8,0.52,10.0,0.55,18.88,0.56,78.0,0.45,18.88,0.44,78.0,0.47,14.81,0.48,17.0,0.02,0.02,2332.718652,1776401103000
1776401104.677,4.677,0.53,8.16,0.52,19.0,0.54,10.0,0.55,18.88,0.45,18.88,0.44,78.0,0.47,13.8,0.48,10.0,0.01,0.02,2332.718652,1776401103000
1776401105.835,5.835,0.53,5.0,0.52,19.0,0.54,1.08,0.55,23.88,0.46,10.0,0.45,18.88,0.47,8.16,0.48,19.0,0.01,0.01,2332.718652,1776401103000
1776401106.431,6.431,0.54,78.0,0.53,168.0,0.55,3.88,0.6,15.0,0.46,1.08,0.45,23.88,0.47,5.0,0.48,19.0,0.01,0.01,2332.817624,1776401105000
1776401108.097,8.097,0.56,18.0,0.55,17.0,0.57,10.0,0.58,24.0,0.4,5.0,0.38,14.0,0.46,85.39,0.47,168.0,0.01,0.06,2332.859067,1776401106000
1776401110.042,10.042,0.56,23.0,0.55,22.0,0.59,10.0,0.6,10.0,0.43,10.0,0.42,24.0,0.44,18.0,0.45,17.0,0.03,0.01,2333.120905,1776401109000
1776401110.767,10.767,0.56,25.0,0.55,32.0,0.58,10.0,0.59,15.0,0.43,10.0,0.42,10.0,0.44,19.0,0.45,32.0,0.02,0.01,2333.120905,1776401109000
1776401111.721,11.721,0.55,5.0,0.54,74.0,0.58,52.0,0.59,167.0,0.42,10.0,0.41,15.0,0.44,19.88,0.45,32.0,0.03,0.02,2333.125656,1776401110000
1776401112.718,12.718,0.55,15.0,0.54,74.0,0.56,43.21,0.57,10.0,0.42,52.0,0.41,167.0,0.45,5.0,0.46,74.0,0.01,0.03,2333.108452,1776401111000
1776401114.379,14.379,0.55,5.0,0.54,82.0,0.56,36.42,0.57,15.0,0.44,43.21,0.43,10.0,0.45,15.0,0.46,74.0,0.01,0.01,2333.117839,1776401112000
1776401116.511,16.511,0.55,10.0,0.54,77.0,0.56,20.0,0.57,15.0,0.44,36.42,0.43,15.0,0.45,5.0,0.46,82.0,0.01,0.01,2333.09476,1776401115000
1776401117.138,17.138,0.52,4.5,0.51,28.0,0.53,70.2,0.54,95.0,0.44,20.0,0.43,15.0,0.45,10.0,0.46,77.0,0.01,0.01,2333.09476,1776401115000
1776401117.867,17.867,0.49,18.29,0.48,29.0,0.51,100.2,0.52,96.0,0.47,70.2,0.46,95.0,0.48,4.5,0.49,28.0,0.02,0.01,2333.091525,1776401116000
1776401118.11,18.11,0.49,7.83,0.48,29.0,0.5,75.2,0.51,61.0,0.49,100.2,0.48,96.0,0.51,7.83,0.52,29.0,0.01,0.02,2333.091525,1776401116000
1776401123.889,23.889,0.49,32.07,0.48,40.0,0.5,86.65,0.51,15.0,0.5,75.2,0.49,61.0,0.51,7.83,0.52,29.0,0.01,0.01,2332.849755,1776401122000
1776401124.447,24.447,0.49,5.3,0.48,19.0,0.5,117.65,0.51,15.0,0.5,91.65,0.49,15.0,0.51,12.46,0.52,40.0,0.01,0.01,2332.842531,1776401123000
1776401125.485,25.485,0.48,24.2,0.47,28.0,0.49,73.56,0.5,122.05,0.5,112.65,0.49,15.0,0.52,14.3,0.53,15.0,0.01,0.02,2332.836499,1776401124000
1776401125.851,25.851,0.48,55.99,0.47,28.0,0.49,38.56,0.5,92.05,0.51,73.56,0.5,122.05,0.52,24.2,0.53,28.0,0.01,0.01,2332.836499,1776401124000
1776401128.124,28.124,0.48,1.0,0.47,23.0,0.49,64.56,0.5,107.05,0.51,33.56,0.5,92.05,0.52,50.99,0.53,28.0,0.01,0.01,2332.77977,1776401127000
1776401132.12,32.12,0.44,23.0,0.43,25.0,0.49,89.56,0.5,107.05,0.51,64.56,0.5,107.05,0.52,1.0,0.53,23.0,0.05,0.01,2332.775395,1776401130000
1776401132.36,32.36,0.4,20.0,0.39,15.0,0.45,51.56,0.46,121.0,0.51,89.56,0.5,107.05,0.56,23.0,0.57,25.0,0.05,0.05,2332.775395,1776401130000
1776401132.669,32.669,0.43,25.64,0.42,27.0,0.45,29.09,0.46,141.0,0.55,29.09,0.54,141.0,0.56,15.0,0.57,32.0,0.02,0.01,2332.756034,1776401131000
1776401133.759,33.759,0.44,28.91,0.43,25.64,0.45,24.09,0.46,141.0,0.55,29.09,0.54,141.0,0.57,25.64,0.58,27.0,0.01,0.02,2332.75542,1776401132000
1776401138.976,38.976,0.44,79.91,0.43,30.64,0.45,9.09,0.46,50.0,0.55,24.09,0.54,141.0,0.56,28.91,0.57,25.64,0.01,0.01,2332.709007,1776401137000
1776401139.583,39.583,0.45,43.0,0.44,30.91,0.46,31.6,0.47,10.0,0.54,42.47,0.53,10.0,0.56,42.91,0.57,30.64,0.01,0.02,2332.709769,1776401138000
1776401143.519,43.519,0.48,233.0,0.47,202.0,0.5,11.05,0.55,15.0,0.54,31.6,0.53,10.0,0.55,43.0,0.56,30.91,0.02,0.01,2332.746133,1776401142000
1776401144.574,44.574,0.54,101.2,0.53,55.0,0.56,44.83,0.57,15.0,0.45,6.26,0.44,134.01,0.47,35.0,0.48,20.0,0.02,0.02,2332.746842,1776401143000
1776401145.781,45.781,0.57,75.0,0.56,79.2,0.58,153.3,0.6,15.0,0.44,10.0,0.43,15.0,0.46,101.2,0.47,55.0,0.01,0.02,2332.772534,1776401144000
1776401150.571,50.571,0.6,40.06,0.59,15.0,0.62,5.66,0.63,15.0,0.42,96.2,0.4,5.0,0.43,115.0,0.44,60.0,0.02,0.01,2333.114175,1776401148000
1776401150.885,50.885,0.6,50.0,0.59,15.0,0.61,9.94,0.62,10.66,0.38,5.66,0.37,15.0,0.4,40.06,0.41,15.0,0.01,0.02,2333.114175,1776401148000
1776401153.608,53.608,0.6,60.0,0.59,20.0,0.61,8.3,0.62,10.66,0.39,9.94,0.38,10.66,0.4,50.0,0.41,15.0,0.01,0.01,2333.142005,1776401152000
1776401154.105,54.105,0.6,65.0,0.59,10.0,0.61,8.4,0.62,15.66,0.39,8.3,0.38,10.66,0.4,60.0,0.41,20.0,0.01,0.01,2333.14384,1776401153000
1776401167.408,67.408,0.59,10.0,0.58,10.0,0.61,20.0,0.62,175.99,0.39,8.4,0.38,15.66,0.4,65.0,0.41,10.0,0.02,0.01,2333.14958,1776401165000
1776401167.689,67.689,0.58,10.0,0.54,10.0,0.6,161.99,0.61,34.0,0.4,20.0,0.39,105.27,0.41,5.0,0.42,10.0,0.02,0.01,2333.14963,1776401166000
1776401169.456,69.456,0.52,10.0,0.51,10.0,0.55,202.99,0.56,167.0,0.44,17.0,0.43,10.0,0.45,5.0,0.46,52.0,0.03,0.01,2333.151955,1776401167000
1776401169.804,69.804,0.43,232.83,0.42,31.0,0.46,3.21,0.47,5.0,0.56,3.62,0.54,5.0,0.57,177.83,0.58,31.0,0.03,0.01,2333.150615,1776401168000
1776401170.882,70.882,0.47,25.0,0.46,15.0,0.49,1.24,0.5,98.27,0.52,5.0,0.51,101.99,0.55,20.0,0.56,10.0,0.02,0.03,2333.130425,1776401169000
1776401172.316,72.316,0.47,18.66,0.46,15.0,0.49,1.24,0.5,5.0,0.51,1.24,0.5,98.27,0.53,25.0,0.54,15.0,0.02,0.02,2332.871197,1776401171000
1776401172.663,72.663,0.47,8.66,0.46,10.0,0.48,50.0,0.49,11.24,0.51,1.24,0.5,5.0,0.53,18.66,0.54,15.0,0.01,0.02,2332.871197,1776401171000
1776401175.118,75.118,0.47,37.0,0.46,49.18,0.49,1.24,0.5,15.0,0.52,50.0,0.51,11.24,0.53,8.66,0.54,10.0,0.02,0.01,2332.858408,1776401173000
1776401179.101,79.101,0.5,15.0,0.49,20.0,0.53,85.0,0.54,15.0,0.51,1.24,0.5,15.0,0.53,37.0,0.54,49.18,0.03,0.02,2333.005072,1776401177000
1776401179.787,79.787,0.51,15.0,0.5,25.0,0.53,73.37,0.54,15.0,0.47,85.0,0.46,15.0,0.5,15.0,0.51,20.0,0.02,0.03,2332.901705,1776401178000
1776401181.488,81.488,0.52,43.0,0.51,25.0,0.54,10.0,0.55,15.0,0.47,73.37,0.46,15.0,0.49,15.0,0.5,25.0,0.02,0.02,2332.820481,1776401180000
1776401183.788,83.788,0.57,71.2,0.56,25.0,0.58,10.0,0.59,30.0,0.46,10.0,0.45,15.0,0.48,43.0,0.49,25.0,0.01,0.02,2332.819488,1776401181000
1776401188.061,88.061,0.58,20.0,0.57,161.0,0.61,10.0,0.62,25.0,0.42,10.0,0.41,30.0,0.43,71.2,0.44,25.0,0.03,0.01,2333.038068,1776401186000
1776401188.296,88.296,0.6,22.5,0.59,25.0,0.61,5.0,0.62,25.0,0.39,5.0,0.38,15.0,0.4,10.0,0.41,25.0,0.01,0.01,2333.058661,1776401187000
1776401188.74,88.74,0.61,57.24,0.6,37.5,0.64,9.53,0.65,118.27,0.39,5.0,0.38,25.0,0.4,22.5,0.41,25.0,0.03,0.01,2333.058661,1776401187000
1776401189.357,89.357,0.62,77.24,0.61,40.0,0.63,53.47,0.64,15.0,0.36,9.53,0.35,118.27,0.39,57.24,0.4,37.5,0.01,0.03,2333.058661,1776401187000
1776401189.82,89.82,0.62,82.24,0.61,35.0,0.63,48.75,0.64,10.0,0.37,53.47,0.36,15.0,0.38,77.24,0.39,40.0,0.01,0.01,2333.048205,1776401188000
1776401190.634,90.634,0.65,106.44,0.64,40.0,0.66,10.0,0.67,20.0,0.37,20.75,0.36,10.0,0.38,77.24,0.39,35.0,0.01,0.01,2333.092169,1776401189000
1776401192.391,92.391,0.65,75.23,0.64,45.0,0.66,20.6,0.67,76.0,0.34,15.6,0.33,20.0,0.35,83.38,0.36,45.0,0.01,0.01,2333.199265,1776401191000
1776401192.768,92.768,0.65,65.08,0.64,30.0,0.66,20.6,0.67,76.0,0.34,20.6,0.33,76.0,0.35,75.23,0.36,45.0,0.01,0.01,2333.199265,1776401191000
1776401193.031,93.031,0.65,57.48,0.64,30.0,0.66,20.6,0.67,76.0,0.34,20.6,0.33,76.0,0.35,65.08,0.36,30.0,0.01,0.01,2333.199265,1776401191000
1776401197.832,97.832,0.65,43.24,0.64,30.0,0.66,20.6,0.67,20.0,0.34,20.6,0.33,76.0,0.35,54.33,0.36,30.0,0.01,0.01,2333.404556,1776401196000
1776401201.476,101.476,0.65,170.24,0.64,43.0,0.7,13.33,0.72,8.0,0.34,20.6,0.33,20.0,0.35,43.24,0.36,30.0,0.05,0.01,2333.278884,1776401200000
1776401201.842,101.842,0.83,65.03,0.82,26.09,0.84,126.99,0.85,37.0,0.16,108.99,0.15,29.0,0.21,80.0,0.22,10.0,0.01,0.05,2333.278884,1776401200000
1776401202.046,102.046,0.78,2.45,0.77,15.0,0.81,84.0,0.82,80.0,0.16,98.99,0.15,37.0,0.2,15.89,0.21,20.0,0.03,0.04,2333.278884,1776401200000
1776401202.27,102.27,0.75,23.75,0.73,22.0,0.79,227.6,0.8,143.08,0.21,113.88,0.2,102.08,0.22,2.45,0.25,30.0,0.04,0.01,2333.278884,1776401200000
1776401202.704,102.704,0.73,6.0,0.68,21.0,0.76,290.87,0.77,52.0,0.24,65.0,0.23,138.72,0.25,2.89,0.27,22.0,0.03,0.01,2333.278967,1776401201000
1776401202.948,102.948,0.68,15.0,0.65,10.0,0.69,34.72,0.7,50.15,0.26,215.87,0.25,49.0,0.32,15.0,0.35,6.0,0.01,0.06,2333.278967,1776401201000
1776401203.191,103.191,0.62,176.29,0.61,20.0,0.63,34.72,0.66,110.15,0.34,50.0,0.33,10.0,0.35,4.28,0.36,10.0,0.01,0.01,2333.304777,1776401202000
1776401203.505,103.505,0.62,21.0,0.61,20.0,0.63,105.82,0.64,70.0,0.37,103.87,0.36,70.0,0.38,177.02,0.39,20.0,0.01,0.01,2333.304777,1776401202000
1776401203.937,103.937,0.62,21.0,0.61,20.0,0.63,94.23,0.64,70.0,0.37,104.23,0.36,70.0,0.38,21.0,0.39,20.0,0.01,0.01,2333.304777,1776401202000
1776401204.856,104.856,0.62,26.0,0.61,20.0,0.63,73.35,0.64,70.0,0.37,89.23,0.36,70.0,0.38,21.0,0.39,20.0,0.01,0.01,2333.846589,1776401203000
1776401205.364,105.364,0.62,23.37,0.61,20.1,0.63,65.65,0.64,70.0,0.37,65.65,0.36,70.0,0.38,26.0,0.39,20.0,0.01,0.01,2333.443101,1776401204000
1776401206.032,106.032,0.62,14.74,0.61,26.1,0.63,65.65,0.64,70.0,0.37,65.65,0.36,70.0,0.38,23.37,0.39,20.1,0.01,0.01,2333.443101,1776401204000
1776401206.925,106.925,0.62,12.11,0.61,21.0,0.63,65.65,0.64,80.0,0.37,65.65,0.36,70.0,0.38,14.74,0.39,26.1,0.01,0.01,2333.373447,1776401205000
1776401207.557,107.557,0.62,13.25,0.61,15.0,0.63,65.65,0.64,80.0,0.37,65.65,0.36,80.0,0.38,12.11,0.39,21.0,0.01,0.01,2333.396107,1776401206000
1776401208.675,108.675,0.62,10.0,0.61,21.0,0.63,50.65,0.64,80.0,0.37,65.65,0.36,80.0,0.38,13.25,0.39,15.0,0.01,0.01,2333.354468,1776401207000
1776401212.451,112.451,0.62,26.0,0.61,25.0,0.63,47.47,0.64,70.0,0.37,50.65,0.36,80.0,0.38,10.0,0.39,21.0,0.01,0.01,2333.320809,1776401211000
1776401214.181,114.181,0.62,20.73,0.61,25.0,0.63,47.47,0.64,70.0,0.37,47.47,0.36,70.0,0.38,26.0,0.39,25.0,0.01,0.01,2333.336231,1776401212000
1776401219.867,119.867,0.62,15.73,0.61,25.0,0.63,47.47,0.64,70.0,0.37,47.47,0.36,70.0,0.38,20.73,0.39,25.0,0.01,0.01,2333.317991,1776401218000
1776401220.475,120.475,0.62,25.73,0.61,25.0,0.63,34.47,0.64,70.0,0.37,47.47,0.36,70.0,0.38,15.73,0.39,25.0,0.01,0.01,2333.317991,1776401219000
1776401220.849,120.849,0.62,33.79,0.61,25.0,0.63,15.42,0.64,70.0,0.37,34.47,0.36,70.0,0.38,25.73,0.39,25.0,0.01,0.01,2333.317991,1776401219000
1776401221.648,121.648,0.58,5.0,0.57,5.0,0.63,146.41,0.64,73.72,0.37,15.42,0.36,70.0,0.38,33.79,0.39,25.0,0.05,0.01,2333.321325,1776401220000
1776401222.323,122.323,0.54,0.9,0.53,5.0,0.55,79.95,0.56,29.0,0.44,15.0,0.43,210.82,0.46,20.9,0.47,15.0,0.01,0.02,2333.321325,1776401220000
1776401222.981,122.981,0.54,26.9,0.53,15.0,0.55,60.73,0.56,14.0,0.45,77.73,0.44,29.0,0.46,0.9,0.47,5.0,0.01,0.01,2333.32132,1776401221000
1776401224.024,124.024,0.54,43.9,0.53,15.0,0.56,5.0,0.57,68.87,0.45,60.73,0.44,14.0,0.46,26.9,0.47,15.0,0.02,0.01,2333.320961,1776401222000
1776401224.431,124.431,0.55,42.0,0.54,31.9,0.56,8.55,0.57,68.87,0.44,5.0,0.43,68.87,0.46,43.9,0.47,15.0,0.01,0.02,2333.320961,1776401222000
1776401225.286,125.286,0.56,46.44,0.55,10.0,0.57,56.58,0.6,5.0,0.43,68.87,0.42,5.0,0.45,2.44,0.46,31.9,0.01,0.02,2333.092605,1776401224000
1776401231.028,131.028,0.56,58.44,0.55,21.0,0.57,41.58,0.59,5.0,0.43,56.58,0.4,5.0,0.44,46.44,0.45,10.0,0.01,0.01,2333.127391,1776401230000
1776401234.151,134.151,0.56,41.44,0.55,26.0,0.57,48.58,0.58,75.0,0.43,41.58,0.41,5.0,0.44,58.44,0.45,21.0,0.01,0.01,2333.156434,1776401232000
1776401236.308,136.308,0.56,49.7,0.55,26.0,0.57,50.37,0.58,70.0,0.43,48.58,0.42,75.0,0.44,41.44,0.45,26.0,0.01,0.01,2333.13076,1776401234000
1776401237.537,137.537,0.56,20.0,0.55,21.0,0.57,55.37,0.58,70.0,0.43,50.37,0.42,70.0,0.44,49.7,0.45,26.0,0.01,0.01,2333.146069,1776401236000
1776401240.356,140.356,0.5,6.0,0.49,5.0,0.55,20.0,0.56,46.27,0.43,55.37,0.42,70.0,0.44,20.0,0.45,21.0,0.05,0.01,2333.123629,1776401239000
1776401240.56,140.56,0.46,5.0,0.45,12.0,0.48,20.0,0.49,83.55,0.51,48.0,0.5,10.0,0.53,0.88,0.54,5.0,0.02,0.02,2333.123629,1776401239000
1776401240.771,140.771,0.41,10.9,0.4,12.0,0.45,59.2,0.46,20.0,0.54,10.0,0.53,27.0,0.56,1.9,0.57,5.0,0.04,0.02,2333.123629,1776401239000
1776401241.124,141.124,0.41,22.9,0.4,22.0,0.42,15.0,0.43,20.0,0.58,5.0,0.57,10.0,0.59,10.9,0.6,12.0,0.01,0.01,2333.110217,1776401240000
1776401241.527,141.527,0.41,44.9,0.4,22.0,0.42,8.09,0.43,20.0,0.58,15.0,0.57,20.0,0.59,22.9,0.6,22.0,0.01,0.01,2333.110217,1776401240000
1776401241.885,141.885,0.41,39.9,0.4,17.0,0.42,11.64,0.43,20.0,0.58,8.09,0.57,20.0,0.59,44.9,0.6,22.0,0.01,0.01,2333.110217,1776401240000
1776401242.598,142.598,0.41,39.9,0.4,133.04,0.42,11.64,0.43,10.0,0.58,11.64,0.57,20.0,0.59,39.9,0.6,17.0,0.01,0.01,2333.105256,1776401241000
1776401243.284,143.284,0.41,39.9,0.4,133.04,0.42,1.52,0.43,10.0,0.58,11.64,0.57,10.0,0.59,39.9,0.6,133.04,0.01,0.01,2333.105256,1776401241000
1776401243.485,143.485,0.41,39.9,0.4,133.04,0.43,6.52,0.45,18.0,0.58,1.52,0.57,10.0,0.59,39.9,0.6,133.04,0.02,0.01,2332.781439,1776401242000
1776401247.042,147.042,0.42,50.0,0.41,15.0,0.43,10.0,0.44,10.0,0.57,1.52,0.55,18.0,0.58,27.0,0.59,27.9,0.01,0.01,2332.740212,1776401245000
1776401248.471,148.471,0.42,5.0,0.41,55.0,0.44,20.0,0.45,15.0,0.57,5.0,0.56,10.0,0.58,6.05,0.59,15.0,0.02,0.01,2332.742656,1776401247000
1776401252.082,152.082,0.43,23.0,0.42,15.0,0.44,6.0,0.45,10.0,0.56,20.0,0.55,15.0,0.58,5.0,0.59,55.0,0.01,0.02,2332.710613,1776401250000
1776401254.871,154.871,0.42,5.0,0.41,55.0,0.44,33.0,0.45,15.0,0.56,6.0,0.55,10.0,0.57,23.0,0.58,15.0,0.02,0.01,2332.707059,1776401253000
1776401255.802,155.802,0.36,7.0,0.33,15.0,0.42,27.0,0.43,15.0,0.56,33.0,0.55,15.0,0.58,5.0,0.59,55.0,0.06,0.02,2332.69775,1776401254000
1776401256.502,156.502,0.33,4.5,0.32,15.0,0.35,32.0,0.36,15.0,0.65,15.0,0.64,10.0,0.66,1.0,0.67,15.0,0.02,0.01,2332.641081,1776401255000
1776401257.934,157.934,0.3,15.0,0.29,62.5,0.32,24.0,0.33,15.0,0.65,32.0,0.64,15.0,0.67,4.5,0.68,15.0,0.02,0.02,2332.631986,1776401256000
1776401258.263,158.263,0.3,15.0,0.29,62.5,0.31,10.77,0.32,34.0,0.68,24.0,0.67,15.0,0.7,15.0,0.71,62.5,0.01,0.02,2332.631986,1776401256000
1776401258.922,158.922,0.3,22.0,0.29,69.5,0.31,18.38,0.32,24.0,0.69,10.77,0.68,34.0,0.7,15.0,0.71,62.5,0.01,0.01,2332.530755,1776401257000
1776401261.66,161.66,0.3,172.28,0.29,209.5,0.35,5.0,0.36,5.0,0.69,18.38,0.68,24.0,0.7,22.0,0.71,69.5,0.05,0.01,2332.379063,1776401260000
1776401261.894,161.894,0.34,10.0,0.33,27.0,0.37,5.0,0.38,10.0,0.64,5.0,0.63,5.0,0.66,10.0,0.67,20.0,0.03,0.02,2332.379063,1776401260000
1776401262.384,162.384,0.37,60.4,0.36,35.0,0.38,10.0,0.39,5.0,0.62,10.0,0.61,5.0,0.64,10.0,0.65,29.28,0.01,0.02,2332.379063,1776401260000
1776401264.925,164.925,0.27,7.0,0.26,7.0,0.31,24.0,0.32,24.0,0.62,10.0,0.61,5.0,0.63,38.73,0.64,35.0,0.04,0.01,2332.519341,1776401263000
1776401265.239,165.239,0.26,2.45,0.25,5.0,0.28,64.16,0.29,10.0,0.72,76.2,0.71,10.0,0.74,2.45,0.75,5.0,0.02,0.02,2332.480133,1776401264000
1776401266.716,166.716,0.24,87.91,0.23,10.0,0.25,13.22,0.26,19.0,0.72,64.16,0.71,10.0,0.74,2.45,0.75,5.0,0.01,0.02,2332.398235,1776401265000
1776401268.352,168.352,0.24,88.91,0.23,21.0,0.25,9.24,0.26,5.0,0.75,13.22,0.74,19.0,0.76,87.91,0.77,10.0,0.01,0.01,2332.27514,1776401267000
1776401268.911,168.911,0.24,80.85,0.23,16.0,0.25,9.24,0.26,5.0,0.75,9.24,0.74,5.0,0.76,88.91,0.77,21.0,0.01,0.01,2332.27514,1776401267000
1776401269.903,169.903,0.24,90.85,0.23,36.3,0.25,2.08,0.26,5.0,0.75,9.24,0.74,5.0,0.76,80.85,0.77,16.0,0.01,0.01,2332.214046,1776401268000
1776401271.337,171.337,0.24,83.53,0.23,36.3,0.25,2.08,0.26,5.0,0.75,2.08,0.74,5.0,0.76,90.85,0.77,36.3,0.01,0.01,2332.27398,1776401270000
1776401272.208,172.208,0.24,83.53,0.23,36.3,0.27,11.0,0.28,16.0,0.75,2.08,0.74,5.0,0.76,83.53,0.77,36.3,0.03,0.01,2332.27398,1776401270000
1776401272.489,172.489,0.26,97.0,0.25,80.0,0.27,1.92,0.31,82.0,0.73,11.0,0.72,16.0,0.76,83.53,0.77,36.3,0.01,0.03,2332.20294,1776401271000
1776401272.76,172.76,0.27,6.0,0.26,215.0,0.31,45.06,0.36,14.72,0.69,62.0,0.64,14.72,0.73,6.0,0.74,210.0,0.04,0.04,2332.20294,1776401271000
1776401273.832,173.832,0.34,24.6,0.32,15.56,0.36,50.0,0.41,50.0,0.64,14.62,0.63,18.0,0.68,24.94,0.73,6.0,0.02,0.04,2332.194553,1776401272000
1776401274.047,174.047,0.35,21.32,0.34,9.9,0.36,51.83,0.38,13.0,0.64,50.0,0.59,50.0,0.66,24.6,0.67,5.0,0.01,0.02,2332.194553,1776401272000
1776401274.343,174.343,0.32,8.62,0.31,6.0,0.36,56.0,0.37,5.0,0.64,51.83,0.62,13.0,0.65,21.32,0.66,9.9,0.04,0.01,2332.263838,1776401273000
1776401274.578,174.578,0.29,5.83,0.27,6.0,0.31,9.18,0.33,5.0,0.69,14.06,0.66,10.0,0.71,5.83,0.73,6.0,0.02,0.02,2332.263838,1776401273000
1776401275.317,175.317,0.27,11.0,0.26,11.0,0.32,5.0,0.34,10.0,0.69,55.63,0.68,5.0,0.7,10.32,0.73,6.0,0.05,0.01,2332.302735,1776401274000
1776401276.52,176.52,0.3,10.0,0.27,16.0,0.31,25.0,0.32,20.0,0.68,5.0,0.66,10.0,0.73,11.0,0.74,11.0,0.01,0.05,2332.235739,1776401275000
1776401279.538,179.538,0.3,34.99,0.29,5.0,0.31,24.09,0.32,20.0,0.69,25.0,0.68,20.0,0.7,10.0,0.73,16.0,0.01,0.01,2332.24451,1776401278000
1776401280.553,180.553,0.3,0.99,0.29,5.0,0.31,24.09,0.32,20.0,0.69,24.09,0.68,20.0,0.7,34.99,0.71,5.0,0.01,0.01,2332.332417,1776401279000
1776401281.319,181.319,0.27,16.0,0.26,6.0,0.3,4.2,0.31,16.0,0.69,24.09,0.68,20.0,0.7,0.99,0.71,5.0,0.03,0.01,2332.239477,1776401280000
1776401281.872,181.872,0.29,54.0,0.28,15.0,0.32,10.0,0.33,20.0,0.7,4.2,0.69,16.0,0.73,16.0,0.74,6.0,0.03,0.03,2332.239477,1776401280000
1776401283.235,183.235,0.32,56.41,0.31,15.0,0.33,60.79,0.35,5.0,0.68,4.06,0.67,25.0,0.7,25.0,0.71,20.0,0.01,0.02,2332.253219,1776401282000
1776401283.524,183.524,0.33,70.0,0.32,166.41,0.43,70.27,0.44,36.0,0.67,60.79,0.65,5.0,0.68,56.41,0.69,15.0,0.1,0.01,2332.253219,1776401282000
1776401284.008,184.008,0.43,20.41,0.42,10.0,0.44,6.0,0.45,6.0,0.63,4.9,0.57,70.27,0.64,10.0,0.65,10.0,0.01,0.01,2332.253219,1776401282000
1776401284.44,184.44,0.43,77.41,0.42,15.0,0.44,125.45,0.45,6.0,0.56,6.0,0.55,6.0,0.57,15.41,0.58,15.0,0.01,0.01,2332.322033,1776401283000
1776401285.058,185.058,0.43,67.85,0.42,15.0,0.44,123.17,0.45,6.0,0.56,125.45,0.55,6.0,0.57,77.41,0.58,15.0,0.01,0.01,2332.322033,1776401283000
1776401286.097,186.097,0.43,56.85,0.42,15.0,0.44,135.17,0.45,6.0,0.56,123.17,0.55,6.0,0.57,67.85,0.58,15.0,0.01,0.01,2332.365719,1776401284000
1776401287.995,187.995,0.43,41.76,0.42,5.0,0.44,135.17,0.45,16.0,0.56,135.17,0.55,6.0,0.57,56.85,0.58,15.0,0.01,0.01,2332.468058,1776401286000
1776401288.357,188.357,0.43,4.44,0.42,5.0,0.44,135.17,0.45,16.0,0.56,135.17,0.55,16.0,0.57,21.76,0.58,5.0,0.01,0.01,2332.49366,1776401287000
1776401288.631,188.631,0.35,2.56,0.33,15.0,0.43,5.0,0.44,34.0,0.57,5.0,0.56,34.0,0.61,0.26,0.65,5.0,0.08,0.04,2332.49366,1776401287000
1776401289.691,189.691,0.33,18.0,0.31,64.0,0.34,9.11,0.35,38.71,0.57,5.0,0.56,27.0,0.65,2.56,0.67,15.0,0.01,0.08,2332.434271,1776401288000
1776401290.276,190.276,0.33,5.0,0.29,9.0,0.34,1.16,0.35,38.71,0.66,9.11,0.65,38.71,0.67,18.0,0.69,64.0,0.01,0.01,2332.413282,1776401289000
1776401291.148,191.148,0.33,56.0,0.32,10.0,0.34,15.27,0.35,38.71,0.66,1.16,0.65,38.71,0.67,5.0,0.71,9.0,0.01,0.01,2332.413282,1776401289000
1776401293.15,193.15,0.3,15.0,0.29,19.0,0.34,80.38,0.35,10.0,0.66,15.27,0.65,38.71,0.67,56.0,0.68,10.0,0.04,0.01,2332.451553,1776401291000
1776401294.047,194.047,0.3,5.0,0.29,19.0,0.31,27.04,0.32,10.0,0.66,80.38,0.65,10.0,0.7,15.0,0.71,19.0,0.01,0.04,2332.451553,1776401291000
1776401297.782,197.782,0.25,5.0,0.24,10.0,0.26,67.42,0.27,10.0,0.69,27.04,0.68,10.0,0.7,5.0,0.71,19.0,0.01,0.01,2332.23333,1776401296000
1776401300.692,200.692,0.25,5.0,0.24,5.0,0.26,49.72,0.27,15.0,0.74,67.42,0.73,10.0,0.75,5.0,0.76,10.0,0.01,0.01,2332.225453,1776401299000
1776401301.54,201.54,0.25,10.0,0.24,5.0,0.26,40.87,0.27,15.0,0.74,49.72,0.73,15.0,0.75,5.0,0.76,5.0,0.01,0.01,2332.225453,1776401300000
1776401305.277,205.277,0.24,40.0,0.23,15.0,0.25,11.27,0.27,5.0,0.74,45.87,0.73,15.0,0.76,5.0,0.77,5.0,0.01,0.02,2332.21547,1776401303000
1776401305.978,205.978,0.26,31.72,0.25,15.0,0.28,15.0,0.29,20.0,0.75,11.27,0.73,5.0,0.76,40.0,0.77,15.0,0.02,0.01,2332.209626,1776401304000
1776401308.988,208.988,0.25,5.0,0.24,10.0,0.26,29.42,0.27,25.99,0.72,15.0,0.71,20.0,0.74,31.72,0.75,15.0,0.01,0.02,2332.23544,1776401307000
1776401309.866,209.866,0.21,50.0,0.19,25.0,0.26,170.31,0.27,31.0,0.74,29.42,0.73,25.99,0.75,5.0,0.76,10.0,0.05,0.01,2332.237213,1776401308000
1776401310.187,210.187,0.21,50.0,0.19,15.0,0.22,80.68,0.23,23.0,0.74,170.31,0.73,31.0,0.79,50.0,0.81,25.0,0.01,0.05,2332.237213,1776401308000
1776401310.721,210.721,0.21,48.39,0.19,33.4,0.22,35.68,0.23,18.0,0.78,80.68,0.77,23.0,0.79,50.0,0.81,15.0,0.01,0.01,2332.243227,1776401309000
1776401311.325,211.325,0.16,39.46,0.14,13.0,0.18,59.42,0.19,23.0,0.78,35.68,0.77,18.0,0.79,48.39,0.81,33.4,0.02,0.01,2332.243227,1776401310000
1776401311.816,211.816,0.14,10.9,0.13,71.8,0.15,56.85,0.16,18.0,0.82,59.42,0.81,23.0,0.84,39.46,0.86,13.0,0.01,0.02,2332.243227,1776401310000
1776401312.139,212.139,0.14,10.9,0.13,71.8,0.15,46.85,0.16,18.0,0.85,56.85,0.84,18.0,0.86,10.9,0.87,71.8,0.01,0.01,2332.234627,1776401311000
1776401312.7,212.7,0.14,10.9,0.13,81.8,0.15,40.18,0.16,18.0,0.85,46.85,0.84,18.0,0.86,10.9,0.87,71.8,0.01,0.01,2332.234627,1776401311000
1776401313.151,213.151,0.14,9.73,0.13,81.8,0.15,40.18,0.16,18.0,0.85,40.18,0.84,18.0,0.86,10.9,0.87,81.8,0.01,0.01,2332.234627,1776401311000
1776401313.844,213.844,0.13,108.8,0.12,244.1,0.14,53.47,0.15,8.0,0.85,40.18,0.84,18.0,0.86,3.66,0.87,81.8,0.01,0.01,2332.207987,1776401312000
1776401314.646,214.646,0.13,108.8,0.12,244.1,0.14,51.32,0.15,8.0,0.86,53.47,0.85,8.0,0.87,108.8,0.88,244.1,0.01,0.01,2332.147554,1776401313000
1776401314.945,214.945,0.13,98.05,0.12,244.1,0.14,46.32,0.15,8.0,0.86,51.32,0.85,8.0,0.87,108.8,0.88,244.1,0.01,0.01,2332.147554,1776401313000
1776401316.453,216.453,0.13,68.05,0.12,274.1,0.14,39.17,0.15,8.0,0.86,46.32,0.85,8.0,0.87,98.05,0.88,244.1,0.01,0.01,2332.101157,1776401315000
1776401316.744,216.744,0.13,73.05,0.12,274.1,0.18,10.0,0.19,5.0,0.86,39.17,0.85,8.0,0.87,68.05,0.88,274.1,0.05,0.01,2332.101157,1776401315000
1776401317.642,217.642,0.13,4.25,0.12,30.0,0.14,12.28,0.15,23.0,0.82,10.0,0.81,5.0,0.87,73.05,0.88,274.1,0.01,0.05,2332.096761,1776401316000
1776401317.9,217.9,0.07,64.0,0.06,21.0,0.09,107.82,0.1,38.0,0.9,20.0,0.89,78.0,0.92,4.19,0.93,64.0,0.02,0.02,2332.096761,1776401316000
1776401318.246,218.246,0.07,52.71,0.06,21.0,0.08,52.0,0.09,157.32,0.92,9.0,0.91,91.33,0.93,58.63,0.94,21.0,0.01,0.01,2332.103837,1776401317000
1776401318.586,218.586,0.06,18.91,0.05,150.8,0.07,20.0,0.08,55.0,0.92,52.0,0.91,157.32,0.94,21.0,0.95,145.8,0.01,0.02,2332.103837,1776401317000
1776401318.95,218.95,0.06,9.59,0.05,150.8,0.07,50.0,0.08,60.0,0.93,33.0,0.92,55.0,0.94,15.91,0.95,150.8,0.01,0.01,2332.103837,1776401317000
1776401319.887,219.887,0.05,75.0,0.04,123.8,0.06,31.54,0.07,10.0,0.93,27.5,0.92,60.0,0.94,9.59,0.95,150.8,0.01,0.01,2332.079832,1776401318000
1776401320.237,220.237,0.05,196.34,0.04,248.8,0.06,34.87,0.07,15.0,0.94,31.54,0.93,10.0,0.95,75.0,0.96,123.8,0.01,0.01,2332.079832,1776401318000
1776401320.535,220.535,0.05,196.34,0.04,248.8,0.06,16.53,0.07,20.0,0.94,34.87,0.93,15.0,0.95,196.34,0.96,248.8,0.01,0.01,2331.388706,1776401319000
1776401321.031,221.031,0.05,274.28,0.04,258.8,0.06,10.0,0.07,5.0,0.94,16.53,0.93,20.0,0.95,196.34,0.96,248.8,0.01,0.01,2331.352746,1776401320000
1776401321.242,221.242,0.06,10.0,0.05,228.64,0.13,99.78,0.14,56.18,0.92,10.0,0.91,22.33,0.95,253.64,0.96,258.8,0.07,0.03,2331.352746,1776401320000
1776401321.707,221.707,0.09,27.26,0.08,10.0,0.1,5.0,0.11,15.0,0.87,99.78,0.86,56.18,0.94,10.0,0.95,228.64,0.01,0.07,2331.352746,1776401320000
1776401322.359,222.359,0.09,31.77,0.08,15.0,0.1,10.0,0.11,98.45,0.9,5.0,0.89,15.0,0.91,27.26,0.92,10.0,0.01,0.01,2331.407348,1776401321000
1776401322.688,222.688,0.09,31.77,0.08,10.0,0.11,85.26,0.12,34.72,0.9,10.0,0.89,98.45,0.91,31.77,0.92,15.0,0.02,0.01,2331.407348,1776401321000
1776401323.206,223.206,0.09,15.77,0.08,10.0,0.1,10.0,0.11,85.26,0.89,85.26,0.88,34.72,0.91,31.77,0.92,10.0,0.01,0.02,2331.407348,1776401321000
1776401323.768,223.768,0.09,13.9,0.08,10.0,0.1,10.0,0.11,85.26,0.9,10.0,0.89,85.26,0.91,15.77,0.92,10.0,0.01,0.01,2331.469044,1776401322000
1776401323.987,223.987,0.09,13.9,0.08,10.0,0.11,132.05,0.12,68.82,0.9,10.0,0.89,85.26,0.91,13.9,0.92,10.0,0.02,0.01,2331.469044,1776401322000
1776401324.372,224.372,0.09,12.21,0.08,10.0,0.1,5.0,0.11,193.77,0.89,187.05,0.88,68.82,0.9,2.57,0.91,13.9,0.01,0.01,2331.491668,1776401323000
1776401324.65,224.65,0.08,10.0,0.07,15.0,0.1,60.0,0.11,187.77,0.9,55.0,0.89,187.77,0.91,7.21,0.92,10.0,0.02,0.01,2331.491668,1776401323000
1776401325.128,225.128,0.08,10.0,0.07,15.0,0.09,46.97,0.1,60.0,0.9,60.0,0.89,187.77,0.92,10.0,0.93,15.0,0.01,0.02,2331.488763,1776401324000
1776401325.554,225.554,0.08,7.89,0.07,15.0,0.09,51.97,0.1,100.0,0.91,46.97,0.9,60.0,0.92,10.0,0.93,15.0,0.01,0.01,2331.488763,1776401324000
1776401326.244,226.244,0.07,9.62,0.06,62.0,0.09,100.97,0.1,100.0,0.91,51.97,0.9,100.0,0.92,7.89,0.93,15.0,0.02,0.01,2331.534986,1776401325000
1776401327.068,227.068,0.05,107.14,0.04,253.8,0.06,34.22,0.07,34.0,0.91,100.97,0.9,100.0,0.93,9.62,0.94,62.0,0.01,0.02,2331.534986,1776401325000
1776401327.951,227.951,0.05,102.14,0.04,263.8,0.06,19.79,0.07,44.0,0.94,31.46,0.93,34.0,0.95,107.14,0.96,253.8,0.01,0.01,2331.490347,1776401326000
1776401328.373,228.373,0.04,138.8,0.03,269.7,0.07,64.0,0.08,74.62,0.94,19.79,0.93,44.0,0.95,102.14,0.96,263.8,0.03,0.01,2331.494616,1776401327000
1776401329.127,229.127,0.06,55.0,0.04,268.8,0.07,34.0,0.08,74.62,0.93,64.0,0.92,74.62,0.96,138.8,0.97,269.7,0.01,0.03,2331.494616,1776401327000
1776401330.861,230.861,0.06,78.52,0.04,138.8,0.07,34.0,0.08,96.62,0.93,34.0,0.92,74.62,0.94,55.0,0.96,268.8,0.01,0.01,2331.347797,1776401329000
1776401331.702,231.702,0.06,73.52,0.05,5.0,0.07,14.71,0.08,96.62,0.93,34.0,0.92,96.62,0.94,78.52,0.96,138.8,0.01,0.01,2331.349192,1776401330000
1776401332.255,232.255,0.06,73.52,0.04,45.0,0.07,14.71,0.08,96.62,0.93,14.71,0.92,96.62,0.94,73.52,0.95,5.0,0.01,0.01,2331.391437,1776401331000
1776401332.765,232.765,0.06,65.39,0.04,45.0,0.07,75.01,0.08,96.62,0.93,14.71,0.92,96.62,0.94,73.52,0.96,45.0,0.01,0.01,2331.391437,1776401331000
1776401334.364,234.364,0.05,40.0,0.04,30.0,0.07,278.73,0.08,112.6,0.93,75.01,0.92,96.62,0.94,65.39,0.96,45.0,0.02,0.01,2331.352586,1776401333000
1776401335.114,235.114,0.05,9.9,0.04,30.0,0.06,290.52,0.07,214.01,0.94,31.0,0.93,304.73,0.95,39.9,0.96,30.0,0.01,0.01,2331.352586,1776401333000
1776401335.404,235.404,0.05,6.65,0.04,30.0,0.06,313.52,0.07,196.01,0.94,305.52,0.93,214.01,0.95,8.74,0.96,30.0,0.01,0.01,2331.350666,1776401334000
1776401335.867,235.867,0.05,0.65,0.04,30.0,0.06,301.85,0.07,196.01,0.94,286.85,0.93,196.01,0.95,6.65,0.96,30.0,0.01,0.01,2331.350666,1776401334000
1776401336.232,236.232,0.04,30.0,0.03,131.0,0.06,311.85,0.07,196.01,0.94,301.85,0.93,196.01,0.95,0.65,0.96,30.0,0.02,0.01,2331.350666,1776401334000
1776401336.445,236.445,0.04,27.91,0.03,131.0,0.05,242.8,0.06,212.13,0.94,311.85,0.93,196.01,0.96,30.0,0.97,131.0,0.01,0.02,2331.259875,1776401335000
1776401337.113,237.113,0.04,25.84,0.03,131.0,0.05,257.8,0.06,202.13,0.95,242.8,0.94,212.13,0.96,27.91,0.97,131.0,0.01,0.01,2331.259875,1776401335000
1776401338.979,238.979,0.04,21.24,0.03,131.0,0.05,139.8,0.06,358.97,0.95,277.8,0.94,202.13,0.96,21.24,0.97,131.0,0.01,0.01,2330.9174,1776401337000
1776401339.277,239.277,0.04,16.24,0.03,131.0,0.05,311.89,0.06,237.27,0.95,144.8,0.94,358.97,0.96,16.24,0.97,131.0,0.01,0.01,2330.9174,1776401337000
1776401339.642,239.642,0.04,16.24,0.03,131.0,0.05,184.49,0.06,237.27,0.95,311.89,0.94,237.27,0.96,16.24,0.97,131.0,0.01,0.01,2330.888074,1776401338000
1776401339.864,239.864,0.04,10.24,0.03,131.0,0.05,194.49,0.06,237.27,0.95,184.49,0.94,237.27,0.96,16.24,0.97,131.0,0.01,0.01,2330.888074,1776401339000
1776401340.462,240.462,0.04,6.24,0.03,131.0,0.05,304.29,0.06,202.27,0.95,189.49,0.94,237.27,0.96,6.24,0.97,131.0,0.01,0.01,2330.888074,1776401339000
1776401341.121,241.121,0.04,1.94,0.03,131.0,0.05,299.29,0.06,197.27,0.95,304.29,0.94,202.27,0.96,4.19,0.97,131.0,0.01,0.01,2330.888074,1776401339000
1776401341.404,241.404,0.03,131.0,0.02,277.0,0.04,28.06,0.05,316.29,0.95,299.29,0.94,197.27,0.96,1.94,0.97,131.0,0.01,0.01,2330.888074,1776401339000
1776401341.643,241.643,0.03,110.17,0.02,277.0,0.04,118.0,0.05,278.29,0.96,137.06,0.95,278.29,0.97,120.69,0.98,277.0,0.01,0.01,2330.888074,1776401339000
1776401341.928,241.928,0.03,35.17,0.02,277.0,0.04,216.7,0.05,293.29,0.96,118.0,0.95,278.29,0.97,110.17,0.98,277.0,0.01,0.01,2330.926439,1776401340000
1776401342.217,242.217,0.02,213.73,0.01,2304.8,0.04,199.7,0.05,276.29,0.96,211.7,0.95,293.29,0.97,31.82,0.98,277.0,0.02,0.01,2330.926439,1776401340000
1776401342.61,242.61,0.02,111.68,0.01,1304.8,0.03,131.0,0.04,217.7,0.96,199.7,0.95,276.29,0.98,213.73,0.99,2304.8,0.01,0.02,2330.881515,1776401341000
1776401343.062,243.062,0.02,68.46,0.01,1304.8,0.03,233.36,0.04,207.7,0.97,143.0,0.96,212.7,0.98,68.46,0.99,1304.8,0.01,0.01,2330.881455,1776401342000
1776401343.312,243.312,0.02,58.46,0.01,1304.8,0.03,244.36,0.04,195.7,0.97,233.36,0.96,207.7,0.98,68.46,0.99,1304.8,0.01,0.01,2330.881455,1776401342000
1776401343.594,243.594,0.02,48.25,0.01,1304.8,0.03,271.36,0.04,195.7,0.97,244.36,0.96,195.7,0.98,58.46,0.99,1304.8,0.01,0.01,2330.881455,1776401342000
1776401343.902,243.902,0.02,36.14,0.01,1304.8,0.03,271.36,0.04,195.7,0.97,271.36,0.96,195.7,0.98,41.25,0.99,1304.8,0.01,0.01,2330.881455,1776401342000
1776401344.285,244.285,0.01,1207.68,,,0.02,172.83,0.03,219.35,0.98,63.1,0.97,200.91,0.99,1303.68,,,0.01,0.01,2330.838521,1776401343000
1776401344.725,244.725,0.01,1506.29,,,0.02,407.53,0.03,219.35,0.98,172.83,0.97,219.35,0.99,1207.68,,,0.01,0.01,2330.838521,1776401343000
1776401345.689,245.689,0.01,1501.29,,,0.02,330.89,0.03,219.5,0.98,407.53,0.97,219.35,0.99,1506.29,,,0.01,0.01,2330.547044,1776401344000
1776401346.802,246.802,0.01,1901.29,,,0.02,285.89,0.03,219.5,0.98,330.89,0.97,219.5,0.99,1501.29,,,0.01,0.01,2330.42736,1776401345000
1776401347.435,247.435,0.01,1850.27,,,0.02,283.29,0.03,214.35,0.98,283.29,0.97,219.5,0.99,1901.29,,,0.01,0.01,2330.483734,1776401346000
1776401347.953,247.953,0.01,1844.06,,,0.02,339.39,0.03,214.35,0.98,283.29,0.97,214.35,0.99,1850.27,,,0.01,0.01,2330.483734,1776401346000
1776401348.28,248.28,0.01,1837.04,,,0.02,426.12,0.03,214.35,0.98,339.39,0.97,214.35,0.99,1834.06,,,0.01,0.01,2330.389856,1776401347000
1776401348.612,248.612,0.01,827.04,,,0.02,426.12,0.03,236.35,0.98,426.12,0.97,214.35,0.99,837.04,,,0.01,0.01,2330.389856,1776401347000
1776401348.823,248.823,,,,,0.01,1674.11,0.02,426.12,0.98,426.12,0.97,230.69,0.99,820.9,,,,0.01,2330.389856,1776401347000
1776401349.322,249.322,,,,,0.01,2035.11,0.02,274.39,0.99,1674.11,0.98,426.12,,,,,,,2330.390655,1776401348000
1776401350.767,250.767,,,,,0.01,1984.46,0.02,274.39,0.99,2084.46,0.98,274.39,,,,,,,2330.456468,1776401349000
1776401351.27,251.27,,,,,0.01,1979.74,0.02,269.39,0.99,1984.46,0.98,274.39,,,,,,,2330.480955,1776401350000
1776401354.539,254.539,,,,,0.01,1940.35,0.02,235.29,0.99,1979.74,0.98,269.39,,,,,,,2330.548029,1776401352000
1776401358.313,258.313,,,,,0.01,1845.09,0.02,254.29,0.99,1940.35,0.98,235.29,,,,,,,2330.577933,1776401357000
1776401361.952,261.952,,,,,0.01,1350.09,0.02,276.29,0.99,1845.09,0.98,254.29,,,,,,,2330.570493,1776401360000
1776401362.376,262.376,,,,,0.01,750.09,0.02,276.29,0.99,1250.09,0.98,276.29,,,,,,,2330.566383,1776401361000
1776401365.196,265.196,,,,,0.01,300.09,0.02,277.89,0.99,750.09,0.98,276.29,,,,,,,2330.559855,1776401364000
1776401366.262,266.262,,,,,0.01,215.09,0.02,286.02,0.99,300.09,0.98,277.89,,,,,,,2330.53939,1776401365000
1776401370.06,270.06,,,,,0.01,669.72,0.02,303.69,0.99,215.09,0.98,286.02,,,,,,,2330.171606,1776401369000
1776401376.19,276.19,,,,,0.01,970.27,0.02,219.99,0.99,669.72,0.98,303.69,,,,,,,2330.173661,1776401374000
1776401376.741,276.741,,,,,0.01,470.27,0.02,219.99,0.99,970.27,0.98,219.99,,,,,,,2330.184443,1776401375000
1776401386.239,286.239,,,,,0.01,3625.16,0.02,156.99,0.99,470.27,0.98,219.99,,,,,,,2330.22996,1776401384000
1776401395.476,295.476,,,,,0.01,5815.83,0.02,156.99,0.99,3625.16,0.98,156.99,,,,,,,2330.405722,1776401393000
