timestamp,elapsed_sec,up_bid_p1,up_bid_s1,up_bid_p2,up_bid_s2,up_ask_p1,up_ask_s1,up_ask_p2,up_ask_s2,down_bid_p1,down_bid_s1,down_bid_p2,down_bid_s2,down_ask_p1,down_ask_s1,down_ask_p2,down_ask_s2,up_spread,down_spread,eth_price,eth_oracle_ts
1776330601.153,1.153,0.46,6.83,0.41,24.0,0.6,33.0,0.61,34.0,0.46,150.0,0.4,38.0,0.54,158.69,0.59,6.0,0.14,0.08,2341.95541,1776330599000
1776330601.872,1.872,0.46,6.83,0.4,33.0,0.47,28.0,0.48,222.0,0.4,33.0,0.39,34.0,0.54,6.83,0.59,24.0,0.01,0.14,2341.86971,1776330600000
1776330602.663,2.663,0.39,16.0,0.38,83.0,0.47,66.0,0.48,222.0,0.53,51.0,0.52,222.0,0.54,1.83,0.6,33.0,0.08,0.01,2341.869505,1776330601000
1776330603.424,3.424,0.39,26.0,0.38,88.0,0.4,6.25,0.41,10.0,0.53,66.0,0.52,222.0,0.61,16.0,0.62,83.0,0.01,0.08,2341.959265,1776330602000
1776330604.302,4.302,0.39,21.0,0.38,88.0,0.4,13.1,0.41,15.0,0.6,6.25,0.59,10.0,0.61,26.0,0.62,88.0,0.01,0.01,2341.959265,1776330602000
1776330605.225,5.225,0.39,41.49,0.38,88.0,0.4,4.7,0.41,15.0,0.6,13.1,0.59,15.0,0.61,21.0,0.62,88.0,0.01,0.01,2341.959265,1776330602000
1776330605.897,5.897,0.39,48.06,0.38,88.0,0.4,14.7,0.41,15.0,0.6,19.7,0.59,10.0,0.61,0.49,0.62,88.0,0.01,0.01,2341.46619,1776330604000
1776330606.142,6.142,0.39,73.28,0.38,93.0,0.4,7.2,0.41,15.0,0.6,9.7,0.59,15.0,0.61,50.28,0.62,88.0,0.01,0.01,2341.46619,1776330604000
1776330606.451,6.451,0.39,55.28,0.38,80.0,0.4,27.02,0.41,15.0,0.6,7.2,0.59,15.0,0.61,73.28,0.62,93.0,0.01,0.01,2341.492045,1776330605000
1776330607.334,7.334,0.39,45.83,0.38,5.0,0.4,7.82,0.41,70.0,0.6,27.02,0.59,15.0,0.61,55.28,0.62,80.0,0.01,0.01,2341.492045,1776330605000
1776330608.424,8.424,0.39,20.0,0.38,38.01,0.4,4.07,0.41,75.0,0.6,7.82,0.59,70.0,0.61,45.83,0.62,5.0,0.01,0.01,2341.362068,1776330607000
1776330609.642,9.642,0.39,25.5,0.38,95.01,0.4,50.82,0.41,70.0,0.6,4.07,0.59,75.0,0.61,20.0,0.62,38.01,0.01,0.01,2341.344531,1776330608000
1776330609.946,9.946,0.39,25.5,0.38,95.01,0.4,48.04,0.41,70.0,0.6,50.82,0.59,70.0,0.61,25.5,0.62,95.01,0.01,0.01,2341.344531,1776330608000
1776330610.512,10.512,0.39,25.5,0.38,67.0,0.4,44.29,0.41,80.0,0.6,48.04,0.59,70.0,0.61,25.5,0.62,95.01,0.01,0.01,2341.344531,1776330608000
1776330615.687,15.687,0.39,16.81,0.38,62.0,0.4,39.29,0.41,333.0,0.6,44.29,0.59,80.0,0.61,21.81,0.62,67.0,0.01,0.01,2341.23707,1776330614000
1776330616.207,16.207,0.39,11.81,0.38,62.0,0.4,33.79,0.41,343.5,0.6,39.29,0.59,333.0,0.61,16.81,0.62,62.0,0.01,0.01,2341.23707,1776330614000
1776330616.981,16.981,0.39,11.0,0.38,72.5,0.4,39.29,0.41,317.5,0.6,33.79,0.59,343.5,0.61,11.81,0.62,62.0,0.01,0.01,2341.264191,1776330615000
1776330618.847,18.847,0.39,11.0,0.38,72.5,0.4,35.79,0.41,317.5,0.6,39.29,0.59,317.5,0.61,11.0,0.62,72.5,0.01,0.01,2341.243699,1776330617000
1776330620.826,20.826,0.39,0.91,0.37,80.0,0.4,308.29,0.41,80.5,0.6,35.79,0.59,317.5,0.61,11.0,0.62,72.5,0.01,0.01,2341.389595,1776330619000
1776330621.085,21.085,0.35,7.5,0.34,5.0,0.37,26.0,0.38,80.0,0.6,308.29,0.59,80.5,0.61,0.91,0.63,80.0,0.02,0.01,2341.389595,1776330619000
1776330621.974,21.974,0.34,38.95,0.33,5.0,0.35,15.0,0.36,15.0,0.63,33.0,0.62,80.0,0.65,2.01,0.66,5.0,0.01,0.02,2341.38949,1776330620000
1776330622.216,22.216,0.34,32.43,0.33,20.0,0.35,15.0,0.36,15.0,0.65,15.0,0.64,15.0,0.66,38.95,0.67,5.0,0.01,0.01,2341.245787,1776330621000
1776330631.61,31.61,0.33,23.42,0.32,15.0,0.35,185.5,0.36,35.5,0.65,15.0,0.64,15.0,0.66,32.43,0.67,20.0,0.02,0.01,2341.038691,1776330630000
1776330632.785,32.785,0.33,23.42,0.32,22.0,0.34,97.44,0.35,267.5,0.65,185.5,0.64,35.5,0.67,23.42,0.68,15.0,0.01,0.02,2341.12214,1776330631000
1776330633.411,33.411,0.33,23.42,0.32,15.0,0.34,90.08,0.35,200.0,0.66,97.44,0.65,267.5,0.67,23.42,0.68,22.0,0.01,0.01,2341.025665,1776330632000
1776330633.85,33.85,0.33,21.92,0.32,15.0,0.34,105.08,0.35,210.5,0.66,90.08,0.65,200.0,0.67,23.42,0.68,15.0,0.01,0.01,2341.025665,1776330632000
1776330634.903,34.903,0.33,28.92,0.32,198.0,0.35,20.0,0.36,15.0,0.66,105.08,0.65,210.5,0.67,21.92,0.68,15.0,0.02,0.01,2341.119525,1776330633000
1776330635.206,35.206,0.34,27.5,0.33,91.92,0.35,5.71,0.36,15.0,0.65,20.0,0.64,15.0,0.67,28.92,0.68,198.0,0.01,0.02,2341.019951,1776330634000
1776330635.596,35.596,0.34,264.5,0.33,91.92,0.35,2.85,0.36,25.5,0.65,5.71,0.64,15.0,0.66,27.5,0.67,91.92,0.01,0.01,2341.019951,1776330634000
1776330637.68,37.68,0.34,228.5,0.33,88.92,0.35,12.85,0.36,85.5,0.65,2.85,0.64,25.5,0.66,264.5,0.67,91.92,0.01,0.01,2341.05385,1776330636000
1776330638.66,38.66,0.34,243.5,0.33,88.92,0.35,9.99,0.36,85.5,0.65,12.85,0.64,85.5,0.66,228.5,0.67,88.92,0.01,0.01,2341.05365,1776330637000
1776330640.48,40.48,0.34,257.5,0.33,88.92,0.35,9.99,0.36,85.5,0.65,9.99,0.64,85.5,0.66,243.5,0.67,88.92,0.01,0.01,2341.12636,1776330639000
1776330641.766,41.766,0.34,252.5,0.33,91.92,0.35,4.99,0.36,85.5,0.65,9.99,0.64,85.5,0.66,257.5,0.67,88.92,0.01,0.01,2341.06375,1776330640000
1776330642.137,42.137,0.35,28.0,0.34,200.0,0.37,25.5,0.38,25.5,0.65,4.99,0.64,85.5,0.66,215.72,0.67,91.92,0.02,0.01,2341.0638,1776330641000
1776330645.422,45.422,0.36,8.84,0.35,18.0,0.37,37.5,0.38,82.5,0.63,25.5,0.62,25.5,0.65,28.0,0.66,200.0,0.01,0.02,2341.19012,1776330643000
1776330647.39,47.39,0.36,19.39,0.35,85.0,0.37,10.5,0.38,15.5,0.63,37.5,0.62,82.5,0.64,8.84,0.65,18.0,0.01,0.01,2341.17195,1776330645000
1776330650.163,50.163,0.36,23.84,0.35,15.0,0.4,132.59,0.41,71.0,0.63,10.5,0.62,15.5,0.64,19.39,0.65,85.0,0.04,0.01,2341.16695,1776330647000
1776330650.647,50.647,0.38,27.38,0.37,10.0,0.39,67.5,0.4,142.59,0.6,132.59,0.59,71.0,0.64,23.84,0.65,15.0,0.01,0.04,2341.219595,1776330648000
1776330651.379,51.379,0.38,20.36,0.37,10.0,0.39,76.44,0.4,166.09,0.61,67.5,0.6,142.59,0.62,27.38,0.63,10.0,0.01,0.01,2341.2139,1776330649000
1776330651.999,51.999,0.38,20.36,0.37,10.0,0.39,80.87,0.4,241.65,0.61,76.44,0.6,166.09,0.62,20.36,0.63,10.0,0.01,0.01,2341.170832,1776330650000
1776330652.65,52.65,0.38,0.36,0.37,10.0,0.39,80.87,0.4,241.65,0.61,80.87,0.6,241.65,0.62,20.36,0.63,10.0,0.01,0.01,2341.21007,1776330651000
1776330653.661,53.661,0.36,22.37,0.35,15.0,0.37,22.0,0.38,50.14,0.61,80.87,0.6,241.65,0.62,0.36,0.63,10.0,0.01,0.01,2341.1521,1776330652000
1776330658.967,58.967,0.36,12.37,0.35,30.5,0.37,104.0,0.38,25.94,0.63,22.0,0.62,50.14,0.64,22.37,0.65,15.0,0.01,0.01,2341.098312,1776330657000
1776330660.401,60.401,0.36,2.21,0.35,30.5,0.37,89.0,0.38,15.0,0.63,104.0,0.62,25.94,0.64,12.37,0.65,30.5,0.01,0.01,2341.10521,1776330659000
1776330660.725,60.725,0.35,9.59,0.34,25.5,0.37,89.0,0.38,195.0,0.63,89.0,0.62,15.0,0.64,2.21,0.65,30.5,0.02,0.01,2341.10521,1776330659000
1776330662.005,62.005,0.36,83.87,0.35,218.59,0.37,5.0,0.38,5.0,0.63,89.0,0.62,195.0,0.65,9.59,0.66,25.5,0.01,0.02,2341.1051,1776330660000
1776330662.232,62.232,0.37,16.0,0.36,102.81,0.39,21.0,0.4,20.0,0.62,5.0,0.61,11.0,0.64,83.87,0.65,199.59,0.02,0.02,2341.1051,1776330660000
1776330663.93,63.93,0.38,108.0,0.37,26.5,0.39,150.97,0.4,20.0,0.61,13.43,0.6,20.0,0.62,21.0,0.63,16.0,0.01,0.01,2341.189225,1776330662000
1776330664.749,64.749,0.38,108.26,0.37,31.5,0.39,158.97,0.4,20.0,0.61,150.97,0.6,20.0,0.62,108.0,0.63,26.5,0.01,0.01,2341.189225,1776330662000
1776330666.64,66.64,0.38,428.75,0.37,37.55,0.39,124.94,0.43,11.0,0.61,158.97,0.6,20.0,0.62,108.26,0.63,31.5,0.01,0.01,2341.31756,1776330665000
1776330666.858,66.858,0.42,109.26,0.41,207.5,0.43,6.0,0.44,10.0,0.57,6.0,0.56,10.0,0.58,100.99,0.59,207.5,0.01,0.01,2341.31756,1776330665000
1776330667.224,67.224,0.42,341.26,0.41,135.0,0.43,1.0,0.44,20.0,0.57,6.0,0.56,10.0,0.58,109.26,0.59,207.5,0.01,0.01,2341.31756,1776330665000
1776330667.667,67.667,0.42,365.26,0.41,140.0,0.44,26.0,0.45,100.5,0.57,1.0,0.56,20.0,0.58,341.26,0.59,135.0,0.02,0.01,2341.321115,1776330666000
1776330668.387,68.387,0.42,358.94,0.41,150.5,0.44,26.0,0.45,157.5,0.56,26.0,0.55,100.5,0.58,365.26,0.59,140.0,0.02,0.02,2341.32019,1776330667000
1776330669.344,69.344,0.43,150.5,0.42,256.5,0.44,2.7,0.45,5.0,0.56,26.0,0.55,157.5,0.58,358.94,0.59,150.5,0.01,0.02,2341.424835,1776330668000
1776330669.604,69.604,0.44,61.75,0.43,162.49,0.45,11.0,0.46,55.0,0.55,5.0,0.54,55.0,0.57,164.55,0.58,256.5,0.01,0.02,2341.424835,1776330668000
1776330670.409,70.409,0.45,118.99,0.44,292.75,0.47,20.0,0.48,25.5,0.55,11.0,0.54,55.0,0.56,61.75,0.57,162.49,0.02,0.01,2341.424835,1776330668000
1776330670.737,70.737,0.46,202.0,0.45,86.55,0.47,6.7,0.48,5.0,0.53,20.0,0.52,25.5,0.55,118.99,0.56,292.75,0.01,0.02,2341.439955,1776330669000
1776330671.207,71.207,0.48,73.0,0.47,87.99,0.49,20.0,0.5,15.0,0.51,5.0,0.49,5.14,0.53,73.0,0.54,280.0,0.01,0.02,2341.53243,1776330670000
1776330673.494,73.494,0.49,83.0,0.48,42.0,0.5,66.46,0.51,20.0,0.51,20.0,0.5,15.0,0.52,73.0,0.53,87.99,0.01,0.01,2341.64275,1776330672000
1776330674.069,74.069,0.49,325.0,0.48,77.99,0.5,42.46,0.51,15.0,0.5,66.46,0.49,20.0,0.51,83.0,0.52,42.0,0.01,0.01,2341.67775,1776330673000
1776330674.773,74.773,0.49,155.5,0.48,249.55,0.53,9.84,0.54,5.0,0.5,37.46,0.49,15.0,0.51,325.0,0.52,77.99,0.04,0.01,2341.67775,1776330673000
1776330674.978,74.978,0.52,83.0,0.51,16.0,0.53,0.17,0.54,15.0,0.47,9.84,0.46,5.0,0.51,155.5,0.52,249.55,0.01,0.04,2341.67775,1776330673000
1776330675.374,75.374,0.52,62.16,0.51,44.94,0.53,20.0,0.54,20.0,0.46,20.0,0.45,15.0,0.48,94.0,0.49,44.94,0.01,0.02,2341.69891,1776330674000
1776330675.686,75.686,0.52,59.68,0.51,49.94,0.53,15.0,0.54,83.62,0.47,20.0,0.46,20.0,0.48,54.68,0.49,44.94,0.01,0.01,2341.69891,1776330674000
1776330676.212,76.212,0.52,27.12,0.51,45.99,0.53,15.0,0.54,145.62,0.47,15.0,0.46,83.62,0.48,59.68,0.49,49.94,0.01,0.01,2341.69891,1776330674000
1776330676.533,76.533,0.52,26.67,0.51,10.0,0.53,55.0,0.54,82.0,0.47,15.0,0.46,145.62,0.48,27.12,0.49,45.99,0.01,0.01,2341.75883,1776330675000
1776330677.57,77.57,0.52,19.67,0.51,10.0,0.53,39.0,0.54,82.0,0.47,55.0,0.46,82.0,0.48,26.67,0.49,10.0,0.01,0.01,2341.84294,1776330676000
1776330678.571,78.571,0.52,284.17,0.51,62.49,0.54,20.0,0.55,15.0,0.47,39.0,0.46,82.0,0.48,19.67,0.49,10.0,0.02,0.01,2341.919026,1776330677000
1776330678.996,78.996,0.52,353.42,0.51,62.49,0.54,20.0,0.55,15.0,0.46,10.0,0.45,15.0,0.48,359.17,0.49,62.49,0.02,0.02,2341.919026,1776330677000
1776330679.956,79.956,0.53,316.0,0.52,95.5,0.54,14.9,0.55,15.0,0.46,20.0,0.45,15.0,0.48,353.42,0.49,62.49,0.01,0.02,2341.860015,1776330678000
1776330680.685,80.685,0.53,61.0,0.52,10.0,0.54,14.9,0.55,103.61,0.46,14.9,0.45,15.0,0.47,316.0,0.48,95.5,0.01,0.01,2341.9449,1776330679000
1776330683.994,83.994,0.53,328.5,0.52,194.49,0.54,3.14,0.55,10.0,0.46,14.9,0.45,103.61,0.47,61.0,0.48,10.0,0.01,0.01,2341.954633,1776330683000
1776330684.907,84.907,0.53,59.24,0.52,124.49,0.54,23.14,0.55,15.0,0.46,3.14,0.45,10.0,0.47,328.5,0.48,194.49,0.01,0.01,2341.954633,1776330683000
1776330685.768,85.768,0.53,47.85,0.52,124.49,0.54,18.14,0.55,15.0,0.46,23.14,0.45,15.0,0.47,59.24,0.48,124.49,0.01,0.01,2341.889525,1776330684000
1776330686.866,86.866,0.53,43.58,0.52,124.49,0.54,18.14,0.55,15.0,0.46,18.14,0.45,15.0,0.47,47.85,0.48,124.49,0.01,0.01,2342.007375,1776330685000
1776330688.087,88.087,0.54,86.0,0.53,384.07,0.55,15.0,0.56,25.5,0.46,18.14,0.45,15.0,0.47,43.58,0.48,124.49,0.01,0.01,2342.007375,1776330686000
1776330691.105,91.105,0.54,66.86,0.53,147.07,0.55,15.0,0.56,25.5,0.45,15.0,0.44,25.5,0.46,75.13,0.47,316.57,0.01,0.01,2341.97274,1776330689000
1776330691.543,91.543,0.54,71.11,0.53,118.13,0.55,10.0,0.56,25.5,0.45,15.0,0.44,25.5,0.46,66.86,0.47,147.07,0.01,0.01,2341.99333,1776330690000
1776330693.555,93.555,0.53,61.57,0.52,22.0,0.55,39.0,0.56,82.5,0.45,10.0,0.44,25.5,0.46,71.11,0.47,118.13,0.02,0.01,2342.00214,1776330692000
1776330693.879,93.879,0.53,0.57,0.52,22.0,0.54,10.0,0.55,17.09,0.45,17.09,0.44,25.5,0.47,61.57,0.48,22.0,0.01,0.02,2342.00214,1776330692000
1776330696.366,96.366,0.53,22.85,0.52,37.5,0.54,96.0,0.55,195.0,0.46,10.0,0.45,17.09,0.47,0.57,0.48,22.0,0.01,0.01,2341.94799,1776330695000
1776330699.663,99.663,0.53,282.35,0.52,177.5,0.56,15.5,0.57,20.0,0.46,96.0,0.45,195.0,0.47,22.85,0.48,37.5,0.03,0.01,2341.929415,1776330698000
1776330701.739,101.739,0.55,5.73,0.54,25.5,0.56,74.5,0.57,20.0,0.44,15.5,0.43,20.0,0.47,282.35,0.48,177.5,0.01,0.03,2341.960445,1776330700000
1776330702.108,102.108,0.54,2.71,0.53,21.3,0.56,363.5,0.57,20.0,0.44,74.5,0.43,20.0,0.45,5.73,0.46,25.5,0.02,0.01,2341.966125,1776330701000
1776330708.767,108.767,0.55,15.0,0.54,32.5,0.57,4.78,0.58,85.0,0.44,363.5,0.43,20.0,0.46,2.71,0.47,21.3,0.02,0.02,2341.978715,1776330707000
1776330709.089,109.089,0.56,14.88,0.55,15.0,0.58,327.44,0.59,93.0,0.42,142.44,0.41,150.0,0.43,13.77,0.44,15.0,0.02,0.01,2341.933195,1776330708000
1776330712.963,112.963,0.56,302.38,0.55,175.5,0.57,2.55,0.62,5.0,0.42,327.44,0.41,93.0,0.44,14.88,0.45,15.0,0.01,0.02,2342.002555,1776330711000
1776330715.893,115.893,0.63,22.0,0.62,50.5,0.64,16.35,0.65,20.0,0.37,13.89,0.36,28.0,0.44,302.38,0.45,175.5,0.01,0.07,2342.210228,1776330715000
1776330716.226,116.226,0.63,80.48,0.62,300.5,0.65,10.0,0.67,10.0,0.36,16.35,0.35,20.0,0.37,22.0,0.38,50.5,0.02,0.01,2342.210228,1776330715000
1776330716.479,116.479,0.64,326.7,0.63,134.98,0.68,13.0,0.69,13.0,0.35,10.0,0.33,10.0,0.37,80.48,0.38,300.5,0.04,0.02,2342.210228,1776330715000
1776330716.792,116.792,0.67,16.54,0.66,10.0,0.68,3.0,0.69,13.0,0.32,3.0,0.31,13.0,0.33,17.0,0.34,26.0,0.01,0.01,2342.210228,1776330715000
1776330717.186,117.186,0.68,20.0,0.67,15.0,0.69,6.4,0.7,10.0,0.31,12.22,0.3,20.0,0.33,11.54,0.34,10.0,0.01,0.02,2342.242913,1776330716000
1776330717.526,117.526,0.69,36.0,0.68,55.0,0.7,1.22,0.71,5.0,0.31,1.4,0.3,10.0,0.32,25.0,0.33,15.0,0.01,0.01,2342.242913,1776330716000
1776330717.982,117.982,0.71,15.0,0.7,20.0,0.72,3.44,0.73,75.0,0.3,1.22,0.29,5.0,0.31,36.0,0.32,55.0,0.01,0.01,2342.242913,1776330716000
1776330718.801,118.801,0.71,13.37,0.7,20.0,0.72,3.44,0.73,312.0,0.28,3.44,0.27,75.0,0.29,15.0,0.3,20.0,0.01,0.01,2342.290845,1776330717000
1776330719.395,119.395,0.71,6.47,0.7,20.0,0.72,3.44,0.73,320.0,0.28,3.44,0.27,312.0,0.29,13.37,0.3,20.0,0.01,0.01,2342.349505,1776330718000
1776330720.845,120.845,0.7,15.0,0.69,92.0,0.72,43.41,0.73,160.5,0.28,3.44,0.27,320.0,0.29,6.47,0.3,20.0,0.02,0.01,2342.529865,1776330719000
1776330721.091,121.091,0.7,3.66,0.69,20.0,0.72,88.5,0.73,103.0,0.28,43.41,0.27,160.5,0.3,15.0,0.31,92.0,0.02,0.02,2342.49252,1776330720000
1776330721.396,121.396,0.69,5.43,0.68,15.0,0.7,42.0,0.71,15.0,0.28,88.5,0.27,103.0,0.31,8.66,0.32,15.0,0.01,0.03,2342.49252,1776330720000
1776330722.179,122.179,0.67,10.0,0.66,15.0,0.69,47.0,0.7,206.0,0.3,42.0,0.29,15.0,0.31,5.43,0.32,15.0,0.02,0.01,2342.596232,1776330721000
1776330722.607,122.607,0.66,9.47,0.65,36.5,0.68,131.0,0.69,247.86,0.31,47.0,0.3,206.0,0.33,4.0,0.34,15.0,0.02,0.02,2342.596232,1776330721000
1776330722.824,122.824,0.66,29.47,0.65,36.5,0.67,12.77,0.68,100.0,0.32,131.0,0.31,247.86,0.34,9.47,0.35,36.5,0.01,0.02,2342.596232,1776330721000
1776330723.173,123.173,0.66,157.97,0.65,36.5,0.7,11.0,0.71,13.0,0.33,12.77,0.32,100.0,0.34,29.47,0.35,36.5,0.04,0.01,2342.542885,1776330722000
1776330723.391,123.391,0.69,55.5,0.68,15.0,0.7,3.33,0.71,13.0,0.3,11.0,0.29,13.0,0.34,157.97,0.35,36.5,0.01,0.04,2342.542885,1776330722000
1776330723.908,123.908,0.69,50.5,0.68,15.0,0.71,13.0,0.72,18.41,0.3,3.33,0.29,13.0,0.31,55.5,0.32,15.0,0.02,0.01,2342.542885,1776330722000
1776330725.271,125.271,0.7,55.0,0.69,45.5,0.73,98.62,0.74,103.7,0.29,13.0,0.28,18.41,0.31,50.5,0.32,15.0,0.03,0.02,2342.433205,1776330724000
1776330725.745,125.745,0.71,15.0,0.7,50.0,0.73,142.62,0.74,103.7,0.27,98.62,0.26,103.7,0.3,55.0,0.31,45.5,0.02,0.03,2342.433205,1776330724000
1776330726.322,126.322,0.7,50.0,0.69,30.0,0.72,278.0,0.73,108.62,0.27,142.62,0.26,103.7,0.29,15.0,0.3,50.0,0.02,0.02,2342.50641,1776330725000
1776330727.007,127.007,0.7,1.0,0.69,30.0,0.71,289.0,0.72,15.0,0.29,6.0,0.28,283.0,0.3,7.0,0.31,30.0,0.01,0.01,2342.50641,1776330725000
1776330727.207,127.207,0.69,30.0,0.68,25.5,0.71,294.0,0.72,15.0,0.29,289.0,0.28,15.0,0.3,1.0,0.31,30.0,0.02,0.01,2342.50641,1776330725000
1776330728.456,128.456,0.68,25.5,0.67,25.5,0.7,273.0,0.71,31.0,0.29,294.0,0.28,15.0,0.31,30.0,0.32,25.5,0.02,0.02,2342.51,1776330727000
1776330729.339,129.339,0.68,45.5,0.67,25.5,0.69,86.55,0.7,190.0,0.3,273.0,0.29,31.0,0.32,25.5,0.33,25.5,0.01,0.02,2342.51045,1776330728000
1776330730.135,130.135,0.63,112.0,0.62,24.0,0.69,136.55,0.7,22.0,0.31,86.55,0.3,190.0,0.32,45.5,0.33,25.5,0.06,0.01,2342.51045,1776330728000
1776330731.315,131.315,0.68,45.5,0.67,82.5,0.71,10.0,0.72,10.0,0.31,136.55,0.3,22.0,0.37,112.0,0.38,24.0,0.03,0.06,2342.472205,1776330730000
1776330733.435,133.435,0.67,0.41,0.66,226.5,0.71,10.0,0.72,10.0,0.29,10.0,0.28,10.0,0.32,45.5,0.33,82.5,0.04,0.03,2342.571789,1776330732000
1776330733.901,133.901,0.7,30.5,0.69,15.0,0.71,4.0,0.72,20.5,0.29,10.0,0.28,10.0,0.33,0.41,0.34,226.5,0.01,0.04,2342.571789,1776330732000
1776330735.259,135.259,0.71,47.5,0.7,95.5,0.73,15.5,0.74,15.5,0.29,4.0,0.28,20.5,0.3,30.5,0.31,15.0,0.02,0.01,2342.47507,1776330733000
1776330735.875,135.875,0.73,15.0,0.72,40.5,0.75,102.0,0.76,15.0,0.27,0.78,0.26,15.5,0.28,32.5,0.29,110.5,0.02,0.01,2342.564875,1776330735000
1776330736.219,136.219,0.74,81.2,0.73,35.0,0.76,18.79,0.77,45.0,0.25,102.0,0.24,15.0,0.27,15.0,0.28,40.5,0.02,0.02,2342.564875,1776330735000
1776330736.615,136.615,0.76,20.0,0.75,85.0,0.77,47.42,0.78,22.0,0.24,18.79,0.23,45.0,0.26,24.27,0.27,35.0,0.01,0.02,2342.564875,1776330735000
1776330737.002,137.002,0.75,109.08,0.74,80.0,0.76,8.78,0.77,47.42,0.24,14.78,0.23,47.42,0.25,84.08,0.26,80.0,0.01,0.01,2342.564875,1776330735000
1776330737.375,137.375,0.75,100.08,0.74,80.0,0.76,3.7,0.77,47.42,0.24,8.78,0.23,47.42,0.25,105.08,0.26,80.0,0.01,0.01,2342.564875,1776330735000
1776330737.713,137.713,0.78,20.0,0.77,15.0,0.8,192.42,0.81,50.5,0.24,3.7,0.23,47.42,0.25,100.08,0.26,80.0,0.02,0.01,2342.564875,1776330735000
1776330738.055,138.055,0.79,14.28,0.78,10.0,0.8,225.42,0.81,55.5,0.2,192.42,0.19,50.5,0.24,113.12,0.25,136.5,0.01,0.04,2342.664,1776330736000
1776330738.766,138.766,0.79,15.0,0.78,10.0,0.8,226.0,0.81,60.5,0.2,219.63,0.19,55.5,0.21,14.28,0.22,10.0,0.01,0.01,2342.742134,1776330737000
1776330739.102,139.102,0.79,0.93,0.78,10.0,0.8,195.5,0.81,60.5,0.2,226.0,0.19,60.5,0.21,15.0,0.22,10.0,0.01,0.01,2342.742134,1776330738000
1776330739.472,139.472,0.78,5.0,0.77,10.0,0.79,278.0,0.8,25.5,0.2,195.5,0.19,60.5,0.21,0.93,0.22,10.0,0.01,0.01,2342.742134,1776330738000
1776330740.194,140.194,0.78,145.5,0.77,17.0,0.79,172.0,0.8,10.0,0.21,278.0,0.2,25.5,0.22,5.0,0.23,10.0,0.01,0.01,2342.832671,1776330739000
1776330740.782,140.782,0.8,15.92,0.79,20.5,0.81,70.76,0.82,61.2,0.21,103.92,0.2,10.0,0.22,130.5,0.23,17.0,0.01,0.01,2342.832671,1776330739000
1776330741.507,141.507,0.78,11.17,0.77,17.0,0.81,70.76,0.82,61.2,0.19,70.76,0.18,61.2,0.2,15.92,0.21,20.5,0.03,0.01,2342.8935,1776330740000
1776330741.896,141.896,0.79,55.5,0.78,10.0,0.8,14.3,0.81,76.26,0.19,70.76,0.18,61.2,0.22,11.17,0.23,17.0,0.01,0.03,2342.8935,1776330740000
1776330742.254,142.254,0.79,50.5,0.78,15.0,0.81,61.06,0.82,71.7,0.2,14.3,0.19,76.26,0.21,55.5,0.22,10.0,0.02,0.01,2342.863115,1776330741000
1776330743.34,143.34,0.81,10.0,0.8,65.5,0.82,286.0,0.83,46.0,0.19,61.06,0.18,71.7,0.21,50.5,0.22,15.0,0.01,0.02,2342.89171,1776330742000
1776330743.887,143.887,0.81,25.0,0.8,65.5,0.82,299.46,0.83,46.0,0.18,286.0,0.17,46.0,0.19,10.0,0.2,65.5,0.01,0.01,2342.89171,1776330742000
1776330744.228,144.228,0.85,60.5,0.84,44.5,0.86,171.92,0.87,52.3,0.18,299.46,0.17,46.0,0.19,25.0,0.2,65.5,0.01,0.01,2342.89171,1776330742000
1776330745.657,145.657,0.83,15.91,0.82,5.0,0.86,257.42,0.87,48.8,0.14,171.92,0.13,52.3,0.15,43.9,0.16,44.5,0.03,0.01,2342.90196,1776330744000
1776330746.324,146.324,0.83,5.91,0.82,10.5,0.84,374.5,0.85,99.5,0.14,257.42,0.13,48.8,0.17,15.91,0.18,5.0,0.01,0.03,2343.058746,1776330745000
1776330746.644,146.644,0.83,5.91,0.82,10.5,0.84,353.0,0.85,104.5,0.16,374.5,0.15,99.5,0.17,5.91,0.18,10.5,0.01,0.01,2343.058746,1776330745000
1776330747.169,147.169,0.83,5.91,0.82,10.5,0.84,353.04,0.85,102.7,0.16,352.52,0.15,104.5,0.17,16.41,0.18,10.5,0.01,0.01,2343.150945,1776330746000
1776330748.745,148.745,0.76,11.58,0.74,10.0,0.82,378.0,0.83,100.5,0.16,353.04,0.15,102.7,0.17,5.91,0.18,10.5,0.06,0.01,2343.06514,1776330747000
1776330749.247,149.247,0.76,13.13,0.75,10.0,0.77,109.0,0.78,20.16,0.18,378.0,0.17,100.5,0.24,8.13,0.26,10.0,0.01,0.06,2343.06514,1776330747000
1776330750.151,150.151,0.76,0.13,0.75,25.5,0.77,311.5,0.78,15.16,0.23,109.0,0.22,20.16,0.24,13.13,0.25,10.0,0.01,0.01,2343.174605,1776330748000
1776330751.293,151.293,0.69,8.88,0.68,15.0,0.71,141.0,0.72,30.5,0.23,306.5,0.22,15.16,0.24,0.13,0.25,25.5,0.02,0.01,2343.064643,1776330749000
1776330751.583,151.583,0.68,13.71,0.67,15.0,0.7,39.0,0.71,39.5,0.29,141.0,0.28,30.5,0.31,3.71,0.32,15.0,0.02,0.02,2343.064643,1776330749000
1776330752.393,152.393,0.69,10.0,0.68,13.71,0.7,161.35,0.71,19.0,0.3,38.35,0.29,44.5,0.32,13.71,0.33,15.0,0.01,0.02,2342.797096,1776330751000
1776330752.787,152.787,0.69,10.0,0.68,13.71,0.7,52.09,0.71,256.0,0.3,161.35,0.29,19.0,0.31,10.0,0.32,13.71,0.01,0.01,2342.797096,1776330751000
1776330753.807,153.807,0.72,50.5,0.71,85.0,0.75,52.4,0.76,95.2,0.3,52.09,0.29,256.0,0.31,10.0,0.32,13.71,0.03,0.01,2342.761697,1776330752000
1776330754.127,154.127,0.74,46.5,0.73,82.5,0.75,58.2,0.76,95.2,0.25,52.4,0.24,95.2,0.28,50.5,0.29,85.0,0.01,0.03,2342.562545,1776330753000
1776330754.859,154.859,0.77,43.33,0.76,30.5,0.78,55.11,0.79,26.7,0.25,58.2,0.24,95.2,0.26,46.5,0.27,82.5,0.01,0.01,2342.562545,1776330753000
1776330757.283,157.283,0.77,275.33,0.76,170.5,0.79,13.0,0.8,38.0,0.22,55.11,0.21,26.7,0.23,43.33,0.24,30.5,0.02,0.01,2342.606395,1776330756000
1776330758.618,158.618,0.72,25.5,0.71,15.0,0.74,142.5,0.75,35.5,0.21,13.0,0.2,38.0,0.23,275.33,0.24,170.5,0.02,0.02,2342.742196,1776330757000
1776330759.774,159.774,0.72,303.5,0.71,20.0,0.73,8.0,0.76,5.0,0.26,142.5,0.25,35.5,0.28,25.5,0.29,15.0,0.01,0.02,2342.892484,1776330758000
1776330760.046,160.046,0.75,40.5,0.74,91.0,0.77,35.0,0.78,36.0,0.24,5.0,0.23,42.0,0.28,303.5,0.29,20.0,0.02,0.04,2342.892484,1776330758000
1776330760.492,160.492,0.77,37.5,0.76,99.5,0.79,5.0,0.8,48.0,0.23,35.0,0.22,36.0,0.25,40.5,0.26,91.0,0.02,0.02,2342.86091,1776330759000
1776330761.286,161.286,0.78,42.5,0.77,99.5,0.79,5.0,0.8,25.5,0.21,5.0,0.2,48.0,0.23,37.5,0.24,99.5,0.01,0.02,2342.86091,1776330759000
1776330762.812,162.812,0.82,62.5,0.81,294.5,0.83,8.71,0.84,15.0,0.21,5.0,0.2,25.5,0.22,42.5,0.23,99.5,0.01,0.01,2342.726678,1776330761000
1776330765.244,165.244,0.84,325.75,0.83,79.5,0.85,15.0,0.86,80.4,0.16,2.33,0.15,123.7,0.18,77.5,0.19,287.5,0.01,0.02,2342.962825,1776330764000
1776330765.635,165.635,0.84,90.0,0.83,79.5,0.85,13.23,0.86,85.4,0.15,13.23,0.14,85.4,0.16,337.0,0.17,79.5,0.01,0.01,2342.962825,1776330764000
1776330766.092,166.092,0.84,95.0,0.83,79.5,0.85,8.77,0.86,85.4,0.15,3.23,0.14,85.4,0.16,90.0,0.17,79.5,0.01,0.01,2342.962825,1776330764000
1776330766.296,166.296,0.84,83.75,0.83,79.5,0.85,8.77,0.86,85.4,0.15,8.77,0.14,85.4,0.16,95.0,0.17,79.5,0.01,0.01,2342.962825,1776330764000
1776330768.379,168.379,0.85,305.0,0.84,87.25,0.86,41.4,0.87,52.3,0.15,3.77,0.14,85.4,0.16,83.75,0.17,79.5,0.01,0.01,2343.068525,1776330767000
1776330769.837,169.837,0.85,273.25,0.84,54.25,0.86,11.0,0.87,10.0,0.14,41.4,0.13,52.3,0.15,273.75,0.16,87.25,0.01,0.01,2343.02235,1776330768000
1776330770.37,170.37,0.86,50.35,0.85,257.5,0.87,15.32,0.88,131.1,0.13,5.32,0.12,131.1,0.15,269.5,0.16,25.5,0.01,0.02,2343.02463,1776330769000
1776330770.871,170.871,0.86,43.2,0.85,257.5,0.87,15.32,0.88,131.1,0.13,15.32,0.12,131.1,0.14,50.35,0.15,257.5,0.01,0.01,2343.02463,1776330769000
1776330774.797,174.797,0.86,2.85,0.85,41.67,0.87,241.0,0.88,74.1,0.13,15.32,0.12,131.1,0.14,43.2,0.15,257.5,0.01,0.01,2343.094965,1776330773000
1776330778.237,178.237,0.89,10.0,0.88,10.0,0.9,50.77,0.91,65.0,0.13,241.0,0.12,74.1,0.14,2.85,0.15,41.67,0.01,0.01,2343.282885,1776330777000
1776330779.726,179.726,0.88,7.66,0.87,10.0,0.9,5.0,0.91,81.0,0.1,50.77,0.09,65.0,0.11,10.0,0.12,10.0,0.02,0.01,2343.28279,1776330778000
1776330780.005,180.005,0.9,9.0,0.89,80.0,0.91,76.0,0.92,70.9,0.09,81.0,0.08,70.9,0.1,9.0,0.12,27.66,0.01,0.01,2343.28279,1776330778000
1776330780.234,180.234,0.9,9.0,0.89,80.0,0.91,61.0,0.92,70.9,0.09,76.0,0.08,70.9,0.1,9.0,0.11,80.0,0.01,0.01,2343.28279,1776330778000
1776330781.029,181.029,0.89,260.72,0.88,72.66,0.9,9.83,0.91,61.0,0.09,61.0,0.08,250.9,0.11,42.72,0.12,72.66,0.01,0.02,2343.186145,1776330779000
1776330782.087,182.087,0.9,5.0,0.89,303.22,0.91,59.35,0.92,70.9,0.09,60.46,0.08,70.9,0.11,260.72,0.12,72.66,0.01,0.02,2343.22296,1776330780000
1776330782.386,182.386,0.9,5.0,0.89,281.22,0.91,68.25,0.92,70.9,0.09,59.35,0.08,70.9,0.1,5.0,0.11,303.22,0.01,0.01,2343.334929,1776330781000
1776330783.151,183.151,0.9,10.0,0.89,281.22,0.91,24.0,0.92,70.9,0.09,68.25,0.08,70.9,0.1,5.0,0.11,281.22,0.01,0.01,2343.334929,1776330781000
1776330783.738,183.738,0.9,273.0,0.89,101.22,0.91,5.0,0.92,79.9,0.09,24.0,0.08,70.9,0.1,10.0,0.11,281.22,0.01,0.01,2343.351873,1776330782000
1776330784.362,184.362,0.91,49.5,0.9,283.5,0.92,50.9,0.93,285.3,0.09,5.0,0.08,79.9,0.1,273.0,0.11,101.22,0.01,0.01,2343.310675,1776330783000
1776330784.997,184.997,0.91,68.5,0.9,243.5,0.92,49.61,0.93,285.3,0.08,50.9,0.07,285.3,0.09,49.5,0.1,283.5,0.01,0.01,2343.310675,1776330783000
1776330785.332,185.332,0.91,52.5,0.9,243.5,0.92,0.71,0.93,285.3,0.08,49.61,0.07,285.3,0.09,68.5,0.1,243.5,0.01,0.01,2343.30784,1776330784000
1776330786.311,186.311,0.92,20.5,0.91,42.5,0.93,72.55,0.94,269.8,0.07,279.55,0.06,269.8,0.09,47.5,0.1,243.5,0.01,0.02,2343.30784,1776330784000
1776330786.966,186.966,0.92,82.5,0.91,287.5,0.93,9.09,0.94,309.8,0.07,72.55,0.06,269.8,0.08,20.5,0.09,42.5,0.01,0.01,2343.32497,1776330785000
1776330787.291,187.291,0.92,78.5,0.91,277.5,0.93,9.09,0.94,309.8,0.07,9.09,0.06,309.8,0.08,82.5,0.09,287.5,0.01,0.01,2343.32497,1776330785000
1776330787.759,187.759,0.92,78.5,0.91,283.5,0.93,6.93,0.94,309.8,0.07,9.09,0.06,309.8,0.08,78.5,0.09,277.5,0.01,0.01,2343.495495,1776330786000
1776330788.594,188.594,0.93,175.0,0.92,350.5,0.94,24.48,0.95,40.0,0.07,6.93,0.06,309.8,0.08,78.5,0.09,283.5,0.01,0.01,2343.51138,1776330787000
1776330788.831,188.831,0.93,160.0,0.92,357.41,0.95,4.38,0.96,55.0,0.05,14.38,0.04,55.0,0.07,160.0,0.08,357.41,0.02,0.02,2343.51138,1776330787000
1776330789.223,189.223,0.95,10.0,0.93,170.5,0.96,72.65,0.97,491.42,0.03,551.42,0.02,475.7,0.07,160.0,0.08,357.41,0.01,0.04,2343.51138,1776330787000
1776330789.46,189.46,0.94,20.5,0.93,165.5,0.95,5.0,0.96,65.43,0.05,10.0,0.04,65.43,0.06,10.0,0.07,165.5,0.01,0.01,2343.50409,1776330788000
1776330789.775,189.775,0.94,19.09,0.93,160.5,0.95,3.94,0.96,65.43,0.05,5.0,0.04,65.43,0.06,19.09,0.07,160.5,0.01,0.01,2343.50409,1776330788000
1776330791.446,191.446,0.94,10.0,0.93,118.43,0.95,10.81,0.96,10.0,0.05,3.94,0.04,65.43,0.07,134.43,0.08,540.06,0.01,0.02,2344.038341,1776330790000
1776330791.662,191.662,0.94,10.0,0.93,107.93,0.95,103.86,0.96,10.0,0.05,103.86,0.04,10.0,0.06,10.0,0.07,107.93,0.01,0.01,2344.038341,1776330790000
1776330791.933,191.933,0.93,11.31,0.92,250.06,0.95,90.91,0.96,135.0,0.05,97.26,0.04,10.0,0.07,11.31,0.08,265.06,0.02,0.02,2344.038341,1776330790000
1776330792.283,192.283,0.93,6.0,0.92,250.06,0.95,70.91,0.96,135.0,0.05,90.91,0.04,135.0,0.07,11.31,0.08,250.06,0.02,0.02,2344.09738,1776330791000
1776330793.066,193.066,0.93,6.0,0.92,250.06,0.95,65.69,0.96,135.0,0.05,70.91,0.04,135.0,0.07,6.0,0.08,250.06,0.02,0.02,2344.09738,1776330791000
1776330794.42,194.42,0.94,45.0,0.93,191.0,0.95,65.69,0.96,10.0,0.05,65.69,0.04,135.0,0.07,6.0,0.08,250.06,0.01,0.02,2343.97211,1776330793000
1776330795.116,195.116,0.94,128.98,0.93,115.0,0.95,65.69,0.96,103.8,0.05,60.69,0.04,103.8,0.06,23.97,0.07,196.0,0.01,0.01,2343.97211,1776330793000
1776330798.117,198.117,0.94,11.97,0.93,67.0,0.95,139.8,0.96,260.8,0.05,65.69,0.04,103.8,0.06,128.98,0.07,115.0,0.01,0.01,2343.860973,1776330796000
1776330799.756,199.756,0.94,11.97,0.93,82.0,0.95,132.71,0.96,260.8,0.05,139.8,0.04,260.8,0.06,11.97,0.07,67.0,0.01,0.01,2343.66865,1776330798000
1776330801.337,201.337,0.94,93.11,0.93,35.5,0.95,231.65,0.96,203.8,0.05,132.71,0.04,260.8,0.06,11.97,0.07,82.0,0.01,0.01,2343.6413,1776330799000
1776330802.211,202.211,0.94,80.28,0.93,40.5,0.95,159.65,0.96,203.8,0.05,231.65,0.04,203.8,0.06,93.11,0.07,35.5,0.01,0.01,2343.6413,1776330799000
1776330802.45,202.45,0.94,84.2,0.93,40.5,0.95,118.65,0.96,203.8,0.05,157.65,0.04,203.8,0.06,84.2,0.07,40.5,0.01,0.01,2343.6413,1776330799000
1776330803.406,203.406,0.94,75.55,0.93,40.5,0.95,134.25,0.96,203.8,0.05,118.65,0.04,203.8,0.06,84.2,0.07,40.5,0.01,0.01,2343.586975,1776330802000
1776330805.637,205.637,0.94,142.05,0.93,184.5,0.96,103.8,0.97,576.42,0.05,134.25,0.04,203.8,0.06,75.55,0.07,40.5,0.02,0.01,2343.6758,1776330804000
1776330806.497,206.497,0.94,157.05,0.93,179.5,0.96,103.8,0.97,576.42,0.05,5.0,0.04,103.8,0.06,147.05,0.07,179.5,0.02,0.01,2343.7809,1776330805000
1776330807.068,207.068,0.95,25.5,0.94,147.05,0.96,100.7,0.97,576.42,0.04,103.8,0.03,576.42,0.06,157.05,0.07,179.5,0.01,0.02,2343.7809,1776330805000
1776330808.373,208.373,0.95,18.22,0.94,67.0,0.96,170.7,0.97,648.42,0.04,100.7,0.03,576.42,0.05,25.5,0.06,147.05,0.01,0.01,2343.905225,1776330807000
1776330809.306,209.306,0.94,34.35,0.93,179.5,0.96,350.7,0.97,548.42,0.04,170.7,0.03,648.42,0.05,18.22,0.06,67.0,0.02,0.01,2343.88118,1776330808000
1776330810.121,210.121,0.94,311.5,0.93,159.5,0.95,107.67,0.96,100.7,0.04,350.7,0.03,548.42,0.06,34.35,0.07,179.5,0.01,0.02,2343.88118,1776330808000
1776330810.441,210.441,0.94,363.5,0.93,177.5,0.96,100.7,0.97,564.42,0.05,36.87,0.04,100.7,0.06,363.5,0.07,177.5,0.02,0.01,2343.88118,1776330808000
1776330812.056,212.056,0.95,316.0,0.94,111.5,0.96,83.09,0.97,507.42,0.04,100.7,0.03,564.42,0.06,363.5,0.07,177.5,0.01,0.02,2343.86965,1776330810000
1776330812.529,212.529,0.96,135.66,0.95,336.5,0.97,507.42,0.98,1412.7,0.04,83.09,0.03,507.42,0.05,316.0,0.06,111.5,0.01,0.01,2343.820693,1776330811000
1776330812.855,212.855,0.96,175.3,0.95,321.0,0.97,372.72,0.98,1412.7,0.03,507.42,0.02,1412.7,0.04,135.66,0.05,336.5,0.01,0.01,2343.820693,1776330811000
1776330813.384,213.384,0.96,164.14,0.95,331.5,0.97,403.99,0.98,1412.7,0.03,372.72,0.02,1412.7,0.04,175.3,0.05,321.0,0.01,0.01,2343.820693,1776330811000
1776330813.693,213.693,0.96,164.14,0.95,331.5,0.97,323.4,0.98,1412.7,0.03,330.44,0.02,1412.7,0.04,169.14,0.05,331.5,0.01,0.01,2343.872665,1776330812000
1776330815.276,215.276,0.96,344.14,0.95,151.5,0.97,218.4,0.98,1412.7,0.03,323.4,0.02,1412.7,0.04,164.14,0.05,331.5,0.01,0.01,2343.97179,1776330813000
1776330816.092,216.092,0.96,454.14,0.95,141.5,0.97,213.4,0.98,829.0,0.03,218.4,0.02,1412.7,0.04,344.14,0.05,151.5,0.01,0.01,2343.97122,1776330814000
1776330816.691,216.691,0.96,480.64,0.95,170.5,0.97,112.4,0.98,292.0,0.03,213.4,0.02,829.0,0.04,454.14,0.05,141.5,0.01,0.01,2343.876685,1776330815000
1776330816.926,216.926,0.96,485.64,0.95,246.3,0.97,107.4,0.98,292.0,0.03,112.4,0.02,292.0,0.04,480.64,0.05,170.5,0.01,0.01,2343.876685,1776330815000
1776330817.235,217.235,0.96,522.64,0.95,236.3,0.98,292.0,0.99,2709.45,0.03,107.4,0.02,292.0,0.04,485.64,0.05,246.3,0.02,0.01,2343.876685,1776330815000
1776330817.597,217.597,0.97,60.0,0.96,499.54,0.98,286.0,0.99,2709.45,0.02,292.0,0.01,2709.45,0.04,522.54,0.05,236.3,0.01,0.02,2343.876685,1776330815000
1776330818.172,218.172,0.97,249.73,0.96,431.24,0.98,281.0,0.99,2709.45,0.02,281.0,0.01,2709.45,0.03,70.3,0.04,494.54,0.01,0.01,2343.88041,1776330816000
1776330818.882,218.882,0.97,369.0,0.96,427.24,0.98,201.0,0.99,3009.45,0.02,211.0,0.01,2709.45,0.03,240.3,0.04,427.24,0.01,0.01,2344.11701,1776330817000
1776330819.702,219.702,0.97,451.7,0.96,427.24,0.98,196.0,0.99,3009.45,0.02,201.0,0.01,3009.45,0.03,369.0,0.04,427.24,0.01,0.01,2344.187665,1776330818000
1776330819.956,219.956,0.97,451.7,0.96,427.24,0.98,173.98,0.99,3009.45,0.02,176.0,0.01,3009.45,0.03,462.0,0.04,427.24,0.01,0.01,2344.187665,1776330818000
1776330820.496,220.496,0.97,460.0,0.96,427.24,0.98,153.78,0.99,3209.45,0.02,173.98,0.01,3009.45,0.03,451.7,0.04,427.24,0.01,0.01,2344.254945,1776330819000
1776330820.699,220.699,0.97,454.7,0.96,427.24,0.98,129.6,0.99,2845.85,0.02,153.78,0.01,3209.45,0.03,460.0,0.04,427.24,0.01,0.01,2344.254945,1776330819000
1776330821.306,221.306,0.97,379.7,0.96,427.24,0.98,115.26,0.99,2845.85,0.02,120.26,0.01,2845.85,0.03,454.7,0.04,427.24,0.01,0.01,2344.254945,1776330819000
1776330821.634,221.634,0.97,379.7,0.96,427.24,0.98,111.26,0.99,3122.85,0.02,115.26,0.01,2845.85,0.03,379.7,0.04,427.24,0.01,0.01,2344.26081,1776330820000
1776330822.034,222.034,0.97,390.0,0.96,427.24,0.98,105.23,0.99,2222.85,0.02,110.23,0.01,3122.85,0.03,390.0,0.04,427.24,0.01,0.01,2344.26081,1776330820000
1776330822.309,222.309,0.97,385.0,0.96,427.24,0.98,100.23,0.99,2222.85,0.02,105.23,0.01,2222.85,0.03,390.0,0.04,427.24,0.01,0.01,2344.26765,1776330821000
1776330822.514,222.514,0.97,385.0,0.96,427.24,0.98,88.15,0.99,2222.85,0.02,93.15,0.01,2222.85,0.03,379.7,0.04,427.24,0.01,0.01,2344.26765,1776330821000
1776330823.139,223.139,0.97,389.0,0.96,427.24,0.98,83.15,0.99,2622.85,0.02,88.15,0.01,2222.85,0.03,385.0,0.04,427.24,0.01,0.01,2344.26765,1776330821000
1776330823.656,223.656,0.97,378.7,0.96,427.24,0.98,82.12,0.99,2622.85,0.02,83.15,0.01,2622.85,0.03,389.0,0.04,427.24,0.01,0.01,2344.26765,1776330822000
1776330824.611,224.611,0.97,367.7,0.96,427.24,0.98,73.95,0.99,2822.85,0.02,82.12,0.01,2622.85,0.03,378.7,0.04,427.24,0.01,0.01,2344.25698,1776330823000
1776330825.916,225.916,0.97,20.61,0.96,61.0,0.98,365.95,0.99,2549.45,0.02,73.95,0.01,2822.85,0.03,367.7,0.04,427.24,0.01,0.01,2344.33605,1776330824000
1776330828.164,228.164,0.97,25.61,0.96,15.0,0.98,359.95,0.99,3349.45,0.02,365.95,0.01,2549.45,0.03,20.61,0.04,61.0,0.01,0.01,2344.081761,1776330827000
1776330829.891,229.891,0.97,23.61,0.96,15.0,0.98,354.95,0.99,3349.45,0.02,359.95,0.01,3349.45,0.03,25.61,0.04,15.0,0.01,0.01,2343.94048,1776330828000
1776330830.43,230.43,0.97,8.53,0.96,15.0,0.98,359.95,0.99,3349.45,0.02,354.95,0.01,3349.45,0.03,23.61,0.04,15.0,0.01,0.01,2343.94048,1776330828000
1776330831.199,231.199,0.97,18.83,0.96,21.0,0.98,350.95,0.99,3349.45,0.02,359.95,0.01,3349.45,0.03,8.53,0.04,15.0,0.01,0.01,2344.077355,1776330829000
1776330831.589,231.589,0.97,46.53,0.96,475.2,0.98,108.84,0.99,2522.85,0.02,350.95,0.01,3349.45,0.03,18.83,0.04,21.0,0.01,0.01,2344.077355,1776330829000
1776330831.863,231.863,0.97,168.62,0.96,475.2,0.98,103.84,0.99,2522.85,0.02,108.84,0.01,2522.85,0.03,32.92,0.04,475.2,0.01,0.01,2343.94732,1776330830000
1776330832.185,232.185,0.97,163.62,0.96,475.2,0.98,89.74,0.99,2522.85,0.02,93.74,0.01,2522.85,0.03,178.92,0.04,475.2,0.01,0.01,2343.94732,1776330830000
1776330834.947,234.947,0.97,428.92,0.96,238.2,0.98,80.74,0.99,3122.85,0.02,89.74,0.01,2522.85,0.03,163.62,0.04,475.2,0.01,0.01,2344.110615,1776330833000
1776330835.523,235.523,0.97,389.92,0.96,238.2,0.98,76.35,0.99,3122.85,0.02,80.74,0.01,3122.85,0.03,338.92,0.04,238.2,0.01,0.01,2344.220044,1776330834000
1776330835.859,235.859,0.97,465.92,0.96,238.2,0.98,38.71,0.99,2942.85,0.02,59.12,0.01,3122.85,0.03,389.92,0.04,238.2,0.01,0.01,2344.220044,1776330834000
1776330836.07,236.07,0.97,470.92,0.96,238.2,0.98,23.49,0.99,2942.85,0.02,28.6,0.01,2942.85,0.03,460.62,0.04,238.2,0.01,0.01,2344.220044,1776330834000
1776330836.997,236.997,0.98,56.34,0.97,450.92,0.99,2042.85,,,0.02,23.49,0.01,2942.85,0.03,470.92,0.04,238.2,0.01,0.01,2344.14665,1776330835000
1776330837.863,237.863,0.98,455.24,0.97,245.62,0.99,1986.36,,,0.01,2042.85,,,0.02,56.34,0.03,450.92,0.01,0.01,2344.298691,1776330836000
1776330838.733,238.733,0.98,494.94,0.97,220.92,0.99,2381.36,,,0.01,1981.36,,,0.02,455.24,0.03,245.62,0.01,0.01,2344.3028,1776330837000
1776330840.546,240.546,0.98,494.94,0.97,274.92,0.99,2407.76,,,0.01,2381.36,,,0.02,494.94,0.03,220.92,0.01,0.01,2344.317517,1776330839000
1776330840.921,240.921,0.98,504.94,0.97,274.92,0.99,2392.66,,,0.01,2397.76,,,0.02,499.94,0.03,274.92,0.01,0.01,2344.317517,1776330839000
1776330841.442,241.442,0.98,598.94,0.97,274.92,0.99,2335.63,,,0.01,2340.63,,,0.02,504.94,0.03,274.92,0.01,0.01,2344.317517,1776330839000
1776330841.853,241.853,0.98,640.94,0.97,284.92,0.99,2315.43,,,0.01,2335.63,,,0.02,598.94,0.03,274.92,0.01,0.01,2344.3758,1776330840000
1776330842.146,242.146,0.98,640.94,0.97,274.92,0.99,2286.22,,,0.01,2306.43,,,0.02,645.94,0.03,284.92,0.01,0.01,2344.3758,1776330840000
1776330842.446,242.446,0.98,656.94,0.97,274.92,0.99,2275.39,,,0.01,2276.41,,,0.02,635.74,0.03,274.92,0.01,0.01,2344.38224,1776330841000
1776330842.913,242.913,0.98,557.94,0.97,274.92,0.99,2270.33,,,0.01,2275.39,,,0.02,656.94,0.03,274.92,0.01,0.01,2344.38224,1776330841000
1776330843.899,243.899,0.98,562.94,0.97,274.92,0.99,2270.33,,,0.01,2270.33,,,0.02,557.94,0.03,274.92,0.01,0.01,2344.346355,1776330842000
1776330845.331,245.331,0.98,547.74,0.97,274.92,0.99,2262.25,,,0.01,2270.33,,,0.02,562.94,0.03,274.92,0.01,0.01,2344.362589,1776330844000
1776330846.631,246.631,0.98,552.94,0.97,274.92,0.99,2257.25,,,0.01,2262.25,,,0.02,547.74,0.03,274.92,0.01,0.01,2344.329991,1776330845000
1776330847.008,247.008,0.98,552.94,0.97,274.92,0.99,2178.26,,,0.01,2257.25,,,0.02,552.94,0.03,274.92,0.01,0.01,2344.329991,1776330845000
1776330847.432,247.432,0.98,547.74,0.97,274.92,0.99,2157.69,,,0.01,2178.26,,,0.02,552.94,0.03,274.92,0.01,0.01,2344.329991,1776330845000
1776330847.939,247.939,0.98,559.94,0.97,274.92,0.99,2112.49,,,0.01,2137.49,,,0.02,557.94,0.03,274.92,0.01,0.01,2344.332867,1776330846000
1776330849.529,249.529,0.98,549.74,0.97,284.92,0.99,2077.49,,,0.01,2112.49,,,0.02,559.94,0.03,274.92,0.01,0.01,2344.361643,1776330847000
1776330850.505,250.505,0.98,649.74,0.97,273.92,0.99,1327.49,,,0.01,2077.49,,,0.02,549.74,0.03,284.92,0.01,0.01,2344.331895,1776330848000
1776330850.739,250.739,0.98,664.94,0.97,273.92,0.99,1325.49,,,0.01,1327.49,,,0.02,649.74,0.03,273.92,0.01,0.01,2344.372925,1776330849000
1776330851.612,251.612,0.99,1233.57,0.98,364.74,,,,,,,,,0.01,1204.51,0.02,664.94,,,2344.345558,1776330850000
1776330853.961,253.961,0.99,1210.13,0.98,96.04,,,,,,,,,0.01,1233.57,0.02,364.74,,,2344.342176,1776330852000
1776330870.958,270.958,0.99,1213.99,0.98,302.4,,,,,,,,,0.01,1210.13,0.02,96.04,,,2343.96671,1776330869000

# RESULT,winner=Up,slug=eth-updown-5m-1776330600,ticks=266
