timestamp,elapsed_sec,up_bid_p1,up_bid_s1,up_bid_p2,up_bid_s2,up_ask_p1,up_ask_s1,up_ask_p2,up_ask_s2,down_bid_p1,down_bid_s1,down_bid_p2,down_bid_s2,down_ask_p1,down_ask_s1,down_ask_p2,down_ask_s2,up_spread,down_spread,eth_price,eth_oracle_ts
1776242701.474,1.474,0.46,110.72,0.45,70.0,0.48,39.63,0.49,10.0,0.52,39.63,0.51,10.0,0.54,110.72,0.55,70.0,0.02,0.02,2319.3943,1776236446000
1776242701.804,1.804,0.46,23.72,0.43,5.0,0.48,45.13,0.49,80.0,0.52,39.63,0.51,10.0,0.54,110.72,0.55,70.0,0.02,0.02,2319.3943,1776236446000
1776242702.891,2.891,0.45,11.18,0.44,13.0,0.48,57.13,0.49,88.0,0.52,45.13,0.51,80.0,0.57,5.0,0.59,70.0,0.03,0.05,2319.3943,1776236446000
1776242703.466,3.466,0.45,5.54,0.44,23.0,0.48,52.13,0.49,98.0,0.52,57.13,0.51,88.0,0.55,11.18,0.56,13.0,0.03,0.03,2319.3943,1776236446000
1776242703.794,3.794,0.46,6.29,0.45,20.54,0.48,72.13,0.49,103.0,0.52,52.13,0.51,98.0,0.55,5.54,0.56,23.0,0.02,0.03,2319.3943,1776236446000
1776242704.117,4.117,0.48,12.08,0.46,5.73,0.49,108.0,0.5,108.0,0.52,72.13,0.51,108.0,0.54,5.73,0.55,25.54,0.01,0.02,2319.3943,1776236446000
1776242704.758,4.758,0.46,5.73,0.45,20.54,0.49,125.0,0.5,121.0,0.51,125.0,0.5,121.0,0.52,6.91,0.54,5.73,0.03,0.01,2319.3943,1776236446000
1776242705.882,5.882,0.46,5.63,0.45,25.54,0.47,5.0,0.48,18.0,0.51,125.0,0.5,121.0,0.54,5.73,0.55,20.54,0.01,0.03,2319.3943,1776236446000
1776242706.165,6.165,0.46,0.63,0.45,25.54,0.47,4.89,0.48,18.0,0.53,5.0,0.52,18.0,0.54,5.63,0.55,25.54,0.01,0.01,2319.3943,1776236446000
1776242706.626,6.626,0.46,0.63,0.45,20.54,0.48,11.82,0.49,115.0,0.53,4.89,0.52,18.0,0.54,0.63,0.55,25.54,0.02,0.01,2319.3943,1776236446000
1776242707.553,7.553,0.46,5.63,0.45,22.0,0.48,16.82,0.49,115.0,0.52,11.82,0.51,115.0,0.54,0.63,0.55,20.54,0.02,0.02,2319.3943,1776236446000
1776242710.294,10.294,0.48,38.5,0.47,15.0,0.49,27.97,0.5,60.5,0.51,107.97,0.5,103.0,0.53,15.0,0.54,20.0,0.01,0.02,2319.3943,1776236446000
1776242711.405,11.405,0.48,12.15,0.47,25.5,0.49,222.97,0.5,55.5,0.51,27.97,0.5,60.5,0.52,38.5,0.53,15.0,0.01,0.01,2319.3943,1776236446000
1776242712.217,12.217,0.47,25.97,0.46,165.5,0.49,220.47,0.5,55.5,0.51,238.47,0.5,55.5,0.53,30.5,0.54,160.5,0.02,0.02,2319.3943,1776236446000
1776242712.419,12.419,0.47,39.08,0.46,160.5,0.49,225.47,0.5,60.5,0.51,220.47,0.5,55.5,0.53,25.97,0.54,165.5,0.02,0.02,2319.3943,1776236446000
1776242718.55,18.55,0.46,66.25,0.45,272.0,0.49,192.97,0.5,67.95,0.51,225.47,0.5,60.5,0.53,39.08,0.54,160.5,0.03,0.02,2319.3943,1776236446000
1776242719.195,19.195,0.49,7.03,0.48,22.0,0.5,23.0,0.51,20.45,0.51,192.97,0.5,67.95,0.54,66.25,0.55,272.0,0.01,0.03,2319.3943,1776236446000
1776242720.018,20.018,0.51,50.0,0.5,106.0,0.52,37.94,0.53,42.0,0.48,28.5,0.47,15.0,0.51,7.03,0.52,22.0,0.01,0.03,2319.3943,1776236446000
1776242720.471,20.471,0.5,15.0,0.49,19.03,0.52,52.94,0.53,42.0,0.48,37.94,0.47,42.0,0.49,50.0,0.5,106.0,0.02,0.01,2319.3943,1776236446000
1776242720.868,20.868,0.49,19.03,0.48,5.0,0.51,30.5,0.52,45.94,0.48,50.94,0.47,42.0,0.5,15.0,0.51,19.03,0.02,0.02,2319.3943,1776236446000
1776242721.68,21.68,0.45,14.54,0.44,25.0,0.46,75.0,0.47,40.5,0.49,30.5,0.48,45.94,0.51,19.03,0.52,5.0,0.01,0.02,2319.3943,1776236446000
1776242722.002,22.002,0.44,31.95,0.43,95.5,0.46,75.0,0.47,40.5,0.54,75.0,0.53,40.5,0.55,4.54,0.56,25.0,0.02,0.01,2319.3943,1776236446000
1776242722.648,22.648,0.43,2.95,0.42,27.5,0.45,55.0,0.46,150.5,0.54,75.0,0.53,40.5,0.56,31.95,0.57,95.5,0.02,0.02,2319.3943,1776236446000
1776242722.851,22.851,0.43,2.95,0.42,27.5,0.45,55.0,0.46,150.5,0.55,55.0,0.54,150.5,0.57,2.95,0.58,27.5,0.02,0.02,2327.81491,1776242722000
1776242723.587,23.587,0.39,5.52,0.38,5.0,0.41,50.0,0.42,20.0,0.55,55.0,0.54,150.5,0.57,2.95,0.58,27.5,0.02,0.02,2327.81491,1776242722000
1776242724.044,24.044,0.38,12.0,0.37,10.0,0.4,95.0,0.41,115.0,0.59,55.0,0.58,20.0,0.61,0.52,0.62,5.0,0.02,0.02,2327.81491,1776242722000
1776242724.488,24.488,0.33,281.0,0.32,90.0,0.34,4.11,0.37,70.0,0.66,4.11,0.63,70.0,0.67,281.0,0.68,90.0,0.01,0.01,2327.726965,1776242723000
1776242725.039,25.039,0.33,281.0,0.32,90.0,0.34,4.11,0.37,70.0,0.66,4.11,0.63,70.0,0.67,281.0,0.68,90.0,0.01,0.01,2327.648959,1776242724000
1776242725.372,25.372,0.33,55.0,0.32,10.0,0.34,9.31,0.35,10.0,0.66,9.11,0.65,10.0,0.67,45.0,0.69,10.0,0.01,0.01,2327.648959,1776242724000
1776242725.828,25.828,0.33,24.0,0.32,10.0,0.34,19.31,0.35,15.0,0.66,9.31,0.65,10.0,0.67,55.0,0.68,10.0,0.01,0.01,2327.648959,1776242724000
1776242726.424,26.424,0.33,24.0,0.32,10.0,0.34,19.31,0.35,15.0,0.66,19.31,0.65,15.0,0.67,24.0,0.68,10.0,0.01,0.01,2327.356215,1776242725000
1776242726.773,26.773,0.33,213.07,0.32,107.48,0.34,14.31,0.35,15.0,0.66,19.31,0.65,15.0,0.67,24.0,0.68,10.0,0.01,0.01,2327.356215,1776242725000
1776242727.211,27.211,0.33,170.18,0.32,287.48,0.34,14.28,0.35,15.0,0.66,14.31,0.65,15.0,0.67,213.07,0.68,107.48,0.01,0.01,2327.35206,1776242726000
1776242727.628,27.628,0.27,6.96,0.26,24.0,0.28,10.0,0.29,17.0,0.66,14.28,0.65,15.0,0.67,170.18,0.68,287.48,0.01,0.01,2327.35206,1776242726000
1776242728.04,28.04,0.27,6.96,0.26,24.0,0.28,9.67,0.29,27.0,0.72,9.67,0.71,27.0,0.73,6.96,0.74,24.0,0.01,0.01,2327.295888,1776242727000
1776242728.607,28.607,0.28,371.82,0.27,40.46,0.29,12.0,0.3,27.0,0.71,17.0,0.7,22.0,0.73,32.46,0.74,204.0,0.01,0.02,2327.295888,1776242727000
1776242729.104,29.104,0.28,376.82,0.27,63.12,0.29,1.65,0.3,27.0,0.71,12.0,0.7,27.0,0.72,371.82,0.73,40.46,0.01,0.01,2327.295888,1776242727000
1776242729.677,29.677,0.28,359.72,0.27,63.12,0.29,1.65,0.3,27.0,0.71,1.65,0.7,27.0,0.72,359.72,0.73,63.12,0.01,0.01,2327.23212,1776242728000
1776242730.028,30.028,0.28,364.72,0.27,63.12,0.3,25.26,0.31,22.0,0.71,1.65,0.7,27.0,0.72,359.72,0.73,63.12,0.02,0.01,2327.23212,1776242728000
1776242730.783,30.783,0.29,326.35,0.28,42.5,0.3,26.26,0.31,15.0,0.7,25.26,0.69,22.0,0.72,364.72,0.73,63.12,0.01,0.02,2327.14338,1776242729000
1776242731.113,31.113,0.29,326.35,0.28,42.5,0.3,26.26,0.31,15.0,0.7,26.26,0.69,15.0,0.71,326.35,0.72,42.5,0.01,0.01,2327.073895,1776242730000
1776242732.164,32.164,0.29,326.35,0.28,42.5,0.3,26.26,0.31,15.0,0.7,26.26,0.69,15.0,0.71,326.35,0.72,42.5,0.01,0.01,2327.077777,1776242731000
1776242733.165,33.165,0.29,326.35,0.28,42.5,0.3,26.26,0.31,15.0,0.7,26.26,0.69,15.0,0.71,326.35,0.72,42.5,0.01,0.01,2327.038785,1776242732000
1776242733.857,33.857,0.3,35.0,0.29,196.0,0.31,25.5,0.32,25.5,0.7,26.26,0.69,15.0,0.71,326.35,0.72,42.5,0.01,0.01,2327.038785,1776242732000
1776242734.083,34.083,0.29,193.21,0.27,33.16,0.3,15.0,0.31,25.5,0.7,15.0,0.69,25.5,0.71,193.21,0.73,33.16,0.01,0.01,2327.03996,1776242733000
1776242734.519,34.519,0.29,241.8,0.28,22.0,0.3,15.0,0.31,20.5,0.7,15.0,0.69,25.5,0.71,193.21,0.73,33.16,0.01,0.01,2327.03996,1776242733000
1776242734.829,34.829,0.29,259.99,0.28,22.0,0.3,15.0,0.31,20.5,0.7,15.0,0.69,20.5,0.71,241.8,0.72,22.0,0.01,0.01,2327.03996,1776242733000
1776242735.141,35.141,0.29,259.99,0.28,22.0,0.3,15.0,0.31,20.5,0.7,15.0,0.69,20.5,0.71,259.99,0.72,22.0,0.01,0.01,2327.059425,1776242734000
1776242735.456,35.456,0.29,252.93,0.28,22.0,0.3,11.66,0.31,20.5,0.7,15.0,0.69,20.5,0.71,257.93,0.72,22.0,0.01,0.01,2327.059425,1776242734000
1776242736.342,36.342,0.29,252.93,0.28,22.0,0.3,11.66,0.31,20.5,0.7,11.66,0.69,20.5,0.71,252.93,0.72,22.0,0.01,0.01,2326.99726,1776242735000
1776242736.917,36.917,0.29,250.36,0.28,22.0,0.3,22.16,0.31,20.5,0.7,11.66,0.69,20.5,0.71,252.93,0.72,22.0,0.01,0.01,2326.99726,1776242735000
1776242737.456,37.456,0.29,252.99,0.28,22.0,0.3,27.16,0.31,20.5,0.7,27.16,0.69,20.5,0.71,252.99,0.72,22.0,0.01,0.01,2326.968296,1776242736000
1776242737.923,37.923,0.29,37.99,0.28,22.0,0.3,25.29,0.31,25.5,0.7,27.16,0.69,20.5,0.71,252.99,0.72,22.0,0.01,0.01,2326.968296,1776242736000
1776242738.848,38.848,0.29,42.99,0.28,22.0,0.3,33.62,0.31,30.5,0.7,25.29,0.69,25.5,0.71,37.99,0.72,22.0,0.01,0.01,2326.9577,1776242737000
1776242739.062,39.062,0.29,42.99,0.28,22.0,0.31,25.93,0.32,165.5,0.69,25.93,0.68,165.5,0.71,42.99,0.72,22.0,0.02,0.02,2326.935825,1776242738000
1776242739.951,39.951,0.29,42.99,0.28,22.0,0.31,25.93,0.32,165.5,0.69,25.93,0.68,165.5,0.71,42.99,0.72,22.0,0.02,0.02,2326.947663,1776242739000
1776242741.04,41.04,0.27,24.66,0.26,36.0,0.28,72.5,0.29,48.5,0.69,25.93,0.68,165.5,0.71,42.99,0.72,22.0,0.01,0.02,2326.947663,1776242739000
1776242741.877,41.877,0.24,41.66,0.23,220.5,0.25,40.0,0.26,34.0,0.72,72.5,0.71,48.5,0.76,11.16,0.77,5.0,0.01,0.04,2326.912345,1776242740000
1776242742.208,42.208,0.24,41.66,0.23,220.5,0.25,40.0,0.26,34.0,0.75,40.0,0.74,34.0,0.76,41.66,0.77,220.5,0.01,0.01,2326.912565,1776242741000
1776242742.692,42.692,0.24,41.0,0.23,287.33,0.25,81.0,0.26,49.5,0.75,40.0,0.74,34.0,0.76,41.66,0.77,220.5,0.01,0.01,2326.912565,1776242741000
1776242743.068,43.068,0.23,94.08,0.22,26.0,0.25,97.5,0.26,119.5,0.75,87.0,0.74,119.5,0.76,41.0,0.77,287.33,0.02,0.01,2326.912565,1776242741000
1776242743.315,43.315,0.23,94.08,0.22,26.0,0.25,97.5,0.26,119.5,0.75,97.5,0.74,119.5,0.77,94.08,0.78,26.0,0.02,0.02,2326.867424,1776242742000
1776242743.662,43.662,0.23,10.0,0.22,45.0,0.24,107.33,0.25,57.5,0.76,111.5,0.75,57.5,0.77,14.15,0.78,45.0,0.01,0.01,2326.867424,1776242742000
1776242743.95,43.95,0.23,19.16,0.22,45.0,0.24,102.33,0.25,237.5,0.76,107.33,0.75,57.5,0.77,21.62,0.78,45.0,0.01,0.01,2326.867424,1776242742000
1776242744.268,44.268,0.21,187.22,0.2,37.5,0.24,102.33,0.25,237.5,0.76,102.33,0.75,237.5,0.79,187.22,0.8,37.5,0.03,0.03,2326.78729,1776242743000
1776242745.12,45.12,0.21,187.22,0.2,37.5,0.24,102.33,0.25,237.5,0.76,102.33,0.75,237.5,0.79,187.22,0.8,37.5,0.03,0.03,2326.65387,1776242744000
1776242746.12,46.12,0.2,205.05,0.19,153.86,0.22,96.0,0.23,95.5,0.78,96.0,0.77,95.5,0.8,205.05,0.81,153.86,0.02,0.02,2326.66955,1776242745000
1776242746.41,46.41,0.2,45.41,0.19,317.65,0.21,40.23,0.22,111.5,0.78,96.0,0.77,95.5,0.8,205.05,0.81,153.86,0.01,0.02,2326.66955,1776242745000
1776242747.061,47.061,0.2,21.51,0.19,33.31,0.21,70.73,0.22,165.5,0.79,40.23,0.78,111.5,0.8,45.41,0.81,317.65,0.01,0.01,2326.66955,1776242745000
1776242747.478,47.478,0.19,29.98,0.18,24.0,0.2,70.5,0.21,25.73,0.79,75.73,0.78,345.5,0.8,0.46,0.81,33.31,0.01,0.01,2326.543895,1776242746000
1776242748.097,48.097,0.19,38.74,0.18,29.0,0.2,55.5,0.21,25.73,0.8,55.5,0.79,25.73,0.81,38.74,0.82,29.0,0.01,0.01,2326.465288,1776242747000
1776242748.669,48.669,0.18,54.19,0.17,51.0,0.19,35.5,0.2,25.5,0.8,55.5,0.79,25.73,0.81,38.74,0.82,29.0,0.01,0.01,2326.465288,1776242747000
1776242749.086,49.086,0.18,48.31,0.17,51.0,0.19,35.5,0.2,25.5,0.81,35.5,0.8,25.5,0.82,48.31,0.83,51.0,0.01,0.01,2326.4403,1776242748000
1776242749.374,49.374,0.18,326.4,0.17,66.5,0.19,10.0,0.2,80.0,0.81,35.5,0.8,25.5,0.82,48.31,0.83,51.0,0.01,0.01,2326.4403,1776242748000
1776242749.593,49.593,0.2,15.5,0.19,112.5,0.21,5.57,0.22,10.0,0.79,11.0,0.78,10.0,0.81,117.5,0.82,251.11,0.01,0.02,2326.4403,1776242748000
1776242749.853,49.853,0.22,16.71,0.21,40.5,0.23,25.0,0.24,19.33,0.76,8.83,0.75,85.0,0.77,5.83,0.79,15.5,0.01,0.01,2326.4403,1776242748000
1776242750.065,50.065,0.22,19.12,0.21,40.5,0.23,30.0,0.24,19.33,0.77,30.0,0.76,19.33,0.78,19.12,0.79,40.5,0.01,0.01,2326.303585,1776242749000
1776242750.567,50.567,0.24,81.0,0.23,25.0,0.25,36.0,0.26,70.0,0.77,25.0,0.76,19.33,0.78,15.12,0.79,40.5,0.01,0.01,2326.303585,1776242749000
1776242751.033,51.033,0.24,81.0,0.23,25.0,0.25,36.0,0.26,70.0,0.75,36.0,0.74,70.0,0.76,81.0,0.77,25.0,0.01,0.01,2326.25786,1776242750000
1776242751.463,51.463,0.24,66.0,0.23,215.5,0.25,27.26,0.26,90.5,0.75,34.08,0.74,90.5,0.76,61.0,0.77,215.5,0.01,0.01,2326.25786,1776242750000
1776242751.982,51.982,0.24,66.0,0.23,215.5,0.25,27.26,0.26,90.5,0.75,27.26,0.74,90.5,0.76,66.0,0.77,215.5,0.01,0.01,2326.452184,1776242751000
1776242752.389,52.389,0.24,57.0,0.23,205.5,0.25,37.76,0.26,95.5,0.75,27.26,0.74,90.5,0.76,66.0,0.77,215.5,0.01,0.01,2326.452184,1776242751000
1776242752.997,52.997,0.24,57.0,0.23,205.5,0.25,37.76,0.26,95.5,0.75,37.76,0.74,95.5,0.76,57.0,0.77,205.5,0.01,0.01,2326.681916,1776242752000
1776242753.719,53.719,0.24,18.59,0.23,190.0,0.25,58.26,0.26,95.5,0.75,37.76,0.74,95.5,0.76,57.0,0.77,205.5,0.01,0.01,2326.681916,1776242752000
1776242754.093,54.093,0.21,5.0,0.2,5.0,0.25,268.26,0.26,95.5,0.75,58.26,0.74,95.5,0.76,18.59,0.77,190.0,0.04,0.01,2326.59987,1776242753000
1776242754.614,54.614,0.21,25.5,0.2,43.05,0.24,2.29,0.25,53.26,0.75,268.26,0.74,95.5,0.79,5.0,0.8,5.0,0.03,0.04,2326.59987,1776242753000
1776242754.932,54.932,0.21,25.5,0.2,43.05,0.24,2.29,0.25,53.26,0.76,2.29,0.75,53.26,0.79,25.5,0.8,43.05,0.03,0.03,2326.594545,1776242754000
1776242756.122,56.122,0.22,17.46,0.21,53.2,0.23,35.5,0.24,22.79,0.76,2.29,0.75,53.26,0.79,25.5,0.8,43.05,0.01,0.03,2326.594545,1776242754000
1776242756.432,56.432,0.22,17.46,0.21,53.2,0.23,35.5,0.24,22.79,0.77,35.5,0.76,22.79,0.78,17.46,0.79,53.2,0.01,0.01,2326.569806,1776242755000
1776242757.13,57.13,0.21,16.0,0.19,16.0,0.22,5.0,0.23,61.5,0.77,35.5,0.76,22.79,0.78,17.46,0.79,53.2,0.01,0.01,2326.569806,1776242755000
1776242757.335,57.335,0.19,11.0,0.17,22.0,0.2,10.0,0.21,40.5,0.8,10.0,0.79,40.5,0.81,11.0,0.83,22.0,0.01,0.01,2326.541628,1776242756000
1776242758.151,58.151,0.19,0.08,0.17,22.0,0.2,56.5,0.21,220.5,0.8,10.0,0.79,40.5,0.81,11.0,0.83,22.0,0.01,0.01,2326.541628,1776242756000
1776242759.238,59.238,0.19,0.08,0.17,22.0,0.2,56.5,0.21,220.5,0.8,56.5,0.79,220.5,0.81,0.08,0.83,22.0,0.01,0.01,2326.38799,1776242758000
1776242759.488,59.488,0.17,3.94,0.16,20.0,0.18,20.0,0.2,101.0,0.8,56.5,0.79,220.5,0.81,0.08,0.83,22.0,0.01,0.01,2326.38799,1776242758000
1776242759.919,59.919,0.17,40.38,0.16,40.5,0.19,10.0,0.2,17.7,0.8,7.2,0.79,210.0,0.83,23.94,0.84,20.0,0.02,0.03,2326.38799,1776242758000
1776242760.16,60.16,0.18,35.59,0.17,31.44,0.19,40.0,0.2,22.7,0.81,40.0,0.8,22.7,0.82,35.59,0.83,31.44,0.01,0.01,2326.3038,1776242759000
1776242760.558,60.558,0.16,19.82,0.15,86.42,0.17,45.5,0.18,280.5,0.81,40.0,0.8,22.7,0.82,35.59,0.83,31.44,0.01,0.01,2326.3038,1776242759000
1776242760.821,60.821,0.15,91.54,0.14,226.0,0.16,35.5,0.17,48.5,0.83,58.5,0.82,297.5,0.85,73.87,0.86,226.0,0.01,0.02,2326.3038,1776242759000
1776242761.233,61.233,0.15,98.27,0.14,234.4,0.16,20.5,0.17,48.5,0.84,20.5,0.83,48.5,0.85,98.27,0.86,234.4,0.01,0.01,2326.33097,1776242760000
1776242762.222,62.222,0.15,98.27,0.14,234.4,0.16,20.5,0.17,48.5,0.84,20.5,0.83,48.5,0.85,98.27,0.86,234.4,0.01,0.01,2326.31695,1776242761000
1776242762.924,62.924,0.19,75.2,0.18,15.0,0.2,35.0,0.21,40.5,0.83,43.5,0.82,112.5,0.85,283.43,0.86,203.68,0.01,0.02,2326.31695,1776242761000
1776242763.194,63.194,0.19,75.2,0.18,15.0,0.2,47.0,0.21,25.5,0.8,47.0,0.79,25.5,0.81,75.2,0.82,15.0,0.01,0.01,2326.12651,1776242762000
1776242763.396,63.396,0.19,36.0,0.18,42.5,0.2,42.0,0.21,30.5,0.8,47.0,0.79,25.5,0.81,75.2,0.82,15.0,0.01,0.01,2326.12651,1776242762000
1776242763.678,63.678,0.19,32.65,0.18,123.15,0.2,42.0,0.21,30.5,0.8,42.0,0.79,30.5,0.81,36.0,0.82,42.5,0.01,0.01,2326.12651,1776242762000
1776242764.0,64.0,0.19,21.0,0.18,202.0,0.2,63.5,0.21,30.5,0.8,42.0,0.79,30.5,0.81,32.65,0.82,123.15,0.01,0.01,2326.12651,1776242762000
1776242764.246,64.246,0.19,15.05,0.18,202.0,0.2,67.26,0.21,30.5,0.8,67.26,0.79,30.5,0.81,15.05,0.82,202.0,0.01,0.01,2326.04016,1776242763000
1776242765.133,65.133,0.19,7.9,0.18,17.0,0.2,67.26,0.21,30.5,0.8,67.26,0.79,30.5,0.81,15.05,0.82,202.0,0.01,0.01,2326.04016,1776242763000
1776242765.411,65.411,0.17,14.32,0.15,46.2,0.2,259.26,0.21,80.5,0.8,67.26,0.79,30.5,0.81,7.9,0.82,17.0,0.03,0.01,2326.225065,1776242764000
1776242766.335,66.335,0.17,14.32,0.15,46.2,0.2,259.26,0.21,80.5,0.8,259.26,0.79,80.5,0.83,14.32,0.85,46.2,0.03,0.03,2326.23922,1776242765000
1776242766.92,66.92,0.15,16.32,0.14,29.9,0.16,105.5,0.17,220.5,0.84,95.5,0.83,40.5,0.85,24.34,0.86,209.9,0.01,0.01,2326.23922,1776242765000
1776242767.374,67.374,0.14,22.7,0.13,268.76,0.16,100.5,0.17,220.5,0.84,100.5,0.83,220.5,0.86,22.7,0.87,268.76,0.02,0.02,2326.23922,1776242766000
1776242767.844,67.844,0.14,208.84,0.13,95.76,0.15,90.16,0.16,85.5,0.84,100.5,0.83,220.5,0.86,22.7,0.87,268.76,0.01,0.02,2326.23922,1776242766000
1776242768.24,68.24,0.14,229.34,0.13,107.76,0.16,50.5,0.17,100.5,0.85,90.16,0.84,85.5,0.86,208.84,0.87,95.76,0.02,0.01,2326.23922,1776242766000
1776242768.658,68.658,0.14,224.34,0.13,129.76,0.16,30.0,0.17,100.5,0.84,50.5,0.83,100.5,0.86,229.34,0.87,107.76,0.02,0.02,2326.23922,1776242766000
1776242768.935,68.935,0.14,224.34,0.13,129.76,0.16,30.0,0.17,100.5,0.84,30.0,0.83,100.5,0.86,224.34,0.87,129.76,0.02,0.02,2326.023925,1776242767000
1776242769.515,69.515,0.15,9.61,0.14,216.11,0.16,30.0,0.17,100.5,0.84,30.0,0.83,100.5,0.85,9.61,0.86,216.11,0.01,0.01,2325.98893,1776242768000
1776242769.729,69.729,0.15,7.05,0.14,5.0,0.16,55.5,0.17,100.5,0.84,30.0,0.83,100.5,0.85,9.61,0.86,216.11,0.01,0.01,2325.98893,1776242768000
1776242770.042,70.042,0.15,7.05,0.14,5.0,0.16,55.5,0.17,100.5,0.84,55.5,0.83,100.5,0.85,7.05,0.86,5.0,0.01,0.01,2325.958338,1776242769000
1776242771.163,71.163,0.15,5.87,0.14,5.0,0.16,91.5,0.17,107.5,0.84,55.5,0.83,100.5,0.85,7.05,0.86,5.0,0.01,0.01,2325.958338,1776242769000
1776242771.561,71.561,0.15,266.5,0.14,52.5,0.19,41.5,0.2,137.26,0.84,91.5,0.83,107.5,0.85,5.87,0.86,5.0,0.04,0.01,2326.01551,1776242770000
1776242772.04,72.04,0.18,53.4,0.17,248.5,0.19,9.36,0.2,136.26,0.81,36.23,0.8,131.26,0.83,25.5,0.84,49.5,0.01,0.02,2326.01551,1776242770000
1776242772.441,72.441,0.18,53.4,0.17,248.5,0.19,9.36,0.2,136.26,0.81,9.36,0.8,136.26,0.82,53.4,0.83,248.5,0.01,0.01,2326.109009,1776242771000
1776242772.908,72.908,0.19,250.5,0.18,70.5,0.21,5.0,0.22,5.0,0.81,9.36,0.8,136.26,0.82,53.4,0.83,248.5,0.02,0.01,2326.109009,1776242771000
1776242774.175,74.175,0.19,250.5,0.18,70.5,0.23,25.41,0.24,22.0,0.77,25.41,0.76,22.0,0.81,250.5,0.82,70.5,0.04,0.04,2326.258948,1776242773000
1776242775.279,75.279,0.19,250.5,0.18,70.5,0.23,25.41,0.24,22.0,0.77,25.41,0.76,22.0,0.81,250.5,0.82,70.5,0.04,0.04,2326.32353,1776242774000
1776242775.975,75.975,0.21,48.4,0.2,230.5,0.22,15.45,0.23,30.41,0.78,15.45,0.77,30.41,0.79,48.4,0.8,230.5,0.01,0.01,2326.335985,1776242775000
1776242777.141,77.141,0.21,48.4,0.2,230.5,0.22,15.45,0.23,30.41,0.78,15.45,0.77,30.41,0.79,48.4,0.8,230.5,0.01,0.01,2326.37046,1776242776000
1776242778.177,78.177,0.21,8.27,0.13,38.46,0.22,557.94,0.23,43.41,0.78,15.45,0.77,30.41,0.79,48.4,0.8,230.5,0.01,0.01,2326.37046,1776242776000
1776242778.595,78.595,0.12,328.91,0.11,156.5,0.14,15.0,0.15,25.5,0.86,10.0,0.85,15.88,0.88,28.47,0.89,100.0,0.02,0.02,2326.35582,1776242777000
1776242778.946,78.946,0.12,333.91,0.11,253.29,0.15,6.67,0.16,165.5,0.86,15.0,0.85,25.5,0.88,328.91,0.89,156.5,0.03,0.02,2326.35582,1776242777000
1776242779.456,79.456,0.14,10.5,0.13,37.5,0.15,8.08,0.16,165.5,0.85,8.08,0.84,165.5,0.86,10.5,0.87,37.5,0.01,0.01,2326.284765,1776242778000
1776242779.775,79.775,0.14,345.71,0.13,158.26,0.15,6.67,0.16,165.5,0.85,8.08,0.84,165.5,0.86,10.5,0.87,37.5,0.01,0.01,2326.284765,1776242778000
1776242780.111,80.111,0.15,26.53,0.14,345.71,0.16,165.5,0.17,113.5,0.84,165.5,0.83,113.5,0.85,26.53,0.86,345.71,0.01,0.01,2326.114244,1776242779000
1776242781.144,81.144,0.15,131.73,0.14,335.71,0.16,128.0,0.17,113.5,0.84,165.5,0.83,113.5,0.85,26.53,0.86,345.71,0.01,0.01,2326.114244,1776242779000
1776242781.36,81.36,0.15,131.73,0.14,335.71,0.16,128.0,0.17,113.5,0.84,128.0,0.83,113.5,0.85,131.73,0.86,335.71,0.01,0.01,2325.810745,1776242780000
1776242782.235,82.235,0.15,119.26,0.14,125.0,0.16,135.0,0.17,298.5,0.84,128.0,0.83,113.5,0.85,131.73,0.86,335.71,0.01,0.01,2325.810745,1776242780000
1776242782.438,82.438,0.15,1.88,0.14,125.0,0.16,140.0,0.17,298.5,0.84,140.0,0.83,298.5,0.85,1.88,0.86,125.0,0.01,0.01,2325.78965,1776242781000
1776242782.684,82.684,0.11,6.55,0.1,50.0,0.12,31.5,0.13,25.5,0.84,140.0,0.83,298.5,0.85,1.88,0.86,125.0,0.01,0.01,2325.78965,1776242781000
1776242783.085,83.085,0.11,6.55,0.1,50.0,0.12,31.5,0.13,25.5,0.88,31.5,0.87,25.5,0.89,6.55,0.9,50.0,0.01,0.01,2325.892472,1776242782000
1776242783.491,83.491,0.11,21.77,0.1,38.52,0.12,25.5,0.13,25.5,0.88,30.5,0.87,25.5,0.9,28.42,0.91,198.0,0.01,0.02,2325.892472,1776242782000
1776242783.709,83.709,0.11,20.64,0.1,21.52,0.12,25.5,0.13,25.5,0.88,25.5,0.87,25.5,0.89,21.77,0.9,38.52,0.01,0.01,2325.892472,1776242782000
1776242784.013,84.013,0.09,9.66,0.08,83.9,0.11,41.5,0.12,294.5,0.88,25.5,0.87,25.5,0.89,20.64,0.9,21.52,0.02,0.01,2325.892472,1776242782000
1776242785.249,85.249,0.08,220.0,0.07,166.3,0.1,24.52,0.11,35.5,0.9,15.5,0.89,41.5,0.91,4.07,0.92,83.9,0.02,0.01,2325.659865,1776242783000
1776242785.485,85.485,0.09,5.71,0.08,232.62,0.1,40.52,0.11,35.5,0.9,24.52,0.89,35.5,0.92,220.0,0.93,166.3,0.01,0.02,2325.659865,1776242783000
1776242785.856,85.856,0.09,0.71,0.08,232.62,0.1,45.52,0.11,35.5,0.9,45.52,0.89,35.5,0.91,0.71,0.92,232.62,0.01,0.01,2325.683496,1776242784000
1776242786.164,86.164,0.08,58.92,0.07,301.3,0.09,20.5,0.1,35.52,0.9,45.52,0.89,35.5,0.91,0.71,0.92,232.62,0.01,0.01,2325.683496,1776242784000
1776242786.473,86.473,0.08,37.81,0.07,331.3,0.09,35.5,0.1,35.52,0.91,20.5,0.9,35.52,0.92,58.92,0.93,301.3,0.01,0.01,2325.683496,1776242784000
1776242787.231,87.231,0.08,37.81,0.07,331.3,0.09,35.5,0.1,35.52,0.91,35.5,0.9,35.52,0.92,37.81,0.93,331.3,0.01,0.01,2325.33224,1776242786000
1776242787.738,87.738,0.07,255.73,0.06,192.8,0.08,31.0,0.09,30.5,0.91,35.5,0.9,35.52,0.92,37.81,0.93,331.3,0.01,0.01,2325.33224,1776242786000
1776242788.104,88.104,0.07,255.73,0.06,192.8,0.1,187.17,0.11,25.5,0.92,31.0,0.91,30.5,0.93,255.73,0.94,192.8,0.03,0.01,2325.33224,1776242786000
1776242788.417,88.417,0.07,255.73,0.06,192.8,0.1,187.17,0.11,25.5,0.9,187.17,0.89,25.5,0.93,255.73,0.94,192.8,0.03,0.03,2325.237975,1776242787000
1776242789.209,89.209,0.07,255.73,0.06,192.8,0.1,187.17,0.11,25.5,0.9,187.17,0.89,25.5,0.93,255.73,0.94,192.8,0.03,0.03,2325.259996,1776242788000
1776242790.303,90.303,0.08,1.75,0.07,7.31,0.09,553.0,0.1,147.0,0.91,8.83,0.9,237.5,0.92,10.0,0.93,75.73,0.01,0.01,2325.259996,1776242788000
1776242790.515,90.515,0.06,38.97,0.05,234.8,0.08,25.0,0.09,363.0,0.91,553.0,0.9,147.0,0.92,1.75,0.93,7.31,0.02,0.01,2325.259996,1776242788000
1776242790.824,90.824,0.06,38.97,0.05,234.8,0.08,25.0,0.09,363.0,0.92,25.0,0.91,363.0,0.94,38.97,0.95,234.8,0.02,0.02,2325.220103,1776242789000
1776242791.576,91.576,0.06,38.97,0.05,234.8,0.08,25.0,0.09,363.0,0.92,25.0,0.91,363.0,0.94,38.97,0.95,234.8,0.02,0.02,2325.09168,1776242790000
1776242792.34,92.34,0.07,4.0,0.06,12.97,0.08,261.0,0.09,363.0,0.92,261.0,0.91,363.0,0.93,4.0,0.94,12.97,0.01,0.01,2325.087465,1776242791000
1776242793.094,93.094,0.07,4.0,0.06,12.97,0.08,331.07,0.09,325.0,0.92,261.0,0.91,363.0,0.93,4.0,0.94,12.97,0.01,0.01,2325.087465,1776242791000
1776242793.453,93.453,0.07,2.91,0.06,12.97,0.08,341.07,0.09,325.0,0.92,331.07,0.91,325.0,0.93,4.0,0.94,12.97,0.01,0.01,2325.087465,1776242791000
1776242793.722,93.722,0.06,12.97,0.05,157.8,0.08,341.07,0.09,325.0,0.92,341.07,0.91,325.0,0.94,12.97,0.95,157.8,0.02,0.02,2324.876487,1776242792000
1776242794.407,94.407,0.06,12.97,0.05,157.8,0.08,341.07,0.09,325.0,0.92,341.07,0.91,325.0,0.94,12.97,0.95,157.8,0.02,0.02,2324.876487,1776242793000
1776242794.873,94.873,0.05,7.38,0.04,62.5,0.07,206.0,0.08,177.07,0.92,341.07,0.91,325.0,0.94,2.38,0.95,174.8,0.02,0.02,2324.876487,1776242793000
1776242795.074,95.074,0.05,2.11,0.04,62.5,0.06,50.0,0.07,187.0,0.94,50.0,0.93,187.0,0.95,2.11,0.96,62.5,0.01,0.01,2324.764751,1776242794000
1776242795.823,95.823,0.05,29.25,0.04,402.3,0.06,25.0,0.07,238.0,0.94,618.23,0.93,226.3,0.95,0.11,0.96,62.5,0.01,0.01,2324.764751,1776242794000
1776242796.454,96.454,0.05,29.25,0.04,402.3,0.06,25.0,0.07,238.0,0.94,25.0,0.93,238.0,0.95,29.25,0.96,402.3,0.01,0.01,2324.748453,1776242795000
1776242797.24,97.24,0.04,222.6,0.03,819.7,0.05,5.0,0.06,71.0,0.94,76.0,0.93,238.0,0.96,197.35,0.97,819.7,0.01,0.02,2324.748453,1776242795000
1776242797.537,97.537,0.05,17.0,0.04,451.6,0.06,25.0,0.07,37.0,0.95,5.0,0.94,71.0,0.96,222.6,0.97,819.7,0.01,0.01,2324.611027,1776242796000
1776242797.975,97.975,0.07,38.0,0.06,210.0,0.08,134.6,0.09,96.0,0.92,623.19,0.91,306.0,0.95,283.8,0.96,271.6,0.01,0.03,2324.611027,1776242796000
1776242798.836,98.836,0.07,38.0,0.06,210.0,0.08,134.6,0.09,96.0,0.92,134.6,0.91,96.0,0.93,38.0,0.94,210.0,0.01,0.01,2324.573465,1776242797000
1776242799.551,99.551,0.07,38.0,0.06,210.0,0.08,134.6,0.09,96.0,0.92,134.6,0.91,96.0,0.93,38.0,0.94,210.0,0.01,0.01,2324.474637,1776242798000
1776242799.819,99.819,0.06,54.0,0.05,482.22,0.07,25.0,0.08,339.6,0.92,134.6,0.91,96.0,0.93,38.0,0.94,210.0,0.01,0.01,2324.474637,1776242798000
1776242800.166,100.166,0.06,54.0,0.05,482.22,0.07,25.0,0.08,339.6,0.93,25.0,0.92,339.6,0.94,54.0,0.95,482.22,0.01,0.01,2324.895675,1776242799000
1776242801.551,101.551,0.06,54.0,0.05,482.22,0.07,25.0,0.08,339.6,0.93,25.0,0.92,339.6,0.94,54.0,0.95,482.22,0.01,0.01,2324.746284,1776242800000
1776242802.472,102.472,0.06,54.0,0.05,482.22,0.07,25.0,0.08,339.6,0.93,25.0,0.92,339.6,0.94,54.0,0.95,482.22,0.01,0.01,2324.747881,1776242801000
1776242802.809,102.809,0.05,9.83,0.04,170.35,0.06,5.0,0.07,15.0,0.93,25.0,0.92,339.6,0.94,54.0,0.95,482.22,0.01,0.01,2324.747881,1776242801000
1776242803.107,103.107,0.04,160.02,0.03,820.7,0.06,5.0,0.07,210.0,0.94,5.0,0.93,210.0,0.96,160.02,0.97,820.7,0.02,0.02,2324.866549,1776242802000
1776242803.948,103.948,0.04,190.27,0.03,855.7,0.05,0.8,0.06,15.0,0.94,5.0,0.93,210.0,0.96,160.02,0.97,820.7,0.01,0.02,2324.866549,1776242802000
1776242804.266,104.266,0.04,190.27,0.03,855.7,0.05,0.8,0.06,15.0,0.95,0.8,0.94,15.0,0.96,190.27,0.97,855.7,0.01,0.01,2324.932609,1776242803000
1776242805.164,105.164,0.04,165.27,0.03,830.7,0.06,14.44,0.07,210.0,0.95,0.8,0.94,15.0,0.96,190.27,0.97,855.7,0.02,0.01,2324.932609,1776242803000
1776242805.936,105.936,0.04,165.27,0.03,830.7,0.06,14.44,0.07,210.0,0.94,14.44,0.93,210.0,0.96,165.27,0.97,830.7,0.02,0.02,2324.51502,1776242805000
1776242806.981,106.981,0.04,163.9,0.03,830.7,0.06,19.44,0.07,516.03,0.94,19.44,0.93,516.03,0.96,163.9,0.97,830.7,0.02,0.02,2324.58415,1776242806000
1776242808.197,108.197,0.04,163.9,0.03,830.7,0.06,19.44,0.07,516.03,0.94,19.44,0.93,516.03,0.96,163.9,0.97,830.7,0.02,0.02,2324.415005,1776242807000
1776242809.244,109.244,0.04,163.9,0.03,830.7,0.06,19.44,0.07,516.03,0.94,19.44,0.93,516.03,0.96,163.9,0.97,830.7,0.02,0.02,2324.58324,1776242808000
1776242810.382,110.382,0.04,163.9,0.03,830.7,0.06,19.44,0.07,516.03,0.94,19.44,0.93,516.03,0.96,163.9,0.97,830.7,0.02,0.02,2324.365698,1776242809000
1776242810.857,110.857,0.04,163.9,0.03,830.7,0.06,19.44,0.07,516.03,0.94,19.44,0.93,516.03,0.96,163.9,0.97,830.7,0.02,0.02,2324.361152,1776242810000
1776242811.357,111.357,0.03,516.36,0.02,895.7,0.04,146.98,0.05,550.4,0.96,264.15,0.95,295.12,0.97,359.0,0.98,890.7,0.01,0.01,2324.361152,1776242810000
1776242812.025,112.025,0.03,516.36,0.02,895.7,0.04,146.98,0.05,550.4,0.96,146.98,0.95,550.4,0.97,516.36,0.98,895.7,0.01,0.01,2324.166275,1776242811000
1776242813.22,113.22,0.03,397.66,0.02,905.7,0.04,140.06,0.05,950.4,0.96,140.06,0.95,950.4,0.97,397.66,0.98,905.7,0.01,0.01,2324.045575,1776242812000
1776242814.342,114.342,0.03,397.66,0.02,905.7,0.04,140.06,0.05,950.4,0.96,140.06,0.95,950.4,0.97,397.66,0.98,905.7,0.01,0.01,2324.128106,1776242813000
1776242815.027,115.027,0.03,461.36,0.02,935.44,0.04,46.06,0.05,280.12,0.96,140.06,0.95,950.4,0.97,397.66,0.98,905.7,0.01,0.01,2324.128106,1776242813000
1776242815.417,115.417,0.03,401.7,0.02,935.44,0.04,77.06,0.05,290.12,0.96,46.06,0.95,280.12,0.97,461.36,0.98,935.44,0.01,0.01,2324.128106,1776242813000
1776242815.953,115.953,0.03,401.7,0.02,935.44,0.04,77.06,0.05,290.12,0.96,77.06,0.95,290.12,0.97,401.7,0.98,935.44,0.01,0.01,2324.25227,1776242815000
1776242816.295,116.295,0.03,253.0,0.02,925.44,0.04,77.06,0.05,312.12,0.96,77.06,0.95,290.12,0.97,401.7,0.98,935.44,0.01,0.01,2324.25227,1776242815000
1776242816.641,116.641,0.03,291.66,0.02,925.44,0.04,60.26,0.05,295.12,0.96,77.06,0.95,312.12,0.97,253.0,0.98,925.44,0.01,0.01,2324.25227,1776242815000
1776242817.414,117.414,0.03,291.66,0.02,925.44,0.04,60.26,0.05,295.12,0.96,60.26,0.95,295.12,0.97,291.66,0.98,925.44,0.01,0.01,2324.241789,1776242816000
1776242818.028,118.028,0.03,291.66,0.02,925.44,0.04,60.26,0.05,295.12,0.96,60.26,0.95,295.12,0.97,291.66,0.98,925.44,0.01,0.01,2324.211995,1776242817000
1776242818.822,118.822,0.03,182.11,0.02,907.44,0.04,78.26,0.05,301.15,0.96,60.26,0.95,295.12,0.97,291.66,0.98,925.44,0.01,0.01,2324.211995,1776242817000
1776242819.233,119.233,0.03,104.78,0.02,907.44,0.04,73.26,0.05,301.15,0.96,73.26,0.95,301.15,0.97,104.78,0.98,907.44,0.01,0.01,2324.171685,1776242818000
1776242820.451,120.451,0.03,104.78,0.02,907.44,0.04,73.26,0.05,301.15,0.96,73.26,0.95,301.15,0.97,104.78,0.98,907.44,0.01,0.01,2324.084607,1776242819000
1776242821.073,121.073,0.03,104.78,0.02,907.44,0.04,73.26,0.05,301.15,0.96,73.26,0.95,301.15,0.97,104.78,0.98,907.44,0.01,0.01,2324.082822,1776242820000
1776242821.923,121.923,0.03,251.0,0.02,1009.44,0.04,37.26,0.05,89.15,0.96,73.26,0.95,301.15,0.97,104.78,0.98,907.44,0.01,0.01,2324.082822,1776242820000
1776242822.307,122.307,0.03,251.0,0.02,1009.44,0.04,37.26,0.05,89.15,0.96,37.26,0.95,89.15,0.97,251.0,0.98,1009.44,0.01,0.01,2324.082043,1776242821000
1776242822.668,122.668,0.03,430.84,0.02,829.44,0.04,42.26,0.05,89.15,0.96,37.26,0.95,89.15,0.97,251.0,0.98,1009.44,0.01,0.01,2324.082043,1776242821000
1776242823.047,123.047,0.03,430.84,0.02,829.44,0.04,42.26,0.05,89.15,0.96,42.26,0.95,89.15,0.97,430.84,0.98,829.44,0.01,0.01,2324.158232,1776242822000
1776242824.293,124.293,0.03,430.84,0.02,829.44,0.04,42.26,0.05,89.15,0.96,42.26,0.95,89.15,0.97,430.84,0.98,829.44,0.01,0.01,2324.413915,1776242823000
1776242825.501,125.501,0.03,430.84,0.02,829.44,0.04,42.26,0.05,89.15,0.96,42.26,0.95,89.15,0.97,430.84,0.98,829.44,0.01,0.01,2324.27865,1776242824000
1776242826.006,126.006,0.03,430.84,0.02,829.44,0.04,42.26,0.05,89.15,0.96,42.26,0.95,89.15,0.97,430.84,0.98,829.44,0.01,0.01,2324.341905,1776242825000
1776242827.192,127.192,0.03,430.84,0.02,829.44,0.04,42.26,0.05,89.15,0.96,42.26,0.95,89.15,0.97,430.84,0.98,829.44,0.01,0.01,2324.41069,1776242826000
1776242828.467,128.467,0.03,430.84,0.02,829.44,0.04,42.26,0.05,89.15,0.96,42.26,0.95,89.15,0.97,430.84,0.98,829.44,0.01,0.01,2324.427795,1776242827000
1776242829.085,129.085,0.03,430.84,0.02,829.44,0.04,42.26,0.05,89.15,0.96,42.26,0.95,89.15,0.97,430.84,0.98,829.44,0.01,0.01,2324.522906,1776242828000
1776242830.518,130.518,0.03,430.84,0.02,829.44,0.04,42.26,0.05,89.15,0.96,42.26,0.95,89.15,0.97,430.84,0.98,829.44,0.01,0.01,2324.420665,1776242829000
1776242831.163,131.163,0.03,430.84,0.02,829.44,0.04,42.26,0.05,89.15,0.96,42.26,0.95,89.15,0.97,430.84,0.98,829.44,0.01,0.01,2324.415975,1776242830000
1776242832.372,132.372,0.03,430.84,0.02,829.44,0.04,42.26,0.05,89.15,0.96,42.26,0.95,89.15,0.97,430.84,0.98,829.44,0.01,0.01,2324.46747,1776242831000
1776242834.263,134.263,0.03,488.84,0.02,829.44,0.06,522.3,0.07,280.8,0.96,42.26,0.95,89.15,0.97,430.84,0.98,829.44,0.03,0.01,2324.46747,1776242831000
1776242834.673,134.673,0.05,3.97,0.04,56.0,0.06,527.3,0.07,440.74,0.94,522.3,0.93,280.8,0.97,488.84,0.98,829.44,0.01,0.03,2324.46747,1776242831000
1776242834.901,134.901,0.05,3.97,0.04,56.0,0.06,527.3,0.07,440.74,0.94,527.3,0.93,440.74,0.95,3.97,0.96,56.0,0.01,0.01,2324.329836,1776242833000
1776242835.304,135.304,0.05,3.97,0.04,34.0,0.06,514.3,0.07,440.74,0.94,527.3,0.93,440.74,0.95,3.97,0.96,56.0,0.01,0.01,2324.329836,1776242833000
1776242835.561,135.561,0.05,3.97,0.04,34.0,0.06,518.25,0.07,440.74,0.94,518.25,0.93,440.74,0.95,3.97,0.96,34.0,0.01,0.01,2324.538371,1776242834000
1776242836.367,136.367,0.03,408.74,0.02,524.44,0.06,913.25,0.07,440.74,0.94,518.25,0.93,440.74,0.95,3.97,0.96,34.0,0.03,0.01,2324.538371,1776242834000
1776242836.897,136.897,0.03,408.74,0.02,524.44,0.06,913.25,0.07,440.74,0.94,913.25,0.93,440.74,0.97,408.74,0.98,524.44,0.03,0.03,2324.3325,1776242836000
1776242837.503,137.503,0.03,408.74,0.02,821.44,0.05,174.52,0.06,917.25,0.94,913.25,0.93,440.74,0.97,408.74,0.98,524.44,0.02,0.03,2324.3325,1776242836000
1776242838.435,138.435,0.03,408.74,0.02,821.44,0.05,174.52,0.06,917.25,0.95,174.52,0.94,917.25,0.97,408.74,0.98,821.44,0.02,0.02,2324.497188,1776242837000
1776242838.978,138.978,0.03,408.74,0.02,821.44,0.05,174.52,0.06,917.25,0.95,174.52,0.94,917.25,0.97,408.74,0.98,821.44,0.02,0.02,2324.330665,1776242838000
1776242839.383,139.383,0.03,403.74,0.02,821.44,0.04,230.61,0.05,195.8,0.95,174.52,0.94,917.25,0.97,408.74,0.98,821.44,0.01,0.02,2324.330665,1776242838000
1776242840.313,140.313,0.03,403.74,0.02,821.44,0.04,230.61,0.05,195.8,0.96,230.61,0.95,195.8,0.97,403.74,0.98,821.44,0.01,0.01,2324.486878,1776242839000
1776242840.639,140.639,0.03,133.54,0.02,823.71,0.04,312.61,0.05,200.8,0.96,302.61,0.95,195.8,0.97,128.7,0.98,823.71,0.01,0.01,2324.486878,1776242839000
1776242840.947,140.947,0.03,133.54,0.02,823.71,0.04,312.61,0.05,200.8,0.96,312.61,0.95,200.8,0.97,133.54,0.98,823.71,0.01,0.01,2324.345105,1776242840000
1776242841.434,141.434,0.03,91.0,0.02,813.71,0.04,322.61,0.05,380.8,0.96,312.61,0.95,200.8,0.97,133.54,0.98,823.71,0.01,0.01,2324.345105,1776242840000
1776242841.972,141.972,0.03,112.3,0.02,813.71,0.04,332.61,0.05,380.8,0.96,322.61,0.95,380.8,0.97,81.0,0.98,813.71,0.01,0.01,2324.345105,1776242840000
1776242843.001,143.001,0.02,792.3,0.01,9204.87,0.04,327.61,0.05,380.8,0.96,332.61,0.95,380.8,0.97,112.3,0.98,813.71,0.02,0.01,2324.35111,1776242841000
1776242843.291,143.291,0.02,791.27,0.01,9204.87,0.03,256.0,0.04,256.31,0.96,327.61,0.95,380.8,0.98,792.3,0.99,9204.87,0.01,0.02,2324.35111,1776242841000
1776242843.98,143.98,0.02,790.24,0.01,9204.87,0.03,261.0,0.04,256.31,0.97,261.0,0.96,256.31,0.98,790.24,0.99,9204.87,0.01,0.01,2324.415345,1776242843000
1776242844.266,144.266,0.02,713.74,0.01,9204.87,0.03,266.0,0.04,350.01,0.97,261.0,0.96,256.31,0.98,790.24,0.99,9204.87,0.01,0.01,2324.415345,1776242843000
1776242844.857,144.857,0.02,1044.44,0.01,9194.87,0.03,101.0,0.04,226.31,0.97,266.0,0.96,350.01,0.98,713.74,0.99,9204.87,0.01,0.01,2324.415345,1776242843000
1776242845.237,145.237,0.02,1044.44,0.01,9194.87,0.03,101.0,0.04,226.31,0.97,101.0,0.96,226.31,0.98,1044.44,0.99,9194.87,0.01,0.01,2324.357958,1776242844000
1776242846.13,146.13,0.02,1217.73,0.01,8874.87,0.04,77.31,0.05,105.0,0.96,77.31,0.95,105.0,0.98,1217.73,0.99,8874.87,0.02,0.02,2324.257105,1776242845000
1776242847.325,147.325,0.03,470.37,0.02,747.73,0.04,93.31,0.05,105.0,0.96,93.31,0.95,105.0,0.97,470.37,0.98,747.73,0.01,0.01,2324.494015,1776242846000
1776242848.444,148.444,0.03,470.37,0.02,747.73,0.04,93.31,0.05,105.0,0.96,93.31,0.95,105.0,0.97,470.37,0.98,747.73,0.01,0.01,2324.67083,1776242847000
1776242848.989,148.989,0.03,470.37,0.02,747.73,0.04,93.31,0.05,105.0,0.96,93.31,0.95,105.0,0.97,470.37,0.98,747.73,0.01,0.01,2324.67577,1776242848000
1776242850.226,150.226,0.03,470.37,0.02,747.73,0.04,93.31,0.05,105.0,0.96,93.31,0.95,105.0,0.97,470.37,0.98,747.73,0.01,0.01,2324.691445,1776242849000
1776242850.974,150.974,0.03,390.26,0.02,881.45,0.04,103.51,0.05,110.0,0.96,93.31,0.95,105.0,0.97,470.37,0.98,747.73,0.01,0.01,2324.691445,1776242849000
1776242851.231,151.231,0.03,390.26,0.02,881.45,0.04,103.51,0.05,110.0,0.96,103.51,0.95,110.0,0.97,390.26,0.98,881.45,0.01,0.01,2324.68424,1776242850000
1776242851.521,151.521,0.03,389.22,0.02,881.45,0.04,203.51,0.05,110.0,0.96,103.51,0.95,110.0,0.97,390.26,0.98,881.45,0.01,0.01,2324.68424,1776242850000
1776242852.008,152.008,0.03,389.11,0.02,881.45,0.04,208.51,0.05,110.0,0.96,203.51,0.95,110.0,0.97,389.22,0.98,881.45,0.01,0.01,2324.68424,1776242850000
1776242852.237,152.237,0.03,377.11,0.02,881.45,0.04,203.51,0.05,110.0,0.96,203.51,0.95,110.0,0.97,377.11,0.98,881.45,0.01,0.01,2324.71409,1776242851000
1776242852.653,152.653,0.03,365.11,0.02,881.45,0.04,208.51,0.05,110.0,0.96,208.51,0.95,110.0,0.97,370.11,0.98,881.45,0.01,0.01,2324.71409,1776242851000
1776242852.861,152.861,0.03,365.11,0.02,881.45,0.04,150.76,0.05,110.0,0.96,208.51,0.95,110.0,0.97,365.11,0.98,881.45,0.01,0.01,2324.71409,1776242851000
1776242853.262,153.262,0.03,365.11,0.02,881.45,0.04,150.76,0.05,110.0,0.96,150.76,0.95,110.0,0.97,365.11,0.98,881.45,0.01,0.01,2324.7096,1776242852000
1776242854.223,154.223,0.03,352.11,0.02,881.45,0.04,145.76,0.05,110.0,0.96,145.76,0.95,110.0,0.97,352.11,0.98,881.45,0.01,0.01,2324.70648,1776242853000
1776242855.217,155.217,0.03,218.0,0.02,1051.45,0.04,228.07,0.05,110.0,0.96,228.07,0.95,110.0,0.97,218.0,0.98,1051.45,0.01,0.01,2324.69108,1776242854000
1776242856.158,156.158,0.03,218.0,0.02,1051.45,0.04,228.07,0.05,110.0,0.96,228.07,0.95,110.0,0.97,218.0,0.98,1051.45,0.01,0.01,2324.67671,1776242855000
1776242857.159,157.159,0.03,218.0,0.02,1051.45,0.04,228.07,0.05,110.0,0.96,228.07,0.95,110.0,0.97,218.0,0.98,1051.45,0.01,0.01,2324.69855,1776242856000
1776242858.248,158.248,0.03,218.0,0.02,1051.45,0.04,228.07,0.05,110.0,0.96,228.07,0.95,110.0,0.97,218.0,0.98,1051.45,0.01,0.01,2324.72004,1776242857000
1776242859.07,159.07,0.03,544.75,0.02,727.73,0.04,218.07,0.05,105.0,0.96,228.07,0.95,110.0,0.97,218.0,0.98,1051.45,0.01,0.01,2324.72004,1776242857000
1776242859.272,159.272,0.03,544.75,0.02,727.73,0.04,218.07,0.05,105.0,0.96,218.07,0.95,105.0,0.97,544.75,0.98,727.73,0.01,0.01,2324.867902,1776242858000
1776242859.644,159.644,0.03,529.76,0.02,727.73,0.04,218.07,0.05,130.0,0.96,218.07,0.95,105.0,0.97,544.75,0.98,727.73,0.01,0.01,2324.867902,1776242858000
1776242859.973,159.973,0.03,923.7,0.02,856.73,0.04,139.57,0.05,100.0,0.96,218.07,0.95,130.0,0.97,529.76,0.98,727.73,0.01,0.01,2324.867902,1776242858000
1776242860.364,160.364,0.04,70.0,0.03,1023.7,0.06,46.21,0.07,125.0,0.94,46.21,0.93,125.0,0.96,70.0,0.97,1023.7,0.02,0.02,2324.887821,1776242859000
1776242860.737,160.737,0.05,497.0,0.04,584.97,0.06,0.21,0.08,100.0,0.94,46.21,0.93,125.0,0.96,70.0,0.97,1023.7,0.01,0.02,2324.887821,1776242859000
1776242860.977,160.977,0.05,583.09,0.04,584.97,0.08,120.0,0.11,88.0,0.92,100.0,0.89,88.0,0.95,513.87,0.96,584.97,0.03,0.03,2324.887821,1776242859000
1776242861.334,161.334,0.06,341.0,0.05,250.8,0.08,103.16,0.09,5.0,0.92,103.16,0.91,5.0,0.94,341.0,0.95,250.8,0.02,0.02,2324.873275,1776242860000
1776242861.625,161.625,0.07,337.6,0.06,426.8,0.08,0.16,0.12,5.0,0.92,103.16,0.91,5.0,0.94,341.0,0.95,250.8,0.01,0.02,2324.873275,1776242860000
1776242862.269,162.269,0.07,337.6,0.06,426.8,0.08,0.16,0.12,5.0,0.92,0.16,0.88,5.0,0.93,337.6,0.94,426.8,0.01,0.01,2325.377525,1776242861000
1776242862.584,162.584,0.07,543.3,0.06,323.8,0.12,139.12,0.13,16.0,0.92,0.16,0.88,5.0,0.93,337.6,0.94,426.8,0.05,0.01,2325.377525,1776242861000
1776242863.28,163.28,0.07,543.3,0.06,323.8,0.12,139.12,0.13,16.0,0.88,139.12,0.87,16.0,0.93,543.3,0.94,323.8,0.05,0.05,2325.65242,1776242862000
1776242864.481,164.481,0.09,36.9,0.08,118.9,0.12,99.02,0.13,21.0,0.88,99.02,0.87,21.0,0.91,36.9,0.92,118.9,0.03,0.03,2325.73103,1776242863000
1776242864.979,164.979,0.09,36.9,0.08,118.9,0.12,99.02,0.13,21.0,0.88,99.02,0.87,21.0,0.91,36.9,0.92,118.9,0.03,0.03,2325.752227,1776242864000
1776242865.196,165.196,0.09,229.9,0.08,118.9,0.11,2.02,0.12,151.82,0.88,99.02,0.87,21.0,0.91,36.9,0.92,118.9,0.02,0.03,2325.752227,1776242864000
1776242865.847,165.847,0.09,196.93,0.08,118.9,0.11,2.02,0.12,157.48,0.89,2.02,0.88,151.82,0.91,203.87,0.92,118.9,0.02,0.02,2325.752227,1776242864000
1776242866.751,166.751,0.1,2.55,0.09,184.93,0.11,167.75,0.12,202.66,0.89,2.02,0.88,157.48,0.91,196.93,0.92,118.9,0.01,0.02,2325.795185,1776242865000
1776242867.194,167.194,0.1,2.55,0.09,184.93,0.11,167.75,0.12,202.66,0.89,167.75,0.88,202.66,0.9,2.55,0.91,184.93,0.01,0.01,2325.817585,1776242866000
1776242868.185,168.185,0.1,2.55,0.09,184.93,0.11,167.75,0.12,202.66,0.89,167.75,0.88,202.66,0.9,2.55,0.91,184.93,0.01,0.01,2325.818015,1776242867000
1776242869.236,169.236,0.1,2.55,0.09,184.93,0.11,167.75,0.12,202.66,0.89,167.75,0.88,202.66,0.9,2.55,0.91,184.93,0.01,0.01,2325.936998,1776242868000
1776242869.74,169.74,0.08,60.66,0.07,229.0,0.09,173.52,0.1,94.47,0.89,167.75,0.88,202.66,0.9,2.55,0.91,184.93,0.01,0.01,2325.936998,1776242868000
1776242870.33,170.33,0.08,60.66,0.07,229.0,0.09,173.52,0.1,94.47,0.91,173.52,0.9,94.47,0.92,60.66,0.93,229.0,0.01,0.01,2325.736079,1776242869000
1776242871.305,171.305,0.08,53.37,0.07,229.0,0.09,302.52,0.1,105.47,0.91,302.52,0.9,105.47,0.92,53.37,0.93,229.0,0.01,0.01,2325.726085,1776242870000
1776242872.03,172.03,0.08,55.23,0.07,340.3,0.09,215.52,0.1,77.47,0.91,210.52,0.9,67.47,0.92,269.37,0.93,223.3,0.01,0.01,2325.726085,1776242870000
1776242872.357,172.357,0.08,55.23,0.07,340.3,0.09,215.52,0.1,77.47,0.91,215.52,0.9,77.47,0.92,55.23,0.93,340.3,0.01,0.01,2325.71789,1776242871000
1776242872.774,172.774,0.06,129.65,0.05,211.8,0.09,225.52,0.1,52.47,0.91,215.52,0.9,77.47,0.92,55.23,0.93,340.3,0.03,0.01,2325.71789,1776242871000
1776242873.445,173.445,0.06,129.65,0.05,211.8,0.09,225.52,0.1,52.47,0.91,225.52,0.9,52.47,0.94,129.65,0.95,211.8,0.03,0.03,2325.73125,1776242872000
1776242873.977,173.977,0.06,129.65,0.05,211.8,0.09,225.52,0.1,52.47,0.91,225.52,0.9,52.47,0.94,129.65,0.95,211.8,0.03,0.03,2325.73125,1776242873000
1776242874.458,174.458,0.07,38.33,0.06,309.65,0.08,68.0,0.09,136.52,0.91,225.52,0.9,52.47,0.94,129.65,0.95,211.8,0.01,0.03,2325.73125,1776242873000
1776242875.018,175.018,0.06,266.89,0.05,338.53,0.08,63.0,0.09,136.52,0.92,68.0,0.91,136.52,0.93,38.33,0.94,309.65,0.02,0.01,2325.73125,1776242873000
1776242876.013,176.013,0.06,266.89,0.05,338.53,0.08,63.0,0.09,136.52,0.92,63.0,0.91,136.52,0.94,266.89,0.95,338.53,0.02,0.02,2325.750567,1776242875000
1776242876.382,176.382,0.06,276.89,0.05,136.0,0.08,38.0,0.09,136.52,0.92,63.0,0.91,136.52,0.94,266.89,0.95,338.53,0.02,0.02,2325.750567,1776242875000
1776242877.152,177.152,0.06,276.89,0.05,136.0,0.08,38.0,0.09,136.52,0.92,38.0,0.91,136.52,0.94,276.89,0.95,136.0,0.02,0.02,2325.743966,1776242876000
1776242878.25,178.25,0.06,276.89,0.05,136.0,0.08,38.0,0.09,136.52,0.92,38.0,0.91,136.52,0.94,276.89,0.95,136.0,0.02,0.02,2325.744078,1776242877000
1776242879.507,179.507,0.06,276.89,0.05,136.0,0.08,38.0,0.09,136.52,0.92,38.0,0.91,136.52,0.94,276.89,0.95,136.0,0.02,0.02,2325.738219,1776242878000
1776242880.241,180.241,0.06,276.89,0.05,136.0,0.08,38.0,0.09,136.52,0.92,38.0,0.91,136.52,0.94,276.89,0.95,136.0,0.02,0.02,2325.737509,1776242879000
1776242881.272,181.272,0.06,21.3,0.05,5.0,0.08,48.0,0.09,316.52,0.92,38.0,0.91,136.52,0.94,276.89,0.95,136.0,0.02,0.02,2325.737509,1776242879000
1776242881.488,181.488,0.06,21.3,0.05,5.0,0.08,48.0,0.09,316.52,0.92,48.0,0.91,316.52,0.94,21.3,0.95,5.0,0.02,0.02,2325.828877,1776242880000
1776242882.274,182.274,0.06,21.3,0.05,5.0,0.08,48.0,0.09,316.52,0.92,48.0,0.91,316.52,0.94,21.3,0.95,5.0,0.02,0.02,2325.726245,1776242881000
1776242883.026,183.026,0.06,18.27,0.05,5.0,0.08,203.0,0.09,111.52,0.92,48.0,0.91,316.52,0.94,21.3,0.95,5.0,0.02,0.02,2325.726245,1776242881000
1776242883.489,183.489,0.06,18.27,0.05,5.0,0.08,203.0,0.09,111.52,0.92,203.0,0.91,111.52,0.94,18.27,0.95,5.0,0.02,0.02,2325.821635,1776242882000
1776242884.062,184.062,0.06,11.27,0.05,5.0,0.08,203.0,0.09,132.52,0.92,203.0,0.91,132.52,0.94,11.27,0.95,5.0,0.02,0.02,2325.659954,1776242883000
1776242885.194,185.194,0.06,5.93,0.05,5.0,0.08,178.0,0.09,132.52,0.92,203.0,0.91,132.52,0.94,5.93,0.95,5.0,0.02,0.02,2325.659954,1776242883000
1776242885.547,185.547,0.06,5.93,0.05,5.0,0.08,178.0,0.09,132.52,0.92,178.0,0.91,132.52,0.94,5.93,0.95,5.0,0.02,0.02,2325.677063,1776242884000
1776242886.098,186.098,0.06,5.93,0.05,5.0,0.08,178.0,0.09,132.52,0.92,178.0,0.91,132.52,0.94,5.93,0.95,5.0,0.02,0.02,2325.803988,1776242885000
1776242887.452,187.452,0.05,5.0,0.04,127.0,0.08,178.0,0.09,132.52,0.92,178.0,0.91,132.52,0.94,5.93,0.95,5.0,0.03,0.02,2325.803988,1776242885000
1776242887.688,187.688,0.05,5.0,0.04,127.0,0.08,178.0,0.09,132.52,0.92,178.0,0.91,132.52,0.95,5.0,0.96,127.0,0.03,0.03,2325.793125,1776242886000
1776242888.333,188.333,0.05,5.0,0.04,127.0,0.08,178.0,0.09,132.52,0.92,178.0,0.91,132.52,0.95,5.0,0.96,127.0,0.03,0.03,2325.615738,1776242887000
1776242889.154,189.154,0.05,5.0,0.04,127.0,0.08,178.0,0.09,132.52,0.92,178.0,0.91,132.52,0.95,5.0,0.96,127.0,0.03,0.03,2325.690156,1776242888000
1776242890.371,190.371,0.05,5.0,0.04,127.0,0.08,178.0,0.09,132.52,0.92,178.0,0.91,132.52,0.95,5.0,0.96,127.0,0.03,0.03,2325.612639,1776242889000
1776242891.037,191.037,0.05,5.0,0.04,127.0,0.08,178.0,0.09,132.52,0.92,178.0,0.91,132.52,0.95,5.0,0.96,127.0,0.03,0.03,2325.612717,1776242890000
1776242892.317,192.317,0.05,5.0,0.04,127.0,0.08,178.0,0.09,132.52,0.92,178.0,0.91,132.52,0.95,5.0,0.96,127.0,0.03,0.03,2325.614686,1776242891000
1776242892.654,192.654,0.05,5.0,0.04,70.0,0.08,152.44,0.09,155.52,0.92,178.0,0.91,132.52,0.95,5.0,0.96,127.0,0.03,0.03,2325.614686,1776242891000
1776242893.692,193.692,0.05,5.0,0.04,70.0,0.08,96.88,0.09,155.52,0.92,96.88,0.91,155.52,0.95,5.0,0.96,70.0,0.03,0.03,2325.578966,1776242892000
1776242894.079,194.079,0.05,5.0,0.04,70.0,0.08,96.88,0.09,155.52,0.92,96.88,0.91,155.52,0.95,5.0,0.96,70.0,0.03,0.03,2325.577956,1776242893000
1776242894.295,194.295,0.05,7.89,0.04,70.0,0.08,209.88,0.09,155.52,0.92,96.88,0.91,155.52,0.95,5.0,0.96,70.0,0.03,0.03,2325.577956,1776242893000
1776242895.203,195.203,0.05,7.89,0.04,70.0,0.08,209.88,0.09,155.52,0.92,209.88,0.91,155.52,0.95,7.89,0.96,70.0,0.03,0.03,2325.579054,1776242894000
1776242895.689,195.689,0.06,22.0,0.05,190.0,0.09,96.42,0.1,227.47,0.92,209.88,0.91,155.52,0.95,7.89,0.96,70.0,0.03,0.03,2325.579054,1776242894000
1776242896.93,196.93,0.06,22.0,0.05,190.0,0.09,96.42,0.1,227.47,0.91,96.42,0.9,227.47,0.94,22.0,0.95,190.0,0.03,0.03,2325.642891,1776242895000
1776242897.603,197.603,0.06,22.0,0.05,190.0,0.09,96.42,0.1,227.47,0.91,96.42,0.9,227.47,0.94,22.0,0.95,190.0,0.03,0.03,2325.59423,1776242896000
1776242898.283,198.283,0.05,7.0,0.04,70.0,0.08,264.64,0.09,122.42,0.92,264.64,0.91,122.42,0.95,7.0,0.96,70.0,0.03,0.03,2325.78268,1776242897000
1776242899.615,199.615,0.06,27.0,0.05,7.0,0.07,33.42,0.08,63.84,0.92,264.64,0.91,122.42,0.95,7.0,0.96,70.0,0.01,0.03,2325.78268,1776242897000
1776242899.91,199.91,0.04,216.21,0.03,495.0,0.08,63.84,0.09,111.52,0.93,33.42,0.92,63.84,0.94,27.0,0.95,7.0,0.04,0.01,2325.889406,1776242898000
1776242900.361,200.361,0.04,216.21,0.03,495.0,0.08,63.84,0.09,111.52,0.92,63.84,0.91,111.52,0.96,216.21,0.97,495.0,0.04,0.04,2325.75498,1776242899000
1776242901.082,201.082,0.04,216.21,0.03,495.0,0.08,63.84,0.09,111.52,0.92,63.84,0.91,111.52,0.96,216.21,0.97,495.0,0.04,0.04,2325.755706,1776242900000
1776242902.661,202.661,0.04,216.21,0.03,495.0,0.08,63.84,0.09,111.52,0.92,63.84,0.91,111.52,0.96,216.21,0.97,495.0,0.04,0.04,2325.84617,1776242901000
1776242903.334,203.334,0.07,34.37,0.06,242.0,0.08,130.91,0.09,101.52,0.92,63.84,0.91,111.52,0.96,216.21,0.97,495.0,0.01,0.04,2325.84617,1776242901000
1776242903.59,203.59,0.06,68.68,0.05,205.0,0.07,58.0,0.08,160.91,0.92,130.91,0.91,101.52,0.93,34.37,0.94,242.0,0.01,0.01,2325.85975,1776242902000
1776242904.308,204.308,0.06,68.68,0.05,205.0,0.07,58.0,0.08,160.91,0.93,58.0,0.92,160.91,0.94,68.68,0.95,205.0,0.01,0.01,2325.920164,1776242903000
1776242905.227,205.227,0.03,182.59,0.02,281.03,0.07,121.0,0.08,175.91,0.93,58.0,0.92,160.91,0.94,68.68,0.95,205.0,0.04,0.01,2325.920164,1776242903000
1776242905.629,205.629,0.03,92.85,0.02,623.03,0.04,41.32,0.05,28.0,0.93,222.0,0.92,176.41,0.97,345.07,0.98,281.03,0.01,0.04,2325.920164,1776242903000
1776242905.853,205.853,0.03,92.85,0.02,623.03,0.04,41.32,0.05,28.0,0.96,41.32,0.95,28.0,0.97,92.85,0.98,623.03,0.01,0.01,2325.887225,1776242904000
1776242906.476,206.476,0.03,92.85,0.02,623.03,0.04,41.32,0.05,28.0,0.96,41.32,0.95,28.0,0.97,92.85,0.98,623.03,0.01,0.01,2325.824085,1776242905000
1776242907.205,207.205,0.02,287.0,0.01,7997.6,0.03,5.0,0.04,30.0,0.96,41.32,0.95,28.0,0.97,92.85,0.98,623.03,0.01,0.01,2325.824085,1776242905000
1776242907.882,207.882,0.02,286.89,0.01,8298.6,0.03,5.0,0.04,30.0,0.97,5.0,0.96,30.0,0.98,287.0,0.99,7997.6,0.01,0.01,2325.722255,1776242906000
1776242909.602,209.602,0.02,286.89,0.01,8298.6,0.03,5.0,0.04,30.0,0.97,5.0,0.96,30.0,0.98,286.89,0.99,8298.6,0.01,0.01,2325.422427,1776242908000
1776242910.402,210.402,0.02,286.89,0.01,8298.6,0.03,5.0,0.04,30.0,0.97,5.0,0.96,30.0,0.98,286.89,0.99,8298.6,0.01,0.01,2325.25158,1776242909000
1776242911.126,211.126,0.02,286.89,0.01,8298.6,0.03,5.0,0.04,30.0,0.97,5.0,0.96,30.0,0.98,286.89,0.99,8298.6,0.01,0.01,2325.27857,1776242910000
1776242911.507,211.507,0.02,115.86,0.01,8710.6,0.04,302.45,0.05,146.3,0.97,15.0,0.96,128.7,0.98,115.86,0.99,8898.6,0.02,0.01,2325.27857,1776242910000
1776242911.803,211.803,0.02,110.75,0.01,7446.0,0.03,186.7,0.04,320.45,0.96,302.45,0.95,146.3,0.98,115.86,0.99,8710.6,0.01,0.02,2325.27857,1776242910000
1776242912.536,212.536,0.02,100.53,0.01,7747.0,0.03,181.7,0.04,320.45,0.97,176.7,0.96,320.45,0.98,100.53,0.99,7747.0,0.01,0.01,2325.231517,1776242911000
1776242913.267,213.267,0.02,105.53,0.01,7747.0,0.03,95.03,0.04,320.45,0.97,95.03,0.96,320.45,0.98,105.53,0.99,7747.0,0.01,0.01,2325.203827,1776242912000
1776242914.253,214.253,0.02,88.75,0.01,7842.0,0.03,147.03,0.04,165.45,0.97,95.03,0.96,320.45,0.98,105.53,0.99,7747.0,0.01,0.01,2325.203827,1776242912000
1776242914.454,214.454,0.02,88.75,0.01,7842.0,0.03,147.03,0.04,165.45,0.97,147.03,0.96,165.45,0.98,88.75,0.99,7842.0,0.01,0.01,2325.090517,1776242913000
1776242914.954,214.954,0.02,100.75,0.01,8142.0,0.03,140.95,0.04,293.7,0.97,147.03,0.96,165.45,0.98,88.75,0.99,7842.0,0.01,0.01,2325.090517,1776242913000
1776242915.169,215.169,0.02,100.75,0.01,8142.0,0.03,140.95,0.04,293.7,0.97,140.95,0.96,293.7,0.98,100.75,0.99,8142.0,0.01,0.01,2325.090202,1776242914000
1776242916.392,216.392,0.02,100.75,0.01,8142.0,0.03,140.95,0.04,293.7,0.97,140.95,0.96,293.7,0.98,100.75,0.99,8142.0,0.01,0.01,2325.038806,1776242915000
1776242916.722,216.722,0.02,87.72,0.01,8142.0,0.03,98.95,0.04,288.7,0.97,140.95,0.96,293.7,0.98,100.75,0.99,8142.0,0.01,0.01,2325.038806,1776242915000
1776242916.98,216.98,0.02,87.72,0.01,8142.0,0.03,98.95,0.04,288.7,0.97,98.95,0.96,288.7,0.98,87.72,0.99,8142.0,0.01,0.01,2325.038806,1776242916000
1776242918.211,218.211,0.02,87.72,0.01,8142.0,0.03,98.95,0.04,288.7,0.97,98.95,0.96,288.7,0.98,87.72,0.99,8142.0,0.01,0.01,2325.15273,1776242917000
1776242919.499,219.499,0.02,84.51,0.01,7963.0,0.03,108.95,0.04,337.7,0.97,108.95,0.96,337.7,0.98,84.51,0.99,7963.0,0.01,0.01,2325.233218,1776242918000
1776242919.986,219.986,0.02,84.51,0.01,7963.0,0.03,108.95,0.04,337.7,0.97,108.95,0.96,337.7,0.98,84.51,0.99,7963.0,0.01,0.01,2325.233218,1776242919000
1776242921.27,221.27,0.02,84.51,0.01,7963.0,0.03,108.95,0.04,337.7,0.97,108.95,0.96,337.7,0.98,84.51,0.99,7963.0,0.01,0.01,2325.07586,1776242920000
1776242922.124,222.124,0.02,76.48,0.01,8063.0,0.03,204.95,0.04,313.7,0.97,108.95,0.96,337.7,0.98,84.51,0.99,7963.0,0.01,0.01,2325.07586,1776242920000
1776242922.372,222.372,0.02,76.48,0.01,8063.0,0.03,204.95,0.04,313.7,0.97,204.95,0.96,313.7,0.98,76.48,0.99,8063.0,0.01,0.01,2325.06905,1776242921000
1776242922.573,222.573,0.02,76.37,0.01,7863.0,0.03,204.95,0.04,337.7,0.97,204.95,0.96,313.7,0.98,76.48,0.99,8063.0,0.01,0.01,2325.06905,1776242921000
1776242922.989,222.989,0.02,76.37,0.01,7863.0,0.03,204.95,0.04,337.7,0.97,204.95,0.96,337.7,0.98,76.37,0.99,7863.0,0.01,0.01,2325.082461,1776242922000
1776242923.659,223.659,0.02,66.16,0.01,7641.6,0.03,97.0,0.04,35.0,0.97,210.95,0.96,337.7,0.98,61.16,0.99,7789.0,0.01,0.01,2325.082461,1776242922000
1776242924.178,224.178,0.02,66.16,0.01,7641.6,0.03,97.0,0.04,35.0,0.97,97.0,0.96,35.0,0.98,66.16,0.99,7641.6,0.01,0.01,2325.217555,1776242923000
1776242925.403,225.403,0.02,66.16,0.01,7641.6,0.03,97.0,0.04,35.0,0.97,97.0,0.96,35.0,0.98,66.16,0.99,7641.6,0.01,0.01,2325.26269,1776242924000
1776242926.038,226.038,0.01,8359.08,,,0.03,78.0,0.04,40.0,0.97,97.0,0.96,35.0,0.98,66.16,0.99,7641.6,0.02,0.01,2325.26269,1776242924000
1776242926.438,226.438,0.01,8359.08,,,0.03,78.0,0.04,40.0,0.97,78.0,0.96,40.0,0.99,8359.08,,,0.02,0.02,2325.500005,1776242925000
1776242926.979,226.979,0.01,8359.08,,,0.03,78.0,0.04,40.0,0.97,78.0,0.96,40.0,0.99,8359.08,,,0.02,0.02,2325.51984,1776242926000
1776242927.904,227.904,0.01,8505.89,,,0.03,78.0,0.04,40.0,0.97,78.0,0.96,40.0,0.99,8359.08,,,0.02,0.02,2325.51984,1776242926000
1776242928.18,228.18,0.01,8505.89,,,0.03,78.0,0.04,40.0,0.97,78.0,0.96,40.0,0.99,8505.89,,,0.02,0.02,2325.56984,1776242927000
1776242929.279,229.279,0.01,8505.89,,,0.02,20.99,0.03,68.0,0.97,78.0,0.96,40.0,0.99,8505.89,,,0.01,0.02,2325.56984,1776242927000
1776242929.839,229.839,0.01,8499.82,,,0.02,20.99,0.03,68.0,0.98,20.99,0.97,68.0,0.99,8499.82,,,0.01,0.01,2325.48545,1776242928000
1776242930.377,230.377,0.01,8499.82,,,0.02,20.99,0.03,68.0,0.98,20.99,0.97,68.0,0.99,8499.82,,,0.01,0.01,2325.508165,1776242929000
1776242930.946,230.946,0.01,8499.82,,,0.02,20.99,0.03,68.0,0.98,20.99,0.97,68.0,0.99,8499.82,,,0.01,0.01,2325.555145,1776242930000
1776242931.96,231.96,0.01,8499.82,,,0.02,20.99,0.03,68.0,0.98,20.99,0.97,68.0,0.99,8499.82,,,0.01,0.01,2325.56176,1776242931000
1776242932.768,232.768,0.01,8498.65,,,0.02,23.12,0.03,68.0,0.98,20.99,0.97,68.0,0.99,8499.82,,,0.01,0.01,2325.56176,1776242931000
1776242934.113,234.113,0.01,8498.65,,,0.03,65.0,0.04,128.7,0.97,65.0,0.96,128.7,0.99,8498.65,,,0.02,0.02,2325.59842,1776242933000
1776242935.018,235.018,0.01,8498.65,,,0.03,65.0,0.04,128.7,0.97,65.0,0.96,128.7,0.99,8498.65,,,0.02,0.02,2325.6136,1776242934000
1776242935.993,235.993,0.01,8498.65,,,0.03,65.0,0.04,128.7,0.97,65.0,0.96,128.7,0.99,8498.65,,,0.02,0.02,2325.671145,1776242935000
1776242937.003,237.003,0.01,7880.65,,,0.03,50.0,0.04,35.0,0.97,50.0,0.96,35.0,0.99,7880.65,,,0.02,0.02,2325.731621,1776242936000
1776242937.923,237.923,0.01,7880.65,,,0.03,50.0,0.04,35.0,0.97,50.0,0.96,35.0,0.99,7880.65,,,0.02,0.02,2325.714745,1776242937000
1776242938.969,238.969,0.01,7880.65,,,0.03,50.0,0.04,35.0,0.97,50.0,0.96,35.0,0.99,7880.65,,,0.02,0.02,2325.711535,1776242938000
1776242939.289,239.289,0.01,7893.65,,,0.02,34.7,0.03,70.0,0.97,50.0,0.96,35.0,0.99,7880.65,,,0.01,0.02,2325.711535,1776242938000
1776242939.674,239.674,0.01,8493.65,,,0.05,278.68,0.06,494.29,0.98,34.7,0.97,70.0,0.99,7893.65,,,0.04,0.01,2325.711535,1776242938000
1776242939.996,239.996,0.01,8493.65,,,0.05,278.68,0.06,494.29,0.95,278.68,0.94,494.29,0.99,8493.65,,,0.04,0.04,2325.70107,1776242939000
1776242940.204,240.204,0.02,3.97,0.01,8492.58,0.05,303.68,0.06,458.79,0.95,298.68,0.94,474.29,0.99,8482.58,,,0.03,0.04,2325.70107,1776242939000
1776242940.505,240.505,0.01,8333.58,,,0.04,198.82,0.05,446.79,0.96,173.82,0.95,459.89,0.98,3.97,0.99,8333.58,0.03,0.02,2325.70107,1776242939000
1776242940.981,240.981,0.01,8333.58,,,0.04,198.82,0.05,446.79,0.96,198.82,0.95,446.79,0.99,8333.58,,,0.03,0.03,2325.6981,1776242940000
1776242941.981,241.981,0.01,8328.58,,,0.03,6.18,0.04,198.82,0.97,6.18,0.96,198.82,0.99,8328.58,,,0.02,0.02,2325.684216,1776242941000
1776242943.411,243.411,0.01,8328.58,,,0.03,6.18,0.04,198.82,0.97,6.18,0.96,198.82,0.99,8328.58,,,0.02,0.02,2325.740545,1776242942000
1776242944.248,244.248,0.01,8328.58,,,0.03,6.18,0.04,198.82,0.97,6.18,0.96,198.82,0.99,8328.58,,,0.02,0.02,2325.693461,1776242943000
1776242945.304,245.304,0.01,8328.58,,,0.03,6.18,0.04,198.82,0.97,6.18,0.96,198.82,0.99,8328.58,,,0.02,0.02,2325.697194,1776242944000
1776242945.534,245.534,0.01,7366.92,,,0.03,123.7,0.04,323.7,0.97,123.7,0.96,323.7,0.99,7867.92,,,0.02,0.02,2325.697194,1776242944000
1776242946.112,246.112,0.01,7361.87,,,0.03,123.7,0.04,323.7,0.97,123.7,0.96,323.7,0.99,7366.92,,,0.02,0.02,2325.697194,1776242944000
1776242947.277,247.277,0.01,7361.87,,,0.03,123.7,0.04,323.7,0.97,123.7,0.96,323.7,0.99,7361.87,,,0.02,0.02,2325.713725,1776242946000
1776242948.173,248.173,0.01,7361.87,,,0.03,123.7,0.04,323.7,0.97,123.7,0.96,323.7,0.99,7361.87,,,0.02,0.02,2325.723945,1776242947000
1776242949.081,249.081,0.01,7361.87,,,0.03,123.7,0.04,323.7,0.97,123.7,0.96,323.7,0.99,7361.87,,,0.02,0.02,2325.71465,1776242948000
1776242949.32,249.32,0.01,7173.87,,,0.03,174.03,0.04,651.79,0.97,353.12,0.96,652.79,0.99,7173.87,,,0.02,0.02,2325.71465,1776242948000
1776242950.129,250.129,0.01,7173.87,,,0.03,174.03,0.04,651.79,0.97,174.03,0.96,651.79,0.99,7173.87,,,0.02,0.02,2325.713585,1776242949000
1776242951.058,251.058,0.01,2205.66,,,0.03,174.03,0.04,651.79,0.97,174.03,0.96,651.79,0.99,2205.66,,,0.02,0.02,2325.728661,1776242950000
1776242951.307,251.307,0.01,1261.66,,,0.02,25.73,0.03,179.03,0.97,174.03,0.96,651.79,0.99,2205.66,,,0.01,0.02,2325.728661,1776242950000
1776242952.059,252.059,0.01,1261.66,,,0.02,25.73,0.03,179.03,0.98,25.73,0.97,179.03,0.99,1261.66,,,0.01,0.01,2325.736406,1776242951000
1776242952.328,252.328,0.01,1156.66,,,0.02,183.7,0.03,384.03,0.98,12.91,0.97,384.03,0.99,1169.66,,,0.01,0.01,2325.736406,1776242951000
1776242952.992,252.992,0.01,1156.66,,,0.02,183.7,0.03,384.03,0.98,183.7,0.97,384.03,0.99,1156.66,,,0.01,0.01,2325.699488,1776242952000
1776242953.492,253.492,0.01,1135.54,,,0.02,193.7,0.03,713.12,0.98,183.7,0.97,384.03,0.99,1156.66,,,0.01,0.01,2325.699488,1776242952000
1776242953.989,253.989,0.01,1135.54,,,0.02,193.7,0.03,713.12,0.98,193.7,0.97,713.12,0.99,1135.54,,,0.01,0.01,2325.710732,1776242953000
1776242955.542,255.542,0.01,1135.54,,,0.02,193.7,0.03,713.12,0.98,193.7,0.97,713.12,0.99,1135.54,,,0.01,0.01,2325.696119,1776242954000
1776242956.159,256.159,0.01,1012.96,,,0.02,198.8,0.03,713.12,0.98,198.8,0.97,713.12,0.99,1012.96,,,0.01,0.01,2325.858486,1776242955000
1776242956.707,256.707,0.01,1009.6,,,0.02,198.81,0.03,384.03,0.98,198.8,0.97,713.12,0.99,1012.96,,,0.01,0.01,2325.858486,1776242955000
1776242957.298,257.298,0.01,1008.58,,,0.02,198.81,0.03,384.03,0.98,198.81,0.97,384.03,0.99,1008.58,,,0.01,0.01,2325.68266,1776242956000
1776242957.644,257.644,0.01,903.56,,,0.02,198.81,0.03,382.03,0.98,198.81,0.97,711.12,0.99,1012.56,,,0.01,0.01,2325.68266,1776242956000
1776242958.059,258.059,0.01,900.56,,,0.02,198.81,0.03,711.12,0.98,198.81,0.97,382.03,0.99,903.56,,,0.01,0.01,2325.68266,1776242956000
1776242958.495,258.495,0.01,900.56,,,0.02,198.81,0.03,711.12,0.98,198.81,0.97,711.12,0.99,900.56,,,0.01,0.01,2325.691048,1776242957000
1776242959.143,259.143,0.01,900.56,,,0.02,198.81,0.03,711.12,0.98,198.81,0.97,711.12,0.99,900.56,,,0.01,0.01,2325.691048,1776242958000
1776242960.077,260.077,0.01,897.2,,,0.02,198.81,0.03,652.12,0.98,198.81,0.97,711.12,0.99,900.56,,,0.01,0.01,2325.691048,1776242958000
1776242961.4,261.4,0.01,897.2,,,0.02,198.81,0.03,652.12,0.98,198.81,0.97,652.12,0.99,897.2,,,0.01,0.01,2325.694273,1776242960000
1776242961.908,261.908,0.01,897.2,,,0.02,198.81,0.03,652.12,0.98,198.81,0.97,652.12,0.99,897.2,,,0.01,0.01,2325.725305,1776242961000
1776242963.068,263.068,0.01,902.2,,,0.02,0.11,0.03,140.03,0.98,198.81,0.97,652.12,0.99,897.2,,,0.01,0.01,2325.725305,1776242961000
1776242964.161,264.161,0.01,902.2,,,0.02,0.11,0.03,140.03,0.98,0.11,0.97,140.03,0.99,902.2,,,0.01,0.01,2325.903836,1776242963000
1776242965.336,265.336,0.01,634.21,,,0.02,52.11,0.03,139.03,0.98,0.11,0.97,140.03,0.99,902.2,,,0.01,0.01,2325.903836,1776242963000
1776242965.841,265.841,0.01,634.21,,,0.02,52.11,0.03,139.03,0.98,52.11,0.97,139.03,0.99,634.21,,,0.01,0.01,2325.928795,1776242965000
1776242966.263,266.263,0.01,997.81,,,0.02,145.82,0.03,24.0,0.98,52.11,0.97,139.03,0.99,634.21,,,0.01,0.01,2325.928795,1776242965000
1776242966.626,266.626,0.01,977.6,,,0.03,4.0,0.04,602.79,0.97,24.0,0.96,602.79,0.99,972.6,,,0.02,0.02,2325.928795,1776242965000
1776242967.076,267.076,0.01,977.6,,,0.03,4.0,0.04,602.79,0.97,4.0,0.96,602.79,0.99,977.6,,,0.02,0.02,2325.98289,1776242966000
1776242967.488,267.488,0.02,10.0,0.01,1048.6,0.03,85.76,0.05,592.79,0.97,4.0,0.96,602.79,0.99,977.6,,,0.01,0.02,2325.98289,1776242966000
1776242967.963,267.963,0.02,2.95,0.01,1013.6,0.03,108.76,0.04,5.0,0.97,103.76,0.95,592.79,0.99,1025.6,,,0.01,0.02,2325.98289,1776242966000
1776242968.181,268.181,0.02,2.95,0.01,1013.6,0.03,108.76,0.04,5.0,0.97,108.76,0.96,5.0,0.98,2.95,0.99,1013.6,0.01,0.01,2326.11744,1776242967000
1776242969.367,269.367,0.02,2.95,0.01,1013.6,0.03,108.76,0.04,5.0,0.97,108.76,0.96,5.0,0.98,2.95,0.99,1013.6,0.01,0.01,2326.18268,1776242968000
1776242970.131,270.131,0.01,940.06,,,0.02,5.0,0.03,108.76,0.98,5.0,0.97,108.76,0.99,986.06,,,0.01,0.01,2326.18268,1776242968000
1776242970.382,270.382,0.01,940.06,,,0.02,5.0,0.03,108.76,0.98,5.0,0.97,108.76,0.99,940.06,,,0.01,0.01,2326.241535,1776242969000
1776242970.693,270.693,0.01,942.08,,,0.02,10.0,0.03,108.76,0.98,5.0,0.97,108.76,0.99,940.06,,,0.01,0.01,2326.241535,1776242969000
1776242970.953,270.953,0.01,942.08,,,0.02,10.0,0.03,108.76,0.98,10.0,0.97,108.76,0.99,942.08,,,0.01,0.01,2326.244955,1776242970000
1776242971.359,271.359,0.01,941.06,,,0.02,10.01,0.03,108.76,0.98,10.0,0.97,108.76,0.99,942.08,,,0.01,0.01,2326.244955,1776242970000
1776242971.702,271.702,0.01,918.98,,,0.03,30.44,0.04,509.09,0.97,30.44,0.96,602.79,0.99,925.0,,,0.02,0.02,2326.244955,1776242970000
1776242971.943,271.943,0.01,923.98,,,0.04,456.2,0.05,75.8,0.97,30.44,0.96,509.09,0.99,918.98,,,0.03,0.02,2326.244955,1776242970000
1776242972.444,272.444,0.01,875.62,,,0.02,16.16,0.04,304.99,0.96,456.2,0.95,75.8,0.99,923.98,,,0.01,0.03,2326.244955,1776242970000
1776242973.092,273.092,0.01,868.53,,,0.02,12.24,0.03,25.0,0.98,6.16,0.96,304.99,0.99,879.53,,,0.01,0.01,2326.244955,1776242970000
1776242973.413,273.413,0.01,862.51,,,0.02,12.24,0.03,25.0,0.98,12.24,0.97,25.0,0.99,868.53,,,0.01,0.01,2326.289995,1776242972000
1776242973.639,273.639,0.01,821.65,,,0.03,17.24,0.04,456.2,0.97,17.24,0.96,276.2,0.99,827.65,,,0.02,0.02,2326.289995,1776242972000
1776242974.29,274.29,0.01,810.65,,,0.03,17.24,0.04,456.2,0.97,17.24,0.96,456.2,0.99,821.65,,,0.02,0.02,2326.289995,1776242972000
1776242974.582,274.582,0.01,807.67,,,0.03,22.25,0.04,456.2,0.97,17.24,0.96,456.2,0.99,810.65,,,0.02,0.02,2326.289995,1776242972000
1776242974.894,274.894,0.01,791.7,,,0.03,22.25,0.04,456.2,0.97,22.25,0.96,456.2,0.99,791.7,,,0.02,0.02,2326.337293,1776242973000
1776242975.659,275.659,0.01,791.7,,,0.03,22.25,0.04,456.2,0.97,22.25,0.96,456.2,0.99,791.7,,,0.02,0.02,2326.36451,1776242974000
1776242976.251,276.251,0.01,791.7,,,0.03,22.25,0.04,456.2,0.97,22.25,0.96,456.2,0.99,791.7,,,0.02,0.02,2326.374485,1776242975000
1776242977.553,277.553,0.01,791.7,,,0.03,22.25,0.04,456.2,0.97,22.25,0.96,456.2,0.99,791.7,,,0.02,0.02,2326.357235,1776242976000
1776242978.138,278.138,0.01,791.7,,,0.03,22.25,0.04,456.2,0.97,22.25,0.96,456.2,0.99,791.7,,,0.02,0.02,2326.372158,1776242977000
1776242978.385,278.385,0.01,321.58,,,0.02,112.32,0.03,34.01,0.97,22.25,0.96,456.2,0.99,791.7,,,0.01,0.02,2326.372158,1776242977000
1776242978.659,278.659,0.01,297.61,,,0.02,112.32,0.03,34.01,0.98,112.32,0.97,34.01,0.99,305.61,,,0.01,0.01,2326.372158,1776242977000
1776242979.444,279.444,0.01,297.61,,,0.02,112.32,0.03,34.01,0.98,112.32,0.97,34.01,0.99,297.61,,,0.01,0.01,2326.364051,1776242978000
1776242979.957,279.957,0.01,292.61,,,0.03,517.0,0.04,37.0,0.98,112.32,0.97,34.01,0.99,297.61,,,0.02,0.01,2326.364051,1776242978000
1776242980.818,280.818,0.01,286.61,,,0.02,45.86,0.03,513.0,0.97,517.0,0.96,37.0,0.99,292.61,,,0.01,0.02,2326.364051,1776242979000
1776242981.297,281.297,0.01,280.61,,,0.02,45.86,0.03,513.0,0.98,45.86,0.97,513.0,0.99,280.61,,,0.01,0.01,2326.36841,1776242980000
1776242982.627,282.627,0.01,280.61,,,0.02,45.86,0.03,513.0,0.98,45.86,0.97,513.0,0.99,280.61,,,0.01,0.01,2326.36583,1776242981000
1776242983.113,283.113,0.01,255.3,,,0.02,45.86,0.03,513.0,0.98,45.86,0.97,513.0,0.99,280.61,,,0.01,0.01,2326.36583,1776242981000
1776242983.348,283.348,0.01,738.3,,,0.02,25.86,0.03,5.01,0.98,45.86,0.97,513.0,0.99,255.3,,,0.01,0.01,2326.36228,1776242982000
1776242983.673,283.673,0.03,494.69,0.01,733.3,0.04,14.87,0.06,294.99,0.96,14.87,0.94,291.99,0.99,733.3,,,0.01,0.03,2326.36228,1776242982000
1776242984.351,284.351,0.03,484.48,0.01,733.3,0.04,14.87,0.06,294.99,0.96,14.87,0.94,294.99,0.97,484.48,0.99,733.3,0.01,0.01,2326.36064,1776242983000
1776242984.668,284.668,0.03,486.58,0.01,838.3,0.04,162.72,0.05,17.0,0.96,14.87,0.94,294.99,0.97,484.48,0.99,733.3,0.01,0.01,2326.36064,1776242983000
1776242984.968,284.968,0.03,473.74,0.01,838.3,0.04,160.54,0.05,17.0,0.96,110.72,0.95,17.0,0.97,478.74,0.99,838.3,0.01,0.01,2326.36064,1776242983000
1776242986.292,286.292,0.03,463.74,0.01,713.3,0.04,179.54,0.06,296.99,0.96,160.54,0.95,17.0,0.97,473.74,0.99,838.3,0.01,0.01,2326.362175,1776242984000
1776242986.53,286.53,0.03,447.9,0.01,820.3,0.04,179.54,0.06,296.99,0.96,179.54,0.94,296.99,0.97,463.74,0.99,713.3,0.01,0.01,2326.86812,1776242985000
1776242986.914,286.914,0.03,455.17,0.02,127.0,0.04,140.54,0.08,317.99,0.96,179.54,0.94,296.99,0.97,421.17,0.99,820.3,0.01,0.01,2326.86812,1776242985000
1776242987.87,287.87,0.03,449.12,0.02,172.0,0.07,151.5,0.08,299.99,0.93,151.5,0.92,299.99,0.97,449.12,0.98,172.0,0.04,0.04,2326.98109,1776242987000
1776242988.097,288.097,0.06,39.0,0.05,20.0,0.08,138.02,0.09,17.0,0.92,145.0,0.91,17.0,0.94,82.93,0.95,20.0,0.02,0.02,2326.98109,1776242987000
1776242988.329,288.329,0.06,19.45,0.03,445.12,0.08,143.02,0.09,22.0,0.92,148.02,0.91,22.0,0.94,24.45,0.95,20.0,0.02,0.02,2326.98109,1776242987000
1776242988.965,288.965,0.03,439.19,0.02,216.0,0.06,8.0,0.08,163.02,0.92,143.02,0.91,22.0,0.97,445.12,0.98,345.0,0.03,0.05,2326.98109,1776242987000
1776242989.38,289.38,0.03,399.03,0.02,216.0,0.06,8.0,0.08,163.02,0.94,8.0,0.92,163.02,0.97,439.19,0.98,216.0,0.03,0.03,2327.007265,1776242988000
1776242989.702,289.702,0.03,370.56,0.02,166.0,0.06,13.01,0.08,163.02,0.94,13.01,0.92,163.02,0.97,369.98,0.98,193.0,0.03,0.03,2327.007265,1776242988000
1776242990.213,290.213,0.03,370.56,0.02,166.0,0.06,13.01,0.08,163.02,0.94,13.01,0.92,163.02,0.97,370.56,0.98,166.0,0.03,0.03,2327.13485,1776242989000
1776242990.544,290.544,0.03,360.59,0.02,50.0,0.06,13.01,0.07,176.34,0.94,13.01,0.93,176.34,0.97,365.75,0.98,166.0,0.03,0.03,2327.13485,1776242989000
1776242991.09,291.09,0.03,359.55,0.02,50.0,0.06,13.01,0.07,17.0,0.94,13.01,0.93,176.34,0.97,360.59,0.98,50.0,0.03,0.03,2327.13485,1776242989000
1776242991.413,291.413,0.03,333.93,0.02,50.0,0.04,537.99,0.06,13.01,0.94,13.01,0.93,17.0,0.97,359.55,0.98,50.0,0.01,0.03,2327.220535,1776242990000
1776242991.621,291.621,0.02,11.9,0.01,450.3,0.04,342.99,0.05,21.0,0.96,522.99,0.95,21.0,0.98,49.9,0.99,450.3,0.02,0.02,2327.220535,1776242990000
1776242991.92,291.92,0.01,450.3,,,0.04,337.99,0.05,21.0,0.96,342.99,0.95,21.0,0.98,11.9,0.99,450.3,0.03,0.02,2327.220535,1776242990000
1776242992.134,292.134,0.01,450.3,,,0.04,337.99,0.05,21.0,0.96,337.99,0.95,21.0,0.99,450.3,,,0.03,0.03,2327.250515,1776242991000
1776242992.405,292.405,0.01,454.25,,,0.03,294.99,0.04,45.0,0.96,337.99,0.95,21.0,0.99,450.3,,,0.02,0.03,2327.250515,1776242991000
1776242992.708,292.708,0.01,450.9,,,0.03,323.99,0.04,16.0,0.97,294.99,0.96,45.0,0.99,454.25,,,0.02,0.02,2327.250515,1776242991000
1776242993.009,293.009,0.01,142.86,,,0.03,323.99,0.04,5.0,0.97,323.99,0.96,16.0,0.99,450.9,,,0.02,0.02,2327.250515,1776242991000
1776242993.314,293.314,0.01,127.94,,,0.03,328.99,0.04,5.0,0.97,323.99,0.96,5.0,0.99,128.96,,,0.02,0.02,2327.23877,1776242992000
1776242994.064,294.064,0.01,94.94,,,0.03,323.99,0.04,5.0,0.97,328.99,0.96,5.0,0.99,127.94,,,0.02,0.02,2327.23877,1776242992000
1776242994.596,294.596,0.01,68.25,,,0.03,328.99,0.04,5.0,0.97,328.99,0.96,5.0,0.99,71.94,,,0.02,0.02,2326.95092,1776242993000
1776242994.881,294.881,0.01,32.93,,,0.03,328.99,0.04,5.0,0.97,323.99,0.96,5.0,0.99,43.04,,,0.02,0.02,2326.95092,1776242993000
1776242995.157,295.157,0.01,25.34,,,0.03,328.99,0.04,5.0,0.97,328.99,0.96,5.0,0.99,27.87,,,0.02,0.02,2326.95092,1776242993000
1776242995.429,295.429,0.01,23.34,,,0.03,462.99,0.04,5.0,0.97,328.99,0.96,5.0,0.99,25.34,,,0.02,0.02,2326.93039,1776242994000
1776242996.007,296.007,0.01,4.34,,,0.02,543.03,0.03,5.0,0.97,462.99,0.96,5.0,0.99,23.34,,,0.01,0.02,2326.93039,1776242994000
1776242996.266,296.266,,,,,0.02,538.03,0.03,5.0,0.98,538.03,0.97,5.0,,,,,,,2326.933065,1776242995000
1776242997.102,297.102,,,,,0.01,644.0,0.02,330.99,0.98,538.03,0.97,5.0,,,,,,,2326.933065,1776242995000
1776242998.277,298.277,,,,,0.01,644.0,0.02,330.99,0.99,644.0,0.98,330.99,,,,,,,2326.87751,1776242997000
1776242998.852,298.852,,,,,0.01,7782.54,0.02,330.99,0.99,7447.17,0.98,330.99,,,,,,,2326.87751,1776242997000
1776242999.328,299.328,,,,,0.01,7782.54,0.02,330.99,0.99,7782.54,0.98,330.99,,,,,,,2326.88655,1776242998000
1776242999.831,299.831,,,,,0.01,7782.54,0.02,330.99,0.99,7782.54,0.98,330.99,,,,,,,2326.88579,1776242999000
