timestamp,elapsed_sec,up_bid_p1,up_bid_s1,up_bid_p2,up_bid_s2,up_ask_p1,up_ask_s1,up_ask_p2,up_ask_s2,down_bid_p1,down_bid_s1,down_bid_p2,down_bid_s2,down_ask_p1,down_ask_s1,down_ask_p2,down_ask_s2,up_spread,down_spread,eth_price,eth_oracle_ts
1776318002.253,2.253,0.46,16.85,0.45,83.0,0.48,20.0,0.49,12.0,0.52,10.0,0.51,12.0,0.54,60.9,0.55,70.0,0.02,0.02,2360.785245,1776318001000
1776318002.605,2.605,0.44,74.65,0.43,75.0,0.46,23.86,0.48,20.0,0.52,20.0,0.51,12.0,0.55,4.59,0.56,75.0,0.02,0.03,2360.785245,1776318001000
1776318003.02,3.02,0.44,65.72,0.43,88.0,0.46,23.86,0.48,20.0,0.54,23.86,0.52,20.0,0.56,74.65,0.57,75.0,0.02,0.02,2360.785245,1776318001000
1776318003.43,3.43,0.45,27.9,0.44,80.72,0.46,23.86,0.48,20.0,0.54,23.86,0.52,20.0,0.56,65.72,0.57,88.0,0.01,0.02,2360.785245,1776318001000
1776318004.294,4.294,0.45,91.35,0.44,22.0,0.46,23.86,0.48,20.0,0.54,23.86,0.52,20.0,0.57,134.35,0.58,85.0,0.01,0.03,2360.759525,1776318003000
1776318005.409,5.409,0.45,96.35,0.44,22.0,0.46,28.86,0.48,20.0,0.54,23.86,0.52,20.0,0.55,91.35,0.56,22.0,0.01,0.01,2360.759525,1776318003000
1776318005.808,5.808,0.45,96.35,0.44,22.0,0.46,18.86,0.48,20.0,0.54,28.86,0.52,20.0,0.55,96.35,0.56,22.0,0.01,0.01,2360.76808,1776318004000
1776318006.488,6.488,0.45,94.04,0.44,27.0,0.46,18.86,0.48,20.0,0.54,18.86,0.52,20.0,0.55,96.35,0.56,22.0,0.01,0.01,2360.768145,1776318005000
1776318007.185,7.185,0.45,97.22,0.44,27.0,0.46,23.86,0.48,20.0,0.54,18.86,0.52,20.0,0.55,94.04,0.56,27.0,0.01,0.01,2360.75882,1776318006000
1776318007.4,7.4,0.45,82.22,0.44,27.0,0.46,23.86,0.48,20.0,0.54,23.86,0.52,20.0,0.55,87.22,0.56,27.0,0.01,0.01,2360.75882,1776318006000
1776318007.759,7.759,0.45,48.22,0.44,10.0,0.46,23.86,0.47,15.0,0.54,23.86,0.52,20.0,0.55,82.22,0.56,27.0,0.01,0.01,2360.75882,1776318006000
1776318007.993,7.993,0.45,42.72,0.44,5.0,0.46,28.86,0.47,15.0,0.54,23.86,0.53,15.0,0.55,48.22,0.56,10.0,0.01,0.01,2360.75882,1776318006000
1776318008.251,8.251,0.42,75.94,0.41,20.0,0.45,15.0,0.46,28.86,0.54,23.86,0.53,15.0,0.57,15.0,0.58,10.0,0.03,0.03,2360.76083,1776318007000
1776318008.57,8.57,0.42,80.94,0.41,25.0,0.44,15.0,0.45,10.0,0.55,15.0,0.54,28.86,0.58,75.94,0.59,20.0,0.02,0.03,2360.76083,1776318007000
1776318009.507,9.507,0.4,3.92,0.37,70.0,0.44,15.0,0.45,22.0,0.56,15.0,0.55,10.0,0.58,80.94,0.59,25.0,0.04,0.02,2360.76083,1776318007000
1776318009.947,9.947,0.4,0.62,0.38,10.0,0.41,15.0,0.42,15.0,0.56,15.0,0.55,22.0,0.6,3.92,0.63,70.0,0.01,0.04,2360.75679,1776318008000
1776318010.168,10.168,0.38,2.4,0.37,70.0,0.41,15.0,0.42,15.0,0.59,15.0,0.58,15.0,0.6,0.62,0.62,10.0,0.03,0.01,2360.73537,1776318009000
1776318010.372,10.372,0.37,9.7,0.36,60.0,0.4,5.0,0.41,15.0,0.59,15.0,0.58,15.0,0.62,0.78,0.63,70.0,0.03,0.03,2360.73537,1776318009000
1776318011.316,11.316,0.37,4.7,0.36,60.0,0.39,10.0,0.4,20.0,0.6,5.0,0.59,15.0,0.63,9.7,0.64,60.0,0.02,0.03,2360.550129,1776318010000
1776318011.754,11.754,0.39,15.0,0.38,127.74,0.46,18.86,0.47,5.0,0.61,10.0,0.6,20.0,0.63,4.7,0.64,60.0,0.07,0.02,2360.550129,1776318010000
1776318012.461,12.461,0.45,14.45,0.44,10.0,0.47,20.0,0.48,35.0,0.53,1.57,0.52,35.0,0.55,10.0,0.56,10.0,0.02,0.02,2360.429822,1776318011000
1776318012.73,12.73,0.46,11.77,0.45,19.45,0.47,25.0,0.48,35.0,0.53,20.0,0.52,35.0,0.55,14.45,0.56,10.0,0.01,0.02,2360.429822,1776318011000
1776318013.139,13.139,0.44,8.6,0.43,21.62,0.47,20.0,0.48,35.0,0.53,20.0,0.52,35.0,0.54,3.6,0.55,19.45,0.03,0.01,2360.429822,1776318011000
1776318013.621,13.621,0.45,8.84,0.44,8.6,0.46,11.69,0.47,15.0,0.54,27.0,0.53,15.0,0.55,8.84,0.56,8.6,0.01,0.01,2360.399184,1776318012000
1776318014.826,14.826,0.43,21.62,0.42,5.0,0.44,17.0,0.45,10.0,0.54,11.69,0.53,15.0,0.55,8.84,0.56,8.6,0.01,0.01,2360.517465,1776318013000
1776318015.49,15.49,0.47,5.0,0.46,5.0,0.48,19.02,0.49,104.0,0.56,17.0,0.55,10.0,0.57,21.62,0.58,5.0,0.01,0.01,2360.517465,1776318014000
1776318015.829,15.829,0.46,5.0,0.45,25.0,0.48,19.02,0.49,92.0,0.52,19.02,0.51,104.0,0.53,5.0,0.54,5.0,0.02,0.01,2360.517465,1776318014000
1776318016.043,16.043,0.45,25.0,0.44,18.0,0.47,15.0,0.48,14.02,0.52,19.02,0.51,92.0,0.54,5.0,0.55,25.0,0.02,0.02,2360.525295,1776318015000
1776318016.475,16.475,0.45,30.0,0.44,88.79,0.46,10.0,0.47,10.0,0.53,15.0,0.52,14.02,0.55,25.0,0.56,18.0,0.01,0.02,2360.525295,1776318015000
1776318017.744,17.744,0.45,31.36,0.44,88.79,0.46,15.0,0.47,10.0,0.54,10.0,0.53,10.0,0.55,30.0,0.56,88.79,0.01,0.01,2360.680176,1776318016000
1776318020.616,20.616,0.46,17.0,0.45,48.77,0.47,17.17,0.48,15.0,0.54,15.0,0.53,10.0,0.55,31.36,0.56,88.79,0.01,0.01,2360.68467,1776318019000
1776318021.184,21.184,0.46,7.0,0.45,22.0,0.47,22.17,0.48,10.0,0.53,17.17,0.52,15.0,0.54,17.0,0.55,48.77,0.01,0.01,2360.68467,1776318019000
1776318022.47,22.47,0.46,21.51,0.45,22.0,0.47,11.21,0.48,15.0,0.53,22.17,0.52,10.0,0.54,7.0,0.55,22.0,0.01,0.01,2360.69651,1776318021000
1776318027.069,27.069,0.44,12.42,0.43,20.0,0.47,22.0,0.48,72.0,0.53,11.21,0.52,15.0,0.54,21.51,0.55,22.0,0.03,0.01,2360.633555,1776318025000
1776318029.007,29.007,0.46,3.35,0.45,26.66,0.48,32.05,0.49,158.0,0.53,22.0,0.52,72.0,0.56,12.42,0.57,20.0,0.02,0.03,2360.70749,1776318027000
1776318030.411,30.411,0.46,3.0,0.45,39.66,0.47,22.0,0.48,32.05,0.53,10.0,0.52,32.05,0.55,26.66,0.56,41.16,0.01,0.02,2360.687979,1776318029000
1776318036.538,36.538,0.47,19.9,0.46,18.0,0.48,37.05,0.49,168.0,0.53,22.0,0.52,32.05,0.54,3.0,0.55,39.66,0.01,0.01,2360.670955,1776318035000
1776318037.73,37.73,0.47,17.2,0.46,8.0,0.48,49.05,0.49,156.0,0.52,37.05,0.51,168.0,0.53,19.9,0.54,18.0,0.01,0.01,2360.784006,1776318036000
1776318038.735,38.735,0.47,27.2,0.46,18.0,0.48,2.38,0.49,97.0,0.52,49.05,0.51,156.0,0.53,17.2,0.54,8.0,0.01,0.01,2360.791312,1776318037000
1776318039.048,39.048,0.47,45.31,0.46,18.0,0.49,102.0,0.5,133.42,0.52,2.38,0.51,97.0,0.53,27.2,0.54,18.0,0.02,0.01,2360.735755,1776318038000
1776318041.213,41.213,0.48,16.57,0.47,30.0,0.49,102.0,0.5,189.42,0.51,102.0,0.5,133.42,0.53,45.31,0.54,18.0,0.01,0.02,2360.828932,1776318040000
1776318045.27,45.27,0.48,11.01,0.47,40.94,0.49,96.4,0.5,189.42,0.51,102.0,0.5,189.42,0.52,16.57,0.53,30.0,0.01,0.01,2360.72109,1776318044000
1776318045.784,45.784,0.45,6.66,0.43,5.0,0.49,184.4,0.5,133.42,0.51,96.4,0.5,189.42,0.52,11.01,0.53,40.94,0.04,0.01,2360.72109,1776318044000
1776318049.219,49.219,0.45,58.3,0.44,15.0,0.46,13.62,0.47,20.0,0.54,26.0,0.53,20.0,0.55,1.66,0.58,12.0,0.01,0.01,2360.7277,1776318048000
1776318049.636,49.636,0.45,58.3,0.44,15.0,0.46,3.85,0.47,20.0,0.54,13.62,0.53,20.0,0.55,58.3,0.56,15.0,0.01,0.01,2360.7277,1776318048000
1776318053.397,53.397,0.46,38.7,0.45,6.66,0.48,14.37,0.49,154.4,0.54,3.85,0.53,20.0,0.55,58.3,0.56,15.0,0.02,0.01,2360.659395,1776318052000
1776318054.999,54.999,0.48,53.0,0.47,20.0,0.5,99.42,0.51,18.0,0.52,14.37,0.51,154.4,0.54,38.7,0.55,6.66,0.02,0.02,2360.710581,1776318054000
1776318056.179,56.179,0.49,20.0,0.48,40.0,0.5,97.22,0.51,18.0,0.5,99.42,0.49,18.0,0.52,53.0,0.53,20.0,0.01,0.02,2360.757415,1776318055000
1776318057.713,57.713,0.45,1.66,0.44,10.0,0.47,21.0,0.48,10.0,0.5,97.22,0.49,18.0,0.51,20.0,0.52,40.0,0.02,0.01,2360.74634,1776318056000
1776318058.2,58.2,0.48,10.0,0.47,10.0,0.49,69.0,0.5,61.22,0.54,6.0,0.53,11.0,0.55,6.66,0.56,10.0,0.01,0.01,2360.74634,1776318057000
1776318060.598,60.598,0.46,5.0,0.45,17.0,0.49,73.0,0.5,61.22,0.51,58.0,0.5,61.22,0.53,10.0,0.54,15.0,0.03,0.02,2360.745653,1776318059000
1776318061.356,61.356,0.34,13.52,0.33,63.3,0.37,72.0,0.38,33.0,0.51,73.0,0.5,61.22,0.54,5.0,0.55,17.0,0.03,0.03,2360.745653,1776318059000
1776318061.958,61.958,0.34,18.42,0.33,33.3,0.35,11.05,0.36,16.0,0.65,10.0,0.64,10.0,0.66,13.42,0.67,33.3,0.01,0.01,2360.75151,1776318060000
1776318062.749,62.749,0.33,21.37,0.32,21.5,0.34,16.0,0.35,16.05,0.65,11.05,0.64,16.0,0.67,20.72,0.68,51.5,0.01,0.02,2360.848083,1776318061000
1776318063.219,63.219,0.33,103.59,0.32,5.0,0.34,10.1,0.35,16.05,0.66,15.1,0.65,16.05,0.67,21.37,0.68,21.5,0.01,0.01,2360.848083,1776318061000
1776318063.561,63.561,0.33,112.12,0.32,5.0,0.34,10.1,0.35,21.05,0.66,10.1,0.65,16.05,0.67,103.59,0.68,5.0,0.01,0.01,2360.576365,1776318062000
1776318064.383,64.383,0.33,117.12,0.32,5.0,0.34,5.1,0.35,16.05,0.66,10.1,0.65,21.05,0.67,112.12,0.68,5.0,0.01,0.01,2360.436659,1776318063000
1776318064.706,64.706,0.33,114.19,0.32,21.5,0.34,5.1,0.35,16.05,0.66,10.1,0.65,16.05,0.67,102.19,0.68,21.5,0.01,0.01,2360.436659,1776318063000
1776318068.126,68.126,0.33,56.63,0.32,33.5,0.34,0.1,0.35,16.05,0.66,0.1,0.65,16.05,0.67,109.4,0.68,21.5,0.01,0.01,2360.384266,1776318067000
1776318068.599,68.599,0.33,51.63,0.32,33.5,0.34,0.1,0.35,21.05,0.66,0.1,0.65,16.05,0.67,56.63,0.68,33.5,0.01,0.01,2360.384266,1776318067000
1776318069.51,69.51,0.33,36.7,0.32,43.5,0.34,0.1,0.35,21.05,0.66,0.1,0.65,21.05,0.67,51.63,0.68,33.5,0.01,0.01,2360.35085,1776318068000
1776318070.405,70.405,0.32,43.92,0.31,71.8,0.33,15.0,0.34,0.1,0.66,0.1,0.65,21.05,0.67,36.7,0.68,43.5,0.01,0.01,2360.387883,1776318069000
1776318071.088,71.088,0.26,44.51,0.25,24.2,0.27,20.0,0.28,10.0,0.67,15.0,0.66,0.1,0.68,43.92,0.69,71.8,0.01,0.01,2360.36054,1776318070000
1776318071.758,71.758,0.25,16.81,0.22,91.0,0.27,22.0,0.28,15.0,0.73,10.0,0.72,15.0,0.74,18.46,0.75,24.2,0.02,0.01,2360.36054,1776318070000
1776318072.259,72.259,0.22,5.0,0.2,22.5,0.23,15.0,0.24,10.0,0.73,17.0,0.72,15.0,0.78,91.0,0.79,21.7,0.01,0.05,2360.331353,1776318071000
1776318072.465,72.465,0.21,67.42,0.2,32.5,0.22,3.12,0.23,15.0,0.78,3.12,0.77,15.0,0.79,66.05,0.8,27.5,0.01,0.01,2360.331353,1776318071000
1776318072.97,72.97,0.21,55.92,0.2,27.5,0.22,15.0,0.23,9.28,0.77,9.28,0.76,10.0,0.79,66.05,0.8,27.5,0.01,0.02,2360.331353,1776318071000
1776318073.935,73.935,0.2,26.13,0.19,93.4,0.21,42.0,0.22,10.0,0.78,10.0,0.77,9.28,0.79,30.61,0.8,27.5,0.01,0.01,2359.959558,1776318072000
1776318074.647,74.647,0.2,140.92,0.19,93.4,0.21,76.61,0.22,10.0,0.79,42.0,0.78,10.0,0.8,26.13,0.81,93.4,0.01,0.01,2359.808313,1776318073000
1776318076.085,76.085,0.19,20.69,0.18,24.4,0.21,130.84,0.22,80.0,0.79,66.84,0.78,10.0,0.8,140.92,0.81,98.4,0.02,0.01,2359.800593,1776318074000
1776318076.45,76.45,0.16,119.94,0.15,28.2,0.17,60.0,0.18,33.0,0.8,10.0,0.79,117.84,0.82,2.4,0.83,25.5,0.01,0.02,2359.72084,1776318075000
1776318077.478,77.478,0.16,134.64,0.15,28.2,0.17,91.0,0.18,38.0,0.83,60.0,0.82,33.0,0.84,109.94,0.85,28.2,0.01,0.01,2359.713294,1776318076000
1776318079.413,79.413,0.16,105.34,0.15,28.2,0.17,76.05,0.18,38.0,0.83,73.35,0.82,38.0,0.84,134.64,0.85,28.2,0.01,0.01,2359.268935,1776318077000
1776318079.842,79.842,0.16,40.3,0.15,28.2,0.17,72.16,0.18,38.0,0.83,76.05,0.82,38.0,0.84,105.34,0.85,28.2,0.01,0.01,2359.201048,1776318078000
1776318080.733,80.733,0.16,35.45,0.15,88.01,0.17,64.16,0.18,38.0,0.83,71.16,0.82,38.0,0.84,36.99,0.85,28.2,0.01,0.01,2359.192143,1776318079000
1776318081.429,81.429,0.15,88.01,0.14,35.9,0.16,19.6,0.17,59.16,0.83,64.16,0.82,38.0,0.84,35.45,0.85,88.01,0.01,0.01,2359.192143,1776318079000
1776318082.251,82.251,0.15,17.97,0.14,35.9,0.16,115.6,0.17,32.16,0.84,19.6,0.83,59.16,0.85,88.01,0.86,35.9,0.01,0.01,2359.18447,1776318080000
1776318082.928,82.928,0.15,98.53,0.14,40.9,0.16,60.53,0.17,26.16,0.84,115.6,0.83,32.16,0.85,17.97,0.86,35.9,0.01,0.01,2359.235483,1776318081000
1776318083.246,83.246,0.15,96.85,0.14,35.9,0.16,60.53,0.17,26.16,0.84,60.53,0.83,26.16,0.85,102.35,0.86,35.9,0.01,0.01,2359.301204,1776318082000
1776318083.952,83.952,0.15,106.85,0.14,61.9,0.16,33.65,0.17,21.16,0.84,60.53,0.83,26.16,0.85,96.85,0.86,35.9,0.01,0.01,2359.301204,1776318082000
1776318085.437,85.437,0.16,16.3,0.15,70.56,0.17,35.27,0.18,27.0,0.83,9.16,0.82,27.0,0.84,3.0,0.85,100.56,0.01,0.01,2359.276459,1776318083000
1776318086.912,86.912,0.16,36.3,0.15,115.56,0.18,27.0,0.19,15.0,0.83,35.27,0.82,27.0,0.84,16.3,0.85,70.56,0.02,0.01,2359.30825,1776318085000
1776318087.954,87.954,0.17,26.37,0.16,5.0,0.18,20.88,0.19,15.0,0.82,27.0,0.81,15.0,0.83,26.37,0.84,10.0,0.01,0.01,2359.28849,1776318086000
1776318089.902,89.902,0.17,12.37,0.16,26.8,0.18,42.83,0.19,15.0,0.82,20.88,0.81,15.0,0.83,26.37,0.84,5.0,0.01,0.01,2359.278875,1776318088000
1776318091.199,91.199,0.17,11.06,0.15,63.2,0.18,37.27,0.19,15.0,0.82,47.83,0.81,15.0,0.83,11.06,0.84,26.8,0.01,0.01,2359.28031,1776318089000
1776318092.745,92.745,0.17,11.06,0.15,33.2,0.18,45.76,0.19,15.0,0.82,37.27,0.81,15.0,0.83,11.06,0.85,63.2,0.01,0.01,2359.346411,1776318091000
1776318094.969,94.969,0.17,4.01,0.15,28.2,0.18,33.76,0.19,15.0,0.82,45.76,0.81,15.0,0.83,11.06,0.85,33.2,0.01,0.01,2359.38067,1776318093000
1776318096.429,96.429,0.15,72.02,0.14,170.61,0.16,15.0,0.17,15.0,0.82,33.76,0.81,15.0,0.83,4.01,0.85,28.2,0.01,0.01,2359.375981,1776318095000
1776318097.505,97.505,0.15,67.02,0.14,170.61,0.16,8.75,0.17,15.0,0.84,15.0,0.83,15.0,0.85,72.02,0.86,170.61,0.01,0.01,2359.28124,1776318096000
1776318099.952,99.952,0.16,71.0,0.15,53.02,0.19,26.0,0.2,15.0,0.84,8.75,0.83,15.0,0.85,67.02,0.86,170.61,0.03,0.01,2359.291078,1776318099000
1776318100.424,100.424,0.2,61.0,0.19,197.0,0.22,10.63,0.23,26.0,0.81,21.0,0.8,15.0,0.84,81.0,0.85,53.02,0.02,0.03,2359.291078,1776318099000
1776318101.371,101.371,0.21,21.0,0.2,82.0,0.22,1.99,0.23,26.0,0.78,10.63,0.77,26.0,0.8,61.0,0.81,197.0,0.01,0.02,2359.377939,1776318100000
1776318105.654,105.654,0.2,11.0,0.19,81.0,0.22,67.06,0.23,15.0,0.78,1.99,0.77,26.0,0.79,21.0,0.8,82.0,0.02,0.01,2359.581168,1776318104000
1776318109.821,109.821,0.16,21.8,0.15,68.02,0.17,25.0,0.18,23.0,0.78,62.06,0.77,15.0,0.8,3.0,0.81,81.0,0.01,0.02,2359.579645,1776318108000
1776318110.273,110.273,0.16,41.8,0.15,68.02,0.18,20.5,0.19,20.0,0.83,25.0,0.82,23.0,0.84,21.8,0.85,68.02,0.02,0.01,2359.580654,1776318109000
1776318111.492,111.492,0.16,21.8,0.15,101.35,0.17,1.0,0.18,12.5,0.82,20.5,0.81,20.0,0.84,41.8,0.85,68.02,0.01,0.02,2359.45429,1776318110000
1776318116.455,116.455,0.16,36.8,0.15,81.35,0.17,14.11,0.18,17.5,0.83,1.0,0.82,12.5,0.84,21.8,0.85,101.35,0.01,0.01,2359.437015,1776318115000
1776318116.852,116.852,0.16,36.8,0.15,81.35,0.17,3.22,0.18,17.5,0.83,14.11,0.82,17.5,0.84,36.8,0.85,81.35,0.01,0.01,2359.437015,1776318115000
1776318121.952,121.952,0.15,65.35,0.14,50.9,0.16,129.8,0.17,74.9,0.83,3.22,0.82,17.5,0.84,36.8,0.85,81.35,0.01,0.01,2359.400189,1776318120000
1776318123.866,123.866,0.15,95.35,0.14,50.9,0.16,69.29,0.17,44.9,0.84,129.8,0.83,74.9,0.85,65.35,0.86,50.9,0.01,0.01,2359.493592,1776318122000
1776318124.645,124.645,0.15,74.46,0.14,50.9,0.16,55.29,0.17,20.0,0.84,69.29,0.83,44.9,0.85,95.35,0.86,50.9,0.01,0.01,2359.491569,1776318123000
1776318127.613,127.613,0.15,59.46,0.14,50.9,0.16,82.29,0.17,20.0,0.84,55.29,0.83,20.0,0.85,74.46,0.86,50.9,0.01,0.01,2359.413378,1776318125000
1776318132.46,132.46,0.15,31.34,0.14,44.9,0.16,140.71,0.17,20.0,0.84,82.29,0.83,20.0,0.85,59.46,0.86,50.9,0.01,0.01,2359.396877,1776318131000
1776318135.3,135.3,0.15,45.0,0.14,44.9,0.16,106.71,0.17,20.0,0.84,140.71,0.83,20.0,0.85,31.34,0.86,44.9,0.01,0.01,2359.375499,1776318134000
1776318143.884,143.884,0.15,35.0,0.14,39.9,0.16,107.71,0.17,20.0,0.84,106.71,0.83,20.0,0.85,45.0,0.86,44.9,0.01,0.01,2359.464435,1776318142000
1776318148.963,148.963,0.15,73.2,0.14,44.9,0.16,60.29,0.17,12.0,0.84,107.71,0.83,20.0,0.85,35.0,0.86,39.9,0.01,0.01,2359.46479,1776318147000
1776318150.838,150.838,0.15,25.55,0.14,114.9,0.16,55.29,0.17,20.0,0.84,45.29,0.83,12.0,0.85,78.2,0.86,44.9,0.01,0.01,2359.547597,1776318149000
1776318151.667,151.667,0.15,2.02,0.14,85.0,0.16,50.29,0.17,27.0,0.84,55.29,0.83,20.0,0.85,5.55,0.86,114.9,0.01,0.01,2359.543342,1776318150000
1776318153.554,153.554,0.15,15.05,0.14,85.0,0.16,55.17,0.17,27.0,0.84,50.29,0.83,27.0,0.85,2.02,0.86,85.0,0.01,0.01,2359.581258,1776318152000
1776318155.551,155.551,0.15,35.05,0.14,122.93,0.16,37.42,0.17,27.0,0.84,55.17,0.83,27.0,0.85,15.05,0.86,85.0,0.01,0.01,2359.526331,1776318154000
1776318156.8,156.8,0.11,10.12,0.1,31.0,0.16,252.42,0.17,56.0,0.84,37.42,0.83,27.0,0.85,35.05,0.86,122.93,0.05,0.01,2359.526404,1776318155000
1776318157.715,157.715,0.1,17.31,0.09,109.73,0.11,102.92,0.12,20.0,0.89,85.0,0.88,20.0,0.9,22.31,0.91,49.0,0.01,0.01,2359.53336,1776318156000
1776318158.531,158.531,0.08,1.0,0.07,55.3,0.09,25.0,0.1,29.0,0.89,97.92,0.88,20.0,0.9,17.31,0.91,109.73,0.01,0.01,2359.53793,1776318157000
1776318159.394,159.394,0.07,107.93,0.06,167.3,0.08,20.0,0.09,20.0,0.91,25.0,0.9,29.0,0.93,44.93,0.94,78.8,0.01,0.02,2359.478121,1776318158000
1776318159.859,159.859,0.07,98.93,0.06,167.3,0.08,25.0,0.09,20.0,0.92,20.0,0.91,20.0,0.93,107.93,0.94,167.3,0.01,0.01,2359.478121,1776318158000
1776318160.198,160.198,0.07,103.93,0.06,167.3,0.08,25.0,0.09,20.0,0.92,25.0,0.91,20.0,0.93,98.93,0.94,167.3,0.01,0.01,2359.478121,1776318158000
1776318161.004,161.004,0.07,103.93,0.06,167.3,0.08,25.0,0.09,20.0,0.92,25.0,0.91,20.0,0.93,103.93,0.94,167.3,0.01,0.01,2359.256464,1776318159000
1776318161.285,161.285,0.07,93.93,0.06,152.3,0.08,25.0,0.09,29.0,0.92,25.0,0.91,20.0,0.93,103.93,0.94,167.3,0.01,0.01,2359.256464,1776318159000
1776318161.853,161.853,0.07,20.59,0.06,98.5,0.08,20.0,0.09,29.0,0.92,20.0,0.91,29.0,0.93,25.59,0.94,152.3,0.01,0.01,2359.128973,1776318160000
1776318162.979,162.979,0.07,36.27,0.06,98.5,0.08,20.0,0.09,29.0,0.92,20.0,0.91,29.0,0.93,20.59,0.94,98.5,0.01,0.01,2359.128973,1776318161000
1776318164.913,164.913,0.08,12.0,0.07,61.68,0.09,5.0,0.1,10.0,0.92,20.0,0.91,29.0,0.93,36.27,0.94,98.5,0.01,0.01,2359.079201,1776318163000
1776318165.349,165.349,0.09,10.0,0.08,67.32,0.1,10.0,0.11,22.92,0.91,5.0,0.9,10.0,0.92,12.0,0.93,76.68,0.01,0.01,2359.20978,1776318164000
1776318165.971,165.971,0.09,22.32,0.08,7.0,0.1,54.0,0.11,47.92,0.9,30.0,0.89,32.92,0.91,14.0,0.92,27.0,0.01,0.01,2359.20978,1776318164000
1776318166.657,166.657,0.09,23.68,0.08,7.0,0.1,64.0,0.11,56.92,0.9,54.0,0.89,47.92,0.91,22.32,0.92,7.0,0.01,0.01,2359.268469,1776318165000
1776318167.221,167.221,0.08,7.0,0.06,10.0,0.1,109.0,0.11,91.92,0.9,64.0,0.89,56.92,0.91,23.68,0.92,7.0,0.02,0.01,2359.29865,1776318166000
1776318168.483,168.483,0.07,23.68,0.06,142.6,0.08,75.0,0.09,15.0,0.92,10.0,0.9,109.0,0.94,10.0,0.95,127.44,0.01,0.02,2359.18487,1776318167000
1776318169.174,169.174,0.05,31.64,0.04,128.8,0.06,5.0,0.07,85.0,0.92,75.0,0.91,15.0,0.93,23.68,0.94,142.6,0.01,0.01,2359.18487,1776318167000
1776318170.049,170.049,0.05,11.64,0.04,25.0,0.06,151.0,0.07,99.0,0.94,5.0,0.93,85.0,0.95,31.64,0.96,128.8,0.01,0.01,2359.285444,1776318168000
1776318170.306,170.306,0.04,17.78,0.03,439.7,0.05,184.0,0.06,176.0,0.94,156.0,0.93,99.0,0.96,25.0,0.97,439.7,0.01,0.02,2359.076545,1776318169000
1776318170.556,170.556,0.04,7.78,0.03,316.0,0.05,236.0,0.06,254.0,0.95,184.0,0.94,176.0,0.96,17.78,0.97,439.7,0.01,0.01,2359.076545,1776318169000
1776318170.852,170.852,0.03,291.0,0.02,435.7,0.04,211.0,0.05,209.0,0.96,144.0,0.95,236.0,0.97,296.0,0.98,435.7,0.01,0.01,2359.076545,1776318169000
1776318171.314,171.314,0.03,274.77,0.02,735.7,0.04,206.0,0.05,209.0,0.96,206.0,0.95,209.0,0.97,286.0,0.98,1135.7,0.01,0.01,2359.074194,1776318170000
1776318171.743,171.743,0.03,265.46,0.02,935.7,0.04,206.0,0.05,209.0,0.96,206.0,0.95,209.0,0.97,270.46,0.98,735.7,0.01,0.01,2359.074194,1776318170000
1776318173.34,173.34,0.03,259.35,0.02,452.0,0.04,262.0,0.05,204.0,0.96,206.0,0.95,209.0,0.97,265.46,0.98,935.7,0.01,0.01,2358.788049,1776318171000
1776318173.554,173.554,0.03,253.35,0.02,252.0,0.04,280.0,0.05,226.0,0.96,262.0,0.95,204.0,0.97,259.35,0.98,452.0,0.01,0.01,2358.408375,1776318172000
1776318174.288,174.288,0.03,248.24,0.02,252.0,0.04,200.0,0.05,150.0,0.96,280.0,0.95,226.0,0.97,253.35,0.98,252.0,0.01,0.01,2358.398065,1776318173000
1776318174.711,174.711,0.03,243.0,0.02,252.0,0.04,182.64,0.05,150.0,0.96,182.64,0.95,150.0,0.97,248.24,0.98,252.0,0.01,0.01,2358.398065,1776318173000
1776318175.445,175.445,0.03,238.0,0.02,258.0,0.04,192.64,0.05,150.0,0.96,182.64,0.95,150.0,0.97,243.0,0.98,252.0,0.01,0.01,2358.227207,1776318174000
1776318176.632,176.632,0.03,218.0,0.02,258.0,0.04,215.64,0.05,158.0,0.96,192.64,0.95,150.0,0.97,238.0,0.98,258.0,0.01,0.01,2358.064636,1776318175000
1776318176.848,176.848,0.03,216.96,0.02,258.0,0.04,200.64,0.05,233.8,0.96,215.64,0.95,158.0,0.97,218.0,0.98,258.0,0.01,0.01,2358.064636,1776318175000
1776318181.564,181.564,0.03,115.96,0.02,258.0,0.04,187.64,0.05,273.8,0.96,200.64,0.95,233.8,0.97,216.96,0.98,258.0,0.01,0.01,2358.006008,1776318180000
1776318182.114,182.114,0.03,110.96,0.02,252.0,0.04,340.64,0.05,248.8,0.96,187.64,0.95,273.8,0.97,115.96,0.98,258.0,0.01,0.01,2358.118566,1776318181000
1776318182.394,182.394,0.02,237.0,0.01,1879.0,0.03,146.0,0.04,362.64,0.96,350.64,0.95,238.8,0.98,252.0,0.99,1879.0,0.01,0.02,2358.118566,1776318181000
1776318182.681,182.681,0.02,197.75,0.01,1979.0,0.03,151.0,0.04,347.64,0.97,146.0,0.96,362.64,0.98,217.0,0.99,1879.0,0.01,0.01,2358.118566,1776318181000
1776318183.306,183.306,0.02,192.75,0.01,1979.0,0.03,306.7,0.04,401.34,0.97,151.0,0.96,347.64,0.98,197.75,0.99,1979.0,0.01,0.01,2358.069328,1776318182000
1776318183.719,183.719,0.02,185.72,0.01,2442.6,0.03,183.0,0.04,325.34,0.97,306.7,0.96,401.34,0.98,192.75,0.99,1979.0,0.01,0.01,2358.069328,1776318182000
1776318185.791,185.791,0.02,180.72,0.01,2642.6,0.03,249.0,0.04,328.34,0.97,183.0,0.96,325.34,0.98,185.72,0.99,2442.6,0.01,0.01,2357.57772,1776318184000
1776318186.064,186.064,0.02,179.69,0.01,2642.6,0.03,244.0,0.04,328.34,0.97,249.0,0.96,328.34,0.98,180.72,0.99,2642.6,0.01,0.01,2357.57772,1776318184000
1776318187.109,187.109,0.02,169.69,0.01,2985.0,0.03,249.0,0.04,327.34,0.97,244.0,0.96,328.34,0.98,174.69,0.99,2642.6,0.01,0.01,2357.592787,1776318186000
1776318187.68,187.68,0.02,164.69,0.01,2985.0,0.03,282.0,0.04,327.34,0.97,249.0,0.96,327.34,0.98,169.69,0.99,2985.0,0.01,0.01,2357.592787,1776318186000
1776318188.52,188.52,0.02,154.69,0.01,2935.0,0.03,356.0,0.04,322.34,0.97,282.0,0.96,327.34,0.98,159.69,0.99,2985.0,0.01,0.01,2357.554317,1776318187000
1776318189.396,189.396,0.02,149.69,0.01,2935.0,0.03,464.01,0.04,322.34,0.97,356.0,0.96,322.34,0.98,154.69,0.99,2935.0,0.01,0.01,2357.554317,1776318187000
1776318189.936,189.936,0.02,140.42,0.01,2935.0,0.03,469.01,0.04,322.34,0.97,464.01,0.96,322.34,0.98,149.69,0.99,2935.0,0.01,0.01,2357.495411,1776318188000
1776318190.178,190.178,0.02,135.42,0.01,2935.0,0.03,413.01,0.04,322.34,0.97,469.01,0.96,322.34,0.98,140.42,0.99,2935.0,0.01,0.01,2357.495411,1776318188000
1776318190.658,190.658,0.02,115.01,0.01,2935.0,0.03,413.01,0.04,322.34,0.97,413.01,0.96,322.34,0.98,135.42,0.99,2935.0,0.01,0.01,2357.486128,1776318189000
1776318193.641,193.641,0.02,209.89,0.01,2329.0,0.03,413.01,0.04,347.34,0.97,413.01,0.96,322.34,0.98,115.01,0.99,2935.0,0.01,0.01,2357.585927,1776318192000
1776318195.691,195.691,0.02,188.89,0.01,2129.0,0.03,433.01,0.04,347.34,0.97,413.01,0.96,347.34,0.98,209.89,0.99,2329.0,0.01,0.01,2357.52458,1776318194000
1776318197.741,197.741,0.02,183.89,0.01,2129.0,0.03,459.01,0.04,346.34,0.97,433.01,0.96,347.34,0.98,188.89,0.99,2129.0,0.01,0.01,2357.522765,1776318196000
1776318198.522,198.522,0.02,178.89,0.01,2129.0,0.03,459.01,0.04,346.34,0.97,459.01,0.96,346.34,0.98,183.89,0.99,2129.0,0.01,0.01,2357.523305,1776318197000
1776318199.33,199.33,0.02,173.89,0.01,2129.0,0.03,459.01,0.04,346.34,0.97,459.01,0.96,346.34,0.98,178.89,0.99,2129.0,0.01,0.01,2357.588556,1776318198000
1776318199.597,199.597,0.02,143.89,0.01,2129.0,0.03,459.01,0.04,346.34,0.97,459.01,0.96,346.34,0.98,173.89,0.99,2129.0,0.01,0.01,2357.588556,1776318198000
1776318199.847,199.847,0.02,142.86,0.01,2129.0,0.03,464.01,0.04,346.34,0.97,459.01,0.96,346.34,0.98,143.89,0.99,2129.0,0.01,0.01,2357.588556,1776318198000
1776318200.146,200.146,0.02,137.86,0.01,2129.0,0.03,540.54,0.04,346.34,0.97,464.01,0.96,346.34,0.98,142.86,0.99,2129.0,0.01,0.01,2357.505563,1776318199000
1776318200.919,200.919,0.02,107.86,0.01,2029.0,0.03,540.54,0.04,346.34,0.97,540.54,0.96,346.34,0.98,137.86,0.99,2129.0,0.01,0.01,2357.505563,1776318199000
1776318201.584,201.584,0.02,93.76,0.01,2029.0,0.03,545.54,0.04,346.34,0.97,540.54,0.96,346.34,0.98,102.86,0.99,2029.0,0.01,0.01,2357.486489,1776318200000
1776318201.86,201.86,0.02,88.76,0.01,2029.0,0.03,570.54,0.04,325.34,0.97,545.54,0.96,346.34,0.98,93.76,0.99,2029.0,0.01,0.01,2357.486489,1776318200000
1776318202.411,202.411,0.02,58.76,0.01,2029.0,0.03,570.54,0.04,266.34,0.97,570.54,0.96,325.34,0.98,88.76,0.99,2029.0,0.01,0.01,2357.486284,1776318201000
1776318202.693,202.693,0.02,56.71,0.01,2029.0,0.03,576.54,0.04,266.34,0.97,570.54,0.96,266.34,0.98,58.76,0.99,2029.0,0.01,0.01,2357.486284,1776318201000
1776318203.237,203.237,0.02,26.71,0.01,2029.0,0.03,633.54,0.04,307.34,0.97,576.54,0.96,266.34,0.98,56.71,0.99,2029.0,0.01,0.01,2357.589141,1776318202000
1776318203.831,203.831,0.01,2029.0,,,0.02,23.29,0.03,611.54,0.97,622.54,0.96,307.34,0.98,26.71,0.99,2029.0,0.01,0.01,2357.589141,1776318202000
1776318204.347,204.347,0.01,2000.71,,,0.02,479.99,0.03,406.54,0.98,23.29,0.97,611.54,0.99,2029.0,,,0.01,0.01,2357.483301,1776318203000
1776318204.961,204.961,0.01,1975.71,,,0.02,545.99,0.03,479.85,0.98,479.99,0.97,406.54,0.99,2000.71,,,0.01,0.01,2357.483301,1776318203000
1776318205.757,205.757,0.01,1890.71,,,0.02,551.99,0.03,479.85,0.98,556.99,0.97,479.85,0.99,1970.71,,,0.01,0.01,2357.44827,1776318204000
1776318205.981,205.981,0.01,1860.71,,,0.02,552.16,0.03,479.85,0.98,551.99,0.97,479.85,0.99,1860.71,,,0.01,0.01,2357.44827,1776318204000
1776318206.79,206.79,0.01,1569.97,,,0.02,333.46,0.03,482.85,0.98,566.16,0.97,479.85,0.99,1860.71,,,0.01,0.01,2357.440778,1776318205000
1776318207.125,207.125,0.01,1261.97,,,0.02,333.46,0.03,477.85,0.98,333.46,0.97,482.85,0.99,1569.97,,,0.01,0.01,2357.440778,1776318205000
1776318207.513,207.513,0.01,1231.97,,,0.02,231.46,0.03,477.85,0.98,333.46,0.97,477.85,0.99,1261.97,,,0.01,0.01,2357.438526,1776318206000
1776318207.905,207.905,0.01,1206.97,,,0.02,231.46,0.03,477.85,0.98,231.46,0.97,477.85,0.99,1231.97,,,0.01,0.01,2357.438526,1776318206000
1776318208.671,208.671,0.01,1181.97,,,0.02,231.46,0.03,477.85,0.98,231.46,0.97,477.85,0.99,1206.97,,,0.01,0.01,2357.476822,1776318207000
1776318209.751,209.751,0.01,1127.92,,,0.02,243.46,0.03,467.54,0.98,231.46,0.97,477.85,0.99,1136.97,,,0.01,0.01,2357.499305,1776318208000
1776318212.695,212.695,0.01,1128.92,,,0.02,457.16,0.03,466.54,0.98,243.46,0.97,467.54,0.99,1127.92,,,0.01,0.01,2357.533395,1776318211000
1776318213.072,213.072,0.01,1127.9,,,0.02,452.16,0.03,466.54,0.98,457.16,0.97,466.54,0.99,1128.92,,,0.01,0.01,2357.533395,1776318211000
1776318213.508,213.508,0.01,1127.9,,,0.02,452.16,0.03,466.54,0.98,452.16,0.97,466.54,0.99,1127.9,,,0.01,0.01,2357.52397,1776318212000
1776318213.928,213.928,0.01,1072.9,,,0.02,462.35,0.03,466.54,0.98,452.16,0.97,466.54,0.99,1127.9,,,0.01,0.01,2357.52397,1776318212000
1776318214.135,214.135,0.01,1012.24,,,0.02,462.35,0.03,466.54,0.98,462.35,0.97,466.54,0.99,1072.9,,,0.01,0.01,2357.5195,1776318213000
1776318214.335,214.335,0.01,1002.24,,,0.02,485.35,0.03,466.54,0.98,462.35,0.97,466.54,0.99,1012.24,,,0.01,0.01,2357.5195,1776318213000
1776318215.196,215.196,,,,,0.01,1773.76,0.02,539.1,0.99,1517.76,0.98,485.35,,,,,,,2357.599,1776318214000
1776318215.41,215.41,,,,,0.01,1771.76,0.02,539.1,0.99,1773.76,0.98,539.1,,,,,,,2357.599,1776318214000
1776318216.352,216.352,,,,,0.01,1729.58,0.02,539.1,0.99,1771.76,0.98,539.1,,,,,,,2357.497449,1776318215000
1776318221.768,221.768,,,,,0.01,1645.94,0.02,545.1,0.99,1729.58,0.98,539.1,,,,,,,2357.603103,1776318220000
1776318222.38,222.38,,,,,0.01,1627.92,0.02,545.1,0.99,1645.94,0.98,545.1,,,,,,,2357.490835,1776318221000
1776318233.559,233.559,,,,,0.01,2011.52,0.02,602.93,0.99,1627.92,0.98,545.1,,,,,,,2357.234888,1776318232000
1776318243.611,243.611,,,,,0.01,2110.1,0.02,486.74,0.99,2011.52,0.98,602.93,,,,,,,2357.532855,1776318242000
1776318269.922,269.922,,,,,0.01,2239.88,0.02,421.99,0.99,2110.1,0.98,486.74,,,,,,,2358.127283,1776318268000
1776318285.677,285.677,,,,,0.01,8345.05,0.02,274.29,0.99,2239.88,0.98,421.99,,,,,,,2358.160525,1776318284000
1776318295.702,295.702,,,,,0.01,9435.9,0.02,334.28,0.99,8345.05,0.98,274.29,,,,,,,2358.135335,1776318294000

# RESULT,winner=Down,slug=eth-updown-5m-1776318000,ticks=196
