timestamp,elapsed_sec,up_bid_p1,up_bid_s1,up_bid_p2,up_bid_s2,up_ask_p1,up_ask_s1,up_ask_p2,up_ask_s2,down_bid_p1,down_bid_s1,down_bid_p2,down_bid_s2,down_ask_p1,down_ask_s1,down_ask_p2,down_ask_s2,up_spread,down_spread,eth_price,eth_oracle_ts
1776248101.495,1.495,0.55,11.89,0.54,5.0,0.56,80.75,0.57,86.0,0.44,75.75,0.43,81.0,0.45,11.89,0.46,5.0,0.01,0.01,2324.874295,1776244517000
1776248101.827,1.827,0.55,4.89,0.54,15.0,0.56,80.75,0.57,86.0,0.44,75.75,0.43,81.0,0.45,11.89,0.46,5.0,0.01,0.01,2324.874295,1776244517000
1776248102.922,2.922,0.48,12.0,0.47,11.0,0.49,47.22,0.55,64.8,0.44,104.75,0.43,81.0,0.46,4.78,0.48,15.37,0.01,0.02,2324.874295,1776244517000
1776248103.456,3.456,0.43,21.0,0.42,65.0,0.45,10.0,0.46,80.0,0.53,65.0,0.52,78.0,0.55,5.0,0.56,5.0,0.02,0.02,2324.874295,1776244517000
1776248103.668,3.668,0.44,10.0,0.43,21.0,0.45,5.0,0.46,80.0,0.55,10.0,0.54,80.0,0.57,21.0,0.58,65.0,0.01,0.02,2324.874295,1776244517000
1776248104.068,4.068,0.44,20.0,0.43,26.0,0.46,85.0,0.47,155.0,0.55,5.0,0.54,80.0,0.56,10.0,0.57,21.0,0.02,0.01,2324.874295,1776244517000
1776248104.848,4.848,0.45,60.0,0.44,76.34,0.46,86.91,0.47,155.0,0.54,85.0,0.53,155.0,0.56,20.0,0.57,26.0,0.01,0.02,2324.874295,1776244517000
1776248105.25,5.25,0.45,5.0,0.44,66.34,0.46,57.96,0.47,150.0,0.54,86.91,0.53,155.0,0.55,60.0,0.56,76.34,0.01,0.01,2324.874295,1776244517000
1776248106.155,6.155,0.44,5.34,0.43,5.0,0.45,10.48,0.46,76.0,0.55,7.73,0.54,57.96,0.56,66.34,0.57,73.0,0.01,0.01,2324.874295,1776244517000
1776248106.508,6.508,0.39,45.43,0.38,83.0,0.4,4.37,0.41,10.0,0.55,15.48,0.54,70.0,0.61,7.43,0.62,65.0,0.01,0.06,2324.874295,1776244517000
1776248106.805,6.805,0.39,40.38,0.38,83.0,0.41,10.0,0.42,85.0,0.59,15.0,0.58,85.0,0.61,35.38,0.62,83.0,0.02,0.02,2324.874295,1776244517000
1776248107.024,7.024,0.4,2.0,0.39,20.38,0.41,10.0,0.42,80.0,0.59,10.0,0.58,85.0,0.61,40.38,0.62,83.0,0.01,0.02,2324.874295,1776244517000
1776248107.344,7.344,0.43,10.0,0.42,25.0,0.45,5.8,0.46,55.0,0.59,10.0,0.58,80.0,0.6,2.0,0.61,20.38,0.02,0.01,2324.874295,1776244517000
1776248107.554,7.554,0.44,15.0,0.43,23.0,0.46,54.89,0.47,20.0,0.55,5.8,0.54,55.0,0.57,10.0,0.58,25.0,0.02,0.02,2324.874295,1776244517000
1776248108.608,8.608,0.47,10.0,0.46,20.0,0.48,137.68,0.49,207.22,0.54,54.89,0.53,20.0,0.56,15.0,0.57,23.0,0.01,0.02,2324.874295,1776244517000
1776248109.121,9.121,0.45,65.0,0.44,60.0,0.47,15.0,0.48,142.68,0.52,152.68,0.51,207.22,0.57,15.0,0.58,25.0,0.02,0.05,2324.874295,1776244517000
1776248110.111,10.111,0.46,115.0,0.45,101.0,0.47,12.7,0.48,147.68,0.53,15.0,0.52,142.68,0.55,65.0,0.56,60.0,0.01,0.02,2324.874295,1776244517000
1776248110.601,10.601,0.46,131.0,0.45,101.0,0.48,137.36,0.49,207.22,0.53,12.7,0.52,147.68,0.54,115.0,0.55,101.0,0.02,0.01,2324.874295,1776244517000
1776248110.891,10.891,0.47,107.0,0.46,324.0,0.48,43.48,0.49,117.22,0.52,137.36,0.51,207.22,0.54,131.0,0.55,101.0,0.01,0.02,2324.874295,1776244517000
1776248111.154,11.154,0.48,18.07,0.47,110.0,0.49,70.7,0.5,5.0,0.51,65.7,0.47,85.0,0.52,15.0,0.53,142.0,0.01,0.01,2324.874295,1776244517000
1776248112.091,12.091,0.47,110.0,0.46,124.0,0.5,5.0,0.53,135.0,0.51,68.65,0.5,5.0,0.52,13.07,0.53,110.0,0.03,0.01,2324.874295,1776244517000
1776248112.563,12.563,0.51,10.0,0.5,10.0,0.53,130.75,0.54,70.0,0.5,5.0,0.47,135.0,0.53,110.0,0.54,124.0,0.02,0.03,2324.874295,1776244517000
1776248113.396,13.396,0.5,10.0,0.49,10.0,0.51,8.03,0.52,15.0,0.47,130.75,0.46,70.0,0.49,5.0,0.5,10.0,0.01,0.02,2324.874295,1776244517000
1776248117.201,17.201,0.51,85.0,0.5,106.5,0.52,15.5,0.53,311.25,0.49,8.03,0.48,15.0,0.5,10.0,0.51,10.0,0.01,0.01,2324.874295,1776244517000
1776248120.696,20.696,0.51,85.0,0.5,100.5,0.52,251.65,0.53,136.25,0.48,65.5,0.47,311.25,0.49,80.0,0.5,106.5,0.01,0.01,2324.874295,1776244517000
1776248122.84,22.84,0.51,85.0,0.5,100.5,0.52,255.5,0.53,136.25,0.48,251.65,0.47,136.25,0.49,85.0,0.5,100.5,0.01,0.01,2324.874295,1776244517000
1776248126.034,26.034,0.49,10.0,0.48,65.5,0.52,314.49,0.53,83.5,0.48,255.5,0.47,136.25,0.49,85.0,0.5,100.5,0.03,0.01,2324.874295,1776244517000
1776248126.288,26.288,0.48,65.5,0.47,50.0,0.5,35.0,0.51,35.5,0.48,314.49,0.47,83.5,0.51,10.0,0.52,65.5,0.02,0.03,2324.874295,1776244517000
1776248128.778,28.778,0.37,52.02,0.36,75.89,0.43,60.0,0.44,60.0,0.5,35.0,0.49,35.5,0.52,55.5,0.53,50.0,0.06,0.02,2324.874295,1776244517000
1776248129.689,29.689,0.36,48.89,0.35,50.0,0.39,6.0,0.41,230.99,0.57,60.0,0.56,60.0,0.63,45.03,0.64,70.89,0.03,0.06,2324.874295,1776244517000
1776248130.21,30.21,0.37,8.91,0.36,59.39,0.38,15.0,0.39,46.5,0.61,6.0,0.59,230.99,0.64,48.89,0.65,50.0,0.01,0.03,2324.874295,1776244517000
1776248131.693,31.693,0.36,64.39,0.35,55.0,0.37,18.29,0.38,15.0,0.59,197.17,0.58,168.5,0.63,8.91,0.64,59.39,0.01,0.04,2324.874295,1776244517000
1776248132.248,32.248,0.36,28.39,0.35,65.0,0.37,11.0,0.38,15.0,0.63,18.29,0.62,15.0,0.64,28.39,0.65,55.0,0.01,0.01,2324.874295,1776244517000
1776248132.703,32.703,0.36,114.74,0.35,73.0,0.39,5.0,0.4,5.0,0.63,11.0,0.62,15.0,0.64,28.39,0.65,65.0,0.03,0.01,2324.874295,1776244517000
1776248133.478,33.478,0.39,99.1,0.38,86.5,0.4,32.0,0.41,89.18,0.6,5.0,0.59,134.18,0.64,94.62,0.65,68.0,0.01,0.04,2324.874295,1776244517000
1776248134.333,34.333,0.4,5.0,0.39,119.1,0.41,86.18,0.42,80.0,0.6,32.0,0.59,89.18,0.61,99.1,0.62,86.5,0.01,0.01,2324.874295,1776244517000
1776248135.655,35.655,0.4,118.83,0.39,94.1,0.41,91.18,0.42,85.0,0.59,86.18,0.58,80.0,0.6,5.0,0.61,119.1,0.01,0.01,2324.874295,1776244517000
1776248137.219,37.219,0.4,118.83,0.39,94.1,0.41,83.86,0.42,80.0,0.59,91.18,0.58,85.0,0.6,118.83,0.61,94.1,0.01,0.01,2324.874295,1776244517000
1776248137.707,37.707,0.4,118.83,0.39,94.1,0.41,78.86,0.42,85.0,0.59,83.86,0.58,80.0,0.6,118.83,0.61,94.1,0.01,0.01,2324.874295,1776244517000
1776248138.218,38.218,0.4,118.83,0.39,104.1,0.41,4.87,0.42,10.0,0.59,78.86,0.58,85.0,0.6,118.83,0.61,94.1,0.01,0.01,2324.874295,1776244517000
1776248138.71,38.71,0.4,113.83,0.39,112.1,0.42,10.0,0.43,10.0,0.59,4.87,0.58,10.0,0.6,118.83,0.61,104.1,0.02,0.01,2324.874295,1776244517000
1776248139.39,39.39,0.41,114.66,0.4,118.83,0.42,10.0,0.43,10.0,0.58,10.0,0.57,10.0,0.6,113.83,0.61,112.1,0.01,0.02,2324.874295,1776244517000
1776248139.638,39.638,0.41,114.66,0.4,118.83,0.43,10.0,0.44,15.0,0.58,20.61,0.57,10.0,0.59,114.66,0.6,118.83,0.02,0.01,2324.874295,1776244517000
1776248141.954,41.954,0.46,20.0,0.45,126.5,0.47,142.87,0.48,150.5,0.57,10.0,0.56,15.0,0.59,114.66,0.6,118.83,0.01,0.02,2324.874295,1776244517000
1776248142.89,42.89,0.46,58.0,0.45,126.5,0.47,155.74,0.48,135.0,0.53,142.87,0.52,150.5,0.54,20.0,0.55,126.5,0.01,0.01,2324.874295,1776244517000
1776248144.399,44.399,0.46,49.0,0.45,128.5,0.47,143.61,0.48,145.5,0.53,153.61,0.52,135.0,0.54,58.0,0.55,126.5,0.01,0.01,2324.874295,1776244517000
1776248145.425,45.425,0.46,55.0,0.45,138.5,0.47,78.61,0.48,70.0,0.53,143.61,0.52,145.5,0.54,49.0,0.55,128.5,0.01,0.01,2324.874295,1776244517000
1776248146.457,46.457,0.47,6.39,0.46,167.0,0.51,120.0,0.52,120.0,0.53,78.61,0.52,70.0,0.54,55.0,0.55,138.5,0.04,0.01,2324.874295,1776244517000
1776248146.942,46.942,0.5,15.0,0.49,10.0,0.51,58.58,0.52,120.0,0.49,114.71,0.48,120.0,0.5,10.0,0.51,10.0,0.01,0.01,2324.874295,1776244517000
1776248147.605,47.605,0.5,76.5,0.49,29.89,0.51,55.3,0.52,75.0,0.49,58.58,0.48,120.0,0.5,15.0,0.51,10.0,0.01,0.01,2324.874295,1776244517000
1776248148.259,48.259,0.5,91.5,0.49,29.89,0.51,50.37,0.52,75.0,0.49,55.3,0.48,75.0,0.5,76.5,0.51,29.89,0.01,0.01,2324.874295,1776244517000
1776248148.961,48.961,0.48,65.5,0.47,78.89,0.51,75.87,0.52,95.5,0.49,50.37,0.48,75.0,0.5,91.5,0.51,29.89,0.03,0.01,2324.874295,1776244517000
1776248149.205,49.205,0.48,111.5,0.47,78.89,0.5,9.8,0.51,70.87,0.49,75.87,0.48,95.5,0.52,65.5,0.53,78.89,0.02,0.03,2324.874295,1776244517000
1776248149.849,49.849,0.47,77.5,0.46,125.5,0.49,200.0,0.5,59.8,0.5,9.8,0.49,70.87,0.52,111.5,0.53,78.89,0.02,0.02,2324.874295,1776244517000
1776248150.261,50.261,0.47,143.5,0.46,125.5,0.48,7.91,0.49,245.0,0.51,200.0,0.5,59.8,0.53,77.5,0.54,125.5,0.01,0.02,2324.874295,1776244517000
1776248151.118,51.118,0.47,29.9,0.46,7.0,0.48,17.91,0.49,60.0,0.52,7.91,0.51,245.0,0.53,143.5,0.54,125.5,0.01,0.01,2324.874295,1776244517000
1776248151.661,51.661,0.41,5.0,0.39,50.0,0.42,118.71,0.46,6.0,0.58,53.71,0.52,28.91,0.59,50.0,0.6,55.0,0.01,0.01,2324.874295,1776244517000
1776248152.241,52.241,0.39,53.86,0.38,62.0,0.4,10.0,0.41,10.0,0.58,118.71,0.54,6.0,0.61,48.92,0.62,57.0,0.01,0.03,2324.874295,1776244517000
1776248153.442,53.442,0.33,37.5,0.29,20.93,0.34,195.0,0.35,80.0,0.6,10.0,0.59,10.0,0.61,53.86,0.62,62.0,0.01,0.01,2324.874295,1776244517000
1776248153.647,53.647,0.31,17.77,0.29,15.93,0.34,243.0,0.35,85.0,0.66,233.0,0.65,85.0,0.67,7.77,0.69,20.0,0.03,0.01,2324.874295,1776244517000
1776248153.928,53.928,0.26,12.51,0.23,30.3,0.27,10.0,0.28,15.0,0.69,10.0,0.68,42.0,0.74,14.0,0.76,9.0,0.01,0.05,2324.874295,1776244517000
1776248154.262,54.262,0.21,136.0,0.2,115.0,0.26,5.69,0.27,85.0,0.73,22.0,0.72,20.0,0.79,86.0,0.8,37.5,0.05,0.06,2324.874295,1776244517000
1776248154.556,54.556,0.2,52.61,0.19,123.4,0.22,10.0,0.23,16.0,0.74,5.69,0.73,85.0,0.79,136.0,0.8,115.0,0.02,0.05,2324.874295,1776244517000
1776248154.757,54.757,0.19,40.4,0.18,94.4,0.2,1.0,0.21,10.0,0.78,10.0,0.77,16.0,0.8,52.61,0.81,123.4,0.01,0.02,2324.874295,1776244517000
1776248154.989,54.989,0.17,20.79,0.16,82.0,0.19,15.0,0.2,1.0,0.8,1.0,0.79,10.0,0.81,40.4,0.82,94.4,0.02,0.01,2324.874295,1776244517000
1776248155.227,55.227,0.17,17.79,0.16,95.0,0.18,15.0,0.19,10.0,0.81,15.0,0.8,1.0,0.83,20.79,0.84,82.0,0.01,0.02,2324.874295,1776244517000
1776248155.429,55.429,0.12,99.19,0.11,93.79,0.16,15.95,0.17,10.0,0.84,60.0,0.83,10.0,0.85,5.31,0.86,61.0,0.04,0.01,2324.874295,1776244517000
1776248155.69,55.69,0.12,84.5,0.11,93.79,0.13,215.0,0.14,10.0,0.86,5.81,0.84,15.95,0.88,91.66,0.89,93.79,0.01,0.02,2324.874295,1776244517000
1776248156.46,56.46,0.12,19.5,0.11,143.79,0.13,15.0,0.14,10.0,0.87,208.04,0.86,10.0,0.88,24.5,0.89,143.79,0.01,0.01,2324.874295,1776244517000
1776248156.759,56.759,0.11,93.79,0.1,390.0,0.13,15.0,0.14,10.0,0.87,15.0,0.86,10.0,0.88,24.4,0.89,119.79,0.02,0.01,2324.874295,1776244517000
1776248157.077,57.077,0.11,170.79,0.1,390.0,0.13,10.0,0.14,10.0,0.87,10.0,0.86,10.0,0.89,143.79,0.9,390.0,0.02,0.02,2324.874295,1776244517000
1776248157.769,57.769,0.11,148.79,0.1,250.0,0.13,10.0,0.14,19.0,0.87,10.0,0.86,10.0,0.89,170.79,0.9,390.0,0.02,0.02,2324.874295,1776244517000
1776248158.155,58.155,0.18,9.9,0.16,36.55,0.19,6.56,0.2,1.0,0.81,6.56,0.8,1.0,0.82,122.47,0.84,36.55,0.01,0.01,2324.874295,1776244517000
1776248158.619,58.619,0.21,22.7,0.2,70.0,0.22,17.0,0.23,17.0,0.78,17.0,0.77,17.0,0.79,58.3,0.8,70.0,0.01,0.01,2324.874295,1776244517000
1776248158.907,58.907,0.19,126.66,0.16,55.55,0.21,67.99,0.22,22.0,0.78,17.0,0.77,17.0,0.8,49.0,0.81,40.0,0.02,0.02,2324.874295,1776244517000
1776248159.214,59.214,0.19,105.3,0.18,30.0,0.21,61.2,0.22,17.0,0.79,61.2,0.78,17.0,0.81,111.32,0.82,30.0,0.02,0.02,2324.874295,1776244517000
1776248159.422,59.422,0.19,93.96,0.18,30.0,0.2,17.0,0.21,66.2,0.8,10.0,0.79,66.2,0.81,95.32,0.82,30.0,0.01,0.01,2324.874295,1776244517000
1776248159.731,59.731,0.19,97.1,0.18,100.0,0.2,10.0,0.21,61.2,0.8,10.0,0.79,61.2,0.81,86.1,0.82,30.0,0.01,0.01,2324.874295,1776244517000
1776248159.938,59.938,0.19,24.1,0.18,25.0,0.2,10.0,0.21,61.2,0.79,61.2,0.78,17.0,0.81,30.1,0.82,25.0,0.01,0.02,2324.874295,1776244517000
1776248160.152,60.152,0.25,7.8,0.19,28.76,0.26,5.69,0.27,24.0,0.79,1.2,0.78,17.0,0.81,42.86,0.82,15.0,0.01,0.02,2324.874295,1776244517000
1776248160.53,60.53,0.23,8.25,0.21,50.0,0.27,7.0,0.28,7.0,0.74,5.69,0.73,24.0,0.75,4.25,0.77,10.0,0.04,0.01,2324.874295,1776244517000
1776248160.755,60.755,0.26,5.88,0.25,95.0,0.27,7.0,0.28,7.0,0.73,7.0,0.72,7.0,0.74,8.59,0.75,105.0,0.01,0.01,2324.874295,1776244517000
1776248160.996,60.996,0.3,15.0,0.29,97.24,0.33,7.0,0.34,15.0,0.69,7.0,0.68,7.0,0.73,10.0,0.74,53.19,0.03,0.04,2324.874295,1776244517000
1776248161.323,61.323,0.29,64.0,0.28,70.0,0.3,7.23,0.31,10.0,0.7,7.23,0.69,10.0,0.71,70.0,0.72,70.0,0.01,0.01,2324.874295,1776244517000
1776248161.62,61.62,0.29,50.0,0.28,80.0,0.31,5.25,0.32,10.0,0.7,7.23,0.69,10.0,0.71,50.0,0.72,70.0,0.02,0.01,2324.874295,1776244517000
1776248161.965,61.965,0.2,70.0,0.19,70.0,0.22,10.0,0.23,10.0,0.69,5.25,0.68,10.0,0.71,50.0,0.72,80.0,0.02,0.02,2324.874295,1776244517000
1776248162.254,62.254,0.2,68.75,0.19,70.0,0.26,9.19,0.27,10.0,0.79,10.0,0.78,10.0,0.8,68.75,0.81,70.0,0.06,0.01,2324.874295,1776244517000
1776248162.53,62.53,0.21,12.97,0.2,93.75,0.22,10.0,0.23,10.0,0.74,9.19,0.73,10.0,0.8,68.75,0.81,70.0,0.01,0.06,2324.874295,1776244517000
1776248162.748,62.748,0.2,161.69,0.19,110.0,0.21,28.9,0.22,10.0,0.78,10.0,0.77,10.0,0.79,1.1,0.8,161.69,0.01,0.01,2324.874295,1776244517000
1776248163.6,63.6,0.2,70.08,0.19,70.0,0.22,22.0,0.23,8.7,0.79,5.0,0.78,10.0,0.8,81.25,0.81,110.0,0.02,0.01,2324.874295,1776244517000
1776248164.078,64.078,0.16,3.83,0.15,75.0,0.21,60.0,0.22,10.0,0.78,22.0,0.77,8.7,0.8,70.08,0.81,70.0,0.05,0.02,2324.874295,1776244517000
1776248164.504,64.504,0.14,7.77,0.13,18.0,0.16,10.0,0.17,10.0,0.82,16.09,0.79,65.0,0.85,5.0,0.86,10.0,0.02,0.03,2324.874295,1776244517000
1776248164.846,64.846,0.13,27.49,0.12,80.0,0.15,10.0,0.16,10.0,0.84,10.0,0.83,10.0,0.86,7.77,0.87,18.0,0.02,0.02,2324.874295,1776244517000
1776248165.093,65.093,0.13,22.49,0.12,80.0,0.15,3.0,0.16,10.0,0.85,3.0,0.84,10.0,0.87,27.49,0.88,80.0,0.02,0.02,2324.874295,1776244517000
1776248165.312,65.312,0.12,79.07,0.11,50.0,0.15,3.0,0.16,10.0,0.85,3.0,0.84,10.0,0.87,17.43,0.88,80.0,0.03,0.02,2324.874295,1776244517000
1776248165.696,65.696,0.15,3.5,0.13,10.0,0.16,15.0,0.17,10.0,0.83,30.0,0.82,10.0,0.85,11.88,0.87,10.0,0.01,0.02,2324.874295,1776244517000
1776248166.289,66.289,0.15,5.28,0.14,10.0,0.16,10.0,0.17,10.0,0.84,15.0,0.83,10.0,0.85,2.28,0.87,10.0,0.01,0.01,2324.874295,1776244517000
1776248166.738,66.738,0.14,10.0,0.13,10.0,0.15,187.76,0.16,20.0,0.83,8.0,0.82,17.0,0.85,5.28,0.86,10.0,0.01,0.02,2324.874295,1776244517000
1776248167.448,67.448,0.14,40.53,0.13,10.0,0.15,212.87,0.16,15.0,0.85,187.76,0.84,20.0,0.86,10.0,0.87,10.0,0.01,0.01,2324.874295,1776244517000
1776248167.68,67.68,0.14,38.5,0.13,10.0,0.15,59.0,0.16,15.0,0.85,212.87,0.84,15.0,0.86,40.53,0.87,10.0,0.01,0.01,2324.874295,1776244517000
1776248168.422,68.422,0.13,4.25,0.12,10.0,0.15,15.88,0.16,15.0,0.88,75.3,0.85,59.0,0.89,46.79,0.9,160.5,0.02,0.01,2324.874295,1776244517000
1776248168.741,68.741,0.11,118.79,0.1,160.5,0.13,10.0,0.14,10.0,0.88,280.0,0.85,15.88,0.89,98.79,0.9,160.5,0.02,0.01,2324.874295,1776244517000
1776248169.0,69.0,0.12,37.0,0.11,228.63,0.14,20.0,0.15,30.0,0.87,10.0,0.86,10.0,0.89,118.79,0.9,160.5,0.02,0.02,2324.874295,1776244517000
1776248169.337,69.337,0.13,97.3,0.12,45.5,0.14,20.0,0.15,30.0,0.86,20.0,0.85,30.0,0.87,42.3,0.88,20.5,0.01,0.01,2324.874295,1776244517000
1776248169.614,69.614,0.13,107.3,0.12,45.5,0.14,5.0,0.15,30.0,0.86,20.0,0.85,30.0,0.87,97.3,0.88,45.5,0.01,0.01,2324.874295,1776244517000
1776248170.191,70.191,0.14,8.74,0.13,54.3,0.15,10.0,0.16,15.0,0.85,10.0,0.84,15.0,0.87,112.3,0.88,45.5,0.01,0.02,2324.874295,1776244517000
1776248170.715,70.715,0.14,10.0,0.13,54.3,0.15,8.33,0.16,5.0,0.85,18.33,0.84,15.0,0.86,40.0,0.87,61.3,0.01,0.01,2324.874295,1776244517000
1776248171.061,71.061,0.14,10.0,0.13,44.3,0.16,0.49,0.17,31.02,0.85,8.33,0.84,5.0,0.86,10.0,0.87,54.3,0.02,0.01,2324.874295,1776244517000
1776248171.676,71.676,0.16,46.7,0.15,80.0,0.17,31.02,0.18,22.0,0.83,31.02,0.82,22.0,0.84,29.51,0.86,10.0,0.01,0.01,2324.874295,1776244517000
1776248173.009,73.009,0.17,8.98,0.16,78.0,0.18,12.0,0.19,65.0,0.83,31.02,0.82,22.0,0.84,46.7,0.85,80.0,0.01,0.01,2324.874295,1776244517000
1776248174.848,74.848,0.13,58.3,0.12,45.5,0.14,10.0,0.15,18.0,0.82,12.0,0.81,65.0,0.83,8.98,0.84,78.0,0.01,0.01,2324.874295,1776244517000
1776248175.09,75.09,0.12,25.13,0.11,152.29,0.14,18.0,0.15,10.0,0.86,10.0,0.85,18.0,0.87,58.3,0.88,45.5,0.02,0.01,2324.874295,1776244517000
1776248175.62,75.62,0.11,166.84,0.1,155.5,0.14,10.0,0.15,41.53,0.86,18.0,0.85,10.0,0.88,25.13,0.89,152.29,0.03,0.02,2324.874295,1776244517000
1776248176.205,76.205,0.13,190.0,0.12,10.0,0.14,29.0,0.15,58.53,0.86,10.0,0.85,41.53,0.89,166.84,0.9,155.5,0.01,0.03,2324.874295,1776244517000
1776248176.408,76.408,0.13,180.0,0.12,44.1,0.16,455.25,0.17,108.28,0.85,24.59,0.84,44.0,0.87,190.0,0.88,10.0,0.03,0.02,2324.874295,1776244517000
1776248176.786,76.786,0.14,155.84,0.13,10.0,0.16,460.78,0.17,113.28,0.84,517.25,0.83,113.28,0.85,13.0,0.86,31.0,0.02,0.01,2324.874295,1776244517000
1776248177.152,77.152,0.15,190.01,0.14,10.0,0.16,428.78,0.17,37.0,0.84,441.78,0.83,113.28,0.86,155.84,0.87,10.0,0.01,0.02,2324.874295,1776244517000
1776248177.427,77.427,0.15,173.01,0.14,39.9,0.16,175.78,0.17,45.0,0.84,167.78,0.83,37.0,0.85,190.01,0.86,10.0,0.01,0.01,2324.874295,1776244517000
1776248177.63,77.63,0.15,181.83,0.14,39.9,0.16,180.78,0.17,50.0,0.84,180.78,0.83,50.0,0.85,188.01,0.86,39.9,0.01,0.01,2324.874295,1776244517000
1776248178.225,78.225,0.15,240.03,0.14,57.9,0.17,45.0,0.18,23.0,0.84,161.78,0.83,50.0,0.85,196.83,0.86,39.9,0.02,0.01,2324.874295,1776244517000
1776248178.851,78.851,0.16,85.0,0.15,78.2,0.18,28.0,0.19,72.0,0.83,45.0,0.82,23.0,0.85,240.03,0.86,57.9,0.02,0.02,2324.874295,1776244517000
1776248179.331,79.331,0.17,201.97,0.16,66.31,0.18,13.0,0.19,20.0,0.82,28.0,0.81,72.0,0.84,85.0,0.85,78.2,0.01,0.02,2324.874295,1776244517000
1776248179.958,79.958,0.17,91.97,0.16,71.31,0.2,15.0,0.21,135.0,0.81,15.0,0.8,22.0,0.83,231.97,0.84,71.31,0.03,0.02,2324.874295,1776244517000
1776248180.611,80.611,0.18,49.58,0.17,134.97,0.19,5.0,0.2,15.0,0.8,15.0,0.79,135.0,0.83,91.97,0.84,71.31,0.01,0.03,2324.874295,1776244517000
1776248181.067,81.067,0.19,230.0,0.18,84.58,0.2,5.2,0.21,108.61,0.79,63.0,0.78,73.0,0.82,69.58,0.83,134.97,0.01,0.03,2324.874295,1776244517000
1776248181.6,81.6,0.2,10.0,0.19,230.0,0.22,73.0,0.23,30.7,0.8,5.2,0.79,108.61,0.81,230.0,0.82,84.58,0.02,0.01,2324.874295,1776244517000
1776248181.979,81.979,0.21,10.0,0.2,194.0,0.23,52.96,0.24,18.0,0.78,73.0,0.77,30.7,0.8,1.0,0.81,230.0,0.02,0.02,2324.874295,1776244517000
1776248183.171,83.171,0.18,9.58,0.17,271.97,0.21,40.31,0.22,17.0,0.77,52.96,0.76,18.0,0.79,10.0,0.8,194.0,0.03,0.02,2324.874295,1776244517000
1776248183.393,83.393,0.2,10.0,0.19,15.31,0.21,55.54,0.22,17.0,0.79,40.31,0.78,17.0,0.82,9.58,0.83,271.97,0.01,0.03,2324.874295,1776244517000
1776248183.602,83.602,0.2,21.89,0.19,15.31,0.21,65.54,0.22,17.0,0.79,55.54,0.78,17.0,0.8,10.0,0.81,15.31,0.01,0.01,2324.874295,1776244517000
1776248184.043,84.043,0.19,10.0,0.18,9.58,0.2,31.6,0.21,61.54,0.79,65.54,0.78,17.0,0.8,21.89,0.81,15.31,0.01,0.01,2324.874295,1776244517000
1776248184.336,84.336,0.19,16.31,0.18,15.58,0.2,21.6,0.21,244.31,0.8,31.6,0.79,61.54,0.81,10.0,0.82,9.58,0.01,0.01,2324.874295,1776244517000
1776248184.633,84.633,0.19,77.31,0.18,34.58,0.2,21.6,0.21,208.31,0.8,21.6,0.79,244.31,0.81,16.31,0.82,15.58,0.01,0.01,2324.874295,1776244517000
1776248185.047,85.047,0.18,2.44,0.17,91.97,0.2,175.18,0.21,416.31,0.8,21.6,0.79,262.31,0.81,41.66,0.82,34.58,0.02,0.01,2324.874295,1776244517000
1776248185.672,85.672,0.18,2.44,0.17,285.97,0.2,160.18,0.21,201.31,0.8,175.18,0.79,416.31,0.82,2.44,0.83,91.97,0.02,0.02,2324.874295,1776244517000
1776248187.149,87.149,0.19,64.0,0.18,30.0,0.2,166.18,0.21,196.31,0.8,165.18,0.79,201.31,0.83,283.87,0.84,105.0,0.01,0.03,2324.874295,1776244517000
1776248187.383,87.383,0.19,49.9,0.18,210.0,0.2,166.18,0.21,21.31,0.8,166.18,0.79,196.31,0.81,64.0,0.82,30.0,0.01,0.01,2324.874295,1776244517000
1776248187.937,87.937,0.2,14.4,0.19,24.0,0.21,31.31,0.22,38.0,0.8,44.6,0.79,21.31,0.82,115.92,0.83,125.81,0.01,0.02,2324.874295,1776244517000
1776248188.842,88.842,0.2,6.36,0.19,190.0,0.21,6.31,0.22,10.0,0.79,34.73,0.78,38.0,0.8,14.4,0.81,10.0,0.01,0.01,2324.874295,1776244517000
1776248189.602,89.602,0.2,28.73,0.19,202.0,0.22,114.82,0.23,20.0,0.78,109.82,0.77,10.0,0.8,6.36,0.81,190.0,0.02,0.02,2324.874295,1776244517000
1776248190.478,90.478,0.19,10.0,0.18,22.0,0.21,20.0,0.22,294.82,0.78,114.82,0.77,20.0,0.79,8.73,0.8,28.73,0.02,0.01,2324.874295,1776244517000
1776248191.028,91.028,0.19,15.31,0.18,12.0,0.2,103.02,0.21,30.0,0.79,20.0,0.78,294.82,0.81,10.0,0.82,22.0,0.01,0.02,2324.874295,1776244517000
1776248191.592,91.592,0.17,70.0,0.16,168.0,0.18,12.0,0.19,41.0,0.8,103.02,0.79,30.0,0.81,15.31,0.82,12.0,0.01,0.01,2324.874295,1776244517000
1776248191.921,91.921,0.17,85.94,0.16,168.0,0.18,85.0,0.19,244.0,0.82,12.0,0.81,41.0,0.83,70.0,0.84,168.0,0.01,0.01,2324.874295,1776244517000
1776248192.525,92.525,0.17,383.12,0.16,155.0,0.18,10.0,0.22,190.0,0.82,57.0,0.81,244.0,0.83,80.12,0.84,168.0,0.01,0.01,2324.874295,1776244517000
1776248192.851,92.851,0.19,24.0,0.18,26.0,0.2,25.0,0.21,10.0,0.79,10.0,0.78,190.0,0.83,203.12,0.84,335.0,0.01,0.04,2324.874295,1776244517000
1776248193.246,93.246,0.19,8.76,0.17,124.18,0.2,58.0,0.21,15.0,0.8,39.0,0.79,10.0,0.81,19.55,0.82,26.0,0.01,0.01,2324.874295,1776244517000
1776248193.835,93.835,0.17,105.12,0.16,155.0,0.18,159.5,0.19,36.0,0.8,58.0,0.79,15.0,0.83,124.18,0.84,171.0,0.01,0.03,2324.874295,1776244517000
1776248194.266,94.266,0.17,7.84,0.16,70.0,0.18,141.5,0.19,36.0,0.82,159.5,0.81,36.0,0.83,105.12,0.84,155.0,0.01,0.01,2324.874295,1776244517000
1776248194.551,94.551,0.17,3.0,0.16,70.0,0.18,153.5,0.19,36.0,0.82,141.5,0.81,36.0,0.83,7.84,0.84,70.0,0.01,0.01,2324.874295,1776244517000
1776248196.015,96.015,0.14,69.8,0.13,50.0,0.17,10.0,0.18,44.0,0.82,153.5,0.81,36.0,0.83,3.0,0.84,70.0,0.03,0.01,2324.874295,1776244517000
1776248196.265,96.265,0.15,8.72,0.14,89.8,0.16,20.0,0.17,20.0,0.83,10.0,0.82,44.0,0.86,69.8,0.87,50.0,0.01,0.03,2324.874295,1776244517000
1776248196.88,96.88,0.15,8.72,0.14,17.21,0.16,34.0,0.17,33.0,0.84,20.0,0.83,20.0,0.85,8.72,0.86,89.8,0.01,0.01,2324.874295,1776244517000
1776248197.154,97.154,0.14,10.0,0.13,43.0,0.15,72.33,0.16,178.78,0.85,271.46,0.84,187.78,0.86,17.21,0.87,43.0,0.01,0.01,2324.874295,1776244517000
1776248198.356,98.356,0.14,60.0,0.13,93.0,0.15,382.72,0.16,223.78,0.85,72.33,0.84,178.78,0.86,10.0,0.87,43.0,0.01,0.01,2324.874295,1776244517000
1776248198.667,98.667,0.14,85.0,0.13,93.0,0.15,371.06,0.16,223.78,0.85,382.72,0.84,223.78,0.86,60.0,0.87,93.0,0.01,0.01,2324.874295,1776244517000
1776248198.923,98.923,0.14,102.21,0.13,93.0,0.15,72.06,0.16,230.0,0.85,371.06,0.84,223.78,0.86,85.0,0.87,93.0,0.01,0.01,2324.874295,1776244517000
1776248199.354,99.354,0.14,82.11,0.13,93.0,0.15,70.39,0.16,235.0,0.85,72.06,0.84,230.0,0.86,82.11,0.87,93.0,0.01,0.01,2324.874295,1776244517000
1776248199.933,99.933,0.14,82.11,0.13,100.0,0.16,275.71,0.17,33.0,0.85,70.39,0.84,235.0,0.86,82.11,0.87,93.0,0.02,0.01,2324.874295,1776244517000
1776248200.166,100.166,0.15,134.31,0.14,82.11,0.16,285.71,0.17,38.0,0.84,275.71,0.83,33.0,0.85,57.31,0.86,82.11,0.01,0.01,2324.874295,1776244517000
1776248200.419,100.419,0.15,98.96,0.14,82.11,0.16,100.71,0.17,5.0,0.84,285.71,0.83,38.0,0.85,134.31,0.86,82.11,0.01,0.01,2324.874295,1776244517000
1776248200.892,100.892,0.15,73.97,0.14,87.11,0.16,88.71,0.17,10.0,0.84,63.71,0.83,5.0,0.85,98.96,0.86,82.11,0.01,0.01,2324.874295,1776244517000
1776248201.143,101.143,0.15,93.97,0.14,89.11,0.16,83.71,0.19,66.0,0.84,88.71,0.83,10.0,0.85,73.97,0.86,87.11,0.01,0.01,2324.874295,1776244517000
1776248201.806,101.806,0.15,279.97,0.14,94.11,0.16,5.71,0.19,5.0,0.84,15.71,0.81,246.0,0.85,293.97,0.86,89.11,0.01,0.01,2324.874295,1776244517000
1776248202.038,102.038,0.21,35.29,0.15,278.14,0.22,5.0,0.23,5.0,0.84,5.71,0.81,5.0,0.85,278.14,0.86,94.11,0.01,0.01,2324.874295,1776244517000
1776248202.901,102.901,0.21,316.4,0.2,17.0,0.22,16.74,0.23,5.0,0.78,5.0,0.77,5.0,0.79,93.67,0.81,33.31,0.01,0.01,2324.874295,1776244517000
1776248203.125,103.125,0.21,362.8,0.2,17.0,0.22,11.74,0.24,5.0,0.78,16.74,0.77,5.0,0.79,316.4,0.8,17.0,0.01,0.01,2324.874295,1776244517000
1776248203.481,103.481,0.24,6.56,0.23,10.0,0.25,10.0,0.26,5.0,0.76,5.0,0.75,5.0,0.79,362.8,0.8,17.0,0.01,0.03,2324.874295,1776244517000
1776248203.815,103.815,0.23,9.14,0.22,190.0,0.25,15.0,0.26,20.0,0.75,10.0,0.74,10.0,0.76,0.45,0.77,10.0,0.02,0.01,2324.874295,1776244517000
1776248204.152,104.152,0.22,161.61,0.21,139.8,0.25,10.0,0.26,20.0,0.75,15.0,0.74,20.0,0.77,9.14,0.78,190.0,0.03,0.02,2324.874295,1776244517000
1776248204.673,104.673,0.24,17.55,0.23,29.5,0.25,30.5,0.26,30.5,0.75,15.0,0.74,20.0,0.76,8.55,0.77,10.0,0.01,0.01,2324.874295,1776244517000
1776248205.05,105.05,0.24,3.89,0.23,19.0,0.25,30.5,0.26,30.5,0.75,30.5,0.74,30.5,0.76,17.55,0.77,29.5,0.01,0.01,2324.874295,1776244517000
1776248205.609,105.609,0.24,24.7,0.23,249.0,0.25,35.51,0.26,25.5,0.75,30.5,0.74,30.5,0.76,3.89,0.77,19.0,0.01,0.01,2324.874295,1776244517000
1776248205.927,105.927,0.24,19.49,0.23,230.0,0.25,64.51,0.26,25.5,0.75,35.51,0.74,25.5,0.76,24.7,0.77,249.0,0.01,0.01,2324.874295,1776244517000
1776248206.362,106.362,0.14,95.0,0.13,25.0,0.22,123.5,0.23,25.5,0.75,64.51,0.74,25.5,0.76,19.49,0.77,230.0,0.08,0.01,2324.874295,1776244517000
1776248207.203,107.203,0.12,25.0,0.11,44.05,0.15,273.5,0.16,32.5,0.78,123.5,0.77,25.5,0.86,94.9,0.87,25.0,0.03,0.08,2324.874295,1776244517000
1776248207.525,107.525,0.12,7.41,0.11,90.5,0.13,20.0,0.14,20.0,0.85,273.5,0.84,32.5,0.88,25.0,0.89,44.05,0.01,0.03,2324.874295,1776244517000
1776248208.272,108.272,0.12,12.63,0.11,90.5,0.13,27.46,0.14,20.0,0.87,8.46,0.86,30.5,0.88,7.41,0.89,90.5,0.01,0.01,2324.874295,1776244517000
1776248210.007,110.007,0.11,140.21,0.1,198.87,0.13,122.46,0.14,260.5,0.87,27.46,0.86,20.0,0.88,12.63,0.89,90.5,0.02,0.01,2324.874295,1776244517000
1776248211.623,111.623,0.11,140.21,0.1,198.87,0.12,247.66,0.13,77.46,0.87,122.46,0.86,260.5,0.89,140.21,0.9,198.87,0.01,0.02,2324.874295,1776244517000
1776248212.1,112.1,0.11,119.3,0.1,60.0,0.12,247.66,0.13,77.46,0.88,247.66,0.87,77.46,0.89,140.21,0.9,198.87,0.01,0.01,2324.874295,1776244517000
1776248214.155,114.155,0.14,50.0,0.13,60.0,0.15,13.33,0.16,75.5,0.88,247.66,0.87,77.46,0.89,119.3,0.9,60.0,0.01,0.01,2324.874295,1776244517000
1776248215.459,115.459,0.14,0.94,0.13,50.0,0.15,33.83,0.16,217.5,0.85,13.33,0.84,25.5,0.86,44.94,0.87,60.0,0.01,0.01,2324.874295,1776244517000
1776248215.996,115.996,0.13,50.0,0.12,84.0,0.14,3.36,0.15,28.83,0.85,33.83,0.84,267.5,0.87,50.0,0.88,84.0,0.01,0.02,2324.874295,1776244517000
1776248216.946,116.946,0.13,50.0,0.12,84.0,0.14,61.21,0.15,78.83,0.86,3.36,0.85,28.83,0.87,50.0,0.88,84.0,0.01,0.01,2324.874295,1776244517000
1776248217.603,117.603,0.13,47.72,0.12,84.0,0.14,200.71,0.15,78.83,0.86,61.21,0.85,78.83,0.87,50.0,0.88,84.0,0.01,0.01,2324.874295,1776244517000
1776248219.8,119.8,0.14,2.69,0.13,57.72,0.15,3.33,0.16,25.5,0.86,200.71,0.85,78.83,0.87,47.72,0.88,84.0,0.01,0.01,2324.874295,1776244517000
1776248222.306,122.306,0.14,65.19,0.13,68.22,0.15,6.53,0.16,10.0,0.85,3.33,0.84,25.5,0.86,2.69,0.87,57.72,0.01,0.01,2324.874295,1776244517000
1776248225.258,125.258,0.11,42.3,0.1,10.0,0.12,162.5,0.13,165.53,0.85,6.53,0.84,10.0,0.86,65.19,0.87,68.22,0.01,0.01,2324.874295,1776244517000
1776248225.577,125.577,0.11,36.68,0.1,10.0,0.12,172.5,0.13,89.5,0.88,162.5,0.87,165.53,0.89,42.3,0.9,10.0,0.01,0.01,2324.874295,1776244517000
1776248225.798,125.798,0.11,11.23,0.1,10.0,0.12,315.28,0.13,89.5,0.88,315.28,0.87,89.5,0.89,21.68,0.9,10.0,0.01,0.01,2324.874295,1776244517000
1776248226.287,126.287,0.08,16.0,0.07,16.0,0.09,99.0,0.1,135.3,0.89,133.85,0.88,164.5,0.92,10.0,0.93,10.0,0.01,0.03,2324.874295,1776244517000
1776248226.715,126.715,0.06,30.0,0.05,105.8,0.09,142.0,0.1,235.5,0.91,408.55,0.9,225.0,0.94,30.0,0.95,105.8,0.03,0.03,2324.874295,1776244517000
1776248226.933,126.933,0.06,23.87,0.05,205.8,0.08,15.0,0.09,160.0,0.91,142.0,0.9,235.5,0.94,30.0,0.95,105.8,0.02,0.03,2324.874295,1776244517000
1776248227.471,127.471,0.06,23.87,0.05,205.8,0.08,124.5,0.09,215.5,0.92,15.0,0.91,160.0,0.94,23.87,0.95,205.8,0.02,0.02,2324.874295,1776244517000
1776248227.677,127.677,0.06,23.87,0.05,205.8,0.07,20.71,0.08,264.87,0.92,108.87,0.91,246.5,0.94,23.87,0.95,205.8,0.01,0.02,2324.874295,1776244517000
1776248228.694,128.694,0.06,6.5,0.05,205.8,0.07,207.0,0.08,82.37,0.93,20.71,0.92,264.87,0.94,23.87,0.95,205.8,0.01,0.01,2324.874295,1776244517000
1776248229.506,129.506,0.05,192.3,0.04,303.8,0.07,230.0,0.08,336.92,0.93,207.0,0.92,82.37,0.94,6.5,0.95,205.8,0.02,0.01,2324.874295,1776244517000
1776248229.711,129.711,0.05,15.0,0.04,135.0,0.07,246.94,0.08,60.37,0.93,264.5,0.92,331.92,0.95,75.87,0.96,118.8,0.02,0.02,2324.874295,1776244517000
1776248230.099,130.099,0.04,135.0,0.03,429.7,0.06,239.0,0.07,105.5,0.93,246.94,0.92,60.37,0.95,15.0,0.96,135.0,0.02,0.02,2324.874295,1776244517000
1776248230.881,130.881,0.05,15.22,0.04,135.0,0.06,346.83,0.07,150.5,0.94,239.0,0.93,105.5,0.96,135.0,0.97,429.7,0.01,0.02,2324.874295,1776244517000
1776248231.13,131.13,0.05,10.28,0.04,135.0,0.06,341.83,0.07,150.5,0.94,346.83,0.93,150.5,0.95,15.22,0.96,135.0,0.01,0.01,2324.874295,1776244517000
1776248232.053,132.053,0.04,135.0,0.03,429.7,0.05,261.27,0.06,383.13,0.94,341.83,0.93,150.5,0.95,10.28,0.96,135.0,0.01,0.01,2324.874295,1776244517000
1776248233.462,133.462,0.04,135.0,0.03,429.7,0.05,10.05,0.06,300.5,0.95,261.27,0.94,383.13,0.96,135.0,0.97,429.7,0.01,0.01,2324.874295,1776244517000
1776248234.071,134.071,0.04,135.0,0.03,429.7,0.05,0.11,0.06,295.5,0.95,10.05,0.94,300.5,0.96,135.0,0.97,429.7,0.01,0.01,2324.874295,1776244517000
1776248234.669,134.669,0.04,138.95,0.03,479.7,0.05,50.05,0.06,264.83,0.95,5.0,0.94,342.83,0.96,133.95,0.97,429.7,0.01,0.01,2324.874295,1776244517000
1776248235.436,135.436,0.04,28.95,0.03,479.7,0.05,34.44,0.06,544.14,0.95,50.05,0.94,264.83,0.96,138.95,0.97,479.7,0.01,0.01,2324.874295,1776244517000
1776248236.046,136.046,0.04,28.95,0.03,479.7,0.05,13.94,0.06,544.14,0.95,34.44,0.94,544.14,0.96,28.95,0.97,479.7,0.01,0.01,2324.874295,1776244517000
1776248236.266,136.266,0.04,23.74,0.03,479.7,0.05,13.94,0.06,544.14,0.95,13.94,0.94,544.14,0.96,28.95,0.97,479.7,0.01,0.01,2324.874295,1776244517000
1776248236.508,136.508,0.05,10.0,0.04,135.0,0.06,3.33,0.07,273.5,0.95,5.0,0.94,533.64,0.97,627.44,0.98,952.2,0.01,0.02,2324.874295,1776244517000
1776248237.585,137.585,0.05,43.61,0.04,89.94,0.06,18.33,0.07,273.5,0.94,3.33,0.93,268.5,0.96,89.94,0.97,627.44,0.01,0.02,2324.874295,1776244517000
1776248239.741,139.741,0.06,50.0,0.05,186.2,0.07,0.71,0.08,46.37,0.94,61.66,0.93,534.81,0.95,43.61,0.96,89.94,0.01,0.01,2324.874295,1776244517000
1776248240.325,140.325,0.06,86.93,0.05,85.2,0.07,76.62,0.08,231.37,0.93,0.71,0.92,46.37,0.94,50.0,0.95,186.2,0.01,0.01,2324.874295,1776244517000
1776248240.698,140.698,0.06,86.88,0.05,265.2,0.07,76.62,0.08,195.0,0.93,76.62,0.92,231.37,0.94,86.93,0.95,85.2,0.01,0.01,2324.874295,1776244517000
1776248241.337,141.337,0.07,48.0,0.06,43.21,0.08,5.0,0.09,25.5,0.93,5.0,0.92,195.0,0.94,71.21,0.95,347.0,0.01,0.01,2324.874295,1776244517000
1776248241.556,141.556,0.05,264.69,0.04,218.8,0.08,5.0,0.09,25.5,0.92,5.0,0.91,25.5,0.93,48.0,0.94,43.21,0.03,0.01,2324.874295,1776244517000
1776248241.797,141.797,0.05,334.89,0.04,218.8,0.08,1.25,0.09,25.5,0.92,5.0,0.91,25.5,0.95,264.69,0.96,218.8,0.03,0.03,2324.874295,1776244517000
1776248242.847,142.847,0.06,91.53,0.05,350.81,0.08,52.5,0.09,75.5,0.92,1.25,0.91,25.5,0.95,334.89,0.96,218.8,0.02,0.03,2324.874295,1776244517000
1776248243.596,143.596,0.05,31.53,0.04,15.0,0.06,322.0,0.07,207.5,0.92,52.5,0.91,75.5,0.94,91.53,0.95,350.81,0.01,0.02,2324.874295,1776244517000
1776248243.973,143.973,0.05,6.53,0.04,15.0,0.06,357.5,0.07,192.5,0.94,327.0,0.93,207.5,0.95,16.53,0.96,15.0,0.01,0.01,2324.874295,1776244517000
1776248245.334,145.334,0.04,13.95,0.03,278.74,0.05,248.0,0.06,121.5,0.94,352.5,0.93,192.5,0.96,15.0,0.97,278.74,0.01,0.02,2324.874295,1776244517000
1776248245.779,145.779,0.04,13.95,0.03,278.74,0.05,240.33,0.06,121.5,0.95,248.0,0.94,121.5,0.96,13.95,0.97,278.74,0.01,0.01,2324.874295,1776244517000
1776248246.875,146.875,0.04,13.95,0.03,294.74,0.05,220.33,0.06,136.5,0.95,240.33,0.94,121.5,0.96,13.95,0.97,278.74,0.01,0.01,2324.874295,1776244517000
1776248247.258,147.258,0.04,8.74,0.03,294.74,0.05,230.83,0.06,136.5,0.95,220.33,0.94,136.5,0.96,13.95,0.97,294.74,0.01,0.01,2324.874295,1776244517000
1776248247.983,147.983,0.04,8.74,0.03,294.74,0.05,236.4,0.06,121.5,0.95,210.83,0.94,136.5,0.96,8.74,0.97,294.74,0.01,0.01,2324.874295,1776244517000
1776248248.246,148.246,0.04,3.74,0.03,294.74,0.05,291.4,0.06,121.5,0.95,236.4,0.94,121.5,0.96,8.74,0.97,294.74,0.01,0.01,2324.874295,1776244517000
1776248248.576,148.576,0.03,328.4,0.02,782.99,0.04,119.38,0.05,296.4,0.96,17.1,0.95,286.4,0.97,294.74,0.98,787.99,0.01,0.01,2324.874295,1776244517000
1776248249.297,149.297,0.03,328.4,0.02,599.29,0.04,64.96,0.05,262.4,0.96,66.63,0.95,262.4,0.97,328.4,0.98,782.99,0.01,0.01,2324.874295,1776244517000
1776248249.887,149.887,0.03,323.4,0.02,910.5,0.05,260.76,0.06,180.3,0.96,4.96,0.95,262.4,0.97,328.4,0.98,860.5,0.02,0.01,2324.874295,1776244517000
1776248250.722,150.722,0.04,12.39,0.03,323.4,0.05,245.0,0.06,172.3,0.95,260.76,0.94,180.3,0.97,323.4,0.98,910.5,0.01,0.02,2324.874295,1776244517000
1776248251.969,151.969,0.04,1.81,0.03,273.74,0.05,413.3,0.06,236.3,0.95,250.0,0.94,172.3,0.96,2.02,0.97,323.4,0.01,0.01,2324.874295,1776244517000
1776248252.651,152.651,0.03,306.4,0.02,303.0,0.04,356.0,0.05,497.61,0.95,433.3,0.94,344.6,0.97,273.74,0.98,303.0,0.01,0.02,2324.874295,1776244517000
1776248252.949,152.949,0.03,273.97,0.02,303.0,0.04,367.0,0.05,503.61,0.96,356.0,0.95,560.61,0.97,279.97,0.98,303.0,0.01,0.01,2324.874295,1776244517000
1776248253.458,153.458,0.03,267.93,0.02,303.0,0.04,367.0,0.05,641.39,0.96,367.0,0.95,503.61,0.97,268.97,0.98,303.0,0.01,0.01,2324.874295,1776244517000
1776248253.683,153.683,0.02,300.93,0.01,2679.04,0.04,367.0,0.05,641.39,0.96,367.0,0.95,641.39,0.97,262.93,0.98,303.0,0.02,0.01,2324.874295,1776244517000
1776248256.078,156.078,0.02,193.93,0.01,2115.46,0.03,604.53,0.04,176.5,0.96,367.0,0.95,641.39,0.98,300.93,0.99,2679.04,0.01,0.02,2324.874295,1776244517000
1776248257.511,157.511,0.02,93.93,0.01,2467.28,0.03,927.21,0.04,234.2,0.97,604.53,0.96,176.5,0.98,193.93,0.99,2115.46,0.01,0.01,2324.874295,1776244517000
1776248257.726,157.726,0.02,73.93,0.01,2467.28,0.03,927.21,0.04,234.2,0.97,927.21,0.96,234.2,0.98,93.93,0.99,2467.28,0.01,0.01,2324.874295,1776244517000
1776248257.991,157.991,0.02,68.82,0.01,2467.28,0.03,922.21,0.04,234.2,0.97,927.21,0.96,234.2,0.98,73.93,0.99,2467.28,0.01,0.01,2324.874295,1776244517000
1776248259.648,159.648,0.02,63.76,0.01,1800.46,0.03,1058.09,0.04,210.2,0.97,922.21,0.96,234.2,0.98,68.82,0.99,2467.28,0.01,0.01,2324.874295,1776244517000
1776248260.045,160.045,0.02,56.12,0.01,1800.46,0.03,1153.09,0.04,234.79,0.97,1053.09,0.96,210.2,0.98,58.7,0.99,1800.46,0.01,0.01,2324.874295,1776244517000
1776248260.247,160.247,0.01,1800.46,,,0.02,13.88,0.03,1053.09,0.97,1053.09,0.96,234.79,0.98,6.12,0.99,1800.46,0.01,0.01,2324.874295,1776244517000
1776248260.885,160.885,0.01,2051.67,,,0.02,175.0,0.03,1190.87,0.98,13.88,0.97,1053.09,0.99,1800.46,,,0.01,0.01,2324.874295,1776244517000
1776248261.241,161.241,0.01,2305.44,,,0.02,152.0,0.03,940.93,0.98,175.0,0.97,1190.87,0.99,2051.67,,,0.01,0.01,2324.874295,1776244517000
1776248261.469,161.469,0.01,1936.27,,,0.02,152.0,0.03,813.15,0.98,152.0,0.97,940.93,0.99,2291.56,,,0.01,0.01,2324.874295,1776244517000
1776248261.892,161.892,0.01,2288.89,,,0.02,252.0,0.03,560.84,0.98,152.0,0.97,813.15,0.99,2299.87,,,0.01,0.01,2324.874295,1776244517000
1776248262.371,162.371,0.01,1645.29,,,0.02,252.0,0.03,587.95,0.98,252.0,0.97,560.84,0.99,2288.89,,,0.01,0.01,2324.874295,1776244517000
1776248262.861,162.861,0.01,1642.27,,,0.02,231.51,0.03,575.84,0.98,231.51,0.97,575.84,0.99,1643.29,,,0.01,0.01,2324.874295,1776244517000
1776248263.073,163.073,0.01,2006.74,,,0.02,231.51,0.03,551.84,0.98,231.51,0.97,575.84,0.99,1985.87,,,0.01,0.01,2324.874295,1776244517000
1776248263.34,163.34,0.01,2005.72,,,0.02,231.51,0.03,551.84,0.98,231.51,0.97,551.84,0.99,2006.74,,,0.01,0.01,2324.874295,1776244517000
1776248263.728,163.728,0.01,1997.66,,,0.02,242.51,0.03,643.84,0.98,231.51,0.97,551.84,0.99,2263.87,,,0.01,0.01,2324.874295,1776244517000
1776248263.973,163.973,0.01,1787.66,,,0.02,129.51,0.03,759.84,0.98,242.51,0.97,643.84,0.99,1997.66,,,0.01,0.01,2324.874295,1776244517000
1776248264.805,164.805,0.01,1424.06,,,0.02,90.51,0.03,938.54,0.98,129.51,0.97,759.84,0.99,1787.66,,,0.01,0.01,2324.874295,1776244517000
1776248266.743,166.743,0.02,246.21,0.01,1470.77,0.03,662.34,0.04,502.19,0.98,90.51,0.97,938.54,0.99,1424.06,,,0.01,0.01,2324.874295,1776244517000
1776248267.361,167.361,0.01,1290.77,,,0.02,220.0,0.03,971.04,0.97,742.34,0.96,502.19,0.98,35.62,0.99,1290.77,0.01,0.01,2324.874295,1776244517000
1776248267.82,167.82,0.01,1345.46,,,0.02,215.0,0.03,971.04,0.98,220.0,0.97,971.04,0.99,1290.77,,,0.01,0.01,2324.874295,1776244517000
1776248269.048,169.048,0.01,1281.1,,,0.02,215.75,0.03,1006.04,0.98,215.0,0.97,971.04,0.99,1345.46,,,0.01,0.01,2324.874295,1776244517000
1776248269.878,169.878,0.01,1150.77,,,0.02,378.45,0.03,887.04,0.98,215.75,0.97,1006.04,0.99,1281.1,,,0.01,0.01,2324.874295,1776244517000
1776248270.093,170.093,0.01,1081.77,,,0.02,355.45,0.03,910.04,0.98,355.45,0.97,910.04,0.99,1131.77,,,0.01,0.01,2324.874295,1776244517000
1776248270.443,170.443,0.01,982.77,,,0.02,424.45,0.03,882.04,0.98,390.45,0.97,882.04,0.99,1258.98,,,0.01,0.01,2324.874295,1776244517000
1776248271.586,171.586,0.01,902.77,,,0.02,416.45,0.03,887.04,0.98,429.45,0.97,887.04,0.99,902.77,,,0.01,0.01,2324.874295,1776244517000
1776248272.806,172.806,0.01,909.33,,,0.02,696.15,0.03,1204.46,0.98,416.45,0.97,887.04,0.99,897.77,,,0.01,0.01,2324.874295,1776244517000
1776248273.734,173.734,0.01,902.33,,,0.02,462.45,0.03,1204.46,0.98,696.15,0.97,1204.46,0.99,909.33,,,0.01,0.01,2324.874295,1776244517000
1776248274.023,174.023,0.01,802.33,,,0.02,462.45,0.03,1204.46,0.98,462.45,0.97,1204.46,0.99,902.33,,,0.01,0.01,2324.874295,1776244517000
1776248274.301,174.301,0.01,800.33,,,0.02,462.45,0.03,1204.46,0.98,462.45,0.97,1204.46,0.99,802.33,,,0.01,0.01,2324.874295,1776244517000
1776248274.693,174.693,0.01,797.27,,,0.02,462.45,0.03,1204.46,0.98,462.45,0.97,1204.46,0.99,798.29,,,0.01,0.01,2324.874295,1776244517000
1776248276.013,176.013,0.01,736.69,,,0.02,505.45,0.03,887.04,0.98,462.45,0.97,1204.46,0.99,797.27,,,0.01,0.01,2324.874295,1776244517000
1776248276.506,176.506,0.01,720.67,,,0.02,718.8,0.03,887.04,0.98,768.8,0.97,887.04,0.99,720.67,,,0.01,0.01,2324.874295,1776244517000
1776248277.465,177.465,0.01,715.67,,,0.02,425.6,0.03,1039.82,0.98,718.8,0.97,887.04,0.99,720.67,,,0.01,0.01,2324.874295,1776244517000
1776248277.931,177.931,0.01,670.67,,,0.02,483.6,0.03,625.54,0.98,425.6,0.97,1039.82,0.99,715.67,,,0.01,0.01,2324.874295,1776244517000
1776248278.436,178.436,0.01,635.67,,,0.02,452.68,0.03,620.23,0.98,453.6,0.97,625.54,0.99,670.67,,,0.01,0.01,2324.874295,1776244517000
1776248278.746,178.746,0.01,800.67,,,0.02,367.99,0.03,620.23,0.98,452.68,0.97,620.23,0.99,630.67,,,0.01,0.01,2324.874295,1776244517000
1776248278.972,178.972,0.01,800.13,,,0.02,367.99,0.03,620.23,0.98,367.99,0.97,620.23,0.99,813.67,,,0.01,0.01,2324.874295,1776244517000
1776248279.243,179.243,0.01,796.11,,,0.02,367.99,0.03,620.23,0.98,367.99,0.97,620.23,0.99,787.13,,,0.01,0.01,2324.874295,1776244517000
1776248279.737,179.737,0.01,841.55,,,0.02,227.35,0.03,725.73,0.98,362.99,0.97,620.23,0.99,791.55,,,0.01,0.01,2324.874295,1776244517000
1776248280.108,180.108,0.02,18.86,0.01,838.01,0.03,625.73,0.04,204.2,0.98,227.35,0.97,625.73,0.99,838.01,,,0.01,0.01,2324.874295,1776244517000
1776248280.508,180.508,0.01,761.24,,,0.02,100.0,0.03,630.73,0.97,720.73,0.96,232.2,0.99,766.3,,,0.01,0.02,2324.874295,1776244517000
1776248280.802,180.802,0.01,779.24,,,0.02,201.0,0.03,720.73,0.98,105.0,0.97,630.73,0.99,753.24,,,0.01,0.01,2324.874295,1776244517000
1776248281.108,181.108,0.01,770.24,,,0.02,334.1,0.03,756.73,0.98,216.0,0.97,735.73,0.99,775.24,,,0.01,0.01,2324.874295,1776244517000
1776248282.201,182.201,0.01,727.72,,,0.02,115.0,0.03,640.73,0.98,284.1,0.97,756.73,0.99,720.24,,,0.01,0.01,2324.874295,1776244517000
1776248282.417,182.417,0.01,624.79,,,0.02,65.0,0.03,640.73,0.98,65.0,0.97,640.73,0.99,727.72,,,0.01,0.01,2324.874295,1776244517000
1776248283.13,183.13,0.01,618.79,,,0.02,65.0,0.03,640.73,0.98,65.0,0.97,640.73,0.99,624.79,,,0.01,0.01,2324.874295,1776244517000
1776248284.282,184.282,0.01,618.79,,,0.02,15.0,0.03,690.73,0.98,65.0,0.97,640.73,0.99,618.79,,,0.01,0.01,2324.874295,1776244517000
1776248284.669,184.669,0.01,615.58,,,0.02,15.0,0.03,635.73,0.98,15.0,0.97,690.73,0.99,618.79,,,0.01,0.01,2324.874295,1776244517000
1776248285.761,185.761,0.02,138.97,0.01,591.72,0.03,741.04,0.04,179.2,0.98,15.0,0.97,635.73,0.99,615.58,,,0.01,0.01,2324.874295,1776244517000
1776248285.991,185.991,0.02,131.85,0.01,591.72,0.03,741.04,0.04,189.2,0.97,741.04,0.96,179.2,0.98,136.91,0.99,591.72,0.01,0.01,2324.874295,1776244517000
1776248287.487,187.487,0.02,195.65,0.01,892.72,0.03,812.57,0.04,129.2,0.97,741.04,0.96,189.2,0.98,131.85,0.99,591.72,0.01,0.01,2324.874295,1776244517000
1776248290.925,190.925,0.02,40.0,0.01,451.2,0.03,636.04,0.04,224.2,0.97,812.57,0.96,129.2,0.98,195.65,0.99,892.72,0.01,0.01,2324.874295,1776244517000
1776248291.677,191.677,0.01,932.2,,,0.03,641.04,0.04,409.2,0.97,636.04,0.96,224.2,0.98,40.0,0.99,451.2,0.02,0.01,2324.874295,1776244517000
1776248292.461,192.461,0.01,541.15,,,0.03,651.04,0.04,459.2,0.97,641.04,0.96,409.2,0.99,932.2,,,0.02,0.02,2324.874295,1776244517000
1776248293.074,193.074,0.01,533.17,,,0.03,656.04,0.04,459.2,0.97,651.04,0.96,459.2,0.99,541.15,,,0.02,0.02,2324.874295,1776244517000
1776248294.654,194.654,0.01,486.12,,,0.03,656.04,0.04,464.2,0.97,656.04,0.96,459.2,0.99,533.17,,,0.02,0.02,2324.874295,1776244517000
1776248294.949,194.949,0.01,503.96,,,0.03,627.7,0.04,464.2,0.97,656.04,0.96,464.2,0.99,503.96,,,0.02,0.02,2324.874295,1776244517000
1776248299.817,199.817,0.01,389.32,,,0.03,622.7,0.04,464.2,0.97,627.7,0.96,464.2,0.99,503.96,,,0.02,0.02,2324.874295,1776244517000
1776248300.868,200.868,0.02,123.97,0.01,446.32,0.03,743.45,0.04,359.2,0.97,622.7,0.96,464.2,0.99,389.32,,,0.01,0.02,2324.874295,1776244517000
1776248304.509,204.509,0.02,123.97,0.01,740.32,0.03,723.45,0.04,359.2,0.97,733.45,0.96,359.2,0.98,123.97,0.99,446.32,0.01,0.01,2324.874295,1776244517000
1776248305.573,205.573,0.02,60.0,0.01,599.32,0.03,692.95,0.04,304.2,0.97,723.45,0.96,359.2,0.98,123.97,0.99,740.32,0.01,0.01,2324.874295,1776244517000
1776248306.049,206.049,0.01,800.32,,,0.03,687.95,0.04,309.2,0.97,682.95,0.96,304.2,0.98,60.0,0.99,800.32,0.02,0.01,2324.874295,1776244517000
1776248306.91,206.91,0.02,220.86,0.01,429.32,0.03,649.61,0.04,129.2,0.97,687.95,0.96,309.2,0.99,800.32,,,0.01,0.02,2324.874295,1776244517000
1776248307.472,207.472,0.02,200.97,0.01,630.32,0.03,621.27,0.04,124.2,0.97,616.27,0.96,129.2,0.98,220.86,0.99,429.32,0.01,0.01,2324.874295,1776244517000
1776248307.698,207.698,0.02,3.97,0.01,620.32,0.03,631.27,0.04,124.2,0.97,621.27,0.96,124.2,0.98,200.97,0.99,630.32,0.01,0.01,2324.874295,1776244517000
1776248309.758,209.758,0.01,690.32,,,0.02,11.14,0.03,615.96,0.97,631.27,0.96,124.2,0.98,3.97,0.99,620.32,0.01,0.01,2324.874295,1776244517000
1776248312.315,212.315,0.01,740.32,,,0.03,611.96,0.04,304.2,0.98,11.14,0.97,615.96,0.99,690.32,,,0.02,0.01,2324.874295,1776244517000
1776248313.506,213.506,0.02,15.98,0.01,1141.32,0.03,573.62,0.04,315.21,0.97,611.96,0.96,304.2,0.99,740.32,,,0.01,0.02,2324.874295,1776244517000
1776248314.666,214.666,0.02,15.98,0.01,1101.32,0.03,534.28,0.04,185.21,0.97,567.62,0.96,315.21,0.98,15.98,0.99,1141.32,0.01,0.01,2324.874295,1776244517000
1776248315.466,215.466,0.02,14.95,0.01,1151.32,0.03,534.28,0.04,185.21,0.97,534.28,0.96,185.21,0.98,15.98,0.99,1101.32,0.01,0.01,2324.874295,1776244517000
1776248315.785,215.785,0.02,4.74,0.01,1352.32,0.03,534.28,0.04,185.21,0.97,534.28,0.96,185.21,0.98,14.95,0.99,1151.32,0.01,0.01,2324.874295,1776244517000
1776248316.391,216.391,0.02,4.74,0.01,1358.33,0.03,505.98,0.04,179.2,0.97,534.28,0.96,185.21,0.98,4.74,0.99,1352.32,0.01,0.01,2324.874295,1776244517000
1776248317.422,217.422,0.02,190.0,0.01,1122.32,0.03,472.64,0.04,174.2,0.97,505.98,0.96,179.2,0.98,4.74,0.99,1358.33,0.01,0.01,2324.874295,1776244517000
1776248319.803,219.803,0.01,194.32,,,0.02,113.0,0.03,718.14,0.97,472.64,0.96,174.2,0.98,169.59,0.99,1122.32,0.01,0.01,2324.874295,1776244517000
1776248325.266,225.266,0.01,379.31,,,0.02,86.98,0.03,456.61,0.98,113.0,0.97,718.14,0.99,194.32,,,0.01,0.01,2324.874295,1776244517000
1776248327.375,227.375,0.01,197.79,,,0.02,82.98,0.03,641.61,0.98,86.98,0.97,456.61,0.99,379.31,,,0.01,0.01,2324.874295,1776244517000
1776248329.272,229.272,0.01,377.79,,,0.03,384.93,0.04,359.2,0.98,82.98,0.97,641.61,0.99,197.79,,,0.02,0.01,2324.874295,1776244517000
1776248332.013,232.013,0.01,337.77,,,0.02,122.48,0.03,390.93,0.97,384.93,0.96,359.2,0.99,377.79,,,0.01,0.02,2324.874295,1776244517000
1776248332.855,232.855,0.01,155.77,,,0.02,218.48,0.03,575.93,0.98,122.48,0.97,390.93,0.99,337.77,,,0.01,0.01,2324.874295,1776244517000
1776248333.757,233.757,0.01,137.77,,,0.02,163.48,0.03,575.93,0.98,218.48,0.97,575.93,0.99,155.77,,,0.01,0.01,2324.874295,1776244517000
1776248334.324,234.324,0.01,137.77,,,0.02,55.63,0.03,570.93,0.98,163.48,0.97,575.93,0.99,137.77,,,0.01,0.01,2324.874295,1776244517000
1776248335.246,235.246,0.01,55.05,,,0.02,69.57,0.03,575.93,0.98,55.63,0.97,570.93,0.99,137.77,,,0.01,0.01,2324.874295,1776244517000
1776248337.095,237.095,0.01,39.93,,,0.02,87.57,0.03,489.18,0.98,69.57,0.97,575.93,0.99,50.92,,,0.01,0.01,2324.874295,1776244517000
1776248337.494,237.494,0.01,4.92,,,0.02,160.07,0.03,514.18,0.98,87.57,0.97,489.18,0.99,39.93,,,0.01,0.01,2324.874295,1776244517000
1776248337.727,237.727,,,,,0.01,145.08,0.02,105.07,0.98,160.07,0.97,514.18,0.99,4.92,,,,0.01,2324.874295,1776244517000
1776248338.051,238.051,,,,,0.01,321.85,0.02,105.07,0.99,145.08,0.98,105.07,,,,,,,2324.874295,1776244517000
1776248338.691,238.691,,,,,0.01,415.57,0.02,194.07,0.99,320.6,0.98,105.07,,,,,,,2324.874295,1776244517000
1776248339.218,239.218,0.01,7.98,,,0.02,10.5,0.03,313.41,0.97,303.41,0.96,294.2,,,,,0.01,,2324.874295,1776244517000
1776248340.07,240.07,0.01,77.69,,,0.03,252.91,0.04,154.2,0.98,10.5,0.97,313.41,0.99,7.98,,,0.02,0.01,2324.874295,1776244517000
1776248340.398,240.398,0.01,58.0,,,0.03,217.41,0.04,168.7,0.97,252.91,0.96,154.2,0.99,77.69,,,0.02,0.02,2324.874295,1776244517000
1776248340.986,240.986,,,,,0.02,13.55,0.03,163.41,0.97,217.41,0.96,168.7,0.99,58.0,,,,0.02,2324.874295,1776244517000
1776248341.785,241.785,,,,,0.02,11.81,0.03,163.41,0.98,13.55,0.97,163.41,,,,,,,2324.874295,1776244517000
1776248342.303,242.303,,,,,0.02,10.6,0.03,163.41,0.98,11.81,0.97,163.41,,,,,,,2324.874295,1776244517000
1776248343.134,243.134,,,,,0.02,9.38,0.03,163.41,0.98,10.6,0.97,163.41,,,,,,,2324.874295,1776244517000
1776248351.773,251.773,,,,,0.03,182.33,0.04,214.7,0.98,9.38,0.97,163.41,,,,,,,2324.874295,1776244517000
1776248372.312,272.312,0.002,3.99,0.001,325.0,0.009,400.0,0.01,3268.99,0.97,182.33,0.96,214.7,,,,,0.007,,2324.874295,1776244517000
1776248372.681,272.681,0.001,318.99,,,0.009,400.0,0.01,3208.99,0.991,400.0,0.99,3268.99,0.998,3.99,0.999,325.0,0.008,0.007,2324.874295,1776244517000
1776248374.262,274.262,0.001,337.98,,,0.009,400.0,0.01,3411.03,0.991,400.0,0.99,3208.99,0.999,318.99,,,0.008,0.008,2324.874295,1776244517000
1776248375.324,275.324,0.001,342.98,,,0.009,295.0,0.01,3406.03,0.991,400.0,0.99,3411.03,0.999,337.98,,,0.008,0.008,2324.874295,1776244517000
1776248375.938,275.938,0.001,312.94,,,0.009,295.0,0.01,3344.04,0.991,295.0,0.99,3406.03,0.999,342.98,,,0.008,0.008,2324.874295,1776244517000
1776248379.5,279.5,0.002,1.0,0.001,272.9,0.009,366.0,0.01,3743.41,0.991,295.0,0.99,3344.04,0.999,277.9,,,0.007,0.008,2324.874295,1776244517000
1776248381.296,281.296,0.001,537.9,,,0.002,5.15,0.009,366.0,0.998,5.15,0.991,366.0,0.999,272.9,,,0.001,0.001,2324.874295,1776244517000
1776248383.667,283.667,0.001,533.31,,,0.002,5.15,0.009,366.0,0.998,5.15,0.991,366.0,0.999,537.9,,,0.001,0.001,2324.874295,1776244517000
1776248384.349,284.349,0.001,533.31,,,0.002,4.1,0.009,366.0,0.998,5.15,0.991,366.0,0.999,533.31,,,0.001,0.001,2324.874295,1776244517000
1776248385.471,285.471,0.001,528.31,,,0.002,4.1,0.009,366.0,0.998,4.1,0.991,366.0,0.999,533.31,,,0.001,0.001,2324.874295,1776244517000
1776248385.988,285.988,0.001,520.32,,,0.002,4.1,0.009,366.0,0.998,4.1,0.991,366.0,0.999,528.31,,,0.001,0.001,2324.874295,1776244517000
1776248388.18,288.18,0.001,104.32,,,0.002,4.1,0.009,366.0,0.998,4.1,0.991,366.0,0.999,520.32,,,0.001,0.001,2324.874295,1776244517000
1776248388.861,288.861,0.001,69.6,,,0.002,4.1,0.009,366.0,0.998,4.1,0.991,366.0,0.999,104.32,,,0.001,0.001,2324.874295,1776244517000
1776248389.878,289.878,0.001,34.56,,,0.002,4.1,0.009,366.0,0.998,4.1,0.991,366.0,0.999,69.6,,,0.001,0.001,2324.874295,1776244517000
1776248390.56,290.56,0.001,3.53,,,0.002,4.1,0.009,366.0,0.998,4.1,0.991,366.0,0.999,34.56,,,0.001,0.001,2324.874295,1776244517000
1776248391.343,291.343,,,,,0.001,16.81,0.002,4.1,0.998,4.1,0.991,366.0,0.999,3.53,,,,0.001,2324.874295,1776244517000
1776248394.26,294.26,0.001,178.11,,,0.002,4.1,0.009,366.0,0.999,16.81,0.998,4.1,,,,,0.001,,2324.874295,1776244517000
1776248394.548,294.548,0.001,128.11,,,0.002,4.1,0.009,376.0,0.998,4.1,0.991,366.0,0.999,178.11,,,0.001,0.001,2324.874295,1776244517000
1776248395.222,295.222,0.001,123.11,,,0.002,4.1,0.009,376.0,0.998,4.1,0.991,376.0,0.999,128.11,,,0.001,0.001,2324.874295,1776244517000
1776248395.538,295.538,,,,,0.001,881.89,0.009,372.13,0.991,372.13,0.99,5588.65,0.999,118.11,,,,0.008,2324.874295,1776244517000
