timestamp,elapsed_sec,up_bid_p1,up_bid_s1,up_bid_p2,up_bid_s2,up_ask_p1,up_ask_s1,up_ask_p2,up_ask_s2,down_bid_p1,down_bid_s1,down_bid_p2,down_bid_s2,down_ask_p1,down_ask_s1,down_ask_p2,down_ask_s2,up_spread,down_spread,eth_price,eth_oracle_ts
1776392401.028,1.028,0.52,190.21,0.51,5.0,0.54,145.0,0.56,9.09,0.46,145.0,0.44,9.09,0.48,190.21,0.49,5.0,0.02,0.02,2329.188105,1776392400000
1776392402.589,2.589,0.53,28.0,0.52,18.0,0.54,73.0,0.55,75.0,0.46,145.0,0.44,9.09,0.48,190.21,0.49,5.0,0.01,0.02,2329.19254,1776392401000
1776392403.66,3.66,0.53,33.0,0.52,18.0,0.54,65.42,0.55,75.0,0.46,73.0,0.45,75.0,0.47,28.0,0.48,18.0,0.01,0.01,2329.31655,1776392402000
1776392404.143,4.143,0.53,33.0,0.52,18.0,0.54,54.17,0.55,85.0,0.46,62.42,0.45,75.0,0.47,33.0,0.48,18.0,0.01,0.01,2329.372945,1776392403000
1776392405.562,5.562,0.53,4.0,0.51,18.0,0.54,59.17,0.55,92.0,0.46,54.17,0.45,85.0,0.47,33.0,0.48,18.0,0.01,0.01,2329.372945,1776392403000
1776392406.732,6.732,0.51,7.85,0.5,133.96,0.52,25.0,0.53,15.0,0.48,15.0,0.47,10.0,0.49,13.0,0.5,133.96,0.01,0.01,2329.340601,1776392405000
1776392407.417,7.417,0.5,133.96,0.49,18.0,0.51,5.47,0.52,25.0,0.48,25.0,0.47,15.0,0.49,7.85,0.5,133.96,0.01,0.01,2329.258353,1776392406000
1776392408.558,8.558,0.5,140.81,0.49,23.0,0.51,10.47,0.52,90.0,0.49,5.47,0.48,25.0,0.5,133.96,0.51,18.0,0.01,0.01,2329.25595,1776392407000
1776392409.209,9.209,0.5,135.81,0.49,23.0,0.52,61.8,0.53,85.0,0.49,10.47,0.48,90.0,0.5,140.81,0.51,23.0,0.02,0.01,2329.202886,1776392408000
1776392416.626,16.626,0.52,5.0,0.5,135.81,0.53,58.57,0.54,17.0,0.48,61.8,0.47,85.0,0.5,135.81,0.51,23.0,0.01,0.02,2329.263054,1776392415000
1776392416.973,16.973,0.5,45.81,0.46,10.0,0.51,15.0,0.52,15.0,0.47,58.57,0.46,17.0,0.48,5.0,0.5,135.81,0.01,0.01,2329.263054,1776392415000
1776392417.187,17.187,0.5,21.67,0.49,23.0,0.51,105.15,0.52,15.0,0.49,70.15,0.48,15.0,0.5,38.67,0.51,5.0,0.01,0.01,2329.263054,1776392415000
1776392417.394,17.394,0.46,10.0,0.45,10.0,0.47,106.0,0.48,80.0,0.53,111.0,0.52,80.0,0.54,10.0,0.55,10.0,0.01,0.01,2329.339465,1776392416000
1776392417.672,17.672,0.46,33.0,0.45,23.0,0.47,86.8,0.48,80.0,0.53,106.0,0.52,80.0,0.54,10.0,0.55,10.0,0.01,0.01,2329.339465,1776392416000
1776392418.17,18.17,0.46,8.0,0.45,10.0,0.47,106.0,0.48,86.07,0.53,86.8,0.52,80.0,0.54,17.22,0.55,13.0,0.01,0.01,2329.339465,1776392416000
1776392418.837,18.837,0.46,2.9,0.45,10.0,0.47,91.8,0.48,101.22,0.53,106.0,0.52,86.07,0.54,8.0,0.55,10.0,0.01,0.01,2329.25285,1776392417000
1776392422.378,22.378,0.42,23.0,0.41,18.0,0.43,40.0,0.44,15.0,0.53,91.8,0.52,101.22,0.55,10.0,0.56,27.0,0.01,0.02,2328.868727,1776392421000
1776392422.925,22.925,0.42,23.0,0.41,28.0,0.43,35.73,0.44,15.0,0.57,40.0,0.56,15.0,0.58,23.0,0.59,18.0,0.01,0.01,2328.868727,1776392421000
1776392423.271,23.271,0.42,13.0,0.41,28.0,0.43,35.73,0.44,15.0,0.57,35.73,0.56,15.0,0.58,23.0,0.59,28.0,0.01,0.01,2328.868727,1776392421000
1776392423.955,23.955,0.42,23.0,0.41,28.0,0.43,17.73,0.44,11.0,0.57,35.73,0.56,15.0,0.58,13.0,0.59,28.0,0.01,0.01,2328.742399,1776392422000
1776392424.915,24.915,0.43,44.0,0.42,34.0,0.46,5.0,0.47,91.0,0.57,17.73,0.56,11.0,0.58,23.0,0.59,28.0,0.03,0.01,2328.68499,1776392423000
1776392425.454,25.454,0.45,75.0,0.44,27.0,0.47,24.89,0.48,81.0,0.54,5.0,0.53,91.0,0.57,44.0,0.58,34.0,0.02,0.03,2328.666266,1776392424000
1776392430.277,30.277,0.51,127.0,0.5,33.0,0.52,36.15,0.53,70.0,0.53,24.89,0.52,76.0,0.54,35.14,0.55,27.0,0.01,0.01,2328.976355,1776392428000
1776392430.778,30.778,0.51,145.28,0.5,28.0,0.52,19.0,0.53,70.0,0.48,19.0,0.47,70.0,0.49,173.74,0.5,33.0,0.01,0.01,2329.032445,1776392429000
1776392431.219,31.219,0.51,145.28,0.5,28.0,0.52,14.0,0.53,70.0,0.48,19.0,0.47,70.0,0.49,145.28,0.5,28.0,0.01,0.01,2329.1482,1776392430000
1776392431.42,31.42,0.51,145.28,0.5,28.0,0.52,8.24,0.53,70.0,0.48,14.0,0.47,70.0,0.49,145.28,0.5,28.0,0.01,0.01,2329.1482,1776392430000
1776392433.737,33.737,0.48,2.0,0.47,15.0,0.55,81.99,0.56,148.0,0.48,8.24,0.47,70.0,0.49,145.28,0.5,28.0,0.07,0.01,2329.33623,1776392432000
1776392434.557,34.557,0.48,87.0,0.47,15.0,0.49,7.75,0.5,26.0,0.48,10.0,0.47,15.0,0.54,66.62,0.55,108.0,0.01,0.06,2329.388598,1776392433000
1776392435.489,35.489,0.48,66.5,0.47,15.0,0.49,7.75,0.5,26.0,0.51,7.75,0.5,26.0,0.52,87.0,0.53,15.0,0.01,0.01,2329.4012,1776392434000
1776392436.102,36.102,0.48,66.5,0.47,15.0,0.53,28.48,0.54,85.0,0.51,7.75,0.5,26.0,0.52,66.5,0.53,15.0,0.05,0.01,2329.263206,1776392435000
1776392437.769,37.769,0.52,83.0,0.51,59.0,0.53,33.42,0.54,80.0,0.47,28.48,0.46,85.0,0.52,66.5,0.53,15.0,0.01,0.05,2329.238153,1776392436000
1776392451.032,51.032,0.52,41.83,0.51,39.0,0.53,33.42,0.54,80.0,0.47,33.42,0.46,80.0,0.48,83.0,0.49,59.0,0.01,0.01,2329.276025,1776392450000
1776392451.435,51.435,0.52,106.83,0.51,39.0,0.54,70.0,0.55,70.0,0.47,33.42,0.46,80.0,0.48,41.83,0.49,39.0,0.02,0.01,2329.276025,1776392450000
1776392452.216,52.216,0.53,92.4,0.52,77.83,0.54,80.0,0.55,80.0,0.46,70.0,0.45,70.0,0.48,106.83,0.49,39.0,0.01,0.02,2329.33918,1776392451000
1776392456.872,56.872,0.53,3.0,0.52,12.83,0.54,92.0,0.55,139.99,0.46,80.0,0.45,80.0,0.47,92.4,0.48,77.83,0.01,0.01,2329.316545,1776392455000
1776392458.795,58.795,0.5,5.0,0.49,5.0,0.51,6.33,0.52,20.0,0.46,92.0,0.45,139.99,0.47,3.0,0.48,12.83,0.01,0.01,2329.31734,1776392457000
1776392463.208,63.208,0.49,32.0,0.48,15.0,0.5,5.0,0.51,5.0,0.49,6.33,0.48,20.0,0.5,5.0,0.51,5.0,0.01,0.01,2329.21744,1776392462000
1776392463.655,63.655,0.5,37.0,0.49,20.0,0.52,22.0,0.53,20.0,0.5,5.0,0.49,5.0,0.51,32.0,0.52,15.0,0.02,0.01,2329.21744,1776392462000
1776392468.209,68.209,0.52,71.0,0.51,63.0,0.53,20.07,0.56,17.0,0.48,22.0,0.47,20.0,0.5,37.0,0.51,20.0,0.01,0.02,2329.163884,1776392466000
1776392468.798,68.798,0.54,23.0,0.53,15.0,0.55,10.0,0.56,87.0,0.44,17.0,0.43,95.0,0.48,91.0,0.49,63.0,0.01,0.04,2329.163355,1776392467000
1776392469.726,69.726,0.54,7.89,0.53,15.0,0.55,10.0,0.56,87.0,0.45,10.0,0.44,87.0,0.46,23.0,0.47,15.0,0.01,0.01,2329.165603,1776392468000
1776392469.962,69.962,0.54,2.02,0.53,15.0,0.55,15.0,0.56,87.0,0.45,10.0,0.44,87.0,0.46,7.89,0.47,15.0,0.01,0.01,2329.165603,1776392468000
1776392470.755,70.755,0.54,12.02,0.53,15.0,0.56,87.0,0.57,80.0,0.45,15.0,0.44,87.0,0.46,2.02,0.47,15.0,0.02,0.01,2329.26965,1776392469000
1776392471.559,71.559,0.57,10.0,0.56,81.0,0.59,20.74,0.6,15.0,0.44,82.0,0.43,80.0,0.45,10.0,0.46,12.02,0.02,0.01,2329.293425,1776392470000
1776392474.782,74.782,0.58,17.0,0.57,5.0,0.59,2.81,0.6,15.0,0.41,20.74,0.4,15.0,0.43,10.0,0.44,81.0,0.01,0.02,2329.39,1776392472000
1776392476.088,76.088,0.57,5.0,0.56,5.0,0.59,86.47,0.6,19.42,0.4,14.42,0.39,65.0,0.42,17.0,0.43,5.0,0.02,0.02,2329.42144,1776392474000
1776392478.07,78.07,0.56,9.02,0.55,15.0,0.57,10.0,0.58,20.0,0.42,15.0,0.41,116.47,0.44,8.52,0.45,29.5,0.01,0.02,2329.487508,1776392476000
1776392478.568,78.568,0.56,9.02,0.55,15.0,0.57,7.36,0.58,10.0,0.43,10.0,0.42,20.0,0.44,9.02,0.45,15.0,0.01,0.01,2329.466334,1776392477000
1776392479.772,79.772,0.56,4.02,0.55,15.0,0.58,7.53,0.59,86.47,0.43,7.36,0.42,10.0,0.44,9.02,0.45,15.0,0.02,0.01,2329.460195,1776392478000
1776392480.173,80.173,0.51,5.87,0.5,16.0,0.55,102.0,0.56,75.0,0.42,7.53,0.41,86.47,0.44,4.02,0.45,15.0,0.04,0.02,2329.460195,1776392478000
1776392480.405,80.405,0.5,9.5,0.49,15.0,0.51,22.0,0.52,20.0,0.48,5.0,0.47,10.0,0.5,11.39,0.51,15.0,0.01,0.02,2329.460195,1776392478000
1776392480.859,80.859,0.48,21.0,0.47,15.0,0.5,43.0,0.51,60.0,0.49,22.0,0.48,20.0,0.5,9.5,0.51,15.0,0.02,0.01,2329.457949,1776392479000
1776392483.133,83.133,0.48,15.0,0.47,22.0,0.51,5.49,0.52,15.0,0.5,43.0,0.49,60.0,0.52,21.0,0.53,15.0,0.03,0.02,2329.314016,1776392481000
1776392487.266,87.266,0.49,15.0,0.48,20.0,0.51,5.0,0.52,15.0,0.49,5.49,0.48,15.0,0.52,15.0,0.53,22.0,0.02,0.03,2329.148055,1776392485000
1776392491.162,91.162,0.56,23.0,0.55,23.0,0.58,2.2,0.59,100.0,0.49,5.0,0.48,15.0,0.51,15.0,0.52,20.0,0.02,0.02,2329.1851,1776392490000
1776392492.412,92.412,0.58,4.8,0.57,5.0,0.59,100.0,0.6,15.0,0.41,100.0,0.4,15.0,0.42,9.8,0.43,5.0,0.01,0.01,2329.1851,1776392490000
1776392495.779,95.779,0.58,19.8,0.57,15.0,0.59,58.98,0.6,15.0,0.41,100.0,0.4,15.0,0.42,4.8,0.43,5.0,0.01,0.01,2329.440802,1776392494000
1776392496.459,96.459,0.58,19.8,0.57,15.0,0.61,15.0,0.62,100.0,0.39,15.0,0.38,100.0,0.42,19.8,0.43,15.0,0.03,0.03,2329.44959,1776392495000
1776392497.265,97.265,0.6,9.0,0.59,29.0,0.61,15.0,0.62,85.0,0.39,15.0,0.38,100.0,0.42,19.8,0.43,15.0,0.01,0.03,2329.44962,1776392496000
1776392501.254,101.254,0.61,86.2,0.6,23.0,0.62,52.64,0.63,5.0,0.39,15.0,0.38,85.0,0.4,9.0,0.41,29.0,0.01,0.01,2329.497935,1776392500000
1776392503.657,103.657,0.56,8.0,0.55,15.0,0.57,20.0,0.58,20.0,0.38,45.81,0.37,5.0,0.39,67.0,0.4,23.0,0.01,0.01,2329.575325,1776392502000
1776392505.96,105.96,0.5,3.6,0.49,15.0,0.52,20.0,0.53,25.0,0.43,20.0,0.42,20.0,0.45,13.48,0.46,15.0,0.02,0.02,2329.573585,1776392504000
1776392508.58,108.58,0.49,15.0,0.48,23.0,0.52,20.0,0.53,25.0,0.48,20.0,0.47,25.0,0.5,3.6,0.51,15.0,0.03,0.02,2329.303685,1776392507000
1776392509.883,109.883,0.48,23.0,0.47,34.0,0.51,5.0,0.52,20.0,0.48,20.0,0.47,25.0,0.51,15.0,0.52,23.0,0.03,0.03,2329.234969,1776392508000
1776392510.61,110.61,0.49,0.31,0.48,15.0,0.5,5.0,0.51,20.0,0.49,5.0,0.48,20.0,0.52,23.0,0.53,34.0,0.01,0.03,2329.232626,1776392509000
1776392514.576,114.576,0.45,21.0,0.44,25.0,0.47,22.0,0.48,15.0,0.5,5.0,0.49,20.0,0.51,0.31,0.52,15.0,0.02,0.01,2329.160514,1776392513000
1776392515.226,115.226,0.45,21.0,0.44,25.0,0.47,19.87,0.48,15.0,0.53,22.0,0.52,15.0,0.55,21.0,0.56,25.0,0.02,0.02,2329.140474,1776392514000
1776392515.732,115.732,0.41,7.7,0.4,15.0,0.43,15.0,0.44,15.0,0.53,19.87,0.52,15.0,0.55,21.0,0.56,25.0,0.02,0.02,2329.140474,1776392514000
1776392516.25,116.25,0.42,10.0,0.41,13.7,0.43,27.0,0.44,15.0,0.57,15.0,0.56,15.0,0.59,7.7,0.6,15.0,0.01,0.02,2329.140474,1776392514000
1776392517.806,117.806,0.42,7.18,0.41,23.7,0.43,27.0,0.44,20.0,0.57,27.0,0.56,15.0,0.58,10.0,0.59,13.7,0.01,0.01,2328.97056,1776392516000
1776392518.029,118.029,0.41,0.88,0.4,15.0,0.43,27.0,0.44,20.0,0.57,27.0,0.56,20.0,0.58,7.18,0.59,23.7,0.02,0.01,2328.905585,1776392517000
1776392518.551,118.551,0.39,5.0,0.38,15.0,0.41,27.0,0.42,15.0,0.57,27.0,0.56,20.0,0.59,0.88,0.6,15.0,0.02,0.02,2328.905585,1776392517000
1776392520.447,120.447,0.39,24.72,0.38,8.84,0.41,15.0,0.42,15.0,0.6,10.0,0.59,46.2,0.62,8.84,0.63,22.0,0.02,0.02,2328.830338,1776392519000
1776392520.932,120.932,0.43,37.0,0.42,22.0,0.44,11.85,0.45,85.0,0.59,15.0,0.58,15.0,0.61,24.72,0.62,8.84,0.01,0.02,2328.830338,1776392519000
1776392521.909,121.909,0.45,14.08,0.44,20.0,0.5,70.0,0.51,20.0,0.56,6.85,0.55,85.0,0.57,37.0,0.58,22.0,0.05,0.01,2328.81466,1776392520000
1776392522.116,122.116,0.49,28.0,0.47,15.0,0.5,80.2,0.51,20.0,0.5,70.0,0.49,20.0,0.55,14.08,0.56,20.0,0.01,0.05,2328.81466,1776392520000
1776392522.399,122.399,0.49,90.2,0.48,22.0,0.5,47.52,0.51,15.0,0.5,80.2,0.49,20.0,0.51,28.0,0.53,15.0,0.01,0.01,2328.772613,1776392521000
1776392522.607,122.607,0.49,54.0,0.48,22.0,0.5,30.52,0.51,15.0,0.5,28.52,0.49,15.0,0.51,90.2,0.52,22.0,0.01,0.01,2328.772613,1776392521000
1776392524.595,124.595,0.49,5.0,0.48,12.0,0.5,26.09,0.51,15.0,0.5,30.52,0.49,15.0,0.51,54.0,0.52,22.0,0.01,0.01,2328.997135,1776392523000
1776392526.344,126.344,0.49,5.0,0.48,5.0,0.5,24.09,0.51,15.0,0.5,26.09,0.49,15.0,0.51,5.0,0.52,12.0,0.01,0.01,2329.1059,1776392524000
1776392528.824,128.824,0.48,5.0,0.47,12.0,0.5,29.09,0.51,15.0,0.5,24.09,0.49,15.0,0.51,5.0,0.52,5.0,0.02,0.01,2329.154125,1776392527000
1776392530.633,130.633,0.41,35.1,0.4,30.0,0.44,15.0,0.45,20.0,0.51,10.91,0.5,29.09,0.52,5.0,0.53,12.0,0.03,0.01,2329.14192,1776392529000
1776392531.343,131.343,0.41,35.1,0.4,15.0,0.42,21.71,0.43,5.0,0.56,15.0,0.55,20.0,0.59,35.1,0.6,30.0,0.01,0.03,2329.14192,1776392530000
1776392531.605,131.605,0.43,20.0,0.42,22.0,0.47,10.0,0.48,20.0,0.56,5.0,0.53,10.0,0.59,78.1,0.6,15.0,0.04,0.03,2329.14192,1776392530000
1776392532.606,132.606,0.51,5.0,0.5,20.0,0.53,2.92,0.54,15.0,0.53,10.0,0.52,20.0,0.57,20.0,0.58,22.0,0.02,0.04,2329.14192,1776392530000
1776392533.658,133.658,0.53,5.86,0.52,26.0,0.54,5.0,0.55,5.0,0.47,7.6,0.46,10.0,0.48,15.0,0.49,20.0,0.01,0.01,2329.081295,1776392532000
1776392535.622,135.622,0.57,15.0,0.56,33.0,0.58,0.28,0.59,5.0,0.46,5.0,0.45,5.0,0.47,5.86,0.48,26.0,0.01,0.01,2329.14216,1776392533000
1776392539.553,139.553,0.57,38.0,0.56,21.0,0.58,9.82,0.59,15.0,0.42,0.28,0.41,5.0,0.43,15.0,0.44,33.0,0.01,0.01,2329.475971,1776392538000
1776392540.115,140.115,0.57,38.0,0.56,21.0,0.58,4.64,0.59,15.0,0.42,9.82,0.41,15.0,0.43,38.0,0.44,21.0,0.01,0.01,2329.475971,1776392538000
1776392540.338,140.338,0.57,23.72,0.56,21.0,0.58,4.64,0.59,15.0,0.42,4.64,0.41,15.0,0.43,38.0,0.44,21.0,0.01,0.01,2329.475971,1776392538000
1776392548.344,148.344,0.58,13.1,0.57,10.0,0.59,15.0,0.6,15.0,0.42,4.64,0.41,15.0,0.43,23.72,0.44,21.0,0.01,0.01,2329.540695,1776392547000
1776392554.03,154.03,0.58,30.1,0.57,31.0,0.6,5.0,0.61,5.0,0.41,15.0,0.4,15.0,0.42,13.1,0.43,10.0,0.02,0.01,2329.507942,1776392552000
1776392554.518,154.518,0.59,33.0,0.58,23.1,0.61,5.0,0.62,5.0,0.4,5.0,0.39,5.0,0.42,30.1,0.43,31.0,0.02,0.02,2329.507942,1776392552000
1776392556.697,156.697,0.6,15.0,0.59,21.0,0.62,4.06,0.63,5.0,0.39,5.0,0.38,5.0,0.41,33.0,0.42,23.1,0.02,0.02,2329.517355,1776392555000
1776392557.636,157.636,0.61,22.0,0.6,15.0,0.63,5.0,0.64,10.0,0.38,4.06,0.37,5.0,0.4,15.0,0.41,21.0,0.02,0.02,2329.55232,1776392556000
1776392559.574,159.574,0.63,16.0,0.62,16.0,0.65,64.53,0.66,38.0,0.36,10.0,0.35,83.92,0.39,22.0,0.4,15.0,0.02,0.03,2329.549255,1776392558000
1776392560.163,160.163,0.64,16.0,0.63,16.0,0.65,77.42,0.66,38.0,0.35,64.53,0.34,38.0,0.37,16.0,0.38,16.0,0.01,0.02,2329.549255,1776392558000
1776392561.187,161.187,0.64,11.0,0.63,16.0,0.65,87.99,0.66,38.0,0.35,77.42,0.34,38.0,0.36,16.0,0.37,16.0,0.01,0.01,2329.589675,1776392559000
1776392562.028,162.028,0.63,5.0,0.62,10.0,0.64,72.99,0.65,58.07,0.35,87.99,0.34,38.0,0.36,5.0,0.37,10.0,0.01,0.01,2329.59205,1776392560000
1776392565.179,165.179,0.62,10.0,0.61,10.0,0.63,1.9,0.64,147.99,0.36,72.99,0.35,58.07,0.37,5.0,0.38,10.0,0.01,0.01,2329.540946,1776392563000
1776392565.955,165.955,0.62,10.0,0.61,10.0,0.64,137.04,0.65,53.07,0.37,1.9,0.36,147.99,0.38,10.0,0.39,10.0,0.02,0.01,2329.540949,1776392564000
1776392568.652,168.652,0.62,10.0,0.61,15.0,0.63,3.41,0.64,137.04,0.36,137.04,0.35,53.07,0.38,10.0,0.39,10.0,0.01,0.02,2329.546968,1776392567000
1776392569.312,169.312,0.62,10.0,0.61,15.0,0.64,136.44,0.65,43.07,0.37,3.41,0.36,137.04,0.38,10.0,0.39,15.0,0.02,0.01,2329.546968,1776392567000
1776392570.169,170.169,0.63,6.07,0.62,10.0,0.64,136.44,0.65,38.07,0.36,136.44,0.35,43.07,0.38,10.0,0.39,15.0,0.01,0.02,2329.548874,1776392569000
1776392573.007,173.007,0.67,64.2,0.66,103.0,0.68,27.0,0.69,5.0,0.36,136.44,0.35,38.07,0.37,6.07,0.38,10.0,0.01,0.01,2329.547554,1776392572000
1776392573.721,173.721,0.72,16.0,0.71,21.0,0.73,60.35,0.74,28.0,0.3,56.78,0.29,22.0,0.31,10.0,0.32,35.0,0.01,0.01,2329.547554,1776392572000
1776392576.439,176.439,0.62,20.0,0.61,16.0,0.68,6.0,0.71,55.92,0.27,60.35,0.26,28.0,0.28,16.0,0.29,21.0,0.06,0.01,2329.855538,1776392574000
1776392579.855,179.855,0.65,15.0,0.64,15.0,0.68,25.0,0.69,69.92,0.32,19.0,0.31,10.0,0.38,19.0,0.39,16.0,0.03,0.06,2329.771977,1776392578000
1776392580.102,180.102,0.67,72.0,0.66,16.0,0.68,14.0,0.7,5.0,0.32,25.0,0.31,69.92,0.35,15.0,0.36,15.0,0.01,0.03,2329.773158,1776392579000
1776392581.895,181.895,0.73,15.0,0.72,98.0,0.76,3.62,0.77,69.99,0.32,14.0,0.3,5.0,0.33,72.0,0.34,16.0,0.03,0.01,2329.854596,1776392580000
1776392582.598,182.598,0.76,5.0,0.74,5.0,0.77,59.04,0.79,5.0,0.23,4.12,0.2,15.0,0.27,15.0,0.28,98.0,0.01,0.04,2329.816485,1776392581000
1776392583.512,183.512,0.76,63.57,0.75,81.0,0.79,1.39,0.8,10.0,0.23,59.04,0.21,5.0,0.24,5.0,0.26,5.0,0.03,0.01,2330.055848,1776392582000
1776392583.74,183.74,0.76,81.0,0.75,15.0,0.81,4.82,0.83,11.0,0.2,1.29,0.19,10.0,0.24,57.0,0.25,11.0,0.05,0.04,2330.055848,1776392582000
1776392584.208,184.208,0.8,25.0,0.78,6.0,0.82,53.04,0.83,5.0,0.17,11.0,0.13,101.8,0.24,81.0,0.25,15.0,0.02,0.07,2330.20661,1776392583000
1776392584.656,184.656,0.81,60.0,0.8,35.0,0.82,51.04,0.83,5.0,0.18,53.04,0.17,5.0,0.2,25.0,0.22,6.0,0.01,0.02,2330.20661,1776392583000
1776392585.75,185.75,0.8,20.0,0.79,22.0,0.82,46.04,0.83,22.07,0.18,51.04,0.17,5.0,0.19,60.0,0.2,35.0,0.02,0.01,2330.39393,1776392584000
1776392586.3,186.3,0.81,10.0,0.8,26.0,0.82,48.71,0.83,22.07,0.18,46.04,0.17,22.07,0.2,20.0,0.21,22.0,0.01,0.02,2330.391805,1776392585000
1776392586.603,186.603,0.8,26.0,0.79,15.0,0.82,91.7,0.83,22.07,0.18,45.58,0.17,22.07,0.19,10.0,0.2,26.0,0.02,0.01,2330.391805,1776392585000
1776392587.093,187.093,0.81,21.0,0.8,12.0,0.82,85.82,0.83,22.07,0.18,90.82,0.17,22.07,0.19,29.0,0.2,12.0,0.01,0.01,2330.391805,1776392585000
1776392588.242,188.242,0.81,57.54,0.8,12.0,0.82,54.7,0.83,22.07,0.18,79.72,0.17,22.07,0.19,13.1,0.2,12.0,0.01,0.01,2330.452162,1776392587000
1776392588.737,188.737,0.81,97.44,0.8,12.0,0.82,71.8,0.83,22.07,0.18,54.7,0.17,22.07,0.19,57.54,0.2,12.0,0.01,0.01,2330.452162,1776392587000
1776392589.022,189.022,0.81,52.64,0.8,12.0,0.82,37.65,0.83,27.07,0.18,47.65,0.17,27.07,0.19,67.64,0.2,12.0,0.01,0.01,2330.452162,1776392587000
1776392590.488,190.488,0.81,10.0,0.8,12.0,0.82,55.65,0.83,219.31,0.18,37.65,0.17,27.07,0.19,52.64,0.2,12.0,0.01,0.01,2330.319389,1776392589000
1776392591.203,191.203,0.75,15.0,0.74,10.0,0.81,224.07,0.82,153.93,0.18,55.65,0.17,219.31,0.19,10.0,0.2,12.0,0.06,0.01,2330.319389,1776392589000
1776392593.221,193.221,0.77,84.0,0.76,15.0,0.79,17.07,0.8,32.0,0.19,224.07,0.18,153.93,0.25,15.0,0.26,10.0,0.02,0.06,2330.208472,1776392592000
1776392594.445,194.445,0.77,7.82,0.76,10.0,0.79,43.07,0.8,32.0,0.21,17.07,0.2,32.0,0.23,84.0,0.24,15.0,0.02,0.02,2330.08515,1776392593000
1776392594.916,194.916,0.72,21.0,0.71,10.0,0.73,6.0,0.78,22.0,0.27,8.0,0.22,7.0,0.28,10.0,0.29,10.0,0.01,0.01,2330.08515,1776392593000
1776392595.223,195.223,0.72,21.0,0.71,27.5,0.73,0.35,0.78,17.0,0.27,6.0,0.22,22.0,0.28,21.0,0.29,10.0,0.01,0.01,2330.08515,1776392593000
1776392595.606,195.606,0.72,16.0,0.71,27.5,0.77,10.0,0.78,22.0,0.27,0.35,0.22,17.0,0.28,21.0,0.29,27.5,0.05,0.01,2330.15844,1776392594000
1776392596.745,196.745,0.76,10.0,0.75,15.0,0.78,14.05,0.79,48.07,0.23,10.0,0.22,22.0,0.28,16.0,0.29,27.5,0.02,0.05,2330.170692,1776392595000
1776392598.676,198.676,0.75,5.77,0.74,10.0,0.77,24.0,0.78,4.05,0.22,14.05,0.21,48.07,0.24,10.0,0.25,15.0,0.02,0.02,2330.164865,1776392597000
1776392599.1,199.1,0.79,85.0,0.78,15.0,0.81,5.75,0.82,123.37,0.23,24.0,0.22,4.05,0.25,5.77,0.26,10.0,0.02,0.02,2330.164865,1776392597000
1776392600.781,200.781,0.81,67.17,0.8,39.0,0.83,37.66,0.84,68.8,0.19,5.75,0.18,123.37,0.21,85.0,0.22,15.0,0.02,0.02,2330.105646,1776392599000
1776392601.102,201.102,0.82,59.0,0.81,40.17,0.83,53.66,0.84,68.8,0.17,37.66,0.16,68.8,0.19,67.17,0.2,39.0,0.01,0.02,2330.105646,1776392599000
1776392602.283,202.283,0.84,10.0,0.83,35.0,0.85,43.0,0.86,36.0,0.17,51.29,0.16,42.0,0.18,114.0,0.19,40.17,0.01,0.01,2330.18983,1776392601000
1776392603.05,203.05,0.84,93.5,0.83,40.0,0.85,32.0,0.86,36.0,0.15,43.0,0.14,36.0,0.16,10.0,0.17,35.0,0.01,0.01,2330.18983,1776392601000
1776392604.322,204.322,0.84,93.5,0.83,40.0,0.85,51.9,0.86,36.0,0.15,32.0,0.14,36.0,0.16,93.5,0.17,40.0,0.01,0.01,2330.209445,1776392603000
1776392608.765,208.765,0.84,60.0,0.83,28.0,0.85,29.0,0.86,62.0,0.15,51.9,0.14,36.0,0.16,93.5,0.17,40.0,0.01,0.01,2330.30677,1776392607000
1776392609.37,209.37,0.84,7.75,0.83,22.0,0.86,62.0,0.87,41.8,0.15,29.0,0.14,62.0,0.16,60.0,0.17,28.0,0.02,0.01,2330.30866,1776392608000
1776392609.59,209.59,0.82,50.84,0.81,23.17,0.85,10.0,0.86,62.0,0.14,62.0,0.13,41.8,0.16,7.75,0.17,22.0,0.03,0.02,2330.30866,1776392608000
1776392610.189,210.189,0.84,12.0,0.82,11.94,0.85,15.0,0.86,26.0,0.15,10.0,0.14,31.0,0.18,50.84,0.19,23.17,0.01,0.03,2330.30866,1776392608000
1776392610.454,210.454,0.84,7.07,0.83,10.0,0.85,12.95,0.86,80.0,0.15,12.95,0.14,26.0,0.16,12.0,0.17,10.0,0.01,0.01,2330.30866,1776392608000
1776392610.711,210.711,0.84,7.07,0.83,15.0,0.85,34.35,0.86,57.0,0.15,39.83,0.14,209.0,0.16,7.07,0.17,10.0,0.01,0.01,2330.304485,1776392609000
1776392611.465,211.465,0.81,16.17,0.8,135.0,0.85,72.35,0.86,70.9,0.15,34.35,0.14,57.0,0.16,7.07,0.17,15.0,0.04,0.01,2330.304485,1776392610000
1776392612.017,212.017,0.8,123.86,0.79,5.0,0.82,80.0,0.83,42.0,0.15,72.35,0.14,70.9,0.19,16.17,0.2,135.0,0.02,0.04,2330.304485,1776392610000
1776392614.438,214.438,0.81,10.0,0.8,21.0,0.84,52.8,0.85,28.2,0.19,45.0,0.18,20.0,0.22,21.0,0.33,7.0,0.03,0.03,2329.921301,1776392613000
1776392615.03,215.03,0.81,10.0,0.8,21.0,0.82,10.75,0.83,23.0,0.18,5.75,0.17,9.0,0.19,16.0,0.2,26.0,0.01,0.01,2329.921301,1776392613000
1776392616.269,216.269,0.82,15.0,0.81,10.0,0.83,29.17,0.84,52.8,0.17,9.52,0.16,52.8,0.19,10.0,0.2,21.0,0.01,0.02,2329.964864,1776392615000
1776392618.838,218.838,0.82,20.0,0.81,10.0,0.84,48.8,0.85,57.2,0.17,29.17,0.16,52.8,0.18,15.0,0.19,10.0,0.02,0.01,2330.066192,1776392617000
1776392619.146,219.146,0.84,21.0,0.83,42.0,0.85,11.14,0.86,31.0,0.16,12.8,0.15,42.2,0.17,33.0,0.18,15.0,0.01,0.01,2330.066192,1776392617000
1776392620.941,220.941,0.86,1.71,0.85,21.0,0.87,92.8,0.88,70.1,0.14,10.76,0.13,31.8,0.16,21.0,0.17,42.0,0.01,0.02,2330.063885,1776392619000
1776392623.651,223.651,0.82,5.0,0.8,5.0,0.87,137.8,0.88,87.44,0.13,92.8,0.12,70.1,0.14,1.71,0.15,21.0,0.05,0.01,2330.18,1776392622000
1776392627.956,227.956,0.82,15.0,0.81,20.0,0.85,10.0,0.86,49.9,0.13,137.8,0.12,87.44,0.18,5.0,0.2,5.0,0.03,0.05,2330.118233,1776392626000
1776392629.749,229.749,0.84,24.0,0.83,15.0,0.86,11.58,0.87,66.8,0.15,10.0,0.14,49.9,0.18,15.0,0.19,20.0,0.02,0.03,2330.05484,1776392628000
1776392630.509,230.509,0.84,19.0,0.83,15.0,0.86,11.58,0.87,141.8,0.14,11.58,0.13,66.8,0.16,24.0,0.17,15.0,0.02,0.02,2330.05484,1776392628000
1776392631.38,231.38,0.87,26.0,0.86,30.0,0.88,34.44,0.89,90.79,0.14,11.58,0.13,141.8,0.16,19.0,0.17,15.0,0.01,0.02,2330.153627,1776392630000
1776392632.894,232.894,0.87,26.0,0.86,30.0,0.88,33.75,0.89,75.79,0.12,34.44,0.11,90.79,0.13,26.0,0.14,30.0,0.01,0.01,2330.153627,1776392631000
1776392633.14,233.14,0.87,26.0,0.86,30.0,0.9,95.34,0.91,65.0,0.12,33.75,0.11,75.79,0.13,26.0,0.14,30.0,0.03,0.01,2330.153627,1776392631000
1776392634.747,234.747,0.87,7.0,0.86,30.0,0.88,125.0,0.89,30.0,0.1,95.34,0.09,65.0,0.13,26.0,0.14,30.0,0.01,0.03,2330.18643,1776392633000
1776392636.4,236.4,0.87,134.78,0.86,30.0,0.88,105.0,0.89,29.0,0.12,125.0,0.11,30.0,0.13,7.0,0.14,30.0,0.01,0.01,2330.18607,1776392634000
1776392640.47,240.47,0.87,154.78,0.86,80.0,0.88,101.59,0.89,15.0,0.12,105.0,0.11,29.0,0.13,134.78,0.14,30.0,0.01,0.01,2330.18684,1776392639000
1776392640.717,240.717,0.87,154.78,0.86,80.0,0.88,40.18,0.89,15.0,0.12,99.31,0.11,15.0,0.13,154.78,0.14,80.0,0.01,0.01,2330.18684,1776392639000
1776392640.967,240.967,0.87,174.78,0.86,88.0,0.88,18.93,0.9,25.0,0.12,30.18,0.11,5.0,0.13,154.78,0.14,80.0,0.01,0.01,2330.19184,1776392640000
1776392641.744,241.744,0.89,5.0,0.88,20.0,0.9,16.0,0.91,36.0,0.1,25.0,0.09,11.0,0.13,164.78,0.14,88.0,0.01,0.03,2330.19184,1776392640000
1776392641.974,241.974,0.88,15.13,0.87,151.78,0.9,21.0,0.91,36.0,0.1,16.0,0.09,36.0,0.12,20.0,0.13,151.78,0.02,0.02,2330.205995,1776392641000
1776392646.037,246.037,0.88,98.13,0.87,352.78,0.9,92.0,0.91,11.0,0.1,21.0,0.09,36.0,0.12,15.13,0.13,151.78,0.02,0.02,2330.20076,1776392645000
1776392646.483,246.483,0.91,9.0,0.9,21.0,0.92,13.3,0.93,24.0,0.08,13.3,0.07,24.0,0.09,37.0,0.1,10.0,0.01,0.01,2330.20076,1776392645000
1776392647.016,247.016,0.91,4.0,0.9,11.0,0.92,12.21,0.93,24.0,0.08,13.3,0.07,24.0,0.09,9.0,0.1,21.0,0.01,0.01,2330.20076,1776392645000
1776392647.524,247.524,0.91,4.0,0.9,11.0,0.92,9.31,0.93,24.0,0.08,12.21,0.07,24.0,0.09,4.0,0.1,11.0,0.01,0.01,2330.19998,1776392646000
1776392649.411,249.411,0.91,9.0,0.9,16.0,0.92,17.31,0.93,24.0,0.08,9.31,0.07,24.0,0.09,4.0,0.1,11.0,0.01,0.01,2330.36209,1776392648000
1776392650.44,250.44,0.9,10.0,0.89,15.0,0.91,11.0,0.92,4.31,0.08,17.31,0.07,24.0,0.09,9.0,0.1,16.0,0.01,0.01,2330.322619,1776392649000
1776392650.979,250.979,0.89,24.0,0.88,15.0,0.9,21.81,0.91,26.0,0.09,11.0,0.08,4.31,0.1,10.0,0.11,15.0,0.01,0.01,2330.322619,1776392649000
1776392651.367,251.367,0.89,29.0,0.88,15.0,0.9,5.13,0.91,26.0,0.1,10.69,0.09,26.0,0.11,24.0,0.12,15.0,0.01,0.01,2330.304825,1776392650000
1776392652.564,252.564,0.89,19.0,0.88,25.0,0.9,27.91,0.91,26.0,0.1,5.13,0.09,26.0,0.11,29.0,0.12,15.0,0.01,0.01,2330.32316,1776392651000
1776392653.215,253.215,0.89,9.0,0.88,25.0,0.91,16.0,0.92,4.31,0.1,27.91,0.09,26.0,0.11,6.0,0.12,25.0,0.02,0.01,2330.32316,1776392651000
1776392655.287,255.287,0.91,11.35,0.9,19.0,0.92,9.31,0.93,24.0,0.09,16.0,0.08,4.31,0.11,9.0,0.12,25.0,0.01,0.02,2330.21178,1776392654000
1776392656.142,256.142,0.9,15.35,0.89,55.44,0.92,9.31,0.93,24.0,0.08,9.31,0.07,24.0,0.09,11.35,0.1,19.0,0.02,0.01,2330.21178,1776392654000
1776392657.838,257.838,0.9,10.35,0.89,92.23,0.92,4.31,0.93,29.0,0.08,9.31,0.07,24.0,0.1,15.35,0.11,55.44,0.02,0.02,2330.187005,1776392656000
1776392659.118,259.118,0.89,51.79,0.88,49.1,0.9,20.65,0.92,4.31,0.08,4.31,0.07,29.0,0.1,9.35,0.11,92.23,0.01,0.02,2330.19877,1776392657000
1776392659.332,259.332,0.89,59.79,0.88,49.1,0.9,19.53,0.92,4.31,0.1,20.65,0.08,4.31,0.11,51.79,0.12,49.1,0.01,0.01,2330.19877,1776392657000
1776392660.046,260.046,0.89,140.72,0.88,49.1,0.9,19.53,0.91,10.0,0.1,19.53,0.08,4.31,0.11,59.79,0.12,49.1,0.01,0.01,2330.19877,1776392658000
1776392660.635,260.635,0.89,157.72,0.88,49.1,0.9,9.41,0.91,10.0,0.1,14.47,0.09,10.0,0.11,150.72,0.12,49.1,0.01,0.01,2330.203385,1776392659000
1776392661.07,261.07,0.89,120.26,0.88,49.1,0.91,2.0,0.92,4.31,0.1,9.41,0.09,10.0,0.11,112.26,0.12,49.1,0.02,0.01,2330.204005,1776392660000
1776392661.862,261.862,0.9,171.51,0.89,72.79,0.93,19.46,0.94,69.0,0.09,2.0,0.08,4.31,0.11,120.26,0.12,49.1,0.03,0.02,2330.204005,1776392660000
1776392663.304,263.304,0.92,127.47,0.91,15.0,0.93,23.7,0.94,26.0,0.07,19.46,0.06,69.0,0.1,171.51,0.11,72.79,0.01,0.03,2330.173275,1776392662000
1776392664.436,264.436,0.92,122.47,0.9,53.0,0.93,8.92,0.94,26.0,0.07,12.94,0.06,26.0,0.08,127.47,0.09,15.0,0.01,0.01,2330.1682,1776392663000
1776392664.789,264.789,0.89,4.49,0.87,114.94,0.93,243.92,0.94,240.0,0.07,8.92,0.06,26.0,0.08,122.47,0.1,53.0,0.04,0.01,2330.1682,1776392663000
1776392665.125,265.125,0.87,99.43,0.82,15.0,0.9,101.0,0.91,73.0,0.07,241.76,0.06,240.0,0.11,4.49,0.13,114.94,0.03,0.04,2330.1682,1776392663000
1776392665.354,265.354,0.84,10.0,0.83,10.0,0.85,8.43,0.86,69.0,0.14,20.07,0.12,63.01,0.17,10.0,0.18,15.0,0.01,0.03,2330.1682,1776392663000
1776392666.393,266.393,0.84,10.0,0.83,10.0,0.85,1.71,0.86,60.0,0.15,3.52,0.14,69.0,0.16,10.0,0.17,10.0,0.01,0.01,2330.175585,1776392665000
1776392667.514,267.514,0.84,10.0,0.83,86.26,0.86,46.75,0.87,32.0,0.14,54.32,0.13,32.0,0.16,10.0,0.17,10.0,0.02,0.02,2330.175585,1776392665000
1776392668.721,268.721,0.83,8.69,0.82,15.0,0.86,46.75,0.88,16.0,0.14,46.75,0.13,32.0,0.16,10.0,0.17,86.26,0.03,0.02,2329.80095,1776392667000
1776392669.053,269.053,0.82,5.0,0.8,8.0,0.84,17.97,0.85,42.0,0.14,46.75,0.12,16.0,0.17,8.69,0.18,15.0,0.02,0.03,2329.80095,1776392668000
1776392669.525,269.525,0.82,4.9,0.75,7.0,0.83,14.67,0.84,23.97,0.17,15.0,0.16,43.97,0.18,4.9,0.25,12.0,0.01,0.01,2329.80095,1776392668000
1776392670.391,270.391,0.76,0.9,0.74,15.0,0.83,14.67,0.84,7.97,0.17,14.67,0.16,23.97,0.18,4.9,0.25,7.0,0.07,0.01,2329.80095,1776392668000
1776392670.834,270.834,0.7,15.81,0.69,11.0,0.77,30.0,0.78,9.94,0.22,9.94,0.21,10.0,0.24,6.9,0.25,10.0,0.07,0.02,2329.7859,1776392669000
1776392671.272,271.272,0.72,2.75,0.7,6.0,0.73,3.56,0.74,10.0,0.27,3.56,0.26,10.0,0.28,5.0,0.3,11.0,0.01,0.01,2329.7859,1776392669000
1776392671.545,271.545,0.72,2.75,0.7,6.0,0.74,3.24,0.75,10.0,0.27,3.56,0.26,10.0,0.28,2.75,0.3,6.0,0.02,0.01,2329.611528,1776392670000
1776392672.327,272.327,0.72,2.75,0.7,6.0,0.73,3.06,0.74,3.24,0.26,3.24,0.25,10.0,0.28,2.75,0.3,6.0,0.01,0.02,2329.585368,1776392671000
1776392672.654,272.654,0.72,2.75,0.71,5.0,0.75,6.04,0.76,10.0,0.27,3.06,0.26,3.24,0.28,2.75,0.3,6.0,0.03,0.01,2329.585368,1776392671000
1776392673.359,273.359,0.71,11.0,0.7,10.0,0.72,14.25,0.73,34.0,0.25,6.04,0.24,10.0,0.28,2.75,0.29,5.0,0.01,0.03,2329.53245,1776392672000
1776392673.61,273.61,0.71,1.0,0.7,10.0,0.72,31.52,0.73,10.0,0.28,42.08,0.27,10.0,0.29,1.0,0.3,10.0,0.01,0.01,2329.53245,1776392672000
1776392674.111,274.111,0.65,7.74,0.62,15.3,0.72,40.52,0.73,20.0,0.28,31.52,0.27,10.0,0.29,1.0,0.3,10.0,0.07,0.01,2329.53245,1776392672000
1776392674.613,274.613,0.6,111.24,0.59,10.0,0.63,7.96,0.64,10.0,0.34,15.0,0.33,10.0,0.4,111.24,0.41,10.0,0.03,0.06,2329.526181,1776392673000
1776392674.892,274.892,0.63,13.84,0.62,10.0,0.65,1.08,0.66,10.0,0.35,6.08,0.34,10.0,0.38,10.0,0.39,10.0,0.02,0.03,2329.526181,1776392673000
1776392675.745,275.745,0.61,5.07,0.6,116.24,0.71,88.0,0.72,1.52,0.34,10.0,0.33,10.0,0.35,6.61,0.37,13.84,0.1,0.01,2329.4827,1776392674000
1776392676.661,276.661,0.7,10.0,0.69,10.0,0.71,87.57,0.72,11.52,0.29,88.0,0.28,1.52,0.39,5.07,0.4,116.24,0.01,0.1,2329.421264,1776392675000
1776392677.332,277.332,0.7,14.28,0.63,10.0,0.71,74.57,0.72,11.52,0.29,87.57,0.28,11.52,0.3,10.0,0.31,10.0,0.01,0.01,2329.407697,1776392676000
1776392677.593,277.593,0.62,38.11,0.61,0.07,0.65,2.85,0.66,10.0,0.29,68.0,0.28,11.52,0.38,28.11,0.39,0.07,0.03,0.09,2329.407697,1776392676000
1776392677.971,277.971,0.66,10.0,0.65,15.0,0.67,4.1,0.68,15.0,0.34,1.59,0.33,20.0,0.36,10.0,0.37,10.0,0.01,0.02,2329.407697,1776392676000
1776392678.5,278.5,0.65,2.5,0.63,10.0,0.67,10.0,0.68,39.0,0.33,4.1,0.32,15.0,0.34,10.0,0.35,15.0,0.02,0.01,2329.413559,1776392677000
1776392678.746,278.746,0.64,5.0,0.63,10.0,0.66,8.18,0.67,10.0,0.33,10.0,0.32,15.0,0.4,100.01,0.41,10.0,0.02,0.07,2329.413559,1776392677000
1776392679.064,279.064,0.62,4.47,0.61,15.0,0.65,10.0,0.66,8.18,0.34,8.18,0.33,10.0,0.36,5.0,0.37,10.0,0.03,0.02,2329.4145,1776392678000
1776392680.083,280.083,0.67,15.0,0.66,15.0,0.68,5.0,0.69,10.0,0.35,10.0,0.34,13.18,0.38,10.0,0.39,10.0,0.01,0.03,2329.4145,1776392678000
1776392680.702,280.702,0.65,5.67,0.64,10.0,0.66,10.0,0.67,10.0,0.32,5.0,0.31,10.0,0.33,15.0,0.34,15.0,0.01,0.01,2329.410398,1776392679000
1776392682.058,282.058,0.66,5.34,0.65,10.0,0.68,10.0,0.69,10.0,0.34,2.42,0.33,15.0,0.36,6.92,0.37,10.0,0.02,0.02,2329.362625,1776392681000
1776392682.514,282.514,0.67,5.0,0.66,5.34,0.69,10.0,0.7,10.0,0.32,10.0,0.31,10.0,0.34,5.34,0.35,10.0,0.02,0.02,2329.362625,1776392681000
1776392683.632,283.632,0.7,10.0,0.69,10.0,0.73,30.0,0.75,9.0,0.31,10.0,0.3,10.0,0.33,5.0,0.34,5.34,0.03,0.02,2329.359478,1776392682000
1776392684.096,284.096,0.72,8.0,0.71,15.0,0.73,30.0,0.76,50.0,0.27,30.0,0.25,9.0,0.3,10.0,0.31,10.0,0.01,0.03,2329.359478,1776392682000
1776392685.682,285.682,0.73,11.86,0.72,8.0,0.74,30.0,0.76,50.0,0.27,30.0,0.24,50.0,0.28,8.0,0.29,15.0,0.01,0.01,2329.370572,1776392684000
1776392686.203,286.203,0.9,8.9,0.89,15.0,0.92,20.0,0.94,16.0,0.24,50.0,0.23,9.0,0.27,11.86,0.28,8.0,0.02,0.03,2329.370572,1776392684000
1776392686.789,286.789,0.91,10.0,0.9,10.0,0.92,16.63,0.93,10.0,0.08,19.9,0.07,10.0,0.09,10.0,0.1,10.0,0.01,0.01,2329.376531,1776392685000
1776392687.394,287.394,0.83,10.0,0.82,48.0,0.91,15.0,0.92,15.0,0.08,16.63,0.07,10.0,0.09,10.0,0.1,10.0,0.08,0.01,2329.411825,1776392686000
1776392687.677,287.677,0.84,7.0,0.81,60.0,0.85,0.76,0.86,10.0,0.15,6.5,0.14,10.0,0.18,11.01,0.19,60.0,0.01,0.03,2329.411825,1776392686000
1776392688.335,288.335,0.81,60.0,0.8,10.0,0.83,13.79,0.84,10.0,0.17,8.79,0.16,10.0,0.18,7.0,0.19,60.0,0.02,0.01,2329.48488,1776392687000
1776392688.959,288.959,0.77,10.0,0.76,10.0,0.8,6.48,0.81,40.0,0.17,13.79,0.16,10.0,0.19,60.0,0.2,10.0,0.03,0.02,2329.48488,1776392687000
1776392689.276,289.276,0.8,10.0,0.79,10.0,0.81,21.23,0.82,6.01,0.19,28.64,0.18,6.01,0.24,10.0,0.25,10.0,0.01,0.05,2329.567973,1776392688000
1776392689.5,289.5,0.72,30.0,0.71,50.0,0.75,8.68,0.76,15.0,0.19,10.0,0.18,16.01,0.22,3.34,0.23,10.0,0.03,0.03,2329.567973,1776392688000
1776392689.796,289.796,0.72,30.0,0.71,50.0,0.73,8.63,0.74,10.0,0.25,8.68,0.24,15.0,0.28,30.0,0.29,50.0,0.01,0.03,2329.567973,1776392688000
1776392690.222,290.222,0.71,50.0,0.7,5.0,0.72,0.69,0.73,8.63,0.28,5.0,0.27,8.63,0.29,50.0,0.31,10.0,0.01,0.01,2329.53905,1776392689000
1776392690.858,290.858,0.66,30.0,0.63,10.0,0.67,10.0,0.68,10.0,0.27,2.46,0.26,10.0,0.29,50.0,0.3,5.0,0.01,0.02,2329.53905,1776392689000
1776392691.213,291.213,0.73,10.0,0.72,10.0,0.74,7.86,0.75,8.68,0.3,3.25,0.29,10.0,0.33,10.0,0.34,10.0,0.01,0.03,2329.53905,1776392689000
1776392691.81,291.81,0.67,10.0,0.66,10.0,0.7,3.4,0.71,10.0,0.26,5.69,0.25,8.68,0.27,10.0,0.28,10.0,0.03,0.01,2329.4428,1776392690000
1776392692.263,292.263,0.59,10.0,0.58,10.0,0.61,10.0,0.62,10.0,0.3,3.4,0.29,10.0,0.33,10.0,0.34,10.0,0.02,0.03,2329.4428,1776392691000
1776392692.582,292.582,0.61,10.0,0.6,26.0,0.66,60.0,0.67,40.0,0.39,10.0,0.38,10.0,0.41,10.0,0.42,10.0,0.05,0.02,2329.4428,1776392691000
1776392693.097,293.097,0.6,2.39,0.59,10.0,0.65,10.0,0.66,60.0,0.34,60.0,0.33,40.0,0.39,10.0,0.4,26.0,0.05,0.05,2329.4428,1776392691000
1776392693.622,293.622,0.62,15.0,0.61,16.0,0.63,3.0,0.64,10.0,0.37,15.0,0.36,10.0,0.4,1.93,0.41,10.0,0.01,0.03,2329.381996,1776392692000
1776392694.637,294.637,0.64,15.0,0.63,31.0,0.66,57.65,0.67,10.0,0.37,3.0,0.36,10.0,0.38,15.0,0.39,16.0,0.02,0.01,2329.367774,1776392693000
1776392694.873,294.873,0.64,21.97,0.63,10.0,0.66,57.65,0.67,10.0,0.34,57.65,0.33,10.0,0.36,15.0,0.37,31.0,0.02,0.02,2329.367774,1776392693000
1776392695.715,295.715,0.55,3.51,0.54,10.0,0.66,47.65,0.69,40.0,0.34,57.65,0.33,10.0,0.36,21.97,0.37,10.0,0.11,0.02,2329.298365,1776392694000
1776392696.045,296.045,0.6,10.0,0.59,10.0,0.63,0.65,0.64,10.0,0.34,47.65,0.31,40.0,0.49,51.59,0.5,10.0,0.03,0.15,2329.298365,1776392694000
1776392696.481,296.481,0.6,10.0,0.59,10.0,0.71,87.09,0.72,10.0,0.36,5.65,0.35,10.0,0.38,10.0,0.4,10.0,0.11,0.02,2329.306884,1776392695000
1776392696.727,296.727,0.68,10.0,0.67,10.0,0.7,6.6,0.71,85.29,0.3,3.75,0.29,85.29,0.34,10.0,0.35,55.95,0.02,0.04,2329.306884,1776392695000
1776392697.262,297.262,0.7,10.0,0.69,10.0,0.71,9.59,0.73,30.0,0.29,56.69,0.28,10.0,0.32,10.0,0.33,10.0,0.01,0.03,2329.307118,1776392696000
1776392697.577,297.577,0.72,10.0,0.71,10.0,0.76,28.99,0.77,10.0,0.24,58.46,0.23,10.0,0.27,10.0,0.28,10.0,0.04,0.03,2329.307118,1776392696000
1776392697.783,297.783,0.81,10.0,0.8,10.0,0.83,1.0,0.84,10.0,0.17,10.0,0.16,10.0,0.2,10.0,0.21,10.0,0.02,0.03,2329.307118,1776392696000
1776392698.021,298.021,0.84,5.0,0.83,10.0,0.86,50.0,0.87,4.98,0.17,1.0,0.16,10.0,0.19,10.0,0.2,10.0,0.02,0.02,2329.307118,1776392696000
1776392698.357,298.357,0.93,10.0,0.92,97.0,0.95,27.37,0.96,50.0,0.14,50.0,0.13,4.98,0.16,5.0,0.17,10.0,0.02,0.02,2329.270963,1776392697000
1776392698.562,298.562,0.96,165.0,0.95,258.63,0.97,38.57,0.98,185.23,0.03,68.57,0.02,185.23,0.04,165.0,0.05,258.63,0.01,0.01,2329.270963,1776392697000
1776392698.8,298.8,0.97,162.0,0.96,100.0,0.98,32.39,0.99,1174.56,0.02,62.39,0.01,1174.56,0.03,10.0,0.04,171.5,0.01,0.01,2329.270963,1776392697000
1776392699.033,299.033,0.97,149.59,0.96,105.31,0.99,1071.91,,,0.01,1171.91,,,0.03,149.59,0.04,105.31,0.02,0.02,2329.270963,1776392697000
1776392699.645,299.645,0.99,9360.82,0.97,15.59,,,,,,,,,0.01,1217.31,0.03,15.59,,,2329.271679,1776392698000
1776392700.449,300.449,0.99,29670.15,0.97,5.59,,,,,,,,,0.01,9360.82,0.03,15.59,,,2329.34361,1776392699000

# RESULT,winner=Up,slug=eth-updown-5m-1776392400,ticks=253
