timestamp,elapsed_sec,up_bid_p1,up_bid_s1,up_bid_p2,up_bid_s2,up_ask_p1,up_ask_s1,up_ask_p2,up_ask_s2,down_bid_p1,down_bid_s1,down_bid_p2,down_bid_s2,down_ask_p1,down_ask_s1,down_ask_p2,down_ask_s2,up_spread,down_spread,eth_price,eth_oracle_ts
1776399000.946,0.946,0.52,1.66,0.51,16.94,0.6,10.0,0.61,6.0,0.4,10.0,0.39,6.0,0.48,1.66,0.49,16.94,0.08,0.08,2327.39172,1776398999000
1776399002.202,2.202,0.52,1.66,0.51,46.35,0.54,10.27,0.55,75.0,0.4,10.0,0.39,6.0,0.48,1.66,0.49,16.94,0.02,0.08,2327.345975,1776399000000
1776399004.263,4.263,0.52,3.53,0.51,46.35,0.53,30.0,0.54,28.0,0.46,10.27,0.45,75.0,0.48,1.66,0.49,46.35,0.01,0.02,2327.362277,1776399002000
1776399004.552,4.552,0.51,46.35,0.5,13.0,0.52,10.0,0.53,30.0,0.47,30.0,0.46,28.0,0.48,3.53,0.49,46.35,0.01,0.01,2327.326705,1776399003000
1776399004.95,4.95,0.52,31.0,0.51,137.35,0.54,5.0,0.55,10.0,0.48,10.0,0.47,30.0,0.49,46.35,0.5,13.0,0.02,0.01,2327.326705,1776399003000
1776399005.27,5.27,0.6,15.0,0.59,24.0,0.61,1.72,0.62,18.0,0.45,10.0,0.44,23.0,0.48,26.0,0.49,137.35,0.01,0.03,2327.32681,1776399004000
1776399006.422,6.422,0.63,6.75,0.62,15.0,0.64,111.0,0.65,99.0,0.39,1.72,0.38,18.0,0.4,15.0,0.41,24.0,0.01,0.01,2327.361978,1776399005000
1776399006.815,6.815,0.63,11.75,0.62,15.0,0.64,13.43,0.65,29.0,0.36,111.0,0.35,99.0,0.37,6.75,0.38,15.0,0.01,0.01,2327.361978,1776399005000
1776399007.799,7.799,0.63,11.75,0.62,15.0,0.64,25.76,0.65,29.0,0.36,3.43,0.35,29.0,0.37,16.75,0.38,15.0,0.01,0.01,2327.469792,1776399006000
1776399009.383,9.383,0.63,9.04,0.62,44.26,0.64,23.57,0.65,29.0,0.36,28.57,0.35,29.0,0.37,9.04,0.38,15.0,0.01,0.01,2327.823066,1776399008000
1776399009.953,9.953,0.63,19.04,0.62,15.0,0.64,17.0,0.65,14.0,0.36,22.0,0.35,29.0,0.37,9.04,0.38,44.26,0.01,0.01,2327.823066,1776399008000
1776399010.668,10.668,0.63,19.04,0.62,20.0,0.66,38.63,0.67,25.0,0.36,17.0,0.35,14.0,0.37,19.04,0.38,15.0,0.03,0.01,2327.852874,1776399009000
1776399011.839,11.839,0.65,9.5,0.64,20.0,0.66,49.13,0.67,40.0,0.34,38.63,0.33,25.0,0.37,19.04,0.38,20.0,0.01,0.03,2327.841638,1776399010000
1776399013.006,13.006,0.65,9.5,0.64,10.0,0.66,47.61,0.67,40.0,0.34,49.13,0.33,40.0,0.35,9.5,0.36,20.0,0.01,0.01,2327.850738,1776399011000
1776399015.058,15.058,0.65,34.5,0.64,20.0,0.66,36.09,0.67,40.0,0.34,47.61,0.33,40.0,0.35,9.5,0.36,10.0,0.01,0.01,2327.85235,1776399013000
1776399016.543,16.543,0.65,20.0,0.64,20.5,0.66,63.09,0.67,30.0,0.34,38.09,0.33,40.0,0.35,39.5,0.36,20.0,0.01,0.01,2327.85267,1776399015000
1776399019.669,19.669,0.65,0.71,0.64,20.5,0.66,56.09,0.67,39.0,0.34,63.09,0.33,30.0,0.35,20.0,0.36,20.5,0.01,0.01,2327.849161,1776399018000
1776399024.226,24.226,0.65,22.0,0.64,30.5,0.66,15.5,0.67,34.5,0.34,56.09,0.33,39.0,0.35,0.71,0.36,20.5,0.01,0.01,2327.856143,1776399022000
1776399024.911,24.911,0.65,10.0,0.64,25.5,0.66,13.5,0.67,34.5,0.34,15.5,0.33,34.5,0.35,22.0,0.36,30.5,0.01,0.01,2327.852952,1776399024000
1776399025.305,25.305,0.63,149.93,0.59,5.0,0.64,173.78,0.65,35.5,0.34,13.5,0.33,34.5,0.35,10.0,0.36,25.5,0.01,0.01,2327.852952,1776399024000
1776399025.686,25.686,0.51,51.15,0.5,23.5,0.53,47.02,0.54,25.5,0.44,41.57,0.43,35.5,0.46,11.7,0.47,13.0,0.02,0.02,2327.852952,1776399024000
1776399025.916,25.916,0.51,24.24,0.5,23.5,0.52,29.02,0.53,53.0,0.48,22.02,0.47,74.2,0.49,35.43,0.5,23.5,0.01,0.01,2327.852952,1776399024000
1776399026.237,26.237,0.51,5.24,0.5,13.0,0.52,63.3,0.53,31.0,0.48,29.02,0.47,53.0,0.49,24.24,0.5,23.5,0.01,0.01,2327.850271,1776399025000
1776399028.536,28.536,0.49,5.0,0.48,5.0,0.52,129.8,0.53,60.0,0.48,63.3,0.47,31.0,0.49,5.24,0.5,13.0,0.03,0.01,2327.380188,1776399027000
1776399028.775,28.775,0.46,10.0,0.45,90.5,0.48,89.52,0.49,20.0,0.52,5.0,0.51,5.0,0.53,1.07,0.54,10.0,0.02,0.01,2327.380188,1776399027000
1776399029.011,29.011,0.46,0.03,0.45,90.5,0.47,95.02,0.48,70.5,0.52,89.52,0.51,20.0,0.54,10.0,0.55,90.5,0.01,0.02,2327.34249,1776399028000
1776399029.481,29.481,0.45,105.5,0.44,154.99,0.46,6.91,0.47,50.0,0.53,95.02,0.52,70.5,0.54,0.03,0.55,90.5,0.01,0.01,2327.34249,1776399028000
1776399029.843,29.843,0.45,105.5,0.44,154.99,0.46,20.32,0.47,50.0,0.54,6.91,0.53,50.0,0.55,105.5,0.56,154.99,0.01,0.01,2327.34249,1776399028000
1776399032.893,32.893,0.45,147.07,0.44,96.29,0.46,97.28,0.47,25.5,0.54,20.32,0.53,50.0,0.55,105.5,0.56,154.99,0.01,0.01,2327.166779,1776399031000
1776399033.782,33.782,0.45,121.87,0.44,103.5,0.46,106.91,0.47,25.5,0.54,97.28,0.53,25.5,0.55,147.07,0.56,96.29,0.01,0.01,2327.151016,1776399032000
1776399035.514,35.514,0.37,106.99,0.36,108.49,0.4,101.91,0.41,44.5,0.54,106.91,0.53,25.5,0.55,121.87,0.56,103.5,0.03,0.01,2327.128439,1776399034000
1776399035.951,35.951,0.37,128.99,0.36,113.49,0.38,31.8,0.39,35.5,0.6,101.91,0.59,44.5,0.63,106.99,0.64,108.49,0.01,0.03,2327.128439,1776399034000
1776399041.15,41.15,0.37,129.49,0.36,117.49,0.38,35.53,0.39,20.5,0.62,22.8,0.61,35.5,0.63,128.99,0.64,113.49,0.01,0.01,2326.93411,1776399039000
1776399046.357,46.357,0.37,150.07,0.36,107.79,0.38,36.0,0.39,10.0,0.62,35.53,0.61,20.5,0.63,129.49,0.64,117.49,0.01,0.01,2326.910193,1776399043000
1776399047.852,47.852,0.37,142.13,0.36,107.79,0.38,36.0,0.4,20.5,0.62,36.0,0.61,10.0,0.63,150.07,0.64,107.79,0.01,0.01,2326.89415,1776399046000
1776399048.981,48.981,0.37,134.13,0.36,107.79,0.38,31.0,0.4,20.5,0.62,36.0,0.6,20.5,0.63,142.13,0.64,107.79,0.01,0.01,2326.912171,1776399047000
1776399052.324,52.324,0.41,148.74,0.4,75.79,0.42,5.5,0.43,31.5,0.62,31.0,0.6,20.5,0.63,134.13,0.64,107.79,0.01,0.01,2326.90636,1776399050000
1776399052.689,52.689,0.42,138.71,0.41,70.29,0.43,31.5,0.44,5.0,0.58,0.5,0.57,31.5,0.59,156.74,0.6,80.79,0.01,0.01,2326.90636,1776399050000
1776399053.761,53.761,0.42,146.62,0.41,70.29,0.43,31.5,0.44,5.0,0.57,31.5,0.56,5.0,0.58,138.71,0.59,70.29,0.01,0.01,2326.916428,1776399052000
1776399054.576,54.576,0.42,151.62,0.41,70.29,0.43,31.5,0.44,15.0,0.57,31.5,0.56,5.0,0.58,146.62,0.59,70.29,0.01,0.01,2326.918661,1776399053000
1776399054.96,54.96,0.4,9.71,0.39,25.5,0.43,26.5,0.44,15.0,0.57,31.5,0.56,15.0,0.58,151.62,0.59,70.29,0.03,0.01,2326.918661,1776399053000
1776399055.525,55.525,0.41,15.0,0.4,18.0,0.47,44.81,0.48,102.0,0.57,26.5,0.56,15.0,0.6,9.71,0.61,25.5,0.06,0.03,2326.945126,1776399054000
1776399056.027,56.027,0.43,15.0,0.42,15.0,0.44,13.12,0.45,36.5,0.53,44.81,0.52,102.0,0.59,15.0,0.6,18.0,0.01,0.06,2326.945126,1776399054000
1776399056.511,56.511,0.43,3.24,0.42,5.0,0.44,30.5,0.45,36.5,0.56,13.12,0.55,36.5,0.57,18.24,0.58,15.0,0.01,0.01,2326.955835,1776399055000
1776399058.46,58.46,0.4,9.71,0.39,15.0,0.41,115.49,0.42,30.5,0.56,30.5,0.55,36.5,0.57,3.24,0.58,5.0,0.01,0.01,2326.947507,1776399056000
1776399060.931,60.931,0.4,26.71,0.39,32.79,0.41,5.0,0.42,5.0,0.59,115.49,0.58,30.5,0.6,9.71,0.61,15.0,0.01,0.01,2326.92844,1776399059000
1776399062.219,62.219,0.37,58.18,0.36,153.5,0.41,58.0,0.42,15.0,0.59,5.0,0.58,5.0,0.6,26.71,0.61,37.79,0.04,0.01,2326.916221,1776399060000
1776399064.125,64.125,0.39,47.5,0.38,25.5,0.4,20.0,0.41,10.0,0.59,58.0,0.58,15.0,0.63,58.18,0.64,153.5,0.01,0.04,2326.916622,1776399062000
1776399065.127,65.127,0.49,65.0,0.44,72.5,0.5,22.72,0.51,13.0,0.6,15.0,0.59,10.0,0.61,42.5,0.62,25.5,0.01,0.01,2326.905351,1776399063000
1776399065.347,65.347,0.53,86.21,0.52,49.5,0.54,0.41,0.59,9.72,0.46,4.9,0.44,43.27,0.49,10.0,0.5,15.0,0.01,0.03,2326.905351,1776399063000
1776399065.683,65.683,0.6,33.5,0.59,30.5,0.61,3.26,0.63,133.99,0.4,9.0,0.39,5.0,0.44,43.18,0.45,100.53,0.01,0.04,2326.905351,1776399063000
1776399065.892,65.892,0.62,21.55,0.61,10.0,0.63,133.99,0.64,30.0,0.39,3.26,0.37,133.99,0.4,33.5,0.41,30.5,0.01,0.01,2326.905351,1776399063000
1776399066.433,66.433,0.6,44.41,0.59,25.5,0.63,149.4,0.64,40.5,0.37,149.4,0.36,30.0,0.38,6.41,0.39,10.0,0.03,0.01,2326.920219,1776399064000
1776399066.663,66.663,0.6,52.41,0.59,25.5,0.61,10.0,0.62,10.0,0.37,149.4,0.36,40.5,0.4,44.41,0.41,25.5,0.01,0.03,2326.920219,1776399064000
1776399067.294,67.294,0.6,52.41,0.59,30.5,0.61,12.37,0.62,64.99,0.39,10.0,0.38,10.0,0.4,52.41,0.41,25.5,0.01,0.01,2326.933867,1776399065000
1776399067.505,67.505,0.39,186.3,0.38,10.0,0.61,12.37,0.62,64.99,0.39,5.37,0.38,15.0,0.4,46.86,0.41,30.5,0.22,0.01,2326.933867,1776399065000
1776399067.854,67.854,0.52,4.5,0.51,18.0,0.54,10.4,0.55,40.0,0.46,5.4,0.45,40.0,0.47,27.5,0.48,21.0,0.02,0.01,2327.342231,1776399066000
1776399068.204,68.204,0.52,33.0,0.51,23.0,0.55,32.53,0.56,60.0,0.47,5.0,0.46,10.4,0.48,38.0,0.49,18.0,0.03,0.01,2327.342231,1776399066000
1776399068.632,68.632,0.54,53.5,0.53,15.5,0.56,60.0,0.57,10.0,0.45,26.45,0.44,60.0,0.46,20.5,0.47,10.5,0.02,0.01,2327.342231,1776399066000
1776399069.4,69.4,0.55,57.53,0.51,5.0,0.56,283.49,0.57,117.5,0.44,60.0,0.43,10.0,0.46,53.5,0.47,15.5,0.01,0.02,2327.606903,1776399068000
1776399070.449,70.449,0.49,15.5,0.47,6.0,0.51,92.0,0.52,15.0,0.49,64.0,0.48,15.0,0.5,5.5,0.53,6.0,0.02,0.01,2327.573393,1776399069000
1776399070.815,70.815,0.49,48.5,0.48,22.0,0.5,2.0,0.51,22.0,0.49,92.0,0.48,15.0,0.51,15.5,0.53,6.0,0.01,0.02,2327.573393,1776399069000
1776399071.159,71.159,0.5,41.5,0.49,24.5,0.51,20.03,0.52,15.0,0.49,22.0,0.48,15.0,0.5,36.5,0.51,29.5,0.01,0.01,2327.573393,1776399069000
1776399071.526,71.526,0.52,29.41,0.51,48.5,0.53,12.0,0.56,50.0,0.48,15.0,0.47,35.0,0.5,41.5,0.51,24.5,0.01,0.02,2327.5545,1776399070000
1776399071.992,71.992,0.52,59.41,0.51,30.5,0.56,50.0,0.6,80.0,0.47,12.0,0.44,50.0,0.48,29.41,0.49,48.5,0.04,0.01,2327.5545,1776399070000
1776399072.345,72.345,0.55,48.5,0.54,10.0,0.57,6.08,0.6,87.0,0.44,50.0,0.4,80.0,0.48,59.41,0.49,30.5,0.02,0.04,2327.446179,1776399071000
1776399085.057,85.057,0.6,105.49,0.59,65.5,0.62,35.0,0.63,42.0,0.43,6.08,0.4,87.0,0.45,48.5,0.46,10.0,0.02,0.02,2327.618331,1776399084000
1776399086.249,86.249,0.61,74.84,0.6,60.5,0.62,35.0,0.63,52.5,0.38,35.0,0.37,42.0,0.4,105.49,0.41,65.5,0.01,0.02,2327.622988,1776399085000
1776399092.066,92.066,0.61,77.28,0.6,65.5,0.62,5.0,0.63,65.5,0.38,35.0,0.37,52.5,0.39,74.84,0.4,60.5,0.01,0.01,2327.652408,1776399090000
1776399092.902,92.902,0.61,77.28,0.6,65.5,0.63,56.5,0.64,45.5,0.38,5.0,0.37,65.5,0.39,77.28,0.4,65.5,0.02,0.01,2327.686014,1776399092000
1776399093.435,93.435,0.62,103.36,0.61,32.29,0.63,60.5,0.64,50.5,0.37,56.5,0.36,45.5,0.39,77.28,0.4,65.5,0.01,0.02,2327.686014,1776399092000
1776399094.129,94.129,0.62,89.73,0.61,37.29,0.63,60.5,0.64,50.5,0.37,60.5,0.36,50.5,0.38,103.36,0.39,32.29,0.01,0.01,2327.689428,1776399093000
1776399095.948,95.948,0.62,41.73,0.61,21.79,0.63,67.5,0.64,50.5,0.37,60.5,0.36,50.5,0.38,89.73,0.39,37.29,0.01,0.01,2327.728576,1776399094000
1776399096.301,96.301,0.62,14.73,0.61,10.0,0.63,72.5,0.64,60.5,0.37,67.5,0.36,50.5,0.38,41.73,0.39,21.79,0.01,0.01,2327.728576,1776399094000
1776399102.296,102.296,0.67,92.5,0.66,20.5,0.68,55.5,0.69,28.56,0.37,67.5,0.36,60.5,0.4,4.24,0.41,25.5,0.01,0.03,2327.700526,1776399100000
1776399102.744,102.744,0.67,56.06,0.66,20.5,0.68,66.0,0.69,44.06,0.32,55.5,0.31,28.56,0.33,92.5,0.34,20.5,0.01,0.01,2327.725374,1776399101000
1776399104.294,104.294,0.67,75.0,0.66,20.5,0.68,71.39,0.69,54.06,0.32,66.0,0.31,44.06,0.33,56.06,0.34,20.5,0.01,0.01,2327.827071,1776399103000
1776399105.793,105.793,0.67,34.84,0.66,20.5,0.68,68.39,0.69,194.06,0.32,71.39,0.31,54.06,0.33,75.0,0.34,20.5,0.01,0.01,2327.836515,1776399104000
1776399106.429,106.429,0.67,34.84,0.66,10.0,0.68,66.78,0.69,194.06,0.32,68.39,0.31,194.06,0.33,34.84,0.34,20.5,0.01,0.01,2327.8422,1776399105000
1776399106.785,106.785,0.62,22.0,0.61,10.0,0.63,118.5,0.64,62.5,0.32,66.78,0.31,194.06,0.33,34.84,0.34,10.0,0.01,0.01,2327.8422,1776399105000
1776399107.388,107.388,0.55,1.37,0.54,10.5,0.56,146.49,0.57,108.5,0.37,104.5,0.36,74.5,0.38,4.86,0.39,10.0,0.01,0.01,2327.8422,1776399105000
1776399107.997,107.997,0.55,14.25,0.54,10.5,0.56,169.49,0.57,38.5,0.44,146.49,0.43,108.5,0.45,1.37,0.46,10.5,0.01,0.01,2327.8422,1776399106000
1776399108.813,108.813,0.53,10.5,0.52,20.5,0.54,46.33,0.55,45.5,0.44,169.49,0.43,38.5,0.45,14.25,0.46,10.5,0.01,0.01,2327.84215,1776399107000
1776399110.029,110.029,0.53,5.66,0.51,10.0,0.54,49.53,0.55,92.0,0.46,56.33,0.45,35.0,0.47,18.18,0.48,20.5,0.01,0.01,2327.698739,1776399108000
1776399110.478,110.478,0.46,10.0,0.45,25.5,0.48,24.5,0.49,51.5,0.52,1.98,0.51,10.0,0.54,15.0,0.55,25.5,0.02,0.02,2327.48189,1776399109000
1776399110.815,110.815,0.46,15.0,0.45,25.5,0.48,34.5,0.49,56.5,0.52,24.5,0.51,51.5,0.53,0.91,0.54,10.0,0.02,0.01,2327.48189,1776399109000
1776399114.348,114.348,0.47,7.94,0.46,15.0,0.48,39.5,0.49,25.5,0.53,9.2,0.52,29.5,0.54,15.0,0.55,25.5,0.01,0.01,2327.294269,1776399112000
1776399123.149,123.149,0.38,5.0,0.37,5.0,0.42,146.72,0.43,53.93,0.52,39.5,0.51,25.5,0.53,7.94,0.54,15.0,0.04,0.01,2327.283501,1776399121000
1776399123.609,123.609,0.35,25.5,0.34,20.0,0.37,82.0,0.38,23.0,0.58,146.72,0.57,53.93,0.62,5.0,0.63,5.0,0.02,0.04,2327.282555,1776399122000
1776399124.11,124.11,0.34,20.0,0.33,15.0,0.36,114.5,0.37,92.5,0.63,82.0,0.62,23.0,0.65,25.5,0.66,20.0,0.02,0.02,2327.282555,1776399122000
1776399126.137,126.137,0.37,31.5,0.36,35.5,0.4,33.0,0.41,54.5,0.64,114.5,0.63,92.5,0.66,20.0,0.67,15.0,0.03,0.02,2326.925448,1776399125000
1776399126.52,126.52,0.39,67.0,0.38,30.5,0.4,28.0,0.41,44.5,0.6,33.0,0.59,54.5,0.63,31.5,0.64,35.5,0.01,0.03,2326.925448,1776399125000
1776399128.41,128.41,0.39,69.99,0.38,30.5,0.4,38.91,0.41,48.5,0.6,28.0,0.59,44.5,0.61,67.0,0.62,30.5,0.01,0.01,2326.832375,1776399127000
1776399129.201,129.201,0.4,61.99,0.39,65.5,0.42,12.31,0.43,43.5,0.6,38.91,0.59,48.5,0.61,69.99,0.62,30.5,0.02,0.01,2326.832375,1776399127000
1776399130.363,130.363,0.41,60.15,0.4,45.0,0.42,20.0,0.43,48.5,0.58,12.31,0.57,43.5,0.6,61.99,0.61,65.5,0.01,0.02,2326.879495,1776399129000
1776399133.219,133.219,0.49,77.49,0.48,20.5,0.5,4.94,0.51,40.0,0.58,20.0,0.57,48.5,0.59,60.15,0.6,45.0,0.01,0.01,2326.913508,1776399130000
1776399133.518,133.518,0.49,102.49,0.48,25.5,0.51,40.0,0.52,15.0,0.5,4.94,0.49,40.0,0.51,77.49,0.52,20.5,0.02,0.01,2326.926092,1776399132000
1776399134.213,134.213,0.5,53.43,0.49,70.5,0.51,36.0,0.52,20.0,0.49,40.0,0.48,15.0,0.51,102.49,0.52,25.5,0.01,0.02,2326.927997,1776399133000
1776399134.443,134.443,0.5,58.43,0.49,70.5,0.51,34.21,0.52,20.0,0.49,36.0,0.48,20.0,0.5,53.43,0.51,70.5,0.01,0.01,2326.927997,1776399133000
1776399135.219,135.219,0.5,24.99,0.49,10.0,0.51,31.93,0.52,30.5,0.49,34.21,0.48,20.0,0.5,58.43,0.51,70.5,0.01,0.01,2326.927997,1776399133000
1776399136.818,136.818,0.49,7.86,0.47,242.55,0.5,37.5,0.51,99.93,0.49,31.93,0.48,60.8,0.5,19.99,0.51,10.0,0.01,0.01,2327.13195,1776399135000
1776399138.598,138.598,0.47,242.49,0.45,15.5,0.48,96.29,0.49,165.5,0.5,37.5,0.49,99.93,0.51,7.86,0.53,242.55,0.01,0.01,2327.120955,1776399137000
1776399140.285,140.285,0.41,72.0,0.4,15.0,0.46,78.0,0.47,15.0,0.52,96.29,0.51,165.5,0.53,242.49,0.55,15.5,0.05,0.01,2327.120955,1776399138000
1776399140.917,140.917,0.43,23.57,0.42,25.5,0.44,73.0,0.45,21.0,0.54,78.0,0.53,15.0,0.59,72.0,0.6,15.0,0.01,0.05,2327.049556,1776399139000
1776399144.9,144.9,0.43,42.5,0.42,30.5,0.49,43.2,0.5,25.5,0.56,73.0,0.55,21.0,0.57,23.57,0.58,25.5,0.06,0.01,2327.03612,1776399143000
1776399145.287,145.287,0.29,33.23,0.28,57.89,0.47,10.0,0.48,10.0,0.51,43.2,0.5,25.5,0.57,42.5,0.58,30.5,0.18,0.06,2327.059606,1776399144000
1776399145.62,145.62,0.4,12.0,0.39,22.5,0.41,29.5,0.44,27.0,0.53,10.0,0.52,10.0,0.71,33.23,0.72,57.89,0.01,0.18,2327.059606,1776399144000
1776399146.719,146.719,0.4,267.21,0.39,47.5,0.45,5.0,0.46,55.0,0.59,29.5,0.56,27.0,0.6,12.0,0.61,22.5,0.05,0.01,2327.08981,1776399145000
1776399148.47,148.47,0.5,61.91,0.49,50.49,0.51,33.43,0.52,5.0,0.49,65.33,0.48,15.0,0.53,10.63,0.55,48.2,0.01,0.04,2327.113912,1776399147000
1776399150.184,150.184,0.5,81.9,0.49,30.5,0.56,54.97,0.57,5.0,0.49,33.43,0.48,5.0,0.5,61.91,0.51,50.49,0.06,0.01,2327.329524,1776399148000
1776399152.368,152.368,0.55,64.4,0.54,15.0,0.56,51.05,0.57,117.92,0.44,54.97,0.43,5.0,0.5,81.9,0.51,30.5,0.01,0.06,2327.346695,1776399150000
1776399154.246,154.246,0.55,61.97,0.54,30.5,0.56,56.05,0.57,71.97,0.44,51.05,0.43,117.92,0.45,64.4,0.46,15.0,0.01,0.01,2327.355003,1776399152000
1776399159.809,159.809,0.55,61.97,0.54,25.5,0.57,12.0,0.58,92.5,0.44,56.05,0.43,71.97,0.45,61.97,0.46,30.5,0.02,0.01,2327.367924,1776399158000
1776399160.708,160.708,0.56,61.9,0.55,33.07,0.57,12.0,0.58,82.0,0.43,12.0,0.42,92.5,0.45,61.97,0.46,25.5,0.01,0.02,2327.410099,1776399159000
1776399161.319,161.319,0.56,109.51,0.55,33.07,0.57,5.0,0.59,10.0,0.43,12.0,0.42,82.0,0.44,61.9,0.45,33.07,0.01,0.01,2327.375388,1776399160000
1776399162.467,162.467,0.59,89.4,0.58,20.0,0.6,52.39,0.61,94.5,0.4,2.05,0.39,74.0,0.43,5.0,0.44,104.51,0.01,0.03,2327.492292,1776399161000
1776399163.2,163.2,0.59,77.78,0.58,20.0,0.6,57.39,0.61,94.5,0.4,52.39,0.39,94.5,0.41,81.08,0.42,20.0,0.01,0.01,2327.444961,1776399162000
1776399164.243,164.243,0.59,94.93,0.58,30.5,0.6,52.39,0.61,84.0,0.4,57.39,0.39,94.5,0.41,80.09,0.42,20.0,0.01,0.01,2327.435372,1776399163000
1776399164.91,164.91,0.59,146.92,0.58,49.5,0.63,5.0,0.64,10.0,0.4,52.39,0.39,84.0,0.41,94.93,0.42,30.5,0.04,0.01,2327.435372,1776399163000
1776399165.306,165.306,0.66,66.4,0.65,55.0,0.67,77.31,0.68,40.5,0.33,20.0,0.32,40.5,0.35,46.4,0.36,25.5,0.01,0.02,2327.504008,1776399164000
1776399165.628,165.628,0.66,60.4,0.65,55.0,0.67,77.31,0.68,40.5,0.33,77.31,0.32,40.5,0.34,66.4,0.35,55.0,0.01,0.01,2327.504008,1776399164000
1776399166.682,166.682,0.66,91.07,0.65,65.5,0.67,67.31,0.68,40.5,0.33,77.31,0.32,40.5,0.34,60.4,0.35,55.0,0.01,0.01,2327.454946,1776399165000
1776399169.011,169.011,0.66,96.07,0.65,65.5,0.68,22.0,0.69,117.5,0.33,67.31,0.32,40.5,0.34,91.07,0.35,65.5,0.02,0.01,2327.589897,1776399167000
1776399172.228,172.228,0.6,5.0,0.57,10.0,0.68,197.12,0.69,40.5,0.32,22.0,0.31,117.5,0.34,96.07,0.35,65.5,0.08,0.02,2327.574729,1776399171000
1776399173.867,173.867,0.56,2.72,0.55,15.0,0.57,89.0,0.58,261.81,0.33,10.0,0.32,197.12,0.44,31.99,0.45,23.72,0.01,0.11,2327.610479,1776399172000
1776399178.974,178.974,0.55,20.0,0.54,15.0,0.57,63.5,0.58,251.81,0.43,89.0,0.42,261.81,0.44,2.72,0.45,15.0,0.02,0.01,2327.434507,1776399177000
1776399179.249,179.249,0.55,20.0,0.54,25.5,0.56,14.0,0.57,33.5,0.43,63.5,0.42,251.81,0.45,20.0,0.46,15.0,0.01,0.02,2327.434507,1776399177000
1776399180.812,180.812,0.56,12.72,0.55,17.77,0.57,23.5,0.58,226.81,0.44,14.0,0.43,33.5,0.45,17.77,0.46,25.5,0.01,0.01,2327.439675,1776399179000
1776399181.625,181.625,0.56,15.4,0.55,17.77,0.57,13.0,0.58,211.81,0.43,23.5,0.42,226.81,0.44,12.72,0.45,17.77,0.01,0.01,2327.438041,1776399180000
1776399181.932,181.932,0.57,84.5,0.56,25.9,0.58,84.31,0.6,8.0,0.43,13.0,0.42,211.81,0.44,15.4,0.45,17.77,0.01,0.01,2327.438041,1776399180000
1776399182.243,182.243,0.57,75.5,0.56,25.9,0.58,32.31,0.6,5.0,0.42,84.31,0.4,8.0,0.43,84.5,0.44,25.9,0.01,0.01,2327.438041,1776399180000
1776399183.224,183.224,0.57,79.49,0.56,25.9,0.58,27.31,0.61,58.0,0.42,27.31,0.39,63.0,0.43,80.5,0.44,25.9,0.01,0.01,2327.43031,1776399182000
1776399183.956,183.956,0.57,62.49,0.56,25.9,0.58,22.31,0.61,58.0,0.42,27.31,0.39,58.0,0.43,79.49,0.44,25.9,0.01,0.01,2327.43031,1776399182000
1776399186.041,186.041,0.57,78.86,0.56,25.9,0.58,17.31,0.61,50.0,0.42,17.31,0.39,58.0,0.43,57.49,0.44,25.9,0.01,0.01,2327.486278,1776399184000
1776399186.829,186.829,0.57,91.86,0.56,25.9,0.58,0.31,0.61,5.0,0.42,17.31,0.39,50.0,0.43,78.86,0.44,25.9,0.01,0.01,2327.497615,1776399185000
1776399187.74,187.74,0.49,25.5,0.48,5.0,0.52,60.3,0.53,185.5,0.42,0.31,0.39,5.0,0.43,91.86,0.44,25.9,0.03,0.01,2327.512376,1776399186000
1776399188.033,188.033,0.49,15.5,0.48,5.0,0.5,85.0,0.51,206.0,0.5,31.0,0.49,211.0,0.51,10.5,0.52,5.0,0.01,0.01,2327.512376,1776399186000
1776399188.383,188.383,0.44,15.5,0.43,20.0,0.45,11.0,0.46,20.29,0.54,14.29,0.52,10.0,0.57,15.0,0.58,15.0,0.01,0.03,2327.557374,1776399187000
1776399188.952,188.952,0.45,99.49,0.44,31.25,0.5,11.0,0.52,65.3,0.55,11.0,0.54,20.29,0.56,15.5,0.57,20.0,0.05,0.01,2327.557374,1776399187000
1776399189.772,189.772,0.51,102.49,0.5,96.7,0.52,0.3,0.55,5.0,0.48,65.3,0.47,5.0,0.55,111.49,0.56,37.25,0.01,0.07,2327.497033,1776399188000
1776399190.419,190.419,0.57,21.83,0.56,40.5,0.58,5.31,0.59,5.0,0.45,5.0,0.44,5.0,0.49,107.49,0.5,30.5,0.01,0.04,2327.359885,1776399189000
1776399192.539,192.539,0.57,49.33,0.56,35.5,0.59,15.5,0.6,15.5,0.42,5.31,0.41,5.0,0.43,21.83,0.44,40.5,0.02,0.01,2327.483634,1776399191000
1776399193.31,193.31,0.6,40.84,0.59,20.0,0.61,95.5,0.62,165.5,0.41,15.5,0.4,15.5,0.43,49.33,0.44,35.5,0.01,0.02,2327.483634,1776399191000
1776399194.411,194.411,0.6,7.27,0.59,97.49,0.64,5.0,0.65,15.17,0.39,95.5,0.38,165.5,0.41,20.0,0.42,30.5,0.04,0.02,2327.503143,1776399192000
1776399195.359,195.359,0.63,70.0,0.62,20.0,0.64,10.0,0.65,10.0,0.36,10.36,0.35,10.0,0.4,22.77,0.41,59.5,0.01,0.04,2327.49738,1776399194000
1776399195.949,195.949,0.63,63.0,0.62,30.5,0.65,34.5,0.66,140.5,0.36,10.0,0.35,10.0,0.37,70.0,0.38,20.0,0.02,0.01,2327.49738,1776399194000
1776399196.952,196.952,0.64,64.0,0.63,53.5,0.65,24.08,0.66,145.5,0.35,25.5,0.34,140.5,0.36,25.0,0.37,43.0,0.01,0.01,2327.556499,1776399195000
1776399198.185,198.185,0.64,64.0,0.63,58.5,0.66,150.5,0.67,91.0,0.35,24.08,0.34,145.5,0.36,64.0,0.37,53.5,0.02,0.01,2327.622599,1776399196000
1776399201.077,201.077,0.65,56.5,0.64,30.5,0.66,59.0,0.67,91.0,0.34,150.5,0.33,91.0,0.36,64.0,0.37,58.5,0.01,0.02,2327.592958,1776399199000
1776399202.711,202.711,0.65,68.5,0.64,35.5,0.66,51.86,0.67,81.0,0.34,59.0,0.33,91.0,0.35,56.5,0.36,30.5,0.01,0.01,2327.58462,1776399201000
1776399207.808,207.808,0.67,72.37,0.66,37.5,0.68,5.0,0.69,5.0,0.34,51.86,0.33,81.0,0.35,68.5,0.36,35.5,0.01,0.01,2327.615373,1776399206000
1776399208.486,208.486,0.68,53.5,0.67,27.37,0.69,3.49,0.7,10.0,0.31,8.33,0.3,10.0,0.33,67.37,0.34,37.5,0.01,0.02,2327.663991,1776399207000
1776399209.922,209.922,0.68,58.5,0.67,32.37,0.69,2.49,0.7,10.0,0.31,3.49,0.3,10.0,0.32,53.5,0.33,27.37,0.01,0.01,2327.662931,1776399208000
1776399210.278,210.278,0.68,40.5,0.67,32.37,0.69,0.91,0.7,10.0,0.31,2.49,0.3,10.0,0.32,58.5,0.33,32.37,0.01,0.01,2327.695787,1776399209000
1776399211.634,211.634,0.69,30.5,0.68,5.0,0.7,12.5,0.71,65.0,0.31,0.91,0.3,10.0,0.32,40.5,0.33,32.37,0.01,0.01,2327.689707,1776399210000
1776399212.295,212.295,0.68,4.0,0.66,7.0,0.7,38.5,0.71,65.0,0.3,27.5,0.29,65.0,0.34,7.0,0.35,10.0,0.02,0.04,2327.768836,1776399211000
1776399212.53,212.53,0.66,7.0,0.65,10.0,0.67,11.15,0.7,38.5,0.3,38.5,0.29,65.0,0.32,4.0,0.34,7.0,0.01,0.02,2327.768836,1776399211000
1776399212.791,212.791,0.63,10.0,0.62,21.0,0.64,43.0,0.67,11.15,0.33,11.15,0.3,38.5,0.34,7.0,0.35,10.0,0.01,0.01,2327.768836,1776399211000
1776399213.467,213.467,0.63,26.5,0.62,15.0,0.64,136.29,0.65,15.0,0.36,111.29,0.33,11.15,0.37,10.0,0.38,21.0,0.01,0.01,2327.69509,1776399212000
1776399214.811,214.811,0.63,31.5,0.62,10.0,0.64,46.0,0.65,5.0,0.36,136.29,0.35,15.0,0.37,26.5,0.38,15.0,0.01,0.01,2327.65545,1776399213000
1776399215.369,215.369,0.63,46.09,0.62,10.0,0.64,36.0,0.65,5.0,0.36,46.0,0.35,5.0,0.37,31.5,0.38,10.0,0.01,0.01,2327.650261,1776399214000
1776399220.963,220.963,0.63,79.09,0.62,10.0,0.64,19.0,0.65,5.0,0.36,36.0,0.35,5.0,0.37,46.09,0.38,10.0,0.01,0.01,2327.638617,1776399220000
1776399225.384,225.384,0.63,84.09,0.62,15.0,0.64,15.85,0.65,5.0,0.36,19.0,0.35,5.0,0.37,79.09,0.38,10.0,0.01,0.01,2327.64638,1776399224000
1776399227.343,227.343,0.63,45.09,0.62,15.0,0.64,20.85,0.65,5.0,0.36,15.85,0.35,5.0,0.37,84.09,0.38,15.0,0.01,0.01,2327.646954,1776399225000
1776399228.976,228.976,0.62,25.5,0.61,65.0,0.64,42.35,0.65,15.5,0.36,20.85,0.35,5.0,0.37,45.09,0.38,15.0,0.02,0.01,2327.64318,1776399227000
1776399230.276,230.276,0.51,37.34,0.5,10.0,0.64,31.85,0.66,80.5,0.36,42.35,0.35,15.5,0.38,25.5,0.39,65.0,0.13,0.02,2327.719083,1776399229000
1776399230.611,230.611,0.62,26.5,0.61,15.0,0.63,21.27,0.64,36.85,0.36,31.85,0.34,80.5,0.49,37.34,0.5,10.0,0.01,0.13,2327.719083,1776399229000
1776399231.059,231.059,0.62,26.5,0.61,15.0,0.64,33.12,0.65,20.5,0.37,21.27,0.36,36.85,0.38,26.5,0.39,15.0,0.02,0.01,2327.719083,1776399229000
1776399234.005,234.005,0.59,10.5,0.58,27.62,0.6,75.16,0.61,234.0,0.36,21.12,0.35,20.5,0.38,26.5,0.39,15.0,0.01,0.02,2327.644731,1776399232000
1776399234.87,234.87,0.59,17.3,0.58,27.62,0.6,75.16,0.61,234.0,0.4,75.16,0.39,234.0,0.41,10.5,0.42,27.62,0.01,0.01,2327.644036,1776399233000
1776399235.945,235.945,0.59,17.3,0.58,27.62,0.6,32.7,0.61,77.0,0.4,75.16,0.39,234.0,0.41,17.3,0.42,27.62,0.01,0.01,2327.630467,1776399234000
1776399236.525,236.525,0.59,14.64,0.58,27.62,0.6,37.7,0.61,77.0,0.4,32.7,0.39,77.0,0.41,17.3,0.42,27.62,0.01,0.01,2327.624433,1776399235000
1776399237.143,237.143,0.59,15.0,0.58,22.62,0.6,39.86,0.61,92.5,0.4,37.7,0.39,77.0,0.41,14.64,0.42,27.62,0.01,0.01,2327.624433,1776399235000
1776399237.638,237.638,0.58,10.0,0.57,35.5,0.59,41.0,0.6,4.36,0.4,39.86,0.39,92.5,0.41,15.0,0.42,22.62,0.01,0.01,2327.684906,1776399236000
1776399238.279,238.279,0.58,39.79,0.57,41.5,0.59,41.0,0.6,4.36,0.41,41.0,0.4,4.36,0.42,10.0,0.43,35.5,0.01,0.01,2327.6172,1776399237000
1776399239.838,239.838,0.58,0.39,0.57,16.0,0.59,47.84,0.6,24.86,0.41,37.84,0.4,4.36,0.42,39.79,0.43,41.5,0.01,0.01,2327.687455,1776399238000
1776399240.126,240.126,0.53,4.24,0.52,10.0,0.59,37.84,0.6,14.36,0.41,47.84,0.4,24.86,0.42,0.39,0.43,16.0,0.06,0.01,2327.687455,1776399238000
1776399240.34,240.34,0.57,103.36,0.56,10.0,0.58,41.84,0.59,22.84,0.41,37.84,0.4,14.36,0.47,4.24,0.48,10.0,0.01,0.06,2327.620837,1776399239000
1776399240.599,240.599,0.57,103.36,0.55,10.0,0.58,35.25,0.59,22.84,0.42,41.84,0.41,22.84,0.43,103.36,0.44,10.0,0.01,0.01,2327.620837,1776399239000
1776399240.882,240.882,0.57,98.36,0.52,5.0,0.58,78.09,0.59,22.84,0.42,78.09,0.41,22.84,0.43,103.36,0.48,5.0,0.01,0.01,2327.620837,1776399239000
1776399241.252,241.252,0.52,15.0,0.51,18.0,0.53,47.92,0.54,15.0,0.42,44.09,0.41,22.84,0.43,93.36,0.48,5.0,0.01,0.01,2327.650617,1776399240000
1776399241.584,241.584,0.52,15.0,0.51,18.0,0.53,25.84,0.54,15.0,0.47,32.92,0.46,15.0,0.48,15.0,0.49,18.0,0.01,0.01,2327.650617,1776399240000
1776399241.904,241.904,0.52,15.0,0.51,18.0,0.53,22.12,0.54,5.0,0.47,30.84,0.46,15.0,0.48,10.0,0.49,18.0,0.01,0.01,2327.650617,1776399240000
1776399242.259,242.259,0.53,20.0,0.52,114.66,0.54,2.96,0.55,5.0,0.46,5.0,0.45,5.0,0.48,15.0,0.49,18.0,0.01,0.02,2327.641091,1776399241000
1776399243.018,243.018,0.55,57.0,0.54,10.0,0.58,17.76,0.59,10.0,0.44,26.69,0.42,40.0,0.47,29.68,0.48,114.66,0.03,0.03,2327.641091,1776399241000
1776399243.884,243.884,0.57,45.0,0.56,10.0,0.58,3.58,0.59,10.0,0.42,17.76,0.41,10.0,0.45,57.0,0.46,10.0,0.01,0.03,2327.581054,1776399242000
1776399244.93,244.93,0.57,50.0,0.56,10.0,0.61,49.45,0.62,7.0,0.42,3.58,0.41,10.0,0.43,45.0,0.44,10.0,0.04,0.01,2327.551328,1776399243000
1776399245.176,245.176,0.65,52.0,0.64,15.0,0.71,50.0,0.72,10.0,0.39,49.45,0.38,7.0,0.43,50.0,0.44,10.0,0.06,0.04,2327.54201,1776399244000
1776399245.444,245.444,0.7,45.0,0.69,5.0,0.71,55.0,0.72,10.0,0.29,50.0,0.28,10.0,0.35,52.0,0.36,15.0,0.01,0.06,2327.54201,1776399244000
1776399245.825,245.825,0.7,45.0,0.69,5.0,0.71,52.4,0.72,10.0,0.29,49.0,0.28,10.0,0.3,40.0,0.31,5.0,0.01,0.01,2327.54201,1776399244000
1776399246.107,246.107,0.69,5.0,0.68,5.0,0.71,52.4,0.72,15.0,0.29,52.4,0.28,10.0,0.3,45.0,0.31,5.0,0.02,0.01,2327.529866,1776399245000
1776399246.446,246.446,0.69,25.0,0.68,5.0,0.7,2.73,0.71,52.4,0.29,52.4,0.28,15.0,0.31,5.0,0.32,5.0,0.01,0.02,2327.529866,1776399245000
1776399246.711,246.711,0.7,11.55,0.69,30.0,0.71,52.4,0.72,15.0,0.3,2.73,0.29,52.4,0.31,25.0,0.32,5.0,0.01,0.01,2327.529866,1776399245000
1776399247.143,247.143,0.7,36.55,0.69,15.0,0.71,42.62,0.72,15.0,0.29,50.36,0.28,15.0,0.3,31.55,0.31,15.0,0.01,0.01,2327.529866,1776399245000
1776399248.297,248.297,0.7,11.55,0.69,15.0,0.71,59.5,0.72,15.0,0.29,61.04,0.28,15.0,0.3,16.55,0.31,15.0,0.01,0.01,2327.625267,1776399246000
1776399250.327,250.327,0.7,11.55,0.69,15.0,0.71,107.96,0.72,10.0,0.29,59.5,0.28,15.0,0.3,11.55,0.31,15.0,0.01,0.01,2327.683791,1776399249000
1776399251.373,251.373,0.7,11.55,0.69,15.0,0.71,40.69,0.72,10.0,0.29,96.12,0.28,10.0,0.3,11.55,0.31,15.0,0.01,0.01,2327.683791,1776399249000
1776399252.049,252.049,0.7,21.55,0.69,15.0,0.71,27.87,0.72,10.0,0.29,40.69,0.28,10.0,0.3,11.55,0.31,15.0,0.01,0.01,2327.718936,1776399251000
1776399252.363,252.363,0.7,21.55,0.69,15.0,0.71,128.33,0.72,10.0,0.29,27.87,0.28,10.0,0.3,21.55,0.31,15.0,0.01,0.01,2327.718936,1776399251000
1776399252.866,252.866,0.7,11.55,0.69,15.0,0.71,122.9,0.72,10.0,0.29,122.9,0.28,10.0,0.3,21.55,0.31,15.0,0.01,0.01,2327.718936,1776399251000
1776399253.476,253.476,0.7,41.55,0.69,25.0,0.71,101.57,0.72,10.0,0.29,122.9,0.28,10.0,0.3,11.55,0.31,15.0,0.01,0.01,2327.681918,1776399252000
1776399254.439,254.439,0.7,31.55,0.69,25.0,0.71,96.14,0.72,10.0,0.29,101.57,0.28,10.0,0.3,41.55,0.31,25.0,0.01,0.01,2327.685803,1776399253000
1776399254.652,254.652,0.7,31.55,0.69,25.0,0.71,84.97,0.72,10.0,0.29,96.14,0.28,10.0,0.3,31.55,0.31,25.0,0.01,0.01,2327.685803,1776399253000
1776399254.984,254.984,0.7,31.55,0.69,25.0,0.71,82.18,0.72,10.0,0.29,84.97,0.28,10.0,0.3,31.55,0.31,25.0,0.01,0.01,2327.685803,1776399253000
1776399255.372,255.372,0.7,16.55,0.69,15.0,0.77,9.28,0.78,10.0,0.29,82.18,0.28,10.0,0.3,31.55,0.31,25.0,0.07,0.01,2327.693775,1776399254000
1776399255.588,255.588,0.7,5.55,0.69,15.0,0.71,15.0,0.72,9.58,0.28,9.58,0.27,10.0,0.3,21.55,0.31,15.0,0.01,0.02,2327.693775,1776399254000
1776399256.53,256.53,0.7,25.0,0.69,15.0,0.71,4.91,0.72,9.58,0.29,15.0,0.28,9.58,0.3,5.55,0.31,15.0,0.01,0.01,2327.702536,1776399255000
1776399257.278,257.278,0.69,15.0,0.68,10.0,0.72,9.58,0.73,10.0,0.29,4.91,0.28,9.58,0.3,25.0,0.31,15.0,0.03,0.01,2327.698558,1776399256000
1776399257.968,257.968,0.7,9.56,0.69,10.0,0.71,10.0,0.72,10.0,0.27,14.17,0.26,10.0,0.32,8.54,0.33,10.0,0.01,0.05,2327.698558,1776399256000
1776399258.463,258.463,0.71,27.0,0.7,55.45,0.74,8.91,0.75,15.0,0.29,10.0,0.28,10.0,0.3,9.56,0.31,10.0,0.03,0.01,2327.685334,1776399257000
1776399259.083,259.083,0.73,20.0,0.72,20.0,0.74,3.73,0.75,15.0,0.26,8.91,0.25,15.0,0.29,27.0,0.3,55.45,0.01,0.03,2327.685334,1776399257000
1776399259.532,259.532,0.72,5.0,0.71,15.0,0.73,4.45,0.74,8.73,0.26,3.73,0.25,15.0,0.28,7.0,0.29,20.0,0.01,0.02,2327.679316,1776399258000
1776399260.349,260.349,0.61,72.0,0.6,10.0,0.63,8.82,0.64,10.0,0.27,4.45,0.26,8.73,0.28,5.0,0.29,15.0,0.02,0.01,2327.679316,1776399258000
1776399260.97,260.97,0.64,20.0,0.63,15.0,0.65,3.49,0.66,16.0,0.36,3.82,0.35,15.0,0.39,72.0,0.4,10.0,0.01,0.03,2327.686498,1776399259000
1776399261.319,261.319,0.61,60.0,0.6,10.0,0.65,8.49,0.66,86.0,0.35,3.49,0.34,16.0,0.36,20.0,0.37,15.0,0.04,0.01,2327.690658,1776399260000
1776399261.662,261.662,0.57,5.0,0.56,60.0,0.59,29.0,0.6,10.0,0.35,8.49,0.34,86.0,0.39,60.0,0.4,10.0,0.02,0.04,2327.690658,1776399260000
1776399261.973,261.973,0.57,5.0,0.56,60.0,0.58,14.0,0.59,15.0,0.41,29.0,0.4,10.0,0.43,5.0,0.44,60.0,0.01,0.02,2327.690658,1776399260000
1776399262.29,262.29,0.56,47.88,0.55,10.0,0.59,10.0,0.6,10.0,0.42,14.0,0.41,15.0,0.43,5.0,0.44,60.0,0.03,0.01,2327.690658,1776399260000
1776399262.85,262.85,0.58,15.61,0.57,10.0,0.6,10.0,0.61,10.0,0.42,10.0,0.41,10.0,0.44,10.0,0.45,10.0,0.02,0.02,2327.610616,1776399261000
1776399263.237,263.237,0.58,10.0,0.57,10.0,0.61,10.0,0.62,80.0,0.4,10.0,0.39,10.0,0.43,10.0,0.44,10.0,0.03,0.03,2327.610616,1776399261000
1776399263.614,263.614,0.57,15.0,0.56,10.0,0.59,5.0,0.6,10.0,0.39,10.0,0.38,80.0,0.42,10.0,0.43,10.0,0.02,0.03,2327.610616,1776399261000
1776399263.846,263.846,0.57,15.0,0.56,10.0,0.59,10.0,0.6,10.0,0.41,5.0,0.4,10.0,0.43,15.0,0.44,10.0,0.02,0.02,2327.558099,1776399262000
1776399264.455,264.455,0.56,0.49,0.55,9.73,0.57,10.0,0.58,10.0,0.41,10.0,0.4,10.0,0.45,9.73,0.46,10.0,0.01,0.04,2327.504972,1776399263000
1776399264.951,264.951,0.54,10.0,0.53,10.0,0.56,10.0,0.57,10.0,0.43,10.0,0.42,10.0,0.44,0.49,0.45,9.73,0.02,0.01,2327.504972,1776399263000
1776399265.175,265.175,0.54,10.0,0.53,10.0,0.56,11.83,0.57,10.0,0.44,10.0,0.43,10.0,0.46,10.0,0.47,10.0,0.02,0.02,2327.501957,1776399264000
1776399266.417,266.417,0.55,7.57,0.54,10.0,0.56,5.0,0.57,10.0,0.44,8.72,0.43,10.0,0.46,10.0,0.47,10.0,0.01,0.02,2327.501957,1776399264000
1776399268.287,268.287,0.63,17.02,0.62,10.0,0.65,8.49,0.66,60.0,0.44,5.0,0.43,10.0,0.45,7.57,0.46,10.0,0.02,0.01,2327.491267,1776399266000
1776399268.859,268.859,0.75,20.0,0.74,10.0,0.77,5.0,0.78,5.0,0.35,3.49,0.34,60.0,0.37,12.02,0.38,10.0,0.02,0.02,2327.490825,1776399267000
1776399269.187,269.187,0.76,52.07,0.75,25.0,0.81,4.56,0.82,10.0,0.23,5.0,0.22,5.0,0.25,20.0,0.26,10.0,0.05,0.02,2327.490825,1776399267000
1776399269.772,269.772,0.8,47.07,0.79,25.0,0.81,18.32,0.82,10.0,0.19,4.56,0.18,10.0,0.24,52.07,0.25,25.0,0.01,0.05,2327.492765,1776399268000
1776399270.013,270.013,0.8,73.07,0.79,25.0,0.83,10.0,0.84,40.0,0.19,18.32,0.18,10.0,0.2,47.07,0.21,25.0,0.03,0.01,2327.492765,1776399268000
1776399270.394,270.394,0.81,47.07,0.8,46.0,0.82,6.85,0.83,10.0,0.17,10.0,0.16,40.0,0.19,41.54,0.2,46.0,0.01,0.02,2327.492765,1776399268000
1776399270.624,270.624,0.81,148.07,0.8,46.0,0.82,2.74,0.83,10.0,0.18,6.85,0.17,10.0,0.19,143.07,0.2,46.0,0.01,0.01,2327.511182,1776399269000
1776399270.927,270.927,0.81,158.07,0.8,46.0,0.83,1.16,0.84,45.0,0.17,3.56,0.16,45.0,0.19,143.07,0.2,46.0,0.02,0.02,2327.511182,1776399269000
1776399271.332,271.332,0.82,67.07,0.81,131.0,0.84,35.9,0.85,10.0,0.17,1.16,0.16,45.0,0.19,158.07,0.2,46.0,0.02,0.02,2327.618589,1776399270000
1776399272.282,272.282,0.82,67.07,0.81,30.0,0.83,12.45,0.84,20.0,0.17,8.77,0.16,35.9,0.18,67.07,0.19,131.0,0.01,0.01,2327.618589,1776399270000
1776399272.508,272.508,0.83,147.62,0.82,35.0,0.84,76.0,0.85,40.0,0.16,90.0,0.15,40.0,0.17,88.55,0.18,50.07,0.01,0.01,2327.618589,1776399270000
1776399274.168,274.168,0.83,92.26,0.82,30.0,0.84,7.39,0.85,40.0,0.16,91.0,0.15,40.0,0.17,87.26,0.18,30.0,0.01,0.01,2327.67969,1776399272000
1776399275.515,275.515,0.83,92.26,0.82,30.0,0.84,0.01,0.85,10.0,0.16,6.09,0.15,40.0,0.17,92.26,0.18,30.0,0.01,0.01,2327.669382,1776399273000
1776399275.98,275.98,0.83,92.26,0.82,40.0,0.84,4.04,0.85,9.01,0.15,9.01,0.14,40.0,0.17,92.26,0.18,30.0,0.01,0.02,2327.646545,1776399274000
1776399276.183,276.183,0.83,92.26,0.82,40.0,0.84,1.68,0.85,9.01,0.16,4.04,0.15,9.01,0.17,92.26,0.18,40.0,0.01,0.01,2327.646545,1776399274000
1776399276.477,276.477,0.83,41.26,0.82,30.0,0.84,11.68,0.85,84.01,0.16,1.68,0.15,9.01,0.17,92.26,0.18,40.0,0.01,0.01,2327.646545,1776399274000
1776399276.973,276.973,0.82,0.46,0.81,20.0,0.84,6.68,0.85,84.01,0.16,11.68,0.15,84.01,0.17,32.26,0.18,30.0,0.02,0.01,2327.642175,1776399275000
1776399279.921,279.921,0.82,0.46,0.81,70.0,0.83,196.61,0.84,6.68,0.17,18.68,0.16,6.68,0.18,15.53,0.19,20.0,0.01,0.01,2327.627102,1776399278000
1776399280.406,280.406,0.82,0.46,0.81,70.0,0.83,199.52,0.84,1.68,0.17,196.61,0.16,6.68,0.18,0.46,0.19,70.0,0.01,0.01,2327.627102,1776399278000
1776399281.073,281.073,0.82,27.46,0.81,80.0,0.83,109.0,0.87,10.0,0.17,199.52,0.16,1.68,0.18,0.46,0.19,70.0,0.01,0.01,2327.617552,1776399279000
1776399281.408,281.408,0.82,37.46,0.81,80.0,0.83,75.0,0.87,10.0,0.17,109.0,0.13,10.0,0.18,27.46,0.19,80.0,0.01,0.01,2327.636967,1776399280000
1776399283.106,283.106,0.81,15.42,0.8,11.0,0.83,90.0,0.84,150.0,0.17,75.0,0.13,10.0,0.18,37.46,0.19,80.0,0.02,0.01,2327.635045,1776399282000
1776399283.606,283.606,0.81,0.42,0.8,11.0,0.82,40.0,0.83,85.0,0.17,90.0,0.16,150.0,0.19,15.42,0.2,11.0,0.01,0.02,2327.635045,1776399282000
1776399284.212,284.212,0.72,8.79,0.71,75.0,0.73,25.0,0.75,10.0,0.18,40.0,0.17,85.0,0.29,61.42,0.3,10.0,0.01,0.11,2327.668261,1776399283000
1776399284.673,284.673,0.72,5.21,0.71,75.0,0.73,20.0,0.75,10.0,0.27,25.0,0.25,10.0,0.28,8.79,0.29,75.0,0.01,0.01,2327.668261,1776399283000
1776399285.146,285.146,0.72,10.21,0.71,45.0,0.73,18.63,0.76,10.0,0.27,23.63,0.25,10.0,0.28,5.21,0.29,75.0,0.01,0.01,2327.639686,1776399284000
1776399285.481,285.481,0.73,15.0,0.72,5.21,0.74,75.62,0.76,10.0,0.26,70.0,0.24,10.0,0.27,11.37,0.28,10.21,0.01,0.01,2327.639686,1776399284000
1776399285.74,285.74,0.45,64.0,0.4,10.0,0.53,412.66,0.54,15.0,0.26,5.62,0.25,10.0,0.29,34.0,0.34,50.0,0.08,0.03,2327.639686,1776399284000
1776399286.038,286.038,0.39,8.3,0.38,10.0,0.4,217.37,0.41,108.76,0.6,2.2,0.59,309.75,0.61,9.5,0.62,10.0,0.01,0.01,2327.639686,1776399284000
1776399286.343,286.343,0.37,33.07,0.36,90.0,0.38,342.99,0.39,12.0,0.62,17.0,0.61,189.99,0.63,41.07,0.64,85.0,0.01,0.01,2327.599045,1776399285000
1776399286.558,286.558,0.37,24.11,0.36,90.0,0.38,264.99,0.39,12.0,0.62,342.99,0.61,12.0,0.63,24.11,0.64,90.0,0.01,0.01,2327.599045,1776399285000
1776399287.945,287.945,0.37,49.11,0.36,85.0,0.38,194.82,0.39,12.0,0.62,246.2,0.61,12.0,0.63,44.11,0.64,90.0,0.01,0.01,2327.594215,1776399286000
1776399288.296,288.296,0.37,47.37,0.36,85.0,0.38,6.83,0.4,39.0,0.62,194.82,0.61,12.0,0.63,49.11,0.64,85.0,0.01,0.01,2327.442146,1776399287000
1776399288.759,288.759,0.37,40.0,0.36,15.0,0.41,48.39,0.42,22.0,0.62,6.83,0.6,39.0,0.63,47.37,0.64,85.0,0.04,0.01,2327.442146,1776399287000
1776399288.985,288.985,0.4,35.0,0.39,10.0,0.44,30.0,0.46,50.0,0.59,48.39,0.58,22.0,0.63,40.0,0.64,15.0,0.04,0.04,2327.442146,1776399287000
1776399289.297,289.297,0.45,64.23,0.44,10.0,0.46,24.0,0.66,50.0,0.54,24.0,0.49,50.0,0.57,15.0,0.58,10.0,0.01,0.03,2327.3506,1776399288000
1776399289.641,289.641,0.69,11.0,0.68,15.0,0.7,30.0,0.71,50.0,0.34,25.5,0.33,30.0,0.35,10.0,0.37,15.0,0.01,0.01,2327.3506,1776399288000
1776399289.982,289.982,0.83,48.27,0.82,10.0,0.84,10.0,0.85,40.0,0.3,30.0,0.29,50.0,0.33,4.0,0.34,10.0,0.01,0.03,2327.3506,1776399288000
1776399290.367,290.367,0.88,36.03,0.87,10.0,0.9,14.96,0.91,21.0,0.15,6.4,0.14,10.0,0.17,45.76,0.18,15.0,0.02,0.02,2327.354497,1776399289000
1776399290.641,290.641,0.89,39.03,0.88,20.0,0.9,5.58,0.91,10.0,0.1,6.7,0.09,10.0,0.12,32.03,0.13,15.0,0.01,0.02,2327.354497,1776399289000
1776399291.113,291.113,0.91,25.0,0.9,10.0,0.92,9.82,0.93,29.0,0.09,5.0,0.08,22.0,0.11,39.03,0.12,20.0,0.01,0.02,2327.354497,1776399289000
1776399291.468,291.468,0.91,5.0,0.9,10.0,0.92,13.93,0.93,24.0,0.08,9.82,0.07,29.0,0.09,25.0,0.1,10.0,0.01,0.01,2327.427713,1776399290000
1776399291.878,291.878,0.92,106.27,0.91,15.0,0.93,11.84,0.94,31.0,0.07,24.0,0.06,31.0,0.08,91.27,0.09,20.0,0.01,0.01,2327.427713,1776399290000
1776399292.418,292.418,0.92,106.27,0.91,15.0,0.93,5.0,0.94,31.0,0.07,11.84,0.06,31.0,0.08,106.27,0.09,15.0,0.01,0.01,2327.707308,1776399291000
1776399293.026,293.026,0.92,101.27,0.91,20.0,0.94,15.3,0.95,35.87,0.07,5.0,0.06,31.0,0.08,106.27,0.09,15.0,0.02,0.01,2327.707308,1776399291000
1776399293.339,293.339,0.93,10.0,0.92,106.27,0.95,24.58,0.96,40.0,0.06,4.66,0.05,35.87,0.07,15.0,0.08,101.27,0.02,0.01,2327.734439,1776399292000
1776399293.697,293.697,0.95,9.91,0.94,20.0,0.96,40.0,0.97,141.0,0.05,8.47,0.04,40.0,0.07,10.0,0.08,106.27,0.01,0.02,2327.734439,1776399292000
1776399293.969,293.969,0.95,19.91,0.94,20.0,0.96,12.27,0.97,131.0,0.04,19.27,0.03,131.0,0.05,19.91,0.06,15.0,0.01,0.01,2327.734439,1776399292000
1776399294.471,294.471,0.96,10.0,0.95,19.91,0.97,110.12,0.98,300.0,0.03,108.22,0.02,300.0,0.05,19.91,0.06,20.0,0.01,0.02,2327.718223,1776399293000
1776399295.021,295.021,0.96,15.0,0.95,24.91,0.98,175.0,0.99,1000.85,0.03,89.81,0.02,300.0,0.04,15.0,0.05,24.91,0.02,0.01,2327.718223,1776399293000
1776399295.468,295.468,0.97,15.01,0.96,15.0,0.98,159.79,0.99,995.85,0.02,175.0,0.01,1000.85,0.03,5.01,0.04,15.0,0.01,0.01,2327.718223,1776399293000
1776399295.741,295.741,0.97,15.01,0.96,15.0,0.98,154.68,0.99,995.85,0.02,159.79,0.01,995.85,0.03,15.01,0.04,15.0,0.01,0.01,2327.75314,1776399294000
1776399296.366,296.366,0.97,25.01,0.96,60.0,0.98,133.49,0.99,995.85,0.02,151.61,0.01,995.85,0.03,20.01,0.04,15.0,0.01,0.01,2327.760879,1776399295000
1776399296.61,296.61,0.97,32.01,0.96,60.0,0.98,126.33,0.99,995.85,0.02,128.38,0.01,995.85,0.03,20.01,0.04,60.0,0.01,0.01,2327.760879,1776399295000
1776399296.913,296.913,0.97,32.01,0.96,60.0,0.98,80.33,0.99,995.85,0.02,80.33,0.01,995.85,0.03,27.01,0.04,60.0,0.01,0.01,2327.760879,1776399295000
1776399297.287,297.287,0.97,206.01,0.96,60.0,0.99,949.41,,,0.02,80.33,0.01,995.85,0.03,32.01,0.04,60.0,0.02,0.01,2327.762462,1776399296000
1776399297.49,297.49,0.98,154.0,0.97,60.01,0.99,630.39,,,0.01,680.9,,,0.02,154.0,0.03,60.01,0.01,0.01,2327.762462,1776399296000
1776399297.71,297.71,0.98,164.0,0.97,60.01,0.99,26.65,,,0.01,162.65,,,0.02,164.0,0.03,60.01,0.01,0.01,2327.762462,1776399296000

# RESULT,winner=Up,slug=eth-updown-5m-1776399000,ticks=284
