timestamp,elapsed_sec,up_bid_p1,up_bid_s1,up_bid_p2,up_bid_s2,up_ask_p1,up_ask_s1,up_ask_p2,up_ask_s2,down_bid_p1,down_bid_s1,down_bid_p2,down_bid_s2,down_ask_p1,down_ask_s1,down_ask_p2,down_ask_s2,up_spread,down_spread,eth_price,eth_oracle_ts
1776302100.567,0.567,0.53,20.0,0.52,322.49,0.54,124.71,0.55,120.0,0.4,38.0,0.39,34.0,0.47,20.0,0.48,322.49,0.01,0.07,2351.045416,1776302099000
1776302101.264,1.264,0.53,4.88,0.52,120.0,0.67,300.0,0.69,375.0,0.4,38.0,0.39,34.0,0.47,10.52,0.48,322.49,0.14,0.07,2351.045416,1776302099000
1776302102.633,2.633,0.65,5.0,0.54,48.7,0.66,200.48,0.67,316.0,0.33,300.0,0.31,375.0,0.47,4.88,0.48,120.0,0.01,0.14,2351.07634,1776302101000
1776302103.281,3.281,0.54,48.7,0.53,4.88,0.56,45.0,0.66,236.0,0.34,200.48,0.33,316.0,0.35,5.0,0.46,48.7,0.02,0.01,2351.07634,1776302101000
1776302103.549,3.549,0.54,42.83,0.53,4.88,0.55,30.0,0.56,73.0,0.44,45.0,0.34,236.0,0.46,48.7,0.47,4.88,0.01,0.02,2351.084383,1776302102000
1776302103.769,3.769,0.54,17.83,0.53,4.88,0.55,3.04,0.56,73.0,0.45,21.23,0.44,73.0,0.46,22.83,0.47,4.88,0.01,0.01,2351.084383,1776302102000
1776302104.123,4.123,0.54,17.83,0.53,4.88,0.55,19.0,0.56,73.0,0.45,3.04,0.44,73.0,0.46,17.83,0.47,4.88,0.01,0.01,2351.084383,1776302103000
1776302104.554,4.554,0.54,22.83,0.53,4.88,0.55,14.0,0.56,73.0,0.45,19.0,0.44,73.0,0.46,17.83,0.47,4.88,0.01,0.01,2351.084383,1776302103000
1776302105.773,5.773,0.54,17.83,0.53,4.88,0.55,35.0,0.56,73.0,0.45,14.0,0.44,73.0,0.46,22.83,0.47,4.88,0.01,0.01,2351.084674,1776302104000
1776302107.004,7.004,0.54,17.83,0.53,4.88,0.55,38.18,0.56,78.0,0.45,35.0,0.44,73.0,0.46,12.83,0.47,4.88,0.01,0.01,2351.147751,1776302105000
1776302109.319,9.319,0.54,12.83,0.53,4.88,0.55,25.0,0.56,73.0,0.45,38.18,0.44,78.0,0.46,17.83,0.47,4.88,0.01,0.01,2351.107645,1776302108000
1776302110.775,10.775,0.54,17.83,0.53,4.88,0.55,98.54,0.56,84.0,0.45,25.0,0.44,73.0,0.46,12.83,0.47,4.88,0.01,0.01,2351.127425,1776302109000
1776302111.723,11.723,0.54,22.83,0.53,4.88,0.55,29.99,0.56,84.0,0.45,98.54,0.44,84.0,0.46,17.83,0.47,4.88,0.01,0.01,2351.120058,1776302110000
1776302113.331,13.331,0.54,24.83,0.53,4.88,0.55,24.99,0.56,84.0,0.45,29.99,0.44,84.0,0.46,22.83,0.47,4.88,0.01,0.01,2351.095399,1776302112000
1776302115.889,15.889,0.54,14.83,0.53,4.88,0.55,41.99,0.56,142.0,0.45,24.99,0.44,84.0,0.46,24.83,0.47,4.88,0.01,0.01,2351.106326,1776302114000
1776302117.139,17.139,0.54,4.83,0.53,4.88,0.55,25.99,0.56,129.0,0.45,41.99,0.44,142.0,0.46,14.83,0.47,4.88,0.01,0.01,2351.116076,1776302115000
1776302119.589,19.589,0.54,4.83,0.53,4.88,0.55,27.08,0.56,71.0,0.45,25.99,0.44,129.0,0.46,4.83,0.47,4.88,0.01,0.01,2351.082927,1776302118000
1776302119.899,19.899,0.54,2.65,0.53,4.88,0.55,32.08,0.56,71.0,0.45,27.08,0.44,71.0,0.46,4.83,0.47,4.88,0.01,0.01,2351.082927,1776302118000
1776302120.965,20.965,0.54,2.65,0.53,4.88,0.55,27.98,0.56,71.0,0.45,32.08,0.44,71.0,0.46,2.65,0.47,4.88,0.01,0.01,2351.073564,1776302119000
1776302127.252,27.252,0.54,7.65,0.53,4.88,0.55,22.0,0.56,71.0,0.45,27.98,0.44,71.0,0.46,2.65,0.47,4.88,0.01,0.01,2351.107564,1776302125000
1776302133.658,33.658,0.54,16.65,0.53,14.88,0.55,17.0,0.56,129.0,0.45,22.0,0.44,71.0,0.46,7.65,0.47,4.88,0.01,0.01,2351.123665,1776302132000
1776302134.472,34.472,0.53,4.88,0.52,159.95,0.55,83.0,0.56,71.0,0.45,17.0,0.44,129.0,0.46,16.65,0.47,14.88,0.02,0.01,2351.13442,1776302133000
1776302135.702,35.702,0.52,225.85,0.51,75.71,0.53,22.9,0.54,31.0,0.47,16.0,0.46,26.0,0.48,152.8,0.49,106.76,0.01,0.01,2351.146326,1776302134000
1776302140.853,40.853,0.52,279.84,0.51,59.76,0.54,10.0,0.55,5.0,0.47,22.9,0.46,31.0,0.48,225.85,0.49,75.71,0.02,0.01,2351.087278,1776302139000
1776302143.092,43.092,0.57,45.0,0.56,25.0,0.59,78.0,0.6,51.0,0.44,36.24,0.43,38.0,0.45,15.0,0.46,24.0,0.02,0.01,2351.110419,1776302140000
1776302143.894,43.894,0.58,57.11,0.57,45.0,0.59,21.0,0.6,89.0,0.41,61.67,0.4,51.0,0.42,10.0,0.43,54.0,0.01,0.01,2351.155197,1776302141000
1776302146.986,46.986,0.58,47.11,0.57,45.0,0.59,27.1,0.6,94.0,0.41,21.0,0.4,89.0,0.42,57.11,0.43,45.0,0.01,0.01,2351.344547,1776302145000
1776302149.144,49.144,0.58,161.15,0.57,61.04,0.6,5.0,0.63,15.0,0.41,27.1,0.4,94.0,0.42,47.11,0.43,45.0,0.02,0.01,2351.372251,1776302147000
1776302149.447,49.447,0.63,77.17,0.62,20.0,0.64,18.57,0.65,64.0,0.36,18.57,0.35,39.0,0.37,10.0,0.38,15.0,0.01,0.01,2351.372251,1776302147000
1776302149.748,49.748,0.63,152.17,0.62,15.0,0.64,13.57,0.65,64.0,0.36,18.57,0.35,64.0,0.37,77.17,0.38,20.0,0.01,0.01,2351.380363,1776302148000
1776302150.285,50.285,0.64,116.0,0.63,50.17,0.65,69.23,0.66,90.0,0.35,49.36,0.34,75.0,0.37,152.17,0.38,15.0,0.01,0.02,2351.399277,1776302149000
1776302150.727,50.727,0.64,121.0,0.63,108.17,0.65,25.25,0.66,80.0,0.35,69.23,0.34,90.0,0.36,116.0,0.37,50.17,0.01,0.01,2351.399277,1776302149000
1776302151.006,51.006,0.64,116.0,0.63,108.17,0.65,22.99,0.66,80.0,0.35,12.15,0.34,80.0,0.36,121.0,0.37,108.17,0.01,0.01,2351.399277,1776302149000
1776302151.697,51.697,0.64,106.0,0.63,50.17,0.65,93.99,0.66,90.0,0.35,22.99,0.34,80.0,0.36,116.0,0.37,108.17,0.01,0.01,2351.399277,1776302149000
1776302153.268,53.268,0.64,71.0,0.63,45.47,0.65,114.88,0.66,80.0,0.35,93.99,0.34,90.0,0.36,106.0,0.37,50.17,0.01,0.01,2351.746329,1776302151000
1776302154.118,54.118,0.64,3.0,0.63,5.3,0.65,241.11,0.66,85.0,0.35,114.88,0.34,80.0,0.36,71.0,0.37,45.47,0.01,0.01,2351.746616,1776302152000
1776302154.417,54.417,0.54,51.28,0.53,101.69,0.55,20.0,0.56,70.0,0.45,25.0,0.44,70.0,0.46,75.28,0.47,101.69,0.01,0.01,2351.754507,1776302153000
1776302155.16,55.16,0.54,117.23,0.53,79.74,0.58,5.0,0.59,38.0,0.45,19.54,0.44,70.0,0.46,51.28,0.47,101.69,0.04,0.01,2351.754507,1776302153000
1776302158.314,58.314,0.58,54.0,0.57,50.0,0.59,25.0,0.6,25.0,0.42,5.0,0.41,38.0,0.46,117.23,0.47,79.74,0.01,0.04,2351.367948,1776302157000
1776302160.583,60.583,0.58,40.5,0.57,50.0,0.59,25.0,0.6,83.0,0.41,25.0,0.4,25.0,0.42,54.0,0.43,50.0,0.01,0.01,2351.367444,1776302159000
1776302161.192,61.192,0.58,50.5,0.57,113.0,0.61,60.95,0.62,25.0,0.41,25.0,0.4,83.0,0.42,40.5,0.43,50.0,0.03,0.01,2351.367444,1776302159000
1776302161.508,61.508,0.6,54.0,0.59,40.0,0.62,76.57,0.63,20.0,0.39,60.95,0.38,25.0,0.42,50.5,0.43,113.0,0.02,0.03,2351.376457,1776302160000
1776302162.945,62.945,0.6,5.0,0.59,15.0,0.61,20.0,0.62,76.57,0.38,76.57,0.37,20.0,0.4,54.0,0.41,40.0,0.01,0.02,2351.37604,1776302161000
1776302163.512,63.512,0.54,16.81,0.53,63.7,0.61,25.0,0.62,76.57,0.39,20.0,0.38,76.57,0.4,5.0,0.41,15.0,0.07,0.01,2351.40821,1776302162000
1776302163.749,63.749,0.55,10.0,0.54,34.0,0.57,9.73,0.58,10.0,0.39,25.0,0.38,76.57,0.46,16.81,0.47,63.7,0.02,0.07,2351.40821,1776302162000
1776302164.714,64.714,0.58,10.0,0.57,20.0,0.59,5.0,0.6,10.0,0.43,9.73,0.42,10.0,0.45,10.0,0.46,34.0,0.01,0.02,2351.417095,1776302163000
1776302165.753,65.753,0.56,6.59,0.55,22.09,0.59,15.0,0.6,15.0,0.41,5.0,0.4,10.0,0.42,10.0,0.43,20.0,0.03,0.01,2351.342691,1776302164000
1776302166.16,66.16,0.53,36.33,0.52,102.85,0.54,20.0,0.55,20.0,0.41,15.0,0.4,15.0,0.44,6.59,0.45,22.09,0.01,0.03,2351.342691,1776302164000
1776302167.677,67.677,0.52,97.85,0.51,21.76,0.54,274.87,0.55,20.0,0.46,20.0,0.45,20.0,0.47,36.33,0.48,102.85,0.02,0.01,2351.403602,1776302166000
1776302167.935,67.935,0.51,14.79,0.5,40.62,0.54,346.87,0.55,20.0,0.46,346.87,0.45,20.0,0.48,13.72,0.49,21.76,0.03,0.02,2351.349127,1776302167000
1776302168.409,68.409,0.43,58.0,0.41,11.0,0.48,50.0,0.49,83.0,0.51,9.8,0.49,50.0,0.53,4.73,0.56,10.0,0.05,0.02,2351.349127,1776302167000
1776302171.195,71.195,0.42,6.09,0.41,15.0,0.43,71.0,0.44,52.0,0.52,50.0,0.51,83.0,0.57,58.0,0.59,11.0,0.01,0.05,2350.785596,1776302169000
1776302172.031,72.031,0.4,24.79,0.39,19.0,0.41,179.0,0.42,15.0,0.57,71.0,0.56,52.0,0.6,1.09,0.61,5.0,0.01,0.03,2350.776551,1776302170000
1776302174.652,74.652,0.4,19.7,0.39,24.0,0.41,179.0,0.42,15.0,0.59,134.0,0.58,15.0,0.6,24.7,0.61,19.0,0.01,0.01,2350.45657,1776302173000
1776302177.529,77.529,0.4,11.73,0.39,24.0,0.41,158.0,0.42,15.0,0.59,179.0,0.58,15.0,0.6,19.7,0.61,24.0,0.01,0.01,2350.487716,1776302175000
1776302181.139,81.139,0.35,8.0,0.3,10.0,0.41,230.0,0.42,25.0,0.59,158.0,0.58,15.0,0.6,11.73,0.61,24.0,0.06,0.01,2350.380034,1776302179000
1776302181.339,81.339,0.3,5.0,0.28,22.89,0.36,51.76,0.37,27.09,0.64,57.0,0.61,17.09,0.72,22.89,0.73,23.3,0.06,0.08,2350.380034,1776302179000
1776302181.732,81.732,0.3,3.42,0.29,5.0,0.31,15.0,0.32,21.0,0.64,51.76,0.63,27.09,0.7,5.0,0.72,22.89,0.01,0.06,2350.384874,1776302180000
1776302182.093,82.093,0.29,5.0,0.28,5.0,0.3,16.0,0.31,28.0,0.69,15.0,0.68,21.0,0.7,3.42,0.71,5.0,0.01,0.01,2350.384874,1776302180000
1776302183.498,83.498,0.28,10.0,0.27,23.3,0.29,81.1,0.3,60.0,0.7,16.0,0.69,28.0,0.71,5.0,0.72,5.0,0.01,0.01,2349.899471,1776302182000
1776302184.026,84.026,0.26,91.7,0.25,59.2,0.29,43.1,0.3,79.0,0.71,81.1,0.7,60.0,0.72,10.0,0.73,23.3,0.03,0.01,2349.90825,1776302183000
1776302184.962,84.962,0.26,33.7,0.25,59.2,0.27,40.29,0.28,15.0,0.71,43.1,0.7,79.0,0.74,91.7,0.75,59.2,0.01,0.03,2349.90825,1776302183000
1776302187.554,87.554,0.26,23.7,0.25,54.2,0.27,127.82,0.28,15.0,0.73,40.29,0.72,15.0,0.74,33.7,0.75,59.2,0.01,0.01,2349.801668,1776302185000
1776302187.941,87.941,0.26,18.7,0.25,38.2,0.27,193.63,0.28,15.0,0.73,127.82,0.72,15.0,0.74,23.7,0.75,54.2,0.01,0.01,2349.68802,1776302186000
1776302188.179,88.179,0.24,12.0,0.23,39.3,0.25,176.0,0.26,34.0,0.73,193.63,0.72,15.0,0.74,18.7,0.75,38.2,0.01,0.01,2349.68802,1776302186000
1776302188.495,88.495,0.23,5.3,0.22,42.0,0.24,258.0,0.25,61.0,0.76,36.0,0.75,124.0,0.77,34.3,0.78,47.0,0.01,0.01,2349.68802,1776302186000
1776302188.971,88.971,0.21,11.7,0.2,55.5,0.22,123.0,0.23,16.0,0.76,258.0,0.75,61.0,0.77,5.3,0.78,42.0,0.01,0.01,2349.607965,1776302187000
1776302189.609,89.609,0.21,11.7,0.2,68.5,0.22,135.33,0.23,16.0,0.78,123.0,0.77,16.0,0.79,11.7,0.8,68.5,0.01,0.01,2349.610308,1776302188000
1776302190.875,90.875,0.21,8.2,0.2,45.5,0.22,127.33,0.23,74.0,0.78,135.33,0.77,16.0,0.79,11.7,0.8,68.5,0.01,0.01,2349.314851,1776302189000
1776302191.167,91.167,0.2,10.0,0.18,24.4,0.22,172.0,0.23,16.0,0.78,127.33,0.77,74.0,0.79,8.2,0.8,45.5,0.02,0.01,2349.314851,1776302189000
1776302191.582,91.582,0.18,17.99,0.17,25.5,0.19,177.0,0.2,16.0,0.81,38.0,0.8,16.0,0.82,19.21,0.83,25.5,0.01,0.01,2349.244079,1776302190000
1776302191.892,91.892,0.18,3.9,0.17,25.5,0.19,309.0,0.2,41.0,0.81,177.0,0.8,16.0,0.82,17.99,0.83,25.5,0.01,0.01,2349.244079,1776302190000
1776302192.688,92.688,0.17,181.35,0.16,40.8,0.18,17.0,0.19,10.0,0.81,309.0,0.8,41.0,0.83,24.35,0.84,26.8,0.01,0.02,2349.152682,1776302191000
1776302192.974,92.974,0.17,252.19,0.16,169.8,0.19,6.07,0.2,10.0,0.82,6.41,0.81,10.0,0.83,192.19,0.84,40.8,0.02,0.01,2349.152682,1776302191000
1776302193.233,93.233,0.18,139.97,0.17,200.19,0.19,6.07,0.2,10.0,0.81,6.07,0.8,10.0,0.83,252.19,0.84,169.8,0.01,0.02,2348.976446,1776302192000
1776302193.982,93.982,0.18,274.37,0.17,242.19,0.19,68.1,0.2,73.0,0.81,6.07,0.8,10.0,0.82,139.97,0.83,200.19,0.01,0.01,2348.976446,1776302192000
1776302194.376,94.376,0.19,152.0,0.18,193.15,0.21,10.0,0.22,15.0,0.81,5.8,0.8,78.29,0.82,243.15,0.83,212.19,0.02,0.01,2348.976446,1776302192000
1776302194.647,94.647,0.21,186.95,0.2,256.79,0.22,29.0,0.23,10.0,0.77,10.0,0.76,10.0,0.79,35.05,0.8,72.24,0.01,0.02,2348.879431,1776302193000
1776302195.411,95.411,0.21,212.66,0.2,251.79,0.22,10.0,0.23,15.0,0.78,24.0,0.77,10.0,0.79,187.95,0.8,256.79,0.01,0.01,2349.057055,1776302194000
1776302196.215,96.215,0.21,234.07,0.2,274.29,0.22,116.14,0.23,15.0,0.78,10.0,0.77,15.0,0.79,212.66,0.8,251.79,0.01,0.01,2349.057055,1776302194000
1776302196.957,96.957,0.21,299.78,0.2,271.29,0.22,106.14,0.26,6.0,0.78,116.14,0.77,15.0,0.79,234.07,0.8,274.29,0.01,0.01,2349.144689,1776302195000
1776302197.181,97.181,0.21,481.78,0.2,271.29,0.22,60.73,0.24,10.0,0.78,90.73,0.76,10.0,0.79,332.78,0.8,271.29,0.01,0.01,2349.144689,1776302195000
1776302197.395,97.395,0.23,216.0,0.22,157.0,0.25,6.0,0.26,68.0,0.76,3.0,0.75,10.0,0.77,19.0,0.78,10.0,0.02,0.01,2349.144689,1776302195000
1776302197.788,97.788,0.24,97.49,0.23,76.0,0.25,104.72,0.26,68.0,0.75,6.0,0.74,10.0,0.76,66.78,0.77,81.0,0.01,0.01,2349.144689,1776302195000
1776302198.498,98.498,0.24,145.0,0.23,64.0,0.25,18.41,0.26,10.0,0.75,104.72,0.74,68.0,0.76,97.49,0.77,76.0,0.01,0.01,2349.210639,1776302197000
1776302198.871,98.871,0.24,98.74,0.23,84.3,0.25,28.41,0.26,64.41,0.75,18.41,0.74,10.0,0.76,145.0,0.77,64.0,0.01,0.01,2349.210639,1776302197000
1776302199.156,99.156,0.24,44.35,0.23,65.3,0.25,91.41,0.26,64.41,0.75,28.41,0.74,64.41,0.76,98.74,0.77,84.3,0.01,0.01,2349.373537,1776302198000
1776302199.435,99.435,0.24,19.35,0.23,55.3,0.25,110.41,0.26,64.41,0.75,91.41,0.74,64.41,0.76,44.35,0.77,65.3,0.01,0.01,2349.373537,1776302198000
1776302201.682,101.682,0.24,208.7,0.23,69.3,0.25,13.41,0.26,24.32,0.75,98.41,0.74,64.41,0.76,2.35,0.77,55.3,0.01,0.01,2349.546554,1776302200000
1776302201.904,101.904,0.26,31.68,0.25,112.2,0.27,10.0,0.28,73.0,0.74,4.32,0.72,73.0,0.75,10.0,0.76,73.7,0.01,0.01,2349.546554,1776302200000
1776302202.276,102.276,0.27,15.72,0.26,61.68,0.28,92.56,0.29,10.0,0.72,82.56,0.71,10.0,0.73,36.0,0.74,56.68,0.01,0.01,2349.559665,1776302201000
1776302202.752,102.752,0.27,6.72,0.26,80.38,0.28,41.13,0.29,10.0,0.72,92.56,0.71,10.0,0.73,15.72,0.74,61.68,0.01,0.01,2349.559665,1776302201000
1776302203.099,103.099,0.26,80.38,0.25,82.6,0.28,22.66,0.29,10.0,0.72,41.13,0.71,10.0,0.74,80.38,0.75,82.6,0.02,0.02,2349.559665,1776302201000
1776302206.467,106.467,0.27,105.59,0.26,80.38,0.28,114.31,0.29,68.0,0.72,22.66,0.71,10.0,0.74,80.38,0.75,82.6,0.01,0.02,2349.727077,1776302205000
1776302207.706,107.706,0.27,103.99,0.26,70.38,0.28,177.31,0.29,15.0,0.72,114.31,0.71,68.0,0.73,105.59,0.74,80.38,0.01,0.01,2349.734069,1776302206000
1776302211.258,111.258,0.27,103.99,0.26,29.7,0.28,59.0,0.29,35.38,0.72,177.31,0.71,15.0,0.73,103.99,0.74,70.38,0.01,0.01,2349.722092,1776302209000
1776302213.623,113.623,0.27,81.68,0.26,6.0,0.28,84.0,0.29,98.97,0.72,59.0,0.71,35.38,0.73,81.75,0.74,29.7,0.01,0.01,2349.692173,1776302212000
1776302216.961,116.961,0.27,76.68,0.26,6.0,0.28,127.0,0.29,40.97,0.72,84.0,0.71,98.97,0.73,81.68,0.74,6.0,0.01,0.01,2349.738958,1776302215000
1776302221.262,121.262,0.28,16.41,0.27,81.68,0.29,15.0,0.3,21.0,0.72,127.0,0.71,40.97,0.73,76.68,0.74,6.0,0.01,0.01,2349.747732,1776302219000
1776302221.892,121.892,0.28,26.15,0.27,70.28,0.29,108.0,0.3,59.34,0.71,15.0,0.7,21.0,0.72,16.41,0.73,81.68,0.01,0.01,2349.772342,1776302220000
1776302222.534,122.534,0.28,26.15,0.27,70.28,0.29,108.71,0.3,53.34,0.71,108.0,0.7,59.34,0.72,26.15,0.73,70.28,0.01,0.01,2349.778641,1776302221000
1776302223.275,123.275,0.28,89.15,0.27,85.28,0.29,39.71,0.3,69.98,0.71,108.71,0.7,53.34,0.72,26.15,0.73,70.28,0.01,0.01,2349.778641,1776302221000
1776302224.065,124.065,0.28,144.15,0.27,101.28,0.29,20.06,0.3,63.98,0.71,39.71,0.7,69.98,0.72,89.15,0.73,85.28,0.01,0.01,2349.784719,1776302222000
1776302224.345,124.345,0.29,11.4,0.28,127.75,0.3,53.98,0.31,15.0,0.7,58.98,0.69,15.0,0.72,139.15,0.73,101.28,0.01,0.02,2349.784719,1776302222000
1776302225.09,125.09,0.29,18.06,0.28,127.75,0.3,104.28,0.31,15.0,0.7,53.98,0.69,15.0,0.71,11.4,0.72,127.75,0.01,0.01,2349.784127,1776302223000
1776302225.937,125.937,0.29,20.06,0.28,172.64,0.3,93.76,0.31,15.0,0.7,98.99,0.69,15.0,0.71,13.06,0.72,127.75,0.01,0.01,2349.907354,1776302225000
1776302226.941,126.941,0.35,11.4,0.34,30.26,0.36,15.0,0.37,21.0,0.7,88.47,0.69,15.0,0.71,25.06,0.72,172.64,0.01,0.01,2349.901269,1776302226000
1776302227.305,127.305,0.34,21.41,0.33,40.0,0.36,15.47,0.37,21.0,0.64,5.47,0.63,21.0,0.65,11.4,0.66,30.26,0.02,0.01,2349.901269,1776302226000
1776302227.862,127.862,0.34,21.41,0.33,45.0,0.35,78.98,0.36,15.47,0.64,15.47,0.63,21.0,0.66,21.41,0.67,40.0,0.01,0.02,2349.901269,1776302226000
1776302228.095,128.095,0.34,8.53,0.33,40.0,0.35,34.02,0.36,15.47,0.65,44.02,0.64,15.47,0.66,21.41,0.67,45.0,0.01,0.01,2349.933844,1776302227000
1776302228.355,128.355,0.34,20.39,0.33,40.0,0.35,5.0,0.36,10.0,0.65,34.02,0.64,15.47,0.66,8.53,0.67,40.0,0.01,0.01,2349.933844,1776302227000
1776302228.558,128.558,0.34,31.39,0.33,104.0,0.36,7.0,0.39,11.0,0.64,10.0,0.61,11.0,0.66,31.39,0.67,104.0,0.02,0.02,2349.933844,1776302227000
1776302228.871,128.871,0.38,18.38,0.37,10.0,0.39,1.0,0.4,15.0,0.61,1.0,0.6,15.0,0.62,13.38,0.63,10.0,0.01,0.01,2349.933844,1776302227000
1776302229.118,129.118,0.38,23.38,0.37,15.0,0.39,5.8,0.4,15.0,0.61,1.0,0.6,15.0,0.62,18.38,0.63,10.0,0.01,0.01,2350.125655,1776302228000
1776302229.458,129.458,0.37,8.64,0.36,15.0,0.39,25.8,0.4,73.0,0.61,5.8,0.6,15.0,0.62,23.38,0.63,15.0,0.02,0.01,2350.125655,1776302228000
1776302230.636,130.636,0.38,3.87,0.37,18.64,0.39,1.0,0.4,11.0,0.61,25.8,0.6,73.0,0.63,8.64,0.64,15.0,0.01,0.02,2350.147843,1776302229000
1776302231.403,131.403,0.38,8.8,0.37,92.04,0.39,1.0,0.4,11.0,0.61,1.0,0.6,11.0,0.62,3.87,0.63,18.64,0.01,0.01,2350.294433,1776302230000
1776302232.286,132.286,0.44,20.0,0.43,20.0,0.45,7.06,0.46,63.0,0.6,11.0,0.59,15.0,0.62,3.8,0.63,92.04,0.01,0.02,2350.3305,1776302231000
1776302233.124,133.124,0.46,168.0,0.45,20.0,0.5,5.0,0.51,25.41,0.55,7.06,0.54,63.0,0.56,11.94,0.57,20.0,0.04,0.01,2350.37785,1776302232000
1776302233.496,133.496,0.5,50.0,0.49,20.0,0.51,65.28,0.52,17.0,0.49,31.62,0.48,10.0,0.51,20.0,0.52,10.0,0.01,0.02,2350.37785,1776302232000
1776302233.72,133.72,0.5,28.24,0.49,15.0,0.51,125.81,0.52,17.0,0.49,65.28,0.48,17.0,0.5,33.24,0.51,20.0,0.01,0.01,2350.37785,1776302232000
1776302234.645,134.645,0.5,17.84,0.49,20.0,0.51,99.81,0.52,10.0,0.49,110.81,0.48,17.0,0.5,28.24,0.51,15.0,0.01,0.01,2350.499928,1776302233000
1776302236.32,136.32,0.44,5.0,0.43,5.0,0.45,8.95,0.46,20.0,0.49,99.81,0.48,10.0,0.5,17.84,0.51,20.0,0.01,0.01,2350.877535,1776302235000
1776302236.557,136.557,0.44,5.0,0.43,5.0,0.45,5.95,0.46,20.0,0.55,8.95,0.54,20.0,0.56,5.0,0.57,5.0,0.01,0.01,2350.877535,1776302235000
1776302236.858,136.858,0.44,4.51,0.43,15.0,0.45,5.0,0.46,5.0,0.55,5.95,0.54,20.0,0.56,5.0,0.57,5.0,0.01,0.01,2350.929356,1776302236000
1776302237.513,137.513,0.44,20.0,0.43,73.0,0.46,4.8,0.47,16.0,0.55,5.0,0.54,5.0,0.56,4.51,0.57,15.0,0.02,0.01,2350.929356,1776302236000
1776302238.085,138.085,0.46,8.74,0.45,20.0,0.47,16.0,0.48,20.0,0.54,4.8,0.53,16.0,0.56,20.0,0.57,73.0,0.01,0.02,2350.929356,1776302236000
1776302238.781,138.781,0.46,13.74,0.45,20.0,0.47,6.0,0.48,15.0,0.53,16.0,0.52,20.0,0.54,8.74,0.55,20.0,0.01,0.01,2350.9149,1776302237000
1776302239.43,139.43,0.45,12.88,0.44,73.0,0.47,5.0,0.48,11.0,0.53,6.0,0.52,15.0,0.54,13.74,0.55,20.0,0.02,0.01,2350.90381,1776302238000
1776302250.777,150.777,0.48,40.0,0.47,73.0,0.49,11.0,0.5,15.0,0.53,5.0,0.52,11.0,0.55,12.88,0.56,73.0,0.01,0.02,2350.805949,1776302249000
1776302251.729,151.729,0.48,50.0,0.47,15.0,0.49,13.0,0.5,5.0,0.51,11.0,0.5,15.0,0.52,40.0,0.53,73.0,0.01,0.01,2350.843666,1776302250000
1776302260.051,160.051,0.48,276.0,0.47,28.0,0.54,10.87,0.55,5.0,0.51,13.0,0.5,5.0,0.52,50.0,0.53,15.0,0.06,0.01,2350.831149,1776302258000
1776302260.374,160.374,0.58,10.0,0.57,15.0,0.59,15.9,0.6,5.0,0.41,15.9,0.4,5.0,0.42,20.0,0.43,15.0,0.01,0.01,2350.831149,1776302258000
1776302260.749,160.749,0.52,5.0,0.47,5.0,0.54,137.0,0.55,22.0,0.42,15.0,0.41,20.9,0.46,5.0,0.47,6.0,0.02,0.04,2350.831149,1776302258000
1776302261.093,161.093,0.47,15.0,0.46,10.0,0.49,13.0,0.5,10.0,0.51,2.0,0.5,10.0,0.52,10.0,0.53,15.0,0.02,0.01,2350.831739,1776302259000
1776302261.802,161.802,0.49,65.7,0.48,10.0,0.5,18.0,0.51,15.0,0.51,1.93,0.5,7.0,0.53,15.0,0.54,10.0,0.01,0.02,2350.864573,1776302260000
1776302264.946,164.946,0.49,25.0,0.48,68.0,0.5,19.0,0.51,5.0,0.5,18.0,0.49,15.0,0.51,65.7,0.52,10.0,0.01,0.01,2350.92235,1776302263000
1776302265.6,165.6,0.49,15.0,0.48,113.96,0.5,3.32,0.51,5.0,0.5,19.0,0.49,5.0,0.51,25.0,0.52,68.0,0.01,0.01,2350.926584,1776302264000
1776302266.271,166.271,0.56,20.0,0.55,15.0,0.58,26.0,0.59,9.9,0.5,3.32,0.49,5.0,0.51,15.0,0.52,113.96,0.02,0.01,2350.926584,1776302264000
1776302267.153,167.153,0.56,5.0,0.55,15.0,0.58,44.0,0.59,19.9,0.42,26.0,0.41,9.9,0.44,20.0,0.45,15.0,0.02,0.02,2350.941275,1776302265000
1776302268.295,168.295,0.49,10.0,0.48,10.0,0.5,16.39,0.51,20.0,0.43,8.76,0.42,26.0,0.44,5.0,0.45,15.0,0.01,0.01,2351.047486,1776302266000
1776302271.441,171.441,0.48,10.0,0.47,10.0,0.5,118.68,0.51,20.0,0.5,16.39,0.49,20.0,0.51,10.0,0.52,10.0,0.02,0.01,2350.963319,1776302269000
1776302272.049,172.049,0.49,10.0,0.48,10.0,0.5,97.66,0.51,20.0,0.5,118.68,0.49,20.0,0.52,10.0,0.53,10.0,0.01,0.02,2350.966041,1776302270000
1776302273.237,173.237,0.33,53.74,0.32,10.0,0.41,159.0,0.42,10.0,0.5,97.66,0.49,20.0,0.51,10.0,0.52,10.0,0.08,0.01,2350.919668,1776302271000
1776302273.703,173.703,0.36,5.92,0.34,10.0,0.38,84.0,0.39,15.0,0.59,159.0,0.58,10.0,0.67,53.74,0.68,10.0,0.02,0.08,2350.927174,1776302272000
1776302273.908,173.908,0.37,2.85,0.36,15.92,0.38,40.0,0.39,5.0,0.62,65.0,0.61,5.0,0.63,2.85,0.64,15.92,0.01,0.01,2350.927174,1776302272000
1776302274.198,174.198,0.37,2.85,0.36,73.92,0.39,24.0,0.4,5.0,0.61,4.0,0.6,5.0,0.63,2.85,0.64,15.92,0.02,0.02,2350.895897,1776302273000
1776302274.589,174.589,0.37,5.0,0.36,68.0,0.39,30.0,0.4,15.0,0.61,24.0,0.6,5.0,0.63,2.85,0.64,73.92,0.02,0.02,2350.895897,1776302273000
1776302276.856,176.856,0.38,83.0,0.37,16.87,0.39,6.0,0.41,21.0,0.62,5.0,0.61,35.0,0.63,6.87,0.64,68.0,0.01,0.01,2350.4822,1776302275000
1776302278.873,178.873,0.38,83.0,0.37,15.0,0.41,21.0,0.42,10.0,0.61,1.0,0.59,21.0,0.62,83.0,0.63,16.87,0.03,0.01,2350.53834,1776302277000
1776302281.266,181.266,0.39,7.54,0.38,20.0,0.4,10.0,0.41,16.0,0.59,21.0,0.58,10.0,0.62,83.0,0.63,15.0,0.01,0.03,2350.5324,1776302280000
1776302281.553,181.553,0.39,7.54,0.38,20.0,0.4,5.0,0.41,16.0,0.6,10.0,0.59,16.0,0.61,7.54,0.62,20.0,0.01,0.01,2350.5324,1776302280000
1776302281.756,181.756,0.37,11.66,0.36,20.0,0.39,10.0,0.4,34.0,0.6,5.0,0.59,16.0,0.61,7.54,0.62,20.0,0.02,0.01,2350.5324,1776302280000
1776302282.928,182.928,0.36,9.0,0.35,78.0,0.37,5.0,0.38,10.0,0.61,35.0,0.6,15.0,0.64,17.11,0.65,10.0,0.01,0.03,2350.53235,1776302281000
1776302283.869,183.869,0.36,201.0,0.35,34.0,0.45,63.0,0.46,5.0,0.63,5.0,0.62,10.0,0.64,9.0,0.65,78.0,0.09,0.01,2350.574765,1776302282000
1776302284.178,184.178,0.44,11.67,0.43,15.0,0.45,58.0,0.46,10.0,0.55,63.0,0.54,5.0,0.64,201.0,0.65,34.0,0.01,0.09,2350.51225,1776302283000
1776302288.491,188.491,0.51,20.0,0.5,20.0,0.52,5.0,0.55,40.0,0.55,58.0,0.54,10.0,0.56,11.67,0.57,15.0,0.01,0.01,2350.9198,1776302287000
1776302289.593,189.593,0.54,6.54,0.53,10.0,0.55,31.49,0.56,57.0,0.45,26.49,0.44,57.0,0.49,15.0,0.5,20.0,0.01,0.04,2350.972889,1776302288000
1776302289.955,189.955,0.53,10.0,0.52,10.0,0.55,31.49,0.56,57.0,0.45,31.49,0.44,57.0,0.46,6.54,0.47,10.0,0.02,0.01,2350.972889,1776302288000
1776302291.965,191.965,0.53,4.89,0.52,10.0,0.54,26.39,0.55,31.49,0.45,31.49,0.44,57.0,0.47,10.0,0.48,10.0,0.01,0.02,2351.03284,1776302291000
1776302296.039,196.039,0.45,61.52,0.44,15.0,0.46,15.0,0.47,25.0,0.46,26.39,0.45,31.49,0.47,4.89,0.48,10.0,0.01,0.01,2351.017511,1776302295000
1776302298.209,198.209,0.45,71.52,0.44,15.0,0.46,54.06,0.47,15.0,0.54,15.0,0.53,25.0,0.55,61.52,0.56,15.0,0.01,0.01,2350.853649,1776302297000
1776302300.61,200.61,0.46,52.0,0.45,131.52,0.49,5.0,0.5,5.0,0.54,54.06,0.53,15.0,0.55,71.52,0.56,15.0,0.03,0.01,2350.847259,1776302299000
1776302300.881,200.881,0.5,47.0,0.49,15.0,0.51,8.03,0.52,5.0,0.49,10.0,0.48,5.0,0.52,5.0,0.53,10.0,0.01,0.03,2350.847259,1776302299000
1776302304.481,204.481,0.51,5.0,0.5,89.0,0.64,8.23,0.65,45.8,0.49,3.03,0.48,5.0,0.5,47.0,0.51,15.0,0.13,0.01,2351.00183,1776302303000
1776302305.301,205.301,0.58,15.0,0.57,25.0,0.59,15.0,0.61,30.0,0.41,5.0,0.37,24.0,0.44,5.0,0.48,11.0,0.01,0.03,2351.011995,1776302304000
1776302305.504,205.504,0.58,25.0,0.57,20.0,0.65,45.8,0.66,76.0,0.41,15.0,0.39,30.0,0.42,15.0,0.43,25.0,0.07,0.01,2351.011995,1776302304000
1776302305.801,205.801,0.62,20.0,0.61,10.0,0.63,30.0,0.64,56.8,0.35,45.8,0.34,76.0,0.42,25.0,0.43,20.0,0.01,0.07,2351.011995,1776302304000
1776302306.075,206.075,0.61,10.0,0.6,15.0,0.63,5.0,0.64,56.8,0.37,30.0,0.36,56.8,0.38,15.0,0.39,10.0,0.02,0.01,2351.011995,1776302304000
1776302307.579,207.579,0.61,9.05,0.6,10.0,0.62,10.0,0.63,6.0,0.37,5.0,0.36,56.8,0.39,10.0,0.4,15.0,0.01,0.02,2351.203155,1776302306000
1776302308.839,208.839,0.61,9.05,0.6,15.0,0.62,5.16,0.63,6.0,0.38,10.0,0.37,6.0,0.39,9.05,0.4,10.0,0.01,0.01,2351.21097,1776302307000
1776302309.85,209.85,0.61,14.05,0.6,15.0,0.62,8.9,0.63,6.0,0.38,5.16,0.37,6.0,0.39,9.05,0.4,15.0,0.01,0.01,2351.22316,1776302308000
1776302310.406,210.406,0.61,3.92,0.6,10.0,0.62,3.9,0.63,6.0,0.38,8.9,0.37,6.0,0.39,14.05,0.4,15.0,0.01,0.01,2351.22855,1776302309000
1776302310.687,210.687,0.62,5.0,0.61,18.92,0.65,5.15,0.67,58.0,0.38,3.9,0.37,6.0,0.39,3.92,0.4,10.0,0.03,0.01,2351.22855,1776302309000
1776302310.918,210.918,0.62,5.0,0.61,48.92,0.66,3.36,0.67,63.0,0.34,13.36,0.33,58.0,0.38,5.0,0.39,48.92,0.04,0.04,2351.22855,1776302309000
1776302311.478,211.478,0.66,15.0,0.65,15.0,0.67,62.05,0.71,50.0,0.33,63.0,0.29,50.0,0.38,5.0,0.39,48.92,0.01,0.05,2351.257072,1776302310000
1776302311.997,211.997,0.66,0.8,0.65,15.0,0.67,62.05,0.71,60.0,0.33,62.05,0.29,50.0,0.34,15.0,0.35,15.0,0.01,0.01,2351.257072,1776302310000
1776302312.254,212.254,0.66,10.8,0.65,15.0,0.67,67.45,0.7,10.0,0.33,62.05,0.29,60.0,0.34,0.8,0.35,15.0,0.01,0.01,2351.257072,1776302310000
1776302312.525,212.525,0.66,10.8,0.65,15.0,0.67,66.45,0.68,6.0,0.33,67.45,0.3,10.0,0.34,10.8,0.35,15.0,0.01,0.01,2351.230575,1776302311000
1776302312.998,212.998,0.66,0.15,0.65,15.0,0.67,39.98,0.68,6.0,0.33,61.45,0.32,6.0,0.34,0.15,0.35,15.0,0.01,0.01,2351.230575,1776302311000
1776302313.268,213.268,0.65,15.0,0.64,15.0,0.67,44.98,0.68,6.0,0.33,39.98,0.32,6.0,0.34,0.15,0.35,15.0,0.02,0.01,2351.230575,1776302311000
1776302313.601,213.601,0.64,5.0,0.58,36.0,0.67,39.98,0.68,6.0,0.33,44.98,0.32,6.0,0.35,15.0,0.36,15.0,0.03,0.02,2351.39451,1776302312000
1776302314.817,214.817,0.71,5.0,0.7,10.0,0.72,17.89,0.73,18.3,0.34,15.0,0.33,49.98,0.39,10.0,0.4,10.0,0.01,0.05,2351.3746,1776302313000
1776302315.045,215.045,0.73,10.0,0.72,10.0,0.74,16.94,0.75,19.2,0.28,17.89,0.27,18.3,0.29,5.0,0.3,10.0,0.01,0.01,2351.3746,1776302313000
1776302315.371,215.371,0.73,4.07,0.72,10.0,0.74,11.94,0.75,19.2,0.26,11.94,0.25,19.2,0.27,9.07,0.28,10.0,0.01,0.01,2351.3746,1776302313000
1776302315.775,215.775,0.73,9.0,0.72,8.56,0.74,16.28,0.75,83.2,0.26,10.28,0.25,77.2,0.28,8.56,0.29,10.0,0.01,0.02,2351.3746,1776302313000
1776302316.161,216.161,0.73,5.0,0.72,7.56,0.74,21.0,0.75,64.0,0.26,16.0,0.25,64.0,0.28,7.56,0.29,10.0,0.01,0.02,2351.3746,1776302313000
1776302316.778,216.778,0.73,3.11,0.72,7.56,0.74,21.0,0.75,64.0,0.26,21.0,0.25,64.0,0.27,5.0,0.28,7.56,0.01,0.01,2351.3154,1776302314000
1776302317.0,217.0,0.73,8.11,0.72,7.56,0.74,20.68,0.75,64.0,0.26,21.0,0.25,64.0,0.27,3.11,0.28,7.56,0.01,0.01,2351.3154,1776302314000
1776302317.467,217.467,0.73,8.11,0.72,7.56,0.76,11.0,0.77,20.3,0.26,20.68,0.25,64.0,0.27,8.11,0.28,7.56,0.03,0.01,2351.376854,1776302316000
1776302318.252,218.252,0.75,25.0,0.74,15.0,0.76,4.21,0.77,78.3,0.24,11.0,0.23,20.3,0.27,8.11,0.28,7.56,0.01,0.03,2351.376854,1776302316000
1776302319.036,219.036,0.75,45.0,0.74,15.0,0.83,13.66,0.84,26.8,0.24,4.21,0.23,78.3,0.25,25.0,0.26,15.0,0.08,0.01,2351.616525,1776302317000
1776302319.685,219.685,0.76,5.0,0.75,25.0,0.78,0.76,0.82,5.0,0.17,13.56,0.16,26.8,0.25,49.0,0.26,15.0,0.02,0.08,2351.696555,1776302318000
1776302320.36,220.36,0.8,6.25,0.78,10.0,0.82,8.78,0.83,13.56,0.18,5.0,0.17,13.56,0.19,5.41,0.24,5.0,0.02,0.01,2351.733782,1776302319000
1776302320.956,220.956,0.81,38.0,0.8,14.0,0.85,28.2,0.86,85.9,0.15,28.2,0.14,29.9,0.19,42.1,0.2,30.0,0.04,0.04,2351.733782,1776302319000
1776302321.96,221.96,0.79,5.25,0.78,16.0,0.85,31.08,0.86,85.9,0.15,26.08,0.14,85.9,0.19,68.0,0.2,14.0,0.06,0.04,2351.763232,1776302320000
1776302322.304,222.304,0.84,5.0,0.83,10.0,0.85,26.08,0.86,35.9,0.15,31.08,0.14,85.9,0.21,5.25,0.22,16.0,0.01,0.06,2351.763232,1776302320000
1776302322.846,222.846,0.82,10.0,0.81,17.0,0.85,26.08,0.86,93.9,0.15,26.08,0.14,35.9,0.16,5.0,0.17,10.0,0.03,0.01,2352.118755,1776302321000
1776302323.416,223.416,0.76,58.0,0.75,6.0,0.85,48.08,0.86,95.9,0.15,26.08,0.14,93.9,0.18,10.0,0.19,17.0,0.09,0.03,2352.11473,1776302322000
1776302323.88,223.88,0.82,27.0,0.81,10.0,0.83,32.0,0.84,15.0,0.16,25.0,0.15,25.08,0.18,28.0,0.21,7.0,0.01,0.02,2352.11473,1776302322000
1776302324.235,224.235,0.82,49.0,0.81,10.0,0.83,23.63,0.84,15.0,0.17,26.0,0.16,15.0,0.18,19.0,0.19,10.0,0.01,0.01,2352.11473,1776302322000
1776302324.508,224.508,0.82,54.0,0.81,10.0,0.83,17.63,0.84,15.0,0.17,23.63,0.16,15.0,0.18,49.0,0.19,10.0,0.01,0.01,2352.119269,1776302323000
1776302324.751,224.751,0.82,54.0,0.81,10.0,0.83,11.34,0.84,15.0,0.17,17.63,0.16,15.0,0.18,54.0,0.19,10.0,0.01,0.01,2352.119269,1776302323000
1776302325.162,225.162,0.67,2.95,0.66,76.0,0.83,11.34,0.84,41.8,0.17,11.34,0.16,15.0,0.18,54.0,0.19,10.0,0.16,0.01,2352.12012,1776302324000
1776302325.518,225.518,0.79,20.0,0.78,10.0,0.8,8.75,0.81,60.0,0.17,11.34,0.16,41.8,0.33,2.95,0.34,76.0,0.01,0.16,2352.12012,1776302324000
1776302327.029,227.029,0.79,41.25,0.78,137.44,0.8,8.75,0.81,60.0,0.2,8.75,0.19,60.0,0.21,20.0,0.22,10.0,0.01,0.01,2352.080192,1776302326000
1776302328.103,228.103,0.79,78.81,0.78,125.44,0.82,10.0,0.83,10.0,0.2,8.75,0.19,60.0,0.21,41.25,0.22,137.44,0.03,0.01,2352.080192,1776302326000
1776302328.953,228.953,0.8,8.6,0.79,121.14,0.81,60.0,0.82,10.0,0.18,10.0,0.17,10.0,0.21,78.81,0.22,125.44,0.01,0.03,2352.112665,1776302327000
1776302330.077,230.077,0.8,1.1,0.79,121.14,0.81,50.0,0.82,10.0,0.19,60.0,0.18,10.0,0.2,8.6,0.21,121.14,0.01,0.01,2352.10678,1776302328000
1776302331.205,231.205,0.8,10.0,0.79,55.45,0.81,54.0,0.82,68.0,0.19,50.0,0.18,10.0,0.2,1.1,0.21,121.14,0.01,0.01,2352.0917,1776302329000
1776302333.388,233.388,0.84,75.0,0.83,88.0,0.87,33.55,0.88,44.1,0.19,54.0,0.18,68.0,0.2,10.0,0.21,55.45,0.03,0.01,2352.106473,1776302331000
1776302333.594,233.594,0.86,46.0,0.85,25.0,0.89,36.79,0.9,50.0,0.12,10.0,0.11,46.79,0.14,46.0,0.15,25.0,0.03,0.02,2352.106473,1776302331000
1776302333.99,233.99,0.87,53.0,0.86,46.0,0.88,12.02,0.89,36.79,0.12,9.9,0.11,36.79,0.13,18.0,0.14,46.0,0.01,0.01,2352.106473,1776302331000
1776302334.559,234.559,0.87,81.0,0.86,47.0,0.9,10.0,0.91,110.0,0.12,6.33,0.11,36.79,0.13,58.0,0.14,52.0,0.03,0.01,2352.056208,1776302333000
1776302335.439,235.439,0.9,63.1,0.89,25.0,0.91,144.16,0.92,10.0,0.09,80.16,0.08,10.0,0.13,81.0,0.14,47.0,0.01,0.04,2352.056208,1776302333000
1776302336.001,236.001,0.9,54.1,0.89,86.0,0.91,132.19,0.92,10.0,0.09,144.16,0.08,10.0,0.1,63.1,0.11,25.0,0.01,0.01,2352.479166,1776302335000
1776302336.219,236.219,0.9,54.1,0.89,86.0,0.91,122.89,0.92,10.0,0.09,132.19,0.08,10.0,0.1,54.1,0.11,86.0,0.01,0.01,2352.479166,1776302335000
1776302336.591,236.591,0.9,54.1,0.89,144.0,0.91,36.6,0.92,10.0,0.09,103.9,0.08,10.0,0.1,54.1,0.11,86.0,0.01,0.01,2352.479166,1776302335000
1776302338.277,238.277,0.9,63.1,0.89,144.0,0.91,31.6,0.92,10.0,0.09,36.6,0.08,10.0,0.1,54.1,0.11,144.0,0.01,0.01,2352.672822,1776302337000
1776302339.016,239.016,0.9,73.1,0.89,144.0,0.91,14.62,0.92,68.0,0.09,31.6,0.08,10.0,0.1,63.1,0.11,144.0,0.01,0.01,2352.672822,1776302337000
1776302339.48,239.48,0.9,73.1,0.89,144.0,0.91,12.85,0.92,68.0,0.09,14.62,0.08,68.0,0.1,73.1,0.11,144.0,0.01,0.01,2352.68219,1776302338000
1776302340.087,240.087,0.89,71.0,0.86,5.0,0.91,74.85,0.92,15.0,0.09,12.85,0.08,68.0,0.1,73.1,0.11,144.0,0.02,0.01,2352.67602,1776302339000
1776302340.453,240.453,0.89,75.9,0.86,5.0,0.9,29.0,0.91,62.85,0.1,40.0,0.09,62.85,0.11,75.9,0.14,5.0,0.01,0.01,2352.67602,1776302339000
1776302341.142,241.142,0.89,10.0,0.88,112.24,0.9,69.65,0.91,62.85,0.1,19.65,0.09,62.85,0.11,62.9,0.14,5.0,0.01,0.01,2352.679949,1776302340000
1776302341.5,241.5,0.89,10.0,0.88,112.24,0.9,58.53,0.91,60.0,0.1,64.09,0.09,62.85,0.11,10.0,0.12,112.24,0.01,0.01,2352.679949,1776302340000
1776302342.117,242.117,0.89,10.17,0.88,112.24,0.9,58.41,0.91,104.0,0.1,47.41,0.09,60.0,0.11,10.0,0.12,112.24,0.01,0.01,2352.679949,1776302340000
1776302342.484,242.484,0.89,10.17,0.88,112.24,0.9,25.06,0.91,104.0,0.1,31.18,0.09,104.0,0.11,10.17,0.12,112.24,0.01,0.01,2352.559449,1776302341000
1776302343.169,243.169,0.89,10.17,0.88,112.24,0.9,9.06,0.91,104.0,0.1,25.06,0.09,104.0,0.11,10.17,0.12,112.24,0.01,0.01,2352.559449,1776302341000
1776302343.874,243.874,0.89,5.9,0.88,112.24,0.9,30.0,0.91,10.0,0.07,4.04,0.06,106.8,0.11,10.17,0.12,112.24,0.01,0.04,2352.437494,1776302342000
1776302344.732,244.732,0.88,102.24,0.83,5.0,0.9,141.27,0.91,60.0,0.1,30.0,0.09,10.0,0.11,5.9,0.12,112.24,0.02,0.01,2352.517526,1776302343000
1776302345.08,245.08,0.83,132.66,0.82,10.0,0.88,7.0,0.89,94.45,0.1,141.27,0.09,60.0,0.12,102.24,0.17,5.0,0.05,0.02,2352.518076,1776302344000
1776302345.477,245.477,0.84,5.0,0.83,132.66,0.85,45.45,0.86,20.0,0.12,7.0,0.11,94.45,0.17,132.66,0.18,10.0,0.01,0.05,2352.518076,1776302344000
1776302345.896,245.896,0.83,54.0,0.82,5.0,0.84,65.45,0.85,10.0,0.15,65.45,0.14,28.57,0.17,64.25,0.18,10.0,0.01,0.02,2352.518076,1776302344000
1776302346.266,246.266,0.83,71.68,0.82,5.0,0.84,60.25,0.85,10.0,0.16,65.45,0.15,10.0,0.17,54.0,0.18,5.0,0.01,0.01,2352.329947,1776302345000
1776302346.499,246.499,0.83,71.68,0.82,15.0,0.84,59.05,0.85,10.0,0.16,60.25,0.15,10.0,0.17,71.68,0.18,5.0,0.01,0.01,2352.329947,1776302345000
1776302347.225,247.225,0.83,135.97,0.82,15.0,0.84,53.05,0.85,10.0,0.16,59.05,0.15,10.0,0.17,71.68,0.18,15.0,0.01,0.01,2352.329947,1776302345000
1776302347.732,247.732,0.83,135.97,0.82,15.0,0.84,41.03,0.85,10.0,0.16,52.05,0.15,10.0,0.17,135.97,0.18,15.0,0.01,0.01,2352.189017,1776302346000
1776302347.981,247.981,0.83,140.97,0.82,15.0,0.84,20.71,0.85,10.0,0.16,36.85,0.15,10.0,0.17,140.97,0.18,15.0,0.01,0.01,2352.173038,1776302347000
1776302348.328,248.328,0.83,127.17,0.82,5.0,0.84,17.89,0.85,10.0,0.16,17.89,0.15,10.0,0.17,140.97,0.18,15.0,0.01,0.01,2352.173038,1776302347000
1776302348.642,248.642,0.83,117.4,0.82,15.0,0.84,7.6,0.85,10.0,0.16,12.6,0.15,10.0,0.17,127.17,0.18,15.0,0.01,0.01,2352.173038,1776302347000
1776302349.289,249.289,0.83,127.4,0.82,15.0,0.85,7.31,0.86,10.0,0.16,7.6,0.15,10.0,0.17,117.4,0.18,15.0,0.02,0.01,2352.173038,1776302347000
1776302349.504,249.504,0.83,117.4,0.82,17.0,0.84,38.01,0.85,52.31,0.15,7.31,0.14,10.0,0.17,127.4,0.18,15.0,0.01,0.02,2352.173038,1776302347000
1776302349.748,249.748,0.8,22.5,0.79,10.0,0.81,32.0,0.82,26.0,0.16,40.0,0.15,52.31,0.2,22.5,0.21,10.0,0.01,0.04,2352.173038,1776302347000
1776302350.11,250.11,0.8,42.5,0.76,24.7,0.81,4.71,0.82,24.0,0.19,32.0,0.18,26.0,0.2,22.5,0.21,10.0,0.01,0.01,2352.150026,1776302348000
1776302350.818,250.818,0.76,84.7,0.75,15.0,0.81,10.0,0.82,10.0,0.18,23.71,0.17,25.0,0.2,42.5,0.24,24.7,0.05,0.02,2352.081039,1776302349000
1776302351.22,251.22,0.79,10.0,0.78,125.54,0.81,5.07,0.82,9.71,0.18,9.71,0.17,28.0,0.21,10.0,0.24,84.7,0.02,0.03,2352.081039,1776302349000
1776302351.42,251.42,0.8,15.0,0.79,15.0,0.82,7.78,0.83,28.0,0.19,5.07,0.18,9.71,0.21,20.0,0.22,125.54,0.02,0.02,2352.06666,1776302350000
1776302351.911,251.911,0.81,15.0,0.8,10.0,0.83,13.49,0.84,15.0,0.18,0.78,0.17,28.0,0.2,15.0,0.21,15.0,0.02,0.02,2352.06666,1776302350000
1776302352.674,252.674,0.82,20.0,0.81,10.0,0.83,2.71,0.84,25.0,0.17,13.49,0.16,15.0,0.19,15.0,0.2,10.0,0.01,0.02,2351.971771,1776302351000
1776302353.218,253.218,0.83,15.0,0.82,10.0,0.84,19.42,0.85,42.31,0.17,2.71,0.16,25.0,0.18,20.0,0.19,10.0,0.01,0.01,2351.972881,1776302352000
1776302353.509,253.509,0.83,15.0,0.82,10.0,0.84,4.74,0.85,42.31,0.16,19.42,0.15,42.31,0.17,15.0,0.18,10.0,0.01,0.01,2351.972881,1776302352000
1776302354.44,254.44,0.84,10.0,0.83,10.0,0.85,17.18,0.86,10.0,0.16,2.42,0.15,42.31,0.17,15.0,0.18,10.0,0.01,0.01,2351.983975,1776302353000
1776302355.185,255.185,0.85,131.31,0.84,10.0,0.86,11.0,0.87,10.0,0.15,3.42,0.14,26.0,0.16,15.0,0.17,10.0,0.01,0.01,2351.983975,1776302353000
1776302355.707,255.707,0.85,131.31,0.84,10.0,0.87,9.04,0.88,51.1,0.14,11.0,0.13,10.0,0.15,131.31,0.16,10.0,0.02,0.01,2351.983975,1776302353000
1776302355.971,255.971,0.85,136.31,0.84,10.0,0.87,18.79,0.88,51.1,0.13,9.04,0.12,51.1,0.15,131.31,0.16,10.0,0.02,0.02,2351.985705,1776302354000
1776302356.696,256.696,0.86,15.0,0.85,131.31,0.87,30.62,0.88,56.1,0.13,18.79,0.12,51.1,0.15,136.31,0.16,10.0,0.01,0.02,2351.943707,1776302355000
1776302359.703,259.703,0.87,20.0,0.86,10.0,0.88,53.21,0.89,15.0,0.13,30.62,0.12,56.1,0.14,15.0,0.15,131.31,0.01,0.01,2351.950517,1776302358000
1776302360.955,260.955,0.87,17.3,0.86,20.0,0.88,39.1,0.89,30.0,0.12,53.21,0.11,15.0,0.13,20.0,0.14,10.0,0.01,0.01,2351.9425,1776302359000
1776302361.641,261.641,0.91,35.0,0.9,36.0,0.94,0.96,0.95,108.42,0.12,39.1,0.11,30.0,0.13,17.3,0.14,20.0,0.03,0.01,2351.975912,1776302360000
1776302361.918,261.918,0.93,25.0,0.92,10.0,0.95,84.28,0.96,133.8,0.05,87.9,0.04,133.8,0.07,15.0,0.08,10.0,0.02,0.02,2351.975912,1776302360000
1776302362.234,262.234,0.89,72.0,0.88,15.0,0.9,71.22,0.91,5.0,0.1,89.0,0.05,84.28,0.11,28.0,0.12,20.0,0.01,0.01,2351.9525,1776302361000
1776302362.476,262.476,0.89,53.9,0.88,15.0,0.9,38.53,0.91,5.0,0.1,43.59,0.09,5.0,0.11,53.9,0.12,15.0,0.01,0.01,2351.9525,1776302361000
1776302362.72,262.72,0.89,60.95,0.88,15.0,0.9,38.53,0.93,30.0,0.1,38.53,0.09,5.0,0.11,53.9,0.12,15.0,0.01,0.01,2351.9525,1776302361000
1776302362.971,262.971,0.92,15.0,0.91,65.0,0.93,18.16,0.95,22.62,0.07,30.0,0.05,22.62,0.11,52.95,0.12,167.29,0.01,0.04,2351.9525,1776302361000
1776302363.724,263.724,0.92,61.0,0.91,60.0,0.93,1.16,0.95,12.62,0.07,10.16,0.05,22.62,0.08,30.0,0.09,65.0,0.01,0.01,2352.030422,1776302362000
1776302364.171,264.171,0.93,76.57,0.92,30.0,0.97,141.59,0.98,428.7,0.05,10.0,0.04,28.78,0.07,71.57,0.08,35.0,0.04,0.02,2352.24224,1776302363000
1776302364.587,264.587,0.95,10.0,0.94,10.0,0.97,63.34,0.98,428.7,0.03,141.59,0.02,428.7,0.07,76.57,0.08,30.0,0.02,0.04,2352.24224,1776302363000
1776302364.955,264.955,0.95,25.0,0.94,15.0,0.97,47.87,0.98,528.7,0.03,63.34,0.02,428.7,0.05,10.0,0.06,10.0,0.02,0.02,2352.24224,1776302363000
1776302365.304,265.304,0.95,19.05,0.94,15.0,0.97,38.59,0.98,528.7,0.03,38.59,0.02,528.7,0.05,25.0,0.06,15.0,0.02,0.02,2352.24224,1776302363000
1776302366.044,266.044,0.96,5.62,0.95,14.05,0.97,28.28,0.98,528.7,0.03,28.28,0.02,528.7,0.05,19.05,0.06,15.0,0.01,0.02,2352.3675,1776302364000
1776302366.838,266.838,0.94,10.28,0.93,41.57,0.97,32.24,0.98,528.7,0.03,32.24,0.02,528.7,0.04,0.61,0.05,14.05,0.03,0.01,2352.3926,1776302365000
1776302367.581,267.581,0.94,5.0,0.93,41.57,0.95,0.52,0.96,15.0,0.03,32.24,0.02,528.7,0.06,10.28,0.07,41.57,0.01,0.03,2352.3926,1776302366000
1776302368.342,268.342,0.94,47.0,0.93,33.57,0.96,6.13,0.97,27.24,0.05,0.52,0.04,15.0,0.06,5.0,0.07,41.57,0.02,0.01,2352.46755,1776302367000
1776302368.712,268.712,0.95,21.31,0.94,42.0,0.96,10.08,0.97,27.24,0.04,6.13,0.03,27.24,0.06,47.0,0.07,33.57,0.01,0.02,2352.46755,1776302367000
1776302370.112,270.112,0.95,21.31,0.94,47.0,0.97,70.26,0.98,378.7,0.04,10.08,0.03,27.24,0.05,21.31,0.06,42.0,0.02,0.01,2352.46745,1776302368000
1776302370.43,270.43,0.96,55.0,0.95,21.31,0.97,52.26,0.98,378.7,0.03,61.54,0.02,378.7,0.05,16.31,0.06,47.0,0.01,0.02,2352.3426,1776302369000
1776302371.382,271.382,0.96,39.0,0.95,26.31,0.97,47.26,0.98,378.7,0.03,52.26,0.02,378.7,0.04,55.0,0.05,21.31,0.01,0.01,2352.3426,1776302370000
1776302371.676,271.676,0.96,44.0,0.95,26.31,0.97,37.98,0.98,378.7,0.03,47.26,0.02,378.7,0.04,39.0,0.05,26.31,0.01,0.01,2352.3426,1776302370000
1776302372.677,272.677,0.96,40.25,0.95,48.0,0.97,27.67,0.98,195.0,0.03,37.98,0.02,378.7,0.04,44.0,0.05,26.31,0.01,0.01,2352.3476,1776302371000
1776302373.396,273.396,0.97,48.0,0.96,45.25,0.98,189.89,0.99,6901.23,0.03,15.54,0.02,195.0,0.04,45.25,0.05,48.0,0.01,0.01,2352.41475,1776302372000
1776302373.757,273.757,0.97,58.0,0.96,45.25,0.98,247.83,0.99,7001.23,0.02,189.89,0.01,6901.23,0.03,48.0,0.04,45.25,0.01,0.01,2352.41475,1776302372000
1776302374.724,274.724,0.97,58.0,0.96,144.15,0.98,234.63,0.99,7001.23,0.02,239.74,0.01,7001.23,0.03,58.0,0.04,45.25,0.01,0.01,2352.429335,1776302373000
1776302374.936,274.936,0.97,181.7,0.96,212.15,0.98,221.68,0.99,1637.63,0.02,234.63,0.01,7001.23,0.03,58.0,0.04,144.15,0.01,0.01,2352.429335,1776302373000
1776302375.287,275.287,0.97,58.0,0.96,112.2,0.98,146.68,0.99,1537.63,0.02,221.68,0.01,1637.63,0.03,181.7,0.04,212.15,0.01,0.01,2352.59243,1776302374000
1776302375.58,275.58,0.97,74.18,0.96,102.2,0.98,145.65,0.99,1537.63,0.02,146.68,0.01,1537.63,0.03,58.0,0.04,112.2,0.01,0.01,2352.59243,1776302374000
1776302375.927,275.927,0.97,74.18,0.96,102.2,0.98,135.44,0.99,1737.63,0.02,145.65,0.01,1537.63,0.03,74.18,0.04,102.2,0.01,0.01,2352.59243,1776302374000
1776302376.262,276.262,0.97,49.18,0.96,102.2,0.98,129.41,0.99,1637.63,0.02,130.44,0.01,1737.63,0.03,49.18,0.04,102.2,0.01,0.01,2352.755746,1776302375000
1776302376.545,276.545,0.98,20.95,0.97,37.0,0.99,1637.63,,,0.02,129.41,0.01,1637.63,0.04,51.38,0.05,20.0,0.01,0.02,2352.755746,1776302375000
1776302376.754,276.754,0.98,40.95,0.97,37.15,0.99,1617.63,,,0.01,1637.63,,,0.02,20.95,0.03,37.0,0.01,0.01,2352.755746,1776302375000
1776302377.184,277.184,0.98,80.8,0.97,27.15,0.99,1617.63,,,0.01,1617.63,,,0.02,91.88,0.03,37.15,0.01,0.01,2352.755746,1776302375000
1776302377.678,277.678,0.98,80.8,0.97,85.15,0.99,1554.62,,,0.01,1521.62,,,0.02,80.8,0.03,27.15,0.01,0.01,2352.85722,1776302376000
1776302378.179,278.179,0.98,80.8,0.97,85.15,0.99,1530.96,,,0.01,1533.96,,,0.02,80.8,0.03,85.15,0.01,0.01,2352.87882,1776302377000
1776302379.113,279.113,0.98,30.8,0.97,90.15,0.99,1430.96,,,0.01,1530.96,,,0.02,80.8,0.03,85.15,0.01,0.01,2352.968415,1776302378000
1776302379.543,279.543,0.98,25.8,0.97,90.15,0.99,1324.94,,,0.01,1430.96,,,0.02,30.8,0.03,90.15,0.01,0.01,2352.968415,1776302378000
1776302379.965,279.965,0.98,15.81,0.97,100.15,0.99,1167.94,,,0.01,1329.94,,,0.02,15.81,0.03,90.15,0.01,0.01,2352.968415,1776302378000
1776302380.61,280.61,0.98,20.81,0.97,85.15,0.99,1142.73,,,0.01,1167.94,,,0.02,15.81,0.03,100.15,0.01,0.01,2352.997715,1776302379000
1776302380.9,280.9,0.98,15.81,0.97,85.15,0.99,1130.7,,,0.01,1130.7,,,0.02,15.81,0.03,85.15,0.01,0.01,2352.997715,1776302379000
1776302381.245,281.245,0.98,20.81,0.97,85.15,0.99,1065.7,,,0.01,1130.7,,,0.02,15.81,0.03,85.15,0.01,0.01,2352.997715,1776302379000
1776302381.776,281.776,0.98,88.81,0.97,29.15,0.99,901.69,,,0.01,1065.7,,,0.02,20.81,0.03,85.15,0.01,0.01,2352.997715,1776302379000
1776302382.002,282.002,0.98,78.81,0.97,34.0,0.99,782.56,,,0.01,800.69,,,0.02,88.81,0.03,24.0,0.01,0.01,2352.997715,1776302379000
1776302382.289,282.289,0.98,78.81,0.97,67.0,0.99,779.54,,,0.01,780.56,,,0.02,78.81,0.03,52.0,0.01,0.01,2352.9975,1776302381000
1776302382.621,282.621,0.98,78.81,0.97,67.0,0.99,758.54,,,0.01,779.54,,,0.02,78.81,0.03,67.0,0.01,0.01,2352.9975,1776302381000
1776302382.855,282.855,0.98,90.81,0.97,83.0,0.99,636.07,,,0.01,639.54,,,0.02,73.81,0.03,83.0,0.01,0.01,2352.9975,1776302381000
1776302383.633,283.633,0.99,4382.13,0.98,42.81,,,,,,,,,0.01,381.93,0.02,90.81,,,2353.086876,1776302382000
1776302384.557,284.557,0.99,4439.2,0.98,42.81,,,,,,,,,0.01,4382.13,0.02,42.81,,,2353.40038,1776302383000
1776302385.346,285.346,0.99,5857.07,0.98,87.81,,,,,,,,,0.01,4439.2,0.02,42.81,,,2353.727607,1776302384000
1776302386.414,286.414,0.99,5722.79,0.98,87.81,,,,,,,,,0.01,5857.07,0.02,87.81,,,2353.7751,1776302385000
1776302394.192,294.192,0.99,6348.19,0.98,131.81,,,,,,,,,0.01,5722.79,0.02,87.81,,,2353.85255,1776302393000
1776302397.842,297.842,0.99,7151.44,0.98,123.06,,,,,,,,,0.01,6348.19,0.02,131.81,,,2353.842702,1776302396000
1776302400.836,300.836,0.99,66094.1,0.98,162.0,,,,,,,,,0.01,7151.44,0.02,123.06,,,2353.883772,1776302399000

# RESULT,winner=Up,slug=eth-updown-5m-1776302100,ticks=310
