timestamp,elapsed_sec,up_bid_p1,up_bid_s1,up_bid_p2,up_bid_s2,up_ask_p1,up_ask_s1,up_ask_p2,up_ask_s2,down_bid_p1,down_bid_s1,down_bid_p2,down_bid_s2,down_ask_p1,down_ask_s1,down_ask_p2,down_ask_s2,up_spread,down_spread,eth_price,eth_oracle_ts
1776220811.197,11.197,,,,,,,,,,,,,,,,,,,2320.416934,1776220810000
1776220811.689,11.689,0.43,10.0,0.42,20.0,0.44,51.0,0.45,22.0,0.57,5.83,0.56,27.0,0.58,20.0,0.59,30.78,0.01,0.01,2320.416934,1776220810000
1776220812.145,12.145,0.42,15.0,0.41,20.78,0.43,10.0,0.44,42.0,0.56,51.0,0.55,22.0,0.57,10.0,0.58,20.0,0.01,0.01,2320.416934,1776220810000
1776220812.922,12.922,0.42,15.0,0.41,20.78,0.43,10.0,0.44,42.0,0.57,10.0,0.56,42.0,0.58,15.0,0.59,20.78,0.01,0.01,2320.427306,1776220812000
1776220813.512,13.512,0.43,25.0,0.42,145.0,0.45,5.0,0.46,17.0,0.57,10.0,0.56,42.0,0.58,15.0,0.59,20.78,0.02,0.01,2320.427306,1776220812000
1776220813.855,13.855,0.44,104.7,0.43,120.0,0.45,5.0,0.46,5.0,0.55,5.0,0.54,5.0,0.56,3.78,0.57,20.0,0.01,0.01,2320.427306,1776220812000
1776220814.71,14.71,0.46,20.0,0.45,53.94,0.47,11.93,0.48,35.0,0.54,5.0,0.53,5.0,0.55,8.94,0.56,104.7,0.01,0.01,2320.431811,1776220813000
1776220814.982,14.982,0.46,20.0,0.45,33.94,0.47,1.93,0.48,35.0,0.53,11.93,0.52,35.0,0.54,20.0,0.55,53.94,0.01,0.01,2320.431811,1776220813000
1776220816.173,16.173,0.46,15.0,0.45,33.94,0.47,6.0,0.48,45.0,0.53,6.0,0.52,45.0,0.54,15.0,0.55,33.94,0.01,0.01,2320.681343,1776220815000
1776220816.405,16.405,0.45,2.72,0.44,40.92,0.46,23.0,0.47,38.0,0.53,6.0,0.52,45.0,0.54,15.0,0.55,33.94,0.01,0.01,2320.681343,1776220815000
1776220816.697,16.697,0.44,44.7,0.43,10.0,0.45,15.0,0.46,53.0,0.54,33.0,0.53,38.0,0.56,50.92,0.57,10.0,0.01,0.02,2320.681343,1776220815000
1776220817.273,17.273,0.44,34.7,0.43,10.0,0.45,25.0,0.46,53.0,0.55,25.0,0.54,53.0,0.56,34.7,0.57,10.0,0.01,0.01,2320.81043,1776220816000
1776220817.659,17.659,0.44,44.7,0.43,15.0,0.45,26.0,0.46,15.0,0.55,25.0,0.54,53.0,0.56,34.7,0.57,10.0,0.01,0.01,2320.81043,1776220816000
1776220818.183,18.183,0.43,15.0,0.42,115.0,0.45,33.77,0.46,25.0,0.55,33.77,0.54,25.0,0.57,15.0,0.58,115.0,0.02,0.02,2320.640779,1776220817000
1776220819.184,19.184,0.41,115.78,0.4,146.0,0.42,5.0,0.43,10.0,0.55,33.77,0.54,25.0,0.57,15.0,0.58,115.0,0.01,0.02,2320.640779,1776220817000
1776220819.402,19.402,0.42,20.0,0.41,130.78,0.44,13.75,0.45,15.0,0.58,5.0,0.57,10.0,0.59,115.78,0.6,146.0,0.02,0.01,2320.649753,1776220818000
1776220819.711,19.711,0.43,30.0,0.42,20.0,0.44,1.68,0.45,5.0,0.56,13.75,0.55,15.0,0.58,20.0,0.59,130.78,0.01,0.02,2320.649753,1776220818000
1776220820.691,20.691,0.44,21.21,0.43,25.0,0.45,1.64,0.46,27.0,0.55,1.64,0.54,27.0,0.56,18.21,0.57,25.0,0.01,0.01,2320.706942,1776220819000
1776220820.937,20.937,0.44,21.21,0.43,25.0,0.45,1.64,0.46,27.0,0.55,1.64,0.54,27.0,0.56,21.21,0.57,25.0,0.01,0.01,2320.661984,1776220820000
1776220821.225,21.225,0.43,15.0,0.42,15.0,0.44,15.45,0.45,21.64,0.55,1.64,0.54,27.0,0.56,21.21,0.57,25.0,0.01,0.01,2320.661984,1776220820000
1776220821.566,21.566,0.42,8.27,0.41,20.78,0.43,10.0,0.44,20.45,0.56,15.45,0.55,21.64,0.57,15.0,0.58,15.0,0.01,0.01,2320.661984,1776220820000
1776220822.022,22.022,0.42,8.27,0.41,20.78,0.43,10.0,0.44,20.45,0.57,10.0,0.56,20.45,0.58,8.27,0.59,20.78,0.01,0.01,2320.669447,1776220821000
1776220822.927,22.927,0.42,13.27,0.41,25.78,0.43,27.51,0.44,20.45,0.57,10.0,0.56,20.45,0.58,8.27,0.59,20.78,0.01,0.01,2320.669447,1776220821000
1776220823.131,23.131,0.42,13.27,0.41,25.78,0.43,27.51,0.44,20.45,0.57,27.51,0.56,20.45,0.58,13.27,0.59,25.78,0.01,0.01,2320.524425,1776220822000
1776220824.111,24.111,0.42,13.27,0.41,25.78,0.43,27.51,0.44,20.45,0.57,27.51,0.56,20.45,0.58,13.27,0.59,25.78,0.01,0.01,2320.573915,1776220823000
1776220825.185,25.185,0.42,13.27,0.41,25.78,0.43,27.51,0.44,20.45,0.57,27.51,0.56,20.45,0.58,13.27,0.59,25.78,0.01,0.01,2320.560856,1776220824000
1776220825.727,25.727,0.44,60.0,0.43,25.0,0.45,1.64,0.46,20.0,0.57,27.51,0.56,20.45,0.58,13.27,0.59,25.78,0.01,0.01,2320.560856,1776220824000
1776220825.93,25.93,0.44,78.08,0.43,30.0,0.45,11.64,0.46,20.0,0.55,1.64,0.54,20.0,0.56,60.0,0.57,25.0,0.01,0.01,2320.560856,1776220824000
1776220826.273,26.273,0.44,78.08,0.43,30.0,0.45,11.64,0.46,20.0,0.55,11.64,0.54,20.0,0.56,78.08,0.57,30.0,0.01,0.01,2320.542715,1776220825000
1776220826.838,26.838,0.44,73.08,0.43,219.6,0.46,6.91,0.47,20.0,0.55,11.64,0.54,20.0,0.56,78.08,0.57,30.0,0.02,0.01,2320.542715,1776220825000
1776220827.29,27.29,0.44,73.08,0.43,219.6,0.46,6.91,0.47,20.0,0.54,6.91,0.53,20.0,0.56,73.08,0.57,219.6,0.02,0.02,2320.697666,1776220826000
1776220828.329,28.329,0.44,73.08,0.43,219.6,0.46,6.91,0.47,20.0,0.54,6.91,0.53,20.0,0.56,73.08,0.57,219.6,0.02,0.02,2320.796944,1776220827000
1776220829.117,29.117,0.47,60.0,0.46,55.0,0.48,1.12,0.5,41.0,0.54,6.91,0.53,20.0,0.56,73.08,0.57,219.6,0.01,0.02,2320.796944,1776220827000
1776220829.74,29.74,0.48,30.82,0.47,70.0,0.49,10.0,0.5,26.0,0.52,1.12,0.5,41.0,0.53,60.0,0.54,55.0,0.01,0.01,2320.805065,1776220828000
1776220830.06,30.06,0.48,30.82,0.47,70.0,0.49,10.0,0.5,26.0,0.51,10.0,0.5,26.0,0.52,30.82,0.53,70.0,0.01,0.01,2320.817758,1776220829000
1776220830.965,30.965,0.5,50.0,0.49,55.0,0.55,7.27,0.56,10.0,0.5,1.2,0.49,15.0,0.52,30.82,0.53,75.0,0.05,0.02,2320.817758,1776220829000
1776220831.755,31.755,0.54,15.0,0.53,20.0,0.55,21.95,0.56,36.0,0.45,8.67,0.43,30.0,0.46,10.0,0.47,10.0,0.01,0.01,2320.881298,1776220830000
1776220832.822,32.822,0.54,50.0,0.53,20.0,0.56,21.87,0.57,43.0,0.45,21.95,0.44,36.0,0.46,15.0,0.47,20.0,0.02,0.01,2321.007554,1776220831000
1776220833.539,33.539,0.54,50.0,0.53,20.0,0.56,21.87,0.57,43.0,0.44,21.87,0.43,43.0,0.46,50.0,0.47,20.0,0.02,0.02,2321.307576,1776220832000
1776220833.79,33.79,0.55,40.0,0.54,30.0,0.56,17.94,0.57,43.0,0.44,7.94,0.43,53.0,0.45,20.0,0.46,20.0,0.01,0.01,2321.307576,1776220832000
1776220834.275,34.275,0.55,40.0,0.54,30.0,0.56,17.94,0.57,43.0,0.44,17.94,0.43,43.0,0.45,40.0,0.46,30.0,0.01,0.01,2321.406248,1776220833000
1776220834.962,34.962,0.56,76.13,0.55,45.0,0.57,15.0,0.58,10.0,0.44,17.94,0.43,43.0,0.45,40.0,0.46,30.0,0.01,0.01,2321.406248,1776220833000
1776220835.374,35.374,0.56,76.13,0.55,40.0,0.57,18.32,0.58,15.0,0.43,15.0,0.42,10.0,0.44,76.13,0.45,45.0,0.01,0.01,2321.406248,1776220833000
1776220835.687,35.687,0.58,7.61,0.57,75.0,0.59,8.0,0.6,24.0,0.43,18.32,0.42,15.0,0.44,76.13,0.45,40.0,0.01,0.01,2321.492667,1776220834000
1776220835.984,35.984,0.59,15.95,0.58,27.61,0.6,6.65,0.61,10.0,0.4,6.65,0.39,10.0,0.41,15.95,0.42,27.61,0.01,0.01,2321.496129,1776220835000
1776220837.101,37.101,0.59,20.95,0.58,32.61,0.62,10.83,0.63,10.0,0.4,6.65,0.39,10.0,0.41,15.95,0.42,27.61,0.03,0.01,2321.496129,1776220835000
1776220837.716,37.716,0.65,14.42,0.64,10.0,0.66,15.0,0.67,20.0,0.36,5.83,0.35,10.0,0.41,20.95,0.42,32.61,0.01,0.05,2321.582276,1776220836000
1776220838.01,38.01,0.65,8.84,0.64,10.0,0.66,23.0,0.67,28.0,0.34,15.0,0.33,20.0,0.35,14.42,0.36,10.0,0.01,0.01,2321.582276,1776220836000
1776220838.277,38.277,0.65,8.84,0.64,10.0,0.66,23.0,0.67,28.0,0.34,23.0,0.33,28.0,0.35,8.84,0.36,10.0,0.01,0.01,2321.75778,1776220837000
1776220838.882,38.882,0.65,13.84,0.64,10.0,0.67,10.47,0.68,20.0,0.34,23.0,0.33,28.0,0.35,8.84,0.36,10.0,0.02,0.01,2321.75778,1776220837000
1776220839.407,39.407,0.65,13.84,0.64,10.0,0.67,10.47,0.68,20.0,0.33,10.47,0.32,20.0,0.35,13.84,0.36,10.0,0.02,0.02,2321.985491,1776220838000
1776220839.683,39.683,0.66,52.14,0.65,10.0,0.67,25.46,0.69,10.0,0.33,10.47,0.32,20.0,0.35,13.84,0.36,10.0,0.01,0.02,2321.985491,1776220838000
1776220839.987,39.987,0.66,52.14,0.65,10.0,0.67,25.46,0.69,10.0,0.33,25.46,0.31,10.0,0.34,52.14,0.35,10.0,0.01,0.01,2322.062298,1776220839000
1776220841.057,41.057,0.66,52.14,0.65,10.0,0.67,25.46,0.69,10.0,0.33,25.46,0.31,10.0,0.34,52.14,0.35,10.0,0.01,0.01,2322.18096,1776220840000
1776220841.311,41.311,0.67,45.0,0.66,27.14,0.69,60.55,0.7,10.0,0.33,25.46,0.31,10.0,0.34,52.14,0.35,10.0,0.02,0.01,2322.18096,1776220840000
1776220841.59,41.59,0.68,25.0,0.67,35.0,0.69,48.95,0.71,10.0,0.31,60.55,0.3,10.0,0.33,45.0,0.34,27.14,0.01,0.02,2322.18096,1776220840000
1776220841.912,41.912,0.68,35.62,0.67,35.0,0.69,5.0,0.71,10.0,0.31,48.95,0.29,10.0,0.32,25.0,0.33,35.0,0.01,0.01,2322.18096,1776220840000
1776220842.161,42.161,0.68,35.62,0.67,35.0,0.69,5.0,0.71,10.0,0.31,5.0,0.29,10.0,0.32,35.62,0.33,35.0,0.01,0.01,2322.424335,1776220841000
1776220842.464,42.464,0.68,53.08,0.67,35.0,0.69,5.0,0.71,10.0,0.31,5.0,0.29,10.0,0.32,47.8,0.33,35.0,0.01,0.01,2322.424335,1776220841000
1776220842.708,42.708,0.68,46.2,0.67,40.0,0.69,5.0,0.71,10.0,0.31,5.0,0.29,10.0,0.32,49.64,0.33,40.0,0.01,0.01,2322.424335,1776220841000
1776220843.186,43.186,0.68,15.0,0.67,5.0,0.69,237.48,0.7,10.0,0.31,41.46,0.3,10.0,0.32,34.0,0.33,30.0,0.01,0.01,2322.424335,1776220841000
1776220843.405,43.405,0.64,41.98,0.63,68.0,0.66,11.0,0.68,10.0,0.34,17.0,0.32,10.0,0.35,7.14,0.36,68.71,0.02,0.01,2322.446817,1776220842000
1776220843.607,43.607,0.62,3.36,0.61,65.0,0.66,10.0,0.67,10.0,0.34,10.0,0.33,10.0,0.37,44.12,0.38,15.0,0.04,0.03,2322.446817,1776220842000
1776220844.377,44.377,0.62,3.36,0.61,65.0,0.66,10.0,0.67,10.0,0.34,10.0,0.33,10.0,0.38,3.36,0.39,65.0,0.04,0.04,2322.529107,1776220843000
1776220844.892,44.892,0.62,3.36,0.61,65.0,0.66,10.0,0.67,10.0,0.34,10.0,0.33,10.0,0.38,3.36,0.39,65.0,0.04,0.04,2322.483641,1776220844000
1776220845.229,45.229,0.64,123.9,0.63,39.32,0.65,4.92,0.66,10.0,0.34,15.0,0.33,10.0,0.36,11.23,0.37,39.32,0.01,0.02,2322.483641,1776220844000
1776220845.885,45.885,0.64,123.9,0.63,39.32,0.65,4.92,0.66,10.0,0.35,4.92,0.34,10.0,0.36,123.9,0.37,39.32,0.01,0.01,2322.514585,1776220845000
1776220847.669,47.669,0.64,123.9,0.63,39.32,0.65,4.92,0.66,10.0,0.35,4.92,0.34,10.0,0.36,123.9,0.37,39.32,0.01,0.01,2322.522988,1776220846000
1776220848.267,48.267,0.64,123.9,0.63,39.32,0.65,4.92,0.66,10.0,0.35,4.92,0.34,10.0,0.36,123.9,0.37,39.32,0.01,0.01,2322.549136,1776220847000
1776220848.526,48.526,0.65,59.0,0.64,18.0,0.66,2.0,0.67,10.0,0.35,4.92,0.34,10.0,0.36,123.9,0.37,39.32,0.01,0.01,2322.549136,1776220847000
1776220848.826,48.826,0.65,43.0,0.64,28.0,0.66,2.0,0.67,10.0,0.34,2.0,0.33,10.0,0.35,59.0,0.36,18.0,0.01,0.01,2322.549136,1776220847000
1776220849.395,49.395,0.64,0.83,0.63,20.0,0.66,29.0,0.67,10.0,0.34,2.0,0.33,10.0,0.35,43.0,0.36,28.0,0.02,0.01,2322.549136,1776220847000
1776220850.155,50.155,0.63,9.0,0.6,5.0,0.65,96.0,0.66,15.0,0.34,29.0,0.33,10.0,0.36,0.83,0.37,20.0,0.02,0.02,2322.545943,1776220848000
1776220850.551,50.551,0.58,16.0,0.57,26.0,0.6,23.0,0.61,44.0,0.35,96.0,0.34,15.0,0.4,5.0,0.41,15.0,0.02,0.05,2322.545155,1776220849000
1776220850.823,50.823,0.61,11.15,0.6,15.0,0.62,10.0,0.63,15.0,0.35,15.27,0.34,45.0,0.43,19.02,0.44,65.0,0.01,0.08,2322.545155,1776220849000
1776220851.185,51.185,0.61,11.15,0.6,15.0,0.62,10.0,0.63,15.0,0.38,10.0,0.37,15.0,0.39,11.15,0.4,15.0,0.01,0.01,2322.54686,1776220850000
1776220851.476,51.476,0.63,2.43,0.62,10.0,0.65,38.0,0.66,45.0,0.38,10.0,0.37,15.0,0.39,11.15,0.4,15.0,0.02,0.01,2322.54686,1776220850000
1776220851.865,51.865,0.64,5.83,0.63,2.43,0.65,40.38,0.66,15.0,0.35,8.38,0.34,45.0,0.36,15.0,0.37,7.43,0.01,0.01,2322.54686,1776220850000
1776220852.485,52.485,0.61,6.99,0.6,15.0,0.62,13.0,0.63,18.0,0.35,40.38,0.34,15.0,0.36,5.83,0.37,2.43,0.01,0.01,2322.54686,1776220850000
1776220853.203,53.203,0.61,7.43,0.6,15.0,0.62,23.0,0.63,23.0,0.38,13.0,0.37,18.0,0.4,15.0,0.41,15.0,0.01,0.02,2322.156813,1776220851000
1776220854.502,54.502,0.61,15.29,0.6,15.0,0.62,58.37,0.63,13.0,0.38,77.0,0.37,18.0,0.39,7.29,0.4,15.0,0.01,0.01,2322.10463,1776220852000
1776220854.779,54.779,0.61,15.29,0.6,15.0,0.62,58.37,0.63,13.0,0.38,58.37,0.37,13.0,0.39,15.29,0.4,15.0,0.01,0.01,2322.103826,1776220853000
1776220855.385,55.385,0.61,15.29,0.6,15.0,0.62,58.37,0.63,13.0,0.38,58.37,0.37,13.0,0.39,15.29,0.4,15.0,0.01,0.01,2322.084544,1776220854000
1776220855.858,55.858,0.61,25.29,0.6,15.0,0.62,13.37,0.63,8.0,0.38,58.37,0.37,13.0,0.39,15.29,0.4,15.0,0.01,0.01,2322.084544,1776220854000
1776220856.217,56.217,0.61,25.29,0.6,15.0,0.62,13.37,0.63,8.0,0.38,13.37,0.37,8.0,0.39,25.29,0.4,15.0,0.01,0.01,2322.087044,1776220855000
1776220857.486,57.486,0.61,25.29,0.6,15.0,0.62,13.37,0.63,8.0,0.38,13.37,0.37,8.0,0.39,25.29,0.4,15.0,0.01,0.01,2322.083747,1776220856000
1776220858.064,58.064,0.61,25.29,0.6,15.0,0.62,13.37,0.63,8.0,0.38,13.37,0.37,8.0,0.39,25.29,0.4,15.0,0.01,0.01,2322.084344,1776220857000
1776220859.142,59.142,0.61,25.29,0.6,15.0,0.62,13.37,0.63,8.0,0.38,13.37,0.37,8.0,0.39,25.29,0.4,15.0,0.01,0.01,2322.032899,1776220858000
1776220860.25,60.25,0.61,163.69,0.6,15.0,0.62,13.37,0.63,8.0,0.38,13.37,0.37,8.0,0.39,25.29,0.4,15.0,0.01,0.01,2322.032899,1776220858000
1776220860.929,60.929,0.61,155.44,0.6,15.0,0.62,13.37,0.63,8.0,0.38,13.37,0.37,8.0,0.39,155.44,0.4,15.0,0.01,0.01,2322.050534,1776220860000
1776220861.289,61.289,0.61,160.44,0.6,15.0,0.62,3.37,0.63,8.0,0.38,13.37,0.37,8.0,0.39,155.44,0.4,15.0,0.01,0.01,2322.050534,1776220860000
1776220862.184,62.184,0.61,160.44,0.6,15.0,0.62,3.37,0.63,8.0,0.38,3.37,0.37,8.0,0.39,160.44,0.4,15.0,0.01,0.01,2322.015277,1776220861000
1776220863.294,63.294,0.61,160.44,0.6,15.0,0.62,3.37,0.63,8.0,0.38,3.37,0.37,8.0,0.39,160.44,0.4,15.0,0.01,0.01,2322.015406,1776220862000
1776220863.985,63.985,0.63,20.0,0.62,30.0,0.65,11.0,0.66,25.0,0.38,3.37,0.37,8.0,0.39,160.44,0.4,15.0,0.02,0.01,2322.015406,1776220862000
1776220864.3,64.3,0.63,12.43,0.62,30.0,0.65,11.0,0.66,25.0,0.35,11.0,0.34,25.0,0.37,20.0,0.38,30.0,0.02,0.02,2322.015406,1776220862000
1776220864.508,64.508,0.62,17.43,0.61,212.44,0.65,11.0,0.66,15.0,0.35,11.0,0.34,25.0,0.37,12.43,0.38,30.0,0.03,0.02,2322.006392,1776220863000
1776220864.928,64.928,0.62,17.43,0.61,212.44,0.65,11.0,0.66,15.0,0.35,11.0,0.34,15.0,0.38,17.43,0.39,212.44,0.03,0.03,2322.016935,1776220864000
1776220866.036,66.036,0.62,17.43,0.61,212.44,0.65,11.0,0.66,15.0,0.35,11.0,0.34,15.0,0.38,17.43,0.39,212.44,0.03,0.03,2322.031724,1776220865000
1776220866.976,66.976,0.62,17.43,0.61,212.44,0.65,11.0,0.66,15.0,0.35,11.0,0.34,15.0,0.38,17.43,0.39,212.44,0.03,0.03,2322.16078,1776220866000
1776220868.069,68.069,0.62,17.43,0.61,212.44,0.65,11.0,0.66,15.0,0.35,11.0,0.34,15.0,0.38,17.43,0.39,212.44,0.03,0.03,2322.184473,1776220867000
1776220869.099,69.099,0.62,17.43,0.61,212.44,0.65,11.0,0.66,15.0,0.35,11.0,0.34,15.0,0.38,17.43,0.39,212.44,0.03,0.03,2322.213567,1776220868000
1776220870.21,70.21,0.62,17.43,0.61,212.44,0.65,11.0,0.66,15.0,0.35,11.0,0.34,15.0,0.38,17.43,0.39,212.44,0.03,0.03,2322.240066,1776220869000
1776220871.287,71.287,0.62,17.43,0.61,212.44,0.65,11.0,0.66,15.0,0.35,11.0,0.34,15.0,0.38,17.43,0.39,212.44,0.03,0.03,2322.210754,1776220870000
1776220872.258,72.258,0.62,17.43,0.61,212.44,0.65,11.0,0.66,15.0,0.35,11.0,0.34,15.0,0.38,17.43,0.39,212.44,0.03,0.03,2322.211726,1776220871000
1776220873.228,73.228,0.64,286.08,0.63,52.0,0.65,10.0,0.66,5.0,0.35,10.0,0.34,5.0,0.36,286.08,0.37,52.0,0.01,0.01,2322.20426,1776220872000
1776220873.668,73.668,0.64,366.08,0.63,52.0,0.65,8.43,0.67,5.0,0.35,10.0,0.34,5.0,0.36,286.08,0.37,52.0,0.01,0.01,2322.20426,1776220872000
1776220874.141,74.141,0.66,15.0,0.65,20.0,0.67,2.01,0.68,5.0,0.35,8.43,0.33,5.0,0.36,366.08,0.37,52.0,0.01,0.01,2322.20426,1776220872000
1776220874.362,74.362,0.66,15.0,0.65,20.0,0.67,2.01,0.68,5.0,0.33,2.01,0.32,5.0,0.34,15.0,0.35,20.0,0.01,0.01,2322.161035,1776220873000
1776220874.943,74.943,0.66,15.0,0.65,20.0,0.67,2.01,0.68,5.0,0.33,2.01,0.32,5.0,0.34,15.0,0.35,20.0,0.01,0.01,2322.162725,1776220874000
1776220875.17,75.17,0.67,15.0,0.66,15.0,0.68,15.0,0.69,15.0,0.33,2.01,0.32,5.0,0.34,15.0,0.35,20.0,0.01,0.01,2322.162725,1776220874000
1776220876.064,76.064,0.67,15.0,0.66,15.0,0.68,15.0,0.69,15.0,0.32,15.0,0.31,15.0,0.33,15.0,0.34,15.0,0.01,0.01,2322.215105,1776220875000
1776220876.883,76.883,0.68,51.0,0.67,10.0,0.69,12.44,0.7,35.0,0.32,15.0,0.31,15.0,0.33,15.0,0.34,15.0,0.01,0.01,2322.215105,1776220875000
1776220878.319,78.319,0.68,91.0,0.67,10.0,0.69,5.61,0.7,35.0,0.31,5.61,0.3,35.0,0.32,91.0,0.33,10.0,0.01,0.01,2322.228995,1776220877000
1776220878.891,78.891,0.68,91.0,0.67,10.0,0.69,5.61,0.7,35.0,0.31,5.61,0.3,35.0,0.32,91.0,0.33,10.0,0.01,0.01,2322.262858,1776220878000
1776220880.1,80.1,0.68,91.0,0.67,10.0,0.69,5.61,0.7,35.0,0.31,5.61,0.3,35.0,0.32,91.0,0.33,10.0,0.01,0.01,2322.295921,1776220879000
1776220880.563,80.563,0.66,10.0,0.65,20.98,0.67,20.66,0.68,38.0,0.31,5.61,0.3,35.0,0.32,91.0,0.33,10.0,0.01,0.01,2322.295921,1776220879000
1776220881.194,81.194,0.66,10.0,0.65,20.98,0.67,20.66,0.68,38.0,0.33,20.66,0.32,38.0,0.34,10.0,0.35,20.98,0.01,0.01,2322.289242,1776220880000
1776220882.331,82.331,0.66,10.0,0.65,20.98,0.67,20.66,0.68,38.0,0.33,20.66,0.32,38.0,0.34,10.0,0.35,20.98,0.01,0.01,2322.241381,1776220881000
1776220882.761,82.761,0.66,25.0,0.65,20.98,0.69,10.61,0.7,35.0,0.33,20.66,0.32,38.0,0.34,10.0,0.35,20.98,0.03,0.01,2322.241381,1776220881000
1776220883.42,83.42,0.66,25.0,0.65,20.98,0.69,10.61,0.7,35.0,0.31,10.61,0.3,35.0,0.34,25.0,0.35,20.98,0.03,0.03,2322.240284,1776220882000
1776220884.053,84.053,0.66,25.0,0.65,20.98,0.69,10.61,0.7,35.0,0.31,10.61,0.3,35.0,0.34,25.0,0.35,20.98,0.03,0.03,2322.25324,1776220883000
1776220885.234,85.234,0.66,25.0,0.65,20.98,0.69,10.61,0.7,35.0,0.31,10.61,0.3,35.0,0.34,25.0,0.35,20.98,0.03,0.03,2322.288671,1776220884000
1776220886.325,86.325,0.66,25.0,0.65,20.98,0.69,10.61,0.7,35.0,0.31,10.61,0.3,35.0,0.34,25.0,0.35,20.98,0.03,0.03,2322.30309,1776220885000
1776220886.837,86.837,0.66,25.0,0.65,20.98,0.69,10.61,0.7,35.0,0.31,10.61,0.3,35.0,0.34,25.0,0.35,20.98,0.03,0.03,2322.359543,1776220886000
1776220887.963,87.963,0.66,25.0,0.65,20.98,0.69,10.61,0.7,35.0,0.31,10.61,0.3,35.0,0.34,25.0,0.35,20.98,0.03,0.03,2322.382238,1776220887000
1776220889.164,89.164,0.66,25.0,0.65,20.98,0.69,10.61,0.7,35.0,0.31,10.61,0.3,35.0,0.34,25.0,0.35,20.98,0.03,0.03,2322.32341,1776220888000
1776220889.761,89.761,0.68,70.0,0.67,15.0,0.69,5.61,0.71,15.0,0.31,10.61,0.3,35.0,0.34,25.0,0.35,20.98,0.01,0.03,2322.32341,1776220888000
1776220890.397,90.397,0.68,70.0,0.67,15.0,0.69,5.61,0.71,15.0,0.31,5.61,0.29,15.0,0.32,70.0,0.33,15.0,0.01,0.01,2322.324895,1776220889000
1776220890.94,90.94,0.68,70.0,0.67,15.0,0.69,5.61,0.71,15.0,0.31,5.61,0.29,15.0,0.32,70.0,0.33,15.0,0.01,0.01,2322.323122,1776220890000
1776220892.208,92.208,0.68,70.0,0.67,15.0,0.69,5.61,0.71,15.0,0.31,5.61,0.29,15.0,0.32,70.0,0.33,15.0,0.01,0.01,2322.315642,1776220891000
1776220893.02,93.02,0.68,70.0,0.67,15.0,0.69,5.61,0.71,15.0,0.31,5.61,0.29,15.0,0.32,70.0,0.33,15.0,0.01,0.01,2322.35277,1776220892000
1776220894.201,94.201,0.68,70.0,0.67,15.0,0.69,5.61,0.71,15.0,0.31,5.61,0.29,15.0,0.32,70.0,0.33,15.0,0.01,0.01,2322.286037,1776220893000
1776220894.402,94.402,0.67,10.0,0.66,15.98,0.69,23.61,0.7,5.0,0.31,5.61,0.29,15.0,0.32,70.0,0.33,15.0,0.02,0.01,2322.286037,1776220893000
1776220894.614,94.614,0.67,10.0,0.66,15.98,0.69,23.61,0.7,5.0,0.31,23.61,0.3,5.0,0.33,10.0,0.34,15.98,0.02,0.02,2322.286037,1776220893000
1776220895.2,95.2,0.67,10.0,0.66,15.98,0.69,23.61,0.7,5.0,0.31,23.61,0.3,5.0,0.33,10.0,0.34,15.98,0.02,0.02,2322.311732,1776220894000
1776220896.321,96.321,0.66,15.98,0.65,20.0,0.68,18.0,0.69,28.0,0.32,18.0,0.31,28.0,0.34,15.98,0.35,20.0,0.02,0.02,2322.316112,1776220895000
1776220897.132,97.132,0.66,18.03,0.65,20.0,0.67,18.0,0.68,23.0,0.32,18.0,0.31,28.0,0.34,15.98,0.35,20.0,0.01,0.02,2322.316112,1776220895000
1776220897.45,97.45,0.66,10.08,0.65,20.0,0.67,13.0,0.68,23.0,0.33,13.0,0.32,23.0,0.34,10.08,0.35,20.0,0.01,0.01,2322.283333,1776220896000
1776220897.741,97.741,0.64,552.12,0.61,143.44,0.66,97.0,0.67,73.0,0.33,13.0,0.32,23.0,0.34,10.08,0.35,20.0,0.02,0.01,2322.283333,1776220896000
1776220897.963,97.963,0.64,499.78,0.61,143.44,0.65,63.0,0.66,132.0,0.35,63.0,0.34,132.0,0.36,499.78,0.39,143.44,0.01,0.01,2322.274425,1776220897000
1776220898.294,98.294,0.64,289.44,0.61,143.44,0.65,168.0,0.66,134.0,0.35,101.0,0.34,139.0,0.36,466.78,0.39,143.44,0.01,0.01,2322.274425,1776220897000
1776220898.521,98.521,0.64,206.42,0.61,143.44,0.65,215.0,0.66,129.0,0.35,205.0,0.34,129.0,0.36,236.42,0.39,143.44,0.01,0.01,2322.274425,1776220897000
1776220898.977,98.977,0.64,28.42,0.61,143.44,0.65,168.0,0.66,129.0,0.35,210.0,0.34,129.0,0.36,196.42,0.39,143.44,0.01,0.01,2322.274425,1776220897000
1776220899.311,99.311,0.64,18.14,0.61,143.44,0.65,188.0,0.66,129.0,0.35,168.0,0.34,129.0,0.36,28.42,0.39,143.44,0.01,0.01,2322.135873,1776220898000
1776220899.698,99.698,0.64,3.0,0.61,143.44,0.65,178.0,0.66,129.0,0.35,188.0,0.34,129.0,0.36,18.14,0.39,143.44,0.01,0.01,2322.135873,1776220898000
1776220900.177,100.177,0.63,10.0,0.61,143.44,0.64,8.0,0.65,178.0,0.36,8.0,0.35,178.0,0.37,10.0,0.39,143.44,0.01,0.01,2321.928684,1776220899000
1776220901.019,101.019,0.61,146.77,0.59,21.98,0.62,81.0,0.63,23.0,0.36,8.0,0.35,178.0,0.37,10.0,0.39,143.44,0.01,0.01,2321.928684,1776220899000
1776220901.315,101.315,0.61,146.77,0.59,21.98,0.62,81.0,0.63,23.0,0.38,81.0,0.37,23.0,0.39,146.77,0.41,21.98,0.01,0.01,2321.807948,1776220900000
1776220901.555,101.555,0.61,131.77,0.59,21.98,0.62,86.0,0.63,23.0,0.38,81.0,0.37,23.0,0.39,146.77,0.41,21.98,0.01,0.01,2321.807948,1776220900000
1776220901.795,101.795,0.61,136.77,0.59,21.98,0.63,28.0,0.64,43.0,0.38,86.0,0.37,23.0,0.39,131.77,0.41,21.98,0.02,0.01,2321.807948,1776220900000
1776220902.101,102.101,0.62,20.0,0.61,136.77,0.64,15.0,0.65,25.0,0.37,28.0,0.36,43.0,0.39,136.77,0.41,21.98,0.02,0.02,2321.807948,1776220900000
1776220902.38,102.38,0.62,25.0,0.61,136.77,0.65,15.0,0.66,36.0,0.35,17.53,0.34,36.0,0.38,20.0,0.39,136.77,0.03,0.03,2321.807948,1776220900000
1776220902.923,102.923,0.62,20.0,0.61,136.77,0.65,20.0,0.66,36.0,0.35,20.0,0.34,36.0,0.38,20.0,0.39,136.77,0.03,0.03,2321.781594,1776220902000
1776220904.034,104.034,0.62,20.0,0.61,136.77,0.65,20.0,0.66,36.0,0.35,20.0,0.34,36.0,0.38,20.0,0.39,136.77,0.03,0.03,2321.798036,1776220903000
1776220905.223,105.223,0.62,20.0,0.61,136.77,0.65,20.0,0.66,36.0,0.35,20.0,0.34,36.0,0.38,20.0,0.39,136.77,0.03,0.03,2321.802412,1776220904000
1776220905.889,105.889,0.61,126.77,0.59,31.98,0.62,30.93,0.63,34.0,0.35,20.0,0.34,36.0,0.38,20.0,0.39,136.77,0.01,0.03,2321.802412,1776220904000
1776220906.227,106.227,0.61,131.77,0.59,31.98,0.62,33.89,0.63,34.0,0.38,33.89,0.37,34.0,0.39,131.77,0.41,31.98,0.01,0.01,2321.712258,1776220905000
1776220907.113,107.113,0.61,131.77,0.59,31.98,0.62,33.89,0.63,34.0,0.38,33.89,0.37,34.0,0.39,131.77,0.41,31.98,0.01,0.01,2321.709858,1776220906000
1776220908.264,108.264,0.61,131.77,0.59,31.98,0.62,33.89,0.63,34.0,0.38,33.89,0.37,34.0,0.39,131.77,0.41,31.98,0.01,0.01,2321.707227,1776220907000
1776220909.269,109.269,0.61,131.77,0.59,31.98,0.62,33.89,0.63,34.0,0.38,33.89,0.37,34.0,0.39,131.77,0.41,31.98,0.01,0.01,2321.698994,1776220908000
1776220909.631,109.631,0.61,141.77,0.6,15.0,0.63,13.0,0.64,23.0,0.38,33.89,0.37,34.0,0.39,131.77,0.41,31.98,0.02,0.01,2321.698994,1776220908000
1776220910.254,110.254,0.63,31.0,0.62,30.0,0.64,3.81,0.65,5.0,0.37,13.0,0.36,23.0,0.39,141.77,0.4,15.0,0.01,0.02,2321.698994,1776220908000
1776220910.912,110.912,0.64,15.0,0.63,56.0,0.65,6.47,0.66,16.0,0.35,6.47,0.34,16.0,0.36,15.0,0.37,56.0,0.01,0.01,2321.757719,1776220910000
1776220912.057,112.057,0.64,15.0,0.63,56.0,0.65,6.47,0.66,16.0,0.35,6.47,0.34,16.0,0.36,15.0,0.37,56.0,0.01,0.01,2321.833591,1776220911000
1776220912.341,112.341,0.64,25.0,0.63,51.0,0.65,5.0,0.66,15.0,0.35,6.47,0.34,16.0,0.36,15.0,0.37,56.0,0.01,0.01,2321.833591,1776220911000
1776220913.085,113.085,0.64,25.0,0.63,51.0,0.65,5.0,0.66,15.0,0.35,5.0,0.34,15.0,0.36,25.0,0.37,51.0,0.01,0.01,2321.890169,1776220912000
1776220914.206,114.206,0.64,25.0,0.63,51.0,0.65,5.0,0.66,15.0,0.35,5.0,0.34,15.0,0.36,25.0,0.37,51.0,0.01,0.01,2321.850476,1776220913000
1776220914.851,114.851,0.66,25.0,0.65,50.1,0.67,10.0,0.68,5.0,0.35,5.0,0.34,15.0,0.36,25.0,0.37,51.0,0.01,0.01,2321.850476,1776220913000
1776220915.169,115.169,0.66,14.9,0.65,50.1,0.67,10.0,0.68,5.0,0.33,10.0,0.32,5.0,0.34,25.0,0.35,50.1,0.01,0.01,2321.850476,1776220913000
1776220916.304,116.304,0.66,14.9,0.65,50.1,0.67,10.0,0.68,5.0,0.33,10.0,0.32,5.0,0.34,14.9,0.35,50.1,0.01,0.01,2321.85315,1776220915000
1776220916.891,116.891,0.66,14.9,0.65,50.1,0.67,10.0,0.68,5.0,0.33,10.0,0.32,5.0,0.34,14.9,0.35,50.1,0.01,0.01,2321.893551,1776220916000
1776220917.997,117.997,0.66,14.9,0.65,50.1,0.67,10.0,0.68,5.0,0.33,10.0,0.32,5.0,0.34,14.9,0.35,50.1,0.01,0.01,2321.885449,1776220917000
1776220918.912,118.912,0.66,14.9,0.65,50.1,0.67,10.0,0.68,5.0,0.33,10.0,0.32,5.0,0.34,14.9,0.35,50.1,0.01,0.01,2321.895546,1776220918000
1776220919.673,119.673,0.73,62.96,0.72,32.0,0.74,14.9,0.75,24.2,0.26,4.9,0.25,24.2,0.27,68.0,0.28,27.0,0.01,0.01,2321.895546,1776220918000
1776220920.031,120.031,0.73,55.21,0.72,32.0,0.75,19.2,0.76,74.7,0.26,10.0,0.25,24.2,0.27,55.21,0.28,32.0,0.02,0.01,2321.895546,1776220918000
1776220920.561,120.561,0.75,15.0,0.74,20.0,0.76,84.7,0.77,25.3,0.25,19.2,0.24,74.7,0.27,55.21,0.28,32.0,0.01,0.02,2321.914028,1776220919000
1776220921.123,121.123,0.75,5.51,0.74,20.0,0.76,84.7,0.77,62.98,0.24,84.7,0.23,25.3,0.25,15.0,0.26,20.0,0.01,0.01,2321.914028,1776220919000
1776220921.338,121.338,0.75,5.51,0.74,15.0,0.76,87.43,0.77,62.98,0.24,84.7,0.23,62.98,0.25,5.51,0.26,20.0,0.01,0.01,2321.914028,1776220919000
1776220921.853,121.853,0.75,5.51,0.74,15.0,0.76,81.11,0.77,62.98,0.24,81.11,0.23,62.98,0.25,5.51,0.26,15.0,0.01,0.01,2322.362957,1776220921000
1776220922.452,122.452,0.75,70.51,0.74,15.0,0.76,33.13,0.77,72.98,0.24,81.11,0.23,62.98,0.25,5.51,0.26,15.0,0.01,0.01,2322.362957,1776220921000
1776220923.034,123.034,0.75,70.51,0.74,15.0,0.76,22.85,0.77,72.98,0.24,22.85,0.23,72.98,0.25,70.51,0.26,15.0,0.01,0.01,2322.399795,1776220922000
1776220923.507,123.507,0.75,53.51,0.74,10.0,0.76,18.59,0.77,5.0,0.24,22.85,0.23,72.98,0.25,70.51,0.26,15.0,0.01,0.01,2322.399795,1776220922000
1776220924.241,124.241,0.75,53.51,0.74,10.0,0.76,18.59,0.77,5.0,0.24,18.59,0.23,5.0,0.25,53.51,0.26,10.0,0.01,0.01,2322.412844,1776220923000
1776220925.335,125.335,0.75,22.98,0.74,10.0,0.76,52.59,0.77,5.0,0.24,18.59,0.23,5.0,0.25,53.51,0.26,10.0,0.01,0.01,2322.412844,1776220923000
1776220926.195,126.195,0.75,22.98,0.74,10.0,0.76,52.59,0.77,5.0,0.24,52.59,0.23,5.0,0.25,22.98,0.26,10.0,0.01,0.01,2322.396588,1776220925000
1776220926.513,126.513,0.7,0.86,0.69,20.0,0.71,20.0,0.72,23.0,0.24,52.59,0.23,5.0,0.25,22.98,0.26,10.0,0.01,0.01,2322.396588,1776220925000
1776220927.438,127.438,0.7,25.76,0.69,20.0,0.71,54.0,0.72,23.0,0.29,54.0,0.28,23.0,0.3,25.76,0.31,20.0,0.01,0.01,2322.396851,1776220926000
1776220928.118,128.118,0.7,25.76,0.69,20.0,0.71,54.0,0.72,23.0,0.29,54.0,0.28,23.0,0.3,25.76,0.31,20.0,0.01,0.01,2322.396851,1776220927000
1776220928.593,128.593,0.77,45.0,0.76,26.0,0.79,0.44,0.8,27.5,0.29,54.0,0.28,23.0,0.3,25.76,0.31,20.0,0.02,0.01,2322.396851,1776220927000
1776220929.516,129.516,0.77,45.0,0.76,26.0,0.79,0.44,0.8,27.5,0.21,0.44,0.2,27.5,0.23,45.0,0.24,26.0,0.02,0.02,2322.271565,1776220928000
1776220930.199,130.199,0.77,45.0,0.76,26.0,0.79,0.44,0.8,27.5,0.21,0.44,0.2,27.5,0.23,45.0,0.24,26.0,0.02,0.02,2322.377236,1776220929000
1776220930.961,130.961,0.78,15.0,0.77,40.0,0.79,4.44,0.8,53.4,0.21,0.44,0.2,27.5,0.23,45.0,0.24,26.0,0.01,0.02,2322.377236,1776220929000
1776220931.76,131.76,0.79,13.28,0.78,15.0,0.8,42.5,0.81,78.4,0.21,4.44,0.2,53.4,0.22,15.0,0.23,40.0,0.01,0.01,2322.377236,1776220929000
1776220932.201,132.201,0.78,75.0,0.77,53.15,0.79,12.55,0.8,5.0,0.2,37.5,0.19,78.4,0.23,38.15,0.24,21.0,0.01,0.03,2322.377236,1776220929000
1776220933.532,133.532,0.8,6.6,0.79,10.0,0.81,83.4,0.82,29.4,0.21,12.55,0.2,5.0,0.22,77.87,0.23,53.15,0.01,0.01,2322.377236,1776220929000
1776220933.873,133.873,0.8,6.6,0.79,10.0,0.81,77.16,0.82,39.4,0.19,77.16,0.18,39.4,0.2,6.6,0.21,10.0,0.01,0.01,2322.627677,1776220932000
1776220934.401,134.401,0.8,6.6,0.79,10.0,0.81,77.16,0.82,39.4,0.19,77.16,0.18,39.4,0.2,6.6,0.21,10.0,0.01,0.01,2322.62862,1776220933000
1776220934.981,134.981,0.8,6.6,0.79,10.0,0.81,77.16,0.82,39.4,0.19,77.16,0.18,39.4,0.2,6.6,0.21,10.0,0.01,0.01,2322.62689,1776220934000
1776220935.51,135.51,0.8,11.6,0.79,10.0,0.81,49.06,0.82,39.4,0.19,77.16,0.18,39.4,0.2,6.6,0.21,10.0,0.01,0.01,2322.62689,1776220934000
1776220935.937,135.937,0.8,11.6,0.79,10.0,0.81,49.06,0.82,39.4,0.19,49.06,0.18,39.4,0.2,11.6,0.21,10.0,0.01,0.01,2322.62852,1776220935000
1776220936.31,136.31,0.79,10.0,0.78,47.87,0.81,54.06,0.82,39.4,0.19,49.06,0.18,39.4,0.2,11.6,0.21,10.0,0.02,0.01,2322.62852,1776220935000
1776220937.085,137.085,0.79,10.0,0.78,47.87,0.81,54.06,0.82,39.4,0.19,54.06,0.18,39.4,0.21,10.0,0.22,47.87,0.02,0.02,2322.635154,1776220936000
1776220938.154,138.154,0.79,10.0,0.78,47.87,0.81,54.06,0.82,39.4,0.19,54.06,0.18,39.4,0.21,10.0,0.22,47.87,0.02,0.02,2322.627086,1776220937000
1776220938.991,138.991,0.79,45.23,0.78,17.87,0.8,20.0,0.81,39.06,0.19,54.06,0.18,39.4,0.21,10.0,0.22,47.87,0.01,0.02,2322.627086,1776220937000
1776220940.25,140.25,0.79,45.23,0.78,17.87,0.8,20.0,0.81,39.06,0.2,20.0,0.19,39.06,0.21,45.23,0.22,17.87,0.01,0.01,2322.627017,1776220939000
1776220941.267,141.267,0.79,45.23,0.78,17.87,0.8,20.0,0.81,39.06,0.2,20.0,0.19,39.06,0.21,45.23,0.22,17.87,0.01,0.01,2322.627603,1776220940000
1776220941.55,141.55,0.8,91.0,0.79,45.23,0.81,0.66,0.82,29.4,0.2,20.0,0.19,39.06,0.21,45.23,0.22,17.87,0.01,0.01,2322.627603,1776220940000
1776220942.157,142.157,0.81,90.21,0.8,56.0,0.82,28.69,0.83,30.5,0.18,28.69,0.17,30.5,0.2,86.0,0.21,45.23,0.01,0.02,2322.627603,1776220940000
1776220943.357,143.357,0.81,90.21,0.8,56.0,0.82,28.69,0.83,30.5,0.18,28.69,0.17,30.5,0.19,90.21,0.2,56.0,0.01,0.01,2322.717612,1776220942000
1776220943.906,143.906,0.81,90.21,0.8,56.0,0.82,28.69,0.83,30.5,0.18,28.69,0.17,30.5,0.19,90.21,0.2,56.0,0.01,0.01,2322.717612,1776220943000
1776220944.51,144.51,0.81,45.0,0.8,20.0,0.82,35.69,0.83,30.5,0.18,28.69,0.17,30.5,0.19,90.21,0.2,56.0,0.01,0.01,2322.717612,1776220943000
1776220944.976,144.976,0.81,45.0,0.8,20.0,0.82,35.69,0.83,30.5,0.18,35.69,0.17,30.5,0.19,45.0,0.2,20.0,0.01,0.01,2322.728634,1776220944000
1776220946.22,146.22,0.81,45.0,0.8,20.0,0.82,35.69,0.83,30.5,0.18,35.69,0.17,30.5,0.19,45.0,0.2,20.0,0.01,0.01,2322.673996,1776220945000
1776220947.497,147.497,0.81,45.0,0.8,20.0,0.82,35.69,0.83,30.5,0.18,35.69,0.17,30.5,0.19,45.0,0.2,20.0,0.01,0.01,2322.620028,1776220946000
1776220948.053,148.053,0.81,45.0,0.8,20.0,0.82,35.69,0.83,30.5,0.18,35.69,0.17,30.5,0.19,45.0,0.2,20.0,0.01,0.01,2322.620028,1776220947000
1776220948.586,148.586,0.71,5.22,0.7,16.32,0.76,75.0,0.77,25.0,0.18,35.69,0.17,30.5,0.19,45.0,0.2,20.0,0.05,0.01,2322.620028,1776220947000
1776220949.108,149.108,0.71,5.12,0.7,6.32,0.72,20.0,0.73,10.0,0.28,20.0,0.27,10.0,0.29,5.12,0.3,6.32,0.01,0.01,2322.555206,1776220948000
1776220950.114,150.114,0.71,5.12,0.7,6.32,0.72,20.0,0.73,10.0,0.28,20.0,0.27,10.0,0.29,5.12,0.3,6.32,0.01,0.01,2322.516827,1776220949000
1776220951.122,151.122,0.71,5.12,0.7,6.32,0.72,20.0,0.73,10.0,0.28,20.0,0.27,10.0,0.29,5.12,0.3,6.32,0.01,0.01,2322.142925,1776220950000
1776220952.235,152.235,0.71,5.12,0.7,6.32,0.72,20.0,0.73,10.0,0.28,20.0,0.27,10.0,0.29,5.12,0.3,6.32,0.01,0.01,2322.155221,1776220951000
1776220952.942,152.942,0.71,4.82,0.7,10.0,0.72,50.0,0.73,5.0,0.28,20.0,0.27,10.0,0.29,5.12,0.3,6.32,0.01,0.01,2322.155221,1776220951000
1776220953.245,153.245,0.71,4.82,0.7,10.0,0.72,50.0,0.73,5.0,0.28,50.0,0.27,5.0,0.29,4.82,0.3,10.0,0.01,0.01,2322.162923,1776220952000
1776220953.458,153.458,0.71,4.82,0.7,10.0,0.72,30.23,0.73,23.3,0.28,50.0,0.27,5.0,0.29,4.82,0.3,10.0,0.01,0.01,2322.162923,1776220952000
1776220954.249,154.249,0.71,4.82,0.7,10.0,0.72,30.23,0.73,23.3,0.28,30.23,0.27,23.3,0.29,4.82,0.3,10.0,0.01,0.01,2322.10206,1776220953000
1776220955.337,155.337,0.71,4.82,0.7,10.0,0.72,30.23,0.73,23.3,0.28,30.23,0.27,23.3,0.29,4.82,0.3,10.0,0.01,0.01,2322.102674,1776220954000
1776220955.901,155.901,0.71,4.82,0.7,10.0,0.72,30.23,0.73,23.3,0.28,30.23,0.27,23.3,0.29,4.82,0.3,10.0,0.01,0.01,2322.108292,1776220955000
1776220956.963,156.963,0.71,4.82,0.7,10.0,0.72,30.23,0.73,23.3,0.28,30.23,0.27,23.3,0.29,4.82,0.3,10.0,0.01,0.01,2322.038076,1776220956000
1776220958.057,158.057,0.71,4.82,0.7,10.0,0.72,30.23,0.73,23.3,0.28,30.23,0.27,23.3,0.29,4.82,0.3,10.0,0.01,0.01,2322.094198,1776220957000
1776220959.198,159.198,0.71,4.82,0.7,10.0,0.72,30.23,0.73,23.3,0.28,30.23,0.27,23.3,0.29,4.82,0.3,10.0,0.01,0.01,2322.065042,1776220958000
1776220960.198,160.198,0.71,4.82,0.7,10.0,0.72,30.23,0.73,23.3,0.28,30.23,0.27,23.3,0.29,4.82,0.3,10.0,0.01,0.01,2322.066724,1776220959000
1776220960.833,160.833,0.71,35.0,0.7,15.0,0.72,29.91,0.73,15.0,0.28,30.23,0.27,23.3,0.29,4.82,0.3,10.0,0.01,0.01,2322.066724,1776220959000
1776220961.386,161.386,0.73,16.0,0.72,27.0,0.74,10.0,0.75,24.2,0.26,10.0,0.25,24.2,0.27,16.0,0.28,27.0,0.01,0.01,2322.077745,1776220960000
1776220961.861,161.861,0.73,16.0,0.72,27.0,0.74,10.0,0.75,24.2,0.26,10.0,0.25,24.2,0.27,16.0,0.28,27.0,0.01,0.01,2322.07458,1776220961000
1776220962.167,162.167,0.69,23.47,0.68,20.0,0.7,77.0,0.71,25.0,0.26,10.0,0.25,24.2,0.27,16.0,0.28,27.0,0.01,0.01,2322.07458,1776220961000
1776220962.596,162.596,0.65,8.01,0.64,552.12,0.67,62.0,0.68,20.0,0.3,77.0,0.29,25.0,0.31,23.47,0.32,20.0,0.02,0.01,2322.07458,1776220961000
1776220962.934,162.934,0.64,538.9,0.61,131.77,0.65,25.0,0.66,25.0,0.35,25.0,0.34,25.0,0.36,538.9,0.39,131.77,0.01,0.01,2322.066231,1776220962000
1776220963.658,163.658,0.64,563.9,0.63,5.0,0.65,42.15,0.66,30.0,0.35,47.23,0.34,30.0,0.36,553.9,0.37,5.0,0.01,0.01,2322.066231,1776220962000
1776220964.824,164.824,0.64,563.9,0.63,5.0,0.65,42.15,0.66,30.0,0.35,42.15,0.34,30.0,0.36,563.9,0.37,5.0,0.01,0.01,2321.803927,1776220964000
1776220965.553,165.553,0.64,551.12,0.63,15.0,0.65,15.0,0.66,30.0,0.35,17.15,0.34,30.0,0.36,558.9,0.37,20.0,0.01,0.01,2321.803927,1776220964000
1776220965.83,165.83,0.64,551.12,0.63,15.0,0.65,15.0,0.66,30.0,0.35,15.0,0.34,30.0,0.36,551.12,0.37,15.0,0.01,0.01,2321.8067,1776220965000
1776220966.822,166.822,0.64,551.12,0.63,15.0,0.65,15.0,0.66,30.0,0.35,15.0,0.34,30.0,0.36,551.12,0.37,15.0,0.01,0.01,2321.8069,1776220966000
1776220967.275,167.275,0.64,558.14,0.63,30.0,0.65,5.0,0.66,30.0,0.35,15.0,0.34,30.0,0.36,551.12,0.37,15.0,0.01,0.01,2321.8069,1776220966000
1776220968.323,168.323,0.64,558.14,0.63,30.0,0.65,5.0,0.66,30.0,0.35,5.0,0.34,30.0,0.36,558.14,0.37,30.0,0.01,0.01,2321.746761,1776220967000
1776220969.284,169.284,0.64,558.14,0.63,30.0,0.65,5.0,0.66,30.0,0.35,5.0,0.34,30.0,0.36,558.14,0.37,30.0,0.01,0.01,2321.752031,1776220968000
1776220970.211,170.211,0.69,25.0,0.68,20.0,0.7,11.28,0.71,22.5,0.33,32.12,0.32,46.5,0.35,25.0,0.36,553.14,0.01,0.02,2321.752031,1776220968000
1776220971.15,171.15,0.69,19.51,0.68,20.0,0.7,21.28,0.71,22.5,0.3,11.28,0.29,22.5,0.31,25.0,0.32,20.0,0.01,0.01,2321.756351,1776220969000
1776220972.318,172.318,0.69,19.51,0.68,20.0,0.7,21.28,0.71,22.5,0.3,21.28,0.29,22.5,0.31,19.51,0.32,20.0,0.01,0.01,2321.905971,1776220971000
1776220973.269,173.269,0.69,19.51,0.68,20.0,0.7,21.28,0.71,22.5,0.3,21.28,0.29,22.5,0.31,19.51,0.32,20.0,0.01,0.01,2321.905899,1776220972000
1776220973.871,173.871,0.75,20.0,0.74,15.0,0.77,1.96,0.78,26.0,0.3,21.28,0.29,22.5,0.31,19.51,0.32,20.0,0.02,0.01,2321.905899,1776220972000
1776220974.248,174.248,0.76,15.0,0.75,20.0,0.78,25.27,0.79,26.7,0.22,25.27,0.21,26.7,0.24,15.0,0.25,20.0,0.02,0.02,2321.907511,1776220973000
1776220975.268,175.268,0.76,15.0,0.75,20.0,0.78,25.27,0.79,26.7,0.22,25.27,0.21,26.7,0.24,15.0,0.25,20.0,0.02,0.02,2321.946949,1776220974000
1776220975.867,175.867,0.72,10.92,0.71,22.0,0.78,171.0,0.79,36.7,0.22,25.27,0.21,26.7,0.24,15.0,0.25,20.0,0.06,0.02,2321.946949,1776220974000
1776220976.144,176.144,0.71,10.0,0.7,15.0,0.72,11.7,0.73,54.0,0.22,171.0,0.21,36.7,0.28,10.92,0.29,22.0,0.01,0.06,2321.946949,1776220974000
1776220976.791,176.791,0.71,10.0,0.7,15.0,0.72,5.04,0.73,54.0,0.28,5.04,0.27,54.0,0.29,10.0,0.3,15.0,0.01,0.01,2322.143907,1776220976000
1776220977.191,177.191,0.71,14.65,0.7,20.0,0.72,31.04,0.73,12.0,0.28,5.04,0.27,54.0,0.29,10.0,0.3,15.0,0.01,0.01,2322.143907,1776220976000
1776220977.428,177.428,0.71,65.65,0.7,20.0,0.74,5.0,0.75,15.0,0.28,31.04,0.27,12.0,0.29,14.65,0.3,20.0,0.03,0.01,2322.143907,1776220976000
1776220977.929,177.929,0.71,65.65,0.7,20.0,0.74,5.0,0.75,15.0,0.26,5.0,0.25,15.0,0.29,65.65,0.3,20.0,0.03,0.03,2322.074539,1776220977000
1776220978.848,178.848,0.73,101.0,0.72,25.0,0.78,26.0,0.79,26.7,0.26,5.0,0.25,15.0,0.29,65.65,0.3,20.0,0.05,0.03,2322.074539,1776220977000
1776220980.058,180.058,0.77,44.0,0.76,39.0,0.78,14.67,0.79,21.7,0.22,14.67,0.21,21.7,0.23,44.0,0.24,39.0,0.01,0.01,2322.058043,1776220979000
1776220980.984,180.984,0.77,44.0,0.76,39.0,0.78,14.67,0.79,21.7,0.22,14.67,0.21,21.7,0.23,44.0,0.24,39.0,0.01,0.01,2322.130211,1776220980000
1776220981.346,181.346,0.78,14.0,0.77,29.0,0.8,35.0,0.81,78.4,0.2,30.0,0.19,78.4,0.23,64.0,0.24,34.0,0.02,0.03,2322.130211,1776220980000
1776220981.738,181.738,0.79,15.0,0.78,14.0,0.8,24.4,0.81,78.4,0.2,31.25,0.19,78.4,0.21,10.0,0.22,14.0,0.01,0.01,2322.130211,1776220980000
1776220982.013,182.013,0.79,15.0,0.78,14.0,0.8,24.4,0.81,78.4,0.2,24.4,0.19,78.4,0.21,15.0,0.22,14.0,0.01,0.01,2322.218626,1776220981000
1776220982.311,182.311,0.79,20.0,0.78,9.0,0.8,24.31,0.81,28.4,0.2,24.4,0.19,78.4,0.21,15.0,0.22,14.0,0.01,0.01,2322.218626,1776220981000
1776220982.97,182.97,0.79,20.0,0.78,9.0,0.8,24.31,0.81,28.4,0.2,24.31,0.19,28.4,0.21,20.0,0.22,9.0,0.01,0.01,2322.233141,1776220982000
1776220984.04,184.04,0.79,20.0,0.78,9.0,0.8,24.31,0.81,28.4,0.2,24.31,0.19,28.4,0.21,20.0,0.22,9.0,0.01,0.01,2322.228563,1776220983000
1776220984.464,184.464,0.79,35.0,0.78,19.0,0.81,5.0,0.82,5.0,0.2,24.31,0.19,28.4,0.21,20.0,0.22,9.0,0.02,0.01,2322.228563,1776220983000
1776220985.066,185.066,0.79,35.0,0.78,19.0,0.81,5.0,0.82,5.0,0.19,5.0,0.18,5.0,0.21,35.0,0.22,19.0,0.02,0.02,2322.221971,1776220984000
1776220986.152,186.152,0.79,35.0,0.78,19.0,0.81,5.0,0.82,5.0,0.19,5.0,0.18,5.0,0.21,35.0,0.22,19.0,0.02,0.02,2322.247109,1776220985000
1776220987.681,187.681,0.79,35.0,0.78,19.0,0.81,5.0,0.82,5.0,0.19,5.0,0.18,5.0,0.21,35.0,0.22,19.0,0.02,0.02,2322.248176,1776220986000
1776220988.132,188.132,0.79,35.0,0.78,19.0,0.81,5.0,0.82,5.0,0.19,5.0,0.18,5.0,0.21,35.0,0.22,19.0,0.02,0.02,2322.25245,1776220987000
1776220989.312,189.312,0.79,35.0,0.78,19.0,0.81,5.0,0.82,5.0,0.19,5.0,0.18,5.0,0.21,35.0,0.22,19.0,0.02,0.02,2322.378523,1776220988000
1776220989.938,189.938,0.79,35.0,0.78,19.0,0.81,5.0,0.82,5.0,0.19,5.0,0.18,5.0,0.21,35.0,0.22,19.0,0.02,0.02,2322.385075,1776220989000
1776220991.087,191.087,0.79,35.0,0.78,19.0,0.81,5.0,0.82,5.0,0.19,5.0,0.18,5.0,0.21,35.0,0.22,19.0,0.02,0.02,2322.383686,1776220990000
1776220992.323,192.323,0.79,35.0,0.78,19.0,0.81,5.0,0.82,5.0,0.19,5.0,0.18,5.0,0.21,35.0,0.22,19.0,0.02,0.02,2322.397452,1776220991000
1776220993.616,193.616,0.79,35.0,0.78,19.0,0.81,5.0,0.82,5.0,0.19,5.0,0.18,5.0,0.21,35.0,0.22,19.0,0.02,0.02,2322.381414,1776220992000
1776220994.125,194.125,0.83,37.23,0.82,30.0,0.84,31.8,0.85,33.2,0.16,31.8,0.15,33.2,0.17,37.23,0.18,30.0,0.01,0.01,2322.386601,1776220993000
1776220995.24,195.24,0.83,37.23,0.82,30.0,0.84,31.8,0.85,33.2,0.16,31.8,0.15,33.2,0.17,37.23,0.18,30.0,0.01,0.01,2322.39001,1776220994000
1776220996.344,196.344,0.83,37.23,0.82,30.0,0.84,31.8,0.85,33.2,0.16,31.8,0.15,33.2,0.17,37.23,0.18,30.0,0.01,0.01,2322.391813,1776220995000
1776220996.915,196.915,0.83,37.23,0.82,30.0,0.84,31.8,0.85,33.2,0.16,31.8,0.15,33.2,0.17,37.23,0.18,30.0,0.01,0.01,2322.384259,1776220996000
1776220998.108,198.108,0.83,37.23,0.82,30.0,0.84,31.8,0.85,33.2,0.16,31.8,0.15,33.2,0.17,37.23,0.18,30.0,0.01,0.01,2322.38844,1776220997000
1776220999.304,199.304,0.83,37.23,0.82,30.0,0.84,31.8,0.85,33.2,0.16,31.8,0.15,33.2,0.17,37.23,0.18,30.0,0.01,0.01,2322.412647,1776220998000
1776221000.457,200.457,0.83,37.23,0.82,30.0,0.84,31.8,0.85,33.2,0.16,31.8,0.15,33.2,0.17,37.23,0.18,30.0,0.01,0.01,2322.404823,1776220999000
1776221000.978,200.978,0.83,37.23,0.82,30.0,0.84,31.8,0.85,33.2,0.16,31.8,0.15,33.2,0.17,37.23,0.18,30.0,0.01,0.01,2322.384698,1776221000000
1776221002.972,202.972,0.83,37.23,0.82,30.0,0.84,31.8,0.85,33.2,0.16,31.8,0.15,33.2,0.17,37.23,0.18,30.0,0.01,0.01,2322.387175,1776221002000
1776221004.279,204.279,0.83,37.23,0.82,30.0,0.84,31.8,0.85,33.2,0.16,31.8,0.15,33.2,0.17,37.23,0.18,30.0,0.01,0.01,2322.384332,1776221003000
1776221005.373,205.373,0.85,27.26,0.84,20.0,0.86,54.18,0.87,37.79,0.16,31.8,0.15,33.2,0.17,37.23,0.18,30.0,0.01,0.01,2322.384332,1776221003000
1776221005.736,205.736,0.85,27.26,0.84,20.0,0.86,54.18,0.87,37.79,0.14,54.18,0.13,37.79,0.15,27.26,0.16,20.0,0.01,0.01,2322.406277,1776221004000
1776221005.996,205.996,0.85,45.0,0.84,15.0,0.86,58.01,0.87,37.79,0.14,54.18,0.13,37.79,0.15,21.0,0.16,20.0,0.01,0.01,2322.406277,1776221004000
1776221006.291,206.291,0.85,45.0,0.84,15.0,0.86,58.01,0.87,37.79,0.14,58.01,0.13,37.79,0.15,45.0,0.16,15.0,0.01,0.01,2322.406904,1776221005000
1776221007.081,207.081,0.85,45.0,0.84,15.0,0.86,58.01,0.87,37.79,0.14,58.01,0.13,37.79,0.15,45.0,0.16,15.0,0.01,0.01,2322.406904,1776221006000
1776221007.326,207.326,0.75,19.9,0.74,10.0,0.77,10.0,0.78,10.0,0.14,224.01,0.13,80.26,0.24,10.0,0.25,5.0,0.02,0.1,2322.406904,1776221006000
1776221007.536,207.536,0.77,9.04,0.76,9.33,0.79,10.0,0.8,10.0,0.21,10.0,0.2,10.0,0.23,14.04,0.24,9.33,0.02,0.02,2322.406904,1776221006000
1776221008.004,208.004,0.82,46.0,0.81,20.0,0.83,16.16,0.84,29.0,0.21,10.0,0.2,10.0,0.23,9.04,0.24,9.33,0.01,0.02,2322.406904,1776221006000
1776221008.537,208.537,0.82,46.0,0.81,20.0,0.83,16.16,0.84,29.0,0.17,16.16,0.16,29.0,0.18,46.0,0.19,20.0,0.01,0.01,2322.400303,1776221007000
1776221009.21,209.21,0.82,46.0,0.81,20.0,0.83,16.16,0.84,29.0,0.17,16.16,0.16,29.0,0.18,46.0,0.19,20.0,0.01,0.01,2322.272465,1776221008000
1776221010.381,210.381,0.82,3.22,0.81,15.0,0.83,51.66,0.84,96.83,0.17,16.16,0.16,29.0,0.18,46.0,0.19,20.0,0.01,0.01,2322.272465,1776221008000
1776221010.583,210.583,0.82,3.22,0.81,15.0,0.83,51.66,0.84,96.83,0.17,51.66,0.16,96.83,0.18,3.22,0.19,15.0,0.01,0.01,2322.233815,1776221009000
1776221011.049,211.049,0.81,12.78,0.8,15.0,0.83,51.66,0.84,55.8,0.17,51.66,0.16,96.83,0.18,3.22,0.19,15.0,0.02,0.01,2322.233815,1776221009000
1776221011.313,211.313,0.81,12.78,0.8,15.0,0.83,51.66,0.84,55.8,0.17,51.66,0.16,55.8,0.19,12.78,0.2,15.0,0.02,0.02,2322.239451,1776221010000
1776221012.052,212.052,0.81,20.0,0.8,15.0,0.83,41.66,0.84,55.8,0.17,51.66,0.16,55.8,0.19,12.78,0.2,15.0,0.02,0.02,2322.239451,1776221010000
1776221013.05,213.05,0.82,20.0,0.81,15.0,0.83,42.04,0.84,36.8,0.17,41.66,0.16,55.8,0.19,20.0,0.2,15.0,0.01,0.02,2322.239451,1776221011000
1776221013.48,213.48,0.82,20.0,0.81,15.0,0.83,42.04,0.84,36.8,0.17,42.04,0.16,36.8,0.18,20.0,0.19,15.0,0.01,0.01,2322.200281,1776221012000
1776221014.198,214.198,0.82,20.0,0.81,15.0,0.83,42.04,0.84,36.8,0.17,42.04,0.16,36.8,0.18,20.0,0.19,15.0,0.01,0.01,2322.221377,1776221013000
1776221015.602,215.602,0.82,20.0,0.81,15.0,0.83,42.04,0.84,36.8,0.17,42.04,0.16,36.8,0.18,20.0,0.19,15.0,0.01,0.01,2322.21746,1776221014000
1776221016.136,216.136,0.82,20.0,0.81,15.0,0.83,42.04,0.84,36.8,0.17,42.04,0.16,36.8,0.18,20.0,0.19,15.0,0.01,0.01,2322.21746,1776221015000
1776221016.768,216.768,0.82,35.0,0.81,25.0,0.83,8.41,0.86,30.27,0.17,42.04,0.16,36.8,0.18,20.0,0.19,15.0,0.01,0.01,2322.21746,1776221015000
1776221017.155,217.155,0.84,24.0,0.83,14.59,0.85,7.88,0.86,29.61,0.14,19.61,0.13,41.8,0.17,9.59,0.18,30.0,0.01,0.03,2322.21746,1776221015000
1776221017.471,217.471,0.83,14.59,0.82,5.0,0.85,11.7,0.86,29.61,0.15,11.7,0.14,29.61,0.17,14.59,0.18,5.0,0.02,0.02,2322.221569,1776221016000
1776221017.958,217.958,0.83,29.59,0.82,20.0,0.84,9.7,0.85,40.03,0.15,11.7,0.14,29.61,0.17,14.59,0.18,5.0,0.01,0.02,2322.221569,1776221016000
1776221018.176,218.176,0.83,29.59,0.82,20.0,0.84,9.7,0.85,40.03,0.16,9.7,0.15,40.03,0.17,29.59,0.18,20.0,0.01,0.01,2322.24447,1776221017000
1776221019.127,219.127,0.83,10.0,0.82,20.0,0.84,8.8,0.85,10.0,0.16,9.7,0.15,40.03,0.17,29.59,0.18,20.0,0.01,0.01,2322.24447,1776221017000
1776221019.334,219.334,0.82,7.22,0.81,10.0,0.84,5.94,0.85,10.0,0.16,12.6,0.15,10.0,0.18,7.22,0.19,10.0,0.02,0.02,2322.24447,1776221017000
1776221020.454,220.454,0.82,7.22,0.81,10.0,0.84,5.94,0.85,10.0,0.16,5.94,0.15,10.0,0.18,7.22,0.19,10.0,0.02,0.02,2322.318293,1776221019000
1776221020.858,220.858,0.82,7.22,0.81,10.0,0.84,5.94,0.85,10.0,0.16,5.94,0.15,10.0,0.18,7.22,0.19,10.0,0.02,0.02,2322.23476,1776221020000
1776221021.928,221.928,0.82,7.22,0.81,10.0,0.84,5.94,0.85,10.0,0.16,5.94,0.15,10.0,0.18,7.22,0.19,10.0,0.02,0.02,2322.220176,1776221021000
1776221022.949,222.949,0.82,7.22,0.81,10.0,0.84,5.94,0.85,10.0,0.16,5.94,0.15,10.0,0.18,7.22,0.19,10.0,0.02,0.02,2322.223405,1776221022000
1776221023.841,223.841,0.82,7.22,0.81,10.0,0.84,5.94,0.85,10.0,0.16,5.94,0.15,10.0,0.18,7.22,0.19,10.0,0.02,0.02,2322.235336,1776221023000
1776221025.235,225.235,0.82,7.22,0.81,10.0,0.84,5.94,0.85,10.0,0.16,5.94,0.15,10.0,0.18,7.22,0.19,10.0,0.02,0.02,2322.248341,1776221024000
1776221026.339,226.339,0.82,7.22,0.81,10.0,0.84,5.94,0.85,10.0,0.16,5.94,0.15,10.0,0.18,7.22,0.19,10.0,0.02,0.02,2322.240412,1776221025000
1776221026.915,226.915,0.82,7.22,0.81,10.0,0.84,5.94,0.85,10.0,0.16,5.94,0.15,10.0,0.18,7.22,0.19,10.0,0.02,0.02,2322.240229,1776221026000
1776221028.056,228.056,0.82,7.22,0.81,10.0,0.84,5.94,0.85,10.0,0.16,5.94,0.15,10.0,0.18,7.22,0.19,10.0,0.02,0.02,2322.210984,1776221027000
1776221028.455,228.455,0.85,15.0,0.84,15.0,0.86,17.61,0.87,40.41,0.16,5.94,0.15,10.0,0.18,7.22,0.19,10.0,0.01,0.02,2322.210984,1776221027000
1776221029.346,229.346,0.85,15.0,0.84,15.0,0.86,17.61,0.87,40.41,0.14,17.61,0.13,40.41,0.15,15.0,0.16,15.0,0.01,0.01,2322.209853,1776221028000
1776221029.875,229.875,0.85,15.0,0.84,15.0,0.86,17.61,0.87,40.41,0.14,17.61,0.13,40.41,0.15,15.0,0.16,15.0,0.01,0.01,2322.207539,1776221029000
1776221030.863,230.863,0.85,35.0,0.84,20.0,0.86,11.73,0.87,31.8,0.14,17.61,0.13,40.41,0.15,15.0,0.16,15.0,0.01,0.01,2322.207539,1776221029000
1776221032.188,232.188,0.85,35.0,0.84,20.0,0.86,11.73,0.87,31.8,0.14,11.73,0.13,31.8,0.15,35.0,0.16,20.0,0.01,0.01,2322.343875,1776221031000
1776221032.727,232.727,0.86,3.14,0.85,20.0,0.88,59.1,0.89,36.79,0.12,44.1,0.11,36.79,0.15,20.0,0.16,20.0,0.02,0.03,2322.343875,1776221031000
1776221033.006,233.006,0.87,10.0,0.86,3.14,0.88,50.69,0.89,36.79,0.12,59.1,0.11,36.79,0.14,3.14,0.15,20.0,0.01,0.02,2322.343875,1776221031000
1776221033.348,233.348,0.87,10.0,0.86,3.14,0.88,50.69,0.89,36.79,0.12,50.69,0.11,36.79,0.13,10.0,0.14,3.14,0.01,0.01,2322.33995,1776221032000
1776221033.751,233.751,0.87,15.0,0.86,8.14,0.88,29.5,0.89,36.79,0.12,35.19,0.11,36.79,0.13,10.0,0.14,8.14,0.01,0.01,2322.33995,1776221032000
1776221034.278,234.278,0.87,11.53,0.86,13.14,0.88,39.5,0.89,36.79,0.12,29.5,0.11,36.79,0.13,15.0,0.14,8.14,0.01,0.01,2322.33995,1776221033000
1776221034.762,234.762,0.87,1.53,0.86,13.14,0.88,20.5,0.89,36.79,0.12,39.5,0.11,36.79,0.13,11.53,0.14,13.14,0.01,0.01,2322.33995,1776221033000
1776221035.294,235.294,0.87,1.53,0.86,13.14,0.88,20.5,0.89,36.79,0.12,20.5,0.11,36.79,0.13,1.53,0.14,13.14,0.01,0.01,2322.344259,1776221034000
1776221036.373,236.373,0.87,1.53,0.86,13.14,0.88,20.5,0.89,36.79,0.12,20.5,0.11,36.79,0.13,1.53,0.14,13.14,0.01,0.01,2322.34996,1776221035000
1776221037.17,237.17,0.87,16.53,0.86,13.14,0.88,20.68,0.9,50.0,0.12,20.5,0.11,36.79,0.13,1.53,0.14,13.14,0.01,0.01,2322.34996,1776221035000
1776221037.574,237.574,0.87,1.53,0.86,13.14,0.88,9.74,0.9,50.0,0.12,19.54,0.1,50.0,0.13,1.53,0.14,13.14,0.01,0.01,2322.354432,1776221036000
1776221038.354,238.354,0.87,1.53,0.86,13.14,0.88,9.74,0.9,50.0,0.12,9.74,0.1,50.0,0.13,1.53,0.14,13.14,0.01,0.01,2322.3771,1776221037000
1776221039.317,239.317,0.87,1.53,0.86,13.14,0.88,9.74,0.9,50.0,0.12,9.74,0.1,50.0,0.13,1.53,0.14,13.14,0.01,0.01,2322.36868,1776221038000
1776221039.604,239.604,0.85,15.0,0.84,15.0,0.86,11.0,0.87,37.0,0.12,9.74,0.1,50.0,0.13,1.53,0.14,13.14,0.01,0.01,2322.36868,1776221038000
1776221040.033,240.033,0.84,10.0,0.83,20.0,0.86,32.82,0.87,32.0,0.14,11.0,0.13,37.0,0.15,15.0,0.16,15.0,0.02,0.01,2322.36868,1776221038000
1776221040.293,240.293,0.84,10.0,0.83,20.0,0.86,32.82,0.87,32.0,0.14,32.82,0.13,32.0,0.16,10.0,0.17,20.0,0.02,0.02,2322.314908,1776221039000
1776221041.179,241.179,0.84,3.18,0.83,25.0,0.85,7.82,0.86,21.0,0.15,7.82,0.14,21.0,0.16,3.18,0.17,25.0,0.01,0.01,2322.313768,1776221040000
1776221041.425,241.425,0.84,3.18,0.83,25.0,0.86,20.18,0.87,32.0,0.15,7.82,0.14,21.0,0.16,3.18,0.17,25.0,0.02,0.01,2322.313768,1776221040000
1776221041.85,241.85,0.86,23.64,0.85,15.0,0.89,46.79,0.9,45.0,0.14,7.03,0.13,32.0,0.15,20.0,0.16,8.18,0.03,0.01,2322.313768,1776221040000
1776221042.183,242.183,0.87,30.0,0.86,28.64,0.89,10.0,0.9,50.0,0.11,46.79,0.1,45.0,0.14,23.64,0.15,15.0,0.02,0.03,2322.313768,1776221040000
1776221043.055,243.055,0.87,30.0,0.86,28.64,0.88,6.59,0.89,10.0,0.11,10.0,0.1,50.0,0.13,30.0,0.14,28.64,0.01,0.02,2322.233575,1776221041000
1776221043.778,243.778,0.87,27.3,0.86,38.64,0.89,18.0,0.9,10.0,0.12,6.59,0.11,10.0,0.13,17.3,0.14,33.64,0.02,0.01,2322.228,1776221042000
1776221044.11,244.11,0.87,27.3,0.86,38.64,0.89,18.0,0.9,10.0,0.11,18.0,0.1,10.0,0.13,27.3,0.14,38.64,0.02,0.02,2322.311525,1776221043000
1776221044.969,244.969,0.88,11.66,0.87,15.0,0.89,18.0,0.9,10.0,0.11,18.0,0.1,10.0,0.13,27.3,0.14,38.64,0.01,0.02,2322.311525,1776221043000
1776221045.219,245.219,0.87,15.0,0.86,38.64,0.89,14.62,0.9,10.0,0.11,16.87,0.1,10.0,0.13,15.0,0.14,38.64,0.02,0.02,2322.309702,1776221044000
1776221045.956,245.956,0.87,20.0,0.86,38.64,0.89,10.08,0.9,10.0,0.11,14.62,0.1,10.0,0.13,15.0,0.14,38.64,0.02,0.02,2322.309702,1776221044000
1776221046.463,246.463,0.88,20.0,0.87,20.0,0.89,2.43,0.9,10.0,0.11,10.08,0.1,10.0,0.13,20.0,0.14,38.64,0.01,0.02,2322.309453,1776221045000
1776221047.883,247.883,0.88,20.0,0.87,20.0,0.89,2.43,0.9,10.0,0.11,2.43,0.1,10.0,0.12,20.0,0.13,20.0,0.01,0.01,2322.322566,1776221046000
1776221048.209,248.209,0.89,10.9,0.88,25.0,0.91,25.0,0.92,58.9,0.11,2.43,0.1,10.0,0.12,20.0,0.13,20.0,0.02,0.01,2322.322566,1776221046000
1776221048.721,248.721,0.89,10.9,0.88,25.0,0.91,26.7,0.92,58.9,0.09,26.7,0.08,58.9,0.11,10.9,0.12,25.0,0.02,0.02,2322.325674,1776221047000
1776221049.104,249.104,0.9,0.14,0.89,20.9,0.91,37.92,0.92,10.0,0.09,26.7,0.08,58.9,0.11,10.9,0.12,25.0,0.01,0.02,2322.325674,1776221047000
1776221049.364,249.364,0.9,0.14,0.89,20.9,0.91,37.92,0.92,10.0,0.09,37.92,0.08,10.0,0.1,0.14,0.11,20.9,0.01,0.01,2322.335444,1776221048000
1776221050.039,250.039,0.9,0.14,0.89,20.9,0.91,37.92,0.92,10.0,0.09,37.92,0.08,10.0,0.1,0.14,0.11,20.9,0.01,0.01,2322.346842,1776221049000
1776221050.451,250.451,0.89,16.35,0.88,25.0,0.91,32.92,0.92,10.0,0.09,37.92,0.08,10.0,0.1,0.14,0.11,20.9,0.02,0.01,2322.346842,1776221049000
1776221051.299,251.299,0.87,23.45,0.86,78.64,0.91,27.92,0.92,17.0,0.09,27.92,0.08,17.0,0.13,23.45,0.14,78.64,0.04,0.04,2322.35414,1776221050000
1776221051.93,251.93,0.87,23.45,0.86,78.64,0.91,27.92,0.92,17.0,0.09,27.92,0.08,17.0,0.13,23.45,0.14,78.64,0.04,0.04,2322.353076,1776221051000
1776221052.552,252.552,0.86,46.12,0.85,25.0,0.9,20.0,0.91,17.92,0.09,27.92,0.08,17.0,0.13,23.45,0.14,78.64,0.04,0.04,2322.353076,1776221051000
1776221053.212,253.212,0.86,46.12,0.85,25.0,0.9,20.0,0.91,17.92,0.1,20.0,0.09,17.92,0.14,46.12,0.15,25.0,0.04,0.04,2322.352297,1776221052000
1776221053.469,253.469,0.88,28.0,0.87,15.0,0.9,20.0,0.91,17.92,0.11,5.0,0.1,20.0,0.12,28.0,0.13,15.0,0.02,0.01,2322.352297,1776221052000
1776221053.773,253.773,0.88,4.41,0.87,15.0,0.9,20.0,0.91,17.92,0.1,20.0,0.09,17.92,0.12,28.0,0.13,15.0,0.02,0.02,2322.352297,1776221052000
1776221054.442,254.442,0.88,4.41,0.87,15.0,0.9,20.0,0.91,17.92,0.1,20.0,0.09,17.92,0.12,4.41,0.13,15.0,0.02,0.02,2322.371366,1776221053000
1776221055.091,255.091,0.88,4.41,0.87,15.0,0.9,20.0,0.91,17.92,0.1,20.0,0.09,17.92,0.12,4.41,0.13,15.0,0.02,0.02,2322.372661,1776221054000
1776221055.293,255.293,0.88,23.0,0.87,97.42,0.89,8.87,0.9,10.0,0.1,20.0,0.09,17.92,0.12,4.41,0.13,15.0,0.01,0.02,2322.372661,1776221054000
1776221056.237,256.237,0.88,23.0,0.87,97.42,0.89,8.87,0.9,10.0,0.11,8.87,0.1,10.0,0.12,23.0,0.13,97.42,0.01,0.01,2322.372336,1776221055000
1776221057.46,257.46,0.88,23.0,0.87,97.42,0.89,8.87,0.9,10.0,0.11,8.87,0.1,10.0,0.12,23.0,0.13,97.42,0.01,0.01,2322.377033,1776221056000
1776221058.087,258.087,0.88,23.0,0.87,97.42,0.89,8.87,0.9,10.0,0.11,8.87,0.1,10.0,0.12,23.0,0.13,97.42,0.01,0.01,2322.373978,1776221057000
1776221058.788,258.788,0.89,8.0,0.88,89.04,0.9,23.0,0.91,17.92,0.11,8.87,0.1,10.0,0.12,23.0,0.13,97.42,0.01,0.01,2322.373978,1776221057000
1776221059.243,259.243,0.91,14.08,0.89,8.0,0.92,10.0,0.93,10.0,0.08,10.0,0.07,10.0,0.09,14.08,0.11,8.0,0.01,0.01,2322.37048,1776221058000
1776221060.069,260.069,0.91,13.26,0.9,25.48,0.92,37.62,0.93,22.0,0.08,10.0,0.07,10.0,0.09,14.08,0.11,8.0,0.01,0.01,2322.37048,1776221058000
1776221060.577,260.577,0.91,13.26,0.9,25.48,0.92,37.62,0.93,22.0,0.08,37.62,0.07,22.0,0.09,13.26,0.1,25.48,0.01,0.01,2322.367915,1776221059000
1776221061.046,261.046,0.91,13.26,0.9,25.48,0.92,37.62,0.93,22.0,0.08,37.62,0.07,22.0,0.09,13.26,0.1,25.48,0.01,0.01,2322.370479,1776221060000
1776221061.287,261.287,0.91,13.26,0.9,44.42,0.92,29.35,0.93,10.0,0.08,37.62,0.07,22.0,0.09,13.26,0.1,25.48,0.01,0.01,2322.370479,1776221060000
1776221061.743,261.743,0.91,5.37,0.9,44.42,0.92,34.35,0.93,10.0,0.08,29.35,0.07,10.0,0.09,13.26,0.1,44.42,0.01,0.01,2322.370479,1776221060000
1776221062.023,262.023,0.91,5.37,0.9,54.42,0.92,32.17,0.93,10.0,0.08,34.35,0.07,10.0,0.09,5.37,0.1,44.42,0.01,0.01,2322.370479,1776221060000
1776221062.37,262.37,0.91,5.37,0.9,54.42,0.92,17.8,0.93,10.0,0.08,17.8,0.07,10.0,0.09,5.37,0.1,54.42,0.01,0.01,2322.376412,1776221061000
1776221063.036,263.036,0.91,5.37,0.9,54.42,0.92,17.8,0.93,10.0,0.08,17.8,0.07,10.0,0.09,5.37,0.1,54.42,0.01,0.01,2322.377225,1776221062000
1776221064.214,264.214,0.91,5.37,0.9,54.42,0.92,17.8,0.93,10.0,0.08,17.8,0.07,10.0,0.09,5.37,0.1,54.42,0.01,0.01,2322.37597,1776221063000
1776221065.621,265.621,0.91,77.5,0.9,29.0,0.92,21.71,0.93,10.0,0.08,21.71,0.07,10.0,0.09,77.5,0.1,29.0,0.01,0.01,2322.37508,1776221064000
1776221066.281,266.281,0.91,77.5,0.9,29.0,0.92,21.71,0.93,10.0,0.08,21.71,0.07,10.0,0.09,77.5,0.1,29.0,0.01,0.01,2322.372447,1776221065000
1776221066.683,266.683,0.91,101.5,0.9,25.0,0.92,7.82,0.93,10.0,0.08,21.71,0.07,10.0,0.09,77.5,0.1,29.0,0.01,0.01,2322.372447,1776221065000
1776221066.94,266.94,0.91,90.5,0.9,25.0,0.92,7.82,0.93,10.0,0.08,7.82,0.07,10.0,0.09,101.5,0.1,25.0,0.01,0.01,2322.372447,1776221065000
1776221067.817,267.817,0.91,73.83,0.9,25.0,0.92,7.82,0.93,10.0,0.08,7.82,0.07,10.0,0.09,90.5,0.1,25.0,0.01,0.01,2322.376883,1776221066000
1776221068.504,268.504,0.91,73.83,0.9,25.0,0.92,7.82,0.93,10.0,0.08,7.82,0.07,10.0,0.09,73.83,0.1,25.0,0.01,0.01,2322.379136,1776221067000
1776221069.232,269.232,0.91,73.83,0.9,25.0,0.92,7.82,0.93,10.0,0.08,7.82,0.07,10.0,0.09,73.83,0.1,25.0,0.01,0.01,2322.381346,1776221068000
1776221069.701,269.701,0.9,71.61,0.89,20.0,0.91,22.0,0.92,10.0,0.08,7.82,0.07,10.0,0.09,73.83,0.1,25.0,0.01,0.01,2322.381346,1776221068000
1776221070.386,270.386,0.9,48.61,0.88,10.0,0.91,28.82,0.92,10.0,0.09,22.0,0.08,10.0,0.1,71.61,0.11,20.0,0.01,0.01,2322.381346,1776221068000
1776221070.663,270.663,0.88,25.0,0.87,15.0,0.9,38.0,0.91,23.82,0.09,33.82,0.08,10.0,0.12,20.0,0.13,10.0,0.02,0.03,2322.26823,1776221069000
1776221070.9,270.9,0.89,8.0,0.88,25.0,0.9,24.26,0.91,23.82,0.1,29.82,0.09,23.82,0.12,25.0,0.13,15.0,0.01,0.02,2322.26823,1776221069000
1776221071.181,271.181,0.89,8.0,0.88,25.0,0.9,24.26,0.91,23.82,0.1,24.26,0.09,23.82,0.11,8.0,0.12,25.0,0.01,0.01,2322.247205,1776221070000
1776221071.564,271.564,0.89,159.87,0.88,20.0,0.9,10.26,0.91,23.82,0.1,29.26,0.09,23.82,0.11,2.72,0.12,30.0,0.01,0.01,2322.247205,1776221070000
1776221071.93,271.93,0.89,146.68,0.88,20.0,0.9,2.46,0.91,10.0,0.1,4.46,0.09,10.0,0.11,141.68,0.12,20.0,0.01,0.01,2322.247205,1776221070000
1776221072.263,272.263,0.89,146.68,0.88,20.0,0.9,2.46,0.91,10.0,0.1,2.46,0.09,10.0,0.11,146.68,0.12,20.0,0.01,0.01,2322.225232,1776221071000
1776221072.496,272.496,0.9,8.0,0.89,148.68,0.91,13.78,0.92,10.0,0.1,2.46,0.09,10.0,0.11,146.68,0.12,20.0,0.01,0.01,2322.225232,1776221071000
1776221072.734,272.734,0.89,121.04,0.88,25.0,0.91,18.4,0.92,10.0,0.09,26.22,0.08,10.0,0.11,121.04,0.12,20.0,0.02,0.02,2322.225232,1776221071000
1776221073.062,273.062,0.9,26.0,0.89,116.94,0.91,26.22,0.92,20.0,0.09,10.0,0.08,10.0,0.11,121.94,0.12,25.0,0.01,0.02,2322.225232,1776221071000
1776221073.308,273.308,0.9,37.0,0.89,94.22,0.92,14.47,0.93,10.0,0.09,19.24,0.08,20.0,0.1,28.0,0.11,114.22,0.02,0.01,2322.225232,1776221071000
1776221073.531,273.531,0.9,1.29,0.89,10.0,0.92,27.09,0.93,10.0,0.09,15.0,0.08,27.09,0.1,1.29,0.11,10.0,0.02,0.01,2322.225232,1776221071000
1776221073.794,273.794,0.9,25.29,0.89,15.0,0.92,29.15,0.93,10.0,0.08,25.89,0.07,10.0,0.1,20.29,0.11,15.0,0.02,0.02,2322.194834,1776221072000
1776221074.02,274.02,0.9,25.29,0.89,15.0,0.92,25.6,0.93,10.0,0.08,22.92,0.07,10.0,0.1,25.29,0.11,15.0,0.02,0.02,2322.194834,1776221072000
1776221074.295,274.295,0.9,25.29,0.89,15.0,0.92,25.6,0.93,10.0,0.08,25.6,0.07,10.0,0.1,25.29,0.11,15.0,0.02,0.02,2322.195843,1776221073000
1776221074.634,274.634,0.91,175.98,0.9,25.29,0.92,9.39,0.93,10.0,0.08,20.55,0.07,10.0,0.09,160.98,0.1,25.29,0.01,0.01,2322.195843,1776221073000
1776221074.978,274.978,0.91,170.98,0.9,25.29,0.94,69.96,0.95,121.73,0.07,17.63,0.06,73.8,0.09,170.98,0.1,25.29,0.03,0.02,2322.195843,1776221073000
1776221075.504,275.504,0.93,168.14,0.92,15.0,0.94,2.74,0.95,40.93,0.06,25.73,0.05,45.93,0.08,15.0,0.09,189.98,0.01,0.02,2322.195843,1776221073000
1776221075.85,275.85,0.93,178.14,0.92,15.0,0.95,59.98,0.96,74.0,0.06,1.64,0.05,40.93,0.07,178.14,0.08,15.0,0.02,0.01,2322.184148,1776221074000
1776221076.226,276.226,0.93,178.14,0.92,15.0,0.95,51.43,0.96,74.0,0.05,51.43,0.04,74.0,0.07,178.14,0.08,15.0,0.02,0.02,2322.18153,1776221075000
1776221076.517,276.517,0.93,178.14,0.92,15.0,0.95,27.13,0.96,69.0,0.05,48.19,0.04,69.0,0.07,178.14,0.08,15.0,0.02,0.02,2322.18153,1776221075000
1776221077.284,277.284,0.94,15.0,0.93,173.14,0.95,20.59,0.96,69.0,0.05,27.13,0.04,69.0,0.07,178.14,0.08,15.0,0.01,0.02,2322.18153,1776221075000
1776221077.657,277.657,0.94,12.09,0.93,173.14,0.95,20.59,0.96,69.0,0.05,20.59,0.04,69.0,0.06,12.09,0.07,173.14,0.01,0.01,2322.180658,1776221076000
1776221077.929,277.929,0.94,176.51,0.93,10.0,0.95,3.28,0.96,30.0,0.05,20.59,0.04,69.0,0.06,12.09,0.07,173.14,0.01,0.01,2322.180658,1776221076000
1776221078.282,278.282,0.94,176.51,0.93,10.0,0.95,3.28,0.96,30.0,0.05,3.28,0.04,30.0,0.06,176.51,0.07,10.0,0.01,0.01,2322.188148,1776221077000
1776221078.579,278.579,0.95,15.0,0.94,122.83,0.96,39.41,0.97,381.0,0.05,3.28,0.04,30.0,0.06,176.51,0.07,10.0,0.01,0.01,2322.188148,1776221077000
1776221078.983,278.983,0.95,8.84,0.94,122.83,0.97,381.0,0.98,255.0,0.04,20.04,0.03,381.0,0.05,15.0,0.06,122.83,0.02,0.01,2322.188148,1776221077000
1776221079.565,279.565,0.95,8.84,0.94,122.83,0.97,381.0,0.98,255.0,0.03,381.0,0.02,255.0,0.05,8.84,0.06,122.83,0.02,0.02,2322.212509,1776221078000
1776221080.009,280.009,0.95,8.84,0.94,122.83,0.97,194.96,0.98,449.0,0.03,381.0,0.02,255.0,0.05,8.84,0.06,122.83,0.02,0.02,2322.212509,1776221078000
1776221080.303,280.303,0.95,13.84,0.94,122.83,0.97,174.75,0.98,399.0,0.03,174.75,0.02,399.0,0.05,13.84,0.06,122.83,0.02,0.02,2322.227851,1776221079000
1776221080.55,280.55,0.93,7.88,0.92,15.0,0.97,176.58,0.98,399.0,0.03,176.58,0.02,399.0,0.05,13.84,0.06,122.83,0.04,0.02,2322.227851,1776221079000
1776221080.858,280.858,0.94,15.0,0.93,22.88,0.96,3.53,0.97,171.58,0.03,176.58,0.02,399.0,0.07,7.88,0.08,15.0,0.02,0.04,2322.227851,1776221079000
1776221081.367,281.367,0.94,15.0,0.93,22.88,0.96,3.53,0.97,171.58,0.04,3.53,0.03,171.58,0.06,15.0,0.07,22.88,0.02,0.02,2322.22565,1776221080000
1776221082.208,282.208,0.95,176.26,0.94,20.0,0.97,164.63,0.98,399.0,0.04,3.53,0.03,171.58,0.05,144.7,0.06,15.0,0.02,0.01,2322.22565,1776221080000
1776221082.503,282.503,0.95,171.26,0.94,20.0,0.97,197.25,0.98,399.0,0.03,197.25,0.02,399.0,0.05,171.26,0.06,20.0,0.02,0.02,2322.224969,1776221081000
1776221083.163,283.163,0.95,176.26,0.94,25.0,0.97,118.97,0.98,399.0,0.03,118.97,0.02,399.0,0.05,176.26,0.06,25.0,0.02,0.02,2322.226474,1776221082000
1776221083.41,283.41,0.96,31.56,0.95,164.7,0.97,77.97,0.98,399.0,0.03,118.97,0.02,399.0,0.05,176.26,0.06,25.0,0.01,0.02,2322.226474,1776221082000
1776221083.742,283.742,0.96,16.56,0.95,159.7,0.97,72.69,0.98,399.0,0.03,72.69,0.02,399.0,0.04,36.56,0.05,164.7,0.01,0.01,2322.226474,1776221082000
1776221084.345,284.345,0.96,3.56,0.95,164.7,0.97,72.69,0.98,200.0,0.03,72.69,0.02,399.0,0.04,16.56,0.05,159.7,0.01,0.01,2322.226474,1776221082000
1776221084.869,284.869,0.96,8.56,0.95,164.7,0.97,50.03,0.98,200.0,0.03,69.89,0.02,200.0,0.04,8.56,0.05,164.7,0.01,0.01,2322.226474,1776221082000
1776221085.138,285.138,0.96,18.56,0.95,169.7,0.97,43.99,0.98,200.0,0.03,50.03,0.02,200.0,0.04,8.56,0.05,164.7,0.01,0.01,2322.243844,1776221083000
1776221085.6,285.6,0.96,198.12,0.95,38.0,0.98,200.0,0.99,6600.8,0.03,43.99,0.02,200.0,0.04,18.56,0.05,169.7,0.02,0.01,2322.243844,1776221083000
1776221086.369,286.369,0.96,198.12,0.95,38.0,0.98,200.0,0.99,6600.8,0.02,200.0,0.01,6600.8,0.04,198.12,0.05,38.0,0.02,0.02,2322.228561,1776221085000
1776221087.0,287.0,0.96,198.12,0.95,38.0,0.98,200.0,0.99,6600.8,0.02,200.0,0.01,6600.8,0.04,198.12,0.05,38.0,0.02,0.02,2322.212568,1776221086000
1776221088.186,288.186,0.97,171.67,0.96,177.88,0.98,174.89,0.99,1600.8,0.02,180.0,0.01,6600.8,0.03,15.0,0.04,306.12,0.01,0.01,2322.212568,1776221086000
1776221088.388,288.388,0.97,76.0,0.96,192.88,0.98,205.29,0.99,1600.8,0.02,159.79,0.01,1600.8,0.03,166.67,0.04,177.88,0.01,0.01,2322.308777,1776221087000
1776221088.656,288.656,0.97,86.0,0.96,192.88,0.98,175.58,0.99,1600.8,0.02,195.58,0.01,1600.8,0.03,71.0,0.04,192.88,0.01,0.01,2322.308777,1776221087000
1776221088.963,288.963,0.97,86.0,0.96,192.88,0.98,175.58,0.99,1600.8,0.02,175.58,0.01,1600.8,0.03,86.0,0.04,192.88,0.01,0.01,2322.311857,1776221088000
1776221089.251,289.251,0.98,15.0,0.97,141.32,0.99,1520.88,,,0.01,1540.88,,,0.03,122.32,0.04,170.88,0.01,0.02,2322.311857,1776221088000
1776221089.508,289.508,0.98,15.0,0.97,136.32,0.99,1497.44,,,0.01,1522.44,,,0.02,15.0,0.03,136.32,0.01,0.01,2322.311857,1776221088000
1776221089.76,289.76,0.98,15.0,0.97,150.32,0.99,1446.74,,,0.01,1497.44,,,0.02,15.0,0.03,136.32,0.01,0.01,2322.311857,1776221088000
1776221090.086,290.086,0.98,15.0,0.97,150.32,0.99,1407.74,,,0.01,1418.74,,,0.02,15.0,0.03,150.32,0.01,0.01,2322.311857,1776221088000
1776221090.291,290.291,0.98,15.0,0.97,150.32,0.99,1292.59,,,0.01,1292.59,,,0.02,15.0,0.03,150.32,0.01,0.01,2322.402078,1776221089000
1776221090.505,290.505,0.98,30.0,0.97,124.32,0.99,1282.59,,,0.01,1292.59,,,0.02,15.0,0.03,150.32,0.01,0.01,2322.402078,1776221089000
1776221090.981,290.981,0.98,9.64,0.97,108.32,0.99,1238.91,,,0.01,1238.91,,,0.02,25.0,0.03,119.32,0.01,0.01,2322.402078,1776221089000
1776221091.341,291.341,0.98,14.64,0.97,103.32,0.99,1128.25,,,0.01,1130.25,,,0.02,14.64,0.03,84.32,0.01,0.01,2322.524164,1776221090000
1776221091.849,291.849,0.98,5.0,0.97,88.63,0.99,1130.82,,,0.01,1133.25,,,0.03,67.96,0.04,136.88,0.01,0.02,2322.524164,1776221090000
1776221092.145,292.145,0.98,5.0,0.97,103.63,0.99,1090.45,,,0.01,1110.66,,,0.02,5.0,0.03,103.63,0.01,0.01,2322.524164,1776221090000
1776221092.417,292.417,0.98,5.0,0.97,103.63,0.99,1090.45,,,0.01,1090.45,,,0.02,5.0,0.03,103.63,0.01,0.01,2322.681002,1776221091000
1776221092.798,292.798,0.98,15.0,0.97,108.63,0.99,1090.4,,,0.01,1090.45,,,0.02,5.0,0.03,103.63,0.01,0.01,2322.681002,1776221091000
1776221093.248,293.248,0.98,15.0,0.97,108.63,0.99,1085.34,,,0.01,1085.34,,,0.02,15.0,0.03,108.63,0.01,0.01,2322.694421,1776221092000
1776221093.571,293.571,0.98,21.32,0.97,101.32,0.99,1080.34,,,0.01,1085.34,,,0.02,15.0,0.03,108.63,0.01,0.01,2322.694421,1776221092000
1776221094.112,294.112,0.98,157.32,0.97,101.32,0.99,1024.83,,,0.01,1029.83,,,0.02,21.32,0.03,101.32,0.01,0.01,2322.694421,1776221092000
1776221094.473,294.473,0.98,174.32,0.97,101.32,0.99,1065.81,,,0.01,1024.83,,,0.02,157.32,0.03,101.32,0.01,0.01,2322.694421,1776221092000
1776221094.767,294.767,0.98,230.32,0.97,106.32,0.99,939.6,,,0.01,939.6,,,0.02,230.32,0.03,106.32,0.01,0.01,2322.70483,1776221093000
1776221095.221,295.221,0.98,235.32,0.97,111.32,0.99,520.6,,,0.01,522.6,,,0.02,225.32,0.03,106.32,0.01,0.01,2322.70483,1776221093000
1776221095.494,295.494,0.98,276.32,0.97,83.0,0.99,97.0,,,0.01,153.09,,,0.02,276.32,0.03,85.0,0.01,0.01,2322.70483,1776221093000
1776221095.76,295.76,0.99,1295.0,0.98,139.32,,,,,,,,,0.01,903.0,0.02,271.32,,,2322.711995,1776221094000
1776221095.961,295.961,0.99,2001.91,0.98,139.32,,,,,,,,,0.01,1295.0,0.02,139.32,,,2322.711995,1776221094000
1776221096.304,296.304,0.99,1996.91,0.98,139.32,,,,,,,,,0.01,1996.91,0.02,139.32,,,2322.735648,1776221095000
1776221097.052,297.052,0.99,1996.91,0.98,139.32,,,,,,,,,0.01,1996.91,0.02,139.32,,,2322.747008,1776221096000
1776221098.117,298.117,0.99,5517.0,0.98,172.32,,,,,,,,,0.01,1996.91,0.02,139.32,,,2322.747008,1776221096000
1776221098.61,298.61,0.99,5517.0,0.98,172.32,,,,,,,,,0.01,5517.0,0.02,172.32,,,2322.764254,1776221097000
1776221099.438,299.438,0.99,5517.0,0.98,172.32,,,,,,,,,0.01,5517.0,0.02,172.32,,,2322.764426,1776221098000
1776221100.571,300.571,0.99,5517.0,0.98,172.32,,,,,,,,,0.01,5517.0,0.02,172.32,,,2322.791416,1776221099000

# RESULT,winner=Up,slug=eth-updown-5m-1776220800,ticks=466
