timestamp,elapsed_sec,up_bid_p1,up_bid_s1,up_bid_p2,up_bid_s2,up_ask_p1,up_ask_s1,up_ask_p2,up_ask_s2,down_bid_p1,down_bid_s1,down_bid_p2,down_bid_s2,down_ask_p1,down_ask_s1,down_ask_p2,down_ask_s2,up_spread,down_spread,eth_price,eth_oracle_ts
1776257101.2,1.2,0.45,70.0,0.44,70.0,0.47,5.0,0.48,10.0,0.53,5.0,0.52,10.0,0.55,70.0,0.56,70.0,0.02,0.02,2337.323136,1776257100000
1776257102.165,2.165,0.46,25.0,0.45,84.0,0.47,5.0,0.48,25.0,0.53,5.0,0.52,10.0,0.55,70.0,0.56,70.0,0.01,0.02,2337.323136,1776257100000
1776257102.798,2.798,0.46,25.0,0.45,84.0,0.47,5.0,0.48,25.0,0.53,5.0,0.52,25.0,0.54,25.0,0.55,84.0,0.01,0.01,2337.324519,1776257101000
1776257103.426,3.426,0.46,34.12,0.45,169.0,0.47,5.0,0.48,20.0,0.53,5.0,0.52,25.0,0.54,25.0,0.55,84.0,0.01,0.01,2337.324519,1776257101000
1776257104.026,4.026,0.46,34.12,0.45,169.0,0.47,5.0,0.48,20.0,0.53,5.0,0.52,20.0,0.54,34.12,0.55,169.0,0.01,0.01,2337.325042,1776257102000
1776257104.829,4.829,0.46,10.12,0.45,5.0,0.47,48.0,0.48,40.0,0.53,5.0,0.52,20.0,0.54,34.12,0.55,169.0,0.01,0.01,2337.325042,1776257102000
1776257105.042,5.042,0.43,5.0,0.42,5.0,0.46,52.0,0.47,113.0,0.53,75.0,0.52,115.0,0.55,0.12,0.56,5.0,0.03,0.02,2337.331036,1776257103000
1776257105.837,5.837,0.42,33.19,0.41,84.0,0.43,10.0,0.44,22.0,0.56,10.0,0.55,40.0,0.59,74.0,0.6,19.0,0.01,0.03,2337.331036,1776257103000
1776257106.464,6.464,0.42,58.19,0.41,79.0,0.43,5.0,0.44,15.0,0.57,5.0,0.56,22.0,0.58,33.19,0.59,84.0,0.01,0.01,2337.332188,1776257104000
1776257106.73,6.73,0.42,53.19,0.41,79.0,0.43,5.0,0.44,25.0,0.57,5.0,0.56,15.0,0.58,58.19,0.59,79.0,0.01,0.01,2337.261533,1776257105000
1776257107.299,7.299,0.42,51.46,0.41,79.0,0.43,5.0,0.44,27.0,0.57,5.0,0.56,25.0,0.58,53.19,0.59,79.0,0.01,0.01,2337.261533,1776257105000
1776257107.997,7.997,0.42,51.46,0.41,79.0,0.43,5.0,0.44,27.0,0.57,5.0,0.56,27.0,0.58,51.46,0.59,79.0,0.01,0.01,2337.038747,1776257107000
1776257108.548,8.548,0.42,76.96,0.41,89.0,0.43,13.69,0.44,20.0,0.57,5.0,0.56,27.0,0.58,51.46,0.59,79.0,0.01,0.01,2337.038747,1776257107000
1776257108.947,8.947,0.43,18.55,0.42,83.69,0.44,15.0,0.45,50.5,0.57,13.69,0.56,20.0,0.58,76.96,0.59,89.0,0.01,0.01,2337.038747,1776257107000
1776257109.471,9.471,0.43,24.63,0.42,73.69,0.44,15.0,0.45,55.5,0.56,15.0,0.55,55.5,0.57,24.63,0.58,73.69,0.01,0.01,2337.006591,1776257108000
1776257109.864,9.864,0.43,29.63,0.42,73.69,0.45,17.94,0.46,52.0,0.56,15.0,0.55,55.5,0.57,24.63,0.58,73.69,0.02,0.01,2337.006591,1776257108000
1776257110.141,10.141,0.43,29.63,0.42,73.69,0.45,17.94,0.46,52.0,0.55,17.94,0.54,52.0,0.57,29.63,0.58,73.69,0.02,0.02,2337.021412,1776257109000
1776257111.21,11.21,0.43,17.87,0.42,83.69,0.44,15.0,0.45,42.5,0.55,17.94,0.54,52.0,0.57,29.63,0.58,73.69,0.01,0.02,2337.021412,1776257109000
1776257111.426,11.426,0.43,6.22,0.42,73.69,0.44,20.0,0.45,42.5,0.56,15.0,0.55,42.5,0.57,17.87,0.58,83.69,0.01,0.01,2337.021412,1776257109000
1776257116.116,16.116,0.43,4.78,0.42,80.69,0.44,93.5,0.45,42.5,0.56,20.0,0.55,42.5,0.57,6.22,0.58,73.69,0.01,0.01,2337.032205,1776257114000
1776257116.581,16.581,0.42,80.69,0.41,35.0,0.44,93.5,0.45,42.5,0.56,93.5,0.55,42.5,0.57,4.78,0.58,80.69,0.02,0.01,2337.031138,1776257115000
1776257117.07,17.07,0.42,30.13,0.41,10.0,0.43,86.0,0.44,85.5,0.56,93.5,0.55,42.5,0.58,80.69,0.59,35.0,0.01,0.02,2337.031138,1776257115000
1776257117.32,17.32,0.39,90.0,0.38,168.0,0.41,5.0,0.42,96.5,0.58,10.0,0.57,106.5,0.6,3.43,0.61,90.0,0.02,0.02,2337.031257,1776257116000
1776257117.717,17.717,0.39,95.78,0.38,178.5,0.4,5.0,0.41,44.0,0.59,5.0,0.58,96.5,0.61,90.0,0.62,168.0,0.01,0.02,2337.031257,1776257116000
1776257119.153,19.153,0.4,6.53,0.39,90.28,0.41,58.5,0.42,68.5,0.59,49.0,0.58,62.5,0.61,90.28,0.62,178.5,0.01,0.02,2337.011045,1776257117000
1776257119.357,19.357,0.39,70.68,0.38,186.5,0.4,62.25,0.41,63.5,0.59,58.5,0.58,68.5,0.6,6.53,0.61,90.28,0.01,0.01,2337.011045,1776257117000
1776257119.674,19.674,0.39,76.68,0.38,178.5,0.4,62.25,0.41,45.5,0.6,62.25,0.59,63.5,0.61,70.68,0.62,186.5,0.01,0.01,2336.93052,1776257118000
1776257120.788,20.788,0.36,19.43,0.35,34.0,0.37,50.5,0.38,200.5,0.6,62.25,0.59,45.5,0.61,76.68,0.62,178.5,0.01,0.01,2336.882891,1776257119000
1776257121.322,21.322,0.36,1.43,0.35,22.0,0.37,51.5,0.38,200.5,0.63,55.5,0.62,200.5,0.64,14.43,0.65,34.0,0.01,0.01,2336.882891,1776257119000
1776257121.571,21.571,0.35,8.0,0.34,34.0,0.36,60.57,0.37,46.79,0.63,40.79,0.62,200.5,0.64,1.43,0.65,8.0,0.01,0.01,2336.882891,1776257119000
1776257124.139,24.139,0.35,132.1,0.34,197.5,0.36,65.57,0.39,30.5,0.64,60.57,0.63,46.79,0.65,8.0,0.66,34.0,0.01,0.01,2336.613855,1776257122000
1776257124.502,24.502,0.35,57.99,0.34,29.0,0.36,6.31,0.37,15.0,0.64,17.31,0.61,30.5,0.65,107.1,0.66,202.5,0.01,0.01,2336.580412,1776257123000
1776257124.746,24.746,0.35,30.55,0.34,29.0,0.36,6.86,0.37,85.0,0.64,7.86,0.63,15.0,0.65,52.99,0.66,29.0,0.01,0.01,2336.580412,1776257123000
1776257125.653,25.653,0.34,44.27,0.33,19.0,0.35,56.5,0.36,46.5,0.63,80.86,0.62,85.0,0.65,30.55,0.66,46.28,0.01,0.02,2336.575468,1776257124000
1776257125.891,25.891,0.34,10.04,0.33,31.55,0.35,46.5,0.36,31.5,0.65,56.5,0.64,46.5,0.66,44.27,0.67,19.0,0.01,0.01,2336.575468,1776257124000
1776257126.115,26.115,0.33,17.55,0.32,25.0,0.35,52.5,0.36,75.5,0.65,46.5,0.64,31.5,0.66,10.04,0.67,31.55,0.02,0.01,2336.575468,1776257124000
1776257126.799,26.799,0.31,55.95,0.3,61.0,0.32,15.0,0.33,46.5,0.66,14.71,0.65,61.5,0.67,17.55,0.68,25.0,0.01,0.01,2336.64333,1776257125000
1776257127.192,27.192,0.31,50.95,0.3,87.0,0.33,38.43,0.34,105.21,0.68,10.0,0.67,46.5,0.69,60.95,0.7,61.0,0.02,0.01,2336.632396,1776257126000
1776257128.608,28.608,0.31,21.58,0.3,76.0,0.32,45.5,0.33,108.43,0.67,38.43,0.66,105.21,0.69,50.95,0.7,87.0,0.01,0.02,2336.378028,1776257127000
1776257128.857,28.857,0.31,17.58,0.3,76.0,0.32,40.5,0.33,108.43,0.68,45.5,0.67,108.43,0.69,21.58,0.7,76.0,0.01,0.01,2336.378028,1776257127000
1776257130.568,30.568,0.3,90.25,0.29,79.5,0.31,65.5,0.32,175.5,0.68,40.5,0.67,108.43,0.69,17.58,0.7,76.0,0.01,0.01,2336.316846,1776257129000
1776257130.861,30.861,0.3,85.25,0.29,74.0,0.31,67.35,0.32,180.5,0.69,65.5,0.68,175.5,0.7,90.25,0.71,79.5,0.01,0.01,2336.316846,1776257129000
1776257135.432,35.432,0.3,32.62,0.29,58.0,0.31,126.5,0.32,165.5,0.69,67.35,0.68,180.5,0.7,85.25,0.71,74.0,0.01,0.01,2336.287264,1776257133000
1776257136.577,36.577,0.3,28.33,0.29,63.5,0.31,91.5,0.32,165.5,0.69,126.5,0.68,165.5,0.7,32.62,0.71,58.0,0.01,0.01,2336.227507,1776257135000
1776257140.479,40.479,0.3,18.33,0.29,56.0,0.31,86.82,0.32,176.5,0.69,91.5,0.68,165.5,0.7,28.33,0.71,63.5,0.01,0.01,2336.181867,1776257139000
1776257140.775,40.775,0.3,16.81,0.29,56.0,0.31,81.82,0.32,176.5,0.69,86.82,0.68,176.5,0.7,18.33,0.71,56.0,0.01,0.01,2336.181867,1776257139000
1776257141.626,41.626,0.29,46.5,0.28,65.78,0.3,40.0,0.31,71.32,0.69,81.82,0.68,176.5,0.7,16.81,0.71,56.0,0.01,0.01,2336.17658,1776257140000
1776257142.502,42.502,0.29,16.0,0.28,33.0,0.3,128.0,0.31,76.82,0.7,40.0,0.69,71.32,0.71,46.5,0.72,65.78,0.01,0.01,2336.178749,1776257141000
1776257142.993,42.993,0.29,0.92,0.28,23.0,0.3,128.0,0.31,76.82,0.7,133.0,0.69,76.82,0.71,6.0,0.72,33.0,0.01,0.01,2336.178749,1776257141000
1776257143.884,43.884,0.27,88.28,0.26,59.5,0.29,115.5,0.3,45.5,0.7,123.0,0.69,76.82,0.72,13.92,0.73,66.28,0.02,0.02,2336.186386,1776257142000
1776257147.397,47.397,0.27,212.35,0.26,159.78,0.28,27.71,0.29,195.35,0.71,115.5,0.7,45.5,0.73,88.28,0.74,59.5,0.01,0.02,2336.113306,1776257146000
1776257147.685,47.685,0.27,207.35,0.26,159.78,0.28,20.3,0.29,195.35,0.72,27.71,0.71,195.35,0.73,212.35,0.74,159.78,0.01,0.01,2336.113306,1776257146000
1776257150.539,50.539,0.27,67.0,0.26,129.28,0.28,105.5,0.29,188.85,0.72,20.3,0.71,195.35,0.73,207.35,0.74,159.78,0.01,0.01,2336.131508,1776257149000
1776257150.984,50.984,0.27,19.63,0.26,134.28,0.28,155.5,0.29,185.85,0.72,105.5,0.71,188.85,0.73,67.0,0.74,129.28,0.01,0.01,2336.131508,1776257149000
1776257151.192,51.192,0.27,15.52,0.26,109.28,0.28,155.5,0.29,185.85,0.72,155.5,0.71,185.85,0.73,19.63,0.74,134.28,0.01,0.01,2336.19343,1776257150000
1776257153.718,53.718,0.27,137.49,0.26,124.78,0.28,5.0,0.29,171.0,0.72,155.5,0.71,185.85,0.73,15.52,0.74,109.28,0.01,0.01,2336.088193,1776257152000
1776257155.801,55.801,0.28,92.5,0.27,134.5,0.29,15.4,0.3,10.0,0.72,5.0,0.71,171.0,0.73,137.49,0.74,124.78,0.01,0.01,2336.089151,1776257154000
1776257156.061,56.061,0.28,60.5,0.27,122.78,0.29,3.0,0.3,10.0,0.71,15.4,0.7,10.0,0.72,92.5,0.73,134.5,0.01,0.01,2336.089151,1776257154000
1776257158.155,58.155,0.29,104.0,0.28,128.39,0.3,17.66,0.31,30.5,0.7,1.0,0.69,85.0,0.72,70.5,0.73,117.78,0.01,0.02,2336.138455,1776257157000
1776257158.824,58.824,0.29,104.0,0.28,123.39,0.3,18.4,0.31,30.5,0.7,17.66,0.69,30.5,0.71,104.0,0.72,128.39,0.01,0.01,2336.138455,1776257157000
1776257159.481,59.481,0.29,109.0,0.28,133.39,0.3,1.11,0.31,30.5,0.7,18.4,0.69,30.5,0.71,104.0,0.72,123.39,0.01,0.01,2336.192965,1776257158000
1776257160.746,60.746,0.29,47.5,0.28,67.0,0.3,120.5,0.31,143.72,0.69,17.72,0.68,156.5,0.71,109.0,0.72,133.39,0.01,0.02,2336.168769,1776257159000
1776257161.678,61.678,0.29,137.0,0.28,87.5,0.3,10.0,0.31,363.22,0.7,120.5,0.69,143.72,0.71,47.5,0.72,67.0,0.01,0.01,2336.172185,1776257160000
1776257162.45,62.45,0.3,99.5,0.29,121.0,0.31,20.0,0.33,5.0,0.7,10.0,0.69,363.22,0.71,137.0,0.72,87.5,0.01,0.01,2336.172185,1776257160000
1776257162.676,62.676,0.33,25.0,0.32,96.76,0.34,4.0,0.35,85.5,0.66,25.5,0.65,85.0,0.68,67.76,0.69,20.0,0.01,0.02,2336.152594,1776257161000
1776257163.16,63.16,0.34,154.93,0.33,120.5,0.35,10.0,0.36,75.5,0.66,4.0,0.65,85.5,0.67,25.0,0.68,96.76,0.01,0.01,2336.152594,1776257161000
1776257164.602,64.602,0.35,117.92,0.34,125.93,0.36,140.68,0.37,140.0,0.65,10.0,0.64,75.5,0.66,154.93,0.67,120.5,0.01,0.01,2336.282038,1776257163000
1776257164.829,64.829,0.35,116.38,0.34,125.93,0.36,139.36,0.37,150.0,0.64,140.68,0.63,140.0,0.65,116.38,0.66,125.93,0.01,0.01,2336.282038,1776257163000
1776257166.041,66.041,0.35,0.43,0.34,73.93,0.36,204.36,0.37,207.99,0.64,139.36,0.63,150.0,0.65,116.38,0.66,125.93,0.01,0.01,2336.439394,1776257164000
1776257166.361,66.361,0.34,73.93,0.33,78.0,0.36,199.36,0.37,213.99,0.64,204.36,0.63,207.99,0.65,0.43,0.66,73.93,0.02,0.01,2336.439394,1776257164000
1776257166.998,66.998,0.3,61.21,0.29,78.5,0.33,10.0,0.34,30.5,0.64,199.36,0.63,213.99,0.66,73.93,0.67,78.0,0.03,0.02,2336.497665,1776257165000
1776257167.368,67.368,0.3,7.21,0.28,106.14,0.31,137.5,0.32,186.5,0.69,30.5,0.68,116.5,0.7,10.21,0.71,68.0,0.01,0.01,2336.497635,1776257166000
1776257170.911,70.911,0.27,5.0,0.26,69.0,0.32,71.06,0.33,188.49,0.69,137.5,0.68,186.5,0.7,7.21,0.72,106.14,0.05,0.01,2336.324305,1776257169000
1776257171.165,71.165,0.25,13.5,0.24,129.7,0.26,15.0,0.27,135.0,0.73,45.0,0.72,44.5,0.75,9.5,0.76,129.7,0.01,0.02,2336.324305,1776257169000
1776257171.764,71.764,0.24,81.0,0.23,245.0,0.25,29.0,0.26,79.15,0.74,76.15,0.73,143.0,0.75,18.5,0.76,134.7,0.01,0.01,2336.324305,1776257169000
1776257178.606,78.606,0.24,8.68,0.23,262.5,0.25,188.5,0.26,145.65,0.75,29.0,0.74,79.15,0.76,81.0,0.77,245.0,0.01,0.01,2335.913628,1776257177000
1776257179.84,79.84,0.23,201.0,0.22,188.5,0.24,125.0,0.25,163.5,0.75,188.5,0.74,145.65,0.76,8.68,0.77,262.5,0.01,0.01,2335.90268,1776257178000
1776257180.337,80.337,0.23,225.0,0.22,188.5,0.24,82.05,0.25,144.5,0.76,125.0,0.75,163.5,0.77,201.0,0.78,188.5,0.01,0.01,2335.90268,1776257178000
1776257183.814,83.814,0.23,3.68,0.22,85.0,0.24,95.55,0.25,156.99,0.76,82.05,0.75,144.5,0.77,225.0,0.78,188.5,0.01,0.01,2335.907135,1776257182000
1776257184.444,84.444,0.22,90.0,0.21,90.0,0.23,110.5,0.24,78.55,0.76,95.55,0.75,156.99,0.77,3.68,0.78,85.0,0.01,0.01,2335.904037,1776257183000
1776257188.179,88.179,0.2,78.97,0.19,100.81,0.21,74.0,0.22,90.5,0.77,110.5,0.76,78.55,0.78,90.0,0.79,90.0,0.01,0.01,2335.75762,1776257186000
1776257188.876,88.876,0.22,45.5,0.21,162.5,0.23,9.37,0.24,6.0,0.79,107.19,0.78,90.5,0.8,78.97,0.81,100.81,0.01,0.01,2335.729208,1776257187000
1776257189.099,89.099,0.22,216.5,0.21,133.5,0.26,8.78,0.27,16.0,0.77,9.37,0.76,6.0,0.78,45.5,0.79,162.5,0.04,0.01,2335.729208,1776257187000
1776257189.543,89.543,0.26,41.22,0.25,150.5,0.27,5.0,0.3,20.0,0.74,8.78,0.73,16.0,0.78,216.5,0.79,133.5,0.01,0.04,2335.714618,1776257188000
1776257192.769,92.769,0.29,224.27,0.28,80.5,0.3,59.34,0.31,65.0,0.7,20.0,0.69,61.0,0.74,107.22,0.75,88.5,0.01,0.04,2336.285804,1776257191000
1776257193.091,93.091,0.29,139.96,0.28,105.5,0.3,119.34,0.31,75.5,0.7,59.34,0.69,65.0,0.71,224.27,0.72,80.5,0.01,0.01,2336.285804,1776257191000
1776257195.081,95.081,0.29,217.96,0.28,248.39,0.35,6.34,0.36,116.25,0.7,119.34,0.69,75.5,0.71,139.96,0.72,105.5,0.06,0.01,2336.314374,1776257193000
1776257195.608,95.608,0.36,46.32,0.35,109.0,0.37,55.0,0.38,115.0,0.64,116.25,0.63,55.0,0.69,50.0,0.7,15.0,0.01,0.05,2336.35722,1776257194000
1776257196.282,96.282,0.36,129.32,0.35,58.0,0.37,64.2,0.38,125.0,0.63,55.0,0.62,115.0,0.64,46.32,0.65,109.0,0.01,0.01,2336.35722,1776257194000
1776257196.647,96.647,0.36,95.87,0.35,58.0,0.37,69.2,0.38,234.31,0.63,64.2,0.62,125.0,0.64,129.32,0.65,58.0,0.01,0.01,2336.35722,1776257194000
1776257197.014,97.014,0.36,89.3,0.35,58.0,0.37,69.2,0.38,242.73,0.63,69.2,0.62,234.31,0.64,95.87,0.65,58.0,0.01,0.01,2336.286337,1776257195000
1776257198.63,98.63,0.36,158.98,0.35,88.5,0.37,52.64,0.38,177.06,0.63,69.2,0.62,242.73,0.64,89.3,0.65,58.0,0.01,0.01,2336.54549,1776257197000
1776257199.09,99.09,0.36,163.98,0.35,88.5,0.37,12.02,0.38,239.63,0.63,45.42,0.62,177.06,0.64,158.98,0.65,88.5,0.01,0.01,2336.54549,1776257197000
1776257209.507,109.507,0.32,136.5,0.31,260.5,0.33,83.99,0.34,94.0,0.63,12.02,0.62,239.63,0.64,163.98,0.65,88.5,0.01,0.01,2336.43452,1776257208000
1776257213.481,113.481,0.32,294.5,0.31,330.5,0.34,4.61,0.36,5.0,0.67,83.99,0.66,94.0,0.68,136.5,0.69,260.5,0.02,0.01,2336.45499,1776257212000
1776257213.767,113.767,0.35,91.89,0.34,25.0,0.37,78.99,0.38,149.5,0.64,71.99,0.63,27.42,0.65,6.39,0.67,130.5,0.02,0.01,2336.45499,1776257212000
1776257214.866,114.866,0.36,64.53,0.35,131.89,0.37,143.99,0.38,185.54,0.63,78.99,0.62,149.5,0.65,91.89,0.66,25.0,0.01,0.02,2336.484117,1776257213000
1776257215.506,115.506,0.36,202.63,0.35,186.89,0.37,10.0,0.38,60.0,0.63,143.99,0.62,185.54,0.64,64.53,0.65,131.89,0.01,0.01,2336.563781,1776257214000
1776257215.722,115.722,0.36,211.06,0.35,191.89,0.37,1.13,0.38,40.0,0.63,1.13,0.62,60.0,0.64,197.63,0.65,186.89,0.01,0.01,2336.563781,1776257214000
1776257216.439,116.439,0.36,210.66,0.35,191.89,0.37,1.13,0.38,15.0,0.63,1.13,0.62,40.0,0.64,211.06,0.65,191.89,0.01,0.01,2336.630155,1776257215000
1776257218.417,118.417,0.36,200.66,0.35,207.69,0.38,5.0,0.39,67.09,0.63,1.13,0.62,15.0,0.64,210.66,0.65,191.89,0.02,0.01,2336.802115,1776257217000
1776257218.86,118.86,0.37,237.5,0.36,142.66,0.39,32.09,0.4,102.25,0.62,5.0,0.61,67.09,0.64,200.66,0.65,207.69,0.02,0.02,2336.802115,1776257217000
1776257219.62,119.62,0.38,180.5,0.37,249.5,0.39,9.26,0.4,107.25,0.61,24.26,0.6,102.25,0.62,61.5,0.63,222.5,0.01,0.01,2336.827635,1776257218000
1776257220.402,120.402,0.39,218.97,0.38,197.5,0.4,62.25,0.41,115.0,0.6,57.25,0.59,65.0,0.61,25.5,0.62,242.5,0.01,0.01,2336.827635,1776257218000
1776257220.966,120.966,0.39,211.14,0.38,272.5,0.4,45.63,0.41,60.0,0.6,62.25,0.59,115.0,0.61,201.14,0.62,197.5,0.01,0.01,2336.845585,1776257219000
1776257221.384,121.384,0.39,188.82,0.38,287.8,0.4,20.63,0.41,60.0,0.6,45.63,0.59,60.0,0.61,202.82,0.62,272.5,0.01,0.01,2336.847635,1776257220000
1776257221.961,121.961,0.33,5.92,0.32,110.0,0.35,10.0,0.36,15.0,0.6,20.63,0.59,60.0,0.61,176.99,0.62,251.8,0.02,0.01,2336.847635,1776257220000
1776257222.199,122.199,0.32,24.86,0.31,220.3,0.33,30.0,0.34,20.0,0.67,35.0,0.66,15.0,0.68,24.86,0.69,220.3,0.01,0.01,2336.889501,1776257221000
1776257222.534,122.534,0.32,31.78,0.31,235.3,0.33,40.0,0.34,20.0,0.67,65.0,0.66,20.0,0.68,31.78,0.69,235.3,0.01,0.01,2336.889501,1776257221000
1776257222.843,122.843,0.36,9.0,0.35,80.0,0.37,62.57,0.38,5.0,0.67,34.84,0.66,20.0,0.68,26.78,0.69,235.3,0.01,0.01,2336.889501,1776257221000
1776257223.091,123.091,0.36,20.09,0.35,185.0,0.37,62.57,0.38,5.0,0.63,62.57,0.62,5.0,0.65,149.0,0.66,80.0,0.01,0.02,2336.889501,1776257221000
1776257223.523,123.523,0.38,8.0,0.37,20.0,0.39,80.55,0.4,83.64,0.63,62.57,0.62,5.0,0.64,20.09,0.65,185.0,0.01,0.01,2336.939075,1776257222000
1776257224.535,124.535,0.38,13.76,0.37,48.5,0.39,95.55,0.4,95.14,0.61,90.55,0.6,70.64,0.62,10.38,0.63,20.0,0.01,0.01,2336.939075,1776257222000
1776257225.089,125.089,0.38,117.38,0.37,93.5,0.39,95.55,0.4,70.64,0.61,95.55,0.6,95.14,0.62,13.76,0.63,48.5,0.01,0.01,2336.725301,1776257223000
1776257225.424,125.424,0.38,120.76,0.37,93.5,0.39,95.55,0.4,70.64,0.61,95.55,0.6,70.64,0.62,117.38,0.63,93.5,0.01,0.01,2336.722811,1776257224000
1776257226.791,126.791,0.38,105.92,0.37,93.5,0.39,150.55,0.4,70.64,0.61,95.55,0.6,70.64,0.62,120.76,0.63,93.5,0.01,0.01,2336.872129,1776257225000
1776257227.394,127.394,0.38,114.59,0.37,93.5,0.39,15.0,0.4,70.64,0.61,150.55,0.6,70.64,0.62,99.66,0.63,93.5,0.01,0.01,2336.868761,1776257226000
1776257228.954,128.954,0.38,112.2,0.37,88.5,0.39,70.0,0.4,155.13,0.61,15.0,0.6,70.64,0.62,114.59,0.63,93.5,0.01,0.01,2336.864365,1776257227000
1776257229.753,129.753,0.39,20.0,0.38,100.32,0.4,134.94,0.41,139.5,0.61,65.0,0.6,155.13,0.62,110.32,0.63,88.5,0.01,0.01,2336.8511,1776257228000
1776257230.618,130.618,0.39,34.03,0.38,100.32,0.4,70.95,0.41,170.91,0.6,134.94,0.59,139.5,0.61,20.0,0.62,100.32,0.01,0.01,2336.87355,1776257229000
1776257230.957,130.957,0.39,23.45,0.38,39.82,0.4,162.44,0.41,205.91,0.6,70.95,0.59,170.91,0.61,34.03,0.62,100.32,0.01,0.01,2336.87355,1776257229000
1776257231.179,131.179,0.38,39.82,0.37,23.0,0.4,207.44,0.41,205.91,0.6,202.44,0.59,205.91,0.61,16.42,0.62,39.82,0.02,0.01,2336.87355,1776257229000
1776257231.415,131.415,0.38,4.0,0.37,28.0,0.39,181.5,0.4,147.44,0.6,207.44,0.59,205.91,0.62,39.82,0.63,23.0,0.01,0.02,2336.87355,1776257229000
1776257231.657,131.657,0.37,8.0,0.36,60.0,0.38,206.06,0.39,179.07,0.61,176.5,0.6,147.44,0.63,21.0,0.64,125.5,0.01,0.02,2336.850745,1776257230000
1776257232.902,132.902,0.36,18.0,0.35,211.5,0.37,111.67,0.38,80.5,0.62,206.06,0.61,179.07,0.63,8.0,0.64,60.0,0.01,0.01,2336.8512,1776257231000
1776257233.369,133.369,0.36,11.43,0.35,216.5,0.37,141.67,0.38,80.5,0.63,111.67,0.62,80.5,0.64,18.0,0.65,211.5,0.01,0.01,2336.86848,1776257232000
1776257233.985,133.985,0.36,11.43,0.35,216.5,0.37,116.67,0.38,80.5,0.63,141.67,0.62,80.5,0.64,11.43,0.65,216.5,0.01,0.01,2336.86848,1776257232000
1776257234.246,134.246,0.36,66.43,0.35,216.5,0.37,116.67,0.38,80.5,0.63,116.67,0.62,80.5,0.64,11.43,0.65,216.5,0.01,0.01,2336.828127,1776257233000
1776257235.933,135.933,0.39,58.5,0.38,95.5,0.4,55.39,0.41,60.0,0.63,136.67,0.62,143.07,0.64,62.15,0.65,216.5,0.01,0.01,2336.8674,1776257234000
1776257236.984,136.984,0.42,75.0,0.41,45.5,0.43,9.95,0.44,95.5,0.57,91.62,0.56,85.0,0.6,15.0,0.61,73.5,0.01,0.03,2336.779442,1776257236000
1776257237.551,137.551,0.42,107.93,0.41,95.5,0.43,97.42,0.44,149.5,0.57,5.0,0.56,95.5,0.58,57.93,0.59,45.5,0.01,0.01,2336.779442,1776257236000
1776257240.134,140.134,0.42,49.48,0.41,95.5,0.43,127.42,0.44,114.5,0.57,97.42,0.56,149.5,0.58,107.93,0.59,95.5,0.01,0.01,2336.97753,1776257239000
1776257240.645,140.645,0.42,109.48,0.41,100.5,0.43,42.42,0.44,114.5,0.57,127.42,0.56,114.5,0.58,49.48,0.59,95.5,0.01,0.01,2336.97753,1776257239000
1776257241.303,141.303,0.41,10.0,0.4,10.0,0.43,207.92,0.44,174.5,0.57,42.42,0.56,114.5,0.58,109.48,0.59,100.5,0.02,0.01,2336.982665,1776257240000
1776257242.627,142.627,0.42,95.0,0.41,125.5,0.43,31.0,0.44,115.5,0.57,207.92,0.56,174.5,0.59,10.0,0.6,10.0,0.01,0.02,2337.065516,1776257241000
1776257243.875,143.875,0.42,112.98,0.41,130.5,0.43,17.74,0.44,115.5,0.57,31.0,0.56,115.5,0.58,97.48,0.59,125.5,0.01,0.01,2336.917749,1776257242000
1776257247.67,147.67,0.34,143.84,0.33,205.0,0.36,98.0,0.37,106.92,0.57,17.74,0.56,115.5,0.58,112.98,0.59,130.5,0.02,0.01,2336.98818,1776257246000
1776257248.044,148.044,0.34,158.84,0.33,210.0,0.35,88.85,0.36,58.0,0.64,98.0,0.63,106.92,0.66,143.84,0.67,205.0,0.01,0.02,2336.98818,1776257246000
1776257249.075,149.075,0.34,148.84,0.33,205.0,0.35,83.85,0.36,108.0,0.65,88.85,0.64,108.0,0.66,148.84,0.67,210.0,0.01,0.01,2336.94547,1776257247000
1776257250.919,150.919,0.34,15.0,0.33,75.5,0.35,138.85,0.36,124.5,0.65,83.85,0.64,108.0,0.66,148.84,0.67,205.0,0.01,0.01,2336.818261,1776257250000
1776257251.497,151.497,0.32,6.28,0.31,180.5,0.33,6.0,0.34,133.49,0.65,138.85,0.64,124.5,0.66,15.0,0.67,75.5,0.01,0.01,2336.818261,1776257250000
1776257252.378,152.378,0.31,66.15,0.3,145.01,0.32,185.0,0.33,143.99,0.67,6.0,0.66,163.49,0.69,180.5,0.7,145.01,0.01,0.02,2336.787312,1776257251000
1776257253.045,153.045,0.31,66.15,0.3,145.01,0.32,180.0,0.33,83.0,0.68,185.0,0.67,143.99,0.69,66.15,0.7,145.01,0.01,0.01,2336.787312,1776257251000
1776257254.418,154.418,0.31,71.15,0.3,150.01,0.32,125.71,0.33,83.0,0.68,180.0,0.67,83.0,0.69,66.15,0.7,145.01,0.01,0.01,2336.656942,1776257253000
1776257255.831,155.831,0.28,25.0,0.27,85.0,0.31,284.79,0.32,167.77,0.68,125.71,0.67,83.0,0.69,71.15,0.7,150.01,0.03,0.01,2336.635696,1776257254000
1776257256.284,156.284,0.21,25.0,0.2,138.92,0.22,5.0,0.23,15.0,0.69,284.79,0.68,167.77,0.72,25.0,0.73,85.0,0.01,0.03,2336.618587,1776257255000
1776257257.992,157.992,0.2,14.42,0.19,100.5,0.21,113.0,0.22,99.7,0.77,35.0,0.76,70.0,0.8,138.92,0.81,85.0,0.01,0.03,2336.606881,1776257256000
1776257263.647,163.647,0.19,84.57,0.18,221.11,0.2,128.0,0.21,113.78,0.79,113.0,0.78,99.7,0.8,14.42,0.81,100.5,0.01,0.01,2336.026413,1776257261000
1776257264.214,164.214,0.19,22.83,0.18,221.11,0.2,128.0,0.21,129.28,0.8,128.0,0.79,113.78,0.81,84.57,0.82,221.11,0.01,0.01,2336.026413,1776257261000
1776257266.866,166.866,0.18,306.37,0.17,195.17,0.2,21.0,0.21,41.0,0.8,123.0,0.79,129.28,0.81,4.83,0.82,221.11,0.02,0.01,2336.019164,1776257265000
1776257268.979,168.979,0.19,127.81,0.18,296.5,0.2,61.0,0.21,48.0,0.8,26.0,0.79,41.0,0.81,36.5,0.82,270.37,0.01,0.01,2336.025017,1776257267000
1776257270.993,170.993,0.19,348.2,0.18,440.5,0.2,6.5,0.22,10.0,0.8,61.0,0.79,48.0,0.81,127.81,0.82,296.5,0.01,0.01,2336.093304,1776257269000
1776257272.314,172.314,0.26,181.0,0.25,252.5,0.27,40.27,0.29,5.0,0.73,12.0,0.72,55.0,0.75,50.0,0.78,163.49,0.01,0.02,2336.093304,1776257271000
1776257272.69,172.69,0.27,94.13,0.26,196.5,0.28,10.0,0.3,10.0,0.73,20.27,0.71,5.0,0.74,181.0,0.75,252.5,0.01,0.01,2336.093304,1776257271000
1776257273.551,173.551,0.27,112.14,0.26,196.5,0.28,20.0,0.3,10.0,0.72,10.0,0.7,10.0,0.73,94.13,0.74,196.5,0.01,0.01,2336.327627,1776257272000
1776257274.137,174.137,0.27,101.14,0.26,160.5,0.29,90.68,0.3,10.0,0.72,20.0,0.7,10.0,0.73,109.14,0.74,186.5,0.02,0.01,2336.327627,1776257272000
1776257274.63,174.63,0.25,49.9,0.23,25.0,0.29,248.72,0.3,60.0,0.71,90.68,0.7,10.0,0.73,101.14,0.74,160.5,0.04,0.02,2336.491602,1776257273000
1776257274.894,174.894,0.25,8.74,0.23,34.26,0.26,6.75,0.28,5.0,0.71,258.72,0.7,70.0,0.75,15.4,0.77,34.26,0.01,0.04,2336.491602,1776257273000
1776257275.144,175.144,0.23,7.46,0.21,75.0,0.26,56.75,0.27,10.0,0.74,6.75,0.72,5.0,0.75,8.74,0.77,34.26,0.03,0.01,2336.502472,1776257274000
1776257275.39,175.39,0.21,20.0,0.2,22.0,0.22,2.9,0.23,10.0,0.77,68.93,0.74,50.0,0.81,35.0,0.82,174.4,0.01,0.04,2336.502472,1776257274000
1776257275.614,175.614,0.21,10.0,0.2,17.05,0.22,7.64,0.23,10.0,0.78,2.9,0.77,10.0,0.79,20.0,0.8,22.0,0.01,0.01,2336.502472,1776257274000
1776257276.029,176.029,0.21,1.68,0.2,17.05,0.22,2.9,0.23,10.0,0.78,7.64,0.77,10.0,0.79,10.0,0.8,17.05,0.01,0.01,2336.56042,1776257275000
1776257276.687,176.687,0.21,9.07,0.2,102.05,0.22,15.0,0.24,24.0,0.78,2.9,0.77,10.0,0.79,1.68,0.8,17.05,0.01,0.01,2336.56042,1776257275000
1776257277.014,177.014,0.21,24.07,0.2,102.05,0.22,5.0,0.24,24.0,0.78,5.0,0.76,24.0,0.79,19.07,0.8,102.05,0.01,0.01,2336.56042,1776257275000
1776257279.109,179.109,0.21,139.5,0.2,162.55,0.23,103.13,0.24,39.5,0.78,2.67,0.76,24.0,0.79,99.07,0.8,152.05,0.02,0.01,2336.232518,1776257277000
1776257279.649,179.649,0.22,119.0,0.21,140.5,0.25,50.0,0.26,30.0,0.77,103.13,0.76,39.5,0.79,139.5,0.8,162.55,0.03,0.02,2336.241078,1776257278000
1776257279.961,179.961,0.23,14.0,0.22,107.0,0.25,39.4,0.26,92.0,0.75,42.4,0.74,35.0,0.77,14.0,0.78,132.0,0.02,0.02,2336.241078,1776257278000
1776257280.651,180.651,0.24,87.23,0.23,49.5,0.25,39.4,0.26,45.0,0.75,39.4,0.74,92.0,0.77,14.0,0.78,107.0,0.01,0.02,2336.244321,1776257279000
1776257283.679,183.679,0.2,39.03,0.19,164.21,0.21,51.0,0.22,71.5,0.75,39.4,0.74,55.0,0.76,87.23,0.77,49.5,0.01,0.01,2336.326978,1776257281000
1776257283.903,183.903,0.2,37.26,0.19,164.21,0.21,46.0,0.22,66.5,0.79,51.0,0.78,71.5,0.8,39.03,0.81,164.21,0.01,0.01,2336.326978,1776257281000
1776257284.365,184.365,0.2,39.83,0.19,164.21,0.21,52.0,0.22,97.0,0.79,46.0,0.78,66.5,0.8,37.26,0.81,164.21,0.01,0.01,2336.318156,1776257283000
1776257286.658,186.658,0.2,0.83,0.19,183.21,0.21,67.0,0.22,112.79,0.79,52.0,0.78,97.0,0.8,39.83,0.81,164.21,0.01,0.01,2336.134507,1776257285000
1776257286.924,186.924,0.19,181.1,0.18,239.4,0.21,62.0,0.22,112.79,0.79,72.0,0.78,112.79,0.8,0.83,0.81,183.21,0.02,0.01,2336.134507,1776257285000
1776257287.507,187.507,0.19,157.7,0.18,245.01,0.2,62.0,0.21,37.0,0.79,62.0,0.78,112.79,0.81,181.1,0.82,239.4,0.01,0.02,2336.136789,1776257286000
1776257293.68,193.68,0.16,126.31,0.15,122.5,0.17,47.0,0.18,77.5,0.8,32.0,0.79,42.0,0.82,155.61,0.83,90.0,0.01,0.02,2335.995269,1776257292000
1776257295.95,195.95,0.16,176.81,0.15,127.5,0.18,18.53,0.19,117.22,0.83,30.0,0.82,67.0,0.84,131.81,0.85,127.5,0.02,0.01,2335.99553,1776257294000
1776257298.584,198.584,0.17,123.55,0.16,325.5,0.19,86.29,0.2,20.0,0.82,18.53,0.81,117.22,0.84,176.81,0.85,127.5,0.02,0.02,2336.003847,1776257297000
1776257300.422,200.422,0.18,28.51,0.17,134.49,0.19,136.79,0.2,135.5,0.81,86.29,0.8,20.0,0.83,123.55,0.84,325.5,0.01,0.02,2336.090955,1776257299000
1776257302.804,202.804,0.18,119.62,0.17,159.49,0.21,30.0,0.22,160.79,0.81,136.79,0.8,135.5,0.82,28.51,0.83,134.49,0.03,0.01,2336.082015,1776257301000
1776257303.018,203.018,0.2,64.55,0.19,41.81,0.22,165.79,0.23,92.0,0.79,30.0,0.78,160.79,0.82,119.62,0.83,159.49,0.02,0.03,2336.082015,1776257301000
1776257304.294,204.294,0.21,32.67,0.2,15.05,0.22,157.49,0.23,154.16,0.78,165.79,0.77,92.0,0.8,64.55,0.81,41.81,0.01,0.02,2336.071695,1776257303000
1776257305.483,205.483,0.21,22.68,0.2,5.05,0.22,189.56,0.23,165.16,0.78,157.49,0.77,154.16,0.79,32.67,0.8,15.05,0.01,0.01,2336.173193,1776257304000
1776257310.277,210.277,0.21,158.18,0.2,115.55,0.22,8.07,0.23,24.52,0.78,189.56,0.77,165.16,0.79,22.68,0.8,5.05,0.01,0.01,2336.250925,1776257309000
1776257310.557,210.557,0.21,160.64,0.2,115.55,0.22,8.07,0.23,24.52,0.78,8.07,0.77,24.52,0.79,158.18,0.8,115.55,0.01,0.01,2336.250925,1776257309000
1776257310.918,210.918,0.21,135.99,0.2,115.55,0.22,8.07,0.23,24.52,0.78,8.07,0.77,24.52,0.79,150.99,0.8,115.55,0.01,0.01,2336.250925,1776257309000
1776257311.795,211.795,0.21,106.99,0.2,119.55,0.22,8.07,0.24,50.0,0.78,8.07,0.77,24.52,0.79,135.99,0.8,115.55,0.01,0.01,2336.297648,1776257310000
1776257311.998,211.998,0.21,132.49,0.2,227.05,0.24,50.0,0.25,151.4,0.78,8.07,0.76,50.0,0.79,106.99,0.8,119.55,0.03,0.01,2336.297648,1776257310000
1776257312.722,212.722,0.24,90.5,0.23,150.5,0.25,162.9,0.26,53.7,0.75,153.2,0.74,48.7,0.77,105.5,0.78,25.5,0.01,0.02,2336.348932,1776257311000
1776257314.311,214.311,0.24,102.5,0.23,210.8,0.25,13.2,0.26,35.0,0.75,162.9,0.74,53.7,0.76,90.5,0.77,150.5,0.01,0.01,2336.36,1776257312000
1776257314.804,214.804,0.3,20.0,0.29,104.5,0.31,9.02,0.32,110.79,0.7,59.39,0.69,35.5,0.72,25.5,0.73,95.0,0.01,0.02,2336.481075,1776257313000
1776257315.702,215.702,0.31,61.88,0.3,75.5,0.32,27.52,0.33,25.5,0.68,92.52,0.67,85.5,0.7,20.0,0.71,104.5,0.01,0.02,2336.48966,1776257314000
1776257316.351,216.351,0.31,15.57,0.3,85.5,0.32,138.69,0.33,25.5,0.68,27.52,0.67,25.5,0.69,15.57,0.7,75.5,0.01,0.01,2336.48966,1776257314000
1776257316.579,216.579,0.3,55.21,0.29,150.5,0.32,133.69,0.33,25.5,0.68,138.69,0.67,25.5,0.69,15.57,0.7,85.5,0.02,0.01,2336.573701,1776257315000
1776257316.955,216.955,0.31,11.89,0.3,50.21,0.32,133.19,0.33,25.5,0.68,133.69,0.67,25.5,0.7,55.21,0.71,150.5,0.01,0.02,2336.573701,1776257315000
1776257318.52,218.52,0.3,49.16,0.29,150.5,0.32,133.19,0.33,75.5,0.68,133.19,0.67,25.5,0.69,11.89,0.7,50.21,0.02,0.01,2336.73923,1776257317000
1776257319.651,219.651,0.29,63.0,0.28,75.5,0.3,15.0,0.31,30.5,0.68,133.19,0.67,75.5,0.7,49.16,0.71,150.5,0.01,0.02,2336.73445,1776257318000
1776257320.026,220.026,0.29,138.5,0.28,75.5,0.31,105.01,0.32,88.3,0.7,15.0,0.69,30.5,0.71,63.0,0.72,75.5,0.02,0.01,2336.73445,1776257318000
1776257320.335,220.335,0.29,144.19,0.28,150.5,0.31,110.01,0.32,108.8,0.69,105.01,0.68,88.3,0.71,138.5,0.72,75.5,0.02,0.02,2336.75361,1776257319000
1776257321.575,221.575,0.29,72.6,0.28,275.0,0.3,97.29,0.31,133.21,0.69,110.01,0.68,108.8,0.71,144.19,0.72,150.5,0.01,0.02,2336.782843,1776257320000
1776257322.108,222.108,0.29,70.0,0.28,215.0,0.3,130.46,0.31,93.2,0.7,97.29,0.69,133.21,0.71,72.6,0.72,275.0,0.01,0.01,2336.782843,1776257320000
1776257324.251,224.251,0.29,135.0,0.28,285.5,0.3,43.9,0.31,15.0,0.7,130.46,0.69,93.2,0.71,70.0,0.72,215.0,0.01,0.01,2336.73992,1776257322000
1776257325.234,225.234,0.29,128.83,0.28,285.5,0.3,82.29,0.31,42.2,0.7,43.9,0.69,15.0,0.71,135.0,0.72,285.5,0.01,0.01,2336.706,1776257323000
1776257326.203,226.203,0.29,31.83,0.28,215.0,0.3,92.79,0.31,42.2,0.7,82.29,0.69,42.2,0.71,128.83,0.72,285.5,0.01,0.01,2336.74994,1776257325000
1776257326.505,226.505,0.29,5.83,0.28,275.5,0.3,82.29,0.31,42.2,0.7,92.79,0.69,42.2,0.71,31.83,0.72,215.0,0.01,0.01,2336.74994,1776257325000
1776257328.323,228.323,0.22,0.35,0.21,21.5,0.23,77.0,0.24,109.99,0.7,82.29,0.69,42.2,0.71,5.83,0.72,275.5,0.01,0.01,2336.743365,1776257327000
1776257328.554,228.554,0.22,20.85,0.21,101.5,0.23,43.56,0.24,96.99,0.77,72.0,0.76,109.99,0.78,0.85,0.79,21.5,0.01,0.01,2336.743365,1776257327000
1776257328.985,228.985,0.23,63.81,0.22,61.85,0.25,31.0,0.26,37.0,0.76,28.15,0.75,31.0,0.78,61.85,0.79,151.5,0.02,0.02,2336.743365,1776257327000
1776257329.523,229.523,0.24,17.53,0.23,143.81,0.25,65.99,0.26,37.0,0.75,31.0,0.74,37.0,0.77,63.81,0.78,61.85,0.01,0.02,2336.743365,1776257327000
1776257331.3,231.3,0.24,60.0,0.23,130.0,0.25,70.29,0.26,37.0,0.75,65.99,0.74,37.0,0.76,17.53,0.77,143.81,0.01,0.01,2336.643556,1776257330000
1776257332.615,232.615,0.3,49.0,0.29,70.0,0.31,10.0,0.32,30.5,0.75,70.29,0.74,37.0,0.76,60.0,0.77,130.0,0.01,0.01,2336.631071,1776257331000
1776257333.51,233.51,0.31,50.0,0.3,66.0,0.32,148.2,0.33,115.0,0.68,30.5,0.67,16.0,0.69,60.0,0.7,49.0,0.01,0.01,2336.631136,1776257332000
1776257334.305,234.305,0.3,104.28,0.29,117.5,0.31,36.7,0.32,50.0,0.68,148.2,0.67,115.0,0.7,44.28,0.71,32.0,0.01,0.02,2336.631136,1776257332000
1776257337.104,237.104,0.29,42.0,0.28,17.0,0.31,155.2,0.32,105.5,0.69,22.0,0.68,50.0,0.7,109.28,0.71,117.5,0.02,0.01,2336.631136,1776257332000
1776257337.589,237.589,0.28,5.66,0.27,5.0,0.29,81.5,0.3,177.19,0.69,155.2,0.68,105.5,0.71,42.0,0.72,17.0,0.01,0.02,2336.631136,1776257332000
1776257338.111,238.111,0.27,5.0,0.26,88.0,0.28,143.34,0.29,115.5,0.71,130.5,0.7,113.5,0.72,0.66,0.73,5.0,0.01,0.01,2336.631136,1776257332000
1776257339.03,239.03,0.26,78.24,0.25,145.0,0.27,108.15,0.28,42.5,0.72,93.2,0.71,103.5,0.74,88.0,0.75,85.0,0.01,0.02,2336.631136,1776257332000
1776257341.646,241.646,0.26,62.63,0.25,90.0,0.27,188.99,0.28,87.0,0.73,108.15,0.72,42.5,0.74,78.24,0.75,145.0,0.01,0.01,2336.764425,1776257340000
1776257344.337,244.337,0.25,15.0,0.24,60.0,0.27,33.28,0.28,15.0,0.73,128.99,0.72,87.0,0.74,19.63,0.75,90.0,0.02,0.01,2336.725415,1776257343000
1776257344.943,244.943,0.18,2.56,0.17,55.0,0.2,22.0,0.21,137.0,0.73,14.0,0.72,25.0,0.75,15.0,0.76,60.0,0.02,0.02,2336.725415,1776257343000
1776257345.255,245.255,0.17,5.0,0.16,175.0,0.18,32.44,0.19,47.0,0.82,19.0,0.81,52.0,0.83,5.0,0.84,175.0,0.01,0.01,2336.725415,1776257343000
1776257345.544,245.544,0.17,3.05,0.16,181.31,0.18,37.44,0.19,52.0,0.82,32.44,0.81,47.0,0.83,5.0,0.84,175.0,0.01,0.01,2336.731983,1776257344000
1776257345.773,245.773,0.16,156.31,0.15,165.0,0.18,37.44,0.19,52.0,0.82,37.44,0.81,52.0,0.83,3.05,0.84,181.31,0.02,0.01,2336.731983,1776257344000
1776257346.797,246.797,0.15,2.73,0.14,107.21,0.16,123.54,0.17,119.54,0.82,37.44,0.81,52.0,0.84,156.31,0.85,165.0,0.01,0.02,2336.785008,1776257345000
1776257347.35,247.35,0.12,149.5,0.11,174.18,0.13,38.0,0.14,27.0,0.84,123.54,0.83,119.54,0.85,2.73,0.86,107.21,0.01,0.01,2336.485735,1776257346000
1776257348.011,248.011,0.11,156.06,0.1,120.0,0.13,139.0,0.14,101.99,0.87,38.0,0.86,27.0,0.88,149.5,0.89,174.18,0.02,0.01,2336.485735,1776257346000
1776257348.515,248.515,0.1,78.0,0.09,110.0,0.11,149.54,0.12,140.0,0.87,139.0,0.86,101.99,0.89,156.06,0.9,120.0,0.01,0.02,2336.3227,1776257347000
1776257349.061,249.061,0.08,87.9,0.07,41.22,0.1,97.54,0.11,245.54,0.89,204.35,0.88,135.0,0.91,101.2,0.92,90.8,0.02,0.02,2336.3227,1776257347000
1776257349.514,249.514,0.08,100.52,0.07,41.22,0.1,115.54,0.11,239.54,0.9,97.54,0.89,245.54,0.92,87.9,0.93,41.22,0.02,0.02,2336.240361,1776257348000
1776257350.03,250.03,0.08,45.52,0.07,41.22,0.09,68.0,0.1,112.54,0.91,10.0,0.9,117.54,0.92,95.52,0.93,41.22,0.01,0.01,2336.240361,1776257348000
1776257350.855,250.855,0.08,6.9,0.07,41.22,0.09,68.0,0.1,116.54,0.91,73.0,0.9,112.54,0.92,39.52,0.93,41.22,0.01,0.01,2336.065791,1776257349000
1776257351.377,251.377,0.07,31.07,0.06,66.22,0.09,68.0,0.1,114.0,0.91,68.0,0.9,116.54,0.92,6.9,0.93,41.22,0.02,0.01,2336.002556,1776257350000
1776257351.883,251.883,0.07,45.49,0.06,66.22,0.08,38.43,0.09,68.0,0.91,68.0,0.9,114.0,0.93,31.07,0.94,66.22,0.01,0.02,2336.002556,1776257350000
1776257353.288,253.288,0.07,1.07,0.06,104.22,0.08,102.1,0.09,63.0,0.92,38.43,0.91,68.0,0.93,45.49,0.94,66.22,0.01,0.01,2335.934364,1776257352000
1776257354.042,254.042,0.07,11.07,0.06,117.51,0.09,63.0,0.1,85.0,0.92,100.51,0.91,63.0,0.93,1.07,0.94,104.22,0.02,0.01,2335.934364,1776257352000
1776257356.012,256.012,0.07,39.41,0.06,117.51,0.08,50.0,0.09,48.0,0.91,63.0,0.9,85.0,0.93,11.07,0.94,117.51,0.01,0.02,2336.030302,1776257354000
1776257356.243,256.243,0.09,67.53,0.08,106.29,0.11,65.0,0.12,65.0,0.9,20.0,0.89,65.0,0.91,67.53,0.92,106.29,0.02,0.01,2336.030302,1776257354000
1776257356.607,256.607,0.11,17.75,0.1,20.0,0.13,46.29,0.14,65.0,0.88,9.9,0.87,60.0,0.89,12.75,0.9,20.0,0.02,0.01,2335.975584,1776257355000
1776257357.951,257.951,0.11,3.24,0.1,15.0,0.12,157.07,0.13,65.0,0.88,10.0,0.87,60.0,0.89,8.24,0.9,20.0,0.01,0.01,2335.97508,1776257356000
1776257359.492,259.492,0.1,28.88,0.09,12.53,0.11,152.48,0.12,10.0,0.88,157.07,0.87,65.0,0.89,3.24,0.9,15.0,0.01,0.01,2336.20739,1776257358000
1776257360.007,260.007,0.14,15.0,0.13,15.0,0.16,2.02,0.17,20.0,0.89,152.48,0.88,10.0,0.9,28.88,0.91,12.53,0.02,0.01,2336.20739,1776257358000
1776257360.445,260.445,0.16,21.31,0.15,15.0,0.18,10.0,0.19,19.9,0.81,9.9,0.8,10.0,0.82,5.0,0.83,5.0,0.02,0.01,2336.20936,1776257359000
1776257360.808,260.808,0.16,21.22,0.15,15.0,0.18,14.73,0.19,19.9,0.82,9.73,0.81,19.9,0.83,5.94,0.84,21.31,0.02,0.01,2336.20936,1776257359000
1776257361.273,261.273,0.16,4.23,0.15,21.73,0.17,15.0,0.18,139.26,0.82,139.26,0.81,19.9,0.84,22.1,0.85,21.73,0.01,0.02,2336.20667,1776257360000
1776257362.02,262.02,0.15,2.88,0.14,35.0,0.16,116.11,0.17,10.0,0.83,15.0,0.82,139.26,0.84,4.23,0.85,21.73,0.01,0.01,2336.369346,1776257361000
1776257362.467,262.467,0.15,65.61,0.14,95.0,0.16,78.11,0.17,10.0,0.84,116.11,0.83,10.0,0.85,2.88,0.86,35.0,0.01,0.01,2336.369346,1776257361000
1776257362.968,262.968,0.18,80.61,0.17,15.94,0.19,86.26,0.2,15.0,0.81,19.9,0.8,21.0,0.85,75.61,0.86,95.0,0.01,0.04,2336.369346,1776257361000
1776257363.599,263.599,0.18,30.61,0.17,80.94,0.19,102.7,0.2,15.0,0.81,86.26,0.8,15.0,0.82,79.39,0.83,25.94,0.01,0.01,2336.445763,1776257362000
1776257363.822,263.822,0.18,23.67,0.17,70.94,0.19,102.7,0.2,15.0,0.81,102.7,0.8,15.0,0.82,30.61,0.83,80.94,0.01,0.01,2336.445763,1776257362000
1776257364.36,264.36,0.1,10.0,0.09,7.53,0.16,160.6,0.17,256.0,0.81,102.7,0.8,15.0,0.83,70.94,0.84,75.0,0.06,0.02,2336.508654,1776257363000
1776257364.725,264.725,0.08,0.99,0.07,35.0,0.09,25.0,0.1,95.0,0.91,5.0,0.9,20.0,0.92,4.95,0.93,35.0,0.01,0.01,2336.508654,1776257363000
1776257364.993,264.993,0.06,9.59,0.05,269.29,0.07,27.0,0.09,130.0,0.91,140.0,0.9,105.0,0.94,60.0,0.95,220.0,0.01,0.03,2336.508654,1776257363000
1776257365.393,265.393,0.05,45.98,0.04,135.7,0.06,10.0,0.07,27.0,0.93,27.0,0.91,130.0,0.95,207.48,0.96,71.22,0.01,0.02,2336.583034,1776257364000
1776257365.594,265.594,0.05,117.2,0.04,193.8,0.12,9.99,0.15,50.0,0.88,29.99,0.85,50.0,0.95,117.2,0.96,193.8,0.07,0.07,2336.583034,1776257364000
1776257365.796,265.796,0.21,70.0,0.13,8.42,0.36,10.93,0.37,20.0,0.64,17.05,0.63,20.0,0.79,70.0,0.87,8.42,0.15,0.15,2336.583034,1776257364000
1776257365.998,265.998,0.31,6.22,0.3,70.0,0.41,2.58,0.42,29.8,0.59,120.45,0.58,29.8,0.69,6.22,0.74,20.0,0.1,0.1,2336.583034,1776257364000
1776257366.255,266.255,0.31,55.86,0.3,77.83,0.32,10.0,0.33,10.0,0.68,10.0,0.67,10.0,0.69,62.43,0.7,72.83,0.01,0.01,2336.474467,1776257365000
1776257366.458,266.458,0.36,27.04,0.35,5.0,0.37,35.0,0.38,10.0,0.63,45.0,0.62,30.0,0.64,23.69,0.69,24.41,0.01,0.01,2336.474467,1776257365000
1776257366.66,266.66,0.32,10.0,0.31,9.41,0.37,148.0,0.38,24.0,0.63,148.0,0.62,24.0,0.64,23.69,0.65,5.0,0.05,0.01,2336.474467,1776257365000
1776257366.951,266.951,0.32,15.0,0.31,9.41,0.34,23.11,0.35,15.0,0.65,128.0,0.64,10.0,0.66,8.03,0.68,10.0,0.02,0.01,2336.474467,1776257365000
1776257367.198,267.198,0.31,15.0,0.3,127.83,0.33,41.0,0.34,32.0,0.67,31.0,0.66,23.11,0.69,7.34,0.7,77.83,0.02,0.02,2336.363009,1776257366000
1776257367.489,267.489,0.31,13.11,0.3,77.83,0.33,39.98,0.34,32.0,0.67,34.98,0.66,27.0,0.68,5.0,0.69,15.0,0.02,0.01,2336.363009,1776257366000
1776257367.762,267.762,0.3,74.12,0.29,35.0,0.32,26.0,0.33,39.98,0.67,39.98,0.66,32.0,0.69,13.11,0.7,77.83,0.02,0.02,2336.363009,1776257366000
1776257368.515,268.515,0.22,5.25,0.16,30.0,0.23,25.0,0.24,105.0,0.68,36.0,0.67,39.98,0.7,68.91,0.71,35.0,0.01,0.02,2336.87714,1776257367000
1776257368.819,268.819,0.18,64.96,0.17,80.0,0.19,40.0,0.2,25.0,0.77,144.0,0.76,44.0,0.82,70.0,0.83,70.0,0.01,0.05,2336.87714,1776257367000
1776257369.056,269.056,0.18,35.09,0.17,80.0,0.19,60.0,0.2,143.96,0.81,55.0,0.8,30.0,0.82,63.93,0.83,80.0,0.01,0.01,2336.909621,1776257368000
1776257369.336,269.336,0.17,71.28,0.16,35.0,0.19,67.0,0.2,159.96,0.81,72.0,0.8,159.96,0.83,80.0,0.84,35.0,0.02,0.02,2336.909621,1776257368000
1776257369.677,269.677,0.17,74.56,0.16,35.0,0.19,68.0,0.2,159.96,0.81,67.0,0.8,159.96,0.83,71.28,0.84,35.0,0.02,0.02,2336.909621,1776257368000
1776257370.02,270.02,0.17,70.18,0.16,35.0,0.18,29.0,0.19,68.0,0.81,68.0,0.8,159.96,0.83,74.56,0.84,35.0,0.01,0.02,2336.821194,1776257369000
1776257370.24,270.24,0.17,64.2,0.16,35.0,0.18,49.0,0.19,58.0,0.82,29.0,0.81,68.0,0.83,70.18,0.84,35.0,0.01,0.01,2336.821194,1776257369000
1776257370.73,270.73,0.17,56.61,0.16,30.0,0.18,26.95,0.19,53.0,0.82,6.95,0.81,53.0,0.83,69.2,0.84,30.0,0.01,0.01,2336.821194,1776257369000
1776257371.044,271.044,0.16,8.1,0.15,10.0,0.17,148.78,0.18,26.95,0.82,26.95,0.81,53.0,0.83,56.61,0.84,30.0,0.01,0.01,2336.71364,1776257370000
1776257371.391,271.391,0.16,2.1,0.15,10.0,0.17,99.13,0.18,21.95,0.83,153.78,0.82,26.95,0.84,2.1,0.85,10.0,0.01,0.01,2336.71364,1776257370000
1776257371.791,271.791,0.15,10.0,0.14,10.0,0.17,94.13,0.18,21.95,0.83,89.13,0.82,21.95,0.85,10.0,0.86,10.0,0.02,0.02,2336.71364,1776257370000
1776257372.374,272.374,0.13,78.42,0.12,20.0,0.14,38.0,0.17,94.13,0.83,94.13,0.82,21.95,0.85,10.0,0.86,10.0,0.01,0.02,2336.71364,1776257370000
1776257372.777,272.777,0.13,56.59,0.12,20.0,0.14,58.0,0.15,5.0,0.86,38.0,0.83,94.13,0.87,78.42,0.88,20.0,0.01,0.01,2336.549059,1776257371000
1776257373.088,273.088,0.13,23.58,0.12,10.0,0.14,58.0,0.15,5.0,0.86,58.0,0.85,5.0,0.87,28.58,0.88,20.0,0.01,0.01,2336.549059,1776257371000
1776257373.664,273.664,0.12,5.41,0.11,30.0,0.14,66.92,0.15,5.0,0.86,58.0,0.85,5.0,0.87,23.58,0.88,10.0,0.02,0.01,2336.549059,1776257371000
1776257376.28,276.28,0.11,20.0,0.1,90.0,0.13,35.0,0.14,167.22,0.86,66.92,0.85,5.0,0.88,5.41,0.89,30.0,0.02,0.02,2336.503859,1776257375000
1776257377.265,277.265,0.09,9.05,0.08,15.0,0.12,33.92,0.13,25.0,0.87,30.0,0.86,167.22,0.89,12.0,0.9,20.0,0.03,0.02,2336.503859,1776257375000
1776257377.706,277.706,0.11,0.26,0.1,10.0,0.12,23.92,0.13,25.0,0.88,33.92,0.87,25.0,0.91,9.05,0.92,15.0,0.01,0.03,2336.497979,1776257376000
1776257378.125,278.125,0.09,9.05,0.08,10.0,0.12,86.28,0.13,25.0,0.88,23.92,0.87,25.0,0.89,0.26,0.9,10.0,0.03,0.01,2336.497979,1776257376000
1776257378.373,278.373,0.1,4.48,0.09,20.27,0.11,21.73,0.12,33.92,0.88,43.92,0.87,25.0,0.9,4.48,0.91,20.27,0.01,0.02,2336.497979,1776257376000
1776257379.53,279.53,0.09,11.14,0.08,10.0,0.11,93.92,0.12,20.0,0.89,18.53,0.88,33.92,0.9,4.48,0.91,20.27,0.02,0.01,2336.489962,1776257378000
1776257380.163,280.163,0.07,5.46,0.06,10.0,0.09,207.0,0.1,112.95,0.89,93.92,0.88,20.0,0.91,11.14,0.92,10.0,0.02,0.02,2336.493389,1776257379000
1776257380.375,280.375,0.06,0.98,0.05,10.0,0.07,20.0,0.08,54.95,0.93,10.0,0.92,10.0,0.94,9.9,0.95,10.0,0.01,0.01,2336.493389,1776257379000
1776257380.743,280.743,0.05,28.51,0.04,87.58,0.06,51.31,0.07,15.0,0.93,15.0,0.92,54.95,0.96,87.58,0.97,113.0,0.01,0.03,2336.493389,1776257379000
1776257381.25,281.25,0.05,1.18,0.04,87.58,0.06,250.91,0.07,10.0,0.94,51.31,0.93,15.0,0.95,8.6,0.96,87.58,0.01,0.01,2336.493389,1776257379000
1776257381.958,281.958,0.04,87.58,0.03,113.0,0.06,245.91,0.07,16.95,0.94,250.91,0.93,10.0,0.95,1.18,0.96,87.58,0.02,0.01,2336.491988,1776257380000
1776257382.309,282.309,0.05,6.38,0.04,112.83,0.06,240.91,0.07,16.95,0.94,245.91,0.93,16.95,0.96,87.58,0.97,113.0,0.01,0.02,2336.491988,1776257380000
1776257383.501,283.501,0.04,8.83,0.03,113.0,0.05,131.58,0.06,65.31,0.94,240.91,0.93,16.95,0.96,112.83,0.97,113.0,0.01,0.02,2336.26,1776257382000
1776257383.876,283.876,0.03,96.17,0.02,383.0,0.05,151.58,0.06,75.31,0.95,131.58,0.94,65.31,0.96,8.83,0.97,113.0,0.02,0.01,2336.26,1776257382000
1776257384.514,284.514,0.04,8.85,0.03,96.17,0.05,245.53,0.06,287.26,0.95,151.58,0.94,75.31,0.96,8.95,0.97,129.83,0.01,0.01,2336.204413,1776257383000
1776257384.823,284.823,0.03,112.79,0.02,483.0,0.04,43.0,0.05,304.53,0.95,240.53,0.94,287.26,0.97,84.29,0.98,383.0,0.01,0.02,2336.204413,1776257383000
1776257385.077,285.077,0.03,107.63,0.02,383.0,0.04,194.2,0.05,203.95,0.96,26.05,0.95,304.53,0.97,112.79,0.98,483.0,0.01,0.01,2336.204413,1776257383000
1776257385.59,285.59,0.03,63.97,0.02,383.0,0.04,235.15,0.05,206.95,0.96,194.2,0.95,203.95,0.97,107.63,0.98,383.0,0.01,0.01,2336.204413,1776257383000
1776257385.791,285.791,0.02,336.85,0.01,1594.78,0.04,269.14,0.05,206.95,0.96,259.14,0.95,206.95,0.97,2.74,0.98,336.85,0.02,0.01,2336.193528,1776257384000
1776257386.098,286.098,0.02,326.64,0.01,1594.78,0.03,213.6,0.04,105.05,0.96,279.14,0.95,222.0,0.98,331.64,0.99,1594.78,0.01,0.02,2336.193528,1776257384000
1776257386.367,286.367,0.02,281.0,0.01,1633.78,0.03,218.6,0.04,105.05,0.97,223.6,0.96,105.05,0.98,286.11,0.99,1594.78,0.01,0.01,2336.193528,1776257384000
1776257386.641,286.641,0.02,131.0,0.01,1533.78,0.05,164.59,0.06,190.31,0.97,218.6,0.96,105.05,0.98,131.0,0.99,1533.78,0.03,0.01,2336.0366,1776257385000
1776257386.874,286.874,0.03,9.9,0.02,125.89,0.04,45.57,0.05,164.59,0.96,35.57,0.95,169.59,0.97,10.0,0.98,125.89,0.01,0.01,2336.0366,1776257385000
1776257387.285,287.285,0.02,104.96,0.01,1433.78,0.03,8.85,0.04,93.95,0.96,74.95,0.95,169.59,0.98,44.46,0.99,1533.78,0.01,0.02,2336.0366,1776257385000
1776257387.671,287.671,0.01,1203.17,,,0.03,46.8,0.04,109.16,0.97,21.8,0.96,99.16,0.98,4.89,0.99,1204.34,0.02,0.01,2335.878181,1776257386000
1776257388.027,288.027,0.01,1198.05,,,0.03,48.79,0.04,109.16,0.97,41.8,0.96,109.16,0.99,1198.11,,,0.02,0.02,2335.878181,1776257386000
1776257388.243,288.243,0.01,1192.99,,,0.03,23.85,0.04,109.16,0.97,48.79,0.96,109.16,0.99,1198.05,,,0.02,0.02,2335.74245,1776257387000
1776257388.502,288.502,0.01,1187.99,,,0.03,23.85,0.04,99.16,0.97,23.85,0.96,109.16,0.99,1192.99,,,0.02,0.02,2335.74245,1776257387000
1776257388.731,288.731,0.01,1130.49,,,0.03,12.96,0.04,99.16,0.97,12.96,0.96,99.16,0.99,1129.9,,,0.02,0.02,2335.74245,1776257387000
1776257389.408,289.408,0.02,113.31,0.01,1125.43,0.03,129.41,0.04,90.16,0.97,12.96,0.96,99.16,0.99,1120.43,,,0.01,0.02,2335.74245,1776257387000
1776257389.758,289.758,0.02,113.2,0.01,1220.43,0.03,108.46,0.04,20.21,0.97,129.41,0.96,90.16,0.98,113.31,0.99,1125.43,0.01,0.01,2335.74245,1776257387000
1776257390.532,290.532,0.02,217.17,0.01,1220.43,0.03,120.74,0.04,15.21,0.97,105.5,0.96,15.21,0.98,112.17,0.99,1220.43,0.01,0.01,2335.740171,1776257388000
1776257390.759,290.759,0.02,231.14,0.01,1245.43,0.04,15.21,0.05,97.59,0.96,15.21,0.95,97.59,0.98,207.17,0.99,1245.43,0.02,0.02,2335.777376,1776257389000
1776257390.979,290.979,0.02,236.14,0.01,1300.43,0.05,69.8,0.06,168.31,0.95,92.8,0.94,160.31,0.98,231.14,0.99,1245.43,0.03,0.03,2335.777376,1776257389000
1776257391.209,291.209,0.03,9.91,0.02,100.82,0.06,105.81,0.07,5.0,0.95,59.8,0.94,168.31,0.97,4.91,0.98,105.82,0.03,0.02,2335.777376,1776257389000
1776257391.535,291.535,0.03,2.37,0.02,100.82,0.06,120.81,0.07,10.0,0.94,120.81,0.93,5.0,0.96,5.46,0.97,4.91,0.03,0.02,2335.742026,1776257390000
1776257391.83,291.83,0.03,1.4,0.02,100.82,0.05,22.0,0.06,112.81,0.95,17.0,0.94,117.81,0.98,100.82,0.99,1167.43,0.02,0.03,2335.742026,1776257390000
1776257392.047,292.047,0.03,4.89,0.02,63.9,0.05,22.0,0.06,112.81,0.95,22.0,0.94,112.81,0.98,63.9,0.99,1167.43,0.02,0.03,2335.742026,1776257390000
1776257392.305,292.305,0.02,63.9,0.01,1167.43,0.04,15.0,0.05,22.0,0.95,22.0,0.94,112.81,0.97,4.89,0.98,63.9,0.02,0.02,2335.97163,1776257391000
1776257392.536,292.536,0.02,178.69,0.01,1292.43,0.04,10.0,0.05,22.0,0.96,15.0,0.95,22.0,0.98,63.9,0.99,1167.43,0.02,0.02,2335.97163,1776257391000
1776257392.74,292.74,0.02,69.4,0.01,1292.43,0.04,10.0,0.05,22.0,0.96,10.0,0.95,22.0,0.98,145.4,0.99,1292.43,0.02,0.02,2335.97163,1776257391000
1776257394.464,294.464,0.02,10.0,0.01,1167.43,0.04,14.82,0.05,22.0,0.96,10.0,0.95,22.0,0.98,50.35,0.99,1292.43,0.02,0.02,2336.267915,1776257393000
1776257394.779,294.779,0.01,1151.68,,,0.03,20.0,0.04,15.0,0.96,24.82,0.95,17.0,0.98,4.5,0.99,1167.43,0.02,0.02,2336.267915,1776257393000
1776257395.98,295.98,0.01,1136.53,,,0.03,144.0,0.04,15.0,0.97,20.0,0.96,15.0,0.99,1151.68,,,0.02,0.02,2336.403708,1776257394000
1776257396.398,296.398,0.01,1035.51,,,0.03,144.0,0.04,15.0,0.97,144.0,0.96,15.0,0.99,1136.53,,,0.02,0.02,2336.403708,1776257394000
1776257396.781,296.781,0.01,1005.27,,,0.03,144.0,0.04,15.0,0.97,144.0,0.96,15.0,0.99,1015.38,,,0.02,0.02,2336.440835,1776257395000
1776257397.068,297.068,0.01,980.19,,,0.03,144.0,0.04,15.0,0.97,144.0,0.96,15.0,0.99,1000.19,,,0.02,0.02,2336.440835,1776257395000
1776257397.289,297.289,0.01,942.78,,,0.02,153.0,0.03,19.0,0.98,153.0,0.97,19.0,0.99,947.78,,,0.01,0.01,2336.405835,1776257396000
1776257398.16,298.16,,,,,0.01,530.22,0.02,31.0,0.98,153.0,0.97,19.0,,,,,,,2336.405835,1776257396000
1776257399.355,299.355,,,,,0.01,13937.38,0.02,47.0,0.99,4751.78,0.98,31.0,,,,,,,2336.39807,1776257398000

# RESULT,winner=Down,slug=eth-updown-5m-1776257100,ticks=327
