timestamp,elapsed_sec,up_bid_p1,up_bid_s1,up_bid_p2,up_bid_s2,up_ask_p1,up_ask_s1,up_ask_p2,up_ask_s2,down_bid_p1,down_bid_s1,down_bid_p2,down_bid_s2,down_ask_p1,down_ask_s1,down_ask_p2,down_ask_s2,up_spread,down_spread,eth_price,eth_oracle_ts
1776198611.18,11.18,,,,,,,,,,,,,,,,,,,2312.61062,1776198610000
1776198611.57,11.57,0.55,50.38,0.54,25.0,0.56,51.29,0.57,38.0,0.44,51.29,0.43,38.0,0.45,50.38,0.46,25.0,0.01,0.01,2312.61062,1776198610000
1776198612.109,12.109,0.55,70.38,0.54,35.5,0.56,40.33,0.57,20.0,0.44,51.29,0.43,38.0,0.45,50.38,0.46,25.0,0.01,0.01,2312.61062,1776198610000
1776198612.626,12.626,0.55,65.38,0.54,35.5,0.56,36.39,0.57,20.0,0.44,38.36,0.43,20.0,0.45,75.38,0.46,35.5,0.01,0.01,2312.62315,1776198611000
1776198612.951,12.951,0.55,47.65,0.54,35.5,0.56,34.42,0.57,20.0,0.44,36.39,0.43,20.0,0.45,65.38,0.46,35.5,0.01,0.01,2312.62315,1776198611000
1776198613.378,13.378,0.55,47.65,0.54,35.5,0.56,32.45,0.57,20.0,0.44,34.42,0.43,20.0,0.45,47.65,0.46,35.5,0.01,0.01,2312.62315,1776198611000
1776198613.97,13.97,0.58,20.0,0.57,20.0,0.59,15.12,0.6,34.0,0.44,32.45,0.43,20.0,0.45,47.65,0.46,35.5,0.01,0.01,2312.62315,1776198611000
1776198614.473,14.473,0.58,20.0,0.57,20.0,0.6,31.97,0.61,65.0,0.4,31.97,0.39,65.0,0.42,20.0,0.43,20.0,0.02,0.02,2312.635865,1776198613000
1776198615.074,15.074,0.58,49.7,0.57,40.5,0.6,45.3,0.61,84.0,0.4,45.3,0.39,84.0,0.42,49.7,0.43,40.5,0.02,0.02,2312.661185,1776198614000
1776198615.593,15.593,0.58,54.7,0.57,40.5,0.59,2.0,0.6,45.3,0.4,45.3,0.39,84.0,0.42,49.7,0.43,40.5,0.01,0.02,2312.661185,1776198614000
1776198615.964,15.964,0.58,29.7,0.57,20.0,0.59,13.12,0.6,40.74,0.4,40.74,0.39,84.0,0.42,49.7,0.43,40.5,0.01,0.02,2312.661185,1776198614000
1776198616.285,16.285,0.58,29.7,0.57,20.0,0.59,13.12,0.6,40.74,0.41,13.12,0.4,40.74,0.42,29.7,0.43,20.0,0.01,0.01,2312.819535,1776198615000
1776198617.012,17.012,0.58,68.97,0.57,30.5,0.6,29.0,0.61,94.5,0.41,13.12,0.4,40.74,0.42,29.7,0.43,20.0,0.02,0.01,2312.819535,1776198615000
1776198617.282,17.282,0.58,68.97,0.57,30.5,0.6,29.0,0.61,94.5,0.4,29.0,0.39,94.5,0.42,68.97,0.43,30.5,0.02,0.02,2312.85437,1776198616000
1776198617.674,17.674,0.58,79.47,0.57,30.5,0.6,34.0,0.61,94.5,0.4,29.0,0.39,94.5,0.42,68.97,0.43,30.5,0.02,0.02,2312.85437,1776198616000
1776198618.107,18.107,0.58,74.47,0.57,30.5,0.59,36.59,0.6,34.0,0.4,34.0,0.39,94.5,0.42,79.47,0.43,30.5,0.01,0.02,2312.85437,1776198616000
1776198618.404,18.404,0.58,74.47,0.57,30.5,0.59,36.59,0.6,34.0,0.41,36.59,0.4,34.0,0.42,74.47,0.43,30.5,0.01,0.01,2312.843375,1776198617000
1776198619.037,19.037,0.58,74.47,0.57,30.5,0.59,36.59,0.6,34.0,0.41,36.59,0.4,34.0,0.42,74.47,0.43,30.5,0.01,0.01,2312.84813,1776198618000
1776198619.883,19.883,0.58,74.47,0.57,35.5,0.59,34.72,0.6,30.14,0.41,36.59,0.4,34.0,0.42,74.47,0.43,30.5,0.01,0.01,2312.84813,1776198618000
1776198620.121,20.121,0.58,84.47,0.57,35.5,0.59,21.23,0.6,40.14,0.41,23.44,0.4,30.14,0.42,74.47,0.43,35.5,0.01,0.01,2312.84813,1776198618000
1776198621.181,21.181,0.58,89.47,0.57,35.5,0.59,17.36,0.6,40.14,0.41,17.36,0.4,40.14,0.42,89.47,0.43,35.5,0.01,0.01,2312.84856,1776198620000
1776198621.616,21.616,0.58,84.47,0.57,60.49,0.59,5.93,0.61,24.0,0.41,17.36,0.4,40.14,0.42,89.47,0.43,35.5,0.01,0.01,2312.84856,1776198620000
1776198622.278,22.278,0.58,84.47,0.57,60.49,0.61,24.0,0.62,19.0,0.39,24.0,0.38,19.0,0.42,84.47,0.43,60.49,0.03,0.03,2312.852275,1776198621000
1776198623.451,23.451,0.58,84.47,0.57,60.49,0.61,24.0,0.62,19.0,0.39,24.0,0.38,19.0,0.42,84.47,0.43,60.49,0.03,0.03,2312.914923,1776198622000
1776198624.033,24.033,0.58,84.47,0.57,60.49,0.61,24.0,0.62,19.0,0.39,24.0,0.38,19.0,0.42,84.47,0.43,60.49,0.03,0.03,2312.939702,1776198623000
1776198625.077,25.077,0.58,84.47,0.57,60.49,0.61,24.0,0.62,19.0,0.39,24.0,0.38,19.0,0.42,84.47,0.43,60.49,0.03,0.03,2313.02207,1776198624000
1776198625.4,25.4,0.6,40.0,0.59,30.5,0.61,48.14,0.62,39.5,0.39,24.0,0.38,19.0,0.42,84.47,0.43,60.49,0.01,0.03,2313.02207,1776198624000
1776198626.151,26.151,0.6,30.0,0.59,30.5,0.61,53.14,0.62,39.5,0.39,53.14,0.38,39.5,0.4,30.0,0.41,30.5,0.01,0.01,2313.044326,1776198625000
1776198627.257,27.257,0.6,30.0,0.59,30.5,0.61,53.14,0.62,39.5,0.39,53.14,0.38,39.5,0.4,30.0,0.41,30.5,0.01,0.01,2313.018065,1776198626000
1776198628.123,28.123,0.6,55.5,0.59,30.5,0.61,9.0,0.62,19.0,0.39,53.14,0.38,39.5,0.4,30.0,0.41,30.5,0.01,0.01,2313.018065,1776198626000
1776198629.502,29.502,0.6,55.5,0.59,30.5,0.61,9.0,0.62,19.0,0.39,9.0,0.38,19.0,0.4,55.5,0.41,30.5,0.01,0.01,2312.966795,1776198628000
1776198630.151,30.151,0.6,55.5,0.59,30.5,0.61,9.0,0.62,19.0,0.39,9.0,0.38,19.0,0.4,55.5,0.41,30.5,0.01,0.01,2313.028145,1776198629000
1776198631.321,31.321,0.6,65.5,0.59,30.5,0.61,6.8,0.62,24.0,0.39,9.0,0.38,19.0,0.4,55.5,0.41,30.5,0.01,0.01,2313.028145,1776198629000
1776198632.002,32.002,0.6,65.5,0.59,30.5,0.61,6.8,0.62,24.0,0.39,6.8,0.38,24.0,0.4,65.5,0.41,30.5,0.01,0.01,2313.04064,1776198631000
1776198632.696,32.696,0.6,65.5,0.59,30.5,0.62,24.0,0.63,34.0,0.39,6.8,0.38,24.0,0.4,65.5,0.41,30.5,0.02,0.01,2313.04064,1776198631000
1776198633.126,33.126,0.6,65.5,0.59,30.5,0.62,24.0,0.63,34.0,0.38,24.0,0.37,34.0,0.4,65.5,0.41,30.5,0.02,0.02,2313.04669,1776198632000
1776198634.344,34.344,0.6,65.5,0.59,30.5,0.62,24.0,0.63,34.0,0.38,24.0,0.37,34.0,0.4,65.5,0.41,30.5,0.02,0.02,2313.05017,1776198633000
1776198634.719,34.719,0.62,87.42,0.61,70.5,0.63,5.0,0.64,20.0,0.37,11.83,0.36,6.0,0.39,75.5,0.4,55.5,0.01,0.02,2313.05017,1776198633000
1776198635.511,35.511,0.62,87.42,0.61,70.5,0.63,5.0,0.64,20.0,0.37,5.0,0.36,20.0,0.38,87.42,0.39,70.5,0.01,0.01,2313.044215,1776198634000
1776198636.054,36.054,0.62,87.42,0.61,70.5,0.63,5.0,0.64,20.0,0.37,5.0,0.36,20.0,0.38,87.42,0.39,70.5,0.01,0.01,2313.0443,1776198635000
1776198636.96,36.96,0.62,92.42,0.61,70.5,0.63,28.14,0.64,20.0,0.37,5.0,0.36,20.0,0.38,87.42,0.39,70.5,0.01,0.01,2313.0443,1776198635000
1776198637.335,37.335,0.62,92.42,0.61,70.5,0.63,28.14,0.64,20.0,0.37,28.14,0.36,20.0,0.38,92.42,0.39,70.5,0.01,0.01,2313.088885,1776198636000
1776198637.535,37.535,0.62,92.42,0.61,70.5,0.63,25.96,0.64,20.0,0.37,28.14,0.36,20.0,0.38,92.42,0.39,70.5,0.01,0.01,2313.088885,1776198636000
1776198638.191,38.191,0.62,179.41,0.61,212.49,0.67,9.25,0.68,10.0,0.37,25.96,0.36,20.0,0.38,92.42,0.39,70.5,0.05,0.01,2313.088885,1776198636000
1776198638.69,38.69,0.67,122.5,0.66,198.5,0.68,4.25,0.74,102.0,0.32,9.25,0.3,10.5,0.34,30.5,0.35,33.5,0.01,0.02,2313.09649,1776198637000
1776198638.977,38.977,0.73,60.75,0.72,10.0,0.74,79.82,0.75,80.0,0.26,79.82,0.25,80.0,0.27,60.75,0.28,10.0,0.01,0.01,2313.09984,1776198638000
1776198639.388,39.388,0.73,101.49,0.72,20.0,0.74,98.33,0.75,80.0,0.26,83.33,0.25,80.0,0.27,100.75,0.28,15.0,0.01,0.01,2313.09984,1776198638000
1776198640.11,40.11,0.73,101.49,0.72,20.0,0.74,98.33,0.75,80.0,0.26,98.33,0.25,80.0,0.27,101.49,0.28,20.0,0.01,0.01,2313.301975,1776198639000
1776198640.398,40.398,0.73,102.78,0.72,20.0,0.74,199.11,0.75,104.0,0.26,205.47,0.25,104.0,0.27,92.78,0.28,20.0,0.01,0.01,2313.301975,1776198639000
1776198641.24,41.24,0.73,92.78,0.72,20.0,0.74,199.11,0.75,104.0,0.26,199.11,0.25,104.0,0.27,92.78,0.28,20.0,0.01,0.01,2313.687338,1776198640000
1776198642.465,42.465,0.73,92.78,0.72,20.0,0.74,199.11,0.75,104.0,0.26,199.11,0.25,104.0,0.27,92.78,0.28,20.0,0.01,0.01,2313.80663,1776198641000
1776198642.838,42.838,0.73,176.54,0.72,30.5,0.74,79.94,0.75,19.0,0.26,66.05,0.25,24.0,0.27,160.25,0.28,30.5,0.01,0.01,2313.80663,1776198641000
1776198643.159,43.159,0.73,171.04,0.72,30.5,0.74,81.34,0.75,19.0,0.26,79.94,0.25,19.0,0.27,176.54,0.28,30.5,0.01,0.01,2313.80663,1776198641000
1776198643.575,43.575,0.69,71.55,0.68,103.0,0.74,95.23,0.75,19.0,0.26,95.23,0.25,19.0,0.31,71.55,0.32,103.0,0.05,0.05,2313.81592,1776198642000
1776198644.424,44.424,0.69,71.55,0.68,103.0,0.74,95.23,0.75,19.0,0.26,95.23,0.25,19.0,0.31,71.55,0.32,103.0,0.05,0.05,2313.85036,1776198643000
1776198645.093,45.093,0.69,71.55,0.68,103.0,0.74,95.23,0.75,19.0,0.26,95.23,0.25,19.0,0.31,71.55,0.32,103.0,0.05,0.05,2313.85459,1776198644000
1776198645.383,45.383,0.71,162.74,0.7,41.5,0.72,15.14,0.73,22.0,0.26,95.23,0.25,19.0,0.31,71.55,0.32,103.0,0.01,0.05,2313.85459,1776198644000
1776198645.607,45.607,0.71,152.24,0.7,31.0,0.73,14.3,0.74,88.98,0.28,10.07,0.27,22.0,0.29,162.74,0.3,41.5,0.02,0.01,2313.85459,1776198644000
1776198646.059,46.059,0.72,89.0,0.71,30.0,0.73,2.32,0.74,117.48,0.27,12.78,0.26,88.98,0.28,15.0,0.29,119.0,0.01,0.01,2313.85459,1776198644000
1776198646.651,46.651,0.72,89.0,0.71,30.0,0.73,2.32,0.74,117.48,0.27,2.32,0.26,117.48,0.28,89.0,0.29,30.0,0.01,0.01,2313.841415,1776198645000
1776198646.956,46.956,0.73,109.0,0.72,35.5,0.74,131.62,0.75,43.5,0.27,2.32,0.26,117.48,0.28,89.0,0.29,30.0,0.01,0.01,2313.841415,1776198645000
1776198647.461,47.461,0.73,109.0,0.72,35.5,0.74,131.62,0.75,43.5,0.26,131.62,0.25,43.5,0.27,109.0,0.28,35.5,0.01,0.01,2313.86988,1776198646000
1776198648.182,48.182,0.73,109.0,0.72,35.5,0.74,131.62,0.75,43.5,0.26,131.62,0.25,43.5,0.27,109.0,0.28,35.5,0.01,0.01,2313.85275,1776198647000
1776198648.962,48.962,0.75,120.0,0.74,70.5,0.76,52.5,0.77,53.5,0.25,0.38,0.24,13.0,0.27,135.5,0.28,48.5,0.01,0.02,2313.85275,1776198647000
1776198649.391,49.391,0.75,137.69,0.74,70.5,0.76,49.86,0.77,53.5,0.24,49.86,0.23,53.5,0.25,120.0,0.26,70.5,0.01,0.01,2313.85275,1776198647000
1776198649.614,49.614,0.75,167.19,0.74,140.5,0.76,10.86,0.77,19.0,0.24,49.86,0.23,53.5,0.25,137.69,0.26,70.5,0.01,0.01,2313.85275,1776198647000
1776198650.021,50.021,0.76,131.5,0.75,101.19,0.78,29.0,0.79,30.5,0.23,14.0,0.22,30.0,0.25,187.19,0.26,140.5,0.02,0.02,2313.862933,1776198648000
1776198650.441,50.441,0.76,131.5,0.75,101.19,0.78,29.0,0.79,30.5,0.22,29.0,0.21,30.5,0.24,131.5,0.25,101.19,0.02,0.02,2313.948821,1776198649000
1776198650.649,50.649,0.78,111.0,0.77,109.5,0.79,38.0,0.81,10.0,0.21,41.0,0.19,10.0,0.22,111.0,0.23,109.5,0.01,0.01,2313.948821,1776198649000
1776198651.25,51.25,0.78,111.0,0.77,109.5,0.79,38.0,0.81,10.0,0.21,38.0,0.19,10.0,0.22,111.0,0.23,109.5,0.01,0.01,2313.983239,1776198650000
1776198651.779,51.779,0.78,142.5,0.77,70.5,0.79,40.7,0.8,21.0,0.21,38.0,0.19,10.0,0.22,111.0,0.23,109.5,0.01,0.01,2313.983239,1776198650000
1776198652.108,52.108,0.78,112.5,0.77,40.5,0.79,36.5,0.8,21.0,0.21,38.04,0.2,21.0,0.22,142.5,0.23,70.5,0.01,0.01,2313.983239,1776198650000
1776198652.694,52.694,0.78,107.5,0.77,40.5,0.79,34.81,0.8,21.0,0.21,34.81,0.2,21.0,0.22,107.5,0.23,40.5,0.01,0.01,2314.3176,1776198651000
1776198653.412,53.412,0.78,125.0,0.77,40.5,0.79,29.81,0.8,21.0,0.21,29.81,0.2,21.0,0.22,125.0,0.23,40.5,0.01,0.01,2314.41831,1776198652000
1776198653.679,53.679,0.78,100.0,0.77,50.5,0.79,26.88,0.8,21.0,0.21,29.81,0.2,21.0,0.22,125.0,0.23,40.5,0.01,0.01,2314.41831,1776198652000
1776198654.202,54.202,0.78,140.0,0.77,50.5,0.79,25.03,0.8,21.0,0.21,25.03,0.2,21.0,0.22,140.0,0.23,50.5,0.01,0.01,2314.41852,1776198653000
1776198655.623,55.623,0.78,140.0,0.77,50.5,0.79,25.03,0.8,21.0,0.21,25.03,0.2,21.0,0.22,140.0,0.23,50.5,0.01,0.01,2314.399615,1776198654000
1776198655.895,55.895,0.78,155.0,0.77,50.5,0.79,9.14,0.8,21.0,0.21,25.03,0.2,21.0,0.22,140.0,0.23,50.5,0.01,0.01,2314.399615,1776198654000
1776198656.276,56.276,0.78,155.0,0.77,50.5,0.79,7.87,0.8,21.0,0.21,9.14,0.2,21.0,0.22,155.0,0.23,50.5,0.01,0.01,2314.399615,1776198654000
1776198657.612,57.612,0.78,155.0,0.77,50.5,0.79,7.87,0.8,21.0,0.21,7.87,0.2,21.0,0.22,155.0,0.23,50.5,0.01,0.01,2314.411495,1776198655000
1776198658.431,58.431,0.78,155.0,0.77,50.5,0.79,7.87,0.8,21.0,0.21,7.87,0.2,21.0,0.22,155.0,0.23,50.5,0.01,0.01,2314.438655,1776198657000
1776198659.169,59.169,0.81,110.0,0.8,55.0,0.82,24.89,0.83,96.58,0.21,7.87,0.2,21.0,0.22,155.0,0.23,50.5,0.01,0.01,2314.438655,1776198657000
1776198659.556,59.556,0.81,155.21,0.8,55.0,0.82,38.68,0.83,86.58,0.18,24.89,0.17,96.58,0.19,110.0,0.2,55.0,0.01,0.01,2314.43723,1776198658000
1776198660.003,60.003,0.81,116.0,0.8,62.0,0.82,37.88,0.83,96.58,0.18,38.68,0.17,96.58,0.2,55.0,0.21,36.5,0.01,0.02,2314.43723,1776198658000
1776198660.45,60.45,0.81,111.0,0.8,62.0,0.82,7.8,0.83,78.58,0.18,37.88,0.17,96.58,0.19,116.0,0.2,62.0,0.01,0.01,2314.43723,1776198658000
1776198660.717,60.717,0.81,110.73,0.8,72.5,0.82,7.8,0.83,78.58,0.18,7.8,0.17,78.58,0.19,111.0,0.2,62.0,0.01,0.01,2314.430975,1776198659000
1776198661.292,61.292,0.81,115.96,0.8,72.5,0.83,31.64,0.84,53.0,0.18,7.8,0.17,78.58,0.19,100.46,0.2,72.5,0.02,0.01,2314.430975,1776198659000
1776198661.725,61.725,0.82,126.0,0.81,15.0,0.83,29.37,0.84,59.31,0.17,30.43,0.16,53.0,0.18,91.0,0.19,9.07,0.01,0.01,2314.485206,1776198660000
1776198662.458,62.458,0.82,126.0,0.81,15.0,0.83,29.37,0.84,59.31,0.17,29.37,0.16,59.31,0.18,126.0,0.19,15.0,0.01,0.01,2314.4411,1776198661000
1776198662.747,62.747,0.81,25.5,0.8,72.5,0.83,9.43,0.84,112.11,0.17,29.37,0.16,59.31,0.18,126.0,0.19,15.0,0.02,0.01,2314.4411,1776198661000
1776198662.962,62.962,0.82,31.0,0.81,50.5,0.83,13.56,0.84,112.11,0.17,9.43,0.16,112.11,0.19,25.5,0.2,72.5,0.01,0.02,2314.4411,1776198661000
1776198663.314,63.314,0.82,127.59,0.81,25.5,0.83,8.09,0.84,104.11,0.17,3.99,0.16,112.11,0.18,31.0,0.19,50.5,0.01,0.01,2314.4591,1776198662000
1776198663.781,63.781,0.82,169.18,0.81,32.5,0.83,7.21,0.84,104.11,0.17,8.09,0.16,104.11,0.18,127.59,0.19,25.5,0.01,0.01,2314.4591,1776198662000
1776198664.102,64.102,0.82,158.06,0.81,32.5,0.84,104.61,0.85,178.93,0.17,1.56,0.16,114.61,0.18,158.62,0.19,32.5,0.02,0.01,2314.4591,1776198662000
1776198664.304,64.304,0.82,115.83,0.81,32.5,0.83,7.71,0.84,104.61,0.16,104.61,0.15,178.93,0.18,110.83,0.19,32.5,0.01,0.02,2314.606033,1776198663000
1776198664.849,64.849,0.82,115.83,0.81,32.5,0.83,0.95,0.84,91.75,0.17,10.71,0.16,104.61,0.18,115.83,0.19,32.5,0.01,0.01,2314.606033,1776198663000
1776198665.094,65.094,0.82,115.83,0.81,32.5,0.83,0.95,0.84,91.75,0.17,0.95,0.16,91.75,0.18,115.83,0.19,32.5,0.01,0.01,2314.55154,1776198664000
1776198665.311,65.311,0.82,141.42,0.81,32.5,0.83,0.95,0.84,74.95,0.17,0.95,0.16,91.75,0.18,115.83,0.19,32.5,0.01,0.01,2314.55154,1776198664000
1776198666.113,66.113,0.82,217.01,0.81,32.5,0.84,73.52,0.85,161.93,0.17,0.95,0.16,74.95,0.18,114.92,0.19,32.5,0.02,0.01,2314.55154,1776198664000
1776198667.22,67.22,0.82,217.01,0.81,32.5,0.84,73.52,0.85,161.93,0.16,73.52,0.15,161.93,0.18,217.01,0.19,32.5,0.02,0.02,2314.52744,1776198666000
1776198668.012,68.012,0.82,275.4,0.81,32.5,0.84,58.68,0.85,161.93,0.16,73.52,0.15,151.93,0.18,275.4,0.19,32.5,0.02,0.02,2314.52744,1776198666000
1776198668.221,68.221,0.82,275.4,0.81,32.5,0.84,58.68,0.85,161.93,0.16,58.68,0.15,161.93,0.18,275.4,0.19,32.5,0.02,0.02,2314.52373,1776198667000
1776198668.93,68.93,0.82,275.4,0.81,32.5,0.84,91.53,0.85,145.2,0.16,58.68,0.15,161.93,0.18,275.4,0.19,32.5,0.02,0.02,2314.52373,1776198667000
1776198669.246,69.246,0.82,275.4,0.81,32.5,0.84,91.53,0.85,145.2,0.16,91.53,0.15,145.2,0.18,275.4,0.19,32.5,0.02,0.02,2314.538085,1776198668000
1776198670.319,70.319,0.82,273.62,0.81,32.5,0.84,91.53,0.85,155.2,0.16,91.53,0.15,155.2,0.18,273.62,0.19,32.5,0.02,0.02,2314.540005,1776198669000
1776198671.127,71.127,0.82,268.62,0.81,32.5,0.84,77.53,0.85,181.7,0.16,91.53,0.15,155.2,0.18,273.62,0.19,32.5,0.02,0.02,2314.540005,1776198669000
1776198672.095,72.095,0.83,49.87,0.82,268.62,0.84,85.53,0.85,155.7,0.16,77.53,0.15,181.7,0.18,268.62,0.19,32.5,0.01,0.02,2314.540925,1776198670000
1776198672.485,72.485,0.83,48.98,0.82,268.62,0.84,77.89,0.85,155.7,0.16,77.89,0.15,155.7,0.17,48.98,0.18,268.62,0.01,0.01,2314.541565,1776198671000
1776198672.978,72.978,0.84,32.5,0.83,59.48,0.85,19.14,0.86,34.0,0.16,77.89,0.15,155.7,0.17,48.98,0.18,268.62,0.01,0.01,2314.541565,1776198671000
1776198673.349,73.349,0.84,32.5,0.83,59.48,0.85,19.14,0.86,34.0,0.15,19.14,0.14,34.0,0.16,32.5,0.17,59.48,0.01,0.01,2314.55932,1776198672000
1776198673.889,73.889,0.84,32.5,0.83,59.48,0.85,19.14,0.86,34.0,0.15,19.14,0.14,34.0,0.16,32.5,0.17,59.48,0.01,0.01,2314.55932,1776198673000
1776198674.858,74.858,0.84,153.57,0.83,32.5,0.85,17.14,0.86,34.0,0.15,17.14,0.14,34.0,0.16,153.57,0.17,32.5,0.01,0.01,2314.631515,1776198674000
1776198675.209,75.209,0.84,151.57,0.83,25.5,0.85,12.14,0.86,54.5,0.15,17.14,0.14,34.0,0.16,153.57,0.17,32.5,0.01,0.01,2314.631515,1776198674000
1776198675.54,75.54,0.84,146.57,0.83,25.5,0.85,6.59,0.86,44.0,0.15,12.14,0.14,54.5,0.16,151.57,0.17,25.5,0.01,0.01,2314.631515,1776198674000
1776198676.039,76.039,0.84,151.57,0.83,25.5,0.85,3.62,0.86,73.9,0.15,1.0,0.14,44.0,0.16,146.57,0.17,25.5,0.01,0.01,2314.631515,1776198674000
1776198676.558,76.558,0.85,20.0,0.84,146.57,0.86,70.73,0.87,103.3,0.14,70.73,0.13,103.3,0.15,20.0,0.16,146.57,0.01,0.01,2314.73275,1776198675000
1776198677.498,77.498,0.85,17.0,0.84,62.72,0.86,37.11,0.87,103.3,0.14,37.11,0.13,103.3,0.15,17.0,0.16,62.72,0.01,0.01,2314.750845,1776198676000
1776198677.841,77.841,0.85,27.86,0.84,42.5,0.86,78.75,0.87,113.3,0.14,37.11,0.13,103.3,0.15,17.0,0.16,62.72,0.01,0.01,2314.750845,1776198676000
1776198678.1,78.1,0.84,42.5,0.83,25.5,0.86,93.75,0.87,121.3,0.14,78.75,0.13,113.3,0.15,27.86,0.16,42.5,0.02,0.01,2314.750845,1776198676000
1776198678.403,78.403,0.84,42.5,0.83,25.5,0.86,93.75,0.87,121.3,0.14,93.75,0.13,121.3,0.16,42.5,0.17,25.5,0.02,0.02,2314.848384,1776198677000
1776198678.688,78.688,0.82,195.12,0.79,8.0,0.83,125.5,0.84,111.5,0.15,29.32,0.14,70.75,0.16,77.42,0.17,5.0,0.01,0.01,2314.848384,1776198677000
1776198678.905,78.905,0.82,152.78,0.79,8.0,0.83,150.5,0.84,111.5,0.17,162.29,0.16,111.5,0.18,162.78,0.21,8.0,0.01,0.01,2314.848384,1776198677000
1776198679.115,79.115,0.82,141.11,0.78,5.0,0.83,146.5,0.84,138.3,0.17,150.5,0.16,111.5,0.18,152.78,0.21,8.0,0.01,0.01,2314.848384,1776198677000
1776198679.358,79.358,0.82,5.57,0.8,20.5,0.83,122.57,0.84,208.3,0.17,146.5,0.16,208.3,0.21,5.0,0.22,5.0,0.01,0.04,2314.814197,1776198678000
1776198679.628,79.628,0.82,5.57,0.8,15.5,0.83,91.8,0.84,225.44,0.17,98.8,0.16,225.44,0.18,5.57,0.2,15.5,0.01,0.01,2314.814197,1776198678000
1776198680.163,80.163,0.82,5.57,0.8,15.5,0.83,98.91,0.84,231.75,0.17,91.8,0.16,225.44,0.18,5.57,0.2,15.5,0.01,0.01,2314.814197,1776198678000
1776198680.437,80.437,0.82,0.01,0.81,10.0,0.83,124.41,0.84,231.75,0.17,98.91,0.16,231.75,0.18,5.57,0.2,15.5,0.01,0.01,2314.814197,1776198678000
1776198680.677,80.677,0.81,5.01,0.8,15.5,0.83,118.55,0.84,231.75,0.17,118.55,0.16,231.75,0.19,5.01,0.2,15.5,0.02,0.02,2314.538098,1776198679000
1776198681.513,81.513,0.81,5.01,0.8,15.5,0.83,118.55,0.84,231.75,0.17,118.55,0.16,231.75,0.19,5.01,0.2,15.5,0.02,0.02,2314.39232,1776198680000
1776198682.138,82.138,0.81,5.01,0.8,15.5,0.83,118.55,0.84,231.75,0.17,118.55,0.16,231.75,0.19,5.01,0.2,15.5,0.02,0.02,2314.278981,1776198681000
1776198682.945,82.945,0.8,34.37,0.79,25.5,0.81,44.39,0.82,40.61,0.17,118.55,0.16,231.75,0.19,5.01,0.2,15.5,0.01,0.02,2314.278981,1776198681000
1776198683.401,83.401,0.8,34.37,0.79,25.5,0.81,44.39,0.82,40.61,0.19,44.39,0.18,40.61,0.2,34.37,0.21,25.5,0.01,0.01,2314.292505,1776198682000
1776198684.073,84.073,0.8,34.37,0.79,25.5,0.81,44.39,0.82,40.61,0.19,44.39,0.18,40.61,0.2,34.37,0.21,25.5,0.01,0.01,2314.2903,1776198683000
1776198684.68,84.68,0.8,24.92,0.79,25.5,0.81,34.39,0.82,40.61,0.19,44.39,0.18,40.61,0.2,34.37,0.21,25.5,0.01,0.01,2314.2903,1776198683000
1776198685.285,85.285,0.8,24.92,0.79,25.5,0.81,34.39,0.82,40.61,0.19,34.39,0.18,40.61,0.2,24.92,0.21,25.5,0.01,0.01,2314.2903,1776198684000
1776198686.576,86.576,0.8,30.42,0.79,25.5,0.82,41.61,0.83,73.47,0.19,34.39,0.18,40.61,0.2,24.92,0.21,25.5,0.02,0.01,2314.2903,1776198684000
1776198686.819,86.819,0.8,19.67,0.79,25.5,0.82,51.61,0.83,79.41,0.18,41.61,0.17,73.47,0.2,30.42,0.21,25.5,0.02,0.02,2314.275795,1776198685000
1776198687.35,87.35,0.8,19.67,0.79,25.5,0.82,51.61,0.83,79.41,0.18,51.61,0.17,79.41,0.2,19.67,0.21,25.5,0.02,0.02,2314.27948,1776198686000
1776198688.605,88.605,0.8,19.67,0.79,25.5,0.82,51.61,0.83,79.41,0.18,51.61,0.17,79.41,0.2,19.67,0.21,25.5,0.02,0.02,2314.274515,1776198687000
1776198688.829,88.829,0.8,24.67,0.79,32.5,0.81,16.76,0.82,52.11,0.19,15.5,0.18,56.61,0.2,19.67,0.21,32.5,0.01,0.01,2314.274515,1776198687000
1776198689.361,89.361,0.8,24.67,0.79,32.5,0.81,16.76,0.82,52.11,0.19,16.76,0.18,52.11,0.2,24.67,0.21,32.5,0.01,0.01,2314.274515,1776198688000
1776198689.68,89.68,0.8,19.17,0.79,32.5,0.81,21.76,0.82,52.11,0.19,16.76,0.18,52.11,0.2,24.67,0.21,32.5,0.01,0.01,2314.274515,1776198688000
1776198690.079,90.079,0.8,19.17,0.79,32.5,0.81,21.76,0.82,52.11,0.19,21.76,0.18,52.11,0.2,19.17,0.21,32.5,0.01,0.01,2314.282055,1776198689000
1776198691.135,91.135,0.81,25.5,0.8,29.17,0.82,37.79,0.83,79.41,0.19,21.76,0.18,52.11,0.2,19.17,0.21,32.5,0.01,0.01,2314.282055,1776198689000
1776198691.386,91.386,0.81,25.5,0.8,29.17,0.82,37.79,0.83,79.41,0.18,37.79,0.17,79.41,0.19,25.5,0.2,29.17,0.01,0.01,2314.285585,1776198690000
1776198691.808,91.808,0.81,11.55,0.8,29.17,0.82,46.45,0.83,79.41,0.18,37.79,0.17,79.41,0.19,25.5,0.2,29.17,0.01,0.01,2314.285585,1776198690000
1776198692.099,92.099,0.81,11.55,0.8,29.17,0.82,46.45,0.83,79.41,0.18,46.45,0.17,79.41,0.19,11.55,0.2,29.17,0.01,0.01,2314.28979,1776198691000
1776198693.204,93.204,0.83,6.87,0.81,403.57,0.85,6.67,0.86,72.54,0.18,46.45,0.17,79.41,0.19,6.28,0.2,29.17,0.02,0.01,2314.28979,1776198691000
1776198693.464,93.464,0.84,96.5,0.83,32.37,0.85,6.95,0.87,48.64,0.15,6.67,0.14,72.54,0.17,6.87,0.19,403.57,0.01,0.02,2314.28979,1776198691000
1776198694.337,94.337,0.85,38.05,0.84,61.5,0.87,51.69,0.88,89.1,0.13,48.64,0.12,89.1,0.15,13.05,0.16,101.5,0.02,0.02,2314.303195,1776198692000
1776198694.594,94.594,0.85,38.05,0.84,61.5,0.87,51.69,0.88,89.1,0.13,51.69,0.12,89.1,0.15,38.05,0.16,61.5,0.02,0.02,2314.29862,1776198693000
1776198694.895,94.895,0.85,38.05,0.84,61.5,0.87,59.69,0.88,89.1,0.13,51.69,0.12,89.1,0.15,38.05,0.16,61.5,0.02,0.02,2314.29862,1776198693000
1776198695.165,95.165,0.85,38.05,0.84,61.5,0.87,59.69,0.88,89.1,0.13,59.69,0.12,89.1,0.15,38.05,0.16,61.5,0.02,0.02,2314.39718,1776198694000
1776198695.781,95.781,0.85,43.05,0.84,61.5,0.87,64.66,0.88,99.6,0.13,59.69,0.12,89.1,0.15,38.05,0.16,61.5,0.02,0.02,2314.39718,1776198694000
1776198696.287,96.287,0.85,38.05,0.84,61.5,0.87,61.98,0.88,99.6,0.13,61.98,0.12,99.6,0.15,38.05,0.16,61.5,0.02,0.02,2314.602893,1776198695000
1776198696.593,96.593,0.85,26.93,0.84,61.5,0.87,56.98,0.88,99.6,0.13,61.98,0.12,99.6,0.15,38.05,0.16,61.5,0.02,0.02,2314.602893,1776198695000
1776198697.336,97.336,0.85,26.93,0.84,61.5,0.87,56.98,0.88,99.6,0.13,56.98,0.12,99.6,0.15,26.93,0.16,61.5,0.02,0.02,2314.6766,1776198696000
1776198697.64,97.64,0.85,26.93,0.84,61.5,0.86,22.16,0.87,56.98,0.13,56.98,0.12,99.6,0.15,26.93,0.16,61.5,0.01,0.02,2314.6766,1776198696000
1776198698.381,98.381,0.85,26.93,0.84,61.5,0.86,22.16,0.87,56.98,0.14,22.16,0.13,56.98,0.15,26.93,0.16,61.5,0.01,0.01,2314.624275,1776198697000
1776198698.983,98.983,0.85,26.93,0.84,61.5,0.86,22.16,0.87,56.98,0.14,22.16,0.13,56.98,0.15,26.93,0.16,61.5,0.01,0.01,2314.625315,1776198698000
1776198700.063,100.063,0.85,26.93,0.84,61.5,0.86,22.16,0.87,56.98,0.14,22.16,0.13,56.98,0.15,26.93,0.16,61.5,0.01,0.01,2314.669735,1776198699000
1776198700.515,100.515,0.84,31.43,0.83,38.37,0.86,7.21,0.87,59.64,0.14,22.16,0.13,56.98,0.15,26.93,0.16,61.5,0.02,0.01,2314.669735,1776198699000
1776198701.217,101.217,0.84,31.43,0.83,38.37,0.86,7.21,0.87,59.64,0.14,7.21,0.13,59.64,0.16,31.43,0.17,38.37,0.02,0.02,2314.670905,1776198700000
1776198701.804,101.804,0.88,14.0,0.87,65.5,0.89,36.79,0.9,185.5,0.13,5.42,0.12,79.1,0.14,50.5,0.15,27.5,0.01,0.01,2314.670905,1776198700000
1776198702.334,102.334,0.88,62.0,0.87,57.5,0.89,54.21,0.9,185.5,0.11,54.21,0.1,185.5,0.12,62.0,0.13,57.5,0.01,0.01,2314.668514,1776198701000
1776198702.912,102.912,0.88,62.0,0.87,57.5,0.89,54.21,0.9,185.5,0.11,54.21,0.1,185.5,0.12,62.0,0.13,57.5,0.01,0.01,2314.60396,1776198702000
1776198703.333,103.333,0.88,106.5,0.87,104.5,0.91,98.0,0.92,124.9,0.11,0.69,0.09,98.0,0.12,106.5,0.13,134.5,0.03,0.01,2314.60396,1776198702000
1776198703.91,103.91,0.9,217.0,0.89,162.5,0.91,61.42,0.92,124.9,0.09,98.0,0.08,124.9,0.12,106.5,0.13,104.5,0.01,0.03,2314.60396,1776198702000
1776198704.224,104.224,0.9,217.0,0.89,162.5,0.91,50.43,0.92,76.0,0.09,61.42,0.08,124.9,0.1,217.0,0.11,162.5,0.01,0.01,2314.849508,1776198703000
1776198704.848,104.848,0.9,217.0,0.89,162.5,0.91,67.15,0.92,76.0,0.09,50.43,0.08,76.0,0.1,217.0,0.11,162.5,0.01,0.01,2314.849508,1776198703000
1776198705.237,105.237,0.9,217.0,0.89,162.5,0.91,67.15,0.92,76.0,0.09,67.15,0.08,76.0,0.1,217.0,0.11,162.5,0.01,0.01,2315.191695,1776198704000
1776198705.982,105.982,0.9,217.0,0.89,155.5,0.91,78.68,0.92,76.0,0.09,79.9,0.08,76.0,0.1,222.0,0.11,155.5,0.01,0.01,2315.191695,1776198704000
1776198706.304,106.304,0.9,217.0,0.89,155.5,0.91,78.68,0.92,76.0,0.09,78.68,0.08,76.0,0.1,217.0,0.11,155.5,0.01,0.01,2315.233475,1776198705000
1776198706.79,106.79,0.9,217.0,0.89,155.5,0.91,76.74,0.92,76.0,0.09,78.68,0.08,76.0,0.1,217.0,0.11,155.5,0.01,0.01,2315.233475,1776198705000
1776198707.323,107.323,0.9,217.0,0.89,155.5,0.91,66.22,0.92,76.0,0.09,66.22,0.08,76.0,0.1,217.0,0.11,155.5,0.01,0.01,2315.237105,1776198706000
1776198707.986,107.986,0.9,217.0,0.89,155.5,0.91,66.22,0.92,76.0,0.09,66.22,0.08,76.0,0.1,217.0,0.11,155.5,0.01,0.01,2315.24597,1776198707000
1776198709.19,109.19,0.9,217.0,0.89,155.5,0.91,66.22,0.92,76.0,0.09,66.22,0.08,76.0,0.1,217.0,0.11,155.5,0.01,0.01,2315.325449,1776198708000
1776198711.039,111.039,0.9,217.0,0.89,155.5,0.91,66.22,0.92,76.0,0.09,66.22,0.08,76.0,0.1,217.0,0.11,155.5,0.01,0.01,2315.249,1776198709000
1776198711.769,111.769,0.9,217.0,0.89,155.5,0.91,66.22,0.92,76.0,0.09,66.22,0.08,76.0,0.1,217.0,0.11,155.5,0.01,0.01,2315.249,1776198710000
1776198712.059,112.059,0.9,102.5,0.89,30.5,0.91,12.41,0.92,76.0,0.09,34.27,0.08,76.0,0.1,97.5,0.11,30.5,0.01,0.01,2315.249,1776198710000
1776198712.721,112.721,0.9,102.5,0.89,30.5,0.91,12.41,0.92,76.0,0.09,12.41,0.08,76.0,0.1,102.5,0.11,30.5,0.01,0.01,2315.237755,1776198711000
1776198713.115,113.115,0.9,83.59,0.89,30.5,0.91,22.41,0.92,76.0,0.09,12.41,0.08,76.0,0.1,102.5,0.11,30.5,0.01,0.01,2315.237755,1776198711000
1776198713.433,113.433,0.9,83.59,0.89,30.5,0.91,17.41,0.92,76.0,0.09,22.41,0.08,76.0,0.1,83.59,0.11,30.5,0.01,0.01,2315.237755,1776198711000
1776198714.225,114.225,0.9,83.59,0.89,30.5,0.91,17.41,0.92,76.0,0.09,17.41,0.08,76.0,0.1,83.59,0.11,30.5,0.01,0.01,2315.25905,1776198713000
1776198714.708,114.708,0.9,62.5,0.89,30.5,0.92,73.41,0.93,377.39,0.09,17.41,0.08,76.0,0.1,83.59,0.11,30.5,0.02,0.01,2315.25905,1776198713000
1776198715.351,115.351,0.91,195.5,0.9,187.5,0.92,92.68,0.93,377.39,0.08,73.41,0.07,377.39,0.1,62.5,0.11,30.5,0.01,0.02,2315.25905,1776198713000
1776198715.763,115.763,0.91,195.5,0.9,187.5,0.92,92.68,0.93,377.39,0.08,92.68,0.07,377.39,0.09,195.5,0.1,187.5,0.01,0.01,2315.293031,1776198714000
1776198716.517,116.517,0.91,199.5,0.9,178.5,0.92,30.05,0.93,344.39,0.08,30.05,0.07,344.39,0.09,199.5,0.1,178.5,0.01,0.01,2315.28361,1776198715000
1776198717.289,117.289,0.91,199.5,0.9,178.5,0.92,30.05,0.93,344.39,0.08,30.05,0.07,344.39,0.09,199.5,0.1,178.5,0.01,0.01,2315.308325,1776198716000
1776198718.888,118.888,0.91,199.5,0.9,178.5,0.92,30.05,0.93,344.39,0.08,30.05,0.07,344.39,0.09,199.5,0.1,178.5,0.01,0.01,2315.363085,1776198717000
1776198719.755,119.755,0.92,172.0,0.91,190.5,0.93,313.51,0.94,208.8,0.07,313.51,0.06,208.8,0.08,172.0,0.09,190.5,0.01,0.01,2315.36446,1776198718000
1776198720.574,120.574,0.92,172.0,0.91,190.5,0.93,313.51,0.94,208.8,0.07,313.51,0.06,208.8,0.08,172.0,0.09,190.5,0.01,0.01,2315.377675,1776198719000
1776198721.344,121.344,0.92,172.0,0.91,190.5,0.93,313.51,0.94,208.8,0.07,313.51,0.06,208.8,0.08,172.0,0.09,190.5,0.01,0.01,2315.39082,1776198720000
1776198721.618,121.618,0.92,177.0,0.91,190.5,0.93,218.68,0.94,204.8,0.07,313.51,0.06,208.8,0.08,172.0,0.09,190.5,0.01,0.01,2315.39082,1776198720000
1776198722.138,122.138,0.92,187.0,0.91,190.5,0.93,217.6,0.94,204.8,0.07,217.6,0.06,204.8,0.08,187.0,0.09,190.5,0.01,0.01,2315.394885,1776198721000
1776198723.705,123.705,0.92,187.0,0.91,190.5,0.93,217.6,0.94,204.8,0.07,217.6,0.06,204.8,0.08,187.0,0.09,190.5,0.01,0.01,2315.415795,1776198722000
1776198724.353,124.353,0.92,182.0,0.91,190.5,0.93,212.23,0.94,141.0,0.07,212.23,0.06,141.0,0.08,182.0,0.09,190.5,0.01,0.01,2315.41867,1776198723000
1776198725.071,125.071,0.92,182.0,0.91,190.5,0.93,212.23,0.94,141.0,0.07,212.23,0.06,141.0,0.08,182.0,0.09,190.5,0.01,0.01,2315.41917,1776198724000
1776198726.484,126.484,0.92,182.0,0.91,190.5,0.93,212.23,0.94,141.0,0.07,212.23,0.06,141.0,0.08,182.0,0.09,190.5,0.01,0.01,2315.417285,1776198725000
1776198727.112,127.112,0.92,182.0,0.91,190.5,0.93,212.23,0.94,141.0,0.07,212.23,0.06,141.0,0.08,182.0,0.09,190.5,0.01,0.01,2315.41673,1776198726000
1776198727.377,127.377,0.92,161.07,0.91,200.5,0.93,193.09,0.94,141.0,0.07,198.09,0.06,141.0,0.08,177.0,0.09,245.14,0.01,0.01,2315.41673,1776198726000
1776198729.139,129.139,0.92,161.07,0.91,200.5,0.93,193.09,0.94,141.0,0.07,193.09,0.06,141.0,0.08,161.07,0.09,200.5,0.01,0.01,2315.443285,1776198728000
1776198729.478,129.478,0.91,125.0,0.9,153.0,0.93,385.22,0.94,177.8,0.07,193.09,0.06,141.0,0.08,161.07,0.09,200.5,0.02,0.01,2315.443285,1776198728000
1776198730.074,130.074,0.9,10.0,0.89,50.5,0.91,10.0,0.92,129.64,0.07,385.22,0.06,177.8,0.09,94.0,0.1,153.0,0.01,0.02,2315.443285,1776198728000
1776198730.518,130.518,0.9,10.0,0.89,50.5,0.91,10.0,0.92,129.64,0.09,10.0,0.08,129.64,0.1,10.0,0.11,50.5,0.01,0.01,2315.339403,1776198729000
1776198730.801,130.801,0.91,5.0,0.9,15.0,0.92,154.07,0.93,330.97,0.09,10.0,0.08,129.64,0.1,10.0,0.11,50.5,0.01,0.01,2315.339403,1776198729000
1776198731.079,131.079,0.91,5.0,0.9,15.0,0.92,154.07,0.93,330.97,0.08,154.07,0.07,330.97,0.09,5.0,0.1,15.0,0.01,0.01,2315.318349,1776198730000
1776198731.418,131.418,0.88,11.37,0.84,15.0,0.9,106.64,0.91,114.14,0.08,154.07,0.07,330.97,0.09,5.0,0.1,15.0,0.02,0.01,2315.318349,1776198730000
1776198731.799,131.799,0.84,35.5,0.83,24.0,0.86,6.75,0.87,20.5,0.11,26.5,0.1,199.5,0.16,15.0,0.17,24.0,0.02,0.05,2315.318349,1776198730000
1776198732.104,132.104,0.85,10.0,0.84,35.5,0.86,6.45,0.87,25.5,0.14,6.75,0.13,20.5,0.16,35.5,0.17,24.0,0.01,0.02,2315.318349,1776198730000
1776198732.33,132.33,0.85,10.0,0.84,35.5,0.86,6.45,0.87,25.5,0.14,6.45,0.13,25.5,0.15,10.0,0.16,35.5,0.01,0.01,2315.070669,1776198731000
1776198732.531,132.531,0.85,10.0,0.84,35.5,0.86,27.02,0.87,25.5,0.14,6.45,0.13,25.5,0.15,10.0,0.16,35.5,0.01,0.01,2315.070669,1776198731000
1776198732.83,132.83,0.85,20.0,0.84,25.5,0.86,26.7,0.87,25.5,0.14,27.02,0.13,25.5,0.15,10.0,0.16,35.5,0.01,0.01,2315.070669,1776198731000
1776198733.581,133.581,0.85,20.0,0.84,25.5,0.86,26.7,0.87,25.5,0.14,26.7,0.13,25.5,0.15,20.0,0.16,25.5,0.01,0.01,2314.70499,1776198732000
1776198734.071,134.071,0.83,10.0,0.82,25.5,0.84,22.0,0.85,39.5,0.14,26.7,0.13,25.5,0.15,20.0,0.16,25.5,0.01,0.01,2314.70499,1776198732000
1776198734.568,134.568,0.82,9.27,0.81,30.5,0.84,102.5,0.85,34.5,0.16,27.0,0.15,39.5,0.17,5.7,0.18,25.5,0.02,0.01,2314.54849,1776198733000
1776198735.069,135.069,0.83,4.0,0.82,19.27,0.84,45.5,0.85,34.5,0.16,102.5,0.15,34.5,0.18,9.27,0.19,30.5,0.01,0.02,2314.54849,1776198733000
1776198735.422,135.422,0.83,4.0,0.82,19.27,0.84,45.5,0.85,34.5,0.16,45.5,0.15,34.5,0.17,4.0,0.18,19.27,0.01,0.01,2314.514608,1776198734000
1776198736.037,136.037,0.83,4.0,0.82,19.27,0.84,45.5,0.85,34.5,0.16,45.5,0.15,34.5,0.17,4.0,0.18,19.27,0.01,0.01,2314.459654,1776198735000
1776198737.171,137.171,0.83,4.0,0.82,19.27,0.84,45.5,0.85,34.5,0.16,45.5,0.15,34.5,0.17,4.0,0.18,19.27,0.01,0.01,2314.36112,1776198736000
1776198737.853,137.853,0.83,4.0,0.82,14.27,0.84,86.38,0.85,34.5,0.16,45.5,0.15,34.5,0.17,4.0,0.18,19.27,0.01,0.01,2314.36112,1776198736000
1776198738.424,138.424,0.83,4.0,0.82,14.27,0.84,86.38,0.85,34.5,0.16,86.38,0.15,34.5,0.17,4.0,0.18,14.27,0.01,0.01,2314.35449,1776198737000
1776198739.028,139.028,0.83,4.0,0.82,14.27,0.84,86.38,0.85,34.5,0.16,86.38,0.15,34.5,0.17,4.0,0.18,14.27,0.01,0.01,2314.354479,1776198738000
1776198739.229,139.229,0.84,10.0,0.83,9.0,0.85,8.38,0.86,15.5,0.15,29.38,0.14,15.5,0.17,14.0,0.18,24.77,0.01,0.02,2314.354479,1776198738000
1776198739.654,139.654,0.84,15.0,0.83,9.0,0.85,9.22,0.86,22.71,0.15,8.38,0.14,15.5,0.16,10.0,0.17,9.0,0.01,0.01,2314.354479,1776198738000
1776198740.15,140.15,0.84,15.0,0.83,9.0,0.85,9.22,0.86,22.71,0.15,9.22,0.14,22.71,0.16,15.0,0.17,9.0,0.01,0.01,2314.332259,1776198739000
1776198741.008,141.008,0.85,25.0,0.84,25.5,0.86,26.54,0.87,44.26,0.15,9.22,0.14,22.71,0.16,15.0,0.17,9.0,0.01,0.01,2314.332259,1776198739000
1776198741.285,141.285,0.85,25.0,0.84,25.5,0.86,25.37,0.87,44.26,0.14,25.37,0.13,44.26,0.15,25.0,0.16,25.5,0.01,0.01,2314.355392,1776198740000
1776198741.968,141.968,0.85,25.0,0.84,25.5,0.86,27.75,0.87,44.26,0.14,25.37,0.13,44.26,0.15,25.0,0.16,25.5,0.01,0.01,2314.355392,1776198740000
1776198742.236,142.236,0.85,0.47,0.84,25.5,0.86,20.28,0.87,44.26,0.14,25.28,0.13,44.26,0.15,25.0,0.16,25.5,0.01,0.01,2314.355392,1776198740000
1776198742.972,142.972,0.85,0.47,0.84,25.5,0.86,20.28,0.87,44.26,0.14,20.28,0.13,44.26,0.15,0.47,0.16,25.5,0.01,0.01,2314.38012,1776198742000
1776198744.394,144.394,0.84,18.54,0.83,34.79,0.86,5.0,0.87,49.26,0.14,20.28,0.13,44.26,0.15,0.47,0.16,25.5,0.02,0.01,2314.38012,1776198742000
1776198745.104,145.104,0.84,18.54,0.83,34.79,0.86,5.0,0.87,49.26,0.14,5.0,0.13,49.26,0.16,18.54,0.17,34.79,0.02,0.02,2314.419973,1776198744000
1776198746.288,146.288,0.84,18.54,0.83,34.79,0.86,5.0,0.87,49.26,0.14,5.0,0.13,49.26,0.16,18.54,0.17,34.79,0.02,0.02,2314.384811,1776198745000
1776198747.458,147.458,0.84,18.54,0.83,34.79,0.86,5.0,0.87,49.26,0.14,5.0,0.13,49.26,0.16,18.54,0.17,34.79,0.02,0.02,2314.390674,1776198746000
1776198748.036,148.036,0.84,18.54,0.83,34.79,0.86,5.0,0.87,49.26,0.14,5.0,0.13,49.26,0.16,18.54,0.17,34.79,0.02,0.02,2314.390434,1776198747000
1776198749.161,149.161,0.85,44.79,0.84,23.54,0.86,14.04,0.87,38.26,0.14,14.04,0.13,38.26,0.15,44.79,0.16,23.54,0.01,0.01,2314.479884,1776198748000
1776198749.685,149.685,0.85,44.79,0.84,23.54,0.86,12.87,0.87,28.26,0.14,14.04,0.13,38.26,0.15,44.79,0.16,23.54,0.01,0.01,2314.479884,1776198748000
1776198750.175,150.175,0.85,44.79,0.84,23.54,0.86,12.87,0.87,28.26,0.14,12.87,0.13,28.26,0.15,44.79,0.16,23.54,0.01,0.01,2314.489332,1776198749000
1776198750.528,150.528,0.86,84.23,0.85,65.5,0.87,14.76,0.88,100.5,0.14,12.87,0.13,28.26,0.15,44.79,0.16,23.54,0.01,0.01,2314.489332,1776198749000
1776198751.096,151.096,0.86,89.23,0.85,65.5,0.87,11.85,0.88,100.5,0.13,14.76,0.12,100.5,0.14,84.23,0.15,65.5,0.01,0.01,2314.489332,1776198749000
1776198751.382,151.382,0.86,89.23,0.85,65.5,0.87,11.85,0.88,100.5,0.13,11.85,0.12,100.5,0.14,89.23,0.15,65.5,0.01,0.01,2314.401835,1776198750000
1776198751.895,151.895,0.86,89.23,0.85,65.5,0.87,11.85,0.88,100.5,0.13,11.85,0.12,100.5,0.14,89.23,0.15,65.5,0.01,0.01,2314.401136,1776198751000
1776198752.815,152.815,0.86,84.23,0.85,65.5,0.87,8.12,0.88,100.5,0.13,11.85,0.12,100.5,0.14,89.23,0.15,65.5,0.01,0.01,2314.401136,1776198751000
1776198753.975,153.975,0.86,84.23,0.85,65.5,0.87,3.06,0.88,100.5,0.13,8.12,0.12,100.5,0.14,84.23,0.15,65.5,0.01,0.01,2314.402628,1776198752000
1776198755.186,155.186,0.86,84.23,0.85,65.5,0.87,3.06,0.88,100.5,0.13,3.06,0.12,100.5,0.14,84.23,0.15,65.5,0.01,0.01,2314.396554,1776198754000
1776198756.207,156.207,0.87,53.73,0.86,70.5,0.88,108.5,0.89,25.5,0.13,3.06,0.12,100.5,0.14,84.23,0.15,65.5,0.01,0.01,2314.396554,1776198754000
1776198756.8,156.8,0.87,48.73,0.86,70.5,0.88,113.5,0.89,25.5,0.12,108.5,0.11,25.5,0.13,53.73,0.14,70.5,0.01,0.01,2314.396641,1776198755000
1776198757.339,157.339,0.87,48.73,0.86,70.5,0.88,97.36,0.89,25.5,0.12,113.5,0.11,25.5,0.13,48.73,0.14,70.5,0.01,0.01,2314.396641,1776198755000
1776198757.994,157.994,0.87,48.73,0.86,70.5,0.88,97.36,0.89,25.5,0.12,97.36,0.11,25.5,0.13,48.73,0.14,70.5,0.01,0.01,2314.479992,1776198757000
1776198759.205,159.205,0.87,48.73,0.86,70.5,0.88,97.36,0.89,25.5,0.12,97.36,0.11,25.5,0.13,48.73,0.14,70.5,0.01,0.01,2314.480444,1776198758000
1776198760.108,160.108,0.87,48.73,0.86,70.5,0.88,97.36,0.89,25.5,0.12,97.36,0.11,25.5,0.13,48.73,0.14,70.5,0.01,0.01,2314.398982,1776198759000
1776198761.493,161.493,0.87,48.73,0.86,70.5,0.88,97.36,0.89,25.5,0.12,97.36,0.11,25.5,0.13,48.73,0.14,70.5,0.01,0.01,2314.397135,1776198760000
1776198761.922,161.922,0.87,26.03,0.86,40.5,0.88,94.36,0.89,25.5,0.12,97.36,0.11,25.5,0.13,48.73,0.14,70.5,0.01,0.01,2314.397135,1776198760000
1776198762.174,162.174,0.87,26.03,0.86,40.5,0.88,94.36,0.89,25.5,0.12,94.36,0.11,25.5,0.13,26.03,0.14,40.5,0.01,0.01,2314.389452,1776198761000
1776198763.408,163.408,0.87,26.03,0.86,40.5,0.88,94.36,0.89,25.5,0.12,94.36,0.11,25.5,0.13,26.03,0.14,40.5,0.01,0.01,2314.389027,1776198762000
1776198764.126,164.126,0.86,35.5,0.85,38.5,0.88,54.91,0.89,15.0,0.12,94.36,0.11,25.5,0.13,26.03,0.14,40.5,0.02,0.01,2314.389027,1776198762000
1776198764.395,164.395,0.86,30.78,0.85,43.5,0.88,54.91,0.89,15.0,0.12,54.91,0.11,15.0,0.14,35.5,0.15,38.5,0.02,0.02,2314.394568,1776198763000
1776198764.662,164.662,0.86,23.63,0.85,43.5,0.87,21.55,0.88,44.91,0.13,16.55,0.12,49.91,0.14,30.78,0.15,43.5,0.01,0.01,2314.394568,1776198763000
1776198764.972,164.972,0.86,23.63,0.85,43.5,0.87,20.38,0.88,44.91,0.13,21.55,0.12,44.91,0.14,23.63,0.15,43.5,0.01,0.01,2314.394568,1776198763000
1776198765.597,165.597,0.86,23.63,0.85,43.5,0.87,20.38,0.88,44.91,0.13,20.38,0.12,44.91,0.14,23.63,0.15,43.5,0.01,0.01,2314.390407,1776198764000
1776198766.325,166.325,0.86,23.63,0.85,43.5,0.87,20.38,0.88,44.91,0.13,20.38,0.12,44.91,0.14,23.63,0.15,43.5,0.01,0.01,2314.385657,1776198765000
1776198767.692,167.692,0.86,23.63,0.85,43.5,0.87,20.38,0.88,44.91,0.13,20.38,0.12,44.91,0.14,23.63,0.15,43.5,0.01,0.01,2314.378738,1776198766000
1776198768.465,168.465,0.86,23.63,0.85,43.5,0.87,20.38,0.88,44.91,0.13,20.38,0.12,44.91,0.14,23.63,0.15,43.5,0.01,0.01,2314.376822,1776198767000
1776198769.065,169.065,0.86,23.63,0.85,43.5,0.87,20.38,0.88,44.91,0.13,20.38,0.12,44.91,0.14,23.63,0.15,43.5,0.01,0.01,2314.377885,1776198768000
1776198769.624,169.624,0.86,40.63,0.85,35.5,0.87,3.38,0.88,8.41,0.13,20.38,0.12,44.91,0.14,23.63,0.15,43.5,0.01,0.01,2314.377885,1776198768000
1776198769.998,169.998,0.88,10.62,0.86,97.63,0.89,6.0,0.9,49.5,0.13,3.38,0.12,8.41,0.14,40.63,0.15,35.5,0.01,0.01,2314.377885,1776198768000
1776198770.536,170.536,0.88,77.37,0.87,20.0,0.89,6.0,0.9,49.5,0.11,6.0,0.1,49.5,0.12,77.37,0.13,20.0,0.01,0.01,2314.382076,1776198769000
1776198770.884,170.884,0.88,82.37,0.87,20.0,0.89,4.87,0.9,49.5,0.11,6.0,0.1,49.5,0.12,77.37,0.13,20.0,0.01,0.01,2314.382076,1776198769000
1776198771.177,171.177,0.88,82.37,0.87,20.0,0.89,4.87,0.9,49.5,0.11,4.87,0.1,49.5,0.12,82.37,0.13,20.0,0.01,0.01,2314.382071,1776198770000
1776198772.535,172.535,0.88,82.37,0.87,20.0,0.89,4.87,0.9,49.5,0.11,4.87,0.1,49.5,0.12,82.37,0.13,20.0,0.01,0.01,2314.480935,1776198771000
1776198773.029,173.029,0.9,25.0,0.89,50.0,0.91,73.57,0.92,93.64,0.11,4.87,0.1,49.5,0.12,82.37,0.13,20.0,0.01,0.01,2314.480935,1776198771000
1776198773.442,173.442,0.89,50.0,0.88,71.87,0.9,35.5,0.91,73.57,0.09,105.71,0.08,93.64,0.11,50.0,0.12,66.87,0.01,0.02,2314.497845,1776198772000
1776198773.918,173.918,0.89,40.9,0.88,71.87,0.9,48.83,0.91,63.57,0.1,35.5,0.09,63.57,0.11,40.9,0.12,71.87,0.01,0.01,2314.497845,1776198772000
1776198774.407,174.407,0.89,40.9,0.88,71.87,0.9,48.83,0.91,63.57,0.1,48.83,0.09,63.57,0.11,40.9,0.12,71.87,0.01,0.01,2314.56093,1776198773000
1776198774.965,174.965,0.88,56.87,0.87,33.5,0.9,67.5,0.91,38.71,0.1,48.83,0.09,63.57,0.11,40.9,0.12,71.87,0.02,0.01,2314.56093,1776198773000
1776198775.392,175.392,0.88,51.25,0.87,28.0,0.89,8.36,0.9,67.5,0.1,67.5,0.09,38.71,0.12,56.87,0.13,33.5,0.01,0.02,2314.521005,1776198774000
1776198775.841,175.841,0.88,43.57,0.87,28.0,0.89,12.46,0.9,67.5,0.11,8.36,0.1,67.5,0.12,51.25,0.13,28.0,0.01,0.01,2314.521005,1776198774000
1776198776.075,176.075,0.87,13.33,0.86,38.63,0.89,9.1,0.9,67.5,0.11,12.46,0.1,67.5,0.12,43.57,0.13,28.0,0.02,0.01,2314.521005,1776198774000
1776198776.516,176.516,0.87,13.33,0.86,38.63,0.89,9.1,0.9,67.5,0.11,9.1,0.1,67.5,0.13,13.33,0.14,38.63,0.02,0.02,2314.455792,1776198775000
1776198777.122,177.122,0.87,13.33,0.86,38.63,0.89,9.1,0.9,67.5,0.11,9.1,0.1,67.5,0.13,13.33,0.14,38.63,0.02,0.02,2314.459132,1776198776000
1776198778.106,178.106,0.87,13.33,0.86,38.63,0.89,9.1,0.9,67.5,0.11,9.1,0.1,67.5,0.13,13.33,0.14,38.63,0.02,0.02,2314.419925,1776198777000
1776198779.15,179.15,0.87,13.33,0.86,38.63,0.89,9.1,0.9,67.5,0.11,9.1,0.1,67.5,0.13,13.33,0.14,38.63,0.02,0.02,2314.422989,1776198778000
1776198780.263,180.263,0.87,13.33,0.86,38.63,0.89,9.1,0.9,67.5,0.11,9.1,0.1,67.5,0.13,13.33,0.14,38.63,0.02,0.02,2314.421624,1776198779000
1776198781.203,181.203,0.88,149.55,0.87,33.33,0.9,1.1,0.91,10.0,0.11,9.1,0.1,67.5,0.13,13.33,0.14,38.63,0.02,0.02,2314.421624,1776198779000
1776198781.857,181.857,0.9,30.5,0.89,56.82,0.92,56.5,0.93,190.81,0.08,71.4,0.07,293.11,0.09,19.9,0.11,126.96,0.02,0.01,2314.43237,1776198780000
1776198782.09,182.09,0.91,10.5,0.9,49.5,0.92,71.94,0.93,190.81,0.08,73.03,0.07,190.81,0.1,30.5,0.11,61.82,0.01,0.02,2314.43237,1776198780000
1776198782.849,182.849,0.91,93.86,0.9,44.5,0.92,80.85,0.93,183.67,0.08,71.94,0.07,190.81,0.09,10.5,0.1,49.5,0.01,0.01,2314.428157,1776198781000
1776198783.054,183.054,0.91,93.86,0.9,44.5,0.92,78.4,0.93,183.67,0.08,80.85,0.07,183.67,0.09,93.86,0.1,44.5,0.01,0.01,2314.428157,1776198781000
1776198783.291,183.291,0.91,93.86,0.9,44.5,0.92,78.4,0.93,183.67,0.08,78.4,0.07,183.67,0.09,93.86,0.1,44.5,0.01,0.01,2314.512572,1776198782000
1776198783.718,183.718,0.91,98.86,0.9,54.5,0.92,40.91,0.93,217.81,0.08,78.4,0.07,183.67,0.09,93.86,0.1,44.5,0.01,0.01,2314.512572,1776198782000
1776198784.304,184.304,0.91,98.86,0.9,54.5,0.92,40.91,0.93,217.81,0.08,40.91,0.07,217.81,0.09,98.86,0.1,54.5,0.01,0.01,2314.576266,1776198783000
1776198785.287,185.287,0.91,98.86,0.9,54.5,0.92,40.91,0.93,217.81,0.08,40.91,0.07,217.81,0.09,98.86,0.1,54.5,0.01,0.01,2314.585465,1776198784000
1776198785.91,185.91,0.91,103.86,0.9,54.5,0.92,32.84,0.93,211.67,0.08,40.91,0.07,217.81,0.09,98.86,0.1,54.5,0.01,0.01,2314.585465,1776198784000
1776198786.409,186.409,0.91,103.86,0.9,54.5,0.92,32.84,0.93,211.67,0.08,32.84,0.07,211.67,0.09,103.86,0.1,54.5,0.01,0.01,2314.58824,1776198785000
1776198786.915,186.915,0.91,103.86,0.9,54.5,0.92,32.84,0.93,211.67,0.08,32.84,0.07,211.67,0.09,103.86,0.1,54.5,0.01,0.01,2314.588765,1776198786000
1776198787.296,187.296,0.91,42.38,0.9,87.7,0.92,27.84,0.93,211.67,0.08,32.84,0.07,211.67,0.09,103.86,0.1,54.5,0.01,0.01,2314.588765,1776198786000
1776198787.839,187.839,0.91,42.38,0.9,87.7,0.92,27.84,0.93,211.67,0.08,27.84,0.07,211.67,0.09,42.38,0.1,87.7,0.01,0.01,2314.610025,1776198787000
1776198788.545,188.545,0.91,62.88,0.9,87.7,0.92,17.4,0.93,221.67,0.08,27.84,0.07,211.67,0.09,42.38,0.1,87.7,0.01,0.01,2314.610025,1776198787000
1776198788.746,188.746,0.91,62.88,0.9,87.7,0.93,229.34,0.94,149.94,0.08,17.4,0.07,221.67,0.09,62.88,0.1,87.7,0.02,0.01,2314.610025,1776198787000
1776198790.043,190.043,0.91,62.88,0.9,87.7,0.93,229.34,0.94,149.94,0.07,229.34,0.06,149.94,0.09,62.88,0.1,87.7,0.02,0.02,2314.62995,1776198789000
1776198790.303,190.303,0.91,62.88,0.9,86.81,0.93,176.78,0.94,85.14,0.07,229.34,0.06,149.94,0.09,62.88,0.1,87.7,0.02,0.02,2314.62995,1776198789000
1776198790.574,190.574,0.91,62.88,0.9,86.81,0.92,5.72,0.93,176.78,0.07,176.78,0.06,85.14,0.09,62.88,0.1,86.81,0.01,0.02,2314.62995,1776198789000
1776198790.882,190.882,0.91,67.88,0.9,86.81,0.93,176.78,0.94,110.14,0.08,5.72,0.07,176.78,0.09,62.88,0.1,86.81,0.02,0.01,2314.62995,1776198789000
1776198791.325,191.325,0.91,62.88,0.9,86.81,0.93,175.02,0.94,94.14,0.07,175.02,0.06,94.14,0.09,62.88,0.1,86.81,0.02,0.02,2314.635402,1776198790000
1776198791.738,191.738,0.92,114.15,0.91,62.88,0.93,169.92,0.94,89.14,0.07,175.02,0.06,94.14,0.09,62.88,0.1,86.81,0.01,0.02,2314.635402,1776198790000
1776198792.01,192.01,0.92,114.15,0.91,62.88,0.93,169.92,0.94,89.14,0.07,169.92,0.06,89.14,0.08,114.15,0.09,62.88,0.01,0.01,2314.641715,1776198791000
1776198793.241,193.241,0.92,127.15,0.91,52.88,0.93,174.92,0.94,60.14,0.07,174.92,0.06,60.14,0.08,127.15,0.09,52.88,0.01,0.01,2314.65112,1776198792000
1776198794.362,194.362,0.92,127.15,0.91,52.88,0.93,166.69,0.94,62.14,0.07,166.69,0.06,62.14,0.08,127.15,0.09,52.88,0.01,0.01,2314.655215,1776198793000
1776198794.812,194.812,0.92,121.0,0.91,52.88,0.93,171.69,0.94,47.14,0.07,166.69,0.06,62.14,0.08,127.15,0.09,52.88,0.01,0.01,2314.655215,1776198793000
1776198795.364,195.364,0.92,121.0,0.91,52.88,0.93,171.69,0.94,47.14,0.07,171.69,0.06,47.14,0.08,121.0,0.09,52.88,0.01,0.01,2314.65982,1776198794000
1776198795.869,195.869,0.92,126.0,0.91,52.88,0.93,163.56,0.94,44.14,0.07,164.64,0.06,32.14,0.08,126.0,0.09,52.88,0.01,0.01,2314.65982,1776198794000
1776198797.135,197.135,0.92,126.0,0.91,52.88,0.93,163.56,0.94,44.14,0.07,163.56,0.06,44.14,0.08,126.0,0.09,52.88,0.01,0.01,2314.651245,1776198796000
1776198798.279,198.279,0.92,126.0,0.91,52.88,0.93,163.56,0.94,44.14,0.07,163.56,0.06,44.14,0.08,126.0,0.09,52.88,0.01,0.01,2314.64143,1776198797000
1776198798.984,198.984,0.92,65.85,0.91,91.37,0.93,164.88,0.94,34.14,0.07,163.56,0.06,44.14,0.08,126.0,0.09,52.88,0.01,0.01,2314.64143,1776198797000
1776198799.507,199.507,0.92,65.85,0.91,91.37,0.93,164.88,0.94,34.14,0.07,164.88,0.06,34.14,0.08,65.85,0.09,91.37,0.01,0.01,2314.65466,1776198798000
1776198800.079,200.079,0.92,58.5,0.91,93.9,0.93,30.9,0.94,34.14,0.07,30.9,0.06,34.14,0.08,58.5,0.09,93.9,0.01,0.01,2314.653816,1776198799000
1776198801.172,201.172,0.92,58.5,0.91,93.9,0.93,30.9,0.94,34.14,0.07,30.9,0.06,34.14,0.08,58.5,0.09,93.9,0.01,0.01,2314.646909,1776198800000
1776198802.327,202.327,0.92,58.5,0.91,93.9,0.93,30.9,0.94,34.14,0.07,30.9,0.06,34.14,0.08,58.5,0.09,93.9,0.01,0.01,2314.70832,1776198801000
1776198802.896,202.896,0.93,26.0,0.92,53.5,0.94,30.88,0.95,184.94,0.07,30.9,0.06,34.14,0.08,58.5,0.09,93.9,0.01,0.01,2314.70832,1776198801000
1776198803.53,203.53,0.93,63.58,0.92,53.5,0.94,24.81,0.95,154.08,0.06,30.88,0.05,184.94,0.07,26.0,0.08,53.5,0.01,0.01,2314.706096,1776198802000
1776198804.204,204.204,0.93,63.58,0.92,53.5,0.94,24.81,0.95,154.08,0.06,24.81,0.05,154.08,0.07,63.58,0.08,53.5,0.01,0.01,2314.702697,1776198803000
1776198805.368,205.368,0.93,63.58,0.92,53.5,0.94,24.81,0.95,154.08,0.06,24.81,0.05,154.08,0.07,63.58,0.08,53.5,0.01,0.01,2314.702442,1776198804000
1776198805.905,205.905,0.93,63.58,0.92,53.5,0.94,24.81,0.95,154.08,0.06,24.81,0.05,154.08,0.07,63.58,0.08,53.5,0.01,0.01,2314.701812,1776198805000
1776198806.642,206.642,0.93,38.29,0.92,35.5,0.94,29.81,0.95,75.94,0.06,24.81,0.05,154.08,0.07,63.58,0.08,53.5,0.01,0.01,2314.701812,1776198805000
1776198806.844,206.844,0.93,38.29,0.92,35.5,0.94,29.81,0.95,75.94,0.06,29.81,0.05,75.94,0.07,38.29,0.08,35.5,0.01,0.01,2314.702941,1776198806000
1776198807.882,207.882,0.93,49.58,0.92,35.5,0.94,18.42,0.95,75.94,0.06,29.81,0.05,75.94,0.07,38.29,0.08,35.5,0.01,0.01,2314.702941,1776198806000
1776198808.26,208.26,0.93,59.58,0.92,35.5,0.95,71.19,0.96,280.8,0.06,18.42,0.05,75.94,0.07,49.58,0.08,35.5,0.02,0.01,2314.699775,1776198807000
1776198809.024,209.024,0.93,59.58,0.92,35.5,0.95,71.19,0.96,280.8,0.05,71.19,0.04,280.8,0.07,59.58,0.08,35.5,0.02,0.02,2314.6836,1776198808000
1776198809.478,209.478,0.94,53.72,0.93,15.0,0.95,162.47,0.96,275.8,0.05,71.19,0.04,280.8,0.07,59.58,0.08,35.5,0.01,0.02,2314.6836,1776198808000
1776198809.989,209.989,0.94,53.72,0.93,15.0,0.95,162.47,0.96,275.8,0.05,162.47,0.04,275.8,0.06,53.72,0.07,15.0,0.01,0.01,2314.648733,1776198809000
1776198810.975,210.975,0.94,53.72,0.93,15.0,0.95,141.41,0.96,275.8,0.05,141.41,0.04,275.8,0.06,53.72,0.07,15.0,0.01,0.01,2314.714199,1776198810000
1776198812.046,212.046,0.94,58.72,0.93,20.0,0.95,127.14,0.96,275.8,0.05,127.14,0.04,275.8,0.06,58.72,0.07,20.0,0.01,0.01,2314.627127,1776198811000
1776198812.254,212.254,0.94,58.72,0.93,30.5,0.95,134.01,0.96,275.8,0.05,127.14,0.04,275.8,0.06,58.72,0.07,20.0,0.01,0.01,2314.627127,1776198811000
1776198812.733,212.733,0.94,58.72,0.93,30.5,0.95,114.01,0.96,275.8,0.05,134.01,0.04,275.8,0.06,58.72,0.07,30.5,0.01,0.01,2314.627127,1776198811000
1776198812.957,212.957,0.94,58.72,0.93,30.5,0.95,112.95,0.96,275.8,0.05,114.01,0.04,275.8,0.06,58.72,0.07,30.5,0.01,0.01,2314.627127,1776198811000
1776198814.044,214.044,0.94,58.72,0.93,30.5,0.95,112.95,0.96,275.8,0.05,112.95,0.04,275.8,0.06,58.72,0.07,30.5,0.01,0.01,2314.610031,1776198813000
1776198814.75,214.75,0.94,76.72,0.93,30.5,0.95,90.95,0.96,275.8,0.05,112.95,0.04,275.8,0.06,58.72,0.07,30.5,0.01,0.01,2314.610031,1776198813000
1776198815.185,215.185,0.94,76.72,0.93,30.5,0.95,80.95,0.96,275.8,0.05,90.95,0.04,275.8,0.06,76.72,0.07,30.5,0.01,0.01,2314.610031,1776198813000
1776198816.178,216.178,0.92,35.5,0.91,100.5,0.93,14.5,0.95,149.75,0.05,80.95,0.04,275.8,0.06,76.72,0.07,30.5,0.01,0.01,2314.623661,1776198814000
1776198816.484,216.484,0.92,180.9,0.91,95.5,0.93,3.14,0.95,73.95,0.07,14.5,0.05,149.75,0.08,35.5,0.09,100.5,0.01,0.01,2314.634343,1776198815000
1776198816.942,216.942,0.92,180.9,0.91,95.5,0.93,1.14,0.95,68.95,0.07,3.14,0.05,73.95,0.08,180.9,0.09,95.5,0.01,0.01,2314.634343,1776198815000
1776198817.221,217.221,0.92,180.9,0.91,95.5,0.93,1.14,0.95,68.95,0.07,1.14,0.05,68.95,0.08,180.9,0.09,95.5,0.01,0.01,2314.646836,1776198816000
1776198817.865,217.865,0.92,109.4,0.91,25.0,0.93,17.16,0.94,39.14,0.07,1.14,0.05,68.95,0.08,180.9,0.09,95.5,0.01,0.01,2314.646836,1776198816000
1776198818.532,218.532,0.92,111.9,0.91,25.0,0.93,27.16,0.94,119.94,0.07,17.16,0.06,39.14,0.08,109.4,0.09,25.0,0.01,0.01,2314.646836,1776198816000
1776198818.844,218.844,0.92,111.9,0.91,25.0,0.93,27.16,0.94,119.94,0.07,27.16,0.06,119.94,0.08,111.9,0.09,25.0,0.01,0.01,2314.592895,1776198817000
1776198819.069,219.069,0.92,98.15,0.91,30.0,0.93,11.14,0.94,102.94,0.07,11.14,0.06,102.94,0.08,116.9,0.09,30.0,0.01,0.01,2314.592895,1776198817000
1776198819.42,219.42,0.92,103.15,0.91,30.0,0.93,9.52,0.94,102.94,0.07,9.52,0.06,102.94,0.08,103.15,0.09,30.0,0.01,0.01,2314.60909,1776198818000
1776198819.999,219.999,0.92,98.15,0.91,30.0,0.94,79.84,0.95,221.75,0.06,88.4,0.05,226.75,0.08,98.15,0.09,30.0,0.02,0.02,2314.60909,1776198818000
1776198820.716,220.716,0.93,176.4,0.92,20.0,0.94,77.63,0.95,221.75,0.06,79.84,0.05,221.75,0.08,98.15,0.09,30.0,0.01,0.02,2314.403727,1776198819000
1776198820.937,220.937,0.93,156.4,0.92,15.0,0.94,71.75,0.95,221.75,0.06,68.35,0.05,221.75,0.07,171.4,0.08,20.0,0.01,0.01,2314.403727,1776198819000
1776198821.203,221.203,0.93,156.4,0.92,15.0,0.94,71.75,0.95,221.75,0.06,71.75,0.05,221.75,0.07,156.4,0.08,15.0,0.01,0.01,2314.353736,1776198820000
1776198821.541,221.541,0.93,166.4,0.92,15.0,0.94,59.78,0.95,221.75,0.06,71.75,0.05,221.75,0.07,156.4,0.08,15.0,0.01,0.01,2314.353736,1776198820000
1776198821.894,221.894,0.93,171.4,0.92,20.0,0.94,58.55,0.95,221.75,0.06,59.78,0.05,221.75,0.07,166.4,0.08,15.0,0.01,0.01,2314.353736,1776198820000
1776198822.261,222.261,0.94,11.9,0.93,99.31,0.95,231.75,0.96,274.8,0.06,58.55,0.05,221.75,0.07,171.4,0.08,20.0,0.01,0.01,2314.353736,1776198820000
1776198822.788,222.788,0.94,11.9,0.93,94.31,0.95,230.69,0.96,274.8,0.05,231.75,0.04,274.8,0.06,11.9,0.07,99.31,0.01,0.01,2314.353736,1776198820000
1776198823.208,223.208,0.94,11.9,0.93,94.31,0.95,230.69,0.96,274.8,0.05,230.69,0.04,274.8,0.06,11.9,0.07,94.31,0.01,0.01,2314.386649,1776198822000
1776198825.107,225.107,0.94,11.9,0.93,94.31,0.95,230.69,0.96,274.8,0.05,230.69,0.04,274.8,0.06,11.9,0.07,94.31,0.01,0.01,2314.369537,1776198824000
1776198826.336,226.336,0.94,11.9,0.93,94.31,0.95,230.69,0.96,274.8,0.05,230.69,0.04,274.8,0.06,11.9,0.07,94.31,0.01,0.01,2314.342218,1776198825000
1776198826.969,226.969,0.94,11.9,0.93,94.31,0.95,230.69,0.96,274.8,0.05,230.69,0.04,274.8,0.06,11.9,0.07,94.31,0.01,0.01,2314.342161,1776198826000
1776198828.096,228.096,0.94,11.9,0.93,94.31,0.95,230.69,0.96,274.8,0.05,230.69,0.04,274.8,0.06,11.9,0.07,94.31,0.01,0.01,2314.389493,1776198827000
1776198829.474,229.474,0.94,11.9,0.93,94.31,0.95,230.69,0.96,274.8,0.05,230.69,0.04,274.8,0.06,11.9,0.07,94.31,0.01,0.01,2314.386259,1776198828000
1776198829.881,229.881,0.94,80.0,0.93,93.83,0.95,48.75,0.96,56.14,0.05,230.69,0.04,274.8,0.06,11.9,0.07,94.31,0.01,0.01,2314.386259,1776198828000
1776198831.189,231.189,0.94,80.0,0.93,93.83,0.95,48.75,0.96,56.14,0.05,48.75,0.04,56.14,0.06,80.0,0.07,93.83,0.01,0.01,2314.653861,1776198830000
1776198831.85,231.85,0.95,85.0,0.94,143.3,0.97,149.14,0.98,697.93,0.04,35.0,0.03,213.14,0.06,88.5,0.07,155.53,0.02,0.02,2314.653861,1776198830000
1776198832.273,232.273,0.96,28.0,0.95,73.0,0.97,160.0,0.98,697.93,0.03,160.0,0.02,697.93,0.04,28.0,0.05,73.0,0.01,0.01,2314.775853,1776198831000
1776198832.546,232.546,0.96,174.89,0.95,163.8,0.97,132.89,0.98,997.93,0.03,148.89,0.02,697.93,0.04,181.13,0.05,163.8,0.01,0.01,2314.775853,1776198831000
1776198832.818,232.818,0.96,189.89,0.95,153.8,0.97,115.89,0.98,697.93,0.03,132.89,0.02,997.93,0.04,174.89,0.05,163.8,0.01,0.01,2314.775853,1776198831000
1776198833.936,233.936,0.96,189.89,0.95,153.8,0.97,115.89,0.98,697.93,0.03,115.89,0.02,697.93,0.04,189.89,0.05,153.8,0.01,0.01,2314.72471,1776198833000
1776198834.199,234.199,0.96,409.01,0.95,173.3,0.97,26.16,0.98,237.37,0.03,36.16,0.02,249.37,0.04,331.59,0.05,143.3,0.01,0.01,2314.72471,1776198833000
1776198834.408,234.408,0.96,409.01,0.95,430.29,0.97,4.84,0.98,164.01,0.02,173.15,0.01,2458.1,0.04,409.01,0.05,420.29,0.01,0.02,2314.72471,1776198833000
1776198834.652,234.652,0.97,22.0,0.96,404.01,0.98,131.9,0.99,2579.24,0.02,148.9,0.01,2879.24,0.03,10.0,0.04,409.01,0.01,0.01,2314.72471,1776198833000
1776198834.946,234.946,0.97,196.7,0.96,399.01,0.98,187.4,0.99,2279.24,0.02,131.9,0.01,2579.24,0.03,22.0,0.04,404.01,0.01,0.01,2314.72471,1776198833000
1776198835.359,235.359,0.97,368.11,0.96,229.46,0.98,177.29,0.99,2279.24,0.02,182.4,0.01,2279.24,0.03,196.7,0.04,399.01,0.01,0.01,2314.72471,1776198833000
1776198835.702,235.702,0.97,363.11,0.96,229.46,0.98,171.26,0.99,2279.24,0.02,171.26,0.01,2279.24,0.03,363.11,0.04,229.46,0.01,0.01,2314.860133,1776198834000
1776198836.283,236.283,0.97,368.11,0.96,229.46,0.98,143.76,0.99,2289.24,0.02,171.26,0.01,2279.24,0.03,363.11,0.04,229.46,0.01,0.01,2314.860133,1776198834000
1776198836.804,236.804,0.97,341.69,0.96,229.46,0.98,143.76,0.99,2289.24,0.02,143.76,0.01,2289.24,0.03,341.69,0.04,229.46,0.01,0.01,2315.213637,1776198835000
1776198837.033,237.033,0.97,341.69,0.96,239.46,0.98,127.64,0.99,2290.24,0.02,132.64,0.01,2146.24,0.03,346.69,0.04,239.46,0.01,0.01,2315.213637,1776198835000
1776198837.296,237.296,0.97,351.69,0.96,456.45,0.99,1918.24,,,0.02,33.22,0.01,1990.24,0.03,346.69,0.04,239.46,0.02,0.01,2315.213637,1776198835000
1776198837.658,237.658,0.98,341.7,0.97,346.69,0.99,1996.24,,,0.01,1918.24,,,0.03,351.69,0.04,456.45,0.01,0.02,2315.345713,1776198836000
1776198837.872,237.872,0.98,346.7,0.97,351.69,0.99,1991.92,,,0.01,1995.22,,,0.02,346.7,0.03,351.69,0.01,0.01,2315.345713,1776198836000
1776198838.175,238.175,0.98,514.92,0.97,185.28,0.99,1921.86,,,0.01,1981.87,,,0.02,341.7,0.03,185.28,0.01,0.01,2315.345713,1776198836000
1776198838.895,238.895,0.98,525.11,0.97,185.28,0.99,1763.86,,,0.01,1921.86,,,0.02,514.92,0.03,185.28,0.01,0.01,2315.33834,1776198837000
1776198839.559,239.559,0.98,525.11,0.97,185.28,0.99,1763.86,,,0.01,1763.86,,,0.02,525.11,0.03,185.28,0.01,0.01,2315.49953,1776198838000
1776198839.899,239.899,0.98,525.11,0.97,186.28,0.99,1757.86,,,0.01,1763.86,,,0.02,525.11,0.03,185.28,0.01,0.01,2315.49953,1776198838000
1776198840.181,240.181,0.98,525.11,0.97,186.28,0.99,1757.86,,,0.01,1757.86,,,0.02,525.11,0.03,186.28,0.01,0.01,2315.670903,1776198839000
1776198841.536,241.536,0.98,530.11,0.97,186.28,,,,,,,,,0.02,530.11,0.03,186.28,,,2315.670443,1776198840000
1776198841.882,241.882,0.99,381.09,0.98,254.89,,,,,,,,,0.02,530.11,0.03,186.28,,,2315.670443,1776198840000
1776198842.304,242.304,0.99,381.09,0.98,254.89,,,,,,,,,0.01,381.09,0.02,254.89,,,2315.691212,1776198841000
1776198843.223,243.223,0.99,301.09,0.98,249.89,,,,,,,,,0.01,381.09,0.02,254.89,,,2315.691212,1776198841000
1776198843.466,243.466,0.99,301.09,0.98,249.89,,,,,,,,,0.01,301.09,0.02,249.89,,,2315.66182,1776198842000
1776198844.119,244.119,0.99,301.09,0.98,249.89,,,,,,,,,0.01,301.09,0.02,249.89,,,2315.655525,1776198843000
1776198844.448,244.448,0.99,144.15,0.98,244.89,,,,,,,,,0.01,301.09,0.02,249.89,,,2315.655525,1776198843000
1776198845.527,245.527,0.99,144.15,0.98,244.89,,,,,,,,,0.01,144.15,0.02,244.89,,,2315.752551,1776198844000
1776198846.202,246.202,0.99,144.15,0.98,244.89,,,,,,,,,0.01,144.15,0.02,244.89,,,2315.65154,1776198845000
1776198847.439,247.439,0.99,144.15,0.98,244.89,,,,,,,,,0.01,144.15,0.02,244.89,,,2315.789197,1776198846000
1776198848.135,248.135,0.99,537.91,0.98,252.89,,,,,,,,,0.01,537.91,0.02,252.89,,,2315.738806,1776198847000
1776198849.318,249.318,0.99,537.91,0.98,252.89,,,,,,,,,0.01,537.91,0.02,252.89,,,2315.64401,1776198848000
1776198849.981,249.981,0.99,537.91,0.98,252.89,,,,,,,,,0.01,537.91,0.02,252.89,,,2315.644175,1776198849000
1776198851.156,251.156,0.99,537.91,0.98,252.89,,,,,,,,,0.01,537.91,0.02,252.89,,,2315.70195,1776198850000
1776198852.966,252.966,0.99,537.91,0.98,252.89,,,,,,,,,0.01,537.91,0.02,252.89,,,2315.755244,1776198851000
1776198853.182,253.182,0.99,500.91,0.98,221.89,,,,,,,,,0.01,520.91,0.02,221.89,,,2315.755244,1776198851000
1776198853.518,253.518,0.99,500.91,0.98,221.89,,,,,,,,,0.01,500.91,0.02,221.89,,,2315.757629,1776198852000
1776198854.044,254.044,0.99,500.91,0.98,221.89,,,,,,,,,0.01,500.91,0.02,221.89,,,2315.809673,1776198853000
1776198854.844,254.844,0.99,565.62,0.98,211.89,,,,,,,,,0.01,500.91,0.02,221.89,,,2315.809673,1776198853000
1776198855.282,255.282,0.99,565.62,0.98,211.89,,,,,,,,,0.01,565.62,0.02,211.89,,,2315.394482,1776198854000
1776198855.964,255.964,0.99,565.62,0.98,211.89,,,,,,,,,0.01,565.62,0.02,211.89,,,2315.367215,1776198855000
1776198857.075,257.075,0.99,565.62,0.98,211.89,,,,,,,,,0.01,565.62,0.02,211.89,,,2315.367215,1776198856000
1776198858.347,258.347,0.99,565.62,0.98,211.89,,,,,,,,,0.01,565.62,0.02,211.89,,,2315.356953,1776198857000
1776198858.885,258.885,0.99,565.62,0.98,211.89,,,,,,,,,0.01,565.62,0.02,211.89,,,2315.356903,1776198858000
1776198859.524,259.524,0.99,616.51,0.98,211.89,,,,,,,,,0.01,565.62,0.02,211.89,,,2315.356903,1776198858000
1776198859.822,259.822,0.99,616.51,0.98,211.89,,,,,,,,,0.01,616.51,0.02,211.89,,,2315.456104,1776198859000
1776198860.963,260.963,0.99,616.51,0.98,211.89,,,,,,,,,0.01,616.51,0.02,211.89,,,2315.363004,1776198860000
1776198862.165,262.165,0.99,616.51,0.98,211.89,,,,,,,,,0.01,616.51,0.02,211.89,,,2315.362189,1776198861000
1776198863.242,263.242,0.99,616.51,0.98,211.89,,,,,,,,,0.01,616.51,0.02,211.89,,,2315.361158,1776198862000
1776198863.948,263.948,0.99,616.51,0.98,211.89,,,,,,,,,0.01,616.51,0.02,211.89,,,2315.387303,1776198863000
1776198865.015,265.015,0.99,616.51,0.98,211.89,,,,,,,,,0.01,616.51,0.02,211.89,,,2315.367669,1776198864000
1776198866.157,266.157,0.99,616.51,0.98,211.89,,,,,,,,,0.01,616.51,0.02,211.89,,,2315.41384,1776198865000
1776198867.873,267.873,0.99,616.51,0.98,211.89,,,,,,,,,0.01,616.51,0.02,211.89,,,2315.399843,1776198866000
1776198868.741,268.741,0.99,616.51,0.98,211.89,,,,,,,,,0.01,616.51,0.02,211.89,,,2315.432283,1776198867000
1776198869.326,269.326,0.99,616.51,0.98,211.89,,,,,,,,,0.01,616.51,0.02,211.89,,,2315.363735,1776198868000
1776198870.165,270.165,0.99,616.51,0.98,211.89,,,,,,,,,0.01,616.51,0.02,211.89,,,2315.36295,1776198869000
1776198871.579,271.579,0.99,616.51,0.98,211.89,,,,,,,,,0.01,616.51,0.02,211.89,,,2315.361571,1776198870000
1776198872.36,272.36,0.99,616.51,0.98,211.89,,,,,,,,,0.01,616.51,0.02,211.89,,,2315.36118,1776198871000
1776198872.982,272.982,0.99,616.51,0.98,211.89,,,,,,,,,0.01,616.51,0.02,211.89,,,2315.360326,1776198872000
1776198874.313,274.313,0.99,616.51,0.98,211.89,,,,,,,,,0.01,616.51,0.02,211.89,,,2315.360126,1776198873000
1776198874.53,274.53,0.99,616.85,0.98,477.69,,,,,,,,,0.01,616.51,0.02,211.89,,,2315.360126,1776198873000
1776198875.596,275.596,0.99,616.85,0.98,477.69,,,,,,,,,0.01,616.85,0.02,477.69,,,2315.362325,1776198874000
1776198876.37,276.37,0.99,616.85,0.98,477.69,,,,,,,,,0.01,616.85,0.02,477.69,,,2315.358957,1776198875000
1776198876.942,276.942,0.99,616.85,0.98,477.69,,,,,,,,,0.01,616.85,0.02,477.69,,,2315.357567,1776198876000
1776198878.738,278.738,0.99,616.85,0.98,477.69,,,,,,,,,0.01,616.85,0.02,477.69,,,2315.484243,1776198877000
1776198879.743,279.743,0.99,616.85,0.98,477.69,,,,,,,,,0.01,616.85,0.02,477.69,,,2315.356377,1776198878000
1776198880.679,280.679,0.99,616.85,0.98,477.69,,,,,,,,,0.01,616.85,0.02,477.69,,,2315.376922,1776198879000
1776198881.559,281.559,0.99,616.85,0.98,477.69,,,,,,,,,0.01,616.85,0.02,477.69,,,2315.358913,1776198880000
1776198882.182,282.182,0.99,616.85,0.98,477.69,,,,,,,,,0.01,616.85,0.02,477.69,,,2315.482407,1776198881000
1776198883.925,283.925,0.99,616.85,0.98,477.69,,,,,,,,,0.01,616.85,0.02,477.69,,,2315.358454,1776198882000
1776198884.883,284.883,0.99,616.85,0.98,477.69,,,,,,,,,0.01,616.85,0.02,477.69,,,2315.357981,1776198883000
1776198885.692,285.692,0.99,616.85,0.98,477.69,,,,,,,,,0.01,616.85,0.02,477.69,,,2315.357201,1776198884000
1776198886.383,286.383,0.99,616.85,0.98,477.69,,,,,,,,,0.01,616.85,0.02,477.69,,,2315.3588,1776198885000
1776198887.532,287.532,0.99,616.85,0.98,477.69,,,,,,,,,0.01,616.85,0.02,477.69,,,2315.357126,1776198886000
1776198887.779,287.779,0.99,4599.85,0.98,126.0,,,,,,,,,0.01,616.85,0.02,477.69,,,2315.357126,1776198886000
1776198888.127,288.127,0.99,4599.85,0.98,126.0,,,,,,,,,0.01,4599.85,0.02,126.0,,,2315.17179,1776198887000
1776198889.057,289.057,0.99,4599.85,0.98,126.0,,,,,,,,,0.01,4599.85,0.02,126.0,,,2315.010718,1776198888000
1776198890.169,290.169,0.99,4599.85,0.98,126.0,,,,,,,,,0.01,4599.85,0.02,126.0,,,2315.010108,1776198889000
1776198891.154,291.154,0.99,4544.92,0.98,305.99,,,,,,,,,0.01,4599.85,0.02,126.0,,,2315.010108,1776198889000
1776198892.257,292.257,0.99,4544.92,0.98,305.99,,,,,,,,,0.01,4544.92,0.02,305.99,,,2314.506408,1776198891000
1776198893.219,293.219,0.99,4544.92,0.98,305.99,,,,,,,,,0.01,4544.92,0.02,305.99,,,2314.38173,1776198892000
1776198894.279,294.279,0.99,4544.92,0.98,305.99,,,,,,,,,0.01,4544.92,0.02,305.99,,,2314.436261,1776198893000
1776198895.245,295.245,0.99,3484.97,0.98,18.0,,,,,,,,,0.01,4544.92,0.02,305.99,,,2314.436261,1776198893000
1776198895.74,295.74,0.99,302.65,0.98,18.0,,,,,,,,,0.01,3484.97,0.02,18.0,,,2314.32,1776198894000
1776198896.395,296.395,0.99,286.59,0.98,18.0,,,,,,,,,0.01,286.59,0.02,18.0,,,2313.80195,1776198895000
1776198897.376,297.376,0.99,286.59,0.98,18.0,,,,,,,,,0.01,286.59,0.02,18.0,,,2313.628439,1776198896000
1776198897.89,297.89,0.99,286.59,0.98,18.0,,,,,,,,,0.01,286.59,0.02,18.0,,,2313.511459,1776198897000
1776198898.609,298.609,0.99,419.09,0.98,18.0,,,,,,,,,0.01,334.09,0.02,28.0,,,2313.511459,1776198897000
1776198899.047,299.047,0.99,419.09,0.98,18.0,,,,,,,,,0.01,419.09,0.02,18.0,,,2313.480071,1776198898000
1776198899.928,299.928,0.99,419.09,0.98,18.0,,,,,,,,,0.01,419.09,0.02,18.0,,,2313.17837,1776198899000

# RESULT,winner=Up,slug=eth-updown-5m-1776198600,ticks=456
