timestamp,elapsed_sec,up_bid_p1,up_bid_s1,up_bid_p2,up_bid_s2,up_ask_p1,up_ask_s1,up_ask_p2,up_ask_s2,down_bid_p1,down_bid_s1,down_bid_p2,down_bid_s2,down_ask_p1,down_ask_s1,down_ask_p2,down_ask_s2,up_spread,down_spread,eth_price,eth_oracle_ts
1776378000.73,0.73,0.51,17.88,0.5,225.0,0.53,70.0,0.54,70.0,0.47,85.0,0.46,85.0,0.5,25.0,0.51,20.71,0.02,0.03,2341.453289,1776377999000
1776378001.209,1.209,0.52,33.0,0.51,30.88,0.53,68.11,0.54,75.0,0.47,70.0,0.46,70.0,0.49,17.88,0.5,225.0,0.01,0.02,2341.45494,1776378000000
1776378001.946,1.946,0.52,38.0,0.51,35.88,0.53,65.66,0.54,75.0,0.47,66.22,0.46,75.0,0.48,33.0,0.49,30.88,0.01,0.01,2341.45494,1776378000000
1776378002.386,2.386,0.52,35.0,0.51,35.88,0.53,59.84,0.54,75.0,0.47,65.66,0.46,75.0,0.48,35.0,0.49,35.88,0.01,0.01,2341.652644,1776378001000
1776378003.053,3.053,0.52,35.0,0.51,35.88,0.53,40.97,0.54,75.0,0.47,40.97,0.46,75.0,0.48,35.0,0.49,35.88,0.01,0.01,2341.698182,1776378002000
1776378003.871,3.871,0.52,35.0,0.51,45.88,0.53,29.64,0.54,75.0,0.47,40.97,0.46,75.0,0.48,35.0,0.49,35.88,0.01,0.01,2341.698182,1776378002000
1776378004.291,4.291,0.52,45.0,0.51,45.88,0.53,27.6,0.54,75.0,0.47,29.64,0.46,75.0,0.48,35.0,0.49,45.88,0.01,0.01,2341.709441,1776378003000
1776378004.914,4.914,0.52,55.0,0.51,45.88,0.53,18.43,0.54,80.0,0.47,27.6,0.46,75.0,0.48,45.0,0.49,45.88,0.01,0.01,2341.709441,1776378003000
1776378005.408,5.408,0.52,233.22,0.51,45.88,0.53,3.43,0.54,80.0,0.47,3.43,0.46,80.0,0.48,55.0,0.49,45.88,0.01,0.01,2341.693662,1776378004000
1776378005.976,5.976,0.52,233.22,0.51,45.88,0.53,3.43,0.54,80.0,0.47,3.43,0.46,80.0,0.48,233.22,0.49,45.88,0.01,0.01,2341.693695,1776378005000
1776378006.407,6.407,0.52,238.22,0.51,45.88,0.53,1.54,0.54,80.0,0.47,3.43,0.46,80.0,0.48,233.22,0.49,45.88,0.01,0.01,2341.693695,1776378005000
1776378006.814,6.814,0.52,238.22,0.51,45.88,0.54,78.49,0.55,95.0,0.47,1.54,0.46,80.0,0.48,238.22,0.49,45.88,0.02,0.01,2341.693695,1776378005000
1776378007.173,7.173,0.52,238.22,0.51,45.88,0.54,78.49,0.55,95.0,0.46,78.49,0.45,95.0,0.48,238.22,0.49,45.88,0.02,0.02,2341.694032,1776378006000
1776378008.099,8.099,0.56,58.0,0.55,33.0,0.57,182.85,0.58,70.0,0.46,78.49,0.45,95.0,0.48,238.22,0.49,45.88,0.01,0.02,2341.694032,1776378006000
1776378008.425,8.425,0.56,73.0,0.55,38.0,0.57,177.85,0.58,70.0,0.43,182.85,0.42,70.0,0.44,58.0,0.45,33.0,0.01,0.01,2341.694041,1776378007000
1776378009.134,9.134,0.56,73.0,0.55,38.0,0.57,177.85,0.58,70.0,0.43,177.85,0.42,70.0,0.44,73.0,0.45,38.0,0.01,0.01,2341.718429,1776378008000
1776378009.349,9.349,0.56,102.59,0.55,43.0,0.57,166.09,0.58,85.0,0.43,176.09,0.42,85.0,0.44,57.0,0.45,43.0,0.01,0.01,2341.718429,1776378008000
1776378010.081,10.081,0.57,28.0,0.56,93.59,0.58,277.0,0.59,15.0,0.43,166.09,0.42,85.0,0.44,102.59,0.45,43.0,0.01,0.01,2341.718429,1776378008000
1776378010.399,10.399,0.57,28.0,0.56,43.0,0.58,271.85,0.59,15.0,0.42,275.27,0.41,15.0,0.43,28.0,0.44,93.59,0.01,0.01,2342.067923,1776378009000
1776378011.181,11.181,0.57,51.53,0.56,43.0,0.58,185.79,0.59,5.0,0.42,187.85,0.41,5.0,0.43,51.53,0.44,43.0,0.01,0.01,2342.086522,1776378010000
1776378011.422,11.422,0.57,51.53,0.56,43.0,0.58,185.61,0.59,5.0,0.42,185.79,0.41,5.0,0.43,51.53,0.44,43.0,0.01,0.01,2342.086522,1776378010000
1776378013.591,13.591,0.57,13.0,0.56,28.0,0.58,148.61,0.59,10.0,0.42,153.61,0.41,5.0,0.43,51.53,0.44,43.0,0.01,0.01,2342.078861,1776378011000
1776378014.427,14.427,0.56,5.5,0.55,10.5,0.58,235.05,0.59,69.0,0.42,150.55,0.41,10.0,0.43,23.0,0.44,28.0,0.02,0.01,2342.110728,1776378012000
1776378014.984,14.984,0.52,265.22,0.51,75.38,0.53,25.0,0.54,36.5,0.44,15.0,0.43,85.0,0.45,5.5,0.46,44.5,0.01,0.01,2342.093071,1776378013000
1776378015.219,15.219,0.52,243.94,0.51,63.38,0.53,60.0,0.54,41.5,0.47,25.0,0.46,36.5,0.48,254.47,0.49,75.38,0.01,0.01,2342.093071,1776378013000
1776378015.477,15.477,0.52,114.19,0.51,52.88,0.53,72.5,0.54,41.5,0.47,72.5,0.46,41.5,0.48,199.94,0.49,52.88,0.01,0.01,2342.07987,1776378014000
1776378015.814,15.814,0.52,112.1,0.51,52.88,0.53,92.5,0.54,36.5,0.47,72.5,0.46,41.5,0.48,114.19,0.49,52.88,0.01,0.01,2342.07987,1776378014000
1776378016.189,16.189,0.52,7.4,0.51,52.88,0.53,107.5,0.54,106.5,0.47,92.5,0.46,36.5,0.48,112.1,0.49,52.88,0.01,0.01,2341.994676,1776378015000
1776378016.41,16.41,0.52,0.83,0.51,52.88,0.53,84.16,0.54,176.5,0.47,84.16,0.46,176.5,0.48,7.4,0.49,52.88,0.01,0.01,2341.994676,1776378015000
1776378018.192,18.192,0.51,52.88,0.5,35.0,0.53,30.5,0.54,46.5,0.47,84.16,0.46,176.5,0.48,0.83,0.49,52.88,0.02,0.01,2341.662022,1776378016000
1776378018.746,18.746,0.45,31.46,0.44,86.0,0.5,85.0,0.51,108.0,0.5,15.0,0.49,90.0,0.51,11.1,0.52,60.0,0.05,0.01,2341.654979,1776378017000
1776378019.179,19.179,0.45,6.46,0.44,86.0,0.46,15.65,0.47,16.0,0.5,85.0,0.49,108.0,0.55,31.46,0.56,86.0,0.01,0.05,2341.654979,1776378017000
1776378019.932,19.932,0.45,127.04,0.44,96.0,0.46,5.0,0.47,6.0,0.54,15.65,0.53,16.0,0.55,101.71,0.56,86.0,0.01,0.01,2341.628789,1776378018000
1776378020.337,20.337,0.45,143.33,0.44,96.0,0.46,5.0,0.47,6.0,0.54,5.0,0.53,6.0,0.55,127.04,0.56,96.0,0.01,0.01,2341.36095,1776378019000
1776378020.957,20.957,0.45,142.61,0.44,101.0,0.46,2.6,0.47,6.0,0.54,2.6,0.53,6.0,0.55,134.71,0.56,101.0,0.01,0.01,2341.36095,1776378019000
1776378022.296,22.296,0.45,50.0,0.44,152.44,0.46,0.2,0.47,6.0,0.54,2.6,0.53,6.0,0.55,142.61,0.56,101.0,0.01,0.01,2341.226504,1776378021000
1776378022.521,22.521,0.46,5.0,0.45,38.0,0.47,8.4,0.48,80.0,0.54,0.2,0.53,6.0,0.55,50.0,0.56,152.44,0.01,0.01,2341.226504,1776378021000
1776378024.562,24.562,0.46,20.0,0.45,17.0,0.47,17.87,0.48,86.0,0.53,8.4,0.52,80.0,0.54,5.0,0.55,38.0,0.01,0.01,2341.186838,1776378023000
1776378025.079,25.079,0.44,75.0,0.42,55.0,0.47,120.37,0.48,177.5,0.53,17.87,0.52,86.0,0.54,20.0,0.55,17.0,0.03,0.01,2341.186838,1776378023000
1776378025.868,25.868,0.45,15.0,0.44,47.0,0.46,164.0,0.47,15.0,0.55,15.35,0.54,86.0,0.56,16.0,0.57,20.5,0.01,0.01,2341.174985,1776378024000
1776378026.117,26.117,0.45,34.68,0.44,37.5,0.46,154.13,0.47,15.0,0.54,147.13,0.53,15.0,0.55,15.0,0.56,27.0,0.01,0.01,2341.174985,1776378024000
1776378026.487,26.487,0.45,49.68,0.44,37.5,0.46,151.95,0.47,25.0,0.54,154.13,0.53,15.0,0.55,34.68,0.56,37.5,0.01,0.01,2341.169712,1776378025000
1776378027.822,27.822,0.45,85.68,0.44,128.5,0.46,164.77,0.47,10.0,0.54,149.77,0.53,25.0,0.55,54.68,0.56,37.5,0.01,0.01,2341.111599,1776378026000
1776378028.024,28.024,0.45,61.68,0.44,187.5,0.46,50.49,0.47,10.0,0.54,54.76,0.53,10.0,0.55,61.68,0.56,187.5,0.01,0.01,2341.149249,1776378027000
1776378028.225,28.225,0.45,61.41,0.44,187.5,0.46,64.69,0.47,10.0,0.54,50.49,0.53,10.0,0.55,61.41,0.56,187.5,0.01,0.01,2341.149249,1776378027000
1776378030.018,30.018,0.45,115.41,0.44,187.5,0.46,41.51,0.48,10.0,0.54,64.69,0.53,10.0,0.55,61.41,0.56,187.5,0.01,0.01,2341.187916,1776378028000
1776378030.976,30.976,0.49,15.0,0.48,28.0,0.51,89.53,0.52,70.0,0.52,10.0,0.51,25.0,0.55,115.41,0.56,187.5,0.02,0.03,2341.454696,1776378029000
1776378031.587,31.587,0.49,25.0,0.48,38.0,0.51,83.62,0.52,70.0,0.49,85.59,0.48,70.0,0.51,15.0,0.52,28.0,0.02,0.02,2341.490998,1776378030000
1776378032.573,32.573,0.47,53.49,0.46,15.0,0.49,25.5,0.5,93.5,0.5,8.5,0.49,81.65,0.51,15.0,0.52,15.0,0.02,0.01,2341.489289,1776378031000
1776378032.906,32.906,0.47,43.49,0.46,220.0,0.48,11.87,0.49,30.5,0.51,25.5,0.5,93.5,0.53,53.49,0.54,15.0,0.01,0.02,2341.489289,1776378031000
1776378033.744,33.744,0.47,41.49,0.46,225.0,0.48,9.37,0.49,30.5,0.52,11.87,0.51,30.5,0.53,43.49,0.54,220.0,0.01,0.01,2341.489264,1776378032000
1776378035.096,35.096,0.47,219.49,0.46,5.0,0.48,49.87,0.49,25.5,0.52,9.37,0.51,30.5,0.53,41.49,0.54,225.0,0.01,0.01,2341.459102,1776378034000
1776378036.008,36.008,0.47,222.6,0.46,15.0,0.48,44.87,0.49,41.5,0.52,49.87,0.51,25.5,0.53,219.49,0.54,5.0,0.01,0.01,2341.459102,1776378034000
1776378037.237,37.237,0.47,214.67,0.46,15.0,0.48,29.87,0.49,41.5,0.52,44.87,0.51,41.5,0.53,222.6,0.54,15.0,0.01,0.01,2341.379966,1776378035000
1776378037.686,37.686,0.47,214.67,0.46,15.0,0.51,123.87,0.52,170.0,0.52,29.87,0.51,41.5,0.53,214.67,0.54,15.0,0.04,0.01,2341.345096,1776378036000
1776378038.494,38.494,0.47,209.67,0.46,20.0,0.48,18.0,0.49,15.0,0.49,123.87,0.48,170.0,0.53,214.67,0.54,15.0,0.01,0.04,2341.344626,1776378037000
1776378038.906,38.906,0.47,201.67,0.46,30.0,0.48,34.0,0.49,35.0,0.52,18.0,0.51,15.0,0.53,209.67,0.54,20.0,0.01,0.01,2341.344626,1776378037000
1776378039.217,39.217,0.47,259.61,0.46,40.0,0.48,8.0,0.49,10.0,0.52,34.0,0.51,35.0,0.53,201.67,0.54,30.0,0.01,0.01,2341.325835,1776378038000
1776378039.791,39.791,0.47,229.61,0.46,30.5,0.48,3.0,0.49,10.0,0.52,8.0,0.51,10.0,0.53,259.61,0.54,40.0,0.01,0.01,2341.325835,1776378038000
1776378041.813,41.813,0.48,76.0,0.47,31.0,0.49,18.21,0.5,31.5,0.52,3.0,0.51,10.0,0.53,229.61,0.54,30.5,0.01,0.01,2341.290645,1776378040000
1776378042.562,42.562,0.49,7.64,0.48,98.5,0.5,15.5,0.51,128.87,0.51,18.21,0.5,31.5,0.52,76.0,0.53,31.0,0.01,0.01,2341.290645,1776378040000
1776378043.24,43.24,0.49,85.64,0.48,68.0,0.5,210.4,0.51,131.87,0.5,15.5,0.49,128.87,0.51,7.64,0.52,98.5,0.01,0.01,2341.287845,1776378041000
1776378047.599,47.599,0.5,75.88,0.49,256.0,0.51,143.87,0.52,145.0,0.5,210.4,0.49,131.87,0.51,85.64,0.52,68.0,0.01,0.01,2341.364884,1776378046000
1776378054.516,54.516,0.5,188.38,0.49,95.5,0.51,226.37,0.52,60.0,0.49,143.87,0.48,145.0,0.5,75.88,0.51,256.0,0.01,0.01,2341.3858,1776378052000
1776378054.767,54.767,0.5,203.38,0.49,100.5,0.51,92.37,0.52,60.0,0.49,142.37,0.48,60.0,0.5,203.38,0.51,125.5,0.01,0.01,2341.378164,1776378053000
1776378055.107,55.107,0.5,203.38,0.49,100.5,0.51,36.54,0.52,60.0,0.49,38.51,0.48,60.0,0.5,203.38,0.51,100.5,0.01,0.01,2341.378164,1776378053000
1776378055.33,55.33,0.5,203.38,0.49,100.5,0.51,34.57,0.52,60.0,0.49,36.54,0.48,60.0,0.5,203.38,0.51,100.5,0.01,0.01,2341.377769,1776378054000
1776378056.063,56.063,0.5,201.38,0.49,100.5,0.51,34.57,0.52,60.0,0.49,34.57,0.48,60.0,0.5,203.38,0.51,100.5,0.01,0.01,2341.377769,1776378054000
1776378056.844,56.844,0.5,199.38,0.49,197.51,0.51,34.57,0.52,60.0,0.49,34.57,0.48,60.0,0.5,201.38,0.51,100.5,0.01,0.01,2341.410147,1776378055000
1776378062.888,62.888,0.52,27.0,0.51,10.0,0.54,70.8,0.55,317.0,0.49,34.57,0.48,60.0,0.5,199.38,0.51,197.51,0.02,0.01,2341.624753,1776378061000
1776378063.45,63.45,0.52,24.91,0.51,15.0,0.54,50.8,0.55,122.0,0.46,40.8,0.45,312.0,0.48,27.0,0.49,15.0,0.02,0.02,2341.624753,1776378061000
1776378064.481,64.481,0.52,24.91,0.51,30.0,0.53,21.66,0.54,81.3,0.46,50.8,0.45,122.0,0.48,24.91,0.49,15.0,0.01,0.02,2341.602915,1776378063000
1776378068.21,68.21,0.52,47.82,0.51,25.5,0.53,10.0,0.54,61.3,0.47,21.66,0.46,81.3,0.48,24.91,0.49,30.0,0.01,0.01,2341.579788,1776378066000
1776378069.928,69.928,0.52,37.82,0.51,25.5,0.55,28.59,0.56,100.0,0.47,10.0,0.46,61.3,0.48,47.82,0.49,25.5,0.03,0.01,2341.591501,1776378068000
1776378070.564,70.564,0.54,27.0,0.53,25.0,0.56,102.5,0.57,80.5,0.45,28.59,0.44,100.0,0.48,37.82,0.49,25.5,0.02,0.03,2341.591281,1776378069000
1776378072.716,72.716,0.53,7.87,0.52,20.0,0.54,20.0,0.55,37.5,0.44,102.5,0.43,80.5,0.46,27.0,0.47,25.0,0.01,0.02,2341.587066,1776378071000
1776378079.454,79.454,0.52,23.0,0.51,33.0,0.53,20.0,0.54,20.0,0.46,20.0,0.45,37.5,0.47,7.87,0.48,20.0,0.01,0.01,2341.546852,1776378078000
1776378079.846,79.846,0.52,13.0,0.51,33.0,0.53,33.11,0.54,15.0,0.47,20.0,0.46,20.0,0.48,23.0,0.49,33.0,0.01,0.01,2341.546852,1776378078000
1776378081.369,81.369,0.52,369.62,0.5,17.94,0.53,75.11,0.54,25.5,0.47,33.11,0.46,15.0,0.48,13.0,0.49,33.0,0.01,0.01,2341.545939,1776378080000
1776378081.945,81.945,0.52,151.53,0.5,43.44,0.53,75.11,0.54,25.5,0.47,75.11,0.46,25.5,0.48,153.62,0.5,17.94,0.01,0.01,2341.545939,1776378080000
1776378083.374,83.374,0.57,23.5,0.56,20.5,0.58,10.0,0.59,225.0,0.47,75.11,0.46,25.5,0.48,149.44,0.5,43.44,0.01,0.01,2341.439897,1776378082000
1776378083.961,83.961,0.58,34.0,0.57,68.5,0.59,170.84,0.6,135.0,0.42,10.0,0.41,225.0,0.43,23.5,0.44,20.5,0.01,0.01,2341.421074,1776378083000
1776378084.205,84.205,0.58,81.0,0.57,88.5,0.59,140.84,0.6,130.0,0.41,170.84,0.4,135.0,0.42,34.0,0.43,68.5,0.01,0.01,2341.421074,1776378083000
1776378085.495,85.495,0.6,100.5,0.59,86.5,0.61,195.0,0.63,60.0,0.41,53.44,0.4,130.0,0.42,117.7,0.43,88.5,0.01,0.01,2341.636041,1776378084000
1776378085.717,85.717,0.6,105.5,0.59,116.5,0.61,132.0,0.62,10.0,0.39,195.0,0.37,60.0,0.4,100.5,0.41,86.5,0.01,0.01,2341.636041,1776378084000
1776378086.687,86.687,0.61,40.87,0.6,38.5,0.62,217.0,0.63,70.5,0.39,132.0,0.38,10.0,0.4,105.5,0.41,116.5,0.01,0.01,2341.895375,1776378085000
1776378092.531,92.531,0.63,102.0,0.62,37.5,0.64,35.0,0.65,60.0,0.38,217.0,0.37,65.0,0.39,42.79,0.4,38.5,0.01,0.01,2342.208441,1776378091000
1776378093.69,93.69,0.61,97.5,0.6,10.0,0.64,156.5,0.65,125.0,0.36,35.0,0.35,60.0,0.37,102.0,0.38,37.5,0.03,0.01,2342.246922,1776378092000
1776378093.911,93.911,0.61,2.99,0.59,60.0,0.62,41.39,0.63,20.5,0.38,31.39,0.37,20.5,0.39,7.99,0.41,60.0,0.01,0.01,2342.246922,1776378092000
1776378094.951,94.951,0.58,344.58,0.57,40.0,0.59,50.5,0.6,52.61,0.4,7.01,0.38,41.39,0.41,60.0,0.42,450.82,0.01,0.01,2342.250946,1776378093000
1776378095.332,95.332,0.58,342.19,0.57,35.0,0.59,85.5,0.6,47.61,0.41,50.5,0.4,52.61,0.42,344.58,0.43,40.0,0.01,0.01,2342.251004,1776378094000
1776378095.551,95.551,0.58,258.19,0.57,35.0,0.59,40.5,0.6,42.61,0.41,85.5,0.4,47.61,0.42,342.19,0.43,35.0,0.01,0.01,2342.251004,1776378094000
1776378095.801,95.801,0.58,253.54,0.57,35.0,0.59,40.5,0.6,42.61,0.41,40.5,0.4,42.61,0.42,258.19,0.43,35.0,0.01,0.01,2342.251004,1776378094000
1776378096.549,96.549,0.58,233.52,0.57,35.0,0.59,75.5,0.6,100.79,0.41,40.5,0.4,42.61,0.42,236.54,0.43,35.0,0.01,0.01,2342.251004,1776378094000
1776378100.938,100.938,0.5,36.64,0.49,85.5,0.52,39.0,0.53,77.5,0.45,15.0,0.44,15.0,0.46,3.82,0.48,22.73,0.02,0.01,2341.70058,1776378099000
1776378101.613,101.613,0.49,75.0,0.48,25.0,0.51,182.5,0.52,50.5,0.48,39.0,0.47,77.5,0.5,36.64,0.51,85.5,0.02,0.02,2341.664908,1776378100000
1776378102.258,102.258,0.49,75.0,0.48,35.5,0.5,135.0,0.51,127.5,0.49,182.5,0.48,50.5,0.51,75.0,0.52,25.0,0.01,0.02,2341.650507,1776378101000
1776378104.543,104.543,0.48,85.5,0.47,85.5,0.5,25.0,0.51,89.11,0.5,135.0,0.49,127.5,0.51,75.0,0.52,35.5,0.02,0.01,2341.358425,1776378103000
1776378105.734,105.734,0.49,4.9,0.48,176.5,0.5,10.0,0.51,10.0,0.5,25.0,0.49,89.11,0.52,85.5,0.53,85.5,0.01,0.02,2341.222605,1776378104000
1776378105.939,105.939,0.58,25.0,0.57,10.0,0.59,22.61,0.6,250.0,0.5,10.0,0.49,10.0,0.51,4.9,0.52,176.5,0.01,0.01,2341.222605,1776378104000
1776378106.218,106.218,0.58,9.52,0.57,27.0,0.59,36.15,0.6,215.0,0.41,36.15,0.4,215.0,0.42,52.14,0.43,17.0,0.01,0.01,2341.222605,1776378104000
1776378106.864,106.864,0.58,9.52,0.57,27.0,0.59,45.6,0.6,215.0,0.41,36.15,0.4,215.0,0.42,9.52,0.43,27.0,0.01,0.01,2341.257989,1776378105000
1776378107.214,107.214,0.56,128.57,0.51,5.0,0.57,173.0,0.58,55.0,0.41,45.6,0.4,215.0,0.42,9.52,0.43,27.0,0.01,0.01,2341.257989,1776378105000
1776378107.507,107.507,0.5,209.46,0.49,5.0,0.51,18.03,0.52,22.0,0.49,20.0,0.48,22.0,0.5,214.46,0.51,10.0,0.01,0.01,2341.257989,1776378105000
1776378109.615,109.615,0.5,204.46,0.48,10.0,0.51,326.21,0.52,24.39,0.49,16.06,0.48,22.0,0.5,209.46,0.51,5.0,0.01,0.01,2341.630418,1776378108000
1776378109.913,109.913,0.47,10.0,0.46,60.0,0.51,212.21,0.52,24.39,0.49,283.21,0.48,24.39,0.5,3.12,0.52,10.0,0.04,0.01,2341.630418,1776378108000
1776378110.565,110.565,0.46,60.0,0.45,95.0,0.47,118.32,0.48,49.5,0.49,212.21,0.48,24.39,0.53,10.0,0.54,60.0,0.01,0.04,2341.630418,1776378108000
1776378110.916,110.916,0.46,52.22,0.45,95.0,0.47,216.5,0.48,45.5,0.53,118.32,0.52,49.5,0.54,60.0,0.55,95.0,0.01,0.01,2341.47742,1776378109000
1776378111.302,111.302,0.46,35.44,0.45,95.0,0.47,253.09,0.48,45.5,0.53,211.09,0.52,45.5,0.54,44.44,0.55,95.0,0.01,0.01,2341.47742,1776378109000
1776378111.585,111.585,0.46,5.44,0.45,95.0,0.47,283.09,0.48,45.5,0.53,253.09,0.52,45.5,0.54,14.44,0.55,95.0,0.01,0.01,2341.293757,1776378110000
1776378112.124,112.124,0.46,0.44,0.45,95.0,0.47,358.09,0.48,45.5,0.53,283.09,0.52,45.5,0.54,5.44,0.55,95.0,0.01,0.01,2341.293757,1776378110000
1776378112.962,112.962,0.46,23.44,0.45,105.5,0.47,98.0,0.48,35.5,0.53,358.09,0.52,45.5,0.54,0.44,0.55,95.0,0.01,0.01,2341.136528,1776378111000
1776378113.334,113.334,0.46,4.23,0.45,95.0,0.47,131.0,0.48,35.5,0.53,103.0,0.52,35.5,0.54,21.23,0.55,95.0,0.01,0.01,2341.136528,1776378111000
1776378113.707,113.707,0.46,4.6,0.45,95.0,0.47,131.0,0.48,44.5,0.53,131.0,0.52,35.5,0.54,4.23,0.55,95.0,0.01,0.01,2340.980455,1776378112000
1776378114.069,114.069,0.45,94.97,0.44,50.5,0.47,131.0,0.48,44.5,0.53,131.0,0.52,44.5,0.54,4.6,0.55,95.0,0.02,0.01,2340.980455,1776378112000
1776378114.422,114.422,0.45,101.42,0.44,50.5,0.46,160.0,0.47,25.0,0.53,131.0,0.52,44.5,0.55,94.97,0.56,50.5,0.01,0.02,2340.980455,1776378112000
1776378115.993,115.993,0.46,37.5,0.45,131.92,0.47,148.63,0.48,20.0,0.54,157.71,0.53,25.0,0.55,101.42,0.56,50.5,0.01,0.01,2341.081525,1776378114000
1776378116.268,116.268,0.46,42.5,0.45,131.92,0.47,143.63,0.48,30.0,0.53,148.63,0.52,20.0,0.54,37.5,0.55,131.92,0.01,0.01,2341.081525,1776378114000
1776378116.793,116.793,0.46,42.5,0.45,131.92,0.47,110.56,0.48,30.0,0.53,92.56,0.52,30.0,0.54,42.5,0.55,131.92,0.01,0.01,2341.076575,1776378115000
1776378118.178,118.178,0.46,242.5,0.45,121.92,0.47,33.0,0.48,35.0,0.53,110.56,0.52,30.0,0.54,42.5,0.55,131.92,0.01,0.01,2341.089769,1776378116000
1776378118.817,118.817,0.46,5.0,0.45,301.42,0.47,123.0,0.48,35.5,0.53,33.0,0.52,35.0,0.54,242.5,0.55,121.92,0.01,0.01,2341.11856,1776378117000
1776378119.998,119.998,0.46,5.0,0.45,290.42,0.47,112.0,0.48,93.44,0.53,123.0,0.52,35.5,0.54,5.0,0.55,301.42,0.01,0.01,2341.135894,1776378118000
1776378123.215,123.215,0.45,195.42,0.44,35.0,0.46,290.5,0.47,40.5,0.53,112.0,0.52,93.44,0.54,5.0,0.55,290.42,0.01,0.01,2341.111315,1776378121000
1776378123.45,123.45,0.45,135.86,0.44,35.0,0.46,90.89,0.47,35.5,0.54,148.89,0.53,35.5,0.55,128.86,0.56,35.0,0.01,0.01,2341.130201,1776378122000
1776378124.125,124.125,0.44,203.91,0.43,35.0,0.45,150.5,0.46,55.75,0.54,90.89,0.53,35.5,0.55,135.86,0.56,35.0,0.01,0.01,2341.130201,1776378122000
1776378124.382,124.382,0.44,212.89,0.43,35.0,0.45,25.0,0.46,40.75,0.55,150.5,0.54,55.75,0.56,203.91,0.57,35.0,0.01,0.01,2341.130201,1776378122000
1776378125.845,125.845,0.44,285.39,0.43,45.5,0.46,30.25,0.47,25.5,0.55,25.0,0.54,40.75,0.56,212.89,0.57,35.0,0.02,0.01,2341.086184,1776378124000
1776378126.308,126.308,0.44,232.76,0.43,50.5,0.45,30.0,0.46,30.25,0.54,30.25,0.53,25.5,0.56,285.39,0.57,45.5,0.01,0.02,2341.062275,1776378125000
1776378126.989,126.989,0.45,54.0,0.44,259.26,0.46,68.11,0.47,15.0,0.55,30.0,0.54,30.25,0.56,232.76,0.57,50.5,0.01,0.01,2341.062275,1776378125000
1776378127.686,127.686,0.45,96.33,0.44,274.26,0.47,16.0,0.48,233.31,0.54,68.11,0.53,15.0,0.55,50.83,0.56,259.26,0.02,0.01,2341.047367,1776378126000
1776378128.172,128.172,0.46,235.36,0.45,62.33,0.47,21.0,0.48,243.81,0.53,16.0,0.52,233.31,0.55,96.33,0.56,274.26,0.01,0.02,2341.047367,1776378126000
1776378128.617,128.617,0.46,217.39,0.45,52.33,0.47,98.07,0.48,243.81,0.53,21.0,0.52,243.81,0.54,235.36,0.55,62.33,0.01,0.01,2341.07138,1776378127000
1776378130.376,130.376,0.46,327.82,0.45,80.33,0.47,0.42,0.48,212.31,0.53,98.07,0.52,243.81,0.54,199.34,0.55,52.33,0.01,0.01,2341.084573,1776378128000
1776378130.585,130.585,0.47,75.49,0.46,302.84,0.48,187.31,0.51,205.0,0.52,192.31,0.49,205.0,0.54,339.82,0.55,80.33,0.01,0.02,2341.1142,1776378129000
1776378131.367,131.367,0.47,120.6,0.46,292.84,0.48,162.11,0.5,10.0,0.52,162.11,0.49,215.0,0.53,110.49,0.54,292.84,0.01,0.01,2341.094805,1776378130000
1776378131.656,131.656,0.47,120.6,0.46,292.84,0.48,157.11,0.5,10.0,0.52,162.11,0.5,10.0,0.53,120.6,0.54,292.84,0.01,0.01,2341.094805,1776378130000
1776378132.519,132.519,0.49,139.21,0.48,79.76,0.5,207.0,0.52,10.0,0.52,157.11,0.5,10.0,0.53,94.6,0.54,292.84,0.01,0.01,2341.101355,1776378131000
1776378132.903,132.903,0.51,14.95,0.5,15.0,0.52,10.0,0.55,5.0,0.48,10.0,0.45,5.0,0.51,167.94,0.52,104.76,0.01,0.03,2341.101355,1776378131000
1776378134.232,134.232,0.53,65.37,0.52,71.23,0.54,5.0,0.55,5.0,0.48,10.0,0.45,5.0,0.49,14.95,0.5,15.0,0.01,0.01,2341.33664,1776378133000
1776378136.53,136.53,0.46,132.06,0.45,35.73,0.47,20.0,0.48,20.0,0.46,5.0,0.45,5.0,0.47,65.37,0.48,71.23,0.01,0.01,2341.59643,1776378135000
1776378138.0,138.0,0.46,132.06,0.45,15.0,0.47,46.31,0.48,20.0,0.53,27.44,0.52,20.0,0.54,132.06,0.55,35.73,0.01,0.01,2341.59824,1776378136000
1776378140.427,140.427,0.5,55.12,0.49,25.0,0.51,5.0,0.52,5.0,0.53,46.31,0.52,20.0,0.54,132.06,0.55,15.0,0.01,0.01,2341.341514,1776378139000
1776378141.475,141.475,0.51,25.5,0.5,40.5,0.53,198.68,0.54,46.5,0.48,1.47,0.47,15.0,0.5,47.5,0.51,30.0,0.02,0.02,2341.332182,1776378140000
1776378142.004,142.004,0.52,50.5,0.51,30.5,0.53,158.68,0.54,15.0,0.47,198.68,0.46,46.5,0.49,25.5,0.5,40.5,0.01,0.02,2341.332182,1776378140000
1776378145.743,145.743,0.52,1.0,0.48,16.0,0.53,116.5,0.54,225.5,0.47,73.09,0.46,15.0,0.48,40.5,0.49,30.5,0.01,0.01,2341.479122,1776378144000
1776378146.069,146.069,0.47,5.0,0.46,162.06,0.49,82.0,0.5,15.0,0.47,116.5,0.46,225.5,0.52,16.0,0.54,162.06,0.02,0.05,2341.479122,1776378144000
1776378146.335,146.335,0.47,13.61,0.46,162.06,0.48,0.45,0.49,36.0,0.52,0.45,0.51,41.0,0.53,10.5,0.54,162.06,0.01,0.01,2341.502455,1776378145000
1776378148.16,148.16,0.46,410.64,0.45,245.5,0.48,15.0,0.49,226.08,0.52,5.45,0.51,36.0,0.53,11.72,0.54,178.06,0.02,0.01,2341.386805,1776378147000
1776378148.843,148.843,0.48,25.57,0.47,217.48,0.49,196.08,0.5,10.0,0.52,15.0,0.51,226.08,0.54,410.64,0.55,245.5,0.01,0.02,2341.386805,1776378147000
1776378149.273,149.273,0.48,169.56,0.47,68.5,0.49,185.87,0.5,15.0,0.51,196.08,0.5,10.0,0.52,25.57,0.53,217.48,0.01,0.01,2341.39282,1776378148000
1776378149.77,149.77,0.48,202.27,0.47,73.5,0.49,132.05,0.5,10.0,0.51,140.87,0.5,10.0,0.52,174.27,0.53,68.5,0.01,0.01,2341.39282,1776378148000
1776378150.07,150.07,0.48,232.27,0.47,73.5,0.49,120.0,0.5,10.0,0.51,125.0,0.5,10.0,0.52,202.27,0.53,73.5,0.01,0.01,2341.39282,1776378148000
1776378150.664,150.664,0.52,82.5,0.51,37.66,0.54,3.14,0.55,25.5,0.51,110.0,0.5,10.0,0.52,232.27,0.53,73.5,0.02,0.01,2341.392645,1776378149000
1776378151.043,151.043,0.55,52.82,0.54,106.5,0.56,50.0,0.57,15.5,0.46,3.14,0.45,25.5,0.48,82.5,0.49,37.66,0.01,0.02,2341.462852,1776378150000
1776378152.155,152.155,0.57,49.23,0.56,25.0,0.59,25.5,0.6,25.5,0.44,50.0,0.43,15.5,0.45,52.82,0.46,106.5,0.02,0.01,2341.506855,1776378151000
1776378152.373,152.373,0.58,10.0,0.57,49.23,0.59,36.1,0.6,25.5,0.41,13.8,0.4,25.5,0.42,10.0,0.43,49.23,0.01,0.01,2341.506855,1776378151000
1776378155.849,155.849,0.58,4.79,0.57,49.23,0.59,35.5,0.6,10.5,0.41,36.1,0.4,25.5,0.42,10.0,0.43,49.23,0.01,0.01,2341.763669,1776378154000
1776378156.357,156.357,0.58,24.79,0.57,49.23,0.59,25.5,0.6,30.5,0.41,35.5,0.4,10.5,0.42,4.79,0.43,49.23,0.01,0.01,2341.771347,1776378155000
1776378161.568,161.568,0.58,34.0,0.57,69.73,0.59,3.69,0.6,10.5,0.41,25.5,0.4,30.5,0.42,24.79,0.43,49.23,0.01,0.01,2341.820223,1776378160000
1776378162.093,162.093,0.58,24.0,0.55,10.0,0.59,123.71,0.6,25.5,0.4,10.5,0.39,90.5,0.42,34.0,0.43,69.73,0.01,0.02,2341.820223,1776378160000
1776378162.736,162.736,0.47,25.0,0.46,35.0,0.5,162.5,0.51,65.0,0.5,10.0,0.49,10.0,0.52,50.0,0.53,40.5,0.03,0.02,2341.830291,1776378161000
1776378163.555,163.555,0.44,95.31,0.43,65.5,0.45,32.0,0.46,20.0,0.5,162.5,0.49,65.0,0.53,25.0,0.54,35.0,0.01,0.03,2341.830375,1776378162000
1776378164.269,164.269,0.43,25.0,0.42,70.0,0.45,173.7,0.46,75.5,0.55,32.0,0.54,20.0,0.56,95.31,0.57,65.5,0.02,0.01,2341.453911,1776378163000
1776378165.086,165.086,0.39,85.0,0.38,200.0,0.41,314.86,0.42,20.5,0.55,173.7,0.54,75.5,0.57,25.0,0.58,70.0,0.02,0.02,2341.453911,1776378163000
1776378165.748,165.748,0.3,29.82,0.28,46.0,0.31,50.0,0.32,9.0,0.59,314.86,0.58,20.5,0.61,85.0,0.62,200.0,0.01,0.02,2341.348952,1776378164000
1776378166.021,166.021,0.3,6.67,0.28,46.0,0.31,104.5,0.32,24.0,0.69,50.0,0.68,9.0,0.7,29.82,0.72,46.0,0.01,0.01,2341.348952,1776378164000
1776378166.23,166.23,0.28,44.87,0.27,21.0,0.31,163.5,0.32,24.0,0.69,104.5,0.68,24.0,0.7,0.41,0.72,46.0,0.03,0.01,2341.189306,1776378165000
1776378166.768,166.768,0.28,89.87,0.27,16.0,0.31,74.0,0.32,19.0,0.69,163.5,0.68,24.0,0.72,44.87,0.73,21.0,0.03,0.03,2341.189306,1776378165000
1776378167.105,167.105,0.29,15.5,0.28,20.5,0.3,13.0,0.31,69.0,0.7,6.66,0.69,69.0,0.73,12.01,0.74,65.5,0.01,0.03,2341.189306,1776378165000
1776378167.421,167.421,0.29,15.5,0.28,20.5,0.3,18.0,0.31,69.0,0.7,13.0,0.69,69.0,0.71,15.5,0.72,20.5,0.01,0.01,2340.750032,1776378166000
1776378168.94,168.94,0.29,12.68,0.28,20.5,0.3,73.54,0.31,69.0,0.7,15.12,0.69,69.0,0.71,38.09,0.72,38.28,0.01,0.01,2340.2827,1776378167000
1776378169.142,169.142,0.29,12.68,0.28,10.5,0.3,68.54,0.31,69.0,0.7,73.54,0.69,69.0,0.71,12.68,0.72,20.5,0.01,0.01,2340.2827,1776378167000
1776378170.894,170.894,0.29,201.88,0.28,57.5,0.3,36.27,0.31,59.0,0.7,68.54,0.69,69.0,0.71,20.63,0.72,25.5,0.01,0.01,2340.501225,1776378169000
1776378171.472,171.472,0.35,12.79,0.34,29.66,0.36,27.0,0.37,10.0,0.64,10.0,0.63,10.0,0.71,312.89,0.72,57.5,0.01,0.07,2340.52738,1776378170000
1776378172.066,172.066,0.36,15.5,0.35,24.66,0.37,4.31,0.38,15.5,0.63,7.29,0.62,15.5,0.64,5.0,0.65,19.66,0.01,0.01,2340.52738,1776378170000
1776378173.286,173.286,0.34,99.5,0.3,40.12,0.37,93.0,0.38,16.0,0.63,1.33,0.62,15.5,0.64,15.5,0.65,24.66,0.03,0.01,2340.538022,1776378171000
1776378173.518,173.518,0.31,12.0,0.3,40.12,0.35,5.0,0.36,55.0,0.63,93.0,0.62,28.0,0.66,82.45,0.69,16.0,0.04,0.03,2340.538022,1776378171000
1776378173.815,173.815,0.3,57.68,0.29,71.0,0.34,10.0,0.35,10.0,0.65,5.0,0.64,55.0,0.69,12.0,0.7,40.12,0.04,0.04,2340.839369,1776378172000
1776378174.055,174.055,0.31,10.5,0.3,82.68,0.32,4.0,0.33,10.0,0.64,20.5,0.63,64.5,0.7,57.68,0.71,71.0,0.01,0.06,2340.839369,1776378172000
1776378174.662,174.662,0.31,20.5,0.3,194.27,0.32,28.56,0.33,10.0,0.68,17.0,0.67,10.0,0.69,15.5,0.7,87.68,0.01,0.01,2340.847715,1776378173000
1776378175.005,175.005,0.31,25.5,0.3,206.27,0.32,9.35,0.33,10.0,0.68,12.79,0.67,10.0,0.69,20.5,0.7,194.27,0.01,0.01,2340.847715,1776378173000
1776378175.465,175.465,0.32,15.0,0.31,70.0,0.33,29.66,0.34,10.0,0.67,10.0,0.66,10.0,0.69,25.5,0.7,206.27,0.01,0.02,2340.7044,1776378174000
1776378175.774,175.774,0.32,5.0,0.31,60.0,0.33,22.98,0.34,10.0,0.67,26.32,0.66,10.0,0.68,5.0,0.69,60.0,0.01,0.01,2340.7044,1776378174000
1776378176.346,176.346,0.31,50.0,0.3,27.68,0.33,130.14,0.34,25.5,0.67,19.64,0.66,10.0,0.68,5.0,0.69,60.0,0.02,0.01,2340.702995,1776378175000
1776378176.918,176.918,0.3,6.96,0.29,60.0,0.31,115.5,0.32,41.5,0.69,68.5,0.68,62.7,0.7,12.96,0.71,60.0,0.01,0.01,2340.702995,1776378175000
1776378178.875,178.875,0.22,75.5,0.21,169.0,0.23,12.01,0.24,15.0,0.69,135.5,0.68,47.5,0.71,60.0,0.72,35.0,0.01,0.02,2340.611835,1776378177000
1776378179.386,179.386,0.22,49.21,0.21,169.0,0.23,24.01,0.24,15.0,0.77,12.01,0.76,15.0,0.78,75.5,0.79,169.0,0.01,0.01,2340.40204,1776378178000
1776378180.614,180.614,0.22,60.03,0.21,201.7,0.23,89.76,0.24,15.0,0.77,24.01,0.76,15.0,0.78,39.21,0.79,169.0,0.01,0.01,2340.336915,1776378179000
1776378180.838,180.838,0.22,66.79,0.21,212.2,0.23,108.76,0.24,15.0,0.77,89.76,0.76,15.0,0.78,60.03,0.79,201.7,0.01,0.01,2340.336915,1776378179000
1776378181.056,181.056,0.22,59.3,0.21,212.2,0.23,108.76,0.24,15.0,0.77,108.76,0.76,15.0,0.78,61.79,0.79,212.2,0.01,0.01,2340.336915,1776378180000
1776378181.425,181.425,0.22,58.01,0.21,190.5,0.23,82.23,0.24,15.0,0.77,87.02,0.76,15.0,0.78,58.01,0.79,190.5,0.01,0.01,2340.336915,1776378180000
1776378181.755,181.755,0.22,63.01,0.21,190.5,0.23,77.44,0.24,15.0,0.77,82.23,0.76,15.0,0.78,58.01,0.79,190.5,0.01,0.01,2340.336915,1776378180000
1776378182.091,182.091,0.22,63.01,0.21,190.5,0.23,72.65,0.24,15.0,0.77,77.44,0.76,15.0,0.78,63.01,0.79,190.5,0.01,0.01,2340.336915,1776378180000
1776378182.428,182.428,0.22,88.01,0.21,190.5,0.23,67.86,0.24,15.0,0.77,72.65,0.76,15.0,0.78,63.01,0.79,190.5,0.01,0.01,2340.321349,1776378181000
1776378182.763,182.763,0.22,79.0,0.21,180.0,0.23,94.96,0.24,20.5,0.77,67.86,0.76,15.0,0.78,88.01,0.79,190.5,0.01,0.01,2340.321349,1776378181000
1776378183.113,183.113,0.22,8.83,0.21,143.0,0.23,107.46,0.24,20.5,0.77,94.96,0.76,20.5,0.78,79.0,0.79,180.0,0.01,0.01,2340.311585,1776378182000
1776378183.365,183.365,0.2,2.0,0.19,42.0,0.21,15.0,0.22,20.5,0.77,131.11,0.76,26.5,0.78,1.83,0.79,135.0,0.01,0.01,2340.311585,1776378182000
1776378183.988,183.988,0.18,38.65,0.17,49.0,0.19,33.0,0.2,15.0,0.8,10.0,0.79,15.0,0.81,9.0,0.82,177.0,0.01,0.01,2340.311585,1776378182000
1776378184.48,184.48,0.18,33.17,0.17,49.0,0.19,33.0,0.2,10.0,0.81,33.0,0.8,10.0,0.82,34.39,0.83,49.0,0.01,0.01,2340.300373,1776378183000
1776378184.802,184.802,0.18,47.6,0.17,49.0,0.19,33.0,0.2,10.0,0.81,33.0,0.8,10.0,0.82,36.95,0.83,49.0,0.01,0.01,2340.300373,1776378183000
1776378185.859,185.859,0.18,7.0,0.17,25.0,0.19,5.88,0.2,10.0,0.81,23.0,0.78,6.41,0.82,59.25,0.83,59.5,0.01,0.01,2340.06031,1776378184000
1776378186.287,186.287,0.18,29.0,0.17,48.0,0.19,69.61,0.2,10.0,0.81,5.88,0.8,20.0,0.82,7.0,0.83,25.0,0.01,0.01,2340.05541,1776378185000
1776378188.084,188.084,0.17,76.11,0.16,158.0,0.18,49.1,0.19,71.61,0.81,41.61,0.8,10.0,0.82,22.0,0.83,53.0,0.01,0.01,2340.092158,1776378186000
1776378188.858,188.858,0.17,115.11,0.16,228.0,0.19,19.61,0.2,18.0,0.82,49.1,0.81,71.61,0.83,76.11,0.84,158.0,0.02,0.01,2340.058163,1776378187000
1776378189.603,189.603,0.22,117.0,0.21,70.0,0.23,5.65,0.24,10.0,0.76,10.0,0.75,30.0,0.79,9.46,0.82,294.5,0.01,0.03,2340.058163,1776378187000
1776378190.721,190.721,0.24,71.91,0.23,29.0,0.25,10.0,0.26,10.0,0.77,5.65,0.76,10.0,0.78,117.0,0.79,70.0,0.01,0.01,2340.064241,1776378189000
1776378192.641,192.641,0.26,78.29,0.25,10.0,0.3,75.0,0.32,25.0,0.75,10.0,0.74,10.0,0.76,71.91,0.77,29.0,0.04,0.01,2340.154088,1776378190000
1776378193.346,193.346,0.29,7.24,0.28,17.85,0.3,45.5,0.31,10.0,0.7,75.0,0.68,25.0,0.74,78.29,0.75,10.0,0.01,0.04,2340.368457,1776378191000
1776378193.793,193.793,0.28,12.66,0.27,5.0,0.3,10.0,0.31,10.0,0.7,45.5,0.69,10.0,0.71,7.24,0.72,17.85,0.02,0.01,2340.381555,1776378192000
1776378194.854,194.854,0.28,38.27,0.27,15.0,0.29,50.7,0.31,10.0,0.7,10.0,0.69,10.0,0.72,12.66,0.73,5.0,0.01,0.02,2340.608788,1776378193000
1776378195.732,195.732,0.33,2.53,0.32,22.0,0.34,170.5,0.35,20.5,0.66,175.0,0.64,110.0,0.69,33.44,0.72,198.77,0.01,0.03,2340.608788,1776378193000
1776378195.973,195.973,0.32,22.0,0.31,20.0,0.34,170.5,0.35,20.5,0.66,170.5,0.65,20.5,0.67,2.53,0.68,22.0,0.02,0.01,2340.607617,1776378194000
1776378198.047,198.047,0.33,25.17,0.32,34.0,0.34,160.0,0.35,20.5,0.66,170.5,0.65,20.5,0.67,10.0,0.68,71.0,0.01,0.01,2340.747746,1776378196000
1776378199.689,199.689,0.36,50.0,0.33,180.17,0.37,10.5,0.38,105.5,0.66,160.0,0.65,20.5,0.67,25.17,0.68,34.0,0.01,0.01,2340.757704,1776378198000
1776378200.313,200.313,0.37,30.41,0.36,65.0,0.38,4.27,0.39,50.0,0.62,104.27,0.61,50.0,0.64,73.88,0.67,110.17,0.01,0.02,2340.757704,1776378198000
1776378201.603,201.603,0.37,72.41,0.36,100.0,0.38,4.27,0.39,60.5,0.62,4.27,0.61,50.0,0.63,30.41,0.64,70.0,0.01,0.01,2341.00048,1776378200000
1776378201.892,201.892,0.37,72.41,0.36,95.0,0.38,51.63,0.39,60.5,0.62,4.27,0.61,60.5,0.63,72.41,0.64,100.0,0.01,0.01,2341.00048,1776378200000
1776378202.217,202.217,0.37,70.82,0.36,95.0,0.38,51.63,0.39,60.5,0.62,51.63,0.61,60.5,0.63,72.41,0.64,95.0,0.01,0.01,2341.00048,1776378200000
1776378202.902,202.902,0.37,70.82,0.36,95.0,0.39,6.6,0.4,137.58,0.62,51.63,0.61,60.5,0.63,70.82,0.64,95.0,0.02,0.01,2341.082183,1776378201000
1776378205.238,205.238,0.38,202.88,0.34,31.0,0.39,20.5,0.4,248.58,0.61,6.6,0.6,137.58,0.63,70.82,0.64,95.0,0.01,0.02,2341.056927,1776378203000
1776378205.573,205.573,0.38,121.39,0.34,16.0,0.39,65.5,0.4,202.58,0.61,25.5,0.6,202.58,0.62,170.39,0.66,16.0,0.01,0.01,2341.059813,1776378204000
1776378206.303,206.303,0.38,22.92,0.34,16.0,0.39,128.5,0.4,182.58,0.61,103.5,0.6,202.58,0.62,71.92,0.66,16.0,0.01,0.01,2341.059813,1776378204000
1776378206.796,206.796,0.38,18.08,0.34,21.0,0.39,49.5,0.4,162.58,0.61,128.5,0.6,182.58,0.62,22.92,0.66,16.0,0.01,0.01,2340.959575,1776378205000
1776378207.3,207.3,0.38,18.08,0.34,21.0,0.39,96.5,0.4,162.58,0.61,49.5,0.6,162.58,0.62,18.08,0.66,21.0,0.01,0.01,2340.959575,1776378205000
1776378208.479,208.479,0.38,13.08,0.34,21.0,0.39,86.5,0.4,137.58,0.61,96.5,0.6,162.58,0.62,18.08,0.66,21.0,0.01,0.01,2340.9387,1776378206000
1776378209.926,209.926,0.37,410.0,0.36,25.0,0.38,23.6,0.39,33.5,0.61,86.5,0.6,137.58,0.62,3.08,0.66,21.0,0.01,0.01,2340.93942,1776378208000
1776378211.834,211.834,0.37,392.06,0.36,25.0,0.38,83.6,0.39,23.5,0.62,23.6,0.61,33.5,0.63,410.0,0.64,25.0,0.01,0.01,2340.929271,1776378209000
1776378213.955,213.955,0.37,198.41,0.36,235.0,0.38,73.6,0.39,23.5,0.62,83.6,0.61,23.5,0.63,392.06,0.64,25.0,0.01,0.01,2340.931938,1776378212000
1776378214.582,214.582,0.37,208.41,0.36,235.0,0.38,59.21,0.39,23.5,0.62,73.6,0.61,23.5,0.63,198.41,0.64,235.0,0.01,0.01,2340.932248,1776378213000
1776378218.598,218.598,0.36,390.0,0.35,50.0,0.37,35.5,0.38,36.5,0.6,158.41,0.59,289.99,0.63,208.41,0.64,235.0,0.01,0.03,2340.946335,1776378217000
1776378220.904,220.904,0.36,340.0,0.35,45.0,0.37,51.5,0.38,25.5,0.63,35.5,0.62,36.5,0.64,390.0,0.65,50.0,0.01,0.01,2340.91788,1776378219000
1776378221.148,221.148,0.36,160.71,0.35,45.0,0.37,85.5,0.38,57.9,0.63,117.5,0.62,57.9,0.64,165.71,0.65,45.0,0.01,0.01,2340.91788,1776378220000
1776378221.586,221.586,0.36,81.71,0.35,55.0,0.37,106.5,0.38,57.9,0.63,96.5,0.62,57.9,0.64,76.71,0.65,45.0,0.01,0.01,2340.91788,1776378220000
1776378223.137,223.137,0.36,75.71,0.35,55.0,0.37,290.97,0.38,95.8,0.63,106.5,0.62,57.9,0.64,81.71,0.65,55.0,0.01,0.01,2340.828605,1776378221000
1776378223.96,223.96,0.36,70.26,0.35,55.0,0.37,271.97,0.38,95.8,0.63,290.97,0.62,95.8,0.64,75.71,0.65,55.0,0.01,0.01,2340.775694,1776378222000
1776378226.784,226.784,0.35,193.53,0.34,66.0,0.36,304.51,0.37,81.69,0.63,271.97,0.62,95.8,0.64,70.26,0.65,55.0,0.01,0.01,2340.700776,1776378225000
1776378227.048,227.048,0.35,116.53,0.34,66.0,0.36,192.1,0.37,76.69,0.64,293.51,0.63,81.69,0.65,122.53,0.66,66.0,0.01,0.01,2340.717051,1776378226000
1776378227.259,227.259,0.35,96.25,0.34,66.0,0.36,183.1,0.37,117.89,0.64,202.1,0.63,117.89,0.65,103.18,0.66,66.0,0.01,0.01,2340.717051,1776378226000
1776378227.485,227.485,0.35,47.26,0.34,66.0,0.36,178.1,0.37,147.89,0.64,178.1,0.63,147.89,0.65,52.26,0.66,66.0,0.01,0.01,2340.717051,1776378226000
1776378227.958,227.958,0.35,27.26,0.34,66.0,0.36,297.78,0.37,106.69,0.64,184.25,0.63,147.89,0.65,34.26,0.66,66.0,0.01,0.01,2340.717051,1776378226000
1776378228.717,228.717,0.35,1.4,0.34,66.0,0.36,297.78,0.37,106.69,0.64,297.78,0.63,106.69,0.65,9.1,0.66,66.0,0.01,0.01,2340.670508,1776378227000
1776378231.518,231.518,0.32,195.0,0.31,10.0,0.33,161.8,0.34,168.32,0.64,297.78,0.63,106.69,0.65,1.4,0.66,66.0,0.01,0.01,2340.529619,1776378230000
1776378232.03,232.03,0.32,195.0,0.31,10.0,0.33,161.8,0.34,168.32,0.67,161.8,0.66,168.32,0.68,195.0,0.69,10.0,0.01,0.01,2340.529619,1776378230000
1776378232.801,232.801,0.32,187.96,0.31,10.0,0.33,168.8,0.34,168.32,0.67,161.8,0.66,168.32,0.68,195.0,0.69,10.0,0.01,0.01,2340.477627,1776378231000
1776378233.313,233.313,0.32,137.96,0.31,10.0,0.33,168.8,0.34,92.36,0.67,168.8,0.66,168.32,0.68,187.96,0.69,10.0,0.01,0.01,2340.482006,1776378232000
1776378233.53,233.53,0.32,77.96,0.31,10.0,0.33,199.8,0.34,92.36,0.67,168.8,0.66,92.36,0.68,137.96,0.69,10.0,0.01,0.01,2340.482006,1776378232000
1776378233.791,233.791,0.32,70.9,0.31,10.0,0.33,224.0,0.34,92.36,0.67,199.8,0.66,92.36,0.68,77.96,0.69,10.0,0.01,0.01,2340.482006,1776378232000
1776378234.075,234.075,0.3,23.18,0.29,52.5,0.31,108.5,0.32,60.5,0.67,346.69,0.66,46.5,0.68,9.77,0.69,10.0,0.01,0.01,2340.478991,1776378233000
1776378234.394,234.394,0.3,6.99,0.29,52.5,0.31,241.5,0.32,77.0,0.69,258.5,0.68,60.5,0.7,12.99,0.71,52.5,0.01,0.01,2340.478991,1776378233000
1776378235.89,235.89,0.29,42.5,0.28,72.89,0.3,23.01,0.31,449.81,0.69,241.5,0.68,77.0,0.7,6.99,0.71,52.5,0.01,0.01,2340.467514,1776378234000
1776378236.169,236.169,0.29,10.65,0.28,22.89,0.3,344.15,0.31,192.3,0.7,23.01,0.69,449.81,0.71,42.5,0.72,72.89,0.01,0.01,2340.301775,1776378235000
1776378236.425,236.425,0.27,27.29,0.26,68.7,0.29,75.0,0.3,313.15,0.7,344.15,0.69,192.3,0.72,5.44,0.73,43.3,0.02,0.02,2340.301775,1776378235000
1776378237.165,237.165,0.26,18.7,0.22,35.0,0.28,413.32,0.29,48.0,0.71,75.0,0.7,313.15,0.73,27.29,0.74,68.7,0.02,0.02,2340.251537,1776378236000
1776378237.657,237.657,0.26,0.05,0.21,100.0,0.27,172.8,0.28,367.12,0.73,149.5,0.72,367.12,0.74,12.55,0.78,25.0,0.01,0.01,2340.251537,1776378236000
1776378238.067,238.067,0.19,180.5,0.18,10.0,0.21,151.18,0.22,20.5,0.73,167.8,0.72,367.12,0.8,9.79,0.81,170.0,0.02,0.07,2340.251537,1776378236000
1776378238.802,238.802,0.19,19.02,0.18,10.0,0.2,107.0,0.21,156.18,0.79,151.18,0.78,20.5,0.81,180.5,0.82,10.0,0.01,0.02,2340.297953,1776378237000
1776378239.111,239.111,0.19,14.02,0.18,15.0,0.2,57.0,0.21,156.18,0.8,95.0,0.79,156.18,0.81,14.02,0.82,15.0,0.01,0.01,2340.297953,1776378237000
1776378239.521,239.521,0.18,25.5,0.17,160.0,0.2,34.0,0.21,161.18,0.8,57.0,0.79,156.18,0.81,4.02,0.82,15.0,0.02,0.01,2340.020045,1776378238000
1776378239.912,239.912,0.19,14.32,0.18,25.5,0.2,44.0,0.21,155.76,0.8,34.0,0.79,161.18,0.82,25.5,0.83,160.0,0.01,0.02,2340.020045,1776378238000
1776378240.246,240.246,0.19,3.83,0.18,15.0,0.2,188.35,0.21,10.0,0.8,44.0,0.79,155.76,0.81,14.32,0.82,25.5,0.01,0.01,2339.996844,1776378239000
1776378240.85,240.85,0.18,8.48,0.17,135.0,0.19,27.0,0.2,159.35,0.8,188.35,0.79,10.0,0.81,3.83,0.82,15.0,0.01,0.01,2339.996844,1776378239000
1776378241.121,241.121,0.17,106.99,0.16,150.0,0.19,176.26,0.2,60.0,0.81,27.0,0.8,204.35,0.82,6.48,0.83,135.0,0.02,0.01,2339.996844,1776378239000
1776378241.336,241.336,0.17,2.77,0.16,150.0,0.18,15.0,0.19,166.26,0.81,176.26,0.8,60.0,0.83,106.99,0.84,150.0,0.01,0.02,2340.010537,1776378240000
1776378241.636,241.636,0.17,7.77,0.16,150.0,0.19,149.15,0.2,77.5,0.81,154.15,0.8,77.5,0.83,2.77,0.84,150.0,0.02,0.02,2340.010537,1776378240000
1776378241.919,241.919,0.16,74.19,0.15,40.0,0.18,15.0,0.19,201.55,0.81,149.15,0.8,77.5,0.84,150.0,0.85,40.0,0.02,0.03,2340.010537,1776378240000
1776378242.274,242.274,0.16,23.69,0.15,35.0,0.17,187.04,0.18,39.4,0.83,187.04,0.82,10.0,0.84,51.78,0.85,35.0,0.01,0.01,2340.091204,1776378241000
1776378242.668,242.668,0.16,10.19,0.15,35.0,0.17,187.04,0.18,49.4,0.83,187.04,0.82,39.4,0.84,23.69,0.85,35.0,0.01,0.01,2340.091204,1776378241000
1776378243.194,243.194,0.16,14.19,0.15,35.0,0.17,198.54,0.18,54.4,0.83,187.04,0.82,49.4,0.84,4.19,0.85,35.0,0.01,0.01,2340.091204,1776378241000
1776378243.769,243.769,0.15,25.0,0.14,185.0,0.16,50.25,0.17,206.54,0.83,198.54,0.82,44.4,0.84,2.28,0.85,35.0,0.01,0.01,2340.084834,1776378242000
1776378244.263,244.263,0.14,25.92,0.13,10.0,0.15,202.0,0.16,31.8,0.85,10.0,0.84,48.05,0.86,28.02,0.87,10.0,0.01,0.01,2340.084834,1776378242000
1776378244.496,244.496,0.14,25.92,0.13,10.0,0.15,151.15,0.16,31.8,0.85,160.4,0.84,31.8,0.86,25.92,0.87,10.0,0.01,0.01,2340.0876,1776378243000
1776378244.89,244.89,0.14,0.92,0.13,10.0,0.15,115.35,0.16,36.8,0.85,151.15,0.84,31.8,0.86,25.92,0.87,10.0,0.01,0.01,2340.0876,1776378243000
1776378245.497,245.497,0.13,9.64,0.12,25.09,0.15,115.35,0.16,36.8,0.85,115.35,0.84,36.8,0.86,0.92,0.87,10.0,0.02,0.01,2340.093018,1776378244000
1776378245.765,245.765,0.13,8.29,0.12,30.09,0.14,22.8,0.15,115.35,0.85,115.35,0.84,36.8,0.87,9.64,0.88,25.09,0.01,0.02,2340.093018,1776378244000
1776378246.017,246.017,0.12,26.46,0.11,260.0,0.14,22.8,0.15,115.35,0.86,22.8,0.85,115.35,0.88,27.71,0.89,260.0,0.02,0.02,2339.905361,1776378245000
1776378246.339,246.339,0.12,24.46,0.11,210.0,0.16,13.78,0.17,45.5,0.86,22.8,0.85,115.35,0.88,26.46,0.89,260.0,0.04,0.02,2339.905361,1776378245000
1776378246.758,246.758,0.15,6.05,0.14,10.0,0.16,18.78,0.17,45.5,0.84,13.78,0.83,45.5,0.85,7.23,0.86,10.0,0.01,0.01,2339.905361,1776378245000
1776378248.055,248.055,0.14,3.73,0.13,7.5,0.15,65.2,0.16,188.78,0.84,28.78,0.83,55.5,0.85,4.28,0.86,10.0,0.01,0.01,2339.984535,1776378247000
1776378248.366,248.366,0.14,14.0,0.13,10.0,0.15,236.2,0.16,38.78,0.85,251.2,0.84,33.78,0.88,31.46,0.89,210.0,0.01,0.03,2339.984535,1776378247000
1776378248.95,248.95,0.13,18.71,0.12,31.46,0.15,236.2,0.16,38.78,0.85,236.2,0.84,38.78,0.86,14.0,0.87,10.0,0.02,0.01,2340.022817,1776378248000
1776378249.346,249.346,0.13,14.45,0.12,31.46,0.14,186.0,0.15,60.2,0.85,236.2,0.84,38.78,0.87,18.71,0.88,31.46,0.01,0.02,2340.022817,1776378248000
1776378249.796,249.796,0.13,8.7,0.12,31.46,0.14,186.0,0.15,60.2,0.86,186.0,0.85,60.2,0.87,14.45,0.88,31.46,0.01,0.01,2340.022817,1776378248000
1776378250.771,250.771,0.13,4.1,0.12,31.46,0.14,240.9,0.15,50.2,0.86,186.0,0.85,60.2,0.87,8.7,0.88,31.46,0.01,0.01,2339.991034,1776378249000
1776378251.918,251.918,0.12,31.46,0.11,210.0,0.14,31.0,0.15,65.2,0.86,240.9,0.85,50.2,0.87,4.1,0.88,31.46,0.02,0.01,2339.999013,1776378250000
1776378252.722,252.722,0.13,10.0,0.12,36.46,0.14,62.89,0.15,22.0,0.86,31.0,0.85,65.2,0.88,31.46,0.89,210.0,0.01,0.02,2340.014918,1776378251000
1776378252.983,252.983,0.14,15.0,0.13,10.0,0.15,22.0,0.16,31.0,0.85,22.0,0.84,41.0,0.87,10.0,0.88,36.46,0.01,0.02,2340.014918,1776378251000
1776378253.496,253.496,0.14,34.0,0.13,15.0,0.15,104.1,0.16,31.0,0.85,114.1,0.84,31.0,0.86,15.0,0.87,10.0,0.01,0.01,2340.02031,1776378252000
1776378253.842,253.842,0.14,8.72,0.13,25.0,0.15,49.1,0.16,31.0,0.85,24.1,0.84,31.0,0.86,34.0,0.87,15.0,0.01,0.01,2340.02031,1776378252000
1776378254.258,254.258,0.13,23.73,0.12,31.46,0.14,160.0,0.15,20.0,0.85,49.1,0.84,31.0,0.86,4.1,0.87,25.0,0.01,0.01,2340.02031,1776378252000
1776378254.589,254.589,0.13,17.46,0.12,36.46,0.14,169.6,0.15,20.0,0.86,160.0,0.85,20.0,0.87,23.73,0.88,31.46,0.01,0.01,2340.091691,1776378253000
1776378254.929,254.929,0.13,16.21,0.12,36.46,0.14,186.0,0.15,20.0,0.86,169.6,0.85,20.0,0.87,17.46,0.88,36.46,0.01,0.01,2340.091691,1776378253000
1776378255.264,255.264,0.13,14.33,0.12,36.46,0.14,186.0,0.15,20.0,0.86,186.0,0.85,20.0,0.87,16.21,0.88,36.46,0.01,0.01,2340.139754,1776378254000
1776378255.865,255.865,0.12,31.46,0.11,260.0,0.14,178.85,0.15,20.0,0.86,186.0,0.85,20.0,0.87,14.33,0.88,36.46,0.02,0.01,2340.139754,1776378254000
1776378256.254,256.254,0.12,31.46,0.11,260.0,0.14,171.7,0.15,20.0,0.86,178.85,0.85,20.0,0.88,31.46,0.89,260.0,0.02,0.02,2340.216015,1776378255000
1776378256.461,256.461,0.12,29.18,0.11,260.0,0.14,171.7,0.15,20.0,0.86,171.7,0.85,20.0,0.88,31.46,0.89,260.0,0.02,0.02,2340.216015,1776378255000
1776378256.783,256.783,0.12,27.93,0.11,260.0,0.14,179.2,0.15,10.0,0.86,179.2,0.85,10.0,0.88,29.18,0.89,260.0,0.02,0.02,2340.216015,1776378255000
1776378257.188,257.188,0.12,26.68,0.11,260.0,0.13,155.0,0.14,41.0,0.86,179.2,0.85,10.0,0.88,27.93,0.89,260.0,0.01,0.02,2340.216015,1776378255000
1776378257.545,257.545,0.12,25.43,0.11,260.0,0.13,186.0,0.14,10.0,0.87,155.0,0.86,41.0,0.88,26.68,0.89,260.0,0.01,0.01,2340.201547,1776378256000
1776378258.362,258.362,0.12,25.43,0.11,260.0,0.13,168.3,0.14,10.0,0.87,186.0,0.86,10.0,0.88,25.43,0.89,260.0,0.01,0.01,2340.201547,1776378256000
1776378259.307,259.307,0.12,24.18,0.11,260.0,0.13,78.54,0.14,20.0,0.87,168.3,0.86,10.0,0.88,25.43,0.89,260.0,0.01,0.01,2340.201573,1776378258000
1776378259.567,259.567,0.12,24.18,0.11,260.0,0.13,86.84,0.14,30.0,0.87,78.54,0.86,20.0,0.88,24.18,0.89,260.0,0.01,0.01,2340.201573,1776378258000
1776378260.118,260.118,0.12,4.18,0.11,260.0,0.13,79.14,0.14,30.0,0.87,86.84,0.86,30.0,0.88,24.18,0.89,260.0,0.01,0.01,2340.201573,1776378258000
1776378261.174,261.174,0.12,4.18,0.11,260.0,0.13,81.44,0.14,30.0,0.87,79.14,0.86,30.0,0.88,4.18,0.89,260.0,0.01,0.01,2340.21011,1776378259000
1776378262.105,262.105,0.12,2.93,0.11,160.0,0.13,21.0,0.14,10.0,0.87,81.44,0.86,30.0,0.88,4.18,0.89,260.0,0.01,0.01,2340.213483,1776378260000
1776378262.31,262.31,0.12,0.89,0.11,170.0,0.14,10.0,0.15,20.0,0.87,21.0,0.86,10.0,0.88,0.89,0.89,170.0,0.02,0.01,2340.213483,1776378260000
1776378262.903,262.903,0.13,2.95,0.12,0.89,0.14,10.0,0.15,20.0,0.86,10.0,0.85,20.0,0.87,7.7,0.88,0.89,0.01,0.01,2340.218437,1776378262000
1776378263.584,263.584,0.11,170.0,0.1,140.0,0.13,38.16,0.14,10.0,0.88,6.16,0.86,10.0,0.89,170.0,0.9,100.0,0.02,0.01,2340.218437,1776378262000
1776378265.735,265.735,0.1,100.0,0.09,21.0,0.12,198.32,0.13,53.91,0.87,38.16,0.86,10.0,0.89,170.0,0.9,140.0,0.02,0.02,2340.263441,1776378264000
1776378266.024,266.024,0.1,100.0,0.09,21.0,0.11,78.32,0.12,176.32,0.88,198.32,0.87,53.91,0.9,100.0,0.91,21.0,0.01,0.02,2340.263441,1776378264000
1776378266.627,266.627,0.09,15.57,0.08,22.0,0.1,15.0,0.11,120.57,0.89,121.19,0.88,176.32,0.9,80.0,0.91,21.0,0.01,0.01,2340.270731,1776378265000
1776378267.07,267.07,0.07,97.92,0.06,101.0,0.1,244.27,0.11,45.62,0.9,25.0,0.89,100.57,0.91,10.07,0.92,22.0,0.03,0.01,2340.270731,1776378265000
1776378267.556,267.556,0.07,1.92,0.06,101.0,0.08,12.0,0.09,5.0,0.9,244.27,0.89,45.62,0.93,97.92,0.94,101.0,0.01,0.03,2340.270731,1776378266000
1776378267.792,267.792,0.06,37.82,0.05,100.0,0.07,25.0,0.08,5.0,0.92,5.0,0.91,5.0,0.94,93.82,0.95,100.0,0.01,0.02,2340.270731,1776378266000
1776378268.034,268.034,0.06,29.3,0.05,100.0,0.07,25.0,0.08,131.07,0.93,25.0,0.92,5.0,0.94,37.82,0.95,100.0,0.01,0.01,2340.270731,1776378266000
1776378268.549,268.549,0.05,72.25,0.04,130.0,0.07,61.0,0.08,131.07,0.93,25.0,0.92,131.07,0.94,29.3,0.95,100.0,0.02,0.01,2340.142452,1776378267000
1776378269.104,269.104,0.05,41.08,0.04,130.0,0.06,224.42,0.07,21.0,0.93,61.0,0.92,131.07,0.95,67.14,0.96,130.0,0.01,0.02,2340.142452,1776378267000
1776378269.555,269.555,0.05,40.02,0.04,130.0,0.06,229.42,0.07,21.0,0.94,224.42,0.93,21.0,0.95,41.08,0.96,130.0,0.01,0.01,2340.008787,1776378268000
1776378269.862,269.862,0.05,1.54,0.04,130.0,0.06,234.74,0.07,26.38,0.94,234.74,0.93,26.38,0.95,31.94,0.96,130.0,0.01,0.01,2340.008787,1776378268000
1776378270.454,270.454,0.04,122.14,0.03,159.0,0.06,244.74,0.07,26.38,0.94,234.74,0.93,26.38,0.95,1.54,0.96,130.0,0.02,0.01,2339.953505,1776378269000
1776378270.804,270.804,0.04,316.14,0.03,260.0,0.06,5.26,0.09,27.0,0.94,244.74,0.93,26.38,0.96,122.14,0.97,159.0,0.02,0.02,2339.953505,1776378269000
1776378271.065,271.065,0.05,3.96,0.04,296.14,0.06,6.18,0.08,10.0,0.94,10.58,0.92,10.0,0.95,3.96,0.96,296.14,0.01,0.01,2339.92358,1776378270000
1776378271.347,271.347,0.04,296.14,0.03,298.0,0.06,6.18,0.07,5.38,0.94,6.18,0.92,10.0,0.95,1.84,0.96,296.14,0.02,0.01,2339.92358,1776378270000
1776378271.633,271.633,0.05,4.0,0.04,296.14,0.06,6.18,0.08,10.0,0.94,6.18,0.93,5.38,0.96,296.14,0.97,298.0,0.01,0.02,2339.92358,1776378270000
1776378272.028,272.028,0.05,4.0,0.04,296.14,0.07,10.0,0.08,10.0,0.94,6.18,0.92,10.0,0.95,4.0,0.96,296.14,0.02,0.01,2339.901225,1776378271000
1776378272.512,272.512,0.04,287.14,0.03,391.7,0.06,5.32,0.07,15.38,0.93,10.0,0.92,10.0,0.95,4.0,0.96,296.14,0.02,0.02,2339.901225,1776378271000
1776378272.737,272.737,0.05,10.0,0.04,287.14,0.07,14.39,0.08,10.0,0.94,5.32,0.93,15.38,0.96,287.14,0.97,391.7,0.02,0.02,2339.901225,1776378271000
1776378273.026,273.026,0.05,24.38,0.04,287.14,0.07,14.39,0.08,58.9,0.93,14.39,0.92,10.0,0.95,10.0,0.96,287.14,0.02,0.02,2339.901225,1776378271000
1776378273.242,273.242,0.05,6.21,0.04,287.14,0.07,14.39,0.08,10.0,0.93,14.39,0.92,10.0,0.95,9.28,0.96,287.14,0.02,0.02,2340.08326,1776378272000
1776378273.566,273.566,0.05,6.21,0.04,287.14,0.06,18.0,0.07,19.39,0.93,14.39,0.92,10.0,0.95,6.21,0.96,287.14,0.01,0.02,2340.08326,1776378272000
1776378274.533,274.533,0.05,2.95,0.04,287.14,0.06,15.0,0.07,24.39,0.94,18.0,0.93,19.39,0.95,6.21,0.96,287.14,0.01,0.01,2340.11983,1776378273000
1776378274.962,274.962,0.04,106.95,0.03,474.7,0.05,7.05,0.06,15.0,0.95,7.05,0.94,15.0,0.96,287.14,0.97,312.7,0.01,0.01,2340.11983,1776378273000
1776378275.575,275.575,0.04,96.53,0.03,351.0,0.05,7.05,0.06,15.0,0.95,7.05,0.94,15.0,0.96,106.95,0.97,474.7,0.01,0.01,2340.131927,1776378274000
1776378276.44,276.44,0.04,91.32,0.03,351.0,0.05,12.31,0.06,15.0,0.95,7.05,0.94,15.0,0.96,96.53,0.97,351.0,0.01,0.01,2340.0932,1776378275000
1776378276.699,276.699,0.04,77.9,0.03,351.0,0.05,12.31,0.06,25.0,0.95,12.31,0.94,25.0,0.96,80.9,0.97,351.0,0.01,0.01,2340.0932,1776378275000
1776378277.986,277.986,0.03,351.0,0.02,338.0,0.05,12.05,0.06,15.0,0.95,12.31,0.94,25.0,0.96,77.9,0.97,351.0,0.02,0.01,2340.083124,1776378277000
1776378278.501,278.501,0.03,285.89,0.02,338.0,0.05,22.05,0.06,25.0,0.95,12.05,0.94,15.0,0.97,351.0,0.98,338.0,0.02,0.02,2340.083124,1776378277000
1776378279.086,279.086,0.03,108.58,0.02,528.0,0.04,15.0,0.05,22.05,0.95,22.05,0.94,25.0,0.97,285.89,0.98,338.0,0.01,0.02,2340.083316,1776378278000
1776378280.205,280.205,0.03,27.58,0.02,478.0,0.04,20.0,0.05,47.89,0.96,15.0,0.95,22.05,0.97,108.58,0.98,528.0,0.01,0.01,2340.083316,1776378278000
1776378280.532,280.532,0.03,12.47,0.02,478.0,0.04,15.0,0.05,47.89,0.96,20.0,0.95,47.89,0.97,23.58,0.98,478.0,0.01,0.01,2340.084174,1776378279000
1776378281.055,281.055,0.03,12.32,0.02,478.0,0.04,25.0,0.05,57.89,0.96,15.0,0.95,57.89,0.97,7.47,0.98,478.0,0.01,0.01,2340.084174,1776378279000
1776378281.617,281.617,0.03,7.17,0.02,478.0,0.04,23.55,0.05,47.89,0.96,23.55,0.95,47.89,0.97,12.32,0.98,478.0,0.01,0.01,2340.09316,1776378280000
1776378282.202,282.202,0.02,459.57,0.01,1490.05,0.03,20.0,0.04,23.55,0.96,23.55,0.95,47.89,0.98,464.68,0.99,1646.05,0.01,0.02,2340.092855,1776378281000
1776378282.54,282.54,0.02,459.57,0.01,1521.05,0.03,15.15,0.04,20.0,0.97,20.0,0.96,23.55,0.98,459.57,0.99,1490.05,0.01,0.01,2340.092855,1776378281000
1776378282.771,282.771,0.02,449.57,0.01,1497.05,0.03,15.0,0.04,20.0,0.97,15.15,0.96,20.0,0.98,459.57,0.99,1521.05,0.01,0.01,2340.092855,1776378281000
1776378282.997,282.997,0.02,382.26,0.01,1497.05,0.03,15.0,0.04,20.0,0.97,15.0,0.96,20.0,0.98,448.26,0.99,1497.05,0.01,0.01,2340.092855,1776378281000
1776378283.84,283.84,0.02,237.21,0.01,1653.05,0.03,15.0,0.04,20.0,0.97,15.0,0.96,20.0,0.98,382.26,0.99,1497.05,0.01,0.01,2340.096992,1776378282000
1776378284.339,284.339,0.02,177.15,0.01,1653.05,0.03,14.94,0.04,20.0,0.97,14.94,0.96,20.0,0.98,232.21,0.99,1653.05,0.01,0.01,2340.096992,1776378282000
1776378285.306,285.306,0.02,59.98,0.01,1553.05,0.03,14.94,0.04,20.0,0.97,14.94,0.96,20.0,0.98,170.19,0.99,1653.05,0.01,0.01,2340.115938,1776378284000
1776378285.961,285.961,0.02,39.98,0.01,1563.03,0.03,14.94,0.04,30.0,0.97,14.94,0.96,20.0,0.98,49.98,0.99,1553.05,0.01,0.01,2340.115938,1776378284000
1776378286.461,286.461,,,,,0.03,25.25,0.04,20.0,0.97,14.94,0.96,30.0,0.98,39.98,0.99,1563.03,,0.01,2340.109105,1776378285000
1776378286.807,286.807,0.01,95.0,,,0.02,15.0,0.03,35.25,0.97,25.25,0.96,20.0,,,,,0.01,,2340.109105,1776378285000
1776378287.164,287.164,0.01,194.94,,,0.02,10.0,0.03,35.25,0.98,20.0,0.97,35.25,0.99,90.0,,,0.01,0.01,2340.109105,1776378285000
1776378287.379,287.379,0.02,7.95,0.01,199.94,0.04,5.25,0.05,34.0,0.96,5.25,0.95,10.0,0.99,199.94,,,0.02,0.03,2340.109105,1776378285000
1776378287.752,287.752,0.01,96.78,,,0.03,10.0,0.04,5.25,0.96,5.25,0.95,34.0,0.99,197.8,,,0.02,0.03,2340.109354,1776378286000
1776378289.173,289.173,0.01,81.56,,,0.02,51.0,0.03,10.0,0.97,10.0,0.96,5.25,0.99,96.78,,,0.01,0.02,2340.139021,1776378288000
1776378289.879,289.879,0.01,81.57,,,0.02,31.0,0.03,10.0,0.98,51.0,0.97,10.0,0.99,81.56,,,0.01,0.01,2340.139021,1776378288000
1776378290.246,290.246,0.01,71.46,,,0.02,82.0,0.03,10.0,0.98,31.0,0.97,10.0,0.99,81.57,,,0.01,0.01,2340.139021,1776378288000
1776378290.498,290.498,0.01,66.46,,,0.02,32.0,0.03,10.0,0.98,82.0,0.97,10.0,0.99,66.46,,,0.01,0.01,2340.315841,1776378289000
1776378290.836,290.836,0.01,34.46,,,0.02,32.0,0.03,10.0,0.98,32.0,0.97,10.0,0.99,66.46,,,0.01,0.01,2340.315841,1776378289000
1776378291.451,291.451,0.01,29.46,,,0.02,83.0,0.03,10.0,0.98,32.0,0.97,10.0,0.99,34.46,,,0.01,0.01,2340.352057,1776378290000
1776378291.675,291.675,0.01,18.33,,,0.02,83.0,0.03,10.0,0.98,83.0,0.97,10.0,0.99,19.35,,,0.01,0.01,2340.352057,1776378290000
1776378292.175,292.175,,,,,0.01,445.63,0.02,83.0,0.99,281.67,0.98,83.0,,,,,,,2340.352057,1776378290000
1776378293.002,293.002,,,,,0.01,596.18,0.02,32.0,0.99,445.63,0.98,83.0,,,,,,,2340.37338,1776378292000
1776378293.89,293.89,,,,,0.01,346.18,0.02,32.0,0.99,446.18,0.98,32.0,,,,,,,2340.37338,1776378292000
1776378296.452,296.452,,,,,0.01,532.17,0.02,32.0,0.99,346.18,0.98,32.0,,,,,,,2340.488863,1776378294000
1776378298.807,298.807,,,,,0.01,2989.06,0.02,32.0,0.99,532.17,0.98,32.0,,,,,,,2340.599675,1776378296000

# RESULT,winner=Down,slug=eth-updown-5m-1776378000,ticks=366
