timestamp,elapsed_sec,up_bid_p1,up_bid_s1,up_bid_p2,up_bid_s2,up_ask_p1,up_ask_s1,up_ask_p2,up_ask_s2,down_bid_p1,down_bid_s1,down_bid_p2,down_bid_s2,down_ask_p1,down_ask_s1,down_ask_p2,down_ask_s2,up_spread,down_spread,eth_price,eth_oracle_ts
1776339300.613,0.613,0.46,61.57,0.45,70.0,0.52,43.79,0.54,70.0,0.48,43.79,0.47,15.0,0.54,85.0,0.55,75.0,0.06,0.06,2333.780567,1776339299000
1776339300.927,0.927,0.46,26.85,0.45,70.0,0.52,43.79,0.54,70.0,0.48,43.79,0.46,70.0,0.54,26.85,0.55,70.0,0.06,0.06,2334.299329,1776339300000
1776339301.464,1.464,0.51,10.0,0.5,75.0,0.52,38.24,0.55,100.0,0.48,43.79,0.46,70.0,0.54,26.85,0.55,70.0,0.01,0.06,2334.299329,1776339300000
1776339301.723,1.723,0.51,10.0,0.5,70.0,0.52,16.86,0.58,100.0,0.48,32.24,0.42,100.0,0.49,10.0,0.5,70.0,0.01,0.01,2334.299329,1776339300000
1776339301.951,1.951,0.51,10.0,0.5,70.0,0.52,16.86,0.58,100.0,0.48,16.86,0.42,100.0,0.49,10.0,0.5,70.0,0.01,0.01,2334.34925,1776339301000
1776339302.36,2.36,0.51,10.0,0.5,131.87,0.58,100.0,0.59,100.0,0.48,1.86,0.42,100.0,0.49,10.0,0.5,70.0,0.07,0.01,2334.34925,1776339301000
1776339302.623,2.623,0.57,72.79,0.55,70.0,0.61,70.0,0.62,70.0,0.42,100.0,0.41,100.0,0.49,10.0,0.5,131.87,0.04,0.07,2334.34925,1776339301000
1776339302.934,2.934,0.57,72.79,0.55,70.0,0.61,55.0,0.62,70.0,0.39,55.0,0.38,70.0,0.43,72.79,0.45,70.0,0.04,0.04,2334.606489,1776339302000
1776339303.353,3.353,0.54,10.0,0.53,10.0,0.61,73.69,0.62,70.0,0.39,72.69,0.38,70.0,0.5,53.66,0.51,70.0,0.07,0.11,2334.606489,1776339302000
1776339303.795,3.795,0.6,5.0,0.59,10.0,0.61,72.69,0.62,75.0,0.39,67.69,0.38,70.0,0.46,10.0,0.47,10.0,0.01,0.07,2334.606489,1776339302000
1776339304.324,4.324,0.6,12.37,0.59,22.0,0.61,83.69,0.62,96.0,0.39,72.69,0.38,75.0,0.4,5.0,0.41,10.0,0.01,0.01,2334.981585,1776339303000
1776339304.596,4.596,0.59,92.0,0.58,80.0,0.6,28.13,0.61,23.69,0.39,68.47,0.38,96.0,0.4,12.37,0.41,22.0,0.01,0.01,2334.981585,1776339303000
1776339304.844,4.844,0.59,80.0,0.58,92.0,0.62,20.19,0.63,114.0,0.38,23.0,0.37,114.0,0.41,85.0,0.42,92.0,0.03,0.03,2334.981585,1776339303000
1776339305.069,5.069,0.61,10.0,0.6,10.0,0.62,12.73,0.63,112.0,0.38,12.73,0.37,112.0,0.39,10.0,0.4,10.0,0.01,0.01,2335.03649,1776339304000
1776339305.396,5.396,0.58,12.0,0.57,10.0,0.59,4.83,0.6,80.0,0.39,50.0,0.38,15.0,0.41,12.0,0.44,10.0,0.01,0.02,2335.03649,1776339304000
1776339306.039,6.039,0.59,5.0,0.58,10.0,0.6,150.0,0.61,137.0,0.4,150.0,0.39,120.0,0.43,9.52,0.44,10.0,0.01,0.03,2335.03649,1776339304000
1776339307.075,7.075,0.59,8.0,0.58,29.0,0.6,160.0,0.61,140.0,0.4,150.0,0.39,137.0,0.41,5.0,0.42,10.0,0.01,0.01,2335.017125,1776339305000
1776339307.323,7.323,0.58,4.88,0.57,21.52,0.59,15.0,0.6,226.28,0.4,160.0,0.39,140.0,0.41,8.0,0.42,29.0,0.01,0.01,2335.08308,1776339306000
1776339307.635,7.635,0.56,5.0,0.55,25.47,0.6,150.83,0.61,120.0,0.41,15.0,0.4,226.28,0.42,4.88,0.43,21.52,0.04,0.01,2335.08308,1776339306000
1776339308.036,8.036,0.46,179.9,0.45,137.0,0.47,129.2,0.48,22.0,0.53,6.15,0.49,10.0,0.54,175.0,0.55,130.0,0.01,0.01,2335.08308,1776339306000
1776339308.253,8.253,0.46,80.0,0.45,137.0,0.47,112.36,0.48,31.61,0.53,115.75,0.52,31.61,0.54,80.0,0.55,137.0,0.01,0.01,2334.938009,1776339307000
1776339308.505,8.505,0.46,60.0,0.45,37.0,0.47,107.36,0.48,31.61,0.53,107.36,0.52,31.61,0.54,70.0,0.55,137.0,0.01,0.01,2334.938009,1776339307000
1776339308.774,8.774,0.44,70.0,0.43,82.0,0.45,7.77,0.46,22.0,0.53,21.72,0.52,10.0,0.56,70.0,0.57,70.0,0.01,0.03,2334.938009,1776339307000
1776339309.056,9.056,0.44,70.0,0.43,82.0,0.45,7.77,0.46,22.0,0.55,7.77,0.54,22.0,0.56,70.0,0.57,82.0,0.01,0.01,2334.910809,1776339308000
1776339309.427,9.427,0.44,79.21,0.43,82.0,0.45,7.77,0.46,22.0,0.55,7.77,0.54,22.0,0.56,70.0,0.57,82.0,0.01,0.01,2334.910809,1776339308000
1776339309.679,9.679,0.44,67.21,0.43,82.0,0.45,2.77,0.46,22.0,0.55,2.77,0.54,22.0,0.56,79.21,0.57,82.0,0.01,0.01,2334.910809,1776339308000
1776339310.032,10.032,0.44,67.21,0.43,82.0,0.45,2.77,0.46,22.0,0.55,2.77,0.54,22.0,0.56,67.21,0.57,82.0,0.01,0.01,2334.730147,1776339309000
1776339310.373,10.373,0.44,6.0,0.43,92.0,0.53,5.0,0.56,50.0,0.55,2.77,0.54,22.0,0.56,67.21,0.57,82.0,0.09,0.01,2334.730147,1776339309000
1776339310.78,10.78,0.49,9.11,0.48,10.0,0.51,40.1,0.53,10.0,0.49,55.1,0.44,120.0,0.53,5.0,0.54,70.0,0.02,0.04,2334.730147,1776339309000
1776339311.125,11.125,0.5,16.0,0.49,9.11,0.56,120.0,0.57,140.0,0.49,40.1,0.47,10.0,0.51,9.11,0.52,10.0,0.06,0.02,2334.342892,1776339310000
1776339312.079,12.079,0.55,20.0,0.54,22.0,0.56,113.01,0.57,152.0,0.44,120.0,0.43,140.0,0.5,16.0,0.51,9.11,0.01,0.06,2334.342892,1776339310000
1776339312.585,12.585,0.5,5.0,0.49,15.0,0.56,172.51,0.57,177.0,0.44,48.51,0.43,152.0,0.45,16.6,0.46,22.0,0.06,0.01,2334.56108,1776339311000
1776339314.17,14.17,0.53,10.0,0.52,14.5,0.54,5.0,0.55,37.0,0.44,172.51,0.43,177.0,0.5,5.0,0.51,15.0,0.01,0.06,2334.616232,1776339312000
1776339314.441,14.441,0.53,11.0,0.52,19.5,0.55,37.5,0.56,129.01,0.46,5.0,0.45,37.0,0.47,10.0,0.48,14.5,0.02,0.01,2334.550895,1776339313000
1776339316.115,16.115,0.5,18.62,0.48,5.0,0.51,25.5,0.52,98.03,0.45,37.5,0.44,129.01,0.47,11.0,0.48,19.5,0.01,0.02,2334.538,1776339314000
1776339316.703,16.703,0.48,4.78,0.46,37.99,0.49,72.5,0.5,200.5,0.5,125.5,0.49,37.5,0.52,11.0,0.54,37.99,0.01,0.02,2334.48695,1776339315000
1776339318.254,18.254,0.46,37.99,0.45,22.5,0.47,54.48,0.48,25.5,0.51,72.5,0.5,200.5,0.52,4.78,0.54,37.99,0.01,0.01,2334.214234,1776339317000
1776339322.756,22.756,0.45,30.5,0.44,53.5,0.46,20.0,0.47,37.0,0.53,59.48,0.52,25.5,0.55,22.5,0.56,12.0,0.01,0.02,2334.232649,1776339321000
1776339324.709,24.709,0.45,66.5,0.44,47.5,0.49,15.0,0.5,155.0,0.54,20.0,0.53,37.0,0.55,30.5,0.56,53.5,0.04,0.01,2334.19905,1776339323000
1776339330.561,30.561,0.47,60.44,0.46,60.5,0.48,28.75,0.49,15.0,0.51,15.0,0.5,155.0,0.55,66.5,0.56,47.5,0.01,0.04,2334.32527,1776339329000
1776339331.077,31.077,0.47,60.44,0.46,70.5,0.48,0.75,0.49,5.0,0.52,28.75,0.51,15.0,0.53,60.44,0.54,60.5,0.01,0.01,2334.325265,1776339330000
1776339331.423,31.423,0.48,15.0,0.47,60.44,0.49,17.0,0.5,155.5,0.51,5.0,0.5,155.5,0.53,60.44,0.54,43.5,0.01,0.02,2334.325265,1776339330000
1776339332.609,32.609,0.48,15.0,0.47,65.44,0.5,155.5,0.51,35.5,0.51,17.0,0.5,155.5,0.52,15.0,0.53,60.44,0.02,0.01,2334.324585,1776339331000
1776339334.454,34.454,0.49,25.0,0.48,15.0,0.5,158.5,0.51,25.5,0.5,155.5,0.49,35.5,0.52,15.0,0.53,65.44,0.01,0.02,2334.327045,1776339333000
1776339339.08,39.08,0.49,99.47,0.48,25.5,0.5,88.0,0.51,12.0,0.5,153.5,0.49,25.5,0.51,18.03,0.52,10.0,0.01,0.01,2334.348959,1776339337000
1776339339.531,39.531,0.52,21.41,0.51,106.5,0.54,22.5,0.55,20.5,0.49,12.0,0.48,85.5,0.51,99.47,0.52,25.5,0.02,0.02,2334.365635,1776339338000
1776339339.736,39.736,0.54,25.0,0.53,43.0,0.56,9.85,0.58,93.0,0.46,22.5,0.45,20.5,0.48,21.41,0.49,106.5,0.02,0.02,2334.365635,1776339338000
1776339340.025,40.025,0.56,20.0,0.55,32.0,0.57,2.03,0.58,105.0,0.44,9.85,0.42,93.0,0.46,25.0,0.47,43.0,0.01,0.02,2334.365635,1776339338000
1776339340.657,40.657,0.57,68.0,0.56,51.5,0.58,75.1,0.59,93.0,0.42,94.17,0.41,88.0,0.44,25.0,0.45,47.5,0.01,0.02,2334.37608,1776339339000
1776339341.114,41.114,0.57,5.17,0.56,22.0,0.58,80.1,0.59,103.0,0.42,75.1,0.41,93.0,0.48,0.1,0.49,34.5,0.01,0.06,2334.37608,1776339339000
1776339341.801,41.801,0.57,2.84,0.56,22.0,0.58,85.1,0.59,97.0,0.42,80.1,0.41,103.0,0.43,5.17,0.44,22.0,0.01,0.01,2334.413065,1776339340000
1776339342.374,42.374,0.56,18.08,0.55,15.0,0.58,85.1,0.59,97.0,0.42,85.1,0.41,97.0,0.43,2.84,0.44,22.0,0.02,0.01,2334.622855,1776339341000
1776339342.742,42.742,0.56,55.0,0.55,20.0,0.58,80.1,0.59,97.0,0.42,85.1,0.41,97.0,0.44,18.08,0.45,15.0,0.02,0.02,2334.622855,1776339341000
1776339343.892,43.892,0.49,12.82,0.45,5.0,0.5,64.0,0.51,168.0,0.42,80.1,0.41,97.0,0.44,50.0,0.45,20.0,0.01,0.02,2334.623011,1776339342000
1776339344.231,44.231,0.45,1.93,0.4,84.0,0.5,121.5,0.51,198.0,0.5,105.2,0.49,183.0,0.51,12.72,0.55,5.0,0.05,0.01,2334.605782,1776339343000
1776339344.479,44.479,0.42,5.0,0.4,84.0,0.46,15.0,0.47,15.0,0.5,121.5,0.49,198.0,0.55,1.93,0.6,84.0,0.04,0.05,2334.605782,1776339343000
1776339344.8,44.8,0.42,5.0,0.4,84.0,0.43,6.44,0.44,10.0,0.57,6.44,0.56,10.0,0.58,15.5,0.6,84.0,0.01,0.01,2334.605782,1776339343000
1776339345.148,45.148,0.41,32.5,0.4,79.0,0.43,6.44,0.44,22.0,0.57,6.44,0.56,10.0,0.58,5.0,0.6,84.0,0.02,0.01,2334.709558,1776339344000
1776339345.556,45.556,0.41,15.5,0.4,91.0,0.42,21.0,0.43,6.44,0.57,6.44,0.56,22.0,0.59,32.5,0.6,79.0,0.01,0.02,2334.709558,1776339344000
1776339346.224,46.224,0.4,89.5,0.39,106.0,0.41,5.0,0.42,51.0,0.58,21.0,0.57,6.44,0.59,15.5,0.6,91.0,0.01,0.01,2334.383705,1776339345000
1776339346.903,46.903,0.4,135.14,0.39,101.0,0.41,5.0,0.42,51.0,0.59,5.0,0.58,51.0,0.6,80.12,0.61,106.0,0.01,0.01,2334.238916,1776339346000
1776339347.266,47.266,0.41,25.5,0.4,158.64,0.42,3.89,0.43,18.44,0.59,5.0,0.58,51.0,0.6,135.14,0.61,101.0,0.01,0.01,2334.238916,1776339346000
1776339347.584,47.584,0.41,86.62,0.4,91.93,0.42,42.2,0.43,18.33,0.58,29.2,0.57,12.33,0.59,25.41,0.6,134.64,0.01,0.01,2334.238916,1776339346000
1776339348.18,48.18,0.41,117.0,0.4,76.43,0.43,12.09,0.45,10.0,0.58,18.33,0.57,18.33,0.59,81.62,0.6,91.93,0.02,0.01,2334.178275,1776339347000
1776339349.08,49.08,0.42,82.38,0.41,37.38,0.43,11.0,0.44,12.0,0.57,12.09,0.55,10.0,0.59,117.0,0.6,76.43,0.01,0.02,2334.22183,1776339348000
1776339352.307,52.307,0.42,5.0,0.41,5.0,0.43,43.5,0.44,32.5,0.57,11.0,0.56,12.0,0.58,82.38,0.59,37.38,0.01,0.01,2334.22932,1776339350000
1776339352.521,52.521,0.4,61.43,0.39,96.0,0.41,17.31,0.42,32.5,0.58,10.0,0.57,38.5,0.6,73.43,0.61,84.0,0.01,0.02,2334.22932,1776339350000
1776339353.211,53.211,0.36,10.04,0.35,70.0,0.37,20.5,0.38,63.7,0.59,17.31,0.58,32.5,0.6,45.44,0.61,96.0,0.01,0.01,2334.22932,1776339350000
1776339353.764,53.764,0.35,0.31,0.34,70.0,0.36,54.5,0.37,32.5,0.64,49.5,0.63,32.5,0.65,20.31,0.66,70.0,0.01,0.01,2334.23263,1776339352000
1776339354.089,54.089,0.33,41.0,0.32,122.5,0.34,15.0,0.35,15.0,0.67,27.0,0.66,15.0,0.68,117.5,0.69,145.8,0.01,0.01,2334.23263,1776339352000
1776339354.653,54.653,0.33,46.0,0.32,183.76,0.34,36.05,0.35,15.0,0.66,15.0,0.65,15.0,0.67,41.0,0.68,122.5,0.01,0.01,2334.171844,1776339353000
1776339354.935,54.935,0.33,46.0,0.32,193.76,0.34,30.16,0.35,15.0,0.66,41.05,0.65,15.0,0.67,46.0,0.68,183.76,0.01,0.01,2334.171844,1776339353000
1776339355.271,55.271,0.33,41.0,0.32,193.76,0.34,25.16,0.35,15.0,0.66,30.16,0.65,15.0,0.67,46.0,0.68,193.76,0.01,0.01,2333.969564,1776339354000
1776339357.112,57.112,0.39,33.0,0.33,85.38,0.4,25.5,0.41,10.0,0.66,25.16,0.65,15.0,0.67,41.0,0.68,193.76,0.01,0.01,2333.83641,1776339355000
1776339357.382,57.382,0.39,43.0,0.37,10.0,0.4,25.5,0.41,15.0,0.6,25.5,0.59,10.0,0.61,33.0,0.67,85.38,0.01,0.01,2333.906183,1776339356000
1776339357.986,57.986,0.39,18.25,0.38,12.0,0.4,25.5,0.41,15.0,0.6,25.5,0.59,15.0,0.61,18.25,0.62,10.0,0.01,0.01,2333.906183,1776339356000
1776339358.855,58.855,0.38,12.0,0.34,5.0,0.4,111.5,0.41,86.47,0.6,25.5,0.59,15.0,0.61,18.25,0.62,12.0,0.02,0.01,2333.89988,1776339357000
1776339359.062,59.062,0.33,37.76,0.32,70.0,0.35,20.5,0.36,20.5,0.6,111.5,0.59,95.47,0.62,7.0,0.66,5.0,0.02,0.02,2333.89988,1776339357000
1776339360.033,60.033,0.31,73.47,0.29,17.5,0.34,79.5,0.35,74.5,0.65,20.5,0.64,20.5,0.67,37.76,0.68,70.0,0.03,0.02,2333.979955,1776339358000
1776339360.377,60.377,0.31,88.87,0.29,17.5,0.32,25.5,0.33,32.5,0.66,79.5,0.65,74.5,0.69,73.47,0.71,17.5,0.01,0.03,2333.982785,1776339359000
1776339360.776,60.776,0.28,60.59,0.26,77.0,0.32,67.5,0.33,46.5,0.68,30.5,0.67,32.5,0.69,11.92,0.7,17.1,0.04,0.01,2333.982785,1776339359000
1776339362.269,62.269,0.26,18.0,0.25,25.2,0.27,74.0,0.28,30.5,0.71,32.54,0.7,15.0,0.74,40.0,0.75,25.2,0.01,0.03,2333.582147,1776339360000
1776339362.682,62.682,0.26,36.7,0.25,25.2,0.27,63.44,0.28,30.5,0.73,74.0,0.72,30.5,0.74,18.0,0.75,25.2,0.01,0.01,2333.544342,1776339361000
1776339363.643,63.643,0.26,18.0,0.25,49.01,0.27,26.4,0.28,30.5,0.73,63.44,0.72,30.5,0.74,36.7,0.75,25.2,0.01,0.01,2333.45852,1776339362000
1776339364.109,64.109,0.25,49.01,0.24,19.7,0.27,82.5,0.28,30.5,0.73,26.4,0.72,30.5,0.74,18.0,0.75,49.01,0.02,0.01,2333.45852,1776339362000
1776339365.919,65.919,0.24,19.21,0.23,32.3,0.26,35.5,0.27,112.7,0.73,82.5,0.72,30.5,0.75,49.01,0.76,19.7,0.02,0.02,2333.342232,1776339364000
1776339366.374,66.374,0.24,24.21,0.23,25.3,0.25,33.0,0.26,25.0,0.74,35.5,0.73,112.7,0.76,19.21,0.77,32.3,0.01,0.02,2333.342232,1776339364000
1776339367.923,67.923,0.24,20.66,0.23,25.3,0.25,38.0,0.26,30.0,0.75,33.0,0.74,25.0,0.76,24.21,0.77,25.3,0.01,0.01,2333.339166,1776339366000
1776339368.126,68.126,0.24,21.71,0.23,20.3,0.25,10.0,0.26,37.0,0.75,21.0,0.74,30.0,0.76,20.66,0.77,25.3,0.01,0.01,2333.31215,1776339367000
1776339368.375,68.375,0.26,50.0,0.25,6.0,0.27,36.7,0.33,5.0,0.73,41.7,0.67,5.0,0.74,50.0,0.76,55.71,0.01,0.01,2333.31215,1776339367000
1776339368.645,68.645,0.36,30.96,0.31,66.12,0.42,13.11,0.43,14.0,0.58,9.0,0.57,5.0,0.64,30.96,0.68,15.62,0.06,0.06,2333.31215,1776339367000
1776339368.914,68.914,0.35,15.0,0.34,24.7,0.4,6.52,0.41,10.0,0.64,9.02,0.62,10.0,0.65,5.0,0.69,59.0,0.05,0.01,2333.31215,1776339367000
1776339369.465,69.465,0.42,10.0,0.41,10.0,0.45,5.0,0.46,85.0,0.59,4.33,0.58,11.7,0.65,15.0,0.66,24.7,0.03,0.06,2333.31215,1776339367000
1776339370.146,70.146,0.42,2.97,0.41,10.0,0.43,5.26,0.44,10.0,0.55,5.0,0.54,85.0,0.58,2.97,0.59,10.0,0.01,0.03,2333.28325,1776339368000
1776339370.968,70.968,0.42,10.0,0.41,10.0,0.49,7.0,0.5,30.4,0.57,5.26,0.56,10.0,0.58,2.97,0.59,10.0,0.07,0.01,2333.976068,1776339369000
1776339371.287,71.287,0.48,9.96,0.47,10.0,0.5,20.4,0.51,60.0,0.51,1.38,0.5,30.4,0.58,10.0,0.59,10.0,0.02,0.07,2333.976068,1776339369000
1776339371.818,71.818,0.5,10.0,0.49,10.0,0.51,7.0,0.53,217.0,0.5,20.4,0.49,60.0,0.52,9.96,0.53,10.0,0.01,0.02,2333.995281,1776339370000
1776339372.757,72.757,0.52,10.0,0.51,10.0,0.53,204.0,0.54,75.0,0.49,7.0,0.47,217.0,0.5,10.0,0.51,10.0,0.01,0.01,2334.157812,1776339371000
1776339373.209,73.209,0.51,0.8,0.5,10.0,0.53,184.75,0.54,75.0,0.47,184.75,0.46,75.0,0.48,15.0,0.49,10.0,0.02,0.01,2334.157812,1776339371000
1776339373.71,73.71,0.52,10.0,0.51,0.8,0.53,174.75,0.54,70.0,0.47,184.75,0.46,75.0,0.49,0.8,0.5,10.0,0.01,0.02,2334.349835,1776339372000
1776339374.022,74.022,0.5,14.0,0.49,10.0,0.52,17.0,0.53,174.75,0.48,5.0,0.47,174.75,0.49,0.8,0.5,10.0,0.02,0.01,2334.349835,1776339372000
1776339375.403,75.403,0.51,10.0,0.5,14.48,0.53,152.0,0.54,84.5,0.48,17.0,0.47,174.75,0.5,14.0,0.51,10.0,0.02,0.02,2334.603921,1776339374000
1776339376.152,76.152,0.53,10.0,0.52,10.0,0.54,64.85,0.55,101.5,0.46,84.5,0.45,89.5,0.48,10.0,0.49,15.0,0.01,0.02,2334.603921,1776339374000
1776339376.368,76.368,0.53,37.2,0.52,10.0,0.54,42.35,0.55,101.5,0.46,70.35,0.45,101.5,0.47,19.0,0.48,10.0,0.01,0.01,2334.603921,1776339374000
1776339377.245,77.245,0.53,35.0,0.52,10.0,0.55,66.58,0.56,60.5,0.46,42.35,0.45,101.5,0.47,37.2,0.48,10.0,0.02,0.01,2334.487135,1776339376000
1776339378.343,78.343,0.54,17.0,0.53,40.84,0.58,5.0,0.59,92.0,0.45,66.58,0.44,60.5,0.47,35.0,0.48,10.0,0.04,0.02,2334.487135,1776339376000
1776339378.668,78.668,0.57,17.0,0.56,17.0,0.58,15.5,0.59,89.0,0.42,5.0,0.41,92.0,0.46,17.0,0.47,40.84,0.01,0.04,2334.578942,1776339377000
1776339379.302,79.302,0.58,76.7,0.57,44.0,0.59,57.2,0.6,12.0,0.42,1.59,0.41,89.0,0.43,12.0,0.44,17.0,0.01,0.01,2334.517046,1776339378000
1776339379.535,79.535,0.58,84.5,0.57,44.0,0.6,12.0,0.61,120.5,0.41,28.26,0.4,12.0,0.42,57.5,0.43,44.0,0.02,0.01,2334.517046,1776339378000
1776339380.095,80.095,0.6,17.0,0.59,29.0,0.61,19.18,0.62,70.0,0.4,1.48,0.39,120.5,0.42,89.5,0.43,44.0,0.01,0.02,2334.615386,1776339379000
1776339380.334,80.334,0.6,57.0,0.59,29.0,0.62,70.0,0.64,5.0,0.39,12.06,0.38,70.0,0.4,37.0,0.41,29.0,0.02,0.01,2334.615386,1776339379000
1776339380.786,80.786,0.61,42.0,0.6,27.0,0.62,64.0,0.63,12.0,0.38,70.0,0.36,5.0,0.4,57.0,0.41,29.0,0.01,0.02,2334.615386,1776339379000
1776339380.986,80.986,0.61,67.0,0.6,27.0,0.62,16.65,0.66,129.0,0.38,16.65,0.34,129.0,0.39,62.0,0.4,27.0,0.01,0.01,2334.615386,1776339379000
1776339381.243,81.243,0.61,84.5,0.6,35.52,0.66,122.28,0.67,30.0,0.38,16.65,0.34,129.0,0.39,67.0,0.4,27.0,0.05,0.01,2334.818845,1776339380000
1776339381.719,81.719,0.65,36.5,0.64,97.38,0.66,122.28,0.67,30.0,0.34,122.28,0.33,30.0,0.39,84.5,0.4,35.52,0.01,0.05,2334.818845,1776339380000
1776339383.715,83.715,0.65,33.5,0.64,97.48,0.66,119.49,0.67,40.0,0.34,122.28,0.33,30.0,0.35,36.5,0.36,97.38,0.01,0.01,2335.088503,1776339382000
1776339385.006,85.006,0.65,53.5,0.64,17.0,0.66,57.49,0.68,12.0,0.34,119.49,0.33,40.0,0.35,33.5,0.36,97.48,0.01,0.01,2335.01787,1776339383000
1776339385.521,85.521,0.65,46.5,0.64,113.3,0.69,4.35,0.7,76.0,0.34,57.49,0.32,12.0,0.35,53.5,0.36,17.0,0.04,0.01,2335.0809,1776339384000
1776339385.802,85.802,0.68,27.0,0.67,17.0,0.69,26.85,0.7,60.0,0.31,4.35,0.3,76.0,0.35,46.5,0.36,113.3,0.01,0.04,2335.0809,1776339384000
1776339388.862,88.862,0.6,5.0,0.56,10.0,0.69,57.5,0.7,21.0,0.31,26.85,0.3,60.0,0.32,27.0,0.33,17.0,0.09,0.01,2335.059772,1776339387000
1776339389.204,89.204,0.53,10.5,0.51,67.0,0.55,17.17,0.56,15.0,0.34,33.0,0.31,57.5,0.42,10.0,0.49,67.0,0.02,0.08,2335.178346,1776339388000
1776339389.442,89.442,0.53,1.56,0.52,10.0,0.54,15.0,0.55,15.0,0.45,17.17,0.44,15.0,0.47,10.5,0.49,67.0,0.01,0.02,2335.178346,1776339388000
1776339389.695,89.695,0.53,1.56,0.52,10.0,0.56,18.1,0.57,10.0,0.46,15.0,0.45,15.0,0.47,1.56,0.48,10.0,0.03,0.01,2335.178346,1776339388000
1776339391.839,91.839,0.54,10.0,0.53,39.84,0.55,22.32,0.56,28.1,0.44,18.1,0.43,10.0,0.47,1.56,0.48,10.0,0.01,0.03,2334.876831,1776339390000
1776339392.443,92.443,0.53,10.68,0.52,20.5,0.54,20.5,0.55,25.5,0.45,22.32,0.44,28.1,0.46,10.0,0.47,39.84,0.01,0.01,2334.604595,1776339391000
1776339395.103,95.103,0.51,1.28,0.5,20.5,0.53,35.5,0.54,30.5,0.46,25.5,0.45,25.5,0.48,20.5,0.49,25.0,0.02,0.02,2334.5861,1776339394000
1776339395.779,95.779,0.49,12.5,0.48,10.0,0.51,15.0,0.52,30.5,0.47,35.5,0.46,30.5,0.49,1.28,0.5,20.5,0.02,0.02,2334.5861,1776339394000
1776339396.504,96.504,0.46,10.5,0.44,5.0,0.48,12.91,0.49,15.0,0.49,15.0,0.48,30.5,0.51,12.5,0.52,10.0,0.02,0.02,2334.692095,1776339395000
1776339396.708,96.708,0.41,50.0,0.39,12.0,0.47,10.0,0.48,15.0,0.52,12.91,0.51,10.0,0.54,2.3,0.56,5.0,0.06,0.02,2334.692095,1776339395000
1776339396.978,96.978,0.41,42.07,0.4,15.5,0.42,22.89,0.43,15.0,0.53,10.0,0.52,15.0,0.59,50.0,0.61,12.0,0.01,0.06,2334.692095,1776339395000
1776339398.458,98.458,0.37,62.31,0.36,190.0,0.38,29.2,0.39,10.0,0.58,22.89,0.57,15.0,0.59,42.07,0.6,15.5,0.01,0.01,2334.285611,1776339397000
1776339399.113,99.113,0.37,62.81,0.36,200.5,0.38,19.0,0.39,25.5,0.62,10.0,0.61,10.0,0.63,52.31,0.64,190.0,0.01,0.01,2334.285611,1776339397000
1776339400.038,100.038,0.37,19.81,0.36,200.5,0.38,11.69,0.39,30.5,0.62,16.69,0.61,25.5,0.63,14.81,0.64,200.5,0.01,0.01,2334.089089,1776339399000
1776339401.058,101.058,0.37,1.0,0.36,215.5,0.38,5.0,0.39,12.0,0.62,11.69,0.61,30.5,0.63,19.81,0.64,200.5,0.01,0.01,2334.089089,1776339399000
1776339402.884,102.884,0.36,70.0,0.35,82.0,0.37,71.5,0.38,71.5,0.62,5.0,0.61,12.0,0.63,1.0,0.64,215.5,0.01,0.01,2333.991945,1776339401000
1776339403.336,103.336,0.36,70.0,0.35,82.0,0.37,68.79,0.38,55.5,0.63,71.5,0.62,71.5,0.64,70.0,0.65,82.0,0.01,0.01,2334.050279,1776339402000
1776339404.927,104.927,0.32,73.0,0.31,94.93,0.33,37.0,0.34,20.5,0.63,87.99,0.62,55.5,0.68,86.5,0.69,66.8,0.01,0.05,2334.008905,1776339403000
1776339405.223,105.223,0.3,60.16,0.29,34.0,0.31,57.5,0.32,25.5,0.67,52.0,0.66,20.5,0.7,82.0,0.71,34.0,0.01,0.03,2333.829995,1776339404000
1776339405.713,105.713,0.29,18.37,0.28,52.39,0.31,78.5,0.32,25.5,0.69,57.5,0.68,25.5,0.7,53.12,0.71,34.0,0.02,0.01,2333.829995,1776339404000
1776339406.3,106.3,0.29,0.37,0.28,82.0,0.3,66.5,0.31,73.5,0.69,78.5,0.68,25.5,0.71,18.37,0.72,52.39,0.01,0.02,2333.767515,1776339405000
1776339406.527,106.527,0.28,55.0,0.27,82.0,0.29,78.5,0.3,61.5,0.7,66.5,0.69,73.5,0.72,82.0,0.73,82.0,0.01,0.02,2333.767515,1776339405000
1776339407.036,107.036,0.28,52.11,0.27,82.0,0.29,97.7,0.3,66.5,0.71,78.5,0.7,61.5,0.72,55.0,0.73,82.0,0.01,0.01,2333.767515,1776339405000
1776339407.371,107.371,0.28,13.67,0.27,82.0,0.29,78.5,0.3,66.5,0.71,83.5,0.7,66.5,0.72,37.63,0.73,82.0,0.01,0.01,2333.767515,1776339405000
1776339408.347,108.347,0.26,79.89,0.25,34.7,0.29,78.5,0.3,66.5,0.71,78.5,0.7,66.5,0.72,13.67,0.73,82.0,0.03,0.01,2333.578541,1776339407000
1776339408.956,108.956,0.25,5.0,0.24,22.21,0.26,49.2,0.27,89.5,0.71,78.5,0.7,66.5,0.74,79.89,0.75,34.7,0.01,0.03,2333.578541,1776339407000
1776339409.733,109.733,0.25,5.0,0.24,34.21,0.26,36.61,0.27,73.5,0.74,49.2,0.73,89.5,0.75,5.0,0.76,22.21,0.01,0.01,2333.438664,1776339408000
1776339410.167,110.167,0.24,34.21,0.23,35.8,0.25,81.0,0.26,42.11,0.75,20.0,0.74,36.61,0.76,34.21,0.77,47.8,0.01,0.01,2333.409195,1776339409000
1776339410.749,110.749,0.24,42.54,0.23,35.8,0.25,76.0,0.26,42.11,0.75,81.0,0.74,42.11,0.76,34.21,0.77,35.8,0.01,0.01,2333.409195,1776339409000
1776339411.307,111.307,0.24,30.54,0.23,47.8,0.25,65.68,0.26,42.11,0.75,76.0,0.74,42.11,0.76,42.54,0.77,35.8,0.01,0.01,2333.401828,1776339410000
1776339412.325,112.325,0.24,10.5,0.23,47.8,0.25,20.72,0.26,42.11,0.75,65.68,0.74,42.11,0.76,30.54,0.77,47.8,0.01,0.01,2333.401828,1776339410000
1776339419.557,119.557,0.24,41.2,0.23,47.8,0.27,35.5,0.28,25.5,0.75,25.72,0.74,42.11,0.76,14.5,0.77,47.8,0.03,0.01,2333.395556,1776339418000
1776339420.532,120.532,0.25,9.7,0.24,53.2,0.26,10.0,0.27,47.5,0.73,35.5,0.72,25.5,0.76,41.2,0.77,47.8,0.01,0.03,2333.416664,1776339419000
1776339420.907,120.907,0.25,4.7,0.24,65.2,0.26,10.0,0.27,37.0,0.74,10.0,0.73,47.5,0.75,9.7,0.76,53.2,0.01,0.01,2333.416664,1776339419000
1776339426.662,126.662,0.24,46.2,0.23,47.8,0.26,15.0,0.27,47.5,0.74,10.0,0.73,37.0,0.75,4.7,0.76,65.2,0.02,0.01,2333.491964,1776339425000
1776339427.019,127.019,0.23,12.0,0.22,21.0,0.25,87.5,0.26,25.5,0.74,15.0,0.73,47.5,0.76,46.2,0.77,47.8,0.02,0.02,2333.491964,1776339425000
1776339427.362,127.362,0.21,83.7,0.2,43.0,0.23,72.5,0.24,57.5,0.77,67.0,0.76,57.5,0.78,0.74,0.79,83.7,0.02,0.01,2333.49601,1776339426000
1776339428.595,128.595,0.21,20.18,0.2,55.0,0.22,6.63,0.23,74.0,0.78,11.63,0.77,72.5,0.79,88.7,0.8,43.0,0.01,0.01,2333.484876,1776339427000
1776339429.084,129.084,0.21,15.18,0.2,60.0,0.22,11.63,0.23,74.0,0.78,6.63,0.77,74.0,0.79,20.18,0.8,55.0,0.01,0.01,2333.484876,1776339427000
1776339429.904,129.904,0.21,25.68,0.2,60.0,0.22,6.63,0.23,74.0,0.78,11.63,0.77,74.0,0.79,15.18,0.8,60.0,0.01,0.01,2333.252845,1776339428000
1776339430.238,130.238,0.21,10.18,0.2,55.0,0.22,16.63,0.23,84.5,0.78,6.63,0.77,74.0,0.79,25.68,0.8,60.0,0.01,0.01,2333.175562,1776339429000
1776339432.231,132.231,0.21,5.18,0.2,22.0,0.22,12.13,0.23,84.5,0.78,16.63,0.77,84.5,0.79,10.18,0.8,55.0,0.01,0.01,2333.210833,1776339431000
1776339432.648,132.648,0.18,12.72,0.17,25.5,0.19,57.0,0.2,20.0,0.78,12.13,0.77,84.5,0.82,8.94,0.83,25.5,0.01,0.04,2333.210833,1776339431000
1776339434.147,134.147,0.18,3.78,0.17,10.5,0.19,56.21,0.2,20.0,0.81,57.0,0.8,20.0,0.82,12.72,0.83,25.5,0.01,0.01,2333.142588,1776339432000
1776339436.212,136.212,0.18,3.78,0.17,36.0,0.19,59.79,0.2,20.0,0.81,46.21,0.8,20.0,0.82,3.78,0.83,10.5,0.01,0.01,2333.149369,1776339435000
1776339436.466,136.466,0.18,3.78,0.17,10.5,0.2,22.55,0.21,25.5,0.81,59.79,0.8,20.0,0.82,3.78,0.83,36.0,0.02,0.01,2333.149369,1776339435000
1776339437.327,137.327,0.16,98.3,0.15,35.53,0.17,47.7,0.18,40.0,0.8,22.55,0.79,25.5,0.82,3.78,0.83,10.5,0.01,0.02,2333.113701,1776339436000
1776339437.922,137.922,0.14,12.0,0.13,31.8,0.16,82.5,0.17,65.2,0.83,47.7,0.82,40.0,0.84,98.3,0.85,35.53,0.02,0.01,2333.113701,1776339436000
1776339438.236,138.236,0.13,27.46,0.12,61.69,0.14,50.0,0.15,52.0,0.86,15.0,0.85,40.0,0.87,39.46,0.88,49.69,0.01,0.01,2333.113701,1776339436000
1776339440.128,140.128,0.1,62.0,0.09,65.0,0.14,15.0,0.15,37.0,0.86,50.0,0.85,52.0,0.87,27.46,0.88,61.69,0.04,0.01,2333.000038,1776339439000
1776339441.209,141.209,0.11,89.0,0.1,15.0,0.13,31.07,0.14,20.0,0.88,15.0,0.87,38.0,0.89,30.5,0.9,62.0,0.02,0.01,2332.89745,1776339440000
1776339442.2,142.2,0.12,234.83,0.11,52.83,0.13,31.07,0.14,20.0,0.87,31.07,0.86,20.0,0.89,89.0,0.9,15.0,0.01,0.02,2332.89745,1776339440000
1776339443.932,143.932,0.12,239.83,0.11,52.83,0.13,26.07,0.14,20.0,0.87,31.07,0.86,20.0,0.88,234.83,0.89,52.83,0.01,0.01,2332.917025,1776339442000
1776339445.633,145.633,0.12,245.8,0.11,47.33,0.13,42.07,0.14,10.0,0.87,26.07,0.86,20.0,0.88,239.83,0.89,52.83,0.01,0.01,2332.963655,1776339444000
1776339446.339,146.339,0.12,268.64,0.11,62.83,0.15,30.12,0.16,15.0,0.87,42.07,0.86,10.0,0.88,245.8,0.89,47.33,0.03,0.01,2332.963275,1776339445000
1776339449.766,149.766,0.14,81.81,0.13,38.0,0.15,50.8,0.16,25.67,0.85,3.45,0.84,15.0,0.87,21.0,0.88,193.16,0.01,0.02,2333.074795,1776339448000
1776339456.605,156.605,0.14,14.81,0.13,12.0,0.15,53.95,0.16,43.17,0.85,50.8,0.84,25.67,0.86,81.81,0.87,38.0,0.01,0.01,2333.0104,1776339455000
1776339457.153,157.153,0.12,165.6,0.11,12.0,0.13,25.5,0.14,47.5,0.86,10.0,0.85,53.95,0.87,6.25,0.88,167.66,0.01,0.01,2333.04021,1776339456000
1776339458.806,158.806,0.12,170.31,0.11,12.0,0.13,87.85,0.14,47.5,0.87,25.5,0.86,47.5,0.88,165.6,0.89,12.0,0.01,0.01,2332.970814,1776339457000
1776339459.317,159.317,0.12,149.77,0.11,12.0,0.13,145.85,0.14,54.5,0.87,87.85,0.86,47.5,0.88,170.31,0.89,12.0,0.01,0.01,2332.870827,1776339458000
1776339459.637,159.637,0.12,108.77,0.11,12.0,0.13,116.85,0.14,54.5,0.87,145.85,0.86,54.5,0.88,149.77,0.89,12.0,0.01,0.01,2332.870827,1776339458000
1776339462.749,162.749,0.12,108.54,0.11,12.0,0.13,149.22,0.14,51.5,0.87,116.85,0.86,54.5,0.88,108.77,0.89,12.0,0.01,0.01,2332.78115,1776339460000
1776339466.22,166.22,0.12,108.54,0.11,24.0,0.13,36.87,0.14,67.84,0.87,149.22,0.86,51.5,0.88,108.54,0.89,12.0,0.01,0.01,2332.86066,1776339465000
1776339466.99,166.99,0.12,98.31,0.11,17.0,0.13,95.04,0.14,42.5,0.86,67.84,0.85,18.95,0.88,103.54,0.89,24.0,0.01,0.02,2332.86066,1776339465000
1776339469.083,169.083,0.12,103.31,0.11,37.5,0.14,22.0,0.15,13.95,0.87,95.04,0.86,42.5,0.88,98.31,0.89,17.0,0.02,0.01,2332.9442,1776339467000
1776339469.836,169.836,0.13,25.0,0.12,123.81,0.15,22.0,0.16,10.0,0.86,17.0,0.85,3.45,0.88,108.31,0.89,32.5,0.02,0.02,2332.903675,1776339468000
1776339470.35,170.35,0.13,34.1,0.12,116.1,0.14,20.0,0.15,5.0,0.85,22.0,0.84,10.0,0.87,25.0,0.88,123.81,0.01,0.02,2332.90311,1776339469000
1776339470.71,170.71,0.13,79.1,0.12,122.1,0.16,12.0,0.18,8.0,0.86,20.0,0.85,5.0,0.87,34.1,0.88,116.1,0.03,0.01,2332.90311,1776339469000
1776339471.127,171.127,0.19,75.0,0.18,20.0,0.2,30.0,0.21,24.92,0.79,14.42,0.78,50.68,0.87,79.1,0.88,122.1,0.01,0.08,2332.90311,1776339469000
1776339472.96,172.96,0.2,73.0,0.19,80.52,0.22,40.8,0.23,32.5,0.8,30.0,0.79,24.92,0.81,75.0,0.82,20.0,0.02,0.01,2333.10325,1776339471000
1776339474.179,174.179,0.21,60.0,0.2,28.0,0.26,44.14,0.29,13.0,0.78,40.8,0.77,32.5,0.8,73.0,0.81,80.52,0.05,0.02,2333.303164,1776339472000
1776339474.481,174.481,0.21,94.0,0.2,132.36,0.22,26.92,0.26,44.14,0.74,44.14,0.71,13.0,0.79,60.0,0.8,28.0,0.01,0.05,2333.361129,1776339473000
1776339474.949,174.949,0.21,65.0,0.2,142.36,0.22,19.92,0.25,30.0,0.78,26.92,0.74,44.14,0.79,94.0,0.8,132.36,0.01,0.01,2333.361129,1776339473000
1776339475.604,175.604,0.21,70.0,0.2,48.5,0.22,5.55,0.3,13.0,0.78,19.92,0.75,30.0,0.79,65.0,0.8,142.36,0.01,0.01,2333.361129,1776339474000
1776339476.819,176.819,0.29,25.0,0.28,20.0,0.31,80.0,0.33,5.0,0.7,13.0,0.69,80.0,0.79,70.0,0.8,48.5,0.02,0.09,2333.61245,1776339475000
1776339477.272,177.272,0.3,20.0,0.29,20.0,0.31,9.0,0.33,5.0,0.69,80.0,0.67,5.0,0.71,25.0,0.72,20.0,0.01,0.02,2333.61245,1776339475000
1776339479.178,179.178,0.32,137.05,0.31,10.0,0.33,5.0,0.34,83.79,0.69,9.0,0.67,5.0,0.7,20.0,0.71,20.0,0.01,0.01,2333.6991,1776339477000
1776339480.7,180.7,0.32,112.05,0.31,10.0,0.34,59.64,0.35,37.8,0.67,5.0,0.66,83.79,0.68,137.05,0.69,10.0,0.02,0.01,2333.7591,1776339478000
1776339481.22,181.22,0.33,25.0,0.32,112.05,0.34,59.64,0.35,25.8,0.66,59.64,0.65,37.8,0.68,112.05,0.69,10.0,0.01,0.02,2333.80278,1776339479000
1776339481.578,181.578,0.33,12.88,0.32,112.05,0.34,64.64,0.35,25.8,0.66,59.64,0.65,25.8,0.67,15.0,0.68,112.05,0.01,0.01,2333.81778,1776339480000
1776339481.92,181.92,0.33,2.74,0.32,112.05,0.34,64.64,0.35,25.8,0.66,64.64,0.65,25.8,0.67,4.24,0.68,112.05,0.01,0.01,2333.82181,1776339481000
1776339483.083,183.083,0.32,7.0,0.25,10.0,0.33,6.0,0.34,79.64,0.66,64.64,0.65,25.8,0.67,1.09,0.68,112.05,0.01,0.01,2333.82181,1776339481000
1776339483.358,183.358,0.22,9.57,0.2,15.0,0.27,140.0,0.31,50.0,0.73,140.0,0.67,102.24,0.78,26.57,0.8,5.0,0.05,0.05,2333.837295,1776339482000
1776339483.754,183.754,0.24,7.0,0.22,19.57,0.26,6.0,0.3,6.0,0.73,140.0,0.69,50.0,0.78,9.57,0.8,15.0,0.02,0.05,2333.837295,1776339482000
1776339484.113,184.113,0.23,3.68,0.22,7.07,0.25,17.0,0.26,11.0,0.74,11.0,0.72,12.0,0.78,7.07,0.84,50.0,0.02,0.04,2333.837295,1776339482000
1776339484.521,184.521,0.2,10.0,0.19,25.0,0.22,40.0,0.23,10.0,0.77,10.0,0.76,10.0,0.81,10.0,0.82,10.0,0.02,0.04,2333.734683,1776339483000
1776339484.93,184.93,0.2,37.63,0.19,10.0,0.22,35.0,0.23,10.0,0.78,35.0,0.77,10.0,0.8,10.0,0.81,15.0,0.02,0.02,2333.734683,1776339483000
1776339485.265,185.265,0.2,33.84,0.19,10.0,0.23,0.6,0.24,15.0,0.78,35.0,0.77,10.0,0.8,28.84,0.81,10.0,0.03,0.02,2333.5259,1776339484000
1776339485.772,185.772,0.21,15.0,0.2,10.0,0.22,1.54,0.23,10.0,0.77,0.6,0.76,10.0,0.79,10.0,0.8,10.0,0.01,0.02,2333.5259,1776339484000
1776339486.077,186.077,0.22,6.11,0.21,15.67,0.24,4.74,0.25,17.0,0.76,10.0,0.75,17.0,0.78,6.11,0.79,5.0,0.02,0.02,2333.5088,1776339485000
1776339486.901,186.901,0.23,13.0,0.22,24.84,0.24,20.0,0.25,32.27,0.76,4.74,0.75,17.0,0.78,6.11,0.79,15.67,0.01,0.02,2333.5088,1776339485000
1776339487.727,187.727,0.12,78.55,0.1,15.0,0.21,8.0,0.24,30.0,0.76,20.0,0.75,32.27,0.77,13.0,0.78,24.84,0.09,0.01,2333.468365,1776339486000
1776339488.032,188.032,0.12,78.45,0.1,10.0,0.21,128.0,0.22,70.0,0.79,8.0,0.76,30.0,0.88,78.55,0.9,15.0,0.09,0.09,2333.468365,1776339486000
1776339488.352,188.352,0.12,67.08,0.1,10.0,0.13,10.0,0.14,18.0,0.87,10.0,0.79,128.0,0.88,78.45,0.9,10.0,0.01,0.01,2333.477446,1776339487000
1776339488.756,188.756,0.12,26.62,0.1,10.0,0.13,7.0,0.14,18.0,0.87,10.0,0.86,18.0,0.88,26.62,0.9,10.0,0.01,0.01,2333.477446,1776339487000
1776339489.263,189.263,0.12,24.75,0.1,10.0,0.13,12.63,0.14,18.0,0.87,20.0,0.86,18.0,0.88,24.75,0.9,10.0,0.01,0.01,2333.477446,1776339487000
1776339490.379,190.379,0.12,23.11,0.1,10.0,0.13,10.0,0.14,18.0,0.87,12.63,0.86,18.0,0.88,24.75,0.9,10.0,0.01,0.01,2332.935665,1776339489000
1776339490.953,190.953,0.12,20.36,0.1,10.0,0.13,18.0,0.14,10.0,0.87,10.0,0.86,18.0,0.88,23.11,0.9,10.0,0.01,0.01,2332.935665,1776339489000
1776339492.501,192.501,0.12,11.51,0.11,5.0,0.13,111.27,0.14,15.0,0.87,18.0,0.86,10.0,0.88,14.09,0.9,10.0,0.01,0.01,2332.86545,1776339491000
1776339492.958,192.958,0.1,8.4,0.09,11.0,0.11,38.0,0.12,10.0,0.87,140.75,0.86,15.0,0.9,15.0,0.91,11.0,0.01,0.03,2332.86545,1776339491000
1776339493.253,193.253,0.1,1.28,0.09,11.0,0.11,38.0,0.12,10.0,0.89,38.0,0.88,10.0,0.9,2.4,0.91,11.0,0.01,0.01,2332.83268,1776339492000
1776339495.911,195.911,0.09,26.9,0.08,12.0,0.1,35.5,0.11,38.5,0.9,19.56,0.89,43.0,0.91,11.0,0.92,12.0,0.01,0.01,2332.65445,1776339494000
1776339496.734,196.734,0.08,11.42,0.07,22.0,0.1,46.7,0.11,38.5,0.9,35.5,0.89,38.5,0.91,7.55,0.92,12.0,0.02,0.01,2332.639525,1776339495000
1776339498.553,198.553,0.08,9.24,0.07,75.0,0.09,10.0,0.1,58.7,0.9,46.7,0.89,38.5,0.92,11.42,0.93,22.0,0.01,0.02,2332.704415,1776339497000
1776339498.88,198.88,0.08,3.17,0.07,75.0,0.09,10.0,0.1,58.7,0.91,10.0,0.9,58.7,0.92,9.24,0.93,75.0,0.01,0.01,2332.704415,1776339497000
1776339499.658,199.658,0.07,67.38,0.06,22.0,0.09,10.0,0.1,58.7,0.91,10.0,0.9,58.7,0.92,3.17,0.93,75.0,0.02,0.01,2332.7101,1776339498000
1776339501.185,201.185,0.07,77.24,0.06,21.0,0.09,15.0,0.1,58.7,0.91,10.0,0.9,58.7,0.93,67.38,0.94,22.0,0.02,0.02,2332.7104,1776339500000
1776339505.892,205.892,0.07,33.5,0.06,16.0,0.08,65.65,0.09,15.0,0.91,15.0,0.9,58.7,0.93,77.24,0.94,21.0,0.01,0.02,2332.71948,1776339504000
1776339508.766,208.766,0.07,31.3,0.06,16.0,0.08,70.65,0.09,30.0,0.92,75.65,0.91,15.0,0.93,35.27,0.94,16.0,0.01,0.01,2332.71514,1776339507000
1776339510.305,210.305,0.07,31.3,0.06,16.0,0.08,80.65,0.09,30.5,0.92,70.65,0.91,30.0,0.93,31.3,0.94,16.0,0.01,0.01,2332.72525,1776339508000
1776339511.299,211.299,0.05,20.44,0.04,112.55,0.08,117.25,0.09,30.5,0.92,80.65,0.91,30.5,0.93,31.3,0.94,16.0,0.03,0.01,2332.7403,1776339510000
1776339511.994,211.994,0.05,20.44,0.04,106.35,0.06,5.21,0.07,10.0,0.93,10.0,0.92,117.25,0.95,20.44,0.96,112.55,0.01,0.02,2332.7403,1776339510000
1776339512.732,212.732,0.05,14.25,0.04,106.35,0.06,10.21,0.07,71.52,0.94,5.21,0.93,10.0,0.95,20.44,0.96,106.35,0.01,0.01,2332.67989,1776339511000
1776339513.515,213.515,0.05,8.98,0.04,106.35,0.06,15.21,0.07,76.52,0.94,10.21,0.93,71.52,0.95,14.25,0.96,106.35,0.01,0.01,2332.50709,1776339512000
1776339513.952,213.952,0.05,5.85,0.04,106.35,0.06,92.85,0.07,34.0,0.94,15.21,0.93,76.52,0.95,8.98,0.96,106.35,0.01,0.01,2332.50709,1776339512000
1776339514.68,214.68,0.05,5.85,0.04,106.35,0.06,75.85,0.07,39.0,0.94,92.85,0.93,34.0,0.95,5.85,0.96,106.35,0.01,0.01,2332.55351,1776339513000
1776339516.055,216.055,0.05,5.85,0.04,116.35,0.06,90.65,0.07,34.0,0.94,75.85,0.93,39.0,0.95,5.85,0.96,106.35,0.01,0.01,2332.558535,1776339515000
1776339517.397,217.397,0.05,15.85,0.04,116.35,0.06,56.14,0.07,39.0,0.94,90.65,0.93,34.0,0.95,5.85,0.96,116.35,0.01,0.01,2332.50637,1776339516000
1776339517.897,217.897,0.05,15.85,0.04,116.35,0.06,56.04,0.07,70.0,0.94,56.14,0.93,39.0,0.95,15.85,0.96,116.35,0.01,0.01,2332.50637,1776339516000
1776339518.432,218.432,0.05,20.85,0.04,116.35,0.06,19.04,0.07,15.0,0.94,56.04,0.93,70.0,0.95,15.85,0.96,116.35,0.01,0.01,2332.51683,1776339517000
1776339518.965,218.965,0.05,13.74,0.04,116.35,0.06,54.57,0.07,15.0,0.94,19.04,0.93,15.0,0.95,20.85,0.96,116.35,0.01,0.01,2332.51683,1776339517000
1776339519.453,219.453,0.04,116.35,0.03,174.0,0.05,6.26,0.06,54.57,0.94,54.57,0.93,15.0,0.95,13.74,0.96,116.35,0.01,0.01,2332.610704,1776339518000
1776339520.19,220.19,0.04,45.37,0.03,180.2,0.05,26.52,0.06,71.68,0.95,6.26,0.94,54.57,0.96,115.06,0.97,174.0,0.01,0.01,2332.62408,1776339519000
1776339520.497,220.497,0.04,47.12,0.03,180.2,0.05,31.52,0.06,66.68,0.95,26.52,0.94,71.68,0.96,44.32,0.97,180.2,0.01,0.01,2332.62408,1776339519000
1776339521.02,221.02,0.04,36.92,0.03,180.2,0.05,21.26,0.06,66.68,0.95,31.52,0.94,66.68,0.96,47.12,0.97,180.2,0.01,0.01,2332.6702,1776339520000
1776339524.728,224.728,0.04,71.92,0.03,169.0,0.06,56.68,0.07,31.86,0.95,21.26,0.94,66.68,0.96,36.92,0.97,180.2,0.02,0.01,2332.6956,1776339523000
1776339524.945,224.945,0.05,4.84,0.04,66.92,0.06,49.68,0.07,37.86,0.94,49.68,0.93,43.86,0.95,12.56,0.96,66.92,0.01,0.01,2332.6956,1776339523000
1776339525.723,225.723,0.05,29.84,0.04,41.92,0.06,58.06,0.07,51.86,0.94,49.68,0.93,37.86,0.95,4.84,0.96,66.92,0.01,0.01,2332.6956,1776339524000
1776339525.947,225.947,0.05,21.96,0.04,41.92,0.06,58.06,0.07,51.86,0.94,58.06,0.93,51.86,0.95,29.84,0.96,41.92,0.01,0.01,2332.6956,1776339525000
1776339529.123,229.123,0.02,432.31,0.01,7468.57,0.05,55.0,0.06,67.0,0.94,58.06,0.93,51.86,0.95,21.96,0.96,41.92,0.03,0.01,2332.774355,1776339527000
1776339529.542,229.542,0.02,305.0,0.01,7468.57,0.03,41.3,0.04,25.0,0.95,55.0,0.94,67.0,0.98,432.31,0.99,7468.57,0.01,0.03,2332.669155,1776339528000
1776339529.773,229.773,0.02,299.89,0.01,7468.57,0.03,31.0,0.04,25.0,0.97,41.3,0.96,25.0,0.98,305.0,0.99,7468.57,0.01,0.01,2332.669155,1776339528000
1776339529.998,229.998,0.03,58.7,0.02,294.89,0.04,23.8,0.05,74.0,0.96,25.0,0.95,79.0,0.97,53.7,0.98,299.89,0.01,0.01,2332.669155,1776339528000
1776339530.328,230.328,0.03,71.17,0.02,294.89,0.04,18.8,0.05,85.0,0.96,23.8,0.95,74.0,0.97,58.7,0.98,294.89,0.01,0.01,2332.630665,1776339529000
1776339532.461,232.461,0.03,64.1,0.02,894.89,0.05,81.32,0.06,174.0,0.95,82.32,0.94,57.0,0.97,71.17,0.98,294.89,0.02,0.02,2332.569559,1776339531000
1776339537.198,237.198,0.01,6641.94,,,0.04,10.0,0.05,225.32,0.95,81.32,0.94,174.0,0.97,64.1,0.98,894.89,0.03,0.02,2332.588045,1776339535000
1776339539.486,239.486,0.01,6677.23,,,0.03,173.0,0.04,230.7,0.96,10.0,0.95,225.32,0.99,6641.94,,,0.02,0.03,2332.60276,1776339537000
1776339540.995,240.995,0.01,6286.2,,,0.03,171.7,0.04,165.69,0.97,173.0,0.96,230.7,0.99,6677.23,,,0.02,0.02,2332.565351,1776339539000
1776339541.438,241.438,0.01,6149.2,,,0.02,55.0,0.03,180.7,0.97,171.7,0.96,165.69,0.99,6286.2,,,0.01,0.02,2332.565351,1776339539000
1776339542.025,242.025,0.01,6607.87,,,0.02,238.7,0.03,178.7,0.98,55.0,0.97,180.7,0.99,6139.39,,,0.01,0.01,2332.32939,1776339540000
1776339542.522,242.522,0.01,6231.97,,,0.02,238.7,0.03,178.7,0.98,238.7,0.97,178.7,0.99,6607.87,,,0.01,0.01,2332.233815,1776339541000
1776339542.936,242.936,0.01,6231.97,,,0.02,175.7,0.03,178.7,0.98,238.7,0.97,178.7,0.99,6231.97,,,0.01,0.01,2332.233815,1776339541000
1776339543.917,243.917,0.01,6348.82,,,0.02,230.7,0.03,211.69,0.98,175.7,0.97,178.7,0.99,6231.97,,,0.01,0.01,2332.14924,1776339542000
1776339544.403,244.403,0.01,6726.77,,,0.02,255.9,0.03,211.69,0.98,230.7,0.97,211.69,0.99,6348.82,,,0.01,0.01,2332.14923,1776339543000
1776339545.333,245.333,0.01,6718.69,,,0.02,255.9,0.03,284.7,0.98,255.9,0.97,211.69,0.99,6726.77,,,0.01,0.01,2332.14923,1776339543000
1776339547.242,247.242,0.01,6717.67,,,0.02,333.09,0.03,250.7,0.98,255.9,0.97,284.7,0.99,6718.69,,,0.01,0.01,2332.089505,1776339545000
1776339547.905,247.905,0.01,6708.55,,,0.02,259.59,0.03,250.7,0.98,282.59,0.97,250.7,0.99,6709.57,,,0.01,0.01,2332.089855,1776339546000
1776339548.268,248.268,0.01,6703.49,,,0.02,279.79,0.03,250.7,0.98,259.59,0.97,250.7,0.99,6708.55,,,0.01,0.01,2332.089855,1776339546000
1776339548.593,248.593,0.01,2538.45,,,0.02,279.79,0.03,255.7,0.98,279.79,0.97,250.7,0.99,6680.82,,,0.01,0.01,2332.089855,1776339546000
1776339548.834,248.834,0.01,2440.45,,,0.02,279.79,0.03,255.7,0.98,279.79,0.97,255.7,0.99,2437.45,,,0.01,0.01,2332.089855,1776339546000
1776339549.514,249.514,0.01,1832.43,,,0.02,407.79,0.03,231.7,0.98,279.79,0.97,255.7,0.99,2438.45,,,0.01,0.01,2332.08223,1776339548000
1776339549.764,249.764,0.01,1813.99,,,0.02,427.79,0.03,231.7,0.98,407.79,0.97,231.7,0.99,1832.43,,,0.01,0.01,2332.08223,1776339548000
1776339550.125,250.125,0.01,1743.99,,,0.02,422.79,0.03,231.7,0.98,422.79,0.97,231.7,0.99,1788.99,,,0.01,0.01,2332.08223,1776339548000
1776339550.804,250.804,0.01,1467.1,,,0.02,289.19,0.03,230.7,0.98,422.79,0.97,231.7,0.99,1743.99,,,0.01,0.01,2332.13708,1776339549000
1776339551.126,251.126,0.01,1416.08,,,0.02,289.19,0.03,230.7,0.98,289.19,0.97,230.7,0.99,1461.08,,,0.01,0.01,2332.13708,1776339549000
1776339551.563,251.563,0.01,1315.06,,,0.02,289.19,0.03,248.7,0.98,289.19,0.97,230.7,0.99,1416.08,,,0.01,0.01,2332.0595,1776339550000
1776339552.277,252.277,0.01,1301.06,,,0.02,284.19,0.03,248.7,0.98,289.19,0.97,248.7,0.99,1315.06,,,0.01,0.01,2331.989851,1776339551000
1776339553.431,253.431,0.01,1310.59,,,0.02,284.19,0.03,248.7,0.98,284.19,0.97,248.7,0.99,1304.04,,,0.01,0.01,2331.98151,1776339552000
1776339553.75,253.75,0.01,1307.55,,,0.02,284.19,0.03,248.7,0.98,284.19,0.97,248.7,0.99,1310.59,,,0.01,0.01,2331.98151,1776339552000
1776339556.139,256.139,0.01,1287.35,,,0.02,284.19,0.03,248.7,0.98,284.19,0.97,248.7,0.99,1307.55,,,0.01,0.01,2332.1061,1776339554000
1776339558.482,258.482,0.01,1134.35,,,0.02,278.2,0.03,254.7,0.98,284.19,0.97,248.7,0.99,1237.35,,,0.01,0.01,2332.057905,1776339557000
1776339560.475,260.475,0.01,1088.84,,,0.02,278.2,0.03,254.7,0.98,278.2,0.97,254.7,0.99,1134.35,,,0.01,0.01,2332.060685,1776339558000
1776339565.421,265.421,0.01,1087.82,,,0.02,283.79,0.03,254.7,0.98,278.2,0.97,254.7,0.99,1088.84,,,0.01,0.01,2332.38515,1776339563000
1776339566.806,266.806,0.01,1087.82,,,0.02,278.12,0.03,249.7,0.98,283.79,0.97,254.7,0.99,1087.82,,,0.01,0.01,2332.30213,1776339565000
1776339567.506,267.506,0.01,1080.84,,,0.02,283.12,0.03,254.7,0.98,278.12,0.97,249.7,0.99,1087.82,,,0.01,0.01,2332.39,1776339566000
1776339567.789,267.789,0.01,1082.8,,,0.02,283.12,0.03,254.7,0.98,283.12,0.97,254.7,0.99,1080.84,,,0.01,0.01,2332.39,1776339566000
1776339568.379,268.379,0.01,926.8,,,0.02,283.12,0.03,254.7,0.98,283.12,0.97,254.7,0.99,1082.8,,,0.01,0.01,2332.39,1776339566000
1776339569.075,269.075,0.01,904.57,,,0.02,306.93,0.03,254.7,0.98,283.12,0.97,254.7,0.99,926.8,,,0.01,0.01,2332.32297,1776339567000
1776339569.348,269.348,0.01,1009.57,,,0.02,4.4,0.03,18.0,0.98,306.93,0.97,254.7,0.99,904.57,,,0.01,0.01,2332.32297,1776339567000
1776339569.63,269.63,0.02,10.0,0.01,1009.57,0.04,23.23,0.05,42.0,0.97,12.4,0.96,15.23,0.99,1009.57,,,0.02,0.02,2332.32281,1776339568000
1776339569.889,269.889,0.02,1.78,0.01,1278.17,0.04,5.0,0.05,10.0,0.96,5.0,0.95,3.98,0.98,3.81,0.99,1278.17,0.02,0.02,2332.32281,1776339568000
1776339570.096,270.096,0.07,10.0,0.06,10.0,0.11,84.03,0.12,10.0,0.89,185.03,0.88,10.0,0.98,1.78,0.99,1278.17,0.04,0.09,2332.32281,1776339568000
1776339570.33,270.33,0.06,50.0,0.05,10.0,0.08,8.0,0.11,10.0,0.89,84.03,0.88,10.0,0.93,10.0,0.94,10.0,0.02,0.04,2332.32281,1776339568000
1776339570.546,270.546,0.08,0.22,0.07,7.84,0.1,10.0,0.11,6.0,0.91,10.0,0.9,10.0,0.92,1.31,0.93,7.84,0.02,0.01,2332.392308,1776339569000
1776339570.751,270.751,0.07,3.76,0.06,60.0,0.09,18.0,0.1,15.0,0.91,18.0,0.9,15.0,0.93,5.9,0.94,60.0,0.02,0.02,2332.392308,1776339569000
1776339571.048,271.048,0.07,8.76,0.06,60.0,0.08,4.7,0.09,18.0,0.91,18.0,0.9,15.0,0.93,3.76,0.94,60.0,0.01,0.02,2332.392308,1776339569000
1776339571.497,271.497,0.06,5.52,0.05,10.0,0.08,10.0,0.09,18.0,0.92,10.0,0.91,18.0,0.94,5.52,0.95,10.0,0.02,0.02,2332.399951,1776339570000
1776339571.71,271.71,0.08,4.56,0.07,10.0,0.09,161.64,0.1,77.7,0.9,67.7,0.89,1.0,0.94,5.52,0.95,10.0,0.01,0.04,2332.399951,1776339570000
1776339571.986,271.986,0.06,5.52,0.05,10.0,0.07,15.44,0.09,186.64,0.91,161.64,0.9,77.7,0.92,4.56,0.93,10.0,0.01,0.01,2332.399951,1776339570000
1776339572.354,272.354,0.06,4.95,0.05,0.66,0.07,77.29,0.08,20.43,0.93,3.29,0.92,20.43,0.95,0.66,0.96,103.8,0.01,0.02,2332.399951,1776339570000
1776339572.746,272.746,0.03,186.16,0.02,195.48,0.06,20.0,0.07,69.0,0.93,77.29,0.92,20.43,0.96,88.46,0.97,202.7,0.03,0.03,2333.324232,1776339571000
1776339573.106,273.106,0.04,33.95,0.03,186.16,0.05,19.0,0.06,46.0,0.94,20.0,0.93,69.0,0.97,186.16,0.98,195.48,0.01,0.03,2333.324232,1776339571000
1776339573.482,273.482,0.04,38.95,0.03,186.16,0.05,3.14,0.06,20.0,0.95,19.0,0.94,46.0,0.96,33.95,0.97,186.16,0.01,0.01,2333.342948,1776339572000
1776339574.071,274.071,0.04,13.95,0.03,186.16,0.06,51.03,0.07,198.0,0.93,69.0,0.92,25.43,0.96,43.95,0.97,181.16,0.02,0.03,2333.342948,1776339572000
1776339574.703,274.703,0.01,771.67,,,0.06,67.0,0.07,106.0,0.94,46.03,0.93,106.0,0.96,10.66,0.97,186.16,0.05,0.02,2333.340973,1776339573000
1776339575.54,275.54,0.03,137.96,0.02,15.0,0.07,77.42,0.08,36.43,0.94,67.0,0.93,106.0,0.99,771.67,,,0.04,0.05,2333.33399,1776339574000
1776339576.427,276.427,0.04,135.85,0.03,5.0,0.05,15.0,0.06,56.0,0.93,77.42,0.92,36.43,0.97,132.96,0.98,15.0,0.01,0.04,2333.33399,1776339574000
1776339577.3,277.3,0.04,129.67,0.03,5.0,0.05,29.0,0.06,56.0,0.95,15.0,0.94,56.0,0.96,135.85,0.97,5.0,0.01,0.01,2333.377759,1776339576000
1776339578.243,278.243,0.04,119.42,0.03,5.0,0.05,49.0,0.06,61.0,0.95,29.0,0.94,56.0,0.96,129.67,0.97,5.0,0.01,0.01,2333.377759,1776339576000
1776339579.135,279.135,0.04,99.15,0.03,5.0,0.05,33.0,0.06,56.0,0.95,49.0,0.94,56.0,0.96,109.42,0.97,5.0,0.01,0.01,2333.4342,1776339578000
1776339580.318,280.318,0.04,116.23,0.03,5.0,0.05,89.0,0.06,44.0,0.95,33.0,0.94,56.0,0.96,99.15,0.97,5.0,0.01,0.01,2333.386595,1776339579000
1776339580.949,280.949,0.04,91.23,0.03,5.0,0.05,113.0,0.06,54.0,0.95,89.0,0.94,44.0,0.96,116.23,0.97,5.0,0.01,0.01,2333.386595,1776339579000
1776339581.247,281.247,0.04,86.02,0.03,5.0,0.05,13.0,0.06,62.0,0.95,108.0,0.94,62.0,0.96,86.02,0.97,5.0,0.01,0.01,2333.386595,1776339579000
1776339581.973,281.973,0.03,33.32,0.02,10.0,0.05,10.0,0.06,62.0,0.94,62.0,0.93,31.0,0.96,24.02,0.97,5.0,0.02,0.02,2333.385225,1776339580000
1776339584.094,284.094,0.03,4.84,0.02,15.09,0.05,68.0,0.06,57.0,0.95,10.0,0.94,62.0,0.97,33.32,0.98,10.0,0.02,0.02,2333.318034,1776339582000
1776339584.749,284.749,0.02,15.09,0.01,518.47,0.03,11.31,0.05,89.0,0.95,68.0,0.94,57.0,0.97,4.84,0.98,15.09,0.01,0.02,2333.333535,1776339583000
1776339585.456,285.456,0.02,9.98,0.01,518.47,0.03,26.31,0.04,124.0,0.97,11.31,0.95,89.0,0.98,15.09,0.99,518.47,0.01,0.01,2333.337935,1776339584000
1776339585.792,285.792,0.01,360.45,,,0.03,21.31,0.04,124.0,0.97,26.31,0.96,124.0,0.98,9.98,0.99,518.47,0.02,0.01,2333.337935,1776339584000
1776339586.277,286.277,0.02,3.94,0.01,360.45,0.03,44.31,0.04,124.0,0.97,21.31,0.96,124.0,0.99,360.45,,,0.01,0.02,2333.33474,1776339585000
1776339586.618,286.618,0.02,15.57,0.01,354.24,0.03,49.31,0.04,124.0,0.97,44.31,0.96,124.0,0.99,354.24,,,0.01,0.02,2333.33474,1776339585000
1776339587.533,287.533,0.02,14.54,0.01,354.24,0.03,42.31,0.04,124.0,0.97,49.31,0.96,124.0,0.98,15.57,0.99,354.24,0.01,0.01,2333.33625,1776339586000
1776339588.619,288.619,0.02,14.54,0.01,354.24,0.03,25.81,0.04,124.0,0.97,42.31,0.96,124.0,0.98,14.54,0.99,354.24,0.01,0.01,2333.33625,1776339587000
1776339588.821,288.821,0.02,6.34,0.01,354.24,0.03,30.81,0.04,124.0,0.97,30.81,0.96,124.0,0.98,10.34,0.99,354.24,0.01,0.01,2333.33625,1776339587000
1776339589.137,289.137,0.01,454.24,,,0.02,6.66,0.03,30.81,0.97,30.81,0.96,124.0,0.98,6.34,0.99,354.24,0.01,0.01,2333.33625,1776339587000
1776339589.574,289.574,0.01,444.24,,,0.02,6.66,0.03,30.0,0.98,6.66,0.97,30.81,0.99,454.24,,,0.01,0.01,2333.33625,1776339588000
1776339589.931,289.931,0.01,334.18,,,0.02,6.66,0.03,30.0,0.98,6.66,0.97,30.0,0.99,439.24,,,0.01,0.01,2333.33625,1776339588000
1776339590.154,290.154,,,,,0.01,675.82,0.02,6.66,0.98,6.66,0.97,30.0,0.99,334.18,,,,0.01,2333.33625,1776339588000
1776339590.567,290.567,,,,,0.01,694.79,0.02,6.66,0.99,675.82,0.98,6.66,,,,,,,2333.33625,1776339589000
1776339593.904,293.904,,,,,0.01,3118.77,0.02,52.66,0.99,693.77,0.98,6.66,,,,,,,2333.419134,1776339592000
1776339597.491,297.491,,,,,0.01,4960.32,0.02,91.66,0.99,3118.77,0.98,52.66,,,,,,,2333.03614,1776339596000

# RESULT,winner=Down,slug=eth-updown-5m-1776339300,ticks=329
