timestamp,elapsed_sec,up_bid_p1,up_bid_s1,up_bid_p2,up_bid_s2,up_ask_p1,up_ask_s1,up_ask_p2,up_ask_s2,down_bid_p1,down_bid_s1,down_bid_p2,down_bid_s2,down_ask_p1,down_ask_s1,down_ask_p2,down_ask_s2,up_spread,down_spread,eth_price,eth_oracle_ts
1776236701.511,1.511,0.5,6.44,0.48,5.0,0.54,162.43,0.55,70.0,0.47,5.0,0.46,180.43,0.5,16.44,0.51,13.0,0.04,0.03,2319.3943,1776236446000
1776236701.838,1.838,0.5,16.44,0.49,13.0,0.52,5.0,0.53,18.0,0.47,5.0,0.46,180.43,0.5,16.44,0.51,13.0,0.02,0.03,2319.3943,1776236446000
1776236702.997,2.997,0.5,1.44,0.49,19.0,0.52,10.0,0.53,20.0,0.48,5.0,0.47,18.0,0.5,16.44,0.51,13.0,0.02,0.02,2319.3943,1776236446000
1776236705.055,5.055,0.47,10.0,0.46,10.0,0.51,70.0,0.52,15.0,0.48,10.0,0.47,20.0,0.5,1.44,0.51,19.0,0.04,0.02,2319.3943,1776236446000
1776236705.292,5.292,0.5,3.77,0.47,10.0,0.51,70.0,0.52,20.0,0.49,70.0,0.48,20.0,0.5,10.37,0.53,10.0,0.01,0.01,2319.3943,1776236446000
1776236705.556,5.556,0.39,80.0,0.38,80.0,0.44,65.0,0.45,46.23,0.55,46.23,0.5,10.0,0.56,5.0,0.61,80.0,0.05,0.01,2319.3943,1776236446000
1776236706.116,6.116,0.39,80.0,0.38,70.0,0.4,3.18,0.41,15.0,0.56,65.0,0.55,46.23,0.61,80.0,0.62,80.0,0.01,0.05,2319.3943,1776236446000
1776236706.834,6.834,0.36,63.89,0.35,5.0,0.4,8.18,0.41,15.0,0.6,3.18,0.59,15.0,0.61,80.0,0.62,70.0,0.04,0.01,2319.3943,1776236446000
1776236708.078,8.078,0.36,68.89,0.35,10.0,0.37,7.29,0.38,10.0,0.6,8.18,0.59,15.0,0.64,63.89,0.65,5.0,0.01,0.04,2319.3943,1776236446000
1776236708.846,8.846,0.36,62.99,0.35,10.0,0.37,4.29,0.38,10.0,0.63,4.29,0.62,10.0,0.64,73.89,0.65,110.0,0.01,0.01,2319.3943,1776236446000
1776236711.886,11.886,0.36,103.99,0.35,73.35,0.39,13.01,0.4,8.18,0.63,4.29,0.62,10.0,0.64,62.99,0.65,10.0,0.03,0.01,2319.3943,1776236446000
1776236712.579,12.579,0.41,62.19,0.36,82.99,0.44,64.65,0.45,131.23,0.61,13.01,0.6,8.18,0.64,108.99,0.65,73.35,0.03,0.03,2319.3943,1776236446000
1776236715.301,15.301,0.43,40.65,0.42,15.0,0.44,35.55,0.45,56.72,0.56,64.65,0.55,131.23,0.59,62.19,0.64,82.99,0.01,0.03,2319.3943,1776236446000
1776236717.056,17.056,0.38,0.92,0.37,24.16,0.39,25.0,0.4,10.0,0.56,35.55,0.55,56.72,0.57,40.65,0.58,15.0,0.01,0.01,2319.3943,1776236446000
1776236717.323,17.323,0.37,20.35,0.36,197.99,0.38,20.0,0.39,20.0,0.61,20.0,0.6,15.0,0.63,14.76,0.64,197.99,0.01,0.02,2319.3943,1776236446000
1776236718.566,18.566,0.37,47.63,0.36,212.99,0.38,9.86,0.39,20.0,0.62,20.0,0.61,20.0,0.63,15.35,0.64,197.99,0.01,0.01,2319.3943,1776236446000
1776236719.492,19.492,0.37,74.63,0.36,226.99,0.38,4.86,0.39,20.0,0.62,9.86,0.61,20.0,0.63,47.63,0.64,212.99,0.01,0.01,2319.3943,1776236446000
1776236730.965,30.965,0.35,11.86,0.34,20.0,0.38,71.0,0.39,123.0,0.62,4.86,0.61,20.0,0.63,74.63,0.64,226.99,0.03,0.01,2319.3943,1776236446000
1776236731.715,31.715,0.32,4.96,0.31,61.0,0.33,51.0,0.34,33.0,0.62,71.0,0.61,123.0,0.65,11.86,0.66,20.0,0.01,0.03,2319.3943,1776236446000
1776236733.47,33.47,0.31,181.16,0.3,146.0,0.35,41.63,0.36,112.0,0.68,15.0,0.67,71.0,0.69,52.16,0.7,16.0,0.04,0.01,2319.3943,1776236446000
1776236734.073,34.073,0.31,130.0,0.3,125.0,0.32,55.3,0.33,99.0,0.65,41.63,0.64,112.0,0.69,181.16,0.7,146.0,0.01,0.04,2319.3943,1776236446000
1776236734.282,34.282,0.3,21.96,0.29,25.0,0.31,10.0,0.32,55.3,0.68,60.3,0.67,99.0,0.7,125.0,0.71,125.0,0.01,0.02,2319.3943,1776236446000
1776236734.593,34.593,0.27,18.31,0.26,91.0,0.28,26.0,0.29,10.0,0.72,26.0,0.71,10.0,0.73,18.31,0.74,91.0,0.01,0.01,2319.3943,1776236446000
1776236735.338,35.338,0.27,29.62,0.26,101.0,0.28,21.0,0.29,15.0,0.72,26.0,0.71,10.0,0.73,18.31,0.74,91.0,0.01,0.01,2319.3943,1776236446000
1776236735.562,35.562,0.27,29.15,0.26,101.0,0.28,21.0,0.29,15.0,0.72,21.0,0.71,15.0,0.73,29.62,0.74,101.0,0.01,0.01,2319.3943,1776236446000
1776236735.944,35.944,0.27,69.15,0.26,101.0,0.28,11.0,0.29,15.0,0.72,21.0,0.71,15.0,0.73,29.15,0.74,101.0,0.01,0.01,2319.3943,1776236446000
1776236736.54,36.54,0.28,25.0,0.27,36.99,0.29,4.65,0.3,25.0,0.72,7.42,0.71,15.0,0.73,28.83,0.74,101.0,0.01,0.01,2319.3943,1776236446000
1776236739.356,39.356,0.28,57.0,0.27,41.99,0.29,6.55,0.3,25.0,0.71,4.65,0.7,25.0,0.72,25.0,0.73,36.99,0.01,0.01,2319.3943,1776236446000
1776236745.518,45.518,0.27,26.22,0.26,79.0,0.29,21.55,0.3,20.0,0.71,6.55,0.7,25.0,0.72,57.0,0.73,41.99,0.02,0.01,2319.3943,1776236446000
1776236749.348,49.348,0.27,21.0,0.26,91.0,0.28,15.0,0.29,16.55,0.72,15.0,0.71,16.55,0.73,37.7,0.74,101.0,0.01,0.01,2319.3943,1776236446000
1776236751.383,51.383,0.31,11.12,0.28,10.0,0.35,5.0,0.36,85.0,0.72,15.0,0.71,16.55,0.73,21.0,0.74,91.0,0.04,0.01,2319.3943,1776236446000
1776236752.03,52.03,0.34,21.36,0.33,37.0,0.35,14.69,0.36,28.0,0.65,9.69,0.64,93.0,0.67,20.0,0.68,10.0,0.01,0.02,2319.3943,1776236446000
1776236752.695,52.695,0.34,91.0,0.33,26.0,0.35,6.83,0.36,47.13,0.65,14.69,0.64,28.0,0.66,21.36,0.67,37.0,0.01,0.01,2319.3943,1776236446000
1776236753.11,53.11,0.34,96.0,0.33,26.0,0.36,15.22,0.37,96.0,0.65,6.83,0.64,47.13,0.66,91.0,0.67,26.0,0.02,0.01,2319.3943,1776236446000
1776236753.678,53.678,0.35,10.0,0.34,111.0,0.36,4.16,0.37,75.0,0.64,15.22,0.63,96.0,0.66,96.0,0.67,26.0,0.01,0.02,2319.3943,1776236446000
1776236754.0,54.0,0.35,16.0,0.34,57.0,0.37,45.66,0.38,28.0,0.63,72.71,0.62,23.0,0.65,10.0,0.66,111.0,0.02,0.02,2319.3943,1776236446000
1776236754.966,54.966,0.35,74.0,0.34,57.0,0.36,13.86,0.37,45.66,0.64,12.0,0.63,45.66,0.65,16.0,0.66,57.0,0.01,0.01,2319.3943,1776236446000
1776236756.227,56.227,0.35,74.0,0.34,57.0,0.37,38.95,0.38,20.0,0.64,13.86,0.63,45.66,0.65,74.0,0.66,57.0,0.02,0.01,2319.3943,1776236446000
1776236758.565,58.565,0.35,85.4,0.34,52.0,0.36,10.0,0.37,48.95,0.63,38.95,0.62,20.0,0.65,74.0,0.66,57.0,0.01,0.02,2319.3943,1776236446000
1776236761.838,61.838,0.34,5.0,0.31,17.0,0.35,97.99,0.36,119.0,0.64,10.0,0.63,48.95,0.65,85.4,0.66,52.0,0.01,0.01,2319.3943,1776236446000
1776236762.237,62.237,0.3,1.76,0.28,16.0,0.31,113.13,0.32,80.0,0.65,97.99,0.64,119.0,0.66,5.0,0.69,17.0,0.01,0.01,2319.3943,1776236446000
1776236762.824,62.824,0.26,104.0,0.25,36.99,0.27,50.99,0.28,10.0,0.7,5.38,0.69,113.13,0.72,16.0,0.73,8.99,0.01,0.02,2319.3943,1776236446000
1776236763.204,63.204,0.22,11.58,0.21,192.7,0.27,50.99,0.28,10.0,0.73,50.99,0.72,10.0,0.74,102.64,0.75,36.99,0.05,0.01,2319.3943,1776236446000
1776236763.614,63.614,0.25,48.85,0.24,33.99,0.26,51.0,0.27,29.99,0.73,50.99,0.72,10.0,0.78,11.58,0.79,192.7,0.01,0.05,2319.3943,1776236446000
1776236764.025,64.025,0.25,42.38,0.24,33.99,0.26,76.0,0.27,34.99,0.74,51.0,0.73,29.99,0.75,48.85,0.76,33.99,0.01,0.01,2319.3943,1776236446000
1776236765.13,65.13,0.25,43.32,0.24,132.2,0.26,71.0,0.27,34.99,0.74,76.0,0.73,34.99,0.75,42.38,0.76,33.99,0.01,0.01,2319.3943,1776236446000
1776236765.608,65.608,0.25,52.31,0.24,139.2,0.26,66.0,0.27,34.99,0.74,71.0,0.73,34.99,0.75,43.32,0.76,132.2,0.01,0.01,2319.3943,1776236446000
1776236765.931,65.931,0.25,38.32,0.24,139.2,0.26,61.0,0.27,34.99,0.74,66.0,0.73,34.99,0.75,52.31,0.76,139.2,0.01,0.01,2319.3943,1776236446000
1776236767.206,67.206,0.25,35.32,0.24,139.2,0.26,59.0,0.27,34.99,0.74,61.0,0.73,34.99,0.75,38.32,0.76,139.2,0.01,0.01,2319.3943,1776236446000
1776236767.583,67.583,0.25,30.32,0.24,121.21,0.26,54.0,0.27,34.99,0.74,59.0,0.73,34.99,0.75,35.32,0.76,139.2,0.01,0.01,2319.3943,1776236446000
1776236773.916,73.916,0.25,3.28,0.2,10.0,0.26,322.99,0.27,47.0,0.74,46.3,0.73,34.99,0.75,30.32,0.76,121.21,0.01,0.01,2319.3943,1776236446000
1776236774.293,74.293,0.17,14.79,0.16,76.0,0.18,76.0,0.19,49.0,0.81,10.0,0.8,76.0,0.83,5.0,0.84,112.8,0.01,0.02,2319.3943,1776236446000
1776236774.742,74.742,0.16,65.0,0.15,35.0,0.17,15.0,0.18,94.13,0.82,97.0,0.81,56.0,0.84,70.0,0.85,78.2,0.01,0.02,2319.3943,1776236446000
1776236775.11,75.11,0.16,55.31,0.15,27.0,0.17,64.0,0.18,63.13,0.83,15.0,0.82,94.13,0.84,45.0,0.85,35.0,0.01,0.01,2319.3943,1776236446000
1776236775.496,75.496,0.16,80.31,0.15,27.0,0.17,30.0,0.18,31.0,0.83,64.0,0.82,63.13,0.84,55.31,0.85,27.0,0.01,0.01,2319.3943,1776236446000
1776236777.285,77.285,0.16,75.7,0.15,98.62,0.17,41.1,0.18,20.0,0.83,30.0,0.82,31.0,0.84,68.81,0.85,27.0,0.01,0.01,2319.3943,1776236446000
1776236778.611,78.611,0.16,61.71,0.15,98.62,0.17,25.1,0.18,20.0,0.83,41.1,0.82,20.0,0.84,75.7,0.85,98.62,0.01,0.01,2319.3943,1776236446000
1776236778.949,78.949,0.16,55.16,0.15,98.62,0.17,25.1,0.18,20.0,0.83,25.1,0.82,20.0,0.84,61.71,0.85,98.62,0.01,0.01,2319.3943,1776236446000
1776236779.595,79.595,0.16,45.69,0.15,98.62,0.17,25.1,0.18,20.0,0.83,25.1,0.82,20.0,0.84,55.16,0.85,98.62,0.01,0.01,2319.3943,1776236446000
1776236780.557,80.557,0.16,84.41,0.15,32.0,0.17,24.21,0.18,20.0,0.83,25.1,0.82,20.0,0.84,45.69,0.85,98.62,0.01,0.01,2319.3943,1776236446000
1776236781.127,81.127,0.16,2.41,0.15,27.0,0.17,54.21,0.18,20.0,0.83,24.21,0.82,20.0,0.84,84.41,0.85,32.0,0.01,0.01,2319.3943,1776236446000
1776236781.628,81.628,0.17,7.9,0.16,78.0,0.19,5.0,0.2,15.0,0.83,54.21,0.82,20.0,0.85,9.41,0.86,114.9,0.02,0.02,2319.3943,1776236446000
1776236783.063,83.063,0.21,58.0,0.2,150.0,0.22,0.72,0.23,15.0,0.81,15.0,0.8,15.0,0.82,0.78,0.83,17.9,0.01,0.01,2319.3943,1776236446000
1776236783.86,83.86,0.21,89.7,0.2,150.0,0.22,0.72,0.23,15.0,0.78,0.72,0.77,15.0,0.79,58.0,0.8,150.0,0.01,0.01,2319.3943,1776236446000
1776236786.631,86.631,0.25,79.0,0.24,21.0,0.26,12.0,0.27,72.13,0.78,20.72,0.77,15.0,0.79,70.66,0.8,144.0,0.01,0.01,2319.3943,1776236446000
1776236788.44,88.44,0.29,9.74,0.28,21.0,0.3,15.0,0.31,69.99,0.74,12.0,0.73,72.13,0.75,79.0,0.76,21.0,0.01,0.01,2319.3943,1776236446000
1776236788.851,88.851,0.28,24.21,0.27,91.0,0.29,15.0,0.3,15.0,0.7,20.0,0.69,69.99,0.72,10.6,0.73,91.0,0.01,0.02,2319.3943,1776236446000
1776236792.656,92.656,0.28,15.0,0.27,81.0,0.29,0.4,0.3,16.22,0.7,6.22,0.69,64.99,0.72,25.6,0.73,91.0,0.01,0.02,2319.3943,1776236446000
1776236798.454,98.454,0.29,11.6,0.28,85.0,0.33,30.0,0.34,29.0,0.71,0.4,0.7,16.22,0.72,15.0,0.73,81.0,0.04,0.01,2319.3943,1776236446000
1776236799.228,99.228,0.32,50.0,0.31,20.0,0.36,59.71,0.37,129.0,0.67,30.0,0.66,29.0,0.71,11.6,0.72,85.0,0.04,0.04,2319.3943,1776236446000
1776236799.669,99.669,0.36,15.0,0.35,20.0,0.38,99.13,0.39,33.0,0.64,64.71,0.63,134.0,0.66,29.01,0.67,20.0,0.02,0.02,2319.3943,1776236446000
1776236800.192,100.192,0.38,50.0,0.37,45.0,0.39,3.81,0.41,60.13,0.62,99.13,0.61,33.0,0.64,15.0,0.65,20.0,0.01,0.02,2319.3943,1776236446000
1776236802.576,102.576,0.38,25.0,0.37,30.0,0.4,8.33,0.41,15.0,0.61,3.81,0.59,60.13,0.62,50.0,0.63,45.0,0.02,0.01,2319.3943,1776236446000
1776236802.963,102.963,0.39,1.0,0.38,25.0,0.4,18.33,0.41,15.0,0.6,8.33,0.59,15.0,0.62,25.0,0.63,30.0,0.01,0.02,2319.3943,1776236446000
1776236806.823,106.823,0.35,27.38,0.34,105.0,0.39,25.0,0.4,33.33,0.6,18.33,0.59,15.0,0.61,1.0,0.62,25.0,0.04,0.01,2319.3943,1776236446000
1776236808.406,108.406,0.34,102.41,0.33,36.0,0.37,20.0,0.38,20.0,0.61,25.0,0.6,33.33,0.65,27.38,0.66,105.0,0.03,0.04,2319.3943,1776236446000
1776236808.713,108.713,0.36,8.43,0.34,102.41,0.37,12.0,0.38,20.0,0.63,20.0,0.62,20.0,0.64,8.43,0.65,10.0,0.01,0.01,2319.3943,1776236446000
1776236809.878,109.878,0.35,7.52,0.34,102.41,0.37,7.0,0.38,20.0,0.63,7.0,0.62,20.0,0.64,3.11,0.66,102.41,0.02,0.01,2319.3943,1776236446000
1776236813.159,113.159,0.26,65.58,0.25,70.0,0.27,15.0,0.28,15.0,0.63,2.0,0.62,20.0,0.65,7.52,0.66,102.41,0.01,0.02,2319.3943,1776236446000
1776236813.366,113.366,0.25,70.0,0.24,70.0,0.26,15.0,0.27,20.0,0.73,20.0,0.72,15.0,0.74,5.32,0.75,70.0,0.01,0.01,2319.3943,1776236446000
1776236813.57,113.57,0.25,80.0,0.24,80.0,0.26,19.8,0.27,46.13,0.74,15.0,0.73,20.0,0.75,70.0,0.76,70.0,0.01,0.01,2319.3943,1776236446000
1776236813.837,113.837,0.26,77.59,0.25,5.0,0.27,10.0,0.28,15.0,0.73,66.13,0.72,15.0,0.74,8.62,0.75,6.0,0.01,0.01,2319.3943,1776236446000
1776236814.142,114.142,0.26,60.64,0.25,5.0,0.27,20.0,0.28,15.0,0.73,10.0,0.72,15.0,0.74,77.59,0.75,5.0,0.01,0.01,2319.3943,1776236446000
1776236814.685,114.685,0.24,145.0,0.21,50.0,0.26,6.5,0.27,45.0,0.73,20.0,0.72,15.0,0.74,60.64,0.75,5.0,0.02,0.01,2319.3943,1776236446000
1776236814.886,114.886,0.24,129.56,0.22,20.0,0.25,20.0,0.26,66.49,0.75,15.0,0.74,52.63,0.76,135.01,0.77,20.0,0.01,0.01,2319.3943,1776236446000
1776236816.777,116.777,0.24,207.56,0.23,5.0,0.25,12.0,0.26,15.0,0.75,20.0,0.74,66.49,0.76,129.56,0.78,20.0,0.01,0.01,2319.3943,1776236446000
1776236818.214,118.214,0.24,120.56,0.21,16.57,0.25,27.0,0.26,15.0,0.75,12.0,0.74,15.0,0.76,207.56,0.77,5.0,0.01,0.01,2319.3943,1776236446000
1776236818.874,118.874,0.24,145.56,0.23,10.0,0.26,15.0,0.27,15.0,0.75,27.0,0.74,15.0,0.76,120.56,0.79,16.57,0.02,0.01,2319.3943,1776236446000
1776236819.56,119.56,0.24,85.71,0.23,5.0,0.25,15.0,0.26,15.0,0.74,15.0,0.73,15.0,0.76,145.56,0.77,10.0,0.01,0.02,2319.3943,1776236446000
1776236821.805,121.805,0.24,85.92,0.23,10.0,0.25,15.0,0.26,15.0,0.75,15.0,0.74,15.0,0.76,85.71,0.77,5.0,0.01,0.01,2319.3943,1776236446000
1776236822.321,122.321,0.24,67.78,0.23,10.0,0.25,30.0,0.26,15.0,0.75,15.0,0.74,15.0,0.76,85.92,0.77,10.0,0.01,0.01,2319.3943,1776236446000
1776236822.526,122.526,0.24,96.46,0.23,10.0,0.25,15.0,0.26,15.0,0.75,35.0,0.74,15.0,0.76,101.46,0.77,10.0,0.01,0.01,2319.3943,1776236446000
1776236823.069,123.069,0.29,20.0,0.28,37.0,0.31,15.61,0.32,25.0,0.75,15.0,0.74,15.0,0.76,96.46,0.77,10.0,0.02,0.01,2319.3943,1776236446000
1776236823.344,123.344,0.29,67.97,0.28,37.0,0.3,15.0,0.31,15.61,0.69,15.61,0.68,25.0,0.71,20.0,0.72,37.0,0.01,0.02,2319.3943,1776236446000
1776236823.637,123.637,0.29,55.0,0.28,44.57,0.31,5.0,0.32,20.0,0.7,15.0,0.69,15.61,0.71,67.97,0.72,37.0,0.02,0.01,2319.3943,1776236446000
1776236825.823,125.823,0.27,13.0,0.26,13.0,0.29,51.0,0.3,74.99,0.69,5.0,0.68,20.0,0.71,55.0,0.72,44.57,0.02,0.02,2319.3943,1776236446000
1776236826.103,126.103,0.25,5.0,0.24,116.46,0.27,56.0,0.28,20.0,0.71,51.0,0.7,74.99,0.73,13.0,0.74,13.0,0.02,0.02,2319.3943,1776236446000
1776236827.366,127.366,0.25,15.0,0.24,121.46,0.26,10.38,0.27,25.0,0.73,56.0,0.72,20.0,0.75,5.0,0.76,116.46,0.01,0.02,2319.3943,1776236446000
1776236828.623,128.623,0.25,6.0,0.24,41.46,0.26,104.37,0.27,36.86,0.74,10.38,0.73,25.0,0.75,15.0,0.76,121.46,0.01,0.01,2319.3943,1776236446000
1776236829.413,129.413,0.24,27.46,0.2,5.0,0.25,108.0,0.26,63.37,0.75,93.0,0.74,94.37,0.76,27.46,0.8,5.0,0.01,0.01,2319.3943,1776236446000
1776236829.736,129.736,0.24,13.46,0.2,5.0,0.25,113.86,0.26,63.37,0.75,108.0,0.74,63.37,0.76,27.46,0.8,5.0,0.01,0.01,2319.3943,1776236446000
1776236831.203,131.203,0.24,15.17,0.2,5.0,0.25,123.86,0.26,32.37,0.75,113.86,0.74,63.37,0.76,13.46,0.8,5.0,0.01,0.01,2319.3943,1776236446000
1776236832.069,132.069,0.24,12.38,0.22,5.0,0.25,123.86,0.26,32.37,0.75,123.86,0.74,32.37,0.76,15.17,0.8,5.0,0.01,0.01,2319.3943,1776236446000
1776236832.362,132.362,0.24,19.59,0.23,5.0,0.25,7.66,0.26,32.37,0.75,8.86,0.74,32.37,0.76,9.59,0.78,5.0,0.01,0.01,2319.3943,1776236446000
1776236834.346,134.346,0.24,5.0,0.21,5.0,0.25,19.52,0.26,42.37,0.75,7.66,0.74,32.37,0.76,19.59,0.77,5.0,0.01,0.01,2319.3943,1776236446000
1776236835.895,135.895,0.23,4.93,0.2,5.0,0.25,152.86,0.26,49.37,0.75,19.52,0.74,42.37,0.76,5.0,0.79,5.0,0.02,0.01,2319.3943,1776236446000
1776236836.583,136.583,0.18,148.78,0.17,5.0,0.19,81.86,0.2,35.0,0.75,152.86,0.74,49.37,0.77,4.93,0.8,5.0,0.01,0.02,2319.3943,1776236446000
1776236836.876,136.876,0.18,174.95,0.17,5.0,0.19,40.86,0.2,40.0,0.81,81.86,0.8,35.0,0.82,148.29,0.83,5.0,0.01,0.01,2319.3943,1776236446000
1776236837.338,137.338,0.18,172.95,0.17,5.0,0.19,40.86,0.2,40.0,0.81,40.86,0.8,40.0,0.82,174.95,0.83,5.0,0.01,0.01,2319.3943,1776236446000
1776236837.687,137.687,0.18,160.95,0.17,5.0,0.19,40.86,0.2,40.0,0.81,40.86,0.8,40.0,0.82,172.95,0.83,5.0,0.01,0.01,2319.3943,1776236446000
1776236842.205,142.205,0.18,133.95,0.17,5.0,0.19,15.0,0.2,35.0,0.81,40.86,0.8,40.0,0.82,160.95,0.83,5.0,0.01,0.01,2319.3943,1776236446000
1776236842.951,142.951,0.18,122.85,0.17,5.0,0.19,15.0,0.2,35.0,0.81,15.0,0.8,35.0,0.82,133.95,0.83,5.0,0.01,0.01,2319.3943,1776236446000
1776236843.255,143.255,0.18,84.85,0.16,15.0,0.2,26.2,0.21,33.0,0.81,15.0,0.8,35.0,0.82,122.85,0.83,5.0,0.02,0.01,2319.3943,1776236446000
1776236845.096,145.096,0.15,4.41,0.12,255.09,0.18,11.0,0.19,157.0,0.8,26.2,0.79,33.0,0.82,84.85,0.84,15.0,0.03,0.02,2319.3943,1776236446000
1776236845.531,145.531,0.12,258.47,0.11,11.0,0.13,6.69,0.14,15.0,0.87,10.0,0.86,10.0,0.88,250.06,0.89,11.0,0.01,0.01,2319.3943,1776236446000
1776236847.405,147.405,0.12,263.47,0.11,16.0,0.14,13.38,0.15,57.0,0.87,6.69,0.86,15.0,0.88,258.47,0.89,11.0,0.02,0.01,2319.3943,1776236446000
1776236849.105,149.105,0.12,268.47,0.11,16.0,0.13,68.64,0.14,33.86,0.86,13.38,0.85,57.0,0.88,263.47,0.89,16.0,0.01,0.02,2319.3943,1776236446000
1776236850.552,150.552,0.12,272.33,0.11,16.0,0.13,79.5,0.14,33.86,0.87,68.64,0.86,33.86,0.88,268.47,0.89,16.0,0.01,0.01,2319.3943,1776236446000
1776236851.481,151.481,0.13,27.37,0.12,295.33,0.16,20.0,0.19,6.0,0.87,79.5,0.86,33.86,0.88,272.33,0.89,16.0,0.03,0.01,2319.3943,1776236446000
1776236851.855,151.855,0.16,10.0,0.15,45.27,0.19,15.4,0.2,10.0,0.84,5.0,0.81,13.0,0.85,4.75,0.87,47.38,0.03,0.01,2319.3943,1776236446000
1776236852.335,152.335,0.16,125.58,0.15,42.75,0.17,10.0,0.18,15.0,0.81,15.4,0.8,10.0,0.84,10.0,0.85,45.27,0.01,0.03,2319.3943,1776236446000
1776236852.772,152.772,0.16,137.58,0.15,42.75,0.18,10.0,0.19,15.0,0.83,10.0,0.82,15.0,0.84,125.58,0.85,42.75,0.02,0.01,2319.3943,1776236446000
1776236853.04,153.04,0.16,132.58,0.15,38.0,0.18,10.0,0.19,20.0,0.82,10.0,0.81,15.0,0.84,137.58,0.85,42.75,0.02,0.02,2319.3943,1776236446000
1776236853.463,153.463,0.16,127.52,0.15,38.0,0.17,10.0,0.18,10.0,0.82,10.0,0.81,20.0,0.84,132.58,0.85,38.0,0.01,0.02,2319.3943,1776236446000
1776236856.065,156.065,0.16,51.0,0.13,5.0,0.17,253.86,0.18,38.86,0.83,10.0,0.82,10.0,0.84,122.37,0.85,38.0,0.01,0.01,2319.3943,1776236446000
1776236857.007,157.007,0.12,266.19,0.11,15.0,0.13,101.86,0.14,95.0,0.86,20.0,0.85,15.0,0.88,253.92,0.89,15.0,0.01,0.02,2319.3943,1776236446000
1776236859.565,159.565,0.12,277.37,0.11,20.0,0.13,15.0,0.14,70.0,0.87,101.86,0.86,95.0,0.88,266.19,0.89,15.0,0.01,0.01,2319.3943,1776236446000
1776236862.492,162.492,0.12,270.6,0.11,15.0,0.13,20.0,0.14,51.86,0.87,10.0,0.86,70.0,0.88,268.74,0.89,20.0,0.01,0.01,2319.3943,1776236446000
1776236865.12,165.12,0.17,21.0,0.16,21.0,0.19,28.73,0.2,85.0,0.87,20.0,0.86,51.86,0.88,270.6,0.89,15.0,0.02,0.01,2319.3943,1776236446000
1776236865.714,165.714,0.17,19.97,0.16,21.0,0.18,10.0,0.19,32.59,0.81,28.73,0.8,85.0,0.83,21.0,0.84,21.0,0.01,0.02,2319.3943,1776236446000
1776236866.113,166.113,0.17,8.97,0.16,21.0,0.18,30.0,0.19,37.59,0.82,10.0,0.81,32.59,0.83,19.97,0.84,21.0,0.01,0.01,2319.3943,1776236446000
1776236867.417,167.417,0.17,15.35,0.16,21.0,0.18,25.0,0.19,37.59,0.82,30.0,0.81,37.59,0.83,8.97,0.84,21.0,0.01,0.01,2319.3943,1776236446000
1776236868.194,168.194,0.17,3.35,0.16,21.0,0.18,43.86,0.19,37.59,0.82,25.0,0.81,37.59,0.83,15.35,0.84,21.0,0.01,0.01,2319.3943,1776236446000
1776236870.479,170.479,0.16,26.0,0.15,21.0,0.17,5.0,0.18,90.85,0.82,43.86,0.81,37.59,0.83,3.35,0.84,21.0,0.01,0.01,2319.3943,1776236446000
1776236871.361,171.361,0.16,41.0,0.15,21.0,0.23,7.0,0.24,18.0,0.83,5.0,0.82,90.85,0.84,26.0,0.85,21.0,0.07,0.01,2319.3943,1776236446000
1776236876.19,176.19,0.22,30.05,0.21,16.0,0.23,20.0,0.24,39.0,0.78,12.73,0.77,40.0,0.8,15.0,0.81,37.0,0.01,0.02,2319.3943,1776236446000
1776236879.771,179.771,0.19,12.8,0.18,22.0,0.2,35.0,0.21,55.0,0.77,20.0,0.76,39.0,0.78,30.05,0.79,16.0,0.01,0.01,2319.3943,1776236446000
1776236880.29,180.29,0.19,27.8,0.18,32.0,0.21,10.0,0.22,20.0,0.8,35.0,0.79,55.0,0.81,12.8,0.82,22.0,0.02,0.01,2319.3943,1776236446000
1776236880.713,180.713,0.2,9.0,0.19,27.8,0.21,10.0,0.22,20.0,0.79,10.0,0.78,20.0,0.81,27.8,0.82,32.0,0.01,0.02,2319.3943,1776236446000
1776236882.061,182.061,0.2,90.0,0.19,22.8,0.29,8.75,0.3,22.0,0.79,10.0,0.78,20.0,0.8,9.0,0.81,27.8,0.09,0.01,2319.3943,1776236446000
1776236883.515,183.515,0.27,14.09,0.26,40.0,0.29,47.25,0.3,41.1,0.71,8.75,0.7,22.0,0.8,90.0,0.81,22.8,0.02,0.09,2319.3943,1776236446000
1776236891.204,191.204,0.26,19.68,0.25,5.0,0.27,15.0,0.28,36.85,0.71,62.25,0.7,41.1,0.74,13.44,0.75,10.0,0.01,0.03,2319.3943,1776236446000
1776236893.013,193.013,0.19,12.8,0.18,35.13,0.26,47.86,0.27,110.85,0.73,15.0,0.72,36.85,0.74,19.68,0.75,5.0,0.07,0.01,2319.3943,1776236446000
1776236893.407,193.407,0.18,15.13,0.14,44.9,0.24,14.0,0.25,15.0,0.74,47.86,0.73,110.85,0.81,12.8,0.82,35.13,0.06,0.07,2319.3943,1776236446000
1776236893.93,193.93,0.19,4.07,0.17,5.0,0.21,30.0,0.22,27.0,0.76,14.0,0.75,15.0,0.82,15.13,0.86,44.9,0.02,0.06,2319.3943,1776236446000
1776236896.268,196.268,0.19,2.65,0.18,5.61,0.2,25.0,0.21,58.0,0.79,30.0,0.78,27.0,0.81,4.07,0.83,5.0,0.01,0.02,2319.3943,1776236446000
1776236898.783,198.783,0.15,27.0,0.14,29.9,0.16,33.86,0.17,38.0,0.8,25.0,0.79,58.0,0.81,2.65,0.82,5.61,0.01,0.01,2319.3943,1776236446000
1776236899.212,199.212,0.14,29.9,0.13,25.38,0.15,8.33,0.16,33.86,0.84,33.86,0.83,38.0,0.85,13.31,0.86,29.9,0.01,0.01,2319.3943,1776236446000
1776236910.059,210.059,0.12,259.46,0.11,15.0,0.13,69.86,0.14,40.99,0.85,8.33,0.84,33.86,0.86,29.9,0.87,25.38,0.01,0.01,2319.3943,1776236446000
1776236910.581,210.581,0.12,257.46,0.11,15.0,0.13,49.86,0.14,45.99,0.87,69.86,0.86,40.99,0.88,259.46,0.89,15.0,0.01,0.01,2319.3943,1776236446000
1776236913.07,213.07,0.12,273.46,0.11,20.0,0.14,25.99,0.15,36.33,0.87,49.86,0.86,45.99,0.88,257.46,0.89,15.0,0.02,0.01,2319.3943,1776236446000
1776236916.73,216.73,0.12,184.05,0.11,5.0,0.14,80.0,0.15,128.0,0.84,41.0,0.83,98.0,0.87,27.0,0.88,278.46,0.02,0.03,2319.3943,1776236446000
1776236917.285,217.285,0.12,125.46,0.11,5.0,0.13,108.78,0.14,249.0,0.87,95.0,0.86,240.0,0.88,117.05,0.89,5.0,0.01,0.01,2319.3943,1776236446000
1776236917.796,217.796,0.12,111.82,0.11,10.0,0.13,113.78,0.14,249.0,0.87,108.78,0.86,249.0,0.88,122.05,0.89,5.0,0.01,0.01,2319.3943,1776236446000
1776236918.032,218.032,0.12,116.82,0.11,5.0,0.13,112.16,0.14,235.0,0.87,113.78,0.86,249.0,0.88,111.82,0.89,10.0,0.01,0.01,2319.3943,1776236446000
1776236918.474,218.474,0.12,92.25,0.11,5.0,0.13,125.16,0.14,157.0,0.87,112.16,0.86,235.0,0.88,116.82,0.89,5.0,0.01,0.01,2319.3943,1776236446000
1776236918.715,218.715,0.12,24.28,0.11,5.0,0.13,130.16,0.14,140.0,0.87,125.16,0.86,157.0,0.88,92.25,0.89,5.0,0.01,0.01,2319.3943,1776236446000
1776236920.275,220.275,0.12,11.07,0.11,5.0,0.13,289.84,0.14,164.9,0.87,130.16,0.86,140.0,0.88,24.28,0.89,5.0,0.01,0.01,2319.3943,1776236446000
1776236921.328,221.328,0.12,6.07,0.1,5.0,0.13,235.78,0.14,169.9,0.87,289.84,0.86,164.9,0.88,11.07,0.89,5.0,0.01,0.01,2319.3943,1776236446000
1776236921.826,221.826,0.12,6.07,0.1,5.0,0.13,92.1,0.14,169.9,0.87,235.78,0.86,169.9,0.88,6.07,0.9,5.0,0.01,0.01,2319.3943,1776236446000
1776236922.073,222.073,0.12,1.01,0.11,5.0,0.13,92.1,0.14,169.9,0.87,92.1,0.86,169.9,0.88,6.07,0.9,5.0,0.01,0.01,2319.3943,1776236446000
1776236923.967,223.967,0.09,14.09,0.08,170.0,0.11,90.0,0.12,28.0,0.87,92.1,0.86,169.9,0.91,2.68,0.92,165.0,0.02,0.04,2319.3943,1776236446000
1776236925.289,225.289,0.09,25.1,0.08,170.0,0.1,81.86,0.11,176.65,0.89,90.0,0.88,28.0,0.91,14.09,0.92,170.0,0.01,0.02,2319.3943,1776236446000
1776236925.508,225.508,0.09,25.1,0.08,170.0,0.1,80.31,0.11,185.65,0.9,81.86,0.89,176.65,0.91,25.1,0.92,170.0,0.01,0.01,2319.3943,1776236446000
1776236927.736,227.736,0.09,12.1,0.08,170.0,0.1,96.31,0.11,224.79,0.9,80.31,0.89,185.65,0.91,25.1,0.92,170.0,0.01,0.01,2319.3943,1776236446000
1776236932.098,232.098,0.09,10.0,0.08,182.55,0.1,144.98,0.11,235.79,0.9,96.31,0.89,224.79,0.91,12.1,0.92,170.0,0.01,0.01,2319.3943,1776236446000
1776236933.759,233.759,0.08,125.93,0.07,50.0,0.09,86.86,0.1,195.12,0.9,144.98,0.89,235.79,0.91,10.0,0.92,182.55,0.01,0.01,2319.3943,1776236446000
1776236934.173,234.173,0.08,118.55,0.07,50.0,0.09,180.52,0.1,161.0,0.91,86.86,0.9,195.12,0.92,105.93,0.93,50.0,0.01,0.01,2319.3943,1776236446000
1776236934.926,234.926,0.08,85.28,0.07,50.0,0.09,190.52,0.1,156.0,0.91,180.52,0.9,161.0,0.92,88.55,0.93,50.0,0.01,0.01,2319.3943,1776236446000
1776236935.335,235.335,0.08,65.06,0.07,50.0,0.09,227.52,0.1,166.0,0.91,190.52,0.9,156.0,0.92,85.28,0.93,50.0,0.01,0.01,2319.3943,1776236446000
1776236935.675,235.675,0.08,59.81,0.07,50.0,0.09,222.52,0.1,156.0,0.91,227.52,0.9,166.0,0.92,65.06,0.93,50.0,0.01,0.01,2319.3943,1776236446000
1776236936.728,236.728,0.08,54.81,0.07,60.0,0.09,205.85,0.1,226.0,0.91,222.52,0.9,156.0,0.92,59.81,0.93,50.0,0.01,0.01,2319.3943,1776236446000
1776236938.405,238.405,0.08,36.75,0.07,60.0,0.09,211.85,0.1,221.0,0.91,205.85,0.9,226.0,0.92,54.81,0.93,60.0,0.01,0.01,2319.3943,1776236446000
1776236939.424,239.424,0.08,33.48,0.07,60.0,0.09,225.85,0.1,221.0,0.91,211.85,0.9,221.0,0.92,36.75,0.93,60.0,0.01,0.01,2319.3943,1776236446000
1776236939.961,239.961,0.07,43.48,0.06,10.0,0.09,215.85,0.1,221.0,0.91,225.85,0.9,221.0,0.92,33.48,0.93,60.0,0.02,0.01,2319.3943,1776236446000
1776236940.516,240.516,0.07,52.9,0.06,10.0,0.08,151.76,0.09,121.0,0.91,215.85,0.9,221.0,0.93,43.48,0.94,10.0,0.01,0.02,2319.3943,1776236446000
1776236940.789,240.789,0.07,22.78,0.06,10.0,0.08,171.76,0.09,121.0,0.92,176.76,0.91,121.0,0.93,42.26,0.94,10.0,0.01,0.01,2319.3943,1776236446000
1776236941.272,241.272,0.06,9.4,0.05,130.0,0.08,166.76,0.09,121.0,0.92,176.76,0.91,121.0,0.93,7.73,0.94,10.0,0.02,0.01,2319.3943,1776236446000
1776236941.567,241.567,0.06,1.3,0.05,130.0,0.07,14.0,0.08,151.76,0.92,161.76,0.91,121.0,0.94,4.4,0.95,130.0,0.01,0.02,2319.3943,1776236446000
1776236942.358,242.358,0.06,11.3,0.05,130.0,0.08,30.0,0.09,39.0,0.93,14.0,0.92,151.76,0.94,1.3,0.95,130.0,0.02,0.01,2319.3943,1776236446000
1776236942.61,242.61,0.07,39.84,0.06,33.13,0.08,30.0,0.09,18.0,0.92,30.0,0.91,18.0,0.93,42.84,0.94,28.13,0.01,0.01,2319.3943,1776236446000
1776236943.048,243.048,0.07,49.84,0.06,38.13,0.08,6.0,0.09,20.0,0.92,30.0,0.91,18.0,0.93,39.84,0.94,33.13,0.01,0.01,2319.3943,1776236446000
1776236943.337,243.337,0.08,14.94,0.07,44.84,0.09,20.0,0.1,85.0,0.92,6.0,0.91,20.0,0.93,49.84,0.94,38.13,0.01,0.01,2319.3943,1776236446000
1776236943.618,243.618,0.07,1.66,0.06,38.13,0.08,5.0,0.09,43.0,0.92,5.0,0.91,38.0,0.93,22.3,0.94,38.13,0.01,0.01,2319.3943,1776236446000
1776236944.014,244.014,0.07,0.58,0.06,28.13,0.08,69.86,0.09,66.96,0.92,13.86,0.91,68.0,0.93,1.66,0.94,33.13,0.01,0.01,2319.3943,1776236446000
1776236947.016,247.016,0.06,23.13,0.05,130.0,0.09,39.27,0.1,125.0,0.92,69.86,0.91,66.96,0.93,0.58,0.94,28.13,0.03,0.01,2319.3943,1776236446000
1776236947.363,247.363,0.06,28.13,0.05,130.0,0.08,19.22,0.09,44.27,0.91,39.27,0.9,125.0,0.94,23.13,0.95,130.0,0.02,0.03,2319.3943,1776236446000
1776236948.715,248.715,0.05,114.2,0.04,145.02,0.07,5.0,0.08,63.23,0.92,19.22,0.91,44.27,0.94,21.74,0.95,130.0,0.02,0.02,2319.3943,1776236446000
1776236949.436,249.436,0.05,136.44,0.04,56.22,0.07,7.06,0.08,68.23,0.93,5.0,0.92,63.23,0.95,114.2,0.96,145.02,0.02,0.02,2319.3943,1776236446000
1776236950.038,250.038,0.06,7.87,0.05,156.64,0.07,0.18,0.08,68.23,0.93,7.06,0.92,68.23,0.94,7.87,0.95,136.44,0.01,0.01,2319.3943,1776236446000
1776236950.729,250.729,0.07,99.82,0.06,17.87,0.08,68.23,0.09,59.0,0.93,0.18,0.92,68.23,0.94,7.87,0.95,156.64,0.01,0.01,2319.3943,1776236446000
1776236951.425,251.425,0.13,10.0,0.12,10.0,0.14,16.0,0.15,28.0,0.92,41.19,0.91,64.0,0.93,104.82,0.94,12.87,0.01,0.01,2319.3943,1776236446000
1776236951.699,251.699,0.15,9.52,0.14,10.0,0.16,70.0,0.17,77.0,0.84,94.7,0.83,100.5,0.86,10.0,0.87,15.0,0.01,0.02,2319.3943,1776236446000
1776236951.913,251.913,0.14,10.0,0.13,10.0,0.16,5.0,0.17,80.0,0.83,80.0,0.82,104.4,0.85,13.34,0.86,10.0,0.02,0.02,2319.3943,1776236446000
1776236952.361,252.361,0.21,10.0,0.2,15.0,0.23,77.0,0.24,93.86,0.83,80.0,0.82,85.0,0.86,15.0,0.87,10.0,0.02,0.03,2319.3943,1776236446000
1776236953.351,253.351,0.2,10.0,0.19,10.0,0.22,21.0,0.23,88.76,0.77,76.9,0.76,93.86,0.79,15.0,0.8,10.0,0.02,0.02,2319.3943,1776236446000
1776236954.059,254.059,0.19,5.0,0.17,10.0,0.21,10.99,0.22,12.29,0.78,22.29,0.77,88.76,0.8,10.0,0.81,10.0,0.02,0.02,2319.3943,1776236446000
1776236954.742,254.742,0.2,5.0,0.19,10.0,0.21,20.99,0.22,12.29,0.79,10.99,0.78,12.29,0.81,5.0,0.83,10.0,0.01,0.02,2319.3943,1776236446000
1776236955.682,255.682,0.18,5.0,0.17,10.0,0.21,25.99,0.22,18.15,0.79,20.99,0.78,12.29,0.8,5.0,0.81,10.0,0.03,0.01,2319.3943,1776236446000
1776236959.561,259.561,0.18,15.0,0.17,10.0,0.2,10.0,0.21,15.99,0.79,25.99,0.78,18.15,0.82,5.0,0.83,10.0,0.02,0.03,2319.3943,1776236446000
1776236960.753,260.753,0.17,10.45,0.16,60.0,0.18,5.0,0.19,80.0,0.8,10.0,0.79,15.99,0.82,15.0,0.83,10.0,0.01,0.02,2319.3943,1776236446000
1776236962.617,262.617,0.2,45.0,0.19,90.0,0.27,10.0,0.28,150.0,0.82,5.0,0.81,80.0,0.83,10.45,0.84,60.0,0.07,0.01,2319.3943,1776236446000
1776236964.114,264.114,0.25,30.0,0.24,10.0,0.28,7.85,0.29,27.5,0.73,1.75,0.72,131.67,0.74,10.0,0.75,10.0,0.03,0.01,2319.3943,1776236446000
1776236965.199,265.199,0.28,10.0,0.27,15.0,0.29,17.5,0.3,98.1,0.72,7.85,0.71,27.5,0.75,30.0,0.76,10.0,0.01,0.03,2319.3943,1776236446000
1776236965.505,265.505,0.28,2.08,0.27,15.0,0.3,86.0,0.31,75.0,0.71,17.5,0.7,98.1,0.72,10.0,0.73,15.0,0.02,0.01,2319.3943,1776236446000
1776236966.113,266.113,0.29,7.88,0.28,10.0,0.3,81.0,0.31,85.0,0.7,81.0,0.69,75.0,0.73,8.42,0.74,23.0,0.01,0.03,2319.3943,1776236446000
1776236966.707,266.707,0.29,7.88,0.28,10.0,0.3,81.08,0.31,80.0,0.7,81.0,0.69,85.0,0.71,7.88,0.72,10.0,0.01,0.01,2319.3943,1776236446000
1776236967.097,267.097,0.29,17.88,0.28,15.0,0.31,4.75,0.32,165.0,0.7,81.08,0.69,80.0,0.71,7.88,0.72,10.0,0.02,0.01,2319.3943,1776236446000
1776236969.017,269.017,0.3,15.0,0.29,12.88,0.31,15.89,0.32,165.0,0.69,5.0,0.68,165.0,0.7,9.31,0.71,12.88,0.01,0.01,2319.3943,1776236446000
1776236969.288,269.288,0.3,5.0,0.29,12.88,0.32,128.74,0.33,10.0,0.68,133.89,0.67,10.0,0.7,15.0,0.71,12.88,0.02,0.02,2319.3943,1776236446000
1776236969.505,269.505,0.28,10.0,0.27,10.0,0.3,5.0,0.31,10.0,0.68,122.74,0.67,10.0,0.74,22.24,0.75,80.0,0.02,0.06,2319.3943,1776236446000
1776236970.519,270.519,0.29,15.0,0.28,15.0,0.31,7.45,0.32,117.74,0.7,5.0,0.69,10.0,0.72,10.0,0.73,10.0,0.02,0.02,2319.3943,1776236446000
1776236971.275,271.275,0.29,20.0,0.28,15.0,0.3,2.0,0.31,7.45,0.69,7.45,0.68,117.74,0.71,15.0,0.72,15.0,0.01,0.02,2319.3943,1776236446000
1776236971.49,271.49,0.26,27.24,0.25,10.0,0.27,8.0,0.29,10.0,0.71,10.0,0.7,85.0,0.74,22.24,0.75,10.0,0.01,0.03,2319.3943,1776236446000
1776236971.854,271.854,0.23,13.24,0.22,25.0,0.29,10.0,0.3,86.26,0.71,20.0,0.7,86.26,0.73,15.0,0.74,9.24,0.06,0.02,2319.3943,1776236446000
1776236972.262,272.262,0.24,10.0,0.23,13.24,0.25,73.89,0.26,70.0,0.75,78.89,0.74,70.0,0.76,10.0,0.77,13.24,0.01,0.01,2319.3943,1776236446000
1776236972.501,272.501,0.24,8.68,0.23,10.0,0.25,73.89,0.26,70.0,0.75,73.89,0.74,70.0,0.76,10.0,0.77,13.24,0.01,0.01,2319.3943,1776236446000
1776236973.304,273.304,0.21,15.0,0.2,25.05,0.22,9.91,0.23,15.0,0.75,73.89,0.74,70.0,0.76,8.68,0.77,10.0,0.01,0.01,2319.3943,1776236446000
1776236973.526,273.526,0.21,15.0,0.2,15.05,0.22,1.04,0.23,15.0,0.78,2.91,0.77,15.0,0.79,15.0,0.8,15.05,0.01,0.01,2319.3943,1776236446000
1776236974.962,274.962,0.21,20.0,0.2,25.05,0.23,10.0,0.24,88.66,0.76,83.66,0.75,10.0,0.79,20.0,0.8,25.05,0.02,0.03,2319.3943,1776236446000
1776236975.492,275.492,0.2,20.95,0.19,10.0,0.23,10.0,0.24,88.66,0.77,10.0,0.76,88.66,0.79,20.0,0.8,25.05,0.03,0.02,2319.3943,1776236446000
1776236977.52,277.52,0.18,10.0,0.17,10.0,0.21,20.0,0.22,10.0,0.77,10.0,0.76,88.66,0.8,20.95,0.81,10.0,0.03,0.03,2319.3943,1776236446000
1776236977.744,277.744,0.18,15.61,0.17,10.0,0.2,14.83,0.21,15.0,0.81,6.0,0.8,20.0,0.82,15.61,0.83,10.0,0.02,0.01,2319.3943,1776236446000
1776236978.068,278.068,0.2,10.0,0.19,15.31,0.21,0.71,0.22,19.86,0.77,20.73,0.76,37.0,0.82,15.61,0.83,15.94,0.01,0.05,2319.3943,1776236446000
1776236978.562,278.562,0.2,15.05,0.19,15.31,0.23,17.68,0.24,26.0,0.79,0.71,0.78,19.86,0.8,10.0,0.81,15.31,0.03,0.01,2319.3943,1776236446000
1776236979.465,279.465,0.18,10.0,0.17,10.0,0.23,30.85,0.24,16.0,0.77,17.68,0.76,26.0,0.8,15.05,0.81,15.31,0.05,0.03,2319.3943,1776236446000
1776236979.783,279.783,0.19,10.0,0.18,15.61,0.2,50.0,0.22,15.0,0.77,50.29,0.76,15.0,0.79,15.0,0.8,10.0,0.01,0.02,2319.3943,1776236446000
1776236981.08,281.08,0.19,5.0,0.18,15.61,0.2,75.0,0.21,15.0,0.8,60.0,0.79,10.0,0.81,8.45,0.82,15.61,0.01,0.01,2319.3943,1776236446000
1776236981.425,281.425,0.18,9.51,0.17,10.0,0.2,59.0,0.21,15.0,0.8,54.0,0.79,15.0,0.81,5.0,0.82,15.61,0.02,0.01,2319.3943,1776236446000
1776236981.924,281.924,0.18,3.9,0.17,10.0,0.19,21.86,0.2,78.86,0.8,59.0,0.79,15.0,0.82,9.51,0.83,10.0,0.01,0.02,2319.3943,1776236446000
1776236983.546,283.546,0.17,15.94,0.16,10.0,0.19,40.06,0.2,78.86,0.81,21.86,0.8,78.86,0.82,3.9,0.83,10.0,0.02,0.01,2319.3943,1776236446000
1776236985.477,285.477,0.17,15.0,0.16,16.31,0.18,45.31,0.19,21.21,0.81,40.06,0.8,78.86,0.83,15.94,0.84,10.0,0.01,0.02,2319.3943,1776236446000
1776236986.414,286.414,0.14,9.41,0.13,10.0,0.17,67.9,0.18,44.46,0.82,45.31,0.81,21.21,0.83,2.95,0.84,16.31,0.03,0.01,2319.3943,1776236446000
1776236986.657,286.657,0.16,10.0,0.15,10.0,0.17,45.9,0.18,44.46,0.83,67.9,0.82,44.46,0.86,9.41,0.87,10.0,0.01,0.03,2319.3943,1776236446000
1776236987.115,287.115,0.15,7.88,0.14,16.62,0.16,110.86,0.17,28.04,0.84,55.0,0.83,45.9,0.85,10.0,0.86,16.62,0.01,0.01,2319.3943,1776236446000
1776236988.911,288.911,0.12,11.9,0.11,10.0,0.14,55.85,0.15,35.0,0.84,110.86,0.83,28.04,0.85,7.88,0.86,16.62,0.02,0.01,2319.3943,1776236446000
1776236989.94,289.94,0.11,24.18,0.1,10.0,0.12,26.83,0.13,36.0,0.86,55.85,0.85,35.0,0.88,11.9,0.89,10.0,0.01,0.02,2319.3943,1776236446000
1776236990.243,290.243,0.1,23.98,0.09,58.88,0.12,26.83,0.13,36.0,0.88,26.83,0.87,36.0,0.9,10.0,0.91,58.88,0.02,0.02,2319.3943,1776236446000
1776236990.576,290.576,0.09,29.99,0.08,10.0,0.11,29.86,0.12,26.83,0.88,26.83,0.87,36.0,0.9,16.09,0.91,63.88,0.02,0.02,2319.3943,1776236446000
1776236991.868,291.868,0.09,9.67,0.08,15.0,0.11,112.85,0.12,26.83,0.89,29.86,0.88,26.83,0.91,29.99,0.92,10.0,0.02,0.02,2319.3943,1776236446000
1776236992.334,292.334,0.07,5.0,0.06,10.0,0.09,26.19,0.1,36.86,0.89,132.85,0.88,26.83,0.97,39.76,0.98,401.0,0.02,0.08,2319.3943,1776236446000
1776236993.984,293.984,0.05,7.44,0.04,10.0,0.06,10.0,0.07,25.86,0.91,16.19,0.9,36.86,0.93,10.0,0.94,10.0,0.01,0.02,2319.3943,1776236446000
1776236994.562,294.562,0.04,15.0,0.03,16.76,0.05,2.0,0.06,25.86,0.94,15.0,0.93,20.86,0.96,15.0,0.97,16.76,0.01,0.02,2319.3943,1776236446000
1776236995.165,295.165,0.04,10.0,0.03,21.76,0.05,7.0,0.06,101.86,0.95,2.0,0.94,25.86,0.96,15.0,0.97,16.76,0.01,0.01,2319.3943,1776236446000
1776236995.688,295.688,0.03,10.71,0.02,401.0,0.05,110.86,0.06,87.0,0.95,40.86,0.94,101.86,0.96,8.95,0.97,21.76,0.02,0.01,2319.3943,1776236446000
1776236995.994,295.994,0.02,210.58,0.01,1443.0,0.04,89.86,0.05,36.99,0.96,79.86,0.95,18.36,0.98,311.61,0.99,1443.0,0.02,0.02,2319.3943,1776236446000
1776236996.347,296.347,0.02,205.47,0.01,1443.0,0.04,89.86,0.05,36.99,0.96,89.86,0.95,36.99,0.98,210.58,0.99,1443.0,0.02,0.02,2319.3943,1776236446000
1776236996.547,296.547,0.02,135.08,0.01,1343.0,0.04,258.86,0.05,36.99,0.96,258.86,0.95,36.99,0.98,135.08,0.99,1343.0,0.02,0.02,2319.3943,1776236446000
1776236997.089,297.089,0.02,139.47,0.01,1343.0,0.04,216.76,0.05,36.99,0.96,201.76,0.95,36.99,0.98,97.97,0.99,1343.0,0.02,0.02,2319.3943,1776236446000
1776236997.322,297.322,0.02,118.04,0.01,1343.0,0.03,213.86,0.04,46.61,0.96,216.76,0.95,36.99,0.98,139.47,0.99,1343.0,0.01,0.02,2319.3943,1776236446000
1776236997.523,297.523,0.01,966.23,,,0.03,213.86,0.04,46.61,0.97,213.86,0.96,46.61,0.99,979.97,,,0.02,0.02,2319.3943,1776236446000
1776236997.796,297.796,0.01,646.25,,,0.03,236.83,0.04,46.61,0.97,231.83,0.96,41.61,0.99,647.27,,,0.02,0.02,2319.3943,1776236446000
1776236998.017,298.017,0.01,529.26,,,0.03,236.83,0.04,46.61,0.97,236.83,0.96,46.61,0.99,562.55,,,0.02,0.02,2319.3943,1776236446000
1776236998.292,298.292,0.01,354.19,,,0.03,251.83,0.04,46.61,0.97,241.83,0.96,46.61,0.99,356.19,,,0.02,0.02,2319.3943,1776236446000
1776236998.492,298.492,0.01,37.18,,,0.03,251.83,0.04,46.61,0.97,251.83,0.96,46.61,0.99,38.29,,,0.02,0.02,2319.3943,1776236446000
1776236999.068,299.068,,,,,0.01,4841.96,0.02,16.0,0.99,12.82,0.97,246.83,,,,,,,2319.3943,1776236446000
1776236999.459,299.459,,,,,0.01,6292.53,0.02,16.0,0.99,4910.82,0.98,16.0,,,,,,,2319.3943,1776236446000
1776237000.66,300.66,,,,,0.01,44748.51,0.02,22.0,0.99,6292.53,0.98,16.0,,,,,,,2319.3943,1776236446000
