timestamp,elapsed_sec,up_bid_p1,up_bid_s1,up_bid_p2,up_bid_s2,up_ask_p1,up_ask_s1,up_ask_p2,up_ask_s2,down_bid_p1,down_bid_s1,down_bid_p2,down_bid_s2,down_ask_p1,down_ask_s1,down_ask_p2,down_ask_s2,up_spread,down_spread,eth_price,eth_oracle_ts
1776383401.339,1.339,0.4,5.0,0.39,67.0,0.5,11.2,0.51,6.0,0.5,11.2,0.49,6.0,0.6,5.0,0.61,67.0,0.1,0.1,2349.117098,1776383400000
1776383401.554,1.554,0.45,31.88,0.44,228.0,0.5,32.2,0.51,24.0,0.5,11.2,0.49,6.0,0.6,5.0,0.61,67.0,0.05,0.1,2349.117098,1776383400000
1776383402.007,2.007,0.45,31.88,0.44,228.0,0.5,32.2,0.51,24.0,0.5,32.2,0.49,24.0,0.55,31.88,0.56,228.0,0.05,0.05,2349.095789,1776383401000
1776383402.466,2.466,0.48,5.0,0.45,31.88,0.5,35.04,0.51,24.0,0.5,32.2,0.49,24.0,0.55,31.88,0.56,228.0,0.02,0.05,2349.095789,1776383401000
1776383403.679,3.679,0.48,5.0,0.45,31.88,0.5,35.04,0.51,24.0,0.5,35.04,0.49,24.0,0.52,5.0,0.55,31.88,0.02,0.02,2349.068426,1776383402000
1776383404.344,4.344,0.48,5.0,0.45,31.88,0.5,35.04,0.51,24.0,0.5,35.04,0.49,24.0,0.52,5.0,0.55,31.88,0.02,0.02,2349.058117,1776383403000
1776383404.573,4.573,0.45,13.88,0.44,215.0,0.48,19.91,0.49,12.0,0.5,13.1,0.49,61.0,0.55,13.88,0.56,215.0,0.03,0.05,2349.058117,1776383403000
1776383405.157,5.157,0.45,13.88,0.44,215.0,0.48,19.91,0.49,12.0,0.52,19.91,0.51,12.0,0.55,13.88,0.56,215.0,0.03,0.03,2349.057622,1776383404000
1776383405.465,5.465,0.45,12.88,0.44,215.0,0.48,5.0,0.49,12.0,0.52,19.91,0.51,12.0,0.55,13.88,0.56,215.0,0.03,0.03,2349.057622,1776383404000
1776383405.932,5.932,0.45,12.88,0.44,210.0,0.47,2.87,0.48,17.0,0.52,5.0,0.51,12.0,0.55,12.88,0.56,215.0,0.02,0.03,2349.057622,1776383404000
1776383406.678,6.678,0.45,12.88,0.44,210.0,0.47,2.87,0.48,17.0,0.53,2.87,0.52,17.0,0.55,12.88,0.56,210.0,0.02,0.02,2348.96504,1776383405000
1776383406.896,6.896,0.46,5.0,0.45,7.88,0.47,7.87,0.48,10.0,0.53,2.87,0.52,17.0,0.55,12.88,0.56,210.0,0.01,0.02,2348.96504,1776383405000
1776383407.426,7.426,0.46,5.0,0.45,7.88,0.47,7.87,0.48,10.0,0.53,7.87,0.52,10.0,0.54,5.0,0.55,7.88,0.01,0.01,2348.960791,1776383406000
1776383407.664,7.664,0.46,5.0,0.45,7.88,0.48,3.07,0.49,12.0,0.53,7.87,0.52,10.0,0.54,5.0,0.55,7.88,0.02,0.01,2348.960791,1776383406000
1776383408.234,8.234,0.46,5.0,0.45,7.88,0.48,3.07,0.49,12.0,0.52,3.07,0.51,12.0,0.54,5.0,0.55,7.88,0.02,0.02,2348.910207,1776383407000
1776383409.617,9.617,0.46,5.0,0.45,7.88,0.48,3.07,0.49,12.0,0.52,3.07,0.51,12.0,0.54,5.0,0.55,7.88,0.02,0.02,2348.912391,1776383408000
1776383410.359,10.359,0.47,108.5,0.46,77.5,0.48,10.0,0.5,3.1,0.52,3.07,0.51,12.0,0.54,5.0,0.55,7.88,0.01,0.02,2348.912391,1776383408000
1776383411.2,11.2,0.5,25.0,0.49,90.5,0.51,6.5,0.54,60.0,0.49,6.5,0.46,60.0,0.5,25.0,0.51,90.5,0.01,0.01,2348.920045,1776383410000
1776383411.622,11.622,0.5,39.0,0.49,97.5,0.51,3.77,0.54,10.0,0.49,2.65,0.46,10.0,0.5,44.0,0.51,97.5,0.01,0.01,2348.920045,1776383410000
1776383412.611,12.611,0.5,64.0,0.49,167.5,0.51,3.77,0.53,10.5,0.49,3.77,0.46,10.0,0.5,39.0,0.51,97.5,0.01,0.01,2349.021899,1776383411000
1776383413.061,13.061,0.52,19.79,0.51,21.23,0.53,10.5,0.55,23.0,0.47,10.5,0.45,23.0,0.49,16.23,0.5,84.0,0.01,0.02,2349.021899,1776383411000
1776383415.033,15.033,0.54,5.0,0.53,75.0,0.55,23.68,0.56,19.5,0.47,10.5,0.45,23.0,0.48,19.79,0.49,21.23,0.01,0.01,2349.174779,1776383413000
1776383416.454,16.454,0.54,5.0,0.53,81.0,0.55,20.5,0.56,19.5,0.45,23.68,0.44,19.5,0.46,5.0,0.47,75.0,0.01,0.01,2349.268948,1776383415000
1776383416.731,16.731,0.54,1.17,0.53,81.0,0.55,10.5,0.56,19.5,0.45,4.27,0.44,19.5,0.46,5.0,0.47,81.0,0.01,0.01,2349.268948,1776383415000
1776383417.091,17.091,0.54,1.17,0.53,91.0,0.55,5.5,0.56,39.2,0.45,10.5,0.44,19.5,0.46,1.17,0.47,81.0,0.01,0.01,2349.268948,1776383415000
1776383417.785,17.785,0.52,25.0,0.51,10.0,0.53,95.7,0.54,177.95,0.45,5.5,0.44,39.2,0.46,1.17,0.47,91.0,0.01,0.01,2349.310655,1776383416000
1776383418.444,18.444,0.5,15.0,0.49,75.0,0.52,70.5,0.53,81.5,0.47,95.7,0.46,177.95,0.48,25.0,0.49,10.0,0.02,0.01,2349.310655,1776383416000
1776383418.748,18.748,0.5,1.16,0.49,75.0,0.51,5.0,0.52,65.5,0.48,70.5,0.47,81.5,0.5,15.0,0.51,75.0,0.01,0.02,2349.280185,1776383417000
1776383419.203,19.203,0.49,75.0,0.48,123.91,0.5,71.5,0.51,76.16,0.48,64.92,0.47,76.5,0.5,1.16,0.51,75.0,0.01,0.02,2349.280105,1776383418000
1776383419.878,19.878,0.49,73.03,0.48,116.0,0.5,67.93,0.51,34.5,0.5,45.0,0.49,76.16,0.51,73.03,0.52,123.91,0.01,0.01,2349.280105,1776383418000
1776383420.292,20.292,0.49,80.03,0.48,126.0,0.5,41.7,0.51,44.5,0.5,67.93,0.49,34.5,0.51,73.03,0.52,116.0,0.01,0.01,2349.142797,1776383419000
1776383421.529,21.529,0.49,170.47,0.48,203.5,0.53,10.0,0.54,5.0,0.5,46.7,0.49,44.5,0.51,78.06,0.52,126.0,0.04,0.01,2349.077249,1776383420000
1776383423.447,23.447,0.54,55.01,0.53,38.5,0.56,5.0,0.57,40.0,0.47,10.0,0.46,5.0,0.51,170.47,0.52,208.5,0.02,0.04,2349.117278,1776383422000
1776383425.568,25.568,0.56,5.0,0.55,10.0,0.57,48.5,0.58,29.5,0.44,5.0,0.43,40.0,0.46,55.01,0.47,38.5,0.01,0.02,2349.318212,1776383424000
1776383425.783,25.783,0.54,75.0,0.53,95.5,0.56,13.21,0.57,41.5,0.43,48.5,0.42,29.5,0.44,5.0,0.45,10.0,0.02,0.01,2349.318212,1776383424000
1776383426.168,26.168,0.54,70.0,0.53,90.5,0.56,6.0,0.57,48.5,0.45,1.0,0.44,10.0,0.46,75.0,0.47,100.5,0.02,0.01,2349.350646,1776383425000
1776383426.471,26.471,0.54,70.0,0.53,95.5,0.55,0.92,0.56,36.5,0.44,6.0,0.43,48.5,0.46,70.0,0.47,90.5,0.01,0.02,2349.350646,1776383425000
1776383426.691,26.691,0.54,70.0,0.53,95.5,0.56,36.5,0.57,48.5,0.45,0.92,0.44,36.5,0.46,70.0,0.47,95.5,0.02,0.01,2349.350646,1776383425000
1776383427.128,27.128,0.54,64.13,0.53,95.5,0.56,16.0,0.57,58.5,0.44,36.5,0.43,48.5,0.46,70.0,0.47,95.5,0.02,0.02,2349.350646,1776383425000
1776383428.047,28.047,0.54,56.95,0.53,90.5,0.56,5.0,0.57,58.5,0.44,10.0,0.43,58.5,0.46,64.13,0.47,95.5,0.02,0.02,2349.37375,1776383426000
1776383429.66,29.66,0.55,10.0,0.54,92.45,0.56,5.0,0.57,43.0,0.44,5.0,0.43,58.5,0.46,56.95,0.47,90.5,0.01,0.02,2349.324775,1776383428000
1776383430.037,30.037,0.55,10.0,0.54,183.36,0.57,31.0,0.59,40.0,0.44,5.0,0.43,43.0,0.45,10.0,0.46,92.45,0.02,0.01,2349.324775,1776383428000
1776383430.475,30.475,0.58,11.0,0.56,11.0,0.59,30.0,0.6,125.0,0.41,30.0,0.4,125.0,0.44,5.0,0.45,15.91,0.01,0.03,2349.34502,1776383429000
1776383431.615,31.615,0.58,11.0,0.57,15.5,0.59,1.56,0.6,118.0,0.41,30.0,0.4,125.0,0.42,11.0,0.44,11.0,0.01,0.01,2349.34502,1776383429000
1776383432.919,32.919,0.56,25.18,0.55,15.5,0.59,7.0,0.6,133.5,0.41,1.56,0.4,118.0,0.42,11.0,0.43,15.5,0.03,0.01,2349.464191,1776383431000
1776383434.768,34.768,0.57,16.0,0.56,26.18,0.59,9.0,0.6,143.5,0.4,133.5,0.39,48.5,0.44,43.18,0.45,15.5,0.02,0.04,2349.548905,1776383433000
1776383439.986,39.986,0.54,71.95,0.53,100.0,0.6,247.5,0.61,38.5,0.41,9.0,0.4,143.5,0.43,16.0,0.44,26.18,0.06,0.02,2349.567265,1776383439000
1776383440.808,40.808,0.55,2.02,0.54,56.42,0.56,15.0,0.57,33.5,0.44,15.5,0.43,5.0,0.46,56.42,0.47,141.41,0.01,0.02,2349.567265,1776383439000
1776383442.446,42.446,0.54,10.0,0.53,45.5,0.55,9.45,0.56,52.5,0.44,15.0,0.43,33.5,0.45,2.02,0.46,56.42,0.01,0.01,2349.337326,1776383441000
1776383446.859,46.859,0.55,78.5,0.54,90.5,0.56,25.0,0.57,29.0,0.45,9.45,0.44,52.5,0.46,10.0,0.47,45.5,0.01,0.01,2349.29992,1776383445000
1776383450.351,50.351,0.58,5.0,0.56,28.0,0.59,8.0,0.6,25.0,0.44,25.0,0.43,29.0,0.45,78.5,0.46,90.5,0.01,0.01,2349.424317,1776383449000
1776383450.552,50.552,0.58,38.0,0.57,19.91,0.6,10.61,0.61,21.0,0.4,24.61,0.39,31.0,0.42,20.0,0.44,17.0,0.02,0.02,2349.424317,1776383449000
1776383451.744,51.744,0.59,15.0,0.58,20.5,0.6,26.44,0.61,27.0,0.4,10.61,0.39,21.0,0.42,38.0,0.43,19.91,0.01,0.02,2349.430272,1776383450000
1776383452.038,52.038,0.59,35.5,0.58,25.5,0.6,17.5,0.61,29.0,0.4,26.44,0.39,27.0,0.41,15.0,0.42,20.5,0.01,0.01,2349.430272,1776383450000
1776383453.339,53.339,0.59,48.5,0.58,25.5,0.6,15.83,0.61,21.0,0.4,17.5,0.39,29.0,0.41,35.5,0.42,25.5,0.01,0.01,2349.616432,1776383452000
1776383454.048,54.048,0.59,53.5,0.58,28.41,0.6,10.83,0.61,15.0,0.4,15.83,0.39,21.0,0.41,48.5,0.42,25.5,0.01,0.01,2349.616432,1776383452000
1776383458.215,58.215,0.59,29.5,0.58,100.5,0.6,2.49,0.61,10.0,0.4,2.49,0.39,15.0,0.41,53.5,0.42,28.41,0.01,0.01,2349.646597,1776383456000
1776383462.259,62.259,0.59,27.0,0.58,90.5,0.6,0.82,0.61,5.0,0.4,2.49,0.39,10.0,0.41,29.5,0.42,100.5,0.01,0.01,2349.647156,1776383460000
1776383462.761,62.761,0.57,11.37,0.56,38.0,0.58,51.71,0.59,25.5,0.4,0.82,0.39,5.0,0.41,27.0,0.42,90.5,0.01,0.01,2349.644803,1776383461000
1776383463.009,63.009,0.55,2.21,0.54,13.0,0.56,125.0,0.57,25.5,0.44,12.0,0.43,25.5,0.45,12.9,0.46,13.0,0.01,0.01,2349.644803,1776383461000
1776383463.261,63.261,0.53,10.91,0.52,37.0,0.54,96.5,0.55,15.5,0.46,5.47,0.44,209.5,0.47,0.39,0.48,37.0,0.01,0.01,2349.644803,1776383461000
1776383463.781,63.781,0.53,1.88,0.51,15.5,0.54,169.29,0.55,43.5,0.46,138.5,0.45,20.5,0.47,6.99,0.49,5.0,0.01,0.01,2349.668956,1776383462000
1776383464.107,64.107,0.5,60.5,0.49,81.12,0.52,39.0,0.54,76.5,0.46,169.29,0.45,43.5,0.47,1.88,0.49,15.5,0.02,0.01,2349.669041,1776383463000
1776383464.59,64.59,0.5,75.5,0.49,81.12,0.51,0.39,0.52,58.0,0.48,39.0,0.46,76.5,0.5,60.5,0.51,81.12,0.01,0.02,2349.669041,1776383463000
1776383469.087,69.087,0.49,91.62,0.48,75.0,0.5,3.0,0.51,20.35,0.49,0.39,0.48,58.0,0.5,75.5,0.51,81.12,0.01,0.01,2349.010232,1776383468000
1776383469.352,69.352,0.49,91.62,0.48,75.0,0.51,25.55,0.52,20.0,0.5,3.0,0.49,20.35,0.51,91.62,0.52,75.0,0.02,0.01,2349.010232,1776383468000
1776383469.752,69.752,0.49,93.62,0.48,75.0,0.51,25.35,0.52,20.0,0.49,15.55,0.48,20.0,0.5,1.0,0.51,91.62,0.02,0.01,2349.010232,1776383468000
1776383470.022,70.022,0.49,86.62,0.48,80.0,0.51,15.35,0.52,20.0,0.49,25.35,0.48,20.0,0.51,93.62,0.52,75.0,0.02,0.02,2349.010232,1776383468000
1776383473.58,73.58,0.49,21.62,0.48,85.5,0.5,8.04,0.51,20.35,0.49,15.35,0.48,20.0,0.51,86.62,0.52,80.0,0.01,0.02,2348.995747,1776383472000
1776383483.143,83.143,0.49,21.62,0.48,50.5,0.5,51.0,0.51,52.35,0.5,8.04,0.49,20.35,0.51,21.62,0.52,85.5,0.01,0.01,2348.98626,1776383481000
1776383484.436,84.436,0.49,1.12,0.48,35.0,0.5,181.71,0.51,192.85,0.5,51.0,0.49,52.35,0.51,21.62,0.52,50.5,0.01,0.01,2348.978065,1776383483000
1776383487.681,87.681,0.47,56.5,0.46,22.0,0.48,20.81,0.49,5.0,0.5,185.71,0.49,192.85,0.52,35.0,0.53,25.0,0.01,0.02,2348.809096,1776383486000
1776383487.969,87.969,0.47,45.68,0.46,22.0,0.48,15.81,0.49,10.0,0.52,15.81,0.51,5.0,0.53,49.61,0.54,22.0,0.01,0.01,2348.809096,1776383486000
1776383488.281,88.281,0.47,14.45,0.46,22.0,0.48,15.81,0.49,5.0,0.52,15.81,0.51,10.0,0.53,18.3,0.54,22.0,0.01,0.01,2348.80039,1776383487000
1776383488.71,88.71,0.47,2.92,0.46,22.0,0.48,15.81,0.49,5.0,0.52,15.81,0.51,5.0,0.53,7.45,0.54,22.0,0.01,0.01,2348.80039,1776383487000
1776383488.962,88.962,0.49,1.07,0.48,25.5,0.5,15.0,0.51,10.0,0.52,15.81,0.51,5.0,0.53,2.92,0.54,22.0,0.01,0.01,2348.80039,1776383487000
1776383490.592,90.592,0.54,47.63,0.53,20.5,0.55,15.0,0.56,10.5,0.49,10.0,0.47,10.0,0.51,54.57,0.52,109.5,0.01,0.02,2348.881514,1776383489000
1776383492.574,92.574,0.54,20.13,0.53,30.5,0.55,69.02,0.56,15.5,0.45,15.0,0.44,10.5,0.46,47.63,0.47,20.5,0.01,0.01,2349.257574,1776383491000
1776383501.702,101.702,0.54,15.63,0.53,30.5,0.55,0.24,0.56,25.0,0.45,69.02,0.44,15.5,0.46,20.13,0.47,30.5,0.01,0.01,2349.198985,1776383495000
1776383512.342,112.342,0.43,7.86,0.42,105.0,0.44,63.0,0.45,20.0,0.45,0.24,0.44,25.0,0.46,15.63,0.47,30.5,0.01,0.01,2349.17208,1776383511000
1776383512.632,112.632,0.43,3.93,0.42,105.0,0.44,95.0,0.45,20.0,0.56,63.0,0.55,20.0,0.57,7.86,0.58,105.0,0.01,0.01,2349.17208,1776383511000
1776383512.934,112.934,0.43,0.07,0.42,105.0,0.44,115.0,0.45,35.5,0.56,95.0,0.55,20.0,0.57,3.93,0.58,105.0,0.01,0.01,2349.17208,1776383511000
1776383514.385,114.385,0.42,122.5,0.41,30.0,0.43,6.09,0.44,40.0,0.56,115.0,0.55,35.5,0.57,0.07,0.58,105.0,0.01,0.01,2348.787636,1776383512000
1776383517.632,117.632,0.42,122.5,0.41,100.0,0.43,71.74,0.44,50.0,0.57,6.09,0.56,40.0,0.58,122.5,0.59,30.0,0.01,0.01,2348.794605,1776383515000
1776383524.686,124.686,0.43,58.5,0.42,196.5,0.44,3.92,0.45,25.19,0.57,66.7,0.56,50.0,0.58,122.5,0.59,100.0,0.01,0.01,2348.805178,1776383523000
1776383525.274,125.274,0.45,70.5,0.44,85.5,0.48,5.0,0.5,10.0,0.55,24.11,0.54,10.0,0.57,58.5,0.58,196.5,0.03,0.02,2348.800589,1776383524000
1776383525.557,125.557,0.52,22.54,0.51,10.5,0.53,71.4,0.54,50.0,0.47,71.4,0.46,50.0,0.48,20.0,0.49,10.5,0.01,0.01,2348.800589,1776383524000
1776383526.83,126.83,0.52,53.24,0.51,15.5,0.53,11.16,0.54,55.0,0.47,71.4,0.46,70.63,0.48,20.24,0.49,10.5,0.01,0.01,2348.831453,1776383525000
1776383527.042,127.042,0.52,78.24,0.51,15.5,0.53,3.32,0.54,65.5,0.47,11.16,0.46,55.0,0.48,53.24,0.49,15.5,0.01,0.01,2348.831453,1776383525000
1776383527.812,127.812,0.52,86.44,0.51,15.5,0.53,36.72,0.54,35.0,0.47,3.32,0.46,65.5,0.48,78.24,0.49,15.5,0.01,0.01,2348.844377,1776383526000
1776383528.179,128.179,0.53,50.65,0.52,56.5,0.54,10.0,0.55,35.5,0.46,35.0,0.45,35.5,0.48,86.44,0.49,15.5,0.01,0.02,2348.844377,1776383526000
1776383528.417,128.417,0.53,73.3,0.52,56.5,0.54,10.0,0.55,35.5,0.46,10.0,0.45,35.5,0.47,50.65,0.48,56.5,0.01,0.01,2349.064626,1776383527000
1776383528.7,128.7,0.53,63.5,0.52,25.5,0.56,53.48,0.57,120.5,0.46,10.0,0.45,35.5,0.47,73.3,0.48,56.5,0.03,0.01,2349.064626,1776383527000
1776383529.175,129.175,0.55,28.05,0.54,25.5,0.56,13.48,0.57,35.0,0.44,10.0,0.43,50.5,0.45,28.05,0.46,25.5,0.01,0.01,2349.064626,1776383527000
1776383530.554,130.554,0.55,14.33,0.54,15.5,0.56,18.48,0.57,70.5,0.44,13.48,0.43,40.0,0.45,16.56,0.46,25.5,0.01,0.01,2349.131931,1776383528000
1776383530.894,130.894,0.54,4.33,0.53,35.5,0.56,18.48,0.57,70.5,0.44,18.48,0.43,70.5,0.45,14.33,0.46,15.5,0.02,0.01,2349.131931,1776383528000
1776383531.472,131.472,0.54,11.0,0.53,35.5,0.55,25.34,0.56,11.14,0.44,18.48,0.43,70.5,0.46,4.33,0.47,35.5,0.01,0.02,2349.177515,1776383529000
1776383536.868,136.868,0.5,107.0,0.49,120.5,0.51,55.63,0.52,20.5,0.45,25.34,0.44,11.14,0.46,11.0,0.47,35.5,0.01,0.01,2349.174005,1776383535000
1776383537.215,137.215,0.5,86.3,0.49,120.5,0.51,75.63,0.52,35.5,0.49,65.63,0.48,25.5,0.5,90.22,0.51,120.5,0.01,0.01,2349.171325,1776383536000
1776383537.727,137.727,0.5,78.96,0.49,120.5,0.51,85.63,0.52,25.5,0.49,75.63,0.48,35.5,0.5,86.3,0.51,120.5,0.01,0.01,2349.171325,1776383536000
1776383540.203,140.203,0.5,57.5,0.49,62.5,0.51,5.0,0.52,5.0,0.49,85.63,0.48,25.5,0.5,78.96,0.51,120.5,0.01,0.01,2349.055755,1776383539000
1776383540.944,140.944,0.56,73.63,0.55,10.0,0.57,45.5,0.58,144.89,0.47,5.0,0.46,5.0,0.49,27.5,0.5,25.5,0.01,0.02,2349.055755,1776383539000
1776383541.25,141.25,0.55,10.0,0.51,35.0,0.56,117.5,0.57,55.5,0.43,45.5,0.42,144.89,0.44,73.63,0.45,10.0,0.01,0.01,2349.055755,1776383539000
1776383541.577,141.577,0.51,35.0,0.5,20.5,0.53,17.27,0.54,111.0,0.44,117.5,0.43,55.5,0.45,10.0,0.49,35.0,0.02,0.01,2349.103725,1776383540000
1776383541.885,141.885,0.51,45.5,0.5,20.5,0.52,33.69,0.53,11.77,0.47,17.27,0.46,111.0,0.49,35.0,0.5,20.5,0.01,0.02,2349.103725,1776383540000
1776383542.187,142.187,0.51,60.5,0.5,95.5,0.52,6.0,0.53,11.77,0.48,33.69,0.47,11.77,0.49,45.5,0.5,20.5,0.01,0.01,2349.14167,1776383541000
1776383542.492,142.492,0.52,10.5,0.51,50.5,0.53,7.84,0.54,15.0,0.47,11.77,0.46,15.0,0.49,55.5,0.5,95.5,0.01,0.02,2349.14167,1776383541000
1776383545.318,145.318,0.58,32.5,0.57,131.5,0.6,0.2,0.61,90.5,0.47,7.84,0.46,15.0,0.48,10.5,0.49,50.5,0.02,0.01,2349.158215,1776383544000
1776383545.602,145.602,0.59,43.5,0.58,36.5,0.61,90.5,0.62,22.0,0.4,0.2,0.39,90.5,0.42,32.5,0.43,131.5,0.02,0.02,2349.158215,1776383544000
1776383545.917,145.917,0.59,128.5,0.58,36.5,0.6,25.51,0.61,90.5,0.39,90.5,0.38,22.0,0.41,43.5,0.42,36.5,0.01,0.02,2349.158215,1776383544000
1776383546.223,146.223,0.59,128.5,0.58,36.5,0.6,21.64,0.61,90.5,0.4,25.51,0.39,90.5,0.41,128.5,0.42,36.5,0.01,0.01,2349.176147,1776383545000
1776383546.953,146.953,0.59,105.81,0.58,26.5,0.6,26.64,0.61,90.5,0.4,21.64,0.39,90.5,0.41,128.5,0.42,36.5,0.01,0.01,2349.176147,1776383545000
1776383547.367,147.367,0.59,93.81,0.58,26.5,0.6,76.64,0.61,90.5,0.4,26.64,0.39,90.5,0.41,105.81,0.42,26.5,0.01,0.01,2349.348723,1776383546000
1776383548.906,148.906,0.59,70.62,0.58,11.0,0.6,69.16,0.61,100.5,0.4,76.64,0.39,90.5,0.41,91.12,0.42,26.5,0.01,0.01,2349.44043,1776383547000
1776383550.986,150.986,0.56,5.0,0.55,31.5,0.57,73.58,0.58,20.5,0.4,69.16,0.39,100.5,0.41,70.62,0.42,11.0,0.01,0.01,2349.391228,1776383550000
1776383551.831,151.831,0.55,5.0,0.54,21.5,0.56,64.55,0.57,21.58,0.43,73.58,0.42,20.5,0.44,5.0,0.45,31.5,0.01,0.01,2349.391228,1776383550000
1776383554.705,154.705,0.55,5.0,0.54,11.0,0.56,127.6,0.57,173.64,0.44,64.55,0.43,21.58,0.45,5.0,0.46,21.5,0.01,0.01,2349.2648,1776383553000
1776383558.168,158.168,0.53,123.96,0.52,39.61,0.54,15.5,0.55,126.5,0.44,127.6,0.43,173.64,0.45,5.0,0.46,11.0,0.01,0.01,2349.222085,1776383556000
1776383559.068,159.068,0.51,35.0,0.5,10.0,0.53,64.5,0.54,56.86,0.46,15.5,0.45,126.5,0.47,118.96,0.48,39.61,0.02,0.01,2349.19946,1776383557000
1776383563.67,163.67,0.48,25.0,0.47,15.0,0.49,76.45,0.5,110.63,0.47,64.5,0.46,56.86,0.49,35.0,0.5,10.0,0.01,0.02,2349.01633,1776383562000
1776383564.272,164.272,0.48,1.07,0.47,5.0,0.49,66.45,0.5,221.89,0.51,76.45,0.5,110.63,0.52,25.0,0.53,15.0,0.01,0.01,2349.01579,1776383563000
1776383566.048,166.048,0.45,10.4,0.44,10.0,0.46,210.0,0.47,101.0,0.51,66.45,0.5,221.89,0.52,1.07,0.53,5.0,0.01,0.01,2349.011525,1776383564000
1776383568.007,168.007,0.43,20.5,0.42,145.5,0.45,114.0,0.46,100.5,0.54,210.0,0.53,101.0,0.55,10.4,0.56,10.0,0.02,0.01,2348.907763,1776383566000
1776383569.093,169.093,0.43,25.5,0.42,145.5,0.44,15.0,0.45,54.5,0.56,19.36,0.55,30.0,0.57,0.5,0.58,145.5,0.01,0.01,2348.85849,1776383567000
1776383570.58,170.58,0.44,81.5,0.43,53.87,0.47,105.81,0.48,35.0,0.56,10.0,0.55,54.5,0.57,25.5,0.58,145.5,0.03,0.01,2348.83994,1776383569000
1776383572.859,172.859,0.51,17.0,0.49,10.5,0.52,95.71,0.53,120.0,0.48,4.9,0.47,125.0,0.49,47.5,0.54,65.5,0.01,0.01,2348.88504,1776383571000
1776383573.12,173.12,0.51,6.79,0.5,10.5,0.52,105.71,0.53,130.0,0.48,95.71,0.47,120.0,0.49,17.0,0.5,10.5,0.01,0.01,2348.88504,1776383571000
1776383573.563,173.563,0.51,1.79,0.48,17.5,0.52,105.71,0.53,130.0,0.48,105.71,0.47,130.0,0.49,6.79,0.5,10.5,0.01,0.01,2349.097446,1776383572000
1776383573.899,173.899,0.49,1.09,0.48,7.0,0.51,20.5,0.52,110.71,0.48,105.71,0.47,130.0,0.49,1.79,0.52,17.5,0.02,0.01,2349.097446,1776383572000
1776383574.137,174.137,0.47,27.5,0.46,60.0,0.5,19.2,0.52,23.47,0.5,24.2,0.48,17.97,0.51,10.7,0.52,10.5,0.03,0.01,2349.092724,1776383573000
1776383574.67,174.67,0.48,11.88,0.47,17.5,0.49,5.0,0.52,12.97,0.5,19.2,0.48,23.47,0.53,27.5,0.54,60.0,0.01,0.03,2349.092724,1776383573000
1776383576.631,176.631,0.53,6.46,0.51,57.0,0.55,10.0,0.56,25.0,0.51,5.0,0.48,12.97,0.52,11.88,0.53,17.5,0.02,0.01,2349.074995,1776383574000
1776383577.239,177.239,0.59,49.0,0.57,70.0,0.6,10.0,0.61,125.0,0.45,10.0,0.44,25.0,0.47,6.46,0.49,57.0,0.01,0.02,2349.074995,1776383574000
1776383577.824,177.824,0.59,49.0,0.57,91.0,0.6,5.0,0.61,135.0,0.4,10.0,0.39,125.0,0.41,49.0,0.43,70.0,0.01,0.01,2349.106684,1776383576000
1776383578.645,178.645,0.59,29.39,0.57,96.0,0.61,135.0,0.62,15.0,0.39,135.0,0.38,15.0,0.41,49.0,0.43,91.0,0.02,0.02,2349.106684,1776383576000
1776383581.274,181.274,0.6,2.4,0.59,34.39,0.61,150.5,0.62,35.0,0.39,135.0,0.38,15.0,0.41,7.39,0.43,96.0,0.01,0.02,2349.324285,1776383579000
1776383581.727,181.727,0.58,10.0,0.57,33.0,0.61,249.5,0.62,105.0,0.39,150.5,0.38,35.0,0.4,2.4,0.41,34.39,0.03,0.01,2349.353585,1776383580000
1776383583.706,183.706,0.57,28.0,0.56,5.0,0.58,10.5,0.59,191.62,0.39,249.5,0.38,105.0,0.42,10.0,0.43,33.0,0.01,0.03,2349.303215,1776383582000
1776383585.045,185.045,0.52,67.0,0.51,142.54,0.53,93.18,0.55,6.0,0.42,10.5,0.41,154.62,0.43,28.0,0.44,5.0,0.01,0.01,2349.24335,1776383583000
1776383586.37,186.37,0.51,117.54,0.49,35.0,0.52,95.5,0.53,45.25,0.47,93.18,0.45,6.0,0.48,67.0,0.49,142.54,0.01,0.01,2349.229335,1776383584000
1776383587.652,187.652,0.51,105.72,0.49,35.0,0.52,257.5,0.53,26.5,0.48,95.5,0.47,45.25,0.49,117.54,0.51,35.0,0.01,0.01,2349.071323,1776383586000
1776383587.914,187.914,0.51,77.72,0.49,35.0,0.52,257.5,0.53,26.5,0.48,257.5,0.47,26.5,0.49,82.72,0.51,35.0,0.01,0.01,2349.071323,1776383586000
1776383588.234,188.234,0.51,16.72,0.49,35.0,0.52,252.5,0.53,78.78,0.48,257.5,0.47,78.78,0.49,21.72,0.51,35.0,0.01,0.01,2349.071323,1776383586000
1776383598.863,198.863,0.38,150.0,0.36,85.0,0.4,233.0,0.41,88.0,0.48,257.5,0.47,78.78,0.49,11.61,0.51,35.0,0.02,0.01,2348.785341,1776383597000
1776383600.728,200.728,0.28,4.71,0.27,5.0,0.3,309.0,0.31,196.32,0.6,233.0,0.59,88.0,0.62,150.0,0.64,85.0,0.02,0.02,2348.665535,1776383599000
1776383601.223,201.223,0.28,1.75,0.27,15.5,0.29,196.04,0.3,126.0,0.7,309.0,0.69,196.32,0.72,4.71,0.73,5.0,0.01,0.02,2348.41215,1776383600000
1776383601.505,201.505,0.28,0.36,0.27,15.5,0.29,196.04,0.3,121.0,0.71,196.04,0.7,126.0,0.72,1.75,0.73,15.5,0.01,0.01,2348.41215,1776383600000
1776383602.76,202.76,0.27,0.39,0.26,120.5,0.28,115.0,0.29,72.05,0.71,196.04,0.7,121.0,0.73,10.85,0.74,105.0,0.01,0.02,2348.289622,1776383601000
1776383603.767,203.767,0.26,13.68,0.25,115.0,0.27,151.0,0.28,16.0,0.72,115.0,0.71,72.05,0.73,0.39,0.74,120.5,0.01,0.01,2348.278763,1776383602000
1776383605.021,205.021,0.26,8.68,0.25,115.0,0.27,161.0,0.28,53.92,0.73,151.0,0.72,16.0,0.74,13.68,0.75,115.0,0.01,0.01,2348.264724,1776383604000
1776383606.246,206.246,0.22,10.43,0.21,5.0,0.23,171.0,0.24,43.0,0.73,161.0,0.72,53.92,0.74,8.68,0.75,115.0,0.01,0.01,2348.264083,1776383605000
1776383607.197,207.197,0.21,14.28,0.2,40.0,0.23,176.0,0.24,49.0,0.77,171.0,0.76,43.0,0.78,10.43,0.79,5.0,0.02,0.01,2348.264083,1776383605000
1776383607.977,207.977,0.2,32.96,0.19,15.0,0.21,204.33,0.22,62.27,0.77,176.0,0.76,49.0,0.79,14.28,0.8,40.0,0.01,0.02,2348.244201,1776383606000
1776383608.242,208.242,0.2,23.13,0.19,10.0,0.21,266.83,0.22,87.27,0.79,261.83,0.78,62.27,0.8,32.96,0.81,10.0,0.01,0.01,2348.244201,1776383606000
1776383609.855,209.855,0.14,4.94,0.13,15.0,0.16,172.0,0.17,58.16,0.79,256.83,0.78,102.33,0.81,10.0,0.82,10.0,0.02,0.02,2348.07157,1776383608000
1776383610.308,210.308,0.14,2.04,0.13,5.0,0.15,99.0,0.16,42.0,0.84,172.0,0.83,58.16,0.86,4.94,0.87,15.0,0.01,0.02,2347.856887,1776383609000
1776383610.542,210.542,0.12,4.09,0.1,60.0,0.13,87.0,0.14,5.0,0.86,5.0,0.85,114.0,0.88,4.09,0.89,5.0,0.01,0.02,2347.856887,1776383609000
1776383610.88,210.88,0.09,5.4,0.08,152.89,0.13,52.0,0.14,5.0,0.87,87.0,0.86,5.0,0.91,5.4,0.92,152.89,0.04,0.04,2347.856887,1776383609000
1776383611.415,211.415,0.12,6.25,0.11,10.5,0.13,188.96,0.14,11.0,0.87,41.0,0.86,11.0,0.91,4.3,0.92,152.89,0.01,0.04,2347.856887,1776383609000
1776383612.071,212.071,0.11,3.34,0.1,10.5,0.13,200.96,0.14,11.0,0.87,193.96,0.86,11.0,0.89,9.52,0.9,10.5,0.02,0.02,2347.779138,1776383610000
1776383613.721,213.721,0.11,0.21,0.1,20.5,0.13,200.96,0.14,16.0,0.87,200.96,0.86,11.0,0.89,2.21,0.9,10.5,0.02,0.02,2347.692037,1776383612000
1776383613.945,213.945,0.11,3.87,0.1,20.5,0.13,205.96,0.14,11.0,0.87,200.96,0.86,16.0,0.89,0.21,0.9,20.5,0.02,0.02,2347.692037,1776383612000
1776383614.437,214.437,0.11,3.87,0.1,10.5,0.12,193.0,0.13,36.0,0.87,205.96,0.86,11.0,0.89,3.87,0.9,20.5,0.01,0.02,2347.687401,1776383613000
1776383616.275,216.275,0.09,4.25,0.08,77.0,0.1,207.29,0.11,24.0,0.88,193.0,0.87,36.0,0.89,3.87,0.9,10.5,0.01,0.01,2347.632495,1776383615000
1776383616.78,216.78,0.08,68.93,0.07,25.37,0.1,117.03,0.11,19.0,0.9,51.7,0.89,29.0,0.92,75.2,0.93,40.99,0.02,0.02,2347.632495,1776383615000
1776383618.114,218.114,0.08,47.93,0.07,25.37,0.09,68.39,0.1,49.0,0.9,117.03,0.89,19.0,0.92,68.93,0.93,25.37,0.01,0.02,2347.588031,1776383617000
1776383618.85,218.85,0.08,44.66,0.07,25.37,0.09,68.39,0.1,49.0,0.91,68.39,0.9,49.0,0.92,47.93,0.93,25.37,0.01,0.01,2347.588031,1776383617000
1776383619.94,219.94,0.08,4.91,0.07,72.0,0.09,21.0,0.1,49.0,0.91,68.39,0.9,49.0,0.92,44.66,0.93,25.37,0.01,0.01,2347.599255,1776383618000
1776383621.088,221.088,0.07,127.99,0.06,142.8,0.09,20.0,0.1,48.0,0.91,21.0,0.9,49.0,0.92,4.91,0.93,72.0,0.02,0.01,2347.60013,1776383619000
1776383622.018,222.018,0.09,16.79,0.08,74.0,0.1,38.0,0.11,18.0,0.9,48.0,0.89,18.0,0.92,87.0,0.93,54.99,0.01,0.02,2347.609505,1776383620000
1776383622.58,222.58,0.09,10.02,0.08,74.0,0.1,103.33,0.11,18.0,0.9,38.0,0.89,18.0,0.91,16.79,0.92,74.0,0.01,0.01,2347.608039,1776383621000
1776383623.957,223.957,0.09,5.02,0.08,17.0,0.1,103.33,0.11,18.0,0.9,103.33,0.89,18.0,0.91,10.02,0.92,74.0,0.01,0.01,2347.58752,1776383622000
1776383625.207,225.207,0.09,7.7,0.08,17.0,0.1,153.33,0.11,18.0,0.9,103.33,0.89,18.0,0.91,2.82,0.92,17.0,0.01,0.01,2347.613607,1776383623000
1776383629.38,229.38,0.07,73.63,0.06,86.17,0.08,29.19,0.09,15.0,0.9,153.33,0.89,18.0,0.91,7.7,0.92,17.0,0.01,0.01,2347.58868,1776383628000
1776383630.209,230.209,0.07,73.63,0.06,79.8,0.08,19.19,0.09,15.0,0.92,29.19,0.91,15.0,0.93,73.63,0.94,86.17,0.01,0.01,2347.58868,1776383628000
1776383631.161,231.161,0.07,9.44,0.06,16.0,0.08,19.19,0.09,15.0,0.92,19.19,0.91,15.0,0.93,73.63,0.94,79.8,0.01,0.01,2347.574456,1776383630000
1776383631.464,231.464,0.07,4.98,0.06,16.0,0.08,60.46,0.09,15.0,0.92,19.19,0.91,15.0,0.93,9.44,0.94,16.0,0.01,0.01,2347.574456,1776383630000
1776383632.357,232.357,0.06,16.0,0.05,120.0,0.08,94.96,0.09,74.5,0.92,60.46,0.91,15.0,0.93,4.98,0.94,16.0,0.02,0.01,2347.574456,1776383630000
1776383633.281,233.281,0.06,1.0,0.05,120.0,0.07,154.77,0.08,124.4,0.93,5.0,0.92,94.96,0.94,6.0,0.95,120.0,0.01,0.01,2347.5656,1776383632000
1776383634.783,234.783,0.05,118.23,0.04,133.37,0.07,154.77,0.08,124.4,0.93,154.77,0.92,124.4,0.94,1.0,0.95,120.0,0.02,0.01,2347.439722,1776383633000
1776383635.059,235.059,0.05,113.17,0.04,133.37,0.06,16.0,0.07,174.77,0.93,154.77,0.92,124.4,0.95,118.23,0.96,133.37,0.01,0.02,2347.439722,1776383633000
1776383635.626,235.626,0.05,112.11,0.04,58.0,0.06,148.59,0.07,131.8,0.94,13.2,0.93,174.77,0.95,113.17,0.96,133.37,0.01,0.01,2347.432085,1776383634000
1776383636.055,236.055,0.05,112.11,0.04,360.79,0.06,46.59,0.07,33.0,0.94,148.59,0.93,131.8,0.95,112.11,0.96,58.0,0.01,0.01,2347.432085,1776383634000
1776383637.078,237.078,0.05,35.31,0.04,357.79,0.06,114.62,0.07,71.7,0.93,33.0,0.92,82.9,0.95,112.11,0.96,352.79,0.01,0.02,2347.39435,1776383635000
1776383637.655,237.655,0.05,9.06,0.04,327.17,0.06,114.62,0.07,71.7,0.94,114.62,0.93,71.7,0.95,35.31,0.96,357.79,0.01,0.01,2347.295182,1776383636000
1776383639.167,239.167,0.05,9.06,0.04,326.8,0.06,102.95,0.07,58.7,0.94,114.62,0.93,71.7,0.95,9.06,0.96,327.17,0.01,0.01,2347.511048,1776383637000
1776383639.567,239.567,0.05,102.64,0.04,385.42,0.06,102.95,0.07,58.7,0.94,102.95,0.93,58.7,0.95,9.06,0.96,326.8,0.01,0.01,2347.485563,1776383638000
1776383639.919,239.919,0.05,81.37,0.04,385.42,0.06,102.95,0.07,58.7,0.94,102.95,0.93,58.7,0.95,102.64,0.96,385.42,0.01,0.01,2347.485563,1776383638000
1776383640.191,240.191,0.05,71.64,0.04,385.42,0.06,107.95,0.07,58.7,0.94,107.95,0.93,58.7,0.95,80.21,0.96,385.42,0.01,0.01,2347.485563,1776383638000
1776383640.876,240.876,0.04,328.53,0.03,432.69,0.06,107.95,0.07,48.7,0.94,107.95,0.93,58.7,0.95,71.64,0.96,385.42,0.02,0.01,2347.520223,1776383639000
1776383642.287,242.287,0.04,293.91,0.03,744.06,0.05,40.51,0.06,15.0,0.94,107.95,0.93,48.7,0.96,328.53,0.97,432.69,0.01,0.02,2347.526871,1776383640000
1776383642.675,242.675,0.04,313.91,0.03,744.06,0.05,48.24,0.06,15.0,0.95,40.51,0.94,15.0,0.96,293.91,0.97,744.06,0.01,0.01,2347.526871,1776383640000
1776383643.99,243.99,0.04,285.8,0.03,734.06,0.05,44.24,0.06,15.0,0.95,48.24,0.94,15.0,0.96,313.91,0.97,744.06,0.01,0.01,2347.551654,1776383642000
1776383644.993,244.993,0.04,279.01,0.03,699.69,0.05,44.24,0.06,15.0,0.95,44.24,0.94,15.0,0.96,285.8,0.97,734.06,0.01,0.01,2347.547099,1776383643000
1776383645.35,245.35,0.04,177.13,0.03,699.69,0.05,44.24,0.06,15.0,0.95,44.24,0.94,15.0,0.96,279.01,0.97,699.69,0.01,0.01,2347.547099,1776383643000
1776383646.177,246.177,0.04,174.95,0.03,672.69,0.05,44.24,0.06,15.0,0.95,44.24,0.94,15.0,0.96,177.13,0.97,699.69,0.01,0.01,2347.548148,1776383645000
1776383647.813,247.813,0.03,755.69,0.02,1324.7,0.05,44.24,0.06,15.0,0.95,44.24,0.94,15.0,0.96,174.95,0.97,672.69,0.02,0.01,2347.550401,1776383646000
1776383648.226,248.226,0.03,741.92,0.02,1324.7,0.04,5.0,0.05,82.13,0.95,44.24,0.94,15.0,0.97,740.38,0.98,1324.7,0.01,0.02,2347.554595,1776383647000
1776383649.565,249.565,0.03,713.92,0.02,1324.7,0.04,16.3,0.05,53.89,0.96,5.0,0.95,82.13,0.97,741.92,0.98,1324.7,0.01,0.01,2347.554737,1776383648000
1776383649.859,249.859,0.03,704.77,0.02,1324.7,0.04,16.3,0.05,63.89,0.96,16.3,0.95,53.89,0.97,708.77,0.98,1324.7,0.01,0.01,2347.554737,1776383648000
1776383650.23,250.23,0.03,689.77,0.02,1324.7,0.04,16.3,0.05,63.89,0.96,16.3,0.95,63.89,0.97,695.77,0.98,1324.7,0.01,0.01,2347.5505,1776383649000
1776383650.524,250.524,0.03,674.77,0.02,924.7,0.04,16.3,0.05,73.89,0.96,16.3,0.95,63.89,0.97,667.15,0.98,1324.7,0.01,0.01,2347.5505,1776383649000
1776383651.134,251.134,0.03,353.31,0.02,724.7,0.04,16.3,0.05,53.89,0.96,16.3,0.95,63.89,0.97,370.77,0.98,924.7,0.01,0.01,2347.5505,1776383649000
1776383651.634,251.634,0.03,327.17,0.02,669.69,0.04,16.3,0.05,53.89,0.96,16.3,0.95,53.89,0.97,353.31,0.98,724.7,0.01,0.01,2347.553048,1776383650000
1776383652.453,252.453,0.03,349.1,0.02,669.69,0.04,67.3,0.05,58.89,0.96,16.3,0.95,53.89,0.97,327.17,0.98,669.69,0.01,0.01,2347.554232,1776383651000
1776383653.052,253.052,0.03,350.09,0.02,743.69,0.04,29.3,0.05,53.89,0.96,67.3,0.95,58.89,0.97,349.1,0.98,669.69,0.01,0.01,2347.554232,1776383651000
1776383653.269,253.269,0.03,350.09,0.02,743.69,0.09,15.0,0.1,37.0,0.95,33.89,0.91,5.0,0.97,350.09,0.98,743.69,0.06,0.02,2347.554232,1776383651000
1776383654.857,254.857,0.08,22.82,0.07,25.0,0.09,142.36,0.1,15.0,0.91,0.75,0.9,37.0,0.96,62.62,0.97,290.1,0.01,0.05,2347.554952,1776383653000
1776383655.302,255.302,0.08,15.72,0.07,45.0,0.09,119.36,0.1,10.0,0.91,142.36,0.9,15.0,0.92,22.82,0.93,25.0,0.01,0.01,2347.554952,1776383653000
1776383656.197,256.197,0.08,10.29,0.07,45.0,0.09,155.89,0.1,10.0,0.91,119.36,0.9,10.0,0.92,15.72,0.93,45.0,0.01,0.01,2347.554952,1776383653000
1776383657.5,257.5,0.08,23.29,0.07,25.0,0.09,100.33,0.1,10.0,0.91,155.89,0.9,10.0,0.92,5.29,0.93,30.0,0.01,0.01,2347.871016,1776383656000
1776383657.966,257.966,0.08,22.09,0.07,80.3,0.09,25.33,0.1,10.0,0.91,25.33,0.9,10.0,0.92,23.29,0.93,25.0,0.01,0.01,2347.87725,1776383657000
1776383658.261,258.261,0.07,80.3,0.06,113.8,0.08,11.11,0.09,49.44,0.91,25.33,0.9,10.0,0.92,22.09,0.93,80.3,0.01,0.01,2347.87725,1776383657000
1776383658.763,258.763,0.07,76.18,0.06,113.8,0.08,139.76,0.09,29.11,0.92,11.11,0.91,29.11,0.93,98.36,0.94,113.8,0.01,0.01,2347.87725,1776383657000
1776383659.101,259.101,0.07,89.99,0.06,113.8,0.08,147.76,0.09,21.11,0.92,139.76,0.91,29.11,0.93,76.18,0.94,113.8,0.01,0.01,2347.896812,1776383658000
1776383659.746,259.746,0.07,59.14,0.06,120.8,0.08,163.87,0.09,5.0,0.92,163.87,0.91,5.0,0.93,88.49,0.94,113.8,0.01,0.01,2347.896812,1776383658000
1776383660.623,260.623,0.06,7.0,0.05,75.8,0.08,163.87,0.09,10.0,0.92,163.87,0.91,5.0,0.93,59.14,0.94,120.8,0.02,0.01,2347.981321,1776383659000
1776383660.852,260.852,0.06,3.0,0.04,109.43,0.07,44.0,0.08,199.87,0.92,163.87,0.91,10.0,0.94,7.0,0.95,75.8,0.01,0.02,2347.981321,1776383659000
1776383661.832,261.832,0.04,88.85,0.03,254.09,0.07,187.45,0.08,15.0,0.92,175.87,0.91,15.0,0.94,3.0,0.96,109.43,0.03,0.02,2348.00738,1776383660000
1776383662.457,262.457,0.04,87.7,0.03,219.09,0.06,5.0,0.07,187.45,0.93,187.45,0.92,15.0,0.96,88.85,0.97,254.09,0.02,0.03,2347.99044,1776383661000
1776383663.362,263.362,0.04,15.63,0.03,163.47,0.08,32.47,0.09,5.0,0.94,5.0,0.93,187.45,0.96,87.7,0.97,219.09,0.04,0.02,2347.933063,1776383662000
1776383663.675,263.675,0.04,15.63,0.03,152.1,0.05,59.02,0.07,5.0,0.92,32.47,0.91,5.0,0.96,15.63,0.97,163.47,0.01,0.04,2347.933063,1776383662000
1776383664.86,264.86,0.04,14.48,0.03,147.1,0.05,43.09,0.07,205.63,0.95,59.02,0.93,5.0,0.96,15.63,0.97,152.1,0.01,0.01,2347.917263,1776383663000
1776383665.207,265.207,0.04,5.88,0.03,147.1,0.05,43.09,0.07,205.63,0.95,43.09,0.93,205.63,0.96,12.13,0.97,147.1,0.01,0.01,2347.917263,1776383663000
1776383665.427,265.427,0.03,129.14,0.02,610.69,0.05,43.09,0.06,5.0,0.95,43.09,0.94,5.0,0.96,0.67,0.97,147.1,0.02,0.01,2347.923627,1776383664000
1776383665.769,265.769,0.03,99.14,0.02,603.69,0.05,48.35,0.06,68.8,0.95,43.09,0.94,5.0,0.97,129.14,0.98,610.69,0.02,0.02,2347.923627,1776383664000
1776383667.951,267.951,0.02,597.69,0.01,4970.6,0.03,3.38,0.05,48.09,0.95,48.35,0.94,68.8,0.97,99.14,0.98,603.69,0.01,0.02,2347.90587,1776383666000
1776383668.365,268.365,0.02,341.0,0.01,2313.59,0.03,18.58,0.04,5.0,0.97,3.38,0.95,48.09,0.98,597.69,0.99,4970.6,0.01,0.01,2347.904703,1776383667000
1776383668.93,268.93,0.02,204.37,0.01,2218.59,0.03,28.89,0.04,98.7,0.97,18.58,0.96,5.0,0.98,294.37,0.99,2006.97,0.01,0.01,2347.904703,1776383667000
1776383669.423,269.423,0.02,184.37,0.01,2155.59,0.03,197.59,0.04,98.7,0.97,28.89,0.96,98.7,0.98,204.37,0.99,2218.59,0.01,0.01,2347.915841,1776383668000
1776383670.612,270.612,0.02,129.26,0.01,1796.59,0.03,207.59,0.04,120.7,0.97,197.59,0.96,98.7,0.98,184.37,0.99,2155.59,0.01,0.01,2347.82838,1776383669000
1776383671.009,271.009,0.02,129.26,0.01,1825.59,0.03,137.59,0.04,98.7,0.97,207.59,0.96,120.7,0.98,129.26,0.99,1796.59,0.01,0.01,2347.82838,1776383669000
1776383672.978,272.978,0.02,129.26,0.01,1724.59,0.03,109.4,0.04,103.91,0.97,137.59,0.96,98.7,0.98,129.26,0.99,1825.59,0.01,0.01,2347.705157,1776383671000
1776383673.25,273.25,0.02,120.37,0.01,1785.59,0.03,109.4,0.04,103.91,0.97,109.4,0.96,103.91,0.98,124.2,0.99,1706.97,0.01,0.01,2347.705972,1776383672000
1776383675.218,275.218,0.01,1346.11,,,0.03,20.15,0.04,33.21,0.97,109.4,0.96,103.91,0.98,120.37,0.99,1785.59,0.02,0.01,2347.720764,1776383674000
1776383675.546,275.546,0.01,1294.12,,,0.02,56.0,0.03,20.15,0.97,20.15,0.96,33.21,0.99,1346.11,,,0.01,0.02,2347.720764,1776383674000
1776383676.391,276.391,0.01,1276.07,,,0.02,66.0,0.03,54.15,0.98,66.0,0.97,20.15,0.99,1309.06,,,0.01,0.01,2347.720764,1776383674000
1776383677.722,277.722,0.01,1271.02,,,0.02,88.0,0.03,54.15,0.98,66.0,0.97,54.15,0.99,1276.07,,,0.01,0.01,2347.719419,1776383676000
1776383677.952,277.952,0.01,1269.0,,,0.02,88.0,0.03,44.15,0.98,88.0,0.97,54.15,0.99,1271.02,,,0.01,0.01,2347.719419,1776383676000
1776383678.743,278.743,0.01,1029.0,,,0.02,88.0,0.03,44.15,0.98,88.0,0.97,44.15,0.99,1269.0,,,0.01,0.01,2347.27279,1776383677000
1776383679.775,279.775,0.01,979.0,,,0.02,98.0,0.03,44.15,0.98,88.0,0.97,44.15,0.99,1029.0,,,0.01,0.01,2347.255231,1776383678000
1776383680.042,280.042,0.01,934.0,,,0.02,98.0,0.03,44.15,0.98,98.0,0.97,44.15,0.99,979.0,,,0.01,0.01,2347.255231,1776383678000
1776383680.403,280.403,0.01,930.98,,,0.02,88.0,0.03,44.15,0.98,98.0,0.97,44.15,0.99,932.0,,,0.01,0.01,2347.245435,1776383679000
1776383680.646,280.646,0.01,821.97,,,0.02,88.0,0.03,44.15,0.98,88.0,0.97,44.15,0.99,825.97,,,0.01,0.01,2347.245435,1776383679000
1776383680.863,280.863,0.01,798.93,,,0.02,88.0,0.03,44.15,0.98,88.0,0.97,44.15,0.99,813.93,,,0.01,0.01,2347.245435,1776383679000
1776383681.341,281.341,0.01,765.93,,,0.02,88.0,0.03,44.15,0.98,88.0,0.97,44.15,0.99,769.93,,,0.01,0.01,2347.242374,1776383680000
1776383681.562,281.562,,,,,0.01,303.07,0.02,88.0,0.98,88.0,0.97,44.15,0.99,696.93,,,,0.01,2347.242374,1776383680000
1776383681.989,281.989,,,,,0.01,832.01,0.02,81.0,0.99,303.07,0.98,88.0,,,,,,,2347.242374,1776383680000
1776383689.405,289.405,,,,,0.01,644.78,0.02,10.0,0.99,832.01,0.98,81.0,,,,,,,2347.10657,1776383688000
1776383695.452,295.452,,,,,0.01,1692.2,0.02,10.0,0.99,644.78,0.98,10.0,,,,,,,2347.132482,1776383694000
1776383696.431,296.431,,,,,0.01,1894.0,0.02,10.0,0.99,1692.2,0.98,10.0,,,,,,,2347.120988,1776383695000

# RESULT,winner=Down,slug=eth-updown-5m-1776383400,ticks=251
