timestamp,elapsed_sec,up_bid_p1,up_bid_s1,up_bid_p2,up_bid_s2,up_ask_p1,up_ask_s1,up_ask_p2,up_ask_s2,down_bid_p1,down_bid_s1,down_bid_p2,down_bid_s2,down_ask_p1,down_ask_s1,down_ask_p2,down_ask_s2,up_spread,down_spread,eth_price,eth_oracle_ts
1776391201.484,1.484,0.5,1.96,0.49,6.0,0.51,186.08,0.52,13.0,0.49,195.0,0.46,5.0,0.5,1.96,0.51,6.0,0.01,0.01,2335.817257,1776391200000
1776391202.305,2.305,0.4,5.0,0.34,70.0,0.45,48.16,0.51,194.27,0.49,176.27,0.48,13.0,0.5,1.96,0.51,6.0,0.05,0.01,2335.817257,1776391200000
1776391202.781,2.781,0.33,300.0,0.31,375.0,0.35,66.49,0.36,5.0,0.61,65.0,0.55,70.0,0.67,300.0,0.69,375.0,0.02,0.06,2335.81752,1776391201000
1776391203.502,3.502,0.36,83.88,0.34,70.0,0.38,14.0,0.39,65.0,0.65,66.49,0.64,5.0,0.67,320.95,0.68,5.0,0.02,0.02,2335.5447,1776391202000
1776391204.557,4.557,0.43,6.01,0.41,130.0,0.48,11.0,0.49,13.0,0.52,70.0,0.5,70.0,0.64,70.0,0.66,70.0,0.05,0.12,2335.11916,1776391203000
1776391205.132,5.132,0.48,7.0,0.47,10.0,0.49,10.0,0.5,85.0,0.52,11.0,0.51,13.0,0.57,6.01,0.59,130.0,0.01,0.05,2335.11916,1776391203000
1776391205.404,5.404,0.47,5.0,0.46,10.0,0.48,5.0,0.49,15.0,0.51,10.0,0.5,85.0,0.52,3.94,0.53,10.0,0.01,0.01,2335.188179,1776391204000
1776391206.04,6.04,0.39,13.52,0.38,95.72,0.43,29.2,0.44,10.0,0.52,10.0,0.51,4.89,0.53,2.96,0.54,10.0,0.04,0.01,2335.269742,1776391205000
1776391206.323,6.323,0.36,143.0,0.35,85.0,0.41,16.0,0.42,2.97,0.58,2.97,0.57,29.2,0.6,10.0,0.61,10.0,0.05,0.02,2335.269742,1776391205000
1776391206.588,6.588,0.38,10.0,0.37,34.0,0.4,22.62,0.41,10.0,0.6,26.0,0.59,10.0,0.61,1.6,0.62,10.0,0.02,0.01,2335.269742,1776391205000
1776391206.801,6.801,0.38,2.74,0.37,34.0,0.39,10.0,0.4,10.0,0.6,22.62,0.59,10.0,0.62,10.0,0.63,34.0,0.01,0.02,2335.269742,1776391205000
1776391207.748,7.748,0.39,10.0,0.38,123.75,0.4,9.0,0.41,10.0,0.61,10.0,0.6,10.0,0.63,34.0,0.64,130.0,0.01,0.02,2335.578153,1776391206000
1776391209.414,9.414,0.39,7.0,0.38,133.75,0.4,9.0,0.41,15.0,0.6,9.0,0.59,10.0,0.61,10.0,0.62,123.75,0.01,0.01,2335.150888,1776391208000
1776391209.615,9.615,0.39,7.0,0.38,140.2,0.41,5.0,0.42,7.97,0.6,9.0,0.59,15.0,0.61,7.0,0.62,133.75,0.02,0.01,2335.150888,1776391208000
1776391210.518,10.518,0.39,7.0,0.38,130.2,0.42,0.27,0.43,10.0,0.59,5.0,0.58,7.97,0.61,7.0,0.62,140.2,0.03,0.02,2335.052369,1776391209000
1776391212.136,12.136,0.4,117.54,0.39,132.0,0.41,22.0,0.42,15.0,0.58,0.27,0.57,10.0,0.61,7.0,0.62,130.2,0.01,0.03,2335.212427,1776391211000
1776391214.146,14.146,0.38,0.47,0.36,13.0,0.41,27.0,0.42,15.0,0.59,22.0,0.58,15.0,0.6,15.0,0.61,7.0,0.03,0.01,2335.200907,1776391213000
1776391214.588,14.588,0.38,0.47,0.36,17.15,0.39,5.0,0.4,85.0,0.59,27.0,0.58,15.0,0.62,0.47,0.64,13.0,0.01,0.03,2335.200907,1776391213000
1776391215.709,15.709,0.38,8.47,0.36,17.15,0.4,69.75,0.41,155.94,0.61,5.0,0.6,85.0,0.62,0.47,0.64,17.15,0.02,0.01,2335.191005,1776391214000
1776391217.078,17.078,0.4,22.0,0.39,40.0,0.41,35.94,0.44,120.0,0.6,69.75,0.59,155.94,0.62,8.47,0.64,17.15,0.01,0.02,2335.102199,1776391215000
1776391217.368,17.368,0.4,15.0,0.39,40.0,0.41,35.94,0.42,5.0,0.59,35.94,0.56,120.0,0.6,22.0,0.61,40.0,0.01,0.01,2335.102199,1776391215000
1776391217.749,17.749,0.4,22.0,0.39,65.0,0.41,24.44,0.44,120.0,0.59,35.94,0.58,5.0,0.6,15.0,0.61,40.0,0.01,0.01,2334.881971,1776391216000
1776391220.545,20.545,0.39,8.8,0.38,10.47,0.4,115.0,0.41,134.44,0.59,24.44,0.56,120.0,0.6,22.0,0.61,65.0,0.01,0.01,2335.095659,1776391219000
1776391221.876,21.876,0.4,57.0,0.39,33.8,0.41,12.48,0.42,5.0,0.6,115.0,0.59,134.44,0.61,8.8,0.62,10.47,0.01,0.01,2334.903089,1776391221000
1776391222.281,22.281,0.4,57.0,0.39,33.8,0.42,6.56,0.43,10.0,0.59,7.48,0.58,5.0,0.6,57.0,0.61,33.8,0.02,0.01,2334.903089,1776391221000
1776391226.895,26.895,0.36,21.35,0.35,110.0,0.39,17.0,0.4,21.0,0.58,6.56,0.57,10.0,0.6,57.0,0.61,33.8,0.03,0.02,2335.21204,1776391225000
1776391231.336,31.336,0.35,80.0,0.34,45.0,0.39,171.07,0.4,132.0,0.61,17.0,0.6,21.0,0.64,21.35,0.65,110.0,0.04,0.03,2334.876938,1776391230000
1776391233.031,33.031,0.37,10.0,0.36,10.0,0.38,16.77,0.39,221.07,0.61,171.07,0.6,132.0,0.65,80.0,0.66,45.0,0.01,0.04,2334.845853,1776391231000
1776391233.699,33.699,0.37,3.25,0.36,10.0,0.38,16.77,0.39,221.07,0.62,16.77,0.61,216.07,0.63,8.41,0.64,10.0,0.01,0.01,2334.826512,1776391232000
1776391236.418,36.418,0.38,43.38,0.37,45.25,0.39,17.0,0.41,5.0,0.62,16.77,0.61,221.07,0.63,3.25,0.64,10.0,0.01,0.01,2334.824116,1776391235000
1776391237.882,37.882,0.43,48.0,0.42,75.0,0.44,76.43,0.45,188.0,0.61,17.0,0.59,5.0,0.62,43.38,0.63,45.25,0.01,0.01,2335.010996,1776391236000
1776391239.054,39.054,0.43,92.0,0.42,146.0,0.44,5.0,0.46,6.0,0.56,76.43,0.55,188.0,0.57,48.0,0.58,75.0,0.01,0.01,2335.003155,1776391237000
1776391239.475,39.475,0.47,27.63,0.46,15.0,0.5,115.29,0.51,314.46,0.52,3.43,0.5,106.0,0.57,188.0,0.58,159.0,0.03,0.05,2335.04406,1776391238000
1776391239.75,39.75,0.48,19.88,0.47,10.0,0.5,115.29,0.51,314.46,0.5,115.29,0.49,314.46,0.53,27.63,0.54,15.0,0.02,0.03,2335.04406,1776391238000
1776391240.33,40.33,0.45,4.88,0.43,15.0,0.46,15.0,0.47,85.0,0.5,115.29,0.49,314.46,0.52,19.88,0.53,10.0,0.01,0.02,2335.04406,1776391238000
1776391241.266,41.266,0.44,15.0,0.43,14.7,0.45,36.77,0.46,25.0,0.54,41.2,0.53,99.0,0.57,14.7,0.58,40.0,0.01,0.03,2335.338577,1776391240000
1776391241.5,41.5,0.44,8.75,0.43,14.7,0.45,36.77,0.46,25.0,0.55,36.77,0.54,25.0,0.56,15.0,0.57,14.7,0.01,0.01,2335.338577,1776391240000
1776391242.156,42.156,0.44,8.75,0.43,14.7,0.45,26.77,0.46,25.0,0.55,36.77,0.54,25.0,0.56,8.75,0.57,14.7,0.01,0.01,2335.338577,1776391240000
1776391243.017,43.017,0.44,8.75,0.43,14.7,0.45,19.0,0.46,30.0,0.55,26.77,0.54,25.0,0.56,8.75,0.57,14.7,0.01,0.01,2335.441,1776391241000
1776391248.827,48.827,0.43,4.45,0.42,40.0,0.45,48.0,0.46,35.0,0.55,19.0,0.54,30.0,0.56,8.75,0.57,14.7,0.02,0.01,2335.289082,1776391247000
1776391249.083,49.083,0.42,40.0,0.41,110.0,0.44,27.0,0.45,41.0,0.55,48.0,0.54,35.0,0.57,4.45,0.58,40.0,0.02,0.02,2335.289082,1776391247000
1776391252.396,52.396,0.43,1.0,0.42,40.0,0.44,52.0,0.45,51.0,0.56,27.0,0.55,41.0,0.58,40.0,0.59,110.0,0.01,0.02,2335.274401,1776391251000
1776391256.812,56.812,0.39,24.02,0.38,65.0,0.4,19.2,0.41,15.0,0.56,52.0,0.55,51.0,0.57,1.0,0.58,40.0,0.01,0.01,2335.275288,1776391255000
1776391257.553,57.553,0.39,7.0,0.38,45.0,0.4,27.0,0.41,20.0,0.6,19.2,0.59,15.0,0.61,24.02,0.62,65.0,0.01,0.01,2335.284005,1776391256000
1776391258.493,58.493,0.39,7.0,0.38,40.0,0.4,27.0,0.41,20.0,0.6,22.0,0.59,20.0,0.61,7.0,0.62,45.0,0.01,0.01,2335.284981,1776391257000
1776391259.128,59.128,0.38,45.0,0.37,117.25,0.4,27.0,0.41,20.0,0.6,27.0,0.59,20.0,0.61,7.0,0.62,40.0,0.02,0.01,2335.284981,1776391257000
1776391259.757,59.757,0.39,29.5,0.38,38.0,0.4,27.0,0.41,20.0,0.6,27.0,0.59,20.0,0.62,45.0,0.63,117.25,0.01,0.02,2335.27493,1776391258000
1776391261.221,61.221,0.39,42.0,0.38,31.0,0.4,27.0,0.41,20.0,0.6,27.0,0.59,20.0,0.61,29.5,0.62,38.0,0.01,0.01,2335.27493,1776391258000
1776391262.688,62.688,0.39,30.36,0.38,26.0,0.4,52.0,0.41,20.0,0.6,27.0,0.59,20.0,0.61,42.0,0.62,31.0,0.01,0.01,2335.240113,1776391261000
1776391263.591,63.591,0.39,65.0,0.38,31.0,0.41,5.0,0.42,10.0,0.6,52.0,0.59,20.0,0.61,25.44,0.62,26.0,0.02,0.01,2335.240113,1776391261000
1776391264.701,64.701,0.4,28.33,0.39,33.0,0.41,22.0,0.42,25.0,0.59,5.0,0.58,10.0,0.61,65.0,0.62,31.0,0.01,0.02,2335.216564,1776391263000
1776391268.996,68.996,0.4,40.33,0.39,23.0,0.42,15.0,0.43,15.0,0.59,12.27,0.58,25.0,0.6,28.33,0.61,33.0,0.02,0.01,2335.295719,1776391267000
1776391269.36,69.36,0.4,41.33,0.39,23.0,0.42,12.85,0.43,15.0,0.58,15.0,0.57,15.0,0.6,40.33,0.61,23.0,0.02,0.02,2335.302434,1776391268000
1776391272.801,72.801,0.4,25.0,0.39,23.0,0.41,29.81,0.42,12.85,0.58,12.85,0.57,15.0,0.6,41.33,0.61,23.0,0.01,0.02,2335.340524,1776391271000
1776391276.248,76.248,0.4,46.0,0.39,23.0,0.41,19.81,0.42,12.85,0.59,29.81,0.58,12.85,0.6,25.0,0.61,23.0,0.01,0.01,2335.272521,1776391274000
1776391276.536,76.536,0.4,46.0,0.39,23.0,0.41,7.61,0.42,12.85,0.59,19.81,0.58,12.85,0.6,46.0,0.61,23.0,0.01,0.01,2335.314122,1776391275000
1776391280.902,80.902,0.4,32.0,0.39,23.0,0.41,17.61,0.42,12.85,0.59,7.61,0.58,12.85,0.6,46.0,0.61,23.0,0.01,0.01,2335.294022,1776391280000
1776391283.817,83.817,0.4,13.66,0.39,23.0,0.41,22.61,0.42,12.85,0.59,17.61,0.58,12.85,0.6,32.0,0.61,23.0,0.01,0.01,2335.292228,1776391282000
1776391287.455,87.455,0.4,28.66,0.39,23.0,0.41,2.61,0.42,12.85,0.59,22.61,0.58,12.85,0.6,13.66,0.61,23.0,0.01,0.01,2335.282866,1776391285000
1776391288.322,88.322,0.45,40.0,0.44,16.0,0.47,18.12,0.48,15.0,0.59,2.61,0.58,12.85,0.6,28.66,0.61,23.0,0.02,0.01,2335.294611,1776391287000
1776391290.988,90.988,0.45,115.0,0.44,26.0,0.46,10.0,0.47,29.12,0.53,18.12,0.52,15.0,0.55,40.0,0.56,16.0,0.01,0.02,2335.505007,1776391289000
1776391293.285,93.285,0.45,84.0,0.44,21.0,0.46,10.13,0.47,23.12,0.54,10.0,0.53,29.12,0.55,115.0,0.56,26.0,0.01,0.01,2335.58045,1776391291000
1776391296.926,96.926,0.48,16.0,0.47,15.0,0.5,2.7,0.51,214.46,0.54,10.13,0.53,23.12,0.55,84.0,0.56,21.0,0.02,0.01,2335.543446,1776391294000
1776391297.904,97.904,0.5,20.0,0.49,74.86,0.51,179.98,0.52,10.0,0.49,206.83,0.48,25.0,0.52,16.0,0.53,15.0,0.01,0.03,2335.595274,1776391296000
1776391298.229,98.229,0.5,192.33,0.49,56.33,0.51,171.98,0.54,12.0,0.49,179.98,0.48,10.0,0.5,20.0,0.51,74.86,0.01,0.01,2335.595274,1776391296000
1776391298.561,98.561,0.5,241.99,0.49,141.33,0.51,171.98,0.52,10.0,0.49,171.98,0.46,12.0,0.5,192.33,0.51,56.33,0.01,0.01,2335.595274,1776391296000
1776391298.92,98.92,0.5,13.3,0.49,10.0,0.51,136.15,0.52,10.0,0.49,170.15,0.48,10.0,0.53,6.12,0.54,10.0,0.01,0.04,2335.599899,1776391297000
1776391299.214,99.214,0.48,10.0,0.47,6.12,0.51,95.81,0.52,10.0,0.49,136.15,0.48,10.0,0.5,1.18,0.51,10.0,0.03,0.01,2335.599899,1776391297000
1776391300.248,100.248,0.49,11.0,0.48,10.0,0.5,10.0,0.51,35.81,0.49,95.81,0.48,10.0,0.52,10.0,0.53,6.12,0.01,0.03,2335.70545,1776391298000
1776391300.514,100.514,0.49,6.0,0.48,10.0,0.5,12.0,0.51,35.81,0.5,10.0,0.49,35.81,0.51,11.0,0.52,10.0,0.01,0.01,2335.767595,1776391299000
1776391300.771,100.771,0.49,1.0,0.48,10.0,0.5,12.0,0.51,55.81,0.5,12.0,0.49,35.81,0.51,6.0,0.52,10.0,0.01,0.01,2335.767595,1776391299000
1776391301.3,101.3,0.48,3.0,0.47,19.12,0.5,12.0,0.51,50.81,0.5,12.0,0.49,55.81,0.51,1.0,0.52,10.0,0.02,0.01,2335.767595,1776391299000
1776391301.972,101.972,0.5,121.0,0.49,38.0,0.51,28.67,0.52,10.0,0.5,12.0,0.49,50.81,0.52,3.0,0.53,19.12,0.01,0.02,2335.748457,1776391300000
1776391303.178,103.178,0.5,111.3,0.49,38.0,0.51,18.67,0.52,10.0,0.49,18.67,0.48,10.0,0.5,145.2,0.51,38.0,0.01,0.01,2335.766648,1776391301000
1776391304.305,104.305,0.5,118.3,0.49,36.0,0.51,2.49,0.52,10.0,0.49,18.67,0.48,10.0,0.5,111.3,0.51,38.0,0.01,0.01,2335.836015,1776391302000
1776391307.025,107.025,0.5,14.0,0.49,10.0,0.51,12.49,0.52,15.0,0.49,2.49,0.48,10.0,0.5,118.3,0.51,36.0,0.01,0.01,2335.972187,1776391305000
1776391307.744,107.744,0.5,56.8,0.49,10.0,0.51,12.49,0.52,15.0,0.49,12.49,0.48,15.0,0.5,14.0,0.51,10.0,0.01,0.01,2335.972187,1776391305000
1776391308.296,108.296,0.49,7.0,0.47,6.12,0.5,15.0,0.51,22.49,0.49,12.49,0.48,15.0,0.5,56.8,0.51,10.0,0.01,0.01,2335.999031,1776391306000
1776391308.938,108.938,0.43,1.8,0.42,31.8,0.44,19.2,0.45,27.0,0.5,15.0,0.49,22.49,0.51,7.0,0.53,6.12,0.01,0.01,2335.998304,1776391307000
1776391318.077,118.077,0.42,330.0,0.41,60.0,0.47,16.0,0.51,2.49,0.56,19.2,0.55,27.0,0.57,1.8,0.58,31.8,0.05,0.01,2335.545452,1776391316000
1776391318.282,118.282,0.5,148.0,0.49,10.0,0.54,15.0,0.55,29.0,0.49,2.49,0.48,5.0,0.52,66.35,0.58,330.0,0.04,0.03,2335.545452,1776391316000
1776391318.646,118.646,0.52,15.0,0.51,80.0,0.54,10.0,0.55,34.0,0.46,15.0,0.45,29.0,0.5,148.0,0.51,10.0,0.02,0.04,2335.546229,1776391317000
1776391319.975,119.975,0.55,207.11,0.54,85.0,0.56,10.0,0.57,10.0,0.46,10.0,0.45,34.0,0.48,15.0,0.49,80.0,0.01,0.02,2335.546229,1776391318000
1776391320.358,120.358,0.55,213.0,0.54,91.0,0.56,4.81,0.57,10.0,0.44,9.9,0.43,10.0,0.45,231.81,0.46,85.0,0.01,0.01,2335.933635,1776391319000
1776391320.821,120.821,0.55,236.0,0.54,91.0,0.57,10.0,0.58,15.0,0.44,4.81,0.43,10.0,0.45,213.0,0.46,91.0,0.02,0.01,2335.933635,1776391319000
1776391321.401,121.401,0.57,278.0,0.56,20.0,0.59,19.33,0.6,15.0,0.43,10.0,0.42,15.0,0.45,236.0,0.46,91.0,0.02,0.02,2336.0044,1776391320000
1776391325.714,125.714,0.57,175.77,0.56,5.0,0.58,13.12,0.59,19.33,0.41,19.33,0.4,15.0,0.43,278.0,0.44,20.0,0.01,0.02,2336.343677,1776391324000
1776391326.056,126.056,0.57,175.77,0.56,15.0,0.58,8.12,0.59,19.33,0.42,13.12,0.41,19.33,0.43,175.77,0.44,5.0,0.01,0.01,2336.343677,1776391324000
1776391326.303,126.303,0.57,175.77,0.56,15.0,0.58,13.28,0.59,19.33,0.42,15.01,0.41,19.33,0.43,175.77,0.44,15.0,0.01,0.01,2336.343677,1776391324000
1776391326.753,126.753,0.57,107.77,0.56,5.0,0.58,7.94,0.59,19.33,0.42,13.28,0.41,19.33,0.43,175.77,0.44,15.0,0.01,0.01,2336.328698,1776391325000
1776391326.985,126.985,0.57,31.77,0.56,5.0,0.58,7.94,0.59,41.33,0.42,7.94,0.41,41.33,0.43,57.77,0.44,5.0,0.01,0.01,2336.357288,1776391326000
1776391327.836,127.836,0.58,185.61,0.57,31.0,0.59,4.33,0.61,10.0,0.42,7.94,0.41,41.33,0.45,36.0,0.46,91.0,0.01,0.03,2336.357288,1776391326000
1776391328.444,128.444,0.58,173.61,0.57,31.0,0.61,6.33,0.62,10.0,0.41,4.33,0.39,10.0,0.42,185.61,0.43,31.0,0.03,0.01,2336.359177,1776391327000
1776391329.186,129.186,0.6,146.0,0.59,31.0,0.62,6.0,0.63,80.0,0.39,6.33,0.38,10.0,0.42,173.61,0.43,31.0,0.02,0.03,2336.366123,1776391328000
1776391330.748,130.748,0.63,139.2,0.62,15.0,0.64,2.18,0.65,24.0,0.38,6.0,0.37,80.0,0.4,146.0,0.41,31.0,0.01,0.02,2336.429115,1776391329000
1776391331.171,131.171,0.63,98.37,0.62,15.0,0.64,2.18,0.65,24.0,0.36,2.18,0.35,24.0,0.37,139.2,0.38,15.0,0.01,0.01,2336.429115,1776391329000
1776391332.97,132.97,0.63,98.37,0.62,15.0,0.65,29.0,0.66,89.0,0.36,2.18,0.35,24.0,0.37,98.37,0.38,15.0,0.02,0.01,2336.49315,1776391331000
1776391333.273,133.273,0.64,83.0,0.63,5.0,0.65,9.39,0.66,104.0,0.35,29.0,0.34,89.0,0.37,98.37,0.38,15.0,0.01,0.02,2336.49315,1776391331000
1776391333.627,133.627,0.65,72.0,0.64,41.0,0.66,14.5,0.69,10.0,0.35,9.39,0.34,104.0,0.36,83.0,0.37,5.0,0.01,0.01,2336.556375,1776391332000
1776391333.872,133.872,0.68,10.0,0.67,10.0,0.69,10.22,0.7,24.0,0.31,15.31,0.3,31.0,0.34,55.0,0.35,51.2,0.01,0.03,2336.556375,1776391332000
1776391334.286,134.286,0.64,7.0,0.63,10.0,0.65,10.0,0.66,86.0,0.33,3.0,0.32,53.0,0.34,10.0,0.35,20.0,0.01,0.01,2336.555705,1776391333000
1776391335.89,135.89,0.59,10.0,0.58,90.0,0.65,30.8,0.66,84.0,0.35,10.0,0.34,86.0,0.36,7.0,0.37,10.0,0.06,0.01,2336.68851,1776391334000
1776391336.141,136.141,0.58,66.37,0.56,30.0,0.6,12.5,0.61,50.0,0.35,30.8,0.34,84.0,0.41,10.0,0.42,90.0,0.02,0.06,2336.743873,1776391335000
1776391338.013,138.013,0.59,65.0,0.58,86.37,0.6,13.0,0.61,112.23,0.4,12.5,0.39,50.0,0.42,66.37,0.44,30.0,0.01,0.02,2336.654563,1776391336000
1776391338.328,138.328,0.59,77.0,0.58,91.37,0.6,11.33,0.61,55.0,0.4,13.0,0.39,112.23,0.41,65.0,0.42,86.37,0.01,0.01,2336.436172,1776391337000
1776391338.874,138.874,0.58,76.37,0.57,10.0,0.6,20.33,0.61,78.0,0.4,11.33,0.39,55.0,0.41,77.0,0.42,91.37,0.02,0.01,2336.436172,1776391337000
1776391339.161,139.161,0.59,16.38,0.58,76.37,0.6,21.33,0.61,78.0,0.4,25.33,0.39,78.0,0.42,71.37,0.43,10.0,0.01,0.02,2336.402617,1776391338000
1776391340.308,140.308,0.59,76.38,0.58,76.37,0.6,6.33,0.61,50.0,0.4,21.33,0.39,78.0,0.41,16.38,0.42,76.37,0.01,0.01,2336.375741,1776391339000
1776391342.842,142.842,0.64,88.0,0.63,10.0,0.66,72.76,0.67,80.0,0.4,6.33,0.39,50.0,0.41,76.38,0.42,76.37,0.02,0.01,2336.335317,1776391341000
1776391343.173,143.173,0.65,82.85,0.64,20.0,0.66,66.76,0.67,95.0,0.34,72.76,0.33,80.0,0.36,88.0,0.37,10.0,0.01,0.02,2336.335317,1776391341000
1776391347.84,147.84,0.65,13.0,0.64,10.0,0.66,97.37,0.67,105.61,0.34,66.76,0.33,95.0,0.35,82.85,0.36,20.0,0.01,0.01,2336.491057,1776391346000
1776391351.459,151.459,0.66,118.0,0.65,15.0,0.67,20.0,0.68,20.0,0.34,97.37,0.33,105.61,0.36,5.0,0.37,10.0,0.01,0.02,2336.447478,1776391350000
1776391351.833,151.833,0.68,118.0,0.67,15.0,0.69,109.0,0.7,90.0,0.31,109.0,0.3,75.0,0.34,118.0,0.35,15.0,0.01,0.03,2336.447478,1776391350000
1776391352.126,152.126,0.68,118.0,0.67,15.0,0.69,101.76,0.7,90.0,0.31,109.0,0.3,90.0,0.32,118.0,0.33,15.0,0.01,0.01,2336.447478,1776391350000
1776391353.451,153.451,0.68,121.87,0.67,15.0,0.69,38.61,0.7,95.94,0.31,101.76,0.3,90.0,0.32,118.0,0.33,15.0,0.01,0.01,2336.4757,1776391352000
1776391354.778,154.778,0.7,83.0,0.69,15.0,0.71,63.16,0.72,16.0,0.31,38.61,0.3,95.94,0.32,121.87,0.33,15.0,0.01,0.01,2336.568866,1776391353000
1776391356.009,156.009,0.74,130.0,0.73,25.62,0.75,21.27,0.76,83.0,0.27,19.34,0.25,5.0,0.28,16.0,0.29,16.0,0.01,0.01,2336.61933,1776391354000
1776391359.964,159.964,0.75,130.0,0.74,55.0,0.76,21.03,0.77,19.0,0.25,21.27,0.24,83.0,0.26,130.0,0.27,25.62,0.01,0.01,2336.950067,1776391358000
1776391361.199,161.199,0.76,28.0,0.75,10.0,0.77,97.61,0.78,125.0,0.24,10.79,0.23,19.0,0.25,130.0,0.26,55.0,0.01,0.01,2337.021613,1776391360000
1776391361.452,161.452,0.74,45.0,0.73,20.62,0.75,86.16,0.76,79.0,0.24,29.0,0.23,97.61,0.26,10.0,0.27,25.62,0.01,0.02,2337.021613,1776391360000
1776391361.795,161.795,0.74,25.0,0.73,20.62,0.75,124.16,0.76,79.0,0.25,86.16,0.24,79.0,0.26,45.0,0.27,20.62,0.01,0.01,2337.021613,1776391360000
1776391363.102,163.102,0.74,10.08,0.73,20.62,0.75,52.61,0.76,142.7,0.25,124.16,0.24,79.0,0.26,7.78,0.27,20.62,0.01,0.01,2337.068785,1776391361000
1776391364.007,164.007,0.74,10.08,0.73,20.62,0.75,36.41,0.76,179.23,0.25,52.61,0.24,142.7,0.26,10.08,0.27,20.62,0.01,0.01,2337.084743,1776391362000
1776391364.885,164.885,0.74,10.08,0.73,20.62,0.76,115.61,0.77,100.3,0.25,36.41,0.24,179.23,0.26,10.08,0.27,20.62,0.02,0.01,2336.979785,1776391364000
1776391365.413,165.413,0.75,17.0,0.74,10.0,0.76,104.0,0.77,110.3,0.24,115.61,0.23,100.3,0.26,10.08,0.27,20.62,0.01,0.02,2336.979785,1776391364000
1776391366.785,166.785,0.74,7.11,0.73,25.62,0.76,99.0,0.77,110.3,0.24,104.0,0.23,110.3,0.25,17.0,0.26,10.0,0.02,0.01,2336.969978,1776391365000
1776391367.188,167.188,0.74,9.5,0.73,10.62,0.75,119.61,0.76,99.0,0.24,99.0,0.23,110.3,0.26,7.11,0.27,25.62,0.01,0.02,2336.968658,1776391366000
1776391374.673,174.673,0.73,6.91,0.72,10.0,0.74,40.0,0.75,50.0,0.25,119.61,0.24,99.0,0.26,9.5,0.27,10.62,0.01,0.01,2336.863444,1776391373000
1776391374.963,174.963,0.73,6.91,0.72,10.0,0.74,55.61,0.75,45.0,0.26,40.0,0.25,50.0,0.27,6.91,0.28,10.0,0.01,0.01,2336.863444,1776391373000
1776391375.504,175.504,0.73,6.91,0.7,6.0,0.74,91.02,0.75,115.0,0.26,55.61,0.25,45.0,0.27,6.91,0.28,10.0,0.01,0.01,2336.866536,1776391374000
1776391376.237,176.237,0.73,6.91,0.71,10.0,0.74,102.96,0.75,204.2,0.26,91.02,0.25,115.0,0.27,6.91,0.3,6.0,0.01,0.01,2336.866726,1776391375000
1776391378.652,178.652,0.73,3.39,0.72,15.0,0.74,42.31,0.75,264.2,0.26,102.96,0.25,204.2,0.27,6.91,0.29,10.0,0.01,0.01,2336.794277,1776391377000
1776391379.632,179.632,0.72,1.15,0.71,15.0,0.74,31.31,0.75,264.2,0.26,42.31,0.25,264.2,0.27,3.39,0.28,15.0,0.02,0.01,2336.791409,1776391378000
1776391380.577,180.577,0.73,15.0,0.72,1.15,0.74,17.06,0.75,89.2,0.26,17.94,0.25,264.2,0.27,10.0,0.28,1.15,0.01,0.01,2336.798875,1776391379000
1776391380.811,180.811,0.76,15.0,0.75,20.0,0.77,72.3,0.78,36.0,0.24,11.15,0.23,20.3,0.26,15.0,0.27,15.0,0.01,0.02,2336.798875,1776391379000
1776391381.077,181.077,0.78,15.45,0.77,15.65,0.79,13.7,0.8,37.5,0.21,21.7,0.2,37.5,0.22,5.45,0.23,15.65,0.01,0.01,2336.798875,1776391379000
1776391381.382,181.382,0.79,4.4,0.78,81.2,0.8,10.0,0.81,70.0,0.21,5.7,0.2,32.5,0.22,9.2,0.23,15.65,0.01,0.01,2336.789475,1776391380000
1776391381.678,181.678,0.79,46.0,0.78,43.85,0.81,70.0,0.82,10.0,0.2,5.0,0.19,70.0,0.21,16.0,0.22,68.85,0.02,0.01,2336.789475,1776391380000
1776391382.011,182.011,0.79,28.76,0.78,43.85,0.8,5.0,0.81,70.0,0.2,5.0,0.19,70.0,0.21,46.0,0.22,43.85,0.01,0.01,2336.789475,1776391380000
1776391382.225,182.225,0.79,18.37,0.78,43.85,0.81,69.69,0.84,75.0,0.19,69.69,0.16,75.0,0.21,28.76,0.22,43.85,0.02,0.02,2336.789475,1776391380000
1776391382.582,182.582,0.8,4.5,0.79,10.0,0.81,69.69,0.84,70.0,0.19,69.69,0.16,70.0,0.2,10.0,0.21,13.6,0.01,0.01,2336.794948,1776391381000
1776391382.836,182.836,0.79,9.52,0.78,38.85,0.81,69.69,0.83,29.61,0.19,69.69,0.16,70.0,0.2,4.5,0.21,10.0,0.02,0.01,2336.794948,1776391381000
1776391383.258,183.258,0.8,9.5,0.79,9.52,0.81,69.69,0.83,6.0,0.19,69.69,0.17,29.61,0.21,9.52,0.22,38.85,0.01,0.02,2337.130802,1776391382000
1776391383.528,183.528,0.79,13.66,0.78,32.85,0.81,69.69,0.83,6.0,0.19,69.69,0.17,6.0,0.2,9.5,0.21,9.52,0.02,0.01,2337.130802,1776391382000
1776391383.807,183.807,0.79,13.66,0.78,32.85,0.81,67.21,0.83,6.0,0.19,68.45,0.17,6.0,0.21,13.66,0.22,32.85,0.02,0.02,2337.130802,1776391382000
1776391384.321,184.321,0.8,29.0,0.79,6.66,0.81,55.44,0.84,76.0,0.19,61.04,0.16,76.0,0.2,17.0,0.21,6.66,0.01,0.01,2337.286845,1776391383000
1776391385.093,185.093,0.8,93.0,0.79,30.66,0.81,8.5,0.84,87.61,0.19,52.5,0.16,76.0,0.2,29.0,0.21,6.66,0.01,0.01,2337.286845,1776391383000
1776391385.368,185.368,0.8,79.35,0.79,30.66,0.81,8.5,0.84,76.0,0.19,8.5,0.16,87.61,0.2,93.0,0.21,30.66,0.01,0.01,2337.29284,1776391384000
1776391385.705,185.705,0.8,83.35,0.79,30.66,0.81,8.5,0.84,96.8,0.19,8.5,0.16,76.0,0.2,79.35,0.21,30.66,0.01,0.01,2337.29284,1776391384000
1776391386.32,186.32,0.83,49.5,0.82,10.0,0.86,29.9,0.87,101.8,0.19,8.5,0.16,96.8,0.2,83.35,0.21,30.66,0.03,0.01,2337.29284,1776391384000
1776391386.99,186.99,0.86,7.42,0.85,15.88,0.87,174.41,0.88,68.1,0.13,101.8,0.12,34.1,0.15,10.0,0.16,23.0,0.01,0.02,2337.410441,1776391385000
1776391387.307,187.307,0.85,9.21,0.84,23.0,0.86,52.76,0.87,90.61,0.13,148.72,0.12,68.1,0.15,15.88,0.16,23.0,0.01,0.02,2337.412214,1776391386000
1776391387.8,187.8,0.85,9.21,0.84,23.0,0.86,37.76,0.87,90.61,0.14,52.76,0.13,90.61,0.15,9.21,0.16,23.0,0.01,0.01,2337.412214,1776391386000
1776391389.526,189.526,0.85,5.01,0.84,36.0,0.86,13.76,0.87,75.0,0.14,37.76,0.13,90.61,0.15,9.21,0.16,23.0,0.01,0.01,2337.664488,1776391388000
1776391390.735,190.735,0.85,30.34,0.84,29.0,0.86,8.76,0.87,75.0,0.14,13.76,0.13,75.0,0.15,5.01,0.16,36.0,0.01,0.01,2337.627836,1776391389000
1776391393.629,193.629,0.86,94.0,0.85,15.0,0.87,66.53,0.9,166.0,0.13,72.28,0.1,171.0,0.15,25.34,0.16,29.0,0.01,0.02,2337.786695,1776391392000
1776391394.437,194.437,0.86,94.0,0.85,15.0,0.87,60.78,0.9,180.61,0.13,66.53,0.1,166.0,0.14,94.0,0.15,15.0,0.01,0.01,2337.786695,1776391392000
1776391394.99,194.99,0.86,94.0,0.85,15.0,0.87,43.78,0.9,185.61,0.13,60.78,0.1,180.61,0.14,94.0,0.15,15.0,0.01,0.01,2337.832248,1776391393000
1776391395.505,195.505,0.86,113.0,0.85,15.0,0.87,11.78,0.9,185.61,0.13,22.78,0.1,185.61,0.14,113.0,0.15,15.0,0.01,0.01,2337.814185,1776391394000
1776391397.762,197.762,0.87,28.22,0.86,91.85,0.89,5.0,0.9,205.0,0.13,11.78,0.1,185.61,0.14,105.85,0.15,15.0,0.02,0.01,2337.77565,1776391396000
1776391398.204,198.204,0.89,15.0,0.88,20.0,0.9,165.74,0.91,57.0,0.11,5.0,0.1,205.0,0.13,28.22,0.14,91.85,0.01,0.02,2337.77565,1776391396000
1776391398.795,198.795,0.89,15.0,0.88,20.0,0.9,125.63,0.91,57.0,0.1,165.74,0.09,57.0,0.11,15.0,0.12,20.0,0.01,0.01,2337.779565,1776391397000
1776391399.524,199.524,0.89,15.0,0.88,20.0,0.9,136.08,0.91,11.0,0.1,125.63,0.09,57.0,0.11,15.0,0.12,20.0,0.01,0.01,2337.76106,1776391398000
1776391400.248,200.248,0.89,5.15,0.88,25.0,0.9,127.47,0.91,11.0,0.1,136.08,0.09,11.0,0.11,15.0,0.12,20.0,0.01,0.01,2337.736378,1776391399000
1776391400.599,200.599,0.89,12.15,0.88,18.0,0.9,18.42,0.91,37.0,0.1,127.47,0.09,11.0,0.11,5.15,0.12,25.0,0.01,0.01,2337.736378,1776391399000
1776391401.353,201.353,0.89,13.15,0.88,10.0,0.9,9.98,0.91,34.61,0.1,18.42,0.09,37.0,0.11,12.15,0.12,18.0,0.01,0.01,2337.736378,1776391399000
1776391402.959,202.959,0.88,10.0,0.87,48.22,0.89,25.08,0.9,75.0,0.1,9.98,0.09,34.61,0.11,13.15,0.12,10.0,0.01,0.01,2337.86365,1776391401000
1776391403.486,203.486,0.87,44.53,0.86,49.71,0.88,9.0,0.89,20.61,0.11,25.08,0.1,70.0,0.13,44.53,0.14,49.71,0.01,0.02,2337.86365,1776391401000
1776391404.61,204.61,0.87,26.83,0.86,7.85,0.88,24.0,0.89,114.61,0.12,6.88,0.11,20.61,0.13,44.53,0.14,49.71,0.01,0.01,2337.824665,1776391402000
1776391405.489,205.489,0.87,26.83,0.85,10.0,0.88,103.38,0.89,124.61,0.12,24.0,0.11,114.61,0.13,26.83,0.14,7.85,0.01,0.01,2337.802166,1776391403000
1776391406.057,206.057,0.84,26.8,0.83,8.0,0.86,22.0,0.87,57.61,0.12,103.38,0.11,124.61,0.15,10.0,0.16,26.8,0.02,0.03,2337.708008,1776391404000
1776391406.298,206.298,0.84,26.8,0.83,18.0,0.85,38.22,0.86,20.0,0.14,22.0,0.13,57.61,0.16,26.8,0.17,8.0,0.01,0.02,2337.707278,1776391405000
1776391406.893,206.893,0.85,5.0,0.84,36.8,0.86,20.0,0.87,46.61,0.15,38.22,0.14,20.0,0.16,26.8,0.17,18.0,0.01,0.01,2337.707278,1776391405000
1776391407.324,207.324,0.84,8.43,0.83,28.0,0.86,45.9,0.87,78.41,0.14,11.0,0.13,46.61,0.15,5.0,0.16,36.8,0.02,0.01,2337.707278,1776391405000
1776391407.882,207.882,0.84,1.55,0.83,23.0,0.86,40.9,0.87,78.41,0.14,45.9,0.13,78.41,0.16,8.43,0.17,28.0,0.02,0.02,2337.486074,1776391406000
1776391408.797,208.797,0.83,13.0,0.81,65.0,0.85,3.0,0.86,10.0,0.14,17.64,0.13,78.41,0.16,1.55,0.17,23.0,0.02,0.02,2337.437116,1776391407000
1776391409.323,209.323,0.83,10.0,0.82,10.0,0.84,6.84,0.85,10.0,0.15,3.0,0.14,10.0,0.17,13.0,0.19,65.0,0.01,0.02,2337.437116,1776391407000
1776391409.819,209.819,0.82,5.55,0.81,21.0,0.84,6.84,0.85,10.0,0.16,6.84,0.15,10.0,0.17,10.0,0.18,10.0,0.02,0.01,2337.375658,1776391408000
1776391410.611,210.611,0.83,10.0,0.82,5.55,0.84,4.48,0.86,126.51,0.16,6.84,0.15,10.0,0.18,5.55,0.19,21.0,0.01,0.02,2337.374708,1776391409000
1776391411.112,211.112,0.85,10.0,0.84,10.0,0.86,116.43,0.87,87.8,0.14,125.53,0.13,82.8,0.17,10.0,0.18,10.55,0.01,0.03,2337.374708,1776391409000
1776391412.048,212.048,0.85,3.33,0.84,10.0,0.86,109.43,0.87,87.8,0.14,116.43,0.13,87.8,0.15,10.0,0.16,10.0,0.01,0.01,2337.333001,1776391410000
1776391412.344,212.344,0.85,45.68,0.84,10.0,0.86,94.57,0.87,87.8,0.14,109.43,0.13,87.8,0.15,3.33,0.16,10.0,0.01,0.01,2337.333001,1776391411000
1776391412.616,212.616,0.85,50.68,0.84,10.0,0.86,89.57,0.87,87.8,0.14,94.57,0.13,87.8,0.15,40.68,0.16,10.0,0.01,0.01,2337.333001,1776391411000
1776391414.477,214.477,0.85,50.68,0.84,15.0,0.87,11.78,0.88,88.87,0.14,83.66,0.13,87.8,0.15,50.68,0.16,10.0,0.02,0.01,2337.326058,1776391413000
1776391416.53,216.53,0.86,10.0,0.85,55.68,0.87,6.72,0.88,137.48,0.13,11.78,0.12,88.87,0.15,50.68,0.16,15.0,0.01,0.02,2337.307262,1776391415000
1776391416.758,216.758,0.86,10.0,0.85,55.68,0.87,0.97,0.88,137.48,0.13,6.72,0.12,137.48,0.14,10.0,0.15,55.68,0.01,0.01,2337.307262,1776391415000
1776391417.138,217.138,0.86,10.0,0.85,55.68,0.87,0.95,0.88,137.48,0.13,0.97,0.12,137.48,0.14,10.0,0.15,55.68,0.01,0.01,2337.307262,1776391415000
1776391419.688,219.688,0.9,29.93,0.89,33.0,0.91,52.0,0.92,60.9,0.13,0.95,0.12,137.48,0.14,10.0,0.15,55.68,0.01,0.01,2337.326911,1776391418000
1776391420.855,220.855,0.91,39.0,0.9,114.93,0.92,4.62,0.93,14.0,0.08,12.0,0.07,131.3,0.1,41.93,0.11,38.0,0.01,0.02,2337.327371,1776391419000
1776391422.361,222.361,0.92,68.0,0.91,164.0,0.93,8.62,0.94,29.0,0.08,4.62,0.07,14.0,0.09,39.0,0.1,114.93,0.01,0.01,2337.522405,1776391420000
1776391423.67,223.67,0.92,102.0,0.91,153.0,0.94,11.03,0.95,44.0,0.07,8.62,0.06,29.0,0.08,68.0,0.09,164.0,0.02,0.01,2337.71261,1776391422000
1776391424.951,224.951,0.93,57.71,0.92,95.0,0.94,11.03,0.95,44.0,0.06,11.03,0.05,44.0,0.08,102.0,0.09,153.0,0.01,0.02,2337.963585,1776391423000
1776391425.41,225.41,0.93,69.71,0.92,84.0,0.94,5.71,0.95,20.0,0.06,11.03,0.05,44.0,0.07,57.71,0.08,95.0,0.01,0.01,2338.097089,1776391424000
1776391426.037,226.037,0.93,43.71,0.92,63.0,0.95,20.0,0.96,149.0,0.06,2.13,0.05,20.0,0.07,69.71,0.08,84.0,0.02,0.01,2338.097089,1776391424000
1776391427.074,227.074,0.94,15.0,0.93,43.71,0.95,10.0,0.96,149.0,0.05,20.0,0.04,149.0,0.06,18.75,0.07,43.71,0.01,0.01,2338.10953,1776391425000
1776391427.996,227.996,0.94,21.0,0.93,58.71,0.96,153.91,0.97,279.0,0.05,10.0,0.04,149.0,0.06,15.0,0.07,43.71,0.02,0.01,2338.212057,1776391427000
1776391429.72,229.72,0.95,103.68,0.94,27.0,0.96,55.3,0.97,222.61,0.04,153.91,0.03,279.0,0.06,21.0,0.07,58.71,0.01,0.02,2338.344036,1776391428000
1776391429.938,229.938,0.95,118.68,0.94,57.0,0.96,45.09,0.97,222.61,0.04,50.09,0.03,222.61,0.05,108.68,0.06,27.0,0.01,0.01,2338.344036,1776391428000
1776391430.52,230.52,0.96,5.0,0.95,113.68,0.97,176.01,0.98,724.7,0.04,40.09,0.03,222.61,0.05,118.68,0.06,57.0,0.01,0.01,2338.346991,1776391429000
1776391431.056,231.056,0.96,15.0,0.95,130.68,0.97,122.4,0.98,646.31,0.03,176.01,0.02,724.7,0.04,5.0,0.05,113.68,0.01,0.01,2338.346991,1776391429000
1776391431.523,231.523,0.96,15.0,0.95,103.68,0.97,107.09,0.98,646.31,0.03,122.4,0.02,646.31,0.04,15.0,0.05,130.68,0.01,0.01,2338.346991,1776391429000
1776391432.738,232.738,0.96,10.0,0.95,135.68,0.97,101.93,0.98,646.31,0.03,107.09,0.02,646.31,0.04,15.0,0.05,103.68,0.01,0.01,2338.203221,1776391431000
1776391432.963,232.963,0.95,135.68,0.94,79.8,0.97,101.93,0.98,462.61,0.03,101.93,0.02,646.31,0.04,10.0,0.05,135.68,0.02,0.01,2338.203221,1776391431000
1776391434.415,234.415,0.96,5.0,0.95,142.68,0.97,96.77,0.98,604.31,0.03,101.93,0.02,462.61,0.05,135.68,0.06,79.8,0.01,0.02,2338.388152,1776391433000
1776391434.846,234.846,0.96,5.0,0.95,142.68,0.97,81.29,0.98,576.31,0.03,86.45,0.02,604.31,0.04,5.0,0.05,142.68,0.01,0.01,2338.388152,1776391433000
1776391436.388,236.388,0.96,5.0,0.95,142.68,0.97,67.37,0.98,576.31,0.03,81.29,0.02,576.31,0.04,5.0,0.05,142.68,0.01,0.01,2338.382705,1776391435000
1776391437.116,237.116,0.96,5.0,0.95,132.68,0.97,33.73,0.98,568.31,0.03,67.37,0.02,576.31,0.04,5.0,0.05,142.68,0.01,0.01,2338.382705,1776391435000
1776391437.322,237.322,0.95,126.01,0.94,84.42,0.97,23.73,0.98,568.31,0.03,23.73,0.02,568.31,0.04,5.0,0.05,132.68,0.02,0.01,2338.382705,1776391435000
1776391439.305,239.305,0.96,27.0,0.95,148.68,0.97,209.04,0.98,674.7,0.03,23.73,0.02,568.31,0.05,126.01,0.06,84.42,0.01,0.02,2338.346743,1776391438000
1776391439.646,239.646,0.96,23.45,0.95,148.68,0.97,51.34,0.98,669.7,0.03,209.04,0.02,674.7,0.04,27.0,0.05,148.68,0.01,0.01,2338.346743,1776391438000
1776391441.47,241.47,0.96,43.45,0.95,153.94,0.97,23.42,0.98,488.7,0.03,51.34,0.02,669.7,0.04,23.45,0.05,148.68,0.01,0.01,2338.4169,1776391440000
1776391441.855,241.855,0.96,48.45,0.95,153.94,0.97,18.26,0.98,505.31,0.03,23.42,0.02,488.7,0.04,43.45,0.05,153.94,0.01,0.01,2338.4169,1776391440000
1776391442.8,242.8,0.96,59.45,0.95,158.68,0.97,16.04,0.98,305.0,0.03,16.19,0.02,505.31,0.04,48.45,0.05,163.94,0.01,0.01,2338.162394,1776391441000
1776391443.157,243.157,0.96,64.45,0.95,158.68,0.97,0.04,0.98,305.0,0.03,5.04,0.02,305.0,0.04,59.45,0.05,158.68,0.01,0.01,2338.162394,1776391441000
1776391443.646,243.646,0.96,74.45,0.95,158.68,0.98,301.97,0.99,5395.75,0.03,0.04,0.02,305.0,0.04,64.45,0.05,158.68,0.02,0.01,2338.16303,1776391442000
1776391444.426,244.426,0.97,10.64,0.96,51.0,0.98,291.76,0.99,5390.75,0.02,291.76,0.01,5395.75,0.03,6.0,0.04,74.45,0.01,0.01,2338.159036,1776391443000
1776391444.738,244.738,0.97,7.75,0.96,51.0,0.98,281.76,0.99,5285.75,0.02,291.76,0.01,5285.75,0.03,7.75,0.04,51.0,0.01,0.01,2338.159036,1776391443000
1776391445.421,245.421,0.97,42.75,0.96,46.0,0.98,288.92,0.99,5285.75,0.02,281.76,0.01,5285.75,0.03,7.75,0.04,51.0,0.01,0.01,2338.16937,1776391444000
1776391446.133,246.133,0.97,57.75,0.96,158.7,0.98,263.92,0.99,5018.75,0.02,288.92,0.01,5285.75,0.03,42.75,0.04,46.0,0.01,0.01,2338.16937,1776391444000
1776391446.341,246.341,0.97,57.75,0.96,134.7,0.98,236.66,0.99,5018.75,0.02,263.92,0.01,5018.75,0.03,57.75,0.04,158.7,0.01,0.01,2338.187375,1776391445000
1776391446.765,246.765,0.97,57.75,0.96,134.7,0.98,231.58,0.99,5008.75,0.02,236.58,0.01,5018.75,0.03,57.75,0.04,134.7,0.01,0.01,2338.187375,1776391445000
1776391446.985,246.985,0.97,57.75,0.96,157.7,0.98,221.58,0.99,5008.75,0.02,231.58,0.01,5008.75,0.03,57.75,0.04,134.7,0.01,0.01,2338.187375,1776391446000
1776391448.096,248.096,0.97,56.54,0.96,157.7,0.98,221.58,0.99,4989.73,0.02,221.58,0.01,5008.75,0.03,57.75,0.04,157.7,0.01,0.01,2338.313619,1776391447000
1776391449.633,249.633,0.97,56.54,0.96,157.7,0.98,219.53,0.99,4960.12,0.02,221.58,0.01,4989.73,0.03,56.54,0.04,157.7,0.01,0.01,2338.367256,1776391448000
1776391450.167,250.167,0.97,56.54,0.96,157.7,0.98,199.53,0.99,4969.73,0.02,219.53,0.01,4960.12,0.03,56.54,0.04,157.7,0.01,0.01,2338.368411,1776391449000
1776391450.857,250.857,0.97,66.85,0.96,157.7,0.98,149.53,0.99,4097.73,0.02,199.53,0.01,4969.73,0.03,56.54,0.04,157.7,0.01,0.01,2338.368411,1776391449000
1776391451.76,251.76,0.97,46.85,0.96,157.7,0.98,144.43,0.99,4084.73,0.02,149.53,0.01,4177.73,0.03,46.85,0.04,157.7,0.01,0.01,2338.369524,1776391450000
1776391452.032,252.032,0.98,59.57,0.97,46.85,0.99,4060.12,,,0.02,144.43,0.01,4084.73,0.03,46.85,0.04,157.7,0.01,0.01,2338.369524,1776391450000
1776391452.355,252.355,0.98,204.93,0.97,51.85,0.99,4055.12,,,0.01,4060.12,,,0.02,59.57,0.03,46.85,0.01,0.01,2338.366484,1776391451000
1776391453.532,253.532,0.98,255.93,0.97,51.85,0.99,1553.12,,,0.01,4055.12,,,0.02,204.93,0.03,51.85,0.01,0.01,2338.366484,1776391451000
1776391454.59,254.59,0.98,255.93,0.97,51.85,0.99,1515.67,,,0.01,1506.12,,,0.02,255.93,0.03,51.85,0.01,0.01,2338.366394,1776391453000
1776391455.098,255.098,0.98,235.93,0.97,51.85,0.99,1543.65,,,0.01,1515.67,,,0.02,255.93,0.03,51.85,0.01,0.01,2338.376198,1776391454000
1776391455.602,255.602,0.98,235.93,0.97,51.85,0.99,1316.67,,,0.01,1543.65,,,0.02,235.93,0.03,51.85,0.01,0.01,2338.376198,1776391454000
1776391455.961,255.961,0.98,235.93,0.97,51.85,0.99,1261.62,,,0.01,1311.62,,,0.02,235.93,0.03,51.85,0.01,0.01,2338.376198,1776391454000
1776391456.501,256.501,0.98,235.93,0.97,51.85,0.99,1248.62,,,0.01,1261.62,,,0.02,235.93,0.03,51.85,0.01,0.01,2338.387161,1776391455000
1776391457.014,257.014,0.98,235.93,0.97,51.85,0.99,1201.01,,,0.01,1238.62,,,0.02,235.93,0.03,51.85,0.01,0.01,2338.333141,1776391456000
1776391457.465,257.465,0.98,235.93,0.97,51.85,0.99,1095.01,,,0.01,1201.01,,,0.02,235.93,0.03,51.85,0.01,0.01,2338.333141,1776391456000
1776391458.343,258.343,0.98,130.83,0.97,51.85,0.99,1042.01,,,0.01,1045.01,,,0.02,235.93,0.03,51.85,0.01,0.01,2338.273802,1776391457000
1776391459.286,259.286,0.98,185.93,0.97,175.55,0.99,1032.01,,,0.01,1042.01,,,0.02,185.93,0.03,175.55,0.01,0.01,2338.273802,1776391457000
1776391460.036,260.036,0.98,181.83,0.97,175.55,0.99,1022.01,,,0.01,1032.01,,,0.02,181.83,0.03,175.55,0.01,0.01,2338.279625,1776391458000
1776391460.983,260.983,0.98,76.73,0.97,175.55,0.99,972.01,,,0.01,1022.01,,,0.02,181.83,0.03,175.55,0.01,0.01,2338.2792,1776391459000
1776391461.287,261.287,0.98,181.83,0.97,175.55,0.99,606.41,,,0.01,972.01,,,0.02,76.73,0.03,175.55,0.01,0.01,2338.284509,1776391460000
1776391462.196,262.196,0.98,161.83,0.97,51.85,0.99,994.21,,,0.01,566.0,,,0.02,181.83,0.03,175.55,0.01,0.01,2338.284509,1776391460000
1776391463.216,263.216,0.98,161.83,0.97,51.85,0.99,934.19,,,0.01,993.19,,,0.02,56.73,0.03,51.85,0.01,0.01,2338.287426,1776391462000
1776391465.578,265.578,0.98,56.73,0.97,165.55,0.99,888.05,,,0.01,934.19,,,0.02,161.83,0.03,51.85,0.01,0.01,2338.192346,1776391464000
1776391465.886,265.886,0.98,56.73,0.97,165.55,0.99,838.05,,,0.01,888.05,,,0.02,56.73,0.03,165.55,0.01,0.01,2338.192346,1776391464000
1776391466.325,266.325,0.98,161.83,0.97,165.55,0.99,444.45,,,0.01,823.05,,,0.02,56.73,0.03,165.55,0.01,0.01,2338.175452,1776391465000
1776391467.541,267.541,0.98,161.83,0.97,165.55,0.99,433.43,,,0.01,444.45,,,0.02,161.83,0.03,165.55,0.01,0.01,2338.175452,1776391465000
1776391469.36,269.36,0.98,62.73,0.97,188.55,0.99,537.41,,,0.01,428.43,,,0.02,111.83,0.03,165.55,0.01,0.01,2338.167301,1776391467000
1776391470.564,270.564,0.98,167.83,0.97,188.55,0.99,432.35,,,0.01,537.41,,,0.02,62.73,0.03,188.55,0.01,0.01,2338.172564,1776391469000
1776391470.8,270.8,0.98,167.83,0.97,188.55,0.99,331.34,,,0.01,432.35,,,0.02,167.83,0.03,188.55,0.01,0.01,2338.172564,1776391469000
1776391471.22,271.22,0.99,2243.66,0.98,167.83,,,,,0.01,281.34,,,0.02,167.83,0.03,188.55,,0.01,2338.172564,1776391469000
1776391471.967,271.967,0.99,2321.19,0.98,190.43,,,,,,,,,0.01,2243.66,0.02,167.83,,,2338.172573,1776391470000
1776391474.054,274.054,0.99,1741.19,0.98,183.7,,,,,,,,,0.01,2321.19,0.02,190.43,,,2338.186497,1776391472000
1776391478.907,278.907,0.99,2846.24,0.97,54.54,,,,,,,,,0.01,1741.19,0.02,183.7,,,2338.399695,1776391477000
1776391485.428,285.428,0.99,7004.86,0.97,54.54,,,,,,,,,0.01,2841.24,0.03,54.54,,,2338.702112,1776391484000

# RESULT,winner=Up,slug=eth-updown-5m-1776391200,ticks=256
