timestamp,elapsed_sec,up_bid_p1,up_bid_s1,up_bid_p2,up_bid_s2,up_ask_p1,up_ask_s1,up_ask_p2,up_ask_s2,down_bid_p1,down_bid_s1,down_bid_p2,down_bid_s2,down_ask_p1,down_ask_s1,down_ask_p2,down_ask_s2,up_spread,down_spread,eth_price,eth_oracle_ts
1776347100.78,0.78,0.52,5.0,0.51,17.0,0.6,38.0,0.61,34.0,0.45,8.88,0.4,38.0,0.48,5.0,0.49,17.0,0.08,0.03,2337.365933,1776347099000
1776347101.08,1.08,0.51,1.48,0.5,10.0,0.54,70.0,0.55,70.0,0.4,38.0,0.39,34.0,0.48,5.0,0.49,17.0,0.03,0.08,2337.382727,1776347100000
1776347101.982,1.982,0.49,47.72,0.44,70.0,0.5,10.0,0.52,75.0,0.46,70.0,0.45,75.0,0.51,51.02,0.54,5.0,0.01,0.05,2337.382727,1776347100000
1776347102.444,2.444,0.49,47.72,0.46,9.0,0.51,13.25,0.52,142.0,0.5,10.0,0.48,75.0,0.51,47.72,0.56,70.0,0.02,0.01,2337.402709,1776347101000
1776347102.698,2.698,0.49,42.72,0.44,70.0,0.52,83.0,0.53,75.0,0.49,13.25,0.48,142.0,0.51,47.72,0.54,9.0,0.03,0.02,2337.402709,1776347101000
1776347103.178,3.178,0.49,34.3,0.44,70.0,0.51,6.0,0.52,70.0,0.49,6.0,0.48,70.0,0.51,34.3,0.56,70.0,0.02,0.02,2337.22505,1776347102000
1776347103.381,3.381,0.49,30.41,0.44,75.25,0.5,49.0,0.51,73.0,0.49,6.0,0.48,70.0,0.51,34.3,0.56,70.0,0.01,0.02,2337.22505,1776347102000
1776347104.312,4.312,0.49,26.52,0.44,75.25,0.5,49.0,0.51,165.0,0.5,49.0,0.49,165.0,0.51,26.52,0.56,75.25,0.01,0.01,2336.898478,1776347103000
1776347104.896,4.896,0.49,26.52,0.44,75.25,0.5,49.0,0.51,165.0,0.5,49.0,0.49,165.0,0.51,26.52,0.56,75.25,0.01,0.01,2336.840287,1776347104000
1776347105.234,5.234,0.49,26.52,0.4,6.25,0.5,215.88,0.51,198.0,0.5,49.0,0.49,165.0,0.51,26.52,0.56,75.25,0.01,0.01,2336.840287,1776347104000
1776347105.552,5.552,0.38,70.0,0.37,70.0,0.41,45.0,0.42,35.0,0.5,40.0,0.49,128.0,0.6,6.25,0.62,170.0,0.03,0.1,2336.840287,1776347104000
1776347106.072,6.072,0.38,60.0,0.37,70.0,0.39,31.0,0.4,10.0,0.61,31.0,0.6,10.0,0.62,60.0,0.63,70.0,0.01,0.01,2336.7932,1776347105000
1776347106.383,6.383,0.38,156.0,0.37,180.0,0.4,10.0,0.41,10.0,0.61,2.28,0.6,10.0,0.62,170.0,0.63,180.0,0.02,0.01,2336.7932,1776347105000
1776347106.645,6.645,0.38,131.19,0.37,180.0,0.4,6.59,0.41,24.0,0.6,6.59,0.59,10.0,0.61,10.0,0.62,132.0,0.02,0.01,2336.7932,1776347105000
1776347106.987,6.987,0.38,16.19,0.37,170.0,0.39,41.0,0.4,11.59,0.6,6.59,0.59,24.0,0.62,131.19,0.63,180.0,0.01,0.02,2336.7932,1776347105000
1776347107.286,7.286,0.38,5.16,0.37,175.0,0.39,36.0,0.4,6.59,0.61,36.0,0.6,19.59,0.62,2.76,0.63,170.0,0.01,0.01,2336.562197,1776347106000
1776347107.988,7.988,0.38,98.16,0.37,199.0,0.39,41.63,0.4,6.59,0.61,36.0,0.6,6.59,0.62,5.16,0.63,175.0,0.01,0.01,2336.562197,1776347106000
1776347108.302,8.302,0.38,98.16,0.37,199.0,0.39,41.63,0.4,6.59,0.61,41.63,0.6,6.59,0.62,98.16,0.63,199.0,0.01,0.01,2336.301456,1776347107000
1776347108.68,8.68,0.39,135.5,0.38,135.66,0.4,5.5,0.41,42.5,0.6,17.59,0.59,41.0,0.62,125.16,0.63,70.0,0.01,0.02,2336.301456,1776347107000
1776347109.056,9.056,0.4,161.56,0.39,25.5,0.42,20.5,0.43,48.0,0.59,30.5,0.58,23.0,0.6,14.5,0.61,129.18,0.02,0.01,2336.301456,1776347107000
1776347109.291,9.291,0.41,44.0,0.4,151.56,0.43,25.5,0.44,37.0,0.58,35.0,0.57,63.5,0.59,36.39,0.6,141.56,0.02,0.01,2336.301456,1776347107000
1776347109.648,9.648,0.42,49.0,0.41,125.5,0.44,22.0,0.45,35.0,0.57,25.5,0.56,37.0,0.59,44.0,0.6,151.56,0.02,0.02,2336.186345,1776347108000
1776347110.006,10.006,0.42,19.56,0.41,125.5,0.44,27.0,0.45,45.0,0.56,27.0,0.55,45.0,0.58,19.56,0.59,125.5,0.02,0.02,2336.118749,1776347109000
1776347110.468,10.468,0.4,11.06,0.39,15.5,0.42,88.5,0.43,25.5,0.56,27.0,0.55,45.0,0.58,19.56,0.59,125.5,0.02,0.02,2336.118749,1776347109000
1776347110.745,10.745,0.4,11.06,0.39,15.5,0.41,55.6,0.42,117.0,0.58,88.5,0.57,25.5,0.6,11.06,0.61,15.5,0.01,0.02,2336.118749,1776347109000
1776347111.666,11.666,0.41,19.99,0.4,119.98,0.42,62.0,0.43,35.0,0.59,55.6,0.58,117.0,0.6,11.06,0.61,15.5,0.01,0.01,2336.247888,1776347110000
1776347112.11,12.11,0.41,149.9,0.4,201.99,0.42,72.0,0.44,5.0,0.58,62.0,0.57,35.0,0.59,19.99,0.6,119.98,0.01,0.01,2336.247888,1776347110000
1776347112.368,12.368,0.41,144.81,0.4,201.99,0.42,47.0,0.45,10.0,0.58,72.0,0.56,5.0,0.59,149.9,0.6,201.99,0.01,0.01,2336.300783,1776347111000
1776347112.991,12.991,0.45,17.31,0.44,135.5,0.46,60.0,0.47,10.0,0.58,39.0,0.54,138.52,0.59,151.55,0.6,191.99,0.01,0.01,2336.300783,1776347111000
1776347114.044,14.044,0.43,80.5,0.42,187.24,0.47,19.44,0.48,65.12,0.54,60.0,0.53,10.0,0.55,7.31,0.56,135.5,0.04,0.01,2336.187978,1776347112000
1776347114.35,14.35,0.43,70.0,0.42,70.0,0.44,50.2,0.45,10.0,0.53,19.44,0.52,65.12,0.57,80.5,0.58,187.24,0.01,0.04,2336.3906,1776347113000
1776347114.69,14.69,0.4,173.72,0.39,60.0,0.41,29.2,0.42,10.0,0.56,47.0,0.55,10.0,0.59,112.0,0.6,81.64,0.01,0.03,2336.3906,1776347113000
1776347115.007,15.007,0.4,153.72,0.39,60.0,0.41,5.0,0.42,15.0,0.59,29.2,0.58,10.0,0.6,153.72,0.61,60.0,0.01,0.01,2336.3906,1776347113000
1776347115.472,15.472,0.41,184.0,0.4,82.15,0.43,35.5,0.44,47.5,0.59,10.0,0.58,15.0,0.6,151.22,0.61,70.0,0.02,0.01,2336.666323,1776347114000
1776347116.203,16.203,0.42,129.82,0.41,88.0,0.43,60.5,0.44,72.5,0.57,35.5,0.56,47.5,0.59,184.0,0.6,82.15,0.01,0.02,2336.700463,1776347115000
1776347116.976,16.976,0.42,4.82,0.41,38.0,0.43,52.57,0.44,141.2,0.57,47.57,0.56,141.2,0.58,124.82,0.59,88.0,0.01,0.01,2336.700463,1776347115000
1776347118.939,18.939,0.4,191.93,0.39,220.5,0.41,15.0,0.42,66.0,0.57,52.57,0.56,141.2,0.58,4.82,0.59,38.0,0.01,0.01,2336.328564,1776347117000
1776347120.834,20.834,0.4,200.93,0.39,220.5,0.41,20.0,0.42,111.0,0.59,15.0,0.58,66.0,0.6,191.93,0.61,220.5,0.01,0.01,2336.297297,1776347119000
1776347121.161,21.161,0.4,386.93,0.39,256.75,0.42,61.0,0.43,30.0,0.59,20.0,0.58,111.0,0.6,200.93,0.61,220.5,0.02,0.01,2336.349223,1776347120000
1776347125.373,25.373,0.39,248.5,0.38,93.5,0.4,35.0,0.41,157.0,0.58,61.0,0.57,30.0,0.6,386.93,0.61,256.75,0.01,0.02,2336.105523,1776347124000
1776347128.558,28.558,0.39,99.0,0.38,79.74,0.4,69.0,0.41,95.0,0.6,31.42,0.59,188.0,0.61,207.5,0.62,93.5,0.01,0.01,2336.093267,1776347127000
1776347130.928,30.928,0.36,38.34,0.35,100.0,0.37,10.0,0.38,154.12,0.6,61.0,0.59,85.0,0.61,41.0,0.62,70.0,0.01,0.01,2336.069371,1776347129000
1776347131.131,31.131,0.35,48.34,0.34,30.0,0.37,148.5,0.38,181.62,0.63,10.0,0.62,154.12,0.64,38.34,0.65,100.0,0.02,0.01,2336.069371,1776347129000
1776347132.204,32.204,0.35,107.61,0.34,239.74,0.36,59.81,0.38,146.12,0.64,23.81,0.63,211.5,0.65,45.15,0.66,30.0,0.01,0.01,2336.07866,1776347130000
1776347132.409,32.409,0.35,218.32,0.34,220.0,0.37,10.0,0.38,81.12,0.64,4.81,0.63,10.0,0.65,103.32,0.66,220.0,0.02,0.01,2335.968641,1776347131000
1776347132.686,32.686,0.34,80.0,0.33,140.5,0.35,9.44,0.36,16.0,0.63,10.0,0.62,81.12,0.65,218.32,0.66,220.0,0.01,0.02,2335.968641,1776347131000
1776347133.285,33.285,0.34,30.0,0.33,80.0,0.35,221.52,0.36,25.0,0.65,9.44,0.64,16.0,0.66,80.0,0.67,140.5,0.01,0.01,2335.508827,1776347132000
1776347133.806,33.806,0.34,10.0,0.33,80.0,0.35,204.52,0.36,34.0,0.65,221.52,0.64,25.0,0.66,30.0,0.67,80.0,0.01,0.01,2335.64893,1776347133000
1776347134.662,34.662,0.34,18.0,0.33,141.0,0.35,19.44,0.36,5.0,0.65,204.52,0.64,34.0,0.66,10.0,0.67,80.0,0.01,0.01,2335.64893,1776347133000
1776347135.051,35.051,0.34,24.05,0.33,216.0,0.35,10.0,0.36,15.0,0.65,19.44,0.64,5.0,0.66,18.0,0.67,141.0,0.01,0.01,2335.64893,1776347133000
1776347135.337,35.337,0.35,24.0,0.34,43.0,0.36,11.5,0.37,70.0,0.65,10.0,0.64,15.0,0.66,24.05,0.67,216.0,0.01,0.01,2335.284177,1776347134000
1776347137.126,37.126,0.36,17.0,0.35,123.25,0.37,60.0,0.38,101.12,0.63,20.0,0.62,81.12,0.64,12.0,0.65,18.0,0.01,0.01,2335.462353,1776347135000
1776347142.193,42.193,0.29,269.58,0.28,210.0,0.3,45.49,0.31,10.0,0.63,60.0,0.62,101.12,0.64,17.0,0.65,123.25,0.01,0.01,2335.08173,1776347140000
1776347142.439,42.439,0.29,261.05,0.28,210.0,0.3,165.49,0.31,10.0,0.7,45.49,0.69,10.0,0.71,257.53,0.72,210.0,0.01,0.01,2335.087712,1776347141000
1776347144.009,44.009,0.29,146.05,0.28,220.5,0.3,222.49,0.31,84.0,0.7,165.49,0.69,10.0,0.71,261.05,0.72,210.0,0.01,0.01,2334.963696,1776347142000
1776347144.419,44.419,0.29,50.0,0.28,100.0,0.3,311.97,0.31,125.5,0.7,222.49,0.69,84.0,0.71,146.05,0.72,220.5,0.01,0.01,2334.963696,1776347142000
1776347145.87,45.87,0.27,425.5,0.26,252.0,0.29,259.0,0.3,88.49,0.7,311.97,0.69,125.5,0.71,50.0,0.72,100.0,0.02,0.01,2334.813437,1776347144000
1776347146.362,46.362,0.27,352.76,0.26,252.0,0.28,179.0,0.29,102.0,0.71,259.0,0.7,88.49,0.73,425.5,0.74,252.0,0.01,0.02,2334.792066,1776347145000
1776347146.832,46.832,0.27,347.62,0.26,252.0,0.28,224.0,0.29,107.0,0.72,169.0,0.71,102.0,0.73,342.76,0.74,252.0,0.01,0.01,2334.792066,1776347145000
1776347149.021,49.021,0.26,219.5,0.25,210.5,0.27,117.59,0.28,30.0,0.72,219.0,0.71,82.0,0.73,322.63,0.74,252.0,0.01,0.01,2334.645607,1776347147000
1776347149.79,49.79,0.25,171.5,0.24,230.0,0.27,174.59,0.28,90.5,0.73,117.59,0.72,30.0,0.74,219.5,0.75,210.5,0.02,0.01,2334.510372,1776347148000
1776347151.005,51.005,0.25,45.06,0.24,131.5,0.26,304.99,0.27,158.38,0.74,64.99,0.73,174.59,0.75,169.27,0.76,230.0,0.01,0.01,2334.520318,1776347149000
1776347151.42,51.42,0.23,168.81,0.22,230.0,0.24,187.0,0.25,132.05,0.74,344.19,0.73,158.38,0.76,131.5,0.77,220.0,0.01,0.02,2334.62581,1776347150000
1776347151.719,51.719,0.23,67.27,0.22,180.0,0.24,15.0,0.25,92.05,0.76,187.0,0.75,132.05,0.77,168.81,0.78,230.0,0.01,0.01,2334.62581,1776347150000
1776347152.069,52.069,0.23,147.78,0.22,190.5,0.24,15.0,0.25,257.05,0.76,15.0,0.75,92.05,0.77,67.27,0.78,180.0,0.01,0.01,2334.62581,1776347150000
1776347153.024,53.024,0.23,47.78,0.22,190.5,0.24,237.91,0.25,176.0,0.76,15.0,0.75,257.05,0.77,147.78,0.78,190.5,0.01,0.01,2334.405948,1776347151000
1776347153.992,53.992,0.23,44.73,0.22,190.5,0.24,357.91,0.25,176.0,0.76,382.91,0.75,176.0,0.77,46.1,0.78,190.5,0.01,0.01,2334.244156,1776347152000
1776347154.746,54.746,0.23,34.73,0.22,190.5,0.24,232.91,0.25,291.0,0.76,357.91,0.75,176.0,0.77,34.73,0.78,190.5,0.01,0.01,2334.240186,1776347153000
1776347156.147,56.147,0.23,240.73,0.22,421.49,0.25,67.07,0.26,51.0,0.76,232.91,0.75,291.0,0.77,34.73,0.78,190.5,0.02,0.01,2334.193803,1776347154000
1776347157.089,57.089,0.25,280.43,0.24,127.5,0.26,40.0,0.27,164.34,0.75,67.07,0.74,51.0,0.77,240.73,0.78,421.49,0.01,0.02,2334.209705,1776347155000
1776347159.075,59.075,0.27,296.5,0.26,201.5,0.28,5.0,0.29,50.0,0.74,60.0,0.73,214.34,0.75,221.43,0.76,117.5,0.01,0.01,2334.302665,1776347157000
1776347159.51,59.51,0.27,358.91,0.26,265.75,0.3,105.49,0.31,15.0,0.72,5.0,0.71,50.0,0.73,299.41,0.74,201.5,0.03,0.01,2334.715441,1776347158000
1776347160.308,60.308,0.29,342.49,0.28,361.5,0.3,5.49,0.32,200.0,0.7,105.49,0.69,15.0,0.73,358.91,0.74,265.75,0.01,0.03,2334.715441,1776347158000
1776347161.039,61.039,0.32,184.24,0.31,305.5,0.33,11.18,0.34,75.0,0.68,200.0,0.67,5.0,0.71,366.49,0.72,361.5,0.01,0.03,2335.10735,1776347160000
1776347161.389,61.389,0.32,197.05,0.31,125.5,0.33,10.0,0.34,10.0,0.67,11.18,0.66,75.0,0.68,184.24,0.69,305.5,0.01,0.01,2335.10735,1776347160000
1776347162.017,62.017,0.32,33.0,0.31,9.74,0.33,32.0,0.34,8.76,0.66,8.76,0.65,165.0,0.68,97.05,0.69,85.5,0.01,0.02,2335.10735,1776347160000
1776347162.351,62.351,0.32,26.0,0.31,9.74,0.33,44.0,0.34,8.76,0.67,32.0,0.66,8.76,0.68,33.0,0.69,9.74,0.01,0.01,2335.482938,1776347161000
1776347162.804,62.804,0.3,10.0,0.29,64.74,0.33,16.0,0.34,63.3,0.67,22.0,0.66,14.76,0.72,125.0,0.73,132.41,0.03,0.05,2335.482938,1776347161000
1776347163.103,63.103,0.3,18.74,0.29,19.74,0.31,3.54,0.32,10.0,0.69,10.0,0.68,10.0,0.7,38.74,0.71,19.74,0.01,0.01,2335.482938,1776347161000
1776347163.345,63.345,0.3,5.57,0.29,125.0,0.32,10.0,0.33,10.0,0.69,3.54,0.68,10.0,0.7,18.74,0.71,19.74,0.02,0.01,2335.748425,1776347162000
1776347164.561,64.561,0.31,246.05,0.3,106.07,0.32,25.0,0.33,60.0,0.68,10.0,0.67,10.0,0.7,5.57,0.71,125.0,0.01,0.02,2335.366845,1776347163000
1776347164.836,64.836,0.31,249.6,0.3,101.07,0.32,20.0,0.33,10.0,0.68,25.0,0.67,60.0,0.69,246.05,0.7,106.07,0.01,0.01,2335.366845,1776347163000
1776347165.25,65.25,0.31,224.26,0.3,126.07,0.32,20.0,0.33,80.5,0.68,20.0,0.67,10.0,0.69,249.6,0.7,101.07,0.01,0.01,2335.404609,1776347164000
1776347165.56,65.56,0.31,214.55,0.3,150.32,0.32,46.0,0.33,80.5,0.68,20.0,0.67,80.5,0.69,224.26,0.7,126.07,0.01,0.01,2335.404609,1776347164000
1776347166.139,66.139,0.3,35.0,0.29,123.0,0.32,174.5,0.33,85.5,0.68,20.0,0.67,80.5,0.69,192.8,0.7,154.49,0.02,0.01,2335.516529,1776347165000
1776347166.737,66.737,0.23,133.4,0.22,396.5,0.24,10.0,0.25,10.0,0.68,174.5,0.67,85.5,0.7,35.0,0.71,123.0,0.01,0.02,2335.516529,1776347165000
1776347166.962,66.962,0.23,96.91,0.22,396.5,0.24,15.0,0.25,66.49,0.76,10.0,0.75,66.49,0.77,127.91,0.78,436.5,0.01,0.01,2335.516529,1776347165000
1776347167.24,67.24,0.23,84.75,0.22,311.0,0.24,45.0,0.25,72.49,0.76,15.0,0.75,66.49,0.77,86.05,0.78,396.5,0.01,0.01,2335.516529,1776347165000
1776347167.585,67.585,0.22,290.0,0.21,320.0,0.24,100.0,0.25,79.49,0.76,57.0,0.75,79.49,0.77,74.75,0.78,290.0,0.02,0.01,2335.493141,1776347166000
1776347168.42,68.42,0.22,125.0,0.21,380.5,0.23,46.65,0.24,125.0,0.76,100.0,0.75,79.49,0.78,290.0,0.79,320.0,0.01,0.02,2335.493141,1776347166000
1776347168.793,68.793,0.22,76.0,0.21,390.24,0.23,130.0,0.24,10.0,0.77,191.78,0.76,10.0,0.78,40.0,0.79,380.5,0.01,0.01,2335.208574,1776347167000
1776347169.033,69.033,0.22,145.0,0.21,365.24,0.23,130.0,0.24,10.0,0.77,130.0,0.76,10.0,0.78,76.0,0.79,390.24,0.01,0.01,2335.208574,1776347167000
1776347169.348,69.348,0.22,29.21,0.21,377.2,0.23,159.0,0.24,20.5,0.77,130.0,0.76,10.0,0.78,145.0,0.79,365.24,0.01,0.01,2334.513162,1776347168000
1776347169.688,69.688,0.22,27.92,0.21,377.2,0.23,149.0,0.24,20.5,0.77,159.0,0.76,20.5,0.78,29.21,0.79,377.2,0.01,0.01,2334.513162,1776347168000
1776347170.586,70.586,0.22,114.66,0.21,437.2,0.24,3.54,0.25,67.0,0.77,154.0,0.76,10.0,0.78,24.92,0.79,377.2,0.02,0.01,2334.285436,1776347169000
1776347170.807,70.807,0.23,23.49,0.22,105.92,0.24,63.54,0.25,77.5,0.76,3.54,0.75,67.0,0.78,114.66,0.79,437.2,0.01,0.02,2334.285436,1776347169000
1776347171.218,71.218,0.22,81.5,0.21,406.45,0.24,207.54,0.25,102.5,0.76,63.54,0.75,77.5,0.77,23.49,0.78,105.92,0.02,0.01,2334.387032,1776347170000
1776347171.446,71.446,0.22,95.08,0.21,406.45,0.23,154.0,0.24,75.54,0.76,207.54,0.75,102.5,0.78,81.5,0.79,406.45,0.01,0.02,2334.387032,1776347170000
1776347172.294,72.294,0.22,20.0,0.21,416.19,0.23,221.01,0.24,84.04,0.77,34.0,0.76,140.54,0.78,98.14,0.79,406.45,0.01,0.01,2334.41372,1776347171000
1776347173.579,73.579,0.21,305.0,0.2,283.74,0.23,258.01,0.24,84.04,0.77,221.01,0.76,84.04,0.78,20.0,0.79,416.19,0.02,0.01,2334.41673,1776347172000
1776347175.697,75.697,0.21,519.49,0.2,289.0,0.22,20.0,0.23,66.75,0.77,258.01,0.76,84.04,0.79,305.0,0.8,283.74,0.01,0.02,2334.327444,1776347174000
1776347176.319,76.319,0.22,267.49,0.21,392.2,0.23,51.75,0.24,28.54,0.78,20.0,0.77,66.75,0.79,519.49,0.8,289.0,0.01,0.01,2334.217695,1776347175000
1776347176.571,76.571,0.22,281.49,0.21,402.2,0.23,55.75,0.24,30.0,0.77,51.75,0.76,28.54,0.78,267.49,0.79,392.2,0.01,0.01,2334.217695,1776347175000
1776347176.802,76.802,0.22,152.49,0.21,352.2,0.24,85.5,0.25,142.5,0.77,8.57,0.76,95.0,0.78,187.49,0.79,402.2,0.02,0.01,2334.217695,1776347175000
1776347177.266,77.266,0.2,179.74,0.19,96.96,0.23,352.5,0.24,85.5,0.76,85.5,0.75,142.5,0.78,152.49,0.79,352.2,0.03,0.02,2334.217695,1776347175000
1776347178.905,78.905,0.19,115.72,0.18,500.5,0.2,201.0,0.21,104.5,0.77,352.5,0.76,85.5,0.8,179.74,0.81,96.96,0.01,0.03,2334.473097,1776347177000
1776347182.214,82.214,0.19,162.64,0.18,696.15,0.2,464.36,0.21,158.0,0.8,15.0,0.79,80.0,0.81,138.25,0.82,500.5,0.01,0.01,2333.956845,1776347180000
1776347182.684,82.684,0.19,27.97,0.18,551.15,0.2,394.27,0.21,53.5,0.8,485.49,0.79,158.0,0.81,150.64,0.82,696.15,0.01,0.01,2334.091491,1776347181000
1776347182.991,82.991,0.18,464.4,0.17,430.0,0.2,353.5,0.21,103.5,0.8,353.5,0.79,103.5,0.81,2.39,0.82,534.64,0.02,0.01,2334.091491,1776347182000
1776347185.797,85.797,0.18,100.0,0.17,320.24,0.19,240.73,0.2,85.5,0.8,353.5,0.79,103.5,0.82,464.4,0.83,430.0,0.01,0.02,2333.9962,1776347184000
1776347186.441,86.441,0.18,68.92,0.17,368.99,0.19,114.9,0.2,85.5,0.81,279.9,0.8,85.5,0.82,98.42,0.83,343.49,0.01,0.01,2333.662003,1776347185000
1776347192.749,92.749,0.16,5.61,0.15,130.0,0.17,769.04,0.18,314.94,0.81,114.9,0.8,85.5,0.82,68.92,0.83,368.99,0.01,0.01,2333.442671,1776347191000
1776347194.062,94.062,0.16,1.43,0.15,10.0,0.17,384.5,0.18,227.5,0.83,769.04,0.82,314.94,0.84,3.22,0.85,130.0,0.01,0.01,2333.168681,1776347192000
1776347194.295,94.295,0.16,30.19,0.15,10.0,0.17,362.5,0.18,201.5,0.83,384.5,0.82,227.5,0.84,1.43,0.85,10.0,0.01,0.01,2333.135842,1776347193000
1776347195.684,95.684,0.15,240.49,0.14,372.4,0.16,125.88,0.17,65.0,0.83,906.16,0.82,255.94,0.84,28.19,0.86,295.5,0.01,0.01,2333.135631,1776347194000
1776347195.959,95.959,0.15,265.49,0.14,372.4,0.16,4.88,0.17,65.0,0.84,125.88,0.83,65.0,0.85,240.49,0.86,372.4,0.01,0.01,2333.135631,1776347194000
1776347196.251,96.251,0.15,263.72,0.14,372.4,0.16,445.11,0.17,122.26,0.84,4.88,0.83,65.0,0.85,265.49,0.86,372.4,0.01,0.01,2333.135631,1776347194000
1776347196.594,96.594,0.15,95.99,0.14,567.39,0.16,534.45,0.17,252.76,0.84,445.11,0.83,122.26,0.85,263.72,0.86,372.4,0.01,0.01,2333.290172,1776347195000
1776347197.16,97.16,0.14,330.0,0.13,290.29,0.16,325.38,0.17,224.5,0.84,546.45,0.83,252.76,0.85,93.96,0.86,567.39,0.02,0.01,2333.290172,1776347195000
1776347198.868,98.868,0.14,488.24,0.13,312.55,0.15,46.41,0.16,60.5,0.84,325.38,0.83,224.5,0.86,330.0,0.87,290.29,0.01,0.02,2333.545853,1776347197000
1776347199.11,99.11,0.16,16.69,0.14,530.24,0.17,16.0,0.18,10.0,0.85,33.31,0.83,16.0,0.86,535.24,0.87,312.55,0.01,0.01,2333.545853,1776347197000
1776347199.433,99.433,0.16,371.19,0.15,195.0,0.19,131.46,0.2,20.0,0.83,4.82,0.82,10.0,0.84,16.69,0.85,10.0,0.03,0.01,2333.308229,1776347198000
1776347199.919,99.919,0.18,327.58,0.17,95.5,0.19,112.93,0.2,25.0,0.81,102.93,0.8,20.0,0.83,200.57,0.84,96.19,0.01,0.02,2333.308229,1776347198000
1776347200.627,100.627,0.18,405.5,0.17,342.25,0.19,100.68,0.2,10.0,0.81,112.93,0.8,25.0,0.82,327.58,0.83,95.5,0.01,0.01,2333.308229,1776347198000
1776347200.874,100.874,0.18,418.75,0.17,308.0,0.19,435.0,0.2,10.0,0.81,435.0,0.8,10.0,0.82,418.75,0.83,309.0,0.01,0.01,2333.671195,1776347199000
1776347201.778,101.778,0.18,206.91,0.17,258.0,0.19,92.68,0.2,85.0,0.81,435.0,0.8,10.0,0.82,418.75,0.83,308.0,0.01,0.01,2334.036829,1776347200000
1776347203.096,103.096,0.18,251.95,0.17,278.0,0.19,30.68,0.2,55.0,0.81,92.68,0.8,85.0,0.82,206.91,0.83,258.0,0.01,0.01,2334.1099,1776347201000
1776347204.87,104.87,0.18,5.4,0.17,245.5,0.19,328.18,0.2,175.24,0.81,30.68,0.8,55.0,0.82,251.95,0.83,278.0,0.01,0.01,2334.227183,1776347203000
1776347206.497,106.497,0.18,179.5,0.17,245.5,0.19,434.7,0.2,99.74,0.81,328.18,0.8,175.24,0.82,5.4,0.83,245.5,0.01,0.01,2334.21148,1776347204000
1776347206.788,106.788,0.18,289.5,0.17,279.0,0.2,50.0,0.21,55.0,0.81,12.68,0.8,50.0,0.82,244.5,0.83,279.0,0.02,0.01,2334.21148,1776347204000
1776347209.134,109.134,0.18,176.49,0.17,195.0,0.19,146.0,0.2,134.5,0.8,42.0,0.79,60.0,0.81,10.5,0.82,439.24,0.01,0.01,2334.04843,1776347207000
1776347210.209,110.209,0.17,375.58,0.16,157.99,0.18,18.0,0.19,27.0,0.81,146.0,0.8,134.5,0.82,176.49,0.83,195.0,0.01,0.01,2334.45307,1776347209000
1776347211.96,111.96,0.19,452.15,0.18,187.9,0.2,46.0,0.21,55.0,0.82,18.0,0.81,27.0,0.83,375.58,0.84,157.99,0.01,0.01,2334.322202,1776347210000
1776347213.49,113.49,0.19,222.4,0.18,307.9,0.2,66.0,0.21,245.5,0.8,46.0,0.79,55.0,0.81,452.15,0.82,187.9,0.01,0.01,2334.433546,1776347212000
1776347217.349,117.349,0.17,281.52,0.16,297.98,0.18,10.0,0.19,23.0,0.8,66.0,0.79,245.5,0.81,222.4,0.82,307.9,0.01,0.01,2334.300153,1776347216000
1776347220.539,120.539,0.19,286.22,0.18,184.15,0.2,25.23,0.21,80.0,0.82,10.0,0.81,23.0,0.83,281.52,0.84,297.98,0.01,0.01,2334.339947,1776347219000
1776347220.81,120.81,0.19,408.46,0.18,194.15,0.2,90.23,0.21,80.0,0.8,25.23,0.79,80.0,0.81,286.22,0.82,184.15,0.01,0.01,2334.339947,1776347219000
1776347221.204,121.204,0.19,393.86,0.18,194.15,0.2,80.23,0.21,70.0,0.8,90.23,0.79,80.0,0.81,408.46,0.82,194.15,0.01,0.01,2334.339947,1776347219000
1776347221.687,121.687,0.19,100.0,0.18,166.25,0.2,93.5,0.21,145.5,0.8,65.0,0.79,70.0,0.81,388.79,0.82,264.15,0.01,0.01,2334.494342,1776347220000
1776347222.427,122.427,0.18,68.9,0.17,123.03,0.19,117.5,0.2,154.5,0.8,193.5,0.79,236.38,0.82,135.0,0.83,148.53,0.01,0.02,2334.494342,1776347220000
1776347222.673,122.673,0.18,37.9,0.17,123.03,0.19,279.22,0.2,94.5,0.81,117.5,0.8,154.5,0.82,68.9,0.83,123.03,0.01,0.01,2334.494342,1776347220000
1776347223.425,123.425,0.18,182.55,0.17,166.53,0.19,10.0,0.2,12.0,0.81,127.22,0.8,132.0,0.82,3.9,0.83,238.03,0.01,0.01,2334.57646,1776347221000
1776347223.894,123.894,0.19,56.14,0.18,220.5,0.2,72.01,0.21,100.5,0.81,10.0,0.8,12.0,0.82,182.55,0.83,166.53,0.01,0.01,2334.580465,1776347222000
1776347225.209,125.209,0.16,16.07,0.15,35.0,0.18,543.5,0.19,300.5,0.8,72.01,0.79,100.5,0.81,59.14,0.82,220.5,0.02,0.01,2334.367963,1776347223000
1776347234.979,134.979,0.11,398.03,0.1,767.99,0.12,14.88,0.13,65.0,0.83,137.0,0.82,489.5,0.85,35.0,0.86,200.0,0.01,0.02,2333.148904,1776347233000
1776347235.21,135.21,0.11,362.79,0.1,777.99,0.13,10.0,0.14,85.0,0.88,14.88,0.87,65.0,0.89,398.03,0.9,767.99,0.02,0.01,2333.173778,1776347234000
1776347236.024,136.024,0.11,184.74,0.1,312.99,0.12,10.0,0.13,65.0,0.87,10.0,0.86,85.0,0.89,362.79,0.9,777.99,0.01,0.02,2333.173778,1776347234000
1776347236.488,136.488,0.11,199.74,0.1,312.99,0.12,10.67,0.13,15.0,0.88,10.0,0.87,65.0,0.89,184.74,0.9,312.99,0.01,0.01,2333.203847,1776347235000
1776347236.768,136.768,0.11,31.43,0.1,312.99,0.12,10.67,0.13,65.0,0.88,10.67,0.87,60.0,0.89,186.96,0.9,312.99,0.01,0.01,2333.203847,1776347235000
1776347237.075,137.075,0.11,9.22,0.1,186.0,0.12,310.67,0.13,168.0,0.88,10.67,0.87,65.0,0.89,31.43,0.9,312.99,0.01,0.01,2333.203847,1776347235000
1776347237.382,137.382,0.1,186.0,0.09,21.0,0.11,90.78,0.12,415.67,0.88,310.67,0.87,168.0,0.89,9.22,0.9,186.0,0.01,0.01,2333.466635,1776347236000
1776347237.969,137.969,0.1,202.61,0.09,21.0,0.11,277.13,0.12,383.67,0.89,90.78,0.88,415.67,0.9,186.0,0.91,21.0,0.01,0.01,2333.466635,1776347236000
1776347239.331,139.331,0.1,198.15,0.09,51.0,0.11,407.13,0.12,283.67,0.89,277.13,0.88,383.67,0.9,201.49,0.91,21.0,0.01,0.01,2333.120279,1776347238000
1776347239.589,139.589,0.1,195.36,0.09,51.0,0.11,402.13,0.12,283.67,0.89,407.13,0.88,283.67,0.9,197.03,0.91,51.0,0.01,0.01,2333.120279,1776347238000
1776347239.861,139.861,0.1,191.69,0.09,51.0,0.11,402.13,0.12,283.67,0.89,407.13,0.88,283.67,0.9,193.69,0.91,51.0,0.01,0.01,2333.120279,1776347238000
1776347240.275,140.275,0.1,191.35,0.09,51.0,0.11,407.13,0.12,277.67,0.89,407.13,0.88,283.67,0.9,193.35,0.91,51.0,0.01,0.01,2333.120279,1776347238000
1776347240.668,140.668,0.1,183.01,0.09,51.0,0.11,402.13,0.12,277.67,0.89,407.13,0.88,277.67,0.9,191.35,0.91,51.0,0.01,0.01,2332.983401,1776347239000
1776347242.14,142.14,0.1,170.29,0.09,51.0,0.11,122.35,0.12,183.47,0.89,407.13,0.88,283.47,0.9,179.39,0.91,51.0,0.01,0.01,2333.022146,1776347241000
1776347242.417,142.417,0.1,277.29,0.09,117.0,0.11,4.35,0.12,59.67,0.89,122.35,0.88,183.47,0.9,170.29,0.91,51.0,0.01,0.01,2333.022146,1776347241000
1776347244.04,144.04,0.1,124.29,0.09,112.0,0.11,70.35,0.12,159.67,0.89,4.35,0.88,59.67,0.9,277.29,0.91,117.0,0.01,0.01,2333.059172,1776347243000
1776347244.394,144.394,0.1,117.06,0.09,67.0,0.11,306.25,0.12,159.67,0.89,61.25,0.88,159.67,0.9,119.29,0.91,112.0,0.01,0.01,2333.059172,1776347243000
1776347244.625,144.625,0.1,90.92,0.09,67.0,0.11,288.25,0.12,159.67,0.89,306.25,0.88,159.67,0.9,92.59,0.91,67.0,0.01,0.01,2333.059172,1776347243000
1776347245.01,145.01,0.1,82.57,0.09,117.0,0.11,274.15,0.12,159.67,0.89,283.25,0.88,159.67,0.9,82.57,0.91,117.0,0.01,0.01,2333.298406,1776347244000
1776347245.531,145.531,0.09,74.0,0.08,27.0,0.11,418.15,0.12,167.67,0.89,274.15,0.88,159.67,0.9,82.57,0.91,117.0,0.02,0.01,2333.298406,1776347244000
1776347247.402,147.402,0.09,58.0,0.08,74.0,0.1,388.0,0.11,326.15,0.89,418.15,0.88,167.67,0.91,74.0,0.92,27.0,0.01,0.02,2333.24903,1776347246000
1776347248.233,148.233,0.09,25.25,0.08,27.0,0.1,395.16,0.11,225.15,0.9,383.0,0.89,326.15,0.91,55.25,0.92,74.0,0.01,0.01,2333.143543,1776347247000
1776347249.983,149.983,0.12,10.0,0.11,78.0,0.13,54.88,0.14,65.0,0.9,395.16,0.89,225.15,0.91,25.25,0.92,27.0,0.01,0.01,2333.077875,1776347248000
1776347250.416,150.416,0.12,10.0,0.11,105.0,0.13,159.88,0.14,65.0,0.87,54.88,0.86,65.0,0.88,10.0,0.89,78.0,0.01,0.01,2333.173132,1776347249000
1776347251.019,151.019,0.12,21.86,0.11,105.0,0.13,200.0,0.14,65.0,0.87,159.88,0.86,65.0,0.88,10.0,0.89,105.0,0.01,0.01,2333.173132,1776347249000
1776347252.026,152.026,0.11,149.83,0.1,277.0,0.12,7.5,0.13,10.0,0.87,200.0,0.86,65.0,0.88,16.63,0.89,105.0,0.01,0.01,2333.350065,1776347250000
1776347252.374,152.374,0.11,117.7,0.1,277.0,0.12,27.5,0.13,180.0,0.88,7.5,0.87,10.0,0.89,149.83,0.9,277.0,0.01,0.01,2333.6735,1776347251000
1776347252.732,152.732,0.1,10.0,0.09,68.25,0.12,405.5,0.13,165.0,0.88,27.5,0.87,180.0,0.89,117.7,0.9,277.0,0.02,0.01,2333.6735,1776347251000
1776347252.972,152.972,0.1,14.0,0.09,68.25,0.11,58.13,0.12,241.0,0.89,20.41,0.88,361.0,0.9,14.0,0.91,85.25,0.01,0.01,2333.6735,1776347251000
1776347254.55,154.55,0.09,13.25,0.08,22.0,0.1,7.0,0.11,328.13,0.89,58.13,0.88,241.0,0.9,14.0,0.91,68.25,0.01,0.01,2333.817411,1776347253000
1776347254.951,154.951,0.08,89.44,0.07,312.3,0.09,96.25,0.1,177.0,0.9,7.0,0.89,296.13,0.92,9.44,0.93,180.3,0.01,0.02,2333.817411,1776347253000
1776347255.75,155.75,0.08,9.44,0.07,169.0,0.09,262.69,0.1,172.0,0.91,96.25,0.9,177.0,0.92,89.44,0.93,312.3,0.01,0.01,2333.817411,1776347253000
1776347256.852,156.852,0.08,27.44,0.07,169.0,0.09,136.68,0.1,287.0,0.91,262.69,0.9,172.0,0.92,9.44,0.93,169.0,0.01,0.01,2333.423154,1776347255000
1776347258.165,158.165,0.08,12.62,0.07,310.3,0.09,84.25,0.1,187.0,0.91,136.68,0.9,287.0,0.92,27.44,0.93,169.0,0.01,0.01,2333.324075,1776347256000
1776347259.201,159.201,0.08,278.0,0.07,195.3,0.1,13.52,0.11,65.0,0.91,84.25,0.9,187.0,0.92,19.35,0.93,310.3,0.02,0.01,2333.288184,1776347258000
1776347259.564,159.564,0.1,5.77,0.09,231.0,0.11,65.0,0.12,180.0,0.9,13.52,0.89,65.0,0.92,278.0,0.93,195.3,0.01,0.02,2333.288184,1776347258000
1776347259.973,159.973,0.1,41.18,0.09,55.0,0.11,185.0,0.12,65.0,0.89,65.0,0.88,180.0,0.9,5.77,0.91,231.0,0.01,0.01,2333.288184,1776347258000
1776347260.341,160.341,0.1,17.18,0.09,105.0,0.11,270.0,0.12,165.0,0.89,185.0,0.88,65.0,0.9,41.18,0.91,55.0,0.01,0.01,2333.288184,1776347258000
1776347262.266,162.266,0.09,21.86,0.08,10.0,0.1,297.0,0.11,215.0,0.89,285.0,0.88,165.0,0.91,105.0,0.92,301.9,0.01,0.02,2333.590095,1776347261000
1776347263.88,163.88,0.07,24.0,0.06,146.0,0.08,7.0,0.09,141.0,0.9,297.0,0.89,215.0,0.91,21.86,0.92,10.0,0.01,0.01,2333.64621,1776347262000
1776347264.827,164.827,0.07,14.0,0.06,26.0,0.08,434.0,0.09,221.0,0.92,7.0,0.91,141.0,0.93,24.0,0.94,146.0,0.01,0.01,2333.613465,1776347263000
1776347265.15,165.15,0.06,9.61,0.05,223.3,0.07,271.38,0.08,408.23,0.93,86.0,0.92,434.0,0.94,26.0,0.95,223.3,0.01,0.01,2333.613465,1776347263000
1776347265.378,165.378,0.06,4.61,0.05,223.3,0.07,220.38,0.08,304.0,0.93,271.38,0.92,408.23,0.94,9.61,0.95,223.3,0.01,0.01,2333.613465,1776347263000
1776347266.217,166.217,0.05,223.3,0.04,178.0,0.06,49.39,0.07,537.61,0.93,371.38,0.92,304.0,0.94,0.61,0.95,223.3,0.01,0.01,2333.219537,1776347264000
1776347266.526,166.526,0.05,217.13,0.04,178.0,0.06,263.39,0.07,446.38,0.94,49.39,0.93,537.61,0.95,223.3,0.96,178.0,0.01,0.01,2333.084552,1776347265000
1776347266.74,166.74,0.05,217.13,0.04,195.0,0.06,261.67,0.07,466.38,0.94,263.39,0.93,446.38,0.95,217.13,0.96,178.0,0.01,0.01,2333.084552,1776347265000
1776347268.205,168.205,0.05,294.13,0.04,178.0,0.06,207.67,0.07,577.37,0.94,261.67,0.93,466.38,0.95,217.13,0.96,195.0,0.01,0.01,2332.513849,1776347266000
1776347269.658,169.658,0.05,287.59,0.04,178.0,0.06,160.0,0.07,315.38,0.94,207.67,0.93,577.37,0.95,293.07,0.96,178.0,0.01,0.01,2332.243372,1776347268000
1776347270.382,170.382,0.05,276.32,0.04,178.0,0.06,280.0,0.07,428.37,0.94,160.0,0.93,315.38,0.95,282.32,0.96,178.0,0.01,0.01,2332.243372,1776347268000
1776347271.176,171.176,0.05,275.32,0.04,178.0,0.06,227.0,0.07,489.67,0.94,227.0,0.93,498.91,0.95,276.32,0.96,178.0,0.01,0.01,2332.351201,1776347269000
1776347271.875,171.875,0.05,266.32,0.04,178.0,0.06,264.0,0.07,510.67,0.94,227.0,0.93,489.67,0.95,275.32,0.96,178.0,0.01,0.01,2332.425224,1776347270000
1776347274.195,174.195,0.05,249.41,0.04,213.0,0.06,438.99,0.07,470.44,0.94,264.0,0.93,510.67,0.95,266.32,0.96,178.0,0.01,0.01,2332.33816,1776347272000
1776347274.519,174.519,0.05,218.71,0.04,178.0,0.06,438.99,0.07,470.44,0.94,438.99,0.93,470.44,0.95,249.41,0.96,213.0,0.01,0.01,2332.30616,1776347273000
1776347274.807,174.807,0.05,190.99,0.04,178.0,0.06,210.0,0.07,549.67,0.94,438.99,0.93,470.44,0.95,218.71,0.96,178.0,0.01,0.01,2332.30616,1776347273000
1776347275.462,175.462,0.05,184.99,0.04,178.0,0.06,210.0,0.07,534.67,0.94,210.0,0.93,549.67,0.95,190.99,0.96,178.0,0.01,0.01,2332.275555,1776347274000
1776347275.792,175.792,0.05,130.72,0.04,178.0,0.06,210.0,0.07,534.67,0.94,215.0,0.93,534.67,0.95,135.99,0.96,178.0,0.01,0.01,2332.275555,1776347274000
1776347277.051,177.051,0.05,345.72,0.04,209.0,0.06,5.0,0.07,91.38,0.94,210.0,0.93,534.67,0.95,130.72,0.96,178.0,0.01,0.01,2332.207902,1776347275000
1776347277.777,177.777,0.07,233.92,0.06,192.68,0.08,15.0,0.09,96.57,0.92,42.08,0.91,96.57,0.94,131.68,0.95,287.72,0.01,0.02,2332.368618,1776347276000
1776347278.112,178.112,0.07,199.4,0.06,345.07,0.08,15.0,0.09,211.57,0.92,15.0,0.91,96.57,0.93,205.4,0.94,192.68,0.01,0.01,2332.397479,1776347277000
1776347278.469,178.469,0.07,244.4,0.06,361.07,0.08,15.0,0.09,211.57,0.92,15.0,0.91,211.57,0.93,251.4,0.94,361.07,0.01,0.01,2332.397479,1776347277000
1776347278.672,178.672,0.07,199.4,0.06,356.07,0.08,5.0,0.09,211.57,0.92,5.0,0.91,211.57,0.93,201.4,0.94,356.07,0.01,0.01,2332.397479,1776347277000
1776347278.876,178.876,0.07,292.4,0.06,356.07,0.08,5.0,0.09,161.57,0.92,5.0,0.91,211.57,0.93,199.4,0.94,356.07,0.01,0.01,2332.397479,1776347277000
1776347279.987,179.987,0.08,36.45,0.07,191.4,0.09,46.57,0.1,402.2,0.91,161.57,0.9,287.2,0.92,12.0,0.93,316.4,0.01,0.01,2332.875026,1776347278000
1776347280.363,180.363,0.08,24.0,0.07,220.4,0.09,46.57,0.1,402.2,0.91,46.57,0.9,402.2,0.92,36.45,0.93,191.4,0.01,0.01,2333.1744,1776347279000
1776347280.588,180.588,0.07,204.8,0.06,306.48,0.09,46.57,0.1,402.2,0.91,51.57,0.9,402.2,0.93,215.02,0.94,306.48,0.02,0.02,2333.1744,1776347279000
1776347280.927,180.927,0.07,199.8,0.06,306.48,0.1,402.2,0.11,235.0,0.91,46.57,0.9,402.2,0.93,204.8,0.94,306.48,0.03,0.02,2333.1744,1776347279000
1776347281.491,181.491,0.07,4.69,0.06,119.48,0.08,239.0,0.09,160.0,0.91,10.0,0.9,402.2,0.93,193.41,0.94,306.48,0.01,0.02,2333.27935,1776347280000
1776347281.835,181.835,0.07,2.54,0.06,26.68,0.08,220.25,0.09,178.0,0.92,234.0,0.91,178.0,0.93,2.54,0.94,21.68,0.01,0.01,2333.27935,1776347280000
1776347283.797,183.797,0.06,16.11,0.05,30.72,0.07,196.0,0.08,232.0,0.92,215.25,0.91,178.0,0.94,7.91,0.95,362.52,0.01,0.02,2333.401303,1776347282000
1776347284.384,184.384,0.05,44.72,0.04,68.0,0.06,167.0,0.07,396.99,0.93,196.0,0.92,232.0,0.94,16.11,0.95,30.72,0.01,0.01,2333.1679,1776347283000
1776347285.188,185.188,0.05,42.43,0.04,63.0,0.06,316.99,0.07,280.76,0.94,167.0,0.93,396.99,0.95,44.72,0.96,68.0,0.01,0.01,2333.1679,1776347283000
1776347285.729,185.729,0.05,69.37,0.04,63.0,0.06,317.99,0.07,336.06,0.94,316.99,0.93,280.76,0.95,42.43,0.96,63.0,0.01,0.01,2333.092409,1776347284000
1776347286.049,186.049,0.05,68.37,0.04,68.0,0.06,115.0,0.07,336.53,0.94,317.99,0.93,336.06,0.95,69.37,0.96,63.0,0.01,0.01,2332.811335,1776347285000
1776347286.548,186.548,0.05,37.37,0.04,90.0,0.06,170.0,0.07,229.3,0.94,115.0,0.93,336.53,0.95,68.37,0.96,68.0,0.01,0.01,2332.811335,1776347285000
1776347286.835,186.835,0.05,31.37,0.04,90.0,0.06,170.0,0.07,229.3,0.94,170.0,0.93,229.3,0.95,37.37,0.96,90.0,0.01,0.01,2332.811335,1776347285000
1776347287.25,187.25,0.04,155.0,0.03,622.7,0.05,94.63,0.06,210.7,0.95,14.63,0.94,205.0,0.96,80.0,0.97,622.7,0.01,0.01,2332.811335,1776347285000
1776347287.546,187.546,0.04,143.63,0.03,622.7,0.05,227.75,0.06,215.7,0.95,144.63,0.94,215.7,0.96,149.63,0.97,622.7,0.01,0.01,2332.811335,1776347285000
1776347288.317,188.317,0.04,95.16,0.03,706.7,0.05,69.12,0.06,165.7,0.95,227.75,0.94,215.7,0.96,112.16,0.97,622.7,0.01,0.01,2332.537677,1776347286000
1776347288.529,188.529,0.04,37.0,0.03,706.7,0.05,69.12,0.06,175.7,0.95,69.12,0.94,165.7,0.96,17.15,0.97,706.7,0.01,0.01,2332.604193,1776347287000
1776347289.138,189.138,0.03,355.84,0.02,865.94,0.04,368.0,0.05,364.62,0.95,69.12,0.94,175.7,0.96,27.0,0.97,706.7,0.01,0.01,2332.624015,1776347288000
1776347289.755,189.755,0.03,350.84,0.02,744.7,0.04,261.0,0.05,239.62,0.96,368.0,0.95,364.62,0.97,355.84,0.98,865.94,0.01,0.01,2332.624015,1776347288000
1776347289.961,189.961,0.03,292.84,0.02,859.7,0.04,360.0,0.05,229.62,0.96,365.0,0.95,229.62,0.97,297.84,0.98,859.7,0.01,0.01,2332.624015,1776347288000
1776347290.581,190.581,0.03,335.84,0.02,859.7,0.04,313.0,0.05,344.62,0.96,360.0,0.95,229.62,0.97,287.84,0.98,859.7,0.01,0.01,2332.696882,1776347289000
1776347290.83,190.83,0.03,335.84,0.02,744.7,0.04,313.0,0.05,344.62,0.96,313.0,0.95,344.62,0.97,335.84,0.98,859.7,0.01,0.01,2332.696882,1776347289000
1776347291.092,191.092,0.03,432.84,0.02,744.7,0.04,263.0,0.05,344.62,0.96,313.0,0.95,344.62,0.97,324.84,0.98,744.7,0.01,0.01,2332.696882,1776347289000
1776347291.705,191.705,0.03,221.84,0.02,593.7,0.04,460.3,0.05,444.42,0.96,280.3,0.95,344.62,0.97,405.84,0.98,744.7,0.01,0.01,2332.569409,1776347290000
1776347291.931,191.931,0.03,215.8,0.02,776.7,0.04,493.3,0.05,425.42,0.96,460.3,0.95,444.42,0.97,221.84,0.98,593.7,0.01,0.01,2332.569409,1776347290000
1776347292.561,192.561,0.03,212.68,0.02,593.7,0.04,381.8,0.05,523.65,0.96,488.3,0.95,425.42,0.97,212.68,0.98,776.7,0.01,0.01,2332.521929,1776347291000
1776347292.808,192.808,0.03,446.38,0.02,605.7,0.04,136.8,0.05,69.12,0.96,381.8,0.95,523.65,0.97,212.68,0.98,593.7,0.01,0.01,2332.521929,1776347291000
1776347293.679,193.679,0.03,772.34,0.02,847.05,0.04,36.8,0.05,69.12,0.96,36.8,0.95,69.12,0.97,807.38,0.98,834.7,0.01,0.01,2332.482795,1776347292000
1776347293.901,193.901,0.03,767.14,0.02,847.05,0.04,0.8,0.05,69.12,0.96,0.8,0.95,69.12,0.97,768.18,0.98,847.05,0.01,0.01,2332.482795,1776347292000
1776347294.457,194.457,0.03,801.14,0.02,847.05,0.05,59.92,0.06,150.7,0.96,0.8,0.95,69.12,0.97,767.14,0.98,847.05,0.02,0.01,2332.364852,1776347293000
1776347294.663,194.663,0.04,283.95,0.03,681.14,0.05,59.92,0.06,150.7,0.95,59.92,0.94,150.7,0.97,801.14,0.98,847.05,0.01,0.02,2332.364852,1776347293000
1776347294.967,194.967,0.04,197.75,0.03,691.14,0.05,115.92,0.06,201.2,0.95,59.92,0.94,150.7,0.96,283.95,0.97,681.14,0.01,0.01,2332.364852,1776347293000
1776347295.505,195.505,0.03,411.09,0.02,541.05,0.05,240.92,0.06,86.2,0.95,115.92,0.94,201.2,0.96,197.75,0.97,691.14,0.02,0.01,2332.946911,1776347294000
1776347295.805,195.805,0.03,544.09,0.02,825.05,0.04,48.89,0.05,134.92,0.95,240.92,0.94,86.2,0.97,411.09,0.98,541.05,0.01,0.02,2332.946911,1776347294000
1776347296.012,196.012,0.03,743.09,0.02,825.05,0.04,47.14,0.05,74.92,0.96,48.89,0.95,134.92,0.97,544.09,0.98,825.05,0.01,0.01,2332.946911,1776347294000
1776347296.786,196.786,0.03,477.03,0.02,940.05,0.04,52.14,0.05,135.42,0.96,47.14,0.95,74.92,0.97,743.09,0.98,825.05,0.01,0.01,2333.029285,1776347295000
1776347297.828,197.828,0.03,115.33,0.02,890.05,0.04,108.64,0.05,272.42,0.96,85.14,0.95,135.42,0.97,462.03,0.98,940.05,0.01,0.01,2332.867976,1776347296000
1776347300.78,200.78,0.03,115.18,0.02,836.05,0.04,47.14,0.05,250.42,0.96,108.64,0.95,272.42,0.97,115.33,0.98,890.05,0.01,0.01,2332.743977,1776347299000
1776347302.826,202.826,0.03,100.18,0.02,765.05,0.04,271.64,0.05,311.22,0.96,47.14,0.95,250.42,0.97,115.18,0.98,836.05,0.01,0.01,2332.714189,1776347301000
1776347303.62,203.62,0.03,95.18,0.02,307.35,0.04,501.34,0.05,346.22,0.96,271.64,0.95,311.22,0.97,100.18,0.98,765.05,0.01,0.01,2332.714189,1776347301000
1776347303.979,203.979,0.03,52.2,0.02,307.35,0.04,326.34,0.05,316.22,0.96,501.34,0.95,346.22,0.97,65.58,0.98,307.35,0.01,0.01,2332.836393,1776347302000
1776347308.502,208.502,0.03,36.89,0.02,302.35,0.04,931.33,0.05,367.13,0.96,301.34,0.95,339.13,0.97,52.2,0.98,420.35,0.01,0.01,2332.724651,1776347307000
1776347310.181,210.181,0.02,302.35,0.01,2302.25,0.03,710.96,0.04,554.34,0.97,63.11,0.96,847.33,0.98,302.35,0.99,2310.25,0.01,0.01,2332.563521,1776347308000
1776347310.728,210.728,0.02,297.35,0.01,2321.25,0.03,703.96,0.04,484.34,0.97,710.96,0.96,554.34,0.98,302.35,0.99,2302.25,0.01,0.01,2332.456112,1776347309000
1776347311.88,211.88,0.02,298.26,0.01,2279.25,0.03,541.97,0.04,484.34,0.97,703.96,0.96,484.34,0.98,297.35,0.99,2321.25,0.01,0.01,2331.821725,1776347310000
1776347312.809,212.809,0.02,210.07,0.01,2048.65,0.03,471.58,0.04,484.34,0.97,551.24,0.96,484.34,0.98,210.07,0.99,2412.25,0.01,0.01,2331.811604,1776347311000
1776347313.091,213.091,0.02,161.5,0.01,2048.65,0.03,541.55,0.04,384.34,0.97,532.28,0.96,484.34,0.98,166.56,0.99,2048.65,0.01,0.01,2331.811604,1776347311000
1776347313.395,213.395,0.02,99.22,0.01,2048.65,0.03,552.46,0.04,384.34,0.97,538.19,0.96,384.34,0.98,99.32,0.99,2048.65,0.01,0.01,2331.811604,1776347311000
1776347313.834,213.834,0.02,81.98,0.01,2048.65,0.03,550.19,0.04,385.34,0.97,547.46,0.96,384.34,0.98,93.19,0.99,2048.65,0.01,0.01,2331.946469,1776347312000
1776347314.144,214.144,0.01,1718.92,,,0.02,117.5,0.03,450.19,0.97,550.19,0.96,390.34,0.99,1869.94,,,0.01,0.02,2331.946469,1776347312000
1776347314.428,214.428,0.01,1742.47,,,0.02,360.38,0.03,499.19,0.98,117.5,0.97,450.19,0.99,1718.92,,,0.01,0.01,2331.965745,1776347313000
1776347315.617,215.617,0.01,1614.47,,,0.02,410.38,0.03,473.19,0.98,360.38,0.97,499.19,0.99,1742.47,,,0.01,0.01,2331.965745,1776347313000
1776347316.777,216.777,0.01,1504.47,,,0.02,406.96,0.03,509.19,0.98,415.38,0.97,487.19,0.99,1572.47,,,0.01,0.01,2331.907261,1776347315000
1776347317.411,217.411,0.01,1494.94,,,0.02,323.57,0.03,509.19,0.98,406.96,0.97,509.19,0.99,1508.45,,,0.01,0.01,2331.887688,1776347316000
1776347317.888,217.888,0.01,1493.92,,,0.02,323.57,0.03,509.19,0.98,323.57,0.97,509.19,0.99,1494.94,,,0.01,0.01,2331.887688,1776347316000
1776347318.614,218.614,0.01,1438.63,,,0.02,328.57,0.03,530.19,0.98,323.57,0.97,509.19,0.99,1493.92,,,0.01,0.01,2331.887688,1776347316000
1776347321.684,221.684,0.01,1457.43,,,0.02,139.37,0.03,447.28,0.98,328.57,0.97,530.19,0.99,1438.63,,,0.01,0.01,2331.948364,1776347320000
1776347322.097,222.097,0.01,1871.8,,,0.02,114.89,0.03,457.19,0.98,127.07,0.97,447.28,0.99,1815.01,,,0.01,0.01,2331.948364,1776347320000
1776347322.511,222.511,0.01,1300.18,,,0.02,119.07,0.03,452.28,0.98,119.07,0.97,457.19,0.99,1408.18,,,0.01,0.01,2332.120268,1776347321000
1776347323.063,223.063,0.01,2158.78,,,0.02,55.19,0.03,70.0,0.98,119.07,0.97,452.28,0.99,1300.18,,,0.01,0.01,2332.120268,1776347321000
1776347323.577,223.577,0.01,2257.76,,,0.02,90.37,0.03,70.0,0.98,55.19,0.97,70.0,0.99,2157.76,,,0.01,0.01,2332.168656,1776347322000
1776347328.877,228.877,0.01,2462.76,,,0.02,0.37,0.03,30.0,0.98,90.37,0.97,70.0,0.99,2257.76,,,0.01,0.01,2332.889207,1776347327000
1776347329.55,229.55,0.03,167.0,0.02,509.7,0.04,9.51,0.05,130.0,0.96,19.51,0.95,145.5,0.98,269.0,0.99,2342.76,0.01,0.02,2332.982651,1776347328000
1776347331.953,231.953,0.02,208.7,0.01,2242.76,0.04,302.32,0.05,343.49,0.96,9.51,0.95,130.0,0.97,167.0,0.98,509.7,0.02,0.01,2333.248537,1776347330000
1776347332.292,232.292,0.03,5.0,0.02,282.7,0.04,201.82,0.05,85.5,0.96,302.32,0.95,343.49,0.98,208.7,0.99,2242.76,0.01,0.02,2333.522408,1776347331000
1776347336.646,236.646,0.02,190.62,0.01,2242.76,0.04,298.81,0.05,238.49,0.96,201.82,0.95,85.5,0.97,5.0,0.98,282.7,0.02,0.01,2333.436071,1776347335000
1776347336.871,236.871,0.02,114.12,0.01,2242.76,0.04,298.81,0.05,414.29,0.96,298.81,0.95,238.49,0.98,190.62,0.99,2242.76,0.02,0.02,2333.436071,1776347335000
1776347337.306,237.306,0.02,1.92,0.01,2057.76,0.03,17.0,0.04,298.81,0.96,298.81,0.95,414.29,0.98,114.12,0.99,2242.76,0.01,0.02,2333.506531,1776347336000
1776347337.928,237.928,0.01,1595.76,,,0.02,70.25,0.03,587.49,0.97,17.0,0.96,298.81,0.98,1.92,0.99,2057.76,0.01,0.01,2333.506531,1776347336000
1776347339.322,239.322,0.01,1696.76,,,0.03,482.9,0.04,552.5,0.98,85.4,0.97,457.58,0.99,1620.76,,,0.02,0.01,2333.472645,1776347338000
1776347341.209,241.209,0.01,1542.76,,,0.03,653.89,0.04,321.92,0.97,482.9,0.96,552.5,0.99,1696.76,,,0.02,0.02,2333.18415,1776347340000
1776347341.909,241.909,0.01,1838.74,,,0.02,73.0,0.03,663.89,0.98,73.0,0.97,668.89,0.99,1546.74,,,0.01,0.01,2333.18415,1776347340000
1776347342.964,242.964,0.01,1820.74,,,0.03,175.0,0.04,405.0,0.98,73.0,0.97,663.89,0.99,1838.74,,,0.02,0.01,2333.271964,1776347341000
1776347343.524,243.524,0.01,1566.72,,,0.02,55.0,0.03,444.69,0.97,175.0,0.96,405.0,0.99,1820.74,,,0.01,0.02,2333.195796,1776347342000
1776347343.791,243.791,0.01,1556.67,,,0.02,50.0,0.03,444.69,0.98,50.0,0.97,444.69,0.99,1561.72,,,0.01,0.01,2333.195796,1776347342000
1776347345.107,245.107,0.01,1383.05,,,0.03,456.69,0.04,315.92,0.98,50.0,0.97,444.69,0.99,1556.67,,,0.02,0.01,2333.320133,1776347344000
1776347345.464,245.464,0.01,1362.03,,,0.03,456.69,0.04,315.92,0.97,456.69,0.96,315.92,0.99,1383.05,,,0.02,0.02,2333.320133,1776347344000
1776347347.713,247.713,0.01,1463.6,,,0.03,449.69,0.04,315.92,0.98,183.7,0.97,456.69,0.99,1357.03,,,0.02,0.01,2333.277564,1776347346000
1776347350.406,250.406,0.01,1443.89,,,0.02,214.0,0.03,474.69,0.97,449.69,0.96,315.92,0.99,1463.6,,,0.01,0.02,2333.347224,1776347349000
1776347350.863,250.863,0.01,1056.84,,,0.02,30.3,0.03,461.69,0.98,214.0,0.97,474.69,0.99,1441.86,,,0.01,0.01,2333.347224,1776347349000
1776347351.423,251.423,0.01,1038.81,,,0.02,48.3,0.03,478.69,0.98,30.3,0.97,461.69,0.99,1056.84,,,0.01,0.01,2333.303989,1776347350000
1776347352.731,252.731,0.01,1023.7,,,0.02,214.0,0.03,494.69,0.98,48.3,0.97,478.69,0.99,1033.81,,,0.01,0.01,2333.350183,1776347351000
1776347353.268,253.268,0.01,1018.65,,,0.02,214.0,0.03,494.69,0.98,214.0,0.97,494.69,0.99,1023.7,,,0.01,0.01,2333.425895,1776347352000
1776347354.44,254.44,0.01,1008.54,,,0.02,380.99,0.03,409.61,0.98,214.0,0.97,494.69,0.99,1018.65,,,0.01,0.01,2333.425895,1776347352000
1776347354.777,254.777,0.01,905.54,,,0.02,380.99,0.03,409.61,0.98,380.99,0.97,409.61,0.99,902.54,,,0.01,0.01,2333.395493,1776347353000
1776347355.377,255.377,0.01,895.49,,,0.02,434.19,0.03,409.61,0.98,380.99,0.97,409.61,0.99,905.54,,,0.01,0.01,2333.395493,1776347354000
1776347355.674,255.674,0.01,838.46,,,0.02,515.19,0.03,409.61,0.98,434.19,0.97,409.61,0.99,843.46,,,0.01,0.01,2333.395493,1776347354000
1776347355.932,255.932,0.01,828.36,,,0.02,521.19,0.03,409.61,0.98,516.19,0.97,409.61,0.99,833.41,,,0.01,0.01,2333.395493,1776347354000
1776347356.364,256.364,0.01,782.93,,,0.02,521.19,0.03,409.61,0.98,516.19,0.97,409.61,0.99,787.93,,,0.01,0.01,2333.347743,1776347355000
1776347356.565,256.565,0.01,779.88,,,0.02,641.19,0.03,294.61,0.98,652.19,0.97,294.61,0.99,781.91,,,0.01,0.01,2333.347743,1776347355000
1776347356.804,256.804,0.01,717.2,,,0.02,732.19,0.03,250.7,0.98,662.19,0.97,294.61,0.99,718.22,,,0.01,0.01,2333.347743,1776347355000
1776347357.217,257.217,,,,,0.01,6406.76,0.02,788.19,0.99,1290.81,0.98,773.19,,,,,,,2333.225763,1776347356000
1776347357.462,257.462,,,,,0.01,6395.15,0.02,783.19,0.99,6405.13,0.98,788.19,,,,,,,2333.225763,1776347356000
1776347357.95,257.95,,,,,0.01,6483.67,0.02,773.19,0.99,6384.94,0.98,773.19,,,,,,,2333.225763,1776347356000
1776347360.655,260.655,,,,,0.01,6496.71,0.02,658.19,0.99,6483.67,0.98,773.19,,,,,,,2332.486404,1776347359000
1776347361.603,261.603,,,,,0.01,6496.82,0.02,658.19,0.99,6496.71,0.98,658.19,,,,,,,2332.731895,1776347360000
1776347376.124,276.124,,,,,0.01,6187.08,0.02,318.99,0.99,6496.82,0.98,658.19,,,,,,,2333.301336,1776347375000
1776347382.718,282.718,,,,,0.01,7954.58,0.02,318.99,0.99,6187.08,0.98,318.99,,,,,,,2333.377084,1776347381000
1776347388.025,288.025,,,,,0.01,6283.58,0.02,318.99,0.99,7954.58,0.98,318.99,,,,,,,2333.880498,1776347386000
1776347392.566,292.566,,,,,0.01,6563.27,0.02,318.99,0.99,6283.58,0.98,318.99,,,,,,,2334.096186,1776347391000
1776347396.336,296.336,0.001,404.97,,,0.009,400.0,0.01,4033.82,0.99,6563.27,0.98,318.99,,,,,0.008,,2334.910504,1776347395000
1776347396.857,296.857,0.001,394.97,,,0.009,434.0,0.01,4251.0,0.991,400.0,0.99,4043.82,0.999,399.97,,,0.008,0.008,2334.910504,1776347395000
1776347397.188,297.188,0.001,389.97,,,0.009,434.0,0.01,4352.01,0.991,434.0,0.99,4251.0,0.999,394.97,,,0.008,0.008,2334.910504,1776347395000
1776347397.607,297.607,0.001,384.97,,,0.009,444.0,0.01,4846.01,0.991,434.0,0.99,4352.01,0.999,389.97,,,0.008,0.008,2334.641129,1776347396000
1776347397.951,297.951,0.001,379.97,,,0.009,444.0,0.01,5536.91,0.991,444.0,0.99,4846.01,0.999,384.97,,,0.008,0.008,2334.713719,1776347397000
1776347398.154,298.154,0.001,359.97,,,0.009,444.0,0.01,5547.91,0.991,444.0,0.99,5542.91,0.999,369.97,,,0.008,0.008,2334.713719,1776347397000
1776347398.361,298.361,0.001,354.97,,,0.009,444.0,0.01,5586.91,0.991,444.0,0.99,5547.91,0.999,359.97,,,0.008,0.008,2334.713719,1776347397000
1776347399.174,299.174,0.001,179.79,,,0.009,454.0,0.01,10092.05,0.991,444.0,0.99,5586.91,0.999,274.89,,,0.008,0.008,2334.86758,1776347398000
1776347400.171,300.171,,,,,0.001,427.32,0.009,454.0,0.991,454.0,0.99,10092.05,0.999,79.69,,,,0.008,2335.000065,1776347399000

# RESULT,winner=Down,slug=eth-updown-5m-1776347100,ticks=315
