timestamp,elapsed_sec,up_bid_p1,up_bid_s1,up_bid_p2,up_bid_s2,up_ask_p1,up_ask_s1,up_ask_p2,up_ask_s2,down_bid_p1,down_bid_s1,down_bid_p2,down_bid_s2,down_ask_p1,down_ask_s1,down_ask_p2,down_ask_s2,up_spread,down_spread,eth_price,eth_oracle_ts
1776354000.762,0.762,0.45,8.88,0.44,20.0,0.46,2.36,0.47,85.0,0.54,15.0,0.53,85.0,0.56,20.0,0.57,70.0,0.01,0.02,2340.799209,1776353999000
1776354001.279,1.279,0.45,83.88,0.44,90.0,0.47,85.0,0.48,160.75,0.54,2.36,0.53,85.0,0.55,8.88,0.56,20.0,0.02,0.01,2340.71019,1776354000000
1776354001.61,1.61,0.45,183.88,0.44,95.0,0.47,90.0,0.48,260.75,0.53,85.0,0.52,155.75,0.55,83.88,0.56,90.0,0.02,0.02,2340.71019,1776354000000
1776354001.948,1.948,0.45,180.77,0.44,95.0,0.47,85.0,0.48,155.75,0.53,90.0,0.52,260.75,0.55,183.88,0.56,95.0,0.02,0.02,2340.71019,1776354000000
1776354002.659,2.659,0.45,178.2,0.44,95.0,0.46,52.22,0.47,85.0,0.53,85.0,0.52,155.75,0.55,180.77,0.56,95.0,0.01,0.02,2340.640758,1776354001000
1776354003.044,3.044,0.45,165.01,0.44,95.0,0.46,52.22,0.47,85.0,0.54,52.22,0.53,85.0,0.55,178.2,0.56,95.0,0.01,0.01,2340.640758,1776354001000
1776354003.351,3.351,0.45,159.74,0.44,95.0,0.46,52.22,0.47,85.0,0.54,52.22,0.53,85.0,0.55,165.01,0.56,95.0,0.01,0.01,2340.340935,1776354002000
1776354004.387,4.387,0.45,155.89,0.44,200.0,0.46,35.25,0.47,90.0,0.54,41.78,0.53,85.0,0.55,145.89,0.56,95.0,0.01,0.01,2340.52667,1776354003000
1776354005.206,5.206,0.45,47.12,0.44,100.0,0.46,118.51,0.47,185.0,0.54,13.51,0.53,185.0,0.55,180.89,0.56,225.0,0.01,0.01,2340.52667,1776354003000
1776354005.418,5.418,0.44,76.65,0.43,80.0,0.45,5.0,0.46,113.51,0.54,113.51,0.53,190.0,0.56,81.65,0.57,80.0,0.01,0.02,2340.52667,1776354003000
1776354005.74,5.74,0.44,71.65,0.43,80.0,0.45,105.0,0.46,118.51,0.55,117.53,0.54,118.51,0.56,76.65,0.57,80.0,0.01,0.01,2340.58836,1776354004000
1776354006.042,6.042,0.44,43.32,0.43,70.0,0.45,2.75,0.46,38.51,0.55,99.4,0.54,143.51,0.56,53.32,0.57,80.0,0.01,0.01,2340.58836,1776354004000
1776354006.348,6.348,0.44,33.32,0.43,70.0,0.45,32.75,0.46,38.51,0.55,2.75,0.54,38.51,0.56,43.32,0.57,70.0,0.01,0.01,2340.58836,1776354004000
1776354007.142,7.142,0.42,27.49,0.4,10.0,0.43,37.0,0.44,30.0,0.55,22.15,0.54,38.51,0.58,27.49,0.6,10.0,0.01,0.03,2340.229923,1776354006000
1776354007.692,7.692,0.42,27.49,0.4,10.0,0.43,17.0,0.44,30.0,0.57,37.0,0.56,30.0,0.58,27.49,0.6,10.0,0.01,0.01,2340.229923,1776354006000
1776354008.205,8.205,0.4,6.2,0.39,10.0,0.41,29.2,0.43,30.0,0.57,22.0,0.56,30.0,0.6,10.0,0.61,10.0,0.01,0.03,2340.229923,1776354006000
1776354009.054,9.054,0.4,1.2,0.39,10.0,0.41,15.08,0.42,25.0,0.59,29.2,0.57,30.0,0.6,6.2,0.61,10.0,0.01,0.01,2339.277578,1776354007000
1776354009.46,9.46,0.39,10.0,0.38,10.0,0.41,96.08,0.42,50.0,0.59,15.08,0.58,25.0,0.6,1.2,0.61,10.0,0.02,0.01,2339.277578,1776354007000
1776354009.733,9.733,0.39,23.86,0.38,10.0,0.4,110.17,0.41,70.08,0.6,0.47,0.59,85.08,0.61,10.0,0.62,10.0,0.01,0.01,2339.234194,1776354008000
1776354010.456,10.456,0.39,17.5,0.38,40.5,0.4,84.67,0.41,50.58,0.6,60.17,0.59,40.08,0.61,23.86,0.62,10.0,0.01,0.01,2339.234194,1776354008000
1776354010.765,10.765,0.38,26.46,0.37,20.5,0.39,5.0,0.41,15.58,0.6,30.47,0.59,40.58,0.62,40.5,0.63,20.5,0.01,0.02,2339.168403,1776354009000
1776354011.082,11.082,0.39,9.91,0.38,41.46,0.41,45.58,0.42,172.45,0.59,35.58,0.58,55.0,0.6,15.0,0.62,51.46,0.02,0.01,2339.168403,1776354009000
1776354011.949,11.949,0.38,38.38,0.37,10.0,0.39,100.5,0.4,35.5,0.61,5.0,0.6,10.5,0.62,28.78,0.63,20.5,0.01,0.01,2338.928781,1776354010000
1776354012.788,12.788,0.38,20.0,0.36,10.0,0.39,80.5,0.4,35.5,0.61,70.5,0.6,35.5,0.62,20.0,0.64,60.86,0.01,0.01,2338.816805,1776354011000
1776354013.988,13.988,0.38,20.0,0.36,10.0,0.39,251.18,0.4,55.5,0.61,80.5,0.6,35.5,0.62,20.0,0.64,10.0,0.01,0.01,2338.83253,1776354012000
1776354015.624,15.624,0.38,20.2,0.36,18.0,0.39,222.18,0.4,66.5,0.61,251.18,0.6,55.5,0.62,20.0,0.64,10.0,0.01,0.01,2338.798351,1776354013000
1776354015.89,15.89,0.38,25.0,0.36,18.0,0.39,225.61,0.4,60.5,0.61,222.18,0.6,66.5,0.62,20.2,0.64,18.0,0.01,0.01,2338.798351,1776354013000
1776354016.357,16.357,0.38,193.0,0.36,70.5,0.39,115.27,0.4,50.5,0.61,225.61,0.6,60.5,0.62,25.0,0.64,18.0,0.01,0.01,2338.231706,1776354015000
1776354017.298,17.298,0.38,30.0,0.37,8.0,0.39,7.43,0.4,121.49,0.61,15.27,0.6,25.5,0.62,166.0,0.64,70.5,0.01,0.01,2338.231706,1776354015000
1776354017.938,17.938,0.38,29.5,0.37,8.0,0.39,17.74,0.4,115.49,0.61,7.43,0.6,121.49,0.62,30.0,0.63,8.0,0.01,0.01,2338.17512,1776354016000
1776354018.315,18.315,0.38,22.48,0.37,8.0,0.39,114.57,0.4,25.5,0.61,17.74,0.6,115.49,0.62,29.5,0.63,8.0,0.01,0.01,2338.40763,1776354017000
1776354019.205,19.205,0.38,20.0,0.36,18.0,0.39,120.07,0.4,31.5,0.61,114.57,0.6,25.5,0.62,22.48,0.63,8.0,0.01,0.01,2338.40763,1776354017000
1776354021.185,21.185,0.38,20.0,0.36,10.0,0.39,239.27,0.4,45.5,0.61,120.07,0.6,31.5,0.62,20.0,0.64,18.0,0.01,0.01,2338.53188,1776354019000
1776354021.573,21.573,0.38,60.35,0.36,10.0,0.39,197.27,0.4,45.5,0.61,239.27,0.6,45.5,0.62,20.0,0.64,10.0,0.01,0.01,2338.45779,1776354020000
1776354021.777,21.777,0.38,28.63,0.36,10.0,0.39,208.27,0.4,45.5,0.61,207.27,0.6,50.5,0.62,53.96,0.64,10.0,0.01,0.01,2338.45779,1776354020000
1776354022.183,22.183,0.38,20.0,0.36,10.0,0.39,297.27,0.4,45.5,0.61,208.27,0.6,45.5,0.62,28.63,0.64,10.0,0.01,0.01,2338.45779,1776354020000
1776354022.671,22.671,0.38,20.0,0.36,10.0,0.39,314.27,0.4,45.5,0.61,297.27,0.6,45.5,0.62,20.0,0.64,10.0,0.01,0.01,2338.215253,1776354021000
1776354023.91,23.91,0.38,20.0,0.36,10.0,0.39,378.84,0.4,225.55,0.61,314.27,0.6,45.5,0.62,20.0,0.64,10.0,0.01,0.01,2337.898237,1776354022000
1776354024.452,24.452,0.38,20.0,0.36,10.0,0.39,347.24,0.4,225.55,0.61,378.84,0.6,225.55,0.62,20.0,0.64,10.0,0.01,0.01,2336.82975,1776354023000
1776354024.669,24.669,0.38,20.0,0.36,10.0,0.39,358.24,0.4,295.55,0.61,347.24,0.6,225.55,0.62,20.0,0.64,10.0,0.01,0.01,2336.82975,1776354023000
1776354024.933,24.933,0.38,20.0,0.36,10.0,0.39,331.24,0.4,295.55,0.61,336.24,0.6,295.55,0.62,33.0,0.64,10.0,0.01,0.01,2336.82975,1776354023000
1776354026.471,26.471,0.38,115.0,0.36,10.0,0.39,255.24,0.4,501.33,0.61,336.24,0.6,295.55,0.62,20.0,0.64,10.0,0.01,0.01,2336.077646,1776354025000
1776354026.803,26.803,0.38,25.24,0.36,10.0,0.39,141.74,0.4,501.33,0.61,131.24,0.6,501.33,0.62,20.0,0.64,10.0,0.01,0.01,2336.077646,1776354025000
1776354027.079,27.079,0.38,43.43,0.36,10.0,0.39,292.45,0.4,355.5,0.61,141.74,0.6,501.33,0.62,34.63,0.64,10.0,0.01,0.01,2336.077646,1776354025000
1776354027.662,27.662,0.38,20.0,0.36,10.0,0.39,297.45,0.4,355.5,0.61,287.45,0.6,355.5,0.62,32.41,0.64,10.0,0.01,0.01,2335.967178,1776354026000
1776354027.922,27.922,0.38,25.0,0.36,20.5,0.39,91.24,0.4,285.5,0.61,151.74,0.6,285.5,0.62,58.22,0.64,20.5,0.01,0.01,2335.967178,1776354026000
1776354028.176,28.176,0.38,20.0,0.36,10.0,0.39,43.7,0.4,160.5,0.61,17.2,0.6,160.5,0.62,25.0,0.64,10.0,0.01,0.01,2335.967178,1776354026000
1776354028.831,28.831,0.38,23.87,0.36,10.0,0.39,52.11,0.4,160.5,0.61,20.51,0.6,160.5,0.62,20.0,0.64,10.0,0.01,0.01,2336.055571,1776354027000
1776354029.04,29.04,0.38,20.0,0.36,10.0,0.39,79.1,0.4,160.5,0.61,52.11,0.6,160.5,0.62,26.87,0.64,10.0,0.01,0.01,2336.055571,1776354027000
1776354029.405,29.405,0.38,20.0,0.36,10.0,0.39,197.73,0.4,160.5,0.61,79.1,0.6,160.5,0.62,20.0,0.64,10.0,0.01,0.01,2336.377649,1776354028000
1776354029.788,29.788,0.38,38.22,0.36,10.0,0.39,529.73,0.4,160.5,0.61,197.73,0.6,160.5,0.62,20.0,0.64,10.0,0.01,0.01,2336.377649,1776354028000
1776354030.268,30.268,0.38,28.22,0.36,10.0,0.39,300.84,0.4,160.5,0.61,197.73,0.6,160.5,0.62,35.51,0.64,10.0,0.01,0.01,2336.377649,1776354028000
1776354030.631,30.631,0.38,20.0,0.36,10.0,0.39,270.58,0.4,160.5,0.61,300.84,0.6,160.5,0.62,20.0,0.64,10.0,0.01,0.01,2336.935754,1776354029000
1776354030.844,30.844,0.38,40.0,0.36,10.0,0.39,196.67,0.4,160.5,0.61,197.67,0.6,160.5,0.62,20.0,0.64,10.0,0.01,0.01,2336.935754,1776354029000
1776354031.511,31.511,0.38,20.0,0.36,10.0,0.39,293.97,0.4,150.0,0.61,101.67,0.6,160.5,0.62,25.46,0.64,10.0,0.01,0.01,2336.852622,1776354030000
1776354031.867,31.867,0.38,20.0,0.36,10.0,0.39,320.15,0.4,290.0,0.61,310.95,0.6,290.0,0.62,20.0,0.64,10.0,0.01,0.01,2336.852622,1776354030000
1776354032.085,32.085,0.38,22.0,0.36,10.0,0.39,353.95,0.4,290.0,0.61,305.95,0.6,290.0,0.62,20.0,0.64,10.0,0.01,0.01,2336.852622,1776354030000
1776354032.404,32.404,0.38,20.0,0.36,10.0,0.39,487.14,0.4,315.0,0.61,345.95,0.6,290.0,0.62,20.0,0.64,10.0,0.01,0.01,2336.852622,1776354030000
1776354032.674,32.674,0.38,20.0,0.36,10.0,0.39,488.14,0.4,315.0,0.61,487.14,0.6,315.0,0.62,20.0,0.64,10.0,0.01,0.01,2337.037904,1776354031000
1776354033.299,33.299,0.38,20.0,0.36,10.0,0.39,491.14,0.4,315.0,0.61,488.14,0.6,315.0,0.62,20.0,0.64,10.0,0.01,0.01,2336.961048,1776354032000
1776354033.5,33.5,0.38,20.0,0.36,10.0,0.39,491.14,0.4,315.0,0.61,491.14,0.6,315.0,0.62,20.0,0.64,10.0,0.01,0.01,2336.961048,1776354032000
1776354034.107,34.107,0.38,46.51,0.36,10.0,0.39,496.14,0.4,315.0,0.61,491.14,0.6,315.0,0.62,20.0,0.64,10.0,0.01,0.01,2335.26516,1776354033000
1776354034.549,34.549,0.38,20.0,0.36,10.0,0.39,505.77,0.4,315.0,0.61,491.14,0.6,315.0,0.62,20.0,0.64,10.0,0.01,0.01,2335.26516,1776354033000
1776354035.749,35.749,0.38,20.0,0.36,10.0,0.39,329.58,0.4,315.0,0.61,505.77,0.6,315.0,0.62,20.0,0.64,10.0,0.01,0.01,2335.034325,1776354034000
1776354036.339,36.339,0.38,20.0,0.36,10.0,0.39,354.58,0.4,315.0,0.61,329.58,0.6,315.0,0.62,20.0,0.64,10.0,0.01,0.01,2335.136137,1776354035000
1776354036.801,36.801,0.38,24.38,0.36,10.0,0.39,418.59,0.4,315.0,0.61,354.58,0.6,315.0,0.62,20.0,0.64,10.0,0.01,0.01,2335.136137,1776354035000
1776354037.689,37.689,0.38,20.0,0.36,10.0,0.39,273.23,0.4,422.46,0.61,418.59,0.6,315.0,0.62,20.0,0.64,10.0,0.01,0.01,2335.101005,1776354036000
1776354038.125,38.125,0.38,38.38,0.36,10.0,0.39,238.23,0.4,427.46,0.61,273.23,0.6,422.46,0.62,20.0,0.64,10.0,0.01,0.01,2335.101005,1776354036000
1776354038.342,38.342,0.38,20.0,0.36,10.0,0.39,141.23,0.4,397.46,0.61,243.23,0.6,457.46,0.62,30.31,0.64,10.0,0.01,0.01,2335.376161,1776354037000
1776354038.646,38.646,0.38,20.0,0.36,10.0,0.39,153.23,0.4,403.46,0.61,136.23,0.6,403.46,0.62,20.0,0.64,10.0,0.01,0.01,2335.376161,1776354037000
1776354039.74,39.74,0.38,131.12,0.37,15.5,0.39,130.73,0.4,16.0,0.61,153.23,0.6,403.46,0.62,20.0,0.64,10.0,0.01,0.01,2335.293644,1776354038000
1776354039.942,39.942,0.38,20.0,0.36,10.0,0.41,44.78,0.42,50.0,0.59,54.78,0.58,50.0,0.62,20.0,0.64,10.0,0.03,0.03,2335.293644,1776354038000
1776354040.236,40.236,0.39,66.96,0.38,20.0,0.41,41.0,0.42,228.27,0.59,14.7,0.58,85.57,0.61,73.36,0.62,30.5,0.02,0.02,2335.293644,1776354038000
1776354040.449,40.449,0.39,32.94,0.38,20.0,0.41,10.0,0.42,230.69,0.59,14.56,0.58,230.69,0.61,38.94,0.62,45.0,0.02,0.02,2335.594218,1776354039000
1776354041.257,41.257,0.4,66.95,0.39,11.34,0.41,20.31,0.42,201.97,0.59,10.0,0.58,225.39,0.61,11.34,0.62,20.0,0.01,0.02,2335.594218,1776354039000
1776354042.08,42.08,0.39,35.34,0.38,20.0,0.4,91.05,0.41,10.0,0.59,20.31,0.58,201.97,0.6,66.95,0.61,11.34,0.01,0.01,2335.779247,1776354040000
1776354042.332,42.332,0.38,20.0,0.36,20.5,0.4,192.05,0.41,154.44,0.6,91.05,0.59,10.0,0.61,35.34,0.62,20.0,0.02,0.01,2335.779247,1776354040000
1776354043.476,43.476,0.38,20.0,0.36,20.5,0.39,245.85,0.4,135.74,0.6,192.05,0.59,154.44,0.62,20.0,0.64,20.5,0.01,0.02,2337.531451,1776354042000
1776354043.87,43.87,0.38,25.44,0.37,10.5,0.39,250.98,0.4,90.74,0.61,245.85,0.6,135.74,0.62,20.0,0.64,20.5,0.01,0.01,2337.531451,1776354042000
1776354044.241,44.241,0.38,20.0,0.37,10.5,0.39,204.98,0.4,81.74,0.61,250.98,0.6,90.74,0.62,25.44,0.63,10.5,0.01,0.01,2337.531451,1776354042000
1776354044.621,44.621,0.38,20.0,0.37,10.5,0.39,193.41,0.4,81.74,0.61,204.98,0.6,81.74,0.62,20.0,0.63,10.5,0.01,0.01,2337.475074,1776354043000
1776354045.462,45.462,0.38,23.5,0.37,100.0,0.39,188.41,0.4,81.74,0.61,193.41,0.6,81.74,0.62,20.0,0.63,10.5,0.01,0.01,2337.36183,1776354044000
1776354046.272,46.272,0.38,20.0,0.37,0.5,0.39,105.87,0.4,81.74,0.61,188.41,0.6,81.74,0.62,23.5,0.63,100.0,0.01,0.01,2337.394278,1776354045000
1776354046.639,46.639,0.38,20.0,0.36,59.17,0.39,105.87,0.4,81.74,0.61,105.87,0.6,81.74,0.62,20.0,0.63,0.5,0.01,0.01,2337.394278,1776354045000
1776354047.054,47.054,0.38,84.0,0.37,7.49,0.4,63.3,0.41,20.0,0.61,108.3,0.6,81.74,0.62,20.0,0.64,59.17,0.02,0.01,2337.394278,1776354045000
1776354047.374,47.374,0.38,20.0,0.36,59.67,0.39,161.53,0.4,63.3,0.6,63.3,0.59,20.0,0.62,66.03,0.64,59.67,0.01,0.02,2337.621715,1776354046000
1776354047.614,47.614,0.38,20.0,0.36,59.67,0.39,172.15,0.4,63.3,0.61,161.53,0.6,63.3,0.62,20.0,0.64,59.67,0.01,0.01,2337.621715,1776354046000
1776354047.974,47.974,0.38,20.0,0.37,7.49,0.39,148.02,0.4,63.3,0.61,172.15,0.6,63.3,0.62,20.0,0.64,59.67,0.01,0.01,2337.621715,1776354046000
1776354048.73,48.73,0.38,55.0,0.37,100.0,0.39,141.36,0.4,63.3,0.61,148.02,0.6,63.3,0.62,20.0,0.63,7.49,0.01,0.01,2337.644153,1776354047000
1776354049.48,49.48,0.38,27.49,0.37,105.0,0.39,67.94,0.4,63.3,0.61,141.36,0.6,63.3,0.62,41.43,0.63,100.0,0.01,0.01,2337.689471,1776354048000
1776354051.232,51.232,0.38,22.49,0.37,100.0,0.39,72.94,0.4,194.51,0.61,67.94,0.6,63.3,0.62,27.49,0.63,105.0,0.01,0.01,2338.218853,1776354050000
1776354051.775,51.775,0.38,137.87,0.37,108.0,0.39,70.37,0.4,199.51,0.61,85.94,0.6,194.51,0.62,20.87,0.63,100.0,0.01,0.01,2338.218853,1776354050000
1776354052.247,52.247,0.38,151.06,0.37,108.0,0.39,137.19,0.4,63.3,0.61,70.37,0.6,199.51,0.62,161.06,0.63,108.0,0.01,0.01,2338.218853,1776354050000
1776354053.351,53.351,0.38,23.38,0.36,152.18,0.39,201.19,0.4,63.3,0.61,137.19,0.6,68.3,0.62,148.75,0.63,108.0,0.01,0.01,2338.29259,1776354051000
1776354053.841,53.841,0.38,20.0,0.36,152.18,0.39,217.19,0.4,63.3,0.61,201.19,0.6,63.3,0.62,23.38,0.64,152.18,0.01,0.01,2338.476979,1776354052000
1776354055.486,55.486,0.38,20.0,0.36,147.18,0.39,85.37,0.4,92.04,0.61,217.19,0.6,63.3,0.62,20.0,0.64,152.18,0.01,0.01,2338.261891,1776354054000
1776354056.395,56.395,0.38,144.91,0.37,108.0,0.39,67.9,0.4,57.3,0.61,85.37,0.6,92.04,0.62,20.0,0.64,127.52,0.01,0.01,2338.157902,1776354055000
1776354057.043,57.043,0.38,143.29,0.37,108.0,0.39,65.2,0.4,57.3,0.61,67.9,0.6,57.3,0.62,143.29,0.63,108.0,0.01,0.01,2338.157902,1776354055000
1776354057.576,57.576,0.38,43.29,0.37,100.0,0.39,57.5,0.4,57.3,0.61,65.2,0.6,57.3,0.62,143.29,0.63,108.0,0.01,0.01,2338.12068,1776354056000
1776354060.121,60.121,0.38,20.0,0.36,22.52,0.39,127.11,0.4,62.3,0.61,47.67,0.6,57.3,0.62,43.29,0.64,35.52,0.01,0.01,2338.163657,1776354059000
1776354060.386,60.386,0.38,20.0,0.36,12.52,0.39,206.12,0.4,57.3,0.61,127.11,0.6,62.3,0.62,20.0,0.64,22.52,0.01,0.01,2338.163657,1776354059000
1776354060.662,60.662,0.38,20.0,0.36,10.0,0.39,250.12,0.4,57.3,0.61,211.12,0.6,57.3,0.62,20.0,0.64,10.0,0.01,0.01,2338.163657,1776354059000
1776354061.437,61.437,0.38,20.0,0.36,10.0,0.39,266.01,0.4,253.52,0.61,250.12,0.6,57.3,0.62,20.0,0.64,10.0,0.01,0.01,2337.78515,1776354060000
1776354061.7,61.7,0.38,34.0,0.36,10.0,0.39,251.01,0.4,253.52,0.61,266.01,0.6,253.52,0.62,20.0,0.64,10.0,0.01,0.01,2337.78515,1776354060000
1776354063.865,63.865,0.38,100.88,0.36,18.0,0.39,159.01,0.4,201.84,0.61,251.01,0.6,253.52,0.62,34.0,0.64,10.0,0.01,0.01,2337.843041,1776354062000
1776354064.311,64.311,0.38,20.0,0.37,10.0,0.39,69.01,0.4,201.84,0.61,159.01,0.6,201.84,0.62,90.27,0.64,18.0,0.01,0.01,2337.92956,1776354063000
1776354064.519,64.519,0.38,20.0,0.37,6.8,0.39,128.12,0.4,157.3,0.61,69.01,0.6,201.84,0.62,20.0,0.63,10.0,0.01,0.01,2337.92956,1776354063000
1776354065.444,65.444,0.38,68.0,0.37,25.0,0.39,80.01,0.4,62.3,0.61,128.12,0.6,157.3,0.62,20.0,0.63,6.8,0.01,0.01,2337.92956,1776354063000
1776354065.65,65.65,0.38,130.91,0.37,25.0,0.39,50.01,0.4,62.3,0.61,80.01,0.6,62.3,0.62,110.91,0.63,25.0,0.01,0.01,2338.101977,1776354064000
1776354066.154,66.154,0.39,184.84,0.38,90.91,0.4,25.4,0.41,15.0,0.6,40.4,0.59,25.0,0.61,208.84,0.62,95.91,0.01,0.01,2338.190107,1776354065000
1776354066.466,66.466,0.39,150.41,0.38,90.91,0.4,25.4,0.41,135.23,0.6,25.4,0.59,15.0,0.61,182.61,0.62,90.91,0.01,0.01,2338.190107,1776354065000
1776354066.82,66.82,0.39,150.41,0.38,90.91,0.4,22.9,0.41,135.23,0.6,25.4,0.59,135.23,0.61,150.41,0.62,90.91,0.01,0.01,2338.190107,1776354065000
1776354067.024,67.024,0.39,125.81,0.38,90.91,0.4,20.4,0.41,135.23,0.6,20.4,0.59,135.23,0.61,150.41,0.62,90.91,0.01,0.01,2338.190107,1776354065000
1776354067.438,67.438,0.39,121.56,0.38,100.91,0.4,20.4,0.41,135.23,0.6,20.4,0.59,135.23,0.61,116.56,0.62,90.91,0.01,0.01,2338.329145,1776354066000
1776354067.685,67.685,0.39,108.56,0.38,95.91,0.4,25.4,0.41,135.23,0.6,20.4,0.59,135.23,0.61,121.56,0.62,100.91,0.01,0.01,2338.329145,1776354066000
1776354068.012,68.012,0.39,121.56,0.38,95.91,0.4,4.2,0.41,135.23,0.6,17.2,0.59,135.23,0.61,113.56,0.62,95.91,0.01,0.01,2338.329145,1776354066000
1776354068.322,68.322,0.39,141.56,0.38,95.91,0.4,1.2,0.41,135.23,0.6,4.2,0.59,135.23,0.61,121.56,0.62,95.91,0.01,0.01,2339.036495,1776354067000
1776354068.696,68.696,0.39,119.92,0.38,95.91,0.4,1.2,0.41,135.23,0.6,1.2,0.59,135.23,0.61,141.56,0.62,95.91,0.01,0.01,2339.036495,1776354067000
1776354068.937,68.937,0.39,143.92,0.38,95.91,0.41,95.37,0.42,55.0,0.6,1.2,0.59,135.23,0.61,119.92,0.62,95.91,0.02,0.01,2339.036495,1776354067000
1776354069.54,69.54,0.4,70.0,0.39,99.92,0.41,10.0,0.42,50.0,0.59,95.37,0.58,55.0,0.61,143.92,0.62,95.91,0.01,0.02,2339.14368,1776354068000
1776354070.312,70.312,0.39,6.94,0.38,30.0,0.4,225.0,0.41,220.0,0.59,10.0,0.58,50.0,0.6,20.0,0.61,94.92,0.01,0.01,2339.14368,1776354068000
1776354070.542,70.542,0.38,30.0,0.37,17.0,0.4,189.99,0.41,220.0,0.6,199.97,0.59,239.2,0.62,30.0,0.63,17.0,0.02,0.02,2339.215256,1776354069000
1776354070.893,70.893,0.38,20.0,0.37,7.0,0.39,21.0,0.4,194.99,0.6,209.99,0.59,220.0,0.62,28.22,0.63,17.0,0.01,0.02,2339.215256,1776354069000
1776354072.095,72.095,0.38,20.0,0.36,18.62,0.39,247.49,0.4,140.49,0.61,21.0,0.6,194.99,0.62,20.0,0.63,7.0,0.01,0.01,2339.138047,1776354071000
1776354073.02,73.02,0.38,30.0,0.37,25.0,0.39,156.49,0.4,20.49,0.61,247.49,0.6,140.49,0.62,20.0,0.64,18.62,0.01,0.01,2339.138047,1776354071000
1776354073.496,73.496,0.38,47.38,0.37,30.0,0.39,150.49,0.4,20.49,0.61,156.49,0.6,20.49,0.62,53.38,0.63,25.0,0.01,0.01,2339.138047,1776354071000
1776354074.394,74.394,0.38,30.69,0.37,25.0,0.39,5.0,0.4,5.0,0.61,150.49,0.6,20.49,0.62,47.38,0.63,30.0,0.01,0.01,2338.603317,1776354072000
1776354075.422,75.422,0.38,20.0,0.36,43.62,0.39,66.4,0.4,107.68,0.61,5.0,0.6,5.0,0.62,30.69,0.63,25.0,0.01,0.01,2338.672124,1776354074000
1776354075.961,75.961,0.38,25.0,0.36,40.49,0.39,96.37,0.4,107.68,0.61,71.4,0.6,107.68,0.62,20.0,0.64,40.49,0.01,0.01,2338.672124,1776354074000
1776354079.526,79.526,0.38,24.95,0.36,40.49,0.39,76.37,0.4,134.76,0.61,96.37,0.6,107.68,0.62,25.0,0.64,40.49,0.01,0.01,2338.665314,1776354077000
1776354080.105,80.105,0.38,20.0,0.36,40.49,0.39,57.31,0.4,134.76,0.61,76.37,0.6,134.76,0.62,24.95,0.64,40.49,0.01,0.01,2338.625629,1776354078000
1776354081.738,81.738,0.38,20.0,0.37,25.0,0.39,57.31,0.4,10.0,0.61,57.31,0.6,134.76,0.62,20.0,0.64,40.49,0.01,0.01,2338.600845,1776354080000
1776354083.19,83.19,0.38,20.0,0.36,10.0,0.39,349.81,0.4,191.45,0.61,57.31,0.6,10.0,0.62,20.0,0.63,25.0,0.01,0.01,2338.648812,1776354082000
1776354083.606,83.606,0.38,20.0,0.36,10.0,0.39,438.82,0.4,128.42,0.61,432.82,0.6,191.45,0.62,20.0,0.64,10.0,0.01,0.01,2338.648812,1776354082000
1776354084.128,84.128,0.38,40.0,0.36,10.0,0.39,381.12,0.4,206.33,0.61,438.82,0.6,128.42,0.62,20.0,0.64,10.0,0.01,0.01,2338.648812,1776354082000
1776354084.888,84.888,0.38,20.0,0.36,10.0,0.39,459.12,0.4,461.77,0.61,381.12,0.6,206.33,0.62,33.8,0.64,10.0,0.01,0.01,2338.766018,1776354083000
1776354087.582,87.582,0.38,24.83,0.36,10.0,0.39,359.22,0.4,426.38,0.61,459.12,0.6,461.77,0.62,20.0,0.64,10.0,0.01,0.01,2337.88394,1776354086000
1776354092.195,92.195,0.38,20.0,0.36,10.0,0.39,279.8,0.4,439.3,0.61,266.22,0.6,426.38,0.62,20.0,0.64,10.0,0.01,0.01,2337.770741,1776354091000
1776354092.454,92.454,0.38,25.32,0.36,10.0,0.39,187.6,0.4,439.3,0.61,279.8,0.6,439.3,0.62,20.0,0.64,10.0,0.01,0.01,2337.770741,1776354091000
1776354093.03,93.03,0.38,53.61,0.36,10.0,0.39,146.9,0.4,439.3,0.61,161.9,0.6,439.3,0.62,20.0,0.64,10.0,0.01,0.01,2337.770741,1776354091000
1776354093.328,93.328,0.38,71.31,0.36,10.0,0.39,151.6,0.4,434.3,0.61,146.1,0.6,439.3,0.62,73.61,0.64,10.0,0.01,0.01,2337.64033,1776354092000
1776354093.622,93.622,0.38,48.75,0.36,10.0,0.39,47.6,0.4,321.38,0.61,180.9,0.6,421.38,0.62,47.31,0.64,10.0,0.01,0.01,2337.64033,1776354092000
1776354094.427,94.427,0.38,20.0,0.36,10.0,0.39,260.6,0.4,136.38,0.61,47.6,0.6,321.38,0.62,43.75,0.64,10.0,0.01,0.01,2337.627003,1776354093000
1776354094.748,94.748,0.38,20.0,0.36,10.0,0.39,379.61,0.4,136.38,0.61,366.61,0.6,136.38,0.62,20.0,0.64,10.0,0.01,0.01,2337.627003,1776354093000
1776354097.402,97.402,0.38,20.0,0.36,10.0,0.39,492.29,0.4,142.38,0.61,379.61,0.6,136.38,0.62,20.0,0.64,10.0,0.01,0.01,2335.524113,1776354096000
1776354098.0,98.0,0.38,20.0,0.36,10.0,0.39,407.29,0.4,142.38,0.61,492.29,0.6,142.38,0.62,20.0,0.64,10.0,0.01,0.01,2335.332153,1776354097000
1776354098.383,98.383,0.38,91.78,0.36,10.0,0.39,402.29,0.4,142.38,0.61,402.29,0.6,142.38,0.62,20.0,0.64,10.0,0.01,0.01,2335.332153,1776354097000
1776354098.597,98.597,0.38,20.0,0.36,10.0,0.39,390.29,0.4,142.38,0.61,455.29,0.6,142.38,0.62,20.0,0.64,10.0,0.01,0.01,2335.332153,1776354097000
1776354100.44,100.44,0.38,20.0,0.36,10.0,0.39,528.29,0.4,66.5,0.61,390.29,0.6,142.38,0.62,20.0,0.64,10.0,0.01,0.01,2335.21829,1776354099000
1776354100.839,100.839,0.38,33.75,0.36,10.0,0.39,528.29,0.4,66.5,0.61,528.29,0.6,66.5,0.62,20.0,0.64,10.0,0.01,0.01,2335.21829,1776354099000
1776354104.655,104.655,0.38,20.0,0.36,10.0,0.39,227.29,0.4,66.5,0.61,528.29,0.6,66.5,0.62,20.0,0.64,10.0,0.01,0.01,2334.466287,1776354102000
1776354105.169,105.169,0.38,20.0,0.36,10.0,0.39,227.29,0.4,66.5,0.61,217.29,0.6,66.5,0.62,20.0,0.64,10.0,0.01,0.01,2334.577362,1776354103000
1776354111.039,111.039,0.38,20.0,0.36,10.0,0.39,389.69,0.4,60.5,0.61,227.29,0.6,66.5,0.62,20.0,0.64,10.0,0.01,0.01,2335.261322,1776354110000
1776354111.283,111.283,0.38,20.0,0.36,10.0,0.39,384.69,0.4,60.5,0.61,389.69,0.6,60.5,0.62,20.0,0.64,10.0,0.01,0.01,2335.261322,1776354110000
1776354111.57,111.57,0.38,20.0,0.36,10.0,0.39,378.09,0.4,60.5,0.61,378.09,0.6,60.5,0.62,20.0,0.64,10.0,0.01,0.01,2335.261322,1776354110000
1776354111.933,111.933,0.38,20.0,0.36,10.0,0.39,371.39,0.4,60.5,0.61,378.09,0.6,60.5,0.62,20.0,0.64,10.0,0.01,0.01,2335.261322,1776354110000
1776354112.199,112.199,0.38,20.0,0.36,10.0,0.39,365.58,0.4,60.5,0.61,371.39,0.6,60.5,0.62,20.0,0.64,10.0,0.01,0.01,2335.325004,1776354111000
1776354112.449,112.449,0.38,20.0,0.36,10.0,0.39,363.98,0.4,60.5,0.61,363.98,0.6,60.5,0.62,20.0,0.64,10.0,0.01,0.01,2335.325004,1776354111000
1776354115.617,115.617,0.38,20.0,0.36,10.0,0.39,214.98,0.4,60.5,0.61,363.98,0.6,60.5,0.62,20.0,0.64,10.0,0.01,0.01,2335.456882,1776354114000
1776354115.873,115.873,0.38,20.0,0.36,10.0,0.39,220.48,0.4,60.5,0.61,214.98,0.6,60.5,0.62,20.0,0.64,10.0,0.01,0.01,2335.456882,1776354114000
1776354119.464,119.464,0.38,20.0,0.36,10.0,0.39,461.47,0.4,66.5,0.61,220.48,0.6,60.5,0.62,20.0,0.64,10.0,0.01,0.01,2335.503438,1776354118000
1776354121.428,121.428,0.38,20.0,0.36,10.0,0.39,462.24,0.4,166.5,0.61,461.47,0.6,66.5,0.62,20.0,0.64,10.0,0.01,0.01,2335.454756,1776354119000
1776354121.705,121.705,0.38,36.9,0.36,10.0,0.39,318.24,0.4,166.5,0.61,467.24,0.6,166.5,0.62,20.0,0.64,10.0,0.01,0.01,2335.073696,1776354120000
1776354121.983,121.983,0.38,20.0,0.36,10.0,0.39,313.24,0.4,166.5,0.61,313.24,0.6,166.5,0.62,20.0,0.64,10.0,0.01,0.01,2335.073696,1776354120000
1776354122.243,122.243,0.38,20.0,0.36,10.0,0.39,367.25,0.4,166.5,0.61,308.24,0.6,166.5,0.62,20.0,0.64,10.0,0.01,0.01,2334.954563,1776354121000
1776354122.687,122.687,0.38,20.0,0.36,10.0,0.39,372.25,0.4,166.5,0.61,372.25,0.6,166.5,0.62,20.0,0.64,10.0,0.01,0.01,2334.954563,1776354121000
1776354123.107,123.107,0.38,20.0,0.36,10.0,0.39,372.25,0.4,166.5,0.61,372.25,0.6,166.5,0.62,20.0,0.64,10.0,0.01,0.01,2334.954563,1776354121000
1776354123.541,123.541,0.38,20.0,0.36,10.0,0.39,470.25,0.4,166.5,0.61,372.25,0.6,166.5,0.62,20.0,0.64,10.0,0.01,0.01,2335.029369,1776354122000
1776354123.979,123.979,0.38,20.0,0.36,10.0,0.39,414.25,0.4,166.5,0.61,470.25,0.6,166.5,0.62,20.0,0.64,10.0,0.01,0.01,2335.029369,1776354122000
1776354124.395,124.395,0.38,20.0,0.36,10.0,0.39,524.25,0.4,166.5,0.61,414.25,0.6,166.5,0.62,20.0,0.64,10.0,0.01,0.01,2335.403796,1776354123000
1776354124.818,124.818,0.38,20.0,0.36,10.0,0.39,529.25,0.4,166.5,0.61,524.25,0.6,166.5,0.62,20.0,0.64,10.0,0.01,0.01,2335.403796,1776354123000
1776354125.244,125.244,0.38,20.0,0.36,10.0,0.39,548.25,0.4,166.5,0.61,529.25,0.6,166.5,0.62,20.0,0.64,10.0,0.01,0.01,2335.403796,1776354123000
1776354125.683,125.683,0.38,20.0,0.36,10.0,0.39,511.25,0.4,166.5,0.61,548.25,0.6,166.5,0.62,20.0,0.64,10.0,0.01,0.01,2335.490482,1776354124000
1776354126.024,126.024,0.38,20.0,0.36,10.0,0.39,378.25,0.4,166.5,0.61,511.25,0.6,166.5,0.62,20.0,0.64,10.0,0.01,0.01,2335.490482,1776354124000
1776354126.356,126.356,0.38,20.0,0.36,10.0,0.39,383.25,0.4,160.5,0.61,378.25,0.6,160.5,0.62,20.0,0.64,10.0,0.01,0.01,2335.400617,1776354125000
1776354126.936,126.936,0.38,20.0,0.36,10.0,0.39,383.25,0.4,160.5,0.61,378.25,0.6,160.5,0.62,20.0,0.64,10.0,0.01,0.01,2335.400617,1776354125000
1776354127.352,127.352,0.38,20.0,0.36,10.0,0.39,372.25,0.4,160.5,0.61,383.25,0.6,160.5,0.62,20.0,0.64,10.0,0.01,0.01,2335.345846,1776354126000
1776354127.766,127.766,0.38,20.0,0.36,10.0,0.39,377.25,0.4,160.5,0.61,372.25,0.6,160.5,0.62,20.0,0.64,10.0,0.01,0.01,2335.345846,1776354126000
1776354128.203,128.203,0.38,20.0,0.36,10.0,0.39,372.25,0.4,160.5,0.61,377.25,0.6,160.5,0.62,20.0,0.64,10.0,0.01,0.01,2335.38536,1776354127000
1776354128.613,128.613,0.38,20.0,0.36,10.0,0.39,372.25,0.4,160.5,0.61,372.25,0.6,160.5,0.62,20.0,0.64,10.0,0.01,0.01,2335.38536,1776354127000
1776354128.846,128.846,0.38,38.38,0.36,10.0,0.39,377.25,0.4,160.5,0.61,372.25,0.6,160.5,0.62,20.0,0.64,10.0,0.01,0.01,2335.38536,1776354127000
1776354129.102,129.102,0.38,20.0,0.36,10.0,0.39,367.25,0.4,160.5,0.61,367.25,0.6,160.5,0.62,20.0,0.64,10.0,0.01,0.01,2335.38536,1776354127000
1776354129.308,129.308,0.38,36.45,0.36,10.0,0.39,294.34,0.4,160.5,0.61,303.24,0.6,160.5,0.62,20.0,0.64,10.0,0.01,0.01,2335.486662,1776354128000
1776354129.548,129.548,0.38,20.0,0.36,10.0,0.39,194.34,0.4,160.5,0.61,194.34,0.6,160.5,0.62,20.0,0.64,10.0,0.01,0.01,2335.486662,1776354128000
1776354129.793,129.793,0.38,20.0,0.36,10.0,0.39,179.34,0.4,160.5,0.61,184.34,0.6,160.5,0.62,20.0,0.64,10.0,0.01,0.01,2335.486662,1776354128000
1776354130.107,130.107,0.38,20.0,0.36,10.0,0.39,194.44,0.4,135.5,0.61,179.34,0.6,160.5,0.62,20.0,0.64,10.0,0.01,0.01,2335.486662,1776354128000
1776354130.327,130.327,0.38,20.0,0.36,10.0,0.39,173.44,0.4,135.5,0.61,194.44,0.6,135.5,0.62,20.0,0.64,10.0,0.01,0.01,2335.486662,1776354128000
1776354130.534,130.534,0.38,29.71,0.36,10.0,0.39,173.44,0.4,319.5,0.61,173.44,0.6,319.5,0.62,35.0,0.64,10.0,0.01,0.01,2335.476049,1776354129000
1776354130.957,130.957,0.38,20.0,0.36,10.0,0.39,346.24,0.4,135.5,0.61,192.74,0.6,135.5,0.62,20.0,0.64,10.0,0.01,0.01,2335.476049,1776354129000
1776354131.647,131.647,0.38,20.0,0.36,10.0,0.39,413.94,0.4,165.5,0.61,411.64,0.6,135.5,0.62,20.0,0.64,10.0,0.01,0.01,2335.476049,1776354129000
1776354131.978,131.978,0.38,20.0,0.36,10.0,0.39,418.34,0.4,160.5,0.61,413.94,0.6,165.5,0.62,20.0,0.64,10.0,0.01,0.01,2335.476049,1776354129000
1776354135.862,135.862,0.38,20.0,0.36,10.0,0.39,331.35,0.4,166.5,0.61,418.34,0.6,160.5,0.62,20.0,0.64,10.0,0.01,0.01,2335.698271,1776354134000
1776354136.139,136.139,0.38,20.0,0.36,10.0,0.39,331.35,0.4,166.5,0.61,331.35,0.6,166.5,0.62,20.0,0.64,10.0,0.01,0.01,2335.698271,1776354134000
1776354144.219,144.219,0.38,20.0,0.36,10.0,0.39,331.35,0.4,166.5,0.61,331.35,0.6,166.5,0.62,20.0,0.64,10.0,0.01,0.01,2336.120663,1776354143000
1776354146.055,146.055,0.38,20.0,0.36,10.0,0.39,371.34,0.4,160.5,0.61,331.35,0.6,166.5,0.62,20.0,0.64,10.0,0.01,0.01,2335.91814,1776354144000
1776354146.437,146.437,0.38,20.0,0.36,10.0,0.39,441.34,0.4,165.5,0.61,371.34,0.6,160.5,0.62,20.0,0.64,10.0,0.01,0.01,2335.943705,1776354145000
1776354146.776,146.776,0.38,20.0,0.36,10.0,0.39,425.34,0.4,165.5,0.61,441.34,0.6,165.5,0.62,20.0,0.64,10.0,0.01,0.01,2335.943705,1776354145000
1776354147.23,147.23,0.38,20.0,0.36,10.0,0.39,278.34,0.4,160.5,0.61,425.34,0.6,165.5,0.62,20.0,0.64,10.0,0.01,0.01,2335.943705,1776354145000
1776354147.463,147.463,0.38,20.0,0.36,10.0,0.39,192.34,0.4,160.5,0.61,192.34,0.6,160.5,0.62,20.0,0.64,10.0,0.01,0.01,2335.897452,1776354146000
1776354148.476,148.476,0.38,20.0,0.36,10.0,0.39,442.34,0.4,160.5,0.61,187.34,0.6,160.5,0.62,20.0,0.64,10.0,0.01,0.01,2335.802934,1776354147000
1776354148.832,148.832,0.38,20.0,0.36,10.0,0.39,498.34,0.4,160.5,0.61,442.34,0.6,160.5,0.62,20.0,0.64,10.0,0.01,0.01,2335.802934,1776354147000
1776354149.21,149.21,0.38,55.93,0.36,10.0,0.39,409.34,0.4,160.5,0.61,498.34,0.6,160.5,0.62,20.0,0.64,10.0,0.01,0.01,2335.802934,1776354147000
1776354149.821,149.821,0.38,20.0,0.36,10.0,0.39,487.55,0.4,160.5,0.61,409.34,0.6,160.5,0.62,20.0,0.64,10.0,0.01,0.01,2335.6141,1776354148000
1776354150.289,150.289,0.38,20.0,0.36,10.0,0.39,492.35,0.4,160.5,0.61,487.55,0.6,160.5,0.62,20.0,0.64,10.0,0.01,0.01,2335.6141,1776354148000
1776354150.493,150.493,0.38,20.0,0.36,10.0,0.39,466.35,0.4,160.5,0.61,466.35,0.6,160.5,0.62,25.0,0.64,10.0,0.01,0.01,2334.888731,1776354149000
1776354150.702,150.702,0.38,20.0,0.36,10.0,0.39,412.35,0.4,160.5,0.61,412.35,0.6,160.5,0.62,20.0,0.64,10.0,0.01,0.01,2334.888731,1776354149000
1776354151.095,151.095,0.38,20.0,0.36,10.0,0.39,407.35,0.4,160.5,0.61,407.35,0.6,160.5,0.62,20.0,0.64,10.0,0.01,0.01,2333.679606,1776354150000
1776354151.352,151.352,0.38,20.0,0.36,10.0,0.39,392.35,0.4,160.5,0.61,402.35,0.6,160.5,0.62,20.0,0.64,10.0,0.01,0.01,2333.679606,1776354150000
1776354152.582,152.582,0.38,20.0,0.36,10.0,0.39,236.35,0.4,160.5,0.61,392.35,0.6,160.5,0.62,20.0,0.64,10.0,0.01,0.01,2333.297992,1776354151000
1776354152.967,152.967,0.38,20.0,0.36,10.0,0.39,226.26,0.4,160.5,0.61,231.26,0.6,160.5,0.62,20.0,0.64,10.0,0.01,0.01,2333.297992,1776354151000
1776354153.287,153.287,0.38,20.0,0.36,10.0,0.39,224.49,0.4,160.5,0.61,226.26,0.6,160.5,0.62,20.0,0.64,10.0,0.01,0.01,2333.916667,1776354152000
1776354153.616,153.616,0.38,20.0,0.36,10.0,0.39,144.49,0.4,166.5,0.61,204.49,0.6,160.5,0.62,20.0,0.64,10.0,0.01,0.01,2333.916667,1776354152000
1776354153.878,153.878,0.38,55.0,0.36,10.0,0.39,80.99,0.4,66.5,0.61,80.49,0.6,166.5,0.62,20.0,0.64,10.0,0.01,0.01,2333.916667,1776354152000
1776354154.087,154.087,0.38,20.0,0.36,10.0,0.39,30.5,0.4,66.5,0.61,73.41,0.6,66.5,0.62,20.0,0.64,10.0,0.01,0.01,2333.916667,1776354152000
1776354154.577,154.577,0.38,20.0,0.36,10.0,0.39,16.5,0.4,41.5,0.61,25.5,0.6,66.5,0.62,20.0,0.64,10.0,0.01,0.01,2333.916667,1776354152000
1776354155.804,155.804,0.38,20.0,0.36,10.0,0.39,60.88,0.4,41.5,0.61,20.78,0.6,41.5,0.62,20.0,0.64,10.0,0.01,0.01,2334.619163,1776354154000
1776354157.114,157.114,0.38,20.0,0.36,10.0,0.39,95.88,0.4,41.5,0.61,60.88,0.6,41.5,0.62,20.0,0.64,10.0,0.01,0.01,2335.307253,1776354155000
1776354157.474,157.474,0.38,20.0,0.36,10.0,0.39,126.88,0.4,41.5,0.61,95.88,0.6,41.5,0.62,20.0,0.64,10.0,0.01,0.01,2335.38544,1776354156000
1776354159.29,159.29,0.38,20.0,0.36,10.0,0.39,210.88,0.4,41.5,0.61,126.88,0.6,41.5,0.62,20.0,0.64,10.0,0.01,0.01,2335.256723,1776354157000
1776354159.64,159.64,0.38,20.0,0.36,10.0,0.39,112.88,0.4,41.5,0.61,220.88,0.6,41.5,0.62,20.0,0.64,10.0,0.01,0.01,2335.256723,1776354157000
1776354163.49,163.49,0.38,20.0,0.36,10.0,0.39,466.89,0.4,166.5,0.61,112.88,0.6,41.5,0.62,20.0,0.64,10.0,0.01,0.01,2334.905857,1776354161000
1776354167.247,167.247,0.38,20.0,0.36,10.0,0.39,444.89,0.4,160.5,0.61,466.89,0.6,166.5,0.62,20.0,0.64,10.0,0.01,0.01,2334.866235,1776354165000
1776354172.465,172.465,0.38,87.74,0.36,10.0,0.39,322.89,0.4,166.5,0.61,444.89,0.6,160.5,0.62,20.0,0.64,10.0,0.01,0.01,2335.130075,1776354171000
1776354173.392,173.392,0.38,20.0,0.36,10.0,0.39,327.89,0.4,166.5,0.61,322.89,0.6,166.5,0.62,20.0,0.64,10.0,0.01,0.01,2335.139765,1776354172000
1776354173.962,173.962,0.38,20.0,0.36,10.0,0.39,302.8,0.4,166.5,0.61,327.89,0.6,166.5,0.62,20.0,0.64,10.0,0.01,0.01,2335.145309,1776354173000
1776354174.292,174.292,0.38,20.0,0.36,10.0,0.39,224.8,0.4,166.5,0.61,302.8,0.6,166.5,0.62,20.0,0.64,10.0,0.01,0.01,2335.145309,1776354173000
1776354174.629,174.629,0.38,20.0,0.36,10.0,0.39,477.8,0.4,166.5,0.61,224.8,0.6,166.5,0.62,20.0,0.64,10.0,0.01,0.01,2335.145309,1776354173000
1776354175.228,175.228,0.38,20.0,0.36,10.0,0.39,420.21,0.4,166.5,0.61,477.8,0.6,166.5,0.62,20.0,0.64,10.0,0.01,0.01,2335.16086,1776354174000
1776354175.563,175.563,0.38,20.0,0.36,10.0,0.39,711.41,0.4,166.5,0.61,420.21,0.6,166.5,0.62,20.0,0.64,10.0,0.01,0.01,2335.16086,1776354174000
1776354175.896,175.896,0.38,20.0,0.36,10.0,0.39,532.21,0.4,166.5,0.61,711.41,0.6,166.5,0.62,20.0,0.64,10.0,0.01,0.01,2335.16086,1776354174000
1776354180.374,180.374,0.38,20.0,0.36,10.0,0.39,351.2,0.4,166.5,0.61,532.21,0.6,166.5,0.62,20.0,0.64,10.0,0.01,0.01,2335.192365,1776354179000
1776354180.578,180.578,0.38,20.0,0.36,10.0,0.39,341.2,0.4,166.5,0.61,346.2,0.6,166.5,0.62,20.0,0.64,10.0,0.01,0.01,2335.192365,1776354179000
1776354180.848,180.848,0.38,40.79,0.36,10.0,0.39,356.2,0.4,166.5,0.61,376.2,0.6,166.5,0.62,54.18,0.64,10.0,0.01,0.01,2335.192365,1776354179000
1776354181.17,181.17,0.38,20.0,0.36,10.0,0.39,261.2,0.4,166.5,0.61,356.2,0.6,166.5,0.62,20.0,0.64,10.0,0.01,0.01,2335.192365,1776354179000
1776354181.637,181.637,0.38,34.69,0.36,10.0,0.39,258.3,0.4,41.5,0.61,248.2,0.6,66.5,0.62,20.0,0.64,10.0,0.01,0.01,2335.32636,1776354180000
1776354181.889,181.889,0.38,20.0,0.36,10.0,0.39,263.3,0.4,41.5,0.61,238.3,0.6,41.5,0.62,20.86,0.64,10.0,0.01,0.01,2335.32636,1776354180000
1776354182.649,182.649,0.38,20.0,0.36,10.0,0.39,386.3,0.4,60.5,0.61,257.3,0.6,41.5,0.62,20.0,0.64,10.0,0.01,0.01,2335.35606,1776354181000
1776354183.713,183.713,0.38,20.0,0.36,10.0,0.39,286.81,0.4,60.5,0.61,386.3,0.6,60.5,0.62,20.0,0.64,10.0,0.01,0.01,2335.960486,1776354182000
1776354183.951,183.951,0.38,20.0,0.36,10.0,0.39,286.81,0.4,35.5,0.61,286.81,0.6,60.5,0.62,20.0,0.64,10.0,0.01,0.01,2335.960486,1776354182000
1776354184.219,184.219,0.38,47.19,0.36,10.0,0.39,286.81,0.4,35.5,0.61,286.81,0.6,35.5,0.62,20.0,0.64,10.0,0.01,0.01,2335.960486,1776354182000
1776354184.744,184.744,0.38,20.0,0.36,10.0,0.39,266.81,0.4,35.5,0.61,271.81,0.6,35.5,0.62,47.19,0.64,10.0,0.01,0.01,2335.960486,1776354182000
1776354186.567,186.567,0.38,20.0,0.36,10.0,0.39,255.81,0.4,35.5,0.61,266.81,0.6,35.5,0.62,20.0,0.64,10.0,0.01,0.01,2336.350858,1776354185000
1776354188.084,188.084,0.38,20.0,0.36,10.0,0.39,250.81,0.4,35.5,0.61,255.81,0.6,35.5,0.62,20.0,0.64,10.0,0.01,0.01,2336.46772,1776354186000
1776354188.369,188.369,0.38,20.0,0.36,10.0,0.39,324.81,0.4,35.5,0.61,250.81,0.6,35.5,0.62,20.0,0.64,10.0,0.01,0.01,2336.46772,1776354186000
1776354188.576,188.576,0.38,38.11,0.36,10.0,0.39,244.81,0.4,35.5,0.61,324.81,0.6,35.5,0.62,20.0,0.64,10.0,0.01,0.01,2336.512505,1776354187000
1776354188.836,188.836,0.38,38.32,0.36,10.0,0.39,244.81,0.4,35.5,0.61,244.81,0.6,35.5,0.62,20.0,0.64,10.0,0.01,0.01,2336.512505,1776354187000
1776354189.146,189.146,0.38,39.0,0.36,10.0,0.39,244.81,0.4,35.5,0.61,244.81,0.6,35.5,0.62,20.0,0.64,10.0,0.01,0.01,2336.512505,1776354187000
1776354189.86,189.86,0.38,20.0,0.36,10.0,0.39,309.81,0.4,35.5,0.61,244.81,0.6,35.5,0.62,30.93,0.64,10.0,0.01,0.01,2336.491821,1776354188000
1776354190.9,190.9,0.38,20.0,0.36,10.0,0.39,245.8,0.4,35.5,0.61,320.81,0.6,35.5,0.62,20.0,0.64,10.0,0.01,0.01,2336.53462,1776354189000
1776354193.0,193.0,0.38,20.0,0.36,10.0,0.39,121.31,0.4,35.5,0.61,245.8,0.6,35.5,0.62,20.0,0.64,10.0,0.01,0.01,2336.998929,1776354191000
1776354194.385,194.385,0.38,20.0,0.36,10.0,0.39,102.31,0.4,35.5,0.61,121.31,0.6,35.5,0.62,20.0,0.64,10.0,0.01,0.01,2336.692726,1776354192000
1776354197.691,197.691,0.38,20.0,0.36,10.0,0.39,205.22,0.4,35.5,0.61,92.13,0.6,35.5,0.62,20.0,0.64,10.0,0.01,0.01,2336.74321,1776354196000
1776354199.419,199.419,0.38,20.0,0.36,10.0,0.39,230.22,0.4,60.5,0.61,205.22,0.6,35.5,0.62,20.0,0.64,10.0,0.01,0.01,2336.601363,1776354197000
1776354203.224,203.224,0.38,20.0,0.36,10.0,0.39,246.42,0.4,35.5,0.61,230.22,0.6,60.5,0.62,20.0,0.64,10.0,0.01,0.01,2336.769479,1776354201000
1776354203.669,203.669,0.38,20.0,0.36,10.0,0.39,223.59,0.4,35.5,0.61,236.42,0.6,35.5,0.62,20.0,0.64,10.0,0.01,0.01,2336.663716,1776354202000
1776354204.261,204.261,0.38,20.0,0.36,10.0,0.39,217.79,0.4,35.5,0.61,223.59,0.6,35.5,0.62,20.0,0.64,10.0,0.01,0.01,2336.69705,1776354203000
1776354204.669,204.669,0.38,44.0,0.36,10.0,0.39,212.09,0.4,35.5,0.61,217.79,0.6,35.5,0.62,20.0,0.64,10.0,0.01,0.01,2336.69705,1776354203000
1776354205.109,205.109,0.38,20.0,0.36,10.0,0.39,206.49,0.4,35.5,0.61,212.09,0.6,35.5,0.62,34.0,0.64,10.0,0.01,0.01,2336.791748,1776354204000
1776354205.61,205.61,0.38,20.0,0.36,10.0,0.39,200.49,0.4,35.5,0.61,206.49,0.6,35.5,0.62,20.0,0.64,10.0,0.01,0.01,2336.791748,1776354204000
1776354205.881,205.881,0.38,44.0,0.36,10.0,0.39,289.68,0.4,35.5,0.61,200.49,0.6,35.5,0.62,20.0,0.64,10.0,0.01,0.01,2336.791748,1776354204000
1776354206.193,206.193,0.38,20.0,0.36,10.0,0.39,289.68,0.4,35.5,0.61,289.68,0.6,35.5,0.62,20.0,0.64,10.0,0.01,0.01,2336.800645,1776354205000
1776354206.74,206.74,0.38,20.0,0.36,10.0,0.39,224.37,0.4,35.5,0.61,283.98,0.6,35.5,0.62,20.0,0.64,10.0,0.01,0.01,2336.800645,1776354205000
1776354207.046,207.046,0.38,42.38,0.36,10.0,0.39,219.37,0.4,35.5,0.61,224.37,0.6,35.5,0.62,20.0,0.64,10.0,0.01,0.01,2336.800645,1776354205000
1776354207.279,207.279,0.38,20.0,0.36,10.0,0.39,214.37,0.4,35.5,0.61,219.37,0.6,35.5,0.62,42.38,0.64,10.0,0.01,0.01,2336.903335,1776354206000
1776354207.558,207.558,0.38,20.0,0.36,10.0,0.39,174.37,0.4,35.5,0.61,174.37,0.6,35.5,0.62,44.0,0.64,10.0,0.01,0.01,2336.903335,1776354206000
1776354208.007,208.007,0.38,31.94,0.36,10.0,0.39,169.37,0.4,35.5,0.61,174.37,0.6,35.5,0.62,20.0,0.64,10.0,0.01,0.01,2336.903335,1776354206000
1776354210.354,210.354,0.38,20.0,0.36,10.0,0.39,209.47,0.4,35.5,0.61,169.37,0.6,35.5,0.62,20.0,0.64,10.0,0.01,0.01,2337.188095,1776354209000
1776354210.963,210.963,0.38,20.0,0.36,10.0,0.39,218.36,0.4,35.5,0.61,209.47,0.6,35.5,0.62,20.0,0.64,10.0,0.01,0.01,2337.188095,1776354209000
1776354215.36,215.36,0.38,20.0,0.36,10.0,0.39,222.37,0.4,41.5,0.61,218.36,0.6,35.5,0.62,20.0,0.64,10.0,0.01,0.01,2336.687177,1776354214000
1776354215.71,215.71,0.38,20.0,0.36,10.0,0.39,212.37,0.4,41.5,0.61,222.37,0.6,41.5,0.62,20.0,0.64,10.0,0.01,0.01,2336.687177,1776354214000
1776354216.02,216.02,0.38,20.0,0.36,10.0,0.39,15.37,0.4,41.5,0.61,212.37,0.6,41.5,0.62,20.0,0.64,10.0,0.01,0.01,2336.687177,1776354214000
1776354216.243,216.243,0.38,20.0,0.36,10.0,0.39,15.37,0.4,41.5,0.61,15.37,0.6,41.5,0.62,20.0,0.64,10.0,0.01,0.01,2336.687177,1776354214000
1776354216.818,216.818,0.38,20.0,0.36,10.0,0.39,50.37,0.4,41.5,0.61,15.37,0.6,41.5,0.62,20.0,0.64,10.0,0.01,0.01,2336.748135,1776354215000
1776354220.789,220.789,0.17,5.22,0.16,62.87,0.24,100.0,0.26,120.0,0.61,79.83,0.6,41.5,0.62,20.0,0.64,10.0,0.07,0.01,2337.094791,1776354219000
1776354220.991,220.991,0.19,9.26,0.18,10.5,0.26,130.0,0.27,10.0,0.8,40.0,0.79,10.0,0.81,9.26,0.82,10.5,0.07,0.01,2337.094791,1776354219000
1776354221.329,221.329,0.17,1.62,0.16,112.87,0.19,5.0,0.2,5.0,0.73,15.0,0.72,15.0,0.83,1.62,0.84,62.87,0.02,0.1,2337.051422,1776354220000
1776354221.633,221.633,0.17,1.62,0.16,112.87,0.18,26.94,0.19,5.0,0.81,5.0,0.8,5.0,0.83,1.62,0.84,112.87,0.01,0.02,2337.051422,1776354220000
1776354222.038,222.038,0.16,114.71,0.15,140.0,0.17,25.0,0.18,6.94,0.82,6.94,0.81,5.0,0.84,116.79,0.85,140.0,0.01,0.02,2337.051422,1776354220000
1776354222.29,222.29,0.16,46.37,0.15,75.0,0.17,20.0,0.18,6.94,0.83,30.0,0.82,6.94,0.84,45.37,0.85,70.0,0.01,0.01,2337.051422,1776354220000
1776354223.631,223.631,0.16,60.87,0.15,75.0,0.17,20.0,0.18,6.94,0.83,20.0,0.82,6.94,0.84,46.37,0.85,75.0,0.01,0.01,2337.000306,1776354222000
1776354223.852,223.852,0.16,3.5,0.15,70.0,0.17,22.0,0.18,10.0,0.83,22.0,0.82,10.0,0.84,3.5,0.85,70.0,0.01,0.01,2337.000306,1776354222000
1776354224.196,224.196,0.16,22.85,0.15,73.7,0.17,42.0,0.18,20.0,0.83,12.0,0.82,10.0,0.84,20.0,0.85,73.7,0.01,0.01,2337.000306,1776354222000
1776354224.556,224.556,0.17,22.85,0.16,5.0,0.19,16.0,0.2,3.45,0.8,3.45,0.79,10.0,0.84,14.05,0.85,68.7,0.02,0.04,2336.915043,1776354223000
1776354224.997,224.997,0.16,54.9,0.15,68.7,0.19,22.17,0.2,3.45,0.81,11.0,0.8,3.45,0.83,43.93,0.84,5.0,0.03,0.02,2336.915043,1776354223000
1776354225.297,225.297,0.18,38.93,0.16,5.0,0.19,22.17,0.2,8.45,0.81,22.17,0.8,3.45,0.84,54.9,0.85,68.7,0.01,0.03,2336.915043,1776354223000
1776354225.796,225.796,0.15,79.2,0.14,75.0,0.16,12.0,0.17,15.0,0.81,22.17,0.8,8.45,0.82,38.93,0.84,5.0,0.01,0.01,2336.81263,1776354224000
1776354226.585,226.585,0.15,118.08,0.14,80.0,0.16,30.0,0.17,15.0,0.84,12.0,0.83,15.0,0.85,79.2,0.86,75.0,0.01,0.01,2337.04673,1776354225000
1776354226.838,226.838,0.15,110.08,0.14,80.0,0.16,30.0,0.17,15.0,0.84,10.0,0.83,15.0,0.85,118.08,0.86,80.0,0.01,0.01,2337.04673,1776354225000
1776354227.19,227.19,0.15,99.55,0.14,80.0,0.16,50.0,0.17,15.0,0.84,30.0,0.83,15.0,0.85,105.08,0.86,80.0,0.01,0.01,2337.070532,1776354226000
1776354228.371,228.371,0.15,86.5,0.14,90.0,0.16,5.0,0.17,10.0,0.84,10.0,0.83,15.0,0.85,72.71,0.86,80.0,0.01,0.01,2337.070864,1776354227000
1776354228.758,228.758,0.16,54.0,0.15,42.5,0.17,4.2,0.18,25.0,0.84,5.0,0.83,10.0,0.85,86.5,0.86,90.0,0.01,0.01,2337.070864,1776354227000
1776354229.105,229.105,0.17,10.0,0.16,75.0,0.18,14.3,0.19,16.17,0.83,4.2,0.82,25.0,0.84,54.0,0.85,42.5,0.01,0.01,2337.070864,1776354227000
1776354229.441,229.441,0.17,54.0,0.16,70.0,0.18,8.7,0.19,16.17,0.82,14.3,0.81,16.17,0.83,10.0,0.84,75.0,0.01,0.01,2337.006221,1776354228000
1776354229.792,229.792,0.17,68.44,0.16,135.0,0.19,7.23,0.2,3.45,0.82,8.7,0.81,16.17,0.83,63.44,0.84,135.0,0.02,0.01,2337.006221,1776354228000
1776354230.036,230.036,0.18,45.85,0.17,5.0,0.19,7.23,0.2,3.45,0.81,7.23,0.8,3.45,0.82,3.78,0.83,46.96,0.01,0.01,2337.022827,1776354229000
1776354230.41,230.41,0.18,47.78,0.17,5.0,0.19,5.73,0.2,3.45,0.81,1.43,0.8,3.45,0.82,40.85,0.83,5.0,0.01,0.01,2337.022827,1776354229000
1776354230.676,230.676,0.16,135.0,0.15,37.5,0.2,50.95,0.21,31.7,0.81,5.73,0.8,3.45,0.82,47.78,0.83,5.0,0.04,0.01,2337.022827,1776354229000
1776354231.942,231.942,0.16,140.0,0.15,37.5,0.2,30.35,0.21,31.7,0.8,35.35,0.79,31.7,0.84,140.0,0.85,37.5,0.04,0.04,2337.51997,1776354230000
1776354232.57,232.57,0.18,33.75,0.17,5.0,0.23,5.0,0.25,31.37,0.75,31.37,0.74,28.7,0.83,5.0,0.84,140.0,0.05,0.08,2337.520362,1776354231000
1776354232.947,232.947,0.17,5.0,0.16,135.0,0.19,36.8,0.2,5.0,0.77,5.0,0.75,31.37,0.82,33.75,0.83,5.0,0.02,0.05,2337.520362,1776354231000
1776354234.734,234.734,0.16,283.0,0.15,25.5,0.17,16.8,0.25,12.07,0.81,36.8,0.8,5.0,0.83,5.0,0.84,135.0,0.01,0.02,2337.49977,1776354233000
1776354235.032,235.032,0.25,59.5,0.24,25.75,0.26,1.15,0.27,9.9,0.73,9.9,0.72,10.0,0.77,10.5,0.78,53.2,0.01,0.04,2337.49977,1776354233000
1776354235.443,235.443,0.25,64.5,0.24,25.75,0.27,18.0,0.28,10.0,0.74,1.15,0.73,9.9,0.75,59.5,0.76,25.75,0.02,0.01,2337.49977,1776354233000
1776354235.771,235.771,0.24,40.75,0.23,15.0,0.26,22.0,0.28,10.0,0.73,18.0,0.72,10.0,0.75,64.5,0.76,25.75,0.02,0.02,2337.50434,1776354234000
1776354235.984,235.984,0.26,43.84,0.24,40.75,0.28,10.0,0.29,10.0,0.72,10.0,0.71,10.0,0.74,35.0,0.75,10.5,0.02,0.02,2337.462185,1776354235000
1776354236.845,236.845,0.22,58.2,0.21,145.5,0.23,61.13,0.24,25.0,0.72,10.0,0.71,10.0,0.74,43.84,0.76,40.75,0.01,0.02,2337.462185,1776354235000
1776354237.227,237.227,0.21,70.0,0.2,15.5,0.23,68.13,0.24,25.0,0.77,61.13,0.76,25.0,0.78,58.2,0.79,145.5,0.02,0.01,2338.2676,1776354236000
1776354237.678,237.678,0.21,151.72,0.2,10.0,0.22,5.0,0.23,15.0,0.77,68.13,0.76,25.0,0.79,70.0,0.8,15.5,0.01,0.02,2338.2676,1776354236000
1776354238.233,238.233,0.21,114.89,0.2,20.5,0.22,25.0,0.23,10.0,0.78,5.0,0.77,15.0,0.79,151.72,0.8,10.0,0.01,0.01,2338.408607,1776354237000
1776354238.553,238.553,0.21,143.99,0.2,10.0,0.23,10.0,0.24,10.0,0.78,25.0,0.77,10.0,0.79,114.89,0.8,20.5,0.02,0.01,2338.408607,1776354237000
1776354240.262,240.262,0.21,45.0,0.2,5.0,0.22,21.0,0.23,10.0,0.77,10.0,0.76,10.0,0.79,143.99,0.8,10.0,0.01,0.02,2338.180512,1776354239000
1776354240.528,240.528,0.2,144.0,0.19,10.0,0.22,6.0,0.23,10.0,0.78,21.0,0.77,10.0,0.79,45.0,0.8,5.0,0.02,0.01,2338.180512,1776354239000
1776354240.919,240.919,0.27,119.0,0.26,150.0,0.28,16.9,0.3,24.66,0.7,20.76,0.69,10.0,0.74,5.0,0.75,5.0,0.01,0.04,2338.180512,1776354239000
1776354241.643,241.643,0.28,41.0,0.27,557.47,0.29,16.0,0.34,5.0,0.71,6.0,0.7,12.14,0.73,251.77,0.74,150.0,0.01,0.02,2338.180512,1776354239000
1776354242.303,242.303,0.28,53.0,0.27,552.47,0.29,6.0,0.33,5.0,0.71,16.0,0.66,5.0,0.72,41.0,0.73,557.47,0.01,0.01,2338.253419,1776354240000
1776354242.714,242.714,0.28,53.0,0.27,552.47,0.33,5.0,0.34,5.0,0.71,6.0,0.67,5.0,0.72,53.0,0.73,552.47,0.05,0.01,2338.253419,1776354240000
1776354243.346,243.346,0.29,25.0,0.28,10.0,0.33,56.0,0.34,15.0,0.67,5.0,0.66,5.0,0.72,53.0,0.73,552.47,0.04,0.05,2339.107531,1776354242000
1776354243.641,243.641,0.28,10.0,0.27,552.47,0.33,15.0,0.34,10.0,0.67,56.0,0.66,15.0,0.71,25.0,0.72,10.0,0.05,0.04,2339.107531,1776354242000
1776354244.799,244.799,0.34,54.0,0.33,10.0,0.35,2.14,0.36,55.0,0.67,15.0,0.66,15.0,0.69,45.5,0.72,15.0,0.01,0.02,2339.357477,1776354243000
1776354245.263,245.263,0.31,10.0,0.3,10.0,0.34,27.0,0.35,16.0,0.65,15.14,0.64,55.0,0.67,10.0,0.68,10.0,0.03,0.02,2339.357477,1776354243000
1776354245.596,245.596,0.33,22.0,0.29,10.0,0.34,20.0,0.35,16.0,0.66,27.0,0.65,16.0,0.69,10.0,0.7,10.0,0.01,0.03,2339.316121,1776354244000
1776354245.829,245.829,0.33,16.0,0.29,10.0,0.34,56.0,0.35,16.0,0.66,29.2,0.65,16.0,0.67,22.0,0.71,10.0,0.01,0.01,2339.316121,1776354244000
1776354246.223,246.223,0.31,49.0,0.3,100.0,0.33,5.0,0.35,18.26,0.66,56.0,0.65,16.0,0.67,16.0,0.71,10.0,0.02,0.01,2339.30825,1776354245000
1776354247.116,247.116,0.36,49.0,0.35,75.0,0.39,4.85,0.42,10.0,0.61,4.85,0.6,10.0,0.64,5.0,0.65,75.0,0.03,0.03,2339.285081,1776354246000
1776354247.475,247.475,0.36,121.0,0.35,75.0,0.42,10.28,0.43,10.0,0.61,4.85,0.58,10.0,0.64,39.0,0.65,75.0,0.06,0.03,2339.285081,1776354246000
1776354247.732,247.732,0.4,30.0,0.37,15.0,0.41,3.79,0.42,5.0,0.58,10.28,0.57,10.0,0.64,121.0,0.65,75.0,0.01,0.06,2339.285081,1776354246000
1776354248.019,248.019,0.37,5.0,0.36,39.0,0.41,3.79,0.45,85.0,0.59,3.79,0.58,5.0,0.6,30.0,0.63,15.0,0.04,0.01,2339.217226,1776354247000
1776354248.334,248.334,0.37,5.0,0.36,39.0,0.41,3.73,0.45,109.03,0.59,3.79,0.55,85.0,0.63,5.0,0.64,39.0,0.04,0.04,2339.217226,1776354247000
1776354249.595,249.595,0.35,70.0,0.33,5.0,0.37,44.2,0.38,5.15,0.59,3.73,0.55,109.03,0.63,5.0,0.64,39.0,0.02,0.04,2339.768682,1776354248000
1776354249.898,249.898,0.29,18.59,0.28,10.0,0.34,29.2,0.35,10.0,0.63,44.2,0.62,5.15,0.67,5.0,0.69,40.0,0.05,0.04,2339.768682,1776354248000
1776354250.116,250.116,0.27,9.71,0.26,60.0,0.34,18.6,0.35,10.0,0.66,66.2,0.65,10.0,0.73,9.71,0.74,60.0,0.07,0.07,2339.768682,1776354248000
1776354250.4,250.4,0.28,5.0,0.27,9.71,0.36,1.45,0.37,10.0,0.66,18.6,0.65,10.0,0.73,9.71,0.74,60.0,0.08,0.07,2339.808896,1776354249000
1776354250.766,250.766,0.27,3.4,0.26,10.0,0.28,44.2,0.29,9.65,0.65,14.7,0.64,51.45,0.73,8.4,0.74,10.0,0.01,0.08,2339.808896,1776354249000
1776354251.02,251.02,0.25,73.4,0.24,80.0,0.28,17.74,0.3,5.0,0.72,41.94,0.71,9.65,0.73,3.4,0.74,10.0,0.03,0.01,2339.808896,1776354249000
1776354251.35,251.35,0.25,63.2,0.24,80.0,0.28,7.74,0.29,5.0,0.72,17.74,0.7,5.0,0.75,73.4,0.76,80.0,0.03,0.03,2339.808896,1776354249000
1776354251.758,251.758,0.27,5.0,0.25,63.2,0.28,0.04,0.31,10.0,0.72,1.34,0.71,5.0,0.75,68.2,0.76,80.0,0.01,0.03,2339.765768,1776354250000
1776354251.989,251.989,0.25,64.2,0.24,80.0,0.26,25.0,0.27,45.65,0.72,0.04,0.69,10.0,0.73,5.0,0.75,63.2,0.01,0.01,2339.509165,1776354251000
1776354252.36,252.36,0.25,64.2,0.24,80.0,0.26,7.95,0.27,20.0,0.74,13.8,0.73,45.65,0.75,64.2,0.76,80.0,0.01,0.01,2339.509165,1776354251000
1776354253.144,253.144,0.26,15.0,0.25,54.0,0.28,20.0,0.29,10.0,0.74,7.95,0.73,20.0,0.75,54.0,0.76,80.0,0.02,0.01,2339.236226,1776354252000
1776354253.397,253.397,0.26,13.51,0.25,54.0,0.28,30.0,0.29,10.0,0.72,20.0,0.71,10.0,0.74,15.0,0.75,54.0,0.02,0.02,2339.236226,1776354252000
1776354254.386,254.386,0.27,3.63,0.26,18.51,0.28,5.0,0.29,10.0,0.72,30.0,0.71,10.0,0.74,13.51,0.75,54.0,0.01,0.02,2339.06871,1776354253000
1776354255.025,255.025,0.26,23.51,0.25,49.0,0.35,25.99,0.36,61.45,0.72,5.0,0.71,10.0,0.73,3.63,0.74,18.51,0.09,0.01,2339.06871,1776354253000
1776354255.308,255.308,0.26,12.15,0.25,59.0,0.36,66.45,0.37,10.0,0.65,25.99,0.64,61.45,0.74,23.51,0.75,49.0,0.1,0.09,2339.005012,1776354254000
1776354255.623,255.623,0.26,10.79,0.25,59.0,0.3,10.0,0.31,10.0,0.68,10.0,0.64,91.45,0.74,0.79,0.75,59.0,0.04,0.06,2339.005012,1776354254000
1776354256.259,256.259,0.26,5.0,0.25,59.0,0.3,15.0,0.31,60.0,0.7,10.0,0.69,10.0,0.74,10.79,0.75,59.0,0.04,0.04,2339.011394,1776354255000
1776354256.479,256.479,0.29,8.16,0.28,5.0,0.3,10.0,0.31,10.0,0.7,15.0,0.69,60.0,0.74,5.0,0.75,59.0,0.01,0.04,2339.011394,1776354255000
1776354258.452,258.452,0.37,30.0,0.36,375.0,0.38,71.0,0.44,5.04,0.67,9.9,0.66,10.0,0.71,19.83,0.72,5.0,0.01,0.04,2339.034423,1776354257000
1776354258.7,258.7,0.43,8.0,0.42,15.0,0.44,14.94,0.45,113.2,0.56,4.94,0.55,103.2,0.59,22.16,0.6,12.5,0.01,0.03,2339.034423,1776354257000
1776354259.167,259.167,0.37,10.0,0.35,10.0,0.42,70.0,0.43,19.0,0.56,14.94,0.55,113.2,0.57,8.0,0.58,15.0,0.05,0.01,2339.034423,1776354257000
1776354259.892,259.892,0.35,7.75,0.34,10.0,0.36,110.2,0.38,70.0,0.58,65.0,0.57,19.0,0.65,10.0,0.66,17.98,0.01,0.07,2339.416243,1776354258000
1776354260.316,260.316,0.31,2.76,0.3,10.0,0.33,14.02,0.34,10.0,0.67,10.0,0.66,10.0,0.69,2.76,0.7,10.0,0.02,0.02,2339.676356,1776354259000
1776354261.33,261.33,0.29,5.01,0.28,10.0,0.32,5.0,0.33,2.02,0.67,9.02,0.66,10.0,0.7,1.29,0.71,10.0,0.03,0.03,2339.774086,1776354260000
1776354262.088,262.088,0.26,1.0,0.25,10.0,0.29,10.0,0.3,10.0,0.68,5.0,0.67,2.02,0.73,10.0,0.74,5.0,0.03,0.05,2339.774086,1776354260000
1776354262.405,262.405,0.23,130.05,0.22,80.0,0.27,10.0,0.28,15.0,0.71,10.0,0.7,10.0,0.74,1.0,0.75,10.0,0.04,0.03,2339.774086,1776354260000
1776354263.402,263.402,0.22,9.83,0.21,10.0,0.24,29.0,0.25,9.0,0.76,13.33,0.75,20.0,0.77,80.0,0.78,80.0,0.02,0.01,2339.360774,1776354262000
1776354263.718,263.718,0.23,8.7,0.22,9.83,0.24,19.0,0.25,14.0,0.76,29.0,0.75,9.0,0.78,9.83,0.79,10.0,0.01,0.02,2339.360774,1776354262000
1776354264.654,264.654,0.22,8.38,0.21,10.0,0.24,19.0,0.25,9.0,0.76,19.0,0.75,14.0,0.77,8.7,0.78,9.83,0.02,0.01,2339.296289,1776354263000
1776354265.279,265.279,0.18,15.5,0.17,10.0,0.2,22.0,0.22,10.0,0.76,19.0,0.75,9.0,0.78,8.38,0.79,10.0,0.02,0.02,2339.042537,1776354264000
1776354265.76,265.76,0.18,6.96,0.17,10.0,0.22,10.0,0.23,10.0,0.8,22.0,0.78,10.0,0.82,8.18,0.83,10.0,0.04,0.02,2339.042537,1776354264000
1776354266.126,266.126,0.17,2.19,0.16,10.0,0.22,10.0,0.23,15.0,0.8,5.0,0.78,10.0,0.83,8.19,0.84,60.0,0.05,0.03,2339.042537,1776354264000
1776354266.427,266.427,0.2,8.68,0.19,10.0,0.22,15.0,0.23,15.0,0.78,10.0,0.77,15.0,0.83,2.19,0.84,10.0,0.02,0.05,2339.049977,1776354265000
1776354267.383,267.383,0.15,71.13,0.14,80.0,0.21,10.0,0.22,15.0,0.78,15.0,0.77,15.0,0.8,3.11,0.81,10.0,0.06,0.02,2338.849225,1776354266000
1776354267.602,267.602,0.15,71.13,0.14,80.0,0.21,3.6,0.22,15.0,0.79,10.0,0.78,15.0,0.85,71.13,0.86,80.0,0.06,0.06,2338.849225,1776354266000
1776354267.946,267.946,0.2,5.0,0.15,71.13,0.22,12.3,0.23,10.0,0.79,3.6,0.78,15.0,0.85,71.13,0.86,80.0,0.02,0.06,2338.849225,1776354266000
1776354268.298,268.298,0.2,5.0,0.15,71.13,0.22,6.1,0.23,15.0,0.78,12.3,0.77,15.0,0.85,71.13,0.86,80.0,0.02,0.07,2338.849225,1776354266000
1776354268.74,268.74,0.15,71.13,0.14,80.0,0.22,118.1,0.23,10.0,0.78,6.1,0.77,15.0,0.8,5.0,0.85,71.13,0.07,0.02,2338.852684,1776354267000
1776354269.27,269.27,0.18,24.0,0.17,10.0,0.19,3.7,0.2,3.6,0.8,3.6,0.79,10.0,0.83,10.0,0.84,10.0,0.01,0.03,2338.863163,1776354268000
1776354269.605,269.605,0.18,20.0,0.17,10.0,0.2,1.1,0.21,10.0,0.81,3.7,0.8,3.6,0.82,24.0,0.83,10.0,0.02,0.01,2338.863163,1776354268000
1776354269.865,269.865,0.18,3.92,0.17,10.0,0.19,15.0,0.2,1.1,0.81,15.0,0.8,1.1,0.82,10.58,0.83,10.0,0.01,0.01,2338.863163,1776354268000
1776354270.09,270.09,0.18,3.92,0.17,10.0,0.19,8.47,0.2,1.1,0.81,10.0,0.8,1.1,0.82,3.92,0.83,10.0,0.01,0.01,2338.87193,1776354269000
1776354271.444,271.444,0.17,8.91,0.16,10.0,0.19,20.47,0.2,68.07,0.81,8.47,0.8,1.1,0.82,3.92,0.83,10.0,0.02,0.01,2338.925,1776354270000
1776354272.231,272.231,0.18,125.0,0.17,8.91,0.22,86.0,0.27,5.0,0.81,20.47,0.8,68.07,0.83,8.91,0.84,10.0,0.04,0.02,2338.925,1776354270000
1776354272.581,272.581,0.32,60.0,0.28,10.0,0.33,2.02,0.34,10.0,0.73,4.9,0.68,10.0,0.74,76.51,0.75,70.0,0.01,0.01,2338.96477,1776354271000
1776354272.786,272.786,0.32,60.0,0.28,80.0,0.35,24.45,0.36,10.0,0.66,10.0,0.65,19.45,0.68,65.0,0.72,80.0,0.03,0.02,2338.96477,1776354271000
1776354273.023,273.023,0.32,52.64,0.28,80.0,0.35,28.25,0.36,10.0,0.65,24.45,0.64,10.0,0.68,52.64,0.72,80.0,0.03,0.03,2338.96477,1776354271000
1776354273.417,273.417,0.32,5.64,0.3,10.0,0.33,10.0,0.34,10.0,0.65,28.25,0.64,10.0,0.68,52.64,0.72,80.0,0.01,0.03,2338.937714,1776354272000
1776354273.697,273.697,0.32,1.51,0.3,10.0,0.33,15.0,0.34,10.0,0.67,15.0,0.66,10.0,0.68,15.81,0.7,10.0,0.01,0.01,2338.937714,1776354272000
1776354274.067,274.067,0.29,5.94,0.28,80.0,0.31,5.0,0.33,15.0,0.67,15.0,0.66,10.0,0.7,1.06,0.71,10.0,0.02,0.03,2338.937714,1776354272000
1776354274.633,274.633,0.29,5.94,0.28,80.0,0.33,4.09,0.34,10.0,0.69,5.0,0.67,15.0,0.71,5.94,0.72,80.0,0.04,0.02,2339.426237,1776354273000
1776354275.227,275.227,0.29,20.0,0.28,95.0,0.37,0.99,0.38,80.0,0.65,3.82,0.64,10.0,0.71,5.94,0.72,85.0,0.08,0.06,2339.426237,1776354273000
1776354276.03,276.03,0.33,20.0,0.32,10.0,0.34,2.25,0.35,10.0,0.63,0.99,0.62,80.0,0.71,20.0,0.72,95.0,0.01,0.08,2339.705195,1776354275000
1776354276.44,276.44,0.32,2.64,0.31,60.0,0.34,2.25,0.35,10.0,0.66,2.25,0.65,10.0,0.67,20.0,0.68,10.0,0.02,0.01,2339.705195,1776354275000
1776354277.52,277.52,0.34,7.55,0.33,80.0,0.35,5.0,0.36,10.0,0.64,9.51,0.63,10.0,0.68,2.64,0.69,60.0,0.01,0.04,2339.768689,1776354276000
1776354277.928,277.928,0.34,3.87,0.33,80.0,0.35,5.0,0.36,10.0,0.65,5.0,0.64,10.0,0.66,5.39,0.67,80.0,0.01,0.01,2339.768689,1776354276000
1776354279.851,279.851,0.34,5.0,0.33,70.0,0.35,10.0,0.36,10.0,0.65,5.0,0.64,10.0,0.66,3.87,0.67,80.0,0.01,0.01,2339.871832,1776354278000
1776354280.222,280.222,0.29,13.0,0.26,50.0,0.35,52.0,0.36,10.0,0.65,10.0,0.64,10.0,0.66,5.0,0.67,70.0,0.06,0.01,2339.871832,1776354278000
1776354280.562,280.562,0.26,41.41,0.25,70.0,0.27,19.0,0.28,9.0,0.7,5.0,0.65,47.0,0.74,50.0,0.75,70.0,0.01,0.04,2339.909621,1776354279000
1776354280.995,280.995,0.24,10.23,0.22,39.99,0.25,29.2,0.26,5.0,0.73,19.0,0.72,9.0,0.74,41.41,0.75,70.0,0.01,0.01,2339.909621,1776354279000
1776354281.472,281.472,0.24,3.65,0.21,10.0,0.25,32.0,0.26,60.0,0.75,29.2,0.74,5.0,0.76,10.23,0.78,39.99,0.01,0.01,2339.916808,1776354280000
1776354282.113,282.113,0.24,32.65,0.23,10.0,0.26,0.38,0.27,10.0,0.75,32.0,0.74,60.0,0.76,3.65,0.79,10.0,0.02,0.01,2339.871371,1776354281000
1776354282.334,282.334,0.25,144.95,0.24,18.65,0.27,26.0,0.28,10.0,0.73,10.0,0.72,10.0,0.75,5.0,0.76,32.65,0.02,0.02,2339.871371,1776354281000
1776354283.69,283.69,0.25,120.0,0.24,3.65,0.26,10.0,0.27,10.0,0.73,9.69,0.72,10.0,0.75,144.95,0.76,8.65,0.01,0.02,2339.691583,1776354282000
1776354284.284,284.284,0.24,0.28,0.23,10.0,0.25,28.0,0.26,60.0,0.74,10.0,0.73,10.0,0.75,97.0,0.76,3.65,0.01,0.01,2339.67494,1776354283000
1776354284.502,284.502,0.23,3.02,0.22,10.0,0.25,33.0,0.26,60.0,0.75,28.0,0.74,60.0,0.76,0.28,0.77,10.0,0.02,0.01,2339.67494,1776354283000
1776354284.757,284.757,0.22,12.5,0.21,60.0,0.24,10.0,0.25,20.0,0.79,5.0,0.76,5.0,0.81,76.0,0.82,10.0,0.02,0.02,2339.67494,1776354283000
1776354284.959,284.959,0.22,12.5,0.21,60.0,0.24,19.16,0.25,20.0,0.76,10.0,0.75,20.0,0.78,12.5,0.79,60.0,0.02,0.02,2339.67494,1776354283000
1776354285.331,285.331,0.22,8.71,0.21,10.0,0.24,9.16,0.25,20.0,0.76,19.16,0.75,20.0,0.78,12.5,0.79,60.0,0.02,0.02,2339.806329,1776354284000
1776354285.731,285.731,0.22,8.71,0.21,10.0,0.25,16.46,0.26,10.0,0.76,7.76,0.75,20.0,0.78,8.71,0.79,10.0,0.03,0.02,2339.806329,1776354284000
1776354286.083,286.083,0.22,13.71,0.21,10.0,0.24,3.8,0.25,16.46,0.75,16.46,0.74,10.0,0.78,8.71,0.79,10.0,0.02,0.03,2339.806329,1776354284000
1776354286.447,286.447,0.21,3.67,0.2,20.0,0.23,10.0,0.24,8.8,0.76,3.8,0.75,16.46,0.8,20.0,0.81,76.0,0.02,0.04,2339.730489,1776354285000
1776354286.692,286.692,0.24,10.0,0.23,34.0,0.28,8.6,0.29,10.0,0.77,10.0,0.76,8.8,0.79,3.67,0.8,20.0,0.04,0.02,2339.730489,1776354285000
1776354286.93,286.93,0.26,70.0,0.24,20.0,0.27,3.99,0.28,8.6,0.72,8.6,0.71,10.0,0.76,10.0,0.77,34.0,0.01,0.04,2339.730489,1776354285000
1776354287.393,287.393,0.23,10.0,0.22,70.0,0.24,2.5,0.25,10.0,0.76,3.7,0.75,10.0,0.77,10.0,0.78,70.0,0.01,0.01,2339.691579,1776354286000
1776354287.858,287.858,0.22,75.0,0.21,123.67,0.27,3.99,0.28,8.6,0.76,2.5,0.75,10.0,0.77,10.0,0.78,70.0,0.05,0.01,2339.691579,1776354286000
1776354288.623,288.623,0.14,15.0,0.13,10.0,0.17,15.0,0.18,10.0,0.73,3.99,0.72,8.6,0.78,75.0,0.79,123.67,0.03,0.05,2339.759311,1776354287000
1776354288.922,288.922,0.1,65.43,0.09,16.0,0.13,5.0,0.14,5.0,0.86,10.0,0.83,10.0,0.9,137.73,0.91,16.0,0.03,0.04,2339.759311,1776354287000
1776354289.394,289.394,0.08,10.0,0.07,10.0,0.1,36.0,0.11,13.0,0.87,5.0,0.86,5.0,0.9,65.43,0.91,16.0,0.02,0.03,2339.817258,1776354288000
1776354289.601,289.601,0.07,8.0,0.06,60.0,0.09,27.48,0.1,10.0,0.9,36.0,0.89,13.0,0.92,10.0,0.93,10.0,0.02,0.02,2339.817258,1776354288000
1776354289.812,289.812,0.09,5.52,0.08,5.65,0.1,10.0,0.11,18.0,0.9,10.0,0.89,18.0,0.91,10.52,0.92,10.65,0.01,0.01,2339.817258,1776354288000
1776354290.152,290.152,0.05,57.6,0.04,50.0,0.07,15.0,0.08,23.0,0.91,5.0,0.9,10.0,0.94,0.61,0.95,61.74,0.02,0.03,2339.817258,1776354288000
1776354290.592,290.592,0.06,22.87,0.05,5.28,0.08,16.12,0.09,11.51,0.92,11.12,0.9,5.0,0.95,5.28,0.96,50.0,0.02,0.03,2339.576291,1776354289000
1776354291.099,291.099,0.04,44.58,0.03,161.0,0.05,5.0,0.09,11.51,0.95,7.88,0.92,11.12,0.96,50.0,0.97,161.0,0.01,0.01,2339.576291,1776354289000
1776354291.37,291.37,0.04,19.15,0.03,161.0,0.05,10.0,0.09,21.51,0.95,5.0,0.91,21.51,0.96,34.15,0.97,161.0,0.01,0.01,2339.219245,1776354290000
1776354291.57,291.57,0.04,6.83,0.03,161.0,0.07,10.0,0.09,21.51,0.93,10.0,0.91,21.51,0.95,3.68,0.96,12.15,0.03,0.02,2339.219245,1776354290000
1776354291.807,291.807,0.03,163.93,0.02,558.0,0.06,1.13,0.07,18.73,0.96,56.7,0.93,18.73,0.97,158.93,0.98,558.0,0.03,0.01,2339.219245,1776354290000
1776354292.173,292.173,0.05,4.73,0.04,10.0,0.06,6.29,0.07,18.73,0.94,6.13,0.93,18.73,0.95,4.73,0.96,10.0,0.01,0.01,2339.219245,1776354291000
1776354292.59,292.59,0.03,156.93,0.02,458.0,0.06,1.29,0.07,18.73,0.95,5.27,0.94,6.29,0.96,10.0,0.97,158.93,0.03,0.01,2339.219245,1776354291000
1776354292.821,292.821,0.03,139.88,0.02,458.0,0.06,18.29,0.07,10.0,0.94,1.29,0.93,18.73,0.97,144.93,0.98,458.0,0.03,0.03,2339.219245,1776354291000
1776354293.032,293.032,0.03,109.05,0.02,458.0,0.06,14.29,0.07,15.0,0.94,1.29,0.93,10.0,0.97,124.26,0.98,458.0,0.03,0.03,2339.098854,1776354292000
1776354293.326,293.326,0.05,10.41,0.03,109.05,0.06,14.29,0.07,15.0,0.94,14.29,0.93,15.0,0.97,109.05,0.98,458.0,0.01,0.03,2339.098854,1776354292000
1776354293.55,293.55,0.03,97.05,0.02,195.0,0.06,14.29,0.07,15.0,0.94,14.29,0.93,15.0,0.95,10.41,0.97,109.05,0.03,0.01,2339.098854,1776354292000
1776354294.221,294.221,0.02,159.32,0.01,1797.28,0.06,14.29,0.07,15.0,0.94,14.29,0.93,15.0,0.97,67.05,0.98,195.0,0.04,0.03,2339.120823,1776354293000
1776354294.525,294.525,0.02,131.86,0.01,1797.28,0.03,16.3,0.05,10.0,0.97,11.15,0.95,10.0,0.98,133.91,0.99,1797.28,0.01,0.01,2339.120823,1776354293000
1776354294.893,294.893,0.02,74.22,0.01,1797.28,0.03,42.05,0.05,27.0,0.97,21.45,0.94,19.29,0.98,75.25,0.99,1797.28,0.01,0.01,2339.120823,1776354293000
1776354295.388,295.388,0.02,3.22,0.01,1797.28,0.03,52.35,0.05,26.0,0.97,42.05,0.95,27.0,0.98,54.22,0.99,1797.28,0.01,0.01,2339.169616,1776354294000
1776354295.626,295.626,0.01,1878.16,,,0.03,52.35,0.04,10.0,0.97,52.35,0.96,10.0,0.99,1778.5,,,0.02,0.02,2339.169616,1776354294000
1776354296.162,296.162,0.02,3.86,0.01,1778.16,0.03,42.35,0.04,10.0,0.97,32.35,0.96,10.0,0.98,8.97,0.99,1778.16,0.01,0.01,2339.185053,1776354295000
1776354296.385,296.385,0.01,1784.16,,,0.03,47.35,0.04,10.0,0.97,42.35,0.96,10.0,0.98,2.83,0.99,1778.16,0.02,0.01,2339.185053,1776354295000
1776354296.669,296.669,0.01,1702.02,,,0.03,42.35,0.04,15.0,0.97,42.35,0.96,15.0,0.99,1732.02,,,0.02,0.02,2339.185053,1776354295000
1776354296.876,296.876,0.01,1607.84,,,0.02,17.0,0.03,48.35,0.98,17.0,0.97,48.35,0.99,1608.86,,,0.01,0.01,2339.185053,1776354295000
1776354297.111,297.111,0.01,1603.78,,,0.02,17.0,0.03,53.35,0.98,17.0,0.97,48.35,0.99,1605.81,,,0.01,0.01,2339.185053,1776354295000
1776354297.355,297.355,0.01,1552.45,,,0.02,17.0,0.03,53.35,0.98,17.0,0.97,53.35,0.99,1578.72,,,0.01,0.01,2339.269923,1776354296000
1776354297.871,297.871,,,,,0.01,623.37,0.02,22.0,0.98,22.0,0.97,53.35,,,,,,,2339.269923,1776354296000
1776354298.414,298.414,,,,,0.01,2004.02,0.02,22.0,0.99,615.79,0.98,22.0,,,,,,,2339.40286,1776354297000
1776354300.624,300.624,,,,,0.01,58508.66,0.02,137.0,0.99,2004.02,0.98,22.0,,,,,,,2339.361448,1776354299000

# RESULT,winner=Down,slug=eth-updown-5m-1776354000,ticks=435
