timestamp,elapsed_sec,up_bid_p1,up_bid_s1,up_bid_p2,up_bid_s2,up_ask_p1,up_ask_s1,up_ask_p2,up_ask_s2,down_bid_p1,down_bid_s1,down_bid_p2,down_bid_s2,down_ask_p1,down_ask_s1,down_ask_p2,down_ask_s2,up_spread,down_spread,eth_price,eth_oracle_ts
1776255600.922,0.922,0.5,40.27,0.49,72.91,0.51,17.39,0.53,5.0,0.49,17.39,0.47,5.0,0.5,46.0,0.51,72.91,0.01,0.01,2333.454995,1776255599000
1776255601.748,1.748,0.5,30.27,0.49,72.91,0.51,22.39,0.52,18.0,0.49,17.39,0.47,5.0,0.5,40.27,0.51,72.91,0.01,0.01,2333.484167,1776255600000
1776255601.999,1.999,0.44,5.0,0.43,5.0,0.45,55.0,0.47,9.43,0.49,140.39,0.48,18.0,0.54,10.0,0.55,5.0,0.01,0.05,2333.484167,1776255600000
1776255602.226,2.226,0.44,5.0,0.43,5.0,0.45,55.0,0.47,9.43,0.55,55.0,0.53,9.43,0.56,5.0,0.57,5.0,0.01,0.01,2333.493288,1776255601000
1776255602.799,2.799,0.43,5.0,0.42,10.0,0.44,23.0,0.45,78.0,0.56,5.0,0.55,97.0,0.57,5.0,0.58,10.0,0.01,0.01,2333.493288,1776255601000
1776255603.379,3.379,0.43,5.0,0.42,10.0,0.44,23.0,0.45,78.0,0.56,23.0,0.55,78.0,0.57,5.0,0.58,10.0,0.01,0.01,2333.458326,1776255602000
1776255603.638,3.638,0.43,0.13,0.42,10.0,0.44,40.27,0.45,93.0,0.56,30.27,0.55,88.0,0.57,3.24,0.58,10.0,0.01,0.01,2333.458326,1776255602000
1776255603.975,3.975,0.43,0.13,0.42,10.0,0.44,40.27,0.45,93.0,0.56,40.27,0.55,93.0,0.57,0.13,0.58,10.0,0.01,0.01,2333.144965,1776255603000
1776255604.278,4.278,0.42,9.82,0.41,10.0,0.43,20.0,0.44,40.27,0.56,40.27,0.55,93.0,0.57,0.13,0.58,10.0,0.01,0.01,2333.144965,1776255603000
1776255604.646,4.646,0.41,5.0,0.4,5.0,0.43,51.0,0.44,45.27,0.57,15.0,0.56,40.27,0.58,4.82,0.59,10.0,0.02,0.01,2333.144965,1776255603000
1776255605.537,5.537,0.41,5.0,0.4,5.0,0.43,51.0,0.44,45.27,0.57,51.0,0.56,45.27,0.59,5.0,0.6,5.0,0.02,0.02,2333.063935,1776255604000
1776255605.947,5.947,0.39,5.0,0.38,14.0,0.4,61.7,0.42,38.0,0.57,51.0,0.56,45.27,0.59,5.0,0.6,5.0,0.01,0.02,2333.063935,1776255604000
1776255606.291,6.291,0.37,5.0,0.36,37.89,0.4,88.7,0.41,33.0,0.6,61.7,0.58,38.0,0.61,5.0,0.62,14.0,0.03,0.01,2333.048815,1776255605000
1776255607.208,7.208,0.36,42.4,0.35,19.0,0.38,20.0,0.39,15.0,0.62,20.0,0.61,15.0,0.64,42.4,0.65,19.0,0.02,0.02,2332.957184,1776255606000
1776255608.243,8.243,0.36,42.4,0.35,19.0,0.38,20.0,0.39,15.0,0.62,20.0,0.61,15.0,0.64,42.4,0.65,19.0,0.02,0.02,2332.875073,1776255607000
1776255608.492,8.492,0.36,138.19,0.35,34.0,0.38,15.0,0.39,15.0,0.62,20.0,0.61,15.0,0.64,42.4,0.65,19.0,0.02,0.02,2332.875073,1776255607000
1776255608.825,8.825,0.37,25.0,0.36,103.19,0.39,15.0,0.4,81.7,0.62,15.0,0.61,15.0,0.64,138.19,0.65,34.0,0.02,0.02,2332.875073,1776255607000
1776255609.344,9.344,0.37,28.41,0.36,103.19,0.38,10.0,0.39,15.0,0.62,10.0,0.61,15.0,0.63,28.41,0.64,103.19,0.01,0.01,2332.820574,1776255608000
1776255610.19,10.19,0.37,33.29,0.36,98.19,0.38,15.0,0.39,20.0,0.62,10.0,0.61,15.0,0.63,28.41,0.64,103.19,0.01,0.01,2332.820574,1776255608000
1776255610.599,10.599,0.37,32.0,0.36,98.19,0.38,10.0,0.39,20.0,0.62,15.0,0.61,20.0,0.63,33.29,0.64,98.19,0.01,0.01,2332.805597,1776255609000
1776255611.437,11.437,0.39,115.0,0.38,147.0,0.4,56.7,0.43,15.0,0.62,10.0,0.61,20.0,0.63,32.0,0.64,98.19,0.01,0.01,2332.808585,1776255610000
1776255611.643,11.643,0.39,108.36,0.38,147.0,0.4,41.7,0.43,15.0,0.6,41.7,0.57,15.0,0.61,115.0,0.62,147.0,0.01,0.01,2332.808585,1776255610000
1776255613.392,13.392,0.39,112.58,0.38,139.0,0.4,46.7,0.41,5.0,0.6,41.7,0.57,15.0,0.61,110.08,0.62,147.0,0.01,0.01,2332.855755,1776255612000
1776255614.567,14.567,0.39,40.5,0.38,124.0,0.4,56.7,0.41,15.0,0.6,46.7,0.59,5.0,0.61,112.58,0.62,139.0,0.01,0.01,2332.887762,1776255613000
1776255615.318,15.318,0.39,33.5,0.38,124.0,0.4,53.1,0.41,20.0,0.6,56.7,0.59,15.0,0.61,40.5,0.62,124.0,0.01,0.01,2332.927773,1776255614000
1776255621.768,21.768,0.39,79.31,0.38,164.0,0.4,74.6,0.41,30.5,0.6,53.1,0.59,20.0,0.61,31.48,0.62,124.0,0.01,0.01,2332.930366,1776255620000
1776255629.04,29.04,0.39,163.5,0.38,184.5,0.4,29.1,0.41,10.0,0.6,74.6,0.59,30.5,0.61,79.31,0.62,164.0,0.01,0.01,2332.913474,1776255627000
1776255630.855,30.855,0.39,116.5,0.38,209.5,0.4,34.1,0.41,5.0,0.6,29.1,0.59,10.0,0.61,163.5,0.62,184.5,0.01,0.01,2332.919076,1776255629000
1776255631.547,31.547,0.38,81.9,0.37,183.0,0.4,64.6,0.41,37.5,0.6,34.1,0.59,5.0,0.61,116.5,0.62,209.5,0.02,0.01,2332.930804,1776255630000
1776255632.965,32.965,0.39,163.5,0.38,232.5,0.44,10.0,0.45,80.0,0.6,64.6,0.59,37.5,0.62,81.9,0.63,183.0,0.05,0.02,2333.005983,1776255631000
1776255633.328,33.328,0.44,147.5,0.43,100.5,0.45,35.56,0.47,5.0,0.55,77.17,0.54,15.5,0.56,40.5,0.57,30.5,0.01,0.01,2333.005983,1776255631000
1776255634.369,34.369,0.47,183.0,0.46,311.81,0.49,7.62,0.5,70.0,0.52,2.68,0.51,30.0,0.53,5.0,0.54,130.0,0.02,0.01,2332.980759,1776255633000
1776255635.118,35.118,0.48,172.0,0.47,264.5,0.5,50.0,0.51,88.39,0.51,7.62,0.5,70.0,0.53,183.0,0.54,311.81,0.02,0.02,2332.980759,1776255633000
1776255635.513,35.513,0.5,85.0,0.49,116.0,0.51,47.89,0.52,60.0,0.5,50.0,0.49,88.39,0.52,172.0,0.53,264.5,0.01,0.02,2333.166658,1776255634000
1776255635.852,35.852,0.5,79.33,0.49,116.0,0.51,52.89,0.52,65.0,0.49,47.89,0.48,60.0,0.5,85.0,0.51,116.0,0.01,0.01,2333.166658,1776255634000
1776255638.698,38.698,0.51,5.0,0.5,168.83,0.52,10.0,0.53,80.5,0.49,52.89,0.48,65.0,0.5,79.33,0.51,116.0,0.01,0.01,2333.578164,1776255636000
1776255639.847,39.847,0.52,140.0,0.51,185.0,0.53,83.93,0.54,96.0,0.47,83.93,0.46,96.0,0.49,40.0,0.5,128.83,0.01,0.02,2333.615021,1776255638000
1776255640.897,40.897,0.52,35.0,0.51,90.0,0.53,118.23,0.54,97.0,0.47,83.93,0.46,96.0,0.48,140.0,0.49,185.0,0.01,0.01,2333.634435,1776255639000
1776255646.021,46.021,0.49,35.0,0.48,25.0,0.5,5.0,0.51,218.5,0.47,118.23,0.46,97.0,0.48,35.0,0.49,90.0,0.01,0.01,2333.691732,1776255644000
1776255647.607,47.607,0.49,160.5,0.48,110.5,0.51,55.0,0.52,55.0,0.5,5.0,0.49,218.5,0.51,35.0,0.52,25.0,0.02,0.01,2333.674255,1776255646000
1776255647.808,47.808,0.5,115.5,0.49,135.5,0.51,44.9,0.52,55.0,0.49,45.0,0.48,55.0,0.5,65.5,0.51,145.5,0.01,0.01,2333.674255,1776255646000
1776255648.421,48.421,0.53,8.27,0.52,80.5,0.54,45.0,0.55,55.0,0.49,44.9,0.48,55.0,0.5,115.5,0.51,135.5,0.01,0.01,2333.548639,1776255647000
1776255648.721,48.721,0.55,20.5,0.54,105.5,0.57,67.52,0.58,70.5,0.46,30.0,0.44,70.0,0.47,93.77,0.48,75.5,0.02,0.01,2333.548639,1776255647000
1776255649.863,49.863,0.56,40.0,0.55,160.0,0.57,94.72,0.58,70.5,0.43,72.52,0.42,70.5,0.44,48.06,0.45,50.5,0.01,0.01,2333.5354,1776255648000
1776255651.195,51.195,0.58,265.5,0.57,295.5,0.6,11.01,0.61,60.0,0.43,94.72,0.42,70.5,0.44,40.0,0.45,160.0,0.02,0.01,2333.941245,1776255650000
1776255651.611,51.611,0.6,133.0,0.59,125.5,0.61,1.9,0.62,55.0,0.39,60.0,0.38,120.5,0.41,50.0,0.42,195.5,0.01,0.02,2333.941245,1776255650000
1776255652.567,52.567,0.62,65.0,0.61,160.0,0.63,23.91,0.64,136.89,0.39,1.9,0.38,55.0,0.4,133.0,0.41,125.5,0.01,0.01,2333.984911,1776255651000
1776255653.374,53.374,0.6,62.0,0.59,50.0,0.61,105.5,0.62,64.5,0.37,23.91,0.36,136.89,0.38,65.0,0.39,160.0,0.01,0.01,2334.14208,1776255652000
1776255653.899,53.899,0.59,10.0,0.58,20.0,0.6,98.5,0.61,65.5,0.39,105.5,0.38,64.5,0.4,62.0,0.41,50.0,0.01,0.01,2334.14208,1776255652000
1776255654.289,54.289,0.58,15.0,0.57,30.0,0.59,26.5,0.6,50.5,0.4,98.5,0.39,65.5,0.42,20.0,0.43,35.0,0.01,0.02,2334.14208,1776255652000
1776255657.529,57.529,0.57,105.5,0.56,85.5,0.58,2.0,0.59,50.0,0.41,26.5,0.4,50.5,0.42,15.0,0.43,30.0,0.01,0.01,2333.979312,1776255656000
1776255658.076,58.076,0.58,29.5,0.57,90.5,0.59,62.0,0.6,71.0,0.42,2.0,0.41,50.0,0.43,105.5,0.44,85.5,0.01,0.01,2333.979312,1776255656000
1776255660.091,60.091,0.6,60.0,0.59,35.0,0.61,78.44,0.62,98.5,0.41,62.0,0.4,71.0,0.42,29.5,0.43,90.5,0.01,0.01,2333.98716,1776255658000
1776255660.704,60.704,0.62,75.0,0.61,212.0,0.63,47.41,0.64,194.39,0.39,71.53,0.38,98.5,0.4,55.0,0.41,35.0,0.01,0.01,2334.129722,1776255659000
1776255661.624,61.624,0.62,4.0,0.61,15.0,0.63,188.87,0.64,311.1,0.37,39.37,0.36,194.39,0.38,80.0,0.39,212.0,0.01,0.01,2334.138427,1776255660000
1776255662.192,62.192,0.5,40.0,0.49,174.0,0.53,70.0,0.54,23.0,0.43,117.68,0.42,20.0,0.47,24.0,0.48,55.0,0.03,0.04,2334.138427,1776255660000
1776255662.622,62.622,0.5,100.5,0.49,179.0,0.51,9.9,0.52,109.0,0.47,70.0,0.46,23.0,0.5,40.0,0.51,174.0,0.01,0.03,2334.246494,1776255661000
1776255664.256,64.256,0.51,110.5,0.5,125.5,0.52,36.34,0.53,65.0,0.49,9.9,0.48,109.0,0.5,100.5,0.51,179.0,0.01,0.01,2333.994455,1776255662000
1776255665.294,65.294,0.51,110.5,0.5,125.5,0.52,24.06,0.53,65.0,0.48,33.68,0.47,65.0,0.49,105.5,0.5,125.5,0.01,0.01,2333.694295,1776255663000
1776255666.431,66.431,0.51,217.5,0.5,220.5,0.52,14.06,0.55,55.0,0.48,24.06,0.47,65.0,0.49,110.5,0.5,125.5,0.01,0.01,2333.661659,1776255665000
1776255668.806,68.806,0.54,80.0,0.53,119.0,0.56,112.5,0.57,80.5,0.45,55.0,0.44,55.0,0.49,217.5,0.5,220.5,0.02,0.04,2333.704929,1776255667000
1776255669.667,69.667,0.54,95.0,0.53,124.5,0.55,74.03,0.56,92.5,0.45,15.0,0.44,107.5,0.46,70.0,0.47,119.0,0.01,0.01,2333.910552,1776255668000
1776255677.332,77.332,0.5,120.5,0.49,87.0,0.52,29.0,0.53,77.0,0.45,74.03,0.44,92.5,0.46,95.0,0.47,124.5,0.02,0.01,2333.695638,1776255675000
1776255680.2,80.2,0.52,33.41,0.51,90.5,0.53,55.0,0.54,82.0,0.48,29.0,0.47,77.0,0.5,120.5,0.51,87.0,0.01,0.02,2333.669157,1776255678000
1776255681.829,81.829,0.52,30.08,0.51,90.5,0.53,71.0,0.54,103.0,0.47,55.0,0.46,82.0,0.48,33.41,0.49,90.5,0.01,0.01,2333.659133,1776255680000
1776255686.147,86.147,0.51,32.92,0.5,100.5,0.52,90.0,0.53,85.0,0.47,71.0,0.46,103.0,0.48,30.08,0.49,90.5,0.01,0.01,2333.600894,1776255684000
1776255686.822,86.822,0.47,65.5,0.46,5.0,0.48,5.0,0.51,196.5,0.48,90.0,0.47,85.0,0.49,32.92,0.5,100.5,0.01,0.01,2333.599765,1776255685000
1776255688.731,88.731,0.47,13.96,0.46,10.0,0.48,144.0,0.49,86.0,0.52,5.0,0.49,196.5,0.53,65.5,0.54,5.0,0.01,0.01,2333.481343,1776255687000
1776255689.83,89.83,0.46,10.5,0.45,21.0,0.47,134.0,0.48,144.0,0.52,144.0,0.51,86.0,0.53,13.96,0.54,10.0,0.01,0.01,2333.4324,1776255688000
1776255692.579,92.579,0.44,10.5,0.43,70.5,0.46,221.5,0.47,148.5,0.53,148.0,0.52,144.0,0.55,20.34,0.56,65.0,0.02,0.02,2333.409032,1776255690000
1776255694.553,94.553,0.46,25.5,0.45,65.0,0.47,65.0,0.48,80.0,0.56,32.0,0.55,32.0,0.58,6.55,0.59,130.0,0.01,0.02,2333.373554,1776255692000
1776255696.228,96.228,0.46,123.46,0.45,70.0,0.47,10.0,0.48,82.0,0.53,65.0,0.52,80.0,0.54,25.5,0.55,65.0,0.01,0.01,2333.270448,1776255695000
1776255696.464,96.464,0.46,117.1,0.45,70.0,0.47,10.0,0.48,82.0,0.53,10.0,0.52,82.0,0.54,121.36,0.55,70.0,0.01,0.01,2333.270448,1776255695000
1776255698.498,98.498,0.44,22.5,0.43,205.0,0.45,124.0,0.46,128.5,0.53,10.0,0.52,82.0,0.54,117.1,0.55,70.0,0.01,0.01,2333.302255,1776255697000
1776255700.385,100.385,0.45,90.5,0.44,92.5,0.47,38.0,0.48,93.5,0.55,129.0,0.54,128.5,0.56,10.0,0.57,205.0,0.02,0.01,2333.29061,1776255698000
1776255700.912,100.912,0.47,20.0,0.46,139.5,0.49,55.16,0.5,76.5,0.53,38.0,0.52,93.5,0.55,90.5,0.56,92.5,0.02,0.02,2333.236771,1776255699000
1776255704.545,104.545,0.43,5.0,0.42,10.0,0.46,15.0,0.47,35.5,0.51,55.16,0.5,76.5,0.53,20.0,0.54,139.5,0.03,0.02,2333.339033,1776255702000
1776255705.935,105.935,0.49,5.0,0.48,115.5,0.54,60.0,0.55,60.0,0.54,15.0,0.53,35.5,0.58,10.0,0.59,65.0,0.05,0.04,2333.327228,1776255704000
1776255706.15,106.15,0.53,15.0,0.52,15.0,0.55,60.0,0.56,66.0,0.46,8.31,0.45,60.0,0.47,20.0,0.48,15.0,0.02,0.01,2333.327228,1776255704000
1776255708.23,108.23,0.54,100.0,0.53,89.0,0.55,72.57,0.56,89.0,0.45,60.0,0.44,66.0,0.47,15.0,0.48,15.0,0.01,0.02,2333.2643,1776255706000
1776255713.107,113.107,0.55,65.5,0.54,195.5,0.57,17.7,0.58,60.0,0.45,72.57,0.44,89.0,0.46,100.0,0.47,89.0,0.02,0.01,2333.6775,1776255712000
1776255714.326,114.326,0.56,140.5,0.55,209.5,0.58,20.5,0.59,60.0,0.43,7.7,0.42,60.0,0.44,55.0,0.45,164.5,0.02,0.01,2333.6787,1776255713000
1776255719.101,119.101,0.57,105.0,0.56,125.5,0.58,63.25,0.59,81.5,0.42,20.5,0.41,60.0,0.44,140.5,0.45,209.5,0.01,0.02,2333.8736,1776255718000
1776255722.355,122.355,0.59,150.5,0.58,125.5,0.61,66.2,0.62,89.5,0.42,63.25,0.41,81.5,0.43,105.0,0.44,125.5,0.02,0.01,2333.914315,1776255721000
1776255725.366,125.366,0.62,20.0,0.61,65.5,0.63,1.22,0.64,165.5,0.39,66.2,0.38,89.5,0.41,150.5,0.42,125.5,0.01,0.02,2334.011541,1776255724000
1776255726.652,126.652,0.62,146.0,0.61,125.5,0.64,20.5,0.65,127.0,0.37,1.22,0.36,165.5,0.38,20.0,0.39,65.5,0.02,0.01,2334.024908,1776255725000
1776255727.449,127.449,0.63,125.0,0.62,145.0,0.64,13.93,0.65,132.0,0.36,20.5,0.35,127.0,0.38,146.0,0.39,125.5,0.01,0.02,2334.060845,1776255726000
1776255731.256,131.256,0.63,107.5,0.62,99.5,0.64,30.0,0.65,96.5,0.36,13.93,0.35,132.0,0.37,125.0,0.38,145.0,0.01,0.01,2334.15464,1776255730000
1776255731.477,131.477,0.63,140.5,0.62,104.5,0.65,55.82,0.66,98.5,0.36,5.0,0.35,75.5,0.37,140.5,0.38,99.5,0.02,0.01,2334.15464,1776255730000
1776255736.248,136.248,0.64,46.5,0.63,49.0,0.65,90.82,0.66,90.5,0.35,55.82,0.34,98.5,0.37,140.5,0.38,104.5,0.01,0.02,2334.209456,1776255735000
1776255738.122,138.122,0.64,61.5,0.63,49.0,0.65,78.23,0.66,90.5,0.35,90.82,0.34,90.5,0.36,46.5,0.37,49.0,0.01,0.01,2334.208182,1776255736000
1776255741.113,141.113,0.64,4.0,0.63,24.0,0.65,104.23,0.66,108.5,0.35,78.23,0.34,90.5,0.36,61.5,0.37,49.0,0.01,0.01,2334.214328,1776255739000
1776255742.392,142.392,0.6,143.5,0.59,110.5,0.61,14.44,0.62,19.0,0.36,38.5,0.35,103.23,0.4,56.5,0.41,125.5,0.01,0.04,2334.219729,1776255741000
1776255742.74,142.74,0.67,10.0,0.66,161.0,0.68,105.4,0.69,115.0,0.39,14.44,0.38,19.0,0.4,143.5,0.41,110.5,0.01,0.01,2334.219729,1776255741000
1776255743.227,143.227,0.67,73.0,0.66,250.5,0.68,95.99,0.69,115.0,0.32,105.4,0.31,115.0,0.33,10.0,0.34,161.0,0.01,0.01,2334.15198,1776255742000
1776255747.041,147.041,0.69,45.0,0.68,39.0,0.7,107.72,0.71,70.5,0.32,95.99,0.31,115.0,0.33,73.0,0.34,250.5,0.01,0.01,2334.413336,1776255746000
1776255747.513,147.513,0.69,35.0,0.68,34.0,0.71,99.14,0.72,75.0,0.3,107.72,0.29,70.5,0.31,45.0,0.32,39.0,0.02,0.01,2334.413336,1776255746000
1776255751.126,151.126,0.67,34.0,0.66,65.0,0.68,92.5,0.69,103.5,0.31,66.5,0.3,15.5,0.33,10.0,0.34,16.0,0.01,0.02,2334.336956,1776255749000
1776255751.933,151.933,0.67,58.96,0.66,80.5,0.68,82.0,0.69,103.5,0.32,92.5,0.31,103.5,0.33,34.0,0.34,65.0,0.01,0.01,2334.358634,1776255750000
1776255752.495,152.495,0.67,48.96,0.66,70.0,0.68,83.8,0.69,103.5,0.32,82.0,0.31,103.5,0.33,58.96,0.34,80.5,0.01,0.01,2334.368647,1776255751000
1776255755.736,155.736,0.67,119.5,0.66,95.5,0.69,26.0,0.7,65.5,0.32,83.8,0.31,103.5,0.33,48.96,0.34,70.0,0.02,0.01,2334.371169,1776255754000
1776255757.099,157.099,0.78,58.0,0.77,25.0,0.79,2.46,0.8,20.0,0.31,26.0,0.3,65.5,0.33,119.5,0.34,95.5,0.01,0.02,2334.398437,1776255756000
1776255757.538,157.538,0.78,5.0,0.77,5.0,0.8,103.05,0.81,65.0,0.2,6.33,0.19,25.0,0.22,63.0,0.23,25.0,0.02,0.02,2334.398437,1776255756000
1776255757.746,157.746,0.7,15.0,0.69,5.0,0.72,74.52,0.73,101.0,0.28,60.0,0.27,40.0,0.29,22.0,0.3,25.0,0.02,0.01,2334.398437,1776255756000
1776255758.057,158.057,0.68,10.0,0.67,10.0,0.69,50.79,0.71,34.0,0.28,62.14,0.27,91.0,0.34,15.0,0.35,70.0,0.01,0.06,2334.398437,1776255756000
1776255758.275,158.275,0.66,5.0,0.65,5.0,0.67,22.37,0.68,21.0,0.31,50.79,0.29,34.0,0.32,10.0,0.33,10.0,0.01,0.01,2334.398437,1776255756000
1776255758.808,158.808,0.6,5.0,0.59,45.0,0.61,5.01,0.62,24.0,0.33,22.37,0.32,21.0,0.34,5.0,0.35,5.0,0.01,0.01,2334.410053,1776255757000
1776255759.159,159.159,0.6,20.5,0.59,45.0,0.62,3.33,0.63,26.5,0.39,5.01,0.38,24.0,0.4,5.0,0.41,45.0,0.02,0.01,2334.45144,1776255758000
1776255759.662,159.662,0.62,12.0,0.61,15.0,0.63,93.5,0.64,15.5,0.39,5.83,0.38,13.33,0.4,5.0,0.41,45.0,0.01,0.01,2334.45144,1776255758000
1776255760.841,160.841,0.6,15.0,0.59,40.0,0.62,24.5,0.63,103.5,0.37,93.5,0.36,15.5,0.38,12.0,0.39,15.0,0.02,0.01,2334.417808,1776255759000
1776255761.098,161.098,0.6,20.0,0.59,25.0,0.61,26.5,0.62,29.5,0.38,24.5,0.37,103.5,0.4,15.0,0.41,40.0,0.01,0.02,2334.417808,1776255759000
1776255761.455,161.455,0.59,14.27,0.58,30.5,0.61,78.0,0.62,84.5,0.39,26.5,0.38,29.5,0.41,24.02,0.42,30.5,0.02,0.02,2334.006273,1776255760000
1776255766.061,166.061,0.59,10.0,0.58,30.5,0.61,166.5,0.62,103.5,0.39,78.0,0.38,84.5,0.41,9.27,0.42,30.5,0.02,0.02,2333.930653,1776255764000
1776255767.485,167.485,0.55,1.0,0.54,20.0,0.59,142.0,0.6,125.35,0.4,10.0,0.39,166.5,0.42,30.5,0.43,21.0,0.04,0.02,2333.923884,1776255766000
1776255768.993,168.993,0.55,30.5,0.54,20.0,0.56,105.0,0.57,65.0,0.41,142.0,0.4,125.35,0.45,1.0,0.46,20.0,0.01,0.04,2333.833556,1776255767000
1776255770.399,170.399,0.55,10.5,0.54,10.0,0.56,110.0,0.57,65.0,0.44,105.0,0.43,65.0,0.45,30.5,0.46,20.0,0.01,0.01,2333.833225,1776255769000
1776255771.997,171.997,0.53,11.87,0.51,55.0,0.56,102.5,0.57,150.5,0.44,115.0,0.43,65.0,0.45,0.5,0.46,10.0,0.03,0.01,2333.796347,1776255770000
1776255772.536,172.536,0.51,55.5,0.5,60.0,0.52,68.69,0.53,70.0,0.47,5.0,0.46,15.0,0.49,45.0,0.5,60.0,0.01,0.02,2333.766518,1776255771000
1776255773.584,173.584,0.51,60.5,0.5,80.0,0.52,13.3,0.53,65.0,0.48,68.69,0.47,70.0,0.49,55.5,0.5,60.0,0.01,0.01,2333.737835,1776255772000
1776255777.641,177.641,0.51,75.5,0.5,70.0,0.53,31.41,0.54,70.0,0.48,13.3,0.47,65.0,0.49,60.5,0.5,80.0,0.02,0.01,2333.587032,1776255776000
1776255781.729,181.729,0.54,30.0,0.53,36.5,0.55,27.0,0.56,85.5,0.47,31.41,0.46,70.0,0.49,75.5,0.5,70.0,0.01,0.02,2333.599287,1776255780000
1776255782.057,182.057,0.54,35.0,0.53,36.5,0.55,1.16,0.56,85.5,0.45,27.0,0.44,85.5,0.46,30.0,0.47,36.5,0.01,0.01,2333.600839,1776255781000
1776255783.451,183.451,0.56,40.0,0.55,51.0,0.57,15.0,0.59,5.0,0.44,85.5,0.43,90.5,0.46,35.0,0.47,36.5,0.01,0.02,2333.596322,1776255782000
1776255783.713,183.713,0.61,10.0,0.6,10.0,0.64,18.98,0.65,55.0,0.43,15.0,0.41,5.0,0.44,40.0,0.45,51.0,0.03,0.01,2333.596322,1776255782000
1776255784.515,184.515,0.6,10.0,0.59,10.0,0.64,15.0,0.65,68.16,0.35,58.16,0.34,60.0,0.37,15.0,0.38,10.0,0.04,0.02,2333.632276,1776255783000
1776255785.11,185.11,0.63,26.0,0.62,21.0,0.64,31.48,0.65,63.66,0.36,15.0,0.35,68.16,0.4,10.0,0.41,10.0,0.01,0.04,2333.707706,1776255784000
1776255786.253,186.253,0.58,36.57,0.57,75.5,0.6,5.0,0.61,10.0,0.36,11.48,0.35,63.66,0.37,26.0,0.38,21.0,0.02,0.01,2333.839237,1776255785000
1776255786.876,186.876,0.59,9.19,0.58,26.57,0.6,26.21,0.62,10.0,0.4,5.0,0.39,10.0,0.42,36.57,0.43,75.5,0.01,0.02,2333.910535,1776255786000
1776255787.368,187.368,0.59,21.79,0.58,26.57,0.6,26.21,0.61,5.0,0.4,26.21,0.38,10.0,0.41,9.19,0.42,26.57,0.01,0.01,2333.910535,1776255786000
1776255788.288,188.288,0.58,6.0,0.57,5.0,0.59,12.0,0.6,47.21,0.4,26.21,0.39,5.0,0.42,23.91,0.43,75.5,0.01,0.02,2333.933431,1776255787000
1776255789.607,189.607,0.56,116.4,0.55,106.0,0.59,15.5,0.6,46.5,0.41,12.0,0.4,47.21,0.44,95.9,0.45,95.0,0.03,0.03,2333.866081,1776255788000
1776255790.011,190.011,0.58,6.0,0.57,15.0,0.6,33.0,0.61,25.5,0.41,15.5,0.4,46.5,0.44,116.4,0.45,106.0,0.02,0.03,2333.80834,1776255789000
1776255790.312,190.312,0.58,2.69,0.57,25.5,0.59,28.0,0.6,49.0,0.41,1.94,0.4,33.0,0.42,6.0,0.43,15.0,0.01,0.01,2333.80834,1776255789000
1776255790.766,190.766,0.56,1.0,0.55,31.0,0.58,108.0,0.59,80.5,0.41,28.0,0.4,49.0,0.42,2.69,0.43,25.5,0.02,0.01,2333.80834,1776255789000
1776255795.243,195.243,0.57,150.5,0.56,80.5,0.58,5.91,0.59,5.0,0.42,108.0,0.41,80.5,0.44,1.0,0.45,31.0,0.01,0.02,2333.788668,1776255793000
1776255796.285,196.285,0.57,87.72,0.56,75.5,0.58,5.91,0.59,5.0,0.42,5.91,0.41,5.0,0.43,142.38,0.44,80.5,0.01,0.01,2333.828744,1776255795000
1776255797.702,197.702,0.57,111.72,0.56,80.5,0.58,2.8,0.59,5.0,0.42,5.91,0.41,5.0,0.43,87.72,0.44,75.5,0.01,0.01,2333.837562,1776255796000
1776255799.952,199.952,0.6,81.0,0.59,22.0,0.61,52.74,0.62,75.5,0.42,2.8,0.41,5.0,0.43,111.72,0.44,80.5,0.01,0.01,2333.826403,1776255798000
1776255805.964,205.964,0.57,36.0,0.56,35.5,0.58,116.5,0.59,95.5,0.39,52.74,0.38,75.5,0.4,81.0,0.41,22.0,0.01,0.01,2333.80113,1776255804000
1776255810.083,210.083,0.6,83.0,0.59,93.5,0.61,28.86,0.62,85.5,0.42,116.5,0.41,95.5,0.43,36.0,0.44,35.5,0.01,0.01,2333.791261,1776255808000
1776255810.522,210.522,0.6,22.31,0.59,88.5,0.61,25.0,0.62,35.5,0.39,28.86,0.38,85.5,0.4,83.0,0.41,93.5,0.01,0.01,2333.789225,1776255809000
1776255811.14,211.14,0.57,31.0,0.56,35.5,0.58,51.74,0.59,50.5,0.39,25.0,0.38,35.5,0.4,22.31,0.41,88.5,0.01,0.01,2333.789225,1776255809000
1776255813.411,213.411,0.52,15.5,0.51,55.0,0.54,25.0,0.55,115.5,0.42,51.74,0.41,50.5,0.43,31.0,0.44,35.5,0.02,0.01,2333.792577,1776255812000
1776255814.86,214.86,0.52,23.5,0.51,10.0,0.53,30.0,0.54,115.5,0.46,25.0,0.45,115.5,0.48,15.5,0.49,55.0,0.01,0.02,2333.789198,1776255813000
1776255815.205,215.205,0.52,13.5,0.51,5.0,0.53,35.0,0.54,97.5,0.47,30.0,0.46,115.5,0.48,23.5,0.49,10.0,0.01,0.01,2333.789198,1776255813000
1776255818.732,218.732,0.52,25.5,0.51,70.5,0.53,10.0,0.54,28.0,0.47,35.0,0.46,97.5,0.48,13.5,0.49,5.0,0.01,0.01,2333.45744,1776255817000
1776255821.969,221.969,0.44,1.08,0.43,5.0,0.45,24.09,0.46,20.0,0.47,10.0,0.46,28.0,0.48,25.5,0.49,70.5,0.01,0.01,2333.519293,1776255821000
1776255822.309,222.309,0.39,61.41,0.38,120.0,0.41,11.73,0.42,40.0,0.59,15.0,0.58,15.0,0.61,38.09,0.62,120.0,0.02,0.02,2333.519293,1776255821000
1776255822.638,222.638,0.39,0.25,0.38,120.0,0.4,26.0,0.41,71.73,0.59,11.73,0.58,40.0,0.61,61.41,0.62,120.0,0.01,0.02,2333.519293,1776255821000
1776255823.011,223.011,0.38,1.75,0.37,5.0,0.39,116.0,0.4,76.0,0.6,31.0,0.59,71.73,0.62,0.25,0.63,10.0,0.01,0.02,2333.430115,1776255822000
1776255823.321,223.321,0.36,94.79,0.35,10.0,0.38,53.0,0.39,101.0,0.61,116.0,0.6,76.0,0.62,1.75,0.63,5.0,0.02,0.01,2333.430115,1776255822000
1776255823.668,223.668,0.36,154.74,0.35,60.0,0.37,6.0,0.38,26.0,0.63,20.0,0.62,48.0,0.64,104.74,0.65,10.0,0.01,0.01,2333.430115,1776255822000
1776255823.922,223.922,0.36,153.87,0.35,55.0,0.38,16.52,0.39,26.0,0.62,16.52,0.61,26.0,0.63,5.0,0.64,154.74,0.02,0.01,2333.430115,1776255822000
1776255824.281,224.281,0.37,66.04,0.36,153.37,0.38,11.52,0.39,26.0,0.62,16.52,0.61,26.0,0.63,7.63,0.64,143.37,0.01,0.01,2333.426688,1776255823000
1776255825.503,225.503,0.39,74.5,0.38,97.0,0.41,1.68,0.42,15.0,0.62,11.52,0.61,26.0,0.63,54.04,0.64,153.37,0.02,0.01,2333.2881,1776255824000
1776255826.506,226.506,0.4,100.46,0.39,87.5,0.41,10.0,0.42,20.0,0.59,1.68,0.58,15.0,0.61,74.5,0.62,97.0,0.01,0.02,2333.2881,1776255824000
1776255827.006,227.006,0.48,10.0,0.47,67.0,0.49,11.14,0.5,15.0,0.59,10.0,0.58,20.0,0.6,100.46,0.61,87.5,0.01,0.01,2333.263983,1776255825000
1776255827.501,227.501,0.49,126.0,0.48,96.0,0.5,6.04,0.51,35.5,0.5,11.04,0.49,30.5,0.52,96.0,0.53,72.0,0.01,0.02,2333.264703,1776255826000
1776255827.833,227.833,0.49,76.0,0.48,101.0,0.5,1.04,0.51,35.5,0.5,6.04,0.49,35.5,0.51,126.0,0.52,96.0,0.01,0.01,2333.264703,1776255826000
1776255828.727,228.727,0.51,27.0,0.5,41.0,0.54,45.04,0.55,60.0,0.5,1.04,0.49,35.5,0.51,76.0,0.52,101.0,0.03,0.01,2333.376838,1776255827000
1776255829.087,229.087,0.53,89.0,0.52,97.0,0.55,5.0,0.56,15.5,0.46,45.04,0.45,60.0,0.49,27.0,0.5,41.0,0.02,0.03,2333.376838,1776255827000
1776255831.508,231.508,0.55,27.0,0.54,17.0,0.56,34.25,0.57,90.0,0.44,15.02,0.43,10.0,0.47,89.0,0.48,92.0,0.01,0.03,2333.595605,1776255830000
1776255832.808,232.808,0.53,70.23,0.52,85.0,0.56,19.25,0.57,90.0,0.44,34.25,0.43,90.0,0.45,27.0,0.46,17.0,0.03,0.01,2333.675246,1776255831000
1776255833.885,233.885,0.54,5.0,0.53,10.23,0.55,25.5,0.56,79.25,0.44,19.25,0.43,90.0,0.47,70.23,0.48,85.0,0.01,0.03,2333.622393,1776255832000
1776255836.991,236.991,0.54,5.0,0.53,5.23,0.55,33.68,0.56,79.25,0.45,25.5,0.44,79.25,0.46,5.0,0.47,10.23,0.01,0.01,2333.602845,1776255835000
1776255838.044,238.044,0.54,5.0,0.53,5.23,0.55,23.22,0.56,79.25,0.45,33.68,0.44,79.25,0.46,5.0,0.47,5.23,0.01,0.01,2333.583004,1776255836000
1776255840.535,240.535,0.52,5.0,0.51,81.0,0.53,47.22,0.54,85.0,0.45,33.22,0.44,24.25,0.47,14.48,0.48,90.5,0.01,0.02,2333.646727,1776255839000
1776255840.952,240.952,0.46,4.9,0.42,25.0,0.48,10.0,0.49,15.0,0.47,47.22,0.46,85.0,0.48,5.0,0.49,81.0,0.02,0.01,2333.646727,1776255839000
1776255841.248,241.248,0.39,10.0,0.38,5.0,0.4,8.64,0.41,25.0,0.53,10.0,0.52,24.61,0.58,25.0,0.59,30.0,0.01,0.05,2333.646727,1776255839000
1776255841.723,241.723,0.37,59.04,0.36,183.37,0.39,90.0,0.4,68.64,0.6,70.64,0.59,25.0,0.62,5.0,0.63,59.04,0.02,0.02,2333.565176,1776255840000
1776255842.009,242.009,0.37,64.04,0.36,183.37,0.38,44.3,0.39,55.0,0.61,90.0,0.6,68.64,0.63,59.04,0.64,183.37,0.01,0.02,2333.565176,1776255840000
1776255842.449,242.449,0.37,5.0,0.36,133.37,0.38,113.53,0.39,105.0,0.62,44.3,0.61,55.0,0.63,15.0,0.64,183.37,0.01,0.01,2333.56453,1776255841000
1776255842.703,242.703,0.36,133.37,0.35,43.0,0.38,125.53,0.39,130.0,0.62,113.53,0.61,105.0,0.63,5.0,0.64,133.37,0.02,0.01,2333.56453,1776255841000
1776255843.55,243.55,0.36,133.37,0.35,5.0,0.37,141.36,0.38,99.53,0.62,125.53,0.61,130.0,0.64,133.37,0.65,43.0,0.01,0.02,2333.188941,1776255842000
1776255844.557,244.557,0.35,217.0,0.34,140.0,0.36,9.0,0.45,15.0,0.63,80.36,0.62,39.0,0.64,3.99,0.65,5.0,0.01,0.01,2333.041443,1776255843000
1776255844.949,244.949,0.44,26.0,0.43,60.0,0.46,15.0,0.47,98.0,0.55,9.9,0.54,26.0,0.56,10.0,0.57,10.0,0.02,0.01,2333.041443,1776255843000
1776255845.553,245.553,0.44,13.39,0.42,16.0,0.46,96.0,0.47,113.0,0.54,15.0,0.53,98.0,0.56,26.0,0.57,60.0,0.02,0.02,2333.148485,1776255844000
1776255847.676,247.676,0.49,5.0,0.47,15.0,0.51,15.0,0.52,15.0,0.54,96.0,0.53,113.0,0.56,13.39,0.58,16.0,0.02,0.02,2333.266259,1776255846000
1776255847.982,247.982,0.52,47.0,0.51,103.0,0.53,20.73,0.54,75.0,0.47,24.9,0.46,70.0,0.48,22.0,0.49,103.0,0.01,0.01,2333.266259,1776255846000
1776255849.246,249.246,0.53,0.72,0.52,37.0,0.54,25.0,0.55,90.0,0.47,8.88,0.46,75.0,0.48,52.0,0.49,103.0,0.01,0.01,2333.248201,1776255848000
1776255850.836,250.836,0.52,87.0,0.51,93.0,0.53,80.0,0.54,100.0,0.46,25.0,0.45,90.0,0.47,0.72,0.48,37.0,0.01,0.01,2333.356656,1776255849000
1776255851.806,251.806,0.51,72.0,0.48,60.0,0.52,72.96,0.53,80.0,0.47,76.0,0.46,100.0,0.48,40.0,0.49,93.0,0.01,0.01,2333.428731,1776255850000
1776255854.761,254.761,0.42,37.0,0.41,20.0,0.43,10.0,0.44,25.0,0.56,5.0,0.55,15.0,0.57,5.0,0.58,5.0,0.01,0.01,2333.255159,1776255853000
1776255857.549,257.549,0.4,25.35,0.39,50.0,0.42,42.0,0.43,25.0,0.57,10.0,0.56,25.0,0.58,37.0,0.59,20.0,0.02,0.01,2333.200501,1776255856000
1776255857.759,257.759,0.38,41.94,0.37,50.0,0.4,47.0,0.41,102.0,0.6,20.0,0.59,40.0,0.61,25.35,0.62,50.0,0.02,0.01,2333.200501,1776255856000
1776255858.031,258.031,0.35,100.0,0.34,150.0,0.37,93.0,0.38,100.0,0.62,15.0,0.61,105.14,0.64,41.16,0.65,100.0,0.02,0.02,2333.200501,1776255856000
1776255858.321,258.321,0.34,100.0,0.33,50.0,0.36,113.0,0.37,73.0,0.63,93.0,0.62,100.0,0.65,100.0,0.66,150.0,0.02,0.02,2333.201581,1776255857000
1776255858.618,258.618,0.34,4.24,0.33,55.0,0.35,82.0,0.36,98.0,0.64,113.0,0.63,73.0,0.66,100.0,0.67,50.0,0.01,0.02,2333.201581,1776255857000
1776255859.101,259.101,0.33,49.77,0.32,105.0,0.34,153.69,0.35,48.0,0.66,9.11,0.65,77.0,0.67,55.0,0.68,105.0,0.01,0.01,2333.201581,1776255857000
1776255859.508,259.508,0.33,50.77,0.32,105.0,0.34,61.11,0.35,48.0,0.66,153.69,0.65,48.0,0.67,49.77,0.68,105.0,0.01,0.01,2333.242717,1776255858000
1776255860.626,260.626,0.32,100.0,0.31,50.0,0.34,121.11,0.35,206.17,0.66,61.11,0.65,48.0,0.67,50.77,0.68,105.0,0.02,0.01,2333.11822,1776255859000
1776255860.95,260.95,0.3,55.0,0.29,55.0,0.32,248.85,0.33,110.0,0.67,15.0,0.66,66.11,0.69,50.0,0.7,55.0,0.02,0.02,2333.11822,1776255859000
1776255862.682,262.682,0.3,48.06,0.29,55.0,0.31,272.63,0.32,73.0,0.69,154.77,0.68,183.85,0.7,58.27,0.71,60.0,0.01,0.01,2332.868337,1776255861000
1776255863.521,263.521,0.29,39.31,0.28,100.0,0.31,242.63,0.32,62.0,0.69,272.63,0.68,73.0,0.7,48.06,0.71,55.0,0.02,0.01,2332.808617,1776255862000
1776255864.431,264.431,0.29,2.36,0.28,100.0,0.3,197.77,0.31,128.77,0.69,242.63,0.68,62.0,0.71,39.31,0.72,100.0,0.01,0.02,2332.808617,1776255862000
1776255865.236,265.236,0.28,85.0,0.27,60.0,0.29,175.76,0.3,40.0,0.7,217.77,0.69,128.77,0.72,100.0,0.73,55.0,0.01,0.02,2332.796604,1776255864000
1776255865.669,265.669,0.28,50.27,0.27,60.0,0.29,175.76,0.3,40.0,0.71,175.76,0.7,40.0,0.72,57.22,0.73,60.0,0.01,0.01,2332.796604,1776255864000
1776255866.14,266.14,0.28,48.18,0.27,60.0,0.29,180.76,0.3,40.0,0.71,175.76,0.7,40.0,0.72,50.27,0.73,60.0,0.01,0.01,2332.872732,1776255865000
1776255867.167,267.167,0.28,53.18,0.27,55.0,0.3,110.0,0.31,110.0,0.71,167.89,0.7,40.0,0.72,48.18,0.73,60.0,0.02,0.01,2332.872732,1776255865000
1776255867.368,267.368,0.28,44.31,0.27,60.0,0.3,120.0,0.31,110.0,0.7,110.0,0.69,110.0,0.72,53.18,0.73,55.0,0.02,0.02,2332.871053,1776255866000
1776255867.748,267.748,0.29,10.0,0.28,51.53,0.34,3.87,0.35,15.8,0.7,120.0,0.69,110.0,0.72,41.53,0.73,60.0,0.05,0.02,2332.871053,1776255866000
1776255868.256,268.256,0.35,5.0,0.34,20.0,0.36,125.75,0.37,60.5,0.64,77.34,0.63,30.5,0.65,2.0,0.66,10.0,0.01,0.01,2332.772255,1776255867000
1776255868.789,268.789,0.34,10.0,0.33,21.0,0.35,97.53,0.36,80.75,0.64,125.75,0.63,60.5,0.65,5.0,0.66,20.0,0.01,0.01,2332.772255,1776255867000
1776255869.103,269.103,0.3,8.77,0.29,15.0,0.35,107.53,0.36,80.75,0.65,97.53,0.64,80.75,0.66,10.0,0.67,21.0,0.05,0.01,2332.772255,1776255867000
1776255869.599,269.599,0.31,7.73,0.3,8.77,0.33,22.0,0.34,20.0,0.65,107.53,0.64,80.75,0.7,8.77,0.71,15.0,0.02,0.05,2332.772255,1776255867000
1776255870.168,270.168,0.31,20.0,0.3,17.46,0.34,20.0,0.35,22.0,0.67,28.45,0.66,20.0,0.7,2.46,0.71,15.0,0.03,0.03,2332.984625,1776255868000
1776255870.477,270.477,0.29,10.0,0.28,41.53,0.3,25.0,0.33,10.0,0.66,20.0,0.65,22.0,0.69,20.0,0.7,17.46,0.01,0.03,2332.984625,1776255868000
1776255870.778,270.778,0.29,30.0,0.28,26.53,0.39,50.0,0.4,100.0,0.7,25.0,0.67,10.0,0.71,10.0,0.72,41.53,0.1,0.01,2332.951605,1776255869000
1776255871.053,271.053,0.36,58.31,0.35,15.0,0.37,10.0,0.38,10.0,0.6,110.0,0.59,85.0,0.62,7.27,0.63,10.0,0.01,0.02,2332.951605,1776255869000
1776255871.323,271.323,0.31,123.49,0.3,80.0,0.32,10.0,0.33,5.72,0.67,5.72,0.66,10.0,0.69,137.99,0.7,80.0,0.01,0.02,2332.980203,1776255870000
1776255872.104,272.104,0.34,10.9,0.33,15.0,0.36,80.81,0.4,10.0,0.67,10.0,0.66,9.16,0.68,5.0,0.69,183.49,0.02,0.01,2332.980203,1776255870000
1776255872.31,272.31,0.44,70.0,0.43,140.0,0.46,44.45,0.47,50.0,0.54,60.0,0.53,50.0,0.61,10.0,0.62,15.0,0.02,0.07,2332.993662,1776255871000
1776255872.59,272.59,0.46,118.4,0.45,40.0,0.47,54.9,0.48,50.0,0.53,49.9,0.52,50.0,0.54,85.55,0.55,40.0,0.01,0.01,2332.993662,1776255871000
1776255872.927,272.927,0.46,95.55,0.45,40.0,0.47,100.65,0.48,55.0,0.53,54.9,0.52,50.0,0.54,118.4,0.55,40.0,0.01,0.01,2332.993662,1776255871000
1776255874.065,274.065,0.44,54.86,0.43,157.0,0.47,105.65,0.48,55.0,0.53,100.65,0.52,55.0,0.54,9.36,0.55,40.0,0.03,0.01,2333.03785,1776255872000
1776255874.572,274.572,0.46,10.0,0.45,10.0,0.47,6.06,0.48,55.0,0.53,105.65,0.52,55.0,0.56,54.86,0.57,157.0,0.01,0.03,2333.219862,1776255873000
1776255875.103,275.103,0.46,0.74,0.45,10.0,0.47,1.06,0.48,55.0,0.53,6.06,0.52,55.0,0.54,10.0,0.55,10.0,0.01,0.01,2333.219862,1776255873000
1776255876.677,276.677,0.44,42.86,0.43,210.0,0.45,10.0,0.46,10.0,0.53,1.06,0.52,55.0,0.54,0.74,0.55,10.0,0.01,0.01,2333.33168,1776255875000
1776255877.129,277.129,0.44,25.3,0.43,280.0,0.45,10.0,0.46,10.0,0.55,10.0,0.54,10.0,0.56,42.86,0.57,210.0,0.01,0.01,2333.33168,1776255875000
1776255878.311,278.311,0.46,15.0,0.44,1.27,0.47,10.0,0.48,60.0,0.55,10.0,0.54,10.0,0.56,1.27,0.57,280.0,0.01,0.01,2333.3578,1776255877000
1776255878.659,278.659,0.46,15.0,0.45,5.0,0.47,15.0,0.48,60.0,0.53,10.0,0.52,60.0,0.54,15.0,0.56,1.27,0.01,0.01,2333.3578,1776255877000
1776255879.388,279.388,0.46,10.0,0.45,10.0,0.47,7.87,0.48,60.0,0.53,15.0,0.52,60.0,0.54,5.0,0.55,5.0,0.01,0.01,2333.3578,1776255877000
1776255880.318,280.318,0.46,5.72,0.45,10.0,0.47,10.0,0.48,55.0,0.53,7.87,0.52,60.0,0.54,10.0,0.55,10.0,0.01,0.01,2333.350691,1776255879000
1776255880.967,280.967,0.41,50.0,0.4,50.0,0.43,10.0,0.44,10.0,0.53,10.0,0.52,55.0,0.54,5.72,0.55,10.0,0.02,0.01,2333.355175,1776255880000
1776255881.167,281.167,0.31,68.39,0.28,13.53,0.32,10.0,0.33,10.0,0.68,10.0,0.67,10.0,0.69,68.39,0.72,13.53,0.01,0.01,2333.355175,1776255880000
1776255881.622,281.622,0.31,59.14,0.28,13.53,0.32,166.0,0.33,15.0,0.68,10.0,0.67,10.0,0.69,68.39,0.72,13.53,0.01,0.01,2333.355175,1776255880000
1776255881.913,281.913,0.27,66.3,0.26,50.0,0.29,40.0,0.3,10.0,0.68,161.0,0.67,15.0,0.69,43.93,0.72,13.53,0.02,0.01,2333.355175,1776255880000
1776255882.323,282.323,0.25,124.49,0.24,50.0,0.26,122.0,0.27,95.0,0.73,10.0,0.72,66.0,0.75,148.49,0.76,50.0,0.01,0.02,2333.372393,1776255881000
1776255882.616,282.616,0.18,54.59,0.17,56.24,0.2,83.6,0.21,111.0,0.8,10.0,0.79,90.0,0.81,34.59,0.82,70.0,0.02,0.01,2333.372393,1776255881000
1776255882.826,282.826,0.15,50.0,0.14,85.0,0.16,43.34,0.17,15.0,0.83,16.02,0.82,10.0,0.84,0.35,0.85,50.0,0.01,0.01,2333.372393,1776255881000
1776255883.188,283.188,0.15,40.82,0.14,85.0,0.16,211.0,0.17,20.0,0.84,35.0,0.83,15.0,0.85,42.94,0.86,85.0,0.01,0.01,2333.372393,1776255881000
1776255883.545,283.545,0.15,33.05,0.14,50.0,0.16,211.0,0.17,20.0,0.84,211.0,0.83,20.0,0.85,38.79,0.86,85.0,0.01,0.01,2333.148359,1776255882000
1776255883.951,283.951,0.13,73.12,0.12,80.09,0.16,321.6,0.17,20.0,0.84,206.0,0.83,20.0,0.85,21.83,0.86,50.0,0.03,0.01,2333.148359,1776255882000
1776255884.262,284.262,0.13,66.62,0.12,80.09,0.14,66.0,0.15,15.0,0.86,45.0,0.85,10.0,0.87,71.97,0.88,80.09,0.01,0.01,2332.973603,1776255883000
1776255884.615,284.615,0.13,30.12,0.12,80.09,0.14,61.0,0.15,15.0,0.86,66.0,0.85,15.0,0.87,66.62,0.88,80.09,0.01,0.01,2332.973603,1776255883000
1776255885.042,285.042,0.12,80.09,0.11,50.0,0.13,172.29,0.14,41.0,0.86,71.0,0.85,15.0,0.88,80.09,0.89,50.0,0.01,0.02,2332.973603,1776255883000
1776255885.293,285.293,0.12,50.84,0.11,50.0,0.13,157.29,0.14,41.0,0.87,167.29,0.86,41.0,0.88,56.53,0.89,50.0,0.01,0.01,2332.674544,1776255884000
1776255885.662,285.662,0.12,24.64,0.11,50.0,0.13,162.29,0.14,41.0,0.87,157.29,0.86,41.0,0.88,50.84,0.89,50.0,0.01,0.01,2332.674544,1776255884000
1776255885.884,285.884,0.12,9.25,0.11,50.0,0.13,157.29,0.14,41.0,0.87,162.29,0.86,41.0,0.88,18.5,0.89,50.0,0.01,0.01,2332.674544,1776255884000
1776255886.445,286.445,0.1,50.0,0.09,75.0,0.11,66.04,0.12,71.0,0.87,162.29,0.86,41.0,0.89,2.96,0.9,100.0,0.01,0.02,2332.520745,1776255885000
1776255886.753,286.753,0.1,32.19,0.09,75.0,0.11,146.04,0.12,46.0,0.89,76.04,0.88,76.0,0.9,33.31,0.91,75.0,0.01,0.01,2332.520745,1776255885000
1776255887.087,287.087,0.09,37.83,0.08,250.0,0.1,256.27,0.11,121.04,0.9,10.0,0.89,121.04,0.91,64.01,0.92,250.0,0.01,0.01,2332.520745,1776255885000
1776255887.411,287.411,0.08,233.68,0.07,50.0,0.09,60.0,0.1,231.27,0.9,251.27,0.89,121.04,0.92,250.0,0.93,50.0,0.01,0.02,2332.493181,1776255886000
1776255888.057,288.057,0.08,223.13,0.07,50.0,0.09,218.29,0.1,76.0,0.91,57.0,0.9,231.27,0.92,233.68,0.93,50.0,0.01,0.01,2332.493181,1776255886000
1776255888.263,288.263,0.08,217.85,0.07,50.0,0.09,223.29,0.1,276.0,0.91,218.29,0.9,76.0,0.92,223.13,0.93,50.0,0.01,0.01,2332.455653,1776255887000
1776255888.55,288.55,0.06,60.0,0.05,65.0,0.09,228.29,0.1,276.0,0.91,223.29,0.9,276.0,0.92,2.07,0.93,50.0,0.03,0.01,2332.455653,1776255887000
1776255888.925,288.925,0.06,54.0,0.05,65.0,0.07,241.93,0.08,20.0,0.91,228.29,0.9,276.0,0.94,60.0,0.95,65.0,0.01,0.03,2332.455653,1776255887000
1776255889.282,289.282,0.06,32.64,0.05,65.0,0.07,241.93,0.08,20.0,0.93,246.93,0.92,20.0,0.94,42.64,0.95,65.0,0.01,0.01,2332.455653,1776255887000
1776255889.681,289.681,0.05,61.59,0.04,65.0,0.07,215.93,0.08,15.0,0.93,235.44,0.92,20.0,0.94,9.75,0.95,65.0,0.02,0.01,2332.315908,1776255888000
1776255889.893,289.893,0.05,61.59,0.04,65.0,0.07,17.93,0.08,10.0,0.93,215.93,0.92,15.0,0.95,61.59,0.96,65.0,0.02,0.02,2332.315908,1776255888000
1776255890.205,290.205,0.05,24.74,0.04,65.0,0.07,38.31,0.08,15.0,0.93,17.93,0.92,10.0,0.95,61.59,0.96,65.0,0.02,0.02,2332.315908,1776255888000
1776255890.589,290.589,0.05,14.74,0.04,65.0,0.06,24.5,0.07,38.31,0.93,38.31,0.92,15.0,0.95,24.74,0.96,65.0,0.01,0.02,2332.103799,1776255889000
1776255890.822,290.822,0.05,13.68,0.04,65.0,0.06,24.5,0.07,38.31,0.94,24.5,0.93,38.31,0.95,14.74,0.96,65.0,0.01,0.01,2332.103799,1776255889000
1776255891.166,291.166,0.03,47.56,0.02,222.0,0.05,30.0,0.06,34.5,0.94,24.5,0.93,38.31,0.96,46.97,0.97,128.0,0.02,0.02,2332.085936,1776255890000
1776255891.602,291.602,0.02,163.76,0.01,1479.0,0.04,50.0,0.05,35.26,0.96,30.0,0.95,35.26,0.98,171.85,0.99,1479.0,0.02,0.02,2332.085936,1776255890000
1776255891.967,291.967,0.02,108.76,0.01,1479.0,0.04,50.0,0.05,35.26,0.96,50.0,0.95,35.26,0.98,118.76,0.99,1479.0,0.02,0.02,2332.085936,1776255890000
1776255892.261,292.261,0.02,93.65,0.01,1479.0,0.04,50.0,0.05,35.26,0.96,50.0,0.95,35.26,0.98,103.65,0.99,1479.0,0.02,0.02,2332.10835,1776255891000
1776255892.478,292.478,0.02,80.55,0.01,1479.0,0.04,50.0,0.05,35.26,0.96,50.0,0.95,35.26,0.98,85.65,0.99,1479.0,0.02,0.02,2332.10835,1776255891000
1776255892.726,292.726,0.01,1424.54,,,0.04,55.0,0.05,30.0,0.96,45.0,0.95,35.26,0.98,4.9,0.99,1424.69,0.03,0.02,2332.10835,1776255891000
1776255893.032,293.032,0.01,1370.42,,,0.02,5.1,0.03,10.0,0.98,5.1,0.97,10.0,0.99,1420.93,,,0.01,0.01,2332.10835,1776255891000
1776255893.29,293.29,0.01,1359.29,,,0.02,5.1,0.03,10.0,0.98,5.1,0.97,10.0,0.99,1364.35,,,0.01,0.01,2332.204345,1776255892000
1776255893.654,293.654,0.01,1354.05,,,0.02,5.1,0.03,10.0,0.98,5.1,0.97,10.0,0.99,1357.26,,,0.01,0.01,2332.204345,1776255892000
1776255893.925,293.925,0.01,1453.03,,,0.02,137.1,0.03,10.0,0.98,5.1,0.97,10.0,0.99,1354.05,,,0.01,0.01,2332.204345,1776255892000
1776255894.556,294.556,0.01,1447.03,,,0.02,137.1,0.03,10.0,0.98,137.1,0.97,10.0,0.99,1453.03,,,0.01,0.01,2332.13345,1776255893000
1776255894.9,294.9,0.01,1402.82,,,0.02,137.1,0.03,10.0,0.98,137.1,0.97,10.0,0.99,1423.03,,,0.01,0.01,2332.13345,1776255893000
1776255895.286,295.286,0.01,1302.82,,,0.02,127.2,0.03,10.0,0.98,137.1,0.97,10.0,0.99,1402.82,,,0.01,0.01,2332.182191,1776255894000
1776255895.632,295.632,0.01,1177.36,,,0.02,127.2,0.03,10.0,0.98,127.2,0.97,10.0,0.99,1205.67,,,0.01,0.01,2332.182191,1776255894000
1776255895.904,295.904,0.01,1167.36,,,0.02,127.2,0.03,10.0,0.98,127.2,0.97,10.0,0.99,1177.36,,,0.01,0.01,2332.182191,1776255894000
1776255896.146,296.146,0.01,1086.33,,,0.02,127.2,0.03,10.0,0.98,127.2,0.97,10.0,0.99,1043.23,,,0.01,0.01,2332.182191,1776255894000
1776255896.372,296.372,0.01,1010.7,,,0.02,127.2,0.03,10.0,0.98,127.2,0.97,10.0,0.99,1084.33,,,0.01,0.01,2332.12345,1776255895000
1776255896.857,296.857,0.01,873.55,,,0.02,127.2,0.03,10.0,0.98,127.2,0.97,10.0,0.99,874.57,,,0.01,0.01,2332.12345,1776255895000
1776255897.076,297.076,0.01,668.5,,,0.02,127.2,0.03,10.0,0.98,127.2,0.97,10.0,0.99,768.5,,,0.01,0.01,2332.12345,1776255895000
1776255897.355,297.355,0.01,438.42,,,0.02,148.2,0.03,19.0,0.98,148.2,0.97,10.0,0.99,445.29,,,0.01,0.01,2332.12345,1776255895000
1776255897.651,297.651,,,,,0.01,304.75,0.02,31.0,0.98,153.2,0.97,19.0,,,,,,,2332.12345,1776255896000

# RESULT,winner=Down,slug=eth-updown-5m-1776255600,ticks=274
