timestamp,elapsed_sec,up_bid_p1,up_bid_s1,up_bid_p2,up_bid_s2,up_ask_p1,up_ask_s1,up_ask_p2,up_ask_s2,down_bid_p1,down_bid_s1,down_bid_p2,down_bid_s2,down_ask_p1,down_ask_s1,down_ask_p2,down_ask_s2,up_spread,down_spread,eth_price,eth_oracle_ts
1776300600.576,0.576,0.47,14.89,0.4,38.0,0.6,38.0,0.61,34.0,0.49,5.0,0.4,38.0,0.53,14.89,0.6,44.0,0.13,0.04,2359.055805,1776300599000
1776300601.165,1.165,0.47,3.56,0.4,38.0,0.6,38.0,0.61,34.0,0.4,38.0,0.39,34.0,0.53,3.56,0.6,38.0,0.13,0.13,2359.050648,1776300600000
1776300601.561,1.561,0.47,3.56,0.41,17.12,0.67,285.0,0.69,375.0,0.4,38.0,0.39,34.0,0.53,3.56,0.6,38.0,0.2,0.13,2359.050648,1776300600000
1776300602.723,2.723,0.53,5.0,0.52,5.0,0.59,4.74,0.6,10.0,0.42,47.0,0.4,27.0,0.59,15.82,0.6,5.0,0.06,0.17,2359.111769,1776300601000
1776300603.038,3.038,0.52,1.31,0.51,5.0,0.57,5.0,0.59,4.74,0.41,4.74,0.4,10.0,0.47,5.0,0.48,5.0,0.05,0.06,2359.111769,1776300601000
1776300605.255,5.255,0.61,45.36,0.59,100.0,0.73,450.0,0.74,14.0,0.43,5.0,0.41,4.74,0.48,1.31,0.49,5.0,0.12,0.05,2359.325905,1776300604000
1776300605.476,5.476,0.66,50.0,0.65,5.0,0.73,423.91,0.74,14.0,0.27,433.91,0.26,14.0,0.34,50.0,0.39,37.17,0.07,0.07,2359.325905,1776300604000
1776300605.863,5.863,0.66,45.0,0.65,5.0,0.73,423.91,0.74,14.0,0.27,423.91,0.26,14.0,0.34,50.0,0.35,12.69,0.07,0.07,2359.325905,1776300604000
1776300606.302,6.302,0.66,66.0,0.65,10.0,0.67,25.29,0.72,5.0,0.27,423.91,0.26,14.0,0.34,45.0,0.35,5.0,0.01,0.07,2359.591885,1776300605000
1776300606.668,6.668,0.71,5.0,0.7,10.0,0.72,55.0,0.73,423.91,0.28,5.0,0.27,423.91,0.34,55.0,0.35,10.0,0.01,0.06,2359.591885,1776300605000
1776300606.884,6.884,0.72,10.0,0.71,10.0,0.73,424.31,0.74,14.0,0.28,55.0,0.27,423.91,0.29,5.0,0.3,10.0,0.01,0.01,2359.591885,1776300605000
1776300607.482,7.482,0.73,10.0,0.72,20.0,0.74,14.0,0.75,610.0,0.27,419.31,0.26,14.0,0.28,5.0,0.29,10.0,0.01,0.01,2359.591885,1776300605000
1776300608.229,8.229,0.74,10.0,0.73,30.0,0.75,601.59,0.76,10.0,0.25,597.93,0.24,10.0,0.27,10.0,0.28,20.0,0.01,0.02,2359.591885,1776300605000
1776300611.477,11.477,0.73,10.0,0.72,50.0,0.74,6.0,0.75,15.0,0.25,601.59,0.24,10.0,0.26,10.0,0.27,30.0,0.01,0.01,2361.057379,1776300609000
1776300611.761,11.761,0.74,10.0,0.73,10.0,0.75,10.0,0.76,10.0,0.26,6.0,0.25,15.0,0.27,10.0,0.28,50.0,0.01,0.01,2361.003164,1776300610000
1776300611.971,11.971,0.73,7.0,0.72,45.0,0.74,5.0,0.75,10.0,0.25,10.0,0.24,10.0,0.26,6.15,0.27,10.0,0.01,0.01,2361.003164,1776300610000
1776300613.144,13.144,0.73,10.0,0.72,10.0,0.74,13.51,0.75,10.0,0.26,5.0,0.25,10.0,0.27,7.0,0.28,45.0,0.01,0.01,2360.933499,1776300611000
1776300613.386,13.386,0.73,4.0,0.72,21.0,0.74,23.51,0.75,10.0,0.26,13.51,0.25,10.0,0.27,10.0,0.28,10.0,0.01,0.01,2360.867097,1776300612000
1776300613.717,13.717,0.72,21.42,0.71,10.0,0.73,5.0,0.74,33.51,0.27,10.0,0.26,28.51,0.28,7.42,0.3,35.0,0.01,0.01,2360.867097,1776300612000
1776300614.196,14.196,0.72,4.0,0.71,15.0,0.73,32.0,0.74,49.51,0.27,5.0,0.26,33.51,0.28,21.42,0.29,10.0,0.01,0.01,2360.867097,1776300612000
1776300614.872,14.872,0.7,45.0,0.69,45.0,0.72,31.0,0.73,62.0,0.27,32.0,0.26,49.51,0.28,4.0,0.29,15.0,0.02,0.01,2360.71745,1776300613000
1776300615.297,15.297,0.71,14.0,0.7,45.0,0.72,16.0,0.73,41.0,0.28,31.0,0.27,62.0,0.3,45.0,0.31,45.0,0.01,0.02,2360.71745,1776300613000
1776300615.734,15.734,0.72,46.55,0.71,20.0,0.73,25.0,0.74,76.0,0.27,24.63,0.26,76.0,0.28,7.85,0.29,20.0,0.01,0.01,2360.614387,1776300614000
1776300616.044,16.044,0.72,51.55,0.71,20.0,0.73,9.0,0.74,76.0,0.27,25.0,0.26,76.0,0.28,46.55,0.29,20.0,0.01,0.01,2360.614387,1776300614000
1776300616.333,16.333,0.72,30.64,0.71,10.0,0.73,3.93,0.74,76.0,0.27,3.93,0.26,76.0,0.28,45.22,0.29,20.0,0.01,0.01,2360.567101,1776300615000
1776300618.878,18.878,0.73,21.0,0.72,61.64,0.74,61.42,0.75,20.0,0.27,3.93,0.26,76.0,0.28,30.64,0.29,10.0,0.01,0.01,2360.627756,1776300617000
1776300619.358,19.358,0.73,21.0,0.72,61.64,0.75,13.87,0.76,126.0,0.26,61.42,0.25,20.0,0.27,21.0,0.28,61.64,0.02,0.01,2360.627756,1776300617000
1776300620.621,20.621,0.73,8.92,0.72,37.79,0.74,11.0,0.75,29.87,0.25,13.87,0.24,126.0,0.27,21.0,0.28,61.64,0.01,0.02,2360.858059,1776300619000
1776300622.408,22.408,0.72,24.79,0.71,25.35,0.73,32.0,0.74,26.0,0.26,11.0,0.25,29.87,0.27,8.92,0.28,37.79,0.01,0.01,2360.932915,1776300620000
1776300622.664,22.664,0.71,25.35,0.7,40.0,0.73,47.0,0.74,32.0,0.27,32.0,0.26,26.0,0.28,24.79,0.29,25.35,0.02,0.01,2360.932915,1776300620000
1776300623.2,23.2,0.71,21.59,0.7,35.0,0.72,51.77,0.73,67.0,0.27,52.0,0.26,32.0,0.29,13.59,0.3,40.0,0.01,0.02,2360.6774,1776300621000
1776300623.417,23.417,0.71,23.59,0.7,35.0,0.72,30.27,0.73,72.0,0.28,25.27,0.27,67.0,0.29,15.59,0.3,35.0,0.01,0.01,2360.6774,1776300621000
1776300623.772,23.772,0.71,8.59,0.7,35.0,0.72,31.0,0.73,67.0,0.28,30.27,0.27,72.0,0.29,23.59,0.3,35.0,0.01,0.01,2360.580595,1776300622000
1776300626.37,26.37,0.71,10.0,0.7,75.0,0.72,81.18,0.73,61.0,0.28,31.0,0.27,67.0,0.29,8.59,0.3,35.0,0.01,0.01,2360.316965,1776300624000
1776300627.845,27.845,0.71,10.0,0.7,75.0,0.72,81.18,0.73,61.0,0.28,81.18,0.27,61.0,0.29,10.0,0.3,75.0,0.01,0.01,2360.426369,1776300625000
1776300628.346,28.346,0.71,10.0,0.7,80.0,0.72,4.0,0.73,25.0,0.28,81.18,0.27,61.0,0.29,10.0,0.3,75.0,0.01,0.01,2360.42279,1776300627000
1776300629.913,29.913,0.73,36.0,0.72,48.0,0.74,60.0,0.75,185.0,0.28,4.0,0.27,25.0,0.29,10.0,0.3,80.0,0.01,0.01,2360.431363,1776300628000
1776300630.304,30.304,0.74,65.0,0.73,66.0,0.75,88.0,0.76,190.0,0.26,45.4,0.25,185.0,0.27,41.0,0.28,48.0,0.01,0.01,2360.513838,1776300629000
1776300631.969,31.969,0.76,3.0,0.75,10.0,0.77,89.0,0.78,260.0,0.25,88.0,0.24,190.0,0.26,65.0,0.27,66.0,0.01,0.01,2360.550817,1776300630000
1776300632.909,32.909,0.75,8.0,0.73,75.65,0.77,82.0,0.78,295.0,0.23,89.0,0.22,260.0,0.24,3.0,0.25,10.0,0.02,0.01,2360.844526,1776300631000
1776300633.569,33.569,0.73,54.65,0.72,10.0,0.74,38.0,0.75,16.0,0.23,82.0,0.22,295.0,0.25,8.0,0.27,75.65,0.01,0.02,2360.8579,1776300632000
1776300634.394,34.394,0.73,59.65,0.72,10.0,0.74,32.34,0.75,16.0,0.26,38.0,0.25,16.0,0.27,54.65,0.28,10.0,0.01,0.01,2360.719486,1776300633000
1776300636.88,36.88,0.73,113.65,0.72,50.0,0.74,42.34,0.75,36.0,0.26,32.34,0.25,16.0,0.27,59.65,0.28,10.0,0.01,0.01,2360.661492,1776300635000
1776300639.38,39.38,0.73,113.65,0.72,20.0,0.74,7.34,0.75,72.0,0.26,42.34,0.25,36.0,0.27,113.65,0.28,50.0,0.01,0.01,2360.73057,1776300638000
1776300641.554,41.554,0.76,74.0,0.75,48.0,0.77,2.4,0.78,272.0,0.26,7.34,0.25,72.0,0.27,113.65,0.28,20.0,0.01,0.01,2360.698387,1776300640000
1776300641.925,41.925,0.76,105.0,0.75,42.0,0.78,247.0,0.79,278.0,0.23,2.4,0.22,272.0,0.24,74.0,0.25,48.0,0.02,0.01,2360.698387,1776300640000
1776300642.639,42.639,0.77,71.42,0.76,91.0,0.78,225.0,0.79,261.0,0.22,247.0,0.21,278.0,0.24,105.0,0.25,42.0,0.01,0.02,2360.68635,1776300641000
1776300644.898,44.898,0.78,41.0,0.77,51.0,0.79,242.0,0.8,60.0,0.22,225.0,0.21,241.0,0.23,87.42,0.24,91.0,0.01,0.01,2361.25434,1776300643000
1776300645.501,45.501,0.78,71.0,0.77,54.37,0.79,277.0,0.8,60.0,0.21,260.0,0.2,60.0,0.22,66.0,0.23,31.0,0.01,0.01,2361.25434,1776300643000
1776300646.479,46.479,0.78,100.0,0.77,65.37,0.79,238.01,0.8,60.0,0.21,277.0,0.2,60.0,0.22,71.0,0.23,54.37,0.01,0.01,2361.24745,1776300645000
1776300646.926,46.926,0.78,100.0,0.77,55.37,0.79,226.68,0.8,60.0,0.21,238.01,0.2,60.0,0.22,100.0,0.23,65.37,0.01,0.01,2361.24745,1776300645000
1776300648.454,48.454,0.78,300.0,0.77,202.84,0.79,160.52,0.8,60.0,0.21,226.68,0.2,60.0,0.22,100.0,0.23,55.37,0.01,0.01,2361.295471,1776300647000
1776300649.386,49.386,0.78,274.0,0.77,202.84,0.8,30.52,0.81,60.0,0.21,160.52,0.2,60.0,0.22,300.0,0.23,202.84,0.02,0.01,2361.359181,1776300648000
1776300649.598,49.598,0.79,115.0,0.78,145.0,0.8,3.44,0.81,60.0,0.2,30.52,0.19,60.0,0.22,274.0,0.23,202.84,0.01,0.02,2361.359181,1776300648000
1776300649.982,49.982,0.79,254.0,0.78,135.0,0.8,2.19,0.81,50.0,0.2,3.44,0.19,60.0,0.21,115.0,0.22,145.0,0.01,0.01,2361.359181,1776300648000
1776300650.395,50.395,0.79,244.0,0.78,135.0,0.8,2.19,0.82,75.0,0.2,2.19,0.19,50.0,0.21,254.0,0.22,135.0,0.01,0.01,2361.529212,1776300649000
1776300650.65,50.65,0.79,249.0,0.78,135.0,0.82,25.0,0.83,122.0,0.2,2.19,0.18,75.0,0.21,244.0,0.22,135.0,0.03,0.01,2361.529212,1776300649000
1776300652.179,52.179,0.82,141.0,0.81,80.0,0.83,116.0,0.84,185.0,0.18,25.0,0.17,122.0,0.21,249.0,0.22,135.0,0.01,0.03,2361.743222,1776300651000
1776300652.438,52.438,0.82,175.0,0.81,80.0,0.83,108.83,0.84,185.0,0.17,116.0,0.16,185.0,0.18,141.0,0.19,80.0,0.01,0.01,2361.743222,1776300651000
1776300652.792,52.792,0.82,130.0,0.81,90.0,0.83,101.57,0.84,185.0,0.17,108.83,0.16,185.0,0.18,175.0,0.19,80.0,0.01,0.01,2361.743222,1776300651000
1776300653.265,53.265,0.82,135.0,0.81,228.54,0.84,179.05,0.85,60.06,0.17,101.57,0.16,185.0,0.18,130.0,0.19,90.0,0.02,0.01,2361.748424,1776300652000
1776300654.034,54.034,0.84,178.0,0.83,203.54,0.85,52.81,0.86,241.0,0.16,158.81,0.15,60.06,0.17,10.0,0.18,99.0,0.01,0.01,2361.748424,1776300652000
1776300654.559,54.559,0.84,238.0,0.83,224.85,0.85,50.78,0.86,241.0,0.15,52.81,0.14,241.0,0.16,178.0,0.17,203.54,0.01,0.01,2361.822314,1776300653000
1776300655.523,55.523,0.84,711.78,0.83,524.85,0.86,237.51,0.87,135.0,0.15,50.78,0.14,241.0,0.16,238.0,0.17,224.85,0.02,0.01,2362.119572,1776300654000
1776300655.88,55.88,0.85,10.0,0.84,25.0,0.86,254.72,0.87,145.0,0.14,237.51,0.13,135.0,0.16,711.78,0.17,524.85,0.01,0.02,2362.119572,1776300654000
1776300656.363,56.363,0.84,20.0,0.83,395.85,0.86,273.08,0.87,175.0,0.14,243.08,0.13,145.0,0.15,10.0,0.16,20.0,0.02,0.01,2362.19088,1776300655000
1776300657.028,57.028,0.85,99.71,0.84,22.0,0.86,253.55,0.87,170.0,0.14,262.08,0.13,175.0,0.15,94.71,0.16,79.4,0.01,0.01,2362.19088,1776300655000
1776300660.03,60.03,0.85,86.37,0.84,33.42,0.86,218.55,0.87,160.0,0.14,253.55,0.13,170.0,0.15,99.71,0.16,22.0,0.01,0.01,2362.105,1776300659000
1776300660.646,60.646,0.85,127.37,0.84,66.22,0.86,200.84,0.87,135.0,0.14,213.05,0.13,160.0,0.15,91.37,0.16,33.42,0.01,0.01,2362.105,1776300659000
1776300661.498,61.498,0.85,50.98,0.84,64.22,0.86,135.05,0.87,204.0,0.14,200.84,0.13,135.0,0.15,127.37,0.16,66.22,0.01,0.01,2362.105,1776300659000
1776300662.778,62.778,0.85,25.53,0.84,31.42,0.86,249.05,0.87,219.0,0.14,135.05,0.13,204.0,0.15,50.98,0.16,64.22,0.01,0.01,2362.148122,1776300661000
1776300662.996,62.996,0.84,9.1,0.83,20.0,0.85,92.0,0.86,150.05,0.14,254.05,0.13,219.0,0.16,31.42,0.17,10.0,0.01,0.02,2362.148122,1776300661000
1776300663.546,63.546,0.84,36.1,0.83,60.7,0.85,44.0,0.86,127.84,0.15,62.0,0.14,142.84,0.16,12.1,0.17,20.0,0.01,0.01,2361.94965,1776300662000
1776300665.967,65.967,0.85,76.25,0.84,112.13,0.86,79.84,0.87,177.0,0.15,44.0,0.14,127.84,0.16,36.1,0.17,60.7,0.01,0.01,2361.738549,1776300664000
1776300666.517,66.517,0.85,24.83,0.84,122.13,0.86,68.21,0.87,206.0,0.14,66.0,0.13,177.0,0.15,57.83,0.16,112.13,0.01,0.01,2361.863435,1776300665000
1776300667.067,67.067,0.84,127.13,0.83,20.0,0.86,58.09,0.87,194.76,0.14,54.21,0.13,206.0,0.16,122.13,0.17,15.0,0.02,0.02,2361.863435,1776300665000
1776300667.737,67.737,0.84,137.13,0.83,109.48,0.85,69.01,0.86,30.09,0.14,58.09,0.13,194.76,0.16,127.13,0.17,20.0,0.01,0.02,2361.815923,1776300666000
1776300668.039,68.039,0.84,242.13,0.83,109.48,0.85,49.37,0.86,27.21,0.15,51.37,0.14,27.21,0.16,132.13,0.17,109.48,0.01,0.01,2361.815923,1776300666000
1776300668.402,68.402,0.84,142.13,0.83,209.48,0.85,12.39,0.86,17.21,0.15,9.38,0.14,27.21,0.16,142.13,0.17,209.48,0.01,0.01,2361.685528,1776300667000
1776300669.297,69.297,0.84,106.9,0.83,15.0,0.85,161.12,0.86,142.21,0.15,72.39,0.14,93.21,0.16,140.9,0.17,219.48,0.01,0.01,2361.669612,1776300668000
1776300674.067,74.067,0.84,297.32,0.83,194.52,0.86,40.0,0.87,45.0,0.15,161.12,0.14,142.21,0.16,59.9,0.17,15.0,0.02,0.01,2361.429527,1776300673000
1776300674.551,74.551,0.85,182.0,0.84,211.32,0.86,33.73,0.87,76.0,0.14,40.0,0.13,45.0,0.16,297.32,0.17,194.52,0.01,0.02,2361.429527,1776300673000
1776300680.177,80.177,0.84,59.9,0.83,36.8,0.85,163.57,0.86,53.21,0.14,33.73,0.13,76.0,0.15,182.0,0.16,211.32,0.01,0.01,2361.356742,1776300679000
1776300680.553,80.553,0.84,70.09,0.83,5.0,0.85,155.0,0.86,103.21,0.15,113.4,0.14,53.21,0.16,54.9,0.17,36.8,0.01,0.01,2361.356742,1776300679000
1776300682.335,82.335,0.84,6.15,0.83,59.75,0.85,150.0,0.86,103.21,0.15,155.0,0.14,103.21,0.16,70.09,0.17,5.0,0.01,0.01,2361.410118,1776300681000
1776300683.461,83.461,0.84,6.15,0.83,69.75,0.85,153.82,0.86,103.21,0.15,150.0,0.14,103.21,0.16,6.15,0.17,59.75,0.01,0.01,2361.305872,1776300682000
1776300689.079,89.079,0.84,45.81,0.83,110.0,0.85,174.24,0.86,56.0,0.15,153.82,0.14,103.21,0.16,6.15,0.17,69.75,0.01,0.01,2361.375006,1776300688000
1776300691.295,91.295,0.84,112.77,0.83,110.0,0.85,154.24,0.86,70.28,0.15,169.24,0.14,56.0,0.16,36.81,0.17,110.0,0.01,0.01,2361.338952,1776300690000
1776300692.18,92.18,0.84,105.0,0.83,110.0,0.85,151.88,0.86,70.28,0.15,154.24,0.14,70.28,0.16,112.77,0.17,110.0,0.01,0.01,2361.292253,1776300691000
1776300699.658,99.658,0.83,360.3,0.82,197.0,0.86,10.0,0.87,65.0,0.15,151.88,0.14,70.28,0.16,105.0,0.17,110.0,0.03,0.01,2361.038514,1776300698000
1776300703.846,103.846,0.87,303.0,0.86,225.0,0.88,16.66,0.89,180.0,0.14,10.0,0.13,65.0,0.17,360.3,0.18,197.0,0.01,0.03,2361.737996,1776300702000
1776300708.567,108.567,0.89,152.0,0.88,172.0,0.9,135.0,0.91,287.0,0.12,16.66,0.11,180.0,0.13,303.0,0.14,225.0,0.01,0.01,2361.774339,1776300703000
1776300708.96,108.96,0.89,125.0,0.88,140.0,0.9,127.87,0.91,273.0,0.1,115.1,0.09,287.0,0.11,117.0,0.12,148.0,0.01,0.01,2361.774339,1776300703000
1776300709.97,109.97,0.89,156.9,0.88,145.0,0.9,122.87,0.91,264.0,0.1,127.87,0.09,273.0,0.11,125.0,0.12,140.0,0.01,0.01,2361.774339,1776300703000
1776300712.667,112.667,0.89,141.21,0.88,105.0,0.9,182.87,0.91,273.0,0.1,122.87,0.09,264.0,0.11,156.9,0.12,145.0,0.01,0.01,2361.782998,1776300711000
1776300714.463,114.463,0.91,5.0,0.9,297.0,0.92,188.0,0.93,28.0,0.1,182.87,0.09,273.0,0.11,129.21,0.12,105.0,0.01,0.01,2361.777967,1776300712000
1776300717.024,117.024,0.92,7.0,0.91,362.0,0.93,67.0,0.94,199.59,0.08,188.0,0.07,28.0,0.09,5.0,0.1,297.0,0.01,0.01,2361.969257,1776300715000
1776300717.646,117.646,0.92,250.0,0.91,382.0,0.94,197.64,0.95,55.96,0.07,67.0,0.06,199.59,0.08,7.0,0.09,362.0,0.02,0.01,2362.155373,1776300716000
1776300718.079,118.079,0.93,199.0,0.92,230.0,0.94,202.34,0.95,143.96,0.06,212.34,0.05,143.96,0.07,204.0,0.08,230.0,0.01,0.01,2362.155373,1776300716000
1776300719.191,119.191,0.93,199.0,0.92,288.9,0.94,59.14,0.95,129.96,0.06,202.34,0.05,143.96,0.07,199.0,0.08,230.0,0.01,0.01,2362.169258,1776300717000
1776300719.494,119.494,0.93,248.3,0.92,267.17,0.95,8.22,0.96,429.5,0.06,59.14,0.05,129.96,0.07,199.0,0.08,288.9,0.02,0.01,2362.34187,1776300718000
1776300720.497,120.497,0.94,66.33,0.93,100.0,0.95,282.2,0.96,412.39,0.05,10.0,0.04,411.59,0.06,113.33,0.07,258.3,0.01,0.01,2362.43997,1776300719000
1776300722.449,122.449,0.94,72.33,0.93,100.0,0.95,227.2,0.96,418.27,0.05,282.2,0.04,412.39,0.06,66.33,0.07,100.0,0.01,0.01,2362.5377,1776300721000
1776300725.318,125.318,0.94,109.33,0.93,216.99,0.95,4.73,0.96,426.27,0.05,227.2,0.04,418.27,0.06,72.33,0.07,100.0,0.01,0.01,2362.438888,1776300723000
1776300725.867,125.867,0.94,141.98,0.93,221.99,0.95,28.87,0.96,426.27,0.05,4.73,0.04,426.27,0.06,109.33,0.07,216.99,0.01,0.01,2362.4532,1776300724000
1776300726.42,126.42,0.94,197.97,0.93,246.25,0.96,296.19,0.97,587.7,0.05,28.87,0.04,426.27,0.06,141.98,0.07,221.99,0.02,0.01,2362.47325,1776300725000
1776300734.522,134.522,0.95,503.79,0.94,313.13,0.96,156.13,0.97,311.0,0.04,296.19,0.03,587.7,0.06,197.97,0.07,246.25,0.01,0.02,2362.62431,1776300733000
1776300735.888,135.888,0.95,530.79,0.94,319.24,0.96,156.13,0.97,311.0,0.04,156.13,0.03,311.0,0.05,503.79,0.06,313.13,0.01,0.01,2362.80043,1776300734000
1776300738.62,138.62,0.95,923.15,0.94,323.13,0.97,311.0,0.98,537.21,0.04,156.13,0.03,311.0,0.05,530.79,0.06,319.24,0.02,0.01,2363.256722,1776300737000
1776300743.343,143.343,0.96,526.69,0.95,311.26,0.97,298.0,0.98,548.09,0.03,331.66,0.02,537.21,0.04,421.99,0.05,701.9,0.01,0.01,2363.354941,1776300742000
1776300748.16,148.16,0.96,245.68,0.95,320.79,0.97,341.66,0.98,641.21,0.03,298.0,0.02,548.09,0.04,526.69,0.05,311.26,0.01,0.01,2363.031856,1776300746000
1776300751.14,151.14,0.96,245.68,0.95,344.79,0.97,326.55,0.98,623.21,0.03,341.66,0.02,641.21,0.04,245.68,0.05,320.79,0.01,0.01,2362.852637,1776300750000
1776300751.4,151.4,0.96,245.68,0.95,344.79,0.97,320.51,0.98,623.21,0.03,326.55,0.02,623.21,0.04,245.68,0.05,344.79,0.01,0.01,2362.852637,1776300750000
1776300751.646,151.646,0.96,245.68,0.95,344.79,0.97,321.39,0.98,623.21,0.03,320.51,0.02,623.21,0.04,245.68,0.05,344.79,0.01,0.01,2362.852637,1776300750000
1776300752.023,152.023,0.96,245.68,0.95,364.79,0.97,85.39,0.98,623.21,0.03,321.39,0.02,623.21,0.04,245.68,0.05,344.79,0.01,0.01,2362.731769,1776300751000
1776300752.731,152.731,0.96,240.68,0.95,115.0,0.97,206.1,0.98,692.21,0.03,85.39,0.02,623.21,0.04,245.68,0.05,364.79,0.01,0.01,2362.731769,1776300751000
1776300754.787,154.787,0.96,317.11,0.95,320.0,0.97,241.1,0.98,767.21,0.03,206.1,0.02,692.21,0.04,240.68,0.05,115.0,0.01,0.01,2362.636449,1776300753000
1776300760.218,160.218,0.96,317.11,0.95,345.0,0.97,105.44,0.98,751.21,0.03,241.1,0.02,767.21,0.04,317.11,0.05,320.0,0.01,0.01,2362.52735,1776300759000
1776300761.147,161.147,0.96,307.67,0.95,345.0,0.97,139.14,0.98,751.21,0.03,108.89,0.02,751.21,0.04,317.11,0.05,345.0,0.01,0.01,2362.52735,1776300759000
1776300769.158,169.158,0.96,496.99,0.95,402.07,0.97,22.21,0.98,364.51,0.03,139.14,0.02,751.21,0.04,307.67,0.05,345.0,0.01,0.01,2362.870983,1776300768000
1776300770.074,170.074,0.96,514.99,0.95,402.07,0.97,19.21,0.98,364.51,0.03,22.21,0.02,364.51,0.04,496.99,0.05,402.07,0.01,0.01,2362.870983,1776300768000
1776300775.904,175.904,0.96,588.31,0.95,408.06,0.97,0.21,0.98,548.21,0.03,19.21,0.02,364.51,0.04,514.99,0.05,402.07,0.01,0.01,2362.589615,1776300774000
1776300776.127,176.127,0.96,593.31,0.95,408.06,0.98,533.43,0.99,8422.44,0.03,0.21,0.02,548.21,0.04,588.31,0.05,408.06,0.02,0.01,2362.589615,1776300774000
1776300780.355,180.355,0.97,198.7,0.96,648.31,0.98,389.12,0.99,7725.44,0.02,533.43,0.01,8422.44,0.04,593.31,0.05,408.06,0.01,0.02,2362.654261,1776300778000
1776300783.967,183.967,0.97,87.31,0.96,736.65,0.98,295.03,0.99,8243.44,0.02,288.12,0.01,7725.44,0.03,203.7,0.04,643.31,0.01,0.01,2362.789241,1776300782000
1776300784.408,184.408,0.97,87.31,0.96,736.65,0.98,294.92,0.99,8243.44,0.02,295.03,0.01,8243.44,0.03,87.31,0.04,736.65,0.01,0.01,2362.709411,1776300783000
1776300788.006,188.006,0.97,27.31,0.96,290.62,0.98,628.62,0.99,7708.44,0.02,294.92,0.01,8243.44,0.03,87.31,0.04,736.65,0.01,0.01,2362.605456,1776300786000
1776300789.542,189.542,0.97,19.31,0.96,295.62,0.98,634.62,0.99,8108.44,0.02,628.62,0.01,7708.44,0.03,27.31,0.04,290.62,0.01,0.01,2362.409536,1776300788000
1776300790.963,190.963,0.96,212.62,0.95,316.79,0.98,693.62,0.99,8108.44,0.02,634.62,0.01,8108.44,0.03,19.31,0.04,295.62,0.02,0.01,2362.23626,1776300789000
1776300791.411,191.411,0.96,217.62,0.95,321.79,0.97,17.0,0.98,643.62,0.02,693.62,0.01,8108.44,0.04,212.62,0.05,316.79,0.01,0.02,2362.255354,1776300790000
1776300792.045,192.045,0.96,202.62,0.95,210.99,0.97,29.0,0.98,743.62,0.03,17.0,0.02,643.62,0.04,217.62,0.05,321.79,0.01,0.01,2362.255354,1776300790000
1776300793.264,193.264,0.96,212.62,0.95,296.79,0.98,696.8,0.99,8138.43,0.03,29.0,0.02,743.62,0.04,202.62,0.05,210.99,0.02,0.01,2362.168355,1776300792000
1776300796.556,196.556,0.96,132.62,0.95,326.79,0.97,22.0,0.98,596.8,0.02,696.8,0.01,8138.43,0.04,212.62,0.05,296.79,0.01,0.02,2361.962979,1776300794000
1776300800.561,200.561,0.96,211.93,0.95,235.0,0.97,260.7,0.98,654.8,0.03,22.0,0.02,596.8,0.04,132.62,0.05,326.79,0.01,0.01,2361.976606,1776300799000
1776300800.949,200.949,0.96,201.93,0.95,205.0,0.97,378.7,0.98,754.8,0.03,260.7,0.02,654.8,0.04,211.93,0.05,235.0,0.01,0.01,2361.976606,1776300799000
1776300801.978,201.978,0.96,29.93,0.95,225.0,0.97,230.36,0.98,722.3,0.03,358.7,0.02,754.8,0.04,191.93,0.05,205.0,0.01,0.01,2361.99849,1776300800000
1776300804.601,204.601,0.96,66.92,0.95,390.27,0.98,252.1,0.99,7378.43,0.03,230.36,0.02,722.3,0.04,29.93,0.05,225.0,0.02,0.01,2361.75742,1776300803000
1776300807.475,207.475,0.97,159.97,0.96,246.97,0.98,252.1,0.99,7195.43,0.02,252.1,0.01,7378.43,0.04,66.92,0.05,390.27,0.01,0.02,2362.235323,1776300805000
1776300811.089,211.089,0.97,10.0,0.96,103.7,0.98,437.8,0.99,7433.43,0.02,252.1,0.01,7195.43,0.03,159.97,0.04,246.97,0.01,0.01,2362.26865,1776300810000
1776300811.44,211.44,0.97,15.0,0.96,103.7,0.98,425.69,0.99,7833.43,0.02,448.8,0.01,7433.43,0.03,15.0,0.04,103.7,0.01,0.01,2362.26865,1776300810000
1776300817.9,217.9,0.97,10.0,0.96,20.0,0.98,525.37,0.99,8480.43,0.02,425.58,0.01,7833.43,0.03,15.0,0.04,103.7,0.01,0.01,2361.971269,1776300816000
1776300825.327,225.327,0.96,15.0,0.95,184.79,0.97,23.0,0.98,499.37,0.02,525.37,0.01,8480.43,0.03,10.0,0.04,20.0,0.01,0.01,2361.819244,1776300824000
1776300831.139,231.139,0.97,123.7,0.96,226.69,0.98,47.17,0.99,7685.43,0.03,23.0,0.02,499.37,0.04,15.0,0.05,184.79,0.01,0.01,2361.737614,1776300830000
1776300834.429,234.429,0.97,183.69,0.96,226.04,0.98,38.17,0.99,3022.43,0.02,47.17,0.01,7685.43,0.03,123.7,0.04,226.69,0.01,0.01,2361.720101,1776300833000
1776300837.493,237.493,0.98,110.85,0.97,269.69,0.99,2488.43,,,0.02,38.17,0.01,3022.43,0.03,183.69,0.04,226.04,0.01,0.01,2361.820955,1776300836000
1776300840.839,240.839,0.98,551.85,0.97,15.0,0.99,2982.41,,,0.01,2559.41,,,0.02,132.85,0.03,272.69,0.01,0.01,2361.785575,1776300839000
1776300841.194,241.194,0.98,541.85,0.96,15.0,0.99,2871.41,,,0.01,2417.41,,,0.02,551.85,0.03,15.0,0.01,0.01,2361.783762,1776300840000
1776300841.455,241.455,0.98,441.85,0.96,15.0,0.99,3196.41,,,0.01,2901.41,,,0.02,450.85,0.04,15.0,0.01,0.01,2361.783762,1776300840000
1776300841.705,241.705,0.98,421.85,0.96,5.0,0.99,3338.3,,,0.01,3201.41,,,0.02,421.85,0.04,15.0,0.01,0.01,2361.783762,1776300840000
1776300842.002,242.002,0.96,5.0,0.95,15.0,0.98,122.15,0.99,3573.3,0.01,3338.3,,,0.02,177.85,0.04,5.0,0.02,0.01,2361.783762,1776300840000
1776300842.208,242.208,0.95,10.0,0.94,45.62,0.97,488.0,0.98,645.7,0.02,122.15,0.01,3573.3,0.04,5.0,0.05,15.0,0.02,0.02,2361.783762,1776300840000
1776300842.531,242.531,0.87,136.8,0.86,65.0,0.88,205.74,0.96,406.0,0.03,493.0,0.02,645.7,0.06,35.62,0.07,25.0,0.01,0.03,2361.78337,1776300841000
1776300842.811,242.811,0.87,149.79,0.86,114.0,0.88,167.89,0.91,5.0,0.12,207.89,0.09,5.0,0.13,169.79,0.14,114.0,0.01,0.01,2361.78337,1776300841000
1776300843.14,243.14,0.87,124.34,0.86,247.18,0.88,156.31,0.91,5.0,0.12,158.14,0.09,5.0,0.13,124.34,0.14,282.28,0.01,0.01,2361.78337,1776300841000
1776300843.347,243.347,0.9,20.0,0.89,18.0,0.91,2.73,0.92,10.0,0.09,5.0,0.08,5.0,0.13,129.34,0.14,247.18,0.01,0.04,2361.78337,1776300841000
1776300843.622,243.622,0.9,83.14,0.89,52.0,0.92,10.0,0.93,15.0,0.09,2.73,0.08,10.0,0.1,20.0,0.11,18.0,0.02,0.01,2361.144255,1776300842000
1776300843.837,243.837,0.91,57.96,0.9,60.69,0.92,87.18,0.93,140.0,0.08,83.82,0.07,140.0,0.09,57.96,0.1,60.69,0.01,0.01,2361.144255,1776300842000
1776300844.183,244.183,0.92,51.62,0.91,201.74,0.93,25.64,0.94,60.0,0.07,26.72,0.06,65.0,0.08,10.0,0.09,38.16,0.01,0.01,2361.023445,1776300843000
1776300844.387,244.387,0.91,178.18,0.9,43.34,0.93,34.46,0.94,60.0,0.07,25.64,0.06,60.0,0.09,158.18,0.1,43.34,0.02,0.02,2361.023445,1776300843000
1776300844.937,244.937,0.91,7.34,0.9,43.34,0.93,34.46,0.94,60.0,0.07,34.46,0.06,60.0,0.09,178.18,0.1,43.34,0.02,0.02,2361.023445,1776300843000
1776300846.654,246.654,0.92,10.0,0.9,189.26,0.93,138.23,0.94,113.8,0.07,34.46,0.06,60.0,0.09,7.34,0.1,43.34,0.01,0.02,2360.845759,1776300845000
1776300847.256,247.256,0.92,10.0,0.9,185.92,0.93,60.4,0.94,88.8,0.07,114.3,0.06,88.8,0.08,10.0,0.1,189.26,0.01,0.01,2360.861084,1776300846000
1776300849.381,249.381,0.93,80.0,0.92,10.0,0.94,91.0,0.95,114.8,0.07,60.4,0.06,88.8,0.08,10.0,0.1,185.92,0.01,0.01,2360.775213,1776300848000
1776300849.836,249.836,0.93,90.34,0.92,222.29,0.94,30.0,0.95,120.0,0.06,91.0,0.05,114.8,0.07,80.0,0.08,10.0,0.01,0.01,2360.775213,1776300848000
1776300850.494,250.494,0.93,147.34,0.92,212.29,0.94,2.02,0.95,120.0,0.06,30.0,0.05,120.0,0.07,90.34,0.08,222.29,0.01,0.01,2360.775213,1776300848000
1776300851.959,251.959,0.93,155.34,0.92,47.99,0.95,6.73,0.96,198.0,0.06,2.02,0.05,120.0,0.07,147.34,0.08,212.29,0.02,0.01,2360.778097,1776300851000
1776300852.632,252.632,0.93,142.48,0.92,47.99,0.94,10.0,0.95,26.93,0.05,6.73,0.04,198.0,0.07,155.34,0.08,47.99,0.01,0.02,2360.778097,1776300851000
1776300853.863,253.863,0.94,12.0,0.93,134.14,0.95,6.73,0.96,143.0,0.06,10.0,0.05,26.93,0.07,142.48,0.08,47.99,0.01,0.01,2360.840645,1776300852000
1776300854.305,254.305,0.93,94.14,0.92,15.0,0.95,152.93,0.96,133.8,0.05,6.73,0.04,143.0,0.06,12.0,0.07,134.14,0.02,0.01,2360.840645,1776300852000
1776300854.596,254.596,0.93,99.14,0.92,15.0,0.94,27.74,0.95,152.93,0.06,29.87,0.05,152.93,0.07,94.14,0.08,15.0,0.01,0.01,2360.866745,1776300853000
1776300854.915,254.915,0.93,94.14,0.92,15.0,0.94,30.35,0.95,157.93,0.06,27.74,0.05,152.93,0.07,99.14,0.08,15.0,0.01,0.01,2360.866745,1776300853000
1776300856.774,256.774,0.93,158.29,0.92,15.0,0.94,23.92,0.95,31.93,0.06,30.35,0.05,157.93,0.07,94.14,0.08,15.0,0.01,0.01,2360.728022,1776300855000
1776300857.849,257.849,0.93,158.29,0.92,15.0,0.94,25.85,0.95,31.93,0.06,23.92,0.05,31.93,0.07,158.29,0.08,15.0,0.01,0.01,2360.660207,1776300856000
1776300859.517,259.517,0.93,5.0,0.92,79.76,0.94,5.85,0.95,26.93,0.06,25.85,0.05,31.93,0.07,158.29,0.08,15.0,0.01,0.01,2360.66298,1776300858000
1776300862.825,262.825,0.93,93.41,0.92,82.9,0.94,0.85,0.95,26.93,0.06,5.85,0.05,26.93,0.07,5.0,0.08,79.76,0.01,0.01,2360.659643,1776300861000
1776300864.138,264.138,0.94,33.68,0.93,55.35,0.97,230.99,0.98,404.7,0.06,0.85,0.05,26.93,0.07,93.41,0.08,82.9,0.03,0.01,2360.614807,1776300862000
1776300864.782,264.782,0.94,43.68,0.93,110.65,0.95,3.42,0.96,40.25,0.03,230.99,0.02,404.7,0.06,33.68,0.07,55.35,0.01,0.03,2360.570371,1776300863000
1776300866.844,266.844,0.93,24.35,0.92,10.0,0.94,5.0,0.95,55.0,0.05,5.0,0.04,40.25,0.06,27.01,0.07,110.65,0.01,0.01,2360.593853,1776300864000
1776300868.536,268.536,0.94,51.48,0.93,15.0,0.95,18.94,0.96,413.05,0.06,5.0,0.05,55.0,0.07,24.35,0.08,10.0,0.01,0.01,2360.551394,1776300867000
1776300869.202,269.202,0.94,46.48,0.93,15.0,0.95,10.8,0.96,287.05,0.05,18.94,0.04,413.05,0.06,51.48,0.07,15.0,0.01,0.01,2360.470605,1776300868000
1776300869.477,269.477,0.94,16.48,0.93,15.0,0.95,10.8,0.96,282.05,0.05,10.8,0.04,287.05,0.06,46.48,0.07,15.0,0.01,0.01,2360.470605,1776300868000
1776300869.928,269.928,0.92,18.0,0.9,10.0,0.94,109.84,0.95,131.14,0.05,10.8,0.04,282.05,0.06,16.48,0.07,15.0,0.02,0.01,2360.470605,1776300868000
1776300870.15,270.15,0.89,16.72,0.88,35.0,0.91,203.89,0.92,50.0,0.06,109.84,0.05,131.14,0.08,18.0,0.1,10.0,0.02,0.02,2360.470605,1776300868000
1776300870.526,270.526,0.89,4.9,0.88,32.16,0.9,24.44,0.91,138.34,0.1,5.0,0.09,138.34,0.11,14.9,0.12,27.16,0.01,0.01,2360.328958,1776300869000
1776300870.805,270.805,0.89,14.9,0.88,37.16,0.9,10.76,0.91,154.56,0.1,18.88,0.09,138.34,0.11,4.9,0.12,32.16,0.01,0.01,2360.328958,1776300869000
1776300871.172,271.172,0.89,83.71,0.88,37.16,0.9,3.48,0.91,169.21,0.1,10.76,0.09,154.56,0.11,14.9,0.12,37.16,0.01,0.01,2360.328958,1776300869000
1776300871.964,271.964,0.85,70.0,0.84,45.0,0.86,32.84,0.9,175.82,0.1,3.48,0.09,169.21,0.11,83.71,0.12,37.16,0.01,0.01,2360.356729,1776300870000
1776300872.241,272.241,0.83,8.23,0.81,200.0,0.84,130.43,0.85,10.0,0.14,32.84,0.1,175.82,0.15,70.0,0.16,45.0,0.01,0.01,2360.356729,1776300870000
1776300872.574,272.574,0.78,160.0,0.77,75.0,0.81,42.71,0.82,220.99,0.18,180.99,0.17,34.0,0.19,7.29,0.2,50.0,0.03,0.01,2359.876843,1776300871000
1776300872.987,272.987,0.79,20.0,0.78,183.36,0.8,3.75,0.81,57.71,0.19,42.71,0.18,220.99,0.22,160.0,0.23,75.0,0.01,0.03,2359.876843,1776300871000
1776300873.403,273.403,0.78,75.78,0.77,85.0,0.8,8.75,0.81,47.71,0.2,18.75,0.19,57.71,0.21,12.42,0.22,183.36,0.02,0.01,2359.876843,1776300872000
1776300873.909,273.909,0.79,10.0,0.78,68.73,0.8,15.77,0.81,62.71,0.2,8.75,0.19,57.71,0.22,68.73,0.23,85.0,0.01,0.02,2359.876843,1776300872000
1776300874.204,274.204,0.83,29.0,0.82,25.0,0.84,78.43,0.85,25.0,0.2,14.07,0.19,62.71,0.21,10.0,0.22,68.73,0.01,0.01,2359.876843,1776300872000
1776300874.435,274.435,0.83,24.0,0.82,38.0,0.84,66.13,0.85,25.0,0.16,68.82,0.15,25.0,0.17,29.0,0.18,25.0,0.01,0.01,2359.876843,1776300872000
1776300874.733,274.733,0.83,69.0,0.82,33.0,0.84,36.72,0.85,25.0,0.16,56.13,0.15,25.0,0.17,29.0,0.18,38.0,0.01,0.01,2359.58818,1776300873000
1776300875.281,275.281,0.85,58.0,0.84,27.0,0.9,25.0,0.92,10.0,0.15,25.0,0.14,35.0,0.17,32.58,0.18,50.0,0.05,0.02,2359.605004,1776300874000
1776300875.629,275.629,0.89,5.0,0.88,25.0,0.91,10.0,0.92,10.0,0.1,25.0,0.08,10.0,0.15,58.0,0.16,27.0,0.02,0.05,2359.605004,1776300874000
1776300875.93,275.93,0.9,15.0,0.89,15.0,0.91,8.0,0.92,22.62,0.07,53.09,0.06,75.0,0.11,20.0,0.12,15.0,0.01,0.04,2359.605004,1776300874000
1776300876.21,276.21,0.9,10.0,0.89,5.0,0.92,10.58,0.93,15.0,0.09,8.0,0.08,22.62,0.1,15.0,0.11,15.0,0.02,0.01,2359.605004,1776300874000
1776300876.855,276.855,0.9,10.0,0.89,20.0,0.92,10.58,0.93,15.0,0.08,10.58,0.07,15.0,0.1,10.0,0.11,5.0,0.02,0.02,2359.723615,1776300875000
1776300877.469,277.469,0.82,34.0,0.81,25.0,0.83,9.32,0.84,10.0,0.08,10.58,0.07,15.0,0.1,10.0,0.11,20.0,0.01,0.02,2359.80746,1776300876000
1776300877.991,277.991,0.77,75.0,0.76,110.0,0.83,58.32,0.84,29.65,0.17,9.32,0.16,10.0,0.18,34.0,0.19,25.0,0.06,0.01,2359.824055,1776300877000
1776300878.677,278.677,0.77,66.82,0.76,125.0,0.78,15.05,0.79,10.0,0.22,5.55,0.21,10.0,0.23,50.0,0.24,110.0,0.01,0.01,2359.824055,1776300877000
1776300879.484,279.484,0.77,26.82,0.76,125.0,0.78,9.93,0.8,5.0,0.22,15.05,0.21,10.0,0.23,66.82,0.24,125.0,0.01,0.01,2359.7185,1776300878000
1776300879.718,279.718,0.77,6.82,0.76,110.0,0.78,5.0,0.8,49.28,0.2,34.28,0.19,65.0,0.21,15.0,0.22,10.0,0.01,0.01,2359.7185,1776300878000
1776300879.938,279.938,0.77,4.56,0.76,50.0,0.78,86.8,0.79,10.0,0.22,5.8,0.21,10.0,0.23,6.82,0.24,115.0,0.01,0.01,2359.7185,1776300878000
1776300880.453,280.453,0.75,9.9,0.74,10.0,0.76,121.44,0.77,22.0,0.24,45.44,0.22,91.8,0.25,60.0,0.26,185.0,0.01,0.01,2359.69389,1776300879000
1776300880.775,280.775,0.77,19.0,0.76,20.0,0.78,10.0,0.79,10.0,0.21,10.0,0.2,10.0,0.25,20.0,0.26,50.0,0.01,0.04,2359.69389,1776300879000
1776300881.213,281.213,0.76,20.0,0.75,20.0,0.81,58.71,0.82,10.0,0.22,10.0,0.21,10.0,0.23,19.0,0.24,20.0,0.05,0.01,2359.69389,1776300879000
1776300882.077,282.077,0.78,5.0,0.77,5.0,0.79,9.87,0.8,15.05,0.19,58.71,0.18,10.0,0.24,20.0,0.25,20.0,0.01,0.05,2359.525085,1776300880000
1776300882.339,282.339,0.77,0.07,0.76,5.0,0.79,24.87,0.8,15.05,0.21,9.87,0.2,15.05,0.22,5.0,0.23,5.0,0.02,0.01,2359.525085,1776300880000
1776300882.794,282.794,0.77,4.01,0.76,20.0,0.79,9.87,0.8,15.05,0.21,24.87,0.2,15.05,0.23,0.07,0.24,5.0,0.02,0.02,2359.43085,1776300881000
1776300883.667,283.667,0.78,15.0,0.77,9.01,0.79,6.0,0.8,15.05,0.21,9.87,0.2,15.05,0.23,4.01,0.24,20.0,0.01,0.02,2359.377345,1776300882000
1776300884.124,284.124,0.9,10.0,0.88,10.0,0.92,22.62,0.93,10.0,0.21,6.0,0.2,15.05,0.22,15.0,0.23,9.01,0.02,0.01,2359.377345,1776300882000
1776300884.608,284.608,0.87,30.0,0.84,10.0,0.91,56.12,0.92,10.0,0.09,9.9,0.08,36.0,0.1,10.0,0.11,5.0,0.04,0.01,2359.424876,1776300883000
1776300885.174,285.174,0.87,11.92,0.81,15.0,0.88,50.0,0.89,10.0,0.09,56.12,0.08,10.0,0.13,30.0,0.16,10.0,0.01,0.04,2359.4317,1776300884000
1776300885.477,285.477,0.82,10.0,0.81,25.0,0.83,5.0,0.84,10.0,0.12,50.0,0.11,10.0,0.2,25.0,0.21,45.0,0.01,0.08,2359.4317,1776300884000
1776300886.707,286.707,0.82,10.0,0.81,45.0,0.83,0.75,0.84,10.0,0.17,5.0,0.16,10.0,0.18,10.0,0.19,25.0,0.01,0.01,2359.468559,1776300885000
1776300886.99,286.99,0.82,25.0,0.81,45.0,0.85,7.67,0.86,10.0,0.17,0.75,0.16,10.0,0.18,10.0,0.19,45.0,0.03,0.01,2359.468559,1776300885000
1776300887.911,287.911,0.84,15.0,0.83,20.0,0.89,10.0,0.9,10.0,0.15,7.67,0.14,10.0,0.18,25.0,0.19,45.0,0.05,0.03,2359.454363,1776300887000
1776300890.087,290.087,0.89,20.0,0.88,20.0,0.91,74.02,0.92,17.0,0.11,10.0,0.1,10.0,0.16,15.0,0.17,20.0,0.02,0.05,2359.440186,1776300888000
1776300890.382,290.382,0.9,5.0,0.89,20.0,0.91,59.02,0.92,7.0,0.09,74.02,0.08,17.0,0.11,20.0,0.12,20.0,0.01,0.02,2359.456165,1776300889000
1776300890.618,290.618,0.9,10.0,0.89,20.0,0.91,53.76,0.92,7.0,0.09,59.02,0.08,7.0,0.1,5.0,0.11,20.0,0.01,0.01,2359.456165,1776300889000
1776300891.283,291.283,0.91,20.0,0.9,15.0,0.93,28.17,0.94,30.0,0.09,51.56,0.08,7.0,0.1,10.0,0.11,20.0,0.02,0.01,2359.46981,1776300890000
1776300891.636,291.636,0.92,15.0,0.91,15.0,0.93,6.66,0.94,20.0,0.07,28.17,0.06,30.0,0.09,20.0,0.1,15.0,0.01,0.02,2359.46981,1776300890000
1776300892.05,292.05,0.92,45.0,0.91,15.0,0.94,5.58,0.95,32.0,0.07,5.58,0.06,20.0,0.08,20.0,0.09,15.0,0.02,0.01,2359.46981,1776300890000
1776300892.32,292.32,0.94,24.42,0.93,15.0,0.95,32.0,0.98,114.99,0.06,5.58,0.05,32.0,0.08,45.0,0.09,15.0,0.01,0.02,2359.502209,1776300891000
1776300892.669,292.669,0.93,27.0,0.92,37.0,0.95,37.0,0.97,10.0,0.05,32.0,0.02,114.99,0.06,24.42,0.07,15.0,0.02,0.01,2359.502209,1776300891000
1776300893.143,293.143,0.96,20.0,0.95,15.0,0.97,8.45,0.98,97.11,0.02,97.11,0.01,1574.69,0.04,50.0,0.05,10.0,0.01,0.02,2359.502209,1776300891000
1776300894.068,294.068,0.97,10.0,0.96,10.0,0.98,80.88,0.99,1406.7,0.03,8.45,0.02,97.11,0.04,20.0,0.05,15.0,0.01,0.01,2359.531,1776300893000
1776300894.568,294.568,0.96,14.55,0.95,15.0,0.98,80.88,0.99,1406.7,0.02,80.88,0.01,1406.7,0.03,10.0,0.04,10.0,0.02,0.01,2359.531,1776300893000
1776300894.889,294.889,0.97,10.0,0.96,24.55,0.98,69.65,0.99,1396.7,0.02,80.88,0.01,1406.7,0.04,14.55,0.05,15.0,0.01,0.02,2359.531,1776300893000
1776300895.55,295.55,0.97,15.0,0.96,29.55,0.98,30.18,0.99,1396.7,0.02,58.42,0.01,1396.7,0.03,10.0,0.04,24.55,0.01,0.01,2359.570098,1776300894000
1776300895.946,295.946,0.97,32.0,0.96,115.55,0.98,7.72,0.99,1396.7,0.02,18.95,0.01,1396.7,0.03,15.0,0.04,29.55,0.01,0.01,2359.570098,1776300894000
1776300896.447,296.447,0.97,40.0,0.96,93.55,0.99,1342.58,,,0.01,1337.58,,,0.02,10.0,0.03,30.0,0.02,0.01,2359.570098,1776300894000
1776300896.784,296.784,0.98,10.0,0.97,40.0,0.99,1206.21,,,0.01,1311.21,,,0.02,10.0,0.03,40.0,0.01,0.01,2359.570098,1776300894000
1776300897.023,297.023,0.98,142.0,0.97,40.0,0.99,1063.04,,,0.01,1189.04,,,0.02,142.0,0.03,40.0,0.01,0.01,2359.561565,1776300895000
1776300897.24,297.24,0.98,172.0,0.97,10.0,0.99,955.9,,,0.01,967.02,,,0.02,142.0,0.03,40.0,0.01,0.01,2359.561565,1776300895000
1776300897.447,297.447,0.98,162.89,0.97,5.0,0.99,467.43,,,0.01,483.42,,,0.02,162.89,0.03,5.0,0.01,0.01,2359.561565,1776300895000
1776300897.649,297.649,0.98,172.89,0.97,10.0,0.99,30.17,,,0.01,42.17,,,0.02,172.89,0.03,10.0,0.01,0.01,2359.561565,1776300895000
1776300898.082,298.082,0.98,45.89,0.97,10.0,0.99,1620.17,,,,,,,0.01,17.83,0.02,172.89,0.01,,2359.687449,1776300896000
1776300898.333,298.333,0.98,188.83,0.97,10.0,0.99,397.05,,,0.01,1609.05,,,0.02,178.83,0.03,10.0,0.01,0.01,2359.687449,1776300896000
1776300898.553,298.553,0.98,188.83,0.97,10.0,0.99,24.21,,,0.01,226.24,,,0.02,188.83,0.03,10.0,0.01,0.01,2359.687449,1776300896000
1776300900.225,300.225,0.99,44636.02,0.98,31.0,,,,,0.01,4.37,,,0.02,188.83,0.03,10.0,,0.01,2359.598744,1776300898000
1776300900.481,300.481,0.99,44534.02,0.98,31.0,,,,,,,,,0.01,44536.02,0.02,31.0,,,2359.642132,1776300899000

# RESULT,winner=Up,slug=eth-updown-5m-1776300600,ticks=245
