timestamp,elapsed_sec,up_bid_p1,up_bid_s1,up_bid_p2,up_bid_s2,up_ask_p1,up_ask_s1,up_ask_p2,up_ask_s2,down_bid_p1,down_bid_s1,down_bid_p2,down_bid_s2,down_ask_p1,down_ask_s1,down_ask_p2,down_ask_s2,up_spread,down_spread,eth_price,eth_oracle_ts
1776272100.571,0.571,0.5,6.14,0.49,30.61,0.51,23.78,0.52,10.0,0.49,25.78,0.48,10.0,0.5,6.14,0.51,30.61,0.01,0.01,2336.982061,1776272099000
1776272101.16,1.16,0.5,6.14,0.49,30.61,0.51,23.78,0.52,10.0,0.49,23.78,0.48,10.0,0.5,6.14,0.51,30.61,0.01,0.01,2336.978388,1776272100000
1776272101.497,1.497,0.49,33.24,0.48,26.0,0.51,28.78,0.52,15.0,0.49,23.78,0.48,10.0,0.5,6.14,0.51,30.61,0.02,0.01,2336.978388,1776272100000
1776272101.84,1.84,0.5,15.0,0.49,64.24,0.51,16.78,0.52,20.0,0.49,28.78,0.48,15.0,0.51,33.24,0.52,26.0,0.01,0.02,2336.978388,1776272100000
1776272102.474,2.474,0.5,39.0,0.49,57.24,0.51,9.66,0.52,15.0,0.49,16.78,0.48,20.0,0.5,15.0,0.51,64.24,0.01,0.01,2336.934437,1776272101000
1776272102.698,2.698,0.5,65.0,0.49,57.24,0.51,9.66,0.52,10.0,0.49,9.66,0.48,15.0,0.5,39.0,0.51,57.24,0.01,0.01,2336.934437,1776272101000
1776272102.975,2.975,0.5,21.0,0.49,57.24,0.52,9.66,0.53,10.0,0.49,9.66,0.48,10.0,0.5,65.0,0.51,57.24,0.02,0.01,2336.934437,1776272101000
1776272103.209,3.209,0.51,65.0,0.5,41.0,0.52,0.41,0.53,10.0,0.48,9.66,0.47,10.0,0.5,21.0,0.51,57.24,0.01,0.02,2337.021764,1776272102000
1776272103.492,3.492,0.51,128.0,0.5,82.76,0.53,5.41,0.54,8.0,0.48,0.41,0.47,10.0,0.49,65.0,0.5,41.0,0.02,0.01,2337.021764,1776272102000
1776272103.906,3.906,0.52,70.0,0.51,83.0,0.54,6.36,0.55,5.0,0.47,0.41,0.46,8.0,0.48,60.0,0.49,88.0,0.02,0.01,2337.021764,1776272102000
1776272104.18,4.18,0.53,66.0,0.52,37.0,0.54,6.36,0.55,10.0,0.46,6.36,0.45,5.0,0.48,70.0,0.49,83.0,0.01,0.02,2337.09635,1776272103000
1776272104.441,4.441,0.53,54.62,0.52,37.0,0.55,10.0,0.56,5.0,0.46,6.36,0.45,10.0,0.47,59.62,0.48,37.0,0.02,0.01,2337.09635,1776272103000
1776272104.816,4.816,0.54,27.73,0.53,26.62,0.55,8.18,0.56,10.0,0.45,8.18,0.44,5.0,0.46,10.0,0.47,54.62,0.01,0.01,2337.09635,1776272103000
1776272105.285,5.285,0.54,91.0,0.53,76.62,0.55,8.18,0.56,10.0,0.45,8.18,0.44,10.0,0.46,27.73,0.47,26.62,0.01,0.01,2337.231989,1776272104000
1776272106.396,6.396,0.51,5.0,0.5,50.0,0.52,21.71,0.53,85.0,0.45,8.18,0.44,10.0,0.46,91.0,0.47,76.62,0.01,0.01,2337.425631,1776272105000
1776272106.925,6.925,0.51,20.0,0.5,92.0,0.54,2.85,0.55,13.18,0.48,21.71,0.47,80.0,0.5,50.0,0.51,108.24,0.03,0.02,2337.425631,1776272105000
1776272107.275,7.275,0.51,124.0,0.5,103.0,0.53,70.0,0.54,57.85,0.47,10.0,0.46,2.85,0.49,12.75,0.5,92.0,0.02,0.02,2337.445978,1776272106000
1776272107.625,7.625,0.49,23.24,0.48,60.0,0.5,10.0,0.51,25.0,0.47,70.0,0.46,57.85,0.49,124.0,0.5,103.0,0.01,0.02,2337.445978,1776272106000
1776272107.861,7.861,0.49,12.45,0.48,60.0,0.5,65.0,0.51,83.0,0.5,14.5,0.49,25.0,0.51,18.24,0.52,60.0,0.01,0.01,2337.445978,1776272106000
1776272108.554,8.554,0.49,677.45,0.48,91.0,0.51,70.0,0.52,83.0,0.5,65.0,0.49,83.0,0.51,12.45,0.52,60.0,0.02,0.01,2337.260298,1776272107000
1776272108.802,8.802,0.49,632.45,0.48,96.0,0.5,32.0,0.51,65.0,0.5,58.0,0.49,65.0,0.51,627.45,0.52,96.0,0.01,0.01,2337.260298,1776272107000
1776272109.248,9.248,0.49,487.45,0.48,20.0,0.5,15.0,0.51,87.0,0.49,191.0,0.48,75.0,0.51,502.45,0.52,185.0,0.01,0.02,2337.260298,1776272107000
1776272109.581,9.581,0.49,496.37,0.48,75.0,0.5,89.17,0.51,87.0,0.5,86.17,0.49,87.0,0.51,481.37,0.52,70.0,0.01,0.01,2337.14635,1776272108000
1776272109.927,9.927,0.49,119.37,0.48,10.0,0.5,144.0,0.51,87.0,0.5,89.17,0.49,87.0,0.51,496.37,0.52,75.0,0.01,0.01,2337.14635,1776272108000
1776272110.152,10.152,0.48,3.92,0.47,632.0,0.49,40.0,0.5,74.0,0.5,144.0,0.49,87.0,0.51,119.37,0.52,10.0,0.01,0.01,2336.948133,1776272109000
1776272110.374,10.374,0.47,597.0,0.46,53.0,0.49,104.02,0.5,64.0,0.51,64.81,0.5,54.0,0.53,632.0,0.54,53.0,0.02,0.02,2336.948133,1776272109000
1776272110.583,10.583,0.47,597.56,0.46,53.0,0.49,91.77,0.5,49.0,0.51,104.02,0.5,64.0,0.53,587.56,0.54,53.0,0.02,0.02,2336.948133,1776272109000
1776272111.301,11.301,0.47,472.16,0.46,58.0,0.48,130.0,0.49,87.15,0.51,91.77,0.5,49.0,0.53,597.56,0.54,53.0,0.01,0.02,2336.953138,1776272110000
1776272111.939,11.939,0.47,483.93,0.46,191.0,0.48,221.12,0.49,195.34,0.52,62.62,0.51,87.15,0.53,477.16,0.54,58.0,0.01,0.01,2336.953138,1776272110000
1776272112.506,12.506,0.47,7.92,0.46,63.0,0.48,25.0,0.49,184.94,0.51,171.94,0.5,96.0,0.53,493.93,0.54,191.0,0.01,0.02,2336.783168,1776272111000
1776272113.58,13.58,0.47,505.84,0.46,73.0,0.48,83.24,0.49,311.94,0.52,18.75,0.51,184.94,0.53,2.92,0.54,63.0,0.01,0.01,2336.699866,1776272112000
1776272114.005,14.005,0.47,508.84,0.46,73.0,0.48,83.24,0.49,311.94,0.52,83.24,0.51,311.94,0.53,505.84,0.54,73.0,0.01,0.01,2336.699866,1776272112000
1776272114.612,14.612,0.47,492.92,0.46,73.0,0.48,98.24,0.49,311.94,0.52,83.24,0.51,311.94,0.53,508.84,0.54,73.0,0.01,0.01,2336.650753,1776272113000
1776272115.477,15.477,0.47,12.92,0.46,73.0,0.48,143.9,0.49,90.83,0.52,98.24,0.51,311.94,0.53,492.92,0.54,73.0,0.01,0.01,2336.608184,1776272114000
1776272116.231,16.231,0.46,1.88,0.45,510.0,0.47,51.5,0.48,317.12,0.52,143.9,0.51,90.83,0.53,12.92,0.54,73.0,0.01,0.01,2336.608184,1776272114000
1776272116.445,16.445,0.45,510.5,0.44,332.5,0.46,48.12,0.47,125.04,0.53,51.5,0.52,317.12,0.54,1.88,0.55,510.0,0.01,0.01,2336.609528,1776272115000
1776272117.511,17.511,0.46,780.46,0.45,101.5,0.47,56.0,0.48,106.12,0.54,48.12,0.53,125.04,0.55,510.5,0.56,332.5,0.01,0.01,2336.609528,1776272115000
1776272118.099,18.099,0.46,15.0,0.45,560.0,0.47,214.5,0.48,223.5,0.53,56.0,0.52,106.12,0.54,780.46,0.55,101.5,0.01,0.01,2336.423875,1776272117000
1776272119.451,19.451,0.45,12.63,0.44,110.5,0.46,342.0,0.47,669.65,0.53,214.5,0.52,223.5,0.54,15.0,0.55,560.0,0.01,0.01,2336.504244,1776272118000
1776272120.394,20.394,0.44,792.52,0.43,120.5,0.45,77.36,0.46,71.0,0.54,342.0,0.53,669.65,0.55,12.63,0.56,110.5,0.01,0.01,2336.416485,1776272119000
1776272123.549,23.549,0.46,21.74,0.45,66.0,0.47,222.5,0.48,665.5,0.55,77.36,0.54,131.5,0.56,830.4,0.57,125.5,0.01,0.01,2336.331499,1776272122000
1776272123.832,23.832,0.44,50.88,0.43,600.5,0.47,284.5,0.48,113.5,0.53,222.5,0.52,665.5,0.54,21.74,0.55,66.0,0.03,0.01,2336.331499,1776272122000
1776272130.862,30.862,0.46,50.4,0.45,625.5,0.47,31.0,0.48,334.5,0.53,284.5,0.52,113.5,0.56,50.88,0.57,600.5,0.01,0.03,2336.289102,1776272129000
1776272135.149,35.149,0.45,215.5,0.44,673.38,0.46,4.2,0.47,86.94,0.53,31.0,0.52,334.5,0.54,50.4,0.55,625.5,0.01,0.01,2336.398027,1776272134000
1776272139.653,39.653,0.46,75.5,0.45,197.5,0.47,71.11,0.48,877.46,0.54,4.2,0.53,86.94,0.55,215.5,0.56,673.38,0.01,0.01,2336.3947,1776272138000
1776272141.497,41.497,0.45,70.5,0.44,76.38,0.47,968.11,0.48,176.46,0.53,71.11,0.52,877.46,0.54,75.5,0.55,197.5,0.02,0.01,2336.427854,1776272140000
1776272142.018,42.018,0.44,35.5,0.43,125.5,0.45,119.44,0.46,210.76,0.55,10.0,0.54,166.5,0.56,44.68,0.57,125.5,0.01,0.01,2336.427854,1776272140000
1776272145.356,45.356,0.44,846.5,0.43,153.5,0.45,20.07,0.46,55.0,0.55,119.44,0.54,210.76,0.56,35.5,0.57,125.5,0.01,0.01,2336.354344,1776272144000
1776272146.332,46.332,0.45,53.14,0.44,846.5,0.46,50.0,0.47,75.0,0.55,2.07,0.54,55.0,0.56,846.5,0.57,153.5,0.01,0.01,2336.366195,1776272145000
1776272146.604,46.604,0.45,112.64,0.44,812.5,0.46,71.7,0.47,80.0,0.54,50.0,0.53,75.0,0.55,53.14,0.56,846.5,0.01,0.01,2336.366195,1776272145000
1776272147.08,47.08,0.45,829.64,0.44,100.5,0.46,6.7,0.47,70.0,0.54,71.7,0.53,80.0,0.55,112.64,0.56,812.5,0.01,0.01,2336.441921,1776272146000
1776272147.446,47.446,0.45,832.82,0.44,105.5,0.46,41.78,0.47,70.0,0.54,6.7,0.53,70.0,0.55,829.64,0.56,100.5,0.01,0.01,2336.441921,1776272146000
1776272147.78,47.78,0.45,905.68,0.44,135.5,0.48,39.0,0.49,78.94,0.54,41.78,0.53,70.0,0.55,832.82,0.56,105.5,0.03,0.01,2336.441921,1776272146000
1776272148.851,48.851,0.49,15.0,0.48,605.92,0.51,20.0,0.52,35.0,0.51,76.57,0.5,217.5,0.53,31.5,0.54,186.5,0.02,0.02,2336.515259,1776272147000
1776272150.158,50.158,0.54,660.23,0.53,151.5,0.55,55.0,0.56,243.5,0.49,20.0,0.48,35.0,0.51,15.0,0.52,605.92,0.01,0.02,2336.48225,1776272148000
1776272150.367,50.367,0.54,675.23,0.53,146.5,0.55,53.18,0.56,243.5,0.45,55.0,0.44,243.5,0.46,660.23,0.47,151.5,0.01,0.01,2336.806145,1776272149000
1776272151.053,51.053,0.54,720.23,0.53,201.5,0.55,108.89,0.56,243.5,0.45,53.18,0.44,243.5,0.46,675.23,0.47,146.5,0.01,0.01,2336.806145,1776272149000
1776272151.466,51.466,0.54,665.23,0.53,84.5,0.55,242.6,0.56,126.5,0.45,108.89,0.44,243.5,0.46,720.23,0.47,201.5,0.01,0.01,2336.806145,1776272149000
1776272151.82,51.82,0.54,720.23,0.53,84.5,0.55,54.62,0.56,253.5,0.45,242.6,0.44,126.5,0.46,665.23,0.47,84.5,0.01,0.01,2336.806145,1776272149000
1776272152.708,52.708,0.55,675.0,0.54,218.73,0.56,136.5,0.57,83.0,0.45,49.16,0.44,253.5,0.46,720.23,0.47,84.5,0.01,0.01,2337.244608,1776272151000
1776272153.444,53.444,0.56,571.0,0.55,271.5,0.57,15.5,0.58,227.5,0.44,136.5,0.43,83.0,0.45,675.0,0.46,218.73,0.01,0.01,2337.22275,1776272152000
1776272155.811,55.811,0.57,723.37,0.56,137.5,0.58,152.5,0.59,199.5,0.43,15.5,0.42,227.5,0.44,571.0,0.45,271.5,0.01,0.01,2337.37034,1776272154000
1776272156.27,56.27,0.57,1.0,0.54,25.0,0.58,920.5,0.59,234.5,0.42,152.5,0.41,199.5,0.43,723.37,0.44,137.5,0.01,0.01,2337.37034,1776272154000
1776272157.202,57.202,0.53,761.5,0.52,75.5,0.54,9.72,0.55,25.0,0.43,8.6,0.42,920.5,0.47,75.0,0.48,230.74,0.01,0.04,2337.497534,1776272156000
1776272158.414,58.414,0.53,716.67,0.52,198.5,0.55,201.95,0.56,78.5,0.46,5.0,0.45,20.0,0.47,813.67,0.48,75.5,0.02,0.01,2337.497534,1776272156000
1776272158.643,58.643,0.54,615.18,0.53,109.5,0.55,146.95,0.56,93.5,0.45,201.95,0.44,78.5,0.47,716.67,0.48,198.5,0.01,0.02,2337.39185,1776272157000
1776272159.858,59.858,0.55,815.5,0.54,144.68,0.57,37.48,0.58,95.5,0.45,126.45,0.44,88.5,0.46,699.68,0.47,95.5,0.02,0.01,2337.232133,1776272158000
1776272160.724,60.724,0.57,25.79,0.56,821.0,0.58,105.5,0.59,321.5,0.43,37.48,0.42,95.5,0.45,815.5,0.46,144.68,0.01,0.02,2337.236954,1776272159000
1776272161.54,61.54,0.57,14.4,0.56,10.0,0.58,430.5,0.59,230.5,0.42,105.5,0.41,321.5,0.43,25.79,0.44,821.0,0.01,0.01,2337.236954,1776272159000
1776272161.983,61.983,0.5,25.5,0.49,250.0,0.53,20.0,0.54,80.5,0.43,20.5,0.42,780.5,0.44,5.0,0.45,10.0,0.03,0.01,2337.266533,1776272160000
1776272162.504,62.504,0.51,18.93,0.5,25.5,0.52,60.5,0.53,292.14,0.47,20.0,0.46,80.5,0.5,25.5,0.51,250.0,0.01,0.03,2337.3547,1776272161000
1776272163.36,63.36,0.47,55.0,0.46,5.0,0.5,184.5,0.51,144.5,0.48,60.5,0.47,292.14,0.49,18.93,0.5,25.5,0.03,0.01,2337.3547,1776272161000
1776272163.888,63.888,0.46,29.0,0.45,252.5,0.47,5.4,0.48,90.12,0.51,5.4,0.5,155.5,0.53,55.0,0.54,5.0,0.01,0.02,2337.3547,1776272161000
1776272166.696,66.696,0.41,255.0,0.4,110.5,0.42,5.23,0.43,372.5,0.53,5.4,0.52,90.12,0.54,29.0,0.55,252.5,0.01,0.01,2336.513716,1776272165000
1776272168.242,68.242,0.41,262.96,0.4,115.5,0.42,807.73,0.43,130.5,0.58,5.23,0.57,372.5,0.59,255.0,0.6,110.5,0.01,0.01,2336.3512,1776272167000
1776272169.321,69.321,0.41,360.46,0.4,130.5,0.42,128.88,0.43,505.0,0.58,807.73,0.57,130.5,0.59,262.96,0.6,115.5,0.01,0.01,2336.175588,1776272168000
1776272171.756,71.756,0.44,83.64,0.43,65.0,0.45,832.5,0.46,86.5,0.58,128.88,0.57,505.0,0.59,360.46,0.6,130.5,0.01,0.01,2336.239496,1776272170000
1776272172.365,72.365,0.44,78.28,0.43,70.0,0.45,660.5,0.46,203.5,0.55,832.5,0.54,86.5,0.56,83.64,0.57,65.0,0.01,0.01,2336.430646,1776272171000
1776272173.31,73.31,0.43,20.58,0.42,65.0,0.44,832.0,0.45,101.0,0.55,660.5,0.54,203.5,0.56,78.28,0.57,70.0,0.01,0.01,2336.430646,1776272171000
1776272173.609,73.609,0.43,19.39,0.42,309.0,0.45,61.0,0.46,70.5,0.56,60.0,0.55,49.1,0.57,35.58,0.58,314.0,0.02,0.01,2336.392055,1776272172000
1776272173.88,73.88,0.44,23.69,0.43,154.89,0.45,148.0,0.46,555.5,0.55,61.0,0.54,70.5,0.57,19.39,0.58,309.0,0.01,0.02,2336.392055,1776272172000
1776272180.121,80.121,0.45,20.83,0.44,25.0,0.46,723.5,0.47,229.5,0.55,148.0,0.54,555.5,0.56,23.69,0.57,154.89,0.01,0.01,2336.382447,1776272178000
1776272180.325,80.325,0.45,10.83,0.44,15.0,0.46,847.32,0.47,104.5,0.54,723.5,0.53,229.5,0.55,20.83,0.56,25.0,0.01,0.01,2336.382447,1776272178000
1776272180.537,80.537,0.44,15.0,0.43,15.0,0.45,241.7,0.46,121.32,0.55,241.7,0.54,121.32,0.56,15.0,0.57,15.0,0.01,0.01,2336.382447,1776272178000
1776272180.794,80.794,0.44,29.0,0.43,297.0,0.45,130.8,0.46,717.32,0.55,241.7,0.54,121.32,0.56,15.0,0.57,15.0,0.01,0.01,2336.390709,1776272179000
1776272181.29,81.29,0.44,49.0,0.43,317.5,0.45,112.6,0.46,717.32,0.55,130.8,0.54,717.32,0.56,29.0,0.57,297.0,0.01,0.01,2336.401901,1776272180000
1776272181.604,81.604,0.44,64.0,0.43,317.5,0.45,92.8,0.46,842.32,0.55,112.6,0.54,717.32,0.56,49.0,0.57,317.5,0.01,0.01,2336.401901,1776272180000
1776272182.884,82.884,0.44,39.0,0.43,65.0,0.45,787.0,0.46,109.32,0.55,92.8,0.54,842.32,0.56,64.0,0.57,317.5,0.01,0.01,2336.41025,1776272181000
1776272185.983,85.983,0.39,1.72,0.37,150.0,0.4,807.5,0.41,128.5,0.55,787.0,0.54,109.32,0.56,39.0,0.57,65.0,0.01,0.01,2336.367358,1776272184000
1776272186.284,86.284,0.37,105.0,0.36,150.0,0.38,15.73,0.39,10.0,0.6,832.5,0.59,123.5,0.63,100.0,0.64,150.0,0.01,0.03,2336.367358,1776272184000
1776272186.755,86.755,0.36,160.0,0.35,230.0,0.37,4.7,0.38,718.47,0.62,561.47,0.61,22.0,0.63,100.0,0.64,150.0,0.01,0.01,2336.173403,1776272185000
1776272187.525,87.525,0.36,272.0,0.35,148.5,0.37,529.13,0.38,138.0,0.63,4.7,0.62,718.47,0.64,160.0,0.65,230.0,0.01,0.01,2336.16208,1776272186000
1776272188.252,88.252,0.4,14.66,0.39,15.0,0.41,15.0,0.42,15.0,0.63,529.13,0.62,138.0,0.64,272.0,0.65,148.5,0.01,0.01,2336.16208,1776272186000
1776272188.544,88.544,0.4,297.08,0.39,505.0,0.41,10.0,0.42,20.0,0.59,15.0,0.58,15.0,0.6,14.66,0.61,15.0,0.01,0.01,2335.810944,1776272187000
1776272189.059,89.059,0.4,200.41,0.39,185.0,0.41,20.0,0.42,75.0,0.59,10.0,0.58,20.0,0.6,297.08,0.61,505.0,0.01,0.01,2335.810944,1776272187000
1776272190.515,90.515,0.4,196.5,0.39,190.5,0.41,15.0,0.42,581.0,0.59,20.0,0.58,75.0,0.6,200.41,0.61,185.0,0.01,0.01,2335.96652,1776272189000
1776272191.065,91.065,0.4,313.83,0.39,560.5,0.41,10.0,0.42,90.0,0.59,10.0,0.58,581.0,0.6,189.33,0.61,190.5,0.01,0.01,2335.96652,1776272189000
1776272191.309,91.309,0.4,196.83,0.39,90.5,0.42,60.0,0.43,10.0,0.59,10.0,0.58,90.0,0.6,302.83,0.61,560.5,0.02,0.01,2336.15907,1776272190000
1776272191.935,91.935,0.41,768.69,0.4,133.33,0.44,65.0,0.45,80.0,0.58,60.0,0.57,15.0,0.59,9.0,0.6,201.83,0.03,0.01,2336.15907,1776272190000
1776272195.789,95.789,0.45,240.9,0.44,124.0,0.46,82.79,0.47,150.5,0.57,5.0,0.56,40.0,0.59,747.94,0.6,108.33,0.01,0.02,2336.528109,1776272194000
1776272196.674,96.674,0.45,231.36,0.44,571.0,0.46,78.44,0.47,277.5,0.54,68.44,0.53,155.5,0.55,230.9,0.56,609.0,0.01,0.01,2336.540589,1776272195000
1776272197.575,97.575,0.45,228.63,0.44,708.0,0.46,15.0,0.47,262.0,0.54,78.44,0.53,277.5,0.55,231.36,0.56,571.0,0.01,0.01,2336.581794,1776272196000
1776272198.555,98.555,0.45,219.63,0.44,708.0,0.46,26.19,0.47,262.0,0.54,15.0,0.53,262.0,0.55,228.63,0.56,708.0,0.01,0.01,2336.654488,1776272197000
1776272198.868,98.868,0.45,219.63,0.44,708.0,0.46,21.19,0.47,267.0,0.54,26.19,0.53,262.0,0.55,219.63,0.56,708.0,0.01,0.01,2336.654488,1776272197000
1776272199.858,99.858,0.45,214.63,0.44,703.0,0.46,21.19,0.47,277.5,0.54,21.19,0.53,267.0,0.55,219.63,0.56,708.0,0.01,0.01,2336.594537,1776272198000
1776272201.523,101.523,0.48,109.5,0.47,864.5,0.5,21.0,0.51,199.61,0.54,21.19,0.53,277.5,0.55,214.63,0.56,703.0,0.02,0.01,2336.639422,1776272200000
1776272203.114,103.114,0.52,709.54,0.51,232.0,0.53,5.0,0.54,75.5,0.5,1.0,0.49,199.61,0.52,124.5,0.53,864.5,0.01,0.02,2336.709592,1776272202000
1776272204.287,104.287,0.56,135.0,0.55,233.0,0.57,3.0,0.58,50.0,0.47,5.0,0.46,75.5,0.48,709.54,0.49,232.0,0.01,0.01,2337.01665,1776272203000
1776272205.005,105.005,0.61,0.1,0.6,10.0,0.63,10.0,0.64,10.0,0.42,50.0,0.41,232.0,0.44,650.0,0.45,243.5,0.02,0.02,2337.164594,1776272204000
1776272205.82,105.82,0.64,5.0,0.63,31.0,0.68,10.0,0.69,50.0,0.37,10.0,0.36,10.0,0.39,0.1,0.4,10.0,0.04,0.02,2337.164594,1776272204000
1776272206.234,106.234,0.63,21.41,0.62,500.77,0.64,5.0,0.65,10.0,0.33,15.0,0.32,10.0,0.37,26.21,0.38,10.77,0.01,0.04,2337.39735,1776272205000
1776272206.517,106.517,0.63,21.41,0.62,500.77,0.64,14.92,0.65,10.0,0.36,5.0,0.35,10.0,0.37,21.41,0.38,500.77,0.01,0.01,2337.39735,1776272205000
1776272206.821,106.821,0.63,25.41,0.62,15.77,0.64,23.92,0.65,34.0,0.36,14.92,0.35,10.0,0.37,21.41,0.38,500.77,0.01,0.01,2337.39735,1776272205000
1776272207.137,107.137,0.63,21.54,0.62,15.77,0.64,25.44,0.65,34.0,0.36,12.01,0.35,39.0,0.37,21.54,0.38,15.77,0.01,0.01,2337.894391,1776272206000
1776272207.503,107.503,0.63,31.4,0.62,20.77,0.64,80.26,0.65,29.0,0.36,25.44,0.35,34.0,0.37,21.54,0.38,15.77,0.01,0.01,2337.894391,1776272206000
1776272207.772,107.772,0.63,150.72,0.62,681.77,0.64,94.84,0.65,147.5,0.36,80.26,0.35,137.0,0.37,27.72,0.38,70.77,0.01,0.01,2337.894391,1776272206000
1776272208.104,108.104,0.63,166.72,0.62,667.77,0.64,100.84,0.65,147.5,0.36,94.84,0.35,147.5,0.37,150.72,0.38,681.77,0.01,0.01,2337.894391,1776272206000
1776272208.546,108.546,0.63,156.72,0.62,667.77,0.64,70.71,0.65,147.5,0.36,100.84,0.35,147.5,0.37,166.72,0.38,667.77,0.01,0.01,2337.786384,1776272207000
1776272209.287,109.287,0.63,783.72,0.62,20.77,0.64,73.32,0.65,15.5,0.36,70.71,0.35,147.5,0.37,156.72,0.38,667.77,0.01,0.01,2337.685389,1776272208000
1776272209.557,109.557,0.63,671.72,0.62,30.77,0.64,33.32,0.65,25.5,0.36,73.32,0.35,15.5,0.37,783.72,0.38,20.77,0.01,0.01,2337.685389,1776272208000
1776272210.437,110.437,0.63,18.72,0.62,41.77,0.64,261.05,0.65,109.5,0.36,33.32,0.35,25.5,0.37,671.72,0.38,30.77,0.01,0.01,2337.731597,1776272209000
1776272210.638,110.638,0.62,41.77,0.61,31.0,0.64,326.05,0.65,187.03,0.36,261.05,0.35,109.5,0.37,18.72,0.38,41.77,0.02,0.01,2337.731597,1776272209000
1776272211.26,111.26,0.62,105.45,0.61,157.0,0.63,112.78,0.64,621.05,0.37,56.28,0.36,121.05,0.38,21.77,0.39,156.0,0.01,0.01,2337.731597,1776272209000
1776272211.466,111.466,0.62,133.45,0.61,190.0,0.63,126.19,0.64,621.05,0.37,112.78,0.36,621.05,0.38,105.45,0.39,157.0,0.01,0.01,2337.804049,1776272210000
1776272211.674,111.674,0.61,292.0,0.6,540.0,0.62,1.5,0.63,101.19,0.38,4.5,0.37,99.19,0.39,172.0,0.4,540.0,0.01,0.01,2337.804049,1776272210000
1776272211.95,111.95,0.62,129.0,0.61,172.0,0.63,81.69,0.64,728.05,0.37,91.69,0.36,750.05,0.39,292.0,0.4,540.0,0.01,0.02,2337.804049,1776272210000
1776272213.11,113.11,0.62,119.1,0.61,652.0,0.63,178.43,0.64,605.5,0.37,81.69,0.36,728.05,0.38,129.0,0.39,172.0,0.01,0.01,2337.638465,1776272211000
1776272213.735,113.735,0.62,746.1,0.61,105.0,0.63,0.69,0.64,110.5,0.37,178.43,0.36,605.5,0.38,119.1,0.39,652.0,0.01,0.01,2337.638465,1776272212000
1776272214.885,114.885,0.63,787.0,0.62,106.0,0.64,99.87,0.65,164.6,0.36,110.5,0.35,80.5,0.38,746.1,0.39,105.0,0.01,0.02,2337.637071,1776272213000
1776272215.18,115.18,0.63,854.0,0.62,90.0,0.65,25.71,0.66,30.0,0.36,99.87,0.35,164.6,0.37,787.0,0.38,106.0,0.02,0.01,2337.637071,1776272213000
1776272215.798,115.798,0.64,847.5,0.63,171.5,0.67,70.5,0.68,100.0,0.35,25.71,0.34,30.0,0.37,854.0,0.38,90.0,0.03,0.02,2337.571992,1776272214000
1776272216.289,116.289,0.66,777.0,0.65,75.5,0.68,115.5,0.69,177.0,0.33,55.5,0.32,100.0,0.34,15.0,0.35,25.5,0.02,0.01,2337.571992,1776272214000
1776272217.125,117.125,0.67,625.87,0.66,85.0,0.68,125.5,0.69,177.0,0.32,115.5,0.31,177.0,0.34,777.0,0.35,75.5,0.01,0.02,2337.84089,1776272216000
1776272217.946,117.946,0.67,646.96,0.66,75.0,0.68,115.5,0.69,60.0,0.32,125.5,0.31,177.0,0.33,625.87,0.34,85.0,0.01,0.01,2337.84089,1776272216000
1776272218.634,118.634,0.69,122.0,0.68,10.0,0.7,40.92,0.71,175.5,0.32,115.5,0.31,60.0,0.33,646.96,0.34,75.0,0.01,0.01,2337.955977,1776272217000
1776272218.856,118.856,0.67,21.0,0.66,523.0,0.69,66.0,0.7,195.92,0.3,40.92,0.29,175.5,0.31,122.0,0.32,10.0,0.02,0.01,2337.955977,1776272217000
1776272219.097,119.097,0.64,10.0,0.63,65.0,0.66,9.63,0.67,19.0,0.31,66.0,0.3,195.92,0.33,21.0,0.34,523.0,0.02,0.02,2337.955977,1776272217000
1776272221.206,121.206,0.65,195.12,0.64,85.5,0.66,15.74,0.67,81.0,0.34,18.63,0.33,19.0,0.35,4.62,0.36,10.0,0.01,0.01,2338.061062,1776272220000
1776272221.517,121.517,0.66,71.0,0.65,81.12,0.67,4.33,0.68,15.0,0.34,15.74,0.33,81.0,0.35,195.12,0.36,85.5,0.01,0.01,2338.061062,1776272220000
1776272222.053,122.053,0.67,71.0,0.66,678.0,0.69,23.0,0.7,5.0,0.32,15.0,0.31,11.0,0.34,71.0,0.35,81.12,0.02,0.02,2338.061062,1776272220000
1776272223.06,123.06,0.7,116.1,0.69,39.5,0.73,65.0,0.74,35.0,0.29,165.5,0.28,95.5,0.32,20.5,0.33,91.5,0.03,0.03,2337.890546,1776272221000
1776272224.559,124.559,0.72,15.0,0.71,10.0,0.73,144.17,0.74,30.0,0.27,65.0,0.26,35.0,0.3,116.1,0.31,39.5,0.01,0.03,2338.23087,1776272223000
1776272224.786,124.786,0.71,9.31,0.7,10.0,0.73,173.67,0.74,635.5,0.27,144.17,0.26,30.0,0.28,15.0,0.29,10.0,0.02,0.01,2338.23087,1776272223000
1776272225.046,125.046,0.72,10.0,0.71,9.31,0.73,162.3,0.74,635.5,0.27,163.67,0.26,635.5,0.28,10.0,0.29,9.31,0.01,0.01,2338.23087,1776272223000
1776272225.629,125.629,0.72,19.08,0.71,88.75,0.73,204.3,0.74,635.5,0.27,162.3,0.26,635.5,0.28,10.0,0.29,9.31,0.01,0.01,2338.429835,1776272224000
1776272226.504,126.504,0.71,191.19,0.7,555.5,0.72,57.0,0.73,79.0,0.27,204.3,0.26,635.5,0.28,19.08,0.29,88.75,0.01,0.01,2338.369955,1776272225000
1776272226.735,126.735,0.71,799.69,0.7,85.5,0.73,19.0,0.74,85.5,0.28,57.0,0.27,79.0,0.29,191.19,0.3,555.5,0.02,0.01,2338.369955,1776272225000
1776272227.684,127.684,0.73,775.57,0.72,81.5,0.74,81.0,0.75,81.5,0.26,95.5,0.25,70.5,0.28,61.5,0.29,799.69,0.01,0.02,2338.348762,1776272226000
1776272227.886,127.886,0.73,780.57,0.72,92.5,0.74,69.49,0.75,81.5,0.26,79.49,0.25,81.5,0.27,775.57,0.28,87.5,0.01,0.01,2338.348762,1776272226000
1776272229.509,129.509,0.74,821.0,0.73,86.5,0.75,2.26,0.76,70.5,0.25,81.5,0.24,70.5,0.27,780.57,0.28,103.5,0.01,0.02,2338.47072,1776272228000
1776272229.722,129.722,0.74,817.15,0.73,91.5,0.77,136.0,0.78,202.0,0.25,2.26,0.24,70.5,0.26,817.15,0.27,91.5,0.03,0.01,2338.47072,1776272228000
1776272230.085,130.085,0.76,3.16,0.75,612.0,0.77,141.0,0.78,202.0,0.23,136.0,0.22,202.0,0.26,817.15,0.27,91.5,0.01,0.03,2338.46397,1776272229000
1776272230.402,130.402,0.76,498.16,0.75,15.0,0.77,151.5,0.78,85.0,0.23,136.0,0.22,202.0,0.24,13.16,0.25,612.0,0.01,0.01,2338.46397,1776272229000
1776272230.683,130.683,0.76,3.16,0.75,660.0,0.77,252.5,0.78,85.0,0.23,151.5,0.22,85.0,0.24,498.16,0.25,15.0,0.01,0.01,2338.46397,1776272229000
1776272230.891,130.891,0.76,12.16,0.75,660.0,0.77,248.6,0.78,85.0,0.23,248.6,0.22,85.0,0.24,3.16,0.25,660.0,0.01,0.01,2338.46397,1776272229000
1776272231.703,131.703,0.76,902.5,0.75,108.5,0.78,10.0,0.79,45.0,0.23,241.23,0.22,85.0,0.24,10.0,0.25,660.0,0.02,0.01,2338.477619,1776272230000
1776272232.131,132.131,0.78,763.5,0.77,126.5,0.8,50.0,0.81,61.0,0.22,10.0,0.21,45.0,0.24,902.5,0.25,108.5,0.02,0.02,2338.57677,1776272231000
1776272232.502,132.502,0.79,817.5,0.78,139.5,0.81,50.0,0.82,176.0,0.2,50.0,0.19,61.0,0.22,763.5,0.23,126.5,0.02,0.02,2338.57677,1776272231000
1776272234.142,134.142,0.82,200.0,0.81,189.0,0.83,96.44,0.84,110.5,0.19,50.0,0.18,176.0,0.21,817.5,0.22,139.5,0.01,0.02,2338.679088,1776272233000
1776272234.468,134.468,0.82,287.5,0.81,188.5,0.85,78.0,0.86,35.5,0.17,96.44,0.16,110.5,0.18,200.0,0.19,189.0,0.03,0.01,2338.679088,1776272233000
1776272234.973,134.973,0.84,140.0,0.83,550.0,0.85,199.98,0.86,95.5,0.15,78.0,0.14,35.5,0.18,287.5,0.19,188.5,0.01,0.03,2338.950727,1776272234000
1776272235.248,135.248,0.84,77.5,0.83,550.0,0.85,174.98,0.86,95.5,0.15,199.98,0.14,95.5,0.16,140.0,0.17,550.0,0.01,0.01,2338.950727,1776272234000
1776272235.802,135.802,0.84,10.0,0.83,70.0,0.85,157.39,0.86,717.5,0.15,174.98,0.14,95.5,0.16,77.5,0.17,550.0,0.01,0.01,2338.950727,1776272234000
1776272237.322,137.322,0.83,10.0,0.82,20.0,0.85,436.39,0.86,85.5,0.15,157.39,0.14,717.5,0.16,10.0,0.17,70.0,0.02,0.01,2339.240478,1776272236000
1776272237.555,137.555,0.83,10.0,0.82,20.0,0.85,416.39,0.86,95.5,0.15,436.39,0.14,85.5,0.17,10.0,0.18,20.0,0.02,0.02,2339.240478,1776272236000
1776272238.857,138.857,0.84,10.0,0.83,20.0,0.85,48.89,0.86,95.5,0.16,73.23,0.15,267.39,0.18,17.44,0.19,30.0,0.01,0.02,2339.196624,1776272237000
1776272239.075,139.075,0.84,19.0,0.83,15.0,0.85,42.89,0.86,95.5,0.15,48.89,0.14,95.5,0.16,10.0,0.17,20.0,0.01,0.01,2339.196624,1776272237000
1776272239.843,139.843,0.83,27.0,0.82,17.44,0.85,10.0,0.86,84.0,0.15,37.3,0.14,95.5,0.16,0.25,0.17,15.0,0.02,0.01,2339.10824,1776272238000
1776272240.508,140.508,0.86,812.5,0.85,157.5,0.87,30.0,0.88,60.0,0.15,10.0,0.14,84.0,0.17,27.0,0.18,17.44,0.01,0.02,2339.10824,1776272239000
1776272242.055,142.055,0.87,716.8,0.86,205.5,0.88,70.0,0.89,132.0,0.13,30.0,0.12,60.0,0.14,812.5,0.15,157.5,0.01,0.01,2339.202459,1776272240000
1776272244.391,144.391,0.89,105.61,0.88,208.5,0.9,12.76,0.91,158.0,0.12,70.0,0.11,132.0,0.13,716.8,0.14,205.5,0.01,0.01,2339.7083,1776272243000
1776272244.742,144.742,0.9,15.0,0.89,25.0,0.91,188.69,0.92,141.9,0.09,147.63,0.08,141.9,0.11,47.06,0.12,208.5,0.01,0.02,2339.7083,1776272243000
1776272245.02,145.02,0.9,15.0,0.89,25.0,0.91,773.89,0.92,141.9,0.09,188.69,0.08,141.9,0.1,15.0,0.11,25.0,0.01,0.01,2339.7083,1776272243000
1776272245.341,145.341,0.89,15.0,0.88,53.45,0.9,8.27,0.91,782.3,0.09,807.3,0.08,141.9,0.1,15.0,0.11,25.0,0.01,0.01,2339.750433,1776272244000
1776272245.642,145.642,0.88,40.45,0.87,60.5,0.89,53.87,0.9,663.27,0.1,8.27,0.09,782.3,0.11,15.0,0.12,53.45,0.01,0.01,2339.750433,1776272244000
1776272246.148,146.148,0.88,19.97,0.87,60.5,0.89,55.0,0.9,681.99,0.1,657.99,0.09,204.3,0.12,21.45,0.13,60.5,0.01,0.02,2339.750433,1776272244000
1776272246.489,146.489,0.88,33.96,0.87,50.0,0.89,650.0,0.9,92.27,0.11,55.0,0.1,681.99,0.12,19.97,0.13,60.5,0.01,0.01,2339.889308,1776272245000
1776272246.876,146.876,0.88,13.96,0.87,50.0,0.89,640.0,0.9,92.27,0.11,650.0,0.1,92.27,0.12,33.96,0.13,50.0,0.01,0.01,2339.889308,1776272245000
1776272247.538,147.538,0.88,4.96,0.87,10.0,0.89,709.5,0.9,112.27,0.11,640.0,0.1,92.27,0.12,13.96,0.13,50.0,0.01,0.01,2339.883111,1776272246000
1776272248.57,148.57,0.88,24.96,0.87,10.0,0.89,698.26,0.9,112.27,0.11,709.5,0.1,112.27,0.12,4.96,0.13,10.0,0.01,0.01,2339.71718,1776272247000
1776272249.035,149.035,0.88,4.96,0.87,10.0,0.89,687.92,0.9,93.27,0.11,698.26,0.1,112.27,0.12,24.96,0.13,10.0,0.01,0.01,2339.71718,1776272247000
1776272252.339,152.339,0.88,96.0,0.87,109.98,0.89,614.66,0.9,60.0,0.11,665.92,0.1,93.27,0.12,4.96,0.13,10.0,0.01,0.01,2339.51053,1776272250000
1776272254.06,154.06,0.87,20.48,0.86,10.0,0.88,646.5,0.89,106.5,0.11,614.66,0.1,60.0,0.12,97.88,0.13,114.98,0.01,0.01,2339.586645,1776272252000
1776272254.812,154.812,0.86,45.0,0.85,85.5,0.87,116.25,0.88,572.5,0.12,645.36,0.11,106.5,0.13,0.14,0.14,10.0,0.01,0.01,2339.598765,1776272253000
1776272255.64,155.64,0.85,25.0,0.84,115.5,0.86,3.37,0.87,671.75,0.13,116.25,0.12,572.5,0.14,45.0,0.15,85.5,0.01,0.01,2339.598765,1776272253000
1776272257.919,157.919,0.83,135.93,0.82,690.5,0.84,16.0,0.85,184.0,0.14,3.37,0.13,671.75,0.15,25.0,0.16,115.5,0.01,0.01,2339.342477,1776272256000
1776272258.627,158.627,0.83,135.93,0.82,695.5,0.84,33.72,0.85,184.0,0.16,16.0,0.15,184.0,0.17,135.93,0.18,690.5,0.01,0.01,2339.068044,1776272257000
1776272259.038,159.038,0.83,135.93,0.82,695.5,0.84,27.0,0.85,184.0,0.16,33.72,0.15,184.0,0.17,135.93,0.18,695.5,0.01,0.01,2339.068044,1776272257000
1776272262.101,162.101,0.83,346.18,0.82,265.12,0.85,19.0,0.86,58.37,0.16,27.0,0.15,184.0,0.17,135.93,0.18,695.5,0.02,0.01,2339.031107,1776272260000
1776272262.544,162.544,0.85,30.5,0.84,752.5,0.87,72.39,0.88,95.5,0.15,19.0,0.14,58.37,0.17,346.18,0.18,265.12,0.02,0.02,2339.015669,1776272261000
1776272265.229,165.229,0.89,142.0,0.88,850.5,0.9,2.0,0.91,259.08,0.13,72.39,0.12,95.5,0.15,30.5,0.16,752.5,0.01,0.02,2339.080508,1776272263000
1776272265.91,165.91,0.88,15.0,0.87,53.0,0.9,23.66,0.91,634.08,0.1,2.0,0.09,259.08,0.11,142.0,0.12,850.5,0.02,0.01,2339.545954,1776272264000
1776272266.665,166.665,0.87,38.0,0.86,183.5,0.9,28.66,0.91,634.08,0.1,23.66,0.09,634.08,0.12,13.56,0.13,53.0,0.03,0.02,2339.580876,1776272265000
1776272268.541,168.541,0.89,136.81,0.88,125.5,0.9,23.66,0.91,640.08,0.1,28.66,0.09,634.08,0.13,38.0,0.14,183.5,0.01,0.03,2339.513108,1776272267000
1776272269.242,169.242,0.89,131.81,0.88,125.5,0.9,17.32,0.91,640.08,0.1,23.66,0.09,640.08,0.11,136.81,0.12,125.5,0.01,0.01,2339.513108,1776272267000
1776272269.837,169.837,0.89,40.81,0.88,138.5,0.9,17.32,0.91,640.08,0.1,17.32,0.09,640.08,0.11,131.81,0.12,125.5,0.01,0.01,2339.439899,1776272268000
1776272272.207,172.207,0.89,70.0,0.88,357.5,0.9,30.1,0.91,861.08,0.1,132.32,0.09,640.08,0.11,27.81,0.12,138.5,0.01,0.01,2339.492578,1776272270000
1776272272.654,172.654,0.89,75.0,0.88,362.5,0.9,23.76,0.91,861.08,0.1,30.1,0.09,861.08,0.11,70.0,0.12,357.5,0.01,0.01,2339.492578,1776272270000
1776272273.795,173.795,0.89,92.9,0.88,382.95,0.9,13.66,0.91,861.08,0.1,23.76,0.09,861.08,0.11,75.0,0.12,362.5,0.01,0.01,2339.503877,1776272272000
1776272277.353,177.353,0.9,69.0,0.89,211.15,0.92,32.0,0.93,25.0,0.1,13.66,0.09,861.08,0.11,92.9,0.12,382.95,0.02,0.01,2339.539816,1776272276000
1776272277.931,177.931,0.91,257.8,0.9,160.0,0.92,7.0,0.94,100.0,0.08,32.0,0.07,25.0,0.1,69.0,0.11,211.15,0.01,0.02,2339.539816,1776272276000
1776272278.216,178.216,0.91,939.8,0.9,125.5,0.94,167.0,0.95,55.0,0.08,7.0,0.06,100.0,0.09,257.8,0.1,160.0,0.03,0.01,2339.539816,1776272276000
1776272279.07,179.07,0.93,200.0,0.92,550.0,0.94,117.0,0.95,55.0,0.06,167.0,0.05,55.0,0.09,939.8,0.1,125.5,0.01,0.03,2340.156403,1776272278000
1776272279.666,179.666,0.93,275.8,0.92,619.4,0.94,107.9,0.95,55.0,0.06,117.0,0.05,55.0,0.07,200.0,0.08,550.0,0.01,0.01,2340.156403,1776272278000
1776272279.92,179.92,0.94,14.74,0.93,274.8,0.95,55.0,0.96,743.0,0.06,57.9,0.05,55.0,0.07,275.8,0.08,619.4,0.01,0.01,2340.156403,1776272278000
1776272280.595,180.595,0.94,24.74,0.93,754.8,0.95,167.0,0.96,743.0,0.05,55.0,0.04,743.0,0.06,14.74,0.07,274.8,0.01,0.01,2340.297813,1776272279000
1776272280.816,180.816,0.94,29.74,0.93,734.8,0.95,151.19,0.96,768.0,0.05,156.46,0.04,768.0,0.06,29.74,0.07,734.8,0.01,0.01,2340.297813,1776272279000
1776272281.457,181.457,0.94,26.0,0.93,734.8,0.96,858.75,0.97,426.7,0.05,25.85,0.04,860.0,0.06,5.0,0.07,734.8,0.02,0.01,2340.310422,1776272280000
1776272282.15,182.15,0.95,50.0,0.94,26.0,0.96,856.66,0.97,426.7,0.04,858.75,0.03,426.7,0.06,26.0,0.07,734.8,0.01,0.02,2340.32805,1776272281000
1776272282.613,182.613,0.95,60.0,0.94,26.0,0.96,855.61,0.97,426.7,0.04,856.66,0.03,426.7,0.05,50.0,0.06,26.0,0.01,0.01,2340.32805,1776272281000
1776272283.288,183.288,0.95,60.0,0.94,141.0,0.96,974.55,0.97,426.7,0.04,855.61,0.03,426.7,0.05,60.0,0.06,26.0,0.01,0.01,2340.388105,1776272282000
1776272283.854,183.854,0.95,98.0,0.94,141.0,0.96,848.94,0.97,426.7,0.04,974.55,0.03,426.7,0.05,60.0,0.06,141.0,0.01,0.01,2340.388105,1776272282000
1776272285.396,185.396,0.95,43.94,0.94,143.0,0.96,832.96,0.97,543.7,0.04,843.94,0.03,426.7,0.05,53.0,0.06,141.0,0.01,0.01,2340.363398,1776272283000
1776272287.123,187.123,0.95,0.94,0.94,155.5,0.96,819.96,0.97,543.7,0.04,832.96,0.03,543.7,0.05,43.94,0.06,143.0,0.01,0.01,2340.377092,1776272285000
1776272287.63,187.63,0.94,155.5,0.93,264.8,0.96,819.96,0.97,543.7,0.04,819.96,0.03,543.7,0.05,0.94,0.06,155.5,0.02,0.01,2340.40095,1776272286000
1776272288.964,188.964,0.94,30.0,0.93,40.0,0.95,615.89,0.96,191.76,0.04,819.96,0.03,543.7,0.06,137.5,0.07,264.8,0.01,0.02,2340.401556,1776272287000
1776272289.486,189.486,0.94,30.0,0.93,40.0,0.95,590.78,0.96,186.76,0.05,615.89,0.04,191.76,0.06,30.0,0.07,40.0,0.01,0.01,2340.307417,1776272288000
1776272290.897,190.897,0.95,10.0,0.94,160.39,0.96,36.86,0.97,303.0,0.05,590.78,0.04,186.76,0.06,30.0,0.07,40.0,0.01,0.01,2340.011861,1776272289000
1776272291.135,191.135,0.95,150.0,0.94,150.39,0.97,303.0,0.98,379.57,0.04,36.86,0.03,303.0,0.05,10.0,0.06,160.39,0.02,0.01,2340.011861,1776272290000
1776272291.75,191.75,0.96,126.0,0.95,140.0,0.97,208.0,0.98,379.57,0.03,303.0,0.02,379.57,0.05,150.0,0.06,150.39,0.01,0.02,2340.011861,1776272290000
1776272292.426,192.426,0.96,64.58,0.95,130.0,0.97,202.0,0.98,379.57,0.03,208.0,0.02,379.57,0.04,126.0,0.05,140.0,0.01,0.01,2341.008239,1776272291000
1776272293.82,193.82,0.94,110.08,0.93,40.0,0.97,202.0,0.98,379.57,0.03,202.0,0.02,379.57,0.04,64.58,0.05,130.0,0.03,0.01,2341.224063,1776272292000
1776272294.303,194.303,0.95,14.8,0.94,169.08,0.97,209.0,0.98,386.57,0.03,202.0,0.02,379.57,0.06,110.08,0.07,40.0,0.02,0.03,2341.222951,1776272293000
1776272296.002,196.002,0.95,18.0,0.94,238.42,0.97,202.0,0.98,544.57,0.05,8.9,0.03,209.0,0.06,143.41,0.07,157.0,0.02,0.01,2341.375761,1776272295000
1776272297.774,197.774,0.96,460.0,0.95,10.0,0.97,196.84,0.98,544.57,0.03,196.84,0.02,544.57,0.05,18.0,0.06,238.42,0.01,0.02,2341.470397,1776272296000
1776272298.613,198.613,0.96,465.0,0.95,5.0,0.97,191.85,0.98,544.57,0.03,196.84,0.02,544.57,0.04,460.0,0.05,10.0,0.01,0.01,2341.34945,1776272297000
1776272301.233,201.233,0.96,475.0,0.95,26.5,0.97,186.69,0.98,584.57,0.03,191.85,0.02,544.57,0.04,465.0,0.05,5.0,0.01,0.01,2341.202287,1776272299000
1776272301.557,201.557,0.96,490.5,0.95,21.5,0.97,164.69,0.98,395.57,0.03,183.69,0.02,584.57,0.04,480.0,0.05,26.5,0.01,0.01,2341.202287,1776272299000
1776272302.656,202.656,0.96,490.5,0.95,173.54,0.97,104.69,0.98,390.57,0.03,109.69,0.02,390.57,0.04,495.5,0.05,15.5,0.01,0.01,2341.193084,1776272301000
1776272304.392,204.392,0.96,594.2,0.95,259.34,0.97,99.69,0.98,390.57,0.03,104.69,0.02,390.57,0.04,490.5,0.05,173.54,0.01,0.01,2341.518041,1776272303000
1776272306.186,206.186,0.96,700.2,0.95,301.59,0.97,98.65,0.98,379.57,0.03,99.69,0.02,390.57,0.04,594.2,0.05,259.34,0.01,0.01,2341.554431,1776272305000
1776272308.319,208.319,0.96,818.2,0.95,227.77,0.97,0.65,0.98,384.57,0.03,98.65,0.02,379.57,0.04,700.2,0.05,301.59,0.01,0.01,2341.676555,1776272307000
1776272310.803,210.803,0.96,834.2,0.95,335.19,0.98,345.63,0.99,2004.0,0.03,0.65,0.02,384.57,0.04,818.2,0.05,227.77,0.02,0.01,2341.82615,1776272309000
1776272311.256,211.256,0.97,607.19,0.96,613.2,0.98,325.63,0.99,2004.0,0.02,345.63,0.01,2004.0,0.04,834.2,0.05,335.19,0.01,0.02,2341.82615,1776272309000
1776272311.62,211.62,0.97,607.19,0.96,608.2,0.98,317.55,0.99,1975.0,0.02,325.63,0.01,2004.0,0.03,607.19,0.04,613.2,0.01,0.01,2341.865942,1776272310000
1776272313.063,213.063,0.97,477.19,0.96,782.2,0.98,443.55,0.99,1946.0,0.02,317.55,0.01,1975.0,0.03,607.19,0.04,608.2,0.01,0.01,2341.792252,1776272312000
1776272313.265,213.265,0.97,477.19,0.96,782.2,0.98,417.02,0.99,1946.0,0.02,428.15,0.01,1946.0,0.03,477.19,0.04,782.2,0.01,0.01,2341.792252,1776272312000
1776272313.667,213.667,0.97,492.5,0.96,787.2,0.98,405.9,0.99,2309.6,0.02,417.02,0.01,1946.0,0.03,477.19,0.04,782.2,0.01,0.01,2341.792252,1776272312000
1776272314.547,214.547,0.97,332.69,0.96,787.2,0.98,410.9,0.99,2309.6,0.02,405.9,0.01,2309.6,0.03,492.5,0.04,787.2,0.01,0.01,2341.600102,1776272313000
1776272315.509,215.509,0.97,392.69,0.96,793.2,0.98,403.9,0.99,2309.6,0.02,410.9,0.01,2309.6,0.03,332.69,0.04,787.2,0.01,0.01,2341.318698,1776272314000
1776272315.738,215.738,0.97,382.69,0.96,793.2,0.98,403.9,0.99,2309.6,0.02,403.9,0.01,2309.6,0.03,392.69,0.04,793.2,0.01,0.01,2341.318698,1776272314000
1776272316.97,216.97,0.97,567.51,0.96,648.2,0.98,125.15,0.99,2442.6,0.02,403.9,0.01,2309.6,0.03,382.69,0.04,793.2,0.01,0.01,2341.203731,1776272315000
1776272318.484,218.484,0.97,672.51,0.96,647.2,0.98,133.06,0.99,1864.0,0.02,125.15,0.01,2442.6,0.03,567.51,0.04,648.2,0.01,0.01,2341.166415,1776272317000
1776272321.574,221.574,0.97,587.51,0.96,647.2,0.98,15.81,0.99,1856.0,0.02,128.06,0.01,1864.0,0.03,709.51,0.04,647.2,0.01,0.01,2341.483467,1776272320000
1776272321.901,221.901,0.97,582.51,0.96,642.2,0.98,3.81,0.99,1856.0,0.02,15.81,0.01,1856.0,0.03,587.51,0.04,647.2,0.01,0.01,2341.483467,1776272320000
1776272322.944,222.944,0.97,566.51,0.96,658.2,0.99,1971.0,,,0.02,3.81,0.01,1856.0,0.03,582.51,0.04,642.2,0.02,0.01,2341.441434,1776272321000
1776272323.563,223.563,0.98,402.7,0.97,478.53,0.99,1966.0,,,0.01,1971.0,,,0.03,566.51,0.04,658.2,0.01,0.02,2341.451183,1776272322000
1776272323.995,223.995,0.98,402.7,0.97,473.53,0.99,1814.98,,,0.01,1961.0,,,0.02,402.7,0.03,478.53,0.01,0.01,2341.451183,1776272322000
1776272324.479,224.479,0.98,379.7,0.97,456.53,0.99,2277.56,,,0.01,1814.98,,,0.02,402.7,0.03,473.53,0.01,0.01,2341.451183,1776272322000
1776272325.537,225.537,0.98,470.7,0.97,479.53,0.99,1691.96,,,0.01,2277.56,,,0.02,379.7,0.03,456.53,0.01,0.01,2341.280395,1776272324000
1776272325.872,225.872,0.98,456.7,0.97,479.53,0.99,1685.96,,,0.01,1691.96,,,0.02,470.7,0.03,479.53,0.01,0.01,2341.280395,1776272324000
1776272326.704,226.704,0.98,322.7,0.97,479.53,0.99,1764.96,,,0.01,1685.96,,,0.02,456.7,0.03,479.53,0.01,0.01,2341.269169,1776272325000
1776272328.251,228.251,0.98,55.0,0.97,456.53,0.99,2348.56,,,0.01,1764.96,,,0.02,322.7,0.03,479.53,0.01,0.01,2341.241661,1776272326000
1776272328.613,228.613,0.98,60.0,0.97,341.53,0.99,2247.54,,,0.01,2348.56,,,0.02,55.0,0.03,456.53,0.01,0.01,2341.296503,1776272327000
1776272329.181,229.181,0.98,30.0,0.97,341.53,0.99,2242.54,,,0.01,2247.54,,,0.02,40.0,0.03,341.53,0.01,0.01,2341.272052,1776272328000
1776272330.67,230.67,0.97,322.54,0.96,798.2,0.99,2247.54,,,0.01,2242.54,,,0.02,30.0,0.03,341.53,0.02,0.01,2340.844383,1776272329000
1776272335.196,235.196,0.97,451.23,0.96,683.2,0.98,207.0,0.99,2628.54,0.01,2247.54,,,0.03,322.54,0.04,798.2,0.01,0.02,2340.651404,1776272333000
1776272340.671,240.671,0.97,501.54,0.96,658.2,0.98,8.94,0.99,1568.94,0.02,207.0,0.01,2628.54,0.03,451.23,0.04,683.2,0.01,0.01,2340.635676,1776272338000
1776272340.895,240.895,0.97,504.54,0.96,663.2,0.98,3.94,0.99,1568.94,0.02,8.94,0.01,1568.94,0.03,501.54,0.04,658.2,0.01,0.01,2340.859973,1776272339000
1776272341.73,241.73,0.97,509.54,0.96,663.2,0.98,7.95,0.99,1568.94,0.02,3.94,0.01,1568.94,0.03,504.54,0.04,663.2,0.01,0.01,2340.864881,1776272340000
1776272343.044,243.044,0.97,534.54,0.96,663.2,0.99,1567.8,,,0.02,7.95,0.01,1568.94,0.03,509.54,0.04,663.2,0.02,0.01,2340.890174,1776272341000
1776272343.281,243.281,0.98,306.7,0.97,529.54,0.99,1571.78,,,0.01,1567.8,,,0.03,534.54,0.04,663.2,0.01,0.02,2340.890174,1776272341000
1776272345.357,245.357,0.98,274.7,0.97,508.54,0.99,1439.7,,,0.01,1571.78,,,0.02,306.7,0.03,529.54,0.01,0.01,2340.679217,1776272343000
1776272345.674,245.674,0.98,247.7,0.97,503.54,0.99,1844.65,,,0.01,1439.7,,,0.02,274.7,0.03,508.54,0.01,0.01,2340.741179,1776272344000
1776272347.359,247.359,0.98,587.7,0.97,352.54,0.99,1388.13,,,0.01,1838.63,,,0.02,227.51,0.03,503.54,0.01,0.01,2340.729049,1776272345000
1776272348.363,248.363,0.99,1141.87,0.98,602.7,,,,,0.01,1388.13,,,0.02,587.7,0.03,352.54,,0.01,2340.591132,1776272346000
1776272349.422,249.422,0.99,1664.5,0.98,482.7,,,,,,,,,0.01,1141.87,0.02,602.7,,,2340.585314,1776272348000
1776272352.085,252.085,0.99,1523.37,0.98,393.7,,,,,,,,,0.01,1659.51,0.02,482.7,,,2340.829891,1776272350000
1776272353.261,253.261,0.99,1523.27,0.98,393.7,,,,,,,,,0.01,1523.37,0.02,393.7,,,2340.878835,1776272352000
1776272355.508,255.508,0.99,1289.71,0.98,383.7,,,,,,,,,0.01,1523.27,0.02,393.7,,,2340.909753,1776272354000
1776272356.264,256.264,0.99,1253.71,0.98,383.7,,,,,,,,,0.01,1289.71,0.02,383.7,,,2340.909753,1776272354000
1776272363.436,263.436,0.99,1238.76,0.98,383.7,,,,,,,,,0.01,1253.71,0.02,383.7,,,2340.761919,1776272362000
1776272391.942,291.942,0.998,15.0,0.997,5.0,0.999,220.0,,,,,,,0.01,1238.76,0.02,383.7,0.001,,2342.045736,1776272390000
1776272392.224,292.224,0.998,5.0,0.997,5.0,0.999,210.0,,,0.001,220.0,,,0.002,15.0,0.003,5.0,0.001,0.001,2342.045736,1776272390000
1776272392.541,292.541,0.997,5.0,0.996,5.0,0.999,478.99,,,0.001,210.0,,,0.002,0.01,0.003,5.0,0.002,0.001,2342.036444,1776272391000
1776272392.903,292.903,0.997,5.0,0.996,5.0,0.999,437.96,,,0.001,443.95,,,0.003,5.0,0.004,5.0,0.002,0.002,2342.036444,1776272391000
1776272394.63,294.63,0.997,5.0,0.996,5.0,0.999,412.96,,,0.001,437.96,,,0.003,5.0,0.004,5.0,0.002,0.002,2341.961973,1776272393000
1776272395.096,295.096,0.997,5.0,0.996,5.0,0.999,396.74,,,0.001,406.74,,,0.003,5.0,0.004,5.0,0.002,0.002,2341.961973,1776272393000
1776272395.422,295.422,0.997,5.0,0.996,5.0,0.999,391.74,,,0.001,396.74,,,0.003,5.0,0.004,5.0,0.002,0.002,2341.952027,1776272394000
1776272395.638,295.638,0.998,10.01,0.997,5.0,0.999,381.74,,,0.001,386.74,,,0.003,5.0,0.004,5.0,0.001,0.002,2341.952027,1776272394000
1776272395.948,295.948,0.997,5.0,0.996,5.0,0.998,494.99,0.999,346.7,0.001,346.7,,,0.002,10.01,0.003,5.0,0.001,0.001,2341.952027,1776272394000
1776272396.232,296.232,0.997,5.0,0.996,5.0,0.998,347.59,0.999,346.7,0.002,367.61,0.001,346.7,0.003,5.0,0.004,5.0,0.001,0.001,2341.782297,1776272395000
1776272396.821,296.821,0.997,5.0,0.996,5.0,0.998,307.57,0.999,346.7,0.002,312.57,0.001,346.7,0.003,5.0,0.004,5.0,0.001,0.001,2341.782297,1776272395000
1776272397.236,297.236,0.997,5.0,0.996,5.0,0.998,302.57,0.999,346.7,0.002,307.57,0.001,346.7,0.003,5.0,0.004,5.0,0.001,0.001,2341.789659,1776272396000
1776272397.613,297.613,0.997,5.0,0.996,5.0,0.999,43.67,,,0.001,48.67,,,0.003,5.0,0.004,5.0,0.002,0.002,2341.789659,1776272396000
1776272398.027,298.027,0.997,5.0,0.996,5.0,0.999,28.67,,,0.001,33.67,,,0.003,5.0,0.004,5.0,0.002,0.002,2341.789659,1776272396000
1776272398.417,298.417,0.997,5.0,0.996,5.0,0.999,132.65,,,0.001,28.67,,,0.003,5.0,0.004,5.0,0.002,0.002,2341.823275,1776272397000
1776272398.644,298.644,0.997,5.0,0.996,5.0,0.999,127.65,,,0.001,132.65,,,0.003,5.0,0.004,5.0,0.002,0.002,2341.823275,1776272397000
1776272399.615,299.615,0.999,92.45,0.997,5.0,,,,,0.001,107.65,,,0.003,5.0,0.004,5.0,,0.002,2341.806464,1776272398000

# RESULT,winner=Up,slug=eth-updown-5m-1776272100,ticks=289
