timestamp,elapsed_sec,up_bid_p1,up_bid_s1,up_bid_p2,up_bid_s2,up_ask_p1,up_ask_s1,up_ask_p2,up_ask_s2,down_bid_p1,down_bid_s1,down_bid_p2,down_bid_s2,down_ask_p1,down_ask_s1,down_ask_p2,down_ask_s2,up_spread,down_spread,eth_price,eth_oracle_ts
1776225001.478,1.478,0.5,17.5,0.49,5.0,0.54,82.0,0.57,10.0,0.46,82.0,0.43,10.0,0.5,12.5,0.51,5.0,0.04,0.04,2326.119666,1776224999000
1776225001.823,1.823,0.53,10.0,0.51,13.0,0.54,82.0,0.56,13.0,0.46,82.0,0.43,10.0,0.5,12.5,0.51,5.0,0.01,0.04,2326.05327,1776225000000
1776225002.184,2.184,0.53,10.0,0.51,13.0,0.54,82.0,0.56,13.0,0.46,82.0,0.44,13.0,0.47,10.0,0.49,13.0,0.01,0.01,2326.053235,1776225001000
1776225003.401,3.401,0.53,10.0,0.51,13.0,0.54,82.0,0.56,13.0,0.46,82.0,0.44,13.0,0.47,10.0,0.49,13.0,0.01,0.01,2326.13901,1776225002000
1776225003.994,3.994,0.55,10.0,0.54,25.0,0.56,15.4,0.57,44.0,0.44,13.98,0.43,29.0,0.47,20.0,0.48,9.0,0.01,0.03,2326.13901,1776225002000
1776225005.221,5.221,0.55,25.0,0.54,25.0,0.56,2.39,0.57,34.0,0.44,15.4,0.43,44.0,0.45,10.0,0.46,25.0,0.01,0.01,2326.13901,1776225003000
1776225005.976,5.976,0.55,25.0,0.54,25.0,0.56,2.39,0.57,34.0,0.44,2.39,0.43,34.0,0.45,25.0,0.46,25.0,0.01,0.01,2326.3121,1776225005000
1776225006.512,6.512,0.55,20.82,0.54,20.0,0.56,15.0,0.57,39.0,0.44,2.39,0.43,34.0,0.45,25.0,0.46,25.0,0.01,0.01,2326.3121,1776225005000
1776225007.078,7.078,0.55,20.82,0.54,20.0,0.56,15.0,0.57,39.0,0.44,15.0,0.43,39.0,0.45,20.82,0.46,20.0,0.01,0.01,2326.18926,1776225006000
1776225007.972,7.972,0.55,20.82,0.54,20.0,0.56,10.0,0.57,39.0,0.44,15.0,0.43,39.0,0.45,20.82,0.46,20.0,0.01,0.01,2326.18926,1776225006000
1776225008.232,8.232,0.55,20.82,0.54,20.0,0.56,10.0,0.57,39.0,0.44,10.0,0.43,39.0,0.45,20.82,0.46,20.0,0.01,0.01,2326.18421,1776225007000
1776225009.39,9.39,0.55,20.82,0.54,20.0,0.56,10.0,0.57,39.0,0.44,10.0,0.43,39.0,0.45,20.82,0.46,20.0,0.01,0.01,2326.231542,1776225008000
1776225009.976,9.976,0.55,20.82,0.54,20.0,0.56,10.0,0.57,39.0,0.44,10.0,0.43,39.0,0.45,20.82,0.46,20.0,0.01,0.01,2326.19335,1776225009000
1776225010.622,10.622,0.55,55.82,0.54,20.0,0.57,7.73,0.58,13.0,0.44,10.0,0.43,39.0,0.45,20.82,0.46,20.0,0.02,0.01,2326.19335,1776225009000
1776225011.026,11.026,0.55,55.82,0.54,20.0,0.57,7.73,0.58,13.0,0.43,7.73,0.42,13.0,0.45,55.82,0.46,20.0,0.02,0.02,2326.20368,1776225010000
1776225011.417,11.417,0.59,55.0,0.58,40.0,0.61,12.27,0.62,39.0,0.43,7.73,0.42,13.0,0.45,55.82,0.46,20.0,0.02,0.02,2326.20368,1776225010000
1776225011.788,11.788,0.6,50.5,0.59,55.0,0.61,20.9,0.62,49.0,0.39,12.27,0.38,39.0,0.41,55.0,0.42,40.0,0.01,0.02,2326.20368,1776225010000
1776225012.13,12.13,0.6,31.0,0.59,55.0,0.61,62.49,0.62,59.5,0.39,76.12,0.38,59.5,0.4,36.0,0.41,55.0,0.01,0.01,2326.20368,1776225010000
1776225012.777,12.777,0.6,31.0,0.59,55.0,0.61,60.85,0.62,59.5,0.39,60.85,0.38,59.5,0.4,31.0,0.41,55.0,0.01,0.01,2326.210305,1776225011000
1776225012.982,12.982,0.63,55.5,0.62,35.5,0.65,5.0,0.66,10.0,0.39,60.85,0.38,59.5,0.4,31.0,0.41,55.0,0.02,0.01,2326.210305,1776225011000
1776225013.29,13.29,0.65,10.0,0.64,10.0,0.66,3.39,0.67,15.5,0.34,3.39,0.33,15.5,0.35,10.0,0.36,10.0,0.01,0.01,2326.224775,1776225012000
1776225013.581,13.581,0.66,20.0,0.65,20.0,0.67,10.0,0.68,5.0,0.34,3.39,0.33,15.5,0.35,10.0,0.36,10.0,0.01,0.01,2326.224775,1776225012000
1776225013.973,13.973,0.66,44.11,0.65,25.0,0.67,5.0,0.68,5.0,0.33,5.0,0.32,5.0,0.34,44.11,0.35,25.0,0.01,0.01,2326.384968,1776225013000
1776225014.293,14.293,0.68,15.0,0.67,20.0,0.69,36.9,0.7,13.0,0.33,5.0,0.32,5.0,0.34,44.11,0.35,25.0,0.01,0.01,2326.384968,1776225013000
1776225014.995,14.995,0.68,15.0,0.67,20.0,0.69,36.9,0.7,13.0,0.31,36.9,0.3,13.0,0.32,15.0,0.33,20.0,0.01,0.01,2326.609385,1776225014000
1776225015.587,15.587,0.68,15.0,0.67,35.0,0.69,110.9,0.7,34.0,0.31,36.9,0.3,13.0,0.32,15.0,0.33,20.0,0.01,0.01,2326.609385,1776225014000
1776225016.28,16.28,0.68,15.0,0.67,35.0,0.69,110.9,0.7,34.0,0.31,110.9,0.3,34.0,0.32,15.0,0.33,35.0,0.01,0.01,2326.762315,1776225015000
1776225016.512,16.512,0.72,6.69,0.71,82.54,0.74,19.0,0.75,32.0,0.28,0.25,0.26,19.0,0.29,10.0,0.3,20.5,0.02,0.01,2326.762315,1776225015000
1776225016.815,16.815,0.73,68.09,0.72,30.0,0.74,82.0,0.75,56.0,0.26,9.0,0.25,51.0,0.27,37.34,0.28,30.0,0.01,0.01,2326.762315,1776225015000
1776225017.31,17.31,0.73,33.09,0.72,30.0,0.74,57.0,0.75,48.0,0.26,82.0,0.25,56.0,0.27,68.09,0.28,30.0,0.01,0.01,2326.775875,1776225016000
1776225017.584,17.584,0.73,53.09,0.72,30.0,0.74,68.0,0.75,48.0,0.26,57.0,0.25,48.0,0.27,33.09,0.28,30.0,0.01,0.01,2326.775875,1776225016000
1776225018.037,18.037,0.73,53.09,0.72,30.0,0.74,62.4,0.75,48.0,0.26,62.4,0.25,48.0,0.27,53.09,0.28,30.0,0.01,0.01,2326.91069,1776225017000
1776225018.263,18.263,0.73,78.09,0.72,33.0,0.75,15.56,0.76,6.0,0.26,62.4,0.25,48.0,0.27,53.09,0.28,30.0,0.02,0.01,2326.91069,1776225017000
1776225018.836,18.836,0.75,93.5,0.74,83.5,0.77,24.93,0.78,5.0,0.25,15.56,0.24,6.0,0.27,78.09,0.28,33.0,0.02,0.02,2326.91069,1776225017000
1776225019.15,19.15,0.75,93.5,0.74,83.5,0.77,24.93,0.78,5.0,0.23,24.93,0.22,5.0,0.25,93.5,0.26,83.5,0.02,0.02,2327.097515,1776225018000
1776225019.637,19.637,0.76,73.0,0.75,83.5,0.77,15.0,0.78,45.5,0.23,24.93,0.22,5.0,0.25,93.5,0.26,83.5,0.01,0.02,2327.097515,1776225018000
1776225020.338,20.338,0.76,80.5,0.75,83.5,0.77,12.92,0.78,35.5,0.23,15.0,0.22,45.5,0.24,73.0,0.25,83.5,0.01,0.01,2327.097515,1776225018000
1776225021.002,21.002,0.76,80.5,0.75,83.5,0.77,12.92,0.78,35.5,0.23,12.92,0.22,35.5,0.24,80.5,0.25,83.5,0.01,0.01,2327.25044,1776225020000
1776225021.577,21.577,0.76,80.5,0.75,75.5,0.77,25.99,0.78,20.0,0.23,12.92,0.22,35.5,0.24,80.5,0.25,83.5,0.01,0.01,2327.25044,1776225020000
1776225022.081,22.081,0.76,80.5,0.75,75.5,0.77,25.99,0.78,20.0,0.23,25.99,0.22,20.0,0.24,80.5,0.25,75.5,0.01,0.01,2327.300611,1776225021000
1776225023.234,23.234,0.76,80.5,0.75,75.5,0.77,25.99,0.78,20.0,0.23,25.99,0.22,20.0,0.24,80.5,0.25,75.5,0.01,0.01,2327.321605,1776225022000
1776225023.583,23.583,0.76,75.5,0.75,75.5,0.77,20.99,0.78,20.0,0.23,25.99,0.22,20.0,0.24,80.5,0.25,75.5,0.01,0.01,2327.321605,1776225022000
1776225023.807,23.807,0.76,76.33,0.75,85.5,0.77,18.99,0.78,20.0,0.23,20.99,0.22,20.0,0.24,76.33,0.25,75.5,0.01,0.01,2327.321605,1776225022000
1776225024.423,24.423,0.76,71.33,0.75,85.5,0.77,4.99,0.78,20.0,0.23,4.99,0.22,20.0,0.24,71.33,0.25,85.5,0.01,0.01,2327.412729,1776225023000
1776225024.959,24.959,0.76,71.33,0.75,85.5,0.77,4.99,0.78,20.0,0.23,4.99,0.22,20.0,0.24,71.33,0.25,85.5,0.01,0.01,2327.32553,1776225024000
1776225025.594,25.594,0.77,55.0,0.76,81.33,0.78,25.0,0.79,77.5,0.23,4.99,0.22,20.0,0.24,71.33,0.25,85.5,0.01,0.01,2327.32553,1776225024000
1776225026.071,26.071,0.77,55.0,0.76,81.33,0.78,25.0,0.79,77.5,0.22,25.0,0.21,77.5,0.23,55.0,0.24,81.33,0.01,0.01,2327.332292,1776225025000
1776225026.995,26.995,0.77,80.5,0.76,71.33,0.78,29.71,0.79,62.0,0.22,25.0,0.21,77.5,0.23,55.0,0.24,81.33,0.01,0.01,2327.332292,1776225025000
1776225027.296,27.296,0.77,80.5,0.76,71.33,0.78,26.95,0.79,62.0,0.22,29.71,0.21,62.0,0.23,80.5,0.24,71.33,0.01,0.01,2327.332292,1776225025000
1776225027.578,27.578,0.77,75.5,0.76,71.33,0.78,21.95,0.79,62.0,0.22,26.95,0.21,62.0,0.23,80.5,0.24,71.33,0.01,0.01,2327.332292,1776225025000
1776225027.96,27.96,0.77,80.5,0.76,71.33,0.78,30.69,0.79,62.0,0.22,21.95,0.21,62.0,0.23,75.5,0.24,71.33,0.01,0.01,2327.331985,1776225026000
1776225028.443,28.443,0.77,80.5,0.76,71.33,0.78,30.69,0.79,62.0,0.22,30.69,0.21,62.0,0.23,80.5,0.24,71.33,0.01,0.01,2327.343475,1776225027000
1776225029.013,29.013,0.77,80.5,0.76,66.33,0.78,28.69,0.79,62.0,0.22,28.69,0.21,62.0,0.23,80.5,0.24,66.33,0.01,0.01,2327.360965,1776225028000
1776225029.591,29.591,0.77,85.5,0.76,76.33,0.78,39.0,0.79,62.0,0.22,28.69,0.21,62.0,0.23,80.5,0.24,66.33,0.01,0.01,2327.360965,1776225028000
1776225030.165,30.165,0.77,85.5,0.76,76.33,0.78,39.0,0.79,62.0,0.22,39.0,0.21,62.0,0.23,85.5,0.24,76.33,0.01,0.01,2327.35847,1776225029000
1776225031.296,31.296,0.77,85.5,0.76,76.33,0.78,39.0,0.79,62.0,0.22,39.0,0.21,62.0,0.23,85.5,0.24,76.33,0.01,0.01,2327.38431,1776225030000
1776225031.581,31.581,0.78,115.5,0.77,75.5,0.79,41.0,0.8,15.0,0.22,39.0,0.21,62.0,0.23,85.5,0.24,76.33,0.01,0.01,2327.38431,1776225030000
1776225031.877,31.877,0.78,115.5,0.77,75.5,0.79,41.0,0.8,15.0,0.21,41.0,0.2,15.0,0.22,115.5,0.23,75.5,0.01,0.01,2327.38966,1776225031000
1776225032.145,32.145,0.78,110.5,0.77,70.5,0.79,31.92,0.8,20.0,0.21,41.0,0.2,15.0,0.22,115.5,0.23,75.5,0.01,0.01,2327.38966,1776225031000
1776225033.073,33.073,0.78,110.5,0.77,70.5,0.79,31.92,0.8,20.0,0.21,31.92,0.2,20.0,0.22,110.5,0.23,70.5,0.01,0.01,2327.388795,1776225032000
1776225034.256,34.256,0.78,110.5,0.77,70.5,0.79,31.92,0.8,20.0,0.21,31.92,0.2,20.0,0.22,110.5,0.23,70.5,0.01,0.01,2327.540231,1776225033000
1776225035.168,35.168,0.78,88.68,0.77,55.5,0.79,42.92,0.8,15.0,0.21,31.92,0.2,20.0,0.22,110.5,0.23,70.5,0.01,0.01,2327.540231,1776225033000
1776225035.402,35.402,0.78,88.68,0.77,55.5,0.79,42.92,0.8,15.0,0.21,42.92,0.2,15.0,0.22,88.68,0.23,55.5,0.01,0.01,2327.39846,1776225034000
1776225035.71,35.71,0.76,10.0,0.71,14.0,0.77,9.0,0.79,515.42,0.21,42.92,0.2,15.0,0.22,88.68,0.23,55.5,0.01,0.01,2327.39846,1776225034000
1776225036.029,36.029,0.66,36.36,0.57,5.0,0.67,25.5,0.68,25.62,0.33,25.5,0.32,25.62,0.34,36.36,0.43,5.0,0.01,0.01,2327.406234,1776225035000
1776225036.273,36.273,0.48,21.4,0.47,10.0,0.49,15.0,0.5,20.5,0.49,10.0,0.48,10.0,0.52,20.9,0.53,10.0,0.01,0.03,2327.406234,1776225035000
1776225036.491,36.491,0.48,30.5,0.47,15.0,0.49,2.33,0.5,20.0,0.51,2.95,0.5,20.0,0.52,10.5,0.53,10.0,0.01,0.01,2327.406234,1776225035000
1776225037.199,37.199,0.47,20.0,0.46,50.0,0.49,8.87,0.5,12.82,0.51,8.87,0.5,12.82,0.53,20.0,0.54,50.0,0.02,0.02,2327.370312,1776225036000
1776225038.086,38.086,0.6,10.0,0.59,10.0,0.63,166.0,0.64,145.0,0.36,0.65,0.33,35.0,0.38,17.16,0.4,10.0,0.03,0.02,2327.370312,1776225036000
1776225038.589,38.589,0.6,10.0,0.59,15.0,0.63,74.0,0.64,53.0,0.37,74.0,0.36,53.0,0.4,10.0,0.41,15.0,0.03,0.03,2326.09091,1776225037000
1776225038.799,38.799,0.61,15.5,0.6,5.0,0.62,81.95,0.63,99.0,0.37,74.0,0.36,53.0,0.4,10.0,0.41,15.0,0.01,0.03,2326.09091,1776225037000
1776225039.099,39.099,0.61,55.5,0.6,15.0,0.62,15.95,0.63,25.0,0.38,81.95,0.37,99.0,0.39,15.5,0.4,5.0,0.01,0.01,2326.22475,1776225038000
1776225040.119,40.119,0.61,55.5,0.6,15.0,0.63,25.0,0.64,25.0,0.37,25.0,0.36,25.0,0.39,55.5,0.4,15.0,0.02,0.02,2326.504941,1776225039000
1776225041.415,41.415,0.61,21.0,0.6,15.0,0.63,35.0,0.64,40.0,0.37,35.0,0.36,40.0,0.39,21.0,0.4,15.0,0.02,0.02,2326.51656,1776225040000
1776225041.662,41.662,0.62,35.5,0.61,21.0,0.63,43.41,0.64,40.0,0.37,35.0,0.36,40.0,0.39,21.0,0.4,15.0,0.01,0.02,2326.51656,1776225040000
1776225042.013,42.013,0.62,35.5,0.61,21.0,0.63,43.41,0.64,40.0,0.37,43.41,0.36,40.0,0.38,35.5,0.39,21.0,0.01,0.01,2326.51729,1776225041000
1776225042.22,42.22,0.62,35.5,0.61,21.0,0.63,36.25,0.64,45.0,0.37,38.41,0.36,45.0,0.38,35.5,0.39,21.0,0.01,0.01,2326.51729,1776225041000
1776225042.464,42.464,0.62,25.5,0.61,21.0,0.63,20.0,0.64,40.0,0.37,36.25,0.36,45.0,0.38,35.5,0.39,21.0,0.01,0.01,2326.51729,1776225041000
1776225043.082,43.082,0.62,25.5,0.61,21.0,0.63,20.0,0.64,40.0,0.37,20.0,0.36,40.0,0.38,25.5,0.39,21.0,0.01,0.01,2326.522699,1776225042000
1776225044.125,44.125,0.62,25.5,0.61,21.0,0.63,20.0,0.64,40.0,0.37,20.0,0.36,40.0,0.38,25.5,0.39,21.0,0.01,0.01,2326.51209,1776225043000
1776225045.211,45.211,0.62,25.5,0.61,21.0,0.63,20.0,0.64,40.0,0.37,20.0,0.36,40.0,0.38,25.5,0.39,21.0,0.01,0.01,2326.506755,1776225044000
1776225045.674,45.674,0.62,30.5,0.61,21.0,0.63,18.41,0.64,30.0,0.37,20.0,0.36,40.0,0.38,25.5,0.39,21.0,0.01,0.01,2326.506755,1776225044000
1776225046.249,46.249,0.62,35.5,0.61,21.0,0.63,14.41,0.64,30.0,0.37,14.41,0.36,30.0,0.38,35.5,0.39,21.0,0.01,0.01,2326.506755,1776225045000
1776225046.483,46.483,0.6,4.0,0.58,5.0,0.62,20.5,0.63,190.5,0.37,90.5,0.36,50.5,0.39,9.0,0.4,5.0,0.02,0.02,2326.506755,1776225045000
1776225046.794,46.794,0.52,11.08,0.51,50.0,0.53,15.0,0.54,15.0,0.41,126.5,0.4,15.0,0.48,0.58,0.49,50.0,0.01,0.07,2326.506755,1776225045000
1776225047.1,47.1,0.52,11.91,0.51,58.68,0.53,34.9,0.54,20.0,0.47,45.0,0.46,20.0,0.48,6.91,0.49,50.0,0.01,0.01,2326.506755,1776225045000
1776225047.463,47.463,0.52,11.91,0.51,58.68,0.53,34.9,0.54,20.0,0.47,34.9,0.46,20.0,0.48,11.91,0.49,58.68,0.01,0.01,2326.52984,1776225046000
1776225047.885,47.885,0.52,26.91,0.51,50.0,0.53,39.8,0.54,15.0,0.47,39.8,0.46,15.0,0.48,26.91,0.49,50.0,0.01,0.01,2326.52617,1776225047000
1776225048.946,48.946,0.52,26.91,0.51,50.0,0.53,39.8,0.54,15.0,0.47,39.8,0.46,15.0,0.48,26.91,0.49,50.0,0.01,0.01,2326.25543,1776225048000
1776225049.165,49.165,0.52,29.82,0.51,160.0,0.53,34.8,0.54,15.0,0.47,39.8,0.46,15.0,0.48,26.91,0.49,50.0,0.01,0.01,2326.25543,1776225048000
1776225050.04,50.04,0.52,29.82,0.51,160.0,0.53,34.8,0.54,15.0,0.47,34.8,0.46,15.0,0.48,29.82,0.49,160.0,0.01,0.01,2326.225915,1776225049000
1776225050.849,50.849,0.52,74.24,0.51,195.99,0.53,14.72,0.54,5.0,0.47,34.8,0.46,15.0,0.48,29.82,0.49,160.0,0.01,0.01,2326.225915,1776225049000
1776225051.059,51.059,0.52,79.24,0.51,195.99,0.54,5.0,0.57,20.0,0.46,5.0,0.43,20.0,0.48,79.24,0.49,195.99,0.02,0.02,2326.20091,1776225050000
1776225052.108,52.108,0.52,79.24,0.51,195.99,0.54,5.0,0.57,20.0,0.46,5.0,0.43,20.0,0.48,79.24,0.49,195.99,0.02,0.02,2326.325052,1776225051000
1776225053.19,53.19,0.52,79.24,0.51,195.99,0.54,5.0,0.57,20.0,0.46,5.0,0.43,20.0,0.48,79.24,0.49,195.99,0.02,0.02,2326.317429,1776225052000
1776225054.028,54.028,0.56,85.5,0.55,30.5,0.57,33.19,0.58,20.0,0.46,5.0,0.43,20.0,0.48,79.24,0.49,195.99,0.01,0.02,2326.317429,1776225052000
1776225055.222,55.222,0.56,75.0,0.55,30.5,0.57,33.18,0.58,20.5,0.43,33.18,0.42,20.5,0.44,75.0,0.45,30.5,0.01,0.01,2326.27948,1776225054000
1776225056.259,56.259,0.56,53.63,0.55,40.5,0.57,28.18,0.58,20.5,0.43,33.18,0.42,20.5,0.44,75.0,0.45,30.5,0.01,0.01,2326.27948,1776225054000
1776225056.811,56.811,0.56,53.63,0.55,40.5,0.57,28.18,0.58,20.5,0.43,28.18,0.42,20.5,0.44,53.63,0.45,40.5,0.01,0.01,2326.275335,1776225055000
1776225057.37,57.37,0.56,53.63,0.55,40.5,0.57,28.18,0.58,20.5,0.43,28.18,0.42,20.5,0.44,53.63,0.45,40.5,0.01,0.01,2326.288135,1776225056000
1776225057.903,57.903,0.56,53.63,0.55,40.5,0.57,28.18,0.58,20.5,0.43,28.18,0.42,20.5,0.44,53.63,0.45,40.5,0.01,0.01,2326.29039,1776225057000
1776225058.454,58.454,0.56,64.13,0.55,40.5,0.57,3.24,0.58,20.5,0.43,28.18,0.42,20.5,0.44,53.63,0.45,40.5,0.01,0.01,2326.29039,1776225057000
1776225058.91,58.91,0.56,64.13,0.55,40.5,0.57,3.24,0.58,20.5,0.43,3.24,0.42,20.5,0.44,64.13,0.45,40.5,0.01,0.01,2326.29384,1776225058000
1776225059.962,59.962,0.56,64.13,0.55,40.5,0.57,3.24,0.58,20.5,0.43,3.24,0.42,20.5,0.44,64.13,0.45,40.5,0.01,0.01,2326.294615,1776225059000
1776225060.416,60.416,0.56,53.63,0.55,40.5,0.57,1.48,0.58,20.5,0.43,3.24,0.42,20.5,0.44,64.13,0.45,40.5,0.01,0.01,2326.294615,1776225059000
1776225060.933,60.933,0.56,69.13,0.55,45.5,0.58,3.01,0.59,25.0,0.43,1.48,0.42,20.5,0.44,53.63,0.45,40.5,0.02,0.01,2326.294615,1776225059000
1776225061.346,61.346,0.57,75.5,0.56,54.13,0.58,0.01,0.59,25.0,0.42,3.01,0.41,25.0,0.44,69.13,0.45,45.5,0.01,0.02,2326.29493,1776225060000
1776225061.971,61.971,0.57,75.5,0.56,54.13,0.58,0.01,0.59,25.0,0.42,0.01,0.41,25.0,0.43,75.5,0.44,54.13,0.01,0.01,2326.29493,1776225061000
1776225062.562,62.562,0.58,20.0,0.57,70.5,0.59,53.14,0.6,34.5,0.42,0.01,0.41,25.0,0.43,75.5,0.44,54.13,0.01,0.01,2326.29493,1776225061000
1776225062.958,62.958,0.58,20.0,0.57,70.5,0.59,53.14,0.6,34.5,0.41,53.14,0.4,34.5,0.42,20.0,0.43,70.5,0.01,0.01,2326.3456,1776225062000
1776225063.549,63.549,0.56,5.0,0.55,30.0,0.57,70.5,0.58,62.5,0.41,53.14,0.4,34.5,0.42,20.0,0.43,70.5,0.01,0.01,2326.3456,1776225062000
1776225063.964,63.964,0.56,5.0,0.55,30.0,0.57,70.5,0.58,62.5,0.43,70.5,0.42,62.5,0.44,5.0,0.45,30.0,0.01,0.01,2326.345835,1776225063000
1776225065.039,65.039,0.56,5.0,0.55,30.0,0.57,70.5,0.58,62.5,0.43,70.5,0.42,62.5,0.44,5.0,0.45,30.0,0.01,0.01,2326.33162,1776225064000
1776225065.865,65.865,0.56,58.22,0.55,30.5,0.58,5.0,0.59,28.64,0.43,20.0,0.42,35.5,0.44,22.72,0.45,30.5,0.02,0.01,2326.33162,1776225064000
1776225066.611,66.611,0.58,15.0,0.57,20.0,0.59,66.21,0.6,34.5,0.42,5.0,0.41,28.64,0.44,58.22,0.45,30.5,0.01,0.02,2326.301045,1776225065000
1776225066.958,66.958,0.58,15.0,0.57,20.0,0.59,66.21,0.6,34.5,0.41,66.21,0.4,34.5,0.42,15.0,0.43,20.0,0.01,0.01,2326.417683,1776225066000
1776225067.194,67.194,0.58,18.09,0.57,30.5,0.59,61.21,0.6,34.5,0.41,66.21,0.4,34.5,0.42,15.0,0.43,20.0,0.01,0.01,2326.417683,1776225066000
1776225067.582,67.582,0.58,13.09,0.57,30.5,0.59,64.51,0.6,34.5,0.41,61.21,0.4,34.5,0.42,18.09,0.43,30.5,0.01,0.01,2326.417683,1776225066000
1776225068.044,68.044,0.58,23.09,0.57,30.5,0.59,43.81,0.6,34.5,0.41,64.51,0.4,34.5,0.42,13.09,0.43,30.5,0.01,0.01,2326.417683,1776225066000
1776225069.134,69.134,0.58,23.09,0.57,30.5,0.59,43.81,0.6,34.5,0.41,43.81,0.4,34.5,0.42,23.09,0.43,30.5,0.01,0.01,2326.32896,1776225068000
1776225070.145,70.145,0.58,23.09,0.57,30.5,0.59,43.81,0.6,34.5,0.41,43.81,0.4,34.5,0.42,23.09,0.43,30.5,0.01,0.01,2326.338495,1776225069000
1776225071.754,71.754,0.58,23.09,0.57,30.5,0.59,43.81,0.6,34.5,0.41,43.81,0.4,34.5,0.42,23.09,0.43,30.5,0.01,0.01,2326.33232,1776225070000
1776225072.385,72.385,0.58,23.09,0.57,30.5,0.59,43.81,0.6,34.5,0.41,43.81,0.4,34.5,0.42,23.09,0.43,30.5,0.01,0.01,2326.34232,1776225071000
1776225073.138,73.138,0.58,23.09,0.57,30.5,0.59,43.81,0.6,34.5,0.41,43.81,0.4,34.5,0.42,23.09,0.43,30.5,0.01,0.01,2326.339195,1776225072000
1776225074.588,74.588,0.58,23.09,0.57,30.5,0.59,43.81,0.6,34.5,0.41,43.81,0.4,34.5,0.42,23.09,0.43,30.5,0.01,0.01,2326.340443,1776225073000
1776225075.318,75.318,0.58,23.09,0.57,30.5,0.59,43.81,0.6,34.5,0.41,43.81,0.4,34.5,0.42,23.09,0.43,30.5,0.01,0.01,2326.333085,1776225074000
1776225076.076,76.076,0.58,23.09,0.57,30.5,0.59,43.81,0.6,34.5,0.41,43.81,0.4,34.5,0.42,23.09,0.43,30.5,0.01,0.01,2326.332985,1776225075000
1776225077.43,77.43,0.58,23.09,0.57,30.5,0.59,43.81,0.6,34.5,0.41,43.81,0.4,34.5,0.42,23.09,0.43,30.5,0.01,0.01,2326.332425,1776225076000
1776225078.125,78.125,0.58,23.09,0.57,30.5,0.59,43.81,0.6,34.5,0.41,43.81,0.4,34.5,0.42,23.09,0.43,30.5,0.01,0.01,2326.33235,1776225077000
1776225078.593,78.593,0.48,15.0,0.47,120.0,0.49,21.0,0.5,35.5,0.47,20.5,0.46,36.5,0.48,13.1,0.52,5.0,0.01,0.01,2326.33235,1776225077000
1776225078.839,78.839,0.48,26.06,0.47,135.5,0.49,40.18,0.5,35.5,0.51,21.0,0.5,35.5,0.52,15.0,0.53,120.0,0.01,0.01,2326.33235,1776225077000
1776225079.056,79.056,0.48,50.56,0.47,135.5,0.49,35.18,0.5,35.5,0.51,40.18,0.5,35.5,0.52,26.06,0.53,135.5,0.01,0.01,2326.33235,1776225077000
1776225079.618,79.618,0.48,50.56,0.47,135.5,0.49,35.18,0.5,35.5,0.51,35.18,0.5,35.5,0.52,50.56,0.53,135.5,0.01,0.01,2326.380156,1776225078000
1776225080.445,80.445,0.48,50.56,0.47,135.5,0.49,35.18,0.5,35.5,0.51,35.18,0.5,35.5,0.52,50.56,0.53,135.5,0.01,0.01,2326.260728,1776225079000
1776225080.835,80.835,0.48,264.5,0.47,172.5,0.5,10.0,0.62,16.0,0.51,30.18,0.5,35.5,0.52,40.5,0.53,140.5,0.02,0.01,2326.260728,1776225079000
1776225081.131,81.131,0.61,25.0,0.6,20.0,0.62,5.5,0.63,15.0,0.39,10.4,0.38,5.0,0.4,20.0,0.41,20.5,0.01,0.01,2326.260728,1776225079000
1776225081.892,81.892,0.61,20.0,0.6,25.0,0.62,5.25,0.63,24.0,0.38,5.5,0.37,15.0,0.39,25.0,0.4,20.0,0.01,0.01,2326.107035,1776225080000
1776225082.632,82.632,0.61,20.0,0.6,25.0,0.62,5.25,0.63,24.0,0.38,5.25,0.37,24.0,0.39,20.0,0.4,25.0,0.01,0.01,2326.021932,1776225081000
1776225083.304,83.304,0.61,20.0,0.6,25.0,0.62,5.25,0.63,24.0,0.38,5.25,0.37,24.0,0.39,20.0,0.4,25.0,0.01,0.01,2326.358701,1776225082000
1776225083.996,83.996,0.61,20.0,0.6,25.0,0.62,5.25,0.63,24.0,0.38,5.25,0.37,24.0,0.39,20.0,0.4,25.0,0.01,0.01,2326.39,1776225083000
1776225085.435,85.435,0.61,20.0,0.6,25.0,0.62,5.25,0.63,24.0,0.38,5.25,0.37,24.0,0.39,20.0,0.4,25.0,0.01,0.01,2326.38609,1776225084000
1776225085.664,85.664,0.61,7.0,0.6,25.0,0.62,52.5,0.63,29.0,0.38,5.25,0.37,24.0,0.39,20.0,0.4,25.0,0.01,0.01,2326.38609,1776225084000
1776225086.196,86.196,0.61,7.0,0.6,25.0,0.62,52.5,0.63,29.0,0.38,52.5,0.37,29.0,0.39,7.0,0.4,25.0,0.01,0.01,2326.38609,1776225085000
1776225087.577,87.577,0.61,7.0,0.6,25.0,0.62,52.5,0.63,29.0,0.38,52.5,0.37,29.0,0.39,7.0,0.4,25.0,0.01,0.01,2326.3724,1776225086000
1776225088.438,88.438,0.66,25.0,0.65,30.5,0.67,0.75,0.68,51.0,0.38,52.5,0.37,29.0,0.39,7.0,0.4,25.0,0.01,0.01,2326.3724,1776225086000
1776225088.664,88.664,0.67,26.0,0.66,31.0,0.69,30.89,0.7,47.1,0.31,30.89,0.3,47.1,0.33,26.0,0.34,31.0,0.02,0.02,2326.379465,1776225087000
1776225088.947,88.947,0.67,76.0,0.66,31.0,0.68,33.67,0.69,20.0,0.31,30.89,0.3,47.1,0.33,26.0,0.34,31.0,0.01,0.02,2326.379465,1776225087000
1776225089.194,89.194,0.67,76.0,0.66,31.0,0.68,33.67,0.69,20.0,0.32,33.67,0.31,20.0,0.33,76.0,0.34,31.0,0.01,0.01,2326.428895,1776225088000
1776225090.167,90.167,0.67,40.9,0.66,31.0,0.68,49.67,0.69,115.01,0.32,33.67,0.31,105.01,0.33,61.9,0.34,31.0,0.01,0.01,2326.428895,1776225088000
1776225090.56,90.56,0.61,5.0,0.6,10.0,0.63,66.5,0.64,30.5,0.32,49.67,0.31,115.01,0.33,40.9,0.34,31.0,0.02,0.01,2326.507835,1776225089000
1776225091.162,91.162,0.65,3.0,0.64,10.0,0.67,11.0,0.69,85.01,0.37,66.5,0.36,30.5,0.39,5.0,0.4,10.0,0.02,0.02,2326.507835,1776225089000
1776225092.323,92.323,0.66,20.0,0.65,3.0,0.68,5.63,0.69,95.01,0.32,5.63,0.31,95.01,0.34,20.0,0.35,3.0,0.02,0.02,2326.62465,1776225091000
1776225093.318,93.318,0.67,15.0,0.66,20.0,0.69,115.51,0.7,42.1,0.31,115.51,0.3,42.1,0.33,15.0,0.34,20.0,0.02,0.02,2326.602066,1776225092000
1776225093.529,93.529,0.66,10.0,0.65,5.0,0.68,63.5,0.69,131.51,0.31,115.51,0.3,42.1,0.33,15.0,0.34,20.0,0.02,0.02,2326.602066,1776225092000
1776225093.916,93.916,0.66,5.0,0.65,5.0,0.68,63.5,0.69,131.51,0.32,63.5,0.31,131.51,0.34,5.0,0.35,5.0,0.02,0.02,2326.60776,1776225093000
1776225094.903,94.903,0.66,5.0,0.65,5.0,0.68,63.5,0.69,131.51,0.32,63.5,0.31,131.51,0.34,5.0,0.35,5.0,0.02,0.02,2326.694971,1776225094000
1776225095.962,95.962,0.66,5.0,0.65,5.0,0.68,63.5,0.69,131.51,0.32,63.5,0.31,131.51,0.34,5.0,0.35,5.0,0.02,0.02,2326.626328,1776225095000
1776225097.027,97.027,0.66,5.0,0.65,5.0,0.68,63.5,0.69,131.51,0.32,63.5,0.31,131.51,0.34,5.0,0.35,5.0,0.02,0.02,2326.596455,1776225096000
1776225098.053,98.053,0.66,5.0,0.65,5.0,0.68,63.5,0.69,131.51,0.32,63.5,0.31,131.51,0.34,5.0,0.35,5.0,0.02,0.02,2326.59142,1776225097000
1776225099.173,99.173,0.66,5.0,0.65,5.0,0.68,63.5,0.69,131.51,0.32,63.5,0.31,131.51,0.34,5.0,0.35,5.0,0.02,0.02,2326.59082,1776225098000
1776225099.772,99.772,0.66,75.0,0.65,15.0,0.67,27.42,0.68,45.5,0.32,63.5,0.31,131.51,0.34,5.0,0.35,5.0,0.01,0.02,2326.59082,1776225098000
1776225100.108,100.108,0.66,75.0,0.65,15.0,0.67,27.42,0.68,45.5,0.33,27.42,0.32,45.5,0.34,75.0,0.35,15.0,0.01,0.01,2326.659029,1776225099000
1776225101.078,101.078,0.66,75.0,0.65,15.0,0.67,27.42,0.68,45.5,0.33,27.42,0.32,45.5,0.34,75.0,0.35,15.0,0.01,0.01,2326.752938,1776225100000
1776225101.331,101.331,0.66,90.0,0.65,15.0,0.67,39.95,0.68,45.5,0.33,27.42,0.32,45.5,0.34,75.0,0.35,15.0,0.01,0.01,2326.752938,1776225100000
1776225102.48,102.48,0.66,90.0,0.65,15.0,0.67,39.95,0.68,45.5,0.33,39.95,0.32,45.5,0.34,90.0,0.35,15.0,0.01,0.01,2326.5886,1776225101000
1776225103.089,103.089,0.66,90.0,0.65,15.0,0.67,39.95,0.68,45.5,0.33,39.95,0.32,45.5,0.34,90.0,0.35,15.0,0.01,0.01,2326.583985,1776225102000
1776225104.383,104.383,0.66,90.0,0.65,15.0,0.67,39.95,0.68,45.5,0.33,39.95,0.32,45.5,0.34,90.0,0.35,15.0,0.01,0.01,2326.739724,1776225103000
1776225105.026,105.026,0.66,81.47,0.65,25.5,0.67,8.49,0.68,30.5,0.33,18.49,0.32,30.5,0.34,90.0,0.35,25.5,0.01,0.01,2326.739724,1776225103000
1776225106.369,106.369,0.66,81.47,0.65,25.5,0.67,8.49,0.68,30.5,0.33,8.49,0.32,30.5,0.34,81.47,0.35,25.5,0.01,0.01,2326.676383,1776225105000
1776225107.009,107.009,0.66,81.47,0.65,25.5,0.67,8.49,0.68,30.5,0.33,8.49,0.32,30.5,0.34,81.47,0.35,25.5,0.01,0.01,2326.785532,1776225106000
1776225108.223,108.223,0.66,81.47,0.65,25.5,0.67,8.49,0.68,30.5,0.33,8.49,0.32,30.5,0.34,81.47,0.35,25.5,0.01,0.01,2326.742032,1776225107000
1776225109.752,109.752,0.66,81.47,0.65,25.5,0.67,8.49,0.68,30.5,0.33,8.49,0.32,30.5,0.34,81.47,0.35,25.5,0.01,0.01,2326.57805,1776225108000
1776225110.225,110.225,0.66,81.47,0.65,25.5,0.67,8.49,0.68,30.5,0.33,8.49,0.32,30.5,0.34,81.47,0.35,25.5,0.01,0.01,2326.62,1776225109000
1776225111.001,111.001,0.69,13.33,0.68,55.0,0.7,45.0,0.71,108.0,0.33,8.49,0.32,30.5,0.34,81.47,0.35,25.5,0.01,0.01,2326.62,1776225109000
1776225111.571,111.571,0.69,13.33,0.68,55.0,0.7,45.0,0.71,108.0,0.3,45.0,0.29,108.0,0.31,13.33,0.32,55.0,0.01,0.01,2326.643462,1776225110000
1776225111.885,111.885,0.69,18.33,0.68,50.0,0.7,42.68,0.71,108.0,0.3,45.0,0.29,108.0,0.31,13.33,0.32,55.0,0.01,0.01,2326.643462,1776225110000
1776225112.183,112.183,0.69,18.33,0.68,50.0,0.7,42.68,0.71,108.0,0.3,42.68,0.29,108.0,0.31,18.33,0.32,50.0,0.01,0.01,2326.789742,1776225111000
1776225113.545,113.545,0.69,8.33,0.68,50.0,0.7,37.68,0.71,108.0,0.3,37.68,0.29,108.0,0.31,8.33,0.32,50.0,0.01,0.01,2326.778947,1776225112000
1776225114.173,114.173,0.64,85.5,0.63,15.0,0.66,27.0,0.67,33.0,0.32,10.0,0.31,62.5,0.36,5.0,0.37,26.0,0.02,0.04,2326.778947,1776225112000
1776225115.443,115.443,0.64,85.5,0.63,15.0,0.66,27.0,0.67,33.0,0.34,27.0,0.33,33.0,0.36,85.5,0.37,15.0,0.02,0.02,2326.633145,1776225114000
1776225115.654,115.654,0.65,50.0,0.64,30.5,0.66,5.37,0.67,33.0,0.34,27.0,0.33,33.0,0.36,85.5,0.37,15.0,0.01,0.02,2326.633145,1776225114000
1776225115.941,115.941,0.66,5.0,0.65,35.0,0.67,29.5,0.68,57.0,0.34,5.37,0.33,33.0,0.35,50.0,0.36,30.5,0.01,0.01,2326.633145,1776225114000
1776225116.209,116.209,0.66,5.0,0.65,35.0,0.67,29.5,0.68,57.0,0.33,29.5,0.32,57.0,0.34,5.0,0.35,35.0,0.01,0.01,2326.62886,1776225115000
1776225117.409,117.409,0.66,5.0,0.65,35.0,0.67,29.5,0.68,57.0,0.33,29.5,0.32,57.0,0.34,5.0,0.35,35.0,0.01,0.01,2326.513785,1776225116000
1776225117.693,117.693,0.66,50.0,0.65,35.5,0.67,22.03,0.68,40.5,0.33,29.5,0.32,57.0,0.34,5.0,0.35,35.0,0.01,0.01,2326.513785,1776225116000
1776225118.183,118.183,0.66,50.0,0.65,35.5,0.67,22.03,0.68,40.5,0.33,22.03,0.32,40.5,0.34,50.0,0.35,35.5,0.01,0.01,2326.513785,1776225117000
1776225119.429,119.429,0.66,50.0,0.65,35.5,0.67,22.03,0.68,40.5,0.33,22.03,0.32,40.5,0.34,50.0,0.35,35.5,0.01,0.01,2326.5156,1776225118000
1776225120.184,120.184,0.66,50.0,0.65,35.5,0.67,22.03,0.68,40.5,0.33,22.03,0.32,40.5,0.34,50.0,0.35,35.5,0.01,0.01,2326.51591,1776225119000
1776225120.517,120.517,0.6,75.5,0.59,5.0,0.61,15.16,0.62,22.0,0.39,25.0,0.38,22.0,0.4,65.5,0.41,5.0,0.01,0.01,2326.51591,1776225119000
1776225121.493,121.493,0.6,75.5,0.59,5.0,0.61,15.16,0.62,22.0,0.39,15.16,0.38,22.0,0.4,75.5,0.41,5.0,0.01,0.01,2326.50647,1776225120000
1776225122.232,122.232,0.6,75.5,0.59,5.0,0.61,15.16,0.62,22.0,0.39,15.16,0.38,22.0,0.4,75.5,0.41,5.0,0.01,0.01,2326.50647,1776225121000
1776225123.465,123.465,0.54,22.58,0.53,25.0,0.61,0.16,0.62,12.0,0.39,0.16,0.38,12.0,0.46,22.58,0.47,25.0,0.07,0.07,2326.41153,1776225122000
1776225124.071,124.071,0.54,22.58,0.53,25.0,0.61,0.16,0.62,12.0,0.39,0.16,0.38,12.0,0.46,22.58,0.47,25.0,0.07,0.07,2326.409155,1776225123000
1776225125.458,125.458,0.6,50.5,0.59,99.05,0.62,18.32,0.63,15.0,0.39,32.58,0.38,27.0,0.4,45.5,0.41,25.0,0.02,0.01,2326.409155,1776225123000
1776225126.23,126.23,0.6,50.5,0.59,99.05,0.62,18.32,0.63,15.0,0.38,18.32,0.37,15.0,0.4,50.5,0.41,99.05,0.02,0.02,2326.403185,1776225125000
1776225127.143,127.143,0.64,75.5,0.63,21.0,0.66,0.92,0.68,20.0,0.38,18.32,0.37,15.0,0.4,50.5,0.41,99.05,0.02,0.02,2326.403185,1776225125000
1776225127.632,127.632,0.64,75.5,0.63,21.0,0.68,20.0,0.69,40.0,0.32,20.0,0.31,40.0,0.36,75.5,0.37,21.0,0.04,0.04,2326.426271,1776225126000
1776225128.256,128.256,0.64,75.5,0.63,21.0,0.68,20.0,0.69,40.0,0.32,20.0,0.31,40.0,0.36,75.5,0.37,21.0,0.04,0.04,2326.42371,1776225127000
1776225129.336,129.336,0.67,100.5,0.66,25.5,0.71,30.0,0.72,5.0,0.32,20.0,0.31,40.0,0.36,75.5,0.37,21.0,0.04,0.04,2326.42371,1776225127000
1776225130.173,130.173,0.7,90.0,0.69,25.5,0.71,29.76,0.72,15.5,0.29,29.76,0.28,15.5,0.3,90.0,0.31,25.5,0.01,0.01,2326.485425,1776225129000
1776225130.469,130.469,0.7,65.42,0.69,25.5,0.71,29.76,0.73,25.0,0.29,29.76,0.28,15.5,0.3,90.0,0.31,25.5,0.01,0.01,2326.485425,1776225129000
1776225130.946,130.946,0.72,95.5,0.71,30.5,0.73,21.98,0.74,10.0,0.27,21.98,0.25,15.0,0.3,52.08,0.31,25.5,0.01,0.03,2326.485425,1776225129000
1776225131.323,131.323,0.72,95.5,0.71,30.5,0.73,21.98,0.74,10.0,0.27,21.98,0.26,10.0,0.28,95.5,0.29,30.5,0.01,0.01,2326.61443,1776225130000
1776225131.852,131.852,0.72,95.5,0.71,30.5,0.73,6.98,0.74,10.0,0.27,6.98,0.26,10.0,0.28,95.5,0.29,30.5,0.01,0.01,2326.63933,1776225131000
1776225133.276,133.276,0.72,95.5,0.71,30.5,0.73,6.98,0.74,10.0,0.27,6.98,0.26,10.0,0.28,95.5,0.29,30.5,0.01,0.01,2326.802905,1776225132000
1776225134.327,134.327,0.72,90.5,0.71,30.5,0.74,9.32,0.75,25.5,0.26,9.32,0.25,25.5,0.28,90.5,0.29,30.5,0.02,0.02,2326.829445,1776225133000
1776225134.923,134.923,0.72,90.5,0.71,30.5,0.74,9.32,0.75,25.5,0.26,9.32,0.25,25.5,0.28,90.5,0.29,30.5,0.02,0.02,2326.83201,1776225134000
1776225135.441,135.441,0.73,80.0,0.72,60.5,0.74,5.0,0.75,15.5,0.26,9.32,0.25,25.5,0.28,90.5,0.29,30.5,0.01,0.02,2326.83201,1776225134000
1776225136.633,136.633,0.73,80.0,0.72,60.5,0.74,5.0,0.75,15.5,0.26,5.0,0.25,15.5,0.27,80.0,0.28,60.5,0.01,0.01,2326.83584,1776225135000
1776225137.218,137.218,0.73,80.0,0.72,60.5,0.74,3.64,0.75,15.5,0.26,3.64,0.25,15.5,0.27,80.0,0.28,60.5,0.01,0.01,2326.836275,1776225136000
1776225138.34,138.34,0.73,80.0,0.72,60.5,0.74,3.64,0.75,15.5,0.26,3.64,0.25,15.5,0.27,80.0,0.28,60.5,0.01,0.01,2326.869062,1776225137000
1776225138.914,138.914,0.73,80.0,0.72,60.5,0.74,3.64,0.75,15.5,0.26,3.64,0.25,15.5,0.27,80.0,0.28,60.5,0.01,0.01,2326.869062,1776225138000
1776225140.065,140.065,0.73,80.0,0.72,60.5,0.74,3.64,0.75,15.5,0.26,3.64,0.25,15.5,0.27,80.0,0.28,60.5,0.01,0.01,2326.8171,1776225139000
1776225141.122,141.122,0.73,80.0,0.72,60.5,0.74,3.64,0.75,15.5,0.26,3.64,0.25,15.5,0.27,80.0,0.28,60.5,0.01,0.01,2326.824305,1776225140000
1776225142.311,142.311,0.73,80.0,0.72,60.5,0.74,3.64,0.75,15.5,0.26,3.64,0.25,15.5,0.27,80.0,0.28,60.5,0.01,0.01,2326.82371,1776225141000
1776225143.439,143.439,0.73,80.0,0.72,60.5,0.74,3.64,0.75,15.5,0.26,3.64,0.25,15.5,0.27,80.0,0.28,60.5,0.01,0.01,2326.828096,1776225142000
1776225143.79,143.79,0.74,95.5,0.73,60.5,0.75,5.2,0.76,105.0,0.26,3.64,0.25,15.5,0.27,80.0,0.28,60.5,0.01,0.01,2326.828096,1776225142000
1776225144.627,144.627,0.75,125.5,0.74,65.5,0.76,53.68,0.77,10.0,0.25,5.2,0.24,105.0,0.26,95.5,0.27,60.5,0.01,0.01,2326.829175,1776225143000
1776225144.846,144.846,0.78,10.0,0.77,20.5,0.8,37.91,0.81,112.4,0.2,43.41,0.19,112.4,0.25,131.5,0.26,71.5,0.02,0.05,2326.829175,1776225143000
1776225145.067,145.067,0.78,10.0,0.77,20.5,0.8,37.91,0.81,112.4,0.2,37.91,0.19,112.4,0.22,10.0,0.23,20.5,0.02,0.02,2326.990226,1776225144000
1776225146.171,146.171,0.78,33.0,0.77,30.5,0.79,35.0,0.8,19.96,0.21,35.0,0.2,19.96,0.22,33.0,0.23,30.5,0.01,0.01,2326.920384,1776225145000
1776225147.293,147.293,0.78,33.0,0.77,30.5,0.79,35.0,0.8,19.96,0.21,35.0,0.2,19.96,0.22,33.0,0.23,30.5,0.01,0.01,2326.99758,1776225146000
1776225147.91,147.91,0.78,28.0,0.77,10.0,0.79,37.25,0.8,24.96,0.21,35.0,0.2,19.96,0.22,33.0,0.23,30.5,0.01,0.01,2326.99758,1776225146000
1776225148.299,148.299,0.78,28.0,0.77,10.0,0.79,34.56,0.8,24.96,0.21,34.56,0.2,24.96,0.22,28.0,0.23,10.0,0.01,0.01,2327.053644,1776225147000
1776225149.358,149.358,0.78,28.0,0.77,10.0,0.79,34.56,0.8,24.96,0.21,34.56,0.2,24.96,0.22,28.0,0.23,10.0,0.01,0.01,2327.004335,1776225148000
1776225149.885,149.885,0.78,28.0,0.77,10.0,0.79,34.56,0.8,24.96,0.21,34.56,0.2,24.96,0.22,28.0,0.23,10.0,0.01,0.01,2326.99993,1776225149000
1776225151.017,151.017,0.78,28.0,0.77,10.0,0.79,34.56,0.8,24.96,0.21,34.56,0.2,24.96,0.22,28.0,0.23,10.0,0.01,0.01,2326.99971,1776225150000
1776225152.078,152.078,0.78,28.0,0.77,10.0,0.79,34.56,0.8,24.96,0.21,34.56,0.2,24.96,0.22,28.0,0.23,10.0,0.01,0.01,2327.000225,1776225151000
1776225153.111,153.111,0.78,28.0,0.77,10.0,0.79,34.56,0.8,24.96,0.21,34.56,0.2,24.96,0.22,28.0,0.23,10.0,0.01,0.01,2326.996025,1776225152000
1776225153.618,153.618,0.79,70.0,0.78,28.5,0.8,13.21,0.81,127.21,0.21,34.56,0.2,24.96,0.22,28.0,0.23,10.0,0.01,0.01,2326.996025,1776225152000
1776225153.886,153.886,0.79,70.0,0.78,28.5,0.8,6.91,0.81,127.21,0.2,13.21,0.19,127.21,0.21,70.0,0.22,28.5,0.01,0.01,2326.996025,1776225152000
1776225154.343,154.343,0.79,70.0,0.78,28.5,0.8,1.91,0.81,127.21,0.2,6.91,0.19,127.21,0.21,70.0,0.22,28.5,0.01,0.01,2326.996025,1776225152000
1776225154.588,154.588,0.79,70.0,0.78,28.5,0.8,1.91,0.81,127.21,0.2,1.91,0.19,127.21,0.21,70.0,0.22,28.5,0.01,0.01,2327.089908,1776225153000
1776225155.013,155.013,0.8,80.0,0.79,55.0,0.81,120.97,0.82,85.4,0.19,117.21,0.18,85.4,0.21,85.0,0.22,28.5,0.01,0.02,2327.089908,1776225153000
1776225156.28,156.28,0.8,80.0,0.79,55.0,0.81,106.73,0.82,85.4,0.19,106.73,0.18,85.4,0.2,80.0,0.21,55.0,0.01,0.01,2327.081965,1776225155000
1776225156.952,156.952,0.8,80.0,0.79,55.0,0.81,106.73,0.82,85.4,0.19,106.73,0.18,85.4,0.2,80.0,0.21,55.0,0.01,0.01,2327.01311,1776225156000
1776225158.373,158.373,0.8,80.0,0.79,55.0,0.81,106.73,0.82,85.4,0.19,106.73,0.18,85.4,0.2,80.0,0.21,55.0,0.01,0.01,2327.003535,1776225157000
1776225158.859,158.859,0.8,80.0,0.79,55.0,0.81,106.73,0.82,85.4,0.19,106.73,0.18,85.4,0.2,80.0,0.21,55.0,0.01,0.01,2327.003135,1776225158000
1776225159.542,159.542,0.73,15.31,0.71,5.0,0.74,88.0,0.75,73.0,0.19,106.73,0.18,85.4,0.2,80.0,0.21,55.0,0.01,0.01,2327.003135,1776225158000
1776225159.995,159.995,0.73,16.6,0.72,32.16,0.74,78.0,0.75,68.0,0.26,88.0,0.25,73.0,0.27,15.31,0.29,5.0,0.01,0.01,2327.003135,1776225158000
1776225161.3,161.3,0.73,16.6,0.72,32.16,0.74,78.0,0.75,68.0,0.26,78.0,0.25,68.0,0.27,16.6,0.28,32.16,0.01,0.01,2326.854898,1776225160000
1776225162.374,162.374,0.73,6.6,0.72,32.16,0.74,45.64,0.75,32.0,0.26,78.0,0.25,68.0,0.27,16.6,0.28,32.16,0.01,0.01,2326.854898,1776225160000
1776225163.085,163.085,0.73,6.6,0.72,32.16,0.74,45.64,0.75,32.0,0.26,45.64,0.25,32.0,0.27,6.6,0.28,32.16,0.01,0.01,2326.872879,1776225162000
1776225164.203,164.203,0.73,6.6,0.72,32.16,0.74,45.64,0.75,32.0,0.26,45.64,0.25,32.0,0.27,6.6,0.28,32.16,0.01,0.01,2326.727905,1776225163000
1776225165.343,165.343,0.73,6.6,0.72,32.16,0.74,45.64,0.75,32.0,0.26,45.64,0.25,32.0,0.27,6.6,0.28,32.16,0.01,0.01,2326.757845,1776225164000
1776225165.564,165.564,0.73,6.6,0.72,20.76,0.74,44.28,0.75,42.5,0.26,45.64,0.25,32.0,0.27,6.6,0.28,32.16,0.01,0.01,2326.757845,1776225164000
1776225166.48,166.48,0.73,6.6,0.72,20.76,0.74,78.92,0.75,42.5,0.26,44.28,0.25,42.5,0.27,6.6,0.28,20.76,0.01,0.01,2326.757845,1776225164000
1776225167.396,167.396,0.73,6.6,0.72,20.76,0.74,78.92,0.75,42.5,0.26,78.92,0.25,42.5,0.27,6.6,0.28,20.76,0.01,0.01,2326.762305,1776225166000
1776225167.626,167.626,0.73,5.0,0.71,15.5,0.74,89.42,0.75,42.5,0.26,78.92,0.25,42.5,0.27,6.6,0.28,20.76,0.01,0.01,2326.762305,1776225166000
1776225167.987,167.987,0.73,5.0,0.71,15.5,0.74,89.42,0.75,42.5,0.26,89.42,0.25,42.5,0.27,5.0,0.29,15.5,0.01,0.01,2326.762275,1776225167000
1776225168.87,168.87,0.71,45.5,0.7,21.0,0.72,20.13,0.73,20.0,0.26,89.42,0.25,42.5,0.27,5.0,0.29,15.5,0.01,0.01,2326.762275,1776225167000
1776225169.926,169.926,0.71,65.5,0.7,66.3,0.73,5.0,0.74,53.92,0.28,20.13,0.27,20.0,0.29,45.5,0.3,21.0,0.02,0.01,2326.764095,1776225168000
1776225170.256,170.256,0.71,65.5,0.7,66.3,0.73,5.0,0.74,53.92,0.27,5.0,0.26,53.92,0.29,65.5,0.3,66.3,0.02,0.02,2326.717035,1776225169000
1776225171.275,171.275,0.72,15.0,0.71,30.5,0.73,8.63,0.74,38.42,0.27,5.0,0.26,53.92,0.29,65.5,0.3,66.3,0.01,0.02,2326.717035,1776225169000
1776225171.961,171.961,0.72,15.0,0.71,30.5,0.73,8.63,0.74,38.42,0.27,8.63,0.26,38.42,0.28,15.0,0.29,30.5,0.01,0.01,2326.70762,1776225171000
1776225172.672,172.672,0.68,16.21,0.67,11.0,0.71,37.5,0.72,25.5,0.27,8.63,0.26,38.42,0.28,15.0,0.29,30.5,0.03,0.01,2326.70762,1776225171000
1776225173.005,173.005,0.68,16.21,0.67,11.0,0.71,37.5,0.72,25.5,0.29,37.5,0.28,25.5,0.32,16.21,0.33,11.0,0.03,0.03,2326.72419,1776225172000
1776225174.168,174.168,0.68,16.21,0.67,11.0,0.71,37.5,0.72,25.5,0.29,37.5,0.28,25.5,0.32,16.21,0.33,11.0,0.03,0.03,2326.71829,1776225173000
1776225174.433,174.433,0.68,59.89,0.67,21.0,0.7,11.75,0.71,22.0,0.31,7.0,0.3,12.0,0.32,59.89,0.33,21.0,0.02,0.01,2326.71829,1776225173000
1776225175.195,175.195,0.68,59.89,0.67,21.0,0.7,11.75,0.71,22.0,0.3,11.75,0.29,22.0,0.32,59.89,0.33,21.0,0.02,0.02,2326.661263,1776225174000
1776225176.246,176.246,0.68,59.89,0.67,21.0,0.7,11.75,0.71,22.0,0.3,11.75,0.29,22.0,0.32,59.89,0.33,21.0,0.02,0.02,2326.67008,1776225175000
1776225176.473,176.473,0.69,57.9,0.68,40.89,0.7,6.75,0.71,17.0,0.3,11.75,0.29,22.0,0.32,59.89,0.33,21.0,0.01,0.02,2326.67008,1776225175000
1776225177.342,177.342,0.69,57.9,0.68,40.89,0.7,6.75,0.71,17.0,0.3,6.75,0.29,17.0,0.31,57.9,0.32,40.89,0.01,0.01,2326.69157,1776225176000
1776225178.382,178.382,0.69,57.9,0.68,40.89,0.7,6.75,0.71,17.0,0.3,6.75,0.29,17.0,0.31,57.9,0.32,40.89,0.01,0.01,2326.823969,1776225177000
1776225178.879,178.879,0.69,37.9,0.68,36.5,0.7,4.64,0.71,17.0,0.3,4.64,0.29,17.0,0.31,37.9,0.32,36.5,0.01,0.01,2326.696815,1776225178000
1776225179.983,179.983,0.69,37.9,0.68,36.5,0.7,4.64,0.71,17.0,0.3,4.64,0.29,17.0,0.31,37.9,0.32,36.5,0.01,0.01,2326.786073,1776225179000
1776225181.552,181.552,0.69,37.9,0.68,36.5,0.7,4.64,0.71,17.0,0.3,4.64,0.29,17.0,0.31,37.9,0.32,36.5,0.01,0.01,2326.790658,1776225180000
1776225182.181,182.181,0.69,37.9,0.68,36.5,0.7,4.64,0.71,17.0,0.3,4.64,0.29,17.0,0.31,37.9,0.32,36.5,0.01,0.01,2326.681965,1776225181000
1776225183.132,183.132,0.69,37.9,0.68,36.5,0.7,4.64,0.71,17.0,0.3,4.64,0.29,17.0,0.31,37.9,0.32,36.5,0.01,0.01,2326.683595,1776225182000
1776225183.417,183.417,0.73,9.0,0.72,68.5,0.74,5.0,0.75,5.0,0.25,21.2,0.24,74.7,0.27,10.0,0.28,79.5,0.01,0.02,2326.683595,1776225182000
1776225184.197,184.197,0.73,9.0,0.72,68.5,0.74,5.0,0.75,5.0,0.26,5.0,0.25,5.0,0.27,9.0,0.28,68.5,0.01,0.01,2326.855948,1776225183000
1776225184.579,184.579,0.75,93.5,0.74,92.3,0.76,57.98,0.77,10.0,0.26,5.0,0.25,5.0,0.27,9.0,0.28,68.5,0.01,0.01,2326.855948,1776225183000
1776225185.182,185.182,0.75,93.5,0.74,92.3,0.76,57.98,0.77,10.0,0.24,57.98,0.23,10.0,0.25,93.5,0.26,92.3,0.01,0.01,2326.713345,1776225184000
1776225185.475,185.475,0.75,93.5,0.74,84.3,0.76,42.98,0.77,20.0,0.24,57.98,0.23,10.0,0.25,93.5,0.26,92.3,0.01,0.01,2326.713345,1776225184000
1776225186.159,186.159,0.75,83.5,0.74,84.3,0.76,40.42,0.77,20.0,0.24,40.42,0.23,20.0,0.25,83.5,0.26,84.3,0.01,0.01,2326.73488,1776225185000
1776225187.161,187.161,0.75,88.5,0.74,63.5,0.76,39.1,0.77,10.0,0.24,40.42,0.23,20.0,0.25,83.5,0.26,84.3,0.01,0.01,2326.73488,1776225185000
1776225188.234,188.234,0.75,88.5,0.74,63.5,0.76,39.1,0.77,10.0,0.24,39.1,0.23,10.0,0.25,88.5,0.26,63.5,0.01,0.01,2326.75525,1776225187000
1776225189.228,189.228,0.75,88.5,0.74,63.5,0.76,39.1,0.77,10.0,0.24,39.1,0.23,10.0,0.25,88.5,0.26,63.5,0.01,0.01,2326.752385,1776225188000
1776225190.262,190.262,0.75,88.5,0.74,63.5,0.76,39.1,0.77,10.0,0.24,39.1,0.23,10.0,0.25,88.5,0.26,63.5,0.01,0.01,2326.760055,1776225189000
1776225190.822,190.822,0.78,20.5,0.77,48.5,0.8,15.5,0.81,20.5,0.23,5.0,0.22,10.0,0.25,45.5,0.26,40.5,0.02,0.02,2326.760055,1776225189000
1776225191.302,191.302,0.78,20.5,0.77,48.5,0.8,15.5,0.81,20.5,0.2,15.5,0.19,20.5,0.22,20.5,0.23,48.5,0.02,0.02,2326.74731,1776225190000
1776225191.83,191.83,0.78,20.5,0.77,48.5,0.8,15.5,0.81,20.5,0.2,15.5,0.19,20.5,0.22,20.5,0.23,48.5,0.02,0.02,2326.74725,1776225191000
1776225192.848,192.848,0.78,20.5,0.77,48.5,0.8,15.5,0.81,20.5,0.2,15.5,0.19,20.5,0.22,20.5,0.23,48.5,0.02,0.02,2326.74802,1776225192000
1776225193.845,193.845,0.78,20.5,0.77,48.5,0.8,15.5,0.81,20.5,0.2,15.5,0.19,20.5,0.22,20.5,0.23,48.5,0.02,0.02,2326.78266,1776225193000
1776225195.418,195.418,0.78,20.5,0.77,48.5,0.8,15.5,0.81,20.5,0.2,15.5,0.19,20.5,0.22,20.5,0.23,48.5,0.02,0.02,2326.79314,1776225194000
1776225195.826,195.826,0.78,20.5,0.77,48.5,0.8,15.5,0.81,20.5,0.2,15.5,0.19,20.5,0.22,20.5,0.23,48.5,0.02,0.02,2326.79325,1776225195000
1776225196.387,196.387,0.8,70.0,0.79,25.5,0.81,27.71,0.82,54.9,0.2,15.5,0.19,20.5,0.22,20.5,0.23,48.5,0.01,0.02,2326.79325,1776225195000
1776225196.717,196.717,0.8,70.5,0.79,35.5,0.81,37.71,0.82,54.9,0.19,27.71,0.18,54.9,0.2,70.0,0.21,25.5,0.01,0.01,2326.79325,1776225195000
1776225197.053,197.053,0.8,70.5,0.79,35.5,0.81,37.71,0.82,54.9,0.19,37.71,0.18,54.9,0.2,70.5,0.21,35.5,0.01,0.01,2326.792355,1776225196000
1776225197.554,197.554,0.8,65.5,0.79,35.5,0.81,29.91,0.82,54.9,0.19,37.71,0.18,54.9,0.2,70.5,0.21,35.5,0.01,0.01,2326.792355,1776225196000
1776225198.111,198.111,0.8,65.5,0.79,35.5,0.81,29.91,0.82,54.9,0.19,29.91,0.18,54.9,0.2,65.5,0.21,35.5,0.01,0.01,2326.791395,1776225197000
1776225198.544,198.544,0.8,45.93,0.79,35.5,0.81,29.91,0.82,49.9,0.19,29.91,0.18,54.9,0.2,65.5,0.21,35.5,0.01,0.01,2326.791395,1776225197000
1776225199.117,199.117,0.8,45.93,0.79,35.5,0.81,29.91,0.82,49.9,0.19,29.91,0.18,49.9,0.2,45.93,0.21,35.5,0.01,0.01,2326.84503,1776225198000
1776225199.329,199.329,0.8,55.93,0.79,30.5,0.81,26.71,0.82,44.9,0.19,29.91,0.18,49.9,0.2,45.93,0.21,35.5,0.01,0.01,2326.84503,1776225198000
1776225199.866,199.866,0.8,55.93,0.79,35.5,0.81,28.51,0.82,54.9,0.19,26.71,0.18,44.9,0.2,55.93,0.21,30.5,0.01,0.01,2326.84503,1776225198000
1776225200.076,200.076,0.8,55.93,0.79,35.5,0.81,28.51,0.82,54.9,0.19,28.51,0.18,54.9,0.2,55.93,0.21,35.5,0.01,0.01,2326.808555,1776225199000
1776225201.775,201.775,0.8,55.93,0.79,35.5,0.81,28.51,0.82,54.9,0.19,28.51,0.18,54.9,0.2,55.93,0.21,35.5,0.01,0.01,2326.80368,1776225200000
1776225202.369,202.369,0.8,37.5,0.79,30.5,0.81,3.76,0.82,39.4,0.19,3.76,0.18,39.4,0.2,37.5,0.21,30.5,0.01,0.01,2326.80368,1776225201000
1776225203.01,203.01,0.8,37.5,0.79,30.5,0.81,3.76,0.82,39.4,0.19,3.76,0.18,39.4,0.2,37.5,0.21,30.5,0.01,0.01,2326.80461,1776225202000
1776225204.077,204.077,0.8,37.5,0.79,30.5,0.81,3.76,0.82,39.4,0.19,3.76,0.18,39.4,0.2,37.5,0.21,30.5,0.01,0.01,2326.80938,1776225203000
1776225205.127,205.127,0.8,37.5,0.79,30.5,0.81,3.76,0.82,39.4,0.19,3.76,0.18,39.4,0.2,37.5,0.21,30.5,0.01,0.01,2326.822055,1776225204000
1776225205.924,205.924,0.8,37.5,0.79,30.5,0.82,48.16,0.83,75.0,0.19,3.76,0.18,39.4,0.2,37.5,0.21,30.5,0.02,0.01,2326.822055,1776225204000
1776225206.287,206.287,0.8,37.5,0.79,30.5,0.82,48.16,0.83,75.0,0.18,48.16,0.17,75.0,0.2,37.5,0.21,30.5,0.02,0.02,2326.81385,1776225205000
1776225206.526,206.526,0.81,45.5,0.8,37.5,0.82,42.55,0.83,64.0,0.18,48.16,0.17,75.0,0.2,37.5,0.21,30.5,0.01,0.02,2326.81385,1776225205000
1776225207.211,207.211,0.81,112.5,0.8,47.5,0.83,2.0,0.84,31.5,0.18,42.55,0.17,64.0,0.19,45.5,0.2,37.5,0.02,0.01,2326.81385,1776225205000
1776225207.46,207.46,0.82,90.5,0.81,77.5,0.84,10.38,0.85,82.7,0.16,10.38,0.15,82.7,0.18,90.5,0.19,77.5,0.02,0.02,2326.808155,1776225206000
1776225207.669,207.669,0.83,69.11,0.82,60.5,0.84,10.0,0.85,71.7,0.16,10.38,0.15,82.7,0.18,90.5,0.19,77.5,0.01,0.02,2326.808155,1776225206000
1776225207.954,207.954,0.83,63.22,0.82,60.5,0.84,10.0,0.85,71.7,0.16,10.0,0.15,71.7,0.17,63.22,0.18,60.5,0.01,0.01,2326.805705,1776225207000
1776225208.711,208.711,0.83,93.72,0.82,60.5,0.84,0.28,0.85,45.2,0.16,7.6,0.15,71.7,0.17,68.22,0.18,60.5,0.01,0.01,2326.805705,1776225207000
1776225209.064,209.064,0.83,48.8,0.82,60.5,0.84,0.28,0.85,43.2,0.16,0.28,0.15,45.2,0.17,93.72,0.18,60.5,0.01,0.01,2326.805705,1776225207000
1776225209.498,209.498,0.83,59.3,0.82,60.5,0.85,36.71,0.86,86.4,0.15,28.47,0.14,93.4,0.17,53.8,0.18,60.5,0.02,0.02,2326.805705,1776225207000
1776225210.07,210.07,0.84,50.0,0.83,25.5,0.85,18.8,0.86,55.4,0.15,36.71,0.14,86.4,0.17,59.3,0.18,60.5,0.01,0.02,2326.989811,1776225208000
1776225210.366,210.366,0.84,40.62,0.83,30.5,0.85,32.43,0.86,55.4,0.15,18.8,0.14,55.4,0.16,50.0,0.17,25.5,0.01,0.01,2327.013187,1776225209000
1776225211.151,211.151,0.84,40.62,0.83,30.5,0.85,32.43,0.86,55.4,0.15,32.43,0.14,55.4,0.16,40.62,0.17,30.5,0.01,0.01,2327.078367,1776225210000
1776225212.17,212.17,0.84,40.62,0.83,30.5,0.85,32.43,0.86,55.4,0.15,32.43,0.14,55.4,0.16,40.62,0.17,30.5,0.01,0.01,2326.93048,1776225211000
1776225213.019,213.019,0.84,63.12,0.83,40.5,0.86,3.72,0.87,10.0,0.15,26.63,0.14,72.22,0.16,35.62,0.17,30.5,0.02,0.01,2326.93048,1776225211000
1776225213.224,213.224,0.86,71.5,0.85,83.5,0.89,25.41,0.9,40.0,0.13,10.0,0.11,36.79,0.15,52.5,0.16,61.12,0.03,0.02,2326.93048,1776225212000
1776225213.433,213.433,0.88,55.5,0.87,48.5,0.89,4.51,0.91,156.0,0.11,25.41,0.1,40.0,0.14,71.5,0.15,83.5,0.01,0.03,2326.93048,1776225212000
1776225213.714,213.714,0.9,30.5,0.89,25.5,0.91,168.68,0.92,124.9,0.09,145.08,0.08,143.9,0.12,55.5,0.13,48.5,0.01,0.03,2326.93048,1776225212000
1776225214.176,214.176,0.9,19.5,0.89,25.5,0.91,168.68,0.92,124.9,0.09,168.68,0.08,124.9,0.1,19.5,0.11,25.5,0.01,0.01,2326.942165,1776225213000
1776225214.455,214.455,0.9,23.6,0.89,25.5,0.91,183.58,0.92,124.9,0.09,183.58,0.08,124.9,0.1,24.5,0.11,25.5,0.01,0.01,2326.942165,1776225213000
1776225215.029,215.029,0.9,38.23,0.89,30.5,0.91,106.88,0.92,109.9,0.09,172.08,0.08,124.9,0.1,23.73,0.11,25.5,0.01,0.01,2326.942165,1776225213000
1776225216.134,216.134,0.9,43.23,0.89,30.5,0.91,96.12,0.92,109.9,0.09,96.12,0.08,109.9,0.1,43.23,0.11,30.5,0.01,0.01,2327.145745,1776225215000
1776225216.35,216.35,0.9,130.27,0.89,40.5,0.91,36.02,0.92,5.0,0.09,67.02,0.08,5.0,0.1,130.27,0.11,40.5,0.01,0.01,2327.145745,1776225215000
1776225216.659,216.659,0.92,76.5,0.91,93.76,0.93,6.6,0.95,99.0,0.07,1.08,0.05,99.0,0.09,98.76,0.1,153.27,0.01,0.02,2327.145745,1776225215000
1776225217.0,217.0,0.93,33.57,0.92,64.0,0.94,63.08,0.95,81.0,0.06,46.25,0.05,81.0,0.08,64.0,0.09,84.76,0.01,0.02,2327.145745,1776225215000
1776225217.399,217.399,0.94,46.15,0.93,70.57,0.95,55.67,0.96,226.8,0.05,62.0,0.04,226.8,0.06,41.15,0.07,75.57,0.01,0.01,2327.209968,1776225216000
1776225217.64,217.64,0.94,46.15,0.93,70.57,0.95,72.71,0.96,226.8,0.05,55.67,0.04,226.8,0.06,46.15,0.07,70.57,0.01,0.01,2327.209968,1776225216000
1776225218.086,218.086,0.94,46.15,0.93,70.57,0.95,72.71,0.96,226.8,0.05,72.71,0.04,226.8,0.06,46.15,0.07,70.57,0.01,0.01,2327.34754,1776225217000
1776225219.109,219.109,0.94,0.47,0.93,70.57,0.95,55.2,0.96,226.8,0.05,55.2,0.04,226.8,0.06,0.47,0.07,70.57,0.01,0.01,2327.547215,1776225218000
1776225219.794,219.794,0.91,10.12,0.9,10.0,0.94,414.0,0.95,142.2,0.05,55.2,0.04,226.8,0.06,0.47,0.07,70.57,0.03,0.01,2327.547215,1776225218000
1776225220.141,220.141,0.89,21.81,0.88,15.0,0.91,10.0,0.92,38.0,0.09,10.0,0.08,38.0,0.11,21.81,0.12,15.0,0.02,0.02,2327.693053,1776225219000
1776225220.437,220.437,0.87,10.0,0.85,5.0,0.88,16.63,0.89,25.5,0.1,30.5,0.09,10.0,0.12,5.0,0.13,5.0,0.01,0.02,2327.693053,1776225219000
1776225220.662,220.662,0.81,1.14,0.8,15.0,0.84,10.0,0.85,10.0,0.16,10.0,0.15,10.0,0.17,9.16,0.18,10.0,0.03,0.01,2327.693053,1776225219000
1776225220.929,220.929,0.8,13.15,0.79,15.0,0.81,6.37,0.82,15.0,0.18,10.0,0.17,15.0,0.2,8.15,0.21,15.0,0.01,0.02,2327.693053,1776225219000
1776225221.163,221.163,0.8,13.15,0.79,15.0,0.81,6.37,0.82,15.0,0.19,6.37,0.18,15.0,0.2,13.15,0.21,15.0,0.01,0.01,2327.58935,1776225220000
1776225221.444,221.444,0.8,37.65,0.79,15.0,0.81,50.59,0.82,10.0,0.19,6.37,0.18,15.0,0.2,13.15,0.21,15.0,0.01,0.01,2327.58935,1776225220000
1776225222.11,222.11,0.82,20.5,0.81,25.5,0.84,14.01,0.85,20.0,0.19,50.59,0.18,10.0,0.2,37.65,0.21,15.0,0.02,0.01,2327.58935,1776225220000
1776225222.417,222.417,0.83,15.0,0.82,30.5,0.84,12.22,0.85,20.0,0.16,14.01,0.15,20.0,0.18,20.5,0.19,25.5,0.01,0.02,2327.58935,1776225220000
1776225222.654,222.654,0.83,6.0,0.82,35.5,0.86,55.0,0.87,25.0,0.16,12.22,0.15,20.0,0.17,15.0,0.18,30.5,0.03,0.01,2327.58935,1776225220000
1776225222.872,222.872,0.84,15.0,0.83,6.0,0.86,5.0,0.87,25.5,0.14,55.0,0.13,25.0,0.17,6.0,0.18,35.5,0.02,0.03,2327.241475,1776225221000
1776225223.277,223.277,0.85,15.0,0.84,136.13,0.87,23.43,0.88,15.0,0.13,23.43,0.12,15.0,0.15,15.0,0.16,136.13,0.02,0.02,2327.09847,1776225222000
1776225223.701,223.701,0.85,24.0,0.84,136.13,0.92,29.36,0.93,103.3,0.13,23.43,0.12,15.0,0.15,15.0,0.16,136.13,0.07,0.02,2327.09847,1776225222000
1776225224.339,224.339,0.85,24.0,0.84,136.13,0.92,29.36,0.93,103.3,0.08,29.36,0.07,103.3,0.15,24.0,0.16,136.13,0.07,0.07,2327.002211,1776225223000
1776225224.894,224.894,0.85,24.0,0.84,136.13,0.92,29.36,0.93,103.3,0.08,29.36,0.07,103.3,0.15,24.0,0.16,136.13,0.07,0.07,2326.95958,1776225224000
1776225225.614,225.614,0.84,21.49,0.83,11.0,0.87,10.5,0.88,7.0,0.08,29.36,0.07,103.3,0.15,24.0,0.16,136.13,0.03,0.07,2326.95958,1776225224000
1776225226.021,226.021,0.84,21.49,0.83,11.0,0.87,10.5,0.88,7.0,0.13,10.5,0.12,7.0,0.16,21.49,0.17,11.0,0.03,0.03,2327.104066,1776225225000
1776225226.312,226.312,0.86,34.5,0.85,25.0,0.87,10.5,0.88,12.0,0.13,10.5,0.12,7.0,0.16,21.49,0.17,11.0,0.01,0.03,2327.104066,1776225225000
1776225226.711,226.711,0.86,15.0,0.85,20.0,0.88,11.87,0.89,14.18,0.13,10.5,0.12,12.0,0.14,34.5,0.15,25.0,0.02,0.01,2327.104066,1776225225000
1776225227.049,227.049,0.86,15.0,0.85,20.0,0.88,11.87,0.89,14.18,0.12,11.87,0.11,14.18,0.14,15.0,0.15,20.0,0.02,0.02,2327.072393,1776225226000
1776225227.663,227.663,0.87,24.0,0.86,15.0,0.88,14.87,0.89,14.18,0.12,11.87,0.11,14.18,0.14,15.0,0.15,20.0,0.01,0.02,2327.072393,1776225226000
1776225228.103,228.103,0.87,24.0,0.86,15.0,0.88,14.87,0.89,14.18,0.12,14.87,0.11,14.18,0.13,24.0,0.14,15.0,0.01,0.01,2326.94888,1776225227000
1776225228.529,228.529,0.87,15.0,0.86,15.0,0.88,12.59,0.89,14.18,0.12,18.73,0.11,14.18,0.13,15.0,0.14,15.0,0.01,0.01,2326.94888,1776225227000
1776225229.245,229.245,0.87,15.0,0.86,15.0,0.88,15.96,0.89,14.18,0.12,15.96,0.11,14.18,0.13,15.0,0.14,15.0,0.01,0.01,2327.092052,1776225228000
1776225229.761,229.761,0.87,15.07,0.86,15.0,0.88,15.96,0.89,14.18,0.12,15.96,0.11,14.18,0.13,15.0,0.14,15.0,0.01,0.01,2327.092052,1776225228000
1776225230.2,230.2,0.87,10.07,0.86,15.0,0.88,18.22,0.89,14.18,0.12,15.96,0.11,14.18,0.13,15.07,0.14,15.0,0.01,0.01,2327.092052,1776225228000
1776225230.814,230.814,0.87,10.07,0.86,15.0,0.88,18.22,0.89,14.18,0.12,18.22,0.11,14.18,0.13,10.07,0.14,15.0,0.01,0.01,2326.948795,1776225230000
1776225231.957,231.957,0.87,10.07,0.86,15.0,0.88,18.22,0.89,14.18,0.12,18.22,0.11,14.18,0.13,10.07,0.14,15.0,0.01,0.01,2326.948785,1776225231000
1776225232.632,232.632,0.87,20.0,0.86,10.77,0.88,5.53,0.89,25.18,0.12,11.22,0.11,25.18,0.14,0.77,0.15,34.5,0.01,0.02,2326.948785,1776225231000
1776225233.113,233.113,0.87,10.0,0.86,10.77,0.88,2.12,0.89,25.18,0.12,2.12,0.11,25.18,0.13,10.0,0.14,10.77,0.01,0.01,2326.94366,1776225232000
1776225234.552,234.552,0.87,10.0,0.86,10.77,0.88,2.12,0.89,25.18,0.12,2.12,0.11,25.18,0.13,10.0,0.14,10.77,0.01,0.01,2326.943895,1776225233000
1776225235.09,235.09,0.87,10.0,0.86,10.77,0.88,2.12,0.89,25.18,0.12,2.12,0.11,25.18,0.13,10.0,0.14,10.77,0.01,0.01,2326.943895,1776225234000
1776225236.185,236.185,0.87,10.0,0.86,10.77,0.88,2.12,0.89,25.18,0.12,2.12,0.11,25.18,0.13,10.0,0.14,10.77,0.01,0.01,2326.948815,1776225235000
1776225237.285,237.285,0.87,10.0,0.86,10.77,0.88,2.12,0.89,25.18,0.12,2.12,0.11,25.18,0.13,10.0,0.14,10.77,0.01,0.01,2326.95527,1776225236000
1776225238.736,238.736,0.87,10.0,0.86,10.77,0.88,2.12,0.89,25.18,0.12,2.12,0.11,25.18,0.13,10.0,0.14,10.77,0.01,0.01,2326.957875,1776225237000
1776225239.335,239.335,0.88,20.0,0.87,25.5,0.89,9.99,0.9,19.0,0.11,9.99,0.1,19.0,0.12,20.0,0.13,25.5,0.01,0.01,2326.953345,1776225238000
1776225240.022,240.022,0.88,20.0,0.87,25.5,0.89,9.99,0.9,19.0,0.11,9.99,0.1,19.0,0.12,20.0,0.13,25.5,0.01,0.01,2327.0816,1776225239000
1776225240.469,240.469,0.89,15.0,0.88,30.0,0.9,17.98,0.91,15.99,0.11,9.99,0.1,19.0,0.12,20.0,0.13,25.5,0.01,0.01,2327.0816,1776225239000
1776225240.916,240.916,0.89,20.0,0.88,30.0,0.9,14.84,0.91,5.99,0.1,17.98,0.09,15.99,0.11,15.0,0.12,30.0,0.01,0.01,2327.0816,1776225239000
1776225241.267,241.267,0.89,20.0,0.88,30.0,0.91,5.99,0.92,10.0,0.09,5.99,0.08,10.0,0.11,20.0,0.12,30.0,0.02,0.02,2326.964615,1776225240000
1776225242.33,242.33,0.9,15.0,0.89,15.0,0.91,36.29,0.92,10.0,0.09,5.99,0.08,10.0,0.11,20.0,0.12,30.0,0.01,0.02,2326.964615,1776225240000
1776225242.883,242.883,0.9,15.0,0.89,15.0,0.91,36.29,0.92,10.0,0.09,36.29,0.08,10.0,0.1,15.0,0.11,15.0,0.01,0.01,2326.96979,1776225241000
1776225243.395,243.395,0.9,20.0,0.89,20.0,0.91,5.29,0.93,48.0,0.09,36.29,0.08,10.0,0.1,15.0,0.11,15.0,0.01,0.01,2326.96979,1776225241000
1776225243.888,243.888,0.9,10.0,0.89,20.0,0.91,5.29,0.93,48.0,0.09,5.29,0.07,48.0,0.1,20.0,0.11,20.0,0.01,0.01,2326.969725,1776225242000
1776225244.397,244.397,0.9,15.0,0.89,20.0,0.91,4.19,0.93,48.0,0.09,4.19,0.07,48.0,0.1,15.0,0.11,20.0,0.01,0.01,2326.96831,1776225243000
1776225244.867,244.867,0.92,7.5,0.91,10.0,0.93,76.42,0.94,65.0,0.07,35.42,0.06,79.0,0.1,20.0,0.11,20.0,0.01,0.03,2326.96831,1776225243000
1776225245.106,245.106,0.92,7.5,0.91,10.0,0.93,76.42,0.94,65.0,0.07,76.42,0.06,65.0,0.08,7.5,0.09,10.0,0.01,0.01,2326.968365,1776225244000
1776225245.417,245.417,0.91,8.88,0.9,15.0,0.93,81.42,0.94,72.0,0.07,76.42,0.06,65.0,0.08,7.5,0.09,10.0,0.02,0.01,2326.968365,1776225244000
1776225246.451,246.451,0.91,8.88,0.9,15.0,0.93,81.42,0.94,72.0,0.07,81.42,0.06,72.0,0.09,8.88,0.1,15.0,0.02,0.02,2327.078431,1776225245000
1776225247.05,247.05,0.91,8.88,0.9,15.0,0.93,81.42,0.94,72.0,0.07,81.42,0.06,72.0,0.09,8.88,0.1,15.0,0.02,0.02,2327.126582,1776225246000
1776225247.862,247.862,0.91,38.88,0.9,20.0,0.92,11.73,0.93,25.42,0.07,81.42,0.06,72.0,0.09,8.88,0.1,15.0,0.01,0.02,2327.126582,1776225246000
1776225248.529,248.529,0.91,38.88,0.9,20.0,0.92,11.73,0.93,25.42,0.08,11.73,0.07,25.42,0.09,38.88,0.1,20.0,0.01,0.01,2327.072705,1776225247000
1776225248.944,248.944,0.91,43.88,0.9,20.0,0.92,9.55,0.93,25.42,0.08,11.73,0.07,25.42,0.09,38.88,0.1,20.0,0.01,0.01,2327.072705,1776225247000
1776225249.501,249.501,0.91,43.88,0.9,20.0,0.92,9.55,0.93,25.42,0.08,9.55,0.07,25.42,0.09,43.88,0.1,20.0,0.01,0.01,2327.07369,1776225248000
1776225250.123,250.123,0.91,43.88,0.9,20.0,0.92,9.55,0.93,25.42,0.08,9.55,0.07,25.42,0.09,43.88,0.1,20.0,0.01,0.01,2327.076595,1776225249000
1776225250.714,250.714,0.95,45.0,0.94,30.0,0.96,14.19,0.97,96.0,0.04,315.24,0.03,581.0,0.06,25.0,0.07,25.0,0.01,0.02,2327.076595,1776225249000
1776225251.223,251.223,0.96,29.0,0.95,40.0,0.97,78.0,0.98,488.45,0.03,78.0,0.02,488.45,0.05,40.0,0.06,35.0,0.01,0.02,2327.076595,1776225249000
1776225251.458,251.458,0.96,15.54,0.95,40.0,0.97,72.0,0.98,488.45,0.03,72.0,0.02,488.45,0.04,29.0,0.05,40.0,0.01,0.01,2327.076595,1776225249000
1776225251.839,251.839,0.96,15.54,0.95,40.0,0.97,66.84,0.98,488.45,0.03,67.0,0.02,488.45,0.04,15.54,0.05,40.0,0.01,0.01,2327.104485,1776225250000
1776225252.128,252.128,0.96,15.54,0.95,40.0,0.97,66.84,0.98,488.45,0.03,66.84,0.02,488.45,0.04,15.54,0.05,40.0,0.01,0.01,2327.105275,1776225251000
1776225252.577,252.577,0.96,70.54,0.95,40.0,0.97,34.69,0.98,488.45,0.03,39.84,0.02,488.45,0.04,70.54,0.05,40.0,0.01,0.01,2327.105275,1776225251000
1776225252.952,252.952,0.96,68.82,0.95,40.0,0.97,34.69,0.98,488.45,0.03,34.69,0.02,488.45,0.04,70.54,0.05,40.0,0.01,0.01,2327.105275,1776225251000
1776225253.534,253.534,0.96,68.82,0.95,40.0,0.97,34.69,0.98,488.45,0.03,34.69,0.02,488.45,0.04,68.82,0.05,40.0,0.01,0.01,2327.339655,1776225252000
1776225253.883,253.883,0.96,88.82,0.95,35.0,0.97,28.62,0.98,360.45,0.03,32.62,0.02,360.45,0.04,88.82,0.05,35.0,0.01,0.01,2327.339655,1776225252000
1776225254.372,254.372,0.96,93.82,0.95,115.8,0.98,345.07,0.99,2406.09,0.03,28.62,0.02,360.45,0.04,88.82,0.05,35.0,0.02,0.01,2327.387474,1776225253000
1776225254.707,254.707,0.97,5.0,0.96,93.82,0.98,349.04,0.99,2406.09,0.02,345.07,0.01,2406.09,0.04,93.82,0.05,115.8,0.01,0.02,2327.387474,1776225253000
1776225255.148,255.148,0.97,5.0,0.96,93.82,0.98,349.04,0.99,2406.09,0.02,349.04,0.01,2406.09,0.03,5.0,0.04,93.82,0.01,0.01,2327.37714,1776225254000
1776225255.591,255.591,0.97,140.95,0.96,187.52,0.98,344.04,0.99,2042.49,0.02,349.04,0.01,2406.09,0.03,5.0,0.04,93.82,0.01,0.01,2327.37714,1776225254000
1776225256.011,256.011,0.97,105.87,0.96,187.52,0.98,330.99,0.99,2042.49,0.02,344.04,0.01,2042.49,0.03,140.95,0.04,187.52,0.01,0.01,2327.37714,1776225254000
1776225256.351,256.351,0.97,116.14,0.96,187.52,0.98,318.87,0.99,1932.49,0.02,330.99,0.01,2042.49,0.03,105.78,0.04,187.52,0.01,0.01,2327.440395,1776225255000
1776225256.661,256.661,0.97,87.8,0.96,187.52,0.98,308.66,0.99,1932.49,0.02,318.87,0.01,1932.49,0.03,87.8,0.04,187.52,0.01,0.01,2327.440395,1776225255000
1776225257.173,257.173,0.97,87.8,0.96,187.52,0.98,308.66,0.99,1932.49,0.02,308.66,0.01,1932.49,0.03,87.8,0.04,187.52,0.01,0.01,2327.502265,1776225256000
1776225257.388,257.388,0.97,93.11,0.96,192.52,0.98,272.66,0.99,1932.49,0.02,308.66,0.01,1932.49,0.03,87.8,0.04,187.52,0.01,0.01,2327.502265,1776225256000
1776225258.292,258.292,0.97,93.11,0.96,192.52,0.98,272.66,0.99,1932.49,0.02,272.66,0.01,1932.49,0.03,93.11,0.04,192.52,0.01,0.01,2327.50887,1776225257000
1776225258.911,258.911,0.97,218.6,0.96,192.52,0.98,254.66,0.99,1932.49,0.02,272.66,0.01,1932.49,0.03,93.11,0.04,192.52,0.01,0.01,2327.50887,1776225257000
1776225259.317,259.317,0.97,218.6,0.96,192.52,0.98,254.66,0.99,1932.49,0.02,254.66,0.01,1932.49,0.03,218.6,0.04,192.52,0.01,0.01,2327.516563,1776225258000
1776225260.157,260.157,0.97,223.6,0.96,192.52,0.98,255.66,0.99,1932.49,0.02,254.66,0.01,1932.49,0.03,218.6,0.04,192.52,0.01,0.01,2327.516563,1776225258000
1776225260.719,260.719,0.97,218.6,0.96,192.52,0.98,215.55,0.99,1932.49,0.02,245.55,0.01,1932.49,0.03,218.6,0.04,192.52,0.01,0.01,2327.557016,1776225259000
1776225261.905,261.905,0.97,216.42,0.96,192.52,0.98,135.04,0.99,1799.49,0.02,185.55,0.01,1799.49,0.03,216.42,0.04,192.52,0.01,0.01,2327.592357,1776225260000
1776225262.228,262.228,0.97,221.42,0.96,192.52,0.98,109.04,0.99,1799.49,0.02,135.04,0.01,1799.49,0.03,216.42,0.04,192.52,0.01,0.01,2327.52577,1776225261000
1776225263.025,263.025,0.97,221.42,0.96,192.52,0.98,109.04,0.99,1799.49,0.02,109.04,0.01,1799.49,0.03,221.42,0.04,192.52,0.01,0.01,2327.523085,1776225262000
1776225263.336,263.336,0.97,226.42,0.96,222.52,0.98,72.98,0.99,1712.49,0.02,102.98,0.01,1712.49,0.03,231.42,0.04,222.52,0.01,0.01,2327.523085,1776225262000
1776225264.053,264.053,0.97,231.42,0.96,222.52,0.98,42.98,0.99,1712.49,0.02,42.98,0.01,1712.49,0.03,231.42,0.04,222.52,0.01,0.01,2327.582165,1776225263000
1776225265.202,265.202,0.97,231.42,0.96,222.52,0.98,42.98,0.99,1712.49,0.02,42.98,0.01,1712.49,0.03,231.42,0.04,222.52,0.01,0.01,2327.58699,1776225264000
1776225265.733,265.733,0.97,376.17,0.96,206.52,0.99,1537.02,,,0.02,42.98,0.01,1712.49,0.03,231.42,0.04,222.52,0.02,0.01,2327.58699,1776225264000
1776225266.287,266.287,0.97,376.17,0.96,206.52,0.99,1537.02,,,0.01,1537.02,,,0.03,376.17,0.04,206.52,0.02,0.02,2327.641703,1776225265000
1776225266.518,266.518,0.98,409.23,0.97,214.26,0.99,1342.02,,,0.01,1537.02,,,0.03,376.17,0.04,206.52,0.01,0.02,2327.641703,1776225265000
1776225266.79,266.79,0.98,414.23,0.97,214.26,0.99,1317.02,,,0.01,1342.02,,,0.02,409.23,0.03,214.26,0.01,0.01,2327.641703,1776225265000
1776225267.406,267.406,0.98,414.23,0.97,214.26,0.99,986.02,,,0.01,1317.02,,,0.02,414.23,0.03,214.26,0.01,0.01,2327.59593,1776225266000
1776225267.677,267.677,0.98,414.23,0.97,214.26,0.99,979.02,,,0.01,986.02,,,0.02,414.23,0.03,214.26,0.01,0.01,2327.59593,1776225266000
1776225268.309,268.309,0.98,424.23,0.97,209.26,0.99,959.1,,,0.01,977.1,,,0.02,419.23,0.03,209.26,0.01,0.01,2327.588195,1776225267000
1776225268.727,268.727,0.98,420.23,0.97,209.26,0.99,917.89,,,0.01,917.89,,,0.02,419.23,0.03,209.26,0.01,0.01,2327.588195,1776225267000
1776225269.074,269.074,0.98,420.23,0.97,209.26,0.99,886.66,,,0.01,897.68,,,0.02,420.23,0.03,209.26,0.01,0.01,2327.588195,1776225267000
1776225269.303,269.303,0.98,415.23,0.97,209.26,0.99,862.55,,,0.01,877.66,,,0.02,420.23,0.03,209.26,0.01,0.01,2327.588195,1776225267000
1776225269.506,269.506,0.98,415.23,0.97,209.26,0.99,804.26,,,0.01,837.55,,,0.02,420.23,0.03,209.26,0.01,0.01,2327.58578,1776225268000
1776225270.021,270.021,0.98,415.23,0.97,209.26,0.99,804.26,,,0.01,804.26,,,0.02,415.23,0.03,209.26,0.01,0.01,2327.59572,1776225269000
1776225271.237,271.237,0.98,420.23,0.97,209.26,0.99,791.26,,,0.01,791.26,,,0.02,420.23,0.03,209.26,0.01,0.01,2327.715134,1776225270000
1776225271.794,271.794,0.98,455.23,0.97,200.26,0.99,619.88,,,0.01,649.88,,,0.02,455.23,0.03,200.26,0.01,0.01,2327.715134,1776225270000
1776225272.036,272.036,0.98,455.23,0.97,200.26,0.99,599.72,,,0.01,609.83,,,0.02,455.23,0.03,200.26,0.01,0.01,2327.715134,1776225270000
1776225272.273,272.273,0.98,450.23,0.97,200.26,0.99,559.32,,,0.01,599.72,,,0.02,455.23,0.03,200.26,0.01,0.01,2327.715134,1776225270000
1776225272.475,272.475,0.98,455.23,0.97,200.26,0.99,558.3,,,0.01,559.32,,,0.02,450.23,0.03,200.26,0.01,0.01,2327.708959,1776225271000
1776225273.184,273.184,0.98,450.23,0.97,200.26,0.99,535.3,,,0.01,535.3,,,0.02,450.23,0.03,200.26,0.01,0.01,2327.59498,1776225272000
1776225273.963,273.963,0.98,450.23,0.97,200.26,0.99,535.3,,,0.01,535.3,,,0.02,450.23,0.03,200.26,0.01,0.01,2327.59519,1776225273000
1776225274.988,274.988,0.98,455.23,0.97,200.26,0.99,520.1,,,0.01,525.15,,,0.02,455.23,0.03,200.26,0.01,0.01,2327.59519,1776225273000
1776225275.381,275.381,0.98,246.53,0.97,76.56,0.99,485.1,,,0.01,520.1,,,0.02,455.23,0.03,200.26,0.01,0.01,2327.59519,1776225273000
1776225276.303,276.303,0.98,246.53,0.97,76.56,0.99,485.1,,,0.01,485.1,,,0.02,246.53,0.03,76.56,0.01,0.01,2327.596445,1776225275000
1776225277.27,277.27,0.98,246.53,0.97,76.56,0.99,485.1,,,0.01,485.1,,,0.02,246.53,0.03,76.56,0.01,0.01,2327.60568,1776225276000
1776225277.897,277.897,0.98,33.53,0.97,45.56,0.99,385.1,,,0.01,490.1,,,0.02,58.53,0.03,40.56,0.01,0.01,2327.60568,1776225276000
1776225278.382,278.382,0.98,135.94,0.97,60.56,0.99,390.1,,,0.01,385.1,,,0.02,33.53,0.03,45.56,0.01,0.01,2327.60568,1776225276000
1776225278.668,278.668,0.98,140.94,0.97,60.56,0.99,370.92,,,0.01,377.92,,,0.02,135.94,0.03,60.56,0.01,0.01,2327.615755,1776225277000
1776225278.919,278.919,0.98,140.94,0.97,60.56,0.99,265.59,,,0.01,284.45,,,0.02,140.94,0.03,60.56,0.01,0.01,2327.615755,1776225277000
1776225279.157,279.157,0.98,140.94,0.97,60.56,0.99,260.48,,,0.01,265.59,,,0.02,140.94,0.03,60.56,0.01,0.01,2327.615755,1776225277000
1776225279.559,279.559,0.98,140.94,0.97,60.56,0.99,260.48,,,0.01,260.48,,,0.02,140.94,0.03,60.56,0.01,0.01,2327.588258,1776225278000
1776225279.809,279.809,0.98,152.94,0.97,60.56,0.99,207.96,,,0.01,254.54,,,0.02,152.94,0.03,60.56,0.01,0.01,2327.588258,1776225278000
1776225280.153,280.153,0.98,152.94,0.97,55.56,0.99,195.59,,,0.01,210.75,,,0.02,152.94,0.03,60.56,0.01,0.01,2327.588258,1776225278000
1776225280.387,280.387,0.98,102.94,0.97,55.56,0.99,174.41,,,0.01,189.57,,,0.02,102.94,0.03,55.56,0.01,0.01,2327.34157,1776225279000
1776225281.261,281.261,0.98,220.03,0.97,55.56,0.99,152.51,,,0.01,174.41,,,0.02,102.94,0.03,55.56,0.01,0.01,2327.34157,1776225279000
1776225281.587,281.587,0.98,240.03,0.97,50.56,0.99,127.56,,,0.01,137.56,,,0.02,230.03,0.03,55.56,0.01,0.01,2327.519085,1776225280000
1776225282.036,282.036,0.99,389.34,0.98,66.69,,,,,,,,,0.01,172.44,0.02,240.03,,,2327.519085,1776225280000
1776225283.129,283.129,0.99,320.96,0.98,66.69,,,,,,,,,0.01,340.96,0.02,66.69,,,2327.312022,1776225281000
1776225283.951,283.951,0.99,320.96,0.98,66.69,,,,,,,,,0.01,320.96,0.02,66.69,,,2327.329256,1776225283000
1776225284.814,284.814,0.99,357.96,0.98,66.69,,,,,,,,,0.01,320.96,0.02,66.69,,,2327.329256,1776225283000
1776225285.231,285.231,0.99,357.96,0.98,66.69,,,,,,,,,0.01,357.96,0.02,66.69,,,2327.308666,1776225284000
1776225286.851,286.851,0.99,357.96,0.98,66.69,,,,,,,,,0.01,357.96,0.02,66.69,,,2327.29037,1776225285000
1776225287.334,287.334,0.99,357.96,0.98,66.69,,,,,,,,,0.01,357.96,0.02,66.69,,,2327.290895,1776225286000
1776225288.403,288.403,0.99,357.96,0.98,66.69,,,,,,,,,0.01,357.96,0.02,66.69,,,2327.296305,1776225287000
1776225288.929,288.929,0.99,357.96,0.98,66.69,,,,,,,,,0.01,357.96,0.02,66.69,,,2327.439133,1776225288000
1776225289.931,289.931,0.99,357.96,0.98,66.69,,,,,,,,,0.01,357.96,0.02,66.69,,,2327.30107,1776225289000
1776225290.973,290.973,0.99,357.96,0.98,66.69,,,,,,,,,0.01,357.96,0.02,66.69,,,2327.406422,1776225290000
1776225292.124,292.124,0.99,357.96,0.98,66.69,,,,,,,,,0.01,357.96,0.02,66.69,,,2327.30848,1776225291000
1776225293.315,293.315,0.99,357.96,0.98,66.69,,,,,,,,,0.01,357.96,0.02,66.69,,,2327.31132,1776225292000
1776225293.687,293.687,0.99,3157.23,0.98,66.69,,,,,,,,,0.01,357.96,0.02,66.69,,,2327.31132,1776225292000
1776225294.347,294.347,0.99,3157.23,0.98,66.69,,,,,,,,,0.01,3157.23,0.02,66.69,,,2327.31149,1776225293000
1776225294.835,294.835,0.99,3157.23,0.98,66.69,,,,,,,,,0.01,3157.23,0.02,66.69,,,2327.30699,1776225294000
1776225295.932,295.932,0.99,3157.23,0.98,66.69,,,,,,,,,0.01,3157.23,0.02,66.69,,,2327.30705,1776225295000
1776225297.069,297.069,0.99,3157.23,0.98,66.69,,,,,,,,,0.01,3157.23,0.02,66.69,,,2327.307,1776225296000
1776225297.521,297.521,0.99,1782.32,0.98,66.69,,,,,,,,,0.01,3157.23,0.02,66.69,,,2327.307,1776225296000
1776225298.139,298.139,0.99,1782.32,0.98,66.69,,,,,,,,,0.01,1782.32,0.02,66.69,,,2327.391373,1776225297000
1776225299.147,299.147,0.99,1782.32,0.98,66.69,,,,,,,,,0.01,1782.32,0.02,66.69,,,2327.304805,1776225298000
1776225299.497,299.497,0.99,16044.45,0.98,82.69,,,,,,,,,0.01,1782.32,0.02,66.69,,,2327.304805,1776225298000
1776225300.072,300.072,0.99,45153.98,0.98,82.69,,,,,,,,,0.01,16044.45,0.02,82.69,,,2327.304805,1776225298000
1776225300.865,300.865,0.99,45153.98,0.98,82.69,,,,,,,,,0.01,45153.98,0.02,82.69,,,2327.125329,1776225299000

# RESULT,winner=Up,slug=eth-updown-5m-1776225000,ticks=472
