timestamp,elapsed_sec,up_bid_p1,up_bid_s1,up_bid_p2,up_bid_s2,up_ask_p1,up_ask_s1,up_ask_p2,up_ask_s2,down_bid_p1,down_bid_s1,down_bid_p2,down_bid_s2,down_ask_p1,down_ask_s1,down_ask_p2,down_ask_s2,up_spread,down_spread,eth_price,eth_oracle_ts
1776263700.522,0.522,0.48,4.23,0.47,5.0,0.49,5.05,0.51,18.0,0.51,10.05,0.49,18.0,0.52,4.23,0.53,5.0,0.01,0.01,2336.7914,1776263699000
1776263700.756,0.756,0.47,3.65,0.46,8.0,0.51,13.0,0.54,5.0,0.49,13.0,0.46,155.0,0.52,4.23,0.53,5.0,0.04,0.03,2336.7914,1776263699000
1776263701.05,1.05,0.47,3.65,0.46,8.0,0.51,11.03,0.54,5.0,0.49,13.0,0.46,5.0,0.53,3.65,0.54,8.0,0.04,0.04,2336.7914,1776263699000
1776263701.367,1.367,0.5,85.0,0.49,201.0,0.54,5.0,0.59,5.0,0.49,9.06,0.46,5.0,0.53,3.65,0.54,8.0,0.04,0.04,2336.88414,1776263700000
1776263701.979,1.979,0.52,0.56,0.51,5.0,0.54,12.0,0.55,41.0,0.43,5.0,0.41,5.0,0.46,9.0,0.47,5.0,0.02,0.03,2336.88414,1776263700000
1776263702.251,2.251,0.52,0.56,0.51,5.0,0.54,12.0,0.55,41.0,0.46,12.0,0.45,41.0,0.48,0.56,0.49,5.0,0.02,0.02,2337.059689,1776263701000
1776263702.502,2.502,0.51,0.34,0.5,5.0,0.54,30.0,0.55,36.0,0.46,17.0,0.45,36.0,0.48,0.56,0.49,10.0,0.03,0.02,2337.059689,1776263701000
1776263702.721,2.721,0.5,5.0,0.49,117.0,0.53,2.33,0.54,25.0,0.47,2.33,0.46,25.0,0.49,0.34,0.5,10.0,0.03,0.02,2337.059689,1776263701000
1776263703.34,3.34,0.5,5.0,0.49,117.0,0.53,2.33,0.54,25.0,0.47,2.33,0.46,25.0,0.5,5.0,0.51,117.0,0.03,0.03,2337.3503,1776263702000
1776263703.823,3.823,0.46,27.88,0.45,115.0,0.47,10.0,0.48,14.47,0.52,14.47,0.51,20.0,0.53,12.65,0.54,26.0,0.01,0.01,2337.3503,1776263702000
1776263705.067,5.067,0.46,27.88,0.45,115.0,0.47,10.0,0.48,14.47,0.53,10.0,0.52,14.47,0.54,27.88,0.55,115.0,0.01,0.01,2336.916069,1776263704000
1776263705.68,5.68,0.46,25.78,0.45,70.0,0.47,150.0,0.48,155.0,0.53,175.0,0.52,201.47,0.54,17.88,0.55,10.0,0.01,0.01,2336.916069,1776263704000
1776263706.143,6.143,0.46,5.78,0.45,5.0,0.47,185.57,0.48,228.0,0.53,150.0,0.52,155.0,0.54,25.78,0.55,70.0,0.01,0.01,2336.916069,1776263704000
1776263706.383,6.383,0.43,5.0,0.42,5.0,0.45,10.0,0.46,60.0,0.53,114.0,0.52,142.0,0.56,6.05,0.57,5.0,0.02,0.03,2336.563044,1776263705000
1776263706.725,6.725,0.38,5.0,0.37,60.0,0.39,3.75,0.4,24.0,0.61,10.0,0.6,10.0,0.62,6.67,0.63,160.0,0.01,0.01,2336.563044,1776263705000
1776263707.304,7.304,0.37,0.14,0.36,173.89,0.38,15.0,0.39,3.75,0.61,3.75,0.6,24.0,0.63,5.0,0.64,173.89,0.01,0.02,2336.563044,1776263705000
1776263707.52,7.52,0.37,0.14,0.36,173.89,0.39,3.75,0.4,24.0,0.62,15.0,0.61,3.75,0.63,0.14,0.64,173.89,0.02,0.01,2336.45784,1776263706000
1776263708.034,8.034,0.37,0.14,0.36,173.89,0.39,3.75,0.4,24.0,0.61,3.75,0.6,24.0,0.63,0.14,0.64,173.89,0.02,0.02,2336.247491,1776263707000
1776263708.797,8.797,0.36,177.78,0.35,174.0,0.37,10.0,0.38,10.0,0.61,2.54,0.6,29.0,0.64,169.02,0.65,174.0,0.01,0.03,2336.247491,1776263707000
1776263708.999,8.999,0.36,177.78,0.35,174.0,0.4,53.72,0.41,104.0,0.63,10.0,0.62,10.0,0.64,177.78,0.65,174.0,0.04,0.01,2336.247491,1776263707000
1776263709.356,9.356,0.39,5.0,0.36,157.21,0.4,97.22,0.41,154.0,0.6,53.72,0.59,104.0,0.64,176.21,0.65,174.0,0.01,0.04,2335.539345,1776263708000
1776263709.731,9.731,0.39,2.8,0.37,50.0,0.4,137.22,0.41,164.0,0.6,137.22,0.59,164.0,0.61,5.0,0.63,50.0,0.01,0.01,2335.539345,1776263708000
1776263710.14,10.14,0.39,2.8,0.38,10.0,0.42,70.0,0.43,70.0,0.6,27.54,0.59,164.0,0.61,2.8,0.63,50.0,0.03,0.01,2335.539345,1776263708000
1776263710.403,10.403,0.38,2.8,0.37,65.0,0.4,15.0,0.41,23.0,0.58,70.0,0.57,70.0,0.61,2.8,0.62,10.0,0.02,0.03,2335.539345,1776263708000
1776263710.617,10.617,0.38,2.8,0.37,75.0,0.39,88.46,0.4,10.0,0.6,15.0,0.59,23.0,0.62,2.8,0.63,65.0,0.01,0.02,2335.602035,1776263709000
1776263710.961,10.961,0.38,2.8,0.37,65.0,0.39,83.46,0.4,10.0,0.61,83.46,0.6,10.0,0.62,2.8,0.63,65.0,0.01,0.01,2335.623093,1776263710000
1776263711.337,11.337,0.38,67.8,0.37,70.0,0.39,60.0,0.4,29.0,0.6,2.32,0.59,20.0,0.62,2.8,0.63,70.0,0.01,0.02,2335.623093,1776263710000
1776263711.735,11.735,0.38,71.77,0.37,60.0,0.41,11.65,0.42,92.0,0.61,43.0,0.6,29.0,0.62,61.77,0.63,60.0,0.03,0.01,2335.623093,1776263710000
1776263712.128,12.128,0.41,20.0,0.4,64.75,0.43,78.0,0.44,111.0,0.59,11.65,0.58,73.0,0.6,4.75,0.61,10.0,0.02,0.01,2335.623903,1776263711000
1776263712.592,12.592,0.43,203.24,0.42,180.0,0.44,5.0,0.45,55.0,0.57,78.0,0.56,111.0,0.59,20.0,0.6,64.75,0.01,0.02,2335.623903,1776263711000
1776263712.849,12.849,0.45,5.38,0.44,15.0,0.46,47.8,0.47,70.0,0.54,89.76,0.53,70.0,0.55,5.38,0.56,10.0,0.01,0.01,2335.623903,1776263711000
1776263713.24,13.24,0.45,45.5,0.44,25.06,0.46,11.3,0.47,72.0,0.54,45.8,0.53,82.0,0.55,10.0,0.56,14.56,0.01,0.01,2335.741574,1776263712000
1776263713.861,13.861,0.46,185.0,0.45,215.5,0.47,1.59,0.48,15.5,0.54,11.3,0.53,72.0,0.55,45.5,0.56,25.06,0.01,0.01,2335.741574,1776263712000
1776263714.187,14.187,0.47,175.5,0.46,305.5,0.51,15.5,0.52,5.0,0.52,20.5,0.51,77.0,0.54,180.0,0.55,215.5,0.04,0.02,2335.741574,1776263712000
1776263714.502,14.502,0.51,110.0,0.5,120.0,0.53,11.0,0.54,133.0,0.49,10.5,0.48,10.0,0.5,15.0,0.51,115.0,0.02,0.01,2335.8457,1776263713000
1776263715.026,15.026,0.53,58.72,0.52,185.5,0.55,15.5,0.56,84.09,0.46,105.0,0.45,77.0,0.47,3.72,0.48,160.0,0.02,0.01,2335.8457,1776263713000
1776263715.339,15.339,0.54,15.0,0.53,58.72,0.56,83.32,0.57,113.0,0.45,29.86,0.44,84.09,0.46,15.0,0.47,58.72,0.02,0.01,2336.063342,1776263714000
1776263715.709,15.709,0.55,64.58,0.54,60.0,0.56,51.59,0.57,68.0,0.44,83.32,0.43,113.0,0.46,15.0,0.47,58.72,0.01,0.02,2336.063342,1776263714000
1776263717.199,17.199,0.56,76.0,0.55,160.0,0.58,31.5,0.59,10.0,0.43,68.0,0.42,89.0,0.45,69.58,0.46,70.0,0.02,0.02,2336.965199,1776263716000
1776263717.62,17.62,0.57,76.0,0.56,81.0,0.58,0.5,0.59,37.5,0.42,31.5,0.41,10.0,0.44,76.0,0.45,160.0,0.01,0.02,2336.965199,1776263716000
1776263718.161,18.161,0.58,68.61,0.57,71.0,0.59,134.6,0.6,110.0,0.41,42.5,0.4,102.0,0.42,13.61,0.43,71.0,0.01,0.01,2336.965199,1776263716000
1776263718.472,18.472,0.58,68.61,0.57,71.0,0.59,124.6,0.6,110.0,0.41,134.6,0.4,110.0,0.42,68.61,0.43,71.0,0.01,0.01,2337.06888,1776263717000
1776263720.073,20.073,0.58,68.61,0.57,71.0,0.59,44.14,0.6,225.88,0.41,124.6,0.4,110.0,0.42,68.61,0.43,71.0,0.01,0.01,2337.197709,1776263718000
1776263721.005,21.005,0.58,60.0,0.57,60.0,0.59,85.64,0.6,225.88,0.41,44.14,0.4,225.88,0.42,68.61,0.43,71.0,0.01,0.01,2337.23708,1776263720000
1776263721.362,21.362,0.58,10.89,0.57,60.0,0.59,174.5,0.6,225.88,0.41,139.5,0.4,225.88,0.42,22.0,0.43,60.0,0.01,0.01,2337.23708,1776263720000
1776263721.674,21.674,0.56,78.92,0.55,60.0,0.58,123.32,0.59,141.5,0.41,174.5,0.4,225.88,0.42,10.89,0.43,60.0,0.02,0.01,2337.23708,1776263720000
1776263721.914,21.914,0.56,14.3,0.55,60.0,0.57,223.24,0.58,181.32,0.42,123.32,0.41,141.5,0.44,78.92,0.45,60.0,0.01,0.02,2337.23708,1776263720000
1776263722.213,22.213,0.54,10.0,0.53,105.0,0.55,68.18,0.56,128.5,0.43,283.24,0.42,231.32,0.46,10.0,0.47,45.0,0.01,0.03,2337.23708,1776263720000
1776263722.591,22.591,0.54,18.65,0.53,12.0,0.55,84.0,0.56,49.5,0.45,20.0,0.44,80.0,0.46,16.58,0.49,206.62,0.01,0.01,2337.23708,1776263720000
1776263722.933,22.933,0.52,12.0,0.51,153.5,0.55,125.0,0.56,99.5,0.45,208.56,0.44,99.5,0.46,0.45,0.47,12.0,0.03,0.01,2337.290767,1776263721000
1776263723.66,23.66,0.51,100.06,0.5,35.0,0.52,120.0,0.53,123.0,0.45,125.0,0.44,99.5,0.48,12.0,0.49,153.5,0.01,0.03,2337.201168,1776263722000
1776263723.91,23.91,0.51,25.06,0.5,35.0,0.52,169.83,0.53,123.0,0.48,164.83,0.47,123.0,0.49,25.06,0.5,35.0,0.01,0.01,2337.201168,1776263722000
1776263724.211,24.211,0.51,5.06,0.5,35.0,0.52,170.71,0.53,123.0,0.48,169.83,0.47,123.0,0.49,25.06,0.5,35.0,0.01,0.01,2337.068495,1776263723000
1776263725.279,25.279,0.5,35.0,0.49,70.0,0.51,85.0,0.52,144.26,0.48,208.59,0.47,133.5,0.5,35.0,0.51,70.0,0.01,0.02,2337.068495,1776263723000
1776263727.322,27.322,0.48,5.0,0.47,25.0,0.49,20.0,0.5,143.0,0.49,85.0,0.48,144.26,0.5,35.0,0.51,70.0,0.01,0.01,2336.474938,1776263726000
1776263728.382,28.382,0.47,47.5,0.46,201.77,0.49,75.0,0.5,178.0,0.51,58.0,0.5,133.0,0.53,25.0,0.54,190.5,0.02,0.02,2336.368817,1776263727000
1776263728.689,28.689,0.47,103.5,0.46,211.77,0.48,5.0,0.49,25.0,0.51,75.0,0.5,178.0,0.53,47.5,0.54,201.77,0.01,0.02,2336.368817,1776263727000
1776263729.592,29.592,0.48,120.73,0.47,141.5,0.49,15.0,0.5,15.0,0.51,10.0,0.5,168.0,0.52,5.38,0.53,138.5,0.01,0.01,2336.334937,1776263728000
1776263729.885,29.885,0.48,81.53,0.47,97.5,0.49,15.0,0.5,65.0,0.51,15.0,0.5,15.0,0.52,120.73,0.53,141.5,0.01,0.01,2336.334937,1776263728000
1776263731.233,31.233,0.46,150.46,0.45,210.5,0.47,16.87,0.48,23.0,0.51,9.77,0.5,65.0,0.52,62.0,0.53,75.5,0.01,0.01,2336.335628,1776263729000
1776263731.896,31.896,0.48,85.49,0.47,246.5,0.49,9.8,0.51,15.0,0.52,12.0,0.51,24.8,0.54,145.46,0.55,210.5,0.01,0.02,2336.453951,1776263730000
1776263732.258,32.258,0.49,79.1,0.48,253.51,0.5,25.0,0.51,85.0,0.49,15.0,0.48,135.0,0.52,249.51,0.53,236.5,0.01,0.03,2336.399372,1776263731000
1776263732.505,32.505,0.49,108.49,0.48,248.51,0.5,10.0,0.51,25.0,0.5,25.0,0.49,85.0,0.51,79.1,0.52,253.51,0.01,0.01,2336.399372,1776263731000
1776263733.033,33.033,0.49,5.0,0.48,172.65,0.5,177.0,0.51,40.0,0.5,10.0,0.49,25.0,0.51,108.49,0.52,248.51,0.01,0.01,2336.399372,1776263731000
1776263733.428,33.428,0.48,156.18,0.46,101.85,0.49,214.0,0.5,125.5,0.51,20.0,0.5,183.0,0.52,161.18,0.54,162.35,0.01,0.01,2336.328207,1776263732000
1776263733.694,33.694,0.48,124.89,0.46,101.85,0.49,349.5,0.5,109.5,0.51,340.5,0.5,95.5,0.52,129.89,0.54,101.85,0.01,0.01,2336.328207,1776263732000
1776263733.917,33.917,0.46,61.85,0.45,145.0,0.47,130.0,0.48,29.0,0.51,349.5,0.5,171.72,0.54,101.85,0.55,145.0,0.01,0.03,2336.328207,1776263732000
1776263734.215,34.215,0.45,10.0,0.44,240.5,0.47,209.0,0.48,44.5,0.53,169.0,0.52,39.5,0.54,24.07,0.55,10.0,0.02,0.01,2336.328207,1776263732000
1776263735.264,35.264,0.44,242.82,0.43,84.0,0.45,55.0,0.46,85.0,0.53,209.0,0.52,44.5,0.55,10.0,0.56,240.5,0.01,0.02,2336.50385,1776263734000
1776263736.512,36.512,0.44,48.21,0.43,75.5,0.45,136.8,0.46,223.5,0.55,55.0,0.54,85.0,0.56,245.85,0.57,79.0,0.01,0.01,2336.169648,1776263735000
1776263738.685,38.685,0.42,212.5,0.41,132.0,0.43,5.0,0.44,20.0,0.55,136.8,0.54,223.5,0.56,48.21,0.57,75.5,0.01,0.01,2335.893941,1776263737000
1776263739.793,39.793,0.42,113.73,0.41,147.0,0.43,30.5,0.44,20.0,0.57,1.5,0.56,20.0,0.58,92.5,0.59,132.0,0.01,0.01,2335.880541,1776263738000
1776263740.115,40.115,0.42,276.73,0.41,264.0,0.44,15.0,0.46,45.0,0.57,30.5,0.56,20.0,0.58,113.73,0.59,147.0,0.02,0.01,2335.819594,1776263739000
1776263740.844,40.844,0.44,50.0,0.43,55.0,0.46,71.82,0.47,99.0,0.55,10.0,0.54,45.0,0.57,48.5,0.58,259.73,0.02,0.02,2335.819594,1776263739000
1776263741.063,41.063,0.43,2.0,0.42,66.23,0.44,85.0,0.45,70.0,0.54,71.82,0.53,99.0,0.56,50.0,0.57,55.0,0.01,0.02,2335.819594,1776263739000
1776263742.487,42.487,0.43,62.95,0.42,241.5,0.44,15.0,0.45,20.0,0.56,90.0,0.55,84.0,0.58,58.23,0.59,135.0,0.01,0.02,2336.08488,1776263741000
1776263742.725,42.725,0.43,92.85,0.42,241.5,0.44,18.11,0.45,25.0,0.56,14.0,0.55,25.0,0.57,87.85,0.58,241.5,0.01,0.01,2336.08488,1776263741000
1776263743.694,43.694,0.43,110.3,0.42,280.5,0.44,9.11,0.45,34.26,0.56,11.01,0.55,25.0,0.57,121.85,0.58,280.5,0.01,0.01,2335.994464,1776263742000
1776263744.276,44.276,0.43,35.0,0.42,120.5,0.44,19.11,0.45,29.26,0.56,9.11,0.55,34.26,0.57,110.3,0.58,280.5,0.01,0.01,2335.891767,1776263743000
1776263744.606,44.606,0.43,45.5,0.42,203.5,0.44,11.11,0.45,29.26,0.56,19.11,0.55,29.26,0.57,35.0,0.58,120.5,0.01,0.01,2335.891767,1776263743000
1776263745.765,45.765,0.43,86.5,0.42,222.5,0.44,46.11,0.45,28.26,0.56,11.11,0.55,29.26,0.57,45.5,0.58,203.5,0.01,0.01,2336.10113,1776263744000
1776263747.259,47.259,0.43,101.5,0.42,104.5,0.44,10.92,0.45,43.26,0.56,46.11,0.55,28.26,0.57,86.5,0.58,222.5,0.01,0.01,2336.03882,1776263745000
1776263747.955,47.955,0.43,264.5,0.42,254.5,0.44,1.11,0.45,42.26,0.56,10.92,0.55,43.26,0.57,101.5,0.58,104.5,0.01,0.01,2336.03882,1776263745000
1776263748.661,48.661,0.45,375.49,0.44,270.78,0.48,70.0,0.49,10.0,0.54,54.51,0.53,20.0,0.56,189.5,0.57,396.49,0.03,0.02,2336.03882,1776263745000
1776263749.469,49.469,0.48,71.3,0.47,226.5,0.49,10.0,0.5,162.0,0.52,70.0,0.51,10.0,0.55,375.49,0.56,270.78,0.01,0.03,2336.03882,1776263745000
1776263750.103,50.103,0.48,131.3,0.47,226.5,0.5,175.2,0.51,135.5,0.51,10.0,0.5,162.0,0.52,71.3,0.53,226.5,0.02,0.01,2336.03882,1776263745000
1776263751.397,51.397,0.49,133.61,0.48,85.5,0.5,168.2,0.51,135.5,0.5,178.2,0.49,135.5,0.53,161.73,0.54,207.69,0.01,0.03,2336.03882,1776263745000
1776263752.279,52.279,0.49,58.11,0.48,15.5,0.5,188.7,0.51,135.5,0.5,168.2,0.49,135.5,0.51,133.61,0.52,85.5,0.01,0.01,2336.03882,1776263745000
1776263755.324,55.324,0.48,15.5,0.47,172.23,0.49,38.08,0.5,98.7,0.5,188.7,0.49,135.5,0.51,58.11,0.52,15.5,0.01,0.01,2336.65034,1776263754000
1776263758.192,58.192,0.45,6.18,0.44,10.0,0.46,196.5,0.47,346.5,0.51,38.08,0.5,98.7,0.52,15.5,0.53,172.23,0.01,0.01,2336.692219,1776263756000
1776263760.425,60.425,0.45,51.38,0.44,10.5,0.46,100.5,0.47,212.34,0.54,196.5,0.53,346.5,0.55,6.18,0.56,10.0,0.01,0.01,2336.11022,1776263759000
1776263761.156,61.156,0.47,78.5,0.46,130.5,0.48,110.0,0.49,129.5,0.54,100.5,0.53,212.34,0.55,51.38,0.56,10.5,0.01,0.01,2336.04748,1776263760000
1776263761.684,61.684,0.47,83.5,0.46,242.5,0.48,110.0,0.49,95.0,0.52,110.0,0.51,129.5,0.53,78.5,0.54,130.5,0.01,0.01,2336.04748,1776263760000
1776263762.192,62.192,0.48,167.01,0.47,225.31,0.49,25.0,0.5,87.2,0.52,110.0,0.51,95.0,0.53,86.31,0.54,242.5,0.01,0.01,2336.04748,1776263760000
1776263762.999,62.999,0.49,139.5,0.48,159.01,0.5,73.0,0.51,200.0,0.5,79.3,0.49,160.0,0.52,167.01,0.53,230.31,0.01,0.02,2336.100292,1776263761000
1776263763.893,63.893,0.49,138.26,0.48,154.01,0.5,83.0,0.51,200.0,0.5,73.0,0.49,200.0,0.51,139.5,0.52,159.01,0.01,0.01,2336.341694,1776263762000
1776263765.19,65.19,0.48,182.5,0.47,112.5,0.5,83.0,0.51,200.0,0.5,83.0,0.49,200.0,0.51,138.26,0.52,154.01,0.02,0.01,2336.674745,1776263763000
1776263765.474,65.474,0.49,90.65,0.48,139.5,0.5,18.0,0.51,200.0,0.5,83.0,0.49,200.0,0.52,182.5,0.53,112.5,0.01,0.02,2336.674745,1776263763000
1776263768.087,68.087,0.49,491.21,0.48,119.5,0.5,3.0,0.51,120.0,0.5,18.0,0.49,200.0,0.51,90.65,0.52,139.5,0.01,0.01,2336.620045,1776263766000
1776263768.317,68.317,0.51,115.5,0.5,130.5,0.52,2.32,0.53,53.0,0.48,7.32,0.47,53.0,0.49,110.5,0.5,125.5,0.01,0.01,2336.620045,1776263766000
1776263768.521,68.521,0.52,4.89,0.51,90.5,0.53,50.86,0.54,50.0,0.47,45.86,0.46,50.0,0.49,90.5,0.5,130.5,0.01,0.02,2336.702835,1776263767000
1776263768.837,68.837,0.52,118.76,0.51,105.5,0.54,24.0,0.55,200.0,0.47,6.86,0.46,24.0,0.48,103.26,0.49,110.5,0.02,0.01,2336.702835,1776263767000
1776263769.219,69.219,0.53,86.5,0.52,242.1,0.54,9.19,0.55,200.0,0.46,24.0,0.45,200.0,0.48,118.76,0.49,105.5,0.01,0.02,2336.699,1776263768000
1776263770.253,70.253,0.54,186.5,0.53,85.5,0.57,98.3,0.58,122.5,0.46,9.19,0.45,200.0,0.47,86.5,0.48,242.1,0.03,0.01,2337.237369,1776263769000
1776263771.111,71.111,0.56,38.0,0.55,100.5,0.57,81.8,0.58,156.5,0.43,70.3,0.42,122.5,0.44,25.5,0.45,35.5,0.01,0.01,2337.38867,1776263770000
1776263772.675,72.675,0.54,15.0,0.53,10.0,0.55,105.22,0.56,85.5,0.43,81.8,0.42,156.5,0.44,38.0,0.45,100.5,0.01,0.01,2337.396276,1776263771000
1776263772.995,72.995,0.53,35.5,0.52,35.5,0.54,33.28,0.55,83.5,0.45,155.3,0.44,145.5,0.46,10.0,0.47,10.0,0.01,0.01,2337.396276,1776263771000
1776263773.739,73.739,0.53,58.5,0.52,40.5,0.54,20.0,0.55,150.5,0.46,33.28,0.45,83.5,0.47,35.5,0.48,35.5,0.01,0.01,2337.43071,1776263772000
1776263775.159,75.159,0.51,45.0,0.5,30.5,0.53,194.5,0.54,153.5,0.46,20.0,0.45,150.5,0.47,58.5,0.48,40.5,0.02,0.01,2337.178877,1776263774000
1776263775.678,75.678,0.51,45.3,0.5,85.5,0.52,149.3,0.53,109.13,0.47,194.5,0.46,153.5,0.49,45.0,0.5,30.5,0.01,0.02,2337.178877,1776263774000
1776263775.954,75.954,0.51,50.3,0.5,85.5,0.52,105.71,0.53,99.13,0.48,149.3,0.47,109.13,0.49,45.3,0.5,85.5,0.01,0.01,2337.178877,1776263774000
1776263776.823,76.823,0.51,34.8,0.5,90.5,0.52,124.21,0.53,99.13,0.48,105.71,0.47,99.13,0.49,50.3,0.5,85.5,0.01,0.01,2337.169683,1776263775000
1776263778.43,78.43,0.5,10.3,0.49,125.0,0.52,109.71,0.53,100.5,0.48,124.21,0.47,99.13,0.49,34.8,0.5,90.5,0.02,0.01,2337.035347,1776263777000
1776263778.857,78.857,0.49,165.5,0.48,165.5,0.51,24.0,0.52,112.5,0.48,104.71,0.47,75.5,0.51,125.0,0.52,155.5,0.02,0.03,2337.035347,1776263777000
1776263779.165,79.165,0.51,87.68,0.5,110.5,0.52,107.0,0.53,81.5,0.49,24.0,0.48,112.5,0.51,165.5,0.52,165.5,0.01,0.02,2337.035347,1776263777000
1776263779.675,79.675,0.53,68.0,0.52,80.5,0.54,95.35,0.55,110.5,0.48,107.0,0.47,81.5,0.49,87.68,0.5,110.5,0.01,0.01,2337.035347,1776263777000
1776263780.309,80.309,0.53,172.5,0.52,114.5,0.55,97.0,0.56,67.0,0.46,95.35,0.45,110.5,0.47,68.0,0.48,80.5,0.02,0.01,2336.998951,1776263778000
1776263780.538,80.538,0.54,183.5,0.53,164.5,0.56,51.0,0.57,66.8,0.45,97.0,0.44,67.0,0.47,172.5,0.48,114.5,0.02,0.02,2336.958206,1776263779000
1776263781.202,81.202,0.55,157.0,0.54,155.5,0.56,38.31,0.57,95.8,0.44,40.28,0.43,66.8,0.45,10.0,0.46,178.5,0.01,0.01,2336.982536,1776263780000
1776263781.622,81.622,0.55,177.5,0.54,165.5,0.56,1.43,0.57,95.8,0.44,38.31,0.43,95.8,0.45,157.0,0.46,155.5,0.01,0.01,2336.982536,1776263780000
1776263782.253,82.253,0.55,25.0,0.54,45.0,0.57,132.8,0.58,178.5,0.43,95.8,0.42,127.5,0.45,172.5,0.46,165.5,0.02,0.02,2337.107249,1776263781000
1776263782.78,82.78,0.55,22.77,0.54,110.5,0.56,70.03,0.57,90.8,0.44,18.03,0.43,125.8,0.45,15.0,0.46,45.0,0.01,0.01,2337.107249,1776263781000
1776263783.667,83.667,0.56,147.22,0.55,153.27,0.57,60.3,0.58,140.5,0.44,70.03,0.43,90.8,0.45,22.77,0.46,110.5,0.01,0.01,2337.227719,1776263782000
1776263785.247,85.247,0.56,137.5,0.55,106.5,0.58,34.0,0.59,185.0,0.43,60.3,0.42,140.5,0.44,147.22,0.45,153.27,0.02,0.01,2337.277,1776263784000
1776263785.68,85.68,0.57,9.88,0.56,15.0,0.58,48.5,0.59,195.5,0.42,15.0,0.41,192.0,0.44,35.5,0.45,96.5,0.01,0.02,2337.277,1776263784000
1776263786.323,86.323,0.58,23.0,0.57,40.83,0.59,255.5,0.6,171.5,0.42,53.5,0.41,190.5,0.43,5.83,0.44,25.5,0.01,0.01,2337.39624,1776263785000
1776263788.311,88.311,0.59,61.5,0.58,292.5,0.6,2.11,0.61,200.0,0.41,255.5,0.4,171.5,0.42,23.0,0.43,40.83,0.01,0.01,2337.47746,1776263786000
1776263788.772,88.772,0.59,204.5,0.58,286.5,0.61,25.0,0.62,25.0,0.4,2.01,0.39,200.0,0.41,61.5,0.42,292.5,0.02,0.01,2337.523819,1776263787000
1776263789.668,89.668,0.59,259.5,0.58,251.5,0.6,1.85,0.61,10.0,0.4,1.85,0.39,25.0,0.41,204.5,0.42,286.5,0.01,0.01,2337.523819,1776263788000
1776263790.792,90.792,0.59,226.5,0.58,261.5,0.6,6.85,0.61,70.0,0.4,1.85,0.39,10.0,0.41,259.5,0.42,251.5,0.01,0.01,2337.556683,1776263789000
1776263793.492,93.492,0.59,200.5,0.58,176.5,0.61,20.0,0.62,25.0,0.4,6.85,0.39,70.0,0.41,226.5,0.42,261.5,0.02,0.01,2337.94879,1776263792000
1776263794.817,94.817,0.6,114.5,0.59,86.96,0.61,37.44,0.62,85.5,0.39,13.44,0.38,25.0,0.4,66.5,0.41,157.96,0.01,0.01,2337.94879,1776263792000
1776263795.364,95.364,0.6,130.0,0.59,86.96,0.61,34.24,0.62,75.0,0.39,37.44,0.38,85.5,0.4,114.5,0.41,86.96,0.01,0.01,2337.897473,1776263793000
1776263796.027,96.027,0.6,358.0,0.59,181.96,0.61,2.91,0.62,25.0,0.39,34.24,0.38,75.0,0.4,130.0,0.41,86.96,0.01,0.01,2337.9302,1776263795000
1776263796.442,96.442,0.65,95.5,0.64,95.5,0.69,100.0,0.7,85.5,0.38,25.0,0.37,75.0,0.4,363.0,0.41,181.96,0.04,0.02,2337.9302,1776263795000
1776263797.349,97.349,0.68,35.0,0.67,31.0,0.69,5.5,0.7,95.5,0.31,100.0,0.3,85.5,0.35,95.5,0.36,95.5,0.01,0.04,2337.946357,1776263796000
1776263797.616,97.616,0.68,135.0,0.67,31.0,0.69,0.5,0.7,95.5,0.31,5.5,0.3,95.5,0.32,35.0,0.33,31.0,0.01,0.01,2337.946357,1776263796000
1776263797.944,97.944,0.68,130.0,0.67,131.0,0.7,94.56,0.71,72.0,0.31,0.5,0.3,95.5,0.32,135.0,0.33,31.0,0.02,0.01,2337.946357,1776263796000
1776263798.663,98.663,0.68,10.0,0.67,115.0,0.7,146.56,0.71,65.0,0.3,94.56,0.29,72.0,0.32,130.0,0.33,131.0,0.02,0.02,2338.421473,1776263797000
1776263798.99,98.99,0.66,10.0,0.65,26.0,0.69,7.0,0.7,125.56,0.3,146.56,0.29,65.0,0.32,10.0,0.33,115.0,0.03,0.02,2338.421473,1776263797000
1776263799.585,99.585,0.68,15.0,0.67,20.0,0.7,162.31,0.71,70.0,0.3,99.31,0.29,65.0,0.35,20.62,0.36,80.5,0.02,0.05,2338.552232,1776263798000
1776263799.864,99.864,0.69,14.83,0.68,10.0,0.7,172.17,0.71,85.0,0.3,163.31,0.29,80.0,0.31,9.83,0.32,10.0,0.01,0.01,2338.552232,1776263798000
1776263800.174,100.174,0.67,116.02,0.66,140.5,0.7,207.72,0.71,92.0,0.3,175.72,0.29,92.0,0.31,19.83,0.32,10.0,0.03,0.01,2338.517506,1776263799000
1776263800.484,100.484,0.69,62.85,0.68,129.0,0.7,148.72,0.71,85.0,0.3,207.72,0.29,92.0,0.33,116.02,0.34,140.5,0.01,0.03,2338.517506,1776263799000
1776263800.953,100.953,0.69,41.0,0.68,148.0,0.7,137.72,0.71,85.0,0.3,148.72,0.29,85.0,0.31,62.85,0.32,129.0,0.01,0.01,2338.517506,1776263799000
1776263801.299,101.299,0.69,33.0,0.68,20.0,0.7,165.23,0.71,85.0,0.3,134.23,0.29,85.0,0.31,41.0,0.32,148.0,0.01,0.01,2338.418548,1776263800000
1776263802.155,102.155,0.7,26.0,0.69,131.5,0.71,68.45,0.72,96.0,0.3,165.23,0.29,85.0,0.31,33.0,0.32,20.0,0.01,0.01,2338.418548,1776263800000
1776263803.01,103.01,0.72,138.0,0.71,182.5,0.73,122.01,0.74,111.0,0.29,68.45,0.28,96.0,0.3,26.0,0.31,131.5,0.01,0.01,2338.363679,1776263801000
1776263804.59,104.59,0.72,133.0,0.71,166.0,0.73,73.36,0.74,122.5,0.27,122.01,0.26,111.0,0.28,138.0,0.29,182.5,0.01,0.01,2338.704266,1776263803000
1776263805.264,105.264,0.72,145.0,0.71,241.5,0.73,68.36,0.74,122.5,0.27,73.36,0.26,122.5,0.28,133.0,0.29,166.0,0.01,0.01,2338.816675,1776263804000
1776263806.624,106.624,0.72,117.74,0.71,216.5,0.73,77.5,0.74,122.5,0.27,68.36,0.26,122.5,0.28,145.0,0.29,241.5,0.01,0.01,2338.891635,1776263805000
1776263807.653,107.653,0.72,127.74,0.71,246.5,0.73,72.51,0.74,122.5,0.27,77.5,0.26,122.5,0.28,117.74,0.29,216.5,0.01,0.01,2338.79561,1776263806000
1776263808.002,108.002,0.72,127.74,0.71,176.0,0.73,32.71,0.74,122.5,0.27,72.51,0.26,122.5,0.28,127.74,0.29,246.5,0.01,0.01,2338.79561,1776263806000
1776263809.947,109.947,0.72,110.85,0.71,131.5,0.73,5.0,0.74,132.5,0.27,32.71,0.26,122.5,0.28,127.74,0.29,176.0,0.01,0.01,2338.772781,1776263808000
1776263810.686,110.686,0.72,95.85,0.71,126.5,0.73,41.13,0.74,127.5,0.27,5.0,0.26,132.5,0.28,110.85,0.29,131.5,0.01,0.01,2338.730548,1776263809000
1776263810.944,110.944,0.72,100.85,0.71,126.5,0.73,53.76,0.74,127.5,0.27,41.13,0.26,127.5,0.28,95.85,0.29,126.5,0.01,0.01,2338.730548,1776263809000
1776263811.98,111.98,0.72,37.0,0.71,20.0,0.73,176.5,0.74,181.5,0.27,63.76,0.26,127.5,0.28,90.85,0.29,106.0,0.01,0.01,2338.803838,1776263811000
1776263812.539,112.539,0.68,70.0,0.67,40.5,0.7,41.5,0.71,90.5,0.3,31.5,0.29,116.5,0.31,15.0,0.32,70.0,0.02,0.01,2338.803838,1776263811000
1776263812.975,112.975,0.69,4.0,0.68,70.0,0.7,57.5,0.71,90.5,0.3,41.5,0.29,90.5,0.32,70.0,0.33,40.5,0.01,0.02,2338.803838,1776263811000
1776263813.63,113.63,0.69,0.06,0.68,75.0,0.7,112.0,0.71,80.5,0.3,57.5,0.29,90.5,0.31,4.0,0.32,70.0,0.01,0.01,2338.842109,1776263812000
1776263814.161,114.161,0.7,24.0,0.69,65.0,0.71,105.5,0.72,80.5,0.3,112.0,0.29,80.5,0.31,0.06,0.32,75.0,0.01,0.01,2338.842109,1776263812000
1776263814.487,114.487,0.7,24.0,0.69,70.0,0.71,95.5,0.72,80.5,0.29,105.5,0.28,80.5,0.3,24.0,0.31,65.0,0.01,0.01,2338.842109,1776263812000
1776263815.575,115.575,0.7,24.0,0.69,70.0,0.71,95.09,0.72,80.5,0.29,95.5,0.28,80.5,0.3,24.0,0.31,70.0,0.01,0.01,2338.353209,1776263814000
1776263817.309,117.309,0.7,24.0,0.69,10.0,0.71,100.09,0.72,100.5,0.29,95.09,0.28,80.5,0.3,24.0,0.31,70.0,0.01,0.01,2338.365054,1776263815000
1776263817.6,117.6,0.7,20.66,0.69,10.0,0.71,131.09,0.72,100.5,0.29,100.09,0.28,100.5,0.3,24.0,0.31,10.0,0.01,0.01,2338.446907,1776263816000
1776263818.504,118.504,0.69,7.14,0.68,70.0,0.71,124.5,0.72,140.5,0.29,131.09,0.28,100.5,0.3,20.66,0.31,10.0,0.02,0.01,2338.425889,1776263817000
1776263818.83,118.83,0.69,57.14,0.68,135.5,0.7,29.85,0.71,104.5,0.29,124.5,0.28,140.5,0.31,7.14,0.32,70.0,0.01,0.02,2338.425889,1776263817000
1776263822.003,122.003,0.63,10.0,0.62,115.8,0.66,90.5,0.67,77.5,0.3,29.85,0.29,104.5,0.31,57.14,0.32,135.5,0.03,0.01,2338.382135,1776263820000
1776263823.399,123.399,0.65,17.88,0.64,35.5,0.67,15.0,0.68,91.0,0.34,90.5,0.33,77.5,0.37,10.0,0.38,115.8,0.02,0.03,2337.987403,1776263822000
1776263823.925,123.925,0.67,62.0,0.66,38.07,0.68,5.0,0.69,139.5,0.33,15.0,0.32,91.0,0.35,17.88,0.36,35.5,0.01,0.02,2337.987403,1776263822000
1776263824.172,124.172,0.67,10.83,0.66,38.07,0.68,15.0,0.69,60.0,0.32,5.0,0.31,139.5,0.33,5.48,0.34,38.07,0.01,0.01,2337.805954,1776263823000
1776263824.748,124.748,0.67,10.72,0.66,80.5,0.68,72.0,0.69,55.0,0.32,15.0,0.31,60.0,0.33,10.83,0.34,38.07,0.01,0.01,2337.805954,1776263823000
1776263826.279,126.279,0.68,4.65,0.67,19.0,0.69,10.0,0.7,100.5,0.32,72.0,0.31,55.0,0.33,10.72,0.34,80.5,0.01,0.01,2337.97116,1776263824000
1776263826.891,126.891,0.64,46.65,0.63,85.5,0.65,10.0,0.66,25.5,0.31,30.0,0.3,105.5,0.33,19.0,0.34,29.0,0.01,0.02,2338.095085,1776263825000
1776263827.668,127.668,0.64,20.0,0.63,115.5,0.65,85.5,0.66,100.5,0.35,10.0,0.34,25.5,0.36,46.65,0.37,85.5,0.01,0.01,2338.095085,1776263825000
1776263830.36,130.36,0.55,59.54,0.54,162.41,0.56,16.0,0.57,86.5,0.35,85.5,0.34,100.5,0.36,20.0,0.37,115.5,0.01,0.01,2337.98726,1776263828000
1776263831.005,131.005,0.56,130.5,0.55,149.54,0.58,8.27,0.59,10.0,0.44,16.0,0.43,86.5,0.45,59.54,0.46,162.41,0.02,0.01,2337.93939,1776263829000
1776263833.417,133.417,0.57,90.18,0.56,91.5,0.6,25.0,0.61,25.5,0.42,8.27,0.41,10.0,0.44,130.5,0.45,149.54,0.03,0.02,2337.327803,1776263831000
1776263833.862,133.862,0.57,69.5,0.56,86.5,0.58,10.0,0.59,60.0,0.4,25.0,0.39,25.5,0.43,90.18,0.44,91.5,0.01,0.03,2337.36182,1776263832000
1776263834.194,134.194,0.57,5.0,0.56,76.5,0.58,74.65,0.59,80.0,0.42,10.0,0.41,60.0,0.43,69.5,0.44,86.5,0.01,0.01,2337.36182,1776263832000
1776263838.424,138.424,0.59,120.0,0.58,135.5,0.6,66.66,0.61,75.34,0.42,74.65,0.41,80.0,0.43,5.0,0.44,76.5,0.01,0.01,2337.397315,1776263837000
1776263839.891,139.891,0.54,197.41,0.53,176.5,0.55,7.09,0.56,10.0,0.4,66.66,0.39,75.34,0.41,120.0,0.42,135.5,0.01,0.01,2337.515355,1776263838000
1776263840.755,140.755,0.54,202.41,0.53,141.5,0.56,36.69,0.57,88.5,0.45,7.09,0.44,10.0,0.46,197.41,0.47,176.5,0.02,0.01,2337.519924,1776263839000
1776263841.616,141.616,0.58,30.0,0.57,75.0,0.59,71.52,0.6,107.16,0.44,36.69,0.43,88.5,0.46,202.41,0.47,141.5,0.01,0.02,2337.457973,1776263840000
1776263842.558,142.558,0.58,5.0,0.57,30.0,0.59,20.5,0.6,162.16,0.41,71.52,0.4,107.16,0.42,30.0,0.43,75.0,0.01,0.01,2337.394386,1776263841000
1776263844.382,144.382,0.57,10.0,0.56,11.0,0.58,101.33,0.59,80.5,0.41,20.5,0.4,162.16,0.43,23.38,0.44,66.0,0.01,0.02,2337.408802,1776263842000
1776263845.397,145.397,0.58,21.19,0.57,120.5,0.59,55.0,0.6,101.66,0.42,101.33,0.41,80.5,0.43,10.0,0.44,11.0,0.01,0.01,2337.417482,1776263844000
1776263845.668,145.668,0.59,56.0,0.58,121.69,0.6,35.82,0.61,20.0,0.41,55.0,0.4,101.66,0.42,21.19,0.43,120.5,0.01,0.01,2337.417482,1776263844000
1776263846.591,146.591,0.59,130.0,0.58,116.69,0.61,4.8,0.62,10.0,0.4,5.82,0.39,10.0,0.41,76.0,0.42,121.69,0.02,0.01,2337.349315,1776263845000
1776263849.533,149.533,0.69,856.7,0.68,80.0,0.7,25.0,0.71,165.5,0.37,125.0,0.36,25.0,0.39,45.2,0.41,184.0,0.01,0.02,2337.87212,1776263848000
1776263850.678,150.678,0.71,896.9,0.7,133.64,0.72,30.0,0.73,65.0,0.29,165.5,0.28,252.5,0.31,856.7,0.32,80.0,0.01,0.02,2337.87212,1776263848000
1776263851.222,151.222,0.71,886.9,0.7,189.08,0.72,6.37,0.73,20.0,0.28,1.02,0.27,74.0,0.29,901.9,0.3,181.58,0.01,0.01,2337.975223,1776263849000
1776263851.883,151.883,0.71,764.9,0.7,271.08,0.72,4.84,0.73,187.5,0.28,6.37,0.27,20.0,0.29,886.9,0.3,189.08,0.01,0.01,2338.316495,1776263850000
1776263852.451,152.451,0.71,779.9,0.7,271.08,0.72,4.84,0.73,187.5,0.28,4.84,0.27,187.5,0.29,764.9,0.3,271.08,0.01,0.01,2338.357138,1776263851000
1776263853.124,153.124,0.71,784.9,0.7,223.14,0.73,174.34,0.74,150.5,0.28,4.84,0.27,187.5,0.29,779.9,0.3,271.08,0.02,0.01,2338.357138,1776263851000
1776263853.37,153.37,0.72,51.0,0.71,713.9,0.73,154.94,0.74,155.5,0.27,174.34,0.26,150.5,0.29,769.9,0.3,223.14,0.01,0.02,2338.4844,1776263852000
1776263854.028,154.028,0.72,4.0,0.71,33.9,0.73,697.5,0.74,260.5,0.27,154.94,0.26,155.5,0.28,51.0,0.29,713.9,0.01,0.01,2338.4844,1776263852000
1776263854.297,154.297,0.71,51.9,0.7,158.14,0.72,45.5,0.73,682.5,0.27,692.5,0.26,260.5,0.29,31.9,0.3,153.14,0.01,0.02,2338.4844,1776263852000
1776263855.007,155.007,0.71,51.9,0.7,20.0,0.72,739.5,0.73,217.5,0.28,45.5,0.27,682.5,0.29,51.9,0.3,158.14,0.01,0.01,2338.510595,1776263853000
1776263855.536,155.536,0.71,35.0,0.7,242.0,0.72,94.11,0.73,582.5,0.28,606.0,0.27,92.5,0.3,135.0,0.31,16.0,0.01,0.02,2338.510595,1776263854000
1776263856.692,156.692,0.72,314.42,0.71,545.0,0.73,75.5,0.74,140.5,0.28,94.11,0.27,582.5,0.29,35.0,0.3,242.0,0.01,0.01,2338.44387,1776263855000
1776263857.898,157.898,0.72,197.42,0.71,206.0,0.73,65.5,0.74,150.5,0.27,75.5,0.26,140.5,0.28,314.42,0.29,545.0,0.01,0.01,2338.38387,1776263856000
1776263858.329,158.329,0.72,9.0,0.71,15.0,0.73,814.5,0.74,162.5,0.27,65.5,0.26,150.5,0.28,197.42,0.29,206.0,0.01,0.01,2338.295145,1776263857000
1776263859.919,159.919,0.72,0.94,0.71,10.0,0.73,849.5,0.74,166.5,0.27,814.5,0.26,162.5,0.28,9.0,0.29,15.0,0.01,0.01,2338.426129,1776263858000
1776263861.024,161.024,0.72,5.94,0.71,15.0,0.73,570.5,0.74,288.5,0.27,849.5,0.26,166.5,0.28,0.94,0.29,10.0,0.01,0.01,2338.46113,1776263859000
1776263861.404,161.404,0.72,5.94,0.71,15.0,0.73,574.13,0.74,272.5,0.27,570.5,0.26,288.5,0.28,5.94,0.29,15.0,0.01,0.01,2338.34774,1776263860000
1776263862.291,162.291,0.7,10.0,0.69,127.0,0.72,702.5,0.73,220.13,0.27,574.13,0.26,272.5,0.28,5.94,0.29,15.0,0.02,0.01,2338.34774,1776263860000
1776263862.569,162.569,0.69,125.68,0.68,171.0,0.71,145.5,0.72,734.5,0.28,702.5,0.27,220.13,0.3,10.0,0.31,127.0,0.02,0.02,2338.34774,1776263860000
1776263862.888,162.888,0.69,125.68,0.68,223.94,0.7,70.21,0.71,725.5,0.29,145.5,0.28,734.5,0.31,125.68,0.32,171.0,0.01,0.02,2338.34774,1776263860000
1776263864.179,164.179,0.69,257.92,0.68,649.44,0.7,96.71,0.71,130.5,0.3,70.21,0.29,725.5,0.31,125.68,0.32,223.94,0.01,0.01,2338.232692,1776263863000
1776263866.286,166.286,0.7,194.5,0.69,745.42,0.72,5.0,0.73,64.41,0.3,96.71,0.29,130.5,0.31,257.92,0.32,649.44,0.02,0.01,2338.186835,1776263864000
1776263870.904,170.904,0.73,30.56,0.72,103.0,0.74,852.5,0.75,215.5,0.27,64.41,0.26,145.5,0.29,15.0,0.3,194.5,0.01,0.02,2338.42048,1776263869000
1776263871.22,171.22,0.72,72.0,0.71,10.0,0.74,837.5,0.75,332.5,0.26,852.5,0.25,215.5,0.27,30.56,0.28,103.0,0.02,0.01,2338.4604,1776263870000
1776263871.476,171.476,0.72,72.0,0.71,10.0,0.73,100.13,0.74,832.5,0.26,837.5,0.25,332.5,0.28,72.0,0.29,10.0,0.01,0.02,2338.4604,1776263870000
1776263872.08,172.08,0.71,32.5,0.7,16.0,0.73,745.13,0.74,252.5,0.27,580.13,0.26,367.5,0.28,60.0,0.29,10.0,0.02,0.01,2338.4604,1776263870000
1776263872.469,172.469,0.71,8.6,0.7,10.0,0.72,18.0,0.73,150.13,0.27,745.13,0.26,252.5,0.29,32.5,0.3,16.0,0.01,0.02,2338.394301,1776263871000
1776263873.138,173.138,0.7,78.89,0.69,40.0,0.71,77.25,0.72,16.05,0.29,41.4,0.28,11.05,0.3,10.0,0.31,40.0,0.01,0.01,2338.394301,1776263871000
1776263873.75,173.75,0.69,35.0,0.68,168.0,0.71,564.25,0.72,140.0,0.29,77.25,0.28,16.05,0.3,78.89,0.31,40.0,0.02,0.01,2338.206395,1776263872000
1776263874.618,174.618,0.68,45.0,0.67,60.0,0.7,171.85,0.71,90.25,0.29,564.25,0.28,140.0,0.31,35.0,0.32,168.0,0.02,0.02,2338.089093,1776263873000
1776263874.909,174.909,0.68,45.0,0.67,187.0,0.69,52.55,0.7,175.85,0.3,171.85,0.29,90.25,0.32,45.0,0.33,60.0,0.01,0.02,2338.089093,1776263873000
1776263875.797,175.797,0.67,70.0,0.66,45.0,0.69,197.96,0.7,185.85,0.31,20.3,0.3,175.85,0.32,45.0,0.33,187.0,0.02,0.01,2338.089146,1776263874000
1776263876.8,176.8,0.63,150.0,0.62,217.0,0.66,13.18,0.67,10.0,0.31,197.96,0.3,185.85,0.33,70.0,0.34,45.0,0.03,0.02,2337.920573,1776263875000
1776263877.014,177.014,0.63,100.0,0.62,125.0,0.66,43.36,0.68,5.0,0.34,23.18,0.33,10.0,0.37,150.0,0.38,217.0,0.03,0.03,2337.920573,1776263875000
1776263877.421,177.421,0.65,26.0,0.64,15.0,0.68,15.5,0.69,15.5,0.34,43.36,0.32,5.0,0.37,100.0,0.38,125.0,0.03,0.03,2337.899562,1776263876000
1776263877.916,177.916,0.63,105.0,0.62,125.0,0.64,69.83,0.65,28.5,0.32,15.5,0.31,15.5,0.35,26.0,0.36,15.0,0.01,0.03,2337.899562,1776263876000
1776263878.244,178.244,0.63,50.0,0.62,125.0,0.64,176.59,0.65,28.5,0.36,69.83,0.35,28.5,0.37,105.0,0.38,125.0,0.01,0.01,2337.899562,1776263876000
1776263879.131,179.131,0.62,7.36,0.61,35.0,0.63,5.0,0.64,27.77,0.37,2.13,0.36,296.59,0.38,125.0,0.39,25.0,0.01,0.01,2337.670932,1776263877000
1776263879.391,179.391,0.62,7.36,0.61,35.0,0.64,9.73,0.65,15.5,0.37,5.0,0.36,27.77,0.38,7.36,0.39,35.0,0.02,0.01,2337.683183,1776263878000
1776263879.61,179.61,0.63,15.0,0.62,7.36,0.65,13.96,0.67,20.5,0.36,9.73,0.35,15.5,0.38,7.36,0.39,35.0,0.02,0.02,2337.683183,1776263878000
1776263880.921,180.921,0.65,0.91,0.64,21.0,0.67,15.0,0.68,5.0,0.35,13.96,0.33,20.5,0.37,15.0,0.38,7.36,0.02,0.02,2337.582214,1776263879000
1776263881.916,181.916,0.68,10.0,0.67,21.0,0.7,53.34,0.71,60.0,0.33,15.0,0.32,5.0,0.35,0.91,0.36,21.0,0.02,0.02,2337.565385,1776263880000
1776263882.91,182.91,0.69,5.0,0.68,15.0,0.7,51.85,0.71,65.0,0.31,10.0,0.3,41.85,0.33,1.15,0.34,15.0,0.01,0.02,2337.565385,1776263881000
1776263883.531,183.531,0.65,16.0,0.64,15.0,0.67,3.46,0.68,10.0,0.3,51.85,0.29,65.0,0.31,5.0,0.32,15.0,0.02,0.01,2337.660015,1776263882000
1776263884.099,184.099,0.67,5.0,0.65,26.0,0.69,157.0,0.7,56.85,0.32,13.52,0.31,25.0,0.33,10.0,0.34,15.0,0.02,0.01,2337.660015,1776263882000
1776263884.382,184.382,0.67,5.0,0.66,10.0,0.68,4.58,0.69,157.0,0.31,157.0,0.3,56.85,0.33,5.0,0.35,26.0,0.01,0.02,2337.660015,1776263882000
1776263884.871,184.871,0.64,25.0,0.63,30.5,0.66,17.0,0.67,32.0,0.32,4.58,0.31,157.0,0.35,26.0,0.36,25.0,0.02,0.03,2337.901255,1776263883000
1776263887.258,187.258,0.66,5.41,0.64,26.0,0.67,51.0,0.68,20.0,0.34,17.0,0.33,32.0,0.36,137.0,0.37,30.5,0.01,0.02,2337.839505,1776263885000
1776263887.867,187.867,0.66,5.41,0.65,15.0,0.67,2.34,0.68,25.0,0.33,51.0,0.32,20.0,0.34,5.41,0.36,26.0,0.01,0.01,2337.865231,1776263886000
1776263890.489,190.489,0.64,5.0,0.63,11.0,0.65,13.46,0.66,15.0,0.33,2.34,0.32,25.0,0.34,0.7,0.35,10.0,0.01,0.01,2337.755479,1776263889000
1776263890.915,190.915,0.64,5.0,0.63,67.97,0.65,9.22,0.66,10.0,0.35,11.92,0.34,10.0,0.36,5.0,0.37,67.97,0.01,0.01,2337.755479,1776263889000
1776263893.984,193.984,0.61,10.5,0.6,25.0,0.63,67.0,0.64,72.5,0.35,7.68,0.34,10.0,0.36,5.0,0.37,67.97,0.02,0.01,2337.617061,1776263892000
1776263896.655,196.655,0.6,6.0,0.59,25.0,0.63,30.0,0.64,10.0,0.37,67.0,0.36,72.5,0.39,10.5,0.4,25.0,0.03,0.02,2337.235111,1776263895000
1776263896.902,196.902,0.62,2.68,0.61,16.0,0.63,43.82,0.64,20.0,0.37,25.09,0.36,20.0,0.38,2.68,0.39,16.0,0.01,0.01,2337.235111,1776263895000
1776263897.165,197.165,0.62,5.0,0.61,16.0,0.63,12.85,0.64,25.0,0.37,43.82,0.36,20.0,0.38,2.68,0.39,16.0,0.01,0.01,2337.235111,1776263895000
1776263897.798,197.798,0.63,10.0,0.62,15.0,0.64,5.0,0.65,10.0,0.37,12.85,0.36,25.0,0.38,5.0,0.39,16.0,0.01,0.01,2337.235111,1776263896000
1776263898.161,198.161,0.62,20.0,0.61,26.0,0.63,27.0,0.64,15.0,0.36,5.0,0.35,10.0,0.37,10.0,0.38,15.0,0.01,0.01,2337.25051,1776263897000
1776263898.584,198.584,0.63,10.0,0.62,10.0,0.65,15.0,0.66,95.0,0.37,27.0,0.36,15.0,0.38,10.0,0.39,26.0,0.02,0.01,2337.25051,1776263897000
1776263904.971,204.971,0.67,2.63,0.66,15.0,0.68,26.5,0.69,85.0,0.35,15.0,0.34,95.0,0.37,5.0,0.38,10.0,0.01,0.02,2337.73038,1776263903000
1776263905.591,205.591,0.68,9.0,0.67,2.63,0.69,95.0,0.7,110.0,0.31,85.0,0.3,105.0,0.33,2.63,0.34,20.0,0.01,0.02,2337.723415,1776263904000
1776263905.957,205.957,0.66,12.63,0.65,21.0,0.68,78.0,0.69,130.5,0.32,10.0,0.31,90.0,0.33,2.63,0.34,20.0,0.02,0.01,2337.723415,1776263904000
1776263906.176,206.176,0.67,10.0,0.66,7.63,0.68,92.02,0.69,106.5,0.32,78.0,0.31,130.5,0.34,12.63,0.35,21.0,0.01,0.02,2337.705225,1776263905000
1776263906.406,206.406,0.67,4.0,0.66,7.63,0.68,94.02,0.69,101.5,0.32,99.02,0.31,101.5,0.33,9.0,0.34,7.63,0.01,0.01,2337.705225,1776263905000
1776263907.034,207.034,0.67,5.0,0.66,12.63,0.68,14.02,0.69,90.5,0.32,94.02,0.31,101.5,0.34,6.63,0.35,26.0,0.01,0.02,2337.705225,1776263905000
1776263911.028,211.028,0.7,73.0,0.69,26.0,0.71,103.59,0.72,115.14,0.32,14.02,0.31,90.5,0.33,5.0,0.34,12.63,0.01,0.01,2337.65362,1776263909000
1776263911.668,211.668,0.7,44.0,0.69,15.0,0.71,113.59,0.72,120.14,0.29,103.59,0.28,115.14,0.3,73.0,0.31,26.0,0.01,0.01,2337.68807,1776263910000
1776263912.145,212.145,0.7,17.13,0.69,15.0,0.71,18.59,0.72,120.14,0.29,113.59,0.28,120.14,0.3,44.0,0.31,15.0,0.01,0.01,2337.68807,1776263910000
1776263912.886,212.886,0.65,10.0,0.64,20.0,0.71,183.09,0.72,166.64,0.29,13.59,0.28,120.14,0.3,6.13,0.31,15.0,0.06,0.01,2337.793725,1776263911000
1776263913.125,213.125,0.62,5.0,0.61,15.0,0.65,57.0,0.66,33.0,0.34,61.0,0.33,26.0,0.35,15.8,0.36,20.0,0.03,0.01,2337.793725,1776263911000
1776263914.302,214.302,0.6,5.0,0.59,10.0,0.61,20.64,0.62,72.0,0.35,57.0,0.34,33.0,0.38,5.0,0.39,15.0,0.01,0.03,2337.74103,1776263913000
1776263914.554,214.554,0.6,5.0,0.59,10.0,0.61,17.36,0.62,77.0,0.39,19.0,0.38,77.0,0.4,5.0,0.41,10.0,0.01,0.01,2337.74103,1776263913000
1776263915.202,215.202,0.59,0.24,0.58,5.0,0.61,67.36,0.62,37.0,0.39,17.36,0.38,77.0,0.4,5.0,0.41,10.0,0.02,0.01,2337.335131,1776263914000
1776263915.673,215.673,0.54,174.79,0.53,80.0,0.61,67.36,0.62,42.0,0.39,67.36,0.38,47.0,0.41,0.24,0.42,5.0,0.07,0.02,2337.335131,1776263914000
1776263916.011,216.011,0.54,54.79,0.53,80.0,0.61,70.19,0.62,42.0,0.39,67.36,0.38,42.0,0.46,174.79,0.47,80.0,0.07,0.07,2337.335131,1776263914000
1776263916.258,216.258,0.54,49.15,0.53,80.0,0.58,11.9,0.6,10.8,0.39,70.19,0.38,42.0,0.46,54.79,0.47,80.0,0.04,0.07,2337.335131,1776263914000
1776263916.637,216.637,0.53,4.15,0.52,66.0,0.58,11.9,0.6,10.8,0.42,11.9,0.4,10.8,0.46,49.15,0.47,80.0,0.05,0.04,2336.861878,1776263915000
1776263917.747,217.747,0.51,100.0,0.5,230.0,0.54,5.43,0.56,61.36,0.44,50.0,0.43,11.0,0.47,1.15,0.48,31.0,0.03,0.03,2336.625404,1776263916000
1776263918.131,218.131,0.51,0.97,0.5,205.0,0.56,59.23,0.57,11.0,0.44,59.23,0.43,11.0,0.49,100.0,0.5,230.0,0.05,0.05,2336.15204,1776263917000
1776263918.492,218.492,0.5,80.0,0.49,315.0,0.51,49.03,0.55,11.11,0.44,59.23,0.43,11.0,0.49,0.97,0.5,205.0,0.01,0.05,2336.15204,1776263917000
1776263918.94,218.94,0.46,10.0,0.45,260.0,0.47,25.0,0.5,17.0,0.49,126.23,0.48,10.41,0.51,125.0,0.52,230.0,0.01,0.02,2336.15204,1776263917000
1776263919.261,219.261,0.43,110.0,0.42,75.0,0.46,60.0,0.47,10.0,0.52,0.59,0.51,10.0,0.55,60.0,0.56,75.0,0.03,0.03,2335.783172,1776263918000
1776263919.574,219.574,0.43,6.49,0.39,200.0,0.44,10.0,0.45,10.0,0.54,60.0,0.53,10.0,0.57,110.0,0.58,75.0,0.01,0.03,2335.783172,1776263918000
1776263920.089,220.089,0.39,5.0,0.37,225.0,0.4,33.5,0.41,60.0,0.59,10.0,0.58,10.0,0.61,175.0,0.62,75.0,0.01,0.02,2335.783172,1776263918000
1776263920.43,220.43,0.35,10.8,0.34,16.0,0.36,32.91,0.37,10.0,0.64,30.0,0.63,10.0,0.65,35.8,0.66,166.0,0.01,0.01,2335.783172,1776263918000
1776263920.668,220.668,0.3,117.1,0.29,17.5,0.33,45.0,0.34,10.0,0.64,32.91,0.63,10.0,0.68,141.5,0.69,16.8,0.03,0.04,2335.567345,1776263919000
1776263920.886,220.886,0.3,17.1,0.29,17.5,0.31,7.9,0.32,10.0,0.67,16.51,0.66,10.0,0.7,117.1,0.71,17.5,0.01,0.03,2335.567345,1776263919000
1776263921.221,221.221,0.26,13.89,0.25,19.2,0.31,10.8,0.32,15.0,0.69,18.7,0.68,15.0,0.72,5.39,0.73,18.3,0.05,0.03,2335.853075,1776263920000
1776263921.442,221.442,0.3,6.78,0.25,5.0,0.31,1.67,0.32,15.0,0.69,1.67,0.68,15.0,0.7,12.78,0.72,5.0,0.01,0.01,2335.853075,1776263920000
1776263921.669,221.669,0.22,76.0,0.21,121.7,0.26,15.0,0.27,10.0,0.74,15.0,0.73,10.0,0.76,19.7,0.77,20.3,0.04,0.02,2335.853075,1776263920000
1776263922.483,222.483,0.22,121.67,0.21,131.7,0.23,10.0,0.24,10.0,0.77,20.0,0.76,10.0,0.78,64.0,0.79,121.7,0.01,0.01,2335.691415,1776263921000
1776263922.86,222.86,0.21,181.7,0.2,181.21,0.23,18.23,0.24,10.0,0.72,0.69,0.71,10.0,0.79,131.7,0.8,181.21,0.02,0.07,2335.691415,1776263921000
1776263923.338,223.338,0.21,71.7,0.2,173.21,0.24,7.08,0.25,10.0,0.77,18.23,0.76,10.0,0.79,181.7,0.8,181.21,0.03,0.02,2335.691415,1776263921000
1776263923.809,223.809,0.2,127.04,0.19,78.4,0.22,10.0,0.23,5.0,0.78,10.0,0.77,5.0,0.79,14.06,0.8,173.21,0.02,0.01,2335.360932,1776263922000
1776263924.081,224.081,0.2,84.79,0.19,78.4,0.21,10.0,0.22,10.0,0.78,10.0,0.77,5.0,0.8,120.79,0.81,78.4,0.01,0.02,2335.360932,1776263922000
1776263924.314,224.314,0.19,63.63,0.18,29.4,0.21,21.0,0.22,15.0,0.79,10.0,0.78,10.0,0.8,82.33,0.81,78.4,0.02,0.01,2335.461307,1776263923000
1776263924.713,224.713,0.19,67.7,0.18,29.4,0.2,10.0,0.21,21.0,0.79,21.0,0.78,15.0,0.81,63.63,0.82,29.4,0.01,0.02,2335.461307,1776263923000
1776263925.16,225.16,0.19,121.31,0.18,44.4,0.2,8.3,0.21,16.0,0.79,21.0,0.78,15.0,0.81,76.31,0.82,34.4,0.01,0.02,2335.434489,1776263924000
1776263925.521,225.521,0.2,29.93,0.19,90.31,0.21,6.0,0.23,20.0,0.8,0.3,0.79,16.0,0.81,121.31,0.82,44.4,0.01,0.01,2335.434489,1776263924000
1776263925.831,225.831,0.22,10.7,0.21,10.0,0.23,4.64,0.24,10.0,0.77,15.47,0.76,10.0,0.8,35.33,0.81,65.31,0.01,0.03,2335.434489,1776263924000
1776263926.829,226.829,0.25,4.86,0.24,10.0,0.27,25.0,0.28,45.0,0.76,10.0,0.75,10.0,0.78,10.7,0.79,10.0,0.02,0.02,2335.254611,1776263925000
1776263927.037,227.037,0.23,12.0,0.22,12.0,0.25,10.0,0.26,10.0,0.71,3.45,0.7,15.0,0.75,4.86,0.76,10.0,0.02,0.04,2335.254611,1776263925000
1776263927.517,227.517,0.23,5.0,0.22,12.0,0.24,10.0,0.25,20.0,0.75,10.0,0.74,10.0,0.77,12.0,0.78,12.0,0.01,0.02,2335.254611,1776263925000
1776263927.91,227.91,0.22,3.28,0.21,10.0,0.26,8.23,0.27,10.0,0.76,10.0,0.75,20.0,0.77,5.0,0.78,12.0,0.04,0.01,2335.560862,1776263926000
1776263929.046,229.046,0.25,26.0,0.24,5.0,0.26,12.46,0.27,10.0,0.74,8.23,0.73,10.0,0.78,3.28,0.79,10.0,0.01,0.04,2335.548075,1776263927000
1776263929.504,229.504,0.19,169.98,0.18,26.0,0.3,8.79,0.31,65.0,0.7,8.79,0.69,15.0,0.76,5.0,0.77,5.0,0.11,0.06,2335.548075,1776263928000
1776263929.781,229.781,0.2,10.0,0.19,169.98,0.31,41.92,0.32,15.0,0.7,8.79,0.69,65.0,0.8,10.0,0.81,169.98,0.11,0.1,2335.548075,1776263928000
1776263930.561,230.561,0.24,10.0,0.23,10.0,0.27,7.19,0.28,10.0,0.69,38.02,0.68,15.0,0.8,10.0,0.81,185.29,0.03,0.11,2335.555421,1776263929000
1776263930.808,230.808,0.24,9.53,0.23,10.0,0.27,12.19,0.28,10.0,0.73,7.19,0.72,10.0,0.76,10.0,0.77,10.0,0.03,0.03,2335.555421,1776263929000
1776263931.236,231.236,0.22,10.0,0.21,15.0,0.26,15.0,0.27,12.19,0.73,12.19,0.72,10.0,0.76,9.53,0.77,10.0,0.04,0.03,2335.575302,1776263930000
1776263931.703,231.703,0.24,4.27,0.23,15.0,0.26,110.15,0.27,10.0,0.69,44.16,0.68,15.0,0.77,5.0,0.78,10.0,0.02,0.08,2335.575302,1776263930000
1776263931.989,231.989,0.23,9.95,0.22,10.0,0.26,105.87,0.27,10.0,0.74,100.87,0.73,10.0,0.75,10.0,0.76,4.27,0.03,0.01,2335.575302,1776263930000
1776263932.524,232.524,0.23,4.56,0.22,15.0,0.26,105.87,0.27,10.0,0.74,105.87,0.73,10.0,0.77,9.95,0.78,10.0,0.03,0.03,2335.56658,1776263931000
1776263933.965,233.965,0.2,13.75,0.19,25.76,0.21,35.0,0.22,133.09,0.74,105.87,0.73,10.0,0.77,4.56,0.78,15.0,0.01,0.03,2335.616714,1776263932000
1776263934.868,234.868,0.18,1.2,0.17,97.5,0.2,207.5,0.21,27.0,0.8,5.0,0.79,35.0,0.81,16.87,0.82,15.0,0.02,0.01,2335.45595,1776263933000
1776263935.466,235.466,0.18,1.2,0.17,47.5,0.19,66.14,0.2,181.5,0.8,207.5,0.79,27.0,0.82,1.2,0.83,97.5,0.01,0.02,2335.45595,1776263934000
1776263935.802,235.802,0.17,47.5,0.16,5.0,0.19,103.14,0.2,181.5,0.81,66.14,0.8,181.5,0.82,1.2,0.83,47.5,0.02,0.01,2335.45595,1776263934000
1776263936.212,236.212,0.14,13.59,0.13,15.0,0.16,10.0,0.18,20.0,0.82,10.0,0.81,208.88,0.85,2.46,0.86,15.0,0.02,0.03,2335.337725,1776263935000
1776263936.468,236.468,0.13,9.35,0.12,20.09,0.16,10.0,0.17,10.0,0.84,10.0,0.83,10.0,0.86,3.59,0.87,15.0,0.03,0.02,2335.337725,1776263935000
1776263936.784,236.784,0.12,52.69,0.11,127.0,0.15,5.0,0.16,15.0,0.84,10.0,0.83,10.0,0.88,19.74,0.89,127.0,0.03,0.04,2335.337725,1776263935000
1776263937.232,237.232,0.12,43.69,0.11,127.0,0.14,10.0,0.15,141.27,0.85,5.0,0.84,15.0,0.88,52.69,0.89,127.0,0.02,0.03,2335.337725,1776263935000
1776263937.503,237.503,0.12,15.14,0.11,127.0,0.13,5.74,0.14,10.0,0.87,5.74,0.86,10.0,0.88,20.83,0.89,127.0,0.01,0.01,2335.337725,1776263935000
1776263937.888,237.888,0.11,54.27,0.1,15.0,0.13,10.0,0.14,30.0,0.87,15.74,0.86,20.0,0.89,61.75,0.9,15.0,0.02,0.02,2334.85426,1776263936000
1776263938.208,238.208,0.11,60.86,0.1,15.0,0.14,13.0,0.15,136.27,0.87,10.0,0.86,30.0,0.89,51.68,0.9,15.0,0.03,0.02,2334.380735,1776263937000
1776263938.769,238.769,0.11,8.0,0.1,10.1,0.12,10.0,0.13,69.0,0.88,10.0,0.87,69.0,0.89,3.87,0.91,7.38,0.01,0.01,2334.380735,1776263937000
1776263939.079,239.079,0.09,21.22,0.08,15.0,0.12,81.21,0.13,105.0,0.89,0.9,0.88,170.31,0.91,10.0,0.92,15.0,0.03,0.02,2334.380735,1776263937000
1776263939.71,239.71,0.09,3.51,0.08,15.0,0.1,25.0,0.11,171.22,0.89,15.0,0.88,81.21,0.91,5.16,0.92,15.0,0.01,0.02,2334.222805,1776263938000
1776263939.911,239.911,0.07,5.28,0.06,15.0,0.08,10.0,0.09,25.0,0.92,10.0,0.91,25.0,0.93,6.9,0.94,15.0,0.01,0.01,2334.222805,1776263938000
1776263940.115,240.115,0.03,69.42,0.02,364.33,0.06,8.97,0.07,10.0,0.96,4.0,0.94,10.0,0.97,69.42,0.98,391.33,0.03,0.01,2334.162908,1776263939000
1776263940.442,240.442,0.02,364.33,0.01,7001.0,0.04,56.82,0.06,5.0,0.94,8.97,0.93,10.0,0.97,69.42,0.98,364.33,0.02,0.03,2334.162908,1776263939000
1776263940.726,240.726,0.02,193.45,0.01,7001.0,0.03,18.0,0.04,46.82,0.96,67.82,0.94,15.0,0.98,190.0,0.99,7001.0,0.01,0.02,2334.162908,1776263939000
1776263941.005,241.005,0.02,177.93,0.01,2001.0,0.03,56.0,0.04,33.82,0.97,56.0,0.96,33.82,0.98,179.05,0.99,7001.0,0.01,0.01,2334.162908,1776263939000
1776263941.267,241.267,0.02,172.82,0.01,2001.0,0.08,73.96,0.09,15.0,0.97,61.0,0.96,43.82,0.98,172.82,0.99,2001.0,0.06,0.01,2334.162908,1776263939000
1776263941.533,241.533,0.01,190.78,,,0.07,163.36,0.08,25.0,0.94,6.66,0.93,10.0,0.95,10.0,0.96,4.89,0.06,0.01,2334.162908,1776263939000
1776263941.985,241.985,0.02,20.0,0.01,200.78,0.06,70.83,0.07,10.0,0.96,120.0,0.95,10.0,0.98,15.0,0.99,200.78,0.04,0.02,2333.827171,1776263940000
1776263942.425,242.425,0.02,67.43,0.01,255.78,0.03,42.0,0.05,410.0,0.94,70.83,0.93,10.0,0.98,20.0,0.99,200.78,0.01,0.04,2333.827171,1776263940000
1776263942.635,242.635,0.02,52.33,0.01,255.78,0.03,47.0,0.04,5.0,0.97,42.0,0.96,5.0,0.98,6.93,0.99,255.78,0.01,0.01,2333.31593,1776263941000
1776263942.936,242.936,0.01,249.59,,,0.03,170.0,0.04,5.0,0.97,47.0,0.96,5.0,0.98,52.33,0.99,255.78,0.02,0.01,2333.31593,1776263941000
1776263943.315,243.315,0.01,247.59,,,0.02,305.42,0.03,138.31,0.97,170.0,0.96,5.0,0.99,249.59,,,0.01,0.02,2333.10482,1776263942000
1776263943.532,243.532,0.01,230.3,,,0.02,305.42,0.03,145.31,0.98,305.42,0.97,145.31,0.99,234.59,,,0.01,0.01,2333.10482,1776263942000
1776263944.071,244.071,0.01,176.03,,,0.02,302.42,0.03,137.31,0.98,305.42,0.97,245.31,0.99,181.03,,,0.01,0.01,2333.10482,1776263942000
1776263945.113,245.113,,,,,0.01,3191.73,0.02,262.42,0.99,42.0,0.98,304.42,,,,,,,2332.400515,1776263944000
1776263945.897,245.897,,,,,0.01,3197.9,0.02,262.42,0.99,3088.56,0.98,262.42,,,,,,,2332.400515,1776263944000
1776263947.273,247.273,,,,,0.01,3124.05,0.02,160.42,0.99,3097.9,0.98,262.42,,,,,,,2331.372037,1776263945000
1776263948.197,248.197,,,,,0.01,2828.05,0.02,83.42,0.99,3124.05,0.98,160.42,,,,,,,2330.984749,1776263946000
1776263950.521,250.521,,,,,0.01,2797.05,0.02,83.42,0.99,2814.05,0.98,83.42,,,,,,,2330.78989,1776263949000
1776263952.059,252.059,,,,,0.01,2827.96,0.02,83.42,0.99,2797.05,0.98,83.42,,,,,,,2330.557914,1776263950000
1776263953.292,253.292,,,,,0.01,2787.96,0.02,83.42,0.99,2827.96,0.98,83.42,,,,,,,2330.55442,1776263952000
1776263956.095,256.095,,,,,0.01,2749.22,0.02,194.42,0.99,2787.96,0.98,83.42,,,,,,,2330.99455,1776263954000
1776263956.318,256.318,,,,,0.01,2723.57,0.02,194.42,0.99,2742.48,0.98,194.42,,,,,,,2331.167262,1776263955000
1776263957.833,257.833,,,,,0.01,2703.57,0.02,194.42,0.99,2723.57,0.98,194.42,,,,,,,2331.482115,1776263956000
1776263959.338,259.338,,,,,0.01,2645.89,0.02,194.42,0.99,2645.89,0.98,194.42,,,,,,,2332.060616,1776263958000
1776263965.47,265.47,,,,,0.01,3032.75,0.02,194.42,0.99,2645.89,0.98,194.42,,,,,,,2331.997045,1776263964000
1776263966.618,266.618,,,,,0.01,2963.23,0.02,194.42,0.99,3032.75,0.98,194.42,,,,,,,2331.9276,1776263965000
1776263967.648,267.648,,,,,0.01,2943.23,0.02,194.42,0.99,2963.23,0.98,194.42,,,,,,,2332.119753,1776263966000
1776263971.243,271.243,,,,,0.01,4766.81,0.02,278.12,0.99,2923.23,0.98,194.42,,,,,,,2332.43849,1776263969000
1776263985.362,285.362,,,,,0.01,12577.18,0.02,84.42,0.99,4766.81,0.98,278.12,,,,,,,2330.51318,1776263983000
1776263997.567,297.567,,,,,0.01,16399.51,0.02,78.42,0.99,12577.18,0.98,84.42,,,,,,,2330.11839,1776263996000
1776264000.486,300.486,,,,,0.01,79150.0,0.02,191.42,0.99,16399.51,0.98,78.42,,,,,,,2330.2787,1776263999000
1776264000.76,300.76,,,,,0.01,79119.2,0.02,191.42,0.99,79130.0,0.98,191.42,,,,,,,2330.2787,1776263999000

# RESULT,winner=Down,slug=eth-updown-5m-1776263700,ticks=348
