timestamp,elapsed_sec,up_bid_p1,up_bid_s1,up_bid_p2,up_bid_s2,up_ask_p1,up_ask_s1,up_ask_p2,up_ask_s2,down_bid_p1,down_bid_s1,down_bid_p2,down_bid_s2,down_ask_p1,down_ask_s1,down_ask_p2,down_ask_s2,up_spread,down_spread,eth_price,eth_oracle_ts
1776298800.682,0.682,0.4,31.43,0.39,34.0,0.6,38.0,0.61,34.0,0.46,149.57,0.4,38.0,0.54,106.48,0.6,38.0,0.2,0.08,2353.973283,1776298799000
1776298800.928,0.928,0.4,31.43,0.39,34.0,0.6,38.0,0.61,34.0,0.4,38.0,0.39,34.0,0.6,31.43,0.61,34.0,0.2,0.2,2353.963571,1776298800000
1776298802.357,2.357,0.4,31.43,0.39,34.0,0.6,38.0,0.61,34.0,0.4,38.0,0.39,34.0,0.6,31.43,0.61,34.0,0.2,0.2,2353.862974,1776298801000
1776298803.065,3.065,0.4,31.43,0.39,34.0,0.6,38.0,0.61,34.0,0.4,38.0,0.39,34.0,0.6,31.43,0.61,34.0,0.2,0.2,2353.658302,1776298802000
1776298804.465,4.465,0.4,31.43,0.39,34.0,0.6,38.0,0.61,34.0,0.4,38.0,0.39,34.0,0.6,31.43,0.61,34.0,0.2,0.2,2353.622405,1776298803000
1776298805.044,5.044,0.42,5.0,0.41,5.0,0.43,5.0,0.44,10.0,0.4,38.0,0.39,34.0,0.6,31.43,0.61,34.0,0.01,0.2,2353.622405,1776298803000
1776298805.305,5.305,0.42,5.0,0.41,5.0,0.44,3.52,0.45,20.0,0.57,5.0,0.56,10.0,0.58,5.0,0.59,5.0,0.02,0.01,2353.609479,1776298804000
1776298805.943,5.943,0.38,9.51,0.37,5.0,0.42,15.0,0.43,14.8,0.57,9.8,0.56,8.52,0.58,5.0,0.59,5.0,0.04,0.01,2353.609479,1776298804000
1776298806.445,6.445,0.35,15.0,0.34,5.0,0.39,9.35,0.4,15.0,0.58,15.0,0.57,14.8,0.62,9.51,0.63,5.0,0.04,0.04,2353.609479,1776298804000
1776298807.134,7.134,0.35,15.0,0.34,5.0,0.39,9.35,0.4,15.0,0.61,9.35,0.6,15.0,0.65,15.0,0.66,5.0,0.04,0.04,2353.543914,1776298806000
1776298808.26,8.26,0.34,15.84,0.33,10.0,0.35,10.0,0.36,15.0,0.65,10.0,0.64,15.0,0.66,15.84,0.67,10.0,0.01,0.01,2353.32369,1776298807000
1776298808.526,8.526,0.31,5.0,0.3,20.0,0.34,30.0,0.35,15.0,0.65,10.0,0.64,15.0,0.66,15.84,0.67,10.0,0.03,0.01,2353.32369,1776298807000
1776298808.734,8.734,0.29,5.68,0.28,5.0,0.31,10.0,0.32,10.0,0.68,10.0,0.67,10.0,0.7,15.0,0.71,10.0,0.02,0.02,2353.32369,1776298807000
1776298809.077,9.077,0.29,5.0,0.28,10.0,0.31,5.0,0.32,10.0,0.69,10.0,0.68,10.0,0.71,5.68,0.72,5.0,0.02,0.02,2353.32369,1776298807000
1776298809.29,9.29,0.29,10.0,0.28,10.0,0.3,16.66,0.31,5.0,0.69,5.0,0.68,10.0,0.71,5.0,0.72,10.0,0.01,0.02,2353.32369,1776298807000
1776298809.765,9.765,0.3,5.0,0.29,15.0,0.32,5.87,0.33,14.38,0.67,9.38,0.66,15.0,0.71,10.0,0.72,15.0,0.02,0.04,2353.014055,1776298808000
1776298810.01,10.01,0.3,5.0,0.29,15.0,0.32,5.87,0.33,14.38,0.68,5.87,0.67,14.38,0.7,5.0,0.71,15.0,0.02,0.02,2352.97342,1776298809000
1776298810.532,10.532,0.32,25.0,0.31,91.29,0.34,11.15,0.35,41.0,0.67,13.55,0.66,15.0,0.7,30.0,0.71,25.0,0.02,0.03,2352.97342,1776298809000
1776298811.035,11.035,0.32,30.0,0.31,101.29,0.33,5.0,0.34,26.15,0.66,26.15,0.65,31.0,0.68,25.0,0.69,91.29,0.01,0.02,2352.97342,1776298809000
1776298813.549,13.549,0.32,73.38,0.31,36.0,0.33,10.0,0.34,36.0,0.67,5.0,0.66,26.15,0.68,30.0,0.69,101.29,0.01,0.01,2352.927945,1776298812000
1776298814.879,14.879,0.29,10.0,0.27,50.0,0.31,45.0,0.33,31.0,0.67,10.0,0.66,36.0,0.68,73.38,0.69,36.0,0.02,0.01,2352.961046,1776298813000
1776298815.708,15.708,0.34,15.0,0.33,15.0,0.35,2.0,0.39,5.0,0.73,10.0,0.72,15.0,0.74,16.48,0.76,10.0,0.01,0.01,2352.827272,1776298814000
1776298816.263,16.263,0.38,18.0,0.37,3.28,0.45,10.0,0.46,22.0,0.61,4.9,0.59,5.0,0.63,3.28,0.64,10.0,0.07,0.02,2352.827272,1776298814000
1776298816.597,16.597,0.36,5.0,0.35,16.0,0.37,10.0,0.38,19.0,0.57,10.0,0.56,35.0,0.61,7.0,0.62,10.0,0.01,0.04,2352.767738,1776298815000
1776298817.008,17.008,0.36,25.0,0.35,21.0,0.37,10.0,0.38,19.0,0.63,10.0,0.62,19.0,0.64,5.0,0.65,16.0,0.01,0.01,2352.767738,1776298815000
1776298817.533,17.533,0.34,2.0,0.33,11.0,0.37,25.0,0.38,19.0,0.63,10.0,0.62,19.0,0.64,25.0,0.65,21.0,0.03,0.01,2352.636839,1776298816000
1776298817.807,17.807,0.32,52.0,0.31,10.0,0.33,21.0,0.34,15.0,0.64,10.0,0.63,20.0,0.65,37.72,0.66,2.0,0.01,0.01,2352.636839,1776298816000
1776298818.046,18.046,0.32,31.96,0.31,10.0,0.33,161.0,0.34,20.0,0.67,161.0,0.66,20.0,0.68,37.96,0.69,10.0,0.01,0.01,2352.636839,1776298816000
1776298818.349,18.349,0.3,9.0,0.29,21.0,0.31,20.0,0.32,10.0,0.67,173.0,0.66,37.0,0.69,10.0,0.7,10.0,0.01,0.02,2353.20089,1776298817000
1776298818.87,18.87,0.29,16.0,0.28,115.0,0.31,87.0,0.32,33.0,0.69,20.0,0.68,10.0,0.7,9.0,0.71,21.0,0.02,0.01,2353.20089,1776298817000
1776298820.22,20.22,0.29,108.59,0.28,200.0,0.3,76.0,0.31,67.0,0.69,87.0,0.68,33.0,0.71,16.0,0.72,115.0,0.01,0.02,2352.92,1776298819000
1776298821.432,21.432,0.31,50.0,0.28,131.0,0.32,0.71,0.33,20.0,0.7,76.0,0.69,67.0,0.71,108.59,0.72,200.0,0.01,0.01,2352.364991,1776298820000
1776298822.127,22.127,0.28,200.0,0.27,106.0,0.3,10.0,0.31,10.0,0.68,0.71,0.67,20.0,0.69,50.0,0.72,131.0,0.02,0.01,2352.364991,1776298820000
1776298822.611,22.611,0.28,125.0,0.27,90.0,0.29,9.0,0.3,4.0,0.7,4.0,0.69,10.0,0.72,135.0,0.73,90.0,0.01,0.02,2352.332365,1776298821000
1776298822.848,22.848,0.28,135.0,0.27,90.0,0.29,8.0,0.3,15.0,0.71,9.0,0.7,4.0,0.72,125.0,0.73,90.0,0.01,0.01,2352.332365,1776298821000
1776298823.169,23.169,0.28,180.0,0.27,90.0,0.29,7.82,0.3,15.0,0.71,12.0,0.7,15.0,0.72,144.0,0.73,90.0,0.01,0.01,2352.332365,1776298821000
1776298824.49,24.49,0.32,30.58,0.31,35.0,0.33,10.0,0.34,10.0,0.71,7.82,0.7,15.0,0.72,180.0,0.73,90.0,0.01,0.01,2352.488062,1776298823000
1776298825.046,25.046,0.36,6.87,0.35,86.0,0.37,128.57,0.38,15.0,0.64,16.0,0.63,119.57,0.66,13.48,0.67,5.0,0.01,0.02,2352.488062,1776298823000
1776298826.194,26.194,0.36,76.0,0.35,71.0,0.38,30.0,0.39,65.0,0.63,43.57,0.62,10.0,0.64,11.87,0.65,96.0,0.02,0.01,2352.517419,1776298825000
1776298830.336,30.336,0.37,20.49,0.36,69.0,0.38,50.0,0.39,75.0,0.62,30.0,0.61,65.0,0.64,76.0,0.65,71.0,0.01,0.02,2353.077895,1776298829000
1776298830.85,30.85,0.39,10.0,0.38,75.0,0.4,197.37,0.41,55.0,0.62,50.0,0.61,75.0,0.63,20.49,0.64,69.0,0.01,0.01,2353.077895,1776298829000
1776298831.717,31.717,0.39,128.0,0.38,34.0,0.4,189.87,0.41,65.0,0.6,197.37,0.59,55.0,0.61,10.0,0.62,75.0,0.01,0.01,2353.002954,1776298830000
1776298832.251,32.251,0.39,150.0,0.38,34.0,0.4,189.87,0.41,65.0,0.6,189.87,0.59,65.0,0.61,128.0,0.62,34.0,0.01,0.01,2353.002954,1776298830000
1776298833.164,33.164,0.39,81.0,0.38,64.0,0.4,169.87,0.41,60.0,0.6,189.87,0.59,65.0,0.61,150.0,0.62,34.0,0.01,0.01,2353.242745,1776298832000
1776298836.365,36.365,0.37,53.41,0.36,120.0,0.38,5.0,0.39,20.0,0.6,169.87,0.59,60.0,0.61,81.0,0.62,64.0,0.01,0.01,2353.28887,1776298835000
1776298836.989,36.989,0.37,76.0,0.36,145.0,0.38,12.36,0.39,20.0,0.62,5.0,0.61,20.0,0.63,53.41,0.64,120.0,0.01,0.01,2353.28887,1776298835000
1776298837.802,37.802,0.37,44.0,0.36,145.0,0.38,12.36,0.39,20.0,0.62,12.36,0.61,20.0,0.63,76.0,0.64,145.0,0.01,0.01,2353.28887,1776298835000
1776298838.114,38.114,0.37,5.09,0.36,145.0,0.38,12.36,0.39,20.0,0.62,12.36,0.61,20.0,0.63,44.0,0.64,145.0,0.01,0.01,2353.28887,1776298835000
1776298839.362,39.362,0.37,15.0,0.36,115.0,0.38,19.72,0.39,20.0,0.62,12.36,0.61,20.0,0.63,5.09,0.64,145.0,0.01,0.01,2353.2539,1776298838000
1776298840.697,40.697,0.37,20.0,0.36,105.0,0.4,82.68,0.41,35.0,0.62,17.08,0.61,20.0,0.63,15.0,0.64,115.0,0.03,0.01,2353.261315,1776298839000
1776298841.218,41.218,0.37,25.0,0.36,115.0,0.38,7.89,0.39,15.0,0.6,82.68,0.59,35.0,0.63,20.0,0.64,105.0,0.01,0.03,2353.261315,1776298839000
1776298841.561,41.561,0.37,14.39,0.36,115.0,0.38,7.89,0.39,15.0,0.62,7.89,0.61,15.0,0.63,25.0,0.64,115.0,0.01,0.01,2353.26367,1776298840000
1776298842.381,42.381,0.39,135.0,0.38,80.0,0.4,56.73,0.41,20.0,0.62,7.89,0.61,15.0,0.63,14.39,0.64,115.0,0.01,0.01,2353.26367,1776298840000
1776298843.242,43.242,0.41,144.25,0.4,66.0,0.42,45.0,0.44,125.0,0.58,45.0,0.56,130.0,0.61,145.0,0.62,80.0,0.01,0.03,2353.294791,1776298842000
1776298844.08,44.08,0.43,116.98,0.42,34.0,0.44,130.0,0.45,50.0,0.58,45.0,0.56,125.0,0.59,144.25,0.6,66.0,0.01,0.01,2353.294791,1776298842000
1776298845.688,45.688,0.45,10.0,0.43,231.98,0.46,87.0,0.47,295.0,0.56,130.0,0.55,50.0,0.57,116.98,0.58,34.0,0.01,0.01,2353.531775,1776298844000
1776298846.062,46.062,0.46,127.33,0.45,80.0,0.47,67.0,0.48,65.0,0.53,287.0,0.52,60.0,0.55,40.0,0.56,10.0,0.01,0.02,2353.667,1776298845000
1776298846.562,46.562,0.48,23.0,0.46,222.33,0.49,25.0,0.5,86.0,0.53,67.0,0.52,65.0,0.54,127.33,0.55,80.0,0.01,0.01,2353.667,1776298845000
1776298846.957,46.957,0.48,25.23,0.47,10.0,0.49,30.0,0.5,91.0,0.51,25.0,0.5,86.0,0.52,23.0,0.54,222.33,0.01,0.01,2353.742825,1776298846000
1776298848.557,48.557,0.49,106.0,0.48,45.23,0.51,50.0,0.52,10.0,0.51,30.0,0.5,91.0,0.52,25.23,0.53,10.0,0.02,0.01,2354.10705,1776298847000
1776298849.867,49.867,0.43,11.98,0.42,23.0,0.47,15.0,0.48,48.0,0.49,50.0,0.48,10.0,0.51,106.0,0.52,45.23,0.04,0.02,2354.126178,1776298849000
1776298850.115,50.115,0.43,0.13,0.41,70.0,0.44,20.0,0.45,20.0,0.56,10.0,0.55,10.0,0.57,11.88,0.58,23.0,0.01,0.01,2354.126178,1776298849000
1776298850.474,50.474,0.43,15.0,0.39,100.0,0.44,31.86,0.45,36.0,0.56,9.14,0.55,20.0,0.58,5.5,0.59,70.0,0.01,0.02,2354.126178,1776298849000
1776298851.118,51.118,0.36,75.0,0.35,110.0,0.38,12.0,0.39,20.0,0.56,31.86,0.55,36.0,0.57,15.0,0.61,100.0,0.02,0.01,2354.126178,1776298849000
1776298851.9,51.9,0.36,74.37,0.35,185.0,0.37,15.0,0.38,17.0,0.62,12.0,0.61,20.0,0.64,75.0,0.65,110.0,0.01,0.02,2354.18785,1776298850000
1776298852.175,52.175,0.36,69.37,0.35,185.0,0.37,9.86,0.38,17.0,0.63,15.0,0.62,17.0,0.64,74.37,0.65,185.0,0.01,0.01,2353.673657,1776298851000
1776298853.332,53.332,0.34,25.0,0.33,180.0,0.35,14.28,0.36,54.0,0.63,9.86,0.62,17.0,0.64,69.37,0.65,185.0,0.01,0.01,2353.444831,1776298852000
1776298854.968,54.968,0.34,34.47,0.33,190.0,0.35,43.28,0.36,59.0,0.65,14.28,0.64,54.0,0.66,25.0,0.67,180.0,0.01,0.01,2353.32106,1776298853000
1776298858.259,58.259,0.33,175.0,0.32,130.0,0.34,75.55,0.35,64.28,0.65,43.28,0.64,59.0,0.66,34.47,0.67,190.0,0.01,0.01,2352.959657,1776298857000
1776298858.67,58.67,0.33,170.0,0.32,120.0,0.34,67.6,0.35,64.28,0.66,75.55,0.65,64.28,0.67,175.0,0.68,130.0,0.01,0.01,2352.959657,1776298857000
1776298862.064,62.064,0.33,26.34,0.32,95.0,0.34,50.0,0.35,19.28,0.66,67.6,0.65,64.28,0.67,170.0,0.68,120.0,0.01,0.01,2352.88042,1776298860000
1776298863.097,63.097,0.33,29.34,0.32,95.0,0.34,20.0,0.35,42.6,0.66,40.0,0.65,15.0,0.67,21.34,0.68,95.0,0.01,0.01,2352.87033,1776298861000
1776298863.471,63.471,0.32,95.0,0.31,25.0,0.34,322.0,0.35,69.0,0.66,15.0,0.65,42.6,0.67,19.34,0.68,95.0,0.02,0.01,2352.852202,1776298862000
1776298864.072,64.072,0.28,25.0,0.27,85.0,0.3,306.0,0.31,110.0,0.66,322.0,0.65,69.0,0.68,95.0,0.69,25.0,0.02,0.02,2352.852202,1776298862000
1776298864.489,64.489,0.26,35.0,0.25,50.0,0.27,231.86,0.28,95.0,0.7,306.0,0.69,110.0,0.72,25.0,0.73,85.0,0.01,0.02,2352.80755,1776298863000
1776298865.174,65.174,0.25,3.46,0.24,85.0,0.26,135.0,0.27,143.86,0.73,231.86,0.72,95.0,0.74,35.0,0.75,50.0,0.01,0.01,2352.80713,1776298864000
1776298866.089,66.089,0.24,60.0,0.23,50.0,0.25,111.85,0.26,42.0,0.74,135.0,0.73,143.86,0.75,3.46,0.76,85.0,0.01,0.01,2352.208586,1776298865000
1776298867.264,67.264,0.23,50.0,0.22,35.0,0.25,275.85,0.26,68.0,0.75,111.85,0.74,42.0,0.76,60.0,0.77,50.0,0.02,0.01,2352.063283,1776298866000
1776298868.974,68.974,0.21,175.0,0.2,145.0,0.22,8.46,0.23,120.0,0.75,275.85,0.74,68.0,0.77,50.0,0.78,35.0,0.01,0.02,2352.022042,1776298867000
1776298870.672,70.672,0.2,3.37,0.19,310.0,0.21,228.0,0.22,132.62,0.78,8.46,0.77,120.0,0.79,175.0,0.8,145.0,0.01,0.01,2351.739828,1776298869000
1776298873.667,73.667,0.16,180.31,0.15,63.33,0.18,15.0,0.19,15.0,0.8,9.13,0.79,238.0,0.81,210.0,0.82,50.0,0.02,0.01,2351.304975,1776298872000
1776298873.927,73.927,0.17,72.0,0.16,163.31,0.19,10.41,0.2,34.13,0.82,3.41,0.81,15.0,0.83,67.0,0.84,163.31,0.02,0.01,2351.304975,1776298872000
1776298874.197,74.197,0.18,34.0,0.17,46.0,0.19,7.41,0.2,39.13,0.81,10.41,0.8,34.13,0.83,72.0,0.84,163.31,0.01,0.02,2351.304975,1776298872000
1776298874.433,74.433,0.18,35.78,0.17,49.0,0.19,7.41,0.2,39.13,0.81,7.41,0.8,39.13,0.82,34.0,0.83,46.0,0.01,0.01,2351.309055,1776298873000
1776298875.044,75.044,0.18,33.78,0.17,59.0,0.19,76.14,0.2,39.13,0.81,7.41,0.8,39.13,0.82,33.78,0.83,49.0,0.01,0.01,2351.309055,1776298873000
1776298877.502,77.502,0.17,43.0,0.16,126.31,0.18,35.44,0.19,33.14,0.81,76.14,0.8,39.13,0.82,28.71,0.83,59.0,0.01,0.01,2351.6594,1776298876000
1776298879.654,79.654,0.17,42.0,0.16,126.31,0.18,14.88,0.19,55.36,0.82,29.88,0.81,33.14,0.83,43.0,0.84,126.31,0.01,0.01,2351.746659,1776298878000
1776298880.292,80.292,0.17,84.0,0.16,136.31,0.18,1.88,0.19,34.36,0.82,14.88,0.81,55.36,0.83,42.0,0.84,126.31,0.01,0.01,2351.68538,1776298879000
1776298880.816,80.816,0.18,76.78,0.17,110.0,0.19,32.22,0.2,29.13,0.81,28.24,0.8,34.13,0.83,84.0,0.84,136.31,0.01,0.02,2351.68538,1776298879000
1776298881.388,81.388,0.21,11.17,0.19,34.0,0.22,13.46,0.23,40.0,0.8,3.83,0.79,60.0,0.81,7.0,0.82,65.78,0.01,0.01,2351.736095,1776298880000
1776298881.883,81.883,0.21,19.17,0.2,22.0,0.22,18.46,0.23,40.0,0.78,13.46,0.77,40.0,0.79,11.17,0.81,34.0,0.01,0.01,2351.736095,1776298880000
1776298889.435,89.435,0.21,52.17,0.2,21.0,0.22,55.64,0.23,40.0,0.78,18.46,0.77,40.0,0.79,19.17,0.8,22.0,0.01,0.01,2352.067613,1776298888000
1776298890.509,90.509,0.21,92.17,0.2,11.0,0.22,40.64,0.23,40.0,0.78,55.64,0.77,40.0,0.79,52.17,0.8,21.0,0.01,0.01,2352.137686,1776298889000
1776298891.101,91.101,0.21,224.17,0.2,52.5,0.22,1.64,0.23,25.0,0.78,40.64,0.77,40.0,0.79,92.17,0.8,11.0,0.01,0.01,2352.153777,1776298890000
1776298891.883,91.883,0.23,102.0,0.22,27.36,0.24,28.21,0.25,20.0,0.77,25.0,0.76,30.0,0.78,5.36,0.79,224.17,0.01,0.01,2352.153777,1776298890000
1776298893.599,93.599,0.21,17.17,0.2,10.0,0.24,68.21,0.25,40.0,0.76,28.21,0.75,20.0,0.77,102.0,0.78,27.36,0.03,0.01,2352.286973,1776298892000
1776298894.866,94.866,0.21,3.69,0.2,20.0,0.22,109.0,0.23,59.56,0.76,68.21,0.75,40.0,0.79,17.17,0.8,10.0,0.01,0.03,2352.328695,1776298893000
1776298896.103,96.103,0.19,50.31,0.18,31.0,0.2,83.0,0.21,15.0,0.78,109.0,0.77,59.56,0.79,3.69,0.8,20.0,0.01,0.01,2352.35805,1776298894000
1776298897.136,97.136,0.19,40.31,0.18,36.0,0.2,56.0,0.21,15.0,0.8,83.0,0.79,15.0,0.81,50.31,0.82,31.0,0.01,0.01,2352.200968,1776298895000
1776298902.45,102.45,0.14,145.0,0.13,185.0,0.17,167.0,0.18,29.0,0.8,56.0,0.79,15.0,0.81,40.31,0.82,36.0,0.03,0.01,2351.720285,1776298901000
1776298903.31,103.31,0.14,6.61,0.13,10.0,0.15,5.0,0.16,24.0,0.83,167.0,0.82,29.0,0.86,145.0,0.87,185.0,0.01,0.03,2351.720285,1776298901000
1776298903.594,103.594,0.14,15.06,0.13,10.0,0.16,5.0,0.18,10.0,0.85,10.0,0.84,5.0,0.86,9.39,0.87,30.0,0.02,0.01,2351.71857,1776298902000
1776298904.263,104.263,0.17,9.03,0.15,40.0,0.18,27.44,0.19,20.0,0.82,7.44,0.81,20.0,0.85,45.0,0.86,15.06,0.01,0.03,2351.778456,1776298903000
1776298904.515,104.515,0.14,0.74,0.13,10.0,0.17,30.0,0.18,7.44,0.82,37.44,0.81,20.0,0.88,6.22,0.89,165.0,0.03,0.06,2351.778456,1776298903000
1776298904.795,104.795,0.13,10.0,0.12,10.0,0.15,40.0,0.16,10.0,0.85,8.0,0.84,10.0,0.88,10.0,0.89,165.0,0.02,0.03,2351.778456,1776298903000
1776298905.199,105.199,0.13,4.83,0.12,10.0,0.14,98.34,0.15,112.0,0.86,79.34,0.85,100.0,0.87,10.0,0.88,10.0,0.01,0.01,2351.319335,1776298904000
1776298906.086,106.086,0.12,28.93,0.11,146.79,0.14,90.0,0.15,262.57,0.86,98.34,0.85,112.0,0.87,4.83,0.88,10.0,0.02,0.01,2351.319335,1776298904000
1776298906.652,106.652,0.12,28.93,0.11,146.79,0.13,93.49,0.14,52.0,0.86,90.0,0.85,262.57,0.88,28.93,0.89,146.79,0.01,0.02,2351.610192,1776298905000
1776298907.299,107.299,0.12,52.34,0.11,196.79,0.14,45.41,0.15,10.0,0.87,93.49,0.86,52.0,0.88,28.93,0.89,146.79,0.02,0.01,2351.676295,1776298906000
1776298907.621,107.621,0.13,10.04,0.12,61.34,0.14,30.41,0.15,20.0,0.86,45.41,0.85,10.0,0.88,52.34,0.89,196.79,0.01,0.02,2351.676295,1776298906000
1776298908.042,108.042,0.13,15.0,0.12,56.34,0.14,40.07,0.15,20.0,0.86,30.41,0.85,20.0,0.87,10.04,0.88,61.34,0.01,0.01,2351.676295,1776298906000
1776298908.951,108.951,0.13,51.44,0.12,48.93,0.14,40.07,0.15,20.0,0.86,40.07,0.85,20.0,0.87,15.0,0.88,56.34,0.01,0.01,2351.358315,1776298907000
1776298910.039,110.039,0.13,86.44,0.12,48.93,0.14,14.07,0.15,10.0,0.86,40.07,0.85,20.0,0.87,51.44,0.88,48.93,0.01,0.01,2351.450656,1776298908000
1776298915.281,115.281,0.15,32.64,0.14,49.9,0.16,25.0,0.17,50.0,0.85,10.0,0.84,10.0,0.87,91.44,0.88,58.98,0.01,0.02,2351.476621,1776298914000
1776298916.892,116.892,0.15,41.01,0.14,49.9,0.16,10.0,0.17,35.0,0.84,25.0,0.83,50.0,0.85,32.64,0.86,49.9,0.01,0.01,2351.61567,1776298916000
1776298917.82,117.82,0.15,10.78,0.14,49.9,0.16,15.0,0.17,45.0,0.84,10.0,0.83,35.0,0.85,41.01,0.86,49.9,0.01,0.01,2351.61567,1776298916000
1776298920.831,120.831,0.13,5.0,0.12,48.93,0.14,92.0,0.15,44.0,0.84,15.0,0.83,45.0,0.85,10.78,0.86,49.9,0.01,0.01,2351.795669,1776298919000
1776298922.765,122.765,0.11,234.97,0.1,184.0,0.12,15.28,0.13,16.0,0.86,92.0,0.85,44.0,0.87,5.0,0.88,48.93,0.01,0.01,2351.66009,1776298921000
1776298923.271,123.271,0.12,10.0,0.11,225.97,0.13,24.92,0.14,35.0,0.87,16.0,0.86,35.0,0.89,220.97,0.9,184.0,0.01,0.02,2351.559097,1776298922000
1776298926.399,126.399,0.12,10.0,0.11,170.0,0.13,45.22,0.14,155.0,0.87,24.92,0.86,35.0,0.88,10.0,0.89,225.97,0.01,0.01,2351.445892,1776298925000
1776298930.804,130.804,0.11,321.18,0.1,180.0,0.12,21.35,0.13,6.0,0.87,45.22,0.86,155.0,0.88,10.0,0.89,170.0,0.01,0.01,2351.475354,1776298929000
1776298931.335,131.335,0.12,127.65,0.11,320.97,0.13,6.0,0.14,20.0,0.87,6.0,0.86,20.0,0.88,78.65,0.89,321.18,0.01,0.01,2351.475354,1776298929000
1776298931.744,131.744,0.12,168.65,0.11,331.02,0.13,6.0,0.16,20.0,0.87,6.0,0.86,20.0,0.88,127.65,0.89,320.97,0.01,0.01,2351.468785,1776298930000
1776298932.162,132.162,0.12,172.65,0.11,328.97,0.13,0.62,0.16,20.0,0.87,6.0,0.84,20.0,0.88,168.65,0.89,331.02,0.01,0.01,2351.450835,1776298931000
1776298932.888,132.888,0.17,11.97,0.16,68.0,0.18,50.0,0.19,60.0,0.82,20.0,0.81,60.0,0.85,25.53,0.88,192.65,0.01,0.03,2351.450835,1776298931000
1776298934.886,134.886,0.17,11.98,0.16,109.8,0.18,98.0,0.19,60.0,0.82,50.0,0.81,60.0,0.83,11.97,0.84,68.0,0.01,0.01,2351.982403,1776298933000
1776298936.309,136.309,0.16,36.8,0.15,49.86,0.18,149.7,0.19,81.0,0.82,98.0,0.81,60.0,0.83,11.98,0.84,109.8,0.02,0.01,2352.045108,1776298935000
1776298936.646,136.646,0.15,44.86,0.14,49.9,0.17,151.0,0.18,236.7,0.83,122.0,0.82,228.7,0.84,23.35,0.85,44.86,0.02,0.01,2352.045108,1776298935000
1776298937.725,137.725,0.15,45.51,0.14,38.47,0.16,27.0,0.17,41.0,0.83,151.0,0.82,236.7,0.86,38.47,0.87,62.8,0.01,0.03,2352.074224,1776298936000
1776298939.39,139.39,0.17,14.2,0.16,19.0,0.18,194.4,0.19,70.0,0.84,27.0,0.83,41.0,0.85,45.51,0.86,38.47,0.01,0.01,2352.055613,1776298937000
1776298939.629,139.629,0.16,9.0,0.15,10.0,0.17,30.0,0.18,154.4,0.82,199.4,0.81,70.0,0.84,24.0,0.85,25.0,0.01,0.02,2351.964741,1776298938000
1776298940.179,140.179,0.16,1.71,0.15,20.0,0.17,67.0,0.18,154.4,0.83,30.0,0.82,154.4,0.84,9.0,0.85,10.0,0.01,0.01,2351.964741,1776298938000
1776298946.275,146.275,0.16,71.31,0.15,21.73,0.17,18.15,0.18,10.0,0.83,67.0,0.82,154.4,0.84,1.71,0.85,20.0,0.01,0.01,2352.073235,1776298944000
1776298947.251,147.251,0.19,18.0,0.18,18.0,0.2,45.0,0.21,10.0,0.83,9.15,0.82,10.0,0.84,71.31,0.85,21.73,0.01,0.01,2352.08717,1776298945000
1776298951.153,151.153,0.19,78.31,0.18,38.61,0.2,72.5,0.21,50.89,0.8,45.0,0.79,10.0,0.81,18.0,0.82,18.0,0.01,0.01,2352.306182,1776298949000
1776298951.46,151.46,0.19,75.84,0.18,38.61,0.2,72.5,0.21,50.89,0.8,72.5,0.79,50.89,0.81,78.31,0.82,38.61,0.01,0.01,2352.336832,1776298950000
1776298951.822,151.822,0.19,74.08,0.18,38.61,0.2,77.5,0.21,50.89,0.8,72.5,0.79,50.89,0.81,75.84,0.82,38.61,0.01,0.01,2352.336832,1776298950000
1776298953.546,153.546,0.15,21.0,0.14,23.57,0.18,74.0,0.19,23.0,0.8,77.5,0.79,50.89,0.81,74.08,0.82,38.61,0.03,0.01,2352.347844,1776298951000
1776298955.321,155.321,0.16,23.64,0.15,17.73,0.17,36.0,0.18,34.0,0.82,74.0,0.81,23.0,0.85,21.0,0.86,23.57,0.01,0.03,2352.348215,1776298954000
1776298956.084,156.084,0.16,34.95,0.15,17.73,0.17,19.0,0.18,34.0,0.83,36.0,0.82,34.0,0.84,23.64,0.85,17.73,0.01,0.01,2352.348215,1776298954000
1776298958.563,158.563,0.19,169.31,0.18,75.66,0.22,20.0,0.23,120.0,0.83,19.0,0.82,34.0,0.84,34.95,0.85,17.73,0.03,0.01,2352.237385,1776298957000
1776298959.182,159.182,0.21,95.73,0.2,50.05,0.22,20.0,0.23,120.0,0.78,20.0,0.77,120.0,0.81,169.31,0.82,75.66,0.01,0.03,2352.237385,1776298957000
1776298959.871,159.871,0.21,94.73,0.2,25.05,0.22,20.0,0.23,120.0,0.78,20.0,0.77,120.0,0.79,95.73,0.8,50.05,0.01,0.01,2352.237385,1776298957000
1776298960.258,160.258,0.21,33.0,0.2,25.05,0.22,25.0,0.23,130.0,0.78,20.0,0.77,120.0,0.79,94.73,0.8,25.05,0.01,0.01,2352.38795,1776298958000
1776298961.597,161.597,0.21,31.1,0.2,25.05,0.22,25.0,0.23,130.0,0.78,25.0,0.77,130.0,0.79,33.0,0.8,25.05,0.01,0.01,2352.62394,1776298960000
1776298962.6,162.6,0.2,49.05,0.19,20.31,0.21,8.0,0.22,43.07,0.78,25.0,0.77,130.0,0.79,31.1,0.8,25.05,0.01,0.01,2352.661574,1776298961000
1776298962.83,162.83,0.2,40.47,0.19,20.31,0.21,8.0,0.22,43.07,0.79,8.0,0.78,43.07,0.8,42.69,0.81,20.31,0.01,0.01,2352.661574,1776298961000
1776298963.241,163.241,0.21,212.0,0.2,23.05,0.22,16.07,0.23,125.0,0.79,8.0,0.78,43.07,0.8,40.47,0.81,20.31,0.01,0.01,2352.661574,1776298961000
1776298963.844,163.844,0.26,45.0,0.24,190.0,0.27,100.0,0.28,10.0,0.77,115.0,0.76,25.0,0.79,212.0,0.8,23.05,0.01,0.02,2352.658395,1776298962000
1776298966.007,166.007,0.26,144.63,0.25,20.0,0.27,55.0,0.28,10.0,0.73,100.0,0.72,10.0,0.74,45.0,0.76,190.0,0.01,0.01,2352.690051,1776298964000
1776298967.594,167.594,0.26,275.63,0.25,27.0,0.29,105.0,0.3,31.9,0.73,55.0,0.72,10.0,0.74,144.63,0.75,20.0,0.03,0.01,2353.04469,1776298966000
1776298968.392,168.392,0.28,170.0,0.27,27.0,0.3,31.73,0.32,50.0,0.71,105.0,0.7,31.9,0.74,275.63,0.75,27.0,0.02,0.03,2353.069795,1776298967000
1776298970.508,170.508,0.32,52.05,0.31,30.0,0.33,15.0,0.34,15.0,0.68,50.0,0.67,10.0,0.71,20.0,0.72,87.0,0.01,0.03,2353.152865,1776298969000
1776298971.506,171.506,0.35,53.63,0.34,25.0,0.36,10.0,0.37,15.0,0.67,15.0,0.66,15.0,0.68,52.05,0.69,30.0,0.01,0.01,2353.263616,1776298970000
1776298972.224,172.224,0.33,19.7,0.32,25.0,0.34,140.0,0.35,45.0,0.64,10.0,0.63,15.0,0.65,53.63,0.66,25.0,0.01,0.01,2353.279755,1776298971000
1776298972.972,172.972,0.28,60.0,0.27,58.0,0.29,3.0,0.3,16.0,0.66,145.0,0.65,45.0,0.68,25.0,0.72,55.0,0.01,0.02,2353.279755,1776298971000
1776298973.854,173.854,0.28,65.0,0.27,25.0,0.3,8.4,0.31,16.0,0.71,3.0,0.7,16.0,0.72,60.0,0.73,58.0,0.02,0.01,2353.401133,1776298972000
1776298974.491,174.491,0.28,70.0,0.27,25.0,0.3,23.4,0.31,16.0,0.7,8.4,0.69,16.0,0.72,65.0,0.73,25.0,0.02,0.02,2353.295455,1776298973000
1776298980.825,180.825,0.23,25.0,0.22,50.0,0.24,57.54,0.25,52.0,0.7,23.4,0.69,16.0,0.72,70.0,0.73,25.0,0.01,0.02,2353.053427,1776298979000
1776298986.159,186.159,0.17,50.86,0.16,25.0,0.19,10.0,0.2,10.0,0.76,57.54,0.75,52.0,0.77,25.0,0.78,50.0,0.02,0.01,2352.662565,1776298984000
1776298987.968,187.968,0.12,165.41,0.11,300.0,0.13,1.0,0.15,10.0,0.84,5.19,0.82,141.0,0.85,150.0,0.86,10.0,0.01,0.01,2352.66157,1776298986000
1776298988.442,188.442,0.12,100.0,0.11,250.0,0.16,7.25,0.17,36.25,0.87,1.0,0.85,10.0,0.88,165.41,0.89,300.0,0.04,0.01,2352.468755,1776298987000
1776298989.029,189.029,0.12,118.41,0.11,250.0,0.13,27.3,0.14,14.0,0.83,28.07,0.82,61.0,0.88,100.0,0.89,250.0,0.01,0.05,2352.468755,1776298987000
1776298989.515,189.515,0.12,130.41,0.11,313.0,0.13,17.3,0.14,5.0,0.87,27.3,0.86,14.0,0.88,118.41,0.89,250.0,0.01,0.01,2352.225678,1776298988000
1776298989.834,189.834,0.12,118.41,0.11,349.79,0.14,5.0,0.16,5.0,0.87,17.3,0.86,5.0,0.88,130.41,0.89,313.0,0.02,0.01,2352.225678,1776298988000
1776298990.691,190.691,0.13,4.88,0.12,118.41,0.14,25.0,0.16,15.0,0.86,5.0,0.84,5.0,0.88,118.41,0.89,349.79,0.01,0.02,2352.256154,1776298989000
1776298991.685,191.685,0.13,8.15,0.12,118.41,0.14,32.0,0.15,10.0,0.86,25.0,0.84,15.0,0.87,4.88,0.88,118.41,0.01,0.01,2352.256154,1776298990000
1776298995.951,195.951,0.13,28.15,0.12,129.41,0.14,90.78,0.15,55.29,0.86,32.0,0.85,10.0,0.87,8.15,0.88,118.41,0.01,0.01,2352.324715,1776298994000
1776298997.493,197.493,0.12,3.41,0.11,260.0,0.13,90.0,0.14,44.93,0.86,90.78,0.85,55.29,0.87,28.15,0.88,129.41,0.01,0.01,2352.281205,1776298996000
1776298998.494,198.494,0.12,8.53,0.11,265.0,0.13,65.0,0.14,44.93,0.87,90.0,0.86,44.93,0.88,3.41,0.89,260.0,0.01,0.01,2352.287305,1776298997000
1776298999.436,199.436,0.13,63.0,0.12,22.0,0.14,10.93,0.15,64.29,0.87,65.0,0.86,44.93,0.88,8.53,0.89,265.0,0.01,0.01,2352.28728,1776298998000
1776299002.091,202.091,0.14,98.0,0.13,38.0,0.17,34.0,0.18,10.0,0.86,0.93,0.85,64.29,0.87,63.0,0.88,22.0,0.03,0.01,2352.25761,1776299000000
1776299003.134,203.134,0.16,150.77,0.15,56.0,0.17,14.0,0.2,10.0,0.83,34.0,0.82,10.0,0.86,98.0,0.87,38.0,0.01,0.03,2352.367414,1776299001000
1776299003.857,203.857,0.16,145.77,0.15,51.0,0.17,0.17,0.21,70.0,0.83,14.0,0.8,10.0,0.84,150.77,0.85,56.0,0.01,0.01,2352.403469,1776299002000
1776299004.866,204.866,0.21,55.0,0.2,21.0,0.23,67.55,0.24,145.0,0.79,70.0,0.78,10.0,0.84,145.77,0.85,51.0,0.02,0.05,2352.554797,1776299003000
1776299007.765,207.765,0.18,2.0,0.17,90.0,0.22,124.84,0.23,36.0,0.77,67.55,0.76,145.0,0.79,55.0,0.8,21.0,0.04,0.02,2352.923851,1776299006000
1776299009.417,209.417,0.21,18.7,0.2,20.05,0.22,33.07,0.23,20.0,0.78,124.84,0.77,36.0,0.83,29.31,0.84,172.77,0.01,0.05,2352.926245,1776299007000
1776299010.176,210.176,0.21,63.7,0.2,26.05,0.22,2.07,0.23,56.08,0.78,33.07,0.77,20.0,0.79,18.7,0.8,20.05,0.01,0.01,2352.888407,1776299009000
1776299010.378,210.378,0.22,20.0,0.21,58.7,0.23,26.08,0.24,145.0,0.78,2.07,0.77,56.08,0.79,63.7,0.8,26.05,0.01,0.01,2352.888407,1776299009000
1776299011.488,211.488,0.22,9.78,0.21,28.7,0.23,66.08,0.24,150.0,0.77,26.08,0.76,145.0,0.78,20.0,0.79,58.7,0.01,0.01,2352.918223,1776299010000
1776299015.188,215.188,0.21,51.85,0.2,20.05,0.22,20.0,0.23,20.0,0.77,66.08,0.76,150.0,0.78,9.78,0.79,28.7,0.01,0.01,2352.99161,1776299014000
1776299019.967,219.967,0.21,25.36,0.2,5.05,0.22,30.0,0.23,25.0,0.78,20.0,0.77,20.0,0.79,51.85,0.8,20.05,0.01,0.01,2353.019215,1776299019000
1776299020.172,220.172,0.21,20.36,0.2,5.05,0.22,12.86,0.23,25.0,0.78,30.0,0.77,25.0,0.79,25.36,0.8,5.05,0.01,0.01,2353.019215,1776299019000
1776299020.901,220.901,0.22,25.0,0.21,96.36,0.24,145.0,0.25,65.0,0.78,12.86,0.77,25.0,0.79,20.36,0.8,5.05,0.02,0.01,2353.00109,1776299020000
1776299022.961,222.961,0.27,4.0,0.26,11.0,0.28,75.0,0.29,75.0,0.76,145.0,0.75,65.0,0.78,25.0,0.79,96.36,0.01,0.02,2353.019136,1776299021000
1776299032.628,232.628,0.27,14.93,0.26,10.0,0.28,40.0,0.29,75.0,0.73,10.0,0.72,75.0,0.74,3.62,0.75,11.0,0.01,0.01,2353.3598,1776299031000
1776299033.929,233.929,0.25,29.0,0.23,25.0,0.26,144.0,0.27,20.0,0.72,40.0,0.71,75.0,0.73,14.93,0.74,10.0,0.01,0.01,2353.37892,1776299033000
1776299038.421,238.421,0.21,39.03,0.2,80.05,0.22,141.0,0.23,44.0,0.74,228.0,0.73,30.0,0.77,35.0,0.78,60.0,0.01,0.03,2353.024018,1776299037000
1776299040.026,240.026,0.21,37.76,0.2,80.05,0.22,140.0,0.23,54.0,0.78,141.0,0.77,44.0,0.79,39.03,0.8,80.05,0.01,0.01,2353.03444,1776299039000
1776299042.243,242.243,0.21,36.49,0.2,80.05,0.22,145.0,0.23,44.0,0.78,140.0,0.77,54.0,0.79,37.76,0.8,80.05,0.01,0.01,2353.05808,1776299041000
1776299042.73,242.73,0.21,36.49,0.2,80.05,0.22,140.45,0.23,44.0,0.78,145.0,0.77,44.0,0.79,36.49,0.8,80.05,0.01,0.01,2353.05808,1776299041000
1776299043.361,243.361,0.21,31.16,0.2,80.05,0.22,150.45,0.23,44.0,0.78,140.45,0.77,44.0,0.79,36.49,0.8,80.05,0.01,0.01,2353.061081,1776299042000
1776299044.586,244.586,0.21,29.89,0.2,80.05,0.22,132.45,0.23,87.0,0.78,150.45,0.77,44.0,0.79,31.16,0.8,80.05,0.01,0.01,2353.043335,1776299043000
1776299045.84,245.84,0.2,1.67,0.19,91.41,0.22,138.67,0.23,49.0,0.78,132.45,0.77,87.0,0.79,29.89,0.8,80.05,0.02,0.01,2353.040585,1776299044000
1776299048.409,248.409,0.16,75.0,0.15,135.0,0.2,192.0,0.21,75.0,0.78,138.67,0.77,49.0,0.8,1.67,0.81,91.41,0.04,0.02,2353.04179,1776299046000
1776299049.598,249.598,0.13,3.93,0.12,10.0,0.14,122.0,0.15,95.0,0.8,192.0,0.79,75.0,0.84,75.0,0.85,135.0,0.01,0.04,2353.00506,1776299048000
1776299053.172,253.172,0.1,99.88,0.09,375.0,0.11,142.0,0.12,81.0,0.86,127.0,0.85,95.0,0.88,10.0,0.89,460.0,0.01,0.02,2352.740655,1776299052000
1776299053.614,253.614,0.1,73.76,0.09,385.0,0.11,133.0,0.12,55.0,0.89,142.0,0.88,81.0,0.9,99.88,0.91,375.0,0.01,0.01,2352.740655,1776299052000
1776299053.983,253.983,0.1,13.76,0.09,350.0,0.11,148.75,0.12,30.0,0.89,113.0,0.88,55.0,0.9,73.76,0.91,385.0,0.01,0.01,2352.619515,1776299053000
1776299054.284,254.284,0.09,350.0,0.08,360.0,0.1,17.55,0.11,60.75,0.89,55.75,0.88,73.0,0.9,8.76,0.91,350.0,0.01,0.01,2352.619515,1776299053000
1776299055.393,255.393,0.09,366.22,0.08,360.0,0.11,31.88,0.12,115.0,0.9,5.55,0.89,60.75,0.91,350.0,0.92,360.0,0.02,0.01,2352.449356,1776299054000
1776299056.149,256.149,0.09,311.22,0.08,360.0,0.1,18.0,0.11,86.88,0.89,31.88,0.88,115.0,0.91,361.22,0.92,360.0,0.01,0.02,2352.52675,1776299055000
1776299057.507,257.507,0.09,286.22,0.08,360.0,0.1,63.0,0.11,163.49,0.9,18.0,0.89,86.88,0.91,311.22,0.92,360.0,0.01,0.01,2352.6079,1776299056000
1776299059.104,259.104,0.1,5.0,0.09,296.22,0.11,97.67,0.12,139.1,0.9,63.0,0.89,163.49,0.91,286.22,0.92,360.0,0.01,0.01,2352.60296,1776299058000
1776299062.794,262.794,0.09,221.22,0.08,360.0,0.1,64.0,0.11,143.67,0.89,97.67,0.88,139.1,0.9,5.0,0.91,296.22,0.01,0.01,2352.72456,1776299061000
1776299066.171,266.171,0.09,8.9,0.08,360.0,0.1,170.0,0.11,214.11,0.9,64.0,0.89,143.67,0.91,221.22,0.92,360.0,0.01,0.01,2352.69477,1776299065000
1776299066.411,266.411,0.08,360.0,0.07,385.0,0.1,165.0,0.11,214.11,0.9,170.0,0.89,214.11,0.91,6.51,0.92,360.0,0.02,0.01,2352.69477,1776299065000
1776299066.887,266.887,0.08,273.92,0.07,385.0,0.09,127.0,0.1,102.0,0.9,165.0,0.89,214.11,0.92,360.0,0.93,385.0,0.01,0.02,2352.69477,1776299065000
1776299069.868,269.868,0.08,243.92,0.07,385.0,0.11,35.5,0.12,90.0,0.91,127.0,0.9,102.0,0.92,273.92,0.93,385.0,0.03,0.01,2352.64839,1776299068000
1776299070.554,270.554,0.08,247.9,0.07,385.0,0.11,15.4,0.12,55.0,0.89,35.4,0.88,90.0,0.91,4.02,0.92,256.92,0.03,0.02,2352.64817,1776299069000
1776299070.891,270.891,0.11,45.0,0.1,5.0,0.12,70.0,0.13,10.0,0.89,15.4,0.88,55.0,0.92,241.81,0.93,385.0,0.01,0.03,2352.64817,1776299069000
1776299071.585,271.585,0.11,11.87,0.1,15.0,0.12,64.0,0.13,62.0,0.88,70.0,0.87,10.0,0.89,45.0,0.9,5.0,0.01,0.01,2352.71722,1776299070000
1776299072.478,272.478,0.1,8.96,0.09,15.0,0.12,54.0,0.13,28.0,0.88,64.0,0.87,62.0,0.89,11.87,0.9,15.0,0.02,0.01,2353.069981,1776299071000
1776299074.018,274.018,0.09,8.9,0.08,246.81,0.11,28.0,0.12,35.0,0.88,54.0,0.87,28.0,0.9,8.96,0.91,15.0,0.02,0.02,2353.073236,1776299072000
1776299076.181,276.181,0.09,3.9,0.08,254.81,0.1,25.0,0.11,20.0,0.89,28.0,0.88,35.0,0.91,8.9,0.92,246.81,0.01,0.02,2353.070623,1776299074000
1776299082.278,282.278,0.06,285.0,0.05,230.9,0.07,9.0,0.08,362.0,0.9,25.0,0.89,20.0,0.91,7.8,0.92,254.81,0.01,0.01,2353.037664,1776299081000
1776299083.466,283.466,0.05,212.9,0.04,380.0,0.07,353.0,0.08,68.0,0.93,9.0,0.92,362.0,0.94,285.0,0.95,230.9,0.02,0.01,2352.978585,1776299082000
1776299083.903,283.903,0.05,133.1,0.04,380.0,0.06,155.0,0.07,51.0,0.93,353.0,0.92,68.0,0.95,212.9,0.96,380.0,0.01,0.02,2352.900433,1776299083000
1776299084.134,284.134,0.04,377.39,0.03,226.0,0.06,372.33,0.07,85.37,0.94,372.33,0.93,85.37,0.95,102.63,0.96,380.0,0.02,0.01,2352.900433,1776299083000
1776299085.105,285.105,0.04,211.71,0.03,226.0,0.05,214.0,0.06,152.0,0.94,359.33,0.93,85.37,0.96,397.34,0.97,226.0,0.01,0.02,2352.873714,1776299084000
1776299085.552,285.552,0.04,54.89,0.03,226.0,0.05,243.0,0.06,126.31,0.95,224.0,0.94,152.0,0.96,211.71,0.97,226.0,0.01,0.01,2352.873714,1776299084000
1776299086.215,286.215,0.03,209.19,0.02,375.0,0.04,133.0,0.05,94.76,0.95,242.76,0.94,126.31,0.97,180.89,0.98,375.0,0.01,0.02,2352.776321,1776299085000
1776299087.119,287.119,0.03,187.6,0.02,375.0,0.04,75.04,0.05,73.26,0.96,123.04,0.95,84.76,0.97,184.15,0.98,375.0,0.01,0.01,2352.67295,1776299086000
1776299087.377,287.377,0.03,141.05,0.02,375.0,0.04,156.03,0.05,73.26,0.96,124.04,0.95,73.26,0.97,171.05,0.98,375.0,0.01,0.01,2352.67295,1776299086000
1776299088.208,288.208,0.03,101.05,0.02,375.0,0.04,180.77,0.05,78.0,0.96,156.03,0.95,73.26,0.97,141.05,0.98,375.0,0.01,0.01,2352.726359,1776299087000
1776299088.756,288.756,0.03,8.39,0.02,375.0,0.04,325.77,0.05,45.0,0.96,180.77,0.95,78.0,0.97,101.05,0.98,375.0,0.01,0.01,2352.726359,1776299087000
1776299089.233,289.233,0.02,356.83,0.01,1841.84,0.03,265.99,0.04,94.78,0.97,177.53,0.96,70.78,0.98,311.39,0.99,1741.84,0.01,0.01,2352.705387,1776299088000
1776299089.538,289.538,0.02,353.78,0.01,1841.84,0.03,265.99,0.04,94.78,0.97,265.99,0.96,94.78,0.98,354.78,0.99,1841.84,0.01,0.01,2352.705387,1776299088000
1776299090.233,290.233,0.02,154.73,0.01,1841.84,0.03,266.14,0.04,89.58,0.97,265.99,0.96,89.58,0.98,260.76,0.99,1841.84,0.01,0.01,2352.697118,1776299089000
1776299090.449,290.449,0.02,54.83,0.01,1841.84,0.03,271.14,0.04,89.58,0.97,266.14,0.96,89.58,0.98,8.97,0.99,1841.84,0.01,0.01,2352.697118,1776299089000
1776299090.902,290.902,0.01,1782.84,,,0.02,181.33,0.03,101.15,0.98,5.67,0.97,266.14,0.99,1831.84,,,0.01,0.01,2352.697118,1776299089000
1776299091.107,291.107,0.01,1773.81,,,0.02,181.33,0.03,101.15,0.98,181.33,0.97,101.15,0.99,1785.81,,,0.01,0.01,2352.560405,1776299090000
1776299091.438,291.438,0.01,1776.78,,,0.02,181.33,0.03,91.15,0.98,181.33,0.97,101.15,0.99,1773.81,,,0.01,0.01,2352.560405,1776299090000
1776299091.763,291.763,0.01,723.33,,,0.02,181.33,0.03,91.15,0.98,181.33,0.97,91.15,0.99,1728.33,,,0.01,0.01,2352.560405,1776299090000
1776299092.129,292.129,0.01,321.31,,,0.02,371.11,0.03,91.15,0.98,181.33,0.97,91.15,0.99,723.33,,,0.01,0.01,2352.465405,1776299091000
1776299092.335,292.335,0.01,190.29,,,0.02,371.11,0.03,91.15,0.98,371.11,0.97,91.15,0.99,193.31,,,0.01,0.01,2352.465405,1776299091000
1776299092.554,292.554,0.01,188.26,,,0.02,308.13,0.03,86.15,0.98,371.11,0.97,91.15,0.99,190.29,,,0.01,0.01,2352.465405,1776299091000
1776299092.771,292.771,,,,,0.01,316.74,0.02,308.13,0.98,308.13,0.97,91.15,0.99,188.26,,,,0.01,2352.451355,1776299092000
1776299093.337,293.337,,,,,0.01,2927.72,0.02,229.91,0.99,316.74,0.98,308.13,,,,,,,2352.451355,1776299092000
1776299094.081,294.081,,,,,0.01,4077.39,0.02,229.91,0.99,2975.64,0.98,229.91,,,,,,,2352.400511,1776299093000
1776299094.353,294.353,,,,,0.01,4130.85,0.02,229.91,0.99,4077.39,0.98,229.91,,,,,,,2352.400511,1776299093000
1776299098.187,298.187,,,,,0.01,4425.83,0.02,229.91,0.99,4130.85,0.98,229.91,,,,,,,2352.525805,1776299097000
1776299099.868,299.868,,,,,0.01,23192.55,0.02,132.92,0.99,4425.83,0.98,229.91,,,,,,,2352.54331,1776299098000

# RESULT,winner=Down,slug=eth-updown-5m-1776298800,ticks=243
