timestamp,elapsed_sec,up_bid_p1,up_bid_s1,up_bid_p2,up_bid_s2,up_ask_p1,up_ask_s1,up_ask_p2,up_ask_s2,down_bid_p1,down_bid_s1,down_bid_p2,down_bid_s2,down_ask_p1,down_ask_s1,down_ask_p2,down_ask_s2,up_spread,down_spread,eth_price,eth_oracle_ts
1776240001.472,1.472,0.46,229.0,0.45,83.0,0.47,16.0,0.51,5.0,0.53,16.0,0.49,5.0,0.54,234.0,0.55,83.0,0.01,0.01,2319.3943,1776236446000
1776240001.803,1.803,0.46,229.0,0.45,83.0,0.47,16.0,0.51,5.0,0.53,16.0,0.49,5.0,0.54,139.0,0.55,83.0,0.01,0.01,2319.3943,1776236446000
1776240002.46,2.46,0.46,3.88,0.45,13.0,0.47,16.0,0.49,140.0,0.53,16.0,0.49,5.0,0.54,139.0,0.55,83.0,0.01,0.01,2319.3943,1776236446000
1776240003.512,3.512,0.38,13.82,0.37,70.0,0.42,6.12,0.47,21.0,0.53,16.0,0.51,140.0,0.54,3.88,0.55,13.0,0.04,0.01,2319.3943,1776236446000
1776240003.807,3.807,0.37,70.0,0.36,203.89,0.39,4.71,0.4,10.0,0.58,6.12,0.53,21.0,0.62,13.82,0.63,70.0,0.02,0.04,2319.3943,1776236446000
1776240004.366,4.366,0.37,63.99,0.36,217.71,0.39,4.71,0.4,10.0,0.61,4.71,0.6,10.0,0.63,70.0,0.64,203.89,0.02,0.02,2319.3943,1776236446000
1776240004.782,4.782,0.38,57.63,0.37,63.99,0.4,10.0,0.42,6.12,0.61,4.71,0.6,10.0,0.63,63.99,0.64,217.71,0.02,0.02,2319.3943,1776236446000
1776240005.214,5.214,0.38,57.63,0.37,69.99,0.4,11.0,0.41,10.0,0.61,6.0,0.6,10.0,0.62,57.63,0.63,87.81,0.02,0.01,2319.3943,1776236446000
1776240005.605,5.605,0.38,47.63,0.37,63.99,0.39,10.0,0.4,16.0,0.6,11.0,0.59,10.0,0.62,57.63,0.63,69.99,0.01,0.02,2319.3943,1776236446000
1776240005.952,5.952,0.38,35.01,0.37,63.99,0.39,10.0,0.4,16.0,0.61,10.0,0.6,16.0,0.62,75.21,0.63,63.99,0.01,0.01,2319.3943,1776236446000
1776240006.23,6.23,0.38,45.01,0.37,63.99,0.39,5.0,0.4,16.0,0.61,10.0,0.6,16.0,0.62,35.01,0.63,63.99,0.01,0.01,2319.3943,1776236446000
1776240006.599,6.599,0.38,37.99,0.37,73.99,0.39,5.0,0.4,16.0,0.61,5.0,0.6,16.0,0.62,45.01,0.63,63.99,0.01,0.01,2319.3943,1776236446000
1776240008.16,8.16,0.38,47.99,0.37,68.99,0.39,5.0,0.4,16.0,0.61,5.0,0.6,16.0,0.62,37.99,0.63,73.99,0.01,0.01,2319.3943,1776236446000
1776240009.423,9.423,0.38,56.29,0.37,73.99,0.39,5.0,0.4,16.0,0.61,5.0,0.6,16.0,0.62,47.99,0.63,68.99,0.01,0.01,2319.3943,1776236446000
1776240009.75,9.75,0.46,75.5,0.45,90.0,0.47,1.06,0.48,70.0,0.61,5.0,0.6,16.0,0.62,56.29,0.63,73.99,0.01,0.01,2319.3943,1776236446000
1776240009.985,9.985,0.47,30.5,0.46,105.5,0.48,19.9,0.49,10.5,0.52,29.9,0.51,10.5,0.54,90.5,0.55,95.0,0.01,0.02,2319.3943,1776236446000
1776240010.278,10.278,0.47,83.5,0.46,113.5,0.48,14.8,0.49,10.5,0.52,19.8,0.51,10.5,0.53,30.5,0.54,105.5,0.01,0.01,2319.3943,1776236446000
1776240011.153,11.153,0.47,135.88,0.45,80.0,0.48,10.0,0.49,20.5,0.52,6.67,0.51,10.5,0.53,83.5,0.54,113.5,0.01,0.01,2319.3943,1776236446000
1776240011.798,11.798,0.41,75.0,0.4,5.0,0.47,10.0,0.48,10.0,0.52,10.0,0.51,20.5,0.53,135.88,0.55,80.0,0.06,0.01,2319.3943,1776236446000
1776240012.074,12.074,0.41,63.92,0.4,5.0,0.43,8.77,0.45,10.0,0.53,10.0,0.52,10.0,0.59,70.0,0.6,5.0,0.02,0.06,2319.3943,1776236446000
1776240012.733,12.733,0.41,56.54,0.39,70.0,0.43,9.36,0.44,7.72,0.56,7.72,0.55,10.0,0.59,56.54,0.6,5.0,0.02,0.03,2319.3943,1776236446000
1776240013.231,13.231,0.42,15.0,0.4,5.0,0.43,9.36,0.44,7.72,0.57,9.36,0.56,7.72,0.59,56.54,0.61,70.0,0.01,0.02,2319.3943,1776236446000
1776240013.474,13.474,0.39,62.7,0.38,280.79,0.4,20.0,0.41,10.0,0.59,10.0,0.56,187.08,0.61,70.0,0.62,100.79,0.01,0.02,2319.3943,1776236446000
1776240013.694,13.694,0.39,5.63,0.38,35.79,0.4,25.0,0.41,15.0,0.6,25.0,0.59,10.0,0.61,56.62,0.62,280.79,0.01,0.01,2319.3943,1776236446000
1776240014.025,14.025,0.38,30.69,0.36,13.89,0.39,10.0,0.4,128.0,0.6,25.0,0.59,15.0,0.61,5.63,0.62,35.79,0.01,0.01,2319.3943,1776236446000
1776240014.361,14.361,0.31,70.21,0.3,255.0,0.32,15.0,0.33,18.0,0.64,18.73,0.61,43.0,0.69,50.0,0.7,83.82,0.01,0.05,2319.3943,1776236446000
1776240014.699,14.699,0.3,80.0,0.29,70.0,0.32,12.5,0.33,23.0,0.68,7.5,0.67,18.0,0.69,68.61,0.7,255.0,0.02,0.01,2319.3943,1776236446000
1776240015.296,15.296,0.3,77.17,0.29,250.0,0.31,10.0,0.32,12.5,0.68,12.5,0.67,23.0,0.7,80.0,0.71,70.0,0.01,0.02,2319.3943,1776236446000
1776240015.556,15.556,0.3,78.17,0.29,255.0,0.31,10.0,0.32,7.5,0.68,11.25,0.67,28.0,0.7,77.17,0.71,250.0,0.01,0.02,2319.3943,1776236446000
1776240015.897,15.897,0.31,11.5,0.3,233.67,0.32,10.93,0.33,28.0,0.68,5.93,0.67,23.0,0.7,238.17,0.71,70.0,0.01,0.02,2319.3943,1776236446000
1776240016.697,16.697,0.31,112.91,0.3,233.67,0.33,14.68,0.34,23.0,0.68,10.93,0.67,28.0,0.69,11.5,0.7,233.67,0.02,0.01,2319.3943,1776236446000
1776240016.978,16.978,0.31,77.01,0.3,266.3,0.32,5.4,0.33,14.68,0.68,10.0,0.67,14.68,0.69,67.01,0.7,233.67,0.01,0.01,2319.3943,1776236446000
1776240017.934,17.934,0.3,219.23,0.29,85.0,0.32,5.4,0.33,14.68,0.68,5.4,0.67,14.68,0.69,77.01,0.7,266.3,0.02,0.01,2319.3943,1776236446000
1776240019.015,19.015,0.31,4.39,0.3,299.73,0.32,10.4,0.33,25.18,0.68,5.4,0.67,14.68,0.7,219.23,0.71,85.0,0.01,0.02,2319.3943,1776236446000
1776240020.771,20.771,0.31,13.98,0.3,315.73,0.32,10.4,0.33,25.18,0.68,10.4,0.67,25.18,0.69,4.39,0.7,299.73,0.01,0.01,2319.3943,1776236446000
1776240021.008,21.008,0.31,14.39,0.3,299.73,0.33,20.11,0.34,25.5,0.68,10.4,0.67,25.18,0.69,13.98,0.7,315.73,0.02,0.01,2319.3943,1776236446000
1776240021.299,21.299,0.31,5.0,0.3,32.63,0.32,13.75,0.33,25.11,0.67,20.11,0.66,25.5,0.69,14.39,0.7,299.73,0.01,0.02,2319.3943,1776236446000
1776240022.287,22.287,0.3,230.49,0.29,85.0,0.31,2.0,0.32,18.75,0.68,13.75,0.67,20.11,0.7,30.49,0.71,265.0,0.01,0.02,2319.3943,1776236446000
1776240022.834,22.834,0.35,3.0,0.34,80.0,0.36,18.73,0.37,5.0,0.69,2.0,0.68,18.75,0.7,230.49,0.71,85.0,0.01,0.01,2319.3943,1776236446000
1776240023.079,23.079,0.35,24.69,0.34,166.0,0.36,11.06,0.39,80.0,0.64,11.06,0.62,5.0,0.65,13.0,0.66,91.0,0.01,0.01,2319.3943,1776236446000
1776240023.908,23.908,0.38,76.0,0.37,30.94,0.39,82.5,0.4,18.0,0.61,80.0,0.6,18.0,0.63,10.94,0.65,19.69,0.01,0.02,2319.3943,1776236446000
1776240025.207,25.207,0.38,74.56,0.37,210.94,0.39,10.5,0.41,15.0,0.61,82.5,0.6,18.0,0.62,76.0,0.63,30.94,0.01,0.01,2319.3943,1776236446000
1776240025.902,25.902,0.38,72.04,0.37,210.94,0.39,10.5,0.41,15.0,0.61,10.5,0.59,15.0,0.62,74.56,0.63,210.94,0.01,0.01,2319.3943,1776236446000
1776240026.184,26.184,0.38,70.66,0.37,210.94,0.39,10.5,0.41,15.0,0.61,10.5,0.59,15.0,0.62,72.04,0.63,210.94,0.01,0.01,2319.3943,1776236446000
1776240028.541,28.541,0.42,25.0,0.41,55.0,0.44,4.26,0.45,5.0,0.61,10.5,0.59,15.0,0.62,70.66,0.63,210.94,0.02,0.01,2319.3943,1776236446000
1776240032.249,32.249,0.43,16.22,0.42,25.0,0.44,20.5,0.45,31.59,0.56,4.26,0.55,5.0,0.58,25.0,0.59,55.0,0.01,0.02,2319.3943,1776236446000
1776240032.929,32.929,0.36,19.0,0.35,29.5,0.37,12.29,0.38,25.5,0.56,20.5,0.55,31.59,0.57,16.22,0.58,25.0,0.01,0.01,2319.3943,1776236446000
1776240033.344,33.344,0.36,15.0,0.35,15.5,0.37,12.29,0.38,35.5,0.63,12.29,0.62,36.5,0.64,9.88,0.65,29.5,0.01,0.01,2319.3943,1776236446000
1776240033.795,33.795,0.36,15.0,0.35,15.5,0.37,14.58,0.38,35.5,0.63,7.29,0.62,35.5,0.64,15.0,0.65,15.5,0.01,0.01,2319.3943,1776236446000
1776240035.277,35.277,0.34,15.5,0.33,10.0,0.37,250.67,0.38,119.09,0.63,14.58,0.62,35.5,0.64,15.0,0.65,15.5,0.03,0.01,2319.3943,1776236446000
1776240035.75,35.75,0.35,15.5,0.34,15.5,0.36,35.0,0.37,19.58,0.63,250.67,0.62,119.09,0.66,15.5,0.67,10.0,0.01,0.03,2319.3943,1776236446000
1776240037.577,37.577,0.36,6.0,0.35,40.5,0.39,49.5,0.4,45.5,0.64,35.0,0.63,19.58,0.65,15.5,0.66,15.5,0.03,0.01,2319.3943,1776236446000
1776240038.241,38.241,0.39,228.0,0.38,160.0,0.4,4.87,0.43,5.0,0.61,49.5,0.6,45.5,0.64,6.0,0.65,40.5,0.01,0.03,2319.3943,1776236446000
1776240038.955,38.955,0.42,18.27,0.41,25.0,0.43,20.5,0.44,20.0,0.58,5.0,0.57,5.0,0.61,268.0,0.62,195.0,0.01,0.03,2319.3943,1776236446000
1776240039.353,39.353,0.42,8.27,0.41,10.0,0.43,28.17,0.44,25.0,0.57,20.5,0.56,20.0,0.58,18.27,0.59,25.0,0.01,0.01,2319.3943,1776236446000
1776240039.798,39.798,0.38,60.88,0.37,70.0,0.39,54.5,0.4,47.5,0.57,28.17,0.56,25.0,0.58,8.27,0.59,10.0,0.01,0.01,2319.3943,1776236446000
1776240040.24,40.24,0.38,70.78,0.37,70.0,0.39,38.93,0.4,40.5,0.61,41.5,0.6,40.5,0.62,60.78,0.63,70.0,0.01,0.01,2319.3943,1776236446000
1776240040.857,40.857,0.38,64.78,0.37,75.0,0.39,47.45,0.4,40.5,0.61,38.93,0.6,40.5,0.62,70.78,0.63,70.0,0.01,0.01,2319.3943,1776236446000
1776240041.185,41.185,0.39,25.0,0.38,284.28,0.4,2.44,0.42,25.5,0.61,44.88,0.6,40.5,0.62,58.78,0.63,75.0,0.01,0.01,2319.3943,1776236446000
1776240041.437,41.437,0.4,7.56,0.39,86.5,0.42,25.5,0.43,93.17,0.6,7.94,0.59,5.0,0.61,51.0,0.62,284.28,0.02,0.01,2319.3943,1776236446000
1776240042.211,42.211,0.41,75.0,0.4,38.06,0.43,78.17,0.44,190.0,0.58,25.5,0.57,93.17,0.6,7.56,0.61,86.5,0.02,0.02,2319.3943,1776236446000
1776240043.225,43.225,0.4,7.56,0.39,11.0,0.43,283.63,0.44,34.0,0.57,28.17,0.56,190.0,0.59,75.0,0.6,38.06,0.03,0.02,2319.3943,1776236446000
1776240044.219,44.219,0.4,3.92,0.38,38.78,0.41,272.97,0.42,43.97,0.57,283.63,0.56,34.0,0.6,7.56,0.61,11.0,0.01,0.03,2319.3943,1776236446000
1776240044.584,44.584,0.38,91.58,0.37,85.5,0.39,25.0,0.4,48.5,0.59,272.97,0.58,43.97,0.62,38.78,0.63,80.5,0.01,0.03,2319.3943,1776236446000
1776240045.543,45.543,0.38,87.76,0.37,85.5,0.39,40.5,0.4,48.5,0.61,25.0,0.6,48.5,0.62,89.38,0.63,85.5,0.01,0.01,2319.3943,1776236446000
1776240047.649,47.649,0.38,92.76,0.37,85.5,0.39,19.87,0.4,48.5,0.61,40.5,0.6,48.5,0.62,87.76,0.63,85.5,0.01,0.01,2319.3943,1776236446000
1776240048.858,48.858,0.38,97.76,0.37,85.5,0.39,14.5,0.4,43.5,0.61,19.87,0.6,48.5,0.62,92.76,0.63,85.5,0.01,0.01,2319.3943,1776236446000
1776240050.189,50.189,0.38,52.76,0.37,75.0,0.39,29.98,0.4,38.5,0.61,14.5,0.6,43.5,0.62,97.76,0.63,85.5,0.01,0.01,2319.3943,1776236446000
1776240051.548,51.548,0.3,36.49,0.29,5.0,0.36,140.0,0.37,178.5,0.61,29.98,0.6,38.5,0.62,52.76,0.63,75.0,0.06,0.01,2319.3943,1776236446000
1776240052.012,52.012,0.3,30.0,0.28,75.0,0.31,6.06,0.32,30.5,0.69,10.0,0.68,20.5,0.7,30.0,0.72,70.0,0.01,0.01,2319.3943,1776236446000
1776240052.397,52.397,0.28,180.88,0.27,295.5,0.29,10.0,0.3,15.0,0.69,6.06,0.68,30.5,0.72,75.0,0.73,5.0,0.01,0.03,2319.3943,1776236446000
1776240052.971,52.971,0.28,98.0,0.27,100.0,0.29,23.0,0.3,28.0,0.71,18.0,0.7,23.0,0.72,153.11,0.73,295.5,0.01,0.01,2319.3943,1776236446000
1776240053.495,53.495,0.26,50.44,0.25,169.2,0.27,11.88,0.28,10.0,0.73,10.0,0.72,10.0,0.74,9.94,0.75,144.2,0.01,0.01,2319.3943,1776236446000
1776240053.879,53.879,0.26,53.96,0.25,164.2,0.27,31.88,0.28,15.0,0.73,11.88,0.72,10.0,0.74,50.44,0.75,169.2,0.01,0.01,2319.3943,1776236446000
1776240054.168,54.168,0.26,3.9,0.25,75.0,0.27,261.88,0.28,166.0,0.73,31.88,0.72,15.0,0.74,53.96,0.75,164.2,0.01,0.01,2319.3943,1776236446000
1776240055.187,55.187,0.23,0.92,0.22,25.0,0.24,15.0,0.25,15.0,0.74,25.5,0.73,57.38,0.75,12.23,0.76,25.0,0.01,0.01,2319.3943,1776236446000
1776240055.748,55.748,0.22,52.8,0.21,273.2,0.23,27.98,0.24,25.5,0.76,15.0,0.75,15.0,0.78,22.92,0.79,82.7,0.01,0.02,2319.3943,1776236446000
1776240056.6,56.6,0.22,30.93,0.21,273.2,0.23,47.98,0.24,25.5,0.77,27.98,0.76,25.5,0.78,52.8,0.79,273.2,0.01,0.01,2319.3943,1776236446000
1776240057.617,57.617,0.22,8.0,0.21,57.7,0.23,270.94,0.24,30.5,0.77,47.98,0.76,25.5,0.78,30.93,0.79,273.2,0.01,0.01,2319.3943,1776236446000
1776240058.942,58.942,0.21,21.0,0.18,24.4,0.22,119.5,0.23,69.5,0.77,270.94,0.76,30.5,0.78,8.0,0.79,57.7,0.01,0.01,2319.3943,1776236446000
1776240059.341,59.341,0.18,43.69,0.17,72.5,0.19,89.5,0.2,26.86,0.81,28.5,0.8,21.86,0.82,14.3,0.83,72.5,0.01,0.01,2319.3943,1776236446000
1776240060.274,60.274,0.18,15.61,0.17,47.5,0.19,86.59,0.2,21.86,0.81,73.44,0.8,26.86,0.82,43.69,0.83,72.5,0.01,0.01,2319.3943,1776236446000
1776240061.107,61.107,0.18,50.56,0.17,32.5,0.19,35.0,0.2,21.86,0.81,86.59,0.8,21.86,0.82,15.61,0.83,47.5,0.01,0.01,2319.3943,1776236446000
1776240061.816,61.816,0.18,276.16,0.17,57.5,0.19,15.0,0.2,10.0,0.81,35.0,0.8,21.86,0.82,52.51,0.83,32.5,0.01,0.01,2319.3943,1776236446000
1776240062.263,62.263,0.18,260.32,0.17,57.5,0.19,15.0,0.2,26.5,0.81,15.0,0.8,10.0,0.82,276.16,0.83,57.5,0.01,0.01,2319.3943,1776236446000
1776240062.482,62.482,0.19,17.38,0.18,87.82,0.22,15.0,0.24,10.0,0.81,15.0,0.8,26.5,0.82,260.32,0.83,57.5,0.03,0.01,2319.3943,1776236446000
1776240062.713,62.713,0.2,77.53,0.19,22.38,0.22,25.0,0.24,10.0,0.78,15.0,0.76,10.0,0.81,17.38,0.82,87.82,0.02,0.03,2319.3943,1776236446000
1776240063.061,63.061,0.2,26.75,0.19,16.0,0.21,70.2,0.22,23.08,0.79,16.2,0.78,18.08,0.8,46.75,0.81,21.0,0.01,0.01,2319.3943,1776236446000
1776240063.42,63.42,0.2,36.55,0.19,41.0,0.21,35.5,0.22,23.08,0.78,23.08,0.77,25.5,0.8,26.75,0.81,16.0,0.01,0.02,2319.3943,1776236446000
1776240063.779,63.779,0.2,35.3,0.19,67.0,0.22,23.08,0.23,20.5,0.79,10.0,0.78,23.08,0.8,56.3,0.81,46.0,0.02,0.01,2319.3943,1776236446000
1776240065.023,65.023,0.2,29.0,0.19,63.4,0.21,274.7,0.22,14.08,0.79,142.44,0.78,14.08,0.8,35.3,0.81,247.0,0.01,0.01,2319.3943,1776236446000
1776240065.55,65.55,0.19,23.0,0.18,203.0,0.2,419.43,0.21,249.89,0.8,108.5,0.79,234.7,0.81,37.0,0.82,180.0,0.01,0.01,2319.3943,1776236446000
1776240065.919,65.919,0.17,45.0,0.16,186.8,0.18,118.0,0.19,279.5,0.8,419.43,0.79,249.89,0.81,23.0,0.82,203.0,0.01,0.01,2319.3943,1776236446000
1776240066.417,66.417,0.17,5.0,0.16,50.0,0.18,331.94,0.19,94.5,0.82,118.0,0.81,279.5,0.83,45.0,0.84,186.8,0.01,0.01,2319.3943,1776236446000
1776240066.703,66.703,0.16,44.87,0.15,16.0,0.17,77.0,0.18,291.94,0.83,37.0,0.82,111.94,0.84,47.97,0.85,16.0,0.01,0.01,2319.3943,1776236446000
1776240067.186,67.186,0.16,29.04,0.15,16.0,0.17,294.5,0.18,138.94,0.83,77.0,0.82,291.94,0.84,44.87,0.85,16.0,0.01,0.01,2319.3943,1776236446000
1776240067.882,67.882,0.16,43.35,0.15,35.0,0.17,56.5,0.18,256.5,0.83,294.5,0.82,138.94,0.84,29.04,0.85,16.0,0.01,0.01,2319.3943,1776236446000
1776240068.253,68.253,0.16,26.67,0.15,16.0,0.17,61.5,0.18,251.5,0.83,56.5,0.82,251.5,0.84,31.44,0.85,35.0,0.01,0.01,2319.3943,1776236446000
1776240069.02,69.02,0.16,17.17,0.15,16.0,0.17,61.5,0.18,250.5,0.83,61.5,0.82,251.5,0.84,26.67,0.85,16.0,0.01,0.01,2319.3943,1776236446000
1776240069.513,69.513,0.15,20.86,0.14,58.9,0.17,68.5,0.18,259.5,0.83,61.5,0.82,250.5,0.84,17.17,0.85,16.0,0.02,0.01,2319.3943,1776236446000
1776240069.898,69.898,0.15,42.53,0.14,104.4,0.16,35.0,0.17,31.0,0.83,68.5,0.82,259.5,0.85,20.86,0.86,58.9,0.01,0.02,2319.3943,1776236446000
1776240070.264,70.264,0.15,165.73,0.14,291.4,0.17,21.0,0.18,47.5,0.84,20.0,0.83,21.0,0.85,91.53,0.86,284.4,0.02,0.01,2319.3943,1776236446000
1776240070.753,70.753,0.15,355.73,0.14,104.4,0.17,26.0,0.18,47.5,0.83,21.0,0.82,47.5,0.85,165.73,0.86,291.4,0.02,0.02,2319.3943,1776236446000
1776240071.42,71.42,0.15,351.23,0.14,114.4,0.17,47.02,0.18,37.0,0.83,26.0,0.82,47.5,0.85,355.73,0.86,104.4,0.02,0.02,2319.3943,1776236446000
1776240072.187,72.187,0.16,240.05,0.15,134.23,0.17,41.02,0.18,42.0,0.83,52.02,0.82,37.0,0.84,35.01,0.85,314.23,0.01,0.01,2319.3943,1776236446000
1776240072.816,72.816,0.16,92.83,0.15,129.23,0.17,41.02,0.18,37.0,0.83,41.02,0.82,42.0,0.84,240.05,0.85,134.23,0.01,0.01,2319.3943,1776236446000
1776240078.981,78.981,0.16,26.8,0.15,61.93,0.17,107.02,0.18,327.5,0.83,41.02,0.82,37.0,0.84,92.83,0.85,129.23,0.01,0.01,2319.3943,1776236446000
1776240079.365,79.365,0.16,26.8,0.15,61.93,0.17,107.71,0.18,327.5,0.83,107.02,0.82,327.5,0.84,26.8,0.85,61.93,0.01,0.01,2319.3943,1776236446000
1776240079.572,79.572,0.16,23.8,0.15,61.93,0.17,450.3,0.18,381.94,0.83,107.71,0.82,327.5,0.84,26.8,0.85,61.93,0.01,0.01,2319.3943,1776236446000
1776240080.617,80.617,0.14,19.66,0.13,263.3,0.15,100.0,0.16,75.0,0.83,450.3,0.82,381.94,0.84,23.8,0.85,61.93,0.01,0.01,2319.3943,1776236446000
1776240082.679,82.679,0.15,10.0,0.14,274.71,0.16,15.0,0.17,39.1,0.85,100.0,0.84,75.0,0.86,19.66,0.87,263.3,0.01,0.01,2319.3943,1776236446000
1776240083.262,83.262,0.15,83.0,0.14,270.61,0.16,12.5,0.17,54.1,0.84,15.0,0.83,39.1,0.85,10.0,0.86,274.71,0.01,0.01,2319.3943,1776236446000
1776240085.079,85.079,0.14,302.62,0.13,89.3,0.16,103.0,0.17,154.1,0.84,17.5,0.83,54.1,0.86,268.63,0.87,57.3,0.02,0.02,2319.3943,1776236446000
1776240085.718,85.718,0.16,279.5,0.15,257.7,0.17,20.51,0.19,25.0,0.84,103.0,0.83,154.1,0.86,302.62,0.87,89.3,0.01,0.02,2319.3943,1776236446000
1776240087.759,87.759,0.2,53.49,0.19,271.9,0.21,214.01,0.22,25.0,0.81,25.0,0.8,30.0,0.82,14.49,0.84,279.5,0.01,0.01,2319.3943,1776236446000
1776240088.227,88.227,0.2,367.99,0.19,118.9,0.24,20.0,0.25,5.0,0.79,214.01,0.78,25.0,0.8,53.49,0.81,271.9,0.04,0.01,2319.3943,1776236446000
1776240088.904,88.904,0.26,112.18,0.24,70.0,0.27,18.0,0.28,10.0,0.71,6.21,0.7,32.5,0.72,10.0,0.73,10.0,0.01,0.01,2319.3943,1776236446000
1776240089.412,89.412,0.26,88.18,0.24,80.5,0.27,18.0,0.28,200.5,0.73,8.0,0.72,10.0,0.74,112.18,0.76,70.0,0.01,0.01,2319.3943,1776236446000
1776240089.956,89.956,0.26,78.18,0.25,5.0,0.27,31.78,0.28,210.5,0.73,18.0,0.72,200.5,0.74,88.18,0.76,80.5,0.01,0.01,2319.3943,1776236446000
1776240090.903,90.903,0.25,5.0,0.24,75.0,0.27,52.28,0.28,244.49,0.73,31.78,0.72,210.5,0.74,78.18,0.75,5.0,0.02,0.01,2319.3943,1776236446000
1776240092.361,92.361,0.23,1.55,0.22,14.0,0.24,35.0,0.25,15.0,0.73,52.28,0.72,244.49,0.75,5.0,0.76,75.0,0.01,0.02,2319.3943,1776236446000
1776240092.589,92.589,0.23,1.55,0.22,24.5,0.24,25.58,0.25,15.0,0.76,35.0,0.75,15.0,0.77,1.55,0.78,14.0,0.01,0.01,2319.3943,1776236446000
1776240095.688,95.688,0.21,68.73,0.19,75.0,0.22,273.49,0.23,130.09,0.76,25.58,0.75,15.0,0.77,1.55,0.78,24.5,0.01,0.01,2319.3943,1776236446000
1776240096.491,96.491,0.22,55.5,0.21,109.23,0.23,16.41,0.24,15.0,0.78,273.49,0.77,130.09,0.79,68.73,0.81,75.0,0.01,0.01,2319.3943,1776236446000
1776240100.774,100.774,0.21,68.41,0.2,42.5,0.22,17.0,0.23,25.41,0.77,2.41,0.76,15.0,0.78,55.5,0.79,109.23,0.01,0.01,2319.3943,1776236446000
1776240101.267,101.267,0.22,40.0,0.21,89.91,0.24,10.0,0.25,205.5,0.78,17.0,0.77,25.41,0.79,68.41,0.8,42.5,0.02,0.01,2319.3943,1776236446000
1776240102.98,102.98,0.23,5.0,0.22,91.5,0.24,4.58,0.25,208.0,0.76,10.0,0.75,205.5,0.78,40.0,0.79,89.91,0.01,0.02,2319.3943,1776236446000
1776240106.863,106.863,0.21,43.41,0.19,155.5,0.23,332.49,0.24,54.73,0.76,4.58,0.75,208.0,0.77,5.0,0.78,91.5,0.02,0.01,2319.3943,1776236446000
1776240107.967,107.967,0.21,58.41,0.19,155.5,0.23,175.7,0.24,49.73,0.77,332.49,0.76,54.73,0.79,43.41,0.81,155.5,0.02,0.02,2319.3943,1776236446000
1776240108.802,108.802,0.21,57.14,0.2,5.0,0.22,226.0,0.23,190.34,0.77,175.7,0.76,49.73,0.79,58.41,0.81,155.5,0.01,0.02,2319.3943,1776236446000
1776240109.416,109.416,0.21,54.64,0.2,5.0,0.22,226.0,0.23,190.34,0.78,226.0,0.77,190.34,0.79,57.14,0.8,5.0,0.01,0.01,2319.3943,1776236446000
1776240110.741,110.741,0.21,0.64,0.19,155.0,0.22,251.5,0.23,195.34,0.78,226.0,0.77,190.34,0.79,54.64,0.8,5.0,0.01,0.01,2319.3943,1776236446000
1776240111.044,111.044,0.19,160.31,0.18,35.5,0.21,63.0,0.22,36.5,0.78,256.5,0.77,195.34,0.81,152.53,0.82,25.0,0.02,0.03,2319.3943,1776236446000
1776240112.237,112.237,0.21,75.23,0.2,43.5,0.22,5.0,0.23,14.0,0.79,63.0,0.78,36.5,0.81,160.31,0.82,35.5,0.01,0.02,2319.3943,1776236446000
1776240113.618,113.618,0.22,34.93,0.21,35.5,0.23,15.0,0.24,206.0,0.77,9.13,0.76,191.0,0.79,80.23,0.8,43.5,0.01,0.02,2319.3943,1776236446000
1776240115.035,115.035,0.22,71.43,0.21,53.5,0.23,36.22,0.24,6.0,0.77,15.0,0.76,206.0,0.78,34.93,0.79,35.5,0.01,0.01,2319.3943,1776236446000
1776240116.328,116.328,0.21,10.0,0.2,15.5,0.22,13.28,0.23,87.22,0.77,36.22,0.76,6.0,0.78,63.22,0.79,233.5,0.01,0.01,2319.3943,1776236446000
1776240117.008,117.008,0.19,150.16,0.18,60.9,0.2,30.0,0.21,36.0,0.78,13.28,0.77,87.22,0.79,10.0,0.8,15.5,0.01,0.01,2319.3943,1776236446000
1776240118.599,118.599,0.19,127.8,0.18,49.9,0.2,75.0,0.21,221.0,0.8,35.0,0.79,36.0,0.81,153.8,0.82,60.9,0.01,0.01,2319.3943,1776236446000
1776240120.53,120.53,0.19,363.26,0.18,78.9,0.2,25.01,0.21,10.0,0.8,70.0,0.79,221.0,0.81,130.26,0.82,49.9,0.01,0.01,2319.3943,1776236446000
1776240121.123,121.123,0.25,20.5,0.24,20.5,0.26,4.46,0.27,5.0,0.78,5.0,0.77,37.0,0.81,379.26,0.82,78.9,0.01,0.03,2319.3943,1776236446000
1776240121.356,121.356,0.25,66.5,0.24,30.5,0.26,4.36,0.27,5.0,0.74,4.36,0.73,5.0,0.75,40.5,0.76,25.5,0.01,0.01,2319.3943,1776236446000
1776240121.583,121.583,0.25,63.04,0.24,30.5,0.26,4.36,0.27,5.0,0.74,4.36,0.73,5.0,0.75,66.5,0.76,30.5,0.01,0.01,2319.3943,1776236446000
1776240123.11,123.11,0.26,12.22,0.25,106.04,0.27,31.0,0.28,30.5,0.74,4.36,0.73,5.0,0.75,63.04,0.76,30.5,0.01,0.01,2319.3943,1776236446000
1776240123.584,123.584,0.25,55.0,0.24,98.82,0.26,93.5,0.27,42.5,0.73,31.0,0.72,30.5,0.74,12.22,0.75,106.04,0.01,0.01,2319.3943,1776236446000
1776240124.281,124.281,0.24,89.5,0.23,79.62,0.25,32.0,0.26,218.0,0.74,88.5,0.73,42.5,0.76,98.82,0.77,65.8,0.01,0.02,2319.3943,1776236446000
1776240124.748,124.748,0.24,61.5,0.23,65.8,0.25,10.0,0.26,206.0,0.75,32.0,0.74,218.0,0.76,89.5,0.77,79.62,0.01,0.01,2319.3943,1776236446000
1776240125.73,125.73,0.24,38.42,0.23,45.5,0.25,30.0,0.26,201.0,0.75,10.0,0.74,206.0,0.76,61.5,0.77,65.8,0.01,0.01,2319.3943,1776236446000
1776240125.932,125.932,0.24,3.42,0.23,45.5,0.25,20.0,0.26,201.0,0.75,30.0,0.74,201.0,0.76,38.42,0.77,45.5,0.01,0.01,2319.3943,1776236446000
1776240126.753,126.753,0.24,29.4,0.23,45.5,0.25,10.0,0.26,206.0,0.75,20.0,0.74,201.0,0.76,3.42,0.77,45.5,0.01,0.01,2319.3943,1776236446000
1776240128.371,128.371,0.24,101.08,0.23,45.5,0.25,11.0,0.26,200.0,0.75,10.0,0.74,206.0,0.76,29.4,0.77,45.5,0.01,0.01,2319.3943,1776236446000
1776240128.721,128.721,0.24,100.08,0.23,45.5,0.25,6.0,0.26,200.0,0.75,11.0,0.74,200.0,0.76,101.08,0.77,45.5,0.01,0.01,2319.3943,1776236446000
1776240130.105,130.105,0.24,92.18,0.23,45.5,0.25,21.0,0.26,200.0,0.75,6.0,0.74,200.0,0.76,100.08,0.77,45.5,0.01,0.01,2319.3943,1776236446000
1776240130.563,130.563,0.29,20.0,0.28,15.0,0.31,63.95,0.32,20.0,0.75,21.0,0.74,200.0,0.76,92.18,0.77,45.5,0.02,0.01,2319.3943,1776236446000
1776240130.89,130.89,0.3,10.0,0.29,20.0,0.31,80.95,0.32,20.0,0.69,63.95,0.68,20.0,0.71,20.0,0.72,15.0,0.01,0.02,2319.3943,1776236446000
1776240131.511,131.511,0.31,20.0,0.3,64.5,0.32,3.0,0.35,5.0,0.69,80.95,0.68,20.0,0.7,10.0,0.71,20.0,0.01,0.01,2319.3943,1776236446000
1776240131.956,131.956,0.35,13.72,0.34,15.0,0.36,68.6,0.37,212.34,0.64,53.1,0.63,205.0,0.65,15.0,0.66,15.0,0.01,0.01,2319.3943,1776236446000
1776240132.46,132.46,0.35,15.0,0.34,15.0,0.36,88.37,0.37,185.0,0.64,68.6,0.63,212.34,0.65,13.72,0.66,15.0,0.01,0.01,2319.3943,1776236446000
1776240132.966,132.966,0.33,10.0,0.32,15.0,0.35,21.0,0.36,272.37,0.64,88.37,0.63,185.0,0.65,15.0,0.66,15.0,0.02,0.01,2319.3943,1776236446000
1776240133.318,133.318,0.28,4.9,0.27,37.12,0.29,115.5,0.3,37.5,0.65,21.0,0.64,272.37,0.67,10.0,0.68,15.0,0.01,0.02,2319.3943,1776236446000
1776240133.54,133.54,0.28,25.4,0.27,48.32,0.29,21.0,0.3,17.0,0.71,115.5,0.7,37.5,0.72,4.9,0.73,37.12,0.01,0.01,2319.3943,1776236446000
1776240137.262,137.262,0.28,25.5,0.27,39.32,0.29,192.2,0.3,25.62,0.71,52.02,0.7,15.62,0.72,45.7,0.73,48.32,0.01,0.01,2319.3943,1776236446000
1776240138.052,138.052,0.31,55.0,0.3,83.5,0.32,13.0,0.33,5.0,0.71,178.4,0.7,25.62,0.72,20.5,0.73,39.32,0.01,0.01,2319.3943,1776236446000
1776240140.812,140.812,0.33,59.5,0.32,30.5,0.34,195.0,0.35,5.0,0.68,5.0,0.67,11.0,0.69,35.6,0.7,83.5,0.01,0.01,2319.3943,1776236446000
1776240142.614,142.614,0.31,3.6,0.3,46.42,0.32,6.0,0.33,117.5,0.66,184.0,0.65,5.0,0.67,59.5,0.68,30.5,0.01,0.01,2319.3943,1776236446000
1776240143.23,143.23,0.3,3.5,0.29,15.5,0.31,98.76,0.32,261.5,0.69,8.4,0.68,96.0,0.7,34.42,0.71,33.0,0.01,0.01,2319.3943,1776236446000
1776240146.173,146.173,0.28,23.16,0.27,25.5,0.29,47.0,0.3,205.0,0.69,98.76,0.68,261.5,0.7,3.5,0.71,15.5,0.01,0.01,2319.3943,1776236446000
1776240148.489,148.489,0.26,23.82,0.25,233.2,0.29,20.0,0.3,195.0,0.71,20.0,0.7,195.0,0.72,16.6,0.73,25.5,0.03,0.01,2319.3943,1776236446000
1776240149.191,149.191,0.28,50.5,0.27,41.5,0.29,1.2,0.3,5.0,0.71,20.0,0.7,195.0,0.74,23.82,0.75,233.2,0.01,0.03,2319.3943,1776236446000
1776240149.59,149.59,0.3,30.5,0.29,37.5,0.31,5.85,0.32,10.0,0.69,7.45,0.68,21.0,0.72,50.5,0.73,41.5,0.01,0.03,2319.3943,1776236446000
1776240150.742,150.742,0.3,35.5,0.29,65.0,0.31,3.75,0.32,11.0,0.69,5.85,0.68,10.0,0.7,30.5,0.71,37.5,0.01,0.01,2319.3943,1776236446000
1776240151.094,151.094,0.3,34.07,0.29,65.0,0.31,3.75,0.32,11.0,0.69,3.75,0.68,11.0,0.7,35.5,0.71,65.0,0.01,0.01,2319.3943,1776236446000
1776240151.958,151.958,0.29,20.16,0.28,35.0,0.3,25.5,0.31,32.5,0.69,3.75,0.68,11.0,0.7,34.07,0.71,65.0,0.01,0.01,2319.3943,1776236446000
1776240152.82,152.82,0.27,5.0,0.26,33.0,0.28,52.32,0.29,42.5,0.7,25.5,0.69,32.5,0.71,20.16,0.72,35.0,0.01,0.01,2319.3943,1776236446000
1776240154.246,154.246,0.31,25.0,0.3,47.5,0.32,10.62,0.33,26.5,0.72,36.82,0.71,32.5,0.73,9.68,0.74,43.5,0.01,0.01,2319.3943,1776236446000
1776240154.861,154.861,0.31,189.5,0.3,68.5,0.34,5.0,0.35,11.0,0.68,10.62,0.67,26.5,0.69,25.0,0.7,47.5,0.03,0.01,2319.3943,1776236446000
1776240155.599,155.599,0.34,78.5,0.33,253.5,0.35,1.0,0.36,78.31,0.66,5.0,0.65,11.0,0.69,189.5,0.7,68.5,0.01,0.03,2319.3943,1776236446000
1776240155.943,155.943,0.35,20.0,0.34,63.28,0.36,83.31,0.37,5.0,0.65,1.0,0.64,78.31,0.66,68.28,0.67,258.5,0.01,0.01,2319.3943,1776236446000
1776240156.907,156.907,0.33,64.5,0.32,35.5,0.34,0.41,0.35,11.0,0.64,83.31,0.63,5.0,0.65,20.0,0.66,63.28,0.01,0.01,2319.3943,1776236446000
1776240159.728,159.728,0.35,100.5,0.34,266.5,0.39,5.0,0.4,5.0,0.66,0.41,0.65,11.0,0.67,64.5,0.68,35.5,0.04,0.01,2319.3943,1776236446000
1776240160.263,160.263,0.38,30.0,0.37,15.0,0.39,19.3,0.4,15.5,0.61,5.0,0.6,5.0,0.65,100.5,0.66,266.5,0.01,0.04,2319.3943,1776236446000
1776240163.222,163.222,0.39,15.68,0.38,25.0,0.4,35.5,0.41,55.0,0.61,19.3,0.6,15.5,0.62,30.0,0.63,15.0,0.01,0.01,2319.3943,1776236446000
1776240163.988,163.988,0.39,15.68,0.38,25.0,0.4,35.5,0.41,65.0,0.6,35.5,0.59,55.0,0.61,15.68,0.62,25.0,0.01,0.01,2319.3943,1776236446000
1776240166.899,166.899,0.28,1.49,0.27,5.0,0.29,44.5,0.3,61.5,0.6,25.5,0.59,65.0,0.62,15.0,0.63,10.0,0.01,0.02,2319.3943,1776236446000
1776240167.105,167.105,0.27,5.0,0.26,36.5,0.28,8.51,0.29,50.5,0.71,44.5,0.7,61.5,0.72,1.49,0.73,5.0,0.01,0.01,2319.3943,1776236446000
1776240167.491,167.491,0.26,18.82,0.25,44.5,0.28,49.01,0.29,30.5,0.72,18.51,0.71,35.5,0.73,4.9,0.74,36.5,0.02,0.01,2319.3943,1776236446000
1776240167.895,167.895,0.25,61.86,0.24,34.0,0.27,25.0,0.28,39.01,0.72,49.01,0.71,30.5,0.74,18.82,0.75,44.5,0.02,0.02,2319.3943,1776236446000
1776240170.441,170.441,0.26,15.0,0.25,34.04,0.27,15.0,0.28,30.5,0.73,25.0,0.72,39.01,0.75,61.86,0.76,34.0,0.01,0.02,2319.3943,1776236446000
1776240171.339,171.339,0.26,15.0,0.25,34.04,0.27,16.29,0.28,30.5,0.73,15.0,0.72,30.5,0.74,15.0,0.75,34.04,0.01,0.01,2319.3943,1776236446000
1776240172.633,172.633,0.24,0.33,0.23,13.82,0.25,119.94,0.26,65.0,0.73,16.29,0.72,30.5,0.74,15.0,0.75,34.04,0.01,0.01,2319.3943,1776236446000
1776240173.165,173.165,0.2,25.54,0.18,196.0,0.21,52.0,0.22,25.0,0.75,114.94,0.74,65.0,0.8,25.0,0.82,196.0,0.01,0.05,2319.3943,1776236446000
1776240175.805,175.805,0.23,18.7,0.22,39.44,0.24,16.0,0.25,25.5,0.79,52.0,0.78,25.0,0.8,25.54,0.82,196.0,0.01,0.01,2319.3943,1776236446000
1776240176.46,176.46,0.26,15.0,0.25,10.0,0.27,14.27,0.28,10.0,0.76,16.0,0.75,25.5,0.77,18.7,0.78,39.44,0.01,0.01,2319.3943,1776236446000
1776240180.067,180.067,0.21,10.5,0.2,248.49,0.22,42.0,0.23,37.0,0.73,14.27,0.72,10.0,0.74,15.0,0.75,10.0,0.01,0.01,2319.3943,1776236446000
1776240180.361,180.361,0.21,20.43,0.2,248.49,0.22,42.0,0.23,32.0,0.78,42.0,0.77,37.0,0.79,10.5,0.8,248.49,0.01,0.01,2319.3943,1776236446000
1776240180.849,180.849,0.26,64.5,0.25,254.5,0.29,3.1,0.31,118.04,0.78,42.0,0.77,32.0,0.79,20.43,0.8,248.49,0.03,0.01,2319.3943,1776236446000
1776240181.105,181.105,0.3,5.0,0.29,5.0,0.31,43.45,0.32,35.5,0.69,62.84,0.68,5.0,0.7,10.0,0.71,10.0,0.01,0.01,2319.3943,1776236446000
1776240181.641,181.641,0.27,56.65,0.26,43.5,0.29,52.5,0.3,35.5,0.69,43.45,0.68,35.5,0.7,5.0,0.71,5.0,0.02,0.01,2319.3943,1776236446000
1776240186.707,186.707,0.27,4.3,0.26,28.5,0.28,45.0,0.29,225.5,0.71,52.5,0.7,35.5,0.73,56.65,0.74,43.5,0.01,0.02,2319.3943,1776236446000
1776240189.225,189.225,0.23,41.77,0.22,231.0,0.27,45.0,0.28,45.5,0.72,45.0,0.71,225.5,0.73,4.3,0.74,28.5,0.04,0.01,2319.3943,1776236446000
1776240192.654,192.654,0.26,11.82,0.23,24.5,0.27,319.14,0.28,36.5,0.73,45.0,0.72,45.5,0.77,41.77,0.78,231.0,0.01,0.04,2319.3943,1776236446000
1776240193.936,193.936,0.26,11.82,0.24,10.5,0.27,212.7,0.28,42.65,0.73,311.84,0.72,36.5,0.74,11.82,0.77,24.5,0.01,0.01,2319.3943,1776236446000
1776240194.744,194.744,0.26,1.75,0.23,14.0,0.27,244.2,0.28,36.65,0.73,212.7,0.72,42.65,0.74,11.82,0.76,10.5,0.01,0.01,2319.3943,1776236446000
1776240195.077,195.077,0.22,8.46,0.2,53.49,0.24,50.5,0.25,31.5,0.74,11.25,0.73,303.35,0.77,14.0,0.78,15.0,0.02,0.03,2319.3943,1776236446000
1776240195.832,195.832,0.21,40.5,0.2,253.54,0.22,10.0,0.23,15.0,0.76,50.5,0.75,31.5,0.78,8.46,0.8,53.49,0.01,0.02,2319.3943,1776236446000
1776240196.639,196.639,0.21,208.04,0.2,73.54,0.22,10.0,0.23,15.0,0.78,10.0,0.77,15.0,0.79,40.5,0.8,253.54,0.01,0.01,2319.3943,1776236446000
1776240203.701,203.701,0.2,40.54,0.19,15.81,0.21,30.0,0.22,17.0,0.78,10.0,0.77,15.0,0.79,208.04,0.8,73.54,0.01,0.01,2319.3943,1776236446000
1776240212.586,212.586,0.19,5.85,0.18,15.0,0.21,56.5,0.22,30.5,0.79,30.0,0.78,17.0,0.8,40.54,0.81,15.81,0.02,0.01,2319.3943,1776236446000
1776240212.945,212.945,0.19,3.76,0.18,15.0,0.2,45.0,0.21,46.5,0.79,56.5,0.78,30.5,0.81,5.85,0.82,15.0,0.01,0.02,2319.3943,1776236446000
1776240213.588,213.588,0.17,27.53,0.16,43.0,0.19,55.5,0.2,46.5,0.8,55.5,0.79,46.5,0.82,2.71,0.83,51.5,0.02,0.02,2319.3943,1776236446000
1776240214.427,214.427,0.17,10.53,0.16,53.5,0.18,23.0,0.19,49.5,0.81,55.5,0.8,46.5,0.83,27.53,0.84,43.0,0.01,0.02,2319.3943,1776236446000
1776240215.465,215.465,0.14,20.46,0.13,10.0,0.16,34.5,0.17,84.5,0.82,23.0,0.81,49.5,0.83,10.53,0.84,53.5,0.02,0.01,2319.3943,1776236446000
1776240216.242,216.242,0.13,47.54,0.12,63.5,0.14,73.0,0.15,68.5,0.85,29.5,0.84,56.5,0.87,7.93,0.88,20.5,0.01,0.02,2319.3943,1776236446000
1776240216.916,216.916,0.13,37.2,0.12,233.0,0.14,50.5,0.15,57.0,0.86,73.0,0.85,68.5,0.87,47.54,0.88,63.5,0.01,0.01,2319.3943,1776236446000
1776240218.955,218.955,0.13,362.26,0.12,68.5,0.18,13.0,0.19,5.0,0.86,50.5,0.85,57.0,0.87,21.0,0.88,233.0,0.05,0.01,2319.3943,1776236446000
1776240220.035,220.035,0.17,13.98,0.16,245.81,0.18,29.13,0.19,7.0,0.82,5.11,0.81,5.0,0.84,19.0,0.85,20.0,0.01,0.02,2319.3943,1776236446000
1776240221.277,221.277,0.18,6.34,0.17,15.94,0.19,93.22,0.2,31.5,0.81,7.0,0.8,21.5,0.83,20.94,0.84,256.81,0.01,0.02,2319.3943,1776236446000
1776240221.614,221.614,0.17,14.02,0.16,256.81,0.19,88.22,0.2,31.5,0.81,98.22,0.8,31.5,0.83,15.94,0.84,250.5,0.02,0.02,2319.3943,1776236446000
1776240222.075,222.075,0.18,10.61,0.17,190.0,0.19,16.57,0.2,79.02,0.81,88.22,0.8,31.5,0.83,182.5,0.84,76.81,0.01,0.02,2319.3943,1776236446000
1776240223.536,223.536,0.17,187.94,0.16,59.5,0.18,38.0,0.19,16.57,0.81,16.57,0.8,79.02,0.82,10.61,0.83,190.0,0.01,0.01,2319.3943,1776236446000
1776240224.383,224.383,0.17,8.79,0.16,70.81,0.18,43.0,0.19,20.57,0.82,38.0,0.81,16.57,0.83,181.67,0.84,59.5,0.01,0.01,2319.3943,1776236446000
1776240227.766,227.766,0.16,229.31,0.15,98.7,0.17,20.57,0.18,48.0,0.82,38.0,0.81,20.57,0.83,18.84,0.84,70.81,0.01,0.01,2319.3943,1776236446000
1776240228.438,228.438,0.16,199.92,0.15,70.5,0.17,20.57,0.18,48.0,0.83,20.57,0.82,48.0,0.84,229.31,0.85,98.7,0.01,0.01,2319.3943,1776236446000
1776240228.676,228.676,0.16,193.72,0.15,60.0,0.17,20.57,0.18,48.0,0.83,20.57,0.82,48.0,0.84,199.92,0.85,70.5,0.01,0.01,2319.3943,1776236446000
1776240229.658,229.658,0.16,200.03,0.15,70.5,0.18,28.0,0.19,15.0,0.83,20.57,0.82,48.0,0.84,193.72,0.85,60.0,0.02,0.01,2319.3943,1776236446000
1776240230.479,230.479,0.17,200.0,0.16,58.03,0.18,12.0,0.2,6.0,0.82,28.0,0.81,15.0,0.84,200.03,0.85,70.5,0.01,0.02,2319.3943,1776236446000
1776240231.326,231.326,0.2,10.0,0.19,10.0,0.21,32.0,0.22,30.5,0.78,10.0,0.77,15.0,0.79,13.0,0.81,10.0,0.01,0.01,2319.3943,1776236446000
1776240233.519,233.519,0.2,30.0,0.19,195.0,0.26,35.26,0.27,185.0,0.79,32.0,0.78,30.5,0.8,10.0,0.81,10.0,0.06,0.01,2319.3943,1776236446000
1776240234.572,234.572,0.25,10.0,0.24,10.0,0.27,12.15,0.28,15.0,0.74,15.26,0.73,5.0,0.78,10.0,0.8,210.0,0.02,0.04,2319.3943,1776236446000
1776240235.675,235.675,0.25,10.0,0.24,15.0,0.27,25.5,0.28,25.5,0.73,12.15,0.72,15.0,0.75,10.0,0.76,10.0,0.02,0.02,2319.3943,1776236446000
1776240236.911,236.911,0.25,19.2,0.24,29.7,0.26,0.5,0.27,25.5,0.73,25.5,0.72,25.5,0.75,10.0,0.76,15.0,0.01,0.02,2319.3943,1776236446000
1776240237.338,237.338,0.26,11.94,0.25,34.2,0.27,25.5,0.28,30.5,0.74,0.5,0.73,25.5,0.75,19.2,0.76,29.7,0.01,0.01,2319.3943,1776236446000
1776240237.853,237.853,0.26,9.91,0.25,29.2,0.27,35.5,0.28,30.5,0.73,25.5,0.72,30.5,0.74,11.94,0.75,34.2,0.01,0.01,2319.3943,1776236446000
1776240239.425,239.425,0.26,9.91,0.25,19.2,0.27,31.42,0.28,30.5,0.73,35.5,0.72,30.5,0.74,9.91,0.75,29.2,0.01,0.01,2319.3943,1776236446000
1776240240.971,240.971,0.25,34.2,0.24,209.7,0.3,100.99,0.31,30.0,0.73,31.42,0.72,30.5,0.74,9.91,0.75,19.2,0.05,0.01,2319.3943,1776236446000
1776240241.252,241.252,0.29,5.0,0.28,10.0,0.3,90.99,0.31,20.0,0.7,80.99,0.69,30.0,0.71,10.0,0.72,10.0,0.01,0.01,2319.3943,1776236446000
1776240242.867,242.867,0.28,8.1,0.27,23.0,0.29,42.5,0.3,27.79,0.7,90.99,0.69,35.0,0.72,7.18,0.73,23.0,0.01,0.02,2319.3943,1776236446000
1776240243.6,243.6,0.27,23.0,0.26,208.7,0.29,42.5,0.3,27.79,0.71,42.5,0.7,27.79,0.72,8.1,0.73,23.0,0.02,0.01,2319.3943,1776236446000
1776240243.972,243.972,0.27,1.74,0.26,208.7,0.28,45.57,0.29,15.0,0.71,42.5,0.7,27.79,0.73,5.65,0.74,208.7,0.01,0.02,2319.3943,1776236446000
1776240248.218,248.218,0.33,55.0,0.32,10.0,0.36,13.79,0.38,5.0,0.72,45.57,0.71,15.0,0.74,203.54,0.75,29.2,0.03,0.02,2319.3943,1776236446000
1776240248.704,248.704,0.45,15.0,0.44,45.0,0.46,3.0,0.47,10.0,0.5,67.35,0.49,65.0,0.56,25.0,0.67,65.0,0.01,0.06,2319.3943,1776236446000
1776240248.96,248.96,0.46,5.16,0.45,20.0,0.47,3.68,0.48,5.0,0.53,10.0,0.52,5.0,0.54,0.16,0.55,20.0,0.01,0.01,2319.3943,1776236446000
1776240249.331,249.331,0.47,10.0,0.46,5.16,0.48,13.63,0.49,10.0,0.53,3.68,0.52,5.0,0.54,5.16,0.55,20.0,0.01,0.01,2319.3943,1776236446000
1776240249.611,249.611,0.47,15.0,0.46,10.0,0.49,10.0,0.5,102.35,0.52,4.23,0.51,10.0,0.55,19.42,0.56,45.0,0.02,0.03,2319.3943,1776236446000
1776240250.309,250.309,0.49,263.0,0.48,20.0,0.5,39.03,0.51,15.0,0.5,99.35,0.49,15.0,0.53,20.0,0.54,15.0,0.01,0.03,2319.3943,1776236446000
1776240250.823,250.823,0.59,16.0,0.58,10.0,0.6,54.96,0.62,70.0,0.4,57.0,0.39,80.0,0.51,263.0,0.52,20.0,0.01,0.11,2319.3943,1776236446000
1776240251.066,251.066,0.59,4.08,0.58,10.0,0.6,59.96,0.62,70.0,0.4,54.96,0.38,70.0,0.41,9.04,0.42,10.0,0.01,0.01,2319.3943,1776236446000
1776240251.31,251.31,0.61,2.94,0.6,10.0,0.62,80.0,0.63,102.38,0.4,3.83,0.38,70.0,0.42,0.08,0.43,15.0,0.01,0.02,2319.3943,1776236446000
1776240251.649,251.649,0.61,47.94,0.6,36.0,0.62,73.72,0.63,107.38,0.38,80.0,0.37,102.38,0.39,2.94,0.4,10.0,0.01,0.01,2319.3943,1776236446000
1776240252.336,252.336,0.61,85.94,0.6,216.0,0.62,2.31,0.63,37.38,0.38,73.72,0.37,107.38,0.39,47.94,0.4,36.0,0.01,0.01,2319.3943,1776236446000
1776240252.551,252.551,0.62,65.0,0.61,50.94,0.63,40.99,0.64,5.0,0.37,37.38,0.36,5.0,0.39,85.94,0.4,216.0,0.01,0.02,2319.3943,1776236446000
1776240253.047,253.047,0.62,59.0,0.61,35.94,0.63,40.99,0.64,5.0,0.37,40.99,0.36,5.0,0.38,65.0,0.39,50.94,0.01,0.01,2319.3943,1776236446000
1776240253.278,253.278,0.62,59.0,0.61,35.94,0.63,43.76,0.65,70.0,0.37,40.99,0.36,5.0,0.38,59.0,0.39,35.94,0.01,0.01,2319.3943,1776236446000
1776240253.759,253.759,0.62,59.0,0.61,35.94,0.63,38.74,0.65,70.0,0.37,43.76,0.35,70.0,0.38,59.0,0.39,35.94,0.01,0.01,2319.3943,1776236446000
1776240254.015,254.015,0.61,30.94,0.6,31.0,0.63,228.74,0.64,10.0,0.37,38.74,0.35,70.0,0.38,59.0,0.39,35.94,0.02,0.01,2319.3943,1776236446000
1776240254.314,254.314,0.6,15.06,0.58,0.08,0.61,190.0,0.62,90.0,0.37,228.74,0.36,10.0,0.39,30.94,0.4,31.0,0.01,0.02,2319.3943,1776236446000
1776240255.118,255.118,0.55,21.0,0.54,18.0,0.56,18.0,0.57,5.0,0.44,53.92,0.41,20.0,0.45,15.0,0.46,18.0,0.01,0.01,2319.3943,1776236446000
1776240255.424,255.424,0.55,31.0,0.54,18.0,0.57,5.0,0.58,5.0,0.44,18.0,0.43,5.0,0.45,21.0,0.46,18.0,0.02,0.01,2319.3943,1776236446000
1776240255.76,255.76,0.57,21.0,0.56,15.0,0.58,5.0,0.59,5.0,0.43,5.0,0.42,5.0,0.45,36.0,0.46,18.0,0.01,0.02,2319.3943,1776236446000
1776240256.319,256.319,0.57,21.0,0.56,30.0,0.59,3.45,0.6,180.0,0.42,5.0,0.41,5.0,0.43,21.0,0.44,15.0,0.02,0.01,2319.3943,1776236446000
1776240256.821,256.821,0.59,8.26,0.58,85.0,0.6,166.72,0.61,5.0,0.4,166.72,0.39,5.0,0.41,15.0,0.42,85.0,0.01,0.01,2319.3943,1776236446000
1776240258.09,258.09,0.59,0.26,0.58,85.0,0.6,171.72,0.61,5.0,0.4,166.72,0.39,5.0,0.41,8.26,0.42,85.0,0.01,0.01,2319.3943,1776236446000
1776240258.296,258.296,0.59,0.26,0.58,85.0,0.6,165.05,0.61,5.0,0.4,171.72,0.39,5.0,0.41,0.26,0.42,85.0,0.01,0.01,2319.3943,1776236446000
1776240259.126,259.126,0.59,180.26,0.58,15.0,0.6,1.05,0.61,5.0,0.4,165.05,0.39,5.0,0.41,0.26,0.42,85.0,0.01,0.01,2319.3943,1776236446000
1776240259.378,259.378,0.62,82.0,0.61,29.0,0.63,10.7,0.68,180.0,0.4,1.05,0.39,5.0,0.41,180.26,0.42,15.0,0.01,0.01,2319.3943,1776236446000
1776240260.664,260.664,0.67,79.63,0.66,16.0,0.68,130.6,0.69,10.0,0.32,120.6,0.29,50.0,0.33,90.0,0.34,16.0,0.01,0.01,2319.3943,1776236446000
1776240262.711,262.711,0.67,84.63,0.66,21.0,0.68,5.0,0.69,5.0,0.32,130.6,0.31,10.0,0.33,79.63,0.34,16.0,0.01,0.01,2319.3943,1776236446000
1776240263.237,263.237,0.7,15.0,0.69,10.0,0.71,58.59,0.74,35.0,0.29,50.0,0.26,35.0,0.33,78.04,0.34,21.0,0.01,0.04,2319.3943,1776236446000
1776240263.527,263.527,0.7,17.89,0.69,10.0,0.71,63.59,0.74,35.0,0.29,58.59,0.26,35.0,0.3,15.0,0.31,10.0,0.01,0.01,2319.3943,1776236446000
1776240263.958,263.958,0.7,17.89,0.69,10.0,0.71,39.5,0.72,5.0,0.29,63.59,0.26,35.0,0.3,17.89,0.31,10.0,0.01,0.01,2319.3943,1776236446000
1776240264.212,264.212,0.7,22.89,0.69,15.0,0.71,35.27,0.72,5.0,0.29,39.5,0.28,5.0,0.3,17.89,0.31,10.0,0.01,0.01,2319.3943,1776236446000
1776240265.549,265.549,0.7,17.89,0.69,33.0,0.71,33.86,0.75,105.0,0.29,35.27,0.28,5.0,0.3,22.89,0.31,15.0,0.01,0.01,2319.3943,1776236446000
1776240266.138,266.138,0.77,10.0,0.76,10.0,0.78,3.07,0.79,105.0,0.29,31.04,0.25,105.0,0.3,27.89,0.31,33.0,0.01,0.01,2319.3943,1776236446000
1776240266.613,266.613,0.8,70.3,0.79,30.13,0.81,0.92,0.83,100.0,0.17,174.39,0.16,28.0,0.21,10.0,0.22,35.0,0.01,0.04,2319.3943,1776236446000
1776240267.166,267.166,0.8,82.3,0.79,30.13,0.83,100.0,0.85,182.99,0.19,0.92,0.17,100.0,0.2,70.3,0.21,30.13,0.03,0.01,2319.3943,1776236446000
1776240267.393,267.393,0.82,15.0,0.81,10.0,0.83,104.73,0.84,74.99,0.17,100.0,0.15,182.99,0.2,82.3,0.21,30.13,0.01,0.03,2319.3943,1776236446000
1776240267.714,267.714,0.82,3.94,0.81,10.0,0.83,104.73,0.85,169.99,0.17,104.73,0.16,74.99,0.18,15.0,0.19,10.0,0.01,0.01,2319.3943,1776236446000
1776240267.937,267.937,0.82,10.0,0.81,10.0,0.83,99.95,0.85,169.99,0.17,108.5,0.15,169.99,0.19,10.0,0.2,72.3,0.01,0.02,2319.3943,1776236446000
1776240268.351,268.351,0.82,8.04,0.81,10.0,0.83,109.95,0.84,5.0,0.17,99.95,0.15,169.99,0.18,10.0,0.19,10.0,0.01,0.01,2319.3943,1776236446000
1776240268.882,268.882,0.82,13.04,0.81,10.0,0.83,107.54,0.84,5.0,0.17,109.95,0.16,5.0,0.18,8.04,0.19,10.0,0.01,0.01,2319.3943,1776236446000
1776240269.464,269.464,0.82,8.04,0.81,10.0,0.83,106.33,0.84,5.0,0.17,107.54,0.16,5.0,0.18,13.04,0.19,10.0,0.01,0.01,2319.3943,1776236446000
1776240269.711,269.711,0.82,10.24,0.81,10.0,0.83,106.33,0.84,5.0,0.17,106.33,0.16,5.0,0.18,8.04,0.19,10.0,0.01,0.01,2319.3943,1776236446000
1776240270.398,270.398,0.81,4.24,0.8,82.3,0.83,80.94,0.84,35.0,0.17,106.33,0.16,5.0,0.18,10.24,0.19,10.0,0.02,0.01,2319.3943,1776236446000
1776240271.042,271.042,0.82,47.0,0.81,9.24,0.83,51.0,0.85,70.0,0.17,80.94,0.16,35.0,0.19,4.24,0.2,82.3,0.01,0.02,2319.3943,1776236446000
1776240271.493,271.493,0.84,7.5,0.83,20.0,0.85,42.48,0.86,70.0,0.15,35.75,0.14,70.0,0.16,15.0,0.17,15.0,0.01,0.01,2319.3943,1776236446000
1776240272.461,272.461,0.84,14.5,0.83,20.0,0.85,42.48,0.86,70.0,0.15,42.48,0.14,70.0,0.16,7.5,0.17,20.0,0.01,0.01,2319.3943,1776236446000
1776240274.153,274.153,0.84,19.5,0.83,20.0,0.85,32.8,0.86,70.0,0.15,35.16,0.14,70.0,0.16,14.5,0.17,20.0,0.01,0.01,2319.3943,1776236446000
1776240274.576,274.576,0.84,39.5,0.83,20.0,0.85,27.12,0.87,140.0,0.15,32.8,0.14,70.0,0.16,19.5,0.17,20.0,0.01,0.01,2319.3943,1776236446000
1776240276.385,276.385,0.86,68.0,0.85,15.0,0.87,71.76,0.9,20.58,0.13,140.0,0.11,74.2,0.16,39.5,0.17,20.0,0.01,0.03,2319.3943,1776236446000
1776240276.946,276.946,0.86,38.16,0.85,15.0,0.87,85.0,0.9,165.58,0.13,71.76,0.1,20.58,0.14,68.0,0.15,15.0,0.01,0.01,2319.3943,1776236446000
1776240277.747,277.747,0.86,24.16,0.85,15.0,0.87,84.76,0.89,10.0,0.13,92.76,0.11,10.0,0.14,14.16,0.15,15.0,0.01,0.01,2319.3943,1776236446000
1776240278.471,278.471,0.86,161.71,0.85,15.0,0.87,25.2,0.9,155.58,0.13,59.2,0.11,10.0,0.14,131.71,0.15,15.0,0.01,0.01,2319.3943,1776236446000
1776240278.762,278.762,0.87,7.08,0.86,142.55,0.9,153.41,0.91,6.79,0.1,153.41,0.09,74.2,0.14,161.71,0.15,15.0,0.03,0.04,2319.3943,1776236446000
1776240279.019,279.019,0.89,10.0,0.88,154.19,0.9,148.0,0.91,10.0,0.1,152.29,0.08,155.37,0.13,7.08,0.14,142.55,0.01,0.03,2319.3943,1776236446000
1776240279.497,279.497,0.89,28.0,0.88,154.19,0.9,138.66,0.91,10.0,0.1,150.33,0.09,10.0,0.11,18.0,0.12,164.19,0.01,0.01,2319.3943,1776236446000
1776240279.779,279.779,0.89,28.0,0.88,164.19,0.9,136.47,0.91,10.0,0.1,138.66,0.09,10.0,0.11,28.0,0.12,154.19,0.01,0.01,2319.3943,1776236446000
1776240280.131,280.131,0.89,48.0,0.88,169.19,0.93,114.8,0.94,84.0,0.1,135.24,0.09,10.0,0.11,28.0,0.12,164.19,0.04,0.01,2319.3943,1776236446000
1776240280.481,280.481,0.92,15.0,0.91,20.0,0.93,121.73,0.94,84.0,0.07,118.03,0.06,84.0,0.09,20.0,0.1,15.0,0.01,0.02,2319.3943,1776236446000
1776240280.726,280.726,0.92,15.0,0.91,20.0,0.93,86.31,0.94,84.0,0.07,111.73,0.06,84.0,0.08,20.0,0.09,20.0,0.01,0.01,2319.3943,1776236446000
1776240281.016,281.016,0.92,20.0,0.91,177.27,0.93,59.8,0.94,84.0,0.07,64.8,0.06,84.0,0.08,15.0,0.09,20.0,0.01,0.01,2319.3943,1776236446000
1776240281.354,281.354,0.94,75.0,0.93,68.0,0.95,5.0,0.96,100.25,0.07,35.55,0.06,74.0,0.08,23.07,0.09,177.27,0.01,0.01,2319.3943,1776236446000
1776240281.804,281.804,0.96,20.72,0.95,43.0,0.97,196.68,0.98,396.0,0.04,16.77,0.03,231.69,0.06,75.0,0.07,68.0,0.01,0.02,2319.3943,1776236446000
1776240282.605,282.605,0.96,25.72,0.95,48.0,0.97,77.14,0.98,396.0,0.03,82.48,0.02,396.0,0.04,15.72,0.05,43.0,0.01,0.01,2319.3943,1776236446000
1776240283.262,283.262,0.96,40.72,0.95,48.0,0.97,2.65,0.98,396.0,0.03,77.14,0.02,396.0,0.04,25.72,0.05,48.0,0.01,0.01,2319.3943,1776236446000
1776240284.427,284.427,0.96,68.72,0.95,25.0,0.98,239.24,0.99,7070.0,0.03,2.65,0.02,396.0,0.04,40.72,0.05,48.0,0.02,0.01,2319.3943,1776236446000
1776240284.873,284.873,0.97,20.0,0.96,73.72,0.98,273.71,0.99,7370.0,0.02,274.74,0.01,7370.0,0.03,15.0,0.04,68.72,0.01,0.01,2319.3943,1776236446000
1776240285.487,285.487,0.97,20.0,0.96,73.72,0.98,191.39,0.99,7070.0,0.02,207.39,0.01,7370.0,0.03,20.0,0.04,73.72,0.01,0.01,2319.3943,1776236446000
1776240285.966,285.966,0.97,20.0,0.96,61.72,0.98,134.39,0.99,7070.0,0.02,191.39,0.01,7070.0,0.03,20.0,0.04,73.72,0.01,0.01,2319.3943,1776236446000
1776240286.297,286.297,0.96,61.72,0.95,25.0,0.97,75.0,0.98,106.45,0.02,101.45,0.01,6812.79,0.03,20.0,0.04,61.72,0.01,0.01,2319.3943,1776236446000
1776240286.823,286.823,0.96,61.72,0.95,25.0,0.97,59.99,0.98,101.45,0.03,65.0,0.02,101.45,0.04,66.72,0.05,25.0,0.01,0.01,2319.3943,1776236446000
1776240287.127,287.127,0.96,217.27,0.95,25.0,0.97,40.11,0.98,101.45,0.03,54.84,0.02,101.45,0.04,222.27,0.05,25.0,0.01,0.01,2319.3943,1776236446000
1776240287.488,287.488,0.96,222.27,0.95,25.0,0.97,29.8,0.98,101.45,0.03,40.11,0.02,101.45,0.04,217.27,0.05,25.0,0.01,0.01,2319.3943,1776236446000
1776240288.149,288.149,0.96,237.27,0.95,51.19,0.98,0.89,0.99,1398.79,0.03,29.8,0.02,101.45,0.04,222.27,0.05,25.0,0.02,0.01,2319.3943,1776236446000
1776240288.354,288.354,0.97,10.0,0.96,217.27,0.99,1403.79,,,0.02,0.89,0.01,1398.79,0.04,237.27,0.05,51.19,0.02,0.02,2319.3943,1776236446000
1776240289.254,289.254,0.97,123.74,0.96,143.03,0.99,1346.89,,,0.01,1398.79,,,0.03,10.0,0.04,298.58,0.02,0.02,2319.3943,1776236446000
1776240289.497,289.497,0.97,140.74,0.96,225.03,0.99,1301.38,,,0.01,1331.59,,,0.03,123.74,0.04,213.03,0.02,0.02,2319.3943,1776236446000
1776240290.168,290.168,0.97,56.99,0.96,302.22,0.98,66.88,0.99,1362.54,0.01,1296.33,,,0.02,10.0,0.03,32.0,0.01,0.01,2319.3943,1776236446000
1776240290.4,290.4,0.97,101.99,0.96,302.22,0.98,51.55,0.99,1362.54,0.02,56.66,0.01,1362.54,0.03,101.99,0.04,302.22,0.01,0.01,2319.3943,1776236446000
1776240291.094,291.094,0.97,105.99,0.96,301.5,0.98,30.5,0.99,1362.54,0.02,42.45,0.01,1362.54,0.03,101.99,0.04,302.22,0.01,0.01,2319.3943,1776236446000
1776240291.409,291.409,0.97,121.99,0.96,296.5,0.98,5.0,0.99,1362.54,0.02,30.5,0.01,1362.54,0.03,105.99,0.04,301.5,0.01,0.01,2319.3943,1776236446000
1776240291.669,291.669,0.97,10.0,0.96,211.31,0.98,3.97,0.99,1150.19,0.01,1270.19,,,0.03,10.0,0.04,211.31,0.01,0.02,2319.3943,1776236446000
1776240291.914,291.914,0.97,9.53,0.96,275.3,0.99,1174.19,,,0.02,3.97,0.01,1150.19,0.03,10.0,0.04,211.31,0.02,0.01,2319.3943,1776236446000
1776240292.36,292.36,0.97,19.54,0.96,293.3,0.99,3.0,,,0.01,164.19,,,0.03,14.54,0.04,262.3,0.02,0.02,2319.3943,1776236446000
1776240296.86,296.86,0.99,154.05,0.98,129.99,,,,,,,,,0.03,19.54,0.04,293.3,,,2319.3943,1776236446000
