timestamp,elapsed_sec,up_bid_p1,up_bid_s1,up_bid_p2,up_bid_s2,up_ask_p1,up_ask_s1,up_ask_p2,up_ask_s2,down_bid_p1,down_bid_s1,down_bid_p2,down_bid_s2,down_ask_p1,down_ask_s1,down_ask_p2,down_ask_s2,up_spread,down_spread,eth_price,eth_oracle_ts
1776373801.159,1.159,0.46,5.0,0.4,5.0,0.5,15.0,0.54,5.0,0.5,15.0,0.46,5.0,0.54,5.0,0.6,5.0,0.04,0.04,2355.764428,1776373800000
1776373801.489,1.489,0.47,6.0,0.46,93.0,0.49,20.88,0.5,15.0,0.5,15.0,0.46,5.0,0.54,5.0,0.6,5.0,0.02,0.04,2355.764428,1776373800000
1776373802.349,2.349,0.47,3.96,0.46,93.0,0.48,11.54,0.49,20.88,0.51,20.88,0.5,15.0,0.53,6.0,0.54,93.0,0.01,0.02,2355.764428,1776373800000
1776373802.561,2.561,0.47,3.96,0.46,93.0,0.48,11.54,0.49,20.88,0.52,11.54,0.51,20.88,0.53,3.96,0.54,93.0,0.01,0.01,2355.768516,1776373801000
1776373802.822,2.822,0.46,93.0,0.45,88.0,0.49,12.18,0.5,20.0,0.52,11.54,0.51,20.88,0.53,3.96,0.54,93.0,0.03,0.01,2355.768516,1776373801000
1776373803.046,3.046,0.46,93.0,0.45,88.0,0.49,12.18,0.5,20.0,0.51,12.18,0.5,20.0,0.54,93.0,0.55,88.0,0.03,0.03,2355.831975,1776373802000
1776373803.361,3.361,0.48,29.72,0.47,22.0,0.49,12.18,0.5,15.0,0.51,12.18,0.5,20.0,0.54,93.0,0.55,88.0,0.01,0.03,2355.831975,1776373802000
1776373804.331,4.331,0.48,29.72,0.47,22.0,0.49,12.18,0.5,15.0,0.51,12.18,0.5,15.0,0.52,29.72,0.53,22.0,0.01,0.01,2355.766883,1776373803000
1776373805.15,5.15,0.48,25.0,0.47,32.0,0.49,11.18,0.5,25.0,0.51,12.18,0.5,15.0,0.52,29.72,0.53,22.0,0.01,0.01,2355.766883,1776373803000
1776373805.738,5.738,0.43,5.0,0.42,5.0,0.44,2.0,0.45,15.0,0.51,11.18,0.5,25.0,0.54,51.31,0.55,85.0,0.01,0.03,2355.839474,1776373804000
1776373805.96,5.96,0.41,22.52,0.4,155.0,0.44,2.0,0.45,15.0,0.56,2.0,0.55,15.0,0.59,22.52,0.6,155.0,0.03,0.03,2355.76875,1776373805000
1776373806.221,6.221,0.41,5.0,0.4,173.0,0.43,20.0,0.44,2.0,0.58,5.0,0.57,25.0,0.6,173.0,0.61,98.0,0.02,0.02,2355.76875,1776373805000
1776373806.717,6.717,0.41,38.64,0.4,168.0,0.43,15.0,0.44,2.0,0.57,20.0,0.56,2.0,0.59,5.0,0.6,173.0,0.02,0.02,2355.76875,1776373805000
1776373806.937,6.937,0.41,35.28,0.4,168.0,0.43,15.0,0.44,2.0,0.57,15.0,0.56,2.0,0.59,35.28,0.6,168.0,0.02,0.02,2355.762945,1776373806000
1776373807.868,7.868,0.41,12.0,0.4,158.0,0.42,12.16,0.43,30.0,0.57,15.0,0.56,2.0,0.59,35.28,0.6,168.0,0.01,0.02,2355.762945,1776373806000
1776373808.334,8.334,0.42,18.15,0.41,12.0,0.43,30.0,0.44,7.0,0.58,12.16,0.57,30.0,0.59,12.0,0.6,158.0,0.01,0.01,2355.629254,1776373807000
1776373808.652,8.652,0.42,7.5,0.41,12.0,0.43,50.5,0.44,7.0,0.57,30.0,0.56,7.0,0.58,18.15,0.59,12.0,0.01,0.01,2355.629254,1776373807000
1776373809.049,9.049,0.41,22.5,0.4,158.0,0.43,50.5,0.44,7.0,0.57,50.5,0.56,7.0,0.59,22.5,0.6,158.0,0.02,0.02,2355.452062,1776373808000
1776373810.212,10.212,0.41,22.0,0.4,188.5,0.42,12.61,0.43,50.5,0.58,35.5,0.57,40.5,0.59,7.0,0.6,168.5,0.01,0.01,2355.452062,1776373808000
1776373811.147,11.147,0.41,64.5,0.4,155.0,0.42,9.75,0.43,28.5,0.58,12.61,0.57,50.5,0.59,22.0,0.6,188.5,0.01,0.01,2355.363237,1776373809000
1776373811.453,11.453,0.41,44.0,0.4,165.5,0.43,2.02,0.44,38.5,0.58,9.75,0.57,28.5,0.59,64.5,0.6,155.0,0.02,0.01,2355.39259,1776373810000
1776373812.839,12.839,0.43,15.0,0.42,54.5,0.44,48.53,0.45,37.5,0.57,2.02,0.56,38.5,0.59,44.0,0.6,165.5,0.01,0.02,2355.338248,1776373811000
1776373813.219,13.219,0.43,8.0,0.42,49.5,0.44,39.53,0.45,37.5,0.56,31.2,0.55,37.5,0.57,15.0,0.58,49.5,0.01,0.01,2355.338248,1776373811000
1776373813.999,13.999,0.42,38.24,0.41,20.5,0.44,45.57,0.45,37.5,0.56,37.61,0.55,37.5,0.57,8.0,0.58,49.5,0.02,0.01,2355.330109,1776373812000
1776373815.618,15.618,0.41,27.5,0.4,209.5,0.42,6.0,0.43,45.5,0.56,55.57,0.55,37.5,0.58,36.51,0.59,20.5,0.01,0.02,2355.311402,1776373814000
1776373815.925,15.925,0.41,26.5,0.4,209.5,0.42,6.0,0.43,45.5,0.58,6.0,0.57,45.5,0.59,27.5,0.6,209.5,0.01,0.01,2355.311402,1776373814000
1776373816.422,16.422,0.41,16.5,0.4,215.5,0.42,6.0,0.43,45.5,0.58,6.0,0.57,45.5,0.59,26.5,0.6,209.5,0.01,0.01,2355.307573,1776373815000
1776373818.295,18.295,0.41,42.0,0.4,194.5,0.43,52.0,0.44,40.5,0.58,6.0,0.57,45.5,0.59,11.5,0.6,209.5,0.02,0.01,2355.379912,1776373816000
1776373818.531,18.531,0.42,23.44,0.41,32.0,0.43,52.0,0.44,40.5,0.57,52.0,0.56,40.5,0.59,42.0,0.6,194.5,0.01,0.02,2355.316263,1776373817000
1776373819.537,19.537,0.42,52.44,0.41,70.5,0.43,3.0,0.44,15.0,0.57,52.0,0.56,40.5,0.58,17.44,0.59,32.0,0.01,0.01,2355.391275,1776373818000
1776373819.746,19.746,0.48,25.5,0.47,80.0,0.49,5.4,0.5,33.0,0.51,5.5,0.5,43.96,0.52,10.0,0.53,80.0,0.01,0.01,2355.391275,1776373818000
1776373820.276,20.276,0.49,27.0,0.48,140.5,0.5,9.2,0.52,5.0,0.5,27.0,0.48,20.0,0.52,105.5,0.53,95.0,0.01,0.02,2355.353895,1776373819000
1776373820.506,20.506,0.48,138.28,0.47,134.0,0.5,4.2,0.52,5.0,0.5,4.2,0.48,5.0,0.51,27.0,0.52,169.5,0.02,0.01,2355.353895,1776373819000
1776373820.956,20.956,0.49,27.0,0.48,138.28,0.5,6.7,0.51,10.5,0.5,4.2,0.48,5.0,0.52,138.28,0.53,134.0,0.01,0.02,2355.353895,1776373819000
1776373821.255,21.255,0.5,41.0,0.49,25.5,0.51,10.5,0.52,59.5,0.5,6.7,0.49,10.5,0.51,27.0,0.52,138.28,0.01,0.01,2355.39764,1776373820000
1776373822.347,22.347,0.51,189.7,0.5,183.55,0.58,2.85,0.59,20.0,0.49,10.5,0.48,59.5,0.5,41.0,0.51,25.5,0.07,0.01,2355.75176,1776373821000
1776373822.775,22.775,0.56,26.0,0.55,125.0,0.57,93.74,0.58,7.85,0.42,2.85,0.41,20.0,0.49,189.7,0.5,183.55,0.01,0.07,2355.75176,1776373821000
1776373823.627,23.627,0.56,46.95,0.55,121.0,0.57,86.74,0.58,7.85,0.43,93.74,0.42,36.85,0.44,78.95,0.45,125.0,0.01,0.01,2355.81354,1776373822000
1776373823.945,23.945,0.56,30.95,0.55,131.0,0.57,115.74,0.58,17.85,0.43,86.74,0.42,7.85,0.44,46.95,0.45,121.0,0.01,0.01,2356.031315,1776373823000
1776373824.293,24.293,0.56,28.45,0.55,131.0,0.57,97.65,0.58,12.85,0.43,127.74,0.42,17.85,0.44,28.45,0.45,131.0,0.01,0.01,2356.031315,1776373823000
1776373824.669,24.669,0.56,25.95,0.55,131.0,0.57,175.04,0.58,12.85,0.43,97.65,0.42,12.85,0.44,28.45,0.45,131.0,0.01,0.01,2356.031315,1776373823000
1776373825.54,25.54,0.56,21.17,0.55,141.5,0.57,34.01,0.58,13.35,0.43,175.04,0.42,12.85,0.44,33.67,0.45,121.0,0.01,0.01,2356.19586,1776373824000
1776373825.876,25.876,0.56,15.61,0.55,141.5,0.57,82.77,0.58,13.35,0.43,72.27,0.42,13.35,0.44,27.89,0.45,141.5,0.01,0.01,2356.19586,1776373824000
1776373826.297,26.297,0.56,5.0,0.55,111.5,0.57,121.77,0.58,23.35,0.43,82.77,0.42,13.35,0.44,15.61,0.45,141.5,0.01,0.01,2356.19342,1776373825000
1776373826.621,26.621,0.56,72.7,0.55,153.5,0.57,7.01,0.6,10.0,0.43,121.77,0.42,23.35,0.44,5.0,0.45,111.5,0.01,0.01,2356.19342,1776373825000
1776373826.897,26.897,0.61,5.0,0.6,45.5,0.66,65.0,0.67,85.0,0.38,10.0,0.37,50.0,0.44,104.5,0.45,203.5,0.05,0.06,2356.19342,1776373825000
1776373827.115,27.115,0.62,22.0,0.61,20.0,0.63,2.56,0.64,18.5,0.34,65.0,0.33,85.0,0.39,5.0,0.4,45.5,0.01,0.05,2356.20335,1776373826000
1776373827.322,27.322,0.63,17.29,0.62,71.0,0.64,10.5,0.65,18.5,0.37,2.56,0.36,18.5,0.38,22.0,0.39,20.0,0.01,0.01,2356.20335,1776373826000
1776373827.84,27.84,0.62,9.29,0.61,20.0,0.64,179.49,0.65,49.46,0.36,10.5,0.35,18.5,0.37,17.29,0.38,71.0,0.02,0.01,2356.20335,1776373826000
1776373828.419,28.419,0.62,16.65,0.61,30.0,0.63,22.0,0.64,185.49,0.36,179.49,0.35,49.46,0.38,9.29,0.39,20.0,0.01,0.02,2356.245607,1776373827000
1776373829.011,29.011,0.62,16.65,0.61,30.0,0.63,26.5,0.64,185.49,0.37,22.0,0.36,185.49,0.38,16.65,0.39,30.0,0.01,0.01,2356.59409,1776373828000
1776373829.347,29.347,0.61,10.0,0.6,40.0,0.63,102.53,0.64,166.49,0.37,26.5,0.36,185.49,0.38,16.65,0.39,30.0,0.02,0.01,2356.59409,1776373828000
1776373829.559,29.559,0.61,4.87,0.6,50.5,0.62,114.06,0.63,95.53,0.37,102.53,0.36,166.49,0.39,10.0,0.4,40.0,0.01,0.02,2356.59409,1776373828000
1776373830.512,30.512,0.61,164.21,0.6,40.5,0.62,15.0,0.63,113.36,0.38,114.06,0.37,95.53,0.39,4.87,0.4,50.5,0.01,0.01,2356.59687,1776373829000
1776373830.781,30.781,0.61,216.85,0.6,51.5,0.62,5.0,0.63,103.36,0.38,15.0,0.37,113.36,0.39,164.21,0.4,40.5,0.01,0.01,2356.59687,1776373829000
1776373832.146,32.146,0.64,71.94,0.63,31.5,0.65,130.2,0.66,54.96,0.37,103.28,0.35,23.0,0.39,200.85,0.4,51.5,0.01,0.02,2356.596045,1776373831000
1776373832.586,32.586,0.64,94.16,0.63,31.5,0.65,17.0,0.66,65.46,0.35,130.2,0.34,54.96,0.36,71.94,0.37,31.5,0.01,0.01,2356.596045,1776373831000
1776373833.643,33.643,0.64,119.66,0.63,36.5,0.65,25.22,0.66,44.0,0.35,17.0,0.34,65.46,0.36,94.16,0.37,31.5,0.01,0.01,2356.694565,1776373832000
1776373834.669,34.669,0.64,116.6,0.63,36.5,0.65,25.22,0.66,44.0,0.35,25.22,0.34,44.0,0.36,119.66,0.37,36.5,0.01,0.01,2356.735715,1776373833000
1776373835.038,35.038,0.64,30.0,0.63,46.5,0.65,20.22,0.66,62.96,0.35,10.22,0.34,44.0,0.36,116.6,0.37,36.5,0.01,0.01,2356.735715,1776373833000
1776373835.811,35.811,0.64,25.63,0.63,36.5,0.65,37.22,0.66,54.0,0.35,20.22,0.34,62.96,0.36,30.0,0.37,46.5,0.01,0.01,2356.766075,1776373834000
1776373836.255,36.255,0.64,16.18,0.62,26.39,0.65,114.14,0.66,32.46,0.35,32.22,0.34,54.0,0.36,16.18,0.37,36.5,0.01,0.01,2356.79306,1776373835000
1776373836.558,36.558,0.62,31.39,0.61,10.5,0.63,46.96,0.64,68.46,0.35,126.14,0.34,32.46,0.38,26.39,0.4,45.5,0.01,0.03,2356.79306,1776373835000
1776373836.897,36.897,0.62,31.39,0.61,10.5,0.65,40.26,0.66,50.5,0.37,46.96,0.36,68.46,0.38,31.39,0.39,10.5,0.03,0.01,2356.79306,1776373835000
1776373837.255,37.255,0.62,28.49,0.61,10.0,0.63,10.0,0.64,39.0,0.37,10.0,0.36,20.5,0.38,31.39,0.39,10.0,0.01,0.01,2356.79024,1776373836000
1776373838.52,38.52,0.62,36.0,0.61,10.0,0.63,47.96,0.64,115.47,0.37,10.0,0.36,39.0,0.38,28.49,0.39,10.0,0.01,0.01,2356.79024,1776373836000
1776373839.687,39.687,0.62,46.5,0.6,55.0,0.63,49.96,0.64,133.97,0.37,47.96,0.36,115.47,0.38,36.0,0.39,10.0,0.01,0.01,2356.705872,1776373838000
1776373840.67,40.67,0.62,46.5,0.61,10.0,0.63,79.23,0.64,52.5,0.37,49.96,0.36,133.97,0.38,46.5,0.4,55.0,0.01,0.01,2356.696201,1776373839000
1776373841.407,41.407,0.62,41.23,0.61,10.0,0.63,79.23,0.64,38.5,0.37,79.23,0.36,52.5,0.38,46.5,0.39,10.0,0.01,0.01,2356.696201,1776373839000
1776373841.93,41.93,0.62,35.23,0.61,10.0,0.63,99.23,0.64,38.5,0.37,79.23,0.36,38.5,0.38,41.23,0.39,10.0,0.01,0.01,2356.690724,1776373840000
1776373842.594,42.594,0.6,85.0,0.59,25.5,0.61,67.95,0.62,49.0,0.37,99.23,0.36,38.5,0.38,35.23,0.39,10.0,0.01,0.01,2356.689415,1776373841000
1776373843.07,43.07,0.58,20.5,0.57,74.5,0.6,5.0,0.61,113.95,0.39,67.95,0.38,49.0,0.4,85.0,0.41,25.5,0.02,0.01,2356.689415,1776373841000
1776373844.137,44.137,0.59,10.0,0.58,10.0,0.61,70.36,0.62,52.46,0.4,5.0,0.39,113.95,0.42,20.5,0.43,74.5,0.02,0.02,2356.584207,1776373842000
1776373848.905,48.905,0.59,1.43,0.58,25.5,0.6,10.0,0.61,84.0,0.39,70.36,0.38,52.46,0.41,10.0,0.42,10.0,0.01,0.02,2356.395093,1776373848000
1776373851.671,51.671,0.57,15.0,0.56,15.0,0.58,95.27,0.59,25.0,0.4,10.0,0.39,84.0,0.41,1.43,0.42,25.5,0.01,0.01,2356.394806,1776373850000
1776373853.853,53.853,0.53,7.02,0.52,50.5,0.55,10.0,0.56,10.0,0.42,95.27,0.41,25.0,0.43,15.0,0.44,15.0,0.02,0.01,2356.314738,1776373852000
1776373854.594,54.594,0.52,83.0,0.51,220.99,0.53,19.2,0.58,35.0,0.45,10.0,0.44,10.0,0.48,49.51,0.49,91.72,0.01,0.03,2356.28468,1776373853000
1776373854.875,54.875,0.58,40.14,0.57,5.0,0.59,10.0,0.6,10.0,0.42,19.82,0.4,13.96,0.44,7.59,0.45,10.0,0.01,0.02,2356.28468,1776373853000
1776373855.188,55.188,0.56,28.0,0.55,30.5,0.59,22.0,0.6,80.0,0.41,10.0,0.4,10.0,0.42,6.56,0.43,5.0,0.03,0.01,2356.261387,1776373854000
1776373858.519,58.519,0.57,70.5,0.56,30.5,0.58,58.08,0.59,46.0,0.41,22.0,0.4,80.0,0.44,28.0,0.45,30.5,0.01,0.03,2356.207448,1776373857000
1776373859.673,59.673,0.55,22.55,0.54,66.5,0.56,5.0,0.57,46.0,0.42,58.08,0.41,46.0,0.43,70.5,0.44,30.5,0.01,0.01,2356.184932,1776373858000
1776373861.421,61.421,0.55,102.05,0.54,56.5,0.56,2.87,0.59,87.0,0.44,5.0,0.43,46.0,0.45,22.55,0.46,66.5,0.01,0.01,2356.182866,1776373860000
1776373862.655,62.655,0.55,91.05,0.54,85.5,0.57,7.55,0.58,10.0,0.44,2.87,0.41,87.0,0.45,102.05,0.46,56.5,0.02,0.01,2356.101618,1776373861000
1776373863.31,63.31,0.56,96.25,0.55,43.05,0.57,25.55,0.58,15.0,0.43,7.55,0.42,10.0,0.45,91.05,0.46,85.5,0.01,0.02,2356.094654,1776373862000
1776373866.44,66.44,0.55,61.32,0.54,75.0,0.56,15.0,0.57,64.55,0.43,25.55,0.42,15.0,0.44,96.25,0.45,43.05,0.01,0.01,2356.163185,1776373865000
1776373867.365,67.365,0.52,33.06,0.51,15.0,0.54,10.0,0.55,34.0,0.44,15.0,0.43,64.55,0.45,61.32,0.46,75.0,0.02,0.01,2356.163185,1776373865000
1776373867.719,67.719,0.55,154.72,0.54,173.0,0.57,12.5,0.58,22.66,0.46,10.0,0.45,34.0,0.48,33.06,0.49,15.0,0.02,0.02,2356.156935,1776373866000
1776373867.939,67.939,0.56,161.0,0.55,215.99,0.57,0.21,0.61,25.0,0.43,5.21,0.42,22.66,0.44,40.2,0.45,190.72,0.01,0.01,2356.156935,1776373866000
1776373868.297,68.297,0.6,6.0,0.57,5.0,0.61,124.5,0.62,215.46,0.39,25.0,0.38,40.0,0.44,232.49,0.45,159.77,0.01,0.05,2356.156935,1776373866000
1776373869.637,69.637,0.58,56.5,0.57,35.5,0.59,136.0,0.6,107.0,0.39,124.5,0.38,215.46,0.4,6.0,0.43,5.0,0.01,0.01,2356.06671,1776373868000
1776373869.887,69.887,0.58,13.11,0.57,35.5,0.59,141.0,0.6,107.0,0.41,136.0,0.4,107.0,0.42,56.5,0.43,35.5,0.01,0.01,2356.06671,1776373868000
1776373870.093,70.093,0.58,48.61,0.57,25.5,0.59,125.0,0.6,117.5,0.41,141.0,0.4,107.0,0.42,13.11,0.43,35.5,0.01,0.01,2356.06671,1776373868000
1776373871.368,71.368,0.58,10.38,0.57,64.5,0.59,96.0,0.6,107.0,0.41,125.0,0.4,117.5,0.42,48.61,0.43,25.5,0.01,0.01,2356.33137,1776373870000
1776373877.119,77.119,0.63,139.2,0.62,79.99,0.64,3.27,0.66,39.0,0.41,96.0,0.4,107.0,0.42,10.38,0.43,64.5,0.01,0.01,2356.260014,1776373875000
1776373877.4,77.4,0.63,153.0,0.62,154.99,0.64,1.39,0.66,39.0,0.36,3.27,0.34,39.0,0.37,139.2,0.38,79.99,0.01,0.01,2356.26256,1776373876000
1776373881.237,81.237,0.63,144.5,0.62,149.5,0.65,7.95,0.66,54.0,0.36,1.39,0.34,39.0,0.37,153.0,0.38,154.99,0.02,0.01,2356.685955,1776373880000
1776373881.537,81.537,0.66,3.33,0.65,297.7,0.67,120.0,0.68,35.0,0.35,7.95,0.34,54.0,0.37,144.5,0.38,149.5,0.01,0.02,2356.685955,1776373880000
1776373881.808,81.808,0.67,152.16,0.66,69.83,0.68,35.0,0.69,20.0,0.33,120.0,0.32,35.0,0.34,3.33,0.35,297.7,0.01,0.01,2356.685955,1776373880000
1776373882.094,82.094,0.67,162.41,0.66,66.5,0.68,35.0,0.69,39.0,0.32,35.0,0.31,20.0,0.33,157.0,0.34,69.83,0.01,0.01,2356.736235,1776373881000
1776373883.361,83.361,0.67,159.83,0.66,66.5,0.68,45.0,0.69,39.0,0.32,35.0,0.31,39.0,0.33,162.41,0.34,66.5,0.01,0.01,2356.736235,1776373881000
1776373886.819,86.819,0.67,169.83,0.66,66.5,0.68,2.64,0.69,39.0,0.32,45.0,0.31,39.0,0.33,159.83,0.34,66.5,0.01,0.01,2356.942131,1776373885000
1776373890.418,90.418,0.68,177.5,0.67,37.83,0.69,17.42,0.7,20.0,0.32,2.64,0.31,39.0,0.33,169.83,0.34,66.5,0.01,0.01,2356.98954,1776373889000
1776373890.722,90.722,0.68,177.5,0.67,37.83,0.69,14.37,0.7,20.0,0.31,15.82,0.3,20.0,0.32,177.5,0.33,37.83,0.01,0.01,2356.98954,1776373889000
1776373891.28,91.28,0.68,174.37,0.67,66.83,0.69,10.0,0.7,20.0,0.31,14.37,0.3,20.0,0.32,177.5,0.33,37.83,0.01,0.01,2356.98947,1776373890000
1776373891.795,91.795,0.68,174.37,0.67,66.83,0.69,7.73,0.7,10.0,0.31,10.0,0.3,20.0,0.32,174.37,0.33,66.83,0.01,0.01,2356.98947,1776373890000
1776373894.359,94.359,0.68,199.24,0.67,61.83,0.69,7.73,0.7,10.0,0.31,7.73,0.3,10.0,0.32,174.37,0.33,66.83,0.01,0.01,2356.90054,1776373893000
1776373896.236,96.236,0.68,199.24,0.67,61.83,0.69,6.28,0.7,10.0,0.31,7.73,0.3,10.0,0.32,199.24,0.33,61.83,0.01,0.01,2356.942995,1776373894000
1776373902.206,102.206,0.68,175.5,0.67,129.5,0.7,6.97,0.71,144.5,0.31,6.28,0.3,10.0,0.32,199.24,0.33,61.83,0.02,0.01,2356.91178,1776373900000
1776373912.28,112.28,0.69,126.0,0.68,40.5,0.7,17.47,0.71,209.5,0.3,6.97,0.29,144.5,0.32,175.5,0.33,129.5,0.01,0.02,2356.879925,1776373910000
1776373913.012,113.012,0.69,115.0,0.65,90.99,0.71,10.8,0.72,105.5,0.3,17.47,0.29,209.5,0.31,120.0,0.32,40.5,0.02,0.01,2356.878825,1776373912000
1776373915.274,115.274,0.66,186.61,0.65,50.5,0.67,16.0,0.68,20.0,0.29,10.8,0.28,105.5,0.31,115.0,0.35,90.99,0.01,0.02,2356.891241,1776373913000
1776373915.832,115.832,0.66,191.61,0.65,50.5,0.67,14.43,0.68,25.0,0.33,16.0,0.32,20.0,0.34,186.61,0.35,50.5,0.01,0.01,2356.772428,1776373914000
1776373916.959,116.959,0.66,182.17,0.65,50.5,0.67,14.43,0.68,25.0,0.33,14.43,0.32,25.0,0.34,191.61,0.35,50.5,0.01,0.01,2356.729453,1776373915000
1776373918.72,118.72,0.66,152.17,0.65,50.5,0.67,9.2,0.68,20.0,0.33,14.43,0.32,25.0,0.34,182.17,0.35,50.5,0.01,0.01,2356.759117,1776373917000
1776373920.074,120.074,0.66,145.5,0.65,145.5,0.7,7.23,0.71,15.0,0.33,9.2,0.32,20.0,0.34,152.17,0.35,50.5,0.04,0.01,2356.74224,1776373918000
1776373920.475,120.475,0.7,52.0,0.69,30.5,0.71,12.54,0.72,20.0,0.29,15.0,0.28,38.0,0.34,145.5,0.35,145.5,0.01,0.05,2356.74224,1776373918000
1776373920.829,120.829,0.69,16.3,0.68,25.5,0.71,12.54,0.72,20.0,0.29,12.54,0.28,20.0,0.3,52.0,0.31,30.5,0.02,0.01,2356.720295,1776373919000
1776373922.045,122.045,0.67,28.0,0.66,25.5,0.68,24.0,0.69,15.0,0.29,12.54,0.28,20.0,0.31,16.3,0.32,25.5,0.01,0.02,2356.703332,1776373920000
1776373922.9,122.9,0.68,39.5,0.67,64.5,0.7,5.92,0.71,27.54,0.32,19.75,0.31,25.0,0.34,20.5,0.35,95.0,0.02,0.02,2356.743312,1776373921000
1776373926.335,126.335,0.66,5.0,0.65,21.5,0.67,21.7,0.68,189.5,0.3,5.92,0.29,27.54,0.32,39.5,0.33,64.5,0.01,0.02,2356.801996,1776373925000
1776373927.949,127.949,0.66,5.0,0.65,11.0,0.67,70.58,0.68,194.5,0.33,21.7,0.32,189.5,0.34,5.0,0.35,21.5,0.01,0.01,2356.75916,1776373926000
1776373929.217,129.217,0.67,87.5,0.66,37.5,0.68,134.0,0.69,85.0,0.33,70.58,0.32,194.5,0.35,9.0,0.36,152.5,0.01,0.02,2356.639314,1776373928000
1776373931.15,131.15,0.65,5.0,0.64,80.0,0.66,104.0,0.67,46.5,0.32,134.0,0.31,85.0,0.33,87.5,0.34,37.5,0.01,0.01,2356.611134,1776373929000
1776373932.189,132.189,0.65,71.5,0.64,151.72,0.66,14.48,0.67,31.15,0.34,104.0,0.33,46.5,0.35,5.0,0.36,80.0,0.01,0.01,2356.620925,1776373930000
1776373933.908,133.908,0.65,32.5,0.64,70.5,0.66,12.58,0.67,41.15,0.34,14.48,0.33,31.15,0.35,71.5,0.36,151.72,0.01,0.01,2356.59762,1776373932000
1776373935.066,135.066,0.65,41.09,0.64,60.5,0.66,11.06,0.67,41.15,0.34,11.06,0.33,41.15,0.35,32.5,0.36,70.5,0.01,0.01,2356.582626,1776373933000
1776373937.604,137.604,0.65,49.09,0.64,121.22,0.66,9.54,0.67,16.0,0.34,11.06,0.33,41.15,0.35,41.09,0.36,60.5,0.01,0.01,2356.676734,1776373936000
1776373941.134,141.134,0.65,17.0,0.63,30.0,0.66,36.04,0.67,10.0,0.34,9.54,0.33,16.0,0.35,49.09,0.36,121.22,0.01,0.01,2356.593721,1776373939000
1776373941.358,141.358,0.63,10.0,0.62,96.22,0.66,6.96,0.68,15.0,0.34,15.0,0.32,10.0,0.37,10.0,0.38,96.22,0.03,0.03,2356.593735,1776373940000
1776373941.647,141.647,0.65,15.0,0.64,20.27,0.66,57.0,0.67,175.78,0.33,145.28,0.32,155.0,0.35,95.5,0.37,19.0,0.01,0.02,2356.593735,1776373940000
1776373946.286,146.286,0.64,13.0,0.62,59.0,0.65,133.0,0.66,90.0,0.34,20.92,0.33,175.28,0.35,15.0,0.36,30.5,0.01,0.01,2356.543356,1776373945000
1776373946.576,146.576,0.61,45.0,0.6,211.24,0.62,166.96,0.63,65.5,0.37,8.01,0.36,9.03,0.38,25.0,0.39,65.0,0.01,0.01,2356.543356,1776373945000
1776373946.932,146.932,0.52,15.0,0.51,40.0,0.53,60.0,0.55,98.96,0.39,60.0,0.38,259.96,0.45,10.0,0.47,95.0,0.01,0.06,2356.543356,1776373945000
1776373948.064,148.064,0.49,75.0,0.48,60.0,0.51,255.46,0.52,78.5,0.47,60.0,0.45,98.96,0.48,15.0,0.49,40.0,0.02,0.01,2356.470648,1776373946000
1776373948.44,148.44,0.45,10.0,0.44,30.0,0.46,45.0,0.47,10.0,0.49,255.46,0.48,78.5,0.51,75.0,0.52,60.0,0.01,0.02,2356.355708,1776373947000
1776373949.253,149.253,0.44,7.58,0.43,35.0,0.46,142.46,0.47,123.03,0.54,91.5,0.53,29.03,0.55,2.63,0.56,30.0,0.02,0.01,2356.355708,1776373947000
1776373949.582,149.582,0.44,5.79,0.43,35.0,0.45,119.59,0.46,195.46,0.54,142.46,0.53,123.03,0.56,7.58,0.57,35.0,0.01,0.02,2355.838874,1776373948000
1776373950.162,150.162,0.43,5.46,0.42,35.0,0.44,164.5,0.45,107.59,0.55,119.59,0.54,195.46,0.56,5.79,0.57,35.0,0.01,0.01,2355.76915,1776373949000
1776373950.651,150.651,0.43,3.42,0.42,10.0,0.44,105.5,0.45,139.59,0.56,146.22,0.55,177.59,0.57,5.46,0.58,10.0,0.01,0.01,2355.76915,1776373949000
1776373950.864,150.864,0.42,1.29,0.41,44.0,0.44,105.5,0.45,134.59,0.56,105.5,0.55,139.59,0.57,3.42,0.58,10.0,0.02,0.01,2355.76915,1776373949000
1776373951.068,151.068,0.41,35.52,0.4,15.0,0.42,37.5,0.43,87.43,0.57,12.43,0.56,98.5,0.59,44.0,0.6,15.0,0.01,0.02,2355.423106,1776373950000
1776373951.571,151.571,0.41,35.52,0.4,15.0,0.42,31.61,0.43,112.43,0.58,37.5,0.57,87.43,0.59,35.52,0.6,15.0,0.01,0.01,2355.423106,1776373950000
1776373952.304,152.304,0.41,27.63,0.4,15.0,0.42,52.5,0.43,87.43,0.58,31.61,0.57,112.43,0.59,35.52,0.6,15.0,0.01,0.01,2355.426389,1776373951000
1776373953.873,153.873,0.4,5.0,0.39,35.0,0.41,141.5,0.42,50.5,0.58,52.5,0.57,87.43,0.59,27.63,0.6,15.0,0.01,0.01,2355.358329,1776373952000
1776373955.4,155.4,0.34,10.0,0.33,44.98,0.36,37.0,0.37,15.0,0.59,141.5,0.58,50.5,0.6,5.0,0.61,35.0,0.02,0.01,2355.325815,1776373953000
1776373955.87,155.87,0.33,4.9,0.32,15.0,0.34,57.5,0.35,97.46,0.65,20.5,0.64,147.0,0.66,3.62,0.67,44.98,0.01,0.01,2355.299085,1776373954000
1776373956.293,156.293,0.3,18.5,0.29,70.0,0.31,70.5,0.32,70.0,0.69,30.1,0.66,64.46,0.7,20.0,0.71,10.0,0.01,0.01,2355.242649,1776373955000
1776373957.189,157.189,0.25,10.0,0.24,89.0,0.26,35.0,0.27,50.5,0.69,70.5,0.68,70.0,0.7,18.5,0.71,70.0,0.01,0.01,2355.1173,1776373956000
1776373957.486,157.486,0.25,10.0,0.24,89.0,0.26,96.04,0.27,55.5,0.74,35.0,0.73,50.5,0.75,10.0,0.76,89.0,0.01,0.01,2355.1173,1776373956000
1776373957.908,157.908,0.25,10.0,0.24,89.0,0.26,114.01,0.27,55.5,0.74,96.04,0.73,55.5,0.75,10.0,0.76,89.0,0.01,0.01,2355.1173,1776373956000
1776373959.902,159.902,0.22,3.38,0.21,35.0,0.23,15.5,0.24,25.5,0.74,114.01,0.73,55.5,0.75,10.0,0.76,89.0,0.01,0.01,2354.410659,1776373959000
1776373960.561,160.561,0.21,29.0,0.2,130.0,0.22,102.91,0.23,76.13,0.77,23.13,0.76,25.5,0.79,25.0,0.8,130.0,0.01,0.02,2354.410659,1776373959000
1776373961.004,161.004,0.21,19.0,0.2,130.0,0.22,102.91,0.23,81.13,0.78,102.91,0.77,76.13,0.79,29.0,0.8,130.0,0.01,0.01,2354.410659,1776373959000
1776373962.887,162.887,0.17,47.79,0.16,35.0,0.18,118.03,0.19,10.0,0.78,102.91,0.77,81.13,0.79,19.0,0.8,130.0,0.01,0.01,2354.26193,1776373961000
1776373963.332,163.332,0.17,52.79,0.16,35.0,0.18,104.19,0.19,5.0,0.82,118.03,0.81,10.0,0.83,47.79,0.84,35.0,0.01,0.01,2354.121886,1776373962000
1776373964.078,164.078,0.17,41.25,0.16,35.0,0.18,104.19,0.19,10.0,0.82,104.19,0.81,5.0,0.83,52.79,0.84,35.0,0.01,0.01,2354.121886,1776373962000
1776373965.513,165.513,0.17,36.79,0.16,64.0,0.18,90.03,0.19,20.0,0.82,104.19,0.81,10.0,0.83,39.71,0.84,45.0,0.01,0.01,2353.95202,1776373964000
1776373966.392,166.392,0.17,45.3,0.16,64.0,0.18,80.03,0.19,20.0,0.82,90.03,0.81,20.0,0.83,36.79,0.84,64.0,0.01,0.01,2353.884745,1776373965000
1776373967.214,167.214,0.17,12.89,0.16,64.0,0.18,99.03,0.19,15.0,0.82,94.03,0.81,20.0,0.83,39.5,0.84,64.0,0.01,0.01,2353.884745,1776373965000
1776373968.781,168.781,0.17,12.89,0.16,59.0,0.18,91.06,0.19,15.0,0.82,99.03,0.81,15.0,0.83,12.89,0.84,64.0,0.01,0.01,2353.894571,1776373967000
1776373969.185,169.185,0.17,5.82,0.16,39.0,0.18,91.06,0.19,15.0,0.82,91.06,0.81,15.0,0.83,10.89,0.84,59.0,0.01,0.01,2353.894571,1776373967000
1776373969.407,169.407,0.17,5.82,0.16,44.0,0.18,94.95,0.19,15.0,0.82,91.06,0.81,15.0,0.83,5.82,0.84,39.0,0.01,0.01,2353.859757,1776373968000
1776373969.68,169.68,0.16,44.0,0.15,15.0,0.18,94.95,0.19,15.0,0.82,94.95,0.81,15.0,0.83,5.82,0.84,44.0,0.02,0.01,2353.859757,1776373968000
1776373971.739,171.739,0.15,69.0,0.14,25.5,0.16,50.25,0.17,40.5,0.82,94.95,0.81,15.0,0.84,44.0,0.85,15.0,0.01,0.02,2353.820492,1776373970000
1776373972.7,172.7,0.15,36.28,0.14,15.0,0.16,72.25,0.17,35.5,0.84,50.25,0.83,40.5,0.85,44.0,0.86,15.0,0.01,0.01,2353.814897,1776373971000
1776373974.054,174.054,0.13,64.0,0.12,130.5,0.14,66.15,0.15,35.5,0.84,72.25,0.83,35.5,0.85,36.28,0.86,15.0,0.01,0.01,2353.818813,1776373973000
1776373974.313,174.313,0.13,37.62,0.12,130.5,0.14,66.15,0.15,35.5,0.86,66.15,0.85,35.5,0.87,64.0,0.88,130.5,0.01,0.01,2353.818813,1776373973000
1776373978.344,178.344,0.17,8.79,0.16,30.5,0.18,13.0,0.19,15.5,0.86,66.15,0.85,35.5,0.87,37.62,0.88,130.5,0.01,0.01,2353.700717,1776373976000
1776373978.708,178.708,0.16,60.92,0.15,48.5,0.2,67.5,0.21,109.0,0.82,13.0,0.81,15.5,0.83,9.79,0.84,30.5,0.04,0.01,2353.622749,1776373977000
1776373980.375,180.375,0.19,4.0,0.18,9.0,0.2,73.0,0.21,101.5,0.8,64.5,0.79,98.96,0.81,9.0,0.82,19.0,0.01,0.01,2353.707798,1776373978000
1776373981.349,181.349,0.14,9.31,0.13,11.0,0.19,8.0,0.2,232.5,0.8,73.0,0.79,101.5,0.81,4.0,0.82,9.0,0.05,0.01,2353.94023,1776373980000
1776373981.578,181.578,0.13,10.9,0.12,80.0,0.19,8.0,0.2,237.5,0.81,8.0,0.8,232.5,0.86,9.31,0.87,11.0,0.06,0.05,2353.94023,1776373980000
1776373982.053,182.053,0.12,60.72,0.11,25.0,0.16,48.82,0.18,8.0,0.81,6.47,0.8,290.5,0.87,10.9,0.88,140.72,0.04,0.06,2353.94023,1776373980000
1776373982.275,182.275,0.12,43.89,0.11,25.0,0.15,5.0,0.16,48.82,0.85,5.0,0.84,48.82,0.88,49.58,0.89,25.0,0.03,0.03,2353.94023,1776373980000
1776373982.569,182.569,0.12,28.95,0.11,25.0,0.15,10.88,0.16,62.87,0.85,5.0,0.84,48.82,0.88,40.31,0.89,25.0,0.03,0.03,2353.94023,1776373980000
1776373982.788,182.788,0.12,0.68,0.1,20.0,0.15,10.88,0.16,62.87,0.85,10.88,0.84,62.87,0.88,5.74,0.89,25.0,0.03,0.03,2353.846639,1776373981000
1776373983.146,183.146,0.12,21.09,0.11,37.0,0.13,233.0,0.14,15.0,0.86,10.0,0.85,173.0,0.88,20.14,0.9,20.0,0.01,0.02,2353.846639,1776373981000
1776373983.354,183.354,0.11,11.0,0.1,20.0,0.12,18.91,0.13,32.0,0.88,18.91,0.87,156.0,0.89,31.0,0.9,20.0,0.01,0.01,2353.846639,1776373981000
1776373984.053,184.053,0.11,33.66,0.1,57.54,0.12,1.66,0.13,90.0,0.88,11.66,0.87,90.0,0.89,11.0,0.9,20.0,0.01,0.01,2352.80774,1776373983000
1776373984.466,184.466,0.11,29.29,0.1,57.54,0.12,167.55,0.13,230.45,0.87,86.45,0.86,148.88,0.89,14.29,0.9,57.54,0.01,0.02,2352.80774,1776373983000
1776373985.059,185.059,0.1,37.54,0.09,115.27,0.11,108.57,0.12,174.02,0.89,10.0,0.88,167.05,0.9,52.54,0.91,115.27,0.01,0.01,2352.80774,1776373983000
1776373986.167,186.167,0.09,80.89,0.08,12.0,0.1,31.9,0.11,396.15,0.89,98.73,0.88,174.02,0.9,37.54,0.91,115.27,0.01,0.01,2352.56249,1776373985000
1776373987.361,187.361,0.07,64.0,0.06,21.0,0.1,297.9,0.11,57.16,0.9,95.9,0.89,83.16,0.91,75.89,0.92,12.0,0.03,0.01,2352.56249,1776373985000
1776373987.764,187.764,0.07,62.72,0.06,21.0,0.08,129.21,0.09,189.0,0.9,287.9,0.89,57.16,0.93,64.0,0.94,21.0,0.01,0.03,2352.631044,1776373986000
1776373988.166,188.166,0.07,57.48,0.06,21.0,0.2,13.23,0.21,96.0,0.92,134.21,0.91,189.0,0.93,57.48,0.94,21.0,0.13,0.01,2352.473517,1776373987000
1776373988.562,188.562,0.07,55.86,0.06,71.0,0.09,70.0,0.1,20.0,0.8,13.23,0.79,96.0,0.93,57.48,0.94,21.0,0.02,0.13,2352.473517,1776373987000
1776373988.777,188.777,0.06,71.0,0.05,51.51,0.09,90.0,0.12,10.0,0.91,70.0,0.88,10.0,0.93,26.01,0.94,71.0,0.03,0.02,2352.473517,1776373987000
1776373989.08,189.08,0.06,73.03,0.05,51.51,0.07,5.0,0.09,70.0,0.91,70.0,0.88,10.0,0.94,68.34,0.95,51.51,0.01,0.03,2352.473517,1776373987000
1776373989.438,189.438,0.06,67.03,0.05,51.51,0.07,5.0,0.08,10.0,0.93,5.0,0.91,70.0,0.94,73.03,0.95,51.51,0.01,0.01,2352.059659,1776373988000
1776373989.858,189.858,0.06,42.66,0.05,51.51,0.07,14.0,0.08,10.0,0.93,5.0,0.92,10.0,0.94,54.25,0.95,51.51,0.01,0.01,2352.059659,1776373988000
1776373990.076,190.076,0.05,51.51,0.04,112.0,0.07,24.0,0.08,10.0,0.93,14.0,0.92,10.0,0.94,42.66,0.95,51.51,0.02,0.01,2352.077521,1776373989000
1776373990.473,190.473,0.05,51.51,0.04,112.0,0.08,8.2,0.09,80.0,0.93,24.0,0.92,10.0,0.95,51.51,0.96,112.0,0.03,0.02,2352.077521,1776373989000
1776373991.027,191.027,0.06,10.0,0.05,51.51,0.07,103.86,0.08,209.15,0.92,8.2,0.91,80.0,0.95,51.51,0.96,112.0,0.01,0.03,2352.077521,1776373989000
1776373991.303,191.303,0.06,0.29,0.05,51.51,0.07,131.95,0.08,34.2,0.93,103.86,0.92,209.15,0.94,1.57,0.95,51.51,0.01,0.01,2352.077521,1776373989000
1776373992.199,192.199,0.06,0.29,0.05,51.51,0.07,123.95,0.08,26.0,0.93,131.95,0.92,34.2,0.94,0.29,0.95,51.51,0.01,0.01,2352.273074,1776373990000
1776373993.565,193.565,0.05,37.09,0.04,112.0,0.06,12.0,0.07,102.0,0.93,123.95,0.92,26.0,0.95,49.73,0.96,395.0,0.01,0.02,2352.047109,1776373992000
1776373995.086,195.086,0.05,26.09,0.04,112.0,0.06,199.0,0.07,143.0,0.94,12.0,0.93,112.0,0.95,37.09,0.96,112.0,0.01,0.01,2352.096465,1776373993000
1776373995.869,195.869,0.05,22.96,0.04,112.0,0.06,208.0,0.07,20.0,0.94,199.0,0.93,143.0,0.95,26.09,0.96,112.0,0.01,0.01,2352.034114,1776373994000
1776373996.314,196.314,0.04,105.75,0.03,348.0,0.05,274.04,0.06,411.28,0.95,77.04,0.94,208.0,0.96,112.0,0.97,348.0,0.01,0.01,2351.493062,1776373995000
1776373996.596,196.596,0.04,55.75,0.03,348.0,0.05,397.45,0.06,73.0,0.95,274.04,0.94,411.28,0.96,105.75,0.97,348.0,0.01,0.01,2351.493062,1776373995000
1776373996.813,196.813,0.04,31.09,0.03,348.0,0.05,420.02,0.06,31.0,0.95,408.02,0.94,43.0,0.96,39.3,0.97,348.0,0.01,0.01,2351.37381,1776373996000
1776373998.568,198.568,0.04,24.68,0.03,448.0,0.05,458.02,0.06,31.0,0.95,420.02,0.94,31.0,0.96,29.84,0.97,448.0,0.01,0.01,2351.2465,1776373997000
1776373999.143,199.143,0.03,432.28,0.02,537.0,0.05,458.02,0.06,36.0,0.95,458.02,0.94,31.0,0.96,24.68,0.97,448.0,0.02,0.01,2351.2465,1776373997000
1776373999.563,199.563,0.03,432.28,0.02,537.0,0.04,647.06,0.05,161.04,0.95,458.02,0.94,36.0,0.97,432.28,0.98,537.0,0.01,0.02,2351.264578,1776373998000
1776373999.886,199.886,0.03,355.66,0.02,537.0,0.04,725.98,0.05,161.04,0.96,725.98,0.95,161.04,0.97,378.12,0.98,537.0,0.01,0.01,2351.264578,1776373998000
1776374000.225,200.225,0.03,349.96,0.02,537.0,0.04,725.98,0.05,161.04,0.96,725.98,0.95,161.04,0.97,355.66,0.98,537.0,0.01,0.01,2351.259187,1776373999000
1776374000.909,200.909,0.03,349.96,0.02,537.0,0.04,499.65,0.05,584.0,0.96,725.98,0.95,161.04,0.97,349.96,0.98,537.0,0.01,0.01,2351.259187,1776373999000
1776374002.143,202.143,0.03,349.96,0.02,537.0,0.04,487.65,0.05,89.0,0.96,499.65,0.95,584.0,0.97,349.96,0.98,537.0,0.01,0.01,2351.309876,1776374000000
1776374002.355,202.355,0.03,349.96,0.02,537.0,0.04,485.65,0.05,89.0,0.96,487.65,0.95,89.0,0.97,349.96,0.98,537.0,0.01,0.01,2351.37397,1776374001000
1776374006.594,206.594,0.03,354.96,0.02,562.0,0.04,433.98,0.05,193.8,0.96,485.65,0.95,89.0,0.97,349.96,0.98,537.0,0.01,0.01,2351.529498,1776374005000
1776374008.134,208.134,0.03,354.96,0.02,562.0,0.04,427.71,0.05,193.8,0.96,433.98,0.95,193.8,0.97,354.96,0.98,562.0,0.01,0.01,2351.52968,1776374006000
1776374009.073,209.073,0.03,253.96,0.02,538.0,0.04,427.71,0.05,164.8,0.96,427.71,0.95,193.8,0.97,354.96,0.98,562.0,0.01,0.01,2351.645377,1776374008000
1776374009.569,209.569,0.03,150.86,0.02,538.0,0.05,123.16,0.06,168.8,0.96,461.71,0.95,153.8,0.97,150.86,0.98,538.0,0.02,0.01,2351.645377,1776374008000
1776374010.697,210.697,0.04,5.0,0.03,151.0,0.05,556.04,0.06,318.8,0.95,123.16,0.94,168.8,0.97,150.86,0.98,538.0,0.01,0.02,2351.546502,1776374009000
1776374011.88,211.88,0.04,0.75,0.03,151.0,0.05,1030.0,0.06,318.8,0.95,556.04,0.94,318.8,0.96,3.75,0.97,151.0,0.01,0.01,2351.296794,1776374010000
1776374012.196,212.196,0.03,146.58,0.02,557.0,0.05,1030.0,0.06,313.8,0.95,1030.0,0.94,318.8,0.96,0.75,0.97,151.0,0.02,0.01,2351.336805,1776374011000
1776374012.479,212.479,0.04,3.59,0.03,146.58,0.05,1030.0,0.06,313.8,0.95,1030.0,0.94,313.8,0.96,7.68,0.97,146.58,0.01,0.01,2351.336805,1776374011000
1776374013.147,213.147,0.04,1.27,0.03,146.58,0.05,911.84,0.06,313.8,0.95,1030.0,0.94,313.8,0.96,3.59,0.97,146.58,0.01,0.01,2351.355654,1776374012000
1776374013.892,213.892,0.03,146.58,0.02,362.0,0.05,911.84,0.06,313.8,0.95,911.84,0.94,313.8,0.96,1.27,0.97,146.58,0.02,0.01,2351.355654,1776374012000
1776374014.255,214.255,0.03,46.58,0.02,362.0,0.04,62.92,0.05,981.84,0.95,911.84,0.94,313.8,0.97,146.58,0.98,362.0,0.01,0.02,2351.364367,1776374013000
1776374014.644,214.644,0.03,144.48,0.02,532.0,0.04,252.64,0.05,622.12,0.96,62.92,0.95,981.84,0.97,46.58,0.98,362.0,0.01,0.01,2351.364367,1776374013000
1776374016.701,216.701,0.03,44.48,0.02,532.0,0.04,316.59,0.05,563.78,0.96,252.64,0.95,622.12,0.97,144.48,0.98,532.0,0.01,0.01,2351.45969,1776374015000
1776374017.763,217.763,0.03,40.28,0.02,362.0,0.04,316.59,0.05,745.62,0.96,316.59,0.95,563.78,0.97,42.38,0.98,532.0,0.01,0.01,2351.509944,1776374016000
1776374018.64,218.64,0.03,38.18,0.02,532.0,0.04,316.59,0.05,723.81,0.96,316.59,0.95,745.62,0.97,40.28,0.98,362.0,0.01,0.01,2351.52568,1776374017000
1776374019.389,219.389,0.03,36.12,0.02,532.0,0.04,316.59,0.05,723.81,0.96,316.59,0.95,723.81,0.97,38.18,0.98,532.0,0.01,0.01,2351.48994,1776374018000
1776374020.045,220.045,0.03,17.77,0.02,532.0,0.04,316.59,0.05,723.81,0.96,316.59,0.95,723.81,0.97,30.97,0.98,532.0,0.01,0.01,2351.48994,1776374018000
1776374020.281,220.281,0.03,15.71,0.02,532.0,0.04,316.59,0.05,723.81,0.96,316.59,0.95,723.81,0.97,17.77,0.98,532.0,0.01,0.01,2351.512944,1776374019000
1776374021.073,221.073,0.03,13.65,0.02,532.0,0.04,254.87,0.05,736.81,0.96,316.59,0.95,723.81,0.97,15.71,0.98,532.0,0.01,0.01,2351.512944,1776374019000
1776374021.583,221.583,0.03,8.49,0.02,532.0,0.04,254.87,0.05,736.81,0.96,254.87,0.95,736.81,0.97,13.65,0.98,532.0,0.01,0.01,2351.570202,1776374020000
1776374021.988,221.988,0.03,6.43,0.02,362.0,0.04,254.87,0.05,715.82,0.96,254.87,0.95,736.81,0.97,8.49,0.98,532.0,0.01,0.01,2351.578244,1776374021000
1776374022.732,222.732,0.03,4.37,0.02,233.0,0.04,276.87,0.05,436.82,0.96,254.87,0.95,715.82,0.97,6.43,0.98,362.0,0.01,0.01,2351.578244,1776374021000
1776374023.062,223.062,0.02,333.0,0.01,2248.09,0.03,191.63,0.04,266.87,0.96,276.87,0.95,436.82,0.97,4.37,0.98,233.0,0.01,0.01,2351.524149,1776374022000
1776374023.518,223.518,0.02,313.0,0.01,2248.09,0.03,650.54,0.04,261.87,0.97,191.63,0.96,266.87,0.98,333.0,0.99,2248.09,0.01,0.01,2351.524149,1776374022000
1776374023.743,223.743,0.02,210.96,0.01,2248.09,0.03,650.54,0.04,261.87,0.97,650.54,0.96,261.87,0.98,313.0,0.99,2248.09,0.01,0.01,2351.524149,1776374022000
1776374024.41,224.41,0.02,499.91,0.01,2091.09,0.03,664.42,0.04,536.87,0.97,649.42,0.96,261.87,0.98,210.96,0.99,2248.09,0.01,0.01,2351.521085,1776374023000
1776374025.257,225.257,0.02,204.83,0.01,2266.09,0.03,669.73,0.04,558.87,0.97,552.21,0.96,536.87,0.98,497.87,0.99,2091.09,0.01,0.01,2351.522024,1776374024000
1776374025.698,225.698,0.02,188.13,0.01,1959.26,0.03,612.52,0.04,283.87,0.97,659.73,0.96,283.87,0.98,193.13,0.99,1990.26,0.01,0.01,2351.522024,1776374024000
1776374026.009,226.009,0.02,186.09,0.01,1959.26,0.03,738.73,0.04,283.87,0.97,612.52,0.96,283.87,0.98,188.13,0.99,1959.26,0.01,0.01,2351.522024,1776374024000
1776374026.418,226.418,0.02,176.65,0.01,1959.26,0.03,640.52,0.04,283.87,0.97,747.73,0.96,283.87,0.98,182.09,0.99,1959.26,0.01,0.01,2351.51772,1776374025000
1776374026.75,226.75,0.02,174.61,0.01,1959.26,0.03,622.73,0.04,283.87,0.97,640.52,0.96,283.87,0.98,176.65,0.99,1959.26,0.01,0.01,2351.51772,1776374025000
1776374027.461,227.461,0.02,172.57,0.01,1983.26,0.03,515.52,0.04,283.87,0.97,622.73,0.96,283.87,0.98,174.61,0.99,1959.26,0.01,0.01,2351.508847,1776374026000
1776374027.793,227.793,0.02,167.57,0.01,1983.26,0.03,654.73,0.04,283.87,0.97,515.52,0.96,283.87,0.98,172.57,0.99,1983.26,0.01,0.01,2351.508847,1776374026000
1776374028.204,228.204,0.02,160.53,0.01,1983.26,0.03,632.73,0.04,283.87,0.97,654.73,0.96,283.87,0.98,162.57,0.99,1983.26,0.01,0.01,2351.473746,1776374027000
1776374030.333,230.333,0.02,156.53,0.01,2293.09,0.03,499.52,0.04,283.87,0.97,632.73,0.96,283.87,0.98,160.53,0.99,1983.26,0.01,0.01,2351.588832,1776374029000
1776374035.656,235.656,0.02,310.53,0.01,2697.86,0.03,267.28,0.04,26.17,0.97,499.52,0.96,283.87,0.98,156.53,0.99,2293.09,0.01,0.01,2352.208335,1776374034000
1776374040.003,240.003,0.02,813.36,0.01,2359.86,0.03,254.72,0.04,26.17,0.97,265.68,0.96,26.17,0.98,310.53,0.99,2697.86,0.01,0.01,2352.422776,1776374038000
1776374040.42,240.42,0.02,779.36,0.01,2472.86,0.03,371.93,0.04,26.17,0.97,254.72,0.96,26.17,0.98,813.36,0.99,2359.86,0.01,0.01,2352.424715,1776374039000
1776374040.654,240.654,0.02,698.3,0.01,2478.9,0.03,367.38,0.04,55.17,0.97,371.93,0.96,55.17,0.98,698.3,0.99,2478.9,0.01,0.01,2352.424715,1776374039000
1776374041.413,241.413,0.02,668.3,0.01,2517.9,0.03,241.97,0.04,55.17,0.97,367.38,0.96,55.17,0.98,698.3,0.99,2478.9,0.01,0.01,2352.425455,1776374040000
1776374042.15,242.15,0.02,368.47,0.01,2512.86,0.03,208.63,0.04,55.17,0.97,241.97,0.96,55.17,0.98,668.3,0.99,2517.9,0.01,0.01,2352.425455,1776374041000
1776374042.538,242.538,0.02,263.44,0.01,2512.86,0.03,175.29,0.04,55.17,0.97,175.29,0.96,55.17,0.98,264.47,0.99,2482.86,0.01,0.01,2352.425455,1776374041000
1776374043.588,243.588,0.02,258.38,0.01,2512.86,0.03,272.5,0.04,55.17,0.97,175.29,0.96,55.17,0.98,263.44,0.99,2512.86,0.01,0.01,2352.476085,1776374042000
1776374045.322,245.322,0.02,26.3,0.01,2360.26,0.03,170.44,0.04,55.17,0.97,272.5,0.96,55.17,0.98,258.38,0.99,2512.86,0.01,0.01,2352.522457,1776374044000
1776374045.59,245.59,0.02,263.16,0.01,2149.26,0.03,170.44,0.04,55.17,0.97,170.44,0.96,55.17,0.98,25.27,0.99,2360.26,0.01,0.01,2352.522457,1776374044000
1776374050.587,250.587,0.02,15.06,0.01,2157.26,0.03,309.83,0.04,163.87,0.97,170.44,0.96,55.17,0.98,263.16,0.99,2149.26,0.01,0.01,2352.436445,1776374049000
1776374053.365,253.365,0.01,2059.26,,,0.03,520.35,0.04,190.87,0.97,309.83,0.96,163.87,0.98,15.06,0.99,2157.26,0.02,0.01,2352.339095,1776374052000
1776374053.706,253.706,0.01,2046.26,,,0.02,253.33,0.03,410.14,0.97,520.35,0.96,190.87,0.99,2059.26,,,0.01,0.02,2352.339095,1776374052000
1776374053.937,253.937,0.01,2020.99,,,0.02,456.7,0.03,410.14,0.98,456.7,0.97,410.14,0.99,2046.2,,,0.01,0.01,2352.339095,1776374052000
1776374054.727,254.727,0.01,2005.99,,,0.02,351.2,0.03,439.14,0.98,456.7,0.97,444.14,0.99,2005.99,,,0.01,0.01,2352.329995,1776374053000
1776374055.44,255.44,0.01,1990.99,,,0.02,467.23,0.03,439.14,0.98,351.2,0.97,439.14,0.99,2005.99,,,0.01,0.01,2352.397395,1776374054000
1776374055.934,255.934,0.01,1980.99,,,0.02,452.23,0.03,450.14,0.98,467.23,0.97,439.14,0.99,1985.99,,,0.01,0.01,2352.397395,1776374054000
1776374056.635,256.635,0.01,1935.94,,,0.02,346.11,0.03,462.14,0.98,452.23,0.97,450.14,0.99,1975.94,,,0.01,0.01,2352.224377,1776374055000
1776374057.058,257.058,0.01,1949.13,,,0.02,244.11,0.03,462.14,0.98,346.11,0.97,462.14,0.99,1933.15,,,0.01,0.01,2352.201479,1776374056000
1776374057.406,257.406,0.01,1899.13,,,0.02,365.23,0.03,462.14,0.98,244.11,0.97,462.14,0.99,1949.13,,,0.01,0.01,2352.201479,1776374056000
1776374058.031,258.031,0.01,1896.13,,,0.02,365.23,0.03,462.14,0.98,365.23,0.97,462.14,0.99,1899.13,,,0.01,0.01,2352.052687,1776374057000
1776374058.485,258.485,0.01,1890.62,,,0.02,259.11,0.03,462.14,0.98,365.23,0.97,462.14,0.99,1896.13,,,0.01,0.01,2352.052687,1776374057000
1776374059.999,259.999,0.01,880.62,,,0.02,297.11,0.03,550.14,0.98,259.11,0.97,462.14,0.99,1890.62,,,0.01,0.01,2351.961004,1776374059000
1776374060.271,260.271,0.01,33.0,,,0.02,388.23,0.03,550.14,0.98,297.11,0.97,550.14,0.99,197.62,,,0.01,0.01,2351.961004,1776374059000
1776374060.792,260.792,,,,,0.01,3644.99,0.02,282.11,0.98,388.23,0.97,550.14,,,,,,,2351.961004,1776374059000
1776374061.54,261.54,,,,,0.01,4194.95,0.02,390.72,0.99,3633.45,0.98,282.11,,,,,,,2351.957396,1776374060000
1776374066.324,266.324,,,,,0.01,4263.05,0.02,255.8,0.99,4194.95,0.98,390.72,,,,,,,2351.54664,1776374064000
1776374070.233,270.233,,,,,0.01,8789.49,0.02,255.8,0.99,4263.05,0.98,255.8,,,,,,,2351.617835,1776374068000
1776374070.714,270.714,,,,,0.01,8816.53,0.02,255.8,0.99,8789.49,0.98,255.8,,,,,,,2351.617835,1776374068000
1776374074.905,274.905,,,,,0.01,8647.53,0.02,300.8,0.99,8816.53,0.98,255.8,,,,,,,2351.62549,1776374073000
1776374100.44,300.44,,,,,0.01,73060.99,0.02,125.1,0.99,8647.53,0.98,300.8,,,,,,,2351.388818,1776374099000

# RESULT,winner=Down,slug=eth-updown-5m-1776373800,ticks=275
