timestamp,elapsed_sec,up_bid_p1,up_bid_s1,up_bid_p2,up_bid_s2,up_ask_p1,up_ask_s1,up_ask_p2,up_ask_s2,down_bid_p1,down_bid_s1,down_bid_p2,down_bid_s2,down_ask_p1,down_ask_s1,down_ask_p2,down_ask_s2,up_spread,down_spread,eth_price,eth_oracle_ts
1776396900.52,0.52,0.46,1.29,0.43,9.3,0.54,150.0,0.6,10.0,0.53,30.0,0.52,20.0,0.55,55.5,0.56,185.0,0.08,0.02,2330.792555,1776396898000
1776396900.982,0.982,0.46,1.29,0.43,9.3,0.54,150.0,0.6,10.0,0.46,150.0,0.4,10.0,0.54,1.29,0.57,9.3,0.08,0.08,2330.795428,1776396899000
1776396901.504,1.504,0.47,19.0,0.46,83.0,0.49,22.72,0.52,11.0,0.46,150.0,0.4,10.0,0.54,1.29,0.57,9.3,0.02,0.08,2330.795428,1776396899000
1776396901.949,1.949,0.46,59.46,0.45,75.0,0.49,27.72,0.51,5.0,0.51,22.72,0.48,11.0,0.53,19.0,0.54,83.0,0.03,0.02,2330.824068,1776396900000
1776396905.714,5.714,0.48,10.0,0.47,5.0,0.49,51.57,0.5,100.0,0.51,27.72,0.49,5.0,0.54,59.46,0.55,75.0,0.01,0.03,2330.892536,1776396903000
1776396905.934,5.934,0.47,5.0,0.46,10.0,0.49,67.57,0.5,170.0,0.51,72.57,0.5,100.0,0.52,5.0,0.53,5.0,0.02,0.01,2330.85479,1776396904000
1776396906.229,6.229,0.47,1.22,0.46,10.0,0.48,48.0,0.49,41.57,0.51,67.57,0.5,170.0,0.53,5.0,0.54,10.0,0.01,0.02,2330.85479,1776396904000
1776396906.782,6.782,0.46,3.97,0.43,14.3,0.47,38.87,0.48,32.0,0.52,72.2,0.51,36.57,0.54,3.97,0.57,9.3,0.01,0.02,2330.772457,1776396905000
1776396907.618,7.618,0.46,3.97,0.45,10.0,0.47,27.48,0.48,27.0,0.53,38.87,0.52,32.0,0.54,3.97,0.57,14.3,0.01,0.01,2330.772457,1776396905000
1776396911.906,11.906,0.48,126.0,0.47,183.0,0.49,9.57,0.5,15.0,0.53,27.48,0.52,27.0,0.54,3.97,0.55,10.0,0.01,0.01,2330.605138,1776396910000
1776396914.737,14.737,0.48,326.0,0.47,123.0,0.51,5.0,0.52,10.0,0.51,9.57,0.5,15.0,0.52,126.0,0.53,183.0,0.03,0.01,2330.660418,1776396913000
1776396916.022,16.022,0.51,25.09,0.5,25.0,0.52,3.51,0.53,25.0,0.48,3.51,0.47,10.0,0.52,326.0,0.53,123.0,0.01,0.04,2330.754385,1776396914000
1776396916.416,16.416,0.51,20.09,0.5,25.0,0.52,3.51,0.53,25.0,0.48,3.51,0.47,25.0,0.49,25.09,0.5,25.0,0.01,0.01,2330.754385,1776396914000
1776396917.152,17.152,0.52,11.05,0.51,110.91,0.53,20.0,0.54,25.0,0.48,3.51,0.47,25.0,0.49,20.09,0.5,25.0,0.01,0.01,2330.823122,1776396915000
1776396918.854,18.854,0.52,56.05,0.51,101.91,0.53,3.67,0.54,5.0,0.47,20.0,0.46,25.0,0.48,11.05,0.49,110.91,0.01,0.01,2330.942804,1776396917000
1776396919.852,19.852,0.54,31.24,0.53,100.0,0.55,28.78,0.56,15.0,0.45,40.26,0.44,15.0,0.48,56.05,0.49,101.91,0.01,0.03,2330.97895,1776396918000
1776396920.364,20.364,0.54,34.06,0.53,100.0,0.55,31.96,0.56,15.0,0.45,26.96,0.44,15.0,0.46,31.24,0.47,100.0,0.01,0.01,2331.010172,1776396919000
1776396922.477,22.477,0.54,39.06,0.53,129.0,0.55,5.0,0.56,15.0,0.45,31.96,0.44,15.0,0.46,34.06,0.47,100.0,0.01,0.01,2331.115381,1776396921000
1776396923.008,23.008,0.54,31.88,0.53,129.0,0.55,5.0,0.56,15.0,0.45,5.0,0.44,15.0,0.46,39.06,0.47,129.0,0.01,0.01,2331.115381,1776396921000
1776396923.444,23.444,0.54,26.88,0.53,129.0,0.55,5.0,0.56,15.0,0.45,5.0,0.44,15.0,0.46,31.88,0.47,129.0,0.01,0.01,2331.115381,1776396921000
1776396923.695,23.695,0.54,15.0,0.53,124.0,0.55,3.18,0.56,15.0,0.45,5.0,0.44,10.0,0.46,11.88,0.47,119.0,0.01,0.01,2331.03878,1776396922000
1776396924.002,24.002,0.54,20.0,0.53,124.0,0.56,13.03,0.57,85.0,0.45,3.18,0.44,15.0,0.46,15.0,0.47,124.0,0.02,0.01,2331.03878,1776396922000
1776396925.428,25.428,0.54,20.0,0.53,124.0,0.56,13.03,0.57,85.0,0.44,13.03,0.43,85.0,0.46,20.0,0.47,124.0,0.02,0.02,2331.038154,1776396924000
1776396928.069,28.069,0.54,47.91,0.53,95.0,0.56,20.03,0.57,85.0,0.44,13.03,0.43,85.0,0.46,20.0,0.47,124.0,0.02,0.02,2331.041934,1776396926000
1776396932.805,32.805,0.55,10.77,0.54,47.91,0.56,36.03,0.57,85.0,0.44,20.03,0.43,85.0,0.46,47.91,0.47,95.0,0.01,0.02,2331.061851,1776396931000
1776396933.386,33.386,0.55,20.77,0.54,47.91,0.56,18.17,0.57,85.0,0.44,36.03,0.43,85.0,0.45,10.77,0.46,47.91,0.01,0.01,2331.061851,1776396931000
1776396937.057,37.057,0.55,20.77,0.54,13.91,0.56,34.17,0.57,145.0,0.44,18.17,0.43,85.0,0.45,20.77,0.46,47.91,0.01,0.01,2331.05877,1776396935000
1776396939.576,39.576,0.55,15.77,0.54,13.91,0.56,35.21,0.57,114.0,0.44,34.17,0.43,145.0,0.45,20.77,0.46,13.91,0.01,0.01,2331.021315,1776396938000
1776396943.052,43.052,0.45,13.58,0.44,9.0,0.49,5.0,0.51,15.0,0.44,35.21,0.43,114.0,0.45,15.77,0.46,13.91,0.04,0.01,2330.945858,1776396941000
1776396943.339,43.339,0.39,2.86,0.38,5.0,0.41,10.0,0.42,33.29,0.53,26.0,0.52,10.0,0.54,3.29,0.57,9.0,0.02,0.01,2330.976723,1776396942000
1776396943.688,43.688,0.38,1.03,0.37,104.0,0.39,49.0,0.4,16.0,0.6,10.0,0.59,43.29,0.62,1.03,0.63,75.0,0.01,0.02,2330.976723,1776396942000
1776396944.577,44.577,0.38,13.03,0.37,104.0,0.39,41.98,0.4,13.9,0.6,8.9,0.59,56.29,0.62,1.03,0.63,104.0,0.01,0.02,2330.996038,1776396943000
1776396945.044,45.044,0.38,18.03,0.37,114.0,0.39,31.98,0.4,8.9,0.61,41.98,0.6,13.9,0.62,13.03,0.63,104.0,0.01,0.01,2330.996038,1776396943000
1776396945.364,45.364,0.38,13.03,0.37,114.0,0.39,27.98,0.4,8.9,0.61,31.98,0.6,8.9,0.62,18.03,0.63,114.0,0.01,0.01,2330.653255,1776396944000
1776396946.298,46.298,0.38,13.61,0.37,114.0,0.39,18.98,0.41,21.0,0.61,27.98,0.6,8.9,0.62,13.03,0.63,114.0,0.01,0.01,2330.653255,1776396944000
1776396947.059,47.059,0.38,192.53,0.37,104.0,0.44,5.0,0.45,15.0,0.61,18.98,0.59,21.0,0.62,13.61,0.63,114.0,0.06,0.01,2330.473518,1776396945000
1776396948.352,48.352,0.44,55.0,0.43,60.0,0.45,15.0,0.46,5.0,0.56,5.0,0.55,15.0,0.62,192.53,0.63,104.0,0.01,0.06,2330.463282,1776396947000
1776396948.617,48.617,0.44,54.91,0.43,55.0,0.45,15.0,0.46,5.0,0.55,15.0,0.54,5.0,0.56,55.0,0.57,60.0,0.01,0.01,2330.463282,1776396947000
1776396949.495,49.495,0.44,54.91,0.43,55.0,0.45,10.0,0.46,5.0,0.55,15.0,0.54,5.0,0.56,54.91,0.57,55.0,0.01,0.01,2330.53073,1776396948000
1776396951.064,51.064,0.44,5.0,0.43,10.0,0.45,44.0,0.46,125.0,0.55,10.0,0.54,5.0,0.56,54.91,0.57,55.0,0.01,0.01,2330.559678,1776396949000
1776396951.792,51.792,0.43,10.0,0.42,10.0,0.44,38.34,0.45,38.0,0.55,49.0,0.54,125.0,0.57,10.0,0.58,10.0,0.01,0.02,2330.55144,1776396950000
1776396955.15,55.15,0.43,10.0,0.42,15.0,0.44,9.0,0.45,88.0,0.56,41.06,0.55,38.0,0.57,10.0,0.58,10.0,0.01,0.01,2330.509274,1776396953000
1776396956.663,56.663,0.42,17.0,0.41,15.0,0.44,6.51,0.45,59.0,0.56,14.0,0.55,88.0,0.58,7.0,0.59,15.0,0.02,0.02,2330.591219,1776396955000
1776396957.624,57.624,0.44,9.66,0.43,10.0,0.45,30.0,0.46,153.7,0.56,6.51,0.55,59.0,0.58,17.0,0.59,15.0,0.01,0.02,2330.496406,1776396956000
1776396958.021,58.021,0.44,22.66,0.43,20.0,0.45,22.92,0.46,124.7,0.55,30.0,0.54,153.7,0.56,9.66,0.57,10.0,0.01,0.01,2330.496406,1776396956000
1776396961.707,61.707,0.43,1.49,0.41,15.0,0.44,111.99,0.45,75.29,0.55,22.92,0.54,124.7,0.56,22.66,0.57,20.0,0.01,0.01,2330.59041,1776396960000
1776396963.422,63.422,0.38,5.0,0.37,5.0,0.44,214.99,0.45,40.29,0.56,111.99,0.55,75.29,0.57,1.49,0.59,15.0,0.06,0.01,2330.494727,1776396962000
1776396963.933,63.933,0.32,54.52,0.31,134.0,0.37,71.0,0.38,41.0,0.56,214.99,0.55,40.29,0.62,5.0,0.63,5.0,0.05,0.06,2330.494727,1776396962000
1776396964.467,64.467,0.32,111.7,0.31,188.32,0.33,31.0,0.34,10.0,0.63,71.0,0.62,41.0,0.68,54.52,0.69,134.0,0.01,0.05,2330.494727,1776396962000
1776396965.028,65.028,0.32,116.7,0.31,188.32,0.33,20.68,0.34,10.0,0.67,25.84,0.66,10.0,0.68,111.7,0.69,188.32,0.01,0.01,2330.462285,1776396963000
1776396965.412,65.412,0.32,231.93,0.31,179.32,0.33,20.68,0.34,10.0,0.67,15.68,0.66,10.0,0.68,233.93,0.69,179.32,0.01,0.01,2330.458948,1776396964000
1776396965.641,65.641,0.32,193.33,0.31,214.32,0.33,15.68,0.34,10.0,0.67,20.68,0.66,10.0,0.68,231.93,0.69,179.32,0.01,0.01,2330.458948,1776396964000
1776396965.848,65.848,0.32,232.33,0.31,185.32,0.33,15.68,0.35,16.0,0.67,15.68,0.66,10.0,0.68,193.33,0.69,214.32,0.01,0.01,2330.458948,1776396964000
1776396968.298,68.298,0.32,235.85,0.31,178.8,0.33,20.68,0.35,45.0,0.67,15.68,0.65,16.0,0.68,232.33,0.69,185.32,0.01,0.01,2330.218731,1776396966000
1776396971.552,71.552,0.32,83.14,0.31,207.8,0.33,15.68,0.35,45.0,0.67,20.68,0.65,45.0,0.68,235.85,0.69,178.8,0.01,0.01,2330.296158,1776396970000
1776396972.503,72.503,0.4,64.5,0.36,255.0,0.41,5.0,0.44,5.0,0.67,15.68,0.65,45.0,0.68,78.72,0.69,207.8,0.01,0.01,2330.287297,1776396971000
1776396974.261,74.261,0.43,33.43,0.42,25.0,0.44,5.0,0.45,60.0,0.59,5.0,0.56,5.0,0.6,64.5,0.64,255.0,0.01,0.01,2330.25757,1776396972000
1776396976.995,76.995,0.43,18.43,0.42,20.0,0.44,33.24,0.45,110.99,0.56,5.0,0.55,60.0,0.57,33.43,0.58,25.0,0.01,0.01,2330.462638,1776396975000
1776396980.028,80.028,0.43,3.43,0.42,5.0,0.44,112.68,0.45,48.29,0.56,33.24,0.55,110.99,0.57,18.43,0.58,20.0,0.01,0.01,2330.465648,1776396978000
1776396980.733,80.733,0.43,3.43,0.42,5.0,0.44,116.32,0.45,38.29,0.56,112.68,0.55,48.29,0.57,3.43,0.58,5.0,0.01,0.01,2330.462434,1776396979000
1776396982.757,82.757,0.43,8.34,0.42,15.0,0.44,80.99,0.45,210.11,0.56,116.32,0.55,38.29,0.57,3.43,0.58,5.0,0.01,0.01,2330.428955,1776396981000
1776396983.018,83.018,0.43,6.41,0.42,15.0,0.44,80.99,0.45,210.11,0.56,80.99,0.55,210.11,0.57,8.34,0.58,15.0,0.01,0.01,2330.428955,1776396981000
1776396983.315,83.315,0.43,37.41,0.42,35.0,0.44,3.31,0.45,181.82,0.56,80.99,0.55,210.11,0.57,6.41,0.58,15.0,0.01,0.01,2330.41285,1776396982000
1776396983.63,83.63,0.51,10.0,0.5,10.0,0.52,67.15,0.53,75.0,0.55,116.72,0.53,5.0,0.56,42.0,0.57,71.41,0.01,0.01,2330.41285,1776396982000
1776396984.244,84.244,0.52,17.0,0.51,20.0,0.53,5.0,0.54,5.0,0.48,67.15,0.47,75.0,0.49,10.0,0.5,10.0,0.01,0.01,2330.41285,1776396982000
1776396984.586,84.586,0.52,17.88,0.51,59.0,0.53,5.0,0.54,5.0,0.47,5.0,0.46,5.0,0.48,17.0,0.49,20.0,0.01,0.01,2330.41285,1776396982000
1776396985.123,85.123,0.55,83.28,0.54,45.0,0.56,44.98,0.59,5.0,0.47,5.0,0.46,5.0,0.48,17.88,0.49,59.0,0.01,0.01,2330.436975,1776396983000
1776396985.795,85.795,0.62,15.0,0.61,15.0,0.66,55.0,0.67,12.0,0.38,9.19,0.37,14.0,0.39,16.28,0.4,42.44,0.04,0.01,2330.581471,1776396984000
1776396985.996,85.996,0.63,4.59,0.62,13.28,0.66,5.0,0.67,5.0,0.34,5.0,0.33,5.0,0.39,23.17,0.4,57.44,0.03,0.05,2330.581471,1776396984000
1776396986.419,86.419,0.64,6.28,0.63,14.59,0.65,8.5,0.66,15.0,0.34,15.0,0.33,30.0,0.36,6.28,0.37,14.59,0.01,0.02,2330.73714,1776396985000
1776396987.238,87.238,0.65,32.28,0.64,15.0,0.66,44.25,0.68,5.0,0.35,8.5,0.34,15.0,0.36,6.28,0.37,14.59,0.01,0.01,2330.73714,1776396985000
1776396988.193,88.193,0.65,78.13,0.64,28.0,0.66,7.42,0.68,5.0,0.34,44.25,0.32,5.0,0.35,32.28,0.36,15.0,0.01,0.01,2331.30844,1776396986000
1776396988.42,88.42,0.65,67.41,0.64,28.0,0.66,5.57,0.68,5.0,0.34,13.42,0.32,5.0,0.35,67.41,0.36,28.0,0.01,0.01,2331.389829,1776396987000
1776396988.723,88.723,0.65,53.69,0.64,28.0,0.66,5.57,0.68,5.0,0.34,5.57,0.32,5.0,0.35,67.41,0.36,28.0,0.01,0.01,2331.389829,1776396987000
1776396989.217,89.217,0.65,53.69,0.64,57.0,0.66,0.49,0.67,5.0,0.34,5.57,0.32,5.0,0.35,53.69,0.36,28.0,0.01,0.01,2331.389829,1776396987000
1776396989.935,89.935,0.63,18.0,0.62,13.5,0.66,35.49,0.67,85.0,0.34,0.49,0.33,5.0,0.35,53.69,0.36,57.0,0.03,0.01,2331.43993,1776396988000
1776396990.449,90.449,0.62,13.5,0.61,16.52,0.63,20.28,0.64,49.0,0.35,5.0,0.34,40.49,0.38,13.5,0.39,5.0,0.01,0.03,2331.434945,1776396989000
1776396992.135,92.135,0.62,58.5,0.61,13.0,0.64,36.19,0.65,20.0,0.37,20.28,0.36,49.0,0.38,13.5,0.39,16.52,0.02,0.01,2331.472715,1776396990000
1776396992.605,92.605,0.62,100.5,0.61,28.0,0.63,8.41,0.64,36.19,0.36,36.19,0.35,20.0,0.38,58.5,0.39,13.0,0.01,0.02,2331.472715,1776396990000
1776396993.091,93.091,0.62,105.39,0.61,36.0,0.63,8.41,0.64,36.19,0.37,8.41,0.36,36.19,0.38,100.5,0.39,28.0,0.01,0.01,2331.416753,1776396991000
1776396993.679,93.679,0.62,81.31,0.61,36.0,0.63,13.41,0.64,36.19,0.37,8.41,0.36,36.19,0.38,105.39,0.39,36.0,0.01,0.01,2331.42286,1776396992000
1776396994.204,94.204,0.62,20.0,0.61,31.0,0.63,17.41,0.64,36.19,0.37,6.41,0.36,36.19,0.38,73.67,0.39,36.0,0.01,0.01,2331.42286,1776396992000
1776396995.939,95.939,0.62,50.0,0.61,13.0,0.63,7.41,0.64,41.19,0.37,17.41,0.36,36.19,0.38,20.0,0.39,31.0,0.01,0.01,2331.384458,1776396994000
1776396997.302,97.302,0.62,26.92,0.61,13.0,0.63,12.41,0.64,41.19,0.37,7.41,0.36,41.19,0.38,50.0,0.39,13.0,0.01,0.01,2331.371789,1776396996000
1776396997.56,97.56,0.62,19.92,0.61,28.0,0.63,15.07,0.64,41.19,0.37,12.41,0.36,41.19,0.38,26.92,0.39,13.0,0.01,0.01,2331.371789,1776396996000
1776396998.777,98.777,0.6,32.44,0.58,29.0,0.61,159.0,0.62,40.0,0.37,15.07,0.36,41.19,0.38,19.92,0.39,28.0,0.01,0.01,2331.385375,1776396997000
1776396999.159,99.159,0.56,5.0,0.55,28.52,0.61,189.0,0.62,103.0,0.39,139.0,0.38,40.0,0.4,24.94,0.42,29.0,0.05,0.01,2331.385375,1776396997000
1776397002.324,102.324,0.55,67.6,0.54,57.0,0.56,9.33,0.57,5.0,0.39,189.0,0.38,103.0,0.45,12.6,0.46,23.0,0.01,0.06,2331.18821,1776397001000
1776397002.681,102.681,0.55,53.2,0.54,68.52,0.56,9.33,0.57,5.0,0.44,9.33,0.43,5.0,0.45,58.2,0.46,57.0,0.01,0.01,2331.18821,1776397001000
1776397003.468,103.468,0.55,83.2,0.54,39.52,0.57,5.0,0.58,15.0,0.44,9.33,0.43,5.0,0.45,53.2,0.46,68.52,0.02,0.01,2331.162753,1776397002000
1776397004.624,104.624,0.52,10.0,0.51,10.0,0.56,15.0,0.57,190.99,0.43,5.0,0.42,15.0,0.45,83.2,0.46,39.52,0.04,0.02,2331.130662,1776397003000
1776397005.056,105.056,0.52,5.0,0.51,10.0,0.53,34.0,0.54,55.44,0.47,5.0,0.46,26.44,0.49,10.0,0.5,15.0,0.01,0.02,2331.130662,1776397003000
1776397005.266,105.266,0.51,10.0,0.5,26.0,0.53,81.29,0.54,55.44,0.47,34.0,0.46,55.44,0.48,5.0,0.49,10.0,0.02,0.01,2331.129946,1776397004000
1776397006.162,106.162,0.51,10.0,0.5,26.0,0.52,27.05,0.53,63.0,0.47,81.29,0.46,55.44,0.49,10.0,0.5,26.0,0.01,0.02,2331.129946,1776397004000
1776397007.514,107.514,0.46,4.87,0.45,29.0,0.47,11.29,0.48,91.2,0.48,27.05,0.47,63.0,0.49,10.0,0.5,26.0,0.01,0.01,2330.9062,1776397006000
1776397008.415,108.415,0.45,2.13,0.44,20.0,0.46,95.29,0.47,53.0,0.54,5.0,0.53,84.2,0.55,10.98,0.56,23.0,0.01,0.01,2330.866348,1776397007000
1776397009.245,109.245,0.42,5.46,0.41,28.0,0.43,95.29,0.44,22.0,0.54,95.29,0.53,53.0,0.55,2.13,0.56,20.0,0.01,0.01,2330.866348,1776397007000
1776397009.77,109.77,0.4,92.5,0.39,62.0,0.43,58.29,0.44,22.0,0.57,95.29,0.56,22.0,0.58,5.46,0.59,28.0,0.03,0.01,2330.749754,1776397008000
1776397010.068,110.068,0.42,3.71,0.41,10.0,0.43,47.0,0.44,22.0,0.57,58.29,0.56,22.0,0.6,92.5,0.61,62.0,0.01,0.03,2330.72639,1776397009000
1776397010.63,110.63,0.41,8.98,0.4,92.5,0.42,64.04,0.43,28.0,0.57,47.0,0.56,22.0,0.58,3.71,0.59,10.0,0.01,0.01,2330.72639,1776397009000
1776397011.514,111.514,0.4,52.16,0.39,15.0,0.41,80.04,0.42,58.0,0.58,64.04,0.57,28.0,0.59,8.98,0.6,92.5,0.01,0.01,2330.576708,1776397010000
1776397011.865,111.865,0.4,323.16,0.39,23.0,0.53,8.86,0.59,5.0,0.59,80.04,0.58,58.0,0.6,52.16,0.61,15.0,0.13,0.01,2330.576708,1776397010000
1776397012.376,112.376,0.55,21.0,0.54,47.0,0.56,38.0,0.57,10.0,0.47,18.64,0.46,12.0,0.48,10.0,0.49,19.8,0.01,0.01,2330.53309,1776397011000
1776397012.593,112.593,0.55,15.0,0.54,103.88,0.56,21.66,0.57,10.0,0.44,38.0,0.43,10.0,0.45,21.0,0.46,47.0,0.01,0.01,2330.53309,1776397011000
1776397012.899,112.899,0.55,17.46,0.54,27.0,0.56,8.66,0.57,39.0,0.44,15.0,0.43,39.0,0.45,5.46,0.46,108.4,0.01,0.01,2330.53309,1776397011000
1776397013.289,113.289,0.54,28.97,0.53,52.0,0.56,8.66,0.57,39.0,0.44,8.66,0.43,39.0,0.45,17.46,0.46,27.0,0.02,0.01,2330.55925,1776397012000
1776397015.797,115.797,0.54,38.93,0.53,63.52,0.55,21.0,0.56,8.66,0.44,8.66,0.43,39.0,0.46,28.97,0.47,52.0,0.01,0.02,2331.011949,1776397014000
1776397016.827,116.827,0.54,28.93,0.53,50.52,0.55,18.85,0.56,8.66,0.45,21.0,0.44,8.66,0.46,38.93,0.47,63.52,0.01,0.01,2331.005173,1776397015000
1776397018.945,118.945,0.54,30.93,0.53,50.52,0.55,13.85,0.56,8.66,0.45,18.85,0.44,8.66,0.46,28.93,0.47,50.52,0.01,0.01,2330.98345,1776397017000
1776397020.048,120.048,0.53,10.07,0.51,196.08,0.55,161.41,0.56,151.22,0.45,13.85,0.44,8.66,0.46,30.93,0.47,50.52,0.02,0.01,2330.986287,1776397018000
1776397020.643,120.643,0.5,12.1,0.48,64.0,0.51,100.56,0.52,104.0,0.48,48.56,0.47,28.0,0.49,104.15,0.5,12.1,0.01,0.01,2330.988765,1776397019000
1776397027.921,127.921,0.59,109.2,0.58,88.0,0.61,5.0,0.62,15.0,0.49,100.56,0.48,104.0,0.5,12.1,0.52,64.0,0.02,0.01,2330.761892,1776397026000
1776397028.641,128.641,0.6,110.0,0.59,78.47,0.62,11.47,0.63,15.0,0.38,11.47,0.37,15.0,0.41,109.2,0.42,88.0,0.02,0.03,2330.796336,1776397027000
1776397031.188,131.188,0.6,23.0,0.59,23.47,0.61,27.14,0.62,44.0,0.38,11.47,0.37,15.0,0.4,110.0,0.41,78.47,0.01,0.02,2331.149073,1776397030000
1776397031.867,131.867,0.67,33.0,0.66,20.0,0.68,4.33,0.69,5.0,0.39,27.14,0.38,44.0,0.4,18.0,0.41,23.47,0.01,0.01,2331.149073,1776397030000
1776397032.152,132.152,0.68,19.56,0.67,26.0,0.69,10.0,0.7,8.23,0.3,8.23,0.29,78.0,0.32,18.0,0.33,55.2,0.01,0.02,2331.161027,1776397031000
1776397032.384,132.384,0.68,9.56,0.67,10.0,0.69,15.0,0.7,8.23,0.31,10.0,0.3,8.23,0.32,19.56,0.33,26.0,0.01,0.01,2331.161027,1776397031000
1776397032.707,132.707,0.68,4.77,0.67,10.0,0.69,6.48,0.7,8.23,0.31,6.48,0.3,8.23,0.32,9.56,0.33,10.0,0.01,0.01,2331.161027,1776397031000
1776397033.008,133.008,0.68,1.64,0.67,10.0,0.69,106.14,0.7,8.23,0.31,6.48,0.3,8.23,0.32,4.77,0.33,10.0,0.01,0.01,2331.161027,1776397031000
1776397033.348,133.348,0.67,7.28,0.66,20.0,0.69,115.14,0.7,13.23,0.31,106.14,0.3,8.23,0.32,1.64,0.33,10.0,0.02,0.01,2331.17635,1776397032000
1776397034.252,134.252,0.67,22.36,0.66,10.0,0.68,63.94,0.69,35.48,0.31,115.14,0.3,13.23,0.33,7.28,0.34,20.0,0.01,0.02,2331.17635,1776397032000
1776397034.607,134.607,0.67,22.36,0.66,25.0,0.68,63.94,0.69,35.48,0.32,63.94,0.31,35.48,0.33,22.36,0.34,10.0,0.01,0.01,2331.377921,1776397033000
1776397035.316,135.316,0.67,19.02,0.66,54.0,0.68,68.94,0.69,35.48,0.32,63.94,0.31,35.48,0.33,22.36,0.34,25.0,0.01,0.01,2331.395619,1776397034000
1776397036.084,136.084,0.67,15.68,0.66,54.0,0.68,63.94,0.69,35.48,0.32,68.94,0.31,35.48,0.33,19.02,0.34,54.0,0.01,0.01,2331.395619,1776397034000
1776397036.604,136.604,0.66,15.0,0.63,5.0,0.68,252.93,0.69,15.8,0.32,63.94,0.31,35.48,0.33,15.68,0.34,54.0,0.02,0.01,2331.387834,1776397035000
1776397038.528,138.528,0.55,20.0,0.54,17.0,0.6,101.99,0.61,222.0,0.32,304.93,0.31,15.8,0.37,5.0,0.38,5.0,0.05,0.05,2331.37897,1776397037000
1776397038.98,138.98,0.54,49.0,0.53,33.0,0.55,107.0,0.56,61.0,0.44,68.0,0.43,21.0,0.45,4.9,0.46,12.0,0.01,0.01,2331.37897,1776397037000
1776397039.361,139.361,0.54,15.0,0.53,20.0,0.55,109.99,0.56,70.32,0.45,107.0,0.44,61.0,0.46,44.0,0.47,33.0,0.01,0.01,2331.172673,1776397038000
1776397039.794,139.794,0.54,12.82,0.53,20.0,0.55,138.99,0.56,70.32,0.45,109.99,0.44,70.32,0.46,15.0,0.47,20.0,0.01,0.01,2331.172673,1776397038000
1776397040.519,140.519,0.54,12.82,0.53,20.0,0.55,132.96,0.56,70.32,0.45,138.99,0.44,70.32,0.46,12.82,0.47,20.0,0.01,0.01,2331.172673,1776397038000
1776397042.092,142.092,0.54,6.71,0.53,59.0,0.55,91.97,0.56,56.0,0.45,132.96,0.44,70.32,0.46,12.82,0.47,20.0,0.01,0.01,2331.041728,1776397040000
1776397043.504,143.504,0.54,1.71,0.53,64.0,0.55,91.97,0.56,56.0,0.45,91.97,0.44,56.0,0.46,6.71,0.47,59.0,0.01,0.01,2330.857002,1776397042000
1776397045.446,145.446,0.54,11.71,0.53,75.0,0.55,82.87,0.56,26.0,0.45,91.97,0.44,56.0,0.46,1.71,0.47,64.0,0.01,0.01,2331.013101,1776397044000
1776397045.748,145.748,0.53,74.73,0.52,15.0,0.55,77.87,0.56,26.0,0.45,82.87,0.44,26.0,0.46,11.71,0.47,75.0,0.02,0.01,2331.013101,1776397044000
1776397046.305,146.305,0.53,74.73,0.52,15.0,0.54,71.88,0.55,50.87,0.45,77.87,0.44,26.0,0.47,74.73,0.48,15.0,0.01,0.02,2330.952608,1776397045000
1776397046.766,146.766,0.53,79.73,0.52,21.0,0.54,35.88,0.55,50.87,0.46,71.88,0.45,50.87,0.47,74.73,0.48,15.0,0.01,0.01,2330.952608,1776397045000
1776397049.307,149.307,0.53,35.73,0.52,6.0,0.54,74.0,0.55,15.87,0.46,35.88,0.45,50.87,0.47,79.73,0.48,21.0,0.01,0.01,2330.979636,1776397047000
1776397050.309,150.309,0.53,11.0,0.52,6.0,0.54,151.99,0.55,82.02,0.46,69.0,0.45,15.87,0.47,20.73,0.48,6.0,0.01,0.01,2330.900401,1776397049000
1776397050.617,150.617,0.44,29.0,0.43,35.0,0.46,69.59,0.47,15.0,0.52,5.0,0.47,10.0,0.56,29.0,0.57,35.0,0.02,0.04,2330.900401,1776397049000
1776397051.137,151.137,0.45,25.0,0.44,58.0,0.48,10.0,0.49,15.0,0.54,57.59,0.53,15.0,0.56,29.0,0.57,35.0,0.03,0.02,2330.900401,1776397049000
1776397051.825,151.825,0.47,25.0,0.46,44.0,0.48,6.87,0.49,10.0,0.52,8.96,0.51,15.0,0.53,25.0,0.54,15.0,0.01,0.01,2330.943741,1776397050000
1776397057.703,157.703,0.47,18.0,0.46,15.0,0.48,18.87,0.49,10.0,0.52,6.87,0.51,10.0,0.53,25.0,0.54,44.0,0.01,0.01,2330.733412,1776397056000
1776397058.391,158.391,0.59,46.2,0.58,20.0,0.65,11.32,0.66,14.0,0.52,18.87,0.51,10.0,0.53,18.0,0.54,15.0,0.06,0.01,2330.733464,1776397057000
1776397059.422,159.422,0.66,40.0,0.65,99.91,0.67,20.0,0.68,19.0,0.33,15.0,0.32,15.0,0.35,51.91,0.36,23.0,0.01,0.02,2330.734593,1776397058000
1776397059.755,159.755,0.66,37.58,0.65,70.91,0.67,13.79,0.68,19.0,0.33,18.79,0.32,19.0,0.34,52.0,0.35,99.91,0.01,0.01,2330.734593,1776397058000
1776397059.969,159.969,0.66,24.58,0.65,70.91,0.67,13.79,0.68,19.0,0.33,13.79,0.32,19.0,0.34,37.58,0.35,70.91,0.01,0.01,2330.734593,1776397058000
1776397062.333,162.333,0.65,35.0,0.64,23.0,0.66,27.0,0.67,86.01,0.33,13.79,0.32,19.0,0.34,24.58,0.35,70.91,0.01,0.01,2331.319522,1776397061000
1776397063.006,163.006,0.65,84.0,0.64,23.0,0.66,2.0,0.67,50.44,0.34,22.0,0.33,86.01,0.35,35.0,0.36,23.0,0.01,0.01,2331.319522,1776397061000
1776397063.926,163.926,0.65,40.63,0.64,10.0,0.66,12.0,0.67,50.44,0.34,2.0,0.33,50.44,0.35,84.0,0.36,23.0,0.01,0.01,2331.25731,1776397063000
1776397064.571,164.571,0.65,5.0,0.64,5.0,0.66,29.0,0.67,79.44,0.34,12.0,0.33,50.44,0.35,40.63,0.36,10.0,0.01,0.01,2331.25731,1776397063000
1776397067.627,167.627,0.55,0.15,0.54,10.0,0.58,32.0,0.59,44.0,0.34,29.0,0.33,79.44,0.35,5.0,0.36,5.0,0.03,0.01,2331.211066,1776397066000
1776397068.763,168.763,0.57,0.9,0.55,15.0,0.58,82.14,0.59,44.0,0.42,77.0,0.41,49.0,0.43,0.9,0.46,10.0,0.01,0.01,2331.163092,1776397067000
1776397069.982,169.982,0.56,50.9,0.55,49.0,0.58,82.14,0.59,44.0,0.42,82.14,0.41,44.0,0.43,0.9,0.45,15.0,0.02,0.01,2331.147804,1776397068000
1776397071.664,171.664,0.56,99.9,0.55,20.0,0.58,2.76,0.59,20.0,0.42,82.14,0.41,44.0,0.44,50.9,0.45,49.0,0.02,0.02,2331.073481,1776397070000
1776397073.074,173.074,0.57,15.0,0.56,65.9,0.59,24.0,0.6,20.0,0.42,12.9,0.41,20.0,0.43,15.0,0.44,94.9,0.02,0.01,2330.948567,1776397071000
1776397075.006,175.006,0.56,40.9,0.55,10.0,0.57,66.0,0.58,15.0,0.41,24.0,0.4,20.0,0.43,15.0,0.44,65.9,0.01,0.02,2331.042485,1776397073000
1776397077.201,177.201,0.57,92.0,0.56,55.27,0.59,1.67,0.6,20.0,0.43,27.0,0.42,15.0,0.44,25.27,0.45,15.0,0.02,0.01,2331.057665,1776397075000
1776397078.943,178.943,0.56,25.27,0.55,10.0,0.57,35.0,0.58,49.0,0.41,1.67,0.4,20.0,0.43,92.0,0.44,55.27,0.01,0.02,2331.019691,1776397077000
1776397080.656,180.656,0.56,9.41,0.55,15.0,0.57,50.0,0.58,54.0,0.43,35.0,0.42,49.0,0.44,25.27,0.45,10.0,0.01,0.01,2331.117226,1776397079000
1776397081.629,181.629,0.56,4.41,0.51,5.0,0.57,140.99,0.58,134.0,0.43,50.0,0.42,54.0,0.44,9.41,0.45,15.0,0.01,0.01,2331.090127,1776397080000
1776397082.535,182.535,0.51,17.75,0.5,15.0,0.52,45.99,0.53,23.0,0.43,140.99,0.42,134.0,0.49,5.0,0.54,10.0,0.01,0.06,2330.990448,1776397081000
1776397082.962,182.962,0.51,22.75,0.5,15.0,0.52,32.99,0.53,23.0,0.48,45.99,0.47,23.0,0.49,17.75,0.5,15.0,0.01,0.01,2330.990448,1776397081000
1776397087.278,187.278,0.51,27.75,0.5,15.0,0.52,7.0,0.53,20.0,0.48,32.99,0.47,23.0,0.49,22.75,0.5,15.0,0.01,0.01,2330.799212,1776397086000
1776397089.478,189.478,0.52,13.75,0.51,17.7,0.53,40.0,0.54,54.0,0.48,5.07,0.47,20.0,0.49,17.7,0.5,15.0,0.01,0.01,2330.809871,1776397087000
1776397090.878,190.878,0.51,12.7,0.5,10.0,0.52,11.15,0.53,87.0,0.47,40.0,0.46,54.0,0.48,13.75,0.49,17.7,0.01,0.01,2330.817687,1776397089000
1776397091.234,191.234,0.49,5.0,0.48,10.0,0.52,67.0,0.53,49.15,0.47,78.15,0.46,25.0,0.49,12.7,0.5,10.0,0.03,0.02,2330.837778,1776397090000
1776397091.869,191.869,0.47,10.0,0.46,23.0,0.5,54.0,0.51,49.0,0.48,67.0,0.47,49.15,0.51,5.0,0.52,10.0,0.03,0.03,2330.837778,1776397090000
1776397092.139,192.139,0.42,11.6,0.41,28.0,0.44,15.0,0.45,25.0,0.5,54.0,0.49,49.0,0.53,10.0,0.54,23.0,0.02,0.03,2330.831048,1776397091000
1776397092.443,192.443,0.42,20.0,0.41,28.0,0.43,17.34,0.44,20.0,0.57,1.51,0.56,20.0,0.59,28.0,0.6,65.16,0.01,0.02,2330.831048,1776397091000
1776397092.684,192.684,0.42,10.0,0.41,28.0,0.43,41.92,0.44,20.0,0.57,17.34,0.56,20.0,0.58,20.0,0.59,28.0,0.01,0.01,2330.831048,1776397091000
1776397092.933,192.933,0.42,10.0,0.41,28.0,0.43,65.92,0.44,20.0,0.57,41.92,0.56,20.0,0.58,10.0,0.59,28.0,0.01,0.01,2330.831048,1776397091000
1776397094.528,194.528,0.41,10.0,0.4,57.16,0.43,88.67,0.44,20.0,0.57,73.67,0.56,20.0,0.58,10.0,0.59,28.0,0.02,0.01,2330.760135,1776397093000
1776397094.963,194.963,0.4,29.16,0.39,15.0,0.41,94.12,0.42,78.0,0.57,88.67,0.56,20.0,0.59,10.0,0.6,57.16,0.01,0.02,2330.760135,1776397093000
1776397095.272,195.272,0.4,4.16,0.39,15.0,0.41,72.33,0.42,78.0,0.59,73.12,0.58,78.0,0.6,4.16,0.61,15.0,0.01,0.01,2330.651531,1776397094000
1776397095.752,195.752,0.4,4.16,0.39,15.0,0.41,95.33,0.42,49.0,0.59,72.33,0.58,78.0,0.6,4.16,0.61,15.0,0.01,0.01,2330.651531,1776397094000
1776397096.014,196.014,0.38,8.6,0.37,21.0,0.4,27.12,0.41,66.21,0.59,95.33,0.58,49.0,0.6,4.16,0.61,15.0,0.02,0.01,2330.651531,1776397094000
1776397097.914,197.914,0.38,10.0,0.37,15.0,0.39,77.84,0.4,20.0,0.6,27.12,0.59,66.21,0.62,8.6,0.63,21.0,0.01,0.02,2330.574622,1776397096000
1776397098.482,198.482,0.37,33.52,0.36,20.0,0.39,72.84,0.4,20.0,0.61,77.84,0.6,20.0,0.62,10.0,0.63,15.0,0.02,0.01,2330.620266,1776397097000
1776397098.772,198.772,0.37,33.52,0.36,20.0,0.38,6.84,0.39,75.2,0.61,72.84,0.6,20.0,0.63,33.52,0.64,20.0,0.01,0.02,2330.620266,1776397097000
1776397099.346,199.346,0.36,79.54,0.35,15.0,0.37,26.84,0.38,20.0,0.62,13.84,0.61,54.0,0.63,15.83,0.64,20.0,0.01,0.01,2330.587279,1776397098000
1776397099.749,199.749,0.36,55.54,0.35,15.0,0.37,14.13,0.38,20.0,0.63,26.84,0.62,20.0,0.64,79.54,0.65,15.0,0.01,0.01,2330.587279,1776397098000
1776397100.258,200.258,0.36,21.41,0.35,15.0,0.37,81.13,0.38,25.0,0.63,14.13,0.62,25.0,0.64,47.41,0.65,15.0,0.01,0.01,2330.626563,1776397099000
1776397101.197,201.197,0.35,9.5,0.34,23.0,0.37,23.92,0.38,20.0,0.63,69.92,0.62,25.0,0.64,21.41,0.65,5.0,0.02,0.01,2330.597238,1776397100000
1776397101.495,201.495,0.36,33.16,0.35,9.5,0.37,17.08,0.38,20.0,0.63,23.92,0.62,20.0,0.65,9.5,0.66,23.0,0.01,0.02,2330.597238,1776397100000
1776397101.954,201.954,0.36,35.09,0.35,9.5,0.37,22.08,0.38,20.0,0.63,17.08,0.62,20.0,0.64,33.16,0.65,9.5,0.01,0.01,2330.597238,1776397100000
1776397104.558,204.558,0.36,12.27,0.35,5.0,0.37,27.08,0.38,54.0,0.63,22.08,0.62,20.0,0.64,35.09,0.65,9.5,0.01,0.01,2330.53141,1776397103000
1776397104.868,204.868,0.35,5.27,0.34,15.0,0.37,7.08,0.38,10.0,0.63,27.08,0.62,54.0,0.64,12.27,0.65,5.0,0.02,0.01,2330.53141,1776397103000
1776397108.474,208.474,0.38,7.16,0.37,47.0,0.39,17.0,0.4,36.0,0.63,7.08,0.62,10.0,0.65,5.27,0.66,15.0,0.01,0.02,2330.515829,1776397107000
1776397110.136,210.136,0.38,10.54,0.37,47.0,0.39,17.0,0.4,21.0,0.61,17.0,0.6,36.0,0.62,7.16,0.63,47.0,0.01,0.01,2330.525805,1776397108000
1776397110.513,210.513,0.38,86.54,0.37,28.0,0.39,5.0,0.4,16.0,0.61,17.0,0.6,21.0,0.62,10.54,0.63,47.0,0.01,0.01,2330.516623,1776397109000
1776397114.442,214.442,0.39,35.0,0.38,15.0,0.41,20.0,0.42,15.0,0.6,11.0,0.59,39.9,0.61,10.0,0.62,101.54,0.02,0.01,2330.596433,1776397112000
1776397114.705,214.705,0.4,10.0,0.39,60.0,0.41,11.6,0.42,10.0,0.49,60.0,0.48,10.0,0.61,35.0,0.62,15.0,0.01,0.12,2330.629107,1776397113000
1776397115.148,215.148,0.41,44.0,0.4,20.0,0.42,19.2,0.43,6.0,0.58,1.79,0.57,5.0,0.59,25.0,0.6,35.0,0.01,0.01,2330.629107,1776397113000
1776397117.142,217.142,0.45,12.0,0.44,20.0,0.48,21.0,0.49,44.0,0.58,19.2,0.57,6.0,0.59,44.0,0.6,20.0,0.03,0.01,2330.637005,1776397115000
1776397117.525,217.525,0.45,17.0,0.44,20.0,0.47,9.36,0.48,21.0,0.52,21.0,0.51,44.0,0.55,12.0,0.56,20.0,0.02,0.03,2330.637005,1776397115000
1776397118.122,218.122,0.44,15.8,0.43,49.0,0.46,20.0,0.47,9.36,0.53,9.36,0.52,21.0,0.56,20.0,0.57,44.0,0.02,0.03,2330.62927,1776397116000
1776397118.937,218.937,0.44,10.0,0.43,49.0,0.46,30.0,0.47,14.36,0.54,20.0,0.53,9.36,0.57,49.0,0.58,45.0,0.02,0.03,2330.66987,1776397117000
1776397119.402,219.402,0.44,9.41,0.43,49.0,0.45,25.0,0.46,30.0,0.54,30.0,0.53,14.36,0.56,10.0,0.57,49.0,0.01,0.02,2330.66987,1776397117000
1776397120.255,220.255,0.43,43.25,0.42,45.0,0.45,25.0,0.46,25.0,0.55,25.0,0.54,30.0,0.56,9.41,0.57,49.0,0.02,0.01,2330.707917,1776397118000
1776397120.582,220.582,0.43,49.71,0.42,15.0,0.44,104.66,0.45,25.0,0.55,25.0,0.54,25.0,0.57,6.47,0.58,45.0,0.01,0.02,2330.673909,1776397119000
1776397121.761,221.761,0.43,33.24,0.42,44.0,0.44,109.66,0.45,25.0,0.56,104.66,0.55,25.0,0.57,49.71,0.58,15.0,0.01,0.01,2330.695715,1776397120000
1776397122.778,222.778,0.43,26.48,0.42,5.0,0.44,114.66,0.45,25.0,0.56,109.66,0.55,25.0,0.57,33.24,0.58,44.0,0.01,0.01,2330.698953,1776397121000
1776397126.367,226.367,0.42,37.81,0.41,60.0,0.43,15.0,0.44,102.66,0.56,114.66,0.55,25.0,0.57,26.48,0.58,5.0,0.01,0.01,2330.668598,1776397125000
1776397126.665,226.665,0.42,28.27,0.41,55.0,0.43,53.2,0.44,107.66,0.57,15.0,0.56,102.66,0.58,37.81,0.59,60.0,0.01,0.01,2330.668598,1776397125000
1776397126.867,226.867,0.44,101.34,0.42,28.27,0.45,20.0,0.46,20.0,0.57,53.2,0.56,107.66,0.58,28.27,0.59,55.0,0.01,0.01,2330.668598,1776397125000
1776397127.218,227.218,0.44,87.34,0.43,5.0,0.45,42.0,0.46,15.0,0.55,20.0,0.54,20.0,0.56,101.34,0.58,28.27,0.01,0.01,2330.668598,1776397125000
1776397127.946,227.946,0.44,84.65,0.43,39.0,0.45,32.0,0.46,10.0,0.55,42.0,0.54,15.0,0.56,87.34,0.57,5.0,0.01,0.01,2330.672247,1776397126000
1776397128.684,228.684,0.44,80.97,0.43,5.0,0.45,32.0,0.46,10.0,0.55,32.0,0.54,10.0,0.56,84.65,0.57,39.0,0.01,0.01,2330.642647,1776397127000
1776397130.453,230.453,0.44,71.32,0.43,10.0,0.45,72.0,0.46,10.0,0.55,32.0,0.54,10.0,0.56,80.97,0.57,5.0,0.01,0.01,2330.661915,1776397128000
1776397133.249,233.249,0.44,66.32,0.43,5.0,0.45,24.0,0.46,10.0,0.55,72.0,0.54,10.0,0.56,71.32,0.57,10.0,0.01,0.01,2330.663,1776397132000
1776397134.517,234.517,0.44,26.76,0.42,64.0,0.45,212.82,0.46,82.17,0.55,24.0,0.54,10.0,0.56,31.85,0.58,59.0,0.01,0.01,2330.66453,1776397133000
1776397136.85,236.85,0.44,6.76,0.42,30.0,0.45,36.0,0.46,53.5,0.55,212.82,0.54,82.17,0.56,26.76,0.58,64.0,0.01,0.01,2330.648045,1776397135000
1776397137.32,237.32,0.44,0.76,0.37,5.0,0.45,179.0,0.46,113.24,0.55,36.0,0.54,53.5,0.56,6.76,0.58,30.0,0.01,0.01,2330.648045,1776397135000
1776397137.56,237.56,0.37,4.9,0.33,15.0,0.39,132.33,0.41,70.0,0.61,57.33,0.59,8.47,0.63,5.0,0.7,35.0,0.02,0.02,2330.648045,1776397135000
1776397138.062,238.062,0.3,28.0,0.29,16.0,0.38,5.0,0.39,254.33,0.62,5.0,0.61,132.33,0.67,15.0,0.7,35.0,0.08,0.05,2330.644351,1776397136000
1776397138.529,238.529,0.26,50.0,0.25,29.0,0.31,13.86,0.32,56.0,0.62,5.0,0.61,254.33,0.7,28.0,0.71,16.0,0.05,0.08,2330.651976,1776397137000
1776397139.106,239.106,0.26,48.73,0.24,5.0,0.27,28.86,0.28,21.0,0.69,13.86,0.68,56.0,0.74,50.0,0.75,29.0,0.01,0.05,2330.651976,1776397137000
1776397139.578,239.578,0.26,48.73,0.24,5.0,0.27,13.86,0.28,16.0,0.73,28.86,0.72,21.0,0.74,48.73,0.76,5.0,0.01,0.01,2330.54629,1776397138000
1776397140.19,240.19,0.26,60.41,0.24,5.0,0.27,55.86,0.28,21.0,0.73,13.86,0.72,16.0,0.74,48.73,0.76,5.0,0.01,0.01,2330.54629,1776397138000
1776397140.442,240.442,0.26,47.91,0.24,5.0,0.27,32.0,0.28,21.0,0.73,44.0,0.72,21.0,0.74,60.41,0.76,5.0,0.01,0.01,2330.54629,1776397138000
1776397141.328,241.328,0.26,96.55,0.24,5.0,0.27,22.0,0.28,21.0,0.73,32.0,0.72,21.0,0.74,47.91,0.76,5.0,0.01,0.01,2330.421049,1776397140000
1776397141.738,241.738,0.26,14.84,0.24,10.0,0.27,22.0,0.28,21.0,0.73,22.0,0.72,21.0,0.74,96.55,0.76,5.0,0.01,0.01,2330.421049,1776397140000
1776397142.1,242.1,0.26,10.78,0.24,5.0,0.27,21.1,0.28,21.0,0.73,27.0,0.72,21.0,0.74,10.78,0.76,5.0,0.01,0.01,2330.421049,1776397140000
1776397142.57,242.57,0.26,0.64,0.18,27.0,0.27,78.1,0.28,15.0,0.73,21.1,0.72,21.0,0.74,10.78,0.76,5.0,0.01,0.01,2330.365389,1776397141000
1776397142.829,242.829,0.12,222.4,0.11,162.79,0.14,10.0,0.15,10.0,0.83,10.0,0.82,10.0,0.88,222.4,0.89,162.79,0.02,0.05,2330.365389,1776397141000
1776397143.289,243.289,0.14,5.5,0.13,49.0,0.17,5.0,0.18,23.0,0.86,5.0,0.85,10.0,0.88,222.4,0.89,162.79,0.03,0.02,2330.364833,1776397142000
1776397143.658,243.658,0.15,10.0,0.13,39.0,0.16,10.12,0.17,10.0,0.82,14.66,0.81,10.0,0.85,10.0,0.86,5.5,0.01,0.03,2330.364833,1776397142000
1776397143.89,243.89,0.15,13.82,0.13,39.0,0.16,11.62,0.17,2.46,0.83,2.46,0.82,14.66,0.85,10.0,0.87,39.0,0.01,0.02,2330.364833,1776397142000
1776397144.41,244.41,0.15,16.73,0.13,39.0,0.16,11.62,0.18,14.66,0.84,11.62,0.83,2.46,0.85,13.82,0.87,39.0,0.01,0.01,2330.364833,1776397142000
1776397145.457,245.457,0.17,6.53,0.16,10.0,0.18,48.65,0.19,10.0,0.82,1.65,0.81,15.0,0.85,5.85,0.87,39.0,0.01,0.03,2330.098173,1776397144000
1776397146.045,246.045,0.16,9.25,0.15,10.85,0.17,10.0,0.18,59.65,0.82,48.65,0.81,10.0,0.84,10.0,0.85,10.85,0.01,0.02,2330.098173,1776397144000
1776397146.877,246.877,0.15,3.49,0.14,5.0,0.17,15.0,0.18,88.65,0.83,10.0,0.82,59.65,0.84,9.25,0.85,10.85,0.02,0.01,2330.138955,1776397145000
1776397148.564,248.564,0.12,242.4,0.11,60.0,0.13,5.2,0.15,15.0,0.83,15.0,0.82,88.65,0.87,33.8,0.88,213.4,0.01,0.04,2330.10141,1776397147000
1776397148.963,248.963,0.12,230.43,0.11,60.0,0.13,20.2,0.15,15.0,0.87,5.2,0.85,15.0,0.88,242.4,0.89,60.0,0.01,0.01,2330.10141,1776397147000
1776397149.245,249.245,0.12,229.74,0.11,60.0,0.13,25.2,0.15,15.0,0.87,20.2,0.85,15.0,0.88,230.43,0.89,60.0,0.01,0.01,2330.100791,1776397148000
1776397149.943,249.943,0.12,237.69,0.11,65.0,0.13,20.2,0.15,15.0,0.87,25.2,0.85,15.0,0.88,229.74,0.89,60.0,0.01,0.01,2330.100791,1776397148000
1776397151.147,251.147,0.12,202.55,0.11,65.0,0.13,10.2,0.14,39.0,0.87,20.2,0.85,15.0,0.88,237.69,0.89,65.0,0.01,0.01,2330.113139,1776397149000
1776397151.999,251.999,0.12,200.88,0.11,65.0,0.13,25.2,0.14,39.0,0.87,10.2,0.86,39.0,0.88,202.55,0.89,65.0,0.01,0.01,2330.097649,1776397150000
1776397154.574,254.574,0.12,195.2,0.11,10.0,0.13,30.2,0.14,39.0,0.87,25.2,0.86,39.0,0.88,200.88,0.89,65.0,0.01,0.01,2330.097377,1776397152000
1776397157.888,257.888,0.12,190.2,0.11,10.0,0.14,39.0,0.15,50.2,0.87,30.2,0.86,39.0,0.88,195.2,0.89,10.0,0.02,0.01,2330.2157,1776397156000
1776397158.992,258.992,0.12,169.32,0.11,10.0,0.14,49.0,0.15,50.2,0.86,39.0,0.85,50.2,0.88,185.2,0.89,10.0,0.02,0.02,2330.211133,1776397157000
1776397159.222,259.222,0.12,174.32,0.11,10.0,0.13,6.28,0.14,64.0,0.86,49.0,0.85,50.2,0.88,169.32,0.89,10.0,0.01,0.02,2330.211133,1776397157000
1776397160.311,260.311,0.12,79.3,0.1,10.0,0.14,150.9,0.15,53.2,0.87,6.28,0.86,64.0,0.88,174.32,0.89,10.0,0.02,0.01,2330.174035,1776397159000
1776397160.592,260.592,0.12,79.3,0.1,10.0,0.13,19.3,0.14,133.9,0.86,135.9,0.85,48.2,0.88,79.3,0.9,10.0,0.01,0.02,2330.174035,1776397159000
1776397161.769,261.769,0.12,74.3,0.11,10.0,0.13,11.6,0.14,133.9,0.87,19.3,0.86,133.9,0.88,74.3,0.89,10.0,0.01,0.01,2330.113663,1776397160000
1776397162.37,262.37,0.12,68.75,0.1,10.0,0.13,29.6,0.14,106.9,0.87,11.6,0.86,133.9,0.88,74.3,0.89,10.0,0.01,0.01,2330.110573,1776397161000
1776397163.138,263.138,0.12,55.1,0.1,10.0,0.13,157.67,0.14,117.9,0.87,29.6,0.86,117.9,0.88,57.38,0.9,10.0,0.01,0.01,2330.110573,1776397161000
1776397163.47,263.47,0.12,45.04,0.1,10.0,0.13,225.47,0.14,88.9,0.87,230.47,0.86,117.9,0.88,50.1,0.9,10.0,0.01,0.01,2330.110573,1776397161000
1776397164.053,264.053,0.12,37.94,0.11,5.0,0.13,225.47,0.14,88.9,0.87,225.47,0.86,88.9,0.88,40.04,0.9,10.0,0.01,0.01,2330.136438,1776397162000
1776397164.344,264.344,0.12,28.05,0.11,5.0,0.13,226.47,0.14,75.9,0.87,225.47,0.86,88.9,0.88,32.88,0.89,5.0,0.01,0.01,2330.109795,1776397163000
1776397165.34,265.34,0.12,17.36,0.11,5.0,0.13,251.47,0.14,75.9,0.87,226.47,0.86,75.9,0.88,28.05,0.89,5.0,0.01,0.01,2330.10986,1776397164000
1776397167.619,267.619,0.12,14.12,0.11,5.0,0.13,160.91,0.14,65.9,0.87,251.47,0.86,75.9,0.88,16.22,0.89,5.0,0.01,0.01,2330.112159,1776397166000
1776397168.392,268.392,0.12,1.07,0.1,10.0,0.13,103.4,0.14,65.9,0.87,160.91,0.86,65.9,0.88,14.12,0.89,5.0,0.01,0.01,2330.112365,1776397167000
1776397170.457,270.457,0.12,1.07,0.1,10.0,0.13,90.4,0.14,65.9,0.87,103.4,0.86,65.9,0.88,1.07,0.9,10.0,0.01,0.01,2330.11373,1776397169000
1776397170.732,270.732,0.1,10.0,0.09,11.0,0.13,105.4,0.14,65.9,0.87,90.4,0.86,65.9,0.88,1.07,0.9,10.0,0.03,0.01,2330.11373,1776397169000
1776397170.994,270.994,0.09,1.0,0.08,67.0,0.11,32.0,0.12,15.0,0.87,105.4,0.86,65.9,0.9,10.0,0.91,11.0,0.02,0.03,2330.11373,1776397169000
1776397171.365,271.365,0.09,1.0,0.08,67.0,0.1,12.0,0.11,75.0,0.89,32.0,0.88,15.0,0.91,1.0,0.92,67.0,0.01,0.02,2330.11373,1776397169000
1776397171.702,271.702,0.08,48.91,0.07,19.0,0.09,15.0,0.1,12.0,0.9,12.0,0.89,75.0,0.92,45.0,0.93,19.0,0.01,0.02,2330.11373,1776397169000
1776397171.951,271.951,0.08,32.61,0.07,19.0,0.09,15.0,0.1,27.0,0.91,15.0,0.9,27.0,0.92,38.47,0.93,19.0,0.01,0.01,2330.11287,1776397170000
1776397172.401,272.401,0.08,20.47,0.07,19.0,0.09,15.0,0.1,57.0,0.91,20.0,0.9,27.0,0.92,23.74,0.93,19.0,0.01,0.01,2330.11287,1776397170000
1776397172.795,272.795,0.08,18.29,0.07,14.0,0.09,81.0,0.1,57.0,0.91,15.0,0.9,57.0,0.92,20.47,0.93,19.0,0.01,0.01,2330.11336,1776397171000
1776397173.1,273.1,0.08,18.29,0.07,14.0,0.09,69.88,0.1,57.0,0.91,81.0,0.9,57.0,0.92,18.29,0.93,14.0,0.01,0.01,2330.117295,1776397172000
1776397174.097,274.097,0.08,10.47,0.07,14.0,0.09,69.88,0.1,57.0,0.91,69.88,0.9,57.0,0.92,18.29,0.93,14.0,0.01,0.01,2330.117295,1776397172000
1776397176.996,276.996,0.08,4.16,0.07,14.0,0.09,68.88,0.1,12.0,0.91,84.88,0.9,52.0,0.92,9.38,0.93,14.0,0.01,0.01,2330.1071,1776397175000
1776397177.927,277.927,0.03,176.36,0.02,558.0,0.08,15.0,0.09,58.88,0.91,68.88,0.9,12.0,0.92,4.16,0.93,14.0,0.05,0.01,2330.099227,1776397176000
1776397179.036,279.036,0.03,129.05,0.02,499.0,0.04,15.0,0.05,15.0,0.92,15.0,0.91,58.88,0.97,176.36,0.98,558.0,0.01,0.05,2330.119431,1776397177000
1776397179.356,279.356,0.03,129.05,0.02,499.0,0.05,6.6,0.06,25.0,0.96,15.0,0.95,15.0,0.97,129.05,0.98,499.0,0.02,0.01,2330.119431,1776397177000
1776397180.192,280.192,0.03,118.68,0.02,449.0,0.04,15.0,0.05,6.6,0.95,6.6,0.94,25.0,0.97,123.89,0.98,499.0,0.01,0.02,2330.129691,1776397179000
1776397181.546,281.546,0.03,71.4,0.02,235.0,0.04,15.0,0.05,6.6,0.96,15.0,0.95,6.6,0.97,91.4,0.98,449.0,0.01,0.01,2330.127865,1776397180000
1776397181.769,281.769,0.03,46.25,0.02,235.0,0.04,20.0,0.05,6.6,0.96,15.0,0.95,6.6,0.97,51.4,0.98,235.0,0.01,0.01,2330.127865,1776397180000
1776397184.238,284.238,0.02,233.97,0.01,1319.78,0.03,15.0,0.04,25.0,0.96,20.0,0.95,6.6,0.97,46.25,0.98,235.0,0.01,0.01,2330.01715,1776397183000
1776397184.735,284.735,0.04,57.95,0.02,257.97,0.05,109.6,0.06,39.0,0.95,28.6,0.94,10.0,0.96,60.0,0.98,228.97,0.01,0.01,2330.01715,1776397183000
1776397185.475,285.475,0.04,97.9,0.02,257.97,0.05,109.6,0.06,39.0,0.95,109.6,0.94,39.0,0.96,57.95,0.98,257.97,0.01,0.01,2330.01715,1776397183000
1776397187.652,287.652,0.04,96.85,0.02,257.97,0.05,124.6,0.06,89.0,0.95,109.6,0.94,39.0,0.96,97.9,0.98,257.97,0.01,0.01,2330.003504,1776397186000
1776397188.82,288.82,0.04,72.39,0.02,257.97,0.05,184.86,0.06,89.0,0.95,131.6,0.94,89.0,0.96,77.6,0.98,257.97,0.01,0.01,2330.008722,1776397187000
1776397189.174,289.174,0.04,67.18,0.02,257.97,0.05,184.86,0.06,89.0,0.95,184.86,0.94,89.0,0.96,72.39,0.98,257.97,0.01,0.01,2330.008631,1776397188000
1776397190.076,290.076,0.04,61.97,0.02,257.97,0.05,164.6,0.06,89.0,0.95,184.86,0.94,89.0,0.96,67.18,0.98,257.97,0.01,0.01,2330.008631,1776397188000
1776397190.357,290.357,0.04,31.35,0.02,257.97,0.05,43.6,0.06,89.0,0.95,48.6,0.94,89.0,0.96,51.56,0.98,257.97,0.01,0.01,2330.008615,1776397189000
1776397190.615,290.615,0.04,5.29,0.02,257.97,0.05,43.6,0.06,89.0,0.95,48.6,0.94,89.0,0.96,20.92,0.98,257.97,0.01,0.01,2330.008615,1776397189000
1776397191.008,291.008,0.02,251.14,0.01,1230.78,0.03,15.0,0.04,17.0,0.95,48.6,0.94,89.0,0.98,256.2,0.99,1230.78,0.01,0.03,2330.008615,1776397189000
1776397191.557,291.557,0.02,245.93,0.01,1174.78,0.03,22.24,0.04,10.0,0.97,10.24,0.96,10.0,0.98,256.14,0.99,1230.78,0.01,0.01,2330.008268,1776397190000
1776397192.167,292.167,0.02,206.93,0.01,1203.78,0.03,17.24,0.04,10.0,0.97,22.24,0.96,10.0,0.98,245.93,0.99,1174.78,0.01,0.01,2330.008268,1776397190000
1776397193.199,293.199,0.02,206.82,0.01,1174.78,0.03,22.24,0.04,30.8,0.97,17.24,0.96,10.0,0.98,206.93,0.99,1203.78,0.01,0.01,2330.008251,1776397191000
1776397193.871,293.871,0.02,191.61,0.01,1174.78,0.03,17.24,0.04,30.8,0.97,22.24,0.96,30.8,0.98,206.82,0.99,1174.78,0.01,0.01,2330.007873,1776397192000
1776397194.188,294.188,0.02,176.2,0.01,1174.78,0.03,17.24,0.04,30.8,0.97,17.24,0.96,30.8,0.98,191.61,0.99,1174.78,0.01,0.01,2330.007873,1776397192000
1776397194.712,294.712,0.02,171.11,0.01,1174.78,0.03,17.24,0.04,30.8,0.97,17.24,0.96,30.8,0.98,176.2,0.99,1174.78,0.01,0.01,2330.002176,1776397193000
1776397195.017,295.017,0.02,166.0,0.01,1174.78,0.03,17.24,0.04,30.8,0.97,17.24,0.96,30.8,0.98,171.11,0.99,1174.78,0.01,0.01,2330.002176,1776397193000
1776397195.362,295.362,0.02,160.89,0.01,1174.78,0.03,22.24,0.04,30.8,0.97,17.24,0.96,30.8,0.98,166.0,0.99,1174.78,0.01,0.01,2330.000625,1776397194000
1776397195.713,295.713,0.02,150.89,0.01,1174.78,0.03,22.24,0.04,30.8,0.97,22.24,0.96,30.8,0.98,160.89,0.99,1174.78,0.01,0.01,2330.000625,1776397194000
1776397196.05,296.05,0.01,1032.34,,,0.03,22.24,0.04,30.8,0.97,22.24,0.96,30.8,0.98,150.89,0.99,1174.78,0.02,0.01,2330.000625,1776397194000
1776397196.374,296.374,0.01,1032.34,,,0.02,137.0,0.04,10.0,0.96,18.73,0.95,6.6,0.99,1037.34,,,0.01,0.03,2330.000625,1776397195000
1776397196.712,296.712,0.01,827.17,,,0.02,137.0,0.04,10.0,0.98,137.0,0.96,10.0,0.99,832.23,,,0.01,0.01,2330.000625,1776397195000
1776397197.206,297.206,,,,,0.01,1009.81,0.02,22.0,0.99,229.88,0.98,154.0,,,,,,,2330.000625,1776397195000
1776397199.542,299.542,,,,,0.01,15269.53,0.02,40.0,0.99,1024.0,0.98,22.0,,,,,,,2330.000702,1776397197000

# RESULT,winner=Down,slug=eth-updown-5m-1776396900,ticks=294
