timestamp,elapsed_sec,up_bid_p1,up_bid_s1,up_bid_p2,up_bid_s2,up_ask_p1,up_ask_s1,up_ask_p2,up_ask_s2,down_bid_p1,down_bid_s1,down_bid_p2,down_bid_s2,down_ask_p1,down_ask_s1,down_ask_p2,down_ask_s2,up_spread,down_spread,eth_price,eth_oracle_ts
1776188701.368,1.368,,,,,,,,,,,,,,,,,,,2333.755241,1776188700000
1776188701.694,1.694,0.53,93.14,0.5,33.63,0.54,72.86,0.55,5.0,0.46,86.86,0.45,18.0,0.47,93.14,0.5,50.63,0.01,0.01,2333.755241,1776188700000
1776188701.957,1.957,0.53,93.14,0.5,33.63,0.54,72.86,0.55,5.0,0.46,86.86,0.45,18.0,0.47,93.14,0.5,50.63,0.01,0.01,2333.768507,1776188701000
1776188702.198,2.198,0.53,93.14,0.5,50.63,0.54,29.0,0.55,13.0,0.46,86.86,0.45,18.0,0.47,93.14,0.5,50.63,0.01,0.01,2333.768507,1776188701000
1776188702.413,2.413,0.53,91.01,0.51,5.0,0.54,34.0,0.55,18.0,0.46,29.0,0.45,13.0,0.47,93.14,0.5,50.63,0.01,0.01,2333.768507,1776188701000
1776188702.735,2.735,0.53,91.01,0.51,10.0,0.54,28.53,0.55,18.0,0.46,34.0,0.45,18.0,0.47,91.01,0.49,5.0,0.01,0.01,2333.768507,1776188701000
1776188703.154,3.154,0.53,91.01,0.51,10.0,0.54,19.27,0.55,18.0,0.46,19.27,0.45,18.0,0.47,91.01,0.49,10.0,0.01,0.01,2333.776802,1776188702000
1776188703.365,3.365,0.53,88.88,0.5,39.63,0.54,145.27,0.55,128.0,0.46,19.27,0.45,18.0,0.47,91.01,0.49,10.0,0.01,0.01,2333.776802,1776188702000
1776188703.76,3.76,0.53,78.88,0.5,39.63,0.54,180.27,0.55,153.0,0.46,145.27,0.45,128.0,0.47,88.88,0.5,39.63,0.01,0.01,2333.776802,1776188702000
1776188703.973,3.973,0.53,21.32,0.5,33.63,0.54,195.27,0.55,158.0,0.46,190.27,0.45,153.0,0.47,31.32,0.5,33.63,0.01,0.01,2333.776802,1776188702000
1776188704.29,4.29,0.53,21.32,0.5,33.63,0.54,185.08,0.55,158.0,0.46,185.08,0.45,158.0,0.47,21.32,0.5,33.63,0.01,0.01,2333.77396,1776188703000
1776188704.549,4.549,0.5,38.63,0.49,18.0,0.53,11.58,0.54,180.08,0.46,185.08,0.45,158.0,0.47,21.32,0.5,33.63,0.03,0.01,2333.77396,1776188703000
1776188705.441,5.441,0.5,38.63,0.49,18.0,0.53,11.58,0.54,180.08,0.47,11.58,0.46,180.08,0.5,38.63,0.51,18.0,0.03,0.03,2333.711295,1776188704000
1776188706.079,6.079,0.5,53.63,0.49,38.0,0.51,185.0,0.52,195.0,0.49,185.0,0.48,195.0,0.5,53.63,0.51,38.0,0.01,0.01,2333.703231,1776188705000
1776188706.927,6.927,0.5,38.63,0.49,33.0,0.51,192.86,0.52,195.0,0.49,185.0,0.48,195.0,0.5,53.63,0.51,38.0,0.01,0.01,2333.703231,1776188705000
1776188707.171,7.171,0.5,36.63,0.49,33.0,0.51,197.86,0.52,200.0,0.49,192.86,0.48,195.0,0.5,38.63,0.51,33.0,0.01,0.01,2333.703231,1776188705000
1776188708.331,8.331,0.5,36.63,0.49,33.0,0.51,197.86,0.52,200.0,0.49,197.86,0.48,200.0,0.5,36.63,0.51,33.0,0.01,0.01,2333.664108,1776188707000
1776188709.3,9.3,0.51,13.12,0.5,163.63,0.52,50.0,0.53,61.58,0.49,1.59,0.47,61.58,0.5,248.63,0.51,208.0,0.01,0.01,2333.664108,1776188707000
1776188710.054,10.054,0.51,13.12,0.5,163.63,0.52,50.0,0.53,61.58,0.48,50.0,0.47,61.58,0.49,13.12,0.5,163.63,0.01,0.01,2333.721102,1776188709000
1776188710.411,10.411,0.51,166.12,0.5,124.63,0.52,535.0,0.53,61.58,0.48,50.0,0.47,61.58,0.49,13.12,0.5,163.63,0.01,0.01,2333.721102,1776188709000
1776188711.172,11.172,0.51,166.12,0.5,124.63,0.52,535.0,0.53,61.58,0.48,535.0,0.47,61.58,0.49,166.12,0.5,124.63,0.01,0.01,2333.8779,1776188710000
1776188712.252,12.252,0.51,166.12,0.5,124.63,0.52,535.0,0.53,61.58,0.48,535.0,0.47,61.58,0.49,166.12,0.5,124.63,0.01,0.01,2333.909367,1776188711000
1776188712.959,12.959,0.52,205.42,0.51,228.62,0.53,79.08,0.54,550.5,0.48,535.0,0.47,61.58,0.49,166.12,0.5,124.63,0.01,0.01,2333.909367,1776188711000
1776188713.649,13.649,0.51,193.62,0.5,187.13,0.53,555.5,0.54,123.11,0.47,41.72,0.46,550.5,0.48,200.42,0.49,228.62,0.02,0.01,2333.909367,1776188711000
1776188714.043,14.043,0.51,193.62,0.5,187.13,0.53,555.5,0.54,123.11,0.47,555.5,0.46,123.11,0.49,193.62,0.5,187.13,0.02,0.02,2333.906473,1776188712000
1776188714.58,14.58,0.51,193.62,0.5,187.13,0.53,555.5,0.54,123.11,0.47,555.5,0.46,123.11,0.49,193.62,0.5,187.13,0.02,0.02,2333.93671,1776188713000
1776188715.2,15.2,0.51,193.62,0.5,187.13,0.53,555.5,0.54,123.11,0.47,555.5,0.46,123.11,0.49,193.62,0.5,187.13,0.02,0.02,2333.983302,1776188714000
1776188716.055,16.055,0.53,20.0,0.52,124.5,0.54,594.11,0.55,85.0,0.47,9.83,0.46,610.11,0.48,79.5,0.49,191.62,0.01,0.01,2333.983302,1776188714000
1776188716.412,16.412,0.53,20.0,0.52,124.5,0.54,594.11,0.55,85.0,0.46,594.11,0.45,85.0,0.47,20.0,0.48,124.5,0.01,0.01,2333.994162,1776188715000
1776188716.948,16.948,0.53,20.0,0.52,124.5,0.54,594.11,0.55,85.0,0.46,594.11,0.45,85.0,0.47,20.0,0.48,124.5,0.01,0.01,2334.002388,1776188716000
1776188717.535,17.535,0.53,132.0,0.52,135.5,0.54,108.11,0.55,75.5,0.46,594.11,0.45,85.0,0.47,20.0,0.48,124.5,0.01,0.01,2334.002388,1776188716000
1776188718.086,18.086,0.53,147.5,0.52,145.5,0.54,103.11,0.55,94.5,0.46,103.11,0.45,94.5,0.47,147.5,0.48,145.5,0.01,0.01,2334.045686,1776188717000
1776188718.449,18.449,0.53,180.5,0.52,124.5,0.54,27.49,0.55,54.5,0.46,103.11,0.45,94.5,0.47,147.5,0.48,145.5,0.01,0.01,2334.045686,1776188717000
1776188719.284,19.284,0.54,49.0,0.53,119.5,0.55,92.1,0.56,60.5,0.45,92.1,0.44,60.5,0.46,49.0,0.47,119.5,0.01,0.01,2334.082862,1776188718000
1776188720.305,20.305,0.54,49.0,0.53,119.5,0.55,92.1,0.56,60.5,0.45,92.1,0.44,60.5,0.46,49.0,0.47,119.5,0.01,0.01,2334.194068,1776188719000
1776188721.325,21.325,0.54,49.0,0.53,119.5,0.55,92.1,0.56,60.5,0.45,92.1,0.44,60.5,0.46,49.0,0.47,119.5,0.01,0.01,2334.091854,1776188720000
1776188721.919,21.919,0.51,185.62,0.5,211.13,0.52,10.0,0.53,595.5,0.48,10.0,0.47,595.5,0.49,185.62,0.5,211.13,0.01,0.01,2334.050951,1776188721000
1776188722.567,22.567,0.51,125.62,0.5,211.13,0.52,595.4,0.53,115.5,0.48,10.0,0.47,595.5,0.49,185.62,0.5,211.13,0.01,0.01,2334.050951,1776188721000
1776188722.911,22.911,0.51,125.62,0.5,211.13,0.52,593.1,0.53,115.5,0.48,593.1,0.47,115.5,0.49,125.62,0.5,211.13,0.01,0.01,2333.971066,1776188722000
1776188723.853,23.853,0.51,125.62,0.5,211.13,0.52,593.1,0.53,115.5,0.48,593.1,0.47,115.5,0.49,125.62,0.5,211.13,0.01,0.01,2333.956309,1776188723000
1776188725.015,25.015,0.51,125.62,0.5,211.13,0.52,593.1,0.53,115.5,0.48,593.1,0.47,115.5,0.49,125.62,0.5,211.13,0.01,0.01,2333.99185,1776188724000
1776188726.087,26.087,0.51,125.62,0.5,211.13,0.52,593.1,0.53,115.5,0.48,593.1,0.47,115.5,0.49,125.62,0.5,211.13,0.01,0.01,2334.00711,1776188725000
1776188726.617,26.617,0.52,20.0,0.51,193.62,0.53,546.06,0.54,82.5,0.48,593.1,0.47,115.5,0.49,125.62,0.5,211.13,0.01,0.01,2334.00711,1776188725000
1776188727.227,27.227,0.52,20.0,0.51,193.62,0.53,546.06,0.54,82.5,0.47,546.06,0.46,82.5,0.48,20.0,0.49,193.62,0.01,0.01,2334.016751,1776188726000
1776188727.663,27.663,0.54,541.5,0.53,115.5,0.55,30.59,0.57,99.5,0.47,546.06,0.46,82.5,0.48,20.0,0.49,193.62,0.01,0.01,2334.016751,1776188726000
1776188727.93,27.93,0.55,15.0,0.54,25.5,0.56,17.96,0.57,81.41,0.44,10.5,0.43,74.41,0.46,81.5,0.47,605.5,0.01,0.02,2334.016751,1776188726000
1776188728.364,28.364,0.55,5.0,0.54,34.41,0.56,46.94,0.57,561.41,0.44,28.96,0.43,81.41,0.46,24.41,0.47,96.5,0.01,0.02,2334.016751,1776188726000
1776188729.352,29.352,0.55,5.0,0.54,34.41,0.56,46.94,0.57,561.41,0.44,46.94,0.43,561.41,0.45,5.0,0.46,34.41,0.01,0.01,2334.015603,1776188728000
1776188729.646,29.646,0.55,15.0,0.54,25.0,0.56,586.16,0.57,81.41,0.44,590.09,0.43,81.41,0.45,15.0,0.46,25.0,0.01,0.01,2334.015603,1776188728000
1776188730.57,30.57,0.55,15.0,0.54,25.0,0.56,586.16,0.57,81.41,0.44,586.16,0.43,81.41,0.45,15.0,0.46,25.0,0.01,0.01,2334.252185,1776188729000
1776188730.787,30.787,0.55,163.5,0.54,593.5,0.56,17.0,0.57,29.0,0.44,586.16,0.43,81.41,0.45,15.0,0.46,25.0,0.01,0.01,2334.252185,1776188729000
1776188731.111,31.111,0.55,85.0,0.54,113.5,0.56,20.46,0.57,39.5,0.44,11.64,0.43,39.5,0.45,158.5,0.46,113.5,0.01,0.01,2334.252185,1776188729000
1776188731.422,31.422,0.55,80.0,0.54,113.5,0.56,77.46,0.57,99.5,0.44,77.46,0.43,99.5,0.45,80.0,0.46,113.5,0.01,0.01,2334.229991,1776188730000
1776188731.898,31.898,0.55,75.0,0.54,113.5,0.56,615.5,0.57,99.5,0.44,77.46,0.43,99.5,0.45,80.0,0.46,113.5,0.01,0.01,2334.229991,1776188730000
1776188732.163,32.163,0.55,45.0,0.54,113.5,0.56,606.12,0.57,99.5,0.44,606.12,0.43,99.5,0.45,45.0,0.46,113.5,0.01,0.01,2334.221551,1776188731000
1776188732.425,32.425,0.55,35.0,0.54,82.5,0.56,607.19,0.57,116.5,0.44,606.12,0.43,109.5,0.45,40.0,0.46,113.5,0.01,0.01,2334.221551,1776188731000
1776188732.718,32.718,0.54,10.0,0.53,10.0,0.56,614.19,0.57,125.5,0.44,607.19,0.43,116.5,0.45,35.0,0.46,82.5,0.02,0.01,2334.221551,1776188731000
1776188733.095,33.095,0.51,204.84,0.5,218.13,0.53,80.0,0.54,32.5,0.45,18.42,0.44,602.19,0.48,95.5,0.49,193.62,0.02,0.03,2334.221551,1776188731000
1776188733.415,33.415,0.51,192.84,0.5,235.13,0.53,71.58,0.54,82.5,0.47,80.0,0.46,32.5,0.49,204.84,0.5,218.13,0.02,0.02,2334.221551,1776188731000
1776188734.071,34.071,0.51,192.84,0.5,235.13,0.53,71.58,0.54,82.5,0.47,71.58,0.46,82.5,0.49,192.84,0.5,235.13,0.02,0.02,2334.312632,1776188733000
1776188734.513,34.513,0.51,173.77,0.5,243.13,0.52,91.0,0.53,116.5,0.47,71.58,0.46,82.5,0.49,192.84,0.5,235.13,0.01,0.02,2334.312632,1776188733000
1776188734.924,34.924,0.51,198.77,0.5,236.13,0.52,138.71,0.53,116.5,0.48,91.0,0.47,116.5,0.49,173.77,0.5,243.13,0.01,0.01,2334.312632,1776188733000
1776188735.371,35.371,0.51,198.77,0.5,236.13,0.52,138.71,0.53,116.5,0.48,138.71,0.47,116.5,0.49,198.77,0.5,236.13,0.01,0.01,2334.037474,1776188734000
1776188736.062,36.062,0.51,198.77,0.5,236.13,0.52,138.71,0.53,116.5,0.48,138.71,0.47,116.5,0.49,198.77,0.5,236.13,0.01,0.01,2334.02663,1776188735000
1776188736.65,36.65,0.51,192.77,0.5,230.13,0.52,525.0,0.53,93.5,0.48,583.71,0.47,91.5,0.49,137.77,0.5,220.13,0.01,0.01,2334.02663,1776188735000
1776188736.865,36.865,0.51,192.77,0.5,230.13,0.52,598.78,0.53,93.5,0.48,525.0,0.47,93.5,0.49,192.77,0.5,230.13,0.01,0.01,2334.02663,1776188735000
1776188737.27,37.27,0.51,192.77,0.5,230.13,0.52,598.78,0.53,93.5,0.48,598.78,0.47,93.5,0.49,192.77,0.5,230.13,0.01,0.01,2333.878122,1776188736000
1776188737.954,37.954,0.51,192.77,0.5,230.13,0.52,530.78,0.53,93.5,0.48,598.78,0.47,93.5,0.49,192.77,0.5,230.13,0.01,0.01,2333.878122,1776188736000
1776188738.602,38.602,0.51,192.66,0.5,230.13,0.52,525.51,0.53,93.5,0.48,525.51,0.47,93.5,0.49,192.77,0.5,230.13,0.01,0.01,2333.878122,1776188736000
1776188739.09,39.09,0.51,187.66,0.5,230.13,0.52,470.51,0.53,93.5,0.48,525.51,0.47,93.5,0.49,192.66,0.5,230.13,0.01,0.01,2333.89586,1776188737000
1776188739.716,39.716,0.51,187.66,0.5,230.13,0.52,273.2,0.53,86.5,0.48,470.51,0.47,93.5,0.49,187.66,0.5,230.13,0.01,0.01,2333.89586,1776188737000
1776188739.978,39.978,0.51,197.66,0.5,235.13,0.52,268.2,0.53,86.5,0.48,273.2,0.47,86.5,0.49,187.66,0.5,230.13,0.01,0.01,2333.891788,1776188738000
1776188740.399,40.399,0.51,192.66,0.5,235.13,0.52,268.2,0.53,86.5,0.48,268.2,0.47,86.5,0.49,192.66,0.5,235.13,0.01,0.01,2333.891305,1776188739000
1776188741.123,41.123,0.51,192.66,0.5,235.13,0.52,268.2,0.53,86.5,0.48,268.2,0.47,86.5,0.49,192.66,0.5,235.13,0.01,0.01,2333.891043,1776188740000
1776188742.769,42.769,0.51,192.66,0.5,235.13,0.52,268.2,0.53,86.5,0.48,268.2,0.47,86.5,0.49,192.66,0.5,235.13,0.01,0.01,2333.89056,1776188741000
1776188743.632,43.632,0.51,241.66,0.5,717.13,0.52,6.17,0.53,5.0,0.48,6.17,0.47,5.0,0.49,241.66,0.5,717.13,0.01,0.01,2333.89402,1776188742000
1776188744.202,44.202,0.51,864.66,0.5,252.13,0.52,0.02,0.54,15.0,0.48,0.02,0.46,15.0,0.49,864.66,0.5,252.13,0.01,0.01,2333.88536,1776188743000
1776188745.714,45.714,0.51,864.66,0.5,252.13,0.52,0.02,0.54,15.0,0.48,0.02,0.46,15.0,0.49,864.66,0.5,252.13,0.01,0.01,2334.09948,1776188744000
1776188746.364,46.364,0.51,234.66,0.5,252.13,0.52,30.02,0.53,55.0,0.48,0.02,0.46,15.0,0.49,864.66,0.5,252.13,0.01,0.01,2334.09948,1776188744000
1776188746.809,46.809,0.51,234.66,0.5,252.13,0.52,30.02,0.53,55.0,0.48,30.02,0.47,55.0,0.49,234.66,0.5,252.13,0.01,0.01,2334.077019,1776188745000
1776188747.404,47.404,0.51,234.66,0.5,252.13,0.52,30.02,0.53,55.0,0.48,30.02,0.47,55.0,0.49,234.66,0.5,252.13,0.01,0.01,2334.042969,1776188746000
1776188748.01,48.01,0.51,234.66,0.5,252.13,0.52,30.02,0.53,55.0,0.48,30.02,0.47,55.0,0.49,234.66,0.5,252.13,0.01,0.01,2334.006631,1776188747000
1776188748.425,48.425,0.5,78.63,0.49,109.0,0.52,625.91,0.53,95.5,0.48,30.02,0.47,55.0,0.49,234.66,0.5,252.13,0.02,0.01,2334.006631,1776188747000
1776188748.808,48.808,0.5,53.83,0.49,109.0,0.51,20.5,0.52,620.91,0.48,625.91,0.47,95.5,0.5,73.83,0.51,109.0,0.01,0.02,2334.006631,1776188747000
1776188749.046,49.046,0.47,5.69,0.46,42.61,0.49,559.5,0.5,125.5,0.5,129.5,0.49,106.51,0.51,0.79,0.52,49.69,0.02,0.01,2334.006631,1776188747000
1776188749.561,49.561,0.45,10.18,0.43,10.5,0.47,610.01,0.48,95.5,0.51,559.5,0.5,125.5,0.54,11.52,0.56,5.0,0.02,0.03,2333.998035,1776188748000
1776188749.87,49.87,0.42,32.58,0.41,65.0,0.44,535.0,0.45,85.0,0.53,610.01,0.52,95.5,0.57,5.68,0.58,75.0,0.02,0.04,2333.998035,1776188748000
1776188750.243,50.243,0.42,27.92,0.41,65.0,0.44,535.0,0.45,85.0,0.56,535.0,0.55,85.0,0.58,27.92,0.59,65.0,0.02,0.02,2333.646488,1776188749000
1776188750.997,50.997,0.42,120.51,0.41,92.0,0.44,10.0,0.45,10.0,0.56,535.0,0.55,85.0,0.58,27.92,0.59,65.0,0.02,0.02,2333.646488,1776188749000
1776188751.317,51.317,0.43,142.5,0.42,119.51,0.44,10.0,0.45,10.0,0.56,10.0,0.55,10.0,0.58,120.51,0.59,92.0,0.01,0.02,2333.646488,1776188749000
1776188751.97,51.97,0.43,142.5,0.42,119.51,0.44,10.0,0.45,10.0,0.56,10.0,0.55,10.0,0.57,142.5,0.58,119.51,0.01,0.01,2333.05621,1776188751000
1776188752.241,52.241,0.43,119.67,0.42,98.51,0.44,85.0,0.45,20.0,0.56,10.0,0.55,10.0,0.57,142.5,0.58,119.51,0.01,0.01,2333.05621,1776188751000
1776188753.115,53.115,0.43,107.4,0.42,105.51,0.44,96.0,0.45,20.0,0.56,96.0,0.55,20.0,0.57,107.4,0.58,105.51,0.01,0.01,2333.161167,1776188752000
1776188753.333,53.333,0.42,14.51,0.41,93.0,0.44,156.0,0.45,155.5,0.56,151.0,0.55,165.5,0.57,28.0,0.58,14.51,0.02,0.01,2333.161167,1776188752000
1776188754.167,54.167,0.42,18.38,0.41,82.0,0.43,25.0,0.44,626.0,0.57,25.0,0.56,626.0,0.58,18.38,0.59,82.0,0.01,0.01,2333.192187,1776188753000
1776188755.429,55.429,0.42,18.38,0.41,82.0,0.43,25.0,0.44,626.0,0.57,25.0,0.56,626.0,0.58,18.38,0.59,82.0,0.01,0.01,2333.085871,1776188754000
1776188755.963,55.963,0.42,18.38,0.41,82.0,0.43,25.0,0.44,626.0,0.57,25.0,0.56,626.0,0.58,18.38,0.59,82.0,0.01,0.01,2333.03168,1776188755000
1776188756.908,56.908,0.41,129.68,0.4,84.0,0.42,80.0,0.43,560.0,0.57,25.0,0.56,626.0,0.58,18.38,0.59,82.0,0.01,0.01,2333.03168,1776188755000
1776188757.778,57.778,0.41,112.98,0.4,89.0,0.42,90.0,0.43,565.0,0.58,80.0,0.57,560.0,0.59,129.68,0.6,84.0,0.01,0.01,2333.061949,1776188756000
1776188758.278,58.278,0.41,112.98,0.4,89.0,0.42,90.0,0.43,565.0,0.58,90.0,0.57,565.0,0.59,112.98,0.6,89.0,0.01,0.01,2333.1028,1776188757000
1776188759.39,59.39,0.41,112.98,0.4,89.0,0.42,90.0,0.43,565.0,0.58,90.0,0.57,565.0,0.59,112.98,0.6,89.0,0.01,0.01,2333.12907,1776188758000
1776188759.784,59.784,0.41,150.5,0.4,600.5,0.42,34.62,0.44,65.0,0.58,38.03,0.56,65.0,0.59,173.5,0.6,115.5,0.01,0.01,2333.12907,1776188758000
1776188760.583,60.583,0.41,150.5,0.4,130.5,0.42,19.62,0.44,60.0,0.58,34.62,0.56,65.0,0.59,150.5,0.6,600.5,0.01,0.01,2333.09824,1776188759000
1776188761.037,61.037,0.41,661.29,0.4,130.5,0.42,12.45,0.44,10.0,0.58,19.62,0.56,10.0,0.59,170.29,0.6,130.5,0.01,0.01,2333.09824,1776188759000
1776188761.635,61.635,0.41,661.29,0.4,130.5,0.42,2.45,0.44,10.0,0.58,2.45,0.56,10.0,0.59,661.29,0.6,130.5,0.01,0.01,2333.218427,1776188760000
1776188762.166,62.166,0.43,135.61,0.42,585.5,0.44,25.0,0.45,55.0,0.56,25.0,0.55,55.0,0.57,135.61,0.58,585.5,0.01,0.01,2333.218427,1776188761000
1776188762.832,62.832,0.43,109.53,0.42,596.5,0.44,25.0,0.45,60.0,0.56,25.0,0.55,55.0,0.57,135.61,0.58,585.5,0.01,0.01,2333.218427,1776188761000
1776188763.16,63.16,0.43,109.53,0.42,596.5,0.44,25.0,0.45,60.0,0.56,25.0,0.55,60.0,0.57,109.53,0.58,596.5,0.01,0.01,2333.237476,1776188762000
1776188764.318,64.318,0.43,109.53,0.42,596.5,0.44,25.0,0.45,60.0,0.56,25.0,0.55,60.0,0.57,109.53,0.58,596.5,0.01,0.01,2333.233116,1776188763000
1776188764.865,64.865,0.43,821.5,0.42,159.5,0.44,9.37,0.47,20.0,0.56,25.0,0.55,60.0,0.57,109.53,0.58,596.5,0.01,0.01,2333.233116,1776188763000
1776188765.109,65.109,0.46,154.4,0.45,15.0,0.47,2.55,0.5,5.0,0.53,2.55,0.52,25.0,0.54,60.63,0.55,10.0,0.01,0.01,2333.233116,1776188763000
1776188765.593,65.593,0.5,17.0,0.49,570.0,0.51,66.01,0.52,75.41,0.49,61.01,0.48,60.41,0.54,746.4,0.55,20.0,0.01,0.05,2333.247216,1776188764000
1776188766.368,66.368,0.5,17.0,0.49,570.0,0.51,66.01,0.52,75.41,0.49,66.01,0.48,75.41,0.5,17.0,0.51,570.0,0.01,0.01,2333.407592,1776188765000
1776188766.785,66.785,0.45,79.83,0.44,160.0,0.47,10.0,0.48,15.0,0.49,66.01,0.48,75.41,0.5,17.0,0.51,570.0,0.02,0.01,2333.407592,1776188765000
1776188767.33,67.33,0.45,79.83,0.44,160.0,0.47,10.0,0.48,15.0,0.53,10.0,0.52,15.0,0.55,79.83,0.56,160.0,0.02,0.02,2333.863011,1776188766000
1776188767.897,67.897,0.45,79.83,0.44,160.0,0.47,10.0,0.48,15.0,0.53,10.0,0.52,15.0,0.55,79.83,0.56,160.0,0.02,0.02,2333.863011,1776188767000
1776188768.428,68.428,0.45,673.33,0.44,224.5,0.46,31.82,0.47,80.5,0.53,10.0,0.52,15.0,0.55,79.83,0.56,160.0,0.01,0.02,2333.863011,1776188767000
1776188768.848,68.848,0.45,668.33,0.44,224.5,0.46,31.82,0.47,80.5,0.54,31.82,0.53,80.5,0.55,673.33,0.56,224.5,0.01,0.01,2333.863011,1776188767000
1776188769.053,69.053,0.45,668.33,0.44,224.5,0.46,31.82,0.47,80.5,0.54,31.82,0.53,80.5,0.55,668.33,0.56,224.5,0.01,0.01,2333.716918,1776188768000
1776188769.995,69.995,0.45,668.33,0.44,224.5,0.46,31.82,0.47,80.5,0.54,31.82,0.53,80.5,0.55,668.33,0.56,224.5,0.01,0.01,2333.568225,1776188769000
1776188770.784,70.784,0.44,35.0,0.43,73.0,0.46,653.32,0.47,105.5,0.54,31.82,0.53,80.5,0.55,668.33,0.56,224.5,0.02,0.01,2333.568225,1776188769000
1776188771.075,71.075,0.44,35.0,0.43,73.0,0.46,653.32,0.47,105.5,0.54,653.32,0.53,105.5,0.56,35.0,0.57,73.0,0.02,0.02,2333.564036,1776188770000
1776188771.538,71.538,0.42,73.55,0.41,105.5,0.43,25.0,0.44,75.5,0.54,653.32,0.53,105.5,0.56,35.0,0.57,73.0,0.01,0.02,2333.564036,1776188770000
1776188772.103,72.103,0.42,73.55,0.41,105.5,0.43,25.0,0.44,75.5,0.57,25.0,0.56,75.5,0.58,73.55,0.59,105.5,0.01,0.01,2333.398902,1776188771000
1776188773.14,73.14,0.42,73.55,0.41,105.5,0.43,25.0,0.44,75.5,0.57,25.0,0.56,75.5,0.58,73.55,0.59,105.5,0.01,0.01,2333.231222,1776188772000
1776188773.434,73.434,0.45,7.5,0.44,95.0,0.46,90.5,0.47,580.5,0.57,25.0,0.56,75.5,0.58,73.55,0.59,105.5,0.01,0.01,2333.231222,1776188772000
1776188774.117,74.117,0.45,7.5,0.44,95.0,0.46,90.5,0.47,580.5,0.54,90.5,0.53,580.5,0.55,7.5,0.56,95.0,0.01,0.01,2333.360034,1776188773000
1776188774.724,74.724,0.45,597.5,0.44,120.5,0.46,52.82,0.47,100.5,0.54,90.5,0.53,580.5,0.55,7.5,0.56,95.0,0.01,0.01,2333.360034,1776188773000
1776188775.019,75.019,0.45,644.5,0.44,120.5,0.46,0.62,0.47,100.5,0.54,52.82,0.53,100.5,0.55,597.5,0.56,120.5,0.01,0.01,2333.360034,1776188773000
1776188776.059,76.059,0.45,20.0,0.44,15.0,0.46,610.25,0.47,116.5,0.54,0.62,0.53,100.5,0.55,644.5,0.56,120.5,0.01,0.01,2333.378493,1776188774000
1776188776.259,76.259,0.45,20.0,0.44,15.0,0.46,610.25,0.47,116.5,0.54,610.25,0.53,116.5,0.55,20.0,0.56,15.0,0.01,0.01,2333.428243,1776188775000
1776188777.117,77.117,0.44,10.0,0.43,10.0,0.46,646.25,0.47,100.5,0.54,610.25,0.53,116.5,0.55,20.0,0.56,15.0,0.02,0.01,2333.428243,1776188775000
1776188777.335,77.335,0.44,10.0,0.43,10.0,0.46,646.25,0.47,100.5,0.54,646.25,0.53,100.5,0.56,10.0,0.57,10.0,0.02,0.02,2333.377174,1776188776000
1776188778.308,78.308,0.44,10.0,0.43,10.0,0.46,646.25,0.47,100.5,0.54,646.25,0.53,100.5,0.56,10.0,0.57,10.0,0.02,0.02,2333.311129,1776188777000
1776188779.094,79.094,0.42,21.25,0.41,50.0,0.43,707.34,0.44,166.5,0.54,646.25,0.53,100.5,0.56,10.0,0.57,10.0,0.01,0.02,2333.311129,1776188777000
1776188780.336,80.336,0.41,50.0,0.4,77.0,0.43,712.34,0.44,166.5,0.57,712.34,0.56,166.5,0.59,50.0,0.6,77.0,0.02,0.02,2333.217596,1776188779000
1776188781.211,81.211,0.41,5.0,0.4,72.0,0.42,664.5,0.43,124.34,0.57,712.34,0.56,166.5,0.59,50.0,0.6,77.0,0.01,0.02,2333.217596,1776188779000
1776188781.449,81.449,0.41,4.83,0.4,72.0,0.42,664.5,0.43,119.34,0.58,664.5,0.57,124.34,0.59,5.0,0.6,72.0,0.01,0.01,2333.109056,1776188780000
1776188782.305,82.305,0.41,0.84,0.4,72.0,0.42,669.5,0.43,119.34,0.58,669.5,0.57,119.34,0.59,0.84,0.6,72.0,0.01,0.01,2332.99727,1776188781000
1776188782.536,82.536,0.4,53.78,0.39,120.0,0.42,856.5,0.43,89.34,0.58,669.5,0.57,119.34,0.59,0.84,0.6,72.0,0.02,0.01,2332.99727,1776188781000
1776188782.842,82.842,0.39,120.0,0.38,110.0,0.41,187.5,0.42,345.5,0.59,103.0,0.58,255.5,0.6,42.68,0.61,120.0,0.02,0.01,2332.99727,1776188781000
1776188783.292,83.292,0.39,120.0,0.38,110.0,0.41,187.5,0.42,345.5,0.59,187.5,0.58,345.5,0.61,120.0,0.62,110.0,0.02,0.02,2332.934117,1776188782000
1776188783.627,83.627,0.39,135.0,0.38,120.5,0.41,82.35,0.42,320.5,0.59,187.5,0.58,345.5,0.61,120.0,0.62,110.0,0.02,0.02,2332.934117,1776188782000
1776188784.342,84.342,0.39,135.0,0.38,120.5,0.41,82.35,0.42,320.5,0.59,82.35,0.58,320.5,0.61,135.0,0.62,120.5,0.02,0.02,2332.930318,1776188783000
1776188785.315,85.315,0.39,135.0,0.38,120.5,0.41,82.35,0.42,320.5,0.59,82.35,0.58,320.5,0.61,135.0,0.62,120.5,0.02,0.02,2332.85982,1776188784000
1776188786.319,86.319,0.39,135.0,0.38,120.5,0.41,82.35,0.42,320.5,0.59,82.35,0.58,320.5,0.61,135.0,0.62,120.5,0.02,0.02,2332.899319,1776188785000
1776188786.902,86.902,0.39,726.5,0.38,271.5,0.4,21.0,0.42,5.0,0.59,82.35,0.58,320.5,0.61,135.0,0.62,120.5,0.01,0.02,2332.899319,1776188785000
1776188787.114,87.114,0.4,88.5,0.39,280.5,0.42,5.0,0.43,8.84,0.59,1.34,0.58,5.0,0.61,768.5,0.62,271.5,0.02,0.02,2332.899319,1776188785000
1776188787.45,87.45,0.42,6.9,0.41,103.5,0.43,8.84,0.45,50.0,0.57,8.84,0.55,50.0,0.58,6.9,0.59,103.5,0.01,0.01,2332.898174,1776188786000
1776188788.615,88.615,0.42,6.9,0.41,103.5,0.43,8.84,0.45,50.0,0.57,8.84,0.55,50.0,0.58,6.9,0.59,103.5,0.01,0.01,2332.975923,1776188787000
1776188789.528,89.528,0.42,21.35,0.41,19.0,0.43,63.34,0.44,521.5,0.57,8.84,0.55,50.0,0.58,6.9,0.59,103.5,0.01,0.01,2332.975923,1776188787000
1776188790.079,90.079,0.4,37.0,0.39,682.5,0.42,45.5,0.43,73.34,0.58,10.0,0.57,78.34,0.6,20.5,0.61,687.5,0.02,0.02,2333.288234,1776188788000
1776188791.279,91.279,0.39,95.0,0.38,146.0,0.41,630.5,0.42,96.5,0.58,45.5,0.57,73.34,0.6,37.0,0.61,682.5,0.02,0.02,2333.3318,1776188789000
1776188791.732,91.732,0.39,95.0,0.38,146.0,0.41,630.5,0.42,96.5,0.59,630.5,0.58,96.5,0.61,95.0,0.62,146.0,0.02,0.02,2333.22,1776188790000
1776188792.305,92.305,0.39,95.0,0.38,146.0,0.41,630.5,0.42,96.5,0.59,630.5,0.58,96.5,0.61,95.0,0.62,146.0,0.02,0.02,2333.108301,1776188791000
1776188793.65,93.65,0.39,95.0,0.38,146.0,0.41,630.5,0.42,96.5,0.59,630.5,0.58,96.5,0.61,95.0,0.62,146.0,0.02,0.02,2333.045465,1776188792000
1776188794.323,94.323,0.39,95.0,0.38,146.0,0.41,630.5,0.42,96.5,0.59,630.5,0.58,96.5,0.61,95.0,0.62,146.0,0.02,0.02,2332.99684,1776188793000
1776188794.529,94.529,0.38,110.0,0.37,108.0,0.4,725.5,0.41,111.5,0.59,630.5,0.58,96.5,0.61,95.0,0.62,146.0,0.02,0.02,2332.99684,1776188793000
1776188795.364,95.364,0.38,15.0,0.37,60.0,0.39,699.5,0.4,165.5,0.6,725.5,0.59,111.5,0.62,110.0,0.63,108.0,0.01,0.02,2332.99684,1776188793000
1776188796.032,96.032,0.37,5.0,0.36,149.0,0.39,616.5,0.4,115.5,0.61,676.5,0.6,165.5,0.63,60.0,0.64,154.0,0.02,0.02,2332.989874,1776188794000
1776188797.011,97.011,0.36,292.5,0.35,656.5,0.37,13.83,0.38,70.0,0.61,616.5,0.6,115.5,0.63,5.0,0.64,149.0,0.01,0.02,2332.92138,1776188795000
1776188797.482,97.482,0.36,292.5,0.35,656.5,0.37,13.83,0.38,70.0,0.63,13.83,0.62,70.0,0.64,292.5,0.65,656.5,0.01,0.01,2332.748453,1776188796000
1776188798.039,98.039,0.36,292.5,0.35,656.5,0.37,13.83,0.38,70.0,0.63,13.83,0.62,70.0,0.64,292.5,0.65,656.5,0.01,0.01,2332.678876,1776188797000
1776188799.339,99.339,0.36,292.5,0.35,656.5,0.37,13.83,0.38,70.0,0.63,13.83,0.62,70.0,0.64,292.5,0.65,656.5,0.01,0.01,2332.707474,1776188798000
1776188800.123,100.123,0.36,292.5,0.35,656.5,0.37,13.83,0.38,70.0,0.63,13.83,0.62,70.0,0.64,292.5,0.65,656.5,0.01,0.01,2332.775011,1776188799000
1776188800.552,100.552,0.4,64.49,0.39,28.0,0.43,74.0,0.44,115.5,0.59,20.0,0.58,60.0,0.64,748.5,0.65,159.5,0.03,0.05,2332.775011,1776188799000
1776188800.955,100.955,0.42,105.22,0.41,81.0,0.43,58.45,0.44,125.5,0.57,74.0,0.56,115.5,0.6,64.49,0.61,28.0,0.01,0.03,2332.775011,1776188799000
1776188801.274,101.274,0.42,105.22,0.41,81.0,0.43,58.45,0.44,125.5,0.57,58.45,0.56,125.5,0.58,105.22,0.59,81.0,0.01,0.01,2332.776686,1776188800000
1776188801.675,101.675,0.42,18.55,0.41,101.5,0.43,88.95,0.44,610.5,0.57,58.45,0.56,125.5,0.58,105.22,0.59,81.0,0.01,0.01,2332.776686,1776188800000
1776188802.518,102.518,0.38,114.38,0.37,134.5,0.43,759.95,0.44,154.5,0.57,88.95,0.56,610.5,0.58,18.55,0.59,101.5,0.05,0.01,2332.776686,1776188800000
1776188803.13,103.13,0.38,68.58,0.37,129.5,0.39,50.0,0.4,25.5,0.61,50.0,0.6,25.5,0.62,68.58,0.63,129.5,0.01,0.01,2333.09031,1776188802000
1776188804.53,104.53,0.38,68.58,0.37,129.5,0.39,50.0,0.4,25.5,0.61,50.0,0.6,25.5,0.62,68.58,0.63,129.5,0.01,0.01,2332.930681,1776188803000
1776188805.267,105.267,0.37,150.0,0.36,150.0,0.38,597.86,0.39,100.5,0.61,50.0,0.6,25.5,0.62,68.58,0.63,129.5,0.01,0.01,2332.930681,1776188803000
1776188805.546,105.546,0.37,150.0,0.36,150.0,0.38,597.86,0.39,100.5,0.62,597.86,0.61,100.5,0.63,150.0,0.64,150.0,0.01,0.01,2332.697687,1776188804000
1776188806.007,106.007,0.37,150.0,0.36,150.0,0.38,597.86,0.39,100.5,0.62,597.86,0.61,100.5,0.63,150.0,0.64,150.0,0.01,0.01,2332.697687,1776188805000
1776188807.622,107.622,0.37,150.0,0.36,150.0,0.38,597.86,0.39,100.5,0.62,597.86,0.61,100.5,0.63,150.0,0.64,150.0,0.01,0.01,2332.573273,1776188806000
1776188808.206,108.206,0.36,10.0,0.35,190.5,0.38,817.86,0.39,196.5,0.62,817.86,0.61,196.5,0.64,10.0,0.65,190.5,0.02,0.02,2332.61622,1776188807000
1776188809.396,109.396,0.36,10.0,0.35,190.5,0.38,817.86,0.39,196.5,0.62,817.86,0.61,196.5,0.64,10.0,0.65,190.5,0.02,0.02,2332.548911,1776188808000
1776188810.024,110.024,0.36,10.0,0.35,190.5,0.38,817.86,0.39,196.5,0.62,817.86,0.61,196.5,0.64,10.0,0.65,190.5,0.02,0.02,2332.519299,1776188809000
1776188811.024,111.024,0.36,10.0,0.35,190.5,0.38,817.86,0.39,196.5,0.62,817.86,0.61,196.5,0.64,10.0,0.65,190.5,0.02,0.02,2332.503197,1776188810000
1776188812.146,112.146,0.36,10.0,0.35,190.5,0.38,817.86,0.39,196.5,0.62,817.86,0.61,196.5,0.64,10.0,0.65,190.5,0.02,0.02,2332.55801,1776188811000
1776188813.268,113.268,0.36,10.0,0.35,190.5,0.38,817.86,0.39,196.5,0.62,817.86,0.61,196.5,0.64,10.0,0.65,190.5,0.02,0.02,2332.571707,1776188812000
1776188814.254,114.254,0.36,10.0,0.35,190.5,0.38,817.86,0.39,196.5,0.62,817.86,0.61,196.5,0.64,10.0,0.65,190.5,0.02,0.02,2332.580816,1776188813000
1776188815.451,115.451,0.36,10.0,0.35,190.5,0.38,817.86,0.39,196.5,0.62,817.86,0.61,196.5,0.64,10.0,0.65,190.5,0.02,0.02,2332.593255,1776188814000
1776188815.991,115.991,0.36,10.0,0.35,190.5,0.38,817.86,0.39,196.5,0.62,817.86,0.61,196.5,0.64,10.0,0.65,190.5,0.02,0.02,2332.593255,1776188815000
1776188816.473,116.473,0.35,0.16,0.34,210.0,0.36,869.5,0.37,235.5,0.62,817.86,0.61,196.5,0.64,10.0,0.65,190.5,0.01,0.02,2332.593255,1776188815000
1776188816.775,116.775,0.34,35.0,0.33,95.0,0.36,899.5,0.37,160.5,0.64,869.5,0.63,235.5,0.65,0.16,0.66,210.0,0.02,0.01,2332.593255,1776188815000
1776188817.138,117.138,0.34,35.0,0.33,95.0,0.36,899.5,0.37,160.5,0.64,899.5,0.63,160.5,0.66,35.0,0.67,95.0,0.02,0.02,2332.561912,1776188816000
1776188817.338,117.338,0.32,75.15,0.31,145.0,0.33,5.0,0.34,15.0,0.64,899.5,0.63,160.5,0.66,35.0,0.67,95.0,0.01,0.02,2332.561912,1776188816000
1776188817.663,117.663,0.32,69.15,0.31,480.0,0.34,6.61,0.35,60.0,0.67,6.51,0.66,10.0,0.68,69.15,0.69,480.0,0.02,0.01,2332.561912,1776188816000
1776188818.044,118.044,0.33,73.5,0.32,51.0,0.34,6.51,0.35,15.0,0.66,6.51,0.65,60.0,0.68,69.15,0.69,480.0,0.01,0.02,2332.561912,1776188816000
1776188818.38,118.38,0.33,75.5,0.32,51.0,0.34,6.51,0.35,15.0,0.66,6.51,0.65,15.0,0.67,75.5,0.68,51.0,0.01,0.01,2332.473569,1776188817000
1776188818.615,118.615,0.33,123.5,0.32,101.0,0.34,6.51,0.35,15.0,0.66,6.51,0.65,15.0,0.67,75.5,0.68,51.0,0.01,0.01,2332.473569,1776188817000
1776188819.067,119.067,0.33,123.5,0.32,101.0,0.34,6.51,0.35,15.0,0.66,6.51,0.65,15.0,0.67,123.5,0.68,101.0,0.01,0.01,2332.303481,1776188818000
1776188819.285,119.285,0.33,64.37,0.32,116.5,0.34,6.51,0.35,15.0,0.66,6.51,0.65,15.0,0.67,123.5,0.68,101.0,0.01,0.01,2332.303481,1776188818000
1776188819.673,119.673,0.33,49.44,0.32,116.5,0.34,31.51,0.35,70.0,0.66,6.51,0.65,15.0,0.67,64.37,0.68,116.5,0.01,0.01,2332.303481,1776188818000
1776188820.452,120.452,0.33,49.44,0.32,116.5,0.34,31.51,0.35,70.0,0.66,31.51,0.65,70.0,0.67,49.44,0.68,116.5,0.01,0.01,2332.389185,1776188819000
1776188821.008,121.008,0.33,638.44,0.32,112.5,0.35,15.0,0.36,42.0,0.66,31.51,0.65,70.0,0.67,49.44,0.68,116.5,0.02,0.01,2332.389185,1776188819000
1776188822.243,122.243,0.34,79.5,0.33,575.5,0.35,16.51,0.36,42.0,0.65,16.51,0.64,42.0,0.66,79.5,0.67,575.5,0.01,0.01,2332.390494,1776188821000
1776188823.295,123.295,0.34,24.0,0.33,9.0,0.35,736.01,0.36,141.5,0.65,16.51,0.64,42.0,0.66,79.5,0.67,575.5,0.01,0.01,2332.390494,1776188821000
1776188823.83,123.83,0.29,102.5,0.28,317.0,0.31,122.61,0.32,68.5,0.65,789.01,0.64,271.5,0.69,33.0,0.7,85.5,0.02,0.04,2332.424468,1776188822000
1776188824.34,124.34,0.28,375.5,0.27,170.0,0.3,770.0,0.31,175.5,0.69,122.61,0.68,68.5,0.71,102.5,0.72,317.0,0.02,0.02,2332.424468,1776188823000
1776188825.095,125.095,0.28,375.5,0.27,170.0,0.3,770.0,0.31,175.5,0.7,770.0,0.69,175.5,0.72,375.5,0.73,170.0,0.02,0.02,2332.340864,1776188824000
1776188825.409,125.409,0.27,120.5,0.26,198.0,0.29,773.5,0.3,217.5,0.7,770.0,0.69,175.5,0.72,375.5,0.73,170.0,0.02,0.02,2332.340864,1776188824000
1776188825.884,125.884,0.27,158.5,0.26,168.5,0.28,70.91,0.29,30.0,0.71,773.5,0.7,217.5,0.73,120.5,0.74,198.0,0.01,0.02,2332.340864,1776188824000
1776188826.192,126.192,0.27,102.14,0.26,178.5,0.3,10.0,0.31,160.0,0.7,10.0,0.69,160.0,0.73,102.14,0.74,178.5,0.03,0.03,2332.123953,1776188825000
1776188826.509,126.509,0.3,36.57,0.29,85.5,0.31,20.0,0.32,70.0,0.69,10.0,0.68,70.0,0.7,22.0,0.71,117.11,0.01,0.01,2332.123953,1776188825000
1776188826.883,126.883,0.29,11.91,0.28,550.5,0.31,5.12,0.32,75.0,0.69,10.12,0.68,70.0,0.7,36.57,0.71,85.5,0.02,0.01,2332.123953,1776188825000
1776188827.295,127.295,0.28,68.52,0.27,537.14,0.29,45.0,0.3,70.0,0.69,5.12,0.68,75.0,0.71,11.91,0.72,550.5,0.01,0.02,2332.123953,1776188825000
1776188828.003,128.003,0.28,1.52,0.27,552.64,0.29,120.0,0.3,70.0,0.71,40.0,0.7,70.0,0.72,65.15,0.73,542.14,0.01,0.01,2331.95153,1776188826000
1776188828.403,128.403,0.28,1.52,0.27,552.64,0.29,97.75,0.3,70.0,0.71,97.75,0.7,70.0,0.72,1.52,0.73,552.64,0.01,0.01,2332.07046,1776188827000
1776188828.957,128.957,0.28,1.52,0.27,552.64,0.29,97.75,0.3,70.0,0.71,97.75,0.7,70.0,0.72,1.52,0.73,552.64,0.01,0.01,2332.126846,1776188828000
1776188829.32,129.32,0.28,13.97,0.27,77.0,0.29,120.0,0.3,75.0,0.71,97.75,0.7,70.0,0.72,1.52,0.73,552.64,0.01,0.01,2332.126846,1776188828000
1776188829.604,129.604,0.27,60.43,0.26,161.5,0.29,180.0,0.3,75.0,0.71,120.0,0.7,75.0,0.72,13.97,0.73,77.0,0.02,0.01,2332.126846,1776188828000
1776188830.057,130.057,0.27,60.43,0.26,161.5,0.29,180.0,0.3,75.0,0.71,180.0,0.7,75.0,0.73,60.43,0.74,161.5,0.02,0.02,2332.125278,1776188829000
1776188830.548,130.548,0.27,523.1,0.26,190.2,0.28,66.0,0.29,95.0,0.71,180.0,0.7,75.0,0.73,60.43,0.74,161.5,0.01,0.02,2332.125278,1776188829000
1776188830.949,130.949,0.27,754.4,0.26,230.2,0.3,10.0,0.32,10.0,0.72,66.0,0.71,95.0,0.73,523.1,0.74,190.2,0.03,0.01,2332.125278,1776188829000
1776188831.256,131.256,0.31,14.5,0.3,100.5,0.32,10.0,0.33,60.0,0.68,10.0,0.67,50.0,0.73,754.4,0.74,230.2,0.01,0.05,2332.118045,1776188830000
1776188831.469,131.469,0.31,537.05,0.3,101.0,0.32,20.0,0.33,65.0,0.68,10.0,0.67,60.0,0.69,14.5,0.7,100.5,0.01,0.01,2332.118045,1776188830000
1776188831.923,131.923,0.31,597.05,0.3,156.0,0.33,61.05,0.34,135.8,0.67,61.05,0.66,120.3,0.69,542.05,0.7,101.0,0.02,0.02,2332.118045,1776188830000
1776188832.163,132.163,0.32,524.64,0.31,117.05,0.33,76.05,0.34,125.3,0.67,66.05,0.66,135.8,0.68,1.91,0.69,602.05,0.01,0.01,2332.118045,1776188830000
1776188833.317,133.317,0.32,524.64,0.31,117.05,0.33,76.05,0.34,125.3,0.67,76.05,0.66,125.3,0.68,524.64,0.69,117.05,0.01,0.01,2332.550083,1776188832000
1776188834.945,134.945,0.32,524.64,0.31,117.05,0.33,76.05,0.34,125.3,0.67,76.05,0.66,125.3,0.68,524.64,0.69,117.05,0.01,0.01,2332.546806,1776188833000
1776188835.454,135.454,0.32,524.64,0.31,117.05,0.33,76.05,0.34,125.3,0.67,76.05,0.66,125.3,0.68,524.64,0.69,117.05,0.01,0.01,2332.518613,1776188834000
1776188836.078,136.078,0.32,10.0,0.31,79.0,0.33,136.05,0.34,135.8,0.67,76.05,0.66,125.3,0.68,524.64,0.69,117.05,0.01,0.01,2332.518613,1776188834000
1776188836.652,136.652,0.32,64.35,0.31,575.8,0.33,110.0,0.34,125.3,0.67,136.05,0.66,135.8,0.68,10.0,0.69,79.0,0.01,0.01,2332.499557,1776188835000
1776188837.119,137.119,0.32,64.35,0.31,575.8,0.33,110.0,0.34,125.3,0.67,110.0,0.66,125.3,0.68,64.35,0.69,575.8,0.01,0.01,2332.476206,1776188836000
1776188837.568,137.568,0.3,22.1,0.29,87.5,0.33,714.5,0.34,125.3,0.67,110.0,0.66,125.3,0.68,64.35,0.69,575.8,0.03,0.01,2332.476206,1776188836000
1776188838.057,138.057,0.3,49.74,0.29,598.5,0.33,25.0,0.34,120.3,0.67,714.5,0.66,125.3,0.7,22.1,0.71,87.5,0.03,0.03,2332.476206,1776188836000
1776188838.715,138.715,0.31,131.8,0.3,168.74,0.33,19.84,0.34,85.3,0.67,15.0,0.66,71.77,0.7,49.74,0.71,598.5,0.02,0.03,2332.476414,1776188837000
1776188839.465,139.465,0.31,131.8,0.3,168.74,0.33,19.84,0.34,85.3,0.67,19.84,0.66,85.3,0.69,131.8,0.7,168.74,0.02,0.02,2332.504655,1776188838000
1776188839.96,139.96,0.32,505.0,0.31,116.8,0.33,34.2,0.34,55.0,0.67,19.84,0.66,85.3,0.69,131.8,0.7,168.74,0.01,0.02,2332.504655,1776188838000
1776188841.211,141.211,0.32,505.0,0.31,116.8,0.33,34.2,0.34,55.0,0.67,34.2,0.66,55.0,0.68,505.0,0.69,116.8,0.01,0.01,2332.538836,1776188840000
1776188842.3,142.3,0.32,505.0,0.31,116.8,0.33,34.2,0.34,55.0,0.67,34.2,0.66,55.0,0.68,505.0,0.69,116.8,0.01,0.01,2332.603305,1776188841000
1776188843.469,143.469,0.32,505.0,0.31,116.8,0.33,34.2,0.34,55.0,0.67,34.2,0.66,55.0,0.68,505.0,0.69,116.8,0.01,0.01,2332.652648,1776188842000
1776188844.035,144.035,0.32,505.0,0.31,116.8,0.33,34.2,0.34,55.0,0.67,34.2,0.66,55.0,0.68,505.0,0.69,116.8,0.01,0.01,2332.65084,1776188843000
1776188844.642,144.642,0.32,667.5,0.31,282.3,0.34,45.0,0.35,40.0,0.67,34.2,0.66,55.0,0.68,505.0,0.69,116.8,0.02,0.01,2332.65084,1776188843000
1776188845.149,145.149,0.32,667.5,0.31,282.3,0.34,45.0,0.35,40.0,0.66,45.0,0.65,40.0,0.68,667.5,0.69,282.3,0.02,0.02,2332.597109,1776188844000
1776188845.851,145.851,0.33,658.3,0.32,163.0,0.34,5.0,0.35,40.0,0.66,45.0,0.65,40.0,0.68,667.5,0.69,282.3,0.01,0.02,2332.597109,1776188844000
1776188846.265,146.265,0.33,658.3,0.32,163.0,0.34,5.0,0.35,40.0,0.66,5.0,0.65,40.0,0.67,658.3,0.68,163.0,0.01,0.01,2332.673779,1776188845000
1776188846.557,146.557,0.34,142.48,0.33,631.3,0.35,45.0,0.36,110.0,0.66,5.0,0.65,40.0,0.67,658.3,0.68,163.0,0.01,0.01,2332.673779,1776188845000
1776188847.362,147.362,0.34,142.48,0.33,631.3,0.35,45.0,0.36,110.0,0.65,45.0,0.64,110.0,0.66,142.48,0.67,631.3,0.01,0.01,2332.767862,1776188846000
1776188847.673,147.673,0.35,10.0,0.34,629.0,0.36,69.19,0.37,30.0,0.65,45.0,0.64,110.0,0.66,142.48,0.67,631.3,0.01,0.01,2332.767862,1776188846000
1776188847.925,147.925,0.35,249.3,0.34,633.64,0.36,2.49,0.39,30.0,0.64,8.05,0.63,10.0,0.65,10.0,0.66,616.0,0.01,0.01,2332.767862,1776188846000
1776188848.263,148.263,0.43,483.07,0.42,10.0,0.44,105.0,0.45,84.0,0.56,155.0,0.55,100.0,0.57,48.51,0.62,10.0,0.01,0.01,2332.82831,1776188847000
1776188849.203,149.203,0.44,555.0,0.43,58.51,0.45,24.0,0.46,25.0,0.55,30.0,0.54,125.0,0.56,10.0,0.57,483.07,0.01,0.01,2332.82831,1776188847000
1776188849.598,149.598,0.44,570.0,0.43,58.51,0.46,25.0,0.47,30.0,0.54,25.0,0.53,30.0,0.56,570.0,0.57,58.51,0.02,0.02,2332.90934,1776188848000
1776188849.924,149.924,0.45,10.9,0.44,231.0,0.46,35.0,0.47,30.0,0.54,25.0,0.53,30.0,0.56,570.0,0.57,58.51,0.01,0.02,2332.90934,1776188848000
1776188850.194,150.194,0.45,10.9,0.44,231.0,0.46,35.0,0.47,30.0,0.54,35.0,0.53,30.0,0.55,10.9,0.56,231.0,0.01,0.01,2333.319912,1776188849000
1776188850.439,150.439,0.44,568.0,0.43,48.51,0.45,10.5,0.46,20.5,0.55,10.0,0.54,10.0,0.56,568.0,0.57,48.51,0.01,0.01,2333.319912,1776188849000
1776188850.855,150.855,0.44,90.0,0.43,48.51,0.45,8.83,0.46,20.5,0.55,10.5,0.54,20.5,0.56,568.0,0.57,48.51,0.01,0.01,2333.319912,1776188849000
1776188851.267,151.267,0.44,90.0,0.43,48.51,0.45,8.83,0.46,20.5,0.55,8.83,0.54,20.5,0.56,90.0,0.57,48.51,0.01,0.01,2333.54838,1776188850000
1776188851.515,151.515,0.43,5.31,0.42,17.0,0.45,751.83,0.46,75.5,0.55,52.83,0.54,77.5,0.56,6.8,0.57,48.51,0.02,0.01,2333.54838,1776188850000
1776188852.043,152.043,0.39,21.11,0.37,5.0,0.4,650.0,0.41,73.0,0.6,10.0,0.59,60.0,0.61,16.2,0.63,5.0,0.01,0.01,2333.54838,1776188850000
1776188852.335,152.335,0.35,5.0,0.34,66.0,0.4,704.0,0.41,67.0,0.6,650.0,0.59,73.0,0.61,21.11,0.63,5.0,0.05,0.01,2333.551624,1776188851000
1776188853.057,153.057,0.35,11.37,0.33,75.0,0.36,139.0,0.37,22.0,0.6,704.0,0.59,67.0,0.65,5.0,0.66,66.0,0.01,0.05,2333.551624,1776188851000
1776188853.306,153.306,0.35,0.01,0.33,75.0,0.36,139.0,0.37,22.0,0.64,139.0,0.63,22.0,0.65,0.01,0.67,75.0,0.01,0.01,2333.304325,1776188852000
1776188853.869,153.869,0.33,78.5,0.32,530.0,0.34,18.0,0.35,10.0,0.64,139.0,0.63,22.0,0.65,0.01,0.67,75.0,0.01,0.01,2333.304325,1776188852000
1776188854.273,154.273,0.33,78.5,0.32,530.0,0.34,18.0,0.35,10.0,0.66,18.0,0.65,10.0,0.67,78.5,0.68,530.0,0.01,0.01,2332.902778,1776188853000
1776188854.647,154.647,0.33,15.0,0.32,50.0,0.34,87.35,0.35,20.5,0.66,18.0,0.65,10.0,0.67,78.5,0.68,530.0,0.01,0.01,2332.902778,1776188853000
1776188854.911,154.911,0.31,70.0,0.3,65.0,0.34,47.82,0.35,20.5,0.66,32.82,0.65,20.5,0.67,10.0,0.69,70.0,0.03,0.01,2332.902778,1776188853000
1776188855.318,155.318,0.31,70.0,0.3,65.0,0.34,47.82,0.35,20.5,0.66,47.82,0.65,20.5,0.69,70.0,0.7,65.0,0.03,0.03,2332.718145,1776188854000
1776188856.322,156.322,0.31,41.3,0.3,545.0,0.32,82.0,0.33,30.5,0.68,82.0,0.67,30.5,0.69,41.3,0.7,545.0,0.01,0.01,2332.670548,1776188855000
1776188856.909,156.909,0.31,41.3,0.3,545.0,0.32,82.0,0.33,30.5,0.68,82.0,0.67,30.5,0.69,41.3,0.7,545.0,0.01,0.01,2332.670548,1776188856000
1776188857.642,157.642,0.31,45.1,0.3,581.0,0.32,83.0,0.33,20.0,0.68,82.0,0.67,30.5,0.69,41.3,0.7,545.0,0.01,0.01,2332.670548,1776188856000
1776188857.966,157.966,0.31,45.1,0.3,581.0,0.32,83.0,0.33,20.0,0.68,83.0,0.67,20.0,0.69,45.1,0.7,581.0,0.01,0.01,2332.661958,1776188857000
1776188860.128,160.128,0.31,45.1,0.3,581.0,0.32,83.0,0.33,20.0,0.68,83.0,0.67,20.0,0.69,45.1,0.7,581.0,0.01,0.01,2332.667613,1776188859000
1776188861.174,161.174,0.31,45.1,0.3,581.0,0.32,83.0,0.33,20.0,0.68,83.0,0.67,20.0,0.69,45.1,0.7,581.0,0.01,0.01,2332.664495,1776188860000
1776188862.154,162.154,0.31,45.1,0.3,581.0,0.32,83.0,0.33,20.0,0.68,83.0,0.67,20.0,0.69,45.1,0.7,581.0,0.01,0.01,2332.66509,1776188861000
1776188862.611,162.611,0.31,51.0,0.3,113.0,0.32,65.0,0.33,30.5,0.68,83.0,0.67,20.0,0.69,45.1,0.7,581.0,0.01,0.01,2332.66509,1776188861000
1776188862.968,162.968,0.31,51.0,0.3,113.0,0.32,65.0,0.33,30.5,0.68,65.0,0.67,30.5,0.69,51.0,0.7,113.0,0.01,0.01,2332.580426,1776188862000
1776188863.458,163.458,0.31,40.0,0.3,97.0,0.32,60.0,0.33,30.5,0.68,65.0,0.67,30.5,0.69,51.0,0.7,113.0,0.01,0.01,2332.580426,1776188862000
1776188864.061,164.061,0.31,40.0,0.3,97.0,0.32,60.0,0.33,30.5,0.68,60.0,0.67,30.5,0.69,40.0,0.7,97.0,0.01,0.01,2332.56946,1776188863000
1776188865.055,165.055,0.31,40.0,0.3,97.0,0.32,60.0,0.33,30.5,0.68,60.0,0.67,30.5,0.69,40.0,0.7,97.0,0.01,0.01,2332.584382,1776188864000
1776188865.286,165.286,0.31,40.0,0.3,97.0,0.32,59.98,0.33,30.5,0.68,60.0,0.67,30.5,0.69,40.0,0.7,97.0,0.01,0.01,2332.584382,1776188864000
1776188865.73,165.73,0.31,707.5,0.3,277.5,0.34,10.0,0.36,10.0,0.68,59.98,0.67,30.5,0.69,40.0,0.7,97.0,0.03,0.01,2332.584382,1776188864000
1776188866.131,166.131,0.31,707.5,0.3,277.5,0.34,10.0,0.36,10.0,0.66,10.0,0.64,10.0,0.69,707.5,0.7,277.5,0.03,0.03,2332.583004,1776188865000
1776188866.364,166.364,0.35,617.5,0.34,79.64,0.4,85.0,0.41,65.0,0.66,10.0,0.64,10.0,0.69,707.5,0.7,277.5,0.05,0.03,2332.583004,1776188865000
1776188867.056,167.056,0.39,3.36,0.38,22.0,0.4,105.5,0.41,65.0,0.6,105.5,0.59,65.0,0.61,3.36,0.62,22.0,0.01,0.01,2332.656655,1776188866000
1776188867.394,167.394,0.39,531.72,0.38,179.0,0.4,125.5,0.41,70.0,0.6,105.5,0.59,65.0,0.61,3.36,0.62,22.0,0.01,0.01,2332.656655,1776188866000
1776188868.184,168.184,0.39,531.72,0.38,179.0,0.4,125.5,0.41,70.0,0.6,125.5,0.59,70.0,0.61,531.72,0.62,179.0,0.01,0.01,2332.940218,1776188867000
1776188869.221,169.221,0.39,531.72,0.38,179.0,0.4,125.5,0.41,70.0,0.6,125.5,0.59,70.0,0.61,531.72,0.62,179.0,0.01,0.01,2333.083176,1776188868000
1776188870.271,170.271,0.39,531.72,0.38,179.0,0.4,125.5,0.41,70.0,0.6,125.5,0.59,70.0,0.61,531.72,0.62,179.0,0.01,0.01,2333.061613,1776188869000
1776188871.276,171.276,0.39,531.72,0.38,179.0,0.4,125.5,0.41,70.0,0.6,125.5,0.59,70.0,0.61,531.72,0.62,179.0,0.01,0.01,2333.061428,1776188870000
1776188872.33,172.33,0.39,531.72,0.38,179.0,0.4,125.5,0.41,70.0,0.6,125.5,0.59,70.0,0.61,531.72,0.62,179.0,0.01,0.01,2333.05474,1776188871000
1776188873.407,173.407,0.39,531.72,0.38,179.0,0.4,125.5,0.41,70.0,0.6,125.5,0.59,70.0,0.61,531.72,0.62,179.0,0.01,0.01,2333.053033,1776188872000
1776188873.959,173.959,0.39,531.72,0.38,179.0,0.4,125.5,0.41,70.0,0.6,125.5,0.59,70.0,0.61,531.72,0.62,179.0,0.01,0.01,2333.051298,1776188873000
1776188874.981,174.981,0.39,531.72,0.38,179.0,0.4,125.5,0.41,70.0,0.6,125.5,0.59,70.0,0.61,531.72,0.62,179.0,0.01,0.01,2333.063857,1776188874000
1776188875.407,175.407,0.39,18.45,0.38,12.0,0.4,320.5,0.41,115.0,0.6,125.5,0.59,70.0,0.61,531.72,0.62,179.0,0.01,0.01,2333.063857,1776188874000
1776188876.826,176.826,0.37,10.0,0.35,132.0,0.4,320.5,0.41,115.0,0.6,320.5,0.59,115.0,0.63,10.0,0.65,132.0,0.03,0.03,2333.095006,1776188875000
1776188877.452,177.452,0.37,10.0,0.35,132.0,0.4,320.5,0.41,115.0,0.6,320.5,0.59,115.0,0.63,10.0,0.65,132.0,0.03,0.03,2333.02916,1776188876000
1776188877.913,177.913,0.34,27.0,0.33,182.0,0.35,146.0,0.36,79.5,0.6,320.5,0.59,115.0,0.63,10.0,0.65,132.0,0.01,0.03,2333.02916,1776188876000
1776188878.934,178.934,0.33,10.0,0.31,170.0,0.35,864.5,0.36,209.5,0.65,191.0,0.64,144.5,0.66,25.48,0.67,182.0,0.02,0.01,2332.988173,1776188877000
1776188880.153,180.153,0.31,170.0,0.3,170.0,0.34,10.0,0.35,864.5,0.66,10.0,0.65,864.5,0.69,170.0,0.7,170.0,0.03,0.03,2332.782782,1776188879000
1776188881.508,181.508,0.31,170.0,0.3,170.0,0.34,10.0,0.35,864.5,0.66,10.0,0.65,864.5,0.69,170.0,0.7,170.0,0.03,0.03,2332.719454,1776188880000
1776188882.163,182.163,0.31,175.0,0.3,60.0,0.32,665.37,0.33,75.5,0.68,665.37,0.67,75.5,0.69,175.0,0.7,60.0,0.01,0.01,2332.715763,1776188881000
1776188883.352,183.352,0.31,175.0,0.3,60.0,0.32,665.37,0.33,75.5,0.68,665.37,0.67,75.5,0.69,175.0,0.7,60.0,0.01,0.01,2332.706003,1776188882000
1776188883.735,183.735,0.3,147.0,0.29,129.0,0.32,384.02,0.33,76.5,0.68,665.37,0.67,75.5,0.69,175.0,0.7,60.0,0.02,0.01,2332.706003,1776188882000
1776188884.437,184.437,0.3,147.0,0.29,129.0,0.32,384.02,0.33,76.5,0.68,384.02,0.67,76.5,0.7,147.0,0.71,129.0,0.02,0.02,2332.704028,1776188883000
1776188884.969,184.969,0.3,223.0,0.29,674.5,0.32,35.0,0.33,31.5,0.68,35.0,0.67,31.5,0.7,223.0,0.71,674.5,0.02,0.02,2332.663884,1776188884000
1776188886.338,186.338,0.3,657.0,0.29,199.5,0.31,0.62,0.32,25.0,0.69,0.62,0.68,25.0,0.7,657.0,0.71,199.5,0.01,0.01,2332.698611,1776188885000
1776188887.104,187.104,0.3,657.0,0.29,199.5,0.31,0.62,0.32,25.0,0.69,0.62,0.68,25.0,0.7,657.0,0.71,199.5,0.01,0.01,2332.737284,1776188886000
1776188887.536,187.536,0.3,759.5,0.29,204.5,0.32,10.0,0.33,20.0,0.69,0.62,0.68,25.0,0.7,657.0,0.71,199.5,0.02,0.01,2332.737284,1776188886000
1776188887.8,187.8,0.3,773.6,0.29,219.5,0.32,10.0,0.33,20.0,0.68,10.0,0.67,20.0,0.7,759.5,0.71,204.5,0.02,0.02,2332.737284,1776188886000
1776188888.289,188.289,0.3,773.6,0.29,219.5,0.32,10.0,0.33,20.0,0.68,10.0,0.67,20.0,0.7,773.6,0.71,219.5,0.02,0.02,2332.767926,1776188887000
1776188888.834,188.834,0.31,709.5,0.3,152.5,0.32,2.78,0.33,10.0,0.68,10.0,0.67,20.0,0.7,773.6,0.71,219.5,0.01,0.02,2332.767926,1776188887000
1776188889.138,189.138,0.34,25.5,0.33,541.64,0.37,20.0,0.38,34.53,0.65,15.0,0.64,10.0,0.69,777.5,0.7,147.5,0.03,0.04,2332.779946,1776188888000
1776188889.485,189.485,0.36,10.0,0.35,25.5,0.38,13.58,0.39,20.5,0.63,20.0,0.62,34.53,0.66,25.5,0.67,541.64,0.02,0.03,2332.779946,1776188888000
1776188889.823,189.823,0.36,99.0,0.35,80.5,0.39,8.93,0.4,160.0,0.62,13.58,0.61,20.5,0.64,10.0,0.65,25.5,0.03,0.02,2332.779946,1776188888000
1776188890.09,190.09,0.36,109.5,0.35,80.5,0.38,20.5,0.39,8.93,0.62,20.5,0.61,8.93,0.64,109.5,0.65,80.5,0.02,0.02,2332.78447,1776188889000
1776188890.411,190.411,0.38,706.0,0.37,93.0,0.4,145.0,0.42,75.0,0.62,20.5,0.61,8.93,0.64,109.5,0.65,80.5,0.02,0.02,2332.78447,1776188889000
1776188891.062,191.062,0.4,15.0,0.39,170.5,0.41,5.5,0.42,85.5,0.6,145.0,0.58,75.0,0.62,706.0,0.63,93.0,0.01,0.02,2332.78447,1776188889000
1776188892.294,192.294,0.4,15.0,0.39,170.5,0.41,5.5,0.42,85.5,0.59,5.5,0.58,85.5,0.6,15.0,0.61,170.5,0.01,0.01,2333.11858,1776188891000
1776188893.361,193.361,0.4,15.0,0.39,170.5,0.41,5.5,0.42,85.5,0.59,5.5,0.58,85.5,0.6,15.0,0.61,170.5,0.01,0.01,2333.296001,1776188892000
1776188893.772,193.772,0.41,122.0,0.4,85.0,0.43,167.0,0.44,75.0,0.59,5.5,0.58,85.5,0.6,15.0,0.61,170.5,0.02,0.01,2333.296001,1776188892000
1776188894.901,194.901,0.41,122.0,0.4,85.0,0.43,167.0,0.44,75.0,0.57,167.0,0.56,75.0,0.59,122.0,0.6,85.0,0.02,0.02,2333.35649,1776188894000
1776188895.441,195.441,0.46,15.0,0.45,90.0,0.47,62.72,0.48,70.0,0.57,167.0,0.56,75.0,0.59,122.0,0.6,85.0,0.01,0.02,2333.35649,1776188894000
1776188895.697,195.697,0.48,4.42,0.47,10.0,0.49,19.61,0.5,70.0,0.52,10.0,0.51,99.61,0.54,75.0,0.55,80.0,0.01,0.02,2333.35649,1776188894000
1776188895.946,195.946,0.48,4.42,0.47,10.0,0.49,7.24,0.5,70.0,0.51,7.24,0.5,70.0,0.52,4.42,0.53,10.0,0.01,0.01,2333.545524,1776188895000
1776188897.028,197.028,0.48,494.42,0.47,20.0,0.51,123.21,0.52,70.0,0.49,123.21,0.48,70.0,0.52,494.42,0.53,20.0,0.03,0.03,2333.63482,1776188896000
1776188897.232,197.232,0.5,496.0,0.49,15.0,0.51,200.71,0.52,70.0,0.49,123.21,0.48,70.0,0.52,494.42,0.53,20.0,0.01,0.03,2333.63482,1776188896000
1776188898.021,198.021,0.5,496.0,0.49,15.0,0.51,200.71,0.52,70.0,0.49,200.71,0.48,70.0,0.5,496.0,0.51,15.0,0.01,0.01,2333.765721,1776188897000
1776188898.954,198.954,0.5,496.0,0.49,15.0,0.51,200.71,0.52,70.0,0.49,200.71,0.48,70.0,0.5,496.0,0.51,15.0,0.01,0.01,2333.759531,1776188898000
1776188899.765,199.765,0.5,516.0,0.49,20.0,0.52,162.0,0.53,60.0,0.49,200.71,0.48,70.0,0.5,496.0,0.51,15.0,0.02,0.01,2333.759531,1776188898000
1776188899.997,199.997,0.5,516.0,0.49,20.0,0.52,162.0,0.53,60.0,0.48,162.0,0.47,60.0,0.5,516.0,0.51,20.0,0.02,0.02,2333.831915,1776188899000
1776188900.717,200.717,0.5,22.52,0.49,10.0,0.52,227.0,0.53,70.0,0.48,162.0,0.47,60.0,0.5,516.0,0.51,20.0,0.02,0.02,2333.831915,1776188899000
1776188901.006,201.006,0.5,7.52,0.49,10.0,0.52,134.0,0.53,50.0,0.48,134.0,0.47,50.0,0.5,7.52,0.51,10.0,0.02,0.02,2333.791334,1776188900000
1776188901.952,201.952,0.5,7.52,0.49,10.0,0.52,134.0,0.53,50.0,0.48,134.0,0.47,50.0,0.5,7.52,0.51,10.0,0.02,0.02,2333.787389,1776188901000
1776188902.236,202.236,0.51,10.0,0.5,17.52,0.52,62.38,0.53,50.0,0.48,134.0,0.47,50.0,0.5,7.52,0.51,10.0,0.01,0.02,2333.787389,1776188901000
1776188902.751,202.751,0.51,23.0,0.5,17.52,0.52,78.0,0.53,50.0,0.48,62.38,0.47,50.0,0.49,10.0,0.5,17.52,0.01,0.01,2333.787389,1776188901000
1776188903.086,203.086,0.5,0.46,0.49,10.0,0.52,88.0,0.53,60.0,0.48,88.0,0.47,60.0,0.5,0.46,0.51,10.0,0.02,0.02,2333.795934,1776188902000
1776188904.064,204.064,0.5,0.46,0.49,20.0,0.53,50.0,0.54,115.0,0.47,50.0,0.46,115.0,0.5,0.46,0.51,20.0,0.03,0.03,2333.812413,1776188903000
1776188904.577,204.577,0.52,49.89,0.5,10.5,0.53,40.5,0.54,35.0,0.47,50.0,0.46,115.0,0.5,0.46,0.51,20.0,0.01,0.03,2333.812413,1776188903000
1776188904.792,204.792,0.53,0.49,0.52,50.0,0.55,573.0,0.56,80.0,0.46,25.0,0.45,563.0,0.48,31.0,0.49,10.0,0.02,0.02,2333.812413,1776188903000
1776188905.09,205.09,0.52,10.0,0.51,5.0,0.55,93.0,0.56,80.0,0.45,573.0,0.44,80.0,0.47,0.49,0.48,50.0,0.03,0.02,2333.812413,1776188903000
1776188905.543,205.543,0.46,14.5,0.41,15.0,0.49,42.0,0.5,520.0,0.47,27.0,0.46,86.0,0.51,3.68,0.52,80.0,0.03,0.04,2333.812413,1776188903000
1776188905.893,205.893,0.41,555.0,0.4,70.0,0.42,6.04,0.43,6.0,0.51,42.0,0.5,520.0,0.54,14.5,0.59,15.0,0.01,0.03,2333.743945,1776188904000
1776188906.115,206.115,0.46,10.0,0.45,10.0,0.47,65.18,0.48,6.0,0.53,77.5,0.52,6.0,0.59,837.0,0.6,83.0,0.01,0.06,2333.743945,1776188904000
1776188907.246,207.246,0.51,10.0,0.5,10.0,0.52,30.07,0.53,15.0,0.48,30.07,0.47,15.0,0.49,10.0,0.5,10.0,0.01,0.01,2333.763633,1776188906000
1776188907.721,207.721,0.51,735.5,0.5,30.5,0.52,9.07,0.54,20.0,0.48,30.07,0.47,15.0,0.49,10.0,0.5,10.0,0.01,0.01,2333.763633,1776188906000
1776188908.303,208.303,0.56,60.0,0.55,10.0,0.57,49.25,0.58,75.0,0.43,49.25,0.42,75.0,0.44,60.0,0.45,10.0,0.01,0.01,2333.840597,1776188907000
1776188908.567,208.567,0.56,723.0,0.55,90.5,0.57,10.26,0.59,184.0,0.43,49.25,0.42,75.0,0.44,60.0,0.45,10.0,0.01,0.01,2333.840597,1776188907000
1776188908.876,208.876,0.58,559.0,0.57,85.0,0.59,45.16,0.6,280.0,0.41,184.0,0.4,230.0,0.44,723.0,0.45,90.5,0.01,0.03,2333.840597,1776188907000
1776188909.228,209.228,0.58,755.0,0.57,25.0,0.59,9.54,0.6,210.0,0.41,45.16,0.4,280.0,0.42,558.88,0.43,85.0,0.01,0.01,2333.840597,1776188907000
1776188909.546,209.546,0.62,80.0,0.61,96.0,0.64,5.0,0.67,50.0,0.37,4.9,0.36,5.0,0.38,10.0,0.39,103.0,0.02,0.01,2334.048294,1776188908000
1776188909.752,209.752,0.63,616.0,0.62,145.0,0.64,6.87,0.67,50.0,0.36,5.0,0.33,50.0,0.38,80.0,0.39,96.0,0.01,0.02,2334.048294,1776188908000
1776188910.253,210.253,0.68,10.0,0.67,10.0,0.69,62.53,0.7,120.0,0.31,54.25,0.3,120.0,0.33,10.0,0.34,10.0,0.01,0.02,2334.171124,1776188909000
1776188910.712,210.712,0.68,10.0,0.67,10.0,0.69,56.47,0.7,131.0,0.31,62.53,0.3,120.0,0.32,10.0,0.33,10.0,0.01,0.01,2334.171124,1776188909000
1776188910.978,210.978,0.68,10.0,0.67,10.0,0.69,5.83,0.7,131.0,0.31,44.33,0.3,131.0,0.32,10.0,0.33,10.0,0.01,0.01,2334.171124,1776188909000
1776188911.414,211.414,0.68,504.0,0.67,25.0,0.69,21.33,0.7,50.0,0.31,15.83,0.3,131.0,0.32,14.0,0.33,15.0,0.01,0.01,2334.356682,1776188910000
1776188911.762,211.762,0.68,534.0,0.67,25.0,0.69,10.5,0.7,75.0,0.3,50.0,0.29,61.0,0.32,527.0,0.33,25.0,0.01,0.02,2334.356682,1776188910000
1776188912.023,212.023,0.68,544.0,0.67,35.0,0.69,5.45,0.7,75.0,0.31,5.45,0.3,75.0,0.32,544.0,0.33,35.0,0.01,0.01,2334.562098,1776188911000
1776188912.398,212.398,0.7,14.0,0.69,528.0,0.71,55.45,0.72,50.0,0.3,30.0,0.29,116.45,0.31,19.0,0.32,30.0,0.01,0.01,2334.562098,1776188911000
1776188912.844,212.844,0.71,18.34,0.7,518.0,0.73,130.45,0.74,61.0,0.29,55.45,0.28,50.0,0.3,14.0,0.31,528.0,0.02,0.01,2334.562098,1776188911000
1776188913.159,213.159,0.72,5.0,0.71,18.34,0.73,115.4,0.74,61.0,0.27,115.4,0.26,61.0,0.28,5.0,0.29,18.34,0.01,0.01,2334.589451,1776188912000
1776188914.156,214.156,0.72,5.0,0.71,18.34,0.73,115.4,0.74,61.0,0.27,115.4,0.26,61.0,0.28,5.0,0.29,18.34,0.01,0.01,2334.6795,1776188913000
1776188914.48,214.48,0.77,34.0,0.76,24.0,0.78,29.61,0.79,188.46,0.27,115.4,0.26,61.0,0.28,5.0,0.29,18.34,0.01,0.01,2334.6795,1776188913000
1776188915.074,215.074,0.78,24.0,0.77,29.0,0.8,95.46,0.81,76.0,0.22,29.61,0.21,188.46,0.23,34.0,0.24,24.0,0.02,0.01,2334.6795,1776188913000
1776188915.451,215.451,0.79,18.0,0.78,24.0,0.8,83.05,0.81,66.0,0.2,95.55,0.19,66.0,0.21,23.0,0.22,24.0,0.01,0.01,2334.769636,1776188914000
1776188915.906,215.906,0.79,18.0,0.78,24.0,0.8,100.55,0.81,66.0,0.2,83.05,0.19,66.0,0.21,18.0,0.22,24.0,0.01,0.01,2334.769636,1776188914000
1776188916.162,216.162,0.79,18.0,0.78,24.0,0.8,100.55,0.81,66.0,0.2,100.55,0.19,66.0,0.21,18.0,0.22,24.0,0.01,0.01,2335.013051,1776188915000
1776188917.329,217.329,0.79,18.0,0.78,24.0,0.8,100.55,0.81,66.0,0.2,100.55,0.19,66.0,0.21,18.0,0.22,24.0,0.01,0.01,2335.137037,1776188916000
1776188917.829,217.829,0.79,154.0,0.78,574.0,0.82,60.0,0.83,60.5,0.2,100.55,0.19,66.0,0.21,18.0,0.22,24.0,0.03,0.01,2335.137037,1776188916000
1776188918.395,218.395,0.8,0.85,0.79,119.0,0.82,81.0,0.83,60.5,0.18,81.0,0.17,60.5,0.2,0.85,0.21,119.0,0.02,0.02,2335.170197,1776188917000
1776188918.761,218.761,0.81,147.0,0.8,570.85,0.84,75.0,0.85,115.0,0.18,81.0,0.17,60.5,0.2,0.85,0.21,119.0,0.03,0.02,2335.170197,1776188917000
1776188919.076,219.076,0.83,23.0,0.82,23.0,0.85,88.43,0.86,545.0,0.16,15.35,0.15,606.0,0.17,18.0,0.18,23.0,0.02,0.01,2335.170197,1776188917000
1776188919.493,219.493,0.84,18.0,0.83,23.0,0.85,12.82,0.86,94.0,0.15,88.43,0.14,545.0,0.17,23.0,0.18,23.0,0.01,0.02,2335.170197,1776188917000
1776188919.707,219.707,0.84,18.0,0.83,23.0,0.85,12.82,0.86,94.0,0.15,12.82,0.14,94.0,0.16,18.0,0.17,23.0,0.01,0.01,2335.319585,1776188918000
1776188920.053,220.053,0.84,23.0,0.83,23.0,0.85,6.63,0.86,574.0,0.15,12.82,0.14,94.0,0.16,18.0,0.17,23.0,0.01,0.01,2335.319585,1776188918000
1776188920.4,220.4,0.84,23.0,0.83,23.0,0.85,6.63,0.86,574.0,0.15,6.63,0.14,574.0,0.16,23.0,0.17,23.0,0.01,0.01,2335.386651,1776188919000
1776188920.615,220.615,0.85,15.0,0.84,18.0,0.86,573.18,0.87,163.8,0.15,6.63,0.14,574.0,0.16,23.0,0.17,23.0,0.01,0.01,2335.386651,1776188919000
1776188920.889,220.889,0.85,15.0,0.84,18.0,0.86,548.31,0.87,163.8,0.14,573.18,0.13,163.8,0.15,15.0,0.16,18.0,0.01,0.01,2335.386651,1776188919000
1776188921.344,221.344,0.85,15.0,0.84,18.0,0.86,548.31,0.87,163.8,0.14,548.31,0.13,163.8,0.15,15.0,0.16,18.0,0.01,0.01,2335.47134,1776188920000
1776188922.061,222.061,0.85,157.0,0.84,78.0,0.86,1.79,0.87,56.0,0.14,548.31,0.13,163.8,0.15,15.0,0.16,18.0,0.01,0.01,2335.47134,1776188920000
1776188922.508,222.508,0.81,15.0,0.8,50.0,0.86,632.0,0.87,104.0,0.14,1.79,0.13,56.0,0.15,157.0,0.16,78.0,0.05,0.01,2335.47134,1776188920000
1776188922.726,222.726,0.8,105.8,0.79,65.0,0.82,30.0,0.83,25.0,0.14,632.0,0.13,104.0,0.19,15.0,0.2,50.0,0.02,0.05,2335.443621,1776188921000
1776188922.971,222.971,0.8,222.8,0.79,85.5,0.81,10.0,0.82,16.0,0.18,24.69,0.17,10.0,0.2,222.8,0.21,70.0,0.01,0.02,2335.443621,1776188921000
1776188923.286,223.286,0.8,222.8,0.79,85.5,0.84,52.0,0.85,580.46,0.16,52.0,0.15,580.46,0.2,222.8,0.21,85.5,0.04,0.04,2335.44458,1776188922000
1776188923.49,223.49,0.83,10.0,0.82,46.1,0.84,8.8,0.85,116.46,0.15,606.46,0.14,70.0,0.18,40.0,0.19,15.0,0.01,0.03,2335.44458,1776188922000
1776188923.763,223.763,0.83,80.0,0.82,215.1,0.85,419.93,0.86,62.0,0.16,14.65,0.15,605.46,0.17,85.0,0.18,215.1,0.02,0.01,2335.44458,1776188922000
1776188924.093,224.093,0.84,15.0,0.83,192.0,0.85,428.07,0.86,90.0,0.15,420.19,0.14,90.0,0.16,15.0,0.17,192.0,0.01,0.01,2335.44458,1776188922000
1776188924.595,224.595,0.84,15.0,0.83,192.0,0.85,428.07,0.86,90.0,0.15,428.07,0.14,90.0,0.16,15.0,0.17,192.0,0.01,0.01,2335.558916,1776188923000
1776188925.303,225.303,0.85,784.0,0.84,90.5,0.86,26.11,0.87,10.0,0.15,10.47,0.14,62.0,0.16,226.0,0.17,560.0,0.01,0.01,2335.558916,1776188923000
1776188925.677,225.677,0.85,790.5,0.84,105.5,0.86,26.11,0.9,230.7,0.14,26.11,0.13,10.0,0.15,784.0,0.16,90.5,0.01,0.01,2335.441937,1776188924000
1776188926.453,226.453,0.88,50.0,0.87,50.0,0.9,75.7,0.91,656.0,0.1,230.7,0.09,72.0,0.15,785.5,0.16,105.5,0.02,0.05,2335.441937,1776188924000
1776188927.198,227.198,0.86,80.0,0.85,182.0,0.88,641.05,0.89,40.0,0.1,75.7,0.09,656.0,0.12,50.0,0.13,50.0,0.02,0.02,2335.519355,1776188925000
1776188927.473,227.473,0.86,80.0,0.85,182.0,0.88,641.05,0.89,40.0,0.12,641.05,0.11,40.0,0.14,80.0,0.15,182.0,0.02,0.02,2335.680277,1776188926000
1776188928.202,228.202,0.86,80.0,0.85,182.0,0.88,641.05,0.89,40.0,0.12,641.05,0.11,40.0,0.14,80.0,0.15,182.0,0.02,0.02,2335.822254,1776188927000
1776188928.527,228.527,0.85,60.0,0.84,80.0,0.87,644.0,0.88,59.0,0.12,641.05,0.11,40.0,0.14,80.0,0.15,182.0,0.02,0.02,2335.822254,1776188927000
1776188928.777,228.777,0.85,59.95,0.84,70.0,0.86,18.83,0.87,607.0,0.14,18.83,0.13,639.0,0.15,60.0,0.16,80.0,0.01,0.01,2335.822254,1776188927000
1776188929.677,229.677,0.85,59.95,0.84,70.0,0.86,16.73,0.87,607.0,0.14,16.73,0.13,607.0,0.15,59.95,0.16,70.0,0.01,0.01,2335.754922,1776188928000
1776188930.393,230.393,0.85,95.0,0.84,182.0,0.87,570.15,0.88,10.0,0.14,16.73,0.13,607.0,0.15,59.95,0.16,70.0,0.02,0.01,2335.754922,1776188928000
1776188931.103,231.103,0.85,95.0,0.84,182.0,0.87,570.15,0.88,10.0,0.13,570.15,0.12,10.0,0.15,95.0,0.16,182.0,0.02,0.02,2335.6029,1776188930000
1776188931.541,231.541,0.75,85.0,0.73,42.0,0.8,630.41,0.81,135.0,0.14,671.12,0.13,72.0,0.18,20.0,0.19,20.0,0.05,0.04,2335.6029,1776188930000
1776188931.745,231.745,0.71,114.0,0.7,110.5,0.74,20.0,0.75,30.0,0.24,4.73,0.23,10.0,0.25,60.0,0.27,42.0,0.03,0.01,2335.6029,1776188930000
1776188932.018,232.018,0.69,55.01,0.68,110.0,0.71,20.0,0.72,39.02,0.28,9.02,0.27,20.0,0.29,105.71,0.3,105.0,0.02,0.01,2335.6029,1776188930000
1776188932.39,232.39,0.69,35.5,0.68,232.0,0.7,20.24,0.71,45.0,0.29,20.0,0.28,39.02,0.31,55.01,0.32,110.0,0.01,0.02,2335.6029,1776188930000
1776188932.724,232.724,0.69,702.5,0.68,125.0,0.7,5.0,0.71,44.0,0.3,2.34,0.29,45.0,0.31,157.5,0.32,115.0,0.01,0.01,2335.6029,1776188930000
1776188933.358,233.358,0.7,680.44,0.69,90.5,0.71,4.92,0.73,10.0,0.29,41.19,0.28,4.02,0.3,28.44,0.31,692.5,0.01,0.01,2335.588726,1776188931000
1776188933.838,233.838,0.7,680.44,0.69,90.5,0.71,4.92,0.73,10.0,0.29,4.92,0.27,10.0,0.3,680.44,0.31,90.5,0.01,0.01,2335.26735,1776188932000
1776188934.046,234.046,0.71,575.5,0.7,200.44,0.72,7.15,0.74,20.0,0.28,9.93,0.26,20.0,0.29,575.5,0.3,200.44,0.01,0.01,2335.26735,1776188932000
1776188934.266,234.266,0.71,692.5,0.7,83.44,0.72,9.37,0.74,20.0,0.28,7.15,0.26,20.0,0.29,575.5,0.3,200.44,0.01,0.01,2335.26735,1776188932000
1776188934.711,234.711,0.71,692.5,0.7,83.44,0.72,9.37,0.74,20.0,0.28,9.37,0.26,20.0,0.29,692.5,0.3,83.44,0.01,0.01,2334.719861,1776188933000
1776188935.417,235.417,0.71,595.5,0.7,190.44,0.72,4.67,0.74,20.0,0.28,4.67,0.26,20.0,0.29,595.5,0.3,190.44,0.01,0.01,2334.734816,1776188934000
1776188936.021,236.021,0.71,595.5,0.7,190.44,0.72,4.67,0.74,20.0,0.28,4.67,0.26,20.0,0.29,595.5,0.3,190.44,0.01,0.01,2334.820196,1776188935000
1776188937.083,237.083,0.73,41.79,0.72,555.5,0.74,20.0,0.75,10.0,0.28,4.67,0.26,20.0,0.29,595.5,0.3,190.44,0.01,0.01,2334.820196,1776188935000
1776188937.732,237.732,0.73,41.79,0.72,555.5,0.74,20.0,0.75,10.0,0.26,20.0,0.25,10.0,0.27,41.79,0.28,555.5,0.01,0.01,2334.7691,1776188936000
1776188938.851,238.851,0.73,41.79,0.72,555.5,0.74,20.0,0.75,10.0,0.26,20.0,0.25,10.0,0.27,41.79,0.28,555.5,0.01,0.01,2334.82443,1776188937000
1776188939.166,239.166,0.73,80.5,0.72,672.5,0.74,1.89,0.75,11.0,0.24,517.0,0.23,130.0,0.27,60.0,0.28,505.5,0.01,0.03,2334.82443,1776188937000
1776188939.377,239.377,0.73,80.5,0.72,672.5,0.74,1.89,0.75,11.0,0.26,1.89,0.25,11.0,0.27,80.5,0.28,672.5,0.01,0.01,2334.798692,1776188938000
1776188940.026,240.026,0.73,743.5,0.72,80.5,0.77,60.0,0.79,80.0,0.26,1.89,0.25,11.0,0.27,80.5,0.28,672.5,0.04,0.01,2334.798692,1776188938000
1776188940.359,240.359,0.76,17.79,0.75,10.0,0.77,60.0,0.79,80.0,0.23,60.0,0.21,80.0,0.24,17.79,0.25,10.0,0.01,0.01,2334.798312,1776188939000
1776188940.8,240.8,0.77,15.0,0.76,37.79,0.78,117.0,0.79,620.0,0.23,60.0,0.21,80.0,0.24,17.79,0.25,10.0,0.01,0.01,2334.798312,1776188939000
1776188941.351,241.351,0.77,15.0,0.76,37.79,0.78,119.43,0.79,620.0,0.22,119.43,0.21,620.0,0.23,15.0,0.24,37.79,0.01,0.01,2334.791386,1776188940000
1776188941.561,241.561,0.77,19.34,0.76,42.79,0.78,119.43,0.79,620.0,0.22,119.43,0.21,620.0,0.23,15.0,0.24,37.79,0.01,0.01,2334.791386,1776188940000
1776188942.185,242.185,0.76,60.0,0.75,15.0,0.78,653.14,0.79,150.0,0.22,119.43,0.21,620.0,0.23,19.34,0.24,42.79,0.02,0.01,2334.791386,1776188940000
1776188942.831,242.831,0.76,60.0,0.75,15.0,0.78,653.14,0.79,150.0,0.22,653.14,0.21,150.0,0.24,60.0,0.25,15.0,0.02,0.02,2334.828073,1776188942000
1776188943.12,243.12,0.79,738.0,0.78,70.0,0.8,30.75,0.81,10.0,0.22,653.14,0.21,150.0,0.24,60.0,0.25,15.0,0.01,0.02,2334.828073,1776188942000
1776188943.438,243.438,0.83,142.0,0.82,22.0,0.86,60.29,0.88,179.1,0.16,0.33,0.15,70.0,0.2,41.0,0.21,585.0,0.03,0.04,2334.828073,1776188942000
1776188943.926,243.926,0.84,5.0,0.83,64.0,0.86,70.29,0.87,15.0,0.14,70.29,0.13,15.0,0.16,5.0,0.17,64.0,0.02,0.02,2334.828148,1776188943000
1776188944.349,244.349,0.84,15.0,0.83,142.0,0.86,28.0,0.87,622.0,0.14,70.29,0.13,15.0,0.16,5.0,0.17,64.0,0.02,0.02,2334.828148,1776188943000
1776188944.946,244.946,0.85,20.0,0.84,10.0,0.86,687.21,0.87,75.0,0.14,28.0,0.13,622.0,0.16,15.0,0.17,142.0,0.01,0.02,2334.828148,1776188943000
1776188945.482,245.482,0.84,5.0,0.83,10.0,0.86,607.76,0.87,89.0,0.14,597.76,0.13,75.0,0.15,20.0,0.16,10.0,0.02,0.01,2334.902328,1776188944000
1776188945.865,245.865,0.82,21.64,0.81,127.0,0.85,495.0,0.86,189.21,0.15,13.82,0.14,602.76,0.17,15.0,0.18,23.0,0.03,0.02,2334.902328,1776188944000
1776188946.14,246.14,0.84,20.0,0.83,10.0,0.85,542.52,0.86,199.21,0.15,495.0,0.14,189.21,0.18,21.64,0.19,127.0,0.01,0.03,2335.176818,1776188945000
1776188946.763,246.763,0.84,20.0,0.83,15.0,0.85,529.8,0.86,189.21,0.15,542.52,0.14,199.21,0.16,20.0,0.17,10.0,0.01,0.01,2335.176818,1776188945000
1776188947.99,247.99,0.84,20.0,0.83,15.0,0.85,529.8,0.86,189.21,0.15,529.8,0.14,189.21,0.16,20.0,0.17,15.0,0.01,0.01,2335.172452,1776188947000
1776188948.848,248.848,0.87,792.0,0.86,104.0,0.88,41.0,0.89,20.0,0.15,529.8,0.14,189.21,0.16,20.0,0.17,15.0,0.01,0.01,2335.172452,1776188947000
1776188949.1,249.1,0.87,787.0,0.86,109.0,0.88,44.0,0.89,20.0,0.12,41.0,0.11,20.0,0.13,792.0,0.14,104.0,0.01,0.01,2335.153917,1776188948000
1776188949.353,249.353,0.87,787.0,0.86,104.0,0.88,32.86,0.89,36.0,0.12,39.17,0.11,20.0,0.13,792.0,0.14,104.0,0.01,0.01,2335.153917,1776188948000
1776188949.705,249.705,0.87,135.0,0.86,171.0,0.88,51.72,0.89,36.0,0.12,32.86,0.11,36.0,0.13,787.0,0.14,104.0,0.01,0.01,2335.153917,1776188948000
1776188949.957,249.957,0.87,510.0,0.86,197.0,0.88,53.13,0.89,36.0,0.12,55.41,0.11,36.0,0.13,35.0,0.14,157.0,0.01,0.01,2335.153917,1776188948000
1776188950.726,250.726,0.87,725.0,0.86,140.0,0.89,26.0,0.9,146.0,0.12,42.44,0.11,36.0,0.13,515.0,0.14,197.0,0.02,0.01,2335.250928,1776188949000
1776188951.133,251.133,0.88,534.66,0.87,342.0,0.9,146.0,0.91,301.0,0.11,26.0,0.1,146.0,0.13,725.0,0.14,140.0,0.02,0.02,2335.250928,1776188949000
1776188951.393,251.393,0.89,619.74,0.88,41.66,0.9,256.98,0.91,205.0,0.1,144.98,0.09,301.0,0.11,13.0,0.12,521.66,0.01,0.01,2335.309792,1776188950000
1776188951.697,251.697,0.9,29.0,0.89,285.0,0.91,162.0,0.92,105.0,0.1,256.98,0.09,205.0,0.11,619.74,0.12,41.66,0.01,0.01,2335.309792,1776188950000
1776188952.103,252.103,0.9,34.0,0.89,290.0,0.91,152.0,0.92,105.0,0.09,152.0,0.08,105.0,0.1,34.0,0.11,290.0,0.01,0.01,2335.3038,1776188951000
1776188952.341,252.341,0.87,71.31,0.86,122.9,0.89,10.0,0.9,135.88,0.1,135.88,0.09,78.22,0.12,10.0,0.13,10.0,0.02,0.02,2335.3038,1776188951000
1776188952.758,252.758,0.88,12.0,0.87,187.0,0.89,5.0,0.9,114.88,0.11,10.0,0.1,135.88,0.13,71.31,0.14,122.9,0.01,0.02,2335.3038,1776188951000
1776188952.992,252.992,0.87,409.16,0.86,594.9,0.9,114.88,0.91,36.22,0.11,5.0,0.1,114.88,0.12,12.0,0.13,187.0,0.03,0.01,2335.3038,1776188951000
1776188953.403,253.403,0.88,65.0,0.87,424.16,0.89,5.0,0.9,10.0,0.11,5.0,0.1,10.0,0.12,65.0,0.13,424.16,0.01,0.01,2335.384,1776188952000
1776188954.0,254.0,0.88,65.0,0.87,424.16,0.89,5.0,0.9,10.0,0.11,5.0,0.1,10.0,0.12,65.0,0.13,424.16,0.01,0.01,2335.47799,1776188953000
1776188954.429,254.429,0.88,43.0,0.87,500.0,0.89,3.0,0.9,127.0,0.11,5.0,0.1,10.0,0.12,65.0,0.13,424.16,0.01,0.01,2335.47799,1776188953000
1776188954.643,254.643,0.88,48.0,0.87,510.0,0.9,118.24,0.91,553.22,0.11,3.0,0.1,127.0,0.12,43.0,0.13,500.0,0.02,0.01,2335.47799,1776188953000
1776188955.01,255.01,0.88,45.0,0.87,510.0,0.89,8.84,0.9,141.24,0.11,13.87,0.1,118.24,0.12,48.0,0.13,510.0,0.01,0.01,2335.47799,1776188953000
1776188955.274,255.274,0.88,38.83,0.87,508.0,0.9,141.24,0.91,503.22,0.11,1.64,0.1,141.24,0.12,40.0,0.13,500.0,0.02,0.01,2335.417,1776188954000
1776188955.979,255.979,0.88,533.83,0.87,176.8,0.9,104.35,0.91,517.22,0.1,139.01,0.09,558.22,0.12,38.83,0.13,539.8,0.02,0.02,2335.417,1776188954000
1776188956.42,256.42,0.88,48.83,0.87,25.0,0.89,10.0,0.9,657.35,0.1,104.35,0.09,517.22,0.12,533.83,0.13,176.8,0.01,0.02,2335.510816,1776188955000
1776188956.73,256.73,0.88,41.33,0.87,25.0,0.89,375.85,0.9,177.35,0.11,13.21,0.1,657.35,0.12,36.33,0.13,25.0,0.01,0.01,2335.510816,1776188955000
1776188956.934,256.934,0.88,36.33,0.87,25.0,0.89,369.96,0.9,172.35,0.11,374.85,0.1,172.35,0.12,36.33,0.13,25.0,0.01,0.01,2335.510816,1776188955000
1776188957.357,257.357,0.88,36.33,0.87,25.0,0.89,369.96,0.9,172.35,0.11,369.96,0.1,172.35,0.12,36.33,0.13,25.0,0.01,0.01,2335.537525,1776188956000
1776188957.931,257.931,0.88,36.33,0.87,25.0,0.89,369.96,0.9,172.35,0.11,369.96,0.1,172.35,0.12,36.33,0.13,25.0,0.01,0.01,2335.537525,1776188957000
1776188958.196,258.196,0.88,36.33,0.87,15.0,0.89,671.95,0.9,135.0,0.11,369.96,0.1,172.35,0.12,36.33,0.13,25.0,0.01,0.01,2335.537525,1776188957000
1776188958.983,258.983,0.87,10.0,0.86,30.0,0.89,646.66,0.9,175.0,0.11,646.66,0.1,175.0,0.13,10.0,0.14,30.0,0.02,0.02,2335.401823,1776188958000
1776188959.283,259.283,0.84,31.88,0.83,85.0,0.87,17.0,0.88,667.0,0.12,687.0,0.11,60.0,0.15,15.88,0.16,127.0,0.03,0.03,2335.401823,1776188958000
1776188960.065,260.065,0.84,31.88,0.83,85.0,0.87,17.0,0.88,667.0,0.13,17.0,0.12,667.0,0.16,31.88,0.17,85.0,0.03,0.03,2335.388314,1776188959000
1776188961.184,261.184,0.84,31.88,0.83,85.0,0.87,17.0,0.88,667.0,0.13,17.0,0.12,667.0,0.16,31.88,0.17,85.0,0.03,0.03,2335.247881,1776188960000
1776188961.441,261.441,0.87,750.0,0.86,256.05,0.9,70.0,0.91,119.0,0.12,18.79,0.11,10.0,0.13,682.0,0.14,201.05,0.03,0.01,2335.247881,1776188960000
1776188962.456,262.456,0.87,750.0,0.86,256.05,0.9,70.0,0.91,119.0,0.1,70.0,0.09,119.0,0.13,750.0,0.14,256.05,0.03,0.03,2335.349525,1776188961000
1776188962.952,262.952,0.88,15.0,0.87,30.0,0.89,5.0,0.9,234.1,0.11,5.0,0.1,234.1,0.12,15.0,0.13,30.0,0.01,0.01,2335.370243,1776188962000
1776188963.798,263.798,0.89,127.33,0.88,25.0,0.9,688.74,0.91,62.0,0.11,3.87,0.1,234.1,0.12,30.0,0.13,146.95,0.01,0.01,2335.370243,1776188962000
1776188964.182,264.182,0.89,127.33,0.88,25.0,0.9,688.74,0.91,62.0,0.1,688.74,0.09,62.0,0.11,127.33,0.12,25.0,0.01,0.01,2335.333851,1776188963000
1776188964.548,264.548,0.87,5.0,0.85,10.0,0.89,70.0,0.9,95.1,0.1,688.74,0.09,62.0,0.11,127.33,0.12,25.0,0.02,0.01,2335.333851,1776188963000
1776188964.87,264.87,0.89,91.0,0.88,18.0,0.91,2.28,0.92,199.0,0.14,30.0,0.13,38.46,0.15,9.9,0.16,6.49,0.02,0.01,2335.333851,1776188963000
1776188965.144,265.144,0.89,60.0,0.88,10.0,0.91,24.87,0.92,179.0,0.09,2.28,0.08,199.0,0.11,91.0,0.12,18.0,0.02,0.02,2335.333851,1776188963000
1776188965.354,265.354,0.9,67.03,0.89,110.0,0.92,119.0,0.93,112.09,0.08,119.0,0.07,40.09,0.1,93.53,0.11,95.0,0.02,0.02,2335.333851,1776188963000
1776188965.634,265.634,0.91,166.0,0.9,62.03,0.92,93.23,0.93,30.09,0.08,97.47,0.07,40.09,0.09,54.0,0.1,62.03,0.01,0.01,2335.331463,1776188964000
1776188965.839,265.839,0.91,184.0,0.9,61.03,0.92,105.85,0.93,30.09,0.08,93.23,0.07,30.09,0.09,166.0,0.1,62.03,0.01,0.01,2335.331463,1776188964000
1776188966.246,266.246,0.91,184.0,0.9,61.03,0.92,73.68,0.93,30.09,0.08,74.79,0.07,30.09,0.09,184.0,0.1,61.03,0.01,0.01,2335.330898,1776188965000
1776188966.513,266.513,0.91,184.0,0.9,61.03,0.92,55.19,0.93,30.09,0.08,65.41,0.07,30.09,0.09,189.0,0.1,61.03,0.01,0.01,2335.330898,1776188965000
1776188967.043,267.043,0.91,410.72,0.9,51.03,0.92,49.69,0.93,30.09,0.08,55.19,0.07,30.09,0.09,184.0,0.1,61.03,0.01,0.01,2335.330898,1776188965000
1776188967.406,267.406,0.91,466.72,0.9,51.03,0.92,3.89,0.93,5.09,0.08,49.69,0.07,30.09,0.09,410.72,0.1,51.03,0.01,0.01,2335.330898,1776188965000
1776188967.66,267.66,0.91,466.72,0.9,51.03,0.95,385.19,0.96,194.0,0.05,385.19,0.04,194.0,0.09,466.72,0.1,51.03,0.04,0.04,2335.513218,1776188966000
1776188967.897,267.897,0.94,43.0,0.93,203.54,0.95,268.19,0.96,180.0,0.05,268.19,0.04,180.0,0.08,212.0,0.09,255.0,0.01,0.03,2335.513218,1776188966000
1776188968.102,268.102,0.94,102.0,0.93,253.54,0.95,229.92,0.96,180.0,0.05,244.18,0.04,180.0,0.06,52.0,0.07,253.54,0.01,0.01,2335.513218,1776188966000
1776188968.316,268.316,0.94,107.0,0.93,253.54,0.95,238.96,0.96,180.0,0.05,238.96,0.04,180.0,0.06,107.0,0.07,253.54,0.01,0.01,2335.737728,1776188967000
1776188968.548,268.548,0.94,102.0,0.93,253.54,0.95,223.17,0.96,180.0,0.05,238.96,0.04,180.0,0.06,107.0,0.07,253.54,0.01,0.01,2335.737728,1776188967000
1776188968.839,268.839,0.94,261.45,0.93,65.0,0.95,142.97,0.96,180.0,0.05,137.97,0.04,180.0,0.06,107.0,0.07,253.54,0.01,0.01,2335.737728,1776188967000
1776188969.35,269.35,0.94,241.45,0.93,182.0,0.95,83.97,0.96,297.0,0.05,142.97,0.04,180.0,0.06,260.78,0.07,65.0,0.01,0.01,2335.737728,1776188967000
1776188969.59,269.59,0.94,246.45,0.93,182.0,0.95,8.77,0.96,297.0,0.05,83.97,0.04,297.0,0.06,241.45,0.07,182.0,0.01,0.01,2335.783979,1776188968000
1776188969.975,269.975,0.94,271.45,0.93,182.0,0.95,3.77,0.96,297.0,0.05,8.77,0.04,297.0,0.06,246.45,0.07,182.0,0.01,0.01,2335.783979,1776188968000
1776188970.369,270.369,0.94,261.45,0.93,182.0,0.96,240.31,0.97,86.0,0.05,3.77,0.04,297.0,0.06,271.45,0.07,182.0,0.02,0.01,2336.078145,1776188969000
1776188970.706,270.706,0.95,34.0,0.94,55.0,0.96,259.79,0.97,86.0,0.04,240.31,0.03,86.0,0.06,261.45,0.07,182.0,0.01,0.02,2336.078145,1776188969000
1776188970.967,270.967,0.94,40.0,0.93,33.0,0.96,268.37,0.97,86.0,0.04,243.37,0.03,86.0,0.05,5.0,0.06,40.0,0.02,0.01,2336.078145,1776188969000
1776188971.197,271.197,0.94,40.0,0.93,33.0,0.96,323.37,0.97,191.0,0.04,268.37,0.03,86.0,0.06,40.0,0.07,33.0,0.02,0.02,2336.078145,1776188969000
1776188971.428,271.428,0.94,25.0,0.93,33.0,0.96,219.12,0.97,186.0,0.04,265.37,0.03,186.0,0.06,40.0,0.07,33.0,0.02,0.02,2336.208622,1776188970000
1776188972.006,272.006,0.94,15.0,0.92,10.0,0.95,5.0,0.96,219.12,0.05,5.0,0.04,219.12,0.06,15.0,0.08,10.0,0.01,0.01,2336.209572,1776188971000
1776188972.218,272.218,0.96,47.08,0.95,45.58,0.97,253.35,0.98,261.84,0.03,273.35,0.02,261.84,0.04,37.08,0.05,55.58,0.01,0.01,2336.209572,1776188971000
1776188972.423,272.423,0.96,52.08,0.95,45.58,0.97,245.31,0.98,445.54,0.03,246.35,0.02,445.54,0.04,57.08,0.05,45.58,0.01,0.01,2336.209572,1776188971000
1776188972.625,272.625,0.96,43.81,0.95,45.58,0.97,217.97,0.98,445.54,0.03,278.97,0.02,445.54,0.04,43.81,0.05,45.58,0.01,0.01,2336.209572,1776188971000
1776188972.932,272.932,0.96,58.81,0.95,50.58,0.97,159.62,0.98,445.54,0.03,212.81,0.02,445.54,0.04,43.81,0.05,50.58,0.01,0.01,2336.209572,1776188971000
1776188973.136,273.136,0.96,15.81,0.95,50.58,0.98,257.59,0.99,2366.68,0.03,193.62,0.02,445.54,0.04,20.81,0.05,50.58,0.02,0.01,2336.209572,1776188971000
1776188973.458,273.458,0.96,10.81,0.95,55.58,0.97,101.75,0.98,308.09,0.03,101.75,0.02,308.09,0.04,10.81,0.05,55.58,0.01,0.01,2335.869449,1776188972000
1776188973.858,273.858,0.96,10.81,0.95,40.58,0.97,86.28,0.98,308.09,0.03,101.75,0.02,308.09,0.04,10.81,0.05,55.58,0.01,0.01,2335.869449,1776188972000
1776188974.851,274.851,0.96,15.69,0.95,178.58,0.97,10.0,0.98,425.09,0.03,86.28,0.02,308.09,0.04,10.81,0.05,40.58,0.01,0.01,2335.869414,1776188973000
1776188975.169,275.169,0.96,20.66,0.95,178.58,0.97,10.0,0.98,241.39,0.03,10.0,0.02,425.09,0.04,15.69,0.05,178.58,0.01,0.01,2335.869414,1776188973000
1776188975.4,275.4,0.96,20.66,0.95,178.58,0.97,10.0,0.98,241.39,0.03,10.0,0.02,241.39,0.04,20.66,0.05,178.58,0.01,0.01,2335.961402,1776188974000
1776188975.793,275.793,0.96,10.0,0.95,30.58,0.98,236.91,0.99,2004.08,0.03,4.94,0.02,241.39,0.04,15.0,0.05,46.58,0.02,0.01,2335.961402,1776188974000
1776188976.119,276.119,0.96,10.0,0.95,30.58,0.98,236.91,0.99,2004.08,0.02,236.91,0.01,2004.08,0.04,10.0,0.05,30.58,0.02,0.02,2336.012323,1776188975000
1776188976.629,276.629,0.9,126.88,0.89,139.0,0.97,10.0,0.98,336.91,0.02,236.91,0.01,2004.08,0.04,10.0,0.05,30.58,0.07,0.02,2336.012323,1776188975000
1776188976.847,276.847,0.93,15.0,0.92,10.0,0.94,8.4,0.95,10.0,0.03,10.0,0.02,336.91,0.1,126.88,0.11,139.0,0.01,0.07,2336.012323,1776188975000
1776188977.407,277.407,0.93,20.0,0.92,10.0,0.96,120.12,0.97,20.0,0.04,120.12,0.03,20.0,0.07,20.0,0.08,10.0,0.03,0.03,2335.920439,1776188976000
1776188977.845,277.845,0.94,174.77,0.93,147.0,0.95,4.0,0.96,10.0,0.04,120.12,0.03,20.0,0.07,20.0,0.08,10.0,0.01,0.03,2335.920439,1776188976000
1776188978.085,278.085,0.94,199.77,0.93,147.0,0.96,4.37,0.97,143.0,0.04,4.37,0.03,143.0,0.06,199.77,0.07,147.0,0.02,0.02,2335.882137,1776188977000
1776188979.265,279.265,0.95,342.03,0.94,40.0,0.98,180.78,0.99,1809.08,0.04,4.37,0.03,143.0,0.06,199.77,0.07,147.0,0.03,0.02,2335.882137,1776188977000
1776188979.554,279.554,0.95,342.03,0.94,40.0,0.98,180.78,0.99,1809.08,0.02,180.78,0.01,1809.08,0.05,342.03,0.06,40.0,0.03,0.03,2335.755949,1776188978000
1776188980.152,280.152,0.95,342.03,0.94,40.0,0.98,180.78,0.99,1809.08,0.02,180.78,0.01,1809.08,0.05,342.03,0.06,40.0,0.03,0.03,2335.738539,1776188979000
1776188980.772,280.772,0.96,38.0,0.95,147.0,0.99,1526.81,,,0.01,1676.81,,,0.04,184.73,0.05,147.0,0.03,0.03,2335.738539,1776188979000
1776188981.069,281.069,0.97,179.92,0.96,43.0,0.99,1112.75,,,0.01,1617.81,,,0.03,179.92,0.04,43.0,0.02,0.02,2335.738539,1776188979000
1776188981.335,281.335,0.97,180.11,0.96,150.0,0.99,829.75,,,0.01,1112.75,,,0.03,179.92,0.04,43.0,0.02,0.02,2335.738539,1776188979000
1776188981.944,281.944,0.97,180.11,0.96,150.0,0.99,887.21,,,0.01,902.37,,,0.03,180.11,0.04,150.0,0.02,0.02,2335.822945,1776188980000
1776188982.148,282.148,0.97,180.11,0.96,150.0,0.99,882.16,,,0.01,882.16,,,0.03,180.11,0.04,150.0,0.02,0.02,2335.886183,1776188981000
1776188982.769,282.769,0.97,302.11,0.96,33.0,0.99,836.8,,,0.01,882.16,,,0.03,180.11,0.04,150.0,0.02,0.02,2335.886183,1776188981000
1776188983.058,283.058,0.97,332.11,0.96,15.0,0.99,781.25,,,0.01,836.8,,,0.03,302.11,0.04,33.0,0.02,0.02,2335.886183,1776188981000
1776188984.054,284.054,0.97,327.11,0.96,25.0,0.99,761.04,,,0.01,781.25,,,0.03,332.11,0.04,15.0,0.02,0.02,2335.886183,1776188981000
1776188984.599,284.599,0.97,321.17,0.96,25.0,0.99,761.04,,,0.01,761.04,,,0.03,327.11,0.04,25.0,0.02,0.02,2335.919658,1776188983000
1776188984.869,284.869,0.98,176.77,0.97,162.0,0.99,741.04,,,0.01,761.04,,,0.03,321.17,0.04,25.0,0.01,0.02,2335.919658,1776188983000
1776188985.202,285.202,0.98,176.77,0.97,162.0,0.99,628.24,,,0.01,741.04,,,0.02,176.77,0.03,162.0,0.01,0.01,2335.919658,1776188983000
1776188985.527,285.527,0.98,176.77,0.97,162.0,0.99,623.24,,,0.01,628.24,,,0.02,176.77,0.03,162.0,0.01,0.01,2335.919658,1776188983000
1776188985.962,285.962,0.98,181.77,0.97,162.0,0.99,589.16,,,0.01,599.16,,,0.02,176.77,0.03,162.0,0.01,0.01,2335.919658,1776188983000
1776188986.186,286.186,0.98,132.0,0.97,45.0,0.99,574.01,,,0.01,589.16,,,0.02,181.77,0.03,162.0,0.01,0.01,2335.919658,1776188983000
1776188986.418,286.418,0.98,132.0,0.97,45.0,0.99,367.01,,,0.01,373.01,,,0.02,132.0,0.03,45.0,0.01,0.01,2335.945573,1776188984000
1776188986.796,286.796,0.98,137.0,0.97,55.0,0.99,219.71,,,0.01,344.9,,,0.02,132.0,0.03,45.0,0.01,0.01,2335.945573,1776188984000
1776188987.041,287.041,0.98,137.0,0.97,55.0,0.99,217.71,,,0.01,217.71,,,0.02,137.0,0.03,55.0,0.01,0.01,2335.946691,1776188986000
1776188987.852,287.852,0.99,403.45,0.98,20.0,,,,,0.01,37.9,,,0.02,137.0,0.03,55.0,,0.01,2335.946691,1776188986000
1776188988.519,288.519,0.99,403.45,0.98,20.0,,,,,,,,,0.01,403.45,0.02,20.0,,,2335.945218,1776188987000
1776188989.435,289.435,0.99,403.45,0.98,20.0,,,,,,,,,0.01,403.45,0.02,20.0,,,2335.944002,1776188988000
1776188990.14,290.14,0.99,403.45,0.98,20.0,,,,,,,,,0.01,403.45,0.02,20.0,,,2335.952401,1776188989000
1776188990.666,290.666,0.99,534.27,0.98,10.0,,,,,,,,,0.01,403.45,0.02,20.0,,,2335.952401,1776188989000
1776188991.51,291.51,0.99,631.76,0.98,20.0,,,,,,,,,0.01,534.27,0.02,10.0,,,2335.952401,1776188989000
1776188992.336,292.336,0.99,631.76,0.98,20.0,,,,,,,,,0.01,631.76,0.02,20.0,,,2335.853502,1776188991000
1776188993.184,293.184,0.99,631.76,0.98,20.0,,,,,,,,,0.01,631.76,0.02,20.0,,,2335.853447,1776188992000
1776188994.309,294.309,0.99,5826.72,0.98,20.0,,,,,,,,,0.01,631.76,0.02,20.0,,,2335.853447,1776188992000
1776188994.529,294.529,0.99,5814.96,0.98,20.0,,,,,,,,,0.01,5814.96,0.02,20.0,,,2335.866254,1776188993000
1776188995.053,295.053,0.99,6508.5,0.98,20.0,,,,,,,,,0.01,5814.96,0.02,20.0,,,2335.866254,1776188993000
1776188995.315,295.315,0.99,6508.5,0.98,20.0,,,,,,,,,0.01,6508.5,0.02,20.0,,,2335.884083,1776188994000
1776188995.694,295.694,0.99,6658.1,0.98,20.0,,,,,,,,,0.01,6508.5,0.02,20.0,,,2335.884083,1776188994000
1776188997.618,297.618,0.99,7940.51,0.98,20.0,,,,,,,,,0.01,6658.1,0.02,20.0,,,2335.884083,1776188994000
1776188999.043,299.043,0.99,7940.51,0.98,20.0,,,,,,,,,0.01,7940.51,0.02,20.0,,,2336.205117,1776188995000
1776188999.319,299.319,0.99,20376.3,0.98,30.0,,,,,,,,,0.01,7940.51,0.02,20.0,,,2336.220215,1776188998000
1776189000.328,300.328,0.99,49958.3,0.98,20.0,,,,,,,,,0.01,20376.3,0.02,30.0,,,2336.220215,1776188998000
1776189000.529,300.529,0.99,49958.3,0.98,20.0,,,,,,,,,0.01,49958.3,0.02,20.0,,,2335.993306,1776188999000

# RESULT,winner=Up,slug=eth-updown-5m-1776188700,ticks=542
