timestamp,elapsed_sec,up_bid_p1,up_bid_s1,up_bid_p2,up_bid_s2,up_ask_p1,up_ask_s1,up_ask_p2,up_ask_s2,down_bid_p1,down_bid_s1,down_bid_p2,down_bid_s2,down_ask_p1,down_ask_s1,down_ask_p2,down_ask_s2,up_spread,down_spread,eth_price,eth_oracle_ts
1776250211.37,11.37,,,,,,,,,,,,,,,,,,,2324.952928,1776250210000
1776250211.703,11.703,0.52,88.59,0.51,178.0,0.53,0.56,0.54,70.0,0.47,0.56,0.46,70.0,0.48,85.68,0.49,178.0,0.01,0.01,2324.952928,1776250210000
1776250211.964,11.964,0.52,88.59,0.51,178.0,0.53,0.56,0.54,70.0,0.47,0.56,0.46,70.0,0.48,88.59,0.49,178.0,0.01,0.01,2325.027198,1776250211000
1776250212.372,12.372,0.52,83.43,0.51,178.0,0.53,0.56,0.54,70.0,0.47,0.56,0.46,70.0,0.48,85.52,0.49,178.0,0.01,0.01,2325.027198,1776250211000
1776250213.021,13.021,0.52,62.6,0.51,178.0,0.53,0.56,0.54,70.0,0.47,0.56,0.46,70.0,0.48,62.6,0.49,178.0,0.01,0.01,2325.004802,1776250212000
1776250214.161,14.161,0.52,73.6,0.51,178.0,0.54,70.0,0.55,165.0,0.46,70.0,0.45,165.0,0.48,73.6,0.49,178.0,0.02,0.02,2324.9628,1776250213000
1776250215.264,15.264,0.52,73.6,0.51,178.0,0.54,70.0,0.55,165.0,0.46,70.0,0.45,165.0,0.48,73.6,0.49,178.0,0.02,0.02,2324.96855,1776250214000
1776250216.4,16.4,0.52,73.6,0.51,178.0,0.54,70.0,0.55,165.0,0.46,70.0,0.45,165.0,0.48,73.6,0.49,178.0,0.02,0.02,2324.9886,1776250215000
1776250216.902,16.902,0.52,73.6,0.51,178.0,0.54,70.0,0.55,165.0,0.46,70.0,0.45,165.0,0.48,73.6,0.49,178.0,0.02,0.02,2324.9909,1776250216000
1776250217.333,17.333,0.53,108.5,0.52,94.6,0.54,8.14,0.55,70.5,0.46,70.0,0.45,165.0,0.48,73.6,0.49,178.0,0.01,0.02,2324.9909,1776250216000
1776250218.037,18.037,0.53,108.5,0.52,94.6,0.54,8.14,0.55,70.5,0.46,8.14,0.45,70.5,0.47,108.5,0.48,94.6,0.01,0.01,2324.9987,1776250217000
1776250218.327,18.327,0.53,108.5,0.52,94.6,0.54,6.28,0.55,70.5,0.46,8.14,0.45,70.5,0.47,108.5,0.48,94.6,0.01,0.01,2324.9987,1776250217000
1776250218.922,18.922,0.52,5.0,0.51,80.0,0.53,125.5,0.54,198.78,0.46,6.28,0.45,70.5,0.47,87.5,0.48,94.6,0.01,0.01,2324.9987,1776250217000
1776250219.124,19.124,0.52,5.0,0.51,80.0,0.53,125.5,0.54,198.78,0.47,125.5,0.46,198.78,0.48,5.0,0.49,80.0,0.01,0.01,2325.04775,1776250218000
1776250219.618,19.618,0.52,5.0,0.51,80.0,0.53,116.5,0.54,191.78,0.47,125.5,0.46,198.78,0.48,5.0,0.49,80.0,0.01,0.01,2325.04775,1776250218000
1776250219.939,19.939,0.52,0.12,0.51,90.5,0.53,116.5,0.54,198.78,0.47,116.5,0.46,191.78,0.48,5.0,0.49,80.0,0.01,0.01,2325.04775,1776250218000
1776250220.194,20.194,0.52,0.12,0.51,90.5,0.53,116.5,0.54,198.78,0.47,116.5,0.46,198.78,0.48,0.12,0.49,90.5,0.01,0.01,2325.04775,1776250219000
1776250221.082,21.082,0.51,103.33,0.5,159.5,0.52,125.5,0.53,106.5,0.47,116.5,0.46,198.78,0.48,0.12,0.49,90.5,0.01,0.01,2325.04775,1776250219000
1776250221.432,21.432,0.51,103.33,0.5,159.5,0.52,125.5,0.53,106.5,0.48,125.5,0.47,106.5,0.49,103.33,0.5,159.5,0.01,0.01,2324.904192,1776250220000
1776250221.907,21.907,0.51,103.33,0.5,159.5,0.52,125.5,0.53,106.5,0.48,125.5,0.47,106.5,0.49,103.33,0.5,159.5,0.01,0.01,2324.78535,1776250221000
1776250223.018,23.018,0.51,103.33,0.5,159.5,0.52,125.5,0.53,106.5,0.48,125.5,0.47,106.5,0.49,103.33,0.5,159.5,0.01,0.01,2324.695046,1776250222000
1776250224.387,24.387,0.51,103.33,0.5,159.5,0.52,125.5,0.53,106.5,0.48,125.5,0.47,106.5,0.49,103.33,0.5,159.5,0.01,0.01,2324.683604,1776250223000
1776250225.134,25.134,0.51,90.0,0.5,146.5,0.52,122.0,0.53,118.5,0.48,130.5,0.47,118.5,0.49,90.78,0.5,146.5,0.01,0.01,2324.683604,1776250223000
1776250225.375,25.375,0.51,90.0,0.5,156.5,0.52,107.15,0.53,118.5,0.48,116.0,0.47,118.5,0.49,90.0,0.5,146.5,0.01,0.01,2324.683604,1776250223000
1776250226.037,26.037,0.51,90.0,0.5,156.5,0.52,107.15,0.53,118.5,0.48,107.15,0.47,118.5,0.49,90.0,0.5,156.5,0.01,0.01,2324.851755,1776250225000
1776250226.349,26.349,0.48,49.95,0.47,80.0,0.5,83.65,0.51,54.5,0.48,107.15,0.47,118.5,0.49,90.0,0.5,156.5,0.02,0.01,2324.851755,1776250225000
1776250226.859,26.859,0.48,52.07,0.47,70.0,0.49,115.0,0.5,123.65,0.5,73.65,0.49,54.5,0.52,40.34,0.53,80.0,0.01,0.02,2324.851755,1776250225000
1776250227.428,27.428,0.48,48.82,0.47,70.0,0.49,107.69,0.5,123.65,0.51,97.69,0.5,123.65,0.52,52.07,0.53,70.0,0.01,0.01,2324.851755,1776250225000
1776250228.054,28.054,0.48,63.82,0.47,70.0,0.49,93.59,0.5,123.65,0.51,100.64,0.5,128.65,0.52,48.82,0.53,70.0,0.01,0.01,2324.851755,1776250225000
1776250229.049,29.049,0.48,2.32,0.46,10.0,0.49,129.09,0.5,206.65,0.51,93.59,0.5,123.65,0.52,63.82,0.53,70.0,0.01,0.01,2324.851755,1776250225000
1776250229.848,29.848,0.46,28.77,0.45,165.5,0.47,146.0,0.48,98.5,0.51,129.09,0.5,206.65,0.54,28.77,0.55,115.5,0.01,0.03,2324.851755,1776250225000
1776250231.634,31.634,0.46,1.34,0.45,105.0,0.47,197.5,0.48,98.5,0.53,146.0,0.52,98.5,0.54,28.77,0.55,165.5,0.01,0.01,2324.851755,1776250225000
1776250233.378,33.378,0.45,95.0,0.44,82.0,0.47,197.5,0.48,98.5,0.53,197.5,0.52,98.5,0.54,1.34,0.55,105.0,0.02,0.01,2324.851755,1776250225000
1776250233.703,33.703,0.45,95.0,0.44,75.0,0.46,154.31,0.47,163.5,0.53,197.5,0.52,98.5,0.55,95.0,0.56,82.0,0.01,0.02,2324.851755,1776250225000
1776250234.393,34.393,0.45,95.0,0.44,75.0,0.46,154.31,0.47,163.5,0.54,154.31,0.53,163.5,0.55,95.0,0.56,75.0,0.01,0.01,2324.334825,1776250233000
1776250234.873,34.873,0.44,15.0,0.43,45.5,0.45,150.45,0.46,135.31,0.54,154.31,0.53,163.5,0.55,95.0,0.56,75.0,0.01,0.01,2324.334825,1776250233000
1776250235.255,35.255,0.44,15.0,0.43,45.5,0.45,150.45,0.46,135.31,0.55,150.45,0.54,135.31,0.56,15.0,0.57,45.5,0.01,0.01,2324.205823,1776250234000
1776250236.165,36.165,0.44,113.71,0.43,100.5,0.45,5.0,0.46,60.0,0.55,150.45,0.54,135.31,0.56,15.0,0.57,45.5,0.01,0.01,2324.205823,1776250234000
1776250237.424,37.424,0.44,106.92,0.43,100.5,0.45,5.0,0.46,60.0,0.55,5.0,0.54,60.0,0.56,106.92,0.57,100.5,0.01,0.01,2324.074308,1776250236000
1776250238.112,38.112,0.46,28.64,0.45,107.5,0.47,95.0,0.48,89.5,0.55,5.0,0.54,60.0,0.56,106.92,0.57,100.5,0.01,0.01,2324.074308,1776250236000
1776250238.761,38.761,0.46,28.64,0.45,107.5,0.47,95.0,0.48,89.5,0.53,95.0,0.52,89.5,0.54,28.64,0.55,107.5,0.01,0.01,2324.130257,1776250237000
1776250239.164,39.164,0.46,8.88,0.45,42.5,0.47,111.5,0.48,99.5,0.53,95.0,0.52,89.5,0.54,28.64,0.55,107.5,0.01,0.01,2324.130257,1776250237000
1776250239.941,39.941,0.46,8.88,0.45,42.5,0.47,111.5,0.48,99.5,0.53,111.5,0.52,99.5,0.54,8.88,0.55,42.5,0.01,0.01,2324.25725,1776250239000
1776250240.256,40.256,0.42,2.8,0.41,40.0,0.45,116.5,0.46,135.5,0.53,111.5,0.52,99.5,0.54,8.88,0.55,42.5,0.03,0.01,2324.25725,1776250239000
1776250240.504,40.504,0.42,2.8,0.41,40.0,0.44,45.95,0.45,111.5,0.56,40.95,0.55,116.5,0.57,5.0,0.58,2.8,0.02,0.01,2324.25725,1776250239000
1776250241.147,41.147,0.41,39.75,0.4,90.0,0.43,40.5,0.44,40.95,0.57,40.5,0.56,40.95,0.59,39.75,0.6,90.0,0.02,0.02,2324.26225,1776250240000
1776250241.573,41.573,0.42,10.0,0.41,44.75,0.44,0.29,0.45,71.5,0.57,40.5,0.56,40.95,0.59,39.75,0.6,90.0,0.02,0.02,2324.26225,1776250240000
1776250242.02,42.02,0.42,17.0,0.41,44.75,0.44,55.29,0.45,58.0,0.56,0.29,0.55,71.5,0.58,10.0,0.59,44.75,0.02,0.02,2324.26225,1776250240000
1776250242.31,42.31,0.42,17.0,0.41,44.75,0.44,55.29,0.45,58.0,0.56,55.29,0.55,58.0,0.58,17.0,0.59,44.75,0.02,0.02,2324.115363,1776250241000
1776250242.924,42.924,0.42,27.5,0.41,55.25,0.43,25.64,0.44,55.29,0.57,25.64,0.56,55.29,0.58,27.5,0.59,55.25,0.01,0.01,2323.937825,1776250242000
1776250244.137,44.137,0.42,27.5,0.41,55.25,0.43,25.64,0.44,55.29,0.57,25.64,0.56,55.29,0.58,27.5,0.59,55.25,0.01,0.01,2323.990711,1776250243000
1776250244.904,44.904,0.42,100.6,0.41,120.25,0.43,90.64,0.44,87.79,0.57,25.64,0.56,55.29,0.58,27.5,0.59,55.25,0.01,0.01,2323.990711,1776250243000
1776250245.234,45.234,0.42,100.6,0.41,120.25,0.43,90.64,0.44,87.79,0.57,90.64,0.56,87.79,0.58,100.6,0.59,120.25,0.01,0.01,2324.065505,1776250244000
1776250245.878,45.878,0.42,103.75,0.41,125.25,0.43,80.64,0.44,81.79,0.57,90.64,0.56,87.79,0.58,100.6,0.59,120.25,0.01,0.01,2324.065505,1776250244000
1776250246.37,46.37,0.42,103.75,0.41,125.25,0.43,80.64,0.44,81.79,0.57,80.64,0.56,81.79,0.58,103.75,0.59,125.25,0.01,0.01,2324.0537,1776250245000
1776250246.629,46.629,0.42,85.02,0.41,127.25,0.43,86.64,0.44,102.79,0.57,80.64,0.56,81.79,0.58,103.75,0.59,125.25,0.01,0.01,2324.0537,1776250245000
1776250247.371,47.371,0.42,85.02,0.41,127.25,0.43,86.64,0.44,102.79,0.57,86.64,0.56,102.79,0.58,85.02,0.59,127.25,0.01,0.01,2324.103542,1776250246000
1776250247.938,47.938,0.42,85.02,0.41,127.25,0.43,86.64,0.44,102.79,0.57,86.64,0.56,102.79,0.58,85.02,0.59,127.25,0.01,0.01,2324.105942,1776250247000
1776250248.68,48.68,0.42,132.02,0.41,142.25,0.43,91.64,0.44,112.79,0.57,86.64,0.56,102.79,0.58,85.02,0.59,127.25,0.01,0.01,2324.105942,1776250247000
1776250249.135,49.135,0.42,132.02,0.41,142.25,0.43,91.64,0.44,112.79,0.57,91.64,0.56,112.79,0.58,132.02,0.59,142.25,0.01,0.01,2324.082855,1776250248000
1776250250.186,50.186,0.42,132.02,0.41,142.25,0.43,91.64,0.44,112.79,0.57,91.64,0.56,112.79,0.58,132.02,0.59,142.25,0.01,0.01,2324.0528,1776250249000
1776250251.192,51.192,0.42,132.02,0.41,142.25,0.43,91.64,0.44,112.79,0.57,91.64,0.56,112.79,0.58,132.02,0.59,142.25,0.01,0.01,2324.02415,1776250250000
1776250252.335,52.335,0.42,80.0,0.41,115.25,0.43,189.14,0.44,102.79,0.57,189.14,0.56,102.79,0.58,80.0,0.59,115.25,0.01,0.01,2324.133601,1776250251000
1776250253.544,53.544,0.42,80.0,0.41,115.25,0.43,189.14,0.44,102.79,0.57,189.14,0.56,102.79,0.58,80.0,0.59,115.25,0.01,0.01,2324.0227,1776250252000
1776250254.169,54.169,0.42,80.0,0.41,115.25,0.43,189.14,0.44,102.79,0.57,189.14,0.56,102.79,0.58,80.0,0.59,115.25,0.01,0.01,2324.0232,1776250253000
1776250254.636,54.636,0.41,146.77,0.4,145.0,0.42,32.0,0.43,156.64,0.57,189.14,0.56,102.79,0.58,80.0,0.59,115.25,0.01,0.01,2324.0232,1776250253000
1776250255.253,55.253,0.41,193.77,0.4,153.0,0.43,70.64,0.44,23.29,0.58,32.0,0.57,156.64,0.59,146.77,0.6,145.0,0.02,0.01,2324.0232,1776250253000
1776250256.415,56.415,0.41,193.77,0.4,153.0,0.43,70.64,0.44,23.29,0.57,70.64,0.56,23.29,0.59,193.77,0.6,153.0,0.02,0.02,2324.059982,1776250255000
1776250257.028,57.028,0.41,193.77,0.4,153.0,0.43,70.64,0.44,23.29,0.57,70.64,0.56,23.29,0.59,193.77,0.6,153.0,0.02,0.02,2324.059679,1776250256000
1776250257.319,57.319,0.42,142.5,0.41,178.77,0.43,55.64,0.44,28.29,0.57,70.64,0.56,23.29,0.59,193.77,0.6,153.0,0.01,0.02,2324.059679,1776250256000
1776250258.212,58.212,0.42,142.5,0.41,178.77,0.43,55.64,0.44,28.29,0.57,55.64,0.56,28.29,0.58,142.5,0.59,178.77,0.01,0.01,2324.10235,1776250257000
1776250258.588,58.588,0.42,125.5,0.41,190.77,0.43,29.17,0.44,93.29,0.57,40.98,0.56,93.29,0.58,120.5,0.59,190.77,0.01,0.01,2324.10235,1776250257000
1776250258.812,58.812,0.42,120.5,0.41,190.77,0.43,24.51,0.44,93.29,0.57,29.17,0.56,93.29,0.58,125.5,0.59,190.77,0.01,0.01,2324.10235,1776250257000
1776250259.212,59.212,0.42,120.5,0.41,190.77,0.43,24.51,0.44,93.29,0.57,24.51,0.56,93.29,0.58,120.5,0.59,190.77,0.01,0.01,2324.10985,1776250258000
1776250260.37,60.37,0.42,120.5,0.41,190.77,0.43,24.51,0.44,93.29,0.57,24.51,0.56,93.29,0.58,120.5,0.59,190.77,0.01,0.01,2324.0901,1776250259000
1776250260.627,60.627,0.42,80.8,0.41,158.77,0.43,24.51,0.44,113.79,0.57,24.51,0.56,93.29,0.58,120.5,0.59,190.77,0.01,0.01,2324.0901,1776250259000
1776250261.37,61.37,0.42,80.8,0.41,158.77,0.43,24.51,0.44,113.79,0.57,24.51,0.56,113.79,0.58,80.8,0.59,158.77,0.01,0.01,2324.0838,1776250260000
1776250261.949,61.949,0.42,83.66,0.41,158.77,0.43,19.51,0.44,113.79,0.57,19.51,0.56,113.79,0.58,83.66,0.59,158.77,0.01,0.01,2324.0838,1776250261000
1776250262.97,62.97,0.42,43.16,0.41,143.77,0.43,138.01,0.44,103.79,0.57,19.51,0.56,113.79,0.58,83.66,0.59,158.77,0.01,0.01,2324.0838,1776250261000
1776250263.814,63.814,0.41,45.0,0.4,92.0,0.42,177.53,0.43,108.01,0.57,138.01,0.56,103.79,0.58,43.16,0.59,143.77,0.01,0.01,2324.08125,1776250262000
1776250264.184,64.184,0.41,45.0,0.4,92.0,0.42,177.53,0.43,108.01,0.58,177.53,0.57,108.01,0.59,45.0,0.6,92.0,0.01,0.01,2324.099134,1776250263000
1776250265.18,65.18,0.41,45.0,0.4,92.0,0.42,177.53,0.43,108.01,0.58,177.53,0.57,108.01,0.59,45.0,0.6,92.0,0.01,0.01,2324.03395,1776250264000
1776250266.358,66.358,0.41,45.0,0.4,92.0,0.42,177.53,0.43,108.01,0.58,177.53,0.57,108.01,0.59,45.0,0.6,92.0,0.01,0.01,2323.914831,1776250265000
1776250268.443,68.443,0.41,45.0,0.4,92.0,0.42,177.53,0.43,108.01,0.58,177.53,0.57,108.01,0.59,45.0,0.6,92.0,0.01,0.01,2323.524277,1776250267000
1776250268.883,68.883,0.35,54.61,0.34,80.5,0.36,5.0,0.37,80.5,0.63,70.0,0.62,194.41,0.64,3.75,0.65,40.0,0.01,0.01,2323.524277,1776250267000
1776250269.357,69.357,0.35,54.61,0.34,80.5,0.36,5.0,0.37,80.5,0.64,5.0,0.63,80.5,0.65,54.61,0.66,80.5,0.01,0.01,2323.491537,1776250268000
1776250270.418,70.418,0.35,54.61,0.34,80.5,0.36,5.0,0.37,80.5,0.64,5.0,0.63,80.5,0.65,54.61,0.66,80.5,0.01,0.01,2323.489509,1776250269000
1776250270.636,70.636,0.29,30.0,0.28,15.0,0.31,10.0,0.32,20.5,0.64,5.0,0.63,80.5,0.65,54.61,0.66,80.5,0.02,0.01,2323.489509,1776250269000
1776250270.864,70.864,0.28,13.47,0.27,55.0,0.29,211.5,0.3,80.5,0.69,10.0,0.68,20.5,0.71,30.0,0.72,15.0,0.01,0.02,2323.489509,1776250269000
1776250271.162,71.162,0.26,3.31,0.25,5.0,0.28,36.0,0.29,185.5,0.72,16.0,0.71,190.5,0.73,3.43,0.74,5.0,0.02,0.01,2323.489509,1776250269000
1776250271.997,71.997,0.26,3.31,0.25,5.0,0.28,36.0,0.29,185.5,0.72,36.0,0.71,185.5,0.74,3.31,0.75,5.0,0.02,0.02,2323.470447,1776250270000
1776250272.307,72.307,0.3,13.22,0.29,80.0,0.31,36.0,0.32,75.5,0.69,36.0,0.68,75.5,0.74,158.5,0.75,160.5,0.01,0.05,2323.470447,1776250270000
1776250272.855,72.855,0.3,13.22,0.29,80.0,0.31,36.0,0.32,75.5,0.69,36.0,0.68,75.5,0.7,13.22,0.71,80.0,0.01,0.01,2323.202748,1776250271000
1776250273.183,73.183,0.3,1.22,0.29,80.0,0.31,51.0,0.32,75.5,0.69,36.0,0.68,75.5,0.7,13.22,0.71,80.0,0.01,0.01,2323.202748,1776250271000
1776250273.571,73.571,0.29,109.81,0.28,19.0,0.3,5.0,0.31,51.0,0.7,5.0,0.69,51.0,0.71,109.81,0.72,19.0,0.01,0.01,2323.04179,1776250272000
1776250274.146,74.146,0.29,75.0,0.28,19.0,0.3,43.33,0.31,71.5,0.7,5.0,0.69,51.0,0.71,109.81,0.72,19.0,0.01,0.01,2323.04179,1776250272000
1776250274.466,74.466,0.29,75.0,0.28,79.5,0.3,1.92,0.31,71.5,0.7,1.92,0.69,71.5,0.71,75.0,0.72,79.5,0.01,0.01,2323.10375,1776250273000
1776250274.722,74.722,0.29,44.0,0.28,10.0,0.3,101.5,0.31,71.5,0.7,45.5,0.69,71.5,0.71,61.0,0.72,10.0,0.01,0.01,2323.10375,1776250273000
1776250275.075,75.075,0.27,50.0,0.26,70.5,0.3,176.5,0.31,121.5,0.7,96.5,0.69,71.5,0.71,32.0,0.74,77.5,0.03,0.01,2323.10375,1776250273000
1776250275.83,75.83,0.28,19.5,0.27,80.5,0.29,24.0,0.31,122.5,0.7,176.5,0.69,121.5,0.73,50.0,0.74,70.5,0.01,0.03,2323.146549,1776250274000
1776250276.681,76.681,0.28,58.97,0.27,60.0,0.29,90.0,0.3,94.5,0.71,40.0,0.7,14.0,0.72,35.0,0.73,90.5,0.01,0.01,2323.146549,1776250274000
1776250277.113,77.113,0.28,44.01,0.27,70.5,0.29,95.0,0.3,94.5,0.71,95.0,0.7,94.5,0.72,45.54,0.73,70.5,0.01,0.01,2323.188337,1776250275000
1776250277.448,77.448,0.28,44.01,0.27,70.5,0.29,95.0,0.3,94.5,0.71,95.0,0.7,94.5,0.72,44.01,0.73,70.5,0.01,0.01,2323.075013,1776250276000
1776250278.117,78.117,0.28,82.14,0.27,70.5,0.29,70.0,0.3,89.5,0.71,95.0,0.7,94.5,0.72,44.01,0.73,70.5,0.01,0.01,2323.075013,1776250276000
1776250279.673,79.673,0.28,64.77,0.27,70.5,0.29,70.0,0.3,44.5,0.71,70.0,0.7,44.5,0.72,64.77,0.73,70.5,0.01,0.01,2323.0411,1776250278000
1776250280.069,80.069,0.28,74.77,0.27,90.5,0.29,55.06,0.3,39.0,0.71,70.0,0.7,44.5,0.72,64.77,0.73,70.5,0.01,0.01,2323.0411,1776250278000
1776250280.379,80.379,0.28,83.35,0.27,90.5,0.29,55.06,0.3,39.0,0.71,55.06,0.7,39.0,0.72,83.35,0.73,90.5,0.01,0.01,2323.062876,1776250279000
1776250281.644,81.644,0.28,83.35,0.27,90.5,0.29,55.06,0.3,39.0,0.71,55.06,0.7,39.0,0.72,83.35,0.73,90.5,0.01,0.01,2323.097929,1776250280000
1776250282.11,82.11,0.28,52.85,0.27,95.5,0.29,65.13,0.3,99.5,0.71,55.06,0.7,39.0,0.72,83.35,0.73,90.5,0.01,0.01,2323.097929,1776250280000
1776250282.396,82.396,0.27,95.5,0.26,210.5,0.28,7.82,0.29,60.13,0.72,7.82,0.71,60.13,0.73,95.5,0.74,210.5,0.01,0.01,2323.097929,1776250281000
1776250283.177,83.177,0.27,95.5,0.26,210.5,0.28,7.82,0.29,60.13,0.72,7.82,0.71,60.13,0.73,95.5,0.74,210.5,0.01,0.01,2323.052221,1776250282000
1776250284.006,84.006,0.27,187.5,0.26,231.5,0.31,24.0,0.32,38.0,0.72,7.82,0.71,60.13,0.73,95.5,0.74,210.5,0.04,0.01,2323.052221,1776250282000
1776250284.215,84.215,0.3,109.5,0.29,47.5,0.31,9.0,0.32,38.0,0.69,24.0,0.68,38.0,0.73,187.5,0.74,231.5,0.01,0.04,2323.052221,1776250282000
1776250284.644,84.644,0.31,199.94,0.3,139.5,0.32,23.0,0.33,28.0,0.69,9.0,0.68,38.0,0.7,109.5,0.71,47.5,0.01,0.01,2323.052221,1776250282000
1776250285.157,85.157,0.31,45.01,0.3,139.5,0.32,40.0,0.33,33.0,0.68,23.0,0.67,28.0,0.69,199.94,0.7,139.5,0.01,0.01,2323.028211,1776250283000
1776250285.763,85.763,0.31,36.36,0.3,139.5,0.32,45.0,0.33,83.0,0.68,45.0,0.67,33.0,0.69,37.81,0.7,139.5,0.01,0.01,2323.026502,1776250284000
1776250286.67,86.67,0.31,34.91,0.3,139.5,0.32,55.0,0.33,38.0,0.68,45.0,0.67,83.0,0.69,36.36,0.7,139.5,0.01,0.01,2323.026502,1776250284000
1776250286.924,86.924,0.31,10.41,0.3,139.5,0.32,55.0,0.33,88.0,0.68,55.0,0.67,38.0,0.69,34.91,0.7,139.5,0.01,0.01,2323.416261,1776250285000
1776250287.881,87.881,0.31,10.41,0.3,139.5,0.32,55.0,0.33,88.0,0.68,55.0,0.67,88.0,0.69,10.41,0.7,139.5,0.01,0.01,2323.3652,1776250286000
1776250288.157,88.157,0.31,7.44,0.3,162.5,0.32,125.0,0.33,98.5,0.68,55.0,0.67,88.0,0.69,10.41,0.7,139.5,0.01,0.01,2323.3652,1776250286000
1776250288.567,88.567,0.31,44.44,0.3,162.5,0.32,125.0,0.33,98.5,0.68,125.0,0.67,98.5,0.69,7.44,0.7,162.5,0.01,0.01,2323.3652,1776250286000
1776250289.069,89.069,0.31,44.44,0.3,162.5,0.32,125.0,0.33,98.5,0.68,125.0,0.67,98.5,0.69,44.44,0.7,162.5,0.01,0.01,2323.373233,1776250288000
1776250290.179,90.179,0.31,44.44,0.3,162.5,0.32,125.0,0.33,98.5,0.68,125.0,0.67,98.5,0.69,44.44,0.7,162.5,0.01,0.01,2323.378154,1776250289000
1776250291.011,91.011,0.3,70.0,0.29,12.0,0.31,182.27,0.32,129.01,0.68,125.0,0.67,98.5,0.69,44.44,0.7,162.5,0.01,0.01,2323.378154,1776250289000
1776250291.326,91.326,0.3,70.0,0.29,12.0,0.31,182.27,0.32,129.01,0.69,182.27,0.68,129.01,0.7,70.0,0.71,12.0,0.01,0.01,2323.35747,1776250290000
1776250291.744,91.744,0.3,159.0,0.29,87.5,0.32,113.51,0.33,93.5,0.69,182.27,0.68,129.01,0.7,70.0,0.71,12.0,0.02,0.01,2323.35747,1776250290000
1776250292.312,92.312,0.3,159.0,0.29,87.5,0.32,113.51,0.33,93.5,0.68,113.51,0.67,93.5,0.7,159.0,0.71,87.5,0.02,0.02,2323.356394,1776250291000
1776250292.671,92.671,0.3,161.85,0.29,87.5,0.31,26.0,0.32,124.01,0.68,113.51,0.67,93.5,0.7,159.0,0.71,87.5,0.01,0.02,2323.356394,1776250291000
1776250293.372,93.372,0.3,161.85,0.29,87.5,0.31,26.0,0.32,124.01,0.69,26.0,0.68,124.01,0.7,161.85,0.71,87.5,0.01,0.01,2323.310985,1776250292000
1776250294.399,94.399,0.3,161.85,0.29,87.5,0.31,26.0,0.32,124.01,0.69,26.0,0.68,124.01,0.7,161.85,0.71,87.5,0.01,0.01,2323.30867,1776250293000
1776250295.339,95.339,0.3,161.85,0.29,87.5,0.31,26.0,0.32,124.01,0.69,26.0,0.68,124.01,0.7,161.85,0.71,87.5,0.01,0.01,2323.339886,1776250294000
1776250295.851,95.851,0.3,161.85,0.29,87.5,0.31,26.0,0.32,124.01,0.69,26.0,0.68,124.01,0.7,161.85,0.71,87.5,0.01,0.01,2323.339886,1776250295000
1776250296.227,96.227,0.3,72.85,0.29,62.0,0.31,174.51,0.32,100.5,0.69,26.0,0.68,124.01,0.7,161.85,0.71,87.5,0.01,0.01,2323.339886,1776250295000
1776250296.433,96.433,0.3,24.85,0.29,12.0,0.31,209.51,0.32,100.5,0.69,174.51,0.68,100.5,0.7,72.85,0.71,62.0,0.01,0.01,2323.339886,1776250295000
1776250296.92,96.92,0.3,24.85,0.29,12.0,0.31,209.51,0.32,100.5,0.69,209.51,0.68,100.5,0.7,24.85,0.71,12.0,0.01,0.01,2323.38053,1776250296000
1776250297.228,97.228,0.3,29.85,0.29,12.0,0.31,135.92,0.32,100.5,0.69,209.51,0.68,100.5,0.7,24.85,0.71,12.0,0.01,0.01,2323.38053,1776250296000
1776250297.746,97.746,0.3,23.42,0.29,77.16,0.31,236.3,0.32,100.5,0.69,135.92,0.68,100.5,0.7,29.85,0.71,12.0,0.01,0.01,2323.38053,1776250296000
1776250297.98,97.98,0.3,23.42,0.29,77.16,0.31,236.3,0.32,100.5,0.69,236.3,0.68,100.5,0.7,23.42,0.71,77.16,0.01,0.01,2323.36089,1776250297000
1776250299.114,99.114,0.3,23.42,0.29,77.16,0.31,236.3,0.32,100.5,0.69,236.3,0.68,100.5,0.7,23.42,0.71,77.16,0.01,0.01,2323.27291,1776250298000
1776250299.682,99.682,0.3,86.79,0.29,92.16,0.31,126.47,0.32,110.5,0.69,236.3,0.68,100.5,0.7,23.42,0.71,77.16,0.01,0.01,2323.27291,1776250298000
1776250300.145,100.145,0.3,42.59,0.29,92.16,0.31,131.47,0.32,110.5,0.69,131.47,0.68,110.5,0.7,42.59,0.71,92.16,0.01,0.01,2323.313904,1776250299000
1776250300.519,100.519,0.29,92.16,0.28,89.5,0.3,33.84,0.31,191.97,0.69,131.47,0.68,110.5,0.7,42.59,0.71,92.16,0.01,0.01,2323.313904,1776250299000
1776250301.326,101.326,0.29,9.16,0.27,30.0,0.3,376.67,0.31,177.5,0.7,33.84,0.69,191.97,0.71,92.16,0.72,89.5,0.01,0.01,2323.313904,1776250299000
1776250301.603,101.603,0.27,25.15,0.26,110.0,0.3,376.67,0.31,177.5,0.7,376.67,0.69,177.5,0.73,25.15,0.74,110.0,0.03,0.03,2323.358844,1776250300000
1776250301.899,101.899,0.27,3.15,0.25,75.0,0.28,325.21,0.29,111.5,0.7,376.67,0.69,177.5,0.73,25.15,0.74,110.0,0.01,0.03,2323.358844,1776250300000
1776250302.12,102.12,0.25,65.0,0.24,50.0,0.26,35.5,0.27,35.5,0.74,35.5,0.73,35.5,0.75,65.0,0.76,50.0,0.01,0.01,2323.32985,1776250301000
1776250303.1,103.1,0.25,65.0,0.24,50.0,0.26,35.5,0.27,35.5,0.74,35.5,0.73,35.5,0.75,65.0,0.76,50.0,0.01,0.01,2323.253775,1776250302000
1776250303.43,103.43,0.22,35.0,0.21,193.0,0.23,114.97,0.24,239.89,0.74,35.5,0.73,35.5,0.75,65.0,0.76,50.0,0.01,0.01,2323.253775,1776250302000
1776250303.925,103.925,0.22,12.57,0.21,143.0,0.23,131.0,0.24,127.5,0.77,114.97,0.76,239.89,0.78,35.0,0.79,193.0,0.01,0.01,2323.253775,1776250302000
1776250304.167,104.167,0.21,141.91,0.2,85.5,0.23,136.0,0.24,127.5,0.77,136.0,0.76,127.5,0.79,141.91,0.8,85.5,0.02,0.02,2323.010766,1776250303000
1776250305.061,105.061,0.21,141.91,0.2,85.5,0.23,136.0,0.24,127.5,0.77,136.0,0.76,127.5,0.79,141.91,0.8,85.5,0.02,0.02,2322.797018,1776250304000
1776250306.09,106.09,0.21,141.91,0.2,85.5,0.23,136.0,0.24,127.5,0.77,136.0,0.76,127.5,0.79,141.91,0.8,85.5,0.02,0.02,2322.899098,1776250305000
1776250306.514,106.514,0.19,100.0,0.18,120.0,0.2,7.09,0.22,255.62,0.77,136.0,0.76,127.5,0.79,141.91,0.8,85.5,0.01,0.02,2322.899098,1776250305000
1776250307.064,107.064,0.19,100.0,0.18,120.0,0.2,7.09,0.22,255.62,0.8,7.09,0.78,255.62,0.81,100.0,0.82,120.0,0.01,0.01,2322.79406,1776250306000
1776250307.431,107.431,0.17,132.68,0.16,190.5,0.18,143.0,0.19,203.0,0.82,93.0,0.81,203.0,0.83,133.89,0.84,190.5,0.01,0.01,2322.79406,1776250306000
1776250307.887,107.887,0.15,7.99,0.14,75.0,0.17,25.5,0.18,146.5,0.82,143.0,0.81,203.0,0.83,132.68,0.84,190.5,0.02,0.01,2322.79406,1776250306000
1776250308.267,108.267,0.1,70.0,0.09,67.0,0.11,44.91,0.13,113.5,0.84,145.5,0.83,98.54,0.88,5.09,0.9,145.0,0.01,0.04,2322.819018,1776250307000
1776250308.483,108.483,0.1,65.1,0.09,67.0,0.11,87.5,0.12,433.0,0.89,66.5,0.88,23.0,0.9,75.0,0.91,67.0,0.01,0.01,2322.819018,1776250307000
1776250308.686,108.686,0.1,25.1,0.09,67.0,0.11,87.5,0.12,433.0,0.89,87.5,0.88,433.0,0.9,45.1,0.91,67.0,0.01,0.01,2322.819018,1776250307000
1776250308.941,108.941,0.1,5.0,0.09,67.0,0.11,74.5,0.12,433.0,0.89,74.5,0.88,433.0,0.9,5.0,0.91,67.0,0.01,0.01,2322.526112,1776250308000
1776250309.335,109.335,0.08,13.0,0.07,55.3,0.1,21.0,0.11,88.5,0.89,79.5,0.88,428.0,0.91,17.0,0.93,80.3,0.02,0.02,2322.526112,1776250308000
1776250309.914,109.914,0.08,9.73,0.07,55.3,0.09,139.77,0.1,26.0,0.9,21.0,0.89,88.5,0.92,13.0,0.93,55.3,0.01,0.02,2322.526112,1776250308000
1776250310.435,110.435,0.07,38.83,0.06,73.8,0.08,10.0,0.09,143.54,0.91,132.54,0.9,26.0,0.92,9.73,0.93,55.3,0.01,0.01,2321.745308,1776250309000
1776250310.681,110.681,0.07,32.63,0.06,73.8,0.08,25.16,0.09,176.54,0.92,10.0,0.91,143.54,0.93,38.83,0.94,73.8,0.01,0.01,2321.745308,1776250309000
1776250310.964,110.964,0.07,32.63,0.06,230.51,0.08,23.23,0.09,176.54,0.92,23.23,0.91,176.54,0.93,32.63,0.94,230.51,0.01,0.01,2321.591941,1776250310000
1776250311.88,111.88,0.07,32.63,0.06,230.51,0.08,23.23,0.09,176.54,0.92,23.23,0.91,176.54,0.93,32.63,0.94,230.51,0.01,0.01,2321.334454,1776250311000
1776250312.857,112.857,0.07,32.63,0.06,230.51,0.08,23.23,0.09,176.54,0.92,23.23,0.91,176.54,0.93,32.63,0.94,230.51,0.01,0.01,2321.286699,1776250312000
1776250313.065,113.065,0.07,138.43,0.06,320.51,0.08,79.23,0.09,118.66,0.92,79.23,0.91,118.66,0.93,140.63,0.94,320.51,0.01,0.01,2321.286699,1776250312000
1776250314.188,114.188,0.07,58.36,0.06,163.8,0.08,79.23,0.09,112.54,0.92,79.23,0.91,112.54,0.93,128.05,0.94,320.51,0.01,0.01,2321.286699,1776250312000
1776250314.924,114.924,0.07,58.36,0.06,163.8,0.08,79.23,0.09,112.54,0.92,79.23,0.91,112.54,0.93,58.36,0.94,163.8,0.01,0.01,2321.357773,1776250314000
1776250315.977,115.977,0.07,58.36,0.06,163.8,0.08,79.23,0.09,112.54,0.92,79.23,0.91,112.54,0.93,58.36,0.94,163.8,0.01,0.01,2321.475239,1776250315000
1776250316.37,116.37,0.07,163.66,0.06,254.59,0.08,19.07,0.09,8.54,0.92,79.23,0.91,112.54,0.93,58.36,0.94,163.8,0.01,0.01,2321.475239,1776250315000
1776250316.82,116.82,0.07,172.58,0.06,337.92,0.1,22.0,0.11,527.5,0.92,1.07,0.91,8.54,0.93,162.58,0.94,254.59,0.03,0.01,2321.475239,1776250315000
1776250317.065,117.065,0.07,172.58,0.06,337.92,0.1,22.0,0.11,527.5,0.9,22.0,0.89,527.5,0.93,172.58,0.94,337.92,0.03,0.03,2321.53783,1776250316000
1776250318.18,118.18,0.07,172.58,0.06,337.92,0.1,22.0,0.11,527.5,0.9,22.0,0.89,527.5,0.93,172.58,0.94,337.92,0.03,0.03,2321.566623,1776250317000
1776250318.709,118.709,0.1,140.5,0.09,95.0,0.13,14.92,0.14,105.91,0.9,22.0,0.89,527.5,0.93,172.58,0.94,337.92,0.03,0.03,2321.566623,1776250317000
1776250319.018,119.018,0.11,85.0,0.1,160.0,0.12,75.28,0.13,93.91,0.87,5.91,0.86,100.83,0.89,85.0,0.9,190.0,0.01,0.02,2321.566623,1776250317000
1776250319.287,119.287,0.11,160.0,0.1,200.0,0.12,90.64,0.13,120.91,0.88,75.28,0.87,93.91,0.89,85.0,0.9,160.0,0.01,0.01,2321.566623,1776250317000
1776250319.875,119.875,0.11,171.87,0.1,200.0,0.12,85.14,0.13,125.91,0.88,90.64,0.87,120.91,0.89,158.0,0.9,200.0,0.01,0.01,2321.577169,1776250318000
1776250320.136,120.136,0.11,155.0,0.1,210.5,0.12,95.0,0.13,125.91,0.88,90.14,0.87,125.91,0.89,161.81,0.9,200.0,0.01,0.01,2321.577169,1776250318000
1776250320.461,120.461,0.11,92.75,0.1,170.0,0.12,159.5,0.13,126.91,0.88,95.0,0.87,125.91,0.89,155.0,0.9,210.5,0.01,0.01,2321.732067,1776250319000
1776250321.425,121.425,0.11,92.75,0.1,170.0,0.12,159.5,0.13,126.91,0.88,159.5,0.87,126.91,0.89,92.75,0.9,170.0,0.01,0.01,2321.816741,1776250320000
1776250321.849,121.849,0.11,91.54,0.1,165.0,0.12,159.5,0.13,138.03,0.88,159.5,0.87,126.91,0.89,92.75,0.9,170.0,0.01,0.01,2321.816741,1776250320000
1776250322.058,122.058,0.11,91.54,0.1,165.0,0.12,159.5,0.13,138.03,0.88,159.5,0.87,138.03,0.89,91.54,0.9,165.0,0.01,0.01,2321.880122,1776250321000
1776250322.441,122.441,0.1,108.61,0.09,194.56,0.12,129.5,0.13,138.03,0.88,129.5,0.87,138.03,0.89,45.4,0.9,160.0,0.02,0.01,2321.880122,1776250321000
1776250323.099,123.099,0.1,108.61,0.09,194.56,0.12,129.5,0.13,138.03,0.88,129.5,0.87,138.03,0.9,108.61,0.91,194.56,0.02,0.02,2321.883582,1776250322000
1776250323.773,123.773,0.1,174.11,0.09,169.56,0.11,49.0,0.12,101.0,0.88,129.5,0.87,138.03,0.9,108.61,0.91,194.56,0.01,0.02,2321.883582,1776250322000
1776250324.195,124.195,0.1,174.11,0.09,169.56,0.11,49.0,0.12,101.0,0.89,49.0,0.88,101.0,0.9,174.11,0.91,169.56,0.01,0.01,2321.767626,1776250323000
1776250324.812,124.812,0.1,93.61,0.09,169.56,0.11,65.0,0.12,94.5,0.89,49.0,0.88,101.0,0.9,174.11,0.91,169.56,0.01,0.01,2321.767626,1776250323000
1776250325.056,125.056,0.1,88.05,0.09,125.56,0.11,70.0,0.12,94.5,0.89,65.0,0.88,94.5,0.9,93.61,0.91,169.56,0.01,0.01,2321.767626,1776250323000
1776250326.308,126.308,0.1,88.05,0.09,125.56,0.11,70.0,0.12,94.5,0.89,70.0,0.88,94.5,0.9,88.05,0.91,125.56,0.01,0.01,2321.936672,1776250325000
1776250326.695,126.695,0.1,188.55,0.09,156.56,0.12,6.0,0.15,50.0,0.89,70.0,0.88,94.5,0.9,88.05,0.91,125.56,0.02,0.01,2321.936672,1776250325000
1776250327.253,127.253,0.14,84.36,0.13,102.5,0.15,10.0,0.16,95.0,0.85,46.28,0.84,81.0,0.89,56.5,0.9,164.55,0.01,0.04,2321.936672,1776250325000
1776250328.049,128.049,0.15,57.0,0.14,74.36,0.16,99.91,0.17,122.54,0.85,9.91,0.84,95.0,0.86,89.36,0.87,102.5,0.01,0.01,2321.848441,1776250326000
1776250328.431,128.431,0.14,73.03,0.13,112.5,0.16,99.91,0.17,122.54,0.84,99.91,0.83,122.54,0.86,73.03,0.87,112.5,0.02,0.02,2321.9398,1776250327000
1776250329.165,129.165,0.13,76.25,0.12,138.6,0.14,96.0,0.15,85.5,0.84,99.91,0.83,122.54,0.86,73.03,0.87,112.5,0.01,0.02,2321.9398,1776250327000
1776250330.256,130.256,0.13,21.25,0.12,138.6,0.14,73.85,0.15,85.5,0.86,76.0,0.85,85.5,0.87,16.25,0.88,138.6,0.01,0.01,2322.07985,1776250328000
1776250331.225,131.225,0.13,16.25,0.12,63.1,0.14,81.7,0.15,85.5,0.86,81.7,0.85,85.5,0.87,16.25,0.88,63.1,0.01,0.01,2322.284014,1776250330000
1776250332.227,132.227,0.15,131.94,0.14,101.5,0.16,64.91,0.17,101.54,0.86,81.7,0.85,85.5,0.87,16.25,0.88,63.1,0.01,0.01,2322.284014,1776250330000
1776250333.221,133.221,0.15,131.94,0.14,101.5,0.16,64.91,0.17,101.54,0.84,64.91,0.83,101.54,0.85,131.94,0.86,101.5,0.01,0.01,2322.269802,1776250332000
1776250334.495,134.495,0.15,131.94,0.14,101.5,0.16,64.91,0.17,101.54,0.84,64.91,0.83,101.54,0.85,131.94,0.86,101.5,0.01,0.01,2322.406553,1776250333000
1776250334.957,134.957,0.16,160.5,0.15,142.49,0.21,25.0,0.22,55.0,0.84,64.91,0.83,101.54,0.85,131.94,0.86,101.5,0.05,0.01,2322.406553,1776250333000
1776250335.188,135.188,0.2,20.0,0.19,42.38,0.22,65.5,0.23,97.5,0.79,25.0,0.78,55.0,0.84,160.5,0.85,142.49,0.02,0.05,2322.483854,1776250334000
1776250336.468,136.468,0.2,20.0,0.19,42.38,0.22,65.5,0.23,97.5,0.78,65.5,0.77,97.5,0.8,20.0,0.81,42.38,0.02,0.02,2322.540829,1776250335000
1776250337.233,137.233,0.2,20.0,0.19,42.38,0.22,65.5,0.23,97.5,0.78,65.5,0.77,97.5,0.8,20.0,0.81,42.38,0.02,0.02,2322.630003,1776250336000
1776250337.788,137.788,0.2,215.85,0.19,106.5,0.22,10.0,0.23,82.0,0.78,65.5,0.77,97.5,0.8,20.0,0.81,42.38,0.02,0.02,2322.630003,1776250336000
1776250338.577,138.577,0.21,20.5,0.2,205.85,0.23,77.0,0.24,133.5,0.77,77.0,0.76,133.5,0.79,20.5,0.8,205.85,0.02,0.02,2322.76552,1776250337000
1776250339.16,139.16,0.21,20.5,0.2,205.85,0.23,77.0,0.24,133.5,0.77,77.0,0.76,133.5,0.79,20.5,0.8,205.85,0.02,0.02,2322.792954,1776250338000
1776250339.648,139.648,0.2,15.28,0.18,6.0,0.21,147.5,0.22,114.5,0.77,77.0,0.76,133.5,0.79,20.5,0.8,205.85,0.01,0.02,2322.792954,1776250338000
1776250340.216,140.216,0.19,15.0,0.18,101.0,0.2,7.52,0.21,15.0,0.8,5.72,0.79,137.5,0.82,6.0,0.84,10.0,0.01,0.02,2322.792954,1776250338000
1776250340.423,140.423,0.19,14.0,0.18,101.0,0.2,2.52,0.21,15.0,0.8,2.52,0.79,15.0,0.81,30.0,0.82,101.0,0.01,0.01,2322.792954,1776250338000
1776250340.793,140.793,0.19,22.64,0.18,116.5,0.2,12.52,0.21,20.0,0.8,2.52,0.79,67.0,0.81,14.0,0.82,101.0,0.01,0.01,2322.918916,1776250339000
1776250341.224,141.224,0.19,22.64,0.18,116.5,0.2,12.52,0.21,20.0,0.8,12.52,0.79,20.0,0.81,22.64,0.82,116.5,0.01,0.01,2322.800261,1776250340000
1776250341.597,141.597,0.21,78.6,0.2,40.5,0.22,14.54,0.23,97.5,0.78,9.54,0.77,87.0,0.81,112.78,0.82,171.5,0.01,0.03,2322.800261,1776250340000
1776250341.945,141.945,0.21,83.6,0.2,90.5,0.22,14.49,0.23,97.5,0.78,14.54,0.77,97.5,0.79,78.6,0.8,40.5,0.01,0.01,2322.800261,1776250340000
1776250342.237,142.237,0.21,78.6,0.2,70.5,0.22,9.44,0.23,97.5,0.78,14.49,0.77,97.5,0.79,83.6,0.8,90.5,0.01,0.01,2322.800261,1776250340000
1776250342.507,142.507,0.21,111.52,0.2,70.5,0.22,9.44,0.23,97.5,0.78,9.44,0.77,97.5,0.79,111.52,0.8,70.5,0.01,0.01,2322.828346,1776250341000
1776250343.205,143.205,0.21,111.52,0.2,70.5,0.22,9.44,0.23,97.5,0.78,9.44,0.77,97.5,0.79,111.52,0.8,70.5,0.01,0.01,2322.936343,1776250342000
1776250343.904,143.904,0.21,22.02,0.2,65.5,0.22,96.39,0.23,102.5,0.78,9.44,0.77,97.5,0.79,111.52,0.8,70.5,0.01,0.01,2322.936343,1776250342000
1776250344.504,144.504,0.19,10.0,0.18,91.0,0.21,37.21,0.22,79.94,0.78,101.39,0.77,102.5,0.81,46.92,0.82,171.5,0.02,0.03,2322.936343,1776250342000
1776250345.081,145.081,0.18,108.14,0.17,25.5,0.19,32.0,0.2,20.0,0.79,37.21,0.78,79.94,0.81,10.0,0.82,91.0,0.01,0.02,2322.94245,1776250343000
1776250345.674,145.674,0.18,116.92,0.17,30.5,0.19,22.0,0.2,25.0,0.81,32.0,0.8,20.0,0.82,108.14,0.83,25.5,0.01,0.01,2322.94245,1776250343000
1776250346.274,146.274,0.18,116.92,0.17,30.5,0.19,22.0,0.2,25.0,0.81,22.0,0.8,25.0,0.82,116.92,0.83,30.5,0.01,0.01,2322.9,1776250345000
1776250346.482,146.482,0.18,84.72,0.17,80.5,0.19,15.0,0.2,21.0,0.81,22.0,0.8,25.0,0.82,116.92,0.83,30.5,0.01,0.01,2322.9,1776250345000
1776250347.261,147.261,0.18,84.72,0.17,80.5,0.2,21.0,0.21,25.5,0.8,21.0,0.79,25.5,0.82,84.72,0.83,80.5,0.02,0.02,2322.870849,1776250346000
1776250348.251,148.251,0.18,84.72,0.17,80.5,0.2,21.0,0.21,25.5,0.8,21.0,0.79,25.5,0.82,84.72,0.83,80.5,0.02,0.02,2322.826598,1776250347000
1776250349.323,149.323,0.18,84.72,0.17,80.5,0.2,21.0,0.21,25.5,0.8,21.0,0.79,25.5,0.82,84.72,0.83,80.5,0.02,0.02,2322.90587,1776250348000
1776250350.317,150.317,0.19,16.54,0.18,109.72,0.2,85.5,0.21,109.5,0.8,21.0,0.79,25.5,0.82,84.72,0.83,80.5,0.01,0.02,2322.90587,1776250348000
1776250350.555,150.555,0.19,15.3,0.18,109.72,0.2,90.5,0.21,109.5,0.8,85.5,0.79,109.5,0.81,16.54,0.82,109.72,0.01,0.01,2322.878274,1776250349000
1776250351.031,151.031,0.19,15.3,0.18,109.72,0.2,84.2,0.21,109.5,0.8,84.2,0.79,109.5,0.81,15.3,0.82,109.72,0.01,0.01,2322.906858,1776250350000
1776250351.423,151.423,0.19,14.06,0.18,109.72,0.2,84.2,0.21,122.5,0.8,84.2,0.79,109.5,0.81,15.3,0.82,109.72,0.01,0.01,2322.906858,1776250350000
1776250352.148,152.148,0.19,14.06,0.18,109.72,0.2,84.2,0.21,122.5,0.8,84.2,0.79,122.5,0.81,14.06,0.82,109.72,0.01,0.01,2322.909441,1776250351000
1776250353.169,153.169,0.19,14.06,0.18,109.72,0.2,84.2,0.21,122.5,0.8,84.2,0.79,122.5,0.81,14.06,0.82,109.72,0.01,0.01,2322.854816,1776250352000
1776250354.105,154.105,0.19,14.06,0.18,109.72,0.2,84.2,0.21,122.5,0.8,84.2,0.79,122.5,0.81,14.06,0.82,109.72,0.01,0.01,2322.846816,1776250353000
1776250354.448,154.448,0.18,64.09,0.17,10.0,0.19,154.5,0.2,125.2,0.8,84.2,0.79,122.5,0.81,14.06,0.82,109.72,0.01,0.01,2322.846816,1776250353000
1776250355.109,155.109,0.18,32.09,0.17,25.0,0.19,154.5,0.2,150.57,0.81,154.5,0.8,150.57,0.82,32.09,0.83,25.0,0.01,0.01,2322.764755,1776250354000
1776250355.935,155.935,0.18,96.37,0.17,85.5,0.19,49.0,0.2,122.57,0.81,122.5,0.8,117.57,0.82,50.87,0.83,35.5,0.01,0.01,2322.764755,1776250354000
1776250357.091,157.091,0.18,90.15,0.17,85.5,0.19,59.0,0.2,155.01,0.81,49.0,0.8,122.57,0.82,96.37,0.83,85.5,0.01,0.01,2322.758023,1776250355000
1776250357.734,157.734,0.18,16.25,0.17,5.0,0.19,219.5,0.2,155.01,0.81,59.0,0.8,155.01,0.82,90.15,0.83,85.5,0.01,0.01,2322.75365,1776250356000
1776250358.264,158.264,0.18,14.94,0.16,80.0,0.19,224.5,0.2,155.01,0.81,224.5,0.8,155.01,0.82,14.94,0.84,80.0,0.01,0.01,2322.821269,1776250357000
1776250359.646,159.646,0.18,14.94,0.16,80.0,0.19,224.5,0.2,155.01,0.81,224.5,0.8,155.01,0.82,14.94,0.84,80.0,0.01,0.01,2322.8093,1776250358000
1776250360.229,160.229,0.13,35.0,0.12,180.0,0.14,167.35,0.15,138.5,0.81,224.5,0.8,155.01,0.82,14.94,0.84,80.0,0.01,0.01,2322.8093,1776250358000
1776250360.56,160.56,0.13,35.0,0.12,180.0,0.14,164.7,0.15,138.5,0.86,164.7,0.85,138.5,0.87,35.0,0.88,180.0,0.01,0.01,2322.611003,1776250359000
1776250361.224,161.224,0.13,35.0,0.12,180.0,0.14,164.7,0.15,138.5,0.86,164.7,0.85,138.5,0.87,35.0,0.88,180.0,0.01,0.01,2322.527424,1776250360000
1776250361.436,161.436,0.12,185.0,0.11,210.95,0.13,17.65,0.14,139.7,0.86,164.7,0.85,138.5,0.87,35.0,0.88,180.0,0.01,0.01,2322.527424,1776250360000
1776250362.839,162.839,0.12,185.0,0.11,210.95,0.13,17.65,0.14,139.7,0.87,17.65,0.86,139.7,0.88,185.0,0.89,210.95,0.01,0.01,2322.4523,1776250361000
1776250363.413,163.413,0.12,98.5,0.11,215.95,0.13,160.68,0.14,136.7,0.87,17.65,0.86,139.7,0.88,185.0,0.89,210.95,0.01,0.01,2322.4523,1776250361000
1776250363.661,163.661,0.12,97.13,0.11,215.95,0.13,160.68,0.14,136.7,0.87,160.68,0.86,136.7,0.88,102.36,0.89,215.95,0.01,0.01,2322.477407,1776250362000
1776250364.185,164.185,0.12,97.13,0.11,215.95,0.13,160.68,0.14,136.7,0.87,160.68,0.86,136.7,0.88,97.13,0.89,215.95,0.01,0.01,2322.367214,1776250363000
1776250364.62,164.62,0.12,90.53,0.11,170.5,0.13,164.56,0.14,141.7,0.87,160.68,0.86,136.7,0.88,97.13,0.89,215.95,0.01,0.01,2322.367214,1776250363000
1776250364.923,164.923,0.12,77.39,0.11,165.5,0.13,179.56,0.14,131.7,0.87,164.56,0.86,141.7,0.88,90.53,0.89,170.5,0.01,0.01,2322.367214,1776250363000
1776250365.766,165.766,0.12,72.16,0.11,165.5,0.13,179.56,0.14,131.7,0.87,179.56,0.86,131.7,0.88,72.16,0.89,165.5,0.01,0.01,2322.293293,1776250364000
1776250366.483,166.483,0.12,72.16,0.11,165.5,0.13,179.56,0.14,131.7,0.87,179.56,0.86,131.7,0.88,72.16,0.89,165.5,0.01,0.01,2322.3365,1776250365000
1776250367.245,167.245,0.12,72.16,0.11,165.5,0.13,179.56,0.14,131.7,0.87,179.56,0.86,131.7,0.88,72.16,0.89,165.5,0.01,0.01,2322.33655,1776250366000
1776250367.841,167.841,0.12,55.52,0.11,210.95,0.13,215.18,0.14,128.7,0.87,179.56,0.86,131.7,0.88,72.16,0.89,165.5,0.01,0.01,2322.33655,1776250366000
1776250368.678,168.678,0.12,54.11,0.11,210.95,0.13,215.18,0.14,128.7,0.87,215.18,0.86,128.7,0.88,54.11,0.89,210.95,0.01,0.01,2322.3172,1776250367000
1776250369.32,169.32,0.12,54.11,0.11,210.95,0.13,215.18,0.14,128.7,0.87,215.18,0.86,128.7,0.88,54.11,0.89,210.95,0.01,0.01,2322.31235,1776250368000
1776250370.097,170.097,0.12,54.11,0.11,210.95,0.13,215.18,0.14,128.7,0.87,215.18,0.86,128.7,0.88,54.11,0.89,210.95,0.01,0.01,2322.31235,1776250369000
1776250370.695,170.695,0.12,46.83,0.11,200.95,0.13,202.5,0.14,152.49,0.87,215.18,0.86,128.7,0.88,54.11,0.89,210.95,0.01,0.01,2322.31235,1776250369000
1776250371.087,171.087,0.12,70.83,0.11,260.95,0.13,25.0,0.14,134.79,0.87,202.5,0.86,152.49,0.88,46.83,0.89,200.95,0.01,0.01,2322.31235,1776250369000
1776250371.423,171.423,0.12,65.83,0.11,265.95,0.13,90.76,0.14,136.5,0.87,25.0,0.86,134.79,0.88,70.83,0.89,260.95,0.01,0.01,2322.31235,1776250369000
1776250372.328,172.328,0.12,65.83,0.11,265.95,0.13,90.76,0.14,136.5,0.87,90.76,0.86,136.5,0.88,65.83,0.89,265.95,0.01,0.01,2322.327,1776250371000
1776250373.059,173.059,0.12,65.83,0.11,265.95,0.13,90.76,0.14,136.5,0.87,90.76,0.86,136.5,0.88,65.83,0.89,265.95,0.01,0.01,2322.40557,1776250372000
1776250373.428,173.428,0.15,43.92,0.14,91.5,0.16,75.0,0.17,88.5,0.85,50.0,0.84,97.0,0.87,40.5,0.88,135.83,0.01,0.02,2322.40557,1776250372000
1776250374.441,174.441,0.15,43.92,0.14,91.5,0.16,75.0,0.17,88.5,0.84,75.0,0.83,88.5,0.85,43.92,0.86,91.5,0.01,0.01,2322.500378,1776250373000
1776250375.184,175.184,0.15,43.92,0.14,91.5,0.16,75.0,0.17,88.5,0.84,75.0,0.83,88.5,0.85,43.92,0.86,91.5,0.01,0.01,2322.57906,1776250374000
1776250376.179,176.179,0.15,73.92,0.14,86.5,0.16,68.13,0.17,120.5,0.84,75.0,0.83,88.5,0.85,43.92,0.86,91.5,0.01,0.01,2322.57906,1776250374000
1776250376.451,176.451,0.15,75.39,0.14,91.5,0.16,118.13,0.17,120.5,0.84,68.13,0.83,120.5,0.85,73.92,0.86,86.5,0.01,0.01,2322.57906,1776250374000
1776250377.15,177.15,0.15,53.71,0.14,91.5,0.16,78.6,0.17,151.93,0.84,118.13,0.83,120.5,0.85,75.39,0.86,91.5,0.01,0.01,2322.7563,1776250375000
1776250377.398,177.398,0.15,53.71,0.14,91.5,0.16,78.6,0.17,151.93,0.84,78.6,0.83,151.93,0.85,53.71,0.86,91.5,0.01,0.01,2322.76625,1776250376000
1776250378.446,178.446,0.15,53.71,0.14,91.5,0.16,78.6,0.17,151.93,0.84,78.6,0.83,151.93,0.85,53.71,0.86,91.5,0.01,0.01,2322.7712,1776250377000
1776250378.707,178.707,0.15,46.71,0.14,51.5,0.16,100.1,0.17,156.93,0.84,78.6,0.83,151.93,0.85,53.71,0.86,91.5,0.01,0.01,2322.7712,1776250377000
1776250379.006,179.006,0.15,46.71,0.14,51.5,0.16,100.1,0.17,156.93,0.84,100.1,0.83,156.93,0.85,46.71,0.86,51.5,0.01,0.01,2322.7712,1776250378000
1776250379.69,179.69,0.15,103.68,0.14,91.5,0.16,10.0,0.17,47.0,0.84,100.1,0.83,156.93,0.85,46.71,0.86,51.5,0.01,0.01,2322.7712,1776250378000
1776250380.095,180.095,0.15,103.68,0.14,91.5,0.16,10.0,0.17,47.0,0.84,10.0,0.83,47.0,0.85,103.68,0.86,91.5,0.01,0.01,2322.7712,1776250379000
1776250380.375,180.375,0.15,103.68,0.14,91.5,0.16,42.75,0.17,82.0,0.84,10.0,0.83,47.0,0.85,103.68,0.86,91.5,0.01,0.01,2322.7712,1776250379000
1776250380.618,180.618,0.15,88.18,0.14,91.5,0.16,113.24,0.17,47.5,0.84,42.75,0.83,82.0,0.85,103.68,0.86,91.5,0.01,0.01,2322.7712,1776250379000
1776250380.886,180.886,0.14,20.5,0.13,102.5,0.15,10.0,0.16,259.74,0.84,113.24,0.83,47.5,0.85,88.18,0.86,91.5,0.01,0.01,2322.7712,1776250379000
1776250381.235,181.235,0.14,20.5,0.13,102.5,0.15,10.0,0.16,259.74,0.85,10.0,0.84,259.74,0.86,20.5,0.87,102.5,0.01,0.01,2322.78185,1776250380000
1776250382.2,182.2,0.14,20.5,0.13,102.5,0.15,10.0,0.16,259.74,0.85,10.0,0.84,259.74,0.86,20.5,0.87,102.5,0.01,0.01,2322.78185,1776250381000
1776250383.14,183.14,0.16,49.5,0.15,120.5,0.18,20.94,0.19,25.0,0.87,129.0,0.86,55.0,0.88,129.47,0.89,220.5,0.02,0.01,2322.78185,1776250381000
1776250383.455,183.455,0.17,6.4,0.16,59.5,0.18,25.94,0.19,25.0,0.82,20.94,0.81,25.0,0.84,49.5,0.85,120.5,0.01,0.02,2322.6882,1776250382000
1776250384.075,184.075,0.17,82.85,0.16,59.5,0.18,10.0,0.19,44.0,0.82,25.94,0.81,25.0,0.83,6.4,0.84,59.5,0.01,0.01,2322.6882,1776250382000
1776250385.243,185.243,0.17,68.5,0.16,99.5,0.18,17.0,0.19,54.5,0.82,31.0,0.81,44.0,0.83,79.5,0.84,109.5,0.01,0.01,2322.784166,1776250383000
1776250385.584,185.584,0.18,10.5,0.17,83.5,0.19,44.0,0.2,85.5,0.82,17.0,0.81,54.5,0.83,68.5,0.84,99.5,0.01,0.01,2323.031337,1776250384000
1776250385.942,185.942,0.18,10.5,0.17,83.5,0.19,44.0,0.2,85.5,0.81,44.0,0.8,85.5,0.82,10.5,0.83,83.5,0.01,0.01,2323.040558,1776250385000
1776250387.037,187.037,0.18,10.5,0.17,83.5,0.19,44.0,0.2,85.5,0.81,44.0,0.8,85.5,0.82,10.5,0.83,83.5,0.01,0.01,2323.05755,1776250386000
1776250387.798,187.798,0.18,53.56,0.17,68.5,0.19,56.0,0.2,56.0,0.81,44.0,0.8,85.5,0.82,10.5,0.83,83.5,0.01,0.01,2323.05755,1776250386000
1776250388.098,188.098,0.18,53.56,0.17,68.5,0.19,56.0,0.2,56.0,0.81,56.0,0.8,56.0,0.82,53.56,0.83,68.5,0.01,0.01,2323.05755,1776250387000
1776250388.754,188.754,0.2,100.5,0.19,85.26,0.21,14.95,0.22,99.0,0.79,26.0,0.78,92.0,0.81,15.26,0.82,95.5,0.01,0.02,2323.05755,1776250387000
1776250389.137,189.137,0.2,100.5,0.19,85.26,0.21,14.95,0.22,99.0,0.79,14.95,0.78,99.0,0.8,100.5,0.81,85.26,0.01,0.01,2323.0766,1776250388000
1776250390.183,190.183,0.2,100.5,0.19,85.26,0.21,14.95,0.22,99.0,0.79,14.95,0.78,99.0,0.8,100.5,0.81,85.26,0.01,0.01,2323.3806,1776250389000
1776250391.21,191.21,0.2,100.5,0.19,85.26,0.21,14.95,0.22,99.0,0.79,14.95,0.78,99.0,0.8,100.5,0.81,85.26,0.01,0.01,2323.384865,1776250390000
1776250391.512,191.512,0.2,100.0,0.19,85.26,0.21,27.0,0.22,44.0,0.79,14.95,0.78,99.0,0.8,100.5,0.81,85.26,0.01,0.01,2323.384865,1776250390000
1776250391.881,191.881,0.2,108.66,0.19,85.26,0.21,10.0,0.22,25.0,0.79,7.0,0.78,44.0,0.8,95.0,0.81,85.26,0.01,0.01,2323.384865,1776250390000
1776250392.151,192.151,0.2,113.66,0.19,85.26,0.22,20.0,0.23,20.0,0.78,20.0,0.77,20.0,0.8,113.66,0.81,85.26,0.02,0.02,2323.30435,1776250391000
1776250393.21,193.21,0.2,113.66,0.19,85.26,0.22,20.0,0.23,20.0,0.78,20.0,0.77,20.0,0.8,113.66,0.81,85.26,0.02,0.02,2323.426025,1776250392000
1776250393.764,193.764,0.22,105.5,0.21,75.5,0.24,125.0,0.25,60.0,0.78,20.0,0.77,20.0,0.8,113.66,0.81,85.26,0.02,0.02,2323.426025,1776250392000
1776250394.176,194.176,0.23,100.5,0.22,80.5,0.24,105.0,0.25,85.0,0.76,125.0,0.75,60.0,0.78,105.5,0.79,75.5,0.01,0.02,2323.426025,1776250392000
1776250394.679,194.679,0.23,99.2,0.22,80.5,0.24,70.0,0.25,85.0,0.76,105.0,0.75,85.0,0.77,100.5,0.78,80.5,0.01,0.01,2323.426025,1776250392000
1776250395.006,195.006,0.23,212.49,0.22,125.5,0.25,7.0,0.26,35.0,0.76,70.0,0.75,85.0,0.77,99.2,0.78,80.5,0.02,0.01,2323.49975,1776250393000
1776250395.264,195.264,0.25,23.0,0.23,212.49,0.26,35.0,0.27,25.0,0.74,35.0,0.73,25.0,0.75,23.0,0.76,10.5,0.01,0.01,2323.6066,1776250394000
1776250395.626,195.626,0.26,78.42,0.25,48.5,0.28,10.0,0.29,182.5,0.74,35.0,0.73,25.0,0.75,23.0,0.76,10.5,0.02,0.01,2323.6066,1776250394000
1776250396.409,196.409,0.26,150.0,0.25,48.5,0.27,12.03,0.28,37.0,0.72,10.0,0.71,182.5,0.74,78.42,0.75,48.5,0.01,0.02,2323.6066,1776250394000
1776250396.988,196.988,0.26,150.0,0.25,85.54,0.27,6.98,0.28,37.0,0.73,6.98,0.72,37.0,0.74,150.0,0.75,85.54,0.01,0.01,2323.73915,1776250396000
1776250397.811,197.811,0.24,9.7,0.23,25.3,0.26,23.0,0.27,36.98,0.73,6.98,0.72,37.0,0.74,150.0,0.75,85.54,0.02,0.01,2323.73915,1776250396000
1776250398.078,198.078,0.23,5.0,0.22,176.0,0.26,20.3,0.27,36.98,0.74,20.3,0.73,36.98,0.77,5.0,0.78,176.0,0.03,0.03,2323.73925,1776250397000
1776250398.284,198.284,0.22,78.05,0.2,40.0,0.26,62.3,0.27,17.98,0.74,45.3,0.73,17.98,0.78,84.46,0.8,40.0,0.04,0.04,2323.73925,1776250397000
1776250399.22,199.22,0.22,69.05,0.21,10.0,0.26,62.3,0.27,17.98,0.74,62.3,0.73,17.98,0.78,69.05,0.79,10.0,0.04,0.04,2323.659356,1776250398000
1776250399.537,199.537,0.23,21.36,0.22,68.66,0.24,10.0,0.25,26.0,0.77,10.0,0.76,15.0,0.78,83.66,0.79,10.0,0.01,0.01,2323.659356,1776250398000
1776250400.214,200.214,0.23,18.7,0.22,69.1,0.24,10.0,0.25,20.0,0.76,10.0,0.75,26.0,0.78,64.1,0.79,10.0,0.01,0.02,2323.659356,1776250398000
1776250400.55,200.55,0.23,18.7,0.22,69.1,0.24,10.0,0.25,20.0,0.76,10.0,0.75,20.0,0.77,18.7,0.78,69.1,0.01,0.01,2323.6221,1776250399000
1776250401.19,201.19,0.23,64.7,0.22,119.1,0.24,25.0,0.25,30.0,0.76,25.0,0.75,30.0,0.77,64.7,0.78,119.1,0.01,0.01,2323.5444,1776250400000
1776250402.279,202.279,0.29,140.0,0.28,236.5,0.3,44.5,0.31,40.0,0.76,25.0,0.75,30.0,0.77,64.7,0.78,119.1,0.01,0.01,2323.5444,1776250400000
1776250402.607,202.607,0.3,85.05,0.29,177.0,0.31,45.0,0.32,120.0,0.69,40.0,0.68,115.0,0.71,140.0,0.72,186.45,0.01,0.02,2323.59849,1776250401000
1776250402.853,202.853,0.3,32.89,0.29,201.0,0.31,45.0,0.32,120.0,0.69,45.0,0.68,120.0,0.7,61.47,0.71,177.0,0.01,0.01,2323.59849,1776250401000
1776250403.127,203.127,0.3,19.84,0.29,186.5,0.31,50.0,0.32,120.0,0.69,45.0,0.68,120.0,0.7,32.89,0.71,201.0,0.01,0.01,2323.59849,1776250401000
1776250403.399,203.399,0.3,19.84,0.29,186.5,0.31,50.0,0.32,120.0,0.69,50.0,0.68,120.0,0.7,19.84,0.71,186.5,0.01,0.01,2323.736534,1776250402000
1776250403.882,203.882,0.3,16.92,0.29,105.0,0.31,55.0,0.32,130.5,0.69,50.0,0.68,120.0,0.7,19.84,0.71,186.5,0.01,0.01,2323.736534,1776250402000
1776250404.738,204.738,0.3,16.92,0.29,110.0,0.31,26.77,0.32,130.5,0.69,55.0,0.68,130.5,0.7,16.92,0.71,105.0,0.01,0.01,2323.749694,1776250403000
1776250405.097,205.097,0.3,16.92,0.29,110.0,0.31,26.77,0.32,130.5,0.69,26.77,0.68,130.5,0.7,16.92,0.71,110.0,0.01,0.01,2323.985343,1776250404000
1776250406.263,206.263,0.25,21.77,0.24,119.7,0.3,74.0,0.31,92.27,0.69,37.27,0.68,180.5,0.71,60.0,0.72,130.0,0.05,0.02,2323.985343,1776250404000
1776250407.302,207.302,0.25,20.0,0.24,35.0,0.26,78.15,0.27,35.0,0.7,74.0,0.69,92.27,0.75,21.77,0.76,119.7,0.01,0.05,2323.98875,1776250405000
1776250407.593,207.593,0.25,20.0,0.24,35.0,0.26,78.15,0.27,35.0,0.74,78.15,0.73,35.0,0.75,20.0,0.76,35.0,0.01,0.01,2323.83255,1776250406000
1776250408.045,208.045,0.25,6.66,0.24,35.0,0.26,88.15,0.27,75.0,0.74,78.15,0.73,35.0,0.75,20.0,0.76,35.0,0.01,0.01,2323.83255,1776250406000
1776250408.266,208.266,0.24,25.0,0.23,60.0,0.25,6.34,0.26,107.15,0.74,88.15,0.73,75.0,0.75,6.66,0.76,35.0,0.01,0.01,2323.770195,1776250407000
1776250408.999,208.999,0.24,25.0,0.23,60.0,0.25,6.34,0.26,107.15,0.75,6.34,0.74,107.15,0.76,25.0,0.77,60.0,0.01,0.01,2323.583474,1776250408000
1776250409.922,209.922,0.24,25.0,0.23,60.0,0.25,6.34,0.26,107.15,0.75,6.34,0.74,107.15,0.76,25.0,0.77,60.0,0.01,0.01,2323.495593,1776250409000
1776250410.779,210.779,0.2,115.0,0.18,84.4,0.21,140.59,0.22,100.5,0.75,6.34,0.74,107.15,0.76,25.0,0.77,60.0,0.01,0.01,2323.495593,1776250409000
1776250411.965,211.965,0.2,115.0,0.18,84.4,0.21,140.59,0.22,100.5,0.79,140.59,0.78,100.5,0.8,115.0,0.82,84.4,0.01,0.01,2323.3124,1776250411000
1776250412.869,212.869,0.2,115.0,0.18,84.4,0.21,140.59,0.22,100.5,0.79,140.59,0.78,100.5,0.8,115.0,0.82,84.4,0.01,0.01,2323.1474,1776250412000
1776250413.819,213.819,0.2,115.0,0.18,84.4,0.21,140.59,0.22,100.5,0.79,140.59,0.78,100.5,0.8,115.0,0.82,84.4,0.01,0.01,2323.24455,1776250413000
1776250414.204,214.204,0.14,75.0,0.13,25.0,0.15,13.33,0.16,37.5,0.79,140.59,0.78,100.5,0.8,115.0,0.82,84.4,0.01,0.01,2323.24455,1776250413000
1776250414.812,214.812,0.14,8.83,0.13,25.0,0.15,34.0,0.16,69.0,0.85,13.33,0.84,37.5,0.86,75.0,0.87,25.0,0.01,0.01,2323.24455,1776250413000
1776250415.348,215.348,0.14,13.83,0.13,25.0,0.15,34.0,0.16,64.0,0.85,34.0,0.84,69.0,0.86,8.83,0.87,25.0,0.01,0.01,2323.138806,1776250414000
1776250415.88,215.88,0.14,2.2,0.13,25.0,0.15,34.0,0.16,64.0,0.85,34.0,0.84,64.0,0.86,2.2,0.87,25.0,0.01,0.01,2323.315735,1776250415000
1776250416.828,216.828,0.14,2.2,0.13,25.0,0.15,34.0,0.16,64.0,0.85,34.0,0.84,64.0,0.86,2.2,0.87,25.0,0.01,0.01,2323.16345,1776250416000
1776250417.851,217.851,0.14,2.2,0.13,25.0,0.15,34.0,0.16,64.0,0.85,34.0,0.84,64.0,0.86,2.2,0.87,25.0,0.01,0.01,2323.274938,1776250417000
1776250418.806,218.806,0.14,2.2,0.13,25.0,0.15,34.0,0.16,64.0,0.85,34.0,0.84,64.0,0.86,2.2,0.87,25.0,0.01,0.01,2323.14935,1776250418000
1776250420.591,220.591,0.14,2.2,0.13,25.0,0.15,34.0,0.16,64.0,0.85,34.0,0.84,64.0,0.86,2.2,0.87,25.0,0.01,0.01,2323.16682,1776250419000
1776250420.81,220.81,0.12,53.46,0.11,372.34,0.16,46.65,0.17,29.0,0.85,0.9,0.84,60.0,0.88,53.46,0.89,372.34,0.04,0.03,2323.16682,1776250419000
1776250421.286,221.286,0.13,10.5,0.12,53.46,0.16,37.65,0.17,29.0,0.84,37.65,0.83,29.0,0.87,10.5,0.88,53.46,0.03,0.03,2323.13655,1776250420000
1776250421.488,221.488,0.14,145.5,0.13,75.5,0.15,9.86,0.16,32.65,0.84,37.65,0.83,29.0,0.87,10.5,0.88,53.46,0.01,0.03,2323.13655,1776250420000
1776250421.864,221.864,0.14,145.5,0.13,75.5,0.15,6.14,0.16,32.65,0.85,9.72,0.84,32.65,0.86,150.5,0.87,75.5,0.01,0.01,2323.13655,1776250420000
1776250422.363,222.363,0.15,95.5,0.14,200.5,0.16,10.15,0.17,10.0,0.85,6.14,0.84,32.65,0.86,145.5,0.87,75.5,0.01,0.01,2323.13655,1776250420000
1776250422.698,222.698,0.15,95.5,0.14,200.5,0.16,10.15,0.17,10.0,0.84,10.15,0.83,10.0,0.85,95.5,0.86,200.5,0.01,0.01,2323.339875,1776250421000
1776250423.414,223.414,0.15,95.5,0.14,200.5,0.16,10.15,0.17,10.0,0.84,10.15,0.83,10.0,0.85,95.5,0.86,200.5,0.01,0.01,2323.437656,1776250422000
1776250424.132,224.132,0.15,95.5,0.14,200.5,0.16,10.15,0.17,10.0,0.84,10.15,0.83,10.0,0.85,95.5,0.86,200.5,0.01,0.01,2323.386415,1776250423000
1776250425.408,225.408,0.15,95.5,0.14,200.5,0.16,10.15,0.17,10.0,0.84,10.15,0.83,10.0,0.85,95.5,0.86,200.5,0.01,0.01,2323.439909,1776250424000
1776250426.071,226.071,0.15,95.5,0.14,200.5,0.16,10.15,0.17,10.0,0.84,10.15,0.83,10.0,0.85,95.5,0.86,200.5,0.01,0.01,2323.463035,1776250425000
1776250426.922,226.922,0.14,53.75,0.13,96.8,0.15,15.0,0.16,35.65,0.84,10.15,0.83,10.0,0.85,95.5,0.86,200.5,0.01,0.01,2323.463035,1776250425000
1776250427.433,227.433,0.14,53.75,0.13,96.8,0.15,15.0,0.16,35.65,0.85,15.0,0.84,35.65,0.86,53.75,0.87,96.8,0.01,0.01,2323.393972,1776250426000
1776250428.121,228.121,0.14,73.5,0.13,75.0,0.15,7.86,0.16,30.65,0.85,15.0,0.84,35.65,0.86,53.75,0.87,96.8,0.01,0.01,2323.393972,1776250426000
1776250429.098,229.098,0.16,8.85,0.15,49.5,0.17,25.0,0.18,30.0,0.85,0.72,0.84,30.65,0.86,73.5,0.87,75.0,0.01,0.01,2323.3908,1776250427000
1776250429.531,229.531,0.16,8.85,0.15,49.5,0.17,25.0,0.18,30.0,0.83,25.0,0.82,30.0,0.84,8.85,0.85,49.5,0.01,0.01,2323.2893,1776250428000
1776250430.184,230.184,0.16,8.85,0.15,49.5,0.17,25.0,0.18,30.0,0.83,25.0,0.82,30.0,0.84,8.85,0.85,49.5,0.01,0.01,2323.305,1776250429000
1776250430.793,230.793,0.16,83.33,0.15,183.7,0.17,10.0,0.18,30.0,0.83,25.0,0.82,30.0,0.84,8.85,0.85,49.5,0.01,0.01,2323.305,1776250429000
1776250431.64,231.64,0.16,83.33,0.15,183.7,0.17,10.0,0.18,30.0,0.83,10.0,0.82,30.0,0.84,83.33,0.85,183.7,0.01,0.01,2323.465762,1776250430000
1776250431.951,231.951,0.15,71.2,0.14,29.9,0.16,103.5,0.17,77.5,0.83,10.0,0.82,30.0,0.84,83.33,0.85,183.7,0.01,0.01,2323.465762,1776250430000
1776250432.33,232.33,0.15,71.2,0.14,29.9,0.16,103.5,0.17,77.5,0.84,103.5,0.83,77.5,0.85,71.2,0.86,29.9,0.01,0.01,2323.510386,1776250431000
1776250433.064,233.064,0.15,71.2,0.14,29.9,0.16,103.5,0.17,77.5,0.84,103.5,0.83,77.5,0.85,71.2,0.86,29.9,0.01,0.01,2323.50205,1776250432000
1776250434.276,234.276,0.09,100.0,0.08,281.0,0.1,166.5,0.11,115.5,0.88,31.18,0.87,58.24,0.91,150.0,0.92,275.0,0.01,0.03,2323.50205,1776250432000
1776250435.225,235.225,0.08,286.0,0.07,180.3,0.09,84.38,0.1,124.5,0.9,166.5,0.89,115.5,0.91,100.0,0.92,281.0,0.01,0.01,2323.30075,1776250433000
1776250435.503,235.503,0.08,286.0,0.07,180.3,0.09,84.38,0.1,124.5,0.91,84.38,0.9,124.5,0.92,286.0,0.93,180.3,0.01,0.01,2323.111628,1776250434000
1776250436.056,236.056,0.08,231.0,0.07,125.0,0.1,32.79,0.11,211.5,0.91,84.38,0.9,124.5,0.92,286.0,0.93,180.3,0.02,0.01,2323.111628,1776250434000
1776250436.301,236.301,0.08,236.0,0.07,175.0,0.09,4.05,0.1,32.0,0.9,32.79,0.89,211.5,0.92,231.0,0.93,125.0,0.01,0.02,2322.950551,1776250435000
1776250437.19,237.19,0.09,65.7,0.08,303.0,0.1,10.0,0.11,15.0,0.91,4.05,0.9,32.0,0.92,236.0,0.93,175.0,0.01,0.01,2322.950551,1776250435000
1776250437.431,237.431,0.09,77.7,0.08,380.0,0.1,10.0,0.11,10.0,0.9,10.0,0.89,15.0,0.91,65.7,0.92,303.0,0.01,0.01,2322.950551,1776250435000
1776250437.77,237.77,0.11,8.38,0.09,77.7,0.14,0.75,0.15,35.0,0.86,0.75,0.85,35.0,0.89,8.38,0.91,77.7,0.03,0.03,2322.84965,1776250436000
1776250438.013,238.013,0.12,15.0,0.11,198.88,0.13,9.86,0.14,15.75,0.86,10.75,0.85,25.5,0.89,143.88,0.9,75.0,0.01,0.03,2322.84965,1776250436000
1776250438.268,238.268,0.12,63.78,0.11,198.88,0.13,9.86,0.14,15.75,0.87,9.86,0.86,15.75,0.88,15.0,0.89,198.88,0.01,0.01,2322.84965,1776250436000
1776250438.564,238.564,0.12,68.78,0.11,188.38,0.13,1.39,0.14,15.75,0.87,9.86,0.86,15.75,0.88,63.78,0.89,198.88,0.01,0.01,2322.84965,1776250436000
1776250438.987,238.987,0.12,63.78,0.11,143.38,0.14,5.85,0.15,35.5,0.86,15.61,0.85,30.5,0.88,58.78,0.89,188.38,0.02,0.02,2322.884,1776250437000
1776250439.303,239.303,0.12,58.78,0.11,153.38,0.14,9.2,0.15,35.5,0.86,9.2,0.85,35.5,0.88,58.78,0.89,153.38,0.02,0.02,2323.20849,1776250438000
1776250439.651,239.651,0.12,63.78,0.11,153.88,0.14,0.95,0.15,35.5,0.86,9.2,0.85,35.5,0.88,58.78,0.89,153.38,0.02,0.02,2323.20849,1776250438000
1776250440.156,240.156,0.13,10.0,0.12,58.78,0.14,3.8,0.15,25.0,0.86,0.95,0.85,35.5,0.88,63.78,0.89,153.88,0.01,0.02,2323.20849,1776250438000
1776250440.373,240.373,0.13,10.0,0.12,58.78,0.14,3.8,0.15,25.0,0.86,3.8,0.85,25.0,0.87,10.0,0.88,58.78,0.01,0.01,2323.1947,1776250439000
1776250440.595,240.595,0.12,5.06,0.11,143.38,0.14,22.96,0.15,32.0,0.86,18.8,0.85,32.0,0.88,55.06,0.89,143.38,0.02,0.02,2323.1947,1776250439000
1776250441.048,241.048,0.11,83.54,0.1,65.0,0.13,10.0,0.14,31.96,0.86,27.96,0.85,32.0,0.89,138.54,0.9,75.0,0.02,0.03,2323.1947,1776250439000
1776250441.591,241.591,0.11,72.54,0.1,65.0,0.13,5.1,0.14,31.96,0.87,0.1,0.86,31.96,0.89,83.54,0.9,65.0,0.02,0.02,2323.2547,1776250440000
1776250441.871,241.871,0.11,135.29,0.1,65.0,0.13,0.06,0.14,26.96,0.87,5.1,0.86,31.96,0.89,85.29,0.9,65.0,0.02,0.02,2323.2547,1776250440000
1776250442.438,242.438,0.11,135.29,0.1,65.0,0.13,0.06,0.14,26.96,0.87,0.06,0.86,26.96,0.89,135.29,0.9,65.0,0.02,0.02,2323.256819,1776250441000
1776250442.808,242.808,0.12,8.86,0.11,135.29,0.13,22.67,0.14,114.29,0.87,7.67,0.86,50.96,0.89,140.29,0.9,65.0,0.01,0.02,2323.256819,1776250441000
1776250443.178,243.178,0.12,8.86,0.11,135.29,0.13,22.67,0.14,114.29,0.87,22.67,0.86,114.29,0.88,8.86,0.89,135.29,0.01,0.01,2323.239,1776250442000
1776250443.467,243.467,0.11,123.03,0.1,65.0,0.13,44.67,0.14,114.29,0.87,22.67,0.86,114.29,0.88,8.86,0.89,135.29,0.02,0.01,2323.239,1776250442000
1776250444.263,244.263,0.13,58.83,0.12,65.0,0.15,5.0,0.16,55.99,0.87,44.67,0.86,114.29,0.89,123.03,0.9,65.0,0.02,0.02,2323.239,1776250442000
1776250444.573,244.573,0.13,58.83,0.12,65.0,0.15,5.0,0.16,55.99,0.85,5.0,0.84,55.99,0.87,58.83,0.88,65.0,0.02,0.02,2323.244,1776250443000
1776250445.153,245.153,0.13,58.83,0.12,65.0,0.15,5.0,0.16,55.99,0.85,5.0,0.84,55.99,0.87,58.83,0.88,65.0,0.02,0.02,2323.244,1776250444000
1776250446.415,246.415,0.13,58.83,0.12,65.0,0.15,5.0,0.16,55.99,0.85,5.0,0.84,55.99,0.87,58.83,0.88,65.0,0.02,0.02,2323.32534,1776250445000
1776250447.078,247.078,0.13,58.83,0.12,65.0,0.15,5.0,0.16,55.99,0.85,5.0,0.84,55.99,0.87,58.83,0.88,65.0,0.02,0.02,2323.3252,1776250446000
1776250447.691,247.691,0.11,63.77,0.1,30.0,0.12,70.0,0.13,56.0,0.88,38.66,0.87,75.0,0.89,68.03,0.9,70.0,0.01,0.01,2323.3252,1776250446000
1776250448.256,248.256,0.11,120.62,0.1,115.0,0.12,14.0,0.13,34.0,0.88,70.0,0.87,56.0,0.89,63.77,0.9,30.0,0.01,0.01,2323.3252,1776250446000
1776250448.572,248.572,0.12,0.79,0.11,125.0,0.13,11.0,0.14,62.0,0.87,11.0,0.86,62.0,0.88,0.79,0.89,125.0,0.01,0.01,2323.411396,1776250447000
1776250449.099,249.099,0.12,60.79,0.11,110.0,0.14,62.85,0.15,47.0,0.87,11.0,0.86,62.0,0.88,0.79,0.89,125.0,0.02,0.01,2323.411396,1776250447000
1776250450.563,250.563,0.12,60.79,0.11,110.0,0.14,62.85,0.15,47.0,0.86,62.85,0.85,47.0,0.88,60.79,0.89,110.0,0.02,0.02,2323.4186,1776250449000
1776250451.07,251.07,0.12,60.73,0.11,120.0,0.13,50.18,0.14,67.85,0.86,62.85,0.85,47.0,0.88,60.79,0.89,110.0,0.01,0.02,2323.4186,1776250449000
1776250451.707,251.707,0.12,15.0,0.11,110.0,0.13,59.48,0.14,55.0,0.87,50.18,0.86,67.85,0.88,60.73,0.89,120.0,0.01,0.01,2323.386284,1776250450000
1776250452.316,252.316,0.12,15.0,0.11,110.0,0.13,59.48,0.14,55.0,0.87,59.48,0.86,55.0,0.88,15.0,0.89,110.0,0.01,0.01,2323.45355,1776250451000
1776250452.764,252.764,0.14,60.0,0.13,65.0,0.15,60.48,0.16,59.99,0.87,59.48,0.86,55.0,0.88,15.0,0.89,110.0,0.01,0.01,2323.45355,1776250451000
1776250452.986,252.986,0.14,49.0,0.13,65.0,0.15,70.48,0.16,64.99,0.85,60.48,0.84,59.99,0.86,60.0,0.87,65.0,0.01,0.01,2323.45355,1776250451000
1776250453.306,253.306,0.14,40.55,0.13,65.0,0.15,73.81,0.16,64.99,0.85,70.48,0.84,64.99,0.86,40.55,0.87,65.0,0.01,0.01,2323.45355,1776250452000
1776250453.628,253.628,0.13,68.85,0.12,109.1,0.15,68.81,0.16,64.99,0.85,73.81,0.84,64.99,0.86,40.55,0.87,65.0,0.02,0.01,2323.45355,1776250452000
1776250453.987,253.987,0.13,67.39,0.12,109.1,0.14,29.55,0.15,20.0,0.86,24.55,0.85,20.0,0.87,63.85,0.88,109.1,0.01,0.01,2323.45355,1776250452000
1776250454.865,254.865,0.13,59.98,0.12,109.1,0.14,29.55,0.15,20.0,0.86,29.55,0.85,20.0,0.87,59.98,0.88,109.1,0.01,0.01,2323.549379,1776250453000
1776250455.483,255.483,0.12,63.55,0.11,156.79,0.13,10.0,0.14,20.8,0.87,60.1,0.86,25.8,0.88,32.82,0.89,151.79,0.01,0.01,2323.549379,1776250453000
1776250455.896,255.896,0.12,58.73,0.11,156.79,0.13,10.0,0.14,52.31,0.87,10.0,0.86,20.8,0.88,63.55,0.89,156.79,0.01,0.01,2323.6083,1776250454000
1776250456.288,256.288,0.12,62.29,0.11,156.79,0.13,10.0,0.14,57.31,0.87,10.0,0.86,52.31,0.88,58.73,0.89,156.79,0.01,0.01,2323.54915,1776250455000
1776250456.628,256.628,0.12,60.85,0.11,156.79,0.13,10.0,0.14,57.31,0.87,10.0,0.86,57.31,0.88,62.29,0.89,156.79,0.01,0.01,2323.54915,1776250455000
1776250457.064,257.064,0.12,47.85,0.11,156.79,0.13,10.0,0.14,57.31,0.87,10.0,0.86,57.31,0.88,47.85,0.89,156.79,0.01,0.01,2323.52075,1776250456000
1776250457.362,257.362,0.12,55.0,0.11,110.0,0.13,62.57,0.14,30.8,0.87,10.0,0.86,57.31,0.88,47.85,0.89,156.79,0.01,0.01,2323.52075,1776250456000
1776250458.162,258.162,0.12,60.0,0.11,110.0,0.13,59.87,0.14,30.8,0.87,59.87,0.86,30.8,0.88,60.0,0.89,110.0,0.01,0.01,2323.5207,1776250457000
1776250459.008,259.008,0.11,55.01,0.1,115.0,0.12,48.7,0.13,12.3,0.87,59.87,0.86,30.8,0.88,60.0,0.89,110.0,0.01,0.01,2323.5207,1776250457000
1776250459.539,259.539,0.11,53.08,0.1,75.0,0.12,48.7,0.13,7.3,0.88,48.7,0.87,12.3,0.89,55.01,0.9,115.0,0.01,0.01,2323.521719,1776250458000
1776250460.045,260.045,0.1,70.76,0.09,115.0,0.12,23.92,0.13,17.3,0.88,48.7,0.87,7.3,0.89,53.08,0.9,75.0,0.02,0.01,2323.521719,1776250458000
1776250460.955,260.955,0.11,8.87,0.1,20.76,0.12,134.7,0.13,31.3,0.88,23.92,0.87,17.3,0.9,70.76,0.91,115.0,0.01,0.02,2323.51335,1776250459000
1776250461.331,261.331,0.11,8.87,0.1,20.76,0.12,134.7,0.13,31.3,0.88,134.7,0.87,31.3,0.89,8.87,0.9,20.76,0.01,0.01,2323.5107,1776250460000
1776250461.909,261.909,0.11,4.94,0.1,20.76,0.12,147.7,0.13,31.3,0.88,147.7,0.87,31.3,0.89,4.94,0.9,20.76,0.01,0.01,2323.5208,1776250461000
1776250462.921,262.921,0.1,15.76,0.09,21.0,0.11,132.53,0.12,39.0,0.88,147.7,0.87,31.3,0.89,4.94,0.9,20.76,0.01,0.01,2323.5208,1776250461000
1776250463.175,263.175,0.1,10.52,0.09,21.0,0.11,142.53,0.12,56.0,0.89,132.53,0.88,56.0,0.9,13.86,0.91,21.0,0.01,0.01,2323.5208,1776250462000
1776250464.058,264.058,0.09,21.0,0.08,288.9,0.1,5.03,0.11,157.53,0.89,142.53,0.88,56.0,0.9,10.52,0.91,21.0,0.01,0.01,2323.5208,1776250462000
1776250465.349,265.349,0.09,21.0,0.08,288.9,0.1,5.03,0.11,157.53,0.9,5.03,0.89,157.53,0.91,21.0,0.92,288.9,0.01,0.01,2323.5207,1776250464000
1776250466.088,266.088,0.07,185.0,0.06,185.0,0.08,20.0,0.09,399.0,0.9,5.03,0.89,157.53,0.91,21.0,0.92,288.9,0.01,0.01,2323.5207,1776250464000
1776250466.388,266.388,0.05,255.0,0.04,475.0,0.06,49.37,0.07,113.0,0.92,312.0,0.91,211.0,0.94,25.63,0.95,255.0,0.01,0.02,2323.5207,1776250464000
1776250466.86,266.86,0.04,473.45,0.03,201.0,0.06,411.37,0.07,206.27,0.94,411.37,0.93,138.0,0.95,132.45,0.96,475.0,0.02,0.01,2323.56856,1776250465000
1776250467.246,267.246,0.03,173.45,0.02,351.0,0.05,393.99,0.06,176.37,0.95,205.14,0.94,184.37,0.96,402.45,0.97,201.0,0.02,0.01,2323.55065,1776250466000
1776250467.633,267.633,0.03,97.91,0.02,351.0,0.04,482.98,0.05,157.0,0.96,76.0,0.95,150.0,0.97,149.96,0.98,351.0,0.01,0.01,2323.55065,1776250466000
1776250467.998,267.998,0.03,97.91,0.02,351.0,0.04,482.98,0.05,157.0,0.96,482.98,0.95,157.0,0.97,97.91,0.98,351.0,0.01,0.01,2323.09441,1776250467000
1776250468.406,268.406,0.03,37.91,0.02,351.0,0.04,466.98,0.05,141.0,0.96,482.98,0.95,157.0,0.97,97.91,0.98,351.0,0.01,0.01,2323.09441,1776250467000
1776250468.716,268.716,0.03,32.75,0.02,351.0,0.04,466.98,0.05,141.0,0.96,466.98,0.95,141.0,0.97,37.91,0.98,351.0,0.01,0.01,2323.09441,1776250467000
1776250468.956,268.956,0.03,25.75,0.02,351.0,0.04,466.98,0.05,141.0,0.96,466.98,0.95,141.0,0.97,25.75,0.98,351.0,0.01,0.01,2322.6472,1776250468000
1776250469.251,269.251,0.03,15.44,0.02,351.0,0.04,466.98,0.05,116.0,0.96,466.98,0.95,141.0,0.97,25.75,0.98,351.0,0.01,0.01,2322.6472,1776250468000
1776250469.888,269.888,0.03,4.2,0.02,351.0,0.04,461.98,0.05,211.0,0.96,466.98,0.95,116.0,0.97,7.27,0.98,351.0,0.01,0.01,2322.6472,1776250468000
1776250470.224,270.224,0.03,4.2,0.02,301.0,0.08,128.05,0.09,150.0,0.96,461.98,0.95,211.0,0.97,4.2,0.98,351.0,0.05,0.01,2322.63923,1776250469000
1776250470.523,270.523,0.02,301.0,0.01,1613.06,0.04,42.0,0.05,85.0,0.92,128.05,0.91,150.0,0.97,5.57,0.98,301.0,0.02,0.05,2322.63923,1776250469000
1776250471.101,271.101,0.02,295.9,0.01,1613.06,0.03,69.54,0.04,185.7,0.97,69.54,0.96,185.7,0.98,295.9,0.99,1613.06,0.01,0.01,2322.460721,1776250470000
1776250471.418,271.418,0.02,294.87,0.01,1495.04,0.03,13.8,0.04,202.7,0.97,8.8,0.96,202.7,0.98,300.9,0.99,1495.04,0.01,0.01,2322.460721,1776250470000
1776250471.76,271.76,0.03,51.13,0.02,294.87,0.04,221.49,0.05,91.0,0.96,202.7,0.95,86.0,0.97,71.75,0.98,294.87,0.01,0.01,2322.460721,1776250470000
1776250471.999,271.999,0.03,36.78,0.02,294.87,0.04,226.49,0.05,91.0,0.96,226.49,0.95,91.0,0.97,55.09,0.98,294.87,0.01,0.01,2322.460721,1776250470000
1776250472.209,272.209,0.03,32.95,0.02,294.87,0.04,226.49,0.05,91.0,0.96,226.49,0.95,91.0,0.97,36.78,0.98,294.87,0.01,0.01,2322.460721,1776250470000
1776250472.586,272.586,0.03,8.09,0.02,213.77,0.04,231.49,0.05,166.8,0.96,226.49,0.95,166.8,0.98,213.77,0.99,1858.64,0.01,0.02,2322.437623,1776250471000
1776250472.964,272.964,0.03,2.8,0.02,213.77,0.04,325.19,0.05,166.8,0.96,231.49,0.95,166.8,0.97,8.09,0.98,213.77,0.01,0.01,2322.437623,1776250471000
1776250473.251,273.251,0.03,1.76,0.02,213.77,0.04,325.19,0.05,176.8,0.96,325.19,0.95,166.8,0.97,2.8,0.98,213.77,0.01,0.01,2322.437623,1776250471000
1776250473.63,273.63,0.02,213.77,0.01,1868.63,0.04,315.19,0.05,176.8,0.96,325.19,0.95,176.8,0.97,1.76,0.98,213.77,0.02,0.01,2322.570818,1776250472000
1776250473.905,273.905,0.02,114.92,0.01,1868.63,0.04,320.19,0.05,176.8,0.96,315.19,0.95,176.8,0.98,213.77,0.99,1868.63,0.02,0.02,2322.570818,1776250472000
1776250474.198,274.198,0.02,104.71,0.01,1868.63,0.03,35.06,0.04,299.4,0.96,325.19,0.95,176.8,0.98,114.92,0.99,1868.63,0.01,0.02,2322.570818,1776250472000
1776250474.427,274.427,0.02,81.5,0.01,1868.63,0.03,40.06,0.04,305.4,0.97,40.06,0.96,305.4,0.98,86.5,0.99,1868.63,0.01,0.01,2322.699308,1776250473000
1776250474.882,274.882,0.02,81.5,0.01,1868.63,0.03,40.06,0.04,305.4,0.97,40.06,0.96,305.4,0.98,81.5,0.99,1868.63,0.01,0.01,2322.6814,1776250474000
1776250475.278,275.278,0.02,71.29,0.01,1505.03,0.03,62.06,0.04,26.0,0.97,40.06,0.96,305.4,0.98,81.5,0.99,1868.63,0.01,0.01,2322.6814,1776250474000
1776250475.826,275.826,0.02,60.29,0.01,1505.03,0.03,178.24,0.04,26.0,0.97,61.97,0.96,26.0,0.98,71.29,0.99,1505.03,0.01,0.01,2322.6814,1776250474000
1776250476.073,276.073,0.02,58.75,0.01,1505.03,0.03,178.24,0.04,26.0,0.97,178.24,0.96,26.0,0.98,60.29,0.99,1505.03,0.01,0.01,2322.684083,1776250475000
1776250476.454,276.454,0.02,50.32,0.01,1505.03,0.03,178.24,0.04,26.0,0.97,183.24,0.96,26.0,0.98,53.75,0.99,1505.03,0.01,0.01,2322.684083,1776250475000
1776250476.928,276.928,0.02,10.0,0.01,1345.03,0.03,175.02,0.04,26.0,0.97,183.24,0.96,26.0,0.99,1485.14,,,0.01,0.02,2322.684083,1776250475000
1776250477.487,277.487,0.02,7.95,0.01,1345.03,0.03,180.02,0.04,37.0,0.97,175.02,0.96,26.0,0.98,10.0,0.99,1345.03,0.01,0.01,2322.72065,1776250476000
1776250478.017,278.017,0.01,1245.03,,,0.02,76.94,0.03,206.02,0.97,180.02,0.96,37.0,0.98,7.95,0.99,1345.03,0.01,0.01,2322.72065,1776250476000
1776250478.355,278.355,0.01,1155.52,,,0.02,151.73,0.03,191.23,0.98,125.94,0.97,217.02,0.99,1206.03,,,0.01,0.01,2322.72515,1776250477000
1776250478.561,278.561,0.01,1145.52,,,0.02,137.73,0.03,191.23,0.98,137.73,0.97,191.23,0.99,1155.52,,,0.01,0.01,2322.72515,1776250477000
1776250478.924,278.924,0.01,1091.97,,,0.02,299.52,0.03,74.96,0.98,137.73,0.97,191.23,0.99,1120.26,,,0.01,0.01,2322.72515,1776250477000
1776250479.18,279.18,0.01,1079.97,,,0.02,299.52,0.03,74.96,0.98,299.52,0.97,74.96,0.99,1079.97,,,0.01,0.01,2322.732743,1776250478000
1776250479.484,279.484,0.01,1076.93,,,0.02,304.71,0.03,74.96,0.98,299.52,0.97,74.96,0.99,1079.97,,,0.01,0.01,2322.732743,1776250478000
1776250479.791,279.791,0.01,1066.82,,,0.02,270.71,0.03,75.96,0.98,265.71,0.97,74.96,0.99,1076.93,,,0.01,0.01,2322.732743,1776250478000
1776250479.994,279.994,0.01,1066.82,,,0.02,243.85,0.03,59.96,0.98,270.71,0.97,75.96,0.99,1066.82,,,0.01,0.01,2322.732743,1776250478000
1776250480.236,280.236,0.01,1052.56,,,0.02,238.85,0.03,59.96,0.98,243.85,0.97,59.96,0.99,1066.82,,,0.01,0.01,2322.732743,1776250478000
1776250480.579,280.579,0.01,1036.5,,,0.02,238.85,0.03,142.96,0.98,238.85,0.97,142.96,0.99,1041.56,,,0.01,0.01,2322.5331,1776250479000
1776250481.157,281.157,0.01,994.5,,,0.02,158.56,0.03,116.96,0.98,188.85,0.97,142.96,0.99,994.5,,,0.01,0.01,2322.5331,1776250479000
1776250481.363,281.363,0.01,979.5,,,0.02,158.56,0.03,116.96,0.98,158.56,0.97,116.96,0.99,994.5,,,0.01,0.01,2322.5331,1776250479000
1776250481.691,281.691,0.01,882.07,,,0.02,166.14,0.03,116.96,0.98,158.56,0.97,116.96,0.99,887.13,,,0.01,0.01,2322.422206,1776250480000
1776250481.959,281.959,0.01,868.86,,,0.02,116.14,0.03,116.96,0.98,116.14,0.97,116.96,0.99,880.07,,,0.01,0.01,2322.422206,1776250480000
1776250482.323,282.323,0.01,767.44,,,0.02,116.14,0.03,116.96,0.98,116.14,0.97,116.96,0.99,802.8,,,0.01,0.01,2322.422206,1776250480000
1776250482.564,282.564,0.01,754.44,,,0.02,113.11,0.03,116.96,0.98,116.14,0.97,116.96,0.99,754.44,,,0.01,0.01,2322.422206,1776250480000
1776250482.896,282.896,0.01,751.27,,,0.02,220.11,0.03,116.96,0.98,73.11,0.97,116.96,0.99,754.44,,,0.01,0.01,2322.422206,1776250480000
1776250483.107,283.107,0.01,705.23,,,0.02,220.11,0.03,116.96,0.98,220.11,0.97,116.96,0.99,749.78,,,0.01,0.01,2322.406905,1776250481000
1776250483.354,283.354,0.01,652.56,,,0.02,220.11,0.03,116.96,0.98,220.11,0.97,116.96,0.99,703.07,,,0.01,0.01,2322.406905,1776250481000
1776250483.607,283.607,0.01,593.37,,,0.02,230.11,0.03,116.96,0.98,220.11,0.97,116.96,0.99,598.42,,,0.01,0.01,2322.406905,1776250481000
1776250484.037,284.037,0.01,579.78,,,0.02,180.11,0.03,116.96,0.98,180.11,0.97,116.96,0.99,581.27,,,0.01,0.01,2322.295774,1776250482000
1776250484.287,284.287,0.01,452.63,,,0.02,180.11,0.03,111.96,0.98,185.11,0.97,116.96,0.99,487.99,,,0.01,0.01,2322.295774,1776250482000
1776250484.634,284.634,0.01,300.09,,,0.02,130.11,0.03,111.96,0.98,180.11,0.97,111.96,0.99,300.09,,,0.01,0.01,2322.262,1776250483000
1776250484.835,284.835,0.01,260.4,,,0.02,130.11,0.03,110.96,0.98,130.11,0.97,110.96,0.99,290.71,,,0.01,0.01,2322.262,1776250483000
1776250485.063,285.063,0.01,248.93,,,0.02,135.11,0.03,115.96,0.98,135.11,0.97,115.96,0.99,251.62,,,0.01,0.01,2322.262,1776250483000
1776250485.343,285.343,0.01,232.87,,,0.02,135.11,0.03,115.96,0.98,135.11,0.97,115.96,0.99,243.87,,,0.01,0.01,2322.262,1776250483000
1776250485.595,285.595,0.01,172.2,,,0.02,135.11,0.03,115.96,0.98,135.11,0.97,115.96,0.99,173.22,,,0.01,0.01,2322.262,1776250483000
1776250485.877,285.877,0.01,151.2,,,0.02,20.0,0.03,115.96,0.98,85.11,0.97,115.96,0.99,162.2,,,0.01,0.01,2322.257,1776250484000
1776250486.078,286.078,0.01,81.98,,,0.02,20.0,0.03,125.96,0.98,20.0,0.97,125.96,0.99,91.98,,,0.01,0.01,2322.257,1776250484000
1776250486.296,286.296,,,,,0.02,25.0,0.03,125.96,0.98,20.0,0.97,125.96,0.99,37.43,,,,0.01,2322.257,1776250484000
1776250486.62,286.62,,,,,0.02,25.0,0.03,125.96,0.98,25.0,0.97,125.96,,,,,,,2322.392719,1776250485000
1776250487.228,287.228,,,,,0.01,74.38,0.02,25.0,0.99,74.38,0.98,25.0,,,,,,,2322.4958,1776250486000
1776250487.548,287.548,,,,,0.01,36.45,0.02,25.0,0.99,41.2,0.98,25.0,,,,,,,2322.4958,1776250486000
1776250488.017,288.017,,,,,0.01,34.23,0.02,25.0,0.99,36.45,0.98,25.0,,,,,,,2322.4958,1776250486000
1776250488.623,288.623,,,,,0.01,34.23,0.02,25.0,0.99,34.23,0.98,25.0,,,,,,,2322.5451,1776250487000
1776250488.895,288.895,,,,,0.01,37.11,0.02,25.0,0.99,34.23,0.98,25.0,,,,,,,2322.5451,1776250487000
1776250489.313,289.313,,,,,0.01,37.11,0.02,25.0,0.99,37.11,0.98,25.0,,,,,,,2322.5416,1776250488000
1776250490.5,290.5,,,,,0.01,37.11,0.02,25.0,0.99,37.11,0.98,25.0,,,,,,,2322.70187,1776250489000
1776250490.982,290.982,,,,,0.01,37.11,0.02,25.0,0.99,37.11,0.98,25.0,,,,,,,2322.63405,1776250490000
1776250492.324,292.324,,,,,0.01,3725.2,0.02,25.0,0.99,3725.2,0.98,25.0,,,,,,,2322.475272,1776250491000
1776250493.531,293.531,,,,,0.01,3725.2,0.02,25.0,0.99,3725.2,0.98,25.0,,,,,,,2322.438143,1776250492000
1776250494.085,294.085,,,,,0.01,3725.2,0.02,25.0,0.99,3725.2,0.98,25.0,,,,,,,2322.511174,1776250493000
1776250494.891,294.891,,,,,0.01,5254.68,0.02,25.0,0.99,3725.2,0.98,25.0,,,,,,,2322.511174,1776250493000
1776250495.196,295.196,,,,,0.01,5215.05,0.02,25.0,0.99,5254.68,0.98,25.0,,,,,,,2322.511174,1776250493000
1776250496.045,296.045,,,,,0.01,5215.05,0.02,25.0,0.99,5215.05,0.98,25.0,,,,,,,2322.440477,1776250495000
1776250497.22,297.22,,,,,0.01,5215.05,0.02,25.0,0.99,5215.05,0.98,25.0,,,,,,,2322.393978,1776250496000
1776250497.639,297.639,,,,,0.01,6065.21,0.02,33.0,0.99,5215.05,0.98,25.0,,,,,,,2322.393978,1776250496000
1776250498.483,298.483,,,,,0.01,6065.21,0.02,33.0,0.99,6065.21,0.98,33.0,,,,,,,2322.393978,1776250497000
1776250498.888,298.888,,,,,0.01,6845.35,0.02,33.0,0.99,6065.21,0.98,33.0,,,,,,,2322.393978,1776250497000
1776250499.605,299.605,,,,,0.01,6845.35,0.02,33.0,0.99,6845.35,0.98,33.0,,,,,,,2322.334268,1776250498000
1776250500.042,300.042,,,,,0.01,6845.35,0.02,33.0,0.99,6845.35,0.98,33.0,,,,,,,2322.334268,1776250499000
1776250500.998,300.998,,,,,0.01,6845.35,0.02,33.0,0.99,6845.35,0.98,33.0,,,,,,,2322.360136,1776250500000
1776250502.128,302.128,,,,,0.01,6845.35,0.02,33.0,0.99,6845.35,0.98,33.0,,,,,,,2322.347172,1776250501000
