timestamp,elapsed_sec,up_bid_p1,up_bid_s1,up_bid_p2,up_bid_s2,up_ask_p1,up_ask_s1,up_ask_p2,up_ask_s2,down_bid_p1,down_bid_s1,down_bid_p2,down_bid_s2,down_ask_p1,down_ask_s1,down_ask_p2,down_ask_s2,up_spread,down_spread,eth_price,eth_oracle_ts
1776186001.38,1.38,,,,,,,,,,,,,,,,,,,2335.129216,1776186000000
1776186001.65,1.65,0.54,111.12,0.53,457.31,0.56,400.0,0.57,100.0,0.45,5.0,0.44,125.0,0.46,43.12,0.47,457.31,0.02,0.01,2335.129216,1776186000000
1776186002.105,2.105,0.53,202.62,0.52,53.07,0.55,300.0,0.56,151.0,0.45,5.0,0.44,125.0,0.46,43.12,0.47,457.31,0.02,0.01,2335.129216,1776186000000
1776186002.407,2.407,0.53,197.62,0.52,53.07,0.55,293.18,0.56,151.0,0.45,298.18,0.44,151.0,0.47,202.62,0.48,53.07,0.02,0.02,2335.129216,1776186000000
1776186002.68,2.68,0.54,7.44,0.53,192.62,0.55,284.08,0.56,151.0,0.45,289.08,0.44,151.0,0.47,192.62,0.48,53.07,0.01,0.02,2334.923495,1776186001000
1776186002.944,2.944,0.53,189.7,0.52,58.07,0.55,391.08,0.56,156.0,0.45,289.08,0.44,151.0,0.47,190.13,0.48,53.07,0.02,0.02,2334.923495,1776186001000
1776186003.179,3.179,0.53,159.7,0.52,53.07,0.55,391.08,0.56,151.0,0.45,391.08,0.44,156.0,0.47,189.7,0.48,58.07,0.02,0.02,2334.48394,1776186002000
1776186003.453,3.453,0.53,113.2,0.52,58.07,0.54,5.59,0.55,15.0,0.45,383.8,0.44,166.0,0.47,113.2,0.48,53.07,0.01,0.02,2334.48394,1776186002000
1776186003.655,3.655,0.53,108.2,0.52,58.07,0.54,5.59,0.55,10.0,0.46,5.59,0.45,15.0,0.47,113.2,0.48,58.07,0.01,0.01,2334.48394,1776186002000
1776186003.884,3.884,0.52,26.56,0.51,233.8,0.54,1.92,0.55,10.0,0.47,1.38,0.45,10.0,0.48,26.56,0.49,233.8,0.02,0.01,2334.48394,1776186002000
1776186004.184,4.184,0.52,21.56,0.51,233.8,0.53,3.07,0.54,367.92,0.47,3.07,0.46,1.92,0.48,31.56,0.49,233.8,0.01,0.01,2334.48394,1776186002000
1776186004.514,4.514,0.53,5.0,0.52,16.56,0.54,1.23,0.55,10.0,0.44,109.11,0.43,135.0,0.47,5.0,0.48,26.56,0.01,0.03,2334.48394,1776186002000
1776186004.8,4.8,0.51,68.34,0.5,60.0,0.53,10.0,0.54,14.9,0.46,4.9,0.45,5.84,0.48,16.56,0.49,193.55,0.02,0.02,2334.48394,1776186002000
1776186005.336,5.336,0.51,73.34,0.5,65.42,0.52,90.0,0.53,25.0,0.47,10.0,0.46,14.9,0.49,68.34,0.5,60.0,0.01,0.02,2334.48394,1776186002000
1776186005.598,5.598,0.51,64.25,0.5,65.42,0.52,100.0,0.53,93.0,0.48,105.0,0.47,25.0,0.49,69.25,0.5,65.42,0.01,0.01,2334.48394,1776186002000
1776186005.851,5.851,0.51,58.0,0.5,65.42,0.52,110.0,0.53,25.0,0.48,100.0,0.47,93.0,0.49,64.25,0.5,65.42,0.01,0.01,2334.48394,1776186002000
1776186006.18,6.18,0.51,53.0,0.5,65.42,0.52,101.0,0.53,86.9,0.48,112.88,0.47,25.0,0.49,58.0,0.5,65.42,0.01,0.01,2334.48394,1776186002000
1776186006.54,6.54,0.51,53.0,0.5,65.42,0.52,145.65,0.53,136.9,0.48,145.65,0.47,136.9,0.49,53.0,0.5,65.42,0.01,0.01,2333.973953,1776186005000
1776186006.818,6.818,0.51,53.0,0.5,65.42,0.52,140.65,0.53,86.9,0.48,145.65,0.47,136.9,0.49,53.0,0.5,65.42,0.01,0.01,2333.973953,1776186005000
1776186007.119,7.119,0.51,53.0,0.5,65.42,0.52,140.65,0.53,86.9,0.48,140.65,0.47,86.9,0.49,53.0,0.5,65.42,0.01,0.01,2334.09741,1776186006000
1776186007.378,7.378,0.51,58.0,0.5,65.42,0.52,165.65,0.53,111.9,0.48,140.65,0.47,86.9,0.49,53.0,0.5,65.42,0.01,0.01,2334.09741,1776186006000
1776186007.589,7.589,0.5,9.15,0.48,45.55,0.51,10.0,0.52,45.0,0.49,10.0,0.48,40.0,0.5,12.33,0.52,55.55,0.01,0.01,2334.09741,1776186006000
1776186008.18,8.18,0.48,25.51,0.46,10.0,0.49,15.0,0.5,30.0,0.49,10.0,0.48,40.0,0.52,25.51,0.54,10.0,0.01,0.03,2334.09741,1776186006000
1776186008.38,8.38,0.48,25.51,0.46,10.0,0.5,5.0,0.51,16.0,0.5,5.0,0.49,16.0,0.52,25.51,0.54,10.0,0.02,0.02,2333.81614,1776186007000
1776186008.637,8.637,0.48,20.51,0.46,10.0,0.51,0.69,0.52,52.0,0.51,9.69,0.5,5.0,0.52,25.51,0.54,10.0,0.03,0.01,2333.81614,1776186007000
1776186008.936,8.936,0.48,16.51,0.46,10.0,0.49,10.0,0.5,10.0,0.51,10.0,0.5,10.0,0.52,25.51,0.54,10.0,0.01,0.01,2333.81614,1776186007000
1776186009.136,9.136,0.48,6.7,0.46,10.0,0.49,10.58,0.5,10.0,0.51,7.79,0.5,10.0,0.52,6.7,0.54,10.0,0.01,0.01,2333.81614,1776186007000
1776186009.339,9.339,0.41,58.0,0.4,10.0,0.43,8.3,0.49,7.79,0.51,8.29,0.5,10.0,0.52,6.7,0.54,10.0,0.02,0.01,2333.81614,1776186007000
1776186009.923,9.923,0.41,58.0,0.4,10.0,0.43,8.3,0.49,7.79,0.57,8.3,0.51,7.79,0.59,58.0,0.6,10.0,0.02,0.02,2332.799006,1776186009000
1776186010.137,10.137,0.41,28.01,0.4,10.0,0.42,10.0,0.43,18.3,0.57,8.3,0.51,7.79,0.59,58.0,0.6,10.0,0.01,0.02,2332.799006,1776186009000
1776186010.4,10.4,0.41,20.06,0.4,10.0,0.42,5.0,0.43,18.3,0.58,15.0,0.57,18.3,0.59,6.06,0.6,10.0,0.01,0.01,2332.799006,1776186009000
1776186010.848,10.848,0.4,4.45,0.39,20.0,0.42,5.0,0.43,18.3,0.58,5.0,0.57,18.3,0.59,20.06,0.6,10.0,0.02,0.01,2332.799006,1776186009000
1776186011.163,11.163,0.4,3.61,0.39,20.0,0.44,15.0,0.45,28.0,0.54,58.01,0.53,10.0,0.6,4.45,0.61,20.0,0.04,0.06,2332.509178,1776186010000
1776186011.405,11.405,0.41,10.0,0.4,13.61,0.43,45.88,0.44,15.0,0.57,5.0,0.56,15.0,0.59,10.0,0.6,13.61,0.02,0.02,2332.509178,1776186010000
1776186011.822,11.822,0.42,5.0,0.4,10.0,0.43,181.46,0.44,15.0,0.57,37.0,0.56,15.0,0.58,5.0,0.59,10.0,0.01,0.01,2332.509178,1776186010000
1776186012.267,12.267,0.4,10.0,0.39,20.0,0.43,181.46,0.44,23.0,0.57,181.46,0.56,23.0,0.6,10.0,0.61,20.0,0.03,0.03,2332.331445,1776186011000
1776186012.484,12.484,0.39,25.0,0.38,30.0,0.41,52.0,0.42,127.0,0.57,181.46,0.56,23.0,0.6,10.0,0.61,20.0,0.02,0.03,2332.331445,1776186011000
1776186013.309,13.309,0.39,25.0,0.38,30.0,0.41,52.0,0.42,127.0,0.59,52.0,0.58,127.0,0.61,25.0,0.62,30.0,0.02,0.02,2332.27832,1776186012000
1776186013.759,13.759,0.4,10.0,0.39,152.0,0.41,33.0,0.44,35.0,0.6,15.0,0.59,189.0,0.61,5.0,0.62,35.0,0.01,0.01,2332.27832,1776186012000
1776186013.966,13.966,0.4,15.0,0.39,142.0,0.41,13.0,0.42,10.0,0.59,23.0,0.57,127.0,0.6,15.0,0.61,142.0,0.01,0.01,2332.27832,1776186012000
1776186014.336,14.336,0.4,51.99,0.39,45.0,0.42,13.64,0.43,35.0,0.59,8.64,0.58,10.0,0.6,31.1,0.61,20.0,0.02,0.01,2332.27832,1776186012000
1776186015.053,15.053,0.41,10.0,0.4,51.99,0.42,10.23,0.43,10.0,0.58,10.23,0.57,10.0,0.59,10.0,0.6,51.99,0.01,0.01,2331.983313,1776186014000
1776186015.346,15.346,0.43,39.47,0.42,20.0,0.44,10.0,0.45,147.9,0.58,10.23,0.57,10.0,0.59,10.0,0.6,51.99,0.01,0.01,2331.983313,1776186014000
1776186015.707,15.707,0.43,28.03,0.42,20.0,0.44,10.0,0.45,147.9,0.56,10.0,0.55,147.9,0.57,14.46,0.58,20.0,0.01,0.01,2331.983313,1776186014000
1776186015.916,15.916,0.43,22.93,0.42,137.0,0.44,10.0,0.45,147.9,0.56,10.0,0.55,147.9,0.57,28.03,0.58,20.0,0.01,0.01,2331.983313,1776186014000
1776186016.218,16.218,0.43,13.0,0.42,137.0,0.44,20.0,0.45,147.9,0.56,10.0,0.55,147.9,0.57,22.93,0.58,137.0,0.01,0.01,2332.318923,1776186015000
1776186016.583,16.583,0.43,20.0,0.42,137.0,0.44,6.86,0.45,10.9,0.56,20.0,0.55,30.9,0.57,2.0,0.58,137.0,0.01,0.01,2332.318923,1776186015000
1776186016.973,16.973,0.43,34.73,0.42,137.0,0.44,6.86,0.45,127.9,0.56,6.86,0.55,10.9,0.57,20.0,0.58,137.0,0.01,0.01,2332.318923,1776186015000
1776186017.302,17.302,0.43,34.73,0.42,137.0,0.44,6.86,0.45,127.9,0.56,6.86,0.55,127.9,0.57,34.73,0.58,137.0,0.01,0.01,2332.594236,1776186016000
1776186017.753,17.753,0.44,33.21,0.43,15.0,0.45,10.9,0.46,10.0,0.56,6.86,0.55,127.9,0.57,34.73,0.58,137.0,0.01,0.01,2332.594236,1776186016000
1776186018.205,18.205,0.41,70.0,0.4,51.99,0.42,257.0,0.43,30.0,0.55,10.9,0.54,10.0,0.56,33.21,0.57,15.0,0.01,0.01,2332.594236,1776186016000
1776186018.978,18.978,0.41,10.0,0.4,61.99,0.42,149.61,0.43,25.0,0.58,257.0,0.57,30.0,0.59,70.0,0.6,51.99,0.01,0.01,2332.742886,1776186017000
1776186019.273,19.273,0.41,8.11,0.4,61.99,0.42,137.61,0.43,142.0,0.58,149.61,0.57,25.0,0.59,10.0,0.6,61.99,0.01,0.01,2332.742886,1776186017000
1776186019.946,19.946,0.41,8.98,0.4,61.99,0.42,47.61,0.43,212.0,0.58,47.61,0.57,212.0,0.59,8.98,0.6,61.99,0.01,0.01,2332.563274,1776186019000
1776186020.417,20.417,0.43,10.0,0.42,10.0,0.44,18.0,0.45,167.9,0.55,167.9,0.54,10.0,0.59,8.98,0.6,173.99,0.01,0.04,2332.563274,1776186019000
1776186020.858,20.858,0.4,36.99,0.39,70.0,0.41,157.0,0.42,140.62,0.56,18.0,0.55,167.9,0.57,10.0,0.58,10.0,0.01,0.01,2332.563274,1776186019000
1776186021.192,21.192,0.4,31.99,0.39,70.0,0.41,150.1,0.42,140.62,0.59,150.1,0.58,140.62,0.6,31.99,0.61,70.0,0.01,0.01,2332.438966,1776186020000
1776186021.466,21.466,0.4,46.99,0.39,70.0,0.41,160.1,0.42,220.62,0.59,150.1,0.58,140.62,0.6,31.99,0.61,70.0,0.01,0.01,2332.438966,1776186020000
1776186021.766,21.766,0.4,43.65,0.39,70.0,0.41,147.0,0.42,100.0,0.59,160.1,0.58,220.62,0.6,46.99,0.61,70.0,0.01,0.01,2332.438966,1776186020000
1776186022.607,22.607,0.4,28.65,0.39,60.0,0.41,242.0,0.42,20.0,0.59,147.0,0.58,100.0,0.6,33.65,0.61,70.0,0.01,0.01,2332.438966,1776186020000
1776186022.815,22.815,0.4,28.65,0.39,60.0,0.41,242.0,0.42,20.0,0.59,242.0,0.58,20.0,0.6,28.65,0.61,60.0,0.01,0.01,2332.685952,1776186021000
1776186023.19,23.19,0.38,80.0,0.37,205.0,0.41,227.0,0.42,20.0,0.59,232.0,0.58,20.0,0.6,1.48,0.61,35.0,0.03,0.01,2332.685952,1776186021000
1776186024.429,24.429,0.38,7.37,0.36,50.0,0.39,227.0,0.4,20.0,0.59,227.0,0.58,20.0,0.62,80.0,0.63,205.0,0.01,0.03,2332.304816,1776186022000
1776186024.892,24.892,0.35,275.0,0.34,60.0,0.39,237.0,0.4,87.18,0.61,227.0,0.6,20.0,0.62,7.37,0.64,50.0,0.04,0.01,2332.21938,1776186023000
1776186025.796,25.796,0.36,12.87,0.35,176.0,0.37,212.0,0.38,10.0,0.61,237.0,0.6,87.18,0.65,275.0,0.66,60.0,0.01,0.04,2332.074297,1776186024000
1776186026.155,26.155,0.36,12.87,0.35,176.0,0.37,212.0,0.38,10.0,0.63,212.0,0.62,10.0,0.64,12.87,0.65,176.0,0.01,0.01,2331.915244,1776186025000
1776186026.397,26.397,0.36,1.75,0.35,126.0,0.38,15.0,0.39,207.0,0.62,15.0,0.61,207.0,0.63,0.38,0.64,12.87,0.02,0.01,2331.915244,1776186025000
1776186027.192,27.192,0.36,1.75,0.35,126.0,0.38,15.0,0.39,207.0,0.62,15.0,0.61,207.0,0.64,1.75,0.65,126.0,0.02,0.02,2331.578288,1776186026000
1776186028.144,28.144,0.34,120.69,0.33,209.15,0.37,33.34,0.38,127.0,0.63,33.34,0.62,10.0,0.64,5.0,0.65,102.0,0.03,0.01,2331.578288,1776186026000
1776186028.401,28.401,0.34,120.69,0.33,209.15,0.37,33.34,0.38,127.0,0.63,33.34,0.62,127.0,0.66,120.69,0.67,209.15,0.03,0.03,2331.650295,1776186027000
1776186028.941,28.941,0.35,15.0,0.34,136.69,0.36,15.0,0.37,33.34,0.64,15.0,0.63,33.34,0.65,15.0,0.66,136.69,0.01,0.01,2331.72384,1776186028000
1776186029.502,29.502,0.33,149.22,0.32,93.45,0.34,193.0,0.35,200.0,0.65,192.0,0.64,150.71,0.67,264.6,0.68,81.45,0.01,0.02,2331.72384,1776186028000
1776186029.838,29.838,0.31,106.6,0.3,100.0,0.34,252.0,0.35,80.0,0.66,272.0,0.65,120.0,0.67,104.22,0.68,93.45,0.03,0.01,2331.72384,1776186028000
1776186030.14,30.14,0.31,106.6,0.3,100.0,0.34,252.0,0.35,80.0,0.66,252.0,0.65,80.0,0.69,106.6,0.7,100.0,0.03,0.03,2331.760102,1776186029000
1776186030.536,30.536,0.29,175.0,0.28,210.0,0.3,5.0,0.31,20.0,0.66,252.0,0.65,80.0,0.69,106.6,0.7,100.0,0.01,0.03,2331.760102,1776186029000
1776186031.098,31.098,0.29,190.71,0.28,210.0,0.3,10.0,0.31,99.86,0.7,5.0,0.69,20.0,0.71,180.0,0.72,210.0,0.01,0.01,2331.760102,1776186029000
1776186031.344,31.344,0.29,190.71,0.28,210.0,0.3,10.0,0.31,99.86,0.7,10.0,0.69,99.86,0.71,190.71,0.72,210.0,0.01,0.01,2331.385687,1776186030000
1776186031.635,31.635,0.29,55.59,0.28,352.0,0.3,30.0,0.31,216.86,0.7,10.0,0.69,99.86,0.71,190.71,0.72,210.0,0.01,0.01,2331.385687,1776186030000
1776186032.363,32.363,0.29,37.0,0.28,262.0,0.3,151.67,0.31,15.0,0.7,30.0,0.69,216.86,0.71,55.59,0.72,352.0,0.01,0.01,2331.385687,1776186030000
1776186032.796,32.796,0.29,44.84,0.28,244.8,0.3,102.5,0.31,127.0,0.7,136.67,0.69,10.0,0.71,34.84,0.72,262.0,0.01,0.01,2330.777053,1776186031000
1776186033.033,33.033,0.29,36.43,0.28,244.8,0.3,112.5,0.31,132.0,0.7,107.5,0.69,132.0,0.71,37.84,0.72,244.8,0.01,0.01,2330.777053,1776186031000
1776186033.521,33.521,0.29,64.05,0.28,235.0,0.3,117.5,0.31,132.0,0.7,112.5,0.69,132.0,0.71,36.43,0.72,244.8,0.01,0.01,2330.800481,1776186032000
1776186033.838,33.838,0.29,27.05,0.28,235.0,0.3,112.5,0.31,132.0,0.7,117.5,0.69,132.0,0.71,64.05,0.72,235.0,0.01,0.01,2330.800481,1776186032000
1776186034.229,34.229,0.29,1.05,0.28,235.0,0.3,117.5,0.31,132.0,0.7,117.5,0.69,132.0,0.71,1.05,0.72,235.0,0.01,0.01,2330.677566,1776186033000
1776186035.366,35.366,0.29,1.05,0.28,235.0,0.3,117.5,0.31,132.0,0.7,117.5,0.69,132.0,0.71,1.05,0.72,235.0,0.01,0.01,2330.652684,1776186034000
1776186035.824,35.824,0.28,78.0,0.27,47.0,0.29,168.54,0.3,193.43,0.7,117.5,0.69,132.0,0.71,1.05,0.72,235.0,0.01,0.01,2330.652684,1776186034000
1776186036.225,36.225,0.28,280.0,0.27,77.0,0.29,43.86,0.3,50.0,0.71,168.54,0.7,193.43,0.72,78.0,0.73,47.0,0.01,0.01,2330.652684,1776186034000
1776186036.493,36.493,0.28,273.47,0.27,187.0,0.29,5.0,0.3,50.0,0.71,43.86,0.7,50.0,0.72,278.47,0.73,77.0,0.01,0.01,2330.652684,1776186034000
1776186036.925,36.925,0.31,15.4,0.3,10.0,0.32,239.87,0.33,180.39,0.68,50.0,0.67,165.39,0.69,7.0,0.72,248.47,0.01,0.01,2330.647637,1776186035000
1776186037.557,37.557,0.31,3.15,0.3,10.0,0.32,123.87,0.33,292.39,0.68,286.87,0.67,180.39,0.69,5.4,0.7,10.0,0.01,0.01,2330.615727,1776186036000
1776186037.768,37.768,0.3,60.0,0.29,55.15,0.32,102.87,0.33,308.39,0.68,108.87,0.67,292.39,0.71,5.15,0.72,157.0,0.02,0.03,2330.615727,1776186036000
1776186038.076,38.076,0.3,60.0,0.29,55.15,0.32,102.87,0.33,308.39,0.68,102.87,0.67,308.39,0.7,60.0,0.71,55.15,0.02,0.02,2330.973489,1776186037000
1776186038.442,38.442,0.31,2.75,0.3,47.0,0.32,279.87,0.33,196.39,0.68,102.87,0.67,308.39,0.7,60.0,0.71,55.15,0.01,0.02,2330.973489,1776186037000
1776186039.215,39.215,0.3,184.0,0.29,112.15,0.31,52.87,0.32,97.87,0.68,279.87,0.67,196.39,0.69,2.75,0.7,47.0,0.01,0.01,2330.973489,1776186037000
1776186039.55,39.55,0.3,40.0,0.29,229.15,0.31,53.19,0.32,102.87,0.69,52.87,0.68,97.87,0.7,184.0,0.71,112.15,0.01,0.01,2331.346429,1776186038000
1776186040.203,40.203,0.3,40.0,0.29,229.15,0.31,53.19,0.32,102.87,0.69,53.19,0.68,102.87,0.7,40.0,0.71,229.15,0.01,0.01,2331.417812,1776186039000
1776186040.802,40.802,0.29,5.0,0.28,47.0,0.31,397.91,0.32,93.0,0.69,53.19,0.68,102.87,0.7,40.0,0.71,229.15,0.02,0.01,2331.417812,1776186039000
1776186041.26,41.26,0.29,5.0,0.28,47.0,0.3,8.33,0.31,262.19,0.7,8.33,0.69,262.19,0.71,5.0,0.72,47.0,0.01,0.01,2331.365984,1776186040000
1776186041.627,41.627,0.29,7.0,0.28,70.0,0.3,223.33,0.31,102.19,0.7,8.33,0.69,262.19,0.71,5.0,0.72,47.0,0.01,0.01,2331.365984,1776186040000
1776186042.254,42.254,0.29,46.0,0.28,95.0,0.3,177.23,0.31,92.19,0.7,177.23,0.69,92.19,0.71,46.0,0.72,95.0,0.01,0.01,2331.349133,1776186041000
1776186042.684,42.684,0.29,318.59,0.28,275.0,0.3,50.0,0.31,43.19,0.7,177.23,0.69,92.19,0.71,46.0,0.72,95.0,0.01,0.01,2331.349133,1776186041000
1776186043.41,43.41,0.29,318.59,0.28,275.0,0.3,26.0,0.31,43.19,0.7,26.0,0.69,43.19,0.71,318.59,0.72,275.0,0.01,0.01,2331.038869,1776186042000
1776186044.019,44.019,0.29,379.0,0.28,275.0,0.3,50.03,0.31,43.19,0.7,26.0,0.69,43.19,0.71,318.59,0.72,275.0,0.01,0.01,2331.038869,1776186042000
1776186044.267,44.267,0.29,356.7,0.28,275.0,0.3,55.03,0.31,43.19,0.7,55.03,0.69,43.19,0.71,356.7,0.72,275.0,0.01,0.01,2331.12876,1776186043000
1776186044.878,44.878,0.29,418.7,0.28,355.0,0.33,165.39,0.34,192.0,0.7,55.03,0.69,43.19,0.71,356.7,0.72,275.0,0.04,0.01,2331.12876,1776186043000
1776186045.085,45.085,0.32,76.69,0.31,177.0,0.33,165.39,0.34,187.0,0.67,165.39,0.66,192.0,0.71,418.7,0.72,355.0,0.01,0.04,2331.12876,1776186043000
1776186045.318,45.318,0.32,76.69,0.31,177.0,0.33,165.39,0.34,187.0,0.67,165.39,0.66,187.0,0.68,76.69,0.69,177.0,0.01,0.01,2331.26228,1776186044000
1776186045.926,45.926,0.32,102.66,0.31,249.0,0.33,255.29,0.34,192.0,0.67,170.39,0.66,192.0,0.68,74.21,0.69,249.0,0.01,0.01,2331.26228,1776186044000
1776186046.259,46.259,0.32,114.98,0.31,249.0,0.33,255.29,0.34,192.0,0.67,255.29,0.66,192.0,0.68,114.98,0.69,249.0,0.01,0.01,2331.398686,1776186045000
1776186046.735,46.735,0.32,32.0,0.31,22.0,0.33,493.29,0.34,112.0,0.67,255.29,0.66,192.0,0.68,114.98,0.69,249.0,0.01,0.01,2331.398686,1776186045000
1776186047.255,47.255,0.31,20.0,0.29,5.0,0.33,498.29,0.34,142.0,0.67,498.29,0.66,142.0,0.69,20.0,0.71,5.0,0.02,0.02,2331.8025,1776186046000
1776186048.257,48.257,0.31,20.0,0.29,5.0,0.33,498.29,0.34,142.0,0.67,498.29,0.66,142.0,0.69,20.0,0.71,5.0,0.02,0.02,2331.754581,1776186047000
1776186048.884,48.884,0.28,499.0,0.27,247.0,0.3,36.43,0.32,50.0,0.67,498.29,0.66,142.0,0.69,20.0,0.71,5.0,0.02,0.02,2331.754581,1776186047000
1776186049.183,49.183,0.3,5.57,0.29,157.0,0.31,10.0,0.32,10.0,0.7,24.43,0.67,170.39,0.71,31.0,0.72,499.0,0.01,0.01,2331.754581,1776186047000
1776186049.395,49.395,0.3,8.0,0.29,59.0,0.31,8.0,0.32,150.0,0.69,8.0,0.68,132.0,0.7,10.0,0.71,59.0,0.01,0.01,2331.754581,1776186047000
1776186049.635,49.635,0.3,5.67,0.29,115.0,0.31,19.0,0.32,150.0,0.69,8.0,0.68,150.0,0.7,8.0,0.71,59.0,0.01,0.01,2331.754581,1776186047000
1776186049.943,49.943,0.3,3.54,0.29,112.92,0.31,19.0,0.32,150.0,0.69,19.0,0.68,150.0,0.7,3.54,0.71,112.92,0.01,0.01,2331.280475,1776186048000
1776186050.533,50.533,0.3,3.54,0.29,112.92,0.31,19.0,0.32,150.0,0.69,19.0,0.68,150.0,0.7,3.54,0.71,112.92,0.01,0.01,2331.308044,1776186049000
1776186050.768,50.768,0.3,285.0,0.29,277.0,0.31,95.93,0.32,177.0,0.69,19.0,0.68,150.0,0.7,3.54,0.71,112.92,0.01,0.01,2331.308044,1776186049000
1776186051.164,51.164,0.3,290.0,0.29,277.0,0.31,90.93,0.32,177.0,0.69,90.93,0.68,177.0,0.7,290.0,0.71,277.0,0.01,0.01,2331.578249,1776186050000
1776186052.142,52.142,0.3,38.71,0.29,110.0,0.31,178.93,0.32,92.0,0.69,80.93,0.68,177.0,0.7,254.0,0.71,302.0,0.01,0.01,2331.578249,1776186050000
1776186052.443,52.443,0.28,197.0,0.27,168.3,0.31,496.93,0.32,92.0,0.69,402.93,0.68,92.0,0.7,17.55,0.72,197.0,0.03,0.01,2331.553347,1776186051000
1776186053.473,53.473,0.28,197.0,0.27,168.3,0.31,496.93,0.32,92.0,0.69,496.93,0.68,92.0,0.72,197.0,0.73,168.3,0.03,0.03,2331.645148,1776186052000
1776186053.756,53.756,0.28,111.0,0.27,180.3,0.29,329.92,0.3,99.0,0.69,496.93,0.68,92.0,0.72,197.0,0.73,168.3,0.01,0.03,2331.645148,1776186052000
1776186054.033,54.033,0.28,111.0,0.27,180.3,0.29,329.92,0.3,99.0,0.71,329.92,0.7,99.0,0.72,111.0,0.73,180.3,0.01,0.01,2331.601748,1776186053000
1776186054.277,54.277,0.28,194.0,0.27,240.3,0.29,172.0,0.3,94.0,0.71,329.92,0.7,99.0,0.72,111.0,0.73,180.3,0.01,0.01,2331.601748,1776186053000
1776186054.514,54.514,0.29,198.46,0.28,451.0,0.3,5.0,0.31,81.37,0.7,5.0,0.69,100.37,0.71,168.45,0.72,461.0,0.01,0.01,2331.601748,1776186053000
1776186054.716,54.716,0.3,4.89,0.29,175.0,0.31,76.37,0.32,192.0,0.69,76.37,0.68,192.0,0.7,7.0,0.71,185.0,0.01,0.01,2331.601748,1776186053000
1776186055.115,55.115,0.3,52.31,0.29,165.0,0.31,122.48,0.32,197.0,0.69,64.37,0.68,192.0,0.7,97.31,0.71,175.0,0.01,0.01,2331.601748,1776186053000
1776186055.64,55.64,0.3,164.91,0.29,165.0,0.31,112.48,0.32,197.0,0.69,122.48,0.68,197.0,0.7,52.31,0.71,165.0,0.01,0.01,2331.139855,1776186054000
1776186055.875,55.875,0.3,251.23,0.29,282.0,0.31,122.48,0.32,197.0,0.69,127.48,0.68,197.0,0.7,163.38,0.71,282.0,0.01,0.01,2331.139855,1776186054000
1776186056.504,56.504,0.3,251.23,0.29,282.0,0.31,122.48,0.32,197.0,0.69,122.48,0.68,197.0,0.7,251.23,0.71,282.0,0.01,0.01,2331.316586,1776186055000
1776186056.78,56.78,0.3,229.08,0.29,170.0,0.31,69.48,0.32,55.0,0.69,122.48,0.68,197.0,0.7,251.23,0.71,282.0,0.01,0.01,2331.316586,1776186055000
1776186057.0,57.0,0.3,344.08,0.29,187.5,0.31,48.48,0.32,60.0,0.69,69.48,0.68,55.0,0.7,229.08,0.71,170.0,0.01,0.01,2331.316586,1776186055000
1776186057.372,57.372,0.3,252.08,0.29,329.5,0.31,44.48,0.32,60.0,0.69,48.48,0.68,60.0,0.7,344.08,0.71,187.5,0.01,0.01,2331.448646,1776186056000
1776186057.635,57.635,0.3,369.08,0.29,187.5,0.31,40.22,0.32,60.0,0.69,44.48,0.68,60.0,0.7,252.08,0.71,329.5,0.01,0.01,2331.448646,1776186056000
1776186058.105,58.105,0.3,379.24,0.29,187.5,0.31,40.22,0.32,50.0,0.69,40.22,0.68,60.0,0.7,361.93,0.71,187.5,0.01,0.01,2331.448646,1776186056000
1776186058.317,58.317,0.3,392.8,0.29,212.5,0.31,40.22,0.33,120.39,0.69,40.22,0.68,50.0,0.7,376.05,0.71,187.5,0.01,0.01,2331.448646,1776186056000
1776186059.025,59.025,0.31,7.02,0.3,417.75,0.32,43.07,0.33,120.39,0.69,40.22,0.67,120.39,0.7,385.65,0.71,222.5,0.01,0.01,2331.625376,1776186057000
1776186059.377,59.377,0.31,7.02,0.3,417.75,0.32,43.07,0.33,120.39,0.68,43.07,0.67,120.39,0.69,7.02,0.7,417.75,0.01,0.01,2331.689991,1776186058000
1776186059.938,59.938,0.32,19.94,0.31,302.82,0.33,120.39,0.34,20.0,0.67,308.39,0.66,85.0,0.68,17.83,0.69,169.02,0.01,0.01,2331.689991,1776186058000
1776186060.216,60.216,0.32,315.51,0.31,219.82,0.33,120.39,0.34,65.61,0.67,120.39,0.66,20.0,0.68,59.54,0.69,302.82,0.01,0.01,2331.76116,1776186059000
1776186060.477,60.477,0.32,435.99,0.31,251.82,0.33,120.39,0.34,65.61,0.67,120.39,0.66,65.61,0.68,442.61,0.69,251.82,0.01,0.01,2331.76116,1776186059000
1776186060.809,60.809,0.32,46.88,0.31,53.8,0.33,251.39,0.34,80.61,0.67,109.39,0.66,65.61,0.68,450.49,0.69,251.82,0.01,0.01,2331.76116,1776186059000
1776186061.02,61.02,0.32,22.0,0.31,53.8,0.33,323.39,0.34,130.61,0.67,251.39,0.66,80.61,0.68,30.58,0.69,53.8,0.01,0.01,2331.76116,1776186059000
1776186061.549,61.549,0.31,5.95,0.3,129.1,0.32,322.48,0.33,246.39,0.68,96.48,0.67,224.39,0.69,3.2,0.7,154.1,0.01,0.01,2332.136072,1776186060000
1776186061.966,61.966,0.31,5.0,0.3,147.0,0.32,377.48,0.33,221.39,0.68,322.48,0.67,221.39,0.69,1.95,0.7,164.1,0.01,0.01,2332.136072,1776186060000
1776186062.194,62.194,0.3,45.0,0.29,107.5,0.31,203.45,0.32,221.0,0.68,372.48,0.67,221.39,0.7,140.33,0.71,207.5,0.01,0.02,2332.136072,1776186060000
1776186062.425,62.425,0.3,45.0,0.29,107.5,0.31,203.45,0.32,221.0,0.69,203.45,0.68,221.0,0.7,45.0,0.71,107.5,0.01,0.01,2332.215116,1776186061000
1776186063.053,63.053,0.3,78.57,0.29,107.5,0.31,72.45,0.33,341.39,0.69,72.45,0.67,341.39,0.7,78.57,0.71,107.5,0.01,0.01,2331.9594,1776186062000
1776186063.525,63.525,0.3,213.91,0.29,122.5,0.31,28.99,0.32,100.0,0.69,181.44,0.68,222.0,0.7,89.95,0.71,224.5,0.01,0.01,2331.9594,1776186062000
1776186063.935,63.935,0.3,402.55,0.29,145.5,0.31,28.99,0.33,109.39,0.69,23.99,0.68,100.0,0.7,213.91,0.71,122.5,0.01,0.01,2331.9594,1776186062000
1776186064.136,64.136,0.3,419.1,0.29,180.5,0.31,25.76,0.32,70.39,0.69,25.76,0.67,109.39,0.7,397.55,0.71,145.5,0.01,0.01,2331.9594,1776186062000
1776186064.343,64.343,0.3,430.52,0.29,145.5,0.31,30.76,0.32,75.39,0.69,25.76,0.68,70.39,0.7,433.85,0.71,145.5,0.01,0.01,2331.798711,1776186063000
1776186064.632,64.632,0.3,512.52,0.29,235.5,0.31,8.15,0.32,75.39,0.69,30.76,0.68,75.39,0.7,430.52,0.71,145.5,0.01,0.01,2331.798711,1776186063000
1776186065.043,65.043,0.33,106.0,0.32,315.0,0.34,42.55,0.35,302.0,0.66,86.41,0.65,302.0,0.68,10.0,0.69,385.8,0.01,0.02,2331.798711,1776186063000
1776186065.304,65.304,0.33,106.0,0.32,315.0,0.34,42.55,0.35,302.0,0.66,42.55,0.65,302.0,0.67,106.0,0.68,315.0,0.01,0.01,2331.9594,1776186064000
1776186065.887,65.887,0.33,145.5,0.32,481.5,0.34,77.87,0.35,202.0,0.66,77.87,0.65,202.0,0.67,152.0,0.68,465.0,0.01,0.01,2331.9594,1776186064000
1776186066.117,66.117,0.33,505.48,0.32,269.5,0.34,77.87,0.35,30.0,0.66,77.87,0.65,202.0,0.67,145.5,0.68,481.5,0.01,0.01,2331.9594,1776186064000
1776186066.326,66.326,0.34,231.32,0.33,275.48,0.35,30.0,0.36,90.0,0.65,30.0,0.64,90.0,0.66,238.58,0.67,275.48,0.01,0.01,2331.9594,1776186064000
1776186066.684,66.684,0.34,462.09,0.33,269.78,0.35,35.0,0.36,95.0,0.65,35.0,0.64,95.0,0.66,437.36,0.67,291.78,0.01,0.01,2332.276591,1776186065000
1776186067.015,67.015,0.34,460.42,0.33,269.78,0.35,29.96,0.36,95.0,0.65,35.0,0.64,95.0,0.66,462.09,0.67,269.78,0.01,0.01,2332.276591,1776186065000
1776186067.377,67.377,0.34,446.5,0.33,239.78,0.35,19.96,0.36,175.24,0.65,19.96,0.64,175.24,0.66,454.73,0.67,269.78,0.01,0.01,2332.382685,1776186066000
1776186067.592,67.592,0.34,470.73,0.33,234.78,0.35,19.96,0.36,175.24,0.65,19.96,0.64,175.24,0.66,483.31,0.67,234.78,0.01,0.01,2332.382685,1776186066000
1776186067.792,67.792,0.34,573.19,0.33,230.78,0.35,2.96,0.36,175.24,0.65,13.96,0.64,175.24,0.66,568.19,0.67,230.78,0.01,0.01,2332.382685,1776186066000
1776186068.145,68.145,0.34,571.52,0.33,230.78,0.36,95.0,0.37,35.0,0.64,95.0,0.63,35.0,0.66,571.52,0.67,230.78,0.02,0.02,2332.669323,1776186067000
1776186068.379,68.379,0.35,502.04,0.34,236.68,0.37,35.0,0.38,115.0,0.64,5.0,0.63,35.0,0.65,516.04,0.66,266.7,0.02,0.01,2332.669323,1776186067000
1776186068.674,68.674,0.36,426.46,0.35,323.06,0.37,5.0,0.38,115.0,0.63,5.0,0.62,115.0,0.64,45.18,0.65,393.04,0.01,0.01,2332.669323,1776186067000
1776186069.1,69.1,0.36,619.3,0.35,418.06,0.37,5.0,0.38,115.0,0.63,5.0,0.62,115.0,0.64,426.02,0.65,323.06,0.01,0.01,2332.669323,1776186067000
1776186069.362,69.362,0.37,322.0,0.36,297.0,0.38,7.0,0.39,5.0,0.63,5.0,0.62,115.0,0.64,619.3,0.65,418.06,0.01,0.01,2332.99814,1776186068000
1776186069.752,69.752,0.39,492.59,0.38,196.11,0.4,80.0,0.41,35.0,0.6,126.0,0.59,40.0,0.62,15.11,0.63,103.0,0.01,0.02,2332.99814,1776186068000
1776186070.213,70.213,0.39,401.19,0.38,318.11,0.4,70.0,0.41,35.0,0.6,75.0,0.59,35.0,0.61,376.19,0.62,323.11,0.01,0.01,2332.99814,1776186068000
1776186070.475,70.475,0.39,401.19,0.38,318.11,0.4,70.0,0.41,35.0,0.6,70.0,0.59,35.0,0.61,401.19,0.62,318.11,0.01,0.01,2333.360485,1776186069000
1776186070.873,70.873,0.41,486.51,0.4,178.0,0.42,5.0,0.43,80.0,0.58,110.0,0.57,80.0,0.59,5.0,0.6,28.0,0.01,0.01,2333.360485,1776186069000
1776186071.074,71.074,0.41,486.51,0.4,178.0,0.42,5.0,0.43,80.0,0.58,5.0,0.57,80.0,0.59,486.51,0.6,178.0,0.01,0.01,2333.562305,1776186070000
1776186071.505,71.505,0.41,284.53,0.4,313.0,0.42,5.0,0.43,132.0,0.58,5.0,0.57,80.0,0.59,486.51,0.6,178.0,0.01,0.01,2333.562305,1776186070000
1776186071.707,71.707,0.41,295.33,0.4,313.0,0.42,10.0,0.43,132.0,0.58,5.0,0.57,132.0,0.59,274.33,0.6,313.0,0.01,0.01,2333.562305,1776186070000
1776186071.959,71.959,0.41,521.33,0.4,333.0,0.42,27.0,0.43,5.0,0.58,10.0,0.57,132.0,0.59,290.33,0.6,313.0,0.01,0.01,2333.562305,1776186070000
1776186072.244,72.244,0.41,444.33,0.4,460.0,0.44,172.0,0.45,125.9,0.56,172.0,0.55,125.9,0.59,444.33,0.6,460.0,0.03,0.03,2333.766492,1776186071000
1776186072.875,72.875,0.43,58.57,0.42,157.0,0.44,273.0,0.45,180.9,0.58,5.0,0.56,172.0,0.59,400.85,0.6,472.0,0.01,0.01,2333.766492,1776186071000
1776186073.153,73.153,0.43,11.0,0.42,166.8,0.44,217.0,0.45,249.88,0.56,212.0,0.55,249.88,0.57,31.0,0.58,171.8,0.01,0.01,2333.766492,1776186071000
1776186073.364,73.364,0.43,10.22,0.42,166.8,0.44,221.84,0.45,244.88,0.56,211.84,0.55,249.88,0.57,13.22,0.58,166.8,0.01,0.01,2334.063527,1776186072000
1776186073.759,73.759,0.43,90.22,0.42,206.8,0.44,127.0,0.45,244.88,0.56,221.84,0.55,244.88,0.57,10.22,0.58,166.8,0.01,0.01,2334.063527,1776186072000
1776186074.2,74.2,0.43,222.14,0.42,194.8,0.44,114.0,0.45,249.88,0.56,109.0,0.55,244.88,0.57,216.22,0.58,206.8,0.01,0.01,2334.063527,1776186072000
1776186075.118,75.118,0.43,461.36,0.42,223.8,0.44,5.0,0.45,184.88,0.56,114.0,0.55,249.88,0.57,222.14,0.58,194.8,0.01,0.01,2334.130891,1776186073000
1776186075.443,75.443,0.43,456.36,0.42,223.8,0.45,183.5,0.46,155.0,0.55,183.5,0.54,155.0,0.57,456.36,0.58,223.8,0.02,0.02,2333.9366,1776186074000
1776186075.869,75.869,0.44,292.6,0.43,164.36,0.45,102.29,0.46,282.0,0.55,183.5,0.54,155.0,0.57,456.36,0.58,223.8,0.01,0.02,2333.9366,1776186074000
1776186076.199,76.199,0.43,10.36,0.42,314.8,0.44,23.0,0.45,350.29,0.55,102.29,0.54,282.0,0.56,292.6,0.57,164.36,0.01,0.01,2333.9816,1776186075000
1776186076.409,76.409,0.42,334.16,0.41,186.75,0.44,198.0,0.45,228.29,0.56,76.0,0.55,228.29,0.57,0.36,0.58,326.8,0.02,0.01,2333.9816,1776186075000
1776186076.92,76.92,0.42,661.16,0.41,203.75,0.44,4.65,0.45,112.29,0.56,198.0,0.55,228.29,0.58,334.16,0.59,186.75,0.02,0.02,2333.9816,1776186075000
1776186077.147,77.147,0.43,258.0,0.42,485.16,0.44,2.37,0.45,112.29,0.56,2.37,0.55,112.29,0.57,258.0,0.58,485.16,0.01,0.01,2334.134269,1776186076000
1776186077.355,77.355,0.43,17.0,0.42,180.16,0.44,5.0,0.45,329.35,0.55,285.35,0.54,215.0,0.56,5.0,0.57,41.7,0.01,0.01,2334.134269,1776186076000
1776186077.648,77.648,0.42,232.0,0.41,54.85,0.44,22.0,0.45,339.35,0.56,5.0,0.55,329.35,0.57,17.0,0.58,180.16,0.02,0.01,2334.134269,1776186076000
1776186077.946,77.946,0.42,80.74,0.41,184.85,0.43,27.0,0.44,139.0,0.56,22.0,0.55,339.35,0.58,232.0,0.59,54.85,0.01,0.02,2334.134269,1776186076000
1776186078.355,78.355,0.42,80.74,0.41,184.85,0.43,27.0,0.44,139.0,0.57,27.0,0.56,139.0,0.58,80.74,0.59,184.85,0.01,0.01,2334.085766,1776186077000
1776186078.63,78.63,0.4,12.0,0.39,40.2,0.41,46.99,0.42,32.0,0.57,282.0,0.56,72.0,0.59,15.01,0.6,50.0,0.01,0.02,2334.085766,1776186077000
1776186078.921,78.921,0.4,3.67,0.39,40.2,0.44,47.72,0.45,178.35,0.59,46.99,0.58,32.0,0.6,3.67,0.61,40.2,0.04,0.01,2334.085766,1776186077000
1776186079.436,79.436,0.4,10.0,0.39,196.95,0.42,188.48,0.44,47.72,0.59,39.0,0.58,138.0,0.61,32.95,0.63,171.0,0.02,0.02,2334.085766,1776186077000
1776186079.894,79.894,0.42,87.0,0.41,169.0,0.44,176.72,0.45,153.35,0.58,71.48,0.57,127.0,0.6,18.79,0.61,331.95,0.02,0.02,2334.085766,1776186077000
1776186080.555,80.555,0.42,152.03,0.41,224.0,0.43,56.51,0.44,176.72,0.57,56.51,0.56,176.72,0.58,152.03,0.59,224.0,0.01,0.01,2333.764058,1776186079000
1776186081.34,81.34,0.42,142.03,0.41,209.0,0.43,50.0,0.44,176.72,0.57,50.0,0.56,176.72,0.58,142.03,0.59,209.0,0.01,0.01,2333.459426,1776186080000
1776186081.794,81.794,0.42,20.0,0.41,12.0,0.43,214.9,0.44,120.59,0.57,50.0,0.56,176.72,0.58,142.03,0.59,209.0,0.01,0.01,2333.459426,1776186080000
1776186082.2,82.2,0.42,30.75,0.41,12.0,0.43,200.9,0.44,120.59,0.57,214.9,0.56,120.59,0.58,20.0,0.59,12.0,0.01,0.01,2333.459426,1776186080000
1776186083.371,83.371,0.4,3.0,0.39,117.95,0.41,49.0,0.42,182.0,0.57,200.9,0.56,120.59,0.58,30.75,0.59,12.0,0.01,0.01,2333.642578,1776186081000
1776186083.758,83.758,0.39,117.95,0.38,187.0,0.41,184.0,0.42,65.0,0.59,184.0,0.58,65.0,0.61,117.95,0.62,187.0,0.02,0.02,2333.688663,1776186082000
1776186084.215,84.215,0.39,141.71,0.38,214.0,0.4,21.0,0.41,81.0,0.59,184.0,0.58,65.0,0.61,117.95,0.62,187.0,0.01,0.02,2333.688663,1776186082000
1776186084.487,84.487,0.39,141.71,0.38,214.0,0.4,21.0,0.41,81.0,0.6,21.0,0.59,81.0,0.61,141.71,0.62,214.0,0.01,0.01,2333.578467,1776186083000
1776186085.099,85.099,0.39,141.71,0.38,214.0,0.4,21.0,0.41,81.0,0.6,21.0,0.59,81.0,0.61,141.71,0.62,214.0,0.01,0.01,2333.530276,1776186084000
1776186086.349,86.349,0.39,568.71,0.38,241.0,0.4,12.5,0.41,5.0,0.6,21.0,0.59,81.0,0.61,141.71,0.62,214.0,0.01,0.01,2333.530276,1776186084000
1776186086.563,86.563,0.39,568.71,0.38,241.0,0.4,12.5,0.41,5.0,0.6,12.5,0.59,5.0,0.61,568.71,0.62,241.0,0.01,0.01,2333.423575,1776186085000
1776186086.925,86.925,0.39,548.71,0.38,266.0,0.4,10.0,0.41,5.0,0.6,12.5,0.59,5.0,0.61,568.71,0.62,241.0,0.01,0.01,2333.423575,1776186085000
1776186087.201,87.201,0.39,542.07,0.38,241.0,0.4,10.0,0.41,5.0,0.6,10.0,0.59,5.0,0.61,548.71,0.62,266.0,0.01,0.01,2333.423575,1776186085000
1776186088.187,88.187,0.39,542.07,0.38,241.0,0.4,10.0,0.41,5.0,0.6,10.0,0.59,5.0,0.61,542.07,0.62,241.0,0.01,0.01,2333.681961,1776186087000
1776186089.814,89.814,0.39,542.07,0.38,241.0,0.4,10.0,0.41,5.0,0.6,10.0,0.59,5.0,0.61,542.07,0.62,241.0,0.01,0.01,2333.730854,1776186088000
1776186090.648,90.648,0.39,542.07,0.38,241.0,0.4,10.0,0.41,5.0,0.6,10.0,0.59,5.0,0.61,542.07,0.62,241.0,0.01,0.01,2333.763381,1776186089000
1776186091.406,91.406,0.39,542.07,0.38,241.0,0.4,10.0,0.41,5.0,0.6,10.0,0.59,5.0,0.61,542.07,0.62,241.0,0.01,0.01,2333.750895,1776186090000
1776186092.214,92.214,0.39,542.07,0.38,241.0,0.4,10.0,0.41,5.0,0.6,10.0,0.59,5.0,0.61,542.07,0.62,241.0,0.01,0.01,2333.708165,1776186091000
1776186093.676,93.676,0.39,302.07,0.38,256.0,0.4,20.0,0.41,15.0,0.6,10.0,0.59,5.0,0.61,542.07,0.62,241.0,0.01,0.01,2333.708165,1776186091000
1776186094.299,94.299,0.39,65.0,0.38,202.0,0.4,199.5,0.41,60.0,0.6,20.0,0.59,15.0,0.61,302.07,0.62,256.0,0.01,0.01,2333.660646,1776186092000
1776186094.996,94.996,0.38,298.64,0.37,171.0,0.39,0.84,0.4,20.83,0.6,72.5,0.59,70.0,0.62,139.64,0.63,120.0,0.01,0.02,2333.76385,1776186093000
1776186095.214,95.214,0.38,152.64,0.37,272.0,0.4,38.79,0.41,80.0,0.6,13.77,0.59,75.0,0.62,338.64,0.63,156.0,0.02,0.02,2333.76385,1776186093000
1776186096.132,96.132,0.38,152.64,0.37,272.0,0.4,38.79,0.41,80.0,0.6,38.79,0.59,80.0,0.62,152.64,0.63,272.0,0.02,0.02,2333.679149,1776186095000
1776186096.396,96.396,0.37,72.0,0.36,215.0,0.39,171.0,0.4,130.15,0.6,38.79,0.59,80.0,0.62,152.64,0.63,272.0,0.02,0.02,2333.679149,1776186095000
1776186097.336,97.336,0.37,163.0,0.36,351.0,0.38,77.39,0.39,65.0,0.61,171.0,0.6,130.15,0.63,72.0,0.64,215.0,0.01,0.02,2333.679149,1776186095000
1776186097.804,97.804,0.37,163.0,0.36,351.0,0.38,77.39,0.39,65.0,0.62,77.39,0.61,65.0,0.63,163.0,0.64,351.0,0.01,0.01,2333.39796,1776186096000
1776186098.129,98.129,0.37,50.5,0.36,232.0,0.38,157.39,0.39,60.0,0.62,77.39,0.61,65.0,0.63,163.0,0.64,351.0,0.01,0.01,2333.39796,1776186096000
1776186098.482,98.482,0.37,50.5,0.36,232.0,0.38,157.39,0.39,60.0,0.62,157.39,0.61,60.0,0.63,50.5,0.64,232.0,0.01,0.01,2333.180623,1776186097000
1776186098.747,98.747,0.37,8.41,0.36,217.0,0.38,198.39,0.39,70.0,0.62,157.39,0.61,60.0,0.63,50.5,0.64,232.0,0.01,0.01,2333.180623,1776186097000
1776186099.177,99.177,0.37,5.53,0.36,167.0,0.38,244.39,0.39,70.0,0.62,198.39,0.61,70.0,0.63,8.41,0.64,217.0,0.01,0.01,2333.180623,1776186097000
1776186099.463,99.463,0.36,208.28,0.35,307.0,0.37,15.0,0.38,86.0,0.62,244.39,0.61,70.0,0.63,5.53,0.64,167.0,0.01,0.01,2333.180623,1776186097000
1776186099.734,99.734,0.36,208.28,0.35,307.0,0.37,15.0,0.38,86.0,0.63,15.0,0.62,86.0,0.64,208.28,0.65,307.0,0.01,0.01,2333.220973,1776186098000
1776186100.333,100.333,0.36,208.28,0.35,307.0,0.37,15.0,0.38,86.0,0.63,15.0,0.62,86.0,0.64,208.28,0.65,307.0,0.01,0.01,2333.237243,1776186099000
1776186100.976,100.976,0.36,206.65,0.35,319.0,0.37,121.0,0.38,71.0,0.63,121.0,0.62,71.0,0.64,206.65,0.65,319.0,0.01,0.01,2333.184834,1776186100000
1776186102.27,102.27,0.36,206.65,0.35,319.0,0.37,121.0,0.38,71.0,0.63,121.0,0.62,71.0,0.64,206.65,0.65,319.0,0.01,0.01,2333.09377,1776186101000
1776186103.352,103.352,0.36,206.65,0.35,319.0,0.37,121.0,0.38,71.0,0.63,121.0,0.62,71.0,0.64,206.65,0.65,319.0,0.01,0.01,2333.023986,1776186102000
1776186104.081,104.081,0.33,88.54,0.32,287.0,0.34,70.0,0.35,70.0,0.63,121.0,0.62,71.0,0.64,206.65,0.65,319.0,0.01,0.01,2333.023986,1776186102000
1776186104.605,104.605,0.33,88.54,0.32,287.0,0.34,70.0,0.35,70.0,0.66,70.0,0.65,70.0,0.67,88.54,0.68,287.0,0.01,0.01,2332.528409,1776186103000
1776186105.12,105.12,0.33,88.54,0.32,287.0,0.34,70.0,0.35,70.0,0.66,70.0,0.65,70.0,0.67,88.54,0.68,287.0,0.01,0.01,2332.53419,1776186104000
1776186106.285,106.285,0.33,88.54,0.32,287.0,0.34,70.0,0.35,70.0,0.66,70.0,0.65,70.0,0.67,88.54,0.68,287.0,0.01,0.01,2332.559232,1776186105000
1776186106.499,106.499,0.33,297.54,0.32,328.0,0.35,5.0,0.36,55.0,0.66,25.0,0.65,5.0,0.67,292.54,0.68,328.0,0.02,0.01,2332.559232,1776186105000
1776186107.426,107.426,0.34,15.0,0.33,144.54,0.36,49.0,0.37,55.0,0.64,49.0,0.63,55.0,0.66,15.0,0.67,144.54,0.02,0.02,2332.567502,1776186106000
1776186107.966,107.966,0.34,15.0,0.33,144.54,0.36,49.0,0.37,55.0,0.64,49.0,0.63,55.0,0.66,15.0,0.67,144.54,0.02,0.02,2332.57,1776186107000
1776186108.777,108.777,0.36,140.18,0.35,93.0,0.37,75.0,0.38,60.0,0.64,49.0,0.63,55.0,0.66,15.0,0.67,144.54,0.01,0.02,2332.57,1776186107000
1776186109.077,109.077,0.36,140.18,0.35,93.0,0.37,75.0,0.38,60.0,0.63,75.0,0.62,60.0,0.64,140.18,0.65,93.0,0.01,0.01,2332.89726,1776186108000
1776186109.338,109.338,0.36,301.18,0.35,202.0,0.37,2.27,0.4,5.0,0.63,75.0,0.62,60.0,0.64,140.18,0.65,93.0,0.01,0.01,2332.89726,1776186108000
1776186109.585,109.585,0.36,311.18,0.35,202.0,0.4,5.0,0.41,75.0,0.63,2.27,0.6,5.0,0.64,301.18,0.65,202.0,0.04,0.01,2332.89726,1776186108000
1776186109.883,109.883,0.4,5.0,0.39,99.0,0.41,85.0,0.42,75.0,0.6,5.0,0.59,75.0,0.64,311.18,0.65,202.0,0.01,0.04,2332.89726,1776186108000
1776186110.339,110.339,0.4,5.0,0.39,99.0,0.41,85.0,0.42,75.0,0.59,85.0,0.58,75.0,0.6,5.0,0.61,99.0,0.01,0.01,2332.94377,1776186109000
1776186111.098,111.098,0.34,10.0,0.33,5.0,0.36,15.0,0.37,15.0,0.59,85.0,0.58,75.0,0.6,5.0,0.61,99.0,0.02,0.01,2332.94377,1776186109000
1776186111.373,111.373,0.34,10.0,0.33,5.0,0.36,15.0,0.37,15.0,0.64,15.0,0.63,15.0,0.66,10.0,0.67,5.0,0.02,0.02,2333.220829,1776186110000
1776186111.996,111.996,0.33,15.0,0.32,350.0,0.34,10.01,0.35,15.0,0.66,10.01,0.65,15.0,0.67,15.0,0.68,350.0,0.01,0.01,2333.275041,1776186111000
1776186113.16,113.16,0.33,15.0,0.32,350.0,0.34,10.01,0.35,15.0,0.66,10.01,0.65,15.0,0.67,15.0,0.68,350.0,0.01,0.01,2333.026096,1776186112000
1776186116.728,116.728,0.33,15.0,0.32,350.0,0.34,10.01,0.35,15.0,0.66,10.01,0.65,15.0,0.67,15.0,0.68,350.0,0.01,0.01,2332.957727,1776186115000
1776186117.142,117.142,0.39,121.0,0.38,87.0,0.4,31.0,0.41,85.0,0.66,10.01,0.65,15.0,0.67,15.0,0.68,350.0,0.01,0.01,2332.957727,1776186115000
1776186117.354,117.354,0.39,121.0,0.38,87.0,0.4,31.0,0.41,85.0,0.6,31.0,0.59,85.0,0.61,121.0,0.62,87.0,0.01,0.01,2333.279099,1776186116000
1776186117.927,117.927,0.39,121.0,0.38,87.0,0.4,31.0,0.41,85.0,0.6,31.0,0.59,85.0,0.61,121.0,0.62,87.0,0.01,0.01,2333.441022,1776186117000
1776186119.0,119.0,0.39,121.0,0.38,87.0,0.4,31.0,0.41,85.0,0.6,31.0,0.59,85.0,0.61,121.0,0.62,87.0,0.01,0.01,2333.598466,1776186118000
1776186120.089,120.089,0.39,121.0,0.38,87.0,0.4,31.0,0.41,85.0,0.6,31.0,0.59,85.0,0.61,121.0,0.62,87.0,0.01,0.01,2333.633859,1776186119000
1776186120.546,120.546,0.39,336.0,0.38,236.0,0.4,7.47,0.41,85.0,0.6,31.0,0.59,85.0,0.61,121.0,0.62,87.0,0.01,0.01,2333.633859,1776186119000
1776186120.879,120.879,0.43,17.41,0.42,82.0,0.44,30.0,0.45,213.35,0.56,30.0,0.55,198.35,0.61,416.0,0.62,236.0,0.01,0.05,2333.633859,1776186119000
1776186121.204,121.204,0.43,17.41,0.42,82.0,0.44,30.0,0.45,213.35,0.56,30.0,0.55,213.35,0.57,17.41,0.58,82.0,0.01,0.01,2333.724307,1776186120000
1776186121.78,121.78,0.43,5.0,0.42,82.0,0.44,68.81,0.45,263.35,0.56,30.0,0.55,213.35,0.57,17.41,0.58,82.0,0.01,0.01,2333.724307,1776186120000
1776186122.344,122.344,0.43,5.0,0.42,82.0,0.44,68.81,0.45,263.35,0.56,68.81,0.55,263.35,0.57,5.0,0.58,82.0,0.01,0.01,2333.944583,1776186121000
1776186122.791,122.791,0.44,130.73,0.43,172.0,0.45,195.15,0.46,200.0,0.55,195.15,0.54,205.0,0.56,98.0,0.57,102.0,0.01,0.01,2333.944583,1776186121000
1776186123.097,123.097,0.44,361.73,0.43,221.0,0.46,100.0,0.47,165.0,0.55,195.15,0.54,200.0,0.56,130.73,0.57,172.0,0.02,0.01,2333.944583,1776186121000
1776186123.423,123.423,0.44,361.73,0.43,221.0,0.46,100.0,0.47,165.0,0.54,100.0,0.53,165.0,0.56,361.73,0.57,221.0,0.02,0.02,2333.993899,1776186122000
1776186123.959,123.959,0.44,361.73,0.43,221.0,0.46,100.0,0.47,165.0,0.54,100.0,0.53,165.0,0.56,361.73,0.57,221.0,0.02,0.02,2334.086396,1776186123000
1776186124.611,124.611,0.49,102.19,0.48,165.0,0.5,200.0,0.51,88.0,0.54,100.0,0.53,165.0,0.56,361.73,0.57,221.0,0.01,0.02,2334.086396,1776186123000
1776186124.893,124.893,0.5,15.0,0.49,407.16,0.51,55.15,0.52,155.0,0.5,200.0,0.49,88.0,0.51,102.19,0.52,165.0,0.01,0.01,2334.086396,1776186123000
1776186125.266,125.266,0.52,9.28,0.51,332.0,0.53,90.0,0.54,225.0,0.48,0.72,0.47,140.0,0.49,17.0,0.5,401.0,0.01,0.01,2334.66725,1776186124000
1776186125.767,125.767,0.52,261.19,0.51,119.0,0.53,70.0,0.54,225.0,0.47,90.0,0.46,225.0,0.48,9.28,0.49,332.0,0.01,0.01,2334.66725,1776186124000
1776186126.174,126.174,0.52,274.01,0.51,190.0,0.53,0.12,0.54,175.0,0.47,5.0,0.46,225.0,0.48,209.01,0.49,169.0,0.01,0.01,2334.66725,1776186124000
1776186126.547,126.547,0.53,364.0,0.52,247.01,0.55,35.0,0.56,120.0,0.46,174.12,0.45,35.0,0.48,274.01,0.49,190.0,0.02,0.02,2334.895726,1776186125000
1776186126.84,126.84,0.54,292.0,0.53,181.0,0.56,120.0,0.57,50.0,0.45,35.0,0.44,120.0,0.47,364.0,0.48,247.01,0.02,0.02,2334.895726,1776186125000
1776186127.157,127.157,0.56,65.0,0.55,276.0,0.58,17.61,0.59,50.0,0.44,120.0,0.43,50.0,0.46,292.0,0.47,181.0,0.02,0.02,2334.895726,1776186125000
1776186127.89,127.89,0.56,80.0,0.55,264.0,0.59,50.0,0.61,10.0,0.41,50.0,0.39,10.0,0.44,80.0,0.45,264.0,0.03,0.03,2335.51147,1776186127000
1776186128.305,128.305,0.64,32.0,0.63,20.0,0.67,121.8,0.68,50.0,0.41,50.0,0.39,10.0,0.44,80.0,0.45,264.0,0.03,0.03,2335.51147,1776186127000
1776186128.635,128.635,0.66,27.0,0.65,15.0,0.67,25.0,0.68,9.0,0.33,121.8,0.32,50.0,0.36,32.0,0.37,20.0,0.01,0.03,2335.51147,1776186127000
1776186129.045,129.045,0.66,27.0,0.65,15.0,0.67,25.0,0.68,9.0,0.33,25.0,0.32,9.0,0.34,27.0,0.35,15.0,0.01,0.01,2335.7063,1776186128000
1776186129.567,129.567,0.66,5.0,0.65,10.0,0.69,5.34,0.7,143.11,0.33,25.0,0.32,9.0,0.34,27.0,0.35,15.0,0.03,0.01,2335.7063,1776186128000
1776186129.804,129.804,0.66,5.0,0.64,5.0,0.67,14.01,0.68,10.0,0.33,10.0,0.32,10.0,0.34,12.3,0.35,5.45,0.01,0.01,2335.7063,1776186128000
1776186130.135,130.135,0.66,10.0,0.64,20.0,0.67,89.15,0.68,15.0,0.33,89.15,0.32,15.0,0.34,10.0,0.36,20.0,0.01,0.01,2336.122655,1776186129000
1776186130.469,130.469,0.65,6.0,0.64,5.0,0.67,167.14,0.68,27.0,0.33,89.15,0.32,15.0,0.34,10.0,0.36,20.0,0.02,0.01,2336.122655,1776186129000
1776186130.732,130.732,0.6,5.0,0.58,60.0,0.63,8.51,0.64,151.29,0.36,113.29,0.35,39.0,0.37,5.0,0.4,5.0,0.03,0.01,2336.122655,1776186129000
1776186130.935,130.935,0.57,55.0,0.56,60.0,0.59,85.92,0.6,20.0,0.41,6.08,0.39,20.0,0.43,55.0,0.44,60.0,0.02,0.02,2336.122655,1776186129000
1776186131.18,131.18,0.58,10.0,0.57,40.0,0.59,39.07,0.6,20.0,0.41,47.62,0.4,20.0,0.43,40.0,0.44,60.0,0.01,0.02,2336.575554,1776186130000
1776186131.725,131.725,0.58,17.26,0.57,50.0,0.59,1.72,0.6,20.0,0.41,21.07,0.4,20.0,0.42,7.26,0.43,40.0,0.01,0.01,2336.575554,1776186130000
1776186132.091,132.091,0.58,17.26,0.57,50.0,0.59,1.72,0.6,20.0,0.41,1.72,0.4,20.0,0.42,17.26,0.43,50.0,0.01,0.01,2336.26545,1776186131000
1776186132.299,132.299,0.58,45.0,0.57,52.0,0.59,8.3,0.6,67.0,0.41,1.72,0.4,20.0,0.42,17.26,0.43,50.0,0.01,0.01,2336.26545,1776186131000
1776186132.587,132.587,0.58,30.0,0.56,112.0,0.59,6.96,0.6,22.0,0.41,8.3,0.4,67.0,0.42,45.0,0.43,52.0,0.01,0.01,2336.26545,1776186131000
1776186132.832,132.832,0.56,62.0,0.55,20.0,0.59,24.9,0.6,27.0,0.41,14.9,0.4,27.0,0.42,1.0,0.44,62.0,0.03,0.01,2336.26545,1776186131000
1776186133.186,133.186,0.56,50.0,0.55,32.0,0.58,17.9,0.59,112.66,0.42,17.9,0.41,112.66,0.44,50.0,0.45,32.0,0.02,0.02,2335.56,1776186132000
1776186133.523,133.523,0.54,18.0,0.53,71.5,0.57,56.33,0.58,48.0,0.44,34.92,0.43,59.0,0.46,130.0,0.47,59.5,0.03,0.02,2335.56,1776186132000
1776186133.855,133.855,0.55,4.0,0.54,35.0,0.56,19.0,0.57,35.08,0.43,107.08,0.42,48.0,0.45,10.0,0.46,30.0,0.01,0.02,2335.56,1776186132000
1776186134.282,134.282,0.54,35.0,0.53,64.5,0.55,21.0,0.56,24.0,0.45,21.0,0.44,24.0,0.46,35.0,0.47,64.5,0.01,0.01,2335.54091,1776186133000
1776186135.204,135.204,0.54,8.0,0.53,66.5,0.55,201.0,0.56,44.0,0.45,21.0,0.44,24.0,0.46,35.0,0.47,64.5,0.01,0.01,2335.54091,1776186133000
1776186135.516,135.516,0.56,12.72,0.55,15.0,0.57,15.0,0.58,50.0,0.45,48.0,0.44,5.0,0.46,2.8,0.47,76.5,0.01,0.01,2335.210454,1776186134000
1776186135.744,135.744,0.56,19.72,0.55,32.0,0.57,65.0,0.58,100.0,0.43,15.0,0.42,50.0,0.44,12.72,0.45,15.0,0.01,0.01,2335.210454,1776186134000
1776186136.226,136.226,0.57,20.0,0.56,29.72,0.58,40.0,0.59,78.0,0.43,21.1,0.42,94.0,0.44,19.72,0.45,27.0,0.01,0.01,2335.210454,1776186134000
1776186136.44,136.44,0.57,9.53,0.56,14.72,0.58,45.08,0.59,87.0,0.42,45.08,0.41,70.0,0.43,20.0,0.44,19.72,0.01,0.01,2335.210454,1776186134000
1776186136.827,136.827,0.52,173.32,0.51,81.0,0.54,78.0,0.55,26.0,0.42,45.08,0.41,87.0,0.43,9.53,0.44,14.72,0.02,0.01,2335.049411,1776186135000
1776186137.323,137.323,0.52,190.0,0.51,93.0,0.53,74.49,0.54,121.0,0.46,78.0,0.45,26.0,0.48,173.32,0.49,81.0,0.01,0.02,2335.006501,1776186136000
1776186137.769,137.769,0.52,185.0,0.51,88.0,0.53,78.82,0.54,121.0,0.47,74.49,0.46,121.0,0.48,190.0,0.49,93.0,0.01,0.01,2335.006501,1776186136000
1776186138.005,138.005,0.52,185.0,0.51,88.0,0.53,78.82,0.54,121.0,0.47,78.82,0.46,121.0,0.48,185.0,0.49,88.0,0.01,0.01,2335.095759,1776186137000
1776186138.402,138.402,0.52,205.0,0.51,93.0,0.53,34.11,0.54,94.0,0.47,78.82,0.46,121.0,0.48,185.0,0.49,88.0,0.01,0.01,2335.095759,1776186137000
1776186139.024,139.024,0.53,13.12,0.52,207.0,0.54,88.0,0.55,10.0,0.47,34.11,0.46,94.0,0.48,205.0,0.49,93.0,0.01,0.01,2335.095759,1776186137000
1776186139.515,139.515,0.53,60.0,0.52,202.0,0.54,65.0,0.55,60.0,0.46,88.0,0.45,10.0,0.47,13.12,0.48,207.0,0.01,0.01,2334.867091,1776186138000
1776186140.095,140.095,0.53,80.0,0.52,202.0,0.54,67.85,0.55,60.0,0.46,67.85,0.45,60.0,0.47,80.0,0.48,202.0,0.01,0.01,2334.866832,1776186139000
1776186141.164,141.164,0.53,80.0,0.52,202.0,0.54,67.85,0.55,60.0,0.46,67.85,0.45,60.0,0.47,80.0,0.48,202.0,0.01,0.01,2334.880135,1776186140000
1776186142.214,142.214,0.53,80.0,0.52,202.0,0.54,67.85,0.55,60.0,0.46,67.85,0.45,60.0,0.47,80.0,0.48,202.0,0.01,0.01,2334.899952,1776186141000
1776186143.269,143.269,0.52,30.0,0.51,93.0,0.53,108.79,0.54,77.76,0.46,202.76,0.45,70.0,0.48,132.0,0.49,16.0,0.01,0.02,2334.899952,1776186141000
1776186143.875,143.875,0.52,30.0,0.51,93.0,0.53,108.79,0.54,77.76,0.47,108.79,0.46,77.76,0.48,30.0,0.49,93.0,0.01,0.01,2334.951557,1776186143000
1776186145.186,145.186,0.51,80.93,0.5,162.0,0.52,100.0,0.53,95.0,0.47,77.65,0.46,77.76,0.48,25.0,0.49,93.0,0.01,0.01,2334.951557,1776186143000
1776186145.55,145.55,0.51,68.8,0.5,162.0,0.52,45.0,0.53,105.0,0.48,45.0,0.47,105.0,0.49,68.8,0.5,162.0,0.01,0.01,2334.753739,1776186144000
1776186146.17,146.17,0.51,68.8,0.5,162.0,0.52,45.0,0.53,105.0,0.48,45.0,0.47,105.0,0.49,68.8,0.5,162.0,0.01,0.01,2334.731624,1776186145000
1776186147.398,147.398,0.51,76.55,0.5,150.0,0.52,35.0,0.53,110.0,0.48,35.0,0.47,110.0,0.49,76.55,0.5,150.0,0.01,0.01,2334.684892,1776186146000
1776186148.423,148.423,0.51,15.0,0.5,152.0,0.52,84.0,0.53,105.0,0.48,35.0,0.47,110.0,0.49,76.55,0.5,150.0,0.01,0.01,2334.684892,1776186146000
1776186148.69,148.69,0.5,94.96,0.49,90.0,0.52,231.0,0.53,130.0,0.48,84.0,0.47,105.0,0.49,15.0,0.5,152.0,0.02,0.01,2334.700146,1776186147000
1776186148.986,148.986,0.5,20.76,0.49,90.0,0.51,45.0,0.52,156.0,0.49,45.0,0.48,156.0,0.5,20.76,0.51,90.0,0.01,0.01,2334.701613,1776186148000
1776186150.047,150.047,0.47,140.0,0.46,185.0,0.48,163.51,0.49,65.0,0.49,262.0,0.48,199.15,0.52,295.0,0.53,125.0,0.01,0.03,2334.701613,1776186148000
1776186151.188,151.188,0.47,140.0,0.46,185.0,0.48,163.51,0.49,65.0,0.52,163.51,0.51,65.0,0.53,140.0,0.54,185.0,0.01,0.01,2334.245832,1776186150000
1776186152.213,152.213,0.47,140.0,0.46,185.0,0.48,163.51,0.49,65.0,0.52,163.51,0.51,65.0,0.53,140.0,0.54,185.0,0.01,0.01,2334.151794,1776186151000
1776186152.802,152.802,0.45,77.0,0.44,210.0,0.46,125.0,0.47,150.0,0.52,163.51,0.51,65.0,0.53,140.0,0.54,185.0,0.01,0.01,2334.151794,1776186151000
1776186153.357,153.357,0.45,77.0,0.44,210.0,0.46,125.0,0.47,150.0,0.54,125.0,0.53,150.0,0.55,77.0,0.56,210.0,0.01,0.01,2333.943092,1776186152000
1776186153.974,153.974,0.45,47.0,0.44,210.0,0.46,332.0,0.47,152.14,0.54,125.0,0.53,150.0,0.55,77.0,0.56,210.0,0.01,0.01,2333.943092,1776186152000
1776186154.327,154.327,0.45,47.0,0.44,210.0,0.46,332.0,0.47,152.14,0.54,332.0,0.53,152.14,0.55,47.0,0.56,210.0,0.01,0.01,2333.775928,1776186153000
1776186155.375,155.375,0.45,47.0,0.44,210.0,0.46,332.0,0.47,152.14,0.54,332.0,0.53,152.14,0.55,47.0,0.56,210.0,0.01,0.01,2333.723556,1776186154000
1776186156.016,156.016,0.45,15.18,0.44,210.0,0.46,332.0,0.47,158.16,0.54,332.0,0.53,158.16,0.55,15.18,0.56,210.0,0.01,0.01,2333.717594,1776186155000
1776186156.297,156.297,0.44,160.0,0.43,55.0,0.46,364.0,0.47,229.16,0.54,399.0,0.53,229.16,0.55,5.18,0.56,160.0,0.02,0.01,2333.717594,1776186155000
1776186157.025,157.025,0.44,35.0,0.43,55.0,0.45,38.66,0.46,259.0,0.55,38.66,0.54,259.0,0.56,35.0,0.57,55.0,0.01,0.01,2333.714326,1776186156000
1776186158.114,158.114,0.44,35.0,0.43,55.0,0.45,38.66,0.46,259.0,0.55,38.66,0.54,259.0,0.56,35.0,0.57,55.0,0.01,0.01,2333.574884,1776186157000
1776186158.579,158.579,0.39,225.0,0.38,35.0,0.41,337.0,0.42,111.16,0.55,38.66,0.54,259.0,0.56,35.0,0.57,55.0,0.02,0.01,2333.574884,1776186157000
1776186159.0,159.0,0.37,85.0,0.36,295.0,0.39,85.0,0.4,165.3,0.59,337.0,0.58,111.16,0.61,225.0,0.62,35.0,0.02,0.02,2333.574884,1776186157000
1776186159.232,159.232,0.37,85.0,0.36,295.0,0.39,85.0,0.4,165.3,0.61,85.0,0.6,165.3,0.63,85.0,0.64,295.0,0.02,0.02,2333.447082,1776186158000
1776186160.224,160.224,0.37,40.0,0.36,295.0,0.39,103.1,0.4,68.3,0.61,103.1,0.6,68.3,0.63,40.0,0.64,295.0,0.02,0.02,2333.320875,1776186159000
1776186161.181,161.181,0.37,40.0,0.36,295.0,0.39,103.1,0.4,68.3,0.61,103.1,0.6,68.3,0.63,40.0,0.64,295.0,0.02,0.02,2333.008356,1776186160000
1776186161.721,161.721,0.34,170.0,0.33,211.0,0.35,23.0,0.36,25.0,0.61,103.1,0.6,68.3,0.63,40.0,0.64,295.0,0.01,0.02,2333.008356,1776186160000
1776186162.123,162.123,0.34,180.0,0.33,211.0,0.35,17.65,0.36,25.0,0.65,17.65,0.64,25.0,0.66,180.0,0.67,211.0,0.01,0.01,2332.855179,1776186161000
1776186162.805,162.805,0.34,85.0,0.33,216.0,0.35,56.19,0.36,15.0,0.65,79.34,0.64,10.0,0.66,120.0,0.67,216.0,0.01,0.01,2332.855179,1776186161000
1776186163.114,163.114,0.34,42.8,0.33,216.0,0.35,71.19,0.36,15.0,0.65,71.19,0.64,15.0,0.66,42.8,0.67,216.0,0.01,0.01,2332.862277,1776186162000
1776186163.834,163.834,0.34,67.8,0.33,211.0,0.38,10.0,0.39,30.0,0.65,71.19,0.64,15.0,0.66,42.8,0.67,216.0,0.04,0.01,2332.862277,1776186162000
1776186164.125,164.125,0.34,67.8,0.33,211.0,0.38,10.0,0.39,30.0,0.62,10.0,0.61,30.0,0.66,67.8,0.67,211.0,0.04,0.04,2333.302138,1776186163000
1776186164.401,164.401,0.34,58.73,0.33,216.0,0.35,15.0,0.36,10.0,0.62,10.0,0.61,30.0,0.66,67.8,0.67,211.0,0.01,0.04,2333.302138,1776186163000
1776186165.093,165.093,0.34,56.15,0.33,216.0,0.35,15.0,0.36,10.0,0.65,15.0,0.64,10.0,0.66,56.15,0.67,216.0,0.01,0.01,2333.427136,1776186164000
1776186165.358,165.358,0.33,201.0,0.32,335.0,0.35,26.23,0.36,95.82,0.65,26.23,0.64,95.82,0.66,41.15,0.67,206.0,0.02,0.01,2333.427136,1776186164000
1776186165.871,165.871,0.33,152.72,0.32,350.0,0.34,21.23,0.35,43.54,0.65,26.23,0.64,95.82,0.67,174.37,0.68,345.0,0.01,0.02,2333.427136,1776186164000
1776186166.148,166.148,0.33,152.72,0.32,350.0,0.34,15.23,0.35,48.54,0.66,15.23,0.65,48.54,0.67,152.72,0.68,350.0,0.01,0.01,2333.444043,1776186165000
1776186166.531,166.531,0.33,2.72,0.32,160.0,0.34,162.51,0.35,33.54,0.66,15.23,0.65,48.54,0.67,152.72,0.68,350.0,0.01,0.01,2333.444043,1776186165000
1776186166.759,166.759,0.32,65.0,0.31,325.0,0.34,130.94,0.35,28.54,0.66,131.09,0.65,28.54,0.68,85.0,0.69,325.0,0.02,0.02,2333.444043,1776186165000
1776186167.154,167.154,0.32,65.0,0.31,325.0,0.34,130.94,0.35,28.54,0.66,130.94,0.65,28.54,0.68,65.0,0.69,325.0,0.02,0.02,2333.461016,1776186166000
1776186168.117,168.117,0.32,65.0,0.31,325.0,0.34,130.94,0.35,28.54,0.66,130.94,0.65,28.54,0.68,65.0,0.69,325.0,0.02,0.02,2333.350202,1776186167000
1776186168.592,168.592,0.29,73.11,0.28,482.89,0.3,20.0,0.31,65.0,0.66,130.94,0.65,28.54,0.68,65.0,0.69,325.0,0.01,0.02,2333.350202,1776186167000
1776186168.825,168.825,0.28,482.89,0.27,243.3,0.3,25.0,0.31,65.0,0.7,25.0,0.69,65.0,0.71,11.11,0.72,482.89,0.02,0.01,2333.350202,1776186167000
1776186169.112,169.112,0.28,482.89,0.27,243.3,0.3,25.0,0.31,65.0,0.7,25.0,0.69,65.0,0.72,482.89,0.73,243.3,0.02,0.02,2332.824135,1776186168000
1776186170.141,170.141,0.28,482.89,0.27,243.3,0.3,25.0,0.31,65.0,0.7,25.0,0.69,65.0,0.72,482.89,0.73,243.3,0.02,0.02,2332.438263,1776186169000
1776186170.534,170.534,0.27,5.8,0.26,426.7,0.28,70.0,0.29,25.0,0.71,15.0,0.7,26.02,0.72,3.61,0.73,243.3,0.01,0.01,2332.438263,1776186169000
1776186171.058,171.058,0.26,395.02,0.25,125.2,0.28,70.0,0.29,20.0,0.72,70.0,0.71,20.0,0.74,395.02,0.75,125.2,0.02,0.02,2332.076834,1776186170000
1776186171.36,171.36,0.26,33.53,0.25,19.2,0.27,122.6,0.28,50.0,0.73,108.6,0.72,50.0,0.74,75.02,0.75,125.2,0.01,0.01,2332.076834,1776186170000
1776186171.703,171.703,0.25,14.56,0.24,19.7,0.26,81.47,0.27,20.0,0.74,16.47,0.73,122.6,0.75,17.2,0.76,94.7,0.01,0.01,2332.076834,1776186170000
1776186171.984,171.984,0.24,1.64,0.22,500.0,0.25,107.24,0.26,31.47,0.74,115.47,0.73,20.0,0.76,7.66,0.78,500.0,0.01,0.02,2332.076834,1776186170000
1776186172.257,172.257,0.24,1.64,0.22,500.0,0.25,107.24,0.26,31.47,0.75,107.24,0.74,31.47,0.76,1.64,0.78,500.0,0.01,0.01,2331.801813,1776186171000
1776186172.696,172.696,0.21,220.0,0.2,150.0,0.25,136.24,0.26,31.47,0.75,107.24,0.74,31.47,0.76,1.64,0.78,500.0,0.04,0.01,2331.801813,1776186171000
1776186172.994,172.994,0.21,226.48,0.2,210.0,0.24,10.0,0.25,142.24,0.75,136.24,0.74,31.47,0.79,220.0,0.8,150.0,0.03,0.04,2331.801813,1776186171000
1776186173.57,173.57,0.21,47.5,0.2,210.0,0.22,10.0,0.23,10.0,0.78,10.0,0.77,10.0,0.79,47.5,0.8,210.0,0.01,0.01,2331.648261,1776186172000
1776186174.195,174.195,0.21,47.5,0.2,210.0,0.22,10.0,0.23,10.0,0.78,10.0,0.77,10.0,0.79,47.5,0.8,210.0,0.01,0.01,2331.708606,1776186173000
1776186175.254,175.254,0.19,125.0,0.18,100.0,0.22,85.0,0.23,10.0,0.78,85.0,0.77,10.0,0.81,125.0,0.82,100.0,0.03,0.03,2331.777483,1776186174000
1776186175.693,175.693,0.16,127.61,0.15,164.93,0.2,39.64,0.21,10.0,0.8,8.39,0.79,10.0,0.83,125.0,0.84,100.0,0.04,0.03,2331.777483,1776186174000
1776186175.992,175.992,0.17,5.0,0.16,47.61,0.19,5.26,0.2,14.64,0.8,39.64,0.79,10.0,0.84,127.61,0.85,164.93,0.02,0.04,2331.777483,1776186174000
1776186176.587,176.587,0.16,46.57,0.15,164.93,0.18,10.0,0.19,5.26,0.82,10.0,0.81,5.26,0.84,46.57,0.85,164.93,0.02,0.02,2331.202347,1776186175000
1776186177.007,177.007,0.15,57.94,0.14,200.0,0.16,15.0,0.17,200.0,0.83,200.0,0.82,15.0,0.85,60.53,0.86,200.0,0.01,0.02,2331.202347,1776186175000
1776186177.33,177.33,0.15,52.94,0.14,100.0,0.16,15.0,0.17,200.0,0.84,15.0,0.83,200.0,0.85,57.94,0.86,200.0,0.01,0.01,2331.043301,1776186176000
1776186177.77,177.77,0.14,52.25,0.13,135.0,0.16,24.0,0.17,210.0,0.84,15.0,0.83,210.0,0.85,37.47,0.86,100.0,0.02,0.01,2331.043301,1776186176000
1776186178.344,178.344,0.14,52.25,0.13,135.0,0.16,24.0,0.17,210.0,0.84,24.0,0.83,210.0,0.86,52.25,0.87,135.0,0.02,0.02,2330.916374,1776186177000
1776186178.565,178.565,0.14,1.97,0.13,140.0,0.15,10.0,0.16,15.0,0.84,24.0,0.83,210.0,0.86,52.25,0.87,135.0,0.01,0.02,2330.916374,1776186177000
1776186179.244,179.244,0.13,130.0,0.12,169.19,0.14,10.0,0.15,15.0,0.85,10.0,0.84,15.0,0.86,1.97,0.87,140.0,0.01,0.01,2330.916374,1776186177000
1776186179.456,179.456,0.13,68.56,0.12,140.09,0.14,21.0,0.15,15.0,0.86,10.0,0.85,15.0,0.87,130.0,0.88,169.19,0.01,0.01,2330.916374,1776186177000
1776186179.911,179.911,0.13,63.56,0.12,135.09,0.14,21.0,0.15,15.0,0.86,21.0,0.85,15.0,0.87,68.56,0.88,140.09,0.01,0.01,2330.885235,1776186178000
1776186180.153,180.153,0.13,56.1,0.12,135.09,0.14,21.0,0.15,135.34,0.86,21.0,0.85,135.34,0.87,58.38,0.88,135.09,0.01,0.01,2330.815052,1776186179000
1776186180.395,180.395,0.13,50.35,0.12,85.09,0.14,45.33,0.15,135.34,0.86,21.0,0.85,135.34,0.87,56.1,0.88,135.09,0.01,0.01,2330.815052,1776186179000
1776186180.649,180.649,0.13,31.55,0.12,85.09,0.14,64.33,0.15,135.34,0.86,64.33,0.85,135.34,0.87,33.85,0.88,85.09,0.01,0.01,2330.815052,1776186179000
1776186181.1,181.1,0.13,31.55,0.12,85.09,0.14,64.33,0.15,135.34,0.86,64.33,0.85,135.34,0.87,31.55,0.88,85.09,0.01,0.01,2330.856516,1776186180000
1776186181.701,181.701,0.13,4.76,0.12,15.09,0.14,45.75,0.15,20.0,0.86,45.75,0.85,140.34,0.87,6.86,0.88,15.09,0.01,0.01,2330.856516,1776186180000
1776186182.291,182.291,0.13,2.32,0.12,15.09,0.14,26.75,0.15,15.0,0.86,35.75,0.85,15.0,0.87,7.47,0.88,15.09,0.01,0.01,2330.856516,1776186180000
1776186182.51,182.51,0.12,12.44,0.11,96.79,0.14,16.75,0.15,15.0,0.86,16.75,0.85,15.0,0.88,12.44,0.89,96.79,0.02,0.02,2330.642188,1776186181000
1776186182.972,182.972,0.1,127.44,0.09,114.0,0.11,19.02,0.12,65.0,0.87,9.22,0.86,29.33,0.9,117.33,0.91,109.0,0.01,0.03,2330.642188,1776186181000
1776186183.381,183.381,0.1,146.32,0.09,189.0,0.11,19.02,0.12,49.0,0.89,19.02,0.88,65.0,0.9,127.44,0.91,114.0,0.01,0.01,2330.642188,1776186181000
1776186183.743,183.743,0.11,89.94,0.1,266.32,0.12,35.0,0.14,23.0,0.88,35.0,0.87,10.0,0.89,30.98,0.9,141.32,0.01,0.01,2330.349562,1776186182000
1776186183.972,183.972,0.12,6.58,0.11,88.31,0.14,165.9,0.15,15.0,0.86,165.9,0.85,15.0,0.88,8.29,0.89,88.31,0.02,0.02,2330.349562,1776186182000
1776186184.176,184.176,0.12,88.63,0.11,88.31,0.14,23.0,0.15,15.0,0.86,23.0,0.85,15.0,0.87,0.47,0.88,86.58,0.02,0.01,2330.390907,1776186183000
1776186184.439,184.439,0.14,51.94,0.13,115.0,0.15,5.0,0.17,10.0,0.84,10.0,0.83,8.13,0.87,121.88,0.88,3.63,0.01,0.03,2330.390907,1776186183000
1776186184.644,184.644,0.15,101.05,0.14,72.94,0.18,10.0,0.19,5.26,0.84,10.0,0.83,10.0,0.85,101.05,0.86,72.94,0.03,0.01,2330.390907,1776186183000
1776186184.852,184.852,0.16,14.0,0.15,101.05,0.18,0.27,0.19,5.26,0.82,0.27,0.81,5.26,0.84,38.0,0.85,101.05,0.02,0.02,2330.390907,1776186183000
1776186185.12,185.12,0.17,33.0,0.15,21.05,0.18,0.27,0.19,121.09,0.82,0.27,0.81,5.26,0.85,89.05,0.86,97.94,0.01,0.03,2330.390907,1776186183000
1776186185.738,185.738,0.17,52.69,0.16,130.0,0.19,115.83,0.2,14.64,0.82,0.27,0.81,121.09,0.83,33.0,0.85,21.05,0.02,0.01,2330.458737,1776186184000
1776186186.257,186.257,0.17,77.69,0.16,81.0,0.2,6.25,0.24,10.0,0.81,115.83,0.8,14.64,0.83,52.69,0.84,130.0,0.03,0.02,2330.458737,1776186184000
1776186187.494,187.494,0.25,7.08,0.24,188.75,0.26,16.47,0.27,25.0,0.74,26.47,0.73,35.0,0.76,133.75,0.77,70.0,0.01,0.02,2331.347069,1776186185000
1776186187.816,187.816,0.24,209.54,0.23,75.0,0.26,16.47,0.27,75.0,0.74,16.47,0.73,25.0,0.75,1.82,0.76,188.75,0.02,0.01,2331.962084,1776186186000
1776186188.142,188.142,0.24,217.12,0.23,70.0,0.26,24.51,0.27,75.0,0.75,99.32,0.74,14.51,0.76,146.12,0.77,75.0,0.02,0.01,2331.962084,1776186186000
1776186188.431,188.431,0.24,185.49,0.23,70.0,0.25,50.0,0.26,24.51,0.75,11.0,0.74,24.51,0.76,186.81,0.77,80.0,0.01,0.01,2332.78976,1776186187000
1776186188.735,188.735,0.24,201.32,0.23,70.0,0.25,50.0,0.26,49.51,0.75,50.0,0.74,24.51,0.76,207.1,0.77,70.0,0.01,0.01,2332.78976,1776186187000
1776186189.175,189.175,0.24,136.41,0.23,70.0,0.25,154.51,0.26,24.51,0.75,45.0,0.74,49.51,0.76,172.63,0.77,70.0,0.01,0.01,2332.78976,1776186187000
1776186189.442,189.442,0.24,136.41,0.23,70.0,0.25,154.51,0.26,24.51,0.75,154.51,0.74,24.51,0.76,136.41,0.77,70.0,0.01,0.01,2332.857155,1776186188000
1776186189.675,189.675,0.24,56.74,0.23,70.0,0.25,164.51,0.26,24.51,0.75,164.51,0.74,24.51,0.76,64.86,0.77,70.0,0.01,0.01,2332.857155,1776186188000
1776186189.896,189.896,0.24,4.71,0.19,140.0,0.25,154.51,0.26,24.51,0.75,154.51,0.74,24.51,0.76,6.74,0.81,140.0,0.01,0.01,2332.857155,1776186188000
1776186190.862,190.862,0.19,120.14,0.18,6.0,0.2,10.0,0.21,127.11,0.75,164.51,0.74,29.51,0.81,140.0,0.82,6.0,0.01,0.06,2332.677365,1776186189000
1776186191.113,191.113,0.19,100.14,0.18,6.0,0.21,123.34,0.22,10.0,0.79,123.34,0.78,10.0,0.81,100.14,0.82,6.0,0.02,0.02,2332.52592,1776186190000
1776186191.702,191.702,0.19,94.14,0.18,6.0,0.2,58.75,0.21,123.34,0.8,4.75,0.79,123.34,0.81,100.14,0.82,6.0,0.01,0.01,2332.52592,1776186190000
1776186191.964,191.964,0.19,42.19,0.18,6.0,0.2,39.75,0.21,123.34,0.8,48.75,0.79,123.34,0.81,82.19,0.82,6.0,0.01,0.01,2332.52592,1776186190000
1776186192.367,192.367,0.19,42.19,0.18,6.0,0.2,39.75,0.21,123.34,0.8,39.75,0.79,123.34,0.81,42.19,0.82,6.0,0.01,0.01,2332.302197,1776186191000
1776186193.518,193.518,0.19,42.19,0.18,6.0,0.2,39.75,0.21,123.34,0.8,39.75,0.79,123.34,0.81,42.19,0.82,6.0,0.01,0.01,2332.198235,1776186192000
1776186194.054,194.054,0.19,42.19,0.18,6.0,0.2,39.75,0.21,123.34,0.8,39.75,0.79,123.34,0.81,42.19,0.82,6.0,0.01,0.01,2332.06871,1776186193000
1776186194.751,194.751,0.19,42.19,0.18,6.0,0.2,13.75,0.21,123.34,0.8,39.75,0.79,123.34,0.81,42.19,0.82,6.0,0.01,0.01,2332.06871,1776186193000
1776186195.208,195.208,0.19,42.19,0.18,6.0,0.21,112.09,0.22,15.0,0.79,112.09,0.78,15.0,0.81,42.19,0.82,6.0,0.02,0.02,2332.039757,1776186194000
1776186196.516,196.516,0.19,42.19,0.18,6.0,0.21,112.09,0.22,15.0,0.79,112.09,0.78,15.0,0.81,42.19,0.82,6.0,0.02,0.02,2331.99676,1776186195000
1776186196.982,196.982,0.19,52.19,0.18,21.0,0.2,87.59,0.21,45.0,0.79,112.09,0.78,15.0,0.81,42.19,0.82,6.0,0.01,0.02,2331.99676,1776186195000
1776186197.76,197.76,0.19,30.19,0.18,16.0,0.2,90.0,0.21,55.0,0.8,87.59,0.79,45.0,0.81,52.19,0.82,21.0,0.01,0.01,2332.0981,1776186196000
1776186198.239,198.239,0.19,30.19,0.18,16.0,0.2,100.54,0.21,55.0,0.8,100.54,0.79,55.0,0.81,30.19,0.82,16.0,0.01,0.01,2332.141554,1776186197000
1776186199.426,199.426,0.19,30.19,0.18,16.0,0.2,100.54,0.21,55.0,0.8,100.54,0.79,55.0,0.81,30.19,0.82,16.0,0.01,0.01,2332.143989,1776186198000
1776186199.888,199.888,0.18,16.0,0.17,85.0,0.19,70.68,0.2,129.54,0.8,116.54,0.79,50.0,0.81,27.72,0.82,16.0,0.01,0.01,2332.143989,1776186198000
1776186200.666,200.666,0.18,16.92,0.17,80.0,0.19,129.68,0.2,107.54,0.81,94.68,0.8,104.54,0.82,13.6,0.83,85.0,0.01,0.01,2332.127846,1776186199000
1776186201.132,201.132,0.18,33.56,0.17,90.0,0.19,177.81,0.2,23.0,0.81,129.68,0.8,107.54,0.82,16.92,0.83,80.0,0.01,0.01,2332.127846,1776186199000
1776186201.333,201.333,0.18,48.17,0.17,90.0,0.19,177.81,0.2,13.0,0.81,177.81,0.8,23.0,0.82,33.56,0.83,90.0,0.01,0.01,2332.0608,1776186200000
1776186201.59,201.59,0.18,157.17,0.17,90.0,0.19,55.08,0.2,13.0,0.81,177.81,0.8,13.0,0.82,48.17,0.83,90.0,0.01,0.01,2332.0608,1776186200000
1776186201.867,201.867,0.19,51.0,0.18,131.17,0.2,50.19,0.21,30.0,0.8,13.0,0.79,30.0,0.82,182.17,0.83,100.0,0.01,0.02,2332.0608,1776186200000
1776186202.179,202.179,0.2,7.0,0.19,265.0,0.21,5.0,0.22,5.0,0.8,50.19,0.79,30.0,0.81,51.0,0.82,131.17,0.01,0.01,2332.0608,1776186200000
1776186202.508,202.508,0.22,5.23,0.21,148.78,0.23,5.0,0.24,5.0,0.78,4.77,0.77,5.0,0.79,143.78,0.8,132.0,0.01,0.01,2332.0608,1776186200000
1776186202.78,202.78,0.23,3.83,0.22,81.23,0.24,101.91,0.25,52.78,0.76,101.91,0.75,52.78,0.77,3.83,0.78,81.23,0.01,0.01,2332.153156,1776186201000
1776186203.458,203.458,0.23,74.83,0.22,141.23,0.24,75.95,0.25,42.78,0.76,101.91,0.75,52.78,0.77,3.83,0.78,81.23,0.01,0.01,2332.153156,1776186201000
1776186203.977,203.977,0.23,124.53,0.22,35.23,0.24,46.95,0.25,42.78,0.76,56.95,0.75,42.78,0.77,68.53,0.78,141.23,0.01,0.01,2332.400788,1776186202000
1776186204.493,204.493,0.26,13.87,0.23,204.53,0.27,80.0,0.28,25.0,0.73,80.0,0.72,25.0,0.74,13.87,0.77,204.53,0.01,0.01,2332.77015,1776186203000
1776186205.049,205.049,0.26,126.87,0.25,10.0,0.27,65.44,0.28,15.0,0.73,80.0,0.72,25.0,0.74,13.87,0.77,204.53,0.01,0.01,2332.77015,1776186203000
1776186205.39,205.39,0.26,220.62,0.25,10.0,0.27,0.42,0.28,115.9,0.73,9.13,0.72,110.9,0.74,208.62,0.75,10.0,0.01,0.01,2332.912291,1776186204000
1776186205.819,205.819,0.27,6.36,0.26,161.62,0.28,96.32,0.29,47.5,0.72,111.32,0.71,47.5,0.74,245.62,0.75,10.0,0.01,0.02,2332.912291,1776186204000
1776186206.303,206.303,0.31,39.14,0.29,39.0,0.32,65.0,0.33,55.0,0.7,22.96,0.69,71.8,0.71,1.35,0.73,15.0,0.01,0.01,2332.912291,1776186204000
1776186206.582,206.582,0.29,19.7,0.28,10.0,0.32,55.0,0.33,55.0,0.68,55.0,0.67,55.0,0.71,19.7,0.72,10.0,0.03,0.03,2333.378313,1776186205000
1776186206.961,206.961,0.29,15.71,0.28,108.0,0.31,68.94,0.32,25.0,0.69,58.94,0.68,25.0,0.71,9.14,0.72,28.0,0.02,0.02,2333.378313,1776186205000
1776186207.345,207.345,0.29,4.5,0.28,118.0,0.3,15.0,0.31,58.94,0.7,15.0,0.69,68.94,0.71,20.71,0.72,118.0,0.01,0.01,2333.378313,1776186205000
1776186207.655,207.655,0.28,123.0,0.27,10.0,0.3,5.06,0.31,58.94,0.7,18.4,0.69,58.94,0.72,140.0,0.73,10.0,0.02,0.02,2333.579908,1776186206000
1776186208.004,208.004,0.29,8.45,0.28,43.0,0.3,5.06,0.31,58.94,0.7,5.06,0.69,58.94,0.71,8.45,0.72,43.0,0.01,0.01,2333.977837,1776186207000
1776186208.403,208.403,0.28,103.59,0.27,10.0,0.3,22.3,0.31,63.94,0.7,17.23,0.69,58.94,0.71,0.09,0.72,128.0,0.02,0.01,2333.977837,1776186207000
1776186208.819,208.819,0.25,32.36,0.24,44.0,0.26,15.0,0.27,10.0,0.71,4.0,0.7,37.3,0.72,90.0,0.74,14.0,0.01,0.01,2333.977837,1776186207000
1776186209.175,209.175,0.25,104.77,0.24,30.0,0.26,17.23,0.27,10.0,0.74,10.0,0.73,10.0,0.75,107.89,0.76,30.0,0.01,0.01,2333.977837,1776186207000
1776186209.473,209.473,0.25,104.77,0.24,30.0,0.26,17.23,0.27,10.0,0.74,17.23,0.73,10.0,0.75,104.77,0.76,30.0,0.01,0.01,2333.74769,1776186208000
1776186209.767,209.767,0.24,45.51,0.23,146.0,0.26,17.23,0.27,20.0,0.74,17.23,0.73,10.0,0.75,104.77,0.76,30.0,0.02,0.01,2333.74769,1776186208000
1776186210.187,210.187,0.24,125.51,0.23,55.0,0.26,20.3,0.27,20.0,0.74,20.3,0.73,20.0,0.76,125.51,0.77,55.0,0.02,0.02,2333.651902,1776186209000
1776186210.934,210.934,0.25,21.0,0.24,53.28,0.28,3.57,0.29,94.88,0.75,10.0,0.74,13.07,0.76,113.28,0.77,65.0,0.03,0.01,2333.651902,1776186209000
1776186211.316,211.316,0.25,21.21,0.24,138.28,0.26,20.0,0.27,15.0,0.74,5.0,0.73,10.0,0.75,17.68,0.76,58.28,0.01,0.01,2333.651902,1776186209000
1776186211.876,211.876,0.25,13.5,0.24,138.28,0.26,15.0,0.27,15.0,0.74,15.0,0.73,15.0,0.75,13.5,0.76,138.28,0.01,0.01,2333.459291,1776186210000
1776186212.173,212.173,0.25,113.5,0.24,43.28,0.29,45.53,0.3,30.07,0.74,15.0,0.73,15.0,0.75,13.5,0.76,138.28,0.04,0.01,2333.459291,1776186210000
1776186212.624,212.624,0.25,113.5,0.24,43.28,0.29,45.53,0.3,30.07,0.71,45.53,0.7,30.07,0.75,113.5,0.76,43.28,0.04,0.04,2333.414313,1776186211000
1776186213.364,213.364,0.28,101.0,0.27,20.0,0.29,90.07,0.3,10.07,0.71,45.53,0.7,30.07,0.75,113.5,0.76,43.28,0.01,0.04,2333.414313,1776186211000
1776186213.687,213.687,0.27,96.16,0.26,10.0,0.29,90.07,0.3,10.07,0.71,90.07,0.7,10.07,0.72,101.0,0.73,20.0,0.02,0.01,2333.436191,1776186212000
1776186213.935,213.935,0.28,5.0,0.27,16.16,0.29,90.07,0.3,10.07,0.71,90.07,0.7,10.07,0.73,96.16,0.74,10.0,0.01,0.02,2333.436191,1776186212000
1776186214.349,214.349,0.28,85.94,0.27,196.16,0.29,114.93,0.3,25.07,0.71,104.93,0.7,10.07,0.72,59.0,0.73,16.16,0.01,0.01,2333.443264,1776186213000
1776186214.671,214.671,0.27,100.0,0.26,100.0,0.29,121.93,0.3,31.07,0.71,107.93,0.7,25.07,0.72,83.87,0.73,216.16,0.02,0.01,2333.443264,1776186213000
1776186214.885,214.885,0.27,71.0,0.26,100.0,0.28,117.96,0.29,39.86,0.72,117.96,0.71,39.86,0.73,84.0,0.74,100.0,0.01,0.01,2333.443264,1776186213000
1776186215.602,215.602,0.27,12.0,0.25,130.65,0.28,112.96,0.29,39.86,0.72,112.96,0.71,39.86,0.73,12.0,0.75,130.65,0.01,0.01,2333.650443,1776186214000
1776186215.93,215.93,0.27,40.83,0.26,235.65,0.28,14.86,0.29,5.0,0.72,112.96,0.71,39.86,0.73,12.0,0.75,130.65,0.01,0.01,2333.650443,1776186214000
1776186216.246,216.246,0.27,40.83,0.26,235.65,0.28,14.86,0.29,5.0,0.72,14.86,0.71,5.0,0.73,40.83,0.74,235.65,0.01,0.01,2333.660801,1776186215000
1776186216.492,216.492,0.27,59.15,0.26,155.65,0.29,10.0,0.3,15.07,0.72,2.09,0.71,10.0,0.73,59.15,0.74,155.65,0.02,0.01,2333.660801,1776186215000
1776186216.709,216.709,0.28,28.34,0.27,64.15,0.29,9.9,0.3,15.07,0.71,9.9,0.7,15.07,0.73,59.15,0.74,155.65,0.01,0.02,2333.660801,1776186215000
1776186216.909,216.909,0.31,21.62,0.28,5.0,0.32,10.0,0.33,55.0,0.68,10.0,0.67,55.0,0.69,23.35,0.72,5.0,0.01,0.01,2333.660801,1776186215000
1776186217.206,217.206,0.31,90.54,0.28,10.0,0.33,5.0,0.34,35.94,0.67,5.0,0.66,35.94,0.69,21.62,0.72,15.0,0.02,0.02,2333.660801,1776186215000
1776186217.686,217.686,0.33,78.35,0.32,15.62,0.34,25.94,0.35,69.34,0.66,35.94,0.65,69.34,0.67,7.08,0.69,90.54,0.01,0.01,2333.660801,1776186215000
1776186218.156,218.156,0.34,10.0,0.33,60.0,0.35,12.66,0.36,25.6,0.65,22.66,0.64,25.6,0.67,100.35,0.68,14.0,0.01,0.02,2333.605453,1776186216000
1776186218.365,218.365,0.37,120.93,0.36,10.0,0.38,15.0,0.39,108.0,0.62,15.0,0.61,108.0,0.63,122.68,0.64,10.0,0.01,0.01,2333.605453,1776186216000
1776186218.735,218.735,0.37,13.86,0.36,10.0,0.38,20.0,0.39,128.0,0.62,15.0,0.61,108.0,0.63,120.93,0.64,10.0,0.01,0.01,2333.937967,1776186217000
1776186219.036,219.036,0.37,8.07,0.36,10.0,0.38,10.0,0.39,138.0,0.62,20.0,0.61,138.0,0.66,106.65,0.67,107.0,0.01,0.04,2333.937967,1776186217000
1776186219.288,219.288,0.37,4.21,0.36,10.0,0.38,10.0,0.39,133.0,0.62,10.0,0.61,133.0,0.63,4.21,0.64,10.0,0.01,0.01,2334.382706,1776186218000
1776186219.692,219.692,0.33,75.0,0.31,101.62,0.34,24.91,0.35,31.0,0.62,10.0,0.61,133.0,0.63,4.21,0.64,10.0,0.01,0.01,2334.382706,1776186218000
1776186220.089,220.089,0.33,37.49,0.31,21.62,0.34,31.11,0.35,21.0,0.66,24.91,0.65,31.0,0.67,42.49,0.69,21.62,0.01,0.01,2334.382706,1776186218000
1776186220.714,220.714,0.31,15.11,0.3,80.0,0.34,52.11,0.35,21.0,0.66,52.11,0.65,21.0,0.69,15.11,0.7,80.0,0.03,0.03,2334.5361,1776186219000
1776186221.371,221.371,0.31,65.11,0.3,10.0,0.32,9.98,0.33,9.98,0.67,9.98,0.66,24.91,0.68,10.0,0.69,72.11,0.01,0.01,2334.5361,1776186219000
1776186222.017,222.017,0.31,40.11,0.3,10.0,0.32,14.96,0.33,14.98,0.68,9.98,0.67,9.98,0.69,65.11,0.7,10.0,0.01,0.01,2334.5361,1776186219000
1776186222.556,222.556,0.31,40.11,0.3,10.0,0.32,14.96,0.33,14.98,0.68,14.96,0.67,14.98,0.69,40.11,0.7,10.0,0.01,0.01,2334.08763,1776186221000
1776186223.099,223.099,0.31,50.11,0.3,10.0,0.32,4.98,0.33,14.98,0.68,4.98,0.67,14.98,0.69,50.11,0.7,10.0,0.01,0.01,2334.042958,1776186222000
1776186223.577,223.577,0.31,75.11,0.3,195.0,0.32,4.98,0.33,15.0,0.68,4.98,0.67,14.98,0.69,50.11,0.7,10.0,0.01,0.01,2334.042958,1776186222000
1776186224.033,224.033,0.31,158.6,0.3,195.0,0.32,4.98,0.33,5.0,0.68,4.98,0.67,15.0,0.69,75.11,0.7,195.0,0.01,0.01,2334.042958,1776186222000
1776186224.394,224.394,0.31,158.6,0.3,195.0,0.32,4.98,0.33,5.0,0.68,4.98,0.67,5.0,0.69,158.6,0.7,195.0,0.01,0.01,2334.110624,1776186223000
1776186224.927,224.927,0.31,158.6,0.3,230.0,0.32,3.41,0.33,15.0,0.68,4.98,0.67,5.0,0.69,158.6,0.7,195.0,0.01,0.01,2334.110624,1776186223000
1776186225.426,225.426,0.31,158.6,0.3,230.0,0.32,3.41,0.33,15.0,0.68,3.41,0.67,15.0,0.69,158.6,0.7,230.0,0.01,0.01,2334.128363,1776186224000
1776186225.921,225.921,0.31,153.6,0.3,160.0,0.32,3.39,0.33,15.0,0.68,3.41,0.67,15.0,0.69,158.6,0.7,230.0,0.01,0.01,2334.128363,1776186224000
1776186226.179,226.179,0.31,142.65,0.3,150.0,0.32,3.39,0.33,15.0,0.68,3.39,0.67,15.0,0.69,153.6,0.7,160.0,0.01,0.01,2334.122144,1776186225000
1776186226.836,226.836,0.3,100.0,0.29,135.0,0.32,29.39,0.33,25.0,0.68,3.39,0.67,15.0,0.69,142.65,0.7,150.0,0.02,0.01,2334.122144,1776186225000
1776186227.083,227.083,0.3,100.0,0.29,135.0,0.32,29.39,0.33,25.0,0.68,29.39,0.67,25.0,0.7,100.0,0.71,135.0,0.02,0.02,2334.056392,1776186226000
1776186227.817,227.817,0.29,107.8,0.28,155.0,0.3,83.01,0.31,15.0,0.68,29.39,0.67,25.0,0.7,100.0,0.71,135.0,0.01,0.02,2334.056392,1776186226000
1776186228.282,228.282,0.29,107.8,0.28,155.0,0.3,74.67,0.31,15.0,0.7,74.67,0.69,15.0,0.71,107.8,0.72,155.0,0.01,0.01,2334.035194,1776186227000
1776186229.136,229.136,0.29,97.8,0.28,155.0,0.3,94.67,0.31,15.0,0.7,74.67,0.69,15.0,0.71,107.8,0.72,155.0,0.01,0.01,2334.035194,1776186227000
1776186229.413,229.413,0.29,95.5,0.28,155.0,0.3,94.67,0.31,25.0,0.7,94.67,0.69,15.0,0.71,97.8,0.72,155.0,0.01,0.01,2333.954615,1776186228000
1776186230.367,230.367,0.29,95.5,0.28,155.0,0.3,94.67,0.31,25.0,0.7,94.67,0.69,25.0,0.71,95.5,0.72,155.0,0.01,0.01,2333.935022,1776186229000
1776186230.973,230.973,0.29,95.5,0.28,155.0,0.3,94.67,0.31,25.0,0.7,94.67,0.69,25.0,0.71,95.5,0.72,155.0,0.01,0.01,2333.932561,1776186230000
1776186231.302,231.302,0.28,158.47,0.27,135.0,0.29,15.0,0.3,104.67,0.7,94.67,0.69,25.0,0.71,95.5,0.72,155.0,0.01,0.01,2333.932561,1776186230000
1776186231.981,231.981,0.28,158.47,0.27,135.0,0.29,15.0,0.3,104.67,0.71,15.0,0.7,104.67,0.72,158.47,0.73,135.0,0.01,0.01,2333.939967,1776186231000
1776186233.06,233.06,0.28,231.0,0.27,200.0,0.29,3.0,0.3,5.0,0.71,15.0,0.7,104.67,0.72,158.47,0.73,135.0,0.01,0.01,2333.939967,1776186231000
1776186233.519,233.519,0.29,70.0,0.28,55.0,0.31,6.0,0.32,29.0,0.7,1.0,0.69,10.0,0.71,196.0,0.72,75.0,0.02,0.01,2333.939736,1776186232000
1776186234.154,234.154,0.29,70.0,0.28,55.0,0.31,6.0,0.32,29.0,0.69,6.0,0.68,29.0,0.71,70.0,0.72,55.0,0.02,0.02,2333.939033,1776186233000
1776186234.533,234.533,0.31,60.0,0.3,191.72,0.35,10.0,0.36,6.0,0.69,48.98,0.68,19.0,0.7,221.72,0.71,120.0,0.04,0.01,2333.939033,1776186233000
1776186234.812,234.812,0.36,13.43,0.35,15.0,0.37,10.0,0.38,16.0,0.65,10.0,0.64,6.0,0.66,9.48,0.67,10.0,0.01,0.01,2333.939033,1776186233000
1776186235.039,235.039,0.36,10.0,0.35,5.0,0.37,221.86,0.38,65.0,0.63,10.0,0.62,16.0,0.64,13.43,0.65,15.0,0.01,0.01,2333.939033,1776186233000
1776186235.261,235.261,0.34,14.48,0.33,55.0,0.37,241.86,0.38,70.0,0.63,221.86,0.62,65.0,0.64,10.0,0.65,5.0,0.03,0.01,2333.992179,1776186234000
1776186236.124,236.124,0.34,14.48,0.33,55.0,0.35,31.0,0.36,20.0,0.65,31.0,0.64,20.0,0.66,14.48,0.67,55.0,0.01,0.01,2334.050058,1776186235000
1776186237.045,237.045,0.34,206.48,0.33,65.0,0.35,87.11,0.36,15.0,0.65,31.0,0.64,20.0,0.66,14.48,0.67,55.0,0.01,0.01,2334.050058,1776186235000
1776186237.255,237.255,0.34,206.48,0.33,65.0,0.35,87.11,0.36,15.0,0.65,87.11,0.64,15.0,0.66,206.48,0.67,65.0,0.01,0.01,2334.226524,1776186236000
1776186237.615,237.615,0.34,206.48,0.33,85.0,0.35,31.11,0.36,10.0,0.65,87.11,0.64,15.0,0.66,206.48,0.67,65.0,0.01,0.01,2334.226524,1776186236000
1776186238.134,238.134,0.34,84.48,0.33,182.0,0.36,67.77,0.37,127.0,0.65,26.09,0.64,10.0,0.66,206.48,0.67,85.0,0.02,0.01,2334.226524,1776186236000
1776186238.412,238.412,0.35,5.0,0.34,69.48,0.36,42.77,0.37,127.0,0.64,42.77,0.63,127.0,0.65,5.0,0.66,69.48,0.01,0.01,2334.245986,1776186237000
1776186238.628,238.628,0.34,65.13,0.33,217.0,0.35,6.74,0.36,57.77,0.64,62.77,0.63,132.0,0.66,60.13,0.67,217.0,0.01,0.02,2334.245986,1776186237000
1776186238.916,238.916,0.34,61.69,0.33,192.0,0.35,6.74,0.36,57.77,0.65,6.74,0.64,57.77,0.66,65.13,0.67,217.0,0.01,0.01,2334.245986,1776186237000
1776186239.701,239.701,0.33,65.0,0.32,207.0,0.34,6.0,0.36,195.77,0.65,6.74,0.64,57.77,0.66,59.73,0.67,192.0,0.01,0.01,2334.265546,1776186238000
1776186240.047,240.047,0.33,65.0,0.32,207.0,0.34,6.0,0.36,195.77,0.66,6.0,0.64,195.77,0.67,65.0,0.68,207.0,0.01,0.01,2334.266921,1776186239000
1776186240.564,240.564,0.38,17.73,0.37,172.0,0.39,118.0,0.4,96.0,0.66,16.0,0.65,16.0,0.67,68.35,0.68,207.0,0.01,0.01,2334.266921,1776186239000
1776186241.061,241.061,0.39,4.96,0.38,24.22,0.4,96.0,0.41,232.0,0.6,96.0,0.59,232.0,0.61,4.96,0.62,24.22,0.01,0.01,2334.265809,1776186240000
1776186241.426,241.426,0.39,19.96,0.38,99.22,0.4,109.87,0.41,130.0,0.6,96.0,0.59,232.0,0.61,4.96,0.62,24.22,0.01,0.01,2334.265809,1776186240000
1776186241.834,241.834,0.38,3.22,0.37,5.0,0.4,206.83,0.41,235.0,0.6,47.83,0.59,130.0,0.61,5.0,0.62,99.22,0.02,0.01,2334.265809,1776186240000
1776186242.168,242.168,0.35,0.32,0.34,30.0,0.36,57.0,0.37,36.0,0.64,11.0,0.63,20.0,0.65,27.02,0.66,30.0,0.01,0.01,2334.265809,1776186240000
1776186242.507,242.507,0.33,198.7,0.32,115.0,0.35,19.68,0.36,22.0,0.66,7.6,0.65,51.68,0.67,68.35,0.68,115.0,0.02,0.01,2334.24599,1776186241000
1776186242.768,242.768,0.34,200.0,0.33,81.7,0.4,10.0,0.41,156.0,0.65,19.68,0.64,22.0,0.67,198.7,0.68,115.0,0.06,0.02,2334.24599,1776186241000
1776186243.207,243.207,0.4,167.71,0.39,70.0,0.41,140.0,0.42,86.0,0.6,10.0,0.59,161.0,0.61,61.27,0.62,15.0,0.01,0.01,2334.24599,1776186241000
1776186243.67,243.67,0.4,217.71,0.39,92.0,0.41,116.0,0.42,70.0,0.59,140.0,0.58,86.0,0.6,167.71,0.61,70.0,0.01,0.01,2334.4976,1776186242000
1776186243.911,243.911,0.4,348.41,0.39,75.0,0.41,67.82,0.42,70.0,0.59,80.0,0.58,70.0,0.6,224.41,0.61,75.0,0.01,0.01,2334.4976,1776186242000
1776186244.304,244.304,0.41,43.54,0.4,304.41,0.42,10.0,0.43,150.0,0.58,10.0,0.57,150.0,0.59,43.54,0.6,304.41,0.01,0.01,2334.310578,1776186243000
1776186245.003,245.003,0.44,30.0,0.43,58.0,0.45,185.0,0.46,234.5,0.58,10.0,0.57,150.0,0.59,43.54,0.6,304.41,0.01,0.01,2334.310578,1776186243000
1776186245.244,245.244,0.44,37.0,0.43,42.0,0.52,103.68,0.53,157.66,0.51,95.85,0.5,85.0,0.56,37.0,0.57,42.0,0.08,0.05,2334.310578,1776186243000
1776186245.448,245.448,0.53,16.19,0.49,15.2,0.56,270.0,0.57,120.0,0.45,6.0,0.44,110.0,0.47,27.68,0.51,5.0,0.03,0.02,2334.57951,1776186244000
1776186245.652,245.652,0.53,5.78,0.52,10.0,0.54,9.93,0.55,10.0,0.46,9.93,0.45,10.0,0.47,16.19,0.48,10.0,0.01,0.01,2334.57951,1776186244000
1776186245.912,245.912,0.53,5.78,0.52,10.0,0.55,0.42,0.56,120.0,0.45,0.42,0.44,120.0,0.47,5.78,0.48,10.0,0.02,0.02,2334.7696,1776186245000
1776186246.128,246.128,0.52,9.4,0.51,15.0,0.56,204.91,0.57,120.0,0.45,22.0,0.44,227.0,0.48,9.4,0.49,15.0,0.04,0.03,2334.7696,1776186245000
1776186246.562,246.562,0.54,87.73,0.53,15.0,0.57,70.0,0.58,50.0,0.45,10.88,0.44,209.91,0.46,3.73,0.47,10.0,0.03,0.01,2334.7696,1776186245000
1776186246.974,246.974,0.55,10.0,0.54,87.73,0.57,45.0,0.58,50.0,0.43,45.0,0.42,50.0,0.45,10.0,0.46,87.73,0.02,0.02,2335.15341,1776186246000
1776186247.312,247.312,0.63,17.93,0.62,10.0,0.65,75.0,0.66,16.77,0.4,80.0,0.39,60.0,0.41,68.47,0.42,10.0,0.02,0.01,2335.15341,1776186246000
1776186247.518,247.518,0.65,15.0,0.64,22.81,0.66,15.4,0.67,60.0,0.34,15.4,0.33,60.0,0.35,15.0,0.36,74.81,0.01,0.01,2335.15341,1776186246000
1776186247.722,247.722,0.65,70.14,0.64,22.81,0.71,111.93,0.72,150.0,0.29,116.12,0.28,150.0,0.35,70.14,0.36,22.81,0.06,0.06,2335.15341,1776186246000
1776186247.962,247.962,0.65,69.85,0.64,22.81,0.71,111.93,0.72,150.0,0.29,111.93,0.28,150.0,0.35,69.85,0.36,22.81,0.06,0.06,2335.212982,1776186247000
1776186248.197,248.197,0.7,17.0,0.69,10.0,0.71,229.1,0.72,150.0,0.29,244.1,0.28,150.0,0.3,11.0,0.31,10.0,0.01,0.01,2335.212982,1776186247000
1776186248.414,248.414,0.7,10.0,0.69,2.13,0.71,177.83,0.72,155.0,0.29,217.05,0.28,155.0,0.3,10.0,0.31,2.13,0.01,0.01,2335.212982,1776186247000
1776186248.628,248.628,0.64,9.91,0.63,15.0,0.66,13.65,0.68,30.0,0.34,13.65,0.32,45.62,0.36,9.91,0.37,15.0,0.02,0.02,2335.212982,1776186247000
1776186248.916,248.916,0.64,5.77,0.63,15.0,0.65,8.58,0.66,13.65,0.34,18.65,0.33,25.0,0.35,1.42,0.36,5.77,0.01,0.01,2335.212982,1776186247000
1776186249.149,249.149,0.64,15.77,0.63,20.0,0.66,137.44,0.67,35.0,0.35,8.58,0.34,13.65,0.36,5.77,0.37,15.0,0.02,0.01,2335.98701,1776186248000
1776186249.636,249.636,0.64,25.0,0.63,5.0,0.65,6.92,0.66,167.56,0.34,132.56,0.33,35.0,0.35,10.0,0.36,20.77,0.01,0.01,2335.98701,1776186248000
1776186250.182,250.182,0.6,20.0,0.59,15.0,0.61,12.72,0.62,21.0,0.38,10.0,0.37,21.0,0.39,2.0,0.4,5.0,0.01,0.01,2335.98701,1776186248000
1776186250.426,250.426,0.61,10.0,0.6,25.0,0.63,6.14,0.64,30.0,0.39,12.72,0.38,21.0,0.4,20.0,0.41,15.0,0.02,0.01,2335.916346,1776186249000
1776186250.956,250.956,0.63,10.0,0.62,30.0,0.65,10.0,0.66,10.56,0.37,6.14,0.36,30.0,0.39,10.0,0.4,25.0,0.02,0.02,2335.916346,1776186249000
1776186251.478,251.478,0.69,10.0,0.68,11.0,0.7,62.75,0.71,20.0,0.33,25.0,0.28,150.0,0.35,10.0,0.36,36.0,0.01,0.02,2335.916346,1776186249000
1776186252.002,252.002,0.66,11.0,0.65,70.0,0.69,202.0,0.7,85.0,0.3,62.75,0.29,20.0,0.31,10.0,0.32,11.0,0.03,0.01,2335.916346,1776186249000
1776186252.247,252.247,0.66,25.0,0.65,45.0,0.67,57.92,0.68,100.0,0.31,202.0,0.3,85.0,0.35,20.0,0.36,36.0,0.01,0.04,2335.715408,1776186250000
1776186252.754,252.754,0.66,25.0,0.65,45.0,0.67,57.92,0.68,100.0,0.33,57.92,0.32,100.0,0.34,25.0,0.35,45.0,0.01,0.01,2335.724915,1776186251000
1776186253.216,253.216,0.62,50.0,0.61,10.0,0.67,250.65,0.68,60.0,0.33,49.65,0.32,90.0,0.34,35.0,0.35,40.0,0.05,0.01,2335.724915,1776186251000
1776186253.43,253.43,0.61,127.0,0.6,65.0,0.63,4.36,0.64,41.88,0.33,250.65,0.32,60.0,0.38,50.0,0.39,10.0,0.02,0.05,2335.724915,1776186251000
1776186254.049,254.049,0.61,127.0,0.6,65.0,0.63,4.36,0.64,41.88,0.37,4.36,0.36,41.88,0.39,127.0,0.4,65.0,0.02,0.02,2335.8695,1776186253000
1776186255.031,255.031,0.61,309.0,0.6,90.0,0.63,50.0,0.64,60.0,0.37,4.36,0.36,41.88,0.39,127.0,0.4,65.0,0.02,0.02,2335.8695,1776186253000
1776186255.456,255.456,0.62,77.0,0.61,72.0,0.63,40.0,0.64,70.0,0.37,40.0,0.36,70.0,0.38,45.0,0.39,97.0,0.01,0.01,2335.8695,1776186253000
1776186255.753,255.753,0.62,77.0,0.61,72.0,0.63,40.0,0.64,70.0,0.37,40.0,0.36,70.0,0.38,77.0,0.39,72.0,0.01,0.01,2335.5654,1776186254000
1776186256.327,256.327,0.62,10.0,0.61,5.0,0.63,75.74,0.64,90.0,0.37,40.0,0.36,70.0,0.38,77.0,0.39,72.0,0.01,0.01,2335.5654,1776186254000
1776186256.749,256.749,0.59,20.0,0.58,125.0,0.61,107.83,0.62,85.0,0.38,15.0,0.37,65.74,0.39,5.0,0.4,167.0,0.02,0.01,2335.55575,1776186255000
1776186257.201,257.201,0.59,10.0,0.58,125.0,0.6,10.0,0.61,107.83,0.4,10.0,0.39,107.83,0.41,10.0,0.42,125.0,0.01,0.01,2335.54455,1776186256000
1776186257.94,257.94,0.55,100.0,0.54,345.0,0.59,190.0,0.6,140.0,0.4,10.0,0.39,107.83,0.41,10.0,0.42,125.0,0.04,0.01,2335.54455,1776186256000
1776186258.538,258.538,0.54,109.48,0.53,15.0,0.55,72.0,0.56,90.0,0.41,190.0,0.4,140.0,0.45,100.0,0.46,345.0,0.01,0.04,2335.54455,1776186256000
1776186258.993,258.993,0.54,109.48,0.53,25.0,0.55,77.0,0.56,95.0,0.45,72.0,0.44,90.0,0.46,109.48,0.47,15.0,0.01,0.01,2335.453,1776186257000
1776186259.198,259.198,0.54,109.48,0.53,25.0,0.55,59.59,0.56,95.0,0.45,73.36,0.44,95.0,0.46,109.48,0.47,25.0,0.01,0.01,2335.453,1776186257000
1776186259.494,259.494,0.54,109.48,0.53,20.0,0.55,67.63,0.56,95.0,0.45,59.59,0.44,95.0,0.46,109.48,0.47,25.0,0.01,0.01,2335.409612,1776186258000
1776186260.719,260.719,0.54,109.48,0.53,20.0,0.55,67.63,0.56,95.0,0.45,67.63,0.44,95.0,0.46,109.48,0.47,20.0,0.01,0.01,2335.145063,1776186259000
1776186261.031,261.031,0.54,148.48,0.53,20.0,0.55,69.44,0.56,95.0,0.45,67.63,0.44,95.0,0.46,109.48,0.47,20.0,0.01,0.01,2335.145063,1776186259000
1776186261.483,261.483,0.54,148.48,0.53,20.0,0.55,69.44,0.56,95.0,0.45,69.44,0.44,95.0,0.46,148.48,0.47,20.0,0.01,0.01,2335.144959,1776186260000
1776186262.093,262.093,0.54,175.21,0.53,20.0,0.55,37.0,0.56,45.0,0.45,69.44,0.44,95.0,0.46,148.48,0.47,20.0,0.01,0.01,2335.144959,1776186260000
1776186262.679,262.679,0.54,290.21,0.53,80.0,0.59,10.0,0.61,122.0,0.45,30.18,0.44,95.0,0.46,154.21,0.47,20.0,0.05,0.01,2335.13118,1776186261000
1776186263.569,263.569,0.54,290.21,0.53,80.0,0.59,10.0,0.61,122.0,0.41,10.0,0.39,122.0,0.46,290.21,0.47,80.0,0.05,0.05,2335.131178,1776186262000
1776186264.176,264.176,0.62,5.0,0.61,15.0,0.64,187.0,0.65,65.0,0.41,10.0,0.39,122.0,0.46,290.21,0.47,80.0,0.02,0.05,2335.131178,1776186262000
1776186265.941,265.941,0.62,5.0,0.61,15.0,0.64,187.0,0.65,65.0,0.36,187.0,0.35,65.0,0.38,5.0,0.39,15.0,0.02,0.02,2335.453061,1776186264000
1776186266.468,266.468,0.6,303.0,0.59,110.0,0.64,10.0,0.66,10.0,0.36,187.0,0.35,65.0,0.38,5.0,0.39,15.0,0.04,0.02,2335.453061,1776186264000
1776186266.771,266.771,0.67,21.96,0.66,15.0,0.68,80.0,0.69,95.0,0.34,10.0,0.33,40.0,0.37,21.0,0.4,293.0,0.01,0.03,2335.4561,1776186265000
1776186267.342,267.342,0.67,21.96,0.66,15.0,0.68,80.0,0.69,95.0,0.32,80.0,0.31,95.0,0.33,21.96,0.34,15.0,0.01,0.01,2335.453773,1776186266000
1776186268.257,268.257,0.67,7.8,0.66,25.0,0.68,3.0,0.69,45.0,0.32,64.94,0.31,100.0,0.33,1.8,0.34,15.0,0.01,0.01,2335.453773,1776186266000
1776186268.976,268.976,0.68,11.08,0.67,26.0,0.69,10.0,0.7,190.0,0.31,10.0,0.3,190.0,0.32,11.08,0.33,26.0,0.01,0.01,2335.587555,1776186268000
1776186269.415,269.415,0.68,10.0,0.67,20.0,0.69,48.0,0.7,302.0,0.31,55.0,0.3,297.0,0.33,30.0,0.34,142.0,0.01,0.02,2335.587555,1776186268000
1776186269.934,269.934,0.65,10.0,0.63,5.0,0.69,128.11,0.7,195.0,0.31,48.0,0.3,302.0,0.32,10.0,0.33,20.0,0.04,0.01,2335.587555,1776186268000
1776186270.705,270.705,0.51,5.0,0.5,40.0,0.52,18.07,0.53,15.0,0.43,10.0,0.42,10.0,0.46,100.0,0.47,10.0,0.01,0.03,2335.663325,1776186269000
1776186271.074,271.074,0.5,5.0,0.49,202.0,0.52,18.07,0.53,137.0,0.48,18.07,0.47,137.0,0.5,5.0,0.51,202.0,0.02,0.02,2335.651447,1776186270000
1776186271.389,271.389,0.37,115.33,0.36,82.0,0.42,89.0,0.43,22.0,0.5,68.07,0.49,104.0,0.52,100.0,0.53,75.0,0.05,0.02,2335.651447,1776186270000
1776186271.697,271.697,0.37,35.78,0.36,87.0,0.38,30.0,0.39,90.0,0.62,35.0,0.61,90.0,0.63,107.37,0.64,87.0,0.01,0.01,2335.651447,1776186270000
1776186272.17,272.17,0.36,6.71,0.35,5.0,0.37,15.0,0.38,25.0,0.63,15.0,0.62,25.0,0.64,6.71,0.65,5.0,0.01,0.01,2335.102527,1776186271000
1776186273.257,273.257,0.26,136.1,0.24,129.7,0.29,40.67,0.3,15.0,0.62,204.76,0.61,85.0,0.67,10.0,0.68,75.0,0.03,0.05,2335.102527,1776186271000
1776186273.558,273.558,0.27,20.0,0.26,40.0,0.29,23.52,0.3,25.0,0.71,40.67,0.7,15.0,0.74,136.1,0.76,129.7,0.02,0.03,2334.747118,1776186272000
1776186274.384,274.384,0.27,20.0,0.26,40.0,0.29,23.52,0.3,25.0,0.71,23.52,0.7,25.0,0.73,20.0,0.74,40.0,0.02,0.02,2334.255626,1776186273000
1776186274.909,274.909,0.27,20.0,0.26,40.0,0.29,23.52,0.3,25.0,0.71,23.52,0.7,25.0,0.73,20.0,0.74,40.0,0.02,0.02,2334.124947,1776186274000
1776186275.865,275.865,0.27,15.0,0.26,5.0,0.29,22.52,0.3,25.0,0.71,23.52,0.7,25.0,0.73,20.0,0.74,40.0,0.02,0.02,2334.124947,1776186274000
1776186276.596,276.596,0.26,69.0,0.25,132.0,0.27,35.0,0.28,9.0,0.72,9.0,0.71,20.0,0.74,60.0,0.75,127.0,0.01,0.02,2334.104606,1776186275000
1776186277.075,277.075,0.26,69.0,0.25,132.0,0.27,35.0,0.28,9.0,0.73,35.0,0.72,9.0,0.74,69.0,0.75,132.0,0.01,0.01,2334.124609,1776186276000
1776186277.973,277.973,0.24,110.0,0.23,185.0,0.27,194.0,0.28,33.0,0.73,35.0,0.72,126.0,0.74,69.0,0.75,132.0,0.03,0.01,2334.124609,1776186276000
1776186278.222,278.222,0.24,10.0,0.23,185.0,0.26,1.53,0.27,162.0,0.74,1.53,0.73,162.0,0.76,10.0,0.77,185.0,0.02,0.02,2334.156236,1776186277000
1776186279.216,279.216,0.24,10.0,0.23,185.0,0.26,1.53,0.27,162.0,0.74,1.53,0.73,162.0,0.76,10.0,0.77,185.0,0.02,0.02,2334.144168,1776186278000
1776186279.698,279.698,0.24,157.0,0.23,225.0,0.34,31.0,0.35,42.0,0.74,1.53,0.73,162.0,0.76,10.0,0.77,185.0,0.1,0.02,2334.144168,1776186278000
1776186280.243,280.243,0.31,9.75,0.3,12.0,0.32,20.0,0.33,16.0,0.66,31.0,0.65,42.0,0.76,157.0,0.77,225.0,0.01,0.1,2334.144168,1776186278000
1776186280.578,280.578,0.3,14.32,0.29,132.0,0.31,10.0,0.32,20.0,0.68,25.0,0.67,16.0,0.69,1.44,0.7,17.0,0.01,0.01,2334.086574,1776186279000
1776186280.884,280.884,0.31,8.55,0.3,15.0,0.32,9.06,0.33,136.0,0.68,14.06,0.67,146.0,0.7,5.0,0.71,129.02,0.01,0.02,2334.086574,1776186279000
1776186281.108,281.108,0.31,190.55,0.3,50.0,0.37,22.0,0.38,31.0,0.68,9.06,0.67,136.0,0.69,8.55,0.7,15.0,0.06,0.01,2334.086574,1776186279000
1776186281.333,281.333,0.31,190.55,0.3,50.0,0.37,22.0,0.38,31.0,0.63,22.0,0.62,31.0,0.69,190.55,0.7,50.0,0.06,0.06,2334.272097,1776186280000
1776186282.07,282.07,0.26,37.0,0.25,10.0,0.27,28.0,0.28,10.0,0.63,22.0,0.62,31.0,0.69,190.55,0.7,50.0,0.01,0.06,2334.272097,1776186280000
1776186283.431,283.431,0.22,155.23,0.21,110.0,0.25,207.35,0.26,35.0,0.73,70.0,0.72,34.0,0.75,10.0,0.76,105.0,0.03,0.02,2334.272097,1776186280000
1776186284.087,284.087,0.2,382.0,0.19,45.0,0.23,242.35,0.24,21.0,0.75,207.35,0.74,35.0,0.78,155.23,0.79,110.0,0.03,0.03,2334.272097,1776186280000
1776186284.37,284.37,0.16,150.0,0.15,20.0,0.17,30.0,0.18,15.0,0.79,95.0,0.78,45.0,0.84,250.0,0.85,20.0,0.01,0.05,2334.272097,1776186280000
1776186284.591,284.591,0.16,18.25,0.14,10.0,0.17,70.0,0.18,15.0,0.83,75.0,0.82,15.0,0.84,25.99,0.85,20.0,0.01,0.01,2334.272097,1776186280000
1776186285.028,285.028,0.12,0.65,0.11,108.31,0.14,308.32,0.15,80.0,0.83,89.0,0.82,15.0,0.88,163.63,0.89,108.31,0.02,0.05,2334.272097,1776186280000
1776186285.25,285.25,0.11,8.31,0.1,35.0,0.14,318.32,0.15,80.0,0.86,308.32,0.85,80.0,0.89,8.31,0.9,35.0,0.03,0.03,2334.129633,1776186283000
1776186285.517,285.517,0.11,18.31,0.1,10.0,0.14,257.41,0.15,80.0,0.86,307.41,0.85,80.0,0.89,18.31,0.9,35.0,0.03,0.03,2334.129633,1776186283000
1776186285.826,285.826,0.1,10.0,0.09,66.0,0.11,36.68,0.13,25.0,0.86,70.41,0.85,10.0,0.88,1.66,0.89,13.32,0.01,0.02,2334.063185,1776186284000
1776186286.138,286.138,0.09,4.81,0.08,15.75,0.11,294.68,0.12,152.96,0.89,116.68,0.88,10.0,0.91,9.71,0.92,3.13,0.02,0.02,2334.063185,1776186284000
1776186286.359,286.359,0.08,2.99,0.07,160.0,0.1,104.0,0.11,162.68,0.89,294.68,0.88,152.96,0.91,4.81,0.92,15.75,0.02,0.02,2334.063185,1776186284000
1776186286.655,286.655,0.08,8.52,0.07,57.99,0.1,114.0,0.11,197.68,0.9,114.0,0.89,162.68,0.93,157.99,0.94,10.0,0.02,0.03,2333.472065,1776186285000
1776186286.948,286.948,0.06,1.39,0.05,50.0,0.08,241.05,0.09,170.68,0.92,5.0,0.91,63.68,0.94,23.12,0.95,50.0,0.02,0.02,2333.472065,1776186285000
1776186287.257,287.257,0.05,157.17,0.04,35.54,0.07,100.0,0.08,190.0,0.93,66.0,0.92,205.0,0.94,5.0,0.95,40.17,0.02,0.01,2333.226319,1776186286000
1776186287.462,287.462,0.05,120.65,0.04,35.54,0.06,46.0,0.07,237.0,0.94,15.0,0.93,237.0,0.95,125.65,0.96,35.54,0.01,0.01,2333.226319,1776186286000
1776186287.709,287.709,0.05,7.87,0.04,152.54,0.06,46.0,0.07,232.0,0.94,46.0,0.93,242.0,0.95,98.5,0.96,35.54,0.01,0.01,2333.226319,1776186286000
1776186288.085,288.085,0.04,152.26,0.03,86.0,0.06,41.0,0.07,237.38,0.94,41.0,0.93,237.38,0.96,152.26,0.97,86.0,0.02,0.02,2332.839677,1776186287000
1776186288.32,288.32,0.03,59.03,0.02,439.45,0.06,402.35,0.07,110.38,0.94,222.0,0.93,167.84,0.96,4.7,0.97,59.03,0.03,0.02,2332.839677,1776186287000
1776186288.603,288.603,0.03,7.16,0.02,439.45,0.04,71.0,0.05,222.35,0.95,45.0,0.94,197.0,0.97,19.16,0.98,439.45,0.01,0.02,2332.839677,1776186287000
1776186288.826,288.826,0.02,362.56,0.01,1466.44,0.04,338.89,0.05,147.0,0.96,208.89,0.95,30.0,0.97,0.06,0.98,367.61,0.02,0.01,2332.839677,1776186287000
1776186289.035,289.035,0.02,240.61,0.01,1583.44,0.04,670.99,0.05,39.0,0.96,338.89,0.95,147.0,0.98,362.56,0.99,1466.44,0.02,0.02,2332.839677,1776186287000
1776186289.28,289.28,0.02,208.04,0.01,1583.44,0.04,674.06,0.05,39.0,0.96,679.06,0.95,39.0,0.98,221.35,0.99,1583.44,0.02,0.02,2332.673038,1776186288000
1776186289.564,289.564,0.02,62.21,0.01,1583.44,0.04,664.06,0.05,39.0,0.96,664.06,0.95,39.0,0.98,167.21,0.99,1583.44,0.02,0.02,2332.673038,1776186288000
1776186289.827,289.827,0.02,53.17,0.01,1595.3,0.04,664.06,0.05,39.0,0.96,669.06,0.95,39.0,0.98,56.21,0.99,1595.3,0.02,0.02,2332.673038,1776186288000
1776186290.065,290.065,0.02,42.09,0.01,1595.3,0.04,669.06,0.05,39.0,0.96,664.06,0.95,39.0,0.98,47.09,0.99,1595.3,0.02,0.02,2332.673038,1776186288000
1776186290.328,290.328,0.01,1523.41,,,0.04,669.06,0.05,39.0,0.96,669.06,0.95,39.0,0.98,29.12,0.99,1595.3,0.03,0.02,2332.552,1776186289000
1776186290.609,290.609,0.01,1261.89,,,0.02,467.08,0.03,51.55,0.98,335.9,0.96,196.07,0.99,1266.84,,,0.01,0.01,2332.552,1776186289000
1776186290.943,290.943,0.01,1290.89,,,0.02,472.08,0.03,168.55,0.98,472.08,0.97,168.55,0.99,1432.89,,,0.01,0.01,2332.552,1776186289000
1776186291.152,291.152,0.01,1279.89,,,0.02,467.08,0.03,168.55,0.98,467.08,0.97,168.55,0.99,1284.89,,,0.01,0.01,2332.552,1776186289000
1776186291.421,291.421,0.01,273.89,,,0.02,494.04,0.03,173.55,0.98,467.08,0.97,168.55,0.99,269.89,,,0.01,0.01,2332.523406,1776186290000
1776186292.276,292.276,,,,,0.01,103.81,0.02,499.04,0.99,103.81,0.98,499.04,,,,,,,2332.516436,1776186291000
1776186292.534,292.534,,,,,0.01,4001.32,0.02,362.04,0.99,3997.87,0.98,362.04,,,,,,,2332.516436,1776186291000
1776186292.9,292.9,,,,,0.01,3992.8,0.02,362.04,0.99,3994.25,0.98,362.04,,,,,,,2332.516436,1776186291000
1776186293.216,293.216,,,,,0.01,3970.11,0.02,362.04,0.99,3992.8,0.98,362.04,,,,,,,2332.516436,1776186291000
1776186293.581,293.581,,,,,0.01,4068.84,0.02,362.04,0.99,3968.84,0.98,362.04,,,,,,,2332.488681,1776186292000
1776186293.994,293.994,,,,,0.01,4070.83,0.02,367.04,0.99,4067.3,0.98,362.04,,,,,,,2332.488681,1776186292000
1776186294.354,294.354,,,,,0.01,12085.1,0.02,367.04,0.99,4070.83,0.98,367.04,,,,,,,2332.488681,1776186292000
1776186294.648,294.648,,,,,0.01,12585.1,0.02,367.04,0.99,12085.1,0.98,367.04,,,,,,,2332.520558,1776186293000
1776186295.052,295.052,,,,,0.01,12583.69,0.02,367.04,0.99,12583.69,0.98,367.04,,,,,,,2332.565877,1776186294000
1776186296.212,296.212,,,,,0.01,12583.69,0.02,367.04,0.99,12583.69,0.98,367.04,,,,,,,2332.565927,1776186295000
1776186296.799,296.799,,,,,0.01,12653.8,0.02,369.95,0.99,12583.69,0.98,367.04,,,,,,,2332.565927,1776186295000
1776186297.464,297.464,,,,,0.01,12653.8,0.02,369.95,0.99,12653.8,0.98,369.95,,,,,,,2332.64476,1776186296000
1776186297.841,297.841,,,,,0.01,16429.51,0.02,376.95,0.99,12653.8,0.98,369.95,,,,,,,2332.64476,1776186296000
1776186298.559,298.559,,,,,0.01,16429.51,0.02,376.95,0.99,16429.51,0.98,376.95,,,,,,,2332.875456,1776186297000
1776186299.086,299.086,,,,,0.01,16429.51,0.02,376.95,0.99,16429.51,0.98,376.95,,,,,,,2332.825655,1776186298000
1776186300.15,300.15,,,,,0.01,16429.51,0.02,376.95,0.99,16429.51,0.98,376.95,,,,,,,2332.695068,1776186299000
1776186300.352,300.352,,,,,0.01,72044.82,0.02,160.96,0.99,16429.51,0.98,376.95,,,,,,,2332.695068,1776186299000
1776186300.69,300.69,,,,,0.01,73153.42,0.02,160.96,0.99,72044.82,0.98,160.96,,,,,,,2332.695068,1776186299000

# RESULT,winner=Down,slug=eth-updown-5m-1776186000,ticks=644
