timestamp,elapsed_sec,up_bid_p1,up_bid_s1,up_bid_p2,up_bid_s2,up_ask_p1,up_ask_s1,up_ask_p2,up_ask_s2,down_bid_p1,down_bid_s1,down_bid_p2,down_bid_s2,down_ask_p1,down_ask_s1,down_ask_p2,down_ask_s2,up_spread,down_spread,eth_price,eth_oracle_ts
1776279600.55,0.55,0.46,5.0,0.4,38.0,0.47,26.0,0.48,130.0,0.53,21.0,0.52,157.91,0.54,303.56,0.55,105.0,0.01,0.01,2359.067713,1776279599000
1776279601.118,1.118,0.46,5.0,0.4,38.0,0.47,26.0,0.48,130.0,0.53,26.0,0.52,130.0,0.54,5.0,0.6,38.0,0.01,0.01,2359.061967,1776279600000
1776279601.537,1.537,0.46,10.0,0.45,13.0,0.47,26.69,0.48,130.0,0.53,26.0,0.52,130.0,0.54,5.0,0.6,38.0,0.01,0.01,2359.061967,1776279600000
1776279602.013,2.013,0.46,74.0,0.45,24.0,0.47,20.69,0.48,130.0,0.53,26.69,0.52,130.0,0.54,10.0,0.55,13.0,0.01,0.01,2359.061967,1776279600000
1776279602.266,2.266,0.46,74.0,0.45,24.0,0.47,20.69,0.48,130.0,0.53,20.69,0.52,130.0,0.54,74.0,0.55,24.0,0.01,0.01,2359.039609,1776279601000
1776279602.65,2.65,0.46,84.0,0.45,29.0,0.47,18.39,0.48,130.0,0.53,20.69,0.52,130.0,0.54,74.0,0.55,24.0,0.01,0.01,2359.039609,1776279601000
1776279603.374,3.374,0.46,144.0,0.45,39.0,0.48,129.55,0.49,25.21,0.53,11.55,0.52,130.0,0.54,84.0,0.55,29.0,0.02,0.01,2359.039609,1776279601000
1776279603.779,3.779,0.47,63.73,0.46,112.0,0.48,129.55,0.49,30.21,0.52,129.55,0.51,25.21,0.53,53.73,0.54,117.0,0.01,0.01,2359.158482,1776279602000
1776279604.044,4.044,0.47,63.73,0.46,112.0,0.48,129.55,0.49,30.21,0.52,129.55,0.51,30.21,0.53,63.73,0.54,112.0,0.01,0.01,2359.164648,1776279603000
1776279604.396,4.396,0.47,27.0,0.46,36.0,0.48,153.75,0.49,45.21,0.52,134.55,0.51,30.21,0.53,47.73,0.54,101.0,0.01,0.01,2359.164648,1776279603000
1776279604.741,4.741,0.4,11.0,0.37,5.0,0.47,130.0,0.48,253.75,0.53,115.0,0.52,253.75,0.54,8.0,0.63,10.0,0.07,0.01,2359.164648,1776279603000
1776279605.055,5.055,0.4,18.85,0.39,23.0,0.41,30.0,0.42,20.0,0.53,130.0,0.52,253.75,0.6,11.0,0.63,5.0,0.01,0.07,2359.164648,1776279603000
1776279605.311,5.311,0.39,5.0,0.37,5.0,0.41,25.0,0.42,25.0,0.59,25.0,0.58,25.0,0.6,24.85,0.62,11.0,0.02,0.01,2359.139798,1776279604000
1776279606.529,6.529,0.39,5.0,0.37,5.0,0.41,25.0,0.42,25.0,0.59,25.0,0.58,25.0,0.61,5.0,0.63,5.0,0.02,0.02,2359.040645,1776279605000
1776279607.016,7.016,0.37,30.1,0.36,30.0,0.38,4.0,0.39,20.0,0.62,4.0,0.61,20.0,0.63,30.1,0.64,30.0,0.01,0.01,2358.727271,1776279606000
1776279607.384,7.384,0.37,29.15,0.36,41.0,0.38,9.0,0.39,20.0,0.62,4.0,0.61,20.0,0.63,30.1,0.64,30.0,0.01,0.01,2358.727271,1776279606000
1776279607.702,7.702,0.37,15.0,0.36,34.0,0.38,3.0,0.39,20.0,0.62,9.0,0.61,20.0,0.63,29.15,0.64,41.0,0.01,0.01,2358.727271,1776279606000
1776279608.251,8.251,0.37,15.0,0.36,34.0,0.38,3.0,0.39,20.0,0.62,3.0,0.61,20.0,0.63,15.0,0.64,34.0,0.01,0.01,2358.374098,1776279607000
1776279608.591,8.591,0.37,30.5,0.36,19.0,0.38,15.5,0.39,20.0,0.62,5.0,0.61,20.0,0.63,30.0,0.64,19.0,0.01,0.01,2358.374098,1776279607000
1776279608.903,8.903,0.37,46.5,0.36,19.0,0.38,5.5,0.39,20.0,0.62,15.5,0.61,20.0,0.63,30.5,0.64,19.0,0.01,0.01,2358.374098,1776279607000
1776279609.319,9.319,0.37,47.6,0.36,29.5,0.38,15.5,0.39,20.0,0.62,15.5,0.61,20.0,0.63,47.6,0.64,29.5,0.01,0.01,2358.419273,1776279608000
1776279610.118,10.118,0.37,60.85,0.36,29.5,0.38,12.86,0.39,15.0,0.62,15.5,0.61,15.0,0.63,45.85,0.64,29.5,0.01,0.01,2358.419273,1776279608000
1776279610.393,10.393,0.37,60.85,0.36,29.5,0.38,12.86,0.39,15.0,0.62,12.86,0.61,15.0,0.63,60.85,0.64,29.5,0.01,0.01,2358.330986,1776279609000
1776279610.923,10.923,0.37,22.86,0.36,19.0,0.38,17.86,0.39,15.0,0.62,12.86,0.61,15.0,0.63,60.85,0.64,29.5,0.01,0.01,2358.330986,1776279609000
1776279611.496,11.496,0.37,19.68,0.36,19.0,0.38,22.86,0.39,15.0,0.62,17.86,0.61,15.0,0.63,22.86,0.64,19.0,0.01,0.01,2358.353463,1776279610000
1776279614.775,14.775,0.43,11.0,0.41,126.5,0.48,131.04,0.49,100.21,0.62,22.86,0.61,15.0,0.63,19.68,0.64,19.0,0.05,0.01,2358.410897,1776279613000
1776279615.036,15.036,0.47,36.5,0.46,91.5,0.48,127.05,0.49,100.21,0.52,138.08,0.51,100.21,0.53,31.5,0.54,91.5,0.01,0.01,2358.410897,1776279613000
1776279615.352,15.352,0.47,63.0,0.46,96.5,0.48,50.88,0.49,105.21,0.52,72.05,0.51,100.21,0.53,93.5,0.54,91.5,0.01,0.01,2358.410897,1776279613000
1776279615.565,15.565,0.47,26.9,0.46,96.5,0.48,47.69,0.49,105.21,0.52,47.69,0.51,105.21,0.53,31.9,0.54,96.5,0.01,0.01,2358.410897,1776279613000
1776279615.935,15.935,0.47,7.07,0.46,107.5,0.48,52.69,0.49,115.71,0.52,47.69,0.51,115.71,0.53,15.01,0.54,96.5,0.01,0.01,2358.410897,1776279613000
1776279616.363,16.363,0.47,85.57,0.46,108.5,0.48,47.69,0.49,115.71,0.52,52.69,0.51,105.21,0.53,12.57,0.54,102.5,0.01,0.01,2358.422233,1776279614000
1776279617.215,17.215,0.47,122.49,0.46,143.5,0.48,42.69,0.49,116.21,0.52,47.69,0.51,115.71,0.53,62.66,0.54,133.5,0.01,0.01,2358.443642,1776279615000
1776279617.598,17.598,0.47,133.49,0.46,143.5,0.48,40.6,0.49,115.71,0.52,42.69,0.51,116.21,0.53,122.49,0.54,143.5,0.01,0.01,2358.443642,1776279615000
1776279618.247,18.247,0.46,129.24,0.45,125.0,0.48,40.6,0.49,115.71,0.52,40.6,0.51,115.71,0.53,133.49,0.54,143.5,0.02,0.01,2359.066177,1776279616000
1776279618.82,18.82,0.47,7.0,0.46,135.24,0.48,56.1,0.49,115.71,0.52,40.6,0.51,115.71,0.54,129.24,0.55,125.0,0.01,0.02,2359.090025,1776279617000
1776279620.226,20.226,0.47,22.0,0.46,145.24,0.48,40.6,0.49,40.71,0.52,56.1,0.51,115.71,0.53,7.0,0.54,135.24,0.01,0.01,2359.119335,1776279618000
1776279621.49,21.49,0.47,69.49,0.46,166.74,0.48,35.6,0.49,40.71,0.52,40.6,0.51,40.71,0.53,22.0,0.54,145.24,0.01,0.01,2359.13582,1776279620000
1776279622.611,22.611,0.47,82.99,0.46,176.74,0.48,33.51,0.49,30.21,0.52,35.6,0.51,40.71,0.53,67.6,0.54,166.74,0.01,0.01,2359.13556,1776279621000
1776279624.275,24.275,0.47,77.99,0.46,176.74,0.48,28.4,0.49,40.71,0.52,33.51,0.51,30.21,0.53,82.99,0.54,176.74,0.01,0.01,2359.156615,1776279622000
1776279625.775,25.775,0.47,117.49,0.46,182.74,0.48,12.98,0.49,25.21,0.52,28.4,0.51,40.71,0.53,77.99,0.54,176.74,0.01,0.01,2359.162845,1776279624000
1776279626.193,26.193,0.51,124.0,0.5,42.5,0.52,5.0,0.53,10.5,0.48,15.5,0.47,10.0,0.52,131.5,0.53,88.5,0.01,0.04,2359.176475,1776279625000
1776279626.416,26.416,0.51,163.0,0.5,64.5,0.53,10.5,0.54,58.5,0.48,5.0,0.47,10.5,0.49,124.0,0.5,42.5,0.02,0.01,2359.176475,1776279625000
1776279627.539,27.539,0.52,78.25,0.51,139.0,0.53,10.5,0.54,48.5,0.47,10.5,0.46,58.5,0.49,163.0,0.5,64.5,0.01,0.02,2359.176475,1776279625000
1776279628.257,28.257,0.52,68.25,0.51,134.0,0.53,13.74,0.54,38.5,0.47,10.5,0.46,48.5,0.48,78.25,0.49,139.0,0.01,0.01,2359.20346,1776279626000
1776279629.036,29.036,0.52,52.0,0.51,114.0,0.53,22.35,0.54,90.85,0.47,19.24,0.46,38.5,0.48,63.25,0.49,144.0,0.01,0.01,2359.226415,1776279627000
1776279630.715,30.715,0.52,172.0,0.51,104.0,0.54,37.01,0.55,20.0,0.47,22.35,0.46,90.85,0.48,52.0,0.49,114.0,0.02,0.01,2359.421905,1776279628000
1776279631.675,31.675,0.53,70.0,0.52,25.0,0.54,66.15,0.55,26.0,0.46,37.01,0.45,20.0,0.48,172.0,0.49,104.0,0.01,0.02,2359.403474,1776279629000
1776279632.142,32.142,0.53,5.0,0.52,10.0,0.54,187.14,0.55,75.0,0.46,66.15,0.45,26.0,0.47,70.0,0.48,25.0,0.01,0.01,2359.35547,1776279630000
1776279632.458,32.458,0.52,10.0,0.51,65.0,0.53,132.49,0.54,94.61,0.46,182.14,0.45,75.0,0.48,10.0,0.49,65.0,0.01,0.02,2359.35547,1776279630000
1776279632.859,32.859,0.52,10.0,0.51,65.0,0.53,117.11,0.54,89.61,0.47,132.49,0.46,94.61,0.48,10.0,0.49,65.0,0.01,0.01,2359.351615,1776279631000
1776279638.201,38.201,0.53,95.5,0.52,85.5,0.55,10.15,0.56,22.0,0.47,117.11,0.46,89.61,0.48,10.0,0.49,65.0,0.02,0.01,2359.314453,1776279636000
1776279641.095,41.095,0.54,30.0,0.53,30.0,0.56,3.76,0.57,34.0,0.45,5.15,0.44,27.0,0.46,50.0,0.47,65.0,0.02,0.01,2359.322606,1776279640000
1776279642.177,42.177,0.52,24.0,0.51,65.0,0.54,105.96,0.55,54.5,0.44,3.76,0.43,34.0,0.46,30.0,0.47,30.0,0.02,0.02,2359.322606,1776279640000
1776279643.563,43.563,0.48,20.0,0.47,15.5,0.51,120.5,0.52,83.5,0.46,105.96,0.45,54.5,0.48,24.0,0.49,65.0,0.03,0.02,2359.321375,1776279642000
1776279644.19,44.19,0.48,45.0,0.47,15.5,0.52,59.78,0.53,87.5,0.49,120.5,0.48,83.5,0.52,20.0,0.53,15.5,0.04,0.03,2359.321385,1776279643000
1776279644.518,44.518,0.45,55.0,0.44,5.0,0.49,110.96,0.5,48.21,0.48,59.78,0.47,87.5,0.52,45.0,0.53,15.5,0.04,0.04,2359.321385,1776279643000
1776279645.421,45.421,0.45,60.4,0.44,15.5,0.46,30.0,0.47,15.0,0.51,110.96,0.5,48.21,0.55,55.0,0.56,5.0,0.01,0.04,2359.288798,1776279644000
1776279647.68,47.68,0.45,3.18,0.44,5.0,0.46,53.82,0.47,15.0,0.54,27.82,0.53,15.0,0.55,55.4,0.56,15.5,0.01,0.01,2359.070181,1776279646000
1776279650.994,50.994,0.42,14.0,0.41,15.0,0.43,41.0,0.44,123.0,0.54,97.82,0.53,20.0,0.56,5.0,0.57,120.5,0.01,0.02,2358.896963,1776279649000
1776279651.456,51.456,0.41,5.0,0.4,50.5,0.43,98.0,0.44,118.0,0.57,41.0,0.56,123.0,0.58,14.0,0.59,15.0,0.02,0.01,2358.896687,1776279650000
1776279652.294,52.294,0.38,0.5,0.37,10.0,0.39,40.0,0.4,56.0,0.57,98.0,0.56,118.0,0.59,5.0,0.6,50.5,0.01,0.02,2358.896687,1776279650000
1776279652.511,52.511,0.36,66.5,0.35,35.0,0.37,15.0,0.38,10.0,0.62,10.0,0.61,35.0,0.63,4.51,0.64,100.5,0.01,0.01,2358.897213,1776279651000
1776279653.28,53.28,0.36,20.43,0.35,40.0,0.37,40.0,0.38,15.0,0.63,15.0,0.62,10.0,0.64,66.5,0.65,35.0,0.01,0.01,2358.897213,1776279651000
1776279655.721,55.721,0.36,10.43,0.35,15.0,0.37,123.11,0.38,35.0,0.63,40.0,0.62,15.0,0.64,20.43,0.65,40.0,0.01,0.01,2358.460471,1776279654000
1776279657.683,57.683,0.36,55.93,0.35,35.5,0.37,52.7,0.38,35.0,0.63,114.05,0.62,35.0,0.64,10.43,0.65,15.0,0.01,0.01,2358.471942,1776279656000
1776279660.48,60.48,0.36,45.85,0.35,15.5,0.37,62.7,0.38,30.0,0.63,42.7,0.62,35.0,0.64,65.93,0.65,35.5,0.01,0.01,2358.405797,1776279659000
1776279660.865,60.865,0.36,31.69,0.35,26.5,0.37,62.7,0.38,30.0,0.63,67.7,0.62,30.0,0.64,44.59,0.65,26.5,0.01,0.01,2358.405797,1776279659000
1776279662.259,62.259,0.36,5.94,0.35,26.5,0.37,18.7,0.38,30.0,0.63,62.7,0.62,30.0,0.64,31.69,0.65,26.5,0.01,0.01,2358.463633,1776279661000
1776279663.749,63.749,0.36,12.0,0.35,26.5,0.37,215.12,0.38,30.0,0.63,18.7,0.62,30.0,0.64,5.94,0.65,26.5,0.01,0.01,2358.489568,1776279662000
1776279664.942,64.942,0.36,388.0,0.35,31.5,0.37,139.12,0.38,20.0,0.63,215.12,0.62,30.0,0.64,12.0,0.65,26.5,0.01,0.01,2358.465944,1776279663000
1776279665.385,65.385,0.42,22.58,0.41,10.0,0.44,50.0,0.45,5.0,0.62,20.0,0.61,20.0,0.63,63.49,0.64,457.0,0.02,0.01,2358.462159,1776279664000
1776279665.929,65.929,0.44,205.5,0.43,46.5,0.47,86.0,0.48,11.0,0.55,0.82,0.54,11.0,0.56,52.0,0.57,82.0,0.03,0.01,2358.44764,1776279665000
1776279666.375,66.375,0.46,268.5,0.45,52.5,0.47,5.89,0.48,11.0,0.53,86.0,0.52,11.0,0.56,205.5,0.57,46.5,0.01,0.03,2358.44764,1776279665000
1776279667.28,67.28,0.49,90.25,0.48,63.5,0.5,10.0,0.51,30.0,0.5,32.0,0.49,36.0,0.54,268.5,0.55,52.5,0.01,0.04,2358.44764,1776279665000
1776279667.672,67.672,0.49,60.25,0.48,63.0,0.5,20.0,0.51,100.74,0.5,10.0,0.49,30.0,0.51,90.25,0.52,63.5,0.01,0.01,2359.084947,1776279666000
1776279668.597,68.597,0.49,1.0,0.48,21.0,0.51,141.74,0.52,46.5,0.5,20.0,0.49,100.74,0.51,60.25,0.52,63.0,0.02,0.01,2359.249462,1776279667000
1776279669.268,69.268,0.45,10.0,0.44,10.0,0.49,65.5,0.5,47.5,0.5,35.5,0.49,141.74,0.52,7.0,0.53,21.0,0.04,0.02,2359.18092,1776279668000
1776279670.188,70.188,0.45,55.0,0.44,25.5,0.46,6.0,0.47,20.0,0.51,65.5,0.5,47.5,0.55,10.0,0.56,10.0,0.01,0.04,2359.11609,1776279669000
1776279670.879,70.879,0.45,80.5,0.44,25.5,0.46,1.0,0.47,20.0,0.54,6.0,0.53,20.0,0.55,55.0,0.56,25.5,0.01,0.01,2359.11609,1776279669000
1776279672.29,72.29,0.52,10.0,0.51,15.0,0.53,27.53,0.54,66.36,0.54,1.0,0.53,20.0,0.55,80.5,0.56,25.5,0.01,0.01,2358.96784,1776279671000
1776279672.609,72.609,0.52,10.0,0.51,20.0,0.53,37.53,0.54,71.36,0.47,27.53,0.46,66.36,0.48,10.0,0.49,15.0,0.01,0.01,2358.96784,1776279671000
1776279673.291,73.291,0.51,15.0,0.5,41.0,0.52,10.3,0.53,42.53,0.47,37.53,0.46,71.36,0.48,10.0,0.49,20.0,0.01,0.01,2358.96784,1776279671000
1776279674.183,74.183,0.47,10.0,0.46,20.5,0.53,32.47,0.54,104.86,0.48,10.3,0.47,42.53,0.49,15.0,0.5,41.0,0.06,0.01,2359.05875,1776279672000
1776279674.804,74.804,0.47,55.5,0.46,30.5,0.48,5.0,0.49,5.0,0.47,32.47,0.46,104.86,0.53,10.0,0.54,20.5,0.01,0.06,2359.198151,1776279673000
1776279675.454,75.454,0.47,20.0,0.46,40.5,0.48,37.91,0.49,15.0,0.52,5.0,0.51,5.0,0.53,55.5,0.54,30.5,0.01,0.01,2359.337472,1776279674000
1776279676.007,76.007,0.47,21.0,0.46,51.5,0.48,37.91,0.49,25.0,0.52,37.91,0.51,15.0,0.53,20.0,0.54,40.5,0.01,0.01,2359.337472,1776279674000
1776279676.684,76.684,0.45,35.0,0.44,30.0,0.47,77.0,0.48,80.91,0.52,37.91,0.51,25.0,0.53,21.0,0.54,51.5,0.02,0.01,2359.153885,1776279675000
1776279677.415,77.415,0.45,5.0,0.44,25.0,0.46,75.0,0.47,46.5,0.53,77.0,0.52,80.91,0.55,35.0,0.56,30.0,0.01,0.02,2359.206359,1776279676000
1776279677.864,77.864,0.44,35.0,0.43,5.0,0.45,42.66,0.46,29.0,0.54,75.0,0.53,46.5,0.55,5.0,0.56,25.0,0.01,0.01,2359.206359,1776279676000
1776279679.968,79.968,0.42,1.8,0.41,26.0,0.44,104.0,0.45,79.67,0.55,42.66,0.54,29.0,0.56,35.0,0.57,5.0,0.02,0.01,2358.970381,1776279678000
1776279689.472,89.472,0.47,20.0,0.46,20.0,0.48,80.91,0.49,25.0,0.57,21.0,0.56,84.0,0.59,26.0,0.6,91.0,0.01,0.02,2359.11564,1776279688000
1776279689.887,89.887,0.47,20.0,0.46,20.0,0.48,45.82,0.49,25.0,0.52,80.91,0.51,25.0,0.53,20.0,0.54,20.0,0.01,0.01,2359.11564,1776279688000
1776279690.989,90.989,0.47,115.5,0.46,25.5,0.48,10.0,0.49,5.0,0.52,45.82,0.51,25.0,0.53,20.0,0.54,20.0,0.01,0.01,2359.080228,1776279689000
1776279694.735,94.735,0.46,5.0,0.45,5.0,0.48,138.5,0.49,73.0,0.52,5.0,0.51,5.0,0.53,120.5,0.54,25.5,0.02,0.01,2359.080492,1776279693000
1776279696.461,96.461,0.44,38.0,0.43,137.5,0.45,10.0,0.46,25.0,0.54,20.0,0.53,20.0,0.56,5.0,0.57,127.0,0.01,0.02,2359.07008,1776279695000
1776279697.676,97.676,0.44,58.0,0.43,147.5,0.45,5.0,0.46,25.0,0.55,10.0,0.54,25.0,0.56,38.0,0.57,137.5,0.01,0.01,2358.975823,1776279696000
1776279698.501,98.501,0.45,20.0,0.44,7.5,0.46,56.73,0.47,20.0,0.54,25.0,0.53,15.0,0.56,63.0,0.57,147.5,0.01,0.02,2358.85997,1776279697000
1776279703.139,103.139,0.41,35.0,0.4,5.0,0.42,59.14,0.43,20.0,0.54,56.73,0.53,20.0,0.55,20.0,0.56,7.5,0.01,0.01,2358.723056,1776279701000
1776279704.616,104.616,0.42,50.0,0.41,65.5,0.43,5.0,0.44,10.0,0.58,59.14,0.57,20.0,0.59,35.0,0.6,5.0,0.01,0.01,2358.625512,1776279703000
1776279705.473,105.473,0.43,67.36,0.42,40.5,0.44,15.0,0.45,30.0,0.56,10.0,0.55,15.0,0.58,40.0,0.59,55.5,0.01,0.02,2358.625512,1776279703000
1776279707.618,107.618,0.43,112.5,0.42,41.5,0.44,6.59,0.45,20.0,0.56,15.0,0.55,30.0,0.57,67.36,0.58,40.5,0.01,0.01,2358.719783,1776279706000
1776279708.088,108.088,0.45,95.5,0.44,35.5,0.47,8.61,0.48,20.0,0.56,6.59,0.55,20.0,0.57,112.5,0.58,41.5,0.02,0.01,2358.719783,1776279706000
1776279708.525,108.525,0.43,73.5,0.42,66.5,0.47,8.61,0.48,15.0,0.53,8.61,0.52,20.0,0.55,95.5,0.56,35.5,0.04,0.02,2358.743376,1776279707000
1776279713.106,113.106,0.46,45.5,0.45,36.5,0.49,111.62,0.5,23.0,0.53,8.61,0.52,15.0,0.57,73.5,0.58,66.5,0.03,0.04,2358.99387,1776279712000
1776279713.563,113.563,0.46,15.0,0.43,10.0,0.48,125.5,0.49,141.12,0.51,111.62,0.5,23.0,0.54,45.5,0.55,36.5,0.02,0.03,2358.99387,1776279712000
1776279714.39,114.39,0.4,5.5,0.39,65.5,0.42,126.0,0.43,53.0,0.53,115.5,0.52,76.5,0.58,25.0,0.59,35.0,0.02,0.05,2358.99387,1776279712000
1776279715.003,115.003,0.4,9.0,0.39,46.0,0.41,15.0,0.42,30.0,0.59,16.34,0.58,35.0,0.6,5.5,0.61,50.5,0.01,0.01,2358.978907,1776279713000
1776279715.258,115.258,0.4,14.0,0.39,41.0,0.41,9.0,0.42,25.0,0.59,15.0,0.58,30.0,0.6,9.0,0.61,46.0,0.01,0.01,2358.909106,1776279714000
1776279718.23,118.23,0.32,100.0,0.31,10.0,0.34,16.0,0.35,33.19,0.59,9.0,0.58,25.0,0.6,14.0,0.61,41.0,0.02,0.01,2358.508355,1776279717000
1776279718.482,118.482,0.3,275.0,0.28,150.0,0.33,175.0,0.34,28.0,0.66,16.0,0.65,33.19,0.68,100.0,0.69,10.0,0.03,0.02,2358.508355,1776279717000
1776279718.983,118.983,0.3,219.0,0.28,150.0,0.31,52.0,0.32,20.5,0.67,175.0,0.66,28.0,0.7,275.0,0.72,150.0,0.01,0.03,2358.508355,1776279717000
1776279719.278,119.278,0.3,218.92,0.28,161.0,0.31,53.0,0.32,10.0,0.69,52.0,0.68,20.5,0.7,219.0,0.72,150.0,0.01,0.01,2358.544322,1776279718000
1776279719.583,119.583,0.3,211.77,0.29,10.5,0.31,123.0,0.32,10.0,0.69,53.0,0.68,10.0,0.7,218.92,0.72,161.0,0.01,0.01,2358.544322,1776279718000
1776279720.124,120.124,0.3,215.34,0.29,10.5,0.31,103.0,0.32,10.0,0.69,123.0,0.68,10.0,0.7,211.77,0.71,10.5,0.01,0.01,2358.544322,1776279718000
1776279721.264,121.264,0.3,206.33,0.29,11.0,0.31,149.0,0.32,20.5,0.69,103.0,0.68,10.0,0.7,215.34,0.71,10.5,0.01,0.01,2358.028135,1776279720000
1776279722.37,122.37,0.3,236.4,0.29,31.5,0.31,17.0,0.33,22.0,0.69,149.0,0.68,20.5,0.7,206.33,0.71,11.0,0.01,0.01,2358.061063,1776279721000
1776279722.716,122.716,0.34,93.5,0.33,25.5,0.36,25.0,0.37,35.0,0.69,17.0,0.67,22.0,0.7,236.4,0.71,31.5,0.02,0.01,2358.061063,1776279721000
1776279723.033,123.033,0.35,80.57,0.34,88.5,0.36,30.0,0.37,50.0,0.64,25.0,0.63,35.0,0.66,93.5,0.67,25.5,0.01,0.02,2358.061063,1776279721000
1776279723.414,123.414,0.38,17.45,0.37,35.5,0.39,55.0,0.4,15.0,0.64,30.0,0.63,50.0,0.65,80.57,0.66,88.5,0.01,0.01,2358.094594,1776279722000
1776279723.71,123.71,0.39,23.86,0.38,42.45,0.4,15.0,0.41,50.0,0.6,15.0,0.59,50.0,0.62,27.45,0.63,30.5,0.01,0.02,2358.094594,1776279722000
1776279724.618,124.618,0.34,96.44,0.32,21.5,0.35,10.0,0.36,22.56,0.6,15.0,0.59,50.0,0.61,23.86,0.62,42.45,0.01,0.01,2358.046695,1776279723000
1776279725.996,125.996,0.34,34.99,0.32,11.0,0.35,234.5,0.36,75.5,0.65,10.0,0.64,22.56,0.66,96.44,0.68,21.5,0.01,0.01,2358.475346,1776279724000
1776279726.529,126.529,0.3,199.77,0.29,11.0,0.31,224.56,0.32,33.0,0.68,5.5,0.67,145.5,0.7,210.9,0.71,11.0,0.01,0.02,2358.493607,1776279725000
1776279726.859,126.859,0.3,0.59,0.29,11.0,0.31,98.56,0.32,121.72,0.69,245.56,0.68,38.0,0.7,143.59,0.71,11.0,0.01,0.01,2358.493607,1776279725000
1776279729.794,129.794,0.28,106.5,0.27,74.5,0.29,4.0,0.3,70.25,0.69,98.56,0.68,121.72,0.7,0.59,0.71,11.0,0.01,0.01,2357.909624,1776279728000
1776279730.691,130.691,0.29,60.5,0.28,111.5,0.3,137.64,0.31,56.0,0.7,11.41,0.69,45.0,0.71,20.5,0.72,111.5,0.01,0.01,2357.830255,1776279729000
1776279731.088,131.088,0.29,60.5,0.28,111.5,0.3,137.69,0.31,56.0,0.7,137.64,0.69,56.0,0.71,60.5,0.72,111.5,0.01,0.01,2357.830255,1776279729000
1776279731.481,131.481,0.29,85.5,0.28,111.5,0.3,10.7,0.31,35.0,0.7,137.69,0.69,56.0,0.71,60.5,0.72,111.5,0.01,0.01,2357.826585,1776279730000
1776279732.165,132.165,0.31,70.5,0.3,25.5,0.33,20.0,0.34,25.0,0.68,4.0,0.67,50.0,0.69,25.5,0.7,25.5,0.02,0.01,2357.992516,1776279731000
1776279732.676,132.676,0.31,73.32,0.3,25.5,0.32,67.59,0.33,20.0,0.67,20.0,0.66,25.0,0.69,70.5,0.7,25.5,0.01,0.02,2357.992516,1776279731000
1776279733.211,133.211,0.31,69.85,0.3,25.5,0.32,72.59,0.33,25.0,0.68,67.59,0.67,20.0,0.69,71.87,0.7,25.5,0.01,0.01,2358.046654,1776279732000
1776279734.938,134.938,0.33,86.5,0.32,74.5,0.35,55.85,0.36,70.0,0.68,72.59,0.67,25.0,0.69,69.85,0.7,25.5,0.02,0.01,2358.052646,1776279733000
1776279736.0,136.0,0.33,10.0,0.32,31.5,0.35,101.85,0.36,101.5,0.65,55.85,0.64,70.0,0.67,86.5,0.68,74.5,0.02,0.02,2358.291766,1776279735000
1776279737.246,137.246,0.33,33.18,0.32,30.5,0.34,10.0,0.35,22.57,0.65,101.85,0.64,101.5,0.67,10.0,0.68,31.5,0.01,0.02,2358.347741,1776279736000
1776279738.459,138.459,0.33,45.79,0.32,20.5,0.34,26.0,0.35,22.57,0.66,10.0,0.65,22.57,0.67,33.18,0.68,30.5,0.01,0.01,2358.334292,1776279737000
1776279739.298,139.298,0.33,28.79,0.32,30.5,0.34,31.0,0.35,27.57,0.66,26.0,0.65,22.57,0.67,45.79,0.68,20.5,0.01,0.01,2358.238712,1776279738000
1776279742.73,142.73,0.33,49.64,0.32,25.5,0.34,10.0,0.35,11.57,0.66,31.0,0.65,27.57,0.67,28.79,0.68,30.5,0.01,0.01,2358.329446,1776279741000
1776279744.526,144.526,0.33,39.64,0.32,25.5,0.34,12.05,0.35,11.57,0.66,10.0,0.65,11.57,0.67,49.64,0.68,25.5,0.01,0.01,2358.2846,1776279743000
1776279745.082,145.082,0.33,29.73,0.32,25.5,0.34,12.05,0.35,11.57,0.66,12.05,0.65,11.57,0.67,37.72,0.68,25.5,0.01,0.01,2358.283832,1776279744000
1776279746.493,146.493,0.33,29.73,0.32,20.5,0.34,10.08,0.35,11.57,0.66,12.05,0.65,11.57,0.67,29.73,0.68,25.5,0.01,0.01,2358.32886,1776279745000
1776279748.634,148.634,0.38,60.01,0.37,35.5,0.39,15.0,0.4,25.0,0.66,10.08,0.65,11.57,0.67,29.73,0.68,20.5,0.01,0.01,2358.377754,1776279747000
1776279751.19,151.19,0.38,61.78,0.37,50.98,0.39,15.0,0.4,25.0,0.61,15.0,0.6,25.0,0.62,60.01,0.63,35.5,0.01,0.01,2358.5187,1776279749000
1776279752.338,152.338,0.38,65.01,0.37,50.98,0.39,7.43,0.4,25.0,0.61,15.0,0.6,25.0,0.62,61.78,0.63,50.98,0.01,0.01,2358.559777,1776279750000
1776279755.257,155.257,0.39,253.5,0.38,60.01,0.44,10.0,0.45,105.0,0.61,7.43,0.6,25.0,0.62,65.01,0.63,50.98,0.05,0.01,2358.658605,1776279754000
1776279756.647,156.647,0.48,194.5,0.47,71.5,0.5,50.0,0.51,75.0,0.56,10.0,0.55,105.0,0.61,253.5,0.62,60.01,0.02,0.05,2358.65959,1776279755000
1776279756.939,156.939,0.51,84.68,0.5,65.5,0.52,1.39,0.54,55.0,0.48,11.0,0.46,68.0,0.49,14.68,0.5,70.5,0.01,0.01,2358.65959,1776279755000
1776279757.248,157.248,0.54,15.5,0.53,20.5,0.55,37.0,0.56,102.0,0.46,30.0,0.45,47.0,0.49,124.68,0.5,68.5,0.01,0.03,2358.65959,1776279755000
1776279757.528,157.528,0.54,20.5,0.53,25.5,0.56,77.0,0.57,72.0,0.45,1.69,0.44,102.0,0.46,15.5,0.47,20.5,0.02,0.01,2358.789615,1776279756000
1776279757.897,157.897,0.55,50.5,0.54,20.5,0.56,18.07,0.57,77.0,0.44,77.0,0.43,72.0,0.46,20.5,0.47,25.5,0.01,0.02,2358.789615,1776279756000
1776279758.097,158.097,0.55,60.5,0.54,31.5,0.57,77.0,0.58,57.5,0.44,18.07,0.43,77.0,0.45,50.5,0.46,20.5,0.02,0.01,2358.99,1776279757000
1776279758.438,158.438,0.56,12.43,0.55,65.5,0.57,55.0,0.58,30.0,0.43,77.0,0.42,62.5,0.44,18.68,0.45,50.5,0.01,0.01,2358.99,1776279757000
1776279762.285,162.285,0.6,92.37,0.59,61.5,0.61,10.0,0.63,85.0,0.42,5.0,0.41,75.5,0.44,12.43,0.45,65.5,0.01,0.02,2359.448272,1776279760000
1776279763.768,163.768,0.62,100.5,0.61,65.5,0.63,16.82,0.64,5.0,0.39,10.0,0.37,85.0,0.4,92.37,0.41,61.5,0.01,0.01,2359.622868,1776279762000
1776279766.684,166.684,0.64,87.72,0.63,30.5,0.65,25.0,0.66,80.0,0.37,1.97,0.36,5.0,0.38,105.5,0.39,65.5,0.01,0.01,2359.711514,1776279765000
1776279766.958,166.958,0.64,74.02,0.63,30.5,0.65,8.07,0.66,80.0,0.35,23.46,0.34,80.0,0.36,74.02,0.37,30.5,0.01,0.01,2359.711514,1776279765000
1776279767.264,167.264,0.63,25.5,0.62,80.5,0.65,2.07,0.66,80.5,0.35,12.57,0.34,70.0,0.36,53.52,0.37,15.0,0.02,0.01,2359.68821,1776279766000
1776279767.484,167.484,0.64,27.61,0.63,30.5,0.65,7.07,0.66,116.06,0.35,2.07,0.34,80.5,0.37,25.5,0.38,80.5,0.01,0.02,2359.68821,1776279766000
1776279768.17,168.17,0.66,70.5,0.65,32.5,0.67,5.9,0.68,250.0,0.35,7.07,0.34,116.06,0.36,27.61,0.37,30.5,0.01,0.01,2359.68821,1776279766000
1776279768.624,168.624,0.66,20.5,0.65,28.19,0.69,4.81,0.7,210.5,0.33,0.31,0.32,100.0,0.34,26.5,0.35,25.5,0.03,0.01,2359.928396,1776279767000
1776279768.919,168.919,0.69,25.75,0.68,21.0,0.7,200.0,0.73,10.5,0.32,4.5,0.31,4.81,0.34,10.0,0.35,28.19,0.01,0.02,2359.928396,1776279767000
1776279769.195,169.195,0.69,45.75,0.68,21.0,0.7,159.97,0.74,5.0,0.3,180.55,0.24,5.0,0.31,25.75,0.32,21.0,0.01,0.01,2359.928396,1776279767000
1776279769.851,169.851,0.69,95.75,0.68,21.0,0.7,169.97,0.71,21.0,0.3,159.97,0.26,5.0,0.31,45.75,0.32,21.0,0.01,0.01,2359.84983,1776279768000
1776279770.203,170.203,0.69,74.75,0.68,21.0,0.7,149.25,0.71,21.0,0.3,155.68,0.29,21.0,0.31,90.75,0.32,21.0,0.01,0.01,2359.84983,1776279768000
1776279770.514,170.514,0.69,106.75,0.68,21.0,0.7,152.22,0.71,21.0,0.3,149.25,0.29,21.0,0.31,74.75,0.32,21.0,0.01,0.01,2359.958465,1776279769000
1776279770.795,170.795,0.69,110.75,0.68,10.0,0.7,39.63,0.71,5.0,0.3,152.22,0.29,21.0,0.31,106.75,0.32,21.0,0.01,0.01,2359.958465,1776279769000
1776279771.372,171.372,0.69,105.75,0.68,31.0,0.7,28.63,0.71,5.0,0.3,39.63,0.29,5.0,0.31,110.75,0.32,10.0,0.01,0.01,2359.98034,1776279770000
1776279771.844,171.844,0.72,48.71,0.71,20.5,0.73,77.0,0.74,50.0,0.29,5.0,0.27,50.0,0.31,105.75,0.32,31.0,0.01,0.02,2359.98034,1776279770000
1776279772.22,172.22,0.72,83.71,0.71,20.5,0.73,50.0,0.74,26.0,0.27,77.0,0.26,50.0,0.28,48.71,0.29,20.5,0.01,0.01,2359.98034,1776279770000
1776279773.503,173.503,0.73,25.5,0.72,35.5,0.75,31.0,0.76,5.0,0.27,50.0,0.26,26.0,0.28,80.13,0.29,20.5,0.02,0.01,2360.1656,1776279772000
1776279773.975,173.975,0.73,35.5,0.72,30.5,0.74,13.64,0.75,5.0,0.25,31.0,0.24,5.0,0.27,25.5,0.28,35.5,0.01,0.02,2360.1656,1776279772000
1776279774.182,174.182,0.75,11.0,0.74,25.5,0.76,15.0,0.77,34.5,0.26,13.64,0.25,5.0,0.27,35.5,0.28,30.5,0.01,0.01,2360.1656,1776279772000
1776279774.473,174.473,0.75,6.0,0.74,10.0,0.76,59.5,0.77,51.5,0.24,10.0,0.23,44.5,0.25,39.0,0.26,10.0,0.01,0.01,2360.213435,1776279773000
1776279774.845,174.845,0.74,10.0,0.73,30.0,0.75,21.31,0.76,39.5,0.24,54.5,0.23,51.5,0.26,10.0,0.27,30.0,0.01,0.02,2360.213435,1776279773000
1776279775.273,175.273,0.74,62.65,0.73,45.5,0.75,8.31,0.76,27.0,0.25,21.31,0.24,39.5,0.26,10.0,0.27,30.0,0.01,0.01,2360.21001,1776279774000
1776279775.49,175.49,0.75,8.69,0.74,72.65,0.76,27.0,0.77,28.0,0.25,1.31,0.24,27.0,0.26,72.65,0.27,45.5,0.01,0.01,2360.21001,1776279774000
1776279776.158,176.158,0.79,55.23,0.78,15.0,0.8,15.0,0.81,17.5,0.24,27.0,0.23,28.0,0.25,8.69,0.26,72.65,0.01,0.01,2360.21001,1776279774000
1776279776.465,176.465,0.79,65.23,0.78,15.0,0.8,20.0,0.81,37.5,0.2,15.0,0.19,17.5,0.21,55.23,0.22,15.0,0.01,0.01,2360.14416,1776279775000
1776279776.833,176.833,0.78,15.0,0.77,25.5,0.8,82.55,0.81,54.81,0.2,20.0,0.19,37.5,0.21,65.23,0.22,15.0,0.02,0.01,2360.14416,1776279775000
1776279777.743,177.743,0.78,55.0,0.77,25.5,0.79,35.19,0.8,60.05,0.21,15.0,0.2,72.55,0.22,55.0,0.23,25.5,0.01,0.01,2360.193505,1776279776000
1776279779.15,179.15,0.78,40.0,0.77,30.5,0.79,33.92,0.8,122.08,0.21,35.19,0.2,60.05,0.22,55.0,0.23,25.5,0.01,0.01,2360.34216,1776279778000
1776279780.263,180.263,0.78,14.0,0.77,30.5,0.79,32.53,0.8,122.08,0.21,33.92,0.2,122.08,0.22,4.0,0.23,30.5,0.01,0.01,2360.322333,1776279779000
1776279781.615,181.615,0.78,25.0,0.77,35.5,0.79,76.18,0.8,101.39,0.21,73.26,0.2,50.05,0.22,14.0,0.23,30.5,0.01,0.01,2360.328465,1776279780000
1776279781.843,181.843,0.78,20.45,0.77,35.5,0.79,81.18,0.8,91.39,0.21,76.18,0.2,101.39,0.22,25.0,0.23,35.5,0.01,0.01,2360.328465,1776279780000
1776279782.637,182.637,0.78,39.22,0.77,35.5,0.79,53.73,0.8,40.05,0.21,76.18,0.2,91.39,0.22,14.72,0.23,35.5,0.01,0.01,2360.327645,1776279781000
1776279783.827,183.827,0.78,33.49,0.77,46.5,0.79,46.73,0.8,45.05,0.21,53.73,0.2,40.05,0.22,39.22,0.23,35.5,0.01,0.01,2360.328275,1776279782000
1776279784.222,184.222,0.77,15.0,0.76,10.0,0.79,198.23,0.8,62.55,0.21,46.73,0.2,45.05,0.22,33.49,0.23,46.5,0.02,0.01,2360.328275,1776279782000
1776279784.596,184.596,0.73,31.0,0.72,20.0,0.77,157.54,0.78,159.62,0.23,13.54,0.22,123.5,0.24,3.0,0.26,11.88,0.04,0.01,2360.328615,1776279783000
1776279784.855,184.855,0.74,10.0,0.73,20.0,0.75,33.16,0.76,63.5,0.23,157.54,0.22,159.62,0.27,31.0,0.28,20.0,0.01,0.04,2360.328615,1776279783000
1776279785.647,185.647,0.74,10.0,0.73,30.0,0.75,127.52,0.76,48.0,0.25,33.16,0.24,63.5,0.26,10.0,0.27,20.0,0.01,0.01,2360.35472,1776279784000
1776279785.911,185.911,0.74,1.26,0.73,25.0,0.75,47.0,0.76,58.5,0.25,127.52,0.24,48.0,0.26,10.0,0.27,30.0,0.01,0.01,2360.35472,1776279784000
1776279786.576,186.576,0.73,20.0,0.72,30.0,0.75,197.5,0.76,126.5,0.25,47.0,0.24,58.5,0.26,1.26,0.27,25.0,0.02,0.01,2360.36857,1776279785000
1776279787.449,187.449,0.72,10.0,0.71,10.0,0.73,164.13,0.74,52.5,0.25,202.5,0.24,126.5,0.28,30.0,0.29,70.0,0.01,0.03,2360.185585,1776279786000
1776279788.511,188.511,0.72,24.0,0.71,10.0,0.73,164.13,0.74,47.5,0.27,164.13,0.26,52.5,0.28,10.0,0.29,10.0,0.01,0.01,2360.129352,1776279787000
1776279788.997,188.997,0.72,178.63,0.71,25.5,0.73,38.0,0.75,5.0,0.27,164.13,0.26,47.5,0.28,24.0,0.29,10.0,0.01,0.01,2360.129352,1776279787000
1776279789.703,189.703,0.76,42.0,0.75,36.5,0.77,18.0,0.78,29.0,0.24,13.0,0.23,28.0,0.26,20.5,0.27,133.5,0.01,0.02,2360.062908,1776279788000
1776279790.425,190.425,0.76,46.0,0.75,46.5,0.77,62.0,0.78,24.0,0.23,18.0,0.22,29.0,0.24,42.0,0.25,36.5,0.01,0.01,2359.967088,1776279789000
1776279790.671,190.671,0.8,10.0,0.79,66.5,0.81,14.16,0.82,5.0,0.23,62.0,0.22,24.0,0.24,46.0,0.25,46.5,0.01,0.01,2359.967088,1776279789000
1776279791.001,191.001,0.81,40.5,0.8,25.5,0.82,3.68,0.83,92.0,0.18,4.9,0.17,40.0,0.19,21.0,0.2,30.5,0.01,0.01,2359.967088,1776279789000
1776279791.408,191.408,0.82,412.5,0.81,210.5,0.83,53.96,0.84,45.0,0.18,3.68,0.17,92.0,0.19,40.5,0.2,25.5,0.01,0.01,2360.018615,1776279790000
1776279791.618,191.618,0.92,125.5,0.91,15.0,0.93,0.24,0.94,10.0,0.07,5.62,0.06,10.0,0.08,10.5,0.09,15.0,0.01,0.01,2360.018615,1776279790000
1776279791.835,191.835,0.93,47.88,0.92,30.5,0.94,35.33,0.95,4.56,0.06,28.61,0.05,4.56,0.07,30.88,0.08,30.5,0.01,0.01,2360.018615,1776279790000
1776279792.069,192.069,0.93,15.5,0.92,28.38,0.94,30.36,0.95,4.56,0.06,32.41,0.05,4.56,0.07,15.5,0.08,28.38,0.01,0.01,2360.018615,1776279790000
1776279792.473,192.473,0.94,10.5,0.93,25.5,0.95,258.89,0.96,268.8,0.06,1.24,0.05,9.56,0.07,32.5,0.08,183.38,0.01,0.01,2360.146441,1776279791000
1776279792.794,192.794,0.94,12.5,0.93,32.5,0.95,113.89,0.96,579.89,0.05,258.89,0.04,268.8,0.06,10.5,0.07,25.5,0.01,0.01,2360.146441,1776279791000
1776279793.025,193.025,0.94,2.5,0.93,32.5,0.95,93.89,0.96,579.89,0.05,113.89,0.04,579.89,0.06,12.5,0.07,32.5,0.01,0.01,2360.146441,1776279791000
1776279793.579,193.579,0.94,23.62,0.93,32.5,0.95,241.04,0.96,406.8,0.05,93.89,0.04,579.89,0.06,2.5,0.07,32.5,0.01,0.01,2360.647558,1776279792000
1776279793.825,193.825,0.94,6.95,0.93,32.5,0.95,246.04,0.96,406.8,0.05,241.04,0.04,406.8,0.06,23.62,0.07,32.5,0.01,0.01,2360.647558,1776279792000
1776279794.267,194.267,0.94,11.22,0.93,32.5,0.95,276.04,0.96,406.8,0.05,246.04,0.04,406.8,0.06,6.95,0.07,32.5,0.01,0.01,2362.40192,1776279793000
1776279794.766,194.766,0.94,21.72,0.93,32.5,0.95,225.04,0.96,243.8,0.05,260.04,0.04,406.8,0.06,6.22,0.07,32.5,0.01,0.01,2362.40192,1776279793000
1776279795.54,195.54,0.94,26.72,0.93,37.5,0.95,169.04,0.96,248.8,0.05,225.04,0.04,243.8,0.06,21.72,0.07,32.5,0.01,0.01,2362.297216,1776279794000
1776279795.877,195.877,0.94,43.72,0.93,37.5,0.95,9.24,0.96,248.8,0.05,10.3,0.04,248.8,0.06,43.72,0.07,37.5,0.01,0.01,2362.297216,1776279794000
1776279796.194,196.194,0.94,26.28,0.93,30.5,0.95,7.9,0.96,248.8,0.05,9.24,0.04,248.8,0.06,43.72,0.07,37.5,0.01,0.01,2362.293697,1776279795000
1776279796.813,196.813,0.94,41.28,0.93,35.5,0.95,22.68,0.96,125.0,0.05,7.9,0.04,248.8,0.06,26.28,0.07,30.5,0.01,0.01,2362.293697,1776279795000
1776279797.491,197.491,0.95,15.0,0.94,48.28,0.96,134.69,0.97,529.7,0.04,124.9,0.03,529.7,0.05,5.0,0.06,41.28,0.01,0.01,2362.45815,1776279796000
1776279797.74,197.74,0.95,20.0,0.94,37.3,0.96,125.51,0.97,529.7,0.04,126.56,0.03,529.7,0.05,20.0,0.06,37.3,0.01,0.01,2362.45815,1776279796000
1776279798.063,198.063,0.95,20.0,0.94,37.3,0.96,121.36,0.97,529.7,0.04,124.46,0.03,529.7,0.05,20.0,0.06,37.3,0.01,0.01,2362.45815,1776279796000
1776279798.439,198.439,0.95,20.0,0.94,37.3,0.96,98.26,0.97,529.7,0.04,111.36,0.03,529.7,0.05,20.0,0.06,37.3,0.01,0.01,2362.45815,1776279796000
1776279799.012,199.012,0.95,27.0,0.94,47.28,0.96,8.95,0.97,429.7,0.04,98.26,0.03,529.7,0.05,20.0,0.06,37.3,0.01,0.01,2362.547372,1776279797000
1776279799.289,199.289,0.95,54.0,0.94,59.28,0.97,427.2,0.98,553.24,0.04,7.9,0.03,429.7,0.05,44.0,0.06,59.28,0.02,0.01,2362.547372,1776279797000
1776279799.589,199.589,0.96,96.75,0.95,42.0,0.97,432.2,0.98,553.24,0.03,427.2,0.02,553.24,0.05,54.0,0.06,59.28,0.01,0.02,2362.888625,1776279798000
1776279800.112,200.112,0.96,96.75,0.95,40.0,0.97,436.16,0.98,553.24,0.03,432.2,0.02,553.24,0.04,96.75,0.05,42.0,0.01,0.01,2362.884694,1776279799000
1776279800.334,200.334,0.95,5.0,0.94,5.0,0.96,8.95,0.97,415.51,0.03,425.51,0.02,553.24,0.08,300.0,0.09,10.5,0.01,0.05,2362.884694,1776279799000
1776279800.534,200.534,0.95,25.0,0.94,5.0,0.96,15.82,0.97,291.81,0.04,21.87,0.03,291.81,0.05,5.0,0.06,5.0,0.01,0.01,2362.884694,1776279799000
1776279801.216,201.216,0.95,25.0,0.94,5.0,0.96,13.95,0.97,505.59,0.03,291.59,0.02,558.24,0.05,25.0,0.06,5.0,0.01,0.02,2363.11771,1776279800000
1776279801.45,201.45,0.92,6.0,0.91,20.5,0.96,8.95,0.97,505.59,0.04,10.0,0.03,505.59,0.08,6.0,0.09,20.5,0.04,0.04,2363.11771,1776279800000
1776279801.674,201.674,0.91,17.5,0.9,20.1,0.96,6.85,0.97,505.59,0.04,6.85,0.03,505.59,0.08,3.0,0.09,20.5,0.05,0.04,2363.11771,1776279800000
1776279801.912,201.912,0.92,10.5,0.91,17.5,0.95,6.84,0.96,11.85,0.05,8.94,0.04,11.85,0.08,10.5,0.09,17.5,0.03,0.03,2363.11771,1776279800000
1776279802.291,202.291,0.91,17.5,0.9,30.1,0.94,7.88,0.95,26.84,0.05,6.84,0.04,11.85,0.08,10.5,0.09,17.5,0.03,0.03,2363.11771,1776279800000
1776279802.623,202.623,0.93,3.53,0.92,10.0,0.94,5.74,0.95,6.84,0.06,5.74,0.05,26.84,0.09,22.5,0.1,30.1,0.01,0.03,2362.97175,1776279801000
1776279803.001,203.001,0.95,27.42,0.93,3.53,0.96,167.89,0.97,291.59,0.04,295.89,0.03,291.59,0.05,47.42,0.07,3.53,0.01,0.01,2362.790626,1776279802000
1776279803.258,203.258,0.95,27.42,0.93,8.53,0.96,162.64,0.97,473.59,0.04,163.69,0.03,473.59,0.05,27.42,0.07,8.53,0.01,0.01,2362.790626,1776279802000
1776279803.482,203.482,0.95,27.42,0.93,5.0,0.96,179.3,0.97,473.59,0.04,131.39,0.03,473.59,0.05,27.42,0.07,5.0,0.01,0.01,2362.790626,1776279802000
1776279803.731,203.731,0.95,118.42,0.93,15.0,0.96,10.0,0.97,316.59,0.04,178.25,0.03,473.59,0.05,27.42,0.07,5.0,0.01,0.01,2362.790626,1776279802000
1776279803.971,203.971,0.96,96.05,0.95,123.42,0.97,291.59,0.98,618.24,0.04,3.95,0.03,291.59,0.05,123.42,0.06,5.0,0.01,0.01,2362.790626,1776279802000
1776279804.456,204.456,0.96,96.05,0.95,123.42,0.97,290.55,0.98,618.24,0.03,291.59,0.02,618.24,0.04,96.05,0.05,123.42,0.01,0.01,2362.528417,1776279803000
1776279804.686,204.686,0.96,107.05,0.95,123.42,0.97,290.84,0.98,618.24,0.03,290.55,0.02,618.24,0.04,96.05,0.05,123.42,0.01,0.01,2362.528417,1776279803000
1776279804.913,204.913,0.96,107.05,0.95,123.42,0.97,288.78,0.98,618.24,0.03,290.84,0.02,618.24,0.04,107.05,0.05,123.42,0.01,0.01,2362.528417,1776279803000
1776279805.187,205.187,0.96,107.05,0.95,123.42,0.97,286.72,0.98,618.24,0.03,288.78,0.02,618.24,0.04,107.05,0.05,123.42,0.01,0.01,2362.528417,1776279803000
1776279806.788,206.788,0.95,88.75,0.94,5.0,0.96,335.1,0.97,471.37,0.03,286.72,0.02,618.24,0.05,93.75,0.06,5.0,0.01,0.02,2362.8339,1776279805000
1776279809.075,209.075,0.95,5.0,0.93,20.0,0.96,61.85,0.97,292.37,0.04,335.1,0.03,471.37,0.05,88.75,0.06,5.0,0.01,0.01,2363.017658,1776279807000
1776279809.6,209.6,0.95,5.0,0.93,20.0,0.96,48.38,0.97,292.37,0.04,51.48,0.03,292.37,0.05,5.0,0.07,20.0,0.01,0.01,2362.913465,1776279808000
1776279809.851,209.851,0.95,5.0,0.93,20.0,0.96,47.33,0.97,439.37,0.04,48.38,0.03,292.37,0.05,5.0,0.07,20.0,0.01,0.01,2362.913465,1776279808000
1776279810.421,210.421,0.95,5.0,0.93,20.0,0.96,45.54,0.97,434.37,0.04,43.67,0.03,434.37,0.05,5.0,0.07,20.0,0.01,0.01,2362.818513,1776279809000
1776279810.857,210.857,0.95,5.0,0.94,5.0,0.96,13.85,0.97,281.37,0.04,30.29,0.03,434.37,0.05,5.0,0.07,20.0,0.01,0.01,2362.818513,1776279809000
1776279811.55,211.55,0.96,10.26,0.95,11.0,0.97,13.33,0.98,636.24,0.03,3.33,0.02,636.24,0.05,5.0,0.06,5.0,0.01,0.02,2362.821606,1776279810000
1776279814.389,214.389,0.96,22.62,0.95,86.8,0.97,137.03,0.98,658.24,0.03,13.33,0.02,636.24,0.04,10.26,0.05,11.0,0.01,0.01,2362.750994,1776279812000
1776279814.624,214.624,0.96,11.62,0.95,86.8,0.97,137.03,0.98,732.24,0.03,137.03,0.02,658.24,0.04,22.62,0.05,86.8,0.01,0.01,2362.769002,1776279813000
1776279814.982,214.982,0.95,122.8,0.94,83.8,0.96,10.0,0.97,137.03,0.03,137.03,0.02,737.24,0.05,96.42,0.06,78.8,0.01,0.02,2362.769002,1776279813000
1776279816.14,216.14,0.96,119.0,0.95,112.8,0.98,304.54,0.99,10415.6,0.04,10.0,0.03,137.03,0.05,122.8,0.06,83.8,0.02,0.01,2362.83732,1776279814000
1776279816.408,216.408,0.97,124.0,0.96,20.0,0.98,60.08,0.99,4009.6,0.02,160.08,0.01,4009.6,0.03,109.0,0.04,20.0,0.01,0.01,2362.850985,1776279815000
1776279817.914,217.914,0.97,362.0,0.96,15.0,0.98,40.08,0.99,4109.6,0.02,60.08,0.01,4009.6,0.03,124.0,0.04,20.0,0.01,0.01,2363.20839,1776279816000
1776279818.216,218.216,0.97,377.31,0.96,20.0,0.99,2258.52,,,0.02,5.58,0.01,2263.0,0.03,367.0,0.04,20.0,0.02,0.01,2363.720202,1776279817000
1776279819.4,219.4,0.97,417.31,0.96,15.0,0.99,2257.5,,,0.01,2258.52,,,0.03,417.31,0.04,15.0,0.02,0.02,2363.790355,1776279818000
1776279819.65,219.65,0.97,422.31,0.96,15.0,0.99,2255.46,,,0.01,2256.48,,,0.03,417.31,0.04,15.0,0.02,0.02,2363.790355,1776279818000
1776279819.998,219.998,0.98,102.0,0.97,427.31,0.99,2727.69,,,0.01,2611.71,,,0.03,422.31,0.04,15.0,0.01,0.02,2363.790355,1776279818000
1776279820.391,220.391,0.98,490.4,0.97,587.01,0.99,2538.58,,,0.01,1693.65,,,0.02,102.0,0.03,548.01,0.01,0.01,2363.820499,1776279819000
1776279820.65,220.65,0.98,525.4,0.97,542.01,0.99,6098.5,,,0.01,3176.52,,,0.02,550.4,0.03,542.01,0.01,0.01,2363.820499,1776279819000
1776279821.078,221.078,0.98,514.4,0.97,665.71,0.99,10146.48,,,0.01,8677.48,,,0.02,530.4,0.03,681.71,0.01,0.01,2363.820499,1776279819000
1776279821.341,221.341,0.98,300.7,0.97,665.71,0.99,1305.48,,,0.01,10146.48,,,0.02,514.4,0.03,665.71,0.01,0.01,2363.820499,1776279819000
1776279821.544,221.544,0.98,305.7,0.97,665.71,0.99,1265.5,,,0.01,1267.02,,,0.02,300.7,0.03,665.71,0.01,0.01,2363.820499,1776279819000
1776279822.525,222.525,0.98,600.4,0.97,565.71,0.99,1018.03,,,0.01,1119.03,,,0.02,300.7,0.03,665.71,0.01,0.01,2363.643565,1776279821000
1776279823.044,223.044,0.98,600.4,0.97,565.71,0.99,934.84,,,0.01,964.84,,,0.02,605.4,0.03,565.71,0.01,0.01,2363.643565,1776279821000
1776279823.441,223.441,0.98,387.4,0.97,565.71,0.99,570.22,,,0.01,934.84,,,0.02,600.4,0.03,565.71,0.01,0.01,2363.732855,1776279822000
1776279823.723,223.723,0.98,482.4,0.97,555.71,0.99,468.7,,,0.01,568.7,,,0.02,487.4,0.03,565.71,0.01,0.01,2363.732855,1776279822000
1776279823.941,223.941,0.99,31.3,0.98,477.4,,,,,0.01,468.7,,,0.02,482.4,0.03,555.71,,0.01,2363.732855,1776279822000
1776279827.023,227.023,0.99,232.1,0.98,5.0,,,,,,,,,0.01,31.3,0.02,477.4,,,2364.146787,1776279825000
1776279827.849,227.849,0.99,160.44,0.98,5.0,,,,,,,,,0.01,232.1,0.02,5.0,,,2363.265445,1776279826000
1776279828.205,228.205,0.98,5.0,0.97,587.01,0.99,197.56,,,,,,,0.01,160.44,0.02,5.0,0.01,,2363.265445,1776279826000
1776279828.658,228.658,0.98,50.0,0.97,679.01,0.99,371.58,,,0.01,197.56,,,0.02,5.0,0.03,587.01,0.01,0.01,2362.966823,1776279827000
1776279828.947,228.947,0.98,349.7,0.97,579.01,0.99,370.56,,,0.01,371.58,,,0.02,50.0,0.03,679.01,0.01,0.01,2362.966823,1776279827000
1776279831.599,231.599,0.98,105.0,0.97,589.01,0.99,573.36,,,0.01,370.56,,,0.02,349.7,0.03,579.01,0.01,0.01,2363.419621,1776279829000
1776279832.62,232.62,0.98,5.0,0.97,689.01,0.99,335.5,,,0.01,550.36,,,0.02,105.0,0.03,589.01,0.01,0.01,2363.655957,1776279831000
1776279834.621,234.621,0.98,5.0,0.97,565.31,0.99,490.16,,,0.01,315.3,,,0.02,5.0,0.03,689.01,0.01,0.01,2363.454224,1776279833000
1776279834.829,234.829,0.98,4.0,0.97,445.31,0.99,285.3,,,0.01,490.16,,,0.02,5.0,0.03,565.31,0.01,0.01,2363.454224,1776279833000
1776279836.02,236.02,0.98,4.0,0.97,594.01,0.99,250.24,,,0.01,260.3,,,0.02,4.0,0.03,445.31,0.01,0.01,2363.376235,1776279834000
1776279838.142,238.142,0.98,4.0,0.97,588.01,0.99,446.1,,,0.01,250.24,,,0.02,4.0,0.03,594.01,0.01,0.01,2363.155021,1776279836000
1776279839.255,239.255,0.97,474.01,0.96,321.53,0.99,446.1,,,0.01,446.1,,,0.02,4.0,0.03,588.01,0.02,0.01,2363.038753,1776279838000
1776279840.759,240.759,0.97,602.71,0.96,123.7,0.98,8.97,0.99,548.24,0.01,446.1,,,0.03,474.01,0.04,321.53,0.01,0.02,2363.051725,1776279839000
1776279840.962,240.962,0.97,602.71,0.96,123.7,0.98,5.88,0.99,441.24,0.02,6.91,0.01,441.24,0.03,602.71,0.04,123.7,0.01,0.01,2363.051725,1776279839000
1776279841.901,241.901,0.99,10.36,0.97,480.01,,,,,,,,,0.01,15.79,0.03,630.71,,,2363.01393,1776279840000
1776279843.799,243.799,0.97,469.7,0.96,123.7,,,,,,,,,0.01,10.36,0.03,480.01,,,2362.833798,1776279842000
1776279844.329,244.329,0.97,478.7,0.96,108.7,0.98,208.7,0.99,25.0,,,,,0.03,469.7,0.04,123.7,0.01,,2362.570149,1776279843000
1776279844.54,244.54,0.97,463.7,0.96,103.7,0.98,140.3,0.99,25.0,0.02,131.33,0.01,25.0,0.03,463.7,0.04,108.7,0.01,0.01,2362.570149,1776279843000
1776279844.785,244.785,0.97,463.7,0.96,103.7,0.98,116.56,0.99,25.0,0.02,121.37,0.01,124.0,0.03,463.7,0.04,103.7,0.01,0.01,2362.570149,1776279843000
1776279845.141,245.141,0.97,468.7,0.96,103.7,0.98,132.37,0.99,50.0,0.02,108.4,0.01,25.0,0.03,463.7,0.04,103.7,0.01,0.01,2362.570149,1776279843000
1776279845.424,245.424,0.97,468.7,0.96,108.7,0.98,119.8,0.99,50.0,0.02,129.8,0.01,50.0,0.03,468.7,0.04,103.7,0.01,0.01,2362.570149,1776279843000
1776279845.799,245.799,0.97,463.7,0.96,103.7,0.98,107.53,0.99,40.0,0.02,108.56,0.01,50.0,0.03,468.7,0.04,108.7,0.01,0.01,2362.570149,1776279843000
1776279846.009,246.009,0.97,400.7,0.96,103.7,0.98,99.45,0.99,393.0,0.02,99.45,0.01,40.0,0.03,420.7,0.04,103.7,0.01,0.01,2362.570149,1776279843000
1776279846.226,246.226,0.97,246.7,0.96,103.7,0.98,99.45,0.99,393.0,0.02,99.45,0.01,393.0,0.03,350.7,0.04,103.7,0.01,0.01,2362.570149,1776279843000
1776279846.703,246.703,0.97,226.7,0.96,103.7,0.98,709.31,0.99,692.0,0.02,99.45,0.01,40.0,0.03,246.7,0.04,103.7,0.01,0.01,2362.27105,1776279845000
1776279847.043,247.043,0.97,88.0,0.96,103.7,0.98,84.45,0.99,358.0,0.02,104.45,0.01,358.0,0.03,206.7,0.04,103.7,0.01,0.01,2362.27105,1776279845000
1776279847.306,247.306,0.97,88.0,0.96,103.7,0.98,83.42,0.99,35.0,0.02,84.45,0.01,358.0,0.03,88.0,0.04,103.7,0.01,0.01,2362.27105,1776279845000
1776279847.668,247.668,0.97,54.66,0.96,108.7,0.98,58.42,0.99,88.0,0.02,63.42,0.01,35.0,0.03,105.0,0.04,108.7,0.01,0.01,2362.27105,1776279845000
1776279848.039,248.039,0.97,64.97,0.96,108.7,0.98,53.17,0.99,58.0,0.02,54.2,0.01,88.0,0.03,54.66,0.04,108.7,0.01,0.01,2362.27105,1776279845000
1776279848.59,248.59,0.97,59.97,0.96,108.7,0.98,38.46,0.99,240.0,0.02,53.17,0.01,58.0,0.03,64.97,0.04,108.7,0.01,0.01,2362.02264,1776279846000
1776279848.799,248.799,0.97,13.97,0.96,103.7,0.98,233.11,0.99,235.0,0.02,28.25,0.01,240.0,0.03,56.97,0.04,108.7,0.01,0.01,2362.02264,1776279846000
1776279849.355,249.355,0.95,5.0,0.94,128.0,0.96,49.0,0.97,40.0,0.02,428.25,0.01,40.0,0.04,103.7,0.05,5.0,0.01,0.02,2361.853522,1776279847000
1776279849.778,249.778,0.95,5.0,0.94,128.0,0.96,44.81,0.97,40.0,0.04,49.0,0.03,40.0,0.05,5.0,0.06,128.0,0.01,0.01,2361.853522,1776279847000
1776279850.228,250.228,0.95,3.06,0.94,105.0,0.96,41.0,0.97,35.0,0.04,37.51,0.03,40.0,0.05,5.0,0.06,123.0,0.01,0.01,2361.851655,1776279848000
1776279850.502,250.502,0.94,102.0,0.93,40.0,0.95,61.0,0.96,28.82,0.04,34.82,0.03,35.0,0.06,105.0,0.07,40.0,0.01,0.02,2361.851655,1776279848000
1776279851.078,251.078,0.94,137.0,0.93,55.0,0.95,90.87,0.96,28.82,0.05,61.0,0.04,28.82,0.06,102.0,0.07,50.0,0.01,0.01,2361.5919,1776279849000
1776279851.427,251.427,0.94,122.0,0.93,74.0,0.95,60.74,0.96,28.82,0.05,89.87,0.04,28.82,0.06,137.0,0.07,55.0,0.01,0.01,2361.5919,1776279849000
1776279851.67,251.67,0.94,137.0,0.93,74.0,0.95,50.21,0.96,28.82,0.05,60.74,0.04,28.82,0.06,122.0,0.07,74.0,0.01,0.01,2361.495125,1776279850000
1776279853.057,253.057,0.93,20.0,0.92,35.0,0.95,192.21,0.96,149.82,0.05,50.21,0.04,28.82,0.06,137.0,0.07,74.0,0.02,0.01,2361.5866,1776279851000
1776279853.37,253.37,0.91,88.0,0.9,105.7,0.92,57.5,0.95,187.21,0.05,192.21,0.04,149.82,0.07,20.0,0.08,35.0,0.01,0.02,2361.5866,1776279852000
1776279853.86,253.86,0.9,4.71,0.89,60.0,0.92,25.0,0.94,100.0,0.08,57.5,0.05,187.21,0.09,44.0,0.1,105.7,0.02,0.01,2361.5866,1776279852000
1776279854.235,254.235,0.9,10.0,0.89,35.0,0.91,16.09,0.92,25.0,0.09,21.31,0.08,25.0,0.1,10.0,0.11,35.0,0.01,0.01,2361.5866,1776279852000
1776279855.202,255.202,0.87,175.0,0.86,135.0,0.91,128.58,0.92,25.0,0.09,11.58,0.08,25.0,0.1,5.0,0.11,35.0,0.04,0.01,2361.435245,1776279853000
1776279855.639,255.639,0.87,125.0,0.86,135.0,0.9,2.77,0.91,140.58,0.09,128.58,0.08,25.0,0.13,175.0,0.14,135.0,0.03,0.04,2360.82353,1776279854000
1776279856.05,256.05,0.9,5.55,0.84,5.0,0.91,89.88,0.92,60.0,0.09,113.53,0.08,55.0,0.13,125.0,0.14,135.0,0.01,0.04,2360.82353,1776279854000
1776279856.332,256.332,0.88,58.12,0.84,5.0,0.91,122.41,0.92,105.0,0.09,122.41,0.08,105.0,0.1,5.55,0.12,68.75,0.03,0.01,2360.558105,1776279855000
1776279856.771,256.771,0.88,47.27,0.84,5.0,0.91,118.66,0.92,105.0,0.09,118.66,0.08,105.0,0.1,10.0,0.12,58.12,0.03,0.01,2360.558105,1776279855000
1776279857.257,257.257,0.82,14.44,0.79,50.0,0.83,10.0,0.84,35.0,0.11,6.0,0.09,139.5,0.21,61.0,0.23,11.0,0.01,0.1,2360.558105,1776279855000
1776279857.547,257.547,0.79,50.0,0.77,10.0,0.8,5.62,0.81,10.0,0.2,7.82,0.17,0.04,0.21,50.0,0.23,10.0,0.01,0.01,2360.558105,1776279855000
1776279857.756,257.756,0.79,5.0,0.78,141.1,0.81,10.0,0.82,10.0,0.2,5.62,0.19,10.0,0.21,50.0,0.23,10.0,0.02,0.01,2360.257533,1776279856000
1776279858.01,258.01,0.8,5.0,0.79,29.0,0.82,7.68,0.83,85.04,0.19,10.0,0.18,10.0,0.21,5.0,0.22,141.1,0.02,0.02,2360.257533,1776279856000
1776279858.336,258.336,0.8,5.0,0.79,5.0,0.81,239.0,0.82,10.0,0.17,90.04,0.16,10.0,0.2,10.0,0.21,5.0,0.01,0.03,2360.257533,1776279856000
1776279858.551,258.551,0.74,25.0,0.73,50.0,0.76,10.83,0.77,36.73,0.2,37.0,0.19,176.0,0.24,35.0,0.26,25.0,0.02,0.04,2360.257533,1776279856000
1776279858.828,258.828,0.71,20.0,0.7,120.0,0.73,5.62,0.74,15.0,0.28,3.68,0.27,7.6,0.29,10.0,0.3,115.0,0.02,0.01,2360.257642,1776279857000
1776279859.246,259.246,0.76,0.3,0.75,44.0,0.77,10.0,0.78,10.0,0.27,5.62,0.26,15.0,0.29,20.0,0.3,120.0,0.01,0.02,2360.154359,1776279858000
1776279859.486,259.486,0.79,0.23,0.78,5.0,0.8,220.0,0.81,197.0,0.2,215.0,0.19,197.0,0.25,15.0,0.26,54.0,0.01,0.05,2360.154359,1776279858000
1776279860.041,260.041,0.76,25.4,0.75,15.0,0.77,10.0,0.78,10.0,0.2,220.05,0.19,197.0,0.27,26.0,0.28,110.23,0.01,0.07,2360.154359,1776279858000
1776279860.819,260.819,0.76,127.1,0.75,15.0,0.78,6.79,0.79,18.0,0.23,10.0,0.22,10.0,0.24,25.4,0.25,15.0,0.02,0.01,2359.892298,1776279859000
1776279861.815,261.815,0.78,4.13,0.77,10.0,0.8,180.0,0.81,137.0,0.22,6.79,0.21,18.0,0.24,127.1,0.25,15.0,0.02,0.02,2359.830753,1776279860000
1776279862.044,262.044,0.79,0.47,0.78,4.13,0.8,5.0,0.81,110.0,0.2,180.0,0.19,137.0,0.22,4.13,0.23,10.0,0.01,0.02,2359.830753,1776279860000
1776279862.87,262.87,0.85,10.0,0.82,125.57,0.87,16.0,0.88,20.0,0.17,85.0,0.14,10.0,0.21,0.47,0.22,9.13,0.02,0.04,2359.73455,1776279861000
1776279863.112,263.112,0.88,1.92,0.87,10.0,0.89,106.0,0.9,25.0,0.13,16.0,0.12,20.0,0.15,10.0,0.18,125.57,0.01,0.02,2359.73455,1776279861000
1776279863.531,263.531,0.87,0.23,0.86,38.0,0.89,6.0,0.91,85.0,0.11,106.0,0.1,25.0,0.12,1.92,0.13,10.0,0.02,0.01,2359.73455,1776279861000
1776279863.751,263.751,0.88,10.0,0.87,38.0,0.91,10.0,0.92,15.51,0.11,3.97,0.09,50.0,0.13,28.0,0.14,59.07,0.03,0.02,2359.764853,1776279862000
1776279863.958,263.958,0.89,20.18,0.88,15.0,0.9,10.1,0.91,10.0,0.1,21.38,0.09,86.0,0.11,19.99,0.12,15.0,0.01,0.01,2359.764853,1776279862000
1776279864.56,264.56,0.9,15.0,0.89,15.18,0.91,15.59,0.92,9.58,0.08,9.58,0.07,10.0,0.11,15.18,0.12,15.0,0.01,0.03,2360.05892,1776279863000
1776279864.874,264.874,0.93,15.0,0.92,15.0,0.94,46.0,0.95,10.0,0.09,15.59,0.08,9.58,0.1,15.0,0.11,15.18,0.01,0.01,2360.05892,1776279863000
1776279865.179,265.179,0.87,15.0,0.86,85.07,0.88,59.41,0.92,10.0,0.12,56.0,0.07,15.0,0.13,10.0,0.14,80.07,0.01,0.01,2360.136078,1776279864000
1776279865.43,265.43,0.87,41.96,0.86,85.07,0.88,0.54,0.92,10.0,0.12,15.32,0.08,10.0,0.13,12.96,0.14,80.07,0.01,0.01,2360.136078,1776279864000
1776279866.357,266.357,0.91,179.62,0.89,10.0,0.92,3.07,0.93,25.0,0.08,5.62,0.07,25.0,0.1,30.0,0.11,10.0,0.01,0.02,2360.136078,1776279864000
1776279866.662,266.662,0.91,5.0,0.9,176.5,0.92,1.98,0.93,25.0,0.08,3.07,0.07,25.0,0.09,179.62,0.11,10.0,0.01,0.01,2360.441641,1776279865000
1776279867.321,267.321,0.9,173.18,0.89,10.0,0.92,1.98,0.93,25.0,0.08,1.98,0.07,25.0,0.09,3.81,0.1,176.5,0.02,0.01,2360.585748,1776279866000
1776279868.335,268.335,0.91,40.0,0.9,178.18,0.92,1.98,0.93,25.0,0.08,1.98,0.07,25.0,0.1,173.18,0.11,10.0,0.01,0.02,2360.585748,1776279866000
1776279868.972,268.972,0.9,10.5,0.89,10.0,0.92,1.98,0.93,25.0,0.08,1.98,0.07,25.0,0.09,40.0,0.1,178.18,0.02,0.01,2360.621278,1776279867000
1776279869.396,269.396,0.85,10.0,0.82,10.0,0.88,41.66,0.89,22.0,0.09,50.0,0.08,111.27,0.18,10.0,0.19,25.0,0.03,0.09,2360.621278,1776279867000
1776279869.609,269.609,0.8,35.15,0.79,148.0,0.85,30.58,0.86,65.0,0.14,85.71,0.12,27.0,0.2,20.15,0.21,121.0,0.05,0.06,2360.621278,1776279867000
1776279869.833,269.833,0.8,20.1,0.79,148.0,0.84,5.88,0.85,10.0,0.16,5.88,0.15,32.0,0.2,35.15,0.21,148.0,0.04,0.04,2360.617645,1776279868000
1776279870.125,270.125,0.8,17.53,0.79,115.0,0.88,30.38,0.89,10.0,0.16,49.88,0.15,21.0,0.2,17.53,0.21,115.0,0.08,0.04,2360.617645,1776279868000
1776279870.873,270.873,0.8,124.5,0.79,110.0,0.81,4.93,0.82,10.0,0.12,30.38,0.11,10.0,0.2,17.53,0.21,115.0,0.01,0.08,2360.573589,1776279869000
1776279871.766,271.766,0.8,5.0,0.79,115.0,0.81,133.93,0.82,25.0,0.19,9.93,0.18,15.0,0.2,107.5,0.21,115.0,0.01,0.01,2360.459804,1776279870000
1776279872.136,272.136,0.71,60.0,0.7,105.0,0.72,129.0,0.73,15.0,0.2,36.75,0.19,154.93,0.21,50.0,0.24,25.0,0.01,0.01,2360.459804,1776279870000
1776279872.342,272.342,0.61,81.04,0.6,80.0,0.71,38.24,0.72,27.0,0.29,38.24,0.28,27.0,0.38,23.28,0.39,84.0,0.1,0.09,2360.459804,1776279870000
1776279872.549,272.549,0.51,1.0,0.5,121.0,0.59,10.0,0.6,10.0,0.38,13.15,0.36,16.0,0.49,99.43,0.5,116.0,0.08,0.11,2360.459804,1776279870000
1776279872.816,272.816,0.52,10.0,0.51,15.0,0.55,6.72,0.56,60.0,0.48,6.15,0.47,10.0,0.5,121.0,0.51,10.0,0.03,0.02,2359.681955,1776279871000
1776279873.196,273.196,0.62,9.21,0.61,10.0,0.64,5.55,0.66,50.0,0.45,15.0,0.44,43.09,0.51,2.25,0.52,70.0,0.02,0.06,2359.681955,1776279871000
1776279873.552,273.552,0.7,21.0,0.69,15.0,0.71,100.37,0.72,40.0,0.29,110.0,0.28,50.0,0.37,25.0,0.38,26.0,0.01,0.08,2359.65265,1776279872000
1776279873.862,273.862,0.71,20.0,0.7,41.0,0.76,60.0,0.77,10.0,0.28,5.08,0.26,40.0,0.3,31.0,0.31,21.0,0.05,0.02,2359.65265,1776279872000
1776279874.111,274.111,0.73,6.14,0.72,5.0,0.74,10.0,0.75,10.0,0.24,60.0,0.23,10.0,0.27,4.93,0.28,10.0,0.01,0.03,2359.65265,1776279872000
1776279874.381,274.381,0.73,5.59,0.72,15.0,0.74,5.0,0.77,10.0,0.26,3.34,0.25,10.0,0.27,6.14,0.28,5.0,0.01,0.01,2359.321905,1776279873000
1776279874.891,274.891,0.8,13.91,0.79,10.0,0.81,75.0,0.82,20.0,0.23,5.0,0.22,5.0,0.24,6.89,0.25,10.0,0.01,0.01,2359.321905,1776279873000
1776279875.22,275.22,0.8,2.41,0.79,10.0,0.81,55.31,0.82,20.0,0.19,54.45,0.18,20.0,0.2,13.91,0.21,10.0,0.01,0.01,2359.321905,1776279873000
1776279875.672,275.672,0.78,10.0,0.77,10.0,0.8,31.21,0.81,20.31,0.2,22.59,0.19,55.31,0.21,10.0,0.22,21.0,0.02,0.01,2359.321905,1776279873000
1776279875.972,275.972,0.79,10.0,0.78,15.0,0.86,85.0,0.87,10.0,0.18,10.0,0.17,100.0,0.22,15.0,0.23,10.0,0.07,0.04,2359.190294,1776279874000
1776279876.508,276.508,0.82,175.0,0.81,71.0,0.83,50.0,0.86,25.0,0.18,0.91,0.17,10.0,0.19,10.0,0.2,21.0,0.01,0.01,2359.190294,1776279874000
1776279876.731,276.731,0.82,206.0,0.81,76.0,0.92,8.75,0.93,15.0,0.17,50.0,0.14,25.0,0.18,175.0,0.19,71.0,0.1,0.01,2359.4151,1776279875000
1776279877.148,277.148,0.91,71.0,0.9,11.0,0.98,186.07,0.99,1200.0,0.07,7.29,0.04,30.37,0.09,50.0,0.1,11.0,0.07,0.02,2359.4151,1776279875000
1776279877.434,277.434,0.97,42.44,0.96,100.0,0.98,146.59,0.99,1200.0,0.02,163.04,0.01,1200.0,0.03,20.0,0.09,71.0,0.01,0.01,2359.4151,1776279875000
1776279877.768,277.768,0.97,52.44,0.96,165.0,0.98,138.55,0.99,1200.0,0.02,143.55,0.01,1200.0,0.03,42.44,0.04,150.0,0.01,0.01,2359.611166,1776279876000
1776279878.143,278.143,0.98,10.0,0.97,52.44,0.99,1096.99,,,0.01,1098.99,,,0.02,10.0,0.03,52.44,0.01,0.01,2359.611166,1776279876000
1776279878.646,278.646,0.98,10.0,0.97,152.44,0.99,845.47,,,0.01,1096.99,,,0.02,10.0,0.03,52.44,0.01,0.01,2359.611166,1776279876000
1776279879.05,279.05,0.98,10.0,0.97,35.0,0.99,832.22,,,0.01,834.45,,,0.02,10.0,0.03,35.0,0.01,0.01,2361.000901,1776279877000
1776279879.725,279.725,0.98,4.91,0.97,140.0,0.99,7.0,,,0.01,822.77,,,0.02,10.0,0.03,35.0,0.01,0.01,2361.940221,1776279878000
1776279879.961,279.961,0.99,63.75,0.98,19.91,,,,,0.01,7.0,,,0.02,4.91,0.03,140.0,,0.01,2361.940221,1776279878000
1776279880.399,280.399,0.99,176.27,0.98,19.91,,,,,,,,,0.01,63.75,0.02,19.91,,,2362.133759,1776279879000
1776279884.382,284.382,0.99,7010.68,0.98,29.91,,,,,,,,,0.01,176.27,0.02,19.91,,,2362.247985,1776279882000
1776279889.618,289.618,0.99,4891.88,0.98,24.91,,,,,,,,,0.01,7010.68,0.02,29.91,,,2363.03091,1776279888000
1776279889.845,289.845,0.99,5169.18,0.98,24.91,,,,,,,,,0.01,4891.88,0.02,24.91,,,2363.03091,1776279888000
1776279890.629,290.629,0.99,5280.22,0.98,24.91,,,,,,,,,0.01,5169.18,0.02,24.91,,,2363.007304,1776279889000
1776279894.109,294.109,0.99,5313.37,0.98,42.91,,,,,,,,,0.01,5280.22,0.02,24.91,,,2362.70344,1776279893000
1776279897.851,297.851,0.99,6053.51,0.98,42.91,,,,,,,,,0.01,5313.37,0.02,42.91,,,2362.580244,1776279896000

# RESULT,winner=Up,slug=eth-updown-5m-1776279600,ticks=375
