timestamp,elapsed_sec,up_bid_p1,up_bid_s1,up_bid_p2,up_bid_s2,up_ask_p1,up_ask_s1,up_ask_p2,up_ask_s2,down_bid_p1,down_bid_s1,down_bid_p2,down_bid_s2,down_ask_p1,down_ask_s1,down_ask_p2,down_ask_s2,up_spread,down_spread,eth_price,eth_oracle_ts
1776407700.58,0.58,0.44,30.0,0.43,100.0,0.45,15.36,0.46,15.0,0.55,25.36,0.54,15.0,0.56,30.0,0.57,100.0,0.01,0.01,2326.902995,1776407699000
1776407700.899,0.899,0.44,35.0,0.43,100.0,0.46,10.36,0.48,19.0,0.55,15.36,0.54,15.0,0.56,30.0,0.57,100.0,0.02,0.01,2326.902995,1776407699000
1776407701.243,1.243,0.44,105.0,0.43,100.0,0.48,5.27,0.49,10.0,0.54,10.36,0.52,19.0,0.56,35.0,0.57,100.0,0.04,0.02,2326.902995,1776407699000
1776407701.596,1.596,0.47,5.0,0.46,20.0,0.49,11.47,0.5,50.88,0.52,5.27,0.51,10.0,0.55,35.0,0.56,100.0,0.02,0.03,2326.999078,1776407700000
1776407702.872,2.872,0.44,30.0,0.43,30.0,0.45,35.0,0.46,104.47,0.5,38.58,0.45,70.0,0.53,5.0,0.54,20.0,0.01,0.03,2326.970377,1776407701000
1776407703.409,3.409,0.44,8.36,0.41,15.0,0.45,50.0,0.46,114.47,0.55,30.0,0.54,99.47,0.56,13.53,0.59,12.0,0.01,0.01,2326.970377,1776407701000
1776407703.636,3.636,0.41,10.0,0.4,28.0,0.42,7.83,0.43,15.0,0.58,5.22,0.57,15.0,0.59,15.0,0.6,28.0,0.01,0.01,2326.970377,1776407701000
1776407705.967,5.967,0.38,18.0,0.37,89.0,0.41,10.0,0.42,23.9,0.58,5.22,0.57,10.0,0.59,10.0,0.6,28.0,0.03,0.01,2326.777831,1776407704000
1776407706.173,6.173,0.37,77.52,0.36,55.0,0.39,15.0,0.4,20.0,0.58,23.9,0.57,15.0,0.62,18.0,0.63,89.0,0.02,0.04,2326.777831,1776407704000
1776407707.207,7.207,0.37,75.93,0.36,89.0,0.38,15.0,0.39,15.0,0.62,10.0,0.61,15.0,0.63,75.93,0.64,55.0,0.01,0.01,2326.681878,1776407706000
1776407708.978,8.978,0.37,92.93,0.36,84.0,0.38,11.0,0.39,20.0,0.62,15.0,0.61,15.0,0.63,75.93,0.64,89.0,0.01,0.01,2326.588659,1776407707000
1776407709.645,9.645,0.37,97.93,0.36,89.0,0.38,6.0,0.39,20.0,0.62,11.0,0.61,20.0,0.63,92.93,0.64,84.0,0.01,0.01,2326.524816,1776407708000
1776407709.994,9.994,0.38,18.0,0.37,80.93,0.4,12.65,0.41,16.0,0.6,7.65,0.59,16.0,0.63,92.93,0.64,89.0,0.02,0.03,2326.524816,1776407708000
1776407710.486,10.486,0.39,15.0,0.38,16.38,0.4,20.15,0.41,26.0,0.6,12.65,0.59,16.0,0.62,16.38,0.63,75.93,0.01,0.02,2326.550261,1776407709000
1776407710.91,10.91,0.39,10.0,0.38,26.38,0.4,37.65,0.41,16.0,0.6,20.15,0.59,26.0,0.61,15.0,0.62,16.38,0.01,0.01,2326.550261,1776407709000
1776407711.344,11.344,0.39,2.66,0.38,26.38,0.4,42.65,0.41,16.0,0.6,37.65,0.59,16.0,0.61,7.58,0.62,26.38,0.01,0.01,2326.52433,1776407710000
1776407712.66,12.66,0.37,54.45,0.36,84.0,0.39,40.0,0.4,22.65,0.6,42.65,0.59,16.0,0.61,2.66,0.62,26.38,0.02,0.01,2326.453128,1776407711000
1776407713.258,13.258,0.39,69.0,0.38,32.0,0.41,6.0,0.42,11.29,0.61,40.0,0.6,22.65,0.63,54.45,0.64,84.0,0.02,0.02,2326.453128,1776407711000
1776407715.338,15.338,0.41,72.0,0.4,40.0,0.42,17.29,0.43,25.0,0.58,7.29,0.57,10.0,0.6,35.0,0.61,74.0,0.01,0.02,2326.497102,1776407713000
1776407716.557,16.557,0.41,272.05,0.4,40.0,0.42,12.34,0.43,20.0,0.58,17.29,0.57,25.0,0.59,72.0,0.6,40.0,0.01,0.01,2326.599037,1776407715000
1776407718.924,18.924,0.41,255.89,0.4,40.0,0.42,7.34,0.43,25.0,0.58,12.34,0.57,20.0,0.59,272.05,0.6,40.0,0.01,0.01,2326.596275,1776407717000
1776407723.83,23.83,0.41,242.05,0.4,15.0,0.42,32.34,0.43,25.0,0.58,7.34,0.57,25.0,0.59,255.89,0.6,40.0,0.01,0.01,2326.595577,1776407722000
1776407725.22,25.22,0.41,247.05,0.4,25.0,0.44,10.91,0.45,15.0,0.58,32.34,0.57,25.0,0.59,242.05,0.6,15.0,0.03,0.01,2326.595685,1776407723000
1776407726.449,26.449,0.43,237.0,0.42,15.0,0.44,37.91,0.45,24.0,0.56,10.91,0.55,15.0,0.59,247.05,0.6,25.0,0.01,0.03,2326.607681,1776407724000
1776407726.866,26.866,0.43,227.0,0.42,15.0,0.44,75.75,0.45,24.0,0.56,37.91,0.55,24.0,0.57,237.0,0.58,15.0,0.01,0.01,2326.600508,1776407725000
1776407727.244,27.244,0.43,232.0,0.42,15.0,0.44,75.75,0.45,24.0,0.56,75.75,0.55,24.0,0.57,227.0,0.58,15.0,0.01,0.01,2326.596416,1776407726000
1776407728.178,28.178,0.43,227.0,0.42,15.0,0.44,20.75,0.45,28.0,0.56,75.75,0.55,24.0,0.57,232.0,0.58,15.0,0.01,0.01,2326.596416,1776407726000
1776407728.587,28.587,0.43,16.22,0.42,20.0,0.45,38.0,0.46,125.47,0.56,20.75,0.55,28.0,0.57,130.05,0.58,15.0,0.02,0.01,2326.746212,1776407727000
1776407728.851,28.851,0.44,254.25,0.43,11.22,0.45,33.0,0.46,125.47,0.55,38.0,0.54,125.47,0.56,195.57,0.57,11.22,0.01,0.01,2326.746212,1776407727000
1776407729.294,29.294,0.44,159.68,0.43,101.0,0.46,84.47,0.47,5.0,0.55,33.0,0.54,125.47,0.56,254.25,0.57,11.22,0.02,0.01,2326.746212,1776407727000
1776407729.555,29.555,0.45,345.0,0.44,250.68,0.49,7.6,0.5,43.58,0.54,61.6,0.53,5.0,0.55,111.78,0.56,140.68,0.04,0.01,2326.746212,1776407727000
1776407729.77,29.77,0.51,52.54,0.5,25.0,0.53,8.6,0.54,12.0,0.47,8.6,0.46,12.0,0.49,54.79,0.5,43.82,0.02,0.02,2326.746212,1776407727000
1776407730.499,30.499,0.55,8.18,0.54,11.0,0.58,75.0,0.59,85.0,0.47,8.6,0.46,12.0,0.49,52.54,0.5,25.0,0.03,0.02,2326.622997,1776407728000
1776407730.859,30.859,0.56,10.0,0.55,20.0,0.57,57.84,0.58,80.0,0.43,81.61,0.42,80.0,0.44,10.0,0.45,15.0,0.01,0.01,2326.622997,1776407728000
1776407731.363,31.363,0.56,59.68,0.55,26.09,0.57,92.84,0.58,90.0,0.43,57.84,0.42,80.0,0.44,10.0,0.45,20.0,0.01,0.01,2326.633204,1776407729000
1776407731.867,31.867,0.55,9.09,0.52,192.31,0.57,235.33,0.58,108.0,0.43,84.38,0.42,108.0,0.44,8.5,0.45,9.09,0.02,0.01,2326.633204,1776407729000
1776407732.169,32.169,0.55,20.09,0.52,197.31,0.56,17.13,0.57,133.63,0.43,235.33,0.42,108.0,0.45,9.09,0.48,192.31,0.01,0.02,2327.028841,1776407730000
1776407732.38,32.38,0.55,7.49,0.53,5.0,0.56,22.13,0.57,128.63,0.44,17.13,0.43,128.63,0.45,9.72,0.47,5.0,0.01,0.01,2327.028841,1776407730000
1776407732.727,32.727,0.53,24.71,0.52,202.31,0.56,42.13,0.57,118.63,0.44,22.13,0.43,128.63,0.45,7.49,0.47,5.0,0.03,0.01,2327.028841,1776407730000
1776407733.577,33.577,0.52,216.51,0.51,23.08,0.53,40.0,0.54,20.0,0.44,42.13,0.43,118.63,0.47,24.71,0.48,202.31,0.01,0.03,2327.171048,1776407731000
1776407734.015,34.015,0.49,10.0,0.47,11.0,0.51,56.0,0.52,20.0,0.47,40.0,0.46,20.0,0.48,216.51,0.49,23.08,0.02,0.01,2327.171048,1776407732000
1776407734.962,34.962,0.45,0.02,0.43,7.0,0.48,82.0,0.49,20.0,0.5,20.0,0.49,66.0,0.51,10.0,0.53,11.0,0.03,0.01,2327.171048,1776407732000
1776407735.172,35.172,0.43,6.12,0.41,74.05,0.44,10.0,0.45,55.0,0.55,55.0,0.54,39.2,0.57,9.63,0.59,74.05,0.01,0.02,2327.082699,1776407733000
1776407735.393,35.393,0.43,6.12,0.41,74.05,0.44,45.0,0.45,30.0,0.56,10.0,0.55,55.0,0.57,6.12,0.59,74.05,0.01,0.01,2327.082699,1776407733000
1776407735.739,35.739,0.43,37.12,0.42,10.0,0.44,4.0,0.45,20.0,0.56,45.0,0.55,30.0,0.57,6.12,0.59,74.05,0.01,0.01,2327.082699,1776407733000
1776407736.282,36.282,0.44,37.53,0.43,226.12,0.46,5.0,0.47,10.0,0.55,20.0,0.54,10.0,0.56,1.53,0.57,37.12,0.02,0.01,2327.027715,1776407734000
1776407736.849,36.849,0.46,21.0,0.45,237.44,0.47,17.87,0.48,10.0,0.53,10.0,0.52,15.0,0.55,10.0,0.56,36.0,0.01,0.02,2327.027715,1776407734000
1776407737.911,37.911,0.45,162.44,0.43,5.0,0.46,5.0,0.47,17.87,0.53,17.87,0.52,10.0,0.54,17.22,0.55,237.44,0.01,0.01,2326.829642,1776407736000
1776407738.267,38.267,0.41,59.07,0.4,15.0,0.43,51.0,0.44,10.0,0.54,5.0,0.53,17.87,0.55,162.44,0.57,5.0,0.02,0.01,2326.829642,1776407736000
1776407739.096,39.096,0.41,158.0,0.38,5.0,0.42,85.0,0.43,111.0,0.57,51.0,0.56,10.0,0.59,59.07,0.6,15.0,0.01,0.02,2326.861367,1776407737000
1776407739.389,39.389,0.41,141.31,0.38,15.0,0.42,96.0,0.43,115.0,0.58,80.0,0.57,111.0,0.59,146.4,0.62,5.0,0.01,0.01,2326.793035,1776407738000
1776407740.459,40.459,0.38,12.5,0.37,10.0,0.39,7.29,0.4,15.0,0.58,96.0,0.57,115.0,0.59,141.31,0.62,15.0,0.01,0.01,2326.80607,1776407739000
1776407740.847,40.847,0.38,2.5,0.36,60.0,0.39,17.79,0.4,15.0,0.61,7.29,0.6,15.0,0.62,12.5,0.63,10.0,0.01,0.01,2326.80607,1776407739000
1776407741.689,41.689,0.37,5.0,0.36,60.0,0.39,48.79,0.4,20.0,0.61,17.79,0.6,15.0,0.62,2.5,0.64,60.0,0.02,0.01,2326.80607,1776407739000
1776407741.905,41.905,0.37,5.89,0.36,230.83,0.39,53.79,0.4,20.0,0.61,48.79,0.6,20.0,0.63,5.0,0.64,60.0,0.02,0.02,2326.678728,1776407740000
1776407742.257,42.257,0.36,170.83,0.34,6.0,0.37,67.59,0.38,36.0,0.61,53.79,0.6,20.0,0.63,5.89,0.64,230.83,0.01,0.02,2326.678728,1776407740000
1776407742.47,42.47,0.36,177.71,0.33,15.0,0.37,167.06,0.38,56.0,0.63,67.59,0.62,36.0,0.64,170.83,0.66,6.0,0.01,0.01,2326.61529,1776407741000
1776407743.95,43.95,0.33,2.56,0.32,10.0,0.34,79.29,0.35,163.85,0.63,314.78,0.62,47.0,0.64,156.63,0.67,15.0,0.01,0.01,2326.617616,1776407742000
1776407744.228,44.228,0.33,12.56,0.32,10.0,0.34,56.34,0.35,153.85,0.66,79.29,0.65,163.85,0.67,2.56,0.68,10.0,0.01,0.01,2326.617616,1776407742000
1776407744.943,44.943,0.33,33.56,0.32,47.02,0.34,166.91,0.35,153.85,0.66,18.34,0.65,153.85,0.67,28.56,0.68,10.0,0.01,0.01,2326.617616,1776407742000
1776407745.578,45.578,0.33,42.56,0.32,56.02,0.34,139.26,0.35,153.85,0.66,166.91,0.65,153.85,0.67,33.56,0.68,47.02,0.01,0.01,2326.529679,1776407743000
1776407745.786,45.786,0.33,42.56,0.32,126.02,0.34,50.31,0.35,153.85,0.66,76.31,0.65,153.85,0.67,42.56,0.68,56.02,0.01,0.01,2326.459496,1776407744000
1776407747.129,47.129,0.33,43.45,0.32,89.0,0.34,45.31,0.36,149.54,0.66,50.31,0.63,89.97,0.67,33.45,0.68,126.02,0.01,0.01,2326.411673,1776407745000
1776407747.645,47.645,0.33,39.49,0.32,173.65,0.34,45.31,0.37,89.97,0.66,45.31,0.64,149.54,0.67,43.45,0.68,89.0,0.01,0.01,2326.41465,1776407746000
1776407748.805,48.805,0.33,44.49,0.32,173.65,0.34,27.95,0.37,89.97,0.66,32.95,0.63,89.97,0.67,49.49,0.68,173.65,0.01,0.01,2326.535708,1776407747000
1776407749.114,49.114,0.33,54.49,0.32,173.65,0.34,30.0,0.37,89.97,0.66,27.95,0.63,89.97,0.67,44.49,0.68,173.65,0.01,0.01,2326.535708,1776407747000
1776407749.518,49.518,0.33,32.49,0.32,173.65,0.34,35.0,0.37,89.97,0.66,30.0,0.63,89.97,0.67,54.49,0.68,173.65,0.01,0.01,2326.511392,1776407748000
1776407750.004,50.004,0.33,32.49,0.32,164.65,0.34,34.85,0.35,131.74,0.66,35.0,0.63,89.97,0.67,32.49,0.68,173.65,0.01,0.01,2326.511392,1776407748000
1776407751.529,51.529,0.33,32.49,0.32,80.0,0.34,24.85,0.35,131.74,0.66,34.85,0.65,131.74,0.67,32.49,0.68,164.65,0.01,0.01,2326.529348,1776407750000
1776407752.691,52.691,0.32,10.0,0.31,55.0,0.34,66.35,0.35,146.74,0.66,24.85,0.65,131.74,0.67,32.49,0.68,80.0,0.02,0.01,2326.62832,1776407751000
1776407753.059,53.059,0.31,49.0,0.3,43.0,0.33,66.7,0.34,59.85,0.66,66.35,0.65,146.74,0.68,7.0,0.69,55.0,0.02,0.02,2326.62832,1776407751000
1776407753.386,53.386,0.31,49.0,0.3,13.0,0.32,39.37,0.33,26.96,0.67,49.46,0.66,40.0,0.69,49.0,0.7,13.0,0.01,0.02,2326.62832,1776407751000
1776407753.64,53.64,0.31,18.57,0.3,13.0,0.32,71.24,0.33,51.96,0.68,74.37,0.67,51.96,0.69,18.57,0.7,13.0,0.01,0.01,2326.548218,1776407752000
1776407754.22,54.22,0.31,67.06,0.3,102.0,0.32,7.0,0.33,6.96,0.68,71.24,0.67,51.96,0.69,18.57,0.7,13.0,0.01,0.01,2326.556906,1776407753000
1776407754.558,54.558,0.31,72.06,0.3,102.0,0.33,6.96,0.34,10.0,0.68,2.0,0.67,6.96,0.69,77.06,0.7,102.0,0.02,0.01,2326.556906,1776407753000
1776407755.059,55.059,0.32,30.49,0.31,63.57,0.33,11.96,0.34,10.0,0.67,0.96,0.66,10.0,0.69,77.06,0.7,102.0,0.01,0.02,2326.556906,1776407753000
1776407755.754,55.754,0.32,224.01,0.31,65.37,0.33,21.96,0.34,20.0,0.67,11.96,0.66,10.0,0.68,30.49,0.69,63.57,0.01,0.01,2326.441486,1776407754000
1776407756.036,56.036,0.31,27.57,0.3,32.1,0.33,92.66,0.34,20.0,0.67,21.96,0.66,20.0,0.68,224.01,0.69,65.37,0.02,0.01,2326.441486,1776407754000
1776407756.444,56.444,0.31,13.57,0.3,14.0,0.32,42.5,0.33,15.96,0.67,92.66,0.66,20.0,0.69,27.57,0.7,32.1,0.01,0.02,2326.425103,1776407755000
1776407756.684,56.684,0.31,2.08,0.3,14.0,0.32,37.5,0.33,15.96,0.68,37.5,0.67,15.96,0.69,8.08,0.7,14.0,0.01,0.01,2326.425103,1776407755000
1776407759.152,59.152,0.3,18.08,0.29,45.0,0.32,42.5,0.33,15.96,0.68,37.5,0.67,15.96,0.69,2.08,0.7,14.0,0.02,0.01,2326.535092,1776407757000
1776407760.531,60.531,0.3,12.59,0.29,45.0,0.32,65.5,0.33,20.96,0.68,42.5,0.67,15.96,0.7,18.08,0.71,45.0,0.02,0.02,2326.306716,1776407759000
1776407761.562,61.562,0.28,10.0,0.25,25.0,0.31,81.5,0.32,15.0,0.68,65.5,0.67,20.96,0.7,12.59,0.71,45.0,0.03,0.02,2326.306716,1776407760000
1776407762.565,62.565,0.25,22.92,0.24,20.0,0.26,36.53,0.27,11.0,0.69,102.5,0.68,15.0,0.75,5.0,0.76,29.0,0.01,0.06,2326.298555,1776407761000
1776407763.48,63.48,0.25,157.41,0.24,43.7,0.26,140.0,0.27,5.0,0.74,36.53,0.73,11.0,0.75,22.92,0.76,20.0,0.01,0.01,2326.333062,1776407762000
1776407763.779,63.779,0.25,171.41,0.24,43.7,0.26,2.03,0.27,5.0,0.74,51.15,0.73,5.0,0.75,171.41,0.76,43.7,0.01,0.01,2326.333062,1776407762000
1776407763.996,63.996,0.25,171.41,0.24,43.7,0.26,90.13,0.27,2.03,0.73,2.03,0.66,5.0,0.75,166.41,0.76,43.7,0.01,0.02,2326.15298,1776407763000
1776407764.925,64.925,0.26,121.49,0.25,77.57,0.27,136.31,0.32,10.0,0.74,90.13,0.73,2.03,0.75,178.86,0.76,43.7,0.01,0.01,2326.15298,1776407763000
1776407765.637,65.637,0.31,10.0,0.3,21.0,0.32,39.5,0.33,15.0,0.73,136.31,0.68,10.0,0.74,121.49,0.75,77.57,0.01,0.01,2326.217745,1776407764000
1776407766.507,66.507,0.31,10.0,0.3,21.0,0.32,41.37,0.33,164.25,0.68,39.5,0.67,15.0,0.69,10.0,0.7,21.0,0.01,0.01,2326.38685,1776407765000
1776407766.805,66.805,0.31,10.0,0.3,21.0,0.32,43.21,0.33,164.25,0.68,41.37,0.67,164.25,0.69,10.0,0.7,21.0,0.01,0.01,2326.38685,1776407765000
1776407767.162,67.162,0.18,6.8,0.17,35.5,0.31,31.21,0.32,20.0,0.68,43.21,0.67,164.25,0.69,7.85,0.7,21.0,0.13,0.01,2326.302805,1776407766000
1776407767.454,67.454,0.28,5.0,0.27,5.0,0.3,25.21,0.31,81.0,0.69,91.21,0.68,20.0,0.71,5.0,0.72,5.0,0.02,0.02,2326.302805,1776407766000
1776407768.722,68.722,0.21,9.0,0.16,5.0,0.22,107.51,0.23,15.0,0.7,25.21,0.69,81.0,0.72,5.0,0.73,5.0,0.01,0.02,2326.304098,1776407767000
1776407768.957,68.957,0.16,8.53,0.15,11.0,0.21,50.0,0.22,102.61,0.78,102.61,0.77,15.0,0.84,10.0,0.85,311.0,0.05,0.06,2326.303932,1776407768000
1776407769.273,69.273,0.16,5.0,0.15,5.0,0.17,54.38,0.18,20.0,0.79,50.0,0.78,102.61,0.84,8.53,0.85,11.0,0.01,0.05,2326.303932,1776407768000
1776407769.518,69.518,0.16,5.0,0.15,5.0,0.17,200.86,0.18,20.0,0.83,54.38,0.82,20.0,0.84,5.0,0.85,5.0,0.01,0.01,2326.303932,1776407768000
1776407769.777,69.777,0.16,12.8,0.15,14.0,0.17,190.86,0.18,20.0,0.83,200.86,0.82,20.0,0.84,5.0,0.85,5.0,0.01,0.01,2326.303932,1776407768000
1776407770.396,70.396,0.16,20.0,0.15,24.0,0.17,155.8,0.18,15.0,0.83,160.86,0.82,20.0,0.84,9.86,0.85,14.0,0.01,0.01,2326.281641,1776407769000
1776407770.838,70.838,0.14,15.0,0.13,168.53,0.17,180.8,0.18,10.0,0.83,139.8,0.82,10.0,0.84,20.0,0.85,24.0,0.03,0.01,2326.1767,1776407770000
1776407771.069,71.069,0.16,6.5,0.15,10.0,0.17,18.37,0.18,10.0,0.83,148.85,0.82,10.0,0.84,15.0,0.85,10.0,0.01,0.01,2326.1767,1776407770000
1776407771.436,71.436,0.15,10.0,0.14,15.0,0.17,18.37,0.18,10.0,0.83,18.37,0.82,10.0,0.84,3.5,0.85,10.0,0.02,0.01,2326.1767,1776407770000
1776407772.04,72.04,0.16,6.28,0.14,20.0,0.17,23.37,0.18,25.0,0.83,13.37,0.82,15.0,0.84,9.32,0.85,10.0,0.01,0.01,2326.1767,1776407770000
1776407772.303,72.303,0.13,161.53,0.12,10.0,0.14,56.21,0.15,233.65,0.83,23.37,0.82,25.0,0.84,6.28,0.86,20.0,0.01,0.01,2325.878588,1776407771000
1776407772.895,72.895,0.11,300.0,0.1,10.0,0.13,19.0,0.14,93.21,0.86,56.21,0.85,233.65,0.87,161.53,0.88,10.0,0.02,0.01,2325.878588,1776407771000
1776407773.135,73.135,0.1,29.83,0.09,140.0,0.11,57.44,0.12,25.0,0.87,19.0,0.86,93.21,0.89,300.0,0.9,10.0,0.01,0.02,2325.878588,1776407771000
1776407773.425,73.425,0.13,24.0,0.12,10.0,0.15,37.98,0.16,65.0,0.85,4.77,0.84,65.0,0.9,14.28,0.91,140.0,0.02,0.05,2325.856661,1776407772000
1776407773.831,73.831,0.13,11.85,0.12,10.0,0.14,15.0,0.15,10.0,0.85,33.21,0.84,65.0,0.87,22.85,0.88,10.0,0.01,0.02,2325.856661,1776407772000
1776407774.188,74.188,0.14,7.0,0.13,26.85,0.15,33.0,0.16,65.0,0.86,12.14,0.85,10.0,0.87,11.85,0.88,15.0,0.01,0.01,2325.856661,1776407772000
1776407774.639,74.639,0.14,31.1,0.13,26.85,0.15,28.0,0.16,55.0,0.85,33.0,0.84,65.0,0.86,7.0,0.87,26.85,0.01,0.01,2325.783664,1776407773000
1776407774.892,74.892,0.14,62.99,0.13,25.0,0.16,50.0,0.2,125.0,0.85,23.0,0.84,55.0,0.86,32.83,0.87,36.85,0.02,0.01,2325.783664,1776407773000
1776407775.375,75.375,0.19,44.99,0.18,15.0,0.21,55.0,0.22,15.0,0.8,119.62,0.79,55.0,0.81,15.0,0.82,15.0,0.02,0.01,2325.645779,1776407774000
1776407776.366,76.366,0.2,51.81,0.19,36.0,0.21,84.0,0.22,24.0,0.79,55.0,0.78,15.0,0.81,44.99,0.82,15.0,0.01,0.02,2325.571899,1776407775000
1776407777.559,77.559,0.2,50.56,0.19,26.0,0.21,75.0,0.22,24.0,0.79,84.0,0.78,24.0,0.8,51.81,0.81,36.0,0.01,0.01,2325.707971,1776407776000
1776407777.8,77.8,0.19,11.0,0.17,9.0,0.21,290.58,0.22,29.0,0.79,75.0,0.78,24.0,0.8,50.56,0.81,26.0,0.02,0.01,2325.707971,1776407776000
1776407778.083,78.083,0.16,186.83,0.15,10.0,0.17,60.0,0.18,24.0,0.8,33.0,0.79,243.58,0.84,184.0,0.85,16.0,0.01,0.04,2325.707971,1776407776000
1776407779.187,79.187,0.16,199.83,0.15,15.0,0.17,15.0,0.18,15.0,0.83,60.0,0.82,24.0,0.84,186.83,0.85,10.0,0.01,0.01,2325.751093,1776407777000
1776407779.426,79.426,0.16,279.82,0.15,15.0,0.18,5.0,0.19,146.46,0.83,15.0,0.82,15.0,0.84,199.83,0.85,15.0,0.02,0.01,2325.751038,1776407778000
1776407780.78,80.78,0.18,91.99,0.17,46.0,0.19,131.08,0.2,33.0,0.82,5.0,0.81,146.46,0.84,279.82,0.85,15.0,0.01,0.02,2325.652534,1776407779000
1776407781.752,81.752,0.18,76.0,0.17,46.0,0.19,115.46,0.2,10.0,0.81,131.08,0.8,33.0,0.82,87.0,0.83,46.0,0.01,0.01,2325.599329,1776407780000
1776407782.283,82.283,0.17,46.0,0.16,15.0,0.18,17.95,0.2,10.0,0.81,115.46,0.8,10.0,0.82,76.0,0.83,46.0,0.01,0.01,2325.649266,1776407781000
1776407782.687,82.687,0.17,97.99,0.16,23.0,0.2,130.0,0.21,45.56,0.82,17.95,0.8,10.0,0.83,46.0,0.84,15.0,0.03,0.01,2325.649266,1776407781000
1776407782.888,82.888,0.19,40.0,0.18,21.0,0.21,36.17,0.22,5.0,0.8,130.0,0.79,45.56,0.83,97.99,0.84,23.0,0.02,0.03,2325.649266,1776407781000
1776407785.184,85.184,0.21,95.68,0.2,30.0,0.24,7.53,0.25,15.0,0.79,36.17,0.78,5.0,0.81,40.0,0.82,21.0,0.03,0.02,2325.827944,1776407784000
1776407785.893,85.893,0.23,81.06,0.22,61.0,0.24,7.53,0.25,15.0,0.76,7.53,0.75,15.0,0.79,95.68,0.8,30.0,0.01,0.03,2325.827944,1776407784000
1776407787.831,87.831,0.23,71.06,0.22,51.0,0.24,139.11,0.25,15.0,0.76,7.53,0.75,15.0,0.77,81.06,0.78,61.0,0.01,0.01,2325.887901,1776407786000
1776407788.547,88.547,0.23,71.06,0.22,51.0,0.24,139.11,0.25,20.0,0.76,139.11,0.75,15.0,0.77,71.06,0.78,51.0,0.01,0.01,2325.88715,1776407787000
1776407789.849,89.849,0.23,86.06,0.22,56.0,0.24,129.58,0.25,5.0,0.76,139.11,0.75,20.0,0.77,71.06,0.78,51.0,0.01,0.01,2325.87226,1776407788000
1776407791.683,91.683,0.23,56.06,0.22,25.0,0.24,5.0,0.25,15.0,0.76,76.93,0.75,5.0,0.77,86.06,0.78,61.0,0.01,0.01,2325.882946,1776407790000
1776407792.557,92.557,0.23,91.06,0.22,25.0,0.25,3.75,0.26,65.0,0.76,5.0,0.75,15.0,0.77,56.06,0.78,25.0,0.02,0.01,2325.882946,1776407790000
1776407794.555,94.555,0.24,100.68,0.23,54.38,0.26,65.0,0.27,15.0,0.75,3.75,0.74,65.0,0.77,91.06,0.78,25.0,0.02,0.02,2326.06693,1776407793000
1776407796.155,96.155,0.25,90.68,0.24,51.0,0.26,61.15,0.27,15.0,0.74,65.0,0.73,15.0,0.76,100.68,0.77,54.38,0.01,0.02,2326.020436,1776407794000
1776407798.308,98.308,0.25,85.68,0.24,41.0,0.26,191.28,0.27,15.0,0.74,61.15,0.73,15.0,0.75,90.68,0.76,51.0,0.01,0.01,2326.111943,1776407797000
1776407798.722,98.722,0.25,42.68,0.24,5.0,0.26,284.48,0.27,15.0,0.74,191.28,0.73,15.0,0.75,85.68,0.76,41.0,0.01,0.01,2326.111943,1776407797000
1776407798.976,98.976,0.25,32.61,0.23,14.38,0.26,238.28,0.27,15.0,0.74,284.48,0.73,15.0,0.75,42.68,0.76,5.0,0.01,0.01,2326.111943,1776407797000
1776407799.358,99.358,0.25,18.61,0.23,14.38,0.26,218.48,0.27,15.0,0.74,86.15,0.73,15.0,0.75,18.61,0.77,14.38,0.01,0.01,2326.048762,1776407798000
1776407799.677,99.677,0.23,14.38,0.2,28.0,0.26,235.48,0.27,15.0,0.74,218.48,0.73,15.0,0.75,18.61,0.77,14.38,0.03,0.01,2326.048762,1776407798000
1776407801.096,101.096,0.23,5.38,0.2,28.0,0.24,186.58,0.25,20.0,0.74,235.48,0.73,15.0,0.77,14.38,0.8,28.0,0.01,0.03,2326.006043,1776407800000
1776407804.281,104.281,0.23,15.38,0.22,5.0,0.24,134.58,0.25,20.0,0.76,186.58,0.75,20.0,0.77,5.38,0.8,28.0,0.01,0.01,2325.976753,1776407802000
1776407804.592,104.592,0.23,15.38,0.21,15.0,0.24,134.58,0.25,15.0,0.76,134.58,0.75,20.0,0.77,15.38,0.78,5.0,0.01,0.01,2325.951388,1776407803000
1776407806.35,106.35,0.19,10.0,0.18,23.0,0.24,159.99,0.25,15.0,0.76,134.58,0.75,15.0,0.77,15.38,0.79,15.0,0.05,0.01,2325.91822,1776407805000
1776407807.127,107.127,0.19,10.0,0.17,205.0,0.2,79.99,0.21,65.0,0.76,159.99,0.75,15.0,0.81,10.0,0.82,23.0,0.01,0.05,2325.91822,1776407805000
1776407808.432,108.432,0.17,95.0,0.16,15.0,0.18,14.99,0.19,15.0,0.8,79.99,0.79,65.0,0.83,185.0,0.84,5.0,0.01,0.03,2325.953902,1776407806000
1776407809.586,109.586,0.17,260.0,0.16,15.0,0.18,58.89,0.19,5.0,0.82,14.99,0.81,15.0,0.83,95.0,0.84,15.0,0.01,0.01,2325.873897,1776407808000
1776407812.804,112.804,0.17,233.79,0.16,15.0,0.18,73.89,0.19,15.0,0.82,58.89,0.81,5.0,0.83,260.0,0.84,15.0,0.01,0.01,2325.804485,1776407811000
1776407814.247,114.247,0.17,273.79,0.16,15.0,0.18,57.89,0.19,15.0,0.82,73.89,0.81,15.0,0.83,233.79,0.84,15.0,0.01,0.01,2325.800498,1776407812000
1776407815.122,115.122,0.17,199.0,0.14,12.14,0.18,118.66,0.19,20.0,0.82,56.66,0.81,15.0,0.83,273.79,0.84,15.0,0.01,0.01,2325.788572,1776407814000
1776407815.325,115.325,0.17,39.0,0.14,12.14,0.18,245.04,0.19,28.0,0.82,247.65,0.81,46.0,0.83,89.0,0.86,12.14,0.01,0.01,2325.788572,1776407814000
1776407815.568,115.568,0.17,24.29,0.14,12.14,0.18,262.65,0.19,41.0,0.82,273.04,0.81,28.0,0.83,29.36,0.86,12.14,0.01,0.01,2325.788572,1776407814000
1776407818.544,118.544,0.14,2.8,0.13,10.0,0.15,150.59,0.16,134.0,0.82,222.65,0.81,41.0,0.83,2.62,0.86,12.14,0.01,0.01,2325.598263,1776407817000
1776407819.267,119.267,0.13,4.25,0.08,10.0,0.14,64.6,0.15,217.64,0.85,150.59,0.84,134.0,0.86,2.8,0.87,10.0,0.01,0.01,2325.368937,1776407818000
1776407821.159,121.159,0.1,10.0,0.09,10.0,0.14,98.46,0.15,231.85,0.86,64.6,0.85,217.64,0.87,4.25,0.92,10.0,0.04,0.01,2325.447267,1776407819000
1776407821.579,121.579,0.11,10.0,0.1,10.0,0.15,0.73,0.16,15.0,0.86,98.46,0.85,231.85,0.9,10.0,0.91,10.0,0.04,0.04,2325.447267,1776407819000
1776407822.21,122.21,0.12,10.0,0.11,10.0,0.13,74.47,0.14,15.0,0.85,0.73,0.84,20.0,0.89,38.0,0.9,10.0,0.01,0.04,2325.466612,1776407820000
1776407823.494,123.494,0.12,28.0,0.11,10.0,0.13,199.41,0.14,15.0,0.87,74.47,0.86,15.0,0.88,10.0,0.89,10.0,0.01,0.01,2325.386957,1776407821000
1776407824.624,124.624,0.12,44.31,0.11,15.0,0.13,183.41,0.14,5.0,0.87,199.41,0.86,15.0,0.88,27.31,0.89,10.0,0.01,0.01,2325.529495,1776407823000
1776407824.903,124.903,0.12,38.31,0.11,15.0,0.13,178.41,0.14,5.0,0.87,183.41,0.86,5.0,0.88,44.31,0.89,15.0,0.01,0.01,2325.529495,1776407823000
1776407825.15,125.15,0.12,27.62,0.11,15.0,0.13,188.41,0.14,5.0,0.87,178.41,0.86,5.0,0.88,38.31,0.89,15.0,0.01,0.01,2325.529495,1776407823000
1776407826.246,126.246,0.12,32.62,0.11,15.0,0.13,177.41,0.14,5.0,0.87,188.41,0.86,5.0,0.88,27.62,0.89,15.0,0.01,0.01,2325.44839,1776407825000
1776407829.602,129.602,0.12,50.0,0.11,65.0,0.13,154.64,0.15,11.29,0.87,177.41,0.86,5.0,0.88,32.62,0.89,15.0,0.01,0.01,2325.499548,1776407828000
1776407829.804,129.804,0.12,50.0,0.11,65.0,0.13,93.64,0.15,16.29,0.87,143.64,0.85,11.29,0.88,50.0,0.89,65.0,0.01,0.01,2325.499548,1776407828000
1776407831.56,131.56,0.14,35.57,0.13,15.0,0.15,128.94,0.16,5.0,0.87,45.64,0.85,16.29,0.88,50.0,0.89,65.0,0.01,0.01,2325.53605,1776407830000
1776407832.117,132.117,0.14,54.57,0.13,15.0,0.16,122.57,0.17,5.0,0.85,128.94,0.84,5.0,0.86,35.57,0.87,15.0,0.02,0.01,2325.53605,1776407830000
1776407833.135,133.135,0.15,85.21,0.14,9.36,0.16,119.05,0.17,5.0,0.84,122.57,0.83,5.0,0.86,54.57,0.87,15.0,0.01,0.02,2325.733,1776407831000
1776407835.585,135.585,0.15,38.21,0.14,9.36,0.16,49.11,0.17,15.0,0.84,119.05,0.83,5.0,0.85,80.21,0.86,4.36,0.01,0.01,2325.736955,1776407834000
1776407836.68,136.68,0.15,28.21,0.13,10.0,0.16,168.16,0.17,15.0,0.84,49.11,0.83,15.0,0.85,38.21,0.86,9.36,0.01,0.01,2325.739781,1776407835000
1776407837.811,137.811,0.12,200.0,0.09,5.0,0.16,346.35,0.17,15.0,0.84,168.16,0.83,15.0,0.85,28.21,0.87,10.0,0.04,0.01,2325.733099,1776407836000
1776407840.37,140.37,0.13,29.12,0.12,190.66,0.14,166.66,0.15,25.0,0.86,10.0,0.84,310.35,0.88,190.66,0.92,15.0,0.01,0.02,2325.562538,1776407838000
1776407843.036,143.036,0.13,22.89,0.12,190.66,0.14,170.66,0.15,50.81,0.86,166.66,0.85,25.0,0.87,29.12,0.88,190.66,0.01,0.01,2325.406287,1776407841000
1776407845.088,145.088,0.13,15.89,0.12,200.66,0.14,57.47,0.15,5.0,0.86,160.66,0.85,50.81,0.87,5.89,0.88,190.66,0.01,0.01,2325.378481,1776407843000
1776407845.3,145.3,0.13,5.89,0.12,190.66,0.14,37.47,0.15,15.0,0.86,47.47,0.85,15.0,0.87,15.89,0.88,200.66,0.01,0.01,2325.378481,1776407843000
1776407847.853,147.853,0.12,163.48,0.09,5.0,0.14,181.52,0.15,99.58,0.86,14.47,0.85,15.0,0.87,5.89,0.88,190.66,0.02,0.01,2325.514398,1776407846000
1776407848.359,148.359,0.12,136.48,0.07,6.0,0.13,218.19,0.14,184.14,0.86,181.52,0.85,99.58,0.88,163.48,0.91,5.0,0.01,0.02,2325.434671,1776407847000
1776407848.615,148.615,0.12,14.14,0.07,6.0,0.13,295.56,0.14,191.75,0.87,285.56,0.86,191.75,0.88,44.14,0.93,6.0,0.01,0.01,2325.434671,1776407847000
1776407850.079,150.079,0.07,6.0,0.06,67.0,0.08,92.66,0.09,21.0,0.87,302.56,0.86,191.75,0.93,6.0,0.94,57.0,0.01,0.06,2325.424596,1776407848000
1776407851.688,151.688,0.07,0.73,0.06,65.0,0.08,128.66,0.09,174.89,0.92,92.66,0.91,21.0,0.93,6.0,0.94,67.0,0.01,0.01,2325.288453,1776407850000
1776407852.217,152.217,0.06,62.62,0.05,135.0,0.08,87.66,0.09,181.89,0.92,128.66,0.91,174.89,0.93,0.73,0.94,65.0,0.02,0.01,2325.288453,1776407850000
1776407852.96,152.96,0.06,86.21,0.05,135.0,0.07,124.66,0.08,176.9,0.92,75.19,0.91,181.89,0.94,53.28,0.95,135.0,0.01,0.02,2325.243022,1776407851000
1776407855.377,155.377,0.06,46.62,0.05,35.0,0.07,156.47,0.08,153.0,0.93,124.66,0.92,176.9,0.94,61.94,0.95,135.0,0.01,0.01,2325.040361,1776407853000
1776407857.561,157.561,0.06,41.62,0.05,35.0,0.09,2.49,0.1,69.99,0.93,156.47,0.92,153.0,0.94,46.62,0.95,35.0,0.03,0.01,2325.061941,1776407855000
1776407858.881,158.881,0.07,10.0,0.06,41.62,0.08,68.15,0.09,12.49,0.91,2.49,0.9,69.99,0.94,41.62,0.95,35.0,0.01,0.03,2325.069402,1776407857000
1776407859.259,159.259,0.07,2.47,0.06,41.62,0.08,68.15,0.09,12.49,0.92,68.15,0.91,12.49,0.93,10.0,0.94,41.62,0.01,0.01,2325.069402,1776407857000
1776407860.05,160.05,0.06,39.09,0.05,101.0,0.08,68.15,0.09,12.49,0.92,68.15,0.91,12.49,0.93,2.47,0.94,41.62,0.02,0.01,2325.13318,1776407858000
1776407860.608,160.608,0.06,24.09,0.05,101.0,0.07,5.0,0.08,55.65,0.92,68.15,0.91,12.49,0.94,39.09,0.95,101.0,0.01,0.02,2325.06448,1776407859000
1776407862.488,162.488,0.05,101.0,0.04,60.0,0.06,65.38,0.07,35.0,0.93,5.0,0.92,55.65,0.94,24.09,0.95,101.0,0.01,0.01,2325.11906,1776407861000
1776407862.813,162.813,0.05,27.9,0.04,60.0,0.06,83.38,0.07,10.0,0.94,65.38,0.93,40.0,0.95,95.0,0.96,60.0,0.01,0.01,2325.11906,1776407861000
1776407863.805,163.805,0.05,19.8,0.04,53.0,0.06,208.38,0.07,135.0,0.94,83.38,0.93,10.0,0.95,27.9,0.96,60.0,0.01,0.01,2325.128547,1776407862000
1776407869.206,169.206,0.05,24.8,0.04,53.0,0.06,150.38,0.07,135.0,0.94,208.38,0.93,135.0,0.95,19.8,0.96,53.0,0.01,0.01,2325.075402,1776407867000
1776407870.871,170.871,0.05,13.8,0.04,53.0,0.06,279.0,0.07,135.0,0.94,150.38,0.93,135.0,0.95,24.8,0.96,53.0,0.01,0.01,2325.039505,1776407869000
1776407872.215,172.215,0.05,8.53,0.04,53.0,0.06,279.0,0.07,135.0,0.94,279.0,0.93,135.0,0.95,13.8,0.96,53.0,0.01,0.01,2325.128287,1776407871000
1776407875.859,175.859,0.05,6.42,0.04,53.0,0.06,284.0,0.07,110.0,0.94,279.0,0.93,135.0,0.95,8.53,0.96,53.0,0.01,0.01,2325.100648,1776407874000
1776407877.153,177.153,0.05,6.42,0.04,53.0,0.06,142.33,0.07,10.0,0.94,284.0,0.93,110.0,0.95,6.42,0.96,53.0,0.01,0.01,2325.057139,1776407876000
1776407879.235,179.235,0.05,1.42,0.04,53.0,0.06,108.99,0.07,32.0,0.94,142.33,0.93,10.0,0.95,6.42,0.96,53.0,0.01,0.01,2325.045567,1776407878000
1776407880.502,180.502,0.04,82.34,0.03,1123.0,0.06,138.99,0.07,32.0,0.94,108.99,0.93,32.0,0.95,1.42,0.96,53.0,0.02,0.01,2325.047569,1776407879000
1776407881.283,181.283,0.04,42.34,0.03,1123.0,0.05,30.0,0.06,113.99,0.94,138.99,0.93,32.0,0.96,82.34,0.97,1123.0,0.01,0.02,2325.126669,1776407880000
1776407882.426,182.426,0.04,23.92,0.03,1123.0,0.05,52.19,0.06,175.69,0.95,35.0,0.94,113.99,0.96,34.34,0.97,1123.0,0.01,0.01,2325.129633,1776407881000
1776407884.092,184.092,0.04,23.92,0.03,1116.0,0.06,150.69,0.07,10.0,0.95,52.19,0.94,175.69,0.96,23.92,0.97,1123.0,0.02,0.01,2325.126469,1776407882000
1776407886.472,186.472,0.05,30.0,0.04,23.92,0.06,22.31,0.08,30.0,0.94,150.69,0.93,10.0,0.96,23.92,0.97,1116.0,0.01,0.02,2325.265801,1776407885000
1776407887.147,187.147,0.05,103.0,0.04,29.92,0.06,76.99,0.07,10.0,0.94,22.31,0.92,30.0,0.95,30.0,0.96,23.92,0.01,0.01,2325.247212,1776407886000
1776407888.293,188.293,0.05,113.0,0.04,18.92,0.06,54.99,0.07,117.53,0.94,76.99,0.93,10.0,0.95,103.0,0.96,29.92,0.01,0.01,2325.228058,1776407887000
1776407889.29,189.29,0.05,101.94,0.04,23.92,0.06,54.99,0.07,117.53,0.94,54.99,0.93,117.53,0.95,113.0,0.96,18.92,0.01,0.01,2325.36479,1776407888000
1776407891.685,191.685,0.05,13.0,0.04,18.92,0.06,49.99,0.07,117.53,0.94,54.99,0.93,117.53,0.95,101.94,0.96,23.92,0.01,0.01,2325.370405,1776407890000
1776407891.917,191.917,0.05,7.73,0.04,18.92,0.06,59.99,0.07,117.53,0.94,49.99,0.93,117.53,0.95,13.0,0.96,18.92,0.01,0.01,2325.370405,1776407890000
1776407893.525,193.525,0.05,17.91,0.04,18.92,0.06,59.99,0.07,10.0,0.94,59.99,0.93,117.53,0.95,7.73,0.96,18.92,0.01,0.01,2325.368412,1776407892000
1776407899.431,199.431,0.04,16.85,0.03,1116.0,0.05,120.26,0.06,15.31,0.94,59.99,0.93,10.0,0.95,17.91,0.96,18.92,0.01,0.01,2325.415345,1776407898000
1776407900.229,200.229,0.04,21.85,0.03,1116.0,0.05,122.45,0.06,15.31,0.95,120.26,0.94,15.31,0.96,16.85,0.97,1116.0,0.01,0.01,2325.415345,1776407898000
1776407901.561,201.561,0.04,14.8,0.03,1121.0,0.05,42.19,0.06,15.31,0.95,122.45,0.94,15.31,0.96,21.85,0.97,1116.0,0.01,0.01,2325.406713,1776407900000
1776407903.205,203.205,0.04,4.8,0.03,1106.0,0.05,98.4,0.06,15.31,0.95,42.19,0.94,15.31,0.96,14.8,0.97,1121.0,0.01,0.01,2325.344346,1776407901000
1776407909.676,209.676,0.04,2.73,0.03,806.0,0.05,108.4,0.06,151.38,0.95,98.4,0.94,15.31,0.96,4.8,0.97,1106.0,0.01,0.01,2325.245137,1776407908000
1776407911.371,211.371,0.04,0.66,0.03,806.0,0.05,37.0,0.06,25.0,0.95,108.4,0.94,151.38,0.96,2.73,0.97,806.0,0.01,0.01,2325.276594,1776407910000
1776407924.055,224.055,0.04,5.66,0.03,616.0,0.05,84.21,0.06,146.37,0.95,37.0,0.94,25.0,0.96,0.66,0.97,806.0,0.01,0.01,2325.259273,1776407922000
1776407925.096,225.096,0.03,607.02,0.02,1407.0,0.05,201.47,0.06,32.0,0.95,84.21,0.94,146.37,0.96,5.66,0.97,616.0,0.02,0.01,2325.403005,1776407923000
1776407925.464,225.464,0.03,607.02,0.02,1407.0,0.04,7.52,0.05,189.47,0.95,201.47,0.94,32.0,0.97,607.02,0.98,1407.0,0.01,0.02,2325.380483,1776407924000
1776407926.35,226.35,0.03,633.89,0.02,1607.0,0.04,7.52,0.05,184.47,0.96,7.52,0.95,189.47,0.97,607.02,0.98,1407.0,0.01,0.01,2325.380446,1776407925000
1776407929.615,229.615,0.03,599.89,0.02,707.0,0.04,12.52,0.05,141.26,0.96,7.52,0.95,184.47,0.97,633.89,0.98,1607.0,0.01,0.01,2325.492081,1776407928000
1776407934.024,234.024,0.03,574.58,0.02,1602.0,0.04,44.71,0.05,141.26,0.96,12.52,0.95,141.26,0.97,599.89,0.98,707.0,0.01,0.01,2325.470594,1776407932000
1776407934.559,234.559,0.03,579.58,0.02,1602.0,0.04,31.95,0.05,141.26,0.96,44.71,0.95,141.26,0.97,574.58,0.98,1602.0,0.01,0.01,2325.394738,1776407933000
1776407936.331,236.331,0.03,569.58,0.02,702.0,0.04,167.94,0.05,181.64,0.96,31.95,0.95,141.26,0.97,579.58,0.98,1602.0,0.01,0.01,2325.292331,1776407935000
1776407937.471,237.471,0.03,574.58,0.02,1002.0,0.04,132.94,0.05,181.64,0.96,167.94,0.95,181.64,0.97,569.58,0.98,702.0,0.01,0.01,2325.286922,1776407936000
1776407940.704,240.704,0.03,572.51,0.02,1002.0,0.04,194.65,0.05,265.05,0.96,132.94,0.95,181.64,0.97,574.58,0.98,1002.0,0.01,0.01,2325.307182,1776407937000
1776407941.216,241.216,0.03,487.51,0.02,1002.0,0.04,184.65,0.05,265.05,0.96,194.65,0.95,265.05,0.97,572.51,0.98,1002.0,0.01,0.01,2325.307182,1776407937000
1776407941.866,241.866,0.03,484.8,0.02,1002.0,0.04,179.65,0.05,265.05,0.96,184.65,0.95,265.05,0.97,487.51,0.98,1002.0,0.01,0.01,2325.307182,1776407937000
1776407942.649,242.649,0.03,476.76,0.02,1002.0,0.04,172.7,0.05,275.31,0.96,174.65,0.95,265.05,0.97,474.8,0.98,1002.0,0.01,0.01,2325.307182,1776407937000
1776407942.932,242.932,0.03,464.44,0.02,1002.0,0.04,172.7,0.05,275.31,0.96,172.7,0.95,275.31,0.97,456.55,0.98,1002.0,0.01,0.01,2325.307182,1776407937000
1776407943.832,243.832,0.03,459.28,0.02,1002.0,0.04,186.69,0.05,257.44,0.96,172.7,0.95,275.31,0.97,464.44,0.98,1002.0,0.01,0.01,2325.307182,1776407937000
1776407946.185,246.185,0.03,429.22,0.02,702.0,0.04,291.78,0.05,262.44,0.96,196.69,0.95,267.44,0.97,426.29,0.98,1002.0,0.01,0.01,2325.071485,1776407944000
1776407946.573,246.573,0.03,387.3,0.02,702.0,0.04,245.79,0.05,208.67,0.96,291.78,0.95,262.44,0.97,429.22,0.98,702.0,0.01,0.01,2325.071485,1776407944000
1776407947.023,247.023,0.03,376.99,0.02,702.0,0.04,220.79,0.05,222.06,0.96,245.79,0.95,208.67,0.97,387.3,0.98,702.0,0.01,0.01,2325.071485,1776407944000
1776407952.296,252.296,0.03,371.69,0.02,702.0,0.04,147.7,0.05,241.05,0.96,220.79,0.95,222.06,0.97,376.99,0.98,702.0,0.01,0.01,2325.389572,1776407951000
1776407954.565,254.565,0.03,359.54,0.02,702.0,0.04,152.7,0.05,252.05,0.96,147.7,0.95,241.05,0.97,371.69,0.98,702.0,0.01,0.01,2325.333504,1776407953000
1776407955.703,255.703,0.03,361.95,0.02,702.0,0.04,165.69,0.05,308.24,0.96,152.7,0.95,252.05,0.97,359.54,0.98,702.0,0.01,0.01,2325.334455,1776407954000
1776407956.545,256.545,0.03,336.86,0.02,702.0,0.04,232.69,0.05,308.24,0.96,165.69,0.95,308.24,0.97,361.95,0.98,702.0,0.01,0.01,2325.334059,1776407955000
1776407956.844,256.844,0.03,286.88,0.02,702.0,0.04,242.69,0.05,308.24,0.96,232.69,0.95,308.24,0.97,336.86,0.98,702.0,0.01,0.01,2325.334059,1776407955000
1776407957.15,257.15,0.03,284.88,0.02,702.0,0.04,253.69,0.05,308.24,0.96,242.69,0.95,308.24,0.97,286.88,0.98,702.0,0.01,0.01,2325.334059,1776407956000
1776407958.509,258.509,0.03,282.81,0.02,702.0,0.04,288.69,0.05,361.9,0.96,253.69,0.95,308.24,0.97,284.88,0.98,702.0,0.01,0.01,2325.422043,1776407957000
1776407960.095,260.095,0.03,300.7,0.02,702.0,0.04,283.69,0.05,361.9,0.96,288.69,0.95,361.9,0.97,282.81,0.98,702.0,0.01,0.01,2325.3112,1776407958000
1776407964.415,264.415,0.03,299.66,0.02,702.0,0.04,283.69,0.05,287.55,0.96,283.69,0.95,361.9,0.97,300.7,0.98,702.0,0.01,0.01,2325.233479,1776407963000
1776407965.335,265.335,0.03,289.5,0.02,702.0,0.04,283.69,0.05,300.17,0.96,283.69,0.95,287.55,0.97,299.66,0.98,702.0,0.01,0.01,2325.233479,1776407963000
1776407965.575,265.575,0.03,284.24,0.02,702.0,0.04,277.69,0.05,300.17,0.96,283.69,0.95,300.17,0.97,289.34,0.98,702.0,0.01,0.01,2325.233479,1776407963000
1776407967.413,267.413,0.03,268.93,0.02,702.0,0.04,277.69,0.05,300.17,0.96,277.69,0.95,300.17,0.97,284.24,0.98,702.0,0.01,0.01,2325.303232,1776407966000
1776407968.908,268.908,0.03,268.77,0.02,702.0,0.04,277.69,0.05,288.93,0.96,277.69,0.95,300.17,0.97,268.93,0.98,702.0,0.01,0.01,2325.34195,1776407967000
1776407969.571,269.571,0.03,258.62,0.02,702.0,0.04,277.69,0.05,288.93,0.96,277.69,0.95,288.93,0.97,268.77,0.98,702.0,0.01,0.01,2325.32975,1776407968000
1776407971.35,271.35,0.03,240.35,0.02,652.0,0.04,287.69,0.05,298.63,0.96,277.69,0.95,288.93,0.97,258.62,0.98,702.0,0.01,0.01,2325.265448,1776407970000
1776407971.667,271.667,0.03,225.04,0.02,652.0,0.04,282.69,0.05,287.63,0.96,287.69,0.95,298.63,0.97,240.35,0.98,652.0,0.01,0.01,2325.265448,1776407970000
1776407971.936,271.936,0.03,219.88,0.02,652.0,0.04,402.25,0.05,233.06,0.96,282.69,0.95,287.63,0.97,225.04,0.98,652.0,0.01,0.01,2325.265448,1776407970000
1776407972.873,272.873,0.03,216.81,0.02,652.0,0.04,445.25,0.05,233.06,0.96,402.25,0.95,233.06,0.97,219.88,0.98,652.0,0.01,0.01,2325.261987,1776407971000
1776407973.28,273.28,0.03,202.81,0.02,652.0,0.04,440.25,0.05,233.06,0.96,445.25,0.95,233.06,0.97,216.81,0.98,652.0,0.01,0.01,2325.261987,1776407971000
1776407974.393,274.393,0.03,192.81,0.02,652.0,0.04,440.25,0.05,233.06,0.96,440.25,0.95,233.06,0.97,202.81,0.98,652.0,0.01,0.01,2325.299014,1776407973000
1776407974.756,274.756,0.03,140.01,0.02,652.0,0.04,445.25,0.05,233.06,0.96,445.25,0.95,233.06,0.97,148.11,0.98,652.0,0.01,0.01,2325.299014,1776407973000
1776407977.704,277.704,0.03,150.83,0.02,652.0,0.04,45.61,0.05,179.26,0.96,435.25,0.95,233.06,0.97,140.01,0.98,652.0,0.01,0.01,2325.246684,1776407976000
1776407977.921,277.921,0.03,145.83,0.02,652.0,0.04,1.0,0.05,59.61,0.96,45.61,0.95,179.26,0.97,150.83,0.98,652.0,0.01,0.01,2325.246684,1776407976000
1776407978.124,278.124,0.03,174.83,0.02,652.0,0.04,35.76,0.05,22.61,0.96,65.76,0.95,22.61,0.97,174.83,0.98,652.0,0.01,0.01,2325.259529,1776407977000
1776407978.564,278.564,0.04,161.04,0.03,151.79,0.06,47.99,0.07,124.99,0.94,35.54,0.93,113.0,0.96,168.0,0.97,151.79,0.02,0.02,2325.259529,1776407977000
1776407978.858,278.858,0.04,66.04,0.03,117.79,0.07,89.12,0.08,101.0,0.94,47.99,0.93,124.99,0.96,161.04,0.97,151.79,0.03,0.02,2325.259529,1776407977000
1776407979.504,279.504,0.05,27.99,0.04,43.0,0.06,44.38,0.07,99.12,0.93,89.12,0.92,101.0,0.96,66.04,0.97,117.79,0.01,0.03,2325.569333,1776407978000
1776407979.8,279.8,0.04,40.99,0.03,117.79,0.06,22.38,0.07,99.12,0.94,44.38,0.93,99.12,0.96,35.99,0.97,117.79,0.02,0.02,2325.569333,1776407978000
1776407980.087,280.087,0.05,10.0,0.04,35.99,0.07,99.12,0.08,101.0,0.94,22.38,0.93,99.12,0.95,10.78,0.96,35.99,0.02,0.01,2325.569333,1776407978000
1776407980.43,280.43,0.05,9.8,0.04,35.99,0.06,16.38,0.07,94.12,0.93,99.12,0.92,101.0,0.95,10.0,0.96,35.99,0.01,0.02,2326.040122,1776407979000
1776407980.762,280.762,0.05,3.74,0.04,35.99,0.06,50.38,0.07,94.12,0.94,16.38,0.93,94.12,0.95,9.8,0.96,35.99,0.01,0.01,2326.040122,1776407979000
1776407982.233,282.233,0.05,3.74,0.04,35.99,0.06,29.32,0.07,103.13,0.94,12.04,0.93,94.12,0.95,3.74,0.96,35.99,0.01,0.01,2326.04,1776407981000
1776407982.732,282.732,0.05,203.74,0.04,35.99,0.06,11.32,0.07,103.13,0.94,29.32,0.93,103.13,0.95,3.74,0.96,35.99,0.01,0.01,2326.04,1776407981000
1776407983.11,283.11,0.05,203.74,0.04,35.99,0.06,168.77,0.07,103.13,0.94,11.32,0.93,103.13,0.95,203.74,0.96,35.99,0.01,0.01,2326.04,1776407981000
1776407983.668,283.668,0.05,203.74,0.04,35.99,0.06,204.78,0.07,103.13,0.94,168.77,0.93,103.13,0.95,203.74,0.96,35.99,0.01,0.01,2326.04,1776407981000
1776407983.934,283.934,0.05,199.18,0.04,35.99,0.06,204.78,0.07,103.13,0.94,199.78,0.93,103.13,0.95,202.34,0.96,35.99,0.01,0.01,2326.04,1776407981000
1776407984.316,284.316,0.05,154.07,0.04,35.99,0.06,221.78,0.07,103.13,0.94,199.78,0.93,103.13,0.95,164.59,0.96,35.99,0.01,0.01,2326.182638,1776407982000
1776407984.587,284.587,0.05,144.38,0.04,35.99,0.06,326.84,0.07,72.13,0.94,221.78,0.93,103.13,0.95,154.07,0.96,35.99,0.01,0.01,2326.182638,1776407982000
1776407984.85,284.85,0.04,34.84,0.03,117.79,0.05,125.12,0.06,66.0,0.94,326.84,0.93,72.13,0.95,50.38,0.96,35.99,0.01,0.01,2326.082842,1776407983000
1776407985.106,285.106,0.04,33.38,0.03,117.79,0.05,151.12,0.06,41.0,0.95,125.12,0.94,66.0,0.96,34.84,0.97,117.79,0.01,0.01,2326.082842,1776407983000
1776407985.369,285.369,0.04,30.17,0.03,117.79,0.05,156.12,0.06,41.0,0.95,151.12,0.94,41.0,0.96,32.23,0.97,117.79,0.01,0.01,2326.082842,1776407983000
1776407985.98,285.98,0.04,30.17,0.03,117.79,0.05,242.25,0.06,31.0,0.95,156.12,0.94,41.0,0.96,30.17,0.97,117.79,0.01,0.01,2326.082842,1776407984000
1776407988.18,288.18,0.04,29.12,0.03,117.79,0.05,257.25,0.06,31.0,0.95,242.25,0.94,31.0,0.96,30.17,0.97,117.79,0.01,0.01,2325.968612,1776407987000
1776407988.523,288.523,0.04,26.01,0.03,117.79,0.05,247.25,0.06,31.0,0.95,257.25,0.94,31.0,0.96,29.12,0.97,117.79,0.01,0.01,2325.968612,1776407987000
1776407989.55,289.55,0.04,24.94,0.03,117.79,0.05,166.24,0.06,81.0,0.95,247.25,0.94,31.0,0.96,26.01,0.97,117.79,0.01,0.01,2325.938909,1776407988000
1776407990.084,290.084,0.04,15.03,0.03,117.79,0.05,271.5,0.06,81.0,0.95,166.24,0.94,81.0,0.96,18.68,0.97,117.79,0.01,0.01,2325.938909,1776407988000
1776407990.366,290.366,0.03,112.66,0.02,602.0,0.05,246.5,0.06,81.0,0.95,271.5,0.94,81.0,0.96,15.03,0.97,117.79,0.02,0.01,2325.964544,1776407989000
1776407991.016,291.016,0.03,107.55,0.02,602.0,0.04,191.78,0.05,47.0,0.95,246.5,0.94,81.0,0.97,112.66,0.98,602.0,0.01,0.02,2325.964544,1776407989000
1776407991.507,291.507,0.03,107.55,0.02,602.0,0.04,191.15,0.05,42.0,0.96,191.78,0.95,47.0,0.97,107.55,0.98,602.0,0.01,0.01,2325.964544,1776407990000
1776407992.545,292.545,0.03,97.34,0.02,602.0,0.04,66.15,0.05,42.0,0.96,61.15,0.95,42.0,0.97,107.55,0.98,602.0,0.01,0.01,2325.946612,1776407991000
1776407993.583,293.583,0.03,89.34,0.02,602.0,0.04,87.99,0.05,42.0,0.96,66.15,0.95,42.0,0.97,97.34,0.98,602.0,0.01,0.01,2326.074722,1776407992000
1776407993.811,293.811,0.03,89.34,0.02,602.0,0.04,62.99,0.05,42.0,0.96,82.99,0.95,42.0,0.97,84.34,0.98,602.0,0.01,0.01,2326.074722,1776407992000
1776407994.539,294.539,0.03,75.9,0.02,602.0,0.04,57.99,0.05,42.0,0.96,62.99,0.95,42.0,0.97,84.18,0.98,602.0,0.01,0.01,2326.074722,1776407992000
1776407995.186,295.186,0.06,114.0,0.05,10.0,0.07,87.53,0.28,30.0,0.96,57.99,0.95,42.0,0.97,75.9,0.98,602.0,0.01,0.01,2325.939443,1776407993000
1776407995.396,295.396,0.41,18.67,0.36,42.18,0.44,15.17,0.48,11.0,0.56,15.17,0.52,11.0,0.59,23.72,0.64,42.18,0.03,0.03,2325.943382,1776407994000
1776407995.628,295.628,0.81,5.0,0.8,5.0,0.85,7.0,0.86,60.0,0.15,7.0,0.14,50.0,0.24,45.0,0.27,10.0,0.04,0.09,2325.943382,1776407994000
1776407995.847,295.847,0.66,8.1,0.65,10.0,0.78,7.0,0.79,10.0,0.22,7.0,0.2,10.0,0.25,14.32,0.32,10.0,0.12,0.03,2325.943382,1776407994000
1776407996.303,296.303,0.65,30.0,0.61,5.68,0.71,36.05,0.73,5.0,0.29,36.05,0.27,70.0,0.33,55.93,0.34,8.1,0.06,0.04,2325.943382,1776407994000
1776407996.51,296.51,0.45,8.88,0.41,18.67,0.54,19.29,0.7,24.0,0.46,21.33,0.3,24.0,0.55,8.88,0.59,18.67,0.09,0.09,2325.943382,1776407994000
1776407996.73,296.73,0.4,140.96,0.35,30.0,0.51,29.74,0.7,17.99,0.49,29.74,0.3,17.99,0.55,8.88,0.59,18.67,0.11,0.06,2325.943382,1776407994000
1776407996.935,296.935,0.25,66.45,0.21,64.0,0.44,48.47,0.52,70.0,0.29,86.65,0.24,260.0,0.75,36.45,0.79,64.0,0.19,0.46,2325.943382,1776407994000
1776407997.152,297.152,0.41,24.0,0.4,70.0,0.54,12.92,0.56,50.0,0.46,17.0,0.44,50.0,0.59,24.0,0.6,70.0,0.13,0.13,2326.021952,1776407995000
1776407997.391,297.391,0.41,45.0,0.31,50.0,0.58,10.0,0.68,5.58,0.32,5.58,0.29,68.65,0.59,45.0,0.64,20.0,0.17,0.27,2326.021952,1776407995000
1776407997.655,297.655,0.61,8.22,0.6,70.0,0.69,7.86,0.71,67.43,0.31,7.86,0.29,67.43,0.39,10.79,0.4,70.0,0.08,0.08,2327.013955,1776407996000
1776407997.895,297.895,0.6,66.19,0.59,70.0,0.73,8.42,0.74,70.0,0.29,16.13,0.28,10.0,0.4,66.19,0.41,70.0,0.13,0.11,2327.013955,1776407996000
1776407998.139,298.139,0.72,47.61,0.68,70.0,0.76,44.41,0.77,10.0,0.24,44.41,0.23,10.0,0.4,25.0,0.44,50.0,0.04,0.16,2327.013955,1776407996000
1776407998.372,298.372,0.66,38.82,0.64,15.0,0.67,73.98,0.71,50.0,0.33,76.0,0.29,50.0,0.34,38.82,0.36,15.0,0.01,0.01,2327.011584,1776407997000
1776407998.588,298.588,0.25,16.45,0.19,10.0,0.56,32.19,0.6,12.5,0.44,32.19,0.35,30.0,0.5,10.0,0.59,10.01,0.31,0.06,2327.011584,1776407997000
1776407998.915,298.915,0.17,2.84,0.15,10.0,0.2,56.44,0.33,30.0,0.52,3.11,0.51,9.8,0.83,2.84,0.85,10.0,0.03,0.31,2327.011584,1776407997000
1776407999.142,299.142,0.14,232.84,0.1,50.0,0.26,10.0,0.27,10.0,0.48,10.0,0.47,10.0,0.82,5.27,0.86,232.84,0.12,0.34,2327.011584,1776407997000
1776407999.441,299.441,0.14,232.84,0.1,50.0,0.25,9.64,0.26,10.0,0.78,1.81,0.76,10.0,0.86,232.84,0.9,50.0,0.11,0.08,2327.011584,1776407997000
1776407999.65,299.65,0.14,232.84,0.1,50.0,0.36,9.41,0.37,10.0,0.65,0.03,0.64,10.0,0.86,232.84,0.9,50.0,0.22,0.21,2327.000404,1776407998000
1776408000.069,300.069,0.14,234.51,0.1,50.0,0.37,3.91,0.38,10.0,0.64,9.41,0.63,10.0,0.86,234.51,0.9,50.0,0.23,0.22,2327.000404,1776407998000
1776408000.404,300.404,0.1,45.0,0.07,77.84,0.14,5.54,0.55,15.93,0.63,3.91,0.62,10.0,0.86,234.51,0.9,50.0,0.04,0.23,2326.98853,1776407999000
1776408000.657,300.657,0.1,33.89,0.07,77.84,0.14,0.41,0.55,15.93,0.86,5.54,0.45,15.93,0.9,33.89,0.93,77.84,0.04,0.04,2326.98853,1776407999000
1776408000.858,300.858,0.1,16.78,0.07,77.84,0.56,11.45,0.57,8.31,0.45,9.84,0.43,10.0,0.9,16.78,0.93,77.84,0.46,0.45,2326.98853,1776407999000
