timestamp,elapsed_sec,up_bid_p1,up_bid_s1,up_bid_p2,up_bid_s2,up_bid_p3,up_bid_s3,up_bid_p4,up_bid_s4,up_bid_p5,up_bid_s5,up_ask_p1,up_ask_s1,up_ask_p2,up_ask_s2,up_ask_p3,up_ask_s3,up_ask_p4,up_ask_s4,up_ask_p5,up_ask_s5,down_bid_p1,down_bid_s1,down_bid_p2,down_bid_s2,down_bid_p3,down_bid_s3,down_bid_p4,down_bid_s4,down_bid_p5,down_bid_s5,down_ask_p1,down_ask_s1,down_ask_p2,down_ask_s2,down_ask_p3,down_ask_s3,down_ask_p4,down_ask_s4,down_ask_p5,down_ask_s5,up_spread,down_spread,eth_price,eth_oracle_ts
1776163801.512,1.512,,,,,,,,,,,,,,,,,,,,,,,,,,,,,,,,,,,,,,,,,,,2375.4524,1776163800000
1776163802.107,2.107,0.56,5.0,0.55,3.36,0.53,287.22,0.52,134.89,0.51,158.0,0.57,310.38,0.58,97.0,0.67,300.0,0.69,375.0,0.73,450.0,0.43,265.3,0.42,168.73,0.41,5.0,0.4,26.0,0.39,26.0,0.44,5.0,0.45,3.36,0.47,287.22,0.48,134.89,0.49,158.0,0.01,0.01,2375.4524,1776163800000
1776163802.702,2.702,0.56,9.64,0.55,3.36,0.53,287.22,0.52,134.89,0.51,167.8,0.57,263.45,0.58,168.73,0.59,5.0,0.6,26.0,0.61,26.0,0.43,263.54,0.42,168.73,0.41,5.0,0.4,26.0,0.39,26.0,0.44,2.5,0.45,3.36,0.47,287.22,0.48,134.89,0.49,158.0,0.01,0.01,2375.366914,1776163801000
1776163803.425,3.425,0.56,19.09,0.55,3.36,0.53,287.22,0.52,134.89,0.51,167.8,0.57,269.08,0.58,183.73,0.59,15.0,0.6,66.0,0.61,36.0,0.43,253.45,0.42,173.73,0.41,5.0,0.4,26.0,0.39,26.0,0.44,7.09,0.45,3.36,0.47,287.22,0.48,134.89,0.49,167.8,0.01,0.01,2375.366914,1776163801000
1776163803.797,3.797,0.56,14.0,0.55,3.36,0.53,287.22,0.52,134.89,0.51,167.8,0.57,269.08,0.58,183.73,0.59,15.0,0.6,72.0,0.61,86.0,0.43,269.08,0.42,183.73,0.41,15.0,0.4,66.0,0.39,36.0,0.44,19.09,0.45,3.36,0.47,287.22,0.48,134.89,0.49,167.8,0.01,0.01,2375.354978,1776163802000
1776163804.243,4.243,0.55,3.36,0.53,287.22,0.52,134.89,0.51,167.8,0.5,23.0,0.56,46.0,0.57,269.08,0.58,183.73,0.59,15.0,0.6,72.0,0.44,46.0,0.43,269.08,0.42,183.73,0.41,15.0,0.4,72.0,0.45,3.36,0.47,287.22,0.48,134.89,0.49,167.8,0.5,23.0,0.01,0.01,2375.34274,1776163803000
1776163804.449,4.449,0.53,287.22,0.52,145.1,0.51,167.8,0.5,23.0,0.48,27.0,0.56,214.0,0.57,91.08,0.58,151.73,0.59,15.0,0.6,72.0,0.44,214.0,0.43,91.08,0.42,151.73,0.41,15.0,0.4,72.0,0.45,3.36,0.47,287.22,0.48,145.1,0.49,167.8,0.5,23.0,0.03,0.01,2375.34274,1776163803000
1776163804.89,4.89,0.53,297.22,0.52,150.1,0.51,167.8,0.5,23.0,0.48,27.0,0.54,110.0,0.55,41.0,0.56,61.0,0.57,65.08,0.58,151.73,0.44,214.0,0.43,91.08,0.42,151.73,0.41,15.0,0.4,72.0,0.47,287.22,0.48,145.1,0.49,167.8,0.5,23.0,0.52,27.0,0.01,0.03,2375.34274,1776163803000
1776163805.641,5.641,0.53,297.22,0.52,150.1,0.51,167.8,0.5,23.0,0.48,32.0,0.54,102.6,0.55,110.89,0.56,66.0,0.57,65.08,0.58,85.0,0.46,110.0,0.45,41.0,0.44,61.0,0.43,65.08,0.42,151.73,0.47,297.22,0.48,150.1,0.49,167.8,0.5,23.0,0.52,27.0,0.01,0.01,2375.34274,1776163803000
1776163806.478,6.478,0.53,292.22,0.52,150.1,0.51,167.8,0.5,23.0,0.48,32.0,0.54,100.2,0.55,110.89,0.56,66.0,0.57,65.08,0.58,106.0,0.46,102.6,0.45,110.89,0.44,66.0,0.43,65.08,0.42,85.0,0.47,297.22,0.48,150.1,0.49,167.8,0.5,23.0,0.52,32.0,0.01,0.01,2375.32614,1776163804000
1776163806.958,6.958,0.53,293.6,0.52,150.1,0.51,167.8,0.5,23.0,0.48,42.0,0.54,105.2,0.55,110.89,0.56,66.0,0.57,65.08,0.58,106.0,0.46,100.2,0.45,110.89,0.44,66.0,0.43,65.08,0.42,106.0,0.47,292.22,0.48,150.1,0.49,167.8,0.5,23.0,0.52,32.0,0.01,0.01,2375.326935,1776163805000
1776163807.208,7.208,0.53,293.6,0.52,150.1,0.51,167.8,0.5,23.0,0.48,42.0,0.54,105.2,0.55,110.89,0.56,66.0,0.57,65.08,0.58,106.0,0.46,105.2,0.45,110.89,0.44,66.0,0.43,65.08,0.42,106.0,0.47,293.6,0.48,150.1,0.49,167.8,0.5,23.0,0.52,42.0,0.01,0.01,2375.32608,1776163806000
1776163808.361,8.361,0.53,293.6,0.52,150.1,0.51,167.8,0.5,23.0,0.48,42.0,0.54,102.73,0.55,110.89,0.56,66.0,0.57,65.08,0.58,106.0,0.46,102.73,0.45,110.89,0.44,66.0,0.43,65.08,0.42,106.0,0.47,293.6,0.48,150.1,0.49,167.8,0.5,23.0,0.52,42.0,0.01,0.01,2375.330465,1776163807000
1776163809.193,9.193,0.53,212.32,0.52,150.1,0.51,167.8,0.5,28.0,0.48,39.0,0.54,100.4,0.55,78.07,0.56,61.0,0.57,60.08,0.58,106.0,0.46,102.73,0.45,110.89,0.44,66.0,0.43,65.08,0.42,106.0,0.47,293.6,0.48,150.1,0.49,167.8,0.5,23.0,0.52,42.0,0.01,0.01,2375.330465,1776163807000
1776163809.792,9.792,0.53,217.32,0.52,150.1,0.51,167.8,0.5,28.0,0.48,39.0,0.54,85.4,0.55,51.0,0.56,61.0,0.57,50.08,0.58,106.0,0.46,100.4,0.45,78.07,0.44,61.0,0.43,60.08,0.42,106.0,0.47,212.32,0.48,150.1,0.49,167.8,0.5,28.0,0.52,39.0,0.01,0.01,2375.330465,1776163807000
1776163810.042,10.042,0.53,217.32,0.52,150.1,0.51,167.8,0.5,28.0,0.48,39.0,0.54,85.4,0.55,51.0,0.56,61.0,0.57,50.08,0.58,106.0,0.46,85.4,0.45,51.0,0.44,61.0,0.43,50.08,0.42,106.0,0.47,217.32,0.48,150.1,0.49,167.8,0.5,28.0,0.52,39.0,0.01,0.01,2375.336682,1776163809000
1776163810.431,10.431,0.53,192.32,0.52,150.1,0.51,167.8,0.5,28.0,0.48,29.0,0.54,120.99,0.55,61.0,0.56,61.0,0.57,50.08,0.58,106.0,0.46,85.4,0.45,51.0,0.44,61.0,0.43,50.08,0.42,106.0,0.47,202.32,0.48,150.1,0.49,167.8,0.5,28.0,0.52,29.0,0.01,0.01,2375.336682,1776163809000
1776163810.997,10.997,0.53,197.32,0.52,150.1,0.51,167.8,0.5,38.0,0.49,54.59,0.54,78.96,0.55,56.0,0.56,20.0,0.57,58.08,0.58,93.0,0.46,108.58,0.45,61.0,0.44,61.0,0.43,50.08,0.42,106.0,0.47,197.32,0.48,150.1,0.49,167.8,0.5,28.0,0.52,29.0,0.01,0.01,2375.336682,1776163809000
1776163811.597,11.597,0.53,172.32,0.52,145.1,0.51,167.8,0.5,28.0,0.49,20.0,0.54,157.55,0.55,69.0,0.56,89.0,0.57,50.08,0.58,85.0,0.46,76.46,0.45,56.0,0.44,20.0,0.43,58.08,0.42,93.0,0.47,192.32,0.48,150.1,0.49,167.8,0.5,38.0,0.51,54.59,0.01,0.01,2375.337106,1776163810000
1776163811.983,11.983,0.53,172.32,0.52,145.1,0.51,167.8,0.5,28.0,0.49,10.0,0.54,143.05,0.55,64.0,0.56,94.0,0.57,50.08,0.58,85.0,0.46,157.55,0.45,69.0,0.44,89.0,0.43,50.08,0.42,85.0,0.47,172.32,0.48,145.1,0.49,167.8,0.5,28.0,0.51,20.0,0.01,0.01,2375.337106,1776163810000
1776163812.328,12.328,0.53,115.32,0.52,145.1,0.51,167.8,0.5,28.0,0.49,10.0,0.54,217.73,0.55,64.0,0.56,94.0,0.57,50.08,0.58,106.0,0.46,217.73,0.45,64.0,0.44,94.0,0.43,50.08,0.42,106.0,0.47,115.32,0.48,145.1,0.49,167.8,0.5,28.0,0.51,10.0,0.01,0.01,2375.361405,1776163811000
1776163812.684,12.684,0.53,118.19,0.52,150.1,0.51,167.8,0.5,28.0,0.49,10.0,0.54,226.54,0.55,64.0,0.56,94.0,0.57,50.08,0.58,36.0,0.46,217.73,0.45,64.0,0.44,94.0,0.43,50.08,0.42,106.0,0.47,118.19,0.48,150.1,0.49,167.8,0.5,28.0,0.51,10.0,0.01,0.01,2375.361405,1776163811000
1776163812.984,12.984,0.53,118.19,0.52,150.1,0.51,167.8,0.5,28.0,0.49,10.0,0.54,219.45,0.55,64.0,0.56,94.0,0.57,50.08,0.58,36.0,0.46,224.54,0.45,64.0,0.44,94.0,0.43,50.08,0.42,36.0,0.47,118.19,0.48,150.1,0.49,167.8,0.5,28.0,0.51,10.0,0.01,0.01,2375.361405,1776163811000
1776163813.192,13.192,0.53,105.51,0.52,150.1,0.51,167.8,0.5,28.0,0.49,10.0,0.54,214.45,0.55,64.0,0.56,94.0,0.57,50.08,0.58,36.0,0.46,219.45,0.45,64.0,0.44,94.0,0.43,50.08,0.42,36.0,0.47,107.86,0.48,150.1,0.49,167.8,0.5,28.0,0.51,10.0,0.01,0.01,2375.361405,1776163811000
1776163813.424,13.424,0.53,11.89,0.52,150.1,0.51,167.8,0.5,28.0,0.49,10.0,0.54,219.45,0.55,64.0,0.56,94.0,0.57,50.08,0.58,36.0,0.46,214.45,0.45,64.0,0.44,94.0,0.43,50.08,0.42,36.0,0.47,105.51,0.48,150.1,0.49,167.8,0.5,28.0,0.51,10.0,0.01,0.01,2375.361405,1776163811000
1776163813.642,13.642,0.53,4.06,0.52,150.1,0.51,167.8,0.5,28.0,0.49,10.0,0.54,219.45,0.55,64.0,0.56,94.0,0.57,50.08,0.58,36.0,0.46,219.45,0.45,64.0,0.44,94.0,0.43,50.08,0.42,36.0,0.47,4.06,0.48,150.1,0.49,167.8,0.5,28.0,0.51,10.0,0.01,0.01,2375.37502,1776163812000
1776163814.314,14.314,0.53,4.06,0.52,150.1,0.51,167.8,0.5,28.0,0.49,10.0,0.54,200.93,0.55,64.0,0.56,94.0,0.57,50.08,0.58,36.0,0.46,200.93,0.45,64.0,0.44,94.0,0.43,50.08,0.42,36.0,0.47,4.06,0.48,150.1,0.49,167.8,0.5,28.0,0.51,10.0,0.01,0.01,2375.291134,1776163813000
1776163814.594,14.594,0.52,139.16,0.51,167.8,0.5,28.0,0.49,10.0,0.48,20.0,0.54,258.98,0.55,54.0,0.56,76.0,0.57,50.08,0.58,36.0,0.46,200.93,0.45,64.0,0.44,94.0,0.43,50.08,0.42,36.0,0.47,4.06,0.48,150.1,0.49,167.8,0.5,28.0,0.51,10.0,0.02,0.01,2375.291134,1776163813000
1776163815.567,15.567,0.52,74.73,0.51,167.8,0.5,28.0,0.49,20.5,0.48,10.0,0.53,55.59,0.54,248.98,0.55,49.0,0.56,76.0,0.57,50.08,0.47,55.59,0.46,248.98,0.45,49.0,0.44,76.0,0.43,50.08,0.48,74.73,0.49,167.8,0.5,28.0,0.51,20.5,0.52,10.0,0.01,0.01,2375.264793,1776163814000
1776163816.006,16.006,0.52,74.73,0.51,167.8,0.5,28.0,0.49,20.5,0.48,10.0,0.53,55.59,0.54,248.98,0.55,49.0,0.56,76.0,0.57,50.08,0.47,55.59,0.46,248.98,0.45,49.0,0.44,76.0,0.43,50.08,0.48,74.73,0.49,167.8,0.5,28.0,0.51,20.5,0.52,10.0,0.01,0.01,2375.264805,1776163815000
1776163816.371,16.371,0.52,47.87,0.51,172.8,0.5,28.0,0.49,20.5,0.48,10.0,0.53,168.77,0.54,152.99,0.55,15.0,0.56,76.0,0.57,50.08,0.47,163.77,0.46,152.99,0.45,15.0,0.44,76.0,0.43,50.08,0.48,49.92,0.49,172.8,0.5,28.0,0.51,20.5,0.52,10.0,0.01,0.01,2375.264805,1776163815000
1776163816.625,16.625,0.52,43.68,0.51,172.8,0.5,28.0,0.49,20.5,0.48,10.0,0.53,191.77,0.54,152.99,0.55,15.0,0.56,76.0,0.57,15.0,0.47,168.77,0.46,152.99,0.45,15.0,0.44,76.0,0.43,50.08,0.48,47.87,0.49,172.8,0.5,28.0,0.51,20.5,0.52,10.0,0.01,0.01,2375.264805,1776163815000
1776163817.226,17.226,0.52,3.5,0.51,167.8,0.5,28.0,0.49,10.5,0.48,10.0,0.53,141.48,0.54,152.99,0.55,15.0,0.56,76.0,0.57,15.0,0.47,191.77,0.46,152.99,0.45,15.0,0.44,76.0,0.43,15.0,0.48,3.5,0.49,172.8,0.5,28.0,0.51,10.5,0.52,10.0,0.01,0.01,2375.264805,1776163815000
1776163817.913,17.913,0.51,163.8,0.5,38.5,0.49,10.5,0.48,10.0,0.47,10.0,0.53,159.98,0.54,152.99,0.55,20.0,0.56,76.0,0.57,15.0,0.47,141.48,0.46,152.99,0.45,15.0,0.44,76.0,0.43,15.0,0.48,3.5,0.49,167.8,0.5,28.0,0.51,10.5,0.52,10.0,0.02,0.01,2375.227937,1776163816000
1776163818.446,18.446,0.51,163.8,0.5,38.5,0.49,10.5,0.48,10.0,0.47,10.0,0.53,159.98,0.54,152.99,0.55,20.0,0.56,76.0,0.57,15.0,0.47,159.98,0.46,152.99,0.45,20.0,0.44,76.0,0.43,15.0,0.49,163.8,0.5,38.5,0.51,10.5,0.52,10.0,0.53,10.0,0.02,0.02,2375.208415,1776163817000
1776163818.932,18.932,0.51,179.3,0.5,43.5,0.49,20.5,0.48,10.0,0.47,15.0,0.52,138.99,0.53,117.48,0.54,170.18,0.55,30.0,0.56,76.0,0.47,159.98,0.46,152.99,0.45,20.0,0.44,76.0,0.43,15.0,0.49,163.8,0.5,38.5,0.51,10.5,0.52,10.0,0.53,10.0,0.01,0.02,2375.208415,1776163817000
1776163819.411,19.411,0.51,181.89,0.5,43.5,0.49,20.5,0.48,10.0,0.47,15.0,0.52,151.99,0.53,127.98,0.54,170.18,0.55,30.0,0.56,76.0,0.48,138.99,0.47,117.48,0.46,170.18,0.45,30.0,0.44,76.0,0.49,179.3,0.5,43.5,0.51,20.5,0.52,10.0,0.53,15.0,0.01,0.01,2375.19964,1776163818000
1776163819.764,19.764,0.51,181.89,0.5,53.5,0.49,20.5,0.48,72.99,0.47,71.0,0.53,35.0,0.54,118.68,0.55,30.0,0.56,65.0,0.57,15.0,0.48,151.99,0.47,127.98,0.46,170.18,0.45,30.0,0.44,76.0,0.49,181.89,0.5,43.5,0.51,20.5,0.52,10.0,0.53,15.0,0.02,0.01,2375.19964,1776163818000
1776163820.229,20.229,0.52,15.5,0.51,191.89,0.5,48.5,0.49,25.5,0.48,72.99,0.53,5.0,0.54,118.68,0.55,30.0,0.56,75.5,0.57,15.0,0.47,5.0,0.46,118.68,0.45,30.0,0.44,75.5,0.43,15.0,0.48,15.5,0.49,191.89,0.5,48.5,0.51,25.5,0.52,72.99,0.01,0.01,2375.161571,1776163819000
1776163820.628,20.628,0.52,6.31,0.51,191.89,0.5,48.5,0.49,20.5,0.48,82.99,0.53,116.23,0.54,58.0,0.55,48.5,0.56,75.5,0.57,15.0,0.47,39.0,0.46,58.0,0.45,38.0,0.44,75.5,0.43,15.0,0.48,20.5,0.49,191.89,0.5,48.5,0.51,25.5,0.52,82.99,0.01,0.01,2375.161571,1776163819000
1776163821.337,21.337,0.52,6.31,0.51,191.89,0.5,48.5,0.49,20.5,0.48,82.99,0.53,116.23,0.54,58.0,0.55,48.5,0.56,75.5,0.57,15.0,0.47,116.23,0.46,58.0,0.45,48.5,0.44,75.5,0.43,15.0,0.48,6.31,0.49,191.89,0.5,48.5,0.51,20.5,0.52,82.99,0.01,0.01,2375.17721,1776163820000
1776163822.42,22.42,0.51,176.39,0.5,48.5,0.49,20.5,0.48,15.0,0.47,111.99,0.52,43.41,0.53,123.5,0.54,64.5,0.55,118.5,0.56,86.5,0.47,116.23,0.46,58.0,0.45,48.5,0.44,75.5,0.43,15.0,0.48,6.31,0.49,191.89,0.5,48.5,0.51,20.5,0.52,82.99,0.01,0.01,2375.17721,1776163820000
1776163822.66,22.66,0.51,176.39,0.5,48.5,0.49,20.5,0.48,15.0,0.47,115.99,0.52,41.03,0.53,110.5,0.54,64.5,0.55,118.5,0.56,86.5,0.48,41.12,0.47,123.5,0.46,64.5,0.45,118.5,0.44,86.5,0.49,181.39,0.5,48.5,0.51,20.5,0.52,15.0,0.53,25.0,0.01,0.01,2375.17721,1776163820000
1776163822.92,22.92,0.51,173.07,0.5,38.0,0.49,20.5,0.48,10.0,0.47,25.0,0.52,30.94,0.53,126.5,0.54,64.5,0.55,118.5,0.56,86.5,0.48,30.94,0.47,110.5,0.46,64.5,0.45,118.5,0.44,86.5,0.49,176.39,0.5,48.5,0.51,20.5,0.52,15.0,0.53,115.99,0.01,0.01,2375.17721,1776163820000
1776163823.168,23.168,0.51,143.75,0.5,38.0,0.49,20.5,0.48,10.0,0.47,15.0,0.52,74.44,0.53,134.5,0.54,38.5,0.55,110.5,0.56,86.5,0.48,79.44,0.47,134.5,0.46,38.5,0.45,110.5,0.44,86.5,0.49,153.75,0.5,38.0,0.51,20.5,0.52,10.0,0.53,15.0,0.01,0.01,2375.17721,1776163820000
1776163823.576,23.576,0.51,151.5,0.5,48.5,0.49,20.5,0.48,10.0,0.47,15.0,0.52,46.3,0.53,134.5,0.54,38.5,0.55,110.5,0.56,86.5,0.48,74.44,0.47,134.5,0.46,38.5,0.45,110.5,0.44,86.5,0.49,143.75,0.5,38.0,0.51,20.5,0.52,10.0,0.53,15.0,0.01,0.01,2375.17721,1776163820000
1776163823.864,23.864,0.51,147.7,0.5,38.0,0.49,20.5,0.48,10.0,0.47,15.0,0.52,70.3,0.53,134.5,0.54,38.5,0.55,100.5,0.56,86.5,0.48,46.3,0.47,134.5,0.46,38.5,0.45,110.5,0.44,86.5,0.49,151.5,0.5,48.5,0.51,20.5,0.52,10.0,0.53,15.0,0.01,0.01,2375.17721,1776163820000
1776163824.237,24.237,0.51,142.96,0.5,48.5,0.49,20.5,0.48,10.0,0.47,15.0,0.52,75.3,0.53,134.5,0.54,38.5,0.55,100.5,0.56,86.5,0.48,75.3,0.47,134.5,0.46,38.5,0.45,100.5,0.44,86.5,0.49,145.45,0.5,38.0,0.51,20.5,0.52,10.0,0.53,15.0,0.01,0.01,2375.17721,1776163820000
1776163824.519,24.519,0.51,133.48,0.5,48.5,0.49,20.5,0.48,10.0,0.47,15.0,0.52,142.44,0.53,134.5,0.54,38.5,0.55,100.5,0.56,86.5,0.48,70.3,0.47,134.5,0.46,38.5,0.45,100.5,0.44,86.5,0.49,140.71,0.5,48.5,0.51,20.5,0.52,10.0,0.53,15.0,0.01,0.01,2375.17721,1776163820000
1776163824.853,24.853,0.51,128.48,0.5,48.5,0.49,20.5,0.48,10.0,0.47,15.0,0.52,140.4,0.53,134.5,0.54,38.5,0.55,100.5,0.56,86.5,0.48,142.44,0.47,134.5,0.46,38.5,0.45,100.5,0.44,86.5,0.49,128.48,0.5,48.5,0.51,20.5,0.52,10.0,0.53,15.0,0.01,0.01,2375.17721,1776163820000
1776163825.48,25.48,0.51,126.25,0.5,48.5,0.49,20.5,0.48,10.0,0.47,15.0,0.52,146.2,0.53,129.5,0.54,38.5,0.55,111.5,0.56,75.5,0.48,130.2,0.47,134.5,0.46,38.5,0.45,100.5,0.44,86.5,0.49,128.48,0.5,48.5,0.51,20.5,0.52,10.0,0.53,15.0,0.01,0.01,2375.17721,1776163820000
1776163825.866,25.866,0.51,124.02,0.5,48.5,0.49,20.5,0.48,10.0,0.47,15.0,0.52,146.2,0.53,129.5,0.54,38.5,0.55,111.5,0.56,75.5,0.48,146.2,0.47,129.5,0.46,38.5,0.45,111.5,0.44,75.5,0.49,126.25,0.5,48.5,0.51,20.5,0.52,10.0,0.53,15.0,0.01,0.01,2375.17721,1776163820000
1776163826.15,26.15,0.51,115.48,0.5,48.5,0.49,20.5,0.48,10.0,0.47,15.0,0.52,151.2,0.53,129.5,0.54,38.5,0.55,111.5,0.56,75.5,0.48,151.2,0.47,129.5,0.46,38.5,0.45,111.5,0.44,75.5,0.49,117.53,0.5,48.5,0.51,20.5,0.52,10.0,0.53,15.0,0.01,0.01,2375.17721,1776163820000
1776163826.399,26.399,0.51,113.48,0.5,28.0,0.49,20.5,0.48,10.0,0.47,10.0,0.52,140.7,0.53,121.5,0.54,30.5,0.55,111.5,0.56,75.5,0.48,151.2,0.47,129.5,0.46,38.5,0.45,111.5,0.44,75.5,0.49,115.48,0.5,48.5,0.51,20.5,0.52,10.0,0.53,15.0,0.01,0.01,2375.17721,1776163820000
1776163826.642,26.642,0.51,58.48,0.5,28.0,0.49,20.5,0.48,10.0,0.47,10.0,0.52,156.2,0.53,121.5,0.54,30.5,0.55,111.5,0.56,75.5,0.48,140.7,0.47,121.5,0.46,30.5,0.45,111.5,0.44,75.5,0.49,113.48,0.5,28.0,0.51,20.5,0.52,10.0,0.53,10.0,0.01,0.01,2375.17721,1776163820000
1776163826.984,26.984,0.51,53.37,0.5,38.5,0.49,20.5,0.48,10.0,0.47,10.0,0.52,156.2,0.53,121.5,0.54,30.5,0.55,111.5,0.56,75.5,0.48,156.2,0.47,121.5,0.46,30.5,0.45,111.5,0.44,75.5,0.49,58.48,0.5,28.0,0.51,20.5,0.52,10.0,0.53,10.0,0.01,0.01,2375.17721,1776163820000
1776163827.348,27.348,0.51,46.23,0.5,38.5,0.49,20.5,0.48,10.0,0.47,10.0,0.52,161.2,0.53,121.5,0.54,30.5,0.55,111.5,0.56,75.5,0.48,161.2,0.47,121.5,0.46,30.5,0.45,111.5,0.44,75.5,0.49,51.32,0.5,38.5,0.51,20.5,0.52,10.0,0.53,10.0,0.01,0.01,2375.17721,1776163820000
1776163827.919,27.919,0.51,46.23,0.5,38.5,0.49,20.5,0.48,10.0,0.47,10.0,0.52,154.27,0.53,121.5,0.54,30.5,0.55,121.5,0.56,75.5,0.48,161.2,0.47,121.5,0.46,30.5,0.45,111.5,0.44,75.5,0.49,46.23,0.5,38.5,0.51,20.5,0.52,10.0,0.53,10.0,0.01,0.01,2375.17721,1776163820000
1776163828.635,28.635,0.51,34.18,0.5,28.0,0.48,10.0,0.47,10.0,0.46,10.0,0.52,242.27,0.53,66.5,0.54,25.5,0.55,65.5,0.56,96.5,0.48,154.27,0.47,121.5,0.46,30.5,0.45,121.5,0.44,75.5,0.49,44.18,0.5,38.5,0.51,20.5,0.52,10.0,0.53,10.0,0.01,0.01,2375.17721,1776163820000
1776163829.18,29.18,0.5,25.6,0.48,10.0,0.47,20.5,0.46,10.0,0.45,25.0,0.51,195.87,0.52,155.44,0.53,30.5,0.54,25.5,0.55,65.5,0.49,60.87,0.48,165.44,0.47,40.5,0.46,25.5,0.45,65.5,0.5,28.0,0.52,10.0,0.53,10.0,0.54,10.0,0.55,25.0,0.01,0.01,2375.17721,1776163820000
1776163829.584,29.584,0.48,10.0,0.47,20.5,0.46,10.0,0.45,25.0,0.44,35.0,0.51,203.67,0.52,142.64,0.53,30.5,0.54,25.5,0.55,65.5,0.49,203.67,0.48,142.64,0.47,30.5,0.46,25.5,0.45,65.5,0.5,9.24,0.52,10.0,0.53,20.5,0.54,10.0,0.55,25.0,0.03,0.01,2375.17721,1776163820000
1776163829.978,29.978,0.42,10.0,0.41,15.0,0.4,25.0,0.39,15.0,0.38,44.93,0.43,40.0,0.46,81.0,0.47,45.0,0.48,19.0,0.49,100.29,0.51,12.69,0.5,50.0,0.49,113.67,0.48,112.64,0.47,25.5,0.52,5.0,0.54,10.5,0.55,20.5,0.56,20.0,0.58,95.99,0.01,0.01,2375.22045,1776163828000
1776163830.183,30.183,0.4,10.49,0.39,15.0,0.38,119.99,0.37,43.0,0.36,30.0,0.42,92.5,0.43,90.0,0.44,27.0,0.45,35.0,0.46,100.0,0.58,87.5,0.57,80.0,0.56,27.0,0.55,35.0,0.54,100.0,0.59,10.0,0.6,10.49,0.61,15.0,0.62,119.99,0.63,43.0,0.02,0.01,2375.22045,1776163828000
1776163830.633,30.633,0.41,38.7,0.4,15.49,0.39,15.0,0.38,119.99,0.37,43.0,0.42,92.5,0.43,95.0,0.44,38.0,0.45,58.5,0.46,115.5,0.58,92.5,0.57,90.0,0.56,27.0,0.55,35.0,0.54,100.0,0.6,10.49,0.61,15.0,0.62,119.99,0.63,43.0,0.64,30.0,0.01,0.02,2375.210839,1776163829000
1776163830.963,30.963,0.41,43.7,0.4,15.49,0.39,15.0,0.38,119.99,0.37,113.0,0.42,87.5,0.43,95.0,0.44,39.0,0.45,48.0,0.46,115.5,0.58,92.5,0.57,95.0,0.56,38.0,0.55,58.5,0.54,115.5,0.59,38.7,0.6,15.49,0.61,15.0,0.62,119.99,0.63,43.0,0.01,0.01,2375.210839,1776163829000
1776163831.334,31.334,0.41,43.7,0.4,15.49,0.39,15.0,0.38,119.99,0.37,113.0,0.42,87.5,0.43,95.0,0.44,39.0,0.45,48.0,0.46,115.5,0.58,87.5,0.57,95.0,0.56,39.0,0.55,48.0,0.54,115.5,0.59,43.7,0.6,15.49,0.61,15.0,0.62,119.99,0.63,113.0,0.01,0.01,2375.057974,1776163830000
1776163831.996,31.996,0.41,43.7,0.4,15.49,0.39,15.0,0.38,119.99,0.37,113.0,0.42,87.5,0.43,95.0,0.44,39.0,0.45,48.0,0.46,115.5,0.58,87.5,0.57,95.0,0.56,39.0,0.55,48.0,0.54,115.5,0.59,43.7,0.6,15.49,0.61,15.0,0.62,119.99,0.63,113.0,0.01,0.01,2374.886881,1776163831000
1776163833.009,33.009,0.41,43.7,0.4,15.49,0.39,15.0,0.38,119.99,0.37,113.0,0.42,87.5,0.43,95.0,0.44,39.0,0.45,48.0,0.46,115.5,0.58,87.5,0.57,95.0,0.56,39.0,0.55,48.0,0.54,115.5,0.59,43.7,0.6,15.49,0.61,15.0,0.62,119.99,0.63,113.0,0.01,0.01,2374.78545,1776163832000
1776163833.367,33.367,0.41,51.41,0.4,20.49,0.39,15.0,0.38,129.99,0.37,122.0,0.42,105.0,0.43,95.0,0.44,45.5,0.45,52.5,0.46,125.5,0.58,87.5,0.57,95.0,0.56,39.0,0.55,48.0,0.54,115.5,0.59,43.7,0.6,15.49,0.61,15.0,0.62,119.99,0.63,113.0,0.01,0.01,2374.78545,1776163832000
1776163833.582,33.582,0.41,51.41,0.4,20.49,0.39,15.0,0.38,129.99,0.37,122.0,0.42,99.45,0.43,95.0,0.44,45.5,0.45,52.5,0.46,125.5,0.58,103.03,0.57,95.0,0.56,45.5,0.55,52.5,0.54,125.5,0.59,51.41,0.6,20.49,0.61,15.0,0.62,129.99,0.63,122.0,0.01,0.01,2374.78545,1776163832000
1776163833.872,33.872,0.41,49.41,0.4,20.49,0.39,15.0,0.38,129.99,0.37,122.0,0.42,82.05,0.43,95.0,0.44,45.5,0.45,52.5,0.46,125.5,0.58,77.05,0.57,95.0,0.56,45.5,0.55,52.5,0.54,125.5,0.59,51.41,0.6,20.49,0.61,15.0,0.62,129.99,0.63,122.0,0.01,0.01,2374.78545,1776163832000
1776163834.271,34.271,0.41,47.41,0.4,20.49,0.39,15.0,0.38,129.99,0.37,122.0,0.42,82.05,0.43,95.0,0.44,45.5,0.45,52.5,0.46,125.5,0.58,82.05,0.57,95.0,0.56,45.5,0.55,52.5,0.54,125.5,0.59,47.41,0.6,20.49,0.61,15.0,0.62,129.99,0.63,122.0,0.01,0.01,2374.81409,1776163833000
1776163835.015,35.015,0.41,47.41,0.4,20.49,0.39,15.0,0.38,129.99,0.37,122.0,0.42,52.46,0.43,95.0,0.44,45.5,0.45,52.5,0.46,125.5,0.58,55.08,0.57,95.0,0.56,45.5,0.55,52.5,0.54,125.5,0.59,52.41,0.6,20.49,0.61,15.0,0.62,129.99,0.63,122.0,0.01,0.01,2374.81409,1776163833000
1776163836.798,36.798,0.41,38.41,0.4,20.49,0.39,15.0,0.38,129.99,0.37,122.0,0.42,57.46,0.43,95.0,0.44,45.5,0.45,44.5,0.46,133.5,0.58,57.46,0.57,95.0,0.56,45.5,0.55,44.5,0.54,133.5,0.59,38.41,0.6,20.49,0.61,15.0,0.62,129.99,0.63,122.0,0.01,0.01,2374.80034,1776163835000
1776163837.257,37.257,0.41,38.41,0.4,20.49,0.39,15.0,0.38,129.99,0.37,122.0,0.42,57.46,0.43,95.0,0.44,45.5,0.45,44.5,0.46,133.5,0.58,57.46,0.57,95.0,0.56,45.5,0.55,44.5,0.54,133.5,0.59,38.41,0.6,20.49,0.61,15.0,0.62,129.99,0.63,122.0,0.01,0.01,2374.800995,1776163836000
1776163838.015,38.015,0.41,58.91,0.4,20.49,0.39,136.99,0.38,54.93,0.37,95.0,0.42,18.65,0.43,95.0,0.44,45.5,0.45,44.5,0.46,121.5,0.58,57.46,0.57,95.0,0.56,45.5,0.55,44.5,0.54,133.5,0.59,38.41,0.6,20.49,0.61,15.0,0.62,129.99,0.63,122.0,0.01,0.01,2374.800995,1776163836000
1776163838.317,38.317,0.41,58.91,0.4,20.49,0.39,136.99,0.38,54.93,0.37,95.0,0.42,18.65,0.43,95.0,0.44,45.5,0.45,44.5,0.46,121.5,0.58,18.65,0.57,95.0,0.56,45.5,0.55,44.5,0.54,121.5,0.59,58.91,0.6,20.49,0.61,136.99,0.62,54.93,0.63,95.0,0.01,0.01,2374.81567,1776163837000
1776163839.119,39.119,0.41,22.31,0.4,20.49,0.39,136.99,0.38,54.93,0.37,95.0,0.42,43.65,0.43,95.0,0.44,45.5,0.45,44.5,0.46,137.5,0.58,18.65,0.57,95.0,0.56,45.5,0.55,44.5,0.54,121.5,0.59,58.91,0.6,20.49,0.61,136.99,0.62,54.93,0.63,95.0,0.01,0.01,2374.81567,1776163837000
1776163840.222,40.222,0.41,22.31,0.4,20.49,0.39,136.99,0.38,54.93,0.37,95.0,0.42,43.65,0.43,95.0,0.44,45.5,0.45,44.5,0.46,137.5,0.58,43.65,0.57,95.0,0.56,45.5,0.55,44.5,0.54,137.5,0.59,22.31,0.6,20.49,0.61,136.99,0.62,54.93,0.63,95.0,0.01,0.01,2374.83289,1776163839000
1776163840.691,40.691,0.42,325.49,0.41,160.5,0.4,51.49,0.39,46.0,0.38,35.0,0.43,55.0,0.47,5.0,0.48,10.0,0.49,22.69,0.5,30.0,0.58,6.5,0.57,95.0,0.56,45.5,0.55,44.5,0.54,113.5,0.59,63.31,0.6,5.49,0.61,164.99,0.62,54.93,0.63,95.0,0.01,0.01,2374.83289,1776163839000
1776163840.931,40.931,0.48,34.0,0.47,218.6,0.46,318.49,0.45,54.93,0.44,15.0,0.49,10.46,0.5,40.5,0.51,75.55,0.52,38.0,0.53,59.0,0.51,20.46,0.5,40.5,0.49,75.55,0.48,38.0,0.47,59.0,0.53,187.6,0.54,329.49,0.55,54.93,0.56,15.0,0.57,57.0,0.01,0.02,2374.83289,1776163839000
1776163841.188,41.188,0.48,34.0,0.47,218.6,0.46,318.49,0.45,54.93,0.44,15.0,0.49,10.46,0.5,40.5,0.51,75.55,0.52,38.0,0.53,59.0,0.51,10.46,0.5,40.5,0.49,75.55,0.48,38.0,0.47,59.0,0.52,34.0,0.53,218.6,0.54,318.49,0.55,54.93,0.56,15.0,0.01,0.01,2374.83289,1776163840000
1776163841.617,41.617,0.48,88.0,0.47,344.59,0.46,243.5,0.45,30.0,0.44,35.0,0.49,8.0,0.5,35.5,0.51,80.55,0.52,33.0,0.53,38.0,0.51,13.11,0.5,40.5,0.49,75.55,0.48,38.0,0.47,33.0,0.52,203.99,0.53,244.53,0.54,217.5,0.55,30.0,0.56,35.0,0.01,0.01,2374.83289,1776163840000
1776163841.935,41.935,0.48,231.21,0.47,248.59,0.46,217.5,0.45,30.0,0.44,35.0,0.49,2.89,0.5,35.5,0.51,80.55,0.52,33.0,0.53,38.0,0.51,8.0,0.5,35.5,0.49,80.55,0.48,33.0,0.47,38.0,0.52,88.0,0.53,329.59,0.54,243.5,0.55,30.0,0.56,35.0,0.01,0.01,2374.83289,1776163840000
1776163842.142,42.142,0.48,209.71,0.47,243.59,0.46,217.5,0.45,30.0,0.44,35.0,0.49,13.25,0.5,15.0,0.51,86.05,0.52,38.0,0.53,43.0,0.51,15.7,0.5,15.0,0.49,86.05,0.48,33.0,0.47,43.0,0.52,208.71,0.53,248.59,0.54,217.5,0.55,30.0,0.56,35.0,0.01,0.01,2374.83289,1776163840000
1776163842.438,42.438,0.5,200.49,0.49,108.5,0.48,92.5,0.47,203.1,0.46,233.5,0.51,1.1,0.52,30.5,0.53,107.32,0.54,36.52,0.55,30.0,0.49,5.18,0.48,20.0,0.47,45.5,0.46,36.52,0.45,30.0,0.51,41.5,0.52,297.49,0.53,241.09,0.54,275.5,0.55,30.0,0.01,0.02,2374.867006,1776163841000
1776163842.719,42.719,0.51,81.9,0.5,183.06,0.49,113.5,0.48,68.5,0.47,174.1,0.52,12.28,0.53,107.32,0.54,36.52,0.55,30.0,0.56,25.0,0.48,9.5,0.47,107.32,0.46,36.52,0.45,30.0,0.44,25.0,0.49,19.9,0.5,222.49,0.51,108.5,0.52,92.5,0.53,174.1,0.01,0.01,2374.867006,1776163841000
1776163843.004,43.004,0.51,211.89,0.5,108.5,0.49,92.59,0.48,78.68,0.47,174.1,0.52,9.97,0.53,107.32,0.54,36.52,0.55,30.0,0.56,25.0,0.48,12.28,0.47,107.32,0.46,36.52,0.45,30.0,0.44,25.0,0.49,81.9,0.5,183.06,0.51,113.5,0.52,68.5,0.53,174.1,0.01,0.01,2374.867006,1776163841000
1776163843.226,43.226,0.51,91.9,0.5,187.49,0.49,118.59,0.48,78.68,0.47,174.1,0.52,16.43,0.53,102.32,0.54,36.52,0.55,30.0,0.56,25.0,0.48,9.97,0.47,107.32,0.46,36.52,0.45,30.0,0.44,25.0,0.49,211.89,0.5,108.5,0.51,92.59,0.52,78.68,0.53,174.1,0.01,0.01,2375.116715,1776163842000
1776163843.495,43.495,0.51,107.4,0.5,187.49,0.49,118.59,0.48,73.68,0.47,174.1,0.52,7.87,0.53,102.32,0.54,36.52,0.55,30.0,0.56,25.0,0.48,16.43,0.47,102.32,0.46,36.52,0.45,30.0,0.44,25.0,0.49,91.9,0.5,187.49,0.51,118.59,0.52,78.68,0.53,174.1,0.01,0.01,2375.116715,1776163842000
1776163844.118,44.118,0.51,107.4,0.5,187.49,0.49,118.59,0.48,73.68,0.47,174.1,0.52,7.87,0.53,102.32,0.54,36.52,0.55,30.0,0.56,25.0,0.48,7.87,0.47,102.32,0.46,36.52,0.45,30.0,0.44,25.0,0.49,107.4,0.5,187.49,0.51,118.59,0.52,73.68,0.53,174.1,0.01,0.01,2375.273617,1776163843000
1776163845.004,45.004,0.51,208.39,0.5,100.43,0.49,92.59,0.48,73.68,0.47,174.1,0.52,4.02,0.53,92.32,0.54,36.52,0.55,30.0,0.56,25.0,0.48,7.87,0.47,102.32,0.46,36.52,0.45,30.0,0.44,25.0,0.49,107.4,0.5,187.49,0.51,118.59,0.52,73.68,0.53,174.1,0.01,0.01,2375.273617,1776163843000
1776163845.744,45.744,0.52,49.0,0.51,107.4,0.5,190.49,0.49,93.59,0.48,73.68,0.53,97.32,0.54,36.52,0.55,30.0,0.56,25.0,0.57,25.0,0.48,4.02,0.47,92.32,0.46,36.52,0.45,30.0,0.44,25.0,0.49,208.39,0.5,100.43,0.51,92.59,0.52,73.68,0.53,174.1,0.01,0.01,2375.303583,1776163844000
1776163845.994,45.994,0.52,37.49,0.51,107.4,0.5,201.49,0.49,93.59,0.48,73.68,0.53,97.32,0.54,36.52,0.55,30.0,0.56,25.0,0.57,25.0,0.47,97.32,0.46,36.52,0.45,30.0,0.44,25.0,0.43,25.0,0.48,49.0,0.49,107.4,0.5,190.49,0.51,93.59,0.52,73.68,0.01,0.01,2375.303583,1776163844000
1776163846.452,46.452,0.52,47.99,0.51,160.4,0.5,172.49,0.49,76.59,0.48,73.68,0.53,20.56,0.54,32.02,0.55,15.0,0.56,30.0,0.57,25.0,0.47,97.32,0.46,36.52,0.45,30.0,0.44,25.0,0.43,25.0,0.48,37.49,0.49,107.4,0.5,201.49,0.51,93.59,0.52,73.68,0.01,0.01,2375.28542,1776163845000
1776163847.07,47.07,0.52,47.99,0.51,160.4,0.5,172.49,0.49,76.59,0.48,73.68,0.53,20.56,0.54,32.02,0.55,15.0,0.56,30.0,0.57,25.0,0.47,20.56,0.46,32.02,0.45,15.0,0.44,30.0,0.43,25.0,0.48,47.99,0.49,160.4,0.5,172.49,0.51,76.59,0.52,73.68,0.01,0.01,2375.329472,1776163846000
1776163847.477,47.477,0.52,37.67,0.51,210.5,0.5,60.5,0.49,161.58,0.48,99.68,0.53,10.56,0.54,32.02,0.55,25.0,0.56,30.0,0.57,46.0,0.47,20.56,0.46,32.02,0.45,15.0,0.44,30.0,0.43,25.0,0.48,47.99,0.49,160.4,0.5,172.49,0.51,76.59,0.52,73.68,0.01,0.01,2375.329472,1776163846000
1776163848.066,48.066,0.52,37.67,0.51,210.5,0.5,60.5,0.49,161.58,0.48,99.68,0.53,10.56,0.54,32.02,0.55,25.0,0.56,30.0,0.57,46.0,0.47,10.56,0.46,32.02,0.45,25.0,0.44,30.0,0.43,46.0,0.48,37.67,0.49,210.5,0.5,60.5,0.51,161.58,0.52,99.68,0.01,0.01,2375.344746,1776163847000
1776163849.742,49.742,0.52,87.58,0.51,210.5,0.5,81.5,0.49,71.59,0.48,194.74,0.53,5.56,0.54,32.02,0.55,15.0,0.56,25.0,0.57,51.0,0.47,10.56,0.46,32.02,0.45,25.0,0.44,30.0,0.43,46.0,0.48,37.67,0.49,210.5,0.5,60.5,0.51,161.58,0.52,99.68,0.01,0.01,2375.344746,1776163847000
1776163850.86,50.86,0.52,108.58,0.51,226.5,0.5,81.5,0.49,141.59,0.48,194.74,0.53,3.67,0.54,32.02,0.55,25.5,0.56,25.0,0.57,30.0,0.47,5.56,0.46,32.02,0.45,15.0,0.44,25.0,0.43,51.0,0.48,87.58,0.49,210.5,0.5,81.5,0.51,71.59,0.52,194.74,0.01,0.01,2375.377405,1776163848000
1776163851.797,51.797,0.52,108.58,0.51,226.5,0.5,81.5,0.49,141.59,0.48,194.74,0.53,3.67,0.54,32.02,0.55,25.5,0.56,25.0,0.57,30.0,0.47,3.67,0.46,32.02,0.45,25.5,0.44,25.0,0.43,30.0,0.48,108.58,0.49,226.5,0.5,81.5,0.51,141.59,0.52,194.74,0.01,0.01,2375.368457,1776163850000
1776163852.352,52.352,0.52,108.58,0.51,226.5,0.5,81.5,0.49,141.59,0.48,194.74,0.53,3.67,0.54,32.02,0.55,25.5,0.56,25.0,0.57,30.0,0.47,3.67,0.46,32.02,0.45,25.5,0.44,25.0,0.43,30.0,0.48,108.58,0.49,226.5,0.5,81.5,0.51,141.59,0.52,194.74,0.01,0.01,2375.392126,1776163851000
1776163852.703,52.703,0.52,127.68,0.51,200.5,0.5,81.5,0.49,141.59,0.48,183.67,0.53,18.0,0.54,32.02,0.55,25.5,0.56,25.0,0.57,30.0,0.47,3.67,0.46,32.02,0.45,25.5,0.44,25.0,0.43,30.0,0.48,108.58,0.49,226.5,0.5,81.5,0.51,141.59,0.52,194.74,0.01,0.01,2375.392126,1776163851000
1776163853.361,53.361,0.52,127.68,0.51,200.5,0.5,81.5,0.49,141.59,0.48,183.67,0.53,18.0,0.54,32.02,0.55,25.5,0.56,25.0,0.57,30.0,0.47,18.0,0.46,32.02,0.45,25.5,0.44,25.0,0.43,30.0,0.48,127.68,0.49,200.5,0.5,81.5,0.51,141.59,0.52,183.67,0.01,0.01,2375.383542,1776163852000
1776163854.028,54.028,0.52,127.68,0.51,200.5,0.5,81.5,0.49,141.59,0.48,183.67,0.53,18.0,0.54,32.02,0.55,25.5,0.56,25.0,0.57,30.0,0.47,18.0,0.46,32.02,0.45,25.5,0.44,25.0,0.43,30.0,0.48,127.68,0.49,200.5,0.5,81.5,0.51,141.59,0.52,183.67,0.01,0.01,2375.38432,1776163853000
1776163854.675,54.675,0.52,120.4,0.51,200.5,0.5,81.5,0.49,141.59,0.48,183.67,0.53,20.0,0.54,32.02,0.55,25.5,0.56,25.0,0.57,51.0,0.47,18.0,0.46,32.02,0.45,25.5,0.44,25.0,0.43,30.0,0.48,127.68,0.49,200.5,0.5,81.5,0.51,141.59,0.52,183.67,0.01,0.01,2375.38432,1776163853000
1776163855.515,55.515,0.52,120.4,0.51,200.5,0.5,81.5,0.49,141.59,0.48,183.67,0.53,20.0,0.54,32.02,0.55,25.5,0.56,25.0,0.57,51.0,0.47,20.0,0.46,32.02,0.45,25.5,0.44,25.0,0.43,51.0,0.48,120.4,0.49,200.5,0.5,81.5,0.51,141.59,0.52,183.67,0.01,0.01,2375.384305,1776163854000
1776163856.244,56.244,0.52,120.4,0.51,200.5,0.5,81.5,0.49,141.59,0.48,183.67,0.53,20.0,0.54,32.02,0.55,25.5,0.56,25.0,0.57,51.0,0.47,20.0,0.46,32.02,0.45,25.5,0.44,25.0,0.43,51.0,0.48,120.4,0.49,200.5,0.5,81.5,0.51,141.59,0.52,183.67,0.01,0.01,2375.387047,1776163855000
1776163857.036,57.036,0.52,113.31,0.51,200.5,0.5,81.5,0.49,141.59,0.48,194.67,0.53,25.0,0.54,32.02,0.55,35.5,0.56,25.0,0.57,51.0,0.47,20.0,0.46,32.02,0.45,25.5,0.44,25.0,0.43,51.0,0.48,120.4,0.49,200.5,0.5,81.5,0.51,141.59,0.52,183.67,0.01,0.01,2375.387047,1776163855000
1776163857.625,57.625,0.52,113.31,0.51,200.5,0.5,81.5,0.49,141.59,0.48,194.67,0.53,25.0,0.54,32.02,0.55,35.5,0.56,25.0,0.57,51.0,0.47,25.0,0.46,32.02,0.45,35.5,0.44,25.0,0.43,51.0,0.48,113.31,0.49,200.5,0.5,81.5,0.51,141.59,0.52,194.67,0.01,0.01,2375.384669,1776163856000
1776163858.234,58.234,0.52,113.31,0.51,200.5,0.5,81.5,0.49,141.59,0.48,194.67,0.53,25.0,0.54,32.02,0.55,35.5,0.56,25.0,0.57,51.0,0.47,25.0,0.46,32.02,0.45,35.5,0.44,25.0,0.43,51.0,0.48,113.31,0.49,200.5,0.5,81.5,0.51,141.59,0.52,194.67,0.01,0.01,2375.37891,1776163857000
1776163859.77,59.77,0.52,113.31,0.51,200.5,0.5,81.5,0.49,141.59,0.48,194.67,0.53,25.0,0.54,32.02,0.55,35.5,0.56,25.0,0.57,51.0,0.47,25.0,0.46,32.02,0.45,35.5,0.44,25.0,0.43,51.0,0.48,113.31,0.49,200.5,0.5,81.5,0.51,141.59,0.52,194.67,0.01,0.01,2375.374191,1776163858000
1776163860.278,60.278,0.52,113.31,0.51,200.5,0.5,81.5,0.49,141.59,0.48,194.67,0.53,25.0,0.54,32.02,0.55,35.5,0.56,25.0,0.57,51.0,0.47,25.0,0.46,32.02,0.45,35.5,0.44,25.0,0.43,51.0,0.48,113.31,0.49,200.5,0.5,81.5,0.51,141.59,0.52,194.67,0.01,0.01,2375.373161,1776163859000
1776163860.554,60.554,0.52,118.31,0.51,194.5,0.5,54.5,0.49,131.59,0.48,204.67,0.53,12.39,0.54,32.02,0.55,35.5,0.56,46.0,0.57,51.0,0.47,25.0,0.46,32.02,0.45,35.5,0.44,25.0,0.43,51.0,0.48,113.31,0.49,200.5,0.5,81.5,0.51,141.59,0.52,194.67,0.01,0.01,2375.373161,1776163859000
1776163861.394,61.394,0.52,128.31,0.51,194.5,0.5,75.5,0.49,131.59,0.48,204.67,0.53,7.46,0.54,32.02,0.55,35.5,0.56,25.0,0.57,35.0,0.47,12.39,0.46,32.02,0.45,35.5,0.44,46.0,0.43,51.0,0.48,118.31,0.49,194.5,0.5,54.5,0.51,131.59,0.52,204.67,0.01,0.01,2375.373161,1776163859000
1776163861.838,61.838,0.52,128.31,0.51,194.5,0.5,75.5,0.49,131.59,0.48,204.67,0.53,7.46,0.54,32.02,0.55,35.5,0.56,25.0,0.57,35.0,0.47,7.46,0.46,32.02,0.45,35.5,0.44,25.0,0.43,35.0,0.48,128.31,0.49,194.5,0.5,75.5,0.51,131.59,0.52,204.67,0.01,0.01,2375.379298,1776163860000
1776163862.231,62.231,0.52,128.31,0.51,199.5,0.5,75.5,0.49,131.59,0.48,204.67,0.54,31.94,0.55,35.5,0.56,25.0,0.57,35.0,0.58,59.0,0.47,7.46,0.46,32.02,0.45,35.5,0.44,25.0,0.43,35.0,0.48,128.31,0.49,194.5,0.5,75.5,0.51,131.59,0.52,204.67,0.02,0.01,2375.379298,1776163860000
1776163862.69,62.69,0.52,128.31,0.51,199.5,0.5,75.5,0.49,131.59,0.48,204.67,0.54,31.94,0.55,35.5,0.56,25.0,0.57,35.0,0.58,59.0,0.46,31.94,0.45,35.5,0.44,25.0,0.43,35.0,0.42,59.0,0.48,128.31,0.49,199.5,0.5,75.5,0.51,131.59,0.52,204.67,0.02,0.02,2375.440775,1776163861000
1776163863.323,63.323,0.52,128.31,0.51,199.5,0.5,75.5,0.49,131.59,0.48,204.67,0.54,31.94,0.55,35.5,0.56,25.0,0.57,35.0,0.58,59.0,0.46,31.94,0.45,35.5,0.44,25.0,0.43,35.0,0.42,59.0,0.48,128.31,0.49,199.5,0.5,75.5,0.51,131.59,0.52,204.67,0.02,0.02,2375.440785,1776163862000
1776163864.114,64.114,0.52,128.31,0.51,199.5,0.5,75.5,0.49,131.59,0.48,204.67,0.54,31.94,0.55,35.5,0.56,25.0,0.57,35.0,0.58,59.0,0.46,31.94,0.45,35.5,0.44,25.0,0.43,35.0,0.42,59.0,0.48,128.31,0.49,199.5,0.5,75.5,0.51,131.59,0.52,204.67,0.02,0.02,2375.49046,1776163863000
1776163865.45,65.45,0.53,30.1,0.52,17.0,0.51,150.0,0.5,10.0,0.49,100.09,0.54,152.94,0.55,66.5,0.56,75.0,0.57,65.0,0.58,65.0,0.46,31.94,0.45,35.5,0.44,25.0,0.43,35.0,0.42,59.0,0.48,128.31,0.49,199.5,0.5,75.5,0.51,131.59,0.52,204.67,0.01,0.02,2375.49046,1776163863000
1776163866.294,66.294,0.51,130.0,0.5,20.5,0.49,110.59,0.48,66.68,0.47,177.06,0.52,10.0,0.53,20.5,0.54,136.94,0.55,66.5,0.56,96.0,0.48,10.0,0.47,20.5,0.46,136.94,0.45,66.5,0.44,96.0,0.49,130.0,0.5,20.5,0.51,110.59,0.52,66.68,0.53,177.06,0.01,0.01,2375.48676,1776163865000
1776163867.209,67.209,0.52,5.0,0.51,171.0,0.5,187.49,0.49,165.52,0.48,83.68,0.53,90.82,0.54,72.02,0.55,45.5,0.56,25.0,0.57,35.0,0.47,30.5,0.46,72.02,0.45,45.5,0.44,25.0,0.43,30.0,0.49,170.5,0.5,192.49,0.51,165.52,0.52,83.68,0.53,53.0,0.01,0.02,2375.48676,1776163865000
1776163867.803,67.803,0.52,5.0,0.51,171.0,0.5,187.49,0.49,165.52,0.48,83.68,0.53,90.82,0.54,72.02,0.55,45.5,0.56,25.0,0.57,35.0,0.47,90.82,0.46,72.02,0.45,45.5,0.44,25.0,0.43,35.0,0.48,5.0,0.49,171.0,0.5,187.49,0.51,165.52,0.52,83.68,0.01,0.01,2375.477505,1776163866000
1776163868.881,68.881,0.52,5.0,0.51,171.0,0.5,187.49,0.49,165.52,0.48,83.68,0.53,90.82,0.54,72.02,0.55,45.5,0.56,25.0,0.57,35.0,0.47,90.82,0.46,72.02,0.45,45.5,0.44,25.0,0.43,35.0,0.48,5.0,0.49,171.0,0.5,187.49,0.51,165.52,0.52,83.68,0.01,0.01,2375.423855,1776163867000
1776163869.11,69.11,0.51,170.91,0.5,185.49,0.49,165.52,0.48,83.68,0.47,53.0,0.53,99.11,0.54,72.02,0.55,45.5,0.56,25.0,0.57,30.0,0.47,94.11,0.46,72.02,0.45,45.5,0.44,25.0,0.43,30.0,0.48,5.0,0.49,171.0,0.5,185.49,0.51,165.52,0.52,83.68,0.02,0.01,2375.423855,1776163867000
1776163869.377,69.377,0.51,165.82,0.5,190.49,0.49,165.52,0.48,83.68,0.47,53.0,0.52,20.5,0.53,69.11,0.54,72.02,0.55,45.5,0.56,25.0,0.48,20.5,0.47,69.11,0.46,72.02,0.45,45.5,0.44,25.0,0.49,165.82,0.5,190.49,0.51,165.52,0.52,83.68,0.53,53.0,0.01,0.01,2375.467015,1776163868000
1776163870.668,70.668,0.51,165.82,0.5,190.49,0.49,165.52,0.48,83.68,0.47,53.0,0.52,20.5,0.53,69.11,0.54,72.02,0.55,45.5,0.56,25.0,0.48,20.5,0.47,69.11,0.46,72.02,0.45,45.5,0.44,25.0,0.49,165.82,0.5,190.49,0.51,165.52,0.52,83.68,0.53,53.0,0.01,0.01,2375.4665,1776163869000
1776163871.273,71.273,0.51,165.82,0.5,190.49,0.49,165.52,0.48,83.68,0.47,53.0,0.52,20.5,0.53,69.11,0.54,72.02,0.55,45.5,0.56,25.0,0.48,20.5,0.47,69.11,0.46,72.02,0.45,45.5,0.44,25.0,0.49,165.82,0.5,190.49,0.51,165.52,0.52,83.68,0.53,53.0,0.01,0.01,2375.447965,1776163870000
1776163872.594,72.594,0.51,165.82,0.5,190.49,0.49,165.52,0.48,83.68,0.47,53.0,0.52,20.5,0.53,69.11,0.54,72.02,0.55,45.5,0.56,25.0,0.48,20.5,0.47,69.11,0.46,72.02,0.45,45.5,0.44,25.0,0.49,165.82,0.5,190.49,0.51,165.52,0.52,83.68,0.53,53.0,0.01,0.01,2375.48161,1776163871000
1776163872.813,72.813,0.51,181.32,0.5,82.5,0.49,260.58,0.48,109.68,0.47,53.0,0.52,0.76,0.53,69.11,0.54,72.02,0.55,35.5,0.56,25.0,0.48,20.5,0.47,69.11,0.46,72.02,0.45,45.5,0.44,25.0,0.49,165.82,0.5,190.49,0.51,165.52,0.52,83.68,0.53,53.0,0.01,0.01,2375.48161,1776163871000
1776163873.139,73.139,0.51,181.32,0.5,82.5,0.49,260.58,0.48,109.68,0.47,53.0,0.52,0.76,0.53,69.11,0.54,72.02,0.55,35.5,0.56,25.0,0.48,0.76,0.47,69.11,0.46,72.02,0.45,35.5,0.44,25.0,0.49,181.32,0.5,82.5,0.51,260.58,0.52,109.68,0.53,53.0,0.01,0.01,2375.483135,1776163872000
1776163873.826,73.826,0.52,283.49,0.51,132.93,0.5,112.5,0.49,61.59,0.48,66.68,0.54,19.19,0.55,10.0,0.57,5.0,0.6,10.0,0.61,26.0,0.48,0.76,0.47,69.11,0.46,72.02,0.45,35.5,0.44,25.0,0.49,181.32,0.5,82.5,0.51,260.58,0.52,109.68,0.53,53.0,0.02,0.01,2375.483135,1776163872000
1776163874.029,74.029,0.6,10.5,0.59,100.5,0.58,152.99,0.57,76.0,0.56,75.0,0.61,2.33,0.62,15.0,0.63,25.5,0.64,15.0,0.65,20.0,0.39,7.2,0.38,15.0,0.37,25.5,0.36,15.0,0.35,20.0,0.41,30.5,0.42,146.99,0.43,76.0,0.44,75.0,0.45,35.5,0.01,0.02,2375.483135,1776163872000
1776163874.37,74.37,0.61,26.6,0.6,107.5,0.59,186.5,0.58,183.99,0.57,97.0,0.62,31.49,0.63,45.5,0.64,15.0,0.65,46.0,0.66,67.0,0.38,15.49,0.37,45.5,0.36,15.0,0.35,15.0,0.34,15.0,0.39,15.5,0.4,95.5,0.41,165.5,0.42,162.99,0.43,76.0,0.01,0.01,2375.483135,1776163872000
1776163874.717,74.717,0.61,38.46,0.6,107.5,0.59,186.5,0.58,183.99,0.57,107.0,0.62,26.96,0.63,25.5,0.64,15.0,0.65,25.0,0.66,25.0,0.38,45.96,0.37,25.5,0.36,15.0,0.35,25.0,0.34,25.0,0.39,26.6,0.4,107.5,0.41,186.5,0.42,183.99,0.43,97.0,0.01,0.01,2375.477265,1776163873000
1776163874.929,74.929,0.61,51.26,0.6,149.5,0.59,195.43,0.58,88.93,0.57,81.0,0.63,11.11,0.64,15.0,0.65,25.0,0.66,25.0,0.67,92.0,0.38,7.11,0.37,25.5,0.36,15.0,0.35,25.0,0.34,25.0,0.39,46.26,0.4,107.5,0.41,186.5,0.42,183.99,0.43,107.0,0.02,0.01,2375.477265,1776163873000
1776163875.132,75.132,0.61,36.26,0.6,149.5,0.59,300.49,0.58,93.93,0.57,81.0,0.62,21.0,0.63,11.11,0.64,15.0,0.65,30.0,0.66,25.0,0.38,21.0,0.37,11.11,0.36,15.0,0.35,30.0,0.34,25.0,0.39,36.26,0.4,149.5,0.41,300.49,0.42,93.93,0.43,81.0,0.01,0.01,2375.51352,1776163874000
1776163875.616,75.616,0.61,39.76,0.6,149.5,0.59,300.49,0.58,93.93,0.57,81.0,0.62,37.52,0.63,21.11,0.64,25.5,0.65,30.0,0.66,25.0,0.38,18.52,0.37,16.11,0.36,15.0,0.35,30.0,0.34,25.0,0.39,41.26,0.4,149.5,0.41,300.49,0.42,93.93,0.43,81.0,0.01,0.01,2375.51352,1776163874000
1776163876.326,76.326,0.61,49.76,0.6,149.5,0.59,300.49,0.58,93.93,0.57,81.0,0.62,17.45,0.63,21.11,0.64,25.5,0.65,30.0,0.66,25.0,0.38,17.45,0.37,21.11,0.36,25.5,0.35,30.0,0.34,25.0,0.39,49.76,0.4,149.5,0.41,300.49,0.42,93.93,0.43,81.0,0.01,0.01,2375.6161,1776163875000
1776163877.457,77.457,0.61,49.76,0.6,149.5,0.59,300.49,0.58,93.93,0.57,81.0,0.62,17.45,0.63,21.11,0.64,25.5,0.65,30.0,0.66,25.0,0.38,17.45,0.37,21.11,0.36,25.5,0.35,30.0,0.34,25.0,0.39,49.76,0.4,149.5,0.41,300.49,0.42,93.93,0.43,81.0,0.01,0.01,2375.960769,1776163876000
1776163877.658,77.658,0.61,65.26,0.6,122.5,0.59,100.5,0.58,145.99,0.57,80.99,0.63,21.11,0.64,20.5,0.65,25.0,0.66,20.0,0.67,27.0,0.38,5.0,0.37,21.11,0.36,20.5,0.35,25.0,0.34,20.0,0.39,65.26,0.4,122.5,0.41,100.5,0.42,145.99,0.43,80.99,0.02,0.01,2375.960769,1776163876000
1776163877.866,77.866,0.62,76.59,0.61,133.46,0.6,117.5,0.59,100.5,0.58,145.99,0.63,52.75,0.64,20.5,0.65,25.0,0.66,20.0,0.67,27.0,0.37,49.93,0.36,20.5,0.35,25.0,0.34,20.0,0.33,27.0,0.38,76.59,0.39,133.46,0.4,117.5,0.41,100.5,0.42,145.99,0.01,0.01,2375.960769,1776163876000
1776163878.077,78.077,0.62,76.59,0.61,133.46,0.6,117.5,0.59,100.5,0.58,145.99,0.63,52.75,0.64,20.5,0.65,25.0,0.66,20.0,0.67,27.0,0.37,52.75,0.36,20.5,0.35,25.0,0.34,20.0,0.33,27.0,0.38,76.59,0.39,133.46,0.4,117.5,0.41,100.5,0.42,145.99,0.01,0.01,2375.927185,1776163877000
1776163879.213,79.213,0.62,76.59,0.61,133.46,0.6,117.5,0.59,100.5,0.58,145.99,0.63,52.75,0.64,20.5,0.65,25.0,0.66,20.0,0.67,27.0,0.37,52.75,0.36,20.5,0.35,25.0,0.34,20.0,0.33,27.0,0.38,76.59,0.39,133.46,0.4,117.5,0.41,100.5,0.42,145.99,0.01,0.01,2375.921274,1776163878000
1776163879.524,79.524,0.62,78.07,0.61,42.05,0.6,173.49,0.59,88.43,0.58,51.0,0.63,21.5,0.64,30.5,0.65,20.0,0.66,25.0,0.67,41.0,0.37,52.75,0.36,20.5,0.35,25.0,0.34,20.0,0.33,27.0,0.38,76.59,0.39,133.46,0.4,117.5,0.41,100.5,0.42,145.99,0.01,0.01,2375.921274,1776163878000
1776163879.752,79.752,0.61,122.55,0.6,68.5,0.59,183.49,0.58,86.0,0.57,45.0,0.63,26.5,0.64,35.5,0.65,41.0,0.66,46.0,0.67,41.0,0.37,26.5,0.36,35.5,0.35,41.0,0.34,46.0,0.33,41.0,0.38,78.07,0.39,122.55,0.4,68.5,0.41,183.49,0.42,86.0,0.02,0.01,2375.921274,1776163878000
1776163880.302,80.302,0.61,207.55,0.6,57.5,0.59,162.49,0.58,86.0,0.57,66.0,0.62,7.8,0.63,30.5,0.64,35.5,0.65,41.0,0.66,46.0,0.37,26.5,0.36,35.5,0.35,41.0,0.34,46.0,0.33,41.0,0.39,122.55,0.4,68.5,0.41,183.49,0.42,86.0,0.43,45.0,0.01,0.02,2375.921274,1776163878000
1776163880.509,80.509,0.61,207.55,0.6,57.5,0.59,162.49,0.58,86.0,0.57,66.0,0.62,1.2,0.63,30.5,0.64,35.5,0.65,20.0,0.66,25.0,0.38,1.2,0.37,30.5,0.36,35.5,0.35,20.0,0.34,25.0,0.39,207.55,0.4,57.5,0.41,162.49,0.42,86.0,0.43,66.0,0.01,0.01,2375.917425,1776163879000
1776163880.711,80.711,0.61,204.98,0.6,57.5,0.59,162.49,0.58,55.0,0.57,55.0,0.62,1.2,0.63,30.5,0.64,35.5,0.65,20.0,0.66,25.0,0.38,1.2,0.37,30.5,0.36,35.5,0.35,20.0,0.34,25.0,0.39,207.55,0.4,57.5,0.41,162.49,0.42,86.0,0.43,66.0,0.01,0.01,2375.917425,1776163879000
1776163881.049,81.049,0.61,114.98,0.6,52.5,0.59,162.49,0.58,55.0,0.57,55.0,0.62,1.2,0.63,30.5,0.64,30.5,0.65,20.0,0.66,25.0,0.38,1.2,0.37,30.5,0.36,35.5,0.35,20.0,0.34,25.0,0.39,204.98,0.4,57.5,0.41,162.49,0.42,55.0,0.43,55.0,0.01,0.01,2375.917425,1776163879000
1776163881.277,81.277,0.61,114.98,0.6,52.5,0.59,162.49,0.58,55.0,0.57,55.0,0.62,1.2,0.63,30.5,0.64,30.5,0.65,20.0,0.66,25.0,0.38,1.2,0.37,30.5,0.36,30.5,0.35,20.0,0.34,25.0,0.39,114.98,0.4,52.5,0.41,162.49,0.42,55.0,0.43,55.0,0.01,0.01,2375.923289,1776163880000
1776163881.543,81.543,0.61,142.98,0.6,73.5,0.59,166.49,0.58,76.0,0.57,55.0,0.63,16.7,0.64,30.5,0.65,41.0,0.66,46.0,0.67,41.0,0.38,1.2,0.37,30.5,0.36,30.5,0.35,20.0,0.34,25.0,0.39,114.98,0.4,52.5,0.41,162.49,0.42,55.0,0.43,55.0,0.02,0.01,2375.923289,1776163880000
1776163882.365,82.365,0.62,23.0,0.61,148.48,0.6,73.5,0.59,166.49,0.58,76.0,0.63,16.2,0.64,30.5,0.65,41.0,0.66,46.0,0.67,41.0,0.37,16.2,0.36,30.5,0.35,41.0,0.34,46.0,0.33,41.0,0.38,23.0,0.39,148.48,0.4,73.5,0.41,166.49,0.42,76.0,0.01,0.01,2375.95732,1776163881000
1776163882.929,82.929,0.62,23.0,0.61,148.48,0.6,73.5,0.59,166.49,0.58,76.0,0.63,16.2,0.64,30.5,0.65,41.0,0.66,46.0,0.67,41.0,0.37,16.2,0.36,30.5,0.35,41.0,0.34,46.0,0.33,41.0,0.38,23.0,0.39,148.48,0.4,73.5,0.41,166.49,0.42,76.0,0.01,0.01,2375.962707,1776163882000
1776163883.473,83.473,0.62,53.1,0.61,148.48,0.6,68.5,0.59,177.49,0.58,76.0,0.63,25.5,0.64,40.5,0.65,20.0,0.66,25.0,0.67,20.0,0.37,16.2,0.36,30.5,0.35,41.0,0.34,46.0,0.33,41.0,0.38,23.0,0.39,148.48,0.4,73.5,0.41,166.49,0.42,76.0,0.01,0.01,2375.962707,1776163882000
1776163883.873,83.873,0.62,58.1,0.61,148.48,0.6,68.5,0.59,177.49,0.58,76.0,0.63,5.12,0.64,40.5,0.65,20.0,0.66,25.0,0.67,20.0,0.37,10.12,0.36,40.5,0.35,20.0,0.34,25.0,0.33,20.0,0.38,58.1,0.39,148.48,0.4,68.5,0.41,177.49,0.42,76.0,0.01,0.01,2375.962707,1776163882000
1776163884.152,84.152,0.62,58.1,0.61,148.48,0.6,68.5,0.59,177.49,0.58,76.0,0.63,5.12,0.64,40.5,0.65,20.0,0.66,25.0,0.67,20.0,0.37,5.12,0.36,40.5,0.35,20.0,0.34,25.0,0.33,20.0,0.38,58.1,0.39,148.48,0.4,68.5,0.41,177.49,0.42,76.0,0.01,0.01,2375.985186,1776163883000
1776163884.633,84.633,0.62,69.1,0.61,129.98,0.6,47.5,0.59,36.5,0.58,150.06,0.63,25.0,0.64,56.5,0.65,46.0,0.66,20.0,0.67,25.0,0.37,30.0,0.36,61.5,0.35,25.0,0.34,25.0,0.33,20.0,0.38,80.1,0.39,129.98,0.4,47.5,0.41,36.5,0.42,150.06,0.01,0.01,2375.985186,1776163883000
1776163884.951,84.951,0.62,59.1,0.61,129.98,0.6,47.5,0.59,36.5,0.58,150.06,0.63,20.6,0.64,56.5,0.65,41.0,0.66,41.0,0.67,25.0,0.37,20.6,0.36,56.5,0.35,41.0,0.34,41.0,0.33,25.0,0.38,79.1,0.39,129.98,0.4,47.5,0.41,36.5,0.42,150.06,0.01,0.01,2375.985186,1776163883000
1776163885.6,85.6,0.62,84.1,0.61,140.48,0.6,47.5,0.59,140.49,0.58,55.0,0.63,10.0,0.64,56.5,0.65,41.0,0.66,41.0,0.67,25.0,0.37,20.51,0.36,56.5,0.35,41.0,0.34,41.0,0.33,25.0,0.38,59.1,0.39,129.98,0.4,47.5,0.41,36.5,0.42,150.06,0.01,0.01,2375.985186,1776163883000
1776163885.837,85.837,0.62,87.1,0.61,140.48,0.6,47.5,0.59,157.49,0.58,55.0,0.64,50.5,0.65,41.0,0.66,41.0,0.67,25.0,0.68,27.0,0.37,10.0,0.36,56.5,0.35,41.0,0.34,41.0,0.33,25.0,0.38,84.1,0.39,140.48,0.4,47.5,0.41,140.49,0.42,55.0,0.02,0.01,2375.979956,1776163884000
1776163886.202,86.202,0.62,87.1,0.61,140.48,0.6,47.5,0.59,157.49,0.58,55.0,0.64,50.5,0.65,41.0,0.66,41.0,0.67,25.0,0.68,27.0,0.36,50.5,0.35,41.0,0.34,41.0,0.33,25.0,0.32,27.0,0.38,87.1,0.39,140.48,0.4,47.5,0.41,157.49,0.42,55.0,0.02,0.02,2375.980851,1776163885000
1776163886.808,86.808,0.63,39.1,0.62,77.1,0.61,140.48,0.6,47.5,0.59,157.49,0.64,60.5,0.65,46.0,0.66,41.0,0.67,25.0,0.68,20.0,0.36,50.5,0.35,41.0,0.34,41.0,0.33,25.0,0.32,27.0,0.38,87.1,0.39,140.48,0.4,47.5,0.41,157.49,0.42,55.0,0.01,0.02,2375.980851,1776163885000
1776163887.022,87.022,0.63,13.74,0.62,82.1,0.61,135.48,0.6,47.5,0.59,157.49,0.64,60.5,0.65,46.0,0.66,41.0,0.67,25.0,0.68,20.0,0.36,55.5,0.35,46.0,0.34,41.0,0.33,25.0,0.32,20.0,0.37,18.83,0.38,82.1,0.39,135.48,0.4,47.5,0.41,157.49,0.01,0.01,2375.980851,1776163885000
1776163887.32,87.32,0.63,13.74,0.62,82.1,0.61,135.48,0.6,47.5,0.59,157.49,0.64,60.5,0.65,46.0,0.66,41.0,0.67,25.0,0.68,20.0,0.36,60.5,0.35,46.0,0.34,41.0,0.33,25.0,0.32,20.0,0.37,13.74,0.38,82.1,0.39,135.48,0.4,47.5,0.41,157.49,0.01,0.01,2375.948773,1776163886000
1776163887.605,87.605,0.63,13.74,0.62,87.1,0.61,135.48,0.6,47.5,0.59,157.49,0.64,50.5,0.65,46.0,0.66,41.0,0.67,25.0,0.68,20.0,0.36,60.5,0.35,46.0,0.34,41.0,0.33,25.0,0.32,20.0,0.37,13.74,0.38,82.1,0.39,135.48,0.4,47.5,0.41,157.49,0.01,0.01,2375.948773,1776163886000
1776163888.221,88.221,0.63,13.84,0.62,87.1,0.61,135.48,0.6,47.5,0.59,62.43,0.64,56.6,0.65,46.0,0.66,41.0,0.67,25.0,0.68,20.0,0.36,50.5,0.35,46.0,0.34,41.0,0.33,25.0,0.32,20.0,0.37,13.74,0.38,87.1,0.39,135.48,0.4,47.5,0.41,157.49,0.01,0.01,2375.948773,1776163886000
1776163888.62,88.62,0.63,23.84,0.62,87.1,0.61,135.48,0.6,47.5,0.59,157.49,0.64,64.42,0.65,100.34,0.66,41.0,0.67,25.0,0.68,20.0,0.36,56.6,0.35,46.0,0.34,41.0,0.33,25.0,0.32,20.0,0.37,13.84,0.38,87.1,0.39,135.48,0.4,47.5,0.41,62.43,0.01,0.01,2375.952078,1776163887000
1776163889.077,89.077,0.63,23.84,0.62,87.1,0.61,135.48,0.6,172.49,0.59,62.43,0.64,31.15,0.65,79.34,0.66,20.0,0.67,25.0,0.68,20.0,0.36,31.15,0.35,79.34,0.34,20.0,0.33,25.0,0.32,20.0,0.37,23.84,0.38,87.1,0.39,135.48,0.4,172.49,0.41,62.43,0.01,0.01,2375.952084,1776163888000
1776163889.602,89.602,0.63,33.84,0.62,103.1,0.61,156.48,0.6,68.5,0.59,62.43,0.64,15.5,0.65,25.0,0.66,20.0,0.67,20.0,0.68,20.0,0.36,31.15,0.35,79.34,0.34,20.0,0.33,25.0,0.32,20.0,0.37,23.84,0.38,87.1,0.39,135.48,0.4,172.49,0.41,62.43,0.01,0.01,2375.952084,1776163888000
1776163889.881,89.881,0.63,34.84,0.62,113.1,0.61,151.48,0.6,173.49,0.59,62.43,0.64,5.0,0.65,35.5,0.66,20.0,0.67,25.0,0.68,20.0,0.36,10.5,0.35,25.0,0.34,20.0,0.33,25.0,0.32,20.0,0.37,33.84,0.38,108.1,0.39,156.48,0.4,68.5,0.41,62.43,0.01,0.01,2375.952084,1776163888000
1776163890.166,90.166,0.63,34.84,0.62,113.1,0.61,151.48,0.6,173.49,0.59,62.43,0.64,5.0,0.65,35.5,0.66,20.0,0.67,25.0,0.68,20.0,0.36,5.0,0.35,35.5,0.34,20.0,0.33,25.0,0.32,20.0,0.37,34.84,0.38,113.1,0.39,151.48,0.4,173.49,0.41,62.43,0.01,0.01,2375.974428,1776163889000
1776163891.256,91.256,0.63,34.84,0.62,113.1,0.61,151.48,0.6,173.49,0.59,62.43,0.64,5.0,0.65,35.5,0.66,20.0,0.67,25.0,0.68,20.0,0.36,5.0,0.35,35.5,0.34,20.0,0.33,25.0,0.32,20.0,0.37,34.84,0.38,113.1,0.39,151.48,0.4,173.49,0.41,62.43,0.01,0.01,2375.956261,1776163890000
1776163891.626,91.626,0.63,49.84,0.62,128.6,0.61,151.48,0.6,179.49,0.59,77.43,0.65,25.5,0.66,20.0,0.67,25.0,0.68,20.0,0.69,27.0,0.36,5.0,0.35,35.5,0.34,20.0,0.33,25.0,0.32,20.0,0.37,34.84,0.38,113.1,0.39,151.48,0.4,173.49,0.41,62.43,0.02,0.01,2375.956261,1776163890000
1776163892.509,92.509,0.63,49.84,0.62,128.6,0.61,151.48,0.6,179.49,0.59,77.43,0.65,25.5,0.66,20.0,0.67,25.0,0.68,20.0,0.69,27.0,0.35,25.5,0.34,20.0,0.33,25.0,0.32,20.0,0.31,27.0,0.37,49.84,0.38,128.6,0.39,151.48,0.4,179.49,0.41,77.43,0.02,0.02,2375.969524,1776163891000
1776163892.997,92.997,0.63,49.84,0.62,128.6,0.61,151.48,0.6,179.49,0.59,77.43,0.65,25.5,0.66,20.0,0.67,25.0,0.68,20.0,0.69,27.0,0.35,25.5,0.34,20.0,0.33,25.0,0.32,20.0,0.31,27.0,0.37,49.84,0.38,128.6,0.39,151.48,0.4,179.49,0.41,77.43,0.02,0.02,2375.969526,1776163892000
1776163893.199,93.199,0.64,92.0,0.63,125.84,0.62,74.5,0.61,35.5,0.6,176.49,0.66,29.5,0.67,30.0,0.68,25.0,0.69,25.0,0.7,32.0,0.35,25.5,0.34,20.0,0.33,25.0,0.32,20.0,0.31,27.0,0.37,49.84,0.38,128.6,0.39,151.48,0.4,179.49,0.41,77.43,0.02,0.02,2375.969526,1776163892000
1776163893.617,93.617,0.65,51.0,0.64,199.0,0.63,125.74,0.62,61.5,0.61,35.5,0.66,18.5,0.67,30.0,0.68,25.0,0.69,25.0,0.7,32.0,0.34,18.5,0.33,30.0,0.32,25.0,0.31,25.0,0.3,32.0,0.36,92.0,0.37,125.84,0.38,74.5,0.39,35.5,0.4,176.49,0.01,0.02,2375.969526,1776163892000
1776163894.107,94.107,0.65,51.0,0.64,199.0,0.63,125.74,0.62,61.5,0.61,35.5,0.66,18.5,0.67,30.0,0.68,25.0,0.69,25.0,0.7,32.0,0.34,18.5,0.33,30.0,0.32,25.0,0.31,25.0,0.3,32.0,0.35,51.0,0.36,199.0,0.37,125.74,0.38,61.5,0.39,35.5,0.01,0.01,2375.983863,1776163893000
1776163895.088,95.088,0.65,51.0,0.64,199.0,0.63,120.74,0.62,61.5,0.61,35.5,0.66,23.5,0.67,21.0,0.68,25.0,0.69,25.0,0.7,25.0,0.34,25.5,0.33,20.0,0.32,25.0,0.31,25.0,0.3,32.0,0.35,51.0,0.36,199.0,0.37,120.74,0.38,61.5,0.39,35.5,0.01,0.01,2375.983863,1776163893000
1776163896.433,96.433,0.65,51.0,0.64,199.0,0.63,120.74,0.62,61.5,0.61,35.5,0.66,23.5,0.67,21.0,0.68,25.0,0.69,25.0,0.7,25.0,0.34,23.5,0.33,21.0,0.32,25.0,0.31,25.0,0.3,25.0,0.35,51.0,0.36,199.0,0.37,120.74,0.38,61.5,0.39,35.5,0.01,0.01,2376.103385,1776163895000
1776163897.058,97.058,0.65,81.0,0.64,178.0,0.63,120.74,0.62,61.5,0.61,161.49,0.66,11.13,0.67,31.5,0.68,25.0,0.69,25.0,0.7,25.0,0.34,13.32,0.33,21.0,0.32,25.0,0.31,25.0,0.3,25.0,0.35,86.0,0.36,178.0,0.37,120.74,0.38,61.5,0.39,56.5,0.01,0.01,2376.103385,1776163895000
1776163897.425,97.425,0.65,86.0,0.64,178.0,0.63,131.24,0.62,61.5,0.61,161.49,0.66,4.54,0.67,31.5,0.68,25.0,0.69,25.0,0.7,25.0,0.34,4.54,0.33,31.5,0.32,25.0,0.31,25.0,0.3,25.0,0.35,86.0,0.36,178.0,0.37,131.24,0.38,61.5,0.39,161.49,0.01,0.01,2376.09866,1776163896000
1776163897.981,97.981,0.65,86.0,0.64,178.0,0.63,131.24,0.62,61.5,0.61,161.49,0.66,4.54,0.67,31.5,0.68,25.0,0.69,25.0,0.7,25.0,0.34,4.54,0.33,31.5,0.32,25.0,0.31,25.0,0.3,25.0,0.35,86.0,0.36,178.0,0.37,131.24,0.38,61.5,0.39,161.49,0.01,0.01,2376.096355,1776163897000
1776163898.592,98.592,0.66,71.0,0.65,63.0,0.64,279.5,0.63,61.24,0.62,165.49,0.68,35.5,0.69,25.0,0.7,25.0,0.71,123.5,0.72,75.89,0.34,3.02,0.33,31.5,0.32,25.0,0.31,25.0,0.3,25.0,0.35,91.0,0.36,183.0,0.37,131.24,0.38,61.5,0.39,176.49,0.02,0.01,2376.096355,1776163897000
1776163898.863,98.863,0.67,71.42,0.66,33.0,0.65,63.0,0.64,266.5,0.63,61.24,0.68,25.5,0.69,25.0,0.7,25.0,0.71,123.5,0.72,75.89,0.32,35.5,0.31,25.0,0.3,25.0,0.29,123.5,0.28,75.89,0.34,71.0,0.35,63.0,0.36,279.5,0.37,61.24,0.38,165.49,0.01,0.02,2376.096355,1776163897000
1776163899.118,99.118,0.67,71.42,0.66,33.0,0.65,63.0,0.64,266.5,0.63,61.24,0.68,25.5,0.69,25.0,0.7,25.0,0.71,123.5,0.72,75.89,0.32,25.5,0.31,25.0,0.3,25.0,0.29,123.5,0.28,75.89,0.33,71.42,0.34,33.0,0.35,63.0,0.36,266.5,0.37,61.24,0.01,0.01,2376.123275,1776163898000
1776163900.079,100.079,0.67,71.42,0.66,33.0,0.65,63.0,0.64,266.5,0.63,61.24,0.68,25.5,0.69,25.0,0.7,25.0,0.71,123.5,0.72,75.89,0.32,25.5,0.31,25.0,0.3,25.0,0.29,123.5,0.28,75.89,0.33,71.42,0.34,33.0,0.35,63.0,0.36,266.5,0.37,61.24,0.01,0.01,2376.10858,1776163899000
1776163900.613,100.613,0.67,76.51,0.66,33.0,0.65,58.0,0.64,245.5,0.63,61.24,0.68,23.33,0.69,25.0,0.7,46.0,0.71,123.5,0.72,75.89,0.32,25.5,0.31,25.0,0.3,25.0,0.29,123.5,0.28,75.89,0.33,71.42,0.34,33.0,0.35,63.0,0.36,266.5,0.37,61.24,0.01,0.01,2376.10858,1776163899000
1776163900.86,100.86,0.67,81.51,0.66,38.0,0.65,58.0,0.64,245.5,0.63,40.24,0.68,14.01,0.69,25.0,0.7,46.0,0.71,123.5,0.72,75.89,0.32,21.16,0.31,25.0,0.3,46.0,0.29,123.5,0.28,75.89,0.33,76.51,0.34,33.0,0.35,58.0,0.36,245.5,0.37,61.24,0.01,0.01,2376.10858,1776163899000
1776163901.061,101.061,0.67,81.51,0.66,38.0,0.65,58.0,0.64,245.5,0.63,40.24,0.68,14.01,0.69,25.0,0.7,46.0,0.71,123.5,0.72,75.89,0.32,14.01,0.31,25.0,0.3,46.0,0.29,123.5,0.28,75.89,0.33,81.51,0.34,38.0,0.35,58.0,0.36,245.5,0.37,40.24,0.01,0.01,2376.154305,1776163900000
1776163901.317,101.317,0.67,77.87,0.66,38.0,0.65,58.0,0.64,245.5,0.63,147.23,0.68,5.0,0.69,35.5,0.7,46.0,0.71,123.5,0.72,68.89,0.32,14.01,0.31,25.0,0.3,46.0,0.29,123.5,0.28,75.89,0.33,81.51,0.34,38.0,0.35,58.0,0.36,245.5,0.37,40.24,0.01,0.01,2376.154305,1776163900000
1776163901.605,101.605,0.68,73.0,0.67,74.87,0.66,33.0,0.65,55.0,0.64,245.5,0.69,25.93,0.7,46.0,0.71,123.5,0.72,68.89,0.73,92.3,0.31,25.93,0.3,46.0,0.29,123.5,0.28,68.89,0.27,92.3,0.33,77.87,0.34,38.0,0.35,58.0,0.36,245.5,0.37,147.23,0.01,0.02,2376.154305,1776163900000
1776163901.972,101.972,0.68,48.0,0.67,74.87,0.66,28.0,0.65,65.5,0.64,245.5,0.69,24.33,0.7,46.0,0.71,123.5,0.72,68.89,0.73,92.3,0.31,24.33,0.3,46.0,0.29,123.5,0.28,68.89,0.27,92.3,0.32,48.0,0.33,74.87,0.34,28.0,0.35,65.5,0.36,245.5,0.01,0.01,2376.174589,1776163901000
1776163902.675,102.675,0.68,39.56,0.67,74.87,0.66,28.0,0.65,65.5,0.64,357.49,0.69,14.33,0.7,46.0,0.71,123.5,0.72,68.89,0.73,92.3,0.31,24.33,0.3,46.0,0.29,123.5,0.28,68.89,0.27,92.3,0.32,39.56,0.33,74.87,0.34,28.0,0.35,65.5,0.36,357.49,0.01,0.01,2376.174589,1776163901000
1776163902.937,102.937,0.68,41.12,0.67,74.87,0.66,28.0,0.65,65.5,0.64,357.49,0.69,19.33,0.7,46.0,0.71,123.5,0.72,68.89,0.73,92.3,0.31,19.33,0.3,46.0,0.29,123.5,0.28,68.89,0.27,92.3,0.32,41.12,0.33,74.87,0.34,28.0,0.35,65.5,0.36,357.49,0.01,0.01,2376.174589,1776163902000
1776163903.825,103.825,0.68,4.12,0.67,48.09,0.66,28.0,0.65,65.5,0.64,357.49,0.69,14.33,0.7,46.0,0.71,123.5,0.72,68.89,0.73,85.3,0.31,14.33,0.3,46.0,0.29,123.5,0.28,68.89,0.27,85.3,0.32,4.12,0.33,48.09,0.34,28.0,0.35,65.5,0.36,357.49,0.01,0.01,2376.190648,1776163903000
1776163904.21,104.21,0.68,12.24,0.67,48.09,0.66,28.0,0.65,65.5,0.64,245.5,0.69,35.33,0.7,25.0,0.71,85.0,0.72,47.89,0.73,85.3,0.31,40.33,0.3,25.0,0.29,85.0,0.28,47.89,0.27,85.3,0.32,15.68,0.33,48.09,0.34,28.0,0.35,65.5,0.36,245.5,0.01,0.01,2376.190648,1776163903000
1776163905.216,105.216,0.68,12.24,0.67,48.09,0.66,28.0,0.65,65.5,0.64,245.5,0.69,35.33,0.7,25.0,0.71,85.0,0.72,47.89,0.73,85.3,0.31,35.33,0.3,25.0,0.29,85.0,0.28,47.89,0.27,85.3,0.32,12.24,0.33,48.09,0.34,28.0,0.35,65.5,0.36,245.5,0.01,0.01,2376.18637,1776163904000
1776163906.323,106.323,0.68,12.24,0.67,48.09,0.66,28.0,0.65,65.5,0.64,245.5,0.69,35.33,0.7,25.0,0.71,85.0,0.72,47.89,0.73,85.3,0.31,35.33,0.3,25.0,0.29,85.0,0.28,47.89,0.27,85.3,0.32,12.24,0.33,48.09,0.34,28.0,0.35,65.5,0.36,245.5,0.01,0.01,2376.166392,1776163905000
1776163906.84,106.84,0.68,35.24,0.67,48.09,0.66,33.0,0.65,86.5,0.64,210.49,0.69,8.0,0.7,25.5,0.71,85.0,0.72,42.89,0.73,43.3,0.31,35.33,0.3,25.0,0.29,85.0,0.28,47.89,0.27,85.3,0.32,12.24,0.33,48.09,0.34,28.0,0.35,65.5,0.36,245.5,0.01,0.01,2376.166392,1776163905000
1776163907.196,107.196,0.68,35.24,0.67,48.09,0.66,33.0,0.65,86.5,0.64,210.49,0.69,8.0,0.7,25.5,0.71,85.0,0.72,42.89,0.73,43.3,0.31,8.0,0.3,25.5,0.29,85.0,0.28,42.89,0.27,43.3,0.32,35.24,0.33,48.09,0.34,33.0,0.35,86.5,0.36,210.49,0.01,0.01,2376.166392,1776163906000
1776163908.131,108.131,0.73,33.0,0.72,15.0,0.71,15.0,0.7,48.0,0.69,35.5,0.74,19.86,0.75,40.0,0.76,5.0,0.77,27.0,0.78,51.0,0.31,8.0,0.3,25.5,0.29,85.0,0.28,42.89,0.27,43.3,0.32,35.24,0.33,48.09,0.34,33.0,0.35,86.5,0.36,210.49,0.01,0.01,2376.166392,1776163906000
1776163908.335,108.335,0.75,15.0,0.74,15.0,0.73,10.0,0.72,10.0,0.71,15.0,0.76,36.82,0.77,90.0,0.78,51.0,0.79,72.7,0.8,87.5,0.24,9.0,0.23,90.0,0.22,51.0,0.21,67.7,0.2,87.5,0.25,50.58,0.26,10.0,0.27,20.0,0.28,10.0,0.29,15.0,0.01,0.01,2376.171623,1776163907000
1776163908.644,108.644,0.75,70.4,0.74,123.5,0.73,100.5,0.72,35.5,0.71,25.0,0.76,8.32,0.77,5.0,0.78,26.0,0.79,36.7,0.8,57.5,0.24,9.64,0.23,90.0,0.22,51.0,0.21,72.7,0.2,87.5,0.25,9.9,0.26,10.0,0.27,10.0,0.28,10.0,0.29,15.0,0.01,0.01,2376.171623,1776163907000
1776163908.908,108.908,0.75,75.4,0.74,123.5,0.73,100.5,0.72,55.43,0.71,162.05,0.76,3.67,0.77,5.0,0.78,5.0,0.79,26.7,0.8,52.5,0.24,4.75,0.23,5.0,0.22,5.0,0.21,26.7,0.2,57.5,0.25,88.4,0.26,123.5,0.27,100.5,0.28,35.5,0.29,55.0,0.01,0.01,2376.171623,1776163907000
1776163909.138,109.138,0.75,75.4,0.74,123.5,0.73,100.5,0.72,55.43,0.71,162.05,0.76,3.67,0.77,5.0,0.78,5.0,0.79,26.7,0.8,52.5,0.24,3.67,0.23,5.0,0.22,5.0,0.21,26.7,0.2,52.5,0.25,75.4,0.26,123.5,0.27,100.5,0.28,55.43,0.29,162.05,0.01,0.01,2376.173955,1776163908000
1776163909.464,109.464,0.77,20.0,0.76,29.0,0.75,113.4,0.74,118.5,0.73,105.5,0.8,50.19,0.81,103.4,0.82,56.4,0.83,80.5,0.84,51.8,0.22,5.0,0.21,5.0,0.2,52.5,0.19,103.4,0.18,49.4,0.25,146.4,0.26,123.5,0.27,105.5,0.28,150.49,0.29,66.99,0.03,0.03,2376.173955,1776163908000
1776163909.687,109.687,0.78,10.0,0.77,32.5,0.76,39.5,0.75,115.4,0.74,118.5,0.79,4.59,0.8,50.24,0.81,103.4,0.82,56.4,0.83,80.5,0.2,50.19,0.19,103.4,0.18,56.4,0.17,80.5,0.16,51.8,0.23,20.0,0.24,29.0,0.25,113.4,0.26,118.5,0.27,105.5,0.01,0.03,2376.173955,1776163908000
1776163910.167,110.167,0.78,40.0,0.77,46.5,0.76,34.5,0.75,67.4,0.74,139.5,0.8,70.63,0.81,103.4,0.82,112.4,0.83,93.5,0.84,72.8,0.21,4.59,0.2,50.24,0.19,103.4,0.18,56.4,0.17,80.5,0.22,10.0,0.23,32.5,0.24,39.5,0.25,115.4,0.26,118.5,0.02,0.01,2376.173955,1776163908000
1776163910.438,110.438,0.78,62.55,0.77,46.5,0.76,34.5,0.75,67.4,0.74,139.5,0.79,42.0,0.8,70.63,0.81,103.4,0.82,175.4,0.83,113.5,0.21,42.0,0.2,70.63,0.19,103.4,0.18,175.4,0.17,108.5,0.22,42.35,0.23,46.5,0.24,34.5,0.25,67.4,0.26,139.5,0.01,0.01,2376.34702,1776163909000
1776163910.819,110.819,0.78,38.44,0.77,51.5,0.76,39.5,0.75,67.4,0.74,146.5,0.79,42.0,0.8,70.63,0.81,103.4,0.82,175.4,0.83,113.5,0.21,42.0,0.2,70.63,0.19,103.4,0.18,175.4,0.17,113.5,0.22,62.55,0.23,46.5,0.24,34.5,0.25,67.4,0.26,139.5,0.01,0.01,2376.34702,1776163909000
1776163911.028,111.028,0.78,38.44,0.77,51.5,0.76,39.5,0.75,67.4,0.74,146.5,0.79,42.0,0.8,70.63,0.81,103.4,0.82,175.4,0.83,113.5,0.21,42.0,0.2,70.63,0.19,103.4,0.18,175.4,0.17,113.5,0.22,38.44,0.23,51.5,0.24,39.5,0.25,67.4,0.26,146.5,0.01,0.01,2376.530836,1776163910000
1776163911.275,111.275,0.78,13.89,0.77,41.0,0.76,46.5,0.75,60.4,0.74,139.5,0.8,53.5,0.81,53.4,0.82,49.4,0.83,81.11,0.84,114.8,0.2,47.55,0.19,103.4,0.18,49.4,0.17,123.11,0.16,114.8,0.22,34.89,0.23,41.0,0.24,39.5,0.25,67.4,0.26,146.5,0.02,0.02,2376.530836,1776163910000
1776163912.61,112.61,0.78,13.89,0.77,41.0,0.76,46.5,0.75,60.4,0.74,139.5,0.8,53.5,0.81,53.4,0.82,49.4,0.83,81.11,0.84,114.8,0.2,53.5,0.19,53.4,0.18,49.4,0.17,81.11,0.16,114.8,0.22,13.89,0.23,41.0,0.24,46.5,0.25,60.4,0.26,139.5,0.02,0.02,2376.70375,1776163911000
1776163913.2,113.2,0.78,13.89,0.77,41.0,0.76,46.5,0.75,60.4,0.74,139.5,0.8,53.5,0.81,53.4,0.82,49.4,0.83,81.11,0.84,114.8,0.2,53.5,0.19,53.4,0.18,49.4,0.17,81.11,0.16,114.8,0.22,13.89,0.23,41.0,0.24,46.5,0.25,60.4,0.26,139.5,0.02,0.02,2376.70375,1776163912000
1776163914.333,114.333,0.78,13.89,0.77,41.0,0.76,46.5,0.75,60.4,0.74,139.5,0.8,53.5,0.81,53.4,0.82,49.4,0.83,81.11,0.84,114.8,0.2,53.5,0.19,53.4,0.18,49.4,0.17,81.11,0.16,114.8,0.22,13.89,0.23,41.0,0.24,46.5,0.25,60.4,0.26,139.5,0.02,0.02,2376.68496,1776163913000
1776163914.534,114.534,0.78,17.89,0.77,10.0,0.76,10.0,0.75,30.4,0.74,113.5,0.8,93.05,0.81,98.71,0.82,77.4,0.83,93.5,0.84,88.8,0.2,72.05,0.19,98.71,0.18,77.4,0.17,93.5,0.16,88.8,0.21,11.0,0.22,17.89,0.23,10.0,0.24,10.0,0.25,30.4,0.02,0.01,2376.68496,1776163913000
1776163915.262,115.262,0.78,17.89,0.77,10.0,0.76,10.0,0.75,30.4,0.74,113.5,0.8,93.05,0.81,98.71,0.82,77.4,0.83,93.5,0.84,88.8,0.2,93.05,0.19,98.71,0.18,77.4,0.17,93.5,0.16,88.8,0.22,17.89,0.23,10.0,0.24,10.0,0.25,30.4,0.26,113.5,0.02,0.02,2376.689515,1776163914000
1776163915.491,115.491,0.78,7.89,0.77,10.0,0.76,10.0,0.75,30.4,0.74,113.5,0.79,37.7,0.8,62.55,0.81,93.4,0.82,49.4,0.83,93.5,0.2,93.05,0.19,98.71,0.18,77.4,0.17,93.5,0.16,88.8,0.22,17.89,0.23,10.0,0.24,10.0,0.25,30.4,0.26,113.5,0.01,0.02,2376.689515,1776163914000
1776163915.709,115.709,0.78,3.89,0.77,10.0,0.76,10.0,0.75,30.4,0.74,113.5,0.79,37.7,0.8,62.55,0.81,93.4,0.82,49.4,0.83,93.5,0.21,37.7,0.2,62.55,0.19,93.4,0.18,49.4,0.17,93.5,0.22,7.89,0.23,10.0,0.24,10.0,0.25,30.4,0.26,113.5,0.01,0.01,2376.689515,1776163914000
1776163916.305,116.305,0.77,0.89,0.76,10.0,0.75,30.4,0.74,113.5,0.73,107.5,0.79,37.7,0.8,62.55,0.81,93.4,0.82,49.4,0.83,93.5,0.21,37.7,0.2,62.55,0.19,93.4,0.18,49.4,0.17,93.5,0.23,0.89,0.24,10.0,0.25,30.4,0.26,113.5,0.27,107.5,0.02,0.02,2376.68962,1776163915000
1776163917.188,117.188,0.77,0.89,0.76,10.0,0.75,30.4,0.74,113.5,0.73,107.5,0.79,37.7,0.8,62.55,0.81,93.4,0.82,49.4,0.83,93.5,0.21,37.7,0.2,62.55,0.19,93.4,0.18,49.4,0.17,93.5,0.23,0.89,0.24,10.0,0.25,30.4,0.26,113.5,0.27,107.5,0.02,0.02,2376.583815,1776163916000
1776163918.08,118.08,0.77,0.89,0.76,10.0,0.75,30.4,0.74,113.5,0.73,107.5,0.79,37.7,0.8,62.55,0.81,93.4,0.82,49.4,0.83,93.5,0.21,37.7,0.2,62.55,0.19,93.4,0.18,49.4,0.17,93.5,0.23,0.89,0.24,10.0,0.25,30.4,0.26,113.5,0.27,107.5,0.02,0.02,2376.581935,1776163917000
1776163918.852,118.852,0.78,50.41,0.77,21.39,0.76,30.5,0.75,30.4,0.74,141.5,0.79,57.7,0.8,57.55,0.81,98.4,0.82,49.4,0.83,135.5,0.21,37.7,0.2,62.55,0.19,93.4,0.18,49.4,0.17,93.5,0.23,0.89,0.24,10.0,0.25,30.4,0.26,113.5,0.27,107.5,0.01,0.02,2376.581935,1776163917000
1776163919.103,119.103,0.78,34.73,0.77,11.39,0.76,30.5,0.75,51.4,0.74,141.5,0.79,52.7,0.8,57.55,0.81,98.4,0.82,49.4,0.83,135.5,0.21,52.7,0.2,57.55,0.19,98.4,0.18,49.4,0.17,135.5,0.22,34.73,0.23,11.39,0.24,30.5,0.25,51.4,0.26,141.5,0.01,0.01,2376.563935,1776163918000
1776163919.767,119.767,0.7,10.0,0.69,15.09,0.68,20.0,0.67,25.09,0.66,20.0,0.73,34.0,0.74,10.0,0.75,55.0,0.76,80.0,0.77,10.0,0.21,52.7,0.2,57.55,0.19,98.4,0.18,49.4,0.17,135.5,0.22,34.73,0.23,11.39,0.24,30.5,0.25,51.4,0.26,141.5,0.03,0.01,2376.563935,1776163918000
1776163920.088,120.088,0.7,9.9,0.69,15.09,0.68,20.0,0.67,25.09,0.66,20.0,0.71,55.0,0.73,134.0,0.74,10.0,0.75,60.0,0.76,80.0,0.29,55.0,0.27,134.0,0.26,10.0,0.25,60.0,0.24,80.0,0.3,9.9,0.31,15.09,0.32,20.0,0.33,25.09,0.34,20.0,0.01,0.01,2376.567615,1776163919000
1776163920.353,120.353,0.69,24.42,0.68,20.0,0.67,25.09,0.66,20.0,0.65,50.0,0.71,95.0,0.72,5.0,0.73,128.0,0.74,10.0,0.75,108.11,0.29,55.0,0.27,134.0,0.26,10.0,0.25,60.0,0.24,80.0,0.3,9.9,0.31,15.09,0.32,20.0,0.33,25.09,0.34,20.0,0.02,0.01,2376.567615,1776163919000
1776163920.936,120.936,0.7,11.0,0.69,24.42,0.68,20.0,0.67,46.09,0.66,20.0,0.71,89.58,0.72,5.0,0.73,133.0,0.74,10.0,0.75,60.0,0.29,84.58,0.28,5.0,0.27,128.0,0.26,10.0,0.25,108.11,0.3,10.0,0.31,24.42,0.32,20.0,0.33,25.09,0.34,20.0,0.01,0.01,2376.567615,1776163919000
1776163921.341,121.341,0.7,11.0,0.69,24.42,0.68,20.0,0.67,25.09,0.66,20.0,0.71,84.38,0.72,10.0,0.73,128.0,0.74,10.0,0.75,60.0,0.29,84.58,0.28,5.0,0.27,133.0,0.26,10.0,0.25,60.0,0.3,11.0,0.31,24.42,0.32,20.0,0.33,46.09,0.34,20.0,0.01,0.01,2376.59002,1776163920000
1776163921.655,121.655,0.7,21.5,0.69,24.42,0.68,20.0,0.67,25.09,0.66,20.0,0.71,70.99,0.72,15.0,0.73,94.0,0.74,20.0,0.75,70.0,0.29,84.38,0.28,10.0,0.27,128.0,0.26,10.0,0.25,60.0,0.3,11.0,0.31,24.42,0.32,20.0,0.33,25.09,0.34,20.0,0.01,0.01,2376.59002,1776163920000
1776163922.178,122.178,0.7,21.5,0.69,24.42,0.68,20.0,0.67,25.09,0.66,20.0,0.71,70.99,0.72,15.0,0.73,94.0,0.74,20.0,0.75,70.0,0.29,70.99,0.28,15.0,0.27,94.0,0.26,20.0,0.25,70.0,0.3,21.5,0.31,24.42,0.32,20.0,0.33,25.09,0.34,20.0,0.01,0.01,2376.21328,1776163921000
1776163922.453,122.453,0.7,32.5,0.69,24.42,0.68,20.0,0.67,25.09,0.66,97.0,0.71,20.06,0.72,21.0,0.73,25.0,0.75,45.0,0.76,118.7,0.29,54.73,0.28,5.0,0.27,63.0,0.26,10.0,0.25,81.0,0.3,21.5,0.31,24.42,0.32,20.0,0.33,25.09,0.34,41.0,0.01,0.01,2376.21328,1776163921000
1776163922.891,122.891,0.72,53.5,0.71,88.54,0.7,38.5,0.69,152.41,0.68,59.0,0.76,89.0,0.77,44.3,0.78,36.0,0.79,74.4,0.8,47.5,0.27,25.0,0.25,45.0,0.24,123.7,0.23,60.3,0.22,42.0,0.3,43.5,0.31,29.42,0.32,25.0,0.33,30.09,0.34,102.0,0.04,0.03,2376.21328,1776163921000
1776163923.252,123.252,0.72,53.5,0.71,88.54,0.7,38.5,0.69,152.41,0.68,59.0,0.76,89.0,0.77,44.3,0.78,36.0,0.79,74.4,0.8,47.5,0.24,89.0,0.23,44.3,0.22,36.0,0.21,74.4,0.2,47.5,0.28,53.5,0.29,88.54,0.3,38.5,0.31,152.41,0.32,59.0,0.04,0.04,2376.153835,1776163922000
1776163923.483,123.483,0.73,25.0,0.72,15.0,0.71,22.04,0.7,84.5,0.69,29.42,0.75,5.0,0.76,131.0,0.77,59.91,0.78,88.0,0.79,74.4,0.24,89.0,0.23,44.3,0.22,36.0,0.21,74.4,0.2,47.5,0.28,53.5,0.29,88.54,0.3,38.5,0.31,152.41,0.32,59.0,0.02,0.04,2376.153835,1776163922000
1776163923.916,123.916,0.72,24.0,0.71,53.54,0.7,126.5,0.69,50.42,0.68,52.0,0.73,63.0,0.74,5.0,0.75,83.0,0.76,150.7,0.77,80.91,0.27,76.0,0.25,78.0,0.24,105.0,0.23,80.91,0.22,118.0,0.29,22.04,0.3,105.5,0.31,50.42,0.32,52.0,0.33,51.09,0.01,0.02,2376.153835,1776163922000
1776163924.202,124.202,0.72,6.42,0.71,32.54,0.7,21.5,0.69,39.42,0.68,31.0,0.73,41.0,0.74,15.0,0.75,30.0,0.76,160.7,0.77,80.91,0.27,53.0,0.26,5.0,0.25,83.0,0.24,150.7,0.23,80.91,0.28,20.07,0.29,53.54,0.3,126.5,0.31,60.42,0.32,52.0,0.01,0.01,2376.153835,1776163922000
1776163924.712,124.712,0.71,31.15,0.7,21.5,0.69,39.42,0.68,31.0,0.67,30.09,0.73,41.0,0.74,15.0,0.75,36.0,0.76,160.7,0.77,80.91,0.27,36.0,0.26,15.0,0.25,30.0,0.24,160.7,0.23,80.91,0.28,2.49,0.29,32.54,0.3,21.5,0.31,39.42,0.32,31.0,0.02,0.01,2376.219875,1776163923000
1776163925.059,125.059,0.72,6.07,0.71,36.24,0.7,21.5,0.69,39.42,0.68,25.0,0.73,36.0,0.74,20.0,0.75,36.0,0.76,160.7,0.77,80.91,0.27,41.0,0.26,15.0,0.25,36.0,0.24,160.7,0.23,80.91,0.29,31.15,0.3,21.5,0.31,39.42,0.32,31.0,0.33,30.09,0.01,0.02,2376.219875,1776163923000
1776163925.798,125.798,0.72,6.07,0.71,36.24,0.7,21.5,0.69,39.42,0.68,25.0,0.73,36.0,0.74,20.0,0.75,36.0,0.76,160.7,0.77,80.91,0.27,36.0,0.26,20.0,0.25,36.0,0.24,160.7,0.23,80.91,0.28,6.07,0.29,36.24,0.3,21.5,0.31,39.42,0.32,25.0,0.01,0.01,2376.27565,1776163924000
1776163926.309,126.309,0.72,6.07,0.71,36.24,0.7,21.5,0.69,39.42,0.68,25.0,0.73,36.0,0.74,20.0,0.75,36.0,0.76,160.7,0.77,80.91,0.27,36.0,0.26,20.0,0.25,36.0,0.24,160.7,0.23,80.91,0.28,6.07,0.29,36.24,0.3,21.5,0.31,39.42,0.32,25.0,0.01,0.01,2376.26812,1776163925000
1776163926.533,126.533,0.75,13.0,0.74,44.0,0.73,31.5,0.72,43.57,0.71,185.29,0.76,20.66,0.77,55.3,0.78,46.0,0.79,79.4,0.8,83.5,0.24,18.09,0.23,50.3,0.22,46.0,0.21,79.4,0.2,83.5,0.25,25.0,0.26,39.0,0.27,41.5,0.28,22.57,0.29,164.29,0.01,0.01,2376.26812,1776163925000
1776163926.754,126.754,0.74,29.82,0.73,25.5,0.72,16.57,0.71,164.29,0.7,107.5,0.76,22.44,0.77,55.3,0.78,51.0,0.79,74.4,0.8,83.5,0.24,22.44,0.23,55.3,0.22,51.0,0.21,74.4,0.2,83.5,0.25,1.91,0.26,33.0,0.27,25.5,0.28,16.57,0.29,164.29,0.02,0.01,2376.26812,1776163925000
1776163927.285,127.285,0.74,24.73,0.73,25.5,0.72,16.57,0.71,164.29,0.7,107.5,0.76,27.44,0.77,55.3,0.78,51.0,0.79,74.4,0.8,83.5,0.24,27.44,0.23,55.3,0.22,51.0,0.21,74.4,0.2,83.5,0.26,24.73,0.27,25.5,0.28,16.57,0.29,164.29,0.3,107.5,0.02,0.02,2376.287585,1776163926000
1776163928.262,128.262,0.74,24.73,0.73,25.5,0.72,16.57,0.71,164.29,0.7,107.5,0.76,27.44,0.77,55.3,0.78,51.0,0.79,74.4,0.8,83.5,0.24,27.44,0.23,55.3,0.22,51.0,0.21,74.4,0.2,83.5,0.26,24.73,0.27,25.5,0.28,16.57,0.29,164.29,0.3,107.5,0.02,0.02,2376.39066,1776163927000
1776163928.558,128.558,0.75,17.0,0.74,51.23,0.73,35.5,0.72,31.57,0.71,164.29,0.76,17.57,0.77,35.0,0.78,51.0,0.79,79.4,0.8,104.5,0.24,19.15,0.23,35.0,0.22,51.0,0.21,79.4,0.2,104.5,0.26,46.23,0.27,35.5,0.28,31.57,0.29,164.29,0.3,122.5,0.01,0.02,2376.39066,1776163927000
1776163929.201,129.201,0.75,17.0,0.74,51.23,0.73,35.5,0.72,31.57,0.71,164.29,0.76,17.57,0.77,35.0,0.78,51.0,0.79,79.4,0.8,104.5,0.24,17.57,0.23,35.0,0.22,51.0,0.21,79.4,0.2,104.5,0.25,17.0,0.26,51.23,0.27,35.5,0.28,31.57,0.29,164.29,0.01,0.01,2376.36375,1776163928000
1776163930.195,130.195,0.75,17.0,0.74,51.23,0.73,35.5,0.72,31.57,0.71,164.29,0.76,17.57,0.77,35.0,0.78,51.0,0.79,79.4,0.8,104.5,0.24,17.57,0.23,35.0,0.22,51.0,0.21,79.4,0.2,104.5,0.25,17.0,0.26,51.23,0.27,35.5,0.28,31.57,0.29,164.29,0.01,0.01,2376.364045,1776163929000
1776163931.182,131.182,0.75,17.0,0.74,51.23,0.73,35.5,0.72,31.57,0.71,164.29,0.76,17.57,0.77,35.0,0.78,51.0,0.79,79.4,0.8,104.5,0.24,17.57,0.23,35.0,0.22,51.0,0.21,79.4,0.2,104.5,0.25,17.0,0.26,51.23,0.27,35.5,0.28,31.57,0.29,164.29,0.01,0.01,2376.36959,1776163930000
1776163932.19,132.19,0.75,17.0,0.74,51.23,0.73,35.5,0.72,31.57,0.71,164.29,0.76,17.57,0.77,35.0,0.78,51.0,0.79,79.4,0.8,104.5,0.24,17.57,0.23,35.0,0.22,51.0,0.21,79.4,0.2,104.5,0.25,17.0,0.26,51.23,0.27,35.5,0.28,31.57,0.29,164.29,0.01,0.01,2376.392173,1776163931000
1776163932.577,132.577,0.76,81.5,0.75,50.77,0.74,51.73,0.73,56.5,0.72,122.57,0.77,8.0,0.78,5.0,0.79,36.7,0.8,47.5,0.81,78.4,0.24,17.57,0.23,35.0,0.22,51.0,0.21,79.4,0.2,104.5,0.25,17.0,0.26,51.23,0.27,35.5,0.28,31.57,0.29,164.29,0.01,0.01,2376.392173,1776163931000
1776163932.879,132.879,0.8,11.0,0.78,129.5,0.77,42.0,0.76,138.5,0.75,50.77,0.81,15.0,0.82,15.0,0.83,50.5,0.84,121.8,0.85,88.2,0.21,21.7,0.2,27.5,0.19,28.4,0.18,39.4,0.17,55.5,0.22,7.0,0.24,205.5,0.25,50.77,0.26,51.73,0.27,126.5,0.01,0.01,2376.392173,1776163931000
1776163933.184,133.184,0.8,11.0,0.79,15.0,0.78,58.5,0.77,42.0,0.76,138.5,0.81,15.28,0.82,25.0,0.83,50.5,0.84,121.8,0.85,88.2,0.19,15.28,0.18,25.0,0.17,50.5,0.16,121.8,0.15,88.2,0.2,11.0,0.21,15.0,0.22,58.5,0.23,42.0,0.24,138.5,0.01,0.01,2376.37628,1776163932000
1776163934.103,134.103,0.8,11.0,0.79,15.0,0.78,58.5,0.77,42.0,0.76,138.5,0.81,15.28,0.82,25.0,0.83,50.5,0.84,121.8,0.85,88.2,0.19,15.28,0.18,25.0,0.17,50.5,0.16,121.8,0.15,88.2,0.2,11.0,0.21,15.0,0.22,58.5,0.23,42.0,0.24,138.5,0.01,0.01,2376.411512,1776163933000
1776163934.931,134.931,0.8,50.72,0.79,35.5,0.78,63.5,0.77,51.09,0.76,138.5,0.81,14.07,0.82,30.61,0.83,50.5,0.84,121.8,0.85,99.2,0.19,15.28,0.18,25.0,0.17,50.5,0.16,121.8,0.15,88.2,0.2,11.0,0.21,15.0,0.22,58.5,0.23,42.0,0.24,138.5,0.01,0.01,2376.411512,1776163933000
1776163935.241,135.241,0.8,45.72,0.79,35.5,0.78,63.5,0.77,51.09,0.76,138.5,0.81,2.07,0.82,30.61,0.83,50.5,0.84,121.8,0.85,99.2,0.19,14.07,0.18,30.61,0.17,50.5,0.16,121.8,0.15,99.2,0.2,50.72,0.21,35.5,0.22,63.5,0.23,51.09,0.24,138.5,0.01,0.01,2376.51455,1776163934000
1776163936.049,136.049,0.8,45.72,0.79,35.5,0.78,63.5,0.77,51.09,0.76,138.5,0.81,2.07,0.82,30.61,0.83,50.5,0.84,121.8,0.85,99.2,0.19,2.07,0.18,30.61,0.17,50.5,0.16,121.8,0.15,99.2,0.2,45.72,0.21,35.5,0.22,63.5,0.23,51.09,0.24,138.5,0.01,0.01,2376.578579,1776163935000
1776163937.146,137.146,0.8,45.72,0.79,35.5,0.78,63.5,0.77,51.09,0.76,138.5,0.81,2.07,0.82,30.61,0.83,50.5,0.84,121.8,0.85,99.2,0.19,2.07,0.18,30.61,0.17,50.5,0.16,121.8,0.15,99.2,0.2,45.72,0.21,35.5,0.22,63.5,0.23,51.09,0.24,138.5,0.01,0.01,2376.592932,1776163936000
1776163938.503,138.503,0.8,45.72,0.79,35.5,0.78,63.5,0.77,51.09,0.76,138.5,0.81,2.07,0.82,30.61,0.83,50.5,0.84,121.8,0.85,99.2,0.19,2.07,0.18,30.61,0.17,50.5,0.16,121.8,0.15,99.2,0.2,45.72,0.21,35.5,0.22,63.5,0.23,51.09,0.24,138.5,0.01,0.01,2376.619857,1776163937000
1776163938.904,138.904,0.81,109.22,0.8,56.59,0.79,35.5,0.78,63.5,0.77,127.09,0.83,32.44,0.84,121.8,0.85,88.2,0.86,71.9,0.87,61.8,0.19,2.07,0.18,30.61,0.17,50.5,0.16,121.8,0.15,99.2,0.2,45.72,0.21,35.5,0.22,63.5,0.23,51.09,0.24,138.5,0.02,0.01,2376.619857,1776163937000
1776163939.32,139.32,0.82,64.72,0.81,58.59,0.8,56.59,0.79,35.5,0.78,69.5,0.83,16.18,0.84,133.11,0.85,88.2,0.86,71.9,0.87,61.8,0.17,18.44,0.16,133.11,0.15,88.2,0.14,71.9,0.13,61.8,0.18,27.0,0.19,99.59,0.2,56.59,0.21,35.5,0.22,63.5,0.01,0.01,2376.610612,1776163938000
1776163939.98,139.98,0.82,83.27,0.81,58.59,0.8,56.59,0.79,35.5,0.78,69.5,0.83,36.83,0.84,100.0,0.85,88.2,0.86,65.9,0.87,67.8,0.17,23.89,0.16,133.11,0.15,88.2,0.14,71.9,0.13,61.8,0.18,64.72,0.19,58.59,0.2,56.59,0.21,35.5,0.22,69.5,0.01,0.01,2376.610612,1776163938000
1776163941.12,141.12,0.82,83.27,0.81,58.59,0.8,56.59,0.79,35.5,0.78,69.5,0.83,36.83,0.84,100.0,0.85,88.2,0.86,65.9,0.87,67.8,0.17,36.83,0.16,100.0,0.15,88.2,0.14,65.9,0.13,67.8,0.18,83.27,0.19,58.59,0.2,56.59,0.21,35.5,0.22,69.5,0.01,0.01,2376.706866,1776163940000
1776163942.096,142.096,0.82,83.27,0.81,58.59,0.8,56.59,0.79,35.5,0.78,69.5,0.83,36.83,0.84,100.0,0.85,88.2,0.86,65.9,0.87,67.8,0.17,36.83,0.16,100.0,0.15,88.2,0.14,65.9,0.13,67.8,0.18,83.27,0.19,58.59,0.2,56.59,0.21,35.5,0.22,69.5,0.01,0.01,2376.730825,1776163941000
1776163942.614,142.614,0.82,95.72,0.81,58.59,0.8,77.59,0.79,51.5,0.78,64.5,0.83,16.74,0.84,20.0,0.85,78.2,0.86,54.9,0.87,67.8,0.17,36.83,0.16,100.0,0.15,88.2,0.14,65.9,0.13,67.8,0.18,83.27,0.19,58.59,0.2,56.59,0.21,35.5,0.22,69.5,0.01,0.01,2376.730825,1776163941000
1776163943.035,143.035,0.82,95.72,0.81,58.59,0.8,77.59,0.79,56.5,0.78,69.5,0.83,3.0,0.84,25.0,0.85,53.2,0.86,59.9,0.87,72.8,0.17,3.0,0.16,25.0,0.15,53.2,0.14,59.9,0.13,72.8,0.18,95.72,0.19,58.59,0.2,77.59,0.21,56.5,0.22,69.5,0.01,0.01,2376.730875,1776163942000
1776163943.264,143.264,0.82,80.72,0.81,48.09,0.8,71.59,0.79,56.5,0.78,69.5,0.83,10.38,0.84,25.0,0.85,53.2,0.86,69.51,0.87,72.8,0.17,3.0,0.16,25.0,0.15,53.2,0.14,59.9,0.13,72.8,0.18,95.72,0.19,58.59,0.2,77.59,0.21,56.5,0.22,69.5,0.01,0.01,2376.730875,1776163942000
1776163943.469,143.469,0.82,54.72,0.81,31.09,0.8,35.59,0.79,35.5,0.78,48.5,0.83,17.62,0.84,25.0,0.85,74.2,0.86,90.51,0.87,72.8,0.17,7.62,0.16,25.0,0.15,53.2,0.14,69.51,0.13,72.8,0.18,80.72,0.19,41.09,0.2,71.59,0.21,56.5,0.22,69.5,0.01,0.01,2376.730875,1776163942000
1776163944.021,144.021,0.82,38.72,0.81,31.09,0.8,35.59,0.79,35.5,0.78,48.5,0.83,12.62,0.84,25.0,0.85,74.2,0.86,90.51,0.87,72.8,0.17,12.62,0.16,25.0,0.15,74.2,0.14,90.51,0.13,72.8,0.18,38.72,0.19,31.09,0.2,35.59,0.21,35.5,0.22,48.5,0.01,0.01,2376.74865,1776163943000
1776163944.354,144.354,0.81,24.61,0.8,40.59,0.79,56.5,0.78,69.5,0.77,106.09,0.83,17.53,0.84,25.0,0.85,53.2,0.86,69.51,0.87,72.8,0.17,12.53,0.16,25.0,0.15,53.2,0.14,59.9,0.13,72.8,0.18,48.72,0.19,31.09,0.2,40.59,0.21,56.5,0.22,69.5,0.02,0.01,2376.74865,1776163943000
1776163944.78,144.78,0.81,75.61,0.8,40.59,0.79,56.5,0.78,69.5,0.77,106.09,0.82,2.35,0.83,12.53,0.84,25.0,0.85,25.0,0.86,69.51,0.17,17.53,0.16,25.0,0.15,53.2,0.14,69.51,0.13,72.8,0.19,24.61,0.2,40.59,0.21,56.5,0.22,69.5,0.23,106.09,0.01,0.02,2376.74865,1776163943000
1776163945.076,145.076,0.81,75.61,0.8,40.59,0.79,56.5,0.78,69.5,0.77,106.09,0.83,9.79,0.84,25.0,0.85,25.0,0.86,69.51,0.87,72.8,0.18,2.35,0.17,12.53,0.16,25.0,0.15,25.0,0.14,69.51,0.19,75.61,0.2,40.59,0.21,56.5,0.22,69.5,0.23,106.09,0.02,0.01,2376.767835,1776163944000
1776163945.933,145.933,0.81,75.61,0.8,40.59,0.79,56.5,0.78,69.5,0.77,106.09,0.83,9.79,0.84,25.0,0.85,25.0,0.86,69.51,0.87,72.8,0.17,9.79,0.16,25.0,0.15,25.0,0.14,69.51,0.13,72.8,0.19,75.61,0.2,40.59,0.21,56.5,0.22,69.5,0.23,106.09,0.02,0.02,2376.704271,1776163945000
1776163946.949,146.949,0.81,75.61,0.8,40.59,0.79,56.5,0.78,69.5,0.77,106.09,0.83,9.79,0.84,25.0,0.85,25.0,0.86,69.51,0.87,72.8,0.17,9.79,0.16,25.0,0.15,25.0,0.14,69.51,0.13,72.8,0.19,75.61,0.2,40.59,0.21,56.5,0.22,69.5,0.23,106.09,0.02,0.02,2376.648557,1776163946000
1776163947.215,147.215,0.82,55.44,0.81,29.61,0.8,40.59,0.79,56.5,0.78,69.5,0.83,8.85,0.84,25.0,0.85,25.0,0.86,59.9,0.87,72.8,0.17,9.79,0.16,25.0,0.15,25.0,0.14,69.51,0.13,72.8,0.19,75.61,0.2,40.59,0.21,56.5,0.22,69.5,0.23,106.09,0.01,0.02,2376.648557,1776163946000
1776163947.962,147.962,0.82,44.88,0.81,29.61,0.8,40.59,0.79,56.5,0.78,69.5,0.83,8.85,0.84,25.0,0.85,25.0,0.86,59.9,0.87,72.8,0.17,8.85,0.16,25.0,0.15,25.0,0.14,59.9,0.13,72.8,0.18,44.88,0.19,29.61,0.2,40.59,0.21,56.5,0.22,69.5,0.01,0.01,2376.62914,1776163947000
1776163948.488,148.488,0.82,39.88,0.81,29.61,0.8,40.59,0.79,56.5,0.78,69.5,0.83,13.85,0.84,25.0,0.85,25.0,0.86,95.9,0.87,72.8,0.17,8.85,0.16,25.0,0.15,25.0,0.14,59.9,0.13,72.8,0.18,44.88,0.19,29.61,0.2,40.59,0.21,56.5,0.22,69.5,0.01,0.01,2376.62914,1776163947000
1776163948.89,148.89,0.82,39.88,0.81,29.61,0.8,40.59,0.79,56.5,0.78,69.5,0.83,13.85,0.84,25.0,0.85,25.0,0.86,95.9,0.87,72.8,0.17,13.85,0.16,25.0,0.15,25.0,0.14,95.9,0.13,72.8,0.18,39.88,0.19,29.61,0.2,40.59,0.21,56.5,0.22,69.5,0.01,0.01,2376.62883,1776163948000
1776163949.523,149.523,0.82,49.88,0.81,29.61,0.8,40.59,0.79,56.5,0.78,69.5,0.83,11.75,0.84,25.0,0.85,25.0,0.86,95.9,0.87,72.8,0.17,13.85,0.16,25.0,0.15,25.0,0.14,95.9,0.13,72.8,0.18,39.88,0.19,29.61,0.2,40.59,0.21,56.5,0.22,69.5,0.01,0.01,2376.62883,1776163948000
1776163950.003,150.003,0.82,49.88,0.81,29.61,0.8,40.59,0.79,56.5,0.78,69.5,0.83,11.75,0.84,25.0,0.85,25.0,0.86,95.9,0.87,72.8,0.17,11.75,0.16,25.0,0.15,25.0,0.14,95.9,0.13,72.8,0.18,49.88,0.19,29.61,0.2,40.59,0.21,56.5,0.22,69.5,0.01,0.01,2376.63466,1776163949000
1776163951.633,151.633,0.82,49.88,0.81,29.61,0.8,40.59,0.79,56.5,0.78,69.5,0.83,11.75,0.84,25.0,0.85,25.0,0.86,95.9,0.87,72.8,0.17,11.75,0.16,25.0,0.15,25.0,0.14,95.9,0.13,72.8,0.18,49.88,0.19,29.61,0.2,40.59,0.21,56.5,0.22,69.5,0.01,0.01,2376.634435,1776163950000
1776163952.287,152.287,0.82,49.88,0.81,29.61,0.8,40.59,0.79,56.5,0.78,69.5,0.83,11.75,0.84,25.0,0.85,25.0,0.86,95.9,0.87,72.8,0.17,11.75,0.16,25.0,0.15,25.0,0.14,95.9,0.13,72.8,0.18,49.88,0.19,29.61,0.2,40.59,0.21,56.5,0.22,69.5,0.01,0.01,2376.6347,1776163951000
1776163952.552,152.552,0.81,17.79,0.8,40.59,0.79,35.5,0.78,48.5,0.77,106.09,0.83,10.0,0.84,15.0,0.85,125.0,0.86,111.9,0.87,88.8,0.17,11.75,0.16,25.0,0.15,25.0,0.14,95.9,0.13,72.8,0.18,49.88,0.19,29.61,0.2,40.59,0.21,56.5,0.22,69.5,0.02,0.01,2376.6347,1776163951000
1776163953.405,153.405,0.8,16.09,0.79,51.5,0.78,30.5,0.77,25.09,0.76,35.5,0.81,57.0,0.82,46.0,0.83,156.94,0.84,31.0,0.85,184.81,0.17,10.0,0.16,15.0,0.15,125.0,0.14,111.9,0.13,88.8,0.19,17.79,0.2,40.59,0.21,35.5,0.22,48.5,0.23,106.09,0.01,0.02,2376.6347,1776163951000
1776163954.286,154.286,0.8,16.09,0.79,51.5,0.78,30.5,0.77,25.09,0.76,35.5,0.81,57.0,0.82,46.0,0.83,156.94,0.84,31.0,0.85,184.81,0.19,57.0,0.18,46.0,0.17,156.94,0.16,31.0,0.15,184.81,0.2,16.09,0.21,51.5,0.22,30.5,0.23,25.09,0.24,35.5,0.01,0.01,2376.645165,1776163953000
1776163954.51,154.51,0.8,5.09,0.79,31.0,0.78,10.0,0.77,30.59,0.76,35.5,0.81,79.46,0.82,46.0,0.83,202.05,0.84,51.8,0.85,175.2,0.19,80.64,0.18,46.0,0.17,202.05,0.16,57.8,0.15,175.2,0.2,10.09,0.21,31.0,0.22,10.0,0.23,30.59,0.24,35.5,0.01,0.01,2376.645165,1776163953000
1776163955.462,155.462,0.8,10.09,0.79,10.0,0.78,35.5,0.77,40.59,0.76,41.5,0.81,76.81,0.82,55.01,0.83,160.5,0.84,61.41,0.85,154.2,0.19,64.46,0.18,70.4,0.17,187.44,0.16,61.41,0.15,175.2,0.2,28.09,0.21,31.0,0.22,10.0,0.23,40.59,0.24,35.5,0.01,0.01,2376.645165,1776163953000
1776163955.891,155.891,0.8,10.09,0.79,10.0,0.78,35.5,0.77,61.59,0.76,62.5,0.81,75.45,0.82,55.01,0.83,160.5,0.84,61.41,0.85,159.2,0.19,76.81,0.18,55.01,0.17,160.5,0.16,61.41,0.15,154.2,0.2,10.09,0.21,10.0,0.22,35.5,0.23,40.59,0.24,41.5,0.01,0.01,2376.521236,1776163954000
1776163956.259,156.259,0.8,10.09,0.79,10.0,0.78,35.5,0.77,61.59,0.76,62.5,0.81,75.45,0.82,55.01,0.83,160.5,0.84,61.41,0.85,159.2,0.19,75.45,0.18,55.01,0.17,160.5,0.16,61.41,0.15,159.2,0.2,10.09,0.21,10.0,0.22,35.5,0.23,61.59,0.24,62.5,0.01,0.01,2376.483786,1776163955000
1776163956.73,156.73,0.8,5.0,0.79,10.0,0.78,35.5,0.77,40.59,0.76,62.5,0.81,85.45,0.82,60.01,0.83,165.5,0.84,66.41,0.85,164.2,0.19,75.45,0.18,55.01,0.17,160.5,0.16,61.41,0.15,159.2,0.2,10.09,0.21,10.0,0.22,35.5,0.23,61.59,0.24,62.5,0.01,0.01,2376.483786,1776163955000
1776163957.047,157.047,0.79,9.28,0.78,35.5,0.77,40.59,0.76,62.5,0.75,56.77,0.81,85.45,0.82,60.01,0.83,165.5,0.84,66.41,0.85,164.2,0.19,85.45,0.18,60.01,0.17,165.5,0.16,66.41,0.15,164.2,0.2,5.0,0.21,10.0,0.22,35.5,0.23,40.59,0.24,62.5,0.02,0.01,2376.483786,1776163955000
1776163957.65,157.65,0.8,102.5,0.79,34.78,0.78,35.5,0.77,40.59,0.76,62.5,0.82,28.01,0.83,151.5,0.84,56.8,0.85,164.2,0.86,104.9,0.19,68.1,0.18,60.01,0.17,165.5,0.16,56.8,0.15,164.2,0.21,9.28,0.22,35.5,0.23,40.59,0.24,62.5,0.25,56.77,0.02,0.02,2376.483786,1776163955000
1776163958.7,158.7,0.8,102.5,0.79,34.78,0.78,35.5,0.77,40.59,0.76,62.5,0.82,28.01,0.83,151.5,0.84,56.8,0.85,164.2,0.86,104.9,0.18,28.01,0.17,151.5,0.16,56.8,0.15,164.2,0.14,104.9,0.2,102.5,0.21,34.78,0.22,35.5,0.23,40.59,0.24,62.5,0.02,0.02,2376.45688,1776163957000
1776163959.083,159.083,0.81,68.18,0.8,56.5,0.79,34.78,0.78,35.5,0.77,116.59,0.82,23.01,0.83,57.44,0.84,81.8,0.85,163.2,0.86,110.9,0.18,28.01,0.17,151.5,0.16,56.8,0.15,164.2,0.14,104.9,0.2,102.5,0.21,34.78,0.22,35.5,0.23,40.59,0.24,62.5,0.01,0.02,2376.45688,1776163957000
1776163959.359,159.359,0.81,68.18,0.8,56.5,0.79,34.78,0.78,35.5,0.77,116.59,0.82,23.01,0.83,57.44,0.84,81.8,0.85,163.2,0.86,110.9,0.18,23.01,0.17,57.44,0.16,81.8,0.15,163.2,0.14,110.9,0.19,68.18,0.2,56.5,0.21,34.78,0.22,35.5,0.23,116.59,0.01,0.01,2376.453774,1776163958000
1776163959.879,159.879,0.82,37.08,0.81,37.18,0.8,56.5,0.79,55.78,0.78,56.5,0.85,149.93,0.86,39.9,0.87,66.8,0.88,129.1,0.89,61.79,0.18,23.01,0.17,57.44,0.16,81.8,0.15,163.2,0.14,110.9,0.19,68.18,0.2,56.5,0.21,34.78,0.22,35.5,0.23,116.59,0.03,0.01,2376.453774,1776163958000
1776163960.614,160.614,0.82,37.08,0.81,37.18,0.8,56.5,0.79,55.78,0.78,56.5,0.85,149.93,0.86,39.9,0.87,66.8,0.88,129.1,0.89,61.79,0.15,149.93,0.14,39.9,0.13,66.8,0.12,129.1,0.11,61.79,0.18,37.08,0.19,37.18,0.2,56.5,0.21,55.78,0.22,56.5,0.03,0.03,2376.575354,1776163959000
1776163961.2,161.2,0.84,85.5,0.83,43.5,0.82,47.08,0.81,53.36,0.8,35.5,0.85,115.49,0.86,32.21,0.87,61.8,0.88,164.1,0.89,67.79,0.15,149.93,0.14,39.9,0.13,66.8,0.12,129.1,0.11,61.79,0.18,37.08,0.19,37.18,0.2,56.5,0.21,55.78,0.22,56.5,0.01,0.03,2376.575354,1776163959000
1776163961.656,161.656,0.84,75.5,0.83,43.5,0.82,47.08,0.81,53.36,0.8,35.5,0.85,120.49,0.86,32.21,0.87,61.8,0.88,164.1,0.89,67.79,0.15,115.49,0.14,32.21,0.13,61.8,0.12,164.1,0.11,67.79,0.16,85.5,0.17,43.5,0.18,47.08,0.19,53.36,0.2,35.5,0.01,0.01,2376.560937,1776163960000
1776163962.615,162.615,0.84,75.5,0.83,43.5,0.82,47.08,0.81,53.36,0.8,35.5,0.85,120.49,0.86,32.21,0.87,61.8,0.88,164.1,0.89,67.79,0.15,120.49,0.14,32.21,0.13,61.8,0.12,164.1,0.11,67.79,0.16,75.5,0.17,43.5,0.18,47.08,0.19,53.36,0.2,35.5,0.01,0.01,2376.663615,1776163961000
1776163963.244,163.244,0.82,35.08,0.81,45.68,0.8,35.5,0.79,55.78,0.78,46.0,0.84,21.31,0.85,135.49,0.86,25.0,0.87,62.8,0.88,174.6,0.15,120.49,0.14,32.21,0.13,61.8,0.12,164.1,0.11,67.79,0.16,75.5,0.17,43.5,0.18,47.08,0.19,53.36,0.2,35.5,0.02,0.01,2376.663615,1776163961000
1776163963.497,163.497,0.82,23.08,0.81,45.68,0.8,35.5,0.79,55.78,0.78,46.0,0.84,21.31,0.85,114.49,0.86,25.0,0.87,62.8,0.88,164.1,0.16,21.31,0.15,135.49,0.14,25.0,0.13,62.8,0.12,174.6,0.18,35.08,0.19,45.68,0.2,35.5,0.21,55.78,0.22,46.0,0.02,0.02,2376.686335,1776163962000
1776163964.56,164.56,0.82,18.08,0.81,45.68,0.8,41.5,0.79,61.78,0.78,46.0,0.84,16.54,0.85,114.49,0.86,25.0,0.87,62.8,0.88,170.1,0.16,16.54,0.15,114.49,0.14,25.0,0.13,62.8,0.12,170.1,0.18,18.08,0.19,45.68,0.2,41.5,0.21,61.78,0.22,46.0,0.02,0.02,2376.70139,1776163963000
1776163964.943,164.943,0.83,56.5,0.82,23.08,0.81,45.68,0.8,35.5,0.79,40.78,0.84,23.8,0.85,117.76,0.86,46.0,0.87,83.8,0.88,170.1,0.16,16.54,0.15,114.49,0.14,25.0,0.13,62.8,0.12,170.1,0.18,18.08,0.19,45.68,0.2,41.5,0.21,61.78,0.22,46.0,0.01,0.02,2376.70139,1776163963000
1776163966.567,166.567,0.83,56.5,0.82,23.08,0.81,45.68,0.8,35.5,0.79,40.78,0.84,23.8,0.85,117.76,0.86,46.0,0.87,83.8,0.88,170.1,0.16,23.8,0.15,117.76,0.14,46.0,0.13,83.8,0.12,170.1,0.17,56.5,0.18,23.08,0.19,45.68,0.2,35.5,0.21,40.78,0.01,0.01,2376.66723,1776163965000
1776163967.191,167.191,0.83,56.5,0.82,23.08,0.81,45.68,0.8,35.5,0.79,40.78,0.84,23.8,0.85,117.76,0.86,46.0,0.87,83.8,0.88,170.1,0.16,23.8,0.15,117.76,0.14,46.0,0.13,83.8,0.12,170.1,0.17,56.5,0.18,23.08,0.19,45.68,0.2,35.5,0.21,40.78,0.01,0.01,2376.675807,1776163966000
1776163967.753,167.753,0.83,44.61,0.82,23.08,0.81,45.68,0.8,35.5,0.79,40.78,0.84,26.31,0.85,117.76,0.86,25.0,0.87,83.8,0.88,191.1,0.16,23.8,0.15,117.76,0.14,46.0,0.13,83.8,0.12,170.1,0.17,56.5,0.18,23.08,0.19,45.68,0.2,35.5,0.21,40.78,0.01,0.01,2376.675807,1776163966000
1776163969.094,169.094,0.83,44.05,0.82,23.08,0.81,45.68,0.8,35.5,0.79,40.78,0.84,31.31,0.85,107.76,0.86,25.0,0.87,83.8,0.88,191.1,0.16,31.31,0.15,107.76,0.14,25.0,0.13,83.8,0.12,191.1,0.17,44.05,0.18,23.08,0.19,45.68,0.2,35.5,0.21,40.78,0.01,0.01,2376.672335,1776163967000
1776163969.795,169.795,0.84,43.45,0.83,45.55,0.82,39.08,0.81,45.68,0.8,40.5,0.85,126.49,0.86,15.0,0.87,15.0,0.88,131.0,0.89,67.79,0.16,31.31,0.15,107.76,0.14,25.0,0.13,83.8,0.12,191.1,0.17,44.05,0.18,23.08,0.19,45.68,0.2,35.5,0.21,40.78,0.01,0.01,2376.672335,1776163967000
1776163970.053,170.053,0.84,79.45,0.83,45.55,0.82,39.08,0.81,95.68,0.8,40.5,0.85,119.65,0.86,15.0,0.87,15.0,0.88,131.0,0.89,67.79,0.15,119.65,0.14,15.0,0.13,15.0,0.12,131.0,0.11,67.79,0.16,79.45,0.17,45.55,0.18,39.08,0.19,95.68,0.2,40.5,0.01,0.01,2376.674135,1776163968000
1776163970.714,170.714,0.84,72.99,0.83,45.55,0.82,39.08,0.81,165.68,0.8,40.5,0.85,114.65,0.86,15.0,0.87,15.0,0.88,101.0,0.89,97.79,0.15,114.65,0.14,15.0,0.13,15.0,0.12,101.0,0.11,97.79,0.16,72.99,0.17,45.55,0.18,39.08,0.19,165.68,0.2,40.5,0.01,0.01,2376.680085,1776163969000
1776163971.606,171.606,0.84,109.5,0.83,45.55,0.82,39.08,0.81,165.68,0.8,40.5,0.85,99.65,0.86,15.0,0.87,15.0,0.88,85.0,0.89,96.79,0.15,99.65,0.14,15.0,0.13,15.0,0.12,85.0,0.11,96.79,0.16,109.5,0.17,45.55,0.18,39.08,0.19,165.68,0.2,40.5,0.01,0.01,2376.70486,1776163970000
1776163972.353,172.353,0.84,109.5,0.83,45.55,0.82,39.08,0.81,165.68,0.8,40.5,0.85,99.65,0.86,15.0,0.87,15.0,0.88,85.0,0.89,96.79,0.15,99.65,0.14,15.0,0.13,15.0,0.12,85.0,0.11,96.79,0.16,109.5,0.17,45.55,0.18,39.08,0.19,165.68,0.2,40.5,0.01,0.01,2376.740598,1776163971000
1776163973.026,173.026,0.84,129.5,0.83,45.55,0.82,39.08,0.81,165.68,0.8,40.5,0.85,76.12,0.86,15.0,0.87,15.0,0.88,95.0,0.89,102.79,0.15,76.12,0.14,15.0,0.13,15.0,0.12,95.0,0.11,102.79,0.16,129.5,0.17,45.55,0.18,39.08,0.19,165.68,0.2,40.5,0.01,0.01,2376.767382,1776163972000
1776163974.467,174.467,0.84,129.5,0.83,45.55,0.82,39.08,0.81,165.68,0.8,40.5,0.85,76.12,0.86,15.0,0.87,15.0,0.88,95.0,0.89,102.79,0.15,76.12,0.14,15.0,0.13,15.0,0.12,95.0,0.11,102.79,0.16,129.5,0.17,45.55,0.18,39.08,0.19,165.68,0.2,40.5,0.01,0.01,2376.7936,1776163973000
1776163975.195,175.195,0.84,129.5,0.83,45.55,0.82,39.08,0.81,165.68,0.8,40.5,0.85,76.12,0.86,15.0,0.87,15.0,0.88,95.0,0.89,102.79,0.15,76.12,0.14,15.0,0.13,15.0,0.12,95.0,0.11,102.79,0.16,129.5,0.17,45.55,0.18,39.08,0.19,165.68,0.2,40.5,0.01,0.01,2376.793505,1776163974000
1776163975.843,175.843,0.84,129.5,0.83,115.55,0.82,45.08,0.81,165.68,0.8,47.5,0.85,49.12,0.86,15.0,0.87,15.0,0.88,15.0,0.89,102.79,0.15,76.12,0.14,15.0,0.13,15.0,0.12,95.0,0.11,102.79,0.16,129.5,0.17,45.55,0.18,39.08,0.19,165.68,0.2,40.5,0.01,0.01,2376.793505,1776163974000
1776163976.494,176.494,0.84,129.5,0.83,115.55,0.82,45.08,0.81,165.68,0.8,47.5,0.85,47.86,0.86,15.0,0.87,15.0,0.88,25.0,0.89,102.79,0.15,49.12,0.14,15.0,0.13,15.0,0.12,15.0,0.11,102.79,0.16,129.5,0.17,115.55,0.18,45.08,0.19,165.68,0.2,47.5,0.01,0.01,2376.793505,1776163974000
1776163977.392,177.392,0.84,148.5,0.83,115.55,0.82,45.08,0.81,172.68,0.8,40.5,0.85,29.53,0.86,5.0,0.87,15.0,0.88,25.0,0.89,96.79,0.15,47.86,0.14,15.0,0.13,15.0,0.12,25.0,0.11,102.79,0.16,129.5,0.17,115.55,0.18,45.08,0.19,165.68,0.2,47.5,0.01,0.01,2376.81371,1776163975000
1776163977.675,177.675,0.84,134.5,0.83,115.55,0.82,39.08,0.81,172.68,0.8,40.5,0.85,24.47,0.86,5.0,0.87,15.0,0.88,25.0,0.89,96.79,0.15,29.53,0.14,5.0,0.13,15.0,0.12,25.0,0.11,96.79,0.16,148.5,0.17,115.55,0.18,45.08,0.19,172.68,0.2,40.5,0.01,0.01,2376.81364,1776163976000
1776163978.121,178.121,0.84,134.5,0.83,115.55,0.82,39.08,0.81,172.68,0.8,40.5,0.85,24.47,0.86,5.0,0.87,15.0,0.88,25.0,0.89,96.79,0.15,24.47,0.14,5.0,0.13,15.0,0.12,25.0,0.11,96.79,0.16,134.5,0.17,115.55,0.18,39.08,0.19,172.68,0.2,40.5,0.01,0.01,2376.81364,1776163977000
1776163979.169,179.169,0.84,116.5,0.83,115.55,0.82,39.08,0.81,172.68,0.8,148.49,0.85,14.47,0.86,5.0,0.87,15.0,0.88,35.5,0.89,96.79,0.15,24.47,0.14,5.0,0.13,15.0,0.12,25.0,0.11,96.79,0.16,134.5,0.17,115.55,0.18,39.08,0.19,172.68,0.2,40.5,0.01,0.01,2376.81364,1776163977000
1776163979.462,179.462,0.84,116.5,0.83,115.55,0.82,39.08,0.81,172.68,0.8,148.49,0.85,14.47,0.86,5.0,0.87,15.0,0.88,35.5,0.89,96.79,0.15,14.47,0.14,5.0,0.13,15.0,0.12,35.5,0.11,96.79,0.16,116.5,0.17,115.55,0.18,39.08,0.19,172.68,0.2,148.49,0.01,0.01,2376.82369,1776163978000
1776163979.868,179.868,0.84,116.5,0.83,109.55,0.82,39.08,0.81,172.68,0.8,151.49,0.85,6.74,0.86,5.0,0.87,25.0,0.88,35.5,0.89,96.79,0.15,14.47,0.14,5.0,0.13,15.0,0.12,35.5,0.11,96.79,0.16,116.5,0.17,115.55,0.18,39.08,0.19,172.68,0.2,148.49,0.01,0.01,2376.82369,1776163978000
1776163980.294,180.294,0.84,116.5,0.83,109.55,0.82,39.08,0.81,172.68,0.8,151.49,0.85,6.74,0.86,5.0,0.87,25.0,0.88,35.5,0.89,96.79,0.15,6.74,0.14,5.0,0.13,25.0,0.12,35.5,0.11,96.79,0.16,116.5,0.17,109.55,0.18,39.08,0.19,172.68,0.2,151.49,0.01,0.01,2376.831,1776163979000
1776163980.518,180.518,0.85,9.26,0.84,143.5,0.83,109.55,0.82,39.08,0.81,329.67,0.87,15.0,0.88,25.0,0.89,66.79,0.9,106.0,0.91,69.0,0.15,6.74,0.14,5.0,0.13,25.0,0.12,35.5,0.11,96.79,0.16,116.5,0.17,109.55,0.18,39.08,0.19,172.68,0.2,151.49,0.02,0.01,2376.831,1776163979000
1776163981.251,181.251,0.86,84.64,0.85,60.91,0.84,41.5,0.83,104.55,0.82,49.08,0.87,62.76,0.88,25.0,0.89,77.29,0.9,106.0,0.91,69.0,0.13,15.0,0.12,25.0,0.11,66.79,0.1,106.0,0.09,69.0,0.15,9.26,0.16,143.5,0.17,109.55,0.18,39.08,0.19,329.67,0.01,0.02,2376.831,1776163979000
1776163981.455,181.455,0.86,84.64,0.85,70.32,0.84,41.5,0.83,104.55,0.82,56.08,0.87,46.61,0.88,31.0,0.89,77.29,0.9,106.0,0.91,69.0,0.13,62.76,0.12,25.0,0.11,77.29,0.1,106.0,0.09,69.0,0.14,84.64,0.15,60.91,0.16,41.5,0.17,104.55,0.18,49.08,0.01,0.01,2376.831,1776163979000
1776163981.743,181.743,0.86,79.64,0.85,70.32,0.84,41.5,0.83,104.55,0.82,56.08,0.87,40.34,0.88,31.0,0.89,77.29,0.9,106.0,0.91,69.0,0.13,40.34,0.12,31.0,0.11,77.29,0.1,106.0,0.09,69.0,0.14,79.64,0.15,70.32,0.16,41.5,0.17,104.55,0.18,56.08,0.01,0.01,2376.827125,1776163980000
1776163982.471,182.471,0.86,79.64,0.85,70.32,0.84,41.5,0.83,104.55,0.82,56.08,0.87,40.34,0.88,31.0,0.89,77.29,0.9,106.0,0.91,69.0,0.13,40.34,0.12,31.0,0.11,77.29,0.1,106.0,0.09,69.0,0.14,79.64,0.15,70.32,0.16,41.5,0.17,104.55,0.18,56.08,0.01,0.01,2376.826225,1776163981000
1776163983.278,183.278,0.86,79.64,0.85,70.32,0.84,41.5,0.83,104.55,0.82,56.08,0.87,40.34,0.88,31.0,0.89,77.29,0.9,106.0,0.91,69.0,0.13,40.34,0.12,31.0,0.11,77.29,0.1,106.0,0.09,69.0,0.14,79.64,0.15,70.32,0.16,41.5,0.17,104.55,0.18,56.08,0.01,0.01,2376.823895,1776163982000
1776163984.684,184.684,0.86,79.64,0.85,70.32,0.84,41.5,0.83,104.55,0.82,56.08,0.87,40.34,0.88,31.0,0.89,77.29,0.9,106.0,0.91,69.0,0.13,40.34,0.12,31.0,0.11,77.29,0.1,106.0,0.09,69.0,0.14,79.64,0.15,70.32,0.16,41.5,0.17,104.55,0.18,56.08,0.01,0.01,2376.851585,1776163983000
1776163985.124,185.124,0.86,107.14,0.85,70.32,0.84,41.5,0.83,109.55,0.82,156.07,0.87,21.5,0.88,20.0,0.89,25.0,0.9,92.5,0.91,99.0,0.13,40.34,0.12,31.0,0.11,77.29,0.1,106.0,0.09,69.0,0.14,79.64,0.15,70.32,0.16,41.5,0.17,104.55,0.18,56.08,0.01,0.01,2376.851585,1776163983000
1776163985.433,185.433,0.86,107.14,0.85,70.32,0.84,41.5,0.83,109.55,0.82,156.07,0.87,21.5,0.88,20.0,0.89,25.0,0.9,92.5,0.91,99.0,0.13,21.5,0.12,20.0,0.11,25.0,0.1,92.5,0.09,99.0,0.14,107.14,0.15,70.32,0.16,41.5,0.17,109.55,0.18,156.07,0.01,0.01,2376.849915,1776163984000
1776163986.171,186.171,0.86,107.14,0.85,70.32,0.84,41.5,0.83,109.55,0.82,156.07,0.87,21.5,0.88,20.0,0.89,25.0,0.9,92.5,0.91,99.0,0.13,21.5,0.12,20.0,0.11,25.0,0.1,92.5,0.09,99.0,0.14,107.14,0.15,70.32,0.16,41.5,0.17,109.55,0.18,156.07,0.01,0.01,2376.844245,1776163985000
1776163987.06,187.06,0.88,62.0,0.87,46.5,0.86,47.14,0.85,59.32,0.84,45.51,0.89,34.18,0.9,81.5,0.91,123.0,0.92,78.9,0.93,306.39,0.13,21.5,0.12,20.0,0.11,25.0,0.1,92.5,0.09,99.0,0.14,107.14,0.15,70.32,0.16,41.5,0.17,109.55,0.18,156.07,0.01,0.01,2376.844245,1776163985000
1776163987.495,187.495,0.88,67.0,0.87,46.5,0.86,47.14,0.85,64.32,0.84,45.51,0.89,35.91,0.9,81.5,0.91,118.0,0.92,78.9,0.93,306.39,0.11,34.18,0.1,81.5,0.09,123.0,0.08,78.9,0.07,306.39,0.12,62.0,0.13,46.5,0.14,47.14,0.15,59.32,0.16,45.51,0.01,0.01,2376.844245,1776163985000
1776163988.054,188.054,0.88,77.0,0.87,46.5,0.86,47.14,0.85,64.32,0.84,45.51,0.89,9.6,0.9,81.5,0.91,118.0,0.92,78.9,0.93,306.39,0.11,35.91,0.1,81.5,0.09,118.0,0.08,78.9,0.07,306.39,0.12,67.0,0.13,46.5,0.14,47.14,0.15,64.32,0.16,45.51,0.01,0.01,2376.844245,1776163985000
1776163988.448,188.448,0.88,66.89,0.87,46.5,0.86,52.14,0.85,64.32,0.84,40.51,0.9,91.6,0.91,118.0,0.92,78.9,0.93,306.39,0.94,137.47,0.1,81.5,0.09,118.0,0.08,78.9,0.07,306.39,0.06,137.47,0.12,71.89,0.13,46.5,0.14,47.14,0.15,64.32,0.16,45.51,0.02,0.02,2376.838085,1776163986000
1776163988.7,188.7,0.88,66.89,0.87,46.5,0.86,52.14,0.85,64.32,0.84,40.51,0.9,91.6,0.91,118.0,0.92,78.9,0.93,306.39,0.94,137.47,0.1,91.6,0.09,118.0,0.08,78.9,0.07,306.39,0.06,137.47,0.12,66.89,0.13,46.5,0.14,52.14,0.15,64.32,0.16,40.51,0.02,0.02,2376.837715,1776163987000
1776163989.451,189.451,0.88,56.0,0.87,30.0,0.86,43.5,0.85,64.32,0.84,40.51,0.89,16.87,0.9,91.6,0.91,118.0,0.92,78.9,0.93,306.39,0.1,91.6,0.09,118.0,0.08,78.9,0.07,306.39,0.06,137.47,0.12,66.89,0.13,46.5,0.14,52.14,0.15,64.32,0.16,40.51,0.01,0.02,2376.837715,1776163987000
1776163990.199,190.199,0.88,56.0,0.87,30.0,0.86,43.5,0.85,64.32,0.84,40.51,0.89,16.87,0.9,91.6,0.91,118.0,0.92,78.9,0.93,306.39,0.11,16.87,0.1,91.6,0.09,118.0,0.08,78.9,0.07,306.39,0.12,56.0,0.13,30.0,0.14,43.5,0.15,64.32,0.16,40.51,0.01,0.01,2376.844395,1776163989000
1776163990.976,190.976,0.88,72.29,0.87,40.5,0.86,43.5,0.85,64.32,0.84,40.51,0.89,68.79,0.9,91.6,0.91,88.0,0.92,108.9,0.93,306.39,0.11,16.87,0.1,91.6,0.09,118.0,0.08,78.9,0.07,306.39,0.12,56.0,0.13,30.0,0.14,43.5,0.15,64.32,0.16,40.51,0.01,0.01,2376.844395,1776163989000
1776163991.545,191.545,0.88,72.29,0.87,40.5,0.86,43.5,0.85,64.32,0.84,40.51,0.89,68.79,0.9,91.6,0.91,88.0,0.92,108.9,0.93,306.39,0.11,68.79,0.1,91.6,0.09,88.0,0.08,108.9,0.07,306.39,0.12,72.29,0.13,40.5,0.14,43.5,0.15,64.32,0.16,40.51,0.01,0.01,2376.811991,1776163990000
1776163992.192,192.192,0.88,72.29,0.87,40.5,0.86,43.5,0.85,64.32,0.84,40.51,0.89,68.79,0.9,91.6,0.91,88.0,0.92,108.9,0.93,306.39,0.11,68.79,0.1,91.6,0.09,88.0,0.08,108.9,0.07,306.39,0.12,72.29,0.13,40.5,0.14,43.5,0.15,64.32,0.16,40.51,0.01,0.01,2376.81034,1776163991000
1776163992.467,192.467,0.88,36.29,0.87,35.5,0.86,43.5,0.85,64.32,0.84,40.51,0.89,32.49,0.9,75.1,0.91,89.0,0.92,108.9,0.93,285.39,0.11,26.62,0.1,91.6,0.09,89.0,0.08,108.9,0.07,285.39,0.12,36.29,0.13,35.5,0.14,43.5,0.15,64.32,0.16,40.51,0.01,0.01,2376.81034,1776163991000
1776163993.765,193.765,0.88,36.29,0.87,35.5,0.86,43.5,0.85,64.32,0.84,40.51,0.89,32.49,0.9,75.1,0.91,89.0,0.92,108.9,0.93,285.39,0.11,32.49,0.1,75.1,0.09,89.0,0.08,108.9,0.07,285.39,0.12,36.29,0.13,35.5,0.14,43.5,0.15,64.32,0.16,40.51,0.01,0.01,2376.8179,1776163992000
1776163994.576,194.576,0.88,36.29,0.87,35.5,0.86,43.5,0.85,64.32,0.84,40.51,0.89,32.49,0.9,75.1,0.91,89.0,0.92,108.9,0.93,285.39,0.11,32.49,0.1,75.1,0.09,89.0,0.08,108.9,0.07,285.39,0.12,36.29,0.13,35.5,0.14,43.5,0.15,64.32,0.16,40.51,0.01,0.01,2376.82253,1776163993000
1776163995.334,195.334,0.88,36.29,0.87,35.5,0.86,43.5,0.85,64.32,0.84,40.51,0.89,32.49,0.9,75.1,0.91,89.0,0.92,108.9,0.93,285.39,0.11,32.49,0.1,75.1,0.09,89.0,0.08,108.9,0.07,285.39,0.12,36.29,0.13,35.5,0.14,43.5,0.15,64.32,0.16,40.51,0.01,0.01,2376.82534,1776163994000
1776163995.882,195.882,0.89,20.0,0.88,49.5,0.87,30.5,0.86,35.5,0.85,80.32,0.9,55.1,0.91,64.0,0.92,112.9,0.93,285.39,0.94,88.8,0.11,32.49,0.1,75.1,0.09,89.0,0.08,108.9,0.07,285.39,0.12,36.29,0.13,35.5,0.14,43.5,0.15,64.32,0.16,40.51,0.01,0.01,2376.82534,1776163994000
1776163996.739,196.739,0.89,20.0,0.88,49.5,0.87,30.5,0.86,35.5,0.85,80.32,0.9,55.1,0.91,64.0,0.92,112.9,0.93,285.39,0.94,88.8,0.1,55.1,0.09,64.0,0.08,112.9,0.07,285.39,0.06,88.8,0.11,20.0,0.12,49.5,0.13,30.5,0.14,35.5,0.15,80.32,0.01,0.01,2376.82512,1776163995000
1776163997.245,197.245,0.88,20.25,0.87,35.5,0.86,40.5,0.85,64.32,0.84,146.5,0.9,82.1,0.91,96.0,0.92,119.9,0.93,299.39,0.94,88.8,0.1,55.1,0.09,64.0,0.08,112.9,0.07,285.39,0.06,88.8,0.11,20.0,0.12,49.5,0.13,30.5,0.14,35.5,0.15,80.32,0.02,0.01,2376.82512,1776163995000
1776163998.404,198.404,0.89,19.0,0.88,30.0,0.87,35.5,0.86,40.5,0.85,64.32,0.9,66.1,0.91,91.0,0.92,119.9,0.93,299.39,0.94,88.8,0.1,82.1,0.09,96.0,0.08,119.9,0.07,299.39,0.06,88.8,0.12,20.25,0.13,35.5,0.14,40.5,0.15,64.32,0.16,146.5,0.01,0.02,2376.825115,1776163996000
1776163999.02,199.02,0.89,14.9,0.88,30.0,0.87,35.5,0.86,40.5,0.85,64.32,0.9,66.1,0.91,91.0,0.92,119.9,0.93,299.39,0.94,88.8,0.1,66.1,0.09,91.0,0.08,119.9,0.07,299.39,0.06,88.8,0.11,19.0,0.12,30.0,0.13,35.5,0.14,40.5,0.15,64.32,0.01,0.01,2376.82487,1776163997000
1776163999.24,199.24,0.89,3.43,0.88,30.0,0.87,35.5,0.86,40.5,0.85,64.32,0.9,66.1,0.91,91.0,0.92,119.9,0.93,299.39,0.94,88.8,0.1,66.1,0.09,91.0,0.08,119.9,0.07,299.39,0.06,88.8,0.11,14.9,0.12,30.0,0.13,35.5,0.14,40.5,0.15,64.32,0.01,0.01,2376.821505,1776163998000
1776163999.712,199.712,0.88,48.5,0.87,35.5,0.86,40.5,0.85,85.32,0.84,158.5,0.89,7.75,0.9,52.98,0.91,70.0,0.92,103.9,0.93,299.39,0.1,54.98,0.09,91.0,0.08,119.9,0.07,299.39,0.06,88.8,0.11,3.43,0.12,30.0,0.13,35.5,0.14,40.5,0.15,64.32,0.01,0.01,2376.821505,1776163998000
1776164000.589,200.589,0.88,48.5,0.87,35.5,0.86,40.5,0.85,85.32,0.84,158.5,0.89,7.75,0.9,52.98,0.91,70.0,0.92,103.9,0.93,299.39,0.11,7.75,0.1,52.98,0.09,70.0,0.08,103.9,0.07,299.39,0.12,48.5,0.13,35.5,0.14,40.5,0.15,85.32,0.16,158.5,0.01,0.01,2376.787555,1776163999000
1776164001.222,201.222,0.88,48.5,0.87,35.5,0.86,40.5,0.85,85.32,0.84,158.5,0.89,7.75,0.9,52.98,0.91,70.0,0.92,103.9,0.93,299.39,0.11,7.75,0.1,52.98,0.09,70.0,0.08,103.9,0.07,299.39,0.12,48.5,0.13,35.5,0.14,40.5,0.15,85.32,0.16,158.5,0.01,0.01,2376.787555,1776164000000
1776164002.682,202.682,0.88,48.5,0.87,35.5,0.86,40.5,0.85,85.32,0.84,158.5,0.89,7.75,0.9,52.98,0.91,70.0,0.92,103.9,0.93,299.39,0.11,7.75,0.1,52.98,0.09,70.0,0.08,103.9,0.07,299.39,0.12,48.5,0.13,35.5,0.14,40.5,0.15,85.32,0.16,158.5,0.01,0.01,2376.80654,1776164001000
1776164003.396,203.396,0.88,48.5,0.87,35.5,0.86,40.5,0.85,85.32,0.84,158.5,0.89,7.75,0.9,52.98,0.91,70.0,0.92,103.9,0.93,299.39,0.11,7.75,0.1,52.98,0.09,70.0,0.08,103.9,0.07,299.39,0.12,48.5,0.13,35.5,0.14,40.5,0.15,85.32,0.16,158.5,0.01,0.01,2376.806375,1776164002000
1776164004.106,204.106,0.89,28.0,0.88,40.5,0.87,35.5,0.86,116.5,0.85,80.32,0.9,36.6,0.91,70.0,0.92,68.9,0.93,336.39,0.94,83.8,0.11,7.75,0.1,52.98,0.09,70.0,0.08,103.9,0.07,299.39,0.12,48.5,0.13,35.5,0.14,40.5,0.15,85.32,0.16,158.5,0.01,0.01,2376.806375,1776164002000
1776164005.438,205.438,0.89,28.0,0.88,40.5,0.87,35.5,0.86,116.5,0.85,80.32,0.9,36.6,0.91,70.0,0.92,68.9,0.93,336.39,0.94,83.8,0.1,36.6,0.09,70.0,0.08,68.9,0.07,336.39,0.06,83.8,0.11,28.0,0.12,40.5,0.13,35.5,0.14,116.5,0.15,80.32,0.01,0.01,2376.806325,1776164004000
1776164006.115,206.115,0.87,26.23,0.86,90.5,0.85,158.31,0.84,83.44,0.83,89.05,0.9,31.6,0.91,70.0,0.92,68.9,0.93,285.39,0.94,125.8,0.1,36.6,0.09,70.0,0.08,68.9,0.07,336.39,0.06,83.8,0.11,28.0,0.12,40.5,0.13,35.5,0.14,116.5,0.15,80.32,0.03,0.01,2376.806325,1776164004000
1776164006.436,206.436,0.87,26.23,0.86,90.5,0.85,158.31,0.84,83.44,0.83,89.05,0.9,31.6,0.91,70.0,0.92,68.9,0.93,285.39,0.94,125.8,0.1,31.6,0.09,70.0,0.08,68.9,0.07,285.39,0.06,125.8,0.13,26.23,0.14,90.5,0.15,158.31,0.16,83.44,0.17,89.05,0.03,0.03,2376.806865,1776164005000
1776164006.949,206.949,0.87,26.23,0.86,90.5,0.85,158.31,0.84,83.44,0.83,89.05,0.9,31.6,0.91,70.0,0.92,68.9,0.93,285.39,0.94,125.8,0.1,31.6,0.09,70.0,0.08,68.9,0.07,285.39,0.06,125.8,0.13,26.23,0.14,90.5,0.15,158.31,0.16,83.44,0.17,89.05,0.03,0.03,2376.808165,1776164006000
1776164007.82,207.82,0.88,69.5,0.87,36.23,0.86,90.5,0.85,174.31,0.84,88.44,0.89,10.0,0.9,24.6,0.91,64.0,0.92,73.9,0.93,285.39,0.1,31.6,0.09,70.0,0.08,68.9,0.07,285.39,0.06,125.8,0.13,26.23,0.14,90.5,0.15,158.31,0.16,83.44,0.17,89.05,0.01,0.03,2376.808165,1776164006000
1776164008.846,208.846,0.88,69.5,0.87,36.23,0.86,90.5,0.85,174.31,0.84,88.44,0.89,10.0,0.9,24.6,0.91,64.0,0.92,73.9,0.93,285.39,0.11,10.0,0.1,24.6,0.09,64.0,0.08,73.9,0.07,285.39,0.12,69.5,0.13,36.23,0.14,90.5,0.15,174.31,0.16,88.44,0.01,0.01,2376.77914,1776164008000
1776164009.5,209.5,0.88,77.5,0.87,57.23,0.86,111.5,0.85,188.31,0.84,88.44,0.89,8.87,0.9,24.6,0.91,64.0,0.92,79.9,0.93,285.39,0.11,10.0,0.1,24.6,0.09,64.0,0.08,73.9,0.07,285.39,0.12,69.5,0.13,36.23,0.14,90.5,0.15,174.31,0.16,88.44,0.01,0.01,2376.77914,1776164008000
