timestamp,elapsed_sec,up_bid_p1,up_bid_s1,up_bid_p2,up_bid_s2,up_ask_p1,up_ask_s1,up_ask_p2,up_ask_s2,down_bid_p1,down_bid_s1,down_bid_p2,down_bid_s2,down_ask_p1,down_ask_s1,down_ask_p2,down_ask_s2,up_spread,down_spread,eth_price,eth_oracle_ts
1776263101.157,1.157,0.4,38.0,0.39,34.0,0.44,52.0,0.45,304.24,0.56,52.0,0.55,304.24,0.6,38.0,0.61,34.0,0.04,0.04,2343.32832,1776263100000
1776263101.485,1.485,0.41,15.0,0.4,5.0,0.44,48.17,0.45,304.24,0.56,52.0,0.55,304.24,0.6,38.0,0.61,34.0,0.03,0.04,2343.32832,1776263100000
1776263101.766,1.766,0.41,15.0,0.4,5.0,0.44,53.17,0.45,318.24,0.56,48.17,0.55,304.24,0.59,15.0,0.6,5.0,0.03,0.03,2343.32832,1776263100000
1776263102.164,2.164,0.41,18.0,0.4,18.0,0.44,52.17,0.45,318.24,0.56,48.17,0.55,318.24,0.59,10.0,0.6,5.0,0.03,0.03,2343.32832,1776263100000
1776263102.399,2.399,0.42,5.27,0.41,36.0,0.43,14.0,0.44,57.17,0.56,52.17,0.55,318.24,0.59,18.0,0.6,18.0,0.01,0.03,2343.170345,1776263101000
1776263102.917,2.917,0.43,54.91,0.42,69.0,0.44,43.17,0.45,304.24,0.56,43.17,0.55,304.24,0.58,6.1,0.59,10.0,0.01,0.02,2343.170345,1776263101000
1776263103.237,3.237,0.43,69.91,0.42,79.0,0.44,43.17,0.45,304.24,0.56,43.17,0.55,304.24,0.57,54.91,0.58,69.0,0.01,0.01,2343.170345,1776263101000
1776263103.76,3.76,0.43,15.0,0.42,10.0,0.44,67.17,0.45,328.24,0.56,53.17,0.55,314.24,0.57,22.48,0.58,69.0,0.01,0.01,2342.896559,1776263102000
1776263104.048,4.048,0.41,60.0,0.4,165.0,0.44,77.17,0.45,342.24,0.56,72.17,0.55,333.24,0.57,11.89,0.58,10.0,0.03,0.01,2342.921977,1776263103000
1776263104.466,4.466,0.42,135.0,0.41,185.0,0.44,66.92,0.45,342.24,0.56,77.17,0.55,342.24,0.59,60.0,0.6,165.0,0.02,0.03,2342.921977,1776263103000
1776263104.792,4.792,0.43,48.24,0.42,40.0,0.44,0.92,0.45,342.24,0.56,0.92,0.55,342.24,0.57,35.0,0.58,45.0,0.01,0.01,2342.921977,1776263103000
1776263104.998,4.998,0.43,33.24,0.42,40.0,0.45,341.91,0.46,186.59,0.55,341.91,0.54,186.59,0.57,33.24,0.58,40.0,0.02,0.02,2342.913193,1776263104000
1776263105.382,5.382,0.42,35.0,0.41,157.0,0.45,329.68,0.46,176.59,0.55,344.68,0.54,186.59,0.56,5.0,0.57,28.24,0.03,0.01,2342.913193,1776263104000
1776263105.695,5.695,0.43,12.82,0.42,31.0,0.44,10.0,0.45,311.68,0.55,329.68,0.54,176.59,0.59,16.17,0.6,103.0,0.01,0.04,2342.913193,1776263104000
1776263106.041,6.041,0.43,12.82,0.42,31.0,0.44,10.0,0.45,311.68,0.56,10.0,0.55,311.68,0.57,12.82,0.58,31.0,0.01,0.01,2342.695558,1776263105000
1776263106.673,6.673,0.43,100.0,0.42,81.0,0.44,7.0,0.45,301.68,0.56,10.0,0.55,311.68,0.57,12.82,0.58,31.0,0.01,0.01,2342.695558,1776263105000
1776263107.06,7.06,0.43,84.82,0.42,81.0,0.44,2.0,0.45,301.68,0.56,2.0,0.55,301.68,0.57,84.82,0.58,81.0,0.01,0.01,2342.660355,1776263106000
1776263108.054,8.054,0.44,143.0,0.43,77.82,0.45,288.68,0.46,135.59,0.55,303.68,0.54,130.59,0.57,106.82,0.58,86.0,0.01,0.02,2342.660355,1776263106000
1776263108.29,8.29,0.44,78.0,0.43,77.82,0.45,288.68,0.46,135.59,0.55,288.68,0.54,135.59,0.56,143.0,0.57,77.82,0.01,0.01,2342.852405,1776263107000
1776263108.609,8.609,0.44,31.64,0.43,77.82,0.45,348.68,0.46,195.59,0.55,288.68,0.54,135.59,0.56,78.0,0.57,77.82,0.01,0.01,2342.852405,1776263107000
1776263108.868,8.868,0.44,28.06,0.43,77.82,0.45,293.68,0.46,195.59,0.55,348.68,0.54,195.59,0.56,31.64,0.57,77.82,0.01,0.01,2342.852405,1776263107000
1776263109.263,9.263,0.44,28.06,0.43,77.82,0.45,293.68,0.46,195.59,0.55,293.68,0.54,195.59,0.56,28.06,0.57,77.82,0.01,0.01,2343.26417,1776263108000
1776263109.767,9.767,0.44,5.49,0.43,43.0,0.45,872.68,0.46,219.59,0.55,293.68,0.54,195.59,0.56,28.06,0.57,77.82,0.01,0.01,2343.26417,1776263108000
1776263110.313,10.313,0.44,8.57,0.43,145.0,0.45,367.68,0.46,229.59,0.55,872.68,0.54,219.59,0.57,160.0,0.58,33.0,0.01,0.02,2343.26417,1776263108000
1776263111.128,11.128,0.44,18.57,0.43,150.0,0.45,823.68,0.46,205.59,0.55,372.68,0.54,229.59,0.56,3.57,0.57,145.0,0.01,0.01,2343.293328,1776263109000
1776263111.621,11.621,0.44,937.5,0.43,100.0,0.45,280.84,0.46,135.59,0.55,823.68,0.54,205.59,0.56,18.57,0.57,150.0,0.01,0.01,2343.0878,1776263110000
1776263111.821,11.821,0.45,707.5,0.44,377.88,0.46,88.85,0.47,120.5,0.54,104.35,0.53,120.5,0.55,140.0,0.56,862.88,0.01,0.01,2343.0878,1776263110000
1776263112.145,12.145,0.45,887.5,0.44,250.88,0.46,48.85,0.47,110.0,0.54,83.85,0.53,120.5,0.55,832.5,0.56,260.88,0.01,0.01,2343.0878,1776263110000
1776263114.008,14.008,0.46,5.0,0.45,28.5,0.47,807.0,0.48,151.63,0.53,160.0,0.52,77.13,0.55,897.5,0.56,305.88,0.01,0.02,2343.087157,1776263112000
1776263115.049,15.049,0.44,50.14,0.43,33.0,0.45,672.5,0.46,110.5,0.54,10.0,0.53,802.0,0.55,16.59,0.56,103.88,0.01,0.01,2343.67331,1776263113000
1776263115.284,15.284,0.43,48.5,0.42,320.93,0.45,707.5,0.46,105.5,0.55,672.5,0.54,110.5,0.56,50.14,0.57,33.0,0.02,0.01,2343.67331,1776263113000
1776263115.666,15.666,0.43,2.0,0.42,305.43,0.44,737.5,0.45,100.5,0.55,707.5,0.54,105.5,0.57,48.5,0.58,320.93,0.01,0.02,2343.67331,1776263113000
1776263115.882,15.882,0.42,248.42,0.41,28.5,0.43,642.5,0.44,95.5,0.57,637.5,0.56,95.5,0.58,256.89,0.59,28.5,0.01,0.01,2343.658515,1776263114000
1776263116.244,16.244,0.42,23.63,0.41,33.5,0.43,570.0,0.44,212.5,0.57,732.5,0.56,95.5,0.58,64.7,0.59,13.0,0.01,0.01,2343.658515,1776263114000
1776263116.723,16.723,0.41,205.5,0.4,583.5,0.42,38.09,0.43,535.0,0.57,575.0,0.56,212.5,0.59,33.5,0.6,165.5,0.01,0.02,2343.286775,1776263115000
1776263116.949,16.949,0.42,50.0,0.41,255.66,0.43,534.76,0.44,85.5,0.57,540.0,0.56,75.5,0.59,262.66,0.6,583.5,0.01,0.02,2343.286775,1776263115000
1776263117.244,17.244,0.42,195.27,0.41,108.66,0.43,59.76,0.44,565.5,0.57,544.76,0.56,85.5,0.58,47.32,0.59,255.66,0.01,0.01,2343.138885,1776263116000
1776263117.455,17.455,0.42,180.09,0.41,108.66,0.43,59.76,0.44,75.5,0.57,59.76,0.56,565.5,0.58,195.27,0.59,108.66,0.01,0.01,2343.138885,1776263116000
1776263118.068,18.068,0.44,22.76,0.43,157.5,0.45,555.0,0.46,111.79,0.55,60.0,0.54,114.5,0.58,151.27,0.59,597.66,0.01,0.03,2343.138885,1776263116000
1776263118.579,18.579,0.44,190.26,0.43,577.5,0.45,39.77,0.46,80.0,0.55,555.0,0.54,111.79,0.56,22.76,0.57,157.5,0.01,0.01,2342.868386,1776263117000
1776263119.077,19.077,0.45,10.0,0.44,684.26,0.46,64.78,0.47,150.0,0.55,34.77,0.54,80.0,0.56,195.26,0.57,585.5,0.01,0.01,2342.868386,1776263117000
1776263119.414,19.414,0.45,670.5,0.44,155.26,0.47,143.95,0.48,92.13,0.54,61.64,0.53,160.0,0.55,495.0,0.56,259.26,0.02,0.01,2342.844295,1776263118000
1776263119.687,19.687,0.46,50.72,0.45,670.5,0.47,123.68,0.48,92.13,0.53,135.86,0.52,92.13,0.54,25.72,0.55,670.5,0.01,0.01,2342.844295,1776263118000
1776263121.161,21.161,0.46,773.22,0.45,156.5,0.47,68.68,0.48,57.13,0.53,123.68,0.52,92.13,0.54,50.72,0.55,670.5,0.01,0.01,2343.171802,1776263120000
1776263121.563,21.563,0.46,863.22,0.45,125.5,0.47,21.68,0.48,57.13,0.53,26.68,0.52,57.13,0.54,778.22,0.55,286.5,0.01,0.01,2343.171802,1776263120000
1776263121.958,21.958,0.47,135.5,0.46,770.22,0.48,47.13,0.49,212.0,0.52,57.13,0.51,212.0,0.54,903.22,0.55,125.5,0.01,0.02,2343.171802,1776263120000
1776263122.45,22.45,0.47,665.5,0.46,124.22,0.48,57.13,0.49,262.0,0.52,47.13,0.51,212.0,0.53,135.5,0.54,770.22,0.01,0.01,2343.41206,1776263121000
1776263122.697,22.697,0.47,693.06,0.46,241.22,0.48,92.12,0.49,379.0,0.52,57.13,0.51,212.0,0.53,693.06,0.54,254.22,0.01,0.01,2343.41206,1776263121000
1776263123.308,23.308,0.47,28.0,0.46,136.72,0.48,254.12,0.49,277.5,0.52,92.12,0.51,379.0,0.53,693.06,0.54,241.22,0.01,0.01,2343.41206,1776263121000
1776263124.115,24.115,0.47,742.5,0.46,161.22,0.48,42.12,0.49,212.0,0.52,254.12,0.51,277.5,0.53,28.0,0.54,136.72,0.01,0.01,2343.788114,1776263122000
1776263124.494,24.494,0.47,649.5,0.46,378.22,0.49,212.0,0.5,280.66,0.52,7.12,0.51,212.0,0.53,740.5,0.54,161.22,0.02,0.01,2343.864343,1776263123000
1776263124.771,24.771,0.48,444.94,0.47,155.5,0.49,207.0,0.5,163.66,0.51,207.0,0.5,163.66,0.52,425.69,0.53,150.5,0.01,0.01,2343.864343,1776263123000
1776263125.005,25.005,0.48,647.44,0.47,285.5,0.49,207.0,0.5,113.66,0.51,207.0,0.5,163.66,0.52,444.94,0.53,155.5,0.01,0.01,2343.864343,1776263123000
1776263125.291,25.291,0.49,705.5,0.48,111.75,0.5,105.78,0.51,80.0,0.5,110.78,0.49,80.0,0.52,742.44,0.53,185.5,0.01,0.02,2343.769018,1776263124000
1776263125.525,25.525,0.49,861.5,0.48,106.75,0.5,80.78,0.51,30.0,0.5,105.78,0.49,80.0,0.51,705.5,0.52,111.75,0.01,0.01,2343.769018,1776263124000
1776263125.949,25.949,0.49,789.5,0.48,136.75,0.5,33.35,0.52,71.0,0.5,42.78,0.49,30.0,0.51,911.5,0.52,106.75,0.01,0.01,2343.769018,1776263124000
1776263126.412,26.412,0.51,791.3,0.5,81.5,0.52,51.27,0.53,15.0,0.48,61.27,0.47,65.0,0.51,794.5,0.52,136.75,0.01,0.03,2343.769018,1776263124000
1776263126.93,26.93,0.51,756.3,0.5,96.5,0.52,3.71,0.53,5.0,0.48,46.27,0.47,15.0,0.49,791.3,0.5,81.5,0.01,0.01,2343.771403,1776263125000
1776263127.155,27.155,0.54,24.25,0.53,495.0,0.55,62.22,0.56,36.0,0.45,71.31,0.44,36.0,0.48,55.0,0.49,867.3,0.01,0.03,2343.771403,1776263125000
1776263127.42,27.42,0.54,136.0,0.53,45.0,0.57,55.9,0.58,177.0,0.43,50.9,0.42,60.0,0.44,10.0,0.45,15.0,0.03,0.01,2343.801628,1776263126000
1776263127.704,27.704,0.56,734.0,0.55,55.5,0.59,85.0,0.6,60.0,0.43,5.0,0.41,85.0,0.44,617.0,0.45,55.5,0.03,0.01,2343.801628,1776263126000
1776263127.944,27.944,0.58,490.0,0.57,10.0,0.59,85.0,0.6,60.0,0.41,85.0,0.4,60.0,0.44,734.0,0.45,55.5,0.01,0.03,2343.801628,1776263126000
1776263128.302,28.302,0.58,487.0,0.57,15.0,0.59,187.0,0.6,65.0,0.41,95.0,0.4,177.0,0.42,477.0,0.44,252.0,0.01,0.01,2343.801628,1776263126000
1776263128.558,28.558,0.58,519.0,0.57,46.0,0.6,192.5,0.61,81.29,0.41,69.91,0.4,192.5,0.42,519.0,0.43,46.0,0.02,0.01,2343.801628,1776263126000
1776263129.023,29.023,0.59,501.11,0.58,53.0,0.6,192.5,0.61,70.0,0.4,192.5,0.39,70.0,0.42,514.0,0.43,23.0,0.01,0.02,2344.301095,1776263127000
1776263129.629,29.629,0.59,578.11,0.58,49.0,0.61,85.5,0.62,246.0,0.4,192.5,0.39,70.0,0.41,501.11,0.42,53.0,0.02,0.01,2344.899833,1776263128000
1776263130.084,30.084,0.59,547.0,0.58,21.0,0.6,31.86,0.61,202.5,0.4,3.5,0.39,85.5,0.41,587.11,0.42,213.0,0.01,0.01,2344.899833,1776263128000
1776263130.334,30.334,0.59,569.78,0.58,31.0,0.6,237.86,0.61,118.5,0.4,31.86,0.39,202.5,0.41,547.0,0.42,21.0,0.01,0.01,2344.899833,1776263128000
1776263131.006,31.006,0.59,608.78,0.58,200.0,0.61,85.5,0.62,256.0,0.4,237.86,0.39,118.5,0.41,569.78,0.42,31.0,0.02,0.01,2345.04246,1776263129000
1776263131.403,31.403,0.59,510.0,0.58,132.0,0.6,20.66,0.61,102.2,0.39,85.5,0.38,256.0,0.41,608.78,0.42,200.0,0.01,0.02,2345.04107,1776263130000
1776263131.674,31.674,0.59,283.0,0.58,46.03,0.6,12.32,0.61,115.79,0.4,2.32,0.39,119.5,0.41,514.0,0.42,46.03,0.01,0.01,2345.04107,1776263130000
1776263131.997,31.997,0.59,702.0,0.58,104.03,0.61,54.27,0.62,129.0,0.4,17.8,0.39,106.79,0.41,550.0,0.42,213.03,0.02,0.01,2345.04107,1776263130000
1776263132.233,32.233,0.6,217.0,0.59,107.0,0.61,37.27,0.62,148.0,0.39,39.27,0.38,134.0,0.41,691.0,0.42,119.53,0.01,0.02,2345.04107,1776263130000
1776263133.132,33.132,0.6,737.15,0.59,98.5,0.61,20.0,0.62,115.2,0.39,20.0,0.38,148.0,0.4,702.0,0.41,117.5,0.01,0.01,2345.033535,1776263131000
1776263133.473,33.473,0.6,712.89,0.59,108.5,0.62,77.53,0.63,122.0,0.38,86.2,0.37,122.0,0.4,734.54,0.41,98.5,0.02,0.02,2345.080225,1776263132000
1776263133.785,33.785,0.61,49.0,0.6,677.89,0.62,68.07,0.63,122.0,0.38,77.53,0.37,122.0,0.4,712.89,0.41,108.5,0.01,0.02,2345.080225,1776263132000
1776263135.375,35.375,0.62,14.0,0.61,7.52,0.63,861.2,0.64,290.68,0.38,68.07,0.37,122.0,0.39,49.0,0.4,677.89,0.01,0.01,2345.059335,1776263134000
1776263135.628,35.628,0.6,2.5,0.59,15.0,0.61,70.5,0.62,640.5,0.37,881.2,0.36,295.68,0.39,7.52,0.4,5.0,0.01,0.02,2345.059335,1776263134000
1776263135.962,35.962,0.59,20.12,0.58,111.53,0.61,145.5,0.62,93.5,0.39,70.5,0.38,640.5,0.4,2.5,0.41,15.0,0.02,0.01,2345.059335,1776263134000
1776263136.882,36.882,0.57,10.0,0.56,125.0,0.58,131.85,0.59,147.5,0.39,145.5,0.38,93.5,0.41,20.12,0.42,111.53,0.01,0.02,2345.229142,1776263135000
1776263139.681,39.681,0.58,35.0,0.57,137.5,0.59,113.0,0.6,85.5,0.42,131.85,0.41,147.5,0.43,10.0,0.44,125.0,0.01,0.01,2344.76728,1776263138000
1776263140.143,40.143,0.58,20.0,0.56,30.0,0.59,703.46,0.6,112.5,0.41,113.0,0.4,85.5,0.42,35.0,0.43,137.5,0.01,0.01,2344.650725,1776263139000
1776263141.102,41.102,0.57,35.5,0.56,201.5,0.58,54.68,0.59,6.7,0.41,703.46,0.4,112.5,0.42,20.0,0.44,30.0,0.01,0.01,2344.650725,1776263139000
1776263141.36,41.36,0.57,610.5,0.56,211.5,0.6,20.0,0.61,25.34,0.42,46.35,0.41,6.7,0.43,40.5,0.44,201.5,0.03,0.01,2344.73746,1776263140000
1776263141.678,41.678,0.6,15.5,0.59,156.5,0.61,20.34,0.62,10.0,0.4,20.0,0.39,25.34,0.43,610.5,0.44,211.5,0.01,0.03,2344.73746,1776263140000
1776263142.099,42.099,0.6,26.0,0.59,31.0,0.61,56.92,0.62,30.5,0.39,20.34,0.38,10.0,0.4,15.5,0.41,156.5,0.01,0.01,2344.73746,1776263140000
1776263143.927,43.927,0.6,283.49,0.59,113.5,0.61,10.0,0.62,10.0,0.39,56.92,0.38,30.5,0.4,26.0,0.41,31.0,0.01,0.01,2345.05131,1776263143000
1776263145.013,45.013,0.61,588.0,0.6,208.5,0.62,15.0,0.63,75.5,0.38,10.0,0.37,14.0,0.4,732.49,0.41,113.5,0.01,0.02,2345.05131,1776263143000
1776263145.628,45.628,0.61,585.43,0.6,91.5,0.62,60.0,0.63,81.7,0.38,15.0,0.37,75.5,0.39,588.0,0.4,208.5,0.01,0.01,2344.996341,1776263144000
1776263146.654,46.654,0.59,5.0,0.58,66.03,0.6,662.16,0.61,85.5,0.38,60.0,0.37,81.7,0.39,585.43,0.4,91.5,0.01,0.01,2345.343001,1776263145000
1776263146.869,46.869,0.58,66.03,0.57,11.0,0.59,691.2,0.6,85.16,0.4,647.16,0.39,85.5,0.41,5.0,0.42,66.03,0.01,0.01,2345.343001,1776263145000
1776263147.139,47.139,0.58,61.03,0.57,38.0,0.59,589.2,0.6,202.16,0.41,691.2,0.4,85.16,0.42,66.03,0.43,11.0,0.01,0.01,2345.343001,1776263145000
1776263147.607,47.607,0.58,31.03,0.57,145.0,0.59,114.8,0.6,696.16,0.41,589.2,0.4,202.16,0.42,61.03,0.43,38.0,0.01,0.01,2345.229085,1776263146000
1776263148.104,48.104,0.56,15.0,0.55,40.0,0.59,1144.5,0.6,214.16,0.41,114.8,0.4,696.16,0.42,31.03,0.43,145.0,0.03,0.01,2345.229085,1776263146000
1776263148.427,48.427,0.5,204.0,0.49,90.5,0.51,10.0,0.52,15.0,0.49,20.2,0.48,23.91,0.5,25.49,0.51,90.5,0.01,0.01,2344.947895,1776263147000
1776263148.749,48.749,0.5,11.0,0.49,30.0,0.51,16.38,0.52,32.2,0.49,10.0,0.48,15.0,0.5,204.0,0.51,90.5,0.01,0.01,2344.947895,1776263147000
1776263149.018,49.018,0.49,15.0,0.48,51.49,0.5,15.0,0.51,687.5,0.49,16.38,0.48,32.2,0.5,11.0,0.51,30.0,0.01,0.01,2344.947895,1776263147000
1776263149.267,49.267,0.49,10.0,0.48,51.49,0.5,642.5,0.51,90.5,0.5,647.5,0.49,85.5,0.51,10.0,0.52,51.49,0.01,0.01,2344.947895,1776263147000
1776263149.617,49.617,0.49,15.0,0.48,175.0,0.5,15.0,0.51,76.7,0.5,631.0,0.49,90.5,0.51,10.0,0.52,51.49,0.01,0.01,2344.615395,1776263148000
1776263150.686,50.686,0.48,7.5,0.47,100.0,0.49,541.5,0.5,104.5,0.5,30.0,0.49,102.2,0.51,5.0,0.52,188.5,0.01,0.01,2344.076589,1776263149000
1776263151.091,51.091,0.47,40.0,0.46,140.22,0.48,530.0,0.49,97.2,0.51,708.5,0.5,99.5,0.53,75.0,0.54,119.72,0.01,0.02,2344.076589,1776263149000
1776263151.442,51.442,0.48,30.5,0.47,216.5,0.49,60.0,0.5,55.0,0.52,530.0,0.51,97.2,0.53,40.0,0.54,140.22,0.01,0.01,2343.551685,1776263150000
1776263151.643,51.643,0.48,30.69,0.47,111.5,0.49,15.0,0.5,65.0,0.51,15.0,0.5,55.0,0.52,233.5,0.53,591.5,0.01,0.01,2343.551685,1776263150000
1776263152.327,52.327,0.48,15.0,0.46,95.22,0.49,195.87,0.5,555.5,0.51,15.0,0.5,65.0,0.52,30.69,0.53,111.5,0.01,0.01,2343.54531,1776263151000
1776263152.555,52.555,0.48,5.0,0.47,5.0,0.49,680.87,0.5,75.5,0.51,195.87,0.5,555.5,0.52,15.0,0.54,95.22,0.01,0.01,2343.54531,1776263151000
1776263152.815,52.815,0.48,35.0,0.47,20.5,0.49,58.87,0.5,560.0,0.51,691.37,0.5,81.5,0.54,26.25,0.55,174.5,0.01,0.03,2343.54531,1776263151000
1776263153.554,53.554,0.48,21.16,0.47,20.5,0.49,670.87,0.5,80.0,0.51,543.87,0.5,197.0,0.52,43.08,0.53,151.5,0.01,0.01,2343.421819,1776263152000
1776263154.297,54.297,0.48,15.0,0.47,20.5,0.49,557.87,0.5,197.5,0.51,670.87,0.5,80.0,0.52,21.16,0.53,20.5,0.01,0.01,2343.5572,1776263153000
1776263155.76,55.76,0.45,125.5,0.44,135.5,0.46,568.26,0.47,197.0,0.51,557.87,0.5,197.5,0.52,15.0,0.53,20.5,0.01,0.01,2343.507865,1776263154000
1776263156.062,56.062,0.45,125.5,0.44,140.5,0.46,542.42,0.47,187.0,0.54,367.6,0.53,197.0,0.55,125.5,0.56,135.5,0.01,0.01,2343.507865,1776263154000
1776263156.58,56.58,0.45,292.5,0.44,140.5,0.47,55.0,0.48,667.0,0.54,542.42,0.53,187.0,0.55,125.5,0.56,140.5,0.02,0.01,2343.45464,1776263155000
1776263159.651,59.651,0.51,50.0,0.5,25.0,0.52,881.2,0.53,52.5,0.53,5.0,0.52,55.0,0.54,575.5,0.55,184.5,0.01,0.01,2343.964555,1776263158000
1776263159.988,59.988,0.5,35.0,0.49,20.5,0.52,862.7,0.53,59.2,0.48,881.2,0.47,52.5,0.49,50.0,0.5,25.0,0.02,0.01,2343.964555,1776263158000
1776263160.33,60.33,0.5,25.0,0.48,15.5,0.51,687.1,0.52,271.2,0.48,862.7,0.47,59.2,0.5,35.0,0.51,20.5,0.01,0.02,2344.197632,1776263159000
1776263161.065,61.065,0.5,25.0,0.49,25.5,0.51,7.55,0.52,846.2,0.49,651.21,0.48,276.2,0.5,25.0,0.52,20.5,0.01,0.01,2344.197632,1776263159000
1776263161.562,61.562,0.5,777.5,0.49,75.5,0.51,52.76,0.52,248.7,0.49,7.55,0.48,846.2,0.5,25.0,0.51,25.5,0.01,0.01,2344.197632,1776263159000
1776263161.923,61.923,0.51,770.5,0.5,170.5,0.52,147.73,0.54,70.19,0.49,52.76,0.48,248.7,0.5,777.5,0.51,75.5,0.01,0.01,2343.917695,1776263160000
1776263163.02,63.02,0.53,740.5,0.52,46.5,0.55,85.0,0.56,120.0,0.46,70.19,0.45,90.0,0.49,815.5,0.5,143.5,0.02,0.03,2343.88726,1776263161000
1776263165.74,65.74,0.53,10.0,0.52,20.0,0.54,730.16,0.55,100.5,0.45,85.0,0.44,120.0,0.47,740.5,0.48,46.5,0.01,0.02,2344.32411,1776263164000
1776263166.674,66.674,0.51,54.0,0.5,10.0,0.52,714.8,0.53,146.2,0.46,730.16,0.45,100.5,0.47,10.0,0.48,20.0,0.01,0.01,2344.31955,1776263165000
1776263167.258,67.258,0.51,29.0,0.5,5.0,0.52,722.87,0.53,132.2,0.48,714.8,0.47,146.2,0.49,54.0,0.5,10.0,0.01,0.01,2344.31955,1776263165000
1776263167.898,67.898,0.51,36.95,0.5,15.0,0.52,83.0,0.53,694.2,0.48,720.94,0.47,132.2,0.49,29.0,0.5,5.0,0.01,0.01,2344.179985,1776263166000
1776263168.534,68.534,0.51,39.9,0.5,30.5,0.52,88.0,0.53,672.0,0.48,83.0,0.47,694.2,0.49,36.95,0.5,15.0,0.01,0.01,2343.999886,1776263167000
1776263169.759,69.759,0.53,812.5,0.52,287.5,0.55,10.0,0.56,130.0,0.48,88.0,0.47,672.0,0.49,39.9,0.5,30.5,0.02,0.01,2343.828685,1776263168000
1776263170.038,70.038,0.55,20.5,0.54,737.5,0.56,120.0,0.57,50.0,0.45,10.0,0.44,130.0,0.47,812.5,0.48,287.5,0.01,0.02,2343.828685,1776263168000
1776263170.593,70.593,0.55,30.0,0.54,35.5,0.56,184.0,0.57,55.0,0.44,125.0,0.43,50.0,0.45,137.5,0.46,118.5,0.01,0.01,2343.81118,1776263169000
1776263172.893,72.893,0.53,30.5,0.52,25.5,0.55,34.0,0.56,156.7,0.44,184.0,0.43,55.0,0.45,30.0,0.46,35.5,0.02,0.01,2344.24813,1776263172000
1776263173.17,73.17,0.53,22.0,0.52,569.5,0.54,52.0,0.55,85.5,0.46,10.0,0.45,60.0,0.47,72.5,0.48,95.5,0.01,0.01,2344.24813,1776263172000
1776263174.941,74.941,0.53,1.04,0.51,39.9,0.54,744.2,0.55,222.79,0.46,52.0,0.45,85.5,0.47,22.0,0.48,569.5,0.01,0.01,2344.203097,1776263173000
1776263176.609,76.609,0.53,57.0,0.52,572.5,0.54,37.0,0.55,197.5,0.46,744.2,0.45,222.79,0.49,39.9,0.5,70.5,0.01,0.03,2344.108957,1776263175000
1776263176.918,76.918,0.53,416.73,0.52,209.5,0.54,17.0,0.55,80.5,0.46,17.0,0.45,80.5,0.47,594.5,0.48,209.5,0.01,0.01,2344.108957,1776263175000
1776263178.158,78.158,0.53,607.73,0.52,101.5,0.55,55.0,0.56,270.2,0.46,17.0,0.45,80.5,0.47,416.73,0.48,209.5,0.02,0.01,2343.98052,1776263176000
1776263178.579,78.579,0.54,598.0,0.53,34.5,0.55,55.0,0.56,270.2,0.45,55.0,0.44,270.2,0.47,607.73,0.48,101.5,0.01,0.02,2343.98052,1776263176000
1776263179.122,79.122,0.54,721.5,0.53,89.5,0.55,53.18,0.56,126.5,0.45,55.0,0.44,270.2,0.46,598.0,0.47,34.5,0.01,0.01,2344.020655,1776263177000
1776263179.779,79.779,0.54,770.5,0.53,89.5,0.55,0.18,0.56,116.0,0.45,53.18,0.44,126.5,0.46,721.5,0.47,89.5,0.01,0.01,2344.048985,1776263178000
1776263184.433,84.433,0.53,20.0,0.51,135.2,0.54,258.5,0.55,656.88,0.45,0.18,0.44,116.0,0.46,770.5,0.47,89.5,0.01,0.01,2344.119625,1776263183000
1776263186.188,86.188,0.51,39.5,0.5,35.0,0.52,30.5,0.53,768.49,0.46,255.5,0.45,656.88,0.47,20.0,0.49,135.2,0.01,0.01,2344.105255,1776263184000
1776263186.414,86.414,0.5,35.0,0.49,50.0,0.52,878.49,0.53,253.79,0.48,30.5,0.47,768.49,0.49,39.5,0.5,35.0,0.02,0.01,2343.979975,1776263185000
1776263186.664,86.664,0.5,35.0,0.49,50.0,0.51,828.09,0.52,241.79,0.48,878.49,0.47,253.79,0.5,35.0,0.51,50.0,0.01,0.02,2343.979975,1776263185000
1776263187.572,87.572,0.51,229.0,0.5,20.0,0.53,23.03,0.54,113.39,0.49,828.09,0.48,241.79,0.5,35.0,0.51,50.0,0.02,0.01,2343.933945,1776263186000
1776263187.989,87.989,0.52,880.5,0.51,90.5,0.54,33.39,0.55,123.68,0.47,23.03,0.46,113.39,0.49,229.0,0.5,20.0,0.02,0.02,2343.933945,1776263186000
1776263189.83,89.83,0.53,37.87,0.52,575.5,0.54,75.39,0.55,257.18,0.46,33.39,0.45,123.68,0.48,880.5,0.49,90.5,0.01,0.02,2343.672395,1776263188000
1776263191.627,91.627,0.51,786.5,0.5,102.5,0.52,7.3,0.53,15.0,0.46,75.39,0.45,257.18,0.47,37.87,0.48,575.5,0.01,0.01,2344.071359,1776263190000
1776263192.89,92.89,0.51,25.0,0.5,68.0,0.52,251.5,0.53,122.75,0.47,2.25,0.46,80.39,0.49,810.5,0.5,102.5,0.01,0.02,2344.024425,1776263191000
1776263193.739,93.739,0.51,109.5,0.5,699.5,0.52,44.8,0.53,82.2,0.48,251.5,0.47,122.75,0.49,25.0,0.5,68.0,0.01,0.01,2344.024425,1776263191000
1776263194.472,94.472,0.5,3.0,0.49,25.0,0.51,755.5,0.52,144.5,0.48,39.8,0.47,209.2,0.49,114.5,0.5,699.5,0.01,0.01,2343.971964,1776263192000
1776263201.435,101.435,0.51,705.5,0.5,97.5,0.52,65.0,0.53,73.0,0.49,755.5,0.48,144.5,0.5,3.0,0.51,25.0,0.01,0.01,2343.73746,1776263199000
1776263202.81,102.81,0.51,595.5,0.5,83.5,0.52,4.0,0.53,220.5,0.47,73.0,0.46,116.12,0.49,705.5,0.5,97.5,0.01,0.02,2343.763715,1776263201000
1776263204.759,104.759,0.49,25.0,0.48,60.0,0.51,874.5,0.52,301.79,0.48,4.0,0.47,220.5,0.49,595.5,0.5,83.5,0.02,0.01,2343.804125,1776263203000
1776263214.137,114.137,0.49,864.5,0.48,107.5,0.5,0.84,0.52,18.0,0.49,874.5,0.48,301.79,0.51,25.0,0.52,60.0,0.01,0.02,2343.682611,1776263212000
1776263216.142,116.142,0.48,71.88,0.47,306.5,0.49,33.0,0.5,152.5,0.48,17.9,0.47,5.0,0.49,57.5,0.5,25.5,0.01,0.01,2343.63673,1776263215000
1776263220.213,120.213,0.5,10.0,0.48,105.5,0.51,665.5,0.52,98.49,0.51,33.0,0.5,152.5,0.52,71.88,0.53,306.5,0.01,0.01,2343.559342,1776263218000
1776263220.671,120.671,0.5,10.0,0.48,95.0,0.51,706.5,0.52,96.79,0.49,665.5,0.48,98.49,0.5,10.0,0.52,105.5,0.01,0.01,2343.59022,1776263219000
1776263225.915,125.915,0.53,240.5,0.52,35.11,0.54,62.22,0.55,84.0,0.49,706.5,0.48,96.79,0.5,10.0,0.52,95.0,0.01,0.01,2343.366915,1776263224000
1776263226.198,126.198,0.53,325.5,0.52,505.5,0.54,53.45,0.55,84.0,0.46,62.22,0.45,84.0,0.47,240.5,0.48,35.11,0.01,0.01,2343.366915,1776263224000
1776263226.662,126.662,0.53,797.03,0.52,49.73,0.54,20.65,0.55,84.0,0.46,30.65,0.45,84.0,0.47,330.5,0.48,25.5,0.01,0.01,2343.366915,1776263224000
1776263226.981,126.981,0.53,823.5,0.52,49.73,0.55,84.0,0.56,160.0,0.46,15.65,0.45,84.0,0.47,796.5,0.48,49.73,0.02,0.01,2343.553673,1776263225000
1776263227.39,127.39,0.54,719.5,0.53,205.5,0.56,100.0,0.57,10.0,0.45,84.0,0.44,160.0,0.47,823.5,0.48,49.73,0.02,0.02,2343.553673,1776263225000
1776263229.222,129.222,0.58,613.5,0.57,88.5,0.59,85.0,0.6,125.5,0.44,100.0,0.43,10.0,0.46,719.5,0.47,205.5,0.01,0.02,2344.069799,1776263227000
1776263229.891,129.891,0.54,4.9,0.52,55.0,0.55,20.5,0.56,50.5,0.41,85.0,0.4,125.5,0.42,613.5,0.43,88.5,0.01,0.01,2344.20365,1776263228000
1776263230.257,130.257,0.54,4.9,0.52,55.0,0.55,550.31,0.56,50.5,0.45,15.5,0.44,55.5,0.46,9.9,0.48,55.0,0.01,0.01,2344.404413,1776263229000
1776263230.589,130.589,0.49,75.0,0.48,75.0,0.55,666.44,0.56,125.5,0.45,513.94,0.44,50.5,0.46,4.9,0.48,55.0,0.06,0.01,2344.404413,1776263229000
1776263232.695,132.695,0.5,34.0,0.49,100.5,0.51,711.23,0.52,65.0,0.45,666.44,0.44,125.5,0.51,75.0,0.52,75.0,0.01,0.06,2344.129809,1776263231000
1776263232.95,132.95,0.5,13.13,0.49,80.0,0.51,688.23,0.52,85.5,0.49,697.23,0.48,65.0,0.5,33.13,0.51,100.5,0.01,0.01,2344.129809,1776263231000
1776263234.458,134.458,0.48,46.3,0.47,898.5,0.49,5.0,0.5,5.0,0.49,679.23,0.48,81.5,0.51,25.0,0.52,100.5,0.01,0.02,2343.629617,1776263233000
1776263236.691,136.691,0.51,5.0,0.5,21.0,0.52,682.5,0.53,94.79,0.5,5.0,0.49,71.7,0.52,87.3,0.53,898.5,0.01,0.02,2343.388124,1776263235000
1776263241.856,141.856,0.47,130.0,0.46,145.0,0.48,684.99,0.49,123.79,0.48,682.5,0.47,94.79,0.5,21.0,0.51,71.0,0.01,0.02,2343.394735,1776263240000
1776263242.178,142.178,0.46,10.0,0.45,397.5,0.47,5.0,0.48,21.7,0.52,669.99,0.51,118.79,0.55,270.0,0.56,220.0,0.01,0.03,2343.394735,1776263240000
1776263243.139,143.139,0.47,557.5,0.46,163.69,0.48,9.5,0.49,20.0,0.53,5.0,0.52,21.7,0.54,10.0,0.55,397.5,0.01,0.01,2343.541733,1776263241000
1776263245.227,145.227,0.47,122.5,0.46,633.69,0.48,14.5,0.49,182.0,0.52,9.5,0.51,20.0,0.53,557.5,0.54,163.69,0.01,0.01,2343.299785,1776263243000
1776263246.271,146.271,0.46,119.69,0.45,298.5,0.48,681.5,0.49,115.5,0.52,14.5,0.51,182.0,0.53,122.5,0.54,633.69,0.02,0.01,2343.372195,1776263244000
1776263246.675,146.675,0.47,20.0,0.46,119.69,0.48,676.5,0.49,110.5,0.52,681.5,0.51,115.5,0.54,119.69,0.55,298.5,0.01,0.02,2343.43751,1776263245000
1776263247.86,147.86,0.46,149.69,0.45,285.5,0.47,15.0,0.48,676.5,0.52,676.5,0.51,110.5,0.53,20.0,0.54,119.69,0.01,0.01,2343.398485,1776263246000
1776263248.633,148.633,0.47,31.0,0.46,140.69,0.48,201.5,0.49,574.0,0.53,15.0,0.52,676.5,0.54,149.69,0.55,285.5,0.01,0.01,2343.400055,1776263247000
1776263250.716,150.716,0.46,84.19,0.45,210.0,0.47,682.0,0.48,111.7,0.52,201.5,0.51,574.0,0.53,31.0,0.54,140.69,0.01,0.01,2343.319985,1776263249000
1776263251.935,151.935,0.47,849.0,0.46,185.69,0.5,0.41,0.51,26.7,0.53,682.0,0.52,111.7,0.54,84.19,0.55,210.0,0.03,0.01,2343.318717,1776263250000
1776263253.983,153.983,0.46,851.69,0.45,325.5,0.49,14.0,0.5,19.0,0.5,0.41,0.49,26.7,0.53,849.0,0.54,185.69,0.03,0.03,2343.205905,1776263253000
1776263256.038,156.038,0.49,847.69,0.48,115.5,0.5,19.63,0.51,10.0,0.51,14.0,0.5,19.0,0.54,851.69,0.55,325.5,0.01,0.03,2343.406345,1776263254000
1776263257.719,157.719,0.48,126.5,0.47,105.5,0.49,10.0,0.5,201.63,0.5,19.63,0.49,10.0,0.51,847.69,0.52,115.5,0.01,0.01,2343.542271,1776263256000
1776263258.426,158.426,0.47,55.5,0.46,74.69,0.49,713.0,0.5,129.13,0.51,10.0,0.5,201.63,0.52,126.5,0.53,105.5,0.02,0.01,2343.53774,1776263257000
1776263261.154,161.154,0.46,28.63,0.45,255.0,0.47,722.0,0.48,158.49,0.51,713.0,0.5,129.13,0.53,55.5,0.54,74.69,0.01,0.02,2343.30509,1776263260000
1776263262.015,162.015,0.46,534.13,0.45,442.5,0.47,17.23,0.48,91.7,0.53,722.0,0.52,158.49,0.54,28.63,0.55,255.0,0.01,0.01,2343.30509,1776263260000
1776263264.154,164.154,0.46,113.63,0.45,340.5,0.47,619.93,0.48,94.0,0.53,17.23,0.52,91.7,0.54,534.13,0.55,442.5,0.01,0.01,2343.254761,1776263262000
1776263265.923,165.923,0.46,0.63,0.45,265.0,0.47,743.5,0.48,139.5,0.53,619.93,0.52,94.0,0.54,113.63,0.55,340.5,0.01,0.01,2343.270457,1776263264000
1776263266.395,166.395,0.45,180.0,0.44,210.0,0.47,725.5,0.48,147.79,0.53,743.5,0.52,139.5,0.54,0.63,0.55,265.0,0.02,0.01,2343.270457,1776263264000
1776263266.77,166.77,0.44,30.0,0.43,250.0,0.45,5.0,0.46,72.7,0.53,725.5,0.52,147.79,0.55,180.0,0.56,210.0,0.01,0.02,2343.208286,1776263265000
1776263267.305,167.305,0.44,10.37,0.43,250.0,0.45,25.0,0.46,82.7,0.55,5.0,0.54,72.7,0.56,30.0,0.57,250.0,0.01,0.01,2343.204761,1776263266000
1776263267.82,167.82,0.44,8.1,0.43,285.0,0.45,40.0,0.46,198.5,0.55,25.0,0.54,82.7,0.56,10.37,0.57,250.0,0.01,0.01,2343.204761,1776263266000
1776263268.208,168.208,0.43,295.0,0.42,422.5,0.45,90.0,0.46,248.5,0.55,40.0,0.54,198.5,0.56,8.1,0.57,285.0,0.02,0.01,2343.118653,1776263267000
1776263269.339,169.339,0.43,150.0,0.42,255.5,0.44,720.16,0.45,90.5,0.55,90.0,0.54,248.5,0.57,295.0,0.58,422.5,0.01,0.02,2343.022496,1776263268000
1776263270.46,170.46,0.43,8.24,0.42,245.0,0.44,717.5,0.45,153.89,0.56,720.16,0.55,90.5,0.57,150.0,0.58,255.5,0.01,0.01,2343.059225,1776263269000
1776263273.571,173.571,0.4,5.17,0.39,150.0,0.41,351.0,0.42,115.0,0.56,717.5,0.55,153.89,0.58,245.0,0.59,100.0,0.01,0.02,2342.897875,1776263272000
1776263274.093,174.093,0.35,10.28,0.33,25.0,0.36,110.0,0.37,132.0,0.59,351.0,0.58,115.0,0.61,150.0,0.62,195.0,0.01,0.02,2342.891535,1776263273000
1776263274.621,174.621,0.3,49.42,0.29,10.0,0.31,848.0,0.32,27.35,0.64,110.0,0.63,132.0,0.65,10.28,0.67,25.0,0.01,0.01,2342.891535,1776263273000
1776263274.837,174.837,0.2,6.28,0.19,60.0,0.25,16.66,0.29,5.0,0.69,825.0,0.68,22.35,0.72,5.0,0.77,25.0,0.05,0.03,2342.891535,1776263273000
1776263275.145,175.145,0.2,59.0,0.19,177.0,0.21,21.85,0.22,10.0,0.79,34.0,0.78,10.0,0.8,2.4,0.81,60.0,0.01,0.01,2342.71,1776263274000
1776263275.349,175.349,0.2,164.75,0.19,70.0,0.21,29.85,0.22,10.0,0.79,29.85,0.78,10.0,0.8,162.75,0.81,70.0,0.01,0.01,2342.71,1776263274000
1776263275.979,175.979,0.2,197.25,0.19,75.0,0.22,10.0,0.23,25.0,0.79,29.85,0.78,10.0,0.8,164.75,0.81,70.0,0.02,0.01,2342.71,1776263274000
1776263276.59,176.59,0.2,42.1,0.19,70.0,0.21,10.0,0.22,10.0,0.78,10.0,0.77,25.0,0.8,185.25,0.81,70.0,0.01,0.02,2342.1633,1776263275000
1776263276.999,176.999,0.19,70.0,0.18,70.0,0.21,10.0,0.22,10.0,0.79,10.0,0.78,10.0,0.8,47.1,0.81,70.0,0.02,0.01,2342.1633,1776263275000
1776263277.211,177.211,0.2,7.0,0.19,67.0,0.21,37.0,0.22,490.0,0.79,10.0,0.78,10.0,0.81,67.0,0.82,70.0,0.01,0.02,2341.684346,1776263276000
1776263278.263,178.263,0.2,2.75,0.18,60.0,0.21,103.0,0.22,10.0,0.79,43.0,0.78,490.0,0.8,5.75,0.81,67.0,0.01,0.01,2341.58939,1776263277000
1776263279.152,179.152,0.2,32.75,0.18,60.0,0.21,1.95,0.22,10.0,0.79,103.0,0.78,10.0,0.8,2.75,0.82,60.0,0.01,0.01,2341.40249,1776263278000
1776263279.667,179.667,0.2,22.75,0.19,39.0,0.23,48.73,0.24,10.0,0.79,1.95,0.78,10.0,0.8,52.75,0.82,60.0,0.03,0.01,2341.40249,1776263278000
1776263279.896,179.896,0.2,16.5,0.19,39.0,0.21,10.0,0.23,13.73,0.77,48.73,0.76,10.0,0.8,22.75,0.81,39.0,0.01,0.03,2341.40249,1776263278000
1776263280.151,180.151,0.19,54.0,0.18,60.0,0.21,45.52,0.22,20.0,0.76,10.89,0.75,80.0,0.8,15.25,0.81,49.0,0.02,0.04,2341.40249,1776263278000
1776263280.846,180.846,0.18,160.0,0.17,75.0,0.21,2.0,0.22,30.0,0.79,45.52,0.78,20.0,0.81,54.0,0.82,60.0,0.03,0.02,2341.307716,1776263279000
1776263281.176,181.176,0.2,27.0,0.18,60.0,0.21,47.0,0.22,40.0,0.78,30.0,0.77,15.0,0.79,3.0,0.8,15.0,0.01,0.01,2341.307716,1776263279000
1776263281.945,181.945,0.15,41.76,0.14,125.9,0.16,25.0,0.17,180.0,0.79,57.0,0.78,66.0,0.82,12.4,0.83,70.0,0.01,0.03,2341.510185,1776263280000
1776263282.967,182.967,0.15,39.96,0.14,114.9,0.16,717.0,0.17,143.0,0.84,25.0,0.83,180.0,0.85,41.76,0.86,125.9,0.01,0.01,2341.510185,1776263281000
1776263283.896,183.896,0.15,48.04,0.14,105.0,0.16,130.0,0.17,38.0,0.84,727.0,0.83,143.0,0.85,0.96,0.86,114.9,0.01,0.01,2341.050211,1776263282000
1776263284.697,184.697,0.15,149.87,0.14,575.0,0.16,116.0,0.17,38.0,0.84,130.0,0.83,38.0,0.85,48.04,0.86,105.0,0.01,0.01,2340.92609,1776263283000
1776263284.935,184.935,0.15,144.87,0.14,575.0,0.16,107.0,0.17,38.0,0.84,116.0,0.83,38.0,0.85,149.87,0.86,575.0,0.01,0.01,2340.92609,1776263283000
1776263285.403,185.403,0.15,599.75,0.14,95.0,0.16,117.0,0.17,38.0,0.84,107.0,0.83,38.0,0.85,144.87,0.86,575.0,0.01,0.01,2340.814012,1776263284000
1776263285.936,185.936,0.15,499.87,0.14,105.0,0.16,95.27,0.17,38.0,0.84,117.0,0.83,38.0,0.85,599.75,0.86,95.0,0.01,0.01,2340.814012,1776263284000
1776263286.367,186.367,0.15,522.87,0.14,101.0,0.16,95.27,0.17,38.0,0.84,95.27,0.83,38.0,0.85,499.87,0.86,105.0,0.01,0.01,2340.814012,1776263285000
1776263287.037,187.037,0.15,18.79,0.14,101.0,0.16,106.27,0.17,38.0,0.84,95.27,0.83,38.0,0.85,505.93,0.86,101.0,0.01,0.01,2340.814012,1776263285000
1776263287.399,187.399,0.15,43.79,0.14,601.0,0.16,39.64,0.17,155.0,0.84,106.27,0.83,38.0,0.85,18.79,0.86,101.0,0.01,0.01,2340.988435,1776263286000
1776263287.617,187.617,0.15,43.79,0.14,601.0,0.16,25.89,0.17,155.0,0.84,39.64,0.83,155.0,0.85,43.79,0.86,601.0,0.01,0.01,2340.988435,1776263286000
1776263287.862,187.862,0.15,38.79,0.14,611.0,0.16,10.0,0.17,135.71,0.83,135.71,0.82,522.0,0.85,43.79,0.86,606.0,0.01,0.02,2340.988435,1776263286000
1776263288.153,188.153,0.15,40.26,0.14,611.0,0.16,10.0,0.17,135.71,0.84,10.0,0.83,135.71,0.85,38.79,0.86,611.0,0.01,0.01,2341.065705,1776263287000
1776263289.211,189.211,0.15,42.26,0.14,663.0,0.16,6.0,0.17,140.71,0.84,10.0,0.83,135.71,0.85,52.26,0.86,611.0,0.01,0.01,2341.065705,1776263287000
1776263289.433,189.433,0.16,30.5,0.15,17.26,0.17,26.71,0.18,532.0,0.83,40.71,0.82,532.0,0.84,30.5,0.85,17.26,0.01,0.01,2341.0223,1776263288000
1776263289.865,189.865,0.16,20.0,0.15,22.0,0.17,21.5,0.18,147.21,0.82,502.71,0.81,150.5,0.83,10.5,0.84,20.38,0.01,0.01,2341.0223,1776263288000
1776263290.156,190.156,0.15,37.3,0.14,203.61,0.16,44.0,0.17,153.5,0.84,49.0,0.83,153.5,0.85,37.3,0.86,183.5,0.01,0.01,2341.0223,1776263288000
1776263290.423,190.423,0.15,44.83,0.14,151.61,0.16,549.75,0.17,76.5,0.84,22.25,0.83,521.5,0.85,50.63,0.86,203.61,0.01,0.01,2340.99964,1776263289000
1776263290.917,190.917,0.15,44.83,0.14,141.61,0.16,486.0,0.17,188.5,0.84,540.75,0.83,76.5,0.85,44.83,0.86,151.61,0.01,0.01,2340.99964,1776263289000
1776263291.705,191.705,0.15,5.33,0.14,151.61,0.16,649.75,0.17,468.38,0.84,445.75,0.83,193.5,0.85,44.83,0.86,151.61,0.01,0.01,2341.00464,1776263290000
1776263291.912,191.912,0.14,151.61,0.13,152.0,0.16,777.25,0.17,356.38,0.84,649.75,0.83,468.38,0.85,5.33,0.86,151.61,0.02,0.01,2341.00464,1776263290000
1776263295.272,195.272,0.14,110.11,0.13,35.0,0.15,293.5,0.16,389.5,0.84,777.25,0.83,356.38,0.86,151.61,0.87,152.0,0.01,0.02,2340.810661,1776263294000
1776263295.545,195.545,0.14,38.85,0.13,35.0,0.15,294.5,0.16,374.5,0.85,293.5,0.84,389.5,0.86,110.11,0.87,35.0,0.01,0.01,2340.810661,1776263294000
1776263295.752,195.752,0.14,23.85,0.13,35.0,0.15,296.5,0.16,367.5,0.85,294.5,0.84,374.5,0.86,38.85,0.87,35.0,0.01,0.01,2340.810661,1776263294000
1776263295.966,195.966,0.13,35.0,0.12,237.59,0.14,177.28,0.15,251.5,0.85,291.5,0.84,394.3,0.87,35.0,0.88,237.59,0.01,0.02,2340.810661,1776263294000
1776263297.103,197.103,0.12,25.09,0.11,95.0,0.13,298.96,0.14,379.68,0.86,177.28,0.85,251.5,0.87,35.0,0.88,237.59,0.01,0.01,2340.806624,1776263295000
1776263297.397,197.397,0.12,13.95,0.11,95.0,0.13,293.96,0.14,389.68,0.87,298.96,0.86,379.68,0.88,25.09,0.89,95.0,0.01,0.01,2340.729211,1776263296000
1776263298.043,198.043,0.11,60.0,0.1,212.0,0.13,333.76,0.14,409.68,0.87,293.96,0.86,389.68,0.88,13.95,0.89,95.0,0.02,0.01,2340.729211,1776263296000
1776263299.916,199.916,0.09,111.94,0.08,71.0,0.1,215.5,0.11,343.29,0.87,333.76,0.86,409.68,0.89,60.0,0.9,212.0,0.01,0.02,2340.42278,1776263298000
1776263300.232,200.232,0.09,98.15,0.08,71.0,0.1,233.5,0.11,316.29,0.9,270.5,0.89,343.29,0.91,99.8,0.92,71.0,0.01,0.01,2340.42278,1776263298000
1776263300.599,200.599,0.08,186.36,0.07,95.0,0.09,217.7,0.1,252.5,0.9,276.77,0.89,316.29,0.91,90.3,0.92,71.0,0.01,0.01,2340.297645,1776263299000
1776263300.815,200.815,0.07,201.6,0.06,85.0,0.08,105.0,0.09,286.7,0.91,291.7,0.9,392.5,0.93,203.22,0.94,85.0,0.01,0.02,2340.297645,1776263299000
1776263301.022,201.022,0.06,85.0,0.05,121.0,0.07,18.02,0.08,334.64,0.92,324.64,0.91,295.5,0.93,2.98,0.94,85.0,0.01,0.01,2340.297645,1776263299000
1776263301.287,201.287,0.06,200.93,0.05,121.0,0.07,253.59,0.08,313.5,0.93,18.02,0.92,334.64,0.94,85.0,0.95,121.0,0.01,0.01,2340.297645,1776263299000
1776263301.838,201.838,0.06,121.67,0.05,121.0,0.07,21.07,0.08,268.4,0.93,177.59,0.92,343.5,0.94,150.93,0.95,121.0,0.01,0.01,2340.134294,1776263300000
1776263302.286,202.286,0.06,71.81,0.05,121.0,0.07,226.3,0.08,313.4,0.93,118.07,0.92,313.4,0.94,115.81,0.95,121.0,0.01,0.01,2340.117991,1776263301000
1776263302.917,202.917,0.06,117.5,0.05,121.0,0.07,236.3,0.08,303.4,0.93,216.3,0.92,303.4,0.94,21.81,0.95,121.0,0.01,0.01,2340.117991,1776263301000
1776263303.261,203.261,0.06,135.8,0.05,195.0,0.07,6.07,0.08,70.0,0.93,206.3,0.92,257.9,0.94,117.39,0.95,121.0,0.01,0.01,2340.117991,1776263301000
1776263303.464,203.464,0.06,203.49,0.05,200.0,0.08,60.0,0.09,189.0,0.93,8.07,0.92,60.0,0.94,98.49,0.95,200.0,0.02,0.01,2339.639594,1776263302000
1776263303.85,203.85,0.07,19.61,0.06,279.49,0.08,91.0,0.09,266.0,0.92,60.0,0.91,189.0,0.94,203.49,0.95,200.0,0.01,0.02,2339.639594,1776263302000
1776263304.177,204.177,0.07,261.66,0.06,115.0,0.08,20.0,0.09,15.0,0.92,70.0,0.91,160.0,0.93,47.99,0.94,279.49,0.01,0.01,2339.61926,1776263303000
1776263304.694,204.694,0.08,171.37,0.07,110.35,0.09,15.0,0.1,60.0,0.91,15.0,0.9,60.0,0.92,34.72,0.93,211.35,0.01,0.01,2339.61926,1776263303000
1776263305.016,205.016,0.08,44.04,0.07,227.35,0.09,5.0,0.1,70.0,0.91,15.0,0.9,60.0,0.92,171.37,0.93,110.35,0.01,0.01,2339.61926,1776263303000
1776263305.37,205.37,0.09,69.35,0.08,14.04,0.1,264.0,0.11,128.29,0.9,70.0,0.89,128.29,0.92,44.04,0.93,227.35,0.01,0.02,2339.695879,1776263304000
1776263309.501,209.501,0.06,8.93,0.05,207.0,0.07,212.45,0.08,338.4,0.9,65.0,0.89,117.29,0.91,25.05,0.92,131.04,0.01,0.01,2339.89455,1776263308000
1776263310.103,210.103,0.06,2.54,0.05,212.0,0.07,202.45,0.08,333.4,0.93,217.95,0.92,338.4,0.94,3.61,0.95,207.0,0.01,0.01,2339.89455,1776263308000
1776263310.356,210.356,0.06,2.54,0.05,207.0,0.07,59.87,0.08,343.4,0.93,202.45,0.92,333.4,0.94,2.54,0.95,212.0,0.01,0.01,2339.680845,1776263309000
1776263311.366,211.366,0.05,194.96,0.04,325.0,0.07,114.87,0.08,416.73,0.93,59.87,0.92,343.4,0.94,2.54,0.95,207.0,0.02,0.01,2339.654062,1776263310000
1776263311.695,211.695,0.05,144.96,0.04,325.0,0.06,112.13,0.07,109.87,0.93,114.87,0.92,416.73,0.95,194.96,0.96,325.0,0.01,0.02,2339.654062,1776263310000
1776263312.413,212.413,0.05,154.96,0.04,325.0,0.06,163.88,0.07,589.87,0.94,45.46,0.93,109.87,0.95,149.96,0.96,325.0,0.01,0.01,2339.681465,1776263311000
1776263313.046,213.046,0.05,149.69,0.04,331.0,0.06,174.71,0.07,717.37,0.94,163.88,0.93,589.87,0.95,154.96,0.96,325.0,0.01,0.01,2339.681465,1776263311000
1776263313.973,213.973,0.04,378.0,0.03,873.0,0.06,642.24,0.07,417.26,0.94,174.71,0.93,717.37,0.95,149.69,0.96,331.0,0.02,0.01,2339.696869,1776263313000
1776263314.785,214.785,0.04,119.53,0.03,510.0,0.06,728.58,0.07,340.26,0.94,642.24,0.93,417.26,0.96,378.0,0.97,873.0,0.02,0.02,2339.696869,1776263313000
1776263315.485,215.485,0.05,3.72,0.04,236.53,0.06,573.08,0.07,370.26,0.94,700.58,0.93,370.26,0.95,4.78,0.96,119.53,0.01,0.01,2339.696383,1776263314000
1776263316.329,216.329,0.05,7.66,0.04,346.53,0.06,508.08,0.07,251.87,0.94,573.08,0.93,370.26,0.95,3.72,0.96,236.53,0.01,0.01,2339.697736,1776263315000
1776263316.64,216.64,0.05,154.66,0.04,734.53,0.07,594.87,0.08,322.9,0.94,508.08,0.93,251.87,0.95,7.66,0.96,346.53,0.02,0.01,2339.697736,1776263315000
1776263318.249,218.249,0.06,21.36,0.05,130.66,0.07,545.68,0.08,457.71,0.93,594.5,0.92,323.4,0.94,32.0,0.95,124.66,0.01,0.01,2339.57212,1776263317000
1776263321.148,221.148,0.06,35.08,0.05,132.66,0.07,10.68,0.08,627.4,0.93,545.68,0.92,457.71,0.94,21.36,0.95,130.66,0.01,0.01,2339.83227,1776263320000
1776263321.489,221.489,0.07,13.32,0.06,227.08,0.08,525.0,0.09,212.0,0.93,10.68,0.92,627.4,0.94,35.08,0.95,132.66,0.01,0.01,2339.83227,1776263320000
1776263322.116,222.116,0.07,52.94,0.06,10.08,0.08,745.5,0.09,121.5,0.92,522.0,0.91,228.0,0.93,73.32,0.94,227.08,0.01,0.01,2339.83227,1776263320000
1776263322.365,222.365,0.07,41.88,0.06,5.0,0.08,819.5,0.09,198.15,0.92,745.5,0.91,121.5,0.93,52.94,0.94,10.08,0.01,0.01,2339.90061,1776263321000
1776263325.066,225.066,0.05,14.94,0.04,341.53,0.06,545.0,0.07,314.26,0.92,819.5,0.91,198.15,0.93,41.88,0.94,5.0,0.01,0.01,2339.945109,1776263323000
1776263326.365,226.365,0.05,4.46,0.04,341.53,0.06,575.0,0.07,319.26,0.94,545.0,0.93,314.26,0.95,14.94,0.96,341.53,0.01,0.01,2339.738946,1776263324000
1776263329.335,229.335,0.04,236.53,0.03,293.0,0.06,648.8,0.07,343.05,0.94,575.0,0.93,319.26,0.95,4.46,0.96,341.53,0.02,0.01,2339.775015,1776263327000
1776263334.515,234.515,0.04,236.53,0.03,493.0,0.05,20.0,0.06,738.8,0.94,648.8,0.93,343.05,0.96,236.53,0.97,293.0,0.01,0.02,2340.022695,1776263333000
1776263335.443,235.443,0.04,247.53,0.03,588.0,0.05,105.0,0.06,743.8,0.95,20.0,0.94,738.8,0.96,236.53,0.97,493.0,0.01,0.01,2340.012106,1776263334000
1776263335.698,235.698,0.04,122.4,0.03,705.0,0.05,580.0,0.06,263.8,0.95,105.0,0.94,743.8,0.96,247.53,0.97,588.0,0.01,0.01,2340.012106,1776263334000
1776263335.961,235.961,0.04,127.4,0.03,705.0,0.05,545.02,0.06,380.8,0.95,580.0,0.94,263.8,0.96,122.4,0.97,705.0,0.01,0.01,2339.93361,1776263335000
1776263336.333,236.333,0.04,117.4,0.03,605.0,0.05,545.02,0.06,495.57,0.95,545.02,0.94,380.8,0.96,127.4,0.97,705.0,0.01,0.01,2339.93361,1776263335000
1776263338.784,238.784,0.03,305.0,0.02,1142.0,0.04,15.08,0.05,570.02,0.95,545.02,0.94,495.57,0.96,117.4,0.97,605.0,0.01,0.01,2340.029926,1776263337000
1776263340.298,240.298,0.03,300.0,0.02,1337.0,0.04,166.38,0.05,545.02,0.96,9.08,0.95,570.02,0.97,310.0,0.98,1142.0,0.01,0.01,2339.984029,1776263338000
1776263340.585,240.585,0.03,305.0,0.02,1822.0,0.04,78.38,0.05,495.0,0.96,166.38,0.95,545.02,0.97,300.0,0.98,1337.0,0.01,0.01,2339.991268,1776263339000
1776263340.792,240.792,0.03,320.0,0.02,1105.7,0.06,597.0,0.07,20.0,0.96,78.38,0.95,495.0,0.97,305.0,0.98,1822.0,0.03,0.01,2339.991268,1776263339000
1776263341.128,241.128,0.05,5.0,0.04,232.0,0.06,619.0,0.07,25.0,0.94,614.0,0.93,25.0,0.95,15.0,0.96,110.0,0.01,0.01,2339.991268,1776263339000
1776263341.419,241.419,0.04,203.91,0.03,376.7,0.06,617.76,0.07,25.0,0.94,617.76,0.93,105.77,0.96,215.94,0.97,376.7,0.02,0.02,2339.991268,1776263339000
1776263341.933,241.933,0.04,4.9,0.03,288.0,0.05,20.0,0.06,682.76,0.94,617.76,0.93,81.29,0.96,197.79,0.97,376.7,0.01,0.02,2339.96612,1776263340000
1776263342.251,242.251,0.03,143.91,0.02,1010.7,0.05,183.26,0.06,687.76,0.95,20.0,0.94,682.76,0.96,4.9,0.97,288.0,0.02,0.01,2339.97498,1776263341000
1776263342.568,242.568,0.03,137.91,0.02,1010.7,0.05,187.22,0.06,687.76,0.95,188.26,0.94,687.76,0.97,137.91,0.98,1010.7,0.02,0.02,2339.97498,1776263341000
1776263343.494,243.494,0.03,551.91,0.02,1660.7,0.04,10.0,0.05,15.0,0.95,187.22,0.94,687.76,0.97,137.91,0.98,1010.7,0.01,0.02,2339.97498,1776263341000
1776263343.721,243.721,0.04,237.98,0.03,1026.91,0.05,10.0,0.06,495.0,0.95,10.0,0.94,490.0,0.96,245.0,0.97,1026.91,0.01,0.01,2340.337245,1776263342000
1776263344.192,244.192,0.04,122.0,0.03,909.91,0.05,20.0,0.06,500.0,0.95,10.0,0.94,495.0,0.96,237.98,0.97,1026.91,0.01,0.01,2340.337245,1776263342000
1776263344.689,244.689,0.03,645.87,0.02,1610.7,0.05,162.69,0.06,667.0,0.95,20.0,0.94,500.0,0.96,122.0,0.97,909.91,0.02,0.01,2340.314358,1776263343000
1776263345.063,245.063,0.03,413.71,0.02,1727.7,0.04,15.0,0.05,647.69,0.95,162.69,0.94,667.0,0.97,645.87,0.98,1610.7,0.01,0.02,2340.30802,1776263344000
1776263345.489,245.489,0.02,437.71,0.01,8042.47,0.04,571.0,0.05,202.0,0.96,15.0,0.95,647.69,0.97,413.71,0.98,1727.7,0.02,0.01,2340.30802,1776263344000
1776263346.004,246.004,0.02,399.59,0.01,8159.47,0.03,100.15,0.04,693.0,0.96,571.0,0.95,202.0,0.98,437.71,0.99,8042.47,0.01,0.02,2340.30802,1776263344000
1776263346.397,246.397,0.02,296.06,0.01,8154.47,0.03,598.15,0.04,218.0,0.97,100.15,0.96,693.0,0.98,399.59,0.99,8159.47,0.01,0.01,2340.30802,1776263344000
1776263347.116,247.116,0.02,194.03,0.01,8154.47,0.03,603.15,0.04,306.7,0.97,533.15,0.96,311.7,0.98,195.06,0.99,8154.47,0.01,0.01,2340.4322,1776263345000
1776263347.322,247.322,0.02,184.03,0.01,8254.47,0.03,603.15,0.04,306.7,0.97,603.15,0.96,306.7,0.98,194.03,0.99,8154.47,0.01,0.01,2340.34144,1776263346000
1776263347.562,247.562,0.02,484.03,0.01,8254.47,0.03,581.15,0.04,306.7,0.97,603.15,0.96,306.7,0.98,184.03,0.99,8254.47,0.01,0.01,2340.34144,1776263346000
1776263347.936,247.936,0.02,463.63,0.01,8249.47,0.03,596.15,0.04,306.7,0.97,581.15,0.96,306.7,0.98,484.03,0.99,8254.47,0.01,0.01,2340.34144,1776263346000
1776263349.062,249.062,0.02,420.97,0.01,8249.47,0.03,419.47,0.04,189.7,0.97,591.15,0.96,306.7,0.98,420.97,0.99,8249.47,0.01,0.01,2340.084151,1776263348000
1776263349.782,249.782,0.02,719.82,0.01,8149.47,0.03,706.78,0.04,189.7,0.97,419.47,0.96,189.7,0.98,420.97,0.99,8249.47,0.01,0.01,2340.084151,1776263348000
1776263350.541,250.541,0.02,67.76,0.01,7552.47,0.03,706.78,0.04,189.7,0.97,706.78,0.96,189.7,0.98,718.79,0.99,8149.47,0.01,0.01,2340.076135,1776263349000
1776263351.169,251.169,0.02,62.65,0.01,7669.47,0.03,212.31,0.04,692.7,0.97,706.78,0.96,189.7,0.98,67.76,0.99,7552.47,0.01,0.01,2340.076135,1776263349000
1776263351.494,251.494,0.01,7669.47,,,0.02,16.7,0.03,202.31,0.97,212.31,0.96,692.7,0.98,60.46,0.99,7669.47,0.01,0.01,2340.076135,1776263349000
1776263352.115,252.115,0.01,7669.47,,,0.02,51.7,0.03,202.31,0.98,16.7,0.97,202.31,0.99,7669.47,,,0.01,0.01,2339.96879,1776263350000
1776263352.352,252.352,0.01,7668.45,,,0.02,51.7,0.03,682.31,0.98,51.7,0.97,202.31,0.99,7669.47,,,0.01,0.01,2340.015992,1776263351000
1776263352.686,252.686,0.01,7527.75,,,0.02,51.7,0.03,806.01,0.98,51.7,0.97,682.31,0.99,7542.96,,,0.01,0.01,2340.015992,1776263351000
1776263353.827,253.827,0.01,7043.94,,,0.02,51.7,0.03,806.01,0.98,51.7,0.97,806.01,0.99,7527.75,,,0.01,0.01,2339.881258,1776263352000
1776263355.333,255.333,0.01,6863.88,,,0.02,218.07,0.03,806.01,0.98,51.7,0.97,806.01,0.99,7043.94,,,0.01,0.01,2339.955442,1776263354000
1776263355.572,255.572,0.01,6704.2,,,0.02,183.07,0.03,806.01,0.98,213.07,0.97,806.01,0.99,6704.2,,,0.01,0.01,2339.955442,1776263354000
1776263356.331,256.331,0.01,6701.2,,,0.02,163.07,0.03,806.01,0.98,163.07,0.97,806.01,0.99,6699.2,,,0.01,0.01,2339.925915,1776263355000
1776263356.721,256.721,0.01,6698.71,,,0.02,163.07,0.03,806.01,0.98,163.07,0.97,806.01,0.99,6701.2,,,0.01,0.01,2339.925915,1776263355000
1776263356.961,256.961,0.01,6603.71,,,0.02,163.07,0.03,806.01,0.98,163.07,0.97,806.01,0.99,6698.71,,,0.01,0.01,2339.925915,1776263355000
1776263357.743,257.743,0.01,6851.49,,,0.02,163.07,0.03,806.01,0.98,163.07,0.97,806.01,0.99,6603.71,,,0.01,0.01,2339.938018,1776263356000
1776263358.293,258.293,0.01,6630.26,,,0.02,163.07,0.03,806.01,0.98,163.07,0.97,806.01,0.99,6650.47,,,0.01,0.01,2339.984925,1776263357000
1776263358.738,258.738,0.01,6231.01,,,0.02,163.07,0.03,806.01,0.98,168.07,0.97,806.01,0.99,6261.6,,,0.01,0.01,2339.984925,1776263357000
1776263359.718,259.718,0.01,6219.84,,,0.02,88.92,0.03,806.01,0.98,113.07,0.97,806.01,0.99,6219.84,,,0.01,0.01,2339.984925,1776263357000
1776263360.08,260.08,0.01,6593.44,,,0.02,155.96,0.03,627.31,0.98,88.92,0.97,806.01,0.99,6219.84,,,0.01,0.01,2340.093778,1776263358000
1776263360.527,260.527,0.01,6667.4,,,0.02,135.96,0.03,510.31,0.98,135.96,0.97,677.31,0.99,6593.44,,,0.01,0.01,2340.09971,1776263359000
1776263360.73,260.73,0.01,6665.96,,,0.02,115.96,0.03,560.31,0.98,135.96,0.97,510.31,0.99,6665.96,,,0.01,0.01,2340.09971,1776263359000
1776263361.246,261.246,0.01,6642.74,,,0.02,20.5,0.03,677.31,0.98,20.5,0.97,510.31,0.99,6768.57,,,0.01,0.01,2340.07328,1776263360000
1776263361.466,261.466,0.01,6496.33,,,0.02,20.5,0.03,677.31,0.98,20.5,0.97,677.31,0.99,6544.36,,,0.01,0.01,2340.07328,1776263360000
1776263361.868,261.868,0.01,6482.4,,,0.02,20.5,0.03,627.31,0.98,20.5,0.97,677.31,0.99,6495.21,,,0.01,0.01,2340.07328,1776263360000
1776263362.309,262.309,0.01,6375.16,,,0.02,228.75,0.03,677.31,0.98,20.5,0.97,677.31,0.99,6476.28,,,0.01,0.01,2340.07328,1776263360000
1776263362.521,262.521,0.01,6362.34,,,0.02,128.75,0.03,677.31,0.98,128.75,0.97,677.31,0.99,6380.16,,,0.01,0.01,2340.07328,1776263360000
1776263362.835,262.835,0.01,6362.34,,,0.02,28.75,0.03,677.31,0.98,128.75,0.97,677.31,0.99,6362.34,,,0.01,0.01,2340.17906,1776263361000
1776263363.512,263.512,0.01,6360.31,,,0.02,66.28,0.03,682.31,0.98,66.28,0.97,677.31,0.99,6357.34,,,0.01,0.01,2340.37974,1776263362000
1776263363.863,263.863,0.01,6291.27,,,0.02,66.28,0.03,682.31,0.98,66.28,0.97,682.31,0.99,6360.31,,,0.01,0.01,2340.37974,1776263362000
1776263364.082,264.082,0.01,6286.27,,,0.02,123.79,0.03,682.31,0.98,66.28,0.97,682.31,0.99,6291.27,,,0.01,0.01,2340.37974,1776263362000
1776263364.361,264.361,0.01,6282.07,,,0.02,23.79,0.03,682.31,0.98,123.79,0.97,682.31,0.99,6277.07,,,0.01,0.01,2340.37974,1776263362000
1776263364.666,264.666,0.01,6054.31,,,0.02,23.79,0.03,682.31,0.98,23.79,0.97,682.31,0.99,6063.4,,,0.01,0.01,2340.300733,1776263363000
1776263364.903,264.903,0.01,6026.49,,,0.03,689.83,0.04,178.7,0.97,756.5,0.96,178.7,0.99,6026.49,,,0.02,0.02,2340.300733,1776263363000
1776263365.154,265.154,0.01,5988.09,,,0.02,15.25,0.03,420.7,0.97,411.89,0.96,178.7,0.99,6021.49,,,0.01,0.02,2340.300733,1776263363000
1776263365.429,265.429,0.01,5987.07,,,0.03,221.19,0.04,178.7,0.97,287.86,0.96,178.7,0.99,5992.07,,,0.02,0.02,2340.310999,1776263364000
1776263365.654,265.654,0.01,5788.11,,,0.03,221.19,0.04,128.7,0.97,221.19,0.96,128.7,0.99,5863.3,,,0.02,0.02,2340.310999,1776263364000
1776263365.883,265.883,0.01,5818.0,,,0.03,208.52,0.04,103.7,0.97,154.52,0.96,128.7,0.99,5715.15,,,0.02,0.02,2340.310999,1776263364000
1776263366.136,266.136,0.01,5731.91,,,0.03,90.55,0.04,103.7,0.98,65.57,0.97,88.51,0.99,5726.91,,,0.02,0.01,2340.310999,1776263364000
1776263366.397,266.397,0.02,10.0,0.01,5725.89,0.03,1.84,0.04,244.7,0.96,244.7,0.95,256.79,0.98,10.0,0.99,5725.89,0.01,0.02,2340.318734,1776263365000
1776263366.601,266.601,0.01,5531.98,,,0.04,299.7,0.05,256.79,0.96,274.7,0.95,256.79,0.99,5725.78,,,0.03,0.03,2340.318734,1776263365000
1776263366.92,266.92,0.01,1383.87,,,0.04,181.0,0.05,270.79,0.97,33.0,0.96,181.0,0.99,5056.48,,,0.03,0.02,2340.318734,1776263365000
1776263367.156,267.156,0.02,0.84,0.01,1378.87,0.03,62.28,0.04,203.0,0.97,123.95,0.96,203.0,0.98,0.84,0.99,1378.87,0.01,0.01,2340.318734,1776263365000
1776263367.576,267.576,0.01,1271.31,,,0.03,10.0,0.04,253.0,0.96,203.0,0.95,270.79,0.99,1305.42,,,0.02,0.03,2340.324564,1776263366000
1776263367.883,267.883,0.01,1121.17,,,0.02,10.17,0.03,10.0,0.97,10.0,0.96,253.0,0.99,1060.84,,,0.01,0.02,2340.324564,1776263366000
1776263368.124,268.124,0.01,1465.68,,,0.02,12.94,0.04,10.0,0.98,23.5,0.96,64.0,0.99,1042.08,,,0.01,0.01,2340.437678,1776263367000
1776263368.376,268.376,0.02,299.92,0.01,1111.68,0.04,10.0,0.05,50.42,0.95,41.71,0.94,141.0,0.98,359.3,0.99,1111.68,0.02,0.03,2340.437678,1776263367000
1776263368.746,268.746,0.02,228.45,0.01,1144.68,0.04,41.0,0.05,154.42,0.96,15.0,0.95,167.42,0.98,224.48,0.99,1044.68,0.02,0.02,2340.437678,1776263367000
1776263369.178,269.178,0.02,219.27,0.01,1094.68,0.04,135.98,0.05,154.42,0.96,41.0,0.95,154.42,0.98,228.45,0.99,1144.68,0.02,0.02,2340.30663,1776263368000
1776263369.681,269.681,0.02,209.16,0.01,984.68,0.04,118.69,0.05,38.71,0.96,135.98,0.95,154.42,0.98,219.27,0.99,1094.68,0.02,0.02,2340.30663,1776263368000
1776263369.9,269.9,0.02,153.45,0.01,1034.68,0.04,90.69,0.05,38.71,0.96,80.69,0.95,38.71,0.98,163.66,0.99,1034.68,0.02,0.02,2340.30663,1776263368000
1776263370.156,270.156,0.02,147.42,0.01,1034.68,0.04,90.69,0.05,38.71,0.96,90.69,0.95,38.71,0.98,153.45,0.99,1034.68,0.02,0.02,2340.30663,1776263368000
1776263370.728,270.728,0.03,10.0,0.02,315.7,0.04,70.69,0.05,18.71,0.96,90.69,0.95,38.71,0.98,147.42,0.99,1034.68,0.01,0.02,2340.891446,1776263369000
1776263371.103,271.103,0.02,170.99,0.01,1029.68,0.04,180.46,0.05,157.71,0.96,75.69,0.95,18.71,0.98,143.98,0.99,1079.68,0.02,0.02,2340.891446,1776263369000
1776263371.387,271.387,0.02,127.82,0.01,1029.68,0.04,180.46,0.05,157.71,0.96,180.46,0.95,157.71,0.98,170.99,0.99,1029.68,0.02,0.02,2340.891446,1776263369000
1776263371.875,271.875,0.02,121.91,0.01,1029.68,0.03,28.71,0.04,10.0,0.96,180.46,0.95,157.71,0.98,127.82,0.99,1029.68,0.01,0.02,2340.91968,1776263370000
1776263372.358,272.358,0.02,79.8,0.01,1108.98,0.03,28.71,0.04,15.0,0.97,28.71,0.96,10.0,0.98,121.91,0.99,1029.68,0.01,0.01,2340.924685,1776263371000
1776263372.65,272.65,0.03,37.0,0.02,122.42,0.04,11.53,0.05,157.71,0.96,11.53,0.95,157.71,0.98,50.51,0.99,1108.98,0.01,0.02,2340.924685,1776263371000
1776263372.886,272.886,0.04,11.47,0.02,118.73,0.05,162.71,0.06,24.0,0.96,11.53,0.95,157.71,0.98,113.73,0.99,1108.98,0.01,0.02,2340.924685,1776263371000
1776263373.834,273.834,0.01,1230.98,,,0.03,5.0,0.04,10.0,0.95,162.71,0.94,24.0,0.98,80.22,0.99,1113.98,0.02,0.03,2341.09314,1776263372000
1776263374.625,274.625,0.01,1087.66,,,0.03,20.0,0.04,151.0,0.97,5.0,0.96,10.0,0.99,1230.98,,,0.02,0.02,2341.195145,1776263373000
1776263374.892,274.892,0.01,1042.99,,,0.03,20.0,0.04,151.0,0.97,20.0,0.96,151.0,0.99,1087.66,,,0.02,0.02,2341.195145,1776263373000
1776263375.186,275.186,0.01,675.39,,,0.03,20.0,0.04,151.0,0.97,20.0,0.96,151.0,0.99,1042.99,,,0.02,0.02,2341.195145,1776263373000
1776263375.784,275.784,0.01,670.39,,,0.03,20.0,0.04,151.0,0.97,20.0,0.96,151.0,0.99,670.39,,,0.02,0.02,2341.17599,1776263374000
1776263376.047,276.047,0.01,598.38,,,0.03,25.0,0.04,151.0,0.97,20.0,0.96,151.0,0.99,603.38,,,0.02,0.02,2341.17599,1776263374000
1776263376.466,276.466,0.01,599.38,,,0.02,23.0,0.03,44.0,0.97,25.0,0.96,151.0,0.99,598.38,,,0.01,0.02,2341.248867,1776263375000
1776263377.399,277.399,0.01,555.92,,,0.02,38.0,0.03,161.0,0.98,23.0,0.97,44.0,0.99,599.38,,,0.01,0.01,2341.248867,1776263375000
1776263378.485,278.485,0.01,546.92,,,0.02,38.0,0.03,161.0,0.98,38.0,0.97,161.0,0.99,555.92,,,0.01,0.01,2340.979205,1776263377000
1776263379.073,279.073,0.01,543.92,,,0.02,38.0,0.03,161.0,0.98,38.0,0.97,161.0,0.99,542.92,,,0.01,0.01,2340.979205,1776263377000
1776263379.386,279.386,0.01,522.7,,,0.02,28.0,0.03,156.0,0.98,38.0,0.97,161.0,0.99,543.92,,,0.01,0.01,2340.979205,1776263377000
1776263379.661,279.661,0.01,518.7,,,0.02,52.0,0.03,143.0,0.98,28.0,0.97,156.0,0.99,522.7,,,0.01,0.01,2340.968341,1776263378000
1776263380.11,280.11,0.01,458.64,,,0.02,184.0,0.03,81.29,0.98,169.0,0.97,56.0,0.99,463.64,,,0.01,0.01,2340.968341,1776263378000
1776263381.004,281.004,0.01,408.64,,,0.02,184.0,0.03,78.29,0.98,184.0,0.97,81.29,0.99,458.64,,,0.01,0.01,2340.934155,1776263380000
1776263381.251,281.251,0.01,396.53,,,0.02,184.0,0.03,108.29,0.98,184.0,0.97,78.29,0.99,406.64,,,0.01,0.01,2340.934155,1776263380000
1776263381.7,281.7,0.01,376.61,,,0.02,176.0,0.03,96.29,0.98,171.0,0.97,78.29,0.99,382.61,,,0.01,0.01,2340.934155,1776263380000
1776263382.19,282.19,0.01,210.61,,,0.02,151.0,0.03,96.29,0.98,126.0,0.97,96.29,0.99,376.61,,,0.01,0.01,2340.676078,1776263381000
1776263382.77,282.77,0.01,183.28,,,0.02,156.0,0.03,96.29,0.98,146.0,0.97,96.29,0.99,184.3,,,0.01,0.01,2340.676078,1776263381000
1776263384.363,284.363,,,,,0.01,2391.89,0.02,152.0,0.99,2341.72,0.98,161.0,,,,,,,2340.585435,1776263383000
1776263388.497,288.497,,,,,0.01,5699.06,0.02,247.29,0.99,2391.89,0.98,152.0,,,,,,,2340.674532,1776263387000
1776263397.922,297.922,,,,,0.01,10706.43,0.02,271.29,0.99,5699.06,0.98,247.29,,,,,,,2340.610469,1776263396000
1776263400.473,300.473,,,,,0.01,65566.88,0.02,152.0,0.99,10696.43,0.98,271.29,,,,,,,2340.568712,1776263399000

# RESULT,winner=Down,slug=eth-updown-5m-1776263100,ticks=378
