timestamp,elapsed_sec,up_bid_p1,up_bid_s1,up_bid_p2,up_bid_s2,up_ask_p1,up_ask_s1,up_ask_p2,up_ask_s2,down_bid_p1,down_bid_s1,down_bid_p2,down_bid_s2,down_ask_p1,down_ask_s1,down_ask_p2,down_ask_s2,up_spread,down_spread,eth_price,eth_oracle_ts
1776258000.773,0.773,0.53,79.32,0.5,10.0,0.55,140.0,0.56,140.0,0.45,6.0,0.4,38.0,0.47,100.6,0.5,10.0,0.02,0.02,2333.500542,1776257999000
1776258001.231,1.231,0.48,15.0,0.45,5.0,0.51,0.29,0.52,70.0,0.45,140.0,0.44,140.0,0.52,15.0,0.55,5.0,0.03,0.07,2333.500542,1776257999000
1776258001.505,1.505,0.51,13.48,0.49,5.0,0.52,78.29,0.55,140.0,0.48,65.29,0.45,140.0,0.52,15.0,0.55,5.0,0.01,0.04,2333.526915,1776258000000
1776258001.908,1.908,0.51,13.48,0.49,5.0,0.52,65.07,0.53,18.0,0.48,78.29,0.45,140.0,0.49,13.48,0.51,5.0,0.01,0.01,2333.526915,1776258000000
1776258002.516,2.516,0.51,10.34,0.48,15.0,0.52,16.0,0.53,13.0,0.48,65.07,0.47,18.0,0.49,13.48,0.51,5.0,0.01,0.01,2333.466737,1776258001000
1776258002.808,2.808,0.48,5.39,0.46,15.0,0.49,14.66,0.53,280.0,0.51,9.66,0.48,68.0,0.52,15.0,0.54,15.0,0.01,0.01,2333.466737,1776258001000
1776258003.241,3.241,0.48,5.39,0.46,15.0,0.5,10.99,0.51,50.0,0.51,14.66,0.47,280.0,0.52,5.39,0.54,15.0,0.02,0.01,2333.447929,1776258002000
1776258003.494,3.494,0.46,19.0,0.45,5.0,0.47,15.0,0.48,15.0,0.51,5.0,0.5,5.0,0.52,3.81,0.54,15.0,0.01,0.01,2333.447929,1776258002000
1776258005.052,5.052,0.46,14.0,0.45,20.0,0.53,133.21,0.54,125.0,0.53,23.9,0.52,31.0,0.54,14.0,0.55,10.0,0.07,0.01,2333.3053,1776258003000
1776258006.089,6.089,0.46,18.81,0.45,30.0,0.47,89.71,0.48,31.0,0.47,133.21,0.46,125.0,0.54,14.0,0.55,20.0,0.01,0.07,2333.250195,1776258005000
1776258006.34,6.34,0.46,13.81,0.45,30.0,0.47,52.71,0.48,31.0,0.53,89.71,0.52,31.0,0.54,18.81,0.55,30.0,0.01,0.01,2333.250195,1776258005000
1776258007.049,7.049,0.46,18.81,0.45,30.0,0.47,67.71,0.48,31.0,0.53,52.71,0.52,31.0,0.54,13.81,0.55,30.0,0.01,0.01,2333.241822,1776258006000
1776258007.899,7.899,0.45,10.9,0.44,25.0,0.47,79.11,0.48,41.0,0.53,67.71,0.52,31.0,0.54,18.81,0.55,30.0,0.02,0.01,2333.241822,1776258006000
1776258008.376,8.376,0.46,125.59,0.45,96.9,0.47,38.4,0.52,21.0,0.53,46.4,0.52,101.95,0.54,10.59,0.55,10.9,0.01,0.01,2333.24175,1776258007000
1776258008.603,8.603,0.52,25.0,0.51,35.0,0.53,19.9,0.54,26.0,0.47,20.0,0.46,26.0,0.48,20.0,0.49,25.0,0.01,0.01,2333.24175,1776258007000
1776258008.857,8.857,0.52,40.46,0.51,35.0,0.53,14.0,0.54,26.0,0.47,19.9,0.46,26.0,0.48,25.0,0.49,35.0,0.01,0.01,2333.24175,1776258007000
1776258009.262,9.262,0.53,15.0,0.52,51.56,0.55,64.2,0.56,5.0,0.47,14.0,0.46,26.0,0.48,40.46,0.49,35.0,0.02,0.01,2333.24175,1776258007000
1776258009.644,9.644,0.54,17.82,0.53,15.0,0.55,9.98,0.56,10.0,0.45,9.98,0.44,5.0,0.46,20.0,0.47,15.0,0.01,0.01,2333.25753,1776258008000
1776258009.873,9.873,0.54,22.82,0.53,15.0,0.55,10.6,0.56,15.0,0.45,9.98,0.44,10.0,0.46,17.82,0.47,15.0,0.01,0.01,2333.25753,1776258008000
1776258010.164,10.164,0.55,10.0,0.54,12.82,0.57,81.96,0.58,5.0,0.45,10.6,0.44,15.0,0.46,22.82,0.47,15.0,0.02,0.01,2333.25753,1776258008000
1776258010.511,10.511,0.56,8.29,0.55,10.0,0.57,72.97,0.58,15.0,0.43,74.5,0.42,10.0,0.44,8.29,0.45,10.0,0.01,0.01,2333.354106,1776258009000
1776258010.888,10.888,0.53,9.54,0.52,35.46,0.57,89.97,0.58,15.0,0.43,94.97,0.42,20.0,0.44,1.0,0.45,10.0,0.04,0.01,2333.354106,1776258009000
1776258011.167,11.167,0.56,6.13,0.55,15.0,0.57,94.97,0.58,20.0,0.43,89.97,0.42,15.0,0.47,9.54,0.48,35.46,0.01,0.04,2333.462416,1776258010000
1776258011.457,11.457,0.56,2.1,0.55,60.0,0.57,104.21,0.58,20.0,0.43,94.97,0.42,20.0,0.44,2.1,0.45,55.0,0.01,0.01,2333.462416,1776258010000
1776258011.672,11.672,0.56,15.5,0.55,79.83,0.57,119.71,0.58,20.0,0.43,109.21,0.42,20.0,0.45,59.83,0.46,10.0,0.01,0.02,2333.462416,1776258010000
1776258012.884,12.884,0.56,1.52,0.55,64.83,0.57,116.7,0.58,37.0,0.43,97.71,0.42,20.0,0.44,1.52,0.45,90.33,0.01,0.01,2333.880629,1776258011000
1776258013.348,13.348,0.57,50.0,0.56,30.5,0.58,11.0,0.59,15.5,0.43,90.0,0.42,25.0,0.45,32.42,0.46,30.5,0.01,0.02,2333.814954,1776258012000
1776258013.613,13.613,0.55,22.15,0.54,15.0,0.58,15.0,0.59,100.5,0.41,97.93,0.4,95.5,0.43,35.0,0.45,32.42,0.03,0.02,2333.814954,1776258012000
1776258013.849,13.849,0.54,10.0,0.53,35.0,0.57,14.54,0.58,102.0,0.43,4.54,0.42,85.0,0.46,10.0,0.47,35.0,0.03,0.03,2333.814954,1776258012000
1776258014.511,14.511,0.52,11.79,0.51,30.0,0.54,35.5,0.55,30.5,0.43,14.54,0.42,102.0,0.46,10.0,0.47,35.0,0.02,0.03,2333.806436,1776258013000
1776258014.933,14.933,0.49,170.0,0.48,55.0,0.52,15.0,0.53,15.0,0.46,35.5,0.45,30.5,0.48,11.79,0.49,30.0,0.03,0.02,2333.806436,1776258013000
1776258015.713,15.713,0.52,5.0,0.5,10.0,0.54,108.17,0.55,20.5,0.48,15.0,0.47,15.0,0.51,170.0,0.52,55.0,0.02,0.03,2333.84848,1776258014000
1776258016.965,16.965,0.5,9.98,0.49,10.0,0.51,91.0,0.52,40.5,0.46,108.17,0.45,20.5,0.52,75.5,0.53,128.02,0.01,0.06,2333.467422,1776258015000
1776258017.24,17.24,0.5,2.52,0.49,20.0,0.51,90.5,0.52,35.5,0.49,91.0,0.48,40.5,0.5,9.98,0.51,10.0,0.01,0.01,2333.467422,1776258015000
1776258017.711,17.711,0.5,12.52,0.49,35.5,0.51,49.26,0.52,35.5,0.49,90.5,0.48,35.5,0.5,2.52,0.51,20.0,0.01,0.01,2333.479805,1776258016000
1776258019.172,19.172,0.5,2.52,0.49,30.5,0.51,104.33,0.52,56.5,0.49,49.26,0.48,35.5,0.5,12.52,0.51,35.5,0.01,0.01,2333.4705,1776258017000
1776258019.686,19.686,0.48,141.52,0.47,25.0,0.49,59.33,0.5,48.5,0.49,104.33,0.48,56.5,0.5,2.52,0.51,30.5,0.01,0.01,2333.379695,1776258018000
1776258020.656,20.656,0.48,84.59,0.47,30.0,0.49,171.33,0.5,58.5,0.51,59.33,0.5,48.5,0.52,141.52,0.53,25.0,0.01,0.01,2333.390105,1776258019000
1776258021.412,21.412,0.48,81.52,0.47,25.0,0.49,144.28,0.5,63.5,0.51,171.33,0.5,58.5,0.52,84.59,0.53,30.0,0.01,0.01,2333.456354,1776258020000
1776258021.757,21.757,0.48,71.52,0.47,25.0,0.49,176.33,0.5,133.5,0.51,144.28,0.5,63.5,0.52,81.52,0.53,25.0,0.01,0.01,2333.456354,1776258020000
1776258021.972,21.972,0.48,11.52,0.47,25.0,0.49,175.33,0.5,224.54,0.51,170.33,0.5,224.54,0.52,21.52,0.53,25.0,0.01,0.01,2333.456354,1776258020000
1776258022.343,22.343,0.46,4.51,0.45,55.0,0.47,133.37,0.48,103.5,0.52,91.5,0.51,207.33,0.54,39.51,0.55,65.5,0.01,0.02,2333.456354,1776258020000
1776258022.547,22.547,0.45,55.0,0.44,50.5,0.46,45.49,0.47,173.37,0.53,133.37,0.52,103.5,0.54,4.51,0.55,55.0,0.01,0.01,2333.34128,1776258021000
1776258023.036,23.036,0.45,10.5,0.44,50.5,0.46,125.73,0.47,118.37,0.54,125.73,0.53,118.37,0.55,60.0,0.56,50.5,0.01,0.01,2333.34128,1776258021000
1776258023.764,23.764,0.45,30.5,0.44,100.5,0.46,10.0,0.47,23.87,0.54,125.73,0.53,118.37,0.55,10.5,0.56,50.5,0.01,0.01,2333.323989,1776258022000
1776258024.052,24.052,0.46,10.5,0.45,35.5,0.47,23.87,0.48,64.5,0.53,23.87,0.52,49.0,0.55,45.5,0.56,105.5,0.01,0.02,2333.323989,1776258022000
1776258024.298,24.298,0.46,15.5,0.45,35.5,0.47,51.27,0.48,89.5,0.53,8.78,0.52,64.5,0.54,10.5,0.55,35.5,0.01,0.01,2333.323989,1776258022000
1776258024.738,24.738,0.46,14.94,0.45,35.5,0.47,26.61,0.48,79.5,0.53,35.65,0.52,79.5,0.54,4.94,0.55,35.5,0.01,0.01,2333.193296,1776258023000
1776258025.176,25.176,0.46,18.01,0.45,30.5,0.47,15.0,0.48,69.5,0.53,26.61,0.52,79.5,0.54,14.94,0.55,35.5,0.01,0.01,2333.193296,1776258023000
1776258025.397,25.397,0.46,16.08,0.45,30.5,0.47,15.0,0.48,69.5,0.53,15.0,0.52,69.5,0.54,18.01,0.55,30.5,0.01,0.01,2333.193296,1776258023000
1776258026.147,26.147,0.46,16.08,0.45,30.5,0.48,37.47,0.49,102.92,0.53,15.0,0.52,69.5,0.54,16.08,0.55,30.5,0.02,0.01,2333.189407,1776258024000
1776258026.472,26.472,0.47,7.15,0.46,16.08,0.48,73.97,0.49,107.92,0.52,37.47,0.51,102.92,0.54,16.08,0.55,30.5,0.01,0.02,2333.191736,1776258025000
1776258027.764,27.764,0.47,7.15,0.46,16.08,0.49,104.09,0.5,40.5,0.52,73.97,0.51,107.92,0.53,7.15,0.54,16.08,0.02,0.01,2333.213407,1776258026000
1776258028.131,28.131,0.48,86.5,0.47,22.27,0.49,59.42,0.5,15.0,0.51,64.42,0.5,15.0,0.53,32.27,0.54,33.08,0.01,0.02,2333.213407,1776258026000
1776258029.094,29.094,0.49,72.5,0.48,81.5,0.5,70.24,0.51,31.93,0.5,5.0,0.49,25.09,0.52,86.5,0.53,27.27,0.01,0.02,2333.213757,1776258027000
1776258030.213,30.213,0.48,84.07,0.47,37.27,0.5,85.24,0.51,46.93,0.5,75.24,0.49,36.93,0.51,52.53,0.52,81.5,0.02,0.01,2333.296594,1776258029000
1776258030.992,30.992,0.49,45.5,0.48,84.07,0.5,65.24,0.51,31.93,0.5,85.24,0.49,46.93,0.52,84.07,0.53,37.27,0.01,0.02,2333.296594,1776258029000
1776258031.439,31.439,0.49,52.53,0.48,84.07,0.5,65.24,0.51,36.93,0.5,55.24,0.49,31.93,0.51,39.61,0.52,84.07,0.01,0.01,2333.44379,1776258030000
1776258032.064,32.064,0.49,43.7,0.48,79.07,0.5,65.24,0.51,36.93,0.5,65.24,0.49,36.93,0.51,52.53,0.52,84.07,0.01,0.01,2333.44379,1776258030000
1776258032.481,32.481,0.49,26.92,0.48,79.07,0.5,60.24,0.51,36.93,0.5,65.24,0.49,36.93,0.51,25.87,0.52,79.07,0.01,0.01,2333.44379,1776258030000
1776258032.782,32.782,0.49,35.0,0.48,149.07,0.5,63.04,0.51,36.93,0.5,60.24,0.49,36.93,0.51,26.92,0.52,79.07,0.01,0.01,2333.434672,1776258031000
1776258033.374,33.374,0.49,12.8,0.48,224.07,0.5,73.04,0.51,41.93,0.5,63.04,0.49,46.93,0.51,22.76,0.52,219.07,0.01,0.01,2333.473187,1776258032000
1776258033.699,33.699,0.49,25.0,0.48,219.07,0.5,76.04,0.51,41.93,0.5,73.04,0.49,41.93,0.51,12.8,0.52,224.07,0.01,0.01,2333.473187,1776258032000
1776258033.917,33.917,0.49,20.0,0.48,199.47,0.5,70.04,0.51,41.93,0.5,76.04,0.49,41.93,0.52,199.47,0.53,34.27,0.01,0.02,2333.473187,1776258032000
1776258034.203,34.203,0.49,21.82,0.48,269.47,0.5,68.04,0.51,41.93,0.5,68.04,0.49,41.93,0.51,18.79,0.52,199.47,0.01,0.01,2333.473187,1776258032000
1776258035.062,35.062,0.49,16.52,0.48,279.47,0.5,68.04,0.51,41.93,0.5,68.04,0.49,41.93,0.51,21.82,0.52,269.47,0.01,0.01,2333.480069,1776258033000
1776258035.3,35.3,0.48,145.31,0.47,34.27,0.5,68.04,0.51,41.93,0.5,68.04,0.49,41.93,0.51,16.52,0.52,279.47,0.02,0.01,2333.487987,1776258034000
1776258035.778,35.778,0.49,33.03,0.48,84.3,0.5,20.0,0.51,21.93,0.5,68.04,0.49,41.93,0.51,8.03,0.52,155.31,0.01,0.01,2333.487987,1776258034000
1776258036.165,36.165,0.52,76.64,0.51,112.0,0.53,78.76,0.54,190.0,0.47,20.0,0.46,193.67,0.5,10.0,0.51,28.03,0.01,0.03,2333.487987,1776258034000
1776258036.511,36.511,0.52,77.32,0.51,117.0,0.53,83.76,0.54,205.5,0.47,83.76,0.46,190.0,0.48,91.68,0.49,112.0,0.01,0.01,2333.487451,1776258035000
1776258036.931,36.931,0.52,74.32,0.51,117.0,0.53,83.76,0.54,195.0,0.47,83.76,0.46,205.5,0.48,77.32,0.49,117.0,0.01,0.01,2333.487451,1776258035000
1776258037.526,37.526,0.52,71.9,0.51,117.0,0.53,93.76,0.54,195.0,0.47,83.76,0.46,195.0,0.48,74.32,0.49,117.0,0.01,0.01,2333.482007,1776258036000
1776258037.972,37.972,0.52,64.05,0.51,107.0,0.53,94.76,0.54,195.0,0.47,93.76,0.46,195.0,0.48,71.9,0.49,117.0,0.01,0.01,2333.482007,1776258036000
1776258039.4,39.4,0.52,13.44,0.51,85.0,0.53,110.26,0.54,205.5,0.47,94.76,0.46,195.0,0.48,58.44,0.49,107.0,0.01,0.01,2333.64232,1776258038000
1776258039.697,39.697,0.51,70.0,0.5,10.0,0.53,135.26,0.54,280.0,0.47,125.26,0.46,200.0,0.48,7.66,0.49,75.0,0.02,0.01,2333.64232,1776258038000
1776258039.933,39.933,0.51,21.0,0.5,5.0,0.52,91.5,0.53,127.26,0.48,35.5,0.47,124.26,0.49,18.0,0.5,10.0,0.01,0.01,2333.64232,1776258038000
1776258040.218,40.218,0.51,13.89,0.48,20.0,0.52,96.5,0.53,122.26,0.48,91.5,0.47,127.26,0.49,21.0,0.5,5.0,0.01,0.01,2333.64232,1776258038000
1776258040.934,40.934,0.51,7.64,0.48,20.0,0.52,96.5,0.53,122.26,0.48,96.5,0.47,122.26,0.49,13.89,0.52,20.0,0.01,0.01,2333.685758,1776258039000
1776258042.437,42.437,0.51,25.52,0.5,5.0,0.52,51.0,0.53,53.5,0.48,96.5,0.47,122.26,0.49,7.64,0.52,20.0,0.01,0.01,2333.562378,1776258041000
1776258044.161,44.161,0.51,10.52,0.5,15.0,0.52,40.86,0.53,53.5,0.48,51.0,0.47,53.5,0.49,25.52,0.5,5.0,0.01,0.01,2333.518693,1776258043000
1776258045.056,45.056,0.51,5.44,0.49,5.0,0.52,70.5,0.53,58.5,0.48,40.86,0.47,53.5,0.49,10.52,0.5,15.0,0.01,0.01,2333.542366,1776258044000
1776258045.414,45.414,0.48,40.0,0.47,136.5,0.5,34.6,0.51,40.5,0.48,65.5,0.47,58.5,0.51,0.42,0.52,30.0,0.02,0.03,2333.542366,1776258044000
1776258048.681,48.681,0.49,15.0,0.48,40.0,0.5,50.5,0.51,35.5,0.5,34.6,0.49,40.5,0.52,40.0,0.53,136.5,0.01,0.02,2333.473315,1776258047000
1776258049.322,49.322,0.48,58.84,0.47,36.5,0.49,2.26,0.5,35.0,0.5,40.0,0.49,35.5,0.52,43.84,0.53,36.5,0.01,0.02,2333.488877,1776258048000
1776258054.597,54.597,0.48,79.34,0.47,67.5,0.49,15.0,0.5,10.0,0.51,2.26,0.5,35.0,0.52,58.84,0.53,36.5,0.01,0.01,2333.511588,1776258053000
1776258055.281,55.281,0.49,24.9,0.48,79.34,0.5,10.0,0.51,10.0,0.51,15.0,0.5,10.0,0.52,79.34,0.53,67.5,0.01,0.01,2333.514783,1776258054000
1776258055.974,55.974,0.49,35.0,0.48,79.34,0.51,14.01,0.52,30.5,0.5,10.0,0.49,10.0,0.51,24.9,0.52,79.34,0.02,0.01,2333.514783,1776258054000
1776258058.204,58.204,0.5,12.76,0.49,25.0,0.51,45.5,0.52,45.5,0.49,14.01,0.48,30.5,0.51,35.0,0.52,79.34,0.01,0.02,2333.527824,1776258057000
1776258058.671,58.671,0.5,4.44,0.49,25.0,0.51,65.5,0.52,35.5,0.49,45.5,0.48,45.5,0.5,12.76,0.51,25.0,0.01,0.01,2333.527824,1776258057000
1776258060.511,60.511,0.49,29.9,0.48,49.34,0.5,15.0,0.51,50.5,0.49,65.5,0.48,35.5,0.5,4.44,0.51,25.0,0.01,0.01,2333.530079,1776258059000
1776258067.282,67.282,0.53,70.0,0.52,106.0,0.54,52.0,0.55,80.5,0.5,10.0,0.49,45.5,0.51,34.9,0.52,49.34,0.01,0.01,2333.63758,1776258065000
1776258069.014,69.014,0.53,125.0,0.52,171.5,0.54,91.44,0.55,140.5,0.46,52.0,0.45,80.5,0.47,70.0,0.48,106.0,0.01,0.01,2333.63758,1776258065000
1776258070.123,70.123,0.53,110.0,0.52,161.5,0.54,4.44,0.55,80.0,0.46,91.44,0.45,140.5,0.47,125.0,0.48,171.5,0.01,0.01,2333.67194,1776258067000
1776258070.715,70.715,0.54,98.04,0.53,145.5,0.55,70.0,0.56,55.0,0.46,2.58,0.45,80.0,0.47,120.5,0.48,161.5,0.01,0.01,2333.669114,1776258068000
1776258071.499,71.499,0.54,1.0,0.53,30.0,0.57,87.5,0.58,237.5,0.45,70.0,0.44,55.0,0.46,98.04,0.47,145.5,0.03,0.01,2333.697365,1776258070000
1776258072.044,72.044,0.53,84.37,0.52,171.5,0.54,112.0,0.55,83.0,0.45,20.5,0.44,35.5,0.47,21.0,0.48,99.4,0.01,0.02,2333.697365,1776258070000
1776258072.427,72.427,0.53,122.24,0.52,271.5,0.56,5.0,0.57,75.5,0.46,112.0,0.45,78.0,0.47,82.24,0.48,241.5,0.03,0.01,2333.697365,1776258070000
1776258073.1,73.1,0.56,94.31,0.55,80.0,0.57,65.5,0.58,90.5,0.44,5.0,0.43,75.5,0.47,122.24,0.48,271.5,0.01,0.03,2333.742339,1776258071000
1776258074.116,74.116,0.56,79.61,0.55,75.0,0.57,104.76,0.58,80.5,0.43,65.5,0.42,90.5,0.44,94.31,0.45,80.0,0.01,0.01,2333.721175,1776258072000
1776258074.409,74.409,0.56,111.11,0.55,85.5,0.57,19.26,0.58,15.0,0.43,104.76,0.42,80.5,0.44,79.61,0.45,75.0,0.01,0.01,2333.721175,1776258072000
1776258075.926,75.926,0.57,86.0,0.56,160.61,0.58,80.96,0.59,95.5,0.42,10.0,0.41,30.0,0.44,106.11,0.45,85.5,0.01,0.02,2333.804582,1776258074000
1776258077.046,77.046,0.57,62.99,0.56,165.61,0.58,85.96,0.59,105.5,0.42,80.96,0.41,95.5,0.43,73.18,0.44,160.61,0.01,0.01,2333.810123,1776258075000
1776258078.645,78.645,0.57,10.0,0.56,110.61,0.58,154.46,0.59,100.5,0.42,85.96,0.41,105.5,0.43,62.99,0.44,165.61,0.01,0.01,2333.834302,1776258077000
1776258079.339,79.339,0.57,1.0,0.56,100.61,0.58,154.46,0.59,105.5,0.42,154.46,0.41,95.5,0.43,1.0,0.44,110.61,0.01,0.01,2333.8467,1776258078000
1776258079.875,79.875,0.56,57.5,0.55,25.0,0.57,132.88,0.58,111.5,0.42,160.46,0.41,105.5,0.44,98.92,0.45,65.0,0.01,0.02,2333.8467,1776258078000
1776258081.655,81.655,0.51,75.0,0.49,5.0,0.53,125.5,0.54,30.5,0.43,132.88,0.42,106.5,0.44,17.5,0.45,25.0,0.02,0.01,2333.79764,1776258080000
1776258082.021,82.021,0.49,5.0,0.48,5.0,0.52,57.5,0.53,153.5,0.47,125.5,0.46,30.5,0.49,75.0,0.51,5.0,0.03,0.02,2333.79764,1776258080000
1776258083.261,83.261,0.49,7.7,0.48,10.0,0.5,88.5,0.51,30.5,0.48,57.5,0.47,153.5,0.51,5.0,0.52,5.0,0.01,0.03,2333.64577,1776258082000
1776258084.617,84.617,0.47,25.0,0.46,56.0,0.48,143.5,0.49,85.5,0.5,88.5,0.49,30.5,0.51,7.7,0.52,10.0,0.01,0.01,2333.64577,1776258082000
1776258085.521,85.521,0.45,1.36,0.44,19.6,0.46,83.5,0.47,41.5,0.52,143.5,0.51,85.5,0.53,25.0,0.54,56.0,0.01,0.01,2333.477546,1776258084000
1776258086.811,86.811,0.44,3.21,0.43,45.0,0.45,148.5,0.46,158.5,0.54,88.5,0.53,41.5,0.55,1.26,0.56,19.6,0.01,0.01,2333.457832,1776258085000
1776258087.409,87.409,0.44,2.21,0.43,45.0,0.45,154.5,0.46,273.5,0.55,148.5,0.54,158.5,0.56,3.21,0.57,45.0,0.01,0.01,2333.457832,1776258085000
1776258100.869,100.869,0.31,7.75,0.3,10.0,0.32,153.5,0.33,342.5,0.55,154.5,0.54,273.5,0.57,45.0,0.58,80.0,0.01,0.02,2332.924727,1776258099000
1776258101.857,101.857,0.28,60.0,0.27,75.0,0.3,244.94,0.31,137.75,0.68,163.5,0.67,342.5,0.71,102.5,0.72,82.89,0.02,0.03,2332.928236,1776258100000
1776258102.106,102.106,0.22,32.27,0.21,189.02,0.23,10.0,0.24,10.0,0.77,16.49,0.76,16.57,0.78,8.59,0.79,94.02,0.01,0.01,2332.928236,1776258100000
1776258102.412,102.412,0.21,203.02,0.2,97.5,0.24,10.0,0.25,10.0,0.73,10.0,0.72,10.0,0.79,223.02,0.8,87.5,0.03,0.06,2332.928236,1776258100000
1776258102.653,102.653,0.22,23.39,0.21,193.52,0.23,8.82,0.24,10.0,0.77,8.82,0.76,10.0,0.79,198.02,0.8,102.5,0.01,0.02,2332.928236,1776258100000
1776258102.945,102.945,0.22,51.95,0.21,193.52,0.23,3.82,0.24,15.0,0.77,8.82,0.76,10.0,0.78,23.39,0.79,193.52,0.01,0.01,2332.655124,1776258101000
1776258103.238,103.238,0.22,107.95,0.21,193.52,0.23,13.82,0.24,15.0,0.77,3.82,0.76,15.0,0.78,51.95,0.79,193.52,0.01,0.01,2332.655124,1776258101000
1776258103.689,103.689,0.24,75.5,0.23,105.8,0.26,19.52,0.27,120.0,0.75,12.99,0.74,70.0,0.78,102.95,0.79,193.52,0.02,0.03,2332.458914,1776258102000
1776258104.185,104.185,0.24,55.0,0.23,95.8,0.25,69.4,0.26,34.52,0.74,19.52,0.73,120.0,0.76,75.5,0.77,105.8,0.01,0.02,2332.35735,1776258103000
1776258104.692,104.692,0.24,60.0,0.23,90.8,0.25,100.4,0.26,109.52,0.75,69.4,0.74,34.52,0.76,55.0,0.77,95.8,0.01,0.01,2332.35735,1776258103000
1776258105.156,105.156,0.24,79.7,0.23,95.8,0.25,63.17,0.26,179.52,0.75,75.84,0.74,179.52,0.76,60.0,0.77,90.8,0.01,0.01,2332.35735,1776258103000
1776258105.623,105.623,0.23,80.3,0.22,91.5,0.24,41.0,0.25,118.17,0.75,63.17,0.74,179.52,0.76,79.7,0.77,95.8,0.01,0.01,2332.35735,1776258103000
1776258106.177,106.177,0.22,9.93,0.21,14.02,0.24,142.5,0.25,152.67,0.76,41.0,0.75,118.17,0.77,80.3,0.78,91.5,0.02,0.01,2332.3374,1776258104000
1776258106.525,106.525,0.2,128.25,0.19,104.9,0.21,28.57,0.22,85.0,0.79,40.0,0.78,20.0,0.8,88.25,0.81,143.9,0.01,0.01,2332.285023,1776258105000
1776258106.736,106.736,0.2,133.92,0.19,105.21,0.21,147.36,0.22,85.0,0.79,28.57,0.78,85.0,0.8,128.25,0.81,104.9,0.01,0.01,2332.285023,1776258105000
1776258107.354,107.354,0.2,22.98,0.19,78.31,0.21,212.36,0.22,95.5,0.79,147.36,0.78,85.0,0.8,133.92,0.81,105.21,0.01,0.01,2332.251017,1776258106000
1776258108.029,108.029,0.2,17.98,0.19,55.0,0.21,222.57,0.22,95.5,0.79,212.36,0.78,95.5,0.8,22.98,0.81,78.31,0.01,0.01,2332.251017,1776258106000
1776258108.231,108.231,0.19,38.73,0.18,80.5,0.21,222.57,0.22,95.5,0.79,227.57,0.78,95.5,0.8,9.09,0.81,50.0,0.02,0.01,2332.134225,1776258107000
1776258108.62,108.62,0.19,15.38,0.18,20.5,0.2,121.0,0.21,170.5,0.79,222.57,0.78,95.5,0.81,38.73,0.82,80.5,0.01,0.02,2332.134225,1776258107000
1776258108.826,108.826,0.18,85.5,0.17,116.0,0.2,24.0,0.21,165.5,0.8,116.0,0.79,170.5,0.82,20.5,0.83,116.0,0.02,0.02,2332.134225,1776258107000
1776258109.494,109.494,0.18,65.61,0.17,121.94,0.19,26.0,0.2,25.5,0.8,24.0,0.79,165.5,0.82,85.5,0.83,116.0,0.01,0.02,2331.978479,1776258108000
1776258109.992,109.992,0.18,70.61,0.17,121.94,0.2,15.0,0.21,225.5,0.81,26.0,0.8,25.5,0.82,65.61,0.83,121.94,0.02,0.01,2331.978479,1776258108000
1776258110.327,110.327,0.19,32.57,0.18,96.11,0.2,11.0,0.21,86.31,0.8,15.0,0.79,225.5,0.82,70.61,0.83,121.94,0.01,0.02,2331.978479,1776258108000
1776258110.589,110.589,0.2,111.55,0.19,81.57,0.22,61.31,0.24,10.0,0.8,11.0,0.79,86.31,0.81,32.57,0.82,96.11,0.02,0.01,2331.966367,1776258109000
1776258111.182,111.182,0.23,90.0,0.22,40.5,0.25,164.0,0.26,50.5,0.76,10.0,0.75,144.0,0.79,60.5,0.8,81.55,0.02,0.03,2331.962084,1776258110000
1776258111.944,111.944,0.24,101.72,0.23,125.0,0.25,230.77,0.26,80.5,0.75,164.0,0.74,50.5,0.77,90.0,0.78,40.5,0.01,0.02,2331.962084,1776258110000
1776258112.181,112.181,0.24,90.38,0.23,115.0,0.25,245.77,0.26,80.5,0.75,230.77,0.74,90.5,0.76,99.74,0.77,125.0,0.01,0.01,2331.962084,1776258110000
1776258112.487,112.487,0.24,67.74,0.23,85.0,0.25,235.77,0.26,80.5,0.75,245.77,0.74,80.5,0.76,90.38,0.77,115.0,0.01,0.01,2331.965151,1776258111000
1776258113.399,113.399,0.24,112.74,0.23,105.5,0.25,173.55,0.26,20.0,0.75,235.77,0.74,80.5,0.76,67.74,0.77,85.0,0.01,0.01,2331.965151,1776258111000
1776258113.751,113.751,0.25,132.66,0.24,107.74,0.27,125.5,0.28,100.0,0.74,7.0,0.73,75.5,0.75,43.0,0.76,102.74,0.02,0.01,2332.25633,1776258112000
1776258114.353,114.353,0.25,30.16,0.24,107.74,0.26,30.05,0.27,55.5,0.73,75.5,0.72,100.0,0.75,125.4,0.76,107.74,0.01,0.02,2332.248465,1776258113000
1776258114.725,114.725,0.25,7.66,0.24,107.74,0.26,198.16,0.27,105.5,0.74,30.05,0.73,55.5,0.75,30.16,0.76,107.74,0.01,0.01,2332.248465,1776258113000
1776258114.938,114.938,0.25,0.4,0.24,102.74,0.26,208.66,0.27,105.5,0.74,198.16,0.73,105.5,0.75,7.66,0.76,107.74,0.01,0.01,2332.248465,1776258113000
1776258116.538,116.538,0.24,102.74,0.23,90.0,0.25,6.3,0.26,203.66,0.74,208.66,0.73,105.5,0.75,0.4,0.76,102.74,0.01,0.01,2332.249665,1776258114000
1776258117.207,117.207,0.23,10.0,0.22,20.0,0.25,236.85,0.26,233.61,0.75,6.3,0.74,203.66,0.76,102.74,0.77,90.0,0.02,0.01,2332.249665,1776258114000
1776258118.012,118.012,0.2,80.05,0.19,134.21,0.22,85.74,0.23,86.5,0.75,236.85,0.74,233.61,0.77,10.0,0.78,20.0,0.02,0.02,2332.249665,1776258114000
1776258118.944,118.944,0.2,80.05,0.19,109.21,0.21,106.0,0.22,131.29,0.78,85.74,0.77,86.5,0.79,13.1,0.8,70.05,0.01,0.01,2332.249665,1776258114000
1776258119.468,119.468,0.2,7.74,0.19,99.77,0.21,121.0,0.22,111.24,0.79,111.0,0.78,131.29,0.81,99.77,0.82,154.4,0.01,0.02,2332.249665,1776258114000
1776258120.882,120.882,0.18,50.0,0.17,85.0,0.19,167.02,0.2,136.5,0.79,126.0,0.78,111.24,0.81,87.46,0.82,154.4,0.01,0.02,2332.249665,1776258114000
1776258121.887,121.887,0.15,6.0,0.14,10.0,0.16,89.5,0.17,80.5,0.81,167.02,0.8,136.5,0.82,50.0,0.83,85.0,0.01,0.01,2332.249665,1776258114000
1776258122.194,122.194,0.15,4.0,0.14,25.5,0.16,75.0,0.17,75.5,0.84,94.0,0.83,75.5,0.85,9.82,0.86,25.5,0.01,0.01,2332.249665,1776258114000
1776258122.575,122.575,0.14,8.25,0.13,127.3,0.15,41.0,0.16,75.5,0.84,75.0,0.83,75.5,0.85,4.0,0.86,25.5,0.01,0.01,2332.249665,1776258114000
1776258122.788,122.788,0.14,4.25,0.13,127.3,0.15,76.0,0.16,172.42,0.85,41.0,0.84,75.5,0.86,8.25,0.87,127.3,0.01,0.01,2332.249665,1776258114000
1776258123.498,123.498,0.13,135.06,0.12,229.69,0.14,59.74,0.15,72.26,0.85,76.0,0.84,172.42,0.86,4.25,0.87,127.3,0.01,0.01,2332.249665,1776258114000
1776258123.881,123.881,0.13,133.91,0.12,174.69,0.14,166.99,0.15,72.26,0.86,59.74,0.85,72.26,0.87,135.06,0.88,229.69,0.01,0.01,2332.249665,1776258114000
1776258124.092,124.092,0.13,111.98,0.12,224.69,0.14,167.25,0.15,82.76,0.86,166.99,0.85,72.26,0.87,133.91,0.88,174.69,0.01,0.01,2331.66241,1776258122000
1776258124.37,124.37,0.13,72.73,0.12,149.19,0.14,114.5,0.15,87.76,0.86,167.25,0.85,82.76,0.87,111.98,0.88,224.69,0.01,0.01,2331.66241,1776258122000
1776258126.397,126.397,0.13,15.74,0.12,149.19,0.14,166.07,0.15,87.76,0.86,114.5,0.85,87.76,0.87,72.73,0.88,149.19,0.01,0.01,2331.475997,1776258125000
1776258126.916,126.916,0.13,0.74,0.12,115.09,0.14,141.07,0.15,87.76,0.86,166.07,0.85,87.76,0.87,15.74,0.88,149.19,0.01,0.01,2331.475997,1776258125000
1776258127.828,127.828,0.12,123.5,0.11,121.79,0.13,104.53,0.14,64.07,0.86,141.07,0.85,87.76,0.87,0.74,0.88,115.09,0.01,0.01,2331.333105,1776258126000
1776258130.755,130.755,0.12,115.09,0.11,132.29,0.13,174.06,0.14,64.07,0.87,40.6,0.86,64.07,0.88,123.5,0.89,121.79,0.01,0.01,2331.333974,1776258129000
1776258131.186,131.186,0.12,144.0,0.11,182.29,0.13,158.06,0.14,49.07,0.87,174.06,0.86,64.07,0.88,115.09,0.89,132.29,0.01,0.01,2331.342808,1776258130000
1776258133.155,133.155,0.12,65.09,0.11,70.0,0.13,210.17,0.14,75.07,0.87,158.06,0.86,49.07,0.88,144.0,0.89,182.29,0.01,0.01,2331.433075,1776258132000
1776258134.909,134.909,0.12,30.09,0.11,10.0,0.13,318.3,0.14,59.07,0.87,210.17,0.86,75.07,0.88,65.09,0.89,70.0,0.01,0.01,2331.2921,1776258134000
1776258135.585,135.585,0.12,28.79,0.11,15.0,0.13,237.27,0.14,59.07,0.87,281.27,0.86,59.07,0.88,25.09,0.89,10.0,0.01,0.01,2331.2921,1776258134000
1776258136.911,136.911,0.12,23.79,0.11,62.29,0.13,210.27,0.14,49.07,0.87,237.27,0.86,59.07,0.88,28.79,0.89,15.0,0.01,0.01,2331.242467,1776258135000
1776258137.579,137.579,0.12,2.67,0.11,62.29,0.13,198.27,0.14,49.07,0.87,189.27,0.86,49.07,0.88,23.79,0.89,62.29,0.01,0.01,2331.242467,1776258135000
1776258138.13,138.13,0.12,48.27,0.11,133.29,0.13,198.27,0.14,33.57,0.87,198.27,0.86,49.07,0.88,2.67,0.89,62.29,0.01,0.01,2331.265775,1776258136000
1776258138.463,138.463,0.12,23.62,0.11,123.29,0.13,153.27,0.14,49.07,0.87,143.27,0.86,33.57,0.88,27.03,0.89,133.29,0.01,0.01,2331.295765,1776258137000
1776258139.927,139.927,0.12,19.69,0.11,112.29,0.13,153.24,0.14,59.07,0.87,153.27,0.86,49.07,0.88,19.69,0.89,123.29,0.01,0.01,2331.296495,1776258138000
1776258140.242,140.242,0.11,102.71,0.1,200.5,0.13,178.24,0.14,59.07,0.87,153.24,0.86,59.07,0.88,19.69,0.89,112.29,0.02,0.01,2331.3782,1776258139000
1776258140.989,140.989,0.12,179.6,0.11,122.89,0.13,34.0,0.14,103.9,0.87,178.24,0.86,59.07,0.89,102.71,0.9,200.5,0.01,0.02,2331.3782,1776258139000
1776258141.239,141.239,0.13,122.98,0.12,110.5,0.14,103.9,0.15,27.26,0.86,103.9,0.85,22.26,0.88,179.6,0.89,127.89,0.01,0.02,2331.3782,1776258139000
1776258141.44,141.44,0.1,60.0,0.09,75.0,0.12,26.0,0.13,20.0,0.86,103.9,0.85,27.26,0.87,122.98,0.88,110.5,0.02,0.01,2331.3782,1776258139000
1776258142.823,142.823,0.08,120.16,0.07,265.3,0.09,93.0,0.1,86.5,0.88,26.0,0.87,20.0,0.9,60.0,0.91,75.0,0.01,0.02,2331.40755,1776258141000
1776258143.226,143.226,0.08,192.06,0.07,312.3,0.09,38.0,0.1,71.0,0.91,93.0,0.9,86.5,0.92,120.16,0.93,265.3,0.01,0.01,2331.41751,1776258142000
1776258143.464,143.464,0.08,253.07,0.07,362.3,0.09,0.28,0.1,71.0,0.91,0.28,0.9,71.0,0.92,192.06,0.93,312.3,0.01,0.01,2331.41751,1776258142000
1776258143.794,143.794,0.08,323.21,0.07,325.3,0.09,0.28,0.1,66.0,0.91,0.28,0.9,71.0,0.92,253.07,0.93,362.3,0.01,0.01,2331.41751,1776258142000
1776258144.185,144.185,0.08,279.67,0.07,320.3,0.09,0.28,0.1,66.0,0.91,0.28,0.9,66.0,0.92,323.21,0.93,325.3,0.01,0.01,2330.737825,1776258143000
1776258145.015,145.015,0.08,197.12,0.07,320.3,0.09,50.28,0.1,66.0,0.91,0.28,0.9,66.0,0.92,279.67,0.93,320.3,0.01,0.01,2330.737825,1776258143000
1776258145.265,145.265,0.08,115.0,0.07,215.0,0.09,133.28,0.1,96.5,0.91,128.28,0.9,96.5,0.92,140.0,0.93,270.3,0.01,0.01,2330.894295,1776258144000
1776258146.417,146.417,0.07,75.0,0.06,210.0,0.09,135.56,0.1,85.5,0.91,138.28,0.9,96.5,0.92,24.64,0.93,115.0,0.02,0.01,2330.990945,1776258145000
1776258147.941,147.941,0.05,180.26,0.04,188.8,0.06,148.0,0.07,263.64,0.91,135.56,0.9,85.5,0.93,75.0,0.94,210.0,0.01,0.02,2330.9072,1776258146000
1776258148.297,148.297,0.05,153.46,0.04,188.8,0.06,176.0,0.07,177.99,0.94,148.0,0.93,263.64,0.95,180.26,0.96,188.8,0.01,0.01,2330.63965,1776258147000
1776258148.927,148.927,0.04,65.0,0.03,333.0,0.05,11.54,0.06,280.99,0.94,176.0,0.93,177.99,0.95,153.46,0.96,188.8,0.01,0.01,2330.63965,1776258147000
1776258149.585,149.585,0.03,358.0,0.02,638.7,0.05,144.55,0.06,596.75,0.95,33.44,0.94,220.0,0.96,64.9,0.97,333.0,0.02,0.01,2330.318695,1776258148000
1776258149.789,149.789,0.04,4.94,0.03,333.0,0.05,149.55,0.06,559.0,0.95,149.55,0.94,559.0,0.96,32.64,0.97,333.0,0.01,0.01,2330.318695,1776258148000
1776258150.602,150.602,0.03,550.25,0.02,556.7,0.04,165.11,0.05,92.0,0.96,100.11,0.95,197.55,0.97,333.0,0.98,638.7,0.01,0.01,2329.940211,1776258149000
1776258150.975,150.975,0.03,667.95,0.02,556.7,0.04,183.11,0.05,71.0,0.96,165.11,0.95,92.0,0.97,550.25,0.98,556.7,0.01,0.01,2329.940211,1776258149000
1776258151.656,151.656,0.03,323.44,0.02,722.7,0.04,210.11,0.05,97.44,0.96,183.11,0.95,65.0,0.97,666.8,0.98,556.7,0.01,0.01,2329.55335,1776258150000
1776258151.921,151.921,0.03,297.66,0.02,672.7,0.04,253.11,0.05,110.99,0.96,210.11,0.95,97.44,0.97,323.44,0.98,722.7,0.01,0.01,2329.55335,1776258150000
1776258152.211,152.211,0.03,296.59,0.02,672.7,0.04,274.11,0.05,123.99,0.96,253.11,0.95,110.99,0.97,297.66,0.98,672.7,0.01,0.01,2329.55335,1776258150000
1776258152.489,152.489,0.03,368.95,0.02,722.7,0.04,193.11,0.05,126.99,0.96,257.74,0.95,123.99,0.97,286.48,0.98,672.7,0.01,0.01,2329.481031,1776258151000
1776258152.715,152.715,0.03,333.95,0.02,722.7,0.04,150.11,0.05,126.99,0.96,193.11,0.95,126.99,0.97,368.95,0.98,722.7,0.01,0.01,2329.481031,1776258151000
1776258153.235,153.235,0.03,483.77,0.02,563.7,0.04,135.11,0.05,98.99,0.96,155.11,0.95,103.99,0.97,483.77,0.98,563.7,0.01,0.01,2329.761315,1776258152000
1776258153.561,153.561,0.03,287.91,0.02,709.7,0.04,52.0,0.05,98.99,0.96,40.0,0.95,98.99,0.97,473.61,0.98,563.7,0.01,0.01,2329.761315,1776258152000
1776258153.883,153.883,0.02,484.46,0.01,3263.91,0.04,106.92,0.05,115.99,0.96,33.92,0.95,98.99,0.97,287.91,0.98,709.7,0.02,0.01,2329.761315,1776258152000
1776258154.622,154.622,0.02,462.77,0.01,2738.91,0.03,130.0,0.04,108.92,0.96,106.92,0.95,115.99,0.98,484.46,0.99,3263.91,0.01,0.02,2329.64,1776258153000
1776258155.311,155.311,0.02,452.77,0.01,2338.91,0.03,274.0,0.04,108.92,0.97,130.0,0.96,108.92,0.98,462.77,0.99,2738.91,0.01,0.01,2329.64,1776258153000
1776258157.055,157.055,0.02,501.74,0.01,2345.91,0.03,118.0,0.04,77.92,0.97,274.0,0.96,108.92,0.98,452.77,0.99,2338.91,0.01,0.01,2329.5451,1776258154000
1776258157.729,157.729,0.02,253.18,0.01,2351.95,0.03,20.0,0.04,515.36,0.97,118.0,0.96,77.92,0.98,501.74,0.99,2345.91,0.01,0.01,2329.391723,1776258156000
1776258166.694,166.694,0.02,265.68,0.01,2744.95,0.03,135.31,0.04,128.91,0.97,15.0,0.96,510.36,0.98,248.18,0.99,2351.95,0.01,0.01,2329.730875,1776258165000
1776258167.07,167.07,0.02,312.18,0.01,2744.95,0.03,92.31,0.04,133.91,0.97,135.31,0.96,128.91,0.98,265.68,0.99,2744.95,0.01,0.01,2329.730875,1776258165000
1776258170.133,170.133,0.02,296.34,0.01,2444.95,0.03,106.84,0.04,134.91,0.97,92.31,0.96,133.91,0.98,307.18,0.99,3151.95,0.01,0.01,2329.355484,1776258168000
1776258170.853,170.853,0.02,296.34,0.01,3344.95,0.03,68.5,0.04,111.36,0.97,106.84,0.96,134.91,0.98,296.34,0.99,2444.95,0.01,0.01,2329.411415,1776258169000
1776258171.479,171.479,0.02,256.54,0.01,3344.95,0.03,68.5,0.04,93.92,0.97,68.5,0.96,111.36,0.98,296.34,0.99,3344.95,0.01,0.01,2329.560362,1776258170000
1776258173.102,173.102,0.02,22.0,0.01,3371.95,0.03,80.79,0.04,71.92,0.97,68.5,0.96,93.92,0.98,256.54,0.99,3344.95,0.01,0.01,2329.63075,1776258171000
1776258176.509,176.509,0.02,187.31,0.01,2444.95,0.03,135.79,0.04,121.99,0.97,80.79,0.96,71.92,0.98,22.0,0.99,3371.95,0.01,0.01,2329.653465,1776258175000
1776258180.355,180.355,0.02,14.89,0.01,3044.95,0.03,90.79,0.04,65.0,0.97,135.79,0.96,121.99,0.98,187.31,0.99,2444.95,0.01,0.01,2329.636185,1776258178000
1776258181.414,181.414,0.02,4.81,0.01,2529.95,0.03,90.79,0.04,65.0,0.97,90.79,0.96,65.0,0.98,0.79,0.99,3044.95,0.01,0.01,2329.714478,1776258180000
1776258184.126,184.126,0.02,12.66,0.01,2639.95,0.03,95.79,0.04,70.5,0.97,90.79,0.96,65.0,0.98,4.81,0.99,2529.95,0.01,0.01,2329.90809,1776258182000
1776258184.392,184.392,0.02,4.5,0.01,3039.95,0.03,107.79,0.04,75.5,0.97,90.79,0.96,70.5,0.98,8.5,0.99,2639.95,0.01,0.01,2329.931815,1776258183000
1776258184.601,184.601,0.02,14.5,0.01,3239.95,0.04,46.85,0.05,177.49,0.97,107.79,0.96,75.5,0.98,4.5,0.99,3039.95,0.02,0.01,2329.931815,1776258183000
1776258184.805,184.805,0.03,52.0,0.02,60.0,0.04,56.5,0.05,132.49,0.96,46.85,0.95,177.49,0.98,14.5,0.99,3239.95,0.01,0.02,2329.931815,1776258183000
1776258185.062,185.062,0.03,5.0,0.02,65.0,0.04,183.51,0.05,182.49,0.96,67.5,0.95,132.49,0.97,46.94,0.98,60.0,0.01,0.01,2329.931815,1776258183000
1776258187.471,187.471,0.03,50.72,0.02,65.0,0.04,114.51,0.05,97.49,0.96,183.51,0.95,182.49,0.97,5.0,0.98,65.0,0.01,0.01,2329.91697,1776258186000
1776258189.09,189.09,0.03,51.72,0.02,65.0,0.04,104.01,0.05,40.5,0.96,114.51,0.95,97.49,0.97,50.72,0.98,65.0,0.01,0.01,2329.805547,1776258187000
1776258189.59,189.59,0.03,49.65,0.02,65.0,0.04,99.01,0.05,45.5,0.96,94.01,0.95,40.5,0.97,56.72,0.98,65.0,0.01,0.01,2329.842608,1776258188000
1776258190.189,190.189,0.03,49.65,0.02,248.7,0.04,27.04,0.05,45.5,0.96,99.01,0.95,45.5,0.97,49.65,0.98,65.0,0.01,0.01,2329.842608,1776258188000
1776258190.436,190.436,0.03,50.74,0.02,273.7,0.04,22.04,0.05,35.5,0.96,27.04,0.95,45.5,0.97,49.65,0.98,248.7,0.01,0.01,2329.842608,1776258188000
1776258190.774,190.774,0.03,75.74,0.02,278.7,0.05,22.09,0.06,41.12,0.96,22.04,0.95,35.5,0.97,50.74,0.98,273.7,0.02,0.01,2329.97915,1776258189000
1776258191.085,191.085,0.04,6.68,0.03,194.44,0.05,115.0,0.06,41.12,0.95,22.09,0.94,41.12,0.97,75.74,0.98,278.7,0.01,0.02,2330.10706,1776258190000
1776258191.566,191.566,0.04,61.68,0.03,194.44,0.05,110.14,0.06,46.12,0.95,115.0,0.94,41.12,0.96,6.68,0.97,194.44,0.01,0.01,2330.10706,1776258190000
1776258191.911,191.911,0.04,81.5,0.03,194.44,0.05,107.91,0.06,41.12,0.95,107.91,0.94,46.12,0.96,53.58,0.97,194.44,0.01,0.01,2330.10706,1776258190000
1776258192.114,192.114,0.04,81.5,0.03,194.44,0.05,102.91,0.06,41.12,0.95,107.91,0.94,41.12,0.96,81.5,0.97,194.44,0.01,0.01,2330.10706,1776258190000
1776258192.464,192.464,0.04,81.5,0.03,194.44,0.05,84.51,0.06,41.12,0.95,102.91,0.94,41.12,0.96,81.5,0.97,194.44,0.01,0.01,2330.224181,1776258191000
1776258193.644,193.644,0.03,40.0,0.02,278.7,0.05,102.0,0.06,96.12,0.95,89.51,0.94,46.12,0.96,30.41,0.97,194.44,0.02,0.01,2330.40607,1776258192000
1776258193.894,193.894,0.04,1.01,0.03,40.0,0.05,102.0,0.06,96.12,0.95,102.0,0.94,96.12,0.97,90.0,0.98,278.7,0.01,0.02,2330.40607,1776258192000
1776258194.698,194.698,0.03,39.12,0.02,278.7,0.05,200.39,0.06,106.12,0.95,63.54,0.94,96.12,0.96,1.01,0.97,40.0,0.02,0.01,2330.43,1776258193000
1776258195.032,195.032,0.04,35.0,0.03,39.12,0.05,166.93,0.06,91.12,0.95,200.39,0.94,106.12,0.97,39.12,0.98,278.7,0.01,0.02,2330.465305,1776258194000
1776258195.467,195.467,0.04,35.55,0.03,94.12,0.05,167.9,0.06,91.12,0.95,166.93,0.94,91.12,0.96,35.0,0.97,39.12,0.01,0.01,2330.465305,1776258194000
1776258196.593,196.593,0.03,35.22,0.02,258.7,0.04,371.0,0.05,15.0,0.95,167.9,0.94,91.12,0.97,94.12,0.98,278.7,0.01,0.02,2330.46743,1776258195000
1776258196.793,196.793,0.02,254.12,0.01,2634.64,0.04,378.69,0.05,65.0,0.96,371.0,0.95,15.0,0.97,35.22,0.98,258.7,0.02,0.01,2330.46743,1776258195000
1776258197.141,197.141,0.03,168.85,0.02,254.12,0.04,378.69,0.05,15.0,0.96,378.69,0.95,65.0,0.98,254.12,0.99,2634.64,0.01,0.02,2330.46743,1776258195000
1776258197.563,197.563,0.03,174.7,0.02,254.12,0.04,378.69,0.05,10.0,0.96,378.69,0.95,15.0,0.97,168.85,0.98,254.12,0.01,0.01,2330.529278,1776258196000
1776258198.072,198.072,0.03,173.66,0.02,554.12,0.04,383.69,0.05,15.0,0.96,378.69,0.95,10.0,0.97,174.7,0.98,254.12,0.01,0.01,2330.529278,1776258196000
1776258198.373,198.373,0.03,169.26,0.02,554.12,0.04,383.69,0.05,15.0,0.96,383.69,0.95,15.0,0.97,173.66,0.98,554.12,0.01,0.01,2330.61106,1776258197000
1776258199.632,199.632,0.03,109.16,0.02,549.12,0.04,470.01,0.05,80.0,0.96,377.7,0.95,15.0,0.97,159.26,0.98,554.12,0.01,0.01,2330.7079,1776258198000
1776258200.498,200.498,0.03,115.0,0.02,554.12,0.04,450.01,0.05,15.0,0.96,465.01,0.95,80.0,0.97,107.28,0.98,549.12,0.01,0.01,2330.825905,1776258199000
1776258201.089,201.089,0.03,186.0,0.02,554.12,0.04,443.29,0.05,15.0,0.96,450.01,0.95,15.0,0.97,115.0,0.98,554.12,0.01,0.01,2330.825905,1776258199000
1776258202.632,202.632,0.03,180.85,0.02,284.12,0.04,448.29,0.05,5.0,0.96,443.29,0.95,15.0,0.97,186.0,0.98,554.12,0.01,0.01,2330.78715,1776258200000
1776258203.046,203.046,0.03,164.56,0.02,734.12,0.04,448.29,0.05,5.0,0.96,448.29,0.95,5.0,0.97,171.72,0.98,284.12,0.01,0.01,2330.713825,1776258201000
1776258203.3,203.3,0.03,162.49,0.02,309.12,0.04,448.29,0.05,10.0,0.96,448.29,0.95,5.0,0.97,164.56,0.98,734.12,0.01,0.01,2330.713825,1776258201000
1776258204.274,204.274,0.03,90.49,0.02,559.12,0.04,104.29,0.05,15.0,0.96,104.29,0.95,10.0,0.97,167.49,0.98,309.12,0.01,0.01,2330.995165,1776258203000
1776258207.015,207.015,0.03,98.77,0.02,259.12,0.04,114.29,0.05,10.0,0.96,104.29,0.95,15.0,0.97,85.2,0.98,559.12,0.01,0.01,2331.101932,1776258205000
1776258207.288,207.288,0.03,98.77,0.02,259.12,0.05,5.0,0.06,25.62,0.96,114.29,0.95,10.0,0.97,98.77,0.98,259.12,0.02,0.01,2331.101932,1776258205000
1776258207.977,207.977,0.04,251.22,0.03,89.2,0.07,94.38,0.08,107.5,0.95,5.0,0.94,25.62,0.97,98.77,0.98,259.12,0.03,0.02,2331.058465,1776258206000
1776258208.179,208.179,0.05,58.87,0.04,233.8,0.07,99.38,0.08,112.5,0.93,94.38,0.92,107.5,0.96,251.22,0.97,89.2,0.02,0.03,2331.058465,1776258206000
1776258208.523,208.523,0.05,58.87,0.04,238.8,0.07,84.51,0.08,107.5,0.93,99.38,0.92,112.5,0.95,58.87,0.96,233.8,0.02,0.02,2331.11659,1776258207000
1776258208.751,208.751,0.05,27.85,0.04,238.8,0.06,5.0,0.07,84.51,0.94,5.0,0.93,84.51,0.95,52.47,0.96,238.8,0.01,0.01,2331.11659,1776258207000
1776258209.546,209.546,0.05,16.35,0.04,238.8,0.06,179.54,0.07,83.52,0.94,10.0,0.93,89.51,0.95,22.41,0.96,238.8,0.01,0.01,2331.14786,1776258208000
1776258210.496,210.496,0.05,12.36,0.04,238.8,0.06,184.54,0.07,80.73,0.94,179.54,0.93,83.52,0.95,16.35,0.96,238.8,0.01,0.01,2331.24299,1776258209000
1776258210.721,210.721,0.04,198.48,0.03,78.2,0.06,184.54,0.07,80.73,0.94,184.54,0.93,80.73,0.95,12.36,0.96,238.8,0.02,0.01,2331.24299,1776258209000
1776258211.721,211.721,0.04,209.48,0.03,83.2,0.06,261.08,0.07,196.23,0.94,184.54,0.93,80.73,0.96,198.48,0.97,78.2,0.02,0.02,2331.253537,1776258210000
1776258212.586,212.586,0.04,323.45,0.03,83.2,0.06,271.08,0.07,221.23,0.94,261.08,0.93,196.23,0.96,209.48,0.97,83.2,0.02,0.02,2331.248675,1776258211000
1776258213.03,213.03,0.04,292.45,0.03,83.2,0.06,271.08,0.07,289.23,0.94,271.08,0.93,221.23,0.96,323.45,0.97,83.2,0.02,0.02,2331.248675,1776258211000
1776258213.755,213.755,0.04,297.45,0.03,78.2,0.05,109.65,0.06,120.0,0.94,271.08,0.93,289.23,0.96,292.45,0.97,83.2,0.01,0.02,2331.282458,1776258212000
1776258214.209,214.209,0.04,302.45,0.03,78.2,0.05,113.45,0.06,120.0,0.95,109.65,0.94,120.0,0.96,297.45,0.97,78.2,0.01,0.01,2331.282458,1776258212000
1776258214.485,214.485,0.04,284.85,0.03,78.2,0.05,118.45,0.06,145.0,0.95,113.45,0.94,120.0,0.96,302.45,0.97,78.2,0.01,0.01,2331.30776,1776258213000
1776258215.858,215.858,0.04,279.64,0.03,78.2,0.05,142.39,0.06,140.0,0.95,118.45,0.94,145.0,0.96,284.85,0.97,78.2,0.01,0.01,2331.30776,1776258214000
1776258216.293,216.293,0.04,267.6,0.03,78.2,0.05,128.94,0.06,135.0,0.95,142.39,0.94,140.0,0.96,279.64,0.97,78.2,0.01,0.01,2331.30776,1776258214000
1776258216.989,216.989,0.04,90.39,0.03,112.2,0.05,138.94,0.06,145.0,0.95,128.94,0.94,135.0,0.96,267.6,0.97,78.2,0.01,0.01,2331.380458,1776258215000
1776258217.267,217.267,0.04,173.75,0.03,78.2,0.05,138.94,0.06,145.0,0.95,138.94,0.94,145.0,0.96,180.75,0.97,78.2,0.01,0.01,2331.380458,1776258215000
1776258218.619,218.619,0.041,2.88,0.04,211.75,0.05,168.94,0.056,5.0,0.95,138.94,0.94,145.0,0.96,173.75,0.97,78.2,0.009,0.01,2331.393988,1776258216000
1776258221.305,221.305,0.04,15.64,0.03,31.0,0.05,318.94,0.06,220.0,0.95,163.94,0.946,5.0,0.96,208.36,0.961,5.0,0.01,0.01,2331.367116,1776258220000
1776258221.793,221.793,0.04,12.2,0.03,31.0,0.05,289.94,0.06,200.0,0.95,318.94,0.94,220.0,0.96,15.64,0.97,31.0,0.01,0.01,2331.367116,1776258220000
1776258222.339,222.339,0.04,6.99,0.03,26.0,0.05,242.44,0.06,200.0,0.95,289.94,0.94,200.0,0.96,12.2,0.97,31.0,0.01,0.01,2331.367116,1776258220000
1776258224.221,224.221,0.01,2158.23,0.002,200.0,0.02,283.0,0.03,160.0,0.96,171.0,0.95,232.44,0.99,2163.29,0.998,200.0,0.01,0.03,2331.011378,1776258223000
1776258225.481,225.481,0.01,2658.14,0.003,400.0,0.02,288.0,0.03,165.0,0.98,283.0,0.97,160.0,0.99,2158.23,0.998,200.0,0.01,0.01,2330.71401,1776258224000
1776258227.556,227.556,0.01,2864.09,0.003,400.0,0.02,181.0,0.025,5.0,0.98,288.0,0.97,165.0,0.99,2658.14,0.997,400.0,0.01,0.01,2330.582419,1776258226000
1776258228.551,228.551,0.01,1576.48,0.003,400.0,0.02,240.0,0.03,419.69,0.98,176.0,0.975,5.0,0.99,2856.09,0.997,400.0,0.01,0.01,2330.583357,1776258227000
1776258228.817,228.817,0.01,1564.48,0.003,400.0,0.019,139.0,0.02,199.0,0.981,139.0,0.98,204.0,0.99,1574.48,0.997,400.0,0.009,0.009,2330.583357,1776258227000
1776258229.297,229.297,0.01,1540.42,0.003,400.0,0.019,116.0,0.02,359.7,0.981,139.0,0.98,199.0,0.99,1545.48,0.997,400.0,0.009,0.009,2330.583357,1776258227000
1776258230.365,230.365,0.01,1535.36,0.003,400.0,0.019,116.0,0.02,176.0,0.981,116.0,0.98,359.7,0.99,1535.42,0.997,400.0,0.009,0.009,2330.488282,1776258229000
1776258231.68,231.68,0.01,1535.35,0.003,400.0,0.019,116.0,0.02,397.14,0.981,116.0,0.98,176.0,0.99,1535.36,0.997,400.0,0.009,0.009,2330.298474,1776258230000
1776258232.119,232.119,0.01,1519.84,0.003,400.0,0.019,116.0,0.02,442.67,0.981,116.0,0.98,397.14,0.99,1535.35,0.997,400.0,0.009,0.009,2330.298474,1776258230000
1776258232.348,232.348,0.01,1518.82,0.003,400.0,0.019,116.0,0.02,442.67,0.981,116.0,0.98,442.67,0.99,1519.84,0.997,400.0,0.009,0.009,2330.298474,1776258230000
1776258233.101,233.101,0.01,1513.76,0.003,400.0,0.019,116.0,0.02,417.67,0.981,116.0,0.98,442.67,0.99,1518.82,0.997,400.0,0.009,0.009,2330.185185,1776258232000
1776258233.487,233.487,0.01,1488.56,0.003,400.0,0.019,116.0,0.02,417.67,0.981,116.0,0.98,417.67,0.99,1508.76,0.997,400.0,0.009,0.009,2330.185185,1776258232000
1776258233.835,233.835,0.01,1483.49,0.003,400.0,0.019,116.0,0.02,431.67,0.981,116.0,0.98,417.67,0.99,1488.56,0.997,400.0,0.009,0.009,2330.185185,1776258232000
1776258234.817,234.817,0.01,1478.43,0.003,400.0,0.019,116.0,0.02,431.67,0.981,116.0,0.98,431.67,0.99,1483.49,0.997,400.0,0.009,0.009,2329.876408,1776258233000
1776258235.057,235.057,0.01,1468.33,0.003,400.0,0.019,116.0,0.02,431.67,0.981,116.0,0.98,431.67,0.99,1478.43,0.997,400.0,0.009,0.009,2329.876408,1776258233000
1776258235.895,235.895,0.01,1438.33,0.003,400.0,0.019,116.0,0.02,449.67,0.981,116.0,0.98,431.67,0.99,1468.33,0.997,400.0,0.009,0.009,2329.845032,1776258234000
1776258236.859,236.859,0.01,1312.31,0.003,400.0,0.019,111.0,0.02,449.67,0.981,111.0,0.98,449.67,0.99,1408.33,0.997,400.0,0.009,0.009,2329.838294,1776258235000
1776258237.534,237.534,0.01,1282.31,0.003,400.0,0.019,111.0,0.02,443.69,0.981,111.0,0.98,449.67,0.99,1312.31,0.997,400.0,0.009,0.009,2329.835919,1776258236000
1776258238.427,238.427,0.01,1247.31,0.009,5.0,0.019,106.0,0.02,469.69,0.981,111.0,0.98,443.69,0.99,1282.31,0.997,400.0,0.009,0.009,2329.838197,1776258237000
1776258238.657,238.657,0.01,247.31,0.009,5.0,0.019,106.0,0.02,469.69,0.981,106.0,0.98,469.69,0.99,1247.31,0.991,5.0,0.009,0.009,2329.838197,1776258237000
1776258239.057,239.057,0.01,505.31,0.009,5.0,0.019,106.0,0.02,469.69,0.981,106.0,0.98,469.69,0.99,247.31,0.991,5.0,0.009,0.009,2329.838197,1776258237000
1776258239.325,239.325,0.009,5.0,0.008,5.0,0.01,44.69,0.019,106.0,0.981,106.0,0.98,469.69,0.99,505.31,0.991,5.0,0.001,0.009,2329.83301,1776258238000
1776258239.945,239.945,0.009,3.99,0.008,5.0,0.01,355.69,0.019,6.0,0.99,44.69,0.981,106.0,0.991,5.0,0.992,5.0,0.001,0.001,2329.83301,1776258238000
1776258240.305,240.305,0.004,3.5,0.003,405.0,0.01,255.69,0.019,6.0,0.99,355.69,0.981,6.0,0.995,1.52,0.996,5.0,0.006,0.005,2329.83301,1776258238000
1776258241.175,241.175,0.003,394.98,0.002,800.0,0.009,5.0,0.01,754.99,0.99,255.69,0.981,6.0,0.996,3.5,0.997,405.0,0.006,0.006,2329.826334,1776258239000
1776258241.46,241.46,0.003,384.95,0.002,800.0,0.009,5.0,0.01,754.99,0.991,5.0,0.99,754.99,0.997,394.98,0.998,800.0,0.006,0.006,2329.87135,1776258240000
1776258241.667,241.667,0.003,383.34,0.002,800.0,0.009,5.0,0.01,754.99,0.991,5.0,0.99,754.99,0.997,384.95,0.998,800.0,0.006,0.006,2329.87135,1776258240000
1776258241.877,241.877,0.003,366.61,0.002,800.0,0.009,5.0,0.01,765.09,0.991,5.0,0.99,754.99,0.997,372.3,0.998,800.0,0.006,0.006,2329.87135,1776258240000
1776258242.508,242.508,0.003,366.61,0.002,800.0,0.01,669.59,0.011,5.0,0.991,5.0,0.99,765.09,0.997,366.61,0.998,800.0,0.007,0.006,2329.857553,1776258241000
1776258242.949,242.949,0.003,354.56,0.002,800.0,0.01,553.4,0.011,5.0,0.99,669.59,0.989,5.0,0.997,361.59,0.998,800.0,0.007,0.007,2329.857553,1776258241000
1776258243.475,243.475,0.003,354.56,0.002,800.0,0.01,379.32,0.011,5.0,0.99,381.04,0.989,5.0,0.997,354.56,0.998,800.0,0.007,0.007,2329.851393,1776258242000
1776258244.814,244.814,0.003,354.56,0.002,800.0,0.01,84.37,0.011,5.0,0.99,379.32,0.989,5.0,0.997,354.56,0.998,800.0,0.007,0.007,2329.905114,1776258243000
1776258245.664,245.664,0.003,354.56,0.002,800.0,0.009,0.01,0.01,75.43,0.99,84.37,0.989,5.0,0.997,354.56,0.998,800.0,0.006,0.007,2330.206827,1776258244000
1776258246.09,246.09,0.003,349.55,0.002,800.0,0.009,0.01,0.01,75.43,0.991,0.01,0.99,75.43,0.997,354.56,0.998,800.0,0.006,0.006,2330.15111,1776258245000
1776258254.797,254.797,0.002,189.38,0.001,895.0,0.009,5.01,0.01,1583.24,0.991,0.01,0.99,75.43,0.997,349.55,0.998,800.0,0.007,0.006,2329.900402,1776258253000
1776258257.74,257.74,0.002,189.38,0.001,895.0,0.009,55.19,0.01,1654.24,0.991,5.01,0.99,1583.24,0.998,189.38,0.999,895.0,0.007,0.007,2329.437315,1776258256000
1776258259.77,259.77,0.002,182.85,0.001,895.0,0.009,55.19,0.01,1754.24,0.991,55.19,0.99,1654.24,0.998,189.38,0.999,895.0,0.007,0.007,2329.524737,1776258258000
1776258266.377,266.377,0.002,181.84,0.001,620.0,0.008,10.61,0.009,55.19,0.991,55.19,0.99,1754.24,0.998,182.85,0.999,895.0,0.006,0.007,2329.526814,1776258265000
1776258267.169,267.169,0.002,180.83,0.001,620.0,0.008,210.61,0.009,55.19,0.992,10.61,0.991,55.19,0.998,181.84,0.999,620.0,0.006,0.006,2329.526814,1776258265000
1776258270.586,270.586,0.002,179.82,0.001,620.0,0.007,72.52,0.008,200.0,0.992,210.61,0.991,55.19,0.998,180.83,0.999,620.0,0.005,0.006,2329.54512,1776258269000
1776258273.908,273.908,,,,,0.001,1388.01,0.006,17.13,0.993,72.52,0.992,200.0,0.998,179.82,0.999,620.0,,0.005,2329.462615,1776258272000

# RESULT,winner=Down,slug=eth-updown-5m-1776258000,ticks=310
