timestamp,elapsed_sec,up_bid_p1,up_bid_s1,up_bid_p2,up_bid_s2,up_ask_p1,up_ask_s1,up_ask_p2,up_ask_s2,down_bid_p1,down_bid_s1,down_bid_p2,down_bid_s2,down_ask_p1,down_ask_s1,down_ask_p2,down_ask_s2,up_spread,down_spread,eth_price,eth_oracle_ts
1776187201.664,1.664,,,,,,,,,,,,,,,,,,,2341.759319,1776187200000
1776187202.228,2.228,0.53,7.32,0.52,18.0,0.55,10.0,0.6,70.0,0.46,12.52,0.45,5.0,0.47,2.32,0.48,5.0,0.02,0.01,2341.759319,1776187200000
1776187202.871,2.871,0.5,75.0,0.49,75.19,0.56,5.0,0.58,5.0,0.45,5.0,0.4,70.0,0.48,10.72,0.5,70.0,0.06,0.03,2341.738087,1776187201000
1776187203.814,3.814,0.5,66.9,0.49,80.19,0.51,10.0,0.52,10.0,0.44,5.0,0.42,5.0,0.5,71.9,0.51,75.19,0.01,0.06,2341.738087,1776187201000
1776187204.749,4.749,0.5,62.92,0.49,103.19,0.51,5.0,0.52,20.0,0.49,5.0,0.48,10.0,0.5,84.9,0.51,93.19,0.01,0.01,2341.74915,1776187202000
1776187204.959,4.959,0.5,46.45,0.49,103.19,0.51,5.0,0.52,20.0,0.49,5.0,0.48,20.0,0.5,46.45,0.51,103.19,0.01,0.01,2342.26535,1776187203000
1776187205.589,5.589,0.5,46.45,0.49,103.19,0.51,5.0,0.52,20.0,0.49,5.0,0.48,20.0,0.5,46.45,0.51,103.19,0.01,0.01,2342.26535,1776187203000
1776187206.419,6.419,0.5,41.45,0.49,103.19,0.51,5.0,0.52,20.0,0.49,5.0,0.48,20.0,0.5,41.45,0.51,103.19,0.01,0.01,2342.044743,1776187205000
1776187206.992,6.992,0.47,9.9,0.45,112.0,0.49,20.0,0.5,15.0,0.49,3.64,0.48,21.0,0.52,10.0,0.53,123.0,0.02,0.03,2342.044743,1776187205000
1776187207.362,7.362,0.44,55.0,0.43,97.0,0.45,10.0,0.46,10.0,0.54,10.0,0.53,10.0,0.56,80.0,0.57,75.0,0.01,0.02,2342.044743,1776187205000
1776187207.63,7.63,0.44,65.0,0.43,85.0,0.46,6.49,0.47,20.0,0.55,5.0,0.54,10.0,0.56,55.0,0.57,97.0,0.02,0.01,2342.044743,1776187205000
1776187207.948,7.948,0.44,60.08,0.43,80.0,0.45,15.0,0.46,6.49,0.54,6.49,0.53,20.0,0.56,65.0,0.57,85.0,0.01,0.02,2341.948343,1776187206000
1776187208.388,8.388,0.44,60.08,0.43,80.0,0.45,15.0,0.46,6.49,0.55,15.0,0.54,6.49,0.56,60.08,0.57,80.0,0.01,0.01,2341.693878,1776187207000
1776187208.804,8.804,0.44,65.08,0.43,88.0,0.45,9.34,0.46,6.49,0.55,15.0,0.54,6.49,0.56,60.08,0.57,80.0,0.01,0.01,2341.693878,1776187207000
1776187209.042,9.042,0.44,65.08,0.43,88.0,0.45,9.34,0.46,6.49,0.55,9.34,0.54,6.49,0.56,65.08,0.57,88.0,0.01,0.01,2341.661937,1776187208000
1776187209.297,9.297,0.44,45.08,0.43,88.0,0.45,109.34,0.46,116.49,0.55,9.34,0.54,6.49,0.56,65.08,0.57,88.0,0.01,0.01,2341.661937,1776187208000
1776187209.588,9.588,0.44,37.81,0.43,88.0,0.45,154.34,0.46,131.49,0.55,109.34,0.54,116.49,0.56,45.08,0.57,88.0,0.01,0.01,2341.661937,1776187208000
1776187210.307,10.307,0.44,37.81,0.43,88.0,0.45,141.29,0.46,131.49,0.55,141.29,0.54,131.49,0.56,37.81,0.57,88.0,0.01,0.01,2341.447816,1776187209000
1776187210.703,10.703,0.48,5.0,0.47,25.0,0.49,16.2,0.5,25.0,0.53,10.0,0.52,20.0,0.55,14.0,0.56,112.81,0.01,0.02,2341.447816,1776187209000
1776187211.029,11.029,0.48,15.0,0.47,15.0,0.51,20.23,0.52,43.0,0.51,16.2,0.5,25.0,0.52,5.0,0.53,25.0,0.03,0.01,2341.447816,1776187209000
1776187211.719,11.719,0.48,20.0,0.47,15.0,0.49,7.93,0.5,10.0,0.51,7.93,0.5,10.0,0.52,20.0,0.53,15.0,0.01,0.01,2341.380545,1776187210000
1776187212.408,12.408,0.48,20.0,0.47,15.0,0.49,7.93,0.5,10.0,0.51,7.93,0.5,10.0,0.52,20.0,0.53,15.0,0.01,0.01,2341.408883,1776187211000
1776187212.709,12.709,0.5,30.0,0.49,192.0,0.52,20.0,0.53,10.0,0.51,7.93,0.5,10.0,0.52,20.0,0.53,15.0,0.02,0.01,2341.408883,1776187211000
1776187213.087,13.087,0.5,30.0,0.49,192.0,0.52,20.0,0.53,10.0,0.48,20.0,0.47,10.0,0.5,30.0,0.51,192.0,0.02,0.02,2341.593485,1776187212000
1776187213.607,13.607,0.51,20.0,0.5,40.0,0.52,25.0,0.53,10.0,0.48,20.0,0.47,10.0,0.5,30.0,0.51,192.0,0.01,0.02,2341.593485,1776187212000
1776187213.973,13.973,0.5,10.0,0.49,20.0,0.52,76.72,0.53,18.0,0.48,25.0,0.47,10.0,0.49,20.0,0.5,40.0,0.02,0.01,2341.593485,1776187212000
1776187214.683,14.683,0.5,3.75,0.49,20.0,0.52,76.72,0.53,18.0,0.48,76.72,0.47,18.0,0.5,3.75,0.51,20.0,0.02,0.02,2341.663863,1776187213000
1776187215.142,15.142,0.51,5.0,0.5,3.75,0.52,183.72,0.53,153.0,0.48,76.72,0.47,18.0,0.5,3.75,0.51,20.0,0.01,0.02,2341.663863,1776187213000
1776187215.351,15.351,0.51,5.0,0.5,3.75,0.52,183.72,0.53,153.0,0.48,183.72,0.47,153.0,0.49,5.0,0.5,3.75,0.01,0.01,2341.7483,1776187214000
1776187215.579,15.579,0.5,1.51,0.49,25.0,0.52,34.79,0.53,28.0,0.48,34.79,0.47,28.0,0.49,5.0,0.5,3.75,0.02,0.01,2341.7483,1776187214000
1776187216.112,16.112,0.5,1.51,0.49,25.0,0.52,34.79,0.53,28.0,0.48,34.79,0.47,28.0,0.5,1.51,0.51,25.0,0.02,0.02,2341.707465,1776187215000
1776187216.844,16.844,0.48,67.87,0.47,78.0,0.51,122.0,0.52,84.79,0.48,34.79,0.47,28.0,0.5,1.51,0.51,25.0,0.03,0.02,2341.707465,1776187215000
1776187217.327,17.327,0.49,27.0,0.48,282.87,0.51,5.0,0.53,16.0,0.49,122.0,0.48,84.79,0.52,67.87,0.53,78.0,0.02,0.03,2341.707465,1776187215000
1776187217.727,17.727,0.5,25.0,0.49,32.0,0.53,11.0,0.54,5.0,0.47,11.0,0.46,5.0,0.5,25.0,0.51,32.0,0.03,0.03,2341.600639,1776187216000
1776187218.265,18.265,0.51,5.0,0.5,5.0,0.54,100.8,0.55,120.0,0.46,9.09,0.45,50.0,0.48,4.68,0.49,15.0,0.03,0.02,2341.600639,1776187216000
1776187218.531,18.531,0.49,24.43,0.48,32.0,0.51,20.0,0.52,10.0,0.49,20.0,0.48,10.0,0.51,24.43,0.52,32.0,0.02,0.02,2341.610191,1776187217000
1776187219.251,19.251,0.49,24.43,0.48,32.0,0.51,20.0,0.52,10.0,0.49,20.0,0.48,10.0,0.51,24.43,0.52,32.0,0.02,0.02,2341.761349,1776187218000
1776187219.765,19.765,0.47,10.0,0.46,112.0,0.48,5.0,0.49,150.0,0.5,10.0,0.49,20.0,0.52,20.0,0.53,35.0,0.01,0.02,2341.761349,1776187218000
1776187220.388,20.388,0.47,0.32,0.46,95.0,0.48,45.0,0.49,155.0,0.51,145.0,0.5,155.0,0.53,10.0,0.54,100.0,0.01,0.02,2341.761349,1776187218000
1776187220.684,20.684,0.47,0.32,0.46,95.0,0.48,24.79,0.49,130.0,0.52,45.0,0.51,155.0,0.53,0.32,0.54,95.0,0.01,0.01,2341.761349,1776187218000
1776187221.127,21.127,0.47,0.41,0.46,95.0,0.48,24.79,0.49,130.0,0.52,24.79,0.51,130.0,0.53,0.32,0.54,95.0,0.01,0.01,2341.761349,1776187218000
1776187221.493,21.493,0.47,0.41,0.46,95.0,0.48,24.79,0.49,130.0,0.52,24.79,0.51,130.0,0.53,0.41,0.54,95.0,0.01,0.01,2341.414152,1776187220000
1776187221.96,21.96,0.47,12.39,0.46,95.0,0.48,74.79,0.49,185.0,0.52,24.79,0.51,130.0,0.53,0.41,0.54,95.0,0.01,0.01,2341.414152,1776187220000
1776187222.334,22.334,0.47,7.39,0.46,95.0,0.48,114.79,0.49,190.0,0.52,74.79,0.51,185.0,0.53,12.39,0.54,95.0,0.01,0.01,2341.334461,1776187221000
1776187223.008,23.008,0.47,7.39,0.46,95.0,0.48,114.79,0.49,190.0,0.52,114.79,0.51,190.0,0.53,7.39,0.54,95.0,0.01,0.01,2341.342277,1776187222000
1776187224.14,24.14,0.47,7.39,0.46,95.0,0.48,114.79,0.49,190.0,0.52,114.79,0.51,190.0,0.53,7.39,0.54,95.0,0.01,0.01,2341.341222,1776187223000
1776187225.068,25.068,0.44,65.19,0.43,187.0,0.45,20.0,0.46,120.0,0.52,114.79,0.51,190.0,0.53,7.39,0.54,95.0,0.01,0.01,2341.341222,1776187223000
1776187225.444,25.444,0.43,144.0,0.42,277.0,0.45,30.0,0.46,35.0,0.55,20.0,0.54,120.0,0.56,65.19,0.57,187.0,0.02,0.01,2341.217853,1776187224000
1776187226.274,26.274,0.43,144.0,0.42,277.0,0.45,30.0,0.46,35.0,0.55,30.0,0.54,35.0,0.57,144.0,0.58,277.0,0.02,0.02,2341.292371,1776187225000
1776187227.045,27.045,0.44,55.26,0.43,151.0,0.45,35.0,0.46,75.0,0.55,30.0,0.54,35.0,0.57,144.0,0.58,277.0,0.01,0.02,2341.292371,1776187225000
1776187227.378,27.378,0.44,55.26,0.43,151.0,0.45,35.0,0.46,75.0,0.55,35.0,0.54,75.0,0.56,55.26,0.57,151.0,0.01,0.01,2341.346971,1776187226000
1776187228.333,28.333,0.44,87.0,0.43,134.0,0.45,3.33,0.46,20.0,0.55,3.33,0.54,20.0,0.56,87.0,0.57,134.0,0.01,0.01,2341.329862,1776187227000
1776187228.628,28.628,0.44,62.0,0.43,129.0,0.45,23.33,0.46,70.0,0.55,3.33,0.54,20.0,0.56,87.0,0.57,134.0,0.01,0.01,2341.329862,1776187227000
1776187228.943,28.943,0.44,62.0,0.43,129.0,0.45,23.33,0.46,70.0,0.55,23.33,0.54,70.0,0.56,62.0,0.57,129.0,0.01,0.01,2341.330114,1776187228000
1776187229.879,29.879,0.44,62.0,0.43,129.0,0.45,23.33,0.46,70.0,0.55,23.33,0.54,70.0,0.56,62.0,0.57,129.0,0.01,0.01,2341.330314,1776187229000
1776187230.565,30.565,0.43,146.08,0.42,275.0,0.44,15.0,0.45,23.33,0.55,23.33,0.54,70.0,0.56,62.0,0.57,129.0,0.01,0.01,2341.330314,1776187229000
1776187230.875,30.875,0.43,146.08,0.42,275.0,0.44,15.0,0.45,23.33,0.56,15.0,0.55,23.33,0.57,146.08,0.58,275.0,0.01,0.01,2341.326309,1776187230000
1776187231.857,31.857,0.43,136.08,0.42,270.0,0.44,19.88,0.45,73.33,0.56,19.88,0.55,73.33,0.57,136.08,0.58,270.0,0.01,0.01,2341.32569,1776187231000
1776187232.16,32.16,0.43,136.08,0.42,265.0,0.44,8.74,0.45,73.33,0.56,19.88,0.55,73.33,0.57,136.08,0.58,270.0,0.01,0.01,2341.32569,1776187231000
1776187232.704,32.704,0.43,136.16,0.42,260.0,0.44,6.46,0.45,73.33,0.56,6.46,0.55,73.33,0.57,136.08,0.58,265.0,0.01,0.01,2341.32569,1776187231000
1776187233.385,33.385,0.43,97.0,0.42,260.0,0.46,43.11,0.47,81.72,0.56,6.46,0.55,73.33,0.57,136.16,0.58,260.0,0.03,0.01,2341.225951,1776187232000
1776187233.939,33.939,0.43,97.0,0.42,260.0,0.46,43.11,0.47,81.72,0.54,43.11,0.53,81.72,0.57,97.0,0.58,260.0,0.03,0.03,2341.218248,1776187233000
1776187235.54,35.54,0.43,97.0,0.42,260.0,0.46,43.11,0.47,81.72,0.54,43.11,0.53,81.72,0.57,97.0,0.58,260.0,0.03,0.03,2341.261435,1776187234000
1776187236.044,36.044,0.43,97.0,0.42,260.0,0.46,43.11,0.47,81.72,0.54,43.11,0.53,81.72,0.57,97.0,0.58,260.0,0.03,0.03,2341.261435,1776187235000
1776187236.531,36.531,0.48,70.07,0.47,22.0,0.49,40.0,0.5,10.0,0.53,4.89,0.51,25.0,0.54,176.72,0.55,129.0,0.01,0.01,2341.261435,1776187235000
1776187236.89,36.89,0.48,155.07,0.47,15.0,0.51,55.0,0.52,72.0,0.51,40.0,0.5,10.0,0.52,70.07,0.53,22.0,0.03,0.01,2341.261435,1776187235000
1776187237.161,37.161,0.48,155.07,0.47,15.0,0.51,55.0,0.52,72.0,0.49,55.0,0.48,72.0,0.52,155.07,0.53,15.0,0.03,0.03,2341.263013,1776187236000
1776187238.354,38.354,0.48,155.07,0.47,15.0,0.51,55.0,0.52,72.0,0.49,55.0,0.48,72.0,0.52,155.07,0.53,15.0,0.03,0.03,2341.626587,1776187237000
1776187239.25,39.25,0.49,60.0,0.48,143.0,0.51,90.0,0.52,110.0,0.49,55.0,0.48,72.0,0.52,155.07,0.53,15.0,0.02,0.03,2341.626587,1776187237000
1776187240.064,40.064,0.49,60.0,0.48,143.0,0.51,90.0,0.52,110.0,0.49,90.0,0.48,110.0,0.51,60.0,0.52,143.0,0.02,0.02,2341.84637,1776187239000
1776187241.142,41.142,0.49,83.0,0.48,164.0,0.5,25.0,0.51,85.0,0.5,25.0,0.49,85.0,0.51,83.0,0.52,164.0,0.01,0.01,2341.7855,1776187240000
1776187242.261,42.261,0.49,83.0,0.48,164.0,0.5,25.0,0.51,85.0,0.5,25.0,0.49,85.0,0.51,83.0,0.52,164.0,0.01,0.01,2341.755175,1776187241000
1776187243.458,43.458,0.49,83.0,0.48,164.0,0.5,25.0,0.51,85.0,0.5,25.0,0.49,85.0,0.51,83.0,0.52,164.0,0.01,0.01,2341.759463,1776187242000
1776187243.963,43.963,0.49,83.0,0.48,164.0,0.5,25.0,0.51,85.0,0.5,25.0,0.49,85.0,0.51,83.0,0.52,164.0,0.01,0.01,2341.721925,1776187243000
1776187245.099,45.099,0.46,58.52,0.45,93.0,0.47,62.0,0.48,75.0,0.53,62.0,0.52,75.0,0.54,58.52,0.55,93.0,0.01,0.01,2341.609289,1776187244000
1776187246.262,46.262,0.46,58.52,0.45,93.0,0.47,62.0,0.48,75.0,0.53,62.0,0.52,75.0,0.54,58.52,0.55,93.0,0.01,0.01,2341.573768,1776187245000
1776187247.279,47.279,0.46,58.52,0.45,93.0,0.47,62.0,0.48,75.0,0.53,62.0,0.52,75.0,0.54,58.52,0.55,93.0,0.01,0.01,2341.569684,1776187246000
1776187248.35,48.35,0.47,57.0,0.46,173.0,0.48,55.0,0.49,65.0,0.52,55.0,0.51,65.0,0.53,57.0,0.54,173.0,0.01,0.01,2341.549831,1776187247000
1776187248.95,48.95,0.41,122.0,0.4,195.0,0.43,15.0,0.44,10.0,0.52,55.0,0.51,65.0,0.53,57.0,0.54,173.0,0.02,0.01,2341.549831,1776187247000
1776187249.237,49.237,0.47,10.0,0.46,90.0,0.49,150.0,0.5,155.0,0.57,15.0,0.56,10.0,0.59,122.0,0.6,195.0,0.02,0.02,2341.549831,1776187247000
1776187249.819,49.819,0.49,13.03,0.48,95.0,0.5,5.0,0.51,120.0,0.51,150.0,0.5,155.0,0.53,10.0,0.54,90.0,0.01,0.02,2341.600131,1776187248000
1776187250.295,50.295,0.49,85.0,0.48,156.0,0.5,12.0,0.51,130.0,0.5,5.0,0.49,120.0,0.51,13.03,0.52,95.0,0.01,0.01,2341.600131,1776187248000
1776187251.31,51.31,0.49,85.0,0.48,156.0,0.5,7.0,0.51,130.0,0.5,7.0,0.49,130.0,0.51,85.0,0.52,156.0,0.01,0.01,2341.349299,1776187250000
1776187251.63,51.63,0.49,79.11,0.48,206.0,0.5,75.0,0.51,130.0,0.5,7.0,0.49,130.0,0.51,85.0,0.52,156.0,0.01,0.01,2341.349299,1776187250000
1776187252.306,52.306,0.49,79.11,0.48,206.0,0.5,75.0,0.51,130.0,0.5,75.0,0.49,130.0,0.51,79.11,0.52,206.0,0.01,0.01,2341.59078,1776187251000
1776187253.289,53.289,0.49,79.11,0.48,206.0,0.5,75.0,0.51,130.0,0.5,75.0,0.49,130.0,0.51,79.11,0.52,206.0,0.01,0.01,2341.593466,1776187252000
1776187254.333,54.333,0.48,100.0,0.47,122.0,0.5,110.0,0.51,125.0,0.5,110.0,0.49,125.0,0.52,100.0,0.53,122.0,0.02,0.02,2341.608239,1776187253000
1776187255.354,55.354,0.48,100.0,0.47,122.0,0.5,110.0,0.51,125.0,0.5,110.0,0.49,125.0,0.52,100.0,0.53,122.0,0.02,0.02,2341.59999,1776187254000
1776187256.321,56.321,0.48,100.0,0.47,122.0,0.5,110.0,0.51,125.0,0.5,110.0,0.49,125.0,0.52,100.0,0.53,122.0,0.02,0.02,2341.52514,1776187255000
1776187256.825,56.825,0.45,78.12,0.44,235.0,0.46,80.0,0.47,90.0,0.54,80.0,0.53,90.0,0.55,78.12,0.56,235.0,0.01,0.01,2341.442856,1776187256000
1776187257.545,57.545,0.48,13.25,0.47,25.0,0.5,15.0,0.51,25.0,0.54,80.0,0.53,90.0,0.55,78.12,0.56,235.0,0.02,0.01,2341.442856,1776187256000
1776187257.837,57.837,0.48,13.25,0.47,25.0,0.5,15.0,0.51,25.0,0.5,15.0,0.49,25.0,0.52,13.25,0.53,25.0,0.02,0.02,2341.407234,1776187257000
1776187258.081,58.081,0.48,5.0,0.47,120.0,0.49,10.0,0.5,25.0,0.5,15.0,0.49,25.0,0.52,13.25,0.53,25.0,0.01,0.02,2341.407234,1776187257000
1776187258.886,58.886,0.48,5.0,0.47,120.0,0.5,20.0,0.51,20.0,0.5,20.0,0.49,20.0,0.52,5.0,0.53,120.0,0.02,0.02,2341.473673,1776187258000
1776187259.247,59.247,0.48,10.4,0.44,110.0,0.49,169.0,0.5,120.0,0.5,20.0,0.49,20.0,0.52,5.0,0.53,120.0,0.01,0.02,2341.473673,1776187258000
1776187259.451,59.451,0.48,2.51,0.44,10.0,0.49,184.0,0.5,115.0,0.51,169.0,0.5,120.0,0.52,10.4,0.56,110.0,0.01,0.01,2341.473673,1776187258000
1776187259.909,59.909,0.44,10.0,0.43,145.0,0.47,7.49,0.49,184.0,0.53,7.49,0.51,184.0,0.56,10.0,0.57,145.0,0.03,0.03,2341.66656,1776187259000
1776187260.928,60.928,0.44,10.0,0.43,145.0,0.47,7.49,0.49,184.0,0.53,7.49,0.51,184.0,0.56,10.0,0.57,145.0,0.03,0.03,2341.4716,1776187260000
1776187261.249,61.249,0.43,10.0,0.42,50.0,0.44,165.72,0.45,145.0,0.53,7.49,0.51,184.0,0.56,10.0,0.57,145.0,0.01,0.03,2341.4716,1776187260000
1776187262.032,62.032,0.42,20.0,0.41,200.0,0.43,156.0,0.44,126.72,0.56,165.72,0.55,145.0,0.57,10.0,0.58,50.0,0.01,0.01,2341.4716,1776187260000
1776187262.487,62.487,0.42,10.74,0.41,200.0,0.43,161.0,0.44,121.72,0.57,161.0,0.56,121.72,0.58,10.74,0.59,200.0,0.01,0.01,2341.081621,1776187261000
1776187262.974,62.974,0.42,20.74,0.41,200.0,0.43,106.89,0.44,126.72,0.57,106.89,0.56,126.72,0.58,20.74,0.59,200.0,0.01,0.01,2340.991992,1776187262000
1776187263.177,63.177,0.43,132.0,0.42,199.74,0.44,50.0,0.45,65.0,0.57,106.89,0.56,126.72,0.58,20.74,0.59,200.0,0.01,0.01,2340.991992,1776187262000
1776187263.49,63.49,0.43,142.91,0.42,204.74,0.44,20.0,0.45,70.0,0.56,50.0,0.55,65.0,0.57,132.0,0.58,199.74,0.01,0.01,2340.991992,1776187262000
1776187263.713,63.713,0.43,137.91,0.42,144.74,0.44,75.9,0.45,70.0,0.56,20.0,0.55,70.0,0.57,142.91,0.58,204.74,0.01,0.01,2340.991992,1776187262000
1776187264.022,64.022,0.43,137.91,0.42,144.74,0.44,75.9,0.45,70.0,0.56,75.9,0.55,70.0,0.57,137.91,0.58,144.74,0.01,0.01,2341.002376,1776187263000
1776187264.31,64.31,0.41,100.0,0.4,217.0,0.42,9.26,0.43,122.0,0.56,75.9,0.55,70.0,0.57,137.91,0.58,144.74,0.01,0.01,2341.002376,1776187263000
1776187264.55,64.55,0.41,43.0,0.4,177.0,0.42,24.26,0.43,80.0,0.58,9.26,0.57,122.0,0.59,100.0,0.6,217.0,0.01,0.01,2341.002376,1776187263000
1776187264.984,64.984,0.41,43.0,0.4,177.0,0.42,24.26,0.43,80.0,0.58,24.26,0.57,80.0,0.59,43.0,0.6,177.0,0.01,0.01,2341.077953,1776187264000
1776187265.356,65.356,0.41,76.11,0.4,272.0,0.42,94.26,0.43,115.68,0.58,24.26,0.57,80.0,0.59,43.0,0.6,177.0,0.01,0.01,2341.077953,1776187264000
1776187265.977,65.977,0.41,76.11,0.4,272.0,0.42,94.26,0.43,115.68,0.58,94.26,0.57,115.68,0.59,76.11,0.6,272.0,0.01,0.01,2341.09277,1776187265000
1776187266.68,66.68,0.42,5.0,0.41,156.77,0.44,10.0,0.46,55.0,0.58,34.26,0.57,70.0,0.59,98.77,0.6,317.0,0.02,0.01,2341.09277,1776187265000
1776187266.951,66.951,0.44,22.64,0.43,20.0,0.45,10.0,0.46,80.0,0.55,5.0,0.54,75.0,0.57,3.0,0.58,22.0,0.01,0.02,2341.09277,1776187265000
1776187267.966,67.966,0.44,17.64,0.43,20.0,0.45,50.0,0.46,83.63,0.55,50.0,0.54,83.63,0.56,17.64,0.57,20.0,0.01,0.01,2340.994141,1776187267000
1776187268.418,68.418,0.44,196.1,0.43,90.0,0.46,10.0,0.47,20.0,0.55,70.19,0.54,88.63,0.56,47.0,0.57,77.0,0.02,0.01,2340.994141,1776187267000
1776187268.702,68.702,0.46,14.8,0.45,42.0,0.47,20.0,0.48,80.0,0.53,10.0,0.52,65.0,0.54,15.0,0.55,32.0,0.01,0.01,2340.994141,1776187267000
1776187269.035,69.035,0.46,14.8,0.45,42.0,0.47,20.0,0.48,80.0,0.53,20.0,0.52,80.0,0.54,14.8,0.55,42.0,0.01,0.01,2341.179218,1776187268000
1776187270.037,70.037,0.46,44.9,0.45,29.0,0.47,95.0,0.48,85.0,0.53,95.0,0.52,85.0,0.54,44.9,0.55,29.0,0.01,0.01,2341.219598,1776187269000
1776187270.918,70.918,0.46,44.9,0.45,29.0,0.47,95.0,0.48,85.0,0.53,95.0,0.52,85.0,0.54,44.9,0.55,29.0,0.01,0.01,2341.369595,1776187270000
1776187271.854,71.854,0.46,44.9,0.45,29.0,0.47,95.0,0.48,85.0,0.53,95.0,0.52,85.0,0.54,44.9,0.55,29.0,0.01,0.01,2341.313027,1776187271000
1776187272.92,72.92,0.46,29.9,0.45,24.0,0.47,90.0,0.48,100.0,0.53,90.0,0.52,100.0,0.54,29.9,0.55,24.0,0.01,0.01,2341.295564,1776187272000
1776187273.547,73.547,0.46,27.0,0.45,57.0,0.47,85.0,0.48,115.0,0.53,90.0,0.52,100.0,0.54,29.9,0.55,24.0,0.01,0.01,2341.295564,1776187272000
1776187273.879,73.879,0.46,27.0,0.45,57.0,0.47,85.0,0.48,115.0,0.53,85.0,0.52,115.0,0.54,27.0,0.55,57.0,0.01,0.01,2341.27574,1776187273000
1776187275.678,75.678,0.46,27.0,0.45,57.0,0.47,85.0,0.48,115.0,0.53,85.0,0.52,115.0,0.54,27.0,0.55,57.0,0.01,0.01,2341.283971,1776187274000
1776187276.325,76.325,0.46,27.0,0.45,57.0,0.47,85.0,0.48,115.0,0.53,85.0,0.52,115.0,0.54,27.0,0.55,57.0,0.01,0.01,2341.308345,1776187275000
1776187276.736,76.736,0.46,152.0,0.45,89.0,0.48,85.0,0.49,95.0,0.53,17.87,0.52,100.0,0.54,57.0,0.55,79.0,0.02,0.01,2341.308345,1776187275000
1776187277.266,77.266,0.46,152.0,0.45,89.0,0.48,85.0,0.49,95.0,0.52,85.0,0.51,95.0,0.54,152.0,0.55,89.0,0.02,0.02,2341.313529,1776187276000
1776187278.703,78.703,0.46,152.0,0.45,89.0,0.48,85.0,0.49,95.0,0.52,85.0,0.51,95.0,0.54,152.0,0.55,89.0,0.02,0.02,2341.336978,1776187277000
1776187279.59,79.59,0.46,152.0,0.45,89.0,0.48,85.0,0.49,95.0,0.52,85.0,0.51,95.0,0.54,152.0,0.55,89.0,0.02,0.02,2341.388227,1776187278000
1776187280.074,80.074,0.48,288.0,0.47,143.0,0.5,45.0,0.51,50.0,0.52,85.0,0.51,95.0,0.54,152.0,0.55,89.0,0.02,0.02,2341.388227,1776187278000
1776187280.383,80.383,0.49,38.0,0.48,133.0,0.5,10.66,0.51,50.0,0.5,45.0,0.49,50.0,0.52,288.0,0.53,143.0,0.01,0.02,2341.551983,1776187279000
1776187280.607,80.607,0.5,17.0,0.49,82.0,0.51,18.03,0.52,100.0,0.49,40.0,0.48,100.0,0.51,88.0,0.52,147.0,0.01,0.02,2341.551983,1776187279000
1776187281.553,81.553,0.5,17.0,0.49,82.0,0.51,18.03,0.52,100.0,0.49,18.03,0.48,100.0,0.5,17.0,0.51,82.0,0.01,0.01,2341.59343,1776187280000
1776187282.095,82.095,0.51,156.0,0.5,193.0,0.53,30.0,0.54,150.0,0.48,100.0,0.47,50.0,0.5,211.0,0.51,198.0,0.02,0.02,2341.59343,1776187280000
1776187282.32,82.32,0.51,156.0,0.5,193.0,0.53,30.0,0.54,150.0,0.47,30.0,0.46,150.0,0.49,156.0,0.5,193.0,0.02,0.02,2341.75658,1776187281000
1776187282.641,82.641,0.53,209.0,0.52,188.0,0.54,55.0,0.55,60.0,0.47,30.0,0.46,150.0,0.49,156.0,0.5,193.0,0.01,0.02,2341.75658,1776187281000
1776187283.217,83.217,0.53,257.0,0.52,198.0,0.54,51.29,0.55,60.0,0.46,55.0,0.45,60.0,0.47,209.0,0.48,188.0,0.01,0.01,2341.75658,1776187281000
1776187284.006,84.006,0.53,257.0,0.52,198.0,0.54,51.29,0.55,60.0,0.46,51.29,0.45,60.0,0.47,257.0,0.48,198.0,0.01,0.01,2341.903352,1776187282000
1776187284.293,84.293,0.53,334.37,0.52,293.4,0.54,11.29,0.55,60.0,0.46,51.29,0.45,60.0,0.47,257.0,0.48,198.0,0.01,0.01,2341.903352,1776187282000
1776187284.693,84.693,0.53,181.37,0.52,302.4,0.54,6.71,0.55,60.0,0.46,6.71,0.45,60.0,0.47,181.37,0.48,302.4,0.01,0.01,2342.11579,1776187283000
1776187285.59,85.59,0.53,340.87,0.52,303.4,0.55,25.0,0.56,75.0,0.45,25.0,0.44,75.0,0.47,340.87,0.48,303.4,0.02,0.02,2342.21624,1776187284000
1776187286.347,86.347,0.53,340.87,0.52,303.4,0.55,25.0,0.56,75.0,0.45,25.0,0.44,75.0,0.47,340.87,0.48,303.4,0.02,0.02,2342.205405,1776187285000
1776187287.19,87.19,0.53,340.87,0.52,303.4,0.55,25.0,0.56,75.0,0.45,25.0,0.44,75.0,0.47,340.87,0.48,303.4,0.02,0.02,2342.224785,1776187286000
1776187288.667,88.667,0.53,340.87,0.52,303.4,0.55,25.0,0.56,75.0,0.45,25.0,0.44,75.0,0.47,340.87,0.48,303.4,0.02,0.02,2342.263702,1776187287000
1776187289.344,89.344,0.53,340.87,0.52,303.4,0.55,25.0,0.56,75.0,0.45,25.0,0.44,75.0,0.47,340.87,0.48,303.4,0.02,0.02,2342.275445,1776187288000
1776187289.544,89.544,0.54,353.5,0.53,117.87,0.56,3.04,0.57,70.0,0.45,25.0,0.44,75.0,0.47,340.87,0.48,303.4,0.02,0.02,2342.275445,1776187288000
1776187290.179,90.179,0.54,353.5,0.53,117.87,0.56,3.04,0.57,70.0,0.44,3.04,0.43,70.0,0.46,353.5,0.47,117.87,0.02,0.02,2342.275542,1776187289000
1776187290.921,90.921,0.57,10.0,0.56,10.0,0.58,76.0,0.59,50.0,0.44,3.04,0.43,70.0,0.46,353.5,0.47,117.87,0.01,0.02,2342.275542,1776187289000
1776187291.258,91.258,0.55,27.0,0.54,10.0,0.57,15.0,0.58,76.0,0.42,66.0,0.41,60.0,0.44,10.0,0.45,22.0,0.02,0.02,2342.275542,1776187289000
1776187291.47,91.47,0.55,27.0,0.54,10.0,0.57,20.0,0.58,76.0,0.43,15.0,0.42,76.0,0.45,17.0,0.46,10.0,0.02,0.02,2342.275542,1776187289000
1776187291.782,91.782,0.55,3.44,0.54,72.0,0.56,20.0,0.57,5.0,0.43,15.0,0.42,76.0,0.45,20.44,0.46,10.0,0.01,0.02,2342.279067,1776187290000
1776187292.351,92.351,0.55,3.44,0.54,72.0,0.56,20.0,0.57,5.0,0.44,20.0,0.43,5.0,0.45,3.44,0.46,72.0,0.01,0.01,2342.345567,1776187291000
1776187293.122,93.122,0.55,3.44,0.54,72.0,0.56,20.0,0.57,5.0,0.44,20.0,0.43,5.0,0.45,3.44,0.46,72.0,0.01,0.01,2342.278082,1776187292000
1776187294.923,94.923,0.55,3.44,0.54,72.0,0.56,20.0,0.57,5.0,0.44,20.0,0.43,5.0,0.45,3.44,0.46,72.0,0.01,0.01,2342.196513,1776187293000
1776187295.705,95.705,0.55,3.44,0.54,72.0,0.56,20.0,0.57,5.0,0.44,20.0,0.43,5.0,0.45,3.44,0.46,72.0,0.01,0.01,2342.20923,1776187294000
1776187295.987,95.987,0.54,60.0,0.53,20.0,0.56,25.0,0.57,131.0,0.43,105.0,0.42,85.0,0.44,8.15,0.45,17.0,0.02,0.01,2342.20923,1776187294000
1776187296.201,96.201,0.54,10.0,0.53,32.0,0.55,9.51,0.56,45.0,0.44,25.0,0.43,131.0,0.46,60.0,0.47,20.0,0.01,0.02,2342.20923,1776187294000
1776187296.932,96.932,0.56,258.0,0.55,137.0,0.59,70.0,0.6,80.0,0.43,3.61,0.42,15.0,0.45,66.0,0.46,221.0,0.03,0.02,2342.20403,1776187295000
1776187298.295,98.295,0.56,258.0,0.55,137.0,0.59,70.0,0.6,80.0,0.41,70.0,0.4,80.0,0.44,258.0,0.45,137.0,0.03,0.03,2342.143461,1776187297000
1776187298.68,98.68,0.58,182.0,0.57,89.0,0.6,5.0,0.61,25.0,0.41,70.0,0.4,80.0,0.44,258.0,0.45,137.0,0.02,0.03,2342.143461,1776187297000
1776187299.581,99.581,0.58,182.0,0.57,89.0,0.6,5.0,0.61,25.0,0.4,5.0,0.39,25.0,0.42,182.0,0.43,89.0,0.02,0.02,2342.355678,1776187298000
1776187300.061,100.061,0.6,85.0,0.59,71.0,0.61,85.0,0.62,151.0,0.4,5.0,0.39,25.0,0.42,182.0,0.43,89.0,0.01,0.02,2342.355678,1776187298000
1776187300.634,100.634,0.58,10.0,0.57,65.0,0.6,25.0,0.61,101.0,0.39,85.0,0.38,151.0,0.41,65.0,0.42,71.0,0.02,0.02,2342.453558,1776187299000
1776187301.3,101.3,0.58,67.0,0.57,70.0,0.59,17.98,0.6,80.0,0.4,25.0,0.39,101.0,0.42,10.0,0.43,65.0,0.01,0.02,2342.453558,1776187299000
1776187302.069,102.069,0.58,67.0,0.57,70.0,0.59,17.98,0.6,80.0,0.41,17.98,0.4,80.0,0.42,67.0,0.43,70.0,0.01,0.01,2342.451566,1776187301000
1776187303.409,103.409,0.58,67.0,0.57,70.0,0.59,17.98,0.6,80.0,0.41,17.98,0.4,80.0,0.42,67.0,0.43,70.0,0.01,0.01,2342.407235,1776187302000
1776187304.019,104.019,0.58,67.0,0.57,70.0,0.59,17.98,0.6,80.0,0.41,17.98,0.4,80.0,0.42,67.0,0.43,70.0,0.01,0.01,2342.417649,1776187303000
1776187305.461,105.461,0.58,67.0,0.57,70.0,0.59,17.98,0.6,80.0,0.41,17.98,0.4,80.0,0.42,67.0,0.43,70.0,0.01,0.01,2342.432793,1776187304000
1776187306.684,106.684,0.58,67.0,0.57,70.0,0.59,17.98,0.6,80.0,0.41,17.98,0.4,80.0,0.42,67.0,0.43,70.0,0.01,0.01,2342.461839,1776187305000
1776187307.327,107.327,0.58,67.0,0.57,70.0,0.59,17.98,0.6,80.0,0.41,17.98,0.4,80.0,0.42,67.0,0.43,70.0,0.01,0.01,2342.438278,1776187306000
1776187308.438,108.438,0.6,25.0,0.59,10.0,0.61,106.0,0.62,145.0,0.41,17.98,0.4,80.0,0.42,67.0,0.43,70.0,0.01,0.01,2342.438278,1776187306000
1776187308.689,108.689,0.6,15.0,0.59,30.0,0.61,111.0,0.62,150.0,0.39,111.0,0.38,150.0,0.4,15.0,0.41,30.0,0.01,0.01,2342.460424,1776187307000
1776187309.162,109.162,0.6,15.0,0.59,30.0,0.61,111.0,0.62,150.0,0.39,111.0,0.38,150.0,0.4,15.0,0.41,30.0,0.01,0.01,2342.465678,1776187308000
1776187310.34,110.34,0.6,11.0,0.59,60.0,0.61,80.0,0.62,141.0,0.39,142.0,0.38,150.0,0.4,5.0,0.41,30.0,0.01,0.01,2342.465678,1776187308000
1776187311.47,111.47,0.6,31.42,0.59,85.0,0.61,75.0,0.62,141.0,0.39,75.0,0.38,141.0,0.4,31.42,0.41,85.0,0.01,0.01,2342.39237,1776187310000
1776187312.091,112.091,0.61,146.0,0.6,104.42,0.62,44.0,0.63,105.0,0.39,75.0,0.38,141.0,0.4,31.42,0.41,85.0,0.01,0.01,2342.39237,1776187310000
1776187313.361,113.361,0.61,146.0,0.6,104.42,0.62,44.0,0.63,105.0,0.38,44.0,0.37,105.0,0.39,146.0,0.4,104.42,0.01,0.01,2342.392775,1776187312000
1776187314.364,114.364,0.61,146.0,0.6,104.42,0.62,44.0,0.63,105.0,0.38,44.0,0.37,105.0,0.39,146.0,0.4,104.42,0.01,0.01,2342.475725,1776187313000
1776187314.88,114.88,0.61,146.0,0.6,104.42,0.62,44.0,0.63,105.0,0.38,44.0,0.37,105.0,0.39,146.0,0.4,104.42,0.01,0.01,2342.520725,1776187314000
1776187315.699,115.699,0.62,183.82,0.61,123.0,0.63,102.84,0.64,85.0,0.37,105.0,0.36,85.0,0.38,168.82,0.39,123.0,0.01,0.01,2342.520725,1776187314000
1776187316.272,116.272,0.62,183.82,0.61,123.0,0.63,102.84,0.64,85.0,0.37,102.84,0.36,85.0,0.38,183.82,0.39,123.0,0.01,0.01,2342.55099,1776187315000
1776187317.369,117.369,0.62,183.82,0.61,123.0,0.63,102.84,0.64,85.0,0.37,102.84,0.36,85.0,0.38,183.82,0.39,123.0,0.01,0.01,2342.541112,1776187316000
1776187317.782,117.782,0.63,136.0,0.62,54.82,0.64,53.0,0.65,80.0,0.37,102.84,0.36,85.0,0.38,183.82,0.39,123.0,0.01,0.01,2342.541112,1776187316000
1776187318.423,118.423,0.63,136.0,0.62,54.82,0.64,53.0,0.65,80.0,0.36,53.0,0.35,80.0,0.37,136.0,0.38,54.82,0.01,0.01,2342.55411,1776187317000
1776187318.98,118.98,0.63,136.0,0.62,54.82,0.64,53.0,0.65,80.0,0.36,53.0,0.35,80.0,0.37,136.0,0.38,54.82,0.01,0.01,2342.56148,1776187318000
1776187319.897,119.897,0.63,10.0,0.62,20.0,0.65,140.0,0.66,70.0,0.35,105.0,0.34,77.0,0.36,12.91,0.37,10.0,0.02,0.01,2342.56148,1776187318000
1776187320.1,120.1,0.63,10.0,0.62,20.0,0.65,140.0,0.66,70.0,0.35,140.0,0.34,70.0,0.37,10.0,0.38,20.0,0.02,0.02,2342.582589,1776187319000
1776187321.136,121.136,0.64,53.0,0.63,10.0,0.65,113.0,0.66,70.0,0.35,113.0,0.34,70.0,0.36,53.0,0.37,10.0,0.01,0.01,2342.604127,1776187320000
1776187322.172,122.172,0.65,10.0,0.64,217.0,0.68,12.0,0.69,135.0,0.35,113.0,0.34,70.0,0.36,53.0,0.37,10.0,0.03,0.01,2342.604127,1776187320000
1776187322.516,122.516,0.68,45.0,0.67,50.0,0.69,138.55,0.7,165.0,0.32,1.0,0.31,135.0,0.33,15.0,0.34,15.0,0.01,0.01,2342.544105,1776187321000
1776187323.278,123.278,0.72,15.0,0.71,70.0,0.73,3.16,0.76,105.0,0.31,118.5,0.3,165.0,0.32,45.0,0.33,50.0,0.01,0.01,2342.544105,1776187321000
1776187323.544,123.544,0.77,40.0,0.76,10.0,0.79,15.41,0.8,70.0,0.23,1.1,0.22,10.0,0.24,10.0,0.25,16.66,0.02,0.01,2342.544105,1776187321000
1776187323.767,123.767,0.78,49.0,0.77,20.0,0.79,58.41,0.8,137.05,0.21,15.41,0.2,70.0,0.23,40.0,0.24,10.0,0.01,0.02,2342.68873,1776187322000
1776187324.176,124.176,0.78,64.81,0.77,20.0,0.79,83.41,0.8,137.05,0.21,83.41,0.2,137.05,0.22,64.81,0.23,20.0,0.01,0.01,2342.660505,1776187323000
1776187324.426,124.426,0.78,49.81,0.77,125.0,0.79,53.96,0.8,132.0,0.21,83.41,0.2,137.05,0.22,64.81,0.23,20.0,0.01,0.01,2342.660505,1776187323000
1776187324.745,124.745,0.78,30.0,0.77,125.0,0.79,43.96,0.8,132.0,0.21,53.96,0.2,132.0,0.22,48.81,0.23,125.0,0.01,0.01,2342.660505,1776187323000
1776187325.059,125.059,0.78,275.0,0.77,194.0,0.79,12.0,0.8,72.0,0.21,48.96,0.2,132.0,0.22,11.82,0.23,125.0,0.01,0.01,2342.660505,1776187323000
1776187325.305,125.305,0.78,275.0,0.77,194.0,0.79,12.0,0.8,72.0,0.21,12.0,0.2,72.0,0.22,275.0,0.23,194.0,0.01,0.01,2343.096479,1776187324000
1776187325.909,125.909,0.78,289.0,0.77,175.0,0.79,10.0,0.8,125.49,0.21,12.0,0.2,72.0,0.22,275.0,0.23,194.0,0.01,0.01,2343.096479,1776187324000
1776187326.334,126.334,0.78,289.0,0.77,175.0,0.79,10.0,0.8,125.49,0.21,10.0,0.2,125.49,0.22,289.0,0.23,175.0,0.01,0.01,2343.600538,1776187325000
1776187326.545,126.545,0.78,198.0,0.77,175.0,0.8,130.49,0.81,130.0,0.21,10.0,0.2,125.49,0.22,289.0,0.23,175.0,0.02,0.01,2343.600538,1776187325000
1776187326.891,126.891,0.79,37.0,0.78,45.0,0.8,145.93,0.81,283.97,0.2,79.49,0.19,135.0,0.21,60.0,0.22,128.0,0.01,0.01,2343.600538,1776187325000
1776187327.095,127.095,0.79,10.0,0.78,45.0,0.8,214.8,0.81,340.97,0.2,177.93,0.19,345.97,0.21,34.0,0.22,45.0,0.01,0.01,2343.600538,1776187325000
1776187327.304,127.304,0.79,10.0,0.78,45.0,0.8,214.8,0.81,340.97,0.2,214.8,0.19,340.97,0.21,10.0,0.22,45.0,0.01,0.01,2343.787578,1776187326000
1776187327.735,127.735,0.78,47.0,0.77,5.56,0.79,205.67,0.8,90.0,0.21,82.0,0.2,75.05,0.23,5.56,0.24,70.0,0.01,0.02,2343.787578,1776187326000
1776187328.393,128.393,0.78,47.0,0.77,5.56,0.79,205.67,0.8,90.0,0.21,205.67,0.2,90.0,0.22,47.0,0.23,5.56,0.01,0.01,2343.7464,1776187327000
1776187328.599,128.599,0.77,10.0,0.76,70.0,0.79,267.67,0.8,107.05,0.21,205.67,0.2,90.0,0.22,47.0,0.23,5.56,0.02,0.01,2343.7464,1776187327000
1776187329.035,129.035,0.77,10.0,0.76,70.0,0.79,267.67,0.8,107.05,0.21,267.67,0.2,107.05,0.23,10.0,0.24,70.0,0.02,0.02,2343.68943,1776187328000
1776187329.697,129.697,0.76,10.0,0.75,28.8,0.78,260.81,0.79,217.67,0.21,267.67,0.2,107.05,0.23,10.0,0.24,70.0,0.02,0.02,2343.68943,1776187328000
1776187330.093,130.093,0.75,28.8,0.74,20.0,0.76,147.68,0.77,137.0,0.24,147.68,0.23,137.0,0.25,28.8,0.26,20.0,0.01,0.01,2343.45684,1776187329000
1776187331.197,131.197,0.75,28.8,0.74,20.0,0.76,147.68,0.77,137.0,0.24,147.68,0.23,137.0,0.25,28.8,0.26,20.0,0.01,0.01,2343.36955,1776187330000
1776187331.79,131.79,0.75,97.8,0.74,20.0,0.76,71.0,0.77,92.0,0.24,147.68,0.23,137.0,0.25,28.8,0.26,20.0,0.01,0.01,2343.36955,1776187330000
1776187332.263,132.263,0.75,97.8,0.74,20.0,0.76,71.0,0.77,92.0,0.24,71.0,0.23,92.0,0.25,97.8,0.26,20.0,0.01,0.01,2343.273757,1776187331000
1776187333.384,133.384,0.75,96.8,0.74,20.0,0.76,71.0,0.77,97.0,0.24,71.0,0.23,97.0,0.25,96.8,0.26,20.0,0.01,0.01,2343.255926,1776187332000
1776187333.597,133.597,0.75,76.8,0.74,30.0,0.76,79.6,0.77,97.0,0.24,71.0,0.23,97.0,0.25,96.8,0.26,20.0,0.01,0.01,2343.255926,1776187332000
1776187333.916,133.916,0.75,76.8,0.74,30.0,0.76,81.81,0.77,97.0,0.24,79.6,0.23,97.0,0.25,76.8,0.26,30.0,0.01,0.01,2343.255926,1776187332000
1776187334.745,134.745,0.76,55.0,0.75,143.8,0.78,90.0,0.79,78.67,0.24,75.0,0.23,97.0,0.25,81.8,0.26,30.0,0.02,0.01,2343.30903,1776187333000
1776187335.084,135.084,0.76,82.0,0.75,143.8,0.78,65.28,0.79,78.67,0.22,65.28,0.21,78.67,0.24,82.0,0.25,143.8,0.02,0.02,2343.360813,1776187334000
1776187335.518,135.518,0.77,403.0,0.76,265.0,0.79,6.62,0.81,105.0,0.22,65.28,0.21,78.67,0.24,82.0,0.25,143.8,0.02,0.02,2343.360813,1776187334000
1776187336.316,136.316,0.77,403.0,0.76,265.0,0.79,6.62,0.81,105.0,0.21,6.62,0.19,105.0,0.23,403.0,0.24,265.0,0.02,0.02,2343.396157,1776187335000
1776187336.556,136.556,0.81,15.0,0.8,297.0,0.82,3.92,0.83,25.09,0.21,6.62,0.19,105.0,0.23,403.0,0.24,265.0,0.01,0.02,2343.396157,1776187335000
1776187336.823,136.823,0.81,331.0,0.8,229.0,0.83,10.96,0.84,20.0,0.18,3.92,0.17,25.09,0.19,15.0,0.2,297.0,0.02,0.01,2343.396157,1776187335000
1776187337.377,137.377,0.84,5.4,0.83,60.0,0.85,13.73,0.86,20.0,0.15,75.0,0.14,25.0,0.18,230.0,0.19,305.0,0.01,0.03,2343.396157,1776187335000
1776187337.662,137.662,0.84,45.4,0.83,110.0,0.85,24.78,0.86,27.21,0.15,11.56,0.14,27.21,0.16,35.4,0.17,110.0,0.01,0.01,2343.670122,1776187336000
1776187338.028,138.028,0.84,45.4,0.83,110.0,0.85,20.16,0.86,27.21,0.15,20.16,0.14,27.21,0.16,45.4,0.17,110.0,0.01,0.01,2343.95031,1776187337000
1776187338.321,138.321,0.84,50.4,0.83,115.0,0.85,34.39,0.86,32.21,0.15,20.16,0.14,27.21,0.16,45.4,0.17,110.0,0.01,0.01,2343.95031,1776187337000
1776187339.131,139.131,0.84,66.4,0.83,115.0,0.85,1.43,0.86,82.21,0.15,34.39,0.14,32.21,0.16,50.4,0.17,115.0,0.01,0.01,2343.95031,1776187337000
1776187339.902,139.902,0.84,31.4,0.83,90.0,0.85,104.85,0.86,137.11,0.15,1.43,0.14,82.21,0.16,66.4,0.17,115.0,0.01,0.01,2344.378935,1776187338000
1776187340.692,140.692,0.84,31.4,0.83,90.0,0.85,104.85,0.86,137.11,0.15,104.85,0.14,137.11,0.16,31.4,0.17,90.0,0.01,0.01,2344.272195,1776187339000
1776187340.893,140.893,0.83,100.0,0.82,75.0,0.84,11.04,0.85,108.73,0.15,112.73,0.14,107.21,0.17,95.0,0.18,25.0,0.01,0.02,2344.272195,1776187339000
1776187341.093,141.093,0.83,100.0,0.82,75.0,0.84,11.04,0.85,108.73,0.16,11.04,0.15,108.73,0.17,100.0,0.18,75.0,0.01,0.01,2344.34936,1776187340000
1776187341.783,141.783,0.83,91.0,0.82,35.0,0.84,112.35,0.85,113.73,0.16,9.04,0.15,83.73,0.17,110.0,0.18,25.0,0.01,0.01,2344.34936,1776187340000
1776187342.136,142.136,0.83,91.0,0.82,35.0,0.84,112.35,0.85,113.73,0.16,112.35,0.15,113.73,0.17,91.0,0.18,35.0,0.01,0.01,2344.166504,1776187341000
1776187342.395,142.395,0.83,24.94,0.82,10.0,0.84,101.31,0.85,194.74,0.16,112.35,0.15,113.73,0.17,91.0,0.18,35.0,0.01,0.01,2344.166504,1776187341000
1776187343.109,143.109,0.82,36.0,0.81,70.0,0.83,97.01,0.84,203.11,0.16,96.31,0.15,194.74,0.18,10.0,0.19,70.0,0.01,0.02,2344.166504,1776187341000
1776187344.126,144.126,0.82,4.0,0.81,75.0,0.83,134.01,0.84,208.11,0.17,134.01,0.16,208.11,0.18,4.0,0.19,75.0,0.01,0.01,2343.963402,1776187343000
1776187344.363,144.363,0.83,153.0,0.82,79.0,0.84,113.32,0.85,12.0,0.16,167.0,0.15,95.2,0.17,118.0,0.18,79.0,0.01,0.01,2343.963402,1776187343000
1776187344.782,144.782,0.85,20.0,0.84,72.0,0.86,3.0,0.87,127.0,0.16,21.32,0.15,12.0,0.17,160.0,0.18,102.0,0.01,0.01,2343.963402,1776187343000
1776187345.079,145.079,0.85,20.0,0.84,72.0,0.86,3.0,0.87,127.0,0.14,3.0,0.13,127.0,0.15,20.0,0.16,72.0,0.01,0.01,2343.92461,1776187344000
1776187346.076,146.076,0.85,20.0,0.84,72.0,0.86,3.0,0.87,127.0,0.14,3.0,0.13,127.0,0.15,20.0,0.16,72.0,0.01,0.01,2343.957724,1776187345000
1776187347.086,147.086,0.86,18.0,0.85,80.0,0.87,75.76,0.88,132.0,0.13,75.76,0.12,132.0,0.14,18.0,0.15,80.0,0.01,0.01,2344.310548,1776187346000
1776187347.43,147.43,0.86,83.0,0.85,80.0,0.87,11.89,0.88,120.0,0.13,75.76,0.12,132.0,0.14,18.0,0.15,80.0,0.01,0.01,2344.310548,1776187346000
1776187347.881,147.881,0.86,98.0,0.85,85.0,0.88,47.48,0.89,211.79,0.13,0.08,0.12,120.0,0.14,88.0,0.15,80.0,0.02,0.01,2344.310548,1776187346000
1776187349.056,149.056,0.86,98.0,0.85,85.0,0.88,47.48,0.89,211.79,0.12,47.48,0.11,211.79,0.14,98.0,0.15,85.0,0.02,0.02,2344.435467,1776187348000
1776187349.309,149.309,0.87,125.0,0.86,75.0,0.88,8.29,0.89,196.79,0.12,47.48,0.11,211.79,0.14,98.0,0.15,85.0,0.01,0.02,2344.435467,1776187348000
1776187349.943,149.943,0.87,115.0,0.86,90.0,0.88,6.29,0.89,196.79,0.12,8.29,0.11,196.79,0.13,125.0,0.14,75.0,0.01,0.01,2344.435467,1776187348000
1776187350.952,150.952,0.87,115.0,0.86,90.0,0.88,6.29,0.89,196.79,0.12,6.29,0.11,196.79,0.13,115.0,0.14,90.0,0.01,0.01,2344.495151,1776187350000
1776187351.853,151.853,0.89,49.0,0.88,76.0,0.9,129.0,0.91,96.0,0.12,6.29,0.11,196.79,0.13,115.0,0.14,90.0,0.01,0.01,2344.495151,1776187350000
1776187352.749,152.749,0.89,129.0,0.88,70.0,0.9,64.87,0.91,103.0,0.1,129.0,0.09,96.0,0.11,49.0,0.12,76.0,0.01,0.01,2344.470739,1776187351000
1776187353.522,153.522,0.89,124.0,0.88,70.0,0.9,62.07,0.91,103.0,0.1,62.07,0.09,103.0,0.11,124.0,0.12,70.0,0.01,0.01,2344.704476,1776187352000
1776187353.977,153.977,0.89,131.7,0.88,80.0,0.9,51.74,0.91,103.0,0.1,67.3,0.09,103.0,0.11,38.7,0.12,78.0,0.01,0.01,2344.704476,1776187352000
1776187354.874,154.874,0.89,131.7,0.88,80.0,0.9,55.62,0.91,103.0,0.1,51.74,0.09,103.0,0.11,131.7,0.12,80.0,0.01,0.01,2344.744719,1776187353000
1776187355.206,155.206,0.89,131.7,0.88,80.0,0.9,55.62,0.91,103.0,0.1,55.62,0.09,103.0,0.11,131.7,0.12,80.0,0.01,0.01,2344.73372,1776187354000
1776187356.178,156.178,0.89,38.7,0.88,18.0,0.9,108.62,0.91,108.0,0.1,55.62,0.09,103.0,0.11,131.7,0.12,80.0,0.01,0.01,2344.73372,1776187354000
1776187357.423,157.423,0.89,38.7,0.88,18.0,0.9,108.62,0.91,108.0,0.1,108.62,0.09,108.0,0.11,38.7,0.12,18.0,0.01,0.01,2344.703689,1776187356000
1776187357.852,157.852,0.89,135.58,0.88,88.0,0.9,28.52,0.91,16.0,0.1,108.62,0.09,108.0,0.11,38.7,0.12,18.0,0.01,0.01,2344.703689,1776187356000
1776187358.098,158.098,0.89,135.58,0.88,88.0,0.9,28.52,0.91,16.0,0.1,28.52,0.09,16.0,0.11,135.58,0.12,88.0,0.01,0.01,2344.703289,1776187357000
1776187359.093,159.093,0.89,171.58,0.88,99.0,0.93,106.18,0.94,154.7,0.07,106.18,0.06,154.7,0.11,171.58,0.12,99.0,0.04,0.04,2344.683075,1776187358000
1776187360.107,160.107,0.91,36.0,0.9,73.0,0.92,95.18,0.93,126.18,0.08,95.18,0.07,126.18,0.09,36.0,0.1,73.0,0.01,0.01,2344.808645,1776187359000
1776187360.728,160.728,0.91,60.0,0.9,88.0,0.92,44.75,0.93,128.18,0.08,95.18,0.07,126.18,0.09,36.0,0.1,73.0,0.01,0.01,2344.808645,1776187359000
1776187361.049,161.049,0.91,121.0,0.9,78.0,0.93,63.76,0.94,278.8,0.08,1.58,0.07,99.18,0.09,111.0,0.1,78.0,0.02,0.01,2344.808645,1776187359000
1776187361.809,161.809,0.92,96.0,0.91,116.0,0.93,80.49,0.94,290.8,0.07,63.76,0.06,278.8,0.09,121.0,0.1,78.0,0.01,0.02,2344.794955,1776187360000
1776187362.118,162.118,0.92,96.0,0.91,116.0,0.93,80.49,0.94,290.8,0.07,80.49,0.06,290.8,0.08,96.0,0.09,116.0,0.01,0.01,2344.762885,1776187361000
1776187362.708,162.708,0.92,101.0,0.91,131.0,0.93,64.68,0.94,265.8,0.07,80.49,0.06,290.8,0.08,96.0,0.09,116.0,0.01,0.01,2344.762885,1776187361000
1776187363.264,163.264,0.92,101.0,0.91,131.0,0.93,64.68,0.94,265.8,0.07,64.68,0.06,265.8,0.08,101.0,0.09,131.0,0.01,0.01,2344.866125,1776187362000
1776187363.703,163.703,0.9,25.0,0.89,43.58,0.91,21.0,0.93,173.76,0.07,64.68,0.06,265.8,0.08,101.0,0.09,131.0,0.01,0.01,2344.866125,1776187362000
1776187363.921,163.921,0.9,43.0,0.89,48.58,0.92,3.21,0.93,170.72,0.09,21.0,0.07,173.76,0.1,25.0,0.11,43.58,0.02,0.01,2344.866125,1776187362000
1776187364.158,164.158,0.9,91.0,0.89,48.58,0.91,0.93,0.92,3.21,0.08,3.21,0.07,170.72,0.1,43.0,0.11,48.58,0.01,0.02,2344.866125,1776187362000
1776187364.36,164.36,0.9,91.0,0.89,48.58,0.91,0.93,0.92,3.21,0.09,0.93,0.08,3.21,0.1,91.0,0.11,48.58,0.01,0.01,2344.95821,1776187363000
1776187364.898,164.898,0.91,9.29,0.9,96.0,0.92,53.21,0.93,180.72,0.08,53.21,0.07,180.72,0.09,9.29,0.1,96.0,0.01,0.01,2344.958275,1776187364000
1776187365.421,165.421,0.91,9.29,0.9,10.0,0.92,65.21,0.93,156.72,0.08,53.21,0.07,180.72,0.09,9.29,0.1,96.0,0.01,0.01,2344.958275,1776187364000
1776187365.626,165.626,0.88,66.0,0.87,90.0,0.9,28.0,0.92,132.11,0.08,132.11,0.07,181.72,0.11,10.0,0.12,76.0,0.02,0.03,2344.958275,1776187364000
1776187366.444,166.444,0.88,35.46,0.87,95.0,0.89,5.0,0.9,33.0,0.11,5.0,0.1,33.0,0.12,35.46,0.13,95.0,0.01,0.01,2344.934125,1776187365000
1776187366.931,166.931,0.88,35.46,0.87,95.0,0.89,5.0,0.9,33.0,0.11,5.0,0.1,33.0,0.12,35.46,0.13,95.0,0.01,0.01,2344.800076,1776187366000
1776187367.797,167.797,0.91,66.12,0.9,74.0,0.92,12.0,0.93,125.3,0.11,5.0,0.1,33.0,0.12,35.46,0.13,95.0,0.01,0.01,2344.800076,1776187366000
1776187368.071,168.071,0.91,87.75,0.9,80.0,0.92,12.0,0.93,75.3,0.08,12.0,0.07,125.3,0.09,66.12,0.1,74.0,0.01,0.01,2344.800076,1776187366000
1776187368.861,168.861,0.9,63.0,0.89,75.0,0.91,6.0,0.92,136.52,0.08,17.0,0.07,65.3,0.09,87.75,0.1,80.0,0.01,0.01,2344.64724,1776187367000
1776187369.815,169.815,0.9,58.0,0.89,80.0,0.92,76.53,0.93,130.3,0.09,6.0,0.08,136.52,0.1,63.0,0.11,75.0,0.02,0.01,2344.64724,1776187367000
1776187370.268,170.268,0.9,58.0,0.89,80.0,0.92,76.53,0.93,130.3,0.08,76.53,0.07,130.3,0.1,58.0,0.11,80.0,0.02,0.02,2344.810973,1776187369000
1776187370.499,170.499,0.91,13.77,0.9,65.0,0.92,74.53,0.93,142.3,0.08,76.53,0.07,130.3,0.1,58.0,0.11,80.0,0.01,0.02,2344.810973,1776187369000
1776187371.847,171.847,0.91,13.77,0.9,65.0,0.92,74.53,0.93,142.3,0.08,74.53,0.07,142.3,0.09,13.77,0.1,65.0,0.01,0.01,2344.735201,1776187370000
1776187372.574,172.574,0.91,13.77,0.9,65.0,0.92,74.53,0.93,142.3,0.08,74.53,0.07,142.3,0.09,13.77,0.1,65.0,0.01,0.01,2344.716263,1776187371000
1776187373.238,173.238,0.91,13.77,0.9,65.0,0.92,74.53,0.93,142.3,0.08,74.53,0.07,142.3,0.09,13.77,0.1,65.0,0.01,0.01,2344.737684,1776187372000
1776187374.564,174.564,0.91,13.77,0.9,65.0,0.92,74.53,0.93,142.3,0.08,74.53,0.07,142.3,0.09,13.77,0.1,65.0,0.01,0.01,2344.728735,1776187373000
1776187375.211,175.211,0.91,13.77,0.9,65.0,0.92,74.53,0.93,142.3,0.08,74.53,0.07,142.3,0.09,13.77,0.1,65.0,0.01,0.01,2344.739995,1776187374000
1776187375.571,175.571,0.92,40.0,0.91,99.77,0.94,19.9,0.95,287.39,0.08,74.53,0.07,142.3,0.09,13.77,0.1,65.0,0.02,0.01,2344.739995,1776187374000
1776187376.182,176.182,0.92,100.0,0.91,84.77,0.95,299.39,0.96,192.3,0.06,20.42,0.05,299.39,0.08,50.0,0.09,94.77,0.03,0.02,2344.739995,1776187374000
1776187376.65,176.65,0.92,100.0,0.91,84.77,0.95,299.39,0.96,192.3,0.05,299.39,0.04,192.3,0.08,100.0,0.09,84.77,0.03,0.03,2344.731891,1776187375000
1776187377.38,177.38,0.93,5.0,0.92,100.0,0.94,131.82,0.95,287.39,0.06,131.82,0.05,287.39,0.07,5.0,0.08,100.0,0.01,0.01,2344.903351,1776187376000
1776187377.618,177.618,0.93,65.0,0.92,85.0,0.94,121.28,0.95,227.39,0.06,131.82,0.05,287.39,0.07,5.0,0.08,100.0,0.01,0.01,2344.903351,1776187376000
1776187378.09,178.09,0.93,90.0,0.92,70.0,0.95,182.59,0.96,148.3,0.06,121.28,0.05,227.39,0.07,65.0,0.08,85.0,0.02,0.01,2344.903351,1776187376000
1776187378.473,178.473,0.94,20.31,0.93,102.0,0.95,158.79,0.96,148.3,0.05,182.59,0.04,148.3,0.07,90.0,0.08,70.0,0.01,0.02,2345.099735,1776187377000
1776187378.694,178.694,0.94,25.31,0.93,132.0,0.95,150.42,0.96,148.3,0.05,155.69,0.04,148.3,0.06,20.31,0.07,102.0,0.01,0.01,2345.099735,1776187377000
1776187379.112,179.112,0.94,29.31,0.93,132.0,0.95,124.1,0.96,135.8,0.05,124.1,0.04,148.3,0.06,25.31,0.07,132.0,0.01,0.01,2345.099735,1776187377000
1776187379.332,179.332,0.94,20.31,0.93,132.0,0.95,129.1,0.96,135.8,0.05,124.1,0.04,135.8,0.06,29.31,0.07,132.0,0.01,0.01,2345.099735,1776187377000
1776187379.565,179.565,0.94,10.31,0.93,100.0,0.95,123.8,0.96,128.8,0.05,129.1,0.04,123.8,0.06,10.31,0.07,100.0,0.01,0.01,2345.10551,1776187378000
1776187380.171,180.171,0.94,10.31,0.93,100.0,0.95,123.8,0.96,128.8,0.05,123.8,0.04,128.8,0.06,10.31,0.07,100.0,0.01,0.01,2345.385872,1776187379000
1776187380.571,180.571,0.94,76.31,0.93,70.0,0.95,52.16,0.96,155.0,0.05,123.8,0.04,128.8,0.06,10.31,0.07,100.0,0.01,0.01,2345.385872,1776187379000
1776187381.043,181.043,0.94,125.31,0.93,170.0,0.95,35.06,0.96,145.0,0.05,52.16,0.04,155.0,0.06,76.31,0.07,70.0,0.01,0.01,2345.385872,1776187379000
1776187381.28,181.28,0.95,5.0,0.94,20.0,0.96,116.25,0.97,411.0,0.04,99.0,0.03,411.0,0.06,135.31,0.07,170.0,0.01,0.02,2345.385872,1776187379000
1776187381.531,181.531,0.95,30.0,0.94,25.0,0.96,82.9,0.97,411.0,0.04,82.9,0.03,411.0,0.05,30.0,0.06,25.0,0.01,0.01,2345.49345,1776187380000
1776187381.871,181.871,0.93,65.0,0.92,293.9,0.95,105.8,0.96,157.25,0.04,102.9,0.03,298.0,0.06,8.33,0.07,65.0,0.02,0.02,2345.49345,1776187380000
1776187382.18,182.18,0.94,33.0,0.93,65.0,0.96,101.0,0.97,298.0,0.05,105.8,0.04,157.25,0.07,65.0,0.08,293.9,0.02,0.02,2345.49345,1776187380000
1776187382.664,182.664,0.95,15.0,0.94,45.0,0.96,37.15,0.97,298.0,0.04,104.95,0.03,298.0,0.06,43.0,0.07,175.0,0.01,0.02,2345.454818,1776187381000
1776187382.904,182.904,0.95,60.0,0.94,168.8,0.96,54.1,0.97,421.7,0.04,55.25,0.03,421.7,0.05,10.0,0.06,55.0,0.01,0.01,2345.454818,1776187381000
1776187383.119,183.119,0.95,65.0,0.94,173.8,0.97,350.25,0.98,478.7,0.04,44.1,0.03,409.7,0.05,60.0,0.06,168.8,0.02,0.01,2345.454818,1776187381000
1776187383.519,183.519,0.96,6.73,0.95,170.0,0.97,350.25,0.98,483.7,0.03,350.25,0.02,478.7,0.05,65.0,0.06,173.8,0.01,0.02,2345.454818,1776187381000
1776187383.914,183.914,0.95,169.04,0.94,337.6,0.97,350.25,0.98,483.7,0.03,350.25,0.02,483.7,0.04,6.73,0.05,170.0,0.02,0.01,2345.966071,1776187382000
1776187384.427,184.427,0.95,169.04,0.94,337.6,0.97,350.25,0.98,483.7,0.03,350.25,0.02,483.7,0.05,169.04,0.06,337.6,0.02,0.02,2345.819485,1776187383000
1776187384.99,184.99,0.95,169.04,0.94,337.6,0.97,350.25,0.98,483.7,0.03,350.25,0.02,483.7,0.05,169.04,0.06,337.6,0.02,0.02,2345.834965,1776187384000
1776187385.231,185.231,0.92,5.0,0.91,139.0,0.93,66.42,0.95,53.0,0.04,134.14,0.03,355.25,0.06,88.8,0.07,33.0,0.01,0.02,2345.834965,1776187384000
1776187385.593,185.593,0.92,31.92,0.91,130.0,0.93,99.14,0.94,34.0,0.06,51.0,0.05,63.0,0.08,27.92,0.09,130.0,0.01,0.02,2345.834965,1776187384000
1776187385.891,185.891,0.92,7.0,0.91,130.0,0.93,120.02,0.94,34.0,0.07,112.14,0.06,34.0,0.08,36.0,0.09,130.0,0.01,0.01,2345.834965,1776187384000
1776187386.334,186.334,0.92,7.0,0.91,120.0,0.93,118.03,0.94,39.0,0.07,120.02,0.06,34.0,0.08,7.0,0.09,130.0,0.01,0.01,2345.834965,1776187384000
1776187386.818,186.818,0.91,60.0,0.9,90.0,0.93,30.91,0.94,97.8,0.08,10.0,0.07,30.0,0.09,110.0,0.1,90.0,0.02,0.01,2345.834965,1776187384000
1776187387.278,187.278,0.91,60.0,0.9,90.0,0.93,30.91,0.94,97.8,0.07,30.91,0.06,97.8,0.09,60.0,0.1,90.0,0.02,0.02,2345.132485,1776187386000
1776187388.295,188.295,0.91,140.0,0.9,90.0,0.92,6.72,0.93,86.21,0.08,6.72,0.07,86.21,0.09,140.0,0.1,90.0,0.01,0.01,2345.036848,1776187387000
1776187389.31,189.31,0.91,140.0,0.9,90.0,0.92,6.72,0.93,86.21,0.08,6.72,0.07,86.21,0.09,140.0,0.1,90.0,0.01,0.01,2344.839057,1776187388000
1776187390.3,190.3,0.91,140.0,0.9,90.0,0.92,6.72,0.93,86.21,0.08,6.72,0.07,86.21,0.09,140.0,0.1,90.0,0.01,0.01,2344.635691,1776187389000
1776187391.341,191.341,0.91,140.0,0.9,90.0,0.92,6.72,0.93,86.21,0.08,6.72,0.07,86.21,0.09,140.0,0.1,90.0,0.01,0.01,2344.587832,1776187390000
1776187392.362,192.362,0.91,140.0,0.9,90.0,0.92,6.72,0.93,86.21,0.08,6.72,0.07,86.21,0.09,140.0,0.1,90.0,0.01,0.01,2344.573173,1776187391000
1776187393.33,193.33,0.91,15.0,0.9,15.0,0.92,28.9,0.93,143.21,0.08,6.72,0.07,86.21,0.09,140.0,0.1,90.0,0.01,0.01,2344.573173,1776187391000
1776187393.628,193.628,0.92,5.1,0.91,15.0,0.93,37.91,0.94,209.6,0.07,143.21,0.06,216.6,0.08,5.1,0.09,15.0,0.01,0.01,2344.547397,1776187392000
1776187394.324,194.324,0.92,5.1,0.91,15.0,0.93,37.91,0.94,209.6,0.07,37.91,0.06,209.6,0.08,5.1,0.09,15.0,0.01,0.01,2344.475641,1776187393000
1776187395.193,195.193,0.92,40.1,0.91,20.0,0.93,66.62,0.94,214.6,0.07,37.91,0.06,209.6,0.08,5.1,0.09,15.0,0.01,0.01,2344.475641,1776187393000
1776187395.472,195.472,0.92,45.1,0.91,20.0,0.93,3.2,0.94,214.6,0.07,51.62,0.06,214.6,0.08,40.1,0.09,20.0,0.01,0.01,2344.481884,1776187394000
1776187395.804,195.804,0.92,40.1,0.91,20.0,0.93,45.35,0.94,214.6,0.07,0.35,0.06,214.6,0.08,45.1,0.09,20.0,0.01,0.01,2344.481884,1776187394000
1776187396.321,196.321,0.92,40.1,0.91,20.0,0.93,45.35,0.94,214.6,0.07,45.35,0.06,214.6,0.08,40.1,0.09,20.0,0.01,0.01,2344.552136,1776187395000
1776187396.653,196.653,0.92,5.0,0.9,27.0,0.93,60.46,0.94,219.6,0.07,45.35,0.06,214.6,0.08,40.1,0.09,20.0,0.01,0.01,2344.552136,1776187395000
1776187396.927,196.927,0.9,25.0,0.89,15.0,0.91,24.9,0.93,56.46,0.09,26.0,0.07,56.46,0.1,15.0,0.11,44.0,0.01,0.01,2344.552136,1776187395000
1776187397.148,197.148,0.9,10.0,0.89,6.0,0.91,22.7,0.93,116.65,0.09,24.9,0.07,56.46,0.1,25.0,0.11,15.0,0.01,0.01,2344.552136,1776187395000
1776187397.397,197.397,0.89,3.0,0.88,195.0,0.91,77.7,0.93,106.65,0.09,32.7,0.07,116.65,0.11,3.0,0.12,195.0,0.02,0.02,2344.568769,1776187396000
1776187397.835,197.835,0.89,25.0,0.88,210.0,0.93,92.3,0.94,242.6,0.09,27.7,0.08,20.0,0.12,195.0,0.13,96.0,0.04,0.03,2344.568769,1776187396000
1776187398.163,198.163,0.89,25.0,0.88,215.0,0.91,19.83,0.92,10.0,0.07,92.3,0.06,242.6,0.11,25.0,0.12,210.0,0.02,0.04,2344.568769,1776187396000
1776187398.384,198.384,0.89,25.0,0.88,205.0,0.91,19.83,0.92,58.9,0.09,19.83,0.08,58.9,0.11,25.0,0.12,205.0,0.02,0.02,2344.45075,1776187397000
1776187398.834,198.834,0.88,165.0,0.87,90.0,0.89,20.94,0.9,182.0,0.09,125.71,0.08,83.9,0.11,15.0,0.12,195.0,0.01,0.02,2344.45075,1776187397000
1776187399.151,199.151,0.88,175.0,0.87,95.0,0.89,18.94,0.9,187.0,0.11,20.94,0.1,182.0,0.12,165.0,0.13,90.0,0.01,0.01,2344.3715,1776187398000
1776187399.71,199.71,0.88,170.0,0.87,95.0,0.89,63.94,0.9,187.0,0.11,18.94,0.1,187.0,0.12,175.0,0.13,95.0,0.01,0.01,2344.3715,1776187398000
1776187399.943,199.943,0.88,170.0,0.87,95.0,0.89,58.94,0.9,177.0,0.11,63.94,0.1,187.0,0.12,170.0,0.13,95.0,0.01,0.01,2344.3715,1776187398000
1776187400.295,200.295,0.88,125.0,0.87,95.0,0.89,48.65,0.9,177.0,0.11,48.65,0.1,177.0,0.12,125.0,0.13,95.0,0.01,0.01,2344.06606,1776187399000
1776187401.141,201.141,0.88,125.0,0.87,95.0,0.89,48.65,0.9,177.0,0.11,48.65,0.1,177.0,0.12,125.0,0.13,95.0,0.01,0.01,2344.035787,1776187400000
1776187401.786,201.786,0.89,15.0,0.88,220.0,0.9,62.0,0.91,57.0,0.11,48.65,0.1,177.0,0.12,125.0,0.13,95.0,0.01,0.01,2344.035787,1776187400000
1776187402.026,202.026,0.89,15.0,0.88,220.0,0.9,62.0,0.91,57.0,0.1,62.0,0.09,57.0,0.11,15.0,0.12,220.0,0.01,0.01,2344.031572,1776187401000
1776187402.466,202.466,0.89,93.32,0.88,220.0,0.9,58.0,0.91,57.0,0.1,62.0,0.09,57.0,0.11,15.0,0.12,220.0,0.01,0.01,2344.031572,1776187401000
1776187402.928,202.928,0.89,93.32,0.88,220.0,0.9,58.0,0.91,57.0,0.1,58.0,0.09,57.0,0.11,93.32,0.12,220.0,0.01,0.01,2344.025635,1776187402000
1776187403.92,203.92,0.89,93.32,0.88,220.0,0.9,58.0,0.91,57.0,0.1,58.0,0.09,57.0,0.11,93.32,0.12,220.0,0.01,0.01,2344.050736,1776187403000
1776187404.289,204.289,0.89,5.0,0.88,205.0,0.9,101.0,0.91,74.0,0.1,58.0,0.09,57.0,0.11,93.32,0.12,220.0,0.01,0.01,2344.050736,1776187403000
1776187404.877,204.877,0.89,5.0,0.88,205.0,0.9,101.0,0.91,74.0,0.1,101.0,0.09,74.0,0.11,5.0,0.12,205.0,0.01,0.01,2344.085742,1776187404000
1776187405.239,205.239,0.89,6.0,0.88,120.0,0.9,39.88,0.91,74.0,0.1,39.88,0.09,74.0,0.11,53.7,0.12,120.0,0.01,0.01,2344.085742,1776187404000
1776187405.853,205.853,0.89,6.0,0.88,120.0,0.9,39.88,0.91,74.0,0.1,39.88,0.09,74.0,0.11,6.0,0.12,120.0,0.01,0.01,2344.079441,1776187405000
1776187406.256,206.256,0.89,59.58,0.88,120.0,0.9,94.88,0.91,74.0,0.1,39.88,0.09,74.0,0.11,6.0,0.12,120.0,0.01,0.01,2344.079441,1776187405000
1776187407.306,207.306,0.89,59.58,0.88,120.0,0.9,94.88,0.91,74.0,0.1,94.88,0.09,74.0,0.11,59.58,0.12,120.0,0.01,0.01,2344.057249,1776187406000
1776187408.206,208.206,0.89,59.58,0.88,120.0,0.9,94.88,0.91,74.0,0.1,94.88,0.09,74.0,0.11,59.58,0.12,120.0,0.01,0.01,2344.134079,1776187407000
1776187409.168,209.168,0.89,59.58,0.88,120.0,0.9,94.88,0.91,74.0,0.1,94.88,0.09,74.0,0.11,59.58,0.12,120.0,0.01,0.01,2343.99402,1776187408000
1776187409.614,209.614,0.89,35.0,0.88,220.0,0.9,33.76,0.91,111.0,0.1,94.88,0.09,74.0,0.11,59.58,0.12,120.0,0.01,0.01,2343.99402,1776187408000
1776187410.135,210.135,0.89,35.0,0.88,220.0,0.9,37.64,0.91,111.0,0.1,37.64,0.09,111.0,0.11,35.0,0.12,220.0,0.01,0.01,2343.988382,1776187409000
1776187411.084,211.084,0.89,35.0,0.88,220.0,0.9,37.64,0.91,111.0,0.1,37.64,0.09,111.0,0.11,35.0,0.12,220.0,0.01,0.01,2343.998101,1776187410000
1776187412.055,212.055,0.88,25.0,0.87,100.0,0.9,27.08,0.91,63.0,0.1,37.64,0.09,111.0,0.11,35.0,0.12,220.0,0.02,0.01,2343.998101,1776187410000
1776187412.556,212.556,0.89,148.0,0.88,130.0,0.9,0.08,0.91,63.0,0.1,4.08,0.09,63.0,0.11,30.8,0.12,130.0,0.01,0.01,2343.990087,1776187411000
1776187412.88,212.88,0.9,27.92,0.89,139.0,0.91,63.0,0.92,50.0,0.1,0.08,0.09,68.0,0.11,124.0,0.12,130.0,0.01,0.01,2343.990087,1776187411000
1776187413.133,213.133,0.9,27.92,0.89,117.0,0.91,63.0,0.92,50.0,0.09,63.0,0.08,50.0,0.1,27.92,0.11,117.0,0.01,0.01,2343.899805,1776187412000
1776187414.051,214.051,0.9,126.91,0.89,117.0,0.91,7.0,0.92,67.0,0.09,63.0,0.08,50.0,0.1,27.92,0.11,117.0,0.01,0.01,2343.899805,1776187412000
1776187414.388,214.388,0.9,126.91,0.89,167.0,0.92,65.66,0.93,140.3,0.09,6.95,0.08,67.0,0.1,126.91,0.11,117.0,0.02,0.01,2343.98843,1776187413000
1776187415.062,215.062,0.91,20.0,0.9,126.91,0.92,54.66,0.93,152.3,0.08,65.66,0.07,140.3,0.1,126.91,0.11,167.0,0.01,0.02,2343.98843,1776187413000
1776187415.269,215.269,0.91,20.0,0.9,108.91,0.92,49.66,0.93,152.3,0.08,54.66,0.07,152.3,0.09,20.0,0.1,126.91,0.01,0.01,2343.992265,1776187414000
1776187415.545,215.545,0.91,20.0,0.9,108.91,0.92,44.44,0.93,152.3,0.08,49.66,0.07,152.3,0.09,20.0,0.1,108.91,0.01,0.01,2343.992265,1776187414000
1776187416.041,216.041,0.91,20.0,0.9,108.91,0.92,40.44,0.93,152.3,0.08,44.44,0.07,152.3,0.09,20.0,0.1,108.91,0.01,0.01,2343.992265,1776187414000
1776187416.241,216.241,0.91,20.0,0.9,108.91,0.92,30.44,0.93,152.3,0.08,30.44,0.07,152.3,0.09,20.0,0.1,108.91,0.01,0.01,2343.992265,1776187414000
1776187416.503,216.503,0.91,20.0,0.9,108.91,0.92,30.44,0.93,152.3,0.08,30.44,0.07,152.3,0.09,20.0,0.1,108.91,0.01,0.01,2343.984906,1776187415000
1776187417.091,217.091,0.91,20.0,0.9,108.91,0.92,30.44,0.93,152.3,0.08,30.44,0.07,152.3,0.09,20.0,0.1,108.91,0.01,0.01,2343.984221,1776187416000
1776187417.926,217.926,0.89,127.0,0.88,115.0,0.9,28.0,0.91,22.0,0.08,30.44,0.07,152.3,0.09,20.0,0.1,108.91,0.01,0.01,2343.984221,1776187416000
1776187418.176,218.176,0.89,124.0,0.88,115.0,0.9,28.0,0.91,32.0,0.1,28.0,0.09,32.0,0.11,124.0,0.12,115.0,0.01,0.01,2343.957658,1776187417000
1776187418.573,218.573,0.89,160.0,0.88,120.0,0.9,26.0,0.91,111.0,0.1,28.0,0.09,32.0,0.11,124.0,0.12,115.0,0.01,0.01,2343.957658,1776187417000
1776187419.251,219.251,0.89,170.0,0.88,120.0,0.9,19.7,0.91,111.0,0.1,19.7,0.09,111.0,0.11,170.0,0.12,120.0,0.01,0.01,2343.919961,1776187418000
1776187420.276,220.276,0.89,170.0,0.88,120.0,0.9,19.7,0.91,111.0,0.1,19.7,0.09,111.0,0.11,170.0,0.12,120.0,0.01,0.01,2343.799645,1776187419000
1776187421.628,221.628,0.89,170.0,0.88,120.0,0.9,19.7,0.91,111.0,0.1,19.7,0.09,111.0,0.11,170.0,0.12,120.0,0.01,0.01,2343.794147,1776187420000
1776187422.166,222.166,0.89,170.0,0.88,120.0,0.9,19.7,0.91,111.0,0.1,19.7,0.09,111.0,0.11,170.0,0.12,120.0,0.01,0.01,2343.816125,1776187421000
1776187422.9,222.9,0.89,1.0,0.88,120.0,0.9,24.7,0.91,27.0,0.1,19.7,0.09,111.0,0.11,170.0,0.12,120.0,0.01,0.01,2343.816125,1776187421000
1776187423.329,223.329,0.89,1.0,0.88,120.0,0.9,24.7,0.91,27.0,0.1,24.7,0.09,27.0,0.11,1.0,0.12,120.0,0.01,0.01,2343.795271,1776187422000
1776187424.354,224.354,0.89,1.0,0.88,120.0,0.9,24.7,0.91,27.0,0.1,24.7,0.09,27.0,0.11,1.0,0.12,120.0,0.01,0.01,2343.790296,1776187423000
1776187424.595,224.595,0.92,22.0,0.91,230.0,0.93,30.0,0.94,187.6,0.08,58.77,0.07,25.0,0.1,115.0,0.11,131.0,0.01,0.02,2343.790296,1776187423000
1776187424.932,224.932,0.92,22.0,0.91,230.0,0.93,30.0,0.94,187.6,0.07,30.0,0.06,187.6,0.08,22.0,0.09,230.0,0.01,0.01,2343.78641,1776187424000
1776187425.918,225.918,0.92,71.0,0.91,220.0,0.93,5.69,0.94,182.6,0.07,30.0,0.06,187.6,0.08,22.0,0.09,230.0,0.01,0.01,2343.78641,1776187424000
1776187426.452,226.452,0.91,183.66,0.9,219.0,0.94,133.8,0.95,184.8,0.07,5.69,0.06,182.6,0.08,71.0,0.09,220.0,0.03,0.01,2343.78641,1776187424000
1776187426.737,226.737,0.93,10.0,0.92,10.0,0.94,127.41,0.95,188.8,0.06,133.8,0.05,184.8,0.09,183.66,0.1,219.0,0.01,0.03,2343.785504,1776187425000
1776187427.289,227.289,0.91,93.32,0.9,225.0,0.94,122.41,0.95,194.8,0.06,122.41,0.05,194.8,0.09,93.32,0.1,225.0,0.03,0.03,2343.980155,1776187426000
1776187427.665,227.665,0.92,69.0,0.91,88.32,0.93,80.0,0.94,172.41,0.06,122.41,0.05,194.8,0.09,93.32,0.1,225.0,0.01,0.03,2343.980155,1776187426000
1776187428.027,228.027,0.92,69.0,0.91,88.32,0.93,80.0,0.94,172.41,0.07,80.0,0.06,172.41,0.08,69.0,0.09,88.32,0.01,0.01,2344.00322,1776187427000
1776187428.657,228.657,0.92,89.0,0.91,128.32,0.93,7.82,0.94,115.0,0.07,80.0,0.06,172.41,0.08,69.0,0.09,88.32,0.01,0.01,2344.00322,1776187427000
1776187429.707,229.707,0.92,94.0,0.91,128.32,0.93,4.78,0.94,65.0,0.07,4.78,0.06,65.0,0.08,94.0,0.09,128.32,0.01,0.01,2343.99811,1776187428000
1776187430.036,230.036,0.95,5.0,0.94,262.0,0.96,247.54,0.97,53.9,0.05,5.0,0.04,247.54,0.06,232.0,0.07,215.0,0.01,0.01,2343.99811,1776187428000
1776187430.357,230.357,0.95,5.0,0.94,262.0,0.96,239.21,0.97,53.9,0.04,239.21,0.03,53.9,0.05,5.0,0.06,262.0,0.01,0.01,2343.885353,1776187429000
1776187430.991,230.991,0.95,345.0,0.94,247.0,0.96,223.21,0.97,53.9,0.04,233.21,0.03,53.9,0.05,224.0,0.06,257.0,0.01,0.01,2343.885353,1776187429000
1776187431.611,231.611,0.95,320.0,0.94,247.0,0.96,120.07,0.97,46.0,0.04,222.16,0.03,46.0,0.05,345.0,0.06,247.0,0.01,0.01,2343.950115,1776187430000
1776187432.141,232.141,0.95,496.72,0.94,307.0,0.96,35.07,0.97,46.0,0.04,120.07,0.03,46.0,0.05,320.0,0.06,247.0,0.01,0.01,2343.950115,1776187430000
1776187432.524,232.524,0.95,496.72,0.94,307.0,0.96,35.07,0.97,46.0,0.04,35.07,0.03,46.0,0.05,496.72,0.06,307.0,0.01,0.01,2344.666762,1776187431000
1776187432.799,232.799,0.96,176.0,0.95,311.0,0.97,2.9,0.98,548.74,0.02,548.74,0.01,2830.6,0.05,330.0,0.06,312.0,0.01,0.03,2344.666762,1776187431000
1776187433.324,233.324,0.96,144.0,0.95,313.0,0.97,0.83,0.98,548.74,0.03,0.83,0.02,548.74,0.04,144.0,0.05,313.0,0.01,0.01,2345.187387,1776187432000
1776187433.714,233.714,0.96,219.0,0.95,338.8,0.97,8.96,0.98,560.04,0.03,0.83,0.02,548.74,0.04,144.0,0.05,313.0,0.01,0.01,2345.187387,1776187432000
1776187433.982,233.982,0.96,440.7,0.95,376.45,0.98,554.35,0.99,3230.6,0.02,554.35,0.01,3230.6,0.04,440.7,0.05,376.45,0.02,0.02,2345.241373,1776187433000
1776187434.497,234.497,0.97,188.0,0.96,375.7,0.98,563.62,0.99,3230.6,0.02,554.35,0.01,3230.6,0.04,440.7,0.05,376.45,0.01,0.02,2345.241373,1776187433000
1776187434.707,234.707,0.97,193.0,0.96,375.7,0.98,554.35,0.99,3230.6,0.02,555.38,0.01,3230.6,0.03,188.0,0.04,375.7,0.01,0.01,2345.241373,1776187433000
1776187435.279,235.279,0.97,322.01,0.96,346.7,0.98,538.95,0.99,3230.6,0.02,549.05,0.01,3230.6,0.03,184.0,0.04,375.7,0.01,0.01,2345.241373,1776187433000
1776187436.359,236.359,0.97,333.01,0.96,369.7,0.98,530.86,0.99,3230.6,0.02,530.86,0.01,3230.6,0.03,333.01,0.04,369.7,0.01,0.01,2345.24809,1776187435000
1776187436.728,236.728,0.97,404.7,0.96,381.7,0.98,530.16,0.99,2067.0,0.02,530.86,0.01,3230.6,0.03,333.01,0.04,369.7,0.01,0.01,2345.24809,1776187435000
1776187437.303,237.303,0.97,394.7,0.96,381.7,0.98,529.13,0.99,2067.0,0.02,530.16,0.01,2067.0,0.03,404.7,0.04,381.7,0.01,0.01,2345.24809,1776187435000
1776187437.624,237.624,0.97,394.7,0.96,381.7,0.98,529.13,0.99,2067.0,0.02,529.13,0.01,2067.0,0.03,394.7,0.04,381.7,0.01,0.01,2345.233477,1776187436000
1776187438.045,238.045,0.97,315.7,0.96,325.7,0.98,495.68,0.99,2067.0,0.02,529.13,0.01,2067.0,0.03,394.7,0.04,381.7,0.01,0.01,2345.233477,1776187436000
1776187438.605,238.605,0.97,332.7,0.96,303.7,0.98,470.68,0.99,2067.0,0.02,495.68,0.01,2067.0,0.03,315.7,0.04,325.7,0.01,0.01,2345.407652,1776187437000
1776187439.375,239.375,0.97,342.7,0.96,293.7,0.98,409.68,0.99,2067.0,0.02,470.68,0.01,2067.0,0.03,332.7,0.04,293.7,0.01,0.01,2345.407652,1776187437000
1776187439.596,239.596,0.97,342.7,0.96,293.7,0.98,409.68,0.99,2067.0,0.02,409.68,0.01,2067.0,0.03,342.7,0.04,293.7,0.01,0.01,2345.45862,1776187438000
1776187440.372,240.372,0.97,342.7,0.96,293.7,0.98,409.68,0.99,2067.0,0.02,409.68,0.01,2067.0,0.03,342.7,0.04,293.7,0.01,0.01,2345.506904,1776187439000
1776187441.848,241.848,0.97,342.7,0.96,293.7,0.98,409.68,0.99,2067.0,0.02,409.68,0.01,2067.0,0.03,342.7,0.04,293.7,0.01,0.01,2345.656392,1776187440000
1776187442.792,242.792,0.97,342.7,0.96,293.7,0.98,409.68,0.99,2067.0,0.02,409.68,0.01,2067.0,0.03,342.7,0.04,293.7,0.01,0.01,2345.670973,1776187441000
1776187443.405,243.405,0.97,342.7,0.96,293.7,0.98,409.68,0.99,2067.0,0.02,409.68,0.01,2067.0,0.03,342.7,0.04,293.7,0.01,0.01,2345.670576,1776187442000
1776187444.083,244.083,0.97,342.7,0.96,293.7,0.98,409.68,0.99,2067.0,0.02,409.68,0.01,2067.0,0.03,342.7,0.04,293.7,0.01,0.01,2345.83668,1776187443000
1776187444.951,244.951,0.97,342.7,0.96,293.7,0.98,409.68,0.99,2067.0,0.02,409.68,0.01,2067.0,0.03,342.7,0.04,293.7,0.01,0.01,2345.844085,1776187444000
1776187445.945,245.945,0.97,342.7,0.96,293.7,0.98,409.68,0.99,2067.0,0.02,409.68,0.01,2067.0,0.03,342.7,0.04,293.7,0.01,0.01,2345.900935,1776187445000
1776187446.924,246.924,0.97,342.7,0.96,293.7,0.98,409.68,0.99,2067.0,0.02,409.68,0.01,2067.0,0.03,342.7,0.04,293.7,0.01,0.01,2345.904364,1776187446000
1776187447.27,247.27,0.97,282.7,0.96,168.7,0.98,407.64,0.99,2067.0,0.02,409.68,0.01,2067.0,0.03,342.7,0.04,293.7,0.01,0.01,2345.904364,1776187446000
1776187447.502,247.502,0.97,257.7,0.96,163.7,0.98,279.64,0.99,2067.0,0.02,326.64,0.01,2067.0,0.03,272.7,0.04,168.7,0.01,0.01,2345.904364,1776187446000
1776187447.714,247.714,0.98,45.0,0.97,301.25,0.99,1886.63,,,0.01,1946.63,,,0.02,40.0,0.03,229.25,0.01,0.01,2345.904364,1776187446000
1776187447.949,247.949,0.98,14.94,0.97,203.25,0.99,1987.37,,,0.01,1987.37,,,0.02,15.0,0.03,203.25,0.01,0.01,2345.904364,1776187446000
1776187448.902,248.902,0.98,12.16,0.97,198.25,0.99,1942.41,,,0.01,1942.41,,,0.02,12.16,0.03,198.25,0.01,0.01,2345.809977,1776187448000
1776187449.841,249.841,0.98,39.16,0.97,180.25,0.99,1905.39,,,0.01,1922.41,,,0.02,39.16,0.03,180.25,0.01,0.01,2345.809977,1776187448000
1776187450.583,250.583,0.98,39.16,0.97,190.25,0.99,1817.06,,,0.01,1832.06,,,0.02,39.16,0.03,180.25,0.01,0.01,2345.817806,1776187449000
1776187450.786,250.786,0.98,39.16,0.97,190.25,0.99,1788.77,,,0.01,1817.06,,,0.02,39.16,0.03,190.25,0.01,0.01,2345.817806,1776187449000
1776187451.281,251.281,0.98,39.16,0.97,190.25,0.99,1744.69,,,0.01,1753.69,,,0.02,39.16,0.03,190.25,0.01,0.01,2345.817806,1776187449000
1776187451.722,251.722,0.97,317.35,0.96,158.7,0.99,1585.84,,,0.01,1600.54,,,0.03,186.35,0.04,258.7,0.02,0.02,2345.839545,1776187450000
1776187452.127,252.127,0.98,20.0,0.97,311.35,0.99,1560.84,,,0.01,1585.84,,,0.03,317.35,0.04,158.7,0.01,0.02,2345.839545,1776187450000
1776187452.68,252.68,0.98,120.0,0.97,351.35,0.99,1190.12,,,0.01,1206.22,,,0.02,20.0,0.03,361.35,0.01,0.01,2345.86052,1776187451000
1776187452.966,252.966,0.98,120.0,0.97,503.84,0.99,1163.85,,,0.01,1169.91,,,0.02,120.0,0.03,351.35,0.01,0.01,2345.86052,1776187451000
1776187453.202,253.202,0.98,120.0,0.97,503.84,0.99,1126.8,,,0.01,1131.85,,,0.02,120.0,0.03,503.84,0.01,0.01,2345.86052,1776187451000
1776187453.465,253.465,0.98,130.0,0.97,493.84,0.99,1116.7,,,0.01,1126.8,,,0.02,120.0,0.03,503.84,0.01,0.01,2345.875505,1776187452000
1776187453.721,253.721,0.98,130.0,0.97,493.84,0.99,1115.68,,,0.01,1116.7,,,0.02,130.0,0.03,493.84,0.01,0.01,2345.875505,1776187452000
1776187454.056,254.056,0.98,130.0,0.97,493.84,0.99,1110.63,,,0.01,1115.68,,,0.02,130.0,0.03,493.84,0.01,0.01,2345.875505,1776187452000
1776187454.298,254.298,0.98,130.0,0.97,493.84,0.99,1090.42,,,0.01,1090.42,,,0.02,130.0,0.03,493.84,0.01,0.01,2345.86361,1776187453000
1776187454.943,254.943,0.98,145.0,0.97,493.84,0.99,1050.32,,,0.01,1060.42,,,0.02,135.0,0.03,493.84,0.01,0.01,2345.86361,1776187453000
1776187455.275,255.275,0.98,145.0,0.97,493.84,0.99,1050.32,,,0.01,1050.32,,,0.02,145.0,0.03,493.84,0.01,0.01,2345.91834,1776187454000
1776187456.333,256.333,0.98,145.0,0.97,493.84,0.99,1050.32,,,0.01,1050.32,,,0.02,145.0,0.03,493.84,0.01,0.01,2345.941965,1776187455000
1776187456.815,256.815,0.98,225.0,0.97,388.84,0.99,949.32,,,0.01,1050.32,,,0.02,145.0,0.03,493.84,0.01,0.01,2345.941965,1776187455000
1776187457.662,257.662,0.98,225.0,0.97,246.35,0.99,848.32,,,0.01,949.32,,,0.02,225.0,0.03,236.35,0.01,0.01,2345.941965,1776187455000
1776187458.021,258.021,0.98,225.0,0.97,246.35,0.99,848.32,,,0.01,848.32,,,0.02,225.0,0.03,246.35,0.01,0.01,2345.87118,1776187456000
1776187458.699,258.699,0.98,225.0,0.97,246.35,0.99,818.32,,,0.01,818.32,,,0.02,225.0,0.03,246.35,0.01,0.01,2345.373604,1776187457000
1776187459.28,259.28,0.98,50.0,0.97,246.35,0.99,806.32,,,0.01,806.32,,,0.02,50.0,0.03,246.35,0.01,0.01,2345.098443,1776187458000
1776187460.915,260.915,0.98,50.0,0.97,246.35,0.99,806.32,,,0.01,806.32,,,0.02,50.0,0.03,246.35,0.01,0.01,2344.848263,1776187459000
1776187461.891,261.891,0.98,50.0,0.97,246.35,0.99,806.32,,,0.01,806.32,,,0.02,50.0,0.03,246.35,0.01,0.01,2344.805959,1776187460000
1776187462.612,262.612,0.98,50.0,0.97,246.35,0.99,806.32,,,0.01,806.32,,,0.02,50.0,0.03,246.35,0.01,0.01,2344.752343,1776187461000
1776187463.218,263.218,0.98,50.0,0.97,246.35,0.99,806.32,,,0.01,806.32,,,0.02,50.0,0.03,246.35,0.01,0.01,2344.723496,1776187462000
1776187464.612,264.612,0.98,50.0,0.97,246.35,0.99,806.32,,,0.01,806.32,,,0.02,50.0,0.03,246.35,0.01,0.01,2344.645197,1776187463000
1776187465.187,265.187,0.98,50.0,0.97,246.35,0.99,806.32,,,0.01,806.32,,,0.02,50.0,0.03,246.35,0.01,0.01,2344.608123,1776187464000
1776187466.379,266.379,0.98,50.0,0.97,246.35,0.99,806.32,,,0.01,806.32,,,0.02,50.0,0.03,246.35,0.01,0.01,2344.588997,1776187465000
1776187467.079,267.079,0.98,50.0,0.97,246.35,0.99,806.32,,,0.01,806.32,,,0.02,50.0,0.03,246.35,0.01,0.01,2344.579985,1776187466000
1776187468.837,268.837,0.98,50.0,0.97,246.35,0.99,806.32,,,0.01,806.32,,,0.02,50.0,0.03,246.35,0.01,0.01,2344.583794,1776187467000
1776187469.431,269.431,0.98,50.0,0.97,246.35,0.99,806.32,,,0.01,806.32,,,0.02,50.0,0.03,246.35,0.01,0.01,2344.577915,1776187468000
1776187470.142,270.142,0.98,50.0,0.97,246.35,0.99,806.32,,,0.01,806.32,,,0.02,50.0,0.03,246.35,0.01,0.01,2344.577791,1776187469000
1776187470.43,270.43,0.98,50.0,0.97,246.35,0.99,705.32,,,0.01,806.32,,,0.02,50.0,0.03,246.35,0.01,0.01,2344.577791,1776187469000
1776187470.664,270.664,0.98,50.0,0.97,251.7,0.99,678.66,,,0.01,778.66,,,0.02,50.0,0.03,251.7,0.01,0.01,2344.577791,1776187469000
1776187471.107,271.107,0.98,122.86,0.97,193.7,0.99,350.94,,,0.01,451.96,,,0.02,102.67,0.03,173.7,0.01,0.01,2344.577791,1776187469000
1776187471.537,271.537,0.98,122.86,0.97,193.7,0.99,350.94,,,0.01,350.94,,,0.02,122.86,0.03,193.7,0.01,0.01,2344.686685,1776187470000
1776187471.871,271.871,0.98,144.86,0.97,183.7,0.99,249.92,,,0.01,350.94,,,0.02,122.86,0.03,193.7,0.01,0.01,2344.686685,1776187470000
1776187472.238,272.238,0.98,149.86,0.97,183.7,0.99,96.92,,,0.01,96.92,,,0.02,149.86,0.03,183.7,0.01,0.01,2344.784741,1776187471000
1776187472.973,272.973,0.98,179.86,0.97,183.7,0.99,91.87,,,0.01,96.92,,,0.02,149.86,0.03,183.7,0.01,0.01,2344.784741,1776187471000
1776187473.414,273.414,0.98,179.86,0.97,183.7,0.99,57.85,,,0.01,58.87,,,0.02,179.86,0.03,183.7,0.01,0.01,2344.784741,1776187471000
1776187473.655,273.655,0.99,43.16,0.98,179.86,,,,,0.01,57.85,,,0.02,179.86,0.03,183.7,,0.01,2345.22542,1776187472000
1776187474.327,274.327,0.99,43.16,0.98,179.86,,,,,,,,,0.01,43.16,0.02,179.86,,,2345.32285,1776187473000
1776187475.408,275.408,0.99,528.6,0.98,144.86,,,,,,,,,0.01,43.16,0.02,179.86,,,2345.32285,1776187473000
1776187476.085,276.085,0.99,528.6,0.98,144.86,,,,,,,,,0.01,528.6,0.02,144.86,,,2345.09313,1776187475000
1776187476.314,276.314,0.99,546.55,0.98,154.86,,,,,,,,,0.01,528.6,0.02,144.86,,,2345.09313,1776187475000
1776187477.253,277.253,0.99,546.55,0.98,154.86,,,,,,,,,0.01,546.55,0.02,154.86,,,2344.861982,1776187476000
1776187478.385,278.385,0.99,576.05,0.98,110.19,,,,,,,,,0.01,576.05,0.02,110.19,,,2344.83041,1776187477000
1776187478.648,278.648,0.99,561.1,0.98,100.19,,,,,,,,,0.01,576.05,0.02,110.19,,,2344.83041,1776187477000
1776187479.414,279.414,0.99,561.1,0.98,100.19,,,,,,,,,0.01,561.1,0.02,100.19,,,2344.571457,1776187478000
1776187479.931,279.931,0.99,561.1,0.98,100.19,,,,,,,,,0.01,561.1,0.02,100.19,,,2344.513779,1776187479000
1776187481.101,281.101,0.99,561.1,0.98,100.19,,,,,,,,,0.01,561.1,0.02,100.19,,,2344.454381,1776187480000
1776187482.247,282.247,0.99,561.1,0.98,100.19,,,,,,,,,0.01,561.1,0.02,100.19,,,2344.700325,1776187481000
1776187483.325,283.325,0.99,561.1,0.98,100.19,,,,,,,,,0.01,561.1,0.02,100.19,,,2344.734435,1776187482000
1776187483.881,283.881,0.99,561.1,0.98,100.19,,,,,,,,,0.01,561.1,0.02,100.19,,,2344.72347,1776187483000
1776187485.016,285.016,0.99,561.1,0.98,100.19,,,,,,,,,0.01,561.1,0.02,100.19,,,2344.64863,1776187484000
1776187486.097,286.097,0.99,561.1,0.98,100.19,,,,,,,,,0.01,561.1,0.02,100.19,,,2344.656911,1776187485000
1776187486.839,286.839,0.99,3259.51,0.98,70.19,,,,,,,,,0.01,561.1,0.02,100.19,,,2344.656911,1776187485000
1776187487.217,287.217,0.99,3259.51,0.98,70.19,,,,,,,,,0.01,3259.51,0.02,70.19,,,2344.502816,1776187486000
1776187488.345,288.345,0.99,3259.51,0.98,70.19,,,,,,,,,0.01,3259.51,0.02,70.19,,,2344.397459,1776187487000
1776187488.903,288.903,0.99,3289.56,0.98,60.19,,,,,,,,,0.01,3259.51,0.02,70.19,,,2344.397459,1776187487000
1776187489.535,289.535,0.99,3289.56,0.98,60.19,,,,,,,,,0.01,3289.56,0.02,60.19,,,2344.403432,1776187488000
1776187490.524,290.524,0.99,3289.56,0.98,60.19,,,,,,,,,0.01,3289.56,0.02,60.19,,,2344.367795,1776187489000
1776187491.143,291.143,0.99,3291.99,0.98,269.19,,,,,,,,,0.01,3291.99,0.02,269.19,,,2344.302695,1776187490000
1776187492.192,292.192,0.99,3291.99,0.98,269.19,,,,,,,,,0.01,3291.99,0.02,269.19,,,2344.188413,1776187491000
1776187493.201,293.201,0.99,3291.99,0.98,269.19,,,,,,,,,0.01,3291.99,0.02,269.19,,,2344.29471,1776187492000
1776187494.274,294.274,0.99,3291.99,0.98,269.19,,,,,,,,,0.01,3291.99,0.02,269.19,,,2344.272271,1776187493000
1776187495.411,295.411,0.99,3291.99,0.98,269.19,,,,,,,,,0.01,3291.99,0.02,269.19,,,2344.211408,1776187494000
1776187495.947,295.947,0.99,3291.99,0.98,269.19,,,,,,,,,0.01,3291.99,0.02,269.19,,,2344.281564,1776187495000
1776187497.016,297.016,0.99,3291.99,0.98,269.19,,,,,,,,,0.01,3291.99,0.02,269.19,,,2344.32977,1776187496000
1776187498.017,298.017,0.99,3291.99,0.98,269.19,,,,,,,,,0.01,3291.99,0.02,269.19,,,2344.32178,1776187497000
1776187498.957,298.957,0.99,3291.99,0.98,269.19,,,,,,,,,0.01,3291.99,0.02,269.19,,,2344.306575,1776187498000
1776187500.095,300.095,0.99,3291.99,0.98,269.19,,,,,,,,,0.01,3291.99,0.02,269.19,,,2344.30547,1776187499000

# RESULT,winner=Up,slug=eth-updown-5m-1776187200,ticks=496
