timestamp,elapsed_sec,up_bid_p1,up_bid_s1,up_bid_p2,up_bid_s2,up_ask_p1,up_ask_s1,up_ask_p2,up_ask_s2,down_bid_p1,down_bid_s1,down_bid_p2,down_bid_s2,down_ask_p1,down_ask_s1,down_ask_p2,down_ask_s2,up_spread,down_spread,eth_price,eth_oracle_ts
1776267901.055,1.055,0.45,9.58,0.4,38.0,0.56,5.0,0.6,38.0,0.44,5.0,0.4,38.0,0.55,9.58,0.6,38.0,0.11,0.11,2333.37144,1776267900000
1776267901.577,1.577,0.4,26.75,0.36,13.89,0.47,5.0,0.48,5.0,0.44,98.0,0.43,13.0,0.6,29.25,0.61,34.0,0.07,0.16,2333.37144,1776267900000
1776267902.433,2.433,0.42,2.56,0.41,22.0,0.48,16.0,0.51,5.0,0.53,5.0,0.52,5.0,0.6,26.75,0.64,13.89,0.06,0.07,2333.26162,1776267901000
1776267902.764,2.764,0.46,23.0,0.42,13.56,0.48,21.0,0.49,5.0,0.52,16.0,0.49,5.0,0.58,2.56,0.59,22.0,0.02,0.06,2333.26162,1776267901000
1776267903.269,3.269,0.47,3.0,0.46,23.0,0.48,24.0,0.49,68.75,0.52,21.0,0.51,5.0,0.54,23.0,0.58,13.56,0.01,0.02,2333.26162,1776267901000
1776267903.977,3.977,0.46,38.95,0.45,38.0,0.47,10.0,0.48,40.0,0.53,10.0,0.52,25.0,0.54,12.12,0.55,10.0,0.01,0.01,2332.959713,1776267902000
1776267904.697,4.697,0.46,43.12,0.45,49.0,0.47,4.36,0.48,35.0,0.53,10.0,0.52,40.0,0.54,38.95,0.55,38.0,0.01,0.01,2333.054951,1776267903000
1776267905.114,5.114,0.46,58.12,0.45,49.0,0.48,34.36,0.49,24.75,0.53,4.36,0.52,35.0,0.54,43.12,0.55,49.0,0.02,0.01,2333.081714,1776267904000
1776267906.341,6.341,0.46,32.12,0.45,38.0,0.47,5.82,0.48,24.36,0.52,34.36,0.51,24.75,0.54,58.12,0.55,49.0,0.01,0.02,2333.056475,1776267905000
1776267908.335,8.335,0.46,12.12,0.43,30.0,0.47,64.82,0.48,42.36,0.53,5.82,0.52,24.36,0.54,32.12,0.55,38.0,0.01,0.01,2333.040246,1776267907000
1776267908.6,8.6,0.43,30.0,0.42,15.0,0.47,94.82,0.48,42.36,0.53,64.82,0.52,42.36,0.54,12.12,0.57,30.0,0.04,0.01,2333.040246,1776267907000
1776267910.218,10.218,0.4,5.26,0.39,132.0,0.41,20.0,0.42,20.0,0.55,5.0,0.54,30.0,0.57,30.0,0.58,15.0,0.01,0.02,2332.991539,1776267908000
1776267910.739,10.739,0.39,119.79,0.38,30.0,0.4,55.5,0.41,27.0,0.59,7.0,0.58,30.0,0.61,134.79,0.62,148.0,0.01,0.02,2332.92248,1776267909000
1776267911.41,11.41,0.37,10.0,0.36,180.89,0.4,577.5,0.41,200.0,0.6,55.5,0.59,27.0,0.61,119.79,0.62,30.0,0.03,0.01,2332.92248,1776267909000
1776267912.33,12.33,0.36,124.32,0.35,20.0,0.37,180.0,0.38,544.5,0.63,30.0,0.62,30.5,0.64,131.39,0.65,34.5,0.01,0.01,2332.6476,1776267910000
1776267912.587,12.587,0.36,5.0,0.35,117.0,0.37,59.34,0.38,25.5,0.63,180.0,0.62,544.5,0.64,124.32,0.65,20.0,0.01,0.01,2332.500296,1776267911000
1776267913.013,13.013,0.36,138.88,0.35,620.0,0.37,20.0,0.38,146.5,0.63,10.0,0.62,49.5,0.64,6.96,0.65,612.0,0.01,0.01,2332.500296,1776267911000
1776267913.329,13.329,0.36,643.72,0.35,155.5,0.37,5.0,0.38,14.0,0.63,18.1,0.62,146.5,0.64,143.88,0.65,630.5,0.01,0.01,2332.1921,1776267912000
1776267913.724,13.724,0.38,530.0,0.37,195.5,0.39,77.0,0.41,10.5,0.63,5.0,0.62,14.0,0.64,757.15,0.65,40.5,0.01,0.01,2332.1921,1776267912000
1776267914.059,14.059,0.38,795.0,0.37,83.5,0.39,38.84,0.4,13.0,0.61,68.84,0.59,15.5,0.62,790.0,0.63,83.5,0.01,0.01,2332.1921,1776267912000
1776267914.261,14.261,0.38,777.16,0.37,93.5,0.39,33.84,0.4,20.5,0.61,33.84,0.6,13.0,0.62,795.0,0.63,83.5,0.01,0.01,2332.1921,1776267912000
1776267915.837,15.837,0.38,832.66,0.37,112.5,0.41,10.0,0.42,70.5,0.61,33.84,0.6,20.5,0.62,777.16,0.63,93.5,0.03,0.01,2331.996281,1776267914000
1776267916.164,16.164,0.41,321.0,0.4,38.5,0.42,10.0,0.44,65.0,0.58,70.5,0.57,10.0,0.59,25.0,0.6,33.0,0.01,0.01,2331.996281,1776267914000
1776267916.435,16.435,0.46,50.0,0.44,21.36,0.49,9.11,0.5,15.0,0.56,60.0,0.53,37.0,0.59,943.0,0.6,188.5,0.03,0.03,2332.370858,1776267915000
1776267916.702,16.702,0.47,10.0,0.46,70.0,0.5,8.72,0.52,10.63,0.51,4.92,0.5,15.0,0.54,75.86,0.55,10.0,0.03,0.03,2332.370858,1776267915000
1776267917.112,17.112,0.52,8.98,0.51,283.95,0.53,20.5,0.54,68.0,0.48,0.63,0.47,10.0,0.49,37.95,0.5,83.28,0.01,0.01,2332.370858,1776267915000
1776267917.406,17.406,0.52,701.0,0.51,167.95,0.53,9.5,0.54,68.0,0.47,9.5,0.46,68.0,0.48,121.0,0.49,162.95,0.01,0.01,2332.4023,1776267916000
1776267918.221,18.221,0.52,694.43,0.51,199.15,0.53,9.5,0.54,185.0,0.47,9.5,0.46,68.0,0.48,701.0,0.49,167.95,0.01,0.01,2332.4023,1776267916000
1776267918.815,18.815,0.53,92.68,0.52,110.0,0.54,195.0,0.55,497.0,0.47,2.7,0.46,185.0,0.48,694.43,0.49,199.15,0.01,0.01,2332.4023,1776267916000
1776267919.47,19.47,0.52,11.06,0.51,55.0,0.53,252.0,0.54,688.0,0.46,195.0,0.45,497.0,0.47,92.68,0.48,110.0,0.01,0.01,2333.467818,1776267917000
1776267919.694,19.694,0.52,21.06,0.51,50.0,0.53,294.57,0.54,690.5,0.47,252.0,0.46,688.0,0.48,11.06,0.49,55.0,0.01,0.01,2333.633332,1776267918000
1776267920.312,20.312,0.52,30.0,0.51,60.0,0.53,774.57,0.54,215.5,0.47,279.57,0.46,690.5,0.48,31.06,0.49,50.0,0.01,0.01,2333.633332,1776267918000
1776267920.968,20.968,0.52,38.7,0.51,71.0,0.53,269.57,0.54,715.5,0.47,774.57,0.46,215.5,0.48,30.0,0.49,60.0,0.01,0.01,2333.711785,1776267919000
1776267921.405,21.405,0.52,688.5,0.51,141.5,0.54,83.5,0.55,10.5,0.47,269.57,0.46,715.5,0.48,38.7,0.49,71.0,0.02,0.01,2333.66904,1776267920000
1776267921.803,21.803,0.53,644.15,0.52,187.5,0.54,20.0,0.55,15.5,0.46,80.5,0.45,15.5,0.47,146.0,0.48,667.5,0.01,0.01,2333.66904,1776267920000
1776267923.164,23.164,0.53,821.89,0.52,70.5,0.54,20.0,0.56,38.89,0.46,20.0,0.45,15.5,0.47,644.15,0.48,187.5,0.01,0.01,2333.68012,1776267922000
1776267923.373,23.373,0.55,10.0,0.54,20.5,0.56,36.39,0.57,40.5,0.44,41.39,0.43,40.5,0.47,822.89,0.48,89.5,0.01,0.03,2333.68012,1776267922000
1776267923.716,23.716,0.56,33.61,0.55,57.0,0.57,40.5,0.58,132.0,0.44,36.39,0.43,40.5,0.45,10.0,0.46,20.5,0.01,0.01,2333.68012,1776267922000
1776267926.799,26.799,0.61,10.0,0.6,27.0,0.62,107.0,0.63,100.0,0.43,45.5,0.42,132.0,0.44,20.88,0.45,52.0,0.01,0.01,2334.056372,1776267925000
1776267927.273,27.273,0.62,200.43,0.61,657.5,0.63,50.0,0.64,117.0,0.38,107.0,0.37,100.0,0.39,10.0,0.4,27.0,0.01,0.01,2334.082065,1776267926000
1776267929.573,29.573,0.66,185.0,0.65,525.5,0.67,103.5,0.68,23.0,0.37,50.0,0.36,117.0,0.38,200.43,0.39,657.5,0.01,0.01,2334.736868,1776267928000
1776267929.987,29.987,0.66,635.29,0.65,173.5,0.68,150.5,0.69,105.0,0.33,103.5,0.32,23.0,0.34,185.0,0.35,525.5,0.02,0.01,2334.736868,1776267928000
1776267930.77,30.77,0.67,67.07,0.66,650.29,0.68,155.42,0.69,225.0,0.32,150.5,0.31,105.0,0.34,635.29,0.35,173.5,0.01,0.02,2334.951133,1776267929000
1776267931.688,31.688,0.67,615.53,0.66,322.79,0.68,14.02,0.69,136.0,0.32,150.49,0.31,225.0,0.33,94.53,0.34,650.29,0.01,0.01,2335.064754,1776267930000
1776267932.265,32.265,0.67,19.53,0.65,10.0,0.68,930.99,0.69,164.0,0.32,14.02,0.31,136.0,0.33,615.53,0.34,322.79,0.01,0.01,2335.156645,1776267931000
1776267932.633,32.633,0.65,10.0,0.64,80.5,0.66,53.28,0.67,303.5,0.32,946.99,0.31,164.0,0.35,10.0,0.36,60.0,0.01,0.03,2335.156645,1776267931000
1776267933.321,33.321,0.65,47.69,0.64,80.5,0.66,43.12,0.67,303.5,0.34,43.12,0.33,303.5,0.35,37.69,0.36,80.5,0.01,0.01,2335.20205,1776267932000
1776267934.391,34.391,0.65,22.69,0.64,70.0,0.66,922.5,0.67,170.5,0.34,41.6,0.33,303.5,0.35,47.69,0.36,80.5,0.01,0.01,2335.20205,1776267932000
1776267935.07,35.07,0.64,75.0,0.63,337.5,0.65,15.23,0.66,917.5,0.34,927.5,0.33,170.5,0.36,70.0,0.37,212.0,0.01,0.02,2335.164154,1776267933000
1776267935.969,35.969,0.64,343.5,0.63,615.5,0.65,13.09,0.66,10.0,0.35,5.37,0.34,917.5,0.36,80.0,0.37,337.5,0.01,0.01,2335.106788,1776267934000
1776267936.903,36.903,0.64,80.0,0.63,116.5,0.66,373.06,0.67,144.5,0.35,13.09,0.34,10.0,0.36,343.5,0.37,615.5,0.02,0.01,2334.954113,1776267935000
1776267938.258,38.258,0.67,212.16,0.66,734.5,0.68,25.0,0.7,781.5,0.34,910.06,0.33,162.5,0.35,5.0,0.36,75.0,0.01,0.01,2334.852685,1776267936000
1776267940.48,40.48,0.67,25.0,0.66,36.5,0.68,244.52,0.69,778.5,0.32,25.0,0.3,781.5,0.33,208.82,0.34,734.5,0.01,0.01,2335.013381,1776267939000
1776267941.073,41.073,0.67,20.0,0.66,25.0,0.68,846.5,0.69,173.5,0.32,244.52,0.31,778.5,0.33,25.0,0.34,36.5,0.01,0.01,2335.213945,1776267940000
1776267942.658,42.658,0.67,4.0,0.66,25.0,0.68,779.44,0.69,188.5,0.32,877.5,0.31,183.5,0.33,9.0,0.34,25.0,0.01,0.01,2335.236477,1776267941000
1776267944.261,44.261,0.67,175.86,0.66,242.5,0.68,461.0,0.69,320.5,0.32,779.44,0.31,188.5,0.33,4.0,0.34,25.0,0.01,0.01,2335.137865,1776267942000
1776267945.207,45.207,0.68,61.87,0.67,150.86,0.69,668.5,0.7,187.5,0.32,461.0,0.31,320.5,0.33,175.86,0.34,242.5,0.01,0.01,2335.128732,1776267944000
1776267947.507,47.507,0.67,20.86,0.65,105.0,0.68,847.5,0.69,96.5,0.31,671.9,0.3,187.5,0.32,61.87,0.33,150.86,0.01,0.01,2335.150934,1776267946000
1776267947.868,47.868,0.65,105.0,0.64,302.0,0.66,687.98,0.67,162.5,0.32,889.5,0.31,96.5,0.35,105.0,0.36,185.0,0.01,0.03,2335.150934,1776267946000
1776267949.009,49.009,0.67,454.5,0.66,691.5,0.69,45.0,0.7,160.5,0.34,687.98,0.33,162.5,0.35,105.0,0.36,302.0,0.02,0.01,2335.117044,1776267947000
1776267949.701,49.701,0.68,180.0,0.67,419.5,0.69,53.52,0.7,640.5,0.31,45.0,0.3,160.5,0.33,454.5,0.34,691.5,0.01,0.02,2335.07102,1776267948000
1776267951.021,51.021,0.69,210.0,0.68,879.37,0.71,651.5,0.72,143.0,0.31,53.52,0.3,640.5,0.32,181.87,0.33,419.5,0.02,0.01,2335.014871,1776267949000
1776267951.75,51.75,0.69,120.0,0.68,115.0,0.7,617.7,0.71,168.5,0.29,651.5,0.28,143.0,0.31,210.0,0.32,879.37,0.01,0.02,2335.156869,1776267950000
1776267951.952,51.952,0.69,262.0,0.68,240.5,0.7,4.85,0.71,35.5,0.3,617.7,0.29,168.5,0.31,120.0,0.32,115.0,0.01,0.01,2335.156869,1776267950000
1776267954.236,54.236,0.71,998.5,0.7,204.5,0.72,4.51,0.73,10.0,0.3,4.85,0.29,35.5,0.31,262.0,0.32,240.5,0.01,0.01,2335.28631,1776267953000
1776267954.523,54.523,0.73,151.0,0.72,330.0,0.74,32.25,0.76,140.0,0.27,10.0,0.26,39.0,0.29,1030.5,0.3,214.5,0.01,0.02,2335.28631,1776267953000
1776267955.83,55.83,0.75,190.0,0.74,192.5,0.76,731.0,0.77,194.5,0.24,150.5,0.23,160.0,0.27,311.0,0.28,225.5,0.01,0.03,2335.28863,1776267954000
1776267956.133,56.133,0.75,160.0,0.74,167.5,0.76,728.0,0.77,194.5,0.24,728.0,0.23,194.5,0.25,190.0,0.26,192.5,0.01,0.01,2335.703581,1776267955000
1776267957.525,57.525,0.72,15.0,0.71,160.5,0.73,694.24,0.74,230.77,0.24,728.0,0.23,194.5,0.25,160.0,0.26,167.5,0.01,0.01,2335.89023,1776267956000
1776267959.748,59.748,0.73,211.79,0.72,407.5,0.74,22.27,0.75,67.0,0.27,694.24,0.26,230.77,0.28,15.0,0.29,160.5,0.01,0.01,2335.67555,1776267958000
1776267960.191,60.191,0.73,479.79,0.72,744.5,0.74,10.51,0.75,50.0,0.26,22.27,0.25,67.0,0.27,211.79,0.28,407.5,0.01,0.01,2335.67555,1776267958000
1776267960.599,60.599,0.74,205.5,0.73,424.79,0.75,49.51,0.76,674.0,0.25,51.18,0.24,655.0,0.27,489.79,0.28,719.5,0.01,0.02,2335.657305,1776267959000
1776267960.837,60.837,0.74,235.5,0.73,307.79,0.75,43.84,0.76,674.0,0.25,49.51,0.24,674.0,0.26,205.5,0.27,424.79,0.01,0.01,2335.657305,1776267959000
1776267961.257,61.257,0.74,407.5,0.73,307.79,0.75,41.82,0.76,559.0,0.25,83.49,0.24,559.0,0.26,407.5,0.27,307.79,0.01,0.01,2335.65731,1776267960000
1776267962.053,62.053,0.74,285.5,0.73,424.79,0.75,17.46,0.76,674.0,0.25,15.15,0.24,559.0,0.26,402.5,0.27,307.79,0.01,0.01,2335.65731,1776267960000
1776267962.611,62.611,0.74,205.5,0.73,309.79,0.75,681.38,0.76,196.0,0.25,17.46,0.24,674.0,0.26,285.5,0.27,424.79,0.01,0.01,2335.82221,1776267961000
1776267962.972,62.972,0.74,20.0,0.73,166.29,0.75,708.63,0.76,99.5,0.25,681.38,0.24,196.0,0.26,205.5,0.27,309.79,0.01,0.01,2335.82221,1776267961000
1776267963.188,63.188,0.74,10.0,0.73,125.5,0.75,847.33,0.76,99.5,0.25,708.63,0.24,99.5,0.26,20.0,0.27,166.29,0.01,0.01,2335.82221,1776267961000
1776267964.119,64.119,0.74,120.0,0.73,292.5,0.75,737.31,0.76,206.5,0.25,847.33,0.24,99.5,0.26,10.0,0.27,125.5,0.01,0.01,2335.931935,1776267962000
1776267965.851,65.851,0.74,559.93,0.73,677.5,0.75,44.33,0.76,69.0,0.25,737.31,0.24,206.5,0.26,120.0,0.27,292.5,0.01,0.01,2335.80376,1776267964000
1776267967.177,67.177,0.74,215.75,0.73,125.0,0.75,851.33,0.76,109.5,0.25,44.33,0.24,69.0,0.26,559.93,0.27,677.5,0.01,0.01,2335.771716,1776267965000
1776267967.419,67.419,0.74,215.75,0.73,125.0,0.75,860.66,0.76,99.5,0.25,851.33,0.24,109.5,0.26,215.75,0.27,125.0,0.01,0.01,2335.813368,1776267966000
1776267968.374,68.374,0.74,0.75,0.73,10.0,0.75,1028.82,0.76,230.5,0.25,854.32,0.24,99.5,0.26,215.75,0.27,125.0,0.01,0.01,2335.88511,1776267967000
1776267968.621,68.621,0.71,33.1,0.7,300.14,0.74,129.7,0.75,224.35,0.28,20.5,0.27,26.5,0.29,33.1,0.3,300.14,0.03,0.01,2335.88511,1776267967000
1776267969.64,69.64,0.7,200.14,0.69,108.69,0.71,854.32,0.72,129.0,0.26,129.7,0.25,224.35,0.29,33.1,0.3,300.14,0.01,0.03,2335.804968,1776267968000
1776267970.515,70.515,0.7,397.64,0.69,294.19,0.71,99.06,0.72,73.0,0.29,854.32,0.28,129.0,0.3,200.14,0.31,108.69,0.01,0.01,2335.672575,1776267969000
1776267971.128,71.128,0.7,402.64,0.69,294.19,0.71,89.06,0.72,188.0,0.29,99.06,0.28,73.0,0.3,397.64,0.31,294.19,0.01,0.01,2335.672575,1776267969000
1776267971.54,71.54,0.7,452.64,0.69,294.19,0.71,79.06,0.72,188.0,0.29,89.06,0.28,188.0,0.3,402.64,0.31,294.19,0.01,0.01,2335.323168,1776267970000
1776267972.963,72.963,0.7,235.14,0.69,411.19,0.71,623.59,0.72,200.0,0.29,79.06,0.28,188.0,0.3,452.64,0.31,294.19,0.01,0.01,2335.140839,1776267971000
1776267973.471,73.471,0.71,939.5,0.7,443.64,0.72,4.88,0.73,10.14,0.29,623.59,0.28,200.0,0.3,235.14,0.31,411.19,0.01,0.01,2335.280008,1776267972000
1776267973.716,73.716,0.72,934.5,0.71,282.32,0.75,55.85,0.76,109.0,0.27,9.4,0.25,73.85,0.29,970.32,0.3,437.64,0.03,0.02,2335.280008,1776267972000
1776267974.024,74.024,0.74,83.46,0.73,175.0,0.75,180.85,0.76,716.0,0.25,55.85,0.24,109.0,0.28,934.5,0.29,282.32,0.01,0.03,2335.280008,1776267972000
1776267976.768,76.768,0.74,228.46,0.73,327.5,0.75,180.18,0.76,721.0,0.25,180.85,0.24,716.0,0.26,83.46,0.27,175.0,0.01,0.01,2335.5384,1776267975000
1776267980.388,80.388,0.74,1032.28,0.73,221.5,0.75,2.86,0.76,40.0,0.25,180.18,0.24,721.0,0.26,228.46,0.27,327.5,0.01,0.01,2335.59529,1776267978000
1776267982.453,82.453,0.75,8.14,0.74,1043.82,0.76,35.0,0.77,322.0,0.25,2.86,0.24,40.0,0.26,1032.28,0.27,221.5,0.01,0.01,2335.76291,1776267981000
1776267982.883,82.883,0.75,316.64,0.74,987.82,0.76,35.0,0.77,332.0,0.24,35.0,0.23,322.0,0.25,8.14,0.26,1043.82,0.01,0.01,2335.76291,1776267981000
1776267984.358,84.358,0.76,285.5,0.75,983.64,0.77,165.0,0.78,212.0,0.24,35.0,0.23,332.0,0.25,316.64,0.26,987.82,0.01,0.01,2335.762985,1776267983000
1776267986.67,86.67,0.76,290.5,0.75,978.64,0.77,4.35,0.78,212.0,0.23,165.0,0.22,212.0,0.24,285.5,0.25,983.64,0.01,0.01,2335.875405,1776267985000
1776267987.387,87.387,0.76,905.5,0.75,407.64,0.78,197.0,0.79,180.0,0.23,4.35,0.22,212.0,0.24,290.5,0.25,978.64,0.02,0.01,2335.875865,1776267986000
1776267993.28,93.28,0.78,31.0,0.77,15.0,0.79,679.36,0.8,95.0,0.22,197.0,0.21,180.0,0.24,905.5,0.25,407.64,0.01,0.02,2335.89997,1776267991000
1776267993.605,93.605,0.78,12.0,0.77,20.0,0.79,791.36,0.8,100.0,0.21,679.36,0.2,95.0,0.22,31.0,0.23,15.0,0.01,0.01,2335.895045,1776267992000
1776267994.023,94.023,0.78,11.0,0.77,20.0,0.79,790.09,0.8,100.0,0.21,791.36,0.2,100.0,0.22,12.0,0.23,20.0,0.01,0.01,2335.89722,1776267993000
1776267996.014,96.014,0.8,203.0,0.79,347.5,0.81,134.07,0.82,232.0,0.21,790.09,0.2,100.0,0.22,11.0,0.23,20.0,0.01,0.01,2335.88755,1776267994000
1776267996.403,96.403,0.8,258.0,0.79,220.5,0.81,635.93,0.82,232.0,0.19,588.01,0.18,232.0,0.2,228.0,0.21,220.5,0.01,0.01,2335.857635,1776267995000
1776267997.079,97.079,0.8,128.7,0.79,812.5,0.82,717.61,0.83,115.0,0.19,179.69,0.18,232.0,0.2,313.0,0.21,332.5,0.02,0.01,2335.857635,1776267995000
1776267997.81,97.81,0.83,87.0,0.82,451.5,0.84,49.22,0.85,829.0,0.18,717.61,0.17,115.0,0.2,128.7,0.21,812.5,0.01,0.02,2335.983811,1776267996000
1776267998.892,98.892,0.84,577.84,0.83,184.26,0.85,843.47,0.86,101.0,0.16,49.22,0.15,829.0,0.17,87.0,0.18,451.5,0.01,0.01,2336.176322,1776267997000
1776267999.184,99.184,0.84,72.0,0.83,72.0,0.85,835.59,0.86,121.0,0.15,842.59,0.14,101.0,0.16,102.0,0.17,127.0,0.01,0.01,2336.250132,1776267998000
1776267999.526,99.526,0.84,72.0,0.83,122.0,0.85,830.34,0.86,121.0,0.15,835.59,0.14,121.0,0.16,72.0,0.17,72.0,0.01,0.01,2336.250132,1776267998000
1776267999.805,99.805,0.83,105.0,0.82,232.5,0.85,830.34,0.86,131.0,0.15,825.34,0.14,121.0,0.16,63.56,0.17,67.0,0.02,0.01,2336.250132,1776267998000
1776268000.173,100.173,0.84,47.19,0.83,100.0,0.85,822.51,0.86,131.0,0.15,817.51,0.14,131.0,0.17,100.0,0.18,232.5,0.01,0.02,2336.61,1776267999000
1776268000.474,100.474,0.84,77.19,0.83,100.0,0.85,811.43,0.86,131.0,0.15,822.51,0.14,131.0,0.16,47.19,0.17,100.0,0.01,0.01,2336.61,1776267999000
1776268000.674,100.674,0.84,82.19,0.83,110.5,0.85,679.37,0.86,248.0,0.15,817.43,0.14,131.0,0.16,505.14,0.17,167.76,0.01,0.01,2336.61,1776267999000
1776268001.369,101.369,0.84,107.19,0.83,227.5,0.85,667.66,0.86,248.0,0.15,679.37,0.14,248.0,0.16,82.19,0.17,110.5,0.01,0.01,2336.61,1776267999000
1776268002.439,102.439,0.84,807.8,0.83,287.76,0.86,712.21,0.87,207.0,0.15,667.66,0.14,248.0,0.16,107.19,0.17,227.5,0.02,0.01,2336.60909,1776268001000
1776268002.855,102.855,0.85,185.0,0.84,186.37,0.86,610.0,0.87,65.0,0.14,712.21,0.13,207.0,0.16,807.8,0.17,287.76,0.01,0.02,2336.60909,1776268001000
1776268003.176,103.176,0.85,190.0,0.84,186.37,0.86,595.47,0.87,182.0,0.14,596.0,0.13,65.0,0.15,180.0,0.16,186.37,0.01,0.01,2336.594793,1776268002000
1776268003.535,103.535,0.85,185.0,0.84,186.37,0.86,578.77,0.87,182.0,0.14,588.77,0.13,182.0,0.15,190.0,0.16,186.37,0.01,0.01,2336.594793,1776268002000
1776268004.241,104.241,0.85,176.66,0.84,363.87,0.86,567.31,0.87,182.0,0.14,572.31,0.13,182.0,0.15,185.0,0.16,186.37,0.01,0.01,2336.594793,1776268002000
1776268004.652,104.652,0.86,908.5,0.85,163.16,0.87,0.28,0.91,22.0,0.14,567.31,0.13,182.0,0.15,176.66,0.16,363.87,0.01,0.01,2336.635168,1776268003000
1776268005.808,105.808,0.9,167.0,0.89,35.5,0.91,46.5,0.92,214.9,0.09,12.0,0.08,219.9,0.1,23.0,0.11,15.0,0.01,0.01,2336.73963,1776268004000
1776268006.161,106.161,0.9,134.5,0.89,85.5,0.91,655.72,0.92,331.9,0.09,46.5,0.08,214.9,0.1,149.5,0.11,35.5,0.01,0.01,2336.73963,1776268004000
1776268006.489,106.489,0.9,626.0,0.89,172.73,0.91,648.41,0.92,331.9,0.09,660.72,0.08,331.9,0.1,89.5,0.11,85.5,0.01,0.01,2336.73963,1776268004000
1776268007.605,107.605,0.89,60.0,0.88,100.5,0.91,754.22,0.92,214.9,0.09,648.41,0.08,331.9,0.1,626.0,0.11,172.73,0.02,0.01,2337.40319,1776268006000
1776268008.101,108.101,0.9,21.0,0.89,70.5,0.91,895.28,0.92,214.9,0.09,831.22,0.08,214.9,0.11,60.0,0.12,217.5,0.01,0.02,2337.40319,1776268006000
1776268008.971,108.971,0.9,101.74,0.89,197.5,0.91,702.22,0.92,247.0,0.09,895.28,0.08,214.9,0.1,21.0,0.11,70.5,0.01,0.01,2337.465475,1776268007000
1776268009.809,109.809,0.9,51.74,0.89,204.5,0.91,684.91,0.92,295.9,0.09,702.22,0.08,247.0,0.1,101.74,0.11,197.5,0.01,0.01,2337.325855,1776268008000
1776268011.415,111.415,0.88,199.5,0.87,86.5,0.91,948.91,0.92,257.9,0.09,684.91,0.08,295.9,0.1,51.74,0.11,204.5,0.03,0.01,2337.42463,1776268010000
1776268012.209,112.209,0.89,25.0,0.88,15.0,0.9,659.0,0.91,114.0,0.09,948.91,0.08,257.9,0.12,199.5,0.13,86.5,0.01,0.03,2337.42463,1776268010000
1776268013.12,113.12,0.89,261.71,0.88,190.5,0.9,551.71,0.91,229.0,0.1,659.0,0.09,114.0,0.11,15.0,0.12,15.0,0.01,0.01,2337.457415,1776268011000
1776268014.392,114.392,0.91,10.0,0.9,100.5,0.92,826.55,0.93,222.3,0.1,551.71,0.09,229.0,0.11,261.71,0.12,190.5,0.01,0.01,2337.239154,1776268013000
1776268014.698,114.698,0.91,177.01,0.9,228.5,0.92,709.55,0.93,162.0,0.08,826.55,0.07,222.3,0.09,10.0,0.1,100.5,0.01,0.01,2337.239154,1776268013000
1776268014.909,114.909,0.91,177.01,0.9,228.5,0.92,698.73,0.93,284.0,0.08,709.55,0.07,162.0,0.09,177.01,0.1,228.5,0.01,0.01,2337.239154,1776268013000
1776268016.414,116.414,0.91,182.01,0.9,228.5,0.92,688.5,0.93,251.0,0.08,698.73,0.07,284.0,0.09,177.01,0.1,228.5,0.01,0.01,2337.507024,1776268015000
1776268017.275,117.275,0.91,189.06,0.9,218.5,0.92,607.62,0.93,246.0,0.08,688.5,0.07,251.0,0.09,182.01,0.1,228.5,0.01,0.01,2337.579165,1776268016000
1776268018.342,118.342,0.92,5.0,0.91,60.5,0.93,881.42,0.94,269.8,0.08,607.62,0.07,246.0,0.09,143.61,0.1,218.5,0.01,0.01,2337.579165,1776268016000
1776268019.074,119.074,0.92,10.0,0.91,60.5,0.93,751.8,0.94,478.04,0.07,881.42,0.06,269.8,0.08,5.0,0.09,60.5,0.01,0.01,2337.579385,1776268017000
1776268019.711,119.711,0.92,65.0,0.91,187.5,0.93,615.21,0.94,384.8,0.07,622.37,0.06,478.04,0.09,70.5,0.1,323.5,0.01,0.02,2337.588825,1776268018000
1776268020.468,120.468,0.9,162.4,0.89,101.5,0.92,38.0,0.93,719.21,0.07,615.21,0.06,384.8,0.08,65.0,0.09,187.5,0.02,0.01,2337.64539,1776268019000
1776268021.665,121.665,0.89,47.5,0.88,192.5,0.9,660.0,0.91,91.0,0.08,38.0,0.07,719.21,0.1,162.4,0.11,101.5,0.01,0.02,2337.64539,1776268019000
1776268022.394,122.394,0.89,10.5,0.88,182.5,0.9,663.0,0.91,208.0,0.1,660.0,0.09,91.0,0.11,47.5,0.12,192.5,0.01,0.01,2337.642415,1776268020000
1776268023.014,123.014,0.89,16.5,0.88,192.5,0.9,653.43,0.91,208.0,0.1,661.88,0.09,208.0,0.11,60.5,0.12,192.5,0.01,0.01,2337.542965,1776268021000
1776268023.863,123.863,0.89,162.21,0.88,175.0,0.9,15.0,0.91,571.0,0.1,653.43,0.09,208.0,0.11,16.5,0.12,192.5,0.01,0.01,2337.363906,1776268022000
1776268024.176,124.176,0.87,143.5,0.86,116.5,0.9,787.1,0.91,123.0,0.1,15.0,0.09,686.0,0.11,62.21,0.12,55.0,0.03,0.01,2337.268668,1776268023000
1776268024.502,124.502,0.87,133.16,0.86,50.5,0.88,15.0,0.89,15.0,0.1,787.1,0.09,123.0,0.13,143.5,0.14,116.5,0.01,0.03,2337.268668,1776268023000
1776268025.079,125.079,0.87,10.0,0.86,172.5,0.88,660.88,0.89,65.0,0.12,15.0,0.11,15.0,0.13,133.16,0.14,50.5,0.01,0.01,2337.204995,1776268024000
1776268025.578,125.578,0.87,25.5,0.86,232.5,0.88,634.88,0.89,182.0,0.12,660.88,0.11,65.0,0.13,10.0,0.14,172.5,0.01,0.01,2337.204995,1776268024000
1776268025.951,125.951,0.87,25.5,0.86,232.5,0.88,611.74,0.89,182.0,0.12,628.74,0.11,182.0,0.13,25.5,0.14,232.5,0.01,0.01,2337.204995,1776268024000
1776268026.32,126.32,0.86,10.0,0.85,157.5,0.87,121.26,0.88,187.0,0.12,611.74,0.11,182.0,0.13,25.5,0.14,232.5,0.01,0.01,2337.003482,1776268025000
1776268027.284,127.284,0.84,78.57,0.83,581.02,0.85,71.0,0.86,660.0,0.13,121.26,0.12,187.0,0.14,10.0,0.15,157.5,0.01,0.01,2336.895554,1776268026000
1776268027.51,127.51,0.84,142.57,0.83,101.02,0.85,58.28,0.86,660.0,0.15,64.17,0.14,660.0,0.16,78.57,0.17,581.02,0.01,0.01,2336.895554,1776268026000
1776268028.666,128.666,0.83,3.26,0.82,10.5,0.85,859.0,0.86,92.5,0.15,58.28,0.14,660.0,0.16,142.57,0.17,101.02,0.02,0.01,2336.754657,1776268027000
1776268029.427,129.427,0.79,4.83,0.78,10.0,0.81,37.0,0.82,23.0,0.18,8.0,0.17,10.0,0.2,24.26,0.21,284.0,0.02,0.02,2336.60425,1776268028000
1776268030.256,130.256,0.78,0.5,0.76,122.0,0.79,671.0,0.8,186.1,0.2,6.1,0.19,65.0,0.21,20.5,0.22,121.83,0.01,0.01,2336.60425,1776268028000
1776268030.666,130.666,0.76,127.5,0.75,77.17,0.77,5.0,0.78,20.5,0.21,671.0,0.2,186.1,0.22,0.5,0.24,122.0,0.01,0.01,2336.519641,1776268029000
1776268030.883,130.883,0.76,32.5,0.75,572.17,0.77,13.0,0.79,111.0,0.23,5.0,0.22,20.5,0.24,127.5,0.25,77.17,0.01,0.01,2336.519641,1776268029000
1776268031.134,131.134,0.78,15.0,0.77,10.0,0.8,67.0,0.81,675.0,0.23,13.0,0.21,111.0,0.24,32.5,0.25,572.17,0.02,0.01,2336.519641,1776268029000
1776268031.353,131.353,0.78,70.5,0.77,313.5,0.79,23.93,0.8,196.0,0.2,67.0,0.19,675.0,0.22,15.0,0.23,10.0,0.01,0.02,2336.070159,1776268030000
1776268032.889,132.889,0.77,272.5,0.76,555.5,0.78,59.23,0.79,76.0,0.22,7.0,0.21,91.0,0.23,25.5,0.24,66.5,0.01,0.01,2336.04165,1776268031000
1776268033.8,133.8,0.77,8.0,0.76,25.5,0.78,851.73,0.79,107.5,0.22,59.23,0.21,76.0,0.23,272.5,0.24,555.5,0.01,0.01,2335.766162,1776268032000
1776268034.939,134.939,0.75,59.67,0.71,175.0,0.76,808.5,0.77,265.95,0.23,115.45,0.22,806.73,0.24,25.5,0.25,122.17,0.01,0.01,2335.732082,1776268033000
1776268035.181,135.181,0.75,49.67,0.72,20.5,0.76,819.5,0.77,270.95,0.24,808.5,0.23,265.95,0.25,59.67,0.29,175.0,0.01,0.01,2335.732082,1776268033000
1776268035.544,135.544,0.71,18.05,0.7,373.57,0.72,48.44,0.73,669.5,0.28,10.0,0.27,30.5,0.29,3.05,0.3,373.57,0.01,0.01,2335.719268,1776268034000
1776268036.121,136.121,0.71,2.9,0.7,549.57,0.73,42.0,0.74,612.0,0.27,635.84,0.26,134.0,0.29,3.05,0.3,488.57,0.02,0.02,2335.719268,1776268034000
1776268037.166,137.166,0.71,82.4,0.7,395.07,0.73,829.5,0.74,82.5,0.27,42.0,0.26,612.0,0.29,2.9,0.3,549.57,0.02,0.02,2335.584173,1776268035000
1776268037.394,137.394,0.71,75.29,0.7,283.07,0.72,193.45,0.73,274.5,0.27,829.5,0.26,82.5,0.29,82.4,0.3,395.07,0.01,0.02,2335.584173,1776268035000
1776268037.85,137.85,0.71,70.29,0.7,246.57,0.72,837.03,0.73,157.5,0.28,193.45,0.27,274.5,0.29,75.29,0.3,283.07,0.01,0.01,2335.2028,1776268036000
1776268038.102,138.102,0.71,56.0,0.7,241.57,0.72,822.03,0.73,157.5,0.28,837.03,0.27,147.5,0.29,70.29,0.3,241.57,0.01,0.01,2335.170281,1776268037000
1776268038.307,138.307,0.71,52.55,0.7,241.57,0.72,822.03,0.73,168.5,0.28,822.03,0.27,157.5,0.29,56.0,0.3,241.57,0.01,0.01,2335.170281,1776268037000
1776268038.645,138.645,0.7,241.57,0.69,120.5,0.71,742.5,0.72,225.64,0.28,825.64,0.27,168.5,0.3,241.57,0.31,115.5,0.01,0.02,2335.170281,1776268037000
1776268039.242,139.242,0.7,268.94,0.69,210.62,0.71,737.5,0.72,225.64,0.29,742.5,0.28,225.64,0.3,241.57,0.31,120.5,0.01,0.01,2335.170281,1776268037000
1776268041.206,141.206,0.72,11.71,0.71,148.5,0.73,97.5,0.74,777.5,0.29,737.5,0.28,225.64,0.3,273.46,0.31,210.62,0.01,0.01,2334.863897,1776268040000
1776268041.744,141.744,0.72,14.9,0.71,11.0,0.73,871.99,0.74,94.2,0.27,97.5,0.26,777.5,0.28,11.71,0.29,148.5,0.01,0.01,2334.863897,1776268040000
1776268042.178,142.178,0.72,7.19,0.7,260.27,0.73,878.99,0.74,116.2,0.27,871.99,0.26,94.2,0.28,14.9,0.29,11.0,0.01,0.01,2334.862439,1776268041000
1776268042.493,142.493,0.7,256.64,0.69,100.0,0.71,815.5,0.72,45.5,0.27,873.99,0.26,116.2,0.3,260.27,0.31,100.0,0.01,0.03,2334.862439,1776268041000
1776268042.815,142.815,0.69,100.0,0.68,25.0,0.7,796.78,0.71,153.5,0.3,19.07,0.29,870.5,0.31,100.0,0.32,25.0,0.01,0.01,2334.862439,1776268041000
1776268043.44,143.44,0.69,100.0,0.68,25.0,0.7,833.23,0.71,153.5,0.3,796.78,0.29,153.5,0.31,100.0,0.32,25.0,0.01,0.01,2334.936763,1776268042000
1776268044.164,144.164,0.69,19.14,0.68,172.5,0.7,689.5,0.71,203.5,0.3,831.8,0.29,153.5,0.31,100.0,0.32,25.0,0.01,0.01,2334.936763,1776268042000
1776268044.402,144.402,0.69,8.64,0.68,30.0,0.7,663.32,0.71,86.5,0.3,689.5,0.29,203.5,0.31,19.14,0.32,172.5,0.01,0.01,2334.832855,1776268043000
1776268044.611,144.611,0.68,35.5,0.67,172.5,0.69,636.36,0.7,192.32,0.31,30.05,0.3,831.32,0.32,30.0,0.33,178.5,0.01,0.01,2334.832855,1776268043000
1776268045.349,145.349,0.67,15.5,0.66,242.0,0.68,80.52,0.69,681.05,0.31,636.36,0.3,192.32,0.32,35.5,0.33,172.5,0.01,0.01,2334.79529,1776268044000
1776268046.873,146.873,0.66,187.5,0.65,280.0,0.67,49.49,0.68,71.46,0.32,229.96,0.31,203.05,0.33,15.5,0.34,242.0,0.01,0.01,2334.767029,1776268045000
1776268047.624,147.624,0.67,80.57,0.66,182.5,0.68,56.46,0.69,798.05,0.33,49.49,0.32,71.46,0.34,187.5,0.35,280.0,0.01,0.01,2334.761247,1776268046000
1776268048.172,148.172,0.67,55.07,0.66,232.5,0.68,34.81,0.69,798.05,0.32,61.46,0.31,798.05,0.33,65.42,0.34,182.5,0.01,0.01,2334.761247,1776268046000
1776268048.522,148.522,0.72,262.5,0.71,25.5,0.76,141.91,0.77,85.0,0.3,9.0,0.29,6.0,0.32,187.37,0.33,757.57,0.04,0.02,2334.68941,1776268047000
1776268048.724,148.724,0.75,13.66,0.74,20.5,0.76,614.12,0.77,55.0,0.24,129.12,0.23,55.0,0.25,15.0,0.26,20.5,0.01,0.01,2334.68941,1776268047000
1776268049.531,149.531,0.75,12.5,0.74,25.5,0.76,19.68,0.77,722.5,0.24,614.12,0.23,55.0,0.25,13.66,0.26,20.5,0.01,0.01,2334.68588,1776268048000
1776268049.825,149.825,0.73,89.62,0.72,115.0,0.74,604.58,0.75,127.0,0.26,7.29,0.25,495.0,0.27,89.62,0.28,115.0,0.01,0.01,2334.68588,1776268048000
1776268050.165,150.165,0.73,92.62,0.72,110.0,0.74,737.08,0.75,36.5,0.26,599.58,0.25,127.0,0.27,86.62,0.28,115.0,0.01,0.01,2334.68588,1776268048000
1776268050.86,150.86,0.7,5.0,0.69,28.35,0.71,16.0,0.72,19.0,0.26,737.08,0.25,36.5,0.27,92.62,0.28,110.0,0.01,0.01,2334.876078,1776268049000
1776268051.366,151.366,0.69,7.35,0.67,15.47,0.7,180.1,0.71,553.5,0.29,16.0,0.28,19.0,0.3,5.0,0.31,28.35,0.01,0.01,2335.12645,1776268050000
1776268051.923,151.923,0.69,4.0,0.68,40.0,0.7,745.6,0.71,45.5,0.3,180.1,0.29,553.5,0.31,7.35,0.33,15.47,0.01,0.01,2335.12645,1776268050000
1776268053.833,153.833,0.69,194.27,0.68,75.5,0.75,9.0,0.77,10.55,0.3,745.6,0.29,45.5,0.31,4.0,0.32,40.0,0.06,0.01,2334.934796,1776268051000
1776268054.042,154.042,0.76,6.57,0.73,5.0,0.78,22.0,0.79,30.0,0.22,28.0,0.21,30.0,0.24,6.57,0.27,6.84,0.02,0.02,2334.934796,1776268051000
1776268054.452,154.452,0.78,22.77,0.77,16.0,0.79,35.0,0.81,5.0,0.22,22.0,0.21,30.0,0.24,6.57,0.27,5.0,0.01,0.02,2334.78568,1776268052000
1776268055.495,155.495,0.8,10.0,0.79,10.0,0.81,717.81,0.82,160.0,0.21,35.0,0.19,5.0,0.22,22.77,0.23,16.0,0.01,0.01,2334.768175,1776268053000
1776268056.336,156.336,0.79,15.23,0.78,16.55,0.8,125.5,0.81,855.31,0.19,712.81,0.18,160.0,0.22,1.05,0.23,67.0,0.01,0.03,2335.36074,1776268054000
1776268056.675,156.675,0.79,30.23,0.78,21.55,0.8,118.64,0.81,855.31,0.2,125.5,0.19,855.31,0.21,15.23,0.22,16.55,0.01,0.01,2335.36074,1776268054000
1776268057.224,157.224,0.79,10.0,0.78,27.55,0.8,154.89,0.81,738.31,0.2,118.64,0.19,855.31,0.21,30.23,0.22,21.55,0.01,0.01,2335.585663,1776268055000
1776268057.455,157.455,0.78,26.55,0.77,313.5,0.8,260.14,0.81,738.31,0.2,143.14,0.19,738.31,0.21,10.0,0.22,27.55,0.02,0.01,2335.585663,1776268055000
1776268057.804,157.804,0.78,71.55,0.77,798.5,0.8,315.24,0.81,813.31,0.2,265.24,0.19,763.31,0.22,71.55,0.23,313.5,0.02,0.02,2335.585663,1776268055000
1776268058.85,158.85,0.74,155.3,0.73,572.0,0.77,204.5,0.78,200.5,0.2,315.24,0.19,813.31,0.22,71.55,0.23,798.5,0.03,0.02,2335.58605,1776268056000
1776268059.83,159.83,0.7,11.0,0.69,22.77,0.72,308.11,0.73,185.5,0.25,15.0,0.24,245.5,0.26,8.0,0.27,20.5,0.02,0.01,2335.588803,1776268057000
1776268060.07,160.07,0.69,13.77,0.67,8.0,0.71,10.5,0.72,357.5,0.28,308.11,0.27,185.5,0.3,11.0,0.31,22.77,0.02,0.02,2335.588803,1776268057000
1776268060.322,160.322,0.64,30.0,0.63,253.66,0.65,3.2,0.66,14.7,0.34,49.11,0.32,15.62,0.36,45.0,0.37,237.66,0.01,0.02,2335.615805,1776268059000
1776268060.586,160.586,0.66,21.0,0.65,610.0,0.67,95.07,0.68,100.0,0.33,99.92,0.32,100.0,0.34,6.0,0.35,15.0,0.01,0.01,2335.615805,1776268059000
1776268061.137,161.137,0.67,637.5,0.66,188.52,0.68,10.0,0.69,119.33,0.33,70.07,0.32,110.0,0.34,760.02,0.35,15.0,0.01,0.01,2335.615805,1776268059000
1776268061.691,161.691,0.67,167.5,0.66,668.52,0.68,13.52,0.69,45.5,0.32,10.0,0.31,119.33,0.33,637.5,0.34,188.52,0.01,0.01,2335.615805,1776268059000
1776268061.902,161.902,0.67,123.5,0.66,561.52,0.68,63.52,0.69,95.5,0.32,13.52,0.31,45.5,0.33,167.5,0.34,668.52,0.01,0.01,2335.615805,1776268059000
1776268062.986,162.986,0.67,55.0,0.66,131.52,0.68,39.63,0.69,332.5,0.32,12.0,0.31,45.5,0.33,574.5,0.34,198.52,0.01,0.01,2334.590588,1776268061000
1776268063.417,163.417,0.67,66.0,0.66,130.52,0.68,43.01,0.69,332.5,0.32,39.63,0.31,332.5,0.33,55.0,0.34,131.52,0.01,0.01,2334.590588,1776268061000
1776268063.781,163.781,0.66,8.0,0.65,50.0,0.67,146.85,0.68,131.51,0.32,43.01,0.31,332.5,0.33,66.0,0.34,130.52,0.01,0.01,2334.628875,1776268062000
1776268063.989,163.989,0.66,2.0,0.65,50.0,0.67,833.85,0.68,136.51,0.33,833.85,0.32,136.51,0.34,2.0,0.35,50.0,0.01,0.01,2334.628875,1776268062000
1776268066.117,166.117,0.67,945.5,0.66,386.49,0.68,1.25,0.71,25.0,0.33,828.85,0.32,136.51,0.34,2.0,0.35,50.0,0.01,0.01,2334.579415,1776268064000
1776268066.743,166.743,0.71,111.0,0.7,692.5,0.72,145.06,0.73,85.5,0.29,13.11,0.28,85.5,0.33,945.5,0.34,386.49,0.01,0.04,2334.460357,1776268065000
1776268067.322,167.322,0.71,114.0,0.7,692.5,0.72,149.97,0.73,221.57,0.28,143.36,0.27,90.5,0.29,106.0,0.3,692.5,0.01,0.01,2334.443508,1776268066000
1776268067.704,167.704,0.72,10.93,0.71,655.5,0.73,11.07,0.74,25.0,0.28,149.97,0.27,221.57,0.29,114.0,0.3,692.5,0.01,0.01,2334.443508,1776268066000
1776268067.971,167.971,0.72,677.43,0.71,124.5,0.73,3.8,0.74,142.0,0.27,11.07,0.26,25.0,0.28,10.93,0.29,655.5,0.01,0.01,2334.443508,1776268066000
1776268068.629,168.629,0.72,717.43,0.71,241.5,0.73,2.14,0.74,5.0,0.27,3.8,0.26,142.0,0.28,677.43,0.29,124.5,0.01,0.01,2334.667953,1776268067000
1776268069.716,169.716,0.73,11.66,0.72,127.93,0.75,337.5,0.76,95.0,0.25,152.5,0.24,190.0,0.28,717.43,0.29,241.5,0.02,0.03,2334.725594,1776268068000
1776268069.92,169.92,0.72,95.34,0.71,135.5,0.74,25.5,0.75,337.5,0.25,337.5,0.24,95.0,0.27,11.66,0.28,127.93,0.02,0.02,2334.725594,1776268068000
1776268070.396,170.396,0.71,8.0,0.68,66.5,0.73,304.0,0.74,585.5,0.26,25.5,0.25,337.5,0.28,95.34,0.29,135.5,0.02,0.02,2334.725594,1776268068000
1776268070.711,170.711,0.71,2.0,0.67,56.0,0.72,403.5,0.73,104.5,0.27,304.0,0.26,585.5,0.29,8.0,0.32,66.5,0.01,0.02,2334.99007,1776268069000
1776268070.923,170.923,0.67,56.0,0.66,80.0,0.68,8.0,0.69,156.0,0.28,403.5,0.27,589.5,0.33,56.0,0.34,58.0,0.01,0.05,2334.99007,1776268069000
1776268071.212,171.212,0.67,55.77,0.66,58.0,0.68,176.41,0.69,188.5,0.32,133.0,0.31,183.5,0.33,55.77,0.34,80.0,0.01,0.01,2334.99007,1776268069000
1776268072.342,172.342,0.67,43.93,0.66,68.5,0.68,186.41,0.69,188.5,0.32,176.41,0.31,188.5,0.33,55.77,0.34,58.0,0.01,0.01,2334.972913,1776268071000
1776268077.935,177.935,0.66,701.5,0.65,110.78,0.68,120.17,0.69,126.0,0.32,186.41,0.31,188.5,0.33,43.93,0.34,68.5,0.02,0.01,2334.657777,1776268076000
1776268078.529,178.529,0.67,156.5,0.66,685.5,0.68,118.69,0.69,131.0,0.32,120.17,0.31,126.0,0.34,701.5,0.35,110.78,0.01,0.02,2334.603203,1776268077000
1776268080.199,180.199,0.67,581.5,0.66,205.5,0.68,108.69,0.69,131.0,0.32,118.69,0.31,131.0,0.33,156.5,0.34,685.5,0.01,0.01,2334.627428,1776268079000
1776268081.766,181.766,0.67,23.0,0.66,177.66,0.68,9.5,0.69,50.5,0.32,108.69,0.31,131.0,0.33,581.5,0.34,205.5,0.01,0.01,2334.636745,1776268080000
1776268081.983,181.983,0.66,49.0,0.65,60.5,0.67,15.5,0.68,168.0,0.32,163.0,0.31,122.5,0.34,54.0,0.35,60.5,0.01,0.02,2334.636745,1776268080000
1776268083.015,183.015,0.63,746.5,0.62,364.66,0.65,5.91,0.66,109.5,0.33,15.5,0.32,168.0,0.34,49.0,0.35,60.5,0.02,0.01,2334.627853,1776268081000
1776268083.656,183.656,0.69,30.5,0.68,184.99,0.72,30.31,0.73,82.23,0.35,5.91,0.34,109.5,0.37,746.5,0.38,364.66,0.03,0.02,2334.620989,1776268082000
1776268083.97,183.97,0.71,21.0,0.7,25.0,0.72,55.31,0.73,117.23,0.28,30.31,0.27,82.23,0.31,30.5,0.32,184.99,0.01,0.03,2334.620989,1776268082000
1776268084.964,184.964,0.71,26.0,0.7,75.0,0.72,95.31,0.73,102.81,0.28,55.31,0.27,117.23,0.29,21.0,0.3,25.0,0.01,0.01,2334.41493,1776268083000
1776268085.744,185.744,0.71,34.0,0.7,75.0,0.72,293.78,0.73,92.81,0.28,95.31,0.27,102.81,0.29,26.0,0.3,75.0,0.01,0.01,2334.418794,1776268084000
1776268086.424,186.424,0.71,34.0,0.7,75.0,0.72,274.89,0.73,92.81,0.28,293.78,0.27,92.81,0.29,34.0,0.3,75.0,0.01,0.01,2334.636665,1776268085000
1776268086.683,186.683,0.71,34.0,0.7,75.0,0.72,273.5,0.73,92.81,0.28,274.89,0.27,92.81,0.29,34.0,0.3,75.0,0.01,0.01,2334.636665,1776268085000
1776268087.816,187.816,0.71,947.5,0.7,96.5,0.78,117.0,0.79,65.0,0.28,273.5,0.27,92.81,0.29,34.0,0.3,75.0,0.07,0.01,2334.659176,1776268086000
1776268088.223,188.223,0.78,20.0,0.77,329.16,0.79,13.69,0.8,5.0,0.22,104.0,0.21,15.0,0.23,30.0,0.24,20.0,0.01,0.01,2334.645456,1776268087000
1776268088.768,188.768,0.79,8.0,0.78,80.0,0.8,272.05,0.81,118.5,0.21,13.69,0.2,5.0,0.22,20.0,0.23,329.16,0.01,0.01,2334.645456,1776268087000
1776268089.122,189.122,0.79,11.57,0.78,80.0,0.8,266.58,0.81,68.5,0.2,269.01,0.19,68.5,0.21,11.57,0.22,80.0,0.01,0.01,2334.645456,1776268087000
1776268090.84,190.84,0.79,101.57,0.78,691.5,0.8,140.33,0.81,145.0,0.2,266.58,0.19,68.5,0.21,11.57,0.22,80.0,0.01,0.01,2335.152435,1776268089000
1776268091.53,191.53,0.79,107.57,0.78,685.5,0.8,154.45,0.81,145.0,0.2,140.33,0.19,145.0,0.21,101.57,0.22,691.5,0.01,0.01,2335.22165,1776268090000
1776268092.992,192.992,0.79,608.07,0.78,205.5,0.8,8.62,0.81,262.0,0.2,154.45,0.19,145.0,0.21,107.57,0.22,685.5,0.01,0.01,2335.243575,1776268091000
1776268093.537,193.537,0.79,608.07,0.78,205.5,0.8,6.12,0.81,262.0,0.2,8.62,0.19,262.0,0.21,608.07,0.22,205.5,0.01,0.01,2335.226035,1776268092000
1776268094.862,194.862,0.8,110.0,0.79,560.21,0.81,166.44,0.82,40.5,0.2,6.12,0.19,262.0,0.21,585.21,0.22,205.5,0.01,0.01,2335.22456,1776268093000
1776268095.347,195.347,0.8,125.0,0.79,560.21,0.81,102.92,0.82,140.0,0.19,166.44,0.18,40.5,0.2,110.0,0.21,560.21,0.01,0.01,2335.22926,1776268094000
1776268095.878,195.878,0.81,39.0,0.8,744.0,0.82,153.77,0.86,5.0,0.19,102.92,0.18,140.0,0.2,125.0,0.21,560.21,0.01,0.01,2335.22926,1776268094000
1776268096.382,196.382,0.86,15.0,0.85,27.0,0.87,32.76,0.88,44.0,0.14,13.0,0.13,75.0,0.19,158.0,0.2,204.0,0.01,0.05,2335.2399,1776268095000
1776268096.847,196.847,0.86,30.0,0.85,42.0,0.87,12.85,0.88,55.0,0.13,32.76,0.12,44.0,0.14,15.0,0.15,27.0,0.01,0.01,2335.2399,1776268095000
1776268097.343,197.343,0.86,55.0,0.85,37.0,0.87,145.96,0.88,535.0,0.13,12.85,0.12,55.0,0.14,30.0,0.15,42.0,0.01,0.01,2335.254356,1776268096000
1776268097.777,197.777,0.86,62.0,0.85,25.0,0.87,247.46,0.88,11.0,0.13,240.47,0.12,535.0,0.14,55.0,0.15,27.0,0.01,0.01,2335.254356,1776268096000
1776268098.069,198.069,0.86,722.0,0.85,152.5,0.88,136.7,0.89,11.0,0.13,247.46,0.12,11.0,0.14,62.0,0.15,25.0,0.02,0.01,2335.254356,1776268096000
1776268098.276,198.276,0.87,97.51,0.86,685.0,0.88,4.52,0.89,126.0,0.12,4.52,0.11,126.0,0.13,52.0,0.14,680.0,0.01,0.01,2335.254356,1776268096000
1776268099.739,199.739,0.88,189.5,0.87,726.01,0.89,120.56,0.9,115.0,0.12,4.52,0.11,126.0,0.13,97.51,0.14,685.0,0.01,0.01,2335.729767,1776268098000
1776268100.776,200.776,0.88,174.5,0.87,721.01,0.89,103.68,0.9,120.0,0.11,107.84,0.1,120.0,0.12,184.5,0.13,721.01,0.01,0.01,2335.93462,1776268099000
1776268101.01,201.01,0.88,169.0,0.87,721.01,0.89,98.68,0.9,120.0,0.11,103.68,0.1,120.0,0.12,174.5,0.13,721.01,0.01,0.01,2335.93462,1776268099000
1776268101.653,201.653,0.88,189.5,0.87,716.01,0.89,92.27,0.9,120.0,0.11,98.68,0.1,120.0,0.12,169.0,0.13,721.01,0.01,0.01,2336.093919,1776268100000
1776268103.425,203.425,0.89,68.0,0.88,85.0,0.9,264.22,0.91,485.0,0.11,92.27,0.1,120.0,0.12,189.5,0.13,716.01,0.01,0.01,2336.226427,1776268102000
1776268104.593,204.593,0.89,177.0,0.88,248.16,0.9,9.44,0.91,602.0,0.1,264.22,0.09,485.0,0.11,68.0,0.12,85.0,0.01,0.01,2336.196214,1776268103000
1776268104.952,204.952,0.92,10.0,0.91,20.0,0.93,33.71,0.94,108.8,0.1,9.44,0.09,602.0,0.11,177.0,0.12,248.16,0.01,0.01,2336.196214,1776268103000
1776268105.526,205.526,0.92,15.0,0.91,80.0,0.93,618.13,0.94,348.13,0.07,33.71,0.06,108.8,0.08,10.0,0.09,20.0,0.01,0.01,2336.19065,1776268104000
1776268106.332,206.332,0.92,132.0,0.91,360.49,0.93,473.71,0.94,237.0,0.07,618.13,0.06,348.13,0.08,15.0,0.09,80.0,0.01,0.01,2336.155632,1776268105000
1776268106.939,206.939,0.92,142.5,0.91,360.49,0.93,482.06,0.94,237.0,0.07,473.71,0.06,237.0,0.08,132.0,0.09,360.49,0.01,0.01,2336.155632,1776268105000
1776268107.539,207.539,0.92,122.5,0.91,404.49,0.93,477.06,0.94,237.0,0.07,482.06,0.06,237.0,0.08,67.5,0.09,360.49,0.01,0.01,2336.345285,1776268106000
1776268108.489,208.489,0.92,127.93,0.91,401.49,0.93,613.43,0.94,120.0,0.07,477.06,0.06,237.0,0.08,122.5,0.09,404.49,0.01,0.01,2336.429379,1776268107000
1776268109.826,209.826,0.91,10.0,0.89,25.0,0.92,11.57,0.93,723.43,0.07,613.43,0.06,120.0,0.08,127.93,0.09,401.49,0.01,0.01,2336.554635,1776268108000
1776268111.421,211.421,0.9,25.0,0.89,26.0,0.92,3.91,0.93,50.0,0.07,741.79,0.06,232.19,0.11,22.0,0.12,162.66,0.02,0.04,2336.03285,1776268110000
1776268111.965,211.965,0.9,90.1,0.89,32.5,0.92,64.34,0.93,197.3,0.08,2.82,0.07,82.0,0.09,10.0,0.1,20.0,0.02,0.01,2336.03285,1776268110000
1776268112.65,212.65,0.91,9.0,0.9,341.71,0.92,618.62,0.93,192.3,0.08,64.34,0.07,197.3,0.1,90.1,0.11,32.5,0.01,0.02,2336.008171,1776268111000
1776268113.043,213.043,0.9,337.85,0.89,346.49,0.92,612.62,0.93,192.3,0.08,618.62,0.07,192.3,0.09,9.0,0.1,341.71,0.02,0.01,2336.008171,1776268111000
1776268113.268,213.268,0.91,69.5,0.9,337.85,0.92,603.27,0.93,192.3,0.08,612.62,0.07,192.3,0.1,337.85,0.11,346.49,0.01,0.02,2336.008171,1776268111000
1776268114.367,214.367,0.91,158.38,0.9,471.85,0.92,480.0,0.93,337.3,0.08,603.27,0.07,192.3,0.09,69.5,0.1,337.85,0.01,0.01,2336.212374,1776268113000
1776268114.983,214.983,0.91,35.0,0.9,126.11,0.92,737.0,0.93,143.3,0.08,480.0,0.07,337.3,0.09,158.38,0.1,471.85,0.01,0.01,2336.212374,1776268113000
1776268116.792,216.792,0.9,16.46,0.89,365.49,0.92,737.0,0.93,93.3,0.08,732.0,0.07,143.3,0.1,121.11,0.11,350.49,0.02,0.02,2336.291712,1776268115000
1776268117.593,217.593,0.9,66.46,0.89,355.49,0.91,478.73,0.92,352.0,0.08,737.0,0.07,93.3,0.1,16.46,0.11,365.49,0.01,0.02,2336.209155,1776268116000
1776268120.949,220.949,0.91,0.52,0.9,10.0,0.92,965.0,0.93,231.3,0.09,478.73,0.08,352.0,0.1,66.46,0.11,355.49,0.01,0.01,2336.170944,1776268119000
1776268121.446,221.446,0.89,57.5,0.88,100.5,0.91,622.0,0.92,70.0,0.08,958.8,0.07,231.3,0.1,10.0,0.11,27.5,0.02,0.02,2336.139661,1776268120000
1776268124.276,224.276,0.9,59.1,0.89,22.0,0.91,720.73,0.92,70.0,0.09,622.0,0.08,70.0,0.11,57.5,0.12,100.5,0.01,0.02,2336.026465,1776268123000
1776268125.408,225.408,0.9,64.1,0.89,27.5,0.91,714.27,0.92,70.0,0.09,720.73,0.08,70.0,0.1,59.1,0.11,22.0,0.01,0.01,2336.020963,1776268124000
1776268126.426,226.426,0.89,12.0,0.88,15.0,0.91,784.27,0.92,113.0,0.09,714.27,0.08,70.0,0.1,64.1,0.11,27.5,0.02,0.01,2336.020963,1776268124000
1776268126.937,226.937,0.89,34.6,0.88,147.5,0.9,614.38,0.91,187.0,0.09,784.27,0.08,113.0,0.11,12.0,0.12,15.0,0.01,0.02,2335.969212,1776268126000
1776268127.552,227.552,0.89,34.6,0.88,142.5,0.9,594.0,0.91,187.0,0.1,614.38,0.09,187.0,0.11,34.6,0.12,147.5,0.01,0.01,2335.969212,1776268126000
1776268128.318,228.318,0.89,29.6,0.88,140.5,0.9,585.4,0.91,137.0,0.1,586.61,0.09,137.0,0.11,14.6,0.12,142.5,0.01,0.01,2335.88963,1776268127000
1776268128.741,228.741,0.89,68.1,0.88,190.5,0.9,584.28,0.91,137.0,0.1,585.4,0.09,137.0,0.11,29.6,0.12,140.5,0.01,0.01,2335.88963,1776268127000
1776268129.265,229.265,0.89,80.1,0.88,190.5,0.9,577.08,0.91,137.0,0.1,584.28,0.09,137.0,0.11,68.1,0.12,190.5,0.01,0.01,2335.88963,1776268127000
1776268130.256,230.256,0.89,14.0,0.87,10.0,0.9,766.58,0.91,125.0,0.1,577.08,0.09,137.0,0.11,80.1,0.12,190.5,0.01,0.01,2335.816045,1776268129000
1776268130.842,230.842,0.82,22.33,0.81,40.5,0.85,50.5,0.86,54.5,0.13,10.5,0.12,30.5,0.14,4.9,0.15,10.0,0.03,0.01,2335.816045,1776268129000
1776268131.268,231.268,0.83,10.0,0.82,15.0,0.84,183.89,0.85,682.5,0.16,69.5,0.15,95.5,0.17,10.0,0.18,15.0,0.01,0.01,2335.816045,1776268129000
1776268131.686,231.686,0.83,127.13,0.82,25.5,0.84,656.11,0.85,202.5,0.16,183.89,0.15,682.5,0.17,10.0,0.18,15.0,0.01,0.01,2335.808981,1776268130000
1776268132.046,232.046,0.83,106.99,0.82,142.5,0.84,530.0,0.85,185.5,0.16,639.4,0.15,187.5,0.17,127.13,0.18,142.5,0.01,0.01,2335.808981,1776268130000
1776268132.303,232.303,0.83,116.99,0.82,147.5,0.84,478.91,0.85,175.5,0.16,525.8,0.15,180.5,0.17,116.99,0.18,142.5,0.01,0.01,2335.49945,1776268131000
1776268132.937,232.937,0.87,1.24,0.86,294.5,0.89,824.29,0.9,110.5,0.16,478.91,0.15,175.5,0.17,116.99,0.18,147.5,0.02,0.01,2335.49945,1776268131000
1776268134.185,234.185,0.87,196.74,0.86,339.49,0.88,8.59,0.89,641.76,0.12,15.0,0.11,822.26,0.13,6.24,0.14,294.5,0.01,0.01,2335.055428,1776268132000
1776268135.099,235.099,0.89,50.5,0.88,1009.16,0.9,7.0,0.91,10.0,0.11,633.95,0.1,230.5,0.12,5.0,0.13,186.74,0.01,0.01,2335.06609,1776268133000
1776268136.065,236.065,0.91,190.5,0.9,243.16,0.92,724.62,0.93,125.0,0.08,128.8,0.07,127.0,0.09,15.5,0.1,25.5,0.01,0.01,2335.338156,1776268134000
1776268136.543,236.543,0.91,912.5,0.9,95.5,0.92,117.62,0.93,10.0,0.08,724.62,0.07,125.0,0.09,190.5,0.1,243.16,0.01,0.01,2335.39352,1776268135000
1776268136.749,236.749,0.91,1067.5,0.9,252.31,0.93,10.0,0.94,292.46,0.08,25.41,0.07,10.0,0.09,1062.5,0.1,252.31,0.02,0.01,2335.39352,1776268135000
1776268137.083,237.083,0.92,967.16,0.91,305.5,0.94,206.68,0.95,30.0,0.07,8.36,0.06,246.92,0.08,350.16,0.09,785.5,0.02,0.01,2335.629884,1776268136000
1776268137.392,237.392,0.93,198.16,0.92,914.5,0.96,30.0,0.97,225.88,0.06,166.67,0.05,30.0,0.07,10.5,0.08,1103.36,0.03,0.01,2335.629884,1776268136000
1776268137.599,237.599,0.94,352.36,0.93,627.5,0.96,147.0,0.97,208.88,0.04,30.0,0.03,225.88,0.07,198.16,0.08,914.5,0.02,0.03,2335.629884,1776268136000
1776268137.836,237.836,0.94,832.15,0.93,254.5,0.95,10.0,0.96,147.0,0.04,147.0,0.03,208.88,0.06,352.36,0.07,627.5,0.01,0.02,2335.629884,1776268136000
1776268138.27,238.27,0.95,753.5,0.94,393.15,0.97,705.88,0.98,853.0,0.04,116.89,0.03,688.88,0.06,832.15,0.07,254.5,0.02,0.02,2335.936548,1776268137000
1776268138.735,238.735,0.96,867.16,0.95,215.5,0.97,590.33,0.98,527.0,0.03,654.33,0.02,560.0,0.04,262.16,0.05,805.5,0.01,0.01,2335.936548,1776268137000
1776268139.185,239.185,0.96,839.66,0.95,220.5,0.97,611.47,0.98,527.0,0.03,391.47,0.02,527.0,0.04,872.16,0.05,215.5,0.01,0.01,2335.936548,1776268137000
1776268139.424,239.424,0.96,931.99,0.95,278.34,0.97,125.0,0.98,1007.0,0.03,604.47,0.02,527.0,0.04,834.66,0.05,220.5,0.01,0.01,2336.82833,1776268138000
1776268140.073,240.073,0.96,939.13,0.95,263.5,0.97,82.0,0.98,907.0,0.03,125.0,0.02,1007.0,0.04,923.63,0.05,278.34,0.01,0.01,2336.82833,1776268138000
1776268140.402,240.402,0.96,928.63,0.95,322.0,0.98,1014.0,0.99,7610.75,0.03,5.0,0.02,897.0,0.04,923.63,0.05,322.0,0.02,0.01,2336.82833,1776268138000
1776268141.158,241.158,0.97,1041.99,0.96,90.0,0.98,1007.88,0.99,2247.15,0.02,1014.0,0.01,7610.75,0.04,928.63,0.05,322.0,0.01,0.02,2337.226598,1776268140000
1776268141.73,241.73,0.97,1099.99,0.96,90.0,0.98,977.53,0.99,2247.15,0.02,995.77,0.01,2247.15,0.03,1058.99,0.04,90.0,0.01,0.01,2337.226598,1776268140000
1776268142.255,242.255,0.97,1109.99,0.96,85.0,0.98,969.49,0.99,2247.15,0.02,977.53,0.01,2247.15,0.03,1099.99,0.04,90.0,0.01,0.01,2337.3063,1776268141000
1776268142.715,242.715,0.97,1136.99,0.96,85.0,0.98,876.49,0.99,2247.15,0.02,969.49,0.01,2247.15,0.03,1109.99,0.04,85.0,0.01,0.01,2337.3063,1776268141000
1776268142.925,242.925,0.97,1126.99,0.96,85.0,0.98,851.86,0.99,2247.15,0.02,857.99,0.01,2247.15,0.03,1126.99,0.04,85.0,0.01,0.01,2337.3063,1776268141000
1776268143.291,243.291,0.97,1126.99,0.96,85.0,0.98,844.71,0.99,2247.15,0.02,855.83,0.01,2247.15,0.03,1126.99,0.04,85.0,0.01,0.01,2337.5656,1776268142000
1776268143.837,243.837,0.98,940.32,0.97,265.0,0.99,1595.94,,,0.01,966.94,,,0.03,1141.99,0.04,85.0,0.01,0.02,2337.5656,1776268142000
1776268144.064,244.064,0.98,350.32,0.97,983.7,0.99,1585.94,,,0.01,1595.94,,,0.02,940.32,0.03,265.0,0.01,0.01,2337.5656,1776268142000
1776268144.443,244.443,0.98,345.41,0.97,968.7,0.99,1670.94,,,0.01,1585.94,,,0.02,350.32,0.03,983.7,0.01,0.01,2337.576515,1776268143000
1776268144.77,244.77,0.98,542.49,0.97,956.7,0.99,1659.81,,,0.01,1656.11,,,0.02,527.49,0.03,956.7,0.01,0.01,2337.576515,1776268143000
1776268145.129,245.129,0.98,16.44,0.97,372.7,0.99,2011.41,,,0.01,1647.81,,,0.02,542.49,0.03,956.7,0.01,0.01,2337.576515,1776268143000
1776268145.355,245.355,0.97,505.36,0.96,712.7,0.98,210.92,0.99,1341.41,0.02,214.0,0.01,1341.41,0.03,352.7,0.04,661.7,0.01,0.01,2337.57754,1776268144000
1776268145.582,245.582,0.97,505.36,0.96,711.7,0.98,793.84,0.99,929.41,0.02,808.84,0.01,929.41,0.03,505.36,0.04,711.7,0.01,0.01,2337.57754,1776268144000
1776268145.983,245.983,0.97,346.66,0.96,231.7,0.98,917.72,0.99,959.41,0.02,797.81,0.01,929.41,0.03,470.36,0.04,231.7,0.01,0.01,2337.57754,1776268144000
1776268146.333,246.333,0.97,337.66,0.96,231.7,0.98,882.72,0.99,959.41,0.02,912.72,0.01,959.41,0.03,337.66,0.04,231.7,0.01,0.01,2337.57754,1776268144000
1776268146.552,246.552,0.97,342.66,0.96,231.7,0.98,819.19,0.99,1249.41,0.02,877.67,0.01,954.41,0.03,337.66,0.04,231.7,0.01,0.01,2337.5991,1776268145000
1776268147.057,247.057,0.97,357.97,0.96,346.7,0.98,882.19,0.99,1649.41,0.02,819.19,0.01,1249.41,0.03,342.66,0.04,231.7,0.01,0.01,2337.552233,1776268146000
1776268147.293,247.293,0.97,352.97,0.96,346.7,0.98,863.82,0.99,1649.41,0.02,882.19,0.01,1649.41,0.03,357.97,0.04,346.7,0.01,0.01,2337.552233,1776268146000
1776268147.703,247.703,0.97,352.97,0.96,346.7,0.98,858.67,0.99,1649.41,0.02,863.82,0.01,1649.41,0.03,352.97,0.04,346.7,0.01,0.01,2337.552233,1776268146000
1776268148.005,248.005,0.97,352.97,0.96,346.7,0.98,828.67,0.99,1649.41,0.02,863.67,0.01,1649.41,0.03,347.97,0.04,346.7,0.01,0.01,2337.552233,1776268146000
1776268148.246,248.246,0.97,347.97,0.96,346.7,0.98,822.67,0.99,1624.41,0.02,828.67,0.01,1649.41,0.03,352.97,0.04,346.7,0.01,0.01,2337.552233,1776268146000
1776268149.008,249.008,0.97,1354.0,0.96,290.7,0.98,319.75,0.99,795.81,0.02,822.67,0.01,1624.41,0.03,347.97,0.04,346.7,0.01,0.01,2337.552233,1776268146000
1776268149.514,249.514,0.97,1354.0,0.96,290.7,0.98,116.7,0.99,795.81,0.02,218.75,0.01,795.81,0.03,1349.0,0.04,290.7,0.01,0.01,2337.552233,1776268146000
1776268150.154,250.154,0.97,815.66,0.96,653.7,0.98,717.65,0.99,678.81,0.02,485.65,0.01,678.81,0.03,869.0,0.04,290.7,0.01,0.01,2337.552233,1776268146000
1776268150.722,250.722,0.97,1305.66,0.96,290.7,0.98,685.79,0.99,678.81,0.02,167.05,0.01,678.81,0.03,1295.66,0.04,653.7,0.01,0.01,2337.552233,1776268146000
1776268150.946,250.946,0.97,1310.66,0.96,290.7,0.98,625.57,0.99,678.81,0.02,685.79,0.01,678.81,0.03,1305.66,0.04,290.7,0.01,0.01,2337.552233,1776268146000
1776268152.306,252.306,0.97,810.66,0.96,760.7,0.98,559.57,0.99,578.81,0.02,584.57,0.01,678.81,0.03,1305.66,0.04,290.7,0.01,0.01,2337.552233,1776268146000
1776268153.061,253.061,0.97,1424.35,0.96,285.7,0.98,504.16,0.99,578.81,0.02,529.57,0.01,578.81,0.03,815.66,0.04,765.7,0.01,0.01,2337.552233,1776268146000
1776268154.468,254.468,0.97,942.35,0.96,765.7,0.98,484.16,0.99,542.81,0.02,504.16,0.01,578.81,0.03,1424.35,0.04,285.7,0.01,0.01,2337.552233,1776268146000
1776268154.909,254.909,0.97,942.35,0.96,285.7,0.98,571.16,0.99,542.81,0.02,484.16,0.01,542.81,0.03,942.35,0.04,765.7,0.01,0.01,2337.552233,1776268146000
1776268156.247,256.247,0.97,1317.35,0.96,285.7,0.98,555.9,0.99,242.81,0.02,571.16,0.01,542.81,0.03,942.35,0.04,285.7,0.01,0.01,2337.299312,1776268154000
1776268156.516,256.516,0.97,1454.35,0.96,173.7,0.98,495.9,0.99,242.81,0.02,555.9,0.01,242.81,0.03,1317.35,0.04,285.7,0.01,0.01,2337.305622,1776268155000
1776268156.769,256.769,0.97,1313.24,0.96,198.7,0.98,482.2,0.99,242.81,0.02,484.74,0.01,242.81,0.03,1298.24,0.04,173.7,0.01,0.01,2337.305622,1776268155000
1776268156.983,256.983,0.97,1313.24,0.96,198.7,0.98,481.17,0.99,242.81,0.02,482.2,0.01,242.81,0.03,1313.24,0.04,198.7,0.01,0.01,2337.305407,1776268156000
1776268157.455,257.455,0.97,581.24,0.96,799.7,0.98,710.14,0.99,242.81,0.02,476.17,0.01,242.81,0.03,1313.24,0.04,198.7,0.01,0.01,2337.305407,1776268156000
1776268157.965,257.965,0.97,581.24,0.96,784.7,0.98,706.41,0.99,606.41,0.02,710.14,0.01,242.81,0.03,581.24,0.04,799.7,0.01,0.01,2337.305407,1776268156000
1776268158.185,258.185,0.97,581.24,0.96,784.7,0.98,599.41,0.99,242.81,0.02,706.41,0.01,606.41,0.03,581.24,0.04,784.7,0.01,0.01,2337.129804,1776268157000
1776268158.551,258.551,0.97,531.24,0.96,784.7,0.98,711.25,0.99,242.81,0.02,599.41,0.01,242.81,0.03,581.24,0.04,784.7,0.01,0.01,2337.129804,1776268157000
1776268158.805,258.805,0.97,530.24,0.96,784.7,0.98,711.12,0.99,249.81,0.02,711.25,0.01,242.81,0.03,531.24,0.04,784.7,0.01,0.01,2337.129804,1776268157000
1776268159.072,259.072,0.97,622.69,0.96,784.7,0.98,691.12,0.99,613.41,0.02,711.12,0.01,249.81,0.03,530.24,0.04,784.7,0.01,0.01,2337.095833,1776268158000
1776268159.771,259.771,0.97,580.24,0.96,901.7,0.98,689.07,0.99,613.41,0.02,691.12,0.01,613.41,0.03,622.69,0.04,784.7,0.01,0.01,2337.095833,1776268158000
1776268160.34,260.34,0.97,454.87,0.96,215.7,0.98,667.02,0.99,613.41,0.02,664.07,0.01,613.41,0.03,580.24,0.04,901.7,0.01,0.01,2336.93137,1776268159000
1776268160.864,260.864,0.97,439.87,0.96,232.7,0.98,657.02,0.99,619.4,0.02,667.02,0.01,613.41,0.03,454.87,0.04,215.7,0.01,0.01,2336.93137,1776268159000
1776268161.091,261.091,0.97,456.87,0.96,215.7,0.98,646.96,0.99,619.4,0.02,657.02,0.01,619.4,0.03,439.87,0.04,232.7,0.01,0.01,2336.810105,1776268160000
1776268161.358,261.358,0.97,456.87,0.96,220.7,0.98,649.91,0.99,619.4,0.02,646.96,0.01,619.4,0.03,456.87,0.04,215.7,0.01,0.01,2336.810105,1776268160000
1776268161.645,261.645,0.97,456.87,0.96,220.7,0.98,648.88,0.99,619.4,0.02,649.91,0.01,619.4,0.03,456.87,0.04,220.7,0.01,0.01,2336.810105,1776268160000
1776268162.371,262.371,0.97,439.87,0.96,232.7,0.98,646.83,0.99,670.4,0.02,648.88,0.01,619.4,0.03,456.87,0.04,220.7,0.01,0.01,2336.789733,1776268161000
1776268163.364,263.364,0.97,285.54,0.96,237.7,0.98,742.83,0.99,555.4,0.02,646.83,0.01,670.4,0.03,439.87,0.04,232.7,0.01,0.01,2336.63695,1776268162000
1776268164.352,264.352,0.97,404.24,0.96,237.7,0.98,729.64,0.99,555.4,0.02,730.67,0.01,555.4,0.03,409.24,0.04,237.7,0.01,0.01,2336.420459,1776268163000
1776268165.137,265.137,0.97,645.0,0.96,815.7,0.98,97.0,0.99,213.8,0.02,729.64,0.01,555.4,0.03,404.24,0.04,237.7,0.01,0.01,2336.420459,1776268163000
1776268165.435,265.435,0.97,1303.99,0.96,218.7,0.98,93.0,0.99,213.8,0.02,97.0,0.01,213.8,0.03,645.0,0.04,815.7,0.01,0.01,2336.33462,1776268164000
1776268166.155,266.155,0.97,1296.69,0.96,218.7,0.98,88.0,0.99,213.8,0.02,93.0,0.01,213.8,0.03,1303.99,0.04,218.7,0.01,0.01,2336.33462,1776268164000
1776268166.829,266.829,0.97,1291.69,0.96,218.7,0.98,107.89,0.99,213.8,0.02,72.89,0.01,213.8,0.03,1296.69,0.04,218.7,0.01,0.01,2336.292734,1776268165000
1776268167.466,267.466,0.97,1286.38,0.96,218.7,0.98,45.68,0.99,213.8,0.02,83.68,0.01,213.8,0.03,1291.69,0.04,218.7,0.01,0.01,2336.427943,1776268166000
1776268168.058,268.058,0.99,2194.2,0.98,463.01,,,,,0.01,213.8,,,0.02,36.32,0.03,1350.98,,0.01,2336.427943,1776268166000
1776268168.525,268.525,0.99,2765.25,0.98,397.8,,,,,,,,,0.01,2194.2,0.02,463.01,,,2336.574395,1776268167000
1776268169.802,269.802,0.99,2702.55,0.98,395.22,,,,,,,,,0.01,2765.25,0.02,397.8,,,2336.57524,1776268168000
1776268170.588,270.588,0.99,2688.54,0.98,371.79,,,,,,,,,0.01,2622.55,0.02,432.0,,,2336.607949,1776268169000
1776268171.69,271.69,0.99,2844.48,0.98,292.64,,,,,,,,,0.01,2688.54,0.02,371.79,,,2336.742709,1776268170000
1776268172.042,272.042,0.99,2848.38,0.98,333.01,,,,,,,,,0.01,2844.48,0.02,292.64,,,2336.70704,1776268171000
1776268172.603,272.603,0.99,2903.13,0.98,333.01,,,,,,,,,0.01,2848.38,0.02,333.01,,,2336.70704,1776268171000
1776268172.945,272.945,0.99,2797.35,0.98,333.01,,,,,,,,,0.01,2903.13,0.02,333.01,,,2336.619135,1776268172000
1776268176.8,276.8,0.99,2427.45,0.98,149.31,,,,,,,,,0.01,2797.35,0.02,333.01,,,2336.547297,1776268175000
1776268180.221,280.221,0.99,2378.42,0.98,145.83,,,,,,,,,0.01,2407.45,0.02,149.31,,,2336.432266,1776268179000
1776268184.409,284.409,0.99,2285.58,0.98,158.5,,,,,,,,,0.01,2378.42,0.02,145.83,,,2336.129936,1776268183000
1776268192.034,292.034,0.99,6625.37,0.98,108.32,,,,,,,,,0.01,2276.58,0.02,158.5,,,2336.077127,1776268191000

# RESULT,winner=Up,slug=eth-updown-5m-1776267900,ticks=375
