timestamp,elapsed_sec,up_bid_p1,up_bid_s1,up_bid_p2,up_bid_s2,up_ask_p1,up_ask_s1,up_ask_p2,up_ask_s2,down_bid_p1,down_bid_s1,down_bid_p2,down_bid_s2,down_ask_p1,down_ask_s1,down_ask_p2,down_ask_s2,up_spread,down_spread,eth_price,eth_oracle_ts
1776272700.5,0.5,0.46,13.2,0.4,38.0,0.48,10.0,0.49,5.0,0.48,83.13,0.47,61.0,0.52,10.66,0.53,21.0,0.02,0.04,2346.331055,1776272697000
1776272700.735,0.735,0.46,11.2,0.4,38.0,0.49,9.81,0.52,59.51,0.52,10.0,0.51,10.0,0.54,11.2,0.6,38.0,0.03,0.02,2346.331055,1776272697000
1776272702.005,2.005,0.48,41.66,0.46,13.0,0.49,18.0,0.5,18.0,0.48,59.51,0.46,150.0,0.54,11.2,0.6,38.0,0.01,0.06,2346.331055,1776272697000
1776272702.738,2.738,0.48,29.7,0.47,10.79,0.49,5.0,0.5,5.0,0.51,7.79,0.5,18.0,0.52,27.42,0.53,5.0,0.01,0.01,2346.331055,1776272697000
1776272703.809,3.809,0.48,24.7,0.47,5.0,0.49,38.75,0.5,44.0,0.5,5.0,0.49,17.0,0.52,24.7,0.53,10.79,0.01,0.02,2346.331055,1776272697000
1776272704.36,4.36,0.48,17.77,0.46,8.0,0.49,97.63,0.5,44.0,0.51,38.75,0.5,44.0,0.52,24.7,0.53,5.0,0.01,0.01,2346.331055,1776272697000
1776272704.731,4.731,0.48,7.77,0.46,8.0,0.49,114.63,0.5,44.0,0.51,102.63,0.5,44.0,0.52,12.77,0.54,8.0,0.01,0.01,2346.331055,1776272697000
1776272705.227,5.227,0.46,8.0,0.45,5.0,0.47,35.0,0.48,77.6,0.51,109.63,0.5,44.0,0.54,8.0,0.55,5.0,0.01,0.03,2346.331055,1776272697000
1776272705.54,5.54,0.46,8.0,0.45,5.0,0.47,30.0,0.48,77.6,0.53,30.74,0.52,77.6,0.54,8.0,0.55,5.0,0.01,0.01,2346.331055,1776272697000
1776272706.128,6.128,0.46,5.96,0.45,5.0,0.47,22.0,0.48,77.6,0.53,30.0,0.52,77.6,0.54,8.0,0.55,5.0,0.01,0.01,2346.331055,1776272697000
1776272707.713,7.713,0.51,15.0,0.5,15.0,0.52,64.66,0.54,34.0,0.53,22.0,0.52,77.6,0.54,5.96,0.55,5.0,0.01,0.01,2346.13354,1776272706000
1776272708.023,8.023,0.51,14.46,0.5,20.0,0.52,55.42,0.54,24.0,0.48,55.42,0.46,34.0,0.49,16.51,0.5,15.0,0.01,0.01,2346.13354,1776272706000
1776272708.453,8.453,0.51,111.27,0.5,120.0,0.52,0.42,0.53,13.0,0.48,55.42,0.46,24.0,0.49,11.27,0.5,20.0,0.01,0.01,2346.093227,1776272707000
1776272708.963,8.963,0.5,135.0,0.49,141.13,0.53,156.51,0.54,136.0,0.48,0.42,0.47,13.0,0.49,111.27,0.5,120.0,0.03,0.01,2346.093227,1776272707000
1776272709.191,9.191,0.52,15.0,0.51,10.0,0.53,26.59,0.54,136.0,0.47,156.51,0.46,136.0,0.5,135.0,0.51,141.13,0.01,0.03,2346.093227,1776272707000
1776272709.526,9.526,0.5,20.0,0.49,61.13,0.51,7.0,0.52,15.0,0.47,113.12,0.46,136.0,0.49,5.0,0.5,25.0,0.01,0.02,2346.199535,1776272708000
1776272709.866,9.866,0.48,51.0,0.47,40.0,0.51,12.0,0.52,20.0,0.49,7.0,0.48,15.0,0.5,20.0,0.51,61.13,0.03,0.01,2346.199535,1776272708000
1776272710.376,10.376,0.49,31.5,0.48,44.0,0.5,35.5,0.51,12.0,0.49,12.0,0.48,20.0,0.52,51.0,0.53,40.0,0.01,0.03,2346.590659,1776272709000
1776272710.918,10.918,0.49,7.5,0.48,18.0,0.5,55.5,0.51,128.0,0.5,30.5,0.49,12.0,0.51,31.5,0.52,44.0,0.01,0.01,2346.590659,1776272709000
1776272711.12,11.12,0.48,15.5,0.47,18.0,0.49,11.81,0.5,40.0,0.5,55.5,0.49,128.0,0.51,7.5,0.52,18.0,0.01,0.01,2346.590659,1776272709000
1776272711.347,11.347,0.47,7.5,0.46,85.55,0.48,10.0,0.49,43.38,0.51,48.38,0.5,140.0,0.54,75.55,0.55,56.0,0.01,0.03,2346.675195,1776272710000
1776272711.925,11.925,0.47,40.5,0.46,85.55,0.49,30.0,0.5,135.0,0.52,10.0,0.51,43.38,0.53,7.5,0.54,85.55,0.02,0.01,2346.675195,1776272710000
1776272712.151,12.151,0.48,47.5,0.47,41.5,0.5,5.0,0.51,5.0,0.51,30.0,0.5,135.0,0.53,40.5,0.54,85.55,0.02,0.02,2346.579045,1776272711000
1776272713.135,13.135,0.49,30.5,0.48,35.5,0.51,10.0,0.52,10.0,0.48,10.0,0.47,35.5,0.5,20.3,0.51,44.5,0.02,0.02,2346.463495,1776272712000
1776272714.108,14.108,0.51,25.0,0.5,25.5,0.52,11.66,0.53,24.0,0.48,9.61,0.47,40.5,0.51,30.5,0.52,35.5,0.01,0.03,2346.463495,1776272712000
1776272715.045,15.045,0.51,77.0,0.5,42.5,0.52,3.89,0.53,34.5,0.48,9.66,0.47,24.0,0.49,40.0,0.5,25.5,0.01,0.01,2346.566975,1776272713000
1776272715.39,15.39,0.51,134.0,0.5,67.5,0.54,86.71,0.55,22.0,0.48,3.89,0.47,19.0,0.49,129.0,0.5,42.5,0.03,0.01,2346.69309,1776272714000
1776272715.935,15.935,0.53,62.0,0.52,34.49,0.54,58.21,0.55,30.5,0.46,70.71,0.45,22.0,0.47,10.0,0.48,10.0,0.01,0.01,2346.69309,1776272714000
1776272717.187,17.187,0.53,27.0,0.52,23.99,0.54,64.54,0.55,41.5,0.46,58.21,0.45,30.5,0.47,62.0,0.48,34.49,0.01,0.01,2346.759933,1776272715000
1776272717.543,17.543,0.53,6.0,0.52,40.99,0.54,77.63,0.55,36.5,0.46,69.54,0.45,36.5,0.48,23.99,0.49,93.0,0.01,0.02,2346.770025,1776272716000
1776272720.515,20.515,0.53,51.0,0.52,34.49,0.54,4.9,0.55,25.5,0.46,77.63,0.45,36.5,0.47,6.0,0.48,40.99,0.01,0.01,2346.901719,1776272719000
1776272721.769,21.769,0.48,40.0,0.47,25.2,0.5,91.24,0.51,53.5,0.46,4.9,0.45,25.5,0.47,51.0,0.48,34.49,0.02,0.01,2346.86264,1776272720000
1776272723.139,23.139,0.47,26.69,0.46,99.29,0.49,35.5,0.5,34.24,0.5,91.24,0.49,53.5,0.52,40.0,0.53,25.2,0.02,0.02,2346.88112,1776272721000
1776272723.452,23.452,0.48,20.0,0.47,21.69,0.51,9.52,0.52,47.5,0.51,35.5,0.5,34.24,0.53,26.69,0.54,99.29,0.03,0.02,2346.721737,1776272722000
1776272724.153,24.153,0.51,71.0,0.5,50.5,0.53,23.38,0.54,76.5,0.49,9.52,0.48,47.5,0.52,20.0,0.53,21.69,0.02,0.03,2346.721737,1776272722000
1776272726.343,26.343,0.53,20.0,0.52,43.0,0.55,96.5,0.56,102.26,0.47,12.88,0.46,76.5,0.48,6.5,0.49,78.25,0.02,0.01,2346.527439,1776272725000
1776272726.911,26.911,0.52,10.0,0.51,6.0,0.53,66.06,0.54,81.5,0.45,96.5,0.44,102.26,0.47,20.0,0.48,43.0,0.01,0.02,2346.680053,1776272726000
1776272727.159,27.159,0.52,5.0,0.5,5.0,0.53,88.06,0.54,81.5,0.47,66.06,0.46,81.5,0.48,10.0,0.49,6.0,0.01,0.01,2346.680053,1776272726000
1776272727.445,27.445,0.5,1.94,0.48,30.0,0.51,87.5,0.52,103.56,0.47,88.06,0.46,81.5,0.5,5.0,0.52,30.0,0.01,0.03,2346.680053,1776272726000
1776272728.177,28.177,0.47,29.06,0.46,106.7,0.48,15.0,0.49,20.0,0.51,10.0,0.5,25.5,0.53,10.22,0.54,86.7,0.01,0.02,2346.69421,1776272727000
1776272728.568,28.568,0.46,75.5,0.45,102.79,0.48,60.0,0.49,35.5,0.52,15.0,0.51,20.0,0.53,29.06,0.54,106.7,0.02,0.01,2346.69421,1776272727000
1776272728.962,28.962,0.47,25.5,0.46,92.5,0.48,51.35,0.49,25.0,0.52,60.0,0.51,35.5,0.54,75.5,0.55,102.79,0.01,0.02,2346.68165,1776272728000
1776272729.853,29.853,0.46,99.85,0.45,101.99,0.48,70.5,0.49,35.5,0.52,25.0,0.51,35.5,0.53,0.5,0.54,92.5,0.02,0.01,2346.45255,1776272729000
1776272730.667,30.667,0.45,75.0,0.44,30.0,0.47,51.5,0.48,35.5,0.52,70.5,0.51,35.5,0.54,99.85,0.55,101.99,0.02,0.02,2346.45255,1776272729000
1776272730.874,30.874,0.45,15.5,0.44,40.5,0.46,10.0,0.47,36.5,0.53,51.5,0.52,35.5,0.55,75.0,0.56,30.0,0.01,0.02,2346.45255,1776272729000
1776272731.644,31.644,0.42,36.7,0.41,103.0,0.43,6.0,0.44,60.5,0.54,10.0,0.53,36.5,0.55,15.5,0.56,40.5,0.01,0.01,2346.406305,1776272730000
1776272732.491,32.491,0.42,26.2,0.41,113.5,0.43,76.0,0.44,40.5,0.57,6.0,0.56,60.5,0.58,36.7,0.59,103.0,0.01,0.01,2346.393147,1776272731000
1776272732.954,32.954,0.42,7.4,0.41,103.5,0.43,81.8,0.44,40.5,0.57,71.3,0.56,40.5,0.58,26.2,0.59,113.5,0.01,0.01,2346.393147,1776272731000
1776272733.177,33.177,0.42,2.89,0.41,103.5,0.43,7.03,0.44,40.5,0.57,76.8,0.56,40.5,0.58,2.89,0.59,103.5,0.01,0.01,2346.211525,1776272732000
1776272733.545,33.545,0.43,33.42,0.42,37.35,0.44,15.0,0.45,10.0,0.57,5.0,0.56,40.5,0.58,11.35,0.59,103.5,0.01,0.01,2346.211525,1776272732000
1776272733.786,33.786,0.49,19.5,0.48,20.5,0.5,0.28,0.51,30.5,0.5,5.0,0.49,20.0,0.51,4.0,0.52,10.0,0.01,0.01,2346.211525,1776272732000
1776272734.221,34.221,0.5,5.0,0.49,24.5,0.51,10.0,0.52,36.5,0.49,1.25,0.48,31.5,0.5,10.0,0.51,19.5,0.01,0.01,2345.944921,1776272733000
1776272734.473,34.473,0.5,5.0,0.49,19.5,0.51,14.56,0.52,36.5,0.49,10.0,0.48,36.5,0.5,5.0,0.51,24.5,0.01,0.01,2345.944921,1776272733000
1776272735.08,35.08,0.48,25.5,0.47,34.7,0.49,10.91,0.5,25.0,0.49,14.56,0.48,36.5,0.5,5.0,0.51,19.5,0.01,0.01,2345.921255,1776272734000
1776272735.302,35.302,0.48,25.5,0.47,34.7,0.49,0.91,0.5,20.0,0.51,10.91,0.5,25.0,0.52,25.5,0.53,34.7,0.01,0.01,2345.921255,1776272734000
1776272738.577,38.577,0.48,11.16,0.47,25.5,0.49,81.0,0.5,87.5,0.5,5.0,0.49,20.0,0.51,8.03,0.52,25.5,0.01,0.01,2346.459479,1776272737000
1776272740.516,40.516,0.48,6.16,0.44,20.0,0.49,80.68,0.5,94.5,0.51,81.0,0.5,87.5,0.52,11.16,0.53,25.5,0.01,0.01,2346.414415,1776272739000
1776272741.373,41.373,0.41,30.0,0.4,5.0,0.42,130.5,0.43,172.51,0.51,85.68,0.5,144.5,0.56,10.0,0.57,17.92,0.01,0.05,2346.414415,1776272739000
1776272741.898,41.898,0.39,1.72,0.38,5.0,0.4,181.5,0.41,182.5,0.58,130.5,0.57,172.51,0.59,30.0,0.6,5.0,0.01,0.01,2346.289505,1776272740000
1776272742.153,42.153,0.37,15.5,0.36,119.39,0.39,130.0,0.4,125.0,0.6,171.5,0.59,167.5,0.62,1.85,0.63,15.5,0.02,0.02,2346.289505,1776272740000
1776272742.48,42.48,0.37,8.11,0.36,89.39,0.38,50.0,0.39,125.0,0.61,130.0,0.6,125.0,0.63,15.5,0.64,119.39,0.01,0.02,2346.106632,1776272741000
1776272743.252,43.252,0.36,350.13,0.35,187.0,0.4,10.0,0.42,10.0,0.62,50.0,0.61,125.0,0.63,8.11,0.64,89.39,0.04,0.01,2346.106632,1776272741000
1776272743.47,43.47,0.46,5.14,0.45,10.0,0.47,20.5,0.48,115.0,0.52,115.0,0.51,127.0,0.59,27.5,0.6,20.5,0.01,0.07,2346.106632,1776272741000
1776272743.729,43.729,0.44,11.64,0.43,10.0,0.47,25.4,0.48,120.0,0.53,20.4,0.52,115.0,0.54,5.14,0.55,10.0,0.03,0.01,2345.77785,1776272742000
1776272744.387,44.387,0.45,27.7,0.44,16.64,0.46,15.0,0.47,60.4,0.54,25.5,0.53,60.4,0.55,23.89,0.56,16.64,0.01,0.01,2345.62687,1776272743000
1776272746.976,46.976,0.42,25.5,0.41,75.5,0.44,20.5,0.45,166.5,0.54,15.0,0.53,60.4,0.55,27.7,0.56,16.64,0.02,0.01,2345.99803,1776272745000
1776272747.749,47.749,0.4,20.0,0.39,25.5,0.42,55.5,0.43,81.5,0.56,20.5,0.55,166.5,0.58,25.5,0.59,75.5,0.02,0.02,2346.135656,1776272746000
1776272748.929,48.929,0.37,60.0,0.36,174.13,0.38,42.8,0.39,50.5,0.58,55.5,0.57,81.5,0.6,20.0,0.61,25.5,0.01,0.02,2346.10561,1776272747000
1776272749.211,49.211,0.37,58.41,0.36,174.13,0.38,37.8,0.39,50.5,0.62,42.8,0.61,50.5,0.63,60.0,0.64,174.13,0.01,0.01,2346.10561,1776272747000
1776272750.207,50.207,0.36,47.0,0.35,70.5,0.37,10.0,0.38,55.5,0.62,55.1,0.61,156.5,0.63,50.0,0.64,158.63,0.01,0.01,2345.907504,1776272748000
1776272750.766,50.766,0.36,26.25,0.35,70.5,0.37,31.0,0.38,66.5,0.63,10.0,0.62,55.5,0.64,47.0,0.65,70.5,0.01,0.01,2345.584952,1776272749000
1776272756.058,56.058,0.32,6.0,0.31,140.0,0.33,10.0,0.34,77.6,0.63,31.0,0.62,66.5,0.64,26.25,0.65,70.5,0.01,0.01,2345.414566,1776272754000
1776272756.523,56.523,0.3,12.0,0.29,66.0,0.32,85.5,0.33,35.5,0.67,10.0,0.66,77.6,0.68,6.0,0.69,140.0,0.02,0.01,2345.414566,1776272754000
1776272756.726,56.726,0.3,12.0,0.29,76.5,0.31,46.08,0.32,40.5,0.69,53.04,0.68,40.5,0.7,12.0,0.71,76.5,0.01,0.01,2345.414566,1776272754000
1776272757.392,57.392,0.3,12.0,0.29,87.5,0.31,44.76,0.32,40.5,0.69,46.08,0.68,40.5,0.7,12.0,0.71,76.5,0.01,0.01,2345.404235,1776272756000
1776272757.763,57.763,0.3,7.0,0.29,87.5,0.31,44.76,0.32,35.5,0.69,44.76,0.68,40.5,0.7,12.0,0.71,87.5,0.01,0.01,2345.404235,1776272756000
1776272758.202,58.202,0.3,1.0,0.29,87.5,0.31,49.76,0.32,40.5,0.69,44.76,0.68,35.5,0.7,7.0,0.71,87.5,0.01,0.01,2345.404235,1776272756000
1776272760.044,60.044,0.28,20.7,0.27,70.5,0.29,26.0,0.3,78.0,0.69,49.76,0.68,40.5,0.7,1.0,0.71,87.5,0.01,0.01,2344.884915,1776272758000
1776272761.495,61.495,0.29,4.59,0.28,10.0,0.3,75.5,0.31,77.58,0.71,26.0,0.7,78.0,0.72,20.7,0.73,70.5,0.01,0.01,2344.846887,1776272759000
1776272762.031,62.031,0.29,14.5,0.28,35.5,0.3,25.0,0.31,41.08,0.7,75.5,0.69,77.58,0.71,4.59,0.72,10.0,0.01,0.01,2344.775353,1776272760000
1776272762.698,62.698,0.3,60.21,0.29,45.0,0.31,61.08,0.32,30.5,0.69,36.08,0.68,15.0,0.71,2.5,0.72,46.5,0.01,0.02,2344.851341,1776272761000
1776272762.997,62.997,0.3,14.51,0.29,42.5,0.31,66.08,0.32,30.5,0.69,61.08,0.68,30.5,0.7,58.78,0.71,45.0,0.01,0.01,2344.851341,1776272761000
1776272765.172,65.172,0.3,92.51,0.29,63.5,0.31,148.04,0.32,20.0,0.69,66.08,0.68,30.5,0.7,14.51,0.71,42.5,0.01,0.01,2344.886965,1776272763000
1776272765.8,65.8,0.3,102.51,0.29,63.5,0.31,200.0,0.32,10.0,0.69,148.04,0.68,20.0,0.7,92.51,0.71,63.5,0.01,0.01,2344.918855,1776272764000
1776272766.61,66.61,0.32,89.76,0.31,32.5,0.33,4.0,0.34,50.0,0.67,4.0,0.66,45.0,0.68,6.0,0.69,17.0,0.01,0.01,2344.918855,1776272764000
1776272767.33,67.33,0.32,65.77,0.31,32.5,0.33,4.0,0.34,50.0,0.67,4.0,0.66,50.0,0.68,89.76,0.69,32.5,0.01,0.01,2345.046175,1776272766000
1776272768.767,68.767,0.33,113.5,0.32,51.27,0.36,45.0,0.37,75.5,0.67,4.0,0.66,50.0,0.68,65.77,0.69,32.5,0.03,0.01,2345.046175,1776272766000
1776272769.9,69.9,0.36,36.87,0.35,49.89,0.37,5.0,0.38,40.0,0.64,5.0,0.63,80.5,0.65,22.0,0.66,32.5,0.01,0.01,2345.264119,1776272768000
1776272770.111,70.111,0.36,92.87,0.35,71.89,0.38,40.0,0.39,65.5,0.63,10.0,0.62,40.0,0.64,97.87,0.65,71.89,0.02,0.01,2345.264119,1776272768000
1776272770.44,70.44,0.37,82.5,0.36,72.87,0.4,25.0,0.41,50.0,0.62,40.0,0.61,65.5,0.64,92.87,0.65,71.89,0.03,0.02,2345.355595,1776272769000
1776272770.88,70.88,0.4,28.0,0.39,17.0,0.42,110.0,0.43,60.0,0.6,25.0,0.59,50.0,0.63,82.5,0.64,72.87,0.02,0.03,2345.355595,1776272769000
1776272771.577,71.577,0.35,20.58,0.34,77.0,0.36,35.0,0.37,20.0,0.58,110.0,0.57,60.0,0.6,28.0,0.61,17.0,0.01,0.02,2345.40693,1776272770000
1776272771.79,71.79,0.35,36.58,0.34,82.0,0.37,22.0,0.38,20.0,0.64,8.0,0.63,25.0,0.65,36.58,0.66,82.0,0.02,0.01,2345.40693,1776272770000
1776272772.418,72.418,0.36,5.0,0.35,40.58,0.37,10.29,0.38,31.0,0.63,11.0,0.62,20.0,0.65,31.58,0.66,56.0,0.01,0.02,2345.528346,1776272771000
1776272775.352,75.352,0.4,52.0,0.39,30.5,0.41,10.0,0.42,15.5,0.63,10.29,0.62,31.0,0.64,5.0,0.65,40.58,0.01,0.01,2345.612733,1776272774000
1776272776.653,76.653,0.41,26.0,0.4,32.5,0.42,12.61,0.43,80.5,0.59,10.0,0.58,15.5,0.6,52.0,0.61,30.5,0.01,0.01,2345.767693,1776272775000
1776272778.049,78.049,0.42,91.0,0.41,82.5,0.45,69.32,0.46,30.0,0.58,12.61,0.57,80.5,0.59,26.0,0.6,32.5,0.03,0.01,2345.852505,1776272776000
1776272778.437,78.437,0.44,10.46,0.43,31.01,0.45,69.32,0.46,45.0,0.55,69.32,0.54,30.0,0.58,91.0,0.59,82.5,0.01,0.03,2345.887465,1776272777000
1776272779.001,79.001,0.42,7.01,0.41,20.5,0.45,355.15,0.46,135.12,0.55,69.32,0.54,45.0,0.56,10.46,0.57,31.01,0.03,0.01,2345.887465,1776272777000
1776272779.261,79.261,0.44,20.5,0.43,20.5,0.45,57.02,0.46,46.34,0.58,7.73,0.57,5.0,0.59,55.0,0.6,40.0,0.01,0.01,2345.856775,1776272778000
1776272779.638,79.638,0.46,42.5,0.45,36.5,0.47,23.04,0.48,50.0,0.53,59.0,0.52,50.0,0.55,10.0,0.56,10.0,0.01,0.02,2345.856775,1776272778000
1776272780.167,80.167,0.5,121.0,0.48,15.0,0.51,26.0,0.52,50.5,0.49,90.0,0.48,40.0,0.54,77.79,0.55,36.5,0.01,0.05,2346.00866,1776272779000
1776272780.404,80.404,0.5,72.0,0.48,25.0,0.51,39.05,0.52,50.5,0.49,39.05,0.48,50.5,0.5,83.0,0.52,25.0,0.01,0.01,2346.00866,1776272779000
1776272780.615,80.615,0.47,23.5,0.46,72.79,0.49,15.0,0.5,20.0,0.5,15.0,0.49,49.05,0.53,34.5,0.54,72.79,0.02,0.03,2346.00866,1776272779000
1776272780.825,80.825,0.46,31.62,0.45,101.0,0.48,10.0,0.49,25.0,0.52,10.0,0.51,20.0,0.54,42.0,0.55,101.0,0.02,0.02,2346.00866,1776272779000
1776272781.066,81.066,0.46,31.62,0.45,71.0,0.49,19.69,0.5,15.0,0.52,10.0,0.51,25.0,0.54,31.62,0.55,101.0,0.03,0.02,2345.992719,1776272780000
1776272781.408,81.408,0.48,26.0,0.47,5.0,0.49,19.3,0.5,24.7,0.5,9.2,0.49,10.0,0.54,31.62,0.55,71.0,0.01,0.04,2345.992719,1776272780000
1776272781.64,81.64,0.48,11.0,0.47,5.0,0.5,14.2,0.51,20.5,0.51,9.8,0.5,14.2,0.52,11.0,0.53,5.0,0.02,0.01,2345.992719,1776272780000
1776272781.892,81.892,0.48,16.0,0.47,5.0,0.49,14.2,0.5,14.2,0.5,14.2,0.49,20.5,0.52,11.0,0.53,5.0,0.01,0.02,2345.992719,1776272780000
1776272782.218,82.218,0.48,21.0,0.47,20.0,0.49,9.3,0.5,14.2,0.51,14.2,0.5,14.2,0.52,16.0,0.53,5.0,0.01,0.01,2346.519032,1776272781000
1776272782.717,82.717,0.49,56.0,0.48,80.0,0.5,0.68,0.51,20.0,0.51,9.3,0.5,14.2,0.52,21.0,0.53,20.0,0.01,0.01,2346.519032,1776272781000
1776272783.078,83.078,0.49,51.0,0.48,80.0,0.5,10.68,0.51,20.0,0.5,0.68,0.49,20.0,0.51,56.0,0.52,80.0,0.01,0.01,2346.520503,1776272782000
1776272783.907,83.907,0.49,31.0,0.48,31.0,0.5,33.26,0.51,25.5,0.5,10.68,0.49,20.0,0.51,51.0,0.52,80.0,0.01,0.01,2346.520503,1776272782000
1776272784.142,84.142,0.49,16.47,0.48,31.0,0.5,23.26,0.51,25.5,0.5,28.26,0.49,25.5,0.51,16.47,0.52,31.0,0.01,0.01,2346.503516,1776272783000
1776272784.598,84.598,0.49,56.47,0.48,36.0,0.5,9.0,0.51,35.5,0.5,23.26,0.49,25.5,0.51,16.47,0.52,31.0,0.01,0.01,2346.503516,1776272783000
1776272784.869,84.869,0.49,56.47,0.48,36.0,0.5,5.5,0.51,35.5,0.5,9.0,0.49,35.5,0.51,56.47,0.52,36.0,0.01,0.01,2346.503516,1776272783000
1776272788.061,88.061,0.49,31.47,0.48,26.0,0.5,25.2,0.51,30.5,0.5,5.5,0.49,35.5,0.51,56.47,0.52,36.0,0.01,0.01,2346.548111,1776272786000
1776272788.496,88.496,0.49,32.0,0.48,11.0,0.5,738.2,0.51,88.5,0.5,26.2,0.49,80.5,0.51,31.47,0.52,121.0,0.01,0.01,2346.643333,1776272787000
1776272788.914,88.914,0.45,21.0,0.44,22.0,0.47,81.5,0.48,500.5,0.51,80.5,0.5,602.2,0.52,6.0,0.54,5.0,0.02,0.01,2346.643333,1776272787000
1776272789.205,89.205,0.44,44.0,0.43,47.0,0.45,25.5,0.46,25.5,0.54,20.5,0.53,146.5,0.56,22.0,0.57,47.0,0.01,0.02,2346.643333,1776272787000
1776272789.457,89.457,0.44,54.0,0.43,57.0,0.45,19.5,0.46,25.5,0.55,25.5,0.54,25.5,0.56,44.0,0.57,47.0,0.01,0.01,2346.645852,1776272788000
1776272790.587,90.587,0.52,10.0,0.51,10.0,0.56,8.58,0.57,192.28,0.54,18.0,0.53,161.5,0.56,54.0,0.57,57.0,0.04,0.02,2346.546034,1776272789000
1776272791.047,91.047,0.56,756.82,0.55,130.5,0.58,10.0,0.59,35.0,0.43,192.28,0.41,25.0,0.44,7.32,0.45,29.59,0.02,0.01,2346.546034,1776272789000
1776272791.288,91.288,0.58,10.0,0.57,10.0,0.6,60.0,0.61,147.0,0.42,10.0,0.41,35.0,0.44,756.82,0.45,130.5,0.02,0.02,2346.546034,1776272789000
1776272791.5,91.5,0.6,484.1,0.59,140.0,0.61,50.0,0.62,55.0,0.4,60.0,0.39,147.0,0.42,10.0,0.43,10.0,0.01,0.02,2346.299139,1776272790000
1776272791.746,91.746,0.6,757.81,0.59,15.0,0.62,155.0,0.63,145.0,0.39,89.0,0.38,66.0,0.4,712.81,0.41,15.0,0.02,0.01,2346.299139,1776272790000
1776272791.975,91.975,0.61,647.0,0.6,153.71,0.63,96.41,0.64,164.0,0.38,155.0,0.37,145.0,0.4,757.81,0.41,15.0,0.02,0.02,2346.299139,1776272790000
1776272792.236,92.236,0.57,1.16,0.56,727.32,0.58,26.5,0.59,26.5,0.37,96.41,0.36,164.0,0.39,647.0,0.4,153.71,0.01,0.02,2346.299139,1776272790000
1776272792.77,92.77,0.59,227.0,0.58,600.0,0.61,222.0,0.62,167.5,0.42,145.91,0.41,61.5,0.43,496.16,0.44,132.32,0.02,0.01,2346.265422,1776272791000
1776272792.979,92.979,0.6,54.0,0.59,233.0,0.61,224.36,0.62,167.5,0.39,185.36,0.38,167.5,0.4,54.0,0.41,233.0,0.01,0.01,2346.265422,1776272791000
1776272793.67,93.67,0.61,648.0,0.6,152.0,0.62,10.5,0.63,24.63,0.39,144.03,0.38,167.5,0.4,59.22,0.41,713.0,0.01,0.01,2347.27635,1776272792000
1776272793.97,93.97,0.61,644.23,0.6,147.0,0.62,20.5,0.63,24.63,0.38,10.5,0.37,24.63,0.39,648.0,0.4,152.0,0.01,0.01,2347.27635,1776272792000
1776272794.355,94.355,0.61,620.0,0.6,147.0,0.62,20.5,0.63,100.52,0.38,20.5,0.37,100.52,0.39,387.81,0.4,147.0,0.01,0.01,2347.27635,1776272792000
1776272795.06,95.06,0.61,620.0,0.6,147.0,0.62,18.88,0.63,100.52,0.38,20.5,0.37,100.52,0.39,620.0,0.4,147.0,0.01,0.01,2347.237442,1776272794000
1776272795.636,95.636,0.61,614.0,0.6,161.46,0.62,18.88,0.63,100.52,0.38,18.88,0.37,100.52,0.39,620.0,0.4,147.0,0.01,0.01,2347.237442,1776272794000
1776272796.039,96.039,0.61,614.0,0.6,161.46,0.62,1.74,0.63,100.52,0.38,14.04,0.37,100.52,0.39,614.0,0.4,161.46,0.01,0.01,2347.376856,1776272795000
1776272796.905,96.905,0.62,15.0,0.61,608.0,0.63,100.67,0.64,305.0,0.37,100.52,0.36,280.0,0.39,608.0,0.4,161.46,0.01,0.02,2347.376856,1776272795000
1776272797.96,97.96,0.6,9.46,0.57,1.16,0.61,603.5,0.62,79.0,0.37,100.67,0.36,305.0,0.38,15.0,0.39,608.0,0.01,0.01,2347.373427,1776272796000
1776272798.161,98.161,0.56,20.25,0.55,50.5,0.58,114.5,0.59,62.0,0.42,83.5,0.41,51.0,0.44,27.32,0.45,50.5,0.02,0.02,2347.373427,1776272796000
1776272799.814,99.814,0.58,747.5,0.57,167.5,0.59,5.0,0.6,20.5,0.42,114.5,0.41,62.0,0.44,20.25,0.45,50.5,0.01,0.02,2347.388961,1776272798000
1776272801.278,101.278,0.57,137.0,0.56,146.5,0.59,93.5,0.6,615.5,0.41,5.0,0.4,20.5,0.42,732.5,0.43,167.5,0.02,0.01,2347.208066,1776272800000
1776272802.396,102.396,0.56,14.27,0.55,282.5,0.57,29.5,0.58,38.5,0.41,93.5,0.4,615.5,0.43,137.0,0.44,146.5,0.01,0.02,2347.208066,1776272800000
1776272804.394,104.394,0.56,19.27,0.55,635.5,0.57,21.89,0.58,265.5,0.43,29.5,0.42,38.5,0.44,14.27,0.45,282.5,0.01,0.01,2347.18495,1776272803000
1776272804.646,104.646,0.56,738.88,0.55,166.5,0.57,2.89,0.58,10.5,0.43,21.89,0.42,265.5,0.44,19.27,0.45,635.5,0.01,0.01,2347.18495,1776272803000
1776272804.875,104.875,0.56,748.0,0.55,166.5,0.58,6.34,0.59,62.5,0.43,2.89,0.42,10.5,0.44,738.88,0.45,166.5,0.02,0.01,2347.18495,1776272803000
1776272805.669,105.669,0.62,257.14,0.61,200.5,0.68,1.0,0.71,25.0,0.42,6.34,0.41,62.5,0.44,748.0,0.45,166.5,0.06,0.02,2347.116718,1776272804000
1776272805.873,105.873,0.66,625.5,0.65,120.0,0.67,23.51,0.68,17.28,0.33,26.9,0.3,10.5,0.34,140.5,0.35,110.0,0.01,0.01,2347.116718,1776272804000
1776272806.429,106.429,0.7,10.0,0.69,10.0,0.71,43.38,0.72,152.0,0.29,126.0,0.28,10.0,0.31,7.24,0.32,10.0,0.01,0.02,2347.116718,1776272804000
1776272806.762,106.762,0.7,5.29,0.69,10.0,0.71,42.59,0.72,45.0,0.29,35.0,0.28,152.0,0.3,5.29,0.31,10.0,0.01,0.01,2347.116717,1776272805000
1776272807.269,107.269,0.69,10.0,0.68,20.5,0.71,58.0,0.72,162.0,0.29,41.18,0.28,45.0,0.3,5.29,0.31,10.0,0.02,0.01,2347.122196,1776272806000
1776272807.644,107.644,0.69,10.0,0.68,20.5,0.71,93.5,0.72,287.5,0.29,58.0,0.28,162.0,0.31,10.0,0.32,20.5,0.02,0.02,2347.122196,1776272806000
1776272807.937,107.937,0.68,4.03,0.67,21.0,0.69,141.5,0.7,327.14,0.3,337.14,0.29,133.5,0.32,7.03,0.33,10.0,0.01,0.02,2347.122196,1776272806000
1776272808.814,108.814,0.67,43.0,0.66,10.0,0.68,811.5,0.69,133.5,0.31,678.5,0.3,105.14,0.33,21.0,0.34,21.0,0.01,0.02,2348.088795,1776272807000
1776272809.119,109.119,0.63,72.44,0.62,495.0,0.66,127.5,0.67,737.88,0.32,811.0,0.31,133.5,0.35,0.77,0.36,5.0,0.03,0.03,2348.088795,1776272807000
1776272809.441,109.441,0.64,127.0,0.63,190.5,0.65,78.87,0.66,127.5,0.35,31.0,0.34,127.5,0.37,187.44,0.38,495.0,0.01,0.02,2348.106829,1776272808000
1776272810.804,110.804,0.62,632.5,0.61,155.5,0.63,40.41,0.64,98.0,0.35,83.87,0.34,722.5,0.36,6.65,0.37,75.5,0.01,0.01,2347.832235,1776272809000
1776272811.462,111.462,0.62,726.21,0.61,40.5,0.63,38.82,0.64,87.0,0.37,40.41,0.36,87.0,0.38,726.21,0.39,40.5,0.01,0.01,2347.684943,1776272810000
1776272812.019,112.019,0.62,10.0,0.61,45.5,0.64,103.04,0.65,127.37,0.37,38.82,0.36,87.0,0.38,726.21,0.39,40.5,0.02,0.01,2347.684943,1776272810000
1776272812.719,112.719,0.6,625.68,0.59,170.0,0.62,202.5,0.63,63.5,0.36,103.04,0.35,127.37,0.38,10.0,0.39,45.5,0.02,0.02,2347.589938,1776272811000
1776272814.35,114.35,0.59,10.0,0.58,15.0,0.61,834.5,0.62,77.5,0.39,46.5,0.38,309.5,0.4,11.18,0.41,45.0,0.02,0.01,2347.530388,1776272812000
1776272818.199,118.199,0.61,5.0,0.6,15.0,0.62,664.2,0.63,73.5,0.39,834.5,0.38,77.5,0.41,10.0,0.42,15.0,0.01,0.02,2347.188735,1776272816000
1776272818.501,118.501,0.59,10.0,0.58,25.5,0.61,73.5,0.62,671.2,0.38,664.2,0.37,73.5,0.39,5.0,0.4,15.0,0.02,0.01,2347.188735,1776272816000
1776272820.288,120.288,0.61,779.0,0.6,30.5,0.62,16.39,0.63,32.0,0.39,73.5,0.38,671.2,0.41,10.0,0.42,25.5,0.01,0.02,2347.279038,1776272819000
1776272820.905,120.905,0.61,15.0,0.6,137.0,0.62,35.5,0.63,294.5,0.38,16.39,0.37,32.0,0.39,779.0,0.4,30.5,0.01,0.01,2347.279038,1776272819000
1776272822.443,122.443,0.6,5.0,0.59,5.0,0.61,792.5,0.62,91.5,0.38,35.5,0.37,294.5,0.39,15.0,0.4,137.0,0.01,0.01,2347.279778,1776272821000
1776272822.758,122.758,0.57,95.0,0.56,35.0,0.58,90.67,0.59,568.5,0.4,150.5,0.39,667.5,0.41,0.97,0.42,5.0,0.01,0.01,2347.279778,1776272821000
1776272823.949,123.949,0.49,110.0,0.48,130.0,0.54,502.0,0.55,10.0,0.42,90.67,0.41,568.5,0.43,95.0,0.44,35.0,0.05,0.01,2347.286042,1776272822000
1776272825.156,125.156,0.46,25.0,0.43,25.0,0.47,652.54,0.48,242.5,0.5,10.0,0.49,10.0,0.53,11.0,0.54,155.0,0.01,0.03,2347.19841,1776272823000
1776272825.511,125.511,0.43,11.78,0.42,10.0,0.44,551.5,0.45,26.5,0.54,10.0,0.53,792.54,0.57,22.57,0.58,10.0,0.01,0.03,2346.95576,1776272824000
1776272826.127,126.127,0.4,5.0,0.39,5.0,0.41,66.5,0.42,62.5,0.57,11.97,0.56,157.5,0.58,15.0,0.59,90.0,0.01,0.01,2346.95576,1776272824000
1776272826.925,126.925,0.35,10.0,0.34,43.0,0.36,8.77,0.37,551.5,0.6,10.0,0.59,191.5,0.62,5.0,0.63,27.5,0.01,0.02,2346.44145,1776272825000
1776272827.365,127.365,0.35,286.13,0.34,40.0,0.38,10.0,0.39,10.0,0.64,8.77,0.63,551.5,0.65,10.0,0.66,43.0,0.03,0.01,2346.121028,1776272826000
1776272827.638,127.638,0.37,10.0,0.36,31.0,0.39,4.76,0.4,10.0,0.61,10.0,0.6,10.0,0.64,54.16,0.65,627.5,0.02,0.03,2346.121028,1776272826000
1776272828.15,128.15,0.37,15.0,0.36,30.0,0.38,46.0,0.39,36.26,0.62,20.0,0.61,4.76,0.63,15.54,0.64,268.5,0.01,0.01,2346.121028,1776272826000
1776272828.352,128.352,0.37,48.22,0.36,73.0,0.38,48.0,0.39,32.26,0.62,33.0,0.61,32.26,0.63,37.22,0.64,41.0,0.01,0.01,2345.747219,1776272827000
1776272830.657,130.657,0.37,36.0,0.36,167.5,0.38,621.68,0.39,153.26,0.62,48.0,0.61,32.26,0.63,48.22,0.64,73.0,0.01,0.01,2345.68053,1776272829000
1776272830.953,130.953,0.36,25.0,0.35,15.0,0.37,5.5,0.38,731.28,0.62,614.28,0.61,142.26,0.63,7.46,0.64,142.0,0.01,0.01,2345.68053,1776272829000
1776272831.364,131.364,0.34,12.43,0.33,55.0,0.36,630.5,0.37,153.0,0.63,5.5,0.62,731.28,0.64,25.0,0.65,15.0,0.02,0.01,2345.68053,1776272829000
1776272831.955,131.955,0.38,16.95,0.37,30.5,0.39,11.0,0.4,16.0,0.64,630.5,0.63,153.0,0.66,12.43,0.67,55.0,0.01,0.02,2345.644635,1776272830000
1776272832.591,132.591,0.38,16.95,0.37,147.0,0.39,130.38,0.4,648.5,0.61,13.0,0.6,153.5,0.62,16.95,0.63,137.0,0.01,0.01,2345.644635,1776272830000
1776272832.815,132.815,0.38,16.95,0.37,147.0,0.39,605.25,0.4,168.5,0.61,130.38,0.6,648.5,0.62,16.95,0.63,147.0,0.01,0.01,2345.644635,1776272830000
1776272833.083,133.083,0.4,24.16,0.39,37.5,0.41,10.0,0.42,41.0,0.61,605.25,0.6,168.5,0.62,16.95,0.63,147.0,0.01,0.01,2345.644635,1776272830000
1776272833.955,133.955,0.44,27.0,0.43,144.5,0.45,1.0,0.46,86.0,0.59,10.0,0.58,41.0,0.6,24.16,0.61,37.5,0.01,0.01,2345.67907,1776272831000
1776272834.415,134.415,0.45,9.39,0.44,76.0,0.46,733.0,0.47,47.0,0.54,86.0,0.53,26.0,0.56,27.0,0.57,144.5,0.01,0.02,2345.533925,1776272832000
1776272834.861,134.861,0.5,10.0,0.49,10.0,0.51,1.0,0.52,66.0,0.54,733.0,0.53,47.0,0.55,9.39,0.56,76.0,0.01,0.01,2345.533925,1776272832000
1776272835.139,135.139,0.52,32.5,0.51,164.3,0.54,5.0,0.55,105.0,0.49,1.0,0.48,66.0,0.5,10.0,0.51,10.0,0.02,0.01,2345.65477,1776272833000
1776272835.347,135.347,0.53,17.0,0.52,52.5,0.55,88.23,0.56,347.5,0.45,98.87,0.44,347.5,0.47,17.0,0.48,52.5,0.02,0.02,2345.65477,1776272833000
1776272835.765,135.765,0.54,22.0,0.53,27.5,0.55,0.18,0.56,65.0,0.45,88.23,0.44,347.5,0.47,17.0,0.48,52.5,0.01,0.02,2345.65477,1776272833000
1776272836.528,136.528,0.54,12.0,0.53,17.0,0.55,739.4,0.56,203.74,0.45,0.18,0.44,65.0,0.46,22.0,0.47,27.5,0.01,0.01,2346.124437,1776272835000
1776272836.83,136.83,0.53,15.48,0.52,122.0,0.55,694.0,0.56,203.74,0.45,749.4,0.44,203.74,0.47,20.48,0.48,122.0,0.02,0.02,2346.124437,1776272835000
1776272839.215,139.215,0.53,11.63,0.52,249.5,0.54,616.74,0.55,212.57,0.46,16.0,0.45,720.24,0.47,16.63,0.48,127.0,0.01,0.01,2346.563519,1776272837000
1776272841.103,141.103,0.53,16.63,0.52,122.0,0.54,254.59,0.55,58.5,0.46,616.74,0.45,212.57,0.47,11.63,0.48,249.5,0.01,0.01,2346.587626,1776272839000
1776272842.545,142.545,0.5,121.18,0.49,125.5,0.51,157.0,0.52,159.0,0.46,254.59,0.45,58.5,0.47,16.63,0.48,122.0,0.01,0.01,2346.583737,1776272840000
1776272844.516,144.516,0.5,278.5,0.49,515.5,0.52,29.0,0.53,131.0,0.49,157.0,0.48,159.0,0.5,121.18,0.51,125.5,0.02,0.01,2346.472007,1776272843000
1776272844.718,144.718,0.51,2.59,0.5,41.5,0.52,4.8,0.53,263.0,0.48,9.8,0.47,626.0,0.49,20.0,0.5,158.5,0.01,0.01,2346.472007,1776272843000
1776272845.721,145.721,0.5,136.5,0.49,247.5,0.51,606.07,0.52,20.0,0.47,214.72,0.46,143.5,0.49,2.59,0.5,153.5,0.01,0.02,2346.472814,1776272844000
1776272854.127,154.127,0.61,33.62,0.6,45.5,0.62,10.0,0.63,40.0,0.49,606.07,0.48,20.0,0.5,136.5,0.51,247.5,0.01,0.01,2346.975115,1776272853000
1776272855.488,155.488,0.62,649.1,0.61,164.62,0.63,30.0,0.64,177.0,0.38,10.0,0.37,40.0,0.39,33.62,0.4,45.5,0.01,0.01,2347.118685,1776272854000
1776272857.615,157.615,0.62,16.55,0.61,22.12,0.63,212.5,0.64,108.5,0.37,30.0,0.36,177.0,0.38,649.1,0.39,164.62,0.01,0.01,2347.22937,1776272856000
1776272860.306,160.306,0.51,783.5,0.5,36.0,0.54,6.0,0.55,5.0,0.37,212.5,0.36,108.5,0.38,16.55,0.39,22.12,0.03,0.01,2347.017288,1776272859000
1776272860.644,160.644,0.53,791.5,0.52,30.5,0.54,0.9,0.58,30.0,0.46,6.0,0.45,5.0,0.49,783.5,0.5,36.0,0.01,0.03,2347.017288,1776272859000
1776272860.951,160.951,0.53,801.5,0.52,35.5,0.58,30.0,0.59,12.0,0.46,0.9,0.42,30.0,0.47,791.5,0.48,30.5,0.05,0.01,2346.8155,1776272860000
1776272861.994,161.994,0.57,15.0,0.56,767.77,0.58,11.44,0.59,137.0,0.42,35.0,0.41,17.0,0.44,30.77,0.45,30.5,0.01,0.02,2346.65449,1776272861000
1776272862.51,162.51,0.57,897.5,0.56,56.77,0.6,10.0,0.61,50.0,0.41,120.85,0.4,35.5,0.43,15.0,0.44,767.77,0.03,0.02,2346.65449,1776272861000
1776272864.512,164.512,0.66,234.5,0.65,30.78,0.69,35.0,0.7,115.56,0.34,70.0,0.33,30.0,0.35,10.0,0.36,10.0,0.03,0.01,2346.941654,1776272863000
1776272865.475,165.475,0.72,17.14,0.71,10.0,0.74,214.0,0.75,32.0,0.28,110.0,0.26,50.0,0.31,10.0,0.32,15.0,0.02,0.03,2347.03201,1776272864000
1776272866.125,166.125,0.71,10.0,0.7,10.0,0.73,612.0,0.74,71.0,0.26,214.0,0.25,32.0,0.28,17.14,0.29,10.0,0.02,0.02,2347.03201,1776272864000
1776272866.431,166.431,0.67,8.37,0.66,500.0,0.69,10.0,0.7,10.0,0.28,143.0,0.27,681.54,0.31,10.0,0.32,10.0,0.02,0.03,2347.5839,1776272865000
1776272866.706,166.706,0.66,20.0,0.65,10.0,0.68,18.85,0.69,21.0,0.31,10.0,0.3,10.0,0.33,8.37,0.34,500.0,0.02,0.02,2347.5839,1776272865000
1776272867.471,167.471,0.64,25.5,0.63,150.0,0.65,16.95,0.66,15.0,0.32,18.85,0.31,21.0,0.34,20.0,0.35,10.0,0.01,0.02,2347.952847,1776272866000
1776272868.686,168.686,0.63,809.5,0.62,70.5,0.64,18.43,0.65,15.0,0.35,16.95,0.34,15.0,0.36,25.5,0.37,150.0,0.01,0.01,2347.809445,1776272867000
1776272869.026,169.026,0.63,799.5,0.62,70.5,0.64,6.0,0.65,11.0,0.36,18.43,0.35,15.0,0.37,809.5,0.38,70.5,0.01,0.01,2347.809445,1776272867000
1776272869.237,169.237,0.66,54.0,0.65,20.5,0.67,48.07,0.68,126.5,0.33,11.0,0.32,137.5,0.34,39.0,0.35,20.5,0.01,0.01,2347.809445,1776272867000
1776272869.719,169.719,0.66,796.5,0.65,20.5,0.67,22.07,0.69,16.5,0.33,48.07,0.32,126.5,0.34,54.0,0.35,20.5,0.01,0.01,2347.587863,1776272868000
1776272870.294,170.294,0.68,15.0,0.67,143.5,0.69,85.06,0.7,96.5,0.33,22.07,0.31,16.5,0.34,796.5,0.35,20.5,0.01,0.01,2347.400477,1776272869000
1776272870.528,170.528,0.68,57.0,0.67,616.0,0.69,209.32,0.7,95.5,0.31,85.06,0.3,96.5,0.32,15.0,0.33,143.5,0.01,0.01,2347.400477,1776272869000
1776272870.946,170.946,0.67,31.0,0.66,22.0,0.69,127.2,0.7,99.0,0.31,219.52,0.3,220.5,0.32,26.37,0.33,6.0,0.02,0.01,2347.400477,1776272869000
1776272871.653,171.653,0.68,769.5,0.67,83.5,0.69,3.2,0.7,60.0,0.31,127.2,0.3,99.0,0.33,31.0,0.34,22.0,0.01,0.02,2347.456206,1776272870000
1776272873.348,173.348,0.68,620.4,0.67,61.5,0.69,8.2,0.7,70.0,0.31,3.2,0.3,60.0,0.32,769.5,0.33,83.5,0.01,0.01,2347.5557,1776272871000
1776272873.711,173.711,0.67,25.0,0.66,137.5,0.69,186.7,0.7,94.5,0.31,8.2,0.3,70.0,0.32,620.4,0.33,61.5,0.02,0.01,2347.64574,1776272872000
1776272874.382,174.382,0.68,25.0,0.67,620.5,0.69,21.75,0.7,211.5,0.31,186.7,0.3,94.5,0.33,25.0,0.34,137.5,0.01,0.02,2347.612135,1776272873000
1776272874.668,174.668,0.68,7.72,0.67,610.0,0.69,170.25,0.7,689.5,0.31,21.75,0.3,211.5,0.32,25.0,0.33,620.5,0.01,0.01,2347.612135,1776272873000
1776272875.311,175.311,0.66,7.0,0.65,10.0,0.68,65.2,0.69,46.5,0.31,170.25,0.3,689.5,0.32,7.72,0.33,610.0,0.02,0.01,2347.612135,1776272873000
1776272875.824,175.824,0.66,3.22,0.64,172.5,0.67,26.0,0.68,86.7,0.32,65.2,0.31,46.5,0.34,7.0,0.35,10.0,0.01,0.02,2347.622371,1776272874000
1776272877.045,177.045,0.65,19.41,0.64,172.5,0.67,26.0,0.68,86.2,0.33,26.0,0.32,86.7,0.34,3.22,0.36,172.5,0.02,0.01,2347.619433,1776272875000
1776272880.108,180.108,0.67,125.48,0.66,640.5,0.69,150.0,0.7,705.5,0.33,26.0,0.32,86.2,0.35,19.41,0.36,172.5,0.02,0.02,2347.466531,1776272879000
1776272881.628,181.628,0.66,24.0,0.65,39.0,0.67,25.5,0.68,25.5,0.31,150.0,0.3,705.5,0.33,125.48,0.34,640.5,0.01,0.02,2347.437354,1776272880000
1776272881.853,181.853,0.65,25.5,0.64,142.5,0.66,30.0,0.67,21.0,0.33,34.5,0.32,47.5,0.34,29.0,0.35,39.0,0.01,0.01,2347.437354,1776272880000
1776272882.298,182.298,0.64,10.0,0.63,772.5,0.65,14.76,0.66,146.0,0.34,35.0,0.33,26.0,0.36,17.27,0.37,540.5,0.01,0.02,2347.435323,1776272881000
1776272882.969,182.969,0.64,271.5,0.63,545.5,0.65,5.0,0.66,5.0,0.35,14.76,0.34,146.0,0.36,10.0,0.37,772.5,0.01,0.01,2347.435323,1776272881000
1776272884.66,184.66,0.63,36.43,0.61,230.5,0.64,59.0,0.65,314.5,0.35,5.0,0.34,5.0,0.36,727.47,0.37,65.5,0.01,0.01,2347.371381,1776272883000
1776272884.932,184.932,0.61,225.5,0.6,26.0,0.62,146.11,0.63,612.0,0.36,59.0,0.35,314.5,0.39,230.5,0.4,26.0,0.01,0.03,2347.371381,1776272883000
1776272885.718,185.718,0.6,6.68,0.58,150.0,0.62,767.55,0.63,30.5,0.38,146.11,0.37,612.0,0.39,225.5,0.4,26.0,0.02,0.01,2347.348307,1776272884000
1776272885.944,185.944,0.6,6.68,0.58,150.0,0.61,41.5,0.62,757.55,0.38,767.55,0.37,30.5,0.4,6.68,0.42,150.0,0.01,0.02,2347.348307,1776272884000
1776272886.397,186.397,0.57,110.0,0.56,25.0,0.61,802.5,0.62,55.55,0.39,41.5,0.38,757.55,0.4,6.68,0.42,150.0,0.04,0.01,2347.36493,1776272885000
1776272886.902,186.902,0.57,5.0,0.56,25.0,0.58,46.36,0.59,26.5,0.39,802.5,0.38,55.55,0.43,110.0,0.44,25.0,0.01,0.04,2347.36493,1776272885000
1776272888.025,188.025,0.53,177.5,0.51,156.0,0.54,1.98,0.55,10.0,0.42,46.36,0.41,26.5,0.43,5.0,0.44,25.0,0.01,0.01,2347.146776,1776272886000
1776272888.624,188.624,0.49,35.0,0.48,85.0,0.52,36.5,0.53,26.5,0.46,7.98,0.45,10.0,0.47,100.5,0.49,156.0,0.03,0.01,2346.934904,1776272887000
1776272889.393,189.393,0.45,135.0,0.44,10.0,0.47,10.4,0.48,16.0,0.48,36.5,0.47,26.5,0.51,35.0,0.52,85.0,0.02,0.03,2346.806539,1776272888000
1776272890.481,190.481,0.44,122.0,0.43,10.5,0.45,16.37,0.46,10.0,0.53,10.4,0.52,16.0,0.55,135.0,0.56,10.0,0.01,0.02,2346.723078,1776272889000
1776272890.953,190.953,0.44,127.0,0.43,10.5,0.46,6.87,0.47,25.9,0.55,6.37,0.54,10.0,0.56,122.0,0.57,10.5,0.02,0.01,2346.723078,1776272889000
1776272891.809,191.809,0.4,10.5,0.39,10.5,0.41,6.0,0.42,27.0,0.54,6.87,0.53,25.9,0.56,127.0,0.57,10.5,0.01,0.02,2346.334841,1776272890000
1776272892.029,192.029,0.39,136.35,0.38,120.0,0.41,11.0,0.42,27.0,0.59,6.0,0.58,27.0,0.6,10.5,0.61,10.5,0.02,0.01,2346.334841,1776272890000
1776272892.312,192.312,0.39,136.35,0.38,120.0,0.41,1.0,0.42,16.0,0.59,11.0,0.58,27.0,0.61,136.35,0.62,120.0,0.02,0.02,2346.214928,1776272891000
1776272892.764,192.764,0.4,722.5,0.39,74.35,0.42,15.45,0.43,22.0,0.58,21.0,0.57,27.0,0.6,625.5,0.61,141.35,0.02,0.02,2346.214928,1776272891000
1776272893.803,193.803,0.44,7.14,0.43,15.0,0.48,10.0,0.49,513.0,0.58,15.45,0.57,22.0,0.6,722.5,0.61,74.35,0.04,0.02,2346.149369,1776272892000
1776272894.604,194.604,0.45,803.33,0.44,49.5,0.46,21.0,0.47,11.0,0.54,20.5,0.53,10.0,0.56,3.76,0.57,25.5,0.01,0.02,2346.085316,1776272893000
1776272895.791,195.791,0.47,5.91,0.46,201.5,0.48,15.0,0.49,46.5,0.54,10.39,0.53,11.0,0.55,808.33,0.56,49.5,0.01,0.01,2346.091917,1776272894000
1776272896.019,196.019,0.47,811.41,0.46,146.5,0.51,35.5,0.52,60.0,0.52,15.0,0.51,46.5,0.53,5.91,0.54,201.5,0.04,0.01,2346.091917,1776272894000
1776272897.291,197.291,0.5,3.9,0.49,15.0,0.52,807.5,0.53,81.0,0.49,2.32,0.48,60.0,0.51,13.33,0.52,25.5,0.02,0.02,2346.264147,1776272896000
1776272897.684,197.684,0.5,3.8,0.49,15.0,0.51,742.5,0.52,100.5,0.48,807.5,0.47,81.0,0.5,3.9,0.51,15.0,0.01,0.02,2346.264147,1776272896000
1776272898.848,198.848,0.49,10.0,0.48,10.0,0.5,619.1,0.51,36.5,0.49,742.5,0.48,100.5,0.5,3.8,0.51,15.0,0.01,0.01,2346.368275,1776272897000
1776272899.17,199.17,0.49,10.0,0.48,10.0,0.5,617.8,0.51,158.5,0.5,619.1,0.49,36.5,0.51,10.0,0.52,10.0,0.01,0.01,2346.368275,1776272897000
1776272899.496,199.496,0.48,10.0,0.45,40.5,0.49,34.3,0.5,806.8,0.5,617.8,0.49,158.5,0.51,10.0,0.52,10.0,0.01,0.01,2346.368275,1776272897000
1776272900.026,200.026,0.44,30.0,0.42,10.5,0.45,14.6,0.46,186.5,0.54,26.0,0.53,25.0,0.55,124.5,0.56,25.0,0.01,0.01,2346.33564,1776272898000
1776272900.345,200.345,0.43,15.5,0.42,132.5,0.44,13.7,0.45,522.1,0.55,40.1,0.54,661.5,0.57,10.5,0.58,132.5,0.01,0.02,2346.333115,1776272899000
1776272900.671,200.671,0.43,15.5,0.42,132.5,0.44,162.8,0.45,511.6,0.56,13.7,0.55,522.1,0.57,15.5,0.58,132.5,0.01,0.01,2346.333115,1776272899000
1776272903.873,203.873,0.45,276.15,0.44,510.5,0.46,10.0,0.47,27.28,0.56,162.8,0.55,511.6,0.57,15.5,0.58,132.5,0.01,0.01,2346.143991,1776272902000
1776272904.233,204.233,0.46,881.5,0.45,50.15,0.47,12.17,0.52,60.0,0.54,10.0,0.53,27.28,0.55,276.15,0.56,510.5,0.01,0.01,2346.143991,1776272902000
1776272906.499,206.499,0.52,81.0,0.51,783.5,0.53,20.5,0.54,212.5,0.53,12.17,0.48,60.0,0.54,881.5,0.55,50.15,0.01,0.01,2346.319645,1776272905000
1776272908.243,208.243,0.52,86.0,0.51,783.5,0.53,23.61,0.54,807.5,0.47,20.5,0.46,212.5,0.48,81.0,0.49,783.5,0.01,0.01,2346.499396,1776272907000
1776272908.634,208.634,0.49,131.5,0.48,165.5,0.5,38.0,0.51,20.0,0.47,23.61,0.46,807.5,0.48,86.0,0.49,783.5,0.01,0.01,2346.499396,1776272907000
1776272909.082,209.082,0.49,41.5,0.48,168.5,0.5,15.86,0.51,132.0,0.5,15.0,0.49,15.0,0.51,120.5,0.52,165.5,0.01,0.01,2346.496349,1776272908000
1776272911.8,211.8,0.53,7.87,0.52,15.0,0.54,85.5,0.55,66.5,0.5,15.86,0.49,132.0,0.51,41.5,0.52,168.5,0.01,0.01,2346.360877,1776272910000
1776272912.604,212.604,0.5,10.0,0.48,25.0,0.53,782.5,0.54,109.5,0.47,25.5,0.46,95.5,0.48,5.0,0.49,26.0,0.03,0.01,2346.41749,1776272911000
1776272913.019,213.019,0.45,3.31,0.42,25.0,0.46,40.5,0.47,20.0,0.47,782.5,0.46,109.5,0.5,10.0,0.52,25.0,0.01,0.03,2346.41749,1776272911000
1776272914.055,214.055,0.39,140.5,0.38,712.5,0.41,20.0,0.42,20.0,0.54,45.5,0.53,20.0,0.58,25.0,0.59,35.0,0.02,0.04,2346.46378,1776272913000
1776272914.393,214.393,0.4,36.5,0.39,47.5,0.42,10.02,0.43,35.5,0.59,20.0,0.58,20.0,0.61,140.5,0.62,712.5,0.02,0.02,2346.46378,1776272913000
1776272915.027,215.027,0.38,120.5,0.37,30.0,0.39,4.61,0.4,557.5,0.59,20.0,0.58,20.02,0.61,47.5,0.62,134.5,0.01,0.02,2346.46378,1776272913000
1776272915.65,215.65,0.38,152.5,0.37,145.0,0.39,11.48,0.4,22.0,0.61,4.61,0.6,557.5,0.62,120.5,0.63,30.0,0.01,0.01,2346.074696,1776272914000
1776272916.536,216.536,0.37,15.5,0.36,222.0,0.39,506.48,0.4,154.5,0.61,11.48,0.6,22.0,0.62,152.5,0.63,145.0,0.02,0.01,2345.930082,1776272915000
1776272916.962,216.962,0.37,30.95,0.36,233.0,0.38,49.0,0.39,33.48,0.61,506.48,0.6,154.5,0.63,15.5,0.64,222.0,0.01,0.02,2345.930082,1776272915000
1776272917.381,217.381,0.37,35.95,0.36,233.0,0.38,42.6,0.39,275.98,0.62,49.0,0.61,33.48,0.63,30.95,0.64,233.0,0.01,0.01,2345.930082,1776272915000
1776272917.692,217.692,0.37,30.95,0.36,233.0,0.38,636.3,0.39,155.48,0.62,42.6,0.61,275.98,0.63,35.95,0.64,233.0,0.01,0.01,2345.920555,1776272916000
1776272918.01,218.01,0.37,30.95,0.36,233.0,0.38,625.1,0.39,165.98,0.62,636.3,0.61,155.48,0.63,30.95,0.64,233.0,0.01,0.01,2345.920555,1776272916000
1776272918.363,218.363,0.36,66.0,0.35,151.5,0.38,645.6,0.39,48.98,0.62,630.1,0.61,165.98,0.63,26.18,0.64,233.0,0.02,0.01,2345.920555,1776272916000
1776272918.684,218.684,0.34,80.0,0.33,90.5,0.36,5.0,0.37,58.1,0.63,66.1,0.62,51.6,0.64,50.0,0.65,125.0,0.02,0.01,2345.969957,1776272917000
1776272918.971,218.971,0.33,207.5,0.32,130.0,0.35,13.7,0.36,157.5,0.65,8.7,0.64,157.5,0.66,30.0,0.67,90.5,0.02,0.01,2345.969957,1776272917000
1776272919.851,219.851,0.34,49.89,0.33,594.5,0.35,10.0,0.36,15.0,0.66,8.8,0.65,13.7,0.67,217.5,0.68,130.0,0.01,0.01,2345.96756,1776272918000
1776272920.918,220.918,0.36,20.0,0.35,20.5,0.37,5.0,0.38,20.0,0.64,10.72,0.63,15.0,0.65,5.11,0.66,49.89,0.01,0.01,2345.904699,1776272919000
1776272921.305,221.305,0.35,5.0,0.34,8.0,0.37,750.5,0.38,40.5,0.63,10.5,0.62,150.5,0.64,20.0,0.65,10.0,0.02,0.01,2345.744745,1776272920000
1776272921.594,221.594,0.35,5.0,0.34,8.0,0.36,738.5,0.37,33.5,0.63,750.5,0.62,40.5,0.65,5.0,0.66,8.0,0.01,0.02,2345.744745,1776272920000
1776272922.207,222.207,0.3,700.5,0.29,284.5,0.32,15.0,0.33,26.0,0.64,738.5,0.63,33.5,0.65,5.0,0.66,8.0,0.02,0.01,2345.744745,1776272920000
1776272922.793,222.793,0.32,509.5,0.31,80.5,0.33,10.0,0.38,20.0,0.68,15.0,0.67,26.0,0.7,700.5,0.71,284.5,0.01,0.02,2345.741677,1776272921000
1776272923.093,223.093,0.32,746.5,0.31,70.5,0.33,4.0,0.34,10.0,0.67,10.0,0.62,20.0,0.68,509.5,0.69,80.5,0.01,0.01,2345.741677,1776272921000
1776272923.333,223.333,0.34,4.0,0.33,10.5,0.35,15.0,0.36,10.0,0.64,10.0,0.63,127.0,0.68,741.5,0.69,60.0,0.01,0.04,2345.741677,1776272921000
1776272923.691,223.691,0.34,41.5,0.33,182.5,0.35,9.68,0.36,15.0,0.65,15.0,0.64,10.0,0.66,4.0,0.67,10.5,0.01,0.01,2345.782773,1776272922000
1776272924.198,224.198,0.34,692.19,0.33,19.5,0.35,9.68,0.36,15.0,0.65,9.68,0.64,15.0,0.66,725.98,0.67,19.5,0.01,0.01,2345.782773,1776272922000
1776272925.075,225.075,0.34,600.0,0.33,136.5,0.36,11.17,0.37,10.0,0.65,9.68,0.64,15.0,0.66,692.19,0.67,19.5,0.02,0.01,2345.697934,1776272923000
1776272926.743,226.743,0.32,602.48,0.31,99.5,0.33,10.0,0.34,16.0,0.64,11.17,0.63,10.0,0.66,600.0,0.67,136.5,0.01,0.02,2345.801715,1776272925000
1776272928.06,228.06,0.33,595.0,0.32,134.48,0.36,10.5,0.37,607.0,0.66,16.0,0.65,10.0,0.68,607.48,0.69,99.5,0.03,0.02,2345.761118,1776272926000
1776272931.495,231.495,0.29,170.0,0.28,70.0,0.31,42.5,0.32,40.5,0.63,607.0,0.62,31.5,0.67,595.0,0.68,134.48,0.02,0.04,2345.6942,1776272930000
1776272932.209,232.209,0.29,780.5,0.28,198.5,0.3,11.66,0.31,27.0,0.69,42.5,0.68,40.5,0.71,170.0,0.72,70.0,0.01,0.02,2345.6942,1776272930000
1776272932.976,232.976,0.29,770.0,0.28,187.5,0.3,3.6,0.31,15.0,0.7,11.66,0.69,27.0,0.71,780.5,0.72,198.5,0.01,0.01,2345.652841,1776272932000
1776272933.484,233.484,0.29,170.0,0.28,60.0,0.31,22.3,0.32,25.5,0.7,3.6,0.69,15.0,0.71,770.0,0.72,187.5,0.02,0.01,2345.652841,1776272932000
1776272933.836,233.836,0.27,205.0,0.26,125.0,0.28,3.8,0.29,15.0,0.7,10.0,0.69,12.81,0.72,60.0,0.73,205.0,0.01,0.02,2345.652841,1776272932000
1776272934.769,234.769,0.27,205.0,0.26,75.0,0.29,7.4,0.3,20.0,0.72,3.8,0.71,15.0,0.73,205.0,0.74,125.0,0.02,0.01,2345.682675,1776272933000
1776272935.188,235.188,0.27,205.0,0.26,75.0,0.28,3.7,0.29,7.4,0.71,7.4,0.7,20.0,0.73,205.0,0.74,75.0,0.01,0.02,2345.682675,1776272933000
1776272935.491,235.491,0.27,215.0,0.26,192.0,0.28,2.5,0.29,12.4,0.72,3.7,0.71,7.4,0.73,205.0,0.74,75.0,0.01,0.01,2345.537347,1776272934000
1776272937.096,237.096,0.24,50.0,0.23,100.0,0.26,20.0,0.27,25.0,0.72,2.5,0.71,12.4,0.73,215.0,0.74,192.0,0.02,0.01,2345.52123,1776272935000
1776272937.681,237.681,0.23,60.0,0.22,595.22,0.25,11.4,0.26,5.0,0.74,20.0,0.73,25.0,0.76,50.0,0.77,100.0,0.02,0.02,2345.539152,1776272936000
1776272938.326,238.326,0.23,699.71,0.22,136.22,0.24,10.0,0.25,10.0,0.76,10.0,0.75,10.0,0.77,696.48,0.78,115.22,0.01,0.01,2345.52381,1776272937000
1776272938.808,238.808,0.23,714.71,0.22,126.22,0.24,4.0,0.25,9.03,0.75,9.03,0.74,10.0,0.77,689.71,0.78,126.22,0.01,0.02,2345.52381,1776272937000
1776272940.151,240.151,0.23,803.41,0.22,175.22,0.24,28.68,0.27,10.0,0.73,198.91,0.72,25.5,0.77,679.71,0.78,136.72,0.01,0.04,2345.328785,1776272938000
1776272940.672,240.672,0.26,51.0,0.23,75.0,0.27,0.4,0.28,20.0,0.73,7.07,0.72,20.0,0.74,40.0,0.77,878.41,0.01,0.01,2345.486604,1776272939000
1776272940.919,240.919,0.27,5.2,0.26,59.64,0.28,15.0,0.29,5.0,0.73,0.4,0.72,20.0,0.74,49.64,0.76,10.0,0.01,0.01,2345.486604,1776272939000
1776272941.55,241.55,0.26,0.7,0.25,10.0,0.27,10.0,0.28,25.0,0.72,15.0,0.71,5.0,0.73,0.06,0.74,59.64,0.01,0.01,2345.490939,1776272940000
1776272942.257,242.257,0.25,10.0,0.24,20.0,0.27,5.0,0.28,15.0,0.73,10.0,0.72,25.0,0.75,46.0,0.76,10.0,0.02,0.02,2345.581781,1776272941000
1776272943.75,243.75,0.25,33.21,0.24,10.0,0.31,30.0,0.34,27.28,0.73,5.0,0.72,15.0,0.75,10.0,0.76,20.0,0.06,0.02,2345.613321,1776272942000
1776272944.227,244.227,0.25,33.21,0.24,10.0,0.34,9.33,0.35,85.0,0.69,30.0,0.66,27.28,0.75,33.21,0.76,10.0,0.09,0.06,2345.638023,1776272943000
1776272944.536,244.536,0.3,10.0,0.25,38.21,0.34,9.23,0.35,75.0,0.66,9.23,0.65,85.0,0.7,10.0,0.75,33.21,0.04,0.04,2345.638023,1776272943000
1776272944.787,244.787,0.34,5.47,0.3,31.87,0.35,6.85,0.38,105.0,0.65,75.0,0.63,125.0,0.66,5.47,0.7,10.0,0.01,0.01,2345.638023,1776272943000
1776272944.993,244.993,0.34,5.47,0.3,31.87,0.35,3.7,0.41,105.0,0.65,6.85,0.62,105.0,0.66,5.47,0.7,31.87,0.01,0.01,2345.638023,1776272943000
1776272945.576,245.576,0.34,5.47,0.3,31.87,0.45,25.53,0.46,50.0,0.65,0.55,0.59,75.0,0.66,5.47,0.7,31.87,0.11,0.01,2345.745217,1776272944000
1776272945.78,245.78,0.34,11.23,0.33,15.15,0.56,100.0,0.57,45.0,0.44,100.0,0.43,45.0,0.66,16.7,0.69,10.0,0.22,0.22,2345.745217,1776272944000
1776272945.986,245.986,0.51,2.91,0.48,10.0,0.55,10.0,0.56,64.0,0.48,28.28,0.44,100.0,0.54,25.0,0.66,1.23,0.04,0.06,2345.745217,1776272944000
1776272946.2,246.2,0.55,8.53,0.54,17.0,0.56,30.44,0.57,45.0,0.44,60.44,0.43,45.0,0.45,8.53,0.46,17.0,0.01,0.01,2345.745217,1776272944000
1776272946.672,246.672,0.53,7.55,0.52,16.0,0.57,5.0,0.58,10.0,0.43,45.0,0.42,10.0,0.44,2.02,0.45,8.53,0.04,0.01,2346.468917,1776272945000
1776272946.951,246.951,0.57,17.0,0.56,10.0,0.59,30.0,0.6,7.0,0.42,10.0,0.41,25.0,0.46,2.03,0.47,7.55,0.02,0.04,2346.468917,1776272945000
1776272947.683,247.683,0.58,8.45,0.57,17.0,0.6,37.0,0.61,140.0,0.41,30.0,0.4,7.0,0.43,17.0,0.44,10.0,0.02,0.02,2346.464494,1776272946000
1776272949.06,249.06,0.57,11.25,0.56,10.0,0.6,94.87,0.61,140.0,0.4,22.39,0.39,140.0,0.41,10.0,0.42,8.45,0.03,0.01,2346.433797,1776272948000
1776272949.356,249.356,0.59,10.0,0.58,10.0,0.6,84.05,0.61,150.0,0.4,98.55,0.39,150.0,0.41,10.0,0.42,10.0,0.01,0.01,2346.433797,1776272948000
1776272950.657,250.657,0.51,50.0,0.5,16.0,0.59,15.0,0.6,102.48,0.4,88.37,0.39,140.0,0.41,8.68,0.42,10.0,0.08,0.01,2346.492725,1776272949000
1776272950.863,250.863,0.51,16.44,0.5,10.0,0.54,1.07,0.57,11.62,0.46,1.07,0.43,11.62,0.49,36.85,0.5,10.0,0.03,0.03,2346.492725,1776272949000
1776272951.362,251.362,0.42,6.37,0.4,6.0,0.51,50.0,0.52,15.41,0.46,6.07,0.44,61.36,0.58,15.0,0.6,6.0,0.09,0.12,2346.521953,1776272950000
1776272952.17,252.17,0.31,82.12,0.3,56.87,0.41,15.0,0.42,15.0,0.49,50.0,0.48,20.41,0.58,6.37,0.6,6.0,0.1,0.09,2346.433847,1776272951000
1776272952.467,252.467,0.31,17.74,0.3,65.87,0.32,10.0,0.33,10.0,0.59,2.12,0.58,15.0,0.65,25.0,0.67,8.0,0.01,0.06,2346.433847,1776272951000
1776272952.762,252.762,0.31,17.74,0.3,55.87,0.32,3.0,0.33,10.0,0.68,10.0,0.67,10.0,0.69,17.74,0.7,65.87,0.01,0.01,2346.433847,1776272951000
1776272953.638,253.638,0.36,5.0,0.35,19.0,0.37,3.77,0.38,10.0,0.68,3.0,0.67,10.0,0.69,14.11,0.7,55.87,0.01,0.01,2346.184361,1776272952000
1776272953.967,253.967,0.36,7.87,0.35,19.0,0.37,5.0,0.38,15.0,0.62,10.0,0.61,10.0,0.64,15.0,0.65,19.0,0.01,0.02,2346.184361,1776272952000
1776272955.994,255.994,0.36,63.87,0.35,96.0,0.38,3.6,0.39,5.0,0.63,5.0,0.62,15.0,0.64,7.87,0.65,19.0,0.02,0.01,2346.026598,1776272954000
1776272957.403,257.403,0.37,15.0,0.36,18.87,0.38,7.3,0.39,20.0,0.62,3.6,0.61,5.0,0.64,63.87,0.65,96.0,0.01,0.02,2346.05751,1776272956000
1776272957.817,257.817,0.35,25.0,0.34,44.47,0.38,9.66,0.39,15.0,0.62,7.3,0.61,20.0,0.63,15.0,0.64,18.87,0.03,0.01,2346.05751,1776272956000
1776272958.518,258.518,0.34,20.71,0.33,8.0,0.36,65.0,0.37,15.0,0.61,13.46,0.6,10.0,0.65,25.0,0.66,44.47,0.02,0.04,2346.060461,1776272957000
1776272958.718,258.718,0.34,20.71,0.32,50.0,0.36,91.6,0.37,10.0,0.64,91.6,0.63,10.0,0.66,20.71,0.68,50.0,0.02,0.02,2346.060461,1776272957000
1776272959.11,259.11,0.34,20.71,0.26,85.0,0.35,13.7,0.36,111.6,0.64,91.6,0.63,10.0,0.66,20.71,0.68,50.0,0.01,0.02,2346.060461,1776272957000
1776272959.476,259.476,0.26,85.0,0.25,10.0,0.35,18.7,0.36,106.6,0.65,13.7,0.64,111.6,0.66,20.71,0.74,85.0,0.09,0.01,2345.938328,1776272958000
1776272959.683,259.683,0.26,60.0,0.25,10.0,0.31,43.8,0.33,7.46,0.65,18.7,0.64,106.6,0.74,85.0,0.75,10.0,0.05,0.09,2345.938328,1776272958000
1776272960.387,260.387,0.27,9.98,0.26,60.0,0.28,10.0,0.29,40.0,0.69,43.8,0.67,7.46,0.74,60.0,0.75,10.0,0.01,0.05,2345.867318,1776272959000
1776272960.973,260.973,0.25,10.0,0.22,182.22,0.28,46.22,0.29,40.0,0.72,10.0,0.71,40.0,0.74,60.0,0.75,10.0,0.03,0.02,2345.7845,1776272960000
1776272962.03,262.03,0.25,655.0,0.24,10.0,0.28,19.29,0.29,40.0,0.72,46.22,0.71,40.0,0.75,10.0,0.78,182.22,0.03,0.03,2345.7845,1776272960000
1776272962.324,262.324,0.25,587.08,0.24,10.0,0.26,10.0,0.27,87.04,0.72,19.29,0.71,40.0,0.75,655.0,0.76,10.0,0.01,0.03,2345.69074,1776272961000
1776272962.801,262.801,0.25,582.08,0.24,10.0,0.27,4.17,0.28,10.0,0.73,55.73,0.72,10.0,0.75,472.08,0.76,10.0,0.02,0.02,2345.69074,1776272961000
1776272963.187,263.187,0.25,21.0,0.24,21.0,0.3,33.73,0.31,78.8,0.71,40.0,0.7,29.0,0.75,582.08,0.76,10.0,0.05,0.04,2345.69074,1776272961000
1776272963.56,263.56,0.25,117.0,0.24,10.0,0.26,1.15,0.27,26.0,0.74,5.0,0.7,33.73,0.75,14.0,0.76,21.0,0.01,0.01,2345.642626,1776272962000
1776272964.345,264.345,0.22,54.96,0.21,730.0,0.23,7.0,0.24,20.0,0.74,1.15,0.73,26.0,0.75,117.0,0.76,10.0,0.01,0.01,2345.643391,1776272963000
1776272964.84,264.84,0.21,115.75,0.2,210.0,0.22,29.61,0.23,33.14,0.77,17.0,0.76,20.0,0.79,583.4,0.8,260.0,0.01,0.02,2345.643391,1776272963000
1776272965.586,265.586,0.21,89.2,0.2,210.0,0.22,37.15,0.23,33.14,0.78,42.15,0.77,33.14,0.79,114.2,0.8,210.0,0.01,0.01,2345.583396,1776272964000
1776272966.229,266.229,0.2,160.0,0.19,125.0,0.21,36.32,0.22,14.61,0.78,37.15,0.77,33.14,0.79,89.2,0.8,210.0,0.01,0.01,2345.393027,1776272965000
1776272966.54,266.54,0.21,65.77,0.2,195.05,0.24,10.0,0.25,10.0,0.78,11.14,0.75,10.0,0.79,65.77,0.8,195.05,0.03,0.01,2345.393027,1776272965000
1776272966.821,266.821,0.21,50.32,0.2,195.05,0.24,10.0,0.25,10.0,0.76,10.0,0.75,10.0,0.79,65.77,0.8,195.05,0.03,0.03,2345.393027,1776272965000
1776272967.173,267.173,0.24,8.68,0.23,10.0,0.26,10.0,0.27,20.0,0.76,7.0,0.75,10.0,0.79,102.32,0.8,195.05,0.02,0.03,2345.393027,1776272965000
1776272967.569,267.569,0.25,156.05,0.23,10.0,0.26,10.0,0.27,120.22,0.74,10.0,0.73,20.0,0.76,3.54,0.77,10.0,0.01,0.02,2345.556815,1776272966000
1776272967.873,267.873,0.26,6.91,0.25,49.05,0.27,110.22,0.28,20.0,0.74,10.0,0.73,120.22,0.75,156.05,0.77,10.0,0.01,0.01,2345.556815,1776272966000
1776272968.159,268.159,0.26,5.55,0.25,49.05,0.27,50.22,0.28,20.0,0.73,110.22,0.72,20.0,0.74,32.87,0.75,49.05,0.01,0.01,2345.556815,1776272966000
1776272968.37,268.37,0.25,49.05,0.24,21.0,0.26,5.45,0.27,120.63,0.73,31.22,0.72,20.0,0.74,10.55,0.75,49.05,0.01,0.01,2345.556815,1776272966000
1776272968.589,268.589,0.26,40.0,0.25,49.05,0.27,100.63,0.28,25.0,0.74,5.45,0.73,120.63,0.75,49.05,0.76,21.0,0.01,0.01,2345.556815,1776272966000
1776272969.453,269.453,0.26,11.0,0.25,39.05,0.27,124.63,0.28,35.0,0.73,89.63,0.72,25.0,0.74,16.0,0.75,49.05,0.01,0.01,2345.65205,1776272968000
1776272969.78,269.78,0.25,17.77,0.23,41.0,0.26,26.0,0.27,181.36,0.73,64.36,0.72,35.0,0.74,9.52,0.75,39.05,0.01,0.01,2345.65205,1776272968000
1776272970.266,270.266,0.24,30.0,0.23,41.0,0.25,10.0,0.26,32.34,0.74,42.34,0.73,176.36,0.76,37.0,0.77,41.0,0.01,0.02,2345.717355,1776272969000
1776272971.74,271.74,0.19,110.31,0.18,25.0,0.2,8.53,0.21,127.0,0.75,10.0,0.74,32.34,0.79,141.32,0.8,205.05,0.01,0.04,2345.79356,1776272970000
1776272975.42,275.42,0.12,65.09,0.11,30.0,0.16,10.0,0.17,122.0,0.8,8.53,0.79,127.0,0.81,110.31,0.82,25.0,0.04,0.01,2345.56763,1776272974000
1776272975.636,275.636,0.13,10.0,0.12,43.79,0.15,20.0,0.16,10.0,0.85,15.0,0.84,5.0,0.88,35.38,0.89,60.0,0.02,0.03,2345.56763,1776272974000
1776272976.282,276.282,0.12,129.87,0.11,108.0,0.14,15.0,0.15,25.0,0.85,10.0,0.84,10.0,0.87,0.78,0.88,155.79,0.02,0.02,2345.605353,1776272975000
1776272976.949,276.949,0.12,142.0,0.11,109.0,0.15,15.0,0.16,10.0,0.86,15.0,0.85,25.0,0.88,120.79,0.89,108.0,0.03,0.02,2345.605353,1776272975000
1776272977.368,277.368,0.14,21.0,0.13,21.0,0.17,126.0,0.19,18.0,0.85,15.0,0.84,10.0,0.88,142.0,0.89,109.0,0.03,0.03,2345.498264,1776272976000
1776272977.742,277.742,0.12,42.0,0.11,213.0,0.13,12.0,0.15,15.0,0.83,116.0,0.82,10.0,0.86,21.0,0.87,21.0,0.01,0.03,2345.498264,1776272976000
1776272978.187,278.187,0.12,28.59,0.11,96.0,0.13,37.53,0.14,15.0,0.87,12.0,0.85,15.0,0.88,42.0,0.89,213.0,0.01,0.01,2345.532813,1776272977000
1776272978.828,278.828,0.11,35.0,0.1,158.0,0.12,4.0,0.13,144.0,0.87,37.53,0.86,15.0,0.88,8.44,0.89,121.0,0.01,0.01,2345.532813,1776272977000
1776272979.17,279.17,0.1,30.0,0.09,127.0,0.12,15.53,0.13,17.0,0.88,4.0,0.87,144.0,0.89,35.0,0.9,158.0,0.02,0.01,2345.54055,1776272978000
1776272980.129,280.129,0.11,6.71,0.1,40.0,0.12,35.53,0.13,40.73,0.88,15.53,0.87,27.0,0.89,8.87,0.9,30.0,0.01,0.01,2345.54055,1776272978000
1776272980.806,280.806,0.1,30.0,0.09,15.0,0.11,11.11,0.12,142.53,0.88,35.53,0.87,40.73,0.89,6.71,0.9,40.0,0.01,0.01,2345.526602,1776272979000
1776272981.289,281.289,0.08,69.42,0.07,84.0,0.11,20.53,0.12,140.47,0.88,121.47,0.87,35.73,0.9,40.1,0.91,15.0,0.03,0.02,2345.526602,1776272979000
1776272981.523,281.523,0.1,5.44,0.09,52.22,0.11,20.53,0.12,14.47,0.89,137.53,0.88,23.47,0.9,10.44,0.91,21.22,0.01,0.01,2345.50369,1776272980000
1776272981.99,281.99,0.11,16.22,0.1,10.0,0.12,10.0,0.13,1.38,0.87,1.38,0.86,30.0,0.9,25.0,0.91,169.22,0.01,0.03,2345.50369,1776272980000
1776272982.218,282.218,0.09,51.36,0.08,69.42,0.12,20.0,0.13,6.38,0.88,10.0,0.87,1.38,0.89,5.18,0.9,10.0,0.03,0.01,2345.474438,1776272981000
1776272982.722,282.722,0.09,22.93,0.08,100.42,0.11,15.0,0.12,15.0,0.88,20.0,0.87,6.38,0.91,51.36,0.92,69.42,0.02,0.03,2345.474438,1776272981000
1776272983.826,283.826,0.09,8.9,0.08,69.42,0.1,14.0,0.11,46.0,0.89,15.0,0.88,15.0,0.91,22.93,0.92,100.42,0.01,0.02,2345.404092,1776272982000
1776272984.213,284.213,0.08,15.38,0.07,60.0,0.09,19.0,0.1,137.0,0.9,19.0,0.89,163.0,0.92,58.32,0.93,60.0,0.01,0.02,2345.432985,1776272983000
1776272984.512,284.512,0.08,17.66,0.07,60.0,0.09,14.0,0.1,132.0,0.91,19.0,0.9,137.0,0.92,15.38,0.93,60.0,0.01,0.01,2345.432985,1776272983000
1776272985.356,285.356,0.08,17.66,0.07,60.0,0.09,7.35,0.1,178.0,0.91,14.0,0.9,132.0,0.92,17.66,0.93,60.0,0.01,0.01,2345.393718,1776272984000
1776272986.585,286.585,0.08,12.66,0.07,10.0,0.09,2.35,0.1,190.0,0.91,7.35,0.9,178.0,0.92,17.66,0.93,60.0,0.01,0.01,2345.408483,1776272985000
1776272986.985,286.985,0.08,5.09,0.07,10.0,0.09,29.0,0.1,190.0,0.91,2.35,0.9,190.0,0.92,12.66,0.93,10.0,0.01,0.01,2345.344077,1776272986000
1776272988.018,288.018,0.06,35.0,0.05,30.0,0.09,217.0,0.1,43.0,0.91,29.0,0.9,190.0,0.92,5.09,0.93,10.0,0.03,0.01,2345.367241,1776272987000
1776272988.567,288.567,0.06,31.48,0.05,30.0,0.07,10.0,0.08,5.0,0.93,10.0,0.92,16.0,0.94,31.8,0.95,30.0,0.01,0.01,2345.367241,1776272987000
1776272989.745,289.745,0.05,11.46,0.04,105.0,0.07,189.0,0.08,53.0,0.93,10.0,0.92,5.0,0.94,31.48,0.95,30.0,0.02,0.01,2345.381327,1776272988000
1776272990.258,290.258,0.05,6.2,0.04,105.0,0.06,337.0,0.07,5.0,0.93,189.0,0.92,53.0,0.95,11.46,0.96,105.0,0.01,0.02,2345.341419,1776272989000
1776272990.57,290.57,0.03,131.59,0.02,177.0,0.04,34.0,0.05,208.0,0.95,123.0,0.94,236.0,0.97,138.81,0.98,177.0,0.01,0.02,2345.341419,1776272989000
1776272990.937,290.937,0.03,118.49,0.02,177.0,0.04,152.0,0.05,86.0,0.96,161.0,0.95,86.0,0.97,128.49,0.98,177.0,0.01,0.01,2345.341419,1776272989000
1776272991.19,291.19,0.03,110.91,0.02,177.0,0.04,259.72,0.05,59.0,0.96,235.72,0.95,20.0,0.97,110.91,0.98,177.0,0.01,0.01,2345.362857,1776272990000
1776272991.401,291.401,0.03,0.96,0.02,169.5,0.04,254.72,0.05,25.0,0.96,254.72,0.95,25.0,0.97,2.0,0.98,169.5,0.01,0.01,2345.362857,1776272990000
1776272991.653,291.653,0.02,9.9,0.01,1253.0,0.03,161.0,0.04,171.72,0.97,10.0,0.96,130.72,0.99,1253.0,,,0.01,0.02,2345.362857,1776272990000
1776272991.922,291.922,0.02,53.31,0.01,1253.0,0.03,5.0,0.04,46.0,0.97,159.04,0.96,176.72,0.98,7.85,0.99,1253.0,0.01,0.01,2345.362857,1776272990000
1776272992.134,292.134,0.01,1240.85,,,0.04,149.0,0.05,67.0,0.96,149.0,0.95,67.0,0.98,7.85,0.99,1253.0,0.03,0.02,2345.362857,1776272990000
1776272992.355,292.355,0.01,1200.39,,,0.04,168.0,0.05,66.0,0.96,168.0,0.95,66.0,0.98,10.0,0.99,1225.85,0.03,0.02,2345.335858,1776272991000
1776272992.59,292.59,0.01,1194.39,,,0.03,87.0,0.04,88.0,0.96,168.0,0.95,66.0,0.99,1200.39,,,0.02,0.03,2345.335858,1776272991000
1776272993.516,293.516,0.01,1147.31,,,0.03,10.0,0.04,69.0,0.97,87.0,0.96,88.0,0.99,1149.34,,,0.02,0.02,2344.970075,1776272992000
1776272993.723,293.723,0.01,1029.75,,,0.04,49.0,0.05,90.0,0.96,49.0,0.95,90.0,0.98,10.0,0.99,1039.95,0.03,0.02,2344.970075,1776272992000
1776272994.018,294.018,0.02,10.0,0.01,1074.69,0.05,24.0,0.06,10.0,0.97,10.0,0.96,49.0,0.99,1024.69,,,0.03,0.02,2344.970075,1776272992000
1776272994.22,294.22,0.01,1067.87,,,0.06,25.0,0.07,48.0,0.94,45.0,0.93,48.0,0.99,1067.87,,,0.05,0.05,2344.970075,1776272992000
1776272994.534,294.534,0.07,8.92,0.05,4.73,0.09,5.0,0.1,26.0,0.94,10.0,0.92,22.0,0.95,4.73,0.96,10.0,0.02,0.01,2344.970075,1776272992000
1776272994.772,294.772,0.1,10.0,0.09,10.0,0.11,46.18,0.12,27.0,0.87,1.38,0.86,10.0,0.92,10.0,0.93,23.34,0.01,0.05,2344.996381,1776272993000
1776272995.01,295.01,0.09,13.03,0.08,10.0,0.11,26.18,0.12,10.0,0.89,26.18,0.88,27.0,0.9,10.0,0.91,10.0,0.02,0.01,2344.996381,1776272993000
1776272995.223,295.223,0.09,5.0,0.08,10.0,0.12,22.0,0.13,28.0,0.89,26.18,0.88,10.0,0.91,13.03,0.92,10.0,0.03,0.02,2345.0157,1776272994000
1776272995.49,295.49,0.11,10.0,0.1,10.0,0.16,7.0,0.17,10.0,0.86,27.0,0.85,23.0,0.89,10.0,0.9,40.0,0.05,0.03,2345.0157,1776272994000
1776272995.763,295.763,0.1,9.9,0.09,15.0,0.11,5.0,0.12,124.0,0.86,10.0,0.85,150.0,0.91,15.0,0.92,10.0,0.01,0.05,2345.0157,1776272994000
1776272996.467,296.467,0.1,8.68,0.09,10.0,0.11,188.0,0.12,21.0,0.89,5.0,0.88,124.0,0.9,9.9,0.91,15.0,0.01,0.01,2345.409407,1776272995000
1776272996.801,296.801,0.09,1.13,0.08,10.0,0.11,188.0,0.12,21.0,0.89,188.0,0.88,21.0,0.9,7.46,0.91,10.0,0.02,0.01,2345.409407,1776272995000
1776272997.475,297.475,0.08,9.93,0.07,8.92,0.11,203.0,0.12,21.0,0.89,188.0,0.88,21.0,0.91,1.13,0.92,10.0,0.03,0.02,2345.659297,1776272996000
1776272997.709,297.709,0.05,8.0,0.04,35.25,0.08,15.0,0.09,15.0,0.89,203.0,0.88,21.0,0.97,5.38,0.98,10.0,0.03,0.08,2345.659297,1776272996000
1776272997.943,297.943,0.06,49.79,0.05,8.0,0.08,7.0,0.09,21.0,0.92,6.83,0.91,21.0,0.93,1.0,0.94,60.0,0.02,0.01,2345.659297,1776272996000
1776272998.174,298.174,0.06,54.79,0.05,8.0,0.07,350.85,0.1,10.0,0.93,350.85,0.89,10.0,0.94,59.79,0.95,8.0,0.01,0.01,2345.659297,1776272996000
1776272998.434,298.434,0.01,828.88,,,0.07,360.85,0.08,15.0,0.93,355.85,0.92,15.0,0.94,1.59,0.95,8.0,0.06,0.01,2345.61221,1776272997000
1776272998.684,298.684,0.01,447.98,,,0.04,10.0,0.05,15.0,0.96,10.0,0.95,15.0,0.99,537.98,,,0.03,0.03,2345.61221,1776272997000
1776272998.96,298.96,0.01,296.96,,,0.03,10.0,0.04,15.31,0.97,10.0,0.96,10.0,0.99,397.98,,,0.02,0.02,2345.61221,1776272997000
1776272999.203,299.203,0.01,188.71,,,0.03,10.0,0.04,15.31,0.97,10.0,0.96,15.31,0.99,258.71,,,0.02,0.02,2345.668149,1776272998000
1776272999.5,299.5,,,,,0.01,2453.83,0.02,100.0,0.97,10.0,0.96,15.31,0.99,125.71,,,,0.02,2345.668149,1776272998000
1776272999.932,299.932,,,,,0.01,7418.83,0.02,100.0,0.99,2389.83,0.98,100.0,,,,,,,2345.668149,1776272998000
1776273000.171,300.171,,,,,0.01,11591.92,0.02,100.0,0.99,11483.85,0.98,100.0,,,,,,,2345.864365,1776272999000

# RESULT,winner=Down,slug=eth-updown-5m-1776272700,ticks=419
