timestamp,elapsed_sec,up_bid_p1,up_bid_s1,up_bid_p2,up_bid_s2,up_ask_p1,up_ask_s1,up_ask_p2,up_ask_s2,down_bid_p1,down_bid_s1,down_bid_p2,down_bid_s2,down_ask_p1,down_ask_s1,down_ask_p2,down_ask_s2,up_spread,down_spread,eth_price,eth_oracle_ts
1776207601.298,1.298,,,,,,,,,,,,,,,,,,,2316.038745,1776207600000
1776207601.727,1.727,0.49,10.1,0.48,6.0,0.5,10.0,0.51,16.0,0.46,170.0,0.45,70.0,0.48,11.29,0.51,10.1,0.01,0.02,2316.038745,1776207600000
1776207602.094,2.094,0.49,0.1,0.48,6.0,0.51,6.0,0.54,180.0,0.5,10.0,0.49,16.0,0.51,10.1,0.52,6.0,0.02,0.01,2316.038745,1776207600000
1776207602.461,2.461,0.49,0.1,0.48,6.0,0.51,8.88,0.54,180.0,0.49,6.0,0.46,180.0,0.51,0.1,0.52,6.0,0.02,0.02,2316.038745,1776207600000
1776207603.062,3.062,0.51,6.12,0.49,10.1,0.54,180.0,0.55,70.0,0.49,8.88,0.46,180.0,0.51,0.1,0.52,6.0,0.03,0.02,2316.02503,1776207601000
1776207603.625,3.625,0.52,10.0,0.51,6.12,0.54,79.56,0.55,80.0,0.46,180.0,0.45,70.0,0.49,6.12,0.51,10.1,0.02,0.03,2315.95,1776207602000
1776207604.061,4.061,0.51,20.71,0.5,15.0,0.52,7.8,0.53,20.0,0.46,83.76,0.45,80.0,0.48,7.7,0.49,15.71,0.01,0.02,2315.95,1776207602000
1776207604.294,4.294,0.51,20.71,0.5,15.0,0.52,7.8,0.53,20.0,0.48,7.8,0.47,20.0,0.49,20.71,0.5,15.0,0.01,0.01,2315.86252,1776207603000
1776207604.872,4.872,0.54,10.0,0.53,10.0,0.57,8.07,0.59,30.0,0.47,21.06,0.46,83.76,0.49,23.62,0.5,15.0,0.03,0.02,2315.86252,1776207603000
1776207605.19,5.19,0.61,10.0,0.6,15.0,0.62,75.0,0.63,80.0,0.41,29.32,0.39,50.0,0.45,15.0,0.46,10.0,0.01,0.04,2315.86252,1776207603000
1776207605.672,5.672,0.61,9.0,0.6,10.0,0.62,63.73,0.63,80.0,0.38,71.8,0.37,80.0,0.39,14.0,0.4,10.0,0.01,0.01,2316.00568,1776207604000
1776207605.875,5.875,0.59,10.0,0.58,35.0,0.61,65.31,0.62,73.73,0.38,63.73,0.37,80.0,0.39,9.0,0.4,10.0,0.02,0.01,2316.00568,1776207604000
1776207606.085,6.085,0.58,34.0,0.57,10.0,0.6,10.0,0.61,65.31,0.39,65.31,0.38,73.73,0.41,10.0,0.42,35.0,0.02,0.02,2316.00568,1776207604000
1776207606.467,6.467,0.58,34.0,0.57,10.0,0.6,10.0,0.61,65.31,0.4,10.0,0.39,65.31,0.42,34.0,0.43,10.0,0.02,0.02,2316.079587,1776207605000
1776207606.839,6.839,0.58,14.0,0.55,15.0,0.59,15.0,0.6,15.0,0.4,10.0,0.39,65.31,0.42,34.0,0.43,10.0,0.01,0.02,2316.079587,1776207605000
1776207607.308,7.308,0.55,20.0,0.54,33.0,0.56,13.03,0.57,85.0,0.42,6.86,0.41,4.66,0.45,15.0,0.46,35.0,0.01,0.03,2316.223195,1776207606000
1776207607.535,7.535,0.55,17.73,0.54,20.0,0.56,15.0,0.57,84.11,0.44,13.21,0.43,84.11,0.45,20.0,0.46,20.0,0.01,0.01,2316.223195,1776207606000
1776207607.87,7.87,0.56,12.5,0.55,27.73,0.57,210.0,0.58,11.86,0.44,13.21,0.43,154.11,0.45,17.73,0.46,30.0,0.01,0.01,2316.223195,1776207606000
1776207608.251,8.251,0.56,1.13,0.55,27.73,0.57,210.0,0.58,11.86,0.43,210.0,0.42,11.86,0.44,1.13,0.45,27.73,0.01,0.01,2316.503048,1776207607000
1776207608.853,8.853,0.56,26.13,0.55,52.73,0.57,60.0,0.58,6.86,0.43,120.0,0.42,6.86,0.44,31.13,0.45,27.73,0.01,0.01,2316.503048,1776207607000
1776207609.288,9.288,0.57,55.0,0.56,6.13,0.58,5.13,0.59,10.0,0.43,59.4,0.42,6.86,0.44,26.13,0.45,52.73,0.01,0.01,2316.503048,1776207607000
1776207609.51,9.51,0.6,10.0,0.59,10.0,0.61,35.6,0.62,80.33,0.39,63.67,0.38,80.33,0.4,10.0,0.41,10.0,0.01,0.01,2316.248974,1776207608000
1776207609.885,9.885,0.6,10.0,0.59,10.0,0.61,30.59,0.62,90.33,0.39,30.59,0.38,90.33,0.4,10.0,0.41,10.0,0.01,0.01,2316.248974,1776207609000
1776207610.286,10.286,0.6,15.0,0.59,15.0,0.61,20.59,0.62,80.33,0.39,30.59,0.38,90.33,0.4,10.0,0.41,10.0,0.01,0.01,2316.248974,1776207609000
1776207610.617,10.617,0.6,35.0,0.59,25.0,0.62,80.33,0.63,10.0,0.39,4.59,0.38,80.33,0.4,25.0,0.41,25.0,0.02,0.01,2316.248974,1776207609000
1776207611.005,11.005,0.6,35.0,0.59,25.0,0.62,80.33,0.63,10.0,0.38,80.33,0.37,10.0,0.4,35.0,0.41,25.0,0.02,0.02,2316.475021,1776207610000
1776207611.301,11.301,0.61,40.0,0.6,65.5,0.62,87.6,0.63,15.0,0.38,80.33,0.37,10.0,0.4,35.0,0.41,25.0,0.01,0.02,2316.475021,1776207610000
1776207611.809,11.809,0.61,75.5,0.6,60.5,0.62,97.98,0.63,25.0,0.38,99.82,0.37,15.0,0.39,45.0,0.4,60.5,0.01,0.01,2316.475021,1776207610000
1776207612.259,12.259,0.61,75.5,0.6,60.5,0.62,87.98,0.63,25.0,0.38,87.98,0.37,25.0,0.39,75.5,0.4,60.5,0.01,0.01,2316.683865,1776207611000
1776207612.636,12.636,0.55,30.0,0.54,35.0,0.62,197.5,0.63,32.0,0.38,87.98,0.37,25.0,0.39,75.5,0.4,60.5,0.07,0.01,2316.683865,1776207611000
1776207613.415,13.415,0.55,30.0,0.54,35.0,0.62,197.5,0.63,32.0,0.38,197.5,0.37,32.0,0.45,30.0,0.46,35.0,0.07,0.07,2316.720544,1776207612000
1776207613.816,13.816,0.56,7.5,0.55,10.5,0.57,87.5,0.58,41.5,0.38,197.5,0.37,32.0,0.45,30.0,0.46,35.0,0.01,0.07,2316.720544,1776207612000
1776207614.096,14.096,0.55,10.5,0.54,35.5,0.56,22.69,0.57,63.5,0.44,7.87,0.43,67.5,0.45,10.5,0.46,35.5,0.01,0.01,2316.720544,1776207613000
1776207614.336,14.336,0.55,5.3,0.54,15.5,0.56,78.69,0.57,61.5,0.44,22.69,0.43,63.5,0.45,10.5,0.46,35.5,0.01,0.01,2316.720544,1776207613000
1776207615.112,15.112,0.54,25.5,0.53,80.0,0.55,67.56,0.56,40.69,0.44,78.69,0.43,61.5,0.45,5.3,0.46,15.5,0.01,0.01,2316.720544,1776207613000
1776207615.316,15.316,0.54,25.5,0.53,80.0,0.55,52.56,0.56,40.69,0.45,67.56,0.44,40.69,0.46,25.5,0.47,80.0,0.01,0.01,2316.53006,1776207614000
1776207615.73,15.73,0.54,35.5,0.53,80.0,0.55,39.81,0.56,40.69,0.45,52.56,0.44,40.69,0.46,25.5,0.47,80.0,0.01,0.01,2316.53006,1776207614000
1776207615.991,15.991,0.54,15.0,0.53,90.5,0.55,37.44,0.56,51.19,0.45,39.81,0.44,40.69,0.46,33.17,0.47,80.0,0.01,0.01,2316.53006,1776207614000
1776207616.241,16.241,0.54,15.0,0.53,90.5,0.55,37.44,0.56,51.19,0.45,37.44,0.44,51.19,0.46,15.0,0.47,90.5,0.01,0.01,2316.319254,1776207615000
1776207616.533,16.533,0.48,51.5,0.47,110.0,0.49,17.81,0.5,15.0,0.46,38.5,0.45,60.04,0.5,10.0,0.52,41.0,0.01,0.04,2316.319254,1776207615000
1776207616.898,16.898,0.48,56.5,0.47,115.0,0.49,41.58,0.5,15.0,0.51,17.81,0.5,15.0,0.52,51.5,0.53,110.0,0.01,0.01,2316.319254,1776207615000
1776207617.502,17.502,0.48,56.5,0.47,115.0,0.49,41.58,0.5,15.0,0.51,41.58,0.5,15.0,0.52,56.5,0.53,115.0,0.01,0.01,2316.284377,1776207616000
1776207617.71,17.71,0.49,31.57,0.48,86.5,0.5,10.0,0.51,31.0,0.51,41.58,0.5,15.0,0.52,56.5,0.53,115.0,0.01,0.01,2316.284377,1776207616000
1776207618.159,18.159,0.5,5.1,0.49,62.72,0.51,20.0,0.52,30.0,0.5,10.0,0.49,31.0,0.51,31.72,0.52,86.5,0.01,0.01,2316.284377,1776207616000
1776207619.025,19.025,0.53,25.0,0.52,25.0,0.54,97.5,0.55,43.5,0.49,5.0,0.48,35.0,0.5,75.1,0.51,62.72,0.01,0.01,2316.2392,1776207617000
1776207619.308,19.308,0.52,15.0,0.51,80.5,0.54,107.5,0.55,43.5,0.46,97.5,0.45,43.5,0.47,25.0,0.48,25.0,0.02,0.01,2316.019405,1776207618000
1776207619.725,19.725,0.51,20.0,0.5,10.0,0.52,12.55,0.53,31.5,0.48,7.94,0.47,25.5,0.49,35.0,0.5,40.1,0.01,0.01,2316.019405,1776207618000
1776207620.018,20.018,0.51,10.0,0.49,16.0,0.52,31.82,0.53,26.5,0.48,12.55,0.47,31.5,0.49,20.0,0.5,10.0,0.01,0.01,2316.019405,1776207618000
1776207620.27,20.27,0.51,10.0,0.49,16.0,0.52,31.82,0.53,26.5,0.48,31.82,0.47,26.5,0.49,10.0,0.51,16.0,0.01,0.01,2316.05271,1776207619000
1776207620.56,20.56,0.5,5.0,0.49,29.85,0.51,22.84,0.52,42.32,0.49,15.0,0.48,42.32,0.51,29.85,0.52,76.5,0.01,0.02,2316.05271,1776207619000
1776207621.325,21.325,0.5,5.0,0.49,29.85,0.51,22.84,0.52,42.32,0.49,22.84,0.48,42.32,0.5,5.0,0.51,29.85,0.01,0.01,2316.20798,1776207620000
1776207621.544,21.544,0.49,29.85,0.48,103.5,0.5,14.12,0.51,31.84,0.49,22.84,0.48,42.32,0.5,5.0,0.51,29.85,0.01,0.01,2316.20798,1776207620000
1776207621.978,21.978,0.49,29.85,0.48,93.5,0.5,11.96,0.51,31.84,0.5,14.12,0.49,31.84,0.51,34.85,0.52,93.5,0.01,0.01,2316.20798,1776207620000
1776207623.358,23.358,0.49,29.85,0.48,93.5,0.5,11.96,0.51,31.84,0.5,11.96,0.49,31.84,0.51,29.85,0.52,93.5,0.01,0.01,2316.073185,1776207622000
1776207624.034,24.034,0.49,29.85,0.48,93.5,0.5,11.96,0.51,31.84,0.5,11.96,0.49,31.84,0.51,29.85,0.52,93.5,0.01,0.01,2316.0582,1776207623000
1776207625.333,25.333,0.5,9.8,0.49,25.0,0.51,22.84,0.52,50.32,0.5,15.0,0.49,31.84,0.51,53.23,0.52,103.5,0.01,0.01,2316.0582,1776207623000
1776207625.921,25.921,0.5,9.8,0.49,25.0,0.51,22.84,0.52,50.32,0.49,22.84,0.48,50.32,0.5,9.8,0.51,25.0,0.01,0.01,2316.06638,1776207625000
1776207627.106,27.106,0.5,9.8,0.49,25.0,0.51,22.84,0.52,50.32,0.49,22.84,0.48,50.32,0.5,9.8,0.51,25.0,0.01,0.01,2316.05915,1776207626000
1776207627.968,27.968,0.52,40.0,0.51,30.0,0.53,12.0,0.54,93.5,0.49,22.84,0.48,50.32,0.5,9.8,0.51,25.0,0.01,0.01,2316.05915,1776207626000
1776207628.234,28.234,0.52,40.0,0.51,30.0,0.53,12.0,0.54,93.5,0.47,12.0,0.46,93.5,0.48,40.0,0.49,30.0,0.01,0.01,2316.12774,1776207627000
1776207628.72,28.72,0.52,34.58,0.51,30.0,0.53,25.5,0.54,88.5,0.47,12.0,0.46,93.5,0.48,40.0,0.49,30.0,0.01,0.01,2316.12774,1776207627000
1776207629.449,29.449,0.52,34.58,0.51,30.0,0.53,25.5,0.54,88.5,0.47,25.5,0.46,88.5,0.48,34.58,0.49,30.0,0.01,0.01,2316.15174,1776207628000
1776207630.03,30.03,0.52,39.58,0.51,30.0,0.53,15.5,0.54,92.5,0.47,15.5,0.46,92.5,0.48,39.58,0.49,30.0,0.01,0.01,2316.15174,1776207629000
1776207630.716,30.716,0.52,24.58,0.51,20.0,0.53,25.5,0.54,122.5,0.47,15.5,0.46,92.5,0.48,39.58,0.49,30.0,0.01,0.01,2316.15174,1776207629000
1776207631.082,31.082,0.52,24.58,0.51,20.0,0.53,25.5,0.54,122.5,0.47,25.5,0.46,122.5,0.48,24.58,0.49,20.0,0.01,0.01,2316.163878,1776207630000
1776207632.33,32.33,0.52,24.58,0.51,20.0,0.53,25.5,0.54,122.5,0.47,25.5,0.46,122.5,0.48,24.58,0.49,20.0,0.01,0.01,2316.157445,1776207631000
1776207632.952,32.952,0.53,95.5,0.52,77.57,0.54,18.57,0.55,32.0,0.46,18.57,0.45,32.0,0.47,95.5,0.48,77.57,0.01,0.01,2316.151295,1776207632000
1776207633.528,33.528,0.53,40.0,0.52,50.08,0.54,18.57,0.55,32.5,0.46,18.57,0.45,32.0,0.47,95.5,0.48,77.57,0.01,0.01,2316.151295,1776207632000
1776207633.998,33.998,0.53,246.49,0.52,56.53,0.55,10.0,0.56,17.69,0.46,18.57,0.45,32.5,0.47,40.0,0.48,50.08,0.02,0.01,2316.151295,1776207632000
1776207634.749,34.749,0.55,115.5,0.54,111.04,0.56,12.33,0.58,32.0,0.45,10.0,0.44,17.69,0.47,246.49,0.48,56.53,0.01,0.02,2316.144585,1776207633000
1776207635.248,35.248,0.55,110.5,0.54,121.04,0.56,12.33,0.58,32.0,0.44,12.33,0.42,32.0,0.45,110.5,0.46,121.04,0.01,0.01,2316.295206,1776207634000
1776207636.249,36.249,0.58,55.5,0.57,42.3,0.59,70.0,0.6,92.5,0.42,25.0,0.41,120.0,0.45,225.49,0.46,91.5,0.01,0.03,2316.295206,1776207634000
1776207636.704,36.704,0.58,50.5,0.57,69.84,0.59,65.0,0.6,92.5,0.41,70.0,0.4,92.5,0.42,55.5,0.43,42.3,0.01,0.01,2316.295206,1776207634000
1776207637.353,37.353,0.58,50.5,0.57,69.84,0.59,65.0,0.6,92.5,0.41,65.0,0.4,92.5,0.42,50.5,0.43,69.84,0.01,0.01,2316.522375,1776207636000
1776207637.945,37.945,0.58,88.99,0.57,53.75,0.59,15.72,0.6,75.0,0.41,15.72,0.4,75.0,0.42,88.99,0.43,53.75,0.01,0.01,2316.552745,1776207637000
1776207638.551,38.551,0.58,65.0,0.57,92.29,0.59,5.72,0.6,85.5,0.41,15.72,0.4,75.0,0.42,88.99,0.43,53.75,0.01,0.01,2316.552745,1776207637000
1776207638.992,38.992,0.58,153.04,0.57,64.75,0.6,75.0,0.61,67.0,0.41,5.72,0.4,85.5,0.42,65.0,0.43,92.29,0.02,0.01,2316.552745,1776207637000
1776207640.012,40.012,0.6,197.34,0.59,111.5,0.61,60.0,0.63,160.0,0.4,75.0,0.39,67.0,0.42,153.04,0.43,64.75,0.01,0.02,2316.598545,1776207638000
1776207640.232,40.232,0.62,127.84,0.61,38.5,0.63,104.29,0.65,50.0,0.39,60.0,0.37,160.0,0.4,197.34,0.41,111.5,0.01,0.01,2316.62747,1776207639000
1776207640.49,40.49,0.63,5.71,0.62,174.29,0.65,50.0,0.66,20.0,0.37,104.29,0.35,50.0,0.38,127.84,0.39,38.5,0.02,0.01,2316.62747,1776207639000
1776207641.037,41.037,0.63,5.71,0.62,174.29,0.65,50.0,0.66,20.0,0.35,50.0,0.34,20.0,0.37,5.71,0.38,174.29,0.02,0.02,2316.69616,1776207640000
1776207641.738,41.738,0.66,17.36,0.65,76.5,0.67,5.0,0.68,125.0,0.33,10.0,0.32,125.0,0.35,101.5,0.36,43.5,0.01,0.02,2316.69616,1776207640000
1776207642.048,42.048,0.66,43.72,0.65,46.5,0.68,100.0,0.7,19.5,0.32,100.0,0.3,19.5,0.34,43.72,0.35,46.5,0.02,0.02,2316.987817,1776207641000
1776207642.257,42.257,0.67,64.5,0.66,73.72,0.68,100.0,0.69,9.0,0.32,100.0,0.31,9.0,0.33,64.5,0.34,73.72,0.01,0.01,2316.987817,1776207641000
1776207642.734,42.734,0.68,20.0,0.67,32.07,0.69,7.4,0.7,10.5,0.32,100.0,0.31,9.0,0.33,67.07,0.34,63.72,0.01,0.01,2316.987817,1776207641000
1776207643.015,43.015,0.68,20.0,0.67,32.07,0.69,7.4,0.7,10.5,0.31,7.4,0.3,10.5,0.32,20.0,0.33,32.07,0.01,0.01,2317.1971,1776207642000
1776207643.943,43.943,0.65,50.54,0.64,10.0,0.7,8.89,0.71,100.0,0.3,27.89,0.29,60.0,0.31,20.0,0.32,20.0,0.05,0.01,2317.1971,1776207642000
1776207644.37,44.37,0.65,15.0,0.64,65.0,0.66,62.89,0.67,26.0,0.34,5.5,0.33,11.0,0.35,37.54,0.36,10.0,0.01,0.01,2317.245005,1776207643000
1776207644.905,44.905,0.65,21.85,0.64,100.5,0.66,73.39,0.67,26.0,0.34,62.89,0.33,26.0,0.35,15.0,0.36,65.0,0.01,0.01,2317.245005,1776207643000
1776207645.685,45.685,0.64,74.22,0.63,20.5,0.65,24.5,0.66,45.5,0.34,73.39,0.33,26.0,0.35,21.85,0.36,100.5,0.01,0.01,2317.246245,1776207644000
1776207645.973,45.973,0.64,79.22,0.63,20.5,0.65,59.17,0.66,50.5,0.35,59.17,0.34,50.5,0.36,79.22,0.37,20.5,0.01,0.01,2317.147166,1776207645000
1776207646.421,46.421,0.64,89.22,0.63,25.5,0.65,69.48,0.66,50.5,0.35,69.48,0.34,50.5,0.36,79.22,0.37,25.5,0.01,0.01,2317.147166,1776207645000
1776207646.975,46.975,0.64,89.22,0.63,25.5,0.65,69.48,0.66,50.5,0.35,69.48,0.34,50.5,0.36,89.22,0.37,25.5,0.01,0.01,2317.024159,1776207646000
1776207648.018,48.018,0.64,89.22,0.63,25.5,0.65,69.48,0.66,50.5,0.35,69.48,0.34,50.5,0.36,89.22,0.37,25.5,0.01,0.01,2317.061848,1776207647000
1776207648.961,48.961,0.64,89.22,0.63,25.5,0.65,69.48,0.66,50.5,0.35,69.48,0.34,50.5,0.36,89.22,0.37,25.5,0.01,0.01,2316.99727,1776207648000
1776207649.227,49.227,0.64,74.22,0.63,25.5,0.65,45.48,0.66,58.5,0.35,69.48,0.34,50.5,0.36,89.22,0.37,25.5,0.01,0.01,2316.99727,1776207648000
1776207650.477,50.477,0.64,74.22,0.63,25.5,0.65,45.48,0.66,58.5,0.35,45.48,0.34,58.5,0.36,74.22,0.37,25.5,0.01,0.01,2317.044294,1776207649000
1776207651.122,51.122,0.64,71.45,0.63,25.5,0.65,35.48,0.66,63.5,0.35,45.48,0.34,68.5,0.36,71.45,0.37,25.5,0.01,0.01,2317.044294,1776207649000
1776207651.944,51.944,0.64,71.45,0.63,25.5,0.65,35.48,0.66,63.5,0.35,35.48,0.34,63.5,0.36,71.45,0.37,25.5,0.01,0.01,2317.008095,1776207650000
1776207652.317,52.317,0.64,76.45,0.63,25.5,0.65,25.48,0.66,78.5,0.35,35.48,0.34,63.5,0.36,71.45,0.37,25.5,0.01,0.01,2317.008095,1776207650000
1776207652.595,52.595,0.64,76.45,0.63,25.5,0.65,25.48,0.66,78.5,0.35,25.48,0.34,78.5,0.36,76.45,0.37,25.5,0.01,0.01,2317.00798,1776207651000
1776207653.009,53.009,0.64,79.86,0.63,66.4,0.65,28.83,0.66,124.5,0.36,28.0,0.35,40.48,0.37,9.9,0.38,25.5,0.01,0.01,2317.00798,1776207651000
1776207653.224,53.224,0.64,165.36,0.63,72.4,0.65,17.67,0.66,108.0,0.35,28.83,0.34,124.5,0.36,79.86,0.37,66.4,0.01,0.01,2317.00798,1776207651000
1776207653.73,53.73,0.65,155.5,0.64,86.36,0.66,19.0,0.68,69.15,0.35,5.0,0.34,108.0,0.36,165.36,0.37,72.4,0.01,0.01,2317.01419,1776207652000
1776207653.96,53.96,0.65,139.5,0.64,60.5,0.66,8.24,0.68,59.15,0.34,8.24,0.32,59.15,0.35,139.5,0.36,60.5,0.01,0.01,2317.00762,1776207653000
1776207655.038,55.038,0.65,119.5,0.64,80.5,0.66,1.64,0.68,60.15,0.34,3.16,0.32,54.15,0.35,104.5,0.36,60.5,0.01,0.01,2317.00762,1776207653000
1776207655.678,55.678,0.65,95.5,0.64,55.5,0.68,40.88,0.69,36.5,0.34,1.64,0.32,60.15,0.35,119.5,0.36,80.5,0.03,0.01,2317.00762,1776207653000
1776207656.355,56.355,0.65,95.5,0.64,55.5,0.68,40.88,0.69,36.5,0.32,45.88,0.31,36.5,0.35,95.5,0.36,55.5,0.03,0.03,2317.159659,1776207655000
1776207656.718,56.718,0.67,101.5,0.66,45.5,0.68,27.13,0.69,6.0,0.32,45.88,0.31,36.5,0.35,95.5,0.36,55.5,0.01,0.03,2317.159659,1776207655000
1776207657.078,57.078,0.67,101.5,0.66,45.5,0.69,3.17,0.7,10.0,0.31,3.17,0.3,10.0,0.33,101.5,0.34,45.5,0.02,0.02,2317.1742,1776207656000
1776207657.672,57.672,0.68,115.0,0.67,86.5,0.7,9.0,0.71,160.5,0.31,3.17,0.3,10.0,0.33,101.5,0.34,45.5,0.02,0.02,2317.1742,1776207656000
1776207658.446,58.446,0.69,10.0,0.68,115.0,0.7,4.07,0.71,160.5,0.3,4.07,0.29,160.5,0.31,10.0,0.32,115.0,0.01,0.01,2317.23596,1776207657000
1776207658.916,58.916,0.69,65.97,0.68,15.0,0.7,19.57,0.71,155.5,0.3,4.07,0.29,160.5,0.31,10.0,0.32,115.0,0.01,0.01,2317.23596,1776207657000
1776207659.137,59.137,0.67,20.0,0.66,35.0,0.7,117.57,0.71,229.5,0.3,19.57,0.29,155.5,0.31,65.97,0.32,15.0,0.03,0.01,2317.274705,1776207658000
1776207659.34,59.34,0.66,25.0,0.65,25.0,0.67,45.27,0.68,89.5,0.3,117.57,0.29,229.5,0.33,20.0,0.34,35.0,0.01,0.03,2317.274705,1776207658000
1776207659.999,59.999,0.53,151.0,0.52,20.0,0.55,7.09,0.56,10.0,0.35,21.0,0.34,20.5,0.36,7.0,0.4,60.0,0.02,0.01,2317.274705,1776207658000
1776207660.333,60.333,0.53,151.0,0.52,20.0,0.55,7.09,0.56,10.0,0.45,7.09,0.44,10.0,0.47,151.0,0.48,20.0,0.02,0.02,2317.329568,1776207659000
1776207660.648,60.648,0.53,171.0,0.52,45.5,0.54,14.9,0.56,10.0,0.46,31.66,0.45,12.09,0.47,151.0,0.48,45.5,0.01,0.01,2317.329568,1776207659000
1776207661.665,61.665,0.53,171.0,0.52,45.5,0.54,14.9,0.56,10.0,0.46,14.9,0.44,10.0,0.47,171.0,0.48,45.5,0.01,0.01,2316.721881,1776207660000
1776207662.243,62.243,0.53,171.0,0.52,45.5,0.54,14.9,0.56,10.0,0.46,14.9,0.44,10.0,0.47,171.0,0.48,45.5,0.01,0.01,2316.53837,1776207661000
1776207662.735,62.735,0.54,55.0,0.53,191.5,0.55,30.96,0.56,25.0,0.45,68.0,0.44,35.5,0.46,40.0,0.47,176.5,0.01,0.01,2316.53837,1776207661000
1776207663.382,63.382,0.54,10.0,0.53,161.0,0.55,81.87,0.56,35.5,0.45,30.96,0.44,25.0,0.46,55.0,0.47,191.5,0.01,0.01,2316.53837,1776207661000
1776207664.129,64.129,0.53,30.0,0.52,35.0,0.54,40.41,0.55,20.5,0.45,71.87,0.44,35.5,0.46,5.0,0.47,161.0,0.01,0.01,2316.44413,1776207662000
1776207664.726,64.726,0.52,35.0,0.51,115.0,0.53,15.31,0.54,25.5,0.46,40.41,0.45,20.5,0.47,30.0,0.48,35.0,0.01,0.01,2316.401124,1776207663000
1776207665.452,65.452,0.52,35.0,0.51,115.0,0.53,15.31,0.54,25.5,0.47,15.31,0.46,25.5,0.48,35.0,0.49,115.0,0.01,0.01,2316.392935,1776207664000
1776207665.941,65.941,0.52,30.0,0.51,135.0,0.53,39.31,0.54,35.5,0.47,15.31,0.46,25.5,0.48,35.0,0.49,115.0,0.01,0.01,2316.392935,1776207664000
1776207666.313,66.313,0.52,35.1,0.51,125.0,0.53,34.31,0.54,25.5,0.47,39.31,0.46,35.5,0.48,30.0,0.49,135.0,0.01,0.01,2316.346325,1776207665000
1776207666.571,66.571,0.52,35.1,0.51,125.0,0.54,3.85,0.55,27.5,0.47,34.31,0.46,25.5,0.48,35.1,0.49,125.0,0.02,0.01,2316.346325,1776207665000
1776207667.525,67.525,0.52,30.1,0.51,135.5,0.53,29.0,0.54,23.85,0.46,3.85,0.45,27.5,0.48,35.1,0.49,125.0,0.01,0.02,2316.346325,1776207665000
1776207668.018,68.018,0.52,30.1,0.51,135.5,0.53,29.0,0.54,23.85,0.47,29.0,0.46,23.85,0.48,30.1,0.49,135.5,0.01,0.01,2316.267526,1776207666000
1776207668.713,68.713,0.52,30.1,0.51,135.5,0.53,29.0,0.54,23.85,0.47,29.0,0.46,23.85,0.48,30.1,0.49,135.5,0.01,0.01,2316.268071,1776207667000
1776207669.711,69.711,0.52,65.6,0.51,145.5,0.53,9.0,0.54,44.35,0.47,9.0,0.46,44.35,0.48,65.6,0.49,145.5,0.01,0.01,2316.275669,1776207668000
1776207670.045,70.045,0.51,115.0,0.5,55.0,0.53,57.5,0.54,159.35,0.47,13.65,0.46,54.35,0.48,25.1,0.49,120.0,0.02,0.01,2316.275669,1776207668000
1776207670.332,70.332,0.5,60.0,0.49,55.0,0.51,20.1,0.52,30.5,0.47,57.5,0.46,159.35,0.49,115.0,0.5,55.0,0.01,0.02,2316.275669,1776207668000
1776207671.06,71.06,0.5,60.0,0.49,55.0,0.51,20.1,0.52,30.5,0.49,20.1,0.48,30.5,0.5,60.0,0.51,55.0,0.01,0.01,2316.279322,1776207669000
1776207671.765,71.765,0.5,85.1,0.49,60.0,0.51,48.23,0.52,30.5,0.49,48.23,0.48,30.5,0.5,85.1,0.51,60.0,0.01,0.01,2316.234123,1776207670000
1776207672.229,72.229,0.5,303.6,0.49,183.04,0.51,4.95,0.54,30.39,0.49,48.23,0.48,30.5,0.5,85.1,0.51,60.0,0.01,0.01,2316.234123,1776207670000
1776207672.466,72.466,0.5,313.6,0.49,188.04,0.54,30.39,0.56,10.0,0.46,30.39,0.44,10.0,0.5,313.6,0.51,188.04,0.04,0.04,2316.09392,1776207671000
1776207672.683,72.683,0.53,78.0,0.52,32.0,0.54,20.39,0.55,20.5,0.46,30.39,0.45,20.5,0.47,83.0,0.48,22.0,0.01,0.01,2316.09392,1776207671000
1776207673.031,73.031,0.5,102.64,0.49,150.0,0.52,35.5,0.53,32.5,0.46,20.39,0.45,20.5,0.47,78.0,0.48,32.0,0.02,0.01,2316.09392,1776207671000
1776207674.191,74.191,0.5,45.1,0.49,85.0,0.51,34.91,0.52,55.5,0.49,20.5,0.48,40.5,0.5,97.64,0.51,150.0,0.01,0.01,2316.06549,1776207672000
1776207674.514,74.514,0.5,45.1,0.49,85.0,0.51,34.91,0.52,55.5,0.49,34.91,0.48,55.5,0.5,45.1,0.51,85.0,0.01,0.01,2316.199505,1776207673000
1776207675.029,75.029,0.5,28.63,0.49,85.0,0.51,54.91,0.52,55.5,0.49,34.91,0.48,55.5,0.5,45.1,0.51,85.0,0.01,0.01,2316.199505,1776207673000
1776207675.251,75.251,0.5,28.63,0.49,85.0,0.51,44.91,0.52,55.5,0.49,54.91,0.48,55.5,0.5,28.63,0.51,85.0,0.01,0.01,2316.199505,1776207673000
1776207676.018,76.018,0.5,28.63,0.49,85.0,0.51,44.91,0.52,55.5,0.49,44.91,0.48,55.5,0.5,28.63,0.51,85.0,0.01,0.01,2316.1381,1776207675000
1776207676.726,76.726,0.5,33.63,0.49,85.0,0.51,15.67,0.52,66.08,0.49,25.67,0.48,61.08,0.5,33.63,0.51,85.0,0.01,0.01,2316.1381,1776207675000
1776207677.125,77.125,0.49,75.0,0.48,66.0,0.51,125.0,0.52,71.08,0.49,15.67,0.48,66.08,0.5,33.63,0.51,85.0,0.02,0.01,2316.1381,1776207675000
1776207677.385,77.385,0.49,75.0,0.48,66.0,0.51,125.0,0.52,71.08,0.49,125.0,0.48,71.08,0.51,75.0,0.52,66.0,0.02,0.02,2316.06511,1776207676000
1776207677.997,77.997,0.47,195.0,0.46,125.0,0.5,88.5,0.51,127.0,0.5,88.5,0.49,127.0,0.53,195.0,0.54,125.0,0.03,0.03,2316.06511,1776207677000
1776207678.808,78.808,0.38,10.0,0.37,145.0,0.39,13.19,0.4,10.0,0.5,88.5,0.49,127.0,0.53,195.0,0.54,125.0,0.01,0.03,2316.06511,1776207677000
1776207679.045,79.045,0.38,10.72,0.37,153.0,0.39,15.0,0.4,15.0,0.61,13.19,0.6,10.0,0.62,10.0,0.63,145.0,0.01,0.01,2316.06511,1776207677000
1776207679.266,79.266,0.37,207.0,0.36,15.5,0.39,11.58,0.4,10.0,0.61,15.0,0.6,15.0,0.63,155.0,0.64,10.5,0.02,0.02,2316.06511,1776207677000
1776207679.601,79.601,0.38,25.06,0.37,211.5,0.39,4.87,0.4,10.0,0.59,10.0,0.58,10.0,0.62,24.06,0.63,211.5,0.01,0.03,2315.889411,1776207678000
1776207680.171,80.171,0.38,25.06,0.37,211.5,0.39,4.87,0.4,10.0,0.61,4.87,0.6,10.0,0.62,25.06,0.63,211.5,0.01,0.01,2315.61035,1776207679000
1776207681.082,81.082,0.39,100.33,0.38,48.5,0.4,10.0,0.41,10.0,0.61,4.87,0.6,10.0,0.62,159.45,0.63,217.5,0.01,0.01,2315.61035,1776207679000
1776207681.484,81.484,0.39,100.33,0.38,48.5,0.4,10.0,0.41,10.0,0.6,10.0,0.59,10.0,0.61,100.33,0.62,48.5,0.01,0.01,2315.394416,1776207680000
1776207682.11,82.11,0.39,110.78,0.38,55.95,0.4,10.0,0.41,10.0,0.6,10.0,0.59,10.0,0.61,100.33,0.62,48.5,0.01,0.01,2315.394416,1776207680000
1776207682.781,82.781,0.39,111.78,0.38,55.95,0.4,10.0,0.41,10.0,0.6,10.0,0.59,10.0,0.61,110.78,0.62,55.95,0.01,0.01,2315.49099,1776207681000
1776207683.605,83.605,0.39,111.78,0.38,55.95,0.4,10.0,0.41,10.0,0.6,10.0,0.59,10.0,0.61,111.78,0.62,55.95,0.01,0.01,2315.5024,1776207682000
1776207684.317,84.317,0.41,60.0,0.4,10.0,0.43,25.0,0.44,10.0,0.6,10.0,0.59,10.0,0.61,111.78,0.62,55.95,0.02,0.01,2315.5024,1776207682000
1776207684.593,84.593,0.42,249.98,0.41,218.5,0.45,10.0,0.48,110.0,0.57,25.0,0.56,10.0,0.59,60.0,0.6,10.0,0.03,0.02,2315.492405,1776207683000
1776207684.942,84.942,0.48,17.0,0.47,91.5,0.5,25.0,0.51,17.0,0.55,10.0,0.52,110.0,0.58,249.98,0.59,218.5,0.02,0.03,2315.492405,1776207683000
1776207685.654,85.654,0.53,36.5,0.52,32.5,0.54,65.0,0.55,13.0,0.49,5.93,0.48,23.0,0.5,22.0,0.51,80.0,0.01,0.01,2315.4924,1776207684000
1776207686.786,86.786,0.55,73.05,0.54,37.5,0.56,41.0,0.57,40.0,0.46,65.0,0.45,13.0,0.47,36.5,0.48,32.5,0.01,0.01,2315.4924,1776207684000
1776207687.083,87.083,0.55,73.05,0.54,37.5,0.56,41.0,0.57,40.0,0.44,41.0,0.43,40.0,0.45,73.05,0.46,37.5,0.01,0.01,2315.834588,1776207685000
1776207687.684,87.684,0.55,71.05,0.54,47.5,0.56,41.0,0.57,50.0,0.44,41.0,0.43,50.0,0.45,71.05,0.46,47.5,0.01,0.01,2316.248545,1776207686000
1776207688.246,88.246,0.55,71.05,0.54,47.5,0.56,41.0,0.57,50.0,0.44,41.0,0.43,50.0,0.45,71.05,0.46,47.5,0.01,0.01,2316.350145,1776207687000
1776207688.709,88.709,0.55,71.05,0.54,32.5,0.56,21.0,0.57,40.0,0.44,41.0,0.43,50.0,0.45,71.05,0.46,47.5,0.01,0.01,2316.350145,1776207687000
1776207689.27,89.27,0.55,71.05,0.54,32.5,0.56,21.0,0.57,40.0,0.44,21.0,0.43,40.0,0.45,71.05,0.46,32.5,0.01,0.01,2316.40072,1776207688000
1776207690.01,90.01,0.55,71.05,0.54,32.5,0.56,21.0,0.57,40.0,0.44,21.0,0.43,40.0,0.45,71.05,0.46,32.5,0.01,0.01,2316.423466,1776207689000
1776207691.336,91.336,0.55,71.05,0.54,32.5,0.56,21.0,0.57,40.0,0.44,21.0,0.43,40.0,0.45,71.05,0.46,32.5,0.01,0.01,2316.392347,1776207690000
1776207691.827,91.827,0.57,228.49,0.56,56.95,0.59,70.0,0.61,85.0,0.44,21.0,0.43,40.0,0.45,71.05,0.46,32.5,0.02,0.01,2316.392347,1776207690000
1776207693.083,93.083,0.57,228.49,0.56,56.95,0.59,70.0,0.61,85.0,0.41,70.0,0.39,85.0,0.43,228.49,0.44,56.95,0.02,0.02,2316.612653,1776207692000
1776207694.281,94.281,0.57,228.49,0.56,56.95,0.59,70.0,0.61,85.0,0.41,70.0,0.39,85.0,0.43,228.49,0.44,56.95,0.02,0.02,2316.742865,1776207693000
1776207694.999,94.999,0.57,228.49,0.56,56.95,0.59,70.0,0.61,85.0,0.41,70.0,0.39,85.0,0.43,228.49,0.44,56.95,0.02,0.02,2316.81591,1776207694000
1776207695.505,95.505,0.64,116.94,0.63,74.5,0.65,8.0,0.66,75.0,0.41,70.0,0.39,85.0,0.43,228.49,0.44,56.95,0.01,0.02,2316.81591,1776207694000
1776207695.729,95.729,0.64,111.94,0.63,74.5,0.66,75.0,0.67,40.5,0.35,8.0,0.34,75.0,0.36,116.94,0.37,74.5,0.02,0.01,2316.81591,1776207694000
1776207696.216,96.216,0.64,111.94,0.63,74.5,0.66,75.0,0.67,40.5,0.34,75.0,0.33,40.5,0.36,111.94,0.37,74.5,0.02,0.02,2316.9223,1776207695000
1776207697.287,97.287,0.65,99.0,0.64,81.94,0.67,40.5,0.68,65.0,0.33,40.5,0.32,65.0,0.35,99.0,0.36,81.94,0.02,0.02,2317.012171,1776207696000
1776207697.538,97.538,0.67,53.0,0.66,49.0,0.69,28.5,0.71,328.5,0.32,16.5,0.31,20.0,0.33,48.0,0.34,49.0,0.02,0.01,2317.012171,1776207696000
1776207697.818,97.818,0.68,20.0,0.67,43.0,0.69,44.0,0.7,17.1,0.31,28.5,0.29,328.5,0.33,53.0,0.34,49.0,0.01,0.02,2317.012171,1776207696000
1776207698.429,98.429,0.68,20.0,0.67,43.0,0.69,44.0,0.7,17.1,0.31,44.0,0.3,17.1,0.32,20.0,0.33,43.0,0.01,0.01,2316.97796,1776207697000
1776207698.829,98.829,0.68,25.0,0.67,43.0,0.69,44.0,0.7,22.1,0.31,44.0,0.3,17.1,0.32,20.0,0.33,43.0,0.01,0.01,2316.97796,1776207697000
1776207699.907,99.907,0.68,25.0,0.67,43.0,0.69,49.0,0.7,22.1,0.31,44.0,0.3,22.1,0.32,25.0,0.33,43.0,0.01,0.01,2317.014965,1776207698000
1776207701.124,101.124,0.68,25.0,0.67,43.0,0.69,24.0,0.7,42.1,0.31,49.0,0.3,22.1,0.32,25.0,0.33,43.0,0.01,0.01,2317.00194,1776207699000
1776207702.243,102.243,0.68,25.0,0.67,43.0,0.69,24.0,0.7,42.1,0.31,24.0,0.3,42.1,0.32,25.0,0.33,43.0,0.01,0.01,2317.036567,1776207701000
1776207703.25,103.25,0.68,15.0,0.67,43.0,0.69,29.5,0.7,40.5,0.31,29.5,0.3,40.5,0.32,15.0,0.33,43.0,0.01,0.01,2316.99689,1776207702000
1776207703.761,103.761,0.68,15.0,0.67,43.0,0.69,9.0,0.7,40.5,0.31,29.5,0.3,40.5,0.32,15.0,0.33,43.0,0.01,0.01,2316.99689,1776207702000
1776207704.265,104.265,0.68,11.88,0.67,43.0,0.7,50.5,0.71,358.5,0.3,50.5,0.29,358.5,0.32,11.88,0.33,43.0,0.02,0.02,2316.999075,1776207703000
1776207704.521,104.521,0.7,25.5,0.69,117.1,0.71,18.0,0.72,26.0,0.29,140.0,0.28,26.0,0.31,147.1,0.32,50.38,0.01,0.02,2316.999075,1776207703000
1776207704.727,104.727,0.7,147.1,0.69,104.5,0.74,107.0,0.75,60.0,0.29,8.0,0.28,26.0,0.3,25.5,0.31,117.1,0.04,0.01,2316.999075,1776207703000
1776207705.254,105.254,0.73,8.22,0.72,30.5,0.74,20.0,0.75,60.0,0.26,107.0,0.25,60.0,0.3,147.1,0.31,104.5,0.01,0.04,2316.999075,1776207703000
1776207705.525,105.525,0.73,13.22,0.72,35.5,0.74,6.7,0.75,60.0,0.26,20.0,0.25,60.0,0.27,8.22,0.28,30.5,0.01,0.01,2317.06145,1776207704000
1776207706.198,106.198,0.73,13.22,0.72,35.5,0.74,6.7,0.75,60.0,0.26,6.7,0.25,60.0,0.27,13.22,0.28,35.5,0.01,0.01,2317.100203,1776207705000
1776207706.91,106.91,0.73,130.72,0.72,95.49,0.76,35.0,0.77,20.0,0.26,6.7,0.25,60.0,0.27,13.22,0.28,35.5,0.03,0.01,2317.100203,1776207705000
1776207707.267,107.267,0.74,108.5,0.73,85.72,0.76,20.0,0.77,20.0,0.25,8.66,0.24,10.0,0.26,88.5,0.27,97.72,0.02,0.01,2317.100203,1776207705000
1776207708.336,108.336,0.75,39.5,0.74,98.5,0.76,25.0,0.77,20.0,0.24,25.0,0.23,20.0,0.25,39.5,0.26,98.5,0.01,0.01,2317.457167,1776207707000
1776207708.723,108.723,0.76,55.0,0.75,49.5,0.77,130.0,0.78,169.0,0.24,25.0,0.23,20.0,0.25,39.5,0.26,98.5,0.01,0.01,2317.457167,1776207707000
1776207709.256,109.256,0.76,98.0,0.75,49.5,0.77,28.0,0.78,25.0,0.23,130.0,0.22,169.0,0.24,55.0,0.25,49.5,0.01,0.01,2317.457167,1776207707000
1776207710.342,110.342,0.76,98.0,0.75,49.5,0.77,28.0,0.78,25.0,0.23,28.0,0.22,25.0,0.24,98.0,0.25,49.5,0.01,0.01,2317.62739,1776207709000
1776207710.549,110.549,0.78,5.0,0.77,10.0,0.79,70.0,0.8,167.5,0.22,35.0,0.21,70.0,0.24,189.49,0.25,66.89,0.01,0.02,2317.62739,1776207709000
1776207710.872,110.872,0.78,5.0,0.77,10.0,0.79,70.0,0.8,167.5,0.21,70.0,0.2,167.5,0.22,5.0,0.23,10.0,0.01,0.01,2317.638978,1776207710000
1776207711.915,111.915,0.78,5.0,0.77,10.0,0.79,70.0,0.8,167.5,0.21,70.0,0.2,167.5,0.22,5.0,0.23,10.0,0.01,0.01,2317.744291,1776207711000
1776207712.717,112.717,0.78,41.41,0.77,15.0,0.79,171.53,0.8,400.0,0.21,70.0,0.2,167.5,0.22,5.0,0.23,10.0,0.01,0.01,2317.744291,1776207711000
1776207712.967,112.967,0.77,9.41,0.76,29.0,0.79,172.0,0.8,410.0,0.21,164.0,0.2,417.0,0.22,7.0,0.23,9.41,0.02,0.01,2317.744291,1776207711000
1776207713.38,113.38,0.78,50.0,0.77,9.41,0.79,153.82,0.8,399.5,0.21,172.0,0.2,410.0,0.23,9.41,0.24,29.0,0.01,0.02,2317.740795,1776207712000
1776207713.844,113.844,0.78,60.0,0.77,92.83,0.79,55.02,0.8,299.5,0.21,153.82,0.2,399.5,0.22,50.0,0.23,9.41,0.01,0.01,2317.740795,1776207712000
1776207714.505,114.505,0.78,98.0,0.77,92.83,0.79,45.02,0.8,284.5,0.21,55.02,0.2,299.5,0.22,60.0,0.23,92.83,0.01,0.01,2317.81808,1776207713000
1776207714.866,114.866,0.78,98.0,0.77,92.83,0.79,43.75,0.8,284.5,0.21,45.02,0.2,284.5,0.22,98.0,0.23,92.83,0.01,0.01,2317.81808,1776207713000
1776207715.12,115.12,0.78,103.5,0.77,150.82,0.8,138.75,0.81,145.0,0.21,43.75,0.2,284.5,0.22,98.0,0.23,92.83,0.02,0.01,2317.81808,1776207713000
1776207715.363,115.363,0.79,103.5,0.78,83.5,0.8,28.75,0.81,155.0,0.2,138.75,0.19,145.0,0.22,103.5,0.23,150.82,0.01,0.02,2317.81808,1776207713000
1776207715.69,115.69,0.79,223.99,0.78,83.5,0.8,22.75,0.81,145.0,0.2,28.75,0.19,155.0,0.21,103.5,0.22,83.5,0.01,0.01,2317.695885,1776207714000
1776207716.007,116.007,0.79,223.99,0.78,83.5,0.8,22.75,0.81,145.0,0.2,22.75,0.19,145.0,0.21,223.99,0.22,83.5,0.01,0.01,2317.692945,1776207715000
1776207716.212,116.212,0.8,161.5,0.79,142.99,0.83,75.0,0.84,151.0,0.2,22.75,0.19,145.0,0.21,223.99,0.22,83.5,0.03,0.01,2317.692945,1776207715000
1776207716.809,116.809,0.82,67.0,0.81,110.27,0.83,39.73,0.84,151.0,0.17,75.0,0.16,151.0,0.2,161.5,0.21,142.99,0.01,0.03,2317.692945,1776207715000
1776207717.047,117.047,0.82,67.0,0.81,110.27,0.83,39.73,0.84,151.0,0.17,39.73,0.16,151.0,0.18,67.0,0.19,110.27,0.01,0.01,2317.77445,1776207716000
1776207717.381,117.381,0.82,72.0,0.81,25.5,0.83,39.59,0.84,187.8,0.17,42.68,0.16,161.5,0.18,62.0,0.19,15.0,0.01,0.01,2317.77445,1776207716000
1776207717.692,117.692,0.82,77.0,0.81,30.5,0.83,14.12,0.84,177.8,0.17,15.99,0.16,187.8,0.18,77.0,0.19,30.5,0.01,0.01,2317.77445,1776207716000
1776207717.977,117.977,0.82,72.0,0.81,30.5,0.83,4.12,0.84,177.8,0.17,4.12,0.16,177.8,0.18,72.0,0.19,30.5,0.01,0.01,2317.91868,1776207717000
1776207718.217,118.217,0.82,16.0,0.81,10.0,0.83,215.44,0.84,200.3,0.17,4.12,0.16,177.8,0.18,72.0,0.19,30.5,0.01,0.01,2317.91868,1776207717000
1776207718.603,118.603,0.81,10.0,0.8,32.0,0.83,215.44,0.84,200.3,0.17,215.44,0.16,200.3,0.18,6.0,0.19,10.0,0.02,0.01,2317.91868,1776207717000
1776207718.918,118.918,0.8,62.0,0.79,20.0,0.81,116.75,0.82,54.0,0.19,6.0,0.18,10.5,0.2,32.0,0.21,15.0,0.01,0.01,2317.91868,1776207717000
1776207719.378,119.378,0.8,57.0,0.79,20.0,0.81,118.63,0.82,59.0,0.19,116.75,0.18,54.0,0.2,62.0,0.21,20.0,0.01,0.01,2318.026365,1776207718000
1776207719.853,119.853,0.79,9.52,0.78,25.0,0.81,165.5,0.82,94.9,0.19,108.38,0.18,59.0,0.2,57.0,0.21,20.0,0.02,0.01,2318.026365,1776207718000
1776207720.136,120.136,0.78,63.0,0.77,10.0,0.79,39.74,0.8,54.5,0.21,15.0,0.2,65.0,0.24,62.64,0.25,48.0,0.01,0.03,2317.995055,1776207719000
1776207720.366,120.366,0.78,10.0,0.76,55.0,0.79,99.24,0.8,150.5,0.21,39.74,0.2,54.5,0.22,63.0,0.23,10.0,0.01,0.01,2317.995055,1776207719000
1776207720.984,120.984,0.76,35.0,0.74,10.0,0.77,26.53,0.78,31.5,0.23,26.53,0.22,31.5,0.24,35.0,0.26,10.0,0.01,0.01,2317.81531,1776207720000
1776207721.751,121.751,0.73,25.0,0.72,105.62,0.74,5.0,0.75,5.0,0.23,26.53,0.22,31.5,0.24,35.0,0.26,10.0,0.01,0.01,2317.81531,1776207720000
1776207722.125,122.125,0.73,18.0,0.72,116.12,0.75,5.0,0.76,145.5,0.25,5.0,0.24,145.5,0.27,18.0,0.28,116.12,0.02,0.02,2317.68085,1776207721000
1776207722.489,122.489,0.72,86.55,0.71,10.0,0.73,10.0,0.74,55.5,0.26,129.5,0.25,50.5,0.27,7.0,0.28,80.62,0.01,0.01,2317.68085,1776207721000
1776207723.101,123.101,0.72,86.55,0.71,10.0,0.73,10.0,0.74,55.5,0.27,10.0,0.26,55.5,0.28,86.55,0.29,10.0,0.01,0.01,2317.307532,1776207722000
1776207723.559,123.559,0.7,70.71,0.69,55.0,0.71,30.0,0.73,105.5,0.27,10.0,0.26,55.5,0.28,86.55,0.29,10.0,0.01,0.01,2317.307532,1776207722000
1776207723.808,123.808,0.7,60.71,0.69,65.0,0.71,53.06,0.72,46.5,0.29,55.95,0.28,36.5,0.3,65.71,0.31,65.0,0.01,0.01,2317.307532,1776207722000
1776207724.144,124.144,0.7,60.71,0.69,65.0,0.71,53.06,0.72,46.5,0.29,53.06,0.28,46.5,0.3,60.71,0.31,65.0,0.01,0.01,2317.226243,1776207723000
1776207725.041,125.041,0.7,65.71,0.69,70.0,0.71,34.59,0.72,36.5,0.29,53.06,0.28,46.5,0.3,60.71,0.31,65.0,0.01,0.01,2317.226243,1776207723000
1776207725.882,125.882,0.69,45.0,0.68,70.0,0.71,281.25,0.72,60.39,0.29,32.75,0.28,36.5,0.3,65.71,0.31,70.0,0.02,0.01,2317.187513,1776207724000
1776207726.218,126.218,0.69,45.0,0.68,70.0,0.71,281.25,0.72,60.39,0.29,281.25,0.28,60.39,0.31,45.0,0.32,70.0,0.02,0.02,2317.074223,1776207725000
1776207727.385,127.385,0.69,45.0,0.68,70.0,0.71,281.25,0.72,60.39,0.29,281.25,0.28,60.39,0.31,45.0,0.32,70.0,0.02,0.02,2317.052686,1776207726000
1776207728.64,128.64,0.69,45.0,0.68,70.0,0.71,281.25,0.72,60.39,0.29,281.25,0.28,60.39,0.31,45.0,0.32,70.0,0.02,0.02,2316.85569,1776207727000
1776207729.096,129.096,0.69,45.0,0.68,70.0,0.71,281.25,0.72,60.39,0.29,281.25,0.28,60.39,0.31,45.0,0.32,70.0,0.02,0.02,2316.812081,1776207728000
1776207730.122,130.122,0.69,45.0,0.68,70.0,0.71,281.25,0.72,60.39,0.29,281.25,0.28,60.39,0.31,45.0,0.32,70.0,0.02,0.02,2316.743432,1776207729000
1776207730.87,130.87,0.6,10.0,0.59,121.0,0.62,39.5,0.63,57.53,0.29,281.25,0.28,60.39,0.31,45.0,0.32,70.0,0.02,0.02,2316.743432,1776207729000
1776207731.13,131.13,0.6,5.75,0.59,121.0,0.61,10.0,0.62,33.5,0.39,10.0,0.38,33.5,0.4,5.75,0.41,121.0,0.01,0.01,2316.618521,1776207730000
1776207732.046,132.046,0.6,5.75,0.59,121.0,0.61,10.0,0.62,33.5,0.39,10.0,0.38,33.5,0.4,5.75,0.41,121.0,0.01,0.01,2316.563041,1776207731000
1776207733.067,133.067,0.6,5.75,0.59,121.0,0.61,10.0,0.62,33.5,0.39,10.0,0.38,33.5,0.4,5.75,0.41,121.0,0.01,0.01,2316.521519,1776207732000
1776207734.103,134.103,0.6,5.75,0.59,121.0,0.61,10.0,0.62,33.5,0.39,10.0,0.38,33.5,0.4,5.75,0.41,121.0,0.01,0.01,2316.512966,1776207733000
1776207735.147,135.147,0.6,5.75,0.59,121.0,0.61,10.0,0.62,33.5,0.39,10.0,0.38,33.5,0.4,5.75,0.41,121.0,0.01,0.01,2316.509818,1776207734000
1776207736.104,136.104,0.6,5.75,0.59,121.0,0.61,10.0,0.62,33.5,0.39,10.0,0.38,33.5,0.4,5.75,0.41,121.0,0.01,0.01,2316.507388,1776207735000
1776207736.639,136.639,0.6,136.5,0.59,136.5,0.61,15.01,0.62,95.3,0.39,10.0,0.38,33.5,0.4,5.75,0.41,121.0,0.01,0.01,2316.507388,1776207735000
1776207737.12,137.12,0.6,136.5,0.59,136.5,0.61,15.01,0.62,95.3,0.39,15.01,0.38,95.3,0.4,136.5,0.41,136.5,0.01,0.01,2316.516291,1776207736000
1776207738.084,138.084,0.6,101.5,0.59,136.5,0.61,5.5,0.62,25.3,0.39,5.5,0.38,95.3,0.4,136.5,0.41,136.5,0.01,0.01,2316.516291,1776207736000
1776207739.246,139.246,0.6,101.5,0.59,136.5,0.61,5.5,0.62,25.3,0.39,5.5,0.38,25.3,0.4,101.5,0.41,136.5,0.01,0.01,2316.574508,1776207738000
1776207739.873,139.873,0.6,101.5,0.59,136.5,0.61,5.5,0.62,25.3,0.39,5.5,0.38,25.3,0.4,101.5,0.41,136.5,0.01,0.01,2316.605063,1776207739000
1776207740.799,140.799,0.6,291.98,0.59,184.5,0.69,5.0,0.7,5.0,0.39,5.5,0.38,25.3,0.4,101.5,0.41,136.5,0.09,0.01,2316.605063,1776207739000
1776207742.272,142.272,0.68,6.0,0.67,10.0,0.69,8.07,0.7,15.0,0.31,8.07,0.3,15.0,0.32,6.0,0.33,10.0,0.01,0.01,2316.604784,1776207741000
1776207742.726,142.726,0.67,41.0,0.66,41.5,0.68,19.52,0.69,47.07,0.31,8.07,0.3,15.0,0.32,6.0,0.33,10.0,0.01,0.01,2316.604784,1776207741000
1776207743.738,143.738,0.67,41.0,0.66,41.5,0.68,19.52,0.69,47.07,0.32,19.52,0.31,47.07,0.33,41.0,0.34,41.5,0.01,0.01,2316.802225,1776207742000
1776207744.242,144.242,0.67,41.0,0.66,41.5,0.68,19.52,0.69,47.07,0.32,19.52,0.31,47.07,0.33,41.0,0.34,41.5,0.01,0.01,2316.76296,1776207743000
1776207745.177,145.177,0.71,123.5,0.7,42.5,0.72,65.0,0.74,10.0,0.32,19.52,0.31,47.07,0.33,41.0,0.34,41.5,0.01,0.01,2316.76296,1776207743000
1776207745.889,145.889,0.71,118.5,0.7,42.5,0.72,73.33,0.73,17.0,0.28,73.33,0.27,17.0,0.29,118.5,0.3,42.5,0.01,0.01,2316.808121,1776207745000
1776207746.592,146.592,0.71,72.5,0.7,30.5,0.72,7.43,0.73,17.0,0.28,73.33,0.27,17.0,0.29,118.5,0.3,42.5,0.01,0.01,2316.808121,1776207745000
1776207747.054,147.054,0.71,77.5,0.7,30.5,0.73,20.63,0.74,92.0,0.27,20.63,0.26,92.0,0.29,77.5,0.3,30.5,0.02,0.02,2316.9932,1776207746000
1776207748.184,148.184,0.72,65.5,0.71,49.5,0.74,76.0,0.76,23.0,0.27,20.63,0.26,92.0,0.29,77.5,0.3,30.5,0.02,0.02,2316.9932,1776207746000
1776207749.316,149.316,0.72,65.5,0.71,49.5,0.74,76.0,0.76,23.0,0.26,76.0,0.24,23.0,0.28,65.5,0.29,49.5,0.02,0.02,2317.1973,1776207748000
1776207749.551,149.551,0.75,189.5,0.74,52.5,0.76,1.92,0.79,36.0,0.26,76.0,0.24,23.0,0.28,65.5,0.29,49.5,0.01,0.02,2317.1973,1776207748000
1776207749.874,149.874,0.75,189.5,0.74,52.5,0.79,25.0,0.8,106.0,0.21,25.0,0.2,106.0,0.25,189.5,0.26,52.5,0.04,0.04,2317.16993,1776207749000
1776207750.133,150.133,0.78,95.13,0.77,65.5,0.79,29.0,0.8,101.0,0.21,25.0,0.2,106.0,0.25,189.5,0.26,52.5,0.01,0.04,2317.16993,1776207749000
1776207751.008,151.008,0.78,95.13,0.77,65.5,0.79,29.0,0.8,101.0,0.21,29.0,0.2,101.0,0.22,95.13,0.23,65.5,0.01,0.01,2317.211878,1776207750000
1776207751.314,151.314,0.79,91.5,0.78,71.13,0.8,74.62,0.81,23.0,0.21,29.0,0.2,101.0,0.22,95.13,0.23,65.5,0.01,0.01,2317.211878,1776207750000
1776207751.701,151.701,0.79,76.5,0.78,56.13,0.8,83.81,0.81,23.0,0.2,75.29,0.19,23.0,0.21,91.5,0.22,71.13,0.01,0.01,2317.211878,1776207750000
1776207751.938,151.938,0.79,52.27,0.78,37.13,0.8,83.81,0.81,23.0,0.2,83.81,0.19,23.0,0.21,76.5,0.22,56.13,0.01,0.01,2317.211878,1776207750000
1776207752.191,152.191,0.79,52.27,0.78,37.13,0.8,83.81,0.81,23.0,0.2,83.81,0.19,23.0,0.21,52.27,0.22,37.13,0.01,0.01,2317.366495,1776207751000
1776207753.08,153.08,0.79,110.27,0.78,37.13,0.8,38.92,0.81,28.0,0.2,83.81,0.19,23.0,0.21,52.27,0.22,37.13,0.01,0.01,2317.366495,1776207751000
1776207753.338,153.338,0.79,110.27,0.78,37.13,0.8,38.92,0.81,28.0,0.2,38.92,0.19,28.0,0.21,110.27,0.22,37.13,0.01,0.01,2317.572975,1776207752000
1776207753.923,153.923,0.8,166.5,0.79,56.27,0.81,4.0,0.82,13.0,0.2,22.52,0.19,26.0,0.21,121.27,0.22,42.13,0.01,0.01,2317.572975,1776207752000
1776207755.032,155.032,0.81,47.5,0.8,72.5,0.82,10.4,0.83,30.0,0.18,10.4,0.17,30.0,0.19,47.5,0.2,72.5,0.01,0.01,2317.609195,1776207754000
1776207755.733,155.733,0.87,98.92,0.86,32.5,0.88,59.51,0.89,66.79,0.18,10.4,0.17,30.0,0.19,47.5,0.2,72.5,0.01,0.01,2317.609195,1776207754000
1776207756.368,156.368,0.87,98.92,0.86,32.5,0.88,59.51,0.89,66.79,0.12,59.51,0.11,66.79,0.13,98.92,0.14,32.5,0.01,0.01,2317.73666,1776207755000
1776207757.334,157.334,0.87,98.92,0.86,32.5,0.88,59.51,0.89,66.79,0.12,59.51,0.11,66.79,0.13,98.92,0.14,32.5,0.01,0.01,2317.874345,1776207756000
1776207757.956,157.956,0.87,126.72,0.86,62.5,0.88,95.41,0.89,100.79,0.12,95.41,0.11,100.79,0.13,126.72,0.14,62.5,0.01,0.01,2318.091715,1776207757000
1776207758.528,158.528,0.89,8.0,0.88,143.5,0.9,140.0,0.91,104.0,0.12,95.41,0.11,100.79,0.13,126.72,0.14,62.5,0.01,0.01,2318.091715,1776207757000
1776207759.032,159.032,0.89,224.3,0.88,188.5,0.9,168.1,0.91,150.0,0.1,168.1,0.09,150.0,0.11,224.3,0.12,188.5,0.01,0.01,2318.13505,1776207758000
1776207759.475,159.475,0.89,243.8,0.88,203.0,0.9,166.98,0.91,150.0,0.1,168.1,0.09,150.0,0.11,224.3,0.12,188.5,0.01,0.01,2318.13505,1776207758000
1776207760.062,160.062,0.89,243.8,0.88,203.0,0.9,166.98,0.91,150.0,0.1,166.98,0.09,150.0,0.11,243.8,0.12,203.0,0.01,0.01,2318.189885,1776207759000
1776207760.783,160.783,0.89,239.8,0.88,187.5,0.9,172.37,0.91,150.0,0.1,165.86,0.09,150.0,0.11,209.8,0.12,164.0,0.01,0.01,2318.189885,1776207759000
1776207761.059,161.059,0.89,239.8,0.88,187.5,0.9,172.37,0.91,150.0,0.1,172.37,0.09,150.0,0.11,239.8,0.12,187.5,0.01,0.01,2318.317665,1776207760000
1776207761.874,161.874,0.89,357.3,0.88,169.5,0.9,75.81,0.91,128.0,0.1,131.07,0.09,155.0,0.11,333.3,0.12,171.5,0.01,0.01,2318.317665,1776207760000
1776207762.167,162.167,0.89,323.3,0.88,169.5,0.9,70.11,0.91,128.0,0.1,70.11,0.09,128.0,0.11,323.3,0.12,169.5,0.01,0.01,2318.306185,1776207761000
1776207762.435,162.435,0.89,313.3,0.88,169.5,0.9,70.11,0.91,123.0,0.1,70.11,0.09,128.0,0.11,323.3,0.12,169.5,0.01,0.01,2318.306185,1776207761000
1776207763.218,163.218,0.89,314.3,0.88,163.5,0.9,1.19,0.91,127.0,0.1,70.11,0.09,123.0,0.11,313.3,0.12,169.5,0.01,0.01,2318.306185,1776207761000
1776207764.109,164.109,0.89,314.3,0.88,163.5,0.9,1.19,0.91,127.0,0.1,1.19,0.09,127.0,0.11,314.3,0.12,163.5,0.01,0.01,2318.492545,1776207763000
1776207764.453,164.453,0.9,234.5,0.89,233.3,0.91,106.15,0.92,132.9,0.1,1.19,0.09,127.0,0.11,314.3,0.12,163.5,0.01,0.01,2318.492545,1776207763000
1776207764.869,164.869,0.9,105.0,0.89,114.0,0.91,105.87,0.92,115.9,0.09,106.15,0.08,132.9,0.1,234.5,0.11,233.3,0.01,0.01,2318.492545,1776207763000
1776207765.092,165.092,0.9,71.0,0.89,124.0,0.91,83.87,0.92,115.9,0.09,105.87,0.08,115.9,0.1,105.0,0.11,114.0,0.01,0.01,2318.51981,1776207764000
1776207765.83,165.83,0.9,224.32,0.89,73.5,0.91,26.51,0.92,125.9,0.09,83.87,0.08,115.9,0.1,71.0,0.11,124.0,0.01,0.01,2318.51981,1776207764000
1776207766.067,166.067,0.9,204.32,0.89,73.5,0.91,21.23,0.92,125.9,0.09,21.23,0.08,125.9,0.1,224.32,0.11,73.5,0.01,0.01,2318.51981,1776207764000
1776207767.127,167.127,0.91,252.95,0.9,103.5,0.92,10.0,0.93,155.3,0.09,21.23,0.08,125.9,0.1,204.32,0.11,73.5,0.01,0.01,2318.533205,1776207765000
1776207768.143,168.143,0.91,267.95,0.9,120.5,0.93,53.68,0.94,261.8,0.08,10.0,0.07,155.3,0.09,252.95,0.1,103.5,0.02,0.01,2318.37032,1776207766000
1776207769.376,169.376,0.91,267.95,0.9,120.5,0.93,53.68,0.94,261.8,0.07,53.68,0.06,261.8,0.09,267.95,0.1,120.5,0.02,0.02,2318.67786,1776207768000
1776207769.631,169.631,0.9,61.5,0.89,80.5,0.91,2.95,0.92,107.0,0.07,53.68,0.06,261.8,0.09,267.95,0.1,120.5,0.01,0.02,2318.67786,1776207768000
1776207769.837,169.837,0.9,61.5,0.89,80.5,0.91,2.95,0.92,107.0,0.09,2.95,0.08,107.0,0.1,61.5,0.11,80.5,0.01,0.01,2318.736713,1776207769000
1776207770.863,170.863,0.9,122.81,0.89,77.5,0.91,23.78,0.92,155.9,0.09,5.78,0.08,107.0,0.1,66.5,0.11,85.5,0.01,0.01,2318.736713,1776207769000
1776207771.28,171.28,0.9,117.81,0.89,77.5,0.91,35.83,0.92,155.9,0.09,23.78,0.08,155.9,0.1,122.81,0.11,77.5,0.01,0.01,2318.736713,1776207769000
1776207772.17,172.17,0.9,56.0,0.89,77.5,0.91,64.78,0.92,118.9,0.09,35.83,0.08,155.9,0.1,117.81,0.11,77.5,0.01,0.01,2318.588885,1776207770000
1776207772.386,172.386,0.9,56.0,0.89,77.5,0.91,64.78,0.92,118.9,0.09,64.78,0.08,118.9,0.1,56.0,0.11,77.5,0.01,0.01,2318.53792,1776207771000
1776207772.66,172.66,0.9,45.0,0.89,82.5,0.91,76.9,0.92,118.9,0.09,64.78,0.08,118.9,0.1,56.0,0.11,77.5,0.01,0.01,2318.53792,1776207771000
1776207772.99,172.99,0.9,45.0,0.89,82.5,0.91,76.9,0.92,118.9,0.09,76.9,0.08,118.9,0.1,45.0,0.11,82.5,0.01,0.01,2318.455965,1776207772000
1776207773.932,173.932,0.9,5.0,0.89,60.5,0.91,119.0,0.92,109.9,0.09,76.9,0.08,118.9,0.1,45.0,0.11,82.5,0.01,0.01,2318.455965,1776207772000
1776207774.262,174.262,0.9,5.0,0.89,60.5,0.91,119.0,0.92,109.9,0.09,119.0,0.08,109.9,0.1,5.0,0.11,60.5,0.01,0.01,2318.368055,1776207773000
1776207775.09,175.09,0.9,55.0,0.89,65.5,0.91,89.3,0.92,109.9,0.09,89.3,0.08,109.9,0.1,55.0,0.11,65.5,0.01,0.01,2318.363675,1776207774000
1776207775.97,175.97,0.91,145.5,0.9,149.14,0.92,6.73,0.93,115.3,0.08,44.65,0.07,90.3,0.09,184.5,0.1,144.5,0.01,0.01,2318.363675,1776207774000
1776207776.353,176.353,0.91,144.37,0.9,105.5,0.92,6.73,0.93,115.3,0.08,6.73,0.07,115.3,0.09,144.37,0.1,105.5,0.01,0.01,2318.36454,1776207775000
1776207777.1,177.1,0.91,144.37,0.9,105.5,0.92,3.59,0.93,104.3,0.08,6.73,0.07,115.3,0.09,144.37,0.1,105.5,0.01,0.01,2318.36454,1776207775000
1776207778.521,178.521,0.91,144.37,0.9,105.5,0.92,3.59,0.93,104.3,0.08,3.59,0.07,104.3,0.09,144.37,0.1,105.5,0.01,0.01,2318.58706,1776207777000
1776207778.82,178.82,0.92,17.48,0.91,183.37,0.93,89.3,0.94,247.8,0.08,3.59,0.07,104.3,0.09,144.37,0.1,105.5,0.01,0.01,2318.58706,1776207777000
1776207779.443,179.443,0.92,17.48,0.91,183.37,0.93,89.3,0.94,247.8,0.07,89.3,0.06,247.8,0.08,17.48,0.09,183.37,0.01,0.01,2318.586074,1776207778000
1776207780.58,180.58,0.92,17.48,0.91,183.37,0.93,89.3,0.94,247.8,0.07,89.3,0.06,247.8,0.08,17.48,0.09,183.37,0.01,0.01,2318.57509,1776207779000
1776207780.81,180.81,0.92,136.98,0.91,131.5,0.94,252.41,0.95,251.8,0.07,89.3,0.06,247.8,0.08,17.48,0.09,183.37,0.02,0.01,2318.57509,1776207779000
1776207781.375,181.375,0.92,155.98,0.91,120.5,0.93,23.34,0.94,262.41,0.06,252.41,0.05,251.8,0.08,136.98,0.09,131.5,0.01,0.02,2318.57509,1776207779000
1776207782.181,182.181,0.92,155.98,0.91,120.5,0.93,6.77,0.94,262.41,0.07,6.77,0.06,262.41,0.08,155.98,0.09,120.5,0.01,0.01,2318.592865,1776207781000
1776207783.563,183.563,0.92,155.98,0.91,120.5,0.93,6.77,0.94,262.41,0.07,6.77,0.06,262.41,0.08,155.98,0.09,120.5,0.01,0.01,2318.598524,1776207782000
1776207784.453,184.453,0.93,107.08,0.92,93.98,0.94,252.24,0.95,216.8,0.07,6.77,0.06,262.41,0.08,155.98,0.09,120.5,0.01,0.01,2318.598524,1776207782000
1776207784.681,184.681,0.93,107.08,0.92,93.98,0.94,291.62,0.95,216.8,0.06,291.62,0.05,216.8,0.07,107.08,0.08,93.98,0.01,0.01,2318.583725,1776207783000
1776207785.716,185.716,0.93,107.08,0.92,93.98,0.94,291.62,0.95,216.8,0.06,291.62,0.05,216.8,0.07,107.08,0.08,93.98,0.01,0.01,2318.58436,1776207784000
1776207786.373,186.373,0.93,107.08,0.92,93.98,0.94,291.62,0.95,216.8,0.06,291.62,0.05,216.8,0.07,107.08,0.08,93.98,0.01,0.01,2318.604205,1776207785000
1776207787.19,187.19,0.93,107.08,0.92,93.98,0.94,291.62,0.95,216.8,0.06,291.62,0.05,216.8,0.07,107.08,0.08,93.98,0.01,0.01,2318.5973,1776207786000
1776207787.4,187.4,0.9,80.69,0.89,35.5,0.93,10.0,0.94,131.83,0.07,10.0,0.06,142.19,0.09,35.0,0.1,88.88,0.03,0.02,2318.5973,1776207786000
1776207788.727,188.727,0.9,80.69,0.89,35.5,0.93,10.0,0.94,131.83,0.07,10.0,0.06,131.83,0.1,80.69,0.11,35.5,0.03,0.03,2318.549175,1776207787000
1776207789.752,189.752,0.9,80.69,0.89,35.5,0.93,10.0,0.94,131.83,0.07,10.0,0.06,131.83,0.1,80.69,0.11,35.5,0.03,0.03,2318.459455,1776207788000
1776207790.309,190.309,0.9,80.69,0.89,35.5,0.93,10.0,0.94,131.83,0.07,10.0,0.06,131.83,0.1,80.69,0.11,35.5,0.03,0.03,2318.342559,1776207789000
1776207790.861,190.861,0.9,80.69,0.89,35.5,0.93,10.0,0.94,131.83,0.07,10.0,0.06,131.83,0.1,80.69,0.11,35.5,0.03,0.03,2318.317155,1776207790000
1776207791.797,191.797,0.93,17.64,0.91,358.67,0.94,110.0,0.95,172.8,0.07,10.0,0.06,131.83,0.1,80.69,0.11,35.5,0.01,0.03,2318.317155,1776207790000
1776207792.341,192.341,0.93,161.14,0.92,102.23,0.95,45.0,0.96,175.0,0.06,110.0,0.05,172.8,0.07,17.64,0.09,358.67,0.02,0.01,2318.338642,1776207791000
1776207793.087,193.087,0.94,58.0,0.93,119.14,0.95,34.52,0.96,175.0,0.05,45.0,0.04,175.0,0.07,161.14,0.08,102.23,0.01,0.02,2318.338642,1776207791000
1776207793.91,193.91,0.94,143.65,0.93,103.14,0.96,174.42,0.97,554.38,0.05,19.42,0.04,175.0,0.06,110.5,0.07,108.14,0.02,0.01,2318.337782,1776207792000
1776207794.147,194.147,0.94,143.65,0.93,103.14,0.96,174.42,0.97,554.38,0.04,174.42,0.03,554.38,0.06,143.65,0.07,103.14,0.02,0.02,2318.63344,1776207793000
1776207794.549,194.549,0.94,143.65,0.93,103.14,0.95,8.94,0.96,199.67,0.04,174.42,0.03,554.38,0.06,143.65,0.07,103.14,0.01,0.02,2318.63344,1776207793000
1776207795.248,195.248,0.94,143.65,0.93,103.14,0.95,8.94,0.96,199.67,0.05,8.94,0.04,199.67,0.06,143.65,0.07,103.14,0.01,0.01,2318.784436,1776207794000
1776207796.044,196.044,0.94,5.0,0.93,71.06,0.95,150.81,0.96,262.67,0.05,8.94,0.04,199.67,0.06,143.65,0.07,103.14,0.01,0.01,2318.784436,1776207794000
1776207796.296,196.296,0.93,72.87,0.92,92.89,0.94,15.0,0.95,130.81,0.06,15.0,0.05,130.81,0.07,72.87,0.08,92.89,0.01,0.01,2318.90356,1776207795000
1776207796.618,196.618,0.93,3.07,0.92,92.89,0.94,127.0,0.95,155.81,0.06,27.0,0.05,130.81,0.07,62.37,0.08,92.89,0.01,0.01,2318.90356,1776207795000
1776207796.85,196.85,0.93,3.07,0.92,92.89,0.94,127.0,0.95,155.81,0.06,127.0,0.05,155.81,0.07,3.07,0.08,92.89,0.01,0.01,2318.89969,1776207796000
1776207797.182,197.182,0.93,67.02,0.92,111.96,0.94,217.93,0.95,181.61,0.06,163.8,0.05,181.61,0.08,111.96,0.09,95.5,0.01,0.02,2318.89969,1776207796000
1776207797.782,197.782,0.93,67.02,0.92,111.96,0.94,217.93,0.95,181.61,0.06,217.93,0.05,181.61,0.07,67.02,0.08,111.96,0.01,0.01,2318.456957,1776207797000
1776207798.094,198.094,0.94,42.5,0.93,284.87,0.96,134.42,0.97,1208.38,0.06,217.93,0.05,181.61,0.07,67.02,0.08,111.96,0.02,0.01,2318.456957,1776207797000
1776207799.072,199.072,0.94,42.5,0.93,284.87,0.96,134.42,0.97,1208.38,0.04,134.42,0.03,1208.38,0.06,42.5,0.07,284.87,0.02,0.02,2318.522006,1776207798000
1776207800.005,200.005,0.95,61.1,0.94,10.5,0.96,54.42,0.97,654.38,0.04,134.42,0.03,1208.38,0.06,42.5,0.07,284.87,0.01,0.02,2318.522006,1776207798000
1776207800.39,200.39,0.96,20.58,0.95,124.1,0.97,654.38,0.98,586.7,0.04,54.42,0.03,654.38,0.05,61.1,0.06,10.5,0.01,0.01,2318.94975,1776207799000
1776207801.023,201.023,0.96,20.58,0.95,124.1,0.97,654.38,0.98,586.7,0.03,654.38,0.02,586.7,0.04,20.58,0.05,124.1,0.01,0.01,2318.958567,1776207800000
1776207801.519,201.519,0.95,71.56,0.94,89.3,0.96,4.0,0.97,688.04,0.03,688.04,0.02,586.7,0.05,66.56,0.06,79.3,0.01,0.02,2318.958567,1776207800000
1776207801.777,201.777,0.95,111.79,0.94,89.3,0.96,2.95,0.97,653.36,0.04,4.0,0.03,688.04,0.05,71.56,0.06,89.3,0.01,0.01,2318.958567,1776207800000
1776207802.039,202.039,0.95,108.7,0.94,89.3,0.97,644.03,0.98,592.7,0.03,644.03,0.02,592.7,0.05,108.7,0.06,89.3,0.02,0.02,2319.06807,1776207801000
1776207802.589,202.589,0.96,25.5,0.95,118.7,0.97,496.88,0.98,631.7,0.03,503.88,0.02,598.7,0.04,15.5,0.05,118.7,0.01,0.01,2319.06807,1776207801000
1776207803.009,203.009,0.96,5.0,0.95,74.7,0.97,620.58,0.98,603.7,0.03,496.88,0.02,631.7,0.04,25.5,0.05,118.7,0.01,0.01,2319.06807,1776207801000
1776207803.535,203.535,0.95,74.7,0.94,124.3,0.97,620.58,0.98,603.7,0.03,620.58,0.02,603.7,0.05,74.7,0.06,124.3,0.02,0.02,2319.12922,1776207802000
1776207804.174,204.174,0.95,118.7,0.94,116.3,0.96,10.0,0.97,620.58,0.03,620.58,0.02,603.7,0.05,74.7,0.06,124.3,0.01,0.02,2319.12922,1776207802000
1776207804.409,204.409,0.95,228.69,0.94,116.3,0.97,463.22,0.98,816.7,0.04,10.0,0.03,620.58,0.05,118.7,0.06,116.3,0.02,0.01,2319.130205,1776207803000
1776207805.361,205.361,0.95,228.69,0.94,116.3,0.97,463.22,0.98,816.7,0.03,463.22,0.02,816.7,0.05,228.69,0.06,116.3,0.02,0.02,2319.0119,1776207804000
1776207806.038,206.038,0.95,228.69,0.94,116.3,0.97,463.22,0.98,816.7,0.03,463.22,0.02,816.7,0.05,228.69,0.06,116.3,0.02,0.02,2319.035785,1776207805000
1776207806.814,206.814,0.96,270.03,0.95,67.23,0.97,353.22,0.98,792.7,0.03,463.22,0.02,816.7,0.05,228.69,0.06,116.3,0.01,0.02,2319.035785,1776207805000
1776207807.273,207.273,0.96,212.5,0.95,86.23,0.97,344.18,0.98,609.0,0.03,344.18,0.02,609.0,0.04,212.5,0.05,86.23,0.01,0.01,2319.08862,1776207806000
1776207808.313,208.313,0.96,253.97,0.95,162.03,0.97,376.64,0.98,609.0,0.03,376.64,0.02,609.0,0.04,253.97,0.05,162.03,0.01,0.01,2319.113455,1776207807000
1776207808.961,208.961,0.96,253.97,0.95,162.03,0.97,376.64,0.98,609.0,0.03,376.64,0.02,609.0,0.04,253.97,0.05,162.03,0.01,0.01,2319.18446,1776207808000
1776207809.325,209.325,0.96,314.2,0.95,191.38,0.97,366.64,0.98,747.0,0.03,376.64,0.02,609.0,0.04,253.97,0.05,162.03,0.01,0.01,2319.18446,1776207808000
1776207810.129,210.129,0.96,314.2,0.95,191.38,0.97,366.64,0.98,747.0,0.03,366.64,0.02,747.0,0.04,314.2,0.05,191.38,0.01,0.01,2319.336117,1776207809000
1776207810.521,210.521,0.96,35.5,0.95,203.43,0.97,346.02,0.98,993.71,0.03,366.64,0.02,747.0,0.04,314.2,0.05,191.38,0.01,0.01,2319.336117,1776207809000
1776207811.162,211.162,0.96,35.5,0.95,153.27,0.97,342.95,0.98,993.71,0.03,342.95,0.02,993.71,0.04,35.5,0.05,153.27,0.01,0.01,2319.359215,1776207810000
1776207811.412,211.412,0.96,257.33,0.95,146.27,0.97,232.09,0.98,515.0,0.03,293.09,0.02,515.0,0.04,247.33,0.05,146.27,0.01,0.01,2319.359215,1776207810000
1776207812.097,212.097,0.96,220.2,0.95,177.27,0.97,253.75,0.98,515.0,0.03,232.09,0.02,515.0,0.04,257.33,0.05,146.27,0.01,0.01,2319.359215,1776207810000
1776207812.314,212.314,0.96,220.2,0.95,177.27,0.97,253.75,0.98,515.0,0.03,253.75,0.02,515.0,0.04,220.2,0.05,177.27,0.01,0.01,2319.265932,1776207811000
1776207813.397,213.397,0.96,393.96,0.95,182.27,0.97,178.75,0.98,515.0,0.03,178.75,0.02,515.0,0.04,393.96,0.05,182.27,0.01,0.01,2319.40301,1776207812000
1776207813.939,213.939,0.96,393.96,0.95,182.27,0.97,178.75,0.98,515.0,0.03,178.75,0.02,515.0,0.04,393.96,0.05,182.27,0.01,0.01,2319.404758,1776207813000
1776207814.736,214.736,0.96,361.96,0.95,182.27,0.97,144.67,0.98,509.0,0.03,178.75,0.02,515.0,0.04,393.96,0.05,182.27,0.01,0.01,2319.404758,1776207813000
1776207815.075,215.075,0.96,361.96,0.95,182.27,0.97,144.67,0.98,509.0,0.03,144.67,0.02,509.0,0.04,361.96,0.05,182.27,0.01,0.01,2319.559725,1776207814000
1776207815.671,215.671,0.96,374.96,0.95,182.27,0.97,100.7,0.98,509.0,0.03,144.67,0.02,509.0,0.04,361.96,0.05,182.27,0.01,0.01,2319.559725,1776207814000
1776207815.914,215.914,0.96,355.96,0.95,182.27,0.97,7.92,0.98,509.0,0.03,8.96,0.02,509.0,0.04,355.96,0.05,182.27,0.01,0.01,2319.559725,1776207814000
1776207816.214,216.214,0.96,355.96,0.95,182.27,0.98,509.0,0.99,2406.54,0.02,509.0,0.01,2406.54,0.04,355.96,0.05,182.27,0.02,0.02,2319.540874,1776207815000
1776207817.101,217.101,0.97,286.2,0.96,340.96,0.98,534.44,0.99,2406.54,0.02,539.5,0.01,2406.54,0.03,260.7,0.04,325.96,0.01,0.01,2319.540874,1776207815000
1776207817.378,217.378,0.97,286.2,0.96,340.96,0.98,534.44,0.99,2406.54,0.02,534.44,0.01,2406.54,0.03,286.2,0.04,340.96,0.01,0.01,2319.53455,1776207816000
1776207817.843,217.843,0.97,265.55,0.96,294.8,0.98,534.44,0.99,2412.54,0.02,534.44,0.01,2406.54,0.03,286.2,0.04,340.96,0.01,0.01,2319.53455,1776207816000
1776207818.702,218.702,0.97,265.55,0.96,294.8,0.98,534.44,0.99,2412.54,0.02,534.44,0.01,2412.54,0.03,265.55,0.04,294.8,0.01,0.01,2319.547362,1776207817000
1776207819.316,219.316,0.97,265.55,0.96,294.8,0.98,534.44,0.99,2412.54,0.02,534.44,0.01,2412.54,0.03,265.55,0.04,294.8,0.01,0.01,2319.546312,1776207818000
1776207819.595,219.595,0.97,179.2,0.96,343.03,0.98,532.38,0.99,2295.54,0.02,533.41,0.01,2295.54,0.03,280.55,0.04,343.03,0.01,0.01,2319.546312,1776207818000
1776207819.86,219.86,0.97,184.2,0.96,343.03,0.98,529.29,0.99,2295.54,0.02,530.32,0.01,2295.54,0.03,179.2,0.04,343.03,0.01,0.01,2319.546312,1776207818000
1776207820.069,220.069,0.97,184.2,0.96,343.03,0.98,524.14,0.99,2295.54,0.02,525.17,0.01,2295.54,0.03,184.2,0.04,343.03,0.01,0.01,2319.54284,1776207819000
1776207820.315,220.315,0.97,143.7,0.96,317.03,0.98,108.06,0.99,1970.53,0.02,524.14,0.01,2295.54,0.03,184.2,0.04,343.03,0.01,0.01,2319.54284,1776207819000
1776207821.178,221.178,0.97,143.7,0.96,317.03,0.98,108.06,0.99,1970.53,0.02,108.06,0.01,1970.53,0.03,143.7,0.04,317.03,0.01,0.01,2319.563988,1776207820000
1776207822.3,222.3,0.97,143.7,0.96,317.03,0.98,108.06,0.99,1970.53,0.02,108.06,0.01,1970.53,0.03,143.7,0.04,317.03,0.01,0.01,2319.337279,1776207821000
1776207822.848,222.848,0.97,143.7,0.96,317.03,0.98,108.06,0.99,1970.53,0.02,108.06,0.01,1970.53,0.03,143.7,0.04,317.03,0.01,0.01,2319.322815,1776207822000
1776207824.07,224.07,0.97,143.7,0.96,317.03,0.98,108.06,0.99,1970.53,0.02,108.06,0.01,1970.53,0.03,143.7,0.04,317.03,0.01,0.01,2319.21665,1776207823000
1776207825.182,225.182,0.97,143.7,0.96,317.03,0.98,108.06,0.99,1970.53,0.02,108.06,0.01,1970.53,0.03,143.7,0.04,317.03,0.01,0.01,2319.124636,1776207824000
1776207826.142,226.142,0.97,143.7,0.96,317.03,0.98,108.06,0.99,1970.53,0.02,108.06,0.01,1970.53,0.03,143.7,0.04,317.03,0.01,0.01,2319.080813,1776207825000
1776207827.099,227.099,0.97,77.81,0.96,177.2,0.98,70.0,0.99,2859.14,0.02,108.06,0.01,1970.53,0.03,143.7,0.04,317.03,0.01,0.01,2319.080813,1776207825000
1776207827.52,227.52,0.97,77.81,0.96,177.2,0.98,70.0,0.99,2859.14,0.02,70.0,0.01,2859.14,0.03,77.81,0.04,177.2,0.01,0.01,2318.991357,1776207826000
1776207828.147,228.147,0.97,77.81,0.96,177.2,0.98,70.0,0.99,2859.14,0.02,70.0,0.01,2859.14,0.03,77.81,0.04,177.2,0.01,0.01,2319.132845,1776207827000
1776207829.51,229.51,0.97,77.81,0.96,177.2,0.98,70.0,0.99,2859.14,0.02,70.0,0.01,2859.14,0.03,77.81,0.04,177.2,0.01,0.01,2319.14606,1776207828000
1776207829.913,229.913,0.98,35.0,0.97,150.31,0.99,3097.14,,,0.02,70.0,0.01,2859.14,0.03,77.81,0.04,177.2,0.01,0.01,2319.14606,1776207828000
1776207830.155,230.155,0.98,35.0,0.97,150.31,0.99,3097.14,,,0.01,3097.14,,,0.02,35.0,0.03,150.31,0.01,0.01,2319.16589,1776207829000
1776207830.791,230.791,0.98,252.0,0.97,135.31,0.99,3143.09,,,0.01,3097.14,,,0.02,35.0,0.03,150.31,0.01,0.01,2319.16589,1776207829000
1776207831.309,231.309,0.98,256.4,0.97,140.31,0.99,3143.09,,,0.01,3143.09,,,0.02,252.0,0.03,135.31,0.01,0.01,2319.16589,1776207829000
1776207831.88,231.88,0.98,256.4,0.97,140.31,0.99,3143.09,,,0.01,3143.09,,,0.02,256.4,0.03,140.31,0.01,0.01,2319.14752,1776207831000
1776207832.949,232.949,0.98,256.4,0.97,140.31,0.99,3143.09,,,0.01,3143.09,,,0.02,256.4,0.03,140.31,0.01,0.01,2319.083315,1776207832000
1776207833.201,233.201,0.98,256.4,0.97,159.31,0.99,2917.09,,,0.01,3143.09,,,0.02,256.4,0.03,140.31,0.01,0.01,2319.083315,1776207832000
1776207834.802,234.802,0.98,256.4,0.97,159.31,0.99,2917.09,,,0.01,2917.09,,,0.02,256.4,0.03,159.31,0.01,0.01,2319.067574,1776207833000
1776207835.363,235.363,0.98,256.4,0.97,159.31,0.99,2917.09,,,0.01,2917.09,,,0.02,256.4,0.03,159.31,0.01,0.01,2319.065629,1776207834000
1776207836.107,236.107,0.98,256.4,0.97,159.31,0.99,2917.09,,,0.01,2917.09,,,0.02,256.4,0.03,159.31,0.01,0.01,2319.049428,1776207835000
1776207837.116,237.116,0.98,256.4,0.97,159.31,0.99,2917.09,,,0.01,2917.09,,,0.02,256.4,0.03,159.31,0.01,0.01,2319.009825,1776207836000
1776207838.147,238.147,0.98,256.4,0.97,159.31,0.99,2917.09,,,0.01,2917.09,,,0.02,256.4,0.03,159.31,0.01,0.01,2319.00529,1776207837000
1776207839.171,239.171,0.98,256.4,0.97,159.31,0.99,2917.09,,,0.01,2917.09,,,0.02,256.4,0.03,159.31,0.01,0.01,2319.00587,1776207838000
1776207839.871,239.871,0.98,154.4,0.97,293.51,0.99,2474.98,,,0.01,2479.98,,,0.02,154.4,0.03,293.51,0.01,0.01,2319.00587,1776207838000
1776207840.237,240.237,0.98,154.4,0.97,293.51,0.99,2474.98,,,0.01,2474.98,,,0.02,154.4,0.03,293.51,0.01,0.01,2318.963278,1776207839000
1776207840.572,240.572,0.98,54.4,0.97,183.01,0.99,2470.98,,,0.01,2474.98,,,0.02,154.4,0.03,293.51,0.01,0.01,2318.963278,1776207839000
1776207840.905,240.905,0.98,54.4,0.97,190.01,0.99,2791.98,,,0.01,2345.97,,,0.02,54.4,0.03,183.01,0.01,0.01,2318.963278,1776207839000
1776207841.224,241.224,0.98,70.4,0.97,224.01,0.99,2736.94,,,0.01,2786.98,,,0.02,54.4,0.03,190.01,0.01,0.01,2318.963278,1776207839000
1776207841.466,241.466,0.98,70.4,0.97,219.01,0.99,2713.82,,,0.01,2718.82,,,0.02,70.4,0.03,219.01,0.01,0.01,2318.962371,1776207840000
1776207842.473,242.473,0.98,140.6,0.97,185.22,0.99,2708.84,,,0.01,2713.82,,,0.02,70.4,0.03,219.01,0.01,0.01,2318.962371,1776207840000
1776207843.033,243.033,0.98,140.6,0.97,185.22,0.99,2707.82,,,0.01,2707.82,,,0.02,140.6,0.03,185.22,0.01,0.01,2319.02031,1776207842000
1776207844.352,244.352,0.98,140.6,0.97,185.22,0.99,2707.82,,,0.01,2707.82,,,0.02,140.6,0.03,185.22,0.01,0.01,2319.048795,1776207843000
1776207844.62,244.62,0.98,250.32,0.97,355.35,0.99,2655.82,,,0.01,2707.82,,,0.02,140.6,0.03,185.22,0.01,0.01,2319.048795,1776207843000
1776207844.893,244.893,0.98,250.32,0.97,355.35,0.99,2655.82,,,0.01,2655.82,,,0.02,250.32,0.03,355.35,0.01,0.01,2319.03016,1776207844000
1776207845.661,245.661,0.98,239.32,0.97,355.35,0.99,2625.8,,,0.01,2655.82,,,0.02,250.32,0.03,355.35,0.01,0.01,2319.03016,1776207844000
1776207845.914,245.914,0.98,239.32,0.97,355.35,0.99,2625.8,,,0.01,2625.8,,,0.02,239.32,0.03,355.35,0.01,0.01,2318.993808,1776207845000
1776207847.027,247.027,0.98,239.32,0.97,355.35,0.99,2625.8,,,0.01,2625.8,,,0.02,239.32,0.03,355.35,0.01,0.01,2319.046535,1776207846000
1776207847.684,247.684,0.98,229.32,0.97,234.91,0.99,2256.09,,,0.01,2625.8,,,0.02,239.32,0.03,355.35,0.01,0.01,2319.046535,1776207846000
1776207848.028,248.028,0.98,229.32,0.97,234.91,0.99,2256.09,,,0.01,2256.09,,,0.02,229.32,0.03,234.91,0.01,0.01,2319.003685,1776207847000
1776207848.485,248.485,0.98,229.32,0.97,234.91,0.99,2255.07,,,0.01,2256.09,,,0.02,229.32,0.03,234.91,0.01,0.01,2319.003685,1776207847000
1776207849.708,249.708,0.98,234.32,0.97,234.91,0.99,2250.99,,,0.01,2250.99,,,0.02,234.32,0.03,234.91,0.01,0.01,2319.00499,1776207848000
1776207850.337,250.337,0.98,234.32,0.97,234.91,0.99,2250.99,,,0.01,2250.99,,,0.02,234.32,0.03,234.91,0.01,0.01,2318.996092,1776207849000
1776207850.924,250.924,0.98,239.51,0.97,256.91,0.99,1527.99,,,0.01,2250.99,,,0.02,234.32,0.03,234.91,0.01,0.01,2318.996092,1776207849000
1776207851.232,251.232,0.98,262.51,0.97,232.91,0.99,1506.99,,,0.01,1527.99,,,0.02,239.51,0.03,256.91,0.01,0.01,2318.996092,1776207849000
1776207851.861,251.861,0.98,262.51,0.97,232.91,0.99,1506.99,,,0.01,1506.99,,,0.02,262.51,0.03,232.91,0.01,0.01,2318.997785,1776207850000
1776207852.561,252.561,0.98,262.51,0.97,232.91,0.99,1506.99,,,0.01,1506.99,,,0.02,262.51,0.03,232.91,0.01,0.01,2318.98204,1776207851000
1776207853.34,253.34,0.98,262.51,0.97,232.91,0.99,1506.99,,,0.01,1506.99,,,0.02,262.51,0.03,232.91,0.01,0.01,2318.982345,1776207852000
1776207854.36,254.36,0.98,300.27,0.97,215.9,0.99,1409.89,,,0.01,1506.99,,,0.02,262.51,0.03,232.91,0.01,0.01,2318.982345,1776207852000
1776207854.593,254.593,0.98,350.51,0.97,215.9,0.99,1358.89,,,0.01,1358.89,,,0.02,350.51,0.03,215.9,0.01,0.01,2318.99969,1776207853000
1776207855.226,255.226,0.98,518.88,0.97,215.9,0.99,1354.89,,,0.01,1354.89,,,0.02,518.88,0.03,215.9,0.01,0.01,2319.006695,1776207854000
1776207855.781,255.781,0.98,518.88,0.97,215.9,0.99,1335.05,,,0.01,1354.89,,,0.02,518.88,0.03,215.9,0.01,0.01,2319.006695,1776207854000
1776207856.307,256.307,0.98,466.88,0.97,227.9,0.99,1285.76,,,0.01,1314.05,,,0.02,503.88,0.03,215.9,0.01,0.01,2319.006695,1776207854000
1776207856.526,256.526,0.98,416.88,0.97,227.9,0.99,1285.76,,,0.01,1285.76,,,0.02,466.88,0.03,227.9,0.01,0.01,2319.006695,1776207854000
1776207857.088,257.088,0.98,416.88,0.97,227.9,0.99,1285.76,,,0.01,1285.76,,,0.02,416.88,0.03,227.9,0.01,0.01,2319.180967,1776207856000
1776207857.392,257.392,0.98,416.88,0.97,227.9,0.99,1161.1,,,0.01,1263.13,,,0.02,416.88,0.03,227.9,0.01,0.01,2319.180967,1776207856000
1776207857.825,257.825,0.98,426.88,0.97,227.9,0.99,1157.05,,,0.01,1159.07,,,0.02,416.88,0.03,227.9,0.01,0.01,2319.180967,1776207856000
1776207858.277,258.277,0.98,414.88,0.97,227.9,0.99,1153.51,,,0.01,1155.03,,,0.02,426.88,0.03,227.9,0.01,0.01,2319.180967,1776207856000
1776207859.029,259.029,0.98,414.88,0.97,227.9,0.99,1153.51,,,0.01,1153.51,,,0.02,414.88,0.03,227.9,0.01,0.01,2319.007405,1776207858000
1776207859.754,259.754,0.98,425.88,0.97,227.9,0.99,1113.1,,,0.01,1153.51,,,0.02,414.88,0.03,227.9,0.01,0.01,2319.007405,1776207858000
1776207860.12,260.12,0.98,425.88,0.97,227.9,0.99,1112.08,,,0.01,1113.1,,,0.02,425.88,0.03,227.9,0.01,0.01,2319.007405,1776207858000
1776207860.882,260.882,0.98,425.88,0.97,227.9,0.99,1112.08,,,0.01,1112.08,,,0.02,425.88,0.03,227.9,0.01,0.01,2319.05201,1776207860000
1776207861.788,261.788,0.98,430.88,0.97,216.9,0.99,1107.03,,,0.01,1112.08,,,0.02,425.88,0.03,227.9,0.01,0.01,2319.05201,1776207860000
1776207862.244,262.244,0.98,430.88,0.97,216.9,0.99,1107.03,,,0.01,1107.03,,,0.02,430.88,0.03,216.9,0.01,0.01,2318.955877,1776207861000
1776207862.536,262.536,0.98,425.88,0.97,214.9,0.99,1086.83,,,0.01,1107.03,,,0.02,430.88,0.03,216.9,0.01,0.01,2318.955877,1776207861000
1776207863.604,263.604,0.98,425.88,0.97,214.9,0.99,1086.83,,,0.01,1086.83,,,0.02,425.88,0.03,214.9,0.01,0.01,2318.998804,1776207862000
1776207863.813,263.813,0.99,1453.17,0.98,630.87,,,,,0.01,1071.83,,,0.02,545.87,0.03,209.67,,0.01,2318.998804,1776207862000
1776207864.154,264.154,0.99,1700.8,0.98,443.5,,,,,,,,,0.01,1453.17,0.02,630.87,,,2318.998804,1776207862000
1776207865.359,265.359,0.99,1700.8,0.98,443.5,,,,,,,,,0.01,1700.8,0.02,443.5,,,2319.012495,1776207864000
1776207866.321,266.321,0.99,1700.8,0.98,443.5,,,,,,,,,0.01,1700.8,0.02,443.5,,,2319.258145,1776207865000
1776207866.955,266.955,0.99,1700.8,0.98,443.5,,,,,,,,,0.01,1700.8,0.02,443.5,,,2319.316157,1776207866000
1776207867.843,267.843,0.99,1700.8,0.98,443.5,,,,,,,,,0.01,1700.8,0.02,443.5,,,2319.380415,1776207867000
1776207868.809,268.809,0.99,1700.8,0.98,443.5,,,,,,,,,0.01,1700.8,0.02,443.5,,,2319.609698,1776207868000
1776207870.34,270.34,0.99,1700.8,0.98,443.5,,,,,,,,,0.01,1700.8,0.02,443.5,,,2319.704376,1776207869000
1776207871.328,271.328,0.99,1700.8,0.98,443.5,,,,,,,,,0.01,1700.8,0.02,443.5,,,2319.708165,1776207870000
1776207872.7,272.7,0.99,1700.8,0.98,443.5,,,,,,,,,0.01,1700.8,0.02,443.5,,,2319.753899,1776207871000
1776207873.246,273.246,0.99,1700.8,0.98,443.5,,,,,,,,,0.01,1700.8,0.02,443.5,,,2319.708,1776207872000
1776207874.326,274.326,0.99,1700.8,0.98,443.5,,,,,,,,,0.01,1700.8,0.02,443.5,,,2319.686173,1776207873000
1776207874.901,274.901,0.99,1700.8,0.98,443.5,,,,,,,,,0.01,1700.8,0.02,443.5,,,2319.602709,1776207874000
1776207876.101,276.101,0.99,1700.8,0.98,443.5,,,,,,,,,0.01,1700.8,0.02,443.5,,,2319.600255,1776207875000
1776207877.255,277.255,0.99,1700.8,0.98,443.5,,,,,,,,,0.01,1700.8,0.02,443.5,,,2319.60747,1776207876000
1776207878.465,278.465,0.99,1700.8,0.98,443.5,,,,,,,,,0.01,1700.8,0.02,443.5,,,2319.62164,1776207877000
1776207878.971,278.971,0.99,1700.8,0.98,443.5,,,,,,,,,0.01,1700.8,0.02,443.5,,,2319.63855,1776207878000
1776207880.46,280.46,0.99,1700.8,0.98,443.5,,,,,,,,,0.01,1700.8,0.02,443.5,,,2319.69495,1776207879000
1776207880.676,280.676,0.99,8626.94,0.98,75.74,,,,,,,,,0.01,1700.8,0.02,443.5,,,2319.69495,1776207879000
1776207880.987,280.987,0.99,8626.94,0.98,75.74,,,,,,,,,0.01,8626.94,0.02,75.74,,,2319.686225,1776207880000
1776207882.081,282.081,0.99,8626.94,0.98,75.74,,,,,,,,,0.01,8626.94,0.02,75.74,,,2319.6959,1776207881000
1776207883.18,283.18,0.99,8626.94,0.98,75.74,,,,,,,,,0.01,8626.94,0.02,75.74,,,2319.70172,1776207882000
1776207884.246,284.246,0.99,8582.7,0.98,65.0,,,,,,,,,0.01,8626.94,0.02,75.74,,,2319.70172,1776207882000
1776207885.325,285.325,0.99,8582.7,0.98,65.0,,,,,,,,,0.01,8582.7,0.02,65.0,,,2319.500634,1776207884000
1776207886.422,286.422,0.99,8582.7,0.98,65.0,,,,,,,,,0.01,8582.7,0.02,65.0,,,2319.490884,1776207885000
1776207886.985,286.985,0.99,8582.7,0.98,65.0,,,,,,,,,0.01,8582.7,0.02,65.0,,,2319.498395,1776207886000
1776207888.008,288.008,0.99,8582.7,0.98,65.0,,,,,,,,,0.01,8582.7,0.02,65.0,,,2319.516038,1776207887000
1776207889.078,289.078,0.99,8582.7,0.98,65.0,,,,,,,,,0.01,8582.7,0.02,65.0,,,2319.574365,1776207888000
1776207890.205,290.205,0.99,8582.7,0.98,65.0,,,,,,,,,0.01,8582.7,0.02,65.0,,,2319.57401,1776207889000
1776207891.259,291.259,0.99,8582.7,0.98,65.0,,,,,,,,,0.01,8582.7,0.02,65.0,,,2319.6,1776207890000
1776207892.338,292.338,0.99,8582.7,0.98,65.0,,,,,,,,,0.01,8582.7,0.02,65.0,,,2319.65057,1776207891000
1776207892.887,292.887,0.99,8582.7,0.98,65.0,,,,,,,,,0.01,8582.7,0.02,65.0,,,2319.65155,1776207892000
1776207894.52,294.52,0.99,8582.7,0.98,65.0,,,,,,,,,0.01,8582.7,0.02,65.0,,,2320.010676,1776207893000
1776207894.928,294.928,0.99,8582.7,0.98,65.0,,,,,,,,,0.01,8582.7,0.02,65.0,,,2320.038165,1776207894000
1776207895.913,295.913,0.99,8582.7,0.98,65.0,,,,,,,,,0.01,8582.7,0.02,65.0,,,2320.163661,1776207895000
1776207896.914,296.914,0.99,8582.7,0.98,65.0,,,,,,,,,0.01,8582.7,0.02,65.0,,,2320.25736,1776207896000
1776207897.967,297.967,0.99,8582.7,0.98,65.0,,,,,,,,,0.01,8582.7,0.02,65.0,,,2320.30006,1776207897000
1776207898.894,298.894,0.99,8582.7,0.98,65.0,,,,,,,,,0.01,8582.7,0.02,65.0,,,2320.300065,1776207898000
1776207899.94,299.94,0.99,8582.7,0.98,65.0,,,,,,,,,0.01,8582.7,0.02,65.0,,,2320.370608,1776207899000
1776207900.944,300.944,0.99,8582.7,0.98,65.0,,,,,,,,,0.01,8582.7,0.02,65.0,,,2320.293935,1776207900000
1776207901.914,301.914,0.99,8582.7,0.98,65.0,,,,,,,,,0.01,8582.7,0.02,65.0,,,2320.297161,1776207901000
1776207902.954,302.954,0.99,8582.7,0.98,65.0,,,,,,,,,0.01,8582.7,0.02,65.0,,,2320.360744,1776207902000

# RESULT,winner=Up,slug=eth-updown-5m-1776207600,ticks=493
