timestamp,elapsed_sec,up_bid_p1,up_bid_s1,up_bid_p2,up_bid_s2,up_ask_p1,up_ask_s1,up_ask_p2,up_ask_s2,down_bid_p1,down_bid_s1,down_bid_p2,down_bid_s2,down_ask_p1,down_ask_s1,down_ask_p2,down_ask_s2,up_spread,down_spread,eth_price,eth_oracle_ts
1776181501.514,1.514,,,,,,,,,,,,,,,,,,,2367.439365,1776181500000
1776181502.152,2.152,0.49,51.05,0.48,70.0,0.5,6.0,0.51,124.0,0.5,21.0,0.49,5.0,0.55,10.0,0.56,122.0,0.01,0.05,2367.38715,1776181501000
1776181502.516,2.516,0.44,54.07,0.43,101.0,0.48,26.0,0.49,35.8,0.54,5.0,0.52,26.0,0.56,40.21,0.57,101.0,0.04,0.02,2367.38715,1776181501000
1776181502.782,2.782,0.46,5.0,0.44,41.48,0.47,2.87,0.48,16.0,0.52,11.0,0.51,40.8,0.56,36.48,0.57,101.0,0.01,0.04,2367.38715,1776181501000
1776181503.441,3.441,0.46,15.83,0.45,10.0,0.47,2.87,0.48,16.0,0.53,2.87,0.52,16.0,0.54,5.0,0.56,41.48,0.01,0.01,2367.38715,1776181501000
1776181503.708,3.708,0.46,14.21,0.45,25.0,0.48,26.0,0.49,60.8,0.52,16.0,0.51,50.8,0.53,3.77,0.54,15.83,0.02,0.01,2367.31587,1776181502000
1776181504.006,4.006,0.46,14.21,0.45,25.0,0.48,26.0,0.49,60.8,0.52,26.0,0.51,60.8,0.54,14.21,0.55,25.0,0.02,0.02,2367.231055,1776181503000
1776181504.401,4.401,0.46,18.14,0.45,30.0,0.47,115.0,0.48,110.0,0.52,26.0,0.51,60.8,0.54,14.21,0.55,25.0,0.01,0.02,2367.231055,1776181503000
1776181505.167,5.167,0.43,112.0,0.42,110.0,0.44,19.01,0.47,115.0,0.53,115.0,0.52,110.0,0.54,18.14,0.55,30.0,0.01,0.01,2367.231055,1776181503000
1776181505.377,5.377,0.43,118.0,0.42,136.0,0.45,1.36,0.47,120.0,0.56,19.01,0.53,115.0,0.57,112.0,0.58,110.0,0.02,0.01,2367.274234,1776181504000
1776181506.468,6.468,0.43,118.0,0.42,136.0,0.45,1.36,0.47,120.0,0.55,1.36,0.53,120.0,0.57,118.0,0.58,136.0,0.02,0.02,2367.234351,1776181505000
1776181507.108,7.108,0.44,16.86,0.43,108.0,0.45,126.36,0.46,120.0,0.55,126.36,0.54,120.0,0.56,16.86,0.57,108.0,0.01,0.01,2367.223277,1776181506000
1776181508.364,8.364,0.44,15.0,0.43,113.0,0.45,110.08,0.46,160.0,0.55,120.86,0.54,120.0,0.56,15.0,0.57,113.0,0.01,0.01,2367.223277,1776181506000
1776181508.943,8.943,0.43,45.0,0.42,70.0,0.44,155.0,0.45,160.0,0.55,110.08,0.54,160.0,0.56,15.0,0.57,113.0,0.01,0.01,2367.161505,1776181507000
1776181509.163,9.163,0.42,70.0,0.41,75.0,0.44,165.0,0.45,171.0,0.56,170.0,0.55,171.0,0.57,20.0,0.58,70.0,0.02,0.01,2367.045678,1776181508000
1776181509.363,9.363,0.42,60.0,0.41,75.0,0.43,265.0,0.44,155.0,0.56,165.0,0.55,171.0,0.58,70.0,0.59,75.0,0.01,0.02,2367.045678,1776181508000
1776181509.651,9.651,0.42,13.41,0.41,75.0,0.43,750.0,0.44,168.0,0.57,270.0,0.56,168.0,0.58,16.0,0.59,75.0,0.01,0.01,2367.045678,1776181508000
1776181509.871,9.871,0.38,13.05,0.37,15.0,0.42,260.0,0.43,190.0,0.57,750.0,0.56,168.0,0.58,10.82,0.59,75.0,0.04,0.01,2367.045678,1776181508000
1776181510.095,10.095,0.4,21.06,0.39,10.0,0.41,615.0,0.42,150.0,0.58,254.32,0.57,190.0,0.6,10.0,0.61,10.0,0.01,0.02,2367.045678,1776181508000
1776181510.454,10.454,0.4,21.06,0.39,10.0,0.41,615.0,0.42,150.0,0.59,615.0,0.58,150.0,0.6,21.06,0.61,10.0,0.01,0.01,2366.942231,1776181509000
1776181510.689,10.689,0.39,114.86,0.38,45.05,0.4,5.0,0.41,615.0,0.59,610.0,0.58,30.0,0.61,119.86,0.62,45.05,0.01,0.02,2366.942231,1776181509000
1776181511.239,11.239,0.39,97.72,0.38,55.05,0.4,5.0,0.41,630.0,0.6,5.0,0.59,630.0,0.61,119.45,0.62,55.05,0.01,0.01,2366.942231,1776181509000
1776181511.491,11.491,0.39,110.91,0.38,60.05,0.4,5.0,0.41,635.0,0.6,5.0,0.59,635.0,0.61,110.91,0.62,60.05,0.01,0.01,2366.568054,1776181510000
1776181511.88,11.88,0.39,147.19,0.38,60.05,0.4,615.0,0.41,35.0,0.6,5.0,0.59,620.0,0.61,95.85,0.62,60.05,0.01,0.01,2366.568054,1776181510000
1776181512.096,12.096,0.39,112.0,0.38,50.05,0.4,655.0,0.41,35.0,0.6,615.0,0.59,35.0,0.61,147.19,0.62,60.05,0.01,0.01,2366.568054,1776181510000
1776181512.32,12.32,0.38,38.43,0.37,169.0,0.39,15.0,0.4,540.0,0.6,655.0,0.59,35.0,0.61,112.0,0.62,50.05,0.01,0.01,2366.4152,1776181511000
1776181512.551,12.551,0.38,25.65,0.37,169.0,0.39,15.0,0.4,540.0,0.61,20.0,0.6,540.0,0.62,36.65,0.63,169.0,0.01,0.01,2366.4152,1776181511000
1776181512.825,12.825,0.38,25.57,0.37,174.0,0.39,20.0,0.4,540.0,0.61,15.0,0.6,540.0,0.62,22.19,0.63,169.0,0.01,0.01,2366.4152,1776181511000
1776181513.073,13.073,0.38,20.57,0.37,174.0,0.39,15.0,0.4,540.0,0.61,20.0,0.6,540.0,0.62,25.57,0.63,174.0,0.01,0.01,2366.4152,1776181511000
1776181513.513,13.513,0.38,8.16,0.37,174.0,0.39,20.0,0.4,540.0,0.61,20.0,0.6,540.0,0.62,8.16,0.63,174.0,0.01,0.01,2366.372277,1776181512000
1776181513.74,13.74,0.38,1.28,0.37,5.0,0.44,16.63,0.45,15.0,0.61,20.0,0.6,540.0,0.62,1.28,0.63,174.0,0.06,0.01,2366.372277,1776181512000
1776181513.947,13.947,0.36,74.28,0.35,80.0,0.39,657.0,0.4,25.0,0.61,177.0,0.6,15.0,0.64,84.28,0.65,80.0,0.03,0.03,2366.372277,1776181512000
1776181514.159,14.159,0.36,49.28,0.35,90.0,0.37,15.0,0.38,495.0,0.61,627.0,0.6,25.0,0.64,74.28,0.65,80.0,0.01,0.03,2366.372277,1776181512000
1776181514.382,14.382,0.32,13.52,0.31,132.0,0.33,10.0,0.34,120.0,0.63,20.0,0.62,105.0,0.67,68.11,0.68,15.0,0.01,0.04,2366.327467,1776181513000
1776181514.738,14.738,0.32,126.1,0.31,616.0,0.33,158.6,0.34,250.0,0.67,105.0,0.66,250.0,0.68,126.1,0.69,610.0,0.01,0.01,2366.327467,1776181513000
1776181515.0,15.0,0.32,3.01,0.31,5.0,0.33,168.6,0.34,145.0,0.67,158.6,0.66,250.0,0.68,126.1,0.69,616.0,0.01,0.01,2366.327467,1776181513000
1776181515.426,15.426,0.32,11.01,0.31,132.0,0.33,112.36,0.34,240.0,0.67,885.6,0.66,145.0,0.68,1.01,0.69,15.0,0.01,0.01,2366.327467,1776181513000
1776181515.928,15.928,0.32,24.01,0.31,15.0,0.33,741.69,0.34,35.0,0.67,19.69,0.66,150.0,0.68,31.01,0.69,20.0,0.01,0.01,2366.136393,1776181514000
1776181516.158,16.158,0.32,24.01,0.31,15.0,0.33,741.69,0.34,35.0,0.67,741.69,0.66,35.0,0.68,24.01,0.69,15.0,0.01,0.01,2366.041076,1776181515000
1776181516.591,16.591,0.32,115.53,0.31,648.0,0.33,19.69,0.34,25.0,0.67,741.69,0.66,35.0,0.68,24.01,0.69,15.0,0.01,0.01,2366.041076,1776181515000
1776181517.361,17.361,0.32,42.98,0.31,51.0,0.33,619.69,0.34,25.0,0.67,19.69,0.66,25.0,0.68,119.05,0.69,648.0,0.01,0.01,2366.041076,1776181515000
1776181517.688,17.688,0.32,19.92,0.31,51.0,0.33,132.47,0.34,622.0,0.67,144.69,0.66,622.0,0.68,35.92,0.69,51.0,0.01,0.01,2365.557306,1776181516000
1776181518.03,18.03,0.32,41.42,0.31,51.0,0.33,232.0,0.34,480.0,0.67,119.0,0.66,597.0,0.68,19.92,0.69,51.0,0.01,0.01,2365.557306,1776181516000
1776181519.301,19.301,0.3,46.0,0.29,132.0,0.33,744.08,0.34,55.0,0.67,714.08,0.66,40.0,0.68,33.0,0.69,46.0,0.03,0.01,2365.475046,1776181517000
1776181519.509,19.509,0.3,46.0,0.29,132.0,0.32,85.0,0.33,744.08,0.67,744.08,0.66,55.0,0.7,46.0,0.71,132.0,0.02,0.03,2365.61093,1776181518000
1776181520.009,20.009,0.3,49.42,0.29,137.0,0.32,85.0,0.33,744.08,0.68,85.0,0.67,744.08,0.7,49.42,0.71,137.0,0.02,0.02,2365.502789,1776181519000
1776181520.353,20.353,0.29,1.0,0.28,15.0,0.31,762.0,0.32,40.0,0.68,85.0,0.67,744.08,0.7,49.42,0.71,137.0,0.02,0.02,2365.502789,1776181519000
1776181520.769,20.769,0.29,1.35,0.28,48.0,0.3,10.0,0.31,762.0,0.69,757.0,0.68,45.0,0.7,2.92,0.71,49.0,0.01,0.01,2365.502789,1776181519000
1776181521.274,21.274,0.28,18.05,0.27,651.0,0.3,150.0,0.31,642.0,0.7,150.0,0.69,642.0,0.72,18.05,0.73,651.0,0.02,0.02,2365.396303,1776181520000
1776181522.374,22.374,0.3,878.57,0.29,60.0,0.31,5.0,0.34,40.0,0.7,150.0,0.69,642.0,0.72,18.05,0.73,651.0,0.01,0.02,2365.396303,1776181520000
1776181522.992,22.992,0.33,15.14,0.32,68.0,0.34,756.0,0.35,40.0,0.66,144.0,0.65,637.0,0.67,17.0,0.68,87.0,0.01,0.01,2365.094885,1776181521000
1776181523.664,23.664,0.33,0.14,0.32,23.0,0.34,751.0,0.35,128.68,0.66,756.0,0.65,40.0,0.67,15.14,0.68,68.0,0.01,0.01,2365.058483,1776181522000
1776181524.144,24.144,0.31,17.0,0.3,22.0,0.32,76.87,0.33,187.0,0.66,751.0,0.65,128.68,0.67,0.14,0.68,23.0,0.01,0.01,2365.058483,1776181522000
1776181524.585,24.585,0.31,17.0,0.3,22.0,0.32,76.87,0.33,187.0,0.68,76.87,0.67,187.0,0.69,17.0,0.7,22.0,0.01,0.01,2365.283837,1776181523000
1776181525.227,25.227,0.31,17.0,0.3,22.0,0.32,76.87,0.33,187.0,0.68,76.87,0.67,187.0,0.69,17.0,0.7,22.0,0.01,0.01,2365.392123,1776181524000
1776181525.772,25.772,0.29,28.0,0.28,169.0,0.3,27.0,0.31,157.0,0.68,76.87,0.67,187.0,0.69,17.0,0.7,22.0,0.01,0.01,2365.392123,1776181524000
1776181526.029,26.029,0.29,168.0,0.28,167.0,0.3,12.0,0.31,637.0,0.7,27.0,0.69,157.0,0.71,28.0,0.72,169.0,0.01,0.01,2365.392123,1776181524000
1776181526.252,26.252,0.29,51.0,0.28,169.0,0.3,3.66,0.31,637.0,0.7,13.66,0.69,637.0,0.71,51.0,0.72,52.0,0.01,0.01,2365.392123,1776181524000
1776181526.718,26.718,0.31,81.0,0.3,59.0,0.32,19.0,0.33,637.0,0.69,15.0,0.68,46.0,0.7,172.71,0.71,643.0,0.01,0.01,2365.224926,1776181525000
1776181526.995,26.995,0.31,62.0,0.3,56.0,0.32,248.87,0.33,500.0,0.68,19.0,0.67,637.0,0.69,81.0,0.7,59.0,0.01,0.01,2365.224926,1776181525000
1776181527.497,27.497,0.31,22.5,0.3,49.0,0.32,728.87,0.33,20.0,0.68,248.87,0.67,500.0,0.69,62.0,0.7,56.0,0.01,0.01,2365.224926,1776181525000
1776181528.056,28.056,0.31,22.5,0.3,49.0,0.32,728.87,0.33,20.0,0.68,728.87,0.67,20.0,0.69,22.5,0.7,49.0,0.01,0.01,2365.088844,1776181527000
1776181528.27,28.27,0.29,44.59,0.28,47.0,0.31,632.0,0.32,40.0,0.68,728.87,0.67,20.0,0.69,22.5,0.7,49.0,0.02,0.01,2365.088844,1776181527000
1776181529.055,29.055,0.29,33.18,0.28,47.0,0.3,126.66,0.31,662.0,0.7,126.66,0.69,662.0,0.71,33.18,0.72,47.0,0.01,0.01,2365.193019,1776181528000
1776181530.065,30.065,0.28,635.0,0.27,651.0,0.32,198.56,0.33,40.0,0.68,198.56,0.67,40.0,0.72,635.0,0.73,651.0,0.04,0.04,2365.221027,1776181529000
1776181531.521,31.521,0.28,635.0,0.27,651.0,0.32,198.56,0.33,40.0,0.68,198.56,0.67,40.0,0.72,635.0,0.73,651.0,0.04,0.04,2365.214672,1776181530000
1776181531.892,31.892,0.31,49.0,0.3,65.0,0.32,810.22,0.33,20.0,0.68,198.56,0.67,40.0,0.72,635.0,0.73,651.0,0.01,0.04,2365.214672,1776181530000
1776181532.395,32.395,0.31,47.55,0.3,54.0,0.32,810.22,0.33,20.0,0.68,810.22,0.67,20.0,0.69,49.0,0.7,65.0,0.01,0.01,2365.278048,1776181531000
1776181532.74,32.74,0.31,36.85,0.3,54.0,0.32,748.73,0.33,99.34,0.68,810.22,0.67,20.0,0.69,47.55,0.7,54.0,0.01,0.01,2365.278048,1776181531000
1776181533.395,33.395,0.31,36.85,0.3,54.0,0.32,748.73,0.33,99.34,0.68,748.73,0.67,99.34,0.69,36.85,0.7,54.0,0.01,0.01,2365.28065,1776181532000
1776181534.347,34.347,0.37,15.0,0.35,10.0,0.38,15.0,0.39,505.0,0.68,748.73,0.67,99.34,0.69,36.85,0.7,54.0,0.01,0.01,2365.28065,1776181532000
1776181534.713,34.713,0.37,15.0,0.36,10.0,0.39,604.38,0.4,15.0,0.61,604.38,0.6,15.0,0.63,15.0,0.64,10.0,0.02,0.02,2365.2592,1776181533000
1776181535.392,35.392,0.37,15.0,0.35,10.0,0.38,848.47,0.39,33.38,0.61,604.38,0.6,15.0,0.63,15.0,0.64,10.0,0.01,0.02,2365.2592,1776181533000
1776181535.793,35.793,0.36,40.0,0.35,21.0,0.37,9.0,0.38,25.0,0.62,848.47,0.61,33.38,0.65,10.0,0.66,15.0,0.01,0.03,2365.30875,1776181534000
1776181536.029,36.029,0.35,25.44,0.34,141.0,0.37,11.52,0.38,37.0,0.63,9.0,0.62,25.0,0.64,40.0,0.65,21.0,0.02,0.01,2365.30875,1776181534000
1776181536.359,36.359,0.35,25.44,0.34,141.0,0.37,11.52,0.38,37.0,0.63,11.52,0.62,37.0,0.65,25.44,0.66,141.0,0.02,0.02,2365.806708,1776181535000
1776181536.629,36.629,0.37,40.47,0.36,147.0,0.38,5.0,0.39,154.38,0.62,15.0,0.61,154.38,0.63,30.47,0.64,142.0,0.01,0.01,2365.806708,1776181535000
1776181536.908,36.908,0.37,40.47,0.36,147.0,0.38,5.0,0.39,154.38,0.62,5.0,0.61,154.38,0.63,40.47,0.64,147.0,0.01,0.01,2365.879035,1776181536000
1776181537.476,37.476,0.39,48.0,0.38,196.0,0.4,28.52,0.41,158.0,0.62,5.0,0.61,154.38,0.63,40.47,0.64,147.0,0.01,0.01,2365.879035,1776181536000
1776181538.072,38.072,0.39,48.0,0.38,196.0,0.4,28.52,0.41,158.0,0.6,28.52,0.59,158.0,0.61,48.0,0.62,196.0,0.01,0.01,2366.030173,1776181537000
1776181538.317,38.317,0.39,756.0,0.38,130.0,0.4,61.84,0.41,41.0,0.6,79.34,0.59,15.0,0.61,271.0,0.62,610.0,0.01,0.01,2366.030173,1776181537000
1776181538.588,38.588,0.39,768.0,0.38,130.0,0.4,10.0,0.41,15.0,0.6,5.0,0.59,36.0,0.61,719.0,0.62,130.0,0.01,0.01,2366.030173,1776181537000
1776181539.044,39.044,0.39,759.13,0.38,130.0,0.41,15.0,0.42,252.0,0.6,10.0,0.59,15.0,0.61,649.13,0.62,245.0,0.02,0.01,2366.030173,1776181537000
1776181540.408,40.408,0.39,759.13,0.38,130.0,0.41,15.0,0.42,252.0,0.59,15.0,0.58,252.0,0.61,759.13,0.62,130.0,0.02,0.02,2366.43404,1776181539000
1776181541.156,41.156,0.42,5.0,0.41,811.0,0.43,20.0,0.44,15.0,0.59,15.0,0.58,252.0,0.61,759.13,0.62,130.0,0.01,0.02,2366.43404,1776181539000
1776181541.488,41.488,0.42,5.0,0.41,811.0,0.43,15.0,0.44,15.0,0.57,15.0,0.56,15.0,0.58,5.0,0.59,811.0,0.01,0.01,2366.590305,1776181540000
1776181542.055,42.055,0.42,675.0,0.41,186.0,0.43,15.0,0.44,15.0,0.57,15.0,0.56,15.0,0.58,675.0,0.59,186.0,0.01,0.01,2366.5498,1776181541000
1776181542.392,42.392,0.42,75.34,0.41,786.0,0.43,12.67,0.44,132.0,0.57,12.67,0.56,132.0,0.58,80.0,0.59,786.0,0.01,0.01,2366.5498,1776181541000
1776181543.148,43.148,0.42,75.34,0.41,786.0,0.43,12.67,0.44,132.0,0.57,12.67,0.56,132.0,0.58,75.34,0.59,786.0,0.01,0.01,2366.70057,1776181542000
1776181543.526,43.526,0.42,37.34,0.41,631.0,0.43,12.67,0.44,247.0,0.57,12.67,0.56,132.0,0.58,75.34,0.59,786.0,0.01,0.01,2366.70057,1776181542000
1776181543.965,43.965,0.42,37.34,0.41,631.0,0.43,12.67,0.44,247.0,0.57,12.67,0.56,247.0,0.58,37.34,0.59,631.0,0.01,0.01,2366.744576,1776181543000
1776181544.316,44.316,0.43,712.0,0.42,110.34,0.44,7.72,0.45,18.47,0.57,12.67,0.56,247.0,0.58,37.34,0.59,631.0,0.01,0.01,2366.744576,1776181543000
1776181544.685,44.685,0.43,801.0,0.42,75.34,0.45,16.24,0.46,104.28,0.55,18.47,0.54,104.28,0.57,761.0,0.58,80.34,0.02,0.02,2366.744576,1776181543000
1776181544.927,44.927,0.43,151.0,0.42,70.34,0.46,2.24,0.48,24.24,0.55,16.24,0.54,104.28,0.57,801.0,0.58,75.34,0.03,0.02,2366.744576,1776181543000
1776181545.378,45.378,0.47,15.64,0.46,70.87,0.48,48.81,0.49,24.8,0.52,48.08,0.51,29.61,0.55,10.0,0.56,21.37,0.01,0.03,2366.794906,1776181544000
1776181545.986,45.986,0.47,32.28,0.46,91.74,0.48,23.05,0.49,24.8,0.52,23.05,0.51,24.8,0.53,32.28,0.54,91.74,0.01,0.01,2366.81905,1776181545000
1776181546.232,46.232,0.47,621.0,0.46,75.0,0.48,10.85,0.49,29.8,0.52,15.96,0.51,29.8,0.53,136.0,0.54,70.0,0.01,0.01,2366.81905,1776181545000
1776181546.649,46.649,0.48,127.0,0.47,84.64,0.49,7.14,0.5,98.09,0.52,10.85,0.51,29.8,0.53,621.0,0.54,75.0,0.01,0.01,2366.81905,1776181545000
1776181546.868,46.868,0.48,142.42,0.47,79.64,0.5,98.09,0.51,15.0,0.5,98.09,0.49,15.0,0.52,142.42,0.53,79.64,0.02,0.02,2367.202338,1776181546000
1776181547.387,47.387,0.49,620.0,0.48,71.37,0.5,45.2,0.51,15.0,0.5,98.09,0.49,15.0,0.52,142.42,0.53,79.64,0.01,0.02,2367.202338,1776181546000
1776181547.806,47.806,0.5,162.0,0.49,191.63,0.51,5.0,0.52,10.0,0.49,15.0,0.48,137.0,0.51,625.0,0.52,92.37,0.01,0.02,2367.202338,1776181546000
1776181548.213,48.213,0.52,683.77,0.51,79.62,0.53,4.9,0.55,10.0,0.47,10.0,0.45,10.0,0.49,64.81,0.5,762.0,0.01,0.02,2367.39791,1776181547000
1776181548.457,48.457,0.52,698.39,0.51,69.81,0.55,10.0,0.56,10.0,0.47,4.9,0.45,10.0,0.48,683.77,0.49,79.62,0.03,0.01,2367.39791,1776181547000
1776181548.693,48.693,0.53,610.0,0.52,225.01,0.55,10.0,0.56,10.0,0.46,10.0,0.45,10.0,0.48,837.69,0.49,64.81,0.02,0.02,2367.39791,1776181547000
1776181548.979,48.979,0.54,480.0,0.53,206.44,0.56,10.0,0.57,21.0,0.45,4.0,0.44,10.0,0.47,756.0,0.48,93.39,0.02,0.02,2367.39791,1776181547000
1776181549.351,49.351,0.54,480.0,0.53,206.44,0.56,10.0,0.57,21.0,0.44,10.0,0.43,21.0,0.46,480.0,0.47,206.44,0.02,0.02,2367.903308,1776181548000
1776181549.795,49.795,0.54,752.0,0.53,48.44,0.55,5.0,0.56,10.0,0.44,10.0,0.43,21.0,0.46,480.0,0.47,206.44,0.01,0.02,2367.903308,1776181548000
1776181550.024,50.024,0.54,752.0,0.53,157.44,0.57,21.0,0.58,20.0,0.45,5.0,0.44,10.0,0.46,752.0,0.47,48.44,0.03,0.01,2367.903308,1776181548000
1776181550.342,50.342,0.55,8.0,0.54,262.0,0.57,21.0,0.58,20.0,0.43,21.0,0.42,20.0,0.45,8.0,0.46,262.0,0.02,0.02,2368.265651,1776181549000
1776181550.927,50.927,0.55,672.0,0.54,133.0,0.56,10.16,0.57,138.0,0.43,21.0,0.42,20.0,0.45,8.0,0.46,262.0,0.01,0.02,2368.265651,1776181549000
1776181551.216,51.216,0.55,672.0,0.54,133.0,0.56,10.16,0.57,138.0,0.44,10.16,0.43,138.0,0.45,672.0,0.46,133.0,0.01,0.01,2368.34856,1776181550000
1776181551.472,51.472,0.55,885.55,0.54,163.0,0.56,10.16,0.57,138.0,0.44,10.16,0.43,138.0,0.45,672.0,0.46,133.0,0.01,0.01,2368.34856,1776181550000
1776181551.741,51.741,0.55,935.0,0.54,172.26,0.56,7.83,0.57,138.0,0.44,10.16,0.43,138.0,0.45,885.55,0.46,163.0,0.01,0.01,2368.34856,1776181550000
1776181552.018,52.018,0.55,1151.0,0.54,153.0,0.56,3.71,0.57,11.0,0.44,17.06,0.43,38.0,0.45,1131.0,0.46,158.0,0.01,0.01,2368.34856,1776181550000
1776181552.356,52.356,0.6,323.0,0.59,223.0,0.62,86.23,0.63,19.0,0.38,86.23,0.37,19.0,0.4,323.0,0.41,223.0,0.02,0.02,2368.363075,1776181551000
1776181552.638,52.638,0.6,864.0,0.59,155.0,0.61,18.0,0.62,106.23,0.39,5.0,0.38,106.23,0.4,770.0,0.41,155.0,0.01,0.01,2368.363075,1776181551000
1776181552.872,52.872,0.6,874.0,0.59,150.0,0.61,10.08,0.62,101.51,0.39,13.08,0.38,106.23,0.4,864.0,0.41,155.0,0.01,0.01,2368.363075,1776181551000
1776181553.158,53.158,0.61,120.0,0.6,809.0,0.65,18.0,0.66,10.0,0.39,10.08,0.38,101.51,0.4,874.0,0.41,150.0,0.04,0.01,2368.363075,1776181551000
1776181553.695,53.695,0.62,130.0,0.61,140.0,0.63,154.06,0.64,135.0,0.35,18.0,0.34,10.0,0.39,120.0,0.4,809.0,0.01,0.04,2368.34202,1776181552000
1776181554.131,54.131,0.62,148.0,0.61,140.0,0.63,134.35,0.64,140.0,0.37,134.35,0.36,140.0,0.38,148.0,0.39,140.0,0.01,0.01,2369.017489,1776181553000
1776181554.793,54.793,0.62,197.67,0.61,735.0,0.63,150.51,0.64,20.0,0.37,134.35,0.36,140.0,0.38,148.0,0.39,140.0,0.01,0.01,2369.017489,1776181553000
1776181555.343,55.343,0.62,199.34,0.61,730.0,0.63,134.63,0.64,20.0,0.37,150.51,0.36,20.0,0.38,199.34,0.39,735.0,0.01,0.01,2369.017489,1776181553000
1776181555.718,55.718,0.62,199.34,0.61,730.0,0.63,126.7,0.64,30.0,0.37,134.63,0.36,20.0,0.38,199.34,0.39,730.0,0.01,0.01,2369.017489,1776181553000
1776181556.194,56.194,0.62,39.0,0.59,100.0,0.63,785.7,0.64,116.76,0.37,126.7,0.36,106.76,0.38,194.34,0.39,730.0,0.01,0.01,2369.089997,1776181554000
1776181556.626,56.626,0.59,100.0,0.58,100.0,0.63,785.7,0.64,186.76,0.37,785.7,0.36,186.76,0.41,100.0,0.42,100.0,0.04,0.04,2369.027206,1776181555000
1776181557.219,57.219,0.59,101.88,0.58,105.0,0.6,850.19,0.61,10.0,0.4,850.19,0.39,10.0,0.41,101.88,0.42,105.0,0.01,0.01,2369.009178,1776181556000
1776181557.487,57.487,0.55,7.0,0.53,100.0,0.56,58.0,0.57,20.0,0.4,850.19,0.39,10.0,0.41,101.88,0.42,105.0,0.01,0.01,2369.009178,1776181556000
1776181558.846,58.846,0.55,4.0,0.53,100.0,0.56,794.0,0.57,20.0,0.44,58.0,0.43,20.0,0.45,7.0,0.47,100.0,0.01,0.01,2369.009178,1776181556000
1776181559.559,59.559,0.55,4.0,0.53,100.0,0.56,794.0,0.57,20.0,0.44,794.0,0.43,20.0,0.45,4.0,0.47,100.0,0.01,0.01,2368.333472,1776181558000
1776181559.845,59.845,0.55,6.4,0.54,21.37,0.56,789.0,0.57,50.0,0.44,794.0,0.43,20.0,0.45,4.0,0.47,100.0,0.01,0.01,2368.333472,1776181558000
1776181560.09,60.09,0.52,5.0,0.51,24.81,0.55,647.19,0.56,207.0,0.45,122.19,0.44,172.0,0.46,19.12,0.48,5.0,0.03,0.01,2368.333472,1776181558000
1776181560.319,60.319,0.52,2.0,0.51,29.81,0.53,30.0,0.54,10.0,0.47,30.0,0.46,10.0,0.48,2.0,0.49,29.81,0.01,0.01,2368.004281,1776181559000
1776181560.617,60.617,0.52,2.0,0.51,5.0,0.53,805.43,0.54,20.0,0.47,290.24,0.46,58.0,0.48,2.0,0.49,5.0,0.01,0.01,2368.004281,1776181559000
1776181560.909,60.909,0.48,20.84,0.47,137.28,0.51,570.0,0.52,69.0,0.48,10.0,0.47,301.43,0.5,5.0,0.52,30.84,0.03,0.02,2368.004281,1776181559000
1776181561.503,61.503,0.47,43.0,0.46,132.0,0.48,160.0,0.49,50.0,0.51,20.0,0.5,25.0,0.53,42.28,0.54,166.74,0.01,0.02,2367.962287,1776181560000
1776181561.784,61.784,0.45,40.0,0.44,142.0,0.47,107.72,0.48,131.0,0.52,134.68,0.51,59.81,0.53,3.66,0.56,62.53,0.02,0.01,2367.962287,1776181560000
1776181562.203,62.203,0.47,20.0,0.46,668.0,0.49,108.03,0.5,605.0,0.53,7.87,0.52,121.0,0.54,10.0,0.55,132.0,0.02,0.01,2367.962287,1776181560000
1776181562.456,62.456,0.47,20.0,0.46,668.0,0.49,108.03,0.5,605.0,0.51,108.03,0.5,605.0,0.53,20.0,0.54,668.0,0.02,0.02,2367.744338,1776181561000
1776181562.949,62.949,0.54,315.52,0.53,20.0,0.55,14.2,0.56,23.09,0.51,108.03,0.5,605.0,0.53,20.0,0.54,668.0,0.01,0.02,2367.744338,1776181561000
1776181563.256,63.256,0.54,787.0,0.53,30.0,0.56,15.63,0.57,10.0,0.45,2.54,0.44,23.09,0.46,827.0,0.47,25.0,0.02,0.01,2367.382918,1776181562000
1776181563.767,63.767,0.56,835.0,0.55,56.0,0.57,5.0,0.58,15.0,0.44,15.63,0.43,10.0,0.46,787.0,0.47,30.0,0.01,0.02,2367.382918,1776181562000
1776181564.516,64.516,0.56,828.0,0.55,61.0,0.57,0.36,0.58,5.0,0.43,2.36,0.42,115.0,0.44,808.0,0.45,36.0,0.01,0.01,2367.382918,1776181562000
1776181564.729,64.729,0.56,828.0,0.55,61.0,0.58,8.35,0.59,146.9,0.43,0.36,0.42,5.0,0.44,828.0,0.45,61.0,0.02,0.01,2367.3898,1776181563000
1776181565.145,65.145,0.56,828.0,0.55,61.0,0.58,8.35,0.59,146.9,0.42,8.35,0.41,146.9,0.44,828.0,0.45,61.0,0.02,0.02,2368.2316,1776181564000
1776181565.568,65.568,0.57,43.86,0.56,724.77,0.58,8.35,0.59,146.9,0.42,8.35,0.41,146.9,0.44,774.77,0.45,61.0,0.01,0.02,2368.2316,1776181564000
1776181565.996,65.996,0.57,47.36,0.56,724.77,0.58,13.35,0.59,156.9,0.42,8.35,0.41,146.9,0.43,43.86,0.44,724.77,0.01,0.01,2368.2316,1776181564000
1776181566.542,66.542,0.57,44.86,0.56,724.77,0.58,13.35,0.59,156.9,0.42,13.35,0.41,156.9,0.43,44.86,0.44,724.77,0.01,0.01,2368.294375,1776181565000
1776181566.782,66.782,0.57,654.86,0.56,132.0,0.58,16.43,0.59,156.9,0.42,13.35,0.41,156.9,0.43,44.86,0.44,724.77,0.01,0.01,2368.294375,1776181565000
1776181567.039,67.039,0.57,2.0,0.55,6.59,0.58,919.84,0.59,129.9,0.42,16.43,0.41,156.9,0.43,654.86,0.44,132.0,0.01,0.01,2368.294375,1776181565000
1776181567.267,67.267,0.55,6.59,0.54,10.0,0.56,8.0,0.58,919.84,0.44,8.0,0.42,919.84,0.45,6.59,0.46,10.0,0.01,0.01,2368.336169,1776181566000
1776181567.864,67.864,0.54,13.71,0.53,20.0,0.55,115.0,0.56,338.19,0.44,8.0,0.42,919.84,0.45,6.59,0.46,10.0,0.01,0.01,2368.336169,1776181566000
1776181568.074,68.074,0.54,13.71,0.53,137.0,0.55,112.99,0.56,411.09,0.45,115.0,0.44,338.19,0.46,13.71,0.47,20.0,0.01,0.01,2368.336169,1776181566000
1776181568.513,68.513,0.52,15.0,0.51,764.1,0.53,0.58,0.54,15.0,0.45,112.99,0.44,411.09,0.46,13.71,0.47,137.0,0.01,0.01,2368.336169,1776181566000
1776181568.723,68.723,0.52,127.0,0.51,647.1,0.54,20.0,0.55,429.99,0.46,20.0,0.45,429.99,0.48,127.0,0.49,647.1,0.02,0.02,2368.32213,1776181567000
1776181569.027,69.027,0.54,316.0,0.53,59.72,0.55,45.0,0.56,123.09,0.46,5.0,0.45,312.99,0.47,13.72,0.48,722.0,0.01,0.01,2368.32213,1776181567000
1776181569.356,69.356,0.54,833.0,0.53,59.72,0.56,103.05,0.57,27.0,0.45,4.0,0.44,123.09,0.46,796.0,0.47,59.72,0.02,0.01,2368.32213,1776181567000
1776181570.086,70.086,0.54,833.0,0.53,59.72,0.56,103.05,0.57,27.0,0.44,103.05,0.43,27.0,0.46,833.0,0.47,59.72,0.02,0.02,2368.077685,1776181569000
1776181570.557,70.557,0.55,972.2,0.54,92.49,0.56,30.19,0.58,5.0,0.44,103.05,0.43,27.0,0.46,833.0,0.47,59.72,0.01,0.02,2368.077685,1776181569000
1776181570.839,70.839,0.61,499.9,0.6,15.0,0.63,50.4,0.64,135.6,0.38,7.9,0.37,122.4,0.41,20.0,0.42,15.0,0.02,0.03,2368.077685,1776181569000
1776181571.412,71.412,0.61,497.33,0.6,25.0,0.63,60.4,0.64,135.6,0.37,60.4,0.36,135.6,0.39,497.33,0.4,25.0,0.02,0.02,2368.25235,1776181570000
1776181571.755,71.755,0.63,658.0,0.62,163.0,0.64,3.43,0.65,151.8,0.37,60.4,0.36,135.6,0.39,497.33,0.4,25.0,0.01,0.02,2368.25235,1776181570000
1776181572.176,72.176,0.63,658.0,0.62,163.0,0.64,3.43,0.65,151.8,0.36,3.43,0.35,151.8,0.37,658.0,0.38,163.0,0.01,0.01,2368.368135,1776181571000
1776181572.465,72.465,0.63,618.0,0.62,132.0,0.64,28.43,0.65,146.8,0.36,3.43,0.35,151.8,0.37,658.0,0.38,163.0,0.01,0.01,2368.368135,1776181571000
1776181572.728,72.728,0.63,623.0,0.62,132.0,0.64,26.86,0.65,146.8,0.36,28.43,0.35,146.8,0.37,618.0,0.38,132.0,0.01,0.01,2368.368135,1776181571000
1776181573.315,73.315,0.63,634.0,0.62,132.0,0.64,18.86,0.65,146.8,0.36,26.86,0.35,146.8,0.37,623.0,0.38,132.0,0.01,0.01,2368.368135,1776181571000
1776181574.09,74.09,0.63,634.0,0.62,132.0,0.64,18.86,0.65,146.8,0.36,18.86,0.35,146.8,0.37,634.0,0.38,132.0,0.01,0.01,2369.158936,1776181573000
1776181574.496,74.496,0.63,765.0,0.62,35.0,0.65,24.64,0.66,134.0,0.36,18.86,0.35,146.8,0.37,634.0,0.38,132.0,0.02,0.01,2369.158936,1776181573000
1776181575.433,75.433,0.65,13.5,0.64,5.0,0.66,421.98,0.67,166.3,0.34,144.0,0.33,131.3,0.35,23.5,0.36,10.0,0.01,0.01,2369.158936,1776181573000
1776181575.74,75.74,0.65,3.5,0.64,5.0,0.66,426.98,0.67,281.3,0.34,421.98,0.33,166.3,0.35,13.5,0.36,5.0,0.01,0.01,2369.158936,1776181573000
1776181576.191,76.191,0.61,5.0,0.6,50.0,0.66,1050.99,0.67,166.3,0.34,426.98,0.33,281.3,0.35,3.5,0.36,5.0,0.05,0.01,2369.049125,1776181574000
1776181576.672,76.672,0.59,255.26,0.58,45.0,0.61,10.0,0.62,118.0,0.39,10.0,0.38,118.0,0.41,255.26,0.42,45.0,0.02,0.02,2369.096505,1776181575000
1776181577.067,77.067,0.56,762.0,0.55,59.27,0.58,53.62,0.59,292.0,0.39,10.0,0.38,118.0,0.41,255.26,0.42,45.0,0.02,0.02,2369.096505,1776181575000
1776181577.339,77.339,0.56,762.0,0.55,59.27,0.58,53.62,0.59,292.0,0.42,53.62,0.41,292.0,0.44,762.0,0.45,59.27,0.02,0.02,2369.168722,1776181576000
1776181577.59,77.59,0.57,3.27,0.56,610.0,0.58,159.89,0.59,158.99,0.42,159.89,0.41,158.99,0.44,615.0,0.45,161.27,0.01,0.02,2369.168722,1776181576000
1776181578.037,78.037,0.57,3.27,0.56,610.0,0.58,159.89,0.59,158.99,0.42,159.89,0.41,158.99,0.43,3.27,0.44,610.0,0.01,0.01,2369.09735,1776181577000
1776181578.836,78.836,0.57,727.0,0.56,15.0,0.58,142.37,0.59,158.99,0.42,159.89,0.41,158.99,0.43,3.27,0.44,610.0,0.01,0.01,2369.09735,1776181577000
1776181579.142,79.142,0.57,724.67,0.56,15.0,0.58,133.0,0.59,158.99,0.42,137.37,0.41,158.99,0.43,727.0,0.44,15.0,0.01,0.01,2369.09735,1776181577000
1776181580.601,80.601,0.57,724.67,0.56,15.0,0.58,133.0,0.59,158.99,0.42,133.0,0.41,158.99,0.43,724.67,0.44,15.0,0.01,0.01,2368.406419,1776181579000
1776181580.988,80.988,0.57,819.0,0.56,10.0,0.58,37.8,0.59,156.89,0.42,133.0,0.41,158.99,0.43,724.67,0.44,15.0,0.01,0.01,2368.406419,1776181579000
1776181581.276,81.276,0.57,819.0,0.56,10.0,0.58,37.8,0.59,156.89,0.42,37.8,0.41,156.89,0.43,819.0,0.44,10.0,0.01,0.01,2368.447081,1776181580000
1776181582.175,82.175,0.57,22.0,0.55,29.27,0.58,813.9,0.59,158.0,0.42,14.8,0.41,150.79,0.43,819.0,0.44,15.0,0.01,0.01,2368.447081,1776181580000
1776181582.551,82.551,0.55,27.22,0.54,614.26,0.57,125.0,0.58,768.9,0.43,125.0,0.42,768.9,0.45,27.22,0.46,614.26,0.02,0.02,2368.389419,1776181581000
1776181582.947,82.947,0.56,749.0,0.55,26.59,0.57,17.43,0.58,114.8,0.43,125.0,0.42,768.9,0.45,27.22,0.46,614.26,0.01,0.02,2368.389419,1776181581000
1776181583.205,83.205,0.56,12.0,0.53,7.0,0.57,197.08,0.58,243.62,0.43,17.43,0.42,114.8,0.44,749.0,0.45,26.59,0.01,0.01,2368.389419,1776181581000
1776181583.422,83.422,0.45,17.53,0.43,10.0,0.47,17.0,0.48,480.0,0.51,10.0,0.5,278.0,0.55,17.63,0.57,10.0,0.02,0.04,2368.44668,1776181582000
1776181583.819,83.819,0.43,2.27,0.42,11.34,0.45,10.0,0.46,110.0,0.53,17.0,0.52,480.0,0.55,17.53,0.57,10.0,0.02,0.02,2368.44668,1776181582000
1776181584.337,84.337,0.44,6.78,0.43,2.27,0.45,8.31,0.46,115.0,0.55,3.31,0.54,110.0,0.57,2.27,0.58,11.34,0.01,0.02,2368.44668,1776181582000
1776181584.54,84.54,0.44,6.78,0.43,2.27,0.45,8.31,0.46,115.0,0.55,8.31,0.54,115.0,0.56,6.78,0.57,2.27,0.01,0.01,2368.22518,1776181583000
1776181584.82,84.82,0.42,1.34,0.41,10.0,0.43,826.0,0.44,120.0,0.55,8.31,0.54,115.0,0.56,6.78,0.57,2.27,0.01,0.01,2368.22518,1776181583000
1776181585.024,85.024,0.4,10.0,0.39,10.0,0.43,831.0,0.44,140.0,0.57,831.0,0.56,140.0,0.59,10.0,0.6,10.0,0.03,0.02,2368.22518,1776181583000
1776181585.343,85.343,0.4,4.83,0.39,35.0,0.41,515.0,0.42,142.0,0.58,455.5,0.57,366.0,0.6,10.0,0.61,10.0,0.01,0.02,2368.22518,1776181583000
1776181585.977,85.977,0.4,4.83,0.39,35.0,0.41,515.0,0.42,142.0,0.59,515.0,0.58,142.0,0.6,4.83,0.61,35.0,0.01,0.01,2367.054055,1776181585000
1776181586.237,86.237,0.35,10.47,0.34,10.0,0.36,137.0,0.37,505.0,0.59,515.0,0.58,142.0,0.6,4.83,0.61,35.0,0.01,0.01,2367.054055,1776181585000
1776181586.519,86.519,0.33,152.0,0.32,50.62,0.36,137.0,0.37,505.0,0.64,137.0,0.63,505.0,0.66,10.0,0.67,152.0,0.03,0.02,2367.054055,1776181585000
1776181587.003,87.003,0.35,15.0,0.34,40.0,0.36,628.0,0.37,137.0,0.64,137.0,0.63,505.0,0.67,152.0,0.68,50.62,0.01,0.03,2367.054055,1776181585000
1776181587.269,87.269,0.35,15.0,0.34,40.0,0.36,628.0,0.37,142.0,0.64,628.0,0.63,137.0,0.65,15.0,0.66,40.0,0.01,0.01,2367.054055,1776181585000
1776181587.557,87.557,0.35,13.3,0.34,40.0,0.36,608.63,0.37,142.0,0.64,608.63,0.63,132.0,0.65,10.0,0.66,45.0,0.01,0.01,2366.516918,1776181586000
1776181587.844,87.844,0.34,40.0,0.33,152.0,0.36,611.4,0.37,137.0,0.64,606.4,0.63,20.0,0.65,5.0,0.66,40.0,0.02,0.01,2366.516918,1776181586000
1776181588.145,88.145,0.33,152.0,0.32,50.62,0.36,601.4,0.37,137.0,0.64,601.4,0.63,137.0,0.67,152.0,0.68,50.62,0.03,0.03,2366.115544,1776181587000
1776181588.443,88.443,0.34,10.0,0.33,132.0,0.35,135.0,0.36,510.0,0.64,601.4,0.63,137.0,0.67,152.0,0.68,50.62,0.01,0.03,2366.115544,1776181587000
1776181588.753,88.753,0.34,4.23,0.33,132.0,0.35,615.0,0.36,30.0,0.65,615.0,0.64,30.0,0.66,6.81,0.67,132.0,0.01,0.01,2366.115544,1776181587000
1776181589.447,89.447,0.34,2.56,0.33,132.0,0.35,615.0,0.36,30.0,0.65,615.0,0.64,30.0,0.66,2.56,0.67,132.0,0.01,0.01,2365.994866,1776181588000
1776181589.686,89.686,0.32,4.93,0.31,132.0,0.33,680.0,0.34,147.24,0.67,80.0,0.66,137.0,0.68,10.62,0.69,132.0,0.01,0.01,2365.994866,1776181588000
1776181590.011,90.011,0.32,4.93,0.31,132.0,0.33,680.0,0.34,147.24,0.67,680.0,0.66,147.24,0.68,4.93,0.69,132.0,0.01,0.01,2365.995463,1776181589000
1776181590.241,90.241,0.32,20.55,0.31,15.0,0.33,789.44,0.34,30.24,0.67,680.0,0.66,147.24,0.68,4.93,0.69,132.0,0.01,0.01,2365.995463,1776181589000
1776181590.9,90.9,0.32,0.55,0.31,5.0,0.33,794.44,0.34,30.24,0.67,789.44,0.66,30.24,0.68,20.55,0.69,15.0,0.01,0.01,2365.995463,1776181589000
1776181591.104,91.104,0.31,5.0,0.3,15.0,0.33,794.44,0.34,30.24,0.67,794.44,0.66,30.24,0.68,0.55,0.69,5.0,0.02,0.01,2365.995463,1776181589000
1776181591.747,91.747,0.3,5.0,0.29,15.0,0.32,10.0,0.33,794.44,0.68,10.0,0.67,794.44,0.7,5.0,0.71,15.0,0.02,0.02,2365.834637,1776181590000
1776181592.329,92.329,0.3,3.42,0.29,15.0,0.31,665.0,0.32,20.0,0.69,665.0,0.68,20.0,0.7,3.42,0.71,15.0,0.01,0.01,2365.749378,1776181591000
1776181592.749,92.749,0.31,12.0,0.3,149.42,0.32,605.84,0.33,30.0,0.68,130.0,0.67,30.0,0.69,17.0,0.7,77.42,0.01,0.01,2365.749378,1776181591000
1776181593.244,93.244,0.33,120.0,0.32,266.0,0.35,11.83,0.36,485.0,0.68,605.84,0.67,30.0,0.69,12.0,0.7,149.42,0.02,0.01,2365.749378,1776181591000
1776181593.708,93.708,0.4,29.53,0.39,27.0,0.43,149.72,0.44,121.0,0.61,3.46,0.6,105.0,0.66,27.0,0.67,675.0,0.03,0.05,2365.663265,1776181592000
1776181593.939,93.939,0.4,29.53,0.39,27.0,0.43,149.72,0.44,121.0,0.57,149.72,0.56,121.0,0.6,29.53,0.61,27.0,0.03,0.03,2365.663965,1776181593000
1776181594.297,94.297,0.41,10.0,0.4,166.0,0.42,15.0,0.43,19.72,0.57,149.72,0.56,121.0,0.6,29.53,0.61,27.0,0.01,0.03,2365.663965,1776181593000
1776181594.71,94.71,0.41,0.38,0.4,151.0,0.42,2.47,0.43,19.72,0.58,7.47,0.57,19.72,0.59,4.0,0.6,166.0,0.01,0.01,2365.663965,1776181593000
1776181594.997,94.997,0.41,0.38,0.4,151.0,0.42,2.47,0.43,19.72,0.58,2.47,0.57,19.72,0.59,0.38,0.6,151.0,0.01,0.01,2365.742589,1776181594000
1776181595.405,95.405,0.4,12.83,0.39,139.0,0.41,10.0,0.42,127.47,0.58,2.47,0.57,19.72,0.59,0.38,0.6,151.0,0.01,0.01,2365.742589,1776181594000
1776181595.958,95.958,0.4,12.83,0.39,139.0,0.41,10.0,0.42,127.47,0.59,10.0,0.58,127.47,0.6,12.83,0.61,139.0,0.01,0.01,2366.25709,1776181595000
1776181596.637,96.637,0.41,31.63,0.4,188.83,0.42,117.47,0.43,126.72,0.59,617.56,0.58,124.47,0.6,36.83,0.61,134.0,0.01,0.01,2366.25709,1776181595000
1776181597.105,97.105,0.41,31.63,0.4,188.83,0.42,117.47,0.43,126.72,0.58,117.47,0.57,126.72,0.59,31.63,0.6,188.83,0.01,0.01,2366.525005,1776181596000
1776181597.713,97.713,0.34,5.0,0.32,87.5,0.36,152.05,0.37,31.0,0.6,6.37,0.58,951.46,0.65,5.0,0.66,143.0,0.02,0.05,2366.525005,1776181596000
1776181598.024,98.024,0.34,20.0,0.32,10.0,0.36,50.65,0.37,26.0,0.64,50.65,0.63,26.0,0.66,20.0,0.68,10.0,0.02,0.02,2366.449937,1776181597000
1776181598.487,98.487,0.34,18.6,0.33,10.0,0.35,736.78,0.36,26.0,0.65,628.31,0.64,152.65,0.66,8.6,0.68,10.0,0.01,0.01,2366.449937,1776181597000
1776181598.996,98.996,0.32,20.0,0.31,10.0,0.35,795.78,0.36,176.0,0.65,736.78,0.64,26.0,0.66,18.6,0.67,10.0,0.03,0.01,2366.449937,1776181597000
1776181599.252,99.252,0.31,104.75,0.3,10.0,0.33,10.0,0.34,630.0,0.66,145.0,0.65,146.0,0.69,106.2,0.7,10.0,0.02,0.03,2366.126368,1776181598000
1776181599.506,99.506,0.31,113.25,0.3,10.0,0.32,165.0,0.33,530.0,0.67,10.0,0.66,630.0,0.69,104.75,0.7,10.0,0.01,0.02,2366.126368,1776181598000
1776181599.836,99.836,0.33,16.02,0.32,134.0,0.34,80.4,0.35,129.0,0.68,165.0,0.67,530.0,0.69,113.25,0.7,10.0,0.01,0.01,2366.126368,1776181598000
1776181600.121,100.121,0.34,324.0,0.33,538.02,0.35,11.0,0.36,6.0,0.66,80.4,0.65,129.0,0.67,16.02,0.68,134.0,0.01,0.01,2365.780037,1776181599000
1776181600.397,100.397,0.36,23.2,0.35,17.0,0.37,21.0,0.38,132.0,0.63,21.0,0.62,15.0,0.65,22.0,0.66,179.0,0.01,0.02,2365.780037,1776181599000
1776181600.772,100.772,0.36,37.53,0.35,134.0,0.37,135.0,0.38,617.0,0.63,21.0,0.62,132.0,0.64,23.2,0.65,17.0,0.01,0.01,2365.780037,1776181599000
1776181600.973,100.973,0.36,34.46,0.35,134.0,0.37,607.0,0.38,137.0,0.63,135.0,0.62,617.0,0.64,34.46,0.65,134.0,0.01,0.01,2365.780037,1776181599000
1776181601.661,101.661,0.33,15.0,0.32,142.62,0.35,7.0,0.36,10.0,0.63,607.0,0.62,137.0,0.64,34.46,0.65,134.0,0.02,0.01,2365.764841,1776181600000
1776181602.14,102.14,0.33,15.0,0.32,142.62,0.35,7.0,0.36,10.0,0.65,7.0,0.64,10.0,0.67,15.0,0.68,142.62,0.02,0.02,2365.9663,1776181601000
1776181602.546,102.546,0.33,17.54,0.32,30.62,0.34,727.0,0.35,93.99,0.66,660.0,0.65,138.99,0.67,9.92,0.68,25.62,0.01,0.01,2365.9663,1776181601000
1776181603.504,103.504,0.34,322.0,0.33,176.83,0.35,82.19,0.36,10.0,0.66,727.0,0.65,86.99,0.67,4.83,0.68,25.62,0.01,0.01,2365.9663,1776181601000
1776181603.78,103.78,0.34,192.0,0.33,133.83,0.35,2.14,0.36,130.0,0.65,66.19,0.64,10.0,0.66,210.0,0.67,61.83,0.01,0.01,2365.9663,1776181601000
1776181604.001,104.001,0.34,227.0,0.33,133.83,0.36,127.35,0.37,132.0,0.65,2.14,0.64,130.0,0.66,192.0,0.67,133.83,0.02,0.01,2365.9663,1776181601000
1776181604.204,104.204,0.34,3.48,0.32,25.62,0.35,20.0,0.36,129.35,0.65,20.0,0.64,129.35,0.66,32.69,0.68,25.62,0.01,0.01,2365.9663,1776181601000
1776181604.608,104.608,0.33,46.35,0.32,25.62,0.34,605.0,0.35,142.0,0.65,20.0,0.64,129.35,0.66,3.48,0.68,25.62,0.01,0.01,2365.9663,1776181601000
1776181604.943,104.943,0.33,88.7,0.32,25.62,0.34,600.0,0.35,137.0,0.66,605.0,0.65,142.0,0.67,46.35,0.68,25.62,0.01,0.01,2365.9663,1776181601000
1776181605.351,105.351,0.33,181.23,0.32,25.62,0.34,595.0,0.35,137.0,0.66,595.0,0.65,137.0,0.67,181.23,0.68,25.62,0.01,0.01,2366.014,1776181602000
1776181606.16,106.16,0.33,181.23,0.32,25.62,0.34,595.0,0.35,137.0,0.66,595.0,0.65,137.0,0.67,181.23,0.68,25.62,0.01,0.01,2366.00672,1776181605000
1776181606.747,106.747,0.32,28.56,0.31,15.0,0.33,732.0,0.34,25.0,0.66,772.0,0.65,20.0,0.68,30.62,0.69,15.0,0.01,0.02,2366.00672,1776181605000
1776181607.169,107.169,0.32,21.2,0.31,132.0,0.33,610.0,0.34,20.0,0.67,610.0,0.66,20.0,0.68,21.2,0.69,132.0,0.01,0.01,2365.96521,1776181606000
1776181607.543,107.543,0.32,19.2,0.31,132.0,0.33,615.0,0.34,137.0,0.67,610.0,0.66,20.0,0.68,21.2,0.69,132.0,0.01,0.01,2365.96521,1776181606000
1776181608.15,108.15,0.32,19.2,0.31,132.0,0.33,615.0,0.34,137.0,0.67,615.0,0.66,137.0,0.68,19.2,0.69,132.0,0.01,0.01,2365.8524,1776181607000
1776181608.395,108.395,0.28,154.05,0.27,538.3,0.3,37.0,0.31,157.0,0.67,615.0,0.66,137.0,0.68,19.2,0.69,132.0,0.02,0.01,2365.8524,1776181607000
1776181609.12,109.12,0.28,154.05,0.27,538.3,0.3,37.0,0.31,157.0,0.7,37.0,0.69,157.0,0.72,154.05,0.73,538.3,0.02,0.02,2365.8135,1776181608000
1776181610.118,110.118,0.25,251.58,0.24,174.7,0.27,20.0,0.28,617.0,0.7,37.0,0.69,157.0,0.72,154.05,0.73,538.3,0.02,0.02,2365.8135,1776181608000
1776181610.638,110.638,0.26,252.0,0.25,599.2,0.27,4.0,0.28,20.0,0.73,14.25,0.72,617.0,0.75,251.58,0.76,174.7,0.01,0.02,2365.680664,1776181609000
1776181611.175,111.175,0.25,24.2,0.24,139.7,0.27,10.29,0.28,20.0,0.73,10.29,0.72,20.0,0.75,24.2,0.76,139.7,0.02,0.02,2365.602891,1776181610000
1776181611.427,111.427,0.26,342.0,0.25,552.0,0.27,6.29,0.28,15.0,0.73,10.29,0.72,20.0,0.75,24.2,0.76,139.7,0.01,0.02,2365.602891,1776181610000
1776181611.936,111.936,0.29,32.0,0.28,130.0,0.3,14.0,0.31,512.0,0.73,0.73,0.72,15.0,0.74,342.0,0.75,582.0,0.01,0.01,2365.602891,1776181610000
1776181612.162,112.162,0.29,32.0,0.28,130.0,0.3,14.0,0.31,512.0,0.7,14.0,0.69,512.0,0.71,32.0,0.72,130.0,0.01,0.01,2365.504235,1776181611000
1776181612.673,112.673,0.24,19.7,0.23,35.3,0.27,10.92,0.28,15.0,0.7,14.0,0.69,512.0,0.71,32.0,0.72,130.0,0.03,0.01,2365.504235,1776181611000
1776181612.96,112.96,0.28,50.0,0.27,60.0,0.29,2.0,0.3,10.0,0.73,10.92,0.72,15.0,0.76,19.7,0.77,35.3,0.01,0.03,2365.504235,1776181611000
1776181613.362,113.362,0.29,97.0,0.28,116.0,0.3,2.76,0.31,259.0,0.7,10.0,0.69,20.0,0.71,3.0,0.72,348.0,0.01,0.01,2365.452727,1776181612000
1776181613.634,113.634,0.29,139.0,0.28,116.0,0.31,732.0,0.32,15.0,0.69,257.65,0.68,15.0,0.71,97.0,0.72,116.0,0.02,0.02,2365.452727,1776181612000
1776181614.038,114.038,0.29,139.0,0.28,116.0,0.31,732.0,0.32,15.0,0.69,732.0,0.68,15.0,0.71,139.0,0.72,116.0,0.02,0.02,2365.536744,1776181613000
1776181614.851,114.851,0.29,173.47,0.28,198.0,0.3,10.0,0.31,727.89,0.69,10.89,0.68,132.0,0.71,155.0,0.72,348.0,0.01,0.02,2365.536744,1776181613000
1776181615.058,115.058,0.29,210.17,0.28,198.0,0.3,6.66,0.31,727.89,0.7,6.66,0.69,727.89,0.71,210.17,0.72,198.0,0.01,0.01,2365.5039,1776181614000
1776181616.024,116.024,0.29,210.17,0.28,198.0,0.3,6.66,0.31,727.89,0.7,6.66,0.69,727.89,0.71,210.17,0.72,198.0,0.01,0.01,2365.580462,1776181615000
1776181616.8,116.8,0.29,96.6,0.28,81.0,0.3,611.66,0.31,132.89,0.7,6.66,0.69,727.89,0.71,210.17,0.72,198.0,0.01,0.01,2365.580462,1776181615000
1776181617.063,117.063,0.29,94.0,0.28,81.0,0.3,600.66,0.31,132.89,0.7,600.66,0.69,132.89,0.71,94.0,0.72,81.0,0.01,0.01,2365.599862,1776181616000
1776181617.646,117.646,0.29,85.26,0.28,81.0,0.3,615.66,0.31,132.89,0.7,727.66,0.69,15.89,0.71,87.0,0.72,81.0,0.01,0.01,2365.599862,1776181616000
1776181617.959,117.959,0.29,83.66,0.28,81.0,0.3,610.66,0.31,132.89,0.7,610.66,0.69,132.89,0.71,83.66,0.72,81.0,0.01,0.01,2365.59075,1776181617000
1776181618.536,118.536,0.29,317.0,0.28,561.0,0.3,3.0,0.31,122.0,0.7,610.66,0.69,132.89,0.71,83.66,0.72,81.0,0.01,0.01,2365.59075,1776181617000
1776181618.749,118.749,0.29,61.0,0.28,50.0,0.31,7.25,0.32,25.0,0.7,4.0,0.69,15.0,0.71,61.0,0.72,50.0,0.02,0.01,2365.59075,1776181617000
1776181619.101,119.101,0.29,1.0,0.28,55.0,0.3,128.83,0.31,147.0,0.7,128.83,0.69,147.0,0.71,1.0,0.72,55.0,0.01,0.01,2365.5754,1776181618000
1776181620.173,120.173,0.29,1.0,0.28,55.0,0.3,128.83,0.31,147.0,0.7,128.83,0.69,147.0,0.71,1.0,0.72,55.0,0.01,0.01,2365.51225,1776181619000
1776181620.503,120.503,0.27,47.67,0.26,50.0,0.28,60.0,0.29,50.0,0.69,837.0,0.68,180.0,0.72,50.0,0.73,55.0,0.01,0.03,2365.51225,1776181619000
1776181620.709,120.709,0.27,46.12,0.26,50.0,0.28,232.0,0.29,55.0,0.72,60.0,0.71,50.0,0.73,47.67,0.74,50.0,0.01,0.01,2365.51225,1776181619000
1776181621.333,121.333,0.26,50.0,0.25,50.0,0.28,232.0,0.29,155.0,0.72,232.0,0.71,155.0,0.74,50.0,0.75,50.0,0.02,0.02,2365.520325,1776181620000
1776181621.991,121.991,0.21,2.59,0.2,50.0,0.22,540.0,0.23,35.0,0.78,13.45,0.77,267.0,0.79,5.0,0.8,50.0,0.01,0.01,2365.520325,1776181620000
1776181622.351,122.351,0.18,74.4,0.17,80.5,0.2,4.25,0.21,663.0,0.78,540.0,0.77,35.0,0.8,44.59,0.81,195.4,0.02,0.02,2365.520325,1776181620000
1776181622.563,122.563,0.18,51.05,0.17,80.5,0.19,15.0,0.2,4.25,0.8,4.25,0.79,663.0,0.82,74.4,0.83,80.5,0.01,0.02,2365.237683,1776181621000
1776181622.931,122.931,0.18,51.05,0.17,80.5,0.19,15.0,0.2,4.25,0.81,15.0,0.8,4.25,0.82,51.05,0.83,80.5,0.01,0.01,2365.134899,1776181622000
1776181623.64,123.64,0.19,10.0,0.18,10.0,0.2,1.25,0.21,66.0,0.81,15.0,0.8,4.25,0.82,51.05,0.83,80.5,0.01,0.01,2365.134899,1776181622000
1776181623.944,123.944,0.19,324.05,0.18,15.0,0.21,496.0,0.22,20.0,0.8,1.25,0.79,66.0,0.81,10.0,0.82,10.0,0.02,0.01,2365.134899,1776181622000
1776181624.226,124.226,0.19,314.54,0.17,70.94,0.2,10.0,0.21,501.0,0.79,496.0,0.78,20.0,0.81,324.05,0.82,15.0,0.01,0.02,2364.532739,1776181623000
1776181624.672,124.672,0.18,50.0,0.17,167.0,0.2,772.0,0.21,21.0,0.8,10.0,0.79,501.0,0.81,314.54,0.83,70.94,0.02,0.01,2364.532739,1776181623000
1776181624.966,124.966,0.18,75.0,0.17,167.0,0.19,547.0,0.2,222.0,0.8,772.0,0.79,21.0,0.82,50.0,0.83,167.0,0.01,0.02,2364.532739,1776181623000
1776181625.208,125.208,0.18,75.0,0.17,167.0,0.19,547.0,0.2,222.0,0.81,547.0,0.8,222.0,0.82,75.0,0.83,167.0,0.01,0.01,2364.213826,1776181624000
1776181626.18,126.18,0.16,99.25,0.15,320.2,0.17,10.0,0.18,70.0,0.81,547.0,0.8,222.0,0.82,75.0,0.83,167.0,0.01,0.01,2364.213826,1776181624000
1776181626.539,126.539,0.16,25.0,0.13,198.8,0.17,187.0,0.18,60.0,0.83,10.0,0.82,70.0,0.84,99.25,0.85,320.2,0.01,0.01,2364.229885,1776181625000
1776181626.901,126.901,0.13,89.56,0.12,321.19,0.14,4.71,0.15,10.0,0.83,193.0,0.82,60.0,0.87,198.8,0.88,579.19,0.01,0.04,2364.229885,1776181625000
1776181627.576,127.576,0.13,89.7,0.12,321.19,0.14,4.71,0.15,10.0,0.86,4.71,0.85,10.0,0.87,89.7,0.88,321.19,0.01,0.01,2364.190367,1776181626000
1776181627.804,127.804,0.13,79.29,0.12,321.19,0.14,4.71,0.15,10.0,0.86,9.71,0.85,10.0,0.87,90.04,0.88,321.19,0.01,0.01,2364.190367,1776181626000
1776181628.116,128.116,0.12,16.23,0.1,50.0,0.13,25.0,0.14,131.71,0.86,4.71,0.85,10.0,0.87,79.29,0.88,321.19,0.01,0.01,2364.190367,1776181626000
1776181628.668,128.668,0.12,35.23,0.11,36.79,0.13,740.3,0.14,20.71,0.87,25.0,0.86,131.71,0.88,16.23,0.9,50.0,0.01,0.01,2363.873096,1776181627000
1776181628.98,128.98,0.11,36.79,0.1,45.0,0.13,747.97,0.14,20.71,0.87,740.3,0.86,20.71,0.88,33.52,0.89,86.79,0.02,0.01,2363.873096,1776181627000
1776181629.181,129.181,0.11,36.79,0.1,45.0,0.13,747.97,0.14,20.71,0.87,747.97,0.86,20.71,0.89,36.79,0.9,45.0,0.02,0.02,2363.53675,1776181628000
1776181629.381,129.381,0.1,23.0,0.09,326.0,0.11,15.0,0.12,722.0,0.87,747.97,0.86,20.71,0.89,36.79,0.9,45.0,0.01,0.02,2363.53675,1776181628000
1776181629.675,129.675,0.1,26.43,0.09,326.0,0.11,25.0,0.12,722.0,0.89,25.0,0.88,722.0,0.9,28.1,0.91,326.0,0.01,0.01,2363.53675,1776181628000
1776181630.306,130.306,0.1,52.13,0.09,326.0,0.11,20.0,0.12,722.0,0.89,20.0,0.88,722.0,0.9,52.13,0.91,326.0,0.01,0.01,2363.140394,1776181629000
1776181630.579,130.579,0.1,10.13,0.09,276.0,0.11,75.0,0.12,772.0,0.89,20.0,0.88,722.0,0.9,52.13,0.91,326.0,0.01,0.01,2363.140394,1776181629000
1776181630.779,130.779,0.09,391.8,0.08,593.9,0.1,10.0,0.11,65.0,0.9,10.0,0.89,65.0,0.91,382.23,0.92,593.9,0.01,0.01,2363.140394,1776181629000
1776181631.297,131.297,0.09,746.85,0.08,113.9,0.1,8.22,0.11,15.0,0.9,10.0,0.89,15.0,0.91,405.85,0.92,593.9,0.01,0.01,2363.140394,1776181629000
1776181631.519,131.519,0.09,871.85,0.08,193.9,0.12,6.16,0.13,66.0,0.9,8.22,0.89,15.0,0.91,746.85,0.92,113.9,0.03,0.01,2362.816529,1776181630000
1776181631.791,131.791,0.11,163.93,0.1,127.0,0.12,5.0,0.13,66.0,0.88,6.16,0.87,66.0,0.91,871.85,0.92,193.9,0.01,0.03,2362.816529,1776181630000
1776181631.991,131.991,0.11,329.06,0.1,540.0,0.13,6.3,0.14,661.71,0.87,11.63,0.86,661.71,0.89,329.06,0.9,540.0,0.02,0.02,2362.816529,1776181630000
1776181632.29,132.29,0.13,191.7,0.12,10.0,0.15,492.0,0.16,65.0,0.86,661.71,0.85,60.0,0.87,15.7,0.88,150.0,0.02,0.01,2362.816529,1776181630000
1776181632.52,132.52,0.14,8.0,0.13,195.7,0.15,612.0,0.16,10.0,0.85,492.0,0.84,65.0,0.87,191.7,0.88,10.0,0.01,0.02,2362.816529,1776181630000
1776181633.049,133.049,0.14,8.0,0.13,195.7,0.15,612.0,0.16,10.0,0.85,612.0,0.84,10.0,0.86,8.0,0.87,195.7,0.01,0.01,2362.8117,1776181632000
1776181633.709,133.709,0.16,316.89,0.15,183.0,0.17,482.65,0.18,15.0,0.83,7.65,0.82,127.0,0.84,21.0,0.85,141.0,0.01,0.01,2362.8117,1776181632000
1776181634.439,134.439,0.16,310.91,0.15,183.0,0.17,487.65,0.18,137.0,0.83,482.65,0.82,15.0,0.84,316.89,0.85,183.0,0.01,0.01,2362.8117,1776181632000
1776181634.76,134.76,0.16,310.91,0.15,183.0,0.17,487.65,0.18,137.0,0.83,487.65,0.82,137.0,0.84,310.91,0.85,183.0,0.01,0.01,2363.276396,1776181633000
1776181635.393,135.393,0.16,269.91,0.15,183.0,0.17,7.65,0.18,132.0,0.83,7.65,0.82,132.0,0.84,269.91,0.85,183.0,0.01,0.01,2363.763735,1776181634000
1776181636.14,136.14,0.16,269.91,0.15,183.0,0.17,7.65,0.18,132.0,0.83,7.65,0.82,132.0,0.84,269.91,0.85,183.0,0.01,0.01,2363.888735,1776181635000
1776181637.378,137.378,0.16,354.67,0.15,573.2,0.17,2.65,0.19,612.0,0.83,7.65,0.82,132.0,0.84,269.91,0.85,183.0,0.01,0.01,2363.888735,1776181635000
1776181638.202,138.202,0.18,14.35,0.16,1089.8,0.21,6.0,0.24,15.0,0.83,2.65,0.81,612.0,0.84,354.67,0.85,573.2,0.03,0.01,2364.0331,1776181636000
1776181638.452,138.452,0.2,10.0,0.19,10.0,0.24,8.91,0.25,495.0,0.76,8.91,0.75,495.0,0.8,10.0,0.81,10.0,0.04,0.04,2364.0823,1776181637000
1776181638.766,138.766,0.22,5.0,0.21,10.0,0.24,613.91,0.25,25.0,0.76,8.91,0.75,495.0,0.8,10.0,0.81,10.0,0.02,0.04,2364.0823,1776181637000
1776181639.068,139.068,0.22,11.0,0.21,10.0,0.23,55.14,0.24,725.91,0.76,613.91,0.75,25.0,0.78,5.0,0.79,10.0,0.01,0.02,2364.0823,1776181637000
1776181639.837,139.837,0.2,66.93,0.19,76.0,0.22,15.0,0.23,660.14,0.77,55.14,0.76,725.91,0.78,11.0,0.79,10.0,0.02,0.01,2364.1375,1776181638000
1776181640.499,140.499,0.21,3.6,0.2,71.98,0.22,91.98,0.23,740.0,0.78,91.98,0.77,740.0,0.79,3.6,0.8,71.98,0.01,0.01,2364.511462,1776181639000
1776181640.741,140.741,0.19,41.96,0.18,88.75,0.2,760.0,0.21,65.0,0.8,760.0,0.79,182.0,0.81,62.05,0.82,98.75,0.01,0.01,2364.511462,1776181639000
1776181641.181,141.181,0.19,29.61,0.18,88.75,0.2,760.0,0.21,65.0,0.8,760.0,0.79,65.0,0.81,29.61,0.82,88.75,0.01,0.01,2364.609819,1776181640000
1776181642.036,142.036,0.17,36.84,0.16,308.8,0.18,164.77,0.19,615.0,0.8,760.0,0.79,65.0,0.81,29.61,0.82,88.75,0.01,0.01,2364.609819,1776181640000
1776181642.514,142.514,0.17,36.84,0.16,308.8,0.18,164.77,0.19,615.0,0.82,164.77,0.81,615.0,0.83,36.84,0.84,308.8,0.01,0.01,2364.508608,1776181641000
1776181643.134,143.134,0.17,23.03,0.16,198.8,0.18,164.77,0.19,302.0,0.82,164.77,0.81,302.0,0.83,23.03,0.84,198.8,0.01,0.01,2364.21566,1776181642000
1776181643.588,143.588,0.16,86.0,0.15,320.2,0.17,25.0,0.18,537.0,0.82,164.77,0.81,302.0,0.83,23.03,0.84,198.8,0.01,0.01,2364.21566,1776181642000
1776181644.765,144.765,0.16,73.83,0.15,320.2,0.17,97.1,0.18,587.0,0.83,97.1,0.82,587.0,0.84,73.83,0.85,320.2,0.01,0.01,2364.170779,1776181643000
1776181645.219,145.219,0.15,77.18,0.14,79.9,0.16,560.0,0.17,366.0,0.83,97.1,0.82,587.0,0.84,73.83,0.85,320.2,0.01,0.01,2364.170779,1776181643000
1776181645.5,145.5,0.15,77.18,0.14,79.9,0.16,560.0,0.17,366.0,0.84,560.0,0.83,366.0,0.85,77.18,0.86,79.9,0.01,0.01,2364.123556,1776181644000
1776181645.87,145.87,0.15,159.71,0.14,206.9,0.16,70.0,0.17,564.0,0.84,560.0,0.83,366.0,0.85,77.18,0.86,79.9,0.01,0.01,2364.123556,1776181644000
1776181646.286,146.286,0.15,159.71,0.14,206.9,0.16,70.0,0.17,564.0,0.84,70.0,0.83,564.0,0.85,159.71,0.86,206.9,0.01,0.01,2364.052844,1776181645000
1776181646.68,146.68,0.15,154.53,0.14,206.9,0.16,66.0,0.17,540.0,0.84,70.0,0.83,564.0,0.85,159.71,0.86,206.9,0.01,0.01,2364.052844,1776181645000
1776181647.607,147.607,0.15,37.53,0.14,321.9,0.16,76.0,0.17,787.0,0.84,66.0,0.83,540.0,0.85,154.53,0.86,206.9,0.01,0.01,2364.052844,1776181645000
1776181648.486,148.486,0.15,37.53,0.14,321.9,0.16,76.0,0.17,787.0,0.84,76.0,0.83,787.0,0.85,37.53,0.86,321.9,0.01,0.01,2364.046089,1776181647000
1776181648.906,148.906,0.13,209.56,0.12,691.1,0.14,51.0,0.15,20.0,0.84,76.0,0.83,787.0,0.85,37.53,0.86,321.9,0.01,0.01,2364.046089,1776181647000
1776181649.303,149.303,0.13,209.56,0.12,691.1,0.14,51.0,0.15,20.0,0.86,51.0,0.85,20.0,0.87,209.56,0.88,691.1,0.01,0.01,2364.046777,1776181648000
1776181651.127,151.127,0.13,325.41,0.12,94.1,0.14,44.88,0.15,10.0,0.86,51.0,0.85,20.0,0.87,209.56,0.88,691.1,0.01,0.01,2364.046777,1776181648000
1776181651.432,151.432,0.13,810.41,0.12,100.1,0.14,14.88,0.15,10.0,0.86,44.88,0.85,10.0,0.87,325.41,0.88,94.1,0.01,0.01,2363.891722,1776181650000
1776181652.29,152.29,0.15,113.82,0.14,204.9,0.16,37.4,0.17,622.0,0.84,1.0,0.83,137.0,0.86,60.0,0.87,810.41,0.01,0.02,2363.891722,1776181650000
1776181652.563,152.563,0.15,113.82,0.14,204.9,0.16,37.4,0.17,622.0,0.84,37.4,0.83,622.0,0.85,113.82,0.86,204.9,0.01,0.01,2363.889939,1776181651000
1776181653.156,153.156,0.15,113.82,0.14,204.9,0.16,37.4,0.17,622.0,0.84,37.4,0.83,622.0,0.85,113.82,0.86,204.9,0.01,0.01,2363.90235,1776181652000
1776181653.357,153.357,0.17,59.71,0.16,247.0,0.19,15.0,0.2,89.75,0.84,37.4,0.83,622.0,0.85,113.82,0.86,204.9,0.02,0.01,2363.90235,1776181652000
1776181654.034,154.034,0.18,77.93,0.17,192.71,0.19,59.85,0.2,689.75,0.81,15.0,0.8,89.75,0.83,59.71,0.84,247.0,0.01,0.02,2363.90235,1776181652000
1776181654.356,154.356,0.18,77.93,0.17,192.71,0.19,59.85,0.2,689.75,0.81,59.85,0.8,689.75,0.82,77.93,0.83,192.71,0.01,0.01,2364.083766,1776181653000
1776181655.63,155.63,0.18,77.93,0.17,192.71,0.19,59.85,0.2,689.75,0.81,59.85,0.8,689.75,0.82,77.93,0.83,192.71,0.01,0.01,2364.383671,1776181654000
1776181656.478,156.478,0.18,77.93,0.17,192.71,0.19,59.85,0.2,689.75,0.81,59.85,0.8,689.75,0.82,77.93,0.83,192.71,0.01,0.01,2364.477776,1776181655000
1776181656.97,156.97,0.15,158.44,0.14,199.9,0.17,545.0,0.18,297.0,0.81,59.85,0.8,689.75,0.82,77.93,0.83,192.71,0.02,0.01,2364.477776,1776181655000
1776181657.188,157.188,0.15,242.43,0.14,615.0,0.16,45.0,0.17,595.0,0.83,545.0,0.82,297.0,0.85,158.44,0.86,199.9,0.01,0.02,2364.540578,1776181656000
1776181657.463,157.463,0.15,10.55,0.14,367.0,0.16,105.0,0.17,675.0,0.84,45.0,0.83,595.0,0.85,242.43,0.86,615.0,0.01,0.01,2364.540578,1776181656000
1776181658.095,158.095,0.15,6.73,0.14,367.0,0.16,68.53,0.17,675.0,0.84,68.53,0.83,675.0,0.85,6.73,0.86,367.0,0.01,0.01,2364.347522,1776181657000
1776181658.368,158.368,0.15,300.05,0.14,535.0,0.16,10.0,0.17,20.0,0.84,68.53,0.83,675.0,0.85,6.73,0.86,367.0,0.01,0.01,2364.347522,1776181657000
1776181659.12,159.12,0.15,29.05,0.14,287.0,0.18,64.22,0.19,165.0,0.84,10.0,0.83,20.0,0.85,300.05,0.86,535.0,0.03,0.01,2364.347522,1776181657000
1776181659.343,159.343,0.15,68.05,0.14,120.0,0.16,9.75,0.17,237.0,0.82,64.22,0.81,165.0,0.85,29.05,0.86,287.0,0.01,0.03,2364.327474,1776181658000
1776181659.916,159.916,0.15,55.84,0.14,55.0,0.16,687.0,0.17,135.0,0.84,9.75,0.83,237.0,0.85,68.05,0.86,120.0,0.01,0.01,2364.327474,1776181658000
1776181660.3,160.3,0.14,34.84,0.13,43.85,0.16,797.0,0.17,75.0,0.84,687.0,0.83,135.0,0.85,55.84,0.86,55.0,0.02,0.01,2364.327474,1776181658000
1776181661.285,161.285,0.14,34.84,0.13,43.85,0.16,797.0,0.17,75.0,0.84,797.0,0.83,75.0,0.86,34.84,0.87,43.85,0.02,0.02,2364.319948,1776181660000
1776181662.36,162.36,0.12,282.67,0.11,530.0,0.13,65.91,0.14,220.0,0.87,65.91,0.86,220.0,0.88,282.67,0.89,530.0,0.01,0.01,2364.023355,1776181661000
1776181662.879,162.879,0.12,34.67,0.11,287.0,0.13,191.91,0.14,810.0,0.87,676.91,0.86,348.0,0.88,36.67,0.89,50.0,0.01,0.01,2364.023355,1776181661000
1776181663.375,163.375,0.12,30.57,0.11,287.0,0.13,196.91,0.14,982.0,0.87,196.91,0.86,982.0,0.88,30.57,0.89,287.0,0.01,0.01,2363.828611,1776181662000
1776181664.022,164.022,0.11,764.31,0.1,75.0,0.12,31.84,0.13,64.0,0.88,31.84,0.87,64.0,0.89,764.31,0.9,75.0,0.01,0.01,2363.80425,1776181663000
1776181664.337,164.337,0.11,709.87,0.1,75.0,0.12,26.84,0.13,64.0,0.88,31.84,0.87,64.0,0.89,764.31,0.9,75.0,0.01,0.01,2363.80425,1776181663000
1776181665.136,165.136,0.11,709.87,0.1,75.0,0.12,26.84,0.13,64.0,0.88,26.84,0.87,64.0,0.89,709.87,0.9,75.0,0.01,0.01,2363.733933,1776181664000
1776181665.868,165.868,0.11,158.82,0.1,662.0,0.12,31.84,0.13,231.0,0.88,26.84,0.87,64.0,0.89,709.87,0.9,75.0,0.01,0.01,2363.733933,1776181664000
1776181666.168,166.168,0.11,49.38,0.1,777.0,0.12,31.84,0.13,716.0,0.88,31.84,0.87,231.0,0.89,158.82,0.9,662.0,0.01,0.01,2363.733933,1776181664000
1776181666.789,166.789,0.11,49.38,0.1,777.0,0.12,31.84,0.13,716.0,0.88,31.84,0.87,716.0,0.89,49.38,0.9,777.0,0.01,0.01,2363.754926,1776181665000
1776181667.334,167.334,0.11,49.38,0.1,777.0,0.12,31.84,0.13,716.0,0.88,31.84,0.87,716.0,0.89,49.38,0.9,777.0,0.01,0.01,2363.7451,1776181666000
1776181668.356,168.356,0.11,49.38,0.1,777.0,0.12,31.84,0.13,716.0,0.88,31.84,0.87,716.0,0.89,49.38,0.9,777.0,0.01,0.01,2363.7448,1776181667000
1776181668.892,168.892,0.11,49.38,0.1,777.0,0.12,31.84,0.13,716.0,0.88,31.84,0.87,716.0,0.89,49.38,0.9,777.0,0.01,0.01,2363.74117,1776181668000
1776181669.393,169.393,0.08,668.0,0.07,165.0,0.09,3.54,0.1,71.68,0.88,31.84,0.87,716.0,0.89,49.38,0.9,777.0,0.01,0.01,2363.74117,1776181668000
1776181669.973,169.973,0.08,657.13,0.07,165.0,0.09,6.61,0.1,10.0,0.91,3.54,0.9,71.68,0.92,668.0,0.93,165.0,0.01,0.01,2363.74117,1776181668000
1776181670.453,170.453,0.08,669.13,0.07,165.0,0.11,2.31,0.12,15.0,0.91,6.61,0.9,10.0,0.92,657.13,0.93,165.0,0.03,0.01,2363.40286,1776181669000
1776181671.034,171.034,0.08,669.13,0.07,165.0,0.11,2.31,0.12,15.0,0.89,2.31,0.88,15.0,0.92,669.13,0.93,165.0,0.03,0.03,2363.383382,1776181670000
1776181671.515,171.515,0.1,168.88,0.09,540.0,0.11,2.31,0.12,20.0,0.89,2.31,0.88,15.0,0.92,669.13,0.93,165.0,0.01,0.03,2363.383382,1776181670000
1776181671.907,171.907,0.1,168.32,0.09,177.0,0.11,2.31,0.12,20.0,0.89,2.31,0.88,20.0,0.9,168.88,0.91,540.0,0.01,0.01,2363.383382,1776181670000
1776181673.106,173.106,0.08,11.0,0.07,225.0,0.11,172.31,0.12,127.0,0.89,2.31,0.88,20.0,0.9,168.32,0.91,177.0,0.03,0.01,2363.5619,1776181671000
1776181674.202,174.202,0.08,11.0,0.07,225.0,0.11,172.31,0.12,127.0,0.89,172.31,0.88,127.0,0.92,11.0,0.93,225.0,0.03,0.03,2363.6579,1776181673000
1776181674.86,174.86,0.09,791.0,0.08,66.0,0.1,8.0,0.11,7.31,0.89,172.31,0.88,127.0,0.92,11.0,0.93,225.0,0.01,0.03,2363.6579,1776181673000
1776181675.188,175.188,0.09,791.0,0.08,66.0,0.1,8.0,0.11,7.31,0.9,8.0,0.89,7.31,0.91,791.0,0.92,66.0,0.01,0.01,2363.611774,1776181674000
1776181675.517,175.517,0.09,765.35,0.08,72.0,0.1,8.0,0.11,7.31,0.9,8.0,0.89,7.31,0.91,791.0,0.92,66.0,0.01,0.01,2363.611774,1776181674000
1776181676.161,176.161,0.09,765.35,0.08,72.0,0.1,8.0,0.11,7.31,0.9,8.0,0.89,7.31,0.91,765.35,0.92,72.0,0.01,0.01,2363.664655,1776181675000
1776181676.464,176.464,0.09,645.46,0.08,189.0,0.1,13.0,0.11,12.31,0.9,8.0,0.89,7.31,0.91,765.35,0.92,72.0,0.01,0.01,2363.664655,1776181675000
1776181676.803,176.803,0.09,637.21,0.08,183.0,0.1,8.0,0.11,12.31,0.9,8.0,0.89,12.31,0.91,640.51,0.92,189.0,0.01,0.01,2363.664655,1776181675000
1776181677.236,177.236,0.09,637.21,0.08,183.0,0.1,8.0,0.11,12.31,0.9,8.0,0.89,12.31,0.91,637.21,0.92,183.0,0.01,0.01,2363.781165,1776181676000
1776181677.567,177.567,0.09,638.27,0.08,183.0,0.1,8.0,0.11,7.31,0.9,8.0,0.89,12.31,0.91,637.21,0.92,183.0,0.01,0.01,2363.781165,1776181676000
1776181678.27,178.27,0.09,638.27,0.08,183.0,0.1,8.0,0.11,7.31,0.9,8.0,0.89,7.31,0.91,638.27,0.92,183.0,0.01,0.01,2363.7951,1776181677000
1776181678.627,178.627,0.09,630.27,0.08,183.0,0.1,8.0,0.11,7.31,0.9,8.0,0.89,7.31,0.91,638.27,0.92,183.0,0.01,0.01,2363.7951,1776181677000
1776181679.389,179.389,0.09,630.27,0.08,183.0,0.1,8.0,0.11,7.31,0.9,8.0,0.89,7.31,0.91,630.27,0.92,183.0,0.01,0.01,2363.72715,1776181678000
1776181680.462,180.462,0.09,630.27,0.08,183.0,0.1,13.0,0.11,57.31,0.9,13.0,0.89,57.31,0.91,630.27,0.92,183.0,0.01,0.01,2363.7393,1776181679000
1776181681.266,181.266,0.09,121.5,0.08,621.0,0.1,13.0,0.11,174.31,0.9,13.0,0.89,174.31,0.91,121.5,0.92,621.0,0.01,0.01,2363.7393,1776181680000
1776181681.751,181.751,0.09,87.23,0.08,616.0,0.1,123.0,0.11,754.31,0.9,23.0,0.89,274.31,0.91,114.23,0.92,616.0,0.01,0.01,2363.7393,1776181680000
1776181682.406,182.406,0.09,87.23,0.08,616.0,0.1,123.0,0.11,754.31,0.9,123.0,0.89,754.31,0.91,87.23,0.92,616.0,0.01,0.01,2363.6562,1776181681000
1776181682.991,182.991,0.09,101.07,0.08,733.0,0.1,148.0,0.11,279.31,0.9,148.0,0.89,279.31,0.91,101.07,0.92,733.0,0.01,0.01,2363.63755,1776181682000
1776181683.309,183.309,0.09,5.34,0.08,733.0,0.1,128.0,0.11,279.31,0.9,123.0,0.89,279.31,0.91,85.12,0.92,733.0,0.01,0.01,2363.63755,1776181682000
1776181684.077,184.077,0.08,670.18,0.07,208.0,0.1,193.0,0.11,302.31,0.9,128.0,0.89,279.31,0.91,5.34,0.92,733.0,0.02,0.01,2363.63755,1776181682000
1776181685.399,185.399,0.08,840.0,0.07,86.0,0.09,30.0,0.1,115.0,0.9,193.0,0.89,302.31,0.92,670.18,0.93,208.0,0.01,0.02,2363.696013,1776181683000
1776181686.058,186.058,0.09,612.0,0.08,177.0,0.1,9.0,0.11,149.31,0.9,84.0,0.89,127.31,0.92,840.0,0.93,86.0,0.01,0.02,2363.64965,1776181684000
1776181687.426,187.426,0.09,653.9,0.08,177.0,0.1,16.0,0.11,149.31,0.9,16.0,0.89,149.31,0.91,600.0,0.92,177.0,0.01,0.01,2363.639,1776181685000
1776181687.672,187.672,0.09,628.7,0.08,177.0,0.1,16.0,0.11,149.31,0.9,16.0,0.89,149.31,0.91,653.9,0.92,177.0,0.01,0.01,2363.912472,1776181686000
1776181688.037,188.037,0.09,628.7,0.08,177.0,0.1,16.0,0.11,149.31,0.9,16.0,0.89,149.31,0.91,628.7,0.92,177.0,0.01,0.01,2363.91407,1776181687000
1776181688.514,188.514,0.09,485.0,0.08,177.0,0.1,11.0,0.11,199.31,0.9,16.0,0.89,149.31,0.91,628.7,0.92,177.0,0.01,0.01,2363.91407,1776181687000
1776181689.257,189.257,0.07,153.0,0.06,214.81,0.08,29.0,0.1,91.0,0.9,11.0,0.89,199.31,0.91,485.0,0.92,177.0,0.01,0.01,2363.91407,1776181687000
1776181689.591,189.591,0.07,153.0,0.06,214.81,0.08,29.0,0.1,91.0,0.92,29.0,0.9,91.0,0.93,153.0,0.94,214.81,0.01,0.01,2363.900801,1776181688000
1776181690.171,190.171,0.07,628.0,0.06,331.81,0.08,38.37,0.09,60.0,0.92,38.37,0.91,60.0,0.93,628.0,0.94,331.81,0.01,0.01,2363.9483,1776181689000
1776181690.463,190.463,0.07,605.0,0.06,146.01,0.08,33.37,0.09,35.0,0.92,33.37,0.91,85.0,0.93,630.0,0.94,326.81,0.01,0.01,2363.9483,1776181689000
1776181690.714,190.714,0.07,774.0,0.06,146.01,0.09,19.0,0.1,11.0,0.92,33.37,0.91,35.0,0.93,605.0,0.94,146.01,0.02,0.01,2363.9483,1776181689000
1776181691.332,191.332,0.08,23.0,0.07,778.0,0.12,140.67,0.13,65.0,0.88,140.67,0.87,65.0,0.92,23.0,0.93,778.0,0.04,0.04,2363.70535,1776181690000
1776181692.002,192.002,0.11,53.0,0.1,88.0,0.12,125.78,0.13,166.8,0.88,125.78,0.87,166.8,0.89,53.0,0.9,88.0,0.01,0.01,2363.70535,1776181691000
1776181692.981,192.981,0.11,71.31,0.1,800.0,0.13,46.8,0.14,64.8,0.88,125.78,0.87,166.8,0.89,53.0,0.9,88.0,0.02,0.01,2363.70535,1776181691000
1776181694.479,194.479,0.11,71.31,0.1,800.0,0.13,46.8,0.14,64.8,0.87,46.8,0.86,64.8,0.89,71.31,0.9,800.0,0.02,0.02,2364.565669,1776181693000
1776181695.087,195.087,0.11,71.31,0.1,800.0,0.13,46.8,0.14,64.8,0.87,46.8,0.86,64.8,0.89,71.31,0.9,800.0,0.02,0.02,2364.88965,1776181694000
1776181695.938,195.938,0.12,34.0,0.11,130.0,0.14,93.9,0.15,71.4,0.87,46.8,0.86,64.8,0.89,71.31,0.9,800.0,0.02,0.02,2364.88965,1776181694000
1776181696.861,196.861,0.12,6.0,0.11,130.0,0.13,10.0,0.14,88.9,0.87,10.0,0.86,88.9,0.88,6.0,0.89,130.0,0.01,0.01,2364.78895,1776181695000
1776181697.221,197.221,0.12,64.63,0.11,226.79,0.13,6.0,0.14,10.0,0.87,10.0,0.86,88.9,0.88,6.0,0.89,130.0,0.01,0.01,2364.78895,1776181695000
1776181697.423,197.423,0.12,177.07,0.11,226.79,0.13,6.0,0.14,10.0,0.87,6.0,0.86,10.0,0.88,177.07,0.89,226.79,0.01,0.01,2364.67171,1776181696000
1776181697.988,197.988,0.12,177.07,0.11,226.79,0.13,6.0,0.14,10.0,0.87,6.0,0.86,10.0,0.88,177.07,0.89,226.79,0.01,0.01,2364.704256,1776181697000
1776181698.351,198.351,0.12,151.07,0.11,263.58,0.13,6.0,0.15,38.2,0.87,6.0,0.86,10.0,0.88,177.07,0.89,226.79,0.01,0.01,2364.704256,1776181697000
1776181698.941,198.941,0.15,50.29,0.14,113.0,0.16,10.0,0.17,10.0,0.85,38.2,0.84,10.0,0.88,151.07,0.89,263.58,0.01,0.03,2364.704256,1776181697000
1776181699.19,199.19,0.15,4.64,0.14,21.0,0.16,15.0,0.17,70.0,0.84,10.0,0.83,10.0,0.85,146.52,0.86,81.0,0.01,0.01,2364.854643,1776181698000
1776181699.761,199.761,0.15,9.0,0.14,118.29,0.16,15.0,0.17,70.0,0.84,10.0,0.83,20.0,0.85,49.0,0.86,61.29,0.01,0.01,2364.854643,1776181698000
1776181700.038,200.038,0.15,9.0,0.14,118.29,0.16,15.0,0.17,70.0,0.84,15.0,0.83,70.0,0.85,9.0,0.86,118.29,0.01,0.01,2364.896965,1776181699000
1776181700.989,200.989,0.1,5.94,0.09,104.0,0.12,120.0,0.13,32.0,0.84,15.0,0.83,70.0,0.85,9.0,0.86,118.29,0.02,0.01,2364.896965,1776181699000
1776181701.604,201.604,0.1,8.94,0.09,60.0,0.11,56.0,0.12,104.0,0.89,26.0,0.88,141.0,0.9,1.94,0.91,60.0,0.01,0.01,2365.05364,1776181700000
1776181702.049,202.049,0.1,8.94,0.09,60.0,0.11,56.0,0.12,104.0,0.89,56.0,0.88,104.0,0.9,8.94,0.91,60.0,0.01,0.01,2365.060687,1776181701000
1776181702.436,202.436,0.12,47.0,0.11,110.0,0.14,10.0,0.15,65.0,0.89,56.0,0.88,104.0,0.9,8.94,0.91,60.0,0.02,0.01,2365.060687,1776181701000
1776181703.017,203.017,0.12,47.0,0.11,110.0,0.14,10.0,0.15,65.0,0.86,10.0,0.85,65.0,0.88,47.0,0.89,110.0,0.02,0.02,2364.730358,1776181702000
1776181703.999,203.999,0.12,47.0,0.11,110.0,0.14,10.0,0.15,65.0,0.86,10.0,0.85,65.0,0.88,47.0,0.89,110.0,0.02,0.02,2364.650658,1776181703000
1776181704.669,204.669,0.13,27.0,0.12,60.0,0.14,17.85,0.15,15.0,0.86,10.0,0.85,65.0,0.88,47.0,0.89,110.0,0.01,0.02,2364.650658,1776181703000
1776181705.052,205.052,0.13,27.0,0.12,60.0,0.14,17.85,0.15,15.0,0.86,17.85,0.85,15.0,0.87,27.0,0.88,60.0,0.01,0.01,2364.82999,1776181704000
1776181705.528,205.528,0.13,17.0,0.12,15.0,0.15,62.54,0.16,65.0,0.86,17.85,0.85,15.0,0.87,27.0,0.88,60.0,0.02,0.01,2364.82999,1776181704000
1776181705.998,205.998,0.13,17.0,0.12,15.0,0.15,62.54,0.16,65.0,0.85,62.54,0.84,65.0,0.87,17.0,0.88,15.0,0.02,0.02,2364.868635,1776181705000
1776181707.14,207.14,0.13,17.0,0.12,15.0,0.15,62.54,0.16,65.0,0.85,62.54,0.84,65.0,0.87,17.0,0.88,15.0,0.02,0.02,2364.872085,1776181706000
1776181707.61,207.61,0.1,7.0,0.09,109.0,0.12,100.0,0.13,80.0,0.85,62.54,0.84,65.0,0.87,17.0,0.88,15.0,0.02,0.02,2364.872085,1776181706000
1776181708.078,208.078,0.1,7.0,0.09,109.0,0.12,100.0,0.13,80.0,0.88,100.0,0.87,80.0,0.9,7.0,0.91,109.0,0.02,0.02,2364.87347,1776181707000
1776181709.103,209.103,0.1,7.0,0.09,109.0,0.12,100.0,0.13,80.0,0.88,100.0,0.87,80.0,0.9,7.0,0.91,109.0,0.02,0.02,2364.877281,1776181708000
1776181709.574,209.574,0.09,10.0,0.08,15.0,0.1,8.97,0.11,125.0,0.88,100.0,0.87,80.0,0.9,7.0,0.91,109.0,0.01,0.02,2364.877281,1776181708000
1776181709.89,209.89,0.07,95.0,0.06,84.81,0.08,24.0,0.09,108.0,0.9,8.97,0.89,120.0,0.91,5.0,0.92,15.0,0.01,0.01,2364.877281,1776181708000
1776181710.247,210.247,0.07,88.54,0.06,84.81,0.08,79.0,0.09,163.0,0.92,64.0,0.91,103.0,0.93,93.92,0.94,84.81,0.01,0.01,2364.70882,1776181709000
1776181710.49,210.49,0.07,2.46,0.06,84.81,0.08,139.0,0.09,163.0,0.92,79.0,0.91,163.0,0.93,88.54,0.94,84.81,0.01,0.01,2364.70882,1776181709000
1776181711.053,211.053,0.06,83.71,0.05,233.47,0.08,144.0,0.09,163.0,0.92,144.0,0.91,163.0,0.94,83.71,0.95,233.47,0.02,0.02,2364.609636,1776181710000
1776181711.924,211.924,0.06,83.71,0.05,233.47,0.08,144.0,0.09,163.0,0.92,144.0,0.91,163.0,0.94,83.71,0.95,233.47,0.02,0.02,2364.377611,1776181711000
1776181712.505,212.505,0.06,4.32,0.05,227.47,0.08,144.0,0.09,168.0,0.92,144.0,0.91,163.0,0.94,83.71,0.95,233.47,0.02,0.02,2364.377611,1776181711000
1776181712.929,212.929,0.06,13.25,0.05,227.47,0.07,103.0,0.08,149.0,0.93,103.0,0.92,149.0,0.94,13.25,0.95,227.47,0.01,0.01,2364.14875,1776181712000
1776181713.657,213.657,0.05,240.03,0.04,148.8,0.06,75.0,0.07,90.0,0.93,118.0,0.92,144.0,0.95,165.19,0.96,148.8,0.01,0.02,2364.14875,1776181712000
1776181714.273,214.273,0.05,240.03,0.04,148.8,0.06,75.0,0.07,90.0,0.94,75.0,0.93,90.0,0.95,240.03,0.96,148.8,0.01,0.01,2364.039844,1776181713000
1776181714.943,214.943,0.07,1.54,0.06,5.0,0.08,70.25,0.09,120.0,0.92,60.25,0.91,115.0,0.94,10.0,0.95,250.89,0.01,0.02,2364.039844,1776181713000
1776181715.287,215.287,0.07,165.0,0.06,173.8,0.09,3.0,0.1,10.0,0.92,65.25,0.91,120.0,0.94,5.0,0.95,240.03,0.02,0.02,2364.039844,1776181713000
1776181716.25,216.25,0.07,141.67,0.06,173.8,0.09,6.0,0.1,15.0,0.91,6.0,0.9,15.0,0.93,141.67,0.94,173.8,0.02,0.02,2364.125473,1776181715000
1776181716.625,216.625,0.08,155.59,0.07,140.3,0.09,29.39,0.1,75.55,0.91,6.0,0.9,15.0,0.93,141.67,0.94,173.8,0.01,0.02,2364.125473,1776181715000
1776181717.174,217.174,0.08,155.59,0.07,135.3,0.09,26.17,0.1,75.55,0.91,26.17,0.9,75.55,0.92,155.59,0.93,135.3,0.01,0.01,2364.33129,1776181716000
1776181717.994,217.994,0.07,36.0,0.06,68.8,0.08,101.0,0.09,71.17,0.91,26.17,0.9,75.55,0.92,155.59,0.93,135.3,0.01,0.01,2364.33129,1776181716000
1776181718.2,218.2,0.07,36.0,0.06,68.8,0.08,101.0,0.09,71.17,0.92,101.0,0.91,71.17,0.93,36.0,0.94,68.8,0.01,0.01,2364.411872,1776181717000
1776181718.48,218.48,0.06,47.52,0.05,155.03,0.07,56.0,0.08,101.0,0.92,101.0,0.91,71.17,0.93,36.0,0.94,68.8,0.01,0.01,2364.411872,1776181717000
1776181719.096,219.096,0.06,47.52,0.05,155.03,0.07,56.0,0.08,101.0,0.93,56.0,0.92,101.0,0.94,47.52,0.95,155.03,0.01,0.01,2364.398014,1776181718000
1776181720.053,220.053,0.06,47.52,0.05,155.03,0.07,56.0,0.08,101.0,0.93,56.0,0.92,101.0,0.94,47.52,0.95,155.03,0.01,0.01,2364.254115,1776181719000
1776181721.089,221.089,0.06,47.52,0.05,155.03,0.07,56.0,0.08,101.0,0.93,56.0,0.92,101.0,0.94,47.52,0.95,155.03,0.01,0.01,2364.25789,1776181720000
1776181721.41,221.41,0.06,6.8,0.05,161.03,0.07,121.0,0.08,101.0,0.93,56.0,0.92,101.0,0.94,47.52,0.95,155.03,0.01,0.01,2364.25789,1776181720000
1776181721.86,221.86,0.06,5.73,0.05,161.03,0.07,99.0,0.08,101.0,0.93,94.0,0.92,101.0,0.94,6.8,0.95,161.03,0.01,0.01,2364.25789,1776181720000
1776181722.448,222.448,0.06,4.66,0.05,161.03,0.07,94.0,0.08,101.0,0.93,99.0,0.92,101.0,0.94,5.73,0.95,161.03,0.01,0.01,2364.25789,1776181720000
1776181723.077,223.077,0.06,4.66,0.05,161.03,0.07,94.0,0.08,101.0,0.93,94.0,0.92,101.0,0.94,4.66,0.95,161.03,0.01,0.01,2364.215194,1776181722000
1776181723.637,223.637,0.06,4.66,0.05,161.03,0.07,90.43,0.08,80.0,0.93,94.0,0.92,101.0,0.94,4.66,0.95,161.03,0.01,0.01,2364.215194,1776181722000
1776181724.182,224.182,0.06,4.66,0.05,161.03,0.07,90.43,0.08,80.0,0.93,90.43,0.92,80.0,0.94,4.66,0.95,161.03,0.01,0.01,2364.225973,1776181723000
1776181724.662,224.662,0.09,29.83,0.08,112.0,0.1,15.55,0.11,10.0,0.93,90.43,0.92,80.0,0.94,4.66,0.95,161.03,0.01,0.01,2364.225973,1776181723000
1776181724.971,224.971,0.1,9.0,0.09,34.83,0.11,15.0,0.12,10.0,0.88,30.79,0.87,65.0,0.91,34.83,0.92,107.0,0.01,0.03,2364.225973,1776181723000
1776181725.267,225.267,0.1,14.0,0.09,34.83,0.12,21.0,0.13,60.0,0.88,21.0,0.87,60.0,0.9,14.0,0.91,34.83,0.02,0.02,2364.232732,1776181724000
1776181725.494,225.494,0.08,188.99,0.07,245.3,0.11,15.0,0.12,15.0,0.88,21.0,0.87,60.0,0.9,14.0,0.91,34.83,0.03,0.02,2364.232732,1776181724000
1776181725.903,225.903,0.08,188.99,0.07,245.3,0.11,15.0,0.12,15.0,0.89,15.0,0.88,15.0,0.92,188.99,0.93,245.3,0.03,0.03,2364.285955,1776181725000
1776181726.854,226.854,0.1,8.0,0.09,10.0,0.11,75.0,0.12,70.0,0.89,15.0,0.88,65.0,0.9,13.0,0.92,232.89,0.01,0.01,2364.285955,1776181725000
1776181727.099,227.099,0.1,8.0,0.09,10.0,0.11,75.0,0.12,70.0,0.89,75.0,0.88,70.0,0.9,8.0,0.91,10.0,0.01,0.01,2364.762015,1776181726000
1776181728.21,228.21,0.1,8.0,0.09,10.0,0.11,75.0,0.12,70.0,0.89,75.0,0.88,70.0,0.9,8.0,0.91,10.0,0.01,0.01,2364.832365,1776181727000
1776181729.45,229.45,0.08,46.37,0.07,126.3,0.11,80.0,0.12,70.0,0.89,80.0,0.88,70.0,0.92,46.37,0.93,126.3,0.03,0.03,2364.84754,1776181728000
1776181730.196,230.196,0.05,155.03,0.04,132.8,0.06,29.34,0.08,136.0,0.89,80.0,0.88,70.0,0.92,46.37,0.93,126.3,0.01,0.03,2364.84754,1776181728000
1776181730.419,230.419,0.05,155.03,0.04,132.8,0.06,29.34,0.08,136.0,0.94,29.34,0.92,136.0,0.95,155.03,0.96,132.8,0.01,0.01,2364.86678,1776181729000
1776181730.99,230.99,0.05,155.03,0.04,132.8,0.06,29.34,0.08,136.0,0.94,29.34,0.92,136.0,0.95,155.03,0.96,132.8,0.01,0.01,2364.499288,1776181730000
1776181732.051,232.051,0.05,160.03,0.04,132.8,0.06,89.34,0.07,60.0,0.94,89.34,0.93,60.0,0.95,160.03,0.96,132.8,0.01,0.01,2364.33897,1776181731000
1776181732.495,232.495,0.05,150.5,0.04,132.8,0.06,106.34,0.07,60.0,0.94,89.34,0.93,60.0,0.95,160.03,0.96,132.8,0.01,0.01,2364.33897,1776181731000
1776181733.145,233.145,0.05,150.5,0.04,132.8,0.06,106.34,0.07,60.0,0.94,106.34,0.93,60.0,0.95,150.5,0.96,132.8,0.01,0.01,2364.362412,1776181732000
1776181733.493,233.493,0.05,133.97,0.04,132.8,0.06,106.34,0.07,60.0,0.94,106.34,0.93,60.0,0.95,150.5,0.96,132.8,0.01,0.01,2364.362412,1776181732000
1776181733.778,233.778,0.05,133.97,0.04,132.8,0.06,100.83,0.07,60.0,0.94,106.34,0.93,60.0,0.95,133.97,0.96,132.8,0.01,0.01,2364.362412,1776181732000
1776181734.245,234.245,0.05,133.97,0.04,132.8,0.06,100.83,0.07,60.0,0.94,100.83,0.93,60.0,0.95,133.97,0.96,132.8,0.01,0.01,2364.297268,1776181733000
1776181734.826,234.826,0.05,133.97,0.04,132.8,0.06,100.83,0.07,60.0,0.94,100.83,0.93,60.0,0.95,133.97,0.96,132.8,0.01,0.01,2364.277822,1776181734000
1776181735.963,235.963,0.05,133.97,0.04,217.8,0.06,55.0,0.07,55.0,0.94,55.0,0.93,55.0,0.95,133.97,0.96,217.8,0.01,0.01,2364.31449,1776181735000
1776181736.34,236.34,0.07,52.74,0.06,73.8,0.08,80.0,0.09,70.0,0.94,55.0,0.93,55.0,0.95,133.97,0.96,217.8,0.01,0.01,2364.31449,1776181735000
1776181737.353,237.353,0.07,46.13,0.06,73.8,0.08,100.0,0.09,70.0,0.92,100.0,0.91,70.0,0.93,46.13,0.94,73.8,0.01,0.01,2364.566768,1776181736000
1776181738.001,238.001,0.07,21.02,0.06,73.8,0.08,70.0,0.09,70.0,0.92,80.0,0.91,70.0,0.93,36.02,0.94,73.8,0.01,0.01,2364.566768,1776181736000
1776181738.364,238.364,0.07,36.02,0.06,173.8,0.08,16.43,0.09,20.0,0.92,70.0,0.91,70.0,0.93,21.02,0.94,73.8,0.01,0.01,2364.61715,1776181737000
1776181738.62,238.62,0.07,91.32,0.06,173.8,0.09,44.0,0.1,65.0,0.92,16.43,0.91,20.0,0.93,36.02,0.94,173.8,0.02,0.01,2364.61715,1776181737000
1776181738.879,238.879,0.07,91.32,0.06,173.8,0.09,44.0,0.1,65.0,0.91,44.0,0.9,65.0,0.93,91.32,0.94,173.8,0.02,0.02,2364.571575,1776181738000
1776181739.65,239.65,0.1,18.0,0.08,108.9,0.11,10.0,0.12,20.0,0.91,44.0,0.9,65.0,0.93,91.32,0.94,173.8,0.01,0.02,2364.571575,1776181738000
1776181739.961,239.961,0.1,18.0,0.08,108.9,0.11,10.0,0.12,20.0,0.89,10.0,0.88,20.0,0.9,18.0,0.92,108.9,0.01,0.01,2364.608977,1776181739000
1776181740.377,240.377,0.1,216.88,0.09,234.0,0.11,10.0,0.12,10.0,0.89,10.0,0.88,20.0,0.9,18.0,0.92,108.9,0.01,0.01,2364.608977,1776181739000
1776181740.605,240.605,0.1,201.88,0.09,234.0,0.13,10.0,0.14,15.0,0.87,10.0,0.86,15.0,0.9,206.88,0.91,234.0,0.03,0.03,2364.608977,1776181739000
1776181740.869,240.869,0.1,245.76,0.09,234.0,0.13,10.0,0.14,15.0,0.88,10.0,0.87,10.0,0.9,215.76,0.91,234.0,0.03,0.02,2364.608977,1776181739000
1776181741.341,241.341,0.11,148.91,0.1,220.76,0.12,10.0,0.13,15.0,0.87,10.0,0.86,15.0,0.89,99.01,0.9,245.76,0.01,0.02,2364.700959,1776181740000
1776181741.597,241.597,0.14,10.0,0.13,20.0,0.18,36.11,0.19,10.0,0.88,10.0,0.87,15.0,0.89,142.78,0.9,220.76,0.04,0.01,2364.700959,1776181740000
1776181741.9,241.9,0.17,60.0,0.16,110.0,0.22,57.74,0.23,65.0,0.82,0.38,0.81,10.0,0.83,65.0,0.84,60.0,0.05,0.01,2364.700959,1776181740000
1776181742.153,242.153,0.19,10.0,0.18,10.0,0.2,15.0,0.21,15.0,0.78,57.74,0.77,65.0,0.83,60.0,0.84,110.0,0.01,0.05,2364.96424,1776181741000
1776181742.885,242.885,0.18,63.06,0.17,90.0,0.19,116.55,0.2,10.0,0.8,15.0,0.79,15.0,0.81,10.0,0.82,10.0,0.01,0.01,2364.96424,1776181741000
1776181743.229,243.229,0.18,46.55,0.17,90.0,0.19,121.55,0.2,15.0,0.81,121.55,0.8,15.0,0.82,46.55,0.83,90.0,0.01,0.01,2365.46977,1776181742000
1776181743.594,243.594,0.18,39.17,0.17,90.0,0.19,121.55,0.2,15.0,0.81,121.55,0.8,15.0,0.82,46.55,0.83,90.0,0.01,0.01,2365.46977,1776181742000
1776181744.069,244.069,0.18,44.17,0.17,90.0,0.19,115.55,0.2,15.0,0.81,121.55,0.8,15.0,0.82,39.17,0.83,90.0,0.01,0.01,2365.46977,1776181742000
1776181744.433,244.433,0.18,37.63,0.17,90.0,0.19,111.7,0.2,10.0,0.81,106.7,0.8,15.0,0.82,38.98,0.83,90.0,0.01,0.01,2365.866152,1776181743000
1776181744.846,244.846,0.18,26.17,0.17,90.0,0.19,84.7,0.2,15.0,0.81,79.7,0.8,10.0,0.82,34.17,0.83,90.0,0.01,0.01,2365.866152,1776181743000
1776181745.129,245.129,0.18,39.82,0.17,60.0,0.19,6.15,0.21,10.0,0.81,69.43,0.8,5.0,0.82,26.17,0.83,60.0,0.01,0.01,2365.866152,1776181743000
1776181745.486,245.486,0.23,77.57,0.22,15.0,0.24,0.78,0.25,10.0,0.76,0.78,0.75,15.0,0.79,65.0,0.8,9.85,0.01,0.03,2365.969655,1776181744000
1776181745.847,245.847,0.24,5.35,0.23,46.45,0.25,10.0,0.26,15.0,0.75,10.0,0.74,10.0,0.76,29.22,0.77,46.45,0.01,0.01,2365.969655,1776181744000
1776181746.284,246.284,0.23,55.63,0.22,60.0,0.24,15.0,0.25,114.68,0.75,10.0,0.74,15.0,0.77,43.94,0.78,65.0,0.01,0.02,2365.969655,1776181744000
1776181746.915,246.915,0.23,7.24,0.21,115.0,0.24,19.4,0.25,114.68,0.76,14.4,0.75,109.68,0.77,11.12,0.79,115.0,0.01,0.01,2366.049375,1776181745000
1776181747.511,247.511,0.13,10.0,0.12,10.0,0.22,7.76,0.24,506.39,0.76,19.4,0.75,114.68,0.77,7.24,0.79,115.0,0.09,0.01,2366.049375,1776181745000
1776181747.858,247.858,0.12,9.14,0.11,60.0,0.15,30.0,0.16,25.0,0.85,25.0,0.84,20.0,0.87,10.0,0.88,10.0,0.03,0.02,2366.2443,1776181746000
1776181748.394,248.394,0.12,96.64,0.11,135.0,0.14,70.0,0.15,70.0,0.86,15.0,0.85,20.0,0.88,8.64,0.89,60.0,0.02,0.02,2366.2443,1776181746000
1776181748.753,248.753,0.12,2.47,0.11,35.0,0.14,30.0,0.15,75.0,0.86,70.0,0.85,75.0,0.88,46.64,0.89,135.0,0.02,0.02,2366.2911,1776181747000
1776181749.011,249.011,0.12,2.47,0.11,35.0,0.14,30.0,0.15,75.0,0.86,30.0,0.85,75.0,0.88,2.47,0.89,35.0,0.02,0.02,2366.2018,1776181748000
1776181749.37,249.37,0.14,6.52,0.13,10.0,0.16,60.0,0.17,78.0,0.85,10.0,0.84,55.85,0.86,14.3,0.87,20.0,0.02,0.01,2366.2018,1776181748000
1776181749.914,249.914,0.13,35.0,0.12,37.67,0.14,12.2,0.15,15.0,0.84,60.0,0.83,78.0,0.86,6.52,0.87,10.0,0.01,0.02,2366.2018,1776181748000
1776181750.603,250.603,0.13,15.0,0.12,12.67,0.16,57.18,0.17,83.0,0.86,12.2,0.85,15.0,0.87,35.0,0.88,37.67,0.03,0.01,2366.2018,1776181748000
1776181751.127,251.127,0.13,15.0,0.12,12.67,0.16,25.93,0.17,83.0,0.84,25.93,0.83,83.0,0.87,15.0,0.88,12.67,0.03,0.03,2365.706482,1776181750000
1776181751.576,251.576,0.14,18.83,0.13,10.0,0.17,48.0,0.18,85.0,0.84,25.0,0.83,88.0,0.86,18.83,0.87,15.0,0.03,0.02,2365.706482,1776181750000
1776181752.026,252.026,0.15,8.82,0.14,18.83,0.17,63.0,0.18,95.0,0.83,48.0,0.82,85.0,0.86,18.83,0.87,10.0,0.02,0.03,2365.706482,1776181750000
1776181752.59,252.59,0.15,7.64,0.14,18.83,0.17,63.0,0.18,95.0,0.83,63.0,0.82,95.0,0.85,8.82,0.86,18.83,0.02,0.02,2365.697165,1776181751000
1776181753.126,253.126,0.15,7.64,0.14,18.83,0.17,63.0,0.18,95.0,0.83,63.0,0.82,95.0,0.85,7.64,0.86,18.83,0.02,0.02,2365.716938,1776181752000
1776181753.398,253.398,0.12,12.67,0.11,10.0,0.13,12.0,0.14,5.0,0.85,62.0,0.84,145.99,0.87,10.0,0.88,12.67,0.01,0.02,2365.716938,1776181752000
1776181753.723,253.723,0.1,13.88,0.09,10.0,0.11,49.0,0.12,36.33,0.89,19.0,0.88,36.33,0.9,15.0,0.91,10.0,0.01,0.01,2365.716938,1776181752000
1776181754.135,254.135,0.1,2.76,0.09,10.0,0.11,44.0,0.12,36.33,0.89,44.0,0.88,36.33,0.9,2.76,0.91,10.0,0.01,0.01,2365.719968,1776181753000
1776181754.634,254.634,0.1,8.66,0.09,7.56,0.11,99.0,0.12,71.33,0.89,94.0,0.88,71.33,0.9,9.9,0.91,7.56,0.01,0.01,2365.719968,1776181753000
1776181754.995,254.995,0.1,3.66,0.09,7.56,0.11,53.54,0.12,71.33,0.89,53.54,0.88,71.33,0.9,8.66,0.91,7.56,0.01,0.01,2365.719968,1776181753000
1776181755.393,255.393,0.1,15.66,0.09,7.56,0.11,48.54,0.12,71.33,0.89,53.54,0.88,71.33,0.9,3.66,0.91,7.56,0.01,0.01,2365.669021,1776181754000
1776181755.694,255.694,0.07,6.42,0.06,73.8,0.11,63.08,0.12,137.33,0.89,3.08,0.88,71.33,0.9,15.66,0.91,7.56,0.04,0.01,2365.669021,1776181754000
1776181756.034,256.034,0.1,4.94,0.09,10.0,0.11,85.08,0.12,145.22,0.89,63.08,0.88,189.32,0.93,3.42,0.94,73.8,0.01,0.04,2365.669021,1776181754000
1776181756.476,256.476,0.09,15.16,0.08,10.0,0.1,76.0,0.11,115.08,0.89,85.08,0.88,145.22,0.9,4.94,0.91,10.0,0.01,0.01,2365.409604,1776181755000
1776181757.067,257.067,0.09,15.16,0.08,10.0,0.1,76.0,0.11,115.08,0.9,76.0,0.89,115.08,0.91,15.16,0.92,10.0,0.01,0.01,2365.350577,1776181756000
1776181757.295,257.295,0.09,2.57,0.08,10.0,0.1,190.03,0.11,125.08,0.9,76.0,0.89,115.08,0.91,15.16,0.92,10.0,0.01,0.01,2365.350577,1776181756000
1776181757.606,257.606,0.09,12.71,0.08,10.0,0.1,200.03,0.11,120.08,0.9,190.03,0.89,125.08,0.91,2.57,0.92,10.0,0.01,0.01,2365.350577,1776181756000
1776181758.067,258.067,0.09,9.8,0.08,10.0,0.1,200.03,0.11,140.08,0.9,200.03,0.89,140.08,0.91,9.8,0.92,10.0,0.01,0.01,2365.273274,1776181757000
1776181759.096,259.096,0.08,2.0,0.07,3.42,0.09,191.98,0.1,81.0,0.91,191.98,0.9,81.0,0.92,2.0,0.93,3.42,0.01,0.01,2365.25978,1776181758000
1776181759.859,259.859,0.08,13.91,0.07,3.42,0.09,167.2,0.1,127.0,0.91,191.98,0.9,81.0,0.92,2.0,0.93,3.42,0.01,0.01,2365.25978,1776181758000
1776181760.162,260.162,0.08,13.91,0.07,3.42,0.09,167.2,0.1,127.0,0.91,167.2,0.9,127.0,0.92,13.91,0.93,3.42,0.01,0.01,2365.209434,1776181759000
1776181761.143,261.143,0.07,3.42,0.06,10.0,0.09,87.49,0.1,137.0,0.91,87.49,0.9,137.0,0.93,3.42,0.94,10.0,0.02,0.02,2365.209665,1776181760000
1776181761.489,261.489,0.08,10.0,0.07,3.42,0.09,79.61,0.1,211.38,0.91,87.49,0.9,137.0,0.93,3.42,0.94,10.0,0.01,0.02,2365.209665,1776181760000
1776181762.104,262.104,0.08,21.91,0.07,3.42,0.09,129.61,0.1,167.9,0.91,79.61,0.9,211.38,0.92,10.0,0.93,3.42,0.01,0.01,2365.209665,1776181760000
1776181762.538,262.538,0.08,3.91,0.07,3.42,0.09,159.6,0.1,188.8,0.91,129.61,0.9,167.9,0.92,21.91,0.93,3.42,0.01,0.01,2365.232556,1776181761000
1776181762.78,262.78,0.06,10.0,0.05,121.67,0.09,168.5,0.1,188.8,0.91,159.6,0.9,188.8,0.92,3.91,0.93,3.42,0.03,0.01,2365.232556,1776181761000
1776181763.454,263.454,0.06,10.0,0.05,121.67,0.09,168.5,0.1,188.8,0.91,168.5,0.9,188.8,0.94,10.0,0.95,121.67,0.03,0.03,2365.203237,1776181762000
1776181764.017,264.017,0.06,10.0,0.05,121.67,0.09,168.5,0.1,188.8,0.91,168.5,0.9,188.8,0.94,10.0,0.95,121.67,0.03,0.03,2365.197558,1776181763000
1776181765.016,265.016,0.06,10.0,0.05,121.67,0.09,168.5,0.1,188.8,0.91,168.5,0.9,188.8,0.94,10.0,0.95,121.67,0.03,0.03,2365.200206,1776181764000
1776181765.561,265.561,0.06,10.0,0.05,116.67,0.08,122.0,0.09,146.48,0.92,79.0,0.91,185.47,0.93,6.77,0.94,26.83,0.02,0.01,2365.200206,1776181764000
1776181766.095,266.095,0.05,101.22,0.04,128.8,0.06,34.0,0.08,118.0,0.94,34.0,0.92,118.0,0.95,101.22,0.96,128.8,0.01,0.01,2365.184622,1776181765000
1776181767.276,267.276,0.05,101.22,0.04,128.8,0.06,34.0,0.08,118.0,0.94,34.0,0.92,118.0,0.95,101.22,0.96,128.8,0.01,0.01,2365.18195,1776181766000
1776181767.518,267.518,0.05,114.42,0.04,30.0,0.06,94.0,0.07,136.38,0.94,34.0,0.92,118.0,0.95,101.22,0.96,128.8,0.01,0.01,2365.18195,1776181766000
1776181768.283,268.283,0.05,109.42,0.04,30.0,0.06,89.0,0.07,136.38,0.94,89.0,0.93,136.38,0.95,109.42,0.96,30.0,0.01,0.01,2365.161204,1776181767000
1776181768.757,268.757,0.05,51.26,0.04,30.0,0.06,94.0,0.07,136.38,0.94,89.0,0.93,136.38,0.95,109.42,0.96,30.0,0.01,0.01,2365.161204,1776181767000
1776181769.006,269.006,0.05,22.73,0.04,30.0,0.06,89.0,0.07,150.38,0.94,94.0,0.93,136.38,0.95,51.26,0.96,30.0,0.01,0.01,2365.161204,1776181767000
1776181769.253,269.253,0.04,22.39,0.03,219.7,0.06,94.0,0.07,160.38,0.94,89.0,0.93,150.38,0.95,22.73,0.96,30.0,0.02,0.01,2365.161204,1776181767000
1776181769.878,269.878,0.05,4.71,0.04,47.64,0.06,258.84,0.07,125.0,0.94,94.0,0.93,160.38,0.96,22.39,0.97,219.7,0.01,0.02,2365.161976,1776181768000
1776181770.23,270.23,0.04,38.91,0.03,219.7,0.06,248.84,0.07,89.1,0.94,253.84,0.93,139.1,0.95,1.71,0.96,47.64,0.02,0.01,2365.161976,1776181768000
1776181770.434,270.434,0.04,28.49,0.03,219.7,0.06,258.84,0.07,103.1,0.94,248.84,0.93,89.1,0.96,38.91,0.97,219.7,0.02,0.02,2365.161976,1776181768000
1776181771.056,271.056,0.05,98.0,0.04,2.19,0.06,263.84,0.07,115.09,0.94,253.84,0.93,103.1,0.96,2.19,0.97,219.7,0.01,0.02,2365.140063,1776181769000
1776181771.444,271.444,0.05,59.0,0.04,2.19,0.06,258.84,0.07,130.1,0.94,263.84,0.93,115.09,0.95,98.0,0.96,2.19,0.01,0.01,2365.141086,1776181770000
1776181771.919,271.919,0.05,59.0,0.04,2.19,0.06,384.16,0.07,170.87,0.94,258.84,0.93,130.1,0.95,59.0,0.96,2.19,0.01,0.01,2365.141086,1776181770000
1776181772.313,272.313,0.05,5.47,0.04,2.19,0.06,198.73,0.07,171.4,0.94,327.16,0.93,170.87,0.95,5.47,0.96,2.19,0.01,0.01,2365.167518,1776181771000
1776181773.162,273.162,0.05,4.41,0.04,2.19,0.06,203.73,0.07,171.4,0.94,203.73,0.93,171.4,0.95,4.41,0.96,2.19,0.01,0.01,2365.167949,1776181772000
1776181773.528,273.528,0.04,8.95,0.03,124.37,0.05,35.0,0.06,228.94,0.94,199.84,0.93,171.4,0.97,90.71,0.98,578.91,0.01,0.03,2365.167949,1776181772000
1776181773.778,273.778,0.03,121.43,0.02,578.91,0.05,196.59,0.06,96.1,0.95,30.0,0.94,228.94,0.96,7.32,0.97,124.37,0.02,0.01,2365.167949,1776181772000
1776181774.257,274.257,0.03,121.43,0.02,578.91,0.05,196.59,0.06,96.1,0.95,196.59,0.94,96.1,0.97,121.43,0.98,578.91,0.02,0.02,2365.081266,1776181773000
1776181774.718,274.718,0.03,119.43,0.02,578.91,0.04,209.2,0.05,50.0,0.95,196.59,0.94,96.1,0.97,121.43,0.98,578.91,0.01,0.02,2365.081266,1776181773000
1776181774.922,274.922,0.03,113.39,0.02,578.91,0.04,209.2,0.05,55.0,0.96,209.2,0.95,50.0,0.97,119.43,0.98,578.91,0.01,0.01,2365.081266,1776181773000
1776181775.25,275.25,0.03,108.23,0.02,395.21,0.04,214.2,0.05,55.0,0.96,209.2,0.95,55.0,0.97,113.39,0.98,578.91,0.01,0.01,2365.081266,1776181773000
1776181775.985,275.985,0.03,108.23,0.02,395.21,0.04,214.2,0.05,55.0,0.96,214.2,0.95,55.0,0.97,108.23,0.98,395.21,0.01,0.01,2365.131315,1776181775000
1776181776.213,276.213,0.03,69.41,0.02,395.21,0.04,283.19,0.05,189.57,0.96,214.2,0.95,55.0,0.97,108.23,0.98,395.21,0.01,0.01,2365.131315,1776181775000
1776181776.806,276.806,0.03,0.92,0.02,395.21,0.04,455.19,0.05,139.1,0.96,268.19,0.95,189.57,0.97,3.75,0.98,395.21,0.01,0.01,2365.131315,1776181775000
1776181777.228,277.228,0.02,406.11,0.01,2234.19,0.03,157.91,0.04,426.3,0.97,190.0,0.96,431.3,0.98,406.11,0.99,2234.19,0.01,0.01,2365.131315,1776181775000
1776181777.503,277.503,0.02,383.43,0.01,2234.19,0.03,148.57,0.04,426.3,0.97,148.57,0.96,426.3,0.98,395.9,0.99,2234.19,0.01,0.01,2365.131315,1776181775000
1776181777.95,277.95,0.02,347.54,0.01,2234.19,0.03,319.51,0.04,241.93,0.97,143.57,0.96,426.3,0.98,354.08,0.99,2234.19,0.01,0.01,2365.262843,1776181776000
1776181778.368,278.368,0.02,347.54,0.01,2234.19,0.03,319.51,0.04,241.93,0.97,319.51,0.96,241.93,0.98,347.54,0.99,2234.19,0.01,0.01,2364.900459,1776181777000
1776181778.884,278.884,0.02,342.45,0.01,2134.19,0.03,371.51,0.04,236.93,0.97,319.51,0.96,241.93,0.98,347.54,0.99,2234.19,0.01,0.01,2364.900459,1776181777000
1776181779.103,279.103,0.02,332.24,0.01,2134.19,0.03,384.51,0.04,236.93,0.97,371.51,0.96,236.93,0.98,342.45,0.99,2134.19,0.01,0.01,2364.900459,1776181777000
1776181779.44,279.44,0.02,195.69,0.01,2134.19,0.03,370.51,0.04,241.93,0.97,365.51,0.96,241.93,0.98,330.19,0.99,2134.19,0.01,0.01,2364.811611,1776181778000
1776181780.044,280.044,0.02,175.69,0.01,2134.19,0.03,403.51,0.04,50.83,0.97,370.51,0.96,241.93,0.98,195.69,0.99,2134.19,0.01,0.01,2364.811611,1776181778000
1776181780.331,280.331,0.02,150.17,0.01,2134.19,0.03,408.51,0.04,180.83,0.97,403.51,0.96,50.83,0.98,175.69,0.99,2134.19,0.01,0.01,2364.811611,1776181778000
1776181780.58,280.58,0.02,30.28,0.01,2134.19,0.03,440.51,0.04,180.83,0.97,440.51,0.96,180.83,0.98,120.23,0.99,2134.19,0.01,0.01,2364.811611,1776181778000
1776181780.989,280.989,0.01,2028.17,,,0.02,5.0,0.03,440.51,0.97,435.51,0.96,180.83,0.99,2134.19,,,0.01,0.02,2364.777715,1776181779000
1776181781.234,281.234,0.01,2018.17,,,0.02,5.0,0.03,440.51,0.98,5.0,0.97,440.51,0.99,2023.17,,,0.01,0.01,2364.777715,1776181779000
1776181781.633,281.633,0.01,1998.17,,,0.02,10.0,0.03,435.51,0.98,10.0,0.97,435.51,0.99,1998.17,,,0.01,0.01,2364.68627,1776181780000
1776181781.911,281.911,0.01,1427.12,,,0.02,187.6,0.03,311.57,0.98,187.6,0.97,311.57,0.99,1432.17,,,0.01,0.01,2364.68627,1776181780000
1776181782.13,282.13,0.01,1425.12,,,0.02,187.6,0.03,311.57,0.98,187.6,0.97,311.57,0.99,1425.12,,,0.01,0.01,2364.665495,1776181781000
1776181782.45,282.45,0.01,705.93,,,0.02,187.6,0.03,311.57,0.98,187.6,0.97,311.57,0.99,712.93,,,0.01,0.01,2364.665495,1776181781000
1776181782.699,282.699,0.01,702.88,,,0.02,197.6,0.03,301.57,0.98,187.6,0.97,311.57,0.99,704.91,,,0.01,0.01,2364.665495,1776181781000
1776181783.082,283.082,0.01,657.88,,,0.02,264.18,0.03,332.46,0.98,196.0,0.97,301.57,0.99,697.88,,,0.01,0.01,2364.665495,1776181781000
1776181783.694,283.694,0.01,655.04,,,0.02,235.17,0.03,332.46,0.98,235.17,0.97,332.46,0.99,655.04,,,0.01,0.01,2364.632323,1776181782000
1776181783.988,283.988,0.01,579.28,,,0.02,279.18,0.03,332.46,0.98,254.18,0.97,332.46,0.99,634.83,,,0.01,0.01,2364.632323,1776181782000
1776181784.289,284.289,0.01,555.45,,,0.02,281.5,0.03,332.46,0.98,279.18,0.97,332.46,0.99,575.66,,,0.01,0.01,2364.632323,1776181782000
1776181784.615,284.615,0.01,510.36,,,0.02,313.5,0.03,332.46,0.98,308.5,0.97,332.46,0.99,535.72,,,0.01,0.01,2364.632323,1776181782000
1776181784.913,284.913,0.01,508.36,,,0.02,308.5,0.03,332.46,0.98,313.5,0.97,332.46,0.99,510.36,,,0.01,0.01,2364.632323,1776181782000
1776181785.515,285.515,,,,,0.01,2031.79,0.02,349.5,0.98,308.5,0.97,332.46,0.99,493.21,,,,0.01,2364.660226,1776181783000
1776181785.752,285.752,,,,,0.01,2031.79,0.02,349.5,0.99,2031.79,0.98,349.5,,,,,,,2364.645925,1776181784000
1776181785.971,285.971,,,,,0.01,2126.27,0.02,208.5,0.99,2031.79,0.98,349.5,,,,,,,2364.645925,1776181784000
1776181786.195,286.195,,,,,0.01,2112.53,0.02,208.5,0.99,2113.61,0.98,208.5,,,,,,,2364.645925,1776181784000
1776181786.472,286.472,,,,,0.01,2111.44,0.02,208.5,0.99,2112.53,0.98,208.5,,,,,,,2364.645925,1776181784000
1776181786.886,286.886,,,,,0.01,2109.17,0.02,261.5,0.99,2111.44,0.98,208.5,,,,,,,2364.645842,1776181785000
1776181787.339,287.339,,,,,0.01,2289.42,0.02,261.5,0.99,2106.9,0.98,261.5,,,,,,,2364.645842,1776181785000
1776181788.541,288.541,,,,,0.01,2289.42,0.02,261.5,0.99,2289.42,0.98,261.5,,,,,,,2364.666807,1776181787000
1776181788.795,288.795,,,,,0.01,2476.36,0.02,310.61,0.99,2289.42,0.98,261.5,,,,,,,2364.666807,1776181787000
1776181789.423,289.423,,,,,0.01,2476.36,0.02,310.61,0.99,2476.36,0.98,310.61,,,,,,,2364.631403,1776181788000
1776181789.848,289.848,,,,,0.01,2550.9,0.02,310.61,0.99,2476.36,0.98,310.61,,,,,,,2364.631403,1776181788000
1776181790.098,290.098,,,,,0.01,2550.9,0.02,310.61,0.99,2550.9,0.98,310.61,,,,,,,2364.563517,1776181789000
1776181790.931,290.931,,,,,0.01,2453.96,0.02,339.5,0.99,2550.9,0.98,310.61,,,,,,,2364.563517,1776181789000
1776181791.448,291.448,,,,,0.01,2434.59,0.02,339.5,0.99,2434.59,0.98,339.5,,,,,,,2364.512468,1776181790000
1776181791.813,291.813,,,,,0.01,391.96,0.02,81.4,0.99,421.96,0.98,270.5,,,,,,,2364.512468,1776181790000
1776181792.061,292.061,,,,,0.01,311.96,0.02,101.5,0.99,311.96,0.98,101.5,,,,,,,2364.536585,1776181791000
1776181792.956,292.956,,,,,0.01,297.37,0.02,81.4,0.99,311.96,0.98,101.5,,,,,,,2364.536585,1776181791000
1776181793.505,293.505,,,,,0.01,297.37,0.02,81.4,0.99,297.37,0.98,81.4,,,,,,,2365.220177,1776181792000
1776181794.223,294.223,,,,,0.01,275.71,0.02,52.51,0.99,275.71,0.98,52.51,,,,,,,2365.289459,1776181793000
1776181794.863,294.863,,,,,0.01,165.71,0.02,42.51,0.99,275.71,0.98,52.51,,,,,,,2365.289459,1776181793000
1776181795.576,295.576,,,,,0.01,165.71,0.02,42.51,0.99,165.71,0.98,42.51,,,,,,,2365.485812,1776181794000
1776181796.461,296.461,,,,,0.01,305.71,0.02,137.61,0.99,305.71,0.98,137.61,,,,,,,2365.59551,1776181795000
1776181796.964,296.964,,,,,0.01,305.71,0.02,137.61,0.99,305.71,0.98,137.61,,,,,,,2365.605185,1776181796000
1776181797.894,297.894,,,,,0.01,305.71,0.02,137.61,0.99,305.71,0.98,137.61,,,,,,,2365.616099,1776181797000
1776181798.889,298.889,,,,,0.01,305.71,0.02,137.61,0.99,305.71,0.98,137.61,,,,,,,2365.576509,1776181798000
1776181800.298,300.298,,,,,0.01,305.71,0.02,137.61,0.99,305.71,0.98,137.61,,,,,,,2365.595309,1776181799000
1776181801.184,301.184,,,,,0.01,305.71,0.02,137.61,0.99,305.71,0.98,137.61,,,,,,,2365.619516,1776181800000
1776181802.213,302.213,,,,,0.01,305.71,0.02,137.61,0.99,305.71,0.98,137.61,,,,,,,2365.555206,1776181801000

# RESULT,winner=Down,slug=eth-updown-5m-1776181500,ticks=616
