timestamp,elapsed_sec,up_bid_p1,up_bid_s1,up_bid_p2,up_bid_s2,up_ask_p1,up_ask_s1,up_ask_p2,up_ask_s2,down_bid_p1,down_bid_s1,down_bid_p2,down_bid_s2,down_ask_p1,down_ask_s1,down_ask_p2,down_ask_s2,up_spread,down_spread,eth_price,eth_oracle_ts
1776366000.543,0.543,0.37,216.0,0.36,37.0,0.44,129.15,0.45,20.0,0.57,12.16,0.56,140.0,0.63,216.0,0.64,37.0,0.07,0.06,2343.539158,1776365999000
1776366000.765,0.765,0.37,216.0,0.36,37.0,0.48,327.66,0.49,118.26,0.53,42.61,0.52,355.05,0.63,216.0,0.64,37.0,0.11,0.1,2343.539158,1776365999000
1776366001.268,1.268,0.43,5.0,0.42,100.0,0.48,10.82,0.49,353.67,0.52,26.82,0.51,324.26,0.63,216.0,0.64,37.0,0.05,0.11,2343.539158,1776365999000
1776366001.811,1.811,0.48,5.0,0.47,19.0,0.49,339.49,0.5,15.0,0.51,348.49,0.5,15.0,0.57,5.0,0.58,100.0,0.01,0.06,2343.713932,1776366000000
1776366002.063,2.063,0.48,18.0,0.43,130.0,0.49,331.49,0.5,15.0,0.51,339.49,0.5,15.0,0.52,5.0,0.53,19.0,0.01,0.01,2343.833958,1776366001000
1776366002.47,2.47,0.48,18.0,0.45,5.0,0.49,280.67,0.5,15.0,0.51,321.49,0.5,15.0,0.52,18.0,0.57,130.0,0.01,0.01,2343.833958,1776366001000
1776366003.05,3.05,0.45,5.0,0.44,5.0,0.49,275.67,0.5,15.0,0.51,275.67,0.5,15.0,0.52,18.0,0.55,5.0,0.04,0.01,2343.833958,1776366001000
1776366003.271,3.271,0.46,60.0,0.45,5.0,0.47,4.5,0.49,261.58,0.51,261.58,0.5,15.0,0.54,60.0,0.55,5.0,0.01,0.03,2344.8072,1776366002000
1776366003.539,3.539,0.46,60.0,0.45,5.0,0.49,45.83,0.5,15.0,0.51,49.88,0.5,15.0,0.54,60.0,0.55,5.0,0.03,0.03,2344.8072,1776366002000
1776366003.788,3.788,0.46,10.0,0.45,5.0,0.49,41.78,0.5,15.0,0.51,45.83,0.5,15.0,0.54,60.0,0.55,5.0,0.03,0.03,2344.8072,1776366002000
1776366004.023,4.023,0.43,31.25,0.42,125.0,0.47,67.44,0.49,36.78,0.53,97.44,0.51,36.78,0.57,31.25,0.58,125.0,0.04,0.04,2344.8072,1776366002000
1776366004.226,4.226,0.46,10.0,0.45,10.0,0.49,46.53,0.5,15.0,0.53,67.44,0.51,36.78,0.57,31.25,0.58,125.0,0.03,0.04,2344.8072,1776366002000
1776366004.537,4.537,0.48,10.0,0.47,10.0,0.49,15.99,0.5,15.0,0.53,25.0,0.51,46.53,0.54,10.0,0.55,10.0,0.01,0.01,2345.459641,1776366003000
1776366004.745,4.745,0.47,14.0,0.46,10.0,0.5,9.37,0.51,72.93,0.51,10.99,0.5,15.0,0.53,14.0,0.54,10.0,0.03,0.02,2345.459641,1776366003000
1776366004.997,4.997,0.5,10.0,0.49,15.0,0.51,58.11,0.54,30.0,0.49,63.11,0.46,30.0,0.51,15.0,0.52,28.0,0.01,0.02,2345.459641,1776366003000
1776366005.252,5.252,0.5,5.0,0.49,10.0,0.51,88.11,0.52,10.0,0.49,58.11,0.46,30.0,0.5,6.0,0.51,15.0,0.01,0.01,2345.459641,1776366003000
1776366005.493,5.493,0.52,4.25,0.51,65.0,0.55,5.56,0.59,30.0,0.49,70.01,0.45,5.56,0.5,10.0,0.51,29.76,0.03,0.01,2345.452066,1776366004000
1776366005.696,5.696,0.53,4.68,0.52,19.61,0.54,332.88,0.55,5.56,0.46,374.68,0.45,5.56,0.47,4.68,0.48,19.61,0.01,0.01,2345.452066,1776366004000
1776366005.906,5.906,0.52,19.29,0.51,59.64,0.54,306.31,0.55,5.56,0.46,311.31,0.45,5.56,0.48,19.29,0.49,59.64,0.02,0.02,2345.452066,1776366004000
1776366006.205,6.205,0.53,117.99,0.52,19.29,0.54,268.49,0.55,5.56,0.46,273.49,0.45,5.56,0.48,19.29,0.49,9.64,0.01,0.02,2345.468439,1776366005000
1776366006.561,6.561,0.53,95.73,0.52,19.29,0.54,253.49,0.55,5.56,0.46,253.49,0.45,5.56,0.47,111.73,0.48,19.29,0.01,0.01,2345.468439,1776366005000
1776366006.848,6.848,0.53,124.93,0.52,19.29,0.54,233.49,0.55,5.56,0.46,243.49,0.45,5.56,0.47,124.93,0.48,19.29,0.01,0.01,2345.468439,1776366005000
1776366007.132,7.132,0.53,45.93,0.52,10.0,0.54,215.79,0.55,5.56,0.46,220.79,0.45,5.56,0.47,45.93,0.48,10.0,0.01,0.01,2345.468439,1776366005000
1776366007.461,7.461,0.53,73.8,0.52,10.0,0.54,213.1,0.55,5.56,0.46,215.79,0.45,5.56,0.47,38.8,0.48,10.0,0.01,0.01,2345.468439,1776366005000
1776366007.789,7.789,0.53,47.87,0.52,10.0,0.54,187.89,0.55,5.56,0.46,197.89,0.45,5.56,0.47,76.67,0.48,10.0,0.01,0.01,2345.468439,1776366005000
1776366007.993,7.993,0.53,27.34,0.52,15.0,0.54,177.7,0.55,5.56,0.46,177.7,0.45,5.56,0.47,58.87,0.48,15.0,0.01,0.01,2345.389132,1776366006000
1776366008.241,8.241,0.53,29.08,0.52,10.0,0.54,171.91,0.55,5.56,0.46,177.7,0.45,5.56,0.47,27.34,0.48,15.0,0.01,0.01,2345.389132,1776366006000
1776366008.518,8.518,0.53,39.08,0.52,10.0,0.54,136.29,0.55,5.56,0.46,141.29,0.45,5.56,0.47,29.08,0.48,10.0,0.01,0.01,2345.389132,1776366006000
1776366008.773,8.773,0.53,41.54,0.52,10.0,0.54,129.16,0.55,5.56,0.46,137.08,0.45,5.56,0.47,31.54,0.48,10.0,0.01,0.01,2345.389132,1776366006000
1776366009.074,9.074,0.53,24.2,0.52,10.0,0.54,115.05,0.55,5.56,0.46,109.26,0.45,5.56,0.47,25.0,0.48,10.0,0.01,0.01,2345.58766,1776366007000
1776366009.81,9.81,0.48,60.0,0.47,10.0,0.54,115.55,0.55,15.56,0.46,115.05,0.45,5.56,0.47,24.2,0.48,10.0,0.06,0.01,2345.410441,1776366008000
1776366010.042,10.042,0.49,8.03,0.48,50.0,0.51,5.0,0.52,15.0,0.46,115.55,0.45,15.56,0.52,60.0,0.53,10.0,0.02,0.06,2345.410441,1776366008000
1776366010.629,10.629,0.49,18.53,0.48,90.91,0.51,9.2,0.52,50.0,0.49,5.0,0.48,15.0,0.51,8.03,0.52,50.0,0.02,0.02,2345.396972,1776366009000
1776366010.887,10.887,0.48,83.44,0.47,10.0,0.51,9.2,0.52,50.0,0.49,9.2,0.48,50.0,0.51,12.53,0.52,90.91,0.03,0.02,2345.396972,1776366009000
1776366011.202,11.202,0.51,26.11,0.5,28.0,0.53,5.0,0.54,130.55,0.48,38.63,0.47,15.0,0.5,47.2,0.51,10.0,0.02,0.02,2345.396972,1776366009000
1776366011.729,11.729,0.53,130.5,0.52,60.5,0.54,92.77,0.55,5.56,0.47,5.0,0.46,130.55,0.49,26.11,0.5,28.0,0.01,0.02,2345.396972,1776366009000
1776366012.22,12.22,0.53,80.5,0.52,10.5,0.54,144.19,0.55,15.56,0.46,84.99,0.45,5.56,0.47,130.5,0.48,60.5,0.01,0.01,2345.11211,1776366010000
1776366012.527,12.527,0.53,93.61,0.52,20.5,0.54,94.99,0.55,5.56,0.46,124.99,0.45,15.56,0.47,50.5,0.48,10.5,0.01,0.01,2345.020181,1776366011000
1776366012.772,12.772,0.53,72.81,0.5,95.5,0.54,129.69,0.55,26.06,0.46,99.99,0.45,26.06,0.47,76.07,0.5,95.5,0.01,0.01,2345.020181,1776366011000
1776366013.155,13.155,0.53,3.63,0.5,85.0,0.54,126.49,0.55,26.06,0.46,129.69,0.45,26.06,0.47,67.33,0.5,95.5,0.01,0.01,2345.020181,1776366011000
1776366013.466,13.466,0.52,86.0,0.51,10.0,0.53,12.92,0.54,94.99,0.46,126.49,0.45,26.06,0.47,3.63,0.5,85.0,0.01,0.01,2345.020181,1776366012000
1776366013.95,13.95,0.53,20.0,0.52,70.5,0.54,84.89,0.55,5.56,0.46,84.99,0.45,5.56,0.47,5.0,0.48,60.0,0.01,0.01,2345.020181,1776366012000
1776366014.169,14.169,0.53,80.0,0.52,70.5,0.54,71.12,0.55,5.56,0.46,79.89,0.45,5.56,0.47,20.0,0.48,70.5,0.01,0.01,2345.020181,1776366012000
1776366014.429,14.429,0.53,65.0,0.52,70.5,0.59,20.0,0.61,16.0,0.46,61.12,0.45,5.56,0.47,65.0,0.48,70.5,0.06,0.01,2345.020181,1776366012000
1776366015.414,15.414,0.6,10.0,0.59,35.0,0.61,43.4,0.62,16.0,0.41,20.0,0.39,16.0,0.42,6.6,0.47,65.0,0.01,0.01,2345.121858,1776366013000
1776366015.676,15.676,0.59,25.0,0.58,10.0,0.61,10.0,0.62,10.0,0.39,34.92,0.38,16.0,0.41,25.0,0.42,10.0,0.02,0.02,2345.121858,1776366014000
1776366015.991,15.991,0.59,10.0,0.54,9.25,0.6,32.16,0.61,3.4,0.39,3.4,0.38,10.0,0.41,20.0,0.42,10.0,0.01,0.02,2345.121858,1776366014000
1776366016.234,16.234,0.59,7.07,0.58,5.0,0.6,35.0,0.61,13.4,0.4,21.73,0.39,3.4,0.41,10.0,0.46,19.25,0.01,0.01,2345.602139,1776366015000
1776366016.514,16.514,0.54,9.25,0.53,5.0,0.6,2.0,0.61,53.4,0.4,2.0,0.39,53.4,0.41,7.07,0.45,5.0,0.06,0.01,2345.602139,1776366015000
1776366016.818,16.818,0.5,10.0,0.48,10.0,0.55,15.5,0.56,60.0,0.45,5.0,0.44,26.36,0.46,9.25,0.47,5.0,0.05,0.01,2345.602139,1776366015000
1776366017.037,17.037,0.54,10.0,0.53,2.0,0.56,8.03,0.57,10.0,0.44,8.03,0.43,10.0,0.46,10.0,0.47,2.0,0.02,0.02,2345.602139,1776366015000
1776366017.328,17.328,0.54,16.0,0.51,10.0,0.55,15.0,0.56,63.03,0.45,10.0,0.44,13.03,0.54,22.5,0.55,10.0,0.01,0.09,2345.602139,1776366015000
1776366017.919,17.919,0.51,130.0,0.5,10.0,0.52,5.76,0.53,10.0,0.48,7.88,0.47,10.0,0.49,10.0,0.5,10.0,0.01,0.01,2345.910476,1776366016000
1776366018.463,18.463,0.53,132.92,0.52,10.0,0.54,10.0,0.55,26.11,0.48,5.76,0.47,10.0,0.49,130.0,0.5,10.0,0.01,0.01,2345.333473,1776366017000
1776366018.708,18.708,0.54,15.5,0.53,120.5,0.55,13.69,0.56,63.03,0.45,16.11,0.44,63.03,0.47,110.0,0.48,10.0,0.01,0.02,2345.333473,1776366017000
1776366019.08,19.08,0.54,114.7,0.53,125.5,0.56,48.44,0.58,15.0,0.45,3.69,0.44,60.0,0.46,61.5,0.47,125.5,0.02,0.01,2345.333473,1776366017000
1776366020.68,20.68,0.6,100.0,0.57,5.0,0.61,61.8,0.62,35.0,0.42,15.0,0.41,15.0,0.43,45.5,0.44,25.5,0.01,0.01,2345.257656,1776366018000
1776366020.916,20.916,0.6,95.0,0.57,5.0,0.61,50.8,0.62,35.0,0.39,56.8,0.38,35.0,0.4,95.0,0.43,5.0,0.01,0.01,2345.40062,1776366019000
1776366021.281,21.281,0.57,105.0,0.56,5.0,0.58,5.0,0.59,30.0,0.39,24.11,0.38,35.0,0.4,95.0,0.43,5.0,0.01,0.01,2345.40062,1776366019000
1776366021.529,21.529,0.57,124.2,0.56,15.0,0.58,3.27,0.59,10.0,0.42,5.0,0.41,30.0,0.43,105.0,0.44,5.0,0.01,0.01,2345.81434,1776366020000
1776366021.838,21.838,0.57,105.0,0.56,5.0,0.58,95.0,0.59,8.12,0.41,8.12,0.4,15.0,0.43,124.2,0.44,15.0,0.01,0.02,2345.81434,1776366020000
1776366022.071,22.071,0.57,100.0,0.56,5.0,0.58,81.0,0.59,8.12,0.42,95.0,0.41,8.12,0.43,105.0,0.44,5.0,0.01,0.01,2345.81434,1776366020000
1776366023.235,23.235,0.57,67.5,0.56,115.5,0.58,20.0,0.59,13.12,0.42,81.0,0.41,8.12,0.43,100.0,0.44,5.0,0.01,0.01,2345.777145,1776366022000
1776366023.635,23.635,0.57,146.5,0.56,200.5,0.58,5.0,0.6,10.0,0.42,20.0,0.41,13.12,0.43,67.5,0.44,115.5,0.01,0.01,2345.777145,1776366022000
1776366023.965,23.965,0.59,172.32,0.58,40.5,0.6,20.0,0.61,14.11,0.4,10.0,0.39,14.11,0.43,149.7,0.44,200.5,0.01,0.03,2345.777145,1776366022000
1776366024.693,24.693,0.59,30.0,0.57,10.5,0.6,89.33,0.61,24.61,0.4,18.33,0.39,14.11,0.41,172.32,0.42,30.5,0.01,0.01,2345.695012,1776366023000
1776366025.037,25.037,0.59,141.8,0.58,70.37,0.6,63.33,0.61,29.61,0.4,89.33,0.39,24.61,0.41,30.0,0.43,10.5,0.01,0.01,2345.695012,1776366023000
1776366025.587,25.587,0.59,196.0,0.58,130.87,0.6,8.33,0.61,64.11,0.4,63.33,0.39,29.61,0.41,141.8,0.42,70.37,0.01,0.01,2345.693123,1776366024000
1776366025.964,25.964,0.59,134.72,0.58,70.37,0.6,25.5,0.61,74.61,0.4,8.33,0.39,64.11,0.41,196.0,0.42,130.87,0.01,0.01,2345.693123,1776366024000
1776366026.548,26.548,0.59,7.7,0.58,5.0,0.6,98.5,0.61,174.61,0.4,25.5,0.39,74.61,0.41,134.72,0.42,70.37,0.01,0.01,2345.784095,1776366025000
1776366027.389,27.389,0.55,176.89,0.54,105.5,0.61,111.97,0.62,135.5,0.4,173.5,0.39,174.61,0.45,105.0,0.46,100.0,0.06,0.05,2345.671678,1776366026000
1776366027.75,27.75,0.55,186.39,0.54,115.5,0.6,8.25,0.61,121.97,0.39,111.97,0.38,135.5,0.45,176.89,0.46,105.5,0.05,0.06,2345.671678,1776366026000
1776366028.092,28.092,0.58,90.06,0.57,45.5,0.6,7.22,0.61,121.97,0.4,8.25,0.39,121.97,0.45,186.39,0.46,115.5,0.02,0.05,2345.671678,1776366026000
1776366028.73,28.73,0.6,32.5,0.59,95.7,0.61,1.37,0.62,10.0,0.4,7.22,0.39,121.97,0.42,90.06,0.43,45.5,0.01,0.02,2345.442394,1776366027000
1776366029.327,29.327,0.6,289.4,0.59,30.5,0.64,30.0,0.65,76.0,0.39,1.37,0.38,10.0,0.4,48.5,0.41,76.5,0.04,0.01,2345.399011,1776366028000
1776366029.843,29.843,0.64,5.0,0.63,25.5,0.65,86.0,0.66,280.5,0.36,30.0,0.35,76.0,0.4,289.4,0.41,30.5,0.01,0.04,2345.399011,1776366028000
1776366030.189,30.189,0.64,44.66,0.63,128.9,0.65,70.78,0.66,280.5,0.35,86.0,0.34,280.5,0.36,5.0,0.37,25.5,0.01,0.01,2345.399011,1776366028000
1776366030.535,30.535,0.64,28.66,0.63,139.4,0.65,29.93,0.66,35.5,0.35,70.78,0.34,280.5,0.36,44.66,0.37,128.9,0.01,0.01,2345.445245,1776366029000
1776366031.022,31.022,0.65,174.0,0.64,25.5,0.67,198.26,0.68,230.5,0.34,35.5,0.33,210.5,0.36,23.66,0.37,139.4,0.02,0.02,2345.74724,1776366030000
1776366031.37,31.37,0.66,159.0,0.65,101.5,0.67,166.76,0.68,230.5,0.33,198.26,0.32,230.5,0.35,174.0,0.36,25.5,0.01,0.02,2345.74724,1776366030000
1776366031.68,31.68,0.66,113.0,0.65,91.5,0.67,165.26,0.68,230.5,0.33,166.76,0.32,230.5,0.34,159.0,0.35,101.5,0.01,0.01,2345.74724,1776366030000
1776366032.207,32.207,0.66,207.0,0.65,91.5,0.67,163.76,0.68,230.5,0.33,170.76,0.32,230.5,0.34,108.0,0.35,91.5,0.01,0.01,2345.995759,1776366031000
1776366032.505,32.505,0.66,207.0,0.65,66.5,0.67,144.76,0.68,230.5,0.33,149.76,0.32,230.5,0.34,207.0,0.35,91.5,0.01,0.01,2345.995759,1776366031000
1776366032.706,32.706,0.66,170.22,0.65,10.0,0.67,122.91,0.68,230.5,0.33,130.26,0.32,230.5,0.34,170.22,0.35,10.0,0.01,0.01,2345.995759,1776366031000
1776366033.183,33.183,0.66,141.16,0.65,130.5,0.67,67.0,0.68,130.5,0.33,122.91,0.32,230.5,0.34,170.22,0.35,10.0,0.01,0.01,2346.166117,1776366032000
1776366033.481,33.481,0.66,169.01,0.65,120.0,0.67,3.1,0.68,130.5,0.33,3.1,0.32,130.5,0.34,169.16,0.35,130.5,0.01,0.01,2346.166117,1776366032000
1776366033.687,33.687,0.66,137.87,0.65,15.0,0.67,46.59,0.68,20.5,0.33,11.82,0.32,130.5,0.34,169.01,0.35,120.0,0.01,0.01,2346.166117,1776366032000
1776366034.054,34.054,0.66,10.45,0.65,15.0,0.67,81.82,0.68,80.5,0.33,84.09,0.32,75.5,0.34,137.87,0.35,15.0,0.01,0.01,2346.166117,1776366032000
1776366034.5,34.5,0.66,10.45,0.65,15.0,0.67,51.82,0.68,75.5,0.33,76.82,0.32,80.5,0.34,10.45,0.35,15.0,0.01,0.01,2346.163851,1776366033000
1776366035.134,35.134,0.66,5.0,0.65,5.0,0.67,72.82,0.68,75.5,0.33,71.82,0.32,75.5,0.34,5.45,0.35,15.0,0.01,0.01,2346.166568,1776366034000
1776366035.943,35.943,0.66,5.0,0.65,5.0,0.67,59.68,0.68,75.5,0.33,76.28,0.32,75.5,0.34,5.0,0.35,5.0,0.01,0.01,2346.052494,1776366035000
1776366036.989,36.989,0.66,1.76,0.65,5.0,0.67,48.02,0.68,91.5,0.33,48.02,0.32,75.5,0.34,5.0,0.35,5.0,0.01,0.01,2345.869871,1776366036000
1776366037.206,37.206,0.64,11.55,0.63,105.0,0.66,41.7,0.67,20.0,0.33,43.02,0.32,91.5,0.34,1.76,0.35,5.0,0.02,0.01,2345.869871,1776366036000
1776366037.423,37.423,0.63,38.0,0.6,133.3,0.65,38.74,0.66,39.7,0.36,20.17,0.35,43.57,0.4,133.3,0.41,35.0,0.02,0.04,2345.869871,1776366036000
1776366037.893,37.893,0.64,155.22,0.63,32.5,0.65,23.74,0.66,129.7,0.35,140.74,0.34,129.7,0.37,32.0,0.38,10.0,0.01,0.02,2345.869871,1776366036000
1776366038.504,38.504,0.67,73.21,0.66,118.0,0.68,20.5,0.69,140.5,0.34,2.06,0.33,110.0,0.36,170.22,0.37,22.0,0.01,0.02,2345.826696,1776366037000
1776366038.937,38.937,0.67,174.03,0.66,128.0,0.68,10.0,0.69,140.5,0.32,20.5,0.31,140.5,0.33,73.21,0.34,118.0,0.01,0.01,2345.824701,1776366038000
1776366039.234,39.234,0.67,153.03,0.66,128.0,0.68,52.67,0.69,140.5,0.32,10.0,0.31,140.5,0.33,174.03,0.34,128.0,0.01,0.01,2345.824701,1776366038000
1776366039.606,39.606,0.67,112.03,0.66,65.54,0.68,38.87,0.69,165.5,0.32,52.67,0.31,140.5,0.33,153.03,0.34,128.0,0.01,0.01,2345.824701,1776366038000
1776366040.016,40.016,0.67,137.27,0.66,93.54,0.68,31.87,0.69,193.5,0.32,38.87,0.31,165.5,0.33,112.03,0.34,65.54,0.01,0.01,2345.93122,1776366039000
1776366040.482,40.482,0.67,114.27,0.66,65.54,0.68,4.08,0.69,193.5,0.32,31.87,0.31,193.5,0.33,137.27,0.34,93.54,0.01,0.01,2345.93122,1776366039000
1776366040.877,40.877,0.67,107.14,0.66,65.54,0.68,10.0,0.69,183.0,0.32,4.08,0.31,193.5,0.33,114.27,0.34,65.54,0.01,0.01,2345.93122,1776366039000
1776366041.317,41.317,0.66,76.85,0.65,15.0,0.67,13.83,0.68,30.0,0.33,10.0,0.32,20.0,0.34,50.85,0.35,15.0,0.01,0.01,2345.93122,1776366039000
1776366041.828,41.828,0.66,35.24,0.65,25.0,0.67,10.9,0.68,30.0,0.33,10.9,0.32,30.0,0.34,76.85,0.35,15.0,0.01,0.01,2346.117356,1776366040000
1776366042.185,42.185,0.66,162.04,0.65,130.0,0.67,19.37,0.68,30.5,0.33,10.9,0.32,30.0,0.34,35.24,0.35,25.0,0.01,0.01,2346.117356,1776366040000
1776366042.39,42.39,0.66,162.04,0.65,10.0,0.67,8.77,0.68,30.5,0.33,0.37,0.32,30.5,0.34,162.04,0.35,130.0,0.01,0.01,2346.117356,1776366040000
1776366042.692,42.692,0.66,143.09,0.65,20.0,0.67,16.1,0.68,55.5,0.33,19.27,0.32,45.0,0.34,138.09,0.35,5.0,0.01,0.01,2346.117356,1776366040000
1776366043.301,43.301,0.66,138.09,0.65,20.0,0.67,31.72,0.68,65.5,0.33,16.1,0.32,55.5,0.34,143.09,0.35,20.0,0.01,0.01,2346.117356,1776366040000
1776366043.897,43.897,0.66,128.67,0.65,10.0,0.67,30.22,0.68,65.5,0.33,31.72,0.32,65.5,0.34,123.67,0.35,10.0,0.01,0.01,2346.117356,1776366040000
1776366044.158,44.158,0.66,118.67,0.65,20.0,0.67,54.07,0.68,45.0,0.33,30.22,0.32,65.5,0.34,128.67,0.35,10.0,0.01,0.01,2346.117356,1776366040000
1776366044.956,44.956,0.66,208.67,0.65,10.0,0.67,104.37,0.68,75.0,0.33,62.29,0.32,45.0,0.34,118.67,0.35,20.0,0.01,0.01,2345.963317,1776366043000
1776366045.366,45.366,0.66,208.67,0.65,10.0,0.67,107.72,0.68,75.0,0.33,66.72,0.32,75.0,0.34,213.67,0.35,10.0,0.01,0.01,2346.000052,1776366044000
1776366045.582,45.582,0.66,119.24,0.65,10.0,0.68,57.72,0.69,164.0,0.33,107.72,0.32,75.0,0.34,208.67,0.35,10.0,0.02,0.01,2346.000052,1776366044000
1776366045.874,45.874,0.66,26.29,0.65,89.75,0.67,133.02,0.68,36.72,0.32,57.72,0.31,164.0,0.34,116.29,0.35,10.0,0.01,0.02,2346.000052,1776366044000
1776366046.221,46.221,0.62,120.0,0.61,5.0,0.67,192.0,0.68,27.72,0.33,84.02,0.32,36.72,0.34,0.29,0.35,89.75,0.05,0.01,2346.000052,1776366044000
1776366046.503,46.503,0.62,30.0,0.61,11.0,0.63,111.73,0.64,94.38,0.33,181.47,0.32,27.72,0.38,120.0,0.39,5.0,0.01,0.05,2345.967561,1776366045000
1776366046.822,46.822,0.62,76.2,0.61,43.0,0.63,3.06,0.64,15.0,0.37,103.06,0.36,80.5,0.38,30.0,0.39,11.0,0.01,0.01,2345.967561,1776366045000
1776366047.171,47.171,0.62,210.0,0.61,115.0,0.63,32.25,0.64,15.0,0.37,3.06,0.36,15.0,0.38,76.2,0.39,43.0,0.01,0.01,2345.913287,1776366046000
1776366047.492,47.492,0.62,310.0,0.61,115.0,0.63,2.64,0.64,15.0,0.37,28.55,0.36,15.0,0.38,300.0,0.39,115.0,0.01,0.01,2345.913287,1776366046000
1776366047.741,47.741,0.62,162.0,0.61,115.0,0.64,15.0,0.65,47.22,0.37,0.89,0.36,15.0,0.38,182.0,0.39,133.0,0.02,0.01,2345.913287,1776366046000
1776366048.055,48.055,0.63,23.0,0.62,142.0,0.64,15.0,0.65,75.22,0.36,15.0,0.35,47.22,0.38,162.0,0.39,115.0,0.01,0.02,2345.578701,1776366047000
1776366048.751,48.751,0.63,17.0,0.62,141.0,0.64,103.28,0.65,47.22,0.36,15.0,0.35,75.22,0.37,23.0,0.38,142.0,0.01,0.01,2345.578701,1776366047000
1776366048.983,48.983,0.63,17.0,0.62,234.87,0.64,95.46,0.65,57.22,0.36,103.28,0.35,47.22,0.37,17.0,0.38,141.0,0.01,0.01,2345.455372,1776366048000
1776366049.506,49.506,0.63,22.0,0.62,234.87,0.64,90.6,0.65,57.22,0.36,92.17,0.35,57.22,0.37,17.0,0.38,234.87,0.01,0.01,2345.455372,1776366048000
1776366049.854,49.854,0.63,22.0,0.62,234.87,0.64,89.03,0.65,57.22,0.36,90.6,0.35,57.22,0.37,22.0,0.38,234.87,0.01,0.01,2345.455372,1776366048000
1776366050.433,50.433,0.63,22.0,0.62,234.87,0.64,94.0,0.65,47.22,0.36,89.03,0.35,57.22,0.37,22.0,0.38,234.87,0.01,0.01,2345.43274,1776366049000
1776366050.752,50.752,0.63,10.0,0.62,222.87,0.64,36.0,0.65,79.22,0.36,23.86,0.35,75.22,0.37,22.0,0.38,224.87,0.01,0.01,2345.43274,1776366049000
1776366051.073,51.073,0.6,64.03,0.59,70.0,0.63,22.22,0.64,246.0,0.36,36.0,0.35,79.22,0.37,10.0,0.38,222.87,0.03,0.01,2345.43274,1776366049000
1776366051.278,51.278,0.58,57.05,0.57,50.0,0.6,23.0,0.61,316.0,0.39,290.22,0.38,45.0,0.41,68.93,0.42,92.05,0.02,0.02,2345.407834,1776366050000
1776366051.53,51.53,0.56,110.0,0.54,180.0,0.57,33.49,0.58,144.0,0.41,34.23,0.4,192.5,0.43,50.0,0.44,110.0,0.01,0.02,2345.407834,1776366050000
1776366052.15,52.15,0.54,10.0,0.53,10.0,0.55,208.5,0.56,147.0,0.45,8.18,0.44,92.0,0.46,180.0,0.47,10.0,0.01,0.01,2345.407834,1776366050000
1776366052.791,52.791,0.52,10.0,0.51,295.0,0.53,34.11,0.54,65.22,0.45,224.5,0.44,145.0,0.47,10.0,0.48,60.0,0.01,0.02,2345.407834,1776366051000
1776366053.118,53.118,0.51,429.0,0.5,115.0,0.52,21.0,0.53,15.0,0.47,34.11,0.46,65.22,0.48,10.0,0.49,295.0,0.01,0.01,2345.407834,1776366051000
1776366053.379,53.379,0.51,284.0,0.5,205.0,0.52,15.73,0.53,15.0,0.48,16.0,0.47,20.0,0.49,404.0,0.5,115.0,0.01,0.01,2344.64525,1776366052000
1776366053.838,53.838,0.51,139.17,0.5,205.0,0.52,15.23,0.53,15.0,0.48,15.73,0.47,15.0,0.49,139.17,0.5,205.0,0.01,0.01,2344.64525,1776366052000
1776366054.781,54.781,0.51,144.17,0.5,205.0,0.52,41.37,0.53,53.0,0.48,13.3,0.47,15.0,0.49,139.17,0.5,205.0,0.01,0.01,2344.23815,1776366053000
1776366055.627,55.627,0.51,93.72,0.5,144.0,0.52,41.37,0.53,63.5,0.48,41.37,0.47,53.0,0.49,144.17,0.5,205.0,0.01,0.01,2344.136996,1776366054000
1776366055.926,55.926,0.5,10.0,0.49,117.0,0.51,20.0,0.52,131.59,0.48,41.37,0.47,63.5,0.49,81.72,0.5,144.0,0.01,0.01,2344.136996,1776366054000
1776366056.753,56.753,0.5,10.0,0.49,10.0,0.51,319.53,0.52,83.37,0.49,25.03,0.48,124.37,0.5,10.0,0.51,122.0,0.01,0.01,2344.111564,1776366055000
1776366056.981,56.981,0.48,123.75,0.47,125.0,0.49,103.0,0.5,20.0,0.49,319.53,0.48,83.37,0.5,10.0,0.51,10.0,0.01,0.01,2344.111564,1776366055000
1776366057.369,57.369,0.48,93.75,0.47,125.0,0.49,97.0,0.5,50.0,0.51,103.0,0.5,20.0,0.52,123.75,0.53,125.0,0.01,0.01,2344.044526,1776366056000
1776366058.529,58.529,0.48,240.64,0.47,78.5,0.49,51.0,0.5,10.0,0.51,97.0,0.5,50.0,0.52,93.75,0.53,125.0,0.01,0.01,2343.975168,1776366057000
1776366058.822,58.822,0.48,258.64,0.47,50.5,0.49,26.0,0.5,20.0,0.51,51.0,0.5,10.0,0.52,240.64,0.53,78.5,0.01,0.01,2343.975168,1776366057000
1776366060.069,60.069,0.49,56.29,0.48,130.5,0.5,10.0,0.51,58.0,0.5,10.0,0.49,25.0,0.52,258.64,0.53,78.5,0.01,0.02,2343.868868,1776366058000
1776366061.01,61.01,0.49,53.0,0.48,158.5,0.5,37.2,0.51,63.0,0.5,5.0,0.49,58.0,0.51,56.29,0.52,130.5,0.01,0.01,2343.897033,1776366059000
1776366061.27,61.27,0.49,311.5,0.48,50.5,0.51,35.0,0.52,51.37,0.5,37.2,0.49,63.0,0.51,53.0,0.52,158.5,0.02,0.01,2343.897033,1776366059000
1776366061.601,61.601,0.5,227.5,0.49,50.5,0.52,51.37,0.53,20.0,0.49,27.72,0.48,51.37,0.5,211.5,0.51,112.5,0.02,0.01,2343.937159,1776366060000
1776366061.831,61.831,0.51,105.0,0.5,46.76,0.52,78.39,0.53,20.0,0.48,47.01,0.47,20.0,0.5,195.76,0.51,50.5,0.01,0.02,2343.937159,1776366060000
1776366062.515,62.515,0.51,18.55,0.5,116.26,0.52,170.39,0.53,20.0,0.48,78.39,0.47,20.0,0.49,105.0,0.5,46.76,0.01,0.01,2343.93925,1776366061000
1776366063.578,63.578,0.51,18.55,0.5,165.76,0.52,58.57,0.53,97.0,0.48,170.39,0.47,20.0,0.49,18.55,0.5,116.26,0.01,0.01,2344.083071,1776366062000
1776366063.956,63.956,0.51,4.79,0.5,6.0,0.52,73.57,0.53,135.0,0.48,58.57,0.47,97.0,0.49,18.55,0.5,165.76,0.01,0.01,2344.083071,1776366062000
1776366064.245,64.245,0.5,3.12,0.49,15.0,0.51,47.0,0.52,139.57,0.48,156.57,0.47,225.0,0.5,6.0,0.51,15.0,0.01,0.02,2344.229968,1776366063000
1776366064.491,64.491,0.49,25.5,0.48,207.5,0.5,15.5,0.51,48.0,0.49,47.0,0.48,139.57,0.51,15.0,0.52,89.5,0.01,0.02,2344.229968,1776366063000
1776366064.836,64.836,0.49,253.5,0.48,60.5,0.5,16.58,0.51,10.0,0.5,15.5,0.49,48.0,0.51,25.5,0.52,207.5,0.01,0.01,2344.229968,1776366063000
1776366065.054,65.054,0.49,253.5,0.48,60.5,0.5,11.58,0.51,10.0,0.5,16.58,0.49,10.0,0.51,253.5,0.52,60.5,0.01,0.01,2344.229968,1776366063000
1776366065.515,65.515,0.51,301.5,0.5,50.5,0.52,3.57,0.53,50.0,0.5,11.58,0.49,10.0,0.51,253.5,0.52,60.5,0.01,0.01,2344.229968,1776366063000
1776366065.719,65.719,0.51,324.5,0.5,45.5,0.52,1.26,0.53,40.0,0.48,3.57,0.47,50.0,0.49,301.5,0.5,50.5,0.01,0.01,2344.086087,1776366064000
1776366066.76,66.76,0.55,202.97,0.54,19.0,0.56,16.0,0.57,100.0,0.46,10.0,0.45,33.18,0.49,336.5,0.5,149.0,0.01,0.03,2344.077802,1776366065000
1776366067.1,67.1,0.58,45.0,0.57,20.5,0.61,35.0,0.64,150.0,0.41,5.01,0.39,35.0,0.43,20.5,0.44,75.5,0.03,0.02,2344.077802,1776366065000
1776366067.407,67.407,0.55,125.61,0.54,24.0,0.61,40.0,0.62,16.0,0.39,35.0,0.36,150.0,0.42,45.0,0.43,20.5,0.06,0.03,2344.077802,1776366065000
1776366068.011,68.011,0.6,10.88,0.59,90.0,0.62,110.0,0.63,140.0,0.39,40.0,0.38,16.0,0.45,125.61,0.46,24.0,0.02,0.06,2344.341634,1776366066000
1776366068.214,68.214,0.6,54.38,0.59,100.5,0.61,35.36,0.62,115.0,0.39,26.0,0.38,120.0,0.4,49.38,0.41,100.5,0.01,0.01,2344.62108,1776366067000
1776366068.478,68.478,0.6,168.38,0.59,20.5,0.61,15.0,0.62,120.0,0.39,26.0,0.38,115.0,0.4,49.38,0.41,100.5,0.01,0.01,2344.62108,1776366067000
1776366068.801,68.801,0.62,167.8,0.61,41.0,0.63,138.41,0.64,160.0,0.37,128.41,0.36,160.0,0.39,10.0,0.4,197.38,0.01,0.02,2344.62108,1776366067000
1776366069.312,69.312,0.62,213.66,0.61,51.5,0.63,138.41,0.64,160.0,0.37,138.41,0.36,160.0,0.38,167.8,0.39,41.0,0.01,0.01,2345.189915,1776366068000
1776366069.555,69.555,0.62,221.9,0.61,85.5,0.63,138.41,0.64,160.0,0.37,138.41,0.36,160.0,0.38,213.66,0.39,51.5,0.01,0.01,2345.189915,1776366068000
1776366071.093,71.093,0.62,282.18,0.61,44.5,0.63,136.48,0.64,160.0,0.37,138.41,0.36,160.0,0.38,221.9,0.39,85.5,0.01,0.01,2345.118733,1776366069000
1776366071.357,71.357,0.62,259.18,0.61,44.5,0.63,24.48,0.64,160.0,0.37,31.48,0.36,160.0,0.38,259.18,0.39,44.5,0.01,0.01,2345.118733,1776366069000
1776366073.385,73.385,0.64,286.52,0.63,80.38,0.65,10.0,0.66,165.0,0.36,160.0,0.35,159.0,0.38,254.18,0.39,44.5,0.01,0.02,2345.314229,1776366072000
1776366073.962,73.962,0.65,263.7,0.64,99.7,0.66,124.12,0.67,135.0,0.35,10.0,0.34,165.0,0.36,286.52,0.37,80.38,0.01,0.01,2345.314229,1776366072000
1776366074.22,74.22,0.65,340.3,0.64,130.9,0.66,35.0,0.67,35.0,0.34,124.12,0.33,135.0,0.35,263.7,0.36,99.7,0.01,0.01,2345.314229,1776366072000
1776366074.499,74.499,0.66,269.8,0.65,169.83,0.67,10.0,0.68,125.0,0.34,35.0,0.33,35.0,0.35,340.3,0.36,130.9,0.01,0.01,2345.314229,1776366072000
1776366076.429,76.429,0.65,76.53,0.64,35.0,0.68,383.5,0.69,315.5,0.33,10.0,0.32,125.0,0.34,269.8,0.35,169.83,0.03,0.01,2345.438225,1776366074000
1776366076.636,76.636,0.65,52.35,0.64,35.0,0.66,165.5,0.67,30.5,0.34,85.5,0.33,30.5,0.35,65.35,0.36,35.0,0.01,0.01,2345.742832,1776366075000
1776366076.934,76.934,0.64,35.0,0.63,5.0,0.66,256.5,0.67,225.5,0.34,165.5,0.33,59.5,0.35,22.35,0.36,35.0,0.02,0.01,2345.742832,1776366075000
1776366077.362,77.362,0.63,5.0,0.62,14.0,0.64,10.0,0.65,36.0,0.34,256.5,0.33,225.5,0.36,35.0,0.37,5.0,0.01,0.02,2345.724115,1776366076000
1776366077.588,77.588,0.62,13.44,0.61,70.0,0.64,10.0,0.65,65.0,0.36,10.0,0.35,36.0,0.37,5.0,0.38,14.0,0.02,0.01,2345.724115,1776366076000
1776366078.349,78.349,0.62,13.44,0.61,70.0,0.63,96.31,0.64,195.0,0.36,10.0,0.35,65.0,0.38,13.44,0.39,70.0,0.01,0.02,2345.557499,1776366077000
1776366078.724,78.724,0.62,185.94,0.61,145.5,0.63,113.11,0.64,185.0,0.37,96.31,0.36,195.0,0.38,13.44,0.39,70.0,0.01,0.01,2345.557499,1776366077000
1776366079.046,79.046,0.62,185.44,0.61,73.5,0.63,118.11,0.64,205.5,0.37,113.11,0.36,185.0,0.38,185.94,0.39,145.5,0.01,0.01,2345.557499,1776366077000
1776366080.732,80.732,0.62,18.44,0.61,35.0,0.63,398.5,0.64,296.5,0.37,118.11,0.36,205.5,0.38,185.44,0.39,73.5,0.01,0.01,2345.171969,1776366079000
1776366080.972,80.972,0.6,45.0,0.59,41.0,0.63,365.5,0.64,296.5,0.37,398.5,0.36,296.5,0.38,18.44,0.39,35.0,0.03,0.01,2345.161521,1776366080000
1776366082.388,82.388,0.57,11.0,0.56,5.0,0.58,80.5,0.59,35.5,0.37,365.5,0.36,296.5,0.4,45.0,0.41,41.0,0.01,0.03,2345.161521,1776366081000
1776366085.201,85.201,0.6,171.5,0.59,166.5,0.61,60.0,0.62,164.0,0.42,90.5,0.41,135.5,0.43,4.81,0.44,5.0,0.01,0.01,2344.840433,1776366083000
1776366085.545,85.545,0.6,284.5,0.59,73.5,0.61,10.0,0.62,26.0,0.39,60.0,0.38,164.0,0.4,171.5,0.41,166.5,0.01,0.01,2344.840433,1776366083000
1776366086.242,86.242,0.62,304.5,0.61,100.5,0.63,5.28,0.64,10.0,0.39,10.0,0.38,26.0,0.4,284.5,0.41,73.5,0.01,0.01,2344.858483,1776366085000
1776366086.738,86.738,0.65,112.0,0.64,25.5,0.66,59.0,0.67,140.0,0.36,10.0,0.35,35.0,0.38,304.5,0.39,100.5,0.01,0.02,2344.858483,1776366085000
1776366087.057,87.057,0.65,10.0,0.64,31.39,0.66,217.33,0.67,274.5,0.34,211.09,0.33,174.0,0.35,16.0,0.36,41.39,0.01,0.01,2344.858483,1776366085000
1776366087.388,87.388,0.65,1.85,0.64,31.39,0.66,197.33,0.67,295.5,0.34,217.33,0.33,274.5,0.35,4.85,0.36,31.39,0.01,0.01,2344.858483,1776366085000
1776366087.946,87.946,0.62,50.0,0.61,145.5,0.63,31.0,0.64,152.5,0.35,163.0,0.34,217.08,0.37,5.0,0.38,25.5,0.01,0.02,2345.025142,1776366086000
1776366088.283,88.283,0.62,45.0,0.61,135.5,0.63,23.04,0.64,162.5,0.37,31.0,0.36,152.5,0.38,50.0,0.39,145.5,0.01,0.01,2345.081152,1776366087000
1776366088.781,88.781,0.62,55.0,0.61,179.5,0.63,31.15,0.64,182.5,0.37,23.04,0.36,162.5,0.38,45.0,0.39,135.5,0.01,0.01,2345.081152,1776366087000
1776366090.623,90.623,0.62,257.5,0.61,98.5,0.63,21.15,0.64,157.0,0.37,31.15,0.36,182.5,0.38,55.0,0.39,179.5,0.01,0.01,2345.2509,1776366089000
1776366091.59,91.59,0.63,62.59,0.62,145.0,0.64,151.5,0.65,152.5,0.37,21.15,0.36,157.0,0.38,257.5,0.39,98.5,0.01,0.01,2345.228096,1776366090000
1776366092.614,92.614,0.62,52.35,0.61,54.5,0.64,246.93,0.65,281.5,0.36,149.93,0.35,162.5,0.37,56.0,0.38,145.0,0.02,0.01,2345.182731,1776366091000
1776366093.346,93.346,0.62,25.94,0.61,54.5,0.63,72.0,0.64,185.93,0.36,246.93,0.35,281.5,0.38,52.35,0.39,54.5,0.01,0.02,2345.197771,1776366092000
1776366093.666,93.666,0.62,61.94,0.61,135.5,0.63,53.0,0.64,165.43,0.37,72.0,0.36,185.93,0.38,25.94,0.39,54.5,0.01,0.01,2345.197771,1776366092000
1776366094.009,94.009,0.62,61.94,0.61,135.5,0.63,45.06,0.64,170.93,0.37,53.0,0.36,165.43,0.38,61.94,0.39,135.5,0.01,0.01,2345.197771,1776366092000
1776366094.369,94.369,0.62,66.94,0.61,135.5,0.63,18.41,0.64,193.93,0.37,45.06,0.36,170.93,0.38,61.94,0.39,135.5,0.01,0.01,2345.199873,1776366093000
1776366094.588,94.588,0.62,25.94,0.6,20.0,0.63,328.16,0.64,170.93,0.37,18.41,0.36,193.93,0.38,66.94,0.39,135.5,0.01,0.01,2345.199873,1776366093000
1776366095.754,95.754,0.6,183.5,0.59,177.5,0.62,103.69,0.63,153.0,0.37,368.16,0.36,195.93,0.4,25.0,0.41,15.5,0.02,0.03,2345.20374,1776366094000
1776366097.18,97.18,0.61,31.08,0.6,127.52,0.62,25.0,0.63,26.0,0.38,102.07,0.37,153.0,0.39,10.0,0.4,311.5,0.01,0.01,2345.0243,1776366096000
1776366097.926,97.926,0.62,161.5,0.61,58.5,0.63,31.0,0.64,150.5,0.38,25.0,0.37,26.0,0.39,31.08,0.4,127.52,0.01,0.01,2345.0243,1776366096000
1776366099.263,99.263,0.6,80.0,0.58,20.0,0.61,18.86,0.62,203.5,0.37,31.0,0.36,150.5,0.38,161.5,0.39,58.5,0.01,0.01,2345.104625,1776366098000
1776366099.676,99.676,0.6,10.0,0.58,20.0,0.61,319.86,0.62,281.5,0.39,18.86,0.38,203.5,0.4,80.0,0.42,20.0,0.01,0.01,2345.104625,1776366098000
1776366100.33,100.33,0.58,20.0,0.57,145.89,0.59,276.5,0.6,156.5,0.39,319.86,0.38,281.5,0.42,20.0,0.43,35.0,0.01,0.03,2345.134601,1776366099000
1776366101.042,101.042,0.57,10.0,0.56,118.75,0.58,363.77,0.59,175.5,0.41,276.5,0.4,156.5,0.42,20.0,0.43,145.89,0.01,0.01,2345.134601,1776366099000
1776366101.57,101.57,0.55,280.0,0.54,45.0,0.57,373.5,0.58,254.77,0.42,363.77,0.41,175.5,0.43,10.0,0.44,118.75,0.02,0.01,2344.925532,1776366100000
1776366102.229,102.229,0.55,35.0,0.54,45.0,0.56,325.17,0.57,158.5,0.43,373.5,0.42,254.77,0.45,280.0,0.46,45.0,0.01,0.02,2344.925532,1776366100000
1776366103.053,103.053,0.53,235.0,0.51,275.0,0.54,286.5,0.55,229.5,0.44,325.17,0.43,158.5,0.45,35.0,0.46,45.0,0.01,0.01,2344.686508,1776366101000
1776366104.72,104.72,0.51,125.0,0.5,60.0,0.52,350.57,0.53,162.5,0.46,286.5,0.45,229.5,0.47,235.0,0.49,275.0,0.01,0.01,2344.207716,1776366103000
1776366105.358,105.358,0.48,2.13,0.47,91.0,0.51,302.0,0.52,156.57,0.48,350.57,0.47,162.5,0.49,125.0,0.5,60.0,0.03,0.01,2344.207716,1776366103000
1776366105.782,105.782,0.48,2.13,0.47,16.0,0.49,40.0,0.5,20.0,0.49,302.0,0.48,156.57,0.52,2.13,0.53,91.0,0.01,0.03,2344.074562,1776366104000
1776366106.203,106.203,0.47,6.0,0.46,126.5,0.49,45.0,0.5,20.0,0.51,40.0,0.5,20.0,0.52,2.13,0.53,16.0,0.02,0.01,2344.110123,1776366105000
1776366106.669,106.669,0.46,62.88,0.45,50.0,0.48,15.0,0.49,164.0,0.51,45.0,0.5,20.0,0.53,6.0,0.54,126.5,0.02,0.02,2344.110123,1776366105000
1776366107.204,107.204,0.43,10.0,0.42,260.0,0.44,157.03,0.45,176.0,0.52,163.2,0.51,237.0,0.55,50.0,0.56,170.0,0.01,0.03,2344.110123,1776366105000
1776366107.831,107.831,0.37,49.0,0.36,25.0,0.38,15.0,0.39,16.0,0.56,157.03,0.55,176.0,0.57,10.0,0.58,260.0,0.01,0.01,2343.81,1776366106000
1776366108.247,108.247,0.37,33.2,0.35,20.0,0.38,5.81,0.39,43.0,0.62,10.81,0.61,16.0,0.63,8.2,0.64,25.0,0.01,0.01,2343.81,1776366106000
1776366108.558,108.558,0.38,120.08,0.37,17.0,0.39,9.56,0.4,15.0,0.61,9.56,0.6,15.0,0.63,95.61,0.65,43.0,0.01,0.02,2343.408451,1776366107000
1776366108.889,108.889,0.39,51.0,0.38,5.0,0.4,0.1,0.41,14.87,0.6,8.1,0.59,14.87,0.62,145.08,0.63,10.0,0.01,0.02,2343.408451,1776366107000
1776366109.089,109.089,0.39,108.19,0.38,5.0,0.4,7.5,0.41,14.87,0.6,7.5,0.59,14.87,0.61,128.0,0.62,5.0,0.01,0.01,2343.238508,1776366108000
1776366109.305,109.305,0.39,22.31,0.38,22.0,0.4,7.5,0.41,10.0,0.6,7.5,0.59,10.0,0.61,27.0,0.62,34.0,0.01,0.01,2343.238508,1776366108000
1776366109.507,109.507,0.39,25.31,0.38,33.0,0.4,10.0,0.41,10.0,0.57,10.0,0.56,143.85,0.61,42.31,0.62,25.0,0.01,0.04,2343.238508,1776366108000
1776366109.909,109.909,0.39,8.0,0.38,5.0,0.4,16.0,0.41,64.0,0.6,10.0,0.59,10.0,0.61,17.25,0.62,62.0,0.01,0.01,2343.238508,1776366108000
1776366110.396,110.396,0.36,140.67,0.35,40.5,0.4,168.0,0.41,120.0,0.6,10.0,0.59,63.0,0.61,9.04,0.62,5.0,0.04,0.01,2342.85082,1776366109000
1776366111.224,111.224,0.36,130.67,0.35,145.71,0.37,92.7,0.38,105.0,0.6,168.0,0.59,120.0,0.64,140.67,0.65,40.5,0.01,0.04,2342.85082,1776366109000
1776366111.698,111.698,0.36,127.15,0.35,145.71,0.37,68.0,0.38,134.0,0.63,92.7,0.62,105.0,0.64,130.67,0.65,145.71,0.01,0.01,2343.100545,1776366110000
1776366112.596,112.596,0.36,81.15,0.35,145.71,0.37,189.0,0.38,15.0,0.63,68.0,0.62,134.0,0.64,127.15,0.65,145.71,0.01,0.01,2343.056641,1776366111000
1776366113.098,113.098,0.36,392.38,0.35,155.71,0.37,5.0,0.39,15.0,0.63,156.78,0.62,44.0,0.64,72.38,0.65,145.71,0.01,0.01,2342.818217,1776366112000
1776366113.457,113.457,0.39,146.5,0.38,84.5,0.4,4.02,0.41,50.0,0.6,14.02,0.59,45.0,0.62,54.5,0.63,262.5,0.01,0.02,2342.818217,1776366112000
1776366114.605,114.605,0.42,59.15,0.41,206.5,0.43,60.0,0.44,27.85,0.6,4.02,0.59,50.0,0.61,146.5,0.62,84.5,0.01,0.01,2342.857095,1776366113000
1776366114.911,114.911,0.42,106.5,0.41,55.5,0.43,12.93,0.44,37.85,0.57,60.0,0.56,27.85,0.58,59.15,0.59,206.5,0.01,0.01,2342.857095,1776366113000
1776366115.305,115.305,0.43,115.21,0.42,135.5,0.44,27.85,0.45,195.0,0.57,0.53,0.56,37.85,0.58,101.5,0.59,45.5,0.01,0.01,2342.857095,1776366113000
1776366115.637,115.637,0.44,141.35,0.43,176.21,0.45,195.0,0.46,66.0,0.55,195.0,0.54,66.0,0.57,319.21,0.58,55.5,0.01,0.02,2343.113398,1776366114000
1776366117.546,117.546,0.45,415.76,0.44,119.2,0.47,4.51,0.48,70.0,0.55,195.0,0.54,66.0,0.56,141.35,0.57,176.21,0.02,0.01,2343.406547,1776366116000
1776366117.987,117.987,0.5,10.0,0.46,31.37,0.51,1.94,0.52,34.0,0.49,50.0,0.48,99.0,0.55,415.76,0.56,119.2,0.01,0.06,2343.406547,1776366116000
1776366118.23,118.23,0.51,20.5,0.5,78.5,0.52,12.85,0.53,10.5,0.48,24.99,0.47,10.5,0.54,38.37,0.55,316.5,0.01,0.06,2343.476875,1776366117000
1776366118.466,118.466,0.51,18.21,0.5,20.5,0.52,7.98,0.53,10.5,0.48,2.98,0.47,10.5,0.49,18.21,0.5,25.5,0.01,0.01,2343.476875,1776366117000
1776366118.793,118.793,0.51,10.76,0.5,20.5,0.52,54.98,0.53,15.5,0.48,49.98,0.47,15.5,0.49,15.76,0.5,20.5,0.01,0.01,2343.476875,1776366117000
1776366120.207,120.207,0.46,4.48,0.45,60.5,0.49,25.5,0.5,20.5,0.48,54.98,0.47,15.5,0.49,10.76,0.5,20.5,0.03,0.01,2343.949594,1776366119000
1776366121.146,121.146,0.45,11.38,0.44,5.0,0.46,71.26,0.47,164.94,0.51,25.5,0.5,20.5,0.54,4.48,0.55,60.5,0.01,0.03,2343.949594,1776366119000
1776366121.786,121.786,0.43,87.0,0.42,45.0,0.44,86.06,0.45,47.0,0.54,55.26,0.53,164.94,0.56,5.0,0.57,25.0,0.01,0.02,2343.973308,1776366120000
1776366122.114,122.114,0.43,316.5,0.42,55.5,0.44,111.06,0.46,9.26,0.56,86.06,0.55,47.0,0.57,87.0,0.58,45.0,0.01,0.01,2343.973308,1776366120000
1776366122.912,122.912,0.49,186.54,0.48,10.0,0.5,5.0,0.51,30.77,0.49,95.77,0.48,220.84,0.53,20.63,0.54,10.0,0.01,0.04,2343.713821,1776366121000
1776366123.543,123.543,0.5,42.5,0.49,98.88,0.51,58.55,0.52,38.5,0.49,29.55,0.47,29.0,0.51,186.54,0.52,10.0,0.01,0.02,2343.58529,1776366122000
1776366123.821,123.821,0.5,56.5,0.49,73.25,0.51,29.68,0.52,38.5,0.49,29.68,0.48,38.5,0.5,42.5,0.51,78.46,0.01,0.01,2343.58529,1776366122000
1776366124.174,124.174,0.5,8.0,0.49,68.04,0.51,64.38,0.52,48.5,0.49,29.68,0.48,38.5,0.5,56.5,0.51,73.25,0.01,0.01,2343.58529,1776366122000
1776366124.513,124.513,0.5,10.0,0.49,25.0,0.51,80.18,0.52,148.5,0.49,64.38,0.48,48.5,0.5,8.0,0.51,68.04,0.01,0.01,2343.593907,1776366123000
1776366125.074,125.074,0.47,20.5,0.46,20.5,0.48,24.39,0.49,81.0,0.49,80.18,0.48,148.5,0.5,10.0,0.51,25.0,0.01,0.01,2343.971985,1776366124000
1776366125.715,125.715,0.47,280.5,0.46,74.85,0.48,10.0,0.49,12.0,0.52,20.39,0.51,37.0,0.53,45.78,0.54,65.37,0.01,0.01,2343.971985,1776366124000
1776366126.886,126.886,0.47,538.21,0.46,106.37,0.48,10.0,0.5,5.0,0.52,10.0,0.51,12.0,0.53,22.24,0.54,68.98,0.01,0.01,2343.973935,1776366125000
1776366127.271,127.271,0.53,5.0,0.52,5.29,0.54,140.05,0.55,25.5,0.46,40.63,0.45,11.12,0.48,19.61,0.49,19.8,0.01,0.02,2343.973935,1776366125000
1776366127.569,127.569,0.51,10.4,0.5,10.0,0.52,17.0,0.53,43.17,0.46,258.19,0.45,25.5,0.49,10.0,0.5,15.0,0.01,0.03,2343.8703,1776366126000
1776366127.931,127.931,0.51,160.98,0.5,145.5,0.53,28.17,0.54,30.69,0.48,33.0,0.47,28.17,0.49,8.98,0.5,30.5,0.02,0.01,2343.8703,1776366126000
1776366128.441,128.441,0.52,314.5,0.51,76.48,0.53,0.17,0.54,30.69,0.47,28.17,0.46,30.69,0.49,160.98,0.5,145.5,0.01,0.02,2343.8703,1776366126000
1776366130.336,130.336,0.53,197.0,0.52,121.0,0.54,10.69,0.55,15.0,0.46,30.69,0.45,5.0,0.48,314.5,0.49,76.48,0.01,0.02,2344.316988,1776366128000
1776366130.708,130.708,0.53,9.06,0.51,44.81,0.54,112.19,0.55,45.5,0.46,10.69,0.45,15.0,0.47,197.0,0.48,121.0,0.01,0.01,2344.347708,1776366129000
1776366132.481,132.481,0.52,249.0,0.51,69.0,0.53,1.77,0.54,45.69,0.46,112.19,0.45,45.5,0.49,44.81,0.5,58.0,0.01,0.03,2344.401489,1776366130000
1776366133.13,133.13,0.53,74.14,0.52,19.62,0.54,130.19,0.55,45.5,0.47,1.77,0.46,45.69,0.48,249.0,0.49,69.0,0.01,0.01,2344.358471,1776366131000
1776366134.934,134.934,0.51,30.0,0.5,9.58,0.54,348.19,0.55,155.5,0.46,130.19,0.45,45.5,0.47,74.14,0.48,19.62,0.03,0.01,2344.363453,1776366133000
1776366135.38,135.38,0.49,3.7,0.48,35.0,0.51,37.5,0.52,171.5,0.46,348.19,0.45,155.5,0.49,30.0,0.5,9.58,0.02,0.03,2344.363453,1776366133000
1776366137.232,137.232,0.49,55.12,0.48,83.84,0.5,45.0,0.51,190.5,0.49,37.5,0.48,171.5,0.51,3.7,0.52,35.0,0.01,0.02,2344.049881,1776366136000
1776366138.488,138.488,0.47,95.0,0.46,60.0,0.48,43.41,0.49,190.5,0.5,45.0,0.49,190.5,0.51,55.12,0.52,83.84,0.01,0.01,2344.049881,1776366136000
1776366139.231,139.231,0.47,265.64,0.46,165.87,0.49,40.0,0.5,25.5,0.52,197.8,0.51,73.5,0.53,95.0,0.54,60.0,0.02,0.01,2344.045047,1776366137000
1776366139.876,139.876,0.47,75.0,0.46,50.0,0.49,195.5,0.5,35.5,0.51,40.0,0.5,25.5,0.53,265.64,0.54,165.87,0.02,0.02,2344.045047,1776366137000
1776366140.506,140.506,0.48,5.42,0.47,219.92,0.49,30.0,0.5,15.0,0.51,195.5,0.5,35.5,0.53,75.0,0.54,50.0,0.01,0.02,2344.042024,1776366139000
1776366141.218,141.218,0.48,40.84,0.47,114.28,0.49,11.81,0.5,25.5,0.51,1.81,0.5,15.0,0.52,60.0,0.53,132.64,0.01,0.01,2343.952297,1776366140000
1776366143.713,143.713,0.48,16.75,0.47,91.92,0.49,89.5,0.5,53.5,0.51,1.6,0.5,25.5,0.52,40.84,0.53,114.28,0.01,0.01,2344.032108,1776366142000
1776366144.028,144.028,0.45,60.0,0.44,20.0,0.46,4.8,0.47,20.5,0.51,302.5,0.5,137.5,0.53,60.0,0.54,50.0,0.01,0.02,2344.032108,1776366142000
1776366144.339,144.339,0.45,136.0,0.44,63.0,0.46,5.0,0.47,15.5,0.54,4.8,0.53,20.5,0.55,60.0,0.56,20.0,0.01,0.01,2344.064628,1776366143000
1776366144.776,144.776,0.45,281.0,0.44,150.0,0.48,9.45,0.49,25.5,0.54,5.0,0.53,15.5,0.55,136.0,0.56,63.0,0.03,0.01,2344.064628,1776366143000
1776366147.006,147.006,0.48,6.0,0.47,21.0,0.49,87.5,0.5,110.5,0.49,360.5,0.48,155.0,0.55,281.0,0.56,150.0,0.01,0.06,2343.822731,1776366146000
1776366147.391,147.391,0.5,95.7,0.49,54.5,0.51,125.0,0.52,25.0,0.51,87.5,0.5,110.5,0.52,6.0,0.53,21.0,0.01,0.01,2343.822731,1776366146000
1776366148.272,148.272,0.5,7.0,0.49,15.0,0.51,247.5,0.52,50.5,0.49,125.0,0.48,25.0,0.5,95.7,0.51,54.5,0.01,0.01,2343.775729,1776366147000
1776366148.691,148.691,0.49,13.46,0.48,15.0,0.51,232.5,0.52,50.5,0.49,247.5,0.48,50.5,0.5,7.0,0.51,15.0,0.02,0.01,2343.775729,1776366147000
1776366149.223,149.223,0.5,125.0,0.49,13.46,0.51,147.5,0.52,78.5,0.49,232.5,0.48,50.5,0.51,13.46,0.52,15.0,0.01,0.02,2343.847779,1776366148000
1776366149.657,149.657,0.5,80.0,0.49,13.46,0.51,185.5,0.52,60.5,0.49,147.5,0.48,78.5,0.5,125.0,0.51,13.46,0.01,0.01,2343.847779,1776366148000
1776366150.062,150.062,0.5,122.0,0.49,142.96,0.51,25.0,0.52,35.0,0.49,185.5,0.48,60.5,0.5,80.0,0.51,13.46,0.01,0.01,2343.847779,1776366148000
1776366150.286,150.286,0.5,264.5,0.49,113.96,0.52,35.0,0.53,50.5,0.49,25.0,0.48,35.0,0.5,122.0,0.51,142.96,0.02,0.01,2343.902502,1776366149000
1776366150.845,150.845,0.51,232.94,0.5,110.5,0.52,1.94,0.53,45.5,0.48,1.94,0.47,50.5,0.49,124.5,0.5,113.5,0.01,0.01,2343.902502,1776366149000
1776366151.23,151.23,0.51,221.94,0.5,20.5,0.53,35.0,0.54,191.19,0.48,1.94,0.47,45.5,0.49,232.94,0.5,110.5,0.02,0.01,2343.889362,1776366150000
1776366151.769,151.769,0.52,187.5,0.51,123.94,0.53,35.0,0.54,170.69,0.47,35.0,0.46,191.19,0.49,221.94,0.5,20.5,0.01,0.02,2343.889362,1776366150000
1776366152.14,152.14,0.52,126.7,0.51,25.5,0.53,25.66,0.54,170.69,0.47,35.0,0.46,170.69,0.48,187.5,0.49,123.94,0.01,0.01,2343.889362,1776366150000
1776366152.848,152.848,0.53,407.37,0.52,31.5,0.54,0.69,0.55,60.0,0.47,8.66,0.46,170.69,0.48,216.7,0.49,25.5,0.01,0.01,2344.028114,1776366151000
1776366153.696,153.696,0.53,417.37,0.52,124.74,0.56,95.0,0.57,275.0,0.46,0.69,0.45,60.0,0.47,407.37,0.48,31.5,0.03,0.01,2344.028114,1776366151000
1776366155.46,155.46,0.55,359.5,0.54,66.72,0.57,275.0,0.58,100.0,0.44,95.0,0.43,275.0,0.47,417.37,0.48,124.74,0.02,0.03,2344.420782,1776366154000
1776366157.305,157.305,0.58,150.64,0.57,25.5,0.59,170.0,0.6,49.5,0.43,275.0,0.42,100.0,0.45,359.5,0.46,66.72,0.01,0.02,2344.652851,1776366156000
1776366158.866,158.866,0.58,148.5,0.57,25.5,0.59,170.0,0.6,59.5,0.41,170.0,0.4,49.5,0.42,150.64,0.43,25.5,0.01,0.01,2344.754277,1776366157000
1776366159.409,159.409,0.58,6.0,0.57,15.0,0.59,437.5,0.6,40.5,0.41,170.0,0.4,59.5,0.42,148.5,0.43,25.5,0.01,0.01,2344.762286,1776366158000
1776366161.636,161.636,0.58,5.0,0.57,15.0,0.59,373.5,0.6,35.5,0.41,432.5,0.4,30.5,0.43,15.0,0.44,65.0,0.01,0.02,2344.689714,1776366160000
1776366161.886,161.886,0.57,15.0,0.56,70.0,0.58,44.03,0.59,373.5,0.41,373.5,0.4,35.5,0.42,5.0,0.43,15.0,0.01,0.01,2344.689714,1776366160000
1776366164.028,164.028,0.53,5.0,0.52,50.0,0.54,133.5,0.55,107.5,0.42,44.03,0.41,373.5,0.43,15.0,0.44,70.0,0.01,0.01,2344.559347,1776366163000
1776366164.904,164.904,0.49,125.0,0.48,25.0,0.51,170.5,0.52,62.5,0.46,133.5,0.45,107.5,0.48,50.0,0.49,100.0,0.02,0.02,2344.559347,1776366163000
1776366168.493,168.493,0.47,155.64,0.46,5.0,0.48,156.5,0.49,102.5,0.49,170.5,0.48,62.5,0.51,125.0,0.52,25.0,0.01,0.02,2343.898928,1776366167000
1776366168.819,168.819,0.47,155.64,0.46,5.0,0.48,209.41,0.49,68.5,0.52,156.5,0.51,102.5,0.53,155.64,0.54,5.0,0.01,0.01,2343.898928,1776366167000
1776366170.115,170.115,0.45,130.0,0.44,31.37,0.46,160.89,0.47,30.5,0.52,209.41,0.51,68.5,0.53,155.64,0.54,5.0,0.01,0.01,2343.824268,1776366169000
1776366171.18,171.18,0.43,159.5,0.42,228.5,0.44,43.0,0.45,32.0,0.54,160.89,0.53,30.5,0.55,130.0,0.56,31.37,0.01,0.01,2343.761425,1776366170000
1776366172.675,172.675,0.43,70.0,0.42,105.5,0.44,119.0,0.45,32.5,0.56,43.0,0.55,32.0,0.57,159.5,0.58,228.5,0.01,0.01,2343.688153,1776366171000
1776366174.6,174.6,0.43,191.39,0.42,167.32,0.44,30.72,0.45,22.0,0.56,119.0,0.55,32.5,0.57,70.0,0.58,105.5,0.01,0.01,2343.587149,1776366173000
1776366175.009,175.009,0.43,345.13,0.42,125.5,0.44,68.58,0.46,10.0,0.56,30.72,0.55,22.0,0.57,191.39,0.58,167.32,0.01,0.01,2343.587149,1776366173000
1776366175.234,175.234,0.43,576.39,0.42,120.5,0.44,18.58,0.46,10.0,0.56,68.58,0.54,10.0,0.57,345.13,0.58,125.5,0.01,0.01,2343.587149,1776366173000
1776366177.703,177.703,0.52,86.5,0.51,10.0,0.53,45.5,0.54,10.5,0.54,10.0,0.51,25.0,0.57,652.39,0.58,120.5,0.01,0.03,2343.713779,1776366176000
1776366178.17,178.17,0.52,59.5,0.51,10.0,0.53,40.5,0.54,10.5,0.47,45.5,0.46,10.5,0.48,86.5,0.49,10.0,0.01,0.01,2344.173411,1776366177000
1776366179.162,179.162,0.5,20.0,0.49,10.0,0.51,30.32,0.52,17.5,0.47,40.5,0.46,20.5,0.48,11.5,0.49,10.0,0.01,0.01,2344.13868,1776366178000
1776366179.412,179.412,0.5,18.0,0.49,10.0,0.51,30.32,0.52,17.5,0.49,30.32,0.48,17.5,0.5,20.0,0.51,10.0,0.01,0.01,2344.13868,1776366178000
1776366180.028,180.028,0.48,20.5,0.47,10.0,0.51,62.2,0.52,156.5,0.49,27.2,0.48,32.5,0.5,18.0,0.51,10.0,0.03,0.01,2344.13868,1776366178000
1776366181.598,181.598,0.5,15.0,0.49,30.5,0.51,5.7,0.52,22.5,0.49,62.2,0.48,156.5,0.52,20.5,0.53,10.0,0.01,0.03,2344.070512,1776366179000
1776366181.829,181.829,0.51,5.0,0.5,15.0,0.52,19.44,0.53,181.5,0.48,19.44,0.47,90.5,0.49,10.0,0.5,15.0,0.01,0.01,2344.070512,1776366179000
1776366182.113,182.113,0.51,2.95,0.5,25.5,0.52,57.44,0.53,181.5,0.48,19.44,0.47,181.5,0.49,5.0,0.5,15.0,0.01,0.01,2344.037146,1776366180000
1776366182.781,182.781,0.51,22.95,0.5,54.5,0.53,179.94,0.54,20.5,0.48,57.44,0.47,181.5,0.49,2.95,0.5,25.5,0.02,0.01,2344.041426,1776366181000
1776366183.932,183.932,0.52,88.0,0.51,13.45,0.53,48.19,0.54,10.5,0.47,179.94,0.46,20.5,0.49,52.95,0.5,54.5,0.01,0.02,2344.045373,1776366182000
1776366184.683,184.683,0.52,265.5,0.51,13.45,0.53,6.19,0.55,60.5,0.47,53.19,0.46,10.5,0.48,88.0,0.49,13.45,0.01,0.01,2344.057603,1776366183000
1776366186.651,186.651,0.52,425.5,0.51,63.45,0.53,1.19,0.56,110.0,0.47,6.19,0.45,60.5,0.48,265.5,0.49,13.45,0.01,0.01,2344.104822,1776366185000
1776366187.188,187.188,0.56,130.04,0.55,221.5,0.57,5.0,0.58,119.53,0.44,110.0,0.43,40.0,0.48,425.5,0.49,63.45,0.01,0.04,2344.104822,1776366185000
1776366187.559,187.559,0.56,302.54,0.55,64.5,0.58,99.94,0.59,125.0,0.43,5.0,0.42,119.53,0.44,130.04,0.45,221.5,0.02,0.01,2344.195921,1776366186000
1776366189.473,189.473,0.54,6.08,0.52,10.0,0.55,5.0,0.58,100.3,0.42,6.8,0.41,125.0,0.43,146.5,0.44,182.5,0.01,0.01,2344.308842,1776366188000
1776366192.763,192.763,0.51,17.55,0.5,30.0,0.52,82.5,0.53,53.5,0.45,5.0,0.44,5.0,0.46,6.08,0.48,10.0,0.01,0.01,2344.143794,1776366191000
1776366193.676,193.676,0.51,3.55,0.5,159.5,0.52,26.0,0.53,15.5,0.48,82.5,0.47,53.5,0.49,17.55,0.5,30.0,0.01,0.01,2344.092977,1776366192000
1776366194.242,194.242,0.51,64.95,0.5,140.5,0.52,31.0,0.53,15.5,0.48,26.0,0.47,15.5,0.49,3.55,0.5,159.5,0.01,0.01,2344.087371,1776366193000
1776366194.914,194.914,0.51,158.15,0.5,50.5,0.55,15.0,0.57,20.5,0.48,31.0,0.47,15.5,0.49,64.95,0.5,140.5,0.04,0.01,2344.087371,1776366193000
1776366197.203,197.203,0.52,118.0,0.51,5.0,0.55,56.5,0.56,15.5,0.45,15.0,0.43,20.5,0.49,158.15,0.5,50.5,0.03,0.04,2344.124194,1776366195000
1776366197.892,197.892,0.5,30.0,0.49,99.4,0.53,26.5,0.54,10.5,0.45,56.5,0.44,15.5,0.48,118.0,0.49,5.0,0.03,0.03,2344.248099,1776366196000
1776366198.2,198.2,0.5,30.0,0.49,78.8,0.52,5.5,0.53,26.5,0.47,26.5,0.46,10.5,0.5,30.0,0.51,99.4,0.02,0.03,2344.194523,1776366197000
1776366201.507,201.507,0.5,183.9,0.49,99.3,0.52,10.0,0.55,15.0,0.48,52.5,0.47,20.5,0.5,30.0,0.51,78.8,0.02,0.02,2343.996404,1776366200000
1776366201.716,201.716,0.51,45.0,0.5,250.9,0.55,5.0,0.57,10.0,0.49,5.0,0.48,5.0,0.5,232.9,0.51,99.3,0.04,0.01,2343.996404,1776366200000
1776366202.298,202.298,0.54,128.5,0.53,98.5,0.55,0.87,0.57,15.0,0.45,5.0,0.43,10.0,0.49,45.0,0.5,250.9,0.01,0.04,2343.996404,1776366200000
1776366202.732,202.732,0.54,340.5,0.53,34.5,0.58,1.8,0.59,120.0,0.45,0.87,0.43,15.0,0.46,128.5,0.47,98.5,0.04,0.01,2344.091878,1776366201000
1776366203.04,203.04,0.57,300.5,0.56,67.0,0.59,120.0,0.6,95.0,0.42,1.8,0.41,120.0,0.46,340.5,0.47,34.5,0.02,0.04,2344.091878,1776366201000
1776366204.279,204.279,0.62,301.5,0.61,86.5,0.64,165.6,0.65,217.14,0.41,120.0,0.4,95.0,0.43,300.5,0.44,67.0,0.02,0.02,2344.200507,1776366202000
1776366204.571,204.571,0.63,143.5,0.62,178.5,0.65,57.14,0.66,503.09,0.36,17.78,0.35,217.14,0.37,112.5,0.38,190.5,0.02,0.01,2344.397794,1776366203000
1776366204.874,204.874,0.64,166.5,0.63,32.5,0.66,468.09,0.67,55.0,0.35,60.13,0.34,503.09,0.36,112.5,0.37,150.5,0.02,0.01,2344.397794,1776366203000
1776366205.455,205.455,0.65,261.5,0.64,77.41,0.66,7.72,0.67,5.0,0.34,468.09,0.33,55.0,0.36,166.5,0.37,32.5,0.01,0.02,2344.563543,1776366204000
1776366205.832,205.832,0.65,196.5,0.64,20.5,0.66,57.2,0.67,15.5,0.34,7.72,0.33,5.0,0.35,261.5,0.36,77.41,0.01,0.01,2344.563543,1776366204000
1776366206.977,206.977,0.66,163.5,0.65,94.52,0.67,15.74,0.69,370.0,0.33,11.24,0.32,60.5,0.34,45.0,0.35,196.5,0.01,0.01,2344.976718,1776366205000
1776366207.375,207.375,0.67,90.27,0.66,102.5,0.69,370.5,0.7,635.5,0.33,9.74,0.31,370.0,0.34,182.7,0.35,94.52,0.02,0.01,2345.011127,1776366206000
1776366207.898,207.898,0.68,87.0,0.67,129.77,0.69,335.0,0.7,635.5,0.31,370.5,0.3,635.5,0.33,90.27,0.34,102.5,0.01,0.02,2345.011127,1776366206000
1776366209.538,209.538,0.69,97.0,0.68,123.5,0.7,6.95,0.71,320.5,0.31,335.0,0.3,635.5,0.32,87.0,0.33,129.77,0.01,0.01,2345.163047,1776366208000
1776366210.605,210.605,0.7,242.5,0.69,20.5,0.71,5.5,0.72,270.5,0.3,6.95,0.29,320.5,0.31,97.0,0.32,123.5,0.01,0.01,2345.232575,1776366209000
1776366211.094,211.094,0.7,14.0,0.69,10.0,0.71,49.5,0.72,185.5,0.29,0.5,0.28,185.5,0.3,152.5,0.31,10.0,0.01,0.01,2345.232575,1776366209000
1776366211.355,211.355,0.68,12.94,0.67,17.0,0.71,44.39,0.72,190.5,0.29,44.39,0.28,190.5,0.32,62.94,0.33,17.0,0.03,0.03,2345.232575,1776366209000
1776366211.629,211.629,0.69,16.91,0.68,12.94,0.71,72.86,0.72,275.5,0.3,1.95,0.29,78.39,0.32,12.94,0.33,17.0,0.02,0.02,2345.208086,1776366210000
1776366212.107,212.107,0.69,5.0,0.68,12.94,0.7,0.8,0.71,5.0,0.29,69.12,0.28,275.5,0.31,16.91,0.32,12.94,0.01,0.02,2345.208086,1776366210000
1776366212.319,212.319,0.67,7.0,0.65,10.5,0.7,0.8,0.71,5.0,0.3,0.8,0.29,5.0,0.31,5.0,0.32,22.94,0.03,0.01,2345.208086,1776366210000
1776366212.598,212.598,0.65,7.7,0.63,30.0,0.7,0.8,0.71,5.0,0.3,0.8,0.29,5.0,0.33,7.0,0.35,10.5,0.05,0.03,2345.193247,1776366211000
1776366213.087,213.087,0.67,19.23,0.66,5.0,0.68,5.0,0.7,135.8,0.33,15.15,0.3,20.8,0.35,1.98,0.37,40.0,0.01,0.02,2345.073673,1776366212000
1776366213.332,213.332,0.67,4.95,0.66,5.0,0.69,10.5,0.7,115.0,0.3,135.0,0.29,285.0,0.33,19.23,0.34,5.0,0.02,0.03,2345.073673,1776366212000
1776366213.598,213.598,0.63,35.0,0.61,65.1,0.69,10.5,0.7,105.5,0.31,10.5,0.3,115.0,0.33,4.95,0.37,65.0,0.06,0.02,2345.073673,1776366212000
1776366214.063,214.063,0.67,15.0,0.66,15.0,0.68,44.29,0.69,20.5,0.32,57.41,0.31,20.5,0.34,15.0,0.35,5.0,0.01,0.02,2344.818907,1776366213000
1776366215.438,215.438,0.67,20.0,0.66,10.0,0.68,47.54,0.69,15.5,0.32,44.29,0.31,20.5,0.33,15.0,0.34,15.0,0.01,0.01,2344.791049,1776366214000
1776366216.319,216.319,0.67,56.0,0.66,100.0,0.68,36.41,0.69,10.5,0.32,47.54,0.31,15.5,0.33,20.0,0.34,10.0,0.01,0.01,2344.792397,1776366215000
1776366216.561,216.561,0.67,102.0,0.66,20.5,0.68,29.93,0.69,10.5,0.32,34.93,0.31,10.5,0.33,56.0,0.34,100.0,0.01,0.01,2344.792397,1776366215000
1776366216.81,216.81,0.67,166.0,0.66,10.0,0.69,15.5,0.7,90.5,0.32,24.93,0.31,15.5,0.33,187.0,0.34,10.0,0.02,0.01,2344.792397,1776366215000
1776366218.717,218.717,0.67,10.0,0.65,5.0,0.69,0.09,0.7,140.0,0.31,15.5,0.3,90.5,0.33,166.0,0.34,10.0,0.02,0.02,2344.855258,1776366217000
1776366218.968,218.968,0.67,9.0,0.66,5.0,0.7,130.09,0.71,105.0,0.3,130.09,0.29,105.0,0.32,5.0,0.33,10.0,0.03,0.02,2344.855258,1776366217000
1776366219.698,219.698,0.69,13.24,0.67,100.0,0.7,11.0,0.71,26.5,0.3,130.09,0.29,105.0,0.33,9.0,0.34,5.0,0.01,0.03,2344.833421,1776366218000
1776366220.163,220.163,0.71,50.25,0.7,12.14,0.73,175.0,0.74,400.0,0.28,210.0,0.27,175.0,0.29,47.25,0.31,13.24,0.02,0.01,2344.833421,1776366218000
1776366220.65,220.65,0.68,16.78,0.67,20.5,0.73,117.0,0.74,400.0,0.27,175.0,0.26,400.0,0.29,50.25,0.3,12.14,0.05,0.02,2344.951674,1776366219000
1776366220.975,220.975,0.71,10.0,0.7,20.5,0.72,3.61,0.73,35.5,0.27,117.0,0.26,400.0,0.32,16.78,0.33,20.5,0.01,0.05,2344.951674,1776366219000
1776366221.183,221.183,0.71,15.0,0.7,10.0,0.73,7.06,0.74,410.5,0.28,17.61,0.27,35.5,0.29,15.0,0.3,10.0,0.02,0.01,2344.951674,1776366219000
1776366221.422,221.422,0.71,2.0,0.7,10.0,0.73,12.06,0.74,415.5,0.28,10.5,0.27,7.06,0.29,2.43,0.3,10.0,0.02,0.01,2345.378931,1776366220000
1776366221.903,221.903,0.72,5.0,0.71,12.5,0.73,5.0,0.74,310.5,0.27,12.06,0.26,415.5,0.29,2.0,0.3,10.0,0.01,0.02,2345.378931,1776366220000
1776366222.359,222.359,0.72,1.42,0.71,2.0,0.73,12.2,0.74,235.5,0.27,5.0,0.26,310.5,0.28,5.0,0.29,12.5,0.01,0.01,2345.378931,1776366220000
1776366222.697,222.697,0.72,10.42,0.71,26.0,0.73,9.46,0.74,185.5,0.27,10.83,0.26,235.5,0.28,1.42,0.29,2.0,0.01,0.01,2345.420559,1776366221000
1776366223.254,223.254,0.72,147.52,0.71,26.0,0.73,2.75,0.74,10.5,0.27,4.39,0.26,185.5,0.28,10.42,0.29,26.0,0.01,0.01,2345.351935,1776366222000
1776366223.488,223.488,0.72,154.52,0.71,26.0,0.74,1.25,0.75,304.7,0.27,2.75,0.26,10.5,0.28,147.52,0.29,26.0,0.02,0.01,2345.351935,1776366222000
1776366224.642,224.642,0.73,8.55,0.72,128.52,0.74,10.5,0.75,54.7,0.26,1.25,0.25,304.7,0.28,154.52,0.29,26.0,0.01,0.02,2345.30074,1776366223000
1776366225.342,225.342,0.72,128.52,0.71,26.0,0.75,0.38,0.76,296.51,0.26,5.5,0.25,29.7,0.27,8.55,0.28,128.52,0.03,0.01,2345.30074,1776366223000
1776366225.694,225.694,0.73,5.0,0.72,10.0,0.74,78.69,0.75,5.0,0.26,70.0,0.25,15.5,0.28,112.4,0.29,26.0,0.01,0.02,2345.30074,1776366223000
1776366226.506,226.506,0.73,2.0,0.69,5.0,0.74,82.38,0.75,43.0,0.26,71.87,0.25,5.0,0.27,5.0,0.28,38.0,0.01,0.01,2345.248675,1776366225000
1776366226.749,226.749,0.66,5.1,0.65,15.8,0.67,60.0,0.7,27.38,0.26,85.89,0.25,33.0,0.31,5.0,0.34,5.1,0.01,0.05,2345.248675,1776366225000
1776366227.07,227.07,0.66,21.1,0.65,15.8,0.67,144.24,0.68,10.0,0.33,60.0,0.3,27.38,0.34,5.1,0.35,15.8,0.01,0.01,2345.248675,1776366225000
1776366227.375,227.375,0.66,21.1,0.65,15.8,0.67,152.65,0.68,10.0,0.33,132.24,0.32,10.0,0.34,21.1,0.35,15.8,0.01,0.01,2345.189286,1776366226000
1776366227.715,227.715,0.65,15.8,0.64,35.6,0.67,152.65,0.68,16.0,0.33,152.65,0.32,10.0,0.34,21.1,0.35,15.8,0.02,0.01,2345.189286,1776366226000
1776366229.176,229.176,0.66,10.0,0.65,10.0,0.67,114.65,0.68,6.0,0.33,152.65,0.32,16.0,0.35,15.8,0.36,35.6,0.01,0.02,2345.044685,1776366227000
1776366229.643,229.643,0.66,5.0,0.65,65.38,0.67,44.65,0.68,6.0,0.33,114.65,0.32,6.0,0.34,10.0,0.35,10.0,0.01,0.01,2344.729912,1776366228000
1776366231.141,231.141,0.68,24.0,0.67,25.0,0.69,74.55,0.7,6.0,0.31,76.0,0.3,6.0,0.34,15.0,0.35,65.38,0.01,0.03,2344.728052,1776366229000
1776366232.381,232.381,0.68,18.0,0.67,63.0,0.69,94.55,0.7,26.0,0.31,74.55,0.3,6.0,0.32,24.0,0.33,25.0,0.01,0.01,2344.769277,1776366231000
1776366232.591,232.591,0.68,6.87,0.67,43.45,0.69,24.55,0.7,31.0,0.31,99.55,0.3,26.0,0.33,32.45,0.34,19.0,0.01,0.02,2344.769277,1776366231000
1776366232.887,232.887,0.68,66.87,0.67,4.45,0.69,4.0,0.7,10.0,0.31,24.55,0.3,31.0,0.32,6.87,0.33,43.45,0.01,0.01,2344.769277,1776366231000
1776366233.778,233.778,0.7,120.13,0.69,35.0,0.71,163.84,0.72,70.0,0.29,130.84,0.28,62.0,0.3,10.0,0.31,10.0,0.01,0.01,2344.771151,1776366232000
1776366235.342,235.342,0.66,29.0,0.65,38.0,0.67,75.0,0.68,108.0,0.29,163.84,0.28,70.0,0.31,35.0,0.33,50.0,0.01,0.02,2344.757543,1776366234000
1776366235.845,235.845,0.66,19.0,0.65,28.0,0.67,77.07,0.68,85.0,0.33,75.0,0.32,108.0,0.34,29.0,0.35,38.0,0.01,0.01,2344.757543,1776366234000
1776366236.251,236.251,0.61,65.0,0.6,35.0,0.62,8.22,0.63,10.0,0.33,90.57,0.32,94.0,0.39,60.0,0.4,25.0,0.01,0.06,2344.713386,1776366235000
1776366236.502,236.502,0.61,65.0,0.6,35.0,0.62,0.22,0.63,10.0,0.38,8.22,0.37,10.0,0.39,65.0,0.4,35.0,0.01,0.01,2344.713386,1776366235000
1776366237.39,237.39,0.61,15.0,0.6,50.0,0.62,21.44,0.63,85.0,0.38,8.22,0.37,10.0,0.39,75.0,0.4,35.0,0.01,0.01,2344.539983,1776366236000
1776366237.842,237.842,0.6,50.0,0.59,187.9,0.62,77.66,0.63,85.0,0.38,21.44,0.37,85.0,0.39,15.0,0.4,50.0,0.02,0.01,2344.539983,1776366236000
1776366238.319,238.319,0.61,10.0,0.6,78.0,0.62,58.16,0.63,75.0,0.38,77.66,0.37,85.0,0.4,50.0,0.41,187.9,0.01,0.02,2344.475697,1776366237000
1776366238.604,238.604,0.61,6.92,0.6,50.0,0.62,52.96,0.63,85.0,0.38,58.16,0.37,75.0,0.39,6.92,0.4,50.0,0.01,0.01,2344.475697,1776366237000
1776366239.397,239.397,0.61,34.92,0.6,60.5,0.62,0.96,0.63,75.0,0.38,52.96,0.37,85.0,0.39,6.92,0.4,50.0,0.01,0.01,2344.475697,1776366237000
1776366240.369,240.369,0.62,25.0,0.61,6.92,0.63,67.87,0.64,80.0,0.37,70.0,0.36,70.0,0.39,34.92,0.4,50.0,0.01,0.02,2344.364734,1776366239000
1776366241.013,241.013,0.62,12.0,0.61,6.92,0.63,67.87,0.64,75.0,0.37,67.87,0.36,80.0,0.38,25.0,0.39,6.92,0.01,0.01,2344.364734,1776366239000
1776366241.233,241.233,0.61,4.15,0.6,50.0,0.63,58.66,0.64,75.0,0.37,58.66,0.36,75.0,0.38,12.0,0.39,6.92,0.02,0.01,2344.364734,1776366239000
1776366242.06,242.06,0.62,10.0,0.61,4.15,0.65,85.0,0.66,71.0,0.37,53.54,0.36,75.0,0.39,4.15,0.4,50.0,0.03,0.02,2344.325195,1776366240000
1776366242.565,242.565,0.6,40.0,0.59,174.9,0.63,20.0,0.64,18.0,0.35,85.0,0.34,71.0,0.38,10.0,0.39,4.15,0.03,0.03,2344.340105,1776366241000
1776366244.357,244.357,0.54,33.0,0.51,34.4,0.56,0.96,0.57,10.0,0.37,20.0,0.36,18.0,0.4,40.0,0.41,174.9,0.02,0.03,2344.341164,1776366242000
1776366246.478,246.478,0.56,10.0,0.55,10.0,0.57,1.49,0.58,5.0,0.45,6.97,0.44,0.96,0.46,33.0,0.48,10.0,0.01,0.01,2344.141885,1776366244000
1776366247.696,247.696,0.63,82.0,0.62,156.0,0.65,15.8,0.66,116.0,0.43,1.49,0.42,5.0,0.44,10.0,0.45,10.0,0.02,0.01,2344.13431,1776366246000
1776366247.958,247.958,0.64,87.2,0.63,100.0,0.66,16.0,0.67,42.6,0.35,15.8,0.34,116.0,0.37,82.0,0.38,156.0,0.02,0.02,2344.13431,1776366246000
1776366248.242,248.242,0.65,68.51,0.64,107.0,0.66,6.9,0.67,42.6,0.34,6.9,0.33,42.6,0.35,16.0,0.36,91.2,0.01,0.01,2344.13431,1776366246000
1776366248.974,248.974,0.7,15.0,0.69,16.0,0.71,110.0,0.72,203.0,0.29,100.0,0.28,170.0,0.35,53.51,0.36,92.0,0.01,0.06,2344.129117,1776366247000
1776366249.386,249.386,0.66,37.66,0.65,48.0,0.68,109.64,0.69,76.0,0.29,70.0,0.28,180.0,0.33,10.0,0.34,26.66,0.02,0.04,2344.129117,1776366247000
1776366249.595,249.595,0.65,8.21,0.64,10.0,0.66,5.0,0.67,15.0,0.33,15.0,0.32,145.94,0.34,5.0,0.35,10.0,0.01,0.01,2344.129117,1776366247000
1776366249.933,249.933,0.65,8.21,0.64,10.0,0.66,0.72,0.67,5.0,0.34,5.0,0.33,15.0,0.35,8.21,0.36,10.0,0.01,0.01,2344.418459,1776366248000
1776366250.156,250.156,0.66,7.05,0.65,8.21,0.67,40.0,0.68,157.94,0.34,0.72,0.33,5.0,0.35,8.21,0.36,10.0,0.01,0.01,2344.418459,1776366248000
1776366250.365,250.365,0.66,0.28,0.65,8.21,0.67,35.0,0.68,157.94,0.33,40.0,0.32,157.94,0.34,7.05,0.35,8.21,0.01,0.01,2344.418459,1776366248000
1776366250.97,250.97,0.68,55.0,0.67,16.0,0.72,110.0,0.73,35.0,0.32,50.0,0.31,31.0,0.34,28.28,0.35,8.21,0.04,0.02,2344.540376,1776366249000
1776366251.174,251.174,0.69,17.0,0.68,50.0,0.71,1.77,0.72,110.0,0.28,110.0,0.27,35.0,0.32,55.0,0.33,16.0,0.02,0.04,2344.540376,1776366249000
1776366251.451,251.451,0.69,17.0,0.68,22.0,0.71,4.37,0.72,110.0,0.29,1.77,0.28,110.0,0.31,17.0,0.32,50.0,0.02,0.02,2344.518996,1776366250000
1776366252.294,252.294,0.69,10.0,0.68,10.0,0.7,2.71,0.71,43.0,0.3,15.0,0.29,14.37,0.31,37.2,0.32,22.0,0.01,0.01,2344.430694,1776366251000
1776366253.241,253.241,0.6,25.0,0.58,35.0,0.61,9.26,0.62,20.0,0.29,38.67,0.28,135.0,0.31,10.0,0.32,10.0,0.01,0.02,2344.430694,1776366251000
1776366253.933,253.933,0.49,5.0,0.47,214.5,0.5,83.9,0.51,30.0,0.39,67.32,0.38,24.0,0.5,183.8,0.51,138.8,0.01,0.11,2344.475057,1776366252000
1776366254.31,254.31,0.47,14.5,0.46,69.5,0.48,12.91,0.49,10.0,0.52,12.91,0.51,10.0,0.53,164.5,0.54,119.5,0.01,0.01,2344.475057,1776366252000
1776366254.558,254.558,0.46,49.88,0.45,50.0,0.47,20.0,0.48,12.91,0.52,12.91,0.51,10.0,0.54,69.5,0.55,50.0,0.01,0.02,2344.483382,1776366253000
1776366254.814,254.814,0.45,50.0,0.44,174.6,0.46,12.73,0.47,20.0,0.53,20.0,0.52,12.91,0.54,31.88,0.55,50.0,0.01,0.01,2344.483382,1776366253000
1776366255.223,255.223,0.44,104.6,0.43,75.0,0.46,33.73,0.47,15.0,0.54,12.73,0.53,20.0,0.55,50.0,0.56,174.6,0.02,0.01,2344.264231,1776366254000
1776366255.443,255.443,0.42,140.0,0.41,224.9,0.45,91.0,0.46,93.73,0.54,33.73,0.53,15.0,0.56,104.6,0.57,75.0,0.03,0.02,2344.264231,1776366254000
1776366255.763,255.763,0.41,11.84,0.4,15.0,0.42,87.62,0.43,62.0,0.55,91.0,0.54,93.73,0.58,140.0,0.59,224.9,0.01,0.03,2344.264231,1776366254000
1776366255.968,255.968,0.38,200.0,0.37,75.0,0.4,36.0,0.41,48.0,0.58,79.0,0.57,62.0,0.61,165.1,0.62,200.0,0.02,0.03,2344.264231,1776366254000
1776366256.214,256.214,0.36,29.6,0.35,105.0,0.37,131.0,0.38,91.0,0.63,37.0,0.62,91.0,0.64,34.6,0.65,105.0,0.01,0.01,2344.264231,1776366254000
1776366256.514,256.514,0.35,15.04,0.3,17.1,0.36,195.91,0.37,59.0,0.64,27.69,0.63,130.0,0.65,50.04,0.66,120.0,0.01,0.01,2344.264231,1776366254000
1776366256.948,256.948,0.25,71.31,0.23,10.0,0.3,68.1,0.31,86.0,0.69,20.0,0.68,90.0,0.71,25.0,0.72,125.0,0.05,0.02,2343.842427,1776366255000
1776366257.156,257.156,0.21,100.37,0.2,92.5,0.24,16.0,0.25,10.0,0.74,6.0,0.7,94.1,0.77,10.0,0.78,5.0,0.03,0.03,2343.842427,1776366255000
1776366257.437,257.437,0.19,117.16,0.18,104.4,0.21,5.23,0.22,10.0,0.79,5.23,0.78,16.0,0.8,21.48,0.81,74.71,0.02,0.01,2343.775257,1776366256000
1776366257.667,257.667,0.22,25.0,0.2,42.12,0.23,4.24,0.24,10.0,0.77,4.34,0.76,10.0,0.8,42.12,0.81,101.31,0.01,0.03,2343.775257,1776366256000
1776366257.906,257.906,0.22,6.99,0.2,4.12,0.23,4.24,0.24,10.0,0.77,4.24,0.76,10.0,0.78,12.12,0.8,4.12,0.01,0.01,2343.775257,1776366256000
1776366258.119,258.119,0.21,1.84,0.19,76.31,0.23,4.24,0.24,10.0,0.77,4.24,0.76,10.0,0.78,5.69,0.79,7.0,0.02,0.01,2343.775257,1776366256000
1776366258.319,258.319,0.22,39.19,0.21,10.48,0.23,4.24,0.24,10.0,0.77,4.24,0.76,10.0,0.78,14.24,0.79,10.48,0.01,0.01,2343.775257,1776366256000
1776366258.58,258.58,0.22,15.0,0.21,0.48,0.23,4.24,0.24,10.0,0.77,4.24,0.76,10.0,0.78,27.82,0.79,0.48,0.01,0.01,2343.775257,1776366256000
1776366259.254,259.254,0.22,18.87,0.21,50.48,0.31,5.35,0.32,10.0,0.77,4.24,0.74,6.0,0.78,9.87,0.79,0.48,0.09,0.01,2343.177299,1776366257000
1776366259.559,259.559,0.33,62.53,0.29,67.0,0.34,30.0,0.35,75.0,0.67,42.0,0.65,75.0,0.74,61.51,0.77,17.0,0.01,0.07,2342.994424,1776366258000
1776366259.826,259.826,0.34,4.91,0.33,10.0,0.35,111.0,0.36,10.0,0.65,80.0,0.63,12.0,0.68,25.0,0.69,66.0,0.01,0.03,2342.994424,1776366258000
1776366260.056,260.056,0.32,6.25,0.31,66.0,0.34,16.0,0.35,116.0,0.65,111.0,0.64,10.0,0.66,4.91,0.67,10.0,0.02,0.01,2342.994424,1776366258000
1776366260.402,260.402,0.27,30.0,0.26,39.83,0.32,43.0,0.33,16.0,0.66,16.0,0.65,116.0,0.68,6.25,0.69,66.0,0.05,0.02,2342.97949,1776366259000
1776366260.647,260.647,0.26,38.47,0.25,77.0,0.27,21.0,0.28,16.0,0.68,43.0,0.67,16.0,0.73,30.0,0.74,39.83,0.01,0.05,2342.97949,1776366259000
1776366260.87,260.87,0.25,23.29,0.23,35.0,0.26,21.0,0.27,37.0,0.73,21.0,0.72,16.0,0.74,38.47,0.75,77.0,0.01,0.01,2342.97949,1776366259000
1776366261.48,261.48,0.23,33.7,0.22,10.0,0.24,87.0,0.25,10.0,0.74,21.0,0.73,26.0,0.77,35.0,0.78,10.0,0.01,0.03,2342.97949,1776366259000
1776366261.732,261.732,0.19,50.0,0.18,75.0,0.21,5.84,0.22,37.0,0.76,90.0,0.75,10.0,0.79,0.48,0.81,50.0,0.02,0.03,2343.315126,1776366260000
1776366261.955,261.955,0.17,32.0,0.16,31.25,0.19,10.0,0.2,45.6,0.81,5.0,0.8,25.0,0.82,75.0,0.83,25.0,0.02,0.01,2343.315126,1776366260000
1776366262.253,262.253,0.17,3.02,0.16,31.25,0.18,15.0,0.19,10.0,0.81,10.0,0.8,45.6,0.83,32.0,0.84,31.25,0.01,0.02,2343.315126,1776366260000
1776366262.475,262.475,0.16,48.71,0.15,7.0,0.17,25.0,0.18,25.0,0.82,35.0,0.81,10.0,0.83,3.02,0.84,31.25,0.01,0.01,2343.260932,1776366261000
1776366262.802,262.802,0.15,7.0,0.14,50.0,0.17,10.0,0.18,8.33,0.82,13.33,0.81,35.0,0.84,14.71,0.85,7.0,0.02,0.02,2343.260932,1776366261000
1776366263.208,263.208,0.14,71.0,0.13,36.8,0.15,7.0,0.16,10.0,0.82,1.1,0.81,5.0,0.86,50.0,0.87,59.8,0.01,0.04,2343.241163,1776366262000
1776366263.424,263.424,0.14,96.0,0.13,46.8,0.19,33.0,0.2,40.6,0.85,7.0,0.84,10.0,0.86,71.0,0.87,36.8,0.05,0.01,2343.241163,1776366262000
1776366263.915,263.915,0.19,13.82,0.18,10.0,0.2,45.6,0.21,10.0,0.84,10.0,0.83,10.0,0.86,103.9,0.87,31.8,0.01,0.02,2343.241163,1776366262000
1776366264.302,264.302,0.21,9.49,0.2,10.0,0.22,9.74,0.23,2.37,0.78,4.74,0.77,2.37,0.79,10.0,0.8,10.0,0.01,0.01,2343.241163,1776366262000
1776366264.516,264.516,0.21,25.93,0.2,10.0,0.22,9.74,0.23,2.37,0.78,9.74,0.77,2.37,0.79,2.2,0.8,10.0,0.01,0.01,2342.86142,1776366263000
1776366264.774,264.774,0.21,238.93,0.2,10.0,0.22,0.35,0.28,10.0,0.78,0.45,0.72,10.0,0.79,105.93,0.8,40.0,0.01,0.01,2342.86142,1776366263000
1776366265.155,265.155,0.35,4.0,0.34,10.0,0.36,55.0,0.37,5.0,0.64,25.0,0.63,33.0,0.67,12.62,0.68,10.0,0.01,0.03,2342.861143,1776366264000
1776366265.383,265.383,0.35,3.15,0.23,10.0,0.36,226.33,0.37,168.0,0.64,37.12,0.63,15.0,0.65,3.15,0.67,120.17,0.01,0.01,2342.861143,1776366264000
1776366265.621,265.621,0.21,44.83,0.17,19.0,0.22,10.45,0.23,15.0,0.78,5.45,0.77,10.0,0.79,44.93,0.81,30.0,0.01,0.01,2342.861143,1776366264000
1776366266.185,266.185,0.17,20.0,0.16,86.8,0.18,3.87,0.21,5.0,0.78,10.45,0.77,15.0,0.79,44.83,0.83,19.0,0.01,0.01,2342.861143,1776366264000
1776366266.437,266.437,0.2,0.31,0.19,10.0,0.21,15.0,0.22,15.0,0.79,5.0,0.78,15.0,0.8,10.75,0.81,10.0,0.01,0.01,2343.088041,1776366265000
1776366266.698,266.698,0.17,85.5,0.16,116.8,0.18,6.15,0.19,15.0,0.79,15.0,0.78,15.0,0.8,0.31,0.81,10.0,0.01,0.01,2343.088041,1776366265000
1776366267.403,267.403,0.17,144.5,0.16,116.8,0.23,10.0,0.26,10.0,0.82,0.59,0.81,15.0,0.83,85.5,0.84,116.8,0.06,0.01,2343.088041,1776366265000
1776366268.071,268.071,0.21,2.32,0.2,10.0,0.23,5.0,0.24,10.0,0.77,10.0,0.74,10.0,0.78,43.91,0.79,10.0,0.02,0.01,2343.16914,1776366266000
1776366268.44,268.44,0.21,7.77,0.2,60.0,0.22,15.0,0.23,10.0,0.77,5.0,0.76,10.0,0.79,2.32,0.8,10.0,0.01,0.02,2343.089495,1776366267000
1776366269.054,269.054,0.28,40.0,0.27,10.0,0.29,16.15,0.3,25.0,0.77,10.0,0.76,10.0,0.79,67.77,0.8,10.0,0.01,0.02,2343.089495,1776366267000
1776366269.971,269.971,0.28,68.75,0.27,10.0,0.29,0.15,0.3,25.0,0.71,16.15,0.7,25.0,0.72,36.91,0.73,10.0,0.01,0.01,2343.086646,1776366268000
1776366270.795,270.795,0.28,51.8,0.27,10.0,0.29,0.15,0.3,25.0,0.71,0.15,0.7,25.0,0.72,68.75,0.73,10.0,0.01,0.01,2343.114825,1776366269000
1776366271.027,271.027,0.28,59.0,0.27,10.0,0.29,10.0,0.3,25.0,0.71,0.15,0.7,25.0,0.72,51.8,0.73,10.0,0.01,0.01,2343.114825,1776366269000
1776366271.338,271.338,0.24,10.0,0.2,25.0,0.29,99.2,0.3,270.0,0.71,10.0,0.7,25.0,0.72,59.0,0.73,10.0,0.05,0.01,2343.246321,1776366270000
1776366271.57,271.57,0.2,25.0,0.17,25.5,0.25,158.0,0.26,51.0,0.71,99.2,0.7,270.0,0.76,10.0,0.8,25.0,0.05,0.05,2343.246321,1776366270000
1776366271.975,271.975,0.17,32.5,0.16,76.8,0.18,4.0,0.19,15.0,0.75,158.0,0.74,51.0,0.8,25.0,0.83,25.5,0.01,0.05,2343.246321,1776366270000
1776366272.446,272.446,0.17,7.5,0.16,76.8,0.18,10.0,0.19,15.0,0.81,15.0,0.8,15.0,0.83,32.5,0.84,76.8,0.01,0.02,2343.246321,1776366270000
1776366273.834,273.834,0.16,45.0,0.15,10.0,0.17,36.02,0.18,10.0,0.82,10.0,0.81,15.0,0.83,1.47,0.84,76.8,0.01,0.01,2343.166641,1776366272000
1776366274.805,274.805,0.12,83.0,0.1,97.68,0.13,7.3,0.14,25.0,0.83,36.02,0.82,10.0,0.84,31.8,0.85,18.0,0.01,0.01,2343.056748,1776366273000
1776366275.125,275.125,0.12,83.0,0.1,57.68,0.13,4.6,0.14,25.0,0.87,7.3,0.86,25.0,0.88,83.0,0.9,97.68,0.01,0.01,2342.958884,1776366274000
1776366275.402,275.402,0.12,68.0,0.1,48.68,0.13,6.9,0.14,20.0,0.87,4.6,0.86,25.0,0.88,83.0,0.9,57.68,0.01,0.01,2342.958884,1776366274000
1776366275.756,275.756,0.15,36.0,0.14,10.0,0.16,8.0,0.17,16.02,0.86,20.0,0.85,22.0,0.88,77.25,0.9,48.68,0.01,0.02,2342.958884,1776366274000
1776366276.07,276.07,0.15,3.71,0.14,27.0,0.16,10.0,0.17,10.0,0.84,5.0,0.82,10.0,0.85,19.11,0.86,10.0,0.01,0.01,2342.958884,1776366274000
1776366276.308,276.308,0.14,23.51,0.13,10.0,0.15,3.33,0.16,10.0,0.85,3.33,0.84,10.0,0.86,35.0,0.87,10.0,0.01,0.01,2342.958884,1776366274000
1776366276.829,276.829,0.14,13.51,0.13,10.0,0.16,10.0,0.17,10.0,0.85,3.33,0.84,10.0,0.86,23.51,0.87,10.0,0.02,0.01,2343.000346,1776366275000
1776366277.037,277.037,0.14,1.88,0.13,10.0,0.16,10.0,0.17,10.0,0.84,10.0,0.83,10.0,0.86,13.51,0.87,10.0,0.02,0.02,2342.945968,1776366276000
1776366277.403,277.403,0.14,1.88,0.13,10.0,0.15,3.33,0.16,10.0,0.84,10.0,0.83,10.0,0.86,1.88,0.87,10.0,0.01,0.02,2342.945968,1776366276000
1776366278.057,278.057,0.13,27.0,0.12,43.0,0.16,10.0,0.17,10.0,0.85,3.33,0.84,10.0,0.86,1.88,0.87,10.0,0.03,0.01,2342.945968,1776366276000
1776366278.398,278.398,0.16,59.0,0.15,10.0,0.17,41.0,0.18,58.0,0.84,10.0,0.83,10.0,0.87,27.0,0.88,43.0,0.01,0.03,2342.950445,1776366277000
1776366278.689,278.689,0.13,5.0,0.12,7.13,0.15,9.2,0.16,10.0,0.84,10.0,0.83,15.0,0.86,6.01,0.87,10.0,0.02,0.02,2342.950445,1776366277000
1776366279.024,279.024,0.15,58.23,0.14,10.0,0.16,10.0,0.17,5.4,0.84,3.75,0.83,5.4,0.85,9.88,0.86,10.0,0.01,0.01,2342.950445,1776366277000
1776366279.708,279.708,0.15,60.0,0.13,15.0,0.17,0.22,0.18,20.0,0.84,15.75,0.83,5.4,0.85,58.23,0.86,10.0,0.02,0.01,2342.966536,1776366278000
1776366280.177,280.177,0.13,10.0,0.12,12.13,0.14,8.0,0.16,10.0,0.83,0.22,0.82,20.0,0.85,60.0,0.87,15.0,0.01,0.02,2342.966536,1776366278000
1776366280.448,280.448,0.13,63.0,0.12,12.13,0.14,0.85,0.16,10.0,0.86,0.85,0.85,10.0,0.87,35.0,0.88,12.13,0.01,0.01,2342.896845,1776366279000
1776366280.804,280.804,0.28,33.05,0.27,20.0,0.3,32.0,0.31,30.0,0.78,30.0,0.77,28.0,0.81,8.46,0.87,53.0,0.02,0.03,2342.896845,1776366279000
1776366281.035,281.035,0.29,6.63,0.28,33.05,0.3,6.9,0.31,40.0,0.7,6.9,0.69,40.0,0.71,13.2,0.72,33.05,0.01,0.01,2342.896845,1776366279000
1776366281.252,281.252,0.29,10.0,0.28,10.0,0.31,39.9,0.33,25.0,0.7,6.9,0.69,40.0,0.71,6.63,0.72,33.05,0.02,0.01,2342.896845,1776366279000
1776366282.144,282.144,0.29,10.0,0.28,10.0,0.32,10.0,0.33,10.0,0.63,10.0,0.62,163.0,0.65,10.0,0.66,10.0,0.03,0.02,2342.933415,1776366280000
1776366282.601,282.601,0.37,30.63,0.36,10.0,0.38,130.0,0.39,70.0,0.67,10.0,0.66,10.0,0.69,5.0,0.71,10.0,0.01,0.02,2342.993497,1776366281000
1776366282.931,282.931,0.39,5.0,0.38,24.95,0.4,25.0,0.42,10.0,0.6,25.0,0.58,10.0,0.62,24.95,0.63,15.63,0.01,0.02,2342.993497,1776366281000
1776366283.509,283.509,0.41,25.2,0.4,10.0,0.42,25.0,0.43,35.0,0.6,25.0,0.58,10.0,0.61,5.0,0.62,24.95,0.01,0.01,2343.200507,1776366282000
1776366283.978,283.978,0.41,19.6,0.38,10.0,0.42,75.84,0.43,40.0,0.58,25.0,0.57,35.0,0.59,25.2,0.6,10.0,0.01,0.01,2343.200507,1776366282000
1776366284.761,284.761,0.26,50.0,0.25,10.0,0.3,3.79,0.31,10.0,0.58,59.84,0.57,40.0,0.62,10.0,0.63,20.0,0.04,0.04,2343.417986,1776366283000
1776366285.477,285.477,0.27,5.0,0.26,50.0,0.28,9.45,0.29,10.0,0.72,14.45,0.71,10.0,0.74,50.0,0.75,10.0,0.01,0.02,2343.419138,1776366284000
1776366285.94,285.94,0.26,36.4,0.25,10.0,0.28,9.45,0.29,10.0,0.72,9.45,0.71,10.0,0.73,5.0,0.74,50.0,0.02,0.01,2343.438964,1776366285000
1776366286.878,286.878,0.21,30.0,0.17,10.0,0.22,25.0,0.23,15.0,0.73,2.72,0.72,9.45,0.75,10.0,0.76,10.0,0.01,0.02,2343.438964,1776366285000
1776366287.319,287.319,0.16,91.93,0.15,10.0,0.18,15.0,0.19,10.0,0.78,15.0,0.77,15.0,0.84,96.99,0.85,10.0,0.02,0.06,2343.438964,1776366285000
1776366287.666,287.666,0.12,17.01,0.1,58.68,0.13,15.0,0.14,10.0,0.82,15.0,0.81,10.0,0.84,91.93,0.85,10.0,0.01,0.02,2343.460623,1776366286000
1776366287.972,287.972,0.1,46.68,0.09,46.0,0.11,5.0,0.12,15.0,0.87,15.0,0.86,10.0,0.9,48.68,0.91,36.0,0.01,0.03,2343.460623,1776366286000
1776366288.41,288.41,0.09,44.6,0.08,47.0,0.11,96.0,0.12,10.0,0.89,10.0,0.87,7.24,0.9,28.6,0.91,51.0,0.02,0.01,2343.41121,1776366287000
1776366288.616,288.616,0.1,4.45,0.09,19.6,0.11,96.0,0.12,10.0,0.89,96.0,0.88,10.0,0.91,44.6,0.92,47.0,0.01,0.02,2343.41121,1776366287000
1776366288.932,288.932,0.09,9.6,0.08,12.0,0.1,94.8,0.11,119.0,0.89,86.0,0.88,10.0,0.9,3.33,0.91,19.6,0.01,0.01,2343.41121,1776366287000
1776366289.247,289.247,0.04,113.71,0.03,163.0,0.06,20.0,0.07,32.0,0.94,30.59,0.93,10.0,0.95,39.75,0.96,120.23,0.02,0.01,2343.41121,1776366287000
1776366289.504,289.504,0.04,108.61,0.03,163.0,0.06,40.0,0.07,32.0,0.94,20.0,0.93,32.0,0.96,108.61,0.97,163.0,0.02,0.02,2343.276038,1776366288000
1776366290.118,290.118,0.04,91.61,0.03,163.0,0.05,22.0,0.06,30.0,0.94,30.0,0.93,32.0,0.96,92.66,0.97,163.0,0.01,0.02,2343.276038,1776366288000
1776366290.535,290.535,0.04,76.61,0.03,153.0,0.05,40.0,0.06,103.0,0.95,22.0,0.94,30.0,0.96,91.61,0.97,163.0,0.01,0.01,2343.232258,1776366289000
1776366290.781,290.781,0.03,88.83,0.02,223.0,0.04,15.0,0.05,55.0,0.95,45.0,0.94,98.0,0.97,99.14,0.98,223.0,0.01,0.02,2343.232258,1776366289000
1776366291.192,291.192,0.02,223.0,0.01,2508.97,0.03,6.17,0.04,20.0,0.96,20.0,0.95,55.0,0.97,7.83,0.98,223.0,0.01,0.01,2343.232258,1776366289000
1776366291.698,291.698,0.02,198.89,0.01,2408.97,0.03,21.32,0.04,20.0,0.97,21.32,0.96,20.0,0.98,212.89,0.99,2408.97,0.01,0.01,2342.877976,1776366290000
1776366292.087,292.087,0.02,188.68,0.01,2458.97,0.04,1.32,0.05,5.0,0.97,1.32,0.96,20.0,0.98,188.68,0.99,2408.97,0.02,0.01,2342.795751,1776366291000
1776366292.312,292.312,0.08,7.86,0.07,10.0,0.09,10.0,0.1,19.0,0.89,46.0,0.88,10.0,0.94,10.0,0.95,10.0,0.01,0.05,2342.795751,1776366291000
1776366292.548,292.548,0.03,4.0,0.02,86.63,0.08,10.0,0.09,10.0,0.91,10.0,0.9,19.0,0.92,6.56,0.93,10.0,0.05,0.01,2342.795751,1776366291000
1776366292.859,292.859,0.05,3.77,0.04,10.0,0.08,10.0,0.09,66.66,0.91,56.66,0.9,19.0,0.96,10.0,0.97,4.0,0.03,0.05,2342.795751,1776366291000
1776366293.348,293.348,0.02,87.07,0.01,2308.97,0.05,12.0,0.06,15.0,0.93,7.11,0.92,10.0,0.96,3.31,0.97,4.0,0.03,0.03,2342.68021,1776366292000
1776366293.68,293.68,0.02,56.25,0.01,2308.97,0.05,10.0,0.06,8.74,0.94,8.74,0.93,7.11,0.96,10.0,0.97,10.0,0.03,0.02,2342.68021,1776366292000
1776366294.249,294.249,0.02,61.14,0.01,2148.97,0.03,144.0,0.05,10.0,0.97,144.0,0.95,10.0,0.98,66.25,0.99,2308.97,0.01,0.01,2342.888543,1776366293000
1776366295.25,295.25,0.02,61.14,0.01,2148.97,0.03,124.0,0.05,10.0,0.97,144.0,0.95,10.0,0.98,61.14,0.99,2148.97,0.01,0.01,2342.888543,1776366293000
1776366295.461,295.461,0.02,56.03,0.01,2148.97,0.03,124.0,0.05,10.0,0.97,124.0,0.95,10.0,0.98,61.14,0.99,2148.97,0.01,0.01,2343.002664,1776366294000
1776366295.708,295.708,0.01,2143.97,,,0.02,25.82,0.03,124.0,0.98,20.72,0.97,124.0,0.99,2148.97,,,0.01,0.01,2343.002664,1776366294000
1776366296.03,296.03,0.01,2128.81,,,0.02,145.96,0.03,124.0,0.98,8.86,0.97,124.0,0.99,2138.81,,,0.01,0.01,2342.915041,1776366295000
1776366296.414,296.414,0.01,1981.31,,,0.02,161.26,0.03,124.0,0.98,151.06,0.97,124.0,0.99,2007.81,,,0.01,0.01,2342.915041,1776366295000
1776366296.625,296.625,0.01,1853.97,,,0.02,178.28,0.03,159.0,0.98,168.08,0.97,124.0,0.99,1858.97,,,0.01,0.01,2342.915041,1776366295000
1776366296.829,296.829,0.01,1398.36,,,0.02,178.28,0.03,175.0,0.98,178.28,0.97,163.0,0.99,1418.36,,,0.01,0.01,2342.915041,1776366295000
1776366297.072,297.072,0.01,326.28,,,0.02,185.28,0.03,147.0,0.98,185.28,0.97,186.0,0.99,426.28,,,0.01,0.01,2342.915041,1776366295000
1776366297.388,297.388,,,,,0.01,1011.71,0.02,56.66,0.99,17.16,0.98,185.28,,,,,,,2342.950969,1776366296000
1776366297.721,297.721,,,,,0.01,1675.53,0.02,111.66,0.99,1011.71,0.98,56.66,,,,,,,2342.950969,1776366296000
1776366297.96,297.96,,,,,0.01,1769.45,0.02,111.66,0.99,1675.53,0.98,111.66,,,,,,,2342.950969,1776366296000
1776366298.288,298.288,,,,,0.01,6944.19,0.02,95.66,0.99,6103.61,0.98,95.66,,,,,,,2342.886626,1776366297000
1776366298.774,298.774,,,,,0.01,8888.46,0.02,158.66,0.99,6948.64,0.98,116.66,,,,,,,2342.886626,1776366297000
1776366299.559,299.559,,,,,0.01,24599.12,0.02,67.66,0.99,8888.46,0.98,158.66,,,,,,,2342.70731,1776366298000
1776366299.814,299.814,,,,,0.01,38655.74,0.02,67.66,0.99,25534.3,0.98,67.66,,,,,,,2342.70731,1776366298000

# RESULT,winner=Down,slug=eth-updown-5m-1776366000,ticks=528
