timestamp,elapsed_sec,up_bid_p1,up_bid_s1,up_bid_p2,up_bid_s2,up_ask_p1,up_ask_s1,up_ask_p2,up_ask_s2,down_bid_p1,down_bid_s1,down_bid_p2,down_bid_s2,down_ask_p1,down_ask_s1,down_ask_p2,down_ask_s2,up_spread,down_spread,eth_price,eth_oracle_ts
1776350700.889,0.889,0.47,8.51,0.46,145.48,0.54,150.0,0.55,28.88,0.46,150.0,0.45,28.88,0.53,8.51,0.54,145.48,0.07,0.07,2305.312181,1776350700000
1776350701.186,1.186,0.46,170.0,0.45,216.0,0.5,4.08,0.51,26.0,0.46,150.0,0.45,28.88,0.53,8.51,0.54,145.48,0.04,0.07,2305.312181,1776350700000
1776350701.441,1.441,0.46,165.08,0.45,216.0,0.49,5.0,0.51,15.0,0.5,4.08,0.49,26.0,0.54,170.0,0.55,216.0,0.03,0.04,2305.312181,1776350700000
1776350701.94,1.94,0.46,160.0,0.45,216.0,0.51,5.0,0.52,18.0,0.49,5.0,0.48,18.0,0.54,160.0,0.55,216.0,0.05,0.05,2305.309882,1776350701000
1776350702.363,2.363,0.49,6.88,0.48,12.08,0.52,5.0,0.53,18.0,0.49,5.0,0.48,18.0,0.54,160.0,0.55,216.0,0.03,0.05,2305.309882,1776350701000
1776350703.017,3.017,0.49,6.88,0.48,12.08,0.52,5.0,0.53,18.0,0.48,5.0,0.47,18.0,0.51,6.88,0.52,12.08,0.03,0.03,2305.186368,1776350702000
1776350704.049,4.049,0.49,6.88,0.48,12.08,0.52,5.0,0.53,18.0,0.48,5.0,0.47,18.0,0.51,6.88,0.52,12.08,0.03,0.03,2305.343026,1776350703000
1776350704.394,4.394,0.49,110.0,0.48,115.0,0.5,20.84,0.51,115.0,0.48,5.0,0.47,18.0,0.51,6.88,0.52,12.08,0.01,0.03,2305.343026,1776350703000
1776350704.669,4.669,0.48,101.88,0.47,118.0,0.49,10.0,0.5,120.84,0.5,20.84,0.49,115.0,0.51,110.0,0.52,115.0,0.01,0.01,2305.343026,1776350703000
1776350705.057,5.057,0.48,101.88,0.47,118.0,0.49,10.0,0.5,120.84,0.51,10.0,0.5,120.84,0.52,101.88,0.53,118.0,0.01,0.01,2305.364245,1776350704000
1776350706.113,6.113,0.48,101.88,0.47,118.0,0.49,10.0,0.5,120.84,0.51,10.0,0.5,120.84,0.52,101.88,0.53,118.0,0.01,0.01,2305.352735,1776350705000
1776350706.316,6.316,0.48,126.14,0.47,115.0,0.49,15.0,0.5,125.84,0.51,10.0,0.5,120.84,0.52,101.88,0.53,118.0,0.01,0.01,2305.352735,1776350705000
1776350707.128,7.128,0.48,126.14,0.47,115.0,0.49,15.0,0.5,125.84,0.51,15.0,0.5,125.84,0.52,126.14,0.53,115.0,0.01,0.01,2305.24513,1776350706000
1776350708.216,8.216,0.48,126.14,0.47,115.0,0.49,15.0,0.5,125.84,0.51,15.0,0.5,125.84,0.52,126.14,0.53,115.0,0.01,0.01,2305.269048,1776350707000
1776350708.426,8.426,0.47,102.95,0.46,170.0,0.48,10.0,0.49,120.0,0.52,15.0,0.51,120.0,0.53,107.95,0.54,170.0,0.01,0.01,2305.269048,1776350707000
1776350709.593,9.593,0.45,67.0,0.44,170.0,0.46,131.0,0.47,125.5,0.51,145.0,0.5,115.84,0.54,160.0,0.55,175.0,0.01,0.03,2305.269048,1776350707000
1776350710.236,10.236,0.45,67.0,0.44,170.0,0.46,131.0,0.47,125.5,0.54,131.0,0.53,125.5,0.55,67.0,0.56,170.0,0.01,0.01,2305.097259,1776350709000
1776350712.318,12.318,0.39,62.0,0.38,75.0,0.42,115.0,0.43,110.0,0.55,184.2,0.54,160.5,0.56,10.0,0.59,125.0,0.03,0.01,2304.60255,1776350711000
1776350712.744,12.744,0.41,20.5,0.4,110.0,0.43,7.0,0.44,120.5,0.58,21.0,0.56,110.0,0.61,15.0,0.62,71.09,0.02,0.03,2304.60255,1776350711000
1776350712.99,12.99,0.4,99.47,0.39,210.0,0.44,100.0,0.45,110.5,0.58,10.0,0.57,7.0,0.6,106.64,0.61,210.0,0.04,0.02,2304.60255,1776350711000
1776350713.319,13.319,0.43,68.24,0.42,10.0,0.45,2.77,0.47,130.5,0.55,2.77,0.53,130.5,0.56,5.55,0.58,10.0,0.02,0.01,2304.457135,1776350712000
1776350714.039,14.039,0.44,15.0,0.43,118.24,0.46,10.0,0.47,30.27,0.53,30.27,0.52,135.0,0.55,4.63,0.56,10.0,0.02,0.02,2304.457135,1776350712000
1776350714.364,14.364,0.46,14.44,0.45,10.0,0.47,10.0,0.48,20.0,0.55,5.0,0.53,30.27,0.56,18.21,0.57,118.24,0.01,0.01,2304.367004,1776350713000
1776350715.461,15.461,0.49,22.0,0.48,130.0,0.5,0.84,0.51,150.0,0.53,10.0,0.52,20.0,0.54,14.44,0.55,10.0,0.01,0.01,2304.686962,1776350714000
1776350715.767,15.767,0.5,15.0,0.49,20.0,0.51,5.0,0.52,100.0,0.49,140.84,0.48,200.0,0.51,22.0,0.52,130.0,0.01,0.02,2304.686962,1776350714000
1776350716.278,16.278,0.5,65.0,0.49,25.5,0.52,105.0,0.53,50.0,0.49,8.18,0.48,100.0,0.5,15.0,0.51,20.0,0.02,0.01,2304.897725,1776350715000
1776350716.589,16.589,0.51,95.64,0.5,85.5,0.52,10.5,0.53,60.5,0.48,105.0,0.47,50.0,0.5,65.0,0.51,25.5,0.01,0.02,2304.897725,1776350715000
1776350718.477,18.477,0.52,10.0,0.51,20.0,0.53,96.74,0.54,66.74,0.48,6.65,0.47,60.5,0.49,114.84,0.5,80.5,0.01,0.01,2305.363805,1776350717000
1776350719.071,19.071,0.52,10.0,0.51,10.0,0.53,104.85,0.54,76.74,0.47,96.74,0.46,66.74,0.48,10.0,0.49,20.0,0.01,0.01,2305.363805,1776350717000
1776350720.006,20.006,0.5,2.64,0.48,95.0,0.52,10.42,0.53,96.99,0.47,92.63,0.46,87.61,0.48,10.0,0.49,10.0,0.02,0.01,2305.44572,1776350718000
1776350720.226,20.226,0.48,91.94,0.47,36.0,0.52,20.84,0.53,96.99,0.48,20.84,0.47,96.99,0.52,95.0,0.53,36.0,0.04,0.04,2305.559433,1776350719000
1776350720.61,20.61,0.48,88.82,0.47,30.0,0.49,9.25,0.51,5.0,0.49,12.0,0.48,85.42,0.52,88.82,0.53,30.0,0.01,0.03,2305.559433,1776350719000
1776350721.983,21.983,0.5,26.0,0.49,10.0,0.51,2.17,0.52,70.0,0.51,9.25,0.49,5.0,0.52,88.82,0.53,30.0,0.01,0.01,2305.324655,1776350720000
1776350722.191,22.191,0.5,21.0,0.49,15.0,0.51,2.17,0.52,70.0,0.49,2.17,0.48,70.0,0.5,26.0,0.51,10.0,0.01,0.01,2305.324655,1776350720000
1776350722.508,22.508,0.51,74.58,0.5,125.5,0.52,63.76,0.53,102.0,0.48,64.33,0.47,95.0,0.5,21.0,0.51,15.0,0.01,0.02,2305.324655,1776350720000
1776350722.849,22.849,0.51,72.5,0.5,135.5,0.53,93.99,0.54,45.5,0.48,63.76,0.47,102.0,0.49,74.58,0.5,125.5,0.02,0.01,2304.982404,1776350721000
1776350723.334,23.334,0.52,15.0,0.51,35.5,0.53,106.1,0.54,66.5,0.47,93.99,0.46,45.5,0.49,72.5,0.5,135.5,0.01,0.02,2305.028726,1776350722000
1776350724.156,24.156,0.52,20.0,0.51,50.5,0.53,236.72,0.54,55.5,0.47,90.26,0.46,66.5,0.48,15.0,0.49,35.5,0.01,0.01,2305.028726,1776350722000
1776350728.511,28.511,0.5,25.5,0.49,126.5,0.51,13.03,0.52,19.82,0.47,148.51,0.46,10.0,0.48,25.5,0.49,135.5,0.01,0.01,2305.33035,1776350727000
1776350729.849,29.849,0.49,74.08,0.48,265.16,0.51,13.03,0.52,10.0,0.49,13.03,0.48,19.82,0.5,25.5,0.51,126.5,0.02,0.01,2305.320796,1776350728000
1776350731.547,31.547,0.52,172.03,0.51,110.31,0.54,30.0,0.55,90.0,0.49,13.03,0.48,10.0,0.51,74.08,0.52,265.16,0.02,0.02,2305.31872,1776350730000
1776350731.842,31.842,0.54,33.0,0.53,43.41,0.55,38.89,0.56,117.5,0.46,30.0,0.45,90.0,0.48,172.03,0.49,110.31,0.01,0.02,2305.31872,1776350730000
1776350732.19,32.19,0.54,101.5,0.53,63.41,0.56,100.0,0.57,65.5,0.45,38.89,0.44,117.5,0.46,33.0,0.47,43.41,0.02,0.01,2305.31872,1776350730000
1776350733.119,33.119,0.55,16.57,0.54,25.5,0.56,67.5,0.57,82.5,0.44,100.0,0.43,65.5,0.45,20.5,0.46,71.5,0.01,0.01,2305.434825,1776350731000
1776350734.573,34.573,0.56,24.77,0.55,59.98,0.57,5.0,0.58,172.5,0.44,67.5,0.43,82.5,0.45,16.57,0.46,25.5,0.01,0.01,2305.909255,1776350733000
1776350735.108,35.108,0.56,124.77,0.55,54.08,0.59,0.18,0.6,60.0,0.43,5.0,0.42,172.5,0.44,24.77,0.45,59.98,0.03,0.01,2305.903303,1776350734000
1776350735.438,35.438,0.56,183.42,0.55,64.08,0.6,7.0,0.61,20.0,0.4,5.59,0.39,15.0,0.44,124.77,0.45,54.08,0.04,0.04,2305.903303,1776350734000
1776350735.643,35.643,0.57,5.67,0.56,133.42,0.62,4.38,0.63,15.0,0.42,5.5,0.4,2.31,0.43,5.67,0.44,138.42,0.05,0.01,2305.903303,1776350734000
1776350736.026,36.026,0.6,10.0,0.59,10.0,0.63,13.37,0.64,36.5,0.42,5.0,0.39,10.5,0.43,7.6,0.44,152.62,0.03,0.01,2305.903303,1776350734000
1776350736.723,36.723,0.61,15.0,0.6,22.91,0.63,63.7,0.64,20.5,0.38,33.25,0.37,13.37,0.39,15.0,0.4,10.0,0.02,0.01,2306.365366,1776350735000
1776350738.326,38.326,0.63,31.0,0.62,27.91,0.66,42.88,0.67,15.0,0.37,63.7,0.36,20.5,0.39,15.0,0.4,22.91,0.03,0.02,2306.374595,1776350736000
1776350738.836,38.836,0.65,12.14,0.64,10.0,0.66,47.88,0.68,100.0,0.34,42.88,0.33,15.0,0.37,31.0,0.38,27.91,0.01,0.03,2306.422554,1776350737000
1776350739.398,39.398,0.65,11.85,0.64,10.0,0.66,60.38,0.67,35.0,0.34,44.88,0.32,100.0,0.35,34.2,0.36,10.0,0.01,0.01,2306.529746,1776350738000
1776350739.701,39.701,0.65,11.85,0.64,10.0,0.66,87.0,0.67,25.0,0.34,65.0,0.33,25.0,0.35,11.85,0.36,10.0,0.01,0.01,2306.529746,1776350738000
1776350740.05,40.05,0.63,8.91,0.62,27.91,0.66,57.0,0.67,40.0,0.34,87.0,0.33,25.0,0.35,11.85,0.36,10.0,0.03,0.01,2306.529746,1776350738000
1776350740.411,40.411,0.64,10.0,0.63,5.0,0.66,67.0,0.67,50.0,0.34,82.0,0.33,50.0,0.35,4.85,0.36,10.0,0.02,0.01,2306.741566,1776350739000
1776350740.723,40.723,0.63,15.0,0.62,10.0,0.66,77.0,0.67,40.0,0.34,67.0,0.33,50.0,0.36,10.0,0.37,5.0,0.03,0.02,2306.741566,1776350739000
1776350740.954,40.954,0.65,23.14,0.64,10.0,0.66,5.0,0.67,34.26,0.34,77.0,0.33,40.0,0.37,15.0,0.38,10.0,0.01,0.03,2306.741566,1776350739000
1776350741.185,41.185,0.65,9.38,0.64,10.0,0.66,5.0,0.67,25.0,0.34,10.0,0.33,25.0,0.35,9.38,0.36,10.0,0.01,0.01,2306.766415,1776350740000
1776350741.88,41.88,0.65,24.52,0.64,10.0,0.66,5.0,0.67,37.85,0.34,5.0,0.33,25.0,0.35,9.38,0.36,10.0,0.01,0.01,2306.766415,1776350740000
1776350744.045,44.045,0.68,44.56,0.67,28.41,0.69,5.0,0.7,60.56,0.33,27.85,0.32,70.0,0.35,21.37,0.36,10.0,0.01,0.02,2306.923857,1776350742000
1776350745.172,45.172,0.68,49.67,0.67,107.41,0.69,3.08,0.72,59.19,0.31,3.08,0.3,60.56,0.32,31.8,0.33,28.41,0.01,0.01,2307.01724,1776350744000
1776350745.473,45.473,0.73,8.88,0.72,10.0,0.74,82.0,0.75,85.0,0.27,15.0,0.26,77.0,0.32,9.26,0.33,37.08,0.01,0.05,2307.01724,1776350744000
1776350745.77,45.77,0.7,6.66,0.69,16.0,0.71,5.0,0.72,105.0,0.29,5.0,0.28,5.0,0.3,12.66,0.31,16.0,0.01,0.01,2307.01724,1776350744000
1776350746.089,46.089,0.7,22.53,0.69,7.66,0.71,5.0,0.72,5.0,0.29,5.0,0.28,5.0,0.31,7.66,0.32,86.17,0.01,0.02,2307.01724,1776350744000
1776350746.367,46.367,0.73,26.0,0.72,150.0,0.74,1.06,0.75,5.0,0.26,11.06,0.25,5.0,0.3,173.2,0.31,7.66,0.01,0.04,2307.211215,1776350745000
1776350746.695,46.695,0.78,0.18,0.77,10.0,0.79,7.46,0.81,110.0,0.21,7.46,0.2,16.0,0.22,10.0,0.23,10.0,0.01,0.01,2307.211215,1776350745000
1776350746.985,46.985,0.79,4.66,0.78,0.18,0.81,87.27,0.82,227.0,0.19,87.27,0.18,227.0,0.22,0.18,0.23,10.0,0.02,0.03,2307.211215,1776350745000
1776350747.199,47.199,0.8,15.0,0.79,4.66,0.81,75.53,0.82,227.0,0.19,96.03,0.18,227.0,0.2,10.0,0.21,4.66,0.01,0.01,2307.211215,1776350745000
1776350747.435,47.435,0.8,18.0,0.79,4.66,0.81,75.53,0.82,227.0,0.19,75.53,0.18,227.0,0.2,15.0,0.21,4.66,0.01,0.01,2307.211215,1776350745000
1776350747.782,47.782,0.8,26.0,0.79,67.95,0.81,74.29,0.82,237.5,0.19,74.29,0.18,237.5,0.2,373.76,0.21,4.66,0.01,0.01,2307.211215,1776350745000
1776350748.203,48.203,0.8,15.0,0.79,67.95,0.81,124.79,0.82,237.5,0.19,104.79,0.18,237.5,0.2,20.0,0.21,67.95,0.01,0.01,2307.411175,1776350747000
1776350748.634,48.634,0.8,15.0,0.79,67.95,0.81,129.79,0.82,237.5,0.19,124.79,0.18,237.5,0.2,15.0,0.21,67.95,0.01,0.01,2307.411175,1776350747000
1776350749.497,49.497,0.79,53.29,0.72,6.0,0.8,110.0,0.81,154.29,0.19,174.79,0.18,297.5,0.21,63.29,0.27,10.0,0.01,0.02,2308.685129,1776350748000
1776350750.543,50.543,0.71,64.84,0.7,105.0,0.72,15.0,0.73,10.0,0.26,126.0,0.25,10.0,0.29,108.91,0.3,105.0,0.01,0.03,2308.58902,1776350749000
1776350750.932,50.932,0.64,10.0,0.63,17.91,0.65,2.65,0.66,10.0,0.34,10.0,0.33,25.15,0.37,17.91,0.38,90.0,0.01,0.03,2308.58902,1776350749000
1776350751.158,51.158,0.64,20.0,0.63,22.91,0.66,7.65,0.67,10.0,0.35,2.65,0.34,10.0,0.36,10.0,0.37,17.91,0.02,0.01,2308.237032,1776350750000
1776350751.42,51.42,0.64,43.0,0.63,15.0,0.66,5.55,0.67,10.0,0.34,7.65,0.33,10.0,0.36,20.0,0.37,22.91,0.02,0.02,2308.237032,1776350750000
1776350752.061,52.061,0.64,23.0,0.63,10.0,0.66,3.48,0.67,10.0,0.34,3.48,0.33,10.0,0.36,43.0,0.37,15.0,0.02,0.02,2307.615143,1776350751000
1776350752.343,52.343,0.63,5.0,0.62,85.0,0.64,63.08,0.65,37.0,0.36,4.12,0.35,53.0,0.37,5.0,0.38,80.0,0.01,0.01,2307.615143,1776350751000
1776350753.963,53.963,0.64,20.0,0.63,103.41,0.65,12.0,0.66,15.0,0.36,62.05,0.35,37.0,0.37,5.0,0.38,85.0,0.01,0.01,2307.193885,1776350752000
1776350754.273,54.273,0.66,103.0,0.65,20.0,0.68,92.65,0.69,100.0,0.33,15.0,0.32,115.0,0.34,23.0,0.36,20.0,0.02,0.01,2307.062157,1776350753000
1776350754.543,54.543,0.67,6.96,0.66,88.0,0.68,82.65,0.69,15.0,0.32,82.65,0.31,15.0,0.33,10.0,0.34,134.0,0.01,0.01,2307.062157,1776350753000
1776350754.747,54.747,0.68,15.0,0.67,11.96,0.71,70.0,0.72,180.0,0.31,17.12,0.3,10.0,0.32,15.0,0.33,11.96,0.03,0.01,2307.062157,1776350753000
1776350755.475,55.475,0.68,5.0,0.67,63.73,0.69,50.0,0.7,10.0,0.29,70.0,0.28,180.0,0.32,15.0,0.33,11.96,0.01,0.03,2306.750347,1776350754000
1776350755.731,55.731,0.67,53.73,0.66,79.0,0.68,32.52,0.69,35.0,0.31,50.0,0.3,10.0,0.32,5.0,0.33,63.73,0.01,0.01,2306.750347,1776350754000
1776350756.144,56.144,0.67,39.45,0.66,23.0,0.68,228.86,0.69,185.0,0.32,208.86,0.31,185.0,0.33,53.73,0.34,23.0,0.01,0.01,2307.145989,1776350755000
1776350756.415,56.415,0.66,8.43,0.65,5.0,0.67,30.0,0.68,152.0,0.32,152.0,0.31,325.0,0.34,22.31,0.35,5.0,0.01,0.02,2307.145989,1776350755000
1776350756.883,56.883,0.66,8.43,0.65,5.0,0.67,3.33,0.68,115.0,0.33,30.0,0.32,152.0,0.34,8.43,0.35,5.0,0.01,0.01,2307.145989,1776350755000
1776350757.162,57.162,0.63,5.0,0.62,10.0,0.67,1.68,0.68,185.0,0.33,3.33,0.32,185.0,0.37,5.0,0.38,10.0,0.04,0.04,2307.334652,1776350756000
1776350757.763,57.763,0.65,5.0,0.63,5.0,0.68,90.16,0.69,325.0,0.33,1.68,0.32,185.0,0.37,5.0,0.38,10.0,0.03,0.04,2307.334652,1776350756000
1776350758.347,58.347,0.67,26.0,0.66,15.0,0.68,19.26,0.69,140.0,0.32,90.16,0.31,325.0,0.37,5.0,0.38,10.0,0.01,0.05,2306.709455,1776350757000
1776350758.776,58.776,0.68,10.0,0.67,22.91,0.7,25.0,0.71,60.0,0.32,6.61,0.31,150.0,0.33,26.0,0.34,15.0,0.02,0.01,2306.709455,1776350757000
1776350759.516,59.516,0.69,13.0,0.68,10.0,0.7,25.0,0.71,60.0,0.3,25.0,0.29,60.0,0.32,10.0,0.33,22.91,0.01,0.02,2306.547318,1776350758000
1776350759.997,59.997,0.69,82.91,0.68,78.0,0.71,35.0,0.74,75.0,0.3,25.0,0.29,60.0,0.32,8.0,0.33,10.0,0.02,0.02,2306.547318,1776350758000
1776350760.308,60.308,0.68,10.5,0.67,25.5,0.71,5.0,0.72,10.0,0.25,98.16,0.24,105.0,0.29,10.0,0.3,10.0,0.03,0.04,2306.863736,1776350759000
1776350760.636,60.636,0.69,10.0,0.68,10.0,0.7,3.5,0.71,10.0,0.3,30.0,0.29,10.0,0.31,20.0,0.32,10.0,0.01,0.01,2306.863736,1776350759000
1776350761.089,61.089,0.71,8.18,0.7,10.0,0.72,10.0,0.73,10.0,0.26,148.35,0.25,133.16,0.3,28.0,0.31,40.0,0.01,0.04,2306.863736,1776350759000
1776350761.38,61.38,0.71,8.18,0.7,15.0,0.73,9.65,0.74,148.35,0.28,33.05,0.27,30.0,0.29,8.18,0.3,10.0,0.02,0.01,2307.345613,1776350760000
1776350761.716,61.716,0.71,29.28,0.7,15.0,0.72,5.0,0.73,97.49,0.28,5.0,0.26,140.0,0.29,1.28,0.3,15.0,0.01,0.01,2307.345613,1776350760000
1776350762.14,62.14,0.71,5.0,0.69,40.0,0.72,8.61,0.73,118.65,0.27,88.65,0.26,165.0,0.29,23.93,0.3,10.0,0.01,0.02,2307.527546,1776350761000
1776350762.396,62.396,0.71,11.55,0.7,10.0,0.72,24.0,0.73,131.65,0.28,5.0,0.27,103.65,0.29,11.55,0.3,20.5,0.01,0.01,2307.527546,1776350761000
1776350762.647,62.647,0.71,13.1,0.7,10.0,0.72,83.86,0.73,147.15,0.28,42.0,0.27,131.65,0.29,8.1,0.3,10.0,0.01,0.01,2307.527546,1776350761000
1776350763.32,63.32,0.68,20.5,0.67,20.5,0.7,23.0,0.71,20.0,0.28,86.52,0.27,166.65,0.29,8.1,0.3,10.0,0.02,0.01,2307.40411,1776350762000
1776350763.645,63.645,0.68,10.0,0.67,20.5,0.69,8.55,0.7,116.0,0.3,23.0,0.29,20.0,0.32,20.5,0.33,20.5,0.01,0.02,2307.40411,1776350762000
1776350764.93,64.93,0.67,10.0,0.66,15.0,0.68,109.52,0.69,20.0,0.31,38.55,0.3,148.0,0.32,6.56,0.33,20.5,0.01,0.01,2307.32015,1776350763000
1776350765.508,65.508,0.65,10.0,0.64,15.0,0.68,119.52,0.69,10.0,0.32,109.52,0.31,20.0,0.33,10.0,0.34,15.0,0.03,0.01,2307.23026,1776350764000
1776350765.944,65.944,0.67,140.04,0.66,70.5,0.68,38.0,0.71,50.0,0.32,69.52,0.31,10.0,0.34,60.0,0.35,10.0,0.01,0.02,2307.23026,1776350764000
1776350766.219,66.219,0.67,99.37,0.66,70.5,0.71,25.0,0.72,5.0,0.29,25.0,0.28,5.0,0.32,48.72,0.33,145.04,0.04,0.03,2307.23026,1776350764000
1776350766.946,66.946,0.68,20.5,0.67,99.37,0.69,15.0,0.7,25.0,0.29,25.0,0.28,31.0,0.3,5.66,0.31,10.0,0.01,0.01,2307.034119,1776350766000
1776350767.747,67.747,0.7,29.5,0.69,27.5,0.72,10.0,0.73,10.0,0.31,15.0,0.3,25.0,0.32,20.5,0.33,99.37,0.02,0.01,2307.034119,1776350766000
1776350767.991,67.991,0.71,29.05,0.7,29.5,0.72,15.0,0.73,33.0,0.28,10.0,0.27,10.0,0.3,29.5,0.31,27.5,0.01,0.02,2307.034119,1776350766000
1776350769.395,69.395,0.73,9.29,0.72,26.75,0.74,235.0,0.75,98.16,0.28,15.0,0.27,33.0,0.29,29.05,0.3,29.5,0.01,0.01,2307.44097,1776350767000
1776350769.839,69.839,0.7,10.0,0.69,15.5,0.73,178.63,0.74,250.0,0.27,134.63,0.26,250.0,0.28,26.75,0.3,25.5,0.03,0.01,2307.524791,1776350768000
1776350770.417,70.417,0.7,10.0,0.68,10.5,0.71,80.59,0.72,16.0,0.27,178.63,0.26,250.0,0.3,10.0,0.31,15.5,0.01,0.03,2307.585355,1776350769000
1776350773.601,73.601,0.74,6.0,0.73,22.5,0.75,171.06,0.76,220.5,0.29,164.59,0.28,41.0,0.3,4.0,0.31,5.0,0.01,0.01,2307.339683,1776350772000
1776350774.219,74.219,0.72,44.0,0.7,4.0,0.73,128.0,0.74,115.0,0.25,171.06,0.24,220.5,0.26,6.0,0.27,22.5,0.01,0.01,2307.339683,1776350772000
1776350774.51,74.51,0.7,4.0,0.67,35.0,0.73,148.0,0.74,134.5,0.27,128.0,0.26,115.0,0.28,44.0,0.3,4.0,0.03,0.01,2307.504969,1776350773000
1776350775.262,75.262,0.67,40.5,0.66,19.08,0.71,368.0,0.72,60.0,0.27,148.0,0.26,134.5,0.3,4.0,0.33,35.0,0.04,0.03,2307.504969,1776350773000
1776350775.463,75.463,0.67,10.0,0.66,10.0,0.68,36.31,0.69,90.5,0.32,37.43,0.31,90.5,0.33,10.0,0.34,10.0,0.01,0.01,2307.504969,1776350773000
1776350776.065,76.065,0.65,41.5,0.64,55.5,0.66,5.84,0.67,148.91,0.34,8.88,0.33,94.06,0.35,45.0,0.36,45.5,0.01,0.01,2307.757025,1776350774000
1776350776.464,76.464,0.68,10.0,0.67,10.0,0.7,62.58,0.71,58.0,0.34,5.84,0.33,148.91,0.35,41.5,0.36,55.5,0.02,0.01,2307.757025,1776350774000
1776350777.111,77.111,0.69,7.77,0.68,6.0,0.7,40.0,0.71,35.0,0.3,62.58,0.29,58.0,0.32,10.0,0.33,10.0,0.01,0.02,2307.491969,1776350775000
1776350777.897,77.897,0.69,58.59,0.68,26.5,0.7,30.0,0.71,70.0,0.3,40.0,0.29,35.0,0.31,7.77,0.32,6.0,0.01,0.01,2307.055575,1776350776000
1776350778.392,78.392,0.69,41.91,0.68,31.5,0.7,55.0,0.71,70.0,0.3,30.0,0.29,70.0,0.31,58.59,0.32,26.5,0.01,0.01,2307.083963,1776350777000
1776350779.063,79.063,0.69,61.58,0.68,45.5,0.7,86.57,0.71,106.0,0.3,55.0,0.29,70.0,0.31,41.91,0.32,31.5,0.01,0.01,2307.083963,1776350777000
1776350784.138,84.138,0.65,10.5,0.64,20.5,0.66,101.78,0.67,84.0,0.3,86.57,0.29,106.0,0.31,61.58,0.32,45.5,0.01,0.01,2307.216262,1776350782000
1776350785.146,85.146,0.65,0.5,0.64,30.5,0.66,76.78,0.67,84.0,0.34,101.78,0.33,84.0,0.35,10.5,0.36,20.5,0.01,0.01,2306.986766,1776350783000
1776350786.993,86.993,0.64,81.75,0.63,160.0,0.65,4.92,0.66,30.0,0.34,76.78,0.33,84.0,0.35,0.5,0.36,30.5,0.01,0.01,2306.832632,1776350785000
1776350787.247,87.247,0.64,168.66,0.63,190.0,0.71,35.0,0.73,125.39,0.35,4.92,0.34,30.0,0.36,81.75,0.37,160.0,0.07,0.01,2306.832632,1776350785000
1776350787.691,87.691,0.68,10.0,0.67,10.0,0.69,10.0,0.7,10.0,0.29,9.49,0.28,27.0,0.32,5.0,0.33,5.0,0.01,0.03,2306.740599,1776350786000
1776350788.233,88.233,0.68,23.65,0.67,88.16,0.69,3.55,0.7,5.0,0.31,10.0,0.3,15.0,0.32,2.65,0.33,10.0,0.01,0.01,2306.720796,1776350787000
1776350789.012,89.012,0.7,21.0,0.69,16.0,0.71,58.59,0.72,35.0,0.29,10.5,0.28,10.0,0.32,18.15,0.33,98.66,0.01,0.03,2306.720796,1776350787000
1776350790.582,90.582,0.7,26.0,0.69,26.5,0.71,26.59,0.72,70.0,0.29,58.59,0.28,35.0,0.3,21.0,0.31,16.0,0.01,0.01,2307.258896,1776350789000
1776350791.197,91.197,0.7,26.5,0.69,34.5,0.71,44.61,0.72,45.0,0.29,26.59,0.28,70.0,0.3,26.0,0.31,26.5,0.01,0.01,2307.258896,1776350789000
1776350792.556,92.556,0.72,71.5,0.71,74.5,0.73,65.0,0.74,160.0,0.29,44.61,0.28,45.0,0.3,26.5,0.31,34.5,0.01,0.01,2307.227686,1776350791000
1776350797.088,97.088,0.77,144.49,0.76,105.15,0.78,70.0,0.79,20.0,0.27,65.0,0.26,160.0,0.28,71.5,0.29,74.5,0.01,0.01,2308.237661,1776350796000
1776350797.493,97.493,0.77,84.5,0.76,135.49,0.79,20.0,0.8,130.0,0.22,70.0,0.21,20.0,0.23,144.49,0.24,105.15,0.02,0.01,2308.237661,1776350796000
1776350798.684,98.684,0.78,25.5,0.77,59.66,0.8,67.37,0.81,105.0,0.21,20.0,0.2,130.0,0.23,84.5,0.24,135.49,0.02,0.02,2308.400585,1776350797000
1776350799.525,99.525,0.79,15.0,0.78,20.5,0.8,55.37,0.81,110.0,0.2,67.37,0.19,105.0,0.22,25.5,0.23,59.66,0.01,0.02,2308.50219,1776350798000
1776350800.891,100.891,0.81,73.65,0.8,28.5,0.82,5.0,0.84,153.5,0.2,55.37,0.19,110.0,0.21,15.0,0.22,20.5,0.01,0.01,2308.41995,1776350799000
1776350801.197,101.197,0.81,64.88,0.8,28.5,0.82,84.59,0.83,10.0,0.18,17.96,0.17,10.0,0.19,64.88,0.2,28.5,0.01,0.01,2308.42331,1776350800000
1776350801.424,101.424,0.81,13.28,0.8,105.84,0.82,96.62,0.83,15.0,0.18,96.62,0.17,15.0,0.19,13.76,0.2,28.5,0.01,0.01,2308.42331,1776350800000
1776350802.366,102.366,0.79,35.5,0.78,33.5,0.82,25.58,0.83,56.5,0.18,96.62,0.17,15.0,0.19,13.28,0.2,105.84,0.03,0.01,2308.836058,1776350801000
1776350803.029,103.029,0.8,15.0,0.79,35.5,0.81,45.98,0.82,5.0,0.18,25.58,0.17,56.5,0.21,35.5,0.22,33.5,0.01,0.03,2308.836058,1776350801000
1776350803.466,103.466,0.78,15.0,0.77,35.5,0.8,150.0,0.81,59.49,0.2,10.07,0.19,48.99,0.21,10.0,0.22,15.0,0.02,0.01,2308.796576,1776350802000
1776350805.803,105.803,0.79,15.85,0.78,17.0,0.8,113.0,0.81,75.5,0.2,150.0,0.19,59.49,0.22,15.0,0.23,35.5,0.01,0.02,2308.433948,1776350804000
1776350806.372,106.372,0.79,46.56,0.78,32.5,0.8,128.0,0.81,80.0,0.2,113.0,0.19,75.5,0.21,15.85,0.22,17.0,0.01,0.01,2308.40627,1776350805000
1776350810.894,110.894,0.74,61.5,0.73,95.34,0.78,156.5,0.79,35.5,0.2,128.0,0.19,80.0,0.21,46.56,0.22,32.5,0.04,0.01,2308.292305,1776350809000
1776350811.437,111.437,0.76,33.5,0.75,67.54,0.77,5.7,0.78,37.0,0.22,156.5,0.21,35.5,0.26,61.5,0.27,95.34,0.01,0.04,2308.197471,1776350810000
1776350811.776,111.776,0.76,61.5,0.75,30.5,0.77,0.94,0.78,37.0,0.23,5.7,0.22,37.0,0.24,33.5,0.25,67.54,0.01,0.01,2308.197471,1776350810000
1776350812.041,112.041,0.77,31.39,0.76,38.5,0.78,32.0,0.79,15.0,0.23,9.51,0.22,32.0,0.24,91.5,0.25,30.5,0.01,0.01,2308.197471,1776350810000
1776350813.65,113.65,0.81,53.0,0.8,79.5,0.82,70.0,0.83,120.0,0.22,32.0,0.21,15.0,0.23,31.39,0.24,38.5,0.01,0.01,2307.964841,1776350812000
1776350813.882,113.882,0.81,91.5,0.8,49.5,0.82,60.87,0.83,120.0,0.18,70.0,0.17,120.0,0.19,53.0,0.2,79.5,0.01,0.01,2307.964841,1776350812000
1776350815.018,115.018,0.82,99.24,0.81,30.5,0.84,10.0,0.85,325.0,0.18,60.87,0.17,120.0,0.19,91.5,0.2,49.5,0.02,0.01,2308.213441,1776350813000
1776350815.533,115.533,0.82,26.74,0.81,30.5,0.83,15.0,0.84,10.0,0.16,10.0,0.15,325.0,0.18,99.24,0.19,30.5,0.01,0.02,2308.463686,1776350814000
1776350815.751,115.751,0.83,4.76,0.82,33.5,0.84,20.0,0.85,335.0,0.17,12.2,0.16,30.0,0.18,40.5,0.19,25.5,0.01,0.01,2308.463686,1776350814000
1776350816.262,116.262,0.82,22.76,0.81,25.5,0.84,70.5,0.85,350.5,0.16,20.0,0.15,335.0,0.17,4.76,0.18,33.5,0.02,0.01,2308.490416,1776350815000
1776350816.868,116.868,0.81,4.47,0.8,35.5,0.82,72.0,0.83,20.0,0.16,70.5,0.15,350.5,0.18,22.76,0.19,25.5,0.01,0.02,2308.490416,1776350815000
1776350818.094,118.094,0.81,19.97,0.8,35.5,0.83,50.0,0.84,46.5,0.18,72.0,0.17,20.0,0.19,4.47,0.2,35.5,0.02,0.01,2308.94141,1776350817000
1776350818.826,118.826,0.81,10.0,0.8,35.5,0.82,7.51,0.83,79.5,0.17,50.0,0.16,46.5,0.19,19.97,0.2,35.5,0.01,0.02,2308.94141,1776350817000
1776350819.163,119.163,0.82,10.0,0.81,10.0,0.83,24.25,0.84,60.5,0.17,31.61,0.16,60.5,0.19,10.0,0.2,35.5,0.01,0.02,2308.94141,1776350817000
1776350819.373,119.373,0.82,10.0,0.81,10.0,0.83,32.0,0.84,60.5,0.17,24.25,0.16,60.5,0.18,10.0,0.19,10.0,0.01,0.01,2308.94141,1776350817000
1776350820.181,120.181,0.82,5.0,0.81,10.0,0.83,28.53,0.84,60.5,0.17,32.0,0.16,60.5,0.18,10.0,0.19,10.0,0.01,0.01,2308.654154,1776350818000
1776350820.442,120.442,0.8,20.0,0.79,43.5,0.81,85.82,0.82,18.0,0.17,28.53,0.16,60.5,0.18,5.0,0.19,10.0,0.01,0.01,2308.689724,1776350819000
1776350821.006,121.006,0.8,10.0,0.79,33.0,0.82,30.02,0.83,176.5,0.19,82.3,0.18,23.0,0.2,20.0,0.21,43.5,0.02,0.01,2308.638059,1776350820000
1776350821.223,121.223,0.81,10.0,0.8,10.0,0.82,89.86,0.83,176.5,0.18,28.86,0.17,176.5,0.2,15.0,0.21,33.0,0.01,0.02,2308.638059,1776350820000
1776350822.182,122.182,0.8,9.95,0.79,43.5,0.82,8.36,0.83,160.5,0.18,89.86,0.17,176.5,0.19,10.0,0.2,10.0,0.02,0.01,2308.638059,1776350820000
1776350822.534,122.534,0.81,80.0,0.8,9.95,0.82,2.14,0.83,160.5,0.18,8.36,0.17,160.5,0.2,9.95,0.21,43.5,0.01,0.02,2308.509703,1776350821000
1776350823.265,123.265,0.8,43.0,0.79,43.5,0.81,13.65,0.82,39.14,0.18,2.14,0.17,160.5,0.19,80.0,0.2,9.95,0.01,0.01,2308.347823,1776350822000
1776350823.577,123.577,0.81,15.0,0.8,38.5,0.82,32.14,0.83,194.0,0.19,13.65,0.18,39.14,0.2,43.0,0.21,43.5,0.01,0.01,2308.347823,1776350822000
1776350824.088,124.088,0.82,15.0,0.81,68.5,0.83,56.3,0.84,115.0,0.18,32.14,0.17,194.0,0.19,15.0,0.2,38.5,0.01,0.01,2308.347823,1776350822000
1776350828.389,128.389,0.83,11.76,0.82,23.0,0.84,43.0,0.85,105.0,0.17,56.3,0.16,115.0,0.18,15.0,0.19,68.5,0.01,0.01,2308.991812,1776350827000
1776350831.764,131.764,0.83,63.5,0.82,43.5,0.84,48.45,0.85,80.0,0.16,43.0,0.15,105.0,0.17,11.76,0.18,23.0,0.01,0.01,2308.741305,1776350830000
1776350832.533,132.533,0.83,63.5,0.82,43.5,0.84,52.37,0.85,80.0,0.16,48.45,0.15,80.0,0.17,63.5,0.18,43.5,0.01,0.01,2308.741305,1776350830000
1776350832.85,132.85,0.82,35.71,0.81,25.5,0.83,58.0,0.84,99.72,0.16,52.37,0.15,80.0,0.17,63.5,0.18,43.5,0.01,0.01,2308.708273,1776350831000
1776350835.47,135.47,0.78,40.64,0.77,87.54,0.79,97.0,0.8,43.0,0.17,58.0,0.16,99.72,0.18,35.71,0.19,25.5,0.01,0.01,2308.622398,1776350834000
1776350836.444,136.444,0.76,75.0,0.75,140.5,0.79,13.03,0.8,118.0,0.21,97.0,0.2,43.0,0.22,40.64,0.23,87.54,0.03,0.01,2308.534014,1776350835000
1776350840.782,140.782,0.69,358.16,0.68,160.0,0.7,35.0,0.71,130.0,0.21,13.03,0.2,118.0,0.24,75.0,0.25,140.5,0.01,0.03,2308.323377,1776350839000
1776350841.236,141.236,0.69,78.16,0.68,160.0,0.7,10.88,0.71,270.0,0.3,21.52,0.29,100.0,0.31,253.16,0.32,160.0,0.01,0.01,2307.94209,1776350840000
1776350841.449,141.449,0.69,13.16,0.68,170.0,0.7,3.3,0.71,210.0,0.3,10.88,0.29,270.0,0.31,78.16,0.32,160.0,0.01,0.01,2307.94209,1776350840000
1776350842.237,142.237,0.7,10.0,0.69,74.02,0.71,130.0,0.75,10.0,0.3,3.3,0.29,210.0,0.31,13.16,0.32,170.0,0.01,0.01,2307.94209,1776350840000
1776350842.614,142.614,0.7,10.0,0.69,84.02,0.76,100.0,0.77,90.0,0.29,130.0,0.25,10.0,0.3,10.0,0.31,74.02,0.06,0.01,2306.894774,1776350841000
1776350843.388,143.388,0.76,5.13,0.75,10.0,0.77,90.0,0.78,10.0,0.24,100.0,0.23,90.0,0.3,10.0,0.31,84.02,0.01,0.06,2306.71948,1776350842000
1776350843.842,143.842,0.69,74.02,0.68,25.0,0.75,15.0,0.76,68.3,0.23,90.0,0.22,10.0,0.24,5.13,0.25,10.0,0.06,0.01,2306.71948,1776350842000
1776350844.487,144.487,0.69,16.0,0.68,15.0,0.71,13.57,0.72,10.0,0.27,10.0,0.26,10.0,0.32,1.7,0.33,289.0,0.02,0.05,2307.224372,1776350843000
1776350844.728,144.728,0.69,16.0,0.68,25.0,0.7,4.92,0.71,13.57,0.29,13.57,0.28,10.0,0.31,16.0,0.32,15.0,0.01,0.02,2307.224372,1776350843000
1776350845.105,145.105,0.69,10.5,0.68,25.0,0.7,12.18,0.71,7.49,0.3,4.0,0.29,7.49,0.31,16.0,0.32,35.0,0.01,0.01,2307.224372,1776350843000
1776350845.33,145.33,0.69,36.5,0.68,25.0,0.71,1.18,0.72,32.0,0.3,12.18,0.29,7.49,0.31,10.5,0.32,25.0,0.02,0.01,2307.521109,1776350844000
1776350845.854,145.854,0.71,91.1,0.7,19.0,0.72,48.25,0.73,10.0,0.29,4.97,0.28,11.18,0.3,33.0,0.31,55.8,0.01,0.01,2307.521109,1776350844000
1776350847.066,147.066,0.71,70.4,0.69,10.5,0.72,30.0,0.73,10.0,0.28,20.25,0.27,10.0,0.29,91.1,0.31,53.8,0.01,0.01,2307.33438,1776350845000
1776350847.292,147.292,0.71,62.81,0.7,5.0,0.72,59.0,0.73,10.0,0.28,30.0,0.27,10.0,0.29,70.4,0.31,10.5,0.01,0.01,2307.304,1776350846000
1776350847.734,147.734,0.7,69.29,0.69,15.5,0.72,154.69,0.73,26.0,0.28,61.69,0.27,26.0,0.29,58.81,0.31,10.5,0.02,0.01,2307.304,1776350846000
1776350848.027,148.027,0.7,67.29,0.69,65.5,0.71,113.69,0.72,46.0,0.29,15.0,0.28,30.0,0.3,67.29,0.31,65.5,0.01,0.01,2307.271361,1776350847000
1776350848.683,148.683,0.69,28.0,0.67,200.0,0.7,17.87,0.71,76.0,0.29,125.16,0.28,46.0,0.3,67.29,0.31,50.0,0.01,0.01,2307.271361,1776350847000
1776350848.949,148.949,0.69,48.58,0.67,200.0,0.7,38.75,0.71,81.0,0.3,15.57,0.29,81.0,0.31,48.58,0.33,200.0,0.01,0.01,2307.271361,1776350847000
1776350849.751,149.751,0.69,63.58,0.68,10.5,0.7,13.99,0.71,31.0,0.3,26.95,0.29,81.0,0.31,48.58,0.32,10.5,0.01,0.01,2307.152548,1776350848000
1776350850.119,150.119,0.69,69.08,0.68,10.5,0.7,1.72,0.71,26.0,0.3,13.99,0.29,31.0,0.31,63.58,0.32,10.5,0.01,0.01,2307.0067,1776350849000
1776350850.773,150.773,0.71,20.5,0.7,45.7,0.73,8.49,0.74,70.0,0.3,1.72,0.29,26.0,0.31,69.08,0.32,10.5,0.02,0.01,2307.0067,1776350849000
1776350851.196,151.196,0.72,25.5,0.71,25.5,0.73,5.89,0.74,85.69,0.27,8.49,0.26,70.0,0.29,20.5,0.3,45.7,0.01,0.02,2306.92535,1776350850000
1776350851.428,151.428,0.72,38.5,0.71,30.5,0.74,67.47,0.75,77.0,0.27,5.89,0.26,85.69,0.28,25.5,0.29,25.5,0.02,0.01,2306.92535,1776350850000
1776350852.14,152.14,0.72,66.64,0.71,67.5,0.73,8.49,0.74,75.16,0.27,8.49,0.26,75.16,0.28,28.5,0.29,30.5,0.01,0.01,2306.92535,1776350850000
1776350853.353,153.353,0.72,101.5,0.71,38.5,0.74,71.2,0.75,127.0,0.27,6.43,0.26,75.16,0.28,82.64,0.29,67.5,0.02,0.01,2307.205392,1776350852000
1776350854.165,154.165,0.72,15.0,0.71,71.2,0.73,17.94,0.74,96.2,0.26,71.2,0.25,127.0,0.28,101.5,0.29,38.5,0.01,0.02,2307.205392,1776350852000
1776350854.471,154.471,0.72,10.0,0.71,71.2,0.73,7.81,0.74,91.2,0.27,17.94,0.26,96.2,0.28,15.0,0.29,71.2,0.01,0.01,2307.184045,1776350853000
1776350855.14,155.14,0.73,152.75,0.72,48.5,0.74,58.83,0.75,150.0,0.27,7.81,0.26,91.2,0.28,10.0,0.29,71.2,0.01,0.01,2307.184045,1776350853000
1776350855.387,155.387,0.73,131.75,0.72,48.5,0.74,35.83,0.75,150.0,0.26,58.83,0.25,150.0,0.27,152.75,0.28,48.5,0.01,0.01,2307.158652,1776350854000
1776350855.781,155.781,0.73,90.25,0.72,38.5,0.74,26.8,0.75,160.0,0.26,28.83,0.25,150.0,0.27,131.75,0.28,48.5,0.01,0.01,2307.158652,1776350854000
1776350858.308,158.308,0.75,82.0,0.74,132.04,0.76,6.69,0.77,109.0,0.26,26.8,0.25,160.0,0.27,90.25,0.28,38.5,0.01,0.01,2307.206726,1776350856000
1776350858.585,158.585,0.75,119.89,0.74,132.04,0.76,3.68,0.77,109.0,0.24,6.69,0.23,109.0,0.25,82.0,0.26,132.04,0.01,0.01,2307.244326,1776350857000
1776350859.288,159.288,0.74,52.54,0.73,50.0,0.76,196.36,0.77,129.5,0.24,3.68,0.23,109.0,0.25,119.89,0.26,132.04,0.02,0.01,2307.288078,1776350858000
1776350860.137,160.137,0.75,119.7,0.74,90.04,0.76,15.0,0.77,113.0,0.24,196.36,0.23,129.5,0.26,52.54,0.27,50.0,0.01,0.02,2307.31135,1776350859000
1776350861.497,161.497,0.76,38.0,0.75,27.0,0.77,127.19,0.78,194.19,0.24,15.0,0.23,113.0,0.25,119.7,0.26,90.04,0.01,0.01,2307.258037,1776350860000
1776350862.33,162.33,0.76,91.47,0.75,30.5,0.77,28.68,0.78,193.69,0.23,127.19,0.22,194.19,0.24,38.0,0.25,27.0,0.01,0.01,2307.26466,1776350861000
1776350863.079,163.079,0.75,10.0,0.74,10.0,0.76,13.53,0.77,188.5,0.23,28.68,0.22,193.69,0.24,91.47,0.25,30.5,0.01,0.01,2307.26466,1776350861000
1776350863.676,163.676,0.75,10.0,0.74,20.5,0.76,165.21,0.77,60.0,0.24,13.53,0.23,188.5,0.25,10.0,0.26,10.0,0.01,0.01,2307.401072,1776350862000
1776350864.02,164.02,0.75,10.0,0.74,20.5,0.76,130.35,0.77,30.0,0.24,165.21,0.23,60.0,0.25,10.0,0.26,20.5,0.01,0.01,2307.401072,1776350862000
1776350864.783,164.783,0.75,7.29,0.74,30.5,0.76,123.53,0.77,30.0,0.24,130.35,0.23,30.0,0.25,10.0,0.26,20.5,0.01,0.01,2307.3584,1776350863000
1776350865.669,165.669,0.75,7.29,0.74,30.5,0.76,89.53,0.77,30.0,0.24,123.53,0.23,30.0,0.25,7.29,0.26,30.5,0.01,0.01,2307.257083,1776350864000
1776350866.187,166.187,0.75,16.81,0.74,10.0,0.76,66.5,0.77,40.5,0.24,89.53,0.23,30.0,0.25,7.29,0.26,30.5,0.01,0.01,2307.176278,1776350865000
1776350866.519,166.519,0.74,10.0,0.73,100.0,0.76,60.9,0.77,40.5,0.24,60.9,0.23,40.5,0.25,12.96,0.26,10.0,0.02,0.01,2307.176278,1776350865000
1776350867.183,167.183,0.74,89.25,0.73,110.5,0.75,3.0,0.76,126.0,0.24,60.9,0.23,40.5,0.26,10.0,0.27,100.0,0.01,0.02,2307.176278,1776350865000
1776350867.946,167.946,0.74,89.25,0.73,110.5,0.76,75.59,0.77,40.5,0.25,0.97,0.24,126.0,0.26,89.25,0.27,110.5,0.02,0.01,2307.173139,1776350866000
1776350869.295,169.295,0.73,100.0,0.72,65.5,0.75,106.0,0.76,86.09,0.24,75.59,0.23,40.5,0.26,89.25,0.27,110.5,0.02,0.02,2307.117491,1776350868000
1776350869.935,169.935,0.74,26.0,0.73,100.5,0.75,3.66,0.76,70.0,0.25,62.0,0.24,86.09,0.27,100.0,0.28,65.5,0.01,0.02,2307.117491,1776350868000
1776350870.676,170.676,0.74,114.33,0.73,100.5,0.75,3.66,0.76,80.0,0.25,3.66,0.24,70.0,0.26,26.0,0.27,100.5,0.01,0.01,2307.09319,1776350869000
1776350871.172,171.172,0.74,105.1,0.73,100.5,0.75,3.4,0.76,80.0,0.25,31.01,0.24,80.0,0.26,105.1,0.27,100.5,0.01,0.01,2307.09319,1776350869000
1776350872.048,172.048,0.74,105.1,0.73,100.5,0.76,78.55,0.77,30.0,0.25,3.4,0.24,80.0,0.26,105.1,0.27,100.5,0.02,0.01,2306.987426,1776350870000
1776350872.69,172.69,0.75,28.0,0.74,115.6,0.76,76.57,0.77,30.0,0.24,78.55,0.23,30.0,0.26,105.1,0.27,100.5,0.01,0.02,2307.08421,1776350871000
1776350873.09,173.09,0.75,20.12,0.74,115.6,0.76,76.57,0.77,30.0,0.24,76.57,0.23,30.0,0.25,28.0,0.26,115.6,0.01,0.01,2307.08421,1776350871000
1776350874.452,174.452,0.75,12.25,0.74,103.35,0.76,92.81,0.77,30.0,0.24,65.24,0.23,30.0,0.25,20.12,0.26,115.6,0.01,0.01,2307.091961,1776350873000
1776350875.153,175.153,0.75,110.88,0.74,20.5,0.76,93.81,0.77,10.0,0.24,92.81,0.23,30.0,0.25,12.25,0.26,103.35,0.01,0.01,2307.091961,1776350873000
1776350875.379,175.379,0.75,94.88,0.74,20.5,0.76,101.06,0.77,28.0,0.24,73.83,0.23,10.0,0.25,110.88,0.26,20.5,0.01,0.01,2307.1191,1776350874000
1776350875.644,175.644,0.75,138.08,0.74,40.5,0.76,17.0,0.77,10.0,0.24,20.0,0.23,10.0,0.25,122.08,0.26,35.5,0.01,0.01,2307.1191,1776350874000
1776350878.759,178.759,0.81,34.0,0.8,106.25,0.82,25.0,0.83,260.0,0.23,10.0,0.22,230.0,0.24,45.0,0.25,143.08,0.01,0.01,2307.493446,1776350877000
1776350879.705,179.705,0.82,15.5,0.81,78.5,0.83,210.0,0.84,80.0,0.18,25.0,0.17,260.0,0.19,34.0,0.2,106.25,0.01,0.01,2307.888379,1776350878000
1776350883.241,183.241,0.86,44.5,0.85,44.5,0.87,3.85,0.88,180.0,0.17,210.0,0.16,80.0,0.18,15.5,0.19,78.5,0.01,0.01,2308.18063,1776350882000
1776350883.903,183.903,0.87,40.82,0.86,44.5,0.88,69.7,0.89,266.0,0.12,70.85,0.11,250.0,0.13,20.5,0.14,49.5,0.01,0.01,2308.18063,1776350882000
1776350884.133,184.133,0.87,57.74,0.86,44.5,0.88,62.02,0.89,266.0,0.12,62.02,0.11,266.0,0.13,47.2,0.14,44.5,0.01,0.01,2308.570972,1776350883000
1776350884.333,184.333,0.87,52.74,0.86,44.5,0.88,56.96,0.89,266.0,0.12,62.02,0.11,266.0,0.13,57.74,0.14,44.5,0.01,0.01,2308.570972,1776350883000
1776350884.563,184.563,0.87,52.74,0.86,62.5,0.88,31.96,0.89,266.0,0.12,56.96,0.11,266.0,0.13,52.74,0.14,44.5,0.01,0.01,2308.570972,1776350883000
1776350884.866,184.866,0.87,99.52,0.86,62.5,0.88,25.96,0.89,266.0,0.12,31.96,0.11,266.0,0.13,52.74,0.14,62.5,0.01,0.01,2308.570972,1776350883000
1776350885.34,185.34,0.87,62.78,0.86,44.5,0.88,57.97,0.89,286.5,0.12,24.67,0.11,266.0,0.13,98.64,0.14,62.5,0.01,0.01,2308.64699,1776350884000
1776350885.641,185.641,0.87,67.78,0.86,44.5,0.88,26.54,0.89,266.0,0.12,27.22,0.11,276.5,0.13,67.78,0.14,44.5,0.01,0.01,2308.64699,1776350884000
1776350886.602,186.602,0.87,119.28,0.86,38.5,0.89,216.0,0.9,85.0,0.12,43.54,0.11,281.0,0.13,81.78,0.14,28.0,0.02,0.01,2308.685,1776350885000
1776350888.282,188.282,0.89,21.01,0.88,46.5,0.9,84.43,0.91,271.0,0.11,216.0,0.1,85.0,0.13,119.28,0.14,38.5,0.01,0.02,2308.646062,1776350887000
1776350888.532,188.532,0.89,26.01,0.88,36.0,0.9,93.26,0.91,271.0,0.1,84.43,0.09,271.0,0.11,21.01,0.12,46.5,0.01,0.01,2308.646062,1776350887000
1776350888.767,188.767,0.89,5.64,0.88,36.0,0.9,87.26,0.91,271.0,0.1,93.26,0.09,271.0,0.11,10.64,0.12,36.0,0.01,0.01,2308.646062,1776350887000
1776350888.979,188.979,0.89,5.64,0.88,36.0,0.9,79.59,0.91,271.0,0.1,87.26,0.09,271.0,0.11,5.64,0.12,36.0,0.01,0.01,2308.646062,1776350887000
1776350889.53,189.53,0.9,5.8,0.89,10.0,0.91,267.7,0.92,38.0,0.1,12.57,0.09,271.0,0.11,15.64,0.12,36.0,0.01,0.01,2308.752835,1776350888000
1776350889.772,189.772,0.9,5.8,0.89,94.64,0.91,260.74,0.92,22.0,0.09,267.39,0.08,38.0,0.1,5.8,0.11,10.0,0.01,0.01,2308.752835,1776350888000
1776350890.927,190.927,0.9,4.62,0.89,105.64,0.91,13.95,0.92,22.0,0.09,210.74,0.08,22.0,0.1,4.62,0.11,94.64,0.01,0.01,2308.752835,1776350889000
1776350891.278,191.278,0.88,67.94,0.87,61.5,0.91,15.0,0.92,19.87,0.08,19.87,0.07,150.0,0.1,4.62,0.11,105.64,0.03,0.02,2308.625954,1776350890000
1776350893.543,193.543,0.88,37.94,0.87,43.0,0.89,145.5,0.9,65.5,0.09,15.0,0.08,19.87,0.12,67.94,0.13,61.5,0.01,0.03,2308.619082,1776350892000
1776350893.847,193.847,0.88,9.13,0.87,43.0,0.89,145.5,0.9,65.5,0.11,145.5,0.1,65.5,0.12,33.88,0.13,43.0,0.01,0.01,2308.619082,1776350892000
1776350894.378,194.378,0.85,1.08,0.83,20.0,0.89,145.5,0.9,65.5,0.11,145.5,0.1,65.5,0.13,0.65,0.15,20.32,0.04,0.02,2308.568487,1776350893000
1776350894.799,194.799,0.83,4.65,0.82,15.0,0.89,145.5,0.9,65.5,0.11,145.5,0.1,65.5,0.17,10.54,0.18,15.0,0.06,0.06,2308.568487,1776350893000
1776350895.038,195.038,0.75,13.3,0.74,25.0,0.78,66.1,0.85,41.6,0.22,71.1,0.15,41.6,0.25,13.3,0.26,25.0,0.03,0.03,2308.568487,1776350893000
1776350895.363,195.363,0.75,13.3,0.74,25.0,0.78,62.25,0.84,31.25,0.22,66.1,0.15,41.6,0.25,13.3,0.26,25.0,0.03,0.03,2306.462722,1776350894000
1776350895.863,195.863,0.77,15.0,0.75,3.3,0.85,66.6,0.88,48.0,0.22,62.25,0.16,31.25,0.25,3.3,0.26,25.0,0.08,0.03,2306.462722,1776350894000
1776350896.086,196.086,0.75,3.3,0.73,10.0,0.78,95.76,0.85,41.6,0.22,95.76,0.15,41.6,0.23,19.0,0.25,3.3,0.03,0.01,2306.462722,1776350894000
1776350896.538,196.538,0.72,40.0,0.71,95.0,0.75,16.7,0.76,60.5,0.22,95.76,0.15,41.6,0.25,3.3,0.27,10.0,0.03,0.03,2306.301365,1776350895000
1776350896.822,196.822,0.72,5.0,0.69,345.5,0.76,56.73,0.78,95.26,0.26,5.5,0.24,86.33,0.28,5.0,0.29,50.0,0.04,0.02,2306.301365,1776350895000
1776350897.022,197.022,0.69,335.5,0.68,75.0,0.71,50.0,0.72,25.0,0.24,56.73,0.22,95.26,0.28,5.0,0.31,345.5,0.02,0.04,2306.301365,1776350895000
1776350898.471,198.471,0.69,335.5,0.68,75.0,0.71,54.47,0.72,35.0,0.29,44.47,0.28,25.0,0.31,285.5,0.32,75.0,0.02,0.02,2306.272955,1776350897000
1776350899.566,199.566,0.69,235.5,0.68,85.0,0.7,2.77,0.71,54.47,0.3,4.77,0.29,54.47,0.31,235.5,0.32,85.0,0.01,0.01,2306.278809,1776350898000
1776350900.403,200.403,0.74,177.76,0.69,200.0,0.75,10.0,0.76,46.23,0.3,2.77,0.29,54.47,0.31,235.5,0.32,85.0,0.01,0.01,2306.370233,1776350899000
1776350900.796,200.796,0.69,100.0,0.68,95.5,0.75,20.5,0.76,46.23,0.25,10.0,0.24,46.23,0.26,170.06,0.31,100.0,0.06,0.01,2306.370233,1776350899000
1776350901.002,201.002,0.69,10.5,0.68,20.5,0.71,7.05,0.72,10.0,0.25,20.5,0.24,46.23,0.31,100.0,0.32,95.5,0.02,0.06,2306.370233,1776350899000
1776350901.241,201.241,0.71,4.68,0.7,36.5,0.73,10.0,0.74,10.0,0.29,7.05,0.28,10.0,0.31,17.27,0.32,20.5,0.02,0.02,2306.370233,1776350899000
1776350901.673,201.673,0.72,9.57,0.71,4.68,0.74,10.0,0.75,20.5,0.27,10.0,0.26,10.0,0.29,4.68,0.3,36.5,0.02,0.02,2306.307255,1776350900000
1776350901.978,201.978,0.68,20.5,0.67,10.0,0.73,10.0,0.74,5.0,0.27,10.0,0.26,5.0,0.28,9.14,0.29,4.68,0.05,0.01,2306.30998,1776350901000
1776350902.765,202.765,0.71,5.0,0.69,20.5,0.72,11.0,0.73,20.0,0.27,10.0,0.26,5.0,0.32,20.5,0.33,10.0,0.01,0.05,2306.30998,1776350901000
1776350905.092,205.092,0.7,4.0,0.69,39.5,0.71,5.0,0.72,15.0,0.28,11.0,0.27,20.0,0.29,5.0,0.31,20.5,0.01,0.01,2306.30235,1776350904000
1776350905.452,205.452,0.7,0.66,0.69,39.5,0.71,25.0,0.72,15.0,0.29,5.0,0.28,15.0,0.3,4.0,0.31,39.5,0.01,0.01,2306.30235,1776350904000
1776350905.888,205.888,0.69,30.46,0.68,25.5,0.71,5.0,0.72,15.0,0.29,25.0,0.28,15.0,0.3,0.66,0.31,39.5,0.02,0.01,2306.30235,1776350904000
1776350906.316,206.316,0.7,10.0,0.69,30.46,0.77,6.86,0.78,10.0,0.29,5.0,0.28,15.0,0.31,30.46,0.32,25.5,0.07,0.02,2306.267539,1776350905000
1776350906.767,206.767,0.71,10.0,0.7,15.0,0.75,10.0,0.76,10.0,0.23,6.86,0.22,10.0,0.3,10.0,0.31,30.46,0.04,0.07,2306.267539,1776350905000
1776350907.351,207.351,0.74,3.07,0.73,17.0,0.76,10.0,0.77,19.39,0.25,10.0,0.24,10.0,0.29,10.0,0.3,15.0,0.02,0.04,2306.292425,1776350906000
1776350907.586,207.586,0.76,5.25,0.75,10.0,0.83,25.0,0.84,35.0,0.24,10.0,0.23,19.39,0.26,3.07,0.27,17.0,0.07,0.02,2306.292425,1776350906000
1776350907.885,207.885,0.76,17.75,0.75,7.0,0.77,20.0,0.78,10.0,0.18,0.19,0.17,61.29,0.22,10.0,0.23,10.0,0.01,0.04,2306.292425,1776350906000
1776350908.105,208.105,0.74,5.0,0.71,60.0,0.75,8.74,0.76,10.0,0.25,10.0,0.24,10.0,0.27,9.43,0.28,10.0,0.01,0.02,2306.305961,1776350907000
1776350908.49,208.49,0.71,10.0,0.7,16.0,0.72,12.83,0.73,10.0,0.25,8.74,0.24,10.0,0.26,5.0,0.29,60.0,0.01,0.01,2306.305961,1776350907000
1776350908.792,208.792,0.71,19.77,0.7,16.0,0.74,54.01,0.77,10.0,0.26,36.71,0.24,10.0,0.27,10.0,0.28,10.0,0.03,0.01,2306.305961,1776350907000
1776350909.714,209.714,0.73,20.5,0.72,10.0,0.74,22.71,0.76,60.0,0.26,94.01,0.23,10.0,0.27,0.5,0.29,19.77,0.01,0.01,2306.344001,1776350908000
1776350910.732,210.732,0.75,21.0,0.74,25.0,0.76,14.07,0.77,115.5,0.26,26.35,0.24,60.0,0.27,20.5,0.28,10.0,0.01,0.01,2306.484787,1776350909000
1776350911.002,211.002,0.73,34.5,0.72,10.0,0.74,92.58,0.75,134.99,0.24,13.52,0.23,473.88,0.27,34.5,0.28,10.0,0.01,0.03,2306.484787,1776350909000
1776350911.375,211.375,0.74,20.5,0.73,38.33,0.75,127.05,0.76,172.71,0.26,87.58,0.25,134.99,0.27,27.83,0.28,10.0,0.01,0.01,2306.509373,1776350910000
1776350911.738,211.738,0.74,5.5,0.73,38.33,0.75,32.3,0.76,153.69,0.25,127.05,0.24,172.71,0.26,20.5,0.27,38.33,0.01,0.01,2306.509373,1776350910000
1776350912.822,212.822,0.73,34.33,0.72,10.0,0.75,19.41,0.76,20.5,0.25,32.3,0.24,153.69,0.26,5.5,0.27,38.33,0.02,0.01,2306.555359,1776350911000
1776350913.674,213.674,0.73,90.33,0.72,40.0,0.77,95.0,0.78,10.0,0.25,19.41,0.24,20.5,0.27,34.33,0.28,10.0,0.04,0.02,2306.602775,1776350912000
1776350915.508,215.508,0.76,45.08,0.75,40.5,0.77,90.0,0.78,10.0,0.23,95.0,0.22,10.0,0.27,90.33,0.28,40.0,0.01,0.04,2306.63934,1776350914000
1776350919.461,219.461,0.75,10.0,0.74,40.5,0.77,173.49,0.78,58.5,0.23,90.0,0.22,10.0,0.24,45.08,0.25,40.5,0.02,0.01,2306.85689,1776350918000
1776350921.635,221.635,0.75,10.71,0.73,20.5,0.76,109.49,0.77,163.49,0.24,22.5,0.23,168.49,0.25,3.0,0.26,40.5,0.01,0.01,2306.771223,1776350920000
1776350922.508,222.508,0.72,200.5,0.71,114.5,0.73,13.49,0.74,5.0,0.24,114.49,0.23,163.49,0.27,20.5,0.28,20.0,0.01,0.03,2306.78022,1776350921000
1776350923.086,223.086,0.76,109.5,0.75,24.0,0.78,5.0,0.79,15.5,0.26,5.0,0.25,5.0,0.28,179.5,0.29,114.5,0.02,0.02,2306.78022,1776350921000
1776350923.883,223.883,0.8,17.0,0.79,10.0,0.81,5.0,0.82,60.0,0.21,0.1,0.2,25.0,0.23,10.0,0.24,124.5,0.01,0.02,2306.70786,1776350922000
1776350924.16,224.16,0.8,9.5,0.79,10.0,0.81,78.49,0.82,83.0,0.19,5.0,0.18,60.0,0.2,17.0,0.21,10.0,0.01,0.01,2306.70786,1776350922000
1776350925.11,225.11,0.78,5.0,0.76,45.5,0.79,44.38,0.8,20.5,0.19,89.88,0.18,83.0,0.24,104.35,0.25,32.5,0.01,0.05,2306.804278,1776350924000
1776350925.721,225.721,0.76,50.5,0.75,100.54,0.77,19.3,0.78,71.5,0.23,25.3,0.22,39.5,0.24,45.5,0.25,17.0,0.01,0.01,2306.804278,1776350924000
1776350926.537,226.537,0.76,38.5,0.75,100.54,0.77,36.3,0.78,46.5,0.23,19.3,0.22,71.5,0.24,50.5,0.25,100.54,0.01,0.01,2306.80965,1776350925000
1776350929.157,229.157,0.72,14.5,0.71,105.5,0.73,16.0,0.74,38.5,0.23,35.0,0.22,46.5,0.25,100.54,0.26,36.5,0.01,0.02,2306.602865,1776350928000
1776350930.027,230.027,0.71,90.0,0.7,70.5,0.73,48.5,0.74,38.5,0.27,16.0,0.26,38.5,0.28,14.5,0.29,105.5,0.02,0.01,2306.602865,1776350928000
1776350930.799,230.799,0.71,110.55,0.7,70.5,0.72,18.61,0.73,33.5,0.27,48.5,0.26,38.5,0.29,90.0,0.3,70.5,0.01,0.02,2306.482733,1776350929000
1776350931.017,231.017,0.71,110.55,0.7,70.5,0.73,24.99,0.74,63.5,0.28,3.34,0.27,33.5,0.29,110.55,0.3,70.5,0.02,0.01,2306.482733,1776350929000
1776350932.434,232.434,0.72,15.05,0.71,100.5,0.74,48.4,0.75,55.49,0.27,24.99,0.26,63.5,0.29,110.55,0.3,70.5,0.02,0.02,2306.284178,1776350931000
1776350932.791,232.791,0.72,15.05,0.71,100.5,0.73,3.15,0.74,73.5,0.26,48.4,0.25,55.49,0.28,15.05,0.29,100.5,0.01,0.02,2306.284178,1776350931000
1776350933.013,233.013,0.72,0.05,0.71,100.5,0.73,17.0,0.74,61.5,0.27,3.15,0.26,73.5,0.28,15.05,0.29,100.5,0.01,0.01,2306.284178,1776350931000
1776350935.352,235.352,0.74,10.0,0.73,40.5,0.75,27.0,0.76,27.5,0.27,17.0,0.26,61.5,0.28,0.05,0.29,100.5,0.01,0.01,2306.277121,1776350934000
1776350935.738,235.738,0.74,3.31,0.73,50.5,0.75,3.0,0.76,27.5,0.25,27.0,0.24,27.5,0.26,10.0,0.27,40.5,0.01,0.01,2306.277121,1776350934000
1776350936.509,236.509,0.74,18.81,0.73,40.5,0.76,5.39,0.77,11.3,0.25,3.0,0.24,27.5,0.26,3.31,0.27,50.5,0.02,0.01,2306.397197,1776350935000
1776350936.789,236.789,0.75,276.69,0.74,38.81,0.79,100.0,0.8,25.0,0.24,5.39,0.23,11.3,0.26,18.81,0.27,40.5,0.04,0.02,2306.397197,1776350935000
1776350937.589,237.589,0.78,17.0,0.77,17.0,0.81,50.5,0.82,82.5,0.21,100.0,0.2,25.0,0.25,276.69,0.26,38.81,0.03,0.04,2306.35905,1776350936000
1776350938.119,238.119,0.8,23.0,0.79,20.5,0.81,25.0,0.82,70.5,0.19,50.5,0.18,82.5,0.22,17.0,0.23,17.0,0.01,0.03,2306.35905,1776350936000
1776350941.101,241.101,0.82,20.0,0.81,15.0,0.83,29.58,0.84,100.0,0.19,25.0,0.18,70.5,0.2,23.0,0.21,20.5,0.01,0.01,2306.72354,1776350940000
1776350941.486,241.486,0.82,28.5,0.81,15.0,0.83,11.58,0.84,100.0,0.17,27.58,0.16,100.0,0.18,20.0,0.19,15.0,0.01,0.01,2306.72354,1776350940000
1776350942.41,242.41,0.82,23.5,0.81,15.0,0.85,40.74,0.86,131.99,0.17,11.58,0.16,100.0,0.18,28.5,0.19,15.0,0.03,0.01,2306.68572,1776350941000
1776350942.737,242.737,0.83,15.0,0.82,15.0,0.85,24.85,0.86,131.99,0.15,40.74,0.14,131.99,0.18,23.5,0.19,15.0,0.02,0.03,2306.68572,1776350941000
1776350942.977,242.977,0.84,15.0,0.83,15.0,0.85,27.52,0.86,123.3,0.15,24.85,0.14,131.99,0.17,15.0,0.18,15.0,0.01,0.02,2306.68572,1776350941000
1776350943.251,243.251,0.84,25.0,0.83,15.0,0.85,9.55,0.86,129.99,0.15,11.67,0.14,123.3,0.16,20.0,0.17,15.0,0.01,0.01,2306.66383,1776350942000
1776350943.59,243.59,0.84,25.0,0.83,15.0,0.85,1.75,0.86,133.3,0.15,7.05,0.14,139.99,0.16,20.0,0.17,15.0,0.01,0.01,2306.66383,1776350942000
1776350943.964,243.964,0.85,10.0,0.84,20.0,0.86,47.15,0.87,151.0,0.15,1.75,0.14,133.3,0.16,25.0,0.17,15.0,0.01,0.01,2306.66383,1776350942000
1776350944.796,244.796,0.88,15.0,0.87,194.0,0.89,178.39,0.9,60.0,0.14,49.88,0.13,141.0,0.15,10.0,0.16,20.0,0.01,0.01,2306.737165,1776350943000
1776350945.39,245.39,0.88,101.0,0.87,208.95,0.89,173.39,0.9,60.0,0.11,178.39,0.1,60.0,0.12,15.0,0.13,194.0,0.01,0.01,2306.751625,1776350944000
1776350946.587,246.587,0.88,147.95,0.87,177.95,0.9,60.0,0.91,60.0,0.11,173.39,0.1,60.0,0.12,101.0,0.13,208.95,0.02,0.01,2307.165771,1776350945000
1776350947.198,247.198,0.89,63.56,0.88,38.91,0.9,54.44,0.91,60.0,0.1,54.44,0.09,60.0,0.12,133.86,0.13,172.95,0.01,0.02,2307.379374,1776350946000
1776350947.439,247.439,0.9,30.0,0.89,269.6,0.91,50.0,0.92,75.87,0.09,60.0,0.08,75.87,0.11,264.6,0.12,38.91,0.01,0.02,2307.379374,1776350946000
1776350947.639,247.639,0.91,40.0,0.9,81.0,0.92,75.87,0.93,49.0,0.09,50.0,0.08,75.87,0.1,30.0,0.11,269.6,0.01,0.01,2307.379374,1776350946000
1776350948.261,248.261,0.91,78.0,0.9,112.0,0.92,59.18,0.93,49.0,0.08,67.79,0.07,49.0,0.09,86.0,0.1,86.0,0.01,0.01,2307.379374,1776350946000
1776350948.535,248.535,0.91,78.0,0.9,112.0,0.92,8.09,0.93,49.0,0.08,59.18,0.07,49.0,0.09,78.0,0.1,112.0,0.01,0.01,2307.379374,1776350946000
1776350949.05,249.05,0.91,89.0,0.9,101.0,0.92,7.0,0.93,49.0,0.08,8.09,0.07,49.0,0.09,78.0,0.1,112.0,0.01,0.01,2307.451352,1776350947000
1776350950.005,250.005,0.91,83.0,0.9,101.95,0.93,31.12,0.94,176.0,0.08,7.0,0.07,49.0,0.09,89.0,0.1,101.0,0.02,0.01,2307.531342,1776350948000
1776350950.503,250.503,0.92,25.72,0.91,120.0,0.93,55.12,0.94,176.0,0.07,31.12,0.06,176.0,0.09,83.0,0.1,101.95,0.01,0.02,2307.531342,1776350948000
1776350951.06,251.06,0.92,58.44,0.91,154.0,0.93,25.74,0.94,176.0,0.07,55.12,0.06,176.0,0.08,25.44,0.09,120.0,0.01,0.01,2307.749475,1776350949000
1776350951.331,251.331,0.92,70.5,0.91,75.95,0.93,25.74,0.94,176.0,0.07,25.74,0.06,176.0,0.08,58.44,0.09,154.0,0.01,0.01,2307.749475,1776350949000
1776350951.987,251.987,0.92,85.5,0.91,113.99,0.94,176.0,0.95,50.0,0.07,25.74,0.06,176.0,0.08,70.5,0.09,75.95,0.02,0.01,2307.748495,1776350950000
1776350952.345,252.345,0.92,246.49,0.91,149.99,0.94,176.0,0.95,50.0,0.06,176.0,0.05,50.0,0.08,85.5,0.09,113.99,0.02,0.02,2307.777377,1776350951000
1776350952.629,252.629,0.94,26.77,0.93,352.99,0.95,50.0,0.96,175.0,0.06,53.23,0.05,50.0,0.07,257.99,0.08,67.45,0.01,0.01,2307.777377,1776350951000
1776350952.902,252.902,0.94,97.33,0.93,169.0,0.95,5.0,0.96,193.98,0.05,5.0,0.04,193.98,0.06,92.04,0.07,90.0,0.01,0.01,2307.777377,1776350951000
1776350953.361,253.361,0.95,31.0,0.94,9.72,0.96,22.85,0.97,194.97,0.04,65.85,0.03,194.97,0.05,5.0,0.06,9.72,0.01,0.01,2307.777377,1776350951000
1776350953.646,253.646,0.95,81.0,0.94,34.72,0.97,175.26,0.98,345.0,0.04,22.85,0.03,194.97,0.05,31.0,0.06,9.72,0.02,0.01,2307.807025,1776350952000
1776350953.847,253.847,0.96,77.05,0.95,128.0,0.97,160.12,0.98,345.0,0.03,175.26,0.02,345.0,0.04,72.05,0.05,98.0,0.01,0.01,2307.807025,1776350952000
1776350954.088,254.088,0.96,173.04,0.95,176.0,0.97,107.12,0.98,345.0,0.03,160.12,0.02,345.0,0.04,77.05,0.05,128.0,0.01,0.01,2307.807025,1776350952000
1776350954.328,254.328,0.96,178.25,0.95,221.0,0.97,87.12,0.98,345.0,0.03,87.12,0.02,345.0,0.04,168.04,0.05,174.0,0.01,0.01,2307.807025,1776350952000
1776350954.568,254.568,0.96,173.04,0.95,161.0,0.97,80.93,0.98,345.0,0.03,87.12,0.02,345.0,0.04,178.25,0.05,221.0,0.01,0.01,2307.907528,1776350953000
1776350955.409,255.409,0.97,115.98,0.96,137.0,0.98,341.92,0.99,1993.67,0.02,342.95,0.01,1963.95,0.03,30.84,0.04,193.33,0.01,0.01,2308.26129,1776350954000
1776350955.61,255.61,0.97,111.26,0.96,137.0,0.98,344.86,0.99,1999.67,0.02,345.89,0.01,1999.67,0.03,111.26,0.04,137.0,0.01,0.01,2308.26129,1776350954000
1776350955.822,255.822,0.97,107.54,0.96,137.0,0.98,268.86,0.99,1993.67,0.02,269.89,0.01,1993.67,0.03,107.54,0.04,137.0,0.01,0.01,2308.26129,1776350954000
1776350956.584,256.584,0.97,86.62,0.96,137.0,0.98,258.6,0.99,1893.67,0.02,262.6,0.01,1993.67,0.03,126.81,0.04,137.0,0.01,0.01,2308.826792,1776350955000
1776350956.819,256.819,0.97,77.35,0.96,137.0,0.98,198.51,0.99,1893.67,0.02,228.51,0.01,1893.67,0.03,91.77,0.04,137.0,0.01,0.01,2308.826792,1776350955000
1776350957.051,257.051,0.97,82.35,0.96,137.0,0.98,103.64,0.99,1893.67,0.02,108.82,0.01,1893.67,0.03,82.35,0.04,137.0,0.01,0.01,2308.826792,1776350955000
1776350957.314,257.314,0.97,67.35,0.96,137.0,0.98,90.35,0.99,1893.67,0.02,100.45,0.01,1893.67,0.03,91.77,0.04,137.0,0.01,0.01,2308.867538,1776350956000
1776350957.673,257.673,0.97,112.5,0.96,137.0,0.98,44.32,0.99,1893.67,0.02,90.35,0.01,1893.67,0.03,67.35,0.04,137.0,0.01,0.01,2308.867538,1776350956000
1776350957.972,257.972,0.97,118.5,0.96,142.0,0.98,8.28,0.99,1893.67,0.02,6.28,0.01,1893.67,0.03,122.62,0.04,137.0,0.01,0.01,2308.867538,1776350956000
1776350958.421,258.421,0.97,123.65,0.96,142.0,0.98,2.25,0.99,1893.67,0.02,3.28,0.01,1893.67,0.03,123.5,0.04,142.0,0.01,0.01,2308.867538,1776350956000
1776350959.059,259.059,0.98,19.18,0.97,105.5,0.99,1885.92,,,0.01,1890.92,,,0.03,132.77,0.04,142.0,0.01,0.02,2308.920342,1776350957000
1776350959.389,259.389,0.98,24.28,0.97,73.5,0.99,1693.92,,,0.01,1865.92,,,0.02,19.18,0.03,105.5,0.01,0.01,2308.928403,1776350958000
1776350959.605,259.605,0.98,4.28,0.97,47.55,0.99,1688.92,,,0.01,1693.92,,,0.02,24.28,0.03,73.5,0.01,0.01,2308.928403,1776350958000
1776350959.878,259.878,0.97,31.83,0.96,100.95,0.99,1840.91,,,0.01,1688.92,,,0.03,31.83,0.04,70.0,0.02,0.02,2308.928403,1776350958000
1776350960.15,260.15,0.97,16.94,0.96,110.95,0.99,1833.88,,,0.01,1833.88,,,0.02,10.26,0.03,26.68,0.02,0.01,2308.928403,1776350958000
1776350960.542,260.542,0.97,16.94,0.96,110.95,0.99,1836.85,,,0.01,1833.88,,,0.03,16.94,0.04,110.95,0.02,0.02,2308.940756,1776350959000
1776350960.793,260.793,0.97,16.94,0.96,110.95,0.99,1720.74,,,0.01,1821.75,,,0.03,16.94,0.04,110.95,0.02,0.02,2308.940756,1776350959000
1776350961.465,261.465,0.97,16.94,0.96,156.99,0.99,1690.74,,,0.01,1720.74,,,0.03,16.94,0.04,110.95,0.02,0.02,2308.940756,1776350959000
1776350961.926,261.926,0.98,71.0,0.97,101.55,0.99,1475.75,,,0.01,1690.74,,,0.03,16.94,0.04,156.99,0.01,0.02,2308.782281,1776350960000
1776350962.185,262.185,0.98,66.0,0.97,101.55,0.99,1454.73,,,0.01,1455.75,,,0.02,71.0,0.03,101.55,0.01,0.01,2308.782281,1776350960000
1776350962.551,262.551,0.98,15.0,0.97,106.55,0.99,1430.68,,,0.01,1442.68,,,0.02,26.0,0.03,106.55,0.01,0.01,2308.481512,1776350961000
1776350962.831,262.831,0.98,15.0,0.97,127.55,0.99,1414.64,,,0.01,1411.64,,,0.02,15.0,0.03,127.55,0.01,0.01,2308.481512,1776350961000
1776350964.329,264.329,0.98,28.0,0.97,127.93,0.99,1390.43,,,0.01,1396.45,,,0.02,15.0,0.03,127.55,0.01,0.01,2308.640723,1776350962000
1776350964.634,264.634,0.98,15.0,0.97,140.93,0.99,1365.43,,,0.01,1390.43,,,0.02,28.0,0.03,127.93,0.01,0.01,2308.640723,1776350962000
1776350965.209,265.209,0.98,35.0,0.97,91.93,0.99,1360.43,,,0.01,1365.43,,,0.02,15.0,0.03,140.93,0.01,0.01,2308.90458,1776350963000
1776350965.439,265.439,0.98,40.13,0.97,87.93,0.99,1325.38,,,0.01,1335.43,,,0.02,40.13,0.03,87.93,0.01,0.01,2308.970322,1776350964000
1776350965.971,265.971,0.98,133.36,0.97,88.55,0.99,1290.88,,,0.01,1315.88,,,0.02,33.37,0.03,87.93,0.01,0.01,2308.95325,1776350965000
1776350966.175,266.175,0.98,145.63,0.97,88.55,0.99,1289.86,,,0.01,1290.88,,,0.02,133.36,0.03,88.55,0.01,0.01,2308.95325,1776350965000
1776350966.415,266.415,0.98,212.63,0.97,142.55,0.99,1181.73,,,0.01,1183.76,,,0.02,205.63,0.03,112.55,0.01,0.01,2308.95325,1776350965000
1776350966.738,266.738,0.98,197.45,0.97,118.55,0.99,934.73,,,0.01,929.73,,,0.02,204.46,0.03,172.55,0.01,0.01,2308.95325,1776350965000
1776350967.014,267.014,0.98,197.45,0.97,141.55,0.99,907.73,,,0.01,932.73,,,0.02,197.45,0.03,118.55,0.01,0.01,2308.878876,1776350966000
1776350967.533,267.533,0.98,238.97,0.97,181.55,0.99,905.7,,,0.01,907.73,,,0.02,197.45,0.03,141.55,0.01,0.01,2308.878876,1776350966000
1776350967.844,267.844,0.98,239.16,0.97,171.55,0.99,785.7,,,0.01,881.7,,,0.02,244.97,0.03,181.55,0.01,0.01,2308.878876,1776350966000
1776350968.062,268.062,0.98,250.16,0.97,171.55,0.99,775.7,,,0.01,785.7,,,0.02,239.16,0.03,171.55,0.01,0.01,2308.878876,1776350966000
1776350969.353,269.353,0.98,234.16,0.97,94.94,0.99,770.7,,,0.01,775.7,,,0.02,250.16,0.03,171.55,0.01,0.01,2309.34392,1776350968000
1776350970.082,270.082,0.98,303.16,0.97,124.94,0.99,762.66,,,0.01,769.68,,,0.02,234.16,0.03,94.94,0.01,0.01,2309.34392,1776350968000
1776350970.287,270.287,0.98,298.16,0.97,134.94,0.99,711.15,,,0.01,719.23,,,0.02,298.16,0.03,134.94,0.01,0.01,2309.521891,1776350969000
1776350970.659,270.659,0.98,301.79,0.97,61.94,0.99,710.13,,,0.01,711.15,,,0.02,298.16,0.03,134.94,0.01,0.01,2309.521891,1776350969000
1776350971.243,271.243,0.99,2330.73,0.98,161.46,,,,,,,,,0.01,1915.88,0.02,301.79,,,2309.530405,1776350970000
1776350971.525,271.525,0.99,2330.24,0.98,151.46,,,,,,,,,0.01,2330.73,0.02,161.46,,,2309.530405,1776350970000
1776350971.729,271.729,0.99,2327.85,0.98,151.46,,,,,,,,,0.01,2328.3,0.02,151.46,,,2309.530405,1776350970000
1776350971.952,271.952,0.99,2324.82,0.98,151.46,,,,,,,,,0.01,2326.16,0.02,151.46,,,2309.530405,1776350970000
1776350972.727,272.727,0.99,2064.35,0.98,151.46,,,,,,,,,0.01,2328.82,0.02,151.46,,,2309.645293,1776350971000
1776350973.314,273.314,0.99,2207.78,0.98,218.46,,,,,,,,,0.01,2064.35,0.02,151.46,,,2309.645293,1776350971000
1776350974.209,274.209,0.99,2164.25,0.98,218.46,,,,,,,,,0.01,2207.78,0.02,218.46,,,2310.19921,1776350972000
1776350980.629,280.629,0.99,11016.37,0.98,105.46,,,,,,,,,0.01,2164.25,0.02,218.46,,,2310.67341,1776350979000
1776350981.604,281.604,0.99,11019.37,0.98,105.46,,,,,,,,,0.01,11016.37,0.02,105.46,,,2310.545789,1776350980000
1776350988.376,288.376,0.99,12693.42,0.98,74.0,,,,,,,,,0.01,11019.37,0.02,105.46,,,2311.29349,1776350987000
1776350994.25,294.25,0.99,12375.03,0.98,74.0,,,,,,,,,0.01,12693.42,0.02,74.0,,,2310.596884,1776350992000
1776350994.749,294.749,0.99,12577.59,0.98,74.0,,,,,,,,,0.01,12375.03,0.02,74.0,,,2310.539125,1776350993000

# RESULT,winner=Up,slug=eth-updown-5m-1776350700,ticks=395
