timestamp,elapsed_sec,up_bid_p1,up_bid_s1,up_bid_p2,up_bid_s2,up_ask_p1,up_ask_s1,up_ask_p2,up_ask_s2,down_bid_p1,down_bid_s1,down_bid_p2,down_bid_s2,down_ask_p1,down_ask_s1,down_ask_p2,down_ask_s2,up_spread,down_spread,eth_price,eth_oracle_ts
1776329700.754,0.754,0.5,1.51,0.49,51.61,0.51,27.15,0.6,38.0,0.49,27.15,0.4,38.0,0.5,13.0,0.51,51.61,0.01,0.01,2342.254609,1776329699000
1776329701.028,1.028,0.5,13.51,0.49,121.61,0.51,7.15,0.6,38.0,0.49,12.15,0.4,38.0,0.5,1.51,0.51,51.61,0.01,0.01,2342.254609,1776329699000
1776329701.825,1.825,0.59,5.0,0.58,5.0,0.63,68.0,0.64,75.5,0.37,70.0,0.36,75.5,0.5,1.51,0.51,121.61,0.04,0.13,2342.241895,1776329700000
1776329702.467,2.467,0.62,29.73,0.61,18.0,0.63,63.0,0.64,75.5,0.37,68.0,0.36,75.5,0.41,5.0,0.42,5.0,0.01,0.04,2342.455964,1776329701000
1776329703.028,3.028,0.62,34.73,0.61,18.0,0.63,28.0,0.64,75.5,0.37,63.0,0.36,75.5,0.38,29.73,0.39,18.0,0.01,0.01,2342.455964,1776329701000
1776329703.324,3.324,0.62,49.73,0.61,28.0,0.63,25.01,0.64,75.5,0.37,28.0,0.36,75.5,0.38,34.73,0.39,18.0,0.01,0.01,2342.455964,1776329701000
1776329704.016,4.016,0.62,44.78,0.61,28.0,0.63,25.01,0.64,75.5,0.37,25.01,0.36,75.5,0.38,49.73,0.39,28.0,0.01,0.01,2342.6599,1776329702000
1776329704.777,4.777,0.62,42.14,0.61,28.0,0.63,30.01,0.64,75.5,0.37,25.01,0.36,75.5,0.38,44.78,0.39,28.0,0.01,0.01,2342.96885,1776329703000
1776329705.868,5.868,0.62,37.14,0.61,28.0,0.63,30.01,0.64,75.5,0.37,30.01,0.36,75.5,0.38,42.14,0.39,28.0,0.01,0.01,2342.99905,1776329704000
1776329706.328,6.328,0.65,24.0,0.64,29.0,0.66,10.0,0.67,5.0,0.32,6.39,0.31,11.81,0.37,10.0,0.38,72.98,0.01,0.05,2342.99945,1776329705000
1776329707.005,7.005,0.65,24.0,0.64,29.0,0.66,5.0,0.67,5.0,0.34,10.0,0.33,5.0,0.35,24.0,0.36,29.0,0.01,0.01,2342.99945,1776329705000
1776329708.193,8.193,0.65,24.0,0.64,29.0,0.66,5.0,0.67,5.0,0.34,5.0,0.33,5.0,0.35,24.0,0.36,29.0,0.01,0.01,2343.04993,1776329706000
1776329710.295,10.295,0.65,54.0,0.64,29.0,0.66,0.45,0.67,10.0,0.34,5.0,0.33,5.0,0.35,24.0,0.36,29.0,0.01,0.01,2343.13765,1776329708000
1776329711.61,11.61,0.66,70.55,0.65,54.0,0.67,20.5,0.68,10.39,0.34,0.45,0.33,10.0,0.35,54.0,0.36,29.0,0.01,0.01,2343.13765,1776329708000
1776329712.192,12.192,0.66,69.55,0.65,54.0,0.67,20.5,0.68,10.39,0.33,20.5,0.32,10.39,0.34,70.55,0.35,54.0,0.01,0.01,2343.13765,1776329708000
1776329715.88,15.88,0.66,69.55,0.65,60.0,0.67,4.77,0.68,10.39,0.33,20.5,0.32,10.39,0.34,69.55,0.35,54.0,0.01,0.01,2343.13765,1776329708000
1776329717.453,17.453,0.67,14.0,0.66,43.5,0.68,25.89,0.69,31.31,0.33,4.77,0.32,10.39,0.34,69.55,0.35,60.0,0.01,0.01,2343.13765,1776329708000
1776329718.029,18.029,0.66,45.55,0.65,28.0,0.67,5.0,0.68,20.89,0.32,25.89,0.31,31.31,0.34,43.5,0.35,33.0,0.01,0.02,2343.12265,1776329717000
1776329718.935,18.935,0.6,5.0,0.59,25.0,0.61,27.5,0.64,57.0,0.33,5.0,0.32,20.89,0.34,45.55,0.35,28.0,0.01,0.01,2343.12265,1776329717000
1776329719.379,19.379,0.6,37.5,0.59,38.0,0.61,70.81,0.62,15.0,0.39,87.5,0.38,15.0,0.4,57.5,0.41,38.0,0.01,0.01,2343.14341,1776329718000
1776329719.963,19.963,0.59,101.78,0.58,34.0,0.61,94.81,0.62,30.5,0.39,70.81,0.38,15.0,0.4,37.5,0.41,38.0,0.02,0.01,2343.14341,1776329718000
1776329720.169,20.169,0.59,129.64,0.58,34.0,0.6,10.0,0.61,47.5,0.39,99.81,0.38,30.5,0.41,96.78,0.42,34.0,0.01,0.02,2343.14341,1776329718000
1776329723.462,23.462,0.6,75.5,0.59,121.28,0.61,27.5,0.62,5.0,0.4,10.0,0.39,47.5,0.41,129.64,0.42,34.0,0.01,0.01,2342.869343,1776329722000
1776329724.283,24.283,0.6,155.5,0.59,121.28,0.66,5.0,0.68,5.0,0.39,27.5,0.38,5.0,0.4,75.5,0.41,121.28,0.06,0.01,2342.869343,1776329722000
1776329726.533,26.533,0.67,82.2,0.66,56.0,0.68,5.5,0.69,11.81,0.34,0.25,0.33,10.5,0.35,15.0,0.36,20.5,0.01,0.01,2342.972293,1776329725000
1776329726.885,26.885,0.68,84.01,0.67,25.0,0.69,25.71,0.7,37.49,0.32,5.5,0.31,11.81,0.33,82.2,0.34,56.0,0.01,0.01,2342.972293,1776329725000
1776329728.213,28.213,0.68,118.31,0.67,35.5,0.69,1.72,0.7,14.0,0.31,18.67,0.3,37.49,0.32,64.81,0.33,25.0,0.01,0.01,2343.05775,1776329726000
1776329730.046,30.046,0.68,40.45,0.67,35.5,0.69,10.27,0.7,24.5,0.31,1.72,0.3,14.0,0.32,118.31,0.33,35.5,0.01,0.01,2343.1225,1776329728000
1776329731.156,31.156,0.68,47.0,0.67,62.89,0.71,80.27,0.72,141.99,0.31,10.27,0.3,24.5,0.32,40.45,0.33,35.5,0.03,0.01,2343.182375,1776329729000
1776329732.005,32.005,0.7,45.0,0.69,38.09,0.71,90.55,0.72,141.99,0.29,80.27,0.28,141.99,0.32,47.0,0.33,62.89,0.01,0.03,2343.1774,1776329730000
1776329733.544,33.544,0.7,57.16,0.69,53.59,0.71,82.05,0.72,143.49,0.29,90.55,0.28,141.99,0.3,45.0,0.31,38.09,0.01,0.01,2343.1174,1776329732000
1776329735.502,35.502,0.69,9.83,0.68,10.0,0.71,149.07,0.72,124.02,0.29,82.05,0.28,143.49,0.3,57.16,0.31,53.59,0.02,0.01,2343.1224,1776329734000
1776329736.823,36.823,0.68,23.04,0.66,16.5,0.69,68.5,0.7,98.49,0.29,149.07,0.28,124.02,0.31,9.83,0.32,10.0,0.01,0.02,2343.1651,1776329735000
1776329738.529,38.529,0.65,46.09,0.64,25.5,0.66,73.0,0.67,56.5,0.33,35.5,0.32,31.5,0.34,6.0,0.36,19.5,0.01,0.01,2342.97815,1776329737000
1776329738.905,38.905,0.65,34.71,0.64,25.5,0.66,68.0,0.67,56.5,0.34,73.0,0.33,56.5,0.35,46.09,0.36,25.5,0.01,0.01,2342.97815,1776329737000
1776329740.559,40.559,0.65,60.05,0.64,25.5,0.66,55.68,0.67,56.5,0.34,68.0,0.33,56.5,0.35,20.42,0.36,25.5,0.01,0.01,2342.934367,1776329739000
1776329741.27,41.27,0.65,52.19,0.64,25.5,0.66,60.68,0.67,56.5,0.34,55.68,0.33,56.5,0.35,60.05,0.36,25.5,0.01,0.01,2342.923211,1776329740000
1776329743.181,43.181,0.61,19.22,0.6,37.0,0.66,55.68,0.67,56.5,0.34,60.68,0.33,56.5,0.35,52.19,0.36,25.5,0.05,0.01,2343.0611,1776329741000
1776329744.603,44.603,0.65,5.33,0.63,10.0,0.66,88.3,0.67,126.5,0.34,65.68,0.33,56.5,0.36,12.22,0.37,25.5,0.01,0.02,2342.920359,1776329743000
1776329745.237,45.237,0.65,0.18,0.63,10.0,0.66,71.78,0.67,126.5,0.34,93.3,0.33,126.5,0.35,0.18,0.37,10.0,0.01,0.01,2342.920359,1776329743000
1776329746.199,46.199,0.65,0.18,0.64,10.0,0.66,52.5,0.67,106.5,0.34,71.78,0.33,126.5,0.35,0.18,0.37,10.0,0.01,0.01,2342.943497,1776329745000
1776329746.573,46.573,0.65,0.18,0.64,10.0,0.66,14.5,0.67,106.5,0.34,52.5,0.33,106.5,0.35,0.18,0.36,10.0,0.01,0.01,2342.943497,1776329745000
1776329748.543,48.543,0.65,15.18,0.64,10.0,0.66,19.5,0.67,111.5,0.34,14.5,0.33,106.5,0.35,0.18,0.36,10.0,0.01,0.01,2343.020685,1776329747000
1776329750.333,50.333,0.65,20.18,0.64,10.0,0.66,20.06,0.67,106.5,0.34,19.5,0.33,111.5,0.35,15.18,0.36,10.0,0.01,0.01,2342.875437,1776329749000
1776329751.747,51.747,0.66,20.0,0.65,35.68,0.68,155.5,0.69,155.49,0.34,20.06,0.33,106.5,0.35,20.18,0.36,10.0,0.02,0.01,2342.873422,1776329750000
1776329755.007,55.007,0.67,55.5,0.66,102.5,0.68,149.0,0.69,10.0,0.32,155.5,0.31,155.49,0.34,20.0,0.35,35.68,0.01,0.02,2343.02114,1776329753000
1776329755.222,55.222,0.67,87.5,0.66,67.5,0.68,144.17,0.69,10.0,0.32,149.0,0.31,10.0,0.33,55.5,0.34,102.5,0.01,0.01,2342.9728,1776329754000
1776329756.27,56.27,0.67,93.4,0.66,67.5,0.68,139.17,0.69,5.0,0.32,144.17,0.31,10.0,0.33,97.95,0.34,67.5,0.01,0.01,2342.9728,1776329754000
1776329757.366,57.366,0.67,93.4,0.66,67.5,0.68,127.69,0.69,5.0,0.32,139.17,0.31,5.0,0.33,93.4,0.34,67.5,0.01,0.01,2343.02162,1776329756000
1776329761.035,61.035,0.67,107.4,0.66,92.5,0.73,10.0,0.74,208.47,0.32,127.69,0.31,5.0,0.33,93.4,0.34,67.5,0.06,0.01,2343.120811,1776329759000
1776329761.358,61.358,0.72,4.17,0.71,16.0,0.73,20.5,0.74,218.97,0.27,13.1,0.26,218.97,0.28,21.42,0.29,16.43,0.01,0.01,2343.071395,1776329760000
1776329761.563,61.563,0.72,54.17,0.71,16.0,0.73,12.5,0.74,218.97,0.27,20.5,0.26,218.97,0.28,4.17,0.29,16.0,0.01,0.01,2343.071395,1776329760000
1776329761.876,61.876,0.72,54.17,0.71,16.0,0.74,217.78,0.75,92.0,0.27,12.5,0.26,218.97,0.28,54.17,0.29,16.0,0.02,0.01,2343.071395,1776329760000
1776329762.793,62.793,0.73,4.0,0.72,9.17,0.74,242.78,0.75,102.0,0.26,217.78,0.25,92.0,0.28,54.17,0.29,16.0,0.01,0.02,2343.06959,1776329761000
1776329763.982,63.982,0.72,9.17,0.71,43.67,0.73,24.13,0.74,227.78,0.26,242.78,0.25,102.0,0.27,4.0,0.28,9.17,0.01,0.01,2343.13492,1776329762000
1776329764.248,64.248,0.72,33.37,0.71,54.17,0.74,217.84,0.75,112.5,0.27,24.13,0.26,227.78,0.28,9.17,0.29,43.67,0.02,0.01,2343.1822,1776329763000
1776329766.261,66.261,0.72,91.18,0.71,20.5,0.73,20.0,0.74,172.11,0.26,199.09,0.25,112.5,0.28,9.17,0.29,43.67,0.01,0.02,2343.19517,1776329765000
1776329766.514,66.514,0.72,131.68,0.71,40.5,0.73,14.0,0.76,85.5,0.27,20.0,0.24,85.5,0.28,131.68,0.29,40.5,0.01,0.01,2343.19517,1776329765000
1776329767.64,67.64,0.75,41.0,0.74,25.5,0.76,22.0,0.77,121.99,0.24,21.27,0.23,133.47,0.25,46.0,0.26,25.5,0.01,0.01,2343.219423,1776329766000
1776329767.881,67.881,0.75,41.0,0.74,25.5,0.76,25.35,0.77,131.99,0.24,22.0,0.23,121.99,0.25,41.0,0.26,25.5,0.01,0.01,2343.219423,1776329766000
1776329768.081,68.081,0.75,27.0,0.73,20.5,0.76,20.35,0.77,131.99,0.24,25.35,0.23,131.99,0.25,41.0,0.26,25.5,0.01,0.01,2343.219423,1776329766000
1776329769.2,69.2,0.75,26.0,0.73,20.5,0.76,25.35,0.77,85.0,0.24,20.35,0.23,131.99,0.25,27.0,0.27,20.5,0.01,0.01,2343.329708,1776329768000
1776329769.441,69.441,0.75,26.0,0.73,20.5,0.76,18.77,0.77,85.0,0.24,25.35,0.23,85.0,0.25,26.0,0.27,20.5,0.01,0.01,2343.329708,1776329768000
1776329769.838,69.838,0.75,6.0,0.73,30.5,0.76,12.38,0.77,85.0,0.24,18.77,0.23,85.0,0.25,26.0,0.27,20.5,0.01,0.01,2343.329708,1776329768000
1776329770.072,70.072,0.75,6.0,0.73,30.5,0.76,16.03,0.77,85.0,0.24,12.38,0.23,85.0,0.25,6.0,0.27,30.5,0.01,0.01,2343.329708,1776329768000
1776329770.907,70.907,0.75,11.0,0.73,30.5,0.77,81.23,0.78,73.47,0.24,8.23,0.23,85.0,0.25,6.0,0.27,30.5,0.02,0.01,2343.317465,1776329769000
1776329771.108,71.108,0.75,6.0,0.74,5.0,0.76,11.25,0.77,81.23,0.23,81.23,0.22,73.47,0.25,11.0,0.27,30.5,0.01,0.02,2343.317465,1776329769000
1776329771.361,71.361,0.75,6.0,0.74,5.0,0.76,0.98,0.77,120.7,0.24,11.25,0.23,81.23,0.25,6.0,0.26,5.0,0.01,0.01,2343.31381,1776329770000
1776329773.539,73.539,0.74,9.8,0.73,30.5,0.76,10.98,0.77,81.23,0.24,0.98,0.23,120.7,0.25,6.0,0.26,5.0,0.02,0.01,2343.411714,1776329772000
1776329774.656,74.656,0.74,29.44,0.73,25.5,0.75,23.66,0.76,5.98,0.24,10.98,0.23,81.23,0.26,9.8,0.27,30.5,0.01,0.02,2343.412484,1776329773000
1776329775.669,75.669,0.74,13.64,0.72,25.5,0.75,80.16,0.76,5.98,0.25,23.66,0.24,5.98,0.26,29.44,0.27,25.5,0.01,0.01,2343.416708,1776329774000
1776329775.987,75.987,0.72,10.0,0.71,20.5,0.75,120.16,0.76,74.5,0.25,75.16,0.24,5.98,0.26,7.64,0.28,25.5,0.03,0.01,2343.304175,1776329775000
1776329776.243,76.243,0.71,4.0,0.7,10.0,0.72,6.0,0.73,112.5,0.27,52.5,0.26,112.97,0.29,12.31,0.3,10.0,0.01,0.02,2343.304175,1776329775000
1776329776.68,76.68,0.71,10.0,0.7,22.5,0.72,76.15,0.73,142.5,0.28,16.0,0.27,127.5,0.3,7.0,0.31,15.0,0.01,0.02,2343.304175,1776329775000
1776329777.554,77.554,0.71,42.43,0.7,22.5,0.72,67.45,0.73,137.5,0.28,67.45,0.27,142.5,0.29,10.0,0.3,22.5,0.01,0.01,2343.308049,1776329776000
1776329778.892,78.892,0.68,30.5,0.67,60.73,0.69,23.55,0.7,21.5,0.28,67.45,0.27,137.5,0.29,42.43,0.3,22.5,0.01,0.01,2343.2039,1776329777000
1776329779.331,79.331,0.68,35.5,0.67,60.73,0.69,11.56,0.7,11.0,0.31,23.55,0.3,21.5,0.32,30.5,0.33,60.73,0.01,0.01,2343.2039,1776329777000
1776329780.083,80.083,0.68,20.0,0.67,60.73,0.69,46.61,0.7,26.5,0.31,11.56,0.3,11.0,0.32,35.5,0.33,60.73,0.01,0.01,2343.167145,1776329778000
1776329780.722,80.722,0.68,20.0,0.67,60.73,0.69,45.05,0.7,26.5,0.31,46.61,0.3,26.5,0.32,20.0,0.33,60.73,0.01,0.01,2343.127216,1776329779000
1776329783.058,83.058,0.68,30.5,0.67,30.5,0.69,1.3,0.7,21.5,0.31,45.05,0.3,26.5,0.32,20.0,0.33,60.73,0.01,0.01,2343.128684,1776329782000
1776329784.653,84.653,0.68,35.5,0.67,54.11,0.7,7.3,0.71,25.5,0.31,1.3,0.3,21.5,0.32,30.5,0.33,30.5,0.02,0.01,2343.128684,1776329782000
1776329786.491,86.491,0.72,40.0,0.71,30.5,0.73,9.5,0.74,82.49,0.3,7.3,0.29,25.5,0.32,35.5,0.33,54.11,0.01,0.02,2343.113822,1776329784000
1776329788.659,88.659,0.7,5.0,0.69,64.37,0.71,44.3,0.72,35.57,0.27,9.5,0.26,82.49,0.29,0.15,0.3,25.5,0.01,0.02,2343.238412,1776329787000
1776329792.593,92.593,0.7,53.34,0.69,25.5,0.71,20.0,0.72,15.07,0.29,38.76,0.28,35.57,0.3,5.0,0.31,64.37,0.01,0.01,2343.119287,1776329791000
1776329794.34,94.34,0.71,45.0,0.7,25.5,0.72,13.87,0.73,19.5,0.29,20.0,0.28,15.07,0.3,53.34,0.31,25.5,0.01,0.01,2343.26032,1776329793000
1776329799.118,99.118,0.69,22.0,0.68,31.0,0.71,83.5,0.72,50.37,0.28,13.87,0.27,19.5,0.29,45.0,0.3,25.5,0.02,0.01,2343.146445,1776329798000
1776329800.927,100.927,0.68,25.94,0.67,44.5,0.7,47.2,0.71,37.5,0.29,83.5,0.28,50.37,0.31,22.0,0.32,31.0,0.02,0.02,2343.119454,1776329799000
1776329801.695,101.695,0.68,25.94,0.67,44.5,0.7,42.32,0.71,42.5,0.3,47.2,0.29,37.5,0.32,25.94,0.33,44.5,0.02,0.02,2343.114425,1776329800000
1776329804.116,104.116,0.69,31.75,0.68,30.94,0.7,37.32,0.71,42.5,0.3,42.32,0.29,42.5,0.32,25.94,0.33,44.5,0.01,0.02,2343.06217,1776329802000
1776329804.801,104.801,0.69,31.75,0.68,19.94,0.7,34.23,0.71,42.5,0.3,37.32,0.29,42.5,0.31,31.75,0.32,30.94,0.01,0.01,2343.038895,1776329803000
1776329807.359,107.359,0.69,24.97,0.68,30.44,0.7,50.23,0.71,57.04,0.3,34.23,0.29,42.5,0.31,31.75,0.32,19.94,0.01,0.01,2343.065387,1776329806000
1776329808.358,108.358,0.69,13.97,0.68,9.94,0.7,64.53,0.71,127.04,0.3,50.23,0.29,57.04,0.31,24.97,0.32,30.44,0.01,0.01,2343.075732,1776329807000
1776329808.715,108.715,0.68,9.94,0.67,30.5,0.69,44.97,0.7,54.53,0.3,64.53,0.29,127.04,0.32,9.94,0.33,30.5,0.01,0.02,2343.075732,1776329807000
1776329809.581,109.581,0.68,75.44,0.67,73.7,0.71,14.54,0.72,8.12,0.31,44.97,0.3,54.53,0.32,9.94,0.33,30.5,0.03,0.01,2343.15685,1776329808000
1776329809.893,109.893,0.7,96.5,0.69,25.5,0.71,9.54,0.72,8.12,0.29,14.54,0.28,8.12,0.32,75.44,0.33,73.7,0.01,0.03,2343.15685,1776329808000
1776329810.136,110.136,0.7,91.5,0.69,25.5,0.71,8.13,0.72,8.12,0.29,9.54,0.28,8.12,0.3,96.5,0.31,25.5,0.01,0.01,2343.00075,1776329809000
1776329811.545,111.545,0.7,59.5,0.69,25.5,0.71,6.38,0.72,13.12,0.29,6.38,0.28,8.12,0.3,96.5,0.31,25.5,0.01,0.01,2343.105432,1776329810000
1776329812.34,112.34,0.7,92.6,0.69,25.5,0.71,0.74,0.72,13.12,0.29,6.38,0.28,13.12,0.3,53.5,0.31,25.5,0.01,0.01,2343.106815,1776329811000
1776329813.286,113.286,0.7,124.6,0.69,25.5,0.72,12.03,0.73,15.5,0.29,0.74,0.28,13.12,0.3,92.6,0.31,25.5,0.02,0.01,2343.205294,1776329812000
1776329820.258,120.258,0.71,147.2,0.7,34.0,0.72,1.03,0.73,5.0,0.28,12.03,0.27,15.5,0.3,124.6,0.31,25.5,0.01,0.02,2343.09068,1776329819000
1776329821.463,121.463,0.75,107.0,0.74,35.0,0.76,10.5,0.77,59.7,0.27,0.03,0.26,5.0,0.29,147.2,0.3,34.0,0.01,0.02,2343.151206,1776329820000
1776329821.776,121.776,0.75,99.72,0.74,35.0,0.76,10.5,0.77,59.7,0.24,10.5,0.23,59.7,0.25,107.0,0.26,35.0,0.01,0.01,2343.151206,1776329820000
1776329822.502,122.502,0.75,24.0,0.74,20.0,0.76,84.49,0.77,30.23,0.24,10.5,0.23,59.7,0.25,99.72,0.26,35.0,0.01,0.01,2343.0924,1776329821000
1776329822.785,122.785,0.7,10.0,0.69,15.0,0.75,115.49,0.76,117.5,0.24,79.49,0.23,35.23,0.25,12.0,0.26,10.0,0.05,0.01,2343.0924,1776329821000
1776329824.344,124.344,0.68,45.73,0.67,15.0,0.69,35.5,0.7,139.57,0.3,60.0,0.25,115.49,0.31,15.0,0.32,24.94,0.01,0.01,2343.20961,1776329823000
1776329825.858,125.858,0.67,18.01,0.65,19.38,0.68,112.97,0.69,40.5,0.31,40.5,0.3,144.57,0.32,13.41,0.33,15.0,0.01,0.01,2343.082296,1776329824000
1776329826.113,126.113,0.58,3.0,0.57,15.0,0.59,5.0,0.6,10.0,0.38,54.0,0.34,55.0,0.42,5.0,0.43,15.0,0.01,0.04,2343.082296,1776329824000
1776329827.083,127.083,0.58,15.71,0.57,91.67,0.59,10.0,0.6,15.68,0.4,5.68,0.39,65.0,0.43,10.0,0.44,25.5,0.01,0.03,2343.061605,1776329825000
1776329828.739,128.739,0.58,34.79,0.57,86.4,0.59,9.65,0.6,15.68,0.41,10.0,0.4,15.68,0.42,15.71,0.43,91.67,0.01,0.01,2342.769594,1776329827000
1776329829.86,129.86,0.58,21.79,0.57,15.0,0.59,4.65,0.6,15.68,0.41,9.65,0.4,15.68,0.42,34.79,0.43,86.4,0.01,0.01,2342.661915,1776329828000
1776329831.118,131.118,0.58,28.79,0.57,15.0,0.59,1.93,0.6,10.68,0.41,4.65,0.4,15.68,0.42,21.79,0.43,15.0,0.01,0.01,2342.5827,1776329829000
1776329831.84,131.84,0.58,23.79,0.57,25.5,0.6,7.61,0.61,65.0,0.41,1.93,0.4,10.68,0.42,28.79,0.43,15.0,0.02,0.01,2342.56109,1776329830000
1776329832.83,132.83,0.57,2.22,0.56,25.5,0.59,10.0,0.6,13.61,0.4,7.61,0.39,65.0,0.42,23.79,0.43,25.5,0.02,0.02,2342.552319,1776329831000
1776329835.615,135.615,0.6,10.0,0.59,35.5,0.61,70.0,0.62,79.5,0.41,10.0,0.4,13.61,0.43,2.22,0.44,25.5,0.01,0.02,2342.553015,1776329834000
1776329838.105,138.105,0.59,25.5,0.58,35.5,0.6,15.0,0.61,75.5,0.39,70.0,0.38,79.5,0.4,10.0,0.41,35.5,0.01,0.01,2342.658684,1776329836000
1776329839.317,139.317,0.59,35.5,0.58,35.5,0.6,10.0,0.61,55.0,0.4,15.0,0.39,75.5,0.41,25.5,0.42,35.5,0.01,0.01,2342.630825,1776329837000
1776329839.789,139.789,0.59,35.5,0.58,35.5,0.6,5.0,0.61,55.0,0.4,10.0,0.39,55.0,0.41,35.5,0.42,35.5,0.01,0.01,2342.76415,1776329838000
1776329840.321,140.321,0.59,50.0,0.58,35.5,0.61,64.6,0.62,79.5,0.4,5.0,0.39,55.0,0.41,35.5,0.42,35.5,0.02,0.01,2342.620025,1776329839000
1776329841.092,141.092,0.58,4.9,0.57,25.5,0.61,79.6,0.62,79.5,0.39,64.6,0.38,79.5,0.41,50.0,0.42,35.5,0.03,0.02,2342.620025,1776329839000
1776329842.055,142.055,0.58,26.51,0.57,82.81,0.6,20.0,0.61,74.6,0.39,79.6,0.38,79.5,0.42,4.9,0.43,25.5,0.02,0.03,2342.67966,1776329841000
1776329844.978,144.978,0.61,192.5,0.6,176.15,0.62,49.0,0.66,5.0,0.4,20.0,0.39,74.6,0.42,26.51,0.43,82.81,0.01,0.02,2342.63555,1776329843000
1776329845.524,145.524,0.68,13.81,0.67,36.0,0.69,28.88,0.7,65.0,0.31,13.38,0.3,65.0,0.38,10.0,0.39,200.7,0.01,0.07,2342.63551,1776329844000
1776329845.957,145.957,0.68,45.2,0.67,46.5,0.69,13.38,0.7,75.5,0.31,28.88,0.3,65.0,0.32,13.81,0.33,36.0,0.01,0.01,2342.63551,1776329844000
1776329846.877,146.877,0.68,145.87,0.67,46.5,0.7,61.44,0.71,65.5,0.31,6.44,0.3,75.5,0.32,45.2,0.33,46.5,0.02,0.01,2342.630485,1776329845000
1776329847.679,147.679,0.69,120.16,0.68,61.5,0.7,51.44,0.71,55.0,0.3,61.44,0.29,65.5,0.32,145.87,0.33,46.5,0.01,0.02,2342.771312,1776329846000
1776329848.185,148.185,0.69,141.66,0.68,75.5,0.7,1.44,0.72,5.0,0.3,51.44,0.29,55.0,0.31,120.16,0.32,61.5,0.01,0.01,2342.771312,1776329846000
1776329848.48,148.48,0.71,55.0,0.7,15.0,0.73,15.5,0.74,5.0,0.28,5.0,0.27,15.5,0.31,136.66,0.32,75.5,0.02,0.03,2342.771312,1776329846000
1776329849.137,149.137,0.73,66.0,0.72,40.0,0.74,5.36,0.75,5.0,0.27,15.5,0.26,5.0,0.29,55.0,0.3,15.0,0.01,0.02,2342.771312,1776329846000
1776329852.534,152.534,0.73,68.59,0.72,40.0,0.74,5.36,0.75,15.0,0.26,0.36,0.25,5.0,0.27,82.0,0.28,40.0,0.01,0.01,2342.946634,1776329850000
1776329853.397,153.397,0.73,45.55,0.72,40.0,0.74,15.36,0.75,15.0,0.26,5.36,0.25,15.0,0.27,68.59,0.28,40.0,0.01,0.01,2343.014745,1776329851000
1776329854.088,154.088,0.73,60.55,0.72,40.0,0.74,8.6,0.75,15.0,0.26,15.36,0.25,15.0,0.27,45.55,0.28,40.0,0.01,0.01,2343.01977,1776329852000
1776329857.609,157.609,0.74,55.0,0.73,40.55,0.75,3.5,0.76,65.0,0.26,8.6,0.25,15.0,0.27,60.55,0.28,40.0,0.01,0.01,2343.009645,1776329856000
1776329860.158,160.158,0.74,52.44,0.73,46.05,0.75,25.5,0.76,15.0,0.24,61.5,0.23,59.99,0.26,55.0,0.27,40.55,0.01,0.02,2343.121014,1776329858000
1776329861.469,161.469,0.57,10.0,0.56,10.0,0.68,69.5,0.69,31.5,0.25,25.5,0.24,15.0,0.26,52.44,0.27,46.05,0.11,0.01,2343.07015,1776329860000
1776329861.843,161.843,0.57,50.5,0.56,25.5,0.58,1.53,0.59,10.0,0.44,30.0,0.41,10.0,0.45,13.4,0.46,10.0,0.01,0.01,2343.07015,1776329860000
1776329862.153,162.153,0.58,76.5,0.57,45.5,0.59,5.0,0.6,15.0,0.42,1.53,0.41,10.0,0.43,50.5,0.44,25.5,0.01,0.01,2343.035075,1776329861000
1776329862.685,162.685,0.58,55.5,0.57,96.95,0.59,3.3,0.6,22.0,0.41,5.0,0.4,15.0,0.42,76.5,0.43,45.5,0.01,0.01,2343.035075,1776329861000
1776329862.957,162.957,0.63,25.5,0.62,26.26,0.64,5.0,0.65,15.0,0.41,3.3,0.4,22.0,0.42,55.5,0.43,96.95,0.01,0.01,2343.035075,1776329861000
1776329864.128,164.128,0.57,56.45,0.56,5.0,0.58,10.0,0.59,10.0,0.36,5.0,0.35,15.0,0.37,25.5,0.38,26.26,0.01,0.01,2342.746204,1776329862000
1776329864.333,164.333,0.57,44.12,0.56,5.0,0.58,89.5,0.59,25.5,0.42,33.5,0.41,15.0,0.43,46.45,0.44,5.0,0.01,0.01,2342.746204,1776329862000
1776329864.562,164.562,0.55,51.55,0.54,15.5,0.58,108.5,0.59,25.5,0.42,113.5,0.41,25.5,0.43,46.79,0.44,5.0,0.03,0.01,2342.5751,1776329863000
1776329865.273,165.273,0.55,51.55,0.54,15.5,0.56,50.71,0.57,33.5,0.42,108.5,0.41,25.5,0.45,51.55,0.46,15.5,0.01,0.03,2342.5751,1776329863000
1776329866.149,166.149,0.55,54.89,0.54,15.5,0.56,35.21,0.57,33.5,0.44,50.71,0.43,33.5,0.45,51.55,0.46,15.5,0.01,0.01,2342.5415,1776329865000
1776329866.556,166.556,0.55,90.39,0.54,15.5,0.56,20.21,0.57,23.0,0.44,35.21,0.43,33.5,0.45,54.89,0.46,15.5,0.01,0.01,2342.5415,1776329865000
1776329867.978,167.978,0.55,50.5,0.54,41.58,0.56,9.85,0.57,23.0,0.44,20.21,0.43,23.0,0.45,90.39,0.46,15.5,0.01,0.01,2342.37815,1776329866000
1776329868.426,168.426,0.55,15.5,0.54,41.58,0.56,3.17,0.57,23.0,0.44,7.17,0.43,23.0,0.45,45.5,0.46,41.58,0.01,0.01,2342.432305,1776329867000
1776329869.232,169.232,0.55,50.98,0.54,10.5,0.56,0.49,0.57,18.0,0.44,3.17,0.43,23.0,0.45,15.5,0.46,41.58,0.01,0.01,2342.432305,1776329867000
1776329870.972,170.972,0.55,31.83,0.54,15.5,0.56,0.49,0.57,15.0,0.44,0.49,0.43,23.0,0.45,48.75,0.46,15.5,0.01,0.01,2342.31405,1776329869000
1776329871.566,171.566,0.55,13.4,0.54,15.5,0.57,12.84,0.58,15.0,0.44,0.49,0.43,15.0,0.45,31.83,0.46,15.5,0.02,0.01,2342.40751,1776329870000
1776329872.415,172.415,0.55,25.06,0.54,15.5,0.56,10.0,0.57,12.84,0.43,12.84,0.42,15.0,0.45,13.4,0.46,15.5,0.01,0.02,2342.3544,1776329871000
1776329873.931,173.931,0.55,25.06,0.54,47.04,0.56,7.32,0.57,12.84,0.44,10.0,0.43,12.84,0.45,25.06,0.46,15.5,0.01,0.01,2342.419903,1776329872000
1776329876.205,176.205,0.55,30.06,0.54,15.5,0.56,6.96,0.57,12.84,0.44,7.32,0.43,12.84,0.45,25.06,0.46,47.04,0.01,0.01,2342.33815,1776329875000
1776329880.313,180.313,0.55,24.83,0.54,15.5,0.56,16.96,0.57,23.34,0.44,6.96,0.43,12.84,0.45,30.06,0.46,15.5,0.01,0.01,2342.33325,1776329879000
1776329880.748,180.748,0.55,8.83,0.54,15.5,0.56,11.96,0.57,28.34,0.44,16.96,0.43,23.34,0.45,24.83,0.46,15.5,0.01,0.01,2342.33325,1776329879000
1776329880.983,180.983,0.55,2.23,0.54,15.5,0.56,11.96,0.57,23.34,0.44,11.96,0.43,28.34,0.45,8.83,0.46,15.5,0.01,0.01,2342.33325,1776329879000
1776329881.448,181.448,0.54,49.5,0.53,15.5,0.55,10.0,0.56,11.96,0.44,16.96,0.43,12.84,0.46,15.5,0.47,15.5,0.01,0.02,2342.456783,1776329880000
1776329882.81,182.81,0.54,45.5,0.53,41.8,0.55,1.56,0.56,16.96,0.45,10.0,0.44,11.96,0.46,49.5,0.47,15.5,0.01,0.01,2342.456783,1776329880000
1776329884.049,184.049,0.54,25.5,0.53,30.0,0.56,8.49,0.57,12.84,0.45,1.56,0.44,16.96,0.46,45.5,0.47,41.8,0.02,0.01,2342.360089,1776329883000
1776329885.959,185.959,0.54,43.58,0.53,30.0,0.55,10.0,0.56,8.49,0.44,8.49,0.43,12.84,0.46,25.5,0.47,30.0,0.01,0.02,2342.33325,1776329884000
1776329887.152,187.152,0.54,5.0,0.53,30.0,0.55,20.0,0.56,18.99,0.45,10.0,0.44,8.49,0.46,43.58,0.47,30.0,0.01,0.01,2342.470225,1776329886000
1776329887.528,187.528,0.53,24.72,0.52,34.9,0.55,20.0,0.56,28.99,0.45,20.0,0.44,18.99,0.46,5.0,0.47,30.0,0.02,0.01,2342.470225,1776329886000
1776329889.402,189.402,0.53,84.72,0.52,34.9,0.54,4.29,0.55,15.0,0.45,20.0,0.44,28.99,0.47,24.72,0.48,34.9,0.01,0.02,2342.33335,1776329888000
1776329889.994,189.994,0.53,54.72,0.52,34.9,0.57,15.5,0.58,25.5,0.46,4.29,0.45,15.0,0.47,84.72,0.48,34.9,0.04,0.01,2342.33335,1776329888000
1776329890.79,190.79,0.54,65.5,0.53,49.72,0.56,14.91,0.57,10.0,0.42,28.49,0.41,25.5,0.46,5.0,0.47,44.72,0.02,0.04,2342.30315,1776329889000
1776329891.015,191.015,0.55,63.5,0.54,30.5,0.56,5.0,0.57,15.0,0.44,14.91,0.43,10.0,0.46,65.5,0.47,49.72,0.01,0.02,2342.30315,1776329889000
1776329892.114,192.114,0.55,23.27,0.54,25.5,0.56,10.0,0.57,25.5,0.44,5.0,0.43,15.0,0.45,63.5,0.46,30.5,0.01,0.01,2342.47029,1776329890000
1776329892.951,192.951,0.55,23.27,0.54,25.5,0.56,5.0,0.57,15.0,0.44,10.0,0.43,25.5,0.45,23.27,0.46,25.5,0.01,0.01,2342.462938,1776329891000
1776329895.185,195.185,0.65,10.0,0.63,15.0,0.66,90.0,0.67,176.97,0.44,5.0,0.43,15.0,0.45,23.27,0.46,25.5,0.01,0.01,2342.494584,1776329893000
1776329895.422,195.422,0.64,5.0,0.63,5.0,0.66,144.13,0.67,88.97,0.34,112.73,0.33,205.97,0.37,5.0,0.38,5.0,0.02,0.03,2342.494584,1776329893000
1776329895.716,195.716,0.05,124.9,0.04,45.0,0.11,0.5,0.15,70.0,0.94,19.7,0.89,10.8,0.95,124.9,0.96,50.0,0.06,0.01,2342.346469,1776329894000
1776329895.929,195.929,0.06,82.63,0.05,121.42,0.11,5.0,0.12,5.0,0.92,5.0,0.89,5.0,0.94,49.63,0.95,121.42,0.05,0.02,2342.346469,1776329894000
1776329896.138,196.138,0.12,100.0,0.11,50.0,0.16,0.29,0.17,10.0,0.87,4.79,0.86,20.5,0.94,114.42,0.95,121.42,0.04,0.07,2342.346469,1776329894000
1776329896.357,196.357,0.05,40.0,0.04,45.0,0.07,4.28,0.08,10.0,0.85,39.47,0.84,0.29,0.88,5.0,0.95,30.48,0.02,0.03,2342.346469,1776329894000
1776329896.603,196.603,0.05,14.15,0.04,55.0,0.06,65.0,0.07,10.0,0.94,370.0,0.93,10.0,0.95,17.31,0.96,55.0,0.01,0.01,2342.367511,1776329895000
1776329896.809,196.809,0.04,36.71,0.03,472.7,0.06,239.73,0.07,19.0,0.94,252.23,0.93,19.0,0.96,36.71,0.97,472.7,0.02,0.02,2342.367511,1776329895000
1776329897.016,197.016,0.05,283.87,0.04,31.71,0.06,6.39,0.07,19.0,0.94,239.73,0.93,19.0,0.95,283.87,0.96,31.71,0.01,0.01,2342.367511,1776329895000
1776329897.223,197.223,0.11,45.0,0.09,1.73,0.12,10.0,0.13,10.0,0.88,10.0,0.87,10.0,0.89,60.0,0.91,1.73,0.01,0.01,2342.367511,1776329895000
1776329897.544,197.544,0.11,32.98,0.1,140.0,0.12,10.0,0.13,10.0,0.88,10.0,0.87,10.0,0.89,36.97,0.91,1.73,0.01,0.01,2341.742362,1776329896000
1776329897.829,197.829,0.06,297.6,0.05,171.0,0.12,9.57,0.13,10.0,0.88,3.57,0.87,10.0,0.89,31.93,0.9,140.0,0.06,0.01,2341.742362,1776329896000
1776329898.122,198.122,0.08,43.94,0.07,10.0,0.09,249.0,0.1,85.07,0.9,210.6,0.89,10.0,0.92,36.0,0.93,10.0,0.01,0.02,2341.742362,1776329896000
1776329898.457,198.457,0.08,10.0,0.07,15.0,0.09,204.0,0.1,85.07,0.91,249.0,0.9,85.07,0.92,43.94,0.93,10.0,0.01,0.01,2341.742362,1776329896000
1776329898.958,198.958,0.07,20.0,0.06,361.4,0.08,176.17,0.09,829.52,0.91,604.0,0.9,45.6,0.93,15.0,0.94,366.4,0.01,0.02,2339.521651,1776329897000
1776329899.302,199.302,0.06,356.4,0.05,215.8,0.08,122.62,0.09,834.52,0.92,174.17,0.91,839.52,0.93,30.0,0.94,361.4,0.02,0.01,2339.521651,1776329897000
1776329899.586,199.586,0.07,63.57,0.06,281.18,0.08,31.62,0.09,643.47,0.92,44.5,0.91,643.47,0.94,378.98,0.95,215.8,0.01,0.02,2339.60255,1776329898000
1776329899.923,199.923,0.07,53.26,0.06,281.18,0.08,31.62,0.09,643.47,0.92,31.62,0.91,643.47,0.93,58.57,0.94,281.18,0.01,0.01,2339.60255,1776329898000
1776329900.216,200.216,0.07,52.06,0.06,281.18,0.08,26.62,0.09,747.07,0.92,31.62,0.91,643.47,0.93,53.26,0.94,281.18,0.01,0.01,2339.60255,1776329898000
1776329900.613,200.613,0.07,46.73,0.06,281.18,0.08,14.12,0.09,648.99,0.92,26.62,0.91,747.07,0.93,51.73,0.94,281.18,0.01,0.01,2339.61255,1776329899000
1776329900.925,200.925,0.08,18.0,0.07,28.57,0.09,661.75,0.1,63.12,0.91,644.87,0.9,63.12,0.93,46.73,0.94,281.18,0.01,0.02,2339.61255,1776329899000
1776329901.372,201.372,0.08,40.1,0.07,25.0,0.09,688.75,0.1,63.12,0.91,661.75,0.9,63.12,0.92,18.0,0.93,28.57,0.01,0.01,2339.60755,1776329900000
1776329901.882,201.882,0.08,30.1,0.07,25.0,0.09,683.75,0.1,63.12,0.91,688.75,0.9,63.12,0.92,40.1,0.93,25.0,0.01,0.01,2339.60755,1776329900000
1776329902.35,202.35,0.08,20.38,0.07,25.0,0.09,712.75,0.1,69.17,0.91,683.75,0.9,63.12,0.92,30.1,0.93,25.0,0.01,0.01,2339.653691,1776329901000
1776329902.821,202.821,0.08,34.38,0.07,35.0,0.09,759.75,0.1,63.12,0.91,712.75,0.9,69.17,0.92,20.38,0.93,25.0,0.01,0.01,2339.653691,1776329901000
1776329903.085,203.085,0.08,34.38,0.07,35.0,0.09,740.53,0.1,51.12,0.91,759.75,0.9,63.12,0.92,34.38,0.93,35.0,0.01,0.01,2339.653691,1776329901000
1776329903.754,203.754,0.07,17.76,0.06,83.0,0.09,700.53,0.1,51.12,0.91,745.53,0.9,51.12,0.92,9.38,0.93,35.0,0.02,0.01,2339.6552,1776329902000
1776329903.964,203.964,0.07,27.76,0.06,83.0,0.09,705.53,0.1,51.12,0.91,700.53,0.9,51.12,0.93,17.76,0.94,83.0,0.02,0.02,2339.6552,1776329902000
1776329904.469,204.469,0.07,27.76,0.06,83.0,0.08,148.99,0.09,620.54,0.91,705.53,0.9,51.12,0.93,27.76,0.94,83.0,0.01,0.02,2339.6552,1776329903000
1776329904.767,204.767,0.07,32.76,0.06,83.0,0.08,148.99,0.09,626.59,0.92,148.99,0.91,620.54,0.93,27.76,0.94,83.0,0.01,0.01,2339.6552,1776329903000
1776329904.984,204.984,0.07,53.76,0.06,35.0,0.08,143.99,0.09,626.59,0.92,148.99,0.91,626.59,0.93,32.76,0.94,83.0,0.01,0.01,2339.6552,1776329903000
1776329905.652,205.652,0.07,36.33,0.06,85.0,0.08,186.99,0.09,626.59,0.92,143.99,0.91,626.59,0.93,53.76,0.94,35.0,0.01,0.01,2339.6825,1776329904000
1776329906.521,206.521,0.07,31.33,0.06,85.0,0.08,181.99,0.09,626.59,0.92,186.99,0.91,626.59,0.93,36.33,0.94,85.0,0.01,0.01,2339.674317,1776329905000
1776329907.257,207.257,0.07,36.33,0.06,85.0,0.08,186.99,0.09,104.78,0.92,181.99,0.91,626.59,0.93,31.33,0.94,85.0,0.01,0.01,2339.672349,1776329906000
1776329908.083,208.083,0.07,5.0,0.06,85.0,0.08,181.99,0.09,104.78,0.92,186.99,0.91,104.78,0.93,36.33,0.94,85.0,0.01,0.01,2339.672349,1776329906000
1776329908.321,208.321,0.07,2.91,0.06,85.0,0.08,247.98,0.09,104.78,0.92,181.99,0.91,104.78,0.93,5.0,0.94,85.0,0.01,0.01,2339.614266,1776329907000
1776329908.977,208.977,0.05,10.0,0.04,36.71,0.07,46.0,0.08,259.46,0.92,247.98,0.91,104.78,0.93,2.91,0.94,85.0,0.02,0.01,2339.614266,1776329907000
1776329909.415,209.415,0.04,36.71,0.03,505.0,0.06,44.0,0.07,161.0,0.93,208.47,0.92,373.23,0.95,3.84,0.96,36.71,0.02,0.02,2339.638115,1776329908000
1776329909.661,209.661,0.05,7.89,0.04,36.71,0.06,128.47,0.07,161.0,0.94,44.0,0.93,161.0,0.96,36.71,0.97,505.0,0.01,0.02,2339.638115,1776329908000
1776329909.878,209.878,0.05,6.83,0.04,36.71,0.06,138.47,0.07,166.0,0.94,128.47,0.93,161.0,0.95,7.89,0.96,36.71,0.01,0.01,2339.631369,1776329909000
1776329910.211,210.211,0.04,11.3,0.03,505.0,0.06,61.0,0.07,142.0,0.94,118.47,0.93,134.0,0.96,14.4,0.97,505.0,0.02,0.02,2339.631369,1776329909000
1776329910.484,210.484,0.04,7.15,0.03,405.0,0.06,438.65,0.07,147.0,0.94,29.65,0.93,547.0,0.96,8.2,0.97,505.0,0.02,0.02,2339.631369,1776329909000
1776329911.044,211.044,0.03,405.0,0.02,600.7,0.04,495.63,0.06,425.65,0.94,443.65,0.93,147.0,0.97,405.0,0.98,600.7,0.01,0.03,2339.631369,1776329909000
1776329911.598,211.598,0.03,303.82,0.02,910.64,0.04,526.63,0.05,5.0,0.96,501.63,0.94,420.65,0.97,399.89,0.98,600.7,0.01,0.01,2339.02148,1776329910000
1776329911.976,211.976,0.03,285.41,0.02,910.64,0.04,682.15,0.05,35.0,0.96,526.63,0.95,5.0,0.97,287.47,0.98,910.64,0.01,0.01,2339.02148,1776329910000
1776329912.288,212.288,0.03,285.41,0.02,910.64,0.04,690.02,0.05,35.0,0.96,682.15,0.95,35.0,0.97,285.41,0.98,910.64,0.01,0.01,2338.867894,1776329911000
1776329912.714,212.714,0.03,275.25,0.02,994.86,0.04,690.02,0.05,40.0,0.96,690.02,0.95,40.0,0.97,280.25,0.98,910.64,0.01,0.01,2338.867894,1776329911000
1776329913.175,213.175,0.03,273.19,0.02,994.86,0.04,683.98,0.05,40.0,0.96,683.98,0.95,40.0,0.97,275.25,0.98,994.86,0.01,0.01,2338.867894,1776329911000
1776329913.411,213.411,0.03,270.09,0.02,969.86,0.04,688.98,0.05,40.0,0.96,683.98,0.95,40.0,0.97,271.13,0.98,969.86,0.01,0.01,2338.91237,1776329912000
1776329914.332,214.332,0.03,254.68,0.02,994.86,0.04,597.98,0.05,40.0,0.96,701.98,0.95,40.0,0.97,261.81,0.98,969.86,0.01,0.01,2338.966138,1776329913000
1776329914.773,214.773,0.03,174.1,0.02,969.86,0.04,597.98,0.05,40.0,0.96,597.98,0.95,40.0,0.97,246.26,0.98,969.86,0.01,0.01,2338.966138,1776329913000
1776329915.463,215.463,0.03,174.1,0.02,969.86,0.04,582.98,0.05,40.0,0.96,597.98,0.95,40.0,0.97,174.1,0.98,969.86,0.01,0.01,2338.972771,1776329914000
1776329916.761,216.761,0.03,167.1,0.02,969.86,0.04,577.98,0.05,40.0,0.96,582.98,0.95,40.0,0.97,174.1,0.98,969.86,0.01,0.01,2338.866098,1776329915000
1776329917.217,217.217,0.03,155.75,0.02,969.86,0.04,575.34,0.05,40.0,0.96,582.98,0.95,40.0,0.97,155.75,0.98,969.86,0.01,0.01,2338.866098,1776329915000
1776329917.521,217.521,0.03,150.75,0.02,969.86,0.04,575.34,0.05,40.0,0.96,575.34,0.95,40.0,0.97,155.75,0.98,969.86,0.01,0.01,2338.81305,1776329916000
1776329918.955,218.955,0.03,162.0,0.02,786.16,0.04,557.34,0.05,40.0,0.96,575.34,0.95,40.0,0.97,140.52,0.98,969.86,0.01,0.01,2338.874566,1776329917000
1776329919.526,219.526,0.03,152.0,0.02,786.16,0.04,562.34,0.05,40.0,0.96,557.34,0.95,40.0,0.97,162.0,0.98,786.16,0.01,0.01,2338.951455,1776329918000
1776329920.147,220.147,0.03,152.0,0.02,786.16,0.04,562.28,0.05,40.0,0.96,562.34,0.95,40.0,0.97,152.0,0.98,786.16,0.01,0.01,2338.940964,1776329919000
1776329921.323,221.323,0.03,137.32,0.02,786.16,0.04,572.28,0.05,40.0,0.96,562.28,0.95,40.0,0.97,152.0,0.98,786.16,0.01,0.01,2338.940964,1776329919000
1776329923.276,223.276,0.03,142.32,0.02,487.16,0.04,549.04,0.05,60.0,0.96,572.28,0.95,40.0,0.97,137.32,0.98,786.16,0.01,0.01,2338.881046,1776329922000
1776329923.863,223.863,0.03,121.71,0.02,487.16,0.04,549.04,0.05,60.0,0.96,549.04,0.95,60.0,0.97,142.32,0.98,487.16,0.01,0.01,2338.881046,1776329922000
1776329924.141,224.141,0.02,382.56,0.01,2524.9,0.04,549.04,0.05,60.0,0.96,549.04,0.95,60.0,0.97,121.71,0.98,487.16,0.02,0.01,2338.881046,1776329922000
1776329924.727,224.727,0.02,382.56,0.01,2524.9,0.03,93.0,0.04,549.04,0.96,549.04,0.95,30.0,0.98,382.56,0.99,2524.9,0.01,0.02,2338.8782,1776329923000
1776329926.185,226.185,0.02,272.35,0.01,2524.9,0.03,389.29,0.04,383.05,0.97,93.0,0.96,549.04,0.98,382.56,0.99,2524.9,0.01,0.01,2338.99504,1776329924000
1776329926.555,226.555,0.02,163.97,0.01,2530.84,0.03,521.99,0.04,378.05,0.97,389.29,0.96,383.05,0.98,272.35,0.99,2524.9,0.01,0.01,2338.878596,1776329925000
1776329926.963,226.963,0.01,1558.79,,,0.02,157.2,0.03,311.0,0.98,157.2,0.97,292.0,0.99,1559.81,,,0.01,0.01,2338.878596,1776329925000
1776329927.165,227.165,0.01,1554.71,,,0.02,162.2,0.03,338.0,0.98,157.2,0.97,333.0,0.99,1854.73,,,0.01,0.01,2338.878596,1776329925000
1776329927.925,227.925,0.01,1494.65,,,0.02,112.2,0.03,326.0,0.98,112.2,0.97,294.0,0.99,1499.71,,,0.01,0.01,2338.98255,1776329926000
1776329928.3,228.3,0.01,1380.65,,,0.02,117.2,0.03,243.0,0.98,112.2,0.97,331.0,0.99,1480.49,,,0.01,0.01,2338.842279,1776329927000
1776329928.581,228.581,0.01,1378.65,,,0.02,336.99,0.03,297.0,0.98,117.2,0.97,243.0,0.99,1380.65,,,0.01,0.01,2338.842279,1776329927000
1776329928.819,228.819,0.01,1373.65,,,0.02,347.43,0.03,297.0,0.98,341.99,0.97,297.0,0.99,1373.65,,,0.01,0.01,2338.842279,1776329927000
1776329929.388,229.388,0.01,1652.45,,,0.02,342.43,0.03,310.0,0.98,347.43,0.97,297.0,0.99,1373.65,,,0.01,0.01,2338.756132,1776329928000
1776329931.745,231.745,0.01,1717.49,,,0.02,245.18,0.03,315.0,0.98,342.43,0.97,310.0,0.99,1634.29,,,0.01,0.01,2338.662967,1776329930000
1776329932.443,232.443,0.01,1657.41,,,0.02,355.38,0.03,215.0,0.98,255.38,0.97,315.0,0.99,1713.41,,,0.01,0.01,2338.646527,1776329931000
1776329932.943,232.943,0.01,1651.2,,,0.02,355.38,0.03,215.0,0.98,355.38,0.97,215.0,0.99,1657.41,,,0.01,0.01,2338.646527,1776329931000
1776329933.479,233.479,0.01,1631.04,,,0.02,355.38,0.03,215.0,0.98,355.38,0.97,215.0,0.99,1651.2,,,0.01,0.01,2338.626968,1776329932000
1776329933.831,233.831,0.01,1631.04,,,0.02,355.38,0.03,215.0,0.98,355.38,0.97,215.0,0.99,1631.04,,,0.01,0.01,2338.626968,1776329932000
1776329934.102,234.102,0.01,1629.82,,,0.02,355.38,0.03,215.0,0.98,355.38,0.97,215.0,0.99,1631.04,,,0.01,0.01,2338.626968,1776329932000
1776329935.375,235.375,0.01,1586.23,,,0.02,366.38,0.03,338.7,0.98,355.38,0.97,215.0,0.99,1596.23,,,0.01,0.01,2338.622221,1776329934000
1776329936.861,236.861,0.01,1151.0,,,0.02,550.08,0.03,338.7,0.98,366.38,0.97,338.7,0.99,1586.23,,,0.01,0.01,2338.612564,1776329935000
1776329937.135,237.135,0.01,1151.0,,,0.02,550.08,0.03,338.7,0.98,550.08,0.97,338.7,0.99,1151.0,,,0.01,0.01,2338.612564,1776329935000
1776329937.568,237.568,0.01,1053.25,,,0.02,539.08,0.03,338.7,0.98,550.08,0.97,338.7,0.99,1151.0,,,0.01,0.01,2338.639408,1776329936000
1776329937.846,237.846,0.01,1053.19,,,0.02,539.08,0.03,338.7,0.98,539.08,0.97,338.7,0.99,1053.25,,,0.01,0.01,2338.639408,1776329936000
1776329938.937,238.937,0.01,1047.11,,,0.02,539.08,0.03,338.7,0.98,539.08,0.97,338.7,0.99,1048.13,,,0.01,0.01,2338.728975,1776329938000
1776329940.613,240.613,0.01,1483.87,,,0.02,539.08,0.03,338.7,0.98,539.08,0.97,338.7,0.99,1047.11,,,0.01,0.01,2338.7328,1776329939000
1776329940.841,240.841,0.01,1478.87,,,0.02,533.88,0.03,338.7,0.98,539.08,0.97,338.7,0.99,1483.87,,,0.01,0.01,2338.7328,1776329939000
1776329941.67,241.67,0.01,780.03,,,0.02,439.08,0.03,385.7,0.98,544.08,0.97,338.7,0.99,1453.57,,,0.01,0.01,2338.73285,1776329940000
1776329941.884,241.884,,,,,0.01,340.17,0.02,444.08,0.98,428.88,0.97,385.7,0.99,159.83,,,,0.01,2338.77285,1776329941000
1776329942.258,242.258,,,,,0.01,3467.07,0.02,565.88,0.99,340.17,0.98,444.08,,,,,,,2338.77285,1776329941000
1776329942.597,242.597,,,,,0.01,3448.4,0.02,565.88,0.99,3439.41,0.98,565.88,,,,,,,2338.77285,1776329941000
1776329943.901,243.901,,,,,0.01,3164.4,0.02,560.88,0.99,3448.4,0.98,565.88,,,,,,,2338.648088,1776329942000
1776329946.639,246.639,,,,,0.01,3304.25,0.02,464.88,0.99,3159.62,0.98,560.88,,,,,,,2338.412945,1776329945000
1776329947.202,247.202,,,,,0.01,3571.87,0.02,434.88,0.99,3309.31,0.98,464.88,,,,,,,2338.422135,1776329946000
1776329965.334,265.334,,,,,0.01,3564.29,0.02,513.69,0.99,3571.87,0.98,434.88,,,,,,,2339.250655,1776329964000
1776329971.756,271.756,,,,,0.01,3646.03,0.02,469.69,0.99,3564.29,0.98,513.69,,,,,,,2339.270583,1776329970000
1776329974.181,274.181,,,,,0.01,3596.03,0.02,469.69,0.99,3646.03,0.98,469.69,,,,,,,2339.269554,1776329972000
1776329988.542,288.542,0.001,400.0,,,0.009,400.0,0.01,3802.36,0.99,3596.03,0.98,469.69,,,,,0.008,,2339.40263,1776329987000
1776329988.957,288.957,0.001,367.97,,,0.009,424.0,0.01,4074.41,0.991,400.0,0.99,3797.36,0.999,357.97,,,0.008,0.008,2339.40263,1776329987000
1776329989.289,289.289,0.001,365.95,,,0.009,424.0,0.01,4286.41,0.991,424.0,0.99,4291.41,0.999,366.96,,,0.008,0.008,2339.40263,1776329987000
1776329989.789,289.789,0.001,364.94,,,0.009,424.0,0.01,4402.52,0.991,424.0,0.99,4286.41,0.999,365.95,,,0.008,0.008,2339.34145,1776329988000
1776329991.267,291.267,0.001,250.86,,,0.009,434.0,0.01,4429.52,0.991,424.0,0.99,4402.52,0.999,364.94,,,0.008,0.008,2339.41574,1776329989000
1776329991.945,291.945,0.001,175.78,,,0.009,434.0,0.01,4207.53,0.991,434.0,0.99,4429.52,0.999,250.86,,,0.008,0.008,2339.38645,1776329990000
1776329992.206,292.206,0.001,159.57,,,0.009,434.0,0.01,4489.52,0.991,434.0,0.99,4207.53,0.999,175.78,,,0.008,0.008,2339.38645,1776329990000
1776329994.242,294.242,0.001,109.53,,,0.009,434.0,0.01,5494.52,0.991,434.0,0.99,4489.52,0.999,159.57,,,0.008,0.008,2339.480845,1776329993000
1776329995.261,295.261,0.001,104.53,,,0.009,444.0,0.01,5694.71,0.991,444.0,0.99,5545.02,0.999,104.53,,,0.008,0.008,2339.4307,1776329994000
1776329995.492,295.492,0.001,99.53,,,0.009,440.86,0.01,5976.7,0.991,444.0,0.99,5783.15,0.999,99.53,,,0.008,0.008,2339.4307,1776329994000
1776329995.936,295.936,0.001,79.38,,,0.009,440.86,0.01,5914.17,0.991,440.86,0.99,5976.7,0.999,94.53,,,0.008,0.008,2339.4307,1776329995000
1776329996.363,296.363,0.001,69.38,,,0.009,440.86,0.01,5919.17,0.991,440.86,0.99,5914.17,0.999,74.38,,,0.008,0.008,2339.4307,1776329995000
1776329996.75,296.75,0.001,64.38,,,0.009,440.86,0.01,5919.22,0.991,440.86,0.99,5919.17,0.999,69.38,,,0.008,0.008,2339.4307,1776329995000
1776329997.1,297.1,0.001,54.38,,,0.009,440.86,0.01,5991.75,0.991,440.86,0.99,5919.22,0.999,64.38,,,0.008,0.008,2339.4307,1776329995000
1776329997.558,297.558,0.001,38.39,,,0.009,445.86,0.01,6591.25,0.991,440.86,0.99,6186.75,0.999,43.39,,,0.008,0.008,2339.4207,1776329996000
1776329997.884,297.884,0.001,18.39,,,0.009,445.86,0.01,6586.25,0.991,445.86,0.99,6591.25,0.999,28.39,,,0.008,0.008,2339.4207,1776329996000
1776329998.377,298.377,0.001,8.39,,,0.009,445.86,0.01,6633.25,0.991,445.86,0.99,6591.25,0.999,13.39,,,0.008,0.008,2339.4207,1776329996000
1776329998.815,298.815,,,,,0.001,91.71,0.009,445.86,0.991,445.86,0.99,6633.25,0.999,8.39,,,,0.008,2339.4107,1776329997000

# RESULT,winner=Down,slug=eth-updown-5m-1776329700,ticks=281
