timestamp,elapsed_sec,up_bid_p1,up_bid_s1,up_bid_p2,up_bid_s2,up_ask_p1,up_ask_s1,up_ask_p2,up_ask_s2,down_bid_p1,down_bid_s1,down_bid_p2,down_bid_s2,down_ask_p1,down_ask_s1,down_ask_p2,down_ask_s2,up_spread,down_spread,eth_price,eth_oracle_ts
1776256200.878,0.878,0.51,167.17,0.5,5.0,0.53,5.0,0.6,38.0,0.47,5.0,0.4,38.0,0.49,175.0,0.5,5.0,0.02,0.02,2332.393855,1776256199000
1776256201.212,1.212,0.51,167.17,0.5,5.0,0.53,140.0,0.54,70.0,0.47,5.0,0.4,38.0,0.49,167.17,0.5,5.0,0.02,0.02,2332.393855,1776256199000
1776256201.682,1.682,0.51,160.17,0.5,5.0,0.52,5.0,0.53,140.0,0.47,140.0,0.46,70.0,0.49,167.17,0.5,5.0,0.01,0.02,2332.40942,1776256200000
1776256202.819,2.819,0.51,187.72,0.5,90.0,0.6,5.0,0.61,29.0,0.48,64.0,0.47,153.0,0.49,163.12,0.5,5.0,0.09,0.01,2332.39909,1776256201000
1776256203.036,3.036,0.51,210.72,0.5,103.0,0.56,8.5,0.57,5.0,0.44,12.08,0.43,5.0,0.49,215.72,0.5,103.0,0.05,0.05,2332.39909,1776256201000
1776256203.777,3.777,0.6,15.0,0.59,15.0,0.62,15.0,0.63,15.0,0.42,5.0,0.41,78.0,0.43,10.0,0.45,60.0,0.02,0.01,2332.39909,1776256201000
1776256205.866,5.866,0.6,137.23,0.57,10.0,0.61,184.36,0.62,293.0,0.38,15.0,0.37,15.0,0.4,15.0,0.41,15.0,0.01,0.02,2332.744081,1776256204000
1776256206.446,6.446,0.6,125.7,0.59,5.0,0.61,229.36,0.62,363.0,0.39,184.36,0.38,293.0,0.4,137.23,0.43,10.0,0.01,0.01,2332.793954,1776256205000
1776256206.729,6.729,0.6,125.7,0.59,70.0,0.61,127.36,0.62,143.0,0.39,229.36,0.38,363.0,0.4,125.7,0.41,5.0,0.01,0.01,2332.793954,1776256205000
1776256207.747,7.747,0.6,105.7,0.56,5.0,0.61,228.36,0.62,236.97,0.39,116.36,0.38,143.0,0.4,125.7,0.41,70.0,0.01,0.01,2332.731994,1776256206000
1776256208.336,8.336,0.6,105.7,0.55,20.0,0.61,243.36,0.62,236.97,0.39,228.36,0.38,236.97,0.4,105.7,0.44,5.0,0.01,0.01,2332.727582,1776256207000
1776256208.827,8.827,0.6,90.7,0.55,10.0,0.61,253.36,0.62,211.97,0.39,243.36,0.38,236.97,0.4,105.7,0.45,20.0,0.01,0.01,2332.727582,1776256207000
1776256209.2,9.2,0.52,15.0,0.51,247.2,0.53,44.91,0.54,28.0,0.45,89.6,0.44,23.0,0.49,261.2,0.5,90.0,0.01,0.04,2332.727582,1776256207000
1776256210.004,10.004,0.52,15.0,0.51,252.2,0.53,115.13,0.54,83.0,0.47,24.0,0.46,28.0,0.48,25.0,0.49,252.2,0.01,0.01,2332.727582,1776256207000
1776256210.276,10.276,0.52,20.0,0.51,252.2,0.53,105.13,0.54,83.0,0.47,115.13,0.46,83.0,0.48,15.0,0.49,252.2,0.01,0.01,2332.827899,1776256209000
1776256211.084,11.084,0.52,25.0,0.51,252.2,0.53,50.13,0.54,73.0,0.47,105.13,0.46,83.0,0.48,20.0,0.49,252.2,0.01,0.01,2332.827899,1776256209000
1776256211.665,11.665,0.52,20.0,0.51,252.2,0.53,40.13,0.54,83.0,0.47,50.13,0.46,73.0,0.48,25.0,0.49,252.2,0.01,0.01,2332.66095,1776256210000
1776256212.137,12.137,0.52,72.91,0.51,262.2,0.53,35.13,0.54,78.0,0.47,40.13,0.46,83.0,0.48,20.0,0.49,252.2,0.01,0.01,2332.66095,1776256210000
1776256212.541,12.541,0.52,72.91,0.51,257.2,0.54,65.96,0.55,95.6,0.47,35.13,0.46,78.0,0.48,72.91,0.49,262.2,0.02,0.01,2332.604186,1776256211000
1776256212.781,12.781,0.53,15.0,0.52,72.91,0.54,152.96,0.55,112.6,0.46,65.96,0.45,95.6,0.48,72.91,0.49,257.2,0.01,0.02,2332.604186,1776256211000
1776256213.965,13.965,0.51,240.76,0.5,95.0,0.54,147.96,0.55,112.6,0.46,152.96,0.45,112.6,0.47,15.0,0.48,72.91,0.03,0.01,2332.66332,1776256213000
1776256214.305,14.305,0.51,250.76,0.5,95.0,0.52,44.0,0.53,21.0,0.47,29.03,0.46,129.96,0.49,240.76,0.5,105.0,0.01,0.02,2332.66332,1776256213000
1776256215.146,15.146,0.51,262.76,0.5,95.0,0.52,33.27,0.53,55.0,0.48,41.51,0.47,71.0,0.49,255.76,0.5,95.0,0.01,0.01,2332.618945,1776256214000
1776256215.596,15.596,0.51,262.76,0.5,95.0,0.52,28.47,0.53,55.0,0.48,31.05,0.47,55.0,0.49,262.76,0.5,95.0,0.01,0.01,2332.618945,1776256214000
1776256216.176,16.176,0.51,262.76,0.5,95.0,0.53,5.0,0.54,58.96,0.48,20.89,0.47,55.0,0.49,257.76,0.5,95.0,0.02,0.01,2332.597371,1776256215000
1776256218.931,18.931,0.54,36.0,0.53,306.99,0.59,10.0,0.6,7.0,0.47,5.0,0.46,58.96,0.49,262.76,0.5,95.0,0.05,0.02,2332.596768,1776256217000
1776256219.14,19.14,0.58,82.0,0.57,35.0,0.6,11.29,0.61,118.36,0.41,10.0,0.4,7.0,0.46,36.0,0.47,306.99,0.02,0.05,2332.596768,1776256217000
1776256220.168,20.168,0.58,10.0,0.57,10.0,0.59,62.86,0.6,215.0,0.4,11.29,0.39,118.36,0.42,82.0,0.43,35.0,0.01,0.02,2332.603035,1776256219000
1776256222.909,22.909,0.52,10.0,0.51,181.76,0.54,130.0,0.55,167.0,0.41,62.86,0.4,215.0,0.42,10.0,0.43,10.0,0.02,0.01,2332.83145,1776256221000
1776256224.15,24.15,0.52,5.0,0.51,181.76,0.53,38.39,0.54,192.84,0.46,130.0,0.45,167.0,0.48,10.0,0.49,181.76,0.01,0.02,2332.802935,1776256222000
1776256227.589,27.589,0.52,87.0,0.51,261.76,0.53,60.0,0.54,55.0,0.47,38.39,0.46,192.84,0.48,5.0,0.49,181.76,0.01,0.01,2332.619229,1776256225000
1776256228.549,28.549,0.52,121.0,0.51,261.76,0.53,60.0,0.54,55.0,0.47,60.0,0.46,55.0,0.48,87.0,0.49,261.76,0.01,0.01,2332.51585,1776256227000
1776256229.58,29.58,0.52,121.0,0.51,251.76,0.54,60.0,0.55,140.0,0.47,60.0,0.46,55.0,0.48,121.0,0.49,261.76,0.02,0.01,2332.526346,1776256228000
1776256231.847,31.847,0.59,5.0,0.58,55.0,0.61,50.0,0.62,15.0,0.46,60.0,0.45,140.0,0.48,121.0,0.49,251.76,0.02,0.02,2332.634437,1776256230000
1776256232.688,32.688,0.6,81.0,0.59,107.0,0.61,55.0,0.62,20.0,0.39,50.0,0.38,15.0,0.41,5.0,0.42,55.0,0.01,0.02,2332.52986,1776256231000
1776256235.146,35.146,0.63,155.0,0.62,116.0,0.64,3.73,0.65,13.0,0.39,55.0,0.38,20.0,0.4,81.0,0.41,107.0,0.01,0.01,2332.9763,1776256233000
1776256236.019,36.019,0.64,96.53,0.63,82.0,0.65,21.94,0.66,75.0,0.35,11.51,0.34,70.0,0.36,4.53,0.37,136.0,0.01,0.01,2333.03345,1776256234000
1776256236.716,36.716,0.64,144.53,0.63,87.0,0.65,7.41,0.66,20.0,0.35,21.94,0.34,75.0,0.36,96.53,0.37,82.0,0.01,0.01,2333.038695,1776256235000
1776256237.562,37.562,0.64,135.39,0.63,82.0,0.65,19.01,0.66,75.0,0.35,7.41,0.34,20.0,0.36,144.53,0.37,87.0,0.01,0.01,2333.087324,1776256236000
1776256238.46,38.46,0.64,141.52,0.63,298.0,0.66,10.0,0.67,55.0,0.35,19.01,0.34,75.0,0.36,106.52,0.37,82.0,0.02,0.01,2333.12821,1776256237000
1776256238.874,38.874,0.66,16.0,0.65,37.0,0.67,130.27,0.68,65.0,0.34,10.0,0.33,55.0,0.36,141.52,0.37,298.0,0.01,0.02,2333.12821,1776256237000
1776256239.112,39.112,0.66,1.05,0.65,37.0,0.67,129.27,0.68,65.0,0.33,135.27,0.32,65.0,0.34,1.05,0.35,37.0,0.01,0.01,2333.12821,1776256237000
1776256239.714,39.714,0.65,39.57,0.64,134.53,0.66,75.0,0.67,119.27,0.33,139.27,0.32,65.0,0.35,8.36,0.36,84.53,0.01,0.02,2333.17978,1776256238000
1776256240.069,40.069,0.65,44.57,0.64,134.53,0.66,61.0,0.67,124.27,0.34,75.0,0.33,119.27,0.35,39.57,0.36,134.53,0.01,0.01,2333.18105,1776256239000
1776256241.06,41.06,0.66,5.99,0.65,167.57,0.67,91.27,0.68,60.0,0.34,61.0,0.33,124.27,0.35,44.57,0.36,134.53,0.01,0.01,2333.18105,1776256239000
1776256241.321,41.321,0.66,99.37,0.65,113.57,0.67,91.27,0.68,60.0,0.33,91.27,0.32,60.0,0.34,5.99,0.35,167.57,0.01,0.01,2333.18105,1776256239000
1776256241.56,41.56,0.66,154.37,0.65,108.57,0.67,70.27,0.68,55.0,0.33,91.27,0.32,60.0,0.34,99.37,0.35,113.57,0.01,0.01,2333.18105,1776256239000
1776256242.703,42.703,0.66,144.78,0.65,108.57,0.67,80.27,0.68,10.0,0.33,70.27,0.32,55.0,0.34,154.37,0.35,108.57,0.01,0.01,2333.228316,1776256241000
1776256243.132,43.132,0.66,59.0,0.65,69.57,0.67,125.68,0.68,65.0,0.33,80.27,0.32,10.0,0.34,146.83,0.35,108.57,0.01,0.01,2333.228316,1776256241000
1776256244.291,44.291,0.66,51.05,0.65,84.57,0.67,235.68,0.68,75.0,0.33,130.68,0.32,60.0,0.34,54.0,0.35,69.57,0.01,0.01,2333.318055,1776256242000
1776256244.531,44.531,0.66,41.49,0.65,84.57,0.67,170.33,0.68,75.0,0.33,167.53,0.32,75.0,0.34,41.49,0.35,84.57,0.01,0.01,2333.358055,1776256243000
1776256245.228,45.228,0.66,30.18,0.65,79.57,0.67,170.96,0.68,134.66,0.33,175.96,0.32,75.0,0.34,33.13,0.35,79.57,0.01,0.01,2333.33344,1776256244000
1776256245.786,45.786,0.66,20.56,0.65,84.57,0.67,175.96,0.68,134.66,0.33,170.96,0.32,134.66,0.34,30.18,0.35,79.57,0.01,0.01,2333.33344,1776256244000
1776256246.085,46.085,0.66,9.56,0.65,14.57,0.67,180.96,0.68,139.66,0.33,175.96,0.32,134.66,0.34,20.56,0.35,84.57,0.01,0.01,2333.33344,1776256244000
1776256246.424,46.424,0.64,92.13,0.63,85.0,0.65,25.0,0.66,205.0,0.34,210.0,0.33,125.96,0.36,80.0,0.37,90.0,0.01,0.02,2333.33344,1776256244000
1776256249.131,49.131,0.65,137.0,0.64,157.13,0.66,7.9,0.67,125.03,0.35,11.0,0.34,205.0,0.36,97.13,0.37,85.0,0.01,0.01,2333.266375,1776256248000
1776256250.178,50.178,0.65,137.0,0.64,142.13,0.66,6.18,0.67,180.03,0.34,7.9,0.33,125.03,0.35,137.0,0.36,157.13,0.01,0.01,2333.266375,1776256248000
1776256252.346,52.346,0.65,152.0,0.64,171.0,0.66,13.33,0.67,65.03,0.34,6.18,0.33,180.03,0.35,137.0,0.36,142.13,0.01,0.01,2333.284935,1776256250000
1776256252.95,52.95,0.66,54.0,0.65,95.0,0.67,119.65,0.68,75.0,0.34,2.33,0.33,65.03,0.35,157.0,0.36,171.0,0.01,0.01,2333.25767,1776256251000
1776256255.428,55.428,0.66,147.0,0.65,80.0,0.67,77.83,0.68,175.0,0.33,119.65,0.32,75.0,0.34,54.0,0.35,95.0,0.01,0.01,2333.29598,1776256254000
1776256255.657,55.657,0.66,147.0,0.65,80.0,0.67,76.33,0.68,170.0,0.33,76.33,0.32,170.0,0.34,147.0,0.35,80.0,0.01,0.01,2333.29598,1776256254000
1776256256.405,56.405,0.66,137.29,0.65,90.0,0.67,5.0,0.68,70.0,0.33,76.33,0.32,170.0,0.34,147.0,0.35,80.0,0.01,0.01,2333.302205,1776256255000
1776256258.874,58.874,0.67,134.0,0.66,75.0,0.69,60.79,0.7,244.0,0.33,5.0,0.32,70.0,0.34,137.29,0.35,90.0,0.02,0.01,2333.270105,1776256257000
1776256260.409,60.409,0.68,137.5,0.67,25.0,0.69,60.5,0.7,283.19,0.31,60.79,0.3,244.0,0.33,134.0,0.34,75.0,0.01,0.02,2333.376687,1776256258000
1776256260.716,60.716,0.68,53.5,0.66,10.0,0.69,113.99,0.7,298.19,0.31,60.5,0.3,283.19,0.32,137.5,0.33,25.0,0.01,0.01,2333.398135,1776256259000
1776256261.583,61.583,0.64,75.0,0.63,75.0,0.65,13.0,0.66,110.0,0.33,13.94,0.32,32.5,0.35,60.0,0.36,80.0,0.01,0.02,2333.351997,1776256260000
1776256262.695,62.695,0.65,25.0,0.64,80.0,0.66,68.84,0.67,153.94,0.34,79.0,0.33,153.94,0.36,80.0,0.37,75.0,0.01,0.02,2333.401669,1776256261000
1776256264.873,64.873,0.65,93.45,0.64,10.0,0.66,88.84,0.67,184.94,0.34,68.84,0.33,153.94,0.35,25.0,0.36,80.0,0.01,0.01,2333.241375,1776256263000
1776256265.985,65.985,0.65,109.79,0.64,15.0,0.66,83.84,0.67,206.24,0.34,93.84,0.33,184.94,0.35,61.5,0.36,10.0,0.01,0.01,2333.182859,1776256264000
1776256266.621,66.621,0.65,109.79,0.64,15.0,0.66,87.32,0.67,201.24,0.34,83.84,0.33,206.24,0.35,109.79,0.36,15.0,0.01,0.01,2333.275697,1776256265000
1776256267.088,67.088,0.65,119.07,0.64,85.0,0.66,57.32,0.67,295.24,0.34,87.32,0.33,201.24,0.35,109.79,0.36,15.0,0.01,0.01,2333.275697,1776256265000
1776256267.552,67.552,0.66,159.0,0.65,179.07,0.68,5.0,0.69,10.0,0.34,41.32,0.33,295.24,0.35,119.07,0.36,85.0,0.02,0.01,2333.05022,1776256266000
1776256267.762,67.762,0.68,10.0,0.67,95.0,0.7,83.1,0.71,168.5,0.31,2.0,0.3,93.1,0.33,95.0,0.34,125.0,0.02,0.02,2333.05022,1776256266000
1776256270.754,70.754,0.69,194.0,0.68,155.0,0.72,122.87,0.73,125.3,0.3,83.1,0.29,168.5,0.32,10.0,0.33,95.0,0.03,0.02,2333.19221,1776256269000
1776256272.078,72.078,0.75,30.0,0.74,80.0,0.76,14.0,0.77,45.3,0.28,95.55,0.27,108.3,0.29,22.0,0.3,27.0,0.01,0.01,2333.302257,1776256270000
1776256272.777,72.777,0.75,78.0,0.74,95.0,0.76,14.0,0.77,50.3,0.24,14.0,0.23,45.3,0.25,30.0,0.26,80.0,0.01,0.01,2333.229,1776256271000
1776256274.247,74.247,0.74,25.0,0.73,60.0,0.76,148.0,0.77,100.3,0.24,15.0,0.23,45.3,0.25,118.0,0.26,95.0,0.02,0.01,2333.394183,1776256272000
1776256274.502,74.502,0.74,109.0,0.73,75.0,0.75,26.66,0.76,108.0,0.24,148.0,0.23,100.3,0.26,25.0,0.27,60.0,0.01,0.02,2333.619945,1776256273000
1776256276.522,76.522,0.74,34.0,0.73,70.0,0.75,121.0,0.76,107.7,0.25,26.66,0.24,108.0,0.26,109.0,0.27,75.0,0.01,0.01,2333.62661,1776256275000
1776256278.749,78.749,0.74,20.0,0.73,70.0,0.75,135.66,0.76,117.7,0.25,121.0,0.24,107.7,0.26,34.0,0.27,70.0,0.01,0.01,2333.588595,1776256277000
1776256279.188,79.188,0.72,65.0,0.71,107.35,0.75,205.86,0.76,259.7,0.25,135.66,0.24,117.7,0.26,20.0,0.27,70.0,0.03,0.01,2333.588595,1776256277000
1776256279.901,79.901,0.71,33.35,0.7,40.0,0.72,142.0,0.73,120.0,0.25,205.86,0.24,259.7,0.28,65.0,0.29,107.35,0.01,0.03,2333.588935,1776256278000
1776256282.994,82.994,0.7,25.0,0.69,65.0,0.71,7.0,0.72,173.98,0.28,57.0,0.27,153.3,0.29,10.0,0.3,40.0,0.01,0.01,2333.533547,1776256281000
1776256283.587,83.587,0.7,30.0,0.69,15.0,0.71,107.45,0.72,147.98,0.29,7.0,0.28,173.98,0.3,25.0,0.31,65.0,0.01,0.01,2333.396767,1776256282000
1776256289.814,89.814,0.65,193.32,0.64,80.0,0.66,141.0,0.67,161.3,0.29,107.45,0.28,147.98,0.3,30.0,0.31,15.0,0.01,0.01,2333.227755,1776256288000
1776256293.976,93.976,0.65,242.74,0.64,80.0,0.66,156.0,0.67,145.3,0.34,146.0,0.33,156.3,0.35,192.03,0.36,80.0,0.01,0.01,2333.032923,1776256292000
1776256294.648,94.648,0.65,172.74,0.64,80.0,0.66,151.0,0.67,145.3,0.34,156.0,0.33,145.3,0.35,242.74,0.36,80.0,0.01,0.01,2333.033245,1776256293000
1776256300.52,100.52,0.65,152.74,0.64,75.0,0.66,121.0,0.67,138.3,0.34,151.0,0.33,145.3,0.35,172.74,0.36,80.0,0.01,0.01,2333.033245,1776256293000
1776256300.944,100.944,0.65,177.74,0.64,85.0,0.66,13.0,0.67,55.3,0.34,121.0,0.33,138.3,0.35,152.74,0.36,75.0,0.01,0.01,2333.033245,1776256293000
1776256302.424,102.424,0.66,87.0,0.65,248.74,0.67,36.17,0.68,24.0,0.34,13.0,0.33,55.3,0.35,177.74,0.36,85.0,0.01,0.01,2333.033245,1776256293000
1776256302.892,102.892,0.71,7.0,0.7,73.0,0.72,52.89,0.73,150.3,0.32,24.0,0.29,5.0,0.34,117.0,0.35,248.74,0.01,0.02,2333.016813,1776256301000
1776256303.844,103.844,0.71,114.51,0.7,93.0,0.72,166.32,0.73,150.3,0.28,52.89,0.27,150.3,0.29,7.0,0.3,73.0,0.01,0.01,2333.03704,1776256302000
1776256304.837,104.837,0.71,46.28,0.7,93.0,0.72,177.32,0.73,170.3,0.28,166.32,0.27,150.3,0.29,74.73,0.3,93.0,0.01,0.01,2333.12888,1776256303000
1776256305.18,105.18,0.71,30.07,0.7,93.0,0.72,170.32,0.73,170.3,0.28,177.32,0.27,170.3,0.29,46.28,0.3,93.0,0.01,0.01,2333.12888,1776256303000
1776256305.57,105.57,0.71,17.82,0.7,93.0,0.72,182.32,0.73,170.3,0.28,170.32,0.27,170.3,0.29,30.07,0.3,93.0,0.01,0.01,2333.20316,1776256304000
1776256306.074,106.074,0.68,9.0,0.65,92.74,0.69,186.0,0.7,167.0,0.28,182.32,0.27,170.3,0.29,17.82,0.3,93.0,0.01,0.01,2333.206635,1776256305000
1776256306.406,106.406,0.65,0.74,0.64,10.0,0.66,127.76,0.67,118.0,0.34,102.76,0.33,118.0,0.35,102.74,0.36,15.0,0.01,0.01,2333.206635,1776256305000
1776256306.792,106.792,0.63,20.74,0.62,90.0,0.66,172.76,0.67,163.0,0.34,127.76,0.33,118.0,0.35,0.74,0.36,10.0,0.03,0.01,2333.206635,1776256305000
1776256307.568,107.568,0.63,90.74,0.62,115.0,0.65,5.0,0.66,20.0,0.34,172.76,0.33,163.0,0.37,20.74,0.38,90.0,0.02,0.03,2333.269095,1776256306000
1776256307.929,107.929,0.64,130.0,0.63,70.74,0.65,17.73,0.66,10.0,0.35,5.0,0.34,20.0,0.37,90.74,0.38,115.0,0.01,0.02,2333.269095,1776256306000
1776256308.167,108.167,0.65,57.0,0.64,125.0,0.67,83.74,0.68,16.5,0.35,17.73,0.34,10.0,0.36,130.0,0.37,70.74,0.02,0.01,2333.269095,1776256306000
1776256309.564,109.564,0.68,121.0,0.67,94.0,0.72,133.68,0.73,220.3,0.33,83.74,0.32,16.5,0.35,57.0,0.36,125.0,0.04,0.02,2333.090718,1776256308000
1776256310.481,110.481,0.71,101.54,0.7,65.0,0.72,215.13,0.73,136.3,0.28,133.68,0.27,220.3,0.32,121.0,0.33,94.0,0.01,0.04,2333.046495,1776256309000
1776256312.101,112.101,0.71,89.29,0.7,65.0,0.72,126.76,0.73,113.3,0.28,215.13,0.27,136.3,0.29,101.54,0.3,65.0,0.01,0.01,2333.075185,1776256310000
1776256321.053,121.053,0.68,70.0,0.67,76.0,0.69,10.34,0.7,20.0,0.28,126.76,0.27,113.3,0.29,89.29,0.3,65.0,0.01,0.01,2333.12189,1776256319000
1776256323.633,123.633,0.68,6.57,0.67,65.0,0.69,105.34,0.7,75.0,0.31,10.34,0.3,20.0,0.32,70.0,0.33,76.0,0.01,0.01,2333.15188,1776256322000
1776256325.478,125.478,0.67,85.57,0.66,88.0,0.69,39.34,0.7,10.0,0.31,105.34,0.3,75.0,0.33,60.57,0.34,83.0,0.02,0.02,2333.15332,1776256323000
1776256327.768,127.768,0.66,3.0,0.64,25.0,0.67,45.0,0.68,170.0,0.31,10.34,0.3,39.0,0.32,59.37,0.33,65.57,0.01,0.01,2333.112679,1776256326000
1776256328.598,128.598,0.61,78.09,0.6,190.0,0.62,5.0,0.63,86.45,0.37,4.9,0.36,5.0,0.38,13.66,0.39,138.0,0.01,0.01,2333.11864,1776256327000
1776256329.843,129.843,0.61,73.09,0.6,185.0,0.62,12.62,0.63,65.0,0.38,5.0,0.37,86.45,0.39,78.09,0.4,190.0,0.01,0.01,2332.9974,1776256328000
1776256331.721,131.721,0.6,130.0,0.59,75.0,0.61,4.56,0.62,165.27,0.38,12.62,0.37,65.0,0.39,73.09,0.4,185.0,0.01,0.01,2332.740285,1776256330000
1776256332.641,132.641,0.59,64.0,0.58,175.0,0.6,35.0,0.61,75.0,0.39,4.56,0.38,165.27,0.4,130.0,0.41,75.0,0.01,0.01,2332.816871,1776256331000
1776256333.694,133.694,0.58,122.61,0.57,90.0,0.59,45.0,0.6,75.0,0.4,20.0,0.39,75.0,0.41,69.0,0.42,175.0,0.01,0.01,2332.72095,1776256332000
1776256336.472,136.472,0.54,130.0,0.53,60.0,0.58,66.0,0.59,134.0,0.41,45.0,0.4,75.0,0.42,122.61,0.43,90.0,0.04,0.01,2332.649908,1776256335000
1776256337.015,137.015,0.54,31.73,0.53,60.0,0.55,105.0,0.56,30.0,0.42,63.28,0.41,134.0,0.46,130.0,0.47,60.0,0.01,0.04,2332.649908,1776256335000
1776256337.459,137.459,0.53,51.73,0.52,70.0,0.55,160.0,0.56,86.0,0.45,105.0,0.44,30.0,0.46,31.73,0.47,60.0,0.02,0.01,2332.650193,1776256336000
1776256337.849,137.849,0.53,51.73,0.52,70.0,0.54,86.0,0.55,146.0,0.45,160.0,0.44,86.0,0.47,51.73,0.48,70.0,0.01,0.02,2332.650193,1776256336000
1776256338.049,138.049,0.53,44.14,0.52,70.0,0.54,81.0,0.55,141.0,0.46,81.0,0.45,141.0,0.47,55.73,0.48,70.0,0.01,0.01,2332.650193,1776256336000
1776256339.222,139.222,0.53,64.14,0.52,70.0,0.54,72.0,0.55,96.0,0.46,81.0,0.45,141.0,0.47,44.14,0.48,70.0,0.01,0.01,2332.611785,1776256338000
1776256341.057,141.057,0.53,69.14,0.52,80.0,0.55,5.0,0.56,25.0,0.46,72.0,0.45,96.0,0.47,64.14,0.48,70.0,0.02,0.01,2332.530272,1776256339000
1776256343.82,143.82,0.55,60.0,0.54,70.0,0.56,24.69,0.57,15.0,0.44,30.0,0.43,10.0,0.47,69.14,0.48,80.0,0.01,0.03,2332.539359,1776256342000
1776256344.497,144.497,0.58,10.0,0.57,15.0,0.6,13.15,0.61,21.0,0.44,24.69,0.43,15.0,0.45,60.0,0.46,70.0,0.02,0.01,2332.549875,1776256343000
1776256345.026,145.026,0.58,69.0,0.57,93.0,0.6,9.06,0.61,36.0,0.4,11.33,0.39,26.0,0.42,78.0,0.43,23.0,0.02,0.02,2332.549875,1776256343000
1776256346.162,146.162,0.58,134.0,0.57,98.0,0.59,21.94,0.6,24.06,0.4,9.06,0.39,36.0,0.42,69.0,0.43,93.0,0.01,0.02,2332.57045,1776256345000
1776256348.318,148.318,0.59,76.68,0.58,84.0,0.6,30.0,0.61,65.0,0.41,21.94,0.4,24.06,0.42,134.0,0.43,98.0,0.01,0.01,2332.64777,1776256347000
1776256350.353,150.353,0.6,45.0,0.59,70.0,0.61,2.07,0.62,20.0,0.4,30.0,0.39,65.0,0.41,76.68,0.42,84.0,0.01,0.01,2332.672215,1776256349000
1776256352.414,152.414,0.68,20.0,0.67,98.0,0.69,23.9,0.71,5.0,0.38,14.14,0.37,80.0,0.4,40.0,0.41,70.0,0.01,0.02,2332.67127,1776256350000
1776256354.692,154.692,0.71,12.32,0.7,114.0,0.72,42.5,0.73,40.0,0.31,23.9,0.29,5.0,0.32,20.0,0.33,98.0,0.01,0.01,2332.864329,1776256353000
1776256355.928,155.928,0.71,114.42,0.7,79.0,0.72,39.79,0.73,86.87,0.28,42.5,0.27,40.0,0.29,12.32,0.3,114.0,0.01,0.01,2333.187737,1776256354000
1776256356.768,156.768,0.72,7.0,0.71,198.42,0.73,5.0,0.74,15.0,0.28,39.79,0.27,86.87,0.29,114.42,0.3,79.0,0.01,0.01,2333.141142,1776256355000
1776256358.205,158.205,0.73,131.56,0.72,77.0,0.74,15.0,0.75,61.62,0.26,27.71,0.25,10.0,0.27,65.56,0.28,27.0,0.01,0.01,2333.21941,1776256357000
1776256360.701,160.701,0.73,30.0,0.72,80.0,0.74,100.0,0.75,107.71,0.26,15.0,0.25,61.62,0.27,131.56,0.28,77.0,0.01,0.01,2333.308705,1776256359000
1776256362.782,162.782,0.73,136.88,0.72,95.0,0.74,10.0,0.75,22.71,0.26,100.0,0.25,107.71,0.27,30.0,0.28,80.0,0.01,0.01,2333.303145,1776256361000
1776256363.583,163.583,0.77,93.29,0.76,41.0,0.78,79.78,0.79,15.0,0.26,10.0,0.25,22.71,0.27,136.88,0.28,95.0,0.01,0.01,2333.281785,1776256362000
1776256363.864,163.864,0.77,187.25,0.76,91.0,0.78,74.49,0.79,15.0,0.22,78.49,0.21,15.0,0.23,148.29,0.24,91.0,0.01,0.01,2333.281785,1776256362000
1776256364.229,164.229,0.77,187.25,0.76,91.0,0.78,34.42,0.79,15.0,0.22,74.49,0.21,15.0,0.23,187.25,0.24,91.0,0.01,0.01,2333.281785,1776256362000
1776256365.086,165.086,0.77,117.25,0.76,91.0,0.78,34.42,0.79,26.0,0.22,34.42,0.21,15.0,0.23,187.25,0.24,91.0,0.01,0.01,2333.281263,1776256364000
1776256366.493,166.493,0.77,192.25,0.76,91.0,0.78,0.57,0.79,20.0,0.22,34.42,0.21,26.0,0.23,117.25,0.24,91.0,0.01,0.01,2333.281263,1776256364000
1776256367.987,167.987,0.78,14.43,0.77,244.25,0.8,10.0,0.81,60.0,0.22,0.57,0.21,20.0,0.23,192.25,0.24,91.0,0.02,0.01,2333.5142,1776256366000
1776256368.415,168.415,0.81,126.0,0.8,23.0,0.82,3.78,0.83,16.0,0.19,60.0,0.18,5.0,0.2,6.0,0.21,15.0,0.01,0.01,2333.5142,1776256367000
1776256369.228,169.228,0.83,8.0,0.82,94.0,0.84,119.0,0.85,206.2,0.18,3.78,0.17,16.0,0.19,126.0,0.2,23.0,0.01,0.01,2333.5142,1776256367000
1776256369.658,169.658,0.84,40.0,0.83,142.0,0.85,13.64,0.86,168.9,0.16,119.0,0.15,206.2,0.17,8.0,0.18,94.0,0.01,0.01,2333.51846,1776256368000
1776256370.84,170.84,0.85,112.0,0.84,125.0,0.86,86.21,0.87,85.8,0.14,153.72,0.13,135.8,0.16,63.0,0.17,137.0,0.01,0.02,2333.529058,1776256369000
1776256378.644,178.644,0.82,15.0,0.81,15.0,0.83,10.0,0.84,206.0,0.14,86.21,0.13,85.8,0.15,112.0,0.16,125.0,0.01,0.01,2333.768988,1776256377000
1776256379.053,179.053,0.82,75.0,0.81,75.0,0.83,117.0,0.84,149.0,0.17,10.0,0.16,206.0,0.18,15.0,0.19,15.0,0.01,0.01,2333.768988,1776256377000
1776256379.706,179.706,0.82,20.0,0.81,75.0,0.83,119.52,0.84,220.8,0.17,117.0,0.16,149.0,0.18,75.0,0.19,75.0,0.01,0.01,2333.762119,1776256378000
1776256380.126,180.126,0.82,63.88,0.81,75.0,0.83,97.52,0.84,230.8,0.17,119.52,0.16,220.8,0.18,20.0,0.19,75.0,0.01,0.01,2333.762119,1776256378000
1776256380.359,180.359,0.82,63.88,0.81,86.3,0.83,110.67,0.84,167.8,0.17,97.52,0.16,230.8,0.18,63.88,0.19,75.0,0.01,0.01,2333.7561,1776256379000
1776256381.113,181.113,0.82,13.88,0.81,86.3,0.83,103.62,0.84,207.8,0.17,110.67,0.16,167.8,0.18,63.88,0.19,86.3,0.01,0.01,2333.713252,1776256380000
1776256382.124,182.124,0.82,63.88,0.81,81.3,0.83,81.91,0.84,202.8,0.17,103.62,0.16,207.8,0.18,13.88,0.19,86.3,0.01,0.01,2333.713252,1776256380000
1776256382.328,182.328,0.82,8.88,0.81,31.3,0.83,133.7,0.84,204.8,0.17,81.91,0.16,202.8,0.18,63.88,0.19,81.3,0.01,0.01,2333.713252,1776256380000
1776256384.228,184.228,0.82,4.95,0.81,5.0,0.83,255.2,0.84,253.8,0.17,133.7,0.16,204.8,0.18,8.88,0.19,31.3,0.01,0.01,2333.63533,1776256382000
1776256385.048,185.048,0.8,4.76,0.79,10.0,0.81,154.45,0.82,109.4,0.19,6.05,0.17,260.2,0.2,20.0,0.21,25.0,0.01,0.01,2333.635462,1776256383000
1776256387.706,187.706,0.8,9.76,0.79,70.0,0.81,42.84,0.82,93.4,0.19,154.45,0.18,109.4,0.2,4.76,0.21,10.0,0.01,0.01,2333.523415,1776256386000
1776256389.221,189.221,0.8,46.43,0.79,70.0,0.81,10.0,0.82,34.4,0.19,42.84,0.18,93.4,0.2,9.76,0.21,70.0,0.01,0.01,2333.489377,1776256387000
1776256390.943,190.943,0.8,10.0,0.79,17.0,0.81,88.4,0.82,94.4,0.19,10.0,0.18,34.4,0.2,46.43,0.21,70.0,0.01,0.01,2333.517515,1776256390000
1776256392.525,192.525,0.8,10.0,0.79,17.0,0.81,77.16,0.82,94.4,0.19,88.4,0.18,94.4,0.2,10.0,0.21,17.0,0.01,0.01,2333.547661,1776256391000
1776256392.764,192.764,0.8,4.0,0.79,17.0,0.81,77.16,0.82,104.4,0.19,77.16,0.18,94.4,0.2,10.0,0.21,17.0,0.01,0.01,2333.547661,1776256391000
1776256394.51,194.51,0.78,65.0,0.77,83.96,0.79,5.0,0.8,92.0,0.19,77.16,0.18,104.4,0.2,4.0,0.21,17.0,0.01,0.01,2333.482394,1776256393000
1776256395.656,195.656,0.78,50.0,0.77,83.96,0.79,85.43,0.8,174.5,0.21,5.0,0.2,92.0,0.22,65.0,0.23,83.96,0.01,0.01,2333.477759,1776256394000
1776256396.739,196.739,0.78,121.0,0.77,138.96,0.8,136.0,0.81,70.0,0.21,85.43,0.2,174.5,0.22,50.0,0.23,83.96,0.02,0.01,2333.478263,1776256395000
1776256400.805,200.805,0.79,76.0,0.78,133.07,0.8,128.55,0.81,70.0,0.2,136.0,0.19,70.0,0.22,121.0,0.23,138.96,0.01,0.02,2333.506941,1776256399000
1776256402.457,202.457,0.79,26.0,0.78,133.07,0.8,52.55,0.81,70.0,0.2,128.55,0.19,70.0,0.21,76.0,0.22,133.07,0.01,0.01,2333.50634,1776256401000
1776256407.438,207.438,0.85,12.5,0.79,340.79,0.88,48.0,0.92,62.4,0.2,52.55,0.19,70.0,0.21,26.0,0.22,133.07,0.03,0.01,2333.469783,1776256406000
1776256407.813,207.813,0.86,38.0,0.85,280.0,0.88,47.9,0.93,85.3,0.14,12.0,0.12,47.9,0.15,222.5,0.19,50.0,0.02,0.01,2333.469783,1776256406000
1776256408.108,208.108,0.86,38.0,0.85,285.0,0.88,36.53,0.93,96.3,0.12,47.9,0.07,85.3,0.14,38.0,0.15,280.0,0.02,0.02,2333.470891,1776256407000
1776256408.95,208.95,0.92,28.0,0.91,20.0,0.93,40.3,0.94,73.8,0.07,96.3,0.06,73.8,0.14,43.0,0.15,335.0,0.01,0.07,2333.897795,1776256408000
1776256409.304,209.304,0.93,5.0,0.92,24.25,0.94,165.56,0.95,107.71,0.07,40.3,0.06,73.8,0.08,14.25,0.09,20.0,0.01,0.01,2333.897795,1776256408000
1776256409.654,209.654,0.93,32.0,0.92,25.0,0.94,78.58,0.95,96.71,0.06,145.14,0.05,96.71,0.07,27.0,0.08,25.0,0.01,0.01,2333.897795,1776256408000
1776256410.937,210.937,0.94,198.0,0.93,199.0,0.95,106.38,0.96,513.8,0.06,77.51,0.05,96.71,0.07,27.0,0.08,25.0,0.01,0.01,2334.434891,1776256410000
1776256411.76,211.76,0.94,217.0,0.93,184.0,0.95,2.38,0.96,326.8,0.05,106.38,0.04,513.8,0.06,198.0,0.07,199.0,0.01,0.01,2334.434891,1776256410000
1776256412.739,212.739,0.94,232.0,0.93,317.79,0.95,11.32,0.96,201.8,0.05,2.38,0.04,326.8,0.06,217.0,0.07,184.0,0.01,0.01,2334.583365,1776256411000
1776256412.992,212.992,0.94,232.0,0.93,317.79,0.95,5.03,0.96,113.8,0.05,6.09,0.04,201.8,0.06,232.0,0.07,317.79,0.01,0.01,2334.597895,1776256412000
1776256413.259,213.259,0.94,315.0,0.93,327.99,0.95,0.09,0.96,113.8,0.05,5.03,0.04,113.8,0.06,232.0,0.07,317.79,0.01,0.01,2334.597895,1776256412000
1776256413.995,213.995,0.94,292.0,0.93,219.2,0.96,112.84,0.97,431.7,0.05,0.09,0.04,113.8,0.06,315.0,0.07,327.99,0.02,0.01,2334.59374,1776256413000
1776256415.024,215.024,0.95,399.79,0.94,228.0,0.96,17.99,0.97,321.7,0.04,112.84,0.03,431.7,0.06,292.0,0.07,219.2,0.01,0.02,2334.76397,1776256414000
1776256415.467,215.467,0.96,115.0,0.95,221.0,0.97,299.93,0.98,714.65,0.03,314.83,0.02,714.65,0.05,371.79,0.06,228.0,0.01,0.02,2334.76397,1776256414000
1776256415.686,215.686,0.96,165.0,0.95,225.0,0.97,285.96,0.98,714.65,0.03,287.7,0.02,714.65,0.04,165.0,0.05,225.0,0.01,0.01,2334.76397,1776256414000
1776256416.41,216.41,0.96,388.79,0.95,344.88,0.97,57.26,0.98,714.65,0.03,285.96,0.02,714.65,0.04,165.0,0.05,225.0,0.01,0.01,2334.841286,1776256415000
1776256416.64,216.64,0.96,358.99,0.95,251.0,0.97,198.58,0.98,714.65,0.03,37.26,0.02,714.65,0.04,368.79,0.05,344.88,0.01,0.01,2334.841286,1776256415000
1776256416.892,216.892,0.96,176.0,0.95,381.79,0.97,197.54,0.98,714.65,0.03,197.54,0.02,714.65,0.04,358.99,0.05,246.0,0.01,0.01,2334.971317,1776256416000
1776256417.205,217.205,0.96,90.0,0.95,263.99,0.97,177.54,0.98,733.65,0.03,189.54,0.02,733.65,0.04,98.0,0.05,363.99,0.01,0.01,2334.971317,1776256416000
1776256417.466,217.466,0.96,87.0,0.95,273.99,0.97,42.62,0.98,396.0,0.03,42.62,0.02,396.0,0.04,87.0,0.05,273.99,0.01,0.01,2334.971317,1776256416000
1776256417.837,217.837,0.97,9.51,0.96,15.0,0.98,173.91,0.99,2500.6,0.02,260.91,0.01,2500.6,0.03,25.18,0.04,123.0,0.01,0.01,2334.971317,1776256416000
1776256418.044,218.044,0.96,10.0,0.95,43.0,0.98,434.91,0.99,2684.6,0.02,173.91,0.01,2500.6,0.03,9.51,0.04,15.0,0.02,0.01,2334.988438,1776256417000
1776256418.367,218.367,0.96,10.0,0.95,43.0,0.98,263.88,0.99,2684.6,0.02,434.91,0.01,2684.6,0.04,10.0,0.05,43.0,0.02,0.02,2334.988438,1776256417000
1776256418.621,218.621,0.95,104.4,0.94,264.99,0.97,12.94,0.98,608.97,0.02,455.97,0.01,2684.6,0.05,34.4,0.06,240.79,0.02,0.03,2334.988438,1776256417000
1776256418.942,218.942,0.96,65.0,0.95,99.4,0.97,6.76,0.98,445.97,0.03,8.82,0.02,608.97,0.05,99.4,0.06,264.99,0.01,0.02,2335.021585,1776256418000
1776256419.272,219.272,0.96,65.0,0.95,99.4,0.97,64.68,0.98,445.97,0.03,6.76,0.02,445.97,0.04,65.0,0.05,99.4,0.01,0.01,2335.021585,1776256418000
1776256420.797,220.797,0.96,45.0,0.95,11.4,0.97,191.46,0.98,979.97,0.03,64.68,0.02,848.97,0.04,47.13,0.05,99.4,0.01,0.01,2334.850168,1776256419000
1776256421.475,221.475,0.95,16.4,0.94,25.0,0.96,293.31,0.97,368.46,0.03,278.46,0.02,741.97,0.05,11.4,0.06,20.0,0.01,0.02,2334.79202,1776256420000
1776256421.715,221.715,0.94,67.16,0.93,264.99,0.96,349.01,0.97,116.76,0.04,344.01,0.03,298.46,0.05,11.4,0.06,75.0,0.02,0.01,2334.79202,1776256420000
1776256422.845,222.845,0.95,10.0,0.94,162.95,0.96,324.31,0.97,161.76,0.04,321.92,0.03,111.76,0.05,10.0,0.06,222.95,0.01,0.01,2334.835904,1776256421000
1776256423.201,223.201,0.94,118.45,0.93,154.2,0.96,271.61,0.97,111.76,0.04,322.31,0.03,111.76,0.06,153.95,0.07,129.2,0.02,0.02,2334.835904,1776256421000
1776256424.041,224.041,0.94,406.45,0.93,143.2,0.95,6.87,0.96,75.0,0.04,271.61,0.03,111.76,0.06,118.45,0.07,154.2,0.01,0.02,2334.587129,1776256422000
1776256424.314,224.314,0.95,156.38,0.94,204.0,0.96,66.0,0.97,6.76,0.04,75.0,0.03,6.76,0.05,130.38,0.06,199.0,0.01,0.01,2334.587129,1776256422000
1776256425.107,225.107,0.95,250.38,0.94,204.0,0.96,54.95,0.97,6.76,0.04,56.0,0.03,6.76,0.05,156.38,0.06,204.0,0.01,0.01,2334.544489,1776256423000
1776256425.609,225.609,0.95,94.2,0.94,111.0,0.96,58.9,0.97,210.76,0.04,54.95,0.03,6.76,0.05,250.38,0.06,204.0,0.01,0.01,2334.544489,1776256423000
1776256426.863,226.863,0.95,135.3,0.94,179.8,0.96,48.48,0.97,210.76,0.04,58.9,0.03,210.76,0.05,94.2,0.06,111.0,0.01,0.01,2334.874273,1776256425000
1776256427.375,227.375,0.95,313.1,0.94,209.8,0.96,27.58,0.97,6.76,0.04,48.48,0.03,210.76,0.05,135.3,0.06,179.8,0.01,0.01,2334.874273,1776256425000
1776256428.0,228.0,0.95,146.3,0.94,199.8,0.96,17.58,0.97,220.76,0.04,27.58,0.03,6.76,0.05,313.1,0.06,209.8,0.01,0.01,2334.879845,1776256426000
1776256431.591,231.591,0.95,276.55,0.94,209.8,0.97,5.71,0.98,667.88,0.04,17.58,0.03,220.76,0.05,146.3,0.06,199.8,0.02,0.01,2334.788235,1776256430000
1776256434.504,234.504,0.96,178.99,0.95,241.1,0.98,566.54,0.99,3007.6,0.03,5.71,0.02,667.88,0.05,276.55,0.06,209.8,0.02,0.02,2334.768906,1776256433000
1776256435.124,235.124,0.96,194.99,0.95,246.1,0.97,4.84,0.98,566.54,0.02,566.54,0.01,3007.6,0.04,178.99,0.05,241.1,0.01,0.02,2334.768906,1776256433000
1776256437.189,237.189,0.96,288.99,0.95,267.1,0.98,132.38,0.99,2606.6,0.03,4.84,0.02,566.54,0.04,194.99,0.05,246.1,0.02,0.01,2334.700851,1776256435000
1776256437.817,237.817,0.97,5.0,0.96,5.0,0.98,787.08,0.99,2638.6,0.02,132.38,0.01,2606.6,0.04,288.99,0.05,267.1,0.01,0.02,2334.781916,1776256436000
1776256438.022,238.022,0.94,169.99,0.93,104.0,0.95,89.0,0.96,222.0,0.04,10.0,0.03,5.0,0.06,184.99,0.07,104.0,0.01,0.02,2334.781916,1776256436000
1776256438.238,238.238,0.94,56.0,0.93,219.99,0.95,275.0,0.96,135.0,0.05,114.0,0.04,222.0,0.06,15.0,0.07,233.25,0.01,0.01,2334.753216,1776256437000
1776256438.768,238.768,0.94,10.0,0.93,219.99,0.95,206.87,0.96,229.0,0.05,275.0,0.04,135.0,0.06,36.0,0.07,219.99,0.01,0.01,2334.753216,1776256437000
1776256440.931,240.931,0.94,10.0,0.93,175.99,0.95,264.19,0.96,249.0,0.05,206.87,0.04,229.0,0.06,10.0,0.07,219.99,0.01,0.01,2334.442056,1776256439000
1776256441.283,241.283,0.94,15.0,0.93,72.74,0.95,100.0,0.96,249.0,0.05,105.0,0.04,249.0,0.06,10.0,0.07,180.99,0.01,0.01,2334.442056,1776256439000
1776256441.979,241.979,0.93,126.25,0.92,137.0,0.96,184.0,0.97,631.7,0.05,5.0,0.04,149.0,0.06,128.25,0.07,72.74,0.03,0.01,2334.299965,1776256440000
1776256442.438,242.438,0.93,136.99,0.92,72.0,0.95,160.0,0.96,236.74,0.04,184.0,0.03,631.7,0.07,126.25,0.08,137.0,0.02,0.03,2334.299965,1776256440000
1776256442.69,242.69,0.92,15.0,0.91,143.25,0.94,102.0,0.95,100.0,0.06,157.0,0.05,95.0,0.07,5.0,0.08,25.0,0.02,0.01,2334.287234,1776256441000
1776256442.906,242.906,0.93,42.58,0.92,143.99,0.94,95.36,0.95,100.0,0.06,102.0,0.05,100.0,0.08,15.0,0.09,143.25,0.01,0.02,2334.287234,1776256441000
1776256443.327,243.327,0.94,20.0,0.93,173.57,0.95,102.0,0.96,193.8,0.06,75.14,0.05,100.0,0.07,47.58,0.08,148.99,0.01,0.01,2334.287234,1776256441000
1776256445.012,245.012,0.95,41.48,0.94,234.99,0.96,108.0,0.97,456.0,0.05,102.0,0.04,193.8,0.06,20.0,0.07,173.57,0.01,0.01,2334.129336,1776256443000
1776256445.317,245.317,0.95,199.47,0.94,121.74,0.96,101.94,0.97,456.0,0.04,108.0,0.03,456.0,0.05,41.48,0.06,234.99,0.01,0.01,2334.112746,1776256444000
1776256446.779,246.779,0.96,20.83,0.95,322.25,0.97,197.0,0.98,12.38,0.04,101.94,0.03,456.0,0.05,199.47,0.06,121.74,0.01,0.01,2334.08946,1776256445000
1776256447.838,247.838,0.96,64.83,0.95,259.25,0.97,191.0,0.98,12.38,0.03,197.0,0.02,12.38,0.04,20.83,0.05,322.25,0.01,0.01,2334.112043,1776256446000
1776256448.796,248.796,0.96,0.83,0.95,169.77,0.97,191.0,0.98,956.08,0.03,191.0,0.02,12.38,0.04,64.83,0.05,259.25,0.01,0.01,2334.294441,1776256447000
1776256452.74,252.74,0.95,285.6,0.94,79.0,0.96,15.0,0.97,169.0,0.03,191.0,0.02,956.08,0.05,150.6,0.06,76.0,0.01,0.02,2334.345982,1776256451000
1776256456.359,256.359,0.98,15.92,0.95,252.7,0.99,2457.6,,,0.04,15.0,0.03,169.0,0.05,285.6,0.06,79.0,0.01,0.01,2334.268506,1776256454000
1776256457.061,257.061,0.98,5.03,0.96,10.0,0.99,2074.0,,,0.01,2457.6,,,0.02,15.92,0.05,252.7,0.01,0.01,2334.170125,1776256455000
1776256457.363,257.363,0.98,3.77,0.96,10.0,0.99,2066.0,,,0.01,2074.0,,,0.02,3.77,0.04,10.0,0.01,0.01,2334.170125,1776256455000
1776256458.097,258.097,0.98,3.77,0.96,10.0,0.99,2483.78,,,0.01,2066.0,,,0.02,3.77,0.04,10.0,0.01,0.01,2334.133342,1776256456000
1776256459.035,259.035,0.98,3.77,0.96,10.0,0.99,2105.05,,,0.01,2483.78,,,0.02,3.77,0.04,10.0,0.01,0.01,2334.097326,1776256457000
1776256459.272,259.272,0.98,3.77,0.96,10.0,0.99,2103.03,,,0.01,2105.05,,,0.02,3.77,0.04,10.0,0.01,0.01,2334.097326,1776256457000
1776256461.816,261.816,0.95,103.77,0.94,157.86,0.99,2589.63,,,0.01,2103.03,,,0.02,3.77,0.04,10.0,0.04,0.01,2334.070555,1776256460000
1776256462.962,262.962,0.95,3.77,0.94,58.0,0.96,119.29,0.97,70.0,0.04,5.0,0.03,20.0,0.05,13.77,0.06,157.86,0.01,0.01,2334.070412,1776256461000
1776256463.4,263.4,0.94,107.34,0.93,50.0,0.96,30.0,0.97,47.0,0.03,37.0,0.02,272.0,0.06,156.63,0.07,70.0,0.02,0.03,2334.035069,1776256462000
1776256464.087,264.087,0.94,161.47,0.93,74.0,0.96,11.52,0.97,52.0,0.04,30.0,0.03,47.0,0.06,97.34,0.07,50.0,0.02,0.02,2334.035069,1776256462000
1776256464.362,264.362,0.95,124.86,0.94,59.13,0.96,10.47,0.97,15.0,0.04,11.52,0.03,52.0,0.06,161.47,0.07,74.0,0.01,0.02,2333.90345,1776256463000
1776256465.027,265.027,0.95,137.99,0.94,64.13,0.98,228.71,0.99,2302.34,0.04,10.47,0.03,15.0,0.05,124.86,0.06,59.13,0.03,0.01,2333.90345,1776256463000
1776256465.856,265.856,0.96,25.0,0.95,148.99,0.97,3.0,0.98,34.96,0.02,228.71,0.01,2302.34,0.05,137.99,0.06,64.13,0.01,0.03,2333.833895,1776256464000
1776256466.118,266.118,0.97,50.0,0.96,271.99,0.98,23.72,0.99,1509.74,0.02,32.82,0.01,1509.74,0.04,124.86,0.05,55.13,0.01,0.02,2333.833895,1776256464000
1776256466.429,266.429,0.97,242.99,0.96,205.13,0.98,8.72,0.99,1526.74,0.02,13.72,0.01,1509.74,0.03,83.0,0.04,292.99,0.01,0.01,2333.808517,1776256465000
1776256466.633,266.633,0.97,242.99,0.96,205.13,0.98,7.69,0.99,1515.74,0.02,8.72,0.01,1526.74,0.03,242.99,0.04,205.13,0.01,0.01,2333.808517,1776256465000
1776256467.373,267.373,0.97,254.99,0.96,205.13,0.98,6.66,0.99,1509.74,0.02,7.69,0.01,1515.74,0.03,242.99,0.04,205.13,0.01,0.01,2333.808461,1776256466000
1776256467.846,267.846,0.97,164.99,0.96,156.13,0.98,4.61,0.99,1509.74,0.02,4.61,0.01,1509.74,0.03,254.99,0.04,205.13,0.01,0.01,2333.808461,1776256466000
1776256470.128,270.128,0.97,189.99,0.96,211.7,0.99,1196.66,,,0.02,4.61,0.01,1509.74,0.03,164.99,0.04,156.13,0.02,0.01,2334.17809,1776256468000
1776256470.614,270.614,0.97,339.69,0.96,211.7,0.99,1195.66,,,0.01,1196.66,,,0.03,189.99,0.04,211.7,0.02,0.02,2334.174135,1776256469000
1776256472.542,272.542,0.98,52.13,0.97,235.58,0.99,1181.66,,,0.01,1195.66,,,0.03,339.69,0.04,211.7,0.01,0.02,2334.10176,1776256471000
1776256473.288,273.288,0.98,160.34,0.97,233.69,0.99,1134.01,,,0.01,1146.66,,,0.02,47.13,0.03,235.58,0.01,0.01,2334.10176,1776256472000
1776256473.562,273.562,0.98,166.99,0.97,233.69,0.99,1137.01,,,0.01,1134.01,,,0.02,160.34,0.03,233.69,0.01,0.01,2334.10176,1776256472000
1776256474.028,274.028,0.98,172.99,0.97,238.69,0.99,1092.01,,,0.01,1137.01,,,0.02,166.99,0.03,233.69,0.01,0.01,2334.10176,1776256472000
1776256476.071,276.071,0.98,224.18,0.97,114.99,0.99,1092.01,,,0.01,1092.01,,,0.02,172.99,0.03,238.69,0.01,0.01,2334.195665,1776256474000
1776256478.823,278.823,0.98,241.18,0.97,94.0,0.99,888.55,,,0.01,1092.01,,,0.02,224.18,0.03,114.99,0.01,0.01,2334.25905,1776256477000
1776256480.793,280.793,0.98,422.49,0.97,74.0,0.99,980.52,,,0.01,881.52,,,0.02,236.18,0.03,94.0,0.01,0.01,2334.23906,1776256479000
1776256481.358,281.358,0.98,427.49,0.97,74.0,0.99,974.52,,,0.01,980.52,,,0.02,422.49,0.03,74.0,0.01,0.01,2334.235865,1776256480000
1776256481.629,281.629,0.98,422.49,0.97,74.0,0.99,464.46,,,0.01,974.52,,,0.02,427.49,0.03,74.0,0.01,0.01,2334.235865,1776256480000
1776256482.896,282.896,0.99,907.39,0.98,143.84,,,,,,,,,0.01,770.74,0.02,427.49,,,2334.254185,1776256481000
1776256483.188,283.188,0.99,933.41,0.98,143.84,,,,,,,,,0.01,907.39,0.02,143.84,,,2334.25419,1776256482000
1776256485.393,285.393,0.99,1000.13,0.98,143.84,,,,,,,,,0.01,933.41,0.02,143.84,,,2334.268362,1776256484000
1776256486.312,286.312,0.99,1235.01,0.98,119.18,,,,,,,,,0.01,1000.13,0.02,143.84,,,2334.296095,1776256485000
1776256492.556,292.556,0.99,3401.42,0.98,100.42,,,,,,,,,0.01,1235.01,0.02,119.18,,,2334.020679,1776256491000

# RESULT,winner=Up,slug=eth-updown-5m-1776256200,ticks=256
