timestamp,elapsed_sec,up_bid_p1,up_bid_s1,up_bid_p2,up_bid_s2,up_ask_p1,up_ask_s1,up_ask_p2,up_ask_s2,down_bid_p1,down_bid_s1,down_bid_p2,down_bid_s2,down_ask_p1,down_ask_s1,down_ask_p2,down_ask_s2,up_spread,down_spread,eth_price,eth_oracle_ts
1776355801.177,1.177,0.4,38.0,0.39,34.0,0.48,184.77,0.49,30.92,0.52,184.77,0.51,30.92,0.6,38.0,0.61,34.0,0.08,0.08,2341.69563,1776355800000
1776355802.169,2.169,0.47,10.0,0.46,270.0,0.48,12.05,0.49,164.8,0.51,164.8,0.49,105.0,0.53,10.0,0.54,270.0,0.01,0.02,2341.69563,1776355800000
1776355802.73,2.73,0.47,56.57,0.46,270.0,0.48,12.05,0.51,110.0,0.5,5.0,0.49,110.0,0.53,0.81,0.54,270.0,0.01,0.03,2341.602562,1776355801000
1776355803.024,3.024,0.47,21.94,0.46,170.0,0.48,7.88,0.51,5.0,0.52,7.88,0.49,5.0,0.53,25.0,0.54,170.0,0.01,0.01,2341.602562,1776355801000
1776355803.225,3.225,0.47,21.94,0.46,170.0,0.48,2.88,0.51,5.0,0.52,7.88,0.49,5.0,0.53,21.94,0.54,170.0,0.01,0.01,2341.602562,1776355801000
1776355803.449,3.449,0.47,20.75,0.46,230.0,0.51,4.53,0.52,100.0,0.49,4.53,0.48,100.0,0.53,21.94,0.54,180.0,0.04,0.04,2341.55379,1776355802000
1776355803.698,3.698,0.5,4.75,0.49,10.0,0.51,4.53,0.52,100.0,0.49,4.53,0.48,100.0,0.53,20.75,0.54,230.0,0.01,0.04,2341.55379,1776355802000
1776355803.945,3.945,0.5,0.95,0.49,40.0,0.52,99.53,0.54,105.0,0.48,99.53,0.47,5.0,0.5,9.75,0.51,15.0,0.02,0.02,2341.55379,1776355802000
1776355804.191,4.191,0.51,5.0,0.5,25.95,0.52,94.53,0.54,5.0,0.48,99.53,0.46,105.0,0.5,0.95,0.51,40.0,0.01,0.02,2341.55379,1776355802000
1776355804.607,4.607,0.51,10.0,0.5,10.0,0.52,89.53,0.54,5.0,0.48,94.53,0.46,5.0,0.51,11.42,0.52,40.0,0.01,0.03,2341.680271,1776355803000
1776355804.983,4.983,0.51,12.95,0.5,15.0,0.52,65.29,0.54,5.0,0.48,70.29,0.46,5.0,0.49,12.95,0.5,15.0,0.01,0.01,2341.680271,1776355803000
1776355805.251,5.251,0.51,12.95,0.5,15.0,0.52,65.29,0.54,5.0,0.48,65.29,0.46,5.0,0.49,12.95,0.5,15.0,0.01,0.01,2341.826485,1776355804000
1776355805.564,5.564,0.51,60.74,0.5,85.0,0.52,50.94,0.55,5.0,0.48,60.29,0.45,5.0,0.49,60.74,0.5,85.0,0.01,0.01,2341.826485,1776355804000
1776355805.784,5.784,0.51,55.74,0.5,85.0,0.52,45.94,0.54,5.0,0.48,50.94,0.45,5.0,0.49,55.74,0.5,85.0,0.01,0.01,2341.826485,1776355804000
1776355806.125,6.125,0.51,74.94,0.5,160.0,0.52,30.94,0.54,5.0,0.48,35.94,0.46,5.0,0.49,55.74,0.5,85.0,0.01,0.01,2341.826485,1776355804000
1776355806.493,6.493,0.51,50.65,0.5,300.0,0.52,30.94,0.53,5.0,0.48,30.94,0.46,5.0,0.49,74.94,0.5,160.0,0.01,0.01,2341.826485,1776355804000
1776355806.749,6.749,0.51,40.65,0.5,295.0,0.52,35.14,0.53,5.0,0.48,25.94,0.47,5.0,0.49,40.65,0.5,300.0,0.01,0.01,2341.95425,1776355805000
1776355807.033,7.033,0.51,32.65,0.5,295.0,0.52,15.94,0.53,5.0,0.48,15.94,0.47,5.0,0.49,32.65,0.5,295.0,0.01,0.01,2342.013113,1776355806000
1776355807.785,7.785,0.51,29.38,0.5,295.0,0.52,20.94,0.53,5.0,0.48,40.14,0.47,5.0,0.49,29.38,0.5,300.0,0.01,0.01,2342.013113,1776355806000
1776355808.021,8.021,0.51,13.7,0.5,295.0,0.52,20.94,0.53,5.0,0.48,20.94,0.47,5.0,0.49,19.38,0.5,295.0,0.01,0.01,2342.013113,1776355806000
1776355808.512,8.512,0.51,34.7,0.5,295.0,0.52,10.94,0.53,5.0,0.48,20.94,0.47,5.0,0.49,13.7,0.5,295.0,0.01,0.01,2342.013113,1776355806000
1776355808.753,8.753,0.51,34.7,0.5,300.0,0.52,5.94,0.54,5.0,0.48,5.94,0.46,5.0,0.49,34.7,0.5,300.0,0.01,0.01,2342.25369,1776355807000
1776355809.025,9.025,0.52,13.53,0.51,15.5,0.54,13.44,0.55,15.5,0.46,2.94,0.45,15.5,0.49,15.5,0.5,300.0,0.02,0.03,2342.25369,1776355807000
1776355809.384,9.384,0.52,13.53,0.51,15.5,0.54,13.44,0.55,15.5,0.46,13.44,0.45,15.5,0.48,13.53,0.49,15.5,0.02,0.02,2342.05481,1776355808000
1776355809.618,9.618,0.52,105.44,0.51,15.5,0.54,2.94,0.55,15.5,0.46,13.44,0.45,15.5,0.48,13.53,0.49,15.5,0.02,0.02,2342.05481,1776355808000
1776355810.102,10.102,0.55,14.2,0.54,10.0,0.56,15.5,0.57,5.0,0.46,2.94,0.45,15.5,0.48,105.44,0.49,15.5,0.01,0.02,2342.05481,1776355808000
1776355810.395,10.395,0.55,14.2,0.54,10.0,0.56,4.82,0.57,5.0,0.44,4.82,0.43,5.0,0.45,14.2,0.46,10.0,0.01,0.01,2342.05714,1776355809000
1776355810.635,10.635,0.54,80.0,0.53,25.5,0.57,4.52,0.58,5.0,0.44,4.82,0.43,5.0,0.45,14.2,0.46,10.0,0.03,0.01,2342.05714,1776355809000
1776355810.859,10.859,0.55,70.0,0.54,80.0,0.58,9.26,0.59,5.0,0.43,4.52,0.42,5.0,0.46,80.0,0.47,25.5,0.03,0.03,2342.05714,1776355809000
1776355811.205,11.205,0.55,53.73,0.54,90.5,0.57,15.5,0.58,9.26,0.42,9.26,0.41,5.0,0.45,70.0,0.46,80.0,0.02,0.03,2342.274765,1776355810000
1776355811.506,11.506,0.56,10.5,0.55,134.23,0.6,5.0,0.61,125.0,0.43,5.2,0.42,9.26,0.45,53.73,0.46,80.0,0.04,0.02,2342.274765,1776355810000
1776355811.747,11.747,0.58,15.5,0.57,30.5,0.6,12.5,0.61,5.0,0.4,5.0,0.39,125.0,0.44,10.5,0.45,134.23,0.02,0.04,2342.274765,1776355810000
1776355811.966,11.966,0.59,16.0,0.58,15.5,0.61,3.04,0.62,5.0,0.39,13.04,0.38,5.0,0.41,16.0,0.42,15.5,0.02,0.02,2342.274765,1776355810000
1776355812.246,12.246,0.55,204.23,0.54,184.52,0.58,35.5,0.59,135.91,0.39,1.4,0.38,5.0,0.43,20.0,0.44,25.5,0.03,0.04,2342.408442,1776355811000
1776355812.824,12.824,0.55,201.23,0.54,161.0,0.58,5.0,0.59,151.41,0.44,24.0,0.42,15.5,0.45,201.23,0.46,184.52,0.03,0.01,2342.408442,1776355811000
1776355813.152,13.152,0.54,14.92,0.53,145.76,0.55,5.34,0.57,10.5,0.42,5.0,0.41,146.41,0.46,4.42,0.47,39.38,0.01,0.04,2342.408442,1776355811000
1776355813.657,13.657,0.54,39.02,0.53,150.76,0.55,21.01,0.56,10.5,0.45,5.34,0.43,10.5,0.46,14.92,0.47,145.76,0.01,0.01,2342.540638,1776355812000
1776355814.279,14.279,0.54,5.0,0.53,116.38,0.55,35.5,0.56,20.5,0.45,21.01,0.44,10.5,0.46,39.02,0.47,150.76,0.01,0.01,2342.540638,1776355812000
1776355814.802,14.802,0.53,109.46,0.52,10.0,0.54,35.62,0.55,20.5,0.46,11.42,0.45,44.5,0.47,113.38,0.48,10.0,0.01,0.01,2342.725875,1776355813000
1776355815.986,15.986,0.55,36.5,0.54,20.5,0.56,9.0,0.58,15.5,0.46,16.42,0.45,20.5,0.47,99.46,0.48,10.0,0.01,0.01,2342.56049,1776355814000
1776355818.055,18.055,0.55,18.38,0.54,20.5,0.57,17.5,0.58,20.5,0.44,9.0,0.42,15.5,0.45,36.5,0.46,20.5,0.02,0.01,2342.284345,1776355816000
1776355818.316,18.316,0.56,7.98,0.55,28.38,0.57,15.5,0.58,27.5,0.43,17.5,0.42,20.5,0.45,18.38,0.46,20.5,0.01,0.02,2342.414427,1776355817000
1776355818.611,18.611,0.56,7.98,0.55,17.88,0.57,11.57,0.58,27.5,0.43,15.5,0.42,27.5,0.44,7.98,0.45,28.38,0.01,0.01,2342.414427,1776355817000
1776355819.377,19.377,0.56,5.7,0.55,23.88,0.57,11.57,0.58,20.5,0.43,11.57,0.42,27.5,0.44,7.98,0.45,17.88,0.01,0.01,2342.480215,1776355818000
1776355819.817,19.817,0.55,7.0,0.54,10.0,0.56,42.5,0.57,116.57,0.43,11.57,0.42,20.5,0.44,5.7,0.45,23.88,0.01,0.01,2342.480215,1776355818000
1776355820.877,20.877,0.55,2.0,0.54,10.0,0.56,22.76,0.57,111.57,0.44,47.16,0.43,116.57,0.45,2.0,0.46,10.0,0.01,0.01,2342.424825,1776355819000
1776355821.518,21.518,0.54,28.86,0.53,128.84,0.56,24.26,0.57,106.57,0.44,17.76,0.43,111.57,0.46,1.08,0.47,109.96,0.02,0.02,2342.527121,1776355820000
1776355822.32,22.32,0.55,4.7,0.54,10.0,0.56,22.47,0.57,116.57,0.44,22.47,0.43,106.57,0.46,9.26,0.47,128.84,0.01,0.02,2342.365052,1776355821000
1776355822.94,22.94,0.54,9.4,0.53,128.85,0.56,22.47,0.57,111.57,0.44,22.47,0.43,116.57,0.45,4.7,0.46,10.0,0.02,0.01,2342.365052,1776355821000
1776355823.178,23.178,0.48,27.65,0.47,65.64,0.56,22.47,0.57,116.57,0.44,22.47,0.43,111.57,0.46,9.4,0.47,128.85,0.08,0.02,2342.365052,1776355821000
1776355823.554,23.554,0.51,88.31,0.5,30.5,0.52,16.34,0.54,39.52,0.44,22.47,0.43,116.57,0.52,27.65,0.53,65.64,0.01,0.08,2342.365052,1776355821000
1776355823.853,23.853,0.53,10.63,0.52,15.5,0.54,30.63,0.55,33.85,0.46,30.63,0.45,33.85,0.47,14.63,0.48,15.5,0.01,0.01,2342.303026,1776355822000
1776355824.147,24.147,0.53,32.56,0.52,40.5,0.54,28.77,0.55,33.85,0.46,28.77,0.45,33.85,0.47,33.63,0.48,40.5,0.01,0.01,2342.303026,1776355822000
1776355824.464,24.464,0.59,5.6,0.58,15.0,0.6,15.5,0.61,7.0,0.42,4.72,0.41,10.0,0.43,13.77,0.44,20.5,0.01,0.01,2342.299103,1776355823000
1776355824.77,24.77,0.54,25.5,0.53,15.76,0.55,793.74,0.6,15.5,0.4,15.5,0.39,7.0,0.41,5.6,0.42,15.0,0.01,0.01,2342.299103,1776355823000
1776355825.092,25.092,0.54,21.0,0.53,15.76,0.55,800.74,0.59,5.0,0.45,793.74,0.4,15.5,0.46,21.5,0.47,15.76,0.01,0.01,2342.299103,1776355823000
1776355825.663,25.663,0.54,41.39,0.53,25.76,0.55,795.28,0.58,5.0,0.45,824.74,0.4,15.5,0.46,15.89,0.47,15.76,0.01,0.01,2342.330033,1776355824000
1776355825.993,25.993,0.54,57.39,0.53,25.76,0.55,786.98,0.58,5.0,0.45,791.13,0.42,5.0,0.46,41.39,0.47,25.76,0.01,0.01,2342.330033,1776355824000
1776355826.27,26.27,0.54,60.59,0.53,50.76,0.55,781.48,0.62,12.0,0.45,786.98,0.42,5.0,0.46,57.39,0.47,25.76,0.01,0.01,2342.503777,1776355825000
1776355826.609,26.609,0.54,41.39,0.53,50.76,0.55,682.25,0.56,5.45,0.45,686.33,0.38,12.0,0.46,60.59,0.47,50.76,0.01,0.01,2342.503777,1776355825000
1776355826.883,26.883,0.52,50.33,0.51,85.0,0.55,682.25,0.56,5.45,0.45,682.25,0.44,5.45,0.46,41.39,0.47,50.76,0.03,0.01,2342.503777,1776355825000
1776355827.818,27.818,0.54,20.5,0.53,135.42,0.55,677.25,0.56,5.45,0.45,682.25,0.44,5.45,0.48,50.33,0.49,85.0,0.01,0.03,2342.82222,1776355826000
1776355828.362,28.362,0.54,33.87,0.53,145.92,0.55,672.74,0.56,5.45,0.45,677.25,0.44,5.45,0.46,20.5,0.47,135.42,0.01,0.01,2342.871055,1776355827000
1776355828.839,28.839,0.54,33.87,0.53,145.92,0.55,654.55,0.56,5.45,0.45,672.74,0.44,5.45,0.46,33.87,0.47,145.92,0.01,0.01,2342.871055,1776355827000
1776355830.355,30.355,0.54,264.19,0.53,19.5,0.55,652.73,0.56,5.45,0.45,654.55,0.44,5.45,0.46,33.87,0.47,145.92,0.01,0.01,2342.970305,1776355828000
1776355831.066,31.066,0.54,279.19,0.53,219.5,0.55,631.29,0.56,5.45,0.45,652.73,0.44,5.45,0.46,264.19,0.47,19.5,0.01,0.01,2342.970305,1776355828000
1776355831.433,31.433,0.54,199.19,0.53,224.5,0.55,626.29,0.61,35.0,0.45,631.29,0.44,5.45,0.46,279.19,0.47,219.5,0.01,0.01,2342.971315,1776355830000
1776355832.045,32.045,0.54,194.19,0.53,224.5,0.55,602.64,0.61,30.0,0.45,608.1,0.39,35.0,0.46,219.19,0.47,224.5,0.01,0.01,2342.971315,1776355830000
1776355832.524,32.524,0.54,163.36,0.53,234.5,0.55,552.64,0.61,30.0,0.45,602.64,0.39,30.0,0.46,194.19,0.47,224.5,0.01,0.01,2342.971315,1776355830000
1776355832.97,32.97,0.54,163.36,0.53,234.5,0.55,550.82,0.61,30.0,0.45,552.64,0.39,30.0,0.46,163.36,0.47,234.5,0.01,0.01,2342.94638,1776355831000
1776355834.24,34.24,0.54,178.86,0.53,224.0,0.55,460.82,0.61,30.0,0.45,550.82,0.39,30.0,0.46,163.36,0.47,234.5,0.01,0.01,2342.94638,1776355833000
1776355834.96,34.96,0.54,182.56,0.53,224.0,0.55,452.62,0.61,30.0,0.45,460.82,0.39,30.0,0.46,178.86,0.47,224.0,0.01,0.01,2342.94638,1776355833000
1776355835.252,35.252,0.54,163.36,0.53,224.0,0.55,447.16,0.58,10.5,0.45,452.62,0.39,30.0,0.46,182.56,0.47,224.0,0.01,0.01,2342.94638,1776355833000
1776355835.703,35.703,0.54,163.36,0.53,224.0,0.55,423.19,0.61,42.76,0.45,450.01,0.42,10.5,0.46,163.36,0.47,224.0,0.01,0.01,2343.004435,1776355834000
1776355836.55,36.55,0.54,233.86,0.53,249.0,0.55,412.39,0.61,30.0,0.45,417.79,0.39,42.76,0.46,163.36,0.47,224.0,0.01,0.01,2343.006285,1776355835000
1776355836.755,36.755,0.54,233.86,0.53,249.0,0.55,397.97,0.62,30.0,0.45,402.97,0.38,30.0,0.46,233.86,0.47,249.0,0.01,0.01,2343.006285,1776355835000
1776355837.257,37.257,0.54,194.24,0.53,234.5,0.55,387.27,0.62,47.76,0.45,392.78,0.38,30.0,0.46,233.86,0.47,249.0,0.01,0.01,2343.076255,1776355836000
1776355837.494,37.494,0.54,248.94,0.53,224.0,0.55,385.3,0.58,10.5,0.45,387.27,0.38,47.76,0.46,208.94,0.47,224.0,0.01,0.01,2343.076255,1776355836000
1776355837.905,37.905,0.54,263.94,0.53,224.0,0.55,373.38,0.58,10.5,0.45,377.06,0.42,10.5,0.46,188.94,0.47,224.0,0.01,0.01,2343.076255,1776355836000
1776355838.272,38.272,0.54,178.64,0.53,224.0,0.55,413.38,0.56,10.5,0.45,373.38,0.44,10.5,0.46,183.64,0.47,224.0,0.01,0.01,2343.076255,1776355836000
1776355839.418,39.418,0.54,173.97,0.53,224.0,0.55,387.41,0.56,10.5,0.45,409.38,0.43,10.5,0.47,224.0,0.48,15.0,0.01,0.02,2343.177275,1776355838000
1776355839.768,39.768,0.54,173.97,0.53,224.0,0.55,385.41,0.56,10.5,0.45,387.41,0.44,10.5,0.46,173.97,0.47,224.0,0.01,0.01,2343.177275,1776355838000
1776355840.104,40.104,0.54,38.52,0.53,224.0,0.55,393.91,0.56,10.5,0.45,385.41,0.44,10.5,0.46,173.97,0.47,224.0,0.01,0.01,2343.177275,1776355838000
1776355840.309,40.309,0.54,33.52,0.53,327.87,0.55,413.91,0.56,10.5,0.45,393.91,0.44,10.5,0.46,38.52,0.47,224.0,0.01,0.01,2343.177275,1776355838000
1776355840.806,40.806,0.54,63.52,0.53,336.87,0.55,362.75,0.56,10.5,0.45,364.75,0.44,10.5,0.46,24.52,0.47,327.87,0.01,0.01,2343.177275,1776355838000
1776355841.463,41.463,0.54,245.18,0.53,234.5,0.55,357.75,0.62,47.76,0.45,362.75,0.44,10.5,0.46,63.52,0.47,336.87,0.01,0.01,2342.922775,1776355840000
1776355841.767,41.767,0.54,210.22,0.53,234.5,0.55,357.75,0.62,47.76,0.45,357.75,0.38,47.76,0.46,216.75,0.47,234.5,0.01,0.01,2342.922775,1776355840000
1776355842.726,42.726,0.54,150.66,0.53,224.0,0.55,377.1,0.56,10.5,0.45,352.75,0.38,47.76,0.46,210.22,0.47,234.5,0.01,0.01,2342.891724,1776355841000
1776355842.957,42.957,0.54,140.66,0.53,224.0,0.55,377.1,0.56,10.5,0.45,377.1,0.44,10.5,0.46,145.66,0.47,224.0,0.01,0.01,2342.891724,1776355841000
1776355843.368,43.368,0.54,46.0,0.53,215.0,0.55,385.1,0.56,20.5,0.45,377.1,0.44,10.5,0.46,140.66,0.47,224.0,0.01,0.01,2342.977943,1776355842000
1776355843.787,43.787,0.53,245.59,0.52,15.0,0.54,19.28,0.55,361.1,0.45,361.1,0.44,20.5,0.47,199.59,0.48,15.0,0.01,0.02,2342.977943,1776355842000
1776355844.019,44.019,0.53,245.59,0.52,15.0,0.55,346.1,0.56,25.5,0.46,17.24,0.45,361.1,0.47,245.59,0.48,15.0,0.02,0.01,2343.126096,1776355843000
1776355844.321,44.321,0.54,51.0,0.53,199.59,0.55,349.1,0.56,25.5,0.45,346.1,0.44,25.5,0.47,245.59,0.48,15.0,0.01,0.02,2343.126096,1776355843000
1776355844.639,44.639,0.53,178.2,0.52,5.0,0.55,369.1,0.56,75.5,0.45,349.1,0.44,25.5,0.46,51.0,0.47,199.59,0.02,0.01,2343.126096,1776355843000
1776355845.042,45.042,0.53,178.2,0.52,5.0,0.54,48.84,0.55,349.1,0.45,369.1,0.44,75.5,0.47,178.2,0.48,5.0,0.01,0.02,2342.824841,1776355844000
1776355845.434,45.434,0.53,116.2,0.52,74.79,0.54,23.39,0.55,349.1,0.46,42.59,0.45,349.1,0.47,121.2,0.48,74.79,0.01,0.01,2342.824841,1776355844000
1776355846.043,46.043,0.53,114.07,0.52,79.79,0.54,3.39,0.55,349.1,0.46,23.39,0.45,349.1,0.47,114.07,0.48,74.79,0.01,0.01,2342.696139,1776355845000
1776355847.612,47.612,0.54,50.0,0.53,119.07,0.55,338.64,0.56,75.5,0.46,3.39,0.45,349.1,0.47,114.07,0.48,79.79,0.01,0.01,2342.58724,1776355846000
1776355849.992,49.992,0.54,60.0,0.53,119.07,0.55,318.38,0.56,70.5,0.45,338.64,0.44,75.5,0.46,50.0,0.47,119.07,0.01,0.01,2342.459406,1776355849000
1776355850.313,50.313,0.54,21.0,0.53,119.07,0.55,278.38,0.56,70.5,0.45,318.38,0.44,70.5,0.46,60.0,0.47,119.07,0.01,0.01,2342.459406,1776355849000
1776355851.282,51.282,0.53,150.79,0.52,89.79,0.54,20.5,0.55,278.38,0.45,303.38,0.44,75.5,0.47,117.07,0.48,79.79,0.01,0.02,2342.467349,1776355850000
1776355851.975,51.975,0.53,165.79,0.52,89.79,0.54,13.5,0.55,278.38,0.46,20.5,0.45,278.38,0.47,150.79,0.48,89.79,0.01,0.01,2342.471663,1776355851000
1776355852.372,52.372,0.53,161.53,0.52,89.79,0.54,13.5,0.55,278.38,0.46,13.5,0.45,278.38,0.47,165.79,0.48,89.79,0.01,0.01,2342.471663,1776355851000
1776355852.598,52.598,0.54,60.0,0.53,96.53,0.55,271.38,0.56,70.5,0.45,278.38,0.44,70.5,0.46,13.5,0.47,151.53,0.01,0.01,2342.471663,1776355851000
1776355853.203,53.203,0.54,5.0,0.53,96.53,0.55,260.1,0.56,75.5,0.45,271.38,0.44,70.5,0.46,60.0,0.47,96.53,0.01,0.01,2342.490603,1776355852000
1776355853.436,53.436,0.53,91.03,0.52,79.79,0.55,260.1,0.56,25.5,0.45,260.1,0.44,75.5,0.46,5.0,0.47,96.53,0.02,0.01,2342.490603,1776355852000
1776355853.641,53.641,0.53,88.9,0.52,79.79,0.54,26.5,0.55,260.1,0.45,260.1,0.44,25.5,0.47,91.03,0.48,79.79,0.01,0.02,2342.490603,1776355852000
1776355854.027,54.027,0.54,5.0,0.53,88.9,0.55,244.48,0.56,20.5,0.46,26.5,0.45,260.1,0.47,88.9,0.48,79.79,0.01,0.01,2342.490603,1776355852000
1776355854.258,54.258,0.54,166.63,0.53,88.9,0.55,239.48,0.56,20.5,0.45,244.48,0.44,20.5,0.46,23.9,0.47,88.9,0.01,0.01,2342.490603,1776355852000
1776355855.0,55.0,0.54,203.23,0.53,108.4,0.55,174.48,0.59,10.0,0.45,239.48,0.44,20.5,0.46,166.63,0.47,88.9,0.01,0.01,2342.512527,1776355853000
1776355855.207,55.207,0.54,212.23,0.53,108.4,0.55,169.48,0.58,10.5,0.45,174.48,0.41,10.0,0.46,203.23,0.47,108.4,0.01,0.01,2342.512527,1776355853000
1776355855.42,55.42,0.54,212.23,0.53,108.4,0.55,113.47,0.58,10.5,0.45,118.57,0.42,10.5,0.46,212.23,0.47,108.4,0.01,0.01,2342.512527,1776355853000
1776355855.776,55.776,0.54,231.43,0.53,108.4,0.55,108.37,0.58,10.5,0.45,113.47,0.42,10.5,0.46,212.23,0.47,108.4,0.01,0.01,2342.509089,1776355854000
1776355858.185,58.185,0.57,106.0,0.56,5.0,0.59,5.5,0.62,15.0,0.45,108.37,0.42,10.5,0.46,231.43,0.47,108.4,0.02,0.01,2342.780311,1776355856000
1776355858.592,58.592,0.58,10.0,0.57,116.0,0.62,15.0,0.63,52.0,0.41,5.5,0.38,15.0,0.43,106.0,0.44,5.0,0.04,0.02,2342.909445,1776355857000
1776355859.536,59.536,0.58,111.0,0.57,15.0,0.59,5.5,0.6,10.5,0.38,15.0,0.37,52.0,0.42,10.0,0.43,116.0,0.01,0.04,2342.912045,1776355858000
1776355860.319,60.319,0.58,111.0,0.57,15.0,0.6,0.57,0.61,15.5,0.41,5.5,0.4,10.5,0.42,111.0,0.43,15.0,0.02,0.01,2342.922465,1776355859000
1776355860.801,60.801,0.58,61.0,0.57,5.0,0.59,28.48,0.6,25.5,0.39,6.06,0.38,15.0,0.41,10.0,0.42,111.0,0.01,0.02,2342.922465,1776355859000
1776355861.049,61.049,0.57,5.0,0.56,10.0,0.58,5.5,0.59,20.5,0.41,10.0,0.4,25.5,0.43,5.0,0.44,5.0,0.01,0.02,2342.922465,1776355859000
1776355861.44,61.44,0.56,10.0,0.55,86.39,0.57,20.14,0.58,6.63,0.42,1.63,0.41,20.5,0.44,10.0,0.45,20.0,0.01,0.02,2342.924325,1776355860000
1776355861.766,61.766,0.56,23.75,0.55,96.89,0.58,2.76,0.59,20.5,0.43,20.14,0.42,6.63,0.44,10.0,0.45,86.39,0.02,0.01,2342.924325,1776355860000
1776355862.592,62.592,0.57,5.0,0.56,23.75,0.59,18.33,0.6,30.5,0.42,2.76,0.41,20.5,0.44,23.75,0.45,96.89,0.02,0.02,2342.93267,1776355861000
1776355862.905,62.905,0.56,23.75,0.55,20.0,0.57,22.24,0.58,5.0,0.37,15.85,0.36,54.0,0.44,23.75,0.45,86.39,0.01,0.07,2342.93267,1776355861000
1776355863.375,63.375,0.56,7.5,0.55,26.0,0.57,24.0,0.59,22.5,0.43,14.09,0.41,5.0,0.44,23.75,0.45,26.0,0.01,0.01,2342.85453,1776355862000
1776355864.813,64.813,0.62,25.0,0.61,5.0,0.63,3.41,0.64,13.0,0.43,24.0,0.41,22.5,0.44,7.5,0.45,26.0,0.01,0.01,2342.688238,1776355863000
1776355866.072,66.072,0.66,14.85,0.65,5.0,0.67,75.0,0.68,99.85,0.37,3.41,0.36,13.0,0.38,25.0,0.39,5.0,0.01,0.01,2342.681526,1776355864000
1776355866.473,66.473,0.66,29.85,0.65,15.0,0.67,67.9,0.68,84.0,0.33,75.0,0.32,99.85,0.34,14.85,0.35,5.0,0.01,0.01,2342.81333,1776355865000
1776355867.179,67.179,0.66,24.2,0.65,5.0,0.67,60.8,0.68,89.0,0.33,67.9,0.32,75.0,0.36,9.52,0.37,25.5,0.01,0.03,2343.00807,1776355866000
1776355867.496,67.496,0.67,15.32,0.66,6.0,0.69,5.0,0.7,44.85,0.33,5.0,0.32,39.0,0.34,16.25,0.35,21.94,0.02,0.01,2343.00807,1776355866000
1776355867.786,67.786,0.67,11.0,0.66,10.5,0.69,7.13,0.7,5.0,0.31,5.0,0.3,44.85,0.33,15.32,0.34,6.0,0.02,0.02,2343.00807,1776355866000
1776355868.317,68.317,0.68,25.0,0.67,21.5,0.72,14.87,0.73,120.35,0.29,17.9,0.28,41.5,0.33,11.0,0.34,10.5,0.04,0.04,2343.27877,1776355867000
1776355868.517,68.517,0.68,7.4,0.67,5.0,0.7,5.0,0.72,9.87,0.28,9.87,0.27,120.35,0.32,9.4,0.33,5.0,0.02,0.04,2343.27877,1776355867000
1776355868.757,68.757,0.68,7.4,0.65,32.44,0.72,14.03,0.73,109.85,0.3,5.0,0.28,9.87,0.32,7.4,0.33,5.0,0.04,0.02,2343.27877,1776355867000
1776355868.977,68.977,0.67,6.0,0.65,32.44,0.71,19.19,0.72,14.0,0.28,14.03,0.27,109.85,0.32,7.4,0.35,32.44,0.04,0.04,2343.27877,1776355867000
1776355869.792,69.792,0.68,21.5,0.67,46.8,0.69,2.82,0.71,15.0,0.3,5.0,0.29,8.69,0.33,20.3,0.34,10.5,0.01,0.03,2343.28551,1776355868000
1776355870.511,70.511,0.73,24.2,0.72,25.0,0.74,24.24,0.75,25.0,0.31,2.82,0.29,15.0,0.32,21.5,0.33,46.8,0.01,0.01,2343.28551,1776355868000
1776355870.784,70.784,0.73,25.0,0.72,5.0,0.75,31.0,0.76,10.0,0.26,24.24,0.25,25.0,0.27,24.2,0.28,25.0,0.02,0.01,2343.28551,1776355868000
1776355871.053,71.053,0.71,14.43,0.7,25.5,0.75,13.66,0.76,26.0,0.25,29.66,0.24,10.0,0.27,25.0,0.28,5.0,0.04,0.02,2343.28551,1776355868000
1776355871.806,71.806,0.74,19.2,0.73,15.5,0.76,26.0,0.77,17.0,0.25,13.66,0.24,26.0,0.29,14.43,0.3,25.5,0.02,0.04,2343.6292,1776355870000
1776355872.389,72.389,0.74,20.0,0.73,21.5,0.77,23.61,0.78,80.0,0.24,26.0,0.23,17.0,0.26,19.2,0.27,15.5,0.03,0.02,2343.6292,1776355870000
1776356032.536,232.536,0.74,9.0,0.73,16.5,0.77,23.61,0.79,10.5,0.23,23.61,0.22,80.0,0.26,20.0,0.27,21.5,0.03,0.03,2335.021171,1776356030000
1776356032.748,232.748,0.7,0.3,0.69,16.5,0.75,20.0,0.77,23.61,0.23,23.61,0.21,10.5,0.26,9.0,0.27,16.5,0.05,0.03,2335.021171,1776356030000
1776356032.978,232.978,0.66,58.69,0.64,25.0,0.74,30.0,0.75,20.0,0.26,30.0,0.25,20.0,0.34,88.69,0.36,25.0,0.08,0.08,2335.212752,1776356031000
1776356033.664,233.664,0.63,1.6,0.62,25.0,0.69,73.0,0.74,30.0,0.26,30.0,0.25,26.0,0.34,21.6,0.36,25.0,0.06,0.08,2335.212752,1776356031000
1776356034.768,234.768,0.61,31.6,0.6,70.0,0.69,200.0,0.74,30.0,0.31,89.0,0.26,30.0,0.37,1.6,0.38,25.0,0.08,0.06,2335.098782,1776356033000
1776356035.157,235.157,0.59,431.71,0.58,39.8,0.69,495.0,0.71,50.0,0.31,409.0,0.26,30.0,0.4,30.0,0.41,431.71,0.1,0.09,2335.098782,1776356033000
1776356035.75,235.75,0.59,376.73,0.58,39.8,0.69,758.0,0.71,50.0,0.31,517.0,0.29,50.0,0.41,431.71,0.42,39.8,0.1,0.1,2335.096135,1776356034000
1776356036.628,236.628,0.59,304.19,0.58,39.8,0.63,17.0,0.69,1122.0,0.37,17.0,0.31,777.0,0.41,374.19,0.42,39.8,0.04,0.04,2335.096135,1776356034000
1776356036.965,236.965,0.57,32.99,0.56,97.1,0.63,17.0,0.69,1569.0,0.37,17.0,0.31,1141.0,0.41,298.38,0.42,39.8,0.06,0.04,2335.325946,1776356035000
1776356037.169,237.169,0.53,63.64,0.52,39.4,0.59,7.0,0.63,17.0,0.37,17.0,0.34,50.0,0.47,111.6,0.48,39.4,0.06,0.1,2335.325946,1776356035000
1776356037.401,237.401,0.48,24.49,0.47,44.5,0.56,50.0,0.58,5.0,0.44,50.0,0.42,5.0,0.5,9.79,0.51,19.4,0.08,0.06,2335.325946,1776356035000
1776356037.648,237.648,0.46,53.21,0.45,39.5,0.53,1416.0,0.56,55.0,0.47,1416.0,0.44,50.0,0.54,58.49,0.55,39.5,0.07,0.07,2335.325946,1776356035000
1776356037.866,237.866,0.41,69.69,0.4,70.0,0.48,21.0,0.51,131.02,0.52,21.0,0.49,101.02,0.56,0.29,0.57,39.7,0.07,0.04,2335.325946,1776356035000
1776356038.093,238.093,0.41,17.38,0.36,50.0,0.45,120.0,0.47,5.0,0.55,35.0,0.53,5.0,0.59,17.38,0.64,71.3,0.04,0.04,2335.325946,1776356035000
1776356038.487,238.487,0.31,16.46,0.3,42.1,0.33,5.0,0.34,5.0,0.59,30.0,0.58,32.61,0.68,24.66,0.69,91.8,0.02,0.09,2335.26014,1776356037000
1776356038.744,238.744,0.26,50.0,0.23,39.3,0.27,5.0,0.28,5.0,0.72,5.0,0.71,5.0,0.74,50.0,0.76,44.0,0.01,0.02,2335.26014,1776356037000
1776356039.213,239.213,0.22,25.74,0.21,126.7,0.24,15.0,0.25,10.0,0.73,15.0,0.72,15.0,0.77,29.74,0.78,46.0,0.02,0.04,2335.26327,1776356038000
1776356039.429,239.429,0.21,126.7,0.2,47.5,0.23,10.0,0.24,0.08,0.76,0.08,0.75,10.0,0.78,4.89,0.79,126.7,0.02,0.02,2335.26327,1776356038000
1776356039.718,239.718,0.18,26.83,0.17,50.5,0.2,6.25,0.22,10.0,0.78,10.0,0.77,10.0,0.82,49.4,0.83,50.5,0.02,0.04,2335.26327,1776356038000
1776356040.211,240.211,0.16,25.07,0.15,69.2,0.17,10.0,0.18,10.0,0.78,10.0,0.77,10.0,0.84,145.07,0.85,53.2,0.01,0.06,2335.26327,1776356038000
1776356040.427,240.427,0.15,69.2,0.14,54.9,0.17,31.61,0.18,16.0,0.83,21.61,0.82,16.0,0.84,25.07,0.85,69.2,0.02,0.01,2335.26327,1776356038000
1776356040.67,240.67,0.14,54.9,0.13,72.8,0.16,82.0,0.17,10.0,0.84,10.0,0.83,125.0,0.85,30.14,0.86,54.9,0.02,0.01,2335.607426,1776356039000
1776356040.872,240.872,0.12,53.12,0.11,141.79,0.16,90.0,0.17,10.0,0.84,172.77,0.83,10.0,0.86,6.13,0.87,72.8,0.04,0.02,2335.607426,1776356039000
1776356041.137,241.137,0.12,53.12,0.11,141.79,0.14,2.93,0.15,10.0,0.84,90.0,0.83,10.0,0.88,53.12,0.89,141.79,0.02,0.04,2335.631881,1776356040000
1776356041.415,241.415,0.1,160.7,0.09,80.0,0.13,20.0,0.14,2.93,0.87,10.0,0.86,2.93,0.88,43.91,0.89,141.79,0.03,0.01,2335.631881,1776356040000
1776356041.67,241.67,0.1,123.08,0.09,80.0,0.11,35.86,0.13,90.0,0.89,44.96,0.87,40.0,0.9,123.08,0.91,80.0,0.01,0.01,2335.631881,1776356040000
1776356041.905,241.905,0.09,9.24,0.08,85.9,0.11,75.86,0.12,18.91,0.89,75.86,0.88,18.91,0.91,34.01,0.92,85.9,0.02,0.02,2335.631881,1776356040000
1776356042.11,242.11,0.08,84.59,0.07,94.3,0.1,112.0,0.11,75.86,0.9,112.0,0.89,75.86,0.92,84.59,0.93,94.3,0.02,0.02,2335.631881,1776356040000
1776356042.358,242.358,0.05,62.2,0.04,188.8,0.06,140.0,0.07,10.0,0.91,10.0,0.9,174.6,0.95,72.4,0.96,188.8,0.01,0.04,2335.631881,1776356040000
1776356042.628,242.628,0.05,56.03,0.04,188.8,0.06,180.0,0.07,10.0,0.94,180.0,0.93,10.0,0.95,57.09,0.96,188.8,0.01,0.01,2335.66269,1776356041000
1776356042.837,242.837,0.05,36.81,0.04,188.8,0.06,180.0,0.07,10.0,0.94,180.0,0.93,10.0,0.95,47.87,0.96,188.8,0.01,0.01,2335.66269,1776356041000
1776356043.158,243.158,0.03,205.3,0.02,466.7,0.05,140.0,0.06,68.0,0.95,8.0,0.94,183.0,0.97,205.3,0.98,466.7,0.02,0.02,2335.637015,1776356042000
1776356043.425,243.425,0.05,8.94,0.04,10.0,0.06,6.0,0.07,10.0,0.94,6.0,0.92,87.78,0.97,190.3,0.98,466.7,0.01,0.03,2335.637015,1776356042000
1776356043.699,243.699,0.03,95.91,0.02,466.7,0.05,40.0,0.06,16.0,0.94,121.0,0.93,10.0,0.96,4.94,0.97,95.91,0.02,0.02,2335.637015,1776356042000
1776356043.917,243.917,0.03,22.67,0.02,466.7,0.04,10.0,0.05,62.63,0.96,5.0,0.95,62.63,0.97,72.67,0.98,466.7,0.01,0.01,2335.637015,1776356042000
1776356044.192,244.192,0.03,22.67,0.02,466.7,0.05,57.63,0.06,16.0,0.96,5.0,0.95,62.63,0.97,22.67,0.98,466.7,0.02,0.01,2335.637015,1776356042000
1776356044.531,244.531,0.02,239.48,0.01,4846.6,0.05,57.63,0.06,16.0,0.96,7.82,0.95,67.63,0.97,18.37,0.98,471.7,0.03,0.01,2335.604539,1776356043000
1776356044.889,244.889,0.02,216.48,0.01,5146.6,0.03,122.27,0.04,10.0,0.95,57.63,0.94,16.0,0.98,239.48,0.99,4846.6,0.01,0.03,2335.604539,1776356043000
1776356045.434,245.434,0.02,176.2,0.01,5146.6,0.03,113.0,0.04,10.0,0.97,113.0,0.96,10.0,0.98,181.31,0.99,5146.6,0.01,0.01,2335.607826,1776356044000
1776356045.816,245.816,0.01,5347.31,,,0.02,132.0,0.03,113.0,0.97,122.27,0.96,43.66,0.99,5143.31,,,0.01,0.02,2335.607826,1776356044000
1776356046.038,246.038,0.01,5381.45,,,0.02,151.37,0.03,113.0,0.98,141.18,0.97,113.0,0.99,5386.45,,,0.01,0.01,2335.607826,1776356044000
1776356046.331,246.331,0.01,5320.43,,,0.02,135.31,0.03,113.0,0.98,135.31,0.97,113.0,0.99,5321.45,,,0.01,0.01,2335.607826,1776356044000
1776356046.535,246.535,0.01,5184.38,,,0.03,10.0,0.04,16.53,0.96,16.53,0.95,62.78,0.99,5214.38,,,0.02,0.03,2335.60539,1776356045000
1776356046.86,246.86,0.01,5373.75,,,0.03,5.0,0.04,16.53,0.97,10.0,0.96,16.53,0.99,5373.75,,,0.02,0.02,2335.60539,1776356045000
1776356047.416,247.416,0.02,10.0,0.01,5373.75,0.04,15.53,0.05,62.78,0.97,5.0,0.96,16.53,0.99,5373.75,,,0.02,0.02,2335.607567,1776356046000
1776356047.751,247.751,0.01,5314.14,,,0.02,25.0,0.03,10.0,0.98,25.0,0.97,10.0,0.99,5364.14,,,0.01,0.01,2335.607567,1776356046000
1776356048.008,248.008,0.01,5295.08,,,0.03,10.0,0.04,15.53,0.97,10.0,0.96,15.53,0.99,5299.14,,,0.02,0.02,2335.607567,1776356046000
1776356048.646,248.646,0.02,4.94,0.01,5295.08,0.04,97.93,0.05,62.78,0.96,87.93,0.95,62.78,0.99,5295.08,,,0.02,0.03,2335.735714,1776356047000
1776356049.255,249.255,0.01,5690.14,,,0.05,31.53,0.06,102.61,0.96,97.93,0.95,62.78,0.99,5291.88,,,0.04,0.03,2335.681325,1776356048000
1776356049.517,249.517,0.01,5592.81,,,0.04,10.0,0.05,31.53,0.96,10.0,0.95,31.53,0.99,5683.93,,,0.03,0.03,2335.681325,1776356048000
1776356049.742,249.742,0.01,5371.45,,,0.03,10.0,0.04,10.0,0.97,10.0,0.96,10.0,0.99,5426.81,,,0.02,0.02,2335.681325,1776356048000
1776356049.981,249.981,0.01,5371.45,,,0.02,38.6,0.04,5.0,0.98,15.0,0.96,5.0,0.99,5371.45,,,0.01,0.01,2335.681325,1776356048000
1776356050.463,250.463,0.01,4973.19,,,0.02,4.38,0.04,5.0,0.98,38.6,0.96,5.0,0.99,5371.45,,,0.01,0.01,2335.777448,1776356049000
1776356050.666,250.666,0.01,4688.63,,,0.04,5.0,0.05,21.54,0.98,4.38,0.96,5.0,0.99,4762.63,,,0.03,0.01,2335.777448,1776356049000
1776356050.897,250.897,0.01,4666.25,,,0.05,1.91,0.06,64.32,0.96,5.0,0.95,21.54,0.99,4666.25,,,0.04,0.03,2335.777448,1776356049000
1776356051.625,251.625,0.03,4.85,0.02,10.0,0.04,160.43,0.05,101.91,0.95,1.91,0.94,64.32,0.99,4666.25,,,0.01,0.04,2335.660843,1776356050000
1776356052.165,252.165,0.02,10.0,0.01,4645.54,0.03,5.0,0.04,164.17,0.96,164.17,0.95,141.91,0.99,4645.54,,,0.01,0.03,2335.810713,1776356051000
1776356052.493,252.493,0.01,4645.54,,,0.02,20.0,0.03,55.0,0.96,109.39,0.95,141.91,0.98,10.0,0.99,4645.54,0.01,0.02,2335.810713,1776356051000
1776356052.812,252.812,0.02,122.28,0.01,4661.54,0.03,55.0,0.04,209.39,0.98,20.0,0.97,55.0,0.99,4645.54,,,0.01,0.01,2335.810713,1776356051000
1776356053.225,253.225,0.02,20.24,0.01,4661.54,0.03,25.0,0.04,110.0,0.97,25.0,0.96,110.0,0.98,122.28,0.99,4661.54,0.01,0.01,2335.810713,1776356051000
1776356053.444,253.444,0.02,20.24,0.01,4661.54,0.03,2.61,0.04,110.0,0.97,25.0,0.96,110.0,0.98,20.24,0.99,4661.54,0.01,0.01,2335.834081,1776356052000
1776356053.699,253.699,0.01,4596.42,,,0.03,12.61,0.04,110.0,0.97,12.61,0.96,110.0,0.99,4631.78,,,0.02,0.02,2335.834081,1776356052000
1776356053.999,253.999,0.01,4586.27,,,0.02,50.51,0.03,12.61,0.97,12.61,0.96,110.0,0.99,4596.42,,,0.01,0.02,2335.834081,1776356052000
1776356054.609,254.609,0.01,4562.37,,,0.02,60.51,0.03,12.61,0.98,50.51,0.97,12.61,0.99,4581.27,,,0.01,0.01,2335.834081,1776356052000
1776356054.832,254.832,0.01,4533.37,,,0.02,65.61,0.03,10.0,0.98,60.51,0.97,12.61,0.99,4562.37,,,0.01,0.01,2335.834081,1776356052000
1776356055.376,255.376,0.01,4503.37,,,0.02,75.61,0.03,176.02,0.98,60.61,0.97,176.02,0.99,4533.37,,,0.01,0.01,2335.81564,1776356054000
1776356055.931,255.931,0.01,4170.34,,,0.02,75.61,0.03,176.02,0.98,75.61,0.97,176.02,0.99,4501.34,,,0.01,0.01,2335.81564,1776356054000
1776356056.436,256.436,0.01,4060.34,,,0.02,75.61,0.03,176.02,0.98,75.61,0.97,176.02,0.99,4170.34,,,0.01,0.01,2335.77123,1776356055000
1776356056.643,256.643,0.01,4060.34,,,0.02,66.09,0.03,176.02,0.98,73.09,0.97,176.02,0.99,4060.34,,,0.01,0.01,2335.77123,1776356055000
1776356056.883,256.883,0.01,4110.66,,,0.02,66.09,0.03,176.02,0.98,66.09,0.97,176.02,0.99,4060.34,,,0.01,0.01,2335.77123,1776356055000
1776356057.136,257.136,0.01,4088.12,,,0.02,61.09,0.03,176.02,0.98,61.09,0.97,176.02,0.99,4096.66,,,0.01,0.01,2335.640505,1776356056000
1776356057.678,257.678,0.01,4040.45,,,0.02,21.64,0.03,176.02,0.98,61.09,0.97,176.02,0.99,4088.12,,,0.01,0.01,2335.640505,1776356056000
1776356057.986,257.986,0.01,3994.45,,,0.02,11.64,0.03,176.02,0.98,21.64,0.97,176.02,0.99,4040.45,,,0.01,0.01,2335.640505,1776356056000
1776356058.499,258.499,0.01,3964.45,,,0.02,6.64,0.03,276.02,0.98,6.64,0.97,276.02,0.99,3994.45,,,0.01,0.01,2335.6097,1776356057000
1776356059.309,259.309,0.01,3892.45,,,0.02,6.64,0.03,276.02,0.98,6.64,0.97,276.02,0.99,3964.45,,,0.01,0.01,2335.606938,1776356058000
1776356059.841,259.841,0.04,460.15,0.01,3887.15,0.05,111.91,0.06,53.0,0.95,1.91,0.94,53.0,0.96,476.85,0.99,3892.45,0.01,0.01,2335.606938,1776356058000
1776356060.041,260.041,0.04,1.39,0.01,3887.15,0.05,282.0,0.06,53.0,0.95,282.0,0.94,53.0,0.96,2.44,0.99,3887.15,0.01,0.01,2335.606938,1776356058000
1776356060.473,260.473,0.01,3833.0,,,0.03,48.4,0.04,15.21,0.96,10.0,0.95,172.0,0.98,1.85,0.99,3887.15,0.02,0.02,2335.747886,1776356059000
1776356060.689,260.689,0.01,3303.94,,,0.02,10.09,0.03,22.4,0.97,22.4,0.96,15.21,0.99,3809.0,,,0.01,0.02,2335.747886,1776356059000
1776356060.993,260.993,0.01,3293.74,,,0.02,5.0,0.03,17.2,0.98,10.09,0.97,22.4,0.99,3303.94,,,0.01,0.01,2335.747886,1776356059000
1776356061.283,261.283,0.01,3285.65,,,0.04,46.21,0.05,21.91,0.98,5.0,0.97,17.2,0.99,3285.65,,,0.03,0.01,2335.747886,1776356059000
1776356061.615,261.615,0.02,0.9,0.01,3284.63,0.04,46.21,0.05,9.91,0.96,46.21,0.95,21.91,0.99,3284.63,,,0.02,0.03,2335.511049,1776356060000
1776356061.835,261.835,0.01,3251.52,,,0.02,41.0,0.03,10.0,0.97,10.0,0.96,46.21,0.99,3261.52,,,0.01,0.02,2335.511049,1776356060000
1776356062.486,262.486,0.01,3246.46,,,0.02,100.21,0.03,10.0,0.98,41.0,0.97,10.0,0.99,3251.52,,,0.01,0.01,2335.512799,1776356061000
1776356063.037,263.037,0.01,3042.58,,,0.02,100.21,0.03,20.31,0.98,100.21,0.97,10.0,0.99,3194.1,,,0.01,0.01,2335.406854,1776356062000
1776356063.374,263.374,0.01,3032.58,,,0.02,200.21,0.03,20.31,0.98,100.21,0.97,20.31,0.99,3042.58,,,0.01,0.01,2335.406854,1776356062000
1776356063.632,263.632,0.01,3007.58,,,0.02,124.21,0.03,20.31,0.98,200.21,0.97,20.31,0.99,3032.58,,,0.01,0.01,2335.406854,1776356062000
1776356063.945,263.945,0.01,2877.45,,,0.02,100.0,0.03,20.31,0.98,124.21,0.97,20.31,0.99,2912.81,,,0.01,0.01,2335.519805,1776356063000
1776356064.372,264.372,0.02,1.92,0.01,2872.45,0.03,120.31,0.04,46.21,0.97,20.31,0.96,46.21,0.99,2872.45,,,0.01,0.02,2335.519805,1776356063000
1776356065.194,265.194,0.01,2862.84,,,0.02,165.78,0.03,117.0,0.97,120.31,0.96,46.21,0.99,2869.35,,,0.01,0.02,2335.384481,1776356064000
1776356065.524,265.524,0.01,2855.74,,,0.02,165.78,0.03,117.0,0.98,165.78,0.97,117.0,0.99,2862.84,,,0.01,0.01,2335.384481,1776356064000
1776356066.834,266.834,0.01,2792.68,,,0.02,272.78,0.03,10.0,0.98,165.78,0.97,117.0,0.99,2850.68,,,0.01,0.01,2335.516723,1776356065000
1776356067.844,267.844,,,,,0.01,2429.58,0.02,112.0,0.98,272.78,0.97,10.0,0.99,2792.68,,,,0.01,2335.40598,1776356066000
1776356068.265,268.265,,,,,0.01,7705.27,0.02,112.0,0.99,2429.58,0.98,112.0,,,,,,,2335.40598,1776356066000
1776356068.475,268.475,,,,,0.01,7827.09,0.02,112.0,0.99,7705.27,0.98,112.0,,,,,,,2335.40598,1776356066000
1776356068.689,268.689,,,,,0.01,7785.88,0.02,112.0,0.99,7762.14,0.98,112.0,,,,,,,2335.40598,1776356066000
1776356072.882,272.882,,,,,0.01,8118.36,0.02,112.0,0.99,7785.88,0.98,112.0,,,,,,,2335.417716,1776356071000
1776356078.902,278.902,,,,,0.01,7176.32,0.02,26.0,0.99,8118.36,0.98,112.0,,,,,,,2335.393986,1776356077000
1776356088.303,288.303,,,,,0.01,8182.07,0.02,26.0,0.99,7176.32,0.98,26.0,,,,,,,2335.667953,1776356086000
1776356095.834,295.834,,,,,0.01,11398.92,0.02,64.72,0.99,8182.07,0.98,26.0,,,,,,,2335.972345,1776356094000
1776356100.369,300.369,,,,,0.01,65192.3,0.02,179.72,0.99,11398.92,0.98,64.72,,,,,,,2336.343848,1776356099000

# RESULT,winner=Down,slug=eth-updown-5m-1776355800,ticks=241
