timestamp,elapsed_sec,up_bid_p1,up_bid_s1,up_bid_p2,up_bid_s2,up_ask_p1,up_ask_s1,up_ask_p2,up_ask_s2,down_bid_p1,down_bid_s1,down_bid_p2,down_bid_s2,down_ask_p1,down_ask_s1,down_ask_p2,down_ask_s2,up_spread,down_spread,eth_price,eth_oracle_ts
1776204301.352,1.352,,,,,,,,,,,,,,,,,,,2323.44974,1776204300000
1776204301.769,1.769,0.48,154.42,0.47,121.0,0.5,5.67,0.51,26.23,0.5,5.67,0.49,26.23,0.51,4.1,0.52,161.0,0.02,0.01,2323.44974,1776204300000
1776204302.126,2.126,0.48,154.42,0.47,121.0,0.5,5.67,0.51,26.23,0.5,5.67,0.49,26.23,0.52,154.42,0.53,121.0,0.02,0.02,2323.191,1776204301000
1776204302.482,2.482,0.49,17.47,0.48,144.42,0.5,13.51,0.51,50.23,0.5,5.67,0.49,26.23,0.52,154.42,0.53,121.0,0.01,0.02,2323.191,1776204301000
1776204303.343,3.343,0.49,15.0,0.48,235.42,0.5,11.51,0.51,30.23,0.5,13.51,0.49,50.23,0.51,17.47,0.52,144.42,0.01,0.01,2323.191,1776204301000
1776204303.56,3.56,0.49,15.0,0.48,235.42,0.5,11.51,0.51,30.23,0.5,11.51,0.49,30.23,0.51,15.0,0.52,235.42,0.01,0.01,2323.30125,1776204302000
1776204304.109,4.109,0.57,17.62,0.56,15.0,0.58,20.0,0.59,118.0,0.44,10.0,0.43,5.0,0.45,59.73,0.46,25.0,0.01,0.01,2323.30125,1776204302000
1776204304.314,4.314,0.57,10.0,0.56,15.0,0.58,120.0,0.59,143.0,0.42,20.0,0.41,118.0,0.43,17.62,0.44,15.0,0.01,0.01,2323.30125,1776204302000
1776204304.832,4.832,0.57,10.0,0.56,20.0,0.58,100.0,0.59,130.0,0.42,120.0,0.41,143.0,0.43,10.0,0.44,15.0,0.01,0.01,2323.30186,1776204303000
1776204305.086,5.086,0.57,10.0,0.56,20.0,0.58,100.0,0.59,130.0,0.42,100.0,0.41,130.0,0.43,10.0,0.44,20.0,0.01,0.01,2323.271868,1776204304000
1776204305.296,5.296,0.56,7.54,0.55,75.06,0.58,45.0,0.59,40.0,0.43,10.0,0.42,55.0,0.45,59.06,0.46,80.0,0.02,0.02,2323.271868,1776204304000
1776204305.587,5.587,0.57,0.62,0.56,7.54,0.58,45.0,0.59,40.0,0.42,45.0,0.41,40.0,0.43,5.62,0.44,7.54,0.01,0.01,2323.271868,1776204304000
1776204306.231,6.231,0.57,25.0,0.56,17.54,0.58,83.0,0.59,43.0,0.42,40.0,0.41,40.0,0.43,10.62,0.44,7.54,0.01,0.01,2323.271868,1776204304000
1776204306.477,6.477,0.57,20.0,0.56,17.54,0.58,1.89,0.59,43.0,0.42,5.0,0.41,43.0,0.43,25.81,0.44,17.54,0.01,0.01,2323.271868,1776204304000
1776204307.026,7.026,0.57,20.0,0.56,17.54,0.58,1.89,0.59,43.0,0.42,1.89,0.41,43.0,0.43,20.0,0.44,17.54,0.01,0.01,2323.720998,1776204305000
1776204307.447,7.447,0.57,20.0,0.56,17.54,0.58,1.89,0.59,43.0,0.42,1.89,0.41,43.0,0.43,20.0,0.44,17.54,0.01,0.01,2323.729171,1776204306000
1776204308.086,8.086,0.57,20.0,0.56,17.54,0.58,1.89,0.59,43.0,0.42,1.89,0.41,43.0,0.43,20.0,0.44,17.54,0.01,0.01,2323.685657,1776204307000
1776204308.849,8.849,0.56,4.97,0.55,84.06,0.58,11.89,0.59,18.0,0.42,1.89,0.41,43.0,0.43,20.0,0.44,17.54,0.02,0.01,2323.685657,1776204307000
1776204309.093,9.093,0.57,15.0,0.56,14.97,0.58,1.89,0.59,33.0,0.42,11.89,0.41,18.0,0.44,4.97,0.45,84.06,0.01,0.02,2323.685657,1776204307000
1776204309.297,9.297,0.57,15.0,0.56,14.97,0.58,1.89,0.59,33.0,0.42,1.89,0.41,33.0,0.43,15.0,0.44,14.97,0.01,0.01,2323.766467,1776204308000
1776204309.762,9.762,0.57,98.0,0.56,14.97,0.58,16.5,0.59,28.0,0.42,1.89,0.41,33.0,0.43,15.0,0.44,14.97,0.01,0.01,2323.766467,1776204308000
1776204310.273,10.273,0.56,4.97,0.55,59.06,0.58,25.5,0.59,42.86,0.41,2.86,0.4,15.0,0.43,98.0,0.44,14.97,0.02,0.02,2323.766467,1776204308000
1776204310.701,10.701,0.55,41.08,0.54,90.5,0.56,50.0,0.57,60.0,0.41,18.84,0.4,36.0,0.44,9.97,0.45,64.06,0.01,0.03,2323.766467,1776204308000
1776204310.971,10.971,0.55,36.08,0.54,90.5,0.56,44.64,0.57,60.0,0.44,50.0,0.43,60.0,0.45,31.08,0.46,90.5,0.01,0.01,2323.66453,1776204309000
1776204311.373,11.373,0.55,36.08,0.54,90.5,0.56,44.64,0.57,60.0,0.44,44.64,0.43,60.0,0.45,36.08,0.46,90.5,0.01,0.01,2323.778969,1776204310000
1776204311.972,11.972,0.55,36.08,0.54,90.5,0.56,44.64,0.57,60.0,0.44,44.64,0.43,60.0,0.45,36.08,0.46,90.5,0.01,0.01,2323.778969,1776204311000
1776204312.217,12.217,0.55,7.55,0.54,95.5,0.56,84.64,0.57,55.5,0.44,79.64,0.43,65.5,0.45,12.55,0.46,95.5,0.01,0.01,2323.778969,1776204311000
1776204312.491,12.491,0.54,110.5,0.53,153.5,0.56,79.64,0.57,55.5,0.44,84.64,0.43,55.5,0.45,7.55,0.46,95.5,0.02,0.01,2323.778969,1776204311000
1776204313.159,13.159,0.54,110.5,0.53,153.5,0.56,79.64,0.57,55.5,0.44,79.64,0.43,55.5,0.46,110.5,0.47,153.5,0.02,0.02,2323.67375,1776204312000
1776204313.676,13.676,0.54,115.5,0.53,153.5,0.56,39.91,0.57,18.0,0.44,79.64,0.43,55.5,0.46,110.5,0.47,153.5,0.02,0.02,2323.67375,1776204312000
1776204314.321,14.321,0.54,115.5,0.53,153.5,0.56,39.91,0.57,18.0,0.44,39.91,0.43,18.0,0.46,115.5,0.47,153.5,0.02,0.02,2323.575819,1776204313000
1776204314.543,14.543,0.57,123.5,0.56,40.5,0.63,42.74,0.64,45.0,0.44,39.91,0.43,18.0,0.46,115.5,0.47,153.5,0.06,0.02,2323.575819,1776204313000
1776204314.855,14.855,0.62,12.1,0.61,35.5,0.63,6.0,0.64,28.0,0.37,6.0,0.36,28.0,0.38,12.1,0.39,35.5,0.01,0.01,2323.57946,1776204314000
1776204315.191,15.191,0.63,14.28,0.62,22.6,0.64,25.42,0.65,19.0,0.36,3.0,0.35,99.5,0.37,3.78,0.38,22.1,0.01,0.01,2323.57946,1776204314000
1776204315.714,15.714,0.63,29.28,0.62,95.6,0.65,4.0,0.67,10.5,0.36,25.42,0.35,19.0,0.37,14.28,0.38,22.6,0.02,0.01,2323.57946,1776204314000
1776204315.989,15.989,0.64,15.0,0.63,34.28,0.65,9.96,0.67,10.5,0.35,9.96,0.33,10.5,0.36,15.0,0.37,34.28,0.01,0.01,2323.68807,1776204315000
1776204316.535,16.535,0.64,23.89,0.63,29.28,0.65,27.96,0.66,18.0,0.35,9.96,0.33,10.5,0.36,15.0,0.37,34.28,0.01,0.01,2323.68807,1776204315000
1776204317.097,17.097,0.64,23.89,0.63,29.28,0.65,27.96,0.66,18.0,0.35,27.96,0.34,18.0,0.36,23.89,0.37,29.28,0.01,0.01,2324.074702,1776204316000
1776204317.494,17.494,0.64,54.39,0.63,29.28,0.65,16.0,0.66,18.0,0.35,27.96,0.34,18.0,0.36,23.89,0.37,29.28,0.01,0.01,2324.074702,1776204316000
1776204317.802,17.802,0.64,54.39,0.63,29.28,0.65,14.89,0.66,18.0,0.35,16.0,0.34,18.0,0.36,54.39,0.37,29.28,0.01,0.01,2324.074702,1776204316000
1776204318.148,18.148,0.64,54.39,0.63,29.28,0.65,14.89,0.66,18.0,0.35,14.89,0.34,18.0,0.36,54.39,0.37,29.28,0.01,0.01,2324.27688,1776204317000
1776204318.839,18.839,0.65,38.78,0.64,74.39,0.66,15.0,0.69,10.5,0.35,14.89,0.34,18.0,0.36,54.39,0.37,29.28,0.01,0.01,2324.27688,1776204317000
1776204319.044,19.044,0.65,33.78,0.64,74.39,0.66,1.0,0.67,13.0,0.34,12.0,0.33,13.0,0.35,33.78,0.36,74.39,0.01,0.01,2324.27688,1776204317000
1776204319.296,19.296,0.66,10.0,0.65,33.78,0.67,13.0,0.68,13.0,0.33,13.0,0.32,13.0,0.34,10.0,0.35,33.78,0.01,0.01,2324.21283,1776204318000
1776204319.586,19.586,0.66,40.5,0.65,25.5,0.68,9.0,0.7,143.5,0.33,1.0,0.32,18.0,0.34,60.5,0.35,33.78,0.02,0.01,2324.21283,1776204318000
1776204320.034,20.034,0.69,4.83,0.68,15.0,0.7,210.5,0.71,138.0,0.3,137.5,0.29,191.0,0.33,10.0,0.34,40.5,0.01,0.03,2324.21283,1776204318000
1776204320.339,20.339,0.68,10.0,0.67,15.0,0.69,34.0,0.7,217.5,0.3,247.5,0.29,138.0,0.33,15.0,0.34,25.0,0.01,0.03,2324.21283,1776204318000
1776204320.813,20.813,0.68,15.0,0.67,30.5,0.69,25.65,0.7,149.0,0.31,22.25,0.3,217.5,0.32,10.0,0.33,20.0,0.01,0.01,2324.217039,1776204319000
1776204321.084,21.084,0.68,15.0,0.67,30.5,0.69,24.85,0.7,139.0,0.31,21.3,0.3,149.0,0.32,10.0,0.33,30.5,0.01,0.01,2324.361,1776204320000
1776204321.682,21.682,0.68,15.0,0.67,25.0,0.69,39.53,0.7,134.0,0.31,23.4,0.3,134.0,0.32,20.0,0.33,35.5,0.01,0.01,2324.361,1776204320000
1776204321.901,21.901,0.68,15.0,0.67,25.0,0.69,29.53,0.7,134.0,0.31,39.53,0.3,134.0,0.32,15.0,0.33,25.0,0.01,0.01,2324.361,1776204320000
1776204323.338,23.338,0.68,10.0,0.67,35.5,0.69,99.13,0.7,134.0,0.31,27.42,0.3,134.0,0.32,15.0,0.33,25.0,0.01,0.01,2324.361,1776204320000
1776204323.552,23.552,0.68,10.0,0.67,35.5,0.69,94.13,0.7,134.0,0.31,99.13,0.3,134.0,0.32,10.0,0.33,35.5,0.01,0.01,2324.361,1776204320000
1776204324.15,24.15,0.68,10.0,0.67,35.5,0.69,94.13,0.7,134.0,0.31,94.13,0.3,134.0,0.32,10.0,0.33,35.5,0.01,0.01,2324.38748,1776204323000
1776204324.362,24.362,0.69,10.0,0.68,40.5,0.7,11.13,0.71,30.14,0.3,38.13,0.29,45.14,0.32,35.5,0.33,75.5,0.01,0.02,2324.38748,1776204323000
1776204324.632,24.632,0.71,23.0,0.7,83.5,0.73,16.0,0.74,20.36,0.28,4.23,0.27,16.0,0.3,63.0,0.31,58.5,0.02,0.02,2324.38748,1776204323000
1776204325.137,25.137,0.73,83.5,0.72,43.5,0.74,20.36,0.75,16.0,0.27,16.0,0.26,20.36,0.29,23.0,0.3,83.5,0.01,0.02,2324.38748,1776204323000
1776204325.661,25.661,0.73,91.5,0.72,43.5,0.75,59.62,0.76,147.0,0.26,16.78,0.25,26.0,0.27,88.5,0.28,35.5,0.02,0.01,2324.38748,1776204323000
1776204325.955,25.955,0.72,15.0,0.71,15.0,0.75,193.5,0.76,177.5,0.25,46.03,0.24,152.5,0.26,15.84,0.27,73.0,0.03,0.01,2324.40179,1776204324000
1776204326.157,26.157,0.73,2.4,0.72,15.0,0.74,2.25,0.75,105.5,0.26,2.25,0.25,105.5,0.27,10.0,0.28,15.0,0.01,0.01,2324.40179,1776204324000
1776204326.397,26.397,0.73,1.47,0.72,15.0,0.74,30.0,0.75,135.5,0.25,135.5,0.24,178.5,0.27,1.47,0.28,15.0,0.01,0.02,2324.406221,1776204325000
1776204326.683,26.683,0.73,6.47,0.72,15.0,0.74,22.0,0.75,130.5,0.26,20.0,0.25,130.5,0.27,1.47,0.28,15.0,0.01,0.01,2324.406221,1776204325000
1776204327.008,27.008,0.73,25.0,0.72,5.23,0.74,2.0,0.75,120.0,0.26,12.0,0.25,130.5,0.28,0.23,0.29,15.0,0.01,0.02,2324.406221,1776204325000
1776204327.441,27.441,0.74,39.34,0.73,95.68,0.75,10.0,0.76,120.0,0.26,0.51,0.25,120.0,0.27,25.0,0.28,5.23,0.01,0.01,2324.406221,1776204325000
1776204327.711,27.711,0.74,48.5,0.73,45.68,0.76,117.0,0.77,75.0,0.25,7.0,0.24,120.0,0.26,43.5,0.27,45.68,0.02,0.01,2324.406221,1776204325000
1776204327.98,27.98,0.75,20.0,0.74,35.5,0.76,84.22,0.77,75.0,0.24,75.54,0.23,75.0,0.25,20.0,0.26,35.5,0.01,0.01,2324.406221,1776204325000
1776204329.086,29.086,0.75,30.0,0.74,35.5,0.76,127.35,0.77,75.0,0.24,74.35,0.23,75.0,0.25,20.0,0.26,35.5,0.01,0.01,2324.847836,1776204327000
1776204329.354,29.354,0.75,20.0,0.74,30.5,0.76,107.35,0.77,75.0,0.24,127.35,0.23,75.0,0.25,30.0,0.26,35.5,0.01,0.01,2324.767746,1776204328000
1776204329.653,29.653,0.75,10.0,0.74,20.0,0.76,116.03,0.77,90.0,0.24,112.35,0.23,75.0,0.26,30.5,0.27,40.68,0.01,0.02,2324.767746,1776204328000
1776204330.278,30.278,0.75,45.0,0.74,30.5,0.76,101.03,0.77,90.0,0.24,116.03,0.23,90.0,0.25,10.0,0.26,20.0,0.01,0.01,2324.767746,1776204328000
1776204330.495,30.495,0.75,45.0,0.74,30.5,0.76,101.03,0.77,90.0,0.24,101.03,0.23,90.0,0.25,45.0,0.26,30.5,0.01,0.01,2324.917325,1776204329000
1776204330.852,30.852,0.74,30.5,0.73,25.5,0.76,106.03,0.77,106.0,0.24,101.03,0.23,90.0,0.25,45.0,0.26,30.5,0.02,0.01,2324.917325,1776204329000
1776204331.055,31.055,0.75,35.0,0.74,30.5,0.76,91.09,0.77,106.0,0.24,106.03,0.23,106.0,0.26,30.5,0.27,25.5,0.01,0.02,2324.917325,1776204329000
1776204331.478,31.478,0.75,35.0,0.74,30.5,0.76,92.89,0.77,106.0,0.24,91.09,0.23,106.0,0.25,35.0,0.26,30.5,0.01,0.01,2324.94276,1776204330000
1776204331.698,31.698,0.75,45.0,0.74,30.5,0.76,74.89,0.77,106.0,0.24,77.89,0.23,106.0,0.26,30.5,0.27,25.5,0.01,0.02,2324.94276,1776204330000
1776204332.013,32.013,0.75,10.0,0.74,30.5,0.76,74.89,0.77,110.0,0.24,74.89,0.23,106.0,0.25,45.0,0.26,30.5,0.01,0.01,2324.94276,1776204330000
1776204333.084,33.084,0.73,153.5,0.72,93.5,0.74,2.72,0.77,110.0,0.24,73.56,0.23,120.0,0.25,10.0,0.26,30.5,0.01,0.01,2324.94276,1776204330000
1776204333.371,33.371,0.76,60.5,0.75,25.5,0.77,105.4,0.78,70.0,0.23,110.0,0.22,75.0,0.27,123.5,0.28,63.5,0.01,0.04,2324.939995,1776204331000
1776204333.642,33.642,0.76,60.5,0.75,25.5,0.77,105.4,0.78,70.0,0.23,105.4,0.22,70.0,0.24,60.5,0.25,25.5,0.01,0.01,2324.940045,1776204332000
1776204334.27,34.27,0.76,100.91,0.75,25.5,0.77,120.67,0.78,133.0,0.23,105.4,0.22,70.0,0.24,60.5,0.25,25.5,0.01,0.01,2324.940045,1776204332000
1776204334.488,34.488,0.76,100.91,0.75,25.5,0.77,65.74,0.78,133.0,0.23,71.74,0.22,133.0,0.24,95.91,0.25,25.5,0.01,0.01,2324.943825,1776204333000
1776204335.106,35.106,0.76,90.32,0.75,25.5,0.77,65.74,0.78,75.0,0.23,65.74,0.22,75.0,0.24,90.32,0.25,25.5,0.01,0.01,2325.044761,1776204334000
1776204335.499,35.499,0.76,44.25,0.75,25.5,0.77,118.74,0.78,75.0,0.23,113.74,0.22,75.0,0.24,59.25,0.25,25.5,0.01,0.01,2325.044761,1776204334000
1776204336.366,36.366,0.76,44.25,0.75,25.5,0.77,118.74,0.78,75.0,0.23,118.74,0.22,75.0,0.24,44.25,0.25,25.5,0.01,0.01,2325.082808,1776204335000
1776204336.807,36.807,0.76,49.25,0.75,25.5,0.77,81.79,0.78,85.0,0.23,118.74,0.22,75.0,0.24,44.25,0.25,25.5,0.01,0.01,2325.082808,1776204335000
1776204337.086,37.086,0.76,39.25,0.75,25.5,0.77,76.79,0.78,85.0,0.23,76.79,0.22,85.0,0.24,39.25,0.25,25.5,0.01,0.01,2325.009356,1776204336000
1776204337.519,37.519,0.76,23.75,0.75,25.5,0.79,18.89,0.8,35.5,0.23,76.79,0.22,85.0,0.24,39.25,0.25,25.5,0.03,0.01,2325.009356,1776204336000
1776204337.963,37.963,0.78,35.0,0.77,20.0,0.79,37.62,0.8,25.0,0.21,18.89,0.2,35.5,0.24,23.75,0.25,25.5,0.01,0.03,2325.009356,1776204336000
1776204338.366,38.366,0.77,18.47,0.76,25.5,0.79,100.62,0.8,25.0,0.21,100.62,0.2,25.0,0.23,18.47,0.24,25.5,0.02,0.02,2324.99685,1776204337000
1776204338.576,38.576,0.78,9.09,0.77,18.47,0.79,105.62,0.8,40.55,0.21,100.62,0.2,25.0,0.23,18.47,0.24,25.5,0.01,0.02,2324.99685,1776204337000
1776204339.06,39.06,0.77,18.47,0.76,20.0,0.79,105.62,0.8,40.55,0.21,105.62,0.2,40.55,0.23,18.47,0.24,20.0,0.02,0.02,2324.997895,1776204338000
1776204339.625,39.625,0.78,20.0,0.77,23.47,0.79,90.62,0.8,30.05,0.21,105.62,0.2,40.55,0.23,18.47,0.24,20.0,0.01,0.02,2324.997895,1776204338000
1776204340.102,40.102,0.78,20.0,0.77,23.47,0.79,83.72,0.8,25.0,0.21,90.62,0.2,30.05,0.22,20.0,0.23,23.47,0.01,0.01,2324.997895,1776204338000
1776204340.339,40.339,0.78,10.0,0.77,23.47,0.79,83.72,0.8,25.0,0.21,83.72,0.2,25.0,0.22,20.0,0.23,23.47,0.01,0.01,2324.997895,1776204338000
1776204340.595,40.595,0.77,23.47,0.76,25.5,0.79,78.72,0.8,25.0,0.21,83.72,0.2,25.0,0.22,10.0,0.23,23.47,0.02,0.01,2324.98754,1776204339000
1776204341.064,41.064,0.73,13.98,0.72,30.5,0.75,26.0,0.76,29.0,0.21,78.72,0.2,25.0,0.23,23.47,0.24,25.5,0.02,0.02,2324.98754,1776204339000
1776204342.184,42.184,0.73,13.98,0.72,30.5,0.75,26.0,0.76,29.0,0.25,26.0,0.24,29.0,0.27,13.98,0.28,30.5,0.02,0.02,2324.98994,1776204341000
1776204342.435,42.435,0.77,15.0,0.76,30.5,0.79,25.0,0.8,105.5,0.25,26.0,0.24,29.0,0.27,13.98,0.28,30.5,0.02,0.02,2324.98994,1776204341000
1776204343.232,43.232,0.77,15.0,0.76,30.5,0.79,25.0,0.8,105.5,0.21,25.0,0.2,105.5,0.23,15.0,0.24,30.5,0.02,0.02,2324.908386,1776204342000
1776204344.229,44.229,0.77,75.5,0.76,35.5,0.78,9.07,0.79,114.7,0.22,9.07,0.21,114.7,0.23,75.5,0.24,35.5,0.01,0.01,2325.06104,1776204343000
1776204345.243,45.243,0.77,70.5,0.76,93.5,0.79,94.7,0.8,47.5,0.21,94.7,0.2,47.5,0.23,70.5,0.24,93.5,0.02,0.02,2325.104229,1776204344000
1776204345.467,45.467,0.78,30.86,0.77,128.5,0.79,17.46,0.8,83.0,0.21,15.0,0.2,47.5,0.22,35.86,0.23,70.5,0.01,0.01,2325.104229,1776204344000
1776204346.218,46.218,0.79,10.0,0.78,35.86,0.8,63.76,0.81,117.03,0.2,63.76,0.19,117.03,0.21,10.0,0.22,35.86,0.01,0.01,2325.110071,1776204345000
1776204346.689,46.689,0.79,50.5,0.78,30.86,0.8,91.31,0.81,132.34,0.2,63.76,0.19,117.03,0.21,10.0,0.22,35.86,0.01,0.01,2325.110071,1776204345000
1776204347.217,47.217,0.79,45.5,0.78,30.86,0.8,39.43,0.81,122.34,0.2,74.43,0.19,132.34,0.21,50.5,0.22,30.86,0.01,0.01,2325.110071,1776204345000
1776204347.736,47.736,0.79,25.0,0.78,30.86,0.8,39.43,0.81,122.34,0.2,39.43,0.19,122.34,0.21,45.5,0.22,30.86,0.01,0.01,2325.212089,1776204346000
1776204348.13,48.13,0.79,25.0,0.78,30.86,0.8,29.65,0.81,122.34,0.2,41.39,0.19,122.34,0.21,25.0,0.22,30.86,0.01,0.01,2325.212089,1776204346000
1776204348.877,48.877,0.79,40.5,0.78,30.86,0.8,10.05,0.81,180.34,0.2,29.65,0.19,122.34,0.21,25.0,0.22,30.86,0.01,0.01,2325.236712,1776204347000
1776204349.174,49.174,0.79,40.5,0.78,30.86,0.8,0.05,0.81,180.34,0.2,10.05,0.19,180.34,0.21,40.5,0.22,30.86,0.01,0.01,2325.236712,1776204347000
1776204349.603,49.603,0.8,20.0,0.79,30.5,0.81,179.1,0.82,55.01,0.2,0.05,0.19,180.34,0.21,40.5,0.22,30.86,0.01,0.01,2325.226887,1776204348000
1776204350.012,50.012,0.8,20.0,0.79,30.5,0.81,167.24,0.82,65.01,0.19,179.1,0.18,55.01,0.2,20.0,0.21,30.5,0.01,0.01,2325.226887,1776204348000
1776204350.347,50.347,0.8,20.0,0.79,30.5,0.81,161.0,0.82,65.01,0.19,161.0,0.18,65.01,0.2,20.0,0.21,30.5,0.01,0.01,2325.251547,1776204349000
1776204350.763,50.763,0.77,10.0,0.76,63.0,0.78,6.61,0.79,10.0,0.19,161.0,0.18,65.01,0.2,20.0,0.21,30.5,0.01,0.01,2325.251547,1776204349000
1776204351.286,51.286,0.76,3.12,0.75,15.5,0.77,56.25,0.78,110.61,0.22,42.61,0.21,35.0,0.24,3.12,0.25,15.5,0.01,0.02,2325.251547,1776204349000
1776204351.494,51.494,0.76,3.12,0.74,15.5,0.77,85.95,0.78,52.61,0.23,85.95,0.22,52.61,0.24,3.12,0.26,15.5,0.01,0.01,2325.257838,1776204350000
1776204351.784,51.784,0.74,15.5,0.73,15.0,0.75,18.66,0.76,10.0,0.23,153.95,0.22,52.61,0.26,15.5,0.27,15.0,0.01,0.03,2325.257838,1776204350000
1776204352.282,52.282,0.74,98.5,0.73,15.0,0.76,11.77,0.77,98.77,0.25,18.66,0.24,10.0,0.26,15.5,0.27,15.0,0.02,0.01,2325.257838,1776204350000
1776204353.296,53.296,0.74,15.0,0.72,15.0,0.75,1.86,0.76,71.5,0.24,11.77,0.23,98.77,0.26,98.5,0.27,15.0,0.01,0.02,2325.255676,1776204351000
1776204353.599,53.599,0.72,87.64,0.71,39.48,0.73,10.0,0.74,43.0,0.25,56.0,0.24,61.0,0.28,25.5,0.29,97.48,0.01,0.03,2325.133251,1776204352000
1776204353.879,53.879,0.73,20.0,0.72,102.64,0.74,22.86,0.75,25.0,0.27,10.0,0.26,43.0,0.28,87.64,0.29,39.48,0.01,0.01,2325.133251,1776204352000
1776204354.83,54.83,0.75,133.5,0.74,35.5,0.76,7.13,0.78,20.0,0.26,22.86,0.25,25.0,0.27,20.0,0.28,102.64,0.01,0.01,2325.133251,1776204353000
1776204355.3,55.3,0.74,5.0,0.73,35.5,0.76,27.13,0.77,15.0,0.24,7.13,0.22,20.0,0.25,133.5,0.26,35.5,0.02,0.01,2325.133251,1776204353000
1776204355.731,55.731,0.74,25.0,0.73,25.5,0.75,11.86,0.76,40.13,0.25,11.86,0.24,40.13,0.26,25.0,0.27,25.5,0.01,0.01,2324.891406,1776204354000
1776204356.258,56.258,0.75,5.0,0.74,30.5,0.76,96.81,0.77,15.0,0.24,96.81,0.23,15.0,0.25,5.0,0.26,30.5,0.01,0.01,2324.844636,1776204355000
1776204356.568,56.568,0.74,25.5,0.73,25.5,0.76,33.81,0.77,83.13,0.24,96.81,0.23,15.0,0.25,5.0,0.26,30.5,0.02,0.01,2324.844636,1776204355000
1776204356.939,56.939,0.74,25.5,0.73,25.5,0.76,20.7,0.77,83.13,0.24,20.7,0.23,83.13,0.26,25.5,0.27,25.5,0.02,0.02,2324.901364,1776204356000
1776204357.296,57.296,0.74,20.0,0.73,30.5,0.76,5.7,0.77,83.13,0.24,20.7,0.23,83.13,0.26,25.5,0.27,25.5,0.02,0.02,2324.901364,1776204356000
1776204358.131,58.131,0.74,20.0,0.73,30.5,0.76,5.7,0.77,83.13,0.24,5.7,0.23,83.13,0.26,20.0,0.27,30.5,0.02,0.02,2324.902732,1776204357000
1776204359.297,59.297,0.72,137.64,0.71,54.48,0.73,3.0,0.74,18.0,0.24,5.7,0.23,83.13,0.26,20.0,0.27,30.5,0.01,0.02,2324.902732,1776204357000
1776204359.882,59.882,0.72,142.64,0.71,54.48,0.74,9.89,0.75,15.0,0.27,0.98,0.26,18.0,0.28,137.64,0.29,54.48,0.02,0.01,2324.895268,1776204358000
1776204360.351,60.351,0.73,75.5,0.72,137.64,0.76,34.89,0.77,63.43,0.26,9.89,0.25,15.0,0.28,142.64,0.29,54.48,0.03,0.02,2324.895268,1776204358000
1776204360.882,60.882,0.75,11.2,0.74,25.0,0.76,29.7,0.77,123.43,0.24,24.7,0.23,113.43,0.25,10.6,0.26,25.0,0.01,0.01,2324.702268,1776204359000
1776204361.247,61.247,0.75,52.47,0.74,20.0,0.76,29.7,0.77,128.43,0.24,29.7,0.23,128.43,0.25,46.87,0.26,20.0,0.01,0.01,2324.74867,1776204360000
1776204361.665,61.665,0.75,71.47,0.74,20.0,0.76,29.7,0.77,118.3,0.24,29.7,0.23,128.43,0.25,52.47,0.26,20.0,0.01,0.01,2324.74867,1776204360000
1776204361.897,61.897,0.75,71.47,0.74,20.0,0.76,19.7,0.77,118.3,0.24,29.7,0.23,118.3,0.25,71.47,0.26,20.0,0.01,0.01,2324.74867,1776204360000
1776204362.217,62.217,0.75,61.47,0.74,20.0,0.76,19.7,0.77,118.3,0.24,19.7,0.23,118.3,0.25,71.47,0.26,20.0,0.01,0.01,2324.74867,1776204360000
1776204362.698,62.698,0.74,5.0,0.73,46.0,0.76,48.12,0.77,88.8,0.24,7.62,0.23,118.3,0.25,66.47,0.26,25.0,0.02,0.01,2324.747507,1776204361000
1776204363.095,63.095,0.72,2.71,0.71,15.5,0.73,57.0,0.74,58.0,0.27,7.0,0.26,38.0,0.28,9.14,0.29,29.48,0.01,0.01,2324.747507,1776204361000
1776204363.46,63.46,0.72,2.71,0.7,5.0,0.73,32.43,0.74,68.5,0.27,32.43,0.26,68.5,0.28,2.71,0.3,5.0,0.01,0.01,2324.827174,1776204362000
1776204363.735,63.735,0.69,23.5,0.68,118.0,0.7,0.94,0.71,20.0,0.3,11.52,0.29,20.0,0.31,13.5,0.32,113.0,0.01,0.01,2324.827174,1776204362000
1776204363.937,63.937,0.69,38.5,0.68,88.0,0.71,16.54,0.72,73.0,0.29,19.54,0.28,73.0,0.31,28.5,0.32,118.0,0.02,0.02,2324.827174,1776204362000
1776204364.311,64.311,0.7,7.16,0.69,34.95,0.71,21.54,0.72,73.0,0.29,16.54,0.28,73.0,0.31,34.95,0.32,88.0,0.01,0.02,2324.825714,1776204363000
1776204364.894,64.894,0.7,12.16,0.69,34.95,0.71,6.54,0.72,73.0,0.29,21.54,0.28,73.0,0.3,7.16,0.31,34.95,0.01,0.01,2324.825714,1776204363000
1776204365.105,65.105,0.7,12.16,0.69,34.95,0.71,6.54,0.72,73.0,0.29,6.54,0.28,73.0,0.3,12.16,0.31,34.95,0.01,0.01,2324.833011,1776204364000
1776204365.484,65.484,0.7,20.0,0.69,18.5,0.71,11.54,0.72,83.0,0.29,6.54,0.28,73.0,0.3,12.16,0.31,34.95,0.01,0.01,2324.833011,1776204364000
1776204365.787,65.787,0.68,14.5,0.67,20.5,0.69,32.0,0.7,15.0,0.29,4.54,0.28,83.0,0.32,25.5,0.33,20.5,0.01,0.03,2324.833011,1776204364000
1776204366.288,66.288,0.71,12.55,0.7,31.71,0.72,10.0,0.73,30.3,0.31,13.76,0.3,15.0,0.32,14.5,0.33,20.5,0.01,0.01,2324.833011,1776204364000
1776204366.628,66.628,0.74,22.3,0.73,44.5,0.75,29.77,0.76,7.62,0.27,14.6,0.26,31.7,0.29,17.55,0.3,36.71,0.01,0.02,2324.560055,1776204365000
1776204366.941,66.941,0.74,122.52,0.73,44.5,0.75,39.77,0.76,7.62,0.25,29.77,0.24,7.62,0.26,18.26,0.27,44.5,0.01,0.01,2324.560055,1776204365000
1776204367.409,67.409,0.74,122.52,0.73,44.5,0.75,39.77,0.76,7.62,0.25,39.77,0.24,7.62,0.26,122.52,0.27,44.5,0.01,0.01,2324.536686,1776204366000
1776204367.812,67.812,0.77,21.71,0.76,17.37,0.78,5.01,0.79,8.0,0.22,5.01,0.2,22.5,0.23,10.0,0.24,4.37,0.01,0.01,2324.536686,1776204366000
1776204368.069,68.069,0.77,21.71,0.76,17.37,0.78,3.59,0.81,92.69,0.22,3.59,0.19,92.69,0.23,21.71,0.24,17.37,0.01,0.01,2324.506043,1776204367000
1776204368.311,68.311,0.77,25.39,0.76,17.37,0.78,18.59,0.79,5.0,0.22,18.59,0.19,92.69,0.23,20.18,0.24,10.37,0.01,0.01,2324.506043,1776204367000
1776204368.838,68.838,0.77,120.39,0.76,20.37,0.81,64.29,0.82,68.0,0.22,17.17,0.21,5.0,0.23,20.39,0.24,17.37,0.04,0.01,2324.506043,1776204367000
1776204369.297,69.297,0.77,120.39,0.76,20.37,0.81,64.29,0.82,68.0,0.19,64.29,0.18,68.0,0.23,120.39,0.24,20.37,0.04,0.04,2324.775944,1776204368000
1776204369.747,69.747,0.8,6.0,0.79,6.0,0.81,134.62,0.82,36.11,0.19,64.29,0.18,68.0,0.23,120.39,0.24,20.37,0.01,0.04,2324.775944,1776204368000
1776204370.209,70.209,0.76,10.5,0.75,85.5,0.78,17.82,0.79,103.0,0.2,60.05,0.19,178.12,0.23,9.56,0.24,85.5,0.02,0.03,2324.775944,1776204368000
1776204370.778,70.778,0.76,10.5,0.75,85.5,0.78,17.82,0.79,103.0,0.22,17.82,0.21,103.0,0.24,10.5,0.25,85.5,0.02,0.02,2325.067208,1776204369000
1776204371.242,71.242,0.75,15.1,0.74,20.0,0.76,53.68,0.77,92.0,0.24,14.73,0.23,92.0,0.25,20.1,0.26,68.0,0.01,0.01,2325.067208,1776204369000
1776204371.717,71.717,0.75,143.6,0.74,48.2,0.77,14.0,0.8,15.0,0.24,53.68,0.23,92.0,0.25,15.1,0.26,20.0,0.02,0.01,2325.126915,1776204370000
1776204371.955,71.955,0.75,143.6,0.74,48.2,0.77,14.0,0.8,15.0,0.23,14.0,0.2,15.0,0.25,143.6,0.26,48.2,0.02,0.02,2325.093909,1776204371000
1776204373.019,73.019,0.75,143.6,0.74,48.2,0.77,14.0,0.8,15.0,0.23,14.0,0.2,15.0,0.25,143.6,0.26,48.2,0.02,0.02,2324.908085,1776204372000
1776204373.481,73.481,0.79,20.0,0.78,25.5,0.8,78.03,0.81,75.02,0.2,42.48,0.19,74.71,0.24,123.5,0.25,75.6,0.01,0.04,2324.908085,1776204372000
1776204374.123,74.123,0.79,19.76,0.78,25.5,0.8,67.9,0.81,80.02,0.2,67.9,0.19,75.02,0.21,25.0,0.22,25.5,0.01,0.01,2324.908085,1776204372000
1776204375.221,75.221,0.8,14.75,0.79,40.26,0.81,119.31,0.82,34.4,0.2,67.9,0.19,80.02,0.21,19.76,0.22,25.5,0.01,0.01,2324.957148,1776204373000
1776204376.014,76.014,0.8,14.75,0.79,40.26,0.81,119.31,0.82,34.4,0.19,119.31,0.18,34.4,0.2,14.75,0.21,40.26,0.01,0.01,2325.024605,1776204375000
1776204376.328,76.328,0.8,75.25,0.79,98.26,0.81,32.52,0.82,98.01,0.19,119.31,0.18,34.4,0.2,14.75,0.21,40.26,0.01,0.01,2325.024605,1776204375000
1776204376.779,76.779,0.8,75.25,0.79,98.26,0.81,22.52,0.82,98.01,0.19,32.52,0.18,98.01,0.2,75.25,0.21,98.26,0.01,0.01,2325.024605,1776204375000
1776204377.114,77.114,0.8,75.25,0.79,98.26,0.81,22.52,0.82,98.01,0.19,22.52,0.18,98.01,0.2,75.25,0.21,98.26,0.01,0.01,2325.053825,1776204376000
1776204377.884,77.884,0.8,75.25,0.79,98.26,0.81,17.52,0.82,98.01,0.19,27.52,0.18,98.01,0.2,75.25,0.21,98.26,0.01,0.01,2325.053825,1776204376000
1776204378.344,78.344,0.8,75.25,0.79,98.26,0.81,17.52,0.82,98.01,0.19,17.52,0.18,98.01,0.2,75.25,0.21,98.26,0.01,0.01,2325.287077,1776204377000
1776204378.637,78.637,0.8,70.25,0.79,40.26,0.81,13.76,0.82,98.01,0.19,17.52,0.18,98.01,0.2,75.25,0.21,98.26,0.01,0.01,2325.287077,1776204377000
1776204379.322,79.322,0.8,9.75,0.79,25.26,0.81,19.07,0.82,98.01,0.19,13.76,0.18,98.01,0.2,70.25,0.21,40.26,0.01,0.01,2325.287077,1776204377000
1776204379.625,79.625,0.8,9.75,0.79,25.26,0.82,102.98,0.83,86.28,0.19,14.07,0.18,103.01,0.2,9.75,0.21,25.26,0.02,0.01,2325.115622,1776204378000
1776204379.979,79.979,0.8,9.75,0.79,25.26,0.82,102.98,0.83,86.28,0.18,102.98,0.17,86.28,0.2,9.75,0.21,25.26,0.02,0.02,2325.117422,1776204379000
1776204381.077,81.077,0.8,9.75,0.79,25.26,0.82,102.98,0.83,86.28,0.18,102.98,0.17,86.28,0.2,9.75,0.21,25.26,0.02,0.02,2325.102244,1776204380000
1776204381.454,81.454,0.81,25.04,0.8,25.25,0.82,78.58,0.83,107.22,0.18,102.98,0.17,86.28,0.2,9.75,0.21,25.26,0.01,0.02,2325.102244,1776204380000
1776204381.821,81.821,0.81,25.04,0.8,25.25,0.82,68.58,0.83,107.22,0.18,78.58,0.17,107.22,0.19,25.04,0.2,25.25,0.01,0.01,2325.102244,1776204380000
1776204382.319,82.319,0.81,25.04,0.8,25.25,0.82,68.58,0.83,107.22,0.18,68.58,0.17,107.22,0.19,25.04,0.2,25.25,0.01,0.01,2325.14238,1776204381000
1776204382.912,82.912,0.81,23.87,0.8,25.25,0.82,34.11,0.83,117.22,0.18,58.19,0.17,107.22,0.19,23.87,0.2,25.25,0.01,0.01,2325.14238,1776204381000
1776204383.418,83.418,0.81,23.87,0.8,25.25,0.82,34.11,0.83,117.22,0.18,34.11,0.17,117.22,0.19,23.87,0.2,25.25,0.01,0.01,2325.214612,1776204382000
1776204383.919,83.919,0.81,23.87,0.8,83.25,0.83,97.22,0.84,51.8,0.17,97.22,0.16,51.8,0.19,23.87,0.2,83.25,0.02,0.02,2325.08944,1776204383000
1776204385.476,85.476,0.82,20.0,0.81,74.37,0.83,65.03,0.84,89.8,0.17,97.22,0.16,51.8,0.19,13.87,0.2,88.25,0.01,0.02,2325.08944,1776204383000
1776204385.681,85.681,0.82,20.0,0.81,74.37,0.83,65.03,0.84,89.8,0.17,65.03,0.16,89.8,0.18,20.0,0.19,74.37,0.01,0.01,2325.113135,1776204384000
1776204385.971,85.971,0.82,24.94,0.81,44.37,0.83,50.39,0.84,63.0,0.17,44.45,0.16,63.0,0.18,30.5,0.19,44.37,0.01,0.01,2325.113135,1776204384000
1776204386.173,86.173,0.82,29.94,0.81,44.37,0.83,45.39,0.84,63.0,0.17,45.39,0.16,63.0,0.18,29.94,0.19,44.37,0.01,0.01,2325.147399,1776204385000
1776204386.634,86.634,0.82,29.94,0.81,39.37,0.83,6.34,0.84,73.0,0.17,26.34,0.16,63.0,0.18,34.94,0.19,39.37,0.01,0.01,2325.147399,1776204385000
1776204387.308,87.308,0.82,18.94,0.81,39.37,0.83,12.28,0.84,73.0,0.17,12.28,0.16,73.0,0.18,18.94,0.19,39.37,0.01,0.01,2325.12117,1776204386000
1776204387.523,87.523,0.82,142.94,0.81,56.37,0.85,10.0,0.87,38.8,0.17,12.28,0.16,73.0,0.18,18.94,0.19,39.37,0.03,0.01,2325.12117,1776204386000
1776204388.309,88.309,0.86,73.07,0.85,25.0,0.87,45.8,0.88,62.1,0.13,45.8,0.12,62.1,0.14,73.07,0.15,25.0,0.01,0.01,2325.23179,1776204387000
1776204389.026,89.026,0.86,81.96,0.85,130.0,0.87,63.56,0.88,54.1,0.13,45.8,0.12,62.1,0.14,73.07,0.15,25.0,0.01,0.01,2325.23179,1776204387000
1776204389.365,89.365,0.86,86.96,0.85,130.0,0.87,53.56,0.88,54.1,0.13,53.56,0.12,54.1,0.14,86.96,0.15,130.0,0.01,0.01,2325.421326,1776204388000
1776204389.602,89.602,0.86,71.39,0.85,188.0,0.87,16.08,0.88,44.1,0.13,36.08,0.12,44.1,0.14,71.39,0.15,130.0,0.01,0.01,2325.421326,1776204388000
1776204389.965,89.965,0.86,61.39,0.85,193.0,0.87,8.02,0.88,20.0,0.13,8.02,0.12,20.0,0.14,71.39,0.15,193.0,0.01,0.01,2325.421326,1776204388000
1776204390.297,90.297,0.86,166.39,0.85,193.0,0.87,2.98,0.88,20.0,0.13,6.87,0.12,20.0,0.14,61.39,0.15,193.0,0.01,0.01,2325.421326,1776204388000
1776204390.839,90.839,0.86,15.5,0.85,20.5,0.87,135.74,0.88,130.0,0.13,12.98,0.12,20.0,0.22,360.77,0.23,176.0,0.01,0.09,2325.56075,1776204389000
1776204391.49,91.49,0.86,15.5,0.85,20.5,0.87,130.74,0.88,130.0,0.13,135.74,0.12,130.0,0.14,15.5,0.15,20.5,0.01,0.01,2325.606705,1776204390000
1776204392.015,92.015,0.86,15.5,0.85,20.5,0.87,130.74,0.88,130.0,0.13,130.74,0.12,130.0,0.14,15.5,0.15,20.5,0.01,0.01,2325.622345,1776204391000
1776204392.718,92.718,0.86,362.5,0.85,37.5,0.87,19.9,0.88,40.0,0.13,130.74,0.12,130.0,0.14,15.5,0.15,20.5,0.01,0.01,2325.622345,1776204391000
1776204392.963,92.963,0.86,392.21,0.85,37.5,0.87,2.69,0.88,38.74,0.13,2.69,0.12,38.74,0.14,391.5,0.15,37.5,0.01,0.01,2325.622345,1776204391000
1776204393.406,93.406,0.88,363.0,0.87,107.0,0.89,108.5,0.9,20.5,0.11,113.5,0.1,20.5,0.12,5.0,0.13,286.29,0.01,0.01,2325.62324,1776204392000
1776204393.778,93.778,0.89,5.81,0.88,417.0,0.9,20.5,0.91,16.0,0.11,20.19,0.1,20.5,0.12,373.0,0.13,117.0,0.01,0.01,2325.62324,1776204392000
1776204393.982,93.982,0.89,5.81,0.88,417.0,0.92,135.0,0.93,250.39,0.08,135.0,0.07,250.39,0.11,5.81,0.12,417.0,0.03,0.03,2325.776267,1776204393000
1776204394.555,94.555,0.91,129.89,0.9,231.0,0.92,371.0,0.93,226.7,0.08,135.0,0.07,250.39,0.11,5.81,0.12,417.0,0.01,0.03,2325.776267,1776204393000
1776204394.791,94.791,0.91,114.05,0.9,226.0,0.92,371.0,0.93,326.7,0.08,371.0,0.07,226.7,0.09,129.89,0.1,231.0,0.01,0.01,2325.776267,1776204393000
1776204395.09,95.09,0.91,80.72,0.9,226.0,0.92,356.74,0.93,351.7,0.08,356.74,0.07,351.7,0.09,80.72,0.1,226.0,0.01,0.01,2326.52652,1776204394000
1776204395.5,95.5,0.91,23.72,0.9,11.0,0.92,384.74,0.93,361.7,0.08,354.74,0.07,351.7,0.09,80.72,0.1,226.0,0.01,0.01,2326.52652,1776204394000
1776204395.882,95.882,0.88,32.0,0.87,227.0,0.91,8.4,0.92,456.9,0.1,3.66,0.09,15.0,0.12,41.0,0.13,205.0,0.03,0.02,2326.52652,1776204394000
1776204396.152,96.152,0.88,32.0,0.87,227.0,0.91,8.4,0.92,456.9,0.09,8.4,0.08,456.9,0.12,32.0,0.13,227.0,0.03,0.03,2326.642962,1776204395000
1776204396.505,96.505,0.89,15.0,0.88,33.7,0.9,191.66,0.91,241.69,0.1,6.66,0.09,183.69,0.11,30.0,0.12,223.7,0.01,0.01,2326.642962,1776204395000
1776204396.75,96.75,0.88,7.7,0.87,37.49,0.89,35.0,0.9,281.62,0.1,188.62,0.09,188.69,0.11,5.0,0.12,38.4,0.01,0.01,2326.642962,1776204395000
1776204397.105,97.105,0.88,12.7,0.87,35.0,0.89,204.88,0.9,45.0,0.11,35.0,0.1,281.62,0.12,7.7,0.13,37.49,0.01,0.01,2326.642962,1776204395000
1776204397.607,97.607,0.88,2.7,0.87,20.0,0.89,267.88,0.9,85.0,0.11,204.88,0.1,45.0,0.12,12.7,0.13,35.0,0.01,0.01,2326.563566,1776204396000
1776204398.243,98.243,0.88,15.0,0.87,10.0,0.89,368.84,0.9,180.0,0.11,267.88,0.1,85.0,0.12,2.7,0.13,20.0,0.01,0.01,2326.563566,1776204396000
1776204398.677,98.677,0.86,21.0,0.85,78.5,0.87,12.0,0.89,389.8,0.11,364.8,0.1,180.0,0.12,15.0,0.13,10.0,0.01,0.01,2326.279905,1776204397000
1776204398.986,98.986,0.86,200.0,0.85,93.5,0.87,129.32,0.88,140.0,0.13,126.77,0.12,135.0,0.15,78.5,0.16,197.0,0.01,0.02,2326.279905,1776204397000
1776204399.518,99.518,0.86,200.0,0.85,93.5,0.87,129.32,0.88,140.0,0.13,129.32,0.12,140.0,0.14,200.0,0.15,93.5,0.01,0.01,2326.192152,1776204398000
1776204399.883,99.883,0.86,336.0,0.85,32.5,0.87,100.39,0.88,125.0,0.13,110.39,0.12,125.0,0.14,326.0,0.15,42.5,0.01,0.01,2326.192152,1776204398000
1776204400.688,100.688,0.86,336.0,0.85,32.5,0.87,100.39,0.88,125.0,0.13,100.39,0.12,125.0,0.14,336.0,0.15,32.5,0.01,0.01,2326.17152,1776204399000
1776204401.096,101.096,0.86,273.0,0.85,25.5,0.87,90.39,0.88,135.0,0.13,100.39,0.12,125.0,0.14,336.0,0.15,32.5,0.01,0.01,2326.17152,1776204399000
1776204402.68,102.68,0.86,215.0,0.85,83.5,0.87,97.2,0.88,203.0,0.13,107.2,0.12,135.0,0.14,268.0,0.15,25.5,0.01,0.01,2326.01257,1776204400000
1776204402.884,102.884,0.86,215.0,0.85,83.5,0.87,97.2,0.88,203.0,0.13,97.2,0.12,203.0,0.14,215.0,0.15,83.5,0.01,0.01,2326.109972,1776204401000
1776204403.148,103.148,0.86,230.0,0.85,83.5,0.87,87.2,0.88,203.0,0.13,97.2,0.12,203.0,0.14,215.0,0.15,83.5,0.01,0.01,2326.109972,1776204401000
1776204403.655,103.655,0.86,230.0,0.85,83.5,0.87,87.2,0.88,203.0,0.13,87.2,0.12,203.0,0.14,230.0,0.15,83.5,0.01,0.01,2326.186484,1776204402000
1776204403.889,103.889,0.86,311.0,0.85,83.5,0.87,62.2,0.88,213.0,0.13,87.2,0.12,203.0,0.14,230.0,0.15,83.5,0.01,0.01,2326.186484,1776204402000
1776204404.386,104.386,0.86,311.0,0.85,83.5,0.87,62.2,0.88,213.0,0.13,62.2,0.12,213.0,0.14,311.0,0.15,83.5,0.01,0.01,2326.06702,1776204403000
1776204404.886,104.886,0.86,652.99,0.85,53.49,0.87,46.2,0.88,130.0,0.13,52.2,0.12,213.0,0.14,265.0,0.15,269.49,0.01,0.01,2326.06702,1776204403000
1776204405.126,105.126,0.87,320.72,0.86,405.0,0.88,96.0,0.89,91.92,0.12,96.0,0.11,91.92,0.13,320.72,0.14,405.0,0.01,0.01,2326.062629,1776204404000
1776204405.822,105.822,0.88,42.0,0.87,215.0,0.89,170.12,0.9,315.0,0.11,90.84,0.1,193.0,0.13,596.72,0.14,162.0,0.01,0.02,2326.062629,1776204404000
1776204406.309,106.309,0.88,41.16,0.87,215.0,0.89,165.12,0.9,135.0,0.11,170.12,0.1,315.0,0.12,42.0,0.13,215.0,0.01,0.01,2326.062629,1776204404000
1776204406.621,106.621,0.88,41.16,0.87,215.0,0.89,165.12,0.9,135.0,0.11,165.12,0.1,135.0,0.12,41.16,0.13,215.0,0.01,0.01,2326.099397,1776204405000
1776204407.201,107.201,0.88,41.16,0.87,215.0,0.89,165.12,0.9,135.0,0.11,165.12,0.1,135.0,0.12,41.16,0.13,215.0,0.01,0.01,2326.287786,1776204406000
1776204407.543,107.543,0.88,56.16,0.87,278.0,0.89,102.37,0.9,135.0,0.11,165.12,0.1,135.0,0.12,41.16,0.13,215.0,0.01,0.01,2326.287786,1776204406000
1776204408.113,108.113,0.88,226.16,0.87,98.0,0.89,89.81,0.9,193.0,0.11,94.81,0.1,193.0,0.12,266.16,0.13,98.0,0.01,0.01,2326.287786,1776204406000
1776204408.609,108.609,0.88,226.16,0.87,98.0,0.89,89.81,0.9,193.0,0.11,89.81,0.1,193.0,0.12,226.16,0.13,98.0,0.01,0.01,2326.275844,1776204407000
1776204408.974,108.974,0.87,5.0,0.86,20.0,0.89,339.81,0.9,187.0,0.11,152.81,0.1,140.0,0.12,31.16,0.13,185.0,0.02,0.01,2326.275844,1776204407000
1776204409.258,109.258,0.85,215.5,0.84,83.0,0.87,142.0,0.88,135.0,0.13,142.0,0.12,135.0,0.15,215.5,0.16,83.0,0.02,0.02,2326.312311,1776204408000
1776204409.664,109.664,0.86,10.0,0.85,273.5,0.87,131.77,0.88,193.0,0.13,142.0,0.12,135.0,0.15,215.5,0.16,83.0,0.01,0.02,2326.312311,1776204408000
1776204410.618,110.618,0.86,10.0,0.85,273.5,0.87,131.77,0.88,193.0,0.13,131.77,0.12,193.0,0.14,10.0,0.15,273.5,0.01,0.01,2326.324166,1776204409000
1776204410.887,110.887,0.86,696.29,0.85,59.2,0.87,90.0,0.88,100.0,0.13,131.77,0.12,193.0,0.14,10.0,0.15,273.5,0.01,0.01,2326.324166,1776204409000
1776204411.106,111.106,0.87,354.0,0.86,278.29,0.89,89.81,0.9,135.0,0.12,26.0,0.11,54.81,0.13,353.0,0.14,427.99,0.02,0.01,2326.324166,1776204409000
1776204411.349,111.349,0.88,5.0,0.87,333.0,0.89,63.81,0.9,193.0,0.11,63.81,0.1,193.0,0.12,5.0,0.13,333.0,0.01,0.01,2326.248075,1776204410000
1776204411.882,111.882,0.88,253.04,0.87,302.0,0.89,73.81,0.9,193.0,0.11,63.81,0.1,193.0,0.12,5.0,0.13,333.0,0.01,0.01,2326.248075,1776204410000
1776204412.226,112.226,0.88,253.04,0.87,302.0,0.89,73.81,0.9,193.0,0.11,73.81,0.1,193.0,0.12,253.04,0.13,302.0,0.01,0.01,2326.084702,1776204411000
1776204412.456,112.456,0.88,297.04,0.87,236.7,0.9,135.0,0.91,211.62,0.11,73.81,0.1,193.0,0.12,253.04,0.13,302.0,0.02,0.01,2326.084702,1776204411000
1776204413.575,113.575,0.89,256.0,0.88,327.99,0.9,105.31,0.91,211.62,0.1,135.0,0.09,211.62,0.12,297.04,0.13,236.7,0.01,0.02,2326.084702,1776204411000
1776204413.787,113.787,0.89,281.0,0.88,327.99,0.9,84.51,0.91,211.62,0.1,87.56,0.09,211.62,0.11,256.0,0.12,327.99,0.01,0.01,2326.398066,1776204412000
1776204413.993,113.993,0.89,286.0,0.88,327.99,0.9,75.11,0.91,211.62,0.1,84.51,0.09,211.62,0.11,281.0,0.12,327.99,0.01,0.01,2326.398066,1776204412000
1776204414.244,114.244,0.89,316.0,0.88,327.99,0.9,65.11,0.91,211.62,0.1,65.11,0.09,211.62,0.11,316.0,0.12,327.99,0.01,0.01,2326.471465,1776204413000
1776204414.75,114.75,0.89,640.99,0.88,102.7,0.9,0.11,0.91,118.62,0.1,65.11,0.09,211.62,0.11,316.0,0.12,327.99,0.01,0.01,2326.471465,1776204413000
1776204415.158,115.158,0.9,329.0,0.89,110.0,0.91,97.73,0.92,110.0,0.1,98.88,0.09,97.73,0.11,645.99,0.12,136.8,0.01,0.01,2326.471465,1776204413000
1776204415.821,115.821,0.9,484.71,0.89,110.0,0.91,83.63,0.92,110.0,0.09,83.63,0.08,110.0,0.1,484.71,0.11,110.0,0.01,0.01,2326.524572,1776204414000
1776204416.558,116.558,0.91,372.29,0.9,164.0,0.92,105.9,0.93,115.09,0.08,105.9,0.07,115.09,0.09,372.29,0.1,164.0,0.01,0.01,2326.581878,1776204415000
1776204417.189,117.189,0.91,372.29,0.9,164.0,0.92,105.9,0.93,115.09,0.08,105.9,0.07,115.09,0.09,372.29,0.1,164.0,0.01,0.01,2326.980901,1776204416000
1776204417.838,117.838,0.91,15.0,0.9,516.7,0.92,138.75,0.93,130.09,0.08,105.9,0.07,115.09,0.09,372.29,0.1,164.0,0.01,0.01,2326.980901,1776204416000
1776204418.156,118.156,0.91,15.0,0.9,516.7,0.92,138.75,0.93,130.09,0.08,138.75,0.07,130.09,0.09,15.0,0.1,516.7,0.01,0.01,2327.07897,1776204417000
1776204418.657,118.657,0.91,15.0,0.9,209.7,0.92,158.75,0.93,140.09,0.08,138.75,0.07,130.09,0.09,15.0,0.1,516.7,0.01,0.01,2327.07897,1776204417000
1776204418.869,118.869,0.91,15.0,0.9,209.7,0.92,31.55,0.93,140.09,0.08,45.05,0.07,140.09,0.09,15.0,0.1,209.7,0.01,0.01,2327.07897,1776204417000
1776204419.306,119.306,0.91,25.0,0.9,209.7,0.92,83.55,0.93,40.09,0.08,31.55,0.07,140.09,0.09,15.0,0.1,209.7,0.01,0.01,2327.034,1776204418000
1776204419.951,119.951,0.91,25.0,0.9,209.7,0.92,83.55,0.93,40.09,0.08,83.55,0.07,40.09,0.09,25.0,0.1,209.7,0.01,0.01,2327.012158,1776204419000
1776204420.759,120.759,0.92,284.18,0.91,292.0,0.93,40.09,0.94,278.0,0.07,40.09,0.06,220.0,0.09,221.29,0.1,268.7,0.01,0.02,2327.012158,1776204419000
1776204420.991,120.991,0.92,284.18,0.91,292.0,0.93,40.09,0.94,278.0,0.07,40.09,0.06,278.0,0.08,284.18,0.09,292.0,0.01,0.01,2326.978859,1776204420000
1776204421.202,121.202,0.91,5.0,0.9,25.0,0.92,48.91,0.93,116.09,0.07,40.09,0.06,278.0,0.08,284.18,0.09,292.0,0.01,0.01,2326.978859,1776204420000
1776204421.504,121.504,0.9,15.0,0.89,15.0,0.91,4.9,0.92,292.8,0.08,112.8,0.07,90.09,0.1,192.0,0.11,26.0,0.01,0.02,2326.978859,1776204420000
1776204421.874,121.874,0.89,15.0,0.88,206.29,0.9,13.0,0.91,40.9,0.1,13.0,0.09,40.9,0.11,15.0,0.12,206.29,0.01,0.01,2326.99098,1776204421000
1776204422.182,122.182,0.9,125.88,0.89,109.26,0.91,395.66,0.92,89.91,0.1,13.0,0.09,40.9,0.11,15.0,0.12,206.29,0.01,0.01,2326.99098,1776204421000
1776204422.831,122.831,0.9,125.88,0.89,109.26,0.91,395.66,0.92,89.91,0.09,395.66,0.08,89.91,0.1,125.88,0.11,109.26,0.01,0.01,2326.94359,1776204422000
1776204423.247,123.247,0.9,125.88,0.89,284.55,0.91,307.51,0.92,89.91,0.09,282.51,0.08,89.91,0.1,135.88,0.11,284.55,0.01,0.01,2326.94359,1776204422000
1776204423.873,123.873,0.9,145.88,0.89,348.25,0.91,231.78,0.92,117.91,0.09,59.78,0.08,147.91,0.1,135.88,0.11,290.25,0.01,0.01,2326.94359,1776204422000
1776204424.249,124.249,0.9,145.88,0.89,348.25,0.91,231.78,0.92,117.91,0.09,231.78,0.08,117.91,0.1,145.88,0.11,348.25,0.01,0.01,2326.580667,1776204423000
1776204424.573,124.573,0.9,135.88,0.89,290.25,0.91,231.78,0.92,117.91,0.09,231.78,0.08,117.91,0.1,145.88,0.11,348.25,0.01,0.01,2326.580667,1776204423000
1776204424.79,124.79,0.9,115.88,0.89,89.26,0.91,245.63,0.92,89.91,0.09,181.83,0.08,59.91,0.1,120.88,0.11,280.25,0.01,0.01,2326.580667,1776204423000
1776204425.182,125.182,0.9,79.88,0.89,99.26,0.91,250.63,0.92,76.0,0.09,245.63,0.08,89.91,0.1,89.88,0.11,89.26,0.01,0.01,2326.580667,1776204423000
1776204425.435,125.435,0.9,59.88,0.89,99.26,0.91,244.63,0.92,76.0,0.09,244.63,0.08,76.0,0.1,69.88,0.11,99.26,0.01,0.01,2326.573406,1776204424000
1776204425.981,125.981,0.9,0.88,0.89,84.26,0.91,290.63,0.92,104.9,0.09,244.63,0.08,76.0,0.1,59.88,0.11,99.26,0.01,0.01,2326.573406,1776204424000
1776204426.388,126.388,0.89,157.26,0.88,261.8,0.91,196.63,0.92,76.0,0.09,290.63,0.08,104.9,0.1,0.88,0.11,84.26,0.02,0.01,2326.597403,1776204425000
1776204426.839,126.839,0.89,207.26,0.88,266.8,0.91,181.63,0.92,76.0,0.09,196.63,0.08,76.0,0.11,157.26,0.12,261.8,0.02,0.02,2326.597403,1776204425000
1776204427.101,127.101,0.89,189.06,0.88,266.8,0.91,181.63,0.92,76.0,0.09,181.63,0.08,76.0,0.11,198.16,0.12,266.8,0.02,0.02,2326.597403,1776204425000
1776204427.715,127.715,0.9,10.0,0.89,298.29,0.91,174.98,0.92,76.0,0.09,181.63,0.08,76.0,0.11,189.06,0.12,277.8,0.01,0.02,2326.450732,1776204426000
1776204428.108,128.108,0.9,10.0,0.89,298.29,0.91,174.98,0.92,76.0,0.09,174.98,0.08,76.0,0.1,10.0,0.11,298.29,0.01,0.01,2326.386623,1776204427000
1776204428.398,128.398,0.9,20.0,0.89,320.99,0.91,157.71,0.92,45.0,0.09,160.98,0.08,51.0,0.1,15.0,0.11,298.29,0.01,0.01,2326.386623,1776204427000
1776204429.109,129.109,0.9,15.0,0.89,320.99,0.91,152.65,0.92,45.0,0.09,152.65,0.08,45.0,0.1,15.0,0.11,320.99,0.01,0.01,2326.422476,1776204428000
1776204429.484,129.484,0.9,200.29,0.89,110.7,0.91,142.65,0.92,45.0,0.09,152.65,0.08,45.0,0.1,15.0,0.11,320.99,0.01,0.01,2326.422476,1776204428000
1776204430.035,130.035,0.9,224.99,0.89,110.7,0.91,137.65,0.92,35.0,0.09,142.65,0.08,45.0,0.1,200.29,0.11,110.7,0.01,0.01,2326.422476,1776204428000
1776204430.241,130.241,0.9,230.99,0.89,125.7,0.91,125.65,0.92,35.0,0.09,137.65,0.08,35.0,0.1,224.99,0.11,110.7,0.01,0.01,2326.422476,1776204428000
1776204430.71,130.71,0.9,230.99,0.89,125.7,0.91,125.65,0.92,35.0,0.09,125.65,0.08,35.0,0.1,230.99,0.11,125.7,0.01,0.01,2326.461618,1776204429000
1776204431.234,131.234,0.9,230.99,0.89,125.7,0.91,125.65,0.92,35.0,0.09,125.65,0.08,35.0,0.1,230.99,0.11,125.7,0.01,0.01,2326.480675,1776204430000
1776204432.256,132.256,0.9,230.99,0.89,125.7,0.91,125.65,0.92,35.0,0.09,125.65,0.08,35.0,0.1,230.99,0.11,125.7,0.01,0.01,2326.547092,1776204431000
1776204432.468,132.468,0.86,233.29,0.85,46.5,0.87,35.0,0.88,220.0,0.13,10.0,0.12,40.0,0.14,257.99,0.15,46.5,0.01,0.01,2326.547092,1776204431000
1776204432.857,132.857,0.84,73.0,0.83,284.99,0.86,45.0,0.87,283.0,0.13,35.0,0.12,220.0,0.14,4.9,0.15,205.79,0.02,0.01,2326.547092,1776204431000
1776204433.191,133.191,0.86,8.97,0.85,15.0,0.87,283.0,0.88,86.0,0.14,25.0,0.13,283.0,0.16,63.0,0.17,284.99,0.01,0.02,2326.547092,1776204431000
1776204433.454,133.454,0.85,75.84,0.84,68.0,0.87,295.77,0.88,86.0,0.13,300.77,0.12,86.0,0.14,1.47,0.15,15.0,0.02,0.01,2326.420837,1776204432000
1776204434.228,134.228,0.85,25.84,0.84,68.0,0.87,295.77,0.88,86.0,0.13,295.77,0.12,86.0,0.15,25.84,0.16,68.0,0.02,0.02,2326.303123,1776204433000
1776204434.459,134.459,0.85,150.5,0.84,73.0,0.86,192.7,0.87,77.76,0.14,189.86,0.13,77.76,0.15,145.5,0.16,73.0,0.01,0.01,2326.303123,1776204433000
1776204435.13,135.13,0.85,162.5,0.84,73.0,0.86,153.37,0.87,77.76,0.14,158.37,0.13,77.76,0.15,145.5,0.16,73.0,0.01,0.01,2326.303123,1776204433000
1776204435.342,135.342,0.85,162.5,0.84,73.0,0.86,153.37,0.87,77.76,0.14,153.37,0.13,77.76,0.15,162.5,0.16,73.0,0.01,0.01,2325.802831,1776204434000
1776204436.372,136.372,0.85,162.5,0.84,73.0,0.86,153.37,0.87,77.76,0.14,153.37,0.13,77.76,0.15,162.5,0.16,73.0,0.01,0.01,2325.762088,1776204435000
1776204436.801,136.801,0.85,167.5,0.84,78.0,0.86,157.2,0.87,140.76,0.14,157.2,0.13,140.76,0.15,167.5,0.16,78.0,0.01,0.01,2325.759768,1776204436000
1776204437.843,137.843,0.85,167.5,0.84,78.0,0.86,157.2,0.87,140.76,0.14,157.2,0.13,140.76,0.15,167.5,0.16,78.0,0.01,0.01,2325.758756,1776204437000
1776204438.611,138.611,0.85,34.37,0.84,78.0,0.86,167.2,0.87,135.76,0.14,157.2,0.13,140.76,0.15,167.5,0.16,78.0,0.01,0.01,2325.758756,1776204437000
1776204438.923,138.923,0.85,34.37,0.84,78.0,0.86,167.2,0.87,135.76,0.14,167.2,0.13,135.76,0.15,34.37,0.16,78.0,0.01,0.01,2325.737634,1776204438000
1776204439.836,139.836,0.85,0.37,0.84,20.0,0.86,172.2,0.87,140.76,0.14,172.2,0.13,140.76,0.15,0.37,0.16,20.0,0.01,0.01,2325.731504,1776204439000
1776204441.301,141.301,0.85,0.37,0.84,20.0,0.86,172.2,0.87,140.76,0.14,172.2,0.13,140.76,0.15,0.37,0.16,20.0,0.01,0.01,2325.693098,1776204440000
1776204442.259,142.259,0.85,0.37,0.84,20.0,0.86,172.2,0.87,140.76,0.14,172.2,0.13,140.76,0.15,0.37,0.16,20.0,0.01,0.01,2325.669063,1776204441000
1776204443.813,143.813,0.84,147.71,0.83,111.7,0.86,177.2,0.87,135.76,0.14,172.2,0.13,140.76,0.15,0.37,0.16,20.0,0.02,0.01,2325.669063,1776204441000
1776204444.434,144.434,0.82,99.41,0.81,15.0,0.83,8.0,0.84,162.0,0.15,10.0,0.14,55.0,0.16,152.71,0.17,41.7,0.01,0.01,2325.628205,1776204442000
1776204444.922,144.922,0.82,97.41,0.81,20.0,0.83,253.0,0.84,182.0,0.17,8.0,0.16,162.0,0.18,82.41,0.19,15.0,0.01,0.01,2325.606026,1776204443000
1776204445.123,145.123,0.82,69.63,0.81,78.0,0.83,278.0,0.84,182.0,0.17,253.0,0.16,182.0,0.18,97.41,0.19,20.0,0.01,0.01,2325.602582,1776204444000
1776204445.422,145.422,0.82,69.63,0.81,110.1,0.83,273.0,0.84,182.0,0.17,278.0,0.16,182.0,0.18,69.63,0.19,78.0,0.01,0.01,2325.602582,1776204444000
1776204445.63,145.63,0.82,69.63,0.81,88.0,0.83,275.34,0.84,182.0,0.17,266.67,0.16,182.0,0.18,74.63,0.19,88.0,0.01,0.01,2325.602582,1776204444000
1776204445.924,145.924,0.82,91.42,0.81,88.0,0.83,283.14,0.84,212.0,0.17,271.88,0.16,182.0,0.18,69.63,0.19,88.0,0.01,0.01,2325.602582,1776204444000
1776204446.188,146.188,0.82,91.42,0.81,88.0,0.83,242.95,0.84,212.0,0.17,262.29,0.16,212.0,0.18,91.42,0.19,88.0,0.01,0.01,2325.602582,1776204444000
1776204446.412,146.412,0.82,81.42,0.81,15.0,0.83,289.62,0.84,149.0,0.17,289.62,0.16,124.0,0.18,81.42,0.19,30.0,0.01,0.01,2325.506778,1776204445000
1776204447.062,147.062,0.8,110.42,0.79,32.0,0.83,206.21,0.84,207.0,0.17,272.21,0.16,149.0,0.18,86.42,0.19,15.0,0.03,0.01,2325.506778,1776204445000
1776204447.437,147.437,0.83,9.11,0.82,334.66,0.84,25.0,0.85,35.0,0.17,15.16,0.16,67.0,0.18,4.44,0.19,16.7,0.01,0.01,2325.506778,1776204445000
1776204447.668,147.668,0.83,14.11,0.82,400.36,0.85,21.0,0.86,62.14,0.15,21.0,0.14,62.14,0.17,14.11,0.18,400.36,0.02,0.02,2325.333128,1776204446000
1776204447.886,147.886,0.84,133.0,0.83,288.81,0.86,13.21,0.87,237.69,0.14,27.0,0.13,237.69,0.16,75.0,0.17,346.81,0.02,0.02,2325.333128,1776204446000
1776204448.443,148.443,0.84,138.0,0.83,288.81,0.85,3.82,0.86,20.35,0.14,13.21,0.13,237.69,0.16,133.0,0.17,288.81,0.01,0.02,2325.333128,1776204446000
1776204449.02,149.02,0.84,133.0,0.83,288.81,0.86,17.52,0.87,295.69,0.14,17.52,0.13,295.69,0.16,133.0,0.17,288.81,0.02,0.02,2325.304776,1776204447000
1776204449.257,149.257,0.85,46.72,0.84,70.0,0.86,35.18,0.87,265.69,0.14,36.35,0.13,265.69,0.15,41.72,0.16,70.0,0.01,0.01,2325.304776,1776204447000
1776204449.639,149.639,0.85,76.72,0.84,65.0,0.87,271.14,0.88,61.66,0.13,254.53,0.12,61.66,0.15,46.72,0.16,65.0,0.02,0.02,2325.304776,1776204447000
1776204449.841,149.841,0.85,65.05,0.84,65.0,0.87,227.43,0.88,61.66,0.13,221.32,0.12,61.66,0.15,70.05,0.16,65.0,0.02,0.02,2325.488041,1776204448000
1776204450.4,150.4,0.85,70.05,0.84,70.0,0.87,230.11,0.88,61.66,0.13,227.43,0.12,61.66,0.15,65.05,0.16,65.0,0.02,0.02,2325.488041,1776204448000
1776204450.998,150.998,0.85,65.05,0.84,70.0,0.87,212.65,0.88,61.66,0.13,212.65,0.12,61.66,0.15,65.05,0.16,70.0,0.02,0.02,2325.5919,1776204450000
1776204451.267,151.267,0.85,46.71,0.84,70.0,0.86,8.83,0.87,212.65,0.14,8.83,0.13,212.65,0.15,60.05,0.16,70.0,0.01,0.01,2325.5919,1776204450000
1776204451.984,151.984,0.8,63.0,0.79,15.0,0.86,160.83,0.87,48.76,0.14,8.83,0.13,212.65,0.15,46.71,0.16,70.0,0.06,0.01,2325.5919,1776204450000
1776204452.398,152.398,0.8,62.0,0.79,33.0,0.82,20.78,0.83,28.0,0.18,20.78,0.17,28.0,0.2,62.0,0.21,33.0,0.02,0.02,2325.60406,1776204451000
1776204452.948,152.948,0.8,62.0,0.79,33.0,0.82,20.78,0.83,28.0,0.18,20.78,0.17,28.0,0.2,62.0,0.21,33.0,0.02,0.02,2325.598235,1776204452000
1776204453.202,153.202,0.8,85.48,0.79,137.98,0.81,17.0,0.82,20.78,0.18,20.78,0.17,28.0,0.2,62.0,0.21,33.0,0.01,0.02,2325.598235,1776204452000
1776204454.345,154.345,0.8,85.48,0.79,137.98,0.81,17.0,0.82,20.78,0.19,17.0,0.18,20.78,0.2,85.48,0.21,137.98,0.01,0.01,2325.387831,1776204453000
1776204454.912,154.912,0.86,60.0,0.85,20.0,0.88,46.66,0.89,10.0,0.19,17.0,0.18,20.78,0.2,85.48,0.21,137.98,0.02,0.01,2325.387831,1776204453000
1776204455.168,155.168,0.87,10.0,0.86,86.0,0.88,37.85,0.89,15.0,0.12,46.56,0.11,10.0,0.14,60.0,0.15,20.0,0.01,0.02,2325.378124,1776204454000
1776204456.119,156.119,0.87,1.53,0.86,81.0,0.88,32.85,0.89,15.0,0.12,32.85,0.11,15.0,0.13,1.53,0.14,81.0,0.01,0.01,2325.301606,1776204455000
1776204456.399,156.399,0.87,11.53,0.86,98.0,0.88,37.16,0.89,10.0,0.12,32.85,0.11,15.0,0.13,1.53,0.14,81.0,0.01,0.01,2325.301606,1776204455000
1776204456.771,156.771,0.87,64.03,0.86,273.0,0.88,34.28,0.89,68.0,0.12,37.16,0.11,10.0,0.13,11.53,0.14,98.0,0.01,0.01,2325.301606,1776204455000
1776204457.154,157.154,0.87,26.53,0.86,267.0,0.88,21.07,0.89,248.0,0.12,29.22,0.11,68.0,0.13,64.03,0.14,273.0,0.01,0.01,2325.301606,1776204455000
1776204457.548,157.548,0.87,26.53,0.86,267.0,0.88,21.07,0.89,248.0,0.12,21.07,0.11,248.0,0.13,26.53,0.14,267.0,0.01,0.01,2325.875553,1776204456000
1776204457.962,157.962,0.87,39.7,0.86,210.0,0.88,298.07,0.89,51.0,0.12,21.07,0.11,248.0,0.13,26.53,0.14,267.0,0.01,0.01,2325.875553,1776204456000
1776204458.196,158.196,0.86,192.0,0.84,80.0,0.88,298.07,0.89,51.0,0.12,298.07,0.11,51.0,0.14,192.0,0.16,80.0,0.02,0.02,2325.878884,1776204457000
1776204458.769,158.769,0.8,156.25,0.79,15.0,0.83,159.0,0.84,208.0,0.13,352.85,0.12,37.07,0.14,140.57,0.18,10.0,0.03,0.01,2325.878884,1776204457000
1776204459.309,159.309,0.8,0.25,0.78,64.09,0.81,599.0,0.82,41.0,0.17,159.0,0.16,208.0,0.2,156.25,0.21,15.0,0.01,0.03,2325.878884,1776204457000
1776204459.904,159.904,0.75,10.1,0.7,26.42,0.78,525.0,0.79,71.0,0.21,17.0,0.2,17.0,0.23,4.94,0.25,20.1,0.03,0.02,2325.958212,1776204458000
1776204460.169,160.169,0.7,26.32,0.67,34.85,0.71,27.24,0.72,75.0,0.22,427.0,0.21,71.0,0.3,26.42,0.33,34.85,0.01,0.08,2325.958212,1776204458000
1776204460.457,160.457,0.6,155.75,0.59,77.42,0.65,7.0,0.66,107.0,0.34,60.0,0.33,10.0,0.4,163.25,0.41,77.42,0.05,0.06,2325.533064,1776204459000
1776204460.831,160.831,0.51,38.18,0.5,53.4,0.52,10.41,0.54,37.0,0.46,7.0,0.45,11.11,0.47,29.9,0.49,39.29,0.01,0.01,2325.533064,1776204459000
1776204461.139,161.139,0.51,17.77,0.5,53.4,0.53,6.7,0.54,75.86,0.48,10.41,0.46,37.0,0.49,38.18,0.5,53.4,0.02,0.01,2325.533064,1776204459000
1776204461.442,161.442,0.36,54.06,0.34,70.0,0.52,14.54,0.53,30.0,0.48,14.54,0.47,30.0,0.64,54.06,0.66,70.0,0.16,0.16,2325.170413,1776204460000
1776204461.693,161.693,0.38,163.09,0.37,170.0,0.39,13.43,0.4,16.0,0.61,13.43,0.6,16.0,0.62,176.0,0.63,170.0,0.01,0.01,2325.170413,1776204460000
1776204461.915,161.915,0.37,22.96,0.36,170.0,0.39,2.43,0.4,16.0,0.61,2.43,0.6,16.0,0.62,63.09,0.63,70.0,0.02,0.01,2325.170413,1776204460000
1776204462.157,162.157,0.37,22.96,0.36,170.0,0.39,2.33,0.4,16.0,0.61,2.43,0.6,16.0,0.63,22.96,0.64,170.0,0.02,0.02,2324.128705,1776204461000
1776204462.428,162.428,0.38,109.69,0.37,161.72,0.4,35.77,0.41,10.0,0.6,5.77,0.59,66.7,0.63,21.72,0.64,170.0,0.02,0.03,2324.128705,1776204461000
1776204462.9,162.9,0.38,147.82,0.37,161.72,0.39,10.0,0.4,10.0,0.59,10.0,0.58,10.0,0.62,149.69,0.63,161.72,0.01,0.03,2324.128705,1776204461000
1776204463.17,163.17,0.38,147.82,0.37,161.72,0.39,10.0,0.4,10.0,0.61,10.0,0.6,10.0,0.62,147.82,0.63,161.72,0.01,0.01,2322.651552,1776204462000
1776204463.576,163.576,0.38,72.19,0.37,236.6,0.39,15.0,0.4,4.67,0.6,4.67,0.59,10.0,0.62,153.19,0.63,161.72,0.01,0.02,2322.651552,1776204462000
1776204463.817,163.817,0.38,10.0,0.37,10.0,0.4,2.92,0.41,20.0,0.6,83.57,0.59,20.0,0.65,10.0,0.66,20.0,0.02,0.05,2322.651552,1776204462000
1776204464.029,164.029,0.37,15.0,0.36,68.0,0.39,12.18,0.4,2.92,0.61,7.18,0.6,2.92,0.63,20.0,0.64,68.0,0.02,0.02,2322.651552,1776204462000
1776204464.401,164.401,0.39,15.0,0.38,74.24,0.41,15.28,0.42,110.0,0.59,19.26,0.58,110.0,0.63,15.0,0.64,68.0,0.02,0.04,2322.651552,1776204462000
1776204465.036,165.036,0.39,8.38,0.38,39.24,0.4,141.0,0.41,121.0,0.6,16.0,0.59,21.28,0.61,28.94,0.62,74.24,0.01,0.01,2322.491969,1776204463000
1776204465.298,165.298,0.38,30.11,0.36,35.0,0.39,10.89,0.4,194.0,0.61,10.0,0.6,189.0,0.62,30.11,0.63,25.0,0.01,0.01,2322.491969,1776204463000
1776204465.613,165.613,0.38,43.26,0.36,35.0,0.39,15.89,0.4,189.0,0.61,10.89,0.6,194.0,0.62,30.11,0.64,35.0,0.01,0.01,2322.486156,1776204464000
1776204465.925,165.925,0.39,10.0,0.38,24.76,0.4,178.78,0.41,110.0,0.6,156.01,0.59,110.0,0.62,24.76,0.64,35.0,0.01,0.02,2322.486156,1776204464000
1776204466.144,166.144,0.39,20.0,0.38,92.76,0.4,65.77,0.41,110.0,0.6,64.22,0.59,110.0,0.61,20.0,0.62,92.76,0.01,0.01,2322.486156,1776204464000
1776204466.346,166.346,0.39,20.0,0.38,92.76,0.4,60.77,0.41,110.0,0.6,65.77,0.59,110.0,0.61,20.0,0.62,92.76,0.01,0.01,2322.500008,1776204465000
1776204466.591,166.591,0.42,15.0,0.41,15.0,0.43,88.64,0.44,100.0,0.57,96.9,0.56,100.0,0.61,20.0,0.62,268.83,0.01,0.04,2322.500008,1776204465000
1776204466.802,166.802,0.42,53.27,0.41,83.0,0.43,47.52,0.44,100.0,0.57,47.52,0.56,100.0,0.58,45.0,0.59,25.0,0.01,0.01,2322.500008,1776204465000
1776204467.228,167.228,0.42,38.27,0.41,25.0,0.43,46.52,0.44,100.0,0.57,47.52,0.56,100.0,0.58,53.27,0.59,83.0,0.01,0.01,2322.500008,1776204465000
1776204467.824,167.824,0.42,38.27,0.41,25.0,0.43,46.52,0.44,100.0,0.57,46.52,0.56,100.0,0.58,38.27,0.59,25.0,0.01,0.01,2322.510842,1776204466000
1776204468.306,168.306,0.42,33.27,0.41,25.0,0.43,51.52,0.44,163.0,0.57,46.52,0.56,100.0,0.58,38.27,0.59,25.0,0.01,0.01,2322.510842,1776204466000
1776204468.867,168.867,0.42,33.27,0.41,25.0,0.43,46.12,0.44,163.0,0.57,46.12,0.56,163.0,0.58,33.27,0.59,25.0,0.01,0.01,2322.72049,1776204468000
1776204469.359,169.359,0.42,29.82,0.41,30.0,0.43,36.12,0.44,105.0,0.57,46.12,0.56,163.0,0.58,33.27,0.59,25.0,0.01,0.01,2322.72049,1776204468000
1776204470.381,170.381,0.42,24.82,0.41,30.0,0.43,30.88,0.44,105.0,0.57,30.88,0.56,105.0,0.58,24.82,0.59,30.0,0.01,0.01,2322.74003,1776204469000
1776204471.034,171.034,0.42,14.82,0.41,30.0,0.43,83.88,0.44,115.0,0.57,30.88,0.56,105.0,0.58,24.82,0.59,30.0,0.01,0.01,2322.74003,1776204469000
1776204471.365,171.365,0.42,14.82,0.41,30.0,0.43,83.41,0.44,115.0,0.57,83.88,0.56,115.0,0.58,14.82,0.59,30.0,0.01,0.01,2322.74108,1776204470000
1776204472.042,172.042,0.42,19.82,0.41,30.0,0.43,81.08,0.44,115.0,0.57,83.41,0.56,115.0,0.58,14.82,0.59,30.0,0.01,0.01,2322.74108,1776204470000
1776204472.275,172.275,0.42,19.82,0.41,30.0,0.43,81.08,0.44,115.0,0.57,81.08,0.56,115.0,0.58,19.82,0.59,30.0,0.01,0.01,2322.781533,1776204471000
1776204472.683,172.683,0.42,44.82,0.41,55.0,0.44,61.4,0.45,10.0,0.57,81.08,0.56,115.0,0.58,19.82,0.59,30.0,0.02,0.01,2322.781533,1776204471000
1776204472.926,172.926,0.44,128.0,0.43,30.0,0.49,100.0,0.5,110.0,0.56,61.4,0.55,10.0,0.58,44.82,0.59,55.0,0.05,0.02,2322.781533,1776204471000
1776204473.144,173.144,0.48,14.61,0.47,15.0,0.49,105.0,0.5,110.0,0.51,100.0,0.5,110.0,0.56,128.0,0.57,30.0,0.01,0.05,2322.781533,1776204471000
1776204473.781,173.781,0.48,4.61,0.47,15.0,0.49,88.81,0.5,110.0,0.51,141.81,0.5,110.0,0.52,14.61,0.53,15.0,0.01,0.01,2322.764822,1776204472000
1776204474.599,174.599,0.48,34.61,0.47,15.0,0.5,10.0,0.51,100.0,0.51,88.81,0.5,110.0,0.52,4.61,0.53,15.0,0.02,0.01,2322.747675,1776204473000
1776204475.034,175.034,0.5,15.0,0.49,20.0,0.51,0.75,0.52,158.0,0.49,76.75,0.48,100.0,0.5,10.0,0.51,15.0,0.01,0.01,2322.747675,1776204473000
1776204475.264,175.264,0.5,17.6,0.49,20.0,0.51,58.0,0.54,55.0,0.49,0.75,0.48,158.0,0.5,15.0,0.51,20.0,0.01,0.01,2322.911733,1776204474000
1776204475.697,175.697,0.5,157.6,0.49,208.0,0.51,9.9,0.52,5.0,0.49,58.0,0.46,55.0,0.5,17.6,0.51,20.0,0.01,0.01,2322.911733,1776204474000
1776204475.965,175.965,0.52,0.19,0.51,10.0,0.54,20.0,0.55,5.0,0.48,5.0,0.47,5.0,0.5,152.6,0.51,208.0,0.02,0.02,2322.911733,1776204474000
1776204476.178,176.178,0.54,15.0,0.53,15.0,0.55,1.22,0.56,5.0,0.45,5.0,0.44,5.0,0.47,20.0,0.48,15.19,0.01,0.02,2322.911733,1776204474000
1776204476.752,176.752,0.56,2.0,0.55,15.0,0.57,10.0,0.58,63.0,0.43,5.0,0.42,63.0,0.46,50.0,0.47,20.0,0.01,0.03,2323.227206,1776204475000
1776204477.123,177.123,0.56,15.0,0.55,25.0,0.59,5.0,0.6,35.0,0.43,1.38,0.42,5.0,0.44,20.0,0.45,25.0,0.03,0.01,2323.227206,1776204475000
1776204477.644,177.644,0.54,10.0,0.53,10.0,0.59,153.0,0.6,55.0,0.41,93.0,0.4,108.0,0.42,1.57,0.46,25.0,0.05,0.01,2323.227206,1776204475000
1776204477.958,177.958,0.54,10.0,0.53,10.0,0.59,149.73,0.6,55.0,0.41,149.73,0.4,55.0,0.46,10.0,0.47,10.0,0.05,0.05,2323.411545,1776204477000
1776204478.549,178.549,0.54,10.15,0.53,10.0,0.55,93.5,0.56,15.0,0.41,149.73,0.4,55.0,0.46,10.0,0.47,10.0,0.01,0.05,2323.411545,1776204477000
1776204479.28,179.28,0.54,10.15,0.53,10.0,0.55,93.5,0.56,15.0,0.45,93.5,0.44,15.0,0.46,10.15,0.47,10.0,0.01,0.01,2323.575642,1776204478000
1776204480.304,180.304,0.54,10.15,0.53,10.0,0.55,93.5,0.56,15.0,0.45,93.5,0.44,15.0,0.46,10.15,0.47,10.0,0.01,0.01,2323.495623,1776204479000
1776204480.564,180.564,0.54,20.15,0.53,10.0,0.55,81.5,0.56,25.0,0.45,93.5,0.44,15.0,0.46,10.15,0.47,10.0,0.01,0.01,2323.495623,1776204479000
1776204480.767,180.767,0.54,15.15,0.53,10.0,0.55,73.5,0.56,25.0,0.45,81.5,0.44,25.0,0.46,20.15,0.47,10.0,0.01,0.01,2323.495623,1776204479000
1776204481.443,181.443,0.54,30.15,0.53,15.0,0.55,61.62,0.56,15.0,0.45,73.5,0.44,25.0,0.46,15.15,0.47,10.0,0.01,0.01,2323.491643,1776204480000
1776204481.857,181.857,0.54,30.15,0.53,15.0,0.55,54.7,0.56,15.0,0.45,61.62,0.44,15.0,0.46,30.15,0.47,15.0,0.01,0.01,2323.491643,1776204480000
1776204482.062,182.062,0.54,30.15,0.53,15.0,0.55,49.7,0.56,5.0,0.45,54.7,0.44,15.0,0.46,30.15,0.47,15.0,0.01,0.01,2323.491643,1776204480000
1776204482.29,182.29,0.54,30.15,0.53,15.0,0.57,10.0,0.58,15.0,0.45,49.7,0.44,5.0,0.46,30.15,0.47,15.0,0.03,0.01,2323.491643,1776204480000
1776204482.68,182.68,0.54,31.4,0.53,15.0,0.55,15.5,0.56,10.5,0.43,10.0,0.42,15.0,0.46,30.15,0.47,15.0,0.01,0.03,2323.491792,1776204481000
1776204482.956,182.956,0.54,31.4,0.53,15.0,0.55,15.5,0.56,10.5,0.45,15.5,0.44,10.5,0.46,31.4,0.47,15.0,0.01,0.01,2323.601,1776204482000
1776204483.159,183.159,0.54,21.4,0.53,15.0,0.55,14.5,0.56,10.5,0.45,20.5,0.44,10.5,0.46,26.4,0.47,15.0,0.01,0.01,2323.601,1776204482000
1776204483.537,183.537,0.55,35.0,0.54,15.0,0.56,17.5,0.57,20.0,0.45,1.5,0.44,10.5,0.46,21.4,0.47,15.0,0.01,0.01,2323.601,1776204482000
1776204484.101,184.101,0.55,35.0,0.54,15.0,0.56,17.5,0.57,20.0,0.44,17.5,0.43,20.0,0.45,35.0,0.46,15.0,0.01,0.01,2323.476735,1776204483000
1776204484.483,184.483,0.52,13.3,0.51,5.0,0.56,318.5,0.57,20.0,0.44,75.5,0.43,35.0,0.45,31.32,0.46,15.0,0.04,0.01,2323.476735,1776204483000
1776204484.914,184.914,0.44,15.5,0.43,73.5,0.45,18.0,0.46,20.0,0.47,30.5,0.46,10.0,0.58,21.57,0.59,178.0,0.01,0.11,2323.476735,1776204483000
1776204485.163,185.163,0.44,15.5,0.43,73.5,0.46,13.25,0.47,20.5,0.54,13.25,0.53,20.5,0.56,15.5,0.57,73.5,0.02,0.02,2323.473013,1776204484000
1776204485.504,185.504,0.44,20.5,0.43,73.5,0.45,10.0,0.46,13.25,0.54,13.25,0.53,20.5,0.56,15.5,0.57,73.5,0.01,0.02,2323.473013,1776204484000
1776204486.191,186.191,0.44,20.5,0.43,83.5,0.46,7.85,0.47,20.5,0.55,10.0,0.54,13.25,0.56,20.5,0.57,73.5,0.02,0.01,2323.473013,1776204484000
1776204486.485,186.485,0.44,25.5,0.43,83.5,0.46,6.87,0.47,20.5,0.54,6.87,0.53,20.5,0.56,25.5,0.57,83.5,0.02,0.02,2323.500485,1776204485000
1776204487.068,187.068,0.44,25.5,0.43,83.5,0.46,6.87,0.47,20.5,0.54,6.87,0.53,20.5,0.56,25.5,0.57,83.5,0.02,0.02,2323.352498,1776204486000
1776204487.398,187.398,0.45,101.5,0.44,20.5,0.47,10.0,0.48,20.5,0.54,6.87,0.53,20.5,0.56,25.5,0.57,83.5,0.02,0.02,2323.352498,1776204486000
1776204487.805,187.805,0.46,19.9,0.45,43.5,0.47,25.5,0.48,30.5,0.53,10.0,0.52,20.5,0.55,101.5,0.56,20.5,0.01,0.02,2323.352498,1776204486000
1776204488.097,188.097,0.46,19.9,0.45,43.5,0.47,23.37,0.48,88.5,0.53,25.5,0.52,30.5,0.54,19.9,0.55,43.5,0.01,0.01,2323.352498,1776204486000
1776204488.397,188.397,0.46,14.71,0.45,43.5,0.47,23.37,0.48,78.5,0.53,23.37,0.52,88.5,0.54,19.9,0.55,43.5,0.01,0.01,2323.147909,1776204487000
1776204489.141,189.141,0.38,81.15,0.37,32.0,0.45,40.5,0.46,65.5,0.53,23.37,0.52,78.5,0.54,14.71,0.55,43.5,0.07,0.01,2323.147909,1776204487000
1776204489.397,189.397,0.39,4.55,0.38,81.15,0.45,108.5,0.46,55.5,0.55,108.5,0.54,55.5,0.61,4.55,0.62,81.15,0.06,0.06,2323.148081,1776204488000
1776204489.74,189.74,0.41,13.0,0.4,25.5,0.42,30.09,0.43,30.5,0.55,108.5,0.54,55.5,0.61,4.55,0.62,81.15,0.01,0.06,2323.148081,1776204488000
1776204490.441,190.441,0.41,13.0,0.4,25.5,0.42,30.09,0.43,30.5,0.58,30.09,0.57,30.5,0.59,13.0,0.6,25.5,0.01,0.01,2323.155593,1776204489000
1776204490.779,190.779,0.38,11.94,0.36,60.0,0.42,88.09,0.43,40.5,0.58,30.09,0.57,30.5,0.59,13.0,0.6,25.5,0.04,0.01,2323.155593,1776204489000
1776204490.989,190.989,0.37,3.9,0.36,70.5,0.39,30.5,0.4,30.5,0.61,30.5,0.6,30.5,0.63,3.9,0.64,70.5,0.02,0.02,2323.0802,1776204490000
1776204491.82,191.82,0.36,133.5,0.35,15.0,0.37,3.78,0.38,40.5,0.61,30.5,0.6,30.5,0.63,3.9,0.64,70.5,0.01,0.02,2323.0802,1776204490000
1776204492.11,192.11,0.36,133.5,0.35,15.0,0.37,3.78,0.38,40.5,0.63,3.78,0.62,40.5,0.64,133.5,0.65,15.0,0.01,0.01,2323.045009,1776204491000
1776204492.942,192.942,0.37,23.0,0.36,75.5,0.38,9.54,0.39,20.5,0.62,10.33,0.61,20.5,0.64,83.5,0.65,10.0,0.01,0.02,2323.045009,1776204491000
1776204493.18,193.18,0.37,23.0,0.36,75.5,0.38,9.54,0.39,20.5,0.62,9.54,0.61,20.5,0.63,23.0,0.64,75.5,0.01,0.01,2322.903508,1776204492000
1776204493.882,193.882,0.37,1.83,0.36,10.0,0.39,58.0,0.4,30.5,0.62,9.54,0.61,20.5,0.63,23.0,0.64,75.5,0.02,0.01,2322.903508,1776204492000
1776204494.213,194.213,0.37,1.83,0.36,10.0,0.39,58.0,0.4,30.5,0.61,58.0,0.6,30.5,0.63,1.83,0.64,10.0,0.02,0.02,2322.743468,1776204493000
1776204494.743,194.743,0.43,10.0,0.41,10.0,0.46,12.15,0.47,10.0,0.61,58.0,0.6,30.5,0.63,1.83,0.64,10.0,0.03,0.02,2322.743468,1776204493000
1776204494.979,194.979,0.46,25.0,0.45,16.86,0.48,12.34,0.49,15.0,0.53,10.0,0.52,10.0,0.55,6.86,0.56,20.5,0.02,0.02,2322.743468,1776204493000
1776204495.196,195.196,0.45,16.86,0.44,25.5,0.46,15.0,0.47,35.5,0.53,20.5,0.52,37.34,0.54,10.0,0.55,16.86,0.01,0.01,2322.743468,1776204493000
1776204495.459,195.459,0.46,5.0,0.45,16.86,0.47,30.86,0.48,12.34,0.54,15.0,0.53,35.5,0.55,16.86,0.56,25.5,0.01,0.01,2322.738087,1776204494000
1776204495.719,195.719,0.46,5.0,0.45,16.86,0.47,3.72,0.48,22.84,0.53,30.86,0.52,12.34,0.54,5.0,0.55,16.86,0.01,0.01,2322.738087,1776204494000
1776204496.224,196.224,0.46,5.0,0.45,16.86,0.47,3.72,0.48,22.84,0.53,3.72,0.52,22.84,0.54,5.0,0.55,16.86,0.01,0.01,2322.812516,1776204495000
1776204496.497,196.497,0.46,60.5,0.45,123.36,0.47,8.72,0.5,5.0,0.53,3.72,0.52,22.84,0.54,5.0,0.55,16.86,0.01,0.01,2322.812516,1776204495000
1776204497.153,197.153,0.49,15.0,0.48,20.0,0.51,25.5,0.52,45.5,0.49,25.5,0.48,45.5,0.51,15.0,0.52,20.0,0.02,0.02,2323.060256,1776204496000
1776204497.627,197.627,0.36,67.62,0.35,20.0,0.39,15.0,0.4,10.0,0.49,25.5,0.48,45.5,0.51,15.0,0.52,20.0,0.03,0.02,2323.060256,1776204496000
1776204497.993,197.993,0.37,2.65,0.36,69.95,0.38,5.0,0.39,10.0,0.61,19.0,0.6,19.0,0.62,1.94,0.64,59.45,0.01,0.01,2323.060256,1776204496000
1776204498.26,198.26,0.36,65.02,0.35,78.0,0.4,10.0,0.41,30.5,0.6,10.0,0.59,30.5,0.64,65.02,0.65,78.0,0.04,0.04,2323.076091,1776204497000
1776204498.583,198.583,0.38,10.0,0.37,25.5,0.47,10.0,0.48,10.0,0.6,10.0,0.59,30.5,0.64,65.02,0.65,78.0,0.09,0.04,2323.076091,1776204497000
1776204498.83,198.83,0.38,115.0,0.37,83.5,0.51,5.0,0.55,5.0,0.53,10.0,0.52,10.0,0.62,10.0,0.63,25.5,0.13,0.09,2323.076091,1776204497000
1776204499.043,199.043,0.42,140.58,0.41,50.0,0.55,4.14,0.57,5.0,0.49,4.9,0.45,5.0,0.59,50.0,0.62,167.0,0.13,0.1,2323.076091,1776204497000
1776204499.383,199.383,0.42,140.58,0.41,50.0,0.65,4.85,0.66,41.66,0.35,4.85,0.34,41.66,0.58,140.58,0.59,50.0,0.23,0.23,2323.057039,1776204498000
1776204499.663,199.663,0.63,6.86,0.46,50.0,0.65,4.85,0.66,41.66,0.46,3.14,0.35,4.85,0.58,97.64,0.59,50.0,0.02,0.12,2323.057039,1776204498000
1776204499.88,199.88,0.64,5.0,0.63,5.0,0.66,41.51,0.69,30.0,0.34,41.51,0.31,30.0,0.36,5.0,0.37,5.0,0.02,0.02,2322.962466,1776204499000
1776204500.091,200.091,0.64,5.0,0.63,20.0,0.65,20.0,0.66,41.51,0.35,20.0,0.34,41.51,0.42,23.62,0.43,8.77,0.01,0.07,2322.962466,1776204499000
1776204500.317,200.317,0.64,49.0,0.63,20.0,0.66,41.51,0.7,23.77,0.35,10.0,0.34,41.51,0.36,44.0,0.37,20.0,0.02,0.01,2322.962466,1776204499000
1776204500.785,200.785,0.64,29.0,0.63,20.0,0.66,41.51,0.7,23.77,0.34,41.51,0.3,23.77,0.36,29.0,0.37,20.0,0.02,0.02,2324.125605,1776204500000
1776204501.465,201.465,0.65,44.0,0.64,15.0,0.66,192.51,0.67,15.0,0.34,41.51,0.3,23.77,0.36,29.0,0.37,20.0,0.01,0.02,2324.125605,1776204500000
1776204501.884,201.884,0.65,49.0,0.64,15.0,0.66,181.75,0.67,15.0,0.34,181.75,0.33,15.0,0.35,49.0,0.36,15.0,0.01,0.01,2324.22903,1776204501000
1776204502.419,202.419,0.65,15.0,0.64,11.83,0.66,184.31,0.67,25.5,0.34,210.75,0.33,15.0,0.36,6.83,0.37,10.0,0.01,0.02,2324.22903,1776204501000
1776204502.822,202.822,0.64,11.83,0.63,10.0,0.66,189.31,0.67,25.5,0.34,184.31,0.33,25.5,0.35,15.0,0.36,11.83,0.02,0.01,2324.22903,1776204501000
1776204503.475,203.475,0.64,18.83,0.63,20.5,0.65,144.46,0.66,118.0,0.34,189.31,0.33,25.5,0.36,11.83,0.37,10.0,0.01,0.02,2324.305195,1776204502000
1776204503.697,203.697,0.64,18.83,0.63,20.5,0.65,137.92,0.66,118.0,0.35,144.46,0.34,118.0,0.36,18.83,0.37,20.5,0.01,0.01,2324.305195,1776204502000
1776204503.922,203.922,0.64,13.83,0.63,20.5,0.65,137.92,0.66,118.0,0.35,137.92,0.34,118.0,0.36,13.83,0.37,20.5,0.01,0.01,2324.13622,1776204503000
1776204504.316,204.316,0.64,10.83,0.63,20.5,0.65,74.61,0.66,118.0,0.35,132.61,0.34,118.0,0.36,2.83,0.37,20.5,0.01,0.01,2324.13622,1776204503000
1776204504.906,204.906,0.64,10.83,0.63,20.5,0.65,74.61,0.66,118.0,0.35,74.61,0.34,118.0,0.36,10.83,0.37,20.5,0.01,0.01,2324.024348,1776204504000
1776204505.202,205.202,0.64,10.83,0.63,20.5,0.66,108.0,0.67,15.0,0.35,74.61,0.34,118.0,0.36,10.83,0.37,20.5,0.02,0.01,2324.024348,1776204504000
1776204505.973,205.973,0.65,20.0,0.64,20.0,0.66,79.0,0.68,10.0,0.34,108.0,0.33,15.0,0.36,10.83,0.37,20.5,0.01,0.02,2324.024348,1776204504000
1776204506.411,206.411,0.65,25.0,0.64,10.0,0.66,6.06,0.68,10.0,0.34,6.06,0.32,10.0,0.35,25.0,0.36,10.0,0.01,0.01,2324.015687,1776204505000
1776204507.098,207.098,0.65,25.0,0.64,10.0,0.66,6.06,0.68,10.0,0.34,6.06,0.32,10.0,0.35,25.0,0.36,10.0,0.01,0.01,2324.03411,1776204506000
1776204507.716,207.716,0.67,10.0,0.66,20.5,0.69,14.42,0.7,64.27,0.32,59.52,0.31,10.0,0.33,10.0,0.34,10.0,0.02,0.01,2324.03411,1776204506000
1776204507.923,207.923,0.67,10.0,0.66,20.5,0.69,14.42,0.7,64.27,0.31,14.42,0.3,64.27,0.33,10.0,0.34,20.5,0.02,0.02,2324.06314,1776204507000
1776204508.862,208.862,0.67,10.0,0.66,20.5,0.69,14.42,0.7,64.27,0.31,14.42,0.3,64.27,0.33,10.0,0.34,20.5,0.02,0.02,2324.072502,1776204508000
1776204509.236,209.236,0.68,15.0,0.67,10.0,0.69,55.62,0.7,53.77,0.31,14.42,0.3,64.27,0.33,10.0,0.34,20.5,0.01,0.02,2324.072502,1776204508000
1776204509.897,209.897,0.68,15.0,0.67,10.0,0.69,55.62,0.7,53.77,0.31,55.62,0.3,53.77,0.32,15.0,0.33,10.0,0.01,0.01,2324.093232,1776204509000
1776204510.133,210.133,0.69,34.06,0.68,55.5,0.74,25.0,0.75,25.0,0.3,23.77,0.29,16.0,0.31,18.56,0.32,60.5,0.05,0.01,2324.093232,1776204509000
1776204510.511,210.511,0.73,44.0,0.72,20.0,0.74,0.86,0.75,10.0,0.26,3.59,0.25,35.0,0.27,10.0,0.28,10.0,0.01,0.01,2324.093232,1776204509000
1776204510.772,210.772,0.73,44.0,0.72,20.0,0.75,6.06,0.76,70.0,0.25,6.06,0.24,70.0,0.27,44.0,0.28,20.0,0.02,0.02,2324.332802,1776204510000
1776204511.135,211.135,0.75,44.0,0.74,40.5,0.76,23.7,0.78,10.0,0.25,6.06,0.24,70.0,0.27,44.0,0.28,20.0,0.01,0.02,2324.332802,1776204510000
1776204511.932,211.932,0.77,39.0,0.76,20.0,0.78,14.28,0.79,10.0,0.24,8.56,0.22,10.0,0.25,44.0,0.26,57.5,0.01,0.01,2324.332802,1776204510000
1776204512.241,212.241,0.77,39.0,0.76,20.0,0.78,8.2,0.79,20.0,0.22,8.2,0.21,20.0,0.23,39.0,0.24,20.0,0.01,0.01,2324.318426,1776204511000
1776204513.24,213.24,0.77,39.0,0.76,20.0,0.78,8.2,0.79,20.0,0.22,8.2,0.21,20.0,0.23,39.0,0.24,20.0,0.01,0.01,2324.410094,1776204512000
1776204513.674,213.674,0.77,39.0,0.76,72.33,0.78,27.09,0.79,10.0,0.22,8.2,0.21,20.0,0.23,39.0,0.24,20.0,0.01,0.01,2324.410094,1776204512000
1776204514.134,214.134,0.77,39.0,0.76,72.33,0.78,27.09,0.79,10.0,0.22,27.09,0.21,10.0,0.23,39.0,0.24,72.33,0.01,0.01,2324.542078,1776204513000
1776204514.876,214.876,0.77,44.0,0.76,92.83,0.79,10.0,0.8,35.0,0.22,27.09,0.21,10.0,0.23,39.0,0.24,72.33,0.02,0.01,2324.542078,1776204513000
1776204515.098,215.098,0.77,44.0,0.76,92.83,0.79,10.0,0.8,35.0,0.21,10.0,0.2,35.0,0.23,44.0,0.24,92.83,0.02,0.02,2324.599747,1776204514000
1776204516.206,216.206,0.77,44.0,0.76,92.83,0.79,10.0,0.8,35.0,0.21,10.0,0.2,35.0,0.23,44.0,0.24,92.83,0.02,0.02,2324.661628,1776204515000
1776204516.459,216.459,0.8,5.58,0.79,25.0,0.81,14.07,0.82,103.5,0.19,14.07,0.18,103.5,0.2,43.0,0.21,25.0,0.01,0.01,2324.661628,1776204515000
1776204517.091,217.091,0.8,160.22,0.79,65.5,0.81,2.46,0.82,10.0,0.19,14.07,0.18,103.5,0.2,5.58,0.21,25.0,0.01,0.01,2324.661628,1776204515000
1776204517.546,217.546,0.89,25.0,0.88,15.0,0.9,44.39,0.92,20.0,0.1,4.29,0.08,10.0,0.11,15.61,0.12,25.68,0.01,0.01,2324.63605,1776204516000
1776204518.066,218.066,0.89,25.0,0.88,15.0,0.9,44.39,0.92,20.0,0.1,44.39,0.08,20.0,0.11,25.0,0.12,15.0,0.01,0.01,2324.599191,1776204517000
1776204518.56,218.56,0.89,35.0,0.88,20.0,0.9,43.27,0.92,20.0,0.1,44.39,0.08,20.0,0.11,25.0,0.12,15.0,0.01,0.01,2324.599191,1776204517000
1776204519.002,219.002,0.89,35.0,0.88,20.0,0.9,43.27,0.92,20.0,0.1,43.27,0.08,20.0,0.11,35.0,0.12,20.0,0.01,0.01,2324.844812,1776204518000
1776204519.957,219.957,0.89,20.0,0.88,20.0,0.9,6.43,0.92,10.0,0.1,35.32,0.08,20.0,0.11,35.0,0.12,20.0,0.01,0.01,2324.844812,1776204518000
1776204520.852,220.852,0.91,30.0,0.9,30.0,0.92,7.0,0.93,58.3,0.1,21.43,0.09,10.0,0.12,12.08,0.13,20.0,0.01,0.02,2325.493359,1776204519000
1776204521.082,221.082,0.92,10.0,0.91,30.0,0.93,6.08,0.94,32.0,0.07,6.08,0.06,32.0,0.08,10.0,0.09,30.0,0.01,0.01,2325.447882,1776204520000
1776204521.391,221.391,0.92,4.0,0.91,40.0,0.93,121.98,0.94,66.0,0.07,6.08,0.06,32.0,0.08,10.0,0.09,30.0,0.01,0.01,2325.447882,1776204520000
1776204522.115,222.115,0.91,20.22,0.9,37.0,0.93,0.7,0.94,66.0,0.07,0.7,0.06,66.0,0.09,20.22,0.1,37.0,0.02,0.02,2325.442253,1776204521000
1776204522.392,222.392,0.92,42.07,0.91,55.22,0.93,0.7,0.94,66.0,0.07,0.7,0.06,66.0,0.09,20.22,0.1,37.0,0.01,0.02,2325.442253,1776204521000
1776204522.76,222.76,0.93,30.0,0.92,37.57,0.94,21.85,0.95,233.23,0.06,9.62,0.05,277.23,0.08,47.07,0.09,55.22,0.01,0.02,2325.442253,1776204521000
1776204523.055,223.055,0.93,34.8,0.92,37.57,0.94,21.85,0.95,233.23,0.06,21.85,0.05,233.23,0.07,34.8,0.08,37.57,0.01,0.01,2325.746949,1776204522000
1776204523.556,223.556,0.91,5.22,0.9,43.0,0.94,103.85,0.95,248.23,0.06,21.85,0.05,233.23,0.07,34.8,0.08,37.57,0.03,0.01,2325.746949,1776204522000
1776204524.068,224.068,0.91,5.22,0.9,43.0,0.94,103.85,0.95,248.23,0.06,103.85,0.05,248.23,0.09,5.22,0.1,43.0,0.03,0.03,2325.843231,1776204523000
1776204524.405,224.405,0.89,15.0,0.88,10.0,0.9,73.28,0.91,34.0,0.08,49.0,0.07,38.46,0.11,20.5,0.12,57.5,0.01,0.03,2325.843231,1776204523000
1776204525.227,225.227,0.89,12.0,0.88,10.0,0.9,88.28,0.91,34.0,0.1,88.28,0.09,34.0,0.11,12.0,0.12,10.0,0.01,0.01,2325.78282,1776204524000
1776204526.216,226.216,0.89,12.0,0.88,10.0,0.9,88.28,0.91,34.0,0.1,88.28,0.09,34.0,0.11,12.0,0.12,10.0,0.01,0.01,2325.470755,1776204525000
1776204526.559,226.559,0.89,82.11,0.88,30.5,0.9,80.1,0.92,82.9,0.1,88.28,0.09,34.0,0.11,12.0,0.12,10.0,0.01,0.01,2325.470755,1776204525000
1776204526.867,226.867,0.89,85.47,0.88,101.5,0.9,70.0,0.92,34.0,0.1,80.1,0.08,82.9,0.11,82.11,0.12,30.5,0.01,0.01,2325.470755,1776204525000
1776204527.29,227.29,0.89,85.47,0.88,101.5,0.9,70.0,0.92,34.0,0.1,70.0,0.08,34.0,0.11,85.47,0.12,101.5,0.01,0.01,2325.388545,1776204526000
1776204527.553,227.553,0.89,35.5,0.88,30.5,0.9,100.1,0.91,10.0,0.1,70.0,0.08,34.0,0.11,85.47,0.12,101.5,0.01,0.01,2325.388545,1776204526000
1776204527.819,227.819,0.89,13.5,0.88,20.5,0.9,100.1,0.91,10.0,0.1,100.1,0.09,10.0,0.11,35.5,0.12,30.5,0.01,0.01,2325.388545,1776204526000
1776204528.155,228.155,0.89,13.5,0.88,20.5,0.9,100.1,0.91,10.0,0.1,100.1,0.09,10.0,0.11,13.5,0.12,20.5,0.01,0.01,2325.414959,1776204527000
1776204528.819,228.819,0.89,13.5,0.88,20.5,0.9,63.74,0.91,10.0,0.1,85.2,0.09,10.0,0.11,23.5,0.12,20.5,0.01,0.01,2325.414959,1776204527000
1776204529.111,229.111,0.89,13.5,0.88,20.5,0.9,63.74,0.91,10.0,0.1,63.74,0.09,10.0,0.11,13.5,0.12,20.5,0.01,0.01,2325.45327,1776204528000
1776204529.76,229.76,0.89,2.0,0.88,30.5,0.9,83.74,0.91,54.0,0.1,63.74,0.09,10.0,0.11,13.5,0.12,20.5,0.01,0.01,2325.45327,1776204528000
1776204530.137,230.137,0.88,8.5,0.87,20.5,0.9,78.74,0.91,54.0,0.1,78.74,0.09,54.0,0.12,8.5,0.13,20.5,0.02,0.02,2325.388535,1776204529000
1776204531.048,231.048,0.88,8.5,0.87,20.5,0.9,78.74,0.91,54.0,0.1,78.74,0.09,54.0,0.12,8.5,0.13,20.5,0.02,0.02,2325.287873,1776204530000
1776204531.25,231.25,0.89,20.0,0.87,25.5,0.9,80.6,0.91,64.0,0.1,78.74,0.09,54.0,0.12,8.5,0.13,20.5,0.01,0.02,2325.287873,1776204530000
1776204531.828,231.828,0.89,1.18,0.88,5.0,0.9,80.6,0.91,71.0,0.1,80.6,0.09,64.0,0.11,20.0,0.13,25.5,0.01,0.01,2325.287873,1776204530000
1776204532.275,232.275,0.89,1.18,0.88,5.0,0.9,114.6,0.91,76.0,0.1,114.6,0.09,76.0,0.11,1.18,0.12,5.0,0.01,0.01,2325.267199,1776204531000
1776204533.225,233.225,0.87,91.5,0.86,38.5,0.88,5.0,0.89,80.0,0.12,13.86,0.11,80.0,0.13,30.5,0.14,38.5,0.01,0.01,2325.267199,1776204531000
1776204534.384,234.384,0.87,91.5,0.86,38.5,0.88,5.0,0.89,80.0,0.12,5.0,0.11,80.0,0.13,91.5,0.14,38.5,0.01,0.01,2325.25956,1776204532000
1776204534.609,234.609,0.88,53.0,0.87,64.49,0.89,42.0,0.9,109.5,0.12,5.0,0.11,80.0,0.13,91.5,0.14,38.5,0.01,0.01,2325.25956,1776204532000
1776204534.949,234.949,0.89,60.0,0.88,207.31,0.9,8.96,0.92,48.9,0.1,78.5,0.08,48.9,0.12,139.0,0.13,64.49,0.01,0.02,2325.25956,1776204532000
1776204535.307,235.307,0.89,114.0,0.88,151.31,0.9,3.96,0.93,55.3,0.1,8.96,0.08,48.9,0.11,60.0,0.12,207.31,0.01,0.01,2325.175346,1776204534000
1776204535.858,235.858,0.89,233.26,0.88,61.0,0.93,55.3,0.94,88.82,0.1,3.96,0.07,55.3,0.11,114.0,0.12,151.31,0.04,0.01,2325.175346,1776204534000
1776204536.506,236.506,0.89,233.26,0.88,61.0,0.93,55.3,0.94,88.82,0.07,55.3,0.06,88.82,0.11,233.26,0.12,61.0,0.04,0.04,2325.219221,1776204535000
1776204537.007,237.007,0.92,101.55,0.91,15.0,0.93,113.34,0.94,88.82,0.07,55.3,0.06,88.82,0.11,233.26,0.12,61.0,0.01,0.04,2325.219221,1776204535000
1776204537.326,237.326,0.92,111.55,0.91,15.0,0.93,110.11,0.94,88.82,0.07,110.11,0.06,88.82,0.08,111.55,0.09,15.0,0.01,0.01,2325.28841,1776204536000
1776204537.559,237.559,0.92,111.55,0.91,15.0,0.93,103.37,0.94,88.82,0.07,106.55,0.06,88.82,0.08,111.55,0.09,15.0,0.01,0.01,2325.28841,1776204536000
1776204537.799,237.799,0.92,116.55,0.91,15.0,0.93,76.11,0.94,83.82,0.07,103.37,0.06,88.82,0.08,111.55,0.09,15.0,0.01,0.01,2325.28841,1776204536000
1776204538.014,238.014,0.92,116.55,0.91,15.0,0.93,76.11,0.94,83.82,0.07,76.11,0.06,83.82,0.08,116.55,0.09,15.0,0.01,0.01,2325.355005,1776204537000
1776204538.282,238.282,0.92,95.8,0.91,15.0,0.93,78.42,0.94,83.82,0.07,76.11,0.06,83.82,0.08,116.55,0.09,15.0,0.01,0.01,2325.355005,1776204537000
1776204539.333,239.333,0.92,95.8,0.91,15.0,0.93,78.42,0.94,83.82,0.07,78.42,0.06,83.82,0.08,95.8,0.09,15.0,0.01,0.01,2325.354115,1776204538000
1776204539.735,239.735,0.92,15.0,0.91,15.0,0.93,69.31,0.94,78.82,0.07,78.42,0.06,83.82,0.08,95.8,0.09,15.0,0.01,0.01,2325.354115,1776204538000
1776204540.035,240.035,0.92,15.0,0.91,15.0,0.93,69.31,0.94,78.82,0.07,69.31,0.06,78.82,0.08,15.0,0.09,15.0,0.01,0.01,2325.33593,1776204539000
1776204540.646,240.646,0.92,62.19,0.91,74.0,0.93,81.73,0.94,78.82,0.07,69.31,0.06,78.82,0.08,15.0,0.09,15.0,0.01,0.01,2325.33593,1776204539000
1776204541.064,241.064,0.92,62.19,0.91,80.0,0.93,62.18,0.94,78.82,0.07,75.65,0.06,78.82,0.08,62.19,0.09,80.0,0.01,0.01,2325.33593,1776204539000
1776204541.596,241.596,0.92,77.19,0.91,80.0,0.93,50.18,0.94,78.82,0.07,62.18,0.06,78.82,0.08,62.19,0.09,80.0,0.01,0.01,2325.33593,1776204539000
1776204542.147,242.147,0.93,5.0,0.92,62.19,0.94,98.95,0.95,105.8,0.07,50.18,0.06,78.82,0.08,77.19,0.09,80.0,0.01,0.01,2325.242359,1776204540000
1776204543.689,243.689,0.93,5.0,0.92,62.19,0.94,98.95,0.95,105.8,0.06,98.95,0.05,105.8,0.07,5.0,0.08,62.19,0.01,0.01,2325.22949,1776204542000
1776204544.424,244.424,0.93,5.0,0.92,62.19,0.94,98.95,0.95,105.8,0.06,98.95,0.05,105.8,0.07,5.0,0.08,62.19,0.01,0.01,2325.233158,1776204543000
1776204544.8,244.8,0.93,40.0,0.92,20.0,0.94,28.02,0.95,105.8,0.06,98.95,0.05,105.8,0.07,5.0,0.08,62.19,0.01,0.01,2325.233158,1776204543000
1776204545.133,245.133,0.93,40.0,0.92,20.0,0.94,28.02,0.95,105.8,0.06,28.02,0.05,105.8,0.07,40.0,0.08,20.0,0.01,0.01,2325.239255,1776204544000
1776204545.767,245.767,0.93,45.0,0.92,85.0,0.95,99.01,0.96,128.8,0.05,85.92,0.04,128.8,0.07,40.0,0.08,80.0,0.02,0.02,2325.239255,1776204544000
1776204546.611,246.611,0.93,45.0,0.92,85.0,0.95,99.01,0.96,128.8,0.05,99.01,0.04,128.8,0.07,45.0,0.08,85.0,0.02,0.02,2325.236626,1776204545000
1776204547.231,247.231,0.95,41.34,0.94,86.0,0.96,138.0,0.97,284.7,0.05,99.01,0.04,128.8,0.07,45.0,0.08,85.0,0.01,0.02,2325.236626,1776204545000
1776204547.504,247.504,0.95,51.34,0.94,86.0,0.96,89.95,0.97,284.7,0.04,91.0,0.03,284.7,0.05,36.34,0.06,86.0,0.01,0.01,2325.238554,1776204546000
1776204548.028,248.028,0.94,15.0,0.93,5.0,0.96,119.95,0.97,279.7,0.04,89.95,0.03,284.7,0.05,45.48,0.06,86.0,0.02,0.01,2325.238554,1776204546000
1776204548.623,248.623,0.93,5.0,0.92,5.0,0.94,101.96,0.95,110.8,0.06,33.15,0.05,15.0,0.07,5.0,0.08,90.99,0.01,0.01,2325.294657,1776204547000
1776204549.186,249.186,0.9,5.19,0.89,74.0,0.91,15.0,0.92,49.0,0.06,106.96,0.05,115.8,0.11,95.0,0.12,40.99,0.01,0.05,2325.294657,1776204547000
1776204549.488,249.488,0.9,5.19,0.89,74.0,0.91,15.0,0.92,49.0,0.09,15.0,0.08,49.0,0.1,5.19,0.11,74.0,0.01,0.01,2325.43203,1776204548000
1776204550.186,250.186,0.91,5.0,0.9,115.25,0.92,98.9,0.93,70.3,0.09,15.0,0.08,49.0,0.1,5.19,0.11,74.0,0.01,0.01,2325.43203,1776204548000
1776204550.651,250.651,0.89,76.0,0.88,43.0,0.91,64.0,0.92,103.9,0.08,108.9,0.07,70.3,0.1,92.25,0.11,71.0,0.02,0.02,2325.268094,1776204549000
1776204550.957,250.957,0.89,66.0,0.88,48.0,0.91,63.44,0.92,103.9,0.09,69.53,0.08,103.9,0.11,66.0,0.12,48.0,0.02,0.02,2325.268094,1776204549000
1776204551.353,251.353,0.89,91.0,0.88,57.0,0.91,57.21,0.92,103.9,0.09,63.44,0.08,103.9,0.11,66.0,0.12,48.0,0.02,0.02,2325.268094,1776204549000
1776204551.791,251.791,0.9,170.27,0.89,86.0,0.91,23.4,0.92,97.9,0.09,31.54,0.08,97.9,0.1,10.0,0.11,91.0,0.01,0.01,2325.065731,1776204550000
1776204552.31,252.31,0.91,36.45,0.9,170.27,0.92,75.03,0.93,75.3,0.08,76.78,0.07,70.3,0.1,175.27,0.11,86.0,0.01,0.02,2325.065789,1776204551000
1776204552.513,252.513,0.91,29.31,0.9,170.27,0.92,23.13,0.93,75.3,0.08,24.74,0.07,75.3,0.09,29.31,0.1,170.27,0.01,0.01,2325.065789,1776204551000
1776204552.772,252.772,0.91,39.31,0.9,165.27,0.92,13.88,0.93,75.3,0.08,21.92,0.07,75.3,0.09,29.31,0.1,170.27,0.01,0.01,2325.065789,1776204551000
1776204553.183,253.183,0.91,49.31,0.9,165.27,0.92,5.64,0.93,10.0,0.08,13.88,0.07,75.3,0.09,39.31,0.1,165.27,0.01,0.01,2324.963445,1776204552000
1776204553.83,253.83,0.91,49.31,0.9,165.27,0.92,5.64,0.93,10.0,0.08,5.64,0.07,10.0,0.09,49.31,0.1,165.27,0.01,0.01,2325.024315,1776204553000
1776204554.122,254.122,0.91,265.3,0.9,52.99,0.94,6.15,0.95,10.0,0.08,5.64,0.07,10.0,0.09,49.31,0.1,165.27,0.03,0.01,2325.024315,1776204553000
1776204555.02,255.02,0.93,263.45,0.92,20.0,0.94,14.1,0.96,5.0,0.06,6.15,0.05,10.0,0.09,265.3,0.1,52.99,0.01,0.03,2325.024315,1776204553000
1776204555.477,255.477,0.96,48.34,0.95,30.0,0.97,179.66,0.98,320.17,0.03,146.0,0.02,320.17,0.04,45.0,0.05,46.0,0.01,0.01,2325.024315,1776204553000
1776204555.778,255.778,0.96,95.69,0.95,118.35,0.97,135.0,0.98,320.17,0.03,179.66,0.02,320.17,0.04,48.34,0.05,30.0,0.01,0.01,2325.022311,1776204554000
1776204556.141,256.141,0.96,131.69,0.95,125.0,0.97,125.0,0.98,320.17,0.03,125.0,0.02,320.17,0.04,131.69,0.05,125.0,0.01,0.01,2325.147926,1776204555000
1776204556.773,256.773,0.96,114.19,0.95,89.0,0.97,132.21,0.98,320.17,0.03,148.66,0.02,320.17,0.04,104.19,0.05,89.0,0.01,0.01,2325.147926,1776204555000
1776204557.108,257.108,0.96,109.19,0.95,89.0,0.97,126.17,0.98,320.17,0.03,131.17,0.02,320.17,0.04,109.19,0.05,89.0,0.01,0.01,2325.147926,1776204555000
1776204557.464,257.464,0.96,114.19,0.95,129.0,0.97,95.56,0.98,320.17,0.03,105.86,0.02,320.17,0.04,109.19,0.05,89.0,0.01,0.01,2325.66137,1776204556000
1776204558.449,258.449,0.96,161.19,0.95,74.0,0.97,52.9,0.98,320.17,0.03,95.56,0.02,320.17,0.04,114.19,0.05,129.0,0.01,0.01,2325.66137,1776204556000
1776204558.995,258.995,0.96,161.19,0.95,74.0,0.98,320.17,0.99,1607.1,0.02,320.17,0.01,1607.1,0.04,161.19,0.05,74.0,0.02,0.02,2325.916278,1776204558000
1776204559.206,259.206,0.97,284.99,0.96,54.84,0.98,275.98,0.99,1607.1,0.02,367.58,0.01,1607.1,0.03,294.99,0.04,54.84,0.01,0.01,2325.916278,1776204558000
1776204559.782,259.782,0.97,279.99,0.96,75.67,0.98,261.86,0.99,1607.1,0.02,271.86,0.01,1607.1,0.03,279.99,0.04,54.84,0.01,0.01,2325.916278,1776204558000
1776204560.265,260.265,0.97,100.05,0.96,169.37,0.98,199.22,0.99,1607.1,0.02,200.25,0.01,1607.1,0.03,100.05,0.04,75.67,0.01,0.01,2325.916278,1776204558000
1776204560.575,260.575,0.97,105.05,0.96,169.37,0.98,197.16,0.99,1607.1,0.02,198.19,0.01,1607.1,0.03,100.05,0.04,169.37,0.01,0.01,2325.930047,1776204559000
1776204561.066,261.066,0.97,292.5,0.96,169.37,0.98,188.98,0.99,1607.1,0.02,195.11,0.01,1607.1,0.03,168.8,0.04,169.37,0.01,0.01,2325.930047,1776204559000
1776204561.508,261.508,0.97,327.79,0.96,169.37,0.98,182.86,0.99,1607.1,0.02,188.98,0.01,1607.1,0.03,292.5,0.04,169.37,0.01,0.01,2325.930047,1776204559000
1776204561.92,261.92,0.97,347.79,0.96,179.37,0.98,173.76,0.99,1607.1,0.02,182.86,0.01,1607.1,0.03,327.79,0.04,169.37,0.01,0.01,2326.22153,1776204560000
1776204562.12,262.12,0.97,352.79,0.96,169.37,0.98,171.71,0.99,1607.1,0.02,173.76,0.01,1607.1,0.03,347.79,0.04,179.37,0.01,0.01,2326.229205,1776204561000
1776204562.413,262.413,0.97,352.79,0.96,169.37,0.98,154.52,0.99,1607.1,0.02,155.55,0.01,1607.1,0.03,347.79,0.04,169.37,0.01,0.01,2326.229205,1776204561000
1776204563.194,263.194,0.97,352.79,0.96,179.37,0.98,122.86,0.99,1607.1,0.02,122.86,0.01,1607.1,0.03,352.79,0.04,179.37,0.01,0.01,2326.215765,1776204562000
1776204563.844,263.844,0.97,358.1,0.96,169.37,0.98,121.83,0.99,1607.1,0.02,122.86,0.01,1607.1,0.03,352.79,0.04,179.37,0.01,0.01,2326.215765,1776204562000
1776204564.051,264.051,0.97,363.1,0.96,169.37,0.99,1475.58,,,0.02,72.4,0.01,1607.1,0.03,363.1,0.04,169.37,0.02,0.01,2326.215765,1776204562000
1776204564.362,264.362,0.97,363.1,0.96,169.37,0.99,1475.58,,,0.01,1475.58,,,0.03,363.1,0.04,169.37,0.02,0.02,2326.216955,1776204563000
1776204564.699,264.699,0.98,302.05,0.97,241.0,0.99,1396.58,,,0.01,1406.58,,,0.02,302.05,0.03,241.0,0.01,0.01,2326.216955,1776204563000
1776204564.989,264.989,0.98,302.05,0.97,241.0,0.99,1394.56,,,0.01,1394.56,,,0.02,302.05,0.03,241.0,0.01,0.01,2326.21765,1776204564000
1776204565.19,265.19,0.98,307.05,0.97,241.0,0.99,1288.49,,,0.01,1389.51,,,0.02,307.05,0.03,241.0,0.01,0.01,2326.21765,1776204564000
1776204565.489,265.489,0.98,307.05,0.97,241.0,0.99,1278.47,,,0.01,1282.47,,,0.02,307.05,0.03,241.0,0.01,0.01,2326.21765,1776204564000
1776204566.001,266.001,0.98,307.05,0.97,241.0,0.99,1275.07,,,0.01,1278.47,,,0.02,307.05,0.03,241.0,0.01,0.01,2326.21765,1776204564000
1776204566.44,266.44,0.98,307.05,0.97,241.0,0.99,1271.07,,,0.01,1275.07,,,0.02,307.05,0.03,241.0,0.01,0.01,2326.21765,1776204564000
1776204566.838,266.838,0.98,397.16,0.97,243.0,0.99,1265.07,,,0.01,1271.07,,,0.02,307.05,0.03,241.0,0.01,0.01,2326.21677,1776204565000
1776204567.128,267.128,0.98,397.16,0.97,243.0,0.99,1260.02,,,0.01,1260.02,,,0.02,397.16,0.03,243.0,0.01,0.01,2326.189006,1776204566000
1776204567.407,267.407,0.98,444.16,0.97,248.0,0.99,1257.99,,,0.01,1260.02,,,0.02,397.16,0.03,243.0,0.01,0.01,2326.189006,1776204566000
1776204567.775,267.775,0.98,490.16,0.97,221.01,0.99,1105.99,,,0.01,1257.99,,,0.02,444.16,0.03,248.0,0.01,0.01,2326.189006,1776204566000
1776204568.007,268.007,0.98,490.16,0.97,221.01,0.99,1099.97,,,0.01,1100.99,,,0.02,490.16,0.03,221.01,0.01,0.01,2326.189006,1776204566000
1776204568.525,268.525,0.99,2076.61,0.98,338.7,,,,,,,,,0.01,1427.03,0.02,490.16,,,2326.1667,1776204567000
1776204568.783,268.783,0.99,2459.12,0.98,338.7,,,,,,,,,0.01,2073.49,0.02,338.7,,,2326.1667,1776204567000
1776204569.063,269.063,0.99,2459.12,0.98,338.7,,,,,,,,,0.01,2459.12,0.02,338.7,,,2326.196055,1776204568000
1776204570.104,270.104,0.99,2459.12,0.98,338.7,,,,,,,,,0.01,2459.12,0.02,338.7,,,2326.53114,1776204569000
1776204571.107,271.107,0.99,2459.12,0.98,338.7,,,,,,,,,0.01,2459.12,0.02,338.7,,,2326.692703,1776204570000
1776204572.101,272.101,0.99,2459.12,0.98,338.7,,,,,,,,,0.01,2459.12,0.02,338.7,,,2328.443585,1776204571000
1776204573.076,273.076,0.99,2459.12,0.98,338.7,,,,,,,,,0.01,2459.12,0.02,338.7,,,2328.085655,1776204572000
1776204574.078,274.078,0.99,2459.12,0.98,338.7,,,,,,,,,0.01,2459.12,0.02,338.7,,,2328.036766,1776204573000
1776204575.038,275.038,0.99,2459.12,0.98,338.7,,,,,,,,,0.01,2459.12,0.02,338.7,,,2327.778127,1776204574000
1776204575.852,275.852,0.99,9772.11,0.98,92.0,,,,,,,,,0.01,2459.12,0.02,338.7,,,2327.778127,1776204574000
1776204576.127,276.127,0.99,9354.05,0.98,105.99,,,,,,,,,0.01,9364.05,0.02,87.0,,,2327.608795,1776204575000
1776204576.98,276.98,0.99,9345.05,0.98,105.99,,,,,,,,,0.01,9345.05,0.02,105.99,,,2327.61237,1776204576000
1776204578.035,278.035,0.99,9345.05,0.98,105.99,,,,,,,,,0.01,9345.05,0.02,105.99,,,2327.409856,1776204577000
1776204579.324,279.324,0.99,9345.05,0.98,105.99,,,,,,,,,0.01,9345.05,0.02,105.99,,,2327.06239,1776204578000
1776204580.25,280.25,0.99,9345.05,0.98,105.99,,,,,,,,,0.01,9345.05,0.02,105.99,,,2327.057615,1776204579000
1776204581.217,281.217,0.99,9345.05,0.98,105.99,,,,,,,,,0.01,9345.05,0.02,105.99,,,2327.062238,1776204580000
1776204582.155,282.155,0.99,9345.05,0.98,105.99,,,,,,,,,0.01,9345.05,0.02,105.99,,,2327.365001,1776204581000
1776204583.096,283.096,0.99,9345.05,0.98,105.99,,,,,,,,,0.01,9345.05,0.02,105.99,,,2327.462099,1776204582000
1776204584.069,284.069,0.99,9345.05,0.98,105.99,,,,,,,,,0.01,9345.05,0.02,105.99,,,2327.5068,1776204583000
1776204584.971,284.971,0.99,9345.05,0.98,105.99,,,,,,,,,0.01,9345.05,0.02,105.99,,,2327.339497,1776204584000
1776204586.03,286.03,0.99,9345.05,0.98,105.99,,,,,,,,,0.01,9345.05,0.02,105.99,,,2327.370276,1776204585000
1776204586.997,286.997,0.99,9345.05,0.98,105.99,,,,,,,,,0.01,9345.05,0.02,105.99,,,2329.232501,1776204586000
1776204587.922,287.922,0.99,9345.05,0.98,105.99,,,,,,,,,0.01,9345.05,0.02,105.99,,,2329.201241,1776204587000
1776204588.918,288.918,0.99,9345.05,0.98,105.99,,,,,,,,,0.01,9345.05,0.02,105.99,,,2329.194276,1776204588000
1776204589.824,289.824,0.99,9345.05,0.98,105.99,,,,,,,,,0.01,9345.05,0.02,105.99,,,2329.279244,1776204589000
1776204590.823,290.823,0.99,9345.05,0.98,105.99,,,,,,,,,0.01,9345.05,0.02,105.99,,,2329.313497,1776204590000
1776204592.609,292.609,0.99,9345.05,0.98,105.99,,,,,,,,,0.01,9345.05,0.02,105.99,,,2329.379017,1776204591000
1776204593.116,293.116,0.99,9345.05,0.98,105.99,,,,,,,,,0.01,9345.05,0.02,105.99,,,2329.4685,1776204592000
1776204594.241,294.241,0.99,9345.05,0.98,105.99,,,,,,,,,0.01,9345.05,0.02,105.99,,,2329.777805,1776204593000
1776204595.35,295.35,0.99,9345.05,0.98,105.99,,,,,,,,,0.01,9345.05,0.02,105.99,,,2329.737175,1776204594000
1776204595.887,295.887,0.99,9345.05,0.98,105.99,,,,,,,,,0.01,9345.05,0.02,105.99,,,2329.813854,1776204595000
1776204597.045,297.045,0.99,9345.05,0.98,105.99,,,,,,,,,0.01,9345.05,0.02,105.99,,,2329.760178,1776204596000
1776204598.137,298.137,0.99,9345.05,0.98,105.99,,,,,,,,,0.01,9345.05,0.02,105.99,,,2329.618095,1776204597000
1776204599.234,299.234,0.99,9345.05,0.98,105.99,,,,,,,,,0.01,9345.05,0.02,105.99,,,2329.51586,1776204598000
1776204600.39,300.39,0.99,9345.05,0.98,105.99,,,,,,,,,0.01,9345.05,0.02,105.99,,,2329.366917,1776204599000
1776204600.939,300.939,0.99,9345.05,0.98,105.99,,,,,,,,,0.01,9345.05,0.02,105.99,,,2329.330762,1776204600000
1776204602.064,302.064,0.99,9345.05,0.98,105.99,,,,,,,,,0.01,9345.05,0.02,105.99,,,2329.19426,1776204601000

# RESULT,winner=Up,slug=eth-updown-5m-1776204300,ticks=622
