timestamp,elapsed_sec,up_bid_p1,up_bid_s1,up_bid_p2,up_bid_s2,up_ask_p1,up_ask_s1,up_ask_p2,up_ask_s2,down_bid_p1,down_bid_s1,down_bid_p2,down_bid_s2,down_ask_p1,down_ask_s1,down_ask_p2,down_ask_s2,up_spread,down_spread,eth_price,eth_oracle_ts
1776407400.661,0.661,0.4,5.0,0.39,6.0,0.43,5.0,0.44,5.0,0.58,70.0,0.57,70.0,0.6,10.0,0.61,6.0,0.03,0.02,2326.144879,1776407399000
1776407400.872,0.872,0.39,6.0,0.38,6.0,0.43,70.0,0.44,70.0,0.52,79.21,0.51,2.9,0.6,5.0,0.61,6.0,0.04,0.08,2326.144879,1776407399000
1776407402.355,2.355,0.33,290.0,0.32,70.0,0.39,65.0,0.4,12.0,0.57,70.0,0.56,70.0,0.61,1.0,0.62,6.0,0.06,0.04,2326.241585,1776407400000
1776407403.279,3.279,0.34,70.0,0.32,85.0,0.38,8.88,0.41,70.0,0.61,65.0,0.6,12.0,0.67,290.0,0.68,70.0,0.04,0.06,2325.806821,1776407402000
1776407404.425,4.425,0.36,47.3,0.33,5.0,0.37,29.0,0.38,18.88,0.63,24.0,0.62,18.88,0.64,42.51,0.66,80.0,0.01,0.01,2325.806821,1776407402000
1776407406.915,6.915,0.36,31.67,0.33,5.0,0.37,51.0,0.38,18.88,0.63,29.0,0.62,18.88,0.64,47.3,0.67,5.0,0.01,0.01,2325.459157,1776407405000
1776407407.324,7.324,0.36,14.48,0.33,5.0,0.37,51.0,0.38,18.88,0.63,46.0,0.62,18.88,0.64,21.48,0.67,5.0,0.01,0.01,2325.456022,1776407406000
1776407408.321,8.321,0.36,15.48,0.34,70.0,0.37,46.0,0.38,18.88,0.63,51.0,0.62,18.88,0.64,14.48,0.67,5.0,0.01,0.01,2325.471841,1776407407000
1776407409.489,9.489,0.36,10.48,0.33,5.0,0.37,73.0,0.38,18.88,0.63,46.0,0.62,18.88,0.64,15.48,0.66,70.0,0.01,0.01,2325.447418,1776407408000
1776407410.525,10.525,0.33,45.5,0.32,90.5,0.34,196.98,0.35,39.5,0.66,198.98,0.63,78.0,0.67,5.0,0.68,70.0,0.01,0.01,2325.560509,1776407409000
1776407411.135,11.135,0.33,50.5,0.32,90.5,0.34,196.08,0.35,39.5,0.66,194.03,0.65,39.5,0.67,45.5,0.68,90.5,0.01,0.01,2325.560509,1776407409000
1776407412.064,12.064,0.33,69.3,0.32,160.5,0.34,181.08,0.35,25.5,0.66,196.08,0.65,39.5,0.67,50.5,0.68,90.5,0.01,0.01,2325.453735,1776407410000
1776407413.462,13.462,0.33,28.85,0.32,150.5,0.34,185.69,0.35,31.5,0.66,181.08,0.65,25.5,0.67,69.3,0.68,160.5,0.01,0.01,2325.490126,1776407412000
1776407413.917,13.917,0.3,10.5,0.29,15.0,0.34,330.74,0.35,96.5,0.66,185.69,0.65,31.5,0.67,28.85,0.68,150.5,0.04,0.01,2325.490126,1776407412000
1776407414.259,14.259,0.3,14.0,0.27,15.0,0.31,75.0,0.32,45.5,0.69,25.0,0.68,21.0,0.7,24.5,0.71,15.0,0.01,0.01,2325.490288,1776407413000
1776407414.6,14.6,0.26,120.0,0.25,27.0,0.28,21.0,0.29,26.0,0.69,75.0,0.68,45.5,0.7,14.0,0.73,15.0,0.02,0.01,2325.490288,1776407413000
1776407415.119,15.119,0.26,140.0,0.25,27.0,0.27,10.0,0.28,10.0,0.72,21.0,0.71,26.0,0.74,120.0,0.75,27.0,0.01,0.02,2325.490288,1776407413000
1776407416.912,16.912,0.26,10.0,0.25,15.12,0.27,30.0,0.28,15.0,0.73,10.0,0.72,10.0,0.74,140.0,0.75,27.0,0.01,0.01,2325.316412,1776407416000
1776407421.96,21.96,0.25,120.0,0.24,86.34,0.26,38.0,0.27,39.5,0.73,30.0,0.72,15.0,0.76,83.84,0.79,57.0,0.01,0.03,2324.914014,1776407420000
1776407423.268,23.268,0.21,77.0,0.2,96.0,0.26,184.14,0.27,44.5,0.74,38.0,0.73,39.5,0.75,120.0,0.76,86.34,0.05,0.01,2324.914181,1776407422000
1776407423.841,23.841,0.21,75.73,0.2,101.5,0.22,80.5,0.23,36.5,0.74,184.14,0.73,44.5,0.79,77.0,0.8,96.0,0.01,0.05,2324.914181,1776407422000
1776407425.562,25.562,0.21,74.46,0.2,86.0,0.22,81.5,0.23,36.5,0.78,80.5,0.77,36.5,0.79,75.73,0.8,101.5,0.01,0.01,2324.914181,1776407422000
1776407426.125,26.125,0.2,10.5,0.19,80.5,0.22,175.5,0.23,52.5,0.78,81.5,0.77,36.5,0.79,74.46,0.8,86.0,0.02,0.01,2324.914181,1776407422000
1776407426.424,26.424,0.19,90.0,0.18,85.5,0.2,24.0,0.21,34.0,0.79,30.0,0.78,118.5,0.81,75.0,0.82,80.5,0.01,0.02,2324.914181,1776407422000
1776407426.821,26.821,0.19,90.0,0.18,160.5,0.2,21.5,0.21,34.0,0.8,24.0,0.79,34.0,0.81,90.0,0.82,85.5,0.01,0.01,2324.796267,1776407425000
1776407428.489,28.489,0.19,82.0,0.18,140.0,0.2,88.0,0.21,44.5,0.8,21.5,0.79,34.0,0.81,90.0,0.82,160.5,0.01,0.01,2324.710607,1776407427000
1776407430.564,30.564,0.19,96.54,0.18,140.0,0.2,145.5,0.21,49.5,0.8,88.0,0.79,44.5,0.81,45.0,0.82,140.0,0.01,0.01,2324.611284,1776407428000
1776407432.738,32.738,0.19,146.04,0.18,155.5,0.21,39.0,0.22,40.5,0.8,145.5,0.79,49.5,0.81,96.54,0.82,140.0,0.02,0.01,2324.541599,1776407431000
1776407433.183,33.183,0.2,111.0,0.19,108.04,0.21,26.0,0.22,32.0,0.79,39.0,0.78,40.5,0.81,146.04,0.82,155.5,0.01,0.02,2324.541599,1776407431000
1776407433.779,33.779,0.2,86.0,0.19,108.04,0.21,17.61,0.22,32.0,0.79,26.0,0.78,32.0,0.8,111.0,0.81,108.04,0.01,0.01,2324.517914,1776407432000
1776407435.089,35.089,0.2,51.0,0.19,48.54,0.21,118.78,0.22,42.5,0.79,17.61,0.78,32.0,0.8,86.0,0.81,108.04,0.01,0.01,2324.523168,1776407433000
1776407435.437,35.437,0.2,38.0,0.19,59.04,0.21,119.54,0.22,42.5,0.79,118.78,0.78,42.5,0.8,51.0,0.81,48.54,0.01,0.01,2324.632598,1776407434000
1776407437.4,37.4,0.2,18.5,0.19,64.04,0.21,112.54,0.22,32.0,0.79,119.54,0.78,42.5,0.8,38.0,0.81,59.04,0.01,0.01,2324.763128,1776407435000
1776407438.715,38.715,0.2,53.25,0.19,64.04,0.21,84.54,0.22,32.0,0.79,91.54,0.78,32.0,0.8,23.5,0.81,64.04,0.01,0.01,2324.659474,1776407437000
1776407438.965,38.965,0.2,39.25,0.19,64.04,0.21,84.54,0.22,32.0,0.79,84.54,0.78,32.0,0.8,53.25,0.81,64.04,0.01,0.01,2324.659474,1776407437000
1776407439.534,39.534,0.2,44.25,0.19,64.04,0.21,63.56,0.22,32.0,0.79,84.54,0.78,32.0,0.8,39.25,0.81,64.04,0.01,0.01,2324.659642,1776407438000
1776407439.956,39.956,0.2,87.75,0.19,64.64,0.23,27.0,0.24,15.0,0.79,63.56,0.78,32.0,0.8,44.25,0.81,64.04,0.03,0.01,2324.659642,1776407438000
1776407440.284,40.284,0.22,125.5,0.21,103.35,0.23,3.0,0.24,15.0,0.77,27.0,0.76,15.0,0.8,87.75,0.81,64.64,0.01,0.03,2324.659642,1776407438000
1776407441.182,41.182,0.22,119.21,0.21,133.49,0.23,3.0,0.24,15.0,0.77,3.0,0.76,15.0,0.78,125.5,0.79,103.35,0.01,0.01,2324.659642,1776407438000
1776407442.125,42.125,0.22,215.21,0.21,133.49,0.23,40.97,0.24,9.54,0.76,9.54,0.75,15.0,0.78,124.21,0.79,133.49,0.01,0.02,2324.707705,1776407440000
1776407445.416,45.416,0.22,212.21,0.21,101.5,0.23,40.97,0.24,14.54,0.77,45.97,0.76,9.54,0.78,251.21,0.79,128.49,0.01,0.01,2324.972494,1776407444000
1776407445.935,45.935,0.22,138.06,0.21,135.19,0.23,23.97,0.24,6.99,0.77,40.97,0.76,14.54,0.78,212.21,0.79,101.5,0.01,0.01,2324.972494,1776407444000
1776407446.296,46.296,0.28,58.5,0.27,5.0,0.29,25.5,0.3,31.0,0.71,0.96,0.7,24.0,0.72,59.5,0.76,7.0,0.01,0.01,2324.972494,1776407444000
1776407447.522,47.522,0.28,60.3,0.27,5.0,0.29,28.6,0.3,22.0,0.71,46.6,0.7,31.0,0.72,73.5,0.73,5.0,0.01,0.01,2325.046093,1776407446000
1776407450.284,50.284,0.28,48.81,0.27,5.0,0.29,40.0,0.3,141.69,0.71,23.58,0.7,136.69,0.72,55.3,0.73,5.0,0.01,0.01,2325.087118,1776407448000
1776407450.746,50.746,0.28,42.42,0.27,5.0,0.29,27.0,0.3,136.69,0.71,40.0,0.7,141.69,0.72,48.81,0.73,5.0,0.01,0.01,2325.087118,1776407448000
1776407451.371,51.371,0.29,96.42,0.28,62.92,0.3,5.0,0.33,49.5,0.7,121.69,0.69,13.0,0.71,2.0,0.72,88.42,0.01,0.01,2325.106562,1776407450000
1776407451.647,51.647,0.32,17.0,0.31,60.5,0.34,200.22,0.35,176.54,0.67,12.68,0.66,202.24,0.68,6.0,0.69,16.0,0.02,0.01,2325.106562,1776407450000
1776407455.258,55.258,0.32,12.45,0.31,26.0,0.33,32.5,0.34,259.37,0.66,194.33,0.65,176.54,0.68,17.0,0.69,60.5,0.01,0.02,2325.440103,1776407454000
1776407457.754,57.754,0.33,51.45,0.32,22.5,0.34,212.16,0.35,25.5,0.67,32.5,0.66,259.37,0.68,12.45,0.69,26.0,0.01,0.01,2325.353097,1776407456000
1776407459.004,59.004,0.33,17.45,0.32,12.0,0.34,227.66,0.35,30.5,0.66,212.16,0.65,25.5,0.67,51.45,0.68,22.5,0.01,0.01,2325.409224,1776407457000
1776407460.021,60.021,0.29,55.46,0.28,170.84,0.34,252.66,0.35,30.5,0.66,227.66,0.65,30.5,0.67,17.45,0.68,12.0,0.05,0.01,2325.422326,1776407459000
1776407460.489,60.489,0.29,177.45,0.28,98.77,0.3,6.0,0.31,10.0,0.66,252.66,0.65,30.5,0.71,55.46,0.72,170.84,0.01,0.05,2325.422326,1776407459000
1776407461.404,61.404,0.29,111.99,0.28,82.27,0.3,12.66,0.31,20.5,0.7,6.0,0.69,10.0,0.71,177.45,0.72,98.77,0.01,0.01,2325.410636,1776407460000
1776407461.659,61.659,0.28,37.42,0.26,14.0,0.3,112.16,0.31,20.5,0.7,12.66,0.69,20.5,0.71,97.99,0.72,82.27,0.02,0.01,2325.410636,1776407460000
1776407466.717,66.717,0.27,101.27,0.26,22.31,0.28,21.94,0.29,15.0,0.71,10.0,0.7,116.16,0.74,31.0,0.75,10.0,0.01,0.03,2325.198756,1776407465000
1776407466.979,66.979,0.27,120.27,0.26,102.31,0.28,0.94,0.29,15.0,0.72,21.94,0.71,15.0,0.73,101.27,0.74,22.31,0.01,0.01,2325.330785,1776407466000
1776407467.564,67.564,0.28,73.02,0.27,76.31,0.29,156.85,0.3,25.5,0.71,4.0,0.7,25.5,0.72,75.47,0.73,76.31,0.01,0.01,2325.330785,1776407466000
1776407469.265,69.265,0.28,145.31,0.27,101.31,0.29,134.85,0.32,5.0,0.71,148.4,0.7,25.5,0.72,71.63,0.73,76.31,0.01,0.01,2325.270138,1776407468000
1776407469.817,69.817,0.31,134.54,0.3,30.0,0.32,5.0,0.33,20.5,0.71,59.85,0.68,5.0,0.72,145.31,0.73,101.31,0.01,0.01,2325.270138,1776407468000
1776407471.03,71.03,0.31,93.86,0.3,30.0,0.32,1.87,0.33,20.5,0.68,1.87,0.67,20.5,0.69,103.86,0.7,30.0,0.01,0.01,2325.280316,1776407469000
1776407472.471,72.471,0.31,76.86,0.3,20.0,0.32,28.9,0.33,20.5,0.68,1.87,0.67,20.5,0.69,93.86,0.7,30.0,0.01,0.01,2325.441688,1776407471000
1776407472.973,72.973,0.31,117.41,0.3,20.0,0.32,32.4,0.33,20.5,0.68,28.9,0.67,20.5,0.69,76.86,0.7,20.0,0.01,0.01,2325.441688,1776407471000
1776407473.928,73.928,0.31,117.41,0.3,20.0,0.32,33.33,0.33,20.5,0.68,32.4,0.67,20.5,0.69,117.41,0.7,20.0,0.01,0.01,2325.458567,1776407473000
1776407477.408,77.408,0.31,1.42,0.3,69.18,0.32,149.15,0.33,20.5,0.68,33.33,0.67,20.5,0.69,117.41,0.7,20.0,0.01,0.01,2325.425857,1776407476000
1776407477.813,77.813,0.3,69.18,0.29,21.0,0.31,71.56,0.32,98.99,0.68,149.15,0.67,20.5,0.69,1.42,0.7,69.18,0.01,0.01,2325.425857,1776407476000
1776407478.439,78.439,0.3,83.18,0.29,31.5,0.31,62.43,0.32,81.99,0.69,78.83,0.68,98.99,0.7,73.18,0.71,31.5,0.01,0.01,2325.433804,1776407477000
1776407481.135,81.135,0.3,53.18,0.29,16.0,0.31,84.43,0.32,81.99,0.69,62.43,0.68,81.99,0.7,83.18,0.71,31.5,0.01,0.01,2325.374643,1776407479000
1776407482.887,82.887,0.26,32.5,0.25,23.0,0.28,138.66,0.29,32.5,0.69,84.43,0.68,81.99,0.7,53.18,0.71,16.0,0.02,0.01,2325.357884,1776407481000
1776407483.198,83.198,0.26,37.5,0.25,23.0,0.27,118.16,0.28,78.0,0.72,138.66,0.71,32.5,0.74,32.5,0.75,23.0,0.01,0.02,2325.357884,1776407481000
1776407483.756,83.756,0.26,37.5,0.25,23.0,0.27,65.45,0.28,36.0,0.73,118.16,0.72,78.0,0.74,37.5,0.75,23.0,0.01,0.01,2325.412448,1776407482000
1776407484.473,84.473,0.26,26.14,0.25,28.0,0.27,75.45,0.28,36.0,0.73,70.45,0.72,36.0,0.74,36.19,0.75,23.0,0.01,0.01,2325.407717,1776407483000
1776407485.254,85.254,0.24,10.5,0.23,5.0,0.26,102.7,0.27,70.5,0.73,75.45,0.72,36.0,0.74,26.14,0.75,28.0,0.02,0.01,2325.407717,1776407483000
1776407485.455,85.455,0.23,43.0,0.22,21.81,0.24,71.0,0.25,30.0,0.76,63.0,0.75,22.0,0.77,50.0,0.78,21.81,0.01,0.01,2325.333176,1776407484000
1776407486.458,86.458,0.23,44.42,0.22,16.81,0.24,112.66,0.25,40.5,0.76,59.0,0.75,30.0,0.77,37.61,0.78,21.81,0.01,0.01,2325.306724,1776407485000
1776407488.918,88.918,0.21,24.64,0.2,22.0,0.22,90.66,0.23,31.5,0.76,112.66,0.75,40.5,0.77,44.42,0.78,16.81,0.01,0.01,2325.116423,1776407487000
1776407489.725,89.725,0.21,13.81,0.2,22.0,0.22,93.66,0.23,31.5,0.78,90.66,0.77,31.5,0.79,24.64,0.8,22.0,0.01,0.01,2325.1213,1776407488000
1776407490.94,90.94,0.21,3.81,0.2,22.0,0.22,126.66,0.23,31.5,0.78,93.66,0.77,31.5,0.79,13.81,0.8,22.0,0.01,0.01,2325.068246,1776407490000
1776407495.14,95.14,0.2,29.79,0.19,23.0,0.21,139.06,0.22,31.5,0.78,83.16,0.77,31.5,0.8,22.0,0.81,10.0,0.01,0.02,2324.976019,1776407493000
1776407495.747,95.747,0.19,41.53,0.18,39.0,0.2,66.16,0.21,60.56,0.79,134.06,0.78,31.5,0.81,23.0,0.82,5.0,0.01,0.02,2325.034671,1776407494000
1776407498.061,98.061,0.2,58.95,0.19,76.53,0.21,106.56,0.22,26.5,0.8,66.16,0.79,60.56,0.81,41.53,0.82,39.0,0.01,0.01,2324.962295,1776407497000
1776407498.944,98.944,0.2,52.5,0.19,76.53,0.21,113.56,0.22,26.5,0.79,106.56,0.78,26.5,0.8,58.95,0.81,76.53,0.01,0.01,2324.962295,1776407497000
1776407500.464,100.464,0.2,134.2,0.19,118.49,0.21,37.56,0.26,6.0,0.79,113.56,0.78,26.5,0.8,52.5,0.81,76.53,0.01,0.01,2324.962085,1776407498000
1776407500.926,100.926,0.25,42.0,0.24,85.0,0.26,21.5,0.27,15.0,0.74,6.0,0.73,15.0,0.8,139.2,0.81,118.49,0.01,0.06,2324.962535,1776407499000
1776407502.164,102.164,0.25,41.66,0.24,85.0,0.26,36.5,0.27,15.0,0.74,21.5,0.73,15.0,0.75,42.0,0.76,85.0,0.01,0.01,2324.956734,1776407500000
1776407504.491,104.491,0.25,23.32,0.24,75.0,0.26,43.5,0.27,46.18,0.74,36.5,0.73,15.0,0.75,41.66,0.76,85.0,0.01,0.01,2325.164285,1776407503000
1776407511.794,111.794,0.25,23.32,0.24,5.0,0.26,38.0,0.27,31.5,0.74,43.5,0.73,46.18,0.75,23.32,0.76,75.0,0.01,0.01,2325.168606,1776407510000
1776407512.965,112.965,0.25,84.02,0.22,12.0,0.26,79.66,0.27,48.9,0.74,38.0,0.73,31.5,0.75,23.32,0.76,5.0,0.01,0.01,2325.25154,1776407511000
1776407513.182,113.182,0.25,77.02,0.22,7.0,0.26,210.66,0.27,114.89,0.74,79.66,0.73,48.9,0.75,84.02,0.78,12.0,0.01,0.01,2325.185757,1776407512000
1776407513.447,113.447,0.25,37.95,0.22,7.0,0.26,221.66,0.27,114.89,0.74,218.66,0.73,114.89,0.75,43.02,0.78,7.0,0.01,0.01,2325.185757,1776407512000
1776407517.234,117.234,0.25,46.61,0.22,7.0,0.26,270.65,0.27,86.44,0.74,221.66,0.73,114.89,0.75,37.95,0.78,7.0,0.01,0.01,2325.107594,1776407515000
1776407518.061,118.061,0.25,45.27,0.22,7.0,0.26,219.66,0.27,91.99,0.74,270.65,0.73,86.44,0.75,46.61,0.78,7.0,0.01,0.01,2325.125942,1776407516000
1776407519.275,119.275,0.25,80.27,0.23,5.0,0.26,33.16,0.27,59.45,0.74,219.66,0.73,91.99,0.75,45.27,0.78,7.0,0.01,0.01,2325.091011,1776407517000
1776407519.799,119.799,0.25,75.27,0.23,5.0,0.26,45.31,0.27,59.45,0.74,33.16,0.73,59.45,0.75,80.27,0.77,5.0,0.01,0.01,2325.112503,1776407518000
1776407520.497,120.497,0.25,92.94,0.24,5.0,0.26,154.96,0.27,38.39,0.74,45.31,0.73,59.45,0.75,75.27,0.77,5.0,0.01,0.01,2325.088412,1776407519000
1776407521.087,121.087,0.25,97.94,0.24,95.5,0.26,40.46,0.27,17.0,0.74,154.96,0.73,38.39,0.75,92.94,0.76,5.0,0.01,0.01,2325.090075,1776407520000
1776407521.496,121.496,0.27,85.17,0.26,50.5,0.28,5.76,0.29,32.0,0.74,11.46,0.73,17.0,0.75,107.94,0.76,95.5,0.01,0.01,2325.090075,1776407520000
1776407522.109,122.109,0.28,32.82,0.27,20.23,0.29,26.0,0.3,32.14,0.71,1.68,0.7,32.14,0.73,80.4,0.74,50.5,0.01,0.02,2325.090075,1776407520000
1776407522.83,122.83,0.27,22.28,0.26,35.5,0.28,149.85,0.29,48.0,0.72,129.85,0.71,36.0,0.73,20.23,0.74,35.5,0.01,0.01,2325.21572,1776407521000
1776407523.276,123.276,0.27,12.28,0.26,35.5,0.28,154.85,0.29,38.0,0.72,149.85,0.71,48.0,0.73,22.28,0.74,35.5,0.01,0.01,2325.261237,1776407522000
1776407524.352,124.352,0.27,10.17,0.26,5.0,0.28,273.19,0.29,47.5,0.72,149.24,0.71,38.0,0.73,12.28,0.74,35.5,0.01,0.01,2325.261237,1776407522000
1776407524.677,124.677,0.27,1.89,0.26,5.0,0.28,284.19,0.29,41.5,0.72,301.19,0.71,47.5,0.73,8.11,0.74,5.0,0.01,0.01,2325.31,1776407523000
1776407525.157,125.157,0.25,18.41,0.24,95.5,0.26,111.0,0.27,10.0,0.72,279.19,0.71,41.5,0.75,4.38,0.76,85.0,0.01,0.03,2325.31,1776407523000
1776407525.492,125.492,0.25,8.53,0.24,95.5,0.26,121.0,0.27,10.0,0.74,111.0,0.73,10.0,0.75,6.74,0.76,95.5,0.01,0.01,2325.388442,1776407524000
1776407526.495,126.495,0.24,94.02,0.23,30.5,0.26,167.0,0.27,15.0,0.74,126.0,0.73,10.0,0.75,2.61,0.76,95.5,0.02,0.01,2325.406118,1776407525000
1776407527.245,127.245,0.24,94.02,0.23,30.5,0.25,80.0,0.26,20.0,0.74,167.0,0.73,15.0,0.76,94.02,0.77,30.5,0.01,0.02,2325.406118,1776407525000
1776407527.466,127.466,0.24,104.02,0.23,25.5,0.25,28.0,0.26,20.0,0.75,80.0,0.74,20.0,0.76,94.02,0.77,30.5,0.01,0.01,2325.406118,1776407525000
1776407527.79,127.79,0.25,20.5,0.24,99.02,0.26,61.0,0.27,15.0,0.75,9.0,0.74,20.0,0.76,104.02,0.77,25.5,0.01,0.01,2325.41043,1776407526000
1776407528.276,128.276,0.25,122.5,0.24,123.02,0.28,119.24,0.29,5.0,0.74,61.0,0.73,15.0,0.75,20.5,0.76,99.02,0.03,0.01,2325.324215,1776407527000
1776407528.652,128.652,0.27,72.31,0.26,25.5,0.28,107.24,0.29,5.0,0.72,107.24,0.71,5.0,0.73,31.5,0.74,25.5,0.01,0.01,2325.324215,1776407527000
1776407530.196,130.196,0.27,63.81,0.26,92.5,0.28,91.12,0.3,10.0,0.72,107.24,0.71,5.0,0.73,72.31,0.74,25.5,0.01,0.01,2325.391053,1776407528000
1776407531.137,131.137,0.27,76.41,0.26,111.2,0.28,75.4,0.29,5.0,0.72,75.4,0.7,10.0,0.73,63.81,0.74,92.5,0.01,0.01,2325.327436,1776407529000
1776407531.934,131.934,0.27,63.41,0.26,111.2,0.28,69.17,0.29,5.0,0.72,75.4,0.71,5.0,0.73,81.41,0.74,111.2,0.01,0.01,2325.484288,1776407530000
1776407532.292,132.292,0.27,53.82,0.26,111.2,0.28,69.17,0.29,5.0,0.72,69.17,0.71,5.0,0.73,63.41,0.74,111.2,0.01,0.01,2325.484288,1776407530000
1776407533.29,133.29,0.27,35.45,0.26,111.2,0.28,69.17,0.29,5.0,0.72,74.17,0.71,5.0,0.73,57.45,0.74,111.2,0.01,0.01,2325.519465,1776407531000
1776407535.956,135.956,0.27,37.0,0.26,92.5,0.28,165.15,0.29,5.0,0.72,69.17,0.71,5.0,0.73,35.45,0.74,111.2,0.01,0.01,2325.663531,1776407534000
1776407539.259,139.259,0.27,330.5,0.26,124.5,0.28,39.17,0.3,5.0,0.72,165.15,0.71,5.0,0.73,37.0,0.74,92.5,0.01,0.01,2325.590923,1776407538000
1776407542.961,142.961,0.33,65.0,0.32,31.0,0.34,164.12,0.35,15.5,0.66,141.62,0.65,5.0,0.67,31.83,0.68,6.0,0.01,0.01,2325.749516,1776407541000
1776407543.327,143.327,0.33,115.0,0.32,31.0,0.34,159.12,0.35,15.5,0.66,164.12,0.65,15.5,0.67,65.0,0.68,31.0,0.01,0.01,2325.769794,1776407542000
1776407545.597,145.597,0.33,117.15,0.32,31.0,0.34,141.62,0.35,5.0,0.66,159.12,0.65,15.5,0.67,115.0,0.68,31.0,0.01,0.01,2325.788708,1776407544000
1776407546.758,146.758,0.33,69.0,0.32,31.0,0.34,159.12,0.35,15.5,0.66,141.62,0.65,5.0,0.67,117.15,0.68,31.0,0.01,0.01,2325.769364,1776407545000
1776407549.202,149.202,0.26,55.0,0.25,31.0,0.33,20.5,0.34,343.33,0.66,159.12,0.65,15.5,0.67,69.0,0.68,31.0,0.07,0.01,2325.754411,1776407547000
1776407549.963,149.963,0.25,31.0,0.24,34.0,0.26,62.98,0.27,91.5,0.67,20.5,0.66,343.33,0.74,55.0,0.75,31.0,0.01,0.07,2325.790008,1776407548000
1776407550.237,150.237,0.25,7.0,0.24,34.0,0.26,67.98,0.27,96.5,0.74,62.98,0.73,91.5,0.75,31.0,0.76,34.0,0.01,0.01,2325.790008,1776407548000
1776407550.504,150.504,0.25,7.0,0.24,24.0,0.26,52.59,0.27,91.5,0.74,67.98,0.73,96.5,0.75,7.0,0.76,34.0,0.01,0.01,2325.790008,1776407548000
1776407553.864,153.864,0.25,5.0,0.24,5.0,0.26,81.09,0.27,91.5,0.74,52.59,0.73,91.5,0.75,7.0,0.76,24.0,0.01,0.01,2325.505705,1776407552000
1776407554.635,154.635,0.24,3.0,0.23,93.75,0.25,108.59,0.26,20.5,0.74,86.09,0.73,91.5,0.76,3.0,0.77,93.75,0.01,0.02,2325.505705,1776407552000
1776407560.499,160.499,0.33,172.0,0.32,31.0,0.34,110.73,0.35,5.0,0.75,108.59,0.74,20.5,0.76,3.0,0.77,93.75,0.01,0.01,2325.466313,1776407558000
1776407562.114,162.114,0.41,24.71,0.4,15.0,0.42,38.76,0.43,92.9,0.58,1.67,0.57,5.0,0.64,1.83,0.67,183.0,0.01,0.06,2325.691172,1776407560000
1776407562.489,162.489,0.4,93.5,0.39,25.5,0.41,13.5,0.42,1.67,0.59,5.27,0.58,28.26,0.6,25.5,0.61,25.5,0.01,0.01,2325.691172,1776407560000
1776407562.691,162.691,0.41,46.0,0.4,70.5,0.45,2.17,0.46,65.0,0.55,12.17,0.54,65.0,0.59,15.0,0.6,75.5,0.04,0.04,2325.691172,1776407560000
1776407563.32,163.32,0.45,285.0,0.44,55.0,0.46,26.86,0.47,106.52,0.55,2.17,0.54,65.0,0.59,46.0,0.6,70.5,0.01,0.04,2325.798688,1776407561000
1776407563.718,163.718,0.45,259.54,0.44,55.0,0.46,36.86,0.47,111.52,0.54,21.86,0.53,111.52,0.55,269.54,0.56,55.0,0.01,0.01,2325.877008,1776407562000
1776407563.952,163.952,0.45,253.63,0.44,50.0,0.46,17.36,0.47,111.52,0.54,6.86,0.53,111.52,0.55,259.54,0.56,50.0,0.01,0.01,2325.877008,1776407562000
1776407564.748,164.748,0.45,238.63,0.44,55.0,0.46,10.62,0.47,111.52,0.54,17.36,0.53,111.52,0.55,238.63,0.56,50.0,0.01,0.01,2325.992607,1776407563000
1776407565.227,165.227,0.45,106.35,0.44,60.0,0.46,10.5,0.47,111.52,0.54,10.62,0.53,111.52,0.55,238.63,0.56,55.0,0.01,0.01,2325.992607,1776407563000
1776407568.3,168.3,0.44,40.0,0.43,20.0,0.46,93.5,0.47,106.52,0.54,10.5,0.53,111.52,0.55,106.35,0.56,60.0,0.02,0.01,2326.053303,1776407566000
1776407570.013,170.013,0.45,26.0,0.44,10.0,0.46,60.5,0.47,20.5,0.54,93.5,0.53,106.52,0.58,10.0,0.59,10.0,0.01,0.04,2325.980077,1776407568000
1776407571.84,171.84,0.45,25.49,0.44,32.5,0.46,5.0,0.48,29.71,0.54,45.5,0.53,20.5,0.55,26.0,0.56,10.0,0.01,0.01,2325.970755,1776407570000
1776407573.166,173.166,0.46,64.26,0.45,20.49,0.47,45.5,0.48,25.5,0.51,7.5,0.5,62.0,0.54,96.5,0.55,25.49,0.01,0.03,2326.064744,1776407572000
1776407573.62,173.62,0.46,16.26,0.44,22.0,0.47,53.5,0.48,25.5,0.53,45.5,0.52,25.5,0.54,64.26,0.55,20.49,0.01,0.01,2326.064744,1776407572000
1776407574.085,174.085,0.44,23.0,0.43,25.5,0.45,50.94,0.46,25.5,0.53,53.5,0.52,25.5,0.56,17.0,0.57,20.5,0.01,0.03,2326.064744,1776407572000
1776407575.877,175.877,0.44,53.0,0.43,20.5,0.46,5.0,0.47,5.0,0.55,50.94,0.54,25.5,0.56,23.0,0.57,25.5,0.02,0.01,2326.102782,1776407574000
1776407577.367,177.367,0.45,86.5,0.44,62.5,0.46,10.0,0.47,5.0,0.54,5.0,0.53,5.0,0.56,53.0,0.57,20.5,0.01,0.02,2326.028241,1776407575000
1776407577.822,177.822,0.45,81.5,0.44,62.5,0.47,5.0,0.48,10.5,0.54,10.0,0.53,5.0,0.55,86.5,0.56,62.5,0.02,0.01,2326.033008,1776407576000
1776407579.064,179.064,0.38,43.5,0.37,20.5,0.39,62.0,0.4,5.0,0.52,10.5,0.51,29.26,0.54,8.14,0.55,61.5,0.01,0.02,2326.032916,1776407577000
1776407579.269,179.269,0.38,49.74,0.37,25.5,0.39,4.35,0.4,10.0,0.61,4.35,0.6,10.0,0.62,49.74,0.63,25.5,0.01,0.01,2326.032916,1776407577000
1776407582.172,182.172,0.39,108.0,0.38,20.0,0.42,17.63,0.5,52.0,0.61,4.35,0.6,10.0,0.62,49.74,0.63,25.5,0.03,0.01,2325.908906,1776407581000
1776407582.44,182.44,0.48,12.5,0.39,108.0,0.5,6.8,0.51,4.61,0.5,26.8,0.49,4.61,0.52,12.5,0.61,108.0,0.02,0.02,2325.908906,1776407581000
1776407582.859,182.859,0.48,12.5,0.39,108.0,0.51,54.51,0.54,14.5,0.49,4.61,0.46,14.5,0.52,12.5,0.61,108.0,0.03,0.03,2325.908906,1776407581000
1776407584.524,184.524,0.5,18.66,0.49,17.0,0.51,4.51,0.54,27.5,0.49,54.51,0.46,14.5,0.52,12.5,0.61,108.0,0.01,0.03,2326.226276,1776407583000
1776407585.299,185.299,0.5,19.41,0.49,7.0,0.51,4.51,0.54,14.5,0.49,4.51,0.46,27.5,0.5,18.66,0.51,17.0,0.01,0.01,2326.226276,1776407583000
1776407585.788,185.788,0.5,14.41,0.49,7.0,0.51,4.51,0.53,10.0,0.49,4.51,0.46,14.5,0.5,19.41,0.51,7.0,0.01,0.01,2326.28994,1776407584000
1776407587.107,187.107,0.58,10.0,0.57,10.0,0.6,19.0,0.61,60.0,0.47,7.91,0.46,14.5,0.5,14.41,0.51,7.0,0.02,0.03,2326.335456,1776407586000
1776407587.571,187.571,0.59,10.0,0.58,10.0,0.6,24.63,0.61,64.0,0.4,13.33,0.39,74.0,0.41,10.0,0.42,10.0,0.01,0.01,2326.335456,1776407586000
1776407587.785,187.785,0.57,4.64,0.56,10.0,0.61,64.0,0.64,25.6,0.4,24.63,0.39,64.0,0.41,5.12,0.42,10.0,0.04,0.01,2326.335456,1776407586000
1776407588.906,188.906,0.6,10.0,0.59,16.0,0.61,62.74,0.62,14.0,0.39,64.0,0.36,25.6,0.43,4.64,0.44,10.0,0.01,0.04,2326.34044,1776407587000
1776407589.522,189.522,0.6,5.0,0.59,16.0,0.61,55.5,0.64,15.6,0.39,62.74,0.38,14.0,0.4,10.0,0.41,16.0,0.01,0.01,2326.359601,1776407588000
1776407591.033,191.033,0.62,6.0,0.61,10.0,0.64,57.66,0.65,40.8,0.39,33.74,0.36,30.6,0.4,5.0,0.41,16.0,0.02,0.01,2326.419408,1776407589000
1776407591.461,191.461,0.63,30.0,0.62,6.0,0.65,15.8,0.66,16.0,0.35,40.8,0.34,16.0,0.37,8.0,0.38,26.0,0.02,0.02,2326.518305,1776407590000
1776407591.689,191.689,0.64,10.14,0.63,10.0,0.65,20.8,0.66,26.0,0.35,15.8,0.34,16.0,0.36,15.0,0.37,10.0,0.01,0.01,2326.518305,1776407590000
1776407591.96,191.96,0.64,10.14,0.63,10.0,0.65,16.6,0.66,26.0,0.35,29.3,0.34,26.0,0.36,15.14,0.37,10.0,0.01,0.01,2326.518305,1776407590000
1776407593.04,193.04,0.64,5.14,0.63,10.0,0.65,8.51,0.66,26.0,0.35,16.6,0.34,26.0,0.36,10.14,0.37,10.0,0.01,0.01,2326.475524,1776407591000
1776407594.399,194.399,0.62,20.0,0.61,15.82,0.63,82.9,0.64,10.0,0.35,3.51,0.34,26.0,0.39,5.82,0.4,10.0,0.01,0.04,2326.554661,1776407593000
1776407594.742,194.742,0.62,40.0,0.61,15.82,0.63,38.9,0.64,10.0,0.37,61.9,0.36,10.0,0.38,45.0,0.39,15.82,0.01,0.01,2326.554661,1776407593000
1776407594.98,194.98,0.62,50.0,0.61,20.82,0.63,27.9,0.64,10.0,0.37,38.9,0.36,10.0,0.38,40.0,0.39,15.82,0.01,0.01,2326.554661,1776407593000
1776407595.182,195.182,0.62,68.0,0.61,15.82,0.63,19.8,0.64,10.0,0.37,27.9,0.36,10.0,0.38,50.0,0.39,20.82,0.01,0.01,2326.554661,1776407593000
1776407596.354,196.354,0.62,102.5,0.61,30.82,0.63,4.8,0.66,10.0,0.37,19.8,0.36,10.0,0.38,68.0,0.39,15.82,0.01,0.01,2326.564929,1776407595000
1776407598.713,198.713,0.62,103.5,0.61,25.0,0.65,6.96,0.66,20.5,0.37,4.8,0.34,10.0,0.38,102.5,0.39,30.82,0.03,0.01,2326.600246,1776407596000
1776407599.39,199.39,0.62,108.5,0.61,20.0,0.74,48.44,0.75,125.0,0.35,6.96,0.34,10.0,0.38,103.5,0.39,25.0,0.12,0.03,2326.569708,1776407597000
1776407604.287,204.287,0.66,136.0,0.65,40.5,0.67,9.5,0.68,10.5,0.26,48.44,0.25,125.0,0.38,108.5,0.39,20.0,0.01,0.12,2326.600056,1776407602000
1776407604.828,204.828,0.67,72.96,0.66,88.0,0.68,13.0,0.71,15.0,0.32,8.0,0.29,15.0,0.34,109.0,0.35,40.5,0.01,0.02,2326.68069,1776407603000
1776407605.573,205.573,0.67,72.96,0.66,88.0,0.74,1.94,0.75,90.0,0.32,13.0,0.29,15.0,0.33,72.96,0.34,88.0,0.07,0.01,2326.68069,1776407603000
1776407606.071,206.071,0.73,71.0,0.72,10.0,0.74,58.13,0.75,178.0,0.26,1.94,0.25,90.0,0.33,72.96,0.34,88.0,0.01,0.07,2326.724982,1776407604000
1776407606.276,206.276,0.73,61.0,0.72,10.0,0.74,64.15,0.75,178.0,0.26,58.13,0.25,178.0,0.27,71.0,0.28,10.0,0.01,0.01,2326.724982,1776407604000
1776407607.149,207.149,0.61,5.0,0.6,5.0,0.66,50.0,0.71,6.0,0.26,69.15,0.25,178.0,0.27,32.0,0.31,15.0,0.05,0.01,2326.630129,1776407605000
1776407607.92,207.92,0.59,30.5,0.58,10.5,0.6,32.4,0.61,27.0,0.34,50.0,0.29,11.0,0.44,16.52,0.47,70.0,0.01,0.1,2326.651728,1776407606000
1776407608.397,208.397,0.59,30.5,0.58,10.5,0.6,22.4,0.61,27.0,0.4,32.4,0.39,27.0,0.41,30.5,0.42,10.5,0.01,0.01,2326.651728,1776407606000
1776407609.173,209.173,0.63,50.09,0.62,30.5,0.64,10.0,0.66,10.0,0.4,22.4,0.39,27.0,0.41,30.5,0.42,10.5,0.01,0.01,2326.658079,1776407607000
1776407610.939,210.939,0.66,23.59,0.65,10.0,0.67,107.0,0.68,102.59,0.36,10.0,0.34,10.0,0.37,50.09,0.38,30.5,0.01,0.01,2326.426823,1776407609000
1776407611.367,211.367,0.63,5.0,0.61,70.0,0.66,172.49,0.67,123.5,0.33,107.0,0.32,102.59,0.35,10.0,0.37,5.0,0.03,0.02,2326.426823,1776407609000
1776407611.917,211.917,0.6,32.0,0.59,10.0,0.61,5.0,0.64,5.0,0.38,10.0,0.37,10.0,0.4,10.5,0.42,10.0,0.01,0.02,2326.600077,1776407610000
1776407613.155,213.155,0.62,10.0,0.61,70.5,0.63,28.32,0.64,15.0,0.36,5.0,0.35,5.0,0.4,32.0,0.41,10.0,0.01,0.04,2326.504055,1776407611000
1776407613.626,213.626,0.56,40.5,0.55,10.0,0.63,60.32,0.64,10.0,0.37,28.32,0.36,15.0,0.38,10.0,0.39,70.5,0.07,0.01,2326.559039,1776407612000
1776407615.547,215.547,0.59,25.5,0.58,10.0,0.62,5.0,0.63,23.0,0.37,60.32,0.36,10.0,0.44,40.5,0.45,10.0,0.03,0.07,2326.580065,1776407613000
1776407616.546,216.546,0.61,20.5,0.6,20.5,0.63,13.0,0.64,20.0,0.38,5.0,0.37,23.0,0.41,25.5,0.42,10.0,0.02,0.03,2326.455144,1776407615000
1776407617.0,217.0,0.62,25.5,0.61,20.5,0.65,5.0,0.67,18.5,0.37,13.0,0.36,20.0,0.39,20.5,0.4,20.5,0.03,0.02,2326.455144,1776407615000
1776407617.244,217.244,0.66,10.0,0.65,10.0,0.7,48.5,0.71,95.0,0.35,5.0,0.33,18.5,0.38,25.5,0.39,20.5,0.04,0.03,2326.520605,1776407616000
1776407618.626,218.626,0.68,3.59,0.67,10.0,0.7,33.5,0.71,105.5,0.3,48.5,0.29,95.0,0.34,10.0,0.35,10.0,0.02,0.04,2326.520605,1776407616000
1776407619.544,219.544,0.63,5.0,0.62,10.0,0.69,68.5,0.7,33.5,0.3,33.5,0.29,105.5,0.32,3.59,0.33,10.0,0.06,0.02,2326.549125,1776407618000
1776407621.119,221.119,0.59,10.0,0.58,15.0,0.63,33.32,0.64,10.0,0.31,68.5,0.3,33.5,0.37,5.0,0.38,10.0,0.04,0.06,2326.485626,1776407620000
1776407621.814,221.814,0.61,33.5,0.6,20.5,0.64,15.0,0.65,10.0,0.37,33.32,0.36,10.0,0.41,10.0,0.42,15.0,0.03,0.04,2326.485626,1776407620000
1776407623.641,223.641,0.64,57.5,0.63,27.5,0.66,4.84,0.67,15.0,0.36,15.0,0.35,10.0,0.39,33.5,0.4,20.5,0.02,0.03,2326.455975,1776407622000
1776407625.97,225.97,0.65,29.0,0.64,12.0,0.66,43.5,0.67,20.5,0.34,4.84,0.33,15.0,0.36,57.5,0.37,27.5,0.01,0.02,2326.464739,1776407624000
1776407626.539,226.539,0.65,18.64,0.64,48.5,0.66,23.0,0.67,10.0,0.34,33.5,0.33,20.5,0.35,6.0,0.36,12.0,0.01,0.01,2326.472388,1776407625000
1776407628.171,228.171,0.65,23.64,0.64,48.5,0.66,18.0,0.67,10.0,0.34,23.0,0.33,10.0,0.35,18.64,0.36,48.5,0.01,0.01,2326.464941,1776407626000
1776407629.121,229.121,0.65,38.64,0.64,53.5,0.69,34.0,0.7,10.0,0.34,18.0,0.33,10.0,0.35,23.64,0.36,48.5,0.04,0.01,2326.476405,1776407627000
1776407629.512,229.512,0.67,15.0,0.66,10.0,0.68,10.0,0.69,44.0,0.31,34.0,0.3,10.0,0.35,38.64,0.36,53.5,0.01,0.04,2326.476238,1776407628000
1776407632.387,232.387,0.68,8.75,0.67,10.0,0.69,35.0,0.7,34.0,0.32,10.0,0.31,44.0,0.33,15.0,0.34,10.0,0.01,0.01,2326.449008,1776407631000
1776407633.452,233.452,0.67,10.0,0.66,20.5,0.69,1.1,0.7,39.5,0.31,4.0,0.3,34.0,0.32,3.75,0.33,10.0,0.02,0.01,2326.449008,1776407631000
1776407633.711,233.711,0.69,33.0,0.68,10.0,0.7,38.87,0.71,20.5,0.31,1.1,0.3,39.5,0.33,10.0,0.34,20.5,0.01,0.02,2326.479252,1776407632000
1776407637.48,237.48,0.78,49.98,0.77,15.0,0.8,5.0,0.81,84.0,0.27,52.89,0.26,104.0,0.3,16.0,0.31,33.0,0.02,0.03,2326.573204,1776407635000
1776407637.699,237.699,0.79,15.27,0.78,25.0,0.8,5.0,0.81,84.0,0.2,5.0,0.19,84.0,0.21,5.0,0.22,44.98,0.01,0.01,2326.525452,1776407636000
1776407638.231,238.231,0.79,20.0,0.78,23.5,0.8,12.22,0.81,84.0,0.2,5.0,0.19,84.0,0.22,23.5,0.23,15.0,0.01,0.02,2326.541053,1776407637000
1776407639.234,239.234,0.79,30.27,0.78,23.5,0.8,2.5,0.81,89.0,0.2,12.22,0.19,84.0,0.21,20.0,0.22,23.5,0.01,0.01,2326.541053,1776407637000
1776407639.793,239.793,0.8,25.27,0.79,20.0,0.81,51.3,0.82,25.0,0.2,2.5,0.19,89.0,0.21,30.27,0.22,23.5,0.01,0.01,2326.722589,1776407638000
1776407640.353,240.353,0.8,45.0,0.79,15.21,0.81,13.74,0.82,7.0,0.19,51.3,0.18,25.0,0.21,5.21,0.22,23.5,0.01,0.02,2326.674579,1776407639000
1776407640.739,240.739,0.81,50.0,0.8,20.0,0.82,19.24,0.83,25.0,0.18,9.24,0.17,25.0,0.2,45.0,0.21,15.21,0.01,0.02,2326.674579,1776407639000
1776407641.311,241.311,0.81,50.0,0.8,20.0,0.82,4.5,0.84,107.0,0.18,12.72,0.17,25.0,0.19,50.0,0.2,20.0,0.01,0.01,2326.799999,1776407640000
1776407642.496,242.496,0.81,30.0,0.8,20.0,0.84,9.18,0.85,9.0,0.18,4.5,0.16,107.0,0.19,50.0,0.2,20.0,0.03,0.01,2326.670822,1776407641000
1776407642.697,242.697,0.85,65.88,0.84,10.0,0.86,11.38,0.88,54.1,0.14,20.69,0.12,54.1,0.15,60.88,0.16,15.95,0.01,0.01,2326.670822,1776407641000
1776407642.956,242.956,0.85,40.0,0.84,10.0,0.86,26.08,0.88,59.1,0.14,31.38,0.13,5.0,0.15,52.0,0.16,10.0,0.01,0.01,2326.670822,1776407641000
1776407643.494,243.494,0.85,30.73,0.84,10.0,0.86,1.13,0.87,5.0,0.14,21.13,0.12,59.1,0.15,40.0,0.16,10.0,0.01,0.01,2326.675229,1776407642000
1776407645.582,245.582,0.85,30.73,0.84,10.0,0.89,27.78,0.9,81.0,0.14,1.13,0.13,5.0,0.15,30.73,0.16,10.0,0.04,0.01,2326.854814,1776407644000
1776407646.833,246.833,0.86,67.0,0.85,3.73,0.87,7.35,0.89,23.78,0.11,27.78,0.1,81.0,0.15,30.73,0.16,10.0,0.01,0.04,2326.981725,1776407645000
1776407649.101,249.101,0.86,58.39,0.85,3.73,0.87,7.35,0.89,16.0,0.13,7.35,0.11,23.78,0.14,67.0,0.15,3.73,0.01,0.01,2326.894932,1776407647000
1776407650.353,250.353,0.86,73.39,0.85,3.73,0.87,6.2,0.9,17.0,0.13,7.35,0.11,16.0,0.14,58.39,0.15,3.73,0.01,0.01,2327.097069,1776407649000
1776407651.398,251.398,0.87,5.8,0.86,73.39,0.9,17.0,0.91,49.0,0.13,6.2,0.1,17.0,0.14,73.39,0.15,3.73,0.03,0.01,2326.952232,1776407650000
1776407651.695,251.695,0.89,43.99,0.88,10.0,0.9,17.0,0.91,44.0,0.1,17.0,0.09,49.0,0.13,5.8,0.14,73.39,0.01,0.03,2326.952232,1776407650000
1776407652.983,252.983,0.89,43.99,0.88,10.0,0.9,13.66,0.92,53.9,0.1,17.0,0.09,44.0,0.11,43.99,0.12,10.0,0.01,0.01,2326.96267,1776407652000
1776407654.538,254.538,0.89,40.1,0.88,10.0,0.9,13.66,0.92,48.9,0.1,13.66,0.08,53.9,0.11,43.99,0.12,10.0,0.01,0.01,2326.941693,1776407653000
1776407655.313,255.313,0.9,45.0,0.89,15.1,0.91,16.0,0.92,48.9,0.1,13.66,0.08,48.9,0.11,40.1,0.12,10.0,0.01,0.01,2326.929803,1776407654000
1776407657.177,257.177,0.9,45.0,0.89,15.1,0.91,10.5,0.92,48.9,0.09,16.0,0.08,48.9,0.1,45.0,0.11,15.1,0.01,0.01,2327.033026,1776407655000
1776407658.658,258.658,0.94,14.87,0.93,30.0,0.95,75.82,0.96,281.8,0.06,117.98,0.05,199.62,0.1,45.0,0.11,20.1,0.01,0.04,2327.114667,1776407657000
1776407659.555,259.555,0.94,9.87,0.93,20.0,0.95,54.67,0.96,193.0,0.05,75.82,0.04,281.8,0.06,14.87,0.07,30.0,0.01,0.01,2326.93638,1776407658000
1776407659.865,259.865,0.94,14.87,0.93,20.0,0.95,47.95,0.96,193.0,0.05,44.67,0.04,193.0,0.06,9.87,0.07,20.0,0.01,0.01,2326.93638,1776407658000
1776407660.197,260.197,0.94,14.87,0.93,20.0,0.95,42.95,0.96,188.0,0.05,47.95,0.04,193.0,0.06,14.87,0.07,20.0,0.01,0.01,2326.93638,1776407658000
1776407660.415,260.415,0.92,15.0,0.91,15.0,0.95,32.68,0.96,188.0,0.05,42.95,0.04,188.0,0.08,15.0,0.09,15.0,0.03,0.03,2326.936366,1776407659000
1776407660.766,260.766,0.86,39.9,0.85,36.93,0.87,20.56,0.91,39.0,0.08,10.0,0.07,15.0,0.1,13.64,0.11,10.0,0.01,0.02,2326.936366,1776407659000
1776407661.595,261.595,0.89,15.0,0.88,15.0,0.93,13.0,0.94,10.0,0.13,20.56,0.09,39.0,0.14,39.9,0.15,36.93,0.04,0.01,2327.122204,1776407660000
1776407662.124,262.124,0.91,10.0,0.9,10.0,0.93,5.84,0.94,10.0,0.07,13.0,0.06,10.0,0.11,15.0,0.12,15.0,0.02,0.04,2326.988842,1776407661000
1776407663.193,263.193,0.9,15.0,0.89,20.0,0.92,10.0,0.93,82.84,0.07,36.84,0.06,10.0,0.09,10.0,0.1,10.0,0.02,0.02,2326.856539,1776407662000
1776407663.505,263.505,0.91,10.0,0.9,15.0,0.92,5.0,0.93,82.84,0.08,10.0,0.07,82.84,0.1,15.0,0.11,20.0,0.01,0.02,2326.856539,1776407662000
1776407663.946,263.946,0.92,10.0,0.91,10.0,0.93,97.46,0.94,10.0,0.08,5.0,0.07,82.84,0.09,10.0,0.1,15.0,0.01,0.01,2326.856539,1776407662000
1776407664.655,264.655,0.92,10.0,0.91,10.0,0.93,80.92,0.94,10.0,0.07,97.46,0.06,10.0,0.08,10.0,0.09,10.0,0.01,0.01,2326.85366,1776407663000
1776407665.249,265.249,0.92,17.0,0.91,10.0,0.93,75.92,0.95,82.68,0.07,80.92,0.06,10.0,0.08,10.0,0.09,10.0,0.01,0.01,2326.807638,1776407664000
1776407665.763,265.763,0.87,43.41,0.86,94.9,0.93,56.92,0.95,82.68,0.07,56.92,0.05,82.68,0.08,27.0,0.09,10.0,0.06,0.01,2326.807638,1776407664000
1776407667.107,267.107,0.93,5.85,0.92,10.0,0.95,118.68,0.96,144.0,0.07,52.31,0.05,82.68,0.11,5.0,0.13,58.41,0.02,0.04,2326.819783,1776407666000
1776407668.039,268.039,0.93,15.85,0.92,10.0,0.94,8.93,0.95,113.68,0.05,118.68,0.04,144.0,0.07,5.85,0.08,10.0,0.01,0.02,2326.819783,1776407666000
1776407668.255,268.255,0.93,15.85,0.92,10.0,0.94,7.91,0.95,75.68,0.06,8.93,0.05,113.68,0.07,15.85,0.08,10.0,0.01,0.01,2326.819783,1776407666000
1776407668.456,268.456,0.93,0.85,0.92,10.0,0.94,7.91,0.95,75.68,0.06,7.91,0.05,75.68,0.07,15.85,0.08,10.0,0.01,0.01,2326.889208,1776407667000
1776407671.279,271.279,0.94,10.0,0.93,10.0,0.95,48.68,0.96,60.0,0.06,7.91,0.05,75.68,0.07,0.85,0.08,10.0,0.01,0.01,2326.994922,1776407669000
1776407671.564,271.564,0.94,3.0,0.93,10.0,0.95,42.61,0.96,120.0,0.05,42.61,0.04,76.0,0.06,15.0,0.07,10.0,0.01,0.01,2326.892626,1776407670000
1776407671.786,271.786,0.94,25.0,0.93,10.0,0.95,23.66,0.96,108.0,0.05,32.08,0.04,120.0,0.06,13.0,0.07,10.0,0.01,0.01,2326.892626,1776407670000
1776407672.023,272.023,0.94,27.0,0.93,10.0,0.95,21.59,0.96,121.0,0.05,23.66,0.04,108.0,0.06,25.0,0.07,10.0,0.01,0.01,2326.888662,1776407671000
1776407672.441,272.441,0.94,47.0,0.93,10.0,0.95,11.07,0.96,121.0,0.05,21.59,0.04,121.0,0.06,27.0,0.07,10.0,0.01,0.01,2326.888662,1776407671000
1776407674.492,274.492,0.95,10.0,0.94,22.0,0.96,145.0,0.97,299.0,0.04,109.0,0.03,299.0,0.06,47.0,0.07,10.0,0.01,0.02,2326.907858,1776407673000
1776407674.817,274.817,0.93,5.28,0.92,15.0,0.95,25.0,0.96,104.0,0.05,5.0,0.04,140.0,0.06,12.0,0.07,10.0,0.02,0.01,2326.907858,1776407673000
1776407675.123,275.123,0.93,5.28,0.92,20.0,0.94,14.26,0.95,5.0,0.06,29.26,0.05,5.0,0.07,5.28,0.08,20.0,0.01,0.01,2326.925273,1776407674000
1776407675.675,275.675,0.94,10.0,0.93,5.28,0.96,73.06,0.97,299.0,0.06,14.26,0.05,5.0,0.07,5.28,0.08,20.0,0.02,0.01,2326.925273,1776407674000
1776407676.382,276.382,0.95,20.0,0.94,10.0,0.96,72.01,0.97,263.0,0.04,73.06,0.03,299.0,0.06,10.0,0.07,5.28,0.01,0.02,2326.921898,1776407675000
1776407676.627,276.627,0.91,37.0,0.9,10.0,0.93,3.75,0.94,10.0,0.04,72.01,0.03,263.0,0.11,35.0,0.12,45.0,0.02,0.07,2326.921898,1776407675000
1776407677.697,277.697,0.86,45.0,0.83,5.0,0.88,10.0,0.89,30.0,0.07,3.56,0.06,10.0,0.08,5.0,0.09,32.0,0.02,0.01,2326.934243,1776407676000
1776407677.919,277.919,0.86,24.9,0.83,26.0,0.87,26.55,0.88,20.0,0.13,10.0,0.12,10.0,0.14,46.9,0.17,5.0,0.01,0.01,2326.870971,1776407677000
1776407678.463,278.463,0.78,10.0,0.77,10.0,0.82,5.34,0.83,10.0,0.16,10.0,0.13,10.0,0.24,41.17,0.25,5.0,0.04,0.08,2326.870971,1776407677000
1776407678.805,278.805,0.8,26.0,0.78,10.0,0.81,27.95,0.82,5.34,0.19,4.6,0.18,5.34,0.22,32.0,0.23,10.0,0.01,0.03,2326.870971,1776407677000
1776407679.081,279.081,0.73,15.0,0.72,10.0,0.76,12.4,0.77,50.0,0.19,27.95,0.18,5.34,0.2,26.0,0.22,10.0,0.03,0.01,2326.870663,1776407678000
1776407679.364,279.364,0.74,4.95,0.73,10.0,0.76,0.23,0.77,50.0,0.24,15.0,0.23,50.0,0.26,4.95,0.27,10.0,0.02,0.02,2326.870663,1776407678000
1776407680.145,280.145,0.69,17.0,0.68,10.0,0.72,30.0,0.73,10.0,0.25,10.0,0.24,0.23,0.26,0.26,0.27,8.1,0.03,0.01,2326.870663,1776407678000
1776407680.375,280.375,0.69,27.0,0.68,10.0,0.72,1.45,0.73,10.0,0.28,30.0,0.27,10.0,0.31,17.0,0.32,10.0,0.03,0.03,2326.870663,1776407678000
1776407680.893,280.893,0.71,10.0,0.7,10.0,0.74,10.0,0.75,10.0,0.28,6.45,0.27,10.0,0.31,27.0,0.32,10.0,0.03,0.03,2326.694269,1776407679000
1776407681.351,281.351,0.72,15.0,0.71,10.0,0.73,5.0,0.75,10.0,0.26,10.0,0.25,10.0,0.29,10.0,0.3,10.0,0.01,0.03,2326.60253,1776407680000
1776407681.84,281.84,0.73,5.11,0.72,15.0,0.75,5.0,0.76,10.0,0.25,5.0,0.24,10.0,0.27,1.11,0.28,15.0,0.02,0.02,2326.60253,1776407680000
1776407682.042,282.042,0.73,5.11,0.72,15.0,0.8,2.75,0.81,130.0,0.26,4.98,0.25,5.0,0.27,5.11,0.28,15.0,0.07,0.01,2326.60253,1776407680000
1776407682.475,282.475,0.78,10.0,0.77,10.0,0.81,117.43,0.82,75.34,0.2,2.75,0.19,130.0,0.27,5.11,0.28,15.0,0.03,0.07,2326.585039,1776407681000
1776407682.92,282.92,0.66,50.0,0.64,16.0,0.7,1.0,0.71,10.0,0.19,127.43,0.18,75.34,0.21,8.3,0.22,15.0,0.04,0.02,2326.585039,1776407681000
1776407683.318,283.318,0.67,8.95,0.66,10.0,0.68,10.0,0.69,25.0,0.36,11.95,0.31,5.0,0.38,15.0,0.39,60.0,0.01,0.02,2326.585039,1776407681000
1776407683.534,283.534,0.68,8.55,0.67,10.54,0.7,71.0,0.71,80.0,0.3,71.0,0.29,80.0,0.33,10.54,0.34,10.0,0.02,0.03,2326.545941,1776407682000
1776407684.16,284.16,0.69,10.35,0.68,13.55,0.7,58.35,0.71,70.0,0.3,71.0,0.29,80.0,0.31,0.35,0.32,13.55,0.01,0.01,2326.499342,1776407683000
1776407684.49,284.49,0.69,10.35,0.68,13.55,0.7,38.75,0.71,70.0,0.3,58.35,0.29,70.0,0.31,10.35,0.32,13.55,0.01,0.01,2326.499342,1776407683000
1776407684.76,284.76,0.69,10.35,0.68,13.55,0.7,24.47,0.71,70.0,0.3,38.75,0.29,70.0,0.31,10.35,0.32,13.55,0.01,0.01,2326.499342,1776407683000
1776407685.137,285.137,0.75,15.0,0.74,15.0,0.76,61.68,0.8,30.0,0.24,50.0,0.2,30.0,0.25,85.79,0.26,10.0,0.01,0.01,2326.438497,1776407684000
1776407685.377,285.377,0.73,9.0,0.72,10.0,0.76,11.68,0.77,5.0,0.24,48.68,0.2,30.0,0.27,9.0,0.28,15.0,0.03,0.03,2326.438497,1776407684000
1776407685.619,285.619,0.79,22.0,0.78,80.0,0.81,47.43,0.86,50.0,0.2,18.69,0.19,47.43,0.25,10.0,0.26,10.0,0.02,0.05,2326.438497,1776407684000
1776407686.464,286.464,0.8,47.0,0.79,15.0,0.81,26.76,0.86,50.0,0.19,47.43,0.14,50.0,0.21,22.0,0.22,80.0,0.01,0.02,2326.404903,1776407685000
1776407686.68,286.68,0.8,52.0,0.79,15.0,0.81,61.34,0.86,50.0,0.19,17.22,0.14,50.0,0.2,47.0,0.21,15.0,0.01,0.01,2326.404903,1776407685000
1776407687.514,287.514,0.8,47.0,0.79,15.0,0.81,40.67,0.86,55.0,0.19,61.34,0.14,50.0,0.2,52.0,0.21,15.0,0.01,0.01,2326.407057,1776407686000
1776407687.918,287.918,0.85,10.0,0.84,10.0,0.86,45.0,0.9,102.0,0.14,50.0,0.1,114.0,0.15,40.0,0.16,10.0,0.01,0.01,2326.407057,1776407686000
1776407688.431,288.431,0.85,28.33,0.84,10.0,0.86,45.0,0.9,70.0,0.14,45.0,0.1,102.0,0.15,10.0,0.16,10.0,0.01,0.01,2326.552639,1776407687000
1776407688.648,288.648,0.85,45.33,0.84,10.0,0.91,35.0,0.95,34.56,0.14,45.0,0.1,70.0,0.15,28.33,0.16,10.0,0.06,0.01,2326.552639,1776407687000
1776407688.938,288.938,0.94,15.0,0.93,10.0,0.95,175.36,0.96,223.01,0.05,17.56,0.04,223.01,0.15,45.33,0.16,10.0,0.01,0.1,2326.552639,1776407687000
1776407690.331,290.331,0.94,30.0,0.93,15.0,0.96,79.23,0.97,146.0,0.05,175.36,0.04,223.01,0.06,15.0,0.07,10.0,0.02,0.01,2326.551967,1776407688000
1776407690.74,290.74,0.96,20.0,0.95,30.0,0.97,141.0,0.98,341.0,0.04,36.03,0.03,146.0,0.05,15.0,0.06,10.0,0.01,0.01,2326.449496,1776407689000
1776407690.952,290.952,0.96,8.61,0.95,32.0,0.97,108.77,0.98,241.0,0.03,115.84,0.02,241.0,0.04,13.61,0.05,32.0,0.01,0.01,2326.449496,1776407690000
1776407691.25,291.25,0.96,8.51,0.95,20.0,0.97,108.67,0.98,241.0,0.03,108.67,0.02,241.0,0.04,8.61,0.05,32.0,0.01,0.01,2326.449496,1776407690000
1776407691.505,291.505,0.95,17.24,0.94,35.0,0.97,108.67,0.98,241.0,0.03,108.67,0.02,241.0,0.04,8.51,0.05,20.0,0.02,0.01,2326.449496,1776407690000
1776407691.77,291.77,0.96,10.0,0.95,27.24,0.97,106.59,0.98,241.0,0.03,107.63,0.02,241.0,0.04,10.0,0.05,17.24,0.01,0.01,2326.449496,1776407690000
1776407692.041,292.041,0.96,15.0,0.95,17.24,0.97,98.54,0.98,241.0,0.03,105.59,0.02,241.0,0.04,15.0,0.05,17.24,0.01,0.01,2326.449496,1776407690000
1776407692.316,292.316,0.96,15.0,0.95,17.24,0.97,93.22,0.98,241.0,0.03,98.54,0.02,241.0,0.04,15.0,0.05,17.24,0.01,0.01,2326.533125,1776407691000
1776407692.618,292.618,0.96,49.0,0.95,17.24,0.97,50.03,0.98,241.0,0.03,53.07,0.02,241.0,0.04,42.0,0.05,17.24,0.01,0.01,2326.533125,1776407691000
1776407693.043,293.043,0.96,54.0,0.95,20.0,0.97,4.87,0.98,241.0,0.03,10.03,0.02,241.0,0.04,49.0,0.05,29.24,0.01,0.01,2326.533125,1776407691000
1776407693.46,293.46,0.96,49.0,0.95,15.0,0.97,4.87,0.98,241.0,0.03,4.87,0.02,241.0,0.04,54.0,0.05,20.0,0.01,0.01,2326.67479,1776407692000
1776407693.77,293.77,0.96,49.0,0.95,20.0,0.98,237.51,0.99,1171.92,0.03,4.87,0.02,241.0,0.04,49.0,0.05,15.0,0.02,0.01,2326.67479,1776407692000
1776407694.243,294.243,0.97,59.0,0.96,10.0,0.98,212.08,0.99,1171.92,0.02,217.19,0.01,1171.92,0.03,15.0,0.04,47.0,0.01,0.01,2326.67479,1776407692000
1776407694.656,294.656,0.97,59.0,0.96,10.0,0.98,206.87,0.99,1171.92,0.02,212.08,0.01,1171.92,0.03,59.0,0.04,10.0,0.01,0.01,2326.67479,1776407692000
1776407695.105,295.105,0.97,57.8,0.96,10.0,0.98,194.72,0.99,1171.92,0.02,199.72,0.01,1171.92,0.03,59.0,0.04,10.0,0.01,0.01,2326.782331,1776407694000
1776407695.433,295.433,0.97,57.8,0.96,10.0,0.98,197.72,0.99,1171.92,0.02,194.72,0.01,1171.92,0.03,57.8,0.04,10.0,0.01,0.01,2326.782331,1776407694000
1776407695.713,295.713,0.97,62.8,0.96,10.0,0.98,151.11,0.99,1171.92,0.02,161.31,0.01,1171.92,0.03,62.8,0.04,10.0,0.01,0.01,2326.782331,1776407694000
1776407695.968,295.968,0.97,62.8,0.96,10.0,0.98,166.11,0.99,1171.92,0.02,151.11,0.01,1171.92,0.03,62.8,0.04,10.0,0.01,0.01,2326.782331,1776407694000
1776407696.34,296.34,0.97,67.8,0.96,10.0,0.98,125.52,0.99,1171.92,0.02,148.52,0.01,1171.92,0.03,67.8,0.04,10.0,0.01,0.01,2326.782331,1776407694000
1776407696.69,296.69,0.97,201.8,0.96,10.0,0.98,55.95,0.99,1171.92,0.02,83.18,0.01,1171.92,0.03,67.8,0.04,10.0,0.01,0.01,2326.917875,1776407695000
1776407696.957,296.957,0.98,174.2,0.97,60.8,0.99,106.3,,,0.01,1106.3,,,0.03,201.8,0.04,10.0,0.01,0.02,2326.917875,1776407695000
1776407697.232,297.232,0.98,199.6,0.97,55.8,0.99,101.3,,,0.01,106.3,,,0.02,174.2,0.03,60.8,0.01,0.01,2326.904892,1776407696000
1776407699.204,299.204,0.99,10544.18,0.98,50.6,,,,,,,,,0.01,249.7,0.02,199.6,,,2326.823189,1776407697000
1776407700.655,300.655,0.99,56920.78,0.98,35.6,,,,,,,,,0.01,10544.18,0.02,50.6,,,2326.902995,1776407699000
