timestamp,elapsed_sec,up_bid_p1,up_bid_s1,up_bid_p2,up_bid_s2,up_ask_p1,up_ask_s1,up_ask_p2,up_ask_s2,down_bid_p1,down_bid_s1,down_bid_p2,down_bid_s2,down_ask_p1,down_ask_s1,down_ask_p2,down_ask_s2,up_spread,down_spread,eth_price,eth_oracle_ts
1776317100.743,0.743,0.48,8.29,0.46,70.0,0.52,17.28,0.54,70.0,0.48,20.0,0.46,70.0,0.52,8.29,0.54,70.0,0.04,0.04,2355.933895,1776317099000
1776317103.258,3.258,0.49,9.39,0.48,36.29,0.5,5.0,0.51,5.0,0.48,17.28,0.46,70.0,0.52,8.29,0.54,70.0,0.01,0.04,2355.936815,1776317101000
1776317104.381,4.381,0.49,13.39,0.48,36.29,0.5,10.0,0.51,75.0,0.5,5.0,0.49,5.0,0.51,9.39,0.52,36.29,0.01,0.01,2355.988055,1776317103000
1776317104.597,4.597,0.49,13.39,0.48,36.29,0.5,10.0,0.51,75.0,0.5,5.0,0.49,75.0,0.51,8.39,0.52,36.29,0.01,0.01,2355.988055,1776317103000
1776317105.991,5.991,0.5,10.0,0.49,13.39,0.51,210.92,0.52,174.28,0.5,10.0,0.49,75.0,0.51,13.39,0.52,36.29,0.01,0.01,2355.933635,1776317104000
1776317106.329,6.329,0.5,10.0,0.49,13.39,0.51,210.92,0.52,174.28,0.49,210.92,0.48,174.28,0.5,10.0,0.51,13.39,0.01,0.01,2355.933635,1776317104000
1776317106.799,6.799,0.51,20.0,0.5,28.0,0.52,7.28,0.53,13.0,0.49,205.92,0.48,174.28,0.51,3.58,0.52,36.29,0.01,0.02,2355.91966,1776317105000
1776317107.222,7.222,0.53,15.0,0.52,20.0,0.55,36.59,0.56,22.0,0.45,24.59,0.44,10.0,0.46,15.0,0.47,15.0,0.02,0.01,2355.91966,1776317105000
1776317107.875,7.875,0.54,10.0,0.53,10.0,0.55,36.59,0.56,22.0,0.45,36.59,0.44,22.0,0.46,5.0,0.47,15.0,0.01,0.01,2355.970628,1776317106000
1776317108.209,8.209,0.54,10.0,0.53,10.0,0.55,39.77,0.56,86.03,0.45,36.59,0.44,22.0,0.46,10.0,0.47,10.0,0.01,0.01,2355.970628,1776317106000
1776317108.718,8.718,0.54,2.95,0.53,10.0,0.55,39.77,0.56,86.03,0.45,39.77,0.44,86.03,0.46,10.0,0.47,10.0,0.01,0.01,2355.958062,1776317107000
1776317109.688,9.688,0.54,17.95,0.53,10.0,0.57,62.01,0.58,5.0,0.45,39.77,0.44,86.03,0.46,2.95,0.47,10.0,0.03,0.01,2356.046415,1776317108000
1776317110.734,10.734,0.56,20.0,0.55,10.0,0.57,139.05,0.58,103.3,0.43,62.01,0.42,5.0,0.46,17.95,0.47,10.0,0.01,0.03,2356.05992,1776317109000
1776317111.529,11.529,0.56,12.72,0.55,10.0,0.57,134.05,0.58,113.3,0.43,139.05,0.42,103.3,0.44,20.0,0.45,10.0,0.01,0.01,2356.051764,1776317110000
1776317111.817,11.817,0.56,12.72,0.55,10.0,0.57,124.05,0.58,113.3,0.43,134.05,0.42,113.3,0.44,12.72,0.45,10.0,0.01,0.01,2356.051764,1776317110000
1776317115.016,15.016,0.56,2.72,0.54,7.95,0.57,141.05,0.58,50.0,0.43,124.05,0.42,113.3,0.44,12.72,0.45,10.0,0.01,0.01,2356.0577,1776317113000
1776317116.844,16.844,0.53,23.94,0.52,91.0,0.54,21.8,0.55,7.0,0.43,136.05,0.42,50.0,0.47,13.94,0.48,15.0,0.01,0.04,2356.07749,1776317115000
1776317117.319,17.319,0.51,77.82,0.5,112.0,0.54,12.8,0.55,7.0,0.46,21.8,0.45,7.0,0.47,23.94,0.48,91.0,0.03,0.01,2356.07749,1776317115000
1776317117.711,17.711,0.53,15.0,0.52,10.0,0.54,12.8,0.55,24.0,0.46,12.8,0.45,7.0,0.49,77.82,0.5,112.0,0.01,0.03,2356.06308,1776317116000
1776317118.645,18.645,0.53,21.89,0.52,20.0,0.54,12.8,0.56,28.0,0.46,12.8,0.45,24.0,0.47,15.0,0.48,10.0,0.01,0.01,2356.05227,1776317117000
1776317118.934,18.934,0.55,31.0,0.54,15.0,0.56,16.46,0.6,20.0,0.44,22.16,0.43,15.0,0.47,41.89,0.48,20.0,0.01,0.03,2356.05227,1776317117000
1776317119.141,19.141,0.6,5.0,0.59,49.0,0.62,15.0,0.63,15.0,0.44,12.92,0.4,20.0,0.45,31.0,0.46,15.0,0.02,0.01,2356.05227,1776317117000
1776317119.407,19.407,0.61,20.0,0.6,28.0,0.63,13.6,0.64,114.89,0.38,3.6,0.37,15.0,0.39,15.0,0.4,28.0,0.02,0.01,2356.086181,1776317118000
1776317119.903,19.903,0.58,10.0,0.57,27.07,0.61,25.0,0.62,20.0,0.37,13.6,0.36,114.89,0.39,20.0,0.4,28.0,0.03,0.02,2356.086181,1776317118000
1776317120.279,20.279,0.58,77.05,0.57,56.99,0.59,18.45,0.6,91.0,0.39,25.0,0.38,20.0,0.42,10.0,0.43,27.07,0.01,0.03,2356.086181,1776317118000
1776317121.03,21.03,0.57,142.31,0.56,72.92,0.58,15.82,0.59,13.45,0.41,13.45,0.4,91.0,0.42,0.05,0.43,56.99,0.01,0.01,2356.149073,1776317119000
1776317122.99,22.99,0.57,111.73,0.56,109.0,0.58,7.32,0.59,13.45,0.42,15.82,0.41,13.45,0.43,142.31,0.44,72.92,0.01,0.01,2356.413849,1776317122000
1776317123.95,23.95,0.59,48.0,0.58,23.0,0.6,16.0,0.61,15.0,0.42,7.32,0.41,13.45,0.43,111.73,0.44,109.0,0.01,0.01,2356.413849,1776317122000
1776317125.123,25.123,0.59,36.41,0.58,58.0,0.6,9.76,0.61,15.0,0.4,16.0,0.39,15.0,0.41,48.0,0.42,23.0,0.01,0.01,2356.389384,1776317123000
1776317126.691,26.691,0.59,86.41,0.58,35.0,0.62,15.0,0.63,83.6,0.4,9.76,0.39,15.0,0.41,36.41,0.42,58.0,0.03,0.01,2356.449273,1776317125000
1776317127.084,27.084,0.63,22.0,0.62,25.0,0.64,3.73,0.65,10.0,0.38,15.0,0.37,83.6,0.41,86.41,0.42,35.0,0.01,0.03,2356.449273,1776317125000
1776317127.479,27.479,0.64,21.69,0.63,98.0,0.66,10.0,0.67,15.0,0.33,15.0,0.32,20.0,0.37,110.0,0.38,31.0,0.02,0.04,2356.405537,1776317126000
1776317127.788,27.788,0.64,31.69,0.63,98.0,0.66,0.59,0.67,15.0,0.34,10.0,0.33,15.0,0.36,21.69,0.37,98.0,0.02,0.02,2356.405537,1776317126000
1776317128.013,28.013,0.65,10.0,0.64,26.69,0.67,10.0,0.68,15.0,0.34,0.59,0.33,15.0,0.36,31.69,0.37,98.0,0.02,0.02,2356.408625,1776317127000
1776317128.794,28.794,0.65,3.42,0.64,24.69,0.66,10.0,0.67,10.0,0.33,10.0,0.32,15.0,0.35,10.0,0.36,26.69,0.01,0.02,2356.408625,1776317127000
1776317129.136,29.136,0.64,29.69,0.63,25.0,0.66,0.37,0.67,10.0,0.34,10.0,0.33,10.0,0.35,3.42,0.36,24.69,0.02,0.01,2356.408625,1776317127000
1776317129.646,29.646,0.65,27.0,0.64,24.69,0.67,3.6,0.68,15.0,0.34,0.37,0.33,10.0,0.36,29.69,0.37,25.0,0.02,0.02,2356.501714,1776317128000
1776317131.333,31.333,0.66,102.0,0.65,15.0,0.69,68.6,0.7,105.0,0.33,3.6,0.32,15.0,0.35,27.0,0.36,24.69,0.03,0.02,2356.676661,1776317129000
1776317131.688,31.688,0.67,50.0,0.66,55.0,0.68,13.38,0.69,78.6,0.31,68.6,0.3,105.0,0.34,102.0,0.35,15.0,0.01,0.03,2356.690615,1776317130000
1776317132.476,32.476,0.67,55.0,0.66,50.0,0.68,13.14,0.69,78.6,0.32,13.38,0.31,78.6,0.33,50.0,0.34,55.0,0.01,0.01,2356.690915,1776317131000
1776317133.122,33.122,0.67,90.0,0.66,50.0,0.68,38.77,0.69,78.6,0.32,13.14,0.31,78.6,0.33,55.0,0.34,50.0,0.01,0.01,2356.690915,1776317131000
1776317133.79,33.79,0.67,10.0,0.66,20.0,0.68,40.77,0.69,78.6,0.32,38.77,0.31,78.6,0.33,79.84,0.34,50.0,0.01,0.01,2356.688065,1776317132000
1776317137.138,37.138,0.67,19.0,0.66,25.0,0.68,36.14,0.69,68.6,0.32,42.63,0.31,78.6,0.33,14.0,0.34,20.0,0.01,0.01,2356.7013,1776317135000
1776317139.085,39.085,0.67,24.0,0.66,25.0,0.68,8.5,0.69,68.6,0.32,36.14,0.31,68.6,0.33,19.0,0.34,25.0,0.01,0.01,2356.68674,1776317137000
1776317139.621,39.621,0.67,5.0,0.65,10.0,0.68,33.5,0.69,50.0,0.32,8.5,0.31,68.6,0.33,9.9,0.34,25.0,0.01,0.01,2356.671715,1776317138000
1776317141.454,41.454,0.61,140.0,0.6,27.92,0.62,22.0,0.63,20.63,0.38,20.0,0.33,91.0,0.39,115.0,0.4,35.92,0.01,0.01,2356.67066,1776317140000
1776317144.564,44.564,0.61,148.25,0.6,27.92,0.62,17.0,0.63,10.81,0.38,22.0,0.37,20.63,0.39,140.0,0.4,27.92,0.01,0.01,2356.554748,1776317143000
1776317145.066,45.066,0.61,148.25,0.6,27.92,0.62,13.77,0.63,10.81,0.38,17.0,0.37,10.81,0.39,148.25,0.4,27.92,0.01,0.01,2356.555761,1776317144000
1776317146.274,46.274,0.61,154.17,0.6,27.92,0.62,12.15,0.63,10.81,0.38,13.77,0.37,10.81,0.39,148.25,0.4,27.92,0.01,0.01,2356.689687,1776317145000
1776317147.859,47.859,0.61,144.17,0.6,27.92,0.62,12.15,0.63,10.81,0.38,12.15,0.37,10.81,0.39,154.17,0.4,27.92,0.01,0.01,2356.546884,1776317146000
1776317148.732,48.732,0.61,100.07,0.6,27.92,0.62,12.15,0.63,10.81,0.38,12.15,0.37,10.81,0.39,144.17,0.4,27.92,0.01,0.01,2356.546789,1776317147000
1776317149.899,49.899,0.61,95.07,0.6,27.92,0.62,17.15,0.63,10.81,0.38,12.15,0.37,10.81,0.39,100.07,0.4,27.92,0.01,0.01,2356.549955,1776317148000
1776317150.722,50.722,0.61,142.92,0.6,27.92,0.71,47.45,0.72,90.0,0.38,17.15,0.37,10.81,0.39,95.07,0.4,27.92,0.1,0.01,2356.544638,1776317149000
1776317153.108,53.108,0.69,30.0,0.68,20.0,0.7,38.22,0.71,57.45,0.29,47.45,0.28,90.0,0.39,142.92,0.4,27.92,0.01,0.1,2356.551101,1776317151000
1776317154.138,54.138,0.69,40.0,0.68,15.0,0.7,49.67,0.71,91.45,0.3,38.22,0.29,57.45,0.31,35.0,0.32,20.0,0.01,0.01,2356.598995,1776317153000
1776317154.792,54.792,0.69,28.87,0.68,15.0,0.7,62.67,0.71,91.45,0.3,49.67,0.29,91.45,0.31,40.0,0.32,15.0,0.01,0.01,2356.598995,1776317153000
1776317156.388,56.388,0.69,23.87,0.68,15.0,0.72,78.67,0.73,85.0,0.3,62.67,0.29,91.45,0.31,28.87,0.32,15.0,0.03,0.01,2356.64947,1776317155000
1776317157.086,57.086,0.67,10.0,0.66,15.0,0.69,39.0,0.7,36.0,0.28,78.67,0.27,85.0,0.31,23.87,0.32,15.0,0.02,0.03,2356.64203,1776317156000
1776317157.638,57.638,0.67,12.21,0.66,15.0,0.68,21.0,0.69,34.0,0.31,39.0,0.3,36.0,0.33,10.0,0.34,15.0,0.01,0.02,2356.64203,1776317156000
1776317157.842,57.842,0.67,7.21,0.66,15.0,0.68,9.23,0.69,39.0,0.32,21.0,0.31,34.0,0.33,12.21,0.34,15.0,0.01,0.01,2356.64203,1776317156000
1776317160.909,60.909,0.68,52.0,0.67,12.21,0.7,69.24,0.71,5.0,0.32,9.23,0.31,39.0,0.33,7.21,0.34,15.0,0.02,0.01,2356.603086,1776317159000
1776317161.448,61.448,0.69,23.35,0.68,15.0,0.7,61.58,0.71,15.0,0.3,51.58,0.29,5.0,0.31,27.0,0.32,15.0,0.01,0.01,2356.588535,1776317160000
1776317161.661,61.661,0.69,2.35,0.68,15.0,0.7,56.58,0.71,15.0,0.3,61.58,0.29,15.0,0.31,23.35,0.32,15.0,0.01,0.01,2356.588535,1776317160000
1776317162.351,62.351,0.69,96.08,0.68,15.0,0.7,51.58,0.71,15.0,0.3,56.58,0.29,15.0,0.31,2.35,0.32,15.0,0.01,0.01,2356.591732,1776317161000
1776317162.588,62.588,0.69,156.56,0.68,15.0,0.7,37.45,0.71,10.0,0.3,41.58,0.29,15.0,0.31,113.08,0.32,15.0,0.01,0.01,2356.591732,1776317161000
1776317163.63,63.63,0.7,42.0,0.69,144.56,0.71,10.0,0.72,25.0,0.3,37.45,0.29,10.0,0.31,156.56,0.32,15.0,0.01,0.01,2356.706363,1776317162000
1776317164.422,64.422,0.7,69.52,0.69,144.56,0.71,24.79,0.72,25.0,0.29,38.88,0.28,25.0,0.3,13.66,0.31,144.56,0.01,0.01,2356.655993,1776317163000
1776317165.365,65.365,0.7,74.52,0.69,144.56,0.71,19.79,0.72,25.0,0.29,24.79,0.28,25.0,0.3,69.52,0.31,144.56,0.01,0.01,2356.648146,1776317164000
1776317171.267,71.267,0.7,74.52,0.69,144.56,0.71,5.07,0.72,32.85,0.29,19.79,0.28,25.0,0.3,74.52,0.31,144.56,0.01,0.01,2356.717876,1776317170000
1776317171.659,71.659,0.7,74.52,0.69,144.56,0.71,0.07,0.72,32.85,0.29,5.07,0.28,32.85,0.3,74.52,0.31,144.56,0.01,0.01,2356.717876,1776317170000
1776317175.612,75.612,0.71,28.0,0.7,62.52,0.72,20.0,0.73,25.0,0.29,0.07,0.28,32.85,0.3,74.52,0.31,144.56,0.01,0.01,2356.641731,1776317174000
1776317178.445,78.445,0.72,44.0,0.71,10.0,0.74,12.98,0.75,15.0,0.28,20.0,0.27,25.0,0.29,22.0,0.3,62.52,0.02,0.01,2356.738223,1776317177000
1776317180.43,80.43,0.74,55.0,0.73,34.0,0.75,32.93,0.76,75.0,0.26,12.98,0.25,15.0,0.28,37.78,0.29,10.0,0.01,0.02,2356.705248,1776317179000
1776317181.602,81.602,0.74,46.37,0.73,24.0,0.75,32.93,0.76,75.0,0.25,32.93,0.24,75.0,0.26,48.07,0.27,29.0,0.01,0.01,2356.694436,1776317180000
1776317183.858,83.858,0.74,36.52,0.73,24.0,0.75,42.0,0.76,75.0,0.25,32.93,0.24,75.0,0.26,46.37,0.27,24.0,0.01,0.01,2356.752701,1776317182000
1776317186.497,86.497,0.73,24.0,0.72,29.0,0.75,49.0,0.76,96.0,0.25,42.0,0.24,75.0,0.26,36.52,0.27,24.0,0.02,0.01,2356.802777,1776317185000
1776317186.945,86.945,0.72,11.17,0.71,44.17,0.74,30.0,0.75,15.0,0.26,11.0,0.25,15.0,0.27,18.0,0.28,29.0,0.02,0.01,2356.802777,1776317185000
1776317188.259,88.259,0.71,33.17,0.7,47.86,0.73,49.0,0.74,91.0,0.27,5.0,0.26,11.0,0.28,13.59,0.29,43.17,0.02,0.01,2356.723372,1776317187000
1776317188.549,88.549,0.71,33.17,0.7,47.86,0.72,31.0,0.73,85.0,0.27,49.0,0.26,91.0,0.29,33.17,0.3,47.86,0.01,0.02,2356.723372,1776317187000
1776317188.829,88.829,0.7,3.0,0.69,70.82,0.71,80.0,0.72,95.0,0.29,80.0,0.28,31.0,0.31,70.82,0.32,15.0,0.01,0.02,2356.723372,1776317187000
1776317192.504,92.504,0.69,80.82,0.68,15.0,0.71,25.0,0.72,95.0,0.29,92.59,0.28,95.0,0.3,3.0,0.31,70.82,0.02,0.01,2356.599895,1776317191000
1776317192.874,92.874,0.7,8.33,0.69,75.82,0.71,30.0,0.72,95.0,0.29,25.0,0.28,95.0,0.31,80.82,0.32,15.0,0.01,0.02,2356.599895,1776317191000
1776317195.717,95.717,0.7,8.33,0.69,75.82,0.73,15.0,0.74,15.0,0.29,18.0,0.28,95.0,0.3,8.33,0.31,75.82,0.03,0.01,2356.616241,1776317194000
1776317196.079,96.079,0.75,55.0,0.74,20.0,0.77,5.0,0.78,156.76,0.27,15.0,0.26,15.0,0.3,8.33,0.31,75.82,0.02,0.03,2356.616241,1776317194000
1776317197.157,97.157,0.76,55.0,0.75,40.0,0.78,156.76,0.79,89.0,0.23,5.0,0.22,156.76,0.25,55.0,0.26,20.0,0.02,0.02,2356.67475,1776317195000
1776317197.952,97.952,0.77,50.65,0.76,35.0,0.78,156.76,0.79,89.0,0.22,156.76,0.21,89.0,0.24,55.0,0.25,40.0,0.01,0.02,2356.650035,1776317196000
1776317200.11,100.11,0.77,57.0,0.76,85.0,0.78,9.76,0.79,5.0,0.22,156.76,0.21,89.0,0.23,50.65,0.24,35.0,0.01,0.01,2356.806965,1776317199000
1776317204.154,104.154,0.79,5.0,0.78,15.0,0.8,9.9,0.81,12.0,0.2,8.99,0.19,29.0,0.21,24.84,0.22,10.0,0.01,0.01,2357.03835,1776317202000
1776317205.082,105.082,0.79,0.23,0.78,15.0,0.8,14.9,0.81,23.0,0.2,9.9,0.19,12.0,0.21,5.0,0.22,15.0,0.01,0.01,2356.945785,1776317203000
1776317206.513,106.513,0.79,32.0,0.78,10.23,0.8,9.9,0.81,15.0,0.2,17.9,0.19,23.0,0.22,10.23,0.23,15.0,0.01,0.02,2357.116787,1776317205000
1776317206.952,106.952,0.79,25.0,0.78,10.23,0.8,9.9,0.81,15.0,0.2,9.9,0.19,15.0,0.21,32.0,0.22,10.23,0.01,0.01,2357.116787,1776317205000
1776317207.425,107.425,0.79,25.0,0.78,10.23,0.8,8.65,0.81,15.0,0.2,9.9,0.19,15.0,0.21,25.0,0.22,10.23,0.01,0.01,2356.945875,1776317206000
1776317207.778,107.778,0.79,20.0,0.78,10.23,0.8,13.65,0.81,15.0,0.2,8.65,0.19,15.0,0.21,25.0,0.22,10.23,0.01,0.01,2356.945875,1776317206000
1776317208.586,108.586,0.79,35.0,0.78,80.23,0.8,23.65,0.81,5.0,0.2,13.65,0.19,15.0,0.21,20.0,0.22,10.23,0.01,0.01,2356.94252,1776317207000
1776317211.898,111.898,0.79,35.16,0.78,150.23,0.8,23.65,0.81,15.0,0.2,13.65,0.19,5.0,0.21,35.0,0.22,80.23,0.01,0.01,2357.07624,1776317210000
1776317212.882,112.882,0.79,35.16,0.78,150.23,0.8,18.65,0.81,15.0,0.2,23.65,0.19,15.0,0.21,35.16,0.22,150.23,0.01,0.01,2357.037635,1776317211000
1776317218.401,118.401,0.76,84.38,0.75,44.01,0.8,8.65,0.82,15.0,0.2,18.65,0.19,15.0,0.21,35.16,0.22,150.23,0.04,0.01,2357.192897,1776317216000
1776317220.817,120.817,0.79,35.0,0.78,15.0,0.8,3.55,0.81,10.0,0.2,8.65,0.18,15.0,0.24,84.38,0.25,44.01,0.01,0.04,2357.038336,1776317219000
1776317221.664,121.664,0.79,35.0,0.78,15.0,0.81,10.0,0.82,15.0,0.2,3.55,0.19,10.0,0.21,35.0,0.22,15.0,0.02,0.01,2357.034947,1776317220000
1776317222.033,122.033,0.79,35.0,0.78,15.0,0.8,8.75,0.81,10.0,0.19,10.0,0.18,15.0,0.21,35.0,0.22,15.0,0.01,0.02,2357.034947,1776317220000
1776317224.569,124.569,0.84,40.0,0.83,54.0,0.85,67.83,0.88,200.0,0.2,8.75,0.19,10.0,0.21,35.0,0.22,15.0,0.01,0.01,2357.173219,1776317223000
1776317224.885,124.885,0.87,45.0,0.86,15.0,0.88,179.43,0.91,50.0,0.12,189.43,0.09,50.0,0.13,35.0,0.14,10.0,0.01,0.01,2357.173219,1776317223000
1776317225.115,125.115,0.87,45.0,0.86,15.0,0.88,33.04,0.91,50.0,0.12,164.04,0.09,50.0,0.13,45.0,0.14,15.0,0.01,0.01,2357.173219,1776317223000
1776317225.736,125.736,0.87,62.0,0.86,25.0,0.88,20.04,0.93,61.3,0.12,33.04,0.09,50.0,0.13,45.0,0.14,15.0,0.01,0.01,2357.035058,1776317224000
1776317226.067,126.067,0.94,115.0,0.93,153.0,0.95,191.67,0.96,468.3,0.06,88.61,0.05,101.67,0.13,97.0,0.14,25.0,0.01,0.07,2357.035058,1776317224000
1776317226.558,126.558,0.94,20.0,0.93,35.0,0.95,347.67,0.96,424.3,0.05,191.67,0.04,468.3,0.06,115.0,0.07,153.0,0.01,0.01,2357.128686,1776317225000
1776317227.511,127.511,0.94,159.0,0.93,212.01,0.95,12.2,0.96,37.5,0.05,327.67,0.04,424.3,0.06,20.0,0.07,35.0,0.01,0.01,2357.846567,1776317226000
1776317227.787,127.787,0.96,304.0,0.95,185.0,0.97,300.75,0.98,828.7,0.03,305.9,0.02,646.7,0.04,29.0,0.05,146.0,0.01,0.01,2357.846567,1776317226000
1776317228.359,128.359,0.96,43.0,0.95,65.0,0.97,475.75,0.98,435.7,0.03,300.75,0.02,435.7,0.04,25.08,0.05,204.0,0.01,0.01,2357.959488,1776317227000
1776317228.752,128.752,0.96,68.01,0.95,160.0,0.97,564.71,0.98,535.7,0.03,474.71,0.02,435.7,0.04,38.0,0.05,100.0,0.01,0.01,2357.959488,1776317227000
1776317229.373,129.373,0.96,209.38,0.95,146.99,0.97,569.71,0.98,560.7,0.03,564.71,0.02,535.7,0.04,68.01,0.05,160.0,0.01,0.01,2358.19458,1776317228000
1776317230.475,130.475,0.96,239.38,0.95,846.99,0.97,564.71,0.98,560.7,0.03,569.71,0.02,560.7,0.04,209.38,0.05,146.99,0.01,0.01,2359.622464,1776317229000
1776317230.75,130.75,0.96,239.38,0.95,846.99,0.97,544.71,0.98,560.7,0.03,564.71,0.02,560.7,0.04,239.38,0.05,846.99,0.01,0.01,2359.622464,1776317229000
1776317230.976,130.976,0.96,209.38,0.95,846.99,0.97,543.67,0.98,560.7,0.03,539.71,0.02,560.7,0.04,209.38,0.05,846.99,0.01,0.01,2359.646833,1776317230000
1776317231.325,131.325,0.96,148.99,0.95,771.99,0.97,536.59,0.98,560.7,0.03,536.59,0.02,560.7,0.04,214.38,0.05,786.99,0.01,0.01,2359.646833,1776317230000
1776317231.646,131.646,0.95,765.49,0.94,58.0,0.96,327.0,0.97,356.59,0.03,541.59,0.02,565.7,0.05,768.98,0.06,20.0,0.01,0.02,2359.646833,1776317230000
1776317231.916,131.916,0.95,765.49,0.94,58.0,0.96,322.0,0.97,356.59,0.04,345.95,0.03,356.59,0.05,765.49,0.06,58.0,0.01,0.01,2359.646833,1776317230000
1776317232.159,132.159,0.95,805.11,0.94,58.0,0.96,236.94,0.97,356.59,0.04,266.94,0.03,356.59,0.05,800.11,0.06,58.0,0.01,0.01,2359.55461,1776317231000
1776317232.629,132.629,0.95,158.11,0.94,58.0,0.96,117.92,0.97,494.59,0.04,122.92,0.03,494.59,0.05,123.11,0.06,58.0,0.01,0.01,2359.55461,1776317231000
1776317233.375,133.375,0.95,158.11,0.94,58.0,0.96,81.92,0.97,494.59,0.04,111.92,0.03,494.59,0.05,163.11,0.06,58.0,0.01,0.01,2359.483551,1776317232000
1776317233.921,133.921,0.95,168.11,0.94,58.0,0.96,71.86,0.97,469.59,0.04,76.86,0.03,469.59,0.05,163.11,0.06,58.0,0.01,0.01,2359.483551,1776317232000
1776317234.715,134.715,0.95,160.42,0.94,121.8,0.96,66.36,0.97,469.59,0.04,66.36,0.03,469.59,0.05,168.11,0.06,58.0,0.01,0.01,2359.393722,1776317233000
1776317234.975,134.975,0.95,171.43,0.94,121.8,0.96,36.36,0.97,469.59,0.04,66.36,0.03,469.59,0.05,160.42,0.06,121.8,0.01,0.01,2359.393722,1776317233000
1776317238.424,138.424,0.95,568.24,0.94,715.8,0.96,31.36,0.97,426.59,0.04,36.36,0.03,469.59,0.05,171.43,0.06,121.8,0.01,0.01,2359.639937,1776317237000
1776317239.254,139.254,0.95,573.24,0.94,733.3,0.96,26.36,0.97,426.59,0.04,31.36,0.03,426.59,0.05,568.24,0.06,715.8,0.01,0.01,2359.613005,1776317238000
1776317239.55,139.55,0.95,543.24,0.94,733.3,0.96,30.31,0.97,426.59,0.04,26.36,0.03,426.59,0.05,573.24,0.06,733.3,0.01,0.01,2359.613005,1776317238000
1776317240.891,140.891,0.95,557.18,0.94,733.3,0.96,24.26,0.97,426.59,0.04,30.31,0.03,426.59,0.05,543.24,0.06,733.3,0.01,0.01,2359.547497,1776317239000
1776317242.111,142.111,0.95,24.75,0.94,37.5,0.97,371.59,0.98,993.08,0.04,24.26,0.03,426.59,0.05,557.18,0.06,733.3,0.02,0.01,2359.56301,1776317240000
1776317242.356,142.356,0.93,39.19,0.92,130.0,0.94,115.0,0.95,10.0,0.06,115.0,0.05,10.0,0.07,29.19,0.08,130.0,0.01,0.01,2359.556284,1776317241000
1776317242.598,142.598,0.93,39.19,0.92,178.9,0.94,90.0,0.95,36.0,0.06,115.0,0.05,10.0,0.07,39.19,0.08,130.0,0.01,0.01,2359.556284,1776317241000
1776317243.175,143.175,0.92,222.0,0.91,89.01,0.93,131.65,0.94,153.27,0.06,88.67,0.05,66.0,0.07,20.0,0.08,178.9,0.01,0.01,2359.556284,1776317241000
1776317243.891,143.891,0.92,227.0,0.91,89.01,0.93,106.65,0.94,25.0,0.07,131.65,0.06,153.27,0.08,222.0,0.09,89.01,0.01,0.01,2359.543517,1776317242000
1776317244.178,144.178,0.92,104.0,0.91,89.01,0.93,106.65,0.94,25.0,0.07,106.65,0.06,25.0,0.08,227.0,0.09,89.01,0.01,0.01,2359.047901,1776317243000
1776317246.489,146.489,0.92,215.9,0.91,110.01,0.93,20.0,0.94,81.0,0.07,104.49,0.06,35.0,0.08,129.0,0.09,93.0,0.01,0.01,2358.635439,1776317245000
1776317247.961,147.961,0.92,196.9,0.91,93.0,0.93,24.58,0.94,35.0,0.07,13.0,0.06,81.0,0.08,210.9,0.09,110.01,0.01,0.01,2358.583731,1776317246000
1776317248.445,148.445,0.92,196.9,0.91,93.0,0.93,44.58,0.94,35.0,0.07,24.58,0.06,35.0,0.08,196.9,0.09,93.0,0.01,0.01,2358.583731,1776317246000
1776317249.73,149.73,0.92,196.91,0.91,93.0,0.93,42.42,0.94,35.0,0.07,44.58,0.06,35.0,0.08,196.9,0.09,93.0,0.01,0.01,2358.782674,1776317248000
1776317250.919,150.919,0.92,191.91,0.91,103.0,0.93,37.15,0.94,35.0,0.07,42.42,0.06,35.0,0.08,196.91,0.09,93.0,0.01,0.01,2358.764688,1776317249000
1776317251.917,151.917,0.93,92.0,0.92,136.46,0.94,68.78,0.95,61.0,0.07,35.89,0.06,35.0,0.08,196.91,0.09,103.0,0.01,0.01,2358.693351,1776317250000
1776317252.354,152.354,0.93,126.3,0.92,144.46,0.94,5.0,0.95,103.0,0.06,68.78,0.05,61.0,0.07,92.0,0.08,136.46,0.01,0.01,2358.714868,1776317251000
1776317252.739,152.739,0.94,87.8,0.93,121.3,0.95,108.0,0.96,68.0,0.05,103.0,0.04,68.0,0.07,126.3,0.08,144.46,0.01,0.02,2358.714868,1776317251000
1776317253.042,153.042,0.94,87.8,0.93,121.3,0.95,116.94,0.96,68.0,0.05,108.0,0.04,68.0,0.06,87.8,0.07,121.3,0.01,0.01,2358.714868,1776317251000
1776317256.051,156.051,0.94,127.94,0.93,101.3,0.95,136.67,0.96,68.0,0.05,116.94,0.04,68.0,0.06,87.8,0.07,121.3,0.01,0.01,2358.851686,1776317254000
1776317256.836,156.836,0.94,172.27,0.93,132.3,0.95,20.0,0.96,144.0,0.05,136.67,0.04,68.0,0.06,127.94,0.07,101.3,0.01,0.01,2358.741405,1776317255000
1776317257.266,157.266,0.94,247.34,0.93,138.31,0.95,15.0,0.96,144.0,0.05,15.0,0.04,144.0,0.06,256.73,0.07,138.31,0.01,0.01,2358.741405,1776317255000
1776317257.876,157.876,0.94,207.34,0.93,122.31,0.95,95.52,0.96,43.0,0.05,15.0,0.04,144.0,0.06,247.34,0.07,138.31,0.01,0.01,2358.703027,1776317256000
1776317260.673,160.673,0.94,184.74,0.93,116.3,0.95,36.72,0.96,68.0,0.05,95.52,0.04,43.0,0.06,207.34,0.07,122.31,0.01,0.01,2358.88018,1776317259000
1776317261.229,161.229,0.94,194.74,0.93,116.3,0.95,16.72,0.96,68.0,0.05,36.72,0.04,68.0,0.06,184.74,0.07,116.3,0.01,0.01,2358.964094,1776317260000
1776317261.733,161.733,0.94,184.74,0.93,122.31,0.95,79.59,0.96,68.0,0.05,16.72,0.04,68.0,0.06,194.74,0.07,116.3,0.01,0.01,2358.964094,1776317260000
1776317268.312,168.312,0.94,296.2,0.93,425.3,0.95,14.0,0.96,43.0,0.05,76.46,0.04,68.0,0.06,184.74,0.07,122.31,0.01,0.01,2358.83168,1776317267000
1776317269.034,169.034,0.94,318.19,0.93,140.27,0.95,5.0,0.96,107.0,0.05,14.0,0.04,43.0,0.06,296.2,0.07,425.3,0.01,0.01,2358.945177,1776317268000
1776317269.252,169.252,0.95,116.0,0.94,240.16,0.96,90.49,0.97,241.59,0.04,99.78,0.03,241.59,0.05,111.0,0.06,250.16,0.01,0.01,2358.945177,1776317268000
1776317269.471,169.471,0.95,121.0,0.94,240.16,0.96,80.12,0.97,241.59,0.04,90.49,0.03,241.59,0.05,116.0,0.06,240.16,0.01,0.01,2358.945177,1776317268000
1776317269.931,169.931,0.95,196.8,0.94,298.32,0.96,75.12,0.97,241.59,0.04,80.12,0.03,241.59,0.05,121.0,0.06,240.16,0.01,0.01,2358.945177,1776317268000
1776317270.798,170.798,0.95,201.8,0.94,279.18,0.96,70.12,0.97,241.59,0.04,75.12,0.03,241.59,0.05,196.8,0.06,298.32,0.01,0.01,2358.950931,1776317269000
1776317271.296,171.296,0.96,203.7,0.95,206.8,0.97,307.59,0.98,252.0,0.04,70.12,0.03,241.59,0.05,201.8,0.06,279.18,0.01,0.01,2359.197669,1776317270000
1776317272.273,172.273,0.96,225.71,0.95,584.8,0.97,216.59,0.98,302.0,0.03,307.59,0.02,252.0,0.04,203.7,0.05,206.8,0.01,0.01,2359.270194,1776317271000
1776317276.259,176.259,0.96,476.71,0.95,139.8,0.97,220.55,0.98,402.0,0.03,216.59,0.02,302.0,0.04,225.71,0.05,584.8,0.01,0.01,2359.362638,1776317275000
1776317277.174,177.174,0.96,450.7,0.95,139.8,0.97,220.55,0.98,352.0,0.03,220.55,0.02,402.0,0.04,476.71,0.05,139.8,0.01,0.01,2359.494772,1776317276000
1776317278.645,178.645,0.96,480.7,0.95,139.8,0.97,204.29,0.98,477.0,0.03,209.54,0.02,477.0,0.04,150.7,0.05,139.8,0.01,0.01,2359.503837,1776317277000
1776317279.394,179.394,0.96,680.7,0.95,194.32,0.97,194.29,0.98,477.0,0.03,199.29,0.02,477.0,0.04,480.7,0.05,139.8,0.01,0.01,2359.35684,1776317278000
1776317279.744,179.744,0.96,781.72,0.95,194.32,0.97,189.29,0.98,477.0,0.03,194.29,0.02,477.0,0.04,680.7,0.05,194.32,0.01,0.01,2359.35684,1776317278000
1776317280.389,180.389,0.96,873.72,0.95,194.32,0.97,184.13,0.98,477.0,0.03,189.29,0.02,477.0,0.04,781.72,0.05,194.32,0.01,0.01,2359.35684,1776317278000
1776317281.354,181.354,0.96,685.72,0.95,228.75,0.97,178.09,0.98,377.0,0.03,179.13,0.02,477.0,0.04,680.72,0.05,199.32,0.01,0.01,2359.568722,1776317280000
1776317281.582,181.582,0.96,560.72,0.95,227.75,0.97,153.59,0.98,377.0,0.03,163.9,0.02,377.0,0.04,565.72,0.05,227.75,0.01,0.01,2359.568722,1776317280000
1776317282.453,182.453,0.96,905.72,0.95,227.75,0.97,148.59,0.98,355.0,0.03,153.59,0.02,377.0,0.04,560.72,0.05,227.75,0.01,0.01,2359.591096,1776317281000
1776317283.303,183.303,0.96,1111.72,0.95,227.75,0.97,143.59,0.98,355.0,0.03,148.59,0.02,355.0,0.04,905.72,0.05,227.75,0.01,0.01,2359.456945,1776317282000
1776317284.101,184.101,0.96,916.72,0.95,308.69,0.97,7.12,0.98,355.0,0.03,12.12,0.02,355.0,0.04,1111.72,0.05,227.75,0.01,0.01,2359.456945,1776317282000
1776317284.902,184.902,0.96,915.72,0.95,308.69,0.97,2.12,0.98,355.0,0.03,7.12,0.02,355.0,0.04,916.72,0.05,308.69,0.01,0.01,2359.580604,1776317283000
1776317285.705,185.705,0.96,424.72,0.95,308.69,0.98,352.12,0.99,1818.6,0.03,2.12,0.02,355.0,0.04,915.72,0.05,308.69,0.02,0.01,2359.577336,1776317284000
1776317286.507,186.507,0.97,368.83,0.96,406.72,0.98,347.12,0.99,1900.6,0.02,352.12,0.01,1818.6,0.03,350.83,0.04,417.72,0.01,0.01,2359.641147,1776317285000
1776317287.312,187.312,0.97,395.83,0.96,490.72,0.98,342.12,0.99,1977.6,0.02,347.12,0.01,1900.6,0.03,368.83,0.04,406.72,0.01,0.01,2359.63907,1776317286000
1776317287.623,187.623,0.97,407.29,0.96,890.72,0.98,285.09,0.99,1977.6,0.02,342.12,0.01,1977.6,0.03,395.83,0.04,490.72,0.01,0.01,2359.63907,1776317286000
1776317288.125,188.125,0.97,423.29,0.96,790.72,0.98,280.09,0.99,1954.6,0.02,285.09,0.01,1977.6,0.03,407.29,0.04,890.72,0.01,0.01,2359.63907,1776317286000
1776317288.466,188.466,0.97,610.29,0.96,181.7,0.98,218.98,0.99,1969.7,0.02,280.09,0.01,1954.6,0.03,423.29,0.04,790.72,0.01,0.01,2359.63907,1776317286000
1776317288.911,188.911,0.97,456.29,0.96,148.7,0.98,4.61,0.99,2006.7,0.02,14.61,0.01,1969.7,0.03,615.29,0.04,218.7,0.01,0.01,2359.5545,1776317287000
1776317289.537,189.537,0.98,313.16,0.97,276.03,0.99,2008.7,,,0.01,2001.7,,,0.03,456.29,0.04,148.7,0.01,0.02,2359.55584,1776317288000
1776317289.82,189.82,0.98,320.16,0.97,276.03,0.99,1968.98,,,0.01,2004.7,,,0.02,313.16,0.03,276.03,0.01,0.01,2359.55584,1776317288000
1776317290.575,190.575,0.98,319.14,0.97,223.03,0.99,2003.98,,,0.01,1968.98,,,0.02,320.16,0.03,276.03,0.01,0.01,2359.85374,1776317289000
1776317292.534,192.534,0.98,5569.26,0.97,105.03,0.99,1963.98,,,0.01,2003.98,,,0.02,319.14,0.03,223.03,0.01,0.01,2359.870668,1776317291000
1776317292.858,192.858,0.98,5574.63,0.97,105.03,0.99,1704.15,,,0.01,1957.98,,,0.02,5564.44,0.03,105.03,0.01,0.01,2359.870668,1776317291000
1776317293.119,193.119,0.98,5579.63,0.97,105.03,0.99,1208.09,,,0.01,1353.09,,,0.02,5574.63,0.03,105.03,0.01,0.01,2359.7142,1776317292000
1776317293.51,193.51,0.99,1432.91,0.98,5579.63,,,,,0.01,1201.09,,,0.02,5574.63,0.03,105.03,,0.01,2359.7142,1776317292000
1776317294.587,194.587,0.99,1483.91,0.98,5567.63,,,,,,,,,0.01,1432.91,0.02,5579.63,,,2359.596978,1776317293000
1776317294.849,194.849,0.98,5344.93,0.97,123.03,,,,,,,,,0.01,4.03,0.02,5344.93,,,2359.596978,1776317293000
1776317295.268,195.268,0.98,5344.93,0.97,136.03,0.99,361.58,,,,,,,0.02,5344.93,0.03,123.03,0.01,,2359.596978,1776317293000
1776317295.613,195.613,0.98,4818.13,0.97,116.03,0.99,329.83,,,0.01,317.14,,,0.02,4811.13,0.03,105.03,0.01,0.01,2359.596978,1776317293000
1776317295.908,195.908,0.98,4817.08,0.97,105.03,0.99,760.84,,,0.01,277.19,,,0.02,4822.08,0.03,116.03,0.01,0.01,2359.351036,1776317294000
1776317296.238,196.238,0.98,4817.08,0.97,105.03,0.99,614.63,,,0.01,1869.08,,,0.02,4822.08,0.03,249.03,0.01,0.01,2359.351036,1776317295000
1776317296.44,196.44,0.98,4791.08,0.97,100.03,0.99,1.0,,,0.01,3.0,,,0.02,4798.08,0.03,105.03,0.01,0.01,2359.351036,1776317295000
1776317296.655,196.655,0.98,4794.87,0.97,100.03,0.99,24.79,,,0.01,6.1,,,0.02,4796.08,0.03,100.03,0.01,0.01,2359.351036,1776317295000
1776317297.429,197.429,0.98,4786.04,0.97,100.03,0.99,462.12,,,0.01,19.07,,,0.02,4786.04,0.03,100.03,0.01,0.01,2359.384138,1776317296000
1776317298.415,198.415,0.98,4786.04,0.97,100.03,0.99,326.51,,,0.01,462.12,,,0.02,4786.04,0.03,100.03,0.01,0.01,2359.274719,1776317297000
1776317299.145,199.145,0.98,4786.04,0.97,100.03,0.99,321.51,,,0.01,326.51,,,0.02,4786.04,0.03,100.03,0.01,0.01,2359.283783,1776317298000
1776317299.887,199.887,0.98,4861.79,0.97,106.02,0.99,320.49,,,0.01,320.49,,,0.02,4861.79,0.03,100.03,0.01,0.01,2359.351109,1776317299000
1776317300.694,200.694,0.98,4866.79,0.97,106.02,0.99,315.49,,,0.01,320.49,,,0.02,4861.79,0.03,106.02,0.01,0.01,2359.351109,1776317299000
1776317301.533,201.533,0.98,4861.79,0.97,124.02,0.99,310.49,,,0.01,315.49,,,0.02,4866.79,0.03,106.02,0.01,0.01,2359.385588,1776317300000
1776317302.33,202.33,0.98,4961.79,0.97,240.02,0.99,305.49,,,0.01,310.49,,,0.02,4861.79,0.03,124.02,0.01,0.01,2359.385588,1776317300000
1776317303.128,203.128,0.98,4961.79,0.97,257.02,0.99,341.1,,,0.01,557.93,,,0.02,4966.79,0.03,240.02,0.01,0.01,2359.246438,1776317302000
1776317303.959,203.959,0.98,4961.79,0.97,257.02,0.99,327.1,,,0.01,341.1,,,0.02,4961.79,0.03,257.02,0.01,0.01,2359.35704,1776317303000
1776317304.654,204.654,0.98,4966.79,0.97,257.02,0.99,245.1,,,0.01,327.1,,,0.02,4961.79,0.03,257.02,0.01,0.01,2359.35704,1776317303000
1776317305.687,205.687,0.98,4961.79,0.97,257.02,0.99,205.49,,,0.01,240.1,,,0.02,4961.79,0.03,257.02,0.01,0.01,2359.29002,1776317304000
1776317306.64,206.64,0.98,5009.79,0.97,206.02,0.99,210.49,,,0.01,205.49,,,0.02,4961.79,0.03,257.02,0.01,0.01,2359.446494,1776317305000
1776317306.892,206.892,0.98,4916.79,0.97,392.36,0.99,159.89,,,0.01,293.87,,,0.02,4961.79,0.03,398.35,0.01,0.01,2359.446494,1776317305000
1776317307.568,207.568,0.98,4665.79,0.97,200.03,0.99,5.0,,,0.01,463.48,,,0.02,4665.79,0.03,374.36,0.01,0.01,2359.3892,1776317306000
1776317308.283,208.283,0.98,4670.79,0.97,200.03,0.99,5.0,,,0.01,5.0,,,0.02,4665.79,0.03,200.03,0.01,0.01,2359.197221,1776317307000
1776317308.995,208.995,0.99,6017.95,0.98,4518.79,,,,,0.01,5.0,,,0.02,4513.79,0.03,200.03,,0.01,2359.197221,1776317307000
1776317309.328,209.328,0.99,2463.95,0.98,4506.79,,,,,,,,,0.01,5953.95,0.02,4518.79,,,2358.860187,1776317308000
1776317309.9,209.9,0.99,4.98,0.98,4546.79,,,,,,,,,0.02,4506.79,0.03,205.03,,,2358.860187,1776317308000
1776317310.747,210.747,0.98,2766.28,0.97,205.03,0.99,412.9,,,,,,,0.02,2773.28,0.03,205.03,0.01,,2358.86069,1776317309000
1776317311.054,211.054,0.98,2766.28,0.97,211.69,0.99,386.23,,,0.01,402.9,,,0.02,2771.28,0.03,205.03,0.01,0.01,2358.862266,1776317310000
1776317311.801,211.801,0.98,2766.28,0.97,387.69,0.99,719.19,,,0.01,386.23,,,0.02,2766.28,0.03,211.69,0.01,0.01,2358.862266,1776317310000
1776317314.918,214.918,0.98,386.45,0.97,381.03,0.99,719.19,,,0.01,719.19,,,0.02,2766.28,0.03,387.69,0.01,0.01,2358.971842,1776317313000
1776317315.319,215.319,0.98,386.45,0.97,427.68,0.99,714.19,,,0.01,719.19,,,0.02,386.45,0.03,381.03,0.01,0.01,2358.971842,1776317313000
1776317315.825,215.825,0.98,386.45,0.97,427.68,0.99,648.53,,,0.01,714.19,,,0.02,386.45,0.03,427.68,0.01,0.01,2358.98095,1776317314000
1776317322.129,222.129,0.98,422.64,0.97,496.69,0.99,95.14,,,0.01,648.53,,,0.02,386.45,0.03,427.68,0.01,0.01,2358.963385,1776317320000
1776317323.278,223.278,0.98,417.64,0.97,496.69,0.99,86.03,,,0.01,95.14,,,0.02,422.64,0.03,496.69,0.01,0.01,2358.95822,1776317321000
1776317324.433,224.433,0.98,185.0,0.97,476.66,0.99,179.98,,,0.01,86.03,,,0.03,441.78,0.04,277.7,0.01,0.02,2358.993035,1776317323000
1776317324.688,224.688,0.98,296.9,0.97,475.2,0.99,91.48,,,0.01,179.98,,,0.02,185.0,0.03,476.66,0.01,0.01,2358.993035,1776317323000
1776317325.932,225.932,0.98,331.07,0.97,271.19,0.99,286.48,,,0.01,91.48,,,0.02,296.9,0.03,475.2,0.01,0.01,2358.996845,1776317324000
1776317326.653,226.653,0.98,444.48,0.97,169.78,0.99,196.0,,,0.01,286.48,,,0.02,331.07,0.03,271.19,0.01,0.01,2358.99672,1776317325000
1776317327.499,227.499,0.98,726.28,0.97,169.78,0.99,191.0,,,0.01,196.0,,,0.02,444.48,0.03,169.78,0.01,0.01,2358.987195,1776317326000
1776317328.166,228.166,0.98,709.95,0.97,169.78,0.99,191.0,,,0.01,191.0,,,0.02,726.28,0.03,169.78,0.01,0.01,2358.987195,1776317326000
1776317329.796,229.796,0.98,323.07,0.97,155.78,0.99,175.84,,,0.01,191.0,,,0.02,709.95,0.03,169.78,0.01,0.01,2359.198266,1776317328000
1776317330.093,230.093,0.98,323.07,0.97,155.78,0.99,175.84,,,0.01,175.84,,,0.02,323.07,0.03,155.78,0.01,0.01,2359.198266,1776317328000
1776317330.398,230.398,0.98,323.07,0.97,155.78,0.99,166.76,,,0.01,172.78,,,0.02,323.07,0.03,155.78,0.01,0.01,2359.183972,1776317329000
1776317331.469,231.469,0.98,121.9,0.97,564.16,0.99,165.74,,,0.01,155.74,,,0.02,323.07,0.03,165.78,0.01,0.01,2359.254538,1776317330000
1776317332.057,232.057,0.98,70.4,0.97,564.16,0.99,155.44,,,0.01,170.74,,,0.02,70.4,0.03,564.16,0.01,0.01,2359.254538,1776317330000
1776317332.564,232.564,0.98,80.4,0.97,169.77,0.99,125.14,,,0.01,155.44,,,0.02,70.4,0.03,564.16,0.01,0.01,2359.266807,1776317331000
1776317333.173,233.173,0.98,80.4,0.97,169.77,0.99,105.43,,,0.01,125.14,,,0.02,80.4,0.03,169.77,0.01,0.01,2359.266807,1776317331000
1776317333.854,233.854,0.98,80.4,0.97,169.77,0.99,75.13,,,0.01,105.43,,,0.02,80.4,0.03,169.77,0.01,0.01,2358.977365,1776317332000
1776317334.495,234.495,0.98,110.4,0.97,151.77,0.99,44.83,,,0.01,75.13,,,0.02,80.4,0.03,169.77,0.01,0.01,2358.977365,1776317332000
1776317335.166,235.166,0.98,115.57,0.97,546.16,0.99,34.77,,,0.01,39.77,,,0.02,115.4,0.03,450.74,0.01,0.01,2358.840557,1776317333000
1776317338.362,238.362,0.99,20.23,0.98,247.99,,,,,0.01,34.77,,,0.02,115.57,0.03,546.16,,0.01,2358.832746,1776317336000
1776317342.264,242.264,0.99,163.21,0.98,53.01,,,,,,,,,0.02,215.6,0.03,145.78,,,2358.822594,1776317341000
1776317342.558,242.558,0.98,53.01,0.97,45.12,,,,,,,,,0.01,133.21,0.02,53.01,,,2358.822594,1776317341000
1776317342.884,242.884,0.96,125.32,0.95,101.63,0.98,50.0,0.99,115.0,0.01,110.0,,,0.05,86.63,0.06,89.42,0.02,0.04,2358.822594,1776317341000
1776317343.237,243.237,0.96,10.0,0.95,89.63,0.97,30.95,0.98,10.0,0.01,15.0,,,0.05,76.63,0.06,112.42,0.01,0.04,2358.822594,1776317341000
1776317343.456,243.456,0.96,10.0,0.95,89.63,0.97,29.91,0.98,10.0,0.03,30.95,0.02,10.0,0.04,10.0,0.05,89.63,0.01,0.01,2358.843244,1776317342000
1776317343.69,243.69,0.96,23.0,0.95,89.63,0.97,42.83,0.98,10.0,0.03,43.87,0.02,10.0,0.04,18.0,0.05,89.63,0.01,0.01,2358.843244,1776317342000
1776317343.938,243.938,0.96,44.04,0.95,89.63,0.97,23.46,0.98,10.0,0.03,32.34,0.02,10.0,0.04,44.04,0.05,89.63,0.01,0.01,2358.843244,1776317342000
1776317344.875,244.875,0.96,276.62,0.95,89.63,0.97,45.17,0.98,10.0,0.03,46.21,0.02,10.0,0.04,97.72,0.05,89.63,0.01,0.01,2358.456556,1776317343000
1776317345.078,245.078,0.96,321.52,0.95,89.63,0.97,40.17,0.98,10.0,0.03,45.17,0.02,10.0,0.04,276.62,0.05,89.63,0.01,0.01,2358.456556,1776317343000
1776317345.363,245.363,0.96,181.2,0.95,89.63,0.97,75.09,0.98,10.0,0.03,40.17,0.02,10.0,0.04,321.52,0.05,89.63,0.01,0.01,2358.456556,1776317343000
1776317345.72,245.72,0.96,407.92,0.95,89.63,0.97,66.63,0.98,10.0,0.03,75.09,0.02,10.0,0.04,181.2,0.05,89.63,0.01,0.01,2358.019612,1776317344000
1776317346.224,246.224,0.96,397.92,0.95,89.63,0.97,56.47,0.98,10.0,0.03,61.63,0.02,10.0,0.04,407.92,0.05,89.63,0.01,0.01,2358.019612,1776317344000
1776317348.468,248.468,0.96,194.37,0.95,140.63,0.97,202.47,0.98,115.0,0.03,56.47,0.02,10.0,0.04,397.92,0.05,89.63,0.01,0.01,2358.011995,1776317346000
1776317349.298,249.298,0.96,69.95,0.95,124.63,0.97,206.79,0.98,115.0,0.03,202.47,0.02,115.0,0.04,69.95,0.05,140.63,0.01,0.01,2357.957985,1776317348000
1776317350.52,250.52,0.96,21.14,0.95,76.63,0.97,254.12,0.98,115.0,0.03,206.79,0.02,115.0,0.04,69.95,0.05,124.63,0.01,0.01,2357.891053,1776317349000
1776317351.188,251.188,0.95,10.0,0.94,49.19,0.97,59.12,0.98,110.0,0.04,50.0,0.03,183.12,0.06,37.19,0.07,84.3,0.02,0.02,2357.852965,1776317350000
1776317351.578,251.578,0.95,18.13,0.94,37.52,0.96,10.0,0.97,70.1,0.03,70.1,0.02,110.0,0.06,37.52,0.07,70.3,0.01,0.03,2357.852965,1776317350000
1776317351.946,251.946,0.96,13.5,0.95,46.52,0.97,65.95,0.98,110.0,0.03,63.0,0.02,110.0,0.05,45.02,0.06,37.52,0.01,0.02,2357.852965,1776317350000
1776317352.172,252.172,0.96,18.5,0.95,46.52,0.97,46.71,0.98,10.0,0.03,65.95,0.02,110.0,0.04,13.5,0.05,46.52,0.01,0.01,2357.790546,1776317351000
1776317352.467,252.467,0.96,35.48,0.95,15.0,0.97,41.71,0.98,10.0,0.03,46.71,0.02,10.0,0.04,18.5,0.05,46.52,0.01,0.01,2357.790546,1776317351000
1776317353.259,253.259,0.96,250.17,0.95,10.0,0.97,41.71,0.98,20.0,0.03,41.71,0.02,10.0,0.04,35.48,0.05,15.0,0.01,0.01,2357.70198,1776317352000
1776317353.466,253.466,0.96,212.17,0.95,10.0,0.97,41.71,0.98,20.0,0.03,41.71,0.02,20.0,0.04,250.17,0.05,10.0,0.01,0.01,2357.70198,1776317352000
1776317354.865,254.865,0.96,55.48,0.95,10.0,0.97,36.71,0.98,20.0,0.03,41.71,0.02,20.0,0.04,212.17,0.05,10.0,0.01,0.01,2357.659762,1776317353000
1776317357.105,257.105,0.96,55.48,0.95,29.0,0.97,18.02,0.98,81.0,0.03,36.71,0.02,20.0,0.04,55.48,0.05,10.0,0.01,0.01,2357.65398,1776317356000
1776317357.515,257.515,0.96,55.48,0.95,29.0,0.97,11.84,0.98,81.0,0.03,18.02,0.02,81.0,0.04,55.48,0.05,29.0,0.01,0.01,2357.65398,1776317356000
1776317357.849,257.849,0.96,55.48,0.95,29.0,0.97,6.68,0.98,81.0,0.03,11.84,0.02,81.0,0.04,55.48,0.05,29.0,0.01,0.01,2357.65398,1776317356000
1776317358.48,258.48,0.97,13.5,0.96,41.98,0.98,77.96,0.99,145.52,0.03,1.68,0.02,81.0,0.04,60.48,0.05,29.0,0.01,0.01,2357.656895,1776317357000
1776317359.726,259.726,0.97,50.48,0.96,64.67,0.98,72.96,0.99,135.99,0.02,77.96,0.01,145.52,0.03,13.5,0.04,41.98,0.01,0.01,2357.65721,1776317358000
1776317360.552,260.552,0.97,222.47,0.96,79.67,0.98,62.96,0.99,110.0,0.02,72.96,0.01,135.99,0.03,50.48,0.04,64.67,0.01,0.01,2357.662455,1776317359000
1776317360.855,260.855,0.97,222.47,0.96,79.67,0.98,57.96,0.99,110.0,0.02,62.96,0.01,110.0,0.03,222.47,0.04,79.67,0.01,0.01,2357.662455,1776317359000
1776317361.385,261.385,0.97,228.47,0.96,79.67,0.98,52.96,0.99,110.0,0.02,57.96,0.01,110.0,0.03,222.47,0.04,79.67,0.01,0.01,2357.65682,1776317360000
1776317362.829,262.829,0.98,70.48,0.97,206.99,0.99,135.69,,,0.02,52.96,0.01,110.0,0.03,228.47,0.04,79.67,0.01,0.01,2357.690441,1776317361000
1776317363.896,263.896,0.98,65.48,0.97,206.99,0.99,121.82,,,0.01,135.69,,,0.02,70.48,0.03,206.99,0.01,0.01,2357.708945,1776317362000
1776317364.188,264.188,0.98,70.48,0.97,206.99,0.99,0.49,,,0.01,20.69,,,0.02,65.48,0.03,206.99,0.01,0.01,2357.89384,1776317363000
1776317364.542,264.542,0.98,70.48,0.97,224.99,,,,,0.01,0.49,,,0.02,70.48,0.03,206.99,,0.01,2357.89384,1776317363000
1776317373.995,273.995,0.98,154.59,0.97,108.67,,,,,,,,,0.02,70.48,0.03,224.99,,,2357.778958,1776317372000
1776317377.105,277.105,0.98,185.26,0.97,110.67,0.99,127.96,,,,,,,0.02,154.59,0.03,108.67,0.01,,2357.706253,1776317375000
1776317377.614,277.614,0.98,200.26,0.97,110.67,0.99,126.94,,,0.01,127.96,,,0.02,185.26,0.03,110.67,0.01,0.01,2357.713015,1776317376000
1776317379.462,279.462,0.98,221.26,0.97,110.67,0.99,124.48,,,0.01,126.94,,,0.02,200.26,0.03,110.67,0.01,0.01,2357.691665,1776317378000
1776317380.486,280.486,0.98,238.15,0.97,100.67,0.99,119.48,,,0.01,124.48,,,0.02,221.26,0.03,110.67,0.01,0.01,2357.708103,1776317379000
1776317381.047,281.047,0.98,238.15,0.97,100.67,0.99,101.48,,,0.01,111.48,,,0.02,238.15,0.03,100.67,0.01,0.01,2357.661582,1776317380000
1776317381.325,281.325,0.98,238.15,0.97,99.67,0.99,36.48,,,0.01,101.48,,,0.02,238.15,0.03,100.67,0.01,0.01,2357.661582,1776317380000
1776317381.685,281.685,0.98,238.15,0.97,82.0,0.99,31.48,,,0.01,36.48,,,0.02,238.15,0.03,99.67,0.01,0.01,2357.661582,1776317380000
1776317384.444,284.444,0.98,226.15,0.97,82.0,0.99,31.48,,,0.01,31.48,,,0.02,238.15,0.03,82.0,0.01,0.01,2357.702764,1776317383000
1776317384.959,284.959,0.98,166.15,0.97,82.0,0.99,31.48,,,0.01,31.48,,,0.02,226.15,0.03,82.0,0.01,0.01,2357.702764,1776317383000
1776317385.423,285.423,0.98,197.47,0.97,82.0,0.99,17.48,,,0.01,31.48,,,0.02,166.15,0.03,82.0,0.01,0.01,2357.68002,1776317384000
1776317385.699,285.699,0.99,5.55,0.98,197.47,,,,,0.01,4.45,,,0.02,197.47,0.03,82.0,,0.01,2357.68002,1776317384000
1776317391.185,291.185,0.99,1302.55,0.98,152.66,0.998,3.99,0.999,465.0,,,,,0.01,5.55,0.02,197.47,0.008,,2357.69048,1776317389000
1776317391.572,291.572,0.998,103.44,0.991,24.0,0.999,429.97,,,0.001,465.0,,,0.002,103.44,0.009,24.0,0.001,0.001,2357.69048,1776317389000
1776317393.536,293.536,0.999,414.13,0.998,103.44,,,,,0.001,413.88,,,0.002,103.44,0.009,24.0,,0.001,2357.70475,1776317392000

# RESULT,winner=Up,slug=eth-updown-5m-1776317100,ticks=284
