timestamp,elapsed_sec,up_bid_p1,up_bid_s1,up_bid_p2,up_bid_s2,up_ask_p1,up_ask_s1,up_ask_p2,up_ask_s2,down_bid_p1,down_bid_s1,down_bid_p2,down_bid_s2,down_ask_p1,down_ask_s1,down_ask_p2,down_ask_s2,up_spread,down_spread,eth_price,eth_oracle_ts
1776253500.511,0.511,0.46,10.51,0.45,5.0,0.48,5.0,0.49,5.0,0.52,5.0,0.51,5.0,0.54,12.51,0.55,5.0,0.02,0.02,2329.611875,1776253499000
1776253500.963,0.963,0.4,6.0,0.39,104.0,0.45,65.0,0.46,116.97,0.55,70.0,0.54,70.0,0.6,6.0,0.61,34.0,0.05,0.05,2329.611875,1776253499000
1776253501.909,1.909,0.42,19.0,0.41,10.0,0.44,5.0,0.45,5.0,0.55,65.0,0.54,116.97,0.6,4.33,0.61,104.0,0.02,0.05,2329.61188,1776253500000
1776253502.225,2.225,0.43,57.36,0.42,85.54,0.46,41.97,0.47,13.0,0.55,5.0,0.54,46.97,0.57,57.36,0.58,85.54,0.03,0.02,2329.61188,1776253500000
1776253502.497,2.497,0.45,3.86,0.44,70.0,0.46,35.44,0.47,13.0,0.54,35.44,0.53,13.0,0.56,70.0,0.57,57.36,0.01,0.02,2329.5912,1776253501000
1776253502.932,2.932,0.44,146.86,0.43,63.36,0.46,40.44,0.47,13.0,0.54,35.44,0.53,13.0,0.55,3.86,0.56,70.0,0.02,0.01,2329.5912,1776253501000
1776253503.406,3.406,0.45,16.8,0.44,156.86,0.46,40.44,0.47,10.0,0.54,40.44,0.53,13.0,0.56,146.86,0.57,63.36,0.01,0.02,2329.3427,1776253502000
1776253503.85,3.85,0.44,148.75,0.43,75.36,0.45,10.0,0.46,45.44,0.54,30.44,0.53,10.0,0.55,21.8,0.56,156.86,0.01,0.01,2329.3427,1776253502000
1776253504.23,4.23,0.44,168.22,0.43,80.36,0.45,10.0,0.46,45.44,0.55,10.0,0.54,45.44,0.56,148.75,0.57,75.36,0.01,0.01,2329.4193,1776253503000
1776253504.625,4.625,0.44,146.64,0.43,80.36,0.45,15.0,0.46,45.44,0.55,10.0,0.54,45.44,0.56,168.22,0.57,80.36,0.01,0.01,2329.4193,1776253503000
1776253505.342,5.342,0.44,154.85,0.43,80.36,0.45,10.0,0.46,45.44,0.55,15.0,0.54,45.44,0.56,146.64,0.57,80.36,0.01,0.01,2329.601002,1776253504000
1776253505.863,5.863,0.45,30.0,0.44,47.47,0.49,181.52,0.5,27.0,0.55,10.0,0.54,45.44,0.56,154.85,0.57,80.36,0.04,0.01,2329.601002,1776253504000
1776253506.533,6.533,0.48,80.0,0.47,93.0,0.49,95.31,0.5,32.0,0.51,100.31,0.5,27.0,0.52,10.0,0.53,10.0,0.01,0.01,2329.601002,1776253504000
1776253507.003,7.003,0.48,71.71,0.47,103.0,0.49,45.31,0.5,32.0,0.51,45.31,0.5,32.0,0.52,91.0,0.53,93.0,0.01,0.01,2329.601002,1776253504000
1776253507.778,7.778,0.48,71.71,0.47,108.0,0.49,36.22,0.5,32.0,0.51,41.22,0.5,32.0,0.52,71.71,0.53,103.0,0.01,0.01,2329.590691,1776253505000
1776253508.023,8.023,0.48,69.11,0.47,108.0,0.49,36.22,0.5,32.0,0.51,36.22,0.5,32.0,0.52,71.71,0.53,108.0,0.01,0.01,2329.590691,1776253505000
1776253508.392,8.392,0.48,147.11,0.47,108.0,0.49,21.22,0.5,27.0,0.51,36.22,0.5,32.0,0.52,69.11,0.53,108.0,0.01,0.01,2329.590691,1776253505000
1776253508.885,8.885,0.62,20.0,0.61,20.0,0.63,21.41,0.64,87.89,0.42,4.38,0.4,13.0,0.43,25.0,0.44,70.0,0.01,0.01,2329.65125,1776253506000
1776253509.37,9.37,0.62,10.26,0.61,69.0,0.63,206.41,0.64,92.89,0.37,26.41,0.36,87.89,0.39,19.0,0.4,15.0,0.01,0.02,2329.65125,1776253506000
1776253509.72,9.72,0.59,14.73,0.58,95.0,0.63,276.41,0.64,107.89,0.37,206.41,0.36,92.89,0.38,10.26,0.39,69.0,0.04,0.01,2329.788008,1776253508000
1776253510.033,10.033,0.56,87.79,0.55,140.0,0.6,255.0,0.61,20.0,0.37,276.41,0.36,107.89,0.41,14.73,0.42,95.0,0.04,0.04,2329.788008,1776253508000
1776253510.36,10.36,0.55,128.43,0.54,135.0,0.58,195.0,0.59,20.0,0.42,5.0,0.41,20.0,0.43,5.0,0.44,100.79,0.03,0.01,2329.788008,1776253508000
1776253510.573,10.573,0.56,10.0,0.55,133.43,0.58,219.56,0.59,70.0,0.42,195.0,0.41,20.0,0.45,128.43,0.46,135.0,0.02,0.03,2329.83957,1776253509000
1776253510.83,10.83,0.56,32.0,0.55,133.43,0.57,188.33,0.58,60.0,0.43,180.0,0.42,60.0,0.44,32.0,0.45,133.43,0.01,0.01,2329.83957,1776253509000
1776253511.277,11.277,0.55,88.6,0.54,125.0,0.57,224.92,0.58,55.0,0.43,214.92,0.42,55.0,0.44,21.77,0.45,133.43,0.02,0.01,2329.83957,1776253509000
1776253511.564,11.564,0.55,70.6,0.54,125.0,0.56,80.0,0.57,221.59,0.43,224.92,0.42,55.0,0.45,88.6,0.46,125.0,0.01,0.02,2329.83957,1776253509000
1776253511.867,11.867,0.53,151.0,0.52,87.0,0.56,275.5,0.57,46.59,0.44,80.0,0.43,221.59,0.45,70.6,0.46,125.0,0.03,0.01,2330.281425,1776253510000
1776253512.255,12.255,0.55,23.54,0.54,70.5,0.56,255.0,0.57,46.59,0.44,275.5,0.43,46.59,0.47,151.0,0.48,87.0,0.01,0.03,2330.281425,1776253510000
1776253512.631,12.631,0.55,23.54,0.54,28.5,0.56,125.34,0.57,51.59,0.44,255.0,0.43,46.59,0.45,23.54,0.46,70.5,0.01,0.01,2330.184747,1776253511000
1776253513.137,13.137,0.55,16.52,0.54,33.5,0.56,255.34,0.57,51.59,0.44,120.34,0.43,51.59,0.45,10.2,0.46,33.5,0.01,0.01,2330.184747,1776253511000
1776253513.614,13.614,0.55,5.5,0.54,33.5,0.56,91.0,0.57,231.59,0.44,255.34,0.43,51.59,0.45,16.52,0.46,33.5,0.01,0.01,2330.184747,1776253511000
1776253514.085,14.085,0.54,27.98,0.53,103.0,0.56,82.53,0.57,231.59,0.44,87.53,0.43,231.59,0.45,5.5,0.46,33.5,0.02,0.01,2330.11745,1776253512000
1776253514.456,14.456,0.54,29.48,0.53,108.0,0.55,69.0,0.56,82.53,0.44,82.53,0.43,231.59,0.46,27.98,0.47,103.0,0.01,0.02,2330.135,1776253513000
1776253514.745,14.745,0.54,12.54,0.53,108.0,0.55,254.0,0.56,82.53,0.45,69.0,0.44,82.53,0.46,29.48,0.47,108.0,0.01,0.01,2330.135,1776253513000
1776253515.184,15.184,0.54,21.23,0.53,108.0,0.55,249.0,0.56,77.53,0.45,254.0,0.44,82.53,0.46,12.54,0.47,108.0,0.01,0.01,2330.089101,1776253514000
1776253515.519,15.519,0.54,18.86,0.53,108.0,0.55,249.0,0.56,77.53,0.45,249.0,0.44,77.53,0.46,21.23,0.47,108.0,0.01,0.01,2330.089101,1776253514000
1776253515.983,15.983,0.54,26.68,0.53,108.0,0.55,242.89,0.56,77.53,0.45,249.0,0.44,77.53,0.46,26.68,0.47,108.0,0.01,0.01,2330.089162,1776253515000
1776253516.4,16.4,0.54,4.6,0.53,108.0,0.55,242.89,0.56,82.53,0.45,242.89,0.44,77.53,0.46,10.52,0.47,108.0,0.01,0.01,2330.089162,1776253515000
1776253518.923,18.923,0.47,76.67,0.46,70.0,0.49,25.5,0.5,25.5,0.45,242.89,0.44,82.53,0.46,4.6,0.47,108.0,0.02,0.01,2330.106925,1776253517000
1776253519.796,19.796,0.46,75.0,0.45,13.0,0.48,286.0,0.49,96.5,0.51,25.5,0.5,25.5,0.53,76.67,0.54,70.0,0.02,0.02,2330.106925,1776253518000
1776253520.636,20.636,0.46,13.0,0.45,18.0,0.47,226.5,0.48,106.5,0.52,286.0,0.51,96.5,0.54,75.0,0.55,13.0,0.01,0.02,2330.063291,1776253519000
1776253522.231,22.231,0.46,16.31,0.45,30.0,0.47,281.5,0.48,106.5,0.53,226.5,0.52,106.5,0.54,13.0,0.55,18.0,0.01,0.01,2329.8041,1776253521000
1776253522.832,22.832,0.46,6.1,0.45,35.0,0.47,286.5,0.48,106.5,0.53,281.5,0.52,106.5,0.54,14.77,0.55,35.0,0.01,0.01,2329.8041,1776253521000
1776253524.206,24.206,0.46,5.0,0.45,18.0,0.47,98.94,0.48,276.5,0.53,286.5,0.52,106.5,0.54,6.1,0.55,35.0,0.01,0.01,2329.793069,1776253522000
1776253525.121,25.121,0.46,5.0,0.45,18.0,0.47,88.94,0.48,276.5,0.53,98.94,0.52,276.5,0.54,5.0,0.55,18.0,0.01,0.01,2329.747575,1776253524000
1776253532.209,32.209,0.47,7.0,0.46,210.57,0.48,80.5,0.49,85.5,0.53,88.94,0.52,276.5,0.54,5.0,0.55,18.0,0.01,0.01,2329.663005,1776253530000
1776253535.729,35.729,0.45,20.0,0.44,60.47,0.46,66.65,0.47,107.5,0.52,80.5,0.51,85.5,0.53,7.0,0.54,210.57,0.01,0.01,2329.783813,1776253534000
1776253536.16,36.16,0.45,239.0,0.44,110.47,0.46,0.65,0.47,87.0,0.54,66.65,0.53,107.5,0.55,20.0,0.56,60.47,0.01,0.01,2329.783813,1776253534000
1776253536.476,36.476,0.46,34.0,0.45,205.0,0.48,86.5,0.49,75.5,0.54,0.65,0.53,87.0,0.55,239.0,0.56,110.47,0.02,0.01,2329.732793,1776253535000
1776253537.262,37.262,0.48,25.0,0.47,80.0,0.49,55.5,0.5,75.5,0.52,86.5,0.51,75.5,0.54,34.0,0.55,205.0,0.01,0.02,2329.800787,1776253536000
1776253537.475,37.475,0.48,149.0,0.47,85.0,0.49,35.29,0.5,75.5,0.51,45.5,0.5,75.5,0.52,74.0,0.53,80.0,0.01,0.01,2329.800787,1776253536000
1776253538.054,38.054,0.48,54.0,0.47,265.0,0.49,45.08,0.5,75.5,0.51,35.29,0.5,75.5,0.52,149.0,0.53,85.0,0.01,0.01,2329.800787,1776253536000
1776253538.698,38.698,0.54,90.0,0.53,115.0,0.56,46.27,0.57,103.93,0.51,45.08,0.5,75.5,0.52,54.0,0.53,265.0,0.02,0.01,2329.69685,1776253537000
1776253540.734,40.734,0.57,38.03,0.56,70.0,0.58,70.5,0.59,60.0,0.44,46.17,0.43,103.93,0.45,20.0,0.46,75.0,0.01,0.01,2329.811905,1776253539000
1776253540.937,40.937,0.56,5.0,0.55,15.0,0.57,43.32,0.58,145.49,0.42,70.5,0.41,60.0,0.43,38.03,0.44,70.0,0.01,0.01,2329.811905,1776253539000
1776253541.253,41.253,0.56,39.88,0.55,90.0,0.57,33.32,0.58,145.49,0.43,43.32,0.42,145.49,0.44,5.0,0.45,15.0,0.01,0.01,2329.811905,1776253539000
1776253542.152,42.152,0.56,49.88,0.55,270.0,0.57,69.54,0.58,138.84,0.43,83.32,0.42,145.49,0.44,44.88,0.45,85.0,0.01,0.01,2330.045655,1776253540000
1776253543.692,43.692,0.56,264.88,0.55,85.0,0.57,6.5,0.58,70.5,0.43,69.54,0.42,138.84,0.44,49.88,0.45,270.0,0.01,0.01,2329.99745,1776253542000
1776253544.561,44.561,0.56,109.88,0.55,265.0,0.57,59.42,0.58,70.5,0.43,6.5,0.42,70.5,0.44,264.88,0.45,85.0,0.01,0.01,2330.049689,1776253543000
1776253544.784,44.784,0.56,139.88,0.55,275.5,0.57,6.9,0.58,70.5,0.43,8.66,0.42,70.5,0.44,144.88,0.45,265.0,0.01,0.01,2330.049689,1776253543000
1776253545.833,45.833,0.46,115.0,0.45,65.0,0.47,1477.12,0.57,11.9,0.43,6.9,0.42,70.5,0.44,139.88,0.45,275.5,0.01,0.01,2330.05147,1776253544000
1776253546.1,46.1,0.46,292.5,0.45,73.0,0.47,1439.8,0.51,55.0,0.53,1477.12,0.43,11.9,0.54,115.0,0.55,65.0,0.01,0.01,2330.05147,1776253544000
1776253546.334,46.334,0.46,232.4,0.45,18.0,0.47,1087.25,0.48,55.0,0.53,1047.25,0.52,5.0,0.54,282.4,0.55,68.0,0.01,0.01,2330.05161,1776253545000
1776253546.945,46.945,0.46,412.4,0.45,18.0,0.47,479.48,0.48,55.0,0.53,1087.25,0.52,55.0,0.54,232.4,0.55,18.0,0.01,0.01,2330.05161,1776253545000
1776253547.259,47.259,0.46,337.4,0.45,23.0,0.47,479.48,0.48,55.0,0.53,479.48,0.52,55.0,0.54,412.4,0.55,18.0,0.01,0.01,2330.05161,1776253545000
1776253547.479,47.479,0.46,347.4,0.45,23.0,0.47,476.96,0.48,55.0,0.53,479.48,0.52,55.0,0.54,337.4,0.55,23.0,0.01,0.01,2330.06445,1776253546000
1776253548.381,48.381,0.46,382.4,0.45,87.71,0.47,225.36,0.48,55.0,0.53,469.36,0.52,55.0,0.54,382.4,0.55,23.0,0.01,0.01,2330.0644,1776253547000
1776253548.665,48.665,0.46,382.4,0.45,87.71,0.47,217.84,0.48,55.0,0.53,220.36,0.52,55.0,0.54,377.4,0.55,87.71,0.01,0.01,2330.0644,1776253547000
1776253548.945,48.945,0.46,514.4,0.45,142.71,0.5,55.0,0.51,55.0,0.53,217.84,0.52,55.0,0.54,382.4,0.55,87.71,0.04,0.01,2330.0644,1776253547000
1776253549.257,49.257,0.49,395.5,0.48,33.0,0.5,25.26,0.51,55.0,0.5,30.78,0.49,55.0,0.51,195.5,0.52,38.0,0.01,0.01,2330.0644,1776253547000
1776253549.898,49.898,0.5,212.5,0.49,283.5,0.51,40.19,0.52,55.0,0.49,42.31,0.48,55.0,0.5,25.5,0.51,328.5,0.01,0.01,2330.116,1776253548000
1776253550.309,50.309,0.5,397.5,0.49,103.5,0.51,0.19,0.52,55.0,0.49,40.19,0.48,55.0,0.5,212.5,0.51,283.5,0.01,0.01,2330.11605,1776253549000
1776253551.62,51.62,0.5,397.5,0.49,113.5,0.52,53.18,0.53,60.0,0.49,0.19,0.48,55.0,0.5,397.5,0.51,103.5,0.02,0.01,2330.215,1776253550000
1776253551.933,51.933,0.51,284.88,0.5,263.5,0.52,30.13,0.53,60.0,0.48,33.94,0.47,60.0,0.49,38.5,0.5,243.5,0.01,0.01,2330.215,1776253550000
1776253552.947,52.947,0.51,279.88,0.5,313.5,0.52,9.09,0.53,60.0,0.48,11.13,0.47,60.0,0.49,284.88,0.5,313.5,0.01,0.01,2330.19745,1776253551000
1776253553.598,53.598,0.51,531.88,0.5,133.5,0.52,5.05,0.53,60.0,0.48,7.05,0.47,60.0,0.49,284.88,0.5,313.5,0.01,0.01,2330.1948,1776253552000
1776253554.207,54.207,0.51,469.5,0.5,133.5,0.53,58.17,0.54,55.0,0.48,5.05,0.47,60.0,0.49,531.88,0.5,133.5,0.02,0.01,2330.1948,1776253552000
1776253555.614,55.614,0.51,162.5,0.5,43.0,0.52,60.0,0.53,238.17,0.47,58.17,0.46,55.0,0.49,469.5,0.5,133.5,0.01,0.02,2330.27115,1776253554000
1776253557.076,57.076,0.51,472.5,0.5,154.57,0.53,60.0,0.54,55.0,0.48,60.0,0.47,238.17,0.49,162.5,0.5,43.0,0.02,0.01,2330.2737,1776253555000
1776253557.35,57.35,0.52,177.5,0.51,366.5,0.53,50.0,0.54,55.0,0.47,60.0,0.46,55.0,0.49,472.5,0.5,154.57,0.01,0.02,2330.2737,1776253555000
1776253558.256,58.256,0.52,140.0,0.51,51.5,0.53,60.0,0.54,240.0,0.47,50.0,0.46,55.0,0.48,177.5,0.49,366.5,0.01,0.01,2330.2688,1776253556000
1776253559.496,59.496,0.52,318.5,0.51,169.98,0.53,44.33,0.54,55.0,0.47,60.0,0.46,240.0,0.48,93.0,0.49,51.5,0.01,0.01,2330.26615,1776253558000
1776253560.366,60.366,0.53,485.43,0.52,133.5,0.56,55.0,0.57,55.0,0.46,55.0,0.45,66.0,0.48,368.5,0.49,169.98,0.03,0.02,2330.22675,1776253559000
1776253560.965,60.965,0.59,375.5,0.58,88.0,0.6,47.58,0.61,55.0,0.44,45.0,0.43,55.0,0.45,245.5,0.46,43.5,0.01,0.01,2330.22675,1776253559000
1776253561.606,61.606,0.59,365.5,0.58,93.0,0.6,51.66,0.61,55.0,0.4,31.77,0.39,55.0,0.41,375.5,0.42,88.0,0.01,0.01,2330.247742,1776253560000
1776253562.424,62.424,0.61,431.16,0.6,93.5,0.62,1.8,0.63,53.41,0.4,43.66,0.39,55.0,0.41,370.5,0.42,93.0,0.01,0.01,2330.247742,1776253560000
1776253563.576,63.576,0.62,350.5,0.61,204.16,0.63,44.24,0.64,55.0,0.37,47.24,0.36,68.89,0.39,481.16,0.4,98.5,0.01,0.02,2330.456447,1776253562000
1776253563.984,63.984,0.62,355.5,0.61,204.16,0.63,39.54,0.64,55.0,0.37,44.24,0.36,55.0,0.38,350.5,0.39,204.16,0.01,0.01,2330.456447,1776253562000
1776253564.2,64.2,0.62,337.5,0.61,209.16,0.63,39.54,0.64,55.0,0.37,39.54,0.36,55.0,0.38,355.5,0.39,204.16,0.01,0.01,2330.456447,1776253562000
1776253564.54,64.54,0.64,424.5,0.63,127.5,0.65,6.46,0.69,55.0,0.37,39.54,0.36,55.0,0.38,337.5,0.39,209.16,0.01,0.01,2330.663925,1776253563000
1776253564.765,64.765,0.68,129.5,0.67,65.0,0.69,26.31,0.7,55.0,0.31,32.1,0.3,55.0,0.32,10.0,0.33,10.0,0.01,0.01,2330.663925,1776253563000
1776253565.053,65.053,0.69,117.0,0.68,10.0,0.7,133.84,0.71,125.5,0.31,26.31,0.3,55.0,0.32,129.5,0.33,65.0,0.01,0.01,2330.663925,1776253563000
1776253565.308,65.308,0.68,76.91,0.65,10.0,0.69,78.84,0.7,267.5,0.3,333.49,0.29,141.5,0.32,81.91,0.35,10.0,0.01,0.02,2330.663925,1776253563000
1776253565.749,65.749,0.68,81.91,0.67,5.0,0.69,264.65,0.7,109.5,0.31,78.84,0.3,267.5,0.32,76.91,0.35,10.0,0.01,0.01,2330.731961,1776253564000
1776253565.967,65.967,0.68,36.75,0.67,5.0,0.69,289.65,0.7,109.5,0.31,234.65,0.3,109.5,0.32,41.91,0.33,5.0,0.01,0.01,2330.731961,1776253564000
1776253566.189,66.189,0.64,71.83,0.63,87.5,0.66,27.1,0.67,31.0,0.35,3.3,0.34,26.0,0.36,71.83,0.37,87.5,0.02,0.01,2330.731961,1776253564000
1776253566.547,66.547,0.65,22.0,0.64,71.83,0.66,99.27,0.67,81.0,0.34,6.94,0.33,31.0,0.36,76.83,0.37,87.5,0.01,0.02,2330.730945,1776253565000
1776253566.814,66.814,0.65,22.0,0.64,66.83,0.66,109.86,0.67,91.5,0.34,99.27,0.33,81.0,0.35,22.0,0.36,71.83,0.01,0.01,2330.730945,1776253565000
1776253567.087,67.087,0.65,69.0,0.64,66.83,0.66,58.67,0.67,91.5,0.34,64.74,0.33,91.5,0.35,69.0,0.36,66.83,0.01,0.01,2330.870803,1776253566000
1776253567.599,67.599,0.65,29.49,0.64,66.83,0.66,61.79,0.67,91.5,0.34,56.79,0.33,91.5,0.35,19.14,0.36,66.83,0.01,0.01,2330.870803,1776253566000
1776253567.823,67.823,0.65,15.49,0.64,66.83,0.66,16.41,0.67,91.5,0.34,50.49,0.33,91.5,0.35,15.49,0.36,66.83,0.01,0.01,2330.870803,1776253566000
1776253568.084,68.084,0.65,20.49,0.64,66.83,0.67,254.72,0.68,144.49,0.34,15.41,0.33,91.5,0.35,15.49,0.36,66.83,0.02,0.01,2330.870803,1776253566000
1776253568.43,68.43,0.66,68.0,0.65,15.49,0.67,250.54,0.68,80.5,0.33,254.72,0.32,144.49,0.35,20.49,0.36,66.83,0.01,0.02,2330.7647,1776253567000
1776253568.77,68.77,0.66,95.35,0.65,23.14,0.67,217.63,0.68,70.5,0.33,232.54,0.32,70.5,0.34,85.35,0.35,18.14,0.01,0.01,2330.7647,1776253567000
1776253569.098,69.098,0.66,86.57,0.65,18.14,0.67,217.94,0.68,70.5,0.33,212.94,0.32,70.5,0.34,89.52,0.35,18.14,0.01,0.01,2330.7647,1776253567000
1776253569.392,69.392,0.66,91.57,0.65,73.14,0.67,191.56,0.68,70.5,0.33,178.06,0.32,70.5,0.34,169.1,0.35,18.14,0.01,0.01,2330.7647,1776253567000
1776253569.959,69.959,0.66,86.57,0.65,18.14,0.67,178.48,0.68,70.5,0.33,191.56,0.32,70.5,0.34,91.57,0.35,73.14,0.01,0.01,2330.691605,1776253569000
1776253570.314,70.314,0.66,59.35,0.64,56.83,0.67,236.98,0.68,138.84,0.33,178.48,0.32,70.5,0.34,86.57,0.35,18.14,0.01,0.01,2330.691605,1776253569000
1776253570.651,70.651,0.64,61.16,0.63,10.0,0.65,278.5,0.66,93.5,0.33,241.98,0.32,144.49,0.36,56.83,0.37,10.0,0.01,0.03,2330.691605,1776253569000
1776253571.108,71.108,0.64,0.16,0.63,10.0,0.65,306.5,0.66,93.5,0.35,278.5,0.34,93.5,0.36,61.16,0.37,10.0,0.01,0.01,2330.691605,1776253569000
1776253571.43,71.43,0.63,10.0,0.62,86.33,0.64,300.6,0.65,136.5,0.36,13.93,0.35,316.5,0.38,10.0,0.39,20.0,0.01,0.02,2330.684446,1776253570000
1776253572.129,72.129,0.62,10.0,0.61,10.0,0.64,260.93,0.65,103.5,0.36,300.6,0.35,136.5,0.37,10.0,0.38,86.33,0.02,0.01,2330.684446,1776253570000
1776253572.618,72.618,0.62,87.25,0.61,75.0,0.63,235.0,0.64,63.93,0.37,206.5,0.36,75.93,0.38,79.96,0.39,65.0,0.01,0.01,2330.845436,1776253571000
1776253573.039,73.039,0.61,5.0,0.58,10.0,0.63,265.42,0.64,132.27,0.37,235.0,0.36,63.93,0.38,87.25,0.39,75.0,0.02,0.01,2330.845436,1776253571000
1776253573.994,73.994,0.58,30.0,0.57,75.0,0.59,103.33,0.6,70.5,0.37,265.42,0.36,132.27,0.39,5.0,0.42,10.0,0.01,0.02,2330.667355,1776253572000
1776253574.31,74.31,0.57,75.0,0.56,85.5,0.59,288.33,0.6,70.5,0.41,103.33,0.4,70.5,0.42,30.0,0.43,75.0,0.02,0.01,2330.667355,1776253572000
1776253574.684,74.684,0.58,15.0,0.57,75.0,0.59,280.66,0.6,75.5,0.41,288.33,0.4,70.5,0.43,75.0,0.44,85.5,0.01,0.02,2330.623901,1776253573000
1776253575.007,75.007,0.56,1.37,0.55,15.0,0.57,117.5,0.58,31.5,0.42,25.5,0.41,290.66,0.43,5.39,0.44,65.0,0.01,0.01,2330.5374,1776253574000
1776253575.447,75.447,0.55,10.0,0.54,65.0,0.56,45.9,0.57,122.5,0.44,54.83,0.43,117.5,0.45,10.0,0.46,65.0,0.01,0.01,2330.5374,1776253574000
1776253575.762,75.762,0.55,8.04,0.54,65.0,0.56,110.9,0.57,122.5,0.44,45.9,0.43,122.5,0.45,10.0,0.46,65.0,0.01,0.01,2330.5374,1776253574000
1776253576.235,76.235,0.55,73.91,0.54,65.0,0.56,95.65,0.57,122.5,0.44,110.9,0.43,122.5,0.45,6.08,0.46,65.0,0.01,0.01,2330.37285,1776253575000
1776253578.921,78.921,0.55,134.96,0.54,265.5,0.56,6.67,0.57,81.5,0.44,95.65,0.43,122.5,0.45,73.91,0.46,65.0,0.01,0.01,2330.19605,1776253578000
1776253579.208,79.208,0.56,93.88,0.55,120.46,0.62,58.34,0.64,20.0,0.44,6.67,0.43,81.5,0.45,134.96,0.46,265.5,0.06,0.01,2330.19605,1776253578000
1776253579.524,79.524,0.79,20.5,0.78,25.5,0.8,4.56,0.83,17.0,0.2,16.61,0.19,107.0,0.37,65.0,0.38,25.5,0.01,0.17,2330.19605,1776253578000
1776253579.825,79.825,0.79,100.5,0.78,35.5,0.8,2.48,0.84,26.8,0.2,4.56,0.17,17.0,0.21,20.5,0.22,25.5,0.01,0.01,2330.19605,1776253578000
1776253580.066,80.066,0.81,28.34,0.8,35.41,0.85,74.56,0.86,50.0,0.19,50.0,0.15,74.56,0.2,0.91,0.21,265.5,0.04,0.01,2330.318172,1776253579000
1776253580.351,80.351,0.87,130.0,0.85,15.0,0.9,20.5,0.91,60.0,0.1,10.0,0.09,60.0,0.16,241.5,0.17,15.0,0.03,0.06,2330.318172,1776253579000
1776253580.624,80.624,0.88,19.9,0.87,20.0,0.9,10.0,0.91,10.0,0.1,17.76,0.09,10.0,0.13,30.0,0.14,10.0,0.02,0.03,2330.318172,1776253579000
1776253580.869,80.869,0.9,22.23,0.89,15.0,0.93,24.07,0.94,20.0,0.1,6.42,0.07,10.84,0.14,80.73,0.15,25.5,0.03,0.04,2330.318172,1776253579000
1776253581.097,81.097,0.91,105.66,0.9,79.78,0.94,10.0,0.95,10.0,0.04,315.35,0.03,430.0,0.09,124.92,0.1,48.78,0.03,0.05,2330.318172,1776253579000
1776253581.322,81.322,0.93,190.0,0.92,5.0,0.96,124.68,0.97,430.0,0.04,214.68,0.03,430.0,0.07,226.0,0.08,5.0,0.03,0.03,2331.208683,1776253580000
1776253581.524,81.524,0.95,1036.0,0.94,32.0,0.97,361.0,0.98,608.78,0.04,110.0,0.03,530.0,0.05,1036.0,0.06,37.0,0.02,0.01,2331.208683,1776253580000
1776253581.879,81.879,0.96,36.0,0.95,1037.0,0.98,467.78,0.99,4313.7,0.02,483.78,0.01,4313.7,0.05,1041.0,0.06,37.0,0.02,0.03,2331.208683,1776253580000
1776253582.08,82.08,0.96,40.0,0.95,1183.0,0.99,4313.7,,,0.01,4313.7,,,0.04,40.0,0.05,1183.0,0.03,0.03,2331.208683,1776253580000
1776253582.303,82.303,0.96,190.0,0.95,934.0,0.99,3128.7,,,0.03,124.0,0.02,10.0,0.04,575.17,0.05,959.0,0.03,0.01,2331.208683,1776253580000
1776253582.514,82.514,0.96,64.0,0.95,934.0,0.98,3.99,0.99,3175.41,0.02,3.99,0.01,3180.41,0.03,7.0,0.04,127.0,0.02,0.01,2333.52478,1776253581000
1776253582.75,82.75,0.97,139.0,0.96,10.0,0.98,9.23,0.99,3159.4,0.02,5.38,0.01,3189.4,0.04,10.0,0.05,880.2,0.01,0.02,2333.52478,1776253581000
1776253583.013,83.013,0.98,59.77,0.97,118.0,0.99,3059.4,,,0.01,3159.4,,,0.02,62.77,0.03,108.0,0.01,0.01,2336.681474,1776253582000
1776253583.409,83.409,0.97,111.39,0.96,119.0,0.98,0.82,0.99,3054.4,0.01,3054.4,,,0.03,206.39,0.04,114.0,0.01,0.02,2336.681474,1776253582000
1776253583.837,83.837,0.98,81.19,0.97,106.39,0.99,3034.4,,,0.01,3054.4,,,0.02,99.18,0.03,111.39,0.01,0.01,2336.681474,1776253582000
1776253584.091,84.091,0.98,55.19,0.97,106.39,0.99,2919.4,,,0.01,3019.4,,,0.02,55.19,0.03,106.39,0.01,0.01,2337.478438,1776253583000
1776253584.292,84.292,0.98,146.19,0.97,106.39,0.99,2919.4,,,0.01,2919.4,,,0.02,25.19,0.03,106.39,0.01,0.01,2337.478438,1776253583000
1776253584.616,84.616,0.98,95.19,0.97,106.39,0.99,2884.4,,,0.01,2884.4,,,0.02,152.2,0.03,106.39,0.01,0.01,2337.478438,1776253583000
1776253584.987,84.987,0.97,45.39,0.96,121.0,0.98,10.0,0.99,2884.4,0.01,2884.4,,,0.02,95.19,0.03,106.39,0.01,0.01,2337.478438,1776253583000
1776253585.425,85.425,0.97,16.68,0.96,221.0,0.99,2889.29,,,0.01,2884.29,,,0.02,85.71,0.03,55.39,0.02,0.01,2337.6488,1776253584000
1776253585.759,85.759,0.97,104.43,0.96,121.0,0.98,4.3,0.99,2884.29,0.02,4.3,0.01,2884.29,0.03,6.68,0.04,221.0,0.01,0.01,2337.6488,1776253584000
1776253585.968,85.968,0.97,99.46,0.96,121.0,0.98,9.3,0.99,2914.29,0.02,4.3,0.01,2884.29,0.03,104.43,0.04,121.0,0.01,0.01,2337.6488,1776253584000
1776253586.257,86.257,0.98,199.17,0.97,10.0,0.99,2884.29,,,0.01,2884.29,,,0.02,20.7,0.03,99.46,0.01,0.01,2338.02425,1776253585000
1776253586.646,86.646,0.98,100.0,0.97,10.0,0.99,2809.29,,,0.01,2784.29,,,0.03,10.0,0.04,121.0,0.01,0.02,2338.02425,1776253585000
1776253586.958,86.958,0.98,100.0,0.97,10.0,0.99,3302.59,,,0.01,2804.29,,,0.02,100.0,0.03,10.0,0.01,0.01,2338.02425,1776253585000
1776253587.477,87.477,0.97,10.0,0.96,17.0,0.98,99.28,0.99,2733.59,0.01,3282.59,,,0.02,100.0,0.03,10.0,0.01,0.01,2337.383165,1776253586000
1776253587.762,87.762,0.97,13.51,0.96,17.0,0.98,10.0,0.99,2638.59,0.01,2638.59,,,0.03,8.51,0.04,17.0,0.01,0.02,2337.383165,1776253586000
1776253587.973,87.973,0.96,5.92,0.95,815.2,0.98,63.94,0.99,2637.52,0.02,63.94,0.01,2637.52,0.03,8.92,0.04,17.0,0.02,0.01,2337.383165,1776253586000
1776253588.26,88.26,0.98,11.14,0.97,15.0,0.99,2637.52,,,0.01,2637.52,,,0.02,17.12,0.04,5.92,0.01,0.01,2337.383165,1776253586000
1776253588.569,88.569,0.97,25.0,0.96,15.92,0.98,96.86,0.99,2666.52,0.01,2637.52,,,0.02,11.14,0.03,15.0,0.01,0.01,2337.96002,1776253587000
1776253588.799,88.799,0.97,20.0,0.96,2.92,0.98,135.86,0.99,2871.73,0.02,116.86,0.01,2871.73,0.04,2.92,0.05,798.2,0.01,0.02,2337.96002,1776253587000
1776253589.159,89.159,0.96,2.92,0.95,803.2,0.97,66.0,0.98,326.62,0.02,125.8,0.01,2871.73,0.03,20.0,0.04,2.92,0.01,0.01,2337.96002,1776253587000
1776253589.396,89.396,0.96,2.92,0.95,808.2,0.97,75.94,0.98,125.8,0.03,66.0,0.02,326.62,0.04,2.92,0.05,803.2,0.01,0.01,2338.32711,1776253588000
1776253589.614,89.614,0.95,698.16,0.94,69.0,0.97,25.73,0.98,125.8,0.03,55.73,0.02,125.8,0.05,698.16,0.06,69.0,0.02,0.02,2338.32711,1776253588000
1776253589.99,89.99,0.95,698.16,0.94,85.0,0.96,127.89,0.97,25.73,0.03,25.73,0.02,125.8,0.05,698.16,0.06,69.0,0.01,0.02,2338.32711,1776253588000
1776253590.492,90.492,0.97,14.81,0.96,45.0,0.98,125.8,0.99,2477.52,0.04,127.89,0.03,25.73,0.05,698.16,0.06,85.0,0.01,0.01,2338.32711,1776253588000
1776253590.761,90.761,0.97,66.35,0.96,40.0,0.98,95.74,0.99,2477.52,0.02,110.74,0.01,2477.52,0.03,66.35,0.04,40.0,0.01,0.01,2338.32711,1776253588000
1776253590.97,90.97,0.96,21.76,0.95,700.16,0.97,4.94,0.98,85.74,0.02,100.74,0.01,2477.52,0.04,21.76,0.05,700.16,0.01,0.02,2338.32711,1776253588000
1776253591.218,91.218,0.95,590.72,0.94,90.0,0.96,84.27,0.97,4.94,0.03,14.94,0.02,85.74,0.05,619.92,0.06,90.0,0.01,0.02,2337.6404,1776253589000
1776253591.598,91.598,0.95,389.9,0.94,90.0,0.96,149.27,0.97,4.94,0.04,84.27,0.03,4.94,0.05,590.72,0.06,90.0,0.01,0.01,2337.6404,1776253589000
1776253591.991,91.991,0.95,310.62,0.94,90.0,0.96,173.27,0.97,4.94,0.04,149.27,0.03,4.94,0.05,389.9,0.06,90.0,0.01,0.01,2337.6404,1776253589000
1776253592.413,92.413,0.95,16.62,0.94,95.0,0.96,198.27,0.97,4.94,0.04,119.27,0.03,4.94,0.05,310.62,0.06,90.0,0.01,0.01,2337.40435,1776253590000
1776253592.666,92.666,0.95,10.06,0.94,95.0,0.96,53.44,0.97,4.94,0.04,91.19,0.03,4.94,0.05,0.06,0.06,95.0,0.01,0.01,2337.40435,1776253590000
1776253592.866,92.866,0.95,10.06,0.94,95.0,0.96,43.12,0.97,4.94,0.04,43.12,0.03,4.94,0.05,10.06,0.06,95.0,0.01,0.01,2337.40435,1776253590000
1776253593.074,93.074,0.94,131.0,0.93,55.0,0.95,19.53,0.96,38.12,0.05,37.72,0.04,38.12,0.06,95.0,0.07,50.0,0.01,0.01,2336.941151,1776253591000
1776253593.311,93.311,0.94,131.0,0.93,120.0,0.95,92.73,0.96,197.73,0.05,77.53,0.04,43.12,0.06,131.0,0.07,55.0,0.01,0.01,2336.941151,1776253591000
1776253593.88,93.88,0.94,46.0,0.93,130.0,0.95,112.67,0.96,301.53,0.05,87.67,0.04,291.53,0.06,95.0,0.07,115.0,0.01,0.01,2336.249625,1776253592000
1776253594.094,94.094,0.94,34.44,0.93,110.0,0.95,223.41,0.96,301.53,0.05,188.47,0.04,301.53,0.06,34.44,0.07,130.0,0.01,0.01,2336.249625,1776253592000
1776253594.432,94.432,0.94,49.44,0.93,115.0,0.95,138.73,0.96,301.53,0.05,223.41,0.04,301.53,0.06,34.44,0.07,110.0,0.01,0.01,2336.249625,1776253592000
1776253594.806,94.806,0.95,12.0,0.94,127.44,0.96,151.13,0.97,9.94,0.05,69.78,0.04,174.61,0.06,91.44,0.07,122.0,0.01,0.01,2336.029165,1776253593000
1776253596.337,96.337,0.94,54.88,0.93,60.0,0.96,180.13,0.97,133.64,0.04,151.13,0.03,9.94,0.05,12.0,0.06,127.44,0.02,0.01,2336.0852,1776253594000
1776253596.716,96.716,0.94,200.88,0.93,65.0,0.95,47.2,0.96,161.13,0.04,180.13,0.03,133.64,0.06,54.88,0.07,60.0,0.01,0.02,2335.9744,1776253595000
1776253596.929,96.929,0.94,200.88,0.93,65.0,0.96,155.97,0.97,9.94,0.04,161.13,0.03,9.94,0.06,205.88,0.07,65.0,0.02,0.02,2335.9744,1776253595000
1776253597.395,97.395,0.95,120.0,0.94,115.88,0.96,31.8,0.97,59.94,0.04,155.97,0.03,9.94,0.06,200.88,0.07,65.0,0.01,0.02,2335.9744,1776253595000
1776253597.597,97.597,0.95,57.0,0.94,89.88,0.96,4.0,0.97,59.94,0.04,31.8,0.03,59.94,0.05,120.0,0.06,115.88,0.01,0.01,2335.9744,1776253595000
1776253597.853,97.853,0.97,55.06,0.96,5.0,0.98,59.94,0.99,2305.52,0.02,65.0,0.01,2004.52,0.03,40.06,0.05,76.0,0.01,0.01,2336.24414,1776253596000
1776253598.307,98.307,0.97,55.06,0.96,5.0,0.98,63.91,0.99,1984.52,0.02,59.94,0.01,2305.52,0.03,55.06,0.04,5.0,0.01,0.01,2336.24414,1776253596000
1776253598.979,98.979,0.98,6.09,0.97,55.06,0.99,2285.52,,,0.02,63.91,0.01,1984.52,0.03,55.06,0.04,5.0,0.01,0.01,2336.23429,1776253597000
1776253599.651,99.651,0.97,5.0,0.96,57.0,0.98,351.21,0.99,1994.52,0.01,2285.52,,,0.02,6.09,0.03,55.06,0.01,0.01,2336.516018,1776253598000
1776253600.358,100.358,0.96,662.0,0.95,92.0,0.97,60.52,0.98,248.7,0.02,10.0,0.01,1989.52,0.04,57.0,0.05,87.0,0.01,0.02,2336.516018,1776253598000
1776253600.597,100.597,0.96,657.0,0.95,92.0,0.97,63.45,0.98,248.7,0.03,60.52,0.02,248.7,0.04,662.0,0.05,92.0,0.01,0.01,2337.49239,1776253599000
1776253600.827,100.827,0.96,634.29,0.95,97.0,0.97,63.45,0.98,248.7,0.03,63.45,0.02,248.7,0.04,657.0,0.05,92.0,0.01,0.01,2337.49239,1776253599000
1776253601.028,101.028,0.96,612.0,0.95,97.0,0.97,45.41,0.98,248.7,0.03,52.41,0.02,248.7,0.04,612.0,0.05,97.0,0.01,0.01,2337.49239,1776253599000
1776253601.255,101.255,0.96,607.0,0.95,27.0,0.97,39.87,0.98,549.7,0.03,45.41,0.02,248.7,0.04,612.0,0.05,97.0,0.01,0.01,2337.604808,1776253600000
1776253601.929,101.929,0.96,557.0,0.95,32.0,0.97,14.87,0.98,253.7,0.03,44.87,0.02,248.7,0.04,547.0,0.05,27.0,0.01,0.01,2337.604808,1776253600000
1776253602.183,102.183,0.96,607.0,0.95,82.0,0.97,14.87,0.98,260.7,0.03,14.87,0.02,253.7,0.04,557.0,0.05,32.0,0.01,0.01,2337.604808,1776253600000
1776253602.553,102.553,0.96,562.0,0.95,82.0,0.97,3.87,0.98,260.7,0.03,14.87,0.02,260.7,0.04,607.0,0.05,82.0,0.01,0.01,2337.604808,1776253600000
1776253603.219,103.219,0.96,537.0,0.95,82.0,0.97,72.0,0.98,253.7,0.03,3.87,0.02,260.7,0.04,562.0,0.05,82.0,0.01,0.01,2337.270046,1776253602000
1776253603.618,103.618,0.96,532.0,0.95,27.0,0.97,69.93,0.98,253.7,0.03,72.0,0.02,253.7,0.04,537.0,0.05,82.0,0.01,0.01,2337.270046,1776253602000
1776253604.206,104.206,0.96,573.0,0.95,87.0,0.97,59.93,0.98,253.7,0.03,69.93,0.02,253.7,0.04,522.0,0.05,27.0,0.01,0.01,2337.270046,1776253602000
1776253605.849,105.849,0.96,512.0,0.95,27.0,0.97,244.93,0.98,253.7,0.03,59.93,0.02,253.7,0.04,573.0,0.05,87.0,0.01,0.01,2336.289055,1776253604000
1776253606.142,106.142,0.96,233.63,0.95,27.0,0.97,373.63,0.98,253.7,0.03,373.63,0.02,253.7,0.04,493.63,0.05,27.0,0.01,0.01,2336.289055,1776253604000
1776253606.608,106.608,0.95,32.0,0.94,110.38,0.96,112.58,0.97,378.63,0.03,373.63,0.02,253.7,0.04,233.63,0.05,27.0,0.01,0.01,2336.289055,1776253604000
1776253607.131,107.131,0.94,47.38,0.93,65.0,0.96,240.0,0.97,193.63,0.04,112.58,0.03,378.63,0.05,32.0,0.06,110.38,0.02,0.01,2336.406575,1776253605000
1776253607.52,107.52,0.94,44.38,0.93,65.0,0.95,343.8,0.96,229.35,0.05,115.0,0.04,250.0,0.06,44.38,0.07,65.0,0.01,0.01,2336.356295,1776253606000
1776253607.824,107.824,0.94,25.84,0.93,65.0,0.95,343.8,0.96,323.15,0.05,341.16,0.04,229.35,0.06,44.38,0.07,65.0,0.01,0.01,2336.356295,1776253606000
1776253608.578,108.578,0.94,15.84,0.93,115.0,0.96,454.7,0.97,190.58,0.03,160.58,0.02,283.7,0.06,25.84,0.07,55.0,0.02,0.03,2336.009104,1776253607000
1776253608.778,108.778,0.93,110.0,0.92,245.0,0.95,145.0,0.96,279.7,0.04,454.7,0.03,190.58,0.06,15.84,0.07,115.0,0.02,0.02,2336.009104,1776253607000
1776253609.012,109.012,0.94,36.74,0.93,295.0,0.95,80.0,0.96,409.7,0.05,145.0,0.04,279.7,0.07,110.0,0.08,245.0,0.01,0.02,2335.684736,1776253608000
1776253609.254,109.254,0.94,46.74,0.93,290.0,0.95,125.0,0.96,409.7,0.05,80.0,0.04,409.7,0.06,36.74,0.07,295.0,0.01,0.01,2335.684736,1776253608000
1776253609.657,109.657,0.93,245.0,0.92,65.0,0.94,77.58,0.95,179.7,0.05,125.0,0.04,409.7,0.06,46.74,0.07,290.0,0.01,0.01,2335.684736,1776253608000
1776253609.997,109.997,0.93,178.14,0.92,70.0,0.94,104.0,0.95,91.87,0.06,77.58,0.05,179.7,0.07,245.0,0.08,65.0,0.01,0.01,2335.684736,1776253608000
1776253610.743,110.743,0.93,175.14,0.92,77.0,0.94,148.24,0.95,91.87,0.06,104.0,0.05,91.87,0.07,178.14,0.08,70.0,0.01,0.01,2335.274348,1776253609000
1776253612.055,112.055,0.92,7.0,0.91,15.9,0.93,135.0,0.94,60.0,0.06,148.24,0.05,91.87,0.07,175.14,0.08,77.0,0.01,0.01,2335.292814,1776253610000
1776253612.689,112.689,0.89,249.72,0.88,25.0,0.9,183.88,0.91,205.0,0.09,71.68,0.08,38.0,0.11,239.22,0.12,25.0,0.01,0.02,2335.168209,1776253611000
1776253613.029,113.029,0.9,15.0,0.89,309.72,0.91,71.7,0.92,98.0,0.09,201.7,0.08,223.0,0.11,275.72,0.12,75.0,0.01,0.02,2335.168209,1776253611000
1776253613.259,113.259,0.9,200.0,0.89,134.72,0.91,107.05,0.92,98.0,0.09,70.05,0.08,98.0,0.1,25.0,0.11,309.72,0.01,0.01,2335.108453,1776253612000
1776253613.532,113.532,0.9,259.14,0.89,134.72,0.91,33.7,0.92,98.0,0.09,66.75,0.08,128.0,0.1,259.14,0.11,134.72,0.01,0.01,2335.108453,1776253612000
1776253613.742,113.742,0.9,223.14,0.89,134.72,0.91,17.2,0.92,73.0,0.09,18.85,0.08,73.0,0.1,228.14,0.11,134.72,0.01,0.01,2335.108453,1776253612000
1776253613.948,113.948,0.9,228.14,0.89,134.72,0.91,13.51,0.92,103.0,0.09,15.16,0.08,103.0,0.1,228.14,0.11,134.72,0.01,0.01,2335.108453,1776253612000
1776253615.638,115.638,0.89,51.0,0.88,20.5,0.9,26.0,0.91,115.0,0.09,8.56,0.08,23.0,0.1,223.14,0.11,134.72,0.01,0.01,2334.32845,1776253614000
1776253615.913,115.913,0.89,11.0,0.88,200.5,0.9,61.0,0.91,340.0,0.1,91.0,0.09,140.0,0.11,21.0,0.12,200.5,0.01,0.01,2334.32845,1776253614000
1776253616.236,116.236,0.86,25.73,0.85,5.0,0.87,88.85,0.88,40.0,0.11,65.0,0.1,41.0,0.12,156.66,0.14,20.73,0.01,0.01,2334.3577,1776253615000
1776253616.652,116.652,0.84,200.0,0.83,76.02,0.85,23.62,0.86,35.0,0.14,45.0,0.13,88.85,0.15,10.0,0.16,5.0,0.01,0.01,2334.3577,1776253615000
1776253617.181,117.181,0.84,195.25,0.83,83.02,0.87,49.05,0.88,70.0,0.14,34.17,0.13,85.0,0.16,195.25,0.17,71.02,0.03,0.02,2334.3577,1776253615000
1776253617.605,117.605,0.84,215.61,0.83,21.02,0.85,24.44,0.86,85.0,0.13,45.79,0.12,70.0,0.16,195.25,0.17,76.02,0.01,0.03,2333.991119,1776253616000
1776253617.935,117.935,0.84,176.61,0.83,11.02,0.85,90.44,0.86,115.0,0.15,24.44,0.14,85.0,0.16,215.61,0.17,21.02,0.01,0.01,2333.991119,1776253616000
1776253618.162,118.162,0.84,9.11,0.83,12.0,0.85,122.44,0.86,337.0,0.15,90.44,0.14,115.0,0.16,176.61,0.17,11.02,0.01,0.01,2333.991119,1776253616000
1776253618.437,118.437,0.83,6.02,0.82,5.0,0.84,101.37,0.85,124.44,0.16,46.37,0.15,144.44,0.17,6.02,0.18,5.0,0.01,0.01,2333.49005,1776253617000
1776253618.977,118.977,0.82,10.0,0.81,15.0,0.84,79.0,0.85,10.0,0.14,107.81,0.13,90.0,0.17,6.02,0.18,5.0,0.02,0.03,2333.49005,1776253617000
1776253619.443,119.443,0.82,24.16,0.81,15.0,0.84,154.0,0.85,60.0,0.16,79.0,0.15,10.0,0.18,10.0,0.19,15.0,0.02,0.02,2333.107963,1776253618000
1776253619.964,119.964,0.83,5.0,0.82,15.0,0.85,240.0,0.86,94.9,0.16,154.0,0.15,60.0,0.18,24.16,0.19,15.0,0.02,0.02,2333.107963,1776253618000
1776253620.251,120.251,0.78,0.64,0.77,15.0,0.8,48.5,0.81,74.5,0.19,23.0,0.18,53.0,0.21,0.42,0.22,15.0,0.02,0.02,2333.107963,1776253618000
1776253620.468,120.468,0.71,5.0,0.7,85.0,0.74,8.64,0.75,10.0,0.2,48.5,0.19,74.5,0.22,0.64,0.23,15.0,0.03,0.02,2333.107963,1776253618000
1776253620.736,120.736,0.69,28.61,0.67,55.0,0.7,24.02,0.71,33.0,0.3,4.02,0.29,17.0,0.31,73.98,0.32,55.0,0.01,0.01,2333.107963,1776253618000
1776253620.98,120.98,0.69,8.51,0.66,2523.9,0.7,146.44,0.71,51.5,0.3,175.02,0.29,51.5,0.31,8.51,0.34,2523.9,0.01,0.01,2332.616385,1776253619000
1776253621.223,121.223,0.66,1909.15,0.65,10.0,0.67,276.5,0.68,31.0,0.33,88.0,0.32,31.0,0.34,1909.15,0.37,58.0,0.01,0.01,2332.616385,1776253619000
1776253621.738,121.738,0.69,205.0,0.68,15.0,0.7,22.5,0.71,10.5,0.33,56.42,0.32,16.0,0.34,1539.64,0.35,10.0,0.01,0.01,2332.513993,1776253620000
1776253621.941,121.941,0.7,15.0,0.69,206.77,0.72,7.34,0.77,46.97,0.29,3.68,0.28,10.5,0.31,206.77,0.32,45.0,0.02,0.02,2332.513993,1776253620000
1776253622.253,122.253,0.7,20.0,0.69,10.0,0.71,14.75,0.72,45.0,0.29,42.9,0.28,26.0,0.3,20.0,0.31,25.0,0.01,0.01,2332.473993,1776253621000
1776253622.7,122.7,0.68,175.0,0.67,15.0,0.69,19.0,0.7,14.0,0.32,5.72,0.31,6.12,0.33,15.0,0.34,1436.64,0.01,0.01,2332.473993,1776253621000
1776253623.341,123.341,0.68,160.0,0.67,20.0,0.7,18.18,0.71,30.0,0.31,15.53,0.3,29.5,0.32,160.0,0.33,15.0,0.02,0.01,2331.149539,1776253622000
1776253623.835,123.835,0.68,156.0,0.67,20.0,0.69,10.5,0.7,7.18,0.3,18.18,0.29,30.0,0.32,118.0,0.33,20.0,0.01,0.02,2331.149539,1776253622000
1776253624.082,124.082,0.68,30.0,0.67,10.0,0.73,12.34,0.74,15.0,0.31,10.4,0.3,7.18,0.32,166.0,0.33,20.0,0.05,0.01,2331.149539,1776253622000
1776253624.361,124.361,0.7,9.9,0.69,195.0,0.71,15.0,0.72,25.5,0.29,15.0,0.28,25.5,0.31,190.0,0.32,10.0,0.01,0.02,2331.149539,1776253622000
1776253624.884,124.884,0.68,31.47,0.67,15.0,0.69,16.5,0.7,6.0,0.28,25.5,0.27,12.34,0.3,10.0,0.31,10.0,0.01,0.02,2331.16765,1776253623000
1776253625.185,125.185,0.68,5.0,0.67,195.0,0.69,62.5,0.7,21.0,0.31,65.5,0.29,10.0,0.34,1374.64,0.35,10.0,0.01,0.03,2331.13806,1776253624000
1776253625.571,125.571,0.67,10.0,0.66,1374.64,0.69,12.55,0.7,31.0,0.32,15.5,0.31,67.5,0.33,187.79,0.34,1474.64,0.02,0.01,2331.13806,1776253624000
1776253626.014,126.014,0.68,15.0,0.67,260.0,0.72,6.67,0.74,17.0,0.31,23.55,0.3,37.0,0.33,195.0,0.34,1389.64,0.04,0.02,2331.13806,1776253624000
1776253626.363,126.363,0.73,10.0,0.72,112.97,0.75,25.4,0.76,27.0,0.26,17.0,0.25,17.0,0.28,72.97,0.29,10.0,0.02,0.02,2331.336008,1776253625000
1776253626.656,126.656,0.73,20.0,0.72,262.97,0.74,1.16,0.75,20.4,0.25,25.4,0.24,27.0,0.27,10.0,0.28,112.97,0.01,0.02,2331.336008,1776253625000
1776253627.095,127.095,0.74,215.0,0.73,25.0,0.75,18.5,0.76,60.0,0.25,20.4,0.24,10.0,0.27,20.0,0.28,262.97,0.01,0.02,2331.336008,1776253625000
1776253627.591,127.591,0.75,190.0,0.73,10.0,0.76,29.5,0.77,111.97,0.24,70.5,0.23,106.97,0.26,24.42,0.27,20.0,0.01,0.02,2330.942913,1776253626000
1776253627.865,127.865,0.75,200.0,0.74,5.0,0.77,117.97,0.78,114.0,0.24,29.5,0.23,111.97,0.25,190.0,0.27,10.0,0.02,0.01,2330.942913,1776253626000
1776253628.081,128.081,0.75,205.0,0.74,5.0,0.76,17.66,0.77,122.97,0.23,117.97,0.22,114.0,0.25,200.0,0.26,5.0,0.01,0.02,2331.06853,1776253627000
1776253628.333,128.333,0.75,219.92,0.74,5.0,0.76,48.0,0.77,91.83,0.23,81.83,0.22,55.0,0.25,215.0,0.26,15.0,0.01,0.02,2331.06853,1776253627000
1776253628.589,128.589,0.75,190.0,0.73,10.0,0.77,39.97,0.78,65.0,0.24,48.0,0.23,91.83,0.25,219.92,0.26,5.0,0.02,0.01,2331.06853,1776253627000
1776253628.963,128.963,0.75,210.0,0.74,15.0,0.76,22.27,0.77,6.97,0.24,33.59,0.23,44.97,0.25,190.0,0.26,5.0,0.01,0.01,2331.06853,1776253627000
1776253629.243,129.243,0.77,25.65,0.76,240.0,0.79,50.0,0.8,80.0,0.23,6.97,0.22,65.0,0.25,259.0,0.26,20.0,0.02,0.02,2331.396192,1776253628000
1776253629.454,129.454,0.79,20.0,0.78,215.0,0.81,31.14,0.82,90.0,0.2,27.48,0.19,90.0,0.22,220.0,0.23,40.65,0.02,0.02,2331.396192,1776253628000
1776253629.807,129.807,0.8,283.0,0.79,15.0,0.81,29.65,0.82,65.0,0.19,51.04,0.18,50.0,0.2,239.0,0.21,25.0,0.01,0.01,2331.396192,1776253628000
1776253630.115,130.115,0.8,21.0,0.79,180.0,0.82,110.0,0.83,65.0,0.19,29.65,0.18,65.0,0.2,283.0,0.21,15.0,0.02,0.01,2331.396192,1776253628000
1776253630.488,130.488,0.8,26.0,0.79,190.0,0.81,85.0,0.82,205.38,0.18,110.0,0.17,65.0,0.2,21.0,0.21,180.0,0.01,0.02,2331.439581,1776253629000
1776253631.091,131.091,0.8,26.0,0.79,190.0,0.81,13.31,0.82,235.38,0.19,85.0,0.18,205.38,0.2,26.0,0.21,190.0,0.01,0.01,2331.439581,1776253629000
1776253631.438,131.438,0.8,31.0,0.79,200.0,0.81,8.71,0.82,202.38,0.19,13.31,0.18,235.38,0.2,26.0,0.21,190.0,0.01,0.01,2331.605347,1776253630000
1776253631.902,131.902,0.8,16.0,0.78,5.0,0.81,71.76,0.82,202.38,0.18,202.38,0.17,123.99,0.2,36.0,0.21,200.0,0.01,0.02,2331.605347,1776253630000
1776253632.153,132.153,0.77,230.0,0.76,65.0,0.79,8.67,0.8,76.0,0.21,10.0,0.2,10.0,0.22,4.9,0.23,235.0,0.02,0.01,2331.791226,1776253631000
1776253632.48,132.48,0.77,240.0,0.76,70.0,0.78,77.71,0.79,189.08,0.21,8.67,0.2,76.0,0.23,230.0,0.24,65.0,0.01,0.02,2331.791226,1776253631000
1776253632.772,132.772,0.77,229.73,0.76,70.0,0.78,64.0,0.79,195.08,0.22,77.71,0.21,189.08,0.23,240.0,0.24,70.0,0.01,0.01,2331.791226,1776253631000
1776253633.881,133.881,0.77,106.0,0.76,240.0,0.78,66.71,0.79,190.41,0.22,64.0,0.21,195.08,0.23,229.73,0.24,70.0,0.01,0.01,2331.93485,1776253632000
1776253634.571,134.571,0.78,265.0,0.77,80.0,0.79,61.73,0.8,117.0,0.22,20.71,0.21,190.41,0.23,268.6,0.24,60.0,0.01,0.01,2331.709326,1776253633000
1776253634.854,134.854,0.78,297.0,0.77,80.0,0.79,20.73,0.8,11.0,0.21,35.73,0.2,52.0,0.22,265.0,0.23,80.0,0.01,0.01,2331.709326,1776253633000
1776253635.256,135.256,0.79,306.0,0.78,107.0,0.8,2.0,0.81,106.0,0.2,11.0,0.19,106.0,0.22,302.0,0.23,80.0,0.01,0.02,2331.709326,1776253633000
1776253636.074,136.074,0.8,72.15,0.79,296.0,0.82,60.0,0.83,118.0,0.2,74.02,0.19,106.0,0.21,306.0,0.22,107.0,0.02,0.01,2331.677615,1776253634000
1776253639.375,139.375,0.78,5.0,0.77,78.37,0.81,76.56,0.82,81.0,0.18,60.0,0.17,118.0,0.2,72.15,0.21,296.0,0.03,0.02,2331.82558,1776253637000
1776253639.935,139.935,0.77,83.37,0.76,70.0,0.79,154.0,0.8,93.0,0.19,76.56,0.18,81.0,0.22,5.0,0.23,78.37,0.02,0.03,2331.826678,1776253638000
1776253640.311,140.311,0.77,33.37,0.76,60.0,0.78,46.0,0.79,103.0,0.22,4.67,0.21,108.0,0.23,78.37,0.24,65.0,0.01,0.01,2331.826678,1776253638000
1776253640.526,140.526,0.77,1.37,0.75,240.0,0.78,84.0,0.79,103.0,0.22,46.0,0.21,103.0,0.23,33.37,0.24,60.0,0.01,0.01,2331.826678,1776253638000
1776253641.293,141.293,0.77,266.37,0.76,60.0,0.78,58.71,0.79,91.0,0.22,84.0,0.21,103.0,0.23,1.37,0.25,240.0,0.01,0.01,2331.840711,1776253640000
1776253642.512,142.512,0.77,270.0,0.76,70.0,0.79,31.0,0.8,65.0,0.22,58.71,0.21,91.0,0.23,266.37,0.24,60.0,0.02,0.01,2331.740125,1776253641000
1776253643.357,143.357,0.79,249.0,0.78,109.0,0.81,34.89,0.82,71.0,0.21,31.0,0.2,65.0,0.23,270.0,0.24,70.0,0.02,0.02,2331.740125,1776253641000
1776253644.36,144.36,0.8,349.7,0.79,114.0,0.81,19.89,0.82,83.0,0.19,34.89,0.18,71.0,0.21,249.0,0.22,109.0,0.01,0.02,2331.457798,1776253643000
1776253644.753,144.753,0.8,344.7,0.79,114.0,0.81,14.89,0.82,83.0,0.19,19.89,0.18,83.0,0.2,349.7,0.21,114.0,0.01,0.01,2331.457798,1776253643000
1776253645.15,145.15,0.8,295.7,0.79,114.0,0.84,71.0,0.85,99.2,0.19,14.89,0.18,83.0,0.2,344.7,0.21,114.0,0.04,0.01,2331.492276,1776253644000
1776253645.605,145.605,0.86,85.0,0.85,180.0,0.88,115.0,0.89,136.79,0.16,71.0,0.15,99.2,0.2,295.7,0.21,114.0,0.02,0.04,2331.492276,1776253644000
1776253648.258,148.258,0.85,10.0,0.84,60.0,0.86,44.0,0.87,175.0,0.12,97.53,0.11,136.79,0.14,85.0,0.15,180.0,0.01,0.02,2332.109602,1776253647000
1776253648.586,148.586,0.85,1.93,0.84,70.0,0.86,78.79,0.87,21.0,0.14,42.79,0.13,175.0,0.15,10.0,0.16,60.0,0.01,0.01,2332.109602,1776253647000
1776253649.56,149.56,0.85,1.93,0.84,20.0,0.86,194.69,0.87,134.8,0.14,78.79,0.13,21.0,0.15,1.93,0.16,70.0,0.01,0.01,2332.109602,1776253647000
1776253651.076,151.076,0.89,119.0,0.88,131.0,0.9,34.94,0.91,44.0,0.14,194.69,0.13,134.8,0.15,1.93,0.16,20.0,0.01,0.01,2331.974246,1776253650000
1776253651.652,151.652,0.89,162.7,0.88,216.0,0.9,7.74,0.91,44.0,0.1,8.86,0.09,44.0,0.11,134.0,0.12,216.0,0.01,0.01,2331.974246,1776253650000
1776253651.915,151.915,0.89,160.42,0.88,216.0,0.91,42.23,0.92,64.9,0.1,3.44,0.09,44.0,0.11,155.42,0.12,216.0,0.02,0.01,2331.974246,1776253650000
1776253652.744,152.744,0.91,92.56,0.9,60.0,0.92,63.9,0.93,208.72,0.09,42.23,0.08,64.9,0.11,160.42,0.12,216.0,0.01,0.02,2332.291707,1776253651000
1776253654.726,154.726,0.92,114.48,0.91,114.0,0.94,84.8,0.95,134.8,0.08,64.46,0.07,208.72,0.09,55.0,0.1,55.0,0.02,0.01,2332.997216,1776253653000
1776253655.785,155.785,0.93,5.43,0.92,10.0,0.94,127.81,0.95,96.8,0.06,29.8,0.05,134.8,0.07,5.43,0.08,99.0,0.01,0.01,2333.027578,1776253654000
1776253656.366,156.366,0.93,0.9,0.92,15.0,0.94,26.0,0.95,80.8,0.06,127.81,0.05,96.8,0.07,5.43,0.08,10.0,0.01,0.01,2333.060865,1776253655000
1776253657.391,157.391,0.94,28.0,0.93,10.9,0.95,75.37,0.96,108.8,0.05,125.8,0.04,108.8,0.06,18.0,0.07,0.9,0.01,0.01,2333.060865,1776253655000
1776253657.806,157.806,0.94,11.07,0.93,10.9,0.95,86.37,0.96,108.8,0.05,81.37,0.04,108.8,0.06,28.0,0.07,10.9,0.01,0.01,2333.204169,1776253656000
1776253658.14,158.14,0.92,5.0,0.91,65.0,0.95,86.37,0.96,158.8,0.05,86.37,0.04,108.8,0.06,11.07,0.07,10.9,0.03,0.01,2333.204169,1776253656000
1776253659.079,159.079,0.93,10.0,0.92,10.0,0.95,55.0,0.96,108.8,0.05,86.37,0.04,158.8,0.08,5.0,0.09,65.0,0.02,0.03,2333.427409,1776253657000
1776253660.194,160.194,0.93,20.0,0.92,10.0,0.94,183.99,0.95,24.46,0.05,55.0,0.04,108.8,0.07,10.0,0.08,10.0,0.01,0.02,2333.55018,1776253659000
1776253660.705,160.705,0.92,15.0,0.91,65.0,0.93,26.97,0.94,188.99,0.06,183.99,0.05,24.46,0.07,20.0,0.08,10.0,0.01,0.01,2333.55018,1776253659000
1776253661.061,161.061,0.92,15.0,0.91,65.0,0.94,123.43,0.95,16.0,0.07,26.97,0.06,188.99,0.08,15.0,0.09,65.0,0.02,0.01,2333.55018,1776253659000
1776253661.56,161.56,0.93,20.0,0.92,10.0,0.94,118.43,0.95,72.0,0.06,123.43,0.05,16.0,0.08,15.0,0.09,65.0,0.01,0.02,2333.634748,1776253660000
1776253661.884,161.884,0.93,20.0,0.92,10.0,0.94,50.3,0.95,16.0,0.06,53.43,0.05,72.0,0.07,20.0,0.08,10.0,0.01,0.01,2333.634748,1776253660000
1776253662.417,162.417,0.93,18.29,0.92,15.0,0.94,52.17,0.95,26.0,0.06,47.17,0.05,16.0,0.09,60.55,0.1,75.5,0.01,0.03,2333.853616,1776253661000
1776253663.09,163.09,0.93,53.29,0.92,65.0,0.94,5.0,0.95,73.18,0.06,52.17,0.05,26.0,0.07,18.29,0.08,15.0,0.01,0.01,2333.853616,1776253661000
1776253663.633,163.633,0.93,58.29,0.92,79.28,0.94,9.68,0.95,26.0,0.06,5.0,0.05,73.18,0.07,53.29,0.08,65.0,0.01,0.01,2333.843048,1776253662000
1776253665.383,165.383,0.93,105.79,0.92,99.78,0.94,19.52,0.95,26.0,0.06,9.68,0.05,26.0,0.07,58.29,0.08,79.28,0.01,0.01,2334.089597,1776253664000
1776253665.76,165.76,0.93,83.79,0.92,99.78,0.94,14.52,0.95,26.0,0.06,19.52,0.05,26.0,0.07,105.79,0.08,99.78,0.01,0.01,2334.089597,1776253664000
1776253666.187,166.187,0.93,12.36,0.92,94.78,0.94,31.52,0.95,26.0,0.06,14.52,0.05,26.0,0.07,83.79,0.08,99.78,0.01,0.01,2334.036577,1776253665000
1776253667.253,167.253,0.93,27.86,0.92,94.78,0.94,37.25,0.95,26.0,0.06,16.49,0.05,26.0,0.07,12.36,0.08,94.78,0.01,0.01,2334.216558,1776253666000
1776253669.05,169.05,0.93,48.21,0.92,94.78,0.94,97.25,0.95,26.0,0.06,37.25,0.05,26.0,0.07,27.86,0.08,94.78,0.01,0.01,2334.259977,1776253667000
1776253669.789,169.789,0.93,72.21,0.92,94.78,0.94,21.83,0.95,11.0,0.06,97.25,0.05,26.0,0.07,48.21,0.08,94.78,0.01,0.01,2334.21087,1776253668000
1776253670.024,170.024,0.94,39.0,0.93,495.17,0.95,6.0,0.96,5.0,0.06,21.83,0.05,11.0,0.07,72.21,0.08,94.78,0.01,0.01,2334.21087,1776253668000
1776253670.694,170.694,0.96,49.0,0.95,10.0,0.97,5.0,0.98,305.0,0.03,5.0,0.02,305.0,0.04,39.0,0.06,54.0,0.01,0.01,2334.097539,1776253669000
1776253671.974,171.974,0.97,209.0,0.96,59.0,0.98,352.99,0.99,1771.89,0.02,305.0,0.01,1771.89,0.04,49.0,0.05,10.0,0.01,0.02,2335.043955,1776253671000
1776253672.72,172.72,0.97,386.74,0.96,74.5,0.98,323.97,0.99,1776.89,0.02,352.99,0.01,1771.89,0.03,231.74,0.04,59.0,0.01,0.01,2335.043955,1776253671000
1776253672.937,172.937,0.97,396.74,0.96,74.5,0.98,303.61,0.99,1776.89,0.02,313.82,0.01,1776.89,0.03,386.74,0.04,74.5,0.01,0.01,2335.043955,1776253671000
1776253673.394,173.394,0.97,407.24,0.96,79.5,0.98,353.08,0.99,1977.89,0.02,303.61,0.01,1776.89,0.03,396.74,0.04,74.5,0.01,0.01,2335.043955,1776253671000
1776253673.718,173.718,0.97,446.24,0.96,79.5,0.98,248.49,0.99,1977.89,0.02,349.99,0.01,1977.89,0.03,412.24,0.04,79.5,0.01,0.01,2335.287145,1776253672000
1776253673.92,173.92,0.97,373.78,0.96,79.5,0.98,248.49,0.99,1977.89,0.02,248.49,0.01,1977.89,0.03,446.24,0.04,79.5,0.01,0.01,2335.287145,1776253672000
1776253674.318,174.318,0.97,373.78,0.96,79.5,0.98,287.78,0.99,1977.89,0.02,248.49,0.01,1977.89,0.03,373.78,0.04,79.5,0.01,0.01,2335.27995,1776253673000
1776253676.161,176.161,0.97,393.78,0.96,69.5,0.98,242.28,0.99,1776.89,0.02,287.78,0.01,1977.89,0.03,373.78,0.04,79.5,0.01,0.01,2335.3607,1776253674000
1776253676.586,176.586,0.97,378.78,0.96,69.5,0.98,237.08,0.99,1413.29,0.02,242.28,0.01,1776.89,0.03,393.78,0.04,69.5,0.01,0.01,2335.364944,1776253675000
1776253676.917,176.917,0.97,383.78,0.96,69.5,0.98,238.02,0.99,1413.29,0.02,232.08,0.01,1413.29,0.03,378.78,0.04,69.5,0.01,0.01,2335.364944,1776253675000
1776253677.318,177.318,0.97,383.78,0.96,69.5,0.98,227.19,0.99,1413.29,0.02,238.02,0.01,1413.29,0.03,383.78,0.04,69.5,0.01,0.01,2335.3789,1776253676000
1776253677.827,177.827,0.97,405.78,0.96,69.5,0.98,216.94,0.99,1814.29,0.02,222.19,0.01,1413.29,0.03,383.78,0.04,69.5,0.01,0.01,2335.3789,1776253676000
1776253678.521,178.521,0.97,388.78,0.96,69.5,0.98,189.66,0.99,1614.29,0.02,216.94,0.01,1814.29,0.03,405.78,0.04,69.5,0.01,0.01,2335.524058,1776253677000
1776253678.74,178.74,0.97,388.78,0.96,74.5,0.98,226.01,0.99,1614.29,0.02,189.66,0.01,1614.29,0.03,388.78,0.04,69.5,0.01,0.01,2335.524058,1776253677000
1776253679.454,179.454,0.97,393.78,0.96,69.5,0.98,126.01,0.99,1624.29,0.02,226.01,0.01,1614.29,0.03,388.78,0.04,74.5,0.01,0.01,2335.680063,1776253678000
1776253679.927,179.927,0.97,404.28,0.96,74.5,0.98,112.0,0.99,2388.89,0.02,126.01,0.01,1624.29,0.03,393.78,0.04,69.5,0.01,0.01,2335.680063,1776253678000
1776253680.303,180.303,0.97,414.28,0.96,158.2,0.98,60.47,0.99,2567.89,0.02,112.0,0.01,2388.89,0.03,404.28,0.04,74.5,0.01,0.01,2335.680063,1776253678000
1776253680.505,180.505,0.97,404.28,0.96,158.2,0.98,36.9,0.99,2868.89,0.02,37.93,0.01,2868.89,0.03,404.28,0.04,158.2,0.01,0.01,2335.680063,1776253678000
1776253680.776,180.776,0.97,404.28,0.96,258.2,0.98,33.87,0.99,2868.89,0.02,35.87,0.01,2868.89,0.03,409.28,0.04,158.2,0.01,0.01,2335.766786,1776253679000
1776253681.239,181.239,0.97,409.28,0.96,258.2,0.98,9.87,0.99,2847.89,0.02,29.87,0.01,2868.89,0.03,404.28,0.04,258.2,0.01,0.01,2335.766786,1776253679000
1776253681.96,181.96,0.97,409.28,0.96,258.2,0.98,0.88,0.99,2217.89,0.02,9.87,0.01,2847.89,0.03,409.28,0.04,258.2,0.01,0.01,2335.766786,1776253680000
1776253682.95,182.95,0.97,409.28,0.96,158.2,0.99,2307.0,,,0.01,2208.66,,,0.03,409.28,0.04,258.2,0.02,0.02,2335.604382,1776253681000
1776253683.176,183.176,0.97,373.78,0.96,144.6,0.98,15.0,0.99,2171.0,0.01,2312.0,,,0.03,409.28,0.04,158.2,0.01,0.02,2335.581307,1776253682000
1776253683.551,183.551,0.97,243.78,0.96,54.5,0.98,35.0,0.99,2624.0,0.02,30.0,0.01,2153.0,0.03,288.78,0.04,54.5,0.01,0.01,2335.581307,1776253682000
1776253684.25,184.25,0.97,243.78,0.96,5.0,0.98,26.59,0.99,2842.0,0.02,30.0,0.01,2624.0,0.03,243.78,0.04,54.5,0.01,0.01,2335.581307,1776253682000
1776253684.492,184.492,0.97,237.78,0.96,5.0,0.98,32.59,0.99,2441.0,0.02,32.59,0.01,2441.0,0.03,243.78,0.04,5.0,0.01,0.01,2335.581307,1776253682000
1776253685.162,185.162,0.95,85.8,0.94,225.22,0.98,45.59,0.99,2441.0,0.02,27.59,0.01,2441.0,0.03,141.78,0.04,5.0,0.03,0.01,2335.039687,1776253683000
1776253685.633,185.633,0.95,95.8,0.94,96.12,0.97,10.0,0.98,211.0,0.02,56.0,0.01,2436.0,0.05,85.8,0.06,135.12,0.02,0.03,2334.799475,1776253684000
1776253686.626,186.626,0.95,95.8,0.94,96.12,0.97,1.77,0.98,211.0,0.03,10.0,0.02,211.0,0.05,95.8,0.06,96.12,0.02,0.02,2334.670125,1776253685000
1776253687.615,187.615,0.95,106.3,0.94,96.12,0.96,115.0,0.98,617.0,0.03,5.73,0.02,261.5,0.04,20.0,0.05,100.8,0.01,0.01,2334.63885,1776253686000
1776253688.874,188.874,0.95,95.8,0.94,85.62,0.96,112.92,0.97,10.0,0.04,115.0,0.02,617.0,0.05,106.3,0.06,96.12,0.01,0.01,2334.59385,1776253687000
1776253689.173,189.173,0.95,8.0,0.94,85.62,0.96,141.17,0.97,10.0,0.04,136.17,0.03,10.0,0.05,85.8,0.06,85.62,0.01,0.01,2334.59385,1776253687000
1776253691.019,191.019,0.95,93.0,0.94,213.22,0.96,106.92,0.97,216.0,0.04,141.17,0.03,10.0,0.05,8.0,0.06,85.62,0.01,0.01,2334.22405,1776253690000
1776253692.415,192.415,0.95,78.0,0.94,287.52,0.96,112.17,0.97,10.0,0.04,86.92,0.03,211.0,0.05,118.0,0.06,208.22,0.01,0.01,2333.9396,1776253691000
1776253692.767,192.767,0.95,78.0,0.94,287.52,0.96,110.08,0.97,10.0,0.04,115.08,0.03,10.0,0.05,78.0,0.06,287.52,0.01,0.01,2333.9396,1776253691000
1776253693.113,193.113,0.95,78.0,0.94,287.52,0.96,94.08,0.97,10.0,0.04,110.08,0.03,10.0,0.05,78.0,0.06,287.52,0.01,0.01,2333.9396,1776253691000
1776253694.178,194.178,0.95,83.0,0.94,287.52,0.96,88.87,0.97,16.0,0.04,94.08,0.03,10.0,0.05,78.0,0.06,287.52,0.01,0.01,2333.997218,1776253692000
1776253695.812,195.812,0.94,265.02,0.93,107.51,0.96,98.87,0.97,16.0,0.04,88.87,0.03,16.0,0.05,83.0,0.06,287.52,0.02,0.01,2333.988059,1776253694000
1776253697.573,197.573,0.95,29.44,0.94,153.22,0.96,103.87,0.97,54.0,0.04,98.87,0.03,16.0,0.06,265.02,0.07,107.51,0.01,0.02,2333.9182,1776253696000
1776253698.759,198.759,0.95,13.34,0.94,139.42,0.96,5.0,0.97,84.0,0.04,103.87,0.03,104.0,0.05,13.34,0.06,153.22,0.01,0.01,2334.002844,1776253697000
1776253699.289,199.289,0.95,84.86,0.94,139.42,0.96,5.0,0.97,73.0,0.04,5.0,0.03,84.0,0.05,13.34,0.06,139.42,0.01,0.01,2334.002844,1776253697000
1776253699.737,199.737,0.94,67.8,0.93,65.3,0.96,60.0,0.97,175.0,0.04,5.0,0.03,73.0,0.05,84.86,0.06,139.42,0.02,0.01,2333.830495,1776253698000
1776253700.575,200.575,0.94,2.5,0.93,70.3,0.95,50.0,0.96,219.19,0.04,60.0,0.03,175.0,0.06,67.8,0.07,65.3,0.01,0.02,2333.565998,1776253699000
1776253701.212,201.212,0.94,2.4,0.93,15.0,0.95,20.0,0.96,269.19,0.05,50.0,0.04,219.19,0.06,2.5,0.07,70.3,0.01,0.01,2333.565998,1776253699000
1776253702.95,202.95,0.94,90.5,0.93,185.6,0.96,5.0,0.97,10.0,0.07,9.9,0.06,10.0,0.08,129.28,0.09,30.5,0.02,0.01,2333.314418,1776253700000
1776253704.904,204.904,0.95,105.5,0.94,185.6,0.96,155.0,0.97,10.0,0.04,5.0,0.03,10.0,0.06,90.5,0.07,185.6,0.01,0.02,2333.60994,1776253703000
1776253707.328,207.328,0.95,117.34,0.94,80.5,0.97,30.0,0.98,203.7,0.04,106.0,0.03,10.0,0.05,105.5,0.06,185.6,0.02,0.01,2334.12554,1776253706000
1776253710.383,210.383,0.96,33.0,0.95,127.34,0.97,10.0,0.98,193.7,0.03,30.0,0.02,203.7,0.05,117.34,0.06,80.5,0.01,0.02,2333.7729,1776253709000
1776253710.935,210.935,0.96,5.0,0.95,46.84,0.97,14.84,0.98,223.7,0.03,2.78,0.02,208.7,0.04,83.0,0.05,122.34,0.01,0.01,2333.7729,1776253709000
1776253711.151,211.151,0.95,88.84,0.94,75.5,0.97,20.0,0.98,864.4,0.03,19.84,0.02,223.7,0.05,46.84,0.06,5.0,0.02,0.02,2333.7729,1776253709000
1776253711.74,211.74,0.96,20.0,0.95,37.84,0.97,10.0,0.98,302.7,0.02,279.7,0.01,2450.69,0.05,39.84,0.06,75.5,0.01,0.03,2334.043667,1776253710000
1776253712.492,212.492,0.96,15.0,0.95,38.34,0.97,5.0,0.98,807.0,0.03,10.0,0.02,302.7,0.04,20.0,0.05,37.84,0.01,0.01,2334.043667,1776253710000
1776253713.167,213.167,0.96,20.0,0.95,38.34,0.97,12.0,0.98,741.0,0.03,5.0,0.02,807.0,0.04,15.0,0.05,38.34,0.01,0.01,2334.070876,1776253711000
1776253713.989,213.989,0.96,17.25,0.95,38.34,0.97,12.0,0.98,698.0,0.03,12.0,0.02,741.0,0.04,20.0,0.05,38.34,0.01,0.01,2333.65577,1776253712000
1776253715.172,215.172,0.97,8.18,0.96,12.25,0.98,677.0,0.99,2450.69,0.03,12.0,0.02,698.0,0.04,17.25,0.05,38.34,0.01,0.01,2333.55852,1776253714000
1776253716.289,216.289,0.96,15.88,0.95,83.34,0.98,617.0,0.99,2450.69,0.02,677.0,0.01,2450.69,0.03,8.18,0.04,12.25,0.02,0.01,2333.55852,1776253714000
1776253716.781,216.781,0.96,40.88,0.95,83.34,0.98,433.0,0.99,2450.69,0.02,617.0,0.01,2450.69,0.04,15.88,0.05,83.34,0.02,0.02,2333.623686,1776253715000
1776253718.093,218.093,0.97,5.0,0.96,25.88,0.98,438.0,0.99,2327.69,0.02,433.0,0.01,2450.69,0.04,40.88,0.05,83.34,0.01,0.02,2333.655202,1776253716000
1776253719.049,219.049,0.97,5.0,0.96,25.88,0.98,406.56,0.99,2223.69,0.02,412.59,0.01,2327.69,0.03,5.0,0.04,25.88,0.01,0.01,2333.663055,1776253717000
1776253719.803,219.803,0.95,68.34,0.94,75.5,0.98,475.56,0.99,2463.69,0.02,406.56,0.01,2223.69,0.03,5.0,0.04,25.88,0.03,0.01,2333.691872,1776253718000
1776253720.703,220.703,0.96,20.0,0.95,27.74,0.98,68.0,0.99,2624.69,0.02,60.0,0.01,2763.69,0.04,25.0,0.05,17.74,0.02,0.02,2333.621951,1776253719000
1776253721.227,221.227,0.95,7.74,0.94,85.5,0.97,20.0,0.98,75.0,0.02,68.0,0.01,2624.69,0.04,20.0,0.05,27.74,0.02,0.02,2333.730514,1776253720000
1776253724.091,224.091,0.97,80.5,0.96,90.5,0.98,66.0,0.99,1733.09,0.03,20.0,0.02,75.0,0.05,7.74,0.06,85.5,0.01,0.02,2333.562675,1776253722000
1776253724.675,224.675,0.96,10.5,0.95,68.24,0.98,61.0,0.99,1864.09,0.02,46.0,0.01,1733.09,0.03,80.5,0.04,90.5,0.02,0.01,2333.598472,1776253723000
1776253725.246,225.246,0.94,75.5,0.93,165.6,0.96,20.0,0.97,15.0,0.02,56.0,0.01,1814.09,0.05,68.24,0.06,299.74,0.02,0.03,2333.598472,1776253723000
1776253725.594,225.594,0.95,5.0,0.94,80.5,0.96,18.95,0.97,20.0,0.04,20.0,0.03,15.0,0.06,75.5,0.07,165.6,0.01,0.02,2333.650119,1776253724000
1776253726.015,226.015,0.95,5.0,0.94,30.5,0.96,9.79,0.97,70.0,0.04,18.95,0.03,20.0,0.05,5.0,0.06,80.5,0.01,0.01,2333.650119,1776253724000
1776253726.255,226.255,0.95,10.0,0.94,80.5,0.96,8.74,0.97,20.0,0.04,9.79,0.03,70.0,0.05,5.0,0.06,30.5,0.01,0.01,2333.650119,1776253724000
1776253726.826,226.826,0.95,20.0,0.94,30.5,0.96,14.74,0.97,70.0,0.04,8.74,0.03,20.0,0.05,10.0,0.06,80.5,0.01,0.01,2333.6627,1776253725000
1776253728.334,228.334,0.95,95.5,0.94,80.5,0.96,3.17,0.97,15.0,0.04,14.74,0.03,70.0,0.05,20.0,0.06,30.5,0.01,0.01,2333.18705,1776253727000
1776253729.027,229.027,0.98,224.83,0.95,90.5,0.99,2520.69,,,0.04,3.17,0.03,15.0,0.05,95.5,0.06,80.5,0.01,0.01,2333.18705,1776253727000
1776253729.338,229.338,0.96,10.0,0.95,90.5,0.99,2530.69,,,0.01,2520.69,,,0.02,224.83,0.05,90.5,0.03,0.01,2333.182471,1776253728000
1776253729.967,229.967,0.98,1.0,0.96,10.0,0.99,2525.69,,,0.01,2530.69,,,0.04,10.0,0.05,90.5,0.01,0.03,2333.182471,1776253728000
1776253730.336,230.336,0.95,68.9,0.94,170.6,0.99,2525.69,,,0.01,2525.69,,,0.02,1.0,0.04,10.0,0.04,0.01,2333.295631,1776253729000
1776253731.698,231.698,0.96,15.0,0.95,128.9,0.97,23.96,0.98,276.58,0.01,2525.69,,,0.05,68.9,0.06,170.6,0.01,0.04,2333.317228,1776253730000
1776253732.504,232.504,0.95,13.4,0.94,25.5,0.97,23.96,0.98,322.7,0.03,23.96,0.02,276.58,0.04,15.0,0.05,128.9,0.02,0.01,2333.31423,1776253731000
1776253733.47,233.47,0.93,15.0,0.92,98.78,0.95,20.0,0.96,65.0,0.03,23.96,0.02,322.7,0.05,13.4,0.06,25.5,0.02,0.02,2333.31423,1776253731000
1776253733.708,233.708,0.94,142.47,0.93,15.0,0.95,68.94,0.96,65.0,0.05,70.0,0.04,65.0,0.06,142.47,0.07,15.0,0.01,0.01,2333.175903,1776253732000
1776253733.929,233.929,0.94,5.47,0.93,20.0,0.95,68.94,0.96,65.0,0.05,68.94,0.04,65.0,0.06,142.47,0.07,15.0,0.01,0.01,2333.175903,1776253732000
1776253734.33,234.33,0.93,15.0,0.92,88.28,0.95,58.94,0.96,65.0,0.05,68.94,0.04,65.0,0.06,5.47,0.07,20.0,0.02,0.01,2333.136918,1776253733000
1776253734.815,234.815,0.94,158.64,0.93,15.0,0.98,349.97,0.99,1883.69,0.05,37.79,0.04,71.01,0.06,163.64,0.07,20.0,0.04,0.01,2333.136918,1776253733000
1776253735.174,235.174,0.95,53.4,0.94,20.0,0.98,359.71,0.99,2583.69,0.02,349.97,0.01,1883.69,0.06,75.3,0.07,15.0,0.03,0.04,2332.8478,1776253734000
1776253735.389,235.389,0.95,81.4,0.94,70.0,0.98,359.71,0.99,2583.69,0.02,359.71,0.01,2583.69,0.05,53.4,0.06,20.0,0.03,0.03,2332.8478,1776253734000
1776253735.774,235.774,0.95,13.72,0.94,65.0,0.97,74.82,0.98,233.0,0.03,32.82,0.02,228.0,0.05,91.4,0.06,65.0,0.02,0.02,2332.8478,1776253734000
1776253735.988,235.988,0.96,10.0,0.95,13.72,0.97,64.0,0.98,233.0,0.03,74.82,0.02,233.0,0.05,13.72,0.06,65.0,0.01,0.02,2332.8478,1776253734000
1776253736.195,236.195,0.96,8.98,0.95,15.0,0.97,73.05,0.98,233.0,0.03,74.0,0.02,233.0,0.04,8.98,0.05,10.0,0.01,0.01,2332.8478,1776253734000
1776253736.876,236.876,0.95,62.0,0.94,65.0,0.97,131.39,0.98,288.5,0.02,233.0,0.01,2646.69,0.05,58.18,0.06,65.0,0.02,0.03,2332.519313,1776253735000
1776253737.189,237.189,0.96,20.0,0.95,15.0,0.98,74.97,0.99,2460.69,0.03,20.93,0.02,233.0,0.04,10.0,0.06,49.42,0.02,0.01,2332.519313,1776253735000
1776253737.969,237.969,0.97,15.0,0.96,65.0,0.98,156.89,0.99,2486.74,0.02,67.0,0.01,2460.69,0.04,15.0,0.05,65.0,0.01,0.02,2332.382917,1776253736000
1776253738.509,238.509,0.97,107.0,0.96,75.5,0.98,36.43,0.99,1945.14,0.02,156.89,0.01,2486.74,0.03,15.0,0.04,65.0,0.01,0.01,2332.33285,1776253737000
1776253738.974,238.974,0.97,55.0,0.96,70.5,0.98,66.68,0.99,1945.14,0.02,16.18,0.01,1945.14,0.03,107.0,0.04,75.5,0.01,0.01,2332.33285,1776253737000
1776253739.35,239.35,0.97,84.0,0.96,70.5,0.98,56.49,0.99,2313.74,0.02,66.68,0.01,1945.14,0.04,70.5,0.05,75.5,0.01,0.02,2332.538977,1776253738000
1776253739.577,239.577,0.97,80.5,0.96,75.5,0.99,2299.73,,,0.02,56.49,0.01,2313.74,0.03,84.0,0.04,70.5,0.02,0.01,2332.538977,1776253738000
1776253739.852,239.852,0.98,70.0,0.97,70.5,0.99,2130.48,,,0.01,2150.48,,,0.02,10.0,0.03,70.5,0.01,0.01,2332.538977,1776253738000
1776253740.329,240.329,0.96,50.0,0.95,65.0,0.99,1931.48,,,0.02,150.57,0.01,2241.48,0.03,70.5,0.04,75.5,0.03,0.01,2332.634875,1776253739000
1776253740.896,240.896,0.98,50.0,0.97,60.0,0.99,1830.23,,,0.01,1931.48,,,0.04,50.0,0.05,65.0,0.01,0.03,2332.634875,1776253739000
1776253741.237,241.237,0.97,10.0,0.96,60.0,0.98,5.0,0.99,1905.17,0.01,1804.17,,,0.02,50.0,0.03,60.0,0.01,0.01,2332.634875,1776253739000
1776253741.552,241.552,0.95,15.0,0.94,59.42,0.96,7.92,0.97,10.0,0.03,10.0,0.02,20.0,0.05,5.0,0.06,59.42,0.01,0.02,2332.842545,1776253740000
1776253741.778,241.778,0.95,20.26,0.94,59.42,0.97,6.91,0.98,20.0,0.04,5.0,0.03,6.91,0.05,40.0,0.06,59.42,0.02,0.01,2332.842545,1776253740000
1776253742.038,242.038,0.96,16.0,0.95,20.26,0.97,11.19,0.98,20.0,0.03,6.91,0.02,20.0,0.05,20.26,0.06,59.42,0.01,0.02,2332.967699,1776253741000
1776253743.301,243.301,0.96,31.0,0.95,70.26,0.97,2.43,0.98,10.0,0.03,11.19,0.02,20.0,0.04,16.0,0.05,20.26,0.01,0.01,2332.961603,1776253742000
1776253743.524,243.524,0.96,6.0,0.95,70.26,0.97,2.43,0.98,10.0,0.03,2.43,0.02,10.0,0.04,31.0,0.05,70.26,0.01,0.01,2332.961603,1776253742000
1776253744.333,244.333,0.96,5.01,0.95,20.26,0.97,35.93,0.98,15.0,0.03,2.43,0.02,10.0,0.04,6.0,0.05,70.26,0.01,0.01,2332.753831,1776253743000
1776253744.805,244.805,0.96,10.89,0.95,20.26,0.97,43.66,0.98,166.16,0.02,2.06,0.01,1854.17,0.04,5.01,0.05,20.26,0.01,0.02,2332.753831,1776253743000
1776253745.34,245.34,0.96,15.89,0.95,75.26,0.97,36.6,0.98,166.16,0.03,42.66,0.02,166.16,0.04,10.89,0.05,20.26,0.01,0.01,2332.781466,1776253744000
1776253745.78,245.78,0.97,5.0,0.96,20.89,0.98,144.1,0.99,2104.17,0.03,36.6,0.02,166.16,0.04,15.89,0.05,75.26,0.01,0.01,2332.781466,1776253744000
1776253746.353,246.353,0.95,61.15,0.94,213.32,0.97,10.0,0.98,144.1,0.02,144.1,0.01,2104.17,0.03,5.0,0.04,20.89,0.02,0.01,2332.7123,1776253745000
1776253746.774,246.774,0.96,75.0,0.95,66.15,0.98,139.1,0.99,2309.17,0.03,10.0,0.02,144.1,0.05,61.15,0.06,213.32,0.02,0.02,2332.7123,1776253745000
1776253747.461,247.461,0.95,1.15,0.94,78.8,0.97,10.0,0.98,70.0,0.02,139.1,0.01,2309.17,0.04,75.0,0.05,66.15,0.02,0.02,2332.7123,1776253745000
1776253748.583,248.583,0.94,15.0,0.93,15.0,0.97,36.03,0.98,65.0,0.03,10.0,0.02,70.0,0.05,1.15,0.06,78.8,0.03,0.02,2332.73896,1776253747000
1776253748.856,248.856,0.93,65.0,0.92,143.28,0.97,15.0,0.98,65.0,0.03,36.03,0.02,65.0,0.06,15.0,0.07,15.0,0.04,0.03,2332.73896,1776253747000
1776253749.825,249.825,0.94,1.0,0.93,10.0,0.95,15.0,0.96,15.0,0.04,20.0,0.03,48.66,0.06,7.08,0.07,70.0,0.01,0.02,2332.64695,1776253748000
1776253750.258,250.258,0.94,21.0,0.93,20.0,0.97,62.11,0.98,65.0,0.05,15.0,0.04,15.0,0.06,1.0,0.07,10.0,0.03,0.01,2332.382883,1776253749000
1776253750.705,250.705,0.96,25.0,0.95,25.0,0.98,19.72,0.99,2451.64,0.03,62.11,0.02,65.0,0.06,21.0,0.07,20.0,0.02,0.03,2332.382883,1776253749000
1776253751.01,251.01,0.98,322.28,0.96,20.0,0.99,2420.64,,,0.01,2431.64,,,0.02,504.28,0.04,25.0,0.01,0.01,2332.382883,1776253749000
1776253751.883,251.883,0.98,302.28,0.96,15.0,0.99,2427.53,,,0.01,2432.64,,,0.02,302.28,0.04,15.0,0.01,0.01,2332.1518,1776253750000
1776253753.13,253.13,0.98,302.28,0.96,10.0,0.99,2388.32,,,0.01,2427.53,,,0.02,302.28,0.04,15.0,0.01,0.01,2332.167395,1776253751000
1776253753.846,253.846,0.98,302.28,0.96,10.0,0.99,2382.3,,,0.01,2388.32,,,0.02,302.28,0.04,10.0,0.01,0.01,2332.256654,1776253752000
1776253754.163,254.163,0.98,302.28,0.96,10.0,0.99,2367.3,,,0.01,2382.3,,,0.02,302.28,0.04,10.0,0.01,0.01,2332.256654,1776253752000
1776253754.482,254.482,0.98,307.28,0.97,10.0,0.99,2322.3,,,0.01,2342.3,,,0.02,302.28,0.04,10.0,0.01,0.01,2332.246517,1776253753000
1776253755.008,255.008,0.98,302.28,0.97,10.0,0.99,2287.3,,,0.01,2322.3,,,0.02,307.28,0.03,10.0,0.01,0.01,2332.251605,1776253754000
1776253755.649,255.649,0.98,282.28,0.96,10.0,0.99,2282.3,,,0.01,2287.3,,,0.02,302.28,0.03,10.0,0.01,0.01,2332.251605,1776253754000
1776253756.289,256.289,0.98,59.28,0.96,10.0,0.99,2264.3,,,0.01,2287.3,,,0.02,59.28,0.04,10.0,0.01,0.01,2332.207558,1776253755000
1776253757.538,257.538,0.98,59.28,0.96,10.0,0.99,2161.3,,,0.01,2264.3,,,0.02,59.28,0.04,10.0,0.01,0.01,2332.1167,1776253756000
1776253758.115,258.115,0.98,39.28,0.96,10.0,0.99,2156.3,,,0.01,2161.3,,,0.02,59.28,0.04,10.0,0.01,0.01,2332.021668,1776253757000
1776253758.67,258.67,0.98,29.28,0.96,10.0,0.99,2136.04,,,0.01,2161.3,,,0.02,29.28,0.04,10.0,0.01,0.01,2332.021668,1776253757000
1776253759.299,259.299,0.98,29.28,0.97,10.0,0.99,2110.98,,,0.01,2130.98,,,0.02,29.28,0.04,10.0,0.01,0.01,2332.007039,1776253758000
1776253760.123,260.123,0.98,29.28,0.97,10.0,0.99,1653.98,,,0.01,2090.98,,,0.02,29.28,0.03,10.0,0.01,0.01,2332.007039,1776253758000
1776253760.397,260.397,0.98,29.28,0.97,10.0,0.99,1651.98,,,0.01,1653.98,,,0.02,29.28,0.03,10.0,0.01,0.01,2331.919826,1776253759000
1776253760.879,260.879,0.98,39.28,0.97,10.0,0.99,1649.98,,,0.01,1651.98,,,0.02,29.28,0.03,10.0,0.01,0.01,2331.919826,1776253759000
1776253761.342,261.342,0.98,19.28,0.96,10.0,0.99,1654.98,,,0.01,1649.98,,,0.02,39.28,0.03,10.0,0.01,0.01,2331.878577,1776253760000
1776253761.729,261.729,0.98,19.28,0.97,10.0,0.99,1634.98,,,0.01,1654.98,,,0.02,19.28,0.04,10.0,0.01,0.01,2331.878577,1776253760000
1776253763.35,263.35,0.98,24.28,0.97,10.0,0.99,1210.38,,,0.01,1634.98,,,0.02,19.28,0.03,10.0,0.01,0.01,2331.824844,1776253761000
1776253764.986,264.986,0.98,9.28,0.97,10.0,0.99,1588.32,,,0.01,1188.38,,,0.02,19.28,0.03,10.0,0.01,0.01,2331.8919,1776253763000
1776253765.685,265.685,0.98,9.28,0.97,10.0,0.99,1568.32,,,0.01,1588.32,,,0.02,9.28,0.03,10.0,0.01,0.01,2331.8919,1776253763000
1776253766.862,266.862,0.98,24.28,0.97,60.0,0.99,1533.32,,,0.01,1568.32,,,0.02,9.28,0.03,10.0,0.01,0.01,2331.963802,1776253765000
1776253768.163,268.163,0.98,24.28,0.97,60.0,0.99,1422.24,,,0.01,1429.32,,,0.02,24.28,0.03,60.0,0.01,0.01,2331.908499,1776253766000
1776253770.123,270.123,0.97,9.28,0.96,150.1,0.99,1432.24,,,0.01,1422.24,,,0.02,24.28,0.03,60.0,0.02,0.01,2332.208774,1776253768000
1776253771.674,271.674,0.97,105.53,0.96,168.33,0.98,4.89,0.99,1432.24,0.01,1432.24,,,0.04,142.99,0.05,251.14,0.01,0.03,2332.1747,1776253770000
1776253771.939,271.939,0.97,289.97,0.96,209.59,0.99,1431.22,,,0.02,4.89,0.01,1432.24,0.03,105.53,0.04,168.33,0.02,0.01,2332.1747,1776253770000
1776253772.3,272.3,0.98,124.1,0.97,124.53,0.99,1058.62,,,0.01,1422.22,,,0.03,129.53,0.04,209.59,0.01,0.02,2332.18561,1776253771000
1776253772.555,272.555,0.98,54.0,0.97,298.14,0.99,1053.62,,,0.01,1058.62,,,0.02,124.1,0.03,124.53,0.01,0.01,2332.18561,1776253771000
1776253772.997,272.997,0.98,188.98,0.97,157.7,0.99,1048.57,,,0.01,1048.57,,,0.02,54.0,0.03,298.14,0.01,0.01,2332.18561,1776253771000
1776253773.576,273.576,0.98,188.98,0.97,157.7,0.99,582.95,,,0.01,1047.55,,,0.02,118.88,0.03,157.7,0.01,0.01,2332.100568,1776253772000
1776253774.544,274.544,0.98,307.94,0.97,184.7,0.99,531.88,,,0.01,532.9,,,0.02,188.98,0.03,179.7,0.01,0.01,2332.23506,1776253773000
1776253774.887,274.887,0.98,486.64,0.97,184.7,0.99,486.52,,,0.01,496.52,,,0.02,302.94,0.03,184.7,0.01,0.01,2332.23506,1776253773000
1776253775.265,275.265,0.98,302.94,0.97,61.0,0.99,480.45,,,0.01,481.47,,,0.02,491.64,0.03,184.7,0.01,0.01,2332.23506,1776253773000
1776253775.483,275.483,0.98,307.94,0.97,61.0,0.99,473.42,,,0.01,478.42,,,0.02,307.94,0.03,61.0,0.01,0.01,2332.23506,1776253773000
1776253775.737,275.737,0.98,302.94,0.97,61.0,0.99,344.42,,,0.01,372.42,,,0.02,307.94,0.03,61.0,0.01,0.01,2332.51466,1776253774000
1776253776.011,276.011,0.98,302.94,0.97,61.0,0.99,286.87,,,0.01,288.87,,,0.02,307.94,0.03,61.0,0.01,0.01,2332.51466,1776253774000
1776253776.221,276.221,0.98,277.94,0.97,61.0,0.99,276.82,,,0.01,281.87,,,0.02,277.94,0.03,61.0,0.01,0.01,2332.51466,1776253774000
1776253776.445,276.445,0.98,284.4,0.97,30.0,0.99,241.77,,,0.01,246.82,,,0.02,277.94,0.03,61.0,0.01,0.01,2332.53412,1776253775000
1776253776.68,276.68,0.98,148.96,0.97,30.0,0.99,22.01,,,0.01,22.07,,,0.02,143.96,0.03,30.0,0.01,0.01,2332.53412,1776253775000
1776253777.219,277.219,0.98,25.0,0.97,20.0,0.99,2050.13,,,,,,,0.01,48.33,0.02,148.96,0.01,,2332.53412,1776253775000
1776253777.52,277.52,0.99,45.5,0.98,200.58,,,,,0.01,2050.13,,,0.02,25.0,0.03,20.0,,0.01,2332.53412,1776253775000
1776253779.127,279.127,0.99,69.19,0.98,33.0,,,,,,,,,0.01,45.5,0.02,200.58,,,2332.59716,1776253777000
1776253785.502,285.502,0.99,610.34,0.98,33.0,,,,,,,,,0.01,69.19,0.02,33.0,,,2333.281009,1776253784000
1776253786.179,286.179,0.99,811.32,0.98,33.0,,,,,,,,,0.01,610.34,0.02,33.0,,,2333.281009,1776253784000
1776253788.529,288.529,0.99,1018.07,0.98,33.0,,,,,,,,,0.01,811.32,0.02,33.0,,,2333.576605,1776253787000
1776253792.34,292.34,0.99,9091.7,0.98,33.0,,,,,,,,,0.01,1016.92,0.02,33.0,,,2333.361025,1776253790000
1776253795.202,295.202,0.99,12388.25,0.98,33.0,,,,,,,,,0.01,9091.7,0.02,33.0,,,2333.049624,1776253794000
1776253797.644,297.644,0.99,9703.34,0.98,38.1,,,,,,,,,0.01,12388.25,0.02,33.0,,,2333.05685,1776253796000

# RESULT,winner=Up,slug=eth-updown-5m-1776253500,ticks=472
