timestamp,elapsed_sec,up_bid_p1,up_bid_s1,up_bid_p2,up_bid_s2,up_ask_p1,up_ask_s1,up_ask_p2,up_ask_s2,down_bid_p1,down_bid_s1,down_bid_p2,down_bid_s2,down_ask_p1,down_ask_s1,down_ask_p2,down_ask_s2,up_spread,down_spread,eth_price,eth_oracle_ts
1776303601.169,1.169,0.46,150.0,0.4,38.0,0.51,10.0,0.54,150.0,0.49,10.0,0.46,150.0,0.54,150.0,0.6,38.0,0.05,0.05,2353.358593,1776303600000
1776303602.293,2.293,0.46,150.0,0.4,38.0,0.51,10.0,0.54,150.0,0.49,10.0,0.46,150.0,0.54,150.0,0.6,38.0,0.05,0.05,2353.433216,1776303601000
1776303603.028,3.028,0.5,5.0,0.38,30.0,0.51,11.94,0.52,5.0,0.49,10.0,0.46,150.0,0.54,150.0,0.6,38.0,0.01,0.05,2353.433216,1776303601000
1776303603.456,3.456,0.44,13.0,0.31,385.0,0.45,5.0,0.47,10.0,0.49,11.94,0.48,5.0,0.5,5.0,0.62,30.0,0.01,0.01,2353.433216,1776303601000
1776303603.693,3.693,0.36,6.9,0.35,10.0,0.38,10.0,0.39,10.0,0.55,10.0,0.54,15.0,0.56,1.42,0.65,10.0,0.02,0.01,2353.433216,1776303601000
1776303604.137,4.137,0.36,3.8,0.35,10.0,0.4,10.0,0.41,10.0,0.62,10.0,0.61,10.0,0.64,3.8,0.65,10.0,0.04,0.02,2353.418062,1776303602000
1776303605.157,5.157,0.4,42.85,0.39,29.0,0.41,10.0,0.42,10.0,0.6,10.0,0.59,10.0,0.64,3.8,0.65,10.0,0.01,0.04,2353.464296,1776303603000
1776303605.378,5.378,0.4,42.85,0.39,29.0,0.41,10.0,0.42,10.0,0.59,10.0,0.58,10.0,0.6,42.85,0.61,29.0,0.01,0.01,2353.301146,1776303604000
1776303606.025,6.025,0.4,47.85,0.39,24.0,0.41,3.18,0.42,10.0,0.59,3.18,0.58,10.0,0.6,47.85,0.61,24.0,0.01,0.01,2353.002415,1776303605000
1776303607.373,7.373,0.4,31.0,0.39,24.0,0.41,3.18,0.42,10.0,0.59,3.18,0.58,10.0,0.6,31.0,0.61,24.0,0.01,0.01,2352.906817,1776303606000
1776303607.614,7.614,0.41,11.0,0.4,28.0,0.42,10.0,0.43,20.0,0.59,3.18,0.58,10.0,0.6,31.0,0.61,24.0,0.01,0.01,2352.906817,1776303606000
1776303608.114,8.114,0.44,2.0,0.43,9.0,0.45,80.0,0.46,85.0,0.58,10.0,0.57,20.0,0.59,11.0,0.6,28.0,0.01,0.01,2352.906817,1776303606000
1776303608.934,8.934,0.44,7.0,0.43,14.0,0.45,87.77,0.46,85.0,0.55,80.0,0.54,85.0,0.56,2.0,0.57,9.0,0.01,0.01,2352.909091,1776303607000
1776303609.359,9.359,0.44,7.0,0.43,14.0,0.45,87.77,0.46,85.0,0.55,87.77,0.54,85.0,0.56,7.0,0.57,14.0,0.01,0.01,2352.935401,1776303608000
1776303609.893,9.893,0.44,7.0,0.43,14.0,0.45,87.77,0.46,85.0,0.55,87.77,0.54,85.0,0.56,7.0,0.57,14.0,0.01,0.01,2352.949565,1776303609000
1776303611.031,11.031,0.44,7.0,0.43,14.0,0.45,87.77,0.46,85.0,0.55,87.77,0.54,85.0,0.56,7.0,0.57,14.0,0.01,0.01,2352.966251,1776303610000
1776303611.83,11.83,0.43,14.0,0.42,24.0,0.45,98.77,0.46,96.0,0.55,87.77,0.54,85.0,0.56,7.0,0.57,14.0,0.02,0.01,2352.966251,1776303610000
1776303612.737,12.737,0.44,90.0,0.43,85.0,0.5,69.98,0.51,81.94,0.55,98.77,0.54,96.0,0.57,14.0,0.58,24.0,0.06,0.02,2352.964581,1776303611000
1776303613.37,13.37,0.49,15.0,0.48,15.0,0.5,80.98,0.51,92.94,0.5,69.98,0.49,81.94,0.56,90.0,0.57,85.0,0.01,0.06,2352.961759,1776303612000
1776303613.672,13.672,0.48,15.0,0.47,20.0,0.49,5.0,0.5,69.98,0.5,80.98,0.49,92.94,0.51,15.0,0.52,15.0,0.01,0.01,2352.961759,1776303612000
1776303613.991,13.991,0.48,32.6,0.47,34.0,0.49,5.0,0.5,69.98,0.51,5.0,0.5,69.98,0.52,15.0,0.53,20.0,0.01,0.01,2352.961759,1776303612000
1776303615.164,15.164,0.48,67.6,0.47,53.0,0.5,77.4,0.51,81.94,0.51,5.0,0.5,69.98,0.52,32.6,0.53,34.0,0.02,0.01,2353.153433,1776303614000
1776303615.684,15.684,0.49,20.0,0.48,62.6,0.5,82.4,0.51,81.94,0.5,77.4,0.49,81.94,0.52,67.6,0.53,53.0,0.01,0.02,2353.153433,1776303614000
1776303616.566,16.566,0.49,74.0,0.48,202.6,0.51,11.94,0.54,5.0,0.5,82.4,0.49,81.94,0.51,20.0,0.52,62.6,0.02,0.01,2353.27073,1776303615000
1776303618.146,18.146,0.5,95.0,0.49,79.0,0.51,12.56,0.52,23.0,0.49,5.56,0.46,5.0,0.51,74.0,0.52,202.6,0.01,0.02,2353.33325,1776303617000
1776303618.437,18.437,0.5,81.48,0.49,74.0,0.51,12.56,0.52,5.0,0.49,12.56,0.48,23.0,0.5,95.0,0.51,79.0,0.01,0.01,2353.33325,1776303617000
1776303618.718,18.718,0.5,71.48,0.49,74.0,0.51,7.46,0.53,5.0,0.49,12.56,0.48,5.0,0.5,81.48,0.51,74.0,0.01,0.01,2353.33325,1776303617000
1776303618.954,18.954,0.5,102.48,0.49,78.0,0.51,2.46,0.53,5.0,0.49,7.46,0.47,5.0,0.5,71.48,0.51,74.0,0.01,0.01,2353.33325,1776303617000
1776303619.266,19.266,0.55,20.0,0.54,20.0,0.56,75.0,0.57,98.0,0.45,5.0,0.44,70.0,0.5,102.48,0.51,78.0,0.01,0.05,2353.357956,1776303618000
1776303619.566,19.566,0.55,16.62,0.54,25.0,0.56,80.0,0.57,98.0,0.44,75.0,0.43,98.0,0.45,20.0,0.46,20.0,0.01,0.01,2353.357956,1776303618000
1776303620.398,20.398,0.55,16.0,0.54,23.56,0.56,75.0,0.57,70.0,0.44,80.0,0.43,98.0,0.46,23.56,0.47,20.0,0.01,0.02,2353.440164,1776303619000
1776303620.801,20.801,0.56,38.63,0.55,21.0,0.57,70.0,0.58,75.0,0.43,70.0,0.42,70.0,0.49,50.99,0.5,31.48,0.01,0.06,2353.440164,1776303619000
1776303621.282,21.282,0.59,15.0,0.58,15.0,0.6,8.16,0.61,92.0,0.43,70.0,0.42,75.0,0.44,38.63,0.45,21.0,0.01,0.01,2353.696775,1776303620000
1776303621.726,21.726,0.59,15.0,0.58,20.0,0.6,13.16,0.61,92.0,0.4,8.16,0.39,92.0,0.41,15.0,0.42,15.0,0.01,0.01,2353.696775,1776303620000
1776303623.039,23.039,0.59,20.0,0.58,25.0,0.61,81.18,0.62,41.0,0.4,4.82,0.39,92.0,0.41,5.0,0.42,20.0,0.02,0.01,2353.77049,1776303622000
1776303623.762,23.762,0.6,15.0,0.59,20.0,0.61,64.19,0.62,5.0,0.39,67.54,0.38,41.0,0.41,15.0,0.42,25.0,0.01,0.02,2353.77049,1776303622000
1776303624.13,24.13,0.6,15.0,0.59,25.0,0.61,52.79,0.62,5.0,0.39,64.19,0.38,5.0,0.4,15.0,0.41,20.0,0.01,0.01,2353.9248,1776303623000
1776303625.01,25.01,0.6,82.0,0.59,173.0,0.61,2.0,0.65,8.0,0.39,52.79,0.38,5.0,0.4,15.0,0.41,25.0,0.01,0.01,2353.9248,1776303623000
1776303626.929,26.929,0.67,2.42,0.66,10.0,0.68,14.0,0.69,20.0,0.35,4.92,0.34,32.0,0.36,15.81,0.37,10.0,0.01,0.01,2353.9524,1776303625000
1776303627.777,27.777,0.66,15.0,0.65,90.0,0.67,7.58,0.68,9.0,0.32,14.0,0.31,20.0,0.33,2.42,0.34,10.0,0.01,0.01,2354.245211,1776303626000
1776303629.332,29.332,0.66,44.5,0.65,100.0,0.67,17.58,0.68,9.0,0.33,7.58,0.32,9.0,0.34,15.0,0.35,90.0,0.01,0.01,2354.41815,1776303628000
1776303629.819,29.819,0.66,36.29,0.65,35.0,0.67,17.58,0.68,9.0,0.33,17.58,0.32,9.0,0.34,44.5,0.35,100.0,0.01,0.01,2354.41815,1776303628000
1776303630.31,30.31,0.66,4.5,0.65,24.8,0.67,126.58,0.68,109.81,0.33,17.58,0.32,9.0,0.34,36.29,0.35,35.0,0.01,0.01,2354.410526,1776303629000
1776303630.53,30.53,0.65,10.28,0.63,15.0,0.66,91.0,0.67,72.58,0.34,15.0,0.33,114.58,0.35,15.28,0.37,15.0,0.01,0.01,2354.410526,1776303629000
1776303630.795,30.795,0.6,13.0,0.59,15.0,0.66,92.0,0.67,72.58,0.34,97.0,0.33,72.58,0.35,0.28,0.37,15.0,0.06,0.01,2354.410526,1776303629000
1776303631.318,31.318,0.59,29.0,0.58,100.0,0.6,20.0,0.61,22.0,0.34,92.0,0.33,72.58,0.4,13.0,0.41,15.0,0.01,0.06,2354.375342,1776303630000
1776303631.741,31.741,0.58,90.0,0.57,21.0,0.61,15.75,0.62,17.0,0.4,8.75,0.39,22.0,0.41,29.0,0.42,100.0,0.03,0.01,2354.375342,1776303630000
1776303632.101,32.101,0.58,81.02,0.57,110.34,0.59,5.0,0.6,21.0,0.41,10.0,0.4,21.0,0.42,94.33,0.43,39.0,0.01,0.01,2354.263384,1776303631000
1776303632.913,32.913,0.58,69.11,0.57,105.34,0.59,5.0,0.6,11.0,0.41,5.0,0.4,21.0,0.42,81.02,0.43,110.34,0.01,0.01,2354.263384,1776303631000
1776303634.348,34.348,0.59,102.8,0.58,83.11,0.6,0.9,0.63,34.0,0.4,6.0,0.39,5.75,0.42,74.11,0.43,105.34,0.01,0.02,2353.996753,1776303633000
1776303635.342,35.342,0.62,15.0,0.61,20.0,0.63,11.92,0.64,98.0,0.4,0.9,0.37,34.0,0.41,102.8,0.42,83.11,0.01,0.01,2353.948369,1776303634000
1776303639.325,39.325,0.63,15.0,0.62,15.0,0.66,50.21,0.67,28.58,0.37,11.92,0.36,98.0,0.38,15.0,0.39,20.0,0.03,0.01,2354.029995,1776303638000
1776303639.657,39.657,0.63,20.0,0.62,15.0,0.66,62.98,0.67,48.58,0.34,50.21,0.33,28.58,0.37,15.0,0.38,15.0,0.03,0.03,2354.029995,1776303638000
1776303642.822,42.822,0.55,5.75,0.54,34.0,0.57,21.0,0.58,27.0,0.34,62.98,0.33,48.58,0.37,20.0,0.38,15.0,0.02,0.03,2354.035407,1776303641000
1776303646.919,46.919,0.6,60.0,0.59,64.0,0.63,70.0,0.64,89.0,0.43,21.0,0.42,27.0,0.45,5.75,0.46,34.0,0.03,0.02,2353.754106,1776303645000
1776303648.437,48.437,0.62,20.0,0.61,20.0,0.63,86.06,0.64,99.0,0.37,70.0,0.36,89.0,0.4,60.0,0.41,64.0,0.01,0.03,2353.858428,1776303647000
1776303651.479,51.479,0.62,55.0,0.61,25.0,0.63,12.0,0.64,20.0,0.37,86.06,0.36,99.0,0.38,20.0,0.39,20.0,0.01,0.01,2354.01214,1776303650000
1776303651.727,51.727,0.62,55.0,0.61,25.0,0.63,5.0,0.64,20.0,0.37,12.0,0.36,20.0,0.38,55.0,0.39,25.0,0.01,0.01,2354.01214,1776303650000
1776303660.62,60.62,0.63,30.0,0.62,30.0,0.64,9.37,0.65,15.0,0.37,0.23,0.36,20.0,0.38,55.0,0.39,25.0,0.01,0.01,2354.036745,1776303659000
1776303660.966,60.966,0.63,10.0,0.62,15.0,0.64,14.37,0.65,15.0,0.36,9.37,0.35,15.0,0.37,30.0,0.38,30.0,0.01,0.01,2354.036745,1776303659000
1776303661.627,61.627,0.55,5.75,0.52,11.0,0.6,79.0,0.61,146.0,0.37,29.0,0.36,51.37,0.41,5.0,0.44,13.0,0.05,0.04,2354.032156,1776303660000
1776303662.03,62.03,0.51,59.28,0.5,18.0,0.52,30.0,0.53,10.0,0.45,64.25,0.43,5.0,0.49,16.2,0.5,15.0,0.01,0.04,2354.01855,1776303661000
1776303663.217,63.217,0.51,43.28,0.5,73.49,0.52,77.0,0.53,10.0,0.48,30.0,0.47,10.0,0.49,59.28,0.5,18.0,0.01,0.01,2354.004968,1776303662000
1776303663.964,63.964,0.51,29.79,0.5,18.0,0.52,84.0,0.53,15.0,0.48,77.0,0.47,10.0,0.49,43.28,0.5,73.49,0.01,0.01,2354.004968,1776303662000
1776303664.971,64.971,0.48,3.32,0.47,12.0,0.49,49.0,0.5,142.0,0.48,84.0,0.47,15.0,0.51,82.0,0.52,12.37,0.01,0.03,2353.8047,1776303663000
1776303665.383,65.383,0.47,2.0,0.43,5.0,0.48,55.0,0.49,68.0,0.51,80.0,0.5,147.0,0.53,7.0,0.55,12.0,0.01,0.02,2353.657049,1776303664000
1776303666.143,66.143,0.42,24.71,0.41,75.16,0.43,56.0,0.44,16.0,0.56,24.0,0.55,10.0,0.58,26.75,0.59,5.0,0.01,0.02,2353.512593,1776303665000
1776303666.435,66.435,0.42,22.67,0.41,75.16,0.43,56.0,0.44,16.0,0.57,56.0,0.56,16.0,0.58,24.71,0.59,75.16,0.01,0.01,2353.512593,1776303665000
1776303666.744,66.744,0.42,17.67,0.41,75.16,0.43,56.0,0.44,16.0,0.57,56.0,0.56,16.0,0.58,22.67,0.59,75.16,0.01,0.01,2353.512593,1776303665000
1776303667.857,67.857,0.42,22.67,0.41,75.16,0.43,39.72,0.44,16.0,0.57,51.0,0.56,16.0,0.58,17.67,0.59,75.16,0.01,0.01,2353.512593,1776303665000
1776303670.946,70.946,0.42,17.67,0.41,25.1,0.43,33.09,0.44,16.0,0.57,33.09,0.56,16.0,0.58,17.67,0.59,75.16,0.01,0.01,2353.182506,1776303669000
1776303671.234,71.234,0.42,16.0,0.41,25.1,0.43,28.09,0.44,16.0,0.57,33.09,0.56,16.0,0.58,17.67,0.59,25.1,0.01,0.01,2353.182506,1776303669000
1776303677.126,77.126,0.42,22.62,0.41,5.0,0.43,33.09,0.44,16.0,0.57,28.09,0.56,16.0,0.58,16.0,0.59,25.1,0.01,0.01,2353.080062,1776303676000
1776303677.647,77.647,0.42,17.62,0.41,5.0,0.43,27.81,0.44,16.0,0.57,33.09,0.56,16.0,0.58,22.62,0.59,5.0,0.01,0.01,2353.080062,1776303676000
1776303680.45,80.45,0.26,104.08,0.25,104.2,0.32,49.0,0.33,22.0,0.57,27.81,0.56,16.0,0.58,17.62,0.59,5.0,0.06,0.01,2353.081384,1776303679000
1776303680.784,80.784,0.26,259.57,0.25,39.2,0.27,25.81,0.28,17.0,0.73,15.8,0.72,10.0,0.74,114.57,0.75,104.2,0.01,0.01,2353.081384,1776303679000
1776303681.035,81.035,0.32,105.33,0.31,10.0,0.33,10.0,0.34,10.0,0.67,10.0,0.66,10.0,0.68,14.0,0.73,10.0,0.01,0.01,2353.087898,1776303680000
1776303681.445,81.445,0.32,207.52,0.31,85.0,0.33,16.84,0.34,10.0,0.67,12.0,0.66,10.0,0.68,347.52,0.69,80.0,0.01,0.01,2353.087898,1776303680000
1776303682.052,82.052,0.29,5.0,0.27,70.0,0.33,28.84,0.34,10.0,0.67,16.84,0.66,10.0,0.68,207.52,0.69,85.0,0.04,0.01,2353.087898,1776303680000
1776303682.362,82.362,0.29,5.0,0.27,75.0,0.3,24.0,0.31,10.0,0.67,28.84,0.66,10.0,0.71,5.0,0.73,70.0,0.01,0.04,2353.087898,1776303680000
1776303682.594,82.594,0.29,5.0,0.27,70.0,0.3,26.84,0.31,10.0,0.7,28.04,0.69,10.0,0.71,5.0,0.73,70.0,0.01,0.01,2352.83262,1776303681000
1776303683.532,83.532,0.29,5.0,0.28,10.0,0.3,24.88,0.31,10.0,0.7,26.84,0.69,10.0,0.71,5.0,0.73,70.0,0.01,0.01,2352.83262,1776303681000
1776303684.042,84.042,0.29,5.0,0.28,42.0,0.3,10.88,0.31,10.0,0.7,24.88,0.69,10.0,0.71,5.0,0.72,10.0,0.01,0.01,2352.67189,1776303682000
1776303688.12,88.12,0.29,5.0,0.28,10.0,0.3,9.21,0.31,10.0,0.7,10.88,0.69,10.0,0.71,5.0,0.72,42.0,0.01,0.01,2352.45178,1776303686000
1776303690.077,90.077,0.28,59.85,0.27,70.0,0.29,6.71,0.3,25.92,0.7,9.21,0.69,10.0,0.71,5.0,0.72,10.0,0.01,0.01,2352.496153,1776303688000
1776303690.776,90.776,0.28,53.14,0.27,70.0,0.29,26.71,0.3,20.92,0.71,6.71,0.7,25.92,0.72,59.85,0.73,70.0,0.01,0.01,2352.444751,1776303689000
1776303691.048,91.048,0.28,48.14,0.27,70.0,0.29,23.26,0.3,20.92,0.71,26.71,0.7,20.92,0.72,53.14,0.73,70.0,0.01,0.01,2352.444751,1776303689000
1776303691.382,91.382,0.28,4.43,0.27,70.0,0.29,23.26,0.3,20.92,0.71,23.26,0.7,20.92,0.72,48.14,0.73,70.0,0.01,0.01,2352.484413,1776303690000
1776303691.853,91.853,0.28,9.43,0.27,70.0,0.29,11.36,0.3,20.92,0.71,23.26,0.7,20.92,0.72,4.43,0.73,70.0,0.01,0.01,2352.484413,1776303690000
1776303692.093,92.093,0.28,2.72,0.27,70.0,0.29,11.36,0.3,20.92,0.71,11.36,0.7,20.92,0.72,9.43,0.73,70.0,0.01,0.01,2352.484413,1776303690000
1776303692.605,92.605,0.28,128.96,0.27,80.0,0.29,5.36,0.3,20.92,0.71,11.36,0.7,20.92,0.72,2.72,0.73,70.0,0.01,0.01,2352.440246,1776303691000
1776303692.931,92.931,0.29,13.29,0.28,173.96,0.3,21.71,0.31,10.0,0.71,5.36,0.7,20.92,0.72,128.96,0.73,80.0,0.01,0.01,2352.440246,1776303691000
1776303693.246,93.246,0.3,5.29,0.29,235.26,0.34,10.0,0.35,10.0,0.7,0.71,0.67,6.0,0.71,72.0,0.72,151.96,0.04,0.01,2352.440246,1776303692000
1776303693.645,93.645,0.36,162.0,0.35,114.52,0.37,10.0,0.38,10.0,0.63,15.0,0.62,10.0,0.64,60.0,0.65,69.52,0.01,0.01,2352.440246,1776303692000
1776303693.912,93.912,0.38,45.0,0.37,5.0,0.39,10.0,0.4,10.0,0.61,9.0,0.6,15.0,0.64,124.63,0.65,124.52,0.01,0.03,2352.440246,1776303692000
1776303694.932,94.932,0.38,65.0,0.37,10.0,0.39,5.0,0.4,15.0,0.61,10.0,0.6,10.0,0.62,45.0,0.63,5.0,0.01,0.01,2352.523575,1776303693000
1776303695.176,95.176,0.38,39.0,0.37,10.0,0.39,5.0,0.4,15.0,0.61,5.0,0.6,15.0,0.62,65.0,0.63,10.0,0.01,0.01,2352.523575,1776303693000
1776303696.585,96.585,0.4,35.0,0.39,30.0,0.41,12.0,0.42,15.0,0.61,5.0,0.6,15.0,0.62,39.0,0.63,10.0,0.01,0.01,2352.78077,1776303695000
1776303698.392,98.392,0.45,11.0,0.44,25.0,0.46,55.0,0.47,10.0,0.59,1.68,0.58,15.0,0.6,54.5,0.61,30.0,0.01,0.01,2352.885595,1776303697000
1776303698.688,98.688,0.45,16.0,0.44,20.0,0.46,50.0,0.47,25.0,0.54,55.0,0.53,10.0,0.55,11.0,0.56,25.0,0.01,0.01,2352.885595,1776303697000
1776303699.338,99.338,0.45,4.91,0.44,20.0,0.46,27.0,0.47,25.0,0.54,50.0,0.53,25.0,0.55,16.0,0.56,20.0,0.01,0.01,2352.96805,1776303698000
1776303701.131,101.131,0.44,0.22,0.43,5.0,0.45,32.0,0.46,25.0,0.54,27.0,0.53,25.0,0.55,4.91,0.56,20.0,0.01,0.01,2353.054214,1776303699000
1776303704.429,104.429,0.43,6.95,0.41,65.0,0.45,32.0,0.46,20.0,0.55,32.0,0.54,25.0,0.56,0.22,0.57,5.0,0.02,0.01,2353.075349,1776303703000
1776303711.868,111.868,0.36,95.0,0.35,89.52,0.38,2.55,0.39,26.0,0.55,32.0,0.54,20.0,0.57,6.95,0.59,65.0,0.02,0.02,2353.00293,1776303710000
1776303720.777,120.777,0.43,37.92,0.42,30.0,0.44,15.0,0.45,24.0,0.62,2.55,0.61,26.0,0.64,95.0,0.65,89.52,0.01,0.02,2353.106241,1776303719000
1776303722.816,122.816,0.43,23.92,0.42,30.0,0.44,17.0,0.45,29.0,0.56,15.0,0.55,24.0,0.57,37.92,0.58,30.0,0.01,0.01,2353.1029,1776303721000
1776303723.129,123.129,0.44,55.0,0.43,173.92,0.45,4.0,0.46,5.0,0.56,17.0,0.55,29.0,0.57,23.92,0.58,30.0,0.01,0.01,2353.108107,1776303722000
1776303723.329,123.329,0.47,10.0,0.46,25.0,0.5,22.4,0.51,38.0,0.53,2.93,0.52,5.0,0.55,20.0,0.56,50.0,0.03,0.02,2353.108107,1776303722000
1776303723.583,123.583,0.48,15.0,0.47,50.0,0.49,5.0,0.5,32.4,0.5,22.4,0.49,38.0,0.53,10.0,0.54,25.0,0.01,0.03,2353.108107,1776303722000
1776303723.943,123.943,0.48,13.07,0.47,50.0,0.49,5.0,0.5,22.4,0.51,5.0,0.5,32.4,0.52,15.0,0.53,50.0,0.01,0.01,2353.122103,1776303723000
1776303724.628,124.628,0.51,185.0,0.5,130.0,0.52,1.85,0.55,64.25,0.49,20.17,0.48,21.0,0.52,13.07,0.53,50.0,0.01,0.03,2353.122103,1776303723000
1776303724.879,124.879,0.56,80.0,0.55,10.0,0.57,24.8,0.58,10.0,0.43,12.0,0.42,5.0,0.46,15.0,0.47,10.0,0.01,0.03,2353.122103,1776303723000
1776303725.114,125.114,0.56,134.0,0.55,80.0,0.57,20.0,0.58,12.0,0.43,24.8,0.42,10.0,0.44,80.0,0.45,10.0,0.01,0.01,2353.10375,1776303724000
1776303725.346,125.346,0.56,189.0,0.55,80.0,0.61,10.0,0.62,12.0,0.43,20.0,0.42,12.0,0.44,134.0,0.45,80.0,0.05,0.01,2353.10375,1776303724000
1776303726.133,126.133,0.61,10.0,0.6,55.0,0.62,2.19,0.63,5.0,0.39,10.0,0.38,12.0,0.44,189.0,0.45,80.0,0.01,0.05,2353.288166,1776303725000
1776303726.748,126.748,0.61,15.0,0.6,20.0,0.63,33.0,0.64,15.0,0.38,2.19,0.37,5.0,0.39,10.0,0.4,55.0,0.02,0.01,2353.288166,1776303725000
1776303730.014,130.014,0.65,15.0,0.64,15.0,0.67,87.05,0.68,19.81,0.37,33.0,0.36,15.0,0.39,15.0,0.4,20.0,0.02,0.02,2353.79305,1776303728000
1776303730.318,130.318,0.66,75.0,0.65,15.0,0.67,109.05,0.68,19.81,0.33,87.05,0.32,19.81,0.35,15.0,0.36,15.0,0.01,0.02,2353.79305,1776303728000
1776303730.953,130.953,0.66,30.0,0.65,20.0,0.67,126.05,0.68,19.81,0.33,109.05,0.32,19.81,0.34,75.0,0.35,15.0,0.01,0.01,2353.846705,1776303729000
1776303732.928,132.928,0.66,9.94,0.65,20.0,0.67,99.05,0.68,19.81,0.33,126.05,0.32,19.81,0.34,30.0,0.35,20.0,0.01,0.01,2354.051601,1776303731000
1776303734.033,134.033,0.66,134.94,0.65,126.0,0.69,14.0,0.72,8.0,0.33,99.05,0.32,19.81,0.34,9.94,0.35,20.0,0.03,0.01,2354.063319,1776303733000
1776303735.508,135.508,0.71,120.47,0.7,31.71,0.72,2.33,0.73,5.0,0.28,2.33,0.27,5.0,0.33,10.0,0.34,134.94,0.01,0.05,2354.06116,1776303734000
1776303737.414,137.414,0.73,60.0,0.72,20.0,0.75,27.35,0.76,5.0,0.28,2.33,0.27,5.0,0.29,120.47,0.3,31.71,0.02,0.01,2354.343505,1776303736000
1776303739.773,139.773,0.74,75.0,0.73,55.0,0.75,9.23,0.76,42.0,0.25,27.35,0.24,5.0,0.27,60.0,0.28,20.0,0.01,0.02,2354.37985,1776303738000
1776303742.659,142.659,0.75,65.0,0.74,55.0,0.76,16.0,0.77,114.0,0.25,9.23,0.24,42.0,0.26,75.0,0.27,55.0,0.01,0.01,2354.37359,1776303740000
1776303743.589,143.589,0.72,10.0,0.71,10.48,0.74,130.0,0.75,22.0,0.24,16.0,0.23,114.0,0.25,65.0,0.26,55.0,0.02,0.01,2354.43567,1776303742000
1776303745.074,145.074,0.69,46.37,0.68,10.0,0.7,7.0,0.71,7.0,0.28,36.56,0.26,120.0,0.29,10.0,0.3,10.0,0.01,0.01,2354.43567,1776303743000
1776303745.948,145.948,0.65,4.02,0.6,5.0,0.66,69.0,0.67,15.0,0.3,7.0,0.29,7.0,0.31,46.37,0.32,10.0,0.01,0.01,2354.348702,1776303744000
1776303746.734,146.734,0.59,15.0,0.58,51.0,0.61,5.0,0.62,5.0,0.37,65.98,0.34,88.0,0.4,5.0,0.41,15.0,0.02,0.03,2354.255573,1776303745000
1776303751.005,151.005,0.62,20.0,0.61,20.0,0.63,45.19,0.64,5.0,0.39,5.0,0.38,5.0,0.41,15.0,0.42,51.0,0.01,0.02,2353.865531,1776303749000
1776303751.964,151.964,0.62,20.0,0.61,32.71,0.63,33.48,0.64,10.0,0.37,45.19,0.36,5.0,0.38,20.0,0.39,20.0,0.01,0.01,2353.885451,1776303751000
1776303752.914,152.914,0.62,20.0,0.61,32.71,0.63,26.77,0.64,10.0,0.37,33.48,0.36,10.0,0.38,20.0,0.39,32.71,0.01,0.01,2353.885451,1776303751000
1776303753.799,153.799,0.62,20.0,0.61,32.71,0.63,20.06,0.65,23.0,0.37,26.77,0.36,10.0,0.38,20.0,0.39,32.71,0.01,0.01,2353.872813,1776303752000
1776303754.669,154.669,0.62,20.0,0.61,32.71,0.63,8.35,0.65,23.0,0.37,20.06,0.35,23.0,0.38,20.0,0.39,32.71,0.01,0.01,2353.850746,1776303753000
1776303755.497,155.497,0.62,25.0,0.61,32.71,0.65,4.64,0.66,71.0,0.37,8.35,0.35,23.0,0.38,20.0,0.39,32.71,0.03,0.01,2353.83142,1776303754000
1776303756.182,156.182,0.64,15.0,0.63,20.0,0.66,66.29,0.67,23.0,0.35,4.64,0.34,71.0,0.38,25.0,0.39,32.71,0.02,0.03,2353.83142,1776303754000
1776303756.849,156.849,0.64,15.0,0.63,20.0,0.66,59.55,0.67,23.0,0.34,66.29,0.33,23.0,0.36,15.0,0.37,20.0,0.02,0.02,2353.819443,1776303755000
1776303758.067,158.067,0.56,37.27,0.55,28.0,0.66,59.55,0.67,23.0,0.34,59.55,0.33,23.0,0.36,15.0,0.37,20.0,0.1,0.02,2353.826903,1776303756000
1776303762.503,162.503,0.61,105.0,0.6,38.0,0.62,6.93,0.63,15.0,0.34,59.55,0.33,23.0,0.44,37.27,0.45,28.0,0.01,0.1,2353.819314,1776303760000
1776303762.799,162.799,0.61,105.0,0.6,33.0,0.63,19.92,0.64,15.0,0.38,6.93,0.37,15.0,0.39,105.0,0.4,38.0,0.02,0.01,2353.798553,1776303761000
1776303765.102,165.102,0.58,13.0,0.57,12.0,0.61,24.0,0.62,23.0,0.37,19.92,0.36,15.0,0.39,105.0,0.4,33.0,0.03,0.02,2353.827374,1776303763000
1776303766.92,166.92,0.53,150.0,0.52,104.0,0.54,4.0,0.55,9.0,0.39,24.0,0.38,23.0,0.42,13.0,0.43,12.0,0.01,0.03,2353.804221,1776303765000
1776303771.123,171.123,0.56,76.0,0.55,28.54,0.57,10.0,0.58,10.0,0.41,12.0,0.4,5.0,0.47,119.0,0.48,104.0,0.01,0.06,2353.694038,1776303769000
1776303773.466,173.466,0.62,105.0,0.61,25.0,0.64,5.0,0.65,15.0,0.43,10.0,0.42,10.0,0.44,76.0,0.45,28.54,0.02,0.01,2353.669555,1776303772000
1776303774.645,174.645,0.63,10.0,0.62,20.0,0.64,7.18,0.65,15.0,0.36,5.0,0.35,15.0,0.38,105.0,0.39,25.0,0.01,0.02,2353.666274,1776303773000
1776303776.735,176.735,0.63,37.0,0.62,20.0,0.65,15.0,0.66,21.0,0.36,7.18,0.35,15.0,0.37,10.0,0.38,20.0,0.02,0.01,2353.741978,1776303775000
1776303778.234,178.234,0.62,10.0,0.61,5.0,0.64,15.0,0.65,15.0,0.35,15.0,0.34,21.0,0.37,37.0,0.38,20.0,0.02,0.02,2353.689105,1776303776000
1776303781.499,181.499,0.62,10.0,0.6,6.0,0.63,20.49,0.64,15.0,0.37,5.0,0.36,15.0,0.38,5.0,0.39,5.0,0.01,0.01,2353.784682,1776303780000
1776303782.195,182.195,0.62,18.36,0.6,6.0,0.63,20.49,0.64,15.0,0.37,39.49,0.36,15.0,0.38,5.0,0.4,6.0,0.01,0.01,2353.784682,1776303780000
1776303783.079,183.079,0.6,16.0,0.59,85.0,0.63,20.0,0.64,15.0,0.37,20.49,0.36,15.0,0.38,18.36,0.4,6.0,0.03,0.01,2353.781643,1776303782000
1776303783.756,183.756,0.62,67.0,0.61,10.0,0.64,20.0,0.65,15.0,0.37,20.0,0.36,15.0,0.4,16.0,0.41,85.0,0.02,0.03,2353.781643,1776303782000
1776303785.791,185.791,0.63,138.0,0.62,118.0,0.72,24.29,0.73,5.0,0.36,11.31,0.35,15.0,0.37,15.0,0.38,91.0,0.09,0.01,2353.78668,1776303784000
1776303786.722,186.722,0.71,44.0,0.7,71.56,0.72,13.87,0.73,5.0,0.3,1.0,0.28,24.29,0.31,10.0,0.32,7.35,0.01,0.01,2353.82195,1776303785000
1776303787.486,187.486,0.71,85.0,0.7,57.0,0.73,3.81,0.77,16.0,0.28,8.87,0.27,5.0,0.29,44.0,0.3,71.56,0.02,0.01,2353.840975,1776303786000
1776303789.188,189.188,0.78,58.0,0.77,15.0,0.79,17.0,0.8,75.0,0.27,3.81,0.23,16.0,0.29,85.0,0.3,57.0,0.01,0.02,2354.068214,1776303787000
1776303789.493,189.493,0.78,63.0,0.77,15.0,0.79,5.0,0.8,75.0,0.21,17.0,0.2,75.0,0.22,58.0,0.23,15.0,0.01,0.01,2354.15924,1776303788000
1776303789.882,189.882,0.78,27.55,0.77,25.0,0.79,5.0,0.8,52.0,0.21,5.0,0.2,75.0,0.22,56.5,0.23,15.0,0.01,0.01,2354.15924,1776303788000
1776303794.456,194.456,0.78,12.0,0.77,21.0,0.79,20.0,0.8,10.0,0.21,5.0,0.2,52.0,0.22,27.55,0.23,25.0,0.01,0.01,2354.331965,1776303793000
1776303799.258,199.258,0.85,72.0,0.84,15.0,0.87,7.2,0.88,25.0,0.21,25.0,0.2,10.0,0.22,5.0,0.23,21.0,0.02,0.01,2354.300618,1776303798000
1776303799.628,199.628,0.88,9.5,0.87,30.0,0.9,74.0,0.91,193.0,0.12,18.86,0.11,16.0,0.13,25.0,0.14,45.0,0.02,0.01,2354.300618,1776303798000
1776303800.286,200.286,0.9,17.9,0.89,15.0,0.91,161.14,0.92,18.0,0.09,136.14,0.08,72.9,0.1,35.0,0.11,25.0,0.01,0.01,2354.29191,1776303799000
1776303800.686,200.686,0.9,17.9,0.89,15.0,0.91,159.07,0.92,18.0,0.09,161.14,0.08,18.0,0.1,17.9,0.11,15.0,0.01,0.01,2354.29191,1776303799000
1776303801.496,201.496,0.9,7.9,0.89,15.0,0.91,147.1,0.92,18.0,0.09,159.07,0.08,18.0,0.1,17.9,0.11,15.0,0.01,0.01,2354.350301,1776303800000
1776303802.311,202.311,0.9,46.9,0.89,15.0,0.91,217.1,0.93,46.0,0.09,147.1,0.08,18.0,0.1,7.9,0.11,15.0,0.01,0.01,2354.809827,1776303801000
1776303803.467,203.467,0.9,89.9,0.89,15.0,0.91,12.18,0.94,10.0,0.09,217.1,0.07,46.0,0.1,46.9,0.11,15.0,0.01,0.01,2354.965194,1776303802000
1776303804.273,204.273,0.92,10.0,0.91,27.0,0.93,6.87,0.94,10.0,0.07,7.95,0.06,10.0,0.08,18.0,0.09,10.0,0.01,0.01,2354.987069,1776303803000
1776303810.402,210.402,0.92,100.84,0.91,77.0,0.93,17.79,0.94,10.0,0.07,6.87,0.06,10.0,0.08,0.94,0.09,37.0,0.01,0.01,2355.352346,1776303808000
1776303811.343,211.343,0.92,100.84,0.91,77.0,0.93,17.79,0.94,10.0,0.07,17.79,0.06,10.0,0.08,100.84,0.09,77.0,0.01,0.01,2355.29744,1776303810000
1776303812.231,212.231,0.92,100.84,0.91,77.0,0.93,6.0,0.94,10.0,0.07,17.79,0.06,10.0,0.08,100.84,0.09,77.0,0.01,0.01,2355.29744,1776303810000
1776303812.721,212.721,0.94,5.0,0.92,100.84,0.95,25.0,0.96,182.8,0.07,6.0,0.06,10.0,0.08,100.84,0.09,77.0,0.01,0.01,2355.346265,1776303811000
1776303813.91,213.91,0.94,5.0,0.93,32.0,0.95,19.78,0.96,182.8,0.05,25.0,0.04,182.8,0.06,5.0,0.08,100.84,0.01,0.01,2355.350235,1776303812000
1776303816.202,216.202,0.94,29.0,0.93,97.3,0.95,3.44,0.96,35.0,0.05,19.78,0.04,182.8,0.06,5.0,0.07,32.0,0.01,0.01,2355.35936,1776303814000
1776303816.841,216.841,0.95,66.0,0.94,65.14,0.96,15.0,0.97,416.0,0.04,35.0,0.03,116.0,0.06,29.0,0.07,97.3,0.01,0.02,2355.359325,1776303815000
1776303818.959,218.959,0.95,240.8,0.94,227.94,0.96,3.54,0.97,416.0,0.04,15.0,0.03,416.0,0.05,66.0,0.06,65.14,0.01,0.01,2355.4278,1776303817000
1776303819.45,219.45,0.95,235.8,0.94,227.94,0.96,2.49,0.97,416.0,0.04,3.54,0.03,416.0,0.05,240.8,0.06,227.94,0.01,0.01,2355.488267,1776303818000
1776303819.668,219.668,0.95,266.8,0.94,227.94,0.96,4.32,0.97,416.0,0.04,2.49,0.03,416.0,0.05,235.8,0.06,227.94,0.01,0.01,2355.488267,1776303818000
1776303821.307,221.307,0.95,271.8,0.94,271.94,0.96,8.32,0.97,116.0,0.04,4.32,0.03,416.0,0.05,266.8,0.06,227.94,0.01,0.01,2355.464872,1776303819000
1776303821.662,221.662,0.95,278.8,0.94,271.94,0.96,3.32,0.97,116.0,0.04,8.32,0.03,116.0,0.05,271.8,0.06,271.94,0.01,0.01,2355.48634,1776303820000
1776303823.758,223.758,0.95,229.8,0.94,271.94,0.96,3.32,0.97,116.0,0.04,3.32,0.03,116.0,0.05,278.8,0.06,271.94,0.01,0.01,2355.551717,1776303822000
1776303824.29,224.29,0.95,98.8,0.94,146.94,0.96,3.32,0.97,116.0,0.04,3.32,0.03,116.0,0.05,229.8,0.06,271.94,0.01,0.01,2355.551717,1776303822000
1776303824.84,224.84,0.94,97.94,0.93,65.3,0.96,3.32,0.97,239.7,0.04,3.32,0.03,116.0,0.05,98.8,0.06,146.94,0.02,0.01,2355.551717,1776303822000
1776303828.427,228.427,0.94,112.94,0.93,88.29,0.95,28.94,0.96,3.32,0.04,3.32,0.03,239.7,0.06,97.94,0.07,65.3,0.01,0.02,2355.359112,1776303827000
1776303828.906,228.906,0.91,106.28,0.9,139.9,0.95,28.94,0.96,3.32,0.05,28.94,0.04,3.32,0.06,112.94,0.07,88.29,0.04,0.01,2355.359112,1776303827000
1776303838.052,238.052,0.93,87.23,0.92,91.15,0.94,32.0,0.95,8.94,0.05,28.94,0.04,3.32,0.09,106.28,0.1,139.9,0.01,0.04,2355.365337,1776303836000
1776303839.433,239.433,0.93,267.44,0.92,50.0,0.94,30.4,0.95,8.94,0.06,32.0,0.05,8.94,0.07,87.23,0.08,91.15,0.01,0.01,2355.318852,1776303838000
1776303840.025,240.025,0.93,11.23,0.92,20.0,0.94,140.4,0.95,13.94,0.06,30.4,0.05,8.94,0.07,267.44,0.08,50.0,0.01,0.01,2355.318852,1776303838000
1776303840.227,240.227,0.9,5.8,0.89,150.0,0.93,107.77,0.94,135.4,0.07,7.77,0.06,135.4,0.1,5.9,0.11,150.0,0.03,0.03,2355.318852,1776303838000
1776303840.659,240.659,0.91,13.0,0.9,40.0,0.92,24.95,0.93,117.77,0.09,2.2,0.08,27.0,0.11,150.0,0.12,80.0,0.01,0.02,2355.286583,1776303839000
1776303841.292,241.292,0.92,30.0,0.91,75.0,0.93,10.0,0.94,8.4,0.08,24.95,0.07,117.77,0.09,13.0,0.1,40.0,0.01,0.01,2355.286446,1776303840000
1776303841.99,241.99,0.93,39.0,0.92,174.34,0.95,8.94,0.96,3.32,0.07,10.0,0.06,8.4,0.08,30.0,0.09,75.0,0.02,0.01,2355.286446,1776303840000
1776303842.387,242.387,0.96,17.0,0.95,70.0,0.97,0.18,0.98,265.0,0.03,10.18,0.02,270.0,0.07,44.0,0.08,244.34,0.01,0.04,2355.099714,1776303841000
1776303843.099,243.099,0.97,10.0,0.96,34.0,0.98,259.09,0.99,7589.35,0.02,264.15,0.01,7494.35,0.04,32.35,0.05,70.0,0.01,0.02,2355.07378,1776303842000
1776303843.45,243.45,0.97,10.0,0.96,29.0,0.98,263.06,0.99,7589.35,0.02,259.09,0.01,7589.35,0.03,10.0,0.04,34.0,0.01,0.01,2355.07378,1776303842000
1776303843.703,243.703,0.97,10.0,0.96,29.0,0.98,253.24,0.99,7589.35,0.02,263.06,0.01,7589.35,0.03,10.0,0.04,29.0,0.01,0.01,2355.07378,1776303842000
1776303843.98,243.98,0.97,15.0,0.96,29.0,0.98,240.99,0.99,7594.35,0.02,251.19,0.01,7594.35,0.03,15.0,0.04,29.0,0.01,0.01,2355.07378,1776303842000
1776303844.259,244.259,0.97,24.77,0.96,39.0,0.98,129.44,0.99,7494.35,0.02,240.99,0.01,7594.35,0.03,15.0,0.04,29.0,0.01,0.01,2355.625395,1776303843000
1776303845.133,245.133,0.97,61.77,0.96,5.0,0.98,124.34,0.99,2489.35,0.02,129.44,0.01,7494.35,0.03,24.77,0.04,39.0,0.01,0.01,2355.625395,1776303843000
1776303845.607,245.607,0.97,29.66,0.96,31.0,0.98,46.31,0.99,2494.35,0.02,54.39,0.01,2489.35,0.03,51.66,0.04,5.0,0.01,0.01,2355.6474,1776303844000
1776303845.841,245.841,0.97,29.66,0.96,17.0,0.98,38.89,0.99,2494.35,0.02,44.0,0.01,2494.35,0.03,29.66,0.04,17.0,0.01,0.01,2355.6474,1776303844000
1776303847.429,247.429,0.97,34.66,0.96,17.0,0.98,21.62,0.99,2724.75,0.02,26.62,0.01,2494.35,0.03,29.66,0.04,17.0,0.01,0.01,2355.878376,1776303846000
1776303848.847,248.847,0.97,33.6,0.96,17.0,0.98,21.62,0.99,3388.35,0.02,21.62,0.01,2724.75,0.03,34.66,0.04,17.0,0.01,0.01,2355.723368,1776303847000
1776303849.735,249.735,0.97,61.6,0.96,48.0,0.98,10.39,0.99,2619.75,0.02,21.62,0.01,3388.35,0.03,33.6,0.04,17.0,0.01,0.01,2355.690137,1776303848000
1776303850.511,250.511,0.97,76.53,0.96,48.0,0.99,2110.14,,,0.01,2110.14,,,0.03,66.6,0.04,48.0,0.02,0.02,2355.688993,1776303849000
1776303851.617,251.617,0.97,140.84,0.96,63.0,0.99,2110.14,,,0.02,5.0,0.01,2115.14,0.03,101.84,0.04,48.0,0.02,0.01,2355.732508,1776303850000
1776303851.982,251.982,0.98,107.16,0.97,83.84,0.99,2110.14,,,0.01,2110.14,,,0.03,140.84,0.04,63.0,0.01,0.02,2355.922429,1776303851000
1776303852.408,252.408,0.98,117.66,0.97,83.84,0.99,1965.02,,,0.01,2100.02,,,0.02,107.16,0.03,83.84,0.01,0.01,2355.922429,1776303851000
1776303853.001,253.001,0.98,106.95,0.97,56.84,0.99,1960.02,,,0.01,1965.02,,,0.02,117.66,0.03,83.84,0.01,0.01,2356.10289,1776303852000
1776303853.49,253.49,0.98,121.72,0.97,42.07,0.99,1946.02,,,0.01,1960.02,,,0.02,106.95,0.03,56.84,0.01,0.01,2356.10289,1776303852000
1776303854.032,254.032,0.98,101.98,0.97,24.07,0.99,2519.62,,,0.01,1946.02,,,0.02,121.72,0.03,42.07,0.01,0.01,2356.11524,1776303853000
1776303854.286,254.286,0.98,32.98,0.97,24.07,0.99,2418.61,,,0.01,2514.62,,,0.02,32.98,0.03,24.07,0.01,0.01,2356.11524,1776303853000
1776303854.888,254.888,0.98,32.98,0.97,24.07,0.99,2398.61,,,0.01,2418.61,,,0.02,32.98,0.03,24.07,0.01,0.01,2356.003554,1776303854000
1776303855.575,255.575,0.98,40.03,0.97,24.07,0.99,2297.59,,,0.01,2398.61,,,0.02,32.98,0.03,24.07,0.01,0.01,2356.003554,1776303854000
1776303856.383,256.383,0.98,20.03,0.97,24.07,0.99,2286.47,,,0.01,2286.47,,,0.02,40.03,0.03,24.07,0.01,0.01,2355.678297,1776303855000
1776303856.999,256.999,0.97,13.92,0.95,174.0,0.99,2381.63,,,0.01,2376.63,,,0.02,9.85,0.03,24.07,0.02,0.01,2355.508087,1776303856000
1776303857.938,257.938,0.96,10.0,0.95,90.92,0.97,106.93,0.98,358.79,0.02,358.79,0.01,2142.63,0.05,69.92,0.06,34.0,0.01,0.03,2355.508087,1776303856000
1776303858.46,258.46,0.96,10.0,0.95,163.24,0.99,1718.75,,,0.03,85.93,0.02,358.79,0.04,10.0,0.05,90.92,0.03,0.01,2355.579396,1776303857000
1776303859.162,259.162,0.95,94.92,0.94,15.0,0.96,15.0,0.98,193.7,0.01,1718.75,,,0.04,10.0,0.05,163.24,0.01,0.03,2355.423856,1776303858000
1776303859.74,259.74,0.95,69.92,0.94,171.93,0.96,13.29,0.98,10.0,0.04,15.0,0.02,193.7,0.05,74.92,0.06,15.0,0.01,0.01,2355.423856,1776303858000
1776303860.982,260.982,0.95,79.92,0.94,105.8,0.98,10.0,0.99,1883.75,0.04,1.83,0.02,10.0,0.05,69.92,0.06,171.93,0.03,0.01,2355.202816,1776303860000
1776303862.663,262.663,0.97,36.0,0.96,10.0,0.99,1882.53,,,0.02,10.0,0.01,1883.75,0.05,79.92,0.06,105.8,0.02,0.03,2355.156881,1776303861000
1776303863.917,263.917,0.97,31.0,0.96,10.0,0.99,1977.53,,,0.01,1882.53,,,0.03,36.0,0.04,10.0,0.02,0.02,2355.2708,1776303863000
1776303864.584,264.584,0.97,36.0,0.96,10.0,0.99,1871.41,,,0.01,1977.53,,,0.03,31.0,0.04,10.0,0.02,0.02,2355.2708,1776303863000
1776303864.934,264.934,0.97,71.0,0.96,132.7,0.99,1492.81,,,0.01,1871.41,,,0.03,36.0,0.04,10.0,0.02,0.02,2355.34857,1776303864000
1776303865.223,265.223,0.97,66.0,0.96,137.7,0.99,1486.81,,,0.01,1483.81,,,0.03,71.0,0.04,132.7,0.02,0.02,2355.34857,1776303864000
1776303865.776,265.776,0.97,146.36,0.96,137.7,0.99,1481.81,,,0.01,1486.81,,,0.03,66.0,0.04,137.7,0.02,0.02,2355.34857,1776303864000
1776303868.379,268.379,0.98,21.0,0.97,184.36,0.99,1485.79,,,0.01,1481.81,,,0.03,146.36,0.04,137.7,0.01,0.02,2355.603585,1776303867000
1776303869.134,269.134,0.98,21.0,0.97,179.36,0.99,1480.74,,,0.01,1485.79,,,0.02,21.0,0.03,184.36,0.01,0.01,2355.603585,1776303867000
1776303870.335,270.335,0.98,229.7,0.97,198.36,0.99,1445.74,,,0.01,1480.74,,,0.02,21.0,0.03,179.36,0.01,0.01,2355.598324,1776303869000
1776303871.118,271.118,0.98,224.7,0.97,198.36,0.99,1405.74,,,0.01,1445.74,,,0.02,229.7,0.03,198.36,0.01,0.01,2355.598324,1776303869000
1776303872.637,272.637,0.98,229.7,0.97,227.36,0.99,1403.72,,,0.01,1409.72,,,0.02,229.7,0.03,198.36,0.01,0.01,2355.636838,1776303871000
1776303874.258,274.258,0.98,229.7,0.97,246.36,0.99,1392.6,,,0.01,1403.72,,,0.02,229.7,0.03,227.36,0.01,0.01,2355.647584,1776303873000
1776303875.667,275.667,0.98,68.0,0.97,115.0,0.99,1357.58,,,0.01,1391.58,,,0.02,229.7,0.03,246.36,0.01,0.01,2355.651476,1776303874000
1776303876.056,276.056,0.98,68.0,0.97,106.0,0.99,1351.58,,,0.01,1356.58,,,0.02,58.0,0.03,105.0,0.01,0.01,2355.651476,1776303874000
1776303876.843,276.843,0.98,71.0,0.97,106.0,0.99,1338.58,,,0.01,1351.58,,,0.02,68.0,0.03,106.0,0.01,0.01,2355.647205,1776303875000
1776303878.689,278.689,0.98,71.0,0.97,106.0,0.99,1111.34,,,0.01,1221.45,,,0.02,71.0,0.03,106.0,0.01,0.01,2355.784605,1776303877000
1776303879.542,279.542,0.98,63.39,0.97,106.0,0.99,1111.34,,,0.01,1111.34,,,0.02,71.0,0.03,106.0,0.01,0.01,2355.784605,1776303878000
1776303880.171,280.171,0.98,63.39,0.97,106.0,0.99,1060.34,,,0.01,1111.34,,,0.02,63.39,0.03,106.0,0.01,0.01,2355.725351,1776303879000
1776303880.389,280.389,0.98,63.39,0.97,106.0,0.99,1053.31,,,0.01,1060.34,,,0.02,63.39,0.03,106.0,0.01,0.01,2355.725351,1776303879000
1776303880.654,280.654,0.98,63.39,0.97,87.0,0.99,1028.95,,,0.01,1045.16,,,0.02,63.39,0.03,106.0,0.01,0.01,2355.725351,1776303879000
1776303880.965,280.965,0.98,48.39,0.97,87.0,0.99,1028.95,,,0.01,1028.95,,,0.02,63.39,0.03,87.0,0.01,0.01,2355.725351,1776303879000
1776303881.194,281.194,0.98,13.39,0.97,88.0,0.99,928.31,,,0.01,988.31,,,0.02,13.39,0.03,88.0,0.01,0.01,2355.725351,1776303879000
1776303882.058,282.058,0.98,13.39,0.97,88.0,0.99,915.31,,,0.01,926.31,,,0.02,13.39,0.03,88.0,0.01,0.01,2355.721975,1776303880000
1776303882.485,282.485,0.98,13.39,0.97,107.0,0.99,833.49,,,0.01,834.51,,,0.02,13.39,0.03,107.0,0.01,0.01,2355.735355,1776303881000
1776303884.624,284.624,0.98,19.39,0.97,107.0,0.99,735.2,,,0.01,810.2,,,0.02,13.39,0.03,107.0,0.01,0.01,2355.42456,1776303883000
1776303885.361,285.361,0.98,13.39,0.97,107.0,0.99,730.2,,,0.01,735.2,,,0.02,19.39,0.03,107.0,0.01,0.01,2355.42456,1776303883000
1776303885.707,285.707,0.98,34.39,0.97,107.0,0.99,718.68,,,0.01,723.68,,,0.02,19.39,0.03,107.0,0.01,0.01,2355.298911,1776303884000
1776303885.949,285.949,0.98,34.39,0.97,107.0,0.99,707.56,,,0.01,718.68,,,0.02,34.39,0.03,107.0,0.01,0.01,2355.298911,1776303884000
1776303886.281,286.281,0.98,34.39,0.97,106.0,0.99,697.56,,,0.01,707.56,,,0.02,34.39,0.03,107.0,0.01,0.01,2355.298911,1776303884000
1776303888.412,288.412,0.98,63.39,0.97,87.0,0.99,688.53,,,0.01,697.56,,,0.02,34.39,0.03,106.0,0.01,0.01,2355.283236,1776303885000
1776303888.785,288.785,0.98,80.39,0.97,87.0,0.99,657.51,,,0.01,658.53,,,0.02,80.39,0.03,87.0,0.01,0.01,2355.283236,1776303885000
1776303889.184,289.184,0.98,80.39,0.97,87.0,0.99,646.49,,,0.01,656.49,,,0.02,80.39,0.03,87.0,0.01,0.01,2355.283236,1776303885000
1776303890.243,290.243,0.99,2779.32,0.98,113.39,,,,,,,,,0.01,361.52,0.02,113.39,,,2355.283236,1776303885000
1776303890.887,290.887,0.99,2831.38,0.98,108.39,,,,,,,,,0.01,2779.32,0.02,113.39,,,2355.283236,1776303885000
1776303900.624,300.624,0.99,55512.94,0.98,126.39,,,,,,,,,0.01,2831.38,0.02,108.39,,,2355.367398,1776303899000
1776303900.856,300.856,0.99,55512.32,0.98,126.39,,,,,,,,,0.01,55492.94,0.02,126.39,,,2355.367398,1776303899000

# RESULT,winner=Up,slug=eth-updown-5m-1776303600,ticks=255
