timestamp,elapsed_sec,up_bid_p1,up_bid_s1,up_bid_p2,up_bid_s2,up_ask_p1,up_ask_s1,up_ask_p2,up_ask_s2,down_bid_p1,down_bid_s1,down_bid_p2,down_bid_s2,down_ask_p1,down_ask_s1,down_ask_p2,down_ask_s2,up_spread,down_spread,eth_price,eth_oracle_ts
1776318600.514,0.514,0.48,20.0,0.4,44.0,0.52,15.44,0.55,8.88,0.49,4.34,0.48,20.0,0.52,20.0,0.6,44.0,0.04,0.03,2357.461285,1776318599000
1776318600.755,0.755,0.48,15.0,0.42,70.0,0.5,61.49,0.51,70.0,0.5,70.0,0.49,70.0,0.52,15.0,0.58,70.0,0.02,0.02,2357.461285,1776318599000
1776318600.979,0.979,0.48,15.0,0.42,70.0,0.5,61.49,0.51,70.0,0.5,61.49,0.49,70.0,0.52,15.0,0.58,70.0,0.02,0.02,2357.533638,1776318600000
1776318602.253,2.253,0.48,15.0,0.42,70.0,0.5,61.49,0.51,70.0,0.5,61.49,0.49,70.0,0.52,15.0,0.58,70.0,0.02,0.02,2357.489968,1776318601000
1776318603.315,3.315,0.48,15.0,0.42,70.0,0.5,61.49,0.51,70.0,0.5,61.49,0.49,70.0,0.52,15.0,0.58,70.0,0.02,0.02,2357.482413,1776318602000
1776318603.519,3.519,0.48,20.0,0.47,80.0,0.51,28.0,0.52,30.44,0.5,5.0,0.49,28.0,0.52,20.0,0.53,85.0,0.03,0.02,2357.482413,1776318602000
1776318603.948,3.948,0.48,20.0,0.47,80.0,0.51,28.0,0.52,30.44,0.5,10.0,0.49,28.0,0.52,20.0,0.53,80.0,0.03,0.02,2357.46329,1776318603000
1776318604.256,4.256,0.49,70.0,0.48,35.0,0.5,9.82,0.51,28.0,0.5,10.0,0.49,28.0,0.52,20.0,0.53,80.0,0.01,0.02,2357.46329,1776318603000
1776318604.98,4.98,0.49,70.0,0.48,35.0,0.5,1.76,0.51,28.0,0.5,1.76,0.49,28.0,0.51,70.0,0.52,35.0,0.01,0.01,2357.383108,1776318604000
1776318606.014,6.014,0.51,5.0,0.5,10.0,0.52,20.44,0.53,10.0,0.5,1.76,0.49,28.0,0.51,70.0,0.52,35.0,0.01,0.01,2357.383108,1776318604000
1776318606.611,6.611,0.51,10.0,0.5,10.0,0.52,15.44,0.53,10.0,0.48,15.44,0.47,10.0,0.49,10.0,0.5,10.0,0.01,0.01,2357.376491,1776318605000
1776318607.123,7.123,0.51,10.0,0.5,10.0,0.52,15.44,0.53,10.0,0.48,15.44,0.47,10.0,0.49,10.0,0.5,10.0,0.01,0.01,2357.377536,1776318606000
1776318607.766,7.766,0.39,70.0,0.38,70.0,0.49,15.0,0.5,10.0,0.48,15.44,0.47,10.0,0.49,10.0,0.5,10.0,0.1,0.01,2357.377536,1776318606000
1776318608.24,8.24,0.39,52.52,0.38,75.0,0.4,10.0,0.41,15.0,0.6,10.0,0.59,15.0,0.61,52.52,0.62,75.0,0.01,0.01,2357.438303,1776318607000
1776318608.995,8.995,0.41,5.0,0.4,80.0,0.42,10.0,0.43,20.0,0.6,10.0,0.59,15.0,0.61,52.52,0.62,75.0,0.01,0.01,2357.438303,1776318607000
1776318609.381,9.381,0.41,5.0,0.4,80.0,0.42,10.0,0.43,20.0,0.58,10.0,0.57,20.0,0.59,5.0,0.6,80.0,0.01,0.01,2357.386417,1776318608000
1776318609.83,9.83,0.4,94.0,0.39,152.0,0.41,15.0,0.42,25.0,0.58,10.0,0.57,20.0,0.59,5.0,0.6,80.0,0.01,0.01,2357.386417,1776318608000
1776318610.1,10.1,0.4,157.0,0.39,94.0,0.41,10.12,0.42,10.0,0.59,15.0,0.58,25.0,0.6,94.0,0.61,152.0,0.01,0.01,2357.095156,1776318609000
1776318610.322,10.322,0.4,157.0,0.39,24.0,0.41,5.12,0.43,18.0,0.59,10.12,0.58,10.0,0.6,157.0,0.61,94.0,0.01,0.01,2357.095156,1776318609000
1776318610.578,10.578,0.42,61.27,0.41,130.0,0.43,6.06,0.44,13.0,0.57,12.84,0.56,13.0,0.58,3.27,0.59,60.0,0.01,0.01,2357.095156,1776318609000
1776318611.119,11.119,0.5,15.0,0.49,15.0,0.51,60.19,0.52,15.44,0.49,70.0,0.48,15.44,0.53,6.95,0.55,199.94,0.01,0.04,2356.980901,1776318610000
1776318611.341,11.341,0.5,5.56,0.49,15.0,0.51,60.19,0.52,5.44,0.49,60.19,0.48,20.44,0.5,10.0,0.51,15.0,0.01,0.01,2356.980901,1776318610000
1776318611.582,11.582,0.49,4.11,0.48,5.0,0.5,8.0,0.51,70.19,0.5,8.0,0.49,70.19,0.51,40.0,0.52,5.0,0.01,0.01,2356.980901,1776318610000
1776318612.914,12.914,0.45,0.94,0.44,5.0,0.46,20.0,0.47,33.0,0.5,8.0,0.49,70.19,0.51,4.11,0.52,5.0,0.01,0.01,2357.051683,1776318611000
1776318613.333,13.333,0.45,78.94,0.44,28.0,0.49,5.0,0.5,15.0,0.54,20.0,0.53,33.0,0.55,0.94,0.56,5.0,0.04,0.01,2357.051683,1776318611000
1776318613.885,13.885,0.49,8.5,0.48,223.0,0.5,20.0,0.51,10.0,0.5,10.0,0.48,15.44,0.51,15.0,0.52,90.0,0.01,0.01,2357.383075,1776318612000
1776318615.975,15.975,0.51,20.0,0.5,161.0,0.53,5.9,0.54,16.0,0.5,20.0,0.49,10.0,0.51,8.5,0.52,223.0,0.02,0.01,2357.366627,1776318614000
1776318616.454,16.454,0.51,5.0,0.5,226.0,0.52,5.0,0.53,10.0,0.47,5.9,0.46,16.0,0.49,20.0,0.5,161.0,0.01,0.02,2357.380169,1776318615000
1776318618.03,18.03,0.51,10.9,0.5,223.0,0.55,55.06,0.56,94.0,0.48,5.0,0.47,10.0,0.49,0.9,0.5,220.0,0.04,0.01,2357.441638,1776318616000
1776318618.239,18.239,0.51,10.9,0.5,223.0,0.53,15.0,0.54,79.29,0.45,55.06,0.44,94.0,0.49,10.9,0.5,223.0,0.02,0.04,2357.441638,1776318616000
1776318618.618,18.618,0.45,75.94,0.44,225.0,0.46,15.8,0.47,30.82,0.47,15.0,0.46,79.29,0.49,10.9,0.5,223.0,0.01,0.02,2357.511175,1776318617000
1776318619.017,19.017,0.45,80.94,0.44,230.0,0.46,5.69,0.47,93.82,0.54,15.8,0.53,30.82,0.55,75.94,0.56,225.0,0.01,0.01,2357.506565,1776318618000
1776318619.953,19.953,0.45,70.94,0.44,230.0,0.46,16.51,0.47,83.82,0.54,5.69,0.53,93.82,0.55,80.94,0.56,230.0,0.01,0.01,2357.506565,1776318618000
1776318620.818,20.818,0.45,65.48,0.44,230.0,0.46,26.51,0.47,90.82,0.54,16.51,0.53,83.82,0.55,70.94,0.56,230.0,0.01,0.01,2357.517742,1776318619000
1776318621.57,21.57,0.38,58.52,0.37,92.0,0.39,15.0,0.4,15.0,0.54,26.51,0.53,90.82,0.55,65.48,0.56,230.0,0.01,0.01,2357.517742,1776318619000
1776318622.627,22.627,0.38,86.52,0.37,85.0,0.39,20.0,0.4,78.0,0.61,5.0,0.6,78.0,0.62,73.52,0.63,87.0,0.01,0.01,2357.331888,1776318621000
1776318623.301,23.301,0.38,10.0,0.37,8.0,0.39,18.07,0.4,78.0,0.61,20.0,0.6,78.0,0.62,81.52,0.63,85.0,0.01,0.01,2357.331888,1776318621000
1776318623.742,23.742,0.34,83.0,0.33,75.0,0.35,2.5,0.36,10.0,0.61,10.75,0.6,20.0,0.66,70.0,0.67,70.0,0.01,0.05,2357.222585,1776318622000
1776318624.516,24.516,0.34,27.18,0.33,123.25,0.35,7.5,0.36,10.0,0.65,2.5,0.64,10.0,0.66,37.0,0.67,75.0,0.01,0.01,2357.137092,1776318623000
1776318624.884,24.884,0.34,36.54,0.33,123.25,0.35,7.5,0.36,10.0,0.65,7.5,0.64,10.0,0.66,27.18,0.67,123.25,0.01,0.01,2357.137092,1776318623000
1776318625.548,25.548,0.34,30.66,0.33,123.25,0.36,8.95,0.37,10.0,0.65,7.5,0.64,10.0,0.66,36.54,0.67,123.25,0.02,0.01,2356.940057,1776318624000
1776318626.17,26.17,0.34,30.66,0.33,128.25,0.35,8.22,0.36,8.95,0.64,8.95,0.63,10.0,0.66,30.66,0.67,123.25,0.01,0.02,2356.940057,1776318624000
1776318626.649,26.649,0.34,30.66,0.33,141.25,0.35,3.22,0.36,13.95,0.65,8.22,0.64,8.95,0.66,30.66,0.67,128.25,0.01,0.01,2356.900744,1776318625000
1776318628.89,28.89,0.32,0.76,0.31,50.0,0.33,27.0,0.34,10.0,0.65,3.22,0.64,13.95,0.66,30.66,0.67,141.25,0.01,0.01,2356.907187,1776318627000
1776318629.101,29.101,0.31,40.76,0.28,15.0,0.33,27.0,0.34,15.0,0.67,27.0,0.66,10.0,0.68,0.76,0.69,50.0,0.02,0.01,2356.870473,1776318628000
1776318629.377,29.377,0.31,44.76,0.28,15.0,0.32,26.0,0.33,21.0,0.67,27.0,0.66,15.0,0.69,40.76,0.72,15.0,0.01,0.02,2356.870473,1776318628000
1776318629.677,29.677,0.31,43.16,0.28,15.0,0.32,12.37,0.33,21.0,0.68,28.0,0.67,21.0,0.69,43.16,0.72,15.0,0.01,0.01,2356.870473,1776318628000
1776318630.168,30.168,0.31,101.16,0.3,10.0,0.33,18.63,0.34,16.0,0.68,12.37,0.67,21.0,0.69,43.16,0.72,15.0,0.02,0.01,2356.930913,1776318629000
1776318631.807,31.807,0.29,18.73,0.28,156.0,0.3,20.0,0.31,20.0,0.67,18.63,0.66,16.0,0.69,101.16,0.7,10.0,0.01,0.02,2356.757246,1776318630000
1776318632.934,32.934,0.29,118.13,0.28,178.0,0.31,5.0,0.33,8.63,0.7,20.0,0.69,20.0,0.71,18.73,0.72,156.0,0.02,0.01,2356.722247,1776318631000
1776318633.681,33.681,0.31,84.0,0.3,95.0,0.33,15.0,0.34,23.0,0.67,3.63,0.66,29.0,0.7,25.0,0.71,113.13,0.02,0.03,2356.667385,1776318632000
1776318634.832,34.832,0.32,27.76,0.31,138.0,0.34,15.0,0.35,27.22,0.67,15.0,0.66,23.0,0.69,84.0,0.7,95.0,0.02,0.02,2356.784716,1776318633000
1776318635.258,35.258,0.34,31.0,0.33,83.0,0.35,5.0,0.37,10.0,0.66,15.0,0.65,27.22,0.68,27.76,0.69,138.0,0.01,0.02,2356.66905,1776318634000
1776318635.531,35.531,0.34,31.0,0.33,78.0,0.37,10.0,0.38,29.0,0.65,5.0,0.63,10.0,0.66,31.0,0.67,83.0,0.03,0.01,2356.66905,1776318634000
1776318636.002,36.002,0.36,22.87,0.35,73.0,0.37,5.0,0.38,11.0,0.63,10.0,0.62,29.0,0.66,31.0,0.67,78.0,0.01,0.03,2356.67502,1776318635000
1776318638.099,38.099,0.34,10.32,0.33,5.0,0.37,90.0,0.38,16.0,0.63,5.0,0.62,11.0,0.64,22.87,0.65,73.0,0.03,0.01,2356.798338,1776318637000
1776318640.597,40.597,0.33,5.32,0.31,215.0,0.35,14.28,0.36,10.0,0.65,4.28,0.64,10.0,0.66,10.32,0.67,5.0,0.02,0.01,2356.784726,1776318638000
1776318643.067,43.067,0.33,0.32,0.32,5.0,0.34,15.0,0.35,72.28,0.65,14.28,0.64,10.0,0.67,5.32,0.69,215.0,0.01,0.02,2356.71585,1776318641000
1776318644.19,44.19,0.31,169.98,0.3,168.0,0.33,15.0,0.34,78.0,0.66,15.0,0.65,72.28,0.67,0.32,0.68,5.0,0.02,0.01,2356.71085,1776318642000
1776318645.018,45.018,0.26,62.89,0.25,75.0,0.32,20.0,0.33,21.0,0.67,15.0,0.66,78.0,0.69,169.98,0.7,168.0,0.06,0.02,2356.788832,1776318643000
1776318645.929,45.929,0.27,18.0,0.26,211.3,0.29,10.0,0.3,21.0,0.7,6.0,0.68,25.0,0.74,276.3,0.75,93.0,0.02,0.04,2356.785562,1776318644000
1776318650.996,50.996,0.27,18.08,0.26,211.3,0.28,20.0,0.29,73.0,0.71,10.0,0.7,21.0,0.73,18.0,0.74,211.3,0.01,0.02,2356.618317,1776318649000
1776318652.249,52.249,0.27,13.08,0.26,211.3,0.29,53.17,0.3,21.0,0.72,20.0,0.71,73.0,0.73,18.08,0.74,211.3,0.02,0.01,2356.549798,1776318650000
1776318653.609,53.609,0.3,25.0,0.29,150.0,0.32,20.0,0.33,25.1,0.71,53.17,0.7,21.0,0.73,13.08,0.74,211.3,0.02,0.02,2356.49237,1776318652000
1776318654.775,54.775,0.31,37.75,0.3,96.0,0.33,14.79,0.34,73.0,0.68,20.0,0.67,25.1,0.69,7.75,0.7,30.0,0.02,0.01,2356.488785,1776318653000
1776318655.959,55.959,0.37,10.0,0.36,20.0,0.39,8.33,0.4,5.0,0.66,73.0,0.65,25.0,0.69,37.75,0.7,96.0,0.02,0.03,2356.50272,1776318654000
1776318656.879,56.879,0.43,171.0,0.42,10.0,0.45,10.0,0.5,10.0,0.61,3.23,0.6,5.0,0.62,15.0,0.63,15.0,0.02,0.01,2356.57364,1776318655000
1776318657.189,57.189,0.49,2.0,0.48,15.0,0.5,6.58,0.51,5.0,0.5,6.58,0.49,6.0,0.51,10.0,0.52,10.0,0.01,0.01,2356.61288,1776318656000
1776318657.436,57.436,0.49,10.0,0.48,12.57,0.51,0.62,0.52,7.0,0.5,6.58,0.49,5.0,0.51,10.0,0.52,12.57,0.02,0.01,2356.61288,1776318656000
1776318658.013,58.013,0.51,10.0,0.5,10.0,0.53,9.32,0.54,71.09,0.49,0.62,0.48,7.0,0.51,10.0,0.52,12.57,0.02,0.02,2356.695242,1776318657000
1776318658.467,58.467,0.48,17.57,0.47,15.0,0.49,56.07,0.5,10.0,0.47,4.5,0.46,71.09,0.49,10.0,0.5,10.0,0.01,0.02,2356.695242,1776318657000
1776318658.875,58.875,0.48,10.57,0.47,73.0,0.49,6.07,0.5,10.0,0.51,6.07,0.5,10.0,0.52,17.57,0.53,15.0,0.01,0.01,2356.695242,1776318657000
1776318659.235,59.235,0.48,4.11,0.47,73.0,0.49,15.0,0.51,10.0,0.51,6.07,0.5,10.0,0.52,10.57,0.53,73.0,0.01,0.01,2357.181755,1776318658000
1776318659.588,59.588,0.47,72.4,0.46,180.0,0.49,15.0,0.5,62.08,0.51,15.0,0.49,10.0,0.52,4.11,0.53,73.0,0.02,0.01,2357.181755,1776318658000
1776318661.165,61.165,0.47,4.4,0.46,135.0,0.48,30.0,0.49,20.0,0.51,15.0,0.5,62.08,0.53,72.4,0.54,180.0,0.01,0.02,2357.340054,1776318660000
1776318662.079,62.079,0.46,23.16,0.45,80.0,0.48,14.58,0.49,21.0,0.52,9.58,0.51,15.0,0.53,4.4,0.54,135.0,0.02,0.01,2357.340095,1776318661000
1776318662.392,62.392,0.46,28.16,0.45,85.0,0.48,0.47,0.49,5.0,0.52,14.58,0.51,21.0,0.54,18.16,0.55,80.0,0.02,0.02,2357.340095,1776318661000
1776318663.181,63.181,0.52,20.0,0.51,163.0,0.55,10.5,0.56,10.0,0.51,5.0,0.5,5.0,0.53,10.0,0.54,13.16,0.03,0.02,2357.316975,1776318662000
1776318664.036,64.036,0.54,15.0,0.53,15.0,0.56,5.5,0.57,22.0,0.45,15.5,0.44,10.0,0.46,13.41,0.47,15.0,0.02,0.01,2357.252095,1776318663000
1776318664.887,64.887,0.53,5.0,0.51,5.0,0.56,153.45,0.57,17.0,0.44,5.5,0.43,22.0,0.46,15.0,0.47,15.0,0.03,0.02,2357.252095,1776318663000
1776318665.596,65.596,0.53,5.0,0.52,5.0,0.55,80.0,0.56,80.5,0.44,153.45,0.43,17.0,0.47,5.0,0.49,5.0,0.02,0.03,2357.434598,1776318664000
1776318667.716,67.716,0.53,8.31,0.52,73.0,0.55,85.0,0.56,75.5,0.45,80.0,0.44,80.5,0.47,5.0,0.48,5.0,0.02,0.02,2357.504229,1776318666000
1776318669.283,69.283,0.52,11.12,0.51,78.0,0.53,5.0,0.54,10.0,0.45,85.0,0.44,75.5,0.47,8.31,0.48,73.0,0.01,0.02,2357.548755,1776318667000
1776318670.44,70.44,0.52,16.12,0.51,73.0,0.54,5.0,0.55,70.0,0.47,5.0,0.46,10.0,0.48,11.12,0.49,78.0,0.02,0.01,2357.546085,1776318669000
1776318671.703,71.703,0.57,25.0,0.56,68.0,0.58,7.23,0.6,10.0,0.46,5.0,0.45,70.0,0.48,16.12,0.49,73.0,0.01,0.02,2357.549115,1776318670000
1776318672.481,72.481,0.57,17.06,0.56,73.0,0.58,32.1,0.59,20.0,0.42,7.23,0.4,10.0,0.43,25.0,0.44,68.0,0.01,0.01,2357.553983,1776318671000
1776318673.014,73.014,0.57,11.62,0.56,73.0,0.58,37.1,0.59,20.0,0.42,32.1,0.41,20.0,0.43,17.06,0.44,73.0,0.01,0.01,2357.553983,1776318671000
1776318673.803,73.803,0.61,20.0,0.6,20.0,0.62,9.77,0.63,5.0,0.42,37.1,0.41,20.0,0.43,11.62,0.44,73.0,0.01,0.01,2357.588957,1776318672000
1776318674.88,74.88,0.61,63.0,0.6,20.0,0.63,19.77,0.64,39.15,0.37,4.77,0.36,85.0,0.39,20.0,0.4,20.0,0.02,0.02,2357.671265,1776318673000
1776318675.551,75.551,0.6,5.0,0.59,5.0,0.62,52.09,0.63,14.77,0.37,19.77,0.36,39.15,0.39,63.0,0.4,20.0,0.02,0.02,2357.688015,1776318674000
1776318675.846,75.846,0.6,5.0,0.59,5.0,0.61,7.31,0.62,47.09,0.38,52.09,0.37,14.77,0.4,5.0,0.41,5.0,0.01,0.02,2357.688015,1776318674000
1776318677.127,77.127,0.61,20.0,0.6,78.0,0.63,9.77,0.64,15.0,0.39,7.31,0.38,47.09,0.4,5.0,0.41,5.0,0.02,0.01,2357.886022,1776318676000
1776318677.473,77.473,0.62,20.0,0.61,73.0,0.63,22.92,0.64,15.0,0.36,15.0,0.35,23.0,0.38,25.0,0.39,15.0,0.01,0.02,2357.886022,1776318676000
1776318678.019,78.019,0.62,25.0,0.61,73.0,0.63,11.95,0.64,15.0,0.37,22.92,0.36,15.0,0.38,20.0,0.39,73.0,0.01,0.01,2357.886022,1776318676000
1776318678.287,78.287,0.62,25.0,0.61,73.0,0.63,10.2,0.64,15.0,0.37,11.95,0.36,15.0,0.38,25.0,0.39,73.0,0.01,0.01,2357.89418,1776318677000
1776318679.432,79.432,0.62,11.81,0.61,73.0,0.63,5.0,0.64,15.0,0.37,10.2,0.36,15.0,0.38,25.0,0.39,73.0,0.01,0.01,2357.896292,1776318678000
1776318682.052,82.052,0.62,17.05,0.61,73.0,0.63,5.0,0.64,35.79,0.37,5.0,0.36,15.0,0.38,11.81,0.39,73.0,0.01,0.01,2357.9489,1776318680000
1776318682.461,82.461,0.62,12.05,0.61,73.0,0.63,4.94,0.64,25.79,0.37,5.0,0.36,35.79,0.38,17.05,0.39,73.0,0.01,0.01,2357.94869,1776318681000
1776318683.588,83.588,0.6,20.0,0.59,15.0,0.62,28.15,0.63,15.0,0.37,3.35,0.36,25.79,0.38,17.05,0.39,73.0,0.02,0.01,2357.965827,1776318682000
1776318686.553,86.553,0.61,9.87,0.6,20.0,0.62,10.0,0.63,73.0,0.38,28.15,0.37,15.0,0.4,20.0,0.41,15.0,0.01,0.02,2357.92988,1776318685000
1776318689.047,89.047,0.55,20.0,0.54,15.0,0.57,30.0,0.58,171.0,0.38,10.0,0.37,73.0,0.39,9.87,0.4,20.0,0.02,0.01,2357.903613,1776318687000
1776318689.783,89.783,0.5,20.0,0.49,15.0,0.51,4.19,0.52,40.0,0.43,30.0,0.42,171.0,0.45,20.0,0.46,15.0,0.01,0.02,2357.902429,1776318688000
1776318690.251,90.251,0.49,2.19,0.48,20.0,0.5,22.0,0.51,19.19,0.49,24.19,0.48,40.0,0.51,12.19,0.52,20.0,0.01,0.02,2357.902429,1776318688000
1776318691.137,91.137,0.49,2.19,0.48,20.0,0.5,25.0,0.51,24.19,0.5,10.0,0.49,19.19,0.51,2.19,0.52,20.0,0.01,0.01,2357.918275,1776318689000
1776318692.914,92.914,0.49,44.65,0.48,25.0,0.5,13.0,0.51,4.19,0.5,25.0,0.49,24.19,0.51,2.19,0.52,20.0,0.01,0.01,2357.61527,1776318691000
1776318694.221,94.221,0.49,92.65,0.48,25.0,0.5,13.0,0.51,4.19,0.5,13.0,0.49,4.19,0.51,44.65,0.52,25.0,0.01,0.01,2357.577519,1776318692000
1776318695.875,95.875,0.49,15.0,0.48,73.0,0.5,16.0,0.51,4.19,0.5,13.0,0.49,4.19,0.51,92.65,0.52,25.0,0.01,0.01,2357.690167,1776318694000
1776318702.997,102.997,0.46,20.0,0.45,20.0,0.5,23.0,0.51,9.19,0.5,21.0,0.49,4.19,0.51,15.0,0.52,73.0,0.04,0.01,2357.505904,1776318701000
1776318704.159,104.159,0.49,12.84,0.48,73.0,0.5,28.0,0.51,9.19,0.5,11.0,0.49,9.19,0.53,10.0,0.55,20.0,0.01,0.03,2357.489178,1776318702000
1776318704.931,104.931,0.49,2.84,0.48,73.0,0.5,28.0,0.51,9.19,0.5,28.0,0.49,9.19,0.51,12.84,0.52,73.0,0.01,0.01,2357.588649,1776318703000
1776318705.627,105.627,0.49,5.0,0.48,73.0,0.5,21.0,0.51,9.19,0.5,28.0,0.49,9.19,0.51,2.84,0.52,73.0,0.01,0.01,2357.56915,1776318704000
1776318707.654,107.654,0.49,20.0,0.48,78.0,0.51,4.19,0.52,17.0,0.5,21.0,0.49,9.19,0.52,73.0,0.53,15.0,0.02,0.02,2357.477197,1776318706000
1776318708.158,108.158,0.63,10.0,0.62,10.0,0.65,72.2,0.66,22.0,0.49,4.19,0.48,17.0,0.51,20.0,0.52,78.0,0.02,0.02,2357.477197,1776318706000
1776318708.656,108.656,0.63,4.19,0.62,10.0,0.64,40.6,0.65,72.2,0.35,72.2,0.34,22.0,0.37,9.19,0.38,10.0,0.01,0.02,2357.551288,1776318707000
1776318709.645,109.645,0.63,19.19,0.62,15.0,0.65,78.0,0.66,10.0,0.36,48.88,0.35,72.2,0.37,4.19,0.38,10.0,0.02,0.01,2357.552047,1776318708000
1776318710.746,110.746,0.63,12.59,0.62,15.0,0.65,100.77,0.66,10.0,0.35,78.0,0.34,10.0,0.37,19.19,0.38,15.0,0.02,0.02,2357.703475,1776318709000
1776318713.406,113.406,0.62,5.0,0.61,10.0,0.64,91.09,0.65,91.09,0.35,98.86,0.34,10.0,0.37,17.59,0.38,15.0,0.02,0.02,2357.89965,1776318711000
1776318714.095,114.095,0.61,7.74,0.6,5.0,0.63,17.77,0.64,15.0,0.36,91.09,0.35,91.09,0.38,5.0,0.39,10.0,0.02,0.02,2357.924571,1776318712000
1776318719.466,119.466,0.57,0.81,0.55,10.0,0.58,30.0,0.59,90.0,0.37,17.77,0.36,15.0,0.39,7.74,0.4,5.0,0.01,0.02,2357.83234,1776318718000
1776318719.97,119.97,0.57,17.23,0.56,5.81,0.58,5.0,0.59,90.0,0.42,30.0,0.41,90.0,0.44,5.81,0.45,10.0,0.01,0.02,2357.83234,1776318718000
1776318720.88,120.88,0.57,22.06,0.56,5.81,0.59,20.0,0.6,22.0,0.42,5.0,0.41,20.0,0.43,7.06,0.44,5.81,0.02,0.01,2357.83696,1776318719000
1776318721.804,121.804,0.57,2.06,0.56,5.81,0.59,68.55,0.6,22.0,0.41,20.0,0.4,22.0,0.43,22.06,0.44,5.81,0.02,0.02,2357.845585,1776318720000
1776318722.234,122.234,0.57,2.06,0.56,5.81,0.58,6.55,0.59,68.55,0.41,68.55,0.4,22.0,0.43,2.06,0.44,5.81,0.01,0.02,2357.820435,1776318721000
1776318724.017,124.017,0.57,17.06,0.56,5.81,0.59,64.99,0.6,22.0,0.42,6.55,0.41,68.55,0.43,2.06,0.44,5.81,0.02,0.01,2357.849337,1776318722000
1776318726.918,126.918,0.57,12.06,0.56,92.81,0.6,71.54,0.61,167.0,0.41,64.99,0.4,22.0,0.43,17.06,0.44,5.81,0.03,0.02,2357.822348,1776318725000
1776318727.224,127.224,0.57,12.06,0.56,150.81,0.58,5.0,0.59,10.0,0.4,71.54,0.39,167.0,0.43,12.06,0.44,92.81,0.01,0.03,2357.802441,1776318726000
1776318727.679,127.679,0.57,12.06,0.56,68.81,0.59,6.44,0.6,71.54,0.42,5.0,0.41,10.0,0.43,12.06,0.44,150.81,0.02,0.01,2357.802441,1776318726000
1776318729.099,129.099,0.57,7.06,0.56,151.81,0.58,10.0,0.59,6.44,0.41,6.44,0.4,71.54,0.43,12.06,0.44,68.81,0.01,0.02,2357.813409,1776318727000
1776318730.282,130.282,0.56,72.68,0.55,110.0,0.59,11.44,0.6,71.54,0.42,10.0,0.41,6.44,0.43,7.06,0.44,151.81,0.03,0.01,2357.75365,1776318729000
1776318732.848,132.848,0.53,10.0,0.52,20.0,0.54,20.0,0.55,20.0,0.41,11.44,0.4,71.54,0.44,72.68,0.45,110.0,0.01,0.03,2357.809726,1776318731000
1776318733.31,133.31,0.53,10.0,0.52,20.0,0.54,18.14,0.55,20.0,0.46,20.0,0.45,20.0,0.47,10.0,0.48,20.0,0.01,0.01,2357.753055,1776318732000
1776318738.038,138.038,0.53,16.42,0.52,166.0,0.54,5.24,0.55,78.0,0.46,12.1,0.45,25.0,0.47,1.42,0.48,20.0,0.01,0.01,2357.737774,1776318736000
1776318738.9,138.9,0.53,21.42,0.52,166.0,0.55,46.24,0.56,85.0,0.46,5.24,0.45,78.0,0.47,16.42,0.48,166.0,0.02,0.01,2357.704932,1776318737000
1776318739.928,139.928,0.51,5.0,0.5,5.0,0.55,71.24,0.56,237.0,0.45,46.24,0.44,85.0,0.47,21.42,0.48,166.0,0.04,0.02,2357.706408,1776318738000
1776318744.547,144.547,0.49,24.13,0.48,143.0,0.5,10.0,0.52,5.0,0.5,25.0,0.49,25.0,0.51,4.13,0.52,15.0,0.01,0.01,2357.578068,1776318743000
1776318745.428,145.428,0.51,20.0,0.5,20.0,0.52,5.0,0.53,5.0,0.5,10.0,0.48,5.0,0.51,24.13,0.52,143.0,0.01,0.01,2357.58091,1776318744000
1776318747.868,147.868,0.51,25.0,0.5,10.0,0.52,5.0,0.53,15.0,0.48,5.0,0.47,5.0,0.49,20.0,0.5,20.0,0.01,0.01,2357.554015,1776318746000
1776318748.079,148.079,0.51,25.0,0.5,10.0,0.52,5.0,0.53,15.0,0.48,5.0,0.47,15.0,0.49,25.0,0.5,10.0,0.01,0.01,2357.55432,1776318747000
1776318748.479,148.479,0.51,30.0,0.5,73.0,0.55,74.03,0.56,97.0,0.48,5.0,0.47,15.0,0.49,25.0,0.5,10.0,0.04,0.01,2357.55432,1776318747000
1776318753.499,153.499,0.53,20.0,0.52,78.0,0.55,79.03,0.56,155.0,0.45,74.03,0.44,97.0,0.49,30.0,0.5,73.0,0.02,0.04,2357.56229,1776318752000
1776318755.231,155.231,0.53,7.06,0.52,73.0,0.54,15.0,0.55,79.03,0.45,79.03,0.44,155.0,0.47,20.0,0.48,78.0,0.01,0.02,2357.562295,1776318753000
1776318756.727,156.727,0.53,4.12,0.52,73.0,0.54,9.4,0.55,79.03,0.46,15.0,0.45,79.03,0.47,4.12,0.48,73.0,0.01,0.01,2357.560335,1776318755000
1776318757.117,157.117,0.52,2.78,0.51,15.0,0.54,5.23,0.55,79.03,0.46,5.23,0.45,79.03,0.47,4.12,0.48,73.0,0.02,0.01,2357.5603,1776318756000
1776318757.746,157.746,0.51,5.0,0.48,5.0,0.53,27.0,0.54,133.23,0.46,5.23,0.45,79.03,0.48,2.78,0.49,15.0,0.02,0.02,2357.5603,1776318756000
1776318758.078,158.078,0.45,5.0,0.44,5.0,0.46,27.73,0.47,20.0,0.53,15.0,0.52,15.0,0.55,20.0,0.56,15.0,0.01,0.02,2357.5603,1776318756000
1776318758.488,158.488,0.45,5.0,0.44,10.0,0.46,14.6,0.47,20.0,0.54,28.38,0.53,20.0,0.55,5.0,0.56,5.0,0.01,0.01,2357.578422,1776318757000
1776318760.831,160.831,0.45,35.0,0.44,78.0,0.47,5.0,0.48,30.0,0.54,14.6,0.53,20.0,0.55,5.0,0.56,10.0,0.02,0.01,2357.526739,1776318759000
1776318761.633,161.633,0.46,30.0,0.45,20.0,0.48,110.0,0.49,20.0,0.53,5.0,0.52,30.0,0.55,35.0,0.56,78.0,0.02,0.02,2357.477422,1776318760000
1776318763.498,163.498,0.47,10.0,0.46,5.0,0.48,102.91,0.49,20.0,0.52,110.0,0.51,20.0,0.54,30.0,0.55,20.0,0.01,0.02,2357.517508,1776318762000
1776318764.131,164.131,0.47,10.0,0.46,5.0,0.48,95.82,0.49,20.0,0.52,102.91,0.51,20.0,0.53,10.0,0.54,5.0,0.01,0.01,2357.517508,1776318762000
1776318765.717,165.717,0.46,5.0,0.45,5.0,0.48,100.82,0.49,20.0,0.52,95.82,0.51,20.0,0.53,10.0,0.54,5.0,0.02,0.01,2357.430744,1776318764000
1776318767.077,167.077,0.45,1.0,0.44,20.0,0.47,95.0,0.48,25.82,0.52,100.82,0.51,20.0,0.54,5.0,0.55,5.0,0.02,0.02,2357.430566,1776318765000
1776318769.714,169.714,0.46,2.92,0.45,16.0,0.47,32.0,0.48,30.82,0.53,95.0,0.52,25.82,0.55,1.0,0.56,20.0,0.01,0.02,2357.399715,1776318768000
1776318770.194,170.194,0.46,17.92,0.45,21.0,0.47,10.0,0.48,25.0,0.53,32.0,0.52,30.82,0.54,2.92,0.55,16.0,0.01,0.01,2357.399715,1776318768000
1776318770.574,170.574,0.46,80.92,0.45,90.0,0.49,5.0,0.5,11.0,0.53,10.0,0.52,25.0,0.54,17.92,0.55,21.0,0.03,0.01,2357.399715,1776318768000
1776318771.042,171.042,0.48,5.38,0.47,143.0,0.49,5.0,0.5,11.0,0.51,5.0,0.5,11.0,0.54,80.92,0.55,90.0,0.01,0.03,2357.399171,1776318769000
1776318772.114,172.114,0.48,5.38,0.47,143.0,0.49,13.95,0.5,5.0,0.51,5.0,0.5,11.0,0.52,5.38,0.53,143.0,0.01,0.01,2357.363968,1776318770000
1776318774.354,174.354,0.48,8.45,0.47,143.0,0.49,13.95,0.5,15.0,0.51,13.95,0.5,5.0,0.52,5.38,0.53,143.0,0.01,0.01,2357.437564,1776318773000
1776318777.088,177.088,0.48,8.45,0.47,143.0,0.49,8.95,0.5,5.0,0.51,13.95,0.5,15.0,0.52,8.45,0.53,143.0,0.01,0.01,2357.432955,1776318775000
1776318781.916,181.916,0.48,12.45,0.47,143.0,0.49,18.95,0.5,23.52,0.51,8.95,0.5,5.0,0.52,8.45,0.53,143.0,0.01,0.01,2357.4757,1776318780000
1776318782.158,182.158,0.48,17.83,0.47,143.0,0.49,16.0,0.5,5.0,0.51,18.95,0.5,23.52,0.52,12.45,0.53,143.0,0.01,0.01,2357.47018,1776318781000
1776318785.682,185.682,0.51,45.0,0.5,15.0,0.57,20.75,0.58,7.0,0.51,16.0,0.5,5.0,0.52,17.83,0.53,143.0,0.06,0.01,2357.46158,1776318784000
1776318785.93,185.93,0.59,49.35,0.56,131.0,0.61,5.0,0.62,11.0,0.43,15.65,0.41,5.0,0.44,131.0,0.45,26.0,0.02,0.01,2357.46158,1776318784000
1776318786.253,186.253,0.61,15.0,0.6,25.0,0.62,16.0,0.63,5.0,0.38,11.0,0.37,5.0,0.4,15.0,0.41,83.35,0.01,0.02,2357.46658,1776318785000
1776318786.641,186.641,0.61,9.0,0.6,83.0,0.62,11.0,0.63,48.38,0.38,16.0,0.37,5.0,0.39,15.0,0.4,25.0,0.01,0.01,2357.46658,1776318785000
1776318787.042,187.042,0.61,15.0,0.6,78.0,0.63,53.38,0.64,15.0,0.37,53.38,0.36,15.0,0.39,18.84,0.4,83.0,0.02,0.02,2357.46658,1776318785000
1776318788.199,188.199,0.61,15.0,0.6,83.0,0.62,54.37,0.63,10.0,0.37,53.38,0.36,15.0,0.39,15.0,0.4,78.0,0.01,0.02,2357.61466,1776318787000
1776318788.662,188.662,0.65,7.69,0.64,17.81,0.7,7.73,0.71,5.0,0.38,37.74,0.37,10.0,0.39,17.43,0.4,83.0,0.05,0.01,2357.61466,1776318787000
1776318789.195,189.195,0.66,42.23,0.64,5.0,0.68,10.0,0.69,10.0,0.3,7.73,0.29,5.0,0.35,7.69,0.36,17.81,0.02,0.05,2357.61466,1776318787000
1776318789.647,189.647,0.66,31.58,0.65,11.0,0.67,22.0,0.68,10.0,0.32,10.0,0.31,10.0,0.34,42.23,0.36,5.0,0.01,0.02,2357.74402,1776318788000
1776318792.237,192.237,0.66,107.34,0.65,91.0,0.7,15.0,0.71,15.0,0.33,22.0,0.32,10.0,0.34,24.34,0.35,11.0,0.04,0.01,2357.845495,1776318790000
1776318792.666,192.666,0.68,7.81,0.67,20.0,0.69,8.15,0.7,15.0,0.31,8.15,0.3,15.0,0.32,10.0,0.33,20.0,0.01,0.01,2357.968868,1776318791000
1776318793.181,193.181,0.68,6.81,0.67,20.0,0.69,8.15,0.7,15.0,0.31,8.15,0.3,15.0,0.32,7.81,0.33,20.0,0.01,0.01,2357.968868,1776318791000
1776318793.736,193.736,0.67,10.0,0.66,107.34,0.68,15.0,0.69,45.19,0.31,8.15,0.3,15.0,0.32,6.81,0.33,20.0,0.01,0.01,2357.958451,1776318792000
1776318796.729,196.729,0.66,51.0,0.65,75.0,0.67,11.0,0.68,25.0,0.32,15.0,0.31,45.19,0.33,10.0,0.34,107.34,0.01,0.01,2357.95764,1776318795000
1776318797.188,197.188,0.66,45.58,0.65,85.0,0.67,32.0,0.68,73.0,0.33,11.0,0.32,25.0,0.34,51.0,0.35,75.0,0.01,0.01,2357.95764,1776318795000
1776318798.433,198.433,0.59,44.35,0.58,16.0,0.6,28.0,0.61,10.0,0.33,32.0,0.32,73.0,0.34,45.58,0.35,85.0,0.01,0.01,2357.96763,1776318796000
1776318799.278,199.278,0.59,42.05,0.58,26.0,0.6,14.22,0.61,15.0,0.4,22.27,0.39,15.0,0.41,37.05,0.42,21.0,0.01,0.01,2357.955261,1776318798000
1776318799.747,199.747,0.59,47.05,0.58,26.0,0.6,1.55,0.61,15.0,0.4,9.05,0.39,15.0,0.41,47.05,0.42,26.0,0.01,0.01,2357.955261,1776318798000
1776318803.467,203.467,0.59,52.05,0.58,21.0,0.62,11.55,0.63,15.0,0.4,1.55,0.39,15.0,0.41,47.05,0.42,26.0,0.03,0.01,2357.846904,1776318801000
1776318805.84,205.84,0.6,18.07,0.59,115.05,0.61,8.0,0.62,8.0,0.38,11.55,0.37,15.0,0.41,52.05,0.42,21.0,0.01,0.03,2357.834021,1776318804000
1776318806.191,206.191,0.62,10.0,0.61,160.0,0.64,5.0,0.65,5.0,0.37,5.0,0.36,5.0,0.4,23.07,0.41,110.05,0.02,0.03,2357.834021,1776318804000
1776318806.724,206.724,0.63,5.33,0.62,10.0,0.64,5.0,0.65,5.0,0.36,5.0,0.35,5.0,0.38,10.0,0.39,160.0,0.01,0.02,2357.834021,1776318804000
1776318806.948,206.948,0.63,5.33,0.62,10.0,0.64,8.28,0.65,5.0,0.36,5.0,0.35,5.0,0.37,5.33,0.38,10.0,0.01,0.01,2357.831315,1776318805000
1776318808.609,208.609,0.64,1.11,0.63,10.33,0.65,5.0,0.66,5.0,0.36,8.28,0.35,5.0,0.37,5.33,0.38,10.0,0.01,0.01,2357.801136,1776318807000
1776318810.542,210.542,0.61,12.66,0.6,13.07,0.63,10.0,0.64,20.0,0.35,5.0,0.34,5.0,0.36,1.11,0.37,10.33,0.02,0.01,2357.901429,1776318808000
1776318811.672,211.672,0.62,15.0,0.61,17.66,0.64,20.0,0.65,73.0,0.37,10.0,0.36,20.0,0.39,12.66,0.4,13.07,0.02,0.02,2357.826685,1776318810000
1776318812.314,212.314,0.61,5.0,0.6,5.0,0.62,15.0,0.63,10.0,0.36,20.0,0.35,73.0,0.38,15.0,0.39,17.66,0.01,0.02,2357.82669,1776318811000
1776318816.242,216.242,0.66,26.0,0.65,25.0,0.67,6.0,0.68,5.0,0.38,15.0,0.37,10.0,0.39,5.0,0.4,5.0,0.01,0.01,2357.789365,1776318815000
1776318816.891,216.891,0.68,68.0,0.67,20.0,0.71,142.0,0.72,22.0,0.29,127.0,0.28,7.0,0.34,31.0,0.35,30.0,0.03,0.05,2357.789365,1776318815000
1776318817.275,217.275,0.68,68.0,0.67,20.0,0.69,1.38,0.7,15.0,0.29,142.0,0.28,22.0,0.32,68.0,0.33,20.0,0.01,0.03,2357.789365,1776318815000
1776318817.647,217.647,0.68,68.0,0.67,20.0,0.7,14.78,0.71,142.0,0.31,1.38,0.3,15.0,0.32,68.0,0.33,20.0,0.02,0.01,2357.789365,1776318815000
1776318818.01,218.01,0.68,11.56,0.67,20.0,0.69,5.0,0.7,10.0,0.3,10.49,0.29,142.0,0.32,10.0,0.33,20.0,0.01,0.02,2357.823865,1776318816000
1776318818.775,218.775,0.7,9.83,0.69,26.0,0.71,127.0,0.72,17.0,0.31,5.0,0.3,10.0,0.32,11.56,0.33,20.0,0.01,0.01,2357.838865,1776318817000
1776318819.238,219.238,0.7,19.83,0.69,26.0,0.71,124.0,0.72,17.0,0.29,127.0,0.28,17.0,0.3,14.83,0.31,26.0,0.01,0.01,2357.875048,1776318818000
1776318819.529,219.529,0.7,19.83,0.69,26.0,0.71,118.0,0.72,17.0,0.29,124.0,0.28,17.0,0.3,19.83,0.31,26.0,0.01,0.01,2357.875048,1776318818000
1776318821.693,221.693,0.7,19.83,0.69,84.0,0.71,62.01,0.72,7.0,0.29,118.0,0.28,17.0,0.3,19.83,0.31,26.0,0.01,0.01,2357.87781,1776318819000
1776318823.943,223.943,0.69,4.0,0.68,5.0,0.7,10.0,0.71,85.0,0.29,62.01,0.28,7.0,0.3,19.83,0.31,84.0,0.01,0.01,2357.869739,1776318822000
1776318827.407,227.407,0.65,5.0,0.64,20.0,0.67,25.0,0.68,143.0,0.3,15.0,0.29,80.0,0.33,5.0,0.34,10.0,0.02,0.03,2357.928703,1776318825000
1776318830.033,230.033,0.66,12.05,0.65,15.0,0.67,25.0,0.68,143.0,0.33,25.0,0.32,143.0,0.35,5.0,0.36,20.0,0.01,0.02,2357.81387,1776318828000
1776318831.13,231.13,0.67,5.0,0.66,80.05,0.76,29.47,0.77,8.0,0.33,25.0,0.32,143.0,0.34,12.05,0.35,15.0,0.09,0.01,2357.814115,1776318830000
1776318832.381,232.381,0.72,25.0,0.71,10.0,0.73,1.0,0.74,76.0,0.24,29.47,0.23,8.0,0.33,5.0,0.34,80.05,0.01,0.09,2357.814115,1776318830000
1776318833.291,233.291,0.74,3.0,0.73,10.0,0.75,70.0,0.76,29.47,0.27,1.0,0.26,76.0,0.28,25.0,0.29,10.0,0.01,0.01,2357.885655,1776318832000
1776318833.87,233.87,0.74,8.0,0.73,10.0,0.75,65.0,0.76,29.47,0.25,70.0,0.24,29.47,0.26,3.0,0.27,10.0,0.01,0.01,2357.885655,1776318832000
1776318834.247,234.247,0.74,8.0,0.73,15.0,0.75,56.99,0.76,29.47,0.25,63.66,0.24,29.47,0.26,8.0,0.27,10.0,0.01,0.01,2357.885655,1776318832000
1776318834.505,234.505,0.74,4.15,0.73,15.0,0.75,56.99,0.76,29.47,0.25,56.99,0.24,29.47,0.26,8.0,0.27,15.0,0.01,0.01,2357.91377,1776318833000
1776318835.753,235.753,0.74,10.3,0.73,26.0,0.76,29.47,0.77,10.0,0.25,56.99,0.24,29.47,0.26,4.15,0.27,15.0,0.02,0.01,2357.931625,1776318834000
1776318835.971,235.971,0.76,5.85,0.74,10.3,0.77,10.0,0.78,10.0,0.24,0.9,0.23,10.0,0.26,10.3,0.27,26.0,0.01,0.02,2357.931625,1776318834000
1776318836.312,236.312,0.75,7.0,0.74,10.3,0.77,10.0,0.78,10.0,0.23,10.0,0.22,10.0,0.24,5.85,0.26,10.3,0.02,0.01,2357.94362,1776318835000
1776318836.942,236.942,0.75,15.0,0.74,75.41,0.77,8.51,0.78,10.0,0.23,10.0,0.22,10.0,0.26,17.41,0.27,21.0,0.02,0.03,2357.94362,1776318835000
1776318837.828,237.828,0.75,15.0,0.74,75.41,0.77,4.61,0.78,10.0,0.23,8.51,0.22,10.0,0.25,15.0,0.26,75.41,0.02,0.02,2357.94362,1776318835000
1776318838.543,238.543,0.75,14.12,0.74,75.41,0.77,4.61,0.78,10.0,0.23,4.61,0.22,10.0,0.25,15.0,0.26,75.41,0.02,0.02,2358.006817,1776318837000
1776318838.854,238.854,0.75,9.12,0.74,75.41,0.78,5.57,0.79,80.0,0.23,4.61,0.22,10.0,0.25,14.12,0.26,75.41,0.03,0.02,2358.006817,1776318837000
1776318840.464,240.464,0.76,80.0,0.75,19.12,0.78,7.99,0.79,138.0,0.22,4.28,0.21,80.0,0.24,15.0,0.25,9.12,0.02,0.02,2357.999785,1776318839000
1776318841.581,241.581,0.76,60.0,0.75,5.0,0.77,4.48,0.78,7.99,0.22,7.99,0.21,138.0,0.24,80.0,0.25,19.12,0.01,0.02,2357.999785,1776318840000
1776318841.884,241.884,0.76,53.75,0.75,5.0,0.77,4.48,0.78,7.99,0.23,4.48,0.22,7.99,0.24,60.0,0.25,5.0,0.01,0.01,2357.996105,1776318841000
1776318842.225,242.225,0.76,46.75,0.75,5.0,0.77,4.48,0.78,7.99,0.23,4.48,0.22,7.99,0.24,53.75,0.25,5.0,0.01,0.01,2357.996105,1776318841000
1776318842.535,242.535,0.78,15.99,0.75,5.0,0.79,80.0,0.8,10.0,0.23,4.48,0.22,7.99,0.25,5.0,0.26,21.0,0.01,0.02,2357.996105,1776318841000
1776318842.872,242.872,0.78,5.3,0.74,6.0,0.79,85.0,0.8,80.0,0.21,80.0,0.2,10.0,0.22,15.99,0.25,5.0,0.01,0.01,2357.996105,1776318841000
1776318843.47,243.47,0.78,0.3,0.74,16.0,0.79,85.0,0.8,80.0,0.21,85.0,0.2,80.0,0.22,5.3,0.26,6.0,0.01,0.01,2358.062323,1776318842000
1776318844.133,244.133,0.74,30.72,0.73,103.3,0.79,85.0,0.8,80.0,0.21,85.0,0.2,80.0,0.22,0.3,0.26,16.0,0.05,0.01,2357.97801,1776318843000
1776318844.907,244.907,0.78,10.0,0.77,15.0,0.8,7.5,0.81,10.0,0.21,85.0,0.2,80.0,0.26,30.72,0.27,103.3,0.02,0.05,2357.97801,1776318843000
1776318846.026,246.026,0.78,8.0,0.77,73.0,0.8,12.5,0.81,10.0,0.2,7.5,0.19,10.0,0.22,10.0,0.23,15.0,0.02,0.02,2358.098553,1776318844000
1776318847.465,247.465,0.74,23.7,0.73,33.3,0.78,15.0,0.79,80.0,0.21,10.0,0.2,12.5,0.22,2.0,0.23,73.0,0.04,0.01,2358.041822,1776318846000
1776318848.7,248.7,0.76,35.45,0.75,10.0,0.77,8.7,0.78,15.0,0.22,15.0,0.21,80.0,0.26,23.7,0.27,33.3,0.01,0.04,2357.986245,1776318847000
1776318848.925,248.925,0.77,1.21,0.76,35.45,0.78,15.0,0.79,80.0,0.23,8.7,0.22,15.0,0.24,35.45,0.25,10.0,0.01,0.01,2357.986245,1776318847000
1776318849.856,249.856,0.77,6.21,0.76,35.45,0.78,15.0,0.79,80.0,0.22,15.0,0.21,80.0,0.23,1.21,0.24,35.45,0.01,0.01,2358.097097,1776318848000
1776318850.497,250.497,0.77,6.21,0.76,35.45,0.79,79.84,0.8,7.5,0.22,15.0,0.21,80.0,0.23,6.21,0.24,35.45,0.02,0.01,2357.9778,1776318849000
1776318851.118,251.118,0.77,44.86,0.76,68.0,0.79,74.81,0.8,7.5,0.21,79.84,0.2,7.5,0.23,6.21,0.24,35.45,0.02,0.02,2357.9778,1776318849000
1776318851.628,251.628,0.78,46.63,0.77,16.21,0.79,64.67,0.8,7.5,0.21,74.81,0.2,7.5,0.23,44.86,0.24,68.0,0.01,0.02,2358.00269,1776318850000
1776318852.152,252.152,0.78,51.63,0.77,16.21,0.79,49.53,0.8,7.5,0.21,64.67,0.2,7.5,0.22,46.63,0.23,16.21,0.01,0.01,2358.017478,1776318851000
1776318852.697,252.697,0.78,109.63,0.77,36.51,0.79,39.39,0.8,7.5,0.21,49.53,0.2,7.5,0.22,51.63,0.23,16.21,0.01,0.01,2358.017478,1776318851000
1776318853.264,253.264,0.78,119.63,0.77,31.51,0.79,29.25,0.81,80.0,0.21,39.39,0.2,7.5,0.22,109.63,0.23,36.51,0.01,0.01,2358.055096,1776318852000
1776318853.855,253.855,0.78,15.0,0.77,21.51,0.79,29.11,0.8,10.0,0.21,29.25,0.19,80.0,0.22,119.63,0.23,31.51,0.01,0.01,2358.055096,1776318852000
1776318854.291,254.291,0.77,20.3,0.76,29.7,0.79,29.11,0.8,10.0,0.21,29.11,0.2,10.0,0.22,3.0,0.23,20.3,0.02,0.01,2358.055096,1776318852000
1776318854.851,254.851,0.72,5.0,0.71,87.5,0.74,15.16,0.75,10.0,0.21,23.97,0.2,15.0,0.23,20.3,0.24,34.7,0.02,0.02,2358.053918,1776318853000
1776318855.312,255.312,0.72,15.0,0.71,87.5,0.74,13.8,0.75,10.0,0.26,15.16,0.25,10.0,0.28,5.0,0.29,87.5,0.02,0.02,2358.038592,1776318854000
1776318855.865,255.865,0.72,11.07,0.71,182.37,0.74,12.31,0.75,10.0,0.26,13.8,0.25,10.0,0.28,11.07,0.29,87.5,0.02,0.02,2358.038592,1776318854000
1776318856.323,256.323,0.73,5.0,0.72,28.96,0.74,15.95,0.75,10.0,0.26,12.31,0.25,10.0,0.28,11.07,0.29,182.37,0.01,0.02,2358.0301,1776318855000
1776318856.556,256.556,0.73,5.0,0.72,28.96,0.74,28.86,0.75,10.0,0.26,15.95,0.25,10.0,0.27,5.0,0.28,28.96,0.01,0.01,2358.0301,1776318855000
1776318856.844,256.844,0.73,105.22,0.72,28.96,0.74,8.18,0.75,10.0,0.26,28.86,0.25,10.0,0.27,5.0,0.28,28.96,0.01,0.01,2358.0301,1776318855000
1776318859.161,259.161,0.74,97.63,0.69,80.0,0.75,15.0,0.76,80.0,0.26,8.18,0.25,10.0,0.27,105.22,0.28,28.96,0.01,0.01,2357.985668,1776318857000
1776318859.551,259.551,0.68,15.0,0.67,15.0,0.69,18.82,0.7,35.0,0.25,20.0,0.24,80.0,0.31,80.0,0.32,10.0,0.01,0.06,2357.970918,1776318858000
1776318860.223,260.223,0.59,12.05,0.48,2.83,0.6,115.0,0.61,10.0,0.31,18.82,0.3,35.0,0.32,15.0,0.33,15.0,0.01,0.01,2357.89349,1776318859000
1776318860.495,260.495,0.34,5.0,0.33,15.0,0.36,10.0,0.37,10.0,0.55,70.0,0.54,119.32,0.56,0.14,0.57,5.0,0.02,0.01,2357.89349,1776318859000
1776318860.7,260.7,0.33,12.71,0.32,115.0,0.35,2.4,0.36,14.0,0.65,10.0,0.64,14.0,0.67,12.71,0.68,115.0,0.02,0.02,2357.89349,1776318859000
1776318860.93,260.93,0.33,12.53,0.32,115.0,0.34,10.02,0.35,10.0,0.66,6.64,0.65,10.0,0.67,12.53,0.68,115.0,0.01,0.01,2357.89349,1776318859000
1776318861.585,261.585,0.24,8.86,0.23,40.0,0.35,18.62,0.36,70.0,0.65,8.62,0.64,14.0,0.68,112.53,0.69,141.33,0.11,0.03,2357.863281,1776318860000
1776318861.809,261.809,0.28,3.75,0.27,4.6,0.3,10.0,0.31,5.0,0.68,99.0,0.67,112.0,0.73,4.6,0.74,10.0,0.02,0.05,2357.863281,1776318860000
1776318862.034,262.034,0.27,5.56,0.26,10.0,0.29,6.0,0.3,39.0,0.7,44.0,0.69,15.0,0.72,5.56,0.73,15.0,0.02,0.02,2357.863281,1776318860000
1776318863.287,263.287,0.28,15.0,0.27,5.56,0.3,17.0,0.32,7.0,0.71,6.0,0.7,39.0,0.73,5.56,0.74,10.0,0.02,0.02,2357.43901,1776318861000
1776318864.08,264.08,0.29,15.0,0.28,15.0,0.3,24.53,0.31,63.0,0.7,17.0,0.68,7.0,0.72,15.0,0.73,5.56,0.01,0.02,2357.255223,1776318863000
1776318864.838,264.838,0.29,8.06,0.28,73.0,0.3,19.53,0.31,63.0,0.7,24.53,0.69,63.0,0.71,15.0,0.72,15.0,0.01,0.01,2357.255223,1776318863000
1776318865.331,265.331,0.28,1.11,0.27,5.56,0.3,26.53,0.31,131.0,0.7,19.53,0.69,63.0,0.71,8.06,0.72,73.0,0.02,0.01,2357.2037,1776318864000
1776318865.94,265.94,0.2,10.12,0.15,30.0,0.21,15.0,0.22,80.0,0.7,26.53,0.69,131.0,0.72,1.11,0.73,5.56,0.01,0.02,2357.2037,1776318864000
1776318866.141,266.141,0.12,3.84,0.1,25.0,0.14,9.92,0.15,10.0,0.79,324.0,0.78,41.0,0.88,3.84,0.9,25.0,0.02,0.09,2357.2037,1776318864000
1776318866.381,266.381,0.1,17.1,0.06,58.0,0.11,54.0,0.12,22.0,0.87,22.0,0.86,20.73,0.9,22.65,0.94,58.0,0.01,0.03,2357.224715,1776318865000
1776318866.668,266.668,0.1,5.41,0.06,58.0,0.11,54.0,0.12,22.0,0.89,54.0,0.88,22.0,0.9,12.01,0.94,58.0,0.01,0.01,2357.224715,1776318865000
1776318866.99,266.99,0.09,1.4,0.06,58.0,0.11,29.54,0.12,53.0,0.89,24.54,0.88,48.0,0.9,1.42,0.94,58.0,0.02,0.01,2357.224715,1776318865000
1776318867.221,267.221,0.06,40.0,0.05,36.86,0.07,22.0,0.08,17.0,0.9,22.0,0.89,24.54,0.94,49.45,0.95,36.86,0.01,0.04,2357.15273,1776318866000
1776318867.564,267.564,0.06,40.0,0.05,36.86,0.08,17.0,0.09,10.0,0.93,22.0,0.92,17.0,0.94,40.0,0.95,36.86,0.02,0.01,2357.15273,1776318866000
1776318867.858,267.858,0.06,31.8,0.05,36.86,0.07,15.0,0.08,17.0,0.92,17.0,0.91,10.0,0.94,36.8,0.95,36.86,0.01,0.02,2357.15273,1776318866000
1776318868.726,268.726,0.06,58.16,0.05,31.86,0.07,10.0,0.08,17.0,0.93,15.0,0.92,17.0,0.94,19.16,0.95,36.86,0.01,0.01,2356.861546,1776318867000
1776318869.009,269.009,0.06,63.16,0.05,31.86,0.08,6.05,0.09,33.0,0.93,13.35,0.92,17.0,0.94,63.16,0.95,31.86,0.02,0.01,2356.861546,1776318867000
1776318869.562,269.562,0.06,53.16,0.05,37.71,0.07,10.0,0.08,3.48,0.92,3.48,0.91,33.0,0.94,58.16,0.95,37.71,0.01,0.02,2356.800614,1776318868000
1776318869.837,269.837,0.06,37.94,0.05,37.71,0.07,15.0,0.08,3.48,0.93,10.0,0.92,3.48,0.94,53.16,0.95,37.71,0.01,0.01,2356.800614,1776318868000
1776318870.4,270.4,0.05,32.71,0.04,163.8,0.06,10.0,0.07,10.0,0.93,15.0,0.92,3.48,0.94,37.94,0.95,37.71,0.01,0.01,2356.756852,1776318869000
1776318870.747,270.747,0.05,82.71,0.04,35.0,0.07,9.0,0.08,3.48,0.94,10.0,0.93,10.0,0.95,32.71,0.96,163.8,0.02,0.01,2356.756852,1776318869000
1776318871.335,271.335,0.06,8.93,0.05,135.71,0.07,14.0,0.08,5.0,0.93,14.0,0.92,8.48,0.95,77.71,0.96,35.0,0.01,0.02,2356.742782,1776318870000
1776318872.08,272.08,0.05,134.34,0.04,35.0,0.07,19.0,0.08,15.0,0.93,14.0,0.92,5.0,0.94,3.63,0.95,135.71,0.02,0.01,2356.742782,1776318870000
1776318873.353,273.353,0.06,6.8,0.05,94.23,0.07,14.0,0.08,20.0,0.93,19.0,0.92,15.0,0.95,134.23,0.96,35.0,0.01,0.02,2356.694762,1776318872000
1776318873.706,273.706,0.08,23.0,0.07,10.0,0.1,26.0,0.11,81.0,0.93,14.0,0.92,20.0,0.94,6.8,0.95,94.23,0.02,0.01,2356.694762,1776318872000
1776318874.301,274.301,0.09,16.89,0.08,15.0,0.1,37.0,0.11,81.0,0.9,26.0,0.89,81.0,0.92,23.0,0.93,10.0,0.01,0.02,2356.708869,1776318873000
1776318874.619,274.619,0.09,14.25,0.08,15.0,0.1,48.0,0.11,91.0,0.9,37.0,0.89,81.0,0.91,16.89,0.92,15.0,0.01,0.01,2356.708869,1776318873000
1776318875.362,275.362,0.08,4.25,0.07,29.0,0.1,58.0,0.11,91.0,0.9,53.0,0.89,91.0,0.91,9.25,0.92,15.0,0.02,0.01,2356.708135,1776318874000
1776318875.67,275.67,0.07,22.02,0.06,6.8,0.09,36.0,0.1,54.0,0.9,58.0,0.89,91.0,0.92,4.25,0.93,29.0,0.02,0.02,2356.708135,1776318874000
1776318877.285,277.285,0.05,16.23,0.04,25.0,0.06,114.0,0.07,101.0,0.91,36.0,0.9,54.0,0.93,22.02,0.94,6.8,0.01,0.02,2356.738715,1776318876000
1776318877.861,277.861,0.05,9.58,0.04,25.0,0.06,123.0,0.07,16.0,0.94,114.0,0.93,101.0,0.95,16.23,0.96,25.0,0.01,0.01,2356.738715,1776318876000
1776318878.527,278.527,0.05,39.58,0.04,35.0,0.06,6.0,0.07,6.0,0.94,123.0,0.93,16.0,0.95,9.58,0.96,25.0,0.01,0.01,2356.735965,1776318877000
1776318878.817,278.817,0.04,35.0,0.03,116.0,0.06,6.0,0.07,6.0,0.94,6.0,0.93,6.0,0.95,39.58,0.96,35.0,0.02,0.01,2356.735965,1776318877000
1776318880.037,280.037,0.05,25.0,0.04,88.0,0.06,48.0,0.07,10.0,0.9,15.0,0.89,118.0,0.95,10.0,0.96,35.0,0.01,0.05,2356.742385,1776318878000
1776318880.994,280.994,0.04,83.0,0.03,111.0,0.07,15.0,0.08,138.0,0.94,53.0,0.93,10.0,0.95,5.0,0.96,88.0,0.03,0.01,2356.785069,1776318879000
1776318881.958,281.958,0.04,25.0,0.03,111.0,0.05,7.2,0.06,15.0,0.93,15.0,0.92,138.0,0.96,83.0,0.97,111.0,0.01,0.03,2356.78317,1776318880000
1776318882.283,282.283,0.04,19.6,0.03,111.0,0.05,7.2,0.06,65.0,0.95,7.2,0.94,15.0,0.96,25.0,0.97,111.0,0.01,0.01,2356.78317,1776318880000
1776318883.079,283.079,0.03,111.0,0.02,230.73,0.05,12.2,0.06,65.0,0.95,7.2,0.94,65.0,0.96,19.6,0.97,111.0,0.02,0.01,2356.78317,1776318880000
1776318883.4,283.4,0.03,116.0,0.02,230.73,0.06,60.16,0.07,10.0,0.95,12.2,0.94,65.0,0.97,111.0,0.98,230.73,0.03,0.02,2356.78317,1776318880000
1776318886.335,286.335,0.03,114.96,0.02,230.73,0.04,10.0,0.05,15.0,0.94,60.16,0.93,10.0,0.97,116.0,0.98,230.73,0.01,0.03,2356.774187,1776318884000
1776318887.276,287.276,0.13,10.0,0.12,10.0,0.17,56.0,0.19,10.0,0.96,10.0,0.95,15.0,0.97,114.96,0.98,230.73,0.04,0.01,2356.785322,1776318886000
1776318887.683,287.683,0.16,4.49,0.15,40.0,0.26,50.0,0.28,58.0,0.79,175.9,0.78,10.0,0.83,10.0,0.84,10.0,0.1,0.04,2356.785322,1776318886000
1776318887.936,287.936,0.3,12.4,0.29,10.0,0.31,40.58,0.33,10.0,0.69,10.0,0.67,10.0,0.7,7.4,0.71,10.0,0.01,0.01,2356.785322,1776318886000
1776318888.246,288.246,0.26,50.0,0.24,30.0,0.28,140.0,0.29,80.0,0.6,30.0,0.59,80.0,0.69,34.8,0.7,10.0,0.02,0.09,2356.785322,1776318886000
1776318888.582,288.582,0.24,10.0,0.21,50.0,0.25,80.0,0.26,30.0,0.74,20.0,0.73,8.9,0.76,30.0,0.79,50.0,0.01,0.02,2356.785322,1776318886000
1776318889.103,289.103,0.21,108.0,0.18,10.0,0.26,28.0,0.27,8.9,0.75,48.0,0.74,30.0,0.76,10.0,0.79,50.0,0.05,0.01,2356.783027,1776318887000
1776318889.371,289.371,0.24,5.39,0.23,10.0,0.26,20.0,0.27,10.0,0.74,20.0,0.73,10.0,0.75,3.33,0.76,10.0,0.02,0.01,2356.783027,1776318887000
1776318890.356,290.356,0.21,68.0,0.2,10.0,0.23,10.0,0.24,24.0,0.74,20.0,0.73,10.0,0.76,5.39,0.77,10.0,0.02,0.02,2356.869265,1776318888000
1776318890.949,290.949,0.21,68.0,0.2,10.0,0.23,10.0,0.24,24.0,0.77,10.0,0.76,24.0,0.79,68.0,0.8,10.0,0.02,0.02,2357.066602,1776318889000
1776318891.314,291.314,0.21,51.22,0.2,10.0,0.22,20.0,0.23,28.0,0.77,10.0,0.76,24.0,0.79,68.0,0.8,10.0,0.01,0.02,2357.17396,1776318890000
1776318891.763,291.763,0.16,112.0,0.14,10.0,0.17,4.11,0.18,15.0,0.78,20.0,0.77,28.0,0.79,51.07,0.8,10.0,0.01,0.01,2357.17396,1776318890000
1776318892.343,292.343,0.16,53.8,0.14,10.0,0.18,12.36,0.19,20.0,0.83,4.0,0.82,14.14,0.84,53.8,0.86,10.0,0.02,0.01,2357.17396,1776318890000
1776318893.412,293.412,0.16,37.65,0.14,10.0,0.17,48.0,0.18,28.36,0.82,12.36,0.81,20.0,0.84,53.8,0.86,10.0,0.01,0.02,2357.249436,1776318892000
1776318894.954,294.954,0.12,5.0,0.11,60.0,0.14,38.0,0.15,10.0,0.83,48.0,0.82,28.36,0.84,37.65,0.86,10.0,0.02,0.01,2357.19741,1776318893000
1776318896.437,296.437,0.07,8.77,0.06,60.0,0.08,15.0,0.09,30.0,0.88,5.0,0.87,15.0,0.89,56.16,0.9,10.0,0.01,0.01,2357.249345,1776318895000
1776318897.342,297.342,0.06,39.04,0.03,101.96,0.07,41.0,0.08,35.0,0.92,20.0,0.91,42.0,0.94,60.0,0.95,10.0,0.01,0.02,2357.207585,1776318896000
1776318897.63,297.63,0.03,60.57,0.02,165.73,0.04,10.0,0.05,10.0,0.93,15.0,0.92,69.37,0.97,72.57,0.98,160.73,0.01,0.04,2357.207585,1776318896000
1776318897.871,297.871,0.03,29.57,0.02,160.73,0.05,65.0,0.06,80.0,0.95,10.0,0.94,10.0,0.97,29.57,0.98,160.73,0.02,0.02,2357.207585,1776318896000
1776318898.113,298.113,0.03,20.97,0.02,160.73,0.05,62.6,0.06,80.0,0.96,15.0,0.95,75.0,0.97,15.97,0.98,160.73,0.02,0.01,2357.207585,1776318896000
1776318898.381,298.381,0.03,9.84,0.02,160.73,0.05,41.6,0.06,80.0,0.95,41.6,0.94,80.0,0.97,10.97,0.98,160.73,0.02,0.02,2357.207585,1776318896000
1776318898.604,298.604,0.01,1355.94,,,0.03,10.0,0.04,15.0,0.97,10.0,0.96,10.0,0.99,1357.97,,,0.02,0.02,2357.207585,1776318896000
1776318898.846,298.846,0.01,1417.38,,,0.03,10.0,0.04,2.0,0.96,2.0,0.95,34.6,0.99,1322.38,,,0.02,0.03,2357.213164,1776318897000
1776318899.07,299.07,0.01,885.57,,,0.02,10.0,0.03,27.0,0.98,10.0,0.97,27.0,0.99,891.59,,,0.01,0.01,2357.213164,1776318897000
1776318899.597,299.597,,,,,0.01,5811.32,0.02,10.0,0.99,1414.43,0.98,10.0,,,,,,,2357.213164,1776318897000
1776318900.07,300.07,,,,,0.01,26009.39,0.02,10.0,0.99,5811.32,0.98,10.0,,,,,,,2357.207685,1776318898000
1776318900.541,300.541,,,,,0.01,29270.31,0.02,10.0,0.99,26009.39,0.98,10.0,,,,,,,2357.20762,1776318899000

# RESULT,winner=Down,slug=eth-updown-5m-1776318600,ticks=313
