timestamp,elapsed_sec,up_bid_p1,up_bid_s1,up_bid_p2,up_bid_s2,up_ask_p1,up_ask_s1,up_ask_p2,up_ask_s2,down_bid_p1,down_bid_s1,down_bid_p2,down_bid_s2,down_ask_p1,down_ask_s1,down_ask_p2,down_ask_s2,up_spread,down_spread,eth_price,eth_oracle_ts
1776333601.197,1.197,0.51,5.0,0.5,5.0,0.52,26.92,0.54,70.0,0.48,26.91,0.46,70.0,0.5,10.05,0.51,6.0,0.01,0.02,2338.4837,1776333599000
1776333601.939,1.939,0.51,5.0,0.5,5.0,0.52,24.99,0.53,5.0,0.48,26.92,0.46,70.0,0.49,5.0,0.5,5.0,0.01,0.01,2338.451025,1776333600000
1776333602.231,2.231,0.51,5.0,0.5,5.0,0.52,25.37,0.53,5.0,0.48,24.99,0.47,5.0,0.49,5.0,0.5,5.0,0.01,0.01,2338.451025,1776333600000
1776333602.442,2.442,0.38,5.0,0.36,10.5,0.52,25.37,0.55,13.0,0.48,25.37,0.36,5.5,0.52,38.41,0.62,5.0,0.14,0.04,2338.451025,1776333600000
1776333602.689,2.689,0.4,75.0,0.39,70.0,0.49,4.57,0.5,145.0,0.55,47.77,0.54,70.0,0.62,5.0,0.64,10.5,0.09,0.07,2338.451275,1776333601000
1776333603.124,3.124,0.46,70.0,0.45,70.0,0.51,60.57,0.52,15.37,0.51,4.57,0.5,145.0,0.6,75.0,0.61,70.0,0.05,0.09,2338.45097,1776333602000
1776333603.671,3.671,0.51,10.0,0.5,15.0,0.52,10.15,0.54,10.0,0.49,60.57,0.48,15.37,0.54,70.0,0.55,70.0,0.01,0.05,2338.45097,1776333602000
1776333603.886,3.886,0.52,10.0,0.51,10.0,0.54,5.0,0.55,10.0,0.46,5.0,0.45,10.0,0.48,10.0,0.49,10.0,0.02,0.02,2338.45097,1776333602000
1776333604.089,4.089,0.52,5.0,0.51,8.46,0.54,6.88,0.55,10.0,0.46,1.88,0.45,10.0,0.49,8.46,0.5,15.0,0.02,0.03,2338.45097,1776333602000
1776333604.502,4.502,0.52,5.0,0.51,13.46,0.53,19.77,0.54,7.88,0.46,6.88,0.45,10.0,0.48,5.0,0.49,8.46,0.01,0.02,2338.364747,1776333603000
1776333604.835,4.835,0.51,13.46,0.5,15.0,0.52,42.65,0.53,24.77,0.47,19.77,0.46,7.88,0.48,5.0,0.49,13.46,0.01,0.01,2338.364747,1776333603000
1776333605.24,5.24,0.51,13.46,0.5,20.0,0.52,52.89,0.53,51.28,0.48,42.65,0.47,24.77,0.49,13.46,0.5,15.0,0.01,0.01,2338.364747,1776333603000
1776333605.722,5.722,0.51,1.93,0.5,53.0,0.52,28.0,0.53,36.51,0.48,52.89,0.47,51.28,0.49,13.46,0.5,20.0,0.01,0.01,2338.42101,1776333604000
1776333607.74,7.74,0.51,30.0,0.5,37.0,0.52,13.07,0.53,23.51,0.48,28.0,0.47,36.51,0.49,1.93,0.5,53.0,0.01,0.01,2338.544515,1776333606000
1776333608.058,8.058,0.51,18.97,0.5,37.0,0.52,13.07,0.53,23.51,0.48,13.07,0.47,23.51,0.49,30.0,0.5,37.0,0.01,0.01,2338.544515,1776333606000
1776333608.378,8.378,0.52,117.62,0.51,183.0,0.53,3.51,0.56,5.0,0.47,8.51,0.42,13.0,0.48,11.62,0.49,111.99,0.01,0.01,2338.54401,1776333607000
1776333609.023,9.023,0.57,15.5,0.55,5.0,0.58,20.87,0.59,28.0,0.42,10.0,0.41,28.0,0.45,15.0,0.46,10.0,0.01,0.03,2338.54401,1776333607000
1776333610.145,10.145,0.57,10.0,0.55,10.0,0.58,82.1,0.59,143.85,0.42,20.87,0.41,28.0,0.43,15.5,0.45,5.0,0.01,0.01,2338.543675,1776333608000
1776333611.095,11.095,0.54,14.41,0.53,32.0,0.55,15.0,0.56,64.26,0.42,87.1,0.41,143.85,0.46,9.63,0.47,32.0,0.01,0.04,2338.590175,1776333609000
1776333611.448,11.448,0.53,10.5,0.52,12.0,0.55,230.5,0.56,115.26,0.45,15.0,0.44,64.26,0.46,14.41,0.47,32.0,0.02,0.01,2338.708409,1776333610000
1776333612.048,12.048,0.52,27.5,0.51,74.0,0.53,24.5,0.54,15.0,0.45,235.5,0.44,115.26,0.48,12.0,0.49,74.0,0.01,0.03,2338.67888,1776333611000
1776333612.409,12.409,0.52,22.5,0.51,74.0,0.53,0.92,0.54,15.0,0.47,24.5,0.46,15.0,0.48,27.5,0.49,74.0,0.01,0.01,2338.67888,1776333611000
1776333613.039,13.039,0.52,22.5,0.51,79.0,0.53,10.92,0.54,15.0,0.47,0.92,0.46,15.0,0.48,22.5,0.49,74.0,0.01,0.01,2338.67888,1776333611000
1776333614.201,14.201,0.52,25.5,0.51,72.0,0.54,5.62,0.55,190.0,0.47,10.92,0.46,15.0,0.48,22.5,0.49,79.0,0.02,0.01,2338.65386,1776333612000
1776333615.058,15.058,0.56,20.0,0.55,15.0,0.58,239.5,0.59,128.5,0.46,5.62,0.45,190.0,0.48,25.5,0.49,72.0,0.02,0.02,2338.599575,1776333613000
1776333621.479,21.479,0.56,20.0,0.55,112.0,0.58,259.5,0.59,125.5,0.42,215.5,0.41,128.5,0.44,9.37,0.45,15.0,0.02,0.02,2338.65941,1776333620000
1776333621.849,21.849,0.55,25.0,0.54,15.0,0.57,30.5,0.58,32.5,0.42,259.5,0.41,125.5,0.44,20.0,0.45,112.0,0.02,0.02,2338.65941,1776333620000
1776333624.207,24.207,0.57,102.0,0.56,210.5,0.59,290.5,0.6,13.0,0.43,30.5,0.42,32.5,0.45,25.0,0.46,15.0,0.02,0.02,2338.69894,1776333622000
1776333628.101,28.101,0.6,45.0,0.59,30.5,0.62,10.5,0.63,147.0,0.41,290.5,0.4,13.0,0.43,102.0,0.44,210.5,0.02,0.02,2338.769355,1776333626000
1776333628.39,28.39,0.61,20.0,0.6,127.0,0.62,5.5,0.63,332.0,0.38,10.5,0.37,147.0,0.4,45.0,0.41,30.5,0.01,0.02,2338.769355,1776333626000
1776333628.726,28.726,0.61,5.0,0.6,45.0,0.62,9.85,0.63,167.0,0.38,5.5,0.37,332.0,0.39,20.0,0.4,127.0,0.01,0.01,2338.737357,1776333627000
1776333628.933,28.933,0.59,5.0,0.58,10.0,0.6,196.5,0.61,100.5,0.38,20.85,0.37,116.02,0.4,19.87,0.41,5.0,0.01,0.02,2338.737357,1776333627000
1776333629.168,29.168,0.56,15.5,0.55,15.0,0.57,10.0,0.58,95.5,0.4,211.5,0.39,181.52,0.44,32.83,0.45,15.0,0.01,0.04,2338.737357,1776333627000
1776333629.884,29.884,0.55,17.54,0.54,28.0,0.56,30.0,0.57,210.5,0.43,10.0,0.42,95.5,0.44,15.5,0.45,15.0,0.01,0.01,2338.730715,1776333628000
1776333630.275,30.275,0.55,20.31,0.54,85.0,0.56,205.0,0.57,25.5,0.44,30.0,0.43,210.5,0.45,17.54,0.46,28.0,0.01,0.01,2338.730715,1776333628000
1776333631.541,31.541,0.54,33.5,0.53,32.66,0.55,3.18,0.56,236.5,0.44,205.0,0.43,25.5,0.45,20.31,0.46,85.0,0.01,0.01,2338.7704,1776333630000
1776333633.142,33.142,0.54,37.75,0.53,85.66,0.55,194.0,0.56,98.5,0.45,19.18,0.44,226.5,0.46,23.5,0.47,37.66,0.01,0.01,2338.66048,1776333632000
1776333634.026,34.026,0.54,32.75,0.53,85.66,0.55,194.0,0.56,98.5,0.45,194.0,0.44,98.5,0.46,37.75,0.47,85.66,0.01,0.01,2338.6531,1776333633000
1776333634.279,34.279,0.54,40.57,0.53,85.66,0.55,194.0,0.56,103.5,0.45,194.0,0.44,98.5,0.46,32.75,0.47,85.66,0.01,0.01,2338.6531,1776333633000
1776333635.082,35.082,0.54,40.57,0.53,85.66,0.55,192.18,0.56,46.5,0.45,194.0,0.44,103.5,0.46,40.57,0.47,85.66,0.01,0.01,2338.64633,1776333634000
1776333637.95,37.95,0.54,32.57,0.53,97.99,0.55,176.17,0.56,41.5,0.45,192.18,0.44,46.5,0.46,40.57,0.47,85.66,0.01,0.01,2338.65523,1776333636000
1776333640.653,40.653,0.6,55.0,0.59,30.5,0.61,65.47,0.62,97.5,0.45,176.17,0.44,41.5,0.46,32.57,0.47,97.99,0.01,0.01,2338.65348,1776333639000
1776333641.113,41.113,0.6,50.0,0.59,25.0,0.61,271.52,0.62,97.5,0.39,65.47,0.38,97.5,0.4,55.0,0.41,30.5,0.01,0.01,2338.718435,1776333640000
1776333643.232,43.232,0.6,45.0,0.59,35.5,0.61,258.46,0.62,97.5,0.39,271.52,0.38,97.5,0.4,50.0,0.41,25.0,0.01,0.01,2338.81036,1776333642000
1776333643.607,43.607,0.6,312.5,0.59,35.5,0.61,62.96,0.62,25.0,0.39,258.46,0.38,97.5,0.4,45.0,0.41,35.5,0.01,0.01,2338.81036,1776333642000
1776333644.272,44.272,0.61,50.0,0.6,297.5,0.62,23.5,0.63,91.47,0.38,33.5,0.37,80.5,0.39,10.0,0.4,307.5,0.01,0.01,2338.81036,1776333643000
1776333648.288,48.288,0.63,332.7,0.62,205.5,0.64,0.5,0.7,12.02,0.38,23.5,0.37,91.47,0.39,50.0,0.4,297.5,0.01,0.01,2338.84136,1776333647000
1776333648.587,48.587,0.69,30.0,0.68,25.5,0.7,24.94,0.71,144.5,0.3,16.02,0.29,139.5,0.31,15.0,0.32,25.5,0.01,0.01,2338.84136,1776333647000
1776333648.793,48.793,0.69,60.0,0.68,30.5,0.71,375.24,0.72,80.0,0.3,24.94,0.29,144.5,0.31,30.0,0.32,25.5,0.02,0.01,2338.84136,1776333647000
1776333649.431,49.431,0.7,51.0,0.69,50.0,0.71,363.33,0.72,122.89,0.29,375.24,0.28,80.0,0.31,60.0,0.32,30.5,0.01,0.02,2338.858375,1776333648000
1776333649.888,49.888,0.7,58.45,0.69,20.0,0.71,330.25,0.72,156.0,0.29,368.33,0.28,122.89,0.3,49.25,0.31,50.0,0.01,0.01,2338.858375,1776333648000
1776333650.507,50.507,0.7,29.25,0.69,30.5,0.71,312.09,0.72,166.5,0.29,330.25,0.28,156.0,0.3,58.45,0.31,20.0,0.01,0.01,2338.858375,1776333649000
1776333654.643,54.643,0.7,41.83,0.69,20.5,0.71,319.09,0.72,171.5,0.29,312.09,0.28,166.5,0.3,29.25,0.31,30.5,0.01,0.01,2339.25332,1776333653000
1776333655.189,55.189,0.7,36.66,0.69,20.5,0.71,314.09,0.72,171.5,0.29,319.09,0.28,171.5,0.3,41.83,0.31,20.5,0.01,0.01,2339.266655,1776333654000
1776333660.353,60.353,0.73,102.03,0.72,130.5,0.74,1.0,0.78,21.0,0.29,314.09,0.28,171.5,0.3,36.66,0.31,20.5,0.01,0.01,2339.26739,1776333658000
1776333660.633,60.633,0.78,77.5,0.77,10.0,0.79,18.55,0.8,220.5,0.21,28.68,0.2,220.5,0.22,77.5,0.23,10.0,0.01,0.01,2339.279815,1776333659000
1776333661.218,61.218,0.79,20.0,0.78,70.5,0.8,8.63,0.81,30.0,0.2,219.05,0.19,103.4,0.22,70.5,0.23,15.0,0.01,0.02,2339.28324,1776333660000
1776333661.437,61.437,0.8,25.5,0.79,80.5,0.81,7.1,0.82,111.4,0.19,9.55,0.18,54.4,0.2,25.5,0.21,85.5,0.01,0.01,2339.28324,1776333660000
1776333661.833,61.833,0.8,20.5,0.79,65.5,0.81,57.86,0.82,234.4,0.19,59.1,0.18,234.4,0.2,25.5,0.21,65.5,0.01,0.01,2339.28324,1776333660000
1776333662.061,62.061,0.8,25.5,0.79,65.5,0.81,57.86,0.82,234.4,0.19,57.86,0.18,234.4,0.2,20.5,0.21,65.5,0.01,0.01,2339.28324,1776333660000
1776333662.521,62.521,0.8,40.5,0.79,122.5,0.81,35.1,0.82,291.0,0.19,57.86,0.18,234.4,0.2,25.5,0.21,65.5,0.01,0.01,2339.28324,1776333660000
1776333663.572,63.572,0.8,45.5,0.79,122.5,0.81,54.56,0.82,267.0,0.19,35.1,0.18,291.0,0.2,40.5,0.21,122.5,0.01,0.01,2339.720479,1776333662000
1776333664.382,64.382,0.8,75.51,0.79,122.5,0.81,5.0,0.82,281.0,0.19,53.32,0.18,267.0,0.2,45.5,0.21,122.5,0.01,0.01,2339.869028,1776333663000
1776333664.881,64.881,0.79,89.65,0.78,269.49,0.81,10.0,0.82,281.0,0.19,5.0,0.18,281.0,0.2,75.51,0.21,122.5,0.02,0.01,2339.869028,1776333663000
1776333665.178,65.178,0.8,92.5,0.79,231.31,0.81,5.0,0.83,54.5,0.19,10.0,0.18,281.0,0.21,89.65,0.22,269.49,0.01,0.02,2339.869028,1776333663000
1776333665.785,65.785,0.8,293.5,0.79,82.97,0.83,8.0,0.84,64.8,0.19,5.0,0.17,54.5,0.2,92.5,0.21,231.31,0.03,0.01,2339.925825,1776333664000
1776333666.229,66.229,0.83,50.0,0.82,85.5,0.84,394.27,0.85,155.7,0.17,8.0,0.16,64.8,0.2,293.5,0.21,82.97,0.01,0.03,2339.925825,1776333664000
1776333666.97,66.97,0.83,65.5,0.82,35.5,0.84,3.0,0.85,287.0,0.16,394.27,0.15,155.7,0.17,50.0,0.18,85.5,0.01,0.01,2339.938835,1776333665000
1776333667.589,67.589,0.84,45.5,0.83,35.5,0.85,303.97,0.86,219.4,0.16,3.0,0.15,287.0,0.17,65.5,0.18,35.5,0.01,0.01,2339.952275,1776333666000
1776333668.685,68.685,0.84,71.5,0.83,35.5,0.85,361.47,0.86,219.4,0.15,303.97,0.14,219.4,0.16,45.5,0.17,35.5,0.01,0.01,2339.952275,1776333666000
1776333669.497,69.497,0.84,47.0,0.83,35.5,0.85,366.47,0.86,219.4,0.15,361.47,0.14,219.4,0.16,71.5,0.17,35.5,0.01,0.01,2339.99993,1776333667000
1776333669.962,69.962,0.84,57.0,0.83,35.5,0.85,355.47,0.86,219.4,0.15,366.47,0.14,219.4,0.16,47.0,0.17,35.5,0.01,0.01,2340.045485,1776333668000
1776333671.059,71.059,0.84,37.0,0.83,35.5,0.85,351.58,0.86,219.4,0.15,355.47,0.14,219.4,0.16,57.0,0.17,35.5,0.01,0.01,2340.105555,1776333669000
1776333671.288,71.288,0.84,37.0,0.83,35.5,0.85,342.58,0.86,229.4,0.15,351.58,0.14,219.4,0.16,37.0,0.17,35.5,0.01,0.01,2340.105555,1776333670000
1776333671.872,71.872,0.84,41.25,0.83,35.5,0.85,341.4,0.86,229.4,0.15,342.58,0.14,229.4,0.16,30.75,0.17,35.5,0.01,0.01,2340.105555,1776333670000
1776333675.658,75.658,0.84,46.25,0.83,41.5,0.85,354.6,0.86,179.4,0.15,341.4,0.14,229.4,0.16,41.25,0.17,35.5,0.01,0.01,2340.107565,1776333674000
1776333676.218,76.218,0.84,40.75,0.83,41.5,0.85,341.9,0.86,149.4,0.15,354.6,0.14,179.4,0.16,46.25,0.17,41.5,0.01,0.01,2340.107565,1776333674000
1776333683.056,83.056,0.86,30.5,0.85,118.5,0.87,58.8,0.88,78.6,0.15,341.9,0.14,149.4,0.16,40.75,0.17,41.5,0.01,0.01,2340.10515,1776333682000
1776333683.263,83.263,0.86,122.5,0.85,108.5,0.87,26.8,0.88,125.1,0.13,58.8,0.12,78.6,0.14,30.5,0.15,118.5,0.01,0.01,2340.10515,1776333682000
1776333685.593,85.593,0.86,112.5,0.85,155.5,0.87,28.65,0.88,305.1,0.13,14.8,0.12,125.1,0.14,117.5,0.15,98.5,0.01,0.01,2340.26528,1776333684000
1776333687.396,87.396,0.86,112.5,0.85,155.5,0.87,12.28,0.88,305.1,0.13,28.65,0.12,305.1,0.14,112.5,0.15,155.5,0.01,0.01,2340.336335,1776333686000
1776333688.758,88.758,0.86,388.83,0.85,94.5,0.87,11.28,0.89,70.0,0.13,12.28,0.12,305.1,0.14,112.5,0.15,155.5,0.01,0.01,2340.410778,1776333687000
1776333689.249,89.249,0.88,31.66,0.87,38.5,0.89,348.5,0.9,130.5,0.11,137.5,0.1,90.5,0.14,141.83,0.15,85.16,0.01,0.03,2340.371753,1776333688000
1776333689.765,89.765,0.88,15.66,0.87,38.5,0.89,317.27,0.9,168.5,0.11,322.5,0.1,113.5,0.12,15.66,0.13,38.5,0.01,0.01,2340.371753,1776333688000
1776333690.565,90.565,0.88,15.66,0.87,38.5,0.89,300.17,0.9,173.5,0.11,317.27,0.1,168.5,0.12,15.66,0.13,38.5,0.01,0.01,2340.367363,1776333689000
1776333691.438,91.438,0.86,33.0,0.85,35.5,0.89,368.96,0.9,287.5,0.11,300.17,0.1,173.5,0.12,15.66,0.13,38.5,0.03,0.01,2340.460259,1776333690000
1776333692.828,92.828,0.87,10.0,0.86,23.0,0.88,110.17,0.89,145.96,0.11,368.96,0.1,287.5,0.14,33.0,0.15,35.5,0.01,0.03,2340.522829,1776333691000
1776333694.519,94.519,0.85,15.0,0.84,25.5,0.87,384.5,0.88,121.27,0.12,110.17,0.11,145.96,0.13,10.0,0.14,23.0,0.02,0.01,2340.330003,1776333693000
1776333696.632,96.632,0.83,21.97,0.82,33.5,0.85,272.5,0.86,121.5,0.14,301.5,0.13,107.5,0.16,15.0,0.17,35.5,0.02,0.02,2340.276565,1776333695000
1776333699.407,99.407,0.84,81.95,0.83,21.97,0.85,252.5,0.86,22.5,0.15,272.5,0.14,121.5,0.17,21.97,0.18,33.5,0.01,0.02,2340.163403,1776333698000
1776333708.766,108.766,0.85,20.0,0.84,58.37,0.87,364.5,0.88,117.27,0.15,252.5,0.14,22.5,0.16,81.95,0.17,21.97,0.02,0.01,2340.125985,1776333707000
1776333711.047,111.047,0.83,10.0,0.82,69.49,0.85,82.5,0.86,238.5,0.13,364.5,0.12,117.27,0.15,20.0,0.16,58.37,0.02,0.02,2340.122835,1776333710000
1776333711.263,111.263,0.82,25.5,0.81,113.82,0.83,99.38,0.84,244.5,0.15,301.5,0.14,79.5,0.18,38.49,0.19,75.99,0.01,0.03,2340.122835,1776333710000
1776333712.754,112.754,0.82,92.54,0.81,106.83,0.83,57.39,0.84,244.5,0.17,99.38,0.16,244.5,0.18,10.5,0.19,113.82,0.01,0.01,2340.094176,1776333711000
1776333713.294,113.294,0.82,92.54,0.81,111.83,0.83,41.36,0.84,234.0,0.17,57.39,0.16,244.5,0.18,92.54,0.19,106.83,0.01,0.01,2340.0418,1776333712000
1776333715.038,115.038,0.82,307.5,0.81,171.66,0.83,1.0,0.85,15.0,0.17,41.36,0.16,234.0,0.18,92.54,0.19,111.83,0.01,0.01,2339.9697,1776333714000
1776333719.052,119.052,0.84,52.07,0.83,87.5,0.85,198.23,0.86,112.5,0.15,15.0,0.14,66.5,0.16,21.0,0.18,307.5,0.01,0.01,2340.0271,1776333717000
1776333719.903,119.903,0.86,20.0,0.85,15.0,0.87,354.0,0.88,83.17,0.15,198.23,0.14,112.5,0.16,52.07,0.17,87.5,0.01,0.01,2339.998017,1776333718000
1776333721.942,121.942,0.85,20.0,0.84,46.5,0.86,203.83,0.87,155.0,0.13,354.0,0.12,83.17,0.14,20.0,0.15,15.0,0.01,0.01,2339.9978,1776333720000
1776333723.01,123.01,0.86,81.0,0.85,97.5,0.87,57.76,0.88,300.17,0.14,203.83,0.13,155.0,0.15,20.0,0.16,46.5,0.01,0.01,2340.0223,1776333721000
1776333727.787,127.787,0.86,79.0,0.85,77.0,0.87,46.76,0.88,210.17,0.13,57.76,0.12,300.17,0.14,81.0,0.15,97.5,0.01,0.01,2340.04745,1776333726000
1776333729.265,129.265,0.86,131.0,0.85,210.5,0.87,41.64,0.88,36.17,0.13,46.76,0.12,210.17,0.14,79.0,0.15,77.0,0.01,0.01,2340.06695,1776333728000
1776333732.368,132.368,0.86,393.92,0.85,57.49,0.87,15.64,0.88,20.5,0.13,41.64,0.12,36.17,0.14,131.0,0.15,210.5,0.01,0.01,2340.092,1776333730000
1776333734.224,134.224,0.86,379.77,0.85,57.49,0.87,3.64,0.88,20.5,0.13,3.64,0.12,20.5,0.14,388.92,0.15,57.49,0.01,0.01,2340.092,1776333732000
1776333742.179,142.179,0.86,33.0,0.84,110.99,0.87,30.31,0.88,52.5,0.13,3.64,0.12,20.5,0.14,379.77,0.15,57.49,0.01,0.01,2340.03275,1776333740000
1776333743.143,143.143,0.86,33.0,0.85,15.0,0.87,29.31,0.88,289.5,0.13,30.31,0.12,52.5,0.14,33.0,0.16,110.99,0.01,0.01,2340.0378,1776333741000
1776333744.595,144.595,0.87,132.0,0.86,48.5,0.89,158.29,0.9,313.5,0.13,29.31,0.12,289.5,0.14,33.0,0.15,15.0,0.02,0.01,2340.03059,1776333743000
1776333747.742,147.742,0.88,350.0,0.87,60.5,0.89,70.0,0.9,158.5,0.11,158.29,0.1,313.5,0.13,132.0,0.14,48.5,0.01,0.02,2340.107575,1776333746000
1776333748.542,148.542,0.88,351.66,0.87,76.18,0.89,65.0,0.9,103.5,0.11,70.0,0.1,158.5,0.12,346.66,0.13,55.5,0.01,0.01,2340.107535,1776333747000
1776333749.362,149.362,0.88,351.66,0.87,76.18,0.89,60.0,0.9,103.5,0.11,65.0,0.1,103.5,0.12,351.66,0.13,76.18,0.01,0.01,2340.107865,1776333748000
1776333749.761,149.761,0.88,346.66,0.87,65.68,0.89,62.75,0.9,100.5,0.11,60.0,0.1,103.5,0.12,351.66,0.13,76.18,0.01,0.01,2340.107865,1776333748000
1776333750.33,150.33,0.88,316.67,0.87,76.18,0.89,57.75,0.9,95.5,0.11,62.75,0.1,100.5,0.12,346.66,0.13,65.68,0.01,0.01,2340.11382,1776333749000
1776333751.066,151.066,0.88,321.67,0.87,76.18,0.89,52.52,0.9,101.5,0.11,57.75,0.1,95.5,0.12,316.67,0.13,76.18,0.01,0.01,2340.115195,1776333750000
1776333751.969,151.969,0.88,356.67,0.87,76.18,0.89,37.52,0.9,95.5,0.11,47.52,0.1,101.5,0.12,321.67,0.13,76.18,0.01,0.01,2340.115195,1776333750000
1776333752.864,152.864,0.88,316.67,0.87,103.51,0.89,37.29,0.9,95.5,0.11,37.52,0.1,95.5,0.12,356.67,0.13,76.18,0.01,0.01,2340.11505,1776333751000
1776333753.896,153.896,0.88,316.67,0.87,110.17,0.89,27.29,0.9,95.5,0.11,37.29,0.1,95.5,0.12,321.67,0.13,76.18,0.01,0.01,2340.111735,1776333752000
1776333755.346,155.346,0.88,308.32,0.87,110.17,0.89,27.29,0.9,95.5,0.11,27.29,0.1,95.5,0.12,316.67,0.13,110.17,0.01,0.01,2340.11175,1776333753000
1776333755.953,155.953,0.88,348.82,0.87,128.17,0.9,85.0,0.91,51.0,0.11,26.16,0.1,95.5,0.12,313.32,0.13,110.17,0.02,0.01,2340.10946,1776333754000
1776333757.025,157.025,0.89,322.27,0.88,95.81,0.9,51.0,0.91,51.0,0.1,46.0,0.09,51.0,0.11,48.0,0.12,300.82,0.01,0.01,2340.09784,1776333756000
1776333761.571,161.571,0.89,43.0,0.88,114.72,0.9,70.38,0.91,303.0,0.1,44.88,0.09,51.0,0.11,317.27,0.12,95.81,0.01,0.01,2340.09507,1776333760000
1776333776.513,176.513,0.89,38.0,0.88,75.49,0.9,78.81,0.91,77.0,0.1,70.38,0.09,303.0,0.11,43.0,0.12,114.72,0.01,0.01,2340.058021,1776333774000
1776333778.098,178.098,0.89,299.24,0.88,75.49,0.9,63.81,0.91,78.0,0.1,78.81,0.09,77.0,0.11,38.0,0.12,75.49,0.01,0.01,2339.99195,1776333777000
1776333780.829,180.829,0.89,378.95,0.88,48.16,0.9,28.64,0.91,70.0,0.1,63.81,0.09,78.0,0.11,299.24,0.12,75.49,0.01,0.01,2340.046145,1776333779000
1776333781.167,181.167,0.89,378.95,0.88,48.16,0.9,14.33,0.91,70.0,0.1,26.42,0.09,70.0,0.11,378.95,0.12,48.16,0.01,0.01,2340.046145,1776333779000
1776333781.563,181.563,0.89,378.95,0.88,48.16,0.9,9.33,0.91,70.0,0.1,14.33,0.09,70.0,0.11,378.95,0.12,48.16,0.01,0.01,2340.05627,1776333780000
1776333785.447,185.447,0.89,98.21,0.88,228.16,0.9,11.06,0.91,26.0,0.1,9.33,0.09,70.0,0.11,378.95,0.12,48.16,0.01,0.01,2340.05351,1776333784000
1776333787.812,187.812,0.89,353.21,0.88,48.16,0.9,17.79,0.91,26.0,0.1,11.06,0.09,26.0,0.11,98.21,0.12,228.16,0.01,0.01,2340.047805,1776333786000
1776333789.029,189.029,0.89,341.21,0.88,48.16,0.91,18.31,0.92,27.0,0.1,17.79,0.09,26.0,0.11,353.21,0.12,48.16,0.02,0.01,2339.97235,1776333787000
1776333790.292,190.292,0.89,315.99,0.88,48.16,0.9,9.71,0.91,30.31,0.09,18.31,0.08,27.0,0.11,341.21,0.12,48.16,0.01,0.02,2339.97235,1776333789000
1776333790.782,190.782,0.89,315.99,0.88,48.16,0.9,10.41,0.91,18.31,0.1,9.71,0.09,30.31,0.11,315.99,0.12,48.16,0.01,0.01,2339.97235,1776333789000
1776333792.852,192.852,0.86,26.0,0.79,27.33,0.89,13.0,0.9,288.89,0.1,10.41,0.09,18.31,0.11,315.99,0.12,48.16,0.03,0.01,2339.97735,1776333790000
1776333793.103,193.103,0.55,29.1,0.52,5.0,0.73,56.29,0.79,90.0,0.27,56.29,0.21,90.0,0.42,1.87,0.43,5.0,0.18,0.15,2339.9774,1776333792000
1776333793.304,193.304,0.39,26.98,0.36,120.0,0.46,50.0,0.51,50.0,0.44,50.0,0.41,30.0,0.59,2.09,0.61,26.98,0.07,0.15,2339.9774,1776333792000
1776333793.69,193.69,0.41,50.0,0.37,5.0,0.43,3.67,0.48,30.0,0.54,50.0,0.49,50.0,0.61,26.98,0.64,120.0,0.02,0.07,2339.9774,1776333792000
1776333793.943,193.943,0.43,5.6,0.37,5.0,0.48,30.0,0.51,55.0,0.57,1.34,0.52,30.0,0.59,35.35,0.63,5.0,0.05,0.02,2339.9774,1776333792000
1776333794.217,194.217,0.43,5.6,0.37,5.0,0.45,10.98,0.46,10.0,0.56,7.72,0.55,18.68,0.57,10.6,0.63,5.0,0.02,0.01,2339.306593,1776333793000
1776333794.648,194.648,0.36,135.82,0.34,70.0,0.38,20.0,0.39,10.0,0.56,15.0,0.55,0.13,0.63,5.0,0.64,125.0,0.02,0.07,2339.306593,1776333793000
1776333794.934,194.934,0.36,157.82,0.35,12.0,0.37,24.02,0.38,9.13,0.63,10.0,0.62,10.13,0.64,102.82,0.66,70.0,0.01,0.01,2339.306593,1776333793000
1776333796.404,196.404,0.36,149.26,0.35,114.62,0.37,13.93,0.38,9.13,0.63,13.93,0.62,9.13,0.64,152.82,0.65,12.0,0.01,0.01,2338.02108,1776333794000
1776333797.427,197.427,0.36,114.26,0.35,99.62,0.49,6.0,0.51,50.0,0.62,5.65,0.61,15.12,0.64,149.26,0.65,89.62,0.13,0.02,2337.939486,1776333796000
1776333797.645,197.645,0.45,13.5,0.43,70.0,0.49,5.9,0.56,50.0,0.51,6.0,0.49,50.0,0.64,114.26,0.65,99.62,0.04,0.13,2337.939486,1776333796000
1776333797.85,197.85,0.48,6.58,0.46,10.5,0.49,301.17,0.51,5.0,0.51,296.17,0.49,5.0,0.52,5.0,0.55,18.5,0.01,0.01,2337.939486,1776333796000
1776333798.427,198.427,0.48,6.62,0.46,22.5,0.49,10.0,0.5,15.0,0.51,301.17,0.49,5.0,0.52,6.58,0.54,10.5,0.01,0.01,2337.939486,1776333796000
1776333798.677,198.677,0.48,1.62,0.46,22.5,0.49,10.0,0.5,15.0,0.51,10.0,0.5,15.0,0.52,6.62,0.54,22.5,0.01,0.01,2337.9655,1776333797000
1776333799.592,199.592,0.46,22.17,0.45,18.5,0.49,10.0,0.5,15.0,0.51,10.0,0.5,15.0,0.52,1.62,0.54,22.5,0.03,0.01,2338.247098,1776333798000
1776333800.109,200.109,0.46,47.87,0.45,30.5,0.47,3.95,0.48,10.0,0.53,3.95,0.52,10.0,0.54,10.17,0.55,30.5,0.01,0.01,2338.247098,1776333798000
1776333801.358,201.358,0.46,50.14,0.45,30.5,0.47,3.95,0.48,10.0,0.53,3.95,0.52,10.0,0.54,47.87,0.55,30.5,0.01,0.01,2338.362611,1776333799000
1776333801.952,201.952,0.46,17.44,0.45,30.5,0.47,2.77,0.48,10.0,0.53,3.95,0.52,10.0,0.54,50.14,0.55,30.5,0.01,0.01,2338.21114,1776333801000
1776333802.447,202.447,0.46,35.62,0.45,30.5,0.47,22.2,0.48,10.0,0.53,2.77,0.52,10.0,0.54,17.44,0.55,30.5,0.01,0.01,2338.21114,1776333801000
1776333804.591,204.591,0.45,4.5,0.44,12.0,0.46,203.7,0.47,171.7,0.53,22.2,0.52,10.0,0.54,35.62,0.55,30.5,0.01,0.01,2338.207455,1776333803000
1776333804.869,204.869,0.21,15.0,0.2,105.0,0.22,45.5,0.23,20.5,0.72,10.0,0.7,5.0,0.8,5.0,0.81,23.4,0.01,0.08,2338.207455,1776333803000
1776333805.141,205.141,0.21,20.41,0.2,30.0,0.22,73.5,0.23,33.5,0.78,68.5,0.77,33.5,0.79,25.0,0.8,30.0,0.01,0.01,2338.2125,1776333804000
1776333805.375,205.375,0.2,17.29,0.19,25.0,0.21,72.0,0.22,24.0,0.79,75.0,0.78,13.5,0.8,17.29,0.81,25.0,0.01,0.01,2338.2125,1776333804000
1776333805.676,205.676,0.17,80.5,0.16,96.8,0.18,33.0,0.19,18.0,0.79,64.0,0.78,24.0,0.82,25.0,0.83,120.5,0.01,0.03,2338.2125,1776333804000
1776333806.101,206.101,0.16,95.7,0.15,53.2,0.18,49.0,0.19,18.0,0.82,68.0,0.81,18.0,0.83,0.31,0.84,37.3,0.02,0.01,2338.2125,1776333804000
1776333806.381,206.381,0.16,109.62,0.15,123.2,0.17,31.0,0.18,21.1,0.81,15.0,0.8,10.0,0.84,108.2,0.85,53.2,0.01,0.03,2338.2125,1776333805000
1776333806.586,206.586,0.17,49.5,0.16,89.95,0.18,15.54,0.19,15.0,0.82,16.1,0.81,15.0,0.83,39.0,0.84,94.95,0.01,0.01,2338.2125,1776333805000
1776333807.213,207.213,0.16,98.2,0.15,28.2,0.17,9.0,0.18,15.54,0.83,241.67,0.82,15.54,0.84,89.95,0.85,123.2,0.01,0.01,2338.2125,1776333805000
1776333807.62,207.62,0.25,61.72,0.23,70.0,0.26,69.9,0.27,37.5,0.74,64.9,0.73,27.0,0.75,9.46,0.83,5.0,0.01,0.01,2337.13494,1776333806000
1776333808.07,208.07,0.25,46.62,0.24,10.5,0.26,10.0,0.27,17.0,0.74,53.74,0.73,37.5,0.75,31.12,0.77,70.0,0.01,0.01,2337.09566,1776333807000
1776333808.275,208.275,0.24,6.94,0.23,10.0,0.3,13.46,0.31,70.0,0.7,13.46,0.69,70.0,0.75,5.16,0.76,10.5,0.06,0.05,2337.09566,1776333807000
1776333808.672,208.672,0.25,2.49,0.24,18.94,0.26,174.0,0.27,22.0,0.74,5.0,0.73,10.0,0.75,3.83,0.76,18.94,0.01,0.01,2337.09566,1776333807000
1776333808.885,208.885,0.24,18.84,0.23,10.0,0.26,15.0,0.27,10.0,0.74,174.0,0.73,22.0,0.75,2.49,0.76,18.94,0.02,0.01,2337.09566,1776333807000
1776333809.191,209.191,0.24,13.84,0.23,10.0,0.25,5.0,0.26,10.0,0.74,15.0,0.73,10.0,0.76,18.84,0.77,10.0,0.01,0.02,2337.148715,1776333808000
1776333809.632,209.632,0.23,10.0,0.22,80.0,0.25,15.0,0.26,10.0,0.75,5.0,0.74,10.0,0.76,13.84,0.77,10.0,0.02,0.01,2337.148715,1776333808000
1776333809.999,209.999,0.23,5.5,0.22,80.0,0.24,115.0,0.25,14.0,0.75,15.0,0.74,10.0,0.77,10.0,0.78,80.0,0.01,0.02,2337.29558,1776333809000
1776333810.298,210.298,0.23,12.95,0.22,80.0,0.24,105.0,0.25,24.0,0.76,115.0,0.75,14.0,0.77,5.5,0.78,80.0,0.01,0.01,2337.29558,1776333809000
1776333810.817,210.817,0.22,85.51,0.21,160.0,0.24,105.0,0.25,265.64,0.76,105.0,0.75,24.0,0.77,12.95,0.78,80.0,0.02,0.01,2337.29558,1776333809000
1776333811.615,211.615,0.22,85.51,0.21,160.0,0.24,105.0,0.25,265.64,0.76,105.0,0.75,265.64,0.77,5.0,0.78,85.51,0.02,0.01,2337.484,1776333810000
1776333812.26,212.26,0.22,10.9,0.21,160.5,0.23,106.65,0.24,30.0,0.76,105.0,0.75,265.64,0.78,21.4,0.79,160.0,0.01,0.02,2337.51572,1776333811000
1776333812.531,212.531,0.21,20.0,0.2,70.0,0.22,50.0,0.23,269.49,0.77,229.49,0.76,40.5,0.79,70.0,0.81,70.0,0.01,0.02,2337.51572,1776333811000
1776333812.942,212.942,0.2,137.0,0.19,80.0,0.21,404.0,0.22,67.0,0.78,79.0,0.77,252.49,0.8,132.0,0.81,70.0,0.01,0.02,2337.5069,1776333812000
1776333813.832,213.832,0.2,0.92,0.19,80.0,0.21,409.0,0.22,62.0,0.79,404.0,0.78,67.0,0.8,130.92,0.81,80.0,0.01,0.01,2337.49949,1776333813000
1776333814.215,214.215,0.19,65.5,0.18,215.0,0.2,79.0,0.21,18.0,0.79,409.0,0.78,62.0,0.81,80.0,0.82,20.5,0.01,0.02,2337.49949,1776333813000
1776333814.48,214.48,0.21,57.5,0.2,210.0,0.22,15.0,0.27,15.0,0.78,5.0,0.77,5.0,0.79,32.0,0.8,45.5,0.01,0.01,2337.49949,1776333813000
1776333815.296,215.296,0.22,5.0,0.21,42.0,0.23,90.0,0.24,13.0,0.77,15.0,0.73,5.0,0.79,47.0,0.8,35.5,0.01,0.02,2337.332875,1776333814000
1776333816.144,216.144,0.21,27.0,0.2,15.0,0.22,17.0,0.23,100.0,0.77,90.0,0.76,13.0,0.78,5.0,0.79,42.0,0.01,0.01,2337.332875,1776333814000
1776333816.369,216.369,0.1,16.0,0.09,21.0,0.11,23.0,0.12,15.0,0.78,17.0,0.77,100.0,0.79,27.0,0.8,15.0,0.01,0.01,2337.40035,1776333815000
1776333816.748,216.748,0.07,17.02,0.06,26.0,0.09,5.77,0.1,15.0,0.91,10.0,0.9,10.0,0.93,17.02,0.94,26.0,0.02,0.02,2337.40035,1776333815000
1776333817.288,217.288,0.05,50.82,0.04,386.8,0.06,199.0,0.07,71.72,0.93,225.0,0.92,7.0,0.94,26.0,0.95,126.62,0.01,0.01,2337.40035,1776333815000
1776333817.513,217.513,0.05,45.82,0.04,566.8,0.06,49.0,0.07,59.72,0.94,199.0,0.93,71.72,0.95,50.82,0.96,386.8,0.01,0.01,2337.503715,1776333816000
1776333817.79,217.79,0.05,38.52,0.04,566.8,0.06,63.5,0.07,59.72,0.94,54.0,0.93,59.72,0.95,38.52,0.96,566.8,0.01,0.01,2337.503715,1776333816000
1776333818.43,218.43,0.05,33.52,0.04,691.8,0.06,54.0,0.07,239.72,0.94,63.5,0.93,59.72,0.95,38.52,0.96,566.8,0.01,0.01,2336.659872,1776333817000
1776333819.054,219.054,0.05,30.39,0.04,511.8,0.06,59.0,0.07,64.72,0.94,54.0,0.93,239.72,0.95,33.52,0.96,691.8,0.01,0.01,2336.659872,1776333817000
1776333819.415,219.415,0.05,203.92,0.04,511.8,0.06,164.05,0.07,83.71,0.94,164.05,0.93,83.71,0.95,215.39,0.96,511.8,0.01,0.01,2336.14475,1776333818000
1776333819.82,219.82,0.05,196.82,0.04,511.8,0.06,373.05,0.07,83.71,0.94,164.05,0.93,83.71,0.95,203.92,0.96,511.8,0.01,0.01,2336.14475,1776333818000
1776333820.718,220.718,0.05,194.7,0.04,511.8,0.06,363.05,0.07,83.71,0.94,373.05,0.93,83.71,0.95,195.76,0.96,511.8,0.01,0.01,2336.077458,1776333819000
1776333821.706,221.706,0.05,186.51,0.04,386.8,0.11,12.34,0.12,20.5,0.94,363.05,0.93,83.71,0.95,186.51,0.96,511.8,0.06,0.01,2336.077458,1776333819000
1776333822.038,222.038,0.06,5.0,0.05,6.51,0.07,179.0,0.08,32.0,0.89,12.34,0.88,20.5,0.95,186.51,0.96,386.8,0.01,0.06,2336.038114,1776333820000
1776333822.249,222.249,0.04,43.74,0.03,169.0,0.05,31.0,0.06,100.0,0.95,26.0,0.94,100.0,0.96,44.79,0.97,169.0,0.01,0.01,2336.038114,1776333820000
1776333822.621,222.621,0.04,8.95,0.03,163.84,0.05,17.0,0.06,100.0,0.95,27.0,0.94,100.0,0.97,163.84,0.98,980.7,0.01,0.02,2336.108702,1776333821000
1776333822.848,222.848,0.03,163.62,0.02,1160.7,0.05,17.0,0.06,100.0,0.95,17.0,0.94,100.0,0.96,4.78,0.97,163.84,0.02,0.01,2336.108702,1776333821000
1776333823.431,223.431,0.03,168.62,0.02,1160.7,0.04,15.3,0.05,23.0,0.95,17.0,0.94,100.0,0.97,163.62,0.98,1160.7,0.01,0.02,2336.062251,1776333822000
1776333823.634,223.634,0.03,163.62,0.02,1160.7,0.04,22.29,0.05,16.0,0.96,10.29,0.95,23.0,0.97,168.62,0.98,1160.7,0.01,0.01,2336.062251,1776333822000
1776333823.852,223.852,0.03,148.15,0.02,1160.7,0.04,33.93,0.05,26.0,0.96,28.93,0.95,16.0,0.97,153.31,0.98,1160.7,0.01,0.01,2336.062251,1776333822000
1776333824.142,224.142,0.03,140.15,0.02,1160.7,0.04,28.77,0.05,69.16,0.96,28.93,0.95,21.0,0.97,140.15,0.98,1160.7,0.01,0.01,2336.062251,1776333822000
1776333824.405,224.405,0.03,320.15,0.02,980.7,0.05,3.23,0.06,137.14,0.96,20.75,0.95,15.0,0.97,320.15,0.98,980.7,0.02,0.01,2335.661803,1776333823000
1776333824.763,224.763,0.04,3.87,0.03,315.15,0.05,59.8,0.06,142.14,0.95,3.23,0.94,137.14,0.97,315.15,0.98,980.7,0.01,0.02,2335.661803,1776333823000
1776333825.008,225.008,0.04,178.78,0.03,372.2,0.05,14.23,0.06,153.14,0.95,8.23,0.94,153.14,0.96,179.83,0.97,372.2,0.01,0.01,2335.68748,1776333824000
1776333825.233,225.233,0.04,167.79,0.03,372.2,0.05,54.23,0.06,153.14,0.95,54.23,0.94,153.14,0.96,168.84,0.97,372.2,0.01,0.01,2335.68748,1776333824000
1776333825.921,225.921,0.04,153.84,0.03,372.2,0.05,13.23,0.06,153.14,0.95,27.23,0.94,153.14,0.96,159.66,0.97,372.2,0.01,0.01,2335.69036,1776333825000
1776333826.162,226.162,0.04,148.84,0.03,372.2,0.05,13.23,0.06,153.14,0.95,13.23,0.94,153.14,0.96,153.84,0.97,372.2,0.01,0.01,2335.69036,1776333825000
1776333826.364,226.364,0.04,143.84,0.03,372.2,0.05,36.23,0.06,53.14,0.95,13.23,0.94,153.14,0.96,148.84,0.97,372.2,0.01,0.01,2335.69036,1776333825000
1776333826.98,226.98,0.04,138.84,0.03,372.2,0.05,24.23,0.06,53.14,0.95,36.23,0.94,53.14,0.96,143.84,0.97,372.2,0.01,0.01,2335.71696,1776333826000
1776333827.789,227.789,0.04,133.84,0.03,372.2,0.05,24.23,0.06,53.14,0.95,24.23,0.94,53.14,0.96,138.84,0.97,372.2,0.01,0.01,2335.71696,1776333826000
1776333828.471,228.471,0.04,314.84,0.03,372.2,0.05,4.72,0.06,24.14,0.95,24.23,0.94,53.14,0.96,133.84,0.97,372.2,0.01,0.01,2335.705,1776333827000
1776333828.68,228.68,0.04,181.0,0.03,485.9,0.05,7.6,0.06,177.0,0.93,15.37,0.92,5.0,0.96,314.84,0.97,495.9,0.01,0.03,2335.705,1776333827000
1776333828.932,228.932,0.03,367.14,0.02,642.0,0.04,13.0,0.05,35.0,0.94,245.0,0.93,95.37,0.97,362.2,0.98,642.0,0.01,0.03,2335.705,1776333827000
1776333829.252,229.252,0.02,19.0,0.01,2205.97,0.03,7.0,0.04,138.0,0.96,146.0,0.95,36.0,0.99,2205.97,,,0.01,0.03,2335.71324,1776333828000
1776333829.581,229.581,0.01,2094.97,,,0.02,97.2,0.03,110.0,0.98,87.0,0.97,116.0,0.99,2103.97,,,0.01,0.01,2335.71324,1776333828000
1776333829.814,229.814,0.01,1519.87,,,0.02,102.2,0.03,110.0,0.98,102.2,0.97,110.0,0.99,1520.89,,,0.01,0.01,2335.71324,1776333828000
1776333830.116,230.116,0.01,1517.85,,,0.02,108.2,0.03,110.0,0.98,108.2,0.97,110.0,0.99,1520.85,,,0.01,0.01,2335.950658,1776333829000
1776333830.318,230.318,0.01,1703.69,,,0.02,102.29,0.03,110.0,0.98,102.29,0.97,110.0,0.99,1712.79,,,0.01,0.01,2335.950658,1776333829000
1776333831.562,231.562,0.01,1650.9,,,0.02,87.87,0.03,648.0,0.98,77.67,0.97,162.0,0.99,1670.9,,,0.01,0.01,2334.456107,1776333830000
1776333831.765,231.765,0.01,1644.73,,,0.02,93.87,0.03,680.0,0.98,93.87,0.97,680.0,0.99,1645.75,,,0.01,0.01,2334.456107,1776333830000
1776333832.322,232.322,0.01,1529.62,,,0.02,81.17,0.03,731.0,0.98,87.17,0.97,711.0,0.99,1635.61,,,0.01,0.01,2334.456107,1776333830000
1776333832.767,232.767,0.01,1443.62,,,0.02,81.17,0.03,235.0,0.98,70.97,0.97,1032.0,0.99,1473.62,,,0.01,0.01,2334.147464,1776333831000
1776333833.114,233.114,0.01,1357.75,,,0.03,370.27,0.04,129.65,0.97,330.48,0.96,129.65,0.98,5.0,0.99,1357.75,0.02,0.01,2334.147464,1776333831000
1776333833.338,233.338,0.01,1323.48,,,0.03,300.8,0.04,70.79,0.97,305.8,0.96,70.79,0.99,1324.5,,,0.02,0.02,2334.147464,1776333831000
1776333833.578,233.578,0.02,0.78,0.01,1273.96,0.03,302.8,0.04,70.79,0.97,296.8,0.96,70.79,0.98,4.86,0.99,1273.96,0.01,0.01,2334.234995,1776333832000
1776333833.799,233.799,0.01,1335.76,,,0.02,110.0,0.03,306.8,0.97,307.8,0.96,70.79,0.99,1269.69,,,0.01,0.02,2334.234995,1776333832000
1776333834.073,234.073,0.01,1124.25,,,0.02,138.0,0.03,306.8,0.98,133.0,0.97,306.8,0.99,1225.7,,,0.01,0.01,2334.236945,1776333833000
1776333834.363,234.363,0.01,1024.25,,,0.02,120.0,0.03,306.8,0.98,138.0,0.97,306.8,0.99,1124.25,,,0.01,0.01,2334.236945,1776333833000
1776333834.764,234.764,0.01,1019.25,,,0.02,426.0,0.03,306.8,0.98,120.0,0.97,306.8,0.99,1024.25,,,0.01,0.01,2334.236945,1776333833000
1776333835.153,235.153,0.01,1017.23,,,0.02,466.0,0.03,306.8,0.98,426.0,0.97,306.8,0.99,1019.25,,,0.01,0.01,2334.236945,1776333833000
1776333835.632,235.632,,,,,0.01,1783.93,0.02,421.0,0.99,1532.97,0.98,461.0,,,,,,,2334.274934,1776333834000
1776333837.665,237.665,,,,,0.01,1811.38,0.02,138.32,0.99,1783.93,0.98,421.0,,,,,,,2333.793775,1776333836000
1776333838.228,238.228,,,,,0.01,1805.27,0.02,38.32,0.99,1811.38,0.98,138.32,,,,,,,2333.793775,1776333836000
1776333845.009,245.009,,,,,0.01,2356.38,0.02,311.0,0.99,1805.27,0.98,38.32,,,,,,,2333.093485,1776333843000
1776333847.449,247.449,,,,,0.01,2997.35,0.02,529.7,0.99,2356.38,0.98,311.0,,,,,,,2333.215575,1776333846000
1776333853.955,253.955,,,,,0.01,3163.47,0.02,188.7,0.99,2997.35,0.98,529.7,,,,,,,2332.43904,1776333852000
1776333883.386,283.386,,,,,0.01,7364.32,0.02,61.0,0.99,3163.47,0.98,188.7,,,,,,,2334.725275,1776333882000
1776333895.521,295.521,,,,,0.01,8172.54,0.02,77.99,0.99,7364.32,0.98,61.0,,,,,,,2335.154535,1776333894000

# RESULT,winner=Down,slug=eth-updown-5m-1776333600,ticks=233
