timestamp,elapsed_sec,up_bid_p1,up_bid_s1,up_bid_p2,up_bid_s2,up_ask_p1,up_ask_s1,up_ask_p2,up_ask_s2,down_bid_p1,down_bid_s1,down_bid_p2,down_bid_s2,down_ask_p1,down_ask_s1,down_ask_p2,down_ask_s2,up_spread,down_spread,eth_price,eth_oracle_ts
1776404401.278,1.278,0.5,6.0,0.49,18.13,0.51,1.08,0.55,8.88,0.49,10.0,0.45,8.88,0.5,6.0,0.51,18.13,0.01,0.01,2321.436635,1776404399000
1776404402.998,2.998,0.5,76.0,0.49,31.13,0.55,8.88,0.56,13.0,0.49,1.08,0.45,8.88,0.5,6.0,0.51,18.13,0.05,0.01,2321.484951,1776404401000
1776404403.523,3.523,0.51,28.0,0.5,29.0,0.52,8.63,0.53,10.0,0.42,83.0,0.41,84.0,0.46,5.0,0.47,18.0,0.01,0.04,2321.46902,1776404402000
1776404403.785,3.785,0.51,13.0,0.5,34.0,0.52,9.77,0.53,20.0,0.48,16.7,0.47,20.0,0.49,13.0,0.5,34.0,0.01,0.01,2321.46902,1776404402000
1776404404.147,4.147,0.51,13.0,0.5,34.0,0.53,11.09,0.54,15.0,0.48,4.77,0.47,20.0,0.49,13.0,0.5,34.0,0.02,0.01,2321.46902,1776404402000
1776404405.391,5.391,0.51,18.0,0.5,34.0,0.52,14.0,0.53,11.09,0.47,11.09,0.46,15.0,0.49,13.0,0.5,34.0,0.01,0.02,2321.610034,1776404404000
1776404405.606,5.606,0.51,18.0,0.5,34.0,0.52,15.88,0.53,11.09,0.48,14.0,0.47,11.09,0.49,18.0,0.5,34.0,0.01,0.01,2321.610034,1776404404000
1776404405.897,5.897,0.51,5.0,0.5,34.0,0.52,13.95,0.53,10.0,0.48,15.88,0.47,11.09,0.49,18.0,0.5,34.0,0.01,0.01,2321.610034,1776404404000
1776404406.426,6.426,0.51,2.55,0.5,34.0,0.52,18.95,0.53,15.0,0.48,13.95,0.47,10.0,0.49,5.0,0.5,34.0,0.01,0.01,2321.610034,1776404404000
1776404406.647,6.647,0.5,34.0,0.49,46.13,0.51,8.03,0.52,13.95,0.48,18.95,0.47,15.0,0.49,2.55,0.5,34.0,0.01,0.01,2321.559065,1776404405000
1776404407.427,7.427,0.5,6.58,0.49,36.13,0.51,23.03,0.52,83.95,0.49,8.03,0.48,13.95,0.5,34.0,0.51,46.13,0.01,0.01,2321.559065,1776404405000
1776404407.93,7.93,0.49,31.13,0.48,27.0,0.5,16.66,0.51,83.03,0.5,10.0,0.49,88.03,0.51,36.13,0.52,27.0,0.01,0.01,2321.548339,1776404406000
1776404408.489,8.489,0.49,14.2,0.44,5.0,0.5,51.59,0.51,83.03,0.5,16.66,0.49,83.03,0.51,31.13,0.52,27.0,0.01,0.01,2321.472845,1776404407000
1776404408.792,8.792,0.38,5.0,0.35,70.0,0.5,98.59,0.51,58.03,0.5,51.59,0.49,83.03,0.51,14.2,0.56,5.0,0.12,0.01,2321.472845,1776404407000
1776404409.182,9.182,0.38,4.9,0.35,70.0,0.39,23.93,0.4,15.0,0.61,23.93,0.6,10.0,0.62,4.9,0.65,70.0,0.01,0.01,2321.472845,1776404407000
1776404410.275,10.275,0.38,119.9,0.37,239.0,0.4,9.68,0.41,15.0,0.61,8.93,0.59,5.0,0.62,4.9,0.64,50.0,0.02,0.01,2321.47268,1776404408000
1776404411.043,11.043,0.39,83.73,0.38,33.9,0.4,34.68,0.41,20.0,0.6,9.68,0.59,15.0,0.62,119.9,0.63,239.0,0.01,0.02,2321.38067,1776404409000
1776404411.382,11.382,0.39,82.73,0.38,29.0,0.4,17.55,0.41,20.0,0.6,34.68,0.59,20.0,0.61,82.73,0.62,33.9,0.01,0.01,2321.38067,1776404409000
1776404412.338,12.338,0.39,60.43,0.38,14.0,0.4,40.04,0.41,30.0,0.6,15.05,0.59,20.0,0.61,75.43,0.62,29.0,0.01,0.01,2321.005475,1776404411000
1776404412.758,12.758,0.38,1.0,0.36,14.0,0.39,54.99,0.4,71.05,0.6,35.04,0.59,25.0,0.61,50.43,0.62,14.0,0.01,0.01,2321.005475,1776404411000
1776404413.042,13.042,0.34,7.43,0.33,15.0,0.35,29.99,0.36,46.0,0.64,70.99,0.63,40.0,0.66,14.0,0.68,70.0,0.01,0.02,2321.005475,1776404411000
1776404413.317,13.317,0.34,5.91,0.33,15.0,0.35,44.99,0.36,40.0,0.65,29.99,0.64,46.0,0.66,7.43,0.67,15.0,0.01,0.01,2321.005475,1776404411000
1776404413.537,13.537,0.34,88.38,0.33,140.0,0.35,109.19,0.36,40.0,0.65,104.19,0.64,40.0,0.66,110.72,0.67,140.0,0.01,0.01,2320.91437,1776404412000
1776404413.743,13.743,0.34,12.57,0.33,40.0,0.35,59.99,0.36,40.0,0.65,109.19,0.64,40.0,0.66,88.38,0.67,140.0,0.01,0.01,2320.91437,1776404412000
1776404414.043,14.043,0.34,11.05,0.33,40.0,0.35,59.99,0.36,40.0,0.65,59.99,0.64,40.0,0.66,12.57,0.67,40.0,0.01,0.01,2320.91434,1776404413000
1776404419.947,19.947,0.34,183.0,0.33,55.0,0.35,22.0,0.37,5.0,0.65,59.99,0.64,40.0,0.66,11.05,0.67,40.0,0.01,0.01,2320.453923,1776404419000
1776404420.451,20.451,0.37,96.0,0.36,140.0,0.38,7.36,0.39,10.0,0.62,5.0,0.61,10.0,0.63,10.0,0.64,70.0,0.01,0.01,2320.453923,1776404419000
1776404420.696,20.696,0.4,11.0,0.39,10.0,0.42,6.0,0.44,20.0,0.62,7.36,0.61,10.0,0.63,91.0,0.64,140.0,0.02,0.01,2320.453923,1776404419000
1776404420.917,20.917,0.42,46.0,0.41,32.0,0.43,4.38,0.44,20.0,0.58,6.0,0.56,20.0,0.6,11.0,0.61,10.0,0.01,0.02,2320.453923,1776404419000
1776404421.996,21.996,0.43,36.91,0.42,27.0,0.44,34.2,0.45,10.0,0.57,1.06,0.56,19.73,0.58,41.0,0.59,32.0,0.01,0.01,2320.458424,1776404420000
1776404424.142,24.142,0.48,10.0,0.47,16.0,0.49,27.24,0.5,179.0,0.56,34.2,0.55,10.0,0.57,36.91,0.58,27.0,0.01,0.01,2320.916554,1776404422000
1776404424.707,24.707,0.48,11.0,0.47,16.0,0.49,8.38,0.5,177.0,0.51,27.24,0.5,179.0,0.52,10.0,0.53,16.0,0.01,0.01,2321.04859,1776404423000
1776404425.144,25.144,0.48,11.05,0.47,16.0,0.49,18.18,0.5,167.0,0.51,8.38,0.5,177.0,0.52,11.0,0.53,16.0,0.01,0.01,2321.04859,1776404423000
1776404425.388,25.388,0.48,45.25,0.47,20.0,0.5,153.46,0.53,84.94,0.51,18.18,0.5,167.0,0.52,11.05,0.53,16.0,0.02,0.01,2321.055335,1776404424000
1776404425.941,25.941,0.49,4.95,0.48,11.05,0.5,20.0,0.51,15.92,0.49,10.92,0.48,15.0,0.5,10.0,0.51,10.0,0.01,0.01,2321.055335,1776404424000
1776404426.239,26.239,0.48,11.05,0.47,15.0,0.5,46.0,0.51,10.92,0.5,20.0,0.49,15.92,0.51,4.95,0.52,11.05,0.02,0.01,2321.140063,1776404425000
1776404431.188,31.188,0.48,15.05,0.47,10.0,0.49,34.7,0.5,5.0,0.5,46.0,0.49,10.92,0.52,11.05,0.53,15.0,0.01,0.02,2321.402654,1776404430000
1776404431.633,31.633,0.48,103.05,0.47,26.0,0.53,5.0,0.55,70.99,0.51,34.7,0.5,5.0,0.52,15.05,0.53,10.0,0.05,0.01,2321.402654,1776404430000
1776404432.529,32.529,0.52,10.0,0.51,15.0,0.54,20.0,0.55,34.28,0.44,11.42,0.43,23.0,0.45,10.0,0.46,15.0,0.02,0.01,2321.270623,1776404431000
1776404437.149,37.149,0.52,15.0,0.51,15.0,0.53,133.65,0.54,5.0,0.46,20.0,0.45,34.28,0.48,10.0,0.49,15.0,0.01,0.02,2321.598033,1776404435000
1776404437.822,37.822,0.52,20.0,0.51,21.0,0.53,118.65,0.55,19.28,0.47,133.65,0.46,5.0,0.48,15.0,0.49,15.0,0.01,0.01,2321.57597,1776404436000
1776404438.213,38.213,0.52,32.0,0.51,21.0,0.53,45.7,0.55,19.28,0.47,96.65,0.45,19.28,0.48,40.0,0.49,21.0,0.01,0.01,2321.538514,1776404437000
1776404438.428,38.428,0.52,32.0,0.51,21.0,0.53,11.78,0.55,19.28,0.47,21.78,0.45,19.28,0.48,37.0,0.49,21.0,0.01,0.01,2321.538514,1776404437000
1776404438.889,38.889,0.52,60.0,0.51,21.0,0.55,19.28,0.57,10.0,0.47,4.89,0.45,19.28,0.48,55.0,0.49,21.0,0.03,0.01,2321.538514,1776404437000
1776404439.39,39.39,0.54,1.95,0.53,15.0,0.55,19.28,0.57,10.0,0.45,19.28,0.43,10.0,0.46,20.47,0.47,15.0,0.01,0.01,2321.677624,1776404438000
1776404439.927,39.927,0.54,78.0,0.53,91.0,0.57,5.0,0.59,5.0,0.45,19.28,0.43,10.0,0.46,1.95,0.47,15.0,0.03,0.01,2321.677624,1776404438000
1776404441.943,41.943,0.56,49.72,0.55,20.0,0.57,5.0,0.6,5.0,0.43,5.0,0.41,5.0,0.46,78.0,0.47,91.0,0.01,0.03,2321.790994,1776404441000
1776404443.805,43.805,0.63,28.0,0.62,50.0,0.64,63.55,0.65,34.0,0.41,5.0,0.4,5.0,0.44,49.72,0.45,20.0,0.01,0.03,2321.805027,1776404442000
1776404444.438,44.438,0.63,25.29,0.62,50.0,0.64,73.55,0.65,34.0,0.36,63.55,0.35,34.0,0.37,28.0,0.38,50.0,0.01,0.01,2321.806418,1776404443000
1776404446.83,46.83,0.63,75.29,0.62,55.0,0.66,68.0,0.67,24.0,0.36,73.55,0.35,34.0,0.37,25.29,0.38,50.0,0.03,0.01,2321.968768,1776404445000
1776404447.409,47.409,0.65,78.0,0.64,15.0,0.66,21.0,0.67,14.0,0.34,68.0,0.33,24.0,0.37,75.29,0.38,55.0,0.01,0.03,2321.978602,1776404446000
1776404448.269,48.269,0.65,98.14,0.64,15.0,0.66,31.63,0.67,14.0,0.34,21.0,0.33,14.0,0.35,78.0,0.36,15.0,0.01,0.01,2322.089487,1776404447000
1776404449.884,49.884,0.65,57.42,0.64,15.0,0.66,30.11,0.67,14.0,0.34,31.63,0.33,14.0,0.35,97.42,0.36,15.0,0.01,0.01,2322.044836,1776404448000
1776404450.338,50.338,0.65,111.62,0.64,15.0,0.66,17.11,0.69,20.0,0.34,30.11,0.33,14.0,0.35,57.42,0.36,15.0,0.01,0.01,2322.0806,1776404449000
1776404450.732,50.732,0.68,42.87,0.67,21.0,0.69,51.7,0.7,14.0,0.31,20.0,0.3,14.0,0.35,111.62,0.36,15.0,0.01,0.04,2322.0806,1776404449000
1776404451.285,51.285,0.68,39.43,0.67,21.0,0.69,56.7,0.7,21.08,0.31,48.68,0.3,14.0,0.32,52.87,0.33,21.0,0.01,0.01,2322.0806,1776404449000
1776404451.56,51.56,0.68,31.61,0.67,21.0,0.69,56.7,0.7,21.08,0.31,56.7,0.3,21.08,0.32,39.43,0.33,21.0,0.01,0.01,2322.202834,1776404450000
1776404453.908,53.908,0.68,52.6,0.67,15.0,0.69,29.99,0.7,5.0,0.31,51.7,0.3,31.08,0.32,22.73,0.33,10.0,0.01,0.01,2322.165855,1776404452000
1776404455.461,55.461,0.68,39.13,0.67,10.0,0.69,29.99,0.7,15.0,0.31,19.99,0.3,5.0,0.32,47.6,0.33,15.0,0.01,0.01,2322.1608,1776404454000
1776404456.961,56.961,0.68,39.13,0.67,15.0,0.69,20.99,0.7,15.0,0.31,29.99,0.3,15.0,0.32,39.13,0.33,10.0,0.01,0.01,2322.209814,1776404455000
1776404459.068,59.068,0.68,71.0,0.67,15.0,0.69,15.99,0.7,5.0,0.31,20.99,0.3,15.0,0.32,39.13,0.33,15.0,0.01,0.01,2322.202873,1776404457000
1776404459.36,59.36,0.68,71.0,0.67,15.0,0.69,2.94,0.7,5.0,0.31,15.99,0.3,5.0,0.32,71.0,0.33,15.0,0.01,0.01,2322.202562,1776404458000
1776404461.432,61.432,0.7,113.05,0.69,55.0,0.71,50.0,0.72,85.0,0.31,2.94,0.3,5.0,0.32,71.0,0.33,15.0,0.01,0.01,2322.252967,1776404460000
1776404461.668,61.668,0.7,108.05,0.69,55.0,0.71,45.0,0.72,85.0,0.29,50.0,0.28,85.0,0.3,113.05,0.31,55.0,0.01,0.01,2322.252967,1776404460000
1776404462.251,62.251,0.71,37.05,0.7,73.0,0.72,4.29,0.73,5.0,0.29,45.0,0.28,85.0,0.3,108.05,0.31,55.0,0.01,0.01,2322.249838,1776404461000
1776404462.902,62.902,0.75,36.8,0.74,10.0,0.76,73.21,0.77,80.0,0.24,80.0,0.23,80.0,0.25,9.75,0.28,8.86,0.01,0.01,2322.249838,1776404461000
1776404465.881,65.881,0.75,40.75,0.74,16.0,0.76,68.89,0.77,75.0,0.24,73.21,0.23,80.0,0.25,36.8,0.26,10.0,0.01,0.01,2322.598217,1776404464000
1776404466.567,66.567,0.75,40.75,0.74,16.0,0.76,66.25,0.77,75.0,0.24,68.89,0.23,75.0,0.25,40.75,0.26,16.0,0.01,0.01,2322.611986,1776404465000
1776404467.06,67.06,0.75,40.75,0.74,16.0,0.76,57.25,0.77,75.0,0.24,66.25,0.23,75.0,0.25,40.75,0.26,16.0,0.01,0.01,2322.580426,1776404466000
1776404467.651,67.651,0.75,58.42,0.74,16.0,0.76,28.0,0.77,70.0,0.24,22.0,0.23,75.0,0.25,63.42,0.26,16.0,0.01,0.01,2322.580426,1776404466000
1776404468.816,68.816,0.75,105.42,0.74,16.0,0.76,4.0,0.77,75.0,0.24,28.0,0.23,70.0,0.25,58.42,0.26,16.0,0.01,0.01,2322.647755,1776404467000
1776404471.423,71.423,0.75,138.42,0.74,16.0,0.76,2.68,0.77,70.0,0.24,4.0,0.23,75.0,0.25,105.42,0.26,16.0,0.01,0.01,2322.524133,1776404470000
1776404472.593,72.593,0.75,133.42,0.74,16.0,0.81,23.4,0.82,68.4,0.24,2.68,0.23,70.0,0.25,138.42,0.26,16.0,0.06,0.01,2322.643315,1776404471000
1776404472.902,72.902,0.8,74.5,0.79,15.0,0.81,16.57,0.82,73.4,0.19,16.57,0.18,68.4,0.25,133.42,0.26,16.0,0.01,0.06,2322.643315,1776404471000
1776404473.288,73.288,0.8,72.58,0.79,15.0,0.81,16.57,0.82,73.4,0.19,16.57,0.18,73.4,0.2,74.5,0.21,15.0,0.01,0.01,2322.767507,1776404472000
1776404473.755,73.755,0.82,94.02,0.81,54.0,0.83,44.63,0.84,70.0,0.19,16.57,0.18,73.4,0.2,85.68,0.21,15.0,0.01,0.01,2322.767507,1776404472000
1776404475.007,75.007,0.82,123.02,0.81,45.0,0.84,61.2,0.85,28.2,0.17,34.63,0.16,70.0,0.18,138.02,0.19,54.0,0.02,0.01,2322.67362,1776404474000
1776404476.593,76.593,0.83,75.02,0.82,36.0,0.84,91.95,0.86,5.0,0.16,50.01,0.13,31.8,0.17,20.0,0.18,87.0,0.01,0.01,2322.983893,1776404475000
1776404477.066,77.066,0.83,79.02,0.82,31.0,0.84,86.95,0.86,5.0,0.16,91.95,0.14,5.0,0.17,75.02,0.18,36.0,0.01,0.01,2323.154615,1776404476000
1776404477.467,77.467,0.83,72.3,0.82,31.0,0.84,80.44,0.88,104.1,0.16,77.95,0.14,5.0,0.17,72.3,0.18,31.0,0.01,0.01,2323.154615,1776404476000
1776404480.155,80.155,0.83,85.3,0.82,22.0,0.84,63.44,0.88,113.1,0.16,80.44,0.12,104.1,0.17,58.3,0.18,31.0,0.01,0.01,2323.171435,1776404479000
1776404481.298,81.298,0.83,102.3,0.82,22.0,0.84,70.44,0.88,118.1,0.16,63.44,0.12,113.1,0.17,85.3,0.18,22.0,0.01,0.01,2323.1285,1776404480000
1776404484.734,84.734,0.83,124.3,0.82,32.0,0.84,70.44,0.87,8.0,0.16,70.44,0.12,118.1,0.17,102.3,0.18,22.0,0.01,0.01,2323.146195,1776404483000
1776404487.286,87.286,0.83,97.4,0.82,37.0,0.84,54.44,0.87,8.0,0.16,70.44,0.13,8.0,0.17,124.3,0.18,32.0,0.01,0.01,2323.14213,1776404486000
1776404488.083,88.083,0.83,106.51,0.82,37.0,0.84,48.44,0.87,8.0,0.16,54.44,0.13,8.0,0.17,97.4,0.18,37.0,0.01,0.01,2323.14213,1776404486000
1776404489.391,89.391,0.83,144.88,0.82,37.0,0.84,47.24,0.87,8.0,0.16,48.44,0.13,8.0,0.17,106.51,0.18,37.0,0.01,0.01,2323.146057,1776404488000
1776404490.546,90.546,0.83,138.88,0.82,37.0,0.84,47.24,0.87,8.0,0.16,47.24,0.13,8.0,0.17,144.88,0.18,37.0,0.01,0.01,2323.146027,1776404489000
1776404492.692,92.692,0.83,132.88,0.82,37.0,0.84,42.24,0.87,8.0,0.16,47.24,0.13,8.0,0.17,138.88,0.18,37.0,0.01,0.01,2323.149662,1776404491000
1776404495.695,95.695,0.83,73.62,0.82,37.0,0.84,67.24,0.87,8.0,0.16,42.24,0.13,8.0,0.17,132.88,0.18,37.0,0.01,0.01,2323.2747,1776404494000
1776404496.612,96.612,0.83,118.62,0.82,37.0,0.84,8.94,0.87,8.0,0.16,67.24,0.13,8.0,0.17,73.62,0.18,37.0,0.01,0.01,2323.180364,1776404495000
1776404496.96,96.96,0.86,111.05,0.85,20.0,0.87,13.0,0.88,112.1,0.16,8.94,0.13,8.0,0.17,118.62,0.18,37.0,0.01,0.01,2323.180364,1776404495000
1776404497.416,97.416,0.86,111.05,0.85,20.0,0.87,11.85,0.88,112.1,0.13,13.0,0.12,112.1,0.14,111.05,0.15,20.0,0.01,0.01,2323.180364,1776404496000
1776404498.008,98.008,0.86,111.05,0.85,20.0,0.87,5.94,0.88,112.1,0.13,11.85,0.12,112.1,0.14,111.05,0.15,20.0,0.01,0.01,2323.180364,1776404496000
1776404498.415,98.415,0.86,98.9,0.85,20.0,0.87,0.94,0.88,112.1,0.13,5.94,0.12,112.1,0.14,103.9,0.15,20.0,0.01,0.01,2323.180364,1776404496000
1776404498.747,98.747,0.86,96.4,0.85,20.0,0.87,0.94,0.88,112.1,0.13,0.94,0.12,112.1,0.14,98.9,0.15,20.0,0.01,0.01,2323.263285,1776404497000
1776404500.254,100.254,0.86,76.86,0.85,15.0,0.87,82.68,0.88,62.1,0.13,0.94,0.12,112.1,0.14,96.4,0.15,20.0,0.01,0.01,2323.330967,1776404498000
1776404500.564,100.564,0.86,16.28,0.85,15.0,0.87,102.68,0.88,152.81,0.13,107.68,0.12,62.1,0.14,32.86,0.15,15.0,0.01,0.01,2323.224555,1776404499000
1776404500.893,100.893,0.86,25.85,0.85,15.0,0.87,87.68,0.88,152.81,0.13,102.68,0.12,152.81,0.15,15.0,0.16,15.0,0.01,0.02,2323.224475,1776404500000
1776404501.135,101.135,0.86,18.7,0.85,15.0,0.87,82.68,0.88,152.81,0.13,87.68,0.12,152.81,0.14,25.85,0.15,15.0,0.01,0.01,2323.224475,1776404500000
1776404504.693,104.693,0.86,13.26,0.82,15.0,0.87,135.93,0.88,147.81,0.13,82.68,0.12,152.81,0.14,18.7,0.15,15.0,0.01,0.01,2323.014334,1776404503000
1776404506.286,106.286,0.78,10.0,0.77,10.0,0.8,258.4,0.81,85.0,0.2,40.0,0.19,70.0,0.21,6.55,0.22,15.0,0.02,0.01,2322.991022,1776404504000
1776404508.174,108.174,0.78,8.53,0.77,15.0,0.79,41.0,0.8,203.96,0.2,258.4,0.19,85.0,0.22,10.0,0.23,10.0,0.01,0.02,2322.937687,1776404506000
1776404508.962,108.962,0.78,18.53,0.77,10.0,0.79,48.7,0.8,198.96,0.21,41.0,0.2,203.96,0.22,8.53,0.23,15.0,0.01,0.01,2322.798969,1776404507000
1776404509.733,109.733,0.78,18.53,0.77,10.0,0.79,20.73,0.8,203.96,0.21,48.7,0.2,198.96,0.22,18.53,0.23,10.0,0.01,0.01,2322.855541,1776404508000
1776404510.123,110.123,0.78,52.53,0.77,10.0,0.79,17.88,0.8,203.96,0.21,20.73,0.2,203.96,0.22,18.53,0.23,10.0,0.01,0.01,2322.855541,1776404508000
1776404511.391,111.391,0.78,52.53,0.77,10.0,0.8,174.46,0.81,98.4,0.21,17.88,0.2,203.96,0.22,52.53,0.23,10.0,0.02,0.01,2322.704564,1776404510000
1776404512.044,112.044,0.79,20.0,0.78,10.0,0.8,167.76,0.81,98.4,0.2,174.46,0.19,98.4,0.22,52.53,0.23,10.0,0.01,0.02,2322.869026,1776404511000
1776404512.692,112.692,0.79,94.0,0.78,15.0,0.8,152.76,0.81,70.0,0.2,167.76,0.19,98.4,0.21,20.0,0.22,10.0,0.01,0.01,2322.869026,1776404511000
1776404512.941,112.941,0.79,89.0,0.78,23.0,0.8,115.26,0.81,70.0,0.2,145.26,0.19,70.0,0.21,89.0,0.22,23.0,0.01,0.01,2322.869026,1776404511000
1776404515.175,115.175,0.79,17.0,0.78,10.0,0.8,145.26,0.81,70.0,0.2,115.26,0.19,70.0,0.21,89.0,0.22,23.0,0.01,0.01,2322.6748,1776404513000
1776404515.965,115.965,0.79,7.23,0.78,10.0,0.8,139.01,0.81,70.0,0.2,139.01,0.19,70.0,0.21,12.0,0.22,10.0,0.01,0.01,2322.75399,1776404515000
1776404519.325,119.325,0.79,10.17,0.78,15.0,0.8,155.01,0.81,70.0,0.2,139.01,0.19,70.0,0.21,7.23,0.22,10.0,0.01,0.01,2322.739301,1776404518000
1776404520.449,120.449,0.79,156.7,0.78,15.0,0.8,92.01,0.81,70.0,0.2,146.01,0.19,70.0,0.21,20.17,0.22,15.0,0.01,0.01,2322.711293,1776404519000
1776404520.762,120.762,0.79,141.7,0.78,15.0,0.8,53.29,0.81,70.0,0.2,63.01,0.19,70.0,0.21,156.7,0.22,15.0,0.01,0.01,2322.711293,1776404519000
1776404520.992,120.992,0.79,65.7,0.78,15.0,0.8,47.04,0.81,70.0,0.2,48.29,0.19,70.0,0.21,141.7,0.22,15.0,0.01,0.01,2322.711293,1776404519000
1776404521.714,121.714,0.79,73.47,0.78,15.0,0.8,45.79,0.81,70.0,0.2,47.04,0.19,70.0,0.21,65.7,0.22,15.0,0.01,0.01,2322.700443,1776404520000
1776404523.273,123.273,0.8,58.3,0.79,30.0,0.81,69.0,0.84,9.0,0.2,45.79,0.19,70.0,0.21,73.47,0.22,15.0,0.01,0.01,2322.900611,1776404522000
1776404524.487,124.487,0.8,58.3,0.79,30.0,0.81,58.87,0.84,9.0,0.19,69.0,0.16,9.0,0.2,58.3,0.21,30.0,0.01,0.01,2322.851736,1776404523000
1776404527.769,127.769,0.8,82.95,0.79,20.0,0.81,5.0,0.84,9.0,0.19,52.87,0.16,9.0,0.2,63.3,0.21,30.0,0.01,0.01,2322.763845,1776404526000
1776404528.18,128.18,0.86,116.3,0.85,20.0,0.87,10.84,0.88,70.0,0.19,5.0,0.16,9.0,0.2,82.95,0.21,20.0,0.01,0.01,2322.763845,1776404526000
1776404529.338,129.338,0.86,191.3,0.85,20.0,0.87,5.2,0.88,70.0,0.13,10.84,0.12,70.0,0.14,116.3,0.15,20.0,0.01,0.01,2322.754925,1776404528000
1776404532.181,132.181,0.86,15.77,0.85,5.0,0.87,49.2,0.88,126.1,0.13,5.2,0.12,70.0,0.14,191.3,0.15,20.0,0.01,0.01,2323.213416,1776404530000
1776404532.724,132.724,0.83,15.0,0.82,15.0,0.85,80.0,0.86,10.0,0.15,5.0,0.14,10.0,0.16,5.0,0.17,15.0,0.02,0.01,2323.153905,1776404531000
1776404538.065,138.065,0.83,30.04,0.82,10.0,0.84,5.0,0.85,5.0,0.15,80.0,0.14,10.0,0.17,15.0,0.18,15.0,0.01,0.02,2322.912379,1776404536000
1776404541.283,141.283,0.83,78.41,0.82,10.0,0.85,4.8,0.87,20.2,0.16,5.0,0.15,5.0,0.17,30.04,0.18,10.0,0.02,0.01,2322.872539,1776404540000
1776404541.486,141.486,0.84,37.0,0.83,63.37,0.85,1.26,0.87,20.2,0.15,4.8,0.13,20.2,0.17,78.41,0.18,10.0,0.01,0.02,2322.872539,1776404540000
1776404546.105,146.105,0.79,19.52,0.78,15.0,0.81,80.0,0.82,21.0,0.15,1.26,0.13,20.2,0.16,37.0,0.17,63.37,0.02,0.01,2322.87826,1776404545000
1776404548.908,148.908,0.79,2.0,0.78,15.0,0.8,79.0,0.81,26.0,0.19,80.0,0.18,21.0,0.21,19.52,0.22,15.0,0.01,0.02,2322.67,1776404547000
1776404550.913,150.913,0.79,17.45,0.78,15.0,0.8,62.0,0.81,26.0,0.2,79.0,0.19,26.0,0.21,2.0,0.22,15.0,0.01,0.01,2322.636042,1776404549000
1776404552.485,152.485,0.79,47.56,0.78,15.0,0.8,62.0,0.81,26.0,0.2,62.0,0.19,26.0,0.21,17.45,0.22,15.0,0.01,0.01,2322.588586,1776404551000
1776404556.283,156.283,0.79,48.03,0.78,15.0,0.8,68.63,0.81,26.0,0.2,62.0,0.19,26.0,0.21,47.56,0.22,15.0,0.01,0.01,2322.67891,1776404555000
1776404558.708,158.708,0.73,1.81,0.72,23.86,0.75,94.63,0.76,156.0,0.2,68.63,0.19,26.0,0.21,48.03,0.22,15.0,0.02,0.01,2322.558825,1776404557000
1776404558.931,158.931,0.73,1.81,0.72,28.86,0.74,24.63,0.75,21.0,0.25,94.63,0.24,156.0,0.27,1.81,0.28,23.86,0.01,0.02,2322.558825,1776404557000
1776404560.858,160.858,0.72,23.86,0.71,65.0,0.73,36.63,0.74,15.0,0.26,24.63,0.25,21.0,0.27,1.81,0.28,28.86,0.01,0.01,2322.56894,1776404559000
1776404562.734,162.734,0.72,106.15,0.71,65.0,0.73,8.54,0.74,5.0,0.27,36.63,0.26,15.0,0.28,23.86,0.29,65.0,0.01,0.01,2322.3215,1776404561000
1776404567.651,167.651,0.72,69.59,0.71,89.69,0.73,7.17,0.76,82.0,0.27,8.54,0.26,5.0,0.28,106.15,0.29,65.0,0.01,0.01,2322.38849,1776404566000
1776404568.522,168.522,0.72,146.59,0.71,141.0,0.77,7.0,0.78,12.0,0.27,7.17,0.24,82.0,0.28,69.59,0.29,89.69,0.05,0.01,2322.38849,1776404567000
1776404577.756,177.756,0.78,80.73,0.77,78.92,0.82,5.0,0.83,10.0,0.23,7.0,0.22,12.0,0.28,146.59,0.29,141.0,0.04,0.05,2322.473423,1776404576000
1776404581.366,181.366,0.84,23.73,0.83,59.45,0.85,0.58,0.86,10.0,0.18,5.0,0.17,10.0,0.22,80.73,0.23,78.92,0.01,0.04,2322.546236,1776404579000
1776404582.162,182.162,0.84,121.73,0.83,40.45,0.87,10.59,0.9,23.08,0.15,0.58,0.14,10.0,0.16,37.73,0.17,59.45,0.03,0.01,2322.530724,1776404580000
1776404582.405,182.405,0.88,56.0,0.87,10.0,0.89,8.32,0.9,14.04,0.1,4.04,0.09,27.0,0.14,27.75,0.16,136.73,0.01,0.04,2322.53153,1776404581000
1776404582.92,182.92,0.88,90.4,0.87,16.0,0.89,20.32,0.9,14.04,0.11,8.32,0.1,14.04,0.12,56.0,0.13,10.0,0.01,0.01,2322.53153,1776404581000
1776404583.461,183.461,0.88,90.4,0.87,16.0,0.89,3.32,0.9,14.04,0.11,5.32,0.1,14.04,0.12,95.4,0.13,16.0,0.01,0.01,2322.602633,1776404582000
1776404584.316,184.316,0.88,100.4,0.87,16.0,0.89,3.32,0.9,14.04,0.11,3.32,0.1,14.04,0.12,90.4,0.13,16.0,0.01,0.01,2322.777502,1776404583000
1776404588.918,188.918,0.89,185.13,0.88,44.1,0.9,0.04,0.91,11.0,0.11,3.32,0.1,14.04,0.12,100.4,0.13,16.0,0.01,0.01,2322.897957,1776404587000
1776404589.264,189.264,0.9,60.13,0.89,97.0,0.91,15.0,0.92,12.0,0.09,30.0,0.08,12.0,0.1,31.4,0.11,161.73,0.01,0.01,2322.915978,1776404588000
1776404589.497,189.497,0.9,98.13,0.89,97.0,0.91,15.0,0.92,12.0,0.09,15.0,0.08,12.0,0.1,60.13,0.11,97.0,0.01,0.01,2322.915978,1776404588000
1776404590.113,190.113,0.9,122.13,0.89,61.0,0.91,4.37,0.92,12.0,0.09,15.0,0.08,12.0,0.1,88.13,0.11,87.0,0.01,0.01,2322.915978,1776404588000
1776404591.019,191.019,0.9,78.13,0.89,23.0,0.92,15.06,0.93,24.0,0.09,0.06,0.08,12.0,0.1,112.13,0.11,61.0,0.02,0.01,2323.074233,1776404589000
1776404591.575,191.575,0.91,13.4,0.9,10.0,0.92,29.84,0.93,24.0,0.08,29.84,0.07,24.0,0.09,27.13,0.1,10.0,0.01,0.01,2323.157019,1776404590000
1776404593.33,193.33,0.91,13.4,0.9,50.0,0.92,24.56,0.93,29.0,0.08,29.84,0.07,24.0,0.09,13.4,0.1,10.0,0.01,0.01,2323.10882,1776404592000
1776404593.591,193.591,0.91,23.4,0.9,55.0,0.92,21.42,0.93,29.0,0.08,24.56,0.07,29.0,0.09,13.4,0.1,50.0,0.01,0.01,2323.10882,1776404592000
1776404593.894,193.894,0.91,28.4,0.9,55.0,0.92,15.98,0.93,29.0,0.08,21.42,0.07,29.0,0.09,23.4,0.1,55.0,0.01,0.01,2323.10882,1776404592000
1776404594.395,194.395,0.89,10.0,0.88,5.0,0.92,88.98,0.93,29.0,0.08,15.98,0.07,29.0,0.09,28.4,0.1,55.0,0.03,0.01,2323.10882,1776404592000
1776404594.771,194.771,0.88,15.0,0.87,46.8,0.89,5.0,0.9,22.6,0.1,11.6,0.09,10.0,0.11,10.0,0.12,5.0,0.01,0.01,2323.00023,1776404593000
1776404595.691,195.691,0.84,4.56,0.81,15.0,0.89,51.0,0.9,71.6,0.11,5.0,0.1,11.6,0.12,15.0,0.13,46.8,0.05,0.01,2322.999448,1776404594000
1776404596.597,196.597,0.84,4.56,0.83,10.0,0.86,27.35,0.87,10.0,0.11,51.0,0.1,71.6,0.16,4.56,0.19,15.0,0.02,0.05,2322.999448,1776404594000
1776404596.913,196.913,0.84,4.56,0.83,10.0,0.85,6.35,0.86,16.0,0.14,27.35,0.13,10.0,0.16,4.56,0.17,10.0,0.01,0.02,2322.94102,1776404595000
1776404599.455,199.455,0.84,1.0,0.83,10.0,0.85,163.35,0.86,10.0,0.15,1.35,0.14,16.0,0.16,4.56,0.17,10.0,0.01,0.01,2322.629995,1776404597000
1776404599.993,199.993,0.83,13.0,0.82,10.0,0.85,142.35,0.86,5.0,0.15,163.35,0.14,10.0,0.16,1.0,0.17,10.0,0.02,0.01,2322.622636,1776404598000
1776404600.207,200.207,0.84,112.37,0.83,13.0,0.85,142.35,0.87,36.8,0.15,142.35,0.14,5.0,0.17,13.0,0.18,10.0,0.01,0.02,2322.622636,1776404598000
1776404603.159,203.159,0.84,63.73,0.83,18.0,0.85,134.35,0.87,10.0,0.15,142.35,0.13,36.8,0.16,112.37,0.17,13.0,0.01,0.01,2322.609127,1776404601000
1776404606.524,206.524,0.87,90.0,0.86,136.0,0.93,17.62,0.94,94.8,0.15,134.35,0.13,10.0,0.16,63.73,0.17,18.0,0.06,0.01,2322.64325,1776404604000
1776404607.409,207.409,0.91,60.0,0.9,15.0,0.93,13.64,0.94,26.0,0.07,17.52,0.06,94.8,0.1,10.0,0.11,15.61,0.02,0.03,2322.716418,1776404605000
1776404608.118,208.118,0.92,87.1,0.91,56.0,0.93,60.55,0.94,26.0,0.07,13.64,0.06,26.0,0.09,60.0,0.1,15.0,0.01,0.02,2322.620265,1776404606000
1776404609.319,209.319,0.92,95.83,0.91,30.0,0.93,44.55,0.94,31.0,0.07,60.55,0.06,26.0,0.08,87.1,0.09,56.0,0.01,0.01,2322.842949,1776404607000
1776404609.825,209.825,0.9,5.0,0.89,10.0,0.93,55.0,0.94,36.0,0.07,44.55,0.06,31.0,0.08,95.83,0.09,30.0,0.03,0.01,2322.842949,1776404607000
1776404610.153,210.153,0.89,46.79,0.88,56.1,0.9,45.0,0.91,27.0,0.09,10.0,0.08,10.0,0.1,31.0,0.11,10.0,0.01,0.01,2322.951985,1776404608000
1776404611.45,211.45,0.89,56.79,0.88,51.1,0.91,10.0,0.92,10.0,0.1,45.0,0.09,27.0,0.11,46.79,0.12,56.1,0.02,0.01,2323.1096,1776404610000
1776404613.046,213.046,0.9,88.73,0.89,46.79,0.91,15.0,0.92,115.0,0.09,10.0,0.08,10.0,0.11,56.79,0.12,51.1,0.01,0.02,2323.00835,1776404611000
1776404614.126,214.126,0.9,108.73,0.89,51.79,0.91,5.0,0.92,110.0,0.09,15.0,0.08,115.0,0.1,88.73,0.11,46.79,0.01,0.01,2322.898333,1776404612000
1776404615.092,215.092,0.91,33.73,0.9,90.0,0.92,99.5,0.93,10.0,0.09,5.0,0.08,110.0,0.1,108.73,0.11,51.79,0.01,0.01,2322.898333,1776404613000
1776404615.598,215.598,0.91,115.25,0.9,85.0,0.92,93.23,0.93,10.0,0.08,99.5,0.07,10.0,0.09,33.73,0.1,90.0,0.01,0.01,2322.920309,1776404614000
1776404615.915,215.915,0.91,120.25,0.9,85.0,0.92,83.23,0.93,10.0,0.08,93.23,0.07,10.0,0.09,115.25,0.1,85.0,0.01,0.01,2322.920309,1776404614000
1776404618.591,218.591,0.91,165.25,0.9,80.0,0.92,87.14,0.94,36.0,0.08,83.23,0.07,10.0,0.09,120.25,0.1,85.0,0.01,0.01,2322.957811,1776404616000
1776404621.068,221.068,0.91,189.25,0.9,55.0,0.92,0.64,0.93,15.0,0.08,87.14,0.06,36.0,0.09,165.25,0.1,80.0,0.01,0.01,2322.981145,1776404619000
1776404622.42,222.42,0.91,57.52,0.88,56.1,0.92,28.64,0.93,15.0,0.08,0.64,0.07,15.0,0.09,189.25,0.1,55.0,0.01,0.01,2322.953327,1776404620000
1776404622.967,222.967,0.91,0.52,0.87,21.0,0.92,62.64,0.93,20.0,0.08,33.64,0.07,20.0,0.09,23.52,0.12,56.1,0.01,0.01,2323.023862,1776404621000
1776404623.301,223.301,0.86,7.83,0.85,10.0,0.92,72.64,0.93,20.0,0.08,62.64,0.07,20.0,0.09,0.52,0.13,21.0,0.06,0.01,2322.917304,1776404622000
1776404623.748,223.748,0.87,15.0,0.86,10.0,0.88,22.71,0.89,10.0,0.08,72.64,0.07,20.0,0.14,7.83,0.15,10.0,0.01,0.06,2322.917304,1776404622000
1776404624.658,224.658,0.87,15.0,0.86,10.0,0.88,22.71,0.89,15.0,0.12,22.71,0.11,10.0,0.13,15.0,0.14,10.0,0.01,0.01,2322.931908,1776404623000
1776404626.733,226.733,0.84,10.0,0.83,10.0,0.85,23.33,0.86,15.0,0.12,22.71,0.11,15.0,0.13,15.0,0.14,10.0,0.01,0.01,2322.590545,1776404625000
1776404627.087,227.087,0.83,10.0,0.82,15.0,0.85,43.33,0.86,15.0,0.15,23.33,0.14,15.0,0.16,10.0,0.17,10.0,0.02,0.01,2322.616335,1776404626000
1776404627.746,227.746,0.83,10.0,0.82,15.0,0.84,14.3,0.85,20.0,0.15,43.33,0.14,15.0,0.17,10.0,0.18,15.0,0.01,0.02,2322.616335,1776404626000
1776404628.154,228.154,0.83,15.0,0.82,34.0,0.84,1.94,0.85,20.0,0.16,14.3,0.15,20.0,0.17,10.0,0.18,15.0,0.01,0.01,2322.616335,1776404626000
1776404630.1,230.1,0.84,10.0,0.83,20.0,0.85,17.88,0.86,44.9,0.16,1.94,0.15,20.0,0.17,15.0,0.18,34.0,0.01,0.01,2322.613727,1776404627000
1776404632.361,232.361,0.84,20.0,0.83,20.0,0.85,137.14,0.86,15.0,0.15,17.88,0.14,44.9,0.16,10.0,0.17,20.0,0.01,0.01,2322.490777,1776404631000
1776404635.198,235.198,0.78,6.56,0.77,52.43,0.79,3.67,0.8,25.0,0.15,142.14,0.14,15.0,0.16,7.5,0.17,20.0,0.01,0.01,2322.40635,1776404634000
1776404636.016,236.016,0.78,35.56,0.77,32.43,0.79,3.67,0.8,25.0,0.21,3.67,0.2,25.0,0.22,6.56,0.23,52.43,0.01,0.01,2322.434376,1776404635000
1776404637.496,237.496,0.75,8.7,0.72,23.86,0.76,37.0,0.77,20.0,0.21,3.67,0.2,25.0,0.22,35.56,0.23,32.43,0.01,0.01,2322.38335,1776404636000
1776404637.901,237.901,0.74,5.0,0.73,15.0,0.75,13.61,0.76,32.0,0.24,37.0,0.23,20.0,0.26,0.21,0.27,15.0,0.01,0.02,2322.38335,1776404636000
1776404638.203,238.203,0.74,15.0,0.73,15.0,0.76,19.92,0.77,15.0,0.25,8.61,0.24,32.0,0.26,5.0,0.27,15.0,0.02,0.01,2322.246115,1776404637000
1776404638.441,238.441,0.73,27.0,0.72,43.86,0.75,8.53,0.76,19.92,0.24,19.92,0.23,15.0,0.27,15.0,0.28,23.86,0.02,0.03,2322.246115,1776404637000
1776404638.773,238.773,0.74,51.0,0.72,8.86,0.75,32.85,0.76,69.92,0.25,8.53,0.24,19.92,0.27,27.0,0.28,43.86,0.01,0.02,2322.246115,1776404637000
1776404638.984,238.984,0.72,18.86,0.71,10.0,0.73,13.05,0.74,15.0,0.25,32.85,0.24,69.92,0.28,8.86,0.3,10.0,0.01,0.03,2322.246115,1776404637000
1776404639.223,239.223,0.72,18.86,0.71,10.0,0.73,34.1,0.74,15.0,0.27,8.83,0.26,15.0,0.28,18.86,0.29,10.0,0.01,0.01,2322.241098,1776404638000
1776404639.764,239.764,0.72,27.75,0.71,79.76,0.73,2.59,0.74,15.0,0.27,34.1,0.26,15.0,0.28,11.18,0.29,10.0,0.01,0.01,2322.241098,1776404638000
1776404640.033,240.033,0.72,17.75,0.71,69.76,0.73,18.6,0.74,10.0,0.27,2.59,0.26,15.0,0.28,27.75,0.29,79.76,0.01,0.01,2322.241098,1776404638000
1776404640.255,240.255,0.71,69.76,0.68,10.0,0.73,27.1,0.74,10.0,0.27,27.1,0.26,10.0,0.28,12.75,0.29,69.76,0.02,0.01,2322.241098,1776404638000
1776404640.49,240.49,0.68,10.0,0.67,96.13,0.72,55.79,0.73,18.6,0.27,18.6,0.26,10.0,0.29,63.82,0.32,10.0,0.04,0.02,2322.146917,1776404639000
1776404640.924,240.924,0.69,6.77,0.68,10.0,0.71,10.0,0.72,63.01,0.29,5.27,0.28,63.01,0.31,10.0,0.32,15.0,0.02,0.02,2322.146917,1776404639000
1776404641.141,241.141,0.7,10.0,0.69,13.77,0.71,8.22,0.72,63.01,0.29,10.0,0.28,63.01,0.31,6.77,0.32,10.0,0.01,0.02,2322.146917,1776404639000
1776404641.5,241.5,0.7,135.43,0.69,11.77,0.72,57.45,0.73,8.6,0.29,8.45,0.28,63.01,0.3,10.0,0.31,11.77,0.02,0.01,2322.042198,1776404640000
1776404641.914,241.914,0.73,10.0,0.72,10.0,0.76,91.53,0.77,65.3,0.28,57.45,0.27,8.6,0.3,135.43,0.31,11.77,0.03,0.02,2322.042198,1776404640000
1776404642.534,242.534,0.74,6.15,0.73,10.0,0.75,19.2,0.76,161.53,0.24,91.53,0.23,65.3,0.27,10.0,0.28,10.0,0.01,0.03,2322.012023,1776404641000
1776404643.17,243.17,0.74,6.15,0.73,10.0,0.75,10.57,0.76,161.53,0.25,19.2,0.24,161.53,0.26,6.15,0.27,10.0,0.01,0.01,2322.00893,1776404642000
1776404643.487,243.487,0.72,7.49,0.71,15.0,0.75,20.57,0.76,161.53,0.25,10.57,0.24,161.53,0.26,6.15,0.27,10.0,0.03,0.01,2322.00893,1776404642000
1776404645.003,245.003,0.73,10.0,0.72,7.49,0.74,17.34,0.76,146.53,0.25,17.23,0.24,161.53,0.27,10.0,0.28,7.49,0.01,0.02,2322.007535,1776404643000
1776404645.317,245.317,0.73,22.0,0.72,17.49,0.74,15.23,0.76,69.7,0.26,17.34,0.24,146.53,0.27,10.0,0.28,7.49,0.01,0.01,2322.007535,1776404643000
1776404645.948,245.948,0.75,72.73,0.74,85.0,0.76,41.68,0.77,5.0,0.24,62.7,0.23,25.3,0.25,17.0,0.26,10.0,0.01,0.01,2321.912615,1776404644000
1776404646.165,246.165,0.75,77.73,0.74,85.0,0.76,36.61,0.77,5.0,0.24,41.68,0.23,5.0,0.25,72.73,0.26,85.0,0.01,0.01,2321.92008,1776404645000
1776404646.755,246.755,0.75,77.73,0.74,201.39,0.76,29.79,0.77,5.0,0.24,36.61,0.23,5.0,0.25,77.73,0.26,85.0,0.01,0.01,2321.92008,1776404645000
1776404646.967,246.967,0.76,56.68,0.75,17.0,0.78,51.0,0.79,21.7,0.23,5.0,0.22,51.0,0.24,56.68,0.25,17.0,0.02,0.01,2321.92008,1776404645000
1776404648.554,248.554,0.77,33.73,0.76,2.95,0.78,33.71,0.79,21.7,0.22,51.0,0.21,21.7,0.24,56.68,0.25,17.0,0.01,0.02,2321.98866,1776404646000
1776404649.746,249.746,0.77,27.59,0.76,2.95,0.78,33.71,0.8,22.5,0.22,33.71,0.21,21.7,0.23,33.73,0.24,2.95,0.01,0.01,2322.04,1776404648000
1776404650.961,250.961,0.77,37.59,0.76,2.95,0.79,13.29,0.81,73.4,0.22,33.71,0.2,22.5,0.23,27.59,0.24,2.95,0.02,0.01,2322.023512,1776404649000
1776404651.435,251.435,0.8,19.6,0.79,10.0,0.81,73.4,0.82,24.4,0.21,13.29,0.19,73.4,0.23,37.59,0.24,2.95,0.01,0.02,2322.101098,1776404650000
1776404651.732,251.732,0.8,10.1,0.79,10.0,0.81,73.4,0.82,24.4,0.19,73.4,0.18,24.4,0.2,19.6,0.21,10.0,0.01,0.01,2322.101098,1776404650000
1776404652.037,252.037,0.8,25.1,0.79,10.0,0.81,51.04,0.82,24.4,0.19,72.16,0.18,24.4,0.2,10.1,0.21,10.0,0.01,0.01,2322.101098,1776404650000
1776404652.875,252.875,0.8,25.1,0.79,10.0,0.81,17.64,0.83,35.5,0.19,51.04,0.18,24.4,0.2,25.1,0.21,10.0,0.01,0.01,2322.057408,1776404651000
1776404653.185,253.185,0.84,77.1,0.83,95.0,0.85,74.67,0.88,7.71,0.15,124.25,0.12,7.71,0.2,120.1,0.21,30.0,0.01,0.05,2322.057408,1776404651000
1776404653.716,253.716,0.87,74.4,0.86,20.0,0.88,7.71,0.89,5.0,0.12,7.71,0.11,5.0,0.16,87.1,0.17,104.0,0.01,0.04,2322.006715,1776404652000
1776404654.048,254.048,0.87,74.4,0.86,20.0,0.9,44.21,0.91,54.0,0.12,7.71,0.11,5.0,0.13,74.4,0.14,20.0,0.03,0.01,2322.108508,1776404653000
1776404654.373,254.373,0.88,23.85,0.87,22.3,0.9,44.21,0.91,54.0,0.1,44.21,0.09,54.0,0.13,74.4,0.14,20.0,0.02,0.03,2322.108508,1776404653000
1776404655.05,255.05,0.88,13.85,0.87,5.0,0.9,35.77,0.91,54.0,0.1,44.21,0.09,54.0,0.12,23.85,0.13,22.3,0.02,0.02,2322.159552,1776404654000
1776404655.267,255.267,0.87,5.0,0.86,5.0,0.89,10.0,0.9,35.77,0.11,10.0,0.1,35.77,0.12,1.85,0.13,5.0,0.02,0.01,2322.159552,1776404654000
1776404655.52,255.52,0.86,15.0,0.85,15.0,0.87,28.51,0.88,10.0,0.13,3.7,0.12,10.0,0.14,5.0,0.15,10.0,0.01,0.01,2322.159552,1776404654000
1776404655.755,255.755,0.86,7.85,0.85,15.0,0.87,18.51,0.88,10.0,0.13,28.51,0.12,10.0,0.14,15.0,0.15,15.0,0.01,0.01,2322.159552,1776404654000
1776404657.487,257.487,0.86,17.85,0.85,10.0,0.87,16.21,0.88,10.0,0.13,18.51,0.12,10.0,0.14,7.85,0.15,15.0,0.01,0.01,2322.158579,1776404656000
1776404657.693,257.693,0.86,17.85,0.85,10.0,0.87,8.06,0.89,10.0,0.13,10.78,0.12,10.0,0.14,17.85,0.15,10.0,0.01,0.01,2322.158579,1776404656000
1776404659.409,259.409,0.86,24.85,0.85,15.0,0.91,10.0,0.92,15.64,0.13,8.06,0.11,10.0,0.14,17.85,0.15,10.0,0.05,0.01,2322.17566,1776404658000
1776404661.859,261.859,0.92,132.36,0.91,44.99,0.93,15.0,0.94,26.0,0.09,10.0,0.08,15.64,0.14,24.85,0.15,15.0,0.01,0.05,2322.15412,1776404660000
1776404662.478,262.478,0.92,177.35,0.91,20.0,0.93,26.73,0.94,31.0,0.07,15.0,0.06,26.0,0.08,132.36,0.09,44.99,0.01,0.01,2322.15412,1776404660000
1776404662.687,262.687,0.92,177.35,0.91,20.0,0.93,24.57,0.94,31.0,0.07,26.73,0.06,31.0,0.08,177.35,0.09,20.0,0.01,0.01,2322.153205,1776404661000
1776404663.162,263.162,0.92,187.35,0.91,20.0,0.93,13.0,0.94,31.0,0.07,24.57,0.06,31.0,0.08,177.35,0.09,20.0,0.01,0.01,2322.248757,1776404662000
1776404663.762,263.762,0.92,163.35,0.91,20.0,0.93,7.62,0.94,31.0,0.07,7.62,0.06,31.0,0.08,187.35,0.09,20.0,0.01,0.01,2322.248757,1776404662000
1776404664.312,264.312,0.92,143.35,0.91,20.0,0.93,7.62,0.94,26.0,0.07,7.62,0.06,31.0,0.08,163.35,0.09,20.0,0.01,0.01,2322.248757,1776404662000
1776404664.833,264.833,0.92,125.85,0.91,20.0,0.93,4.13,0.94,26.0,0.07,4.13,0.06,26.0,0.08,143.35,0.09,20.0,0.01,0.01,2322.30295,1776404663000
1776404665.328,265.328,0.92,130.85,0.91,20.0,0.94,24.76,0.95,169.04,0.07,4.13,0.06,26.0,0.08,125.85,0.09,20.0,0.02,0.01,2322.32696,1776404664000
1776404665.808,265.808,0.92,125.85,0.91,20.0,0.93,101.86,0.94,24.76,0.06,24.76,0.05,169.04,0.08,130.85,0.09,20.0,0.01,0.02,2322.32696,1776404664000
1776404668.344,268.344,0.92,109.69,0.91,10.0,0.93,104.72,0.94,24.76,0.07,94.72,0.06,24.76,0.08,125.85,0.09,20.0,0.01,0.01,2322.290466,1776404666000
1776404668.67,268.67,0.92,77.06,0.91,10.0,0.93,104.72,0.94,24.76,0.07,104.72,0.06,24.76,0.08,92.69,0.09,10.0,0.01,0.01,2322.290466,1776404666000
1776404669.288,269.288,0.91,5.0,0.9,15.0,0.92,5.43,0.93,104.72,0.07,104.72,0.06,24.76,0.08,14.56,0.09,10.0,0.01,0.01,2322.3027,1776404667000
1776404669.533,269.533,0.91,10.0,0.9,25.0,0.92,3.91,0.93,104.72,0.08,5.43,0.07,104.72,0.09,5.0,0.1,15.0,0.01,0.01,2322.283282,1776404668000
1776404669.985,269.985,0.91,5.0,0.9,25.0,0.93,93.96,0.94,24.76,0.08,3.91,0.07,104.72,0.09,10.0,0.1,25.0,0.02,0.01,2322.283274,1776404669000
1776404670.317,270.317,0.9,7.5,0.89,51.79,0.93,10.0,0.94,24.76,0.07,88.58,0.06,24.76,0.09,5.0,0.1,15.0,0.03,0.02,2322.283274,1776404669000
1776404671.247,271.247,0.92,15.0,0.91,10.0,0.94,14.13,0.95,102.84,0.07,10.0,0.06,24.76,0.1,4.62,0.11,51.79,0.02,0.03,2322.283274,1776404669000
1776404672.192,272.192,0.93,36.07,0.92,10.0,0.94,9.13,0.95,102.84,0.06,14.13,0.05,102.84,0.08,15.0,0.09,10.0,0.01,0.02,2322.236874,1776404671000
1776404674.13,274.13,0.65,1.0,0.58,6.48,0.76,60.0,0.77,10.0,0.06,9.13,0.05,102.84,0.07,36.07,0.08,10.0,0.11,0.01,2322.30638,1776404672000
1776404674.344,274.344,0.36,10.0,0.32,70.0,0.37,10.0,0.38,10.0,0.63,10.0,0.61,10.0,0.64,30.0,0.68,70.0,0.01,0.01,2322.30638,1776404672000
1776404674.589,274.589,0.28,48.2,0.27,79.6,0.29,10.0,0.3,19.0,0.71,10.0,0.7,10.0,0.72,52.0,0.73,70.0,0.01,0.01,2322.30638,1776404672000
1776404674.824,274.824,0.28,47.5,0.27,70.0,0.29,3.1,0.3,6.1,0.71,6.55,0.7,6.1,0.72,47.5,0.73,79.6,0.01,0.01,2322.30638,1776404672000
1776404675.029,275.029,0.27,61.86,0.26,75.0,0.28,35.28,0.29,3.1,0.72,15.28,0.71,3.1,0.73,65.93,0.74,84.6,0.01,0.01,2322.271262,1776404673000
1776404675.309,275.309,0.24,15.0,0.23,10.0,0.25,15.24,0.26,20.0,0.73,10.0,0.72,41.28,0.75,7.51,0.77,70.0,0.01,0.02,2322.271262,1776404673000
1776404675.581,275.581,0.24,20.0,0.23,144.87,0.25,0.24,0.26,30.0,0.75,15.24,0.74,20.0,0.76,15.0,0.77,10.0,0.01,0.01,2322.271262,1776404674000
1776404675.832,275.832,0.29,77.61,0.28,10.0,0.32,10.0,0.33,10.0,0.64,52.56,0.63,10.0,0.71,5.0,0.73,15.0,0.03,0.07,2322.271262,1776404674000
1776404676.133,276.133,0.3,85.0,0.29,77.61,0.32,6.75,0.33,10.0,0.68,10.0,0.67,10.0,0.71,77.61,0.72,10.0,0.02,0.03,2321.958471,1776404675000
1776404676.884,276.884,0.29,5.73,0.28,10.0,0.3,20.0,0.31,10.0,0.67,3.93,0.66,10.0,0.68,5.0,0.69,12.68,0.01,0.01,2321.958471,1776404675000
1776404677.507,277.507,0.29,10.0,0.28,10.0,0.3,5.0,0.31,10.0,0.7,20.0,0.69,10.0,0.71,5.73,0.72,10.0,0.01,0.01,2321.255361,1776404676000
1776404677.999,277.999,0.24,7.9,0.16,30.0,0.25,55.2,0.26,195.0,0.7,5.0,0.69,10.0,0.71,10.0,0.72,10.0,0.01,0.01,2321.255361,1776404676000
1776404678.382,278.382,0.14,35.0,0.13,5.0,0.15,20.0,0.16,25.0,0.75,50.2,0.74,195.0,0.84,30.0,0.86,5.0,0.01,0.09,2321.255361,1776404676000
1776404678.708,278.708,0.14,45.0,0.13,15.0,0.15,5.0,0.16,25.0,0.85,20.0,0.84,25.0,0.86,35.0,0.87,5.0,0.01,0.01,2321.230607,1776404677000
1776404678.952,278.952,0.14,43.0,0.13,15.0,0.15,1.63,0.16,25.0,0.85,5.0,0.84,25.0,0.86,43.0,0.87,15.0,0.01,0.01,2321.230607,1776404677000
1776404679.485,279.485,0.14,30.0,0.13,5.0,0.15,10.0,0.16,10.0,0.83,26.96,0.82,10.0,0.86,43.0,0.87,15.0,0.01,0.03,2321.231214,1776404678000
1776404680.304,280.304,0.13,20.0,0.12,155.0,0.16,8.55,0.17,16.96,0.85,10.0,0.84,10.0,0.86,30.0,0.87,5.0,0.03,0.01,2321.215951,1776404679000
1776404680.514,280.514,0.15,7.37,0.14,15.0,0.17,16.96,0.18,10.0,0.84,8.55,0.83,16.96,0.87,20.0,0.88,155.0,0.02,0.03,2321.215951,1776404679000
1776404681.366,281.366,0.15,10.56,0.14,22.32,0.16,10.0,0.17,26.96,0.83,16.96,0.82,10.0,0.85,4.87,0.86,22.32,0.01,0.02,2321.054529,1776404680000
1776404682.147,282.147,0.15,15.56,0.14,22.32,0.16,1.03,0.17,16.96,0.84,10.0,0.83,26.96,0.85,10.56,0.86,22.32,0.01,0.01,2321.054529,1776404680000
1776404682.662,282.662,0.22,31.07,0.21,10.0,0.26,74.0,0.3,25.0,0.83,16.96,0.82,10.0,0.85,10.56,0.86,22.32,0.04,0.02,2321.064269,1776404681000
1776404683.33,283.33,0.25,15.4,0.24,10.0,0.26,151.0,0.3,25.0,0.74,74.0,0.7,25.0,0.78,31.07,0.79,10.0,0.01,0.04,2321.026431,1776404682000
1776404684.325,284.325,0.25,2.06,0.24,10.0,0.26,101.0,0.27,50.0,0.74,151.0,0.7,25.0,0.75,15.4,0.76,10.0,0.01,0.01,2321.02913,1776404683000
1776404685.071,285.071,0.22,7.06,0.21,10.0,0.26,101.0,0.27,55.0,0.74,101.0,0.73,50.0,0.75,2.06,0.76,10.0,0.04,0.01,2321.02913,1776404683000
1776404685.33,285.33,0.24,9.93,0.23,10.0,0.26,106.0,0.27,55.0,0.74,106.0,0.73,55.0,0.75,4.93,0.76,10.0,0.02,0.01,2321.158315,1776404684000
1776404685.597,285.597,0.25,4.93,0.24,9.93,0.26,108.0,0.27,55.0,0.74,106.0,0.73,55.0,0.76,9.93,0.77,10.0,0.01,0.02,2321.158315,1776404684000
1776404685.863,285.863,0.19,10.0,0.18,10.0,0.25,40.0,0.26,89.0,0.74,108.0,0.73,55.0,0.75,4.93,0.76,9.93,0.06,0.01,2321.158315,1776404684000
1776404686.077,286.077,0.25,65.0,0.24,306.99,0.26,17.74,0.28,50.0,0.75,40.0,0.74,89.0,0.81,10.0,0.82,10.0,0.01,0.06,2321.158315,1776404684000
1776404686.365,286.365,0.41,10.72,0.37,10.0,0.42,10.0,0.43,10.0,0.59,9.28,0.58,10.0,0.64,10.0,0.65,75.0,0.01,0.05,2321.123337,1776404685000
1776404686.751,286.751,0.41,4.49,0.38,23.15,0.42,1.12,0.43,10.0,0.56,5.5,0.55,10.0,0.59,9.49,0.63,15.0,0.01,0.03,2321.123337,1776404685000
1776404687.01,287.01,0.41,4.49,0.38,23.15,0.42,10.0,0.43,0.64,0.57,0.64,0.56,15.1,0.59,9.49,0.62,23.15,0.01,0.02,2321.131531,1776404686000
1776404687.337,287.337,0.36,50.49,0.35,80.0,0.42,10.0,0.43,5.64,0.58,10.0,0.57,0.64,0.59,4.49,0.62,23.15,0.06,0.01,2321.131531,1776404686000
1776404687.79,287.79,0.37,53.0,0.36,45.49,0.39,8.31,0.4,10.0,0.58,10.0,0.57,5.64,0.64,50.49,0.65,80.0,0.02,0.06,2321.131531,1776404686000
1776404688.383,288.383,0.36,54.24,0.35,70.0,0.37,34.99,0.38,19.6,0.61,34.99,0.6,10.0,0.63,0.96,0.64,45.49,0.01,0.02,2321.15441,1776404687000
1776404688.621,288.621,0.34,10.0,0.33,40.0,0.37,34.99,0.38,19.6,0.63,29.99,0.62,19.6,0.64,13.28,0.65,70.0,0.03,0.01,2321.15441,1776404687000
1776404689.226,289.226,0.34,47.33,0.33,40.0,0.35,29.99,0.36,10.0,0.63,34.99,0.62,19.6,0.66,10.0,0.67,40.0,0.01,0.03,2321.15441,1776404687000
1776404690.545,290.545,0.34,42.33,0.32,30.0,0.35,29.99,0.36,15.0,0.65,29.99,0.64,10.0,0.66,47.33,0.67,40.0,0.01,0.01,2321.317536,1776404689000
1776404691.031,291.031,0.34,42.33,0.33,10.0,0.41,10.0,0.42,10.0,0.65,29.99,0.64,15.0,0.66,42.33,0.68,30.0,0.07,0.01,2321.46245,1776404690000
1776404691.5,291.5,0.39,35.0,0.38,10.0,0.46,60.0,0.47,10.0,0.6,10.0,0.59,29.99,0.61,8.36,0.62,10.0,0.07,0.01,2321.46245,1776404690000
1776404691.794,291.794,0.44,12.71,0.42,10.0,0.45,10.0,0.46,60.0,0.54,60.0,0.53,10.0,0.57,3.8,0.58,10.0,0.01,0.03,2321.46245,1776404690000
1776404692.07,292.07,0.5,5.0,0.49,10.0,0.52,10.0,0.53,10.0,0.55,10.0,0.54,60.0,0.6,22.5,0.61,10.0,0.02,0.05,2321.46245,1776404690000
1776404692.295,292.295,0.49,10.0,0.48,10.0,0.54,4.99,0.55,10.0,0.47,1.5,0.46,10.0,0.51,10.0,0.52,10.0,0.05,0.04,2321.323178,1776404691000
1776404692.591,292.591,0.46,39.61,0.45,35.0,0.61,50.0,0.62,30.0,0.47,0.2,0.46,4.99,0.48,10.0,0.49,10.0,0.15,0.01,2321.323178,1776404691000
1776404692.808,292.808,0.6,20.0,0.59,10.0,0.61,49.9,0.62,30.0,0.39,50.0,0.38,30.0,0.54,39.61,0.55,35.0,0.01,0.15,2321.323178,1776404691000
1776404693.104,293.104,0.6,15.0,0.59,10.0,0.61,18.42,0.62,30.0,0.39,49.9,0.38,30.0,0.4,12.5,0.41,10.0,0.01,0.01,2321.323178,1776404691000
1776404693.437,293.437,0.64,15.0,0.63,10.0,0.72,10.0,0.73,10.0,0.38,30.0,0.35,10.0,0.4,15.0,0.41,10.0,0.08,0.02,2321.323178,1776404691000
1776404693.734,293.734,0.61,50.0,0.58,23.56,0.62,5.0,0.63,10.0,0.3,68.47,0.29,80.0,0.33,10.0,0.34,10.0,0.01,0.03,2321.418918,1776404692000
1776404694.119,294.119,0.61,24.22,0.58,13.56,0.62,15.0,0.63,10.0,0.36,4.0,0.35,10.0,0.39,46.74,0.42,13.56,0.01,0.03,2321.373879,1776404693000
1776404694.344,294.344,0.71,35.0,0.64,5.0,0.95,68.82,0.96,80.0,0.36,4.0,0.35,10.0,0.39,19.22,0.42,13.56,0.24,0.03,2321.373879,1776404693000
1776404694.55,294.55,0.94,10.0,0.93,75.0,0.95,2.13,0.96,30.0,0.05,12.56,0.04,30.0,0.07,65.0,0.16,4.8,0.01,0.02,2321.373879,1776404693000
1776404694.751,294.751,0.96,10.0,0.95,10.0,0.97,46.79,0.98,181.0,0.03,50.98,0.02,181.0,0.04,10.0,0.05,15.26,0.01,0.01,2321.373879,1776404693000
1776404695.034,295.034,0.96,10.0,0.95,10.0,0.97,41.65,0.98,181.0,0.03,44.72,0.02,181.0,0.04,10.0,0.05,10.0,0.01,0.01,2321.373879,1776404693000
1776404695.453,295.453,0.96,10.0,0.95,10.0,0.97,33.58,0.98,176.0,0.03,41.65,0.02,181.0,0.04,10.0,0.05,10.0,0.01,0.01,2321.4442,1776404694000
1776404695.784,295.784,0.96,10.0,0.95,10.0,0.97,39.15,0.98,176.0,0.03,54.46,0.02,176.0,0.04,10.0,0.05,10.0,0.01,0.01,2321.4442,1776404694000
1776404696.169,296.169,0.95,10.0,0.94,10.0,0.97,34.55,0.98,176.0,0.03,39.15,0.02,176.0,0.04,10.0,0.05,10.0,0.02,0.01,2321.606904,1776404695000
1776404696.423,296.423,0.96,10.0,0.95,10.0,0.98,137.45,0.99,2207.56,0.03,34.55,0.02,176.0,0.05,10.0,0.06,10.0,0.02,0.02,2321.606904,1776404695000
1776404696.676,296.676,0.96,2.5,0.95,10.0,0.97,14.79,0.98,137.45,0.03,9.79,0.02,137.45,0.04,15.0,0.05,10.0,0.01,0.01,2321.606904,1776404695000
1776404696.969,296.969,0.96,7.5,0.95,10.0,0.97,17.72,0.98,137.45,0.03,14.79,0.02,137.45,0.04,2.5,0.05,10.0,0.01,0.01,2321.606904,1776404695000
1776404697.349,297.349,0.96,2.5,0.95,10.0,0.98,136.77,0.99,1107.56,0.03,17.72,0.02,137.45,0.04,7.5,0.05,10.0,0.02,0.01,2321.902286,1776404696000
1776404697.549,297.549,0.92,21.32,0.91,130.0,0.99,822.07,,,0.01,975.6,,,0.08,21.32,0.09,130.0,0.07,0.07,2321.902286,1776404696000
1776404697.791,297.791,0.97,10.0,0.96,10.0,0.99,343.29,,,0.01,358.29,,,0.03,10.0,0.04,10.0,0.02,0.02,2321.902286,1776404696000
1776404698.009,298.009,0.97,10.0,0.96,15.0,0.99,228.21,,,0.01,228.27,,,0.03,10.0,0.04,15.0,0.02,0.02,2321.902286,1776404696000
1776404698.265,298.265,0.98,137.0,0.97,10.0,0.99,96.31,,,0.01,212.31,,,0.03,149.0,0.04,15.0,0.01,0.02,2321.902286,1776404696000
1776404699.176,299.176,0.99,1836.61,0.98,74.0,,,,,,,,,0.01,13.25,0.02,137.0,,,2321.823544,1776404698000
1776404699.933,299.933,0.99,4285.17,0.98,5.0,,,,,,,,,0.24,10.0,0.25,28.66,,,2321.823544,1776404698000
1776404700.216,300.216,0.99,17006.33,0.98,5.0,,,,,,,,,0.01,4285.17,0.02,5.0,,,2321.823544,1776404698000
