timestamp,elapsed_sec,up_bid_p1,up_bid_s1,up_bid_p2,up_bid_s2,up_ask_p1,up_ask_s1,up_ask_p2,up_ask_s2,down_bid_p1,down_bid_s1,down_bid_p2,down_bid_s2,down_ask_p1,down_ask_s1,down_ask_p2,down_ask_s2,up_spread,down_spread,eth_price,eth_oracle_ts
1776299102.444,2.444,0.52,17.93,0.51,12.84,0.54,20.0,0.55,5.0,0.46,20.0,0.45,5.0,0.48,17.0,0.49,12.84,0.02,0.02,2352.546155,1776299101000
1776299102.76,2.76,0.52,17.93,0.51,17.84,0.54,15.0,0.55,5.0,0.46,20.0,0.45,5.0,0.48,17.93,0.49,12.84,0.02,0.02,2352.546155,1776299101000
1776299103.263,3.263,0.52,17.93,0.51,12.84,0.54,0.92,0.55,5.0,0.46,28.0,0.45,5.0,0.48,17.93,0.49,17.84,0.02,0.02,2352.641571,1776299102000
1776299103.669,3.669,0.53,22.0,0.52,37.93,0.55,0.92,0.56,5.0,0.46,0.92,0.45,5.0,0.48,17.93,0.49,12.84,0.02,0.02,2352.641571,1776299102000
1776299104.27,4.27,0.54,19.13,0.53,22.0,0.57,5.0,0.58,5.0,0.45,0.92,0.44,17.0,0.46,9.13,0.47,27.0,0.03,0.01,2352.641571,1776299102000
1776299105.112,5.112,0.56,36.0,0.55,33.0,0.59,4.74,0.61,5.0,0.43,5.0,0.42,5.0,0.46,19.13,0.47,22.0,0.03,0.03,2352.75225,1776299104000
1776299105.829,5.829,0.61,10.0,0.6,20.0,0.62,14.43,0.63,19.0,0.38,9.43,0.37,14.0,0.4,10.0,0.41,10.0,0.01,0.02,2352.75225,1776299104000
1776299106.069,6.069,0.61,14.3,0.6,15.0,0.62,19.43,0.63,29.0,0.38,14.43,0.37,19.0,0.39,10.0,0.4,20.0,0.01,0.01,2352.75225,1776299104000
1776299106.274,6.274,0.61,10.0,0.6,15.0,0.62,9.43,0.63,29.0,0.38,19.43,0.37,29.0,0.39,14.3,0.4,15.0,0.01,0.01,2352.902128,1776299105000
1776299106.929,6.929,0.61,7.43,0.6,15.0,0.62,13.81,0.63,29.0,0.38,10.43,0.37,29.0,0.39,12.43,0.4,15.0,0.01,0.01,2352.902128,1776299105000
1776299107.658,7.658,0.61,7.43,0.6,15.0,0.62,24.19,0.63,29.0,0.38,13.81,0.37,29.0,0.39,7.43,0.4,15.0,0.01,0.01,2353.068155,1776299106000
1776299108.846,8.846,0.61,2.43,0.6,15.0,0.62,24.19,0.63,24.0,0.38,24.19,0.37,29.0,0.39,7.43,0.4,15.0,0.01,0.01,2353.139656,1776299107000
1776299109.275,9.275,0.61,2.43,0.6,15.0,0.62,18.0,0.63,24.0,0.38,24.19,0.37,24.0,0.39,2.43,0.4,15.0,0.01,0.01,2353.139656,1776299107000
1776299109.862,9.862,0.61,2.43,0.6,15.0,0.62,5.24,0.63,24.0,0.38,18.0,0.37,24.0,0.39,2.43,0.4,15.0,0.01,0.01,2353.126811,1776299108000
1776299113.245,13.245,0.6,114.85,0.59,10.0,0.62,71.24,0.63,59.0,0.38,5.24,0.37,24.0,0.39,2.43,0.4,15.0,0.02,0.01,2353.071545,1776299111000
1776299115.041,15.041,0.6,119.85,0.59,10.0,0.62,71.24,0.63,59.0,0.38,71.24,0.37,59.0,0.4,114.85,0.41,10.0,0.02,0.02,2353.01921,1776299114000
1776299115.523,15.523,0.6,124.85,0.59,10.0,0.61,81.0,0.62,61.24,0.38,71.24,0.37,59.0,0.4,119.85,0.41,10.0,0.01,0.02,2353.01921,1776299114000
1776299116.823,16.823,0.6,106.24,0.58,10.0,0.61,138.0,0.62,61.24,0.39,81.0,0.38,61.24,0.4,124.85,0.41,10.0,0.01,0.01,2353.064327,1776299115000
1776299117.057,17.057,0.6,92.44,0.58,10.0,0.61,133.0,0.62,66.24,0.39,138.0,0.38,61.24,0.4,101.24,0.42,10.0,0.01,0.01,2353.01648,1776299116000
1776299117.462,17.462,0.53,37.0,0.52,17.93,0.54,17.0,0.55,15.0,0.39,112.0,0.38,88.09,0.47,57.0,0.48,17.93,0.01,0.08,2353.01648,1776299116000
1776299117.818,17.818,0.53,37.0,0.52,17.93,0.54,33.66,0.55,15.0,0.46,17.0,0.45,15.0,0.47,37.0,0.48,17.93,0.01,0.01,2353.01648,1776299116000
1776299118.748,18.748,0.53,2.0,0.52,17.93,0.54,33.66,0.55,15.0,0.46,33.66,0.45,15.0,0.47,37.0,0.48,17.93,0.01,0.01,2352.96219,1776299117000
1776299121.649,21.649,0.53,2.0,0.52,17.93,0.54,67.0,0.55,25.0,0.46,43.66,0.45,15.0,0.47,2.0,0.48,17.93,0.01,0.01,2352.71435,1776299120000
1776299121.982,21.982,0.53,2.0,0.52,17.93,0.54,47.0,0.55,25.0,0.46,67.0,0.45,25.0,0.47,2.0,0.48,17.93,0.01,0.01,2352.71435,1776299120000
1776299125.256,25.256,0.53,2.0,0.52,17.93,0.54,34.74,0.55,20.0,0.46,47.0,0.45,25.0,0.47,2.0,0.48,17.93,0.01,0.01,2352.703965,1776299124000
1776299125.869,25.869,0.53,2.0,0.52,17.93,0.54,44.55,0.55,20.0,0.46,34.74,0.45,20.0,0.47,2.0,0.48,17.93,0.01,0.01,2352.703965,1776299124000
1776299130.121,30.121,0.53,9.87,0.52,22.93,0.54,86.55,0.55,20.0,0.46,44.55,0.45,20.0,0.47,2.0,0.48,17.93,0.01,0.01,2352.70487,1776299129000
1776299132.443,32.443,0.52,11.28,0.51,63.84,0.54,37.0,0.55,20.0,0.46,86.55,0.45,20.0,0.47,9.87,0.48,22.93,0.02,0.01,2352.62112,1776299131000
1776299133.094,33.094,0.52,26.28,0.51,73.84,0.53,18.39,0.54,25.0,0.46,37.0,0.45,20.0,0.48,11.28,0.49,63.84,0.01,0.02,2352.6168,1776299132000
1776299134.294,34.294,0.56,125.0,0.55,38.0,0.59,25.0,0.61,12.0,0.47,18.39,0.46,25.0,0.48,26.28,0.49,73.84,0.03,0.01,2352.63202,1776299133000
1776299135.357,35.357,0.59,47.0,0.58,47.0,0.61,12.0,0.62,10.0,0.41,25.0,0.39,12.0,0.44,125.0,0.45,38.0,0.02,0.03,2352.72095,1776299134000
1776299135.899,35.899,0.6,53.0,0.59,47.0,0.61,37.0,0.62,10.0,0.39,12.0,0.38,10.0,0.41,47.0,0.42,47.0,0.01,0.02,2352.72095,1776299134000
1776299136.853,36.853,0.6,53.0,0.59,47.0,0.61,37.0,0.62,10.0,0.39,37.0,0.38,10.0,0.4,53.0,0.41,47.0,0.01,0.01,2352.78162,1776299135000
1776299137.47,37.47,0.6,48.0,0.59,47.0,0.61,27.0,0.62,10.0,0.39,32.0,0.38,10.0,0.4,43.0,0.41,47.0,0.01,0.01,2352.987274,1776299136000
1776299142.333,42.333,0.6,41.0,0.59,25.0,0.64,30.0,0.65,10.0,0.39,27.0,0.38,10.0,0.4,48.0,0.41,47.0,0.04,0.01,2352.97289,1776299140000
1776299147.546,47.546,0.63,37.29,0.62,20.0,0.64,25.0,0.65,5.0,0.36,30.0,0.35,10.0,0.4,41.0,0.41,25.0,0.01,0.04,2353.23553,1776299146000
1776299148.437,48.437,0.63,54.99,0.62,15.0,0.64,20.0,0.65,5.0,0.36,25.0,0.35,5.0,0.37,37.29,0.38,20.0,0.01,0.01,2353.21165,1776299147000
1776299149.242,49.242,0.64,67.0,0.63,33.0,0.67,55.0,0.68,5.0,0.36,20.0,0.35,5.0,0.37,54.99,0.38,15.0,0.03,0.01,2353.21165,1776299147000
1776299149.515,49.515,0.66,46.0,0.65,15.0,0.67,50.0,0.69,62.0,0.33,55.0,0.32,5.0,0.36,67.0,0.37,33.0,0.01,0.03,2353.21165,1776299147000
1776299150.475,50.475,0.68,6.37,0.67,6.0,0.69,77.8,0.7,32.1,0.33,50.0,0.31,62.0,0.34,46.0,0.35,15.0,0.01,0.01,2353.216935,1776299148000
1776299150.77,50.77,0.68,0.37,0.66,10.0,0.69,122.8,0.7,73.1,0.31,77.8,0.3,32.1,0.32,6.37,0.33,6.0,0.01,0.01,2353.216935,1776299148000
1776299151.321,51.321,0.66,42.64,0.65,15.0,0.67,51.0,0.68,45.0,0.33,38.0,0.32,5.0,0.34,22.64,0.35,15.0,0.01,0.01,2353.3098,1776299150000
1776299151.626,51.626,0.66,37.64,0.65,15.0,0.67,86.52,0.68,55.0,0.33,51.0,0.32,45.0,0.34,42.64,0.35,15.0,0.01,0.01,2353.3098,1776299150000
1776299151.827,51.827,0.65,5.0,0.64,15.0,0.66,69.94,0.67,43.52,0.33,86.52,0.32,55.0,0.34,21.64,0.35,15.0,0.01,0.01,2353.3098,1776299150000
1776299156.752,56.752,0.53,75.0,0.52,76.28,0.54,5.86,0.56,35.0,0.34,94.94,0.33,48.52,0.36,10.0,0.38,10.0,0.01,0.02,2352.983471,1776299155000
1776299157.532,57.532,0.51,3.09,0.5,51.0,0.53,138.0,0.54,25.0,0.46,5.86,0.44,35.0,0.47,75.0,0.48,76.28,0.02,0.01,2352.971766,1776299156000
1776299157.765,57.765,0.5,34.8,0.49,150.0,0.52,72.0,0.53,20.0,0.47,138.0,0.46,25.0,0.49,3.09,0.5,51.0,0.02,0.02,2352.971766,1776299156000
1776299159.036,59.036,0.5,11.0,0.49,150.0,0.51,90.0,0.52,50.0,0.49,60.0,0.48,25.0,0.5,18.8,0.51,150.0,0.01,0.01,2352.644425,1776299158000
1776299165.845,65.845,0.5,29.0,0.49,150.0,0.51,142.83,0.52,50.0,0.49,90.0,0.48,50.0,0.5,11.0,0.51,150.0,0.01,0.01,2352.429758,1776299164000
1776299170.125,70.125,0.5,23.4,0.49,150.0,0.51,134.83,0.52,25.0,0.49,142.83,0.48,50.0,0.5,29.0,0.51,150.0,0.01,0.01,2352.434151,1776299169000
1776299171.298,71.298,0.5,18.4,0.49,150.0,0.51,138.83,0.52,25.0,0.49,134.83,0.48,25.0,0.5,23.4,0.51,150.0,0.01,0.01,2352.434151,1776299169000
1776299174.112,74.112,0.5,8.4,0.49,150.0,0.51,113.83,0.52,30.0,0.49,138.83,0.48,25.0,0.5,18.4,0.51,150.0,0.01,0.01,2352.383358,1776299172000
1776299175.4,75.4,0.49,150.0,0.47,50.0,0.51,203.86,0.52,55.0,0.49,111.86,0.48,30.0,0.5,8.4,0.51,150.0,0.02,0.01,2352.389335,1776299174000
1776299175.603,75.603,0.47,6.71,0.46,60.0,0.48,10.0,0.5,270.0,0.5,270.0,0.49,115.86,0.53,46.71,0.54,60.0,0.01,0.03,2352.389335,1776299174000
1776299175.888,75.888,0.46,6.71,0.45,15.0,0.47,170.0,0.48,50.0,0.52,10.0,0.51,10.0,0.54,56.71,0.55,15.0,0.01,0.02,2352.389335,1776299174000
1776299176.221,76.221,0.44,110.98,0.43,105.0,0.46,253.26,0.47,55.0,0.54,3.26,0.53,103.0,0.55,10.0,0.56,115.0,0.02,0.01,2352.389335,1776299174000
1776299177.118,77.118,0.44,35.98,0.43,110.0,0.45,178.88,0.46,118.26,0.54,253.26,0.53,55.0,0.56,110.98,0.57,105.0,0.01,0.02,2352.38903,1776299175000
1776299178.722,78.722,0.43,105.0,0.42,180.0,0.45,238.88,0.46,175.44,0.55,178.88,0.54,118.26,0.56,35.98,0.57,110.0,0.02,0.01,2352.102253,1776299177000
1776299179.601,79.601,0.41,30.0,0.4,50.0,0.42,15.0,0.43,198.0,0.57,92.0,0.56,75.0,0.58,180.0,0.59,80.0,0.01,0.01,2352.02315,1776299178000
1776299180.91,80.91,0.39,25.0,0.36,55.0,0.41,36.7,0.42,65.0,0.58,15.0,0.57,198.0,0.59,30.0,0.6,50.0,0.02,0.01,2351.952798,1776299179000
1776299181.946,81.946,0.34,5.0,0.33,5.0,0.37,123.0,0.38,15.0,0.59,36.7,0.58,65.0,0.61,25.0,0.64,55.0,0.03,0.02,2351.841991,1776299180000
1776299182.261,82.261,0.34,10.0,0.33,10.0,0.35,118.0,0.36,15.0,0.63,123.0,0.62,15.0,0.66,5.0,0.67,5.0,0.01,0.03,2351.841991,1776299180000
1776299183.222,83.222,0.34,8.48,0.33,20.0,0.35,88.0,0.36,15.0,0.65,113.0,0.64,15.0,0.66,10.0,0.67,10.0,0.01,0.01,2351.751383,1776299182000
1776299184.35,84.35,0.34,1.88,0.33,20.0,0.35,93.0,0.36,25.0,0.65,88.0,0.64,15.0,0.66,3.4,0.67,20.0,0.01,0.01,2351.696348,1776299183000
1776299185.397,85.397,0.31,121.88,0.3,121.0,0.35,81.0,0.36,25.0,0.65,93.0,0.64,25.0,0.66,1.88,0.67,20.0,0.04,0.01,2351.642824,1776299184000
1776299185.649,85.649,0.31,126.88,0.3,212.37,0.32,64.68,0.33,10.0,0.65,81.0,0.64,25.0,0.69,121.88,0.7,121.0,0.01,0.04,2351.642824,1776299184000
1776299186.124,86.124,0.31,132.59,0.3,212.37,0.32,34.68,0.33,10.0,0.68,64.68,0.67,10.0,0.69,126.88,0.7,212.37,0.01,0.01,2351.642824,1776299184000
1776299187.167,87.167,0.31,72.23,0.3,212.37,0.32,29.52,0.33,10.0,0.68,29.52,0.67,10.0,0.69,86.0,0.7,212.37,0.01,0.01,2351.673905,1776299186000
1776299188.1,88.1,0.31,46.09,0.3,100.0,0.32,59.52,0.33,15.0,0.68,29.52,0.67,10.0,0.69,72.23,0.7,212.37,0.01,0.01,2351.76422,1776299187000
1776299190.218,90.218,0.31,5.0,0.3,45.97,0.32,92.0,0.33,15.0,0.68,54.52,0.67,15.0,0.69,34.09,0.71,65.0,0.01,0.01,2351.634365,1776299189000
1776299190.547,90.547,0.31,5.0,0.3,94.97,0.32,66.37,0.33,15.0,0.68,92.0,0.67,15.0,0.69,5.0,0.7,45.97,0.01,0.01,2351.634365,1776299189000
1776299190.818,90.818,0.33,6.0,0.32,5.0,0.34,102.05,0.35,45.0,0.66,25.0,0.65,20.0,0.69,5.0,0.7,89.97,0.01,0.03,2351.634365,1776299189000
1776299191.717,91.717,0.29,30.0,0.28,31.0,0.34,99.05,0.35,45.0,0.66,102.05,0.65,45.0,0.67,6.0,0.68,5.0,0.05,0.01,2351.597185,1776299190000
1776299192.5,92.5,0.29,40.0,0.28,31.0,0.3,98.0,0.31,21.0,0.66,99.05,0.65,45.0,0.71,30.0,0.72,31.0,0.01,0.05,2351.55061,1776299191000
1776299192.828,92.828,0.29,40.0,0.28,62.0,0.3,43.86,0.31,21.0,0.7,98.0,0.69,21.0,0.71,40.0,0.72,31.0,0.01,0.01,2351.55061,1776299191000
1776299195.911,95.911,0.28,25.0,0.27,94.0,0.29,81.38,0.3,15.86,0.7,43.86,0.69,21.0,0.71,40.0,0.72,62.0,0.01,0.01,2351.463756,1776299194000
1776299196.377,96.377,0.28,15.0,0.27,104.0,0.29,77.13,0.3,35.86,0.71,81.38,0.7,15.86,0.72,25.0,0.73,94.0,0.01,0.01,2351.483984,1776299195000
1776299196.904,96.904,0.28,12.22,0.27,82.0,0.29,67.13,0.3,35.86,0.71,62.13,0.7,35.86,0.72,13.61,0.73,104.0,0.01,0.01,2351.483984,1776299195000
1776299199.912,99.912,0.25,15.0,0.24,55.0,0.26,16.15,0.27,115.0,0.71,67.13,0.7,35.86,0.72,12.22,0.73,82.0,0.01,0.01,2351.419865,1776299198000
1776299200.825,100.825,0.22,3.83,0.2,20.0,0.25,55.0,0.26,48.0,0.74,16.15,0.73,115.0,0.75,15.0,0.76,55.0,0.03,0.01,2351.419975,1776299199000
1776299201.253,101.253,0.24,135.2,0.23,35.0,0.27,110.0,0.28,10.0,0.75,25.0,0.74,10.0,0.76,14.31,0.77,9.0,0.03,0.01,2351.419975,1776299199000
1776299201.633,101.633,0.26,58.37,0.25,114.66,0.27,100.0,0.28,10.0,0.74,100.0,0.73,110.0,0.75,8.66,0.76,113.04,0.01,0.01,2351.438542,1776299200000
1776299201.933,101.933,0.27,10.0,0.26,100.0,0.3,55.0,0.31,20.0,0.73,100.0,0.72,10.0,0.74,58.37,0.75,114.66,0.03,0.01,2351.438542,1776299200000
1776299202.465,102.465,0.26,74.32,0.25,59.66,0.3,10.0,0.31,20.0,0.7,55.0,0.69,20.0,0.73,10.0,0.74,100.0,0.04,0.03,2351.204001,1776299201000
1776299202.671,102.671,0.26,83.32,0.25,48.66,0.27,3.03,0.28,10.0,0.7,10.0,0.69,20.0,0.74,74.32,0.75,59.66,0.01,0.04,2351.204001,1776299201000
1776299203.375,103.375,0.27,11.0,0.26,123.0,0.29,12.43,0.3,10.0,0.72,1.13,0.71,10.0,0.74,100.0,0.75,17.66,0.02,0.02,2351.1243,1776299202000
1776299204.302,104.302,0.28,97.13,0.27,82.0,0.29,10.0,0.3,15.0,0.71,12.43,0.7,10.0,0.73,11.0,0.74,123.0,0.01,0.02,2351.462353,1776299203000
1776299205.169,105.169,0.28,87.13,0.27,62.0,0.29,4.0,0.3,24.57,0.71,10.0,0.7,15.0,0.72,97.13,0.73,82.0,0.01,0.01,2351.462353,1776299203000
1776299205.38,105.38,0.28,18.0,0.27,22.0,0.29,10.0,0.3,22.57,0.7,22.57,0.69,20.0,0.72,58.0,0.73,23.0,0.01,0.02,2351.461591,1776299204000
1776299206.021,106.021,0.27,32.0,0.26,23.0,0.28,10.82,0.29,24.57,0.71,10.0,0.7,22.57,0.73,22.0,0.74,23.0,0.01,0.02,2351.467246,1776299205000
1776299207.32,107.32,0.27,37.43,0.26,41.0,0.28,20.39,0.29,24.57,0.72,10.82,0.71,24.57,0.73,32.0,0.74,23.0,0.01,0.01,2351.467969,1776299206000
1776299208.416,108.416,0.27,32.43,0.26,23.0,0.28,10.39,0.29,24.57,0.72,20.39,0.71,24.57,0.73,37.43,0.74,41.0,0.01,0.01,2351.469359,1776299207000
1776299209.288,109.288,0.26,31.29,0.25,36.0,0.28,25.39,0.29,24.57,0.72,10.39,0.71,24.57,0.73,45.86,0.74,23.0,0.02,0.01,2351.469359,1776299207000
1776299209.791,109.791,0.27,52.0,0.26,61.29,0.29,9.57,0.3,19.57,0.72,25.39,0.71,24.57,0.74,31.29,0.75,36.0,0.02,0.02,2351.42024,1776299208000
1776299210.57,110.57,0.28,15.42,0.27,20.0,0.29,24.57,0.3,24.57,0.71,9.57,0.7,19.57,0.72,4.47,0.73,30.0,0.01,0.01,2351.421012,1776299209000
1776299214.066,114.066,0.28,98.42,0.27,28.0,0.3,9.57,0.33,35.0,0.71,24.57,0.7,24.57,0.72,15.42,0.73,20.0,0.02,0.01,2351.440635,1776299212000
1776299215.671,115.671,0.35,103.0,0.34,76.0,0.36,50.0,0.37,50.0,0.67,35.0,0.66,20.0,0.71,6.0,0.72,98.42,0.01,0.04,2351.526464,1776299214000
1776299216.108,116.108,0.35,161.0,0.34,43.0,0.37,50.0,0.39,50.0,0.64,50.0,0.63,50.0,0.65,103.0,0.66,76.0,0.02,0.01,2351.526464,1776299214000
1776299216.745,116.745,0.4,84.0,0.39,32.0,0.41,22.82,0.42,125.0,0.63,50.0,0.61,50.0,0.65,161.0,0.66,43.0,0.01,0.02,2351.764351,1776299215000
1776299217.839,117.839,0.4,88.66,0.39,27.0,0.41,7.38,0.42,125.0,0.59,17.38,0.58,125.0,0.6,84.0,0.61,32.0,0.01,0.01,2351.909793,1776299216000
1776299218.045,118.045,0.4,83.66,0.39,27.0,0.42,125.0,0.43,5.0,0.59,7.38,0.58,125.0,0.6,88.66,0.61,27.0,0.02,0.01,2351.909793,1776299216000
1776299220.245,120.245,0.41,144.0,0.4,33.0,0.42,75.0,0.43,5.0,0.58,125.0,0.57,5.0,0.6,83.66,0.61,27.0,0.01,0.02,2352.192921,1776299219000
1776299221.224,121.224,0.43,96.0,0.42,49.0,0.45,30.0,0.46,10.0,0.58,75.0,0.57,5.0,0.59,144.0,0.6,33.0,0.02,0.01,2352.205275,1776299220000
1776299221.824,121.824,0.45,4.8,0.44,84.0,0.46,10.0,0.47,10.0,0.55,30.0,0.54,10.0,0.57,96.0,0.58,49.0,0.01,0.02,2352.205275,1776299220000
1776299222.045,122.045,0.45,46.8,0.44,59.0,0.47,10.0,0.48,100.0,0.54,10.0,0.53,10.0,0.55,4.8,0.56,84.0,0.02,0.01,2352.205275,1776299220000
1776299222.267,122.267,0.46,161.0,0.45,58.8,0.48,68.64,0.51,25.0,0.53,10.0,0.52,100.0,0.55,46.8,0.56,59.0,0.02,0.02,2352.205275,1776299220000
1776299223.637,123.637,0.52,84.83,0.51,67.0,0.53,25.0,0.54,5.0,0.52,68.64,0.49,25.0,0.54,161.0,0.55,58.8,0.01,0.02,2352.339557,1776299222000
1776299224.634,124.634,0.59,79.0,0.58,17.0,0.6,1.47,0.61,78.0,0.47,25.0,0.46,5.0,0.48,84.83,0.49,67.0,0.01,0.01,2352.501725,1776299223000
1776299225.006,125.006,0.59,79.0,0.58,27.0,0.61,55.0,0.62,10.0,0.4,1.47,0.39,78.0,0.41,79.0,0.42,17.0,0.02,0.01,2352.501725,1776299223000
1776299225.237,125.237,0.66,32.0,0.65,17.0,0.67,4.9,0.68,2.0,0.32,2.0,0.31,51.8,0.37,10.0,0.38,10.0,0.01,0.05,2352.580152,1776299224000
1776299225.614,125.614,0.67,54.0,0.66,34.0,0.68,9.21,0.69,56.8,0.32,9.21,0.31,51.8,0.34,49.0,0.35,17.0,0.01,0.02,2352.580152,1776299224000
1776299225.859,125.859,0.67,38.0,0.66,18.0,0.68,63.3,0.69,56.8,0.32,9.21,0.31,56.8,0.33,54.0,0.34,34.0,0.01,0.01,2352.580152,1776299224000
1776299226.634,126.634,0.67,43.33,0.66,18.0,0.68,73.3,0.69,66.8,0.32,63.3,0.31,56.8,0.33,38.0,0.34,18.0,0.01,0.01,2352.731247,1776299225000
1776299228.812,128.812,0.67,36.0,0.66,18.0,0.69,87.55,0.7,92.1,0.32,73.3,0.31,66.8,0.33,43.33,0.34,18.0,0.02,0.01,2353.285627,1776299227000
1776299229.039,129.039,0.68,59.0,0.67,37.0,0.69,30.75,0.7,92.1,0.31,87.55,0.3,92.1,0.33,36.0,0.34,18.0,0.01,0.02,2353.285627,1776299227000
1776299229.261,129.261,0.68,54.0,0.67,37.0,0.69,9.14,0.7,92.1,0.31,30.75,0.3,92.1,0.32,59.0,0.33,37.0,0.01,0.01,2353.29879,1776299228000
1776299230.036,130.036,0.69,84.0,0.68,59.0,0.71,61.12,0.72,80.0,0.31,9.14,0.3,92.1,0.32,54.0,0.33,37.0,0.02,0.01,2353.29879,1776299228000
1776299230.605,130.605,0.7,87.14,0.69,54.0,0.71,38.12,0.72,85.0,0.29,27.12,0.28,85.0,0.3,59.0,0.31,54.0,0.01,0.01,2353.366505,1776299229000
1776299230.857,130.857,0.7,87.14,0.69,60.0,0.71,7.53,0.72,80.0,0.29,38.12,0.28,85.0,0.3,87.14,0.31,54.0,0.01,0.01,2353.366505,1776299229000
1776299231.532,131.532,0.71,84.0,0.7,42.14,0.74,10.0,0.75,55.0,0.28,80.0,0.27,55.0,0.3,72.14,0.31,60.0,0.03,0.02,2353.399581,1776299230000
1776299232.307,132.307,0.73,75.29,0.72,17.0,0.74,15.0,0.75,70.0,0.26,10.0,0.25,55.0,0.29,84.0,0.3,42.14,0.01,0.03,2353.496376,1776299231000
1776299233.003,133.003,0.73,77.95,0.72,23.0,0.74,10.0,0.75,50.0,0.26,15.0,0.25,70.0,0.27,75.29,0.28,17.0,0.01,0.01,2353.617139,1776299232000
1776299233.504,133.504,0.76,87.0,0.75,50.0,0.8,10.0,0.81,10.0,0.26,10.0,0.25,50.0,0.27,77.95,0.28,23.0,0.04,0.01,2353.617139,1776299232000
1776299233.851,133.851,0.79,62.0,0.78,16.0,0.8,5.0,0.81,18.31,0.2,10.0,0.19,10.0,0.24,87.0,0.25,50.0,0.01,0.04,2353.617139,1776299232000
1776299234.113,134.113,0.79,15.0,0.78,20.0,0.81,2.93,0.82,118.41,0.2,5.0,0.19,18.31,0.24,46.0,0.25,45.0,0.02,0.04,2353.640132,1776299233000
1776299234.525,134.525,0.81,21.0,0.8,16.0,0.82,136.8,0.83,15.0,0.19,2.93,0.18,118.41,0.21,15.0,0.22,20.0,0.01,0.02,2353.640132,1776299233000
1776299235.073,135.073,0.81,8.1,0.8,16.0,0.82,115.97,0.83,15.0,0.18,135.58,0.17,15.0,0.19,16.0,0.2,16.0,0.01,0.01,2353.640132,1776299233000
1776299235.599,135.599,0.81,13.1,0.8,16.0,0.82,6.02,0.83,5.0,0.18,115.97,0.17,15.0,0.19,8.1,0.2,16.0,0.01,0.01,2353.640132,1776299233000
1776299236.135,136.135,0.82,13.94,0.81,71.1,0.83,5.0,0.84,5.0,0.18,6.02,0.17,5.0,0.19,13.1,0.2,16.0,0.01,0.01,2353.779367,1776299234000
1776299236.739,136.739,0.85,21.0,0.84,26.0,0.86,95.0,0.87,151.0,0.14,10.0,0.13,36.8,0.15,10.0,0.16,10.0,0.01,0.01,2353.98674,1776299235000
1776299237.108,137.108,0.86,8.85,0.85,21.0,0.87,102.76,0.88,44.1,0.14,95.0,0.13,151.0,0.15,21.0,0.16,26.0,0.01,0.01,2354.00818,1776299236000
1776299237.374,137.374,0.85,13.12,0.84,26.0,0.87,102.76,0.88,39.1,0.13,102.76,0.12,44.1,0.14,8.85,0.15,21.0,0.02,0.01,2354.00818,1776299236000
1776299237.606,137.606,0.85,9.12,0.84,26.0,0.87,107.76,0.88,39.1,0.13,102.76,0.12,39.1,0.15,13.12,0.16,26.0,0.02,0.02,2354.00818,1776299236000
1776299238.206,138.206,0.84,1.0,0.83,10.0,0.85,120.0,0.86,30.0,0.13,107.76,0.12,39.1,0.15,9.12,0.16,26.0,0.01,0.02,2354.14267,1776299237000
1776299238.576,138.576,0.8,20.0,0.79,10.0,0.83,259.0,0.84,90.0,0.15,115.0,0.14,30.0,0.18,15.0,0.19,8.1,0.03,0.03,2354.14267,1776299237000
1776299238.929,138.929,0.8,20.0,0.79,10.0,0.81,155.0,0.82,115.93,0.17,259.0,0.16,90.0,0.2,20.0,0.21,10.0,0.01,0.03,2354.14267,1776299237000
1776299239.277,139.277,0.79,10.0,0.78,20.0,0.8,11.0,0.81,114.31,0.19,155.0,0.18,115.93,0.2,20.0,0.21,10.0,0.01,0.01,2354.2562,1776299238000
1776299240.75,140.75,0.73,31.02,0.72,45.0,0.74,10.0,0.75,55.0,0.2,11.0,0.19,114.31,0.21,10.0,0.22,20.0,0.01,0.01,2354.157055,1776299239000
1776299242.308,142.308,0.73,20.0,0.72,60.0,0.74,39.69,0.75,15.0,0.26,10.0,0.25,35.0,0.27,23.61,0.28,45.0,0.01,0.01,2353.811476,1776299241000
1776299243.316,143.316,0.68,9.12,0.67,65.0,0.71,20.0,0.72,17.0,0.26,39.69,0.25,15.0,0.27,20.0,0.28,60.0,0.03,0.01,2353.726971,1776299242000
1776299243.582,143.582,0.68,6.3,0.67,65.0,0.71,96.0,0.72,22.0,0.29,20.0,0.28,17.0,0.32,9.12,0.33,65.0,0.03,0.03,2353.726971,1776299242000
1776299244.522,144.522,0.68,10.0,0.67,21.0,0.69,38.0,0.7,22.0,0.29,96.0,0.28,22.0,0.34,15.0,0.35,39.0,0.01,0.05,2353.71319,1776299243000
1776299245.141,145.141,0.68,76.5,0.67,20.0,0.69,21.0,0.7,7.0,0.31,38.0,0.3,22.0,0.32,6.81,0.33,15.0,0.01,0.01,2353.590876,1776299244000
1776299245.874,145.874,0.72,33.07,0.71,31.0,0.73,15.0,0.75,5.0,0.31,21.0,0.3,7.0,0.32,76.5,0.33,20.0,0.01,0.01,2353.590876,1776299244000
1776299249.094,149.094,0.69,15.0,0.68,15.0,0.7,51.06,0.71,21.0,0.27,3.52,0.25,5.0,0.28,28.07,0.29,30.0,0.01,0.01,2353.569813,1776299248000
1776299249.748,149.748,0.66,15.0,0.63,5.0,0.7,201.06,0.71,121.0,0.3,51.06,0.29,21.0,0.31,15.0,0.32,15.0,0.04,0.01,2353.569813,1776299248000
1776299250.538,150.538,0.62,12.0,0.61,5.0,0.63,52.87,0.64,21.0,0.36,21.0,0.35,15.0,0.38,22.0,0.39,143.0,0.01,0.02,2353.569813,1776299248000
1776299250.826,150.826,0.55,0.55,0.54,11.0,0.56,10.0,0.57,10.0,0.41,26.0,0.4,16.0,0.45,5.0,0.46,11.0,0.01,0.04,2353.569813,1776299248000
1776299251.142,151.142,0.54,26.35,0.52,10.0,0.56,21.0,0.57,16.0,0.44,10.0,0.43,10.0,0.45,0.55,0.46,11.0,0.02,0.01,2353.531819,1776299249000
1776299251.573,151.573,0.54,31.35,0.53,20.0,0.56,16.0,0.57,16.0,0.44,21.0,0.43,16.0,0.46,26.35,0.48,10.0,0.02,0.02,2353.531819,1776299249000
1776299252.104,152.104,0.54,31.0,0.53,94.04,0.56,8.14,0.57,16.0,0.44,16.0,0.43,16.0,0.46,31.35,0.47,20.0,0.02,0.02,2353.445213,1776299250000
1776299252.405,152.405,0.55,15.0,0.54,21.0,0.56,8.14,0.57,16.0,0.44,8.14,0.43,16.0,0.46,31.0,0.47,94.04,0.01,0.02,2353.445213,1776299250000
1776299253.158,153.158,0.56,80.22,0.55,10.0,0.57,16.0,0.58,15.0,0.44,8.14,0.43,16.0,0.45,15.0,0.46,21.0,0.01,0.01,2353.069845,1776299251000
1776299253.59,153.59,0.56,73.09,0.55,10.0,0.57,16.0,0.58,15.0,0.43,16.0,0.42,15.0,0.44,80.22,0.45,10.0,0.01,0.01,2353.069845,1776299251000
1776299254.936,154.936,0.43,11.94,0.42,41.8,0.57,16.0,0.58,15.0,0.43,16.0,0.42,15.0,0.44,73.09,0.45,10.0,0.14,0.01,2353.074959,1776299253000
1776299255.281,155.281,0.54,6.0,0.53,8.0,0.56,45.0,0.57,26.0,0.43,16.0,0.42,15.0,0.57,11.94,0.58,41.8,0.02,0.14,2352.982675,1776299254000
1776299259.382,159.382,0.54,106.11,0.53,73.65,0.55,42.8,0.56,65.0,0.44,45.0,0.43,26.0,0.46,6.0,0.47,8.0,0.01,0.02,2352.945976,1776299258000
1776299260.255,160.255,0.54,106.11,0.53,8.0,0.55,32.8,0.56,65.0,0.45,42.8,0.44,65.0,0.46,106.11,0.47,73.65,0.01,0.01,2352.945976,1776299258000
1776299260.564,160.564,0.54,28.11,0.52,6.0,0.55,65.0,0.56,65.0,0.45,32.8,0.44,65.0,0.46,106.11,0.47,8.0,0.01,0.01,2352.945976,1776299258000
1776299260.868,160.868,0.42,16.57,0.41,150.04,0.43,10.72,0.44,15.0,0.57,10.0,0.56,10.0,0.58,16.57,0.59,90.0,0.01,0.01,2352.96692,1776299259000
1776299261.254,161.254,0.44,12.0,0.43,10.0,0.45,1.04,0.46,17.46,0.54,12.46,0.53,10.0,0.58,11.57,0.59,150.04,0.01,0.04,2352.96692,1776299259000
1776299261.475,161.475,0.44,17.0,0.43,15.0,0.45,3.0,0.46,17.46,0.55,1.04,0.54,17.46,0.56,12.0,0.57,10.0,0.01,0.01,2352.94009,1776299260000
1776299262.677,162.677,0.48,20.0,0.47,10.0,0.49,1.93,0.5,19.0,0.53,6.55,0.52,10.0,0.56,17.0,0.57,15.0,0.01,0.03,2352.939187,1776299261000
1776299262.947,162.947,0.49,235.36,0.48,35.0,0.51,5.0,0.54,20.0,0.5,12.83,0.49,5.0,0.52,90.0,0.53,10.0,0.02,0.02,2352.939187,1776299261000
1776299264.125,164.125,0.52,20.0,0.51,10.0,0.53,9.86,0.54,25.0,0.46,20.0,0.45,10.0,0.51,235.36,0.52,35.0,0.01,0.05,2352.664526,1776299262000
1776299265.883,165.883,0.52,10.0,0.51,73.58,0.54,15.58,0.55,10.0,0.47,9.86,0.46,25.0,0.48,20.0,0.49,10.0,0.02,0.01,2352.788491,1776299264000
1776299266.751,166.751,0.52,15.0,0.51,83.58,0.53,13.11,0.54,30.58,0.46,15.58,0.45,10.0,0.48,10.0,0.49,73.58,0.01,0.02,2352.712441,1776299265000
1776299268.409,168.409,0.53,261.0,0.52,92.0,0.56,10.0,0.57,25.0,0.47,13.11,0.46,30.58,0.48,15.0,0.49,83.58,0.03,0.01,2352.65099,1776299266000
1776299269.135,169.135,0.6,170.0,0.59,42.0,0.61,41.96,0.62,50.0,0.44,10.0,0.43,25.0,0.47,261.0,0.48,92.0,0.01,0.03,2352.633304,1776299267000
1776299269.415,169.415,0.61,97.0,0.6,72.0,0.62,50.0,0.63,25.0,0.39,41.96,0.38,50.0,0.4,170.0,0.41,42.0,0.01,0.01,2352.756391,1776299268000
1776299271.885,171.885,0.65,27.0,0.64,62.0,0.66,114.96,0.67,75.0,0.38,50.0,0.37,25.0,0.39,97.0,0.4,72.0,0.01,0.01,2353.076203,1776299270000
1776299272.597,172.597,0.65,165.0,0.64,62.0,0.66,97.97,0.67,35.0,0.34,114.96,0.33,75.0,0.35,27.0,0.36,62.0,0.01,0.01,2353.088012,1776299271000
1776299272.887,172.887,0.66,160.17,0.65,67.0,0.67,35.0,0.68,5.0,0.34,97.97,0.33,35.0,0.35,165.0,0.36,62.0,0.01,0.01,2353.088012,1776299271000
1776299273.759,173.759,0.66,167.22,0.65,62.0,0.67,35.0,0.69,5.0,0.33,35.0,0.32,5.0,0.34,160.17,0.35,67.0,0.01,0.01,2353.118256,1776299272000
1776299276.019,176.019,0.63,5.0,0.62,10.0,0.64,80.0,0.65,30.0,0.33,35.0,0.31,5.0,0.34,167.22,0.35,62.0,0.01,0.01,2353.345219,1776299274000
1776299281.103,181.103,0.62,17.91,0.61,30.0,0.63,71.15,0.64,58.0,0.36,80.0,0.35,30.0,0.37,5.0,0.38,10.0,0.01,0.01,2353.021675,1776299279000
1776299283.32,183.32,0.62,74.0,0.61,30.0,0.63,21.15,0.64,25.0,0.37,71.15,0.36,58.0,0.38,17.91,0.39,30.0,0.01,0.01,2353.035705,1776299281000
1776299283.891,183.891,0.62,44.79,0.61,30.0,0.63,5.73,0.64,25.0,0.37,21.15,0.36,25.0,0.38,74.0,0.39,30.0,0.01,0.01,2353.010649,1776299282000
1776299284.574,184.574,0.62,27.0,0.61,30.0,0.63,14.0,0.64,25.0,0.37,5.73,0.36,25.0,0.38,44.79,0.39,30.0,0.01,0.01,2353.010649,1776299283000
1776299285.366,185.366,0.61,15.0,0.6,40.0,0.63,103.0,0.64,30.0,0.37,14.0,0.36,25.0,0.38,27.0,0.39,30.0,0.02,0.01,2353.010649,1776299283000
1776299287.178,187.178,0.59,70.0,0.58,125.14,0.6,12.9,0.61,30.0,0.38,10.0,0.37,98.0,0.39,10.0,0.4,40.0,0.01,0.01,2352.986386,1776299286000
1776299290.13,190.13,0.58,100.0,0.57,46.69,0.59,41.61,0.6,42.9,0.4,12.9,0.39,30.0,0.41,70.0,0.42,125.14,0.01,0.01,2352.98395,1776299289000
1776299290.83,190.83,0.58,10.0,0.57,20.0,0.59,54.46,0.6,32.9,0.41,41.61,0.4,42.9,0.42,100.0,0.43,46.69,0.01,0.01,2352.98395,1776299289000
1776299292.87,192.87,0.58,31.23,0.57,40.76,0.59,12.46,0.6,15.0,0.41,54.46,0.4,32.9,0.42,10.0,0.43,20.0,0.01,0.01,2352.988395,1776299291000
1776299293.133,193.133,0.58,5.0,0.57,40.76,0.59,17.46,0.6,15.0,0.41,12.46,0.4,15.0,0.42,31.23,0.43,40.76,0.01,0.01,2352.988395,1776299291000
1776299294.588,194.588,0.57,83.36,0.56,45.0,0.58,15.0,0.59,12.46,0.41,17.46,0.4,15.0,0.42,5.0,0.43,40.76,0.01,0.01,2353.004878,1776299293000
1776299296.914,196.914,0.57,20.93,0.56,50.0,0.58,5.0,0.59,12.46,0.42,15.0,0.41,12.46,0.43,83.36,0.44,45.0,0.01,0.01,2352.983195,1776299295000
1776299301.609,201.609,0.57,10.0,0.56,15.0,0.58,15.0,0.59,12.46,0.42,5.0,0.41,12.46,0.43,20.93,0.44,50.0,0.01,0.01,2352.944132,1776299300000
1776299303.385,203.385,0.57,10.0,0.56,5.0,0.58,50.0,0.59,17.46,0.42,15.0,0.41,12.46,0.43,10.0,0.44,15.0,0.01,0.01,2352.923258,1776299302000
1776299306.665,206.665,0.56,40.0,0.55,25.0,0.57,8.24,0.58,38.0,0.42,50.0,0.41,17.46,0.43,7.67,0.44,5.0,0.01,0.01,2352.922445,1776299305000
1776299309.115,209.115,0.56,24.09,0.55,15.0,0.57,13.24,0.58,38.0,0.43,8.24,0.42,38.0,0.44,40.0,0.45,25.0,0.01,0.01,2352.86237,1776299307000
1776299309.959,209.959,0.55,20.0,0.54,15.0,0.56,49.0,0.57,35.24,0.43,13.24,0.42,38.0,0.44,24.09,0.45,15.0,0.01,0.01,2352.834415,1776299308000
1776299311.474,211.474,0.55,20.0,0.54,40.0,0.56,5.0,0.57,8.24,0.44,49.0,0.43,35.24,0.45,20.0,0.46,15.0,0.01,0.01,2352.888682,1776299310000
1776299311.692,211.692,0.6,98.0,0.59,24.0,0.61,4.9,0.67,38.18,0.44,5.0,0.43,8.24,0.45,20.0,0.46,40.0,0.01,0.01,2352.888682,1776299310000
1776299312.264,212.264,0.74,30.0,0.73,10.0,0.75,59.71,0.78,10.0,0.33,25.0,0.31,78.06,0.4,98.0,0.41,24.0,0.01,0.07,2352.888682,1776299310000
1776299312.598,212.598,0.76,8.0,0.75,10.0,0.78,45.0,0.79,35.0,0.25,59.71,0.22,10.0,0.26,30.0,0.27,10.0,0.02,0.01,2352.89262,1776299311000
1776299312.846,212.846,0.76,10.0,0.75,9.94,0.78,45.0,0.79,40.0,0.22,40.0,0.21,40.0,0.25,9.94,0.26,25.0,0.02,0.03,2352.89262,1776299311000
1776299315.666,215.666,0.79,83.0,0.78,24.0,0.8,12.0,0.81,125.31,0.22,45.0,0.21,40.0,0.24,10.0,0.25,9.94,0.01,0.02,2353.460213,1776299314000
1776299316.068,216.068,0.79,78.23,0.78,24.0,0.8,12.0,0.81,135.31,0.2,12.0,0.19,125.31,0.21,83.0,0.22,24.0,0.01,0.01,2353.460213,1776299314000
1776299317.216,217.216,0.8,249.0,0.79,38.23,0.86,6.8,0.87,44.18,0.2,12.0,0.19,135.31,0.21,78.23,0.22,24.0,0.06,0.01,2353.562143,1776299316000
1776299317.45,217.45,0.88,96.0,0.87,10.0,0.9,10.0,0.91,110.0,0.11,9.9,0.1,10.0,0.12,10.0,0.13,15.0,0.02,0.01,2353.562143,1776299316000
1776299317.95,217.95,0.91,45.0,0.9,74.0,0.92,8.0,0.93,30.18,0.09,31.3,0.08,15.0,0.12,106.0,0.13,10.0,0.01,0.03,2353.562143,1776299316000
1776299318.39,218.39,0.91,38.0,0.9,85.11,0.92,6.91,0.93,15.0,0.08,8.0,0.07,30.18,0.09,45.0,0.1,74.0,0.01,0.01,2353.562143,1776299316000
1776299319.526,219.526,0.91,59.0,0.9,70.11,0.93,1.47,0.94,17.0,0.08,6.91,0.07,15.0,0.09,38.0,0.1,85.11,0.02,0.01,2353.574985,1776299317000
1776299320.112,220.112,0.92,20.0,0.91,67.0,0.93,22.26,0.94,10.19,0.06,10.19,0.05,50.0,0.09,54.0,0.1,70.11,0.01,0.03,2354.061877,1776299318000
1776299320.459,220.459,0.92,144.0,0.91,67.0,0.93,5.0,0.94,10.19,0.07,22.26,0.06,10.19,0.08,20.0,0.09,67.0,0.01,0.01,2354.434647,1776299319000
1776299322.367,222.367,0.92,111.98,0.91,81.78,0.93,5.0,0.94,3.19,0.07,5.0,0.06,10.19,0.08,144.0,0.09,67.0,0.01,0.01,2354.589485,1776299321000
1776299322.965,222.965,0.93,14.0,0.92,151.98,0.94,30.91,0.95,45.0,0.07,5.0,0.06,3.19,0.08,111.98,0.09,81.78,0.01,0.01,2354.589485,1776299321000
1776299323.17,223.17,0.93,114.0,0.92,118.98,0.95,45.0,0.96,30.0,0.05,45.0,0.04,30.0,0.07,114.0,0.08,118.98,0.02,0.02,2354.60485,1776299322000
1776299323.844,223.844,0.94,223.0,0.93,188.0,0.95,41.9,0.96,30.0,0.05,45.0,0.04,30.0,0.07,114.0,0.08,118.98,0.01,0.02,2354.60485,1776299322000
1776299325.492,225.492,0.94,176.0,0.93,165.0,0.95,36.63,0.96,30.0,0.05,41.9,0.04,30.0,0.06,223.0,0.07,188.0,0.01,0.01,2354.821484,1776299324000
1776299326.101,226.101,0.94,135.0,0.93,159.0,0.95,22.96,0.96,30.0,0.05,51.09,0.04,30.0,0.06,130.0,0.07,159.0,0.01,0.01,2354.821484,1776299324000
1776299326.574,226.574,0.94,171.33,0.93,159.0,0.95,22.96,0.96,30.0,0.05,42.96,0.04,30.0,0.06,123.33,0.07,159.0,0.01,0.01,2354.9091,1776299325000
1776299327.307,227.307,0.94,181.33,0.93,159.0,0.95,17.56,0.96,30.0,0.05,22.96,0.04,30.0,0.06,171.33,0.07,159.0,0.01,0.01,2354.941704,1776299326000
1776299327.977,227.977,0.95,194.0,0.94,128.33,0.96,3.35,0.97,143.0,0.04,28.35,0.03,136.0,0.05,189.0,0.06,123.33,0.01,0.01,2354.941704,1776299326000
1776299328.937,228.937,0.95,174.0,0.94,123.33,0.96,3.35,0.97,148.0,0.04,3.35,0.03,143.0,0.05,194.0,0.06,128.33,0.01,0.01,2355.004053,1776299327000
1776299329.956,229.956,0.95,110.0,0.94,138.33,0.96,10.74,0.97,287.28,0.04,3.35,0.03,148.0,0.05,174.0,0.06,123.33,0.01,0.01,2355.020664,1776299329000
1776299330.767,230.767,0.95,110.0,0.94,138.33,0.96,10.74,0.97,253.28,0.04,10.74,0.03,287.28,0.05,110.0,0.06,138.33,0.01,0.01,2355.020664,1776299329000
1776299332.848,232.848,0.95,74.0,0.94,100.0,0.96,352.98,0.97,395.68,0.04,10.74,0.03,253.28,0.05,110.0,0.06,138.33,0.01,0.01,2354.865551,1776299331000
1776299334.89,234.89,0.92,85.0,0.91,41.0,0.93,6.87,0.94,10.0,0.04,352.98,0.03,395.68,0.05,11.31,0.06,100.0,0.01,0.01,2354.854445,1776299333000
1776299335.738,235.738,0.92,50.0,0.91,41.0,0.93,21.49,0.94,10.0,0.07,6.87,0.06,10.0,0.08,85.0,0.09,41.0,0.01,0.01,2354.52516,1776299334000
1776299339.059,239.059,0.92,54.56,0.91,36.0,0.93,13.26,0.94,10.0,0.07,21.49,0.06,10.0,0.08,50.0,0.09,41.0,0.01,0.01,2354.475049,1776299337000
1776299340.362,240.362,0.93,64.0,0.92,49.56,0.94,10.0,0.95,19.48,0.07,13.26,0.06,10.0,0.08,54.56,0.09,36.0,0.01,0.01,2354.479065,1776299339000
1776299340.831,240.831,0.93,74.0,0.92,49.56,0.94,2.87,0.95,19.48,0.06,10.0,0.05,19.48,0.07,64.0,0.08,49.56,0.01,0.01,2354.479065,1776299339000
1776299341.068,241.068,0.93,74.0,0.92,49.56,0.95,19.48,0.96,89.99,0.06,2.87,0.05,19.48,0.07,74.0,0.08,49.56,0.02,0.01,2354.479065,1776299339000
1776299341.709,241.709,0.93,0.17,0.92,63.56,0.94,37.0,0.95,24.48,0.05,14.48,0.04,87.99,0.06,30.0,0.07,29.0,0.01,0.01,2354.494574,1776299340000
1776299343.183,243.183,0.93,5.17,0.92,58.56,0.94,37.0,0.95,48.48,0.06,37.0,0.05,24.48,0.07,0.17,0.08,63.56,0.01,0.01,2354.465811,1776299342000
1776299349.296,249.296,0.93,40.17,0.92,20.0,0.94,11.68,0.95,14.48,0.06,37.0,0.05,48.48,0.07,5.17,0.08,58.56,0.01,0.01,2354.367385,1776299348000
1776299351.974,251.974,0.93,54.52,0.92,68.9,0.95,32.37,0.96,40.99,0.06,11.68,0.05,14.48,0.07,40.17,0.08,20.0,0.02,0.01,2354.306312,1776299350000
1776299352.432,252.432,0.93,29.52,0.92,40.0,0.94,17.0,0.95,137.37,0.05,32.37,0.04,40.99,0.07,54.52,0.08,68.9,0.01,0.02,2354.269851,1776299351000
1776299356.425,256.425,0.94,120.0,0.93,67.52,0.96,10.74,0.97,172.0,0.06,24.87,0.05,37.37,0.07,19.52,0.08,40.0,0.02,0.01,2354.252835,1776299355000
1776299358.123,258.123,0.95,179.8,0.94,124.11,0.96,7.67,0.97,126.0,0.04,10.74,0.03,172.0,0.06,120.0,0.07,67.52,0.01,0.02,2354.249895,1776299356000
1776299358.616,258.616,0.95,151.6,0.94,124.11,0.96,7.67,0.97,126.0,0.04,7.67,0.03,126.0,0.05,159.8,0.06,124.11,0.01,0.01,2354.25827,1776299357000
1776299358.902,258.902,0.96,139.7,0.95,117.8,0.97,106.0,0.98,295.0,0.04,7.67,0.03,126.0,0.05,151.6,0.06,124.11,0.01,0.01,2354.25827,1776299357000
1776299360.441,260.441,0.96,166.9,0.95,112.8,0.97,104.96,0.98,295.0,0.03,106.0,0.02,295.0,0.04,139.7,0.05,117.8,0.01,0.01,2354.52683,1776299359000
1776299361.091,261.091,0.96,191.9,0.95,112.8,0.97,76.79,0.98,295.0,0.03,96.79,0.02,295.0,0.04,171.9,0.05,112.8,0.01,0.01,2354.52683,1776299359000
1776299361.293,261.293,0.96,208.9,0.95,112.8,0.98,198.79,0.99,6510.84,0.03,4.79,0.02,295.0,0.04,186.9,0.05,112.8,0.02,0.01,2354.569185,1776299360000
1776299361.745,261.745,0.97,214.7,0.96,154.9,0.98,244.23,0.99,6510.84,0.02,198.79,0.01,6510.84,0.04,208.9,0.05,112.8,0.01,0.02,2354.569185,1776299360000
1776299362.494,262.494,0.97,181.85,0.96,151.7,0.98,136.47,0.99,6637.84,0.02,132.5,0.01,6510.84,0.03,214.7,0.04,149.9,0.01,0.01,2354.57633,1776299361000
1776299363.164,263.164,0.97,123.85,0.96,126.7,0.98,130.35,0.99,6703.83,0.02,136.47,0.01,6687.83,0.03,130.85,0.04,126.7,0.01,0.01,2354.57633,1776299361000
1776299363.655,263.655,0.97,139.16,0.96,126.7,0.98,63.0,0.99,6695.83,0.02,114.02,0.01,6713.83,0.03,123.85,0.04,126.7,0.01,0.01,2354.57633,1776299361000
1776299363.937,263.937,0.97,139.16,0.96,126.7,0.98,67.75,0.99,7122.43,0.02,63.0,0.01,6695.83,0.03,139.16,0.04,126.7,0.01,0.01,2354.780333,1776299362000
1776299364.387,264.387,0.97,151.16,0.96,126.7,0.98,61.72,0.99,6745.83,0.02,67.75,0.01,7122.43,0.03,139.16,0.04,126.7,0.01,0.01,2354.780333,1776299362000
1776299365.184,265.184,0.97,151.4,0.96,126.7,0.98,66.72,0.99,6713.84,0.02,61.72,0.01,6745.83,0.03,151.16,0.04,126.7,0.01,0.01,2354.674319,1776299364000
1776299365.644,265.644,0.97,113.06,0.96,126.7,0.98,11.22,0.99,6713.84,0.02,66.72,0.01,6713.84,0.03,151.4,0.04,126.7,0.01,0.01,2354.674319,1776299364000
1776299365.893,265.893,0.97,113.06,0.96,126.7,0.98,60.06,0.99,6698.84,0.02,11.22,0.01,6713.84,0.03,113.06,0.04,126.7,0.01,0.01,2354.674319,1776299364000
1776299366.874,266.874,0.98,11.75,0.97,111.06,0.99,6764.18,,,0.01,6654.84,,,0.03,106.06,0.04,126.7,0.01,0.02,2354.598895,1776299365000
1776299367.371,267.371,0.98,16.82,0.97,110.91,0.99,6625.84,,,0.01,6764.18,,,0.02,11.75,0.03,111.06,0.01,0.01,2354.609274,1776299366000
1776299367.643,267.643,0.98,16.82,0.97,110.91,0.99,6594.84,,,0.01,6625.84,,,0.02,16.82,0.03,110.91,0.01,0.01,2354.609274,1776299366000
1776299368.272,268.272,0.98,16.82,0.97,110.91,0.99,6629.79,,,0.01,6594.84,,,0.02,16.82,0.03,110.91,0.01,0.01,2354.608344,1776299367000
1776299369.22,269.22,0.98,21.82,0.97,110.91,0.99,6615.79,,,0.01,6629.79,,,0.02,16.82,0.03,110.91,0.01,0.01,2354.571922,1776299368000
1776299369.67,269.67,0.98,21.82,0.97,110.91,0.99,6563.79,,,0.01,6615.79,,,0.02,21.82,0.03,110.91,0.01,0.01,2354.571922,1776299368000
1776299370.744,270.744,0.98,21.82,0.97,110.91,0.99,6342.78,,,0.01,6563.79,,,0.02,21.82,0.03,110.91,0.01,0.01,2354.542022,1776299369000
1776299371.188,271.188,0.98,26.82,0.97,100.91,0.99,1514.82,,,0.01,6342.78,,,0.02,21.82,0.03,110.91,0.01,0.01,2354.542022,1776299369000
1776299371.397,271.397,0.98,26.82,0.97,100.91,0.99,1510.82,,,0.01,1512.82,,,0.02,26.82,0.03,100.91,0.01,0.01,2354.498544,1776299370000
1776299372.676,272.676,0.98,210.52,0.97,100.91,0.99,1468.42,,,0.01,1503.82,,,0.02,26.82,0.03,100.91,0.01,0.01,2354.499949,1776299371000
1776299373.318,273.318,0.98,210.52,0.97,100.91,0.99,1442.42,,,0.01,1442.42,,,0.02,210.52,0.03,100.91,0.01,0.01,2354.539531,1776299372000
1776299375.198,275.198,0.98,26.82,0.97,30.31,0.99,1405.42,,,0.01,1442.42,,,0.02,210.52,0.03,100.91,0.01,0.01,2354.515718,1776299374000
1776299376.099,276.099,0.98,26.82,0.97,30.31,0.99,1405.42,,,0.01,1405.42,,,0.02,26.82,0.03,30.31,0.01,0.01,2354.5001,1776299375000
1776299376.492,276.492,0.98,8.82,0.97,30.31,0.99,1605.42,,,0.01,1405.42,,,0.02,26.82,0.03,30.31,0.01,0.01,2354.5001,1776299375000
1776299377.753,277.753,0.98,8.82,0.97,30.31,0.99,1699.4,,,0.01,1605.42,,,0.02,8.82,0.03,30.31,0.01,0.01,2354.570551,1776299376000
1776299380.524,280.524,0.98,13.82,0.97,30.31,0.99,1529.37,,,0.01,1699.4,,,0.02,8.82,0.03,30.31,0.01,0.01,2354.50742,1776299379000
1776299380.813,280.813,0.98,13.82,0.97,30.31,0.99,1519.37,,,0.01,1529.37,,,0.02,13.82,0.03,30.31,0.01,0.01,2354.50742,1776299379000
1776299381.12,281.12,0.98,13.82,0.97,30.31,0.99,1518.37,,,0.01,1519.37,,,0.02,13.82,0.03,30.31,0.01,0.01,2354.586772,1776299380000
1776299381.719,281.719,0.98,13.82,0.97,30.31,0.99,1507.37,,,0.01,1518.37,,,0.02,13.82,0.03,30.31,0.01,0.01,2354.586772,1776299380000
1776299381.933,281.933,0.98,13.82,0.97,30.31,0.99,1442.37,,,0.01,1507.37,,,0.02,13.82,0.03,30.31,0.01,0.01,2354.586772,1776299380000
1776299384.249,284.249,0.98,13.82,0.97,20.31,0.99,1360.57,,,0.01,1442.37,,,0.02,13.82,0.03,30.31,0.01,0.01,2354.584112,1776299382000
1776299384.761,284.761,0.98,13.82,0.97,20.31,0.99,1290.57,,,0.01,1360.57,,,0.02,13.82,0.03,20.31,0.01,0.01,2354.547412,1776299383000
1776299385.198,285.198,0.98,13.82,0.97,10.0,0.99,1226.62,,,0.01,1240.57,,,0.02,13.82,0.03,20.31,0.01,0.01,2354.55622,1776299384000
1776299385.555,285.555,0.98,13.82,0.97,10.0,0.99,1230.1,,,0.01,1226.62,,,0.02,13.82,0.03,10.0,0.01,0.01,2354.55622,1776299384000
1776299385.842,285.842,0.98,13.82,0.97,10.0,0.99,225.1,,,0.01,1230.1,,,0.02,13.82,0.03,10.0,0.01,0.01,2354.55622,1776299384000
1776299386.327,286.327,0.98,11.93,0.97,10.0,0.99,101.0,,,0.01,220.1,,,0.02,13.82,0.03,10.0,0.01,0.01,2354.549825,1776299385000
1776299386.55,286.55,0.98,10.1,0.97,10.0,0.99,89.98,,,0.01,99.98,,,0.02,11.93,0.03,10.0,0.01,0.01,2354.549825,1776299385000
1776299386.752,286.752,0.98,15.1,0.97,10.0,0.99,12.95,,,0.01,87.95,,,0.02,10.1,0.03,10.0,0.01,0.01,2354.549825,1776299385000
1776299389.665,289.665,0.99,1036.41,0.98,25.1,,,,,0.01,3.98,,,0.02,15.1,0.03,10.0,,0.01,2354.600185,1776299388000

# RESULT,winner=Up,slug=eth-updown-5m-1776299100,ticks=275
