timestamp,elapsed_sec,up_bid_p1,up_bid_s1,up_bid_p2,up_bid_s2,up_ask_p1,up_ask_s1,up_ask_p2,up_ask_s2,down_bid_p1,down_bid_s1,down_bid_p2,down_bid_s2,down_ask_p1,down_ask_s1,down_ask_p2,down_ask_s2,up_spread,down_spread,eth_price,eth_oracle_ts
1776370200.753,0.753,0.47,55.0,0.46,220.0,0.49,4.34,0.51,22.54,0.52,5.0,0.49,22.54,0.53,5.0,0.54,220.0,0.02,0.01,2356.147832,1776370199000
1776370201.233,1.233,0.47,55.0,0.46,220.0,0.49,4.34,0.51,22.54,0.51,4.34,0.49,22.54,0.53,55.0,0.54,220.0,0.02,0.02,2356.34867,1776370200000
1776370201.908,1.908,0.48,27.0,0.47,73.0,0.49,0.25,0.51,72.54,0.51,4.34,0.49,22.54,0.53,55.0,0.54,220.0,0.01,0.02,2356.34867,1776370200000
1776370202.509,2.509,0.48,63.0,0.47,143.0,0.51,70.01,0.52,5.0,0.51,0.25,0.49,72.54,0.52,27.0,0.53,73.0,0.03,0.01,2356.34867,1776370200000
1776370202.81,2.81,0.5,47.0,0.49,88.0,0.51,65.01,0.52,5.0,0.49,65.01,0.48,5.0,0.5,10.0,0.51,129.0,0.01,0.01,2356.34867,1776370200000
1776370203.026,3.026,0.5,35.24,0.49,88.0,0.51,56.89,0.52,5.0,0.49,56.89,0.48,5.0,0.5,47.0,0.51,88.0,0.01,0.01,2356.34867,1776370200000
1776370203.659,3.659,0.5,44.93,0.49,98.0,0.51,63.01,0.52,5.0,0.49,56.89,0.48,5.0,0.5,35.24,0.51,88.0,0.01,0.01,2356.360751,1776370202000
1776370204.63,4.63,0.5,42.65,0.49,98.0,0.51,63.01,0.52,5.0,0.49,63.01,0.48,5.0,0.5,44.93,0.51,98.0,0.01,0.01,2356.360751,1776370202000
1776370205.27,5.27,0.5,32.65,0.49,98.0,0.51,59.89,0.55,8.88,0.49,59.89,0.48,5.0,0.5,42.65,0.51,98.0,0.01,0.01,2356.360751,1776370202000
1776370205.548,5.548,0.5,41.0,0.49,103.0,0.51,59.89,0.55,8.88,0.49,59.89,0.45,8.88,0.5,32.65,0.51,98.0,0.01,0.01,2356.659558,1776370204000
1776370206.102,6.102,0.5,32.0,0.49,98.0,0.51,51.89,0.55,8.88,0.49,51.89,0.45,8.88,0.5,32.0,0.51,103.0,0.01,0.01,2356.659558,1776370204000
1776370206.356,6.356,0.5,29.6,0.49,108.0,0.51,51.89,0.55,8.88,0.49,51.89,0.45,8.88,0.5,32.0,0.51,98.0,0.01,0.01,2356.716059,1776370205000
1776370206.94,6.94,0.5,49.24,0.49,103.0,0.51,6.12,0.55,13.88,0.49,51.89,0.45,8.88,0.5,29.6,0.51,108.0,0.01,0.01,2356.716059,1776370205000
1776370207.712,7.712,0.5,66.49,0.49,108.0,0.51,14.65,0.55,13.88,0.49,6.12,0.45,13.88,0.5,49.24,0.51,103.0,0.01,0.01,2356.716059,1776370205000
1776370207.916,7.916,0.5,67.13,0.49,108.0,0.51,14.65,0.55,13.88,0.49,14.65,0.45,13.88,0.5,66.49,0.51,108.0,0.01,0.01,2356.731422,1776370206000
1776370208.539,8.539,0.5,67.13,0.49,108.0,0.51,14.65,0.55,13.88,0.49,14.65,0.45,13.88,0.5,67.13,0.51,108.0,0.01,0.01,2356.824249,1776370207000
1776370208.997,8.997,0.5,80.5,0.49,108.0,0.55,22.27,0.56,10.0,0.49,14.65,0.45,13.88,0.5,67.13,0.51,108.0,0.05,0.01,2356.824249,1776370207000
1776370209.212,9.212,0.5,80.5,0.49,108.0,0.55,22.27,0.56,10.0,0.45,22.27,0.44,10.0,0.5,80.5,0.51,108.0,0.05,0.05,2356.73691,1776370208000
1776370209.694,9.694,0.54,17.39,0.53,40.5,0.55,27.77,0.56,20.0,0.45,22.27,0.44,10.0,0.5,80.5,0.51,108.0,0.01,0.05,2356.73691,1776370208000
1776370210.549,10.549,0.54,12.39,0.53,43.5,0.58,69.64,0.59,85.0,0.45,27.77,0.44,20.0,0.46,17.39,0.47,40.5,0.04,0.01,2356.73691,1776370208000
1776370211.243,11.243,0.58,26.0,0.57,15.0,0.59,80.41,0.6,96.5,0.42,69.64,0.41,85.0,0.46,12.39,0.47,43.5,0.01,0.04,2356.744189,1776370209000
1776370211.684,11.684,0.57,15.0,0.56,10.0,0.58,89.41,0.59,117.39,0.41,65.39,0.4,96.5,0.42,26.0,0.43,15.0,0.01,0.01,2356.740309,1776370210000
1776370212.486,12.486,0.54,4.82,0.53,60.5,0.55,25.0,0.56,35.0,0.42,69.0,0.41,117.39,0.43,3.53,0.44,10.0,0.01,0.01,2356.743229,1776370211000
1776370212.831,12.831,0.54,24.82,0.53,50.5,0.55,7.0,0.56,54.99,0.45,25.0,0.44,35.0,0.46,4.82,0.47,60.5,0.01,0.01,2356.743229,1776370211000
1776370213.194,13.194,0.51,25.0,0.5,8.0,0.52,73.0,0.53,108.64,0.45,7.0,0.44,54.99,0.46,24.82,0.47,50.5,0.01,0.01,2356.743229,1776370211000
1776370213.658,13.658,0.49,25.0,0.48,75.0,0.51,209.0,0.52,280.42,0.48,73.0,0.47,108.64,0.49,25.0,0.5,8.0,0.02,0.01,2356.966342,1776370212000
1776370214.203,14.203,0.48,70.5,0.47,15.0,0.49,108.55,0.5,32.0,0.49,209.0,0.48,280.42,0.51,25.0,0.52,75.0,0.01,0.02,2356.966342,1776370212000
1776370214.708,14.708,0.51,25.5,0.5,20.5,0.52,206.0,0.53,97.0,0.51,108.55,0.5,32.0,0.52,70.5,0.53,15.0,0.01,0.01,2356.951261,1776370213000
1776370215.066,15.066,0.51,52.5,0.5,25.5,0.52,216.0,0.53,137.64,0.48,206.0,0.47,97.0,0.49,25.5,0.5,20.5,0.01,0.01,2356.751202,1776370214000
1776370216.157,16.157,0.51,59.5,0.5,25.5,0.52,216.0,0.53,147.0,0.48,216.0,0.47,137.64,0.49,52.5,0.5,25.5,0.01,0.01,2356.751202,1776370214000
1776370216.532,16.532,0.51,48.06,0.5,25.5,0.52,216.0,0.53,147.0,0.48,216.0,0.47,147.0,0.49,53.06,0.5,25.5,0.01,0.01,2356.751202,1776370214000
1776370218.558,18.558,0.51,53.06,0.5,50.5,0.52,78.07,0.53,117.0,0.48,216.0,0.47,147.0,0.49,48.06,0.5,25.5,0.01,0.01,2356.415295,1776370217000
1776370219.011,19.011,0.51,40.5,0.5,25.5,0.52,70.76,0.53,117.0,0.48,75.76,0.47,117.0,0.49,53.06,0.5,50.5,0.01,0.01,2356.415295,1776370217000
1776370220.447,20.447,0.51,32.35,0.5,25.5,0.52,75.76,0.53,117.0,0.48,70.76,0.47,117.0,0.49,40.5,0.5,25.5,0.01,0.01,2356.452355,1776370219000
1776370221.02,21.02,0.51,28.26,0.5,25.5,0.52,75.76,0.53,117.0,0.48,75.76,0.47,117.0,0.49,32.35,0.5,25.5,0.01,0.01,2356.452355,1776370219000
1776370221.923,21.923,0.51,33.26,0.5,25.5,0.52,63.76,0.53,117.0,0.48,75.76,0.47,117.0,0.49,28.26,0.5,25.5,0.01,0.01,2356.546765,1776370220000
1776370222.241,22.241,0.51,25.26,0.5,25.5,0.52,75.76,0.53,117.0,0.48,63.76,0.47,117.0,0.49,33.26,0.5,25.5,0.01,0.01,2356.546765,1776370220000
1776370224.84,24.84,0.51,79.26,0.5,56.5,0.52,2.0,0.53,35.0,0.48,75.76,0.47,117.0,0.49,25.26,0.5,25.5,0.01,0.01,2356.521391,1776370223000
1776370226.663,26.663,0.53,113.5,0.52,168.5,0.54,13.0,0.55,25.0,0.47,10.0,0.46,28.0,0.48,18.5,0.49,72.26,0.01,0.01,2356.553019,1776370225000
1776370227.144,27.144,0.53,61.37,0.52,188.5,0.54,3.0,0.55,25.0,0.46,13.0,0.45,25.0,0.47,113.5,0.48,168.5,0.01,0.01,2356.553019,1776370225000
1776370227.612,27.612,0.53,78.37,0.52,182.74,0.54,3.0,0.55,25.0,0.46,3.0,0.45,25.0,0.47,61.37,0.48,188.5,0.01,0.01,2356.730085,1776370226000
1776370228.545,28.545,0.55,22.33,0.54,15.0,0.56,38.5,0.57,112.5,0.44,62.89,0.43,157.5,0.47,78.37,0.48,182.74,0.01,0.03,2356.741645,1776370227000
1776370230.0,30.0,0.55,15.0,0.54,15.0,0.56,21.5,0.57,166.5,0.44,28.5,0.43,112.5,0.45,15.0,0.46,15.0,0.01,0.01,2356.77284,1776370228000
1776370230.313,30.313,0.55,40.0,0.54,15.0,0.56,21.5,0.57,176.5,0.44,21.5,0.43,166.5,0.45,15.0,0.46,15.0,0.01,0.01,2356.832292,1776370229000
1776370231.485,31.485,0.54,43.0,0.53,75.5,0.55,57.22,0.56,110.5,0.44,21.5,0.43,176.5,0.45,40.0,0.46,15.0,0.01,0.01,2356.813492,1776370230000
1776370232.618,32.618,0.54,29.54,0.53,75.5,0.55,77.22,0.56,110.5,0.45,72.22,0.44,110.5,0.46,40.41,0.47,75.5,0.01,0.01,2356.823834,1776370231000
1776370233.096,33.096,0.54,31.54,0.53,75.5,0.55,70.22,0.56,110.5,0.45,70.22,0.44,110.5,0.46,39.54,0.47,75.5,0.01,0.01,2356.825534,1776370232000
1776370235.494,35.494,0.54,31.54,0.53,75.5,0.55,63.22,0.56,64.5,0.45,70.22,0.44,110.5,0.46,31.54,0.47,75.5,0.01,0.01,2356.774074,1776370234000
1776370236.173,36.173,0.53,5.0,0.52,35.0,0.54,66.0,0.55,157.5,0.45,63.22,0.44,64.5,0.46,31.54,0.47,75.5,0.01,0.01,2356.774074,1776370234000
1776370238.25,38.25,0.53,184.5,0.52,195.5,0.54,3.0,0.56,10.0,0.46,66.0,0.45,157.5,0.47,5.0,0.48,35.0,0.01,0.01,2356.689274,1776370236000
1776370239.567,39.567,0.56,48.32,0.55,25.0,0.57,101.57,0.58,135.5,0.43,101.57,0.42,135.5,0.46,10.0,0.47,154.5,0.01,0.03,2356.670814,1776370237000
1776370241.315,41.315,0.56,43.32,0.55,20.0,0.57,77.07,0.58,142.5,0.43,101.57,0.42,135.5,0.44,48.32,0.45,25.0,0.01,0.01,2356.764627,1776370240000
1776370241.651,41.651,0.56,60.32,0.55,20.0,0.57,69.96,0.58,142.5,0.43,74.96,0.42,142.5,0.44,43.32,0.45,20.0,0.01,0.01,2356.764627,1776370240000
1776370242.53,42.53,0.58,73.23,0.57,46.5,0.59,40.0,0.6,80.5,0.43,69.96,0.42,142.5,0.44,60.32,0.45,20.0,0.01,0.01,2356.846304,1776370241000
1776370244.223,44.223,0.58,180.73,0.57,51.5,0.59,10.0,0.6,70.0,0.41,40.0,0.4,80.5,0.42,73.23,0.43,46.5,0.01,0.01,2356.865488,1776370242000
1776370244.625,44.625,0.6,146.0,0.59,36.5,0.61,20.0,0.62,130.0,0.4,60.0,0.39,20.0,0.42,171.73,0.43,51.5,0.01,0.02,2356.98782,1776370243000
1776370245.473,45.473,0.6,170.5,0.59,101.5,0.61,20.0,0.62,60.0,0.39,20.0,0.38,130.0,0.4,146.0,0.41,36.5,0.01,0.01,2357.00973,1776370244000
1776370247.039,47.039,0.62,16.0,0.61,10.0,0.63,122.5,0.64,84.64,0.39,20.0,0.38,60.0,0.4,170.5,0.41,101.5,0.01,0.01,2357.165985,1776370245000
1776370247.961,47.961,0.54,56.8,0.53,15.0,0.55,21.4,0.56,32.0,0.39,25.5,0.38,25.5,0.41,39.0,0.42,10.0,0.01,0.02,2357.223386,1776370246000
1776370248.164,48.164,0.54,66.8,0.53,45.0,0.55,25.9,0.56,32.0,0.45,21.4,0.44,32.0,0.46,56.8,0.47,15.0,0.01,0.01,2357.223386,1776370246000
1776370248.514,48.514,0.54,98.8,0.53,45.0,0.55,13.04,0.56,32.0,0.45,25.9,0.44,32.0,0.46,66.8,0.47,45.0,0.01,0.01,2357.273295,1776370247000
1776370248.736,48.736,0.55,15.27,0.54,259.0,0.56,12.0,0.57,95.0,0.45,13.04,0.44,32.0,0.46,98.8,0.47,45.0,0.01,0.01,2357.273295,1776370247000
1776370249.448,49.448,0.55,76.27,0.54,161.8,0.56,10.0,0.57,90.0,0.44,12.0,0.43,95.0,0.45,15.27,0.46,259.0,0.01,0.01,2357.273295,1776370247000
1776370249.778,49.778,0.55,73.27,0.54,161.8,0.56,5.0,0.57,97.0,0.44,10.0,0.43,90.0,0.45,76.27,0.46,161.8,0.01,0.01,2357.075355,1776370248000
1776370251.462,51.462,0.55,14.6,0.54,91.8,0.56,10.0,0.57,107.5,0.44,5.0,0.43,97.0,0.45,73.27,0.46,161.8,0.01,0.01,2356.964886,1776370249000
1776370252.155,52.155,0.55,86.6,0.54,91.8,0.57,97.0,0.58,90.5,0.44,10.0,0.43,107.5,0.45,14.6,0.46,91.8,0.02,0.01,2356.878238,1776370250000
1776370252.509,52.509,0.56,72.0,0.55,19.6,0.57,87.0,0.58,90.5,0.43,97.0,0.42,90.5,0.45,86.6,0.46,91.8,0.01,0.02,2356.878238,1776370250000
1776370254.941,54.941,0.56,6.5,0.55,35.5,0.57,93.5,0.58,162.5,0.43,87.0,0.42,90.5,0.44,61.5,0.45,15.0,0.01,0.01,2356.844115,1776370253000
1776370255.297,55.297,0.56,17.5,0.55,25.5,0.57,73.0,0.58,162.5,0.43,93.5,0.42,162.5,0.44,6.5,0.45,35.5,0.01,0.01,2356.844115,1776370253000
1776370255.822,55.822,0.56,108.0,0.55,25.5,0.57,70.89,0.58,127.0,0.43,73.0,0.42,162.5,0.44,17.5,0.45,25.5,0.01,0.01,2356.844115,1776370253000
1776370257.703,57.703,0.56,23.0,0.55,25.5,0.57,63.89,0.58,142.5,0.43,70.89,0.42,127.0,0.44,108.0,0.45,25.5,0.01,0.01,2356.846002,1776370256000
1776370258.035,58.035,0.56,8.5,0.55,25.5,0.57,63.89,0.58,152.5,0.43,63.89,0.42,142.5,0.44,23.0,0.45,25.5,0.01,0.01,2356.846002,1776370256000
1776370260.178,60.178,0.57,200.5,0.56,69.0,0.58,44.0,0.6,30.0,0.43,63.89,0.42,152.5,0.44,8.5,0.45,25.5,0.01,0.01,2356.885995,1776370259000
1776370262.25,62.25,0.58,6.0,0.57,10.0,0.6,79.5,0.61,79.5,0.4,30.0,0.39,17.0,0.43,200.5,0.44,69.0,0.02,0.03,2356.95601,1776370261000
1776370262.659,62.659,0.57,2.23,0.56,21.0,0.58,50.95,0.59,35.5,0.4,79.5,0.39,79.5,0.43,9.67,0.44,18.5,0.01,0.03,2356.95601,1776370261000
1776370263.613,63.613,0.56,21.0,0.55,25.5,0.57,6.77,0.58,50.95,0.42,50.95,0.41,35.5,0.43,2.23,0.44,21.0,0.01,0.01,2357.04395,1776370262000
1776370265.991,65.991,0.54,97.13,0.53,46.88,0.57,6.77,0.59,10.0,0.43,6.77,0.42,50.95,0.44,21.0,0.45,25.5,0.03,0.01,2356.935556,1776370265000
1776370267.143,67.143,0.56,139.14,0.55,70.95,0.57,5.01,0.59,20.5,0.43,6.77,0.41,10.0,0.46,97.13,0.47,46.88,0.01,0.03,2356.909981,1776370266000
1776370268.375,68.375,0.56,189.14,0.55,89.15,0.57,2.9,0.59,20.5,0.43,5.01,0.41,20.5,0.44,139.14,0.45,70.95,0.01,0.01,2356.92426,1776370267000
1776370268.6,68.6,0.56,189.14,0.55,89.15,0.59,20.5,0.6,135.5,0.43,2.9,0.41,20.5,0.44,189.14,0.45,89.15,0.03,0.01,2356.92426,1776370267000
1776370270.131,70.131,0.58,99.0,0.57,20.5,0.59,12.53,0.6,150.5,0.41,20.5,0.4,135.5,0.44,189.14,0.45,89.15,0.01,0.03,2356.924092,1776370269000
1776370271.963,71.963,0.59,5.97,0.58,100.0,0.6,87.5,0.61,49.5,0.41,12.53,0.4,150.5,0.42,99.0,0.43,20.5,0.01,0.01,2356.923632,1776370270000
1776370273.236,73.236,0.59,19.77,0.58,30.0,0.6,140.5,0.61,39.86,0.4,87.5,0.39,49.5,0.41,5.97,0.42,100.0,0.01,0.01,2356.973447,1776370272000
1776370274.528,74.528,0.59,25.97,0.58,20.0,0.62,92.23,0.63,89.7,0.4,140.5,0.39,39.86,0.41,19.77,0.42,30.0,0.03,0.01,2356.933533,1776370273000
1776370275.331,75.331,0.63,28.43,0.62,95.5,0.64,11.9,0.65,25.0,0.38,92.23,0.37,89.7,0.41,25.97,0.42,20.0,0.01,0.03,2356.957655,1776370274000
1776370276.046,76.046,0.66,144.5,0.65,135.5,0.67,24.01,0.68,50.0,0.34,70.0,0.33,160.0,0.37,109.5,0.38,125.5,0.01,0.03,2356.957655,1776370274000
1776370276.405,76.405,0.69,51.0,0.68,24.0,0.7,10.5,0.71,13.0,0.33,14.01,0.32,50.0,0.34,159.5,0.35,147.5,0.01,0.01,2356.944771,1776370275000
1776370276.645,76.645,0.69,29.0,0.68,10.0,0.7,88.13,0.71,83.0,0.3,8.92,0.29,13.0,0.31,51.0,0.32,10.0,0.01,0.01,2356.944771,1776370275000
1776370276.849,76.849,0.65,39.9,0.64,10.0,0.66,5.0,0.67,5.0,0.3,198.49,0.29,153.0,0.35,40.0,0.36,10.0,0.01,0.05,2356.944771,1776370275000
1776370277.1,77.1,0.65,75.9,0.64,10.0,0.66,13.39,0.67,80.0,0.34,5.0,0.33,5.0,0.35,39.9,0.36,10.0,0.01,0.01,2356.944771,1776370275000
1776370277.326,77.326,0.66,10.0,0.65,74.18,0.67,126.0,0.68,113.5,0.33,123.0,0.32,113.5,0.35,85.18,0.36,10.0,0.01,0.02,2357.553272,1776370276000
1776370277.807,77.807,0.66,108.0,0.65,129.18,0.67,81.5,0.68,100.14,0.33,121.0,0.32,108.5,0.34,31.0,0.35,79.18,0.01,0.01,2357.553272,1776370276000
1776370278.231,78.231,0.66,101.0,0.65,129.18,0.67,213.52,0.68,115.7,0.33,81.5,0.32,100.14,0.34,108.0,0.35,129.18,0.01,0.01,2357.909456,1776370277000
1776370278.433,78.433,0.66,153.2,0.65,129.18,0.67,201.63,0.68,106.06,0.33,210.52,0.32,106.06,0.34,143.2,0.35,134.18,0.01,0.01,2357.909456,1776370277000
1776370281.028,81.028,0.66,71.0,0.65,75.0,0.67,75.82,0.68,95.5,0.33,199.85,0.32,106.06,0.34,134.0,0.35,129.18,0.01,0.01,2357.476916,1776370279000
1776370281.919,81.919,0.66,95.0,0.65,86.5,0.67,35.54,0.68,80.5,0.33,75.82,0.32,95.5,0.34,71.0,0.35,75.0,0.01,0.01,2357.53453,1776370280000
1776370285.39,85.39,0.67,44.84,0.66,110.5,0.68,14.0,0.69,54.5,0.32,66.12,0.31,29.5,0.33,10.0,0.34,35.0,0.01,0.01,2357.649118,1776370284000
1776370286.961,86.961,0.69,19.69,0.68,109.0,0.7,25.0,0.71,19.0,0.32,8.92,0.31,54.5,0.33,44.84,0.34,110.5,0.01,0.01,2357.683626,1776370285000
1776370287.971,87.971,0.72,140.36,0.71,105.0,0.74,25.0,0.75,5.0,0.3,25.0,0.29,19.0,0.31,19.69,0.32,109.0,0.02,0.01,2357.662183,1776370286000
1776370288.615,88.615,0.73,56.59,0.72,96.36,0.74,30.5,0.75,5.0,0.26,25.0,0.25,5.0,0.28,140.36,0.29,105.0,0.01,0.02,2357.742676,1776370287000
1776370291.421,91.421,0.76,161.36,0.75,57.5,0.77,3.12,0.78,60.5,0.26,30.5,0.25,5.0,0.27,56.59,0.28,96.36,0.01,0.01,2358.124261,1776370290000
1776370291.956,91.956,0.76,167.64,0.75,62.5,0.77,3.12,0.78,65.5,0.23,3.12,0.22,60.5,0.24,161.36,0.25,57.5,0.01,0.01,2358.124261,1776370290000
1776370293.14,93.14,0.8,16.25,0.79,10.0,0.82,39.9,0.83,70.0,0.23,3.12,0.22,65.5,0.24,167.64,0.25,62.5,0.02,0.01,2358.347465,1776370292000
1776370294.868,94.868,0.82,191.75,0.81,180.0,0.83,24.5,0.84,135.5,0.18,22.9,0.17,70.0,0.19,84.17,0.2,215.0,0.01,0.01,2358.361468,1776370293000
1776370295.387,95.387,0.82,183.75,0.81,242.45,0.83,7.05,0.84,135.5,0.17,24.5,0.16,135.5,0.18,191.75,0.19,180.0,0.01,0.01,2358.769502,1776370294000
1776370295.692,95.692,0.82,206.75,0.81,190.5,0.83,0.02,0.84,135.5,0.17,7.05,0.16,135.5,0.18,183.75,0.19,242.45,0.01,0.01,2358.769502,1776370294000
1776370296.062,96.062,0.82,330.75,0.81,180.0,0.83,3.81,0.84,40.5,0.17,0.02,0.16,135.5,0.18,206.75,0.19,190.5,0.01,0.01,2358.769502,1776370294000
1776370297.348,97.348,0.83,716.15,0.82,376.33,0.85,14.55,0.86,125.0,0.17,3.81,0.16,40.5,0.18,330.75,0.19,180.0,0.02,0.01,2358.984707,1776370296000
1776370298.439,98.439,0.88,178.5,0.87,125.5,0.89,63.0,0.9,110.0,0.15,14.55,0.14,125.0,0.17,716.15,0.18,376.33,0.01,0.02,2359.096784,1776370297000
1776370298.735,98.735,0.89,196.23,0.88,225.0,0.9,17.0,0.91,11.0,0.11,13.0,0.1,110.0,0.12,193.5,0.13,133.5,0.01,0.01,2359.096784,1776370297000
1776370299.199,99.199,0.91,96.77,0.9,221.0,0.92,20.0,0.93,24.0,0.08,98.23,0.07,100.63,0.11,196.23,0.12,247.0,0.01,0.03,2359.188704,1776370298000
1776370299.691,99.691,0.92,101.87,0.91,96.77,0.93,101.21,0.94,139.8,0.07,101.21,0.06,139.8,0.09,96.77,0.1,221.0,0.01,0.02,2359.188704,1776370298000
1776370300.058,100.058,0.92,89.87,0.91,196.77,0.93,123.93,0.94,114.8,0.07,101.21,0.06,139.8,0.08,101.87,0.09,96.77,0.01,0.01,2359.35494,1776370299000
1776370301.13,101.13,0.92,299.62,0.91,340.27,0.93,128.93,0.94,114.8,0.07,123.93,0.06,114.8,0.08,89.87,0.09,196.77,0.01,0.01,2360.010746,1776370300000
1776370301.684,101.684,0.92,175.12,0.91,340.27,0.93,142.93,0.94,114.8,0.07,128.93,0.06,114.8,0.08,299.62,0.09,340.27,0.01,0.01,2360.010746,1776370300000
1776370302.413,102.413,0.92,115.87,0.91,222.5,0.93,121.85,0.94,144.8,0.07,121.85,0.06,144.8,0.08,107.12,0.09,309.27,0.01,0.01,2360.480287,1776370301000
1776370302.848,102.848,0.92,132.12,0.91,232.5,0.93,121.85,0.94,114.8,0.07,121.85,0.06,144.8,0.08,115.87,0.09,222.5,0.01,0.01,2360.480287,1776370301000
1776370304.189,104.189,0.92,267.5,0.91,232.5,0.93,3.92,0.94,51.0,0.07,121.85,0.06,114.8,0.08,132.12,0.09,232.5,0.01,0.01,2360.728818,1776370303000
1776370305.793,105.793,0.92,267.5,0.91,232.5,0.94,49.55,0.95,170.8,0.07,3.92,0.06,51.0,0.08,267.5,0.09,232.5,0.02,0.01,2360.714482,1776370304000
1776370307.304,107.304,0.93,213.5,0.92,208.5,0.94,121.55,0.95,95.0,0.06,49.55,0.05,170.8,0.08,267.5,0.09,232.5,0.01,0.02,2360.928406,1776370306000
1776370307.89,107.89,0.93,387.5,0.92,252.4,0.94,33.09,0.95,113.0,0.06,121.55,0.05,95.0,0.07,213.5,0.08,208.5,0.01,0.01,2360.928406,1776370306000
1776370309.519,109.519,0.93,1209.46,0.92,449.81,0.95,83.0,0.96,135.22,0.06,33.09,0.05,113.0,0.07,387.5,0.08,252.4,0.02,0.01,2361.122745,1776370308000
1776370309.763,109.763,0.94,337.23,0.93,351.8,0.95,63.0,0.96,113.22,0.05,83.0,0.04,135.22,0.07,1209.46,0.08,449.81,0.01,0.02,2361.122745,1776370308000
1776370311.341,111.341,0.94,3.83,0.93,236.8,0.95,156.0,0.96,98.22,0.05,63.0,0.04,113.22,0.06,337.23,0.07,351.8,0.01,0.01,2361.635566,1776370310000
1776370312.404,112.404,0.94,50.83,0.93,58.0,0.95,131.0,0.96,222.02,0.05,156.0,0.04,98.22,0.06,3.83,0.07,236.8,0.01,0.01,2361.791606,1776370311000
1776370312.81,112.81,0.93,58.0,0.92,103.5,0.94,23.94,0.95,43.0,0.05,131.0,0.04,222.02,0.06,21.83,0.07,58.0,0.01,0.01,2361.791606,1776370311000
1776370313.391,113.391,0.93,33.0,0.92,87.5,0.94,48.94,0.95,48.0,0.06,18.94,0.05,48.0,0.07,58.0,0.08,103.5,0.01,0.01,2361.528128,1776370312000
1776370313.708,113.708,0.92,21.75,0.91,175.5,0.94,35.0,0.95,223.8,0.06,48.94,0.05,48.0,0.07,33.0,0.08,87.5,0.02,0.01,2361.528128,1776370312000
1776370314.292,114.292,0.92,32.5,0.91,200.5,0.93,111.31,0.94,40.0,0.06,35.0,0.05,223.8,0.08,21.75,0.09,175.5,0.01,0.02,2361.452232,1776370313000
1776370315.342,115.342,0.92,66.5,0.91,200.5,0.93,109.69,0.94,40.0,0.07,111.31,0.06,40.0,0.08,32.5,0.09,200.5,0.01,0.01,2361.083603,1776370314000
1776370316.377,116.377,0.92,61.0,0.91,190.5,0.93,111.46,0.94,40.0,0.07,109.69,0.06,40.0,0.08,66.5,0.09,200.5,0.01,0.01,2360.903308,1776370315000
1776370317.47,117.47,0.92,66.0,0.91,190.5,0.93,104.84,0.94,40.0,0.07,111.46,0.06,40.0,0.08,61.0,0.09,190.5,0.01,0.01,2360.883136,1776370316000
1776370318.24,118.24,0.92,61.0,0.91,190.5,0.93,67.22,0.94,40.0,0.07,68.84,0.06,40.0,0.08,66.0,0.09,190.5,0.01,0.01,2360.745707,1776370317000
1776370318.955,118.955,0.92,18.0,0.91,95.0,0.93,140.0,0.94,103.8,0.07,67.22,0.06,40.0,0.08,61.0,0.09,190.5,0.01,0.01,2360.745707,1776370317000
1776370319.272,119.272,0.92,18.0,0.91,105.0,0.93,13.11,0.94,103.8,0.07,140.0,0.06,103.8,0.08,18.0,0.09,95.0,0.01,0.01,2360.727779,1776370318000
1776370321.367,121.367,0.9,15.0,0.89,15.0,0.91,21.88,0.92,62.49,0.06,10.37,0.05,278.8,0.08,18.0,0.09,105.0,0.01,0.02,2360.495,1776370320000
1776370321.658,121.658,0.89,15.0,0.88,15.0,0.91,51.01,0.92,76.49,0.09,21.88,0.08,62.49,0.1,15.0,0.11,15.0,0.02,0.01,2360.495,1776370320000
1776370322.706,122.706,0.88,10.0,0.87,16.0,0.9,26.67,0.91,114.0,0.11,17.12,0.1,25.5,0.13,21.0,0.14,220.0,0.02,0.02,2360.283823,1776370321000
1776370323.311,123.311,0.88,10.0,0.87,26.0,0.9,52.01,0.91,114.0,0.1,26.67,0.09,114.0,0.12,10.0,0.13,16.0,0.02,0.02,2360.178745,1776370322000
1776370323.908,123.908,0.88,6.5,0.87,26.0,0.9,159.59,0.91,149.91,0.1,52.01,0.09,114.0,0.12,10.0,0.13,26.0,0.02,0.02,2360.178745,1776370322000
1776370324.362,124.362,0.89,20.0,0.88,11.5,0.9,134.47,0.91,138.91,0.1,159.59,0.09,149.91,0.12,6.5,0.13,26.0,0.01,0.02,2359.720151,1776370323000
1776370325.025,125.025,0.89,15.0,0.88,11.5,0.9,281.6,0.91,155.99,0.1,134.47,0.09,138.91,0.11,20.0,0.12,11.5,0.01,0.01,2359.533297,1776370324000
1776370325.768,125.768,0.88,3.16,0.87,21.0,0.89,200.99,0.9,90.5,0.1,267.6,0.09,155.99,0.12,11.5,0.13,21.0,0.01,0.02,2359.533297,1776370324000
1776370326.625,126.625,0.89,58.0,0.88,40.16,0.9,123.49,0.91,39.0,0.11,200.99,0.1,90.5,0.12,3.16,0.13,21.0,0.01,0.01,2359.52389,1776370325000
1776370327.526,127.526,0.86,62.2,0.85,44.36,0.89,216.49,0.9,86.5,0.1,123.49,0.09,39.0,0.11,58.0,0.12,40.16,0.03,0.01,2359.528489,1776370326000
1776370327.794,127.794,0.88,9.0,0.87,10.0,0.89,154.99,0.9,66.5,0.11,216.49,0.1,86.5,0.14,62.2,0.15,44.36,0.01,0.03,2359.528489,1776370326000
1776370328.117,128.117,0.88,9.0,0.87,10.0,0.89,168.57,0.9,66.5,0.11,154.99,0.1,66.5,0.12,9.0,0.13,10.0,0.01,0.01,2359.521071,1776370327000
1776370329.329,129.329,0.88,42.0,0.87,10.0,0.89,141.59,0.9,66.5,0.11,162.95,0.1,66.5,0.12,9.0,0.13,10.0,0.01,0.01,2359.673265,1776370328000
1776370331.411,131.411,0.83,73.12,0.82,189.4,0.89,146.59,0.9,66.5,0.11,141.59,0.1,66.5,0.12,32.0,0.13,10.0,0.06,0.01,2359.545003,1776370329000
1776370331.989,131.989,0.87,10.0,0.86,15.5,0.88,5.5,0.89,157.09,0.11,146.59,0.1,66.5,0.17,73.12,0.18,189.4,0.01,0.06,2359.543183,1776370330000
1776370333.391,133.391,0.85,10.96,0.84,20.5,0.88,20.5,0.89,157.09,0.12,5.5,0.11,157.09,0.13,10.0,0.14,15.5,0.03,0.01,2359.583675,1776370332000
1776370334.935,134.935,0.84,42.5,0.83,76.5,0.85,77.95,0.86,25.0,0.12,20.5,0.11,157.09,0.15,10.96,0.16,20.5,0.01,0.03,2359.583804,1776370333000
1776370335.887,135.887,0.84,195.99,0.83,87.0,0.85,72.83,0.86,15.0,0.15,77.95,0.14,15.0,0.16,11.25,0.17,76.5,0.01,0.01,2359.581384,1776370334000
1776370337.313,137.313,0.86,45.5,0.85,92.5,0.88,10.38,0.89,15.0,0.15,72.83,0.14,15.0,0.16,195.99,0.17,87.0,0.02,0.01,2359.508277,1776370335000
1776370337.851,137.851,0.87,48.5,0.86,260.19,0.88,3.28,0.89,15.0,0.12,10.38,0.11,15.0,0.14,45.5,0.15,92.5,0.01,0.02,2359.473653,1776370336000
1776370338.887,138.887,0.87,132.0,0.86,209.5,0.88,1.28,0.89,15.0,0.12,3.28,0.11,15.0,0.13,48.5,0.14,260.19,0.01,0.01,2359.453967,1776370337000
1776370339.221,139.221,0.87,124.3,0.86,209.5,0.88,1.28,0.89,15.0,0.12,1.28,0.11,15.0,0.13,132.0,0.14,209.5,0.01,0.01,2359.453967,1776370337000
1776370342.576,142.576,0.87,22.69,0.86,59.0,0.88,4.92,0.89,25.5,0.12,1.28,0.11,15.0,0.13,124.3,0.14,209.5,0.01,0.01,2359.62387,1776370341000
1776370342.879,142.879,0.87,52.0,0.86,69.5,0.88,7.24,0.89,15.0,0.12,4.92,0.11,25.5,0.13,22.69,0.14,59.0,0.01,0.01,2359.62387,1776370341000
1776370343.121,143.121,0.87,34.3,0.86,69.5,0.88,2.24,0.89,15.0,0.12,2.24,0.11,15.0,0.13,52.0,0.14,69.5,0.01,0.01,2359.62387,1776370341000
1776370343.77,143.77,0.87,0.83,0.86,69.5,0.88,2.24,0.89,15.0,0.12,2.24,0.11,15.0,0.13,34.3,0.14,69.5,0.01,0.01,2359.532275,1776370342000
1776370344.759,144.759,0.87,86.98,0.86,164.4,0.88,2.24,0.89,15.0,0.12,2.24,0.11,15.0,0.13,0.83,0.14,69.5,0.01,0.01,2359.536911,1776370343000
1776370345.662,145.662,0.87,79.98,0.86,164.4,0.88,5.99,0.89,15.0,0.12,2.24,0.11,15.0,0.13,86.98,0.14,164.4,0.01,0.01,2359.60446,1776370344000
1776370346.967,146.967,0.87,44.28,0.86,35.0,0.88,77.74,0.89,25.5,0.12,0.99,0.11,15.0,0.13,77.28,0.14,164.4,0.01,0.01,2359.613766,1776370345000
1776370347.447,147.447,0.87,44.28,0.86,80.5,0.88,70.38,0.89,25.5,0.12,77.74,0.11,25.5,0.13,44.28,0.14,35.0,0.01,0.01,2359.613059,1776370346000
1776370348.066,148.066,0.87,28.28,0.86,70.0,0.88,63.38,0.89,25.5,0.12,70.38,0.11,25.5,0.13,44.28,0.14,80.5,0.01,0.01,2359.610052,1776370347000
1776370348.754,148.754,0.87,62.29,0.86,20.0,0.88,96.88,0.89,35.5,0.12,63.38,0.11,25.5,0.13,28.28,0.14,70.0,0.01,0.01,2359.610052,1776370347000
1776370350.108,150.108,0.87,27.48,0.86,20.0,0.88,105.63,0.89,79.5,0.12,96.88,0.11,35.5,0.13,62.29,0.14,20.0,0.01,0.01,2359.553532,1776370348000
1776370350.93,150.93,0.87,60.58,0.86,20.0,0.88,94.18,0.89,89.5,0.12,105.63,0.11,79.5,0.13,27.48,0.14,20.0,0.01,0.01,2359.558362,1776370349000
1776370352.463,152.463,0.87,60.58,0.86,20.0,0.88,85.95,0.89,35.5,0.12,88.95,0.11,89.5,0.13,60.58,0.14,20.0,0.01,0.01,2359.558362,1776370349000
1776370352.871,152.871,0.87,70.58,0.86,20.0,0.88,61.59,0.89,25.5,0.12,85.95,0.11,35.5,0.13,60.58,0.14,20.0,0.01,0.01,2359.558362,1776370349000
1776370354.408,154.408,0.87,49.99,0.86,20.0,0.88,62.9,0.89,84.5,0.12,61.59,0.11,25.5,0.13,52.88,0.14,20.0,0.01,0.01,2359.558362,1776370349000
1776370355.766,155.766,0.87,49.99,0.86,20.0,0.88,61.74,0.89,94.5,0.12,62.9,0.11,84.5,0.13,49.99,0.14,20.0,0.01,0.01,2359.558362,1776370349000
1776370356.797,156.797,0.87,49.99,0.86,20.0,0.88,60.6,0.89,84.5,0.12,61.74,0.11,94.5,0.13,49.99,0.14,20.0,0.01,0.01,2359.558362,1776370349000
1776370357.259,157.259,0.87,49.99,0.86,30.0,0.88,58.2,0.89,75.5,0.12,60.6,0.11,84.5,0.13,49.99,0.14,20.0,0.01,0.01,2359.558362,1776370349000
1776370359.431,159.431,0.87,150.52,0.86,227.39,0.88,35.47,0.89,35.5,0.12,58.2,0.11,75.5,0.13,49.99,0.14,30.0,0.01,0.01,2359.434199,1776370358000
1776370359.726,159.726,0.87,250.52,0.86,187.89,0.88,34.11,0.89,35.5,0.12,35.47,0.11,35.5,0.13,150.52,0.14,227.39,0.01,0.01,2359.434199,1776370358000
1776370360.412,160.412,0.87,130.52,0.86,196.89,0.88,52.61,0.89,35.5,0.12,34.11,0.11,35.5,0.13,250.52,0.14,187.89,0.01,0.01,2359.402088,1776370359000
1776370361.0,161.0,0.87,180.52,0.86,175.0,0.88,26.33,0.89,35.5,0.12,52.61,0.11,35.5,0.13,130.52,0.14,196.89,0.01,0.01,2359.402088,1776370359000
1776370362.692,162.692,0.87,289.52,0.86,189.5,0.89,25.0,0.9,95.5,0.12,26.33,0.11,35.5,0.13,180.52,0.14,175.0,0.02,0.01,2359.427081,1776370361000
1776370363.051,163.051,0.88,242.66,0.87,258.78,0.89,25.0,0.9,95.5,0.11,25.0,0.1,95.5,0.13,289.52,0.14,189.5,0.01,0.02,2359.427081,1776370361000
1776370367.158,167.158,0.88,342.26,0.87,361.2,0.89,18.65,0.9,15.0,0.11,25.0,0.1,95.5,0.12,242.66,0.13,258.78,0.01,0.01,2359.457197,1776370365000
1776370371.247,171.247,0.88,139.68,0.87,146.73,0.89,34.15,0.9,25.5,0.11,18.65,0.1,15.0,0.12,342.26,0.13,361.2,0.01,0.01,2359.566764,1776370369000
1776370371.449,171.449,0.88,22.68,0.87,121.73,0.89,49.15,0.9,154.5,0.11,34.15,0.1,154.5,0.12,44.68,0.13,150.73,0.01,0.01,2359.566764,1776370369000
1776370371.706,171.706,0.87,54.41,0.86,20.0,0.89,126.15,0.9,208.5,0.11,49.15,0.1,208.5,0.13,65.41,0.14,120.0,0.02,0.02,2359.566764,1776370369000
1776370373.078,173.078,0.87,35.0,0.86,87.0,0.88,133.74,0.89,77.15,0.11,126.15,0.1,208.5,0.13,54.41,0.14,20.0,0.01,0.02,2359.542954,1776370371000
1776370375.451,175.451,0.87,35.0,0.86,77.0,0.88,68.46,0.89,130.15,0.12,133.74,0.11,77.15,0.13,35.0,0.14,87.0,0.01,0.01,2358.994138,1776370373000
1776370380.405,180.405,0.85,20.0,0.83,45.0,0.86,83.11,0.87,30.5,0.12,68.46,0.11,130.15,0.13,35.0,0.14,77.0,0.01,0.01,2358.730515,1776370379000
1776370380.877,180.877,0.85,20.0,0.83,45.0,0.86,110.8,0.87,30.5,0.14,83.11,0.13,30.5,0.15,20.0,0.17,45.0,0.01,0.01,2358.730515,1776370379000
1776370382.572,182.572,0.83,34.0,0.82,230.49,0.84,36.52,0.85,25.5,0.14,90.8,0.13,30.5,0.15,20.0,0.17,45.0,0.01,0.01,2358.586892,1776370381000
1776370384.293,184.293,0.83,74.0,0.82,221.5,0.84,63.57,0.85,25.5,0.16,30.56,0.15,25.5,0.17,34.0,0.18,230.49,0.01,0.01,2358.545034,1776370383000
1776370386.67,186.67,0.83,96.5,0.82,221.5,0.84,61.18,0.85,15.0,0.16,63.57,0.15,25.5,0.17,74.0,0.18,221.5,0.01,0.01,2358.557666,1776370385000
1776370386.87,186.87,0.83,86.0,0.82,221.5,0.84,51.18,0.85,15.0,0.16,51.18,0.15,15.0,0.17,86.0,0.18,221.5,0.01,0.01,2358.557666,1776370385000
1776370388.619,188.619,0.83,54.0,0.82,211.0,0.84,60.45,0.85,25.5,0.16,51.18,0.15,15.0,0.17,86.0,0.18,221.5,0.01,0.01,2358.574697,1776370387000
1776370389.529,189.529,0.83,96.5,0.82,231.5,0.84,53.95,0.85,15.0,0.16,60.45,0.15,25.5,0.17,54.0,0.18,211.0,0.01,0.01,2358.578229,1776370388000
1776370389.798,189.798,0.83,87.5,0.82,236.5,0.84,7.52,0.85,5.0,0.16,53.95,0.15,15.0,0.17,96.5,0.18,231.5,0.01,0.01,2358.578229,1776370388000
1776370390.314,190.314,0.85,126.0,0.84,51.5,0.86,81.6,0.87,35.5,0.14,79.09,0.13,35.5,0.17,128.5,0.18,236.5,0.01,0.03,2358.578229,1776370388000
1776370390.555,190.555,0.85,116.0,0.84,51.5,0.86,71.1,0.87,35.5,0.14,81.6,0.13,35.5,0.15,126.0,0.16,51.5,0.01,0.01,2358.578229,1776370388000
1776370392.795,192.795,0.85,111.0,0.84,41.0,0.86,53.89,0.87,35.5,0.14,71.1,0.13,35.5,0.15,116.0,0.16,51.5,0.01,0.01,2358.568218,1776370391000
1776370395.746,195.746,0.82,120.0,0.81,240.0,0.83,165.47,0.84,105.74,0.14,53.89,0.13,35.5,0.15,111.0,0.16,41.0,0.01,0.01,2358.57021,1776370394000
1776370396.405,196.405,0.82,120.0,0.81,240.0,0.83,122.47,0.84,131.08,0.17,150.47,0.16,167.33,0.18,120.0,0.19,240.0,0.01,0.01,2358.562625,1776370395000
1776370397.533,197.533,0.82,70.0,0.81,240.0,0.83,121.95,0.84,136.08,0.17,122.47,0.16,131.08,0.18,120.0,0.19,240.0,0.01,0.01,2358.154205,1776370396000
1776370399.291,199.291,0.82,117.0,0.81,250.0,0.84,170.5,0.85,166.5,0.17,121.95,0.16,136.08,0.18,70.0,0.19,240.0,0.02,0.01,2357.993733,1776370398000
1776370400.336,200.336,0.83,1.0,0.82,55.0,0.84,312.5,0.85,130.5,0.16,170.5,0.15,166.5,0.18,117.0,0.19,250.0,0.01,0.02,2357.975872,1776370399000
1776370403.44,203.44,0.82,40.0,0.81,300.5,0.84,205.5,0.85,131.5,0.16,312.5,0.15,130.5,0.18,55.0,0.19,240.0,0.02,0.02,2357.991613,1776370402000
1776370405.253,205.253,0.83,185.5,0.82,50.0,0.84,139.04,0.85,80.0,0.16,205.5,0.15,131.5,0.18,40.0,0.19,300.5,0.01,0.02,2357.990646,1776370403000
1776370405.873,205.873,0.83,192.66,0.82,40.0,0.84,49.57,0.85,75.0,0.16,49.57,0.15,75.0,0.17,195.5,0.18,50.0,0.01,0.01,2358.015036,1776370404000
1776370407.264,207.264,0.83,202.66,0.82,30.0,0.84,46.3,0.85,85.0,0.16,49.57,0.15,75.0,0.17,192.66,0.18,40.0,0.01,0.01,2358.080154,1776370406000
1776370409.409,209.409,0.83,157.3,0.82,45.5,0.84,51.3,0.85,5.0,0.16,46.3,0.15,85.0,0.17,202.66,0.18,30.0,0.01,0.01,2358.126673,1776370408000
1776370410.952,210.952,0.83,122.3,0.82,52.5,0.84,37.53,0.85,5.0,0.16,42.3,0.15,5.0,0.17,157.3,0.18,40.5,0.01,0.01,2358.125182,1776370409000
1776370412.428,212.428,0.83,104.3,0.82,64.5,0.85,3.58,0.86,55.0,0.16,32.05,0.15,5.0,0.17,132.3,0.18,52.5,0.02,0.01,2358.131762,1776370411000
1776370414.442,214.442,0.85,55.0,0.84,15.0,0.86,33.4,0.87,55.5,0.14,55.0,0.13,55.5,0.16,85.5,0.17,46.5,0.01,0.02,2358.139206,1776370413000
1776370416.744,216.744,0.85,5.0,0.84,10.0,0.86,30.58,0.87,102.5,0.14,33.4,0.13,55.5,0.15,55.0,0.16,15.0,0.01,0.01,2358.132598,1776370415000
1776370418.218,218.218,0.82,38.0,0.81,280.0,0.83,23.45,0.84,81.5,0.14,30.58,0.13,102.5,0.15,5.0,0.16,10.0,0.01,0.01,2358.099154,1776370416000
1776370418.824,218.824,0.82,38.0,0.81,280.0,0.83,23.13,0.84,82.5,0.17,23.45,0.16,81.5,0.18,38.0,0.19,280.0,0.01,0.01,2358.096636,1776370417000
1776370419.859,219.859,0.81,330.5,0.8,243.0,0.84,43.41,0.85,45.5,0.17,23.13,0.16,82.5,0.18,38.0,0.19,280.0,0.03,0.01,2358.042362,1776370418000
1776370421.444,221.444,0.83,46.0,0.82,59.0,0.84,68.91,0.85,45.5,0.16,43.41,0.15,45.5,0.19,330.5,0.2,243.0,0.01,0.03,2357.87052,1776370420000
1776370421.77,221.77,0.83,38.0,0.82,69.5,0.84,48.41,0.85,45.5,0.16,68.91,0.15,45.5,0.17,46.0,0.18,59.0,0.01,0.01,2357.87052,1776370420000
1776370423.282,223.282,0.83,77.0,0.82,60.5,0.84,52.33,0.85,10.0,0.16,48.41,0.15,45.5,0.17,38.0,0.18,69.5,0.01,0.01,2357.85842,1776370422000
1776370423.702,223.702,0.83,128.5,0.82,55.5,0.84,33.33,0.86,50.0,0.16,52.33,0.15,10.0,0.17,77.0,0.18,60.5,0.01,0.01,2357.85842,1776370422000
1776370425.001,225.001,0.83,87.5,0.82,55.5,0.84,42.2,0.86,20.5,0.16,31.9,0.14,50.0,0.17,128.5,0.18,55.5,0.01,0.01,2357.848577,1776370424000
1776370425.36,225.36,0.83,55.0,0.82,55.5,0.84,16.6,0.86,30.5,0.16,42.2,0.14,20.5,0.17,55.0,0.18,55.5,0.01,0.01,2357.848577,1776370424000
1776370425.992,225.992,0.83,61.0,0.82,55.5,0.86,15.71,0.87,140.5,0.16,16.6,0.14,30.5,0.17,55.0,0.18,55.5,0.03,0.01,2357.894004,1776370425000
1776370426.51,226.51,0.84,85.0,0.83,30.5,0.85,7.64,0.86,10.0,0.14,15.71,0.13,140.5,0.17,61.0,0.18,55.5,0.01,0.03,2357.894004,1776370425000
1776370426.797,226.797,0.85,76.75,0.84,54.5,0.86,10.0,0.87,140.5,0.15,7.64,0.14,10.0,0.16,85.0,0.17,30.5,0.01,0.01,2357.894004,1776370425000
1776370428.093,228.093,0.85,47.0,0.84,25.0,0.86,20.5,0.87,130.0,0.14,10.0,0.13,140.5,0.15,76.75,0.16,54.5,0.01,0.01,2357.900281,1776370427000
1776370432.162,232.162,0.85,66.0,0.84,25.0,0.86,8.83,0.87,140.5,0.14,20.5,0.13,130.0,0.15,47.0,0.16,25.0,0.01,0.01,2357.892011,1776370431000
1776370432.623,232.623,0.85,64.33,0.84,30.5,0.86,15.83,0.87,140.5,0.14,8.83,0.13,140.5,0.15,66.0,0.16,25.0,0.01,0.01,2357.892011,1776370431000
1776370433.181,233.181,0.86,69.0,0.85,25.5,0.87,124.25,0.88,201.5,0.14,15.83,0.13,140.5,0.15,64.33,0.16,30.5,0.01,0.01,2357.892011,1776370431000
1776370436.505,236.505,0.87,60.57,0.86,68.5,0.88,147.0,0.89,70.0,0.13,124.25,0.12,201.5,0.14,69.0,0.15,25.5,0.01,0.01,2357.948994,1776370435000
1776370438.965,238.965,0.87,52.87,0.86,70.5,0.88,137.0,0.89,80.0,0.12,147.0,0.11,70.0,0.13,60.57,0.14,68.5,0.01,0.01,2358.033404,1776370437000
1776370440.832,240.832,0.85,20.0,0.84,42.0,0.88,55.0,0.89,114.0,0.12,137.0,0.11,80.0,0.13,52.87,0.14,70.5,0.03,0.01,2358.02328,1776370439000
1776370441.15,241.15,0.85,66.0,0.84,32.0,0.86,14.39,0.87,26.0,0.14,9.05,0.13,26.0,0.15,46.0,0.16,42.0,0.01,0.01,2358.023598,1776370440000
1776370441.579,241.579,0.86,24.0,0.85,55.0,0.87,43.6,0.88,35.0,0.13,20.98,0.12,35.0,0.15,66.0,0.16,32.0,0.01,0.02,2358.023598,1776370440000
1776370441.819,241.819,0.86,4.0,0.85,35.0,0.87,6.59,0.88,42.0,0.13,40.74,0.12,42.0,0.14,4.0,0.15,35.0,0.01,0.01,2358.023598,1776370440000
1776370442.61,242.61,0.88,1.6,0.87,54.0,0.89,113.0,0.9,105.0,0.13,6.59,0.12,42.0,0.14,4.0,0.15,35.0,0.01,0.01,2358.028863,1776370441000
1776370443.084,243.084,0.88,12.93,0.87,37.0,0.89,101.0,0.9,142.0,0.11,113.0,0.1,105.0,0.12,1.6,0.13,54.0,0.01,0.01,2358.028863,1776370441000
1776370444.397,244.397,0.89,90.0,0.88,30.0,0.9,58.88,0.91,59.87,0.11,101.0,0.1,142.0,0.12,12.93,0.13,37.0,0.01,0.01,2357.840261,1776370443000
1776370444.925,244.925,0.9,149.0,0.89,76.99,0.92,225.5,0.93,24.42,0.1,58.88,0.09,59.87,0.11,90.0,0.12,30.0,0.02,0.01,2357.840261,1776370443000
1776370446.79,246.79,0.91,72.0,0.9,40.0,0.92,164.38,0.93,24.42,0.08,225.5,0.07,24.42,0.1,149.0,0.11,76.99,0.01,0.02,2357.986183,1776370445000
1776370447.266,247.266,0.91,110.0,0.9,65.0,0.93,14.92,0.94,160.0,0.08,152.24,0.07,24.42,0.09,110.0,0.1,40.0,0.02,0.01,2358.09924,1776370446000
1776370447.694,247.694,0.93,128.0,0.92,97.99,0.94,155.0,0.95,185.93,0.06,160.0,0.05,185.93,0.08,25.0,0.09,100.0,0.01,0.02,2358.09924,1776370446000
1776370448.572,248.572,0.93,148.0,0.92,124.89,0.94,153.81,0.95,185.93,0.06,155.0,0.05,185.93,0.07,128.0,0.08,97.99,0.01,0.01,2358.349279,1776370447000
1776370448.903,248.903,0.93,227.12,0.92,100.89,0.94,152.53,0.95,185.93,0.06,153.81,0.05,185.93,0.07,198.13,0.08,124.89,0.01,0.01,2358.349279,1776370447000
1776370449.248,249.248,0.93,237.12,0.92,100.89,0.94,100.14,0.95,185.93,0.06,151.46,0.05,185.93,0.07,227.12,0.08,100.89,0.01,0.01,2358.349279,1776370447000
1776370449.468,249.468,0.94,31.0,0.93,190.12,0.95,170.27,0.96,273.0,0.05,180.8,0.04,273.0,0.07,217.12,0.08,100.89,0.01,0.02,2358.368723,1776370448000
1776370449.729,249.729,0.94,108.0,0.93,121.12,0.95,111.55,0.96,273.0,0.05,170.27,0.04,273.0,0.06,31.0,0.07,190.12,0.01,0.01,2358.368723,1776370448000
1776370450.326,250.326,0.94,171.8,0.93,110.12,0.95,106.49,0.96,273.0,0.05,111.55,0.04,273.0,0.06,108.0,0.07,121.12,0.01,0.01,2358.375849,1776370449000
1776370450.624,250.624,0.94,191.8,0.93,110.12,0.95,81.71,0.96,273.0,0.05,97.01,0.04,273.0,0.06,171.8,0.07,110.12,0.01,0.01,2358.375849,1776370449000
1776370451.452,251.452,0.94,268.79,0.93,129.12,0.95,71.71,0.96,200.0,0.05,81.71,0.04,273.0,0.06,191.8,0.07,110.12,0.01,0.01,2358.496498,1776370450000
1776370452.08,252.08,0.94,279.79,0.93,119.12,0.95,56.41,0.96,200.0,0.05,71.71,0.04,200.0,0.06,268.79,0.07,129.12,0.01,0.01,2358.584628,1776370451000
1776370452.296,252.296,0.94,434.78,0.93,116.13,0.95,55.34,0.96,200.0,0.05,56.41,0.04,200.0,0.06,279.79,0.07,119.12,0.01,0.01,2358.584628,1776370451000
1776370452.783,252.783,0.95,337.95,0.94,221.8,0.96,74.57,0.97,153.0,0.04,200.0,0.03,153.0,0.06,436.78,0.07,146.13,0.01,0.02,2358.584628,1776370451000
1776370453.18,253.18,0.95,327.95,0.94,221.8,0.96,22.57,0.97,153.0,0.04,74.57,0.03,153.0,0.05,337.95,0.06,221.8,0.01,0.01,2358.65962,1776370452000
1776370453.407,253.407,0.95,327.95,0.94,191.8,0.96,19.43,0.97,153.0,0.04,21.52,0.03,153.0,0.05,327.95,0.06,221.8,0.01,0.01,2358.65962,1776370452000
1776370453.944,253.944,0.96,297.69,0.95,173.8,0.97,61.43,0.98,358.0,0.03,66.43,0.02,358.0,0.05,327.95,0.06,191.8,0.01,0.02,2358.65962,1776370452000
1776370454.519,254.519,0.96,302.9,0.95,216.06,0.97,51.09,0.98,358.0,0.03,56.24,0.02,358.0,0.04,297.69,0.05,173.8,0.01,0.01,2359.000778,1776370453000
1776370454.9,254.9,0.96,382.69,0.95,208.8,0.97,34.94,0.98,358.0,0.03,45.94,0.02,358.0,0.04,302.9,0.05,216.06,0.01,0.01,2359.000778,1776370453000
1776370455.474,255.474,0.96,372.69,0.95,187.8,0.97,14.57,0.98,358.0,0.03,19.63,0.02,358.0,0.04,382.69,0.05,208.8,0.01,0.01,2359.147503,1776370454000
1776370455.774,255.774,0.96,439.9,0.95,201.06,0.97,11.48,0.98,358.0,0.03,13.53,0.02,358.0,0.04,439.9,0.05,193.06,0.01,0.01,2359.147503,1776370454000
1776370456.098,256.098,0.96,405.9,0.95,211.06,0.97,9.33,0.98,358.0,0.03,4.33,0.02,358.0,0.04,405.9,0.05,201.06,0.01,0.01,2359.147503,1776370454000
1776370456.38,256.38,0.96,397.1,0.95,211.06,0.98,352.08,0.99,1525.9,0.03,9.33,0.02,358.0,0.04,391.89,0.05,211.06,0.02,0.01,2359.143279,1776370455000
1776370456.664,256.664,0.97,313.14,0.96,170.9,0.98,346.93,0.99,1525.9,0.02,347.96,0.01,1525.9,0.03,132.99,0.04,227.11,0.01,0.01,2359.143279,1776370455000
1776370457.448,257.448,0.97,516.99,0.96,186.11,0.98,181.78,0.99,1525.9,0.02,341.78,0.01,1525.9,0.03,436.84,0.04,170.9,0.01,0.01,2359.340636,1776370456000
1776370457.652,257.652,0.97,387.69,0.96,152.9,0.98,161.35,0.99,1525.9,0.02,168.61,0.01,1525.9,0.03,411.84,0.04,176.11,0.01,0.01,2359.340636,1776370456000
1776370457.875,257.875,0.97,387.69,0.96,152.9,0.98,109.29,0.99,1525.9,0.02,160.32,0.01,1525.9,0.03,492.84,0.04,152.9,0.01,0.01,2359.340636,1776370456000
1776370458.147,258.147,0.97,392.84,0.96,158.11,0.98,100.02,0.99,1525.9,0.02,101.05,0.01,1525.9,0.03,392.84,0.04,158.11,0.01,0.01,2359.340636,1776370456000
1776370458.461,258.461,0.97,387.69,0.96,152.9,0.98,60.2,0.99,1525.9,0.02,61.23,0.01,1525.9,0.03,492.84,0.04,158.11,0.01,0.01,2359.456804,1776370457000
1776370458.891,258.891,0.97,497.99,0.96,158.11,0.98,57.4,0.99,1525.9,0.02,60.2,0.01,1525.9,0.03,387.69,0.04,152.9,0.01,0.01,2359.456804,1776370457000
1776370459.129,259.129,0.97,492.84,0.96,152.9,0.98,56.37,0.99,1525.9,0.02,57.4,0.01,1525.9,0.03,497.99,0.04,158.11,0.01,0.01,2359.456804,1776370457000
1776370460.195,260.195,0.97,437.99,0.96,151.91,0.98,51.26,0.99,1411.9,0.02,56.37,0.01,1525.9,0.03,492.84,0.04,152.9,0.01,0.01,2359.432498,1776370458000
1776370460.6,260.6,0.97,312.84,0.96,151.91,0.98,386.66,0.99,1421.88,0.02,391.66,0.01,1411.9,0.03,417.99,0.04,151.91,0.01,0.01,2359.432498,1776370458000
1776370460.809,260.809,0.97,307.69,0.96,146.7,0.98,381.56,0.99,1421.88,0.02,386.66,0.01,1421.88,0.03,312.84,0.04,151.91,0.01,0.01,2359.432498,1776370458000
1776370461.131,261.131,0.97,434.99,0.96,151.91,0.98,345.51,0.99,1421.88,0.02,381.56,0.01,1421.88,0.03,307.69,0.04,146.7,0.01,0.01,2359.432498,1776370458000
1776370461.46,261.46,0.97,326.69,0.96,146.7,0.99,1373.78,,,0.02,345.51,0.01,1421.88,0.03,434.99,0.04,151.91,0.02,0.01,2359.503148,1776370460000
1776370461.97,261.97,0.98,164.08,0.97,233.69,0.99,1363.78,,,0.01,1373.78,,,0.03,326.69,0.04,146.7,0.01,0.02,2359.503148,1776370460000
1776370462.273,262.273,0.98,354.37,0.97,233.69,0.99,1363.78,,,0.01,1363.78,,,0.02,347.78,0.03,233.69,0.01,0.01,2359.503148,1776370460000
1776370462.872,262.872,0.98,315.29,0.97,220.69,0.99,1262.77,,,0.01,1363.78,,,0.02,354.37,0.03,233.69,0.01,0.01,2359.253849,1776370461000
1776370463.677,263.677,0.98,499.55,0.97,226.69,0.99,1297.72,,,0.01,1262.77,,,0.02,315.29,0.03,220.69,0.01,0.01,2359.22963,1776370462000
1776370464.244,264.244,0.98,625.55,0.97,226.69,0.99,1292.67,,,0.01,1297.72,,,0.02,499.55,0.03,226.69,0.01,0.01,2359.22963,1776370462000
1776370464.668,264.668,0.98,625.55,0.97,226.69,0.99,1322.56,,,0.01,1292.67,,,0.02,625.55,0.03,226.69,0.01,0.01,2359.251265,1776370463000
1776370464.916,264.916,0.98,625.55,0.97,226.69,0.99,1317.56,,,0.01,1322.56,,,0.02,625.55,0.03,226.69,0.01,0.01,2359.213818,1776370464000
1776370465.246,265.246,0.98,644.55,0.97,226.69,0.99,1311.54,,,0.01,1312.56,,,0.02,644.55,0.03,226.69,0.01,0.01,2359.213818,1776370464000
1776370465.474,265.474,0.98,644.55,0.97,206.7,0.99,1306.54,,,0.01,1311.54,,,0.02,644.55,0.03,226.69,0.01,0.01,2359.213818,1776370464000
1776370465.73,265.73,0.98,530.47,0.97,206.7,0.99,1302.54,,,0.01,1306.54,,,0.02,644.55,0.03,206.7,0.01,0.01,2359.213818,1776370464000
1776370467.337,267.337,0.98,421.47,0.97,209.7,0.99,1256.54,,,0.01,1302.54,,,0.02,530.47,0.03,206.7,0.01,0.01,2359.272663,1776370465000
1776370468.909,268.909,0.98,447.55,0.97,235.69,0.99,1256.54,,,0.01,1256.54,,,0.02,421.47,0.03,209.7,0.01,0.01,2359.29025,1776370467000
1776370469.561,269.561,0.98,407.55,0.97,235.69,0.99,1171.84,,,0.01,1176.89,,,0.02,407.55,0.03,235.69,0.01,0.01,2359.248164,1776370468000
1776370469.91,269.91,0.98,313.58,0.97,235.69,0.99,1165.77,,,0.01,1165.77,,,0.02,407.55,0.03,235.69,0.01,0.01,2359.248164,1776370468000
1776370470.482,270.482,0.98,370.66,0.97,235.69,0.99,1160.71,,,0.01,1165.77,,,0.02,313.58,0.03,235.69,0.01,0.01,2359.247453,1776370469000
1776370470.854,270.854,0.98,377.27,0.97,235.69,0.99,1137.71,,,0.01,1147.71,,,0.02,370.66,0.03,235.69,0.01,0.01,2359.247453,1776370469000
1776370472.663,272.663,0.98,410.27,0.97,212.7,0.99,1002.16,,,0.01,1132.66,,,0.02,377.27,0.03,235.69,0.01,0.01,2359.0457,1776370471000
1776370472.935,272.935,0.98,410.27,0.97,212.7,0.99,917.16,,,0.01,962.16,,,0.02,410.27,0.03,212.7,0.01,0.01,2359.0457,1776370471000
1776370474.762,274.762,0.98,329.19,0.97,212.7,0.99,549.16,,,0.01,915.16,,,0.02,410.27,0.03,212.7,0.01,0.01,2359.092424,1776370473000
1776370475.034,275.034,0.98,464.27,0.97,190.7,0.99,52.16,,,0.01,44.16,,,0.02,360.19,0.03,190.7,0.01,0.01,2359.052879,1776370474000
1776370475.522,275.522,0.99,552.36,0.98,282.68,,,,,,,,,0.01,259.94,0.02,345.68,,,2359.052879,1776370474000
1776370475.742,275.742,0.99,569.6,0.98,178.6,,,,,,,,,0.01,545.4,0.02,282.68,,,2359.052879,1776370474000
1776370487.162,287.162,0.99,5248.98,0.98,98.58,,,,,,,,,0.01,568.41,0.02,196.6,,,2359.335843,1776370485000
1776370500.449,300.449,0.99,57020.71,0.98,150.81,,,,,,,,,0.01,5248.98,0.02,98.58,,,2359.576039,1776370499000
1776370500.793,300.793,0.99,70563.56,0.98,150.81,,,,,,,,,0.01,59989.77,0.02,150.81,,,2359.576039,1776370499000

# RESULT,winner=Up,slug=eth-updown-5m-1776370200,ticks=300
