timestamp,elapsed_sec,up_bid_p1,up_bid_s1,up_bid_p2,up_bid_s2,up_ask_p1,up_ask_s1,up_ask_p2,up_ask_s2,down_bid_p1,down_bid_s1,down_bid_p2,down_bid_s2,down_ask_p1,down_ask_s1,down_ask_p2,down_ask_s2,up_spread,down_spread,eth_price,eth_oracle_ts
1776272400.51,0.51,0.48,10.0,0.46,59.79,0.5,5.29,0.52,15.0,0.5,4.05,0.49,10.0,0.52,74.61,0.53,76.0,0.02,0.02,2341.806464,1776272398000
1776272400.891,0.891,0.48,15.0,0.46,14.09,0.52,17.71,0.59,6.0,0.5,5.29,0.48,15.0,0.52,13.0,0.54,14.09,0.04,0.02,2341.938348,1776272399000
1776272401.291,1.291,0.48,15.0,0.46,14.09,0.52,17.71,0.59,6.0,0.48,17.71,0.41,6.0,0.52,15.0,0.54,14.09,0.04,0.04,2341.890757,1776272400000
1776272402.122,2.122,0.51,60.0,0.5,22.0,0.52,14.53,0.55,5.0,0.48,12.71,0.45,10.0,0.49,31.0,0.5,17.0,0.01,0.01,2341.890757,1776272400000
1776272402.581,2.581,0.51,44.79,0.5,60.0,0.52,11.53,0.54,8.0,0.48,6.53,0.45,5.0,0.49,60.0,0.5,22.0,0.01,0.01,2341.864265,1776272401000
1776272403.386,3.386,0.62,20.0,0.61,20.0,0.63,12.0,0.64,40.89,0.39,5.0,0.38,5.0,0.45,8.81,0.49,94.79,0.01,0.06,2341.933323,1776272402000
1776272403.606,3.606,0.63,19.0,0.62,15.0,0.64,40.89,0.65,5.0,0.37,12.0,0.36,40.89,0.38,20.0,0.39,20.0,0.01,0.01,2341.933323,1776272402000
1776272404.389,4.389,0.63,14.0,0.62,13.0,0.64,60.89,0.65,75.0,0.36,40.89,0.35,5.0,0.37,24.0,0.38,15.0,0.01,0.01,2342.396777,1776272403000
1776272404.649,4.649,0.56,10.0,0.55,20.0,0.57,8.14,0.58,15.0,0.36,71.89,0.35,91.0,0.41,11.0,0.42,21.0,0.01,0.05,2342.396777,1776272403000
1776272405.83,5.83,0.57,5.62,0.56,26.0,0.59,64.0,0.6,55.0,0.44,6.07,0.43,10.0,0.45,10.0,0.46,15.0,0.02,0.01,2343.06445,1776272404000
1776272406.465,6.465,0.58,20.0,0.57,10.62,0.59,25.62,0.6,24.0,0.41,64.0,0.4,55.0,0.43,5.62,0.44,26.0,0.01,0.02,2343.06445,1776272405000
1776272407.654,7.654,0.57,20.0,0.56,80.0,0.58,64.05,0.59,81.62,0.41,20.62,0.4,24.0,0.47,57.69,0.48,98.0,0.01,0.06,2342.707537,1776272406000
1776272411.108,11.108,0.57,30.5,0.56,20.0,0.58,30.05,0.59,111.12,0.42,64.05,0.41,81.62,0.43,20.0,0.44,80.0,0.01,0.01,2342.772806,1776272409000
1776272412.609,12.609,0.48,70.0,0.47,10.0,0.52,180.42,0.53,51.14,0.42,30.05,0.41,111.12,0.43,30.5,0.44,20.0,0.04,0.01,2342.636029,1776272411000
1776272412.866,12.866,0.46,9.65,0.43,55.0,0.47,20.0,0.48,10.0,0.51,19.81,0.5,10.0,0.52,15.0,0.54,13.4,0.01,0.01,2342.636029,1776272411000
1776272413.397,13.397,0.45,24.89,0.44,16.0,0.46,10.0,0.47,40.0,0.53,27.52,0.52,19.62,0.54,0.4,0.55,5.0,0.01,0.01,2342.508347,1776272412000
1776272413.826,13.826,0.44,31.5,0.43,93.0,0.45,45.67,0.46,20.5,0.55,10.67,0.54,10.0,0.56,27.0,0.57,88.0,0.01,0.01,2342.508347,1776272412000
1776272414.345,14.345,0.43,25.0,0.42,121.0,0.44,10.0,0.45,102.17,0.55,45.67,0.54,20.5,0.56,31.5,0.57,93.0,0.01,0.01,2342.508347,1776272412000
1776272414.898,14.898,0.41,1.29,0.38,9.66,0.43,46.0,0.44,174.5,0.57,10.0,0.56,163.5,0.58,10.29,0.59,10.0,0.02,0.01,2342.00972,1776272413000
1776272415.506,15.506,0.38,9.69,0.37,35.0,0.39,20.0,0.4,21.0,0.58,136.0,0.57,156.5,0.62,9.66,0.63,30.0,0.01,0.04,2341.43915,1776272414000
1776272416.382,16.382,0.36,177.39,0.35,110.0,0.37,88.0,0.38,120.5,0.61,15.0,0.6,15.0,0.64,23.89,0.66,136.0,0.01,0.03,2341.43915,1776272414000
1776272416.639,16.639,0.36,188.56,0.35,143.0,0.37,5.0,0.38,10.0,0.63,5.0,0.62,10.0,0.64,192.58,0.65,121.0,0.01,0.01,2341.176189,1776272415000
1776272417.124,17.124,0.4,128.5,0.39,240.5,0.41,5.0,0.42,71.0,0.63,5.0,0.62,10.0,0.64,188.56,0.65,143.0,0.01,0.01,2340.876282,1776272416000
1776272417.486,17.486,0.41,163.69,0.4,167.5,0.42,70.61,0.43,95.0,0.58,70.61,0.57,95.0,0.6,133.5,0.61,245.5,0.01,0.02,2340.876282,1776272416000
1776272418.039,18.039,0.38,227.54,0.37,115.5,0.4,22.0,0.41,160.0,0.58,70.61,0.57,95.0,0.59,163.69,0.6,167.5,0.02,0.01,2340.661342,1776272417000
1776272419.036,19.036,0.39,8.0,0.38,12.5,0.43,89.91,0.44,141.5,0.61,20.0,0.6,22.0,0.62,224.5,0.63,115.5,0.04,0.01,2340.661342,1776272417000
1776272419.51,19.51,0.4,13.0,0.39,110.0,0.41,4.2,0.42,10.0,0.59,4.4,0.58,10.0,0.6,8.0,0.61,5.0,0.01,0.01,2340.893993,1776272418000
1776272419.724,19.724,0.4,143.0,0.39,110.0,0.41,28.91,0.42,38.5,0.59,34.2,0.58,38.5,0.6,13.0,0.61,110.0,0.01,0.01,2340.893993,1776272418000
1776272420.088,20.088,0.4,18.0,0.39,225.0,0.41,46.97,0.42,158.5,0.59,38.91,0.58,43.5,0.6,138.0,0.61,110.0,0.01,0.01,2340.893993,1776272418000
1776272420.573,20.573,0.4,193.0,0.39,204.5,0.41,12.08,0.42,90.5,0.59,46.97,0.58,158.5,0.6,18.0,0.61,225.0,0.01,0.01,2340.893993,1776272418000
1776272421.124,21.124,0.4,220.5,0.39,188.5,0.41,45.0,0.42,90.5,0.59,12.08,0.58,90.5,0.6,193.0,0.61,204.5,0.01,0.01,2340.908,1776272419000
1776272422.021,22.021,0.38,4.1,0.37,85.0,0.39,66.5,0.4,214.5,0.59,45.0,0.58,90.5,0.6,220.5,0.61,188.5,0.01,0.01,2340.948485,1776272420000
1776272422.396,22.396,0.38,4.1,0.37,35.0,0.39,29.44,0.4,140.5,0.61,76.37,0.6,140.5,0.62,4.1,0.63,35.0,0.01,0.01,2340.976294,1776272421000
1776272422.943,22.943,0.37,25.0,0.36,47.06,0.38,205.5,0.39,141.5,0.61,190.0,0.6,140.5,0.63,35.0,0.64,38.06,0.01,0.02,2340.976294,1776272421000
1776272423.164,23.164,0.36,41.34,0.35,140.0,0.37,16.5,0.38,243.5,0.63,27.5,0.62,243.5,0.64,41.34,0.65,140.0,0.01,0.01,2340.976294,1776272421000
1776272423.481,23.481,0.36,36.34,0.35,204.0,0.37,198.74,0.38,118.5,0.63,4.74,0.62,243.5,0.64,41.34,0.65,140.0,0.01,0.01,2340.976294,1776272421000
1776272423.69,23.69,0.36,91.34,0.35,192.0,0.37,176.74,0.38,118.5,0.63,182.74,0.62,118.5,0.64,86.34,0.65,158.0,0.01,0.01,2340.976294,1776272421000
1776272424.521,24.521,0.36,86.34,0.35,145.0,0.37,190.06,0.38,131.5,0.63,109.74,0.62,118.5,0.64,91.34,0.65,158.0,0.01,0.01,2340.62093,1776272423000
1776272424.847,24.847,0.36,40.34,0.35,145.0,0.37,190.74,0.38,131.5,0.63,190.06,0.62,131.5,0.64,86.34,0.65,145.0,0.01,0.01,2340.62093,1776272423000
1776272425.186,25.186,0.36,29.59,0.35,150.5,0.37,141.74,0.38,126.0,0.63,190.74,0.62,131.5,0.64,40.34,0.65,145.0,0.01,0.01,2340.62093,1776272423000
1776272430.188,30.188,0.35,199.5,0.34,250.5,0.36,30.0,0.37,59.87,0.63,146.74,0.62,126.0,0.64,7.59,0.65,150.5,0.01,0.01,2340.520129,1776272428000
1776272430.413,30.413,0.35,345.5,0.34,280.5,0.37,15.48,0.38,11.0,0.64,30.0,0.63,59.87,0.65,199.5,0.66,250.5,0.02,0.01,2340.518604,1776272429000
1776272430.642,30.642,0.36,192.5,0.35,371.5,0.39,10.0,0.41,45.0,0.63,0.48,0.62,11.0,0.64,176.5,0.65,346.5,0.03,0.01,2340.518604,1776272429000
1776272430.864,30.864,0.38,302.33,0.37,135.5,0.39,10.0,0.41,35.0,0.61,10.0,0.59,45.0,0.62,177.0,0.63,125.0,0.01,0.01,2340.518604,1776272429000
1776272431.193,31.193,0.38,265.5,0.37,148.5,0.39,5.0,0.4,10.0,0.61,10.0,0.59,35.0,0.62,302.33,0.63,135.5,0.01,0.01,2340.518604,1776272429000
1776272431.423,31.423,0.38,145.5,0.37,230.5,0.39,5.0,0.4,23.25,0.6,12.25,0.59,43.0,0.62,145.5,0.63,230.5,0.01,0.02,2340.45502,1776272430000
1776272431.959,31.959,0.38,270.5,0.37,142.5,0.39,5.0,0.4,18.25,0.61,5.0,0.6,23.25,0.62,145.5,0.63,230.5,0.01,0.01,2340.45502,1776272430000
1776272432.263,32.263,0.39,146.5,0.38,225.5,0.4,15.75,0.41,58.98,0.6,20.75,0.59,58.98,0.61,147.5,0.62,175.5,0.01,0.01,2340.45502,1776272430000
1776272432.474,32.474,0.39,184.0,0.38,225.5,0.4,37.75,0.41,130.98,0.6,37.75,0.59,130.98,0.61,195.0,0.62,225.5,0.01,0.01,2340.45502,1776272430000
1776272432.682,32.682,0.39,159.86,0.38,225.5,0.4,35.25,0.41,146.98,0.6,35.25,0.59,146.98,0.61,161.5,0.62,225.5,0.01,0.01,2340.653565,1776272431000
1776272432.98,32.98,0.39,135.5,0.38,225.5,0.4,32.75,0.41,162.48,0.6,35.25,0.59,151.98,0.61,120.86,0.62,225.5,0.01,0.01,2340.653565,1776272431000
1776272433.607,33.607,0.39,305.5,0.38,242.5,0.4,68.69,0.42,80.0,0.6,100.54,0.59,118.5,0.61,135.5,0.62,225.5,0.01,0.01,2340.896281,1776272432000
1776272434.76,34.76,0.41,32.0,0.4,130.0,0.42,181.69,0.43,141.91,0.58,80.0,0.57,129.91,0.61,305.5,0.62,242.5,0.01,0.03,2340.950015,1776272433000
1776272435.509,35.509,0.41,42.0,0.4,255.5,0.42,180.5,0.43,266.91,0.58,181.69,0.57,141.91,0.59,32.0,0.6,130.0,0.01,0.01,2340.94792,1776272434000
1776272436.296,36.296,0.41,380.5,0.4,198.5,0.42,45.01,0.43,124.41,0.58,180.5,0.57,266.91,0.59,42.0,0.6,255.5,0.01,0.01,2340.94792,1776272434000
1776272436.553,36.553,0.41,375.5,0.4,198.5,0.42,34.47,0.43,124.41,0.58,36.86,0.57,124.41,0.59,380.5,0.6,198.5,0.01,0.01,2340.94792,1776272434000
1776272437.223,37.223,0.41,421.5,0.4,245.5,0.42,20.6,0.44,58.0,0.58,34.47,0.57,124.41,0.59,375.5,0.6,198.5,0.01,0.01,2341.004053,1776272435000
1776272438.299,38.299,0.43,419.5,0.42,217.5,0.44,5.72,0.45,130.67,0.56,58.0,0.55,209.37,0.59,421.5,0.6,245.5,0.01,0.03,2341.0281,1776272436000
1776272438.723,38.723,0.43,431.5,0.42,211.5,0.45,10.67,0.47,150.0,0.56,5.72,0.55,130.67,0.57,419.5,0.58,217.5,0.02,0.01,2341.0281,1776272436000
1776272439.882,39.882,0.5,18.2,0.49,258.5,0.51,60.0,0.52,50.0,0.53,150.0,0.51,75.0,0.57,388.5,0.58,211.5,0.01,0.04,2341.172735,1776272437000
1776272440.763,40.763,0.52,15.0,0.51,126.0,0.53,206.97,0.54,93.74,0.49,60.0,0.48,50.0,0.5,18.2,0.51,258.5,0.01,0.01,2341.425065,1776272438000
1776272441.013,41.013,0.52,55.5,0.51,136.5,0.53,199.35,0.54,93.5,0.47,206.97,0.46,93.74,0.48,15.0,0.49,126.0,0.01,0.01,2341.425065,1776272438000
1776272441.358,41.358,0.52,179.35,0.51,136.5,0.53,151.44,0.54,156.46,0.47,199.35,0.46,93.5,0.48,55.5,0.49,136.5,0.01,0.01,2341.594821,1776272439000
1776272441.939,41.939,0.52,174.35,0.51,186.5,0.53,186.4,0.54,178.46,0.47,151.44,0.46,156.46,0.48,179.35,0.49,136.5,0.01,0.01,2341.594821,1776272439000
1776272442.187,42.187,0.52,174.35,0.51,186.5,0.53,184.36,0.54,178.46,0.47,186.4,0.46,178.46,0.48,174.35,0.49,186.5,0.01,0.01,2341.90601,1776272440000
1776272442.756,42.756,0.52,187.04,0.51,186.5,0.53,150.49,0.54,183.46,0.47,184.36,0.46,178.46,0.48,177.04,0.49,196.5,0.01,0.01,2341.90601,1776272440000
1776272443.618,43.618,0.52,20.0,0.51,301.5,0.53,130.99,0.54,298.46,0.47,150.49,0.46,183.46,0.48,187.04,0.49,186.5,0.01,0.01,2342.041331,1776272442000
1776272444.028,44.028,0.52,25.0,0.51,126.0,0.53,100.21,0.54,159.57,0.47,130.99,0.46,298.46,0.48,20.0,0.49,301.5,0.01,0.01,2342.041331,1776272442000
1776272445.291,45.291,0.52,229.16,0.51,191.5,0.53,55.0,0.54,75.5,0.47,113.32,0.46,159.57,0.48,11.66,0.49,126.0,0.01,0.01,2342.046155,1776272443000
1776272446.867,46.867,0.52,173.16,0.51,190.5,0.53,70.0,0.54,94.5,0.47,50.0,0.46,75.5,0.48,179.16,0.49,191.5,0.01,0.01,2342.0627,1776272444000
1776272447.151,47.151,0.52,176.5,0.51,305.5,0.53,64.98,0.54,219.5,0.47,70.0,0.46,94.5,0.48,173.16,0.49,190.5,0.01,0.01,2342.05658,1776272445000
1776272447.859,47.859,0.52,5.0,0.51,10.0,0.53,302.23,0.54,178.07,0.47,63.11,0.46,104.5,0.48,181.5,0.49,305.5,0.01,0.01,2342.099605,1776272446000
1776272448.686,48.686,0.5,158.0,0.49,191.61,0.52,53.84,0.53,129.87,0.5,40.5,0.49,47.5,0.51,116.11,0.52,190.5,0.02,0.01,2342.132635,1776272447000
1776272449.523,49.523,0.51,52.68,0.5,244.0,0.52,33.0,0.53,62.09,0.48,53.84,0.47,129.87,0.5,158.0,0.51,191.61,0.01,0.02,2342.120379,1776272448000
1776272450.212,50.212,0.51,22.0,0.5,308.0,0.52,58.0,0.53,65.5,0.48,33.0,0.47,62.09,0.49,52.68,0.5,244.0,0.01,0.01,2342.079198,1776272449000
1776272451.058,51.058,0.52,166.5,0.51,195.5,0.53,8.67,0.54,75.5,0.48,58.0,0.47,65.5,0.49,22.0,0.5,308.0,0.01,0.01,2342.079198,1776272449000
1776272451.523,51.523,0.52,211.5,0.51,195.5,0.53,2.12,0.54,75.5,0.47,8.67,0.46,75.5,0.48,166.5,0.49,195.5,0.01,0.01,2342.079198,1776272449000
1776272453.995,53.995,0.5,5.84,0.49,192.53,0.51,205.5,0.52,112.5,0.46,75.5,0.45,274.5,0.48,211.5,0.49,195.5,0.01,0.02,2342.08556,1776272452000
1776272454.229,54.229,0.5,5.84,0.49,192.53,0.51,206.33,0.52,112.5,0.49,208.3,0.48,112.5,0.5,5.84,0.51,192.53,0.01,0.01,2342.08556,1776272452000
1776272455.202,55.202,0.52,224.91,0.51,85.5,0.54,15.0,0.55,241.5,0.48,104.14,0.47,123.5,0.51,192.32,0.52,320.92,0.02,0.03,2342.066295,1776272454000
1776272456.025,56.025,0.53,408.54,0.52,217.71,0.54,8.67,0.55,60.0,0.46,8.67,0.45,100.0,0.47,102.18,0.48,190.91,0.01,0.01,2342.066295,1776272454000
1776272457.114,57.114,0.55,269.6,0.54,151.76,0.56,3.14,0.57,110.0,0.45,60.0,0.44,10.82,0.47,408.54,0.48,217.71,0.01,0.02,2341.981851,1776272455000
1776272457.54,57.54,0.55,376.5,0.54,248.5,0.57,110.0,0.59,130.5,0.44,3.14,0.43,110.0,0.45,269.6,0.46,151.76,0.02,0.01,2341.981851,1776272455000
1776272458.353,58.353,0.58,35.0,0.57,32.0,0.59,0.84,0.61,100.0,0.43,110.0,0.41,130.5,0.45,376.5,0.46,248.5,0.01,0.02,2341.981851,1776272455000
1776272459.212,59.212,0.6,217.0,0.59,120.5,0.61,0.25,0.62,52.02,0.39,100.0,0.38,52.02,0.42,135.0,0.43,132.0,0.01,0.03,2341.981851,1776272455000
1776272459.54,59.54,0.61,262.0,0.6,171.5,0.62,12.26,0.63,25.0,0.38,22.26,0.37,25.0,0.4,227.5,0.41,120.5,0.01,0.02,2341.981851,1776272455000
1776272459.818,59.818,0.61,418.0,0.6,256.5,0.65,72.0,0.66,11.0,0.38,6.06,0.37,25.0,0.39,262.0,0.4,171.5,0.04,0.01,2341.981851,1776272455000
1776272460.134,60.134,0.64,11.0,0.63,10.0,0.65,11.81,0.66,11.0,0.35,72.0,0.34,11.0,0.39,418.0,0.4,256.5,0.01,0.04,2341.981851,1776272455000
1776272460.515,60.515,0.65,21.0,0.64,244.0,0.66,22.96,0.68,50.0,0.34,11.0,0.32,50.0,0.36,250.0,0.37,110.0,0.01,0.02,2341.981851,1776272455000
1776272461.135,61.135,0.67,29.0,0.66,21.0,0.69,22.75,0.7,145.0,0.32,50.0,0.31,145.0,0.35,136.0,0.36,110.0,0.02,0.03,2341.981851,1776272455000
1776272461.389,61.389,0.68,10.0,0.67,34.0,0.7,153.92,0.71,80.0,0.31,21.3,0.3,154.0,0.33,29.0,0.34,21.0,0.02,0.02,2341.981851,1776272455000
1776272461.903,61.903,0.69,24.0,0.68,10.0,0.7,114.0,0.71,89.0,0.3,152.34,0.29,80.0,0.32,10.0,0.33,34.0,0.01,0.02,2341.981851,1776272455000
1776272462.121,62.121,0.69,24.0,0.68,15.0,0.7,96.35,0.71,89.0,0.3,99.71,0.29,89.0,0.31,24.0,0.32,15.0,0.01,0.01,2341.981851,1776272455000
1776272462.516,62.516,0.69,25.08,0.68,15.0,0.7,121.35,0.71,80.0,0.3,105.35,0.29,80.0,0.31,22.04,0.32,15.0,0.01,0.01,2341.981851,1776272455000
1776272462.826,62.826,0.68,10.0,0.67,24.0,0.7,141.35,0.71,130.0,0.3,121.35,0.29,80.0,0.31,25.08,0.32,15.0,0.02,0.01,2341.981851,1776272455000
1776272463.054,63.054,0.67,7.0,0.66,10.0,0.68,9.0,0.69,11.0,0.32,9.0,0.31,16.0,0.35,9.0,0.36,16.0,0.01,0.03,2341.981851,1776272455000
1776272463.709,63.709,0.67,7.0,0.66,10.0,0.68,194.29,0.69,48.26,0.32,9.0,0.31,11.0,0.33,7.0,0.34,10.0,0.01,0.01,2341.981851,1776272455000
1776272464.482,64.482,0.67,85.56,0.66,10.0,0.68,303.79,0.69,150.85,0.32,189.29,0.31,58.76,0.33,7.19,0.34,20.5,0.01,0.01,2341.981851,1776272455000
1776272464.724,64.724,0.67,10.0,0.66,10.0,0.68,341.4,0.69,202.85,0.32,354.88,0.31,202.85,0.34,10.0,0.35,92.53,0.01,0.02,2341.981851,1776272455000
1776272465.232,65.232,0.64,65.66,0.63,80.5,0.65,210.72,0.66,33.5,0.33,46.5,0.32,298.02,0.36,66.16,0.37,70.0,0.01,0.03,2343.314377,1776272464000
1776272465.633,65.633,0.64,57.54,0.63,70.0,0.65,196.2,0.66,145.5,0.35,210.72,0.34,33.5,0.36,65.66,0.37,80.5,0.01,0.01,2343.314377,1776272464000
1776272465.943,65.943,0.64,57.54,0.63,20.0,0.65,224.2,0.66,98.5,0.35,196.2,0.34,145.5,0.36,57.54,0.37,70.0,0.01,0.01,2343.314377,1776272464000
1776272468.997,68.997,0.64,32.88,0.63,26.0,0.65,284.5,0.66,98.5,0.35,224.2,0.34,98.5,0.36,57.54,0.37,20.0,0.01,0.01,2343.02786,1776272468000
1776272469.261,69.261,0.63,10.0,0.62,21.0,0.65,318.5,0.66,98.5,0.35,284.5,0.34,98.5,0.36,32.88,0.37,26.0,0.02,0.01,2343.02786,1776272468000
1776272470.077,70.077,0.63,20.0,0.62,76.5,0.64,212.0,0.65,99.5,0.36,41.87,0.35,283.5,0.37,15.0,0.38,21.0,0.01,0.01,2342.985883,1776272469000
1776272470.405,70.405,0.63,12.02,0.62,15.0,0.64,217.5,0.65,107.5,0.36,212.0,0.35,99.5,0.37,20.0,0.38,76.5,0.01,0.01,2342.985883,1776272469000
1776272471.023,71.023,0.63,2.02,0.61,41.0,0.64,256.25,0.65,132.5,0.36,217.5,0.35,107.5,0.37,12.02,0.38,15.0,0.01,0.01,2342.985883,1776272469000
1776272471.4,71.4,0.61,25.0,0.6,65.0,0.64,370.25,0.65,145.5,0.36,256.25,0.35,132.5,0.37,2.02,0.39,41.0,0.03,0.01,2342.952405,1776272470000
1776272471.858,71.858,0.61,101.5,0.6,81.5,0.62,65.83,0.63,54.0,0.36,370.25,0.35,145.5,0.39,25.0,0.4,65.0,0.01,0.03,2342.952405,1776272470000
1776272472.894,72.894,0.58,5.35,0.57,140.5,0.59,51.91,0.6,37.5,0.38,65.83,0.37,54.0,0.39,101.5,0.4,81.5,0.01,0.01,2342.923757,1776272471000
1776272474.721,74.721,0.56,115.0,0.55,134.9,0.58,284.5,0.59,148.59,0.41,51.91,0.4,37.5,0.42,5.35,0.43,140.5,0.02,0.01,2342.733767,1776272473000
1776272475.153,75.153,0.55,65.0,0.54,179.9,0.57,265.0,0.58,153.59,0.42,284.5,0.41,148.59,0.44,115.0,0.45,134.9,0.02,0.02,2342.733767,1776272473000
1776272475.774,75.774,0.55,20.5,0.54,145.9,0.56,121.0,0.57,131.09,0.43,265.0,0.42,153.59,0.45,65.0,0.46,179.9,0.01,0.02,2342.578763,1776272474000
1776272476.683,76.683,0.55,59.97,0.54,215.02,0.56,96.0,0.57,223.09,0.44,121.0,0.43,131.09,0.45,20.5,0.46,145.9,0.01,0.01,2342.45698,1776272475000
1776272478.358,78.358,0.53,57.71,0.52,280.94,0.54,61.91,0.55,110.09,0.44,96.0,0.43,223.09,0.45,59.97,0.46,215.02,0.01,0.01,2342.266847,1776272477000
1776272479.338,79.338,0.52,44.8,0.51,29.4,0.53,77.12,0.54,129.59,0.46,61.91,0.45,110.09,0.47,57.71,0.48,280.94,0.01,0.01,2342.251666,1776272478000
1776272479.555,79.555,0.52,36.78,0.51,20.0,0.53,280.85,0.54,167.2,0.47,267.76,0.46,172.2,0.48,41.78,0.49,29.4,0.01,0.01,2342.251666,1776272478000
1776272479.77,79.77,0.52,2.6,0.51,15.0,0.53,275.21,0.54,172.2,0.47,260.21,0.46,172.2,0.48,4.69,0.49,15.0,0.01,0.01,2342.251666,1776272478000
1776272480.332,80.332,0.55,112.5,0.54,93.5,0.56,66.76,0.57,57.0,0.47,275.21,0.46,183.07,0.49,15.0,0.5,75.0,0.01,0.02,2342.141063,1776272479000
1776272480.696,80.696,0.55,135.24,0.54,93.5,0.56,6.91,0.57,63.0,0.44,66.76,0.43,57.0,0.45,112.5,0.46,93.5,0.01,0.01,2342.141063,1776272479000
1776272480.93,80.93,0.55,83.7,0.54,92.5,0.58,69.91,0.59,85.5,0.44,6.91,0.43,63.0,0.45,135.24,0.46,93.5,0.03,0.01,2342.141063,1776272479000
1776272481.35,81.35,0.57,94.5,0.56,185.5,0.58,48.01,0.59,80.41,0.42,69.91,0.41,85.5,0.45,83.7,0.46,92.5,0.01,0.03,2341.954015,1776272480000
1776272481.597,81.597,0.58,10.0,0.57,204.5,0.59,42.54,0.6,104.0,0.42,48.01,0.41,80.41,0.43,94.5,0.44,185.5,0.01,0.01,2341.954015,1776272480000
1776272481.942,81.942,0.59,200.0,0.58,109.5,0.62,48.01,0.63,56.91,0.4,74.28,0.39,56.91,0.41,15.0,0.42,167.5,0.03,0.01,2341.954015,1776272480000
1776272482.168,82.168,0.61,47.0,0.6,17.0,0.62,9.76,0.63,56.91,0.38,20.01,0.37,56.91,0.41,200.0,0.42,109.5,0.01,0.03,2341.954015,1776272480000
1776272483.439,83.439,0.63,219.79,0.62,87.5,0.64,56.91,0.65,55.0,0.38,9.76,0.37,56.91,0.39,47.0,0.4,17.0,0.01,0.01,2342.386394,1776272482000
1776272483.938,83.938,0.64,107.5,0.63,249.79,0.65,51.22,0.66,97.41,0.36,56.91,0.35,55.0,0.37,219.79,0.38,87.5,0.01,0.01,2342.386394,1776272482000
1776272484.377,84.377,0.64,277.5,0.63,129.79,0.66,80.0,0.67,192.68,0.35,51.22,0.34,97.41,0.36,107.5,0.37,249.79,0.02,0.01,2342.849134,1776272483000
1776272485.721,85.721,0.68,119.5,0.67,202.5,0.69,35.65,0.7,35.0,0.34,80.0,0.33,192.68,0.36,277.5,0.37,129.79,0.01,0.02,2342.939634,1776272484000
1776272486.097,86.097,0.77,10.0,0.76,152.5,0.79,105.84,0.8,65.0,0.23,100.0,0.21,106.91,0.25,9.23,0.32,179.5,0.02,0.02,2342.939634,1776272484000
1776272486.569,86.569,0.78,72.5,0.77,32.5,0.79,230.84,0.8,60.05,0.21,105.84,0.2,65.0,0.23,10.0,0.24,152.5,0.01,0.02,2342.939634,1776272484000
1776272486.967,86.967,0.78,67.5,0.77,27.5,0.79,220.84,0.8,60.05,0.21,230.84,0.2,60.05,0.22,72.5,0.23,32.5,0.01,0.01,2343.215951,1776272485000
1776272487.622,87.622,0.78,21.95,0.77,27.5,0.79,235.84,0.8,145.7,0.21,220.84,0.2,60.05,0.22,52.95,0.23,27.5,0.01,0.01,2343.366969,1776272486000
1776272487.835,87.835,0.78,10.0,0.77,25.67,0.79,214.39,0.8,145.7,0.21,220.71,0.2,145.7,0.23,25.67,0.24,99.5,0.01,0.02,2343.366969,1776272486000
1776272488.14,88.14,0.78,9.0,0.76,22.0,0.79,377.89,0.8,195.7,0.21,214.39,0.2,145.7,0.22,10.0,0.23,25.67,0.01,0.01,2344.295466,1776272487000
1776272488.374,88.374,0.75,40.23,0.74,32.0,0.76,5.83,0.77,167.5,0.23,129.41,0.22,112.5,0.24,15.0,0.25,40.23,0.01,0.01,2344.295466,1776272487000
1776272488.649,88.649,0.73,35.5,0.72,81.5,0.75,52.5,0.76,106.18,0.24,126.18,0.23,219.19,0.27,10.0,0.28,42.5,0.02,0.03,2344.295466,1776272487000
1776272489.053,89.053,0.74,37.0,0.73,40.5,0.75,27.3,0.76,121.18,0.25,52.5,0.24,106.18,0.27,35.5,0.28,81.5,0.01,0.02,2344.295466,1776272487000
1776272489.62,89.62,0.74,22.0,0.73,25.0,0.75,236.3,0.76,121.18,0.25,27.3,0.24,121.18,0.26,37.0,0.27,40.5,0.01,0.01,2344.373239,1776272488000
1776272491.13,91.13,0.66,134.0,0.65,239.9,0.67,16.0,0.68,25.5,0.26,43.0,0.25,205.3,0.27,20.0,0.28,81.5,0.01,0.01,2344.166635,1776272489000
1776272491.705,91.705,0.73,20.5,0.72,30.5,0.74,24.9,0.75,119.3,0.32,15.0,0.31,85.73,0.34,145.14,0.35,249.9,0.01,0.02,2343.858049,1776272490000
1776272492.062,92.062,0.73,33.5,0.72,195.5,0.74,34.9,0.75,112.3,0.26,24.9,0.25,119.3,0.27,20.5,0.28,30.5,0.01,0.01,2343.858049,1776272490000
1776272492.56,92.56,0.72,197.05,0.71,71.0,0.74,145.99,0.75,162.3,0.26,89.9,0.25,112.3,0.27,5.5,0.28,200.5,0.02,0.01,2343.788107,1776272491000
1776272494.903,94.903,0.71,119.1,0.7,106.75,0.72,150.5,0.73,148.59,0.26,145.99,0.25,162.3,0.28,197.05,0.29,71.0,0.01,0.02,2343.75683,1776272493000
1776272495.372,95.372,0.7,24.6,0.69,87.5,0.71,45.0,0.72,110.5,0.28,150.5,0.27,148.59,0.29,119.1,0.3,106.75,0.01,0.01,2343.75683,1776272493000
1776272496.117,96.117,0.7,15.0,0.69,202.5,0.71,25.5,0.72,95.59,0.29,45.0,0.28,110.5,0.3,24.6,0.31,87.5,0.01,0.01,2343.704172,1776272495000
1776272497.955,97.955,0.73,20.0,0.72,10.0,0.74,9.0,0.75,51.5,0.29,25.5,0.28,95.59,0.3,15.0,0.31,202.5,0.01,0.01,2343.606445,1776272496000
1776272499.96,99.96,0.74,179.0,0.73,101.5,0.75,105.7,0.76,159.5,0.26,10.5,0.25,69.5,0.29,64.96,0.3,70.5,0.01,0.03,2343.801493,1776272499000
1776272500.619,100.619,0.74,11.0,0.73,216.5,0.75,103.73,0.76,261.5,0.25,105.7,0.24,159.5,0.26,179.0,0.27,101.5,0.01,0.01,2343.801493,1776272499000
1776272502.065,102.065,0.74,11.0,0.73,162.0,0.75,95.68,0.76,261.59,0.25,103.73,0.24,261.5,0.26,11.0,0.27,216.5,0.01,0.01,2343.893389,1776272501000
1776272502.756,102.756,0.74,10.0,0.73,260.5,0.75,95.34,0.76,149.5,0.26,10.5,0.25,118.68,0.27,151.0,0.28,50.5,0.01,0.01,2343.893389,1776272501000
1776272508.434,108.434,0.78,0.1,0.77,10.0,0.79,123.5,0.8,339.55,0.25,95.34,0.24,149.5,0.26,10.0,0.27,260.5,0.01,0.01,2344.2876,1776272507000
1776272508.9,108.9,0.78,0.2,0.77,5.0,0.79,263.5,0.8,218.55,0.21,123.5,0.2,339.55,0.22,0.1,0.23,10.0,0.01,0.01,2344.2876,1776272507000
1776272510.176,110.176,0.74,15.0,0.73,150.0,0.75,120.5,0.76,139.5,0.21,263.5,0.2,218.55,0.22,0.2,0.23,5.0,0.01,0.01,2344.26436,1776272508000
1776272510.529,110.529,0.69,5.0,0.68,60.0,0.7,45.5,0.71,85.0,0.25,120.5,0.24,139.5,0.26,15.0,0.27,150.0,0.01,0.01,2344.223775,1776272509000
1776272510.744,110.744,0.69,4.06,0.68,74.4,0.7,169.07,0.71,199.0,0.3,158.07,0.29,177.0,0.31,16.0,0.32,74.4,0.01,0.01,2344.223775,1776272509000
1776272510.975,110.975,0.68,74.4,0.67,155.0,0.69,6.94,0.7,175.5,0.3,183.24,0.29,199.0,0.31,4.06,0.32,74.4,0.01,0.01,2344.223775,1776272509000
1776272511.597,111.597,0.69,158.0,0.68,158.9,0.7,61.04,0.71,158.5,0.31,6.94,0.3,175.5,0.32,74.4,0.33,155.0,0.01,0.01,2343.964125,1776272510000
1776272512.549,112.549,0.68,39.4,0.67,100.0,0.7,163.08,0.71,190.5,0.3,55.04,0.29,158.5,0.31,168.0,0.32,153.9,0.02,0.01,2343.388942,1776272511000
1776272512.982,112.982,0.67,100.0,0.66,100.0,0.69,184.6,0.7,207.08,0.31,111.6,0.3,164.08,0.32,39.4,0.33,100.0,0.02,0.01,2343.388942,1776272511000
1776272513.185,113.185,0.65,126.0,0.64,135.0,0.66,20.5,0.67,114.5,0.31,184.6,0.3,207.08,0.33,100.0,0.34,100.0,0.01,0.02,2343.388942,1776272511000
1776272514.595,114.595,0.62,124.4,0.61,295.0,0.64,305.04,0.65,164.5,0.34,20.5,0.33,114.5,0.35,126.0,0.36,135.0,0.02,0.01,2343.29805,1776272512000
1776272515.249,115.249,0.62,115.0,0.61,396.58,0.63,150.3,0.64,167.04,0.36,305.04,0.35,164.5,0.38,124.4,0.39,295.0,0.01,0.02,2343.319596,1776272513000
1776272515.481,115.481,0.62,125.0,0.61,281.58,0.63,76.27,0.64,282.04,0.37,150.3,0.36,167.04,0.38,115.0,0.39,396.58,0.01,0.01,2342.9824,1776272514000
1776272517.764,117.764,0.63,77.84,0.62,386.9,0.65,35.0,0.66,122.5,0.37,76.27,0.36,282.04,0.38,125.0,0.39,281.58,0.02,0.01,2342.85631,1776272516000
1776272520.199,120.199,0.64,146.35,0.63,201.9,0.65,563.74,0.66,210.5,0.35,35.0,0.34,122.5,0.37,77.84,0.38,386.9,0.01,0.02,2342.818996,1776272518000
1776272521.067,121.067,0.64,196.35,0.63,187.5,0.65,497.5,0.66,226.5,0.35,517.58,0.34,210.5,0.36,31.35,0.37,306.4,0.01,0.01,2342.856684,1776272519000
1776272522.089,122.089,0.63,14.4,0.62,100.0,0.65,853.5,0.66,196.5,0.35,497.5,0.34,226.5,0.36,196.35,0.37,187.5,0.02,0.01,2342.833537,1776272521000
1776272523.844,123.844,0.55,326.0,0.54,80.0,0.57,50.0,0.58,50.0,0.36,30.5,0.35,838.5,0.38,100.0,0.39,185.0,0.02,0.02,2342.87628,1776272522000
1776272524.928,124.928,0.58,334.0,0.57,579.5,0.59,31.5,0.6,553.5,0.43,10.0,0.4,160.5,0.44,7.36,0.45,347.5,0.01,0.01,2342.652889,1776272523000
1776272525.419,125.419,0.58,57.0,0.57,196.5,0.59,559.8,0.6,117.5,0.41,31.5,0.4,553.5,0.42,307.0,0.43,579.5,0.01,0.01,2342.212594,1776272524000
1776272525.928,125.928,0.59,321.5,0.58,619.5,0.62,69.54,0.63,106.0,0.41,559.8,0.4,117.5,0.42,57.0,0.43,196.5,0.03,0.01,2342.212594,1776272524000
1776272526.541,126.541,0.6,835.5,0.59,144.5,0.63,91.5,0.64,236.0,0.38,69.54,0.37,106.0,0.41,321.5,0.42,619.5,0.03,0.03,2342.456336,1776272525000
1776272527.344,127.344,0.61,738.5,0.6,245.5,0.62,5.46,0.63,96.5,0.37,91.5,0.36,236.0,0.4,835.5,0.41,144.5,0.01,0.03,2342.511286,1776272526000
1776272527.554,127.554,0.62,10.5,0.61,743.5,0.63,60.25,0.64,74.5,0.38,5.46,0.37,96.5,0.39,738.5,0.4,245.5,0.01,0.01,2342.511286,1776272526000
1776272527.787,127.787,0.65,11.0,0.64,57.0,0.66,116.84,0.67,267.5,0.37,60.25,0.36,74.5,0.38,10.5,0.39,743.5,0.01,0.01,2342.511286,1776272526000
1776272529.139,129.139,0.65,169.94,0.64,83.5,0.66,235.5,0.67,619.5,0.34,116.84,0.33,267.5,0.35,11.0,0.36,57.0,0.01,0.01,2342.587409,1776272527000
1776272530.427,130.427,0.65,164.94,0.64,205.5,0.66,106.64,0.67,686.5,0.34,235.5,0.33,619.5,0.35,169.94,0.36,83.5,0.01,0.01,2342.691764,1776272529000
1776272531.398,131.398,0.64,13.0,0.63,10.0,0.65,716.77,0.66,123.14,0.34,106.64,0.33,686.5,0.35,144.1,0.36,205.5,0.01,0.01,2342.811055,1776272530000
1776272532.513,132.513,0.69,311.04,0.68,528.5,0.7,44.0,0.71,105.0,0.35,710.01,0.34,118.14,0.36,13.0,0.37,10.0,0.01,0.01,2342.8162,1776272531000
1776272533.048,133.048,0.69,195.0,0.68,695.5,0.72,674.53,0.73,265.0,0.3,44.0,0.29,105.0,0.31,311.04,0.32,528.5,0.03,0.01,2342.8162,1776272531000
1776272534.383,134.383,0.67,48.45,0.66,56.0,0.68,104.0,0.69,268.5,0.28,674.53,0.27,265.0,0.31,195.0,0.32,695.5,0.01,0.03,2343.117615,1776272533000
1776272534.773,134.773,0.67,42.45,0.66,55.0,0.68,921.5,0.69,106.5,0.32,104.0,0.31,268.5,0.33,48.45,0.34,56.0,0.01,0.01,2343.117615,1776272533000
1776272535.091,135.091,0.66,61.0,0.65,55.0,0.67,168.0,0.68,914.5,0.32,921.5,0.31,106.5,0.33,42.45,0.34,55.0,0.01,0.01,2343.206708,1776272534000
1776272536.305,136.305,0.66,813.5,0.65,102.5,0.67,20.06,0.68,20.0,0.33,168.0,0.32,914.5,0.34,61.0,0.35,55.0,0.01,0.01,2343.039979,1776272535000
1776272537.084,137.084,0.67,565.5,0.66,323.5,0.69,0.47,0.7,49.0,0.32,14.0,0.31,10.0,0.33,20.5,0.34,803.5,0.02,0.01,2343.039979,1776272535000
1776272538.892,138.892,0.74,40.5,0.73,632.5,0.76,90.0,0.77,197.0,0.31,0.47,0.3,49.0,0.33,565.5,0.34,323.5,0.02,0.02,2342.980935,1776272537000
1776272539.81,139.81,0.75,81.18,0.74,195.5,0.76,138.75,0.77,220.0,0.24,90.0,0.23,197.0,0.26,40.5,0.27,632.5,0.01,0.02,2343.118358,1776272538000
1776272541.304,141.304,0.75,808.18,0.74,94.5,0.76,17.0,0.77,73.0,0.24,138.75,0.23,220.0,0.25,81.18,0.26,195.5,0.01,0.01,2343.6158,1776272540000
1776272541.515,141.515,0.75,871.18,0.74,104.5,0.77,68.0,0.78,39.22,0.24,17.0,0.23,73.0,0.25,808.18,0.26,94.5,0.02,0.01,2343.6158,1776272540000
1776272541.72,141.72,0.76,726.5,0.75,269.18,0.78,39.22,0.79,134.0,0.22,39.22,0.21,134.0,0.24,102.5,0.25,861.18,0.02,0.02,2343.6158,1776272540000
1776272542.033,142.033,0.77,731.5,0.76,249.5,0.78,21.52,0.79,24.0,0.22,39.22,0.21,134.0,0.24,726.5,0.25,269.18,0.01,0.02,2343.6158,1776272540000
1776272542.674,142.674,0.77,731.5,0.76,249.5,0.78,23.52,0.79,24.0,0.22,11.52,0.21,24.0,0.23,726.5,0.24,249.5,0.01,0.01,2343.62247,1776272541000
1776272542.936,142.936,0.77,731.5,0.76,249.5,0.78,13.52,0.79,24.0,0.22,23.52,0.21,24.0,0.23,731.5,0.24,249.5,0.01,0.01,2343.62247,1776272541000
1776272544.424,144.424,0.77,271.36,0.76,220.5,0.78,24.0,0.79,141.0,0.22,13.52,0.21,24.0,0.23,723.45,0.24,249.5,0.01,0.01,2343.83419,1776272543000
1776272545.332,145.332,0.77,50.0,0.76,61.0,0.78,179.73,0.79,214.5,0.22,24.0,0.21,141.0,0.23,271.36,0.24,220.5,0.01,0.01,2343.83419,1776272543000
1776272545.657,145.657,0.73,60.0,0.72,70.5,0.76,823.5,0.77,113.5,0.22,179.73,0.21,214.5,0.23,50.0,0.24,61.0,0.03,0.01,2343.83419,1776272543000
1776272545.86,145.86,0.73,44.0,0.72,70.5,0.74,156.64,0.75,25.5,0.26,35.64,0.25,20.5,0.27,50.0,0.28,70.5,0.01,0.01,2343.84867,1776272544000
1776272546.1,146.1,0.72,60.5,0.71,50.0,0.73,134.63,0.74,75.64,0.26,161.64,0.25,25.5,0.28,70.5,0.29,50.0,0.01,0.02,2343.84867,1776272544000
1776272546.891,146.891,0.69,35.0,0.68,140.5,0.71,16.12,0.72,30.5,0.27,138.26,0.26,75.64,0.28,60.5,0.29,50.0,0.02,0.01,2343.88745,1776272545000
1776272547.543,147.543,0.69,10.0,0.68,140.5,0.7,106.42,0.71,36.62,0.29,16.12,0.28,30.5,0.31,35.0,0.32,140.5,0.01,0.02,2343.817645,1776272546000
1776272547.9,147.9,0.68,55.0,0.67,10.5,0.7,95.42,0.71,30.5,0.3,85.42,0.29,36.62,0.31,10.0,0.32,80.0,0.02,0.01,2343.817645,1776272546000
1776272549.23,149.23,0.65,187.5,0.64,305.0,0.66,65.43,0.67,646.0,0.3,95.42,0.29,30.5,0.32,55.0,0.33,10.5,0.01,0.02,2343.302197,1776272547000
1776272551.08,151.08,0.64,125.0,0.63,30.0,0.66,865.5,0.67,108.5,0.34,65.43,0.33,646.0,0.35,187.5,0.36,305.0,0.02,0.01,2342.957837,1776272549000
1776272551.734,151.734,0.63,179.0,0.62,25.5,0.64,609.69,0.65,18.0,0.34,865.5,0.33,108.5,0.36,125.0,0.37,30.0,0.01,0.02,2342.912365,1776272550000
1776272552.467,152.467,0.63,30.0,0.62,137.5,0.64,622.69,0.65,171.5,0.36,609.69,0.35,18.0,0.37,179.0,0.38,25.5,0.01,0.01,2342.825764,1776272551000
1776272553.405,153.405,0.63,267.5,0.62,70.5,0.64,10.0,0.65,23.0,0.36,622.69,0.35,171.5,0.37,30.0,0.38,137.5,0.01,0.01,2342.825764,1776272551000
1776272558.213,158.213,0.65,25.0,0.63,99.0,0.66,55.4,0.67,66.5,0.33,10.0,0.32,75.0,0.34,19.5,0.35,15.0,0.01,0.01,2343.05875,1776272556000
1776272560.581,160.581,0.6,177.0,0.59,195.5,0.62,626.0,0.63,145.0,0.34,55.4,0.33,66.5,0.35,25.0,0.37,99.0,0.02,0.01,2342.759392,1776272559000
1776272560.857,160.857,0.6,113.0,0.59,327.5,0.61,36.03,0.62,495.0,0.39,43.03,0.38,495.0,0.4,65.0,0.41,317.5,0.01,0.01,2342.759392,1776272559000
1776272561.347,161.347,0.6,95.0,0.59,200.0,0.61,744.8,0.62,22.0,0.38,449.8,0.37,160.5,0.4,113.0,0.41,327.5,0.01,0.02,2342.759392,1776272559000
1776272561.624,161.624,0.6,282.15,0.59,225.5,0.63,27.0,0.64,30.0,0.39,744.8,0.38,22.0,0.4,95.0,0.41,200.0,0.03,0.01,2342.759392,1776272559000
1776272566.577,166.577,0.62,36.86,0.61,65.5,0.64,15.0,0.65,30.5,0.37,27.0,0.36,30.0,0.4,282.15,0.41,225.5,0.02,0.03,2342.729523,1776272565000
1776272569.91,169.91,0.6,75.0,0.59,280.5,0.61,502.8,0.62,322.5,0.36,15.0,0.35,30.5,0.38,36.86,0.39,65.5,0.01,0.02,2342.571547,1776272568000
1776272570.323,170.323,0.59,160.0,0.58,140.0,0.61,813.5,0.62,80.5,0.39,502.8,0.38,322.5,0.4,75.0,0.41,280.5,0.02,0.01,2342.565301,1776272569000
1776272570.81,170.81,0.59,145.0,0.58,95.0,0.6,754.25,0.61,85.5,0.39,813.5,0.38,80.5,0.41,160.0,0.42,140.0,0.01,0.02,2342.565301,1776272569000
1776272571.218,171.218,0.59,2.8,0.56,175.11,0.6,754.25,0.61,96.5,0.4,754.25,0.39,85.5,0.41,145.0,0.42,95.0,0.01,0.01,2342.565301,1776272569000
1776272572.028,172.028,0.56,104.99,0.55,165.0,0.57,10.0,0.59,10.0,0.4,749.25,0.39,91.5,0.44,292.11,0.45,225.0,0.01,0.04,2342.52038,1776272570000
1776272573.909,173.909,0.56,19.99,0.55,175.5,0.57,33.0,0.58,20.0,0.43,10.0,0.41,10.0,0.44,104.99,0.45,165.0,0.01,0.01,2342.235715,1776272572000
1776272574.466,174.466,0.56,261.49,0.55,671.5,0.58,10.0,0.59,10.0,0.43,33.0,0.42,20.0,0.44,19.99,0.45,175.5,0.02,0.01,2342.041072,1776272573000
1776272575.147,175.147,0.59,3.88,0.58,16.0,0.6,5.0,0.61,35.1,0.41,8.94,0.4,10.0,0.43,10.0,0.44,256.49,0.01,0.02,2342.041072,1776272573000
1776272576.38,176.38,0.59,29.88,0.58,20.5,0.61,15.1,0.62,15.3,0.4,5.0,0.39,35.1,0.41,3.88,0.42,16.0,0.02,0.01,2342.137808,1776272574000
1776272577.483,177.483,0.61,58.0,0.6,10.0,0.62,8.88,0.63,88.98,0.39,15.1,0.38,15.3,0.41,29.88,0.42,20.5,0.01,0.02,2342.276075,1776272576000
1776272579.454,179.454,0.62,22.0,0.61,165.36,0.63,85.98,0.64,55.0,0.38,8.88,0.37,88.98,0.39,68.0,0.4,10.0,0.01,0.01,2342.6938,1776272578000
1776272579.66,179.66,0.62,46.94,0.61,131.5,0.64,55.0,0.66,80.5,0.37,85.98,0.36,55.0,0.38,22.0,0.39,165.36,0.02,0.01,2342.6938,1776272578000
1776272587.275,187.275,0.66,104.0,0.65,45.0,0.68,2.97,0.7,98.1,0.36,55.0,0.34,80.5,0.38,46.94,0.39,131.5,0.02,0.02,2342.619525,1776272586000
1776272587.903,187.903,0.69,20.0,0.68,10.0,0.7,31.75,0.71,171.0,0.32,2.97,0.3,98.1,0.34,104.0,0.35,45.0,0.01,0.02,2342.619525,1776272586000
1776272588.319,188.319,0.69,37.0,0.68,38.0,0.71,11.0,0.72,97.12,0.3,1.65,0.29,121.0,0.31,20.0,0.32,20.0,0.02,0.01,2342.619525,1776272586000
1776272588.587,188.587,0.7,231.24,0.69,97.5,0.72,96.53,0.73,75.0,0.29,6.0,0.28,97.12,0.31,37.0,0.32,43.0,0.02,0.02,2342.619525,1776272586000
1776272589.157,189.157,0.71,163.0,0.7,120.91,0.75,100.0,0.76,100.0,0.28,90.28,0.27,75.0,0.29,50.0,0.3,231.24,0.04,0.01,2343.22429,1776272587000
1776272590.398,190.398,0.75,38.99,0.74,9.0,0.76,35.0,0.77,100.0,0.25,100.0,0.24,100.0,0.26,160.24,0.27,17.0,0.01,0.01,2343.36739,1776272589000
1776272590.67,190.67,0.75,35.66,0.74,14.5,0.77,100.0,0.78,75.0,0.24,15.0,0.23,100.0,0.25,28.99,0.26,14.5,0.02,0.01,2343.36739,1776272589000
1776272592.286,192.286,0.76,16.0,0.75,16.67,0.77,55.0,0.78,80.0,0.23,100.0,0.22,75.0,0.25,35.66,0.26,14.5,0.01,0.02,2343.424006,1776272590000
1776272592.72,192.72,0.76,9.75,0.75,16.67,0.77,60.0,0.78,80.0,0.23,55.0,0.22,80.0,0.24,16.0,0.25,16.67,0.01,0.01,2343.44276,1776272591000
1776272595.065,195.065,0.79,5.0,0.78,10.0,0.8,100.5,0.81,35.0,0.23,60.0,0.22,80.0,0.24,9.75,0.25,16.67,0.01,0.01,2343.40648,1776272594000
1776272595.853,195.853,0.77,12.78,0.76,25.25,0.8,95.05,0.81,30.31,0.2,100.5,0.19,35.0,0.21,5.0,0.22,10.0,0.03,0.01,2343.40648,1776272594000
1776272597.014,197.014,0.79,79.33,0.78,20.5,0.8,30.0,0.81,35.0,0.2,95.05,0.19,30.31,0.23,12.78,0.24,25.25,0.01,0.03,2343.362607,1776272595000
1776272597.709,197.709,0.82,46.18,0.81,106.5,0.83,50.5,0.84,106.0,0.19,35.0,0.17,136.0,0.21,79.33,0.22,20.5,0.01,0.02,2343.4243,1776272596000
1776272598.911,198.911,0.85,61.0,0.84,15.0,0.86,57.21,0.87,50.0,0.17,50.5,0.16,106.0,0.18,46.18,0.19,106.5,0.01,0.01,2343.408875,1776272597000
1776272601.019,201.019,0.86,16.0,0.85,33.0,0.87,6.61,0.89,109.79,0.14,57.21,0.13,50.0,0.15,61.0,0.16,15.0,0.01,0.01,2343.90829,1776272599000
1776272601.247,201.247,0.82,45.68,0.81,90.5,0.89,107.37,0.9,97.0,0.11,107.37,0.1,97.0,0.17,0.71,0.18,45.68,0.07,0.06,2343.945505,1776272600000
1776272601.571,201.571,0.84,5.0,0.82,45.68,0.89,90.75,0.9,97.0,0.11,102.99,0.1,97.0,0.18,45.68,0.19,90.5,0.05,0.07,2343.945505,1776272600000
1776272602.247,202.247,0.88,10.0,0.87,10.0,0.89,91.8,0.9,116.0,0.11,87.62,0.1,107.0,0.15,10.0,0.16,5.0,0.01,0.04,2343.980885,1776272601000
1776272602.652,202.652,0.88,7.16,0.87,10.0,0.89,97.8,0.9,116.0,0.11,91.8,0.1,116.0,0.12,10.0,0.13,10.0,0.01,0.01,2343.980885,1776272601000
1776272603.239,203.239,0.88,32.16,0.87,10.0,0.89,43.56,0.9,45.0,0.11,97.8,0.1,116.0,0.12,7.16,0.13,10.0,0.01,0.01,2344.042955,1776272602000
1776272603.449,203.449,0.88,148.16,0.87,10.0,0.89,43.46,0.9,40.0,0.11,43.56,0.1,45.0,0.12,32.16,0.13,10.0,0.01,0.01,2344.042955,1776272602000
1776272603.785,203.785,0.89,100.0,0.88,121.49,0.92,28.19,0.93,65.3,0.08,37.19,0.07,65.3,0.11,100.0,0.12,131.49,0.03,0.03,2344.042955,1776272602000
1776272604.037,204.037,0.89,115.0,0.88,106.49,0.92,121.25,0.93,65.3,0.08,19.49,0.07,65.3,0.11,110.0,0.12,121.49,0.03,0.03,2344.042955,1776272602000
1776272604.328,204.328,0.91,20.0,0.9,5.0,0.92,25.88,0.93,65.3,0.08,133.87,0.07,65.3,0.11,113.33,0.12,111.49,0.01,0.03,2344.07458,1776272603000
1776272604.552,204.552,0.91,11.99,0.9,16.0,0.92,27.04,0.93,65.3,0.08,27.04,0.07,65.3,0.09,20.0,0.1,10.0,0.01,0.01,2344.07458,1776272603000
1776272604.843,204.843,0.9,92.99,0.89,237.57,0.91,61.43,0.92,32.04,0.08,27.04,0.07,65.3,0.09,11.99,0.1,16.0,0.01,0.01,2344.07458,1776272603000
1776272605.565,205.565,0.9,107.89,0.89,237.57,0.91,56.21,0.92,82.04,0.09,61.43,0.08,32.04,0.1,92.89,0.11,237.57,0.01,0.01,2344.571633,1776272604000
1776272606.295,206.295,0.9,25.0,0.89,114.33,0.91,45.25,0.92,82.04,0.09,50.53,0.08,82.04,0.1,31.0,0.11,108.33,0.01,0.01,2344.571633,1776272604000
1776272607.023,207.023,0.9,25.0,0.89,114.33,0.91,44.15,0.92,82.04,0.09,45.25,0.08,82.04,0.1,25.0,0.11,114.33,0.01,0.01,2344.571633,1776272604000
1776272607.629,207.629,0.9,54.0,0.89,114.33,0.91,26.95,0.92,82.04,0.09,44.15,0.08,82.04,0.1,25.0,0.11,114.33,0.01,0.01,2344.712595,1776272606000
1776272608.143,208.143,0.9,64.0,0.89,16.0,0.91,21.67,0.92,82.04,0.09,26.95,0.08,82.04,0.1,54.0,0.11,114.33,0.01,0.01,2344.712595,1776272606000
1776272609.406,209.406,0.9,111.42,0.89,16.0,0.91,21.67,0.92,82.04,0.09,21.67,0.08,82.04,0.1,64.0,0.11,16.0,0.01,0.01,2344.573918,1776272608000
1776272609.893,209.893,0.9,117.42,0.89,150.24,0.91,18.67,0.92,59.42,0.09,21.67,0.08,82.04,0.1,111.42,0.11,16.0,0.01,0.01,2344.573918,1776272608000
1776272610.763,210.763,0.92,6.0,0.91,42.0,0.93,10.63,0.94,73.8,0.08,59.42,0.07,65.3,0.1,117.42,0.11,150.24,0.01,0.02,2344.59805,1776272609000
1776272611.076,211.076,0.92,0.82,0.91,42.0,0.93,35.05,0.94,73.8,0.07,10.63,0.06,73.8,0.08,6.0,0.09,42.0,0.01,0.01,2344.59805,1776272609000
1776272611.337,211.337,0.91,35.82,0.9,82.53,0.93,35.05,0.94,73.8,0.07,35.05,0.06,73.8,0.08,0.82,0.09,42.0,0.02,0.01,2344.59805,1776272609000
1776272611.744,211.744,0.92,25.0,0.91,235.82,0.93,34.65,0.94,73.8,0.07,35.05,0.06,73.8,0.09,35.82,0.1,82.53,0.01,0.02,2344.662081,1776272610000
1776272611.965,211.965,0.92,25.0,0.91,235.82,0.93,3.04,0.94,73.8,0.07,8.26,0.06,73.8,0.08,20.0,0.09,235.82,0.01,0.01,2344.662081,1776272610000
1776272612.251,212.251,0.92,20.0,0.91,235.82,0.94,66.7,0.95,105.8,0.07,3.04,0.06,73.8,0.08,25.0,0.09,235.82,0.02,0.01,2344.84783,1776272611000
1776272612.887,212.887,0.93,21.0,0.92,15.0,0.94,85.43,0.95,105.8,0.06,66.7,0.05,105.8,0.08,20.0,0.09,235.82,0.01,0.02,2344.84783,1776272611000
1776272613.232,213.232,0.91,191.0,0.9,35.11,0.94,213.43,0.95,111.8,0.06,85.43,0.05,105.8,0.07,21.0,0.08,15.0,0.03,0.01,2344.84783,1776272611000
1776272613.452,213.452,0.9,17.68,0.88,22.66,0.94,165.83,0.95,105.8,0.08,23.0,0.07,150.19,0.1,17.68,0.12,22.66,0.04,0.02,2344.775553,1776272612000
1776272613.751,213.751,0.9,27.68,0.89,10.0,0.91,58.9,0.92,10.0,0.06,165.83,0.05,105.8,0.1,17.68,0.12,22.66,0.01,0.04,2344.775553,1776272612000
1776272614.318,214.318,0.89,7.22,0.88,57.73,0.92,44.0,0.93,10.0,0.09,58.9,0.08,10.0,0.12,37.73,0.13,20.5,0.03,0.03,2344.807709,1776272613000
1776272614.817,214.817,0.88,26.73,0.87,31.5,0.9,14.11,0.91,80.0,0.09,30.0,0.08,10.0,0.11,5.0,0.12,26.73,0.02,0.02,2344.807709,1776272613000
1776272615.076,215.076,0.88,45.73,0.87,36.5,0.89,9.11,0.9,10.1,0.1,14.11,0.09,80.0,0.12,26.73,0.13,31.5,0.01,0.02,2344.806658,1776272614000
1776272615.558,215.558,0.88,111.73,0.87,86.5,0.89,2.7,0.9,10.1,0.11,9.11,0.1,10.1,0.12,45.73,0.13,36.5,0.01,0.01,2344.806658,1776272614000
1776272615.766,215.766,0.9,20.0,0.89,15.0,0.92,11.06,0.93,154.0,0.08,5.61,0.07,51.0,0.1,15.0,0.11,10.0,0.02,0.02,2344.806658,1776272614000
1776272616.01,216.01,0.89,20.0,0.88,57.73,0.91,16.0,0.93,149.0,0.08,11.06,0.07,154.0,0.1,20.0,0.11,15.0,0.02,0.02,2344.806658,1776272614000
1776272616.627,216.627,0.9,8.5,0.89,55.0,0.92,102.0,0.93,213.42,0.09,16.0,0.07,149.0,0.11,20.0,0.12,57.73,0.02,0.02,2344.128741,1776272615000
1776272617.362,217.362,0.92,99.0,0.91,169.0,0.94,11.0,0.95,107.0,0.08,102.0,0.07,213.42,0.1,8.5,0.11,55.0,0.02,0.02,2344.108955,1776272616000
1776272617.76,217.76,0.93,8.77,0.92,79.0,0.94,42.83,0.95,107.0,0.06,11.0,0.05,107.0,0.08,99.0,0.09,169.0,0.01,0.02,2344.108955,1776272616000
1776272618.244,218.244,0.93,5.0,0.92,57.77,0.94,64.89,0.95,194.0,0.06,49.02,0.05,107.0,0.08,47.77,0.09,139.0,0.01,0.02,2344.108955,1776272616000
1776272618.504,218.504,0.93,36.0,0.92,57.77,0.94,47.16,0.95,107.0,0.06,47.95,0.05,107.0,0.07,36.0,0.08,57.77,0.01,0.01,2344.278676,1776272617000
1776272618.85,218.85,0.93,36.0,0.92,57.77,0.94,91.09,0.95,166.0,0.06,47.16,0.05,107.0,0.07,36.0,0.08,57.77,0.01,0.01,2344.278676,1776272617000
1776272619.291,219.291,0.91,123.75,0.9,71.49,0.92,204.64,0.93,211.0,0.06,91.09,0.05,166.0,0.07,36.0,0.08,57.77,0.01,0.01,2344.294198,1776272618000
1776272619.513,219.513,0.91,11.0,0.9,40.5,0.92,82.0,0.93,194.0,0.08,204.64,0.07,211.0,0.09,123.75,0.1,71.49,0.01,0.01,2344.294198,1776272618000
1776272620.247,220.247,0.91,6.0,0.9,45.5,0.92,59.89,0.93,179.0,0.08,82.0,0.07,194.0,0.09,11.0,0.1,40.5,0.01,0.01,2344.294198,1776272618000
1776272622.196,222.196,0.91,176.66,0.9,51.5,0.92,3.8,0.93,179.0,0.08,57.89,0.07,179.0,0.1,46.5,0.11,171.92,0.01,0.02,2344.557113,1776272620000
1776272624.028,224.028,0.91,177.6,0.9,15.0,0.93,88.97,0.94,104.97,0.08,3.8,0.07,179.0,0.09,168.6,0.1,34.5,0.02,0.01,2344.37465,1776272622000
1776272624.425,224.425,0.92,13.36,0.91,172.6,0.93,85.0,0.94,104.97,0.07,88.97,0.06,104.97,0.09,177.6,0.1,15.0,0.01,0.02,2344.395373,1776272623000
1776272625.45,225.45,0.93,102.0,0.92,40.36,0.94,22.05,0.95,220.0,0.07,85.0,0.06,104.97,0.08,13.36,0.09,172.6,0.01,0.01,2344.41298,1776272624000
1776272626.434,226.434,0.94,10.0,0.93,70.0,0.95,72.88,0.96,353.0,0.05,219.16,0.04,270.0,0.07,107.0,0.08,90.36,0.01,0.02,2344.41298,1776272624000
1776272626.939,226.939,0.94,4.13,0.93,70.0,0.95,77.88,0.96,353.0,0.05,72.88,0.04,353.0,0.06,10.0,0.07,70.0,0.01,0.01,2344.41539,1776272625000
1776272629.501,229.501,0.94,59.13,0.93,127.35,0.95,39.88,0.96,226.19,0.05,71.88,0.04,353.0,0.06,4.13,0.07,70.0,0.01,0.01,2344.598104,1776272627000
1776272630.687,230.687,0.94,59.13,0.93,127.35,0.95,25.61,0.96,318.0,0.05,39.88,0.04,226.19,0.06,59.13,0.07,127.35,0.01,0.01,2344.606797,1776272629000
1776272631.363,231.363,0.93,106.82,0.92,209.35,0.95,5.41,0.96,318.0,0.05,25.61,0.04,318.0,0.06,59.13,0.07,127.35,0.02,0.01,2344.606797,1776272629000
1776272632.199,232.199,0.95,5.16,0.94,22.0,0.96,199.19,0.97,275.0,0.05,0.14,0.04,318.0,0.06,22.0,0.07,129.82,0.01,0.01,2344.713745,1776272630000
1776272632.801,232.801,0.95,20.16,0.94,27.0,0.96,251.07,0.97,400.0,0.04,199.19,0.03,275.0,0.05,5.16,0.06,22.0,0.01,0.01,2344.74731,1776272631000
1776272633.218,233.218,0.94,5.0,0.93,51.82,0.96,409.07,0.97,280.0,0.04,251.07,0.03,400.0,0.05,20.16,0.06,27.0,0.02,0.01,2344.760275,1776272632000
1776272633.761,233.761,0.93,5.0,0.92,30.0,0.94,14.93,0.95,237.0,0.05,93.0,0.04,325.07,0.09,204.12,0.1,254.55,0.01,0.04,2344.760275,1776272632000
1776272634.189,234.189,0.93,160.29,0.92,30.0,0.94,14.93,0.95,237.0,0.06,14.93,0.05,237.0,0.07,5.0,0.08,30.0,0.01,0.01,2344.760275,1776272632000
1776272634.847,234.847,0.93,160.29,0.92,30.0,0.94,13.76,0.95,237.0,0.06,14.93,0.05,237.0,0.07,160.29,0.08,30.0,0.01,0.01,2344.781613,1776272633000
1776272635.684,235.684,0.93,132.38,0.92,10.0,0.94,237.76,0.95,163.0,0.06,13.76,0.05,237.0,0.07,160.29,0.08,30.0,0.01,0.01,2344.58,1776272634000
1776272636.818,236.818,0.93,196.48,0.92,15.0,0.94,176.34,0.95,149.19,0.06,237.76,0.05,163.0,0.07,21.38,0.08,10.0,0.01,0.01,2344.521667,1776272635000
1776272637.094,237.094,0.93,201.48,0.92,15.0,0.94,168.85,0.95,149.19,0.06,174.92,0.05,149.19,0.07,196.48,0.08,15.0,0.01,0.01,2344.521667,1776272635000
1776272637.388,237.388,0.93,196.48,0.92,20.0,0.94,164.59,0.95,149.19,0.06,168.85,0.05,149.19,0.07,201.48,0.08,15.0,0.01,0.01,2344.421287,1776272636000
1776272637.92,237.92,0.93,191.48,0.92,20.0,0.94,167.46,0.95,149.19,0.06,164.59,0.05,149.19,0.07,196.48,0.08,20.0,0.01,0.01,2344.421287,1776272636000
1776272638.312,238.312,0.93,191.48,0.92,25.0,0.94,110.96,0.95,94.19,0.06,161.96,0.05,149.19,0.07,191.48,0.08,20.0,0.01,0.01,2344.343699,1776272637000
1776272638.93,238.93,0.92,2.62,0.91,147.0,0.94,115.96,0.95,138.0,0.06,110.96,0.05,94.19,0.07,191.48,0.08,25.0,0.02,0.01,2344.343699,1776272637000
1776272639.84,239.84,0.93,27.01,0.92,33.62,0.94,58.22,0.95,188.0,0.06,115.96,0.05,138.0,0.08,2.62,0.09,147.0,0.01,0.02,2344.24837,1776272638000
1776272640.409,240.409,0.93,205.41,0.92,124.61,0.94,2.92,0.95,110.0,0.06,58.22,0.05,188.0,0.07,27.01,0.08,33.62,0.01,0.01,2344.268881,1776272639000
1776272640.628,240.628,0.93,156.56,0.92,112.61,0.95,6.6,0.96,291.63,0.06,2.92,0.05,110.0,0.07,205.41,0.08,124.61,0.02,0.01,2344.268881,1776272639000
1776272641.051,241.051,0.94,20.0,0.93,157.0,0.95,1.6,0.96,291.63,0.05,6.6,0.04,291.63,0.07,156.56,0.08,112.61,0.01,0.02,2344.268881,1776272639000
1776272641.325,241.325,0.94,30.0,0.93,157.0,0.96,316.46,0.97,280.0,0.05,6.58,0.04,316.88,0.06,15.0,0.07,157.0,0.02,0.01,2344.268881,1776272639000
1776272641.981,241.981,0.93,117.99,0.92,166.51,0.95,7.89,0.96,301.46,0.04,306.46,0.03,314.0,0.07,107.77,0.08,166.51,0.02,0.03,2344.255615,1776272640000
1776272642.209,242.209,0.93,42.0,0.92,187.06,0.95,2.63,0.96,331.46,0.05,7.89,0.04,301.46,0.07,117.99,0.08,166.51,0.02,0.02,2344.255615,1776272640000
1776272642.812,242.812,0.94,10.0,0.93,32.0,0.96,253.22,0.97,280.0,0.05,2.63,0.04,331.46,0.07,42.0,0.08,187.06,0.02,0.02,2344.406526,1776272641000
1776272643.06,243.06,0.94,15.0,0.93,37.0,0.96,253.22,0.97,280.0,0.04,253.22,0.03,280.0,0.06,10.0,0.07,32.0,0.02,0.02,2344.406526,1776272641000
1776272644.831,244.831,0.94,101.0,0.93,196.29,0.96,30.97,0.97,194.0,0.04,253.22,0.03,280.0,0.06,15.0,0.07,37.0,0.02,0.02,2344.422566,1776272643000
1776272645.747,245.747,0.94,151.33,0.93,175.74,0.96,26.02,0.97,194.0,0.04,30.97,0.03,194.0,0.06,101.0,0.07,196.29,0.02,0.02,2344.40158,1776272644000
1776272646.07,246.07,0.95,25.0,0.94,151.33,0.97,161.69,0.98,1059.78,0.04,26.02,0.03,194.0,0.06,151.33,0.07,175.74,0.02,0.02,2344.420482,1776272645000
1776272647.074,247.074,0.95,50.0,0.94,254.13,0.97,168.36,0.98,1059.78,0.03,161.69,0.02,1059.78,0.05,25.0,0.06,151.33,0.02,0.02,2344.47328,1776272646000
1776272647.487,247.487,0.96,100.0,0.95,247.79,0.97,67.61,0.98,382.78,0.03,168.36,0.02,1059.78,0.05,50.0,0.06,254.13,0.01,0.02,2344.47328,1776272646000
1776272647.792,247.792,0.96,86.44,0.95,248.79,0.97,52.38,0.98,580.78,0.03,67.61,0.02,380.78,0.04,91.44,0.05,248.79,0.01,0.01,2344.47328,1776272646000
1776272648.692,248.692,0.96,75.0,0.95,233.79,0.97,60.04,0.98,580.78,0.03,65.04,0.02,580.78,0.04,76.44,0.05,198.79,0.01,0.01,2344.501205,1776272647000
1776272649.49,249.49,0.96,75.0,0.95,233.79,0.97,0.77,0.98,580.78,0.03,60.04,0.02,580.78,0.04,75.0,0.05,233.79,0.01,0.01,2344.54425,1776272648000
1776272650.923,250.923,0.96,10.0,0.95,10.0,0.97,81.66,0.98,318.26,0.02,857.26,0.01,7221.46,0.04,10.0,0.05,10.0,0.01,0.02,2344.57689,1776272649000
1776272651.265,251.265,0.91,241.99,0.9,99.0,0.92,62.89,0.95,117.0,0.08,65.0,0.05,63.0,0.09,185.44,0.1,70.0,0.01,0.01,2344.57689,1776272649000
1776272651.556,251.556,0.91,273.99,0.9,115.0,0.95,89.0,0.96,126.0,0.08,55.66,0.05,103.0,0.09,261.99,0.1,115.0,0.04,0.01,2344.57689,1776272649000
1776272651.85,251.85,0.94,35.86,0.93,95.0,0.95,26.0,0.96,33.0,0.05,89.0,0.04,126.0,0.09,273.99,0.1,115.0,0.01,0.04,2344.468267,1776272650000
1776272652.059,252.059,0.94,90.86,0.93,146.99,0.96,30.0,0.97,143.0,0.04,33.0,0.03,143.0,0.06,80.86,0.07,146.99,0.02,0.02,2344.468267,1776272650000
1776272652.946,252.946,0.95,135.0,0.94,156.85,0.97,10.0,0.98,283.26,0.04,30.0,0.03,143.0,0.06,90.86,0.07,146.99,0.02,0.02,2344.374993,1776272651000
1776272653.338,253.338,0.96,40.0,0.95,98.0,0.97,10.0,0.98,202.26,0.04,10.0,0.03,10.0,0.05,98.0,0.06,182.85,0.01,0.01,2344.20832,1776272652000
1776272654.344,254.344,0.96,154.5,0.95,89.44,0.98,74.26,0.99,6802.86,0.03,10.0,0.02,202.26,0.04,46.5,0.05,118.99,0.02,0.01,2344.201589,1776272653000
1776272654.579,254.579,0.96,198.49,0.95,130.99,0.97,7.93,0.98,74.26,0.02,74.26,0.01,6802.86,0.04,154.5,0.05,89.44,0.01,0.02,2344.201589,1776272653000
1776272655.772,255.772,0.96,5.0,0.95,85.8,0.97,12.93,0.98,134.26,0.03,7.93,0.02,74.26,0.04,198.49,0.05,130.99,0.01,0.01,2344.337102,1776272654000
1776272656.447,256.447,0.95,111.79,0.94,195.8,0.97,0.86,0.98,214.26,0.03,9.86,0.02,214.26,0.05,5.0,0.06,211.35,0.02,0.02,2344.49482,1776272655000
1776272656.676,256.676,0.95,119.79,0.94,195.8,0.98,206.01,0.99,7589.46,0.03,0.86,0.02,214.26,0.05,111.79,0.06,195.8,0.03,0.02,2344.49482,1776272655000
1776272657.051,257.051,0.96,10.0,0.95,85.8,0.98,287.0,0.99,7691.46,0.02,206.01,0.01,7589.46,0.05,119.79,0.06,195.8,0.02,0.03,2344.682475,1776272656000
1776272657.36,257.36,0.94,27.0,0.93,133.85,0.98,392.0,0.99,7751.46,0.02,282.0,0.01,7691.46,0.04,10.0,0.05,85.8,0.04,0.02,2344.682475,1776272656000
1776272657.664,257.664,0.95,10.0,0.94,52.99,0.97,60.81,0.98,392.0,0.02,392.0,0.01,7751.46,0.06,27.0,0.07,133.85,0.02,0.04,2344.682475,1776272656000
1776272658.058,258.058,0.95,25.0,0.94,72.49,0.97,24.69,0.98,342.0,0.03,60.81,0.02,392.0,0.05,10.0,0.06,52.99,0.02,0.02,2344.493612,1776272657000
1776272658.307,258.307,0.95,20.0,0.94,146.98,0.97,35.69,0.98,292.0,0.03,24.69,0.02,342.0,0.05,25.0,0.06,72.49,0.02,0.02,2344.493612,1776272657000
1776272659.011,259.011,0.95,25.0,0.94,207.28,0.97,4.0,0.98,230.0,0.03,35.69,0.02,292.0,0.05,20.0,0.06,146.98,0.02,0.02,2344.362319,1776272658000
1776272659.358,259.358,0.96,15.0,0.95,20.0,0.98,185.0,0.99,7525.46,0.02,230.0,0.01,7525.46,0.05,25.0,0.06,207.28,0.02,0.03,2344.362319,1776272658000
1776272662.044,262.044,0.97,117.55,0.96,331.08,0.98,6.89,0.99,6885.86,0.02,185.0,0.01,7525.46,0.04,14.95,0.05,20.0,0.01,0.02,2344.187882,1776272661000
1776272662.814,262.814,0.98,111.96,0.97,257.56,0.99,6885.86,,,0.02,6.89,0.01,6885.86,0.03,122.86,0.04,331.08,0.01,0.01,2344.187882,1776272661000
1776272663.257,263.257,0.98,131.96,0.97,276.69,0.99,6773.86,,,0.01,6885.86,,,0.02,111.96,0.03,257.56,0.01,0.01,2344.224472,1776272662000
1776272663.461,263.461,0.98,131.96,0.97,197.69,0.99,6645.86,,,0.01,6774.84,,,0.02,131.96,0.03,209.69,0.01,0.01,2344.224472,1776272662000
1776272663.985,263.985,0.98,134.12,0.97,197.69,0.99,6641.86,,,0.01,6645.86,,,0.02,134.12,0.03,197.69,0.01,0.01,2344.224472,1776272662000
1776272664.21,264.21,0.98,130.48,0.97,236.74,0.99,6646.86,,,0.01,6641.86,,,0.02,134.12,0.03,197.69,0.01,0.01,2344.224472,1776272662000
1776272664.99,264.99,0.98,147.48,0.97,325.73,0.99,1584.86,,,0.01,6646.86,,,0.02,130.48,0.03,236.74,0.01,0.01,2344.224472,1776272662000
1776272665.488,265.488,0.98,147.48,0.97,325.73,0.99,1571.84,,,0.01,1580.86,,,0.02,147.48,0.03,325.73,0.01,0.01,2344.578175,1776272663000
1776272665.724,265.724,0.98,130.48,0.97,325.73,0.99,1506.84,,,0.01,1571.84,,,0.02,147.48,0.03,325.73,0.01,0.01,2344.578175,1776272663000
1776272666.032,266.032,0.98,80.48,0.97,325.73,0.99,1486.84,,,0.01,1506.84,,,0.02,130.48,0.03,325.73,0.01,0.01,2344.578175,1776272663000
1776272666.596,266.596,0.98,90.65,0.97,303.43,0.99,1451.79,,,0.01,1472.84,,,0.02,80.46,0.03,303.43,0.01,0.01,2344.540271,1776272664000
1776272669.078,269.078,0.98,307.34,0.97,264.88,0.99,1375.79,,,0.01,1451.79,,,0.02,90.65,0.03,303.43,0.01,0.01,2344.598665,1776272668000
1776272669.829,269.829,0.98,254.35,0.97,270.69,0.99,1241.79,,,0.01,1375.79,,,0.02,307.34,0.03,264.88,0.01,0.01,2344.598665,1776272668000
1776272670.4,270.4,0.98,254.35,0.97,270.69,0.99,1175.29,,,0.01,1241.79,,,0.02,254.35,0.03,270.69,0.01,0.01,2344.58745,1776272669000
1776272670.763,270.763,0.98,254.35,0.97,270.69,0.99,1035.4,,,0.01,1141.41,,,0.02,254.35,0.03,270.69,0.01,0.01,2344.58745,1776272669000
1776272672.273,272.273,0.98,350.15,0.97,243.83,0.99,1034.38,,,0.01,1035.4,,,0.02,254.35,0.03,270.69,0.01,0.01,2344.49651,1776272671000
1776272672.561,272.561,0.98,350.15,0.97,243.83,0.99,1029.32,,,0.01,1034.38,,,0.02,350.15,0.03,243.83,0.01,0.01,2344.49651,1776272671000
1776272673.114,273.114,0.97,132.8,0.96,216.95,0.99,1034.32,,,0.01,1029.32,,,0.02,75.06,0.03,243.83,0.02,0.01,2344.49651,1776272671000
1776272673.349,273.349,0.97,118.99,0.96,216.95,0.99,1047.86,,,0.01,1034.32,,,0.03,132.8,0.04,216.95,0.02,0.02,2344.49651,1776272671000
1776272675.396,275.396,0.98,194.28,0.97,114.13,0.99,935.74,,,0.01,989.8,,,0.02,64.29,0.03,128.99,0.01,0.01,2344.45029,1776272674000
1776272676.319,276.319,0.98,199.28,0.97,114.13,0.99,764.63,,,0.01,769.74,,,0.02,199.28,0.03,114.13,0.01,0.01,2344.45029,1776272674000
1776272676.613,276.613,0.98,180.52,0.97,114.13,0.99,759.63,,,0.01,764.63,,,0.02,199.28,0.03,114.13,0.01,0.01,2344.3434,1776272675000
1776272677.274,277.274,0.98,170.52,0.97,114.13,0.99,758.61,,,0.01,759.63,,,0.02,180.52,0.03,114.13,0.01,0.01,2344.450636,1776272676000
1776272677.518,277.518,0.98,170.52,0.97,119.13,0.99,758.55,,,0.01,758.61,,,0.02,170.52,0.03,114.13,0.01,0.01,2344.450636,1776272676000
1776272678.467,278.467,0.98,237.52,0.97,83.0,0.99,643.55,,,0.01,758.55,,,0.02,170.52,0.03,119.13,0.01,0.01,2344.450636,1776272676000
1776272678.877,278.877,0.98,244.52,0.97,83.0,0.99,627.7,,,0.01,634.55,,,0.02,237.52,0.03,83.0,0.01,0.01,2344.511899,1776272677000
1776272679.493,279.493,0.99,1919.3,0.98,283.51,,,,,0.01,605.7,,,0.02,242.22,0.03,83.0,,0.01,2344.48449,1776272678000
1776272679.971,279.971,0.99,1910.29,0.98,194.52,,,,,,,,,0.01,1919.3,0.02,283.51,,,2344.48449,1776272678000
1776272680.698,280.698,0.99,1926.96,0.98,194.52,,,,,,,,,0.01,1910.29,0.02,194.52,,,2344.52898,1776272679000
1776272681.574,281.574,0.99,1946.99,0.98,182.52,,,,,,,,,0.01,1926.96,0.02,194.52,,,2344.52898,1776272679000
1776272682.781,282.781,0.99,6129.72,0.98,146.91,,,,,,,,,0.01,1946.99,0.02,182.52,,,2344.642963,1776272681000
1776272684.113,284.113,0.99,7827.61,0.98,211.52,,,,,,,,,0.01,6129.72,0.02,146.91,,,2344.689425,1776272682000
1776272686.083,286.083,0.99,8636.34,0.98,150.99,,,,,,,,,0.01,7827.61,0.02,211.52,,,2345.028015,1776272684000

# RESULT,winner=Up,slug=eth-updown-5m-1776272400,ticks=374
