timestamp,elapsed_sec,up_bid_p1,up_bid_s1,up_bid_p2,up_bid_s2,up_ask_p1,up_ask_s1,up_ask_p2,up_ask_s2,down_bid_p1,down_bid_s1,down_bid_p2,down_bid_s2,down_ask_p1,down_ask_s1,down_ask_p2,down_ask_s2,up_spread,down_spread,eth_price,eth_oracle_ts
1776259800.604,0.604,0.45,5.0,0.4,38.0,0.5,3.0,0.55,10.0,0.5,8.0,0.45,10.0,0.55,5.0,0.6,38.0,0.05,0.05,2332.96295,1776259799000
1776259801.001,1.001,0.58,4.4,0.57,10.0,0.6,43.0,0.61,34.0,0.4,38.0,0.39,34.0,0.46,10.0,0.47,10.0,0.02,0.06,2332.96295,1776259799000
1776259801.298,1.298,0.58,4.4,0.57,10.0,0.64,12.32,0.67,300.0,0.4,43.0,0.39,34.0,0.42,4.4,0.43,10.0,0.06,0.02,2332.96295,1776259799000
1776259801.614,1.614,0.57,3.83,0.56,10.0,0.64,12.32,0.67,300.0,0.36,12.32,0.33,300.0,0.43,3.83,0.44,10.0,0.07,0.07,2332.980565,1776259800000
1776259801.91,1.91,0.51,3.83,0.5,1.7,0.53,5.0,0.55,7.6,0.45,7.6,0.43,10.0,0.49,7.92,0.5,1.7,0.02,0.04,2332.980565,1776259800000
1776259802.269,2.269,0.51,2.58,0.46,10.0,0.53,5.0,0.55,7.6,0.47,5.0,0.45,7.6,0.49,2.58,0.54,10.0,0.02,0.02,2333.192773,1776259801000
1776259802.535,2.535,0.52,7.37,0.51,13.0,0.54,5.43,0.55,7.6,0.46,5.43,0.45,7.6,0.54,10.0,0.55,5.0,0.02,0.08,2333.192773,1776259801000
1776259802.912,2.912,0.5,8.75,0.49,13.0,0.52,110.0,0.53,5.0,0.47,10.0,0.46,5.43,0.49,2.2,0.5,12.0,0.02,0.02,2333.192773,1776259801000
1776259803.137,3.137,0.36,2.42,0.33,48.0,0.41,10.0,0.5,76.0,0.5,16.0,0.48,110.0,0.64,10.49,0.67,318.0,0.05,0.14,2333.192773,1776259801000
1776259803.375,3.375,0.37,22.07,0.36,2.42,0.38,12.96,0.39,10.0,0.62,4.9,0.61,10.0,0.63,30.0,0.64,2.42,0.01,0.01,2333.192773,1776259801000
1776259803.633,3.633,0.33,18.0,0.31,375.0,0.37,10.0,0.38,4.9,0.64,5.39,0.63,10.0,0.67,18.0,0.69,375.0,0.04,0.03,2333.574971,1776259802000
1776259803.858,3.858,0.33,18.0,0.31,375.0,0.34,6.76,0.35,10.0,0.63,10.0,0.62,4.9,0.67,18.0,0.69,375.0,0.01,0.04,2333.574971,1776259802000
1776259804.154,4.154,0.31,375.0,0.29,10.0,0.32,1.4,0.33,10.0,0.66,6.76,0.65,10.0,0.69,375.0,0.73,450.0,0.01,0.03,2333.12365,1776259803000
1776259804.648,4.648,0.4,46.0,0.39,15.0,0.41,19.46,0.43,10.0,0.65,10.0,0.64,60.0,0.69,330.93,0.7,10.0,0.01,0.04,2333.12365,1776259803000
1776259804.884,4.884,0.33,6.0,0.32,71.74,0.34,6.76,0.35,10.0,0.59,18.35,0.58,10.0,0.6,5.0,0.61,5.0,0.01,0.01,2333.12365,1776259803000
1776259805.294,5.294,0.32,42.74,0.31,24.0,0.33,4.84,0.34,10.0,0.64,2.83,0.63,10.0,0.67,15.0,0.68,71.74,0.01,0.03,2333.12365,1776259803000
1776259805.656,5.656,0.32,47.6,0.27,450.0,0.33,110.0,0.34,3.84,0.66,3.84,0.65,10.0,0.68,54.74,0.73,450.0,0.01,0.02,2332.05373,1776259804000
1776259806.144,6.144,0.27,458.16,0.26,81.0,0.3,8.86,0.31,10.0,0.71,6.76,0.7,10.0,0.73,443.16,0.74,71.0,0.03,0.02,2332.05373,1776259804000
1776259806.51,6.51,0.28,5.0,0.27,478.16,0.31,10.0,0.32,62.4,0.72,0.1,0.71,15.0,0.73,458.16,0.74,81.0,0.03,0.01,2332.05373,1776259804000
1776259806.921,6.921,0.28,5.0,0.27,468.16,0.29,10.0,0.3,10.0,0.71,10.0,0.7,15.0,0.72,8.61,0.73,478.16,0.01,0.01,2331.88399,1776259805000
1776259807.762,7.762,0.28,8.61,0.27,20.0,0.29,25.0,0.3,10.0,0.71,10.0,0.7,10.0,0.72,5.0,0.73,468.16,0.01,0.01,2331.978202,1776259806000
1776259808.197,8.197,0.28,8.61,0.27,20.0,0.29,25.0,0.3,10.0,0.71,25.0,0.7,10.0,0.72,8.61,0.73,20.0,0.01,0.01,2331.3875,1776259807000
1776259808.777,8.777,0.28,15.0,0.27,57.0,0.3,69.42,0.31,28.0,0.71,101.0,0.7,42.7,0.72,27.76,0.73,15.0,0.02,0.01,2331.3875,1776259807000
1776259809.072,9.072,0.28,3.75,0.27,57.0,0.29,75.0,0.3,74.42,0.7,69.42,0.69,28.0,0.72,15.0,0.73,57.0,0.01,0.02,2331.3875,1776259807000
1776259809.473,9.473,0.26,58.0,0.25,29.0,0.28,45.0,0.29,70.0,0.72,15.0,0.71,70.0,0.73,6.53,0.74,94.0,0.02,0.01,2331.36255,1776259808000
1776259809.787,9.787,0.25,29.0,0.24,41.0,0.27,150.0,0.28,15.0,0.72,45.0,0.71,70.0,0.74,58.0,0.75,29.0,0.02,0.02,2331.36255,1776259808000
1776259810.029,10.029,0.24,30.36,0.23,17.0,0.26,25.0,0.27,140.0,0.73,150.0,0.72,15.0,0.75,29.0,0.76,41.0,0.02,0.02,2331.36255,1776259808000
1776259810.321,10.321,0.24,5.36,0.23,17.0,0.25,20.0,0.26,15.0,0.75,20.0,0.74,15.0,0.76,5.36,0.77,17.0,0.01,0.01,2331.240104,1776259809000
1776259810.652,10.652,0.21,799.21,0.2,10.0,0.25,15.0,0.26,20.0,0.75,20.0,0.74,20.0,0.77,1.29,0.79,821.0,0.04,0.02,2331.240104,1776259809000
1776259810.891,10.891,0.21,838.61,0.2,15.0,0.24,10.0,0.25,15.0,0.75,15.0,0.74,20.0,0.79,799.21,0.8,10.0,0.03,0.04,2331.240104,1776259809000
1776259811.109,11.109,0.24,76.84,0.21,131.0,0.25,6.52,0.26,45.0,0.75,11.52,0.74,50.0,0.76,90.0,0.79,843.61,0.01,0.01,2331.240104,1776259809000
1776259811.337,11.337,0.24,72.93,0.23,100.0,0.26,45.0,0.27,120.0,0.75,6.52,0.74,45.0,0.76,72.93,0.77,100.0,0.02,0.01,2331.240104,1776259809000
1776259811.538,11.538,0.26,25.0,0.24,70.49,0.27,15.0,0.28,15.0,0.74,15.0,0.73,15.0,0.76,65.49,0.77,100.0,0.01,0.02,2330.109882,1776259810000
1776259811.76,11.76,0.26,4.31,0.25,105.0,0.27,7.59,0.28,15.0,0.73,7.59,0.72,15.0,0.74,0.67,0.75,105.0,0.01,0.01,2330.109882,1776259810000
1776259812.015,12.015,0.24,65.49,0.23,105.0,0.26,20.0,0.27,7.59,0.74,10.0,0.73,7.59,0.75,99.33,0.76,170.49,0.02,0.01,2329.94986,1776259811000
1776259812.381,12.381,0.24,49.33,0.23,115.0,0.26,15.0,0.27,10.0,0.75,10.0,0.74,20.0,0.76,63.33,0.77,105.0,0.02,0.01,2329.94986,1776259811000
1776259812.644,12.644,0.28,10.0,0.27,10.0,0.3,6.93,0.32,66.0,0.71,15.0,0.7,22.0,0.76,53.33,0.77,115.0,0.02,0.05,2329.94986,1776259811000
1776259812.851,12.851,0.31,66.12,0.3,31.0,0.32,76.0,0.33,5.0,0.68,66.0,0.67,5.0,0.7,26.0,0.71,40.0,0.01,0.02,2329.94986,1776259811000
1776259813.071,13.071,0.31,5.0,0.3,17.0,0.33,8.5,0.34,10.0,0.68,8.65,0.67,10.0,0.69,56.12,0.7,28.0,0.02,0.01,2329.94986,1776259811000
1776259813.461,13.461,0.31,4.92,0.3,22.0,0.32,20.5,0.33,20.5,0.67,8.5,0.66,10.0,0.69,5.0,0.7,17.0,0.01,0.02,2329.88133,1776259812000
1776259813.806,13.806,0.29,21.0,0.28,68.0,0.3,13.83,0.31,30.5,0.67,18.56,0.66,10.0,0.69,4.92,0.7,22.0,0.01,0.02,2329.88133,1776259812000
1776259814.295,14.295,0.29,21.0,0.28,63.0,0.32,48.5,0.33,36.56,0.7,23.86,0.69,38.5,0.71,21.0,0.72,68.0,0.03,0.01,2330.389291,1776259813000
1776259814.569,14.569,0.29,4.96,0.28,99.0,0.3,15.0,0.31,22.0,0.7,25.0,0.69,10.0,0.71,7.0,0.72,63.0,0.01,0.01,2330.389291,1776259813000
1776259814.817,14.817,0.29,8.41,0.28,115.0,0.32,26.2,0.33,78.0,0.69,21.5,0.68,49.0,0.71,3.41,0.72,115.0,0.03,0.02,2330.389291,1776259813000
1776259815.061,15.061,0.29,18.41,0.28,125.0,0.3,29.66,0.31,10.0,0.68,26.2,0.67,78.0,0.71,8.41,0.72,115.0,0.01,0.03,2330.389291,1776259813000
1776259815.551,15.551,0.28,126.0,0.27,18.0,0.29,4.06,0.3,36.0,0.68,27.23,0.67,84.0,0.71,18.41,0.72,136.0,0.01,0.03,2330.964247,1776259814000
1776259815.787,15.787,0.28,156.0,0.27,53.0,0.29,63.98,0.3,69.98,0.7,6.0,0.69,1.25,0.72,126.0,0.73,28.0,0.01,0.02,2330.964247,1776259814000
1776259816.12,16.12,0.28,146.0,0.27,53.0,0.29,74.96,0.3,6.0,0.71,42.98,0.7,6.0,0.72,141.0,0.73,53.0,0.01,0.01,2330.964247,1776259814000
1776259816.327,16.327,0.28,20.0,0.27,33.0,0.29,29.1,0.3,6.0,0.71,55.1,0.7,6.0,0.72,20.0,0.73,33.0,0.01,0.01,2330.74775,1776259815000
1776259816.706,16.706,0.29,10.0,0.28,15.0,0.3,69.34,0.31,15.0,0.68,9.0,0.67,142.35,0.71,15.0,0.72,20.0,0.01,0.03,2330.74775,1776259815000
1776259817.087,17.087,0.29,10.0,0.28,20.0,0.3,23.74,0.31,106.01,0.7,71.03,0.69,5.0,0.72,15.0,0.73,28.0,0.01,0.02,2330.74775,1776259815000
1776259818.446,18.446,0.29,150.5,0.28,20.0,0.33,1.0,0.36,75.78,0.7,23.74,0.69,106.01,0.71,10.0,0.72,20.0,0.04,0.01,2330.620266,1776259817000
1776259818.668,18.668,0.41,45.0,0.35,24.18,0.45,94.95,0.46,15.0,0.55,94.95,0.54,15.0,0.65,24.18,0.67,14.15,0.04,0.1,2330.620266,1776259817000
1776259818.934,18.934,0.35,11.9,0.34,16.0,0.37,15.0,0.38,10.0,0.57,28.89,0.56,3.64,0.64,11.0,0.65,20.9,0.02,0.07,2330.620266,1776259817000
1776259819.186,19.186,0.36,15.0,0.35,10.0,0.38,10.0,0.39,10.0,0.63,11.73,0.62,10.0,0.65,10.0,0.66,26.0,0.02,0.02,2330.45295,1776259818000
1776259819.423,19.423,0.36,4.35,0.35,10.0,0.39,10.0,0.4,0.96,0.62,10.0,0.6,0.96,0.63,3.73,0.64,10.62,0.03,0.01,2330.45295,1776259818000
1776259819.646,19.646,0.33,24.49,0.32,26.0,0.36,2.08,0.37,78.98,0.65,6.0,0.64,5.0,0.67,24.49,0.68,26.0,0.03,0.02,2330.45295,1776259818000
1776259819.86,19.86,0.37,4.0,0.36,10.0,0.38,83.13,0.39,13.0,0.62,5.0,0.61,113.0,0.64,10.0,0.65,10.0,0.01,0.02,2330.45295,1776259818000
1776259820.289,20.289,0.37,65.92,0.36,83.0,0.38,83.13,0.39,5.0,0.62,83.13,0.61,13.0,0.63,4.0,0.64,10.0,0.01,0.01,2330.45295,1776259818000
1776259820.681,20.681,0.37,69.33,0.36,83.0,0.38,78.13,0.39,5.0,0.62,83.13,0.61,5.0,0.63,65.92,0.64,83.0,0.01,0.01,2330.45295,1776259818000
1776259821.076,21.076,0.39,36.68,0.38,20.0,0.4,5.0,0.41,15.0,0.61,5.0,0.6,30.0,0.63,69.33,0.64,83.0,0.01,0.02,2331.148683,1776259819000
1776259821.308,21.308,0.4,112.73,0.39,165.18,0.41,10.0,0.44,10.0,0.6,5.0,0.59,15.0,0.61,36.68,0.62,20.0,0.01,0.01,2331.148683,1776259819000
1776259821.565,21.565,0.45,15.0,0.44,10.0,0.47,4.59,0.48,125.0,0.54,60.0,0.53,5.0,0.6,157.73,0.61,165.18,0.02,0.06,2330.88524,1776259820000
1776259822.079,22.079,0.45,110.0,0.44,110.0,0.48,25.0,0.49,76.54,0.52,99.29,0.51,105.0,0.53,10.0,0.54,10.0,0.03,0.01,2330.90924,1776259821000
1776259822.538,22.538,0.46,10.0,0.45,10.0,0.48,160.59,0.49,212.04,0.52,25.0,0.51,76.54,0.55,76.3,0.56,110.0,0.02,0.03,2330.90924,1776259821000
1776259822.884,22.884,0.46,5.0,0.45,10.0,0.47,140.39,0.48,140.09,0.53,20.39,0.52,155.09,0.54,10.0,0.55,20.5,0.01,0.01,2330.90924,1776259821000
1776259823.271,23.271,0.45,25.43,0.44,25.5,0.46,129.9,0.47,200.54,0.53,210.54,0.52,145.09,0.55,15.43,0.56,20.5,0.01,0.02,2331.669724,1776259822000
1776259823.712,23.712,0.44,17.91,0.43,15.0,0.45,15.0,0.46,115.0,0.54,129.9,0.53,200.54,0.58,40.85,0.59,82.5,0.01,0.04,2331.669724,1776259822000
1776259824.377,24.377,0.42,52.98,0.41,62.5,0.43,30.0,0.44,83.49,0.55,15.0,0.54,115.0,0.56,17.91,0.57,15.0,0.01,0.01,2331.669724,1776259822000
1776259824.936,24.936,0.43,5.0,0.42,122.98,0.46,5.0,0.47,125.39,0.57,30.0,0.56,83.49,0.58,52.98,0.59,62.5,0.03,0.01,2332.131823,1776259823000
1776259825.166,25.166,0.45,36.28,0.44,30.5,0.46,77.42,0.47,130.39,0.54,5.0,0.53,125.39,0.57,5.0,0.58,122.98,0.01,0.03,2332.131823,1776259823000
1776259826.351,26.351,0.38,25.0,0.37,15.0,0.42,25.5,0.43,145.5,0.54,77.42,0.53,130.39,0.55,32.14,0.56,30.5,0.04,0.01,2331.986063,1776259825000
1776259827.299,27.299,0.37,22.74,0.36,218.0,0.38,35.5,0.39,35.5,0.58,25.5,0.57,145.5,0.62,25.0,0.63,15.0,0.01,0.04,2332.157572,1776259826000
1776259827.526,27.526,0.37,22.74,0.36,193.0,0.38,22.5,0.39,35.5,0.62,35.5,0.61,35.5,0.63,22.74,0.64,218.0,0.01,0.01,2332.157572,1776259826000
1776259827.888,27.888,0.36,165.0,0.35,98.0,0.37,19.04,0.38,20.5,0.62,25.5,0.61,40.5,0.63,3.05,0.64,173.0,0.01,0.01,2332.157572,1776259826000
1776259828.416,28.416,0.35,100.0,0.34,161.01,0.36,71.5,0.37,17.58,0.63,17.58,0.62,20.5,0.65,92.0,0.66,156.01,0.01,0.02,2331.772485,1776259827000
1776259828.719,28.719,0.35,37.0,0.34,171.51,0.36,16.5,0.37,7.58,0.64,56.5,0.63,17.58,0.65,13.0,0.66,136.01,0.01,0.01,2331.772485,1776259827000
1776259829.012,29.012,0.35,107.5,0.34,204.51,0.38,10.5,0.39,40.0,0.64,16.5,0.63,7.58,0.65,37.0,0.66,171.51,0.03,0.01,2331.690261,1776259828000
1776259829.315,29.315,0.37,102.0,0.36,26.84,0.38,5.5,0.39,55.0,0.62,5.5,0.61,50.0,0.63,20.0,0.64,13.84,0.01,0.01,2331.690261,1776259828000
1776259829.818,29.818,0.37,47.71,0.36,29.34,0.38,10.5,0.39,60.0,0.61,55.0,0.6,91.61,0.63,63.5,0.64,37.34,0.01,0.02,2331.690261,1776259828000
1776259830.092,30.092,0.37,48.21,0.36,29.34,0.39,49.5,0.4,91.61,0.62,10.5,0.61,60.0,0.63,47.71,0.64,29.34,0.02,0.01,2331.690261,1776259828000
1776259830.376,30.376,0.38,74.0,0.37,39.5,0.39,49.5,0.42,21.0,0.61,49.5,0.58,5.0,0.62,68.0,0.63,39.5,0.01,0.01,2331.544576,1776259829000
1776259830.827,30.827,0.37,9.5,0.36,15.5,0.39,73.34,0.4,24.0,0.61,38.5,0.59,10.0,0.62,41.0,0.63,30.5,0.02,0.01,2331.544576,1776259829000
1776259831.423,31.423,0.37,197.5,0.36,88.5,0.38,1.5,0.39,23.5,0.61,73.34,0.6,24.0,0.63,9.5,0.64,15.5,0.01,0.02,2331.532006,1776259830000
1776259831.879,31.879,0.41,182.5,0.4,36.0,0.43,10.0,0.44,20.0,0.58,10.0,0.57,34.0,0.6,31.0,0.61,25.5,0.02,0.02,2331.532006,1776259830000
1776259832.175,32.175,0.42,11.0,0.41,76.5,0.43,129.64,0.44,40.5,0.57,15.0,0.56,25.0,0.58,59.5,0.59,111.5,0.01,0.01,2331.532006,1776259830000
1776259832.516,32.516,0.4,15.5,0.39,20.5,0.41,31.0,0.42,140.0,0.57,129.64,0.56,40.5,0.58,11.0,0.59,76.5,0.01,0.01,2331.532006,1776259830000
1776259833.029,33.029,0.38,5.0,0.35,15.0,0.4,66.0,0.41,48.83,0.59,83.17,0.58,153.0,0.6,0.5,0.61,20.5,0.02,0.01,2331.716488,1776259831000
1776259835.793,35.793,0.34,116.01,0.33,105.0,0.35,147.19,0.36,67.5,0.64,5.24,0.63,15.0,0.65,15.0,0.66,201.01,0.01,0.01,2331.914923,1776259833000
1776259836.172,36.172,0.34,92.97,0.33,105.0,0.35,149.04,0.36,140.52,0.65,144.04,0.64,140.52,0.66,121.01,0.67,105.0,0.01,0.01,2331.432336,1776259834000
1776259836.721,36.721,0.34,142.97,0.33,120.0,0.35,42.07,0.36,59.5,0.65,147.22,0.64,140.52,0.66,92.97,0.67,105.0,0.01,0.01,2331.269803,1776259835000
1776259837.468,37.468,0.34,133.97,0.33,105.0,0.35,90.01,0.36,44.5,0.65,42.07,0.64,59.5,0.66,142.97,0.67,120.0,0.01,0.01,2331.219637,1776259836000
1776259839.401,39.401,0.34,126.97,0.33,135.5,0.37,61.0,0.38,15.0,0.65,90.01,0.64,44.5,0.66,133.97,0.67,105.0,0.03,0.01,2331.064413,1776259838000
1776259839.737,39.737,0.36,46.01,0.35,36.5,0.37,19.0,0.38,15.0,0.63,55.0,0.62,5.0,0.64,10.51,0.65,26.0,0.01,0.01,2331.064413,1776259838000
1776259840.199,40.199,0.36,57.51,0.35,6.0,0.37,44.5,0.38,25.5,0.63,19.0,0.62,15.0,0.64,46.01,0.65,36.5,0.01,0.01,2331.064413,1776259838000
1776259841.039,41.039,0.35,44.6,0.34,117.97,0.36,45.5,0.37,129.5,0.63,44.5,0.62,25.5,0.64,57.51,0.65,6.0,0.01,0.01,2330.973043,1776259839000
1776259842.173,42.173,0.34,36.45,0.33,105.0,0.35,158.5,0.36,175.66,0.64,45.5,0.63,129.5,0.65,44.6,0.66,117.97,0.01,0.01,2331.24285,1776259840000
1776259843.723,43.723,0.33,75.0,0.32,165.0,0.35,168.5,0.36,200.45,0.65,158.5,0.64,175.66,0.66,36.45,0.67,105.0,0.02,0.01,2330.959439,1776259842000
1776259844.271,44.271,0.32,35.0,0.31,115.0,0.33,143.22,0.34,121.91,0.65,168.5,0.64,200.45,0.67,75.0,0.68,165.0,0.01,0.02,2330.866517,1776259843000
1776259845.442,45.442,0.29,155.0,0.28,105.0,0.3,131.16,0.31,110.5,0.67,143.22,0.66,121.91,0.68,35.0,0.69,115.0,0.01,0.01,2330.745777,1776259844000
1776259845.998,45.998,0.29,360.5,0.28,173.5,0.3,3.0,0.31,10.0,0.7,131.16,0.69,110.5,0.71,155.0,0.72,105.0,0.01,0.01,2330.745777,1776259844000
1776259846.346,46.346,0.3,229.57,0.29,265.5,0.31,10.0,0.32,3.9,0.68,3.9,0.67,17.63,0.7,138.0,0.71,262.5,0.01,0.02,2330.585677,1776259845000
1776259846.886,46.886,0.3,254.57,0.29,275.0,0.31,0.33,0.32,14.4,0.69,10.0,0.68,3.9,0.7,229.57,0.71,265.5,0.01,0.01,2330.585677,1776259845000
1776259847.63,47.63,0.31,85.0,0.3,161.07,0.34,57.57,0.35,60.01,0.68,14.4,0.67,33.13,0.7,241.57,0.71,270.0,0.03,0.02,2330.367544,1776259846000
1776259847.892,47.892,0.33,96.0,0.32,85.5,0.35,97.67,0.36,25.5,0.66,57.57,0.65,60.01,0.69,85.0,0.7,161.07,0.02,0.03,2330.367544,1776259846000
1776259849.544,49.544,0.34,268.5,0.33,113.5,0.36,73.46,0.37,29.0,0.65,86.1,0.64,10.0,0.66,10.0,0.67,106.5,0.02,0.01,2330.815305,1776259848000
1776259850.726,50.726,0.36,228.26,0.35,114.5,0.37,111.82,0.38,50.0,0.64,73.46,0.63,29.0,0.66,268.5,0.67,113.5,0.01,0.02,2331.003175,1776259849000
1776259851.084,51.084,0.36,266.57,0.35,144.5,0.38,4.0,0.39,63.0,0.63,106.82,0.62,50.0,0.64,236.57,0.65,136.5,0.02,0.01,2331.003175,1776259849000
1776259851.67,51.67,0.38,127.06,0.37,119.5,0.39,73.0,0.4,30.0,0.62,4.0,0.61,63.0,0.64,266.57,0.65,144.5,0.01,0.02,2331.43235,1776259850000
1776259853.32,53.32,0.38,139.93,0.37,116.5,0.39,58.0,0.4,40.0,0.61,73.0,0.6,30.0,0.62,127.06,0.63,119.5,0.01,0.01,2331.66745,1776259851000
1776259854.074,54.074,0.38,36.93,0.37,75.0,0.39,224.78,0.4,105.5,0.61,58.0,0.6,40.0,0.62,139.93,0.63,116.5,0.01,0.01,2331.703782,1776259853000
1776259854.752,54.752,0.37,69.68,0.36,55.0,0.38,49.5,0.39,191.28,0.61,224.78,0.6,105.5,0.62,36.93,0.63,75.0,0.01,0.01,2331.703782,1776259853000
1776259854.985,54.985,0.37,152.09,0.36,88.5,0.38,5.0,0.39,105.78,0.62,49.5,0.61,191.28,0.63,69.68,0.64,55.0,0.01,0.01,2331.703782,1776259853000
1776259856.998,56.998,0.37,60.0,0.36,50.0,0.38,151.28,0.39,196.28,0.62,5.0,0.61,105.78,0.63,152.09,0.64,88.5,0.01,0.01,2331.577664,1776259855000
1776259858.187,58.187,0.37,55.0,0.36,55.0,0.38,124.09,0.39,194.65,0.62,151.28,0.61,196.28,0.63,60.0,0.64,50.0,0.01,0.01,2331.551612,1776259857000
1776259858.738,58.738,0.36,55.0,0.35,85.0,0.38,119.09,0.39,194.65,0.62,124.09,0.61,194.65,0.63,55.0,0.64,55.0,0.02,0.01,2331.551612,1776259857000
1776259860.362,60.362,0.36,54.92,0.35,85.0,0.37,54.0,0.38,96.5,0.62,119.09,0.61,194.65,0.64,55.0,0.65,85.0,0.01,0.02,2331.420332,1776259859000
1776259860.665,60.665,0.36,19.16,0.35,80.0,0.37,64.0,0.38,96.5,0.63,54.0,0.62,96.5,0.64,54.92,0.65,85.0,0.01,0.01,2331.420332,1776259859000
1776259861.091,61.091,0.36,6.16,0.35,85.0,0.37,56.0,0.38,138.15,0.63,56.0,0.62,138.15,0.64,14.16,0.65,80.0,0.01,0.01,2331.420332,1776259859000
1776259861.623,61.623,0.35,35.0,0.34,99.71,0.36,122.27,0.37,90.5,0.63,56.0,0.62,138.15,0.64,6.16,0.65,85.0,0.01,0.01,2331.389583,1776259860000
1776259861.901,61.901,0.34,92.25,0.33,40.15,0.35,5.0,0.36,287.37,0.64,122.27,0.63,90.5,0.65,35.0,0.66,99.71,0.01,0.01,2331.389583,1776259860000
1776259862.119,62.119,0.34,50.8,0.33,40.15,0.35,260.38,0.36,181.27,0.65,260.38,0.64,181.27,0.66,58.15,0.67,40.15,0.01,0.01,2331.38247,1776259861000
1776259863.654,63.654,0.25,45.0,0.24,20.0,0.26,74.5,0.27,30.5,0.67,198.62,0.66,181.5,0.7,100.0,0.71,95.0,0.01,0.03,2331.376675,1776259862000
1776259864.538,64.538,0.23,105.0,0.22,215.0,0.24,126.16,0.25,174.39,0.75,5.0,0.74,49.5,0.76,20.0,0.77,200.0,0.01,0.01,2331.376675,1776259862000
1776259864.745,64.745,0.22,45.25,0.21,171.0,0.23,74.5,0.24,91.4,0.76,100.4,0.75,174.39,0.77,80.0,0.78,215.0,0.01,0.01,2331.376675,1776259862000
1776259865.047,65.047,0.22,40.72,0.21,71.0,0.23,81.87,0.24,60.5,0.77,74.5,0.76,76.4,0.78,15.72,0.79,171.0,0.01,0.01,2330.363079,1776259863000
1776259865.292,65.292,0.2,98.95,0.19,337.0,0.21,64.5,0.22,15.0,0.79,81.93,0.77,54.5,0.8,87.0,0.81,337.0,0.01,0.01,2330.363079,1776259863000
1776259865.567,65.567,0.2,65.05,0.19,137.0,0.21,1.47,0.22,15.0,0.79,0.5,0.78,15.0,0.8,60.05,0.81,137.0,0.01,0.01,2330.069235,1776259864000
1776259866.702,66.702,0.21,104.73,0.2,70.05,0.22,35.5,0.23,75.5,0.79,1.47,0.78,15.0,0.8,60.05,0.81,147.5,0.01,0.01,2329.666649,1776259865000
1776259867.314,67.314,0.17,296.05,0.16,305.0,0.21,25.0,0.22,10.0,0.78,35.5,0.77,75.5,0.79,104.73,0.8,70.05,0.04,0.01,2329.666649,1776259865000
1776259867.534,67.534,0.2,275.0,0.19,60.0,0.22,10.0,0.23,20.0,0.79,25.0,0.78,10.0,0.83,296.05,0.84,305.0,0.02,0.04,2329.666649,1776259865000
1776259867.812,67.812,0.22,9.71,0.21,185.0,0.23,21.5,0.24,30.5,0.77,15.0,0.76,25.5,0.78,3.71,0.79,138.0,0.01,0.01,2329.535584,1776259866000
1776259868.027,68.027,0.22,40.0,0.21,160.0,0.23,91.5,0.24,80.5,0.77,31.5,0.76,80.5,0.78,5.0,0.79,155.0,0.01,0.01,2329.535584,1776259866000
1776259868.264,68.264,0.22,23.14,0.21,155.0,0.23,81.5,0.24,75.5,0.77,86.0,0.76,80.5,0.78,60.0,0.79,175.0,0.01,0.01,2329.535584,1776259866000
1776259869.032,69.032,0.19,3.98,0.18,10.0,0.2,5.0,0.21,26.5,0.77,116.5,0.76,75.5,0.78,20.25,0.8,35.0,0.01,0.01,2329.558935,1776259868000
1776259869.612,69.612,0.19,43.98,0.18,10.0,0.2,54.0,0.21,86.5,0.8,5.0,0.79,26.5,0.81,3.98,0.82,10.0,0.01,0.01,2329.558935,1776259868000
1776259870.259,70.259,0.17,315.49,0.16,310.09,0.19,20.5,0.2,80.5,0.82,252.71,0.8,60.5,0.83,296.64,0.84,312.5,0.02,0.01,2329.558935,1776259868000
1776259870.508,70.508,0.18,51.39,0.17,341.55,0.19,45.5,0.2,90.5,0.81,20.5,0.8,80.5,0.83,315.49,0.84,310.09,0.01,0.02,2329.736409,1776259869000
1776259871.2,71.2,0.18,14.39,0.17,321.55,0.19,125.5,0.2,90.5,0.81,45.5,0.8,90.5,0.82,51.39,0.83,341.55,0.01,0.01,2329.736409,1776259869000
1776259871.449,71.449,0.18,8.78,0.17,321.55,0.19,125.56,0.2,90.5,0.81,125.5,0.8,90.5,0.82,14.39,0.83,321.55,0.01,0.01,2329.736409,1776259869000
1776259872.002,72.002,0.18,18.39,0.17,316.55,0.19,90.5,0.2,178.51,0.81,125.56,0.8,90.5,0.82,1.78,0.83,321.55,0.01,0.01,2329.613312,1776259870000
1776259872.973,72.973,0.18,108.61,0.17,56.55,0.2,173.51,0.21,81.5,0.81,108.5,0.8,178.51,0.82,46.79,0.83,316.55,0.02,0.01,2329.547595,1776259871000
1776259874.116,74.116,0.18,10.0,0.17,51.55,0.19,357.38,0.2,203.51,0.8,173.51,0.79,81.5,0.82,108.61,0.83,56.55,0.01,0.02,2329.518371,1776259872000
1776259874.672,74.672,0.18,23.8,0.17,51.55,0.19,82.66,0.2,168.51,0.81,357.38,0.8,203.51,0.82,10.0,0.83,51.55,0.01,0.01,2329.518371,1776259872000
1776259875.899,75.899,0.16,185.0,0.15,221.0,0.17,16.45,0.18,460.08,0.81,82.66,0.8,168.51,0.82,23.8,0.83,51.55,0.01,0.01,2329.511275,1776259874000
1776259876.365,76.365,0.16,10.0,0.15,71.0,0.17,112.95,0.18,106.59,0.83,16.45,0.82,460.08,0.84,185.0,0.85,221.0,0.01,0.01,2329.485422,1776259875000
1776259876.719,76.719,0.16,10.0,0.15,71.0,0.17,130.32,0.18,161.03,0.83,112.95,0.82,106.59,0.84,10.0,0.85,71.0,0.01,0.01,2329.485422,1776259875000
1776259878.103,78.103,0.15,22.67,0.14,10.0,0.16,115.5,0.17,205.68,0.83,1861.24,0.82,324.35,0.85,69.07,0.86,180.0,0.01,0.02,2329.168966,1776259876000
1776259878.372,78.372,0.14,10.0,0.13,45.0,0.15,5.93,0.16,897.23,0.84,115.5,0.83,205.68,0.85,22.67,0.86,10.0,0.01,0.01,2329.168966,1776259876000
1776259878.924,78.924,0.13,10.0,0.12,65.09,0.15,429.86,0.16,307.5,0.85,5.93,0.84,897.23,0.86,10.0,0.87,45.0,0.02,0.01,2328.855242,1776259877000
1776259879.472,79.472,0.12,12.55,0.11,170.0,0.13,98.8,0.14,233.14,0.86,184.91,0.85,454.86,0.88,53.95,0.89,195.0,0.01,0.02,2328.855242,1776259877000
1776259880.022,80.022,0.09,10.0,0.08,190.8,0.1,284.1,0.12,340.6,0.87,103.03,0.86,209.91,0.89,85.0,0.9,150.0,0.01,0.02,2328.77647,1776259878000
1776259880.34,80.34,0.08,73.25,0.07,260.0,0.09,10.0,0.1,91.23,0.9,96.23,0.89,65.0,0.91,3.91,0.92,190.8,0.01,0.01,2328.77647,1776259878000
1776259880.609,80.609,0.08,0.14,0.07,85.0,0.09,163.04,0.1,86.23,0.91,109.04,0.9,91.23,0.92,12.76,0.93,235.0,0.01,0.01,2328.310119,1776259879000
1776259880.836,80.836,0.06,3.67,0.05,115.89,0.09,159.04,0.1,106.23,0.91,175.04,0.9,106.23,0.92,19.94,0.93,88.73,0.03,0.01,2328.310119,1776259879000
1776259881.067,81.067,0.06,47.84,0.05,115.89,0.07,99.0,0.08,10.0,0.91,159.04,0.9,106.23,0.94,3.67,0.95,115.89,0.01,0.03,2328.310119,1776259879000
1776259881.552,81.552,0.06,31.01,0.05,115.89,0.07,80.26,0.08,66.04,0.93,118.48,0.92,65.0,0.94,31.01,0.95,115.89,0.01,0.01,2327.875259,1776259880000
1776259881.836,81.836,0.04,469.55,0.03,877.69,0.05,956.1,0.06,23.0,0.95,905.1,0.93,91.26,0.96,451.3,0.97,877.69,0.01,0.01,2327.875259,1776259880000
1776259882.31,82.31,0.04,365.75,0.03,847.69,0.05,708.1,0.06,60.0,0.95,765.1,0.94,23.0,0.96,469.55,0.97,877.69,0.01,0.01,2327.224846,1776259881000
1776259882.708,82.708,0.04,342.37,0.03,818.69,0.05,139.1,0.06,60.0,0.95,708.1,0.94,60.0,0.96,362.62,0.97,847.69,0.01,0.01,2327.224846,1776259881000
1776259883.085,83.085,0.04,476.01,0.03,830.69,0.05,149.1,0.06,60.0,0.95,139.1,0.94,60.0,0.96,287.37,0.97,823.69,0.01,0.01,2327.224846,1776259881000
1776259883.358,83.358,0.04,1056.53,0.03,682.7,0.07,65.26,0.08,55.0,0.95,149.1,0.94,60.0,0.96,476.01,0.97,830.69,0.03,0.01,2327.224846,1776259881000
1776259883.62,83.62,0.06,17.0,0.05,122.0,0.07,17.0,0.08,55.0,0.93,45.26,0.92,55.0,0.96,1056.53,0.97,682.7,0.01,0.03,2327.224846,1776259881000
1776259884.019,84.019,0.07,50.95,0.06,15.0,0.08,60.35,0.09,55.0,0.92,55.0,0.91,164.04,0.94,15.0,0.95,172.0,0.01,0.02,2327.224846,1776259881000
1776259884.238,84.238,0.06,47.83,0.05,172.0,0.07,29.16,0.08,0.35,0.93,29.16,0.92,16.35,0.94,15.0,0.95,172.0,0.01,0.01,2326.603766,1776259883000
1776259884.571,84.571,0.05,410.0,0.04,718.76,0.06,106.89,0.08,100.35,0.93,0.16,0.92,0.35,0.94,117.83,0.95,387.0,0.01,0.01,2326.603766,1776259883000
1776259884.833,84.833,0.07,79.67,0.06,167.55,0.09,10.0,0.1,96.35,0.9,91.35,0.89,180.0,0.93,10.0,0.94,10.0,0.02,0.03,2326.603766,1776259883000
1776259885.05,85.05,0.08,3.28,0.07,50.14,0.1,95.35,0.11,180.0,0.9,95.35,0.89,180.0,0.92,5.0,0.93,50.14,0.02,0.02,2326.603766,1776259883000
1776259885.325,85.325,0.07,64.56,0.06,276.55,0.1,50.0,0.11,180.0,0.9,95.35,0.89,180.0,0.92,3.28,0.93,50.14,0.03,0.02,2326.832895,1776259884000
1776259885.738,85.738,0.08,28.36,0.07,69.56,0.09,55.0,0.1,83.8,0.9,33.8,0.89,180.0,0.92,30.0,0.93,64.56,0.01,0.02,2326.832895,1776259884000
1776259885.975,85.975,0.08,10.0,0.07,35.0,0.09,5.0,0.1,95.8,0.91,55.0,0.9,83.8,0.92,0.1,0.93,76.56,0.01,0.01,2326.832895,1776259884000
1776259887.906,87.906,0.07,10.0,0.06,15.0,0.09,81.0,0.1,195.8,0.91,10.0,0.9,95.8,0.92,7.97,0.93,35.0,0.02,0.01,2327.605852,1776259886000
1776259888.18,88.18,0.07,7.84,0.06,15.0,0.08,65.0,0.09,65.0,0.91,81.0,0.9,195.8,0.93,10.0,0.94,15.0,0.01,0.02,2327.816315,1776259887000
1776259888.384,88.384,0.06,17.21,0.05,93.05,0.08,55.0,0.09,65.0,0.92,55.0,0.91,65.0,0.93,2.51,0.94,20.0,0.02,0.01,2327.816315,1776259887000
1776259888.654,88.654,0.07,10.0,0.06,1.94,0.08,64.14,0.09,65.0,0.92,55.0,0.91,65.0,0.94,11.94,0.95,93.05,0.01,0.02,2327.816315,1776259887000
1776259888.891,88.891,0.06,1.94,0.05,30.1,0.07,28.0,0.08,80.14,0.92,64.14,0.91,65.0,0.93,10.0,0.94,1.94,0.01,0.01,2327.816315,1776259887000
1776259889.228,89.228,0.06,1.94,0.05,30.1,0.07,76.0,0.08,80.14,0.93,28.0,0.92,80.14,0.94,1.94,0.95,30.1,0.01,0.01,2327.65927,1776259888000
1776259889.599,89.599,0.06,23.77,0.05,267.1,0.08,149.14,0.09,77.0,0.93,76.0,0.92,80.14,0.94,1.94,0.95,30.1,0.02,0.01,2327.65927,1776259888000
1776259890.261,90.261,0.06,78.77,0.05,264.0,0.08,0.96,0.09,70.0,0.92,149.14,0.91,77.0,0.94,23.77,0.95,267.1,0.02,0.02,2327.65927,1776259888000
1776259890.728,90.728,0.07,65.0,0.06,258.77,0.08,5.51,0.09,65.0,0.92,0.96,0.91,70.0,0.94,78.77,0.95,264.0,0.01,0.02,2327.468344,1776259889000
1776259891.047,91.047,0.08,47.46,0.07,65.0,0.09,10.0,0.1,183.8,0.91,39.89,0.9,83.8,0.93,70.0,0.94,164.77,0.01,0.02,2327.468344,1776259889000
1776259891.79,91.79,0.08,35.6,0.07,60.0,0.09,80.0,0.1,90.8,0.9,73.8,0.89,87.0,0.92,47.24,0.93,144.0,0.01,0.02,2327.257978,1776259890000
1776259891.99,91.99,0.08,83.96,0.07,60.0,0.09,605.54,0.1,180.23,0.91,605.54,0.9,180.23,0.92,83.96,0.93,60.0,0.01,0.01,2327.304519,1776259891000
1776259893.42,93.42,0.06,6.94,0.05,92.31,0.07,90.0,0.08,165.0,0.91,605.54,0.9,180.23,0.92,83.96,0.93,60.0,0.01,0.01,2327.684215,1776259892000
1776259894.172,94.172,0.06,1.67,0.05,85.31,0.07,55.0,0.08,108.9,0.93,90.0,0.92,165.0,0.94,6.94,0.95,92.31,0.01,0.01,2327.684215,1776259892000
1776259894.461,94.461,0.05,50.89,0.04,498.85,0.06,82.33,0.07,134.78,0.94,90.0,0.93,55.0,0.95,50.89,0.96,498.85,0.01,0.01,2327.494313,1776259893000
1776259896.284,96.284,0.05,40.89,0.04,327.37,0.06,84.99,0.07,139.78,0.94,82.33,0.93,134.78,0.95,50.89,0.96,498.85,0.01,0.01,2327.139266,1776259895000
1776259896.491,96.491,0.04,327.37,0.03,1387.22,0.05,49.11,0.06,89.99,0.94,84.99,0.93,139.78,0.95,40.89,0.96,327.37,0.01,0.01,2327.139266,1776259895000
1776259898.767,98.767,0.04,162.62,0.03,362.0,0.05,85.0,0.06,86.99,0.95,49.11,0.94,89.99,0.96,327.37,0.97,1387.22,0.01,0.01,2326.853485,1776259897000
1776259899.009,99.009,0.04,162.62,0.03,362.0,0.05,21.4,0.06,86.99,0.95,75.0,0.94,86.99,0.96,167.62,0.97,362.0,0.01,0.01,2326.853485,1776259897000
1776259899.238,99.238,0.04,156.62,0.03,412.0,0.05,21.4,0.06,86.99,0.95,21.4,0.94,86.99,0.96,156.62,0.97,412.0,0.01,0.01,2326.59,1776259898000
1776259899.538,99.538,0.04,38.62,0.03,412.0,0.05,21.4,0.06,86.99,0.95,21.4,0.94,79.99,0.96,43.62,0.97,417.0,0.01,0.01,2326.59,1776259898000
1776259899.808,99.808,0.04,20.0,0.03,362.0,0.05,47.4,0.06,91.99,0.95,46.4,0.94,91.99,0.96,28.41,0.97,412.0,0.01,0.01,2326.59,1776259898000
1776259900.032,100.032,0.04,10.0,0.03,362.0,0.05,97.4,0.06,91.99,0.95,52.4,0.94,91.99,0.96,15.0,0.97,362.0,0.01,0.01,2326.59,1776259898000
1776259900.311,100.311,0.03,256.0,0.02,896.69,0.04,104.0,0.05,63.8,0.95,63.8,0.94,121.99,0.97,356.0,0.98,1158.69,0.01,0.02,2326.59,1776259898000
1776259900.606,100.606,0.03,289.66,0.02,1075.7,0.04,167.01,0.05,674.98,0.96,104.0,0.95,63.8,0.97,256.0,0.98,896.69,0.01,0.01,2326.14825,1776259899000
1776259900.909,100.909,0.03,204.66,0.02,1138.53,0.04,158.81,0.05,60.0,0.96,162.01,0.95,674.98,0.97,189.66,0.98,1075.7,0.01,0.01,2326.14825,1776259899000
1776259901.411,101.411,0.05,55.0,0.04,65.0,0.06,23.99,0.07,240.08,0.94,121.19,0.93,149.78,0.97,204.66,0.98,1167.53,0.01,0.03,2326.2159,1776259900000
1776259902.297,102.297,0.03,126.0,0.02,1153.52,0.05,1255.89,0.06,288.51,0.94,23.99,0.93,240.08,0.96,20.0,0.97,249.66,0.02,0.02,2326.023135,1776259901000
1776259903.483,103.483,0.02,715.52,0.01,3042.76,0.03,34.0,0.04,818.79,0.95,1255.89,0.94,288.51,0.97,126.0,0.98,1153.52,0.01,0.02,2325.784676,1776259902000
1776259903.877,103.877,0.02,700.52,0.01,3301.74,0.03,213.54,0.04,157.0,0.97,34.0,0.96,818.79,0.98,715.52,0.99,3042.76,0.01,0.01,2325.784676,1776259902000
1776259904.278,104.278,0.02,751.02,0.01,3301.74,0.03,242.34,0.04,157.0,0.97,248.54,0.96,157.0,0.98,695.52,0.99,3301.74,0.01,0.01,2325.784676,1776259902000
1776259904.71,104.71,0.02,751.02,0.01,3301.74,0.04,50.5,0.05,77.0,0.97,242.34,0.96,157.0,0.98,751.02,0.99,3301.74,0.02,0.01,2325.668982,1776259903000
1776259905.538,105.538,0.02,690.46,0.01,3700.32,0.04,125.5,0.05,82.0,0.96,60.5,0.95,77.0,0.97,45.0,0.98,746.02,0.02,0.01,2325.55609,1776259904000
1776259906.199,106.199,0.02,745.96,0.01,3726.32,0.03,86.74,0.04,127.5,0.96,125.5,0.95,82.0,0.98,690.46,0.99,3700.32,0.01,0.02,2325.17042,1776259905000
1776259906.58,106.58,0.02,520.94,0.01,3158.96,0.03,929.74,0.04,448.19,0.97,86.74,0.96,127.5,0.98,745.96,0.99,3726.32,0.01,0.01,2325.17042,1776259905000
1776259907.362,107.362,0.02,519.81,0.01,3148.96,0.03,147.05,0.04,107.5,0.97,929.74,0.96,448.19,0.98,520.94,0.99,3158.96,0.01,0.01,2325.247828,1776259906000
1776259907.58,107.58,0.02,504.81,0.01,3170.79,0.03,162.05,0.04,92.99,0.97,147.05,0.96,107.5,0.98,519.81,0.99,3148.96,0.01,0.01,2325.247828,1776259906000
1776259907.951,107.951,0.02,488.69,0.01,3148.96,0.03,186.94,0.04,147.03,0.97,142.94,0.96,92.99,0.98,498.69,0.99,3148.96,0.01,0.01,2325.10619,1776259907000
1776259908.242,108.242,0.02,483.69,0.01,2879.8,0.03,912.94,0.04,737.86,0.97,186.94,0.96,147.03,0.98,488.69,0.99,3148.96,0.01,0.01,2325.10619,1776259907000
1776259910.018,110.018,0.02,534.19,0.01,2902.8,0.03,988.47,0.04,446.45,0.97,912.94,0.96,737.86,0.98,483.69,0.99,2879.8,0.01,0.01,2324.525955,1776259908000
1776259914.299,114.299,0.02,479.19,0.01,2962.8,0.03,576.47,0.04,513.4,0.97,988.47,0.96,446.45,0.98,534.19,0.99,2902.8,0.01,0.01,2323.200847,1776259912000
1776259914.688,114.688,0.02,397.69,0.01,2962.8,0.03,598.51,0.04,127.99,0.97,576.47,0.96,513.4,0.98,479.19,0.99,2962.8,0.01,0.01,2323.200847,1776259912000
1776259914.98,114.98,0.02,392.69,0.01,2962.8,0.03,609.51,0.04,112.76,0.97,598.51,0.96,127.99,0.98,397.69,0.99,2962.8,0.01,0.01,2323.282927,1776259913000
1776259918.366,118.366,0.02,382.69,0.01,3371.38,0.03,668.23,0.04,134.99,0.97,609.51,0.96,112.76,0.98,387.69,0.99,2962.8,0.01,0.01,2323.54247,1776259917000
1776259919.172,119.172,0.02,47.96,0.01,3059.8,0.03,619.47,0.04,123.99,0.97,668.23,0.96,134.99,0.98,382.69,0.99,3371.38,0.01,0.01,2323.54247,1776259917000
1776259919.397,119.397,0.02,65.5,0.01,3116.8,0.03,609.47,0.04,112.99,0.97,619.47,0.96,123.99,0.98,4.47,0.99,3059.8,0.01,0.01,2323.652168,1776259918000
1776259919.79,119.79,0.01,3192.44,,,0.02,102.0,0.03,604.47,0.97,604.47,0.96,112.99,0.99,3101.44,,,0.01,0.02,2323.652168,1776259918000
1776259920.073,120.073,0.02,0.95,0.01,3187.44,0.03,592.47,0.04,116.99,0.97,604.47,0.96,117.99,0.99,3192.44,,,0.01,0.02,2323.652168,1776259918000
1776259920.614,120.614,0.02,241.91,0.01,3345.44,0.03,608.47,0.04,91.0,0.97,592.47,0.96,116.99,0.98,0.95,0.99,3187.44,0.01,0.01,2323.581012,1776259919000
1776259921.323,121.323,0.01,3359.37,,,0.02,85.0,0.03,633.47,0.97,608.47,0.96,91.0,0.98,241.91,0.99,3345.44,0.01,0.01,2323.838333,1776259920000
1776259921.908,121.908,0.01,3809.76,,,0.02,50.0,0.03,598.47,0.98,85.0,0.97,633.47,0.99,3657.95,,,0.01,0.01,2323.838333,1776259920000
1776259922.164,122.164,0.01,3422.03,,,0.02,50.0,0.03,598.47,0.98,50.0,0.97,598.47,0.99,3483.03,,,0.01,0.01,2324.084273,1776259921000
1776259922.408,122.408,0.01,3847.37,,,0.03,598.47,0.04,81.0,0.98,50.0,0.97,598.47,0.99,3422.03,,,0.02,0.01,2324.084273,1776259921000
1776259922.655,122.655,0.02,100.83,0.01,3199.94,0.03,486.47,0.04,31.0,0.97,598.47,0.96,81.0,0.99,3847.37,,,0.01,0.02,2324.084273,1776259921000
1776259922.989,122.989,0.02,160.48,0.01,3199.94,0.03,438.47,0.04,31.0,0.97,430.47,0.96,31.0,0.98,107.48,0.99,3199.94,0.01,0.01,2324.084273,1776259921000
1776259923.664,123.664,0.02,298.54,0.01,3312.69,0.03,484.47,0.04,51.5,0.97,438.47,0.96,31.0,0.98,160.48,0.99,3199.94,0.01,0.01,2323.885668,1776259922000
1776259923.99,123.99,0.02,26.55,0.01,2921.28,0.03,584.47,0.04,136.5,0.97,484.47,0.96,145.2,0.98,292.54,0.99,3114.94,0.01,0.01,2323.885668,1776259922000
1776259925.009,125.009,0.01,3411.29,,,0.02,19.45,0.03,594.47,0.98,73.45,0.97,584.47,0.99,2921.28,,,0.01,0.01,2324.305137,1776259924000
1776259925.979,125.979,0.01,3507.19,,,0.03,561.43,0.04,121.5,0.97,551.43,0.96,220.2,0.99,3416.29,,,0.02,0.02,2324.305137,1776259924000
1776259926.345,126.345,0.01,3398.1,,,0.03,576.43,0.04,131.5,0.97,561.43,0.96,121.5,0.99,3507.19,,,0.02,0.02,2323.82486,1776259925000
1776259926.784,126.784,0.01,3378.91,,,0.03,571.43,0.04,96.5,0.97,576.43,0.96,131.5,0.99,3398.1,,,0.02,0.02,2323.82486,1776259925000
1776259927.963,127.963,0.02,10.0,0.01,2955.57,0.03,538.15,0.04,230.2,0.97,487.76,0.96,91.5,0.99,3293.32,,,0.01,0.02,2323.769431,1776259926000
1776259929.802,129.802,0.02,110.0,0.01,2949.57,0.03,428.15,0.04,185.2,0.97,538.15,0.96,230.2,0.98,10.0,0.99,2955.57,0.01,0.01,2323.99849,1776259927000
1776259930.147,130.147,0.02,5.0,0.01,2949.57,0.03,418.15,0.04,230.2,0.97,428.15,0.96,185.2,0.98,110.0,0.99,2949.57,0.01,0.01,2323.986226,1776259928000
1776259930.414,130.414,0.02,45.0,0.01,3171.66,0.03,398.15,0.04,185.2,0.97,418.15,0.96,230.2,0.98,45.0,0.99,2965.38,0.01,0.01,2323.986226,1776259928000
1776259930.976,130.976,0.01,3151.66,,,0.02,176.13,0.03,246.76,0.97,398.15,0.96,185.2,0.98,45.0,0.99,3171.66,0.01,0.01,2323.877694,1776259929000
1776259931.407,131.407,0.01,3151.66,,,0.02,97.13,0.03,231.76,0.98,176.13,0.97,246.76,0.99,3151.66,,,0.01,0.01,2323.877694,1776259929000
1776259932.478,132.478,0.01,2399.23,,,0.02,342.75,0.03,365.46,0.98,97.13,0.97,231.76,0.99,3151.66,,,0.01,0.01,2323.966812,1776259931000
1776259932.84,132.84,0.01,2776.9,,,0.02,268.75,0.03,365.46,0.98,268.75,0.97,365.46,0.99,2488.13,,,0.01,0.01,2323.966812,1776259931000
1776259933.895,133.895,0.01,2754.08,,,0.02,34.6,0.03,236.76,0.98,268.75,0.97,365.46,0.99,2776.9,,,0.01,0.01,2323.908492,1776259932000
1776259934.357,134.357,0.01,2600.51,,,0.02,34.6,0.03,360.46,0.98,34.6,0.97,236.76,0.99,2679.79,,,0.01,0.01,2323.908492,1776259932000
1776259934.631,134.631,0.01,2922.32,,,0.02,29.6,0.03,180.76,0.98,34.6,0.97,360.46,0.99,2600.51,,,0.01,0.01,2323.908492,1776259932000
1776259935.118,135.118,0.01,2905.49,,,0.02,19.6,0.03,180.76,0.98,29.6,0.97,180.76,0.99,2921.3,,,0.01,0.01,2323.530343,1776259933000
1776259935.812,135.812,0.01,2029.42,,,0.02,19.6,0.03,280.76,0.98,19.6,0.97,180.76,0.99,2905.49,,,0.01,0.01,2323.342495,1776259934000
1776259936.105,136.105,0.01,2022.42,,,0.02,116.4,0.03,280.76,0.98,19.6,0.97,280.76,0.99,2029.42,,,0.01,0.01,2323.342495,1776259934000
1776259936.843,136.843,0.01,2425.93,,,0.02,136.4,0.03,330.76,0.98,116.4,0.97,280.76,0.99,2022.42,,,0.01,0.01,2324.182505,1776259935000
1776259937.179,137.179,0.01,1816.12,,,0.02,149.5,0.03,460.46,0.98,141.4,0.97,336.76,0.99,2423.4,,,0.01,0.01,2324.182505,1776259935000
1776259937.575,137.575,0.01,1670.32,,,0.02,129.5,0.03,460.46,0.98,149.5,0.97,460.46,0.99,1816.12,,,0.01,0.01,2324.66393,1776259936000
1776259938.481,138.481,0.01,1709.37,,,0.02,225.25,0.03,460.46,0.98,129.5,0.97,460.46,0.99,1670.32,,,0.01,0.01,2324.67445,1776259937000
1776259939.638,139.638,0.01,1201.96,,,0.02,205.25,0.03,491.16,0.98,225.25,0.97,460.46,0.99,1709.37,,,0.01,0.01,2324.552296,1776259938000
1776259940.812,140.812,0.01,1123.96,,,0.02,195.25,0.03,496.16,0.98,205.25,0.97,491.16,0.99,1201.96,,,0.01,0.01,2324.280951,1776259939000
1776259942.292,142.292,0.01,1198.96,,,0.02,188.71,0.03,496.16,0.98,195.25,0.97,496.16,0.99,1123.96,,,0.01,0.01,2323.965158,1776259940000
1776259943.847,143.847,0.01,1217.16,,,0.02,188.71,0.03,491.16,0.98,188.71,0.97,496.16,0.99,1198.96,,,0.01,0.01,2323.86476,1776259942000
1776259944.385,144.385,0.01,1707.57,,,0.02,183.81,0.03,485.16,0.98,188.71,0.97,491.16,0.99,1227.16,,,0.01,0.01,2323.903922,1776259943000
1776259944.639,144.639,0.01,2090.34,,,0.02,99.81,0.03,485.16,0.98,183.81,0.97,485.16,0.99,1707.57,,,0.01,0.01,2323.903922,1776259943000
1776259944.904,144.904,0.01,900.16,,,0.02,199.81,0.03,526.16,0.98,99.81,0.97,485.16,0.99,2090.34,,,0.01,0.01,2323.903922,1776259943000
1776259945.11,145.11,0.01,925.42,,,0.02,115.81,0.03,491.16,0.98,120.81,0.97,526.16,0.99,895.16,,,0.01,0.01,2323.903922,1776259943000
1776259945.7,145.7,0.01,1443.0,,,0.02,12.33,0.03,491.16,0.98,115.81,0.97,491.16,0.99,925.42,,,0.01,0.01,2324.247965,1776259944000
1776259946.346,146.346,0.01,753.52,,,0.02,157.69,0.03,491.16,0.98,12.33,0.97,491.16,0.99,1443.0,,,0.01,0.01,2324.247965,1776259944000
1776259946.684,146.684,0.01,666.42,,,0.02,140.69,0.03,496.16,0.98,185.69,0.97,496.16,0.99,687.23,,,0.01,0.01,2324.331107,1776259945000
1776259947.998,147.998,0.01,647.42,,,0.02,132.69,0.03,496.16,0.98,140.69,0.97,496.16,0.99,666.42,,,0.01,0.01,2324.067361,1776259946000
1776259950.131,150.131,0.01,533.52,,,0.02,122.69,0.03,501.16,0.98,116.69,0.97,526.16,0.99,580.42,,,0.01,0.01,2323.87849,1776259948000
1776259950.665,150.665,0.01,520.42,,,0.02,76.0,0.03,501.16,0.98,122.69,0.97,501.16,0.99,533.52,,,0.01,0.01,2323.5932,1776259949000
1776259951.307,151.307,0.01,542.42,,,0.02,16.0,0.03,551.16,0.98,76.0,0.97,501.16,0.99,520.42,,,0.01,0.01,2323.655699,1776259950000
1776259951.984,151.984,0.01,977.91,,,0.02,16.0,0.03,551.16,0.98,16.0,0.97,551.16,0.99,542.42,,,0.01,0.01,2323.655699,1776259950000
1776259952.408,152.408,0.01,1109.81,,,0.02,16.0,0.03,551.16,0.98,16.0,0.97,551.16,0.99,977.91,,,0.01,0.01,2323.529644,1776259951000
1776259952.787,152.787,0.01,586.42,,,0.02,21.0,0.03,551.16,0.98,16.0,0.97,551.16,0.99,919.91,,,0.01,0.01,2323.529644,1776259951000
1776259953.034,153.034,0.01,661.42,,,0.03,551.16,0.04,215.2,0.98,21.0,0.97,551.16,0.99,606.42,,,0.02,0.01,2323.60283,1776259952000
1776259953.234,153.234,0.01,650.42,,,0.03,551.16,0.04,215.2,0.97,551.16,0.96,215.2,0.99,661.42,,,0.02,0.02,2323.60283,1776259952000
1776259953.836,153.836,0.01,486.42,,,0.03,686.16,0.04,242.19,0.97,571.16,0.96,220.2,0.99,611.42,,,0.02,0.02,2323.60283,1776259952000
1776259954.706,154.706,0.01,486.42,,,0.03,631.91,0.04,242.19,0.97,686.16,0.96,242.19,0.99,486.42,,,0.02,0.02,2323.92055,1776259953000
1776259955.323,155.323,0.01,906.76,,,0.03,622.01,0.04,259.23,0.97,631.91,0.96,242.19,0.99,486.42,,,0.02,0.02,2324.088928,1776259954000
1776259955.79,155.79,0.01,841.76,,,0.03,632.01,0.04,272.23,0.97,627.01,0.96,259.23,0.99,871.76,,,0.02,0.02,2324.088928,1776259954000
1776259957.497,157.497,,,,,0.01,1573.49,0.02,261.7,0.97,632.01,0.96,272.23,0.99,841.76,,,,0.02,2324.052961,1776259956000
1776259957.814,157.814,,,,,0.01,1775.37,0.02,218.7,0.99,1573.49,0.98,261.7,,,,,,,2324.052961,1776259956000
1776259959.17,159.17,,,,,0.01,1770.42,0.02,188.7,0.99,1775.37,0.98,218.7,,,,,,,2324.037021,1776259957000
1776259960.987,160.987,,,,,0.01,1616.52,0.02,188.7,0.99,1770.42,0.98,188.7,,,,,,,2323.80921,1776259960000
1776259979.274,179.274,,,,,0.01,1332.62,0.02,158.49,0.99,1616.52,0.98,188.7,,,,,,,2323.526275,1776259977000
1776259980.832,180.832,,,,,0.01,1219.62,0.02,260.49,0.99,1224.62,0.98,158.49,,,,,,,2323.91224,1776259979000
1776259981.675,181.675,,,,,0.02,178.49,0.03,501.31,0.99,1219.62,0.98,260.49,,,,,,,2324.336693,1776259980000
1776259981.944,181.944,0.01,86.44,,,0.02,190.49,0.03,525.31,0.98,178.49,0.97,525.31,0.99,33.72,,,0.01,0.01,2324.336693,1776259980000
1776259982.335,182.335,,,,,0.01,384.56,0.02,124.49,0.99,244.56,0.98,150.49,,,,,,,2324.588205,1776259981000
1776259982.546,182.546,,,,,0.01,140.56,0.02,15.5,0.99,384.56,0.98,124.49,,,,,,,2324.588205,1776259981000
1776259983.038,183.038,0.01,912.6,,,0.02,22.5,0.03,489.44,0.98,15.5,0.97,496.31,0.99,644.74,,,0.01,0.01,2324.588205,1776259981000
1776259983.305,183.305,0.01,711.6,,,0.02,12.5,0.03,416.31,0.98,22.5,0.97,489.44,0.99,912.6,,,0.01,0.01,2325.215919,1776259982000
1776259983.828,183.828,0.01,997.6,,,0.03,413.31,0.04,158.49,0.98,10.5,0.97,416.31,0.99,995.51,,,0.02,0.01,2325.215919,1776259982000
1776259984.192,184.192,0.02,79.0,0.01,1057.99,0.03,0.31,0.04,132.49,0.97,418.31,0.96,158.49,0.99,1052.99,,,0.01,0.02,2325.215919,1776259982000
1776259984.696,184.696,0.03,279.03,0.02,243.7,0.04,25.5,0.05,84.5,0.96,132.49,0.95,134.5,0.97,85.69,0.98,277.7,0.01,0.01,2326.042311,1776259983000
1776259985.073,185.073,0.03,279.03,0.02,670.7,0.04,0.5,0.05,149.49,0.96,30.5,0.95,84.5,0.97,279.03,0.98,243.7,0.01,0.01,2326.042311,1776259983000
1776259985.29,185.29,0.03,242.19,0.02,428.7,0.04,16.0,0.05,154.49,0.96,0.5,0.95,149.49,0.97,253.26,0.98,670.7,0.01,0.01,2326.516509,1776259984000
1776259986.563,186.563,0.03,357.79,0.02,400.7,0.04,94.99,0.05,104.36,0.96,16.0,0.95,154.49,0.97,242.19,0.98,428.7,0.01,0.01,2327.403929,1776259985000
1776259987.084,187.084,0.03,233.79,0.02,370.7,0.05,101.29,0.06,205.61,0.96,94.99,0.95,104.36,0.97,357.79,0.98,400.7,0.02,0.01,2327.403929,1776259985000
1776259987.425,187.425,0.05,120.0,0.04,283.8,0.06,117.38,0.07,147.49,0.94,204.9,0.93,101.49,0.96,10.0,0.97,225.28,0.01,0.02,2327.403929,1776259985000
1776259987.694,187.694,0.03,228.03,0.02,938.61,0.06,125.25,0.07,263.57,0.94,69.39,0.93,268.57,0.95,117.95,0.96,333.8,0.03,0.01,2327.83839,1776259986000
1776259987.946,187.946,0.05,237.8,0.04,60.0,0.07,80.89,0.08,83.0,0.94,125.25,0.93,263.57,0.97,228.03,0.98,938.61,0.02,0.03,2327.83839,1776259986000
1776259988.425,188.425,0.06,41.62,0.05,82.0,0.07,302.37,0.08,230.58,0.93,109.89,0.92,214.58,0.94,20.68,0.95,162.8,0.01,0.01,2327.771559,1776259987000
1776259988.715,188.715,0.06,39.53,0.05,82.0,0.07,302.37,0.08,230.58,0.93,302.37,0.92,230.58,0.94,41.62,0.95,82.0,0.01,0.01,2327.771559,1776259987000
1776259989.141,189.141,0.06,32.53,0.05,87.0,0.07,307.37,0.08,230.58,0.93,302.37,0.92,230.58,0.94,39.53,0.95,82.0,0.01,0.01,2327.771559,1776259987000
1776259989.541,189.541,0.06,57.93,0.05,10.0,0.07,317.37,0.08,240.58,0.93,307.37,0.92,230.58,0.94,32.53,0.95,87.0,0.01,0.01,2327.868843,1776259988000
1776259990.506,190.506,0.06,110.83,0.05,28.0,0.07,331.37,0.08,104.0,0.93,317.37,0.92,240.58,0.94,57.93,0.95,10.0,0.01,0.01,2328.319938,1776259989000
1776259990.97,190.97,0.06,85.83,0.05,10.0,0.07,341.37,0.08,109.0,0.93,331.37,0.92,104.0,0.94,110.83,0.95,28.0,0.01,0.01,2328.319938,1776259989000
1776259991.578,191.578,0.06,37.33,0.04,30.0,0.07,346.37,0.08,124.5,0.93,336.37,0.92,109.0,0.94,73.83,0.95,10.0,0.01,0.01,2328.297055,1776259990000
1776259992.549,192.549,0.04,4.01,0.03,53.33,0.05,133.86,0.06,138.0,0.93,346.37,0.92,124.5,0.94,37.33,0.96,30.0,0.01,0.01,2328.1415,1776259991000
1776259992.761,192.761,0.02,586.7,0.01,1301.17,0.03,7.75,0.05,15.0,0.95,138.86,0.94,138.0,0.96,56.8,0.97,53.33,0.01,0.01,2328.1415,1776259991000
1776259993.103,193.103,0.02,518.7,0.01,1201.17,0.06,84.66,0.07,78.89,0.97,7.75,0.95,15.0,0.98,586.7,0.99,1301.17,0.04,0.01,2328.1415,1776259991000
1776259993.374,193.374,0.04,5.0,0.03,15.0,0.05,29.86,0.06,94.66,0.94,84.66,0.93,78.89,0.98,518.7,0.99,1201.17,0.01,0.04,2328.1415,1776259991000
1776259994.482,194.482,0.03,5.0,0.02,75.0,0.05,64.86,0.06,79.66,0.95,49.86,0.94,393.65,0.97,57.25,0.98,618.7,0.02,0.02,2328.184212,1776259992000
1776259994.841,194.841,0.03,5.0,0.02,5.0,0.05,74.52,0.06,63.66,0.95,64.86,0.94,79.66,0.97,5.0,0.98,75.0,0.02,0.02,2328.033847,1776259993000
1776259995.121,195.121,0.02,15.0,0.01,1454.16,0.04,15.0,0.05,89.52,0.95,74.52,0.94,63.66,0.97,5.0,0.98,5.0,0.02,0.02,2328.083498,1776259994000
1776259997.287,197.287,0.03,137.84,0.02,108.9,0.04,5.0,0.05,429.52,0.96,15.0,0.95,89.52,0.98,15.0,0.99,1454.16,0.01,0.02,2327.66576,1776259996000
1776259998.396,198.396,0.03,92.68,0.02,75.0,0.04,15.0,0.05,336.51,0.96,5.0,0.95,429.52,0.97,137.84,0.98,108.9,0.01,0.01,2327.583251,1776259997000
1776259999.225,199.225,0.03,73.68,0.02,75.0,0.04,92.31,0.05,87.52,0.96,15.0,0.95,336.51,0.97,87.68,0.98,75.0,0.01,0.01,2327.583251,1776259997000
1776260000.102,200.102,0.03,128.68,0.02,135.9,0.04,63.12,0.05,27.52,0.96,92.31,0.95,87.52,0.97,73.68,0.98,75.0,0.01,0.01,2327.847763,1776259999000
1776260000.562,200.562,0.03,130.08,0.02,385.9,0.04,0.12,0.05,5.0,0.96,63.12,0.95,6.52,0.97,125.08,0.98,197.9,0.01,0.01,2327.847763,1776259999000
1776260000.98,200.98,0.03,217.0,0.02,385.9,0.04,0.12,0.05,5.0,0.96,0.12,0.95,5.0,0.97,130.08,0.98,385.9,0.01,0.01,2327.847763,1776259999000
1776260001.19,201.19,0.04,125.88,0.03,196.99,0.08,500.0,0.09,154.17,0.95,5.0,0.94,29.0,0.96,64.88,0.97,173.99,0.04,0.01,2327.833856,1776260000000
1776260001.9,201.9,0.05,116.39,0.04,205.88,0.06,31.0,0.07,15.0,0.93,348.99,0.92,500.0,0.95,59.52,0.96,125.88,0.01,0.02,2327.833856,1776260000000
1776260003.391,203.391,0.04,104.88,0.03,75.0,0.07,377.29,0.08,161.9,0.93,5.0,0.92,43.0,0.94,56.84,0.95,61.87,0.03,0.01,2328.20833,1776260002000
1776260006.216,206.216,0.04,125.0,0.03,135.86,0.05,31.84,0.07,359.29,0.93,377.29,0.92,161.9,0.96,104.88,0.97,75.0,0.01,0.03,2328.26536,1776260004000
1776260007.532,207.532,0.06,56.0,0.05,26.0,0.07,115.6,0.08,39.0,0.95,5.0,0.93,83.3,0.96,118.95,0.97,140.86,0.01,0.01,2328.161191,1776260006000
1776260009.474,209.474,0.07,121.92,0.06,65.0,0.08,81.9,0.09,110.68,0.93,115.6,0.92,39.0,0.94,56.0,0.95,26.0,0.01,0.01,2328.775864,1776260007000
1776260010.038,210.038,0.07,123.0,0.06,65.0,0.08,81.9,0.09,103.68,0.92,81.9,0.91,110.68,0.93,121.92,0.94,65.0,0.01,0.01,2328.84982,1776260008000
1776260010.587,210.587,0.07,67.87,0.06,65.0,0.08,81.9,0.09,92.68,0.92,81.9,0.91,103.68,0.93,123.0,0.94,65.0,0.01,0.01,2328.849714,1776260009000
1776260011.088,211.088,0.08,54.0,0.07,67.87,0.09,89.01,0.1,11.1,0.91,115.68,0.9,11.1,0.93,72.87,0.94,65.0,0.01,0.02,2328.9946,1776260010000
1776260011.657,211.657,0.08,61.0,0.07,62.87,0.09,118.01,0.1,21.1,0.91,89.01,0.9,11.1,0.92,54.0,0.93,67.87,0.01,0.01,2328.9946,1776260010000
1776260013.26,213.26,0.08,60.92,0.07,62.87,0.09,45.01,0.1,46.65,0.91,118.01,0.9,21.1,0.92,55.92,0.93,62.87,0.01,0.01,2329.43349,1776260012000
1776260013.482,213.482,0.08,50.92,0.07,134.87,0.1,51.65,0.11,25.0,0.91,45.01,0.9,46.65,0.92,60.92,0.93,62.87,0.02,0.01,2329.43349,1776260012000
1776260014.272,214.272,0.07,134.87,0.06,113.13,0.09,69.5,0.1,41.65,0.9,26.65,0.89,25.0,0.92,50.92,0.93,134.87,0.02,0.02,2329.43349,1776260012000
1776260015.433,215.433,0.05,100.0,0.04,212.75,0.07,9.28,0.08,68.0,0.91,69.5,0.9,41.65,0.93,134.87,0.94,90.0,0.02,0.02,2329.47867,1776260014000
1776260015.768,215.768,0.05,152.57,0.04,233.88,0.06,5.5,0.09,43.0,0.91,5.0,0.9,36.65,0.95,128.31,0.96,212.75,0.01,0.04,2329.47867,1776260014000
1776260015.986,215.986,0.07,9.73,0.06,10.0,0.09,10.0,0.1,64.65,0.92,23.0,0.91,10.0,0.93,4.73,0.94,10.0,0.02,0.01,2329.38,1776260015000
1776260016.421,216.421,0.07,63.65,0.06,65.0,0.08,179.41,0.09,5.0,0.91,10.0,0.9,64.65,0.93,9.73,0.94,10.0,0.01,0.02,2329.38,1776260015000
1776260016.88,216.88,0.07,63.65,0.06,65.0,0.08,131.96,0.09,5.0,0.92,129.91,0.9,37.96,0.93,63.65,0.94,65.0,0.01,0.01,2329.38,1776260015000
1776260017.138,217.138,0.07,51.74,0.06,65.0,0.08,136.96,0.1,31.65,0.92,136.96,0.9,31.65,0.93,48.37,0.94,65.0,0.01,0.01,2329.14019,1776260016000
1776260017.785,217.785,0.08,104.0,0.07,46.74,0.1,41.65,0.11,20.0,0.92,136.96,0.9,31.65,0.93,51.74,0.94,65.0,0.02,0.01,2329.14019,1776260016000
1776260018.01,218.01,0.09,36.0,0.08,99.0,0.1,31.65,0.11,20.0,0.9,41.65,0.89,20.0,0.91,39.62,0.92,99.0,0.01,0.01,2329.14019,1776260016000
1776260018.509,218.509,0.09,37.79,0.08,99.0,0.1,36.65,0.11,180.44,0.9,31.65,0.89,20.0,0.91,6.89,0.92,99.0,0.01,0.01,2329.330205,1776260017000
1776260019.045,219.045,0.08,92.76,0.07,143.74,0.09,21.0,0.1,11.65,0.9,36.65,0.89,180.44,0.92,99.0,0.93,71.74,0.01,0.02,2329.330205,1776260017000
1776260021.14,221.14,0.09,95.0,0.08,178.89,0.11,0.04,0.12,55.0,0.9,11.65,0.89,20.0,0.92,87.76,0.93,143.74,0.02,0.02,2329.80334,1776260020000
1776260022.424,222.424,0.1,48.5,0.09,321.86,0.12,23.9,0.13,50.0,0.89,0.04,0.88,55.0,0.91,95.0,0.92,178.89,0.02,0.02,2330.03108,1776260021000
1776260022.867,222.867,0.11,228.21,0.1,153.5,0.12,28.0,0.14,40.0,0.88,18.0,0.87,50.0,0.89,26.85,0.9,48.5,0.01,0.01,2330.03108,1776260021000
1776260023.093,223.093,0.11,227.08,0.1,108.5,0.12,23.0,0.15,15.0,0.88,28.0,0.86,40.0,0.89,228.21,0.9,153.5,0.01,0.01,2330.03108,1776260021000
1776260023.644,223.644,0.16,13.89,0.15,25.5,0.17,20.02,0.18,15.0,0.85,15.0,0.84,15.0,0.86,50.95,0.87,60.0,0.01,0.01,2330.628986,1776260022000
1776260024.009,224.009,0.16,50.0,0.15,102.0,0.17,65.02,0.18,35.0,0.83,25.02,0.82,15.0,0.84,22.69,0.85,25.5,0.01,0.01,2330.628986,1776260022000
1776260024.46,224.46,0.14,55.95,0.13,75.5,0.16,11.89,0.17,37.02,0.84,6.89,0.83,47.02,0.85,102.0,0.86,55.95,0.02,0.01,2330.671776,1776260023000
1776260025.655,225.655,0.17,40.5,0.16,105.5,0.18,7.0,0.19,48.89,0.84,6.89,0.83,37.02,0.86,53.85,0.87,75.5,0.01,0.02,2330.7253,1776260024000
1776260025.971,225.971,0.16,125.89,0.15,80.5,0.21,56.0,0.23,80.0,0.79,72.0,0.78,5.0,0.81,20.5,0.82,25.5,0.05,0.02,2330.7253,1776260024000
1776260026.283,226.283,0.2,19.0,0.19,70.5,0.21,6.0,0.23,85.0,0.79,56.0,0.77,80.0,0.84,125.89,0.85,80.5,0.01,0.05,2330.760184,1776260025000
1776260026.599,226.599,0.2,14.35,0.19,20.5,0.21,5.0,0.22,65.0,0.79,4.14,0.77,85.0,0.8,19.0,0.81,70.5,0.01,0.01,2330.760184,1776260025000
1776260026.888,226.888,0.2,25.5,0.19,25.5,0.21,3.0,0.22,94.5,0.78,10.54,0.77,65.0,0.8,19.35,0.81,75.5,0.01,0.02,2330.760184,1776260025000
1776260027.22,227.22,0.18,20.03,0.17,15.0,0.19,25.0,0.2,108.0,0.8,70.5,0.79,73.5,0.82,25.5,0.83,15.0,0.01,0.02,2330.760184,1776260025000
1776260027.451,227.451,0.18,1.4,0.17,15.0,0.19,15.0,0.2,51.0,0.81,10.0,0.8,51.0,0.82,20.03,0.83,15.0,0.01,0.01,2330.760184,1776260025000
1776260027.669,227.669,0.17,30.5,0.16,180.89,0.19,14.0,0.2,106.5,0.81,20.0,0.8,51.0,0.83,15.0,0.84,335.75,0.02,0.02,2330.760184,1776260025000
1776260027.952,227.952,0.17,16.8,0.16,180.89,0.18,5.0,0.19,15.0,0.8,53.55,0.79,68.5,0.83,25.5,0.84,180.89,0.01,0.03,2330.760184,1776260025000
1776260028.346,228.346,0.18,13.5,0.17,72.74,0.2,10.0,0.21,75.0,0.81,75.5,0.8,81.05,0.83,22.74,0.84,75.89,0.02,0.02,2330.943559,1776260026000
1776260028.649,228.649,0.19,25.79,0.18,70.5,0.22,65.0,0.23,80.5,0.8,15.0,0.79,75.0,0.81,15.48,0.82,15.5,0.03,0.01,2331.2343,1776260027000
1776260028.938,228.938,0.2,20.55,0.19,25.79,0.21,2.85,0.22,65.0,0.78,65.0,0.77,80.5,0.8,19.07,0.81,25.79,0.01,0.02,2331.2343,1776260027000
1776260029.391,229.391,0.17,25.5,0.16,180.89,0.18,3.68,0.19,45.0,0.79,2.85,0.78,65.0,0.8,20.55,0.81,25.79,0.01,0.01,2331.239885,1776260028000
1776260030.193,230.193,0.18,20.11,0.17,25.5,0.2,15.0,0.21,84.35,0.82,3.68,0.81,45.0,0.83,25.5,0.84,180.89,0.02,0.01,2331.239885,1776260028000
1776260031.318,231.318,0.18,29.65,0.17,31.44,0.2,15.0,0.21,94.35,0.8,10.0,0.79,84.35,0.82,9.0,0.83,31.44,0.02,0.02,2331.17455,1776260029000
1776260031.864,231.864,0.18,15.02,0.17,25.5,0.19,25.0,0.2,89.5,0.8,10.0,0.79,94.35,0.82,25.16,0.83,31.44,0.01,0.02,2331.21425,1776260030000
1776260032.108,232.108,0.18,25.61,0.17,31.44,0.2,89.5,0.21,78.35,0.81,25.0,0.8,89.5,0.82,15.02,0.83,25.5,0.02,0.01,2331.21425,1776260030000
1776260033.093,233.093,0.18,6.07,0.17,25.94,0.19,106.5,0.2,110.5,0.8,89.5,0.79,78.35,0.82,25.61,0.83,31.44,0.01,0.02,2331.2693,1776260032000
1776260034.037,234.037,0.15,15.0,0.14,160.5,0.18,136.5,0.19,101.5,0.81,106.5,0.8,110.5,0.82,6.07,0.83,25.94,0.03,0.01,2331.2693,1776260032000
1776260034.332,234.332,0.15,1.31,0.14,92.71,0.16,18.0,0.17,25.5,0.84,10.0,0.83,20.5,0.86,135.5,0.87,75.0,0.01,0.02,2331.2693,1776260032000
1776260034.862,234.862,0.14,119.71,0.13,206.25,0.17,15.0,0.18,106.5,0.84,3.0,0.83,25.5,0.85,8.04,0.86,42.71,0.03,0.01,2331.305745,1776260033000
1776260035.176,235.176,0.16,81.81,0.15,77.23,0.18,15.0,0.19,30.5,0.83,5.0,0.82,20.0,0.84,30.61,0.85,77.23,0.02,0.01,2331.305745,1776260033000
1776260035.448,235.448,0.17,21.44,0.16,242.8,0.18,5.0,0.19,10.0,0.82,15.0,0.81,30.5,0.84,81.81,0.85,77.23,0.01,0.02,2331.292733,1776260034000
1776260036.985,236.985,0.17,15.94,0.16,21.31,0.18,17.0,0.19,75.5,0.8,81.5,0.79,85.5,0.83,26.43,0.84,242.8,0.01,0.03,2331.1862,1776260035000
1776260037.582,237.582,0.18,15.61,0.17,20.94,0.19,50.0,0.2,80.5,0.82,17.0,0.81,75.5,0.83,15.94,0.84,21.31,0.01,0.01,2331.139602,1776260036000
1776260038.068,238.068,0.18,10.22,0.17,20.94,0.19,4.0,0.2,80.5,0.81,55.0,0.8,80.5,0.82,4.61,0.83,15.94,0.01,0.01,2331.139602,1776260036000
1776260038.521,238.521,0.18,9.61,0.17,15.94,0.19,57.71,0.2,65.5,0.81,4.0,0.8,80.5,0.82,10.22,0.83,20.94,0.01,0.01,2331.203779,1776260037000
1776260039.125,239.125,0.17,21.18,0.16,75.5,0.19,20.71,0.2,65.5,0.81,57.71,0.8,65.5,0.82,9.61,0.83,15.94,0.02,0.01,2331.203779,1776260037000
1776260039.402,239.402,0.18,6.43,0.17,27.12,0.19,20.71,0.2,75.5,0.81,20.71,0.8,65.5,0.83,21.18,0.84,75.5,0.01,0.02,2331.206293,1776260038000
1776260039.895,239.895,0.18,6.43,0.17,16.62,0.19,28.5,0.2,104.5,0.8,65.5,0.79,153.8,0.82,6.43,0.83,27.12,0.01,0.02,2331.206293,1776260038000
1776260041.473,241.473,0.07,95.8,0.06,296.08,0.08,121.0,0.09,31.3,0.81,28.5,0.8,104.5,0.82,6.43,0.83,16.62,0.01,0.01,2331.30148,1776260040000
1776260041.681,241.681,0.07,100.22,0.06,296.08,0.08,111.0,0.09,31.3,0.92,121.0,0.91,31.3,0.93,95.8,0.94,296.08,0.01,0.01,2331.30148,1776260040000
1776260042.557,242.557,0.07,29.8,0.06,296.08,0.08,98.5,0.09,101.08,0.92,111.0,0.91,40.08,0.93,94.22,0.94,296.08,0.01,0.01,2331.30148,1776260040000
1776260042.939,242.939,0.07,29.8,0.06,306.93,0.08,112.06,0.09,101.08,0.92,87.63,0.91,101.08,0.93,29.8,0.94,306.93,0.01,0.01,2331.30148,1776260040000
1776260043.148,243.148,0.07,14.42,0.06,306.93,0.08,89.26,0.09,90.08,0.92,89.76,0.91,90.08,0.94,306.93,0.95,140.95,0.01,0.02,2330.412501,1776260042000
1776260043.61,243.61,0.06,328.76,0.05,155.95,0.08,76.0,0.09,73.78,0.92,86.0,0.91,90.08,0.93,11.19,0.94,306.93,0.02,0.01,2330.412501,1776260042000
1776260044.545,244.545,0.06,124.51,0.05,235.95,0.07,135.2,0.08,70.0,0.92,76.0,0.91,73.78,0.94,328.76,0.95,155.95,0.01,0.02,2329.927665,1776260043000
1776260044.776,244.776,0.06,124.51,0.05,135.95,0.07,185.48,0.08,75.0,0.93,139.77,0.92,70.0,0.94,124.51,0.95,135.95,0.01,0.01,2329.927665,1776260043000
1776260045.125,245.125,0.06,143.93,0.05,135.95,0.07,95.48,0.08,75.0,0.93,185.48,0.92,75.0,0.94,124.51,0.95,135.95,0.01,0.01,2329.927665,1776260043000
1776260045.536,245.536,0.06,142.86,0.05,135.95,0.07,75.48,0.08,70.0,0.93,95.48,0.92,75.0,0.94,143.93,0.95,135.95,0.01,0.01,2329.927665,1776260043000
1776260045.826,245.826,0.06,116.03,0.05,135.95,0.07,90.48,0.08,100.0,0.93,75.48,0.92,70.0,0.94,142.86,0.95,135.95,0.01,0.01,2329.812745,1776260044000
1776260046.107,246.107,0.06,111.03,0.05,135.95,0.07,95.48,0.08,100.0,0.93,90.48,0.92,100.0,0.94,116.03,0.95,135.95,0.01,0.01,2329.812745,1776260044000
1776260046.643,246.643,0.06,110.45,0.05,150.95,0.07,70.48,0.08,70.0,0.93,90.48,0.92,107.3,0.94,110.55,0.95,135.95,0.01,0.01,2329.790373,1776260045000
1776260046.884,246.884,0.06,54.45,0.05,140.95,0.07,70.48,0.08,70.0,0.93,70.48,0.92,70.0,0.94,51.45,0.95,145.95,0.01,0.01,2329.790373,1776260045000
1776260047.766,247.766,0.06,21.99,0.05,135.95,0.07,100.48,0.08,70.0,0.93,70.48,0.92,70.0,0.94,54.45,0.95,140.95,0.01,0.01,2329.739634,1776260046000
1776260048.083,248.083,0.06,21.99,0.05,135.95,0.07,116.9,0.08,70.0,0.93,100.48,0.92,70.0,0.94,21.99,0.95,135.95,0.01,0.01,2329.692915,1776260047000
1776260048.625,248.625,0.06,14.54,0.05,135.95,0.07,141.9,0.08,135.2,0.93,111.9,0.92,86.3,0.94,16.67,0.95,135.95,0.01,0.01,2329.692915,1776260047000
1776260049.015,249.015,0.06,4.22,0.05,135.95,0.07,212.5,0.08,149.2,0.93,136.9,0.92,135.2,0.94,9.54,0.95,135.95,0.01,0.01,2329.692915,1776260047000
1776260050.173,250.173,0.04,223.8,0.03,165.0,0.06,207.23,0.07,120.99,0.93,217.5,0.92,149.2,0.95,135.95,0.96,228.8,0.02,0.02,2329.80825,1776260048000
1776260050.496,250.496,0.04,198.8,0.03,165.0,0.05,137.4,0.06,169.1,0.94,207.23,0.93,120.99,0.96,223.8,0.97,165.0,0.01,0.02,2329.6583,1776260049000
1776260052.582,252.582,0.04,5.0,0.03,165.0,0.05,322.41,0.06,194.1,0.95,137.4,0.94,169.1,0.96,198.8,0.97,165.0,0.01,0.01,2329.326514,1776260051000
1776260053.924,253.924,0.03,5.0,0.02,10.0,0.04,254.0,0.05,270.41,0.95,322.41,0.94,194.1,0.97,165.0,0.98,10.0,0.01,0.02,2329.358257,1776260052000
1776260054.208,254.208,0.01,323.08,,,0.04,254.0,0.05,256.11,0.96,254.0,0.95,270.41,0.97,5.0,0.98,10.0,0.03,0.01,2329.358257,1776260052000
1776260054.642,254.642,0.01,388.85,,,0.02,20.0,0.03,198.7,0.98,10.0,0.97,25.0,0.99,267.87,,,0.01,0.01,2329.330466,1776260053000
1776260055.081,255.081,0.01,491.85,,,0.03,158.25,0.04,213.7,0.98,20.0,0.97,198.7,0.99,388.85,,,0.02,0.01,2329.330466,1776260053000
1776260055.548,255.548,0.01,369.83,,,0.02,10.0,0.03,112.8,0.97,117.8,0.96,213.7,0.99,481.85,,,0.01,0.02,2329.330466,1776260053000
1776260055.835,255.835,0.01,238.93,,,0.02,40.0,0.03,136.8,0.98,10.0,0.97,112.8,0.99,369.83,,,0.01,0.01,2329.071502,1776260054000
1776260056.616,256.616,0.01,220.51,,,0.02,208.7,0.03,166.8,0.98,272.7,0.97,136.8,0.99,79.8,,,0.01,0.01,2329.06065,1776260055000
1776260056.895,256.895,0.01,184.61,,,0.02,198.8,0.03,166.8,0.98,198.8,0.97,166.8,0.99,189.61,,,0.01,0.01,2329.06065,1776260055000
1776260057.412,257.412,0.01,156.4,,,0.02,192.03,0.03,178.1,0.98,192.03,0.97,178.1,0.99,184.61,,,0.01,0.01,2329.06065,1776260055000
1776260057.731,257.731,0.01,151.4,,,0.02,186.9,0.03,166.8,0.98,192.03,0.97,178.1,0.99,156.4,,,0.01,0.01,2329.132757,1776260056000
1776260058.077,258.077,0.01,141.95,,,0.02,261.9,0.03,203.1,0.98,243.9,0.97,183.1,0.99,147.95,,,0.01,0.01,2329.132757,1776260056000
1776260058.776,258.776,0.01,1.46,,,0.02,310.9,0.03,214.1,0.98,256.9,0.97,203.1,0.99,19.0,,,0.01,0.01,2329.080226,1776260057000
1776260059.324,259.324,,,,,0.01,366.57,0.02,371.2,0.98,364.2,0.97,214.1,,,,,,,2329.025087,1776260058000
1776260063.333,263.333,,,,,0.01,296.57,0.02,287.2,0.99,366.57,0.98,371.2,,,,,,,2328.271825,1776260061000
1776260063.544,263.544,,,,,0.01,177.57,0.02,267.2,0.99,296.57,0.98,287.2,,,,,,,2328.271825,1776260061000
1776260066.444,266.444,,,,,0.01,119.22,0.02,218.9,0.99,177.57,0.98,267.2,,,,,,,2328.310292,1776260065000
1776260068.663,268.663,,,,,0.01,114.29,0.02,350.2,0.99,119.22,0.98,218.9,,,,,,,2328.492993,1776260067000
1776260070.478,270.478,,,,,0.01,112.18,0.02,357.2,0.99,114.29,0.98,350.2,,,,,,,2328.633615,1776260068000
1776260071.474,271.474,,,,,0.01,107.18,0.02,357.2,0.99,112.18,0.98,357.2,,,,,,,2328.704874,1776260070000
1776260072.532,272.532,,,,,0.01,186.24,0.02,357.2,0.99,107.18,0.98,357.2,,,,,,,2328.730535,1776260071000
1776260078.485,278.485,,,,,0.01,198.71,0.02,246.3,0.99,186.24,0.98,357.2,,,,,,,2328.4799,1776260076000
1776260083.109,283.109,,,,,0.01,327.72,0.02,305.29,0.99,198.71,0.98,246.3,,,,,,,2328.3103,1776260081000
1776260097.65,297.65,,,,,0.01,10596.58,0.02,303.29,0.99,327.72,0.98,305.29,,,,,,,2328.231311,1776260096000

# RESULT,winner=Down,slug=eth-updown-5m-1776259800,ticks=420
