timestamp,elapsed_sec,up_bid_p1,up_bid_s1,up_bid_p2,up_bid_s2,up_ask_p1,up_ask_s1,up_ask_p2,up_ask_s2,down_bid_p1,down_bid_s1,down_bid_p2,down_bid_s2,down_ask_p1,down_ask_s1,down_ask_p2,down_ask_s2,up_spread,down_spread,eth_price,eth_oracle_ts
1776220201.398,1.398,,,,,,,,,,,,,,,,,,,2326.60556,1776220200000
1776220201.803,1.803,0.53,15.0,0.52,63.07,0.55,66.72,0.56,7.0,0.43,10.0,0.41,53.0,0.47,10.0,0.48,81.07,0.02,0.04,2326.60556,1776220200000
1776220202.015,2.015,0.53,4.36,0.52,53.07,0.54,22.0,0.55,77.72,0.45,71.72,0.44,7.0,0.47,11.0,0.48,63.07,0.01,0.02,2326.654361,1776220201000
1776220202.277,2.277,0.52,38.43,0.51,291.64,0.53,20.0,0.54,22.0,0.46,27.0,0.45,77.72,0.48,48.43,0.49,291.64,0.01,0.02,2326.654361,1776220201000
1776220202.5,2.5,0.52,35.43,0.51,291.64,0.53,3.0,0.54,27.0,0.47,14.73,0.46,27.0,0.48,35.43,0.49,291.64,0.01,0.01,2326.654361,1776220201000
1776220202.823,2.823,0.52,35.43,0.51,291.64,0.54,17.68,0.55,77.72,0.47,3.0,0.46,27.0,0.48,35.43,0.49,291.64,0.02,0.01,2326.654361,1776220201000
1776220203.069,3.069,0.52,11.59,0.51,291.64,0.53,5.0,0.55,78.72,0.45,98.72,0.44,68.0,0.48,14.59,0.49,291.64,0.01,0.03,2326.654361,1776220201000
1776220203.387,3.387,0.52,28.25,0.51,291.64,0.53,18.73,0.54,15.0,0.47,5.0,0.45,78.72,0.48,11.59,0.49,291.64,0.01,0.01,2326.756597,1776220202000
1776220204.406,4.406,0.52,28.25,0.51,291.64,0.53,9.29,0.54,15.0,0.47,9.29,0.46,15.0,0.48,28.25,0.49,291.64,0.01,0.01,2326.540354,1776220203000
1776220205.084,5.084,0.52,28.25,0.51,291.64,0.53,9.29,0.54,15.0,0.47,9.29,0.46,15.0,0.48,28.25,0.49,291.64,0.01,0.01,2326.508644,1776220204000
1776220205.695,5.695,0.52,178.54,0.51,291.64,0.53,41.0,0.54,169.0,0.47,9.29,0.46,15.0,0.48,28.25,0.49,291.64,0.01,0.01,2326.508644,1776220204000
1776220206.207,6.207,0.52,186.45,0.51,296.64,0.53,5.56,0.54,169.0,0.47,11.0,0.46,169.0,0.48,181.45,0.49,291.64,0.01,0.01,2326.508644,1776220204000
1776220206.54,6.54,0.52,186.45,0.51,296.64,0.53,5.56,0.54,169.0,0.47,5.56,0.46,169.0,0.48,186.45,0.49,296.64,0.01,0.01,2326.369632,1776220205000
1776220207.252,7.252,0.52,186.45,0.51,296.64,0.53,5.56,0.54,169.0,0.47,5.56,0.46,169.0,0.48,186.45,0.49,296.64,0.01,0.01,2326.370195,1776220206000
1776220207.667,7.667,0.52,168.95,0.51,301.64,0.53,15.0,0.54,159.56,0.46,144.56,0.45,89.72,0.48,186.45,0.49,296.64,0.01,0.02,2326.370195,1776220206000
1776220208.168,8.168,0.52,173.95,0.51,306.64,0.53,24.0,0.54,147.56,0.46,144.56,0.45,89.72,0.48,168.95,0.49,301.64,0.01,0.02,2326.370195,1776220206000
1776220208.434,8.434,0.52,167.57,0.51,306.64,0.53,29.0,0.54,147.56,0.47,24.0,0.46,147.56,0.48,173.95,0.49,306.64,0.01,0.01,2326.370195,1776220206000
1776220209.213,9.213,0.52,167.57,0.51,306.64,0.53,27.11,0.54,147.56,0.47,27.11,0.46,147.56,0.48,167.57,0.49,306.64,0.01,0.01,2326.413054,1776220208000
1776220209.422,9.422,0.52,166.14,0.51,306.64,0.53,27.11,0.54,147.56,0.47,27.11,0.46,147.56,0.48,167.57,0.49,306.64,0.01,0.01,2326.413054,1776220208000
1776220209.747,9.747,0.52,166.14,0.51,306.64,0.53,36.07,0.54,147.56,0.47,30.22,0.46,147.56,0.48,171.14,0.49,306.64,0.01,0.01,2326.413054,1776220208000
1776220210.161,10.161,0.52,151.14,0.51,291.64,0.53,129.0,0.54,142.56,0.47,36.07,0.46,147.56,0.48,166.14,0.49,306.64,0.01,0.01,2326.413054,1776220208000
1776220210.461,10.461,0.51,249.23,0.5,16.0,0.53,99.0,0.54,150.56,0.47,99.0,0.46,150.56,0.49,249.23,0.5,16.0,0.02,0.02,2326.360348,1776220209000
1776220211.115,11.115,0.51,192.18,0.5,21.0,0.52,73.07,0.53,45.0,0.48,73.07,0.47,45.0,0.49,192.18,0.5,21.0,0.01,0.01,2326.357303,1776220210000
1776220211.37,11.37,0.51,192.18,0.5,21.0,0.52,91.14,0.53,107.21,0.48,73.07,0.47,45.0,0.49,192.18,0.5,21.0,0.01,0.01,2326.357303,1776220210000
1776220211.658,11.658,0.51,187.18,0.5,21.0,0.52,87.29,0.53,107.21,0.48,91.14,0.47,107.21,0.49,182.18,0.5,21.0,0.01,0.01,2326.357303,1776220210000
1776220212.321,12.321,0.51,187.18,0.5,21.0,0.52,87.29,0.53,107.21,0.48,87.29,0.47,107.21,0.49,187.18,0.5,21.0,0.01,0.01,2326.143181,1776220211000
1776220212.58,12.58,0.51,245.18,0.5,21.0,0.52,83.44,0.53,107.21,0.48,87.29,0.47,107.21,0.49,187.18,0.5,21.0,0.01,0.01,2326.143181,1776220211000
1776220213.123,13.123,0.51,245.18,0.5,21.0,0.52,83.44,0.53,107.21,0.48,83.44,0.47,107.21,0.49,245.18,0.5,21.0,0.01,0.01,2326.203281,1776220212000
1776220213.423,13.423,0.51,185.73,0.5,21.0,0.52,98.44,0.53,107.21,0.48,83.44,0.47,107.21,0.49,245.18,0.5,21.0,0.01,0.01,2326.203281,1776220212000
1776220213.896,13.896,0.51,172.46,0.5,79.0,0.52,128.44,0.53,165.21,0.48,113.44,0.47,107.21,0.49,178.08,0.5,21.0,0.01,0.01,2326.203281,1776220212000
1776220214.492,14.492,0.51,172.46,0.5,79.0,0.52,128.44,0.53,165.21,0.48,128.44,0.47,165.21,0.49,172.46,0.5,79.0,0.01,0.01,2326.083398,1776220213000
1776220215.055,15.055,0.51,172.46,0.5,79.0,0.52,128.44,0.53,165.21,0.48,128.44,0.47,165.21,0.49,172.46,0.5,79.0,0.01,0.01,2326.10882,1776220214000
1776220215.343,15.343,0.51,175.34,0.5,21.0,0.52,206.44,0.53,107.21,0.48,128.44,0.47,165.21,0.49,172.46,0.5,79.0,0.01,0.01,2326.10882,1776220214000
1776220215.786,15.786,0.51,145.76,0.5,21.0,0.52,206.44,0.53,107.21,0.48,206.44,0.47,107.21,0.49,152.74,0.5,21.0,0.01,0.01,2326.10882,1776220214000
1776220216.58,16.58,0.51,145.76,0.5,21.0,0.52,206.44,0.53,107.21,0.48,206.44,0.47,107.21,0.49,145.76,0.5,21.0,0.01,0.01,2326.139931,1776220215000
1776220216.936,16.936,0.51,143.11,0.5,21.0,0.52,113.44,0.53,76.66,0.48,206.44,0.47,107.21,0.49,145.76,0.5,21.0,0.01,0.01,2326.139931,1776220215000
1776220217.569,17.569,0.51,143.11,0.5,21.0,0.52,113.44,0.53,76.66,0.48,113.44,0.47,76.66,0.49,143.11,0.5,21.0,0.01,0.01,2326.063205,1776220216000
1776220218.303,18.303,0.54,84.58,0.51,200.34,0.55,40.0,0.56,65.0,0.48,113.44,0.47,76.66,0.49,137.34,0.5,21.0,0.01,0.01,2326.063205,1776220216000
1776220218.598,18.598,0.54,40.47,0.53,5.0,0.55,179.0,0.56,91.0,0.45,40.0,0.44,65.0,0.46,84.58,0.49,200.34,0.01,0.01,2326.053754,1776220217000
1776220218.922,18.922,0.54,26.41,0.53,5.0,0.55,245.65,0.56,121.0,0.45,185.0,0.44,121.0,0.46,35.81,0.47,5.0,0.01,0.01,2326.053754,1776220217000
1776220219.216,19.216,0.54,26.41,0.53,5.0,0.55,245.65,0.56,121.0,0.45,245.65,0.44,121.0,0.46,26.41,0.47,5.0,0.01,0.01,2326.223964,1776220218000
1776220219.462,19.462,0.54,23.19,0.53,5.0,0.55,245.65,0.56,121.0,0.45,245.65,0.44,121.0,0.46,26.41,0.47,5.0,0.01,0.01,2326.223964,1776220218000
1776220219.91,19.91,0.52,46.31,0.51,126.74,0.53,39.0,0.54,33.0,0.45,193.98,0.44,121.0,0.47,5.0,0.48,58.0,0.01,0.02,2326.223964,1776220218000
1776220220.408,20.408,0.52,1.93,0.51,184.74,0.53,50.33,0.54,33.0,0.47,39.0,0.46,33.0,0.48,43.22,0.49,126.74,0.01,0.01,2326.223964,1776220218000
1776220220.664,20.664,0.52,1.93,0.51,184.74,0.53,50.33,0.54,33.0,0.47,50.33,0.46,33.0,0.48,1.93,0.49,184.74,0.01,0.01,2326.112418,1776220219000
1776220221.522,21.522,0.52,1.93,0.51,184.74,0.53,50.33,0.54,33.0,0.47,50.33,0.46,33.0,0.48,1.93,0.49,184.74,0.01,0.01,2326.202514,1776220220000
1776220221.867,21.867,0.51,76.74,0.5,16.0,0.52,160.83,0.53,78.33,0.48,161.0,0.47,78.33,0.49,76.74,0.5,16.0,0.01,0.01,2326.202514,1776220220000
1776220222.527,22.527,0.51,71.63,0.5,16.0,0.52,185.16,0.53,72.0,0.48,160.83,0.47,78.33,0.49,76.74,0.5,16.0,0.01,0.01,2326.202514,1776220220000
1776220222.951,22.951,0.51,69.58,0.5,16.0,0.52,185.16,0.53,72.0,0.48,185.16,0.47,72.0,0.49,71.63,0.5,16.0,0.01,0.01,2326.084584,1776220221000
1776220223.187,23.187,0.51,69.58,0.5,16.0,0.52,188.23,0.53,72.0,0.48,185.16,0.47,72.0,0.49,69.58,0.5,16.0,0.01,0.01,2326.084584,1776220221000
1776220223.703,23.703,0.51,69.58,0.5,16.0,0.52,182.47,0.53,72.0,0.48,182.47,0.47,72.0,0.49,69.58,0.5,16.0,0.01,0.01,2326.084584,1776220222000
1776220224.199,24.199,0.51,58.8,0.5,16.0,0.52,182.47,0.53,72.0,0.48,177.47,0.47,72.0,0.49,63.8,0.5,16.0,0.01,0.01,2326.084584,1776220222000
1776220224.407,24.407,0.51,58.8,0.5,16.0,0.52,134.19,0.53,72.0,0.48,182.47,0.47,72.0,0.49,58.8,0.5,16.0,0.01,0.01,2326.042549,1776220223000
1776220225.43,25.43,0.51,58.8,0.5,16.0,0.52,134.19,0.53,72.0,0.48,134.19,0.47,72.0,0.49,58.8,0.5,16.0,0.01,0.01,2326.04863,1776220224000
1776220225.933,25.933,0.51,58.8,0.5,16.0,0.52,134.19,0.53,72.0,0.48,134.19,0.47,72.0,0.49,58.8,0.5,16.0,0.01,0.01,2326.019401,1776220225000
1776220227.225,27.225,0.51,58.8,0.5,16.0,0.52,134.19,0.53,72.0,0.48,134.19,0.47,72.0,0.49,58.8,0.5,16.0,0.01,0.01,2325.999652,1776220226000
1776220227.684,27.684,0.51,131.02,0.5,16.0,0.52,141.0,0.53,57.64,0.48,134.19,0.47,72.0,0.49,58.8,0.5,16.0,0.01,0.01,2325.999652,1776220226000
1776220228.391,28.391,0.51,131.02,0.5,16.0,0.52,141.0,0.53,57.64,0.48,141.0,0.47,57.64,0.49,131.02,0.5,16.0,0.01,0.01,2326.045219,1776220227000
1776220229.01,29.01,0.51,131.02,0.5,16.0,0.52,141.0,0.53,57.64,0.48,141.0,0.47,57.64,0.49,131.02,0.5,16.0,0.01,0.01,2326.067722,1776220228000
1776220230.119,30.119,0.51,131.02,0.5,16.0,0.52,141.0,0.53,57.64,0.48,141.0,0.47,57.64,0.49,131.02,0.5,16.0,0.01,0.01,2326.083621,1776220229000
1776220231.022,31.022,0.51,48.02,0.5,16.0,0.52,210.34,0.53,70.57,0.48,141.0,0.47,57.64,0.49,131.02,0.5,16.0,0.01,0.01,2326.083621,1776220229000
1776220231.223,31.223,0.51,12.3,0.5,16.0,0.52,219.34,0.53,62.57,0.48,204.34,0.47,92.57,0.49,23.73,0.5,16.0,0.01,0.01,2326.083621,1776220229000
1776220231.439,31.439,0.43,10.0,0.4,22.0,0.49,9.55,0.5,10.0,0.49,50.0,0.48,214.34,0.51,0.25,0.57,10.0,0.06,0.02,2326.093594,1776220230000
1776220231.782,31.782,0.44,71.67,0.43,17.97,0.45,10.0,0.46,35.0,0.56,10.0,0.55,10.0,0.57,2.97,0.58,10.0,0.01,0.01,2326.093594,1776220230000
1776220232.192,32.192,0.45,25.05,0.44,58.0,0.46,31.0,0.47,79.3,0.54,16.0,0.53,66.3,0.55,20.05,0.56,74.0,0.01,0.01,2326.093594,1776220230000
1776220232.512,32.512,0.45,23.23,0.43,70.97,0.46,38.46,0.47,31.3,0.54,38.46,0.53,31.3,0.55,23.23,0.57,70.97,0.01,0.01,2326.051639,1776220231000
1776220233.022,33.022,0.45,23.23,0.43,70.97,0.46,38.46,0.47,31.3,0.54,38.46,0.53,31.3,0.55,23.23,0.57,70.97,0.01,0.01,2325.836635,1776220232000
1776220233.227,33.227,0.43,2.97,0.41,70.0,0.46,221.46,0.47,41.3,0.54,216.46,0.53,41.3,0.55,13.23,0.57,2.97,0.03,0.01,2325.836635,1776220232000
1776220234.035,34.035,0.43,2.97,0.41,26.06,0.44,224.86,0.45,25.0,0.54,221.46,0.53,41.3,0.57,2.97,0.59,70.0,0.01,0.03,2325.836635,1776220232000
1776220234.241,34.241,0.43,2.97,0.41,26.06,0.44,224.86,0.45,25.0,0.56,224.86,0.55,25.0,0.57,2.97,0.59,26.06,0.01,0.01,2325.836983,1776220233000
1776220235.277,35.277,0.41,10.0,0.4,137.0,0.44,258.0,0.45,25.0,0.56,224.86,0.55,25.0,0.57,2.97,0.59,26.06,0.03,0.01,2325.836983,1776220233000
1776220235.851,35.851,0.41,10.0,0.4,137.0,0.44,258.0,0.45,25.0,0.56,258.0,0.55,25.0,0.59,10.0,0.6,137.0,0.03,0.03,2325.599604,1776220235000
1776220236.114,36.114,0.41,7.93,0.4,17.0,0.43,233.0,0.44,73.0,0.56,258.0,0.55,25.0,0.59,10.0,0.6,137.0,0.02,0.03,2325.599604,1776220235000
1776220237.031,37.031,0.41,7.93,0.4,17.0,0.43,233.0,0.44,73.0,0.57,233.0,0.56,73.0,0.59,7.93,0.6,17.0,0.02,0.02,2325.539679,1776220236000
1776220238.032,38.032,0.41,7.93,0.4,17.0,0.43,233.0,0.44,73.0,0.57,233.0,0.56,73.0,0.59,7.93,0.6,17.0,0.02,0.02,2325.512086,1776220237000
1776220239.235,39.235,0.41,7.93,0.4,17.0,0.43,233.0,0.44,73.0,0.57,233.0,0.56,73.0,0.59,7.93,0.6,17.0,0.02,0.02,2325.509848,1776220238000
1776220240.018,40.018,0.41,7.93,0.4,17.0,0.42,126.19,0.43,121.0,0.58,126.19,0.57,121.0,0.59,7.93,0.6,17.0,0.01,0.01,2325.512924,1776220239000
1776220240.45,40.45,0.41,2.64,0.4,17.0,0.42,136.19,0.43,63.0,0.58,126.19,0.57,121.0,0.59,7.93,0.6,17.0,0.01,0.01,2325.512924,1776220239000
1776220241.568,41.568,0.41,0.23,0.4,17.0,0.42,136.19,0.43,63.0,0.58,136.19,0.57,63.0,0.59,2.64,0.6,17.0,0.01,0.01,2325.512924,1776220239000
1776220242.024,42.024,0.41,0.23,0.4,17.0,0.42,91.77,0.43,121.0,0.58,136.19,0.57,63.0,0.59,0.23,0.6,17.0,0.01,0.01,2325.524745,1776220240000
1776220242.417,42.417,0.41,0.23,0.4,17.0,0.42,91.77,0.43,121.0,0.58,91.77,0.57,121.0,0.59,0.23,0.6,17.0,0.01,0.01,2325.530357,1776220241000
1776220243.012,43.012,0.4,7.23,0.39,10.0,0.42,164.77,0.43,80.14,0.58,91.77,0.57,121.0,0.59,0.23,0.6,17.0,0.02,0.01,2325.530357,1776220241000
1776220244.224,44.224,0.4,7.23,0.39,10.0,0.42,164.77,0.43,80.14,0.58,164.77,0.57,80.14,0.6,7.23,0.61,10.0,0.02,0.02,2325.483281,1776220243000
1776220244.829,44.829,0.41,4.0,0.4,7.23,0.42,154.77,0.43,104.85,0.58,164.77,0.57,80.14,0.6,7.23,0.61,10.0,0.01,0.02,2325.483281,1776220243000
1776220246.322,46.322,0.4,5.56,0.39,10.0,0.41,173.01,0.42,108.0,0.58,154.77,0.57,104.85,0.59,4.0,0.6,7.23,0.01,0.01,2325.455986,1776220244000
1776220246.621,46.621,0.4,3.89,0.39,10.0,0.41,241.01,0.42,50.0,0.59,173.01,0.58,108.0,0.6,5.56,0.61,10.0,0.01,0.01,2325.433531,1776220245000
1776220247.028,47.028,0.39,5.89,0.38,15.95,0.41,205.0,0.42,105.13,0.59,205.0,0.58,105.13,0.61,5.89,0.62,15.95,0.02,0.02,2325.433392,1776220246000
1776220247.442,47.442,0.38,15.95,0.37,90.86,0.4,154.86,0.41,113.0,0.59,205.0,0.58,105.13,0.61,5.89,0.62,15.95,0.02,0.02,2325.433392,1776220246000
1776220247.831,47.831,0.38,15.95,0.37,90.86,0.4,154.86,0.41,113.0,0.6,154.86,0.59,113.0,0.62,15.95,0.63,90.86,0.02,0.02,2325.419745,1776220247000
1776220249.109,49.109,0.38,15.95,0.37,90.86,0.39,149.43,0.4,56.66,0.6,154.86,0.59,113.0,0.62,15.95,0.63,90.86,0.01,0.02,2325.419745,1776220247000
1776220249.597,49.597,0.38,15.95,0.37,90.86,0.39,149.43,0.4,56.66,0.61,149.43,0.6,56.66,0.62,15.95,0.63,90.86,0.01,0.01,2325.430031,1776220248000
1776220250.465,50.465,0.38,15.95,0.37,90.86,0.39,149.43,0.4,56.66,0.61,149.43,0.6,56.66,0.62,15.95,0.63,90.86,0.01,0.01,2325.430516,1776220249000
1776220251.028,51.028,0.38,15.95,0.37,90.86,0.39,149.43,0.4,56.66,0.61,149.43,0.6,56.66,0.62,15.95,0.63,90.86,0.01,0.01,2325.427402,1776220250000
1776220252.148,52.148,0.37,22.86,0.35,20.0,0.39,233.43,0.4,56.66,0.61,130.43,0.6,114.66,0.62,15.95,0.63,90.86,0.02,0.01,2325.427402,1776220250000
1776220252.436,52.436,0.35,20.0,0.34,10.0,0.38,172.0,0.39,96.43,0.62,159.0,0.61,96.43,0.63,7.86,0.65,20.0,0.03,0.01,2325.427402,1776220250000
1776220252.74,52.74,0.35,12.3,0.34,10.0,0.36,126.0,0.37,26.0,0.62,172.0,0.61,96.43,0.65,20.0,0.66,10.0,0.01,0.03,2325.427402,1776220250000
1776220252.982,52.982,0.35,12.3,0.34,10.0,0.36,170.66,0.37,26.0,0.64,126.0,0.63,26.0,0.65,12.3,0.66,10.0,0.01,0.01,2325.42798,1776220251000
1776220253.368,53.368,0.34,4.46,0.33,10.0,0.36,220.0,0.37,26.0,0.64,170.43,0.63,26.0,0.65,12.3,0.66,10.0,0.02,0.01,2325.42798,1776220251000
1776220253.623,53.623,0.33,11.15,0.32,10.0,0.36,220.0,0.37,26.0,0.64,220.0,0.63,26.0,0.66,4.46,0.67,10.0,0.03,0.02,2325.42798,1776220251000
1776220253.957,53.957,0.34,10.45,0.33,6.15,0.35,168.64,0.36,93.83,0.64,216.83,0.63,26.0,0.66,10.0,0.67,11.15,0.01,0.02,2325.427662,1776220252000
1776220254.187,54.187,0.34,26.45,0.33,69.15,0.35,45.64,0.36,57.0,0.65,168.64,0.64,93.83,0.66,10.45,0.67,6.15,0.01,0.01,2325.427662,1776220252000
1776220254.426,54.426,0.34,130.45,0.33,14.15,0.35,44.64,0.36,52.0,0.65,45.64,0.64,57.0,0.66,26.45,0.67,69.15,0.01,0.01,2325.260058,1776220253000
1776220254.845,54.845,0.32,10.0,0.31,20.0,0.35,34.69,0.36,142.75,0.65,9.69,0.64,52.0,0.66,103.49,0.67,14.15,0.03,0.01,2325.260058,1776220253000
1776220255.08,55.08,0.31,20.0,0.3,10.0,0.35,39.69,0.36,132.75,0.65,29.54,0.64,132.75,0.67,10.0,0.68,15.0,0.04,0.02,2325.260058,1776220253000
1776220255.394,55.394,0.3,8.42,0.29,250.99,0.32,94.69,0.33,15.0,0.66,10.0,0.65,117.69,0.71,305.99,0.72,27.0,0.02,0.05,2325.260058,1776220253000
1776220255.713,55.713,0.29,158.85,0.28,147.0,0.32,99.69,0.33,73.0,0.68,99.69,0.67,73.0,0.71,158.85,0.72,147.0,0.03,0.03,2325.149079,1776220254000
1776220256.14,56.14,0.29,171.85,0.28,147.0,0.3,80.0,0.31,45.0,0.68,99.69,0.67,73.0,0.71,158.85,0.72,147.0,0.01,0.03,2325.149079,1776220254000
1776220256.444,56.444,0.29,166.85,0.28,27.0,0.3,71.37,0.31,45.0,0.7,80.0,0.69,45.0,0.71,171.85,0.72,147.0,0.01,0.01,2325.149079,1776220254000
1776220256.955,56.955,0.29,157.16,0.28,27.0,0.3,61.37,0.31,45.0,0.7,61.37,0.69,45.0,0.71,157.16,0.72,27.0,0.01,0.01,2325.119794,1776220255000
1776220257.171,57.171,0.31,10.85,0.3,60.75,0.32,92.0,0.33,15.0,0.68,5.0,0.67,15.0,0.71,125.75,0.72,42.0,0.01,0.03,2325.119794,1776220255000
1776220257.401,57.401,0.31,10.85,0.3,128.75,0.32,102.0,0.33,20.0,0.68,105.74,0.67,20.0,0.69,15.85,0.7,128.75,0.01,0.01,2325.119794,1776220255000
1776220257.722,57.722,0.31,41.6,0.3,136.75,0.32,93.87,0.33,20.0,0.68,98.87,0.67,20.0,0.69,15.85,0.7,128.75,0.01,0.01,2325.119794,1776220256000
1776220258.092,58.092,0.31,41.6,0.3,136.75,0.32,93.87,0.33,20.0,0.68,93.87,0.67,20.0,0.69,41.6,0.7,136.75,0.01,0.01,2325.060913,1776220257000
1776220259.194,59.194,0.31,41.6,0.3,136.75,0.32,93.87,0.33,20.0,0.68,93.87,0.67,20.0,0.69,41.6,0.7,136.75,0.01,0.01,2325.096145,1776220258000
1776220260.227,60.227,0.29,31.61,0.28,83.89,0.31,200.07,0.32,55.0,0.69,195.07,0.68,55.0,0.7,10.0,0.71,18.0,0.02,0.01,2325.096145,1776220258000
1776220260.706,60.706,0.29,21.61,0.28,83.89,0.3,115.0,0.31,140.07,0.69,200.07,0.68,55.0,0.71,31.61,0.72,83.89,0.01,0.02,2325.260329,1776220259000
1776220260.959,60.959,0.29,20.2,0.28,83.89,0.3,110.0,0.31,140.07,0.7,110.0,0.69,140.07,0.71,20.2,0.72,83.89,0.01,0.01,2325.253317,1776220260000
1776220261.633,61.633,0.27,10.06,0.26,40.7,0.28,45.0,0.29,67.0,0.7,110.0,0.69,140.07,0.71,20.2,0.72,83.89,0.01,0.01,2325.253317,1776220260000
1776220261.984,61.984,0.27,5.06,0.26,42.7,0.28,128.88,0.29,67.0,0.72,45.0,0.71,67.0,0.73,10.06,0.74,40.7,0.01,0.01,2325.253317,1776220260000
1776220262.506,62.506,0.26,42.7,0.25,125.2,0.27,116.03,0.28,57.3,0.72,117.3,0.71,125.0,0.74,42.7,0.75,125.2,0.01,0.02,2325.263384,1776220261000
1776220262.933,62.933,0.26,29.06,0.25,20.0,0.27,222.06,0.28,57.3,0.73,139.06,0.72,57.3,0.74,24.0,0.75,115.2,0.01,0.01,2325.263384,1776220261000
1776220263.14,63.14,0.22,17.35,0.21,60.7,0.24,75.0,0.25,10.0,0.76,35.0,0.75,10.0,0.78,14.92,0.79,60.7,0.02,0.02,2325.263384,1776220261000
1776220263.779,63.779,0.21,29.0,0.2,37.5,0.22,60.9,0.23,10.0,0.76,75.0,0.75,10.0,0.78,17.35,0.79,60.7,0.01,0.02,2325.191562,1776220262000
1776220264.137,64.137,0.21,5.0,0.2,15.0,0.22,168.9,0.23,20.0,0.78,158.9,0.77,20.0,0.79,24.0,0.8,37.5,0.01,0.01,2325.191562,1776220262000
1776220264.634,64.634,0.2,1.0,0.18,24.4,0.21,108.0,0.22,5.9,0.78,168.9,0.77,20.0,0.8,14.0,0.81,33.4,0.01,0.02,2324.876637,1776220263000
1776220264.853,64.853,0.2,5.9,0.17,14.0,0.21,253.87,0.22,5.9,0.79,183.0,0.78,5.9,0.8,0.9,0.82,24.4,0.01,0.01,2324.644408,1776220264000
1776220265.117,65.117,0.16,15.37,0.14,31.0,0.18,6.09,0.21,233.87,0.79,238.87,0.78,5.9,0.84,65.37,0.86,31.0,0.02,0.05,2324.644408,1776220264000
1776220265.651,65.651,0.16,24.0,0.14,31.0,0.2,12.0,0.21,80.0,0.82,6.09,0.79,233.87,0.84,2.01,0.86,31.0,0.04,0.02,2324.644408,1776220264000
1776220266.083,66.083,0.14,16.99,0.13,5.0,0.15,6.0,0.17,36.14,0.85,6.0,0.83,36.14,0.86,16.99,0.87,5.0,0.01,0.01,2324.281353,1776220265000
1776220266.412,66.412,0.12,89.19,0.11,86.79,0.14,5.0,0.15,26.0,0.85,15.0,0.84,5.0,0.87,5.0,0.88,159.19,0.02,0.02,2324.281353,1776220265000
1776220267.017,67.017,0.12,84.2,0.11,86.79,0.13,20.0,0.14,149.88,0.87,15.0,0.86,49.88,0.88,94.53,0.89,86.79,0.01,0.01,2324.281353,1776220265000
1776220267.347,67.347,0.12,39.34,0.11,86.79,0.13,25.0,0.14,144.88,0.87,25.0,0.86,144.88,0.88,64.34,0.89,86.79,0.01,0.01,2323.270875,1776220266000
1776220267.608,67.608,0.12,13.66,0.11,86.79,0.13,30.0,0.14,150.88,0.87,30.0,0.86,144.88,0.88,43.66,0.89,86.79,0.01,0.01,2323.270875,1776220266000
1776220267.861,67.861,0.12,106.11,0.11,199.89,0.13,10.0,0.14,34.88,0.87,30.0,0.86,150.88,0.88,13.66,0.89,86.79,0.01,0.01,2323.270875,1776220266000
1776220268.199,68.199,0.14,30.0,0.13,30.0,0.15,2.53,0.16,20.0,0.84,109.93,0.83,259.56,0.88,131.11,0.89,192.89,0.01,0.04,2323.270875,1776220266000
1776220268.435,68.435,0.14,45.0,0.13,86.8,0.15,2.53,0.16,20.0,0.85,2.53,0.84,20.0,0.86,30.0,0.87,30.0,0.01,0.01,2323.066947,1776220267000
1776220268.721,68.721,0.14,29.9,0.13,61.8,0.16,26.88,0.17,154.56,0.85,2.53,0.84,20.0,0.86,10.02,0.87,111.8,0.02,0.01,2323.066947,1776220267000
1776220268.994,68.994,0.14,3.44,0.13,31.8,0.15,137.0,0.16,63.88,0.84,26.88,0.83,154.56,0.86,29.9,0.87,61.8,0.01,0.02,2323.066947,1776220267000
1776220269.283,69.283,0.12,1.11,0.11,36.79,0.13,21.0,0.14,51.0,0.86,15.0,0.85,136.0,0.87,21.9,0.88,1.11,0.01,0.01,2323.066947,1776220267000
1776220269.573,69.573,0.12,1.11,0.11,36.79,0.13,21.0,0.14,51.0,0.87,21.0,0.86,51.0,0.88,1.11,0.89,36.79,0.01,0.01,2323.074595,1776220268000
1776220269.952,69.952,0.12,5.52,0.11,99.18,0.13,51.0,0.14,51.0,0.87,76.0,0.86,81.0,0.88,7.77,0.89,45.97,0.01,0.01,2323.074595,1776220268000
1776220271.427,71.427,0.1,289.48,0.09,282.1,0.13,124.0,0.14,43.0,0.87,51.0,0.86,51.0,0.88,5.52,0.89,99.18,0.03,0.01,2323.285811,1776220269000
1776220271.757,71.757,0.1,289.48,0.09,282.1,0.11,5.9,0.12,39.0,0.87,124.0,0.86,43.0,0.9,289.48,0.91,282.1,0.01,0.03,2323.285811,1776220269000
1776220272.294,72.294,0.1,134.98,0.09,222.1,0.11,20.9,0.12,44.0,0.89,5.9,0.88,39.0,0.9,269.48,0.91,222.1,0.01,0.01,2322.914832,1776220270000
1776220272.626,72.626,0.1,38.1,0.09,106.57,0.11,30.9,0.12,49.0,0.89,20.9,0.88,44.0,0.9,109.98,0.91,222.1,0.01,0.01,2322.925167,1776220271000
1776220272.93,72.93,0.1,38.1,0.09,106.57,0.11,30.9,0.12,49.0,0.89,30.9,0.88,49.0,0.9,38.1,0.91,106.57,0.01,0.01,2322.88553,1776220272000
1776220273.199,73.199,0.1,33.1,0.09,106.57,0.11,52.7,0.12,149.0,0.89,66.8,0.88,149.0,0.9,33.1,0.91,106.57,0.01,0.01,2322.88553,1776220272000
1776220273.659,73.659,0.1,31.98,0.09,106.57,0.11,39.51,0.12,149.0,0.89,34.51,0.88,149.0,0.9,33.1,0.91,106.57,0.01,0.01,2322.88553,1776220272000
1776220273.932,73.932,0.1,74.04,0.09,156.57,0.11,34.51,0.12,149.0,0.89,39.51,0.88,149.0,0.9,31.98,0.91,106.57,0.01,0.01,2322.88553,1776220272000
1776220274.904,74.904,0.1,119.1,0.09,230.63,0.11,34.51,0.12,149.0,0.89,34.51,0.88,149.0,0.9,119.1,0.91,230.63,0.01,0.01,2322.84687,1776220274000
1776220275.532,75.532,0.09,51.22,0.08,163.4,0.1,10.0,0.11,35.0,0.89,34.51,0.88,149.0,0.9,119.1,0.91,230.63,0.01,0.01,2322.84687,1776220274000
1776220275.825,75.825,0.09,51.22,0.08,163.4,0.1,10.0,0.11,35.0,0.9,10.0,0.89,35.0,0.91,51.22,0.92,163.4,0.01,0.01,2322.857303,1776220275000
1776220276.831,76.831,0.09,51.22,0.08,163.4,0.1,10.0,0.11,35.0,0.9,10.0,0.89,35.0,0.91,51.22,0.92,163.4,0.01,0.01,2322.738349,1776220276000
1776220277.649,77.649,0.09,56.22,0.08,98.9,0.1,25.3,0.11,20.0,0.9,10.0,0.89,35.0,0.91,51.22,0.92,163.4,0.01,0.01,2322.738349,1776220276000
1776220278.022,78.022,0.09,97.22,0.08,253.89,0.1,2.3,0.11,40.0,0.9,25.3,0.89,20.0,0.91,56.22,0.92,98.9,0.01,0.01,2322.720961,1776220277000
1776220278.394,78.394,0.1,52.7,0.09,102.22,0.11,70.0,0.12,24.0,0.89,40.0,0.88,24.0,0.9,27.7,0.91,102.22,0.01,0.01,2322.720961,1776220277000
1776220278.839,78.839,0.1,49.6,0.09,102.22,0.11,70.0,0.12,24.0,0.89,70.0,0.88,24.0,0.9,49.6,0.91,102.22,0.01,0.01,2322.719997,1776220278000
1776220279.865,79.865,0.1,84.0,0.09,128.21,0.11,25.0,0.12,29.0,0.89,70.0,0.88,24.0,0.9,49.6,0.91,102.22,0.01,0.01,2322.719997,1776220278000
1776220280.208,80.208,0.1,42.93,0.09,128.21,0.11,113.33,0.12,29.0,0.89,25.0,0.88,29.0,0.9,84.0,0.91,128.21,0.01,0.01,2322.719997,1776220278000
1776220281.213,81.213,0.1,42.93,0.09,128.21,0.11,113.33,0.12,29.0,0.89,113.33,0.88,29.0,0.9,42.93,0.91,128.21,0.01,0.01,2322.853919,1776220280000
1776220281.633,81.633,0.1,64.0,0.09,170.21,0.11,105.14,0.12,29.0,0.89,113.33,0.88,29.0,0.9,42.93,0.91,128.21,0.01,0.01,2322.853919,1776220280000
1776220281.954,81.954,0.1,81.0,0.09,267.21,0.11,50.72,0.12,5.0,0.89,105.14,0.88,29.0,0.9,64.0,0.91,170.21,0.01,0.01,2322.853919,1776220280000
1776220282.158,82.158,0.1,224.99,0.09,139.11,0.11,19.6,0.12,5.0,0.89,19.6,0.88,5.0,0.9,224.99,0.91,139.11,0.01,0.01,2322.870128,1776220281000
1776220282.483,82.483,0.11,100.01,0.1,267.47,0.13,5.0,0.14,49.26,0.89,4.6,0.88,5.0,0.9,154.0,0.91,184.11,0.02,0.01,2322.870128,1776220281000
1776220282.722,82.722,0.12,186.11,0.11,73.9,0.13,30.0,0.14,28.26,0.87,5.0,0.86,49.26,0.89,100.01,0.9,267.47,0.01,0.02,2322.870128,1776220281000
1776220282.929,82.929,0.12,47.48,0.11,149.0,0.14,28.26,0.15,5.0,0.87,30.0,0.86,28.26,0.88,46.43,0.89,73.9,0.02,0.01,2322.870128,1776220281000
1776220283.213,83.213,0.12,47.48,0.11,149.0,0.14,28.26,0.15,5.0,0.86,28.26,0.85,5.0,0.88,47.48,0.89,149.0,0.02,0.02,2323.042764,1776220282000
1776220283.871,83.871,0.13,65.62,0.12,60.0,0.14,27.4,0.15,10.0,0.86,28.26,0.85,5.0,0.88,47.48,0.89,149.0,0.01,0.02,2323.042764,1776220282000
1776220284.107,84.107,0.13,70.62,0.12,60.0,0.14,14.14,0.15,10.0,0.84,15.0,0.83,170.58,0.87,65.62,0.88,60.0,0.01,0.03,2323.042764,1776220282000
1776220284.559,84.559,0.14,26.98,0.13,43.14,0.15,809.45,0.16,136.0,0.83,142.46,0.82,187.98,0.87,70.62,0.88,60.0,0.01,0.04,2323.042764,1776220282000
1776220284.836,84.836,0.1,68.01,0.09,72.0,0.14,12.52,0.15,195.0,0.85,809.45,0.84,136.0,0.86,26.98,0.87,43.14,0.04,0.01,2323.423345,1776220283000
1776220285.104,85.104,0.1,9.9,0.09,54.0,0.12,42.0,0.13,22.0,0.88,42.0,0.87,22.0,0.9,9.9,0.91,54.0,0.02,0.02,2323.423345,1776220284000
1776220285.468,85.468,0.1,9.9,0.09,54.0,0.11,35.9,0.12,131.43,0.88,51.62,0.87,44.0,0.9,9.9,0.91,54.0,0.01,0.02,2323.423345,1776220284000
1776220286.207,86.207,0.1,9.9,0.09,54.0,0.11,35.9,0.12,131.43,0.89,35.9,0.88,131.43,0.9,9.9,0.91,54.0,0.01,0.01,2323.431583,1776220285000
1776220287.084,87.084,0.08,10.0,0.07,70.3,0.1,13.0,0.11,184.0,0.89,35.9,0.88,131.43,0.9,9.9,0.91,54.0,0.02,0.01,2323.431583,1776220285000
1776220287.377,87.377,0.08,15.0,0.07,15.0,0.09,231.0,0.1,46.12,0.9,13.0,0.89,184.0,0.92,10.0,0.93,70.3,0.01,0.02,2323.032978,1776220286000
1776220287.707,87.707,0.06,73.8,0.05,141.69,0.09,418.0,0.1,171.12,0.91,231.0,0.9,46.12,0.92,15.0,0.93,15.0,0.03,0.01,2323.032978,1776220286000
1776220287.917,87.917,0.05,75.69,0.04,156.3,0.07,167.0,0.08,115.0,0.93,172.0,0.92,115.0,0.95,128.69,0.96,156.3,0.02,0.02,2323.032978,1776220286000
1776220288.226,88.226,0.04,212.19,0.03,729.24,0.06,177.0,0.07,123.0,0.94,177.0,0.93,123.0,0.96,212.19,0.97,729.24,0.02,0.02,2322.811803,1776220287000
1776220288.807,88.807,0.05,8.94,0.04,376.24,0.06,198.52,0.07,10.0,0.94,23.0,0.93,16.0,0.96,196.55,0.97,589.24,0.01,0.02,2322.811803,1776220287000
1776220289.164,89.164,0.05,19.88,0.04,381.24,0.06,15.57,0.07,17.0,0.94,195.09,0.93,10.0,0.95,8.94,0.96,376.24,0.01,0.01,2322.811803,1776220287000
1776220289.686,89.686,0.04,227.5,0.03,526.23,0.05,71.0,0.06,10.0,0.94,30.57,0.93,317.0,0.96,355.07,0.97,826.24,0.01,0.02,2322.697597,1776220288000
1776220289.933,89.933,0.04,227.5,0.03,763.24,0.05,4.6,0.06,10.0,0.95,51.0,0.94,10.0,0.96,227.5,0.97,526.23,0.01,0.01,2322.697597,1776220288000
1776220290.205,90.205,0.04,227.5,0.03,763.24,0.05,4.6,0.06,10.0,0.95,4.6,0.94,10.0,0.96,227.5,0.97,763.24,0.01,0.01,2321.303361,1776220289000
1776220290.611,90.611,0.04,249.5,0.03,763.24,0.05,14.6,0.06,10.0,0.95,4.6,0.94,10.0,0.96,227.5,0.97,763.24,0.01,0.01,2321.303361,1776220289000
1776220290.957,90.957,0.04,240.68,0.03,763.24,0.05,14.6,0.06,27.0,0.95,14.6,0.94,20.0,0.96,243.5,0.97,763.24,0.01,0.01,2321.303361,1776220289000
1776220291.223,91.223,0.04,240.68,0.03,763.24,0.05,14.6,0.06,27.0,0.95,14.6,0.94,27.0,0.96,240.68,0.97,763.24,0.01,0.01,2321.167369,1776220290000
1776220292.218,92.218,0.04,240.68,0.03,763.24,0.05,14.6,0.06,27.0,0.95,14.6,0.94,27.0,0.96,240.68,0.97,763.24,0.01,0.01,2321.11692,1776220291000
1776220292.779,92.779,0.04,234.63,0.03,763.24,0.05,9.6,0.06,327.0,0.95,14.6,0.94,27.0,0.96,240.68,0.97,763.24,0.01,0.01,2321.11692,1776220291000
1776220293.132,93.132,0.04,238.51,0.03,763.24,0.05,14.6,0.06,327.0,0.95,9.6,0.94,327.0,0.96,234.63,0.97,763.24,0.01,0.01,2321.11692,1776220291000
1776220293.908,93.908,0.04,33.57,0.03,589.24,0.05,29.6,0.06,227.0,0.95,14.6,0.94,327.0,0.96,238.51,0.97,763.24,0.01,0.01,2321.192446,1776220292000
1776220294.255,94.255,0.04,33.57,0.03,589.24,0.05,29.6,0.06,227.0,0.95,29.6,0.94,227.0,0.96,33.57,0.97,589.24,0.01,0.01,2321.200269,1776220293000
1776220294.807,94.807,0.04,33.57,0.03,407.53,0.05,344.92,0.06,227.0,0.95,29.6,0.94,227.0,0.96,33.57,0.97,589.24,0.01,0.01,2321.200269,1776220293000
1776220295.365,95.365,0.04,33.57,0.03,407.53,0.05,344.92,0.06,227.0,0.95,344.92,0.94,227.0,0.96,33.57,0.97,407.53,0.01,0.01,2321.184625,1776220294000
1776220295.842,95.842,0.04,33.57,0.03,407.53,0.05,344.92,0.06,227.0,0.95,344.92,0.94,227.0,0.96,33.57,0.97,407.53,0.01,0.01,2320.965815,1776220295000
1776220296.246,96.246,0.04,43.57,0.03,708.54,0.05,102.52,0.06,678.8,0.95,344.92,0.94,227.0,0.96,33.57,0.97,407.53,0.01,0.01,2320.965815,1776220295000
1776220296.499,96.499,0.04,65.69,0.03,708.54,0.05,107.52,0.06,678.8,0.95,102.52,0.94,678.8,0.96,43.57,0.97,708.54,0.01,0.01,2320.965815,1776220295000
1776220296.81,96.81,0.04,65.69,0.03,708.54,0.05,86.52,0.06,668.8,0.95,107.52,0.94,678.8,0.96,65.69,0.97,708.54,0.01,0.01,2320.965815,1776220295000
1776220297.125,97.125,0.04,25.44,0.03,397.53,0.05,80.51,0.06,17.0,0.95,86.52,0.94,668.8,0.96,65.69,0.97,708.54,0.01,0.01,2320.9688,1776220296000
1776220297.339,97.339,0.03,122.53,0.02,599.89,0.04,450.0,0.05,90.51,0.96,150.0,0.95,90.51,0.97,374.43,0.98,599.89,0.01,0.01,2320.9688,1776220296000
1776220297.628,97.628,0.03,112.94,0.02,841.6,0.04,280.63,0.05,97.51,0.96,269.38,0.95,103.53,0.97,127.18,0.98,657.9,0.01,0.01,2320.9688,1776220296000
1776220298.094,98.094,0.03,101.94,0.02,846.6,0.04,118.63,0.05,172.51,0.96,275.63,0.95,97.51,0.97,91.94,0.98,841.6,0.01,0.01,2320.9688,1776220296000
1776220298.318,98.318,0.03,101.94,0.02,846.6,0.04,118.63,0.05,172.51,0.96,118.63,0.95,172.51,0.97,101.94,0.98,846.6,0.01,0.01,2321.030489,1776220297000
1776220299.401,99.401,0.03,101.94,0.02,846.6,0.04,118.63,0.05,172.51,0.96,118.63,0.95,172.51,0.97,101.94,0.98,846.6,0.01,0.01,2320.28994,1776220298000
1776220299.657,99.657,0.03,384.48,0.02,521.59,0.04,118.63,0.05,77.51,0.96,118.63,0.95,172.51,0.97,101.94,0.98,846.6,0.01,0.01,2320.28994,1776220298000
1776220299.927,99.927,0.03,384.48,0.02,521.59,0.04,118.63,0.05,77.51,0.96,118.63,0.95,77.51,0.97,384.48,0.98,521.59,0.01,0.01,2320.694047,1776220299000
1776220300.143,100.143,0.03,447.71,0.02,611.48,0.04,108.63,0.05,65.51,0.96,118.63,0.95,70.51,0.97,453.18,0.98,611.48,0.01,0.01,2320.694047,1776220299000
1776220301.05,101.05,0.03,447.71,0.02,611.48,0.04,58.63,0.05,65.51,0.96,58.63,0.95,65.51,0.97,447.71,0.98,611.48,0.01,0.01,2320.970099,1776220300000
1776220301.261,101.261,0.03,317.83,0.02,924.93,0.04,31.0,0.05,70.51,0.96,58.63,0.95,65.51,0.97,447.71,0.98,611.48,0.01,0.01,2320.970099,1776220300000
1776220302.112,102.112,0.03,317.83,0.02,924.93,0.04,31.0,0.05,70.51,0.96,31.0,0.95,70.51,0.97,317.83,0.98,924.93,0.01,0.01,2321.135683,1776220301000
1776220303.195,103.195,0.03,317.83,0.02,924.93,0.04,31.0,0.05,70.51,0.96,31.0,0.95,70.51,0.97,317.83,0.98,924.93,0.01,0.01,2321.174494,1776220302000
1776220304.113,104.113,0.03,416.83,0.02,521.59,0.04,23.51,0.05,70.51,0.96,31.0,0.95,70.51,0.97,317.83,0.98,924.93,0.01,0.01,2321.174494,1776220302000
1776220305.341,105.341,0.03,416.83,0.02,521.59,0.04,23.51,0.05,70.51,0.96,23.51,0.95,70.51,0.97,416.83,0.98,521.59,0.01,0.01,2320.93143,1776220304000
1776220305.922,105.922,0.03,416.83,0.02,521.59,0.04,23.51,0.05,70.51,0.96,23.51,0.95,70.51,0.97,416.83,0.98,521.59,0.01,0.01,2320.93143,1776220305000
1776220307.02,107.02,0.03,416.83,0.02,521.59,0.04,23.51,0.05,70.51,0.96,23.51,0.95,70.51,0.97,416.83,0.98,521.59,0.01,0.01,2320.955982,1776220306000
1776220308.06,108.06,0.03,416.83,0.02,521.59,0.04,23.51,0.05,70.51,0.96,23.51,0.95,70.51,0.97,416.83,0.98,521.59,0.01,0.01,2320.967095,1776220307000
1776220309.17,109.17,0.03,416.83,0.02,521.59,0.04,23.51,0.05,70.51,0.96,23.51,0.95,70.51,0.97,416.83,0.98,521.59,0.01,0.01,2321.099665,1776220308000
1776220310.369,110.369,0.03,416.83,0.02,521.59,0.04,23.51,0.05,70.51,0.96,23.51,0.95,70.51,0.97,416.83,0.98,521.59,0.01,0.01,2321.186225,1776220309000
1776220310.945,110.945,0.03,416.83,0.02,521.59,0.04,23.51,0.05,70.51,0.96,23.51,0.95,70.51,0.97,416.83,0.98,521.59,0.01,0.01,2321.144381,1776220310000
1776220311.921,111.921,0.03,115.0,0.02,1110.87,0.04,30.82,0.05,70.51,0.96,23.51,0.95,70.51,0.97,416.83,0.98,521.59,0.01,0.01,2321.144381,1776220310000
1776220312.331,112.331,0.03,115.0,0.02,1110.87,0.04,30.82,0.05,70.51,0.96,30.82,0.95,70.51,0.97,115.0,0.98,1110.87,0.01,0.01,2321.130654,1776220311000
1776220312.828,112.828,0.03,115.0,0.02,1110.87,0.04,30.82,0.05,70.51,0.96,30.82,0.95,70.51,0.97,115.0,0.98,1110.87,0.01,0.01,2321.13042,1776220312000
1776220313.897,113.897,0.04,4.75,0.03,361.0,0.05,55.51,0.06,75.38,0.95,55.51,0.94,75.38,0.96,4.75,0.97,361.0,0.01,0.01,2320.929465,1776220313000
1776220314.323,114.323,0.04,7.14,0.03,417.83,0.05,70.51,0.06,92.88,0.95,55.51,0.94,75.38,0.96,4.75,0.97,361.0,0.01,0.01,2320.929465,1776220313000
1776220314.912,114.912,0.04,7.14,0.03,417.83,0.05,70.51,0.06,92.88,0.95,70.51,0.94,92.88,0.96,7.14,0.97,417.83,0.01,0.01,2320.894242,1776220314000
1776220315.972,115.972,0.04,7.14,0.03,417.83,0.05,70.51,0.06,92.88,0.95,70.51,0.94,92.88,0.96,7.14,0.97,417.83,0.01,0.01,2320.989646,1776220315000
1776220317.159,117.159,0.04,7.14,0.03,417.83,0.05,70.51,0.06,92.88,0.95,70.51,0.94,92.88,0.96,7.14,0.97,417.83,0.01,0.01,2320.936,1776220316000
1776220317.416,117.416,0.03,115.0,0.02,781.42,0.05,125.51,0.06,207.88,0.95,70.51,0.94,92.88,0.96,7.14,0.97,417.83,0.02,0.01,2320.936,1776220316000
1776220317.973,117.973,0.03,110.0,0.02,597.72,0.04,137.0,0.05,85.51,0.95,125.51,0.94,207.88,0.97,115.0,0.98,781.42,0.01,0.02,2320.936,1776220316000
1776220318.26,118.26,0.03,105.0,0.02,597.72,0.04,137.0,0.05,95.51,0.96,137.0,0.95,85.51,0.97,110.0,0.98,597.72,0.01,0.01,2320.913249,1776220317000
1776220319.269,119.269,0.03,105.0,0.02,597.72,0.04,137.0,0.05,95.51,0.96,137.0,0.95,95.51,0.97,105.0,0.98,597.72,0.01,0.01,2320.765294,1776220318000
1776220319.639,119.639,0.02,260.25,0.01,2679.6,0.03,228.0,0.04,32.0,0.96,67.0,0.95,95.51,0.98,281.25,0.99,2679.6,0.01,0.02,2320.765294,1776220318000
1776220320.345,120.345,0.02,260.25,0.01,2679.6,0.03,228.0,0.04,32.0,0.97,228.0,0.96,32.0,0.98,260.25,0.99,2679.6,0.01,0.01,2320.414929,1776220319000
1776220321.12,121.12,0.02,243.24,0.01,3074.6,0.03,241.21,0.04,632.0,0.97,133.0,0.96,232.0,0.98,243.24,0.99,3074.6,0.01,0.01,2320.414929,1776220319000
1776220321.589,121.589,0.02,193.74,0.01,3373.05,0.03,141.78,0.04,632.0,0.97,236.78,0.96,232.0,0.98,243.24,0.99,3074.6,0.01,0.01,2319.974514,1776220320000
1776220321.82,121.82,0.02,193.74,0.01,3373.05,0.03,141.78,0.04,632.0,0.97,141.78,0.96,632.0,0.98,193.74,0.99,3373.05,0.01,0.01,2319.94013,1776220321000
1776220322.115,122.115,0.02,38.85,0.01,3312.04,0.03,128.78,0.04,232.0,0.97,141.78,0.96,632.0,0.98,101.48,0.99,3441.15,0.01,0.01,2319.94013,1776220321000
1776220322.879,122.879,0.02,38.85,0.01,3312.04,0.03,84.36,0.04,232.0,0.97,84.36,0.96,232.0,0.98,38.85,0.99,3312.04,0.01,0.01,2319.899275,1776220322000
1776220323.401,123.401,0.01,3292.04,,,0.03,465.52,0.04,22.0,0.97,65.21,0.96,22.0,0.98,33.35,0.99,3312.04,0.02,0.01,2319.899275,1776220322000
1776220323.702,123.702,0.01,2811.59,,,0.02,132.0,0.03,457.52,0.97,465.52,0.96,22.0,0.99,3277.04,,,0.01,0.02,2319.899275,1776220322000
1776220324.051,124.051,0.01,2729.59,,,0.02,202.75,0.03,451.52,0.98,207.75,0.97,457.52,0.99,2696.59,,,0.01,0.01,2319.740417,1776220323000
1776220325.172,125.172,0.01,2810.54,,,0.02,292.75,0.03,51.52,0.98,192.75,0.97,51.52,0.99,2684.54,,,0.01,0.01,2319.740417,1776220323000
1776220325.561,125.561,0.01,2640.54,,,0.02,292.75,0.03,51.52,0.98,292.75,0.97,51.52,0.99,2810.54,,,0.01,0.01,2319.740417,1776220323000
1776220325.937,125.937,0.01,2640.54,,,0.02,292.75,0.03,51.52,0.98,292.75,0.97,51.52,0.99,2640.54,,,0.01,0.01,2319.495805,1776220324000
1776220326.793,126.793,0.01,2640.54,,,0.02,292.75,0.03,51.52,0.98,292.75,0.97,51.52,0.99,2640.54,,,0.01,0.01,2319.402127,1776220325000
1776220327.469,127.469,0.01,2551.31,,,0.02,190.75,0.03,257.54,0.98,292.75,0.97,651.52,0.99,2908.99,,,0.01,0.01,2319.402127,1776220325000
1776220328.156,128.156,0.01,2541.31,,,0.02,190.75,0.03,257.54,0.98,190.75,0.97,257.54,0.99,2541.31,,,0.01,0.01,2319.519856,1776220327000
1776220329.282,129.282,0.01,2924.62,,,0.02,190.95,0.03,35.52,0.98,200.95,0.97,257.54,0.99,2908.59,,,0.01,0.01,2319.519856,1776220327000
1776220329.663,129.663,0.01,2631.17,,,0.02,80.95,0.03,135.52,0.98,90.95,0.97,135.52,0.99,2606.17,,,0.01,0.01,2319.519856,1776220327000
1776220330.464,130.464,0.01,2631.17,,,0.02,80.95,0.03,135.52,0.98,80.95,0.97,135.52,0.99,2631.17,,,0.01,0.01,2319.584655,1776220329000
1776220330.895,130.895,0.01,2794.14,,,0.02,30.95,0.03,135.52,0.98,80.95,0.97,135.52,0.99,2631.17,,,0.01,0.01,2319.584655,1776220329000
1776220332.048,132.048,0.01,3029.62,,,0.04,100.0,0.05,427.0,0.98,30.95,0.97,135.52,0.99,2773.17,,,0.03,0.01,2319.88799,1776220330000
1776220332.268,132.268,0.03,8.89,0.02,240.89,0.04,95.0,0.05,432.0,0.96,90.0,0.95,427.0,0.97,10.0,0.98,303.99,0.01,0.01,2319.88799,1776220330000
1776220332.938,132.938,0.03,63.99,0.02,240.89,0.04,95.0,0.05,32.0,0.96,95.0,0.95,32.0,0.97,63.99,0.98,240.89,0.01,0.01,2320.383156,1776220332000
1776220333.199,133.199,0.03,149.96,0.02,476.42,0.05,136.0,0.06,112.88,0.95,111.0,0.94,107.88,0.97,134.96,0.98,292.72,0.02,0.02,2320.383156,1776220332000
1776220334.183,134.183,0.03,149.96,0.02,476.42,0.05,136.0,0.06,112.88,0.95,136.0,0.94,112.88,0.97,149.96,0.98,476.42,0.02,0.02,2320.743025,1776220333000
1776220335.518,135.518,0.03,149.96,0.02,476.42,0.05,136.0,0.06,112.88,0.95,136.0,0.94,112.88,0.97,149.96,0.98,476.42,0.02,0.02,2320.950274,1776220334000
1776220336.154,136.154,0.04,24.89,0.03,212.72,0.05,11.0,0.06,107.88,0.95,11.0,0.94,107.88,0.96,24.89,0.97,212.72,0.01,0.01,2320.964699,1776220335000
1776220337.377,137.377,0.04,24.89,0.03,212.72,0.05,11.0,0.06,107.88,0.95,11.0,0.94,107.88,0.96,24.89,0.97,212.72,0.01,0.01,2321.194004,1776220336000
1776220337.972,137.972,0.03,68.0,0.02,289.83,0.05,110.0,0.06,196.88,0.95,11.0,0.94,107.88,0.96,24.89,0.97,212.72,0.02,0.01,2321.194004,1776220336000
1776220339.179,139.179,0.03,65.0,0.02,225.72,0.04,131.31,0.05,110.0,0.95,110.0,0.94,196.88,0.97,68.0,0.98,289.83,0.01,0.02,2321.295944,1776220337000
1776220340.364,140.364,0.03,65.0,0.02,225.72,0.04,131.31,0.05,110.0,0.96,131.31,0.95,110.0,0.97,65.0,0.98,225.72,0.01,0.01,2320.88132,1776220339000
1776220341.108,141.108,0.03,65.0,0.02,225.72,0.04,131.31,0.05,110.0,0.96,131.31,0.95,110.0,0.97,65.0,0.98,225.72,0.01,0.01,2320.88132,1776220340000
1776220341.712,141.712,0.02,3.83,0.01,2394.18,0.04,258.31,0.05,61.0,0.96,131.31,0.95,110.0,0.97,65.0,0.98,225.72,0.02,0.01,2320.88132,1776220340000
1776220342.024,142.024,0.01,2406.25,,,0.04,228.06,0.05,126.8,0.96,258.31,0.95,61.0,0.98,3.83,0.99,2394.18,0.03,0.02,2320.88132,1776220340000
1776220342.375,142.375,0.02,48.0,0.01,2482.17,0.03,143.0,0.04,133.06,0.96,228.06,0.95,126.8,0.99,2406.25,,,0.01,0.03,2320.88132,1776220340000
1776220342.729,142.729,0.02,48.0,0.01,2482.17,0.03,143.0,0.04,133.06,0.97,143.0,0.96,133.06,0.98,48.0,0.99,2482.17,0.01,0.01,2320.6356,1776220341000
1776220343.293,143.293,0.02,48.0,0.01,2482.17,0.03,143.0,0.04,133.06,0.97,143.0,0.96,133.06,0.98,48.0,0.99,2482.17,0.01,0.01,2320.492035,1776220342000
1776220344.261,144.261,0.02,48.0,0.01,2482.17,0.03,143.0,0.04,133.06,0.97,143.0,0.96,133.06,0.98,48.0,0.99,2482.17,0.01,0.01,2320.299924,1776220343000
1776220344.733,144.733,0.01,2682.62,,,0.03,143.15,0.04,98.06,0.97,143.0,0.96,133.06,0.98,48.0,0.99,2482.17,0.02,0.01,2320.299924,1776220343000
1776220345.266,145.266,0.01,2682.62,,,0.03,143.15,0.04,98.06,0.97,143.15,0.96,98.06,0.99,2682.62,,,0.02,0.02,2320.347111,1776220344000
1776220346.174,146.174,0.01,1748.65,,,0.02,5.0,0.03,106.15,0.97,143.15,0.96,98.06,0.99,2682.62,,,0.01,0.02,2320.347111,1776220344000
1776220346.885,146.885,0.01,1748.65,,,0.02,5.0,0.03,106.15,0.98,5.0,0.97,106.15,0.99,1748.65,,,0.01,0.01,2320.341807,1776220346000
1776220347.845,147.845,0.01,1748.65,,,0.02,5.0,0.03,106.15,0.98,5.0,0.97,106.15,0.99,1748.65,,,0.01,0.01,2320.067737,1776220347000
1776220348.703,148.703,0.01,2148.02,,,0.02,15.0,0.03,94.15,0.98,5.0,0.97,106.15,0.99,1748.65,,,0.01,0.01,2320.067737,1776220347000
1776220350.225,150.225,0.01,2148.02,,,0.02,15.0,0.03,94.15,0.98,15.0,0.97,94.15,0.99,2148.02,,,0.01,0.01,2319.812177,1776220349000
1776220351.03,151.03,0.01,2155.99,,,0.02,115.0,0.03,85.17,0.98,15.0,0.97,94.15,0.99,2148.02,,,0.01,0.01,2319.812177,1776220349000
1776220351.437,151.437,0.01,1417.55,,,0.02,44.0,0.03,655.15,0.98,120.0,0.97,85.17,0.99,1790.97,,,0.01,0.01,2319.811672,1776220350000
1776220351.735,151.735,0.01,1296.55,,,0.02,44.0,0.03,255.15,0.98,39.0,0.97,55.15,0.99,1301.55,,,0.01,0.01,2319.811672,1776220350000
1776220351.943,151.943,0.01,1289.55,,,0.02,44.0,0.03,378.85,0.98,44.0,0.97,378.85,0.99,1294.55,,,0.01,0.01,2319.811672,1776220350000
1776220352.209,152.209,0.01,1289.55,,,0.02,44.0,0.03,378.85,0.98,44.0,0.97,378.85,0.99,1289.55,,,0.01,0.01,2319.809616,1776220351000
1776220352.92,152.92,0.01,1208.56,,,0.02,300.0,0.03,168.7,0.98,44.0,0.97,378.85,0.99,1289.55,,,0.01,0.01,2319.809616,1776220351000
1776220353.259,153.259,,,,,0.01,1316.44,0.02,300.0,0.99,1316.44,0.98,300.0,,,,,,,2319.521822,1776220352000
1776220353.755,153.755,,,,,0.01,1497.44,0.02,120.75,0.99,1316.44,0.98,300.0,,,,,,,2319.521822,1776220352000
1776220354.213,154.213,,,,,0.01,1497.44,0.02,120.75,0.99,1497.44,0.98,120.75,,,,,,,2319.225214,1776220353000
1776220355.858,155.858,,,,,0.01,1497.44,0.02,120.75,0.99,1497.44,0.98,120.75,,,,,,,2319.121728,1776220354000
1776220356.627,156.627,,,,,0.01,1552.41,0.02,621.67,0.99,1497.44,0.98,120.75,,,,,,,2319.121728,1776220354000
1776220356.959,156.959,,,,,0.01,1552.41,0.02,621.67,0.99,1552.41,0.98,621.67,,,,,,,2319.212786,1776220355000
1776220357.781,157.781,,,,,0.01,1552.41,0.02,621.67,0.99,1552.41,0.98,621.67,,,,,,,2319.354985,1776220356000
1776220358.183,158.183,,,,,0.01,1327.41,0.02,621.67,0.99,1552.41,0.98,621.67,,,,,,,2319.354985,1776220356000
1776220358.534,158.534,,,,,0.01,1327.41,0.02,621.67,0.99,1327.41,0.98,621.67,,,,,,,2319.40979,1776220357000
1776220359.648,159.648,,,,,0.01,1327.41,0.02,621.67,0.99,1327.41,0.98,621.67,,,,,,,2319.40979,1776220358000
1776220360.514,160.514,,,,,0.01,1327.41,0.02,621.67,0.99,1327.41,0.98,621.67,,,,,,,2319.230726,1776220359000
1776220361.131,161.131,,,,,0.01,1327.41,0.02,621.67,0.99,1327.41,0.98,621.67,,,,,,,2319.220159,1776220360000
1776220361.953,161.953,,,,,0.01,1127.41,0.02,1014.35,0.99,1227.41,0.98,230.65,,,,,,,2319.220159,1776220360000
1776220362.325,162.325,,,,,0.01,1127.41,0.02,1014.35,0.99,1127.41,0.98,1014.35,,,,,,,2319.206706,1776220361000
1776220363.144,163.144,,,,,0.01,1127.41,0.02,1014.35,0.99,1127.41,0.98,1014.35,,,,,,,2319.269265,1776220362000
1776220363.514,163.514,,,,,0.01,1135.03,0.02,414.35,0.99,1127.41,0.98,1014.35,,,,,,,2319.269265,1776220362000
1776220363.91,163.91,,,,,0.01,1135.03,0.02,414.35,0.99,1135.03,0.98,414.35,,,,,,,2319.273928,1776220363000
1776220364.911,164.911,,,,,0.01,1133.99,0.02,236.67,0.99,1135.03,0.98,414.35,,,,,,,2319.273928,1776220363000
1776220366.683,166.683,,,,,0.01,1133.99,0.02,236.67,0.99,1133.99,0.98,236.67,,,,,,,2319.306985,1776220365000
1776220367.278,167.278,,,,,0.01,1133.99,0.02,236.67,0.99,1133.99,0.98,236.67,,,,,,,2319.399659,1776220366000
1776220368.422,168.422,,,,,0.01,1133.99,0.02,236.67,0.99,1133.99,0.98,236.67,,,,,,,2319.492915,1776220367000
1776220368.902,168.902,,,,,0.01,1126.28,0.02,230.65,0.99,1126.28,0.98,230.65,,,,,,,2319.582475,1776220368000
1776220370.085,170.085,,,,,0.01,1126.28,0.02,230.65,0.99,1126.28,0.98,230.65,,,,,,,2319.6428,1776220369000
1776220371.308,171.308,,,,,0.01,1126.28,0.02,230.65,0.99,1126.28,0.98,230.65,,,,,,,2319.34132,1776220370000
1776220372.087,172.087,,,,,0.01,1126.28,0.02,230.65,0.99,1126.28,0.98,230.65,,,,,,,2319.290734,1776220371000
1776220373.753,173.753,,,,,0.01,1126.28,0.02,230.65,0.99,1126.28,0.98,230.65,,,,,,,2319.13667,1776220372000
1776220374.791,174.791,,,,,0.01,1126.28,0.02,230.65,0.99,1126.28,0.98,230.65,,,,,,,2319.13732,1776220373000
1776220375.337,175.337,,,,,0.01,1126.28,0.02,230.65,0.99,1126.28,0.98,230.65,,,,,,,2319.214205,1776220374000
1776220376.148,176.148,,,,,0.01,1126.28,0.02,230.65,0.99,1126.28,0.98,230.65,,,,,,,2319.216465,1776220375000
1776220377.505,177.505,,,,,0.01,1126.28,0.02,230.65,0.99,1126.28,0.98,230.65,,,,,,,2319.21928,1776220376000
1776220378.058,178.058,,,,,0.01,1126.28,0.02,230.65,0.99,1126.28,0.98,230.65,,,,,,,2319.252,1776220377000
1776220379.22,179.22,,,,,0.01,1126.28,0.02,230.65,0.99,1126.28,0.98,230.65,,,,,,,2319.369573,1776220378000
1776220380.621,180.621,,,,,0.01,1126.28,0.02,230.65,0.99,1126.28,0.98,230.65,,,,,,,2319.345535,1776220379000
1776220381.211,181.211,,,,,0.01,1126.28,0.02,230.65,0.99,1126.28,0.98,230.65,,,,,,,2319.337371,1776220380000
1776220382.675,182.675,,,,,0.01,1126.28,0.02,230.65,0.99,1126.28,0.98,230.65,,,,,,,2319.32186,1776220381000
1776220383.267,183.267,,,,,0.01,1126.28,0.02,230.65,0.99,1126.28,0.98,230.65,,,,,,,2319.266543,1776220382000
1776220384.613,184.613,,,,,0.01,1126.28,0.02,230.65,0.99,1126.28,0.98,230.65,,,,,,,2319.234912,1776220383000
1776220385.211,185.211,,,,,0.01,1126.28,0.02,230.65,0.99,1126.28,0.98,230.65,,,,,,,2319.34362,1776220384000
1776220386.677,186.677,,,,,0.01,1126.28,0.02,230.65,0.99,1126.28,0.98,230.65,,,,,,,2319.386165,1776220385000
1776220387.53,187.53,,,,,0.01,1126.28,0.02,230.65,0.99,1126.28,0.98,230.65,,,,,,,2319.480414,1776220386000
1776220388.162,188.162,,,,,0.01,1126.28,0.02,230.65,0.99,1126.28,0.98,230.65,,,,,,,2319.54345,1776220387000
1776220389.452,189.452,,,,,0.01,1126.28,0.02,230.65,0.99,1126.28,0.98,230.65,,,,,,,2319.735921,1776220388000
1776220390.155,190.155,,,,,0.01,1126.28,0.02,230.65,0.99,1126.28,0.98,230.65,,,,,,,2319.730443,1776220389000
1776220391.194,191.194,,,,,0.01,1126.28,0.02,230.65,0.99,1126.28,0.98,230.65,,,,,,,2319.809625,1776220390000
1776220392.283,192.283,,,,,0.01,2235.2,0.02,154.9,0.99,1126.28,0.98,230.65,,,,,,,2319.809625,1776220390000
1776220392.549,192.549,,,,,0.01,2235.2,0.02,154.9,0.99,2235.2,0.98,154.9,,,,,,,2319.93198,1776220391000
1776220393.242,193.242,,,,,0.01,2235.2,0.02,154.9,0.99,2235.2,0.98,154.9,,,,,,,2320.149653,1776220392000
1776220394.71,194.71,,,,,0.01,2235.2,0.02,154.9,0.99,2235.2,0.98,154.9,,,,,,,2320.406914,1776220393000
1776220395.39,195.39,,,,,0.01,2125.2,0.02,244.9,0.99,2125.2,0.98,244.9,,,,,,,2320.497255,1776220394000
1776220395.67,195.67,,,,,0.01,1826.75,0.02,244.9,0.99,2125.2,0.98,244.9,,,,,,,2320.497255,1776220394000
1776220396.283,196.283,,,,,0.01,1826.75,0.02,244.9,0.99,1826.75,0.98,244.9,,,,,,,2320.634548,1776220395000
1776220397.759,197.759,,,,,0.01,1826.75,0.02,244.9,0.99,1826.75,0.98,244.9,,,,,,,2320.923098,1776220396000
1776220398.536,198.536,,,,,0.01,1826.75,0.02,244.9,0.99,1826.75,0.98,244.9,,,,,,,2320.61309,1776220397000
1776220399.097,199.097,,,,,0.01,1826.75,0.02,244.9,0.99,1826.75,0.98,244.9,,,,,,,2320.503856,1776220398000
1776220400.365,200.365,,,,,0.01,1826.75,0.02,244.9,0.99,1826.75,0.98,244.9,,,,,,,2320.42832,1776220399000
1776220401.135,201.135,,,,,0.01,1826.75,0.02,244.9,0.99,1826.75,0.98,244.9,,,,,,,2320.498815,1776220400000
1776220402.372,202.372,,,,,0.01,1826.75,0.02,244.9,0.99,1826.75,0.98,244.9,,,,,,,2320.5438,1776220401000
1776220402.933,202.933,,,,,0.01,1826.75,0.02,244.9,0.99,1826.75,0.98,244.9,,,,,,,2320.46394,1776220402000
1776220404.348,204.348,,,,,0.01,1826.75,0.02,244.9,0.99,1826.75,0.98,244.9,,,,,,,2320.583821,1776220403000
1776220404.97,204.97,,,,,0.01,1826.75,0.02,244.9,0.99,1826.75,0.98,244.9,,,,,,,2320.602019,1776220404000
1776220406.298,206.298,,,,,0.01,1826.75,0.02,244.9,0.99,1826.75,0.98,244.9,,,,,,,2320.702662,1776220405000
1776220407.545,207.545,,,,,0.01,1826.75,0.02,244.9,0.99,1826.75,0.98,244.9,,,,,,,2320.784052,1776220406000
1776220408.615,208.615,,,,,0.01,1826.75,0.02,244.9,0.99,1826.75,0.98,244.9,,,,,,,2320.758434,1776220407000
1776220409.175,209.175,,,,,0.01,1826.75,0.02,244.9,0.99,1826.75,0.98,244.9,,,,,,,2320.733972,1776220408000
1776220410.117,210.117,,,,,0.01,1826.75,0.02,244.9,0.99,1826.75,0.98,244.9,,,,,,,2320.482749,1776220409000
1776220411.167,211.167,,,,,0.01,1826.75,0.02,244.9,0.99,1826.75,0.98,244.9,,,,,,,2320.43801,1776220410000
1776220412.139,212.139,,,,,0.01,1826.75,0.02,244.9,0.99,1826.75,0.98,244.9,,,,,,,2320.414062,1776220411000
1776220413.178,213.178,,,,,0.01,1826.75,0.02,244.9,0.99,1826.75,0.98,244.9,,,,,,,2320.424526,1776220412000
1776220414.193,214.193,,,,,0.01,1826.75,0.02,244.9,0.99,1826.75,0.98,244.9,,,,,,,2320.443125,1776220413000
1776220415.103,215.103,,,,,0.01,1826.75,0.02,244.9,0.99,1826.75,0.98,244.9,,,,,,,2320.557909,1776220414000
1776220416.094,216.094,,,,,0.01,1826.75,0.02,244.9,0.99,1826.75,0.98,244.9,,,,,,,2320.609341,1776220415000
1776220417.109,217.109,,,,,0.01,1826.75,0.02,244.9,0.99,1826.75,0.98,244.9,,,,,,,2320.167302,1776220416000
1776220418.113,218.113,,,,,0.01,1826.75,0.02,244.9,0.99,1826.75,0.98,244.9,,,,,,,2319.938265,1776220417000
1776220419.146,219.146,,,,,0.01,1826.75,0.02,244.9,0.99,1826.75,0.98,244.9,,,,,,,2319.840213,1776220418000
1776220420.193,220.193,,,,,0.01,1826.75,0.02,244.9,0.99,1826.75,0.98,244.9,,,,,,,2319.757,1776220419000
1776220421.773,221.773,,,,,0.01,1826.75,0.02,244.9,0.99,1826.75,0.98,244.9,,,,,,,2319.71756,1776220420000
1776220422.425,222.425,,,,,0.01,1826.75,0.02,244.9,0.99,1826.75,0.98,244.9,,,,,,,2319.715287,1776220421000
1776220423.1,223.1,,,,,0.01,1826.75,0.02,244.9,0.99,1826.75,0.98,244.9,,,,,,,2319.722307,1776220422000
1776220424.28,224.28,,,,,0.01,1826.75,0.02,244.9,0.99,1826.75,0.98,244.9,,,,,,,2319.711868,1776220423000
1776220425.611,225.611,,,,,0.01,1826.75,0.02,244.9,0.99,1826.75,0.98,244.9,,,,,,,2319.706864,1776220424000
1776220426.218,226.218,,,,,0.01,1826.75,0.02,244.9,0.99,1826.75,0.98,244.9,,,,,,,2319.693462,1776220425000
1776220427.287,227.287,,,,,0.01,1826.75,0.02,244.9,0.99,1826.75,0.98,244.9,,,,,,,2319.764865,1776220426000
1776220427.952,227.952,,,,,0.01,1826.75,0.02,244.9,0.99,1826.75,0.98,244.9,,,,,,,2319.790947,1776220427000
1776220429.208,229.208,,,,,0.01,1826.75,0.02,244.9,0.99,1826.75,0.98,244.9,,,,,,,2319.824586,1776220428000
1776220430.59,230.59,,,,,0.01,1826.75,0.02,244.9,0.99,1826.75,0.98,244.9,,,,,,,2320.225025,1776220429000
1776220431.484,231.484,,,,,0.01,1826.75,0.02,244.9,0.99,1826.75,0.98,244.9,,,,,,,2320.303689,1776220430000
1776220432.111,232.111,,,,,0.01,1826.75,0.02,244.9,0.99,1826.75,0.98,244.9,,,,,,,2320.376481,1776220431000
1776220433.437,233.437,,,,,0.01,1826.75,0.02,244.9,0.99,1826.75,0.98,244.9,,,,,,,2320.474861,1776220432000
1776220434.078,234.078,,,,,0.01,1826.75,0.02,244.9,0.99,1826.75,0.98,244.9,,,,,,,2320.3174,1776220433000
1776220435.454,235.454,,,,,0.01,1826.75,0.02,244.9,0.99,1826.75,0.98,244.9,,,,,,,2319.975375,1776220434000
1776220435.955,235.955,,,,,0.01,1826.75,0.02,244.9,0.99,1826.75,0.98,244.9,,,,,,,2319.926487,1776220435000
1776220437.109,237.109,,,,,0.01,1826.75,0.02,244.9,0.99,1826.75,0.98,244.9,,,,,,,2320.084834,1776220436000
1776220438.196,238.196,,,,,0.01,1826.75,0.02,244.9,0.99,1826.75,0.98,244.9,,,,,,,2320.090783,1776220437000
1776220439.143,239.143,,,,,0.01,1826.75,0.02,244.9,0.99,1826.75,0.98,244.9,,,,,,,2319.959716,1776220438000
1776220440.09,240.09,,,,,0.01,1826.75,0.02,244.9,0.99,1826.75,0.98,244.9,,,,,,,2319.959038,1776220439000
1776220441.136,241.136,,,,,0.01,1826.75,0.02,244.9,0.99,1826.75,0.98,244.9,,,,,,,2319.980025,1776220440000
1776220442.152,242.152,,,,,0.01,1826.75,0.02,244.9,0.99,1826.75,0.98,244.9,,,,,,,2319.97312,1776220441000
1776220443.092,243.092,,,,,0.01,1826.75,0.02,244.9,0.99,1826.75,0.98,244.9,,,,,,,2319.990835,1776220442000
1776220444.171,244.171,,,,,0.01,1826.75,0.02,244.9,0.99,1826.75,0.98,244.9,,,,,,,2320.032064,1776220443000
1776220445.122,245.122,,,,,0.01,1826.75,0.02,244.9,0.99,1826.75,0.98,244.9,,,,,,,2320.096814,1776220444000
1776220446.069,246.069,,,,,0.01,1826.75,0.02,244.9,0.99,1826.75,0.98,244.9,,,,,,,2320.279191,1776220445000
1776220447.126,247.126,,,,,0.01,1826.75,0.02,244.9,0.99,1826.75,0.98,244.9,,,,,,,2320.449551,1776220446000
1776220448.13,248.13,,,,,0.01,1826.75,0.02,244.9,0.99,1826.75,0.98,244.9,,,,,,,2320.542445,1776220447000
1776220449.129,249.129,,,,,0.01,1826.75,0.02,244.9,0.99,1826.75,0.98,244.9,,,,,,,2320.542881,1776220448000
1776220450.121,250.121,,,,,0.01,1826.75,0.02,244.9,0.99,1826.75,0.98,244.9,,,,,,,2320.603386,1776220449000
1776220451.081,251.081,,,,,0.01,1826.75,0.02,244.9,0.99,1826.75,0.98,244.9,,,,,,,2320.603648,1776220450000
1776220452.112,252.112,,,,,0.01,1826.75,0.02,244.9,0.99,1826.75,0.98,244.9,,,,,,,2320.62267,1776220451000
1776220453.671,253.671,,,,,0.01,1826.75,0.02,244.9,0.99,1826.75,0.98,244.9,,,,,,,2320.66393,1776220452000
1776220454.705,254.705,,,,,0.01,1826.75,0.02,244.9,0.99,1826.75,0.98,244.9,,,,,,,2320.66623,1776220453000
1776220455.347,255.347,,,,,0.01,1826.75,0.02,244.9,0.99,1826.75,0.98,244.9,,,,,,,2320.644666,1776220454000
1776220456.067,256.067,,,,,0.01,1826.75,0.02,244.9,0.99,1826.75,0.98,244.9,,,,,,,2320.685395,1776220455000
1776220457.62,257.62,,,,,0.01,1826.75,0.02,244.9,0.99,1826.75,0.98,244.9,,,,,,,2320.587377,1776220456000
1776220458.35,258.35,,,,,0.01,1826.75,0.02,244.9,0.99,1826.75,0.98,244.9,,,,,,,2320.569794,1776220457000
1776220459.185,259.185,,,,,0.01,1826.75,0.02,244.9,0.99,1826.75,0.98,244.9,,,,,,,2320.25185,1776220458000
1776220460.626,260.626,,,,,0.01,1826.75,0.02,244.9,0.99,1826.75,0.98,244.9,,,,,,,2320.080592,1776220459000
1776220461.233,261.233,,,,,0.01,1826.75,0.02,244.9,0.99,1826.75,0.98,244.9,,,,,,,2319.832072,1776220460000
1776220462.866,262.866,,,,,0.01,1826.75,0.02,244.9,0.99,1826.75,0.98,244.9,,,,,,,2319.43238,1776220461000
1776220463.689,263.689,,,,,0.01,1826.75,0.02,244.9,0.99,1826.75,0.98,244.9,,,,,,,2319.440505,1776220462000
1776220464.275,264.275,,,,,0.01,1826.75,0.02,244.9,0.99,1826.75,0.98,244.9,,,,,,,2319.369846,1776220463000
1776220465.781,265.781,,,,,0.01,1826.75,0.02,244.9,0.99,1826.75,0.98,244.9,,,,,,,2319.306501,1776220464000
1776220466.572,266.572,,,,,0.01,1826.75,0.02,244.9,0.99,1826.75,0.98,244.9,,,,,,,2319.304775,1776220465000
1776220467.514,267.514,,,,,0.01,1826.75,0.02,244.9,0.99,1826.75,0.98,244.9,,,,,,,2319.029608,1776220466000
1776220468.388,268.388,,,,,0.01,1826.75,0.02,244.9,0.99,1826.75,0.98,244.9,,,,,,,2319.036194,1776220467000
1776220469.257,269.257,,,,,0.01,1826.75,0.02,244.9,0.99,1826.75,0.98,244.9,,,,,,,2318.844826,1776220468000
1776220470.31,270.31,,,,,0.01,1826.75,0.02,244.9,0.99,1826.75,0.98,244.9,,,,,,,2318.743897,1776220469000
1776220471.883,271.883,,,,,0.01,1826.75,0.02,244.9,0.99,1826.75,0.98,244.9,,,,,,,2318.653922,1776220470000
1776220472.727,272.727,,,,,0.01,1826.75,0.02,244.9,0.99,1826.75,0.98,244.9,,,,,,,2318.665384,1776220471000
1776220473.375,273.375,,,,,0.01,1826.75,0.02,244.9,0.99,1826.75,0.98,244.9,,,,,,,2318.741951,1776220472000
1776220474.345,274.345,,,,,0.01,1826.75,0.02,244.9,0.99,1826.75,0.98,244.9,,,,,,,2318.90305,1776220473000
1776220474.985,274.985,,,,,0.01,1826.75,0.02,244.9,0.99,1826.75,0.98,244.9,,,,,,,2319.273831,1776220474000
1776220476.447,276.447,,,,,0.01,1826.75,0.02,244.9,0.99,1826.75,0.98,244.9,,,,,,,2319.260193,1776220475000
1776220476.906,276.906,,,,,0.01,16688.44,0.02,174.9,0.99,1826.75,0.98,244.9,,,,,,,2319.260193,1776220475000
1776220477.11,277.11,,,,,0.01,16688.44,0.02,174.9,0.99,16688.44,0.98,174.9,,,,,,,2319.215644,1776220476000
1776220478.619,278.619,,,,,0.01,16688.44,0.02,174.9,0.99,16688.44,0.98,174.9,,,,,,,2319.202454,1776220477000
1776220479.295,279.295,,,,,0.01,16688.44,0.02,174.9,0.99,16688.44,0.98,174.9,,,,,,,2319.232685,1776220478000
1776220480.041,280.041,,,,,0.01,16688.44,0.02,174.9,0.99,16688.44,0.98,174.9,,,,,,,2319.204091,1776220479000
1776220481.536,281.536,,,,,0.01,16688.44,0.02,174.9,0.99,16688.44,0.98,174.9,,,,,,,2319.283246,1776220480000
1776220482.214,282.214,,,,,0.01,16688.44,0.02,174.9,0.99,16688.44,0.98,174.9,,,,,,,2319.275479,1776220481000
1776220483.586,283.586,,,,,0.01,16688.44,0.02,174.9,0.99,16688.44,0.98,174.9,,,,,,,2319.333917,1776220482000
1776220484.363,284.363,,,,,0.01,16688.44,0.02,174.9,0.99,16688.44,0.98,174.9,,,,,,,2319.281382,1776220483000
1776220485.11,285.11,,,,,0.01,16688.44,0.02,174.9,0.99,16688.44,0.98,174.9,,,,,,,2319.361747,1776220484000
1776220486.519,286.519,,,,,0.01,16688.44,0.02,174.9,0.99,16688.44,0.98,174.9,,,,,,,2319.30179,1776220485000
1776220487.323,287.323,,,,,0.01,16688.44,0.02,174.9,0.99,16688.44,0.98,174.9,,,,,,,2319.311235,1776220486000
1776220489.171,289.171,,,,,0.01,16688.44,0.02,174.9,0.99,16688.44,0.98,174.9,,,,,,,2319.303091,1776220488000
1776220490.718,290.718,,,,,0.01,16688.44,0.02,174.9,0.99,16688.44,0.98,174.9,,,,,,,2319.048466,1776220489000
1776220491.369,291.369,,,,,0.01,16688.44,0.02,174.9,0.99,16688.44,0.98,174.9,,,,,,,2318.921498,1776220490000
1776220492.364,292.364,,,,,0.01,16688.44,0.02,174.9,0.99,16688.44,0.98,174.9,,,,,,,2318.841051,1776220491000
1776220492.945,292.945,,,,,0.01,16688.44,0.02,174.9,0.99,16688.44,0.98,174.9,,,,,,,2318.870871,1776220492000
1776220494.225,294.225,,,,,0.01,16688.44,0.02,174.9,0.99,16688.44,0.98,174.9,,,,,,,2318.858784,1776220493000
1776220495.514,295.514,,,,,0.01,16688.44,0.02,174.9,0.99,16688.44,0.98,174.9,,,,,,,2318.944211,1776220494000
1776220496.062,296.062,,,,,0.01,16688.44,0.02,174.9,0.99,16688.44,0.98,174.9,,,,,,,2318.998978,1776220495000
1776220499.976,299.976,,,,,0.01,16688.44,0.02,174.9,0.99,16688.44,0.98,174.9,,,,,,,2319.29526,1776220498000
1776220500.635,300.635,,,,,0.01,16688.44,0.02,174.9,0.99,16688.44,0.98,174.9,,,,,,,2319.290266,1776220499000
1776220501.184,301.184,,,,,0.01,16688.44,0.02,174.9,0.99,16688.44,0.98,174.9,,,,,,,2319.53808,1776220500000
1776220502.33,302.33,,,,,0.01,16688.44,0.02,174.9,0.99,16688.44,0.98,174.9,,,,,,,2319.807229,1776220501000

# RESULT,winner=Down,slug=eth-updown-5m-1776220200,ticks=437
