timestamp,elapsed_sec,up_bid_p1,up_bid_s1,up_bid_p2,up_bid_s2,up_ask_p1,up_ask_s1,up_ask_p2,up_ask_s2,down_bid_p1,down_bid_s1,down_bid_p2,down_bid_s2,down_ask_p1,down_ask_s1,down_ask_p2,down_ask_s2,up_spread,down_spread,eth_price,eth_oracle_ts
1776228001.225,1.225,,,,,,,,,,,,,,,,,,,2332.032775,1776228000000
1776228001.432,1.432,0.48,28.03,0.47,13.0,0.5,1.42,0.52,48.0,0.5,1.42,0.48,48.0,0.52,28.03,0.53,13.0,0.02,0.02,2332.032775,1776228000000
1776228001.763,1.763,0.48,28.03,0.47,13.0,0.5,1.42,0.52,48.0,0.5,1.42,0.48,48.0,0.52,28.03,0.53,13.0,0.02,0.02,2332.032775,1776228000000
1776228002.095,2.095,0.48,28.03,0.47,13.0,0.5,1.42,0.52,48.0,0.5,1.42,0.48,48.0,0.52,28.03,0.53,13.0,0.02,0.02,2332.0344,1776228001000
1776228002.91,2.91,0.48,11.26,0.47,13.0,0.5,8.8,0.51,10.0,0.5,11.42,0.49,5.0,0.52,11.26,0.53,13.0,0.02,0.02,2332.0344,1776228001000
1776228003.14,3.14,0.48,11.26,0.47,13.0,0.5,8.8,0.51,10.0,0.5,8.8,0.49,10.0,0.52,11.26,0.53,13.0,0.02,0.02,2332.034204,1776228002000
1776228003.848,3.848,0.48,6.26,0.47,13.0,0.5,70.54,0.51,100.0,0.5,8.8,0.49,10.0,0.52,11.26,0.53,13.0,0.02,0.02,2332.034204,1776228002000
1776228004.375,4.375,0.47,13.0,0.46,10.0,0.5,70.54,0.51,100.0,0.5,70.54,0.49,100.0,0.53,13.0,0.54,10.0,0.03,0.03,2332.024983,1776228003000
1776228005.276,5.276,0.47,13.0,0.46,10.0,0.5,70.54,0.51,100.0,0.5,70.54,0.49,100.0,0.53,13.0,0.54,10.0,0.03,0.03,2332.01947,1776228004000
1776228005.691,5.691,0.47,34.0,0.46,27.0,0.48,3.95,0.49,95.0,0.5,70.54,0.49,100.0,0.53,13.0,0.54,10.0,0.01,0.03,2332.01947,1776228004000
1776228005.935,5.935,0.47,34.0,0.46,27.0,0.48,3.95,0.49,95.0,0.52,3.95,0.51,95.0,0.53,34.0,0.54,27.0,0.01,0.01,2332.006883,1776228005000
1776228007.099,7.099,0.47,34.0,0.46,27.0,0.48,3.95,0.49,95.0,0.52,3.95,0.51,95.0,0.53,34.0,0.54,27.0,0.01,0.01,2332.004988,1776228006000
1776228007.473,7.473,0.47,42.11,0.46,37.0,0.48,15.0,0.49,100.0,0.52,3.95,0.51,95.0,0.53,34.0,0.54,27.0,0.01,0.01,2332.004988,1776228006000
1776228007.715,7.715,0.47,32.11,0.46,37.0,0.48,14.98,0.49,95.0,0.52,15.0,0.51,100.0,0.53,42.11,0.54,37.0,0.01,0.01,2332.004988,1776228006000
1776228008.249,8.249,0.47,32.11,0.46,37.0,0.48,14.98,0.49,95.0,0.52,14.98,0.51,95.0,0.53,32.11,0.54,37.0,0.01,0.01,2331.990263,1776228007000
1776228009.148,9.148,0.47,32.11,0.46,37.0,0.48,14.98,0.49,95.0,0.52,14.98,0.51,95.0,0.53,32.11,0.54,37.0,0.01,0.01,2331.940939,1776228008000
1776228009.912,9.912,0.47,1.08,0.46,15.0,0.48,34.98,0.49,95.0,0.52,14.98,0.51,95.0,0.53,32.11,0.54,37.0,0.01,0.01,2331.940939,1776228008000
1776228010.258,10.258,0.44,4.17,0.43,5.0,0.48,39.98,0.49,95.0,0.52,39.98,0.51,95.0,0.56,4.17,0.57,5.0,0.04,0.04,2332.009117,1776228009000
1776228010.61,10.61,0.43,3.81,0.42,10.0,0.45,10.0,0.46,15.0,0.52,39.98,0.51,95.0,0.56,4.17,0.57,5.0,0.02,0.04,2332.009117,1776228009000
1776228011.143,11.143,0.43,3.81,0.42,10.0,0.44,15.0,0.45,20.0,0.55,10.0,0.54,15.0,0.57,3.81,0.58,10.0,0.01,0.02,2332.009117,1776228009000
1776228011.381,11.381,0.43,3.81,0.42,10.0,0.46,22.17,0.47,15.0,0.56,15.0,0.55,20.0,0.57,3.81,0.58,10.0,0.03,0.01,2331.933067,1776228010000
1776228011.665,11.665,0.43,23.81,0.42,15.0,0.45,10.0,0.46,22.17,0.56,15.0,0.55,10.0,0.57,3.81,0.58,10.0,0.02,0.01,2331.933067,1776228010000
1776228012.319,12.319,0.43,23.81,0.42,15.0,0.45,10.0,0.46,22.17,0.55,10.0,0.54,22.17,0.57,23.81,0.58,15.0,0.02,0.02,2331.89159,1776228011000
1776228012.866,12.866,0.44,10.0,0.43,30.81,0.45,20.0,0.46,12.17,0.55,20.0,0.54,12.17,0.56,10.0,0.57,30.81,0.01,0.01,2331.871648,1776228012000
1776228013.493,13.493,0.44,16.0,0.43,31.81,0.45,10.0,0.46,12.17,0.55,20.0,0.54,12.17,0.56,10.0,0.57,30.81,0.01,0.01,2331.871648,1776228012000
1776228013.884,13.884,0.44,16.0,0.43,31.81,0.45,10.0,0.46,12.17,0.55,10.0,0.54,12.17,0.56,16.0,0.57,31.81,0.01,0.01,2331.870246,1776228013000
1776228014.72,14.72,0.41,39.0,0.4,23.0,0.42,20.0,0.43,15.0,0.55,5.0,0.54,22.17,0.59,1.53,0.6,10.0,0.01,0.04,2331.870246,1776228013000
1776228015.052,15.052,0.41,59.0,0.4,28.0,0.43,15.0,0.44,10.0,0.58,20.0,0.57,15.0,0.59,39.0,0.6,23.0,0.02,0.01,2331.844302,1776228014000
1776228015.596,15.596,0.43,21.0,0.42,32.0,0.44,23.18,0.45,15.0,0.56,8.18,0.55,20.0,0.57,5.0,0.58,20.0,0.01,0.01,2331.844302,1776228014000
1776228016.57,16.57,0.43,21.0,0.42,32.0,0.44,23.18,0.45,15.0,0.56,23.18,0.55,15.0,0.57,21.0,0.58,32.0,0.01,0.01,2331.842101,1776228015000
1776228017.113,17.113,0.43,21.0,0.42,32.0,0.44,23.18,0.45,15.0,0.56,23.18,0.55,15.0,0.57,21.0,0.58,32.0,0.01,0.01,2331.91512,1776228016000
1776228017.41,17.41,0.43,24.0,0.42,32.0,0.46,4.14,0.47,15.0,0.56,23.18,0.55,15.0,0.57,21.0,0.58,32.0,0.03,0.01,2331.91512,1776228016000
1776228017.672,17.672,0.46,35.29,0.45,10.0,0.47,20.0,0.48,37.97,0.54,8.12,0.53,20.0,0.56,5.0,0.57,19.0,0.01,0.02,2331.91512,1776228016000
1776228018.118,18.118,0.46,97.68,0.45,15.0,0.49,4.49,0.5,22.88,0.53,20.0,0.52,37.97,0.54,35.29,0.55,10.0,0.03,0.01,2331.91512,1776228016000
1776228018.619,18.619,0.47,373.6,0.46,137.68,0.48,10.0,0.49,5.0,0.51,4.49,0.5,22.88,0.54,97.68,0.55,15.0,0.01,0.03,2331.981025,1776228017000
1776228018.891,18.891,0.47,384.6,0.46,148.68,0.49,5.0,0.5,5.0,0.52,4.89,0.51,5.0,0.53,373.6,0.54,137.68,0.02,0.01,2331.981025,1776228017000
1776228019.124,19.124,0.47,384.6,0.46,148.68,0.49,5.0,0.5,5.0,0.51,5.0,0.5,5.0,0.53,384.6,0.54,148.68,0.02,0.02,2331.92878,1776228018000
1776228019.627,19.627,0.48,76.0,0.47,384.6,0.5,5.0,0.51,55.0,0.51,5.0,0.5,5.0,0.53,384.6,0.54,148.68,0.02,0.02,2331.92878,1776228018000
1776228020.193,20.193,0.48,76.0,0.47,384.6,0.5,5.0,0.51,55.0,0.5,5.0,0.49,55.0,0.52,76.0,0.53,384.6,0.02,0.02,2331.931633,1776228019000
1776228020.83,20.83,0.49,71.0,0.48,61.0,0.5,15.0,0.51,65.0,0.5,5.0,0.49,55.0,0.52,76.0,0.53,384.6,0.01,0.02,2331.931633,1776228019000
1776228021.393,21.393,0.49,71.0,0.48,61.0,0.5,15.0,0.51,65.0,0.5,15.0,0.49,65.0,0.51,71.0,0.52,61.0,0.01,0.01,2331.96558,1776228020000
1776228022.39,22.39,0.49,71.0,0.48,61.0,0.5,15.0,0.51,65.0,0.5,15.0,0.49,65.0,0.51,71.0,0.52,61.0,0.01,0.01,2331.992,1776228021000
1776228022.975,22.975,0.49,71.0,0.48,61.0,0.5,15.0,0.51,65.0,0.5,15.0,0.49,65.0,0.51,71.0,0.52,61.0,0.01,0.01,2331.99116,1776228022000
1776228023.903,23.903,0.49,71.0,0.48,61.0,0.5,15.0,0.51,65.0,0.5,15.0,0.49,65.0,0.51,71.0,0.52,61.0,0.01,0.01,2331.97501,1776228023000
1776228024.953,24.953,0.49,66.0,0.48,61.0,0.5,5.0,0.51,65.0,0.5,5.0,0.49,65.0,0.51,66.0,0.52,61.0,0.01,0.01,2331.9867,1776228024000
1776228025.994,25.994,0.49,66.0,0.48,61.0,0.5,5.0,0.51,65.0,0.5,5.0,0.49,65.0,0.51,66.0,0.52,61.0,0.01,0.01,2331.99217,1776228025000
1776228026.98,26.98,0.49,66.0,0.48,61.0,0.5,5.0,0.51,65.0,0.5,5.0,0.49,65.0,0.51,66.0,0.52,61.0,0.01,0.01,2331.991495,1776228026000
1776228027.637,27.637,0.5,21.0,0.49,56.0,0.51,72.11,0.52,103.11,0.5,5.0,0.49,65.0,0.51,66.0,0.52,61.0,0.01,0.01,2331.991495,1776228026000
1776228028.02,28.02,0.5,21.0,0.49,56.0,0.51,72.11,0.52,103.11,0.49,72.11,0.48,103.11,0.5,21.0,0.51,56.0,0.01,0.01,2331.97864,1776228027000
1776228029.574,29.574,0.5,21.0,0.49,56.0,0.51,72.11,0.52,103.11,0.49,72.11,0.48,103.11,0.5,21.0,0.51,56.0,0.01,0.01,2331.93683,1776228028000
1776228030.117,30.117,0.5,21.0,0.49,56.0,0.51,72.11,0.52,103.11,0.49,72.11,0.48,103.11,0.5,21.0,0.51,56.0,0.01,0.01,2331.95907,1776228029000
1776228031.114,31.114,0.5,21.0,0.49,56.0,0.51,72.11,0.52,103.11,0.49,72.11,0.48,103.11,0.5,21.0,0.51,56.0,0.01,0.01,2331.958855,1776228030000
1776228032.12,32.12,0.5,21.0,0.49,61.0,0.51,60.19,0.52,86.0,0.49,60.19,0.48,86.0,0.5,21.0,0.51,61.0,0.01,0.01,2331.959435,1776228031000
1776228033.194,33.194,0.5,21.0,0.49,61.0,0.51,60.19,0.52,86.0,0.49,60.19,0.48,86.0,0.5,21.0,0.51,61.0,0.01,0.01,2331.974025,1776228032000
1776228034.246,34.246,0.5,21.0,0.49,61.0,0.51,60.19,0.52,86.0,0.49,60.19,0.48,86.0,0.5,21.0,0.51,61.0,0.01,0.01,2331.9617,1776228033000
1776228035.305,35.305,0.5,21.0,0.49,61.0,0.51,60.19,0.52,86.0,0.49,60.19,0.48,86.0,0.5,21.0,0.51,61.0,0.01,0.01,2331.965715,1776228034000
1776228036.321,36.321,0.5,21.0,0.49,61.0,0.51,60.19,0.52,86.0,0.49,60.19,0.48,86.0,0.5,21.0,0.51,61.0,0.01,0.01,2331.970715,1776228035000
1776228036.84,36.84,0.5,21.0,0.49,61.0,0.51,60.19,0.52,86.0,0.49,60.19,0.48,86.0,0.5,21.0,0.51,61.0,0.01,0.01,2331.960735,1776228036000
1776228037.908,37.908,0.5,21.0,0.49,61.0,0.51,60.19,0.52,86.0,0.49,60.19,0.48,86.0,0.5,21.0,0.51,61.0,0.01,0.01,2331.958965,1776228037000
1776228038.85,38.85,0.5,21.0,0.49,61.0,0.51,60.19,0.52,86.0,0.49,60.19,0.48,86.0,0.5,21.0,0.51,61.0,0.01,0.01,2331.923945,1776228038000
1776228040.0,40.0,0.5,21.0,0.49,61.0,0.51,60.19,0.52,86.0,0.49,60.19,0.48,86.0,0.5,21.0,0.51,61.0,0.01,0.01,2331.95051,1776228039000
1776228040.971,40.971,0.5,21.0,0.49,61.0,0.51,60.19,0.52,86.0,0.49,60.19,0.48,86.0,0.5,21.0,0.51,61.0,0.01,0.01,2331.9594,1776228040000
1776228041.93,41.93,0.5,21.0,0.49,61.0,0.51,60.19,0.52,86.0,0.49,60.19,0.48,86.0,0.5,21.0,0.51,61.0,0.01,0.01,2331.955475,1776228041000
1776228043.187,43.187,0.5,21.0,0.49,61.0,0.51,60.19,0.52,86.0,0.49,60.19,0.48,86.0,0.5,21.0,0.51,61.0,0.01,0.01,2331.95191,1776228042000
1776228044.042,44.042,0.5,172.0,0.49,326.0,0.52,5.0,0.54,10.0,0.49,60.19,0.48,86.0,0.5,21.0,0.51,61.0,0.02,0.01,2331.95191,1776228042000
1776228044.424,44.424,0.58,81.61,0.57,15.0,0.59,12.75,0.6,13.0,0.41,15.75,0.4,13.0,0.42,10.0,0.45,35.09,0.01,0.01,2331.95191,1776228042000
1776228044.747,44.747,0.58,84.22,0.57,15.0,0.59,12.75,0.6,13.0,0.41,12.75,0.4,13.0,0.42,81.61,0.43,15.0,0.01,0.01,2331.94494,1776228043000
1776228045.1,45.1,0.58,79.22,0.57,15.0,0.59,9.35,0.6,13.0,0.41,11.05,0.4,13.0,0.42,79.22,0.43,15.0,0.01,0.01,2331.94494,1776228043000
1776228045.39,45.39,0.58,81.83,0.57,20.0,0.59,27.65,0.6,13.0,0.41,17.65,0.4,13.0,0.42,79.22,0.43,15.0,0.01,0.01,2331.94494,1776228043000
1776228045.737,45.737,0.58,81.83,0.57,20.0,0.59,35.95,0.6,13.0,0.41,27.65,0.4,13.0,0.42,81.83,0.43,20.0,0.01,0.01,2331.96779,1776228044000
1776228046.055,46.055,0.58,79.44,0.57,20.0,0.59,35.95,0.6,13.0,0.41,35.95,0.4,13.0,0.42,79.44,0.43,20.0,0.01,0.01,2331.971925,1776228045000
1776228046.274,46.274,0.58,74.44,0.57,20.0,0.59,34.25,0.6,19.0,0.41,35.95,0.4,13.0,0.42,79.44,0.43,20.0,0.01,0.01,2331.971925,1776228045000
1776228047.145,47.145,0.58,79.44,0.57,20.0,0.59,13.3,0.6,19.0,0.41,34.25,0.4,19.0,0.42,74.44,0.43,20.0,0.01,0.01,2331.971925,1776228045000
1776228047.362,47.362,0.58,79.44,0.57,20.0,0.59,11.6,0.6,19.0,0.41,11.6,0.4,19.0,0.42,79.44,0.43,20.0,0.01,0.01,2332.35383,1776228046000
1776228047.959,47.959,0.58,79.44,0.57,20.0,0.59,11.6,0.6,19.0,0.41,11.6,0.4,19.0,0.42,79.44,0.43,20.0,0.01,0.01,2332.36352,1776228047000
1776228048.464,48.464,0.59,79.0,0.58,61.44,0.6,14.05,0.61,125.0,0.41,11.6,0.4,19.0,0.42,79.44,0.43,20.0,0.01,0.01,2332.36352,1776228047000
1776228048.849,48.849,0.59,60.06,0.58,61.44,0.6,14.05,0.61,125.0,0.4,14.05,0.39,125.0,0.41,76.56,0.42,61.44,0.01,0.01,2332.36352,1776228047000
1776228049.144,49.144,0.59,65.06,0.58,61.44,0.6,11.66,0.61,125.0,0.4,11.66,0.39,125.0,0.41,65.06,0.42,61.44,0.01,0.01,2332.36852,1776228048000
1776228049.361,49.361,0.59,70.06,0.58,61.44,0.6,1.48,0.61,125.0,0.4,9.82,0.39,125.0,0.41,70.06,0.42,61.44,0.01,0.01,2332.36852,1776228048000
1776228049.588,49.588,0.59,70.06,0.58,61.44,0.61,134.65,0.62,75.0,0.4,1.48,0.39,125.0,0.41,70.06,0.42,61.44,0.02,0.01,2332.36852,1776228048000
1776228049.892,49.892,0.6,44.0,0.59,42.06,0.61,134.65,0.62,75.0,0.39,134.65,0.38,75.0,0.41,70.06,0.42,61.44,0.01,0.02,2332.36852,1776228048000
1776228050.249,50.249,0.6,49.0,0.59,47.06,0.61,132.84,0.62,75.0,0.39,132.84,0.38,75.0,0.4,49.0,0.41,47.06,0.01,0.01,2332.379905,1776228049000
1776228051.831,51.831,0.6,49.0,0.59,47.06,0.61,134.11,0.62,83.0,0.39,126.03,0.38,75.0,0.4,44.0,0.41,47.06,0.01,0.01,2332.379905,1776228049000
1776228052.3,52.3,0.6,49.0,0.59,47.06,0.61,134.11,0.62,83.0,0.39,134.11,0.38,83.0,0.4,49.0,0.41,47.06,0.01,0.01,2332.38231,1776228051000
1776228053.652,53.652,0.6,49.0,0.59,47.06,0.61,134.11,0.62,83.0,0.39,134.11,0.38,83.0,0.4,49.0,0.41,47.06,0.01,0.01,2332.375615,1776228052000
1776228054.247,54.247,0.6,49.0,0.59,47.06,0.61,134.11,0.62,83.0,0.39,134.11,0.38,83.0,0.4,49.0,0.41,47.06,0.01,0.01,2332.378519,1776228053000
1776228054.547,54.547,0.6,38.87,0.59,42.06,0.61,129.11,0.62,93.0,0.39,134.11,0.38,83.0,0.4,49.0,0.41,47.06,0.01,0.01,2332.378519,1776228053000
1776228054.838,54.838,0.6,38.87,0.59,42.06,0.61,132.35,0.62,93.0,0.39,129.11,0.38,93.0,0.4,38.87,0.41,42.06,0.01,0.01,2332.378519,1776228053000
1776228055.616,55.616,0.6,33.74,0.59,42.06,0.61,132.35,0.62,93.0,0.39,132.35,0.38,93.0,0.4,33.74,0.41,42.06,0.01,0.01,2332.386027,1776228054000
1776228056.23,56.23,0.6,33.74,0.59,42.06,0.61,132.35,0.62,93.0,0.39,132.35,0.38,93.0,0.4,33.74,0.41,42.06,0.01,0.01,2332.383075,1776228055000
1776228057.538,57.538,0.6,33.74,0.59,42.06,0.61,132.35,0.62,93.0,0.39,132.35,0.38,93.0,0.4,33.74,0.41,42.06,0.01,0.01,2332.37009,1776228056000
1776228058.081,58.081,0.6,33.74,0.59,42.06,0.61,132.35,0.62,93.0,0.39,132.35,0.38,93.0,0.4,33.74,0.41,42.06,0.01,0.01,2332.365525,1776228057000
1776228059.402,59.402,0.6,38.74,0.59,42.06,0.61,86.24,0.62,83.0,0.39,86.24,0.38,83.0,0.4,38.74,0.41,42.06,0.01,0.01,2332.36779,1776228058000
1776228060.495,60.495,0.6,38.74,0.59,42.06,0.61,86.24,0.62,83.0,0.39,86.24,0.38,83.0,0.4,38.74,0.41,42.06,0.01,0.01,2332.374485,1776228059000
1776228060.988,60.988,0.6,36.24,0.59,47.06,0.61,86.24,0.62,83.0,0.39,86.24,0.38,83.0,0.4,38.74,0.41,42.06,0.01,0.01,2332.374485,1776228059000
1776228061.537,61.537,0.6,31.24,0.59,47.06,0.61,94.48,0.62,83.0,0.39,86.24,0.38,83.0,0.4,36.24,0.41,47.06,0.01,0.01,2332.37465,1776228060000
1776228062.577,62.577,0.6,31.24,0.59,47.06,0.61,94.48,0.62,83.0,0.39,94.48,0.38,83.0,0.4,31.24,0.41,47.06,0.01,0.01,2332.370855,1776228061000
1776228062.78,62.78,0.6,162.24,0.59,128.06,0.69,75.0,0.7,92.1,0.39,94.48,0.38,83.0,0.4,31.24,0.41,47.06,0.09,0.01,2332.370855,1776228061000
1776228063.006,63.006,0.68,59.0,0.67,10.0,0.69,54.95,0.7,75.0,0.31,57.85,0.3,75.0,0.4,162.24,0.41,198.06,0.01,0.09,2332.370855,1776228061000
1776228063.494,63.494,0.68,21.0,0.67,26.0,0.69,59.25,0.7,75.0,0.31,61.25,0.3,75.0,0.32,11.5,0.33,15.0,0.01,0.01,2332.375095,1776228062000
1776228064.562,64.562,0.72,84.0,0.71,16.0,0.73,60.5,0.74,164.0,0.31,54.25,0.3,75.0,0.32,1.46,0.33,26.0,0.01,0.01,2332.375095,1776228062000
1776228065.217,65.217,0.72,104.0,0.71,16.0,0.73,70.4,0.74,159.0,0.27,70.4,0.26,159.0,0.28,104.0,0.29,16.0,0.01,0.01,2332.643306,1776228064000
1776228065.666,65.666,0.72,80.94,0.71,26.0,0.73,85.13,0.74,166.0,0.27,70.4,0.26,159.0,0.28,104.0,0.29,16.0,0.01,0.01,2332.643306,1776228064000
1776228066.518,66.518,0.72,75.22,0.71,26.0,0.73,85.13,0.74,166.0,0.27,85.13,0.26,166.0,0.28,75.22,0.29,26.0,0.01,0.01,2332.833662,1776228065000
1776228066.833,66.833,0.77,33.0,0.76,20.0,0.78,144.9,0.79,150.0,0.22,145.0,0.21,150.0,0.27,45.0,0.28,67.22,0.01,0.05,2332.833662,1776228065000
1776228067.196,67.196,0.77,33.0,0.76,20.0,0.78,144.9,0.79,150.0,0.22,144.9,0.21,150.0,0.23,33.0,0.24,20.0,0.01,0.01,2332.94913,1776228066000
1776228068.495,68.495,0.77,101.31,0.76,20.0,0.78,131.9,0.79,157.0,0.22,131.9,0.21,157.0,0.23,101.31,0.24,20.0,0.01,0.01,2333.118649,1776228067000
1776228068.757,68.757,0.77,91.96,0.76,20.0,0.78,71.9,0.79,157.0,0.22,131.9,0.21,157.0,0.23,101.31,0.24,20.0,0.01,0.01,2333.118649,1776228067000
1776228069.007,69.007,0.77,86.52,0.76,20.0,0.78,66.06,0.79,157.0,0.22,71.9,0.21,157.0,0.23,86.52,0.24,20.0,0.01,0.01,2333.118649,1776228067000
1776228070.299,70.299,0.78,85.0,0.77,53.52,0.79,221.84,0.8,17.0,0.22,66.06,0.21,157.0,0.23,86.52,0.24,20.0,0.01,0.01,2333.125464,1776228068000
1776228070.702,70.702,0.78,121.18,0.77,48.52,0.79,119.59,0.8,17.0,0.21,114.59,0.2,17.0,0.22,118.0,0.23,53.52,0.01,0.01,2333.13456,1776228069000
1776228070.905,70.905,0.78,131.59,0.77,48.52,0.79,118.23,0.8,10.0,0.21,118.23,0.2,10.0,0.22,133.18,0.23,48.52,0.01,0.01,2333.13456,1776228069000
1776228072.213,72.213,0.78,131.59,0.77,48.52,0.79,118.23,0.8,10.0,0.21,118.23,0.2,10.0,0.22,131.59,0.23,48.52,0.01,0.01,2333.166223,1776228071000
1776228072.94,72.94,0.78,141.59,0.77,66.52,0.79,82.91,0.8,5.0,0.21,118.23,0.2,10.0,0.22,131.59,0.23,48.52,0.01,0.01,2333.166223,1776228071000
1776228073.394,73.394,0.78,132.04,0.77,66.52,0.79,76.42,0.8,5.0,0.21,77.7,0.2,5.0,0.22,137.04,0.23,66.52,0.01,0.01,2333.166223,1776228071000
1776228074.015,74.015,0.78,62.85,0.77,66.52,0.79,76.42,0.8,5.0,0.21,76.42,0.2,5.0,0.22,62.85,0.23,66.52,0.01,0.01,2333.281525,1776228073000
1776228074.325,74.325,0.78,77.85,0.77,66.52,0.79,72.06,0.8,5.0,0.21,75.06,0.2,5.0,0.22,77.85,0.23,66.52,0.01,0.01,2333.281525,1776228073000
1776228075.24,75.24,0.78,77.85,0.77,66.52,0.79,72.06,0.8,5.0,0.21,72.06,0.2,5.0,0.22,77.85,0.23,66.52,0.01,0.01,2333.311905,1776228074000
1776228076.934,76.934,0.78,77.85,0.77,66.52,0.79,72.06,0.8,5.0,0.21,72.06,0.2,5.0,0.22,77.85,0.23,66.52,0.01,0.01,2333.3249,1776228075000
1776228077.359,77.359,0.78,77.85,0.77,66.52,0.79,70.73,0.8,5.0,0.21,72.06,0.2,5.0,0.22,77.85,0.23,66.52,0.01,0.01,2333.3249,1776228075000
1776228077.836,77.836,0.78,77.85,0.77,66.52,0.79,64.37,0.8,5.0,0.21,64.37,0.2,5.0,0.22,77.85,0.23,66.52,0.01,0.01,2333.326835,1776228076000
1776228078.318,78.318,0.78,77.85,0.77,66.52,0.79,64.37,0.8,5.0,0.21,64.37,0.2,5.0,0.22,77.85,0.23,66.52,0.01,0.01,2333.32418,1776228077000
1776228078.983,78.983,0.78,77.85,0.77,66.52,0.79,64.37,0.8,5.0,0.21,64.37,0.2,5.0,0.22,77.85,0.23,66.52,0.01,0.01,2333.33116,1776228078000
1776228079.498,79.498,0.78,143.85,0.77,43.0,0.79,51.12,0.81,55.0,0.21,54.37,0.19,55.0,0.22,148.85,0.23,66.52,0.01,0.01,2333.33116,1776228078000
1776228079.948,79.948,0.78,82.85,0.77,43.0,0.79,49.85,0.81,55.0,0.21,51.12,0.19,55.0,0.22,143.85,0.23,43.0,0.01,0.01,2333.33116,1776228078000
1776228080.224,80.224,0.78,82.85,0.77,43.0,0.79,49.85,0.81,55.0,0.21,49.85,0.19,55.0,0.22,82.85,0.23,43.0,0.01,0.01,2333.31251,1776228079000
1776228081.46,81.46,0.78,82.85,0.77,43.0,0.79,49.85,0.81,55.0,0.21,49.85,0.19,55.0,0.22,82.85,0.23,43.0,0.01,0.01,2333.403185,1776228080000
1776228082.03,82.03,0.78,111.85,0.77,43.0,0.79,43.43,0.8,5.0,0.21,43.43,0.2,5.0,0.22,111.85,0.23,43.0,0.01,0.01,2333.403185,1776228081000
1776228083.16,83.16,0.78,111.85,0.77,43.0,0.79,43.43,0.8,5.0,0.21,43.43,0.2,5.0,0.22,111.85,0.23,43.0,0.01,0.01,2333.353467,1776228082000
1776228084.322,84.322,0.78,111.85,0.77,43.0,0.79,43.43,0.8,5.0,0.21,43.43,0.2,5.0,0.22,111.85,0.23,43.0,0.01,0.01,2333.495479,1776228083000
1776228085.168,85.168,0.78,111.85,0.77,43.0,0.79,43.43,0.8,5.0,0.21,43.43,0.2,5.0,0.22,111.85,0.23,43.0,0.01,0.01,2333.349078,1776228084000
1776228086.219,86.219,0.75,5.0,0.73,5.0,0.77,99.0,0.78,42.0,0.21,43.43,0.2,5.0,0.22,111.85,0.23,43.0,0.02,0.01,2333.349078,1776228084000
1776228086.623,86.623,0.65,29.0,0.64,28.0,0.68,63.0,0.69,15.0,0.28,65.67,0.24,19.0,0.32,10.0,0.33,27.0,0.03,0.04,2333.37513,1776228085000
1776228086.899,86.899,0.65,39.0,0.64,33.0,0.66,18.37,0.67,5.0,0.32,63.0,0.31,15.0,0.35,29.0,0.36,28.0,0.01,0.03,2333.37513,1776228085000
1776228087.465,87.465,0.65,39.0,0.64,33.0,0.66,18.37,0.67,5.0,0.34,18.37,0.33,5.0,0.35,39.0,0.36,33.0,0.01,0.01,2333.404196,1776228086000
1776228088.856,88.856,0.65,39.0,0.64,33.0,0.66,18.37,0.67,5.0,0.34,18.37,0.33,5.0,0.35,39.0,0.36,33.0,0.01,0.01,2333.21616,1776228087000
1776228089.511,89.511,0.65,59.0,0.64,88.02,0.66,2.87,0.67,5.0,0.34,2.87,0.33,5.0,0.35,59.0,0.36,88.02,0.01,0.01,2333.002996,1776228088000
1776228090.085,90.085,0.67,4.0,0.66,26.0,0.68,53.0,0.69,5.0,0.32,53.0,0.31,5.0,0.33,4.0,0.34,26.0,0.01,0.01,2333.003726,1776228089000
1776228090.892,90.892,0.67,110.9,0.66,26.0,0.68,49.41,0.69,5.0,0.32,53.0,0.31,5.0,0.33,4.0,0.34,26.0,0.01,0.01,2333.003726,1776228089000
1776228091.194,91.194,0.67,107.86,0.66,26.0,0.68,49.41,0.69,5.0,0.32,49.41,0.31,5.0,0.33,107.86,0.34,26.0,0.01,0.01,2332.963126,1776228090000
1776228091.904,91.904,0.67,41.0,0.66,67.38,0.68,65.32,0.69,5.0,0.32,49.41,0.31,5.0,0.33,107.86,0.34,26.0,0.01,0.01,2332.963126,1776228090000
1776228092.719,92.719,0.67,44.96,0.66,67.38,0.68,58.84,0.69,5.0,0.32,63.84,0.31,5.0,0.33,41.0,0.34,67.38,0.01,0.01,2332.963126,1776228090000
1776228093.343,93.343,0.67,78.53,0.66,31.0,0.68,51.48,0.69,5.0,0.32,58.84,0.31,5.0,0.33,44.96,0.34,67.38,0.01,0.01,2332.93701,1776228091000
1776228093.771,93.771,0.67,78.53,0.66,31.0,0.68,51.48,0.69,5.0,0.32,51.48,0.31,5.0,0.33,78.53,0.34,31.0,0.01,0.01,2332.907638,1776228092000
1776228093.983,93.983,0.63,13.56,0.62,15.0,0.68,66.48,0.69,15.0,0.32,66.48,0.31,15.0,0.35,5.0,0.37,15.0,0.05,0.03,2332.907638,1776228092000
1776228094.379,94.379,0.63,8.05,0.62,15.0,0.64,5.0,0.65,10.0,0.36,5.0,0.35,10.0,0.37,8.05,0.38,15.0,0.01,0.01,2332.981821,1776228093000
1776228095.352,95.352,0.63,15.01,0.62,15.0,0.64,84.28,0.65,10.0,0.36,5.0,0.35,10.0,0.37,8.05,0.38,15.0,0.01,0.01,2332.981821,1776228093000
1776228095.932,95.932,0.63,15.01,0.62,15.0,0.64,82.7,0.65,10.0,0.36,82.7,0.35,10.0,0.37,15.01,0.38,15.0,0.01,0.01,2332.77479,1776228095000
1776228097.074,97.074,0.62,11.61,0.61,15.0,0.64,87.7,0.65,25.0,0.36,87.7,0.35,25.0,0.38,11.61,0.39,15.0,0.02,0.02,2332.587784,1776228096000
1776228097.532,97.532,0.62,15.81,0.61,5.0,0.63,44.0,0.64,54.7,0.36,87.7,0.35,25.0,0.38,11.61,0.39,15.0,0.01,0.02,2332.587784,1776228096000
1776228097.81,97.81,0.61,10.81,0.6,10.0,0.63,49.0,0.64,28.7,0.37,44.0,0.36,54.7,0.38,15.81,0.39,5.0,0.02,0.01,2332.587784,1776228096000
1776228098.039,98.039,0.61,10.81,0.6,10.0,0.63,49.0,0.64,28.7,0.37,49.0,0.36,28.7,0.39,10.81,0.4,10.0,0.02,0.02,2332.566929,1776228097000
1776228098.507,98.507,0.61,14.81,0.6,15.0,0.63,49.0,0.64,28.7,0.37,49.0,0.36,28.7,0.39,10.81,0.4,10.0,0.02,0.02,2332.566929,1776228097000
1776228099.125,99.125,0.61,14.81,0.6,15.0,0.63,49.0,0.64,28.7,0.37,49.0,0.36,28.7,0.39,14.81,0.4,15.0,0.02,0.02,2332.542879,1776228098000
1776228100.234,100.234,0.61,14.81,0.6,15.0,0.63,49.0,0.64,28.7,0.37,49.0,0.36,28.7,0.39,14.81,0.4,15.0,0.02,0.02,2332.521023,1776228099000
1776228101.241,101.241,0.61,14.81,0.6,15.0,0.63,49.0,0.64,28.7,0.37,49.0,0.36,28.7,0.39,14.81,0.4,15.0,0.02,0.02,2332.521221,1776228100000
1776228102.331,102.331,0.61,14.81,0.6,15.0,0.63,49.0,0.64,28.7,0.37,49.0,0.36,28.7,0.39,14.81,0.4,15.0,0.02,0.02,2332.696747,1776228101000
1776228102.781,102.781,0.62,18.94,0.61,23.81,0.63,49.0,0.64,17.7,0.37,49.0,0.36,28.7,0.39,14.81,0.4,15.0,0.01,0.02,2332.696747,1776228101000
1776228103.322,103.322,0.62,18.94,0.61,23.81,0.63,49.0,0.64,17.7,0.37,49.0,0.36,17.7,0.38,18.94,0.39,23.81,0.01,0.01,2332.661152,1776228102000
1776228103.869,103.869,0.62,18.94,0.61,23.81,0.63,49.0,0.64,17.7,0.37,49.0,0.36,17.7,0.38,18.94,0.39,23.81,0.01,0.01,2332.638466,1776228103000
1776228104.547,104.547,0.62,15.94,0.61,23.81,0.63,79.0,0.64,17.7,0.37,49.0,0.36,17.7,0.38,18.94,0.39,23.81,0.01,0.01,2332.638466,1776228103000
1776228104.916,104.916,0.62,5.94,0.61,23.81,0.63,84.0,0.64,22.7,0.37,84.0,0.36,22.7,0.38,5.94,0.39,23.81,0.01,0.01,2332.511818,1776228104000
1776228106.032,106.032,0.58,17.14,0.57,10.0,0.62,89.0,0.63,66.0,0.38,89.0,0.37,66.0,0.42,17.14,0.43,10.0,0.04,0.04,2332.571652,1776228105000
1776228106.366,106.366,0.58,14.14,0.57,20.0,0.6,79.0,0.61,75.0,0.38,89.0,0.37,66.0,0.42,17.14,0.43,10.0,0.02,0.04,2332.571652,1776228105000
1776228107.565,107.565,0.59,22.0,0.58,28.0,0.6,68.83,0.61,80.0,0.4,79.0,0.39,75.0,0.42,14.14,0.43,20.0,0.01,0.02,2332.571652,1776228105000
1776228108.268,108.268,0.59,22.0,0.58,28.0,0.6,68.83,0.61,80.0,0.4,68.83,0.39,80.0,0.41,22.0,0.42,28.0,0.01,0.01,2332.483657,1776228107000
1776228108.693,108.693,0.59,4.9,0.58,28.0,0.6,68.83,0.61,80.0,0.4,68.83,0.39,80.0,0.41,22.0,0.42,28.0,0.01,0.01,2332.483657,1776228107000
1776228109.034,109.034,0.58,27.8,0.57,22.0,0.6,68.83,0.61,80.0,0.4,68.83,0.39,80.0,0.41,4.9,0.42,28.0,0.02,0.01,2332.483657,1776228107000
1776228109.437,109.437,0.59,4.9,0.58,32.8,0.6,68.83,0.61,95.0,0.4,68.83,0.39,80.0,0.42,27.8,0.43,22.0,0.01,0.02,2332.483657,1776228107000
1776228110.111,110.111,0.57,10.0,0.56,27.0,0.59,99.0,0.6,50.83,0.4,68.83,0.39,95.0,0.41,4.9,0.42,32.8,0.02,0.01,2332.464242,1776228108000
1776228111.512,111.512,0.57,10.0,0.56,27.0,0.59,99.0,0.6,50.83,0.41,99.0,0.4,50.83,0.43,10.0,0.44,27.0,0.02,0.02,2332.505372,1776228110000
1776228112.236,112.236,0.56,32.0,0.55,27.0,0.57,83.82,0.58,61.0,0.43,83.82,0.42,61.0,0.44,32.0,0.45,27.0,0.01,0.01,2332.450179,1776228111000
1776228113.44,113.44,0.56,32.0,0.55,27.0,0.57,83.82,0.58,61.0,0.43,83.82,0.42,61.0,0.44,32.0,0.45,27.0,0.01,0.01,2332.331382,1776228112000
1776228114.212,114.212,0.56,32.0,0.55,27.0,0.57,83.82,0.58,61.0,0.43,83.82,0.42,61.0,0.44,32.0,0.45,27.0,0.01,0.01,2332.331427,1776228113000
1776228115.145,115.145,0.56,10.0,0.55,27.0,0.57,80.94,0.58,61.0,0.43,83.82,0.42,61.0,0.44,32.0,0.45,27.0,0.01,0.01,2332.331427,1776228113000
1776228115.441,115.441,0.56,10.0,0.55,27.0,0.57,80.94,0.58,61.0,0.43,80.94,0.42,61.0,0.44,10.0,0.45,27.0,0.01,0.01,2332.330978,1776228114000
1776228116.149,116.149,0.56,10.0,0.55,27.0,0.57,80.94,0.58,61.0,0.43,80.94,0.42,61.0,0.44,10.0,0.45,27.0,0.01,0.01,2332.330857,1776228115000
1776228117.553,117.553,0.56,10.0,0.55,27.0,0.57,80.94,0.58,61.0,0.43,80.94,0.42,61.0,0.44,10.0,0.45,27.0,0.01,0.01,2332.324596,1776228116000
1776228118.263,118.263,0.56,10.0,0.55,27.0,0.57,80.94,0.58,61.0,0.43,80.94,0.42,61.0,0.44,10.0,0.45,27.0,0.01,0.01,2332.319709,1776228117000
1776228119.501,119.501,0.56,10.0,0.55,27.0,0.57,80.94,0.58,61.0,0.43,80.94,0.42,61.0,0.44,10.0,0.45,27.0,0.01,0.01,2332.384561,1776228118000
1776228120.334,120.334,0.56,10.0,0.55,27.0,0.57,80.94,0.58,61.0,0.43,80.94,0.42,61.0,0.44,10.0,0.45,27.0,0.01,0.01,2332.324834,1776228119000
1776228121.681,121.681,0.56,10.0,0.55,27.0,0.57,80.94,0.58,61.0,0.43,80.94,0.42,61.0,0.44,10.0,0.45,27.0,0.01,0.01,2332.322524,1776228120000
1776228122.442,122.442,0.56,10.0,0.55,27.0,0.57,80.94,0.58,61.0,0.43,80.94,0.42,61.0,0.44,10.0,0.45,27.0,0.01,0.01,2332.42416,1776228121000
1776228123.157,123.157,0.56,10.0,0.55,27.0,0.57,80.94,0.58,61.0,0.43,80.94,0.42,61.0,0.44,10.0,0.45,27.0,0.01,0.01,2332.473831,1776228122000
1776228124.807,124.807,0.56,10.0,0.55,27.0,0.57,80.94,0.58,61.0,0.43,80.94,0.42,61.0,0.44,10.0,0.45,27.0,0.01,0.01,2332.34433,1776228123000
1776228125.353,125.353,0.56,10.0,0.55,27.0,0.57,80.94,0.58,61.0,0.43,80.94,0.42,61.0,0.44,10.0,0.45,27.0,0.01,0.01,2332.406034,1776228124000
1776228125.87,125.87,0.56,10.0,0.55,27.0,0.57,80.94,0.58,61.0,0.43,80.94,0.42,61.0,0.44,10.0,0.45,27.0,0.01,0.01,2332.406034,1776228125000
1776228126.931,126.931,0.56,25.0,0.55,25.0,0.57,69.0,0.58,16.0,0.43,80.94,0.42,61.0,0.44,10.0,0.45,27.0,0.01,0.01,2332.406034,1776228125000
1776228127.998,127.998,0.56,25.0,0.55,25.0,0.57,69.0,0.58,16.0,0.43,69.0,0.42,16.0,0.44,25.0,0.45,25.0,0.01,0.01,2332.466897,1776228127000
1776228129.093,129.093,0.55,15.0,0.54,35.0,0.56,5.0,0.57,69.0,0.43,69.0,0.42,16.0,0.44,25.0,0.45,25.0,0.01,0.01,2332.466897,1776228127000
1776228130.193,130.193,0.55,15.0,0.54,35.0,0.56,5.0,0.57,69.0,0.44,5.0,0.43,69.0,0.45,15.0,0.46,35.0,0.01,0.01,2332.348065,1776228129000
1776228130.916,130.916,0.55,12.77,0.54,35.0,0.56,77.0,0.57,41.0,0.44,5.0,0.43,69.0,0.45,15.0,0.46,35.0,0.01,0.01,2332.348065,1776228129000
1776228131.127,131.127,0.55,12.77,0.54,35.0,0.56,77.0,0.57,41.0,0.44,77.0,0.43,41.0,0.45,12.77,0.46,35.0,0.01,0.01,2332.344515,1776228130000
1776228132.233,132.233,0.55,10.08,0.54,35.0,0.56,82.0,0.57,41.0,0.44,82.0,0.43,41.0,0.45,10.08,0.46,35.0,0.01,0.01,2332.319669,1776228131000
1776228133.269,133.269,0.55,10.08,0.54,35.0,0.56,82.0,0.57,41.0,0.44,82.0,0.43,41.0,0.45,10.08,0.46,35.0,0.01,0.01,2332.319154,1776228132000
1776228134.304,134.304,0.55,10.08,0.54,35.0,0.56,82.0,0.57,41.0,0.44,82.0,0.43,41.0,0.45,10.08,0.46,35.0,0.01,0.01,2332.325031,1776228133000
1776228135.195,135.195,0.54,20.0,0.53,32.0,0.55,76.0,0.56,69.0,0.45,81.0,0.44,69.0,0.46,20.0,0.47,32.0,0.01,0.01,2332.325031,1776228133000
1776228135.408,135.408,0.54,20.0,0.53,32.0,0.55,71.0,0.56,69.0,0.45,71.0,0.44,69.0,0.46,20.0,0.47,32.0,0.01,0.01,2332.334024,1776228134000
1776228135.819,135.819,0.54,30.0,0.53,32.0,0.55,33.0,0.56,21.0,0.45,71.0,0.44,69.0,0.46,20.0,0.47,32.0,0.01,0.01,2332.334024,1776228134000
1776228136.897,136.897,0.54,30.0,0.53,32.0,0.55,33.0,0.56,21.0,0.45,33.0,0.44,21.0,0.46,30.0,0.47,32.0,0.01,0.01,2332.333504,1776228136000
1776228138.027,138.027,0.54,34.5,0.53,32.0,0.55,23.0,0.56,21.0,0.45,33.0,0.44,21.0,0.46,30.0,0.47,32.0,0.01,0.01,2332.333504,1776228136000
1776228138.509,138.509,0.54,34.5,0.53,32.0,0.55,23.0,0.56,21.0,0.45,23.0,0.44,21.0,0.46,34.5,0.47,32.0,0.01,0.01,2332.406854,1776228137000
1776228139.03,139.03,0.54,34.5,0.53,32.0,0.55,23.0,0.56,21.0,0.45,23.0,0.44,21.0,0.46,34.5,0.47,32.0,0.01,0.01,2332.337689,1776228138000
1776228139.976,139.976,0.54,34.5,0.53,32.0,0.55,23.0,0.56,21.0,0.45,23.0,0.44,21.0,0.46,34.5,0.47,32.0,0.01,0.01,2332.32732,1776228139000
1776228140.994,140.994,0.54,34.5,0.53,32.0,0.55,23.0,0.56,21.0,0.45,23.0,0.44,21.0,0.46,34.5,0.47,32.0,0.01,0.01,2332.327315,1776228140000
1776228141.22,141.22,0.54,148.6,0.53,102.0,0.55,0.1,0.56,5.0,0.45,23.0,0.44,21.0,0.46,34.5,0.47,32.0,0.01,0.01,2332.327315,1776228140000
1776228141.628,141.628,0.58,81.0,0.57,96.0,0.59,12.91,0.6,15.0,0.41,10.0,0.4,5.0,0.46,148.6,0.47,102.0,0.01,0.05,2332.327315,1776228140000
1776228141.931,141.931,0.58,81.0,0.57,96.0,0.59,12.91,0.6,15.0,0.41,12.91,0.4,15.0,0.42,81.0,0.43,96.0,0.01,0.01,2332.344357,1776228141000
1776228142.989,142.989,0.58,86.0,0.57,96.0,0.59,7.82,0.6,15.0,0.41,7.82,0.4,15.0,0.42,86.0,0.43,96.0,0.01,0.01,2332.363321,1776228142000
1776228143.675,143.675,0.58,76.0,0.57,96.0,0.59,10.95,0.6,15.0,0.41,7.82,0.4,15.0,0.42,86.0,0.43,96.0,0.01,0.01,2332.363321,1776228142000
1776228144.363,144.363,0.58,81.0,0.57,96.0,0.59,0.66,0.6,15.0,0.41,5.83,0.4,15.0,0.42,81.0,0.43,96.0,0.01,0.01,2332.426624,1776228143000
1776228144.829,144.829,0.58,81.0,0.57,96.0,0.59,0.66,0.6,15.0,0.41,0.66,0.4,15.0,0.42,81.0,0.43,96.0,0.01,0.01,2332.405415,1776228144000
1776228145.81,145.81,0.58,81.0,0.57,96.0,0.59,0.66,0.6,15.0,0.41,0.66,0.4,15.0,0.42,81.0,0.43,96.0,0.01,0.01,2332.39998,1776228145000
1776228147.273,147.273,0.58,81.0,0.57,96.0,0.59,0.66,0.6,15.0,0.41,0.66,0.4,15.0,0.42,81.0,0.43,96.0,0.01,0.01,2332.427091,1776228146000
1776228148.019,148.019,0.59,51.0,0.58,21.0,0.6,15.0,0.61,10.0,0.41,0.66,0.4,15.0,0.42,81.0,0.43,96.0,0.01,0.01,2332.427091,1776228146000
1776228148.259,148.259,0.59,51.0,0.58,21.0,0.6,15.0,0.61,10.0,0.4,15.0,0.39,10.0,0.41,51.0,0.42,21.0,0.01,0.01,2332.430973,1776228147000
1776228148.549,148.549,0.59,49.9,0.58,21.0,0.6,5.0,0.61,10.0,0.4,15.0,0.39,10.0,0.41,51.0,0.42,21.0,0.01,0.01,2332.430973,1776228147000
1776228149.302,149.302,0.59,49.9,0.58,21.0,0.6,5.0,0.61,10.0,0.4,5.0,0.39,10.0,0.41,49.9,0.42,21.0,0.01,0.01,2332.429399,1776228148000
1776228150.277,150.277,0.59,49.9,0.58,21.0,0.6,5.0,0.61,10.0,0.4,5.0,0.39,10.0,0.41,49.9,0.42,21.0,0.01,0.01,2332.403191,1776228149000
1776228151.188,151.188,0.59,84.9,0.58,26.0,0.6,8.33,0.61,10.0,0.4,5.0,0.39,10.0,0.41,49.9,0.42,21.0,0.01,0.01,2332.403191,1776228149000
1776228152.761,152.761,0.59,84.9,0.58,26.0,0.6,8.33,0.61,10.0,0.4,8.33,0.39,10.0,0.41,84.9,0.42,26.0,0.01,0.01,2332.472839,1776228151000
1776228153.37,153.37,0.59,84.9,0.58,26.0,0.6,8.33,0.61,10.0,0.4,8.33,0.39,10.0,0.41,84.9,0.42,26.0,0.01,0.01,2332.46414,1776228152000
1776228154.097,154.097,0.6,78.5,0.59,24.9,0.61,10.0,0.62,10.0,0.39,10.0,0.38,10.0,0.4,78.5,0.41,24.9,0.01,0.01,2332.46414,1776228153000
1776228154.627,154.627,0.59,72.55,0.58,33.0,0.6,11.66,0.61,25.0,0.39,15.0,0.38,20.0,0.41,17.55,0.42,26.0,0.01,0.02,2332.46414,1776228153000
1776228155.353,155.353,0.59,72.55,0.58,33.0,0.6,11.66,0.61,25.0,0.4,11.66,0.39,25.0,0.41,72.55,0.42,33.0,0.01,0.01,2332.403123,1776228154000
1776228155.621,155.621,0.62,51.0,0.61,21.0,0.63,2.77,0.64,75.0,0.4,11.66,0.39,25.0,0.41,72.55,0.42,33.0,0.01,0.01,2332.403123,1776228154000
1776228155.901,155.901,0.63,61.0,0.62,21.0,0.64,69.53,0.65,75.0,0.36,65.53,0.35,75.0,0.38,46.0,0.39,21.0,0.01,0.02,2332.403123,1776228154000
1776228156.599,156.599,0.63,61.0,0.62,21.0,0.64,69.53,0.65,75.0,0.36,69.53,0.35,75.0,0.37,61.0,0.38,21.0,0.01,0.01,2332.411534,1776228155000
1776228157.201,157.201,0.63,61.0,0.62,21.0,0.64,69.53,0.65,75.0,0.36,69.53,0.35,75.0,0.37,61.0,0.38,21.0,0.01,0.01,2332.389848,1776228156000
1776228158.192,158.192,0.63,96.0,0.62,42.0,0.64,78.53,0.65,80.0,0.36,69.53,0.35,75.0,0.37,61.0,0.38,21.0,0.01,0.01,2332.389848,1776228156000
1776228158.558,158.558,0.63,96.0,0.62,42.0,0.64,78.53,0.65,80.0,0.36,78.53,0.35,80.0,0.37,96.0,0.38,42.0,0.01,0.01,2332.412247,1776228157000
1776228158.864,158.864,0.63,101.0,0.62,42.0,0.64,10.53,0.65,80.0,0.36,78.53,0.35,80.0,0.37,96.0,0.38,42.0,0.01,0.01,2332.412247,1776228157000
1776228159.173,159.173,0.63,101.0,0.62,42.0,0.64,10.53,0.65,80.0,0.36,10.53,0.35,80.0,0.37,101.0,0.38,42.0,0.01,0.01,2332.41232,1776228158000
1776228159.423,159.423,0.63,28.29,0.62,37.0,0.64,35.0,0.65,100.0,0.36,10.53,0.35,80.0,0.37,101.0,0.38,42.0,0.01,0.01,2332.41232,1776228158000
1776228159.732,159.732,0.63,18.29,0.62,22.0,0.64,31.3,0.65,100.0,0.36,32.87,0.35,100.0,0.37,28.29,0.38,37.0,0.01,0.01,2332.41232,1776228158000
1776228160.453,160.453,0.62,22.0,0.61,32.0,0.64,31.3,0.65,100.0,0.36,31.3,0.35,100.0,0.38,22.0,0.39,32.0,0.02,0.02,2332.41013,1776228159000
1776228160.993,160.993,0.62,22.0,0.61,32.0,0.64,31.3,0.65,100.0,0.36,31.3,0.35,100.0,0.38,22.0,0.39,32.0,0.02,0.02,2332.516977,1776228160000
1776228161.42,161.42,0.62,21.0,0.61,37.0,0.63,28.85,0.64,21.3,0.36,31.3,0.35,100.0,0.38,22.0,0.39,32.0,0.01,0.02,2332.516977,1776228160000
1776228161.681,161.681,0.62,26.0,0.61,42.0,0.63,26.62,0.64,15.0,0.37,28.85,0.36,21.3,0.38,21.0,0.39,37.0,0.01,0.01,2332.516977,1776228160000
1776228162.237,162.237,0.62,26.0,0.61,42.0,0.63,26.62,0.64,15.0,0.37,26.62,0.36,15.0,0.38,26.0,0.39,42.0,0.01,0.01,2332.435827,1776228161000
1776228163.084,163.084,0.62,8.1,0.61,37.0,0.63,26.62,0.64,15.0,0.37,26.62,0.36,15.0,0.38,26.0,0.39,42.0,0.01,0.01,2332.435827,1776228161000
1776228163.463,163.463,0.62,8.1,0.61,37.0,0.63,26.62,0.64,15.0,0.37,26.62,0.36,15.0,0.38,8.1,0.39,37.0,0.01,0.01,2332.453672,1776228162000
1776228164.085,164.085,0.62,8.1,0.61,37.0,0.63,26.62,0.64,15.0,0.37,26.62,0.36,15.0,0.38,8.1,0.39,37.0,0.01,0.01,2332.45568,1776228163000
1776228165.095,165.095,0.62,8.1,0.61,37.0,0.63,26.62,0.64,15.0,0.37,26.62,0.36,15.0,0.38,8.1,0.39,37.0,0.01,0.01,2332.438697,1776228164000
1776228165.348,165.348,0.62,88.1,0.61,42.0,0.66,15.0,0.67,30.15,0.37,26.62,0.36,15.0,0.38,8.1,0.39,37.0,0.04,0.01,2332.438697,1776228164000
1776228165.916,165.916,0.63,80.0,0.62,53.1,0.66,25.0,0.67,30.15,0.34,15.0,0.33,30.15,0.38,88.1,0.39,42.0,0.03,0.04,2332.438697,1776228164000
1776228166.305,166.305,0.63,80.0,0.62,53.1,0.66,25.0,0.67,30.15,0.34,25.0,0.33,30.15,0.37,80.0,0.38,53.1,0.03,0.03,2332.48723,1776228165000
1776228166.509,166.509,0.63,5.0,0.62,13.1,0.65,15.0,0.66,20.0,0.34,25.0,0.33,30.15,0.37,80.0,0.38,53.1,0.02,0.03,2332.48723,1776228165000
1776228167.25,167.25,0.63,5.0,0.62,13.1,0.65,15.0,0.66,20.0,0.35,15.0,0.34,20.0,0.37,5.0,0.38,13.1,0.02,0.02,2332.38989,1776228166000
1776228167.525,167.525,0.61,31.0,0.6,15.0,0.63,25.0,0.64,20.0,0.35,15.0,0.34,20.0,0.37,5.0,0.38,13.1,0.02,0.02,2332.38989,1776228166000
1776228168.252,168.252,0.61,31.0,0.6,15.0,0.63,25.0,0.64,20.0,0.37,25.0,0.36,20.0,0.39,31.0,0.4,15.0,0.02,0.02,2332.407845,1776228167000
1776228169.261,169.261,0.61,31.0,0.6,15.0,0.63,25.0,0.64,20.0,0.37,25.0,0.36,20.0,0.39,31.0,0.4,15.0,0.02,0.02,2332.438363,1776228168000
1776228169.654,169.654,0.53,0.82,0.52,5.0,0.54,52.14,0.55,15.0,0.45,5.0,0.42,20.0,0.47,0.82,0.48,18.0,0.01,0.02,2332.438363,1776228168000
1776228169.855,169.855,0.51,7.0,0.5,42.0,0.54,15.0,0.55,5.89,0.46,15.0,0.45,5.89,0.49,27.41,0.5,42.0,0.03,0.03,2332.438363,1776228168000
1776228170.2,170.2,0.47,324.13,0.46,92.68,0.51,128.0,0.52,24.07,0.48,13.07,0.47,10.0,0.49,10.0,0.5,15.0,0.04,0.01,2332.438363,1776228168000
1776228170.646,170.646,0.47,269.89,0.46,87.68,0.48,38.41,0.49,10.0,0.52,64.25,0.51,15.0,0.53,249.89,0.54,92.68,0.01,0.01,2332.434753,1776228169000
1776228170.926,170.926,0.47,269.89,0.46,87.68,0.48,38.41,0.49,10.0,0.52,38.41,0.51,10.0,0.53,269.89,0.54,87.68,0.01,0.01,2332.297467,1776228170000
1776228171.61,171.61,0.47,277.81,0.46,97.68,0.48,33.0,0.49,15.0,0.52,38.41,0.51,10.0,0.53,269.89,0.54,87.68,0.01,0.01,2332.297467,1776228170000
1776228172.004,172.004,0.47,273.3,0.46,97.68,0.48,33.0,0.49,15.0,0.52,33.0,0.51,15.0,0.53,277.81,0.54,97.68,0.01,0.01,2332.297467,1776228170000
1776228172.439,172.439,0.47,260.97,0.46,97.68,0.48,33.0,0.49,15.0,0.52,33.0,0.51,15.0,0.53,273.3,0.54,97.68,0.01,0.01,2332.08235,1776228171000
1776228173.07,173.07,0.47,245.97,0.46,97.68,0.48,33.0,0.49,15.0,0.52,33.0,0.51,15.0,0.53,245.97,0.54,97.68,0.01,0.01,2331.917965,1776228172000
1776228173.732,173.732,0.47,240.97,0.46,97.68,0.48,40.67,0.49,15.0,0.52,33.0,0.51,15.0,0.53,245.97,0.54,97.68,0.01,0.01,2331.917965,1776228172000
1776228174.055,174.055,0.47,240.97,0.46,97.68,0.48,40.67,0.49,15.0,0.52,40.67,0.51,15.0,0.53,240.97,0.54,97.68,0.01,0.01,2332.034926,1776228173000
1776228174.535,174.535,0.47,232.98,0.46,97.68,0.48,30.67,0.49,15.0,0.52,40.67,0.51,15.0,0.53,240.97,0.54,97.68,0.01,0.01,2332.034926,1776228173000
1776228174.896,174.896,0.47,235.9,0.46,97.68,0.48,30.67,0.49,15.0,0.52,30.67,0.51,15.0,0.53,232.98,0.54,97.68,0.01,0.01,2332.034926,1776228173000
1776228175.128,175.128,0.47,235.9,0.46,97.68,0.48,30.67,0.49,15.0,0.52,30.67,0.51,15.0,0.53,235.9,0.54,97.68,0.01,0.01,2331.926536,1776228174000
1776228175.779,175.779,0.47,233.9,0.46,97.68,0.48,40.67,0.49,15.0,0.52,30.67,0.51,15.0,0.53,235.9,0.54,97.68,0.01,0.01,2331.926536,1776228174000
1776228176.116,176.116,0.47,233.9,0.46,97.68,0.48,40.67,0.49,15.0,0.52,40.67,0.51,15.0,0.53,233.9,0.54,97.68,0.01,0.01,2331.928957,1776228175000
1776228176.497,176.497,0.47,228.9,0.46,97.68,0.48,40.67,0.49,15.0,0.52,40.67,0.51,15.0,0.53,233.9,0.54,97.68,0.01,0.01,2331.928957,1776228175000
1776228177.079,177.079,0.47,228.9,0.46,97.68,0.48,40.67,0.49,15.0,0.52,40.67,0.51,15.0,0.53,228.9,0.54,97.68,0.01,0.01,2332.002088,1776228176000
1776228177.871,177.871,0.47,174.9,0.46,87.68,0.48,58.67,0.49,20.0,0.52,40.67,0.51,15.0,0.53,228.9,0.54,97.68,0.01,0.01,2332.002088,1776228176000
1776228178.102,178.102,0.47,174.9,0.46,87.68,0.48,58.67,0.49,20.0,0.52,58.67,0.51,20.0,0.53,174.9,0.54,87.68,0.01,0.01,2331.928377,1776228177000
1776228179.062,179.062,0.47,169.33,0.46,87.68,0.48,91.67,0.49,95.0,0.52,58.67,0.51,20.0,0.53,174.9,0.54,87.68,0.01,0.01,2331.928377,1776228177000
1776228179.438,179.438,0.47,159.89,0.46,87.68,0.48,106.67,0.49,95.0,0.52,91.67,0.51,95.0,0.53,169.33,0.54,87.68,0.01,0.01,2331.924998,1776228178000
1776228180.649,180.649,0.47,159.89,0.46,87.68,0.48,106.67,0.49,95.0,0.52,106.67,0.51,95.0,0.53,159.89,0.54,87.68,0.01,0.01,2331.901451,1776228179000
1776228181.079,181.079,0.47,159.89,0.46,87.68,0.48,106.67,0.49,95.0,0.52,106.67,0.51,95.0,0.53,159.89,0.54,87.68,0.01,0.01,2331.969409,1776228180000
1776228182.516,182.516,0.47,159.89,0.46,87.68,0.48,106.67,0.49,95.0,0.52,106.67,0.51,95.0,0.53,159.89,0.54,87.68,0.01,0.01,2331.932865,1776228181000
1776228183.01,183.01,0.47,158.0,0.46,87.68,0.48,110.67,0.49,95.0,0.52,106.67,0.51,95.0,0.53,159.89,0.54,87.68,0.01,0.01,2331.932865,1776228181000
1776228183.517,183.517,0.47,158.0,0.46,87.68,0.48,110.67,0.49,95.0,0.52,110.67,0.51,95.0,0.53,158.0,0.54,87.68,0.01,0.01,2331.877864,1776228182000
1776228184.125,184.125,0.47,158.0,0.46,87.68,0.48,110.67,0.49,95.0,0.52,110.67,0.51,95.0,0.53,158.0,0.54,87.68,0.01,0.01,2331.875097,1776228183000
1776228185.383,185.383,0.47,158.0,0.46,87.68,0.48,110.67,0.49,95.0,0.52,110.67,0.51,95.0,0.53,158.0,0.54,87.68,0.01,0.01,2331.875796,1776228184000
1776228185.745,185.745,0.47,158.0,0.46,87.68,0.48,85.0,0.49,95.0,0.52,110.67,0.51,95.0,0.53,158.0,0.54,87.68,0.01,0.01,2331.875796,1776228184000
1776228186.099,186.099,0.47,161.11,0.46,87.68,0.48,85.0,0.49,95.0,0.52,85.0,0.51,95.0,0.53,158.0,0.54,87.68,0.01,0.01,2331.875796,1776228184000
1776228186.418,186.418,0.47,159.22,0.46,87.68,0.48,35.91,0.49,95.0,0.52,85.0,0.51,95.0,0.53,154.22,0.54,87.68,0.01,0.01,2331.875796,1776228184000
1776228186.849,186.849,0.47,139.22,0.46,87.68,0.48,40.91,0.49,90.0,0.52,30.91,0.51,95.0,0.53,159.22,0.54,87.68,0.01,0.01,2331.86777,1776228185000
1776228187.101,187.101,0.47,139.22,0.46,87.68,0.48,38.82,0.49,90.0,0.52,38.82,0.51,90.0,0.53,139.22,0.54,87.68,0.01,0.01,2331.86777,1776228186000
1776228187.335,187.335,0.47,134.22,0.46,87.68,0.48,85.82,0.49,90.0,0.52,38.82,0.51,90.0,0.53,139.22,0.54,87.68,0.01,0.01,2331.86777,1776228186000
1776228187.819,187.819,0.47,139.22,0.46,87.68,0.48,85.32,0.49,90.0,0.52,85.82,0.51,90.0,0.53,134.22,0.54,87.68,0.01,0.01,2331.86777,1776228186000
1776228188.252,188.252,0.47,139.22,0.46,87.68,0.48,85.32,0.49,90.0,0.52,85.32,0.51,90.0,0.53,139.22,0.54,87.68,0.01,0.01,2331.876262,1776228187000
1776228189.375,189.375,0.47,139.22,0.46,87.68,0.48,85.32,0.49,90.0,0.52,85.32,0.51,90.0,0.53,139.22,0.54,87.68,0.01,0.01,2331.876301,1776228188000
1776228189.975,189.975,0.47,139.22,0.46,87.68,0.48,85.32,0.49,90.0,0.52,85.32,0.51,90.0,0.53,139.22,0.54,87.68,0.01,0.01,2331.877079,1776228189000
1776228191.141,191.141,0.47,139.22,0.46,87.68,0.48,85.32,0.49,90.0,0.52,85.32,0.51,90.0,0.53,139.22,0.54,87.68,0.01,0.01,2331.949399,1776228190000
1776228192.287,192.287,0.47,139.22,0.46,87.68,0.48,85.32,0.49,90.0,0.52,85.32,0.51,90.0,0.53,139.22,0.54,87.68,0.01,0.01,2331.901708,1776228191000
1776228193.43,193.43,0.47,139.22,0.46,87.68,0.48,85.32,0.49,90.0,0.52,85.32,0.51,90.0,0.53,139.22,0.54,87.68,0.01,0.01,2331.885408,1776228192000
1776228194.12,194.12,0.47,139.22,0.46,87.68,0.48,85.32,0.49,90.0,0.52,85.32,0.51,90.0,0.53,139.22,0.54,87.68,0.01,0.01,2331.885408,1776228193000
1776228195.292,195.292,0.47,139.22,0.46,87.68,0.48,141.02,0.49,90.0,0.52,85.32,0.51,90.0,0.53,139.22,0.54,87.68,0.01,0.01,2331.885408,1776228193000
1776228196.221,196.221,0.47,139.22,0.46,87.68,0.48,141.02,0.49,90.0,0.52,141.02,0.51,90.0,0.53,139.22,0.54,87.68,0.01,0.01,2331.932116,1776228195000
1776228197.39,197.39,0.47,139.22,0.46,87.68,0.48,141.02,0.49,90.0,0.52,141.02,0.51,90.0,0.53,139.22,0.54,87.68,0.01,0.01,2331.890226,1776228196000
1776228197.607,197.607,0.47,134.22,0.46,87.68,0.48,69.02,0.49,20.0,0.52,141.02,0.51,90.0,0.53,139.22,0.54,87.68,0.01,0.01,2331.890226,1776228196000
1776228197.866,197.866,0.47,113.6,0.46,87.68,0.48,74.02,0.49,41.72,0.52,74.02,0.51,41.72,0.53,113.6,0.54,87.68,0.01,0.01,2331.890226,1776228197000
1776228198.381,198.381,0.47,148.82,0.46,87.68,0.48,66.93,0.49,41.72,0.52,69.02,0.51,41.72,0.53,148.82,0.54,87.68,0.01,0.01,2331.890226,1776228197000
1776228198.667,198.667,0.47,208.82,0.46,92.68,0.51,0.4,0.52,5.0,0.52,66.93,0.51,41.72,0.53,148.82,0.54,87.68,0.04,0.01,2331.890226,1776228197000
1776228198.989,198.989,0.49,10.0,0.47,218.82,0.53,0.3,0.54,5.0,0.47,0.3,0.46,5.0,0.51,10.0,0.53,218.82,0.04,0.04,2331.890084,1776228198000
1776228199.75,199.75,0.51,104.95,0.5,146.28,0.53,0.3,0.54,5.0,0.47,0.3,0.46,5.0,0.51,10.0,0.53,218.82,0.02,0.04,2331.890084,1776228198000
1776228200.062,200.062,0.51,114.95,0.5,135.28,0.55,4.9,0.56,5.0,0.47,0.3,0.46,5.0,0.49,104.95,0.5,146.28,0.04,0.02,2331.890084,1776228198000
1776228200.607,200.607,0.54,2.82,0.53,5.0,0.56,10.0,0.57,4.52,0.43,4.52,0.42,5.0,0.48,7.91,0.49,131.0,0.02,0.05,2331.943902,1776228199000
1776228201.068,201.068,0.55,5.0,0.54,7.82,0.56,13.21,0.57,15.0,0.44,10.0,0.43,4.52,0.46,2.82,0.47,5.0,0.01,0.02,2331.943902,1776228199000
1776228201.338,201.338,0.55,5.0,0.54,7.82,0.59,15.0,0.6,10.0,0.41,15.0,0.4,10.0,0.45,5.0,0.46,7.82,0.04,0.04,2332.0147,1776228200000
1776228201.628,201.628,0.55,50.0,0.54,20.0,0.56,18.14,0.57,15.0,0.44,18.14,0.43,10.0,0.45,40.0,0.46,15.0,0.01,0.01,2332.0147,1776228200000
1776228201.865,201.865,0.55,70.0,0.54,25.0,0.56,13.42,0.57,15.0,0.44,13.42,0.43,15.0,0.45,70.0,0.46,25.0,0.01,0.01,2332.080295,1776228201000
1776228202.296,202.296,0.55,65.0,0.54,25.0,0.56,8.27,0.57,15.0,0.44,13.42,0.43,15.0,0.45,70.0,0.46,25.0,0.01,0.01,2332.080295,1776228201000
1776228202.84,202.84,0.55,60.0,0.54,10.0,0.58,15.41,0.59,15.0,0.44,8.27,0.43,15.0,0.45,65.0,0.46,25.0,0.03,0.01,2332.080295,1776228201000
1776228203.528,203.528,0.57,17.67,0.56,25.0,0.58,5.0,0.59,5.0,0.42,15.41,0.41,15.0,0.45,60.0,0.46,10.0,0.01,0.03,2332.1523,1776228202000
1776228203.829,203.829,0.57,20.34,0.56,20.0,0.59,15.0,0.6,10.0,0.42,9.65,0.41,5.0,0.43,22.67,0.44,25.0,0.02,0.01,2332.1523,1776228202000
1776228204.066,204.066,0.58,40.0,0.57,15.34,0.6,5.0,0.65,80.0,0.41,3.3,0.4,5.0,0.42,10.0,0.43,20.34,0.02,0.01,2332.1523,1776228202000
1776228204.402,204.402,0.62,11.9,0.61,15.0,0.63,5.0,0.64,10.0,0.35,80.0,0.34,60.0,0.42,40.0,0.43,15.34,0.01,0.07,2332.138045,1776228203000
1776228205.317,205.317,0.62,11.9,0.61,15.0,0.63,5.0,0.64,10.0,0.37,5.0,0.36,10.0,0.38,11.9,0.39,15.0,0.01,0.01,2332.179129,1776228204000
1776228206.342,206.342,0.61,5.0,0.6,10.0,0.63,30.0,0.64,10.0,0.37,5.0,0.36,10.0,0.38,11.9,0.39,15.0,0.02,0.01,2332.179129,1776228204000
1776228207.023,207.023,0.61,5.0,0.6,10.0,0.63,30.0,0.64,10.0,0.37,30.0,0.36,10.0,0.39,5.0,0.4,10.0,0.02,0.02,2332.18298,1776228206000
1776228207.844,207.844,0.62,51.0,0.61,15.0,0.63,0.11,0.65,144.1,0.37,30.0,0.36,10.0,0.39,5.0,0.4,10.0,0.01,0.02,2332.18298,1776228206000
1776228208.169,208.169,0.62,51.0,0.61,15.0,0.63,0.11,0.65,144.1,0.37,0.11,0.35,144.1,0.38,51.0,0.39,15.0,0.01,0.01,2332.18791,1776228207000
1776228208.514,208.514,0.62,56.0,0.61,20.0,0.65,64.12,0.67,15.15,0.37,0.11,0.35,144.1,0.38,51.0,0.39,15.0,0.03,0.01,2332.18791,1776228207000
1776228209.167,209.167,0.62,56.0,0.61,20.0,0.65,64.12,0.67,15.15,0.35,64.12,0.33,15.15,0.38,56.0,0.39,20.0,0.03,0.03,2332.221865,1776228208000
1776228209.822,209.822,0.65,52.54,0.64,31.0,0.66,29.28,0.67,25.15,0.35,64.12,0.33,15.15,0.38,56.0,0.39,20.0,0.01,0.03,2332.221865,1776228208000
1776228210.659,210.659,0.65,52.54,0.64,31.0,0.66,29.28,0.67,25.15,0.34,29.28,0.33,25.15,0.35,52.54,0.36,31.0,0.01,0.01,2332.251202,1776228209000
1776228211.237,211.237,0.65,52.54,0.64,31.0,0.66,29.28,0.67,25.15,0.34,29.28,0.33,25.15,0.35,52.54,0.36,31.0,0.01,0.01,2332.271202,1776228210000
1776228211.509,211.509,0.65,70.82,0.64,31.0,0.66,28.48,0.67,30.15,0.34,29.28,0.33,25.15,0.35,52.54,0.36,31.0,0.01,0.01,2332.271202,1776228210000
1776228211.887,211.887,0.65,67.67,0.64,31.0,0.66,33.49,0.67,30.15,0.34,28.48,0.33,30.15,0.35,70.82,0.36,31.0,0.01,0.01,2332.271202,1776228210000
1776228212.214,212.214,0.65,64.52,0.64,31.0,0.66,33.49,0.67,30.15,0.34,33.49,0.33,30.15,0.35,64.52,0.36,31.0,0.01,0.01,2332.268517,1776228211000
1776228212.643,212.643,0.65,67.51,0.64,31.0,0.66,38.49,0.67,30.15,0.34,33.49,0.33,30.15,0.35,64.52,0.36,31.0,0.01,0.01,2332.268517,1776228211000
1776228213.161,213.161,0.65,67.51,0.64,31.0,0.66,38.49,0.67,30.15,0.34,38.49,0.33,30.15,0.35,67.51,0.36,31.0,0.01,0.01,2332.33096,1776228212000
1776228214.069,214.069,0.65,67.51,0.64,31.0,0.66,38.49,0.67,30.15,0.34,38.49,0.33,30.15,0.35,67.51,0.36,31.0,0.01,0.01,2332.26784,1776228213000
1776228215.212,215.212,0.65,67.51,0.64,31.0,0.66,38.49,0.67,30.15,0.34,38.49,0.33,30.15,0.35,67.51,0.36,31.0,0.01,0.01,2332.267075,1776228214000
1776228216.258,216.258,0.65,67.51,0.64,31.0,0.66,38.49,0.67,30.15,0.34,38.49,0.33,30.15,0.35,67.51,0.36,31.0,0.01,0.01,2332.383368,1776228215000
1776228217.252,217.252,0.65,67.51,0.64,31.0,0.66,38.49,0.67,30.15,0.34,38.49,0.33,30.15,0.35,67.51,0.36,31.0,0.01,0.01,2332.354113,1776228216000
1776228218.303,218.303,0.65,67.51,0.64,31.0,0.66,38.49,0.67,30.15,0.34,38.49,0.33,30.15,0.35,67.51,0.36,31.0,0.01,0.01,2332.346084,1776228217000
1776228219.347,219.347,0.65,67.51,0.64,31.0,0.66,38.49,0.67,30.15,0.34,38.49,0.33,30.15,0.35,67.51,0.36,31.0,0.01,0.01,2332.28666,1776228218000
1776228219.915,219.915,0.65,67.51,0.64,31.0,0.66,38.49,0.67,30.15,0.34,38.49,0.33,30.15,0.35,67.51,0.36,31.0,0.01,0.01,2332.28176,1776228219000
1776228220.952,220.952,0.65,67.51,0.64,31.0,0.66,38.49,0.67,30.15,0.34,38.49,0.33,30.15,0.35,67.51,0.36,31.0,0.01,0.01,2332.28642,1776228220000
1776228222.006,222.006,0.65,67.51,0.64,31.0,0.66,38.49,0.67,30.15,0.34,38.49,0.33,30.15,0.35,67.51,0.36,31.0,0.01,0.01,2332.357419,1776228221000
1776228222.986,222.986,0.65,67.51,0.64,31.0,0.66,38.49,0.67,30.15,0.34,38.49,0.33,30.15,0.35,67.51,0.36,31.0,0.01,0.01,2332.355686,1776228222000
1776228223.902,223.902,0.65,67.51,0.64,31.0,0.66,38.49,0.67,30.15,0.34,38.49,0.33,30.15,0.35,67.51,0.36,31.0,0.01,0.01,2332.353972,1776228223000
1776228225.036,225.036,0.65,67.51,0.64,31.0,0.66,38.49,0.67,30.15,0.34,38.49,0.33,30.15,0.35,67.51,0.36,31.0,0.01,0.01,2332.353972,1776228224000
1776228226.182,226.182,0.65,67.51,0.64,31.0,0.66,38.49,0.67,30.15,0.34,38.49,0.33,30.15,0.35,67.51,0.36,31.0,0.01,0.01,2332.2961,1776228225000
1776228227.316,227.316,0.65,67.51,0.64,31.0,0.66,38.49,0.67,30.15,0.34,38.49,0.33,30.15,0.35,67.51,0.36,31.0,0.01,0.01,2332.370451,1776228226000
1776228227.657,227.657,0.65,77.51,0.64,31.0,0.66,2.01,0.67,85.15,0.34,38.49,0.33,30.15,0.35,67.51,0.36,31.0,0.01,0.01,2332.370451,1776228226000
1776228228.454,228.454,0.65,77.51,0.64,31.0,0.66,2.01,0.67,85.15,0.34,2.01,0.33,85.15,0.35,77.51,0.36,31.0,0.01,0.01,2332.368059,1776228227000
1776228228.94,228.94,0.65,77.51,0.64,31.0,0.66,2.01,0.67,85.15,0.34,2.01,0.33,85.15,0.35,77.51,0.36,31.0,0.01,0.01,2332.394447,1776228228000
1776228230.039,230.039,0.65,77.51,0.64,31.0,0.66,2.01,0.67,85.15,0.34,2.01,0.33,85.15,0.35,77.51,0.36,31.0,0.01,0.01,2332.314735,1776228229000
1776228231.114,231.114,0.65,77.51,0.64,31.0,0.66,2.01,0.67,85.15,0.34,2.01,0.33,85.15,0.35,77.51,0.36,31.0,0.01,0.01,2332.294035,1776228230000
1776228231.984,231.984,0.66,12.99,0.65,98.71,0.67,85.15,0.68,16.0,0.34,2.01,0.33,85.15,0.35,77.51,0.36,31.0,0.01,0.01,2332.294035,1776228230000
1776228232.222,232.222,0.66,12.99,0.65,98.71,0.67,85.15,0.68,16.0,0.33,85.15,0.32,16.0,0.34,12.99,0.35,98.71,0.01,0.01,2332.305665,1776228231000
1776228232.444,232.444,0.65,4.53,0.64,5.0,0.67,5.36,0.68,26.0,0.33,10.0,0.32,26.0,0.35,4.53,0.36,5.0,0.02,0.02,2332.305665,1776228231000
1776228233.248,233.248,0.64,29.44,0.63,15.0,0.65,10.0,0.66,10.0,0.33,0.36,0.32,26.0,0.4,13.53,0.41,46.9,0.01,0.07,2332.305665,1776228231000
1776228233.978,233.978,0.64,29.44,0.63,15.0,0.66,4.75,0.67,0.36,0.35,10.0,0.34,10.0,0.36,29.44,0.37,15.0,0.02,0.01,2332.301475,1776228232000
1776228234.485,234.485,0.64,29.44,0.63,15.0,0.66,4.75,0.67,0.36,0.34,4.75,0.33,0.36,0.36,29.44,0.37,15.0,0.02,0.02,2332.346843,1776228233000
1776228235.048,235.048,0.64,29.44,0.63,15.0,0.66,4.75,0.67,0.36,0.34,4.75,0.33,0.36,0.36,29.44,0.37,15.0,0.02,0.02,2332.27984,1776228234000
1776228236.171,236.171,0.65,25.0,0.64,21.0,0.66,8.48,0.67,0.36,0.34,8.48,0.33,0.36,0.35,25.0,0.36,21.0,0.01,0.01,2332.289079,1776228235000
1776228236.459,236.459,0.65,20.0,0.64,11.0,0.66,7.79,0.67,0.36,0.34,8.48,0.33,0.36,0.35,25.0,0.36,21.0,0.01,0.01,2332.289079,1776228235000
1776228236.926,236.926,0.63,5.0,0.62,10.0,0.66,2.79,0.67,10.36,0.34,7.79,0.33,0.36,0.35,20.0,0.36,11.0,0.03,0.01,2332.289079,1776228235000
1776228237.201,237.201,0.64,10.0,0.63,5.0,0.65,6.95,0.66,2.79,0.34,2.79,0.33,10.36,0.37,5.0,0.38,10.0,0.01,0.03,2332.289079,1776228235000
1776228237.749,237.749,0.64,10.0,0.63,15.0,0.76,61.54,0.77,40.3,0.35,6.95,0.34,2.79,0.36,10.0,0.37,5.0,0.12,0.01,2332.425105,1776228236000
1776228238.389,238.389,0.64,10.0,0.63,15.0,0.76,61.54,0.77,40.3,0.24,61.54,0.23,40.3,0.36,10.0,0.37,15.0,0.12,0.12,2332.334002,1776228237000
1776228238.604,238.604,0.68,10.0,0.67,10.0,0.69,15.65,0.7,15.0,0.24,61.54,0.23,40.3,0.36,10.0,0.37,15.0,0.01,0.12,2332.334002,1776228237000
1776228239.154,239.154,0.66,60.0,0.65,40.0,0.69,10.65,0.7,15.0,0.31,10.65,0.3,15.0,0.34,60.0,0.35,40.0,0.03,0.03,2332.267095,1776228238000
1776228239.777,239.777,0.66,37.0,0.65,40.0,0.67,20.0,0.68,21.0,0.31,10.65,0.3,15.0,0.34,60.0,0.35,40.0,0.01,0.03,2332.267095,1776228238000
1776228240.625,240.625,0.59,9.0,0.58,30.0,0.67,50.0,0.68,26.0,0.33,20.0,0.32,21.0,0.34,30.28,0.35,40.0,0.08,0.01,2332.267095,1776228238000
1776228241.239,241.239,0.58,15.0,0.53,5.0,0.59,24.81,0.6,17.0,0.4,10.0,0.39,10.0,0.48,5.0,0.49,50.0,0.01,0.08,2332.344554,1776228239000
1776228241.494,241.494,0.58,15.0,0.53,5.0,0.59,24.81,0.6,17.0,0.41,24.81,0.4,17.0,0.42,15.0,0.47,5.0,0.01,0.01,2332.245005,1776228240000
1776228242.276,242.276,0.51,50.0,0.48,19.4,0.52,9.3,0.53,10.0,0.41,24.81,0.4,17.0,0.42,15.0,0.47,5.0,0.01,0.01,2332.245005,1776228240000
1776228242.486,242.486,0.51,50.0,0.48,19.4,0.52,9.3,0.53,10.0,0.48,9.3,0.47,10.0,0.49,50.0,0.52,19.4,0.01,0.01,2332.268554,1776228241000
1776228243.25,243.25,0.51,50.0,0.48,19.4,0.52,9.3,0.53,10.0,0.48,9.3,0.47,10.0,0.49,50.0,0.52,19.4,0.01,0.01,2332.10293,1776228242000
1776228244.091,244.091,0.48,25.0,0.47,119.32,0.54,23.32,0.55,15.0,0.46,6.32,0.45,10.0,0.49,55.38,0.5,19.4,0.06,0.03,2332.10293,1776228242000
1776228244.344,244.344,0.48,25.0,0.47,119.32,0.54,23.32,0.55,15.0,0.46,23.32,0.45,15.0,0.52,25.0,0.53,119.32,0.06,0.06,2332.093201,1776228243000
1776228244.58,244.58,0.48,34.4,0.47,129.32,0.49,11.0,0.5,22.0,0.46,23.32,0.45,15.0,0.52,25.0,0.53,119.32,0.01,0.06,2332.093201,1776228243000
1776228245.269,245.269,0.48,34.4,0.47,129.32,0.49,11.0,0.5,22.0,0.51,11.0,0.5,22.0,0.52,34.4,0.53,129.32,0.01,0.01,2332.057745,1776228244000
1776228245.832,245.832,0.47,94.82,0.46,87.68,0.49,20.0,0.5,27.0,0.51,11.0,0.5,22.0,0.52,34.4,0.53,129.32,0.02,0.01,2332.057745,1776228244000
1776228246.174,246.174,0.47,32.11,0.46,87.68,0.48,27.0,0.49,20.0,0.52,10.0,0.51,15.0,0.53,32.11,0.54,87.68,0.01,0.01,2332.057745,1776228244000
1776228247.216,247.216,0.41,8.35,0.4,10.0,0.43,15.0,0.44,15.0,0.57,15.0,0.56,15.0,0.59,8.35,0.6,10.0,0.02,0.02,2332.02328,1776228245000
1776228248.318,248.318,0.4,10.0,0.39,10.0,0.41,19.56,0.42,27.0,0.59,19.56,0.58,27.0,0.6,10.0,0.61,10.0,0.01,0.01,2332.01842,1776228246000
1776228249.286,249.286,0.4,10.0,0.39,10.0,0.41,19.56,0.42,27.0,0.59,19.56,0.58,27.0,0.6,10.0,0.61,10.0,0.01,0.01,2331.952697,1776228247000
1776228249.747,249.747,0.4,15.0,0.39,15.0,0.41,17.0,0.42,22.0,0.59,19.56,0.58,27.0,0.6,10.0,0.61,10.0,0.01,0.01,2331.952697,1776228247000
1776228250.201,250.201,0.4,15.0,0.39,15.0,0.41,17.0,0.42,22.0,0.59,17.0,0.58,22.0,0.6,15.0,0.61,15.0,0.01,0.01,2332.056258,1776228248000
1776228250.517,250.517,0.4,20.0,0.39,15.0,0.41,7.0,0.42,12.0,0.59,17.0,0.58,22.0,0.6,15.0,0.61,15.0,0.01,0.01,2332.056258,1776228248000
1776228251.006,251.006,0.4,20.0,0.39,15.0,0.41,7.0,0.42,12.0,0.59,7.0,0.58,12.0,0.6,20.0,0.61,15.0,0.01,0.01,2332.020851,1776228249000
1776228251.801,251.801,0.4,20.0,0.39,15.0,0.41,7.0,0.42,12.0,0.59,7.0,0.58,12.0,0.6,20.0,0.61,15.0,0.01,0.01,2332.020775,1776228250000
1776228252.641,252.641,0.4,20.0,0.39,15.0,0.41,7.0,0.42,12.0,0.59,7.0,0.58,12.0,0.6,20.0,0.61,15.0,0.01,0.01,2331.998811,1776228251000
1776228253.579,253.579,0.4,20.0,0.39,15.0,0.41,7.0,0.42,12.0,0.59,7.0,0.58,12.0,0.6,20.0,0.61,15.0,0.01,0.01,2331.999611,1776228252000
1776228254.662,254.662,0.4,20.0,0.39,15.0,0.41,7.0,0.42,12.0,0.59,7.0,0.58,12.0,0.6,20.0,0.61,15.0,0.01,0.01,2332.085886,1776228253000
1776228255.523,255.523,0.4,35.0,0.39,15.0,0.42,12.0,0.43,7.0,0.58,12.0,0.57,7.0,0.6,35.0,0.61,15.0,0.02,0.02,2331.921461,1776228254000
1776228255.915,255.915,0.41,4.0,0.4,20.0,0.43,4.0,0.48,9.5,0.58,17.0,0.57,12.0,0.59,9.0,0.6,30.0,0.02,0.01,2331.921461,1776228254000
1776228256.281,256.281,0.49,9.0,0.48,10.0,0.51,63.0,0.52,15.0,0.49,60.0,0.48,15.0,0.58,10.0,0.59,9.0,0.02,0.09,2331.921461,1776228254000
1776228256.871,256.871,0.49,19.0,0.48,15.0,0.5,8.0,0.51,78.0,0.49,63.0,0.48,15.0,0.51,9.0,0.52,10.0,0.01,0.02,2331.998379,1776228255000
1776228257.597,257.597,0.5,10.0,0.49,14.0,0.51,83.09,0.52,15.0,0.5,6.0,0.49,78.0,0.51,14.0,0.52,15.0,0.01,0.01,2331.998379,1776228255000
1776228258.449,258.449,0.5,10.0,0.49,14.0,0.51,83.09,0.52,15.0,0.49,83.09,0.48,15.0,0.5,10.0,0.51,14.0,0.01,0.01,2331.937995,1776228257000
1776228259.11,259.11,0.5,10.0,0.49,14.0,0.51,83.09,0.52,15.0,0.49,83.09,0.48,15.0,0.5,10.0,0.51,14.0,0.01,0.01,2332.055254,1776228258000
1776228260.538,260.538,0.5,10.0,0.49,14.0,0.51,83.09,0.52,15.0,0.49,83.09,0.48,15.0,0.5,10.0,0.51,14.0,0.01,0.01,2332.06145,1776228259000
1776228260.872,260.872,0.5,25.0,0.49,19.0,0.51,14.33,0.52,5.0,0.49,13.45,0.48,5.0,0.5,15.0,0.51,14.0,0.01,0.01,2332.06145,1776228259000
1776228261.927,261.927,0.5,25.0,0.49,19.0,0.51,14.33,0.52,5.0,0.49,14.33,0.48,5.0,0.5,25.0,0.51,19.0,0.01,0.01,2331.955495,1776228260000
1776228262.506,262.506,0.5,25.0,0.49,19.0,0.51,37.36,0.52,15.0,0.49,14.33,0.48,5.0,0.5,25.0,0.51,19.0,0.01,0.01,2331.955495,1776228260000
1776228263.554,263.554,0.5,20.0,0.49,19.0,0.51,12.36,0.52,5.0,0.49,12.36,0.48,5.0,0.5,20.0,0.51,19.0,0.01,0.01,2331.96629,1776228262000
1776228264.34,264.34,0.5,5.0,0.49,10.0,0.51,6.29,0.52,15.0,0.49,12.36,0.48,5.0,0.5,20.0,0.51,19.0,0.01,0.01,2331.96629,1776228262000
1776228264.64,264.64,0.5,5.0,0.49,10.0,0.51,6.29,0.52,15.0,0.49,6.29,0.48,15.0,0.5,5.0,0.51,10.0,0.01,0.01,2331.96872,1776228263000
1776228265.06,265.06,0.5,5.0,0.49,10.0,0.51,6.29,0.52,15.0,0.49,6.29,0.48,15.0,0.5,5.0,0.51,10.0,0.01,0.01,2331.953515,1776228264000
1776228265.683,265.683,0.5,10.0,0.49,10.0,0.51,9.29,0.52,15.0,0.49,6.29,0.48,15.0,0.5,5.0,0.51,10.0,0.01,0.01,2331.953515,1776228264000
1776228266.318,266.318,0.48,5.0,0.47,10.0,0.51,9.29,0.52,15.0,0.49,9.29,0.48,15.0,0.52,5.0,0.53,10.0,0.03,0.03,2331.983344,1776228265000
1776228267.876,267.876,0.48,5.0,0.47,10.0,0.51,9.29,0.52,15.0,0.49,9.29,0.48,15.0,0.52,5.0,0.53,10.0,0.03,0.03,2331.945482,1776228266000
1776228268.673,268.673,0.49,226.0,0.48,167.0,0.64,5.0,0.69,5.0,0.5,20.0,0.49,14.29,0.51,3.0,0.52,5.0,0.15,0.01,2331.945482,1776228266000
1776228269.018,269.018,0.67,8.1,0.66,15.0,0.69,25.0,0.7,35.75,0.3,35.75,0.29,10.0,0.31,9.9,0.32,10.0,0.02,0.01,2331.973409,1776228267000
1776228269.243,269.243,0.67,5.06,0.66,10.0,0.68,5.0,0.69,15.0,0.31,25.0,0.3,35.75,0.33,8.1,0.34,15.0,0.01,0.02,2331.973409,1776228267000
1776228269.532,269.532,0.66,5.06,0.65,10.0,0.68,3.51,0.69,15.0,0.32,3.51,0.31,15.0,0.34,5.06,0.35,10.0,0.02,0.02,2331.951986,1776228268000
1776228269.854,269.854,0.67,15.0,0.66,5.06,0.69,9.44,0.7,12.8,0.3,7.8,0.29,10.0,0.33,10.0,0.34,5.06,0.02,0.03,2331.951986,1776228268000
1776228270.136,270.136,0.67,11.96,0.66,5.06,0.69,9.44,0.7,12.8,0.31,9.44,0.3,12.8,0.33,11.96,0.34,5.06,0.02,0.02,2331.969056,1776228269000
1776228270.812,270.812,0.67,20.0,0.66,15.0,0.68,5.0,0.69,15.0,0.31,9.44,0.3,12.8,0.35,15.0,0.36,10.0,0.01,0.04,2331.969056,1776228269000
1776228271.104,271.104,0.68,20.0,0.67,10.0,0.71,86.77,0.72,5.0,0.32,5.0,0.31,15.0,0.33,20.0,0.34,15.0,0.03,0.01,2331.969056,1776228269000
1776228271.45,271.45,0.7,80.0,0.69,15.0,0.71,52.5,0.76,10.0,0.29,72.5,0.23,10.0,0.3,60.0,0.31,15.0,0.01,0.01,2331.969056,1776228269000
1776228271.773,271.773,0.71,17.9,0.7,75.0,0.76,10.0,0.77,10.0,0.24,10.0,0.23,10.0,0.29,17.9,0.3,75.0,0.05,0.05,2332.159523,1776228270000
1776228272.12,272.12,0.74,36.0,0.73,29.0,0.77,3.63,0.78,10.0,0.24,10.0,0.23,10.0,0.29,17.9,0.3,75.0,0.03,0.05,2332.159523,1776228270000
1776228272.396,272.396,0.74,40.38,0.73,29.0,0.77,3.63,0.78,10.0,0.23,3.63,0.22,10.0,0.26,40.38,0.27,29.0,0.03,0.03,2332.193896,1776228271000
1776228272.908,272.908,0.74,38.45,0.73,29.0,0.75,15.0,0.76,15.0,0.23,3.63,0.22,10.0,0.26,40.38,0.27,29.0,0.01,0.03,2332.193896,1776228271000
1776228273.117,273.117,0.74,17.83,0.73,29.0,0.75,20.0,0.76,15.0,0.25,15.0,0.24,15.0,0.26,33.45,0.27,29.0,0.01,0.01,2332.193896,1776228271000
1776228273.492,273.492,0.74,30.0,0.73,40.0,0.75,33.66,0.76,15.0,0.25,20.0,0.24,15.0,0.26,2.94,0.27,29.0,0.01,0.01,2332.231704,1776228272000
1776228274.339,274.339,0.74,16.76,0.73,40.0,0.75,28.66,0.76,15.0,0.25,28.66,0.24,15.0,0.26,16.76,0.27,40.0,0.01,0.01,2332.25766,1776228273000
1776228274.998,274.998,0.74,16.76,0.73,40.0,0.75,28.66,0.76,15.0,0.25,28.66,0.24,15.0,0.26,16.76,0.27,40.0,0.01,0.01,2332.344369,1776228274000
1776228275.254,275.254,0.74,8.52,0.73,45.0,0.75,28.66,0.76,10.0,0.25,28.66,0.24,15.0,0.26,16.76,0.27,40.0,0.01,0.01,2332.344369,1776228274000
1776228275.647,275.647,0.74,20.76,0.73,55.0,0.75,23.66,0.76,10.0,0.25,28.66,0.24,10.0,0.26,4.28,0.27,45.0,0.01,0.01,2332.344369,1776228274000
1776228275.993,275.993,0.74,20.0,0.73,55.0,0.75,18.86,0.76,10.0,0.25,23.66,0.24,10.0,0.26,10.14,0.27,55.0,0.01,0.01,2332.344369,1776228274000
1776228276.198,276.198,0.74,15.76,0.73,55.0,0.75,18.86,0.76,10.0,0.25,18.86,0.24,10.0,0.26,15.76,0.27,55.0,0.01,0.01,2332.26477,1776228275000
1776228276.517,276.517,0.74,6.52,0.73,45.0,0.75,18.86,0.76,10.0,0.25,18.86,0.24,10.0,0.26,15.76,0.27,55.0,0.01,0.01,2332.26477,1776228275000
1776228276.828,276.828,0.73,47.0,0.72,30.0,0.75,12.19,0.76,15.0,0.25,18.86,0.24,10.0,0.27,42.0,0.28,30.0,0.02,0.02,2332.26477,1776228275000
1776228277.487,277.487,0.73,37.92,0.72,30.0,0.76,10.4,0.77,3.63,0.24,10.4,0.23,3.63,0.27,37.92,0.28,30.0,0.03,0.03,2332.26712,1776228276000
1776228277.966,277.966,0.72,35.0,0.71,46.9,0.74,15.0,0.75,15.0,0.24,10.4,0.23,3.63,0.27,37.92,0.28,30.0,0.02,0.03,2332.26712,1776228276000
1776228278.273,278.273,0.72,46.55,0.71,26.9,0.73,3.91,0.74,15.0,0.27,3.91,0.26,20.0,0.28,45.0,0.29,36.9,0.01,0.01,2332.288918,1776228277000
1776228279.377,279.377,0.72,46.55,0.71,26.9,0.73,3.91,0.74,15.0,0.27,3.91,0.26,15.0,0.28,46.55,0.29,26.9,0.01,0.01,2332.279155,1776228278000
1776228279.929,279.929,0.72,46.55,0.71,26.9,0.73,3.91,0.74,15.0,0.27,3.91,0.26,15.0,0.28,46.55,0.29,26.9,0.01,0.01,2332.279155,1776228279000
1776228280.33,280.33,0.74,11.09,0.72,45.55,0.75,15.0,0.76,5.4,0.27,3.91,0.26,15.0,0.28,46.55,0.29,26.9,0.01,0.01,2332.279155,1776228279000
1776228281.149,281.149,0.73,17.0,0.72,29.55,0.74,10.17,0.75,15.0,0.26,10.17,0.25,15.0,0.27,17.0,0.28,29.55,0.01,0.01,2332.247155,1776228280000
1776228281.995,281.995,0.73,31.0,0.72,39.55,0.75,3.37,0.76,5.4,0.26,10.17,0.25,15.0,0.27,17.0,0.28,29.55,0.02,0.01,2332.247155,1776228280000
1776228282.733,282.733,0.74,35.0,0.73,34.0,0.77,5.9,0.78,20.0,0.25,3.37,0.24,5.4,0.27,31.0,0.28,39.55,0.03,0.02,2332.247155,1776228280000
1776228283.501,283.501,0.74,35.0,0.73,34.0,0.77,5.9,0.78,20.0,0.23,5.9,0.22,20.0,0.26,35.0,0.27,34.0,0.03,0.03,2332.24042,1776228282000
1776228283.847,283.847,0.74,19.15,0.73,34.0,0.75,20.0,0.76,15.0,0.23,5.9,0.22,20.0,0.26,35.0,0.27,34.0,0.01,0.03,2332.24042,1776228282000
1776228284.451,284.451,0.74,19.15,0.73,34.0,0.75,20.0,0.76,15.0,0.25,20.0,0.24,15.0,0.26,19.15,0.27,34.0,0.01,0.01,2332.23429,1776228283000
1776228285.34,285.34,0.74,19.15,0.73,34.0,0.75,20.0,0.76,15.0,0.25,20.0,0.24,15.0,0.26,19.15,0.27,34.0,0.01,0.01,2332.23322,1776228284000
1776228286.234,286.234,0.76,30.0,0.75,31.0,0.78,18.88,0.79,10.0,0.25,20.0,0.24,15.0,0.26,19.15,0.27,34.0,0.02,0.01,2332.23322,1776228284000
1776228286.67,286.67,0.76,30.0,0.75,31.0,0.78,18.88,0.79,10.0,0.22,18.88,0.21,10.0,0.24,30.0,0.25,31.0,0.02,0.02,2332.224405,1776228285000
1776228287.296,287.296,0.77,44.0,0.76,85.0,0.78,13.71,0.79,5.0,0.22,18.88,0.21,10.0,0.24,30.0,0.25,31.0,0.01,0.02,2332.224405,1776228285000
1776228288.201,288.201,0.79,185.0,0.78,105.0,0.9,40.0,0.91,50.0,0.22,13.71,0.21,5.0,0.23,44.0,0.24,85.0,0.11,0.01,2332.263185,1776228286000
1776228288.581,288.581,0.9,5.36,0.89,27.0,0.91,60.0,0.92,105.0,0.1,40.0,0.09,50.0,0.21,185.0,0.22,105.0,0.01,0.11,2332.23391,1776228287000
1776228288.944,288.944,0.9,10.0,0.89,85.69,0.91,73.85,0.92,105.0,0.09,75.12,0.08,105.0,0.11,14.36,0.12,41.0,0.01,0.02,2332.23391,1776228287000
1776228289.524,289.524,0.9,5.0,0.89,110.69,0.91,73.85,0.92,75.0,0.09,73.85,0.08,105.0,0.1,10.0,0.11,85.69,0.01,0.01,2332.23391,1776228287000
1776228290.084,290.084,0.9,47.0,0.89,110.69,0.91,19.22,0.92,75.0,0.09,68.35,0.08,75.0,0.1,5.0,0.11,110.69,0.01,0.01,2332.234335,1776228288000
1776228290.443,290.443,0.9,47.0,0.89,110.69,0.91,19.22,0.92,75.0,0.09,19.22,0.08,75.0,0.1,47.0,0.11,110.69,0.01,0.01,2332.26761,1776228289000
1776228290.978,290.978,0.91,15.0,0.9,41.0,0.92,17.62,0.94,30.0,0.08,52.62,0.06,30.0,0.1,33.0,0.11,115.69,0.01,0.02,2332.26761,1776228289000
1776228291.193,291.193,0.92,7.87,0.91,18.0,0.94,16.83,0.95,35.42,0.06,24.78,0.05,35.42,0.09,50.0,0.1,41.0,0.02,0.03,2332.362716,1776228290000
1776228292.269,292.269,0.92,15.89,0.91,48.0,0.93,15.32,0.94,26.83,0.06,16.83,0.05,35.42,0.08,7.87,0.09,18.0,0.01,0.02,2332.362716,1776228290000
1776228292.512,292.512,0.92,49.01,0.91,48.0,0.93,4.62,0.94,26.83,0.07,10.0,0.06,26.83,0.08,23.01,0.09,48.0,0.01,0.01,2332.362716,1776228290000
1776228293.138,293.138,0.94,10.0,0.93,15.0,0.95,27.29,0.96,80.0,0.06,8.4,0.05,35.42,0.08,22.17,0.09,48.0,0.01,0.02,2332.3519,1776228291000
1776228293.566,293.566,0.94,20.0,0.93,15.0,0.96,46.44,0.97,96.0,0.05,11.94,0.04,80.0,0.06,10.0,0.07,15.0,0.02,0.01,2332.356755,1776228292000
1776228293.842,293.842,0.94,10.0,0.93,15.0,0.95,3.67,0.96,46.44,0.05,4.73,0.04,46.44,0.06,10.0,0.07,10.0,0.01,0.01,2332.356755,1776228292000
1776228294.267,294.267,0.96,103.0,0.95,129.0,0.97,66.0,0.98,195.0,0.05,3.67,0.04,46.44,0.06,10.0,0.07,15.0,0.01,0.01,2332.355985,1776228293000
1776228294.506,294.506,0.96,214.0,0.95,104.0,0.98,191.0,0.99,986.0,0.03,16.0,0.02,195.0,0.04,113.0,0.05,129.0,0.02,0.01,2332.355985,1776228293000
1776228294.767,294.767,0.97,189.65,0.96,121.0,0.98,190.9,0.99,986.0,0.02,190.9,0.01,986.0,0.03,82.3,0.04,105.0,0.01,0.01,2332.355985,1776228293000
1776228295.04,295.04,0.97,269.65,0.96,121.0,0.98,107.02,0.99,986.0,0.02,190.9,0.01,986.0,0.03,189.65,0.04,121.0,0.01,0.01,2332.355985,1776228293000
1776228295.349,295.349,0.98,197.99,0.97,113.0,0.99,27.65,,,0.01,32.71,,,0.02,192.99,0.03,113.0,0.01,0.01,2332.355985,1776228293000
1776228295.59,295.59,0.98,197.99,0.97,113.0,,,,,,,,,0.02,197.99,0.03,113.0,,,2332.375785,1776228294000
1776228295.792,295.792,0.97,9.33,0.89,83.33,,,,,,,,,0.01,105.0,0.02,5.0,,,2332.375785,1776228294000
1776228296.004,296.004,0.11,30.0,0.07,10.0,0.16,50.0,0.2,31.7,0.8,31.7,0.78,30.0,0.97,65.54,0.98,225.0,0.05,0.17,2332.375785,1776228294000
1776228296.248,296.248,0.11,72.0,0.1,70.0,0.21,17.33,0.22,10.0,0.85,10.0,0.82,10.0,0.89,95.0,0.9,70.0,0.1,0.04,2332.375785,1776228294000
1776228296.522,296.522,0.27,9.75,0.26,19.23,0.31,46.18,0.32,10.0,0.69,51.02,0.68,10.0,0.73,9.75,0.79,21.72,0.04,0.04,2332.555876,1776228295000
1776228296.733,296.733,0.26,18.31,0.21,21.72,0.31,37.79,0.32,10.0,0.69,37.79,0.68,10.0,0.73,9.75,0.74,19.23,0.05,0.04,2332.555876,1776228295000
1776228296.944,296.944,0.16,35.15,0.11,100.0,0.31,59.7,0.32,10.0,0.69,59.7,0.68,10.0,0.84,36.35,0.89,100.0,0.15,0.15,2332.555876,1776228295000
1776228297.186,297.186,0.21,46.24,0.16,65.15,0.35,5.51,0.36,60.0,0.69,42.79,0.68,10.0,0.79,46.24,0.84,35.15,0.14,0.1,2332.774577,1776228296000
1776228297.465,297.465,0.21,5.53,0.16,45.15,0.22,10.0,0.23,10.0,0.76,4.16,0.74,10.0,0.79,18.83,0.84,35.15,0.01,0.03,2332.774577,1776228296000
1776228297.667,297.667,0.06,66.56,0.05,30.0,0.19,10.0,0.2,10.0,0.81,10.0,0.8,10.0,0.94,66.56,0.95,30.0,0.13,0.13,2332.774577,1776228296000
1776228297.891,297.891,0.08,5.39,0.07,10.0,0.14,10.0,0.15,10.0,0.81,10.0,0.8,10.0,0.94,42.56,0.95,30.0,0.06,0.13,2332.774577,1776228296000
1776228298.107,298.107,0.3,10.0,0.29,10.0,0.31,51.6,0.36,89.66,0.7,30.0,0.69,56.6,0.84,44.62,0.85,20.0,0.01,0.14,2332.774577,1776228296000
1776228298.36,298.36,0.45,26.34,0.44,10.0,0.53,10.0,0.54,10.0,0.49,24.17,0.45,6.66,0.55,20.16,0.7,15.0,0.08,0.06,2332.774577,1776228296000
1776228298.562,298.562,0.52,65.24,0.49,10.0,0.54,5.3,0.55,10.0,0.46,5.3,0.45,10.0,0.48,106.91,0.53,10.0,0.02,0.02,2332.068411,1776228297000
1776228298.779,298.779,0.52,36.14,0.47,10.0,0.53,8.11,0.54,10.0,0.47,8.11,0.46,10.0,0.48,58.91,0.54,10.0,0.01,0.01,2332.068411,1776228297000
1776228299.034,299.034,0.57,8.58,0.56,15.0,0.62,30.0,0.65,28.0,0.43,10.0,0.42,10.0,0.48,51.14,0.49,15.0,0.05,0.05,2332.068411,1776228297000
1776228299.248,299.248,0.57,189.48,0.56,15.0,0.65,10.47,0.69,5.0,0.38,30.0,0.35,28.0,0.43,179.48,0.44,15.0,0.08,0.05,2331.951105,1776228298000
1776228299.457,299.457,0.21,90.0,0.19,20.0,0.45,9.0,0.55,11.0,0.4,12.44,0.39,15.0,0.81,20.0,0.9,200.0,0.24,0.41,2331.951105,1776228298000
1776228299.66,299.66,0.2,75.0,0.09,25.22,0.6,4.96,0.61,10.0,0.44,2.98,0.43,5.0,0.79,5.0,0.8,75.0,0.4,0.35,2331.951105,1776228298000
1776228299.87,299.87,0.61,28.39,0.2,75.0,0.69,82.1,0.71,20.0,0.31,78.55,0.29,20.0,0.39,28.39,0.8,75.0,0.08,0.08,2331.951105,1776228298000
1776228300.178,300.178,0.61,33.39,0.2,75.0,0.69,110.22,0.71,20.0,0.31,153.55,0.29,20.0,0.34,7.57,0.39,28.39,0.08,0.03,2331.951105,1776228298000
1776228300.429,300.429,0.61,12.39,0.22,10.0,0.62,19.73,0.63,20.27,0.31,66.01,0.29,20.0,0.39,17.39,0.8,75.0,0.01,0.08,2331.935325,1776228299000
1776228300.843,300.843,0.99,99433.58,0.61,12.39,,,,,,,,,0.01,99433.58,0.39,12.39,,,2331.936483,1776228300000
1776228302.044,302.044,0.99,71.55,0.61,12.39,,,,,,,,,0.01,71.55,0.39,12.39,,,2332.002465,1776228301000

# RESULT,winner=Down,slug=eth-updown-5m-1776228000,ticks=488
