timestamp,elapsed_sec,up_bid_p1,up_bid_s1,up_bid_p2,up_bid_s2,up_ask_p1,up_ask_s1,up_ask_p2,up_ask_s2,down_bid_p1,down_bid_s1,down_bid_p2,down_bid_s2,down_ask_p1,down_ask_s1,down_ask_p2,down_ask_s2,up_spread,down_spread,eth_price,eth_oracle_ts
1776276900.777,0.777,0.47,8.11,0.46,150.0,0.48,10.0,0.49,10.0,0.52,10.0,0.51,10.0,0.53,10.0,0.54,150.0,0.01,0.01,2349.99219,1776276632000
1776276901.438,1.438,0.47,3.11,0.46,166.0,0.48,5.0,0.49,8.52,0.51,8.52,0.48,33.65,0.53,8.11,0.54,150.0,0.01,0.02,2349.99219,1776276632000
1776276901.959,1.959,0.47,6.22,0.46,40.0,0.48,10.0,0.49,8.52,0.52,5.0,0.51,8.52,0.53,3.11,0.54,166.0,0.01,0.01,2349.99219,1776276632000
1776276902.479,2.479,0.47,20.18,0.46,40.0,0.48,10.0,0.49,8.52,0.52,10.0,0.51,8.52,0.53,6.22,0.54,40.0,0.01,0.01,2349.99219,1776276632000
1776276902.839,2.839,0.46,40.0,0.45,16.0,0.48,10.0,0.49,8.52,0.52,10.0,0.51,8.52,0.53,10.74,0.54,40.0,0.02,0.01,2349.99219,1776276632000
1776276903.331,3.331,0.51,15.91,0.5,26.0,0.52,33.65,0.53,22.0,0.48,33.65,0.47,22.0,0.53,12.0,0.54,45.0,0.01,0.05,2349.99219,1776276632000
1776276903.776,3.776,0.51,6.36,0.5,27.0,0.52,36.72,0.53,27.0,0.48,31.72,0.47,22.0,0.49,20.0,0.5,27.0,0.01,0.01,2349.99219,1776276632000
1776276905.13,5.13,0.51,160.36,0.5,82.0,0.52,12.31,0.53,10.0,0.48,36.72,0.47,27.0,0.49,6.36,0.5,27.0,0.01,0.01,2349.99219,1776276632000
1776276905.354,5.354,0.58,10.0,0.57,10.0,0.59,10.0,0.6,14.0,0.41,13.0,0.4,14.0,0.44,42.0,0.47,10.0,0.01,0.03,2349.99219,1776276632000
1776276905.595,5.595,0.58,11.98,0.57,20.0,0.59,15.0,0.6,14.0,0.41,10.0,0.4,14.0,0.42,3.09,0.43,20.0,0.01,0.01,2349.99219,1776276632000
1776276905.873,5.873,0.58,3.09,0.57,20.0,0.59,18.76,0.6,19.0,0.41,29.76,0.4,19.0,0.42,9.73,0.43,20.0,0.01,0.01,2349.99219,1776276632000
1776276907.02,7.02,0.58,34.09,0.57,65.0,0.59,7.23,0.62,14.0,0.41,12.94,0.39,18.0,0.42,29.09,0.43,35.0,0.01,0.01,2349.99219,1776276632000
1776276907.5,7.5,0.58,34.09,0.57,40.0,0.59,4.07,0.62,14.0,0.41,7.23,0.38,14.0,0.42,34.09,0.43,65.0,0.01,0.01,2349.99219,1776276632000
1776276908.073,8.073,0.58,34.09,0.57,40.0,0.62,9.6,0.63,97.76,0.41,4.07,0.38,14.0,0.42,34.09,0.43,40.0,0.04,0.01,2349.99219,1776276632000
1776276908.393,8.393,0.59,33.0,0.58,5.0,0.6,16.0,0.61,40.0,0.38,9.6,0.37,97.76,0.42,34.09,0.43,40.0,0.01,0.04,2349.99219,1776276632000
1776276908.655,8.655,0.59,23.9,0.58,5.0,0.6,96.55,0.61,45.0,0.4,85.89,0.39,45.0,0.41,23.9,0.42,5.0,0.01,0.01,2349.99219,1776276632000
1776276910.134,10.134,0.62,47.39,0.59,28.9,0.63,20.0,0.64,25.0,0.4,91.55,0.39,30.0,0.41,33.9,0.42,15.0,0.01,0.01,2349.99219,1776276632000
1776276910.422,10.422,0.62,29.0,0.61,5.0,0.63,67.0,0.64,47.0,0.37,25.0,0.36,25.0,0.38,32.39,0.41,18.9,0.01,0.01,2349.99219,1776276632000
1776276910.71,10.71,0.62,16.5,0.59,18.9,0.63,248.29,0.64,67.0,0.37,67.0,0.36,47.0,0.38,29.0,0.39,5.0,0.01,0.01,2349.99219,1776276632000
1776276912.779,12.779,0.59,29.4,0.58,15.0,0.6,13.1,0.61,72.08,0.39,5.08,0.37,289.69,0.41,18.9,0.42,20.0,0.01,0.02,2349.99219,1776276632000
1776276915.036,15.036,0.59,16.46,0.58,10.0,0.6,170.45,0.61,87.7,0.4,13.1,0.39,72.08,0.41,29.4,0.42,15.0,0.01,0.01,2349.99219,1776276632000
1776276918.067,18.067,0.59,113.96,0.58,51.5,0.6,15.46,0.61,10.0,0.4,170.45,0.39,87.7,0.41,16.46,0.42,10.0,0.01,0.01,2349.99219,1776276632000
1776276918.602,18.602,0.59,202.96,0.58,59.5,0.64,60.0,0.65,10.0,0.4,5.46,0.39,10.0,0.41,113.96,0.42,51.5,0.05,0.01,2349.99219,1776276632000
1776276918.846,18.846,0.65,23.41,0.64,35.5,0.67,5.5,0.68,75.0,0.33,5.5,0.32,75.0,0.35,26.0,0.36,25.0,0.02,0.02,2349.99219,1776276632000
1776276919.466,19.466,0.67,32.0,0.66,43.0,0.68,37.91,0.69,59.0,0.33,5.5,0.32,75.0,0.35,23.41,0.36,35.5,0.01,0.02,2349.99219,1776276632000
1776276919.897,19.897,0.67,16.0,0.66,16.0,0.68,70.43,0.69,10.5,0.31,4.66,0.3,25.0,0.33,32.0,0.34,38.0,0.01,0.02,2349.99219,1776276632000
1776276920.108,20.108,0.67,10.18,0.66,27.0,0.68,70.43,0.69,10.5,0.32,70.43,0.31,10.5,0.33,16.0,0.34,16.0,0.01,0.01,2349.99219,1776276632000
1776276921.297,21.297,0.67,10.18,0.66,27.0,0.68,83.53,0.69,19.5,0.32,70.43,0.31,10.5,0.33,10.18,0.34,27.0,0.01,0.01,2349.99219,1776276632000
1776276921.745,21.745,0.67,16.0,0.66,16.0,0.68,77.83,0.69,10.5,0.32,92.53,0.31,10.5,0.33,7.14,0.34,27.0,0.01,0.01,2349.99219,1776276632000
1776276925.399,25.399,0.67,65.5,0.66,168.82,0.69,31.0,0.7,60.5,0.32,77.83,0.31,10.5,0.34,24.05,0.35,15.0,0.02,0.02,2349.99219,1776276632000
1776276925.819,25.819,0.68,66.0,0.67,86.5,0.69,20.0,0.7,49.5,0.31,26.0,0.3,79.5,0.32,26.0,0.33,76.5,0.01,0.01,2349.99219,1776276632000
1776276927.35,27.35,0.67,37.0,0.66,73.27,0.68,30.5,0.69,61.5,0.31,20.0,0.3,49.5,0.32,66.0,0.33,86.5,0.01,0.01,2349.99219,1776276632000
1776276928.236,28.236,0.67,32.0,0.66,78.77,0.68,5.58,0.69,30.5,0.32,30.5,0.31,61.5,0.33,37.0,0.34,73.27,0.01,0.01,2349.99219,1776276632000
1776276931.64,31.64,0.68,62.77,0.67,47.5,0.69,45.24,0.7,50.5,0.32,5.58,0.31,30.5,0.33,32.0,0.34,78.77,0.01,0.01,2349.99219,1776276632000
1776276932.038,32.038,0.68,16.87,0.67,27.0,0.69,65.74,0.7,60.5,0.31,45.24,0.3,50.5,0.32,62.77,0.33,47.5,0.01,0.01,2349.99219,1776276632000
1776276933.3,33.3,0.68,49.88,0.67,32.5,0.69,25.24,0.7,60.5,0.31,65.74,0.3,60.5,0.32,16.87,0.33,27.0,0.01,0.01,2349.99219,1776276632000
1776276935.782,35.782,0.67,27.0,0.66,41.0,0.69,119.5,0.7,104.66,0.31,25.24,0.3,60.5,0.32,49.88,0.33,32.5,0.02,0.01,2349.99219,1776276632000
1776276936.524,36.524,0.67,96.3,0.66,50.5,0.68,25.28,0.69,10.0,0.32,49.5,0.31,70.5,0.33,21.3,0.34,41.0,0.01,0.01,2349.99219,1776276632000
1776276937.392,37.392,0.66,30.0,0.65,60.5,0.68,55.28,0.69,20.0,0.32,25.28,0.31,10.0,0.33,96.3,0.34,50.5,0.02,0.01,2349.99219,1776276632000
1776276938.391,38.391,0.65,60.5,0.64,46.5,0.67,26.0,0.68,55.78,0.32,55.28,0.31,20.0,0.34,30.0,0.35,60.5,0.02,0.02,2349.99219,1776276632000
1776276939.257,39.257,0.66,10.0,0.65,40.0,0.67,80.5,0.68,60.96,0.33,26.0,0.32,55.78,0.35,60.5,0.36,46.5,0.01,0.02,2349.99219,1776276632000
1776276940.393,40.393,0.63,45.5,0.62,168.19,0.64,19.87,0.65,52.77,0.33,80.5,0.32,60.96,0.34,10.0,0.35,40.0,0.01,0.01,2349.99219,1776276632000
1776276940.784,40.784,0.63,5.0,0.62,142.69,0.64,28.21,0.65,68.27,0.36,19.87,0.35,52.77,0.37,45.5,0.38,168.19,0.01,0.01,2349.99219,1776276632000
1776276941.48,41.48,0.62,195.22,0.61,155.5,0.63,50.96,0.64,11.0,0.37,76.54,0.36,33.21,0.38,65.69,0.39,125.0,0.01,0.01,2349.99219,1776276632000
1776276942.378,42.378,0.63,20.5,0.62,150.22,0.64,14.0,0.65,15.15,0.37,50.96,0.36,11.0,0.38,195.22,0.39,155.5,0.01,0.01,2349.99219,1776276632000
1776276942.813,42.813,0.63,121.5,0.62,151.22,0.64,36.62,0.65,10.15,0.36,14.0,0.35,15.15,0.37,20.5,0.38,150.22,0.01,0.01,2349.99219,1776276632000
1776276943.047,43.047,0.63,131.5,0.62,162.22,0.64,31.62,0.65,10.15,0.36,36.62,0.35,10.15,0.37,121.5,0.38,151.22,0.01,0.01,2349.99219,1776276632000
1776276943.476,43.476,0.64,50.5,0.63,41.5,0.65,10.15,0.66,25.0,0.36,31.62,0.35,10.15,0.37,131.5,0.38,162.22,0.01,0.01,2349.99219,1776276632000
1776276944.062,44.062,0.63,5.0,0.62,79.72,0.64,102.42,0.65,80.65,0.35,10.15,0.34,25.0,0.36,50.5,0.37,41.5,0.01,0.01,2349.99219,1776276632000
1776276944.439,44.439,0.62,69.72,0.6,35.5,0.63,70.5,0.64,94.42,0.36,97.42,0.35,91.65,0.38,74.72,0.39,10.5,0.01,0.02,2349.99219,1776276632000
1776276945.554,45.554,0.62,64.72,0.6,35.5,0.63,116.02,0.64,69.34,0.37,70.5,0.36,94.42,0.38,64.72,0.4,35.5,0.01,0.01,2349.99219,1776276632000
1776276946.262,46.262,0.62,64.72,0.6,45.5,0.63,109.43,0.64,86.34,0.37,116.02,0.36,69.34,0.38,64.72,0.4,35.5,0.01,0.01,2349.99219,1776276632000
1776276946.956,46.956,0.62,64.72,0.6,45.0,0.63,125.34,0.64,77.5,0.37,109.43,0.36,86.34,0.38,64.72,0.4,45.5,0.01,0.01,2349.99219,1776276632000
1776276947.228,47.228,0.62,37.72,0.6,45.0,0.63,145.34,0.64,93.5,0.37,120.34,0.36,77.5,0.38,42.72,0.4,45.0,0.01,0.01,2349.99219,1776276632000
1776276947.784,47.784,0.6,45.0,0.59,126.96,0.61,65.36,0.62,37.5,0.37,145.34,0.36,93.5,0.38,37.72,0.4,45.0,0.01,0.01,2349.99219,1776276632000
1776276948.063,48.063,0.6,45.0,0.59,126.96,0.61,53.36,0.62,41.5,0.39,65.36,0.38,37.5,0.4,45.0,0.41,126.96,0.01,0.01,2349.99219,1776276632000
1776276950.171,50.171,0.59,176.96,0.58,145.5,0.6,2.0,0.61,78.8,0.39,53.36,0.38,41.5,0.4,45.0,0.41,126.96,0.01,0.01,2349.99219,1776276632000
1776276950.903,50.903,0.59,179.52,0.58,145.5,0.6,19.0,0.61,109.3,0.4,2.0,0.39,78.8,0.41,176.96,0.42,145.5,0.01,0.01,2349.99219,1776276632000
1776276951.394,51.394,0.59,167.08,0.58,140.5,0.6,19.0,0.61,125.3,0.4,29.0,0.39,109.3,0.41,162.08,0.42,145.5,0.01,0.01,2349.99219,1776276632000
1776276951.79,51.79,0.59,111.58,0.58,125.0,0.6,147.85,0.61,73.5,0.4,112.85,0.39,73.5,0.41,141.58,0.42,120.0,0.01,0.01,2349.99219,1776276632000
1776276952.402,52.402,0.59,106.58,0.58,125.0,0.6,152.85,0.61,83.5,0.4,147.85,0.39,73.5,0.41,111.58,0.42,125.0,0.01,0.01,2349.99219,1776276632000
1776276953.448,53.448,0.59,1.57,0.58,110.0,0.6,169.85,0.61,174.62,0.4,152.85,0.39,83.5,0.41,106.58,0.42,125.0,0.01,0.01,2349.99219,1776276632000
1776276957.964,57.964,0.59,1.57,0.58,60.0,0.6,73.5,0.61,165.9,0.4,169.85,0.39,174.62,0.41,1.57,0.42,110.0,0.01,0.01,2349.99219,1776276632000
1776276958.334,58.334,0.59,1.57,0.58,60.0,0.6,47.33,0.61,171.02,0.4,73.5,0.39,165.9,0.41,1.57,0.42,60.0,0.01,0.01,2349.99219,1776276632000
1776276958.716,58.716,0.59,22.57,0.58,60.0,0.6,65.49,0.61,171.02,0.4,47.33,0.39,171.02,0.41,1.57,0.42,60.0,0.01,0.01,2349.99219,1776276632000
1776276958.933,58.933,0.59,9.63,0.58,70.5,0.6,54.99,0.61,171.02,0.4,54.99,0.39,171.02,0.41,16.1,0.42,70.5,0.01,0.01,2349.99219,1776276632000
1776276960.339,60.339,0.58,10.5,0.57,10.5,0.59,7.56,0.6,105.48,0.4,54.99,0.39,171.02,0.41,9.63,0.42,70.5,0.01,0.01,2349.99219,1776276632000
1776276961.131,61.131,0.56,10.5,0.55,30.0,0.57,80.29,0.58,43.0,0.41,7.56,0.4,105.48,0.42,10.5,0.43,10.5,0.01,0.01,2349.99219,1776276632000
1776276962.037,62.037,0.55,25.0,0.54,128.5,0.56,5.35,0.57,74.29,0.43,80.29,0.42,43.0,0.44,8.65,0.45,30.0,0.01,0.01,2349.99219,1776276632000
1776276962.588,62.588,0.55,4.5,0.54,118.5,0.56,75.35,0.57,91.29,0.44,5.35,0.43,74.29,0.45,25.0,0.46,128.5,0.01,0.01,2349.99219,1776276632000
1776276964.295,64.295,0.54,40.48,0.53,45.0,0.56,41.35,0.57,49.0,0.44,75.35,0.43,91.29,0.45,4.5,0.46,118.5,0.02,0.01,2349.99219,1776276632000
1776276964.744,64.744,0.52,85.0,0.51,70.0,0.56,15.35,0.57,38.0,0.44,41.35,0.43,49.0,0.46,40.48,0.47,45.0,0.04,0.02,2349.99219,1776276632000
1776276965.126,65.126,0.55,90.5,0.54,35.0,0.56,0.35,0.57,77.78,0.44,15.35,0.43,38.0,0.48,85.0,0.49,70.0,0.01,0.04,2349.99219,1776276632000
1776276965.806,65.806,0.56,217.31,0.55,107.5,0.57,51.69,0.59,7.56,0.43,72.78,0.42,15.0,0.44,12.31,0.45,75.5,0.01,0.01,2349.99219,1776276632000
1776276966.197,66.197,0.59,10.0,0.58,55.0,0.6,108.1,0.61,56.5,0.4,71.6,0.39,30.5,0.42,20.5,0.43,31.5,0.01,0.02,2349.99219,1776276632000
1776276966.631,66.631,0.59,22.0,0.58,65.0,0.6,106.27,0.61,56.5,0.4,108.1,0.39,56.5,0.41,10.0,0.42,55.0,0.01,0.01,2349.99219,1776276632000
1776276966.945,66.945,0.59,22.0,0.58,65.0,0.6,95.1,0.61,56.5,0.4,106.27,0.39,56.5,0.41,22.0,0.42,65.0,0.01,0.01,2349.99219,1776276632000
1776276967.76,67.76,0.59,82.0,0.58,65.0,0.6,7.5,0.61,56.5,0.4,95.1,0.39,56.5,0.41,22.0,0.42,65.0,0.01,0.01,2349.99219,1776276632000
1776276969.111,69.111,0.59,77.0,0.58,70.0,0.6,78.82,0.61,56.5,0.4,7.5,0.39,56.5,0.41,82.0,0.42,65.0,0.01,0.01,2349.99219,1776276632000
1776276969.73,69.73,0.55,5.0,0.54,45.5,0.56,15.0,0.57,55.5,0.4,78.82,0.39,56.5,0.41,77.0,0.42,70.0,0.01,0.01,2349.99219,1776276632000
1776276970.274,70.274,0.52,40.5,0.51,86.5,0.55,53.0,0.56,41.5,0.45,10.0,0.44,47.0,0.46,28.6,0.47,15.5,0.03,0.01,2349.99219,1776276632000
1776276970.49,70.49,0.52,45.5,0.51,86.5,0.59,32.86,0.6,124.32,0.45,53.0,0.44,41.5,0.48,40.5,0.49,86.5,0.07,0.03,2349.99219,1776276632000
1776276970.802,70.802,0.52,40.5,0.51,86.5,0.56,54.5,0.57,35.5,0.44,5.0,0.43,39.5,0.46,3.17,0.47,25.5,0.04,0.02,2349.99219,1776276632000
1776276971.01,71.01,0.53,20.0,0.52,45.5,0.54,20.68,0.55,15.0,0.44,54.5,0.43,35.5,0.48,40.5,0.49,86.5,0.01,0.04,2349.99219,1776276632000
1776276971.328,71.328,0.53,8.89,0.52,40.0,0.54,35.68,0.55,30.5,0.46,20.68,0.45,15.0,0.47,20.0,0.48,45.5,0.01,0.01,2349.99219,1776276632000
1776276971.728,71.728,0.53,15.08,0.52,10.0,0.54,61.0,0.55,30.5,0.46,35.68,0.45,30.5,0.47,8.89,0.48,40.0,0.01,0.01,2349.99219,1776276632000
1776276972.139,72.139,0.51,80.5,0.5,105.5,0.54,61.0,0.55,93.72,0.46,66.0,0.45,30.5,0.47,0.94,0.48,10.0,0.03,0.01,2349.99219,1776276632000
1776276973.874,73.874,0.52,10.0,0.51,55.0,0.53,72.5,0.54,51.5,0.46,61.0,0.45,93.72,0.49,80.5,0.5,105.5,0.01,0.03,2349.99219,1776276632000
1776276974.814,74.814,0.51,1.36,0.5,25.0,0.53,82.0,0.54,66.0,0.47,72.5,0.46,51.5,0.48,10.0,0.49,55.0,0.02,0.01,2349.99219,1776276632000
1776276976.758,76.758,0.51,2.95,0.5,25.0,0.52,67.0,0.53,40.5,0.47,82.0,0.46,66.0,0.49,1.36,0.5,25.0,0.01,0.02,2349.99219,1776276632000
1776276977.14,77.14,0.51,27.95,0.5,25.5,0.52,29.2,0.53,20.0,0.48,65.07,0.47,30.5,0.49,12.95,0.5,25.5,0.01,0.01,2349.99219,1776276632000
1776276977.476,77.476,0.51,27.95,0.5,25.5,0.52,23.5,0.53,20.0,0.48,29.2,0.47,20.0,0.49,27.95,0.5,25.5,0.01,0.01,2349.99219,1776276632000
1776276977.993,77.993,0.51,15.9,0.5,25.5,0.52,15.77,0.53,20.0,0.48,21.57,0.47,30.5,0.49,20.9,0.5,25.5,0.01,0.01,2349.99219,1776276632000
1776276978.308,78.308,0.51,15.0,0.5,10.0,0.52,36.57,0.53,20.0,0.48,15.77,0.47,20.0,0.49,15.9,0.5,25.5,0.01,0.01,2349.99219,1776276632000
1776276978.521,78.521,0.48,11.8,0.47,15.0,0.52,161.57,0.53,39.5,0.48,161.57,0.47,39.5,0.52,21.5,0.53,15.0,0.04,0.04,2349.99219,1776276632000
1776276978.725,78.725,0.39,147.0,0.38,147.0,0.47,10.0,0.48,10.0,0.54,5.0,0.53,10.0,0.55,46.2,0.56,21.0,0.08,0.01,2349.99219,1776276632000
1776276979.222,79.222,0.49,21.0,0.48,12.0,0.5,12.12,0.51,25.5,0.53,10.0,0.52,10.0,0.61,147.0,0.62,147.0,0.01,0.08,2349.99219,1776276632000
1776276980.051,80.051,0.49,74.0,0.48,12.0,0.5,28.24,0.51,15.0,0.5,17.12,0.49,25.5,0.51,87.0,0.52,17.0,0.01,0.01,2349.99219,1776276632000
1776276980.637,80.637,0.49,84.0,0.48,12.0,0.5,23.12,0.51,75.45,0.5,28.24,0.49,15.0,0.51,74.0,0.52,12.0,0.01,0.01,2349.99219,1776276632000
1776276982.347,82.347,0.49,68.01,0.48,12.0,0.5,28.12,0.51,85.95,0.5,23.12,0.49,75.45,0.51,84.0,0.52,12.0,0.01,0.01,2349.99219,1776276632000
1776276982.813,82.813,0.45,12.0,0.43,15.0,0.46,22.5,0.47,26.0,0.5,28.12,0.49,85.95,0.55,9.15,0.56,51.0,0.01,0.05,2349.99219,1776276632000
1776276983.474,83.474,0.43,17.0,0.42,26.5,0.44,73.02,0.45,27.0,0.54,15.19,0.53,31.0,0.55,12.0,0.57,15.0,0.01,0.01,2349.99219,1776276632000
1776276983.913,83.913,0.43,20.24,0.42,26.5,0.44,31.02,0.45,27.0,0.56,73.02,0.55,27.0,0.57,17.0,0.58,26.5,0.01,0.01,2349.99219,1776276632000
1776276986.326,86.326,0.43,27.0,0.42,35.5,0.44,29.72,0.45,20.0,0.56,31.02,0.55,27.0,0.57,20.24,0.58,26.5,0.01,0.01,2349.99219,1776276632000
1776276988.437,88.437,0.46,97.0,0.45,65.0,0.47,7.87,0.48,20.0,0.56,29.72,0.55,20.0,0.57,17.23,0.58,45.5,0.01,0.01,2349.99219,1776276632000
1776276991.191,91.191,0.48,98.0,0.47,66.0,0.5,18.2,0.51,15.0,0.53,7.87,0.52,20.0,0.54,97.0,0.55,65.0,0.02,0.01,2349.99219,1776276632000
1776276991.408,91.408,0.48,118.83,0.47,66.0,0.51,15.0,0.52,31.5,0.5,18.2,0.49,15.0,0.52,98.0,0.53,66.0,0.03,0.02,2349.99219,1776276632000
1776276992.68,92.68,0.5,103.0,0.49,55.0,0.52,36.5,0.53,15.0,0.49,15.0,0.48,31.5,0.52,118.83,0.53,66.0,0.02,0.03,2349.99219,1776276632000
1776276993.437,93.437,0.51,59.87,0.5,56.0,0.52,71.5,0.53,20.0,0.48,36.5,0.47,15.0,0.5,103.0,0.51,55.0,0.01,0.02,2349.99219,1776276632000
1776276994.565,94.565,0.51,74.87,0.5,45.0,0.52,29.8,0.53,20.0,0.48,71.5,0.47,20.0,0.49,59.87,0.5,56.0,0.01,0.01,2349.99219,1776276632000
1776276994.899,94.899,0.51,69.87,0.5,45.0,0.52,33.2,0.53,20.0,0.48,29.8,0.47,20.0,0.49,74.87,0.5,45.0,0.01,0.01,2349.99219,1776276632000
1776276995.409,95.409,0.51,74.87,0.5,45.0,0.52,31.5,0.53,20.0,0.48,33.2,0.47,20.0,0.49,69.87,0.5,45.0,0.01,0.01,2349.99219,1776276632000
1776276995.741,95.741,0.51,44.87,0.5,15.0,0.52,29.9,0.53,20.0,0.48,31.5,0.47,20.0,0.49,74.87,0.5,45.0,0.01,0.01,2349.99219,1776276632000
1776276996.519,96.519,0.51,48.87,0.5,15.0,0.52,32.5,0.53,20.0,0.48,29.9,0.47,20.0,0.49,44.87,0.5,15.0,0.01,0.01,2349.99219,1776276632000
1776276997.01,97.01,0.51,22.87,0.5,15.0,0.52,42.5,0.53,20.0,0.48,32.5,0.47,20.0,0.49,48.87,0.5,15.0,0.01,0.01,2349.99219,1776276632000
1776276998.44,98.44,0.48,5.0,0.46,25.0,0.5,5.0,0.52,257.5,0.48,42.5,0.47,20.0,0.49,22.87,0.5,15.0,0.02,0.01,2349.99219,1776276632000
1776277000.542,100.542,0.41,2.46,0.4,27.0,0.43,11.0,0.44,15.0,0.51,52.5,0.5,25.0,0.55,75.0,0.58,45.0,0.02,0.04,2349.99219,1776276632000
1776277000.782,100.782,0.42,22.0,0.41,14.46,0.43,35.0,0.44,20.0,0.57,11.0,0.56,15.0,0.59,2.46,0.6,27.0,0.01,0.02,2349.99219,1776276632000
1776277001.387,101.387,0.42,29.27,0.41,27.0,0.43,10.0,0.44,47.64,0.57,35.0,0.56,20.0,0.58,10.27,0.59,12.0,0.01,0.01,2349.99219,1776276632000
1776277001.712,101.712,0.42,34.27,0.41,43.0,0.43,8.0,0.44,63.64,0.57,10.0,0.56,47.64,0.58,29.27,0.59,27.0,0.01,0.01,2349.99219,1776276632000
1776277002.501,102.501,0.46,25.0,0.45,32.0,0.48,5.0,0.49,50.5,0.57,8.0,0.56,63.64,0.58,34.27,0.59,43.0,0.02,0.01,2349.99219,1776276632000
1776277008.2,108.2,0.47,60.0,0.46,20.0,0.49,28.13,0.5,41.5,0.52,5.0,0.51,50.5,0.54,25.0,0.55,32.0,0.02,0.02,2349.99219,1776276632000
1776277010.182,110.182,0.49,10.0,0.48,10.0,0.5,9.3,0.51,25.5,0.51,7.72,0.5,41.5,0.53,60.0,0.54,20.0,0.01,0.02,2349.99219,1776276632000
1776277011.382,111.382,0.58,10.0,0.57,5.0,0.6,82.0,0.61,50.0,0.5,9.3,0.49,25.5,0.51,10.0,0.52,10.0,0.02,0.01,2349.99219,1776276632000
1776277011.697,111.697,0.57,66.0,0.56,46.0,0.58,2.74,0.59,25.5,0.41,25.5,0.4,87.0,0.43,19.0,0.44,20.0,0.01,0.02,2349.99219,1776276632000
1776277011.92,111.92,0.58,4.0,0.57,91.0,0.59,8.88,0.6,21.0,0.41,8.88,0.4,21.0,0.43,96.0,0.44,46.0,0.01,0.02,2349.99219,1776276632000
1776277012.441,112.441,0.6,157.0,0.59,84.0,0.61,10.0,0.62,25.0,0.41,8.88,0.4,21.0,0.42,4.0,0.43,91.0,0.01,0.01,2349.99219,1776276632000
1776277012.782,112.782,0.63,70.18,0.62,20.0,0.64,44.5,0.65,60.0,0.36,39.0,0.35,60.0,0.38,5.0,0.39,20.0,0.01,0.02,2349.99219,1776276632000
1776277013.445,113.445,0.63,30.18,0.62,31.0,0.64,29.5,0.65,65.0,0.36,44.5,0.35,60.0,0.37,70.18,0.38,20.0,0.01,0.01,2349.99219,1776276632000
1776277014.987,114.987,0.63,95.18,0.62,31.0,0.64,27.93,0.65,55.0,0.36,29.5,0.35,65.0,0.37,30.18,0.38,31.0,0.01,0.01,2349.99219,1776276632000
1776277015.204,115.204,0.63,69.77,0.62,31.0,0.64,27.93,0.65,55.0,0.36,27.93,0.35,55.0,0.37,95.18,0.38,31.0,0.01,0.01,2349.99219,1776276632000
1776277015.865,115.865,0.63,95.77,0.62,75.0,0.64,22.93,0.65,60.0,0.36,27.93,0.35,55.0,0.37,69.77,0.38,31.0,0.01,0.01,2349.99219,1776276632000
1776277016.081,116.081,0.63,100.77,0.62,75.0,0.64,21.3,0.65,55.0,0.36,22.93,0.35,60.0,0.37,95.77,0.38,75.0,0.01,0.01,2349.99219,1776276632000
1776277016.559,116.559,0.63,49.77,0.62,50.0,0.64,2.62,0.65,101.24,0.36,18.25,0.35,55.0,0.37,84.77,0.38,75.0,0.01,0.01,2349.99219,1776276632000
1776277017.393,117.393,0.63,59.77,0.62,50.0,0.65,101.24,0.66,60.0,0.36,2.62,0.35,101.24,0.37,49.77,0.38,50.0,0.02,0.01,2349.99219,1776276632000
1776277019.175,119.175,0.64,111.5,0.63,49.27,0.65,15.14,0.66,10.5,0.35,101.24,0.34,60.0,0.37,59.77,0.38,50.0,0.01,0.02,2349.99219,1776276632000
1776277020.156,120.156,0.66,174.5,0.65,69.5,0.68,101.12,0.69,10.0,0.34,4.5,0.33,20.0,0.35,15.0,0.36,116.5,0.02,0.01,2349.99219,1776276632000
1776277020.585,120.585,0.67,163.0,0.66,170.5,0.68,10.85,0.69,10.0,0.32,101.12,0.31,10.0,0.34,174.5,0.35,69.5,0.01,0.02,2349.99219,1776276632000
1776277020.79,120.79,0.69,92.51,0.68,25.0,0.7,30.0,0.71,130.5,0.31,10.0,0.3,115.0,0.33,204.5,0.34,170.5,0.01,0.02,2349.99219,1776276632000
1776277021.055,121.055,0.69,27.0,0.68,31.0,0.7,8.82,0.71,135.5,0.3,30.0,0.29,130.5,0.31,92.51,0.32,25.0,0.01,0.01,2349.99219,1776276632000
1776277021.51,121.51,0.69,69.0,0.68,74.0,0.7,39.7,0.71,145.5,0.3,38.32,0.29,135.5,0.31,20.0,0.32,31.0,0.01,0.01,2349.99219,1776276632000
1776277021.891,121.891,0.67,25.0,0.65,50.0,0.68,51.55,0.69,34.5,0.3,28.7,0.29,135.5,0.31,25.0,0.32,30.0,0.01,0.01,2349.99219,1776276632000
1776277022.101,122.101,0.64,35.0,0.63,84.27,0.65,34.11,0.66,144.5,0.35,34.11,0.34,144.5,0.36,40.0,0.37,84.27,0.01,0.01,2349.99219,1776276632000
1776277022.49,122.49,0.64,121.5,0.63,89.27,0.66,121.93,0.67,25.5,0.35,34.11,0.34,144.5,0.36,35.0,0.37,84.27,0.02,0.01,2349.99219,1776276632000
1776277023.018,123.018,0.65,75.5,0.64,100.5,0.66,86.55,0.67,11.0,0.34,101.27,0.33,20.5,0.35,25.0,0.36,110.5,0.01,0.01,2349.99219,1776276632000
1776277023.45,123.45,0.65,121.5,0.64,133.5,0.66,27.76,0.68,6.0,0.34,31.55,0.33,11.0,0.35,99.5,0.36,100.5,0.01,0.01,2349.99219,1776276632000
1776277024.174,124.174,0.65,65.5,0.64,103.5,0.66,29.54,0.67,10.5,0.34,26.06,0.32,6.0,0.35,121.5,0.36,133.5,0.01,0.01,2349.99219,1776276632000
1776277024.911,124.911,0.65,79.5,0.64,98.5,0.66,19.04,0.68,16.5,0.34,29.54,0.33,10.5,0.35,65.5,0.36,103.5,0.01,0.01,2349.99219,1776276632000
1776277025.171,125.171,0.65,109.5,0.64,98.5,0.66,9.33,0.68,6.0,0.34,11.46,0.32,6.0,0.35,79.5,0.36,98.5,0.01,0.01,2349.99219,1776276632000
1776277026.325,126.325,0.65,50.5,0.64,113.5,0.66,8.83,0.68,16.5,0.34,9.33,0.32,6.0,0.35,109.5,0.36,98.5,0.01,0.01,2349.99219,1776276632000
1776277026.887,126.887,0.65,79.5,0.64,63.5,0.67,10.19,0.68,16.5,0.34,8.83,0.32,16.5,0.35,69.81,0.36,113.5,0.02,0.01,2349.99219,1776276632000
1776277027.303,127.303,0.66,11.0,0.65,42.69,0.67,76.11,0.68,31.5,0.33,10.19,0.32,16.5,0.35,79.5,0.36,63.5,0.01,0.02,2349.99219,1776276632000
1776277027.514,127.514,0.66,8.0,0.65,32.69,0.67,81.11,0.68,31.5,0.33,76.11,0.32,31.5,0.34,11.0,0.35,42.69,0.01,0.01,2349.99219,1776276632000
1776277027.746,127.746,0.63,69.77,0.62,40.0,0.66,81.5,0.67,96.11,0.33,81.11,0.32,31.5,0.34,8.0,0.35,32.69,0.03,0.01,2349.99219,1776276632000
1776277029.655,129.655,0.61,70.0,0.6,150.5,0.62,5.01,0.63,25.5,0.34,81.5,0.33,96.11,0.37,69.77,0.38,40.0,0.01,0.03,2349.99219,1776276632000
1776277030.419,130.419,0.61,101.0,0.6,161.5,0.62,0.97,0.63,15.5,0.38,5.01,0.37,25.5,0.39,70.0,0.4,150.5,0.01,0.01,2349.99219,1776276632000
1776277030.842,130.842,0.64,55.0,0.63,71.0,0.65,8.96,0.66,15.5,0.38,0.97,0.37,15.5,0.39,101.0,0.4,161.5,0.01,0.01,2349.99219,1776276632000
1776277031.671,131.671,0.66,35.0,0.65,21.0,0.69,0.68,0.7,25.5,0.35,0.96,0.34,15.5,0.36,51.36,0.37,71.0,0.03,0.01,2349.99219,1776276632000
1776277033.103,133.103,0.69,10.19,0.68,25.0,0.7,54.5,0.71,275.0,0.31,16.49,0.3,34.5,0.32,21.0,0.33,21.0,0.01,0.01,2349.99219,1776276632000
1776277034.068,134.068,0.67,40.0,0.66,30.0,0.69,56.68,0.7,42.0,0.3,54.5,0.29,275.0,0.31,10.19,0.32,25.0,0.02,0.01,2349.99219,1776276632000
1776277034.582,134.582,0.67,10.0,0.66,10.0,0.68,123.98,0.69,43.36,0.31,49.86,0.3,42.0,0.33,30.0,0.34,30.0,0.01,0.02,2349.99219,1776276632000
1776277038.525,138.525,0.59,160.0,0.58,60.0,0.61,142.0,0.62,44.5,0.36,5.0,0.35,34.0,0.38,40.0,0.39,75.5,0.02,0.02,2349.99219,1776276632000
1776277039.693,139.693,0.58,12.85,0.57,75.5,0.6,53.0,0.61,73.0,0.39,142.0,0.38,44.5,0.41,160.0,0.42,60.0,0.02,0.02,2349.99219,1776276632000
1776277041.002,141.002,0.55,56.0,0.54,71.0,0.56,19.5,0.57,18.0,0.4,53.0,0.39,73.0,0.42,12.85,0.43,75.5,0.01,0.02,2349.99219,1776276632000
1776277041.681,141.681,0.55,157.5,0.54,116.0,0.56,0.5,0.58,10.0,0.44,19.5,0.43,18.0,0.45,56.0,0.46,71.0,0.01,0.01,2349.99219,1776276632000
1776277042.242,142.242,0.59,10.48,0.58,25.5,0.61,22.0,0.62,15.0,0.42,10.0,0.39,7.0,0.45,132.5,0.46,116.0,0.02,0.03,2349.99219,1776276632000
1776277042.719,142.719,0.59,3.04,0.58,40.5,0.61,42.0,0.62,25.5,0.39,32.0,0.38,30.5,0.41,8.04,0.42,30.5,0.02,0.02,2349.99219,1776276632000
1776277045.963,145.963,0.6,55.82,0.59,13.04,0.61,37.0,0.62,15.0,0.39,42.0,0.38,25.5,0.41,3.04,0.42,40.5,0.01,0.02,2349.99219,1776276632000
1776277046.98,146.98,0.6,23.32,0.58,10.0,0.61,186.05,0.62,31.0,0.39,37.0,0.38,15.0,0.4,55.82,0.41,13.04,0.01,0.01,2349.99219,1776276632000
1776277047.814,147.814,0.56,20.0,0.55,75.5,0.57,18.24,0.58,20.0,0.39,186.05,0.38,31.0,0.42,10.0,0.43,10.0,0.01,0.03,2349.99219,1776276632000
1776277050.241,150.241,0.56,82.25,0.55,86.5,0.57,7.0,0.58,5.0,0.43,28.95,0.42,20.0,0.44,5.0,0.45,75.5,0.01,0.01,2349.99219,1776276632000
1776277051.337,151.337,0.55,76.5,0.54,132.5,0.57,25.24,0.58,20.0,0.43,7.0,0.42,5.0,0.44,82.25,0.45,86.5,0.02,0.01,2349.99219,1776276632000
1776277052.569,152.569,0.56,30.0,0.55,65.5,0.57,39.62,0.58,40.0,0.43,25.24,0.42,20.0,0.45,76.5,0.46,132.5,0.01,0.02,2349.99219,1776276632000
1776277053.367,153.367,0.53,120.7,0.52,56.3,0.54,39.09,0.55,20.0,0.43,39.62,0.42,40.0,0.44,30.0,0.45,65.5,0.01,0.01,2349.99219,1776276632000
1776277053.72,153.72,0.53,115.0,0.52,50.5,0.54,7.08,0.55,20.0,0.46,38.49,0.45,20.0,0.47,120.7,0.48,51.3,0.01,0.01,2349.99219,1776276632000
1776277057.209,157.209,0.51,80.0,0.5,50.5,0.54,161.08,0.55,93.0,0.46,7.08,0.45,20.0,0.47,115.0,0.48,50.5,0.03,0.01,2349.99219,1776276632000
1776277059.477,159.477,0.45,100.5,0.44,105.0,0.46,120.72,0.47,34.0,0.46,161.08,0.45,93.0,0.49,80.0,0.5,50.5,0.01,0.03,2349.99219,1776276632000
1776277059.745,159.745,0.45,105.5,0.44,105.0,0.46,42.22,0.47,24.0,0.54,120.72,0.53,34.0,0.55,100.5,0.56,105.0,0.01,0.01,2349.99219,1776276632000
1776277064.322,164.322,0.43,31.91,0.41,60.0,0.44,301.0,0.45,122.0,0.54,42.22,0.53,24.0,0.55,105.5,0.56,105.0,0.01,0.01,2349.99219,1776276632000
1776277065.934,165.934,0.36,2.9,0.35,230.0,0.38,140.0,0.39,40.0,0.59,161.0,0.58,18.05,0.6,25.0,0.61,120.0,0.02,0.01,2349.99219,1776276632000
1776277067.308,167.308,0.27,19.0,0.26,20.0,0.35,10.0,0.36,278.0,0.62,140.0,0.61,40.0,0.64,2.9,0.65,230.0,0.08,0.02,2349.99219,1776276632000
1776277067.776,167.776,0.25,47.0,0.24,30.0,0.26,6.0,0.31,50.0,0.65,10.0,0.64,278.0,0.73,19.0,0.74,20.0,0.01,0.08,2349.99219,1776276632000
1776277068.252,168.252,0.25,19.1,0.24,5.0,0.26,56.0,0.31,90.0,0.74,6.0,0.69,110.0,0.75,41.13,0.79,5.0,0.01,0.01,2349.99219,1776276632000
1776277068.78,168.78,0.24,11.0,0.22,5.0,0.26,101.0,0.28,40.0,0.74,86.0,0.69,75.0,0.77,5.0,0.79,5.0,0.02,0.03,2349.99219,1776276632000
1776277069.21,169.21,0.24,38.0,0.23,10.0,0.25,5.0,0.26,35.0,0.73,2.62,0.72,10.0,0.76,133.0,0.78,5.0,0.01,0.03,2349.99219,1776276632000
1776277069.597,169.597,0.24,43.0,0.23,10.0,0.25,1.0,0.26,30.0,0.75,5.0,0.74,35.0,0.76,38.0,0.77,10.0,0.01,0.01,2349.99219,1776276632000
1776277069.807,169.807,0.25,14.0,0.24,31.0,0.29,2.41,0.3,10.0,0.71,2.41,0.7,10.0,0.75,10.0,0.76,36.0,0.04,0.04,2349.99219,1776276632000
1776277070.038,170.038,0.26,25.0,0.25,4.0,0.3,0.99,0.31,15.0,0.72,2.14,0.71,2.41,0.74,10.0,0.75,24.0,0.04,0.02,2349.99219,1776276632000
1776277070.25,170.25,0.27,16.62,0.26,50.0,0.29,10.0,0.3,0.99,0.7,0.99,0.69,15.0,0.74,25.0,0.75,4.0,0.02,0.04,2349.99219,1776276632000
1776277071.122,171.122,0.3,20.0,0.29,19.0,0.35,7.58,0.36,65.0,0.69,14.37,0.68,20.0,0.73,31.62,0.74,50.0,0.05,0.04,2349.99219,1776276632000
1776277071.7,171.7,0.31,26.0,0.3,46.73,0.32,9.0,0.33,15.0,0.66,11.56,0.65,7.58,0.67,5.0,0.7,0.74,0.01,0.01,2349.99219,1776276632000
1776277073.291,173.291,0.31,43.75,0.3,20.5,0.32,8.84,0.33,15.0,0.68,9.0,0.67,15.0,0.69,18.75,0.7,46.73,0.01,0.01,2349.99219,1776276632000
1776277073.519,173.519,0.31,45.2,0.3,20.5,0.32,3.84,0.33,15.0,0.68,8.84,0.67,15.0,0.69,43.75,0.7,20.5,0.01,0.01,2349.99219,1776276632000
1776277074.059,174.059,0.31,50.7,0.3,20.5,0.33,11.84,0.34,11.56,0.68,3.84,0.67,15.0,0.69,45.2,0.7,20.5,0.02,0.01,2349.99219,1776276632000
1776277076.62,176.62,0.31,49.2,0.3,29.5,0.32,24.93,0.33,10.0,0.67,11.84,0.66,11.56,0.69,50.7,0.7,20.5,0.01,0.02,2349.99219,1776276632000
1776277077.361,177.361,0.31,23.2,0.3,29.5,0.32,24.93,0.33,10.0,0.68,24.93,0.67,10.0,0.69,49.2,0.7,29.5,0.01,0.01,2349.99219,1776276632000
1776277078.256,178.256,0.31,16.16,0.3,20.5,0.32,34.93,0.33,25.0,0.68,24.93,0.67,10.0,0.69,23.2,0.7,29.5,0.01,0.01,2349.99219,1776276632000
1776277078.46,178.46,0.31,16.16,0.3,20.5,0.32,51.85,0.33,25.0,0.68,29.13,0.67,25.0,0.69,16.16,0.7,20.5,0.01,0.01,2349.99219,1776276632000
1776277078.883,178.883,0.31,50.16,0.3,20.5,0.32,5.55,0.33,25.0,0.68,21.15,0.67,25.0,0.69,10.16,0.7,20.5,0.01,0.01,2349.99219,1776276632000
1776277081.181,181.181,0.34,47.5,0.33,30.5,0.35,15.0,0.36,116.0,0.68,5.55,0.67,25.0,0.69,50.16,0.7,20.5,0.01,0.01,2349.99219,1776276632000
1776277081.584,181.584,0.34,33.46,0.33,20.5,0.35,10.88,0.36,116.0,0.65,10.88,0.64,116.0,0.66,37.5,0.67,20.5,0.01,0.01,2349.99219,1776276632000
1776277083.339,183.339,0.34,28.46,0.33,20.5,0.35,33.5,0.36,110.0,0.65,10.88,0.64,116.0,0.66,33.46,0.67,20.5,0.01,0.01,2349.99219,1776276632000
1776277083.753,183.753,0.34,22.46,0.33,20.5,0.35,38.5,0.36,110.0,0.65,33.5,0.64,110.0,0.66,28.46,0.67,20.5,0.01,0.01,2349.99219,1776276632000
1776277085.304,185.304,0.31,25.0,0.3,20.5,0.32,14.04,0.33,10.0,0.65,38.5,0.64,110.0,0.66,22.46,0.67,20.5,0.01,0.01,2349.99219,1776276632000
1776277091.169,191.169,0.28,77.89,0.27,60.0,0.31,50.0,0.32,65.0,0.68,14.04,0.67,10.0,0.69,25.0,0.7,20.5,0.03,0.01,2349.99219,1776276632000
1776277092.118,192.118,0.29,15.0,0.28,62.89,0.3,36.0,0.31,60.0,0.69,50.0,0.68,65.0,0.72,77.89,0.73,60.0,0.01,0.03,2349.99219,1776276632000
1776277092.383,192.383,0.29,7.95,0.28,52.89,0.3,41.0,0.31,60.0,0.7,36.0,0.69,60.0,0.71,15.0,0.72,62.89,0.01,0.01,2349.99219,1776276632000
1776277092.913,192.913,0.28,42.89,0.27,60.0,0.29,26.55,0.3,16.0,0.7,41.0,0.69,60.0,0.71,7.95,0.72,52.89,0.01,0.01,2349.99219,1776276632000
1776277094.72,194.72,0.27,65.0,0.26,25.0,0.28,98.0,0.29,34.55,0.71,26.55,0.7,16.0,0.72,42.89,0.73,60.0,0.01,0.01,2349.99219,1776276632000
1776277095.453,195.453,0.27,52.0,0.26,30.0,0.28,154.0,0.29,35.05,0.72,98.0,0.71,34.55,0.73,65.0,0.74,25.0,0.01,0.01,2349.99219,1776276632000
1776277095.909,195.909,0.25,63.5,0.24,95.0,0.26,205.0,0.27,26.0,0.72,184.5,0.71,35.05,0.75,140.0,0.76,100.5,0.01,0.03,2349.99219,1776276632000
1776277096.632,196.632,0.25,3.5,0.24,10.0,0.26,216.07,0.27,72.4,0.74,205.0,0.73,26.0,0.75,63.5,0.76,95.0,0.01,0.01,2349.99219,1776276632000
1776277097.366,197.366,0.24,10.0,0.23,150.3,0.26,124.07,0.27,72.4,0.74,216.07,0.73,72.4,0.76,10.0,0.77,150.3,0.02,0.02,2349.99219,1776276632000
1776277098.958,198.958,0.23,75.3,0.22,35.5,0.25,145.34,0.26,78.07,0.74,124.07,0.73,72.4,0.76,7.41,0.77,150.3,0.02,0.02,2349.99219,1776276632000
1776277101.988,201.988,0.22,25.0,0.21,110.5,0.24,123.0,0.25,25.5,0.75,145.34,0.74,78.07,0.77,75.3,0.78,35.5,0.02,0.02,2349.99219,1776276632000
1776277102.468,202.468,0.2,135.5,0.19,60.0,0.21,86.0,0.22,10.0,0.76,123.0,0.75,25.5,0.78,25.0,0.79,110.5,0.01,0.02,2349.99219,1776276632000
1776277102.787,202.787,0.2,12.35,0.19,60.0,0.21,48.28,0.22,36.56,0.79,104.28,0.78,36.56,0.8,140.55,0.81,60.0,0.01,0.01,2349.99219,1776276632000
1776277103.208,203.208,0.15,63.73,0.14,154.9,0.16,28.6,0.17,25.0,0.79,53.28,0.78,18.0,0.85,36.5,0.86,166.9,0.01,0.06,2349.99219,1776276632000
1776277103.528,203.528,0.16,25.15,0.15,49.41,0.17,25.0,0.18,10.0,0.84,6.1,0.83,25.0,0.85,59.41,0.86,154.9,0.01,0.01,2349.99219,1776276632000
1776277103.818,203.818,0.16,28.25,0.15,22.23,0.17,40.7,0.18,15.0,0.83,40.7,0.82,10.0,0.84,33.25,0.85,49.41,0.01,0.01,2349.99219,1776276632000
1776277104.401,204.401,0.16,28.25,0.15,50.43,0.17,5.6,0.18,15.0,0.83,12.0,0.82,15.0,0.84,28.25,0.85,22.23,0.01,0.01,2349.99219,1776276632000
1776277104.675,204.675,0.16,33.25,0.15,50.43,0.17,4.6,0.18,15.0,0.83,5.6,0.82,15.0,0.84,28.25,0.85,50.43,0.01,0.01,2349.99219,1776276632000
1776277105.064,205.064,0.16,33.25,0.15,50.43,0.17,3.8,0.18,21.3,0.82,13.3,0.81,15.0,0.84,33.25,0.85,50.43,0.01,0.02,2349.99219,1776276632000
1776277105.791,205.791,0.16,33.25,0.15,23.23,0.18,19.33,0.19,20.0,0.83,3.8,0.82,21.3,0.84,33.25,0.85,50.43,0.02,0.01,2349.99219,1776276632000
1776277108.185,208.185,0.16,49.65,0.15,45.23,0.17,10.0,0.18,29.33,0.82,19.33,0.81,20.0,0.84,33.25,0.85,23.23,0.01,0.02,2349.99219,1776276632000
1776277110.37,210.37,0.29,47.49,0.28,46.49,0.31,10.0,0.32,20.5,0.83,10.0,0.82,29.33,0.84,49.65,0.85,45.23,0.02,0.01,2349.99219,1776276632000
1776277110.575,210.575,0.3,12.14,0.29,32.49,0.31,8.84,0.32,31.5,0.69,8.84,0.68,31.5,0.7,10.0,0.71,32.49,0.01,0.01,2349.99219,1776276632000
1776277110.996,210.996,0.3,5.34,0.29,32.49,0.31,57.41,0.32,47.5,0.69,8.84,0.68,31.5,0.7,12.14,0.71,32.49,0.01,0.01,2349.99219,1776276632000
1776277111.616,211.616,0.3,78.5,0.29,37.49,0.31,5.05,0.33,60.0,0.69,57.41,0.68,47.5,0.7,5.34,0.71,32.49,0.01,0.01,2349.99219,1776276632000
1776277111.933,211.933,0.32,45.5,0.31,48.49,0.33,10.36,0.34,30.0,0.69,5.05,0.67,60.0,0.7,78.5,0.71,37.49,0.01,0.01,2349.99219,1776276632000
1776277112.45,212.45,0.3,20.5,0.29,20.5,0.33,11.0,0.34,40.0,0.67,10.36,0.66,30.0,0.68,45.5,0.69,48.49,0.03,0.01,2349.99219,1776276632000
1776277112.756,212.756,0.32,9.5,0.31,20.5,0.33,26.0,0.34,36.5,0.67,11.0,0.66,40.0,0.7,20.5,0.71,20.5,0.01,0.03,2349.99219,1776276632000
1776277113.158,213.158,0.31,14.0,0.3,44.5,0.32,15.84,0.33,26.0,0.67,26.0,0.66,36.5,0.69,19.0,0.7,53.49,0.01,0.02,2349.99219,1776276632000
1776277113.626,213.626,0.3,38.74,0.29,77.5,0.32,10.84,0.33,26.0,0.68,15.84,0.67,26.0,0.69,14.0,0.7,44.5,0.02,0.01,2349.99219,1776276632000
1776277113.852,213.852,0.31,20.0,0.3,38.74,0.32,10.84,0.33,103.88,0.68,10.84,0.67,26.0,0.7,38.74,0.71,77.5,0.01,0.02,2349.99219,1776276632000
1776277114.948,214.948,0.31,115.5,0.3,75.73,0.33,77.88,0.35,10.0,0.68,10.84,0.67,103.88,0.69,20.0,0.7,38.74,0.02,0.01,2349.99219,1776276632000
1776277115.166,215.166,0.32,124.5,0.31,142.49,0.33,38.88,0.35,10.0,0.67,49.88,0.65,10.0,0.68,124.5,0.69,142.49,0.01,0.01,2349.99219,1776276632000
1776277115.866,215.866,0.36,102.0,0.35,15.0,0.37,79.34,0.38,105.3,0.63,119.99,0.62,110.3,0.65,18.0,0.66,10.0,0.01,0.02,2349.99219,1776276632000
1776277116.144,216.144,0.36,88.57,0.35,15.0,0.37,172.28,0.38,115.3,0.63,79.34,0.62,105.3,0.64,102.0,0.65,15.0,0.01,0.01,2349.99219,1776276632000
1776277116.744,216.744,0.36,86.58,0.35,20.0,0.37,167.28,0.38,115.3,0.63,172.28,0.62,115.3,0.64,88.57,0.65,15.0,0.01,0.01,2349.99219,1776276632000
1776277117.187,217.187,0.36,76.58,0.35,20.0,0.37,114.72,0.38,115.3,0.63,166.12,0.62,115.3,0.64,86.58,0.65,20.0,0.01,0.01,2349.99219,1776276632000
1776277117.505,217.505,0.36,73.18,0.35,30.0,0.37,119.72,0.38,115.3,0.63,114.72,0.62,115.3,0.64,76.58,0.65,20.0,0.01,0.01,2349.99219,1776276632000
1776277117.883,217.883,0.36,18.0,0.35,20.0,0.37,118.22,0.38,126.3,0.63,113.42,0.62,115.3,0.64,73.18,0.65,30.0,0.01,0.01,2349.99219,1776276632000
1776277118.418,218.418,0.32,5.0,0.31,30.0,0.33,62.1,0.34,148.69,0.63,166.22,0.62,131.3,0.67,30.0,0.68,55.0,0.01,0.04,2349.99219,1776276632000
1776277118.78,218.78,0.3,39.0,0.29,75.0,0.31,46.2,0.32,25.5,0.67,67.1,0.66,158.69,0.7,30.0,0.71,89.0,0.01,0.03,2349.99219,1776276632000
1776277119.007,219.007,0.29,85.0,0.27,16.35,0.31,72.2,0.32,30.5,0.69,46.2,0.68,25.5,0.7,39.0,0.71,75.0,0.02,0.01,2349.99219,1776276632000
1776277119.632,219.632,0.27,0.85,0.26,110.0,0.28,52.5,0.29,30.5,0.7,41.3,0.69,151.6,0.71,60.0,0.73,16.35,0.01,0.01,2349.99219,1776276632000
1776277120.569,220.569,0.24,23.65,0.23,60.5,0.25,21.0,0.26,21.0,0.72,47.5,0.71,30.5,0.74,110.0,0.75,39.7,0.01,0.02,2349.99219,1776276632000
1776277121.259,221.259,0.23,75.5,0.22,41.0,0.24,15.0,0.25,21.0,0.75,21.0,0.74,21.0,0.76,23.65,0.77,60.5,0.01,0.01,2349.99219,1776276632000
1776277122.696,222.696,0.23,3.7,0.22,20.0,0.24,30.5,0.25,30.5,0.76,15.0,0.75,21.0,0.77,75.5,0.78,41.0,0.01,0.01,2349.99219,1776276632000
1776277124.545,224.545,0.2,18.75,0.19,27.0,0.21,10.0,0.22,10.0,0.75,10.57,0.74,41.5,0.78,25.0,0.79,37.0,0.01,0.03,2349.99219,1776276632000
1776277124.837,224.837,0.21,13.1,0.2,13.75,0.22,10.0,0.23,10.0,0.79,9.9,0.78,10.0,0.8,18.75,0.81,17.0,0.01,0.01,2349.99219,1776276632000
1776277125.326,225.326,0.21,39.06,0.2,39.49,0.22,10.0,0.23,41.88,0.77,4.69,0.76,42.0,0.79,13.1,0.81,17.0,0.01,0.02,2349.99219,1776276632000
1776277125.769,225.769,0.21,47.59,0.2,87.49,0.22,10.0,0.23,59.38,0.78,10.0,0.77,41.88,0.79,39.06,0.8,39.49,0.01,0.01,2349.99219,1776276632000
1776277127.738,227.738,0.21,23.8,0.2,57.49,0.22,20.0,0.23,32.19,0.78,10.0,0.77,59.38,0.79,47.59,0.8,87.49,0.01,0.01,2349.99219,1776276632000
1776277129.127,229.127,0.2,38.49,0.19,50.5,0.22,22.0,0.23,19.69,0.78,30.5,0.77,42.19,0.79,7.03,0.8,47.49,0.02,0.01,2349.99219,1776276632000
1776277129.369,229.369,0.2,58.49,0.19,75.5,0.21,8.6,0.22,27.0,0.78,22.0,0.77,19.69,0.8,38.49,0.81,50.5,0.01,0.02,2349.99219,1776276632000
1776277129.685,229.685,0.2,58.49,0.19,75.5,0.21,2.3,0.22,27.0,0.79,8.6,0.78,27.0,0.8,58.49,0.81,75.5,0.01,0.01,2349.99219,1776276632000
1776277130.003,230.003,0.2,48.49,0.19,75.5,0.22,23.1,0.23,14.69,0.79,2.3,0.78,27.0,0.8,58.49,0.81,75.5,0.02,0.01,2349.99219,1776276632000
1776277130.541,230.541,0.21,10.0,0.2,20.5,0.22,5.6,0.23,5.0,0.78,23.1,0.77,14.69,0.8,48.49,0.81,75.5,0.01,0.02,2349.99219,1776276632000
1776277131.173,231.173,0.24,20.0,0.23,20.0,0.25,15.78,0.26,16.0,0.78,5.6,0.77,5.0,0.79,10.0,0.8,20.5,0.01,0.01,2349.99219,1776276632000
1776277132.241,232.241,0.25,34.09,0.24,36.5,0.26,5.0,0.29,10.5,0.75,15.78,0.74,16.0,0.76,20.0,0.77,20.0,0.01,0.01,2349.99219,1776276632000
1776277134.716,234.716,0.27,10.0,0.25,30.0,0.28,9.34,0.29,41.5,0.71,10.5,0.7,6.0,0.75,34.09,0.76,36.5,0.01,0.04,2349.99219,1776276632000
1776277135.553,235.553,0.27,30.0,0.26,10.5,0.28,18.6,0.29,21.0,0.72,9.34,0.71,41.5,0.73,10.0,0.75,30.0,0.01,0.01,2349.99219,1776276632000
1776277135.768,235.768,0.27,70.5,0.26,20.5,0.28,1.6,0.29,21.0,0.72,7.6,0.71,21.0,0.73,70.5,0.74,20.5,0.01,0.01,2349.99219,1776276632000
1776277136.683,236.683,0.28,4.0,0.27,10.0,0.29,90.35,0.3,30.5,0.71,16.6,0.7,20.5,0.73,70.5,0.74,20.5,0.01,0.02,2349.99219,1776276632000
1776277139.008,239.008,0.25,20.5,0.24,76.5,0.27,15.0,0.28,10.0,0.71,90.35,0.7,30.5,0.72,4.0,0.73,10.0,0.02,0.01,2349.99219,1776276632000
1776277140.344,240.344,0.25,8.3,0.24,60.0,0.26,10.0,0.27,15.0,0.73,15.0,0.72,10.0,0.75,13.95,0.76,76.5,0.01,0.02,2349.99219,1776276632000
1776277140.768,240.768,0.25,10.0,0.24,60.0,0.29,29.56,0.3,15.0,0.74,10.0,0.73,15.0,0.75,8.3,0.76,60.0,0.04,0.01,2349.99219,1776276632000
1776277141.785,241.785,0.25,5.0,0.24,50.0,0.26,15.33,0.27,25.0,0.71,29.56,0.7,15.0,0.75,10.0,0.76,60.0,0.01,0.04,2349.99219,1776276632000
1776277142.1,242.1,0.24,50.0,0.23,60.0,0.25,3.7,0.26,10.33,0.74,15.33,0.73,25.0,0.75,5.0,0.76,50.0,0.01,0.01,2349.99219,1776276632000
1776277142.477,242.477,0.25,37.0,0.24,85.0,0.26,0.53,0.27,10.0,0.75,3.7,0.74,10.33,0.76,50.0,0.77,60.0,0.01,0.01,2349.99219,1776276632000
1776277142.973,242.973,0.3,13.14,0.29,6.0,0.31,36.0,0.32,65.0,0.69,51.0,0.68,55.0,0.74,5.47,0.75,99.0,0.01,0.05,2349.99219,1776276632000
1776277143.243,243.243,0.29,6.0,0.28,10.0,0.3,8.7,0.31,31.0,0.69,31.0,0.68,65.0,0.7,7.52,0.71,6.0,0.01,0.01,2349.99219,1776276632000
1776277143.567,243.567,0.29,6.0,0.27,10.0,0.3,2.5,0.31,31.0,0.7,8.7,0.69,31.0,0.71,6.0,0.72,10.0,0.01,0.01,2349.99219,1776276632000
1776277147.771,247.771,0.18,55.61,0.17,88.27,0.2,64.52,0.21,31.0,0.7,2.5,0.69,31.0,0.71,6.0,0.73,10.0,0.02,0.01,2349.99219,1776276632000
1776277148.593,248.593,0.17,76.78,0.16,200.0,0.18,90.0,0.19,15.0,0.8,64.52,0.79,31.0,0.82,55.61,0.83,88.27,0.01,0.02,2349.99219,1776276632000
1776277150.769,250.769,0.14,16.39,0.13,77.76,0.15,20.0,0.16,15.0,0.82,95.0,0.81,15.0,0.84,150.0,0.85,25.0,0.01,0.02,2349.99219,1776276632000
1776277152.346,252.346,0.13,77.76,0.12,85.0,0.15,22.6,0.16,15.0,0.85,20.0,0.84,15.0,0.86,16.39,0.87,77.76,0.02,0.01,2349.99219,1776276632000
1776277154.123,254.123,0.12,23.41,0.11,110.0,0.13,23.6,0.14,25.0,0.85,22.6,0.84,15.0,0.87,77.76,0.88,85.0,0.01,0.02,2349.99219,1776276632000
1776277154.445,254.445,0.12,10.0,0.11,10.0,0.13,33.7,0.14,30.0,0.87,23.6,0.86,25.0,0.88,23.41,0.89,110.0,0.01,0.01,2349.99219,1776276632000
1776277154.765,254.765,0.12,10.0,0.11,10.0,0.13,14.8,0.14,30.0,0.87,26.0,0.86,30.0,0.88,10.0,0.89,10.0,0.01,0.01,2349.99219,1776276632000
1776277155.301,255.301,0.12,23.41,0.11,10.0,0.13,3.6,0.14,30.0,0.87,14.8,0.86,30.0,0.88,10.0,0.89,10.0,0.01,0.01,2349.99219,1776276632000
1776277155.639,255.639,0.11,10.0,0.1,10.0,0.12,28.7,0.13,10.0,0.86,30.0,0.85,45.0,0.88,12.05,0.89,10.0,0.01,0.02,2349.99219,1776276632000
1776277155.946,255.946,0.11,10.0,0.1,10.0,0.12,23.5,0.13,21.0,0.88,28.7,0.87,10.0,0.89,10.0,0.9,10.0,0.01,0.01,2349.99219,1776276632000
1776277156.167,256.167,0.1,9.96,0.09,10.0,0.12,21.0,0.13,21.0,0.88,23.5,0.87,21.0,0.89,10.0,0.9,10.0,0.02,0.01,2349.99219,1776276632000
1776277156.902,256.902,0.1,9.96,0.09,10.0,0.12,46.0,0.13,10.0,0.88,16.0,0.87,21.0,0.89,4.0,0.9,9.96,0.02,0.01,2349.99219,1776276632000
1776277157.231,257.231,0.06,102.47,0.05,30.0,0.08,35.0,0.09,15.0,0.9,28.5,0.89,81.0,0.93,1.76,0.94,202.47,0.02,0.03,2349.99219,1776276632000
1776277157.503,257.503,0.05,9.2,0.04,125.0,0.07,5.0,0.08,35.0,0.92,35.0,0.91,15.0,0.94,102.47,0.95,30.0,0.02,0.02,2349.99219,1776276632000
1776277157.73,257.73,0.06,7.87,0.05,28.34,0.07,38.0,0.08,35.0,0.93,43.0,0.92,35.0,0.94,7.87,0.95,28.34,0.01,0.01,2349.99219,1776276632000
1776277158.312,258.312,0.05,23.61,0.04,125.0,0.07,43.0,0.08,30.0,0.93,38.0,0.92,35.0,0.94,2.6,0.95,28.34,0.02,0.01,2349.99219,1776276632000
1776277158.731,258.731,0.04,123.16,0.03,106.0,0.06,41.0,0.07,15.0,0.93,20.0,0.92,35.0,0.95,3.41,0.96,125.0,0.02,0.02,2349.99219,1776276632000
1776277159.234,259.234,0.04,103.16,0.03,106.0,0.05,65.0,0.06,20.0,0.94,41.0,0.93,15.0,0.96,123.16,0.97,106.0,0.01,0.02,2349.99219,1776276632000
1776277159.987,259.987,0.02,210.74,0.01,8022.6,0.05,52.0,0.06,25.0,0.95,65.0,0.94,20.0,0.96,103.16,0.97,106.0,0.03,0.01,2349.99219,1776276632000
1776277160.313,260.313,0.04,4.0,0.03,43.66,0.05,53.0,0.06,35.0,0.95,52.0,0.94,25.0,0.98,210.74,0.99,8022.6,0.01,0.03,2349.99219,1776276632000
1776277160.733,260.733,0.03,10.0,0.02,197.74,0.04,34.62,0.05,35.09,0.95,30.09,0.94,35.0,0.97,35.66,0.98,220.74,0.01,0.02,2349.99219,1776276632000
1776277161.649,261.649,0.03,45.25,0.02,197.74,0.04,44.62,0.05,35.09,0.96,34.62,0.95,35.09,0.97,34.38,0.98,197.74,0.01,0.01,2349.99219,1776276632000
1776277162.001,262.001,0.03,22.01,0.02,197.74,0.04,38.0,0.05,35.0,0.96,44.62,0.95,40.09,0.97,22.2,0.98,197.74,0.01,0.01,2349.99219,1776276632000
1776277162.834,262.834,0.03,385.71,0.02,228.75,0.05,10.0,0.06,5.0,0.96,38.0,0.95,35.0,0.97,22.01,0.98,197.74,0.02,0.01,2349.99219,1776276632000
1776277163.162,263.162,0.07,30.0,0.06,15.0,0.12,1.72,0.13,46.8,0.91,17.75,0.9,15.39,0.93,71.42,0.94,57.0,0.05,0.02,2349.99219,1776276632000
1776277163.413,263.413,0.09,32.01,0.08,5.21,0.11,9.09,0.12,1.72,0.91,10.0,0.88,6.72,0.92,0.21,0.93,42.01,0.02,0.01,2349.99219,1776276632000
1776277163.707,263.707,0.08,68.8,0.07,40.0,0.09,18.95,0.11,15.0,0.87,0.81,0.86,39.9,0.92,68.8,0.93,40.0,0.01,0.05,2349.99219,1776276632000
1776277163.912,263.912,0.11,94.8,0.1,13.33,0.12,10.0,0.13,10.0,0.88,10.0,0.87,10.0,0.89,46.49,0.9,13.33,0.01,0.01,2349.99219,1776276632000
1776277164.127,264.127,0.12,6.01,0.11,88.91,0.14,10.0,0.15,10.0,0.86,10.0,0.85,10.0,0.88,7.72,0.89,88.91,0.02,0.02,2349.99219,1776276632000
1776277164.408,264.408,0.12,7.59,0.11,83.91,0.14,15.0,0.15,15.0,0.86,10.0,0.85,10.0,0.88,4.3,0.89,83.91,0.02,0.02,2349.99219,1776276632000
1776277165.068,265.068,0.12,28.59,0.11,94.91,0.14,13.19,0.15,15.0,0.86,15.0,0.85,15.0,0.88,18.59,0.89,94.91,0.02,0.02,2349.99219,1776276632000
1776277166.142,266.142,0.12,6.92,0.11,21.0,0.13,20.0,0.14,15.0,0.86,13.19,0.85,15.0,0.88,28.59,0.89,94.91,0.01,0.02,2349.99219,1776276632000
1776277166.522,266.522,0.12,6.92,0.11,21.0,0.15,5.52,0.16,36.8,0.87,20.0,0.86,15.0,0.88,6.92,0.89,21.0,0.03,0.01,2349.99219,1776276632000
1776277166.917,266.917,0.12,5.78,0.11,21.0,0.13,15.0,0.14,15.0,0.85,5.52,0.84,36.8,0.88,6.92,0.89,21.0,0.01,0.03,2349.99219,1776276632000
1776277167.292,267.292,0.11,21.0,0.1,42.33,0.13,15.0,0.14,15.0,0.87,15.0,0.86,15.0,0.88,0.35,0.89,21.0,0.02,0.01,2349.99219,1776276632000
1776277167.722,267.722,0.11,21.0,0.1,42.33,0.13,15.0,0.14,15.0,0.87,15.0,0.86,15.0,0.89,21.0,0.9,42.33,0.02,0.02,2349.99219,1776276632000
1776277167.961,267.961,0.11,10.0,0.1,42.33,0.13,20.0,0.14,15.0,0.87,15.0,0.86,15.0,0.89,21.0,0.9,42.33,0.02,0.02,2349.99219,1776276632000
1776277168.202,268.202,0.11,8.15,0.1,42.33,0.12,20.0,0.13,15.0,0.87,20.0,0.86,15.0,0.89,10.0,0.9,42.33,0.01,0.02,2349.99219,1776276632000
1776277168.419,268.419,0.1,18.33,0.09,68.0,0.12,15.0,0.13,15.0,0.88,20.0,0.87,15.0,0.89,8.15,0.9,42.33,0.02,0.01,2349.99219,1776276632000
1776277169.181,269.181,0.11,70.9,0.09,35.0,0.12,15.0,0.13,46.8,0.88,15.0,0.87,15.0,0.9,18.33,0.91,68.0,0.01,0.02,2349.99219,1776276632000
1776277169.9,269.9,0.1,3.02,0.09,35.0,0.12,71.43,0.13,51.8,0.88,1.66,0.87,46.8,0.89,65.84,0.91,35.0,0.02,0.01,2349.99219,1776276632000
1776277170.343,270.343,0.1,1.9,0.09,35.0,0.12,71.43,0.13,51.8,0.88,71.43,0.87,51.8,0.9,3.02,0.91,35.0,0.02,0.02,2349.99219,1776276632000
1776277170.553,270.553,0.1,1.9,0.09,10.0,0.11,9.11,0.12,66.43,0.88,71.43,0.87,51.8,0.9,1.9,0.91,35.0,0.01,0.02,2349.99219,1776276632000
1776277171.034,271.034,0.09,5.9,0.08,5.21,0.11,40.77,0.12,120.53,0.89,9.11,0.88,66.43,0.9,1.9,0.91,10.0,0.02,0.01,2349.99219,1776276632000
1776277171.701,271.701,0.09,3.7,0.08,5.21,0.1,15.0,0.11,86.56,0.89,40.77,0.88,120.53,0.91,4.8,0.92,5.21,0.01,0.02,2349.99219,1776276632000
1776277172.222,272.222,0.05,74.08,0.04,164.8,0.1,78.0,0.11,96.56,0.9,20.0,0.89,86.56,0.93,11.99,0.94,10.0,0.05,0.03,2349.99219,1776276632000
1776277172.569,272.569,0.06,10.0,0.05,84.08,0.07,22.0,0.08,15.0,0.9,78.0,0.89,96.56,0.95,74.08,0.96,164.8,0.01,0.05,2349.99219,1776276632000
1776277173.197,273.197,0.06,0.42,0.05,10.0,0.07,22.0,0.08,15.0,0.93,22.0,0.92,15.0,0.94,10.0,0.95,84.08,0.01,0.01,2349.99219,1776276632000
1776277174.324,274.324,0.05,9.36,0.04,128.8,0.07,22.0,0.08,15.0,0.93,22.0,0.92,15.0,0.94,0.42,0.95,10.0,0.02,0.01,2349.99219,1776276632000
1776277175.752,275.752,0.06,0.42,0.05,9.36,0.07,46.0,0.08,15.0,0.93,22.0,0.92,15.0,0.95,9.36,0.96,128.8,0.01,0.02,2349.99219,1776276632000
1776277176.412,276.412,0.04,10.0,0.03,65.0,0.07,47.0,0.08,15.0,0.93,46.0,0.92,15.0,0.94,0.42,0.95,9.36,0.03,0.01,2349.99219,1776276632000
1776277176.875,276.875,0.04,10.0,0.03,60.0,0.06,18.0,0.07,25.0,0.93,47.0,0.92,15.0,0.96,10.0,0.97,65.0,0.02,0.03,2349.99219,1776276632000
1776277177.846,277.846,0.04,8.95,0.03,60.0,0.06,46.0,0.07,25.0,0.94,18.0,0.93,25.0,0.96,10.0,0.97,60.0,0.02,0.02,2349.99219,1776276632000
1776277179.356,279.356,0.04,8.95,0.03,10.0,0.05,20.0,0.06,33.0,0.94,46.0,0.93,25.0,0.96,8.95,0.97,60.0,0.01,0.02,2349.99219,1776276632000
1776277179.834,279.834,0.03,10.0,0.02,318.0,0.05,30.0,0.06,28.0,0.95,25.0,0.94,28.0,0.96,6.86,0.97,10.0,0.02,0.01,2349.99219,1776276632000
1776277180.038,280.038,0.03,39.33,0.02,318.0,0.05,35.0,0.06,28.0,0.95,30.0,0.94,28.0,0.96,5.0,0.97,43.66,0.02,0.01,2349.99219,1776276632000
1776277181.801,281.801,0.02,76.42,0.01,2041.34,0.04,98.38,0.05,15.0,0.95,35.0,0.94,28.0,0.97,39.33,0.98,318.0,0.02,0.02,2349.99219,1776276632000
1776277182.122,282.122,0.02,8.33,0.01,1993.35,0.03,33.0,0.04,85.38,0.97,18.0,0.96,87.38,0.98,68.33,0.99,1993.35,0.01,0.01,2349.99219,1776276632000
1776277182.454,282.454,0.02,10.0,0.01,2093.35,0.05,27.0,0.06,10.0,0.97,50.0,0.96,95.38,0.99,2093.35,,,0.03,0.02,2349.99219,1776276632000
1776277182.674,282.674,0.03,4.44,0.02,60.5,0.04,7.0,0.05,49.0,0.95,27.0,0.94,10.0,0.98,10.0,0.99,2093.35,0.01,0.03,2349.99219,1776276632000
1776277182.881,282.881,0.01,2027.92,,,0.05,42.0,0.06,10.0,0.96,12.0,0.95,42.0,0.99,2057.28,,,0.04,0.03,2349.99219,1776276632000
1776277183.09,283.09,0.02,10.0,0.01,1998.92,0.03,13.91,0.04,15.0,0.96,23.0,0.95,10.0,0.98,10.0,0.99,1998.92,0.01,0.02,2349.99219,1776276632000
1776277183.293,283.293,0.02,8.97,0.01,1998.92,0.03,14.0,0.04,15.0,0.97,13.91,0.96,15.0,0.98,10.0,0.99,1998.92,0.01,0.01,2349.99219,1776276632000
1776277183.648,283.648,0.01,1850.7,,,0.03,24.0,0.04,15.0,0.97,19.0,0.96,15.0,0.99,1986.7,,,0.02,0.02,2349.99219,1776276632000
1776277183.949,283.949,0.01,1948.15,,,0.03,17.75,0.04,15.0,0.97,17.75,0.96,15.0,0.99,1848.67,,,0.02,0.02,2349.99219,1776276632000
1776277184.456,284.456,0.01,1939.05,,,0.03,37.75,0.04,15.0,0.97,17.75,0.96,15.0,0.99,1948.15,,,0.02,0.02,2349.99219,1776276632000
1776277184.897,284.897,0.01,1695.74,,,0.03,35.26,0.04,15.0,0.97,35.26,0.96,15.0,0.99,1726.1,,,0.02,0.02,2349.99219,1776276632000
1776277185.141,285.141,0.01,1640.83,,,0.03,35.26,0.04,15.0,0.97,35.26,0.96,15.0,0.99,1645.74,,,0.02,0.02,2349.99219,1776276632000
1776277185.438,285.438,0.01,1614.23,,,0.03,35.26,0.04,15.0,0.97,35.26,0.96,15.0,0.99,1626.73,,,0.02,0.02,2349.99219,1776276632000
1776277185.682,285.682,0.01,1590.13,,,0.03,35.23,0.04,15.0,0.97,35.23,0.96,15.0,0.99,1594.23,,,0.02,0.02,2349.99219,1776276632000
1776277185.984,285.984,0.01,1566.03,,,0.03,35.23,0.04,15.0,0.97,35.23,0.96,15.0,0.99,1570.13,,,0.02,0.02,2349.99219,1776276632000
1776277186.383,286.383,0.01,1546.93,,,0.03,35.23,0.04,15.0,0.97,35.23,0.96,15.0,0.99,1551.03,,,0.02,0.02,2349.99219,1776276632000
1776277186.704,286.704,0.01,1544.9,,,0.03,49.23,0.04,15.0,0.97,35.23,0.96,15.0,0.99,1546.93,,,0.02,0.02,2349.99219,1776276632000
1776277187.086,287.086,0.01,1432.78,,,0.03,37.0,0.04,20.0,0.97,42.23,0.96,15.0,0.99,1434.78,,,0.02,0.02,2349.99219,1776276632000
1776277187.492,287.492,0.01,1349.43,,,0.03,42.0,0.04,20.0,0.97,37.0,0.96,20.0,0.99,1430.23,,,0.02,0.02,2349.99219,1776276632000
1776277187.788,287.788,0.01,1333.3,,,0.03,49.0,0.04,20.0,0.97,42.0,0.96,20.0,0.99,1342.4,,,0.02,0.02,2349.99219,1776276632000
1776277188.014,288.014,0.01,1326.26,,,0.03,37.0,0.04,20.0,0.97,37.0,0.96,20.0,0.99,1332.28,,,0.02,0.02,2349.99219,1776276632000
1776277188.602,288.602,0.01,1122.14,,,0.03,37.0,0.04,20.0,0.97,37.0,0.96,20.0,0.99,1179.74,,,0.02,0.02,2349.99219,1776276632000
1776277190.863,290.863,,,,,0.01,3011.17,0.03,42.15,0.99,931.91,0.97,37.0,,,,,,,2349.99219,1776276632000
1776277192.267,292.267,,,,,0.01,3227.52,0.03,15.15,0.99,3011.17,0.97,42.15,,,,,,,2349.99219,1776276632000
1776277194.094,294.094,,,,,0.01,532.36,0.03,15.15,0.99,3227.52,0.97,15.15,,,,,,,2349.99219,1776276632000
1776277196.228,296.228,,,,,0.01,2498.68,0.03,15.15,0.99,532.35,0.97,15.15,,,,,,,2349.99219,1776276632000
1776277196.499,296.499,,,,,0.01,2575.56,0.03,15.15,0.99,2498.68,0.97,15.15,,,,,,,2349.99219,1776276632000

# RESULT,winner=Up,slug=eth-updown-5m-1776276900,ticks=358
