timestamp,elapsed_sec,up_bid_p1,up_bid_s1,up_bid_p2,up_bid_s2,up_ask_p1,up_ask_s1,up_ask_p2,up_ask_s2,down_bid_p1,down_bid_s1,down_bid_p2,down_bid_s2,down_ask_p1,down_ask_s1,down_ask_p2,down_ask_s2,up_spread,down_spread,eth_price,eth_oracle_ts
1776349200.569,0.569,0.52,329.79,0.51,36.96,0.53,4.39,0.54,23.55,0.47,4.39,0.46,23.55,0.48,329.79,0.49,36.96,0.01,0.01,2293.749363,1776349199000
1776349200.88,0.88,0.52,324.79,0.51,36.96,0.56,5.0,0.59,18.37,0.47,4.39,0.46,23.55,0.48,329.79,0.49,36.96,0.04,0.01,2293.749363,1776349199000
1776349201.24,1.24,0.52,138.49,0.51,48.96,0.55,66.08,0.56,88.0,0.44,5.0,0.41,18.37,0.48,324.79,0.49,36.96,0.03,0.04,2293.840375,1776349200000
1776349201.947,1.947,0.53,33.0,0.52,133.66,0.55,57.75,0.56,180.0,0.45,96.08,0.44,88.0,0.48,117.66,0.49,153.96,0.02,0.03,2293.840375,1776349200000
1776349202.346,2.346,0.52,95.82,0.51,141.96,0.54,5.0,0.55,124.53,0.45,54.53,0.44,180.0,0.47,38.0,0.48,133.66,0.02,0.02,2293.840375,1776349200000
1776349202.641,2.641,0.54,21.51,0.51,8.97,0.55,202.38,0.56,75.0,0.45,124.53,0.44,75.0,0.46,32.38,0.49,8.97,0.01,0.01,2293.840375,1776349200000
1776349203.274,3.274,0.54,1.29,0.51,18.98,0.55,207.38,0.56,80.0,0.45,207.38,0.44,80.0,0.46,6.4,0.49,8.97,0.01,0.01,2294.0652,1776349202000
1776349203.516,3.516,0.54,1.29,0.51,18.98,0.55,197.67,0.56,80.0,0.45,195.38,0.44,80.0,0.46,1.29,0.49,18.98,0.01,0.01,2294.0652,1776349202000
1776349203.888,3.888,0.51,18.98,0.5,107.48,0.52,4.71,0.53,11.58,0.47,6.58,0.45,184.67,0.49,18.98,0.5,107.48,0.01,0.02,2294.0652,1776349202000
1776349204.251,4.251,0.52,13.7,0.51,18.98,0.53,55.07,0.54,28.0,0.48,4.71,0.47,11.58,0.49,18.98,0.5,107.48,0.01,0.01,2293.626215,1776349203000
1776349204.665,4.665,0.51,18.98,0.5,107.48,0.53,16.54,0.54,86.64,0.47,21.54,0.46,15.0,0.48,13.7,0.49,18.98,0.02,0.01,2293.626215,1776349203000
1776349204.922,4.922,0.51,12.6,0.5,107.48,0.52,5.2,0.53,16.54,0.48,14.44,0.47,16.54,0.49,12.6,0.5,107.48,0.01,0.01,2293.626215,1776349203000
1776349205.202,5.202,0.51,12.6,0.5,107.48,0.52,24.3,0.53,28.54,0.48,8.08,0.47,16.54,0.49,12.6,0.5,107.48,0.01,0.01,2293.356684,1776349204000
1776349205.796,5.796,0.51,7.6,0.5,107.48,0.52,39.07,0.53,41.54,0.48,18.07,0.47,29.54,0.49,17.6,0.5,107.48,0.01,0.01,2293.356684,1776349204000
1776349206.274,6.274,0.5,110.08,0.49,5.0,0.51,155.0,0.52,15.0,0.48,39.07,0.47,53.54,0.5,105.08,0.51,5.0,0.01,0.02,2293.222072,1776349205000
1776349206.487,6.487,0.35,56.59,0.33,170.0,0.37,10.0,0.38,10.0,0.49,169.04,0.48,27.0,0.64,1.23,0.65,70.0,0.02,0.15,2293.222072,1776349205000
1776349206.805,6.805,0.35,50.59,0.33,170.0,0.36,15.0,0.37,31.0,0.63,15.0,0.62,10.0,0.64,4.9,0.65,56.59,0.01,0.01,2293.222072,1776349205000
1776349207.023,7.023,0.35,45.59,0.33,180.0,0.36,22.81,0.37,15.0,0.64,22.81,0.63,15.0,0.65,50.59,0.67,180.0,0.01,0.01,2293.222072,1776349205000
1776349207.468,7.468,0.35,31.59,0.33,180.0,0.36,3.37,0.37,25.0,0.64,3.09,0.63,15.0,0.65,21.59,0.66,10.0,0.01,0.01,2293.222589,1776349206000
1776349207.753,7.753,0.35,6.59,0.34,10.0,0.37,15.0,0.38,20.0,0.64,3.37,0.63,25.0,0.65,6.59,0.67,180.0,0.02,0.01,2293.222589,1776349206000
1776349207.985,7.985,0.35,1.59,0.34,10.0,0.37,25.0,0.38,20.0,0.63,30.0,0.62,20.0,0.65,6.59,0.66,10.0,0.02,0.02,2293.222589,1776349206000
1776349208.424,8.424,0.36,8.14,0.35,1.59,0.37,25.0,0.38,20.0,0.63,25.0,0.62,20.0,0.65,1.59,0.66,10.0,0.01,0.02,2292.037851,1776349207000
1776349208.687,8.687,0.36,10.0,0.35,1.59,0.37,5.0,0.38,10.0,0.63,25.0,0.62,20.0,0.64,8.14,0.65,1.59,0.01,0.01,2292.037851,1776349207000
1776349209.024,9.024,0.36,10.0,0.35,6.59,0.37,5.0,0.38,15.0,0.63,5.0,0.62,20.0,0.64,13.43,0.65,1.59,0.01,0.01,2292.037851,1776349207000
1776349209.317,9.317,0.38,13.38,0.37,228.7,0.39,5.0,0.4,120.0,0.63,5.0,0.62,15.0,0.64,10.0,0.65,6.59,0.01,0.01,2292.037851,1776349207000
1776349209.519,9.519,0.39,5.0,0.38,37.38,0.4,66.05,0.41,20.0,0.6,66.05,0.59,10.0,0.61,10.0,0.62,37.38,0.01,0.01,2290.854611,1776349208000
1776349209.82,9.82,0.39,204.46,0.38,13.05,0.42,6.66,0.43,80.0,0.6,66.05,0.59,20.0,0.62,42.05,0.63,233.7,0.03,0.02,2290.83032,1776349209000
1776349210.149,10.149,0.4,5.0,0.39,140.0,0.43,8.8,0.44,10.0,0.59,10.0,0.58,6.66,0.6,7.68,0.61,232.46,0.03,0.01,2290.83032,1776349209000
1776349210.473,10.473,0.4,10.0,0.39,140.0,0.42,5.35,0.43,18.8,0.59,10.0,0.57,8.8,0.61,135.0,0.62,18.05,0.02,0.02,2290.83032,1776349209000
1776349210.736,10.736,0.41,37.0,0.4,122.0,0.42,3.46,0.43,18.8,0.58,5.35,0.57,18.8,0.59,41.83,0.6,15.0,0.01,0.01,2290.83032,1776349209000
1776349210.966,10.966,0.41,4.46,0.4,117.0,0.42,74.96,0.43,170.8,0.58,74.96,0.57,170.8,0.59,11.91,0.6,117.0,0.01,0.01,2291.02597,1776349210000
1776349211.256,11.256,0.4,100.33,0.39,10.0,0.41,20.5,0.42,33.96,0.58,34.37,0.57,160.8,0.6,117.0,0.61,10.0,0.01,0.02,2291.02597,1776349210000
1776349211.482,11.482,0.4,94.19,0.39,10.0,0.41,20.5,0.42,33.96,0.59,20.5,0.58,33.96,0.6,100.33,0.61,10.0,0.01,0.01,2291.02597,1776349210000
1776349211.72,11.72,0.4,10.16,0.39,10.0,0.42,132.59,0.43,18.8,0.59,20.5,0.58,33.96,0.6,84.19,0.61,10.0,0.02,0.01,2291.02597,1776349210000
1776349211.94,11.94,0.39,7.84,0.38,20.5,0.41,15.0,0.42,15.59,0.59,15.0,0.58,15.59,0.6,2.84,0.61,10.0,0.02,0.01,2291.385712,1776349211000
1776349212.181,12.181,0.4,10.0,0.39,7.84,0.41,10.0,0.42,15.59,0.59,15.0,0.58,15.59,0.61,7.84,0.62,20.5,0.01,0.02,2291.385712,1776349211000
1776349212.684,12.684,0.4,15.0,0.39,7.84,0.42,5.23,0.43,135.8,0.59,10.0,0.58,15.59,0.6,10.0,0.61,7.84,0.02,0.01,2291.385712,1776349211000
1776349213.073,13.073,0.41,183.55,0.4,20.5,0.44,20.5,0.45,155.0,0.58,1.77,0.57,125.8,0.59,2.55,0.6,15.0,0.03,0.01,2291.385712,1776349211000
1776349213.521,13.521,0.42,5.0,0.41,159.55,0.44,20.5,0.45,272.0,0.57,15.0,0.56,20.5,0.58,10.0,0.59,159.55,0.02,0.01,2291.281976,1776349212000
1776349213.821,13.821,0.42,157.0,0.41,42.55,0.44,32.5,0.45,295.5,0.56,27.5,0.55,165.5,0.57,7.29,0.58,182.0,0.02,0.01,2291.281976,1776349212000
1776349214.341,14.341,0.4,5.0,0.39,18.34,0.41,10.0,0.42,167.0,0.56,27.27,0.55,295.5,0.58,157.0,0.59,42.55,0.01,0.02,2291.286861,1776349213000
1776349214.678,14.678,0.39,16.06,0.38,30.72,0.41,10.0,0.42,173.0,0.59,10.0,0.58,167.0,0.6,5.0,0.61,18.34,0.02,0.01,2291.286861,1776349213000
1776349215.099,15.099,0.39,25.5,0.38,132.78,0.4,13.0,0.41,20.0,0.59,10.0,0.58,173.0,0.62,10.78,0.63,324.2,0.01,0.03,2291.286861,1776349213000
1776349215.514,15.514,0.39,140.86,0.38,5.56,0.4,42.0,0.41,30.0,0.6,13.0,0.59,20.0,0.61,25.5,0.62,132.78,0.01,0.01,2291.286861,1776349213000
1776349216.058,16.058,0.4,152.5,0.39,16.66,0.42,15.5,0.43,20.5,0.59,10.97,0.58,30.5,0.61,128.66,0.62,5.56,0.02,0.02,2291.481952,1776349214000
1776349216.273,16.273,0.41,15.0,0.4,147.5,0.42,23.35,0.43,20.5,0.58,15.5,0.57,20.5,0.6,152.5,0.61,16.66,0.01,0.02,2291.481952,1776349214000
1776349216.496,16.496,0.41,7.55,0.4,147.5,0.42,29.18,0.43,154.5,0.58,30.5,0.57,30.5,0.59,7.55,0.6,147.5,0.01,0.01,2291.481952,1776349214000
1776349217.088,17.088,0.4,152.05,0.39,11.66,0.42,15.0,0.43,137.5,0.58,29.18,0.57,154.5,0.59,7.55,0.6,147.5,0.02,0.01,2291.354738,1776349215000
1776349217.554,17.554,0.39,9.69,0.38,122.56,0.41,187.2,0.42,20.0,0.58,2.55,0.57,137.5,0.6,142.05,0.61,11.66,0.02,0.02,2291.325924,1776349216000
1776349217.93,17.93,0.38,11.06,0.37,336.2,0.39,34.2,0.4,15.0,0.59,187.2,0.58,30.5,0.61,4.69,0.62,122.56,0.01,0.02,2291.325924,1776349216000
1776349218.378,18.378,0.37,196.57,0.36,70.0,0.38,276.69,0.39,30.0,0.61,34.2,0.6,15.0,0.62,11.06,0.63,336.2,0.01,0.01,2291.325924,1776349216000
1776349218.601,18.601,0.37,96.57,0.36,70.0,0.38,262.49,0.39,30.0,0.62,276.69,0.61,30.0,0.63,196.57,0.64,70.0,0.01,0.01,2291.325924,1776349216000
1776349218.99,18.99,0.37,89.57,0.36,70.0,0.38,252.49,0.39,45.5,0.62,262.49,0.61,30.0,0.63,96.57,0.64,70.0,0.01,0.01,2291.3413,1776349217000
1776349219.82,19.82,0.38,95.33,0.37,445.67,0.39,5.0,0.42,5.0,0.62,9.67,0.61,25.0,0.63,247.07,0.64,90.5,0.01,0.01,2291.44362,1776349218000
1776349220.089,20.089,0.41,11.52,0.4,20.0,0.42,25.0,0.43,10.0,0.58,5.0,0.57,10.0,0.62,95.33,0.63,445.67,0.01,0.04,2291.44362,1776349218000
1776349220.588,20.588,0.41,77.32,0.4,30.5,0.42,25.0,0.43,147.5,0.58,25.0,0.57,10.0,0.59,11.52,0.6,20.0,0.01,0.01,2291.018129,1776349219000
1776349221.438,21.438,0.41,81.39,0.38,147.5,0.42,192.5,0.43,41.5,0.58,15.0,0.57,147.5,0.59,78.32,0.6,30.5,0.01,0.01,2291.018129,1776349219000
1776349221.733,21.733,0.41,76.39,0.38,147.5,0.42,192.5,0.43,41.5,0.58,192.5,0.57,41.5,0.59,81.39,0.62,147.5,0.01,0.01,2290.92068,1776349220000
1776349222.198,22.198,0.41,36.62,0.38,10.0,0.42,226.7,0.43,41.5,0.58,192.5,0.57,41.5,0.59,76.39,0.62,147.5,0.01,0.01,2290.92068,1776349220000
1776349222.781,22.781,0.37,5.49,0.35,35.2,0.38,296.37,0.39,40.5,0.61,10.0,0.6,10.0,0.63,25.99,0.64,212.5,0.01,0.02,2291.33954,1776349221000
1776349223.373,23.373,0.34,102.42,0.33,10.5,0.35,20.0,0.36,142.0,0.64,10.0,0.63,110.0,0.68,225.0,0.69,140.0,0.01,0.04,2291.237347,1776349222000
1776349224.085,24.085,0.32,220.5,0.31,24.0,0.33,14.39,0.34,15.0,0.65,188.0,0.64,25.0,0.67,10.5,0.68,210.0,0.01,0.02,2291.237347,1776349222000
1776349224.627,24.627,0.32,133.05,0.31,10.0,0.33,177.0,0.34,35.3,0.67,10.0,0.66,132.0,0.68,214.23,0.69,24.0,0.01,0.01,2290.932617,1776349223000
1776349224.953,24.953,0.32,69.8,0.31,15.0,0.33,23.0,0.34,147.3,0.67,177.0,0.66,35.3,0.68,133.05,0.69,10.0,0.01,0.01,2290.932617,1776349223000
1776349225.562,25.562,0.32,373.59,0.31,131.0,0.33,2.84,0.34,5.3,0.67,23.0,0.66,147.3,0.68,69.8,0.69,15.0,0.01,0.01,2290.475709,1776349224000
1776349226.238,26.238,0.32,490.58,0.31,206.0,0.34,5.3,0.38,5.0,0.67,2.84,0.66,5.3,0.68,373.59,0.69,131.0,0.02,0.01,2290.475709,1776349224000
1776349226.629,26.629,0.39,11.65,0.38,51.5,0.4,21.0,0.41,132.0,0.61,15.0,0.6,85.0,0.67,120.5,0.68,490.58,0.01,0.06,2290.475709,1776349224000
1776349226.866,26.866,0.39,74.75,0.38,51.5,0.4,1.0,0.41,15.0,0.6,11.0,0.59,132.0,0.61,11.65,0.62,51.5,0.01,0.01,2290.12045,1776349225000
1776349228.959,28.959,0.33,70.0,0.32,163.3,0.34,10.0,0.35,155.2,0.6,1.0,0.59,15.0,0.61,12.75,0.62,36.5,0.01,0.01,2291.085378,1776349227000
1776349230.484,30.484,0.36,105.42,0.35,250.5,0.37,35.0,0.38,15.0,0.66,10.0,0.65,155.2,0.67,55.82,0.68,163.3,0.01,0.01,2291.24268,1776349229000
1776349230.884,30.884,0.36,44.68,0.35,138.5,0.37,20.0,0.38,132.0,0.63,30.0,0.62,15.0,0.64,107.92,0.65,138.5,0.01,0.01,2291.24268,1776349229000
1776349231.104,31.104,0.36,40.5,0.35,138.5,0.37,2.56,0.38,132.0,0.63,20.0,0.62,132.0,0.64,44.75,0.65,138.5,0.01,0.01,2291.24268,1776349229000
1776349231.756,31.756,0.37,81.22,0.36,20.5,0.38,5.0,0.39,146.0,0.63,2.56,0.62,132.0,0.64,40.5,0.65,138.5,0.01,0.01,2290.492595,1776349230000
1776349232.85,32.85,0.37,37.13,0.36,120.5,0.38,25.0,0.39,137.0,0.62,5.0,0.61,146.0,0.63,84.63,0.64,20.5,0.01,0.01,2290.6311,1776349231000
1776349233.609,33.609,0.37,97.63,0.36,247.5,0.39,9.87,0.4,153.33,0.62,25.0,0.61,137.0,0.63,37.13,0.64,120.5,0.02,0.01,2290.762333,1776349232000
1776349233.994,33.994,0.38,223.48,0.37,157.63,0.39,4.87,0.4,15.83,0.61,9.87,0.6,153.33,0.63,97.63,0.64,247.5,0.01,0.02,2290.762333,1776349232000
1776349234.32,34.32,0.38,212.88,0.37,178.67,0.39,4.87,0.4,15.83,0.61,4.87,0.6,15.83,0.62,223.48,0.63,157.63,0.01,0.01,2290.762333,1776349232000
1776349234.559,34.559,0.38,173.88,0.37,148.67,0.39,53.88,0.4,15.83,0.61,4.87,0.6,15.83,0.62,212.88,0.63,178.67,0.01,0.01,2290.762333,1776349232000
1776349234.862,34.862,0.38,56.88,0.37,269.62,0.39,57.05,0.4,25.83,0.61,53.88,0.6,15.83,0.62,173.88,0.63,148.67,0.01,0.01,2290.894223,1776349233000
1776349235.591,35.591,0.38,48.21,0.37,267.49,0.39,56.05,0.4,142.83,0.61,57.05,0.6,25.83,0.62,56.88,0.63,269.62,0.01,0.01,2290.986611,1776349234000
1776349236.063,36.063,0.38,60.79,0.37,267.49,0.39,46.05,0.4,142.83,0.61,51.05,0.6,142.83,0.62,35.79,0.63,267.49,0.01,0.01,2291.040828,1776349235000
1776349237.455,37.455,0.38,149.37,0.37,150.49,0.39,45.05,0.4,15.83,0.61,46.05,0.6,142.83,0.62,58.37,0.63,267.49,0.01,0.01,2291.233121,1776349236000
1776349238.938,38.938,0.38,28.37,0.37,267.49,0.39,36.05,0.4,10.83,0.61,45.05,0.6,15.83,0.62,149.37,0.63,150.49,0.01,0.01,2291.282137,1776349238000
1776349241.06,41.06,0.38,42.86,0.37,134.45,0.39,188.05,0.4,25.83,0.61,36.05,0.6,10.83,0.62,28.37,0.63,267.49,0.01,0.01,2291.405217,1776349240000
1776349241.67,41.67,0.38,38.87,0.37,150.49,0.39,99.66,0.4,25.83,0.61,188.05,0.6,25.83,0.62,42.86,0.63,134.45,0.01,0.01,2291.405217,1776349240000
1776349242.566,42.566,0.37,50.49,0.36,256.5,0.39,134.66,0.4,36.33,0.61,99.66,0.6,25.83,0.62,38.87,0.63,150.49,0.02,0.01,2291.566115,1776349241000
1776349243.725,43.725,0.34,54.96,0.33,177.15,0.36,205.0,0.37,30.5,0.61,134.66,0.6,36.33,0.63,50.49,0.64,256.5,0.02,0.02,2291.444731,1776349242000
1776349244.022,44.022,0.35,45.5,0.34,282.46,0.36,5.0,0.37,147.5,0.64,200.0,0.63,30.5,0.66,44.96,0.67,193.19,0.01,0.02,2291.444731,1776349242000
1776349244.539,44.539,0.35,50.0,0.34,292.46,0.36,5.0,0.37,137.0,0.64,5.0,0.63,147.5,0.65,45.5,0.66,282.46,0.01,0.01,2291.38515,1776349243000
1776349245.195,45.195,0.37,2.06,0.36,182.5,0.38,10.0,0.39,25.5,0.64,5.0,0.63,137.0,0.65,50.0,0.66,292.46,0.01,0.01,2291.38515,1776349243000
1776349245.484,45.484,0.36,190.56,0.35,139.5,0.37,4.59,0.38,10.0,0.62,20.0,0.61,142.5,0.64,174.56,0.65,139.5,0.01,0.02,2291.068325,1776349244000
1776349245.972,45.972,0.37,34.0,0.36,198.51,0.38,9.59,0.39,142.5,0.62,9.59,0.61,142.5,0.63,13.68,0.64,210.56,0.01,0.01,2291.068325,1776349244000
1776349247.005,47.005,0.37,25.0,0.36,283.82,0.39,137.5,0.4,36.33,0.62,9.59,0.61,142.5,0.63,34.0,0.64,198.51,0.02,0.01,2290.899215,1776349245000
1776349247.66,47.66,0.39,35.0,0.38,20.0,0.4,143.33,0.41,91.5,0.61,137.5,0.6,36.33,0.63,25.0,0.64,283.82,0.01,0.02,2290.899215,1776349245000
1776349247.908,47.908,0.39,1.0,0.38,5.0,0.4,153.33,0.41,91.5,0.6,143.33,0.59,91.5,0.61,35.0,0.62,20.0,0.01,0.01,2291.08408,1776349246000
1776349249.418,49.418,0.36,23.99,0.35,10.5,0.37,14.2,0.38,205.5,0.6,153.33,0.59,91.5,0.61,1.0,0.62,5.0,0.01,0.01,2291.177327,1776349247000
1776349249.686,49.686,0.35,20.5,0.34,182.46,0.36,41.0,0.37,220.71,0.63,14.2,0.62,205.5,0.64,23.99,0.65,10.5,0.01,0.01,2291.283625,1776349248000
1776349250.993,50.993,0.35,242.59,0.34,180.46,0.38,10.0,0.39,74.01,0.64,41.0,0.63,220.71,0.65,20.5,0.66,182.46,0.03,0.01,2291.323035,1776349249000
1776349251.649,51.649,0.36,5.0,0.35,93.59,0.38,21.0,0.39,79.51,0.61,89.51,0.6,138.33,0.63,16.58,0.64,20.5,0.02,0.02,2291.271907,1776349250000
1776349252.88,52.88,0.35,85.0,0.34,75.46,0.36,5.0,0.37,133.0,0.62,21.0,0.61,79.51,0.64,5.0,0.65,93.59,0.01,0.02,2291.18955,1776349251000
1776349253.134,53.134,0.35,13.0,0.34,10.0,0.36,92.0,0.37,10.0,0.64,5.0,0.63,133.0,0.65,85.0,0.66,75.46,0.01,0.01,2291.18955,1776349251000
1776349253.375,53.375,0.33,0.47,0.32,21.8,0.35,15.0,0.36,55.0,0.65,15.0,0.64,55.0,0.66,4.64,0.67,5.83,0.02,0.01,2291.18955,1776349251000
1776349253.71,53.71,0.3,103.42,0.29,70.0,0.31,16.0,0.32,11.0,0.69,5.0,0.68,11.0,0.7,105.0,0.71,70.0,0.01,0.01,2291.18955,1776349251000
1776349254.121,54.121,0.3,28.57,0.29,70.0,0.31,31.0,0.32,132.71,0.68,10.71,0.67,21.0,0.7,98.42,0.71,75.0,0.01,0.02,2291.308837,1776349252000
1776349254.415,54.415,0.28,41.25,0.27,190.0,0.3,29.2,0.31,127.0,0.69,36.0,0.68,132.71,0.71,75.0,0.72,91.04,0.02,0.02,2291.308837,1776349252000
1776349254.676,54.676,0.28,87.72,0.27,180.0,0.3,10.0,0.31,10.0,0.7,29.2,0.69,127.0,0.72,41.25,0.73,190.0,0.02,0.02,2291.135948,1776349253000
1776349255.913,55.913,0.3,26.99,0.29,59.5,0.31,146.0,0.32,232.71,0.7,10.0,0.69,10.0,0.73,95.38,0.74,117.0,0.01,0.03,2290.20186,1776349254000
1776349256.145,56.145,0.29,39.5,0.28,137.5,0.3,11.39,0.31,135.0,0.69,146.0,0.68,232.71,0.7,26.99,0.71,59.5,0.01,0.01,2290.20186,1776349254000
1776349256.439,56.439,0.29,211.5,0.28,43.5,0.32,5.71,0.33,6.0,0.7,11.39,0.69,135.0,0.71,39.5,0.72,137.5,0.03,0.01,2290.003469,1776349255000
1776349256.912,56.912,0.35,4.22,0.34,15.0,0.36,115.5,0.37,126.5,0.68,5.71,0.67,6.0,0.69,16.75,0.7,197.0,0.01,0.01,2290.003469,1776349255000
1776349257.461,57.461,0.36,10.0,0.35,40.0,0.37,96.0,0.38,110.0,0.64,115.5,0.63,126.5,0.65,4.22,0.66,15.0,0.01,0.01,2289.917834,1776349256000
1776349258.462,58.462,0.36,5.0,0.35,10.0,0.4,423.83,0.41,165.0,0.63,95.0,0.62,110.0,0.65,176.69,0.66,33.5,0.04,0.02,2289.917834,1776349256000
1776349258.812,58.812,0.33,28.37,0.32,25.0,0.35,10.0,0.36,10.0,0.65,10.0,0.64,10.0,0.67,18.37,0.68,25.0,0.02,0.02,2290.454614,1776349257000
1776349259.225,59.225,0.34,18.5,0.33,18.37,0.37,132.0,0.38,116.0,0.65,10.0,0.64,10.0,0.67,28.37,0.68,25.0,0.03,0.02,2290.454614,1776349257000
1776349259.517,59.517,0.36,26.18,0.35,14.73,0.37,132.0,0.38,21.0,0.64,10.0,0.63,132.0,0.65,4.73,0.66,18.5,0.01,0.01,2290.979233,1776349258000
1776349260.041,60.041,0.39,15.0,0.38,44.0,0.41,6.0,0.42,127.06,0.63,132.0,0.62,21.0,0.64,26.18,0.65,14.73,0.02,0.01,2290.979233,1776349258000
1776349260.363,60.363,0.4,33.5,0.39,50.95,0.41,6.0,0.42,133.06,0.59,6.0,0.58,127.06,0.6,29.0,0.61,30.95,0.01,0.01,2291.434281,1776349259000
1776349260.766,60.766,0.4,25.0,0.39,54.94,0.42,239.56,0.43,180.0,0.59,6.0,0.58,133.06,0.61,30.62,0.62,57.5,0.02,0.02,2291.434281,1776349259000
1776349261.149,61.149,0.4,15.95,0.39,34.94,0.41,4.87,0.42,233.56,0.58,239.56,0.57,180.0,0.6,3.33,0.61,39.94,0.01,0.02,2291.434281,1776349259000
1776349261.376,61.376,0.4,10.45,0.39,29.94,0.42,249.93,0.43,125.5,0.58,234.43,0.57,125.5,0.59,14.0,0.6,15.95,0.02,0.01,2291.434281,1776349259000
1776349262.725,62.725,0.41,50.95,0.4,62.95,0.42,23.49,0.43,5.0,0.58,249.93,0.57,125.5,0.6,10.45,0.61,29.94,0.01,0.02,2291.884381,1776349261000
1776349262.949,62.949,0.41,448.45,0.4,64.95,0.45,5.0,0.47,15.44,0.58,4.03,0.55,5.0,0.59,389.45,0.6,64.95,0.04,0.01,2291.884381,1776349261000
1776349263.175,63.175,0.44,15.0,0.43,15.0,0.48,37.56,0.5,160.0,0.55,5.0,0.53,15.44,0.59,448.45,0.6,64.95,0.04,0.04,2291.884381,1776349261000
1776349263.383,63.383,0.47,36.82,0.46,65.0,0.48,17.56,0.5,60.0,0.52,17.56,0.5,60.0,0.53,49.31,0.54,15.0,0.01,0.01,2291.884381,1776349261000
1776349263.615,63.615,0.49,10.0,0.48,17.0,0.5,8.98,0.52,125.0,0.5,28.98,0.49,10.0,0.51,11.11,0.52,10.0,0.01,0.01,2291.884381,1776349261000
1776349263.892,63.892,0.5,10.0,0.49,15.0,0.52,126.76,0.53,37.72,0.48,131.76,0.47,27.08,0.5,10.0,0.51,10.0,0.02,0.02,2292.072725,1776349262000
1776349264.119,64.119,0.5,6.06,0.49,14.74,0.53,48.36,0.54,31.74,0.49,7.0,0.48,114.76,0.5,6.06,0.51,14.74,0.03,0.01,2292.072725,1776349262000
1776349264.337,64.337,0.49,4.74,0.48,15.0,0.51,28.02,0.52,20.5,0.5,7.2,0.49,15.5,0.51,4.74,0.52,21.0,0.02,0.01,2292.072725,1776349262000
1776349264.605,64.605,0.5,9.1,0.49,14.74,0.52,120.8,0.53,37.72,0.48,121.22,0.47,27.08,0.51,4.74,0.52,15.0,0.02,0.03,2292.072725,1776349262000
1776349264.957,64.957,0.5,25.1,0.49,14.74,0.52,118.15,0.53,27.72,0.49,11.73,0.48,126.22,0.5,9.1,0.51,14.74,0.02,0.01,2292.239525,1776349263000
1776349265.483,65.483,0.49,4.74,0.48,15.0,0.51,100.28,0.52,86.68,0.48,138.15,0.47,27.72,0.49,6.33,0.5,40.1,0.02,0.01,2293.302691,1776349264000
1776349265.703,65.703,0.48,11.95,0.47,125.5,0.5,178.12,0.51,135.49,0.5,41.0,0.49,217.35,0.52,11.95,0.53,25.5,0.02,0.02,2293.302691,1776349264000
1776349265.947,65.947,0.47,20.5,0.46,123.0,0.49,15.0,0.5,192.48,0.5,171.98,0.49,120.07,0.52,2.21,0.53,25.5,0.02,0.02,2293.302691,1776349264000
1776349266.454,66.454,0.46,33.5,0.45,133.5,0.48,131.38,0.49,9.81,0.52,15.0,0.51,10.21,0.54,118.0,0.55,125.5,0.02,0.02,2293.777398,1776349265000
1776349266.726,66.726,0.47,33.72,0.46,28.5,0.51,106.64,0.52,26.5,0.52,9.89,0.49,80.57,0.53,10.0,0.54,28.5,0.04,0.01,2293.777398,1776349265000
1776349266.965,66.965,0.47,9.0,0.46,32.5,0.51,123.85,0.52,36.92,0.49,108.64,0.48,36.92,0.5,8.0,0.51,29.2,0.04,0.01,2293.777398,1776349265000
1776349267.342,67.342,0.46,10.5,0.45,110.5,0.49,34.2,0.5,15.0,0.49,113.64,0.48,36.92,0.53,9.0,0.54,32.5,0.03,0.04,2293.787566,1776349266000
1776349267.754,67.754,0.44,170.0,0.43,185.0,0.45,5.0,0.46,16.0,0.51,34.2,0.5,15.0,0.54,10.5,0.55,110.5,0.01,0.03,2293.787566,1776349266000
1776349268.398,68.398,0.44,188.95,0.43,185.0,0.46,16.0,0.47,141.31,0.55,5.0,0.54,16.0,0.56,170.0,0.57,185.0,0.02,0.01,2293.422103,1776349267000
1776349268.892,68.892,0.44,134.45,0.43,322.0,0.45,5.88,0.46,16.0,0.54,16.0,0.53,141.31,0.56,188.95,0.57,185.0,0.01,0.02,2293.422103,1776349267000
1776349269.482,69.482,0.47,46.15,0.46,33.5,0.48,21.5,0.49,143.5,0.55,5.88,0.54,16.0,0.56,134.45,0.57,322.0,0.01,0.01,2293.48677,1776349268000
1776349270.061,70.061,0.47,91.65,0.46,43.5,0.49,10.5,0.5,96.5,0.52,21.5,0.51,143.5,0.53,46.15,0.54,33.5,0.02,0.01,2293.48677,1776349268000
1776349271.28,71.28,0.45,20.5,0.44,100.5,0.47,196.2,0.48,31.5,0.51,5.5,0.5,96.5,0.52,20.0,0.53,60.5,0.02,0.01,2293.114579,1776349269000
1776349272.085,72.085,0.45,35.5,0.44,100.5,0.46,162.0,0.47,73.81,0.53,196.2,0.52,31.5,0.55,20.5,0.56,100.5,0.01,0.02,2293.229172,1776349270000
1776349272.992,72.992,0.52,15.0,0.51,136.0,0.56,67.08,0.57,5.0,0.54,162.0,0.53,73.81,0.55,35.5,0.56,100.5,0.04,0.01,2293.340377,1776349271000
1776349273.193,73.193,0.55,15.0,0.54,15.0,0.56,10.89,0.57,5.0,0.44,20.89,0.43,5.0,0.45,15.0,0.46,10.0,0.01,0.01,2293.220695,1776349272000
1776349273.438,73.438,0.57,4.81,0.56,15.0,0.58,124.0,0.59,85.0,0.42,10.0,0.41,10.0,0.45,15.0,0.46,15.0,0.01,0.03,2293.220695,1776349272000
1776349273.806,73.806,0.57,19.81,0.56,132.0,0.59,80.0,0.6,197.0,0.42,124.0,0.41,85.0,0.43,4.81,0.44,15.0,0.02,0.01,2293.220695,1776349272000
1776349274.167,74.167,0.56,10.0,0.55,10.0,0.59,212.5,0.6,80.0,0.41,80.0,0.4,197.0,0.42,8.7,0.43,19.81,0.03,0.01,2293.220695,1776349272000
1776349274.61,74.61,0.57,13.0,0.56,10.0,0.58,75.05,0.59,90.5,0.42,41.5,0.41,101.5,0.43,2.0,0.44,10.0,0.01,0.01,2293.14435,1776349273000
1776349274.846,74.846,0.56,6.84,0.55,149.5,0.58,43.05,0.59,90.5,0.42,43.05,0.41,90.5,0.43,13.0,0.44,10.0,0.02,0.01,2293.14435,1776349273000
1776349275.1,75.1,0.57,26.87,0.56,6.84,0.59,80.0,0.6,197.0,0.42,15.27,0.41,80.0,0.43,10.0,0.44,6.84,0.02,0.01,2293.14435,1776349273000
1776349275.389,75.389,0.57,10.0,0.56,123.84,0.59,5.0,0.6,197.0,0.41,80.0,0.4,197.0,0.43,26.87,0.44,6.84,0.02,0.02,2294.613947,1776349274000
1776349275.659,75.659,0.58,10.21,0.57,15.0,0.59,90.52,0.6,80.0,0.41,5.0,0.4,197.0,0.43,10.0,0.44,123.84,0.01,0.02,2294.613947,1776349274000
1776349275.859,75.859,0.58,0.99,0.57,15.0,0.6,70.0,0.61,127.0,0.4,70.0,0.39,127.0,0.42,0.99,0.43,15.0,0.02,0.02,2294.727538,1776349275000
1776349276.063,76.063,0.59,56.5,0.58,20.5,0.6,55.0,0.61,10.0,0.4,65.0,0.39,10.0,0.41,15.0,0.42,10.0,0.01,0.01,2294.727538,1776349275000
1776349276.333,76.333,0.59,20.0,0.58,151.5,0.62,8.56,0.63,197.0,0.39,5.0,0.38,8.56,0.41,20.0,0.42,137.5,0.03,0.02,2294.727538,1776349275000
1776349276.546,76.546,0.59,11.65,0.58,151.5,0.62,85.56,0.63,197.0,0.38,8.56,0.37,197.0,0.4,10.0,0.41,15.09,0.03,0.02,2294.727538,1776349275000
1776349276.799,76.799,0.61,5.0,0.6,15.0,0.62,62.56,0.63,207.5,0.38,85.56,0.37,197.0,0.41,11.65,0.42,151.5,0.01,0.03,2294.727538,1776349275000
1776349277.546,77.546,0.62,5.0,0.61,36.0,0.63,59.6,0.64,90.5,0.37,207.5,0.36,85.0,0.39,5.0,0.4,15.0,0.01,0.02,2294.810043,1776349276000
1776349277.756,77.756,0.61,9.87,0.6,15.0,0.62,4.0,0.63,157.1,0.37,142.1,0.36,95.5,0.39,9.87,0.4,5.0,0.01,0.02,2294.810043,1776349276000
1776349278.044,78.044,0.61,5.0,0.6,10.0,0.62,16.51,0.63,126.6,0.38,4.0,0.37,157.1,0.39,9.87,0.4,15.0,0.01,0.01,2295.120119,1776349277000
1776349278.396,78.396,0.61,40.79,0.6,147.5,0.62,10.89,0.64,90.5,0.38,14.89,0.37,126.6,0.39,21.0,0.4,10.0,0.01,0.01,2295.120119,1776349277000
1776349278.799,78.799,0.62,17.1,0.61,22.5,0.63,72.94,0.64,207.5,0.37,72.94,0.36,207.5,0.38,20.0,0.39,22.5,0.01,0.01,2295.120119,1776349277000
1776349279.168,79.168,0.62,14.2,0.61,22.5,0.63,93.46,0.64,207.5,0.37,72.94,0.36,207.5,0.38,17.1,0.39,22.5,0.01,0.01,2295.120119,1776349277000
1776349279.46,79.46,0.62,14.2,0.61,15.0,0.63,80.99,0.64,207.5,0.37,93.46,0.36,207.5,0.38,14.2,0.39,22.5,0.01,0.01,2295.46393,1776349278000
1776349279.727,79.727,0.62,5.0,0.61,8.92,0.63,83.99,0.64,197.0,0.37,85.99,0.36,207.5,0.39,8.92,0.4,142.0,0.01,0.02,2295.46393,1776349278000
1776349279.991,79.991,0.62,17.1,0.61,125.92,0.64,80.0,0.65,142.5,0.37,73.99,0.36,70.0,0.38,32.1,0.39,136.42,0.02,0.01,2295.46393,1776349278000
1776349280.196,80.196,0.63,13.1,0.62,144.6,0.64,55.0,0.66,10.0,0.36,65.0,0.34,10.0,0.37,13.1,0.38,163.8,0.01,0.01,2295.46393,1776349278000
1776349280.46,80.46,0.65,10.0,0.64,15.0,0.66,5.0,0.67,127.0,0.34,10.0,0.33,142.5,0.37,181.1,0.38,27.6,0.01,0.03,2295.464935,1776349279000
1776349280.754,80.754,0.63,47.74,0.62,134.1,0.65,1.68,0.66,95.33,0.35,4.76,0.34,5.0,0.37,164.74,0.38,27.6,0.02,0.02,2295.464935,1776349279000
1776349281.078,81.078,0.65,9.37,0.64,5.0,0.66,267.33,0.67,50.5,0.34,221.83,0.33,20.5,0.36,6.72,0.37,18.1,0.01,0.02,2295.464935,1776349279000
1776349281.597,81.597,0.61,12.17,0.6,142.5,0.62,16.0,0.63,76.0,0.36,6.0,0.35,25.5,0.37,6.13,0.38,15.0,0.01,0.01,2295.464935,1776349279000
1776349281.953,81.953,0.62,15.0,0.61,22.17,0.65,142.5,0.66,167.59,0.37,20.91,0.36,123.0,0.39,22.17,0.4,142.5,0.03,0.02,2295.444891,1776349280000
1776349282.333,82.333,0.61,19.93,0.6,25.5,0.64,127.0,0.65,25.5,0.36,15.0,0.35,142.5,0.38,2.1,0.39,22.17,0.03,0.02,2295.775622,1776349281000
1776349282.605,82.605,0.62,7.36,0.6,10.0,0.63,10.0,0.64,148.5,0.36,127.0,0.35,25.5,0.39,17.1,0.4,25.5,0.01,0.03,2295.775622,1776349281000
1776349282.895,82.895,0.6,6.36,0.59,15.0,0.63,184.91,0.64,56.5,0.37,23.91,0.36,148.5,0.38,7.36,0.41,1.65,0.03,0.01,2295.775622,1776349281000
1776349283.396,83.396,0.6,10.0,0.58,10.0,0.61,170.8,0.62,35.5,0.37,184.91,0.36,56.5,0.4,6.36,0.41,15.0,0.01,0.03,2295.719148,1776349282000
1776349283.959,83.959,0.59,10.0,0.58,10.0,0.6,22.75,0.61,190.8,0.39,165.8,0.38,30.5,0.42,10.0,0.43,9.27,0.01,0.03,2295.625151,1776349283000
1776349284.261,84.261,0.59,10.8,0.58,25.5,0.6,7.75,0.61,135.8,0.4,22.75,0.39,190.8,0.41,10.0,0.42,10.0,0.01,0.01,2295.625151,1776349283000
1776349284.518,84.518,0.6,13.98,0.59,10.8,0.61,133.8,0.62,30.5,0.4,7.75,0.39,135.8,0.41,10.8,0.42,25.5,0.01,0.01,2295.625151,1776349283000
1776349285.22,85.22,0.61,20.0,0.6,185.98,0.63,23.41,0.64,25.5,0.39,133.8,0.38,30.5,0.4,13.98,0.41,10.8,0.02,0.01,2295.625151,1776349283000
1776349285.599,85.599,0.64,45.89,0.63,20.0,0.65,10.0,0.66,290.09,0.37,23.41,0.36,25.5,0.39,20.0,0.4,185.98,0.01,0.02,2295.197571,1776349284000
1776349286.063,86.063,0.65,9.2,0.64,21.69,0.66,265.09,0.67,40.0,0.35,10.0,0.34,290.09,0.36,45.89,0.37,20.0,0.01,0.01,2295.197571,1776349284000
1776349286.535,86.535,0.65,25.0,0.64,20.0,0.66,5.0,0.67,127.0,0.34,265.09,0.33,40.0,0.35,9.2,0.36,21.69,0.01,0.01,2294.987581,1776349285000
1776349286.962,86.962,0.66,59.2,0.65,25.0,0.68,122.0,0.69,40.0,0.34,5.0,0.33,127.0,0.35,25.0,0.36,20.0,0.02,0.01,2294.987581,1776349285000
1776349287.685,87.685,0.65,15.0,0.64,15.0,0.68,131.0,0.69,50.5,0.32,122.0,0.31,40.0,0.34,59.2,0.35,25.0,0.03,0.02,2295.084106,1776349286000
1776349288.423,88.423,0.68,11.63,0.67,35.0,0.69,5.0,0.7,167.5,0.32,131.0,0.31,50.5,0.35,15.0,0.36,15.0,0.01,0.03,2295.553742,1776349287000
1776349289.077,89.077,0.68,15.0,0.67,30.0,0.69,7.19,0.7,132.0,0.31,5.0,0.3,167.5,0.32,11.63,0.33,35.0,0.01,0.01,2295.553742,1776349287000
1776349289.556,89.556,0.66,15.0,0.65,25.5,0.69,29.0,0.7,25.5,0.31,7.19,0.3,132.0,0.32,15.0,0.33,30.0,0.03,0.01,2295.925152,1776349288000
1776349289.793,89.793,0.66,5.0,0.65,15.0,0.67,8.5,0.68,35.0,0.31,29.0,0.3,25.5,0.34,15.0,0.35,25.5,0.01,0.03,2295.925152,1776349288000
1776349290.697,90.697,0.66,15.0,0.65,15.0,0.68,17.05,0.69,137.0,0.33,8.5,0.32,35.0,0.34,5.0,0.35,15.0,0.02,0.01,2295.95973,1776349289000
1776349290.989,90.989,0.66,10.94,0.65,25.5,0.68,22.05,0.69,147.5,0.32,17.05,0.31,137.0,0.34,15.0,0.35,15.0,0.02,0.02,2295.95973,1776349289000
1776349291.711,91.711,0.66,10.0,0.65,8.0,0.67,275.91,0.68,116.0,0.32,22.05,0.31,147.5,0.34,10.94,0.35,25.5,0.01,0.02,2296.096088,1776349290000
1776349292.098,92.098,0.65,10.04,0.61,10.0,0.66,281.55,0.67,143.91,0.34,47.39,0.33,235.91,0.35,24.24,0.38,20.5,0.01,0.01,2296.096088,1776349290000
1776349292.393,92.393,0.59,21.3,0.58,15.0,0.62,22.0,0.63,10.0,0.34,331.55,0.33,156.91,0.4,10.0,0.41,10.8,0.03,0.06,2296.015028,1776349291000
1776349292.783,92.783,0.58,20.5,0.57,14.27,0.6,131.28,0.61,77.0,0.39,90.0,0.38,22.0,0.41,11.3,0.42,15.0,0.02,0.02,2296.015028,1776349291000
1776349293.448,93.448,0.58,3.0,0.57,9.27,0.59,25.0,0.6,132.0,0.4,131.28,0.39,77.0,0.42,20.5,0.43,14.27,0.01,0.02,2296.015028,1776349292000
1776349294.022,94.022,0.56,7.69,0.55,142.0,0.58,5.0,0.59,137.0,0.42,5.0,0.41,132.0,0.43,5.81,0.44,22.34,0.02,0.01,2296.015028,1776349292000
1776349294.318,94.318,0.57,20.5,0.56,17.69,0.58,25.0,0.59,136.89,0.41,80.89,0.4,15.0,0.44,2.69,0.45,142.0,0.01,0.03,2295.224135,1776349293000
1776349295.467,95.467,0.56,149.69,0.55,15.0,0.6,104.41,0.61,75.5,0.42,25.0,0.41,136.89,0.43,20.5,0.44,17.69,0.04,0.01,2294.725601,1776349294000
1776349298.004,98.004,0.61,187.99,0.6,65.5,0.62,4.91,0.63,18.0,0.4,104.41,0.39,75.5,0.44,149.69,0.45,15.0,0.01,0.04,2294.57778,1776349296000
1776349299.299,99.299,0.62,2.36,0.61,147.99,0.63,30.0,0.64,137.5,0.37,8.0,0.36,25.5,0.38,14.29,0.39,187.99,0.01,0.01,2294.912993,1776349298000
1776349299.711,99.711,0.61,5.49,0.6,25.5,0.62,13.95,0.63,167.5,0.37,30.0,0.36,137.5,0.38,2.36,0.39,147.99,0.01,0.01,2294.912993,1776349298000
1776349303.805,103.805,0.61,15.49,0.6,35.5,0.62,111.45,0.63,162.5,0.38,13.95,0.37,167.5,0.39,5.49,0.4,25.5,0.01,0.01,2295.058723,1776349302000
1776349304.08,104.08,0.61,167.19,0.6,35.5,0.62,9.83,0.63,25.0,0.38,111.45,0.37,162.5,0.39,15.49,0.4,35.5,0.01,0.01,2294.999,1776349303000
1776349305.042,105.042,0.61,0.49,0.6,5.0,0.62,257.33,0.63,70.5,0.38,9.83,0.37,25.0,0.39,167.19,0.4,35.5,0.01,0.01,2294.999,1776349303000
1776349305.413,105.413,0.59,13.47,0.58,10.0,0.61,37.0,0.62,60.33,0.39,42.0,0.38,60.33,0.41,8.47,0.42,10.0,0.02,0.02,2295.11004,1776349304000
1776349306.725,106.725,0.59,3.47,0.58,10.0,0.6,333.5,0.61,57.5,0.39,37.0,0.38,60.33,0.41,13.47,0.42,10.0,0.01,0.02,2295.125297,1776349305000
1776349306.959,106.959,0.56,20.5,0.55,15.0,0.59,27.5,0.6,263.5,0.4,353.5,0.39,57.5,0.44,20.5,0.45,15.0,0.03,0.04,2295.125297,1776349305000
1776349308.75,108.75,0.56,30.5,0.55,132.0,0.57,5.24,0.58,27.0,0.41,27.5,0.4,263.5,0.44,20.5,0.45,15.0,0.01,0.03,2294.767197,1776349307000
1776349311.305,111.305,0.61,15.5,0.6,35.5,0.63,10.0,0.64,25.5,0.43,5.24,0.42,27.0,0.44,30.5,0.45,132.0,0.02,0.01,2294.449845,1776349309000
1776349312.707,112.707,0.6,19.98,0.59,142.5,0.61,5.36,0.62,10.0,0.38,10.0,0.37,15.0,0.4,136.98,0.41,30.5,0.01,0.02,2294.691475,1776349311000
1776349313.078,113.078,0.6,4.98,0.59,142.5,0.61,15.36,0.62,10.0,0.39,5.36,0.38,10.0,0.4,19.98,0.41,142.5,0.01,0.01,2294.691475,1776349311000
1776349313.743,113.743,0.59,20.5,0.58,20.5,0.6,15.0,0.61,137.36,0.39,15.36,0.38,10.0,0.4,4.98,0.41,142.5,0.01,0.01,2295.050099,1776349312000
1776349313.97,113.97,0.59,26.66,0.58,25.5,0.6,44.0,0.61,158.79,0.4,15.0,0.39,137.36,0.41,20.5,0.42,20.5,0.01,0.01,2295.050099,1776349312000
1776349314.645,114.645,0.6,31.0,0.59,174.66,0.61,0.93,0.63,10.0,0.4,44.0,0.39,158.79,0.41,26.66,0.42,25.5,0.01,0.01,2295.077167,1776349313000
1776349315.61,115.61,0.66,34.2,0.65,132.0,0.68,10.0,0.69,127.0,0.34,10.0,0.33,35.0,0.4,132.0,0.41,164.66,0.02,0.06,2295.072,1776349314000
1776349316.055,116.055,0.68,39.2,0.67,15.0,0.69,20.5,0.7,127.0,0.31,127.0,0.3,35.0,0.34,35.0,0.35,132.0,0.01,0.03,2295.072,1776349314000
1776349316.544,116.544,0.66,4.93,0.65,10.0,0.68,10.0,0.69,129.45,0.31,0.5,0.3,127.0,0.32,36.07,0.33,15.0,0.02,0.01,2295.051728,1776349315000
1776349316.96,116.96,0.68,4.68,0.67,20.22,0.69,64.67,0.7,10.0,0.32,10.0,0.31,129.45,0.34,4.93,0.35,10.0,0.01,0.02,2295.051728,1776349315000
1776349317.55,117.55,0.67,142.22,0.66,15.43,0.69,74.67,0.7,20.5,0.31,74.67,0.3,10.0,0.32,15.68,0.33,137.22,0.02,0.01,2295.337923,1776349316000
1776349318.152,118.152,0.67,15.22,0.66,132.43,0.68,116.0,0.69,186.67,0.31,74.67,0.3,20.5,0.33,142.22,0.34,15.43,0.01,0.02,2295.337923,1776349316000
1776349318.743,118.743,0.66,15.65,0.65,137.5,0.68,81.0,0.69,197.17,0.32,116.0,0.31,186.67,0.33,15.22,0.34,132.43,0.02,0.01,2295.781409,1776349317000
1776349320.112,120.112,0.65,10.0,0.64,20.0,0.66,5.0,0.67,10.0,0.32,81.0,0.31,197.17,0.34,15.65,0.35,137.5,0.01,0.02,2295.879979,1776349319000
1776349320.36,120.36,0.66,44.2,0.65,147.5,0.68,136.98,0.69,40.22,0.32,132.0,0.31,40.22,0.36,125.77,0.37,25.5,0.02,0.04,2295.879979,1776349319000
1776349320.723,120.723,0.67,16.0,0.66,10.0,0.68,29.48,0.69,147.72,0.32,116.48,0.31,40.22,0.34,25.0,0.35,147.5,0.01,0.02,2295.879979,1776349319000
1776349322.61,122.61,0.65,15.0,0.64,62.09,0.67,193.72,0.68,20.5,0.32,92.97,0.31,50.72,0.37,20.5,0.38,20.5,0.02,0.05,2295.631294,1776349321000
1776349322.969,122.969,0.65,15.0,0.64,67.09,0.66,52.42,0.67,204.72,0.33,193.72,0.32,20.5,0.35,15.0,0.36,62.09,0.01,0.02,2295.631294,1776349321000
1776349323.309,123.309,0.64,52.09,0.63,15.0,0.66,296.5,0.67,107.72,0.34,52.42,0.33,204.72,0.35,15.0,0.36,67.09,0.02,0.01,2295.480525,1776349322000
1776349323.564,123.564,0.64,42.09,0.63,10.0,0.65,36.5,0.66,44.5,0.34,296.5,0.33,107.72,0.36,52.09,0.37,15.0,0.01,0.02,2295.480525,1776349322000
1776349323.816,123.816,0.63,10.0,0.62,10.0,0.65,332.5,0.66,45.5,0.35,36.5,0.34,44.5,0.36,42.09,0.37,10.0,0.02,0.01,2295.480525,1776349322000
1776349324.119,124.119,0.62,5.0,0.61,10.0,0.63,233.0,0.64,56.5,0.35,332.5,0.34,45.5,0.37,10.0,0.38,10.0,0.01,0.02,2295.480525,1776349322000
1776349324.406,124.406,0.6,30.5,0.59,20.93,0.63,233.0,0.64,56.5,0.37,233.0,0.36,56.5,0.38,5.0,0.39,10.0,0.03,0.01,2295.454428,1776349323000
1776349326.028,126.028,0.62,10.0,0.61,166.7,0.63,10.0,0.64,15.0,0.37,233.0,0.36,56.5,0.4,30.5,0.41,20.93,0.01,0.03,2295.391956,1776349324000
1776349326.62,126.62,0.62,15.0,0.61,142.5,0.64,9.92,0.65,25.5,0.37,10.0,0.36,15.0,0.39,161.7,0.4,30.5,0.02,0.02,2295.109599,1776349325000
1776349327.031,127.031,0.63,201.7,0.62,40.5,0.65,5.0,0.66,10.0,0.36,9.92,0.35,25.5,0.38,15.0,0.39,142.5,0.02,0.02,2294.982351,1776349326000
1776349327.585,127.585,0.65,5.0,0.64,20.0,0.66,181.21,0.67,16.41,0.34,41.0,0.33,61.22,0.36,25.5,0.37,187.5,0.01,0.02,2294.982351,1776349326000
1776349330.662,130.662,0.63,117.0,0.6,28.0,0.65,36.94,0.66,18.71,0.34,186.21,0.33,16.41,0.35,2.14,0.36,20.0,0.02,0.01,2295.328529,1776349329000
1776349331.056,131.056,0.58,2.26,0.55,5.0,0.62,10.0,0.63,164.01,0.35,36.94,0.34,18.71,0.37,117.0,0.4,28.0,0.04,0.02,2295.328529,1776349329000
1776349331.374,131.374,0.48,5.0,0.47,10.0,0.49,16.0,0.5,16.0,0.47,8.85,0.46,30.0,0.51,30.6,0.52,110.0,0.01,0.04,2295.35027,1776349330000
1776349331.703,131.703,0.47,5.0,0.46,10.0,0.48,10.0,0.49,167.29,0.51,16.0,0.5,16.0,0.52,5.0,0.53,10.0,0.01,0.01,2295.35027,1776349330000
1776349332.17,132.17,0.46,10.0,0.45,10.0,0.48,19.49,0.49,207.62,0.52,24.49,0.51,157.62,0.55,10.0,0.56,110.0,0.02,0.03,2295.35027,1776349330000
1776349332.489,132.489,0.46,30.0,0.45,40.0,0.47,26.0,0.48,16.0,0.52,19.49,0.51,207.62,0.54,10.0,0.55,10.0,0.01,0.02,2295.249039,1776349331000
1776349332.884,132.884,0.45,4.81,0.44,110.0,0.46,16.46,0.47,127.0,0.53,26.0,0.52,21.0,0.55,4.81,0.56,110.0,0.01,0.02,2295.249039,1776349331000
1776349333.18,133.18,0.43,10.0,0.42,134.0,0.46,9.62,0.47,133.0,0.54,28.8,0.53,133.0,0.57,25.37,0.58,234.0,0.03,0.03,2295.249039,1776349331000
1776349333.65,133.65,0.44,7.85,0.43,10.0,0.45,151.68,0.46,233.62,0.55,93.68,0.54,116.62,0.56,10.0,0.57,10.0,0.01,0.01,2293.270899,1776349332000
1776349334.13,134.13,0.44,25.5,0.43,137.5,0.45,116.1,0.46,233.62,0.55,139.23,0.54,233.62,0.57,10.0,0.58,134.0,0.01,0.02,2293.270899,1776349332000
1776349334.331,134.331,0.43,0.9,0.42,17.0,0.45,113.87,0.46,233.62,0.55,113.87,0.54,116.62,0.56,15.5,0.57,20.5,0.02,0.01,2293.270899,1776349332000
1776349334.719,134.719,0.42,15.51,0.41,253.0,0.44,171.2,0.45,225.87,0.55,113.87,0.54,233.62,0.57,0.9,0.58,17.0,0.02,0.02,2293.158413,1776349333000
1776349334.995,134.995,0.42,15.51,0.41,326.63,0.44,168.0,0.45,225.87,0.56,171.2,0.55,225.87,0.58,15.51,0.59,253.0,0.02,0.02,2293.158413,1776349333000
1776349335.537,135.537,0.42,126.65,0.41,209.63,0.44,128.0,0.45,108.87,0.56,168.0,0.55,225.87,0.58,15.51,0.59,326.63,0.02,0.02,2293.033226,1776349334000
1776349335.945,135.945,0.43,12.5,0.42,115.65,0.44,112.0,0.45,108.87,0.56,128.0,0.55,108.87,0.58,105.65,0.59,209.63,0.01,0.02,2293.033226,1776349334000
1776349336.17,136.17,0.42,15.0,0.41,333.63,0.44,122.0,0.45,225.87,0.56,122.0,0.55,108.87,0.57,12.5,0.58,115.65,0.02,0.01,2293.033226,1776349334000
1776349337.02,137.02,0.43,5.5,0.42,201.53,0.44,127.0,0.45,108.87,0.56,122.0,0.55,225.87,0.58,15.0,0.59,333.63,0.01,0.02,2292.988593,1776349336000
1776349337.956,137.956,0.41,113.13,0.39,70.0,0.42,153.0,0.43,128.0,0.56,127.0,0.55,108.87,0.57,5.5,0.58,201.53,0.01,0.01,2293.023102,1776349337000
1776349338.961,138.961,0.41,50.0,0.39,80.0,0.42,290.0,0.43,123.0,0.58,153.0,0.57,128.0,0.59,113.13,0.61,70.0,0.01,0.01,2293.023102,1776349337000
1776349339.208,139.208,0.36,114.0,0.25,5.0,0.42,468.0,0.43,127.5,0.58,290.0,0.57,123.0,0.59,50.0,0.61,80.0,0.06,0.01,2293.002355,1776349338000
1776349339.416,139.416,0.36,4.53,0.3,30.0,0.37,25.0,0.38,25.0,0.63,25.0,0.62,25.0,0.7,30.0,0.73,7.0,0.01,0.07,2293.002355,1776349338000
1776349339.646,139.646,0.25,101.33,0.24,70.0,0.26,10.0,0.27,10.0,0.63,25.0,0.62,25.0,0.7,41.0,0.72,5.0,0.01,0.07,2293.002355,1776349338000
1776349340.005,140.005,0.25,101.88,0.24,70.0,0.26,10.0,0.27,10.0,0.74,10.0,0.73,10.0,0.75,106.88,0.76,70.0,0.01,0.01,2293.002355,1776349338000
1776349340.254,140.254,0.25,106.88,0.24,70.0,0.26,4.23,0.27,10.0,0.74,10.0,0.73,10.0,0.75,101.88,0.76,70.0,0.01,0.01,2292.723173,1776349339000
1776349340.557,140.557,0.22,83.99,0.21,141.7,0.25,34.2,0.26,11.23,0.74,4.23,0.73,10.0,0.76,81.0,0.77,20.3,0.03,0.02,2292.723173,1776349339000
1776349340.891,140.891,0.23,13.5,0.22,80.0,0.24,10.83,0.25,10.0,0.76,5.83,0.75,29.2,0.77,5.0,0.78,80.0,0.01,0.01,2292.723173,1776349339000
1776349341.389,141.389,0.23,179.04,0.22,89.09,0.24,5.25,0.26,17.0,0.76,5.83,0.75,10.0,0.77,8.5,0.78,80.0,0.01,0.01,2290.785485,1776349340000
1776349341.607,141.607,0.23,150.04,0.22,89.09,0.24,5.25,0.26,65.64,0.76,5.25,0.74,17.0,0.77,179.04,0.78,89.09,0.01,0.01,2290.785485,1776349340000
1776349341.95,141.95,0.24,44.81,0.23,15.0,0.26,44.89,0.31,16.0,0.74,44.89,0.73,17.0,0.77,15.0,0.78,13.55,0.02,0.03,2290.785485,1776349340000
1776349342.24,142.24,0.25,20.0,0.24,124.81,0.26,39.89,0.29,10.0,0.74,44.89,0.69,16.0,0.76,44.81,0.77,15.0,0.01,0.02,2290.785485,1776349340000
1776349342.532,142.532,0.26,39.32,0.25,30.0,0.31,10.0,0.32,10.0,0.69,10.0,0.68,10.0,0.74,11.63,0.75,20.0,0.05,0.05,2290.587521,1776349341000
1776349342.948,142.948,0.29,10.0,0.26,114.32,0.33,10.0,0.34,16.0,0.68,10.0,0.67,16.0,0.74,39.32,0.75,30.0,0.04,0.06,2290.519145,1776349342000
1776349343.678,143.678,0.32,25.0,0.31,177.0,0.33,10.0,0.34,10.0,0.65,10.0,0.64,10.0,0.71,5.0,0.72,86.41,0.01,0.06,2290.519145,1776349342000
1776349344.345,144.345,0.34,5.0,0.33,10.0,0.35,10.0,0.36,10.0,0.67,10.0,0.66,10.0,0.68,92.06,0.69,177.0,0.01,0.01,2290.884322,1776349343000
1776349344.625,144.625,0.34,80.0,0.33,80.0,0.37,15.0,0.38,10.0,0.64,6.94,0.63,15.0,0.66,10.0,0.67,10.0,0.03,0.02,2290.884322,1776349343000
1776349344.974,144.974,0.36,14.0,0.35,10.0,0.37,15.0,0.38,17.0,0.65,10.0,0.64,10.0,0.66,209.42,0.67,80.0,0.01,0.01,2290.884322,1776349343000
1776349345.196,145.196,0.36,5.0,0.35,30.0,0.37,7.29,0.38,10.0,0.63,5.0,0.62,10.0,0.66,85.0,0.67,80.0,0.01,0.03,2291.50753,1776349344000
1776349345.739,145.739,0.34,155.34,0.33,85.0,0.35,9.92,0.36,29.36,0.63,5.0,0.62,10.0,0.64,5.0,0.65,127.0,0.01,0.01,2291.50753,1776349344000
1776349346.169,146.169,0.34,176.35,0.33,75.0,0.35,13.27,0.36,132.28,0.64,132.28,0.63,10.0,0.65,10.0,0.66,140.8,0.01,0.01,2291.822833,1776349345000
1776349346.438,146.438,0.34,85.01,0.33,80.0,0.35,15.0,0.36,127.08,0.65,25.29,0.64,127.08,0.66,91.01,0.67,80.0,0.01,0.01,2291.822833,1776349345000
1776349346.676,146.676,0.33,160.4,0.32,60.0,0.35,20.0,0.36,15.08,0.65,15.0,0.64,127.08,0.66,85.01,0.67,80.0,0.02,0.01,2291.822833,1776349345000
1776349348.029,148.029,0.35,68.91,0.34,50.5,0.36,148.0,0.37,20.55,0.65,145.0,0.64,46.08,0.67,169.43,0.68,60.0,0.01,0.02,2292.082349,1776349347000
1776349348.278,148.278,0.35,1.26,0.34,25.5,0.36,15.0,0.37,137.55,0.64,127.0,0.63,20.55,0.65,59.9,0.66,25.5,0.01,0.01,2292.082349,1776349347000
1776349350.009,150.009,0.33,201.7,0.32,51.5,0.34,47.37,0.37,26.55,0.64,15.0,0.63,137.55,0.65,1.26,0.66,25.5,0.01,0.01,2291.979652,1776349348000
1776349350.292,150.292,0.33,212.2,0.32,168.5,0.34,47.37,0.35,10.0,0.66,47.37,0.63,26.55,0.67,201.7,0.68,51.5,0.01,0.01,2292.100111,1776349349000
1776349350.508,150.508,0.33,317.7,0.32,51.5,0.34,68.37,0.35,10.0,0.66,75.37,0.65,10.0,0.67,190.7,0.68,168.5,0.01,0.01,2292.100111,1776349349000
1776349351.113,151.113,0.33,402.7,0.32,51.5,0.34,26.6,0.37,138.55,0.66,68.37,0.65,10.0,0.67,317.7,0.68,51.5,0.01,0.01,2292.100111,1776349349000
1776349351.518,151.518,0.33,291.75,0.32,168.5,0.34,26.6,0.36,15.0,0.66,26.6,0.63,138.55,0.67,402.7,0.68,51.5,0.01,0.01,2292.1459,1776349350000
1776349352.628,152.628,0.31,60.0,0.3,10.0,0.34,153.6,0.35,10.0,0.66,42.6,0.64,15.0,0.67,296.75,0.68,168.5,0.03,0.01,2292.1459,1776349350000
1776349353.084,153.084,0.31,29.0,0.29,27.5,0.32,8.57,0.33,10.0,0.67,10.0,0.66,153.6,0.69,78.65,0.7,10.0,0.01,0.02,2292.2103,1776349351000
1776349353.292,153.292,0.31,23.43,0.3,10.0,0.32,8.57,0.33,10.0,0.68,8.57,0.67,10.0,0.69,29.0,0.71,27.5,0.01,0.01,2292.2103,1776349351000
1776349353.65,153.65,0.3,17.1,0.29,27.5,0.32,8.57,0.33,233.0,0.68,8.57,0.67,10.0,0.69,23.43,0.7,10.0,0.02,0.01,2292.2103,1776349351000
1776349354.541,154.541,0.29,38.0,0.28,144.89,0.31,7.0,0.32,16.0,0.67,223.57,0.66,197.14,0.71,27.5,0.72,144.89,0.02,0.04,2291.898293,1776349353000
1776349354.897,154.897,0.3,161.0,0.29,110.95,0.31,7.0,0.32,6.0,0.69,7.0,0.68,16.0,0.71,38.0,0.72,144.89,0.01,0.02,2291.898293,1776349353000
1776349355.709,155.709,0.33,108.0,0.32,167.0,0.34,81.14,0.35,10.0,0.69,7.0,0.68,6.0,0.7,161.0,0.71,110.95,0.01,0.01,2291.822926,1776349354000
1776349355.931,155.931,0.33,77.49,0.32,50.0,0.34,79.63,0.35,10.0,0.66,99.19,0.65,10.0,0.67,77.49,0.68,50.0,0.01,0.01,2291.822926,1776349354000
1776349356.612,156.612,0.33,133.77,0.32,100.0,0.34,58.63,0.37,132.55,0.66,79.63,0.65,10.0,0.67,77.49,0.68,50.0,0.01,0.01,2291.717365,1776349355000
1776349356.856,156.856,0.33,5.0,0.32,177.57,0.34,48.63,0.35,10.0,0.66,58.63,0.63,132.55,0.67,132.26,0.68,100.0,0.01,0.01,2291.717365,1776349355000
1776349357.222,157.222,0.33,10.0,0.32,306.07,0.34,48.63,0.35,10.0,0.66,38.63,0.65,10.0,0.67,5.0,0.68,172.57,0.01,0.01,2291.717365,1776349355000
1776349357.829,157.829,0.32,169.07,0.31,31.8,0.34,198.35,0.35,10.0,0.66,48.63,0.65,10.0,0.67,10.0,0.68,306.07,0.02,0.01,2292.02315,1776349356000
1776349358.302,158.302,0.32,79.85,0.31,10.0,0.34,159.35,0.35,10.0,0.66,198.35,0.65,10.0,0.68,169.07,0.69,31.8,0.02,0.02,2292.15315,1776349357000
1776349358.692,158.692,0.33,76.3,0.32,80.85,0.34,126.35,0.35,10.0,0.66,154.35,0.65,10.0,0.68,99.85,0.69,10.0,0.01,0.02,2292.15315,1776349357000
1776349359.56,159.56,0.32,0.49,0.3,10.0,0.33,127.0,0.34,15.0,0.66,121.35,0.65,10.0,0.68,17.49,0.69,10.0,0.01,0.02,2292.08767,1776349358000
1776349360.766,160.766,0.3,196.7,0.29,122.5,0.31,11.0,0.33,143.0,0.67,127.0,0.66,15.0,0.68,0.49,0.7,10.0,0.01,0.01,2292.037523,1776349359000
1776349361.713,161.713,0.31,44.32,0.3,84.7,0.33,143.0,0.34,10.0,0.69,7.77,0.67,143.0,0.7,201.7,0.71,122.5,0.02,0.01,2292.017091,1776349360000
1776349362.374,162.374,0.34,27.9,0.33,10.0,0.35,15.0,0.36,10.0,0.67,143.0,0.66,10.0,0.69,44.32,0.7,84.7,0.01,0.02,2291.92994,1776349361000
1776349362.6,162.6,0.34,42.46,0.33,5.0,0.35,15.0,0.36,10.0,0.65,15.0,0.64,10.0,0.66,60.56,0.67,10.0,0.01,0.01,2291.92994,1776349361000
1776349363.117,163.117,0.32,152.99,0.31,121.62,0.35,31.0,0.36,10.0,0.65,15.0,0.64,10.0,0.66,42.46,0.67,5.0,0.03,0.01,2291.92994,1776349361000
1776349363.378,163.378,0.35,8.46,0.34,50.0,0.36,122.0,0.37,10.55,0.65,31.0,0.64,10.0,0.68,152.99,0.69,121.62,0.01,0.03,2291.92994,1776349361000
1776349364.664,164.664,0.36,35.0,0.35,15.0,0.39,0.55,0.41,35.41,0.64,122.0,0.63,10.55,0.65,8.46,0.66,50.0,0.03,0.01,2292.050892,1776349363000
1776349365.739,165.739,0.33,96.3,0.32,148.5,0.34,5.0,0.35,10.0,0.59,32.96,0.58,18.62,0.64,26.84,0.66,26.0,0.01,0.05,2292.371385,1776349364000
1776349366.005,166.005,0.33,183.3,0.32,31.5,0.34,7.48,0.35,10.0,0.66,5.0,0.65,10.0,0.67,96.3,0.68,148.5,0.01,0.01,2292.480731,1776349365000
1776349367.664,167.664,0.33,118.52,0.32,168.5,0.34,6.48,0.37,191.14,0.66,7.48,0.65,10.0,0.67,183.3,0.68,31.5,0.01,0.01,2292.472414,1776349366000
1776349369.072,169.072,0.36,49.4,0.35,20.0,0.37,57.14,0.38,127.0,0.64,14.22,0.63,191.14,0.65,10.7,0.66,15.0,0.01,0.01,2292.419217,1776349367000
1776349370.892,170.892,0.36,49.4,0.35,137.0,0.37,3.14,0.38,117.0,0.63,57.14,0.62,127.0,0.64,49.4,0.65,20.0,0.01,0.01,2292.498,1776349369000
1776349371.48,171.48,0.36,24.14,0.35,25.0,0.37,3.14,0.38,117.0,0.63,3.14,0.62,117.0,0.64,49.4,0.65,137.0,0.01,0.01,2292.49805,1776349370000
1776349372.147,172.147,0.36,53.14,0.35,127.0,0.37,8.14,0.38,10.0,0.63,3.14,0.62,117.0,0.64,24.14,0.65,25.0,0.01,0.01,2292.49805,1776349370000
1776349372.381,172.381,0.36,43.14,0.35,10.0,0.39,10.0,0.41,75.41,0.59,25.41,0.58,8.62,0.64,44.14,0.65,127.0,0.03,0.05,2292.49805,1776349370000
1776349372.993,172.993,0.36,19.95,0.35,10.0,0.38,10.0,0.39,10.0,0.61,10.0,0.59,75.41,0.64,43.14,0.65,10.0,0.02,0.03,2292.599949,1776349371000
1776349373.238,173.238,0.36,23.38,0.35,10.0,0.37,5.0,0.38,10.0,0.62,10.0,0.61,10.0,0.64,19.95,0.65,10.0,0.01,0.02,2292.599949,1776349371000
1776349374.248,174.248,0.37,40.0,0.36,10.0,0.38,4.36,0.39,140.5,0.62,7.36,0.61,20.5,0.64,18.38,0.65,10.0,0.01,0.02,2292.703349,1776349373000
1776349376.514,176.514,0.38,20.0,0.37,15.0,0.39,10.12,0.4,132.5,0.62,4.36,0.61,140.5,0.63,40.0,0.64,10.0,0.01,0.01,2292.696884,1776349375000
1776349376.741,176.741,0.38,10.0,0.37,15.0,0.39,10.12,0.4,132.5,0.61,10.12,0.6,132.5,0.62,20.0,0.63,15.0,0.01,0.01,2292.696884,1776349375000
1776349377.176,177.176,0.37,15.0,0.36,15.0,0.39,22.12,0.4,132.5,0.61,10.12,0.6,132.5,0.62,10.0,0.63,15.0,0.02,0.01,2292.696884,1776349375000
1776349379.814,179.814,0.38,15.0,0.37,45.0,0.41,25.41,0.42,24.12,0.61,22.12,0.6,132.5,0.63,15.0,0.64,15.0,0.03,0.02,2292.754488,1776349378000
1776349381.523,181.523,0.38,10.0,0.37,46.0,0.4,19.2,0.41,100.41,0.59,25.41,0.58,24.12,0.62,15.0,0.63,45.0,0.02,0.03,2292.944392,1776349380000
1776349381.928,181.928,0.39,3.44,0.37,34.89,0.4,5.0,0.41,95.41,0.6,19.2,0.59,100.41,0.63,39.89,0.66,32.0,0.01,0.03,2292.944392,1776349380000
1776349382.499,182.499,0.37,10.58,0.34,16.0,0.38,22.0,0.39,15.0,0.61,5.0,0.6,105.0,0.63,10.58,0.64,5.0,0.01,0.02,2292.94218,1776349381000
1776349383.725,183.725,0.33,16.3,0.31,44.32,0.34,17.55,0.35,92.99,0.61,2.17,0.6,123.48,0.63,5.0,0.66,16.0,0.01,0.02,2292.427217,1776349382000
1776349385.443,185.443,0.29,5.0,0.28,6.0,0.31,5.68,0.32,10.0,0.66,17.55,0.65,92.99,0.67,16.3,0.69,44.32,0.02,0.01,2292.023501,1776349384000
1776349386.448,186.448,0.28,10.0,0.27,73.0,0.29,10.0,0.3,10.0,0.69,5.68,0.68,10.0,0.73,65.0,0.74,24.32,0.01,0.04,2292.023501,1776349384000
1776349386.767,186.767,0.27,72.0,0.26,24.32,0.29,10.24,0.3,10.0,0.71,10.0,0.7,10.0,0.73,72.0,0.74,24.32,0.02,0.02,2291.932907,1776349385000
1776349388.505,188.505,0.3,27.0,0.29,10.0,0.34,4.5,0.35,15.0,0.71,10.24,0.7,10.0,0.72,10.0,0.73,63.0,0.04,0.01,2291.634666,1776349387000
1776349389.153,189.153,0.31,53.66,0.3,15.0,0.35,20.0,0.36,5.0,0.66,4.5,0.65,15.0,0.7,27.0,0.71,10.0,0.04,0.04,2291.634666,1776349387000
1776349389.542,189.542,0.36,45.0,0.35,10.0,0.37,21.0,0.38,12.0,0.64,5.0,0.63,21.0,0.66,36.39,0.67,10.0,0.01,0.02,2291.896991,1776349388000
1776349390.072,190.072,0.37,32.65,0.36,42.82,0.38,0.7,0.4,17.0,0.62,0.7,0.6,7.0,0.64,37.82,0.65,10.0,0.01,0.02,2291.981477,1776349389000
1776349391.214,191.214,0.37,29.0,0.36,85.0,0.4,7.0,0.41,32.41,0.62,0.7,0.6,17.0,0.63,50.3,0.64,42.82,0.03,0.01,2292.49047,1776349390000
1776349392.058,192.058,0.39,5.6,0.38,10.0,0.4,7.0,0.41,32.41,0.6,7.0,0.59,32.41,0.61,4.75,0.62,10.0,0.01,0.01,2292.49047,1776349390000
1776349392.418,192.418,0.39,10.6,0.38,10.0,0.4,4.5,0.41,32.41,0.6,7.0,0.59,32.41,0.61,5.6,0.62,10.0,0.01,0.01,2292.846276,1776349391000
1776349393.63,193.63,0.39,56.6,0.38,10.0,0.4,0.2,0.41,32.41,0.6,4.5,0.59,32.41,0.61,10.6,0.62,10.0,0.01,0.01,2293.144086,1776349392000
1776349393.83,193.83,0.41,20.2,0.39,32.6,0.42,8.62,0.43,5.68,0.59,29.8,0.58,8.62,0.61,32.6,0.62,10.0,0.01,0.02,2293.144086,1776349392000
1776349394.057,194.057,0.41,20.2,0.39,27.6,0.42,4.52,0.43,5.68,0.58,8.62,0.57,5.68,0.59,20.2,0.61,32.6,0.01,0.01,2293.144086,1776349392000
1776349395.84,195.84,0.41,40.2,0.39,70.0,0.42,19.52,0.43,5.68,0.58,4.52,0.57,5.68,0.59,20.2,0.61,27.6,0.01,0.01,2293.252116,1776349394000
1776349396.645,196.645,0.33,85.0,0.32,15.0,0.42,20.0,0.43,21.68,0.58,27.7,0.57,5.68,0.59,17.2,0.61,75.0,0.09,0.01,2293.254371,1776349395000
1776349397.061,197.061,0.33,89.74,0.32,15.0,0.35,10.0,0.36,10.0,0.58,20.0,0.57,21.68,0.67,85.0,0.68,15.0,0.02,0.09,2293.38962,1776349396000
1776349397.466,197.466,0.34,60.0,0.33,100.0,0.35,8.8,0.36,17.0,0.65,10.0,0.64,10.0,0.67,89.74,0.68,15.0,0.01,0.02,2293.38962,1776349396000
1776349397.715,197.715,0.34,55.0,0.33,100.0,0.36,22.0,0.37,17.0,0.65,1.8,0.64,22.0,0.66,55.0,0.67,100.0,0.02,0.01,2293.38962,1776349396000
1776349399.023,199.023,0.34,55.0,0.33,95.0,0.35,27.0,0.36,19.0,0.64,22.0,0.63,17.0,0.66,55.0,0.67,100.0,0.01,0.02,2293.08251,1776349397000
1776349399.225,199.225,0.37,1.31,0.36,10.0,0.38,5.0,0.39,5.0,0.65,17.0,0.64,19.0,0.66,65.5,0.67,95.0,0.01,0.01,2293.08251,1776349397000
1776349400.018,200.018,0.37,66.81,0.36,10.0,0.38,1.76,0.39,5.0,0.62,5.0,0.61,5.0,0.63,1.31,0.64,10.0,0.01,0.01,2292.85505,1776349398000
1776349400.364,200.364,0.37,97.31,0.36,96.5,0.4,1.54,0.41,15.5,0.62,1.76,0.61,5.0,0.63,66.81,0.64,10.0,0.03,0.01,2292.85505,1776349398000
1776349401.36,201.36,0.39,10.0,0.38,10.0,0.4,12.04,0.41,25.5,0.6,1.54,0.59,15.5,0.63,97.31,0.64,96.5,0.01,0.03,2292.91795,1776349400000
1776349401.666,201.666,0.36,75.0,0.35,16.0,0.38,20.5,0.39,20.5,0.6,12.04,0.59,25.5,0.61,10.0,0.62,10.0,0.02,0.01,2292.91795,1776349400000
1776349402.095,202.095,0.37,5.0,0.36,85.0,0.39,135.28,0.4,12.04,0.61,20.5,0.6,12.04,0.64,75.0,0.65,16.0,0.02,0.03,2292.91795,1776349400000
1776349402.55,202.55,0.37,5.0,0.36,75.0,0.38,147.5,0.39,34.28,0.61,135.28,0.6,12.04,0.63,5.0,0.64,85.0,0.01,0.02,2292.91795,1776349400000
1776349403.553,203.553,0.37,30.0,0.36,207.5,0.39,18.28,0.4,2.04,0.61,146.28,0.6,12.04,0.63,5.0,0.64,75.0,0.02,0.02,2293.000277,1776349402000
1776349404.242,204.242,0.4,7.86,0.39,30.0,0.41,5.0,0.42,5.0,0.61,18.28,0.6,2.04,0.63,30.0,0.64,207.5,0.01,0.02,2293.000277,1776349402000
1776349404.568,204.568,0.45,10.0,0.44,5.0,0.46,31.5,0.47,41.5,0.49,44.86,0.48,14.4,0.54,10.87,0.55,11.12,0.01,0.05,2292.986818,1776349403000
1776349404.905,204.905,0.45,40.0,0.44,15.0,0.46,5.5,0.47,36.5,0.54,5.08,0.53,41.5,0.55,10.0,0.56,5.0,0.01,0.01,2292.986818,1776349403000
1776349405.507,205.507,0.45,171.54,0.44,22.0,0.46,5.5,0.47,10.5,0.54,5.5,0.53,36.5,0.55,40.0,0.56,15.0,0.01,0.01,2292.996944,1776349404000
1776349405.907,205.907,0.46,25.0,0.45,148.54,0.48,10.5,0.5,10.5,0.54,5.5,0.53,10.5,0.55,171.54,0.56,22.0,0.02,0.01,2292.996944,1776349404000
1776349406.2,206.2,0.47,5.0,0.46,30.0,0.48,10.5,0.5,127.5,0.52,5.5,0.51,10.0,0.53,15.0,0.54,39.2,0.01,0.01,2293.329452,1776349405000
1776349406.625,206.625,0.43,11.62,0.4,12.5,0.44,242.5,0.45,45.5,0.52,10.5,0.5,127.5,0.53,5.0,0.54,30.0,0.01,0.01,2293.329452,1776349405000
1776349406.868,206.868,0.17,18.55,0.16,36.15,0.26,70.0,0.27,70.0,0.64,44.5,0.61,10.0,0.84,31.15,0.86,99.9,0.09,0.2,2293.329452,1776349405000
1776349407.149,207.149,0.16,21.83,0.15,5.0,0.17,7.0,0.22,70.0,0.82,6.0,0.74,50.0,0.86,27.81,0.87,41.8,0.01,0.04,2293.329452,1776349405000
1776349407.587,207.587,0.16,14.41,0.13,31.8,0.18,5.0,0.19,5.0,0.83,7.0,0.78,70.0,0.84,21.83,0.85,5.0,0.02,0.01,2293.54295,1776349406000
1776349407.841,207.841,0.13,31.5,0.12,10.5,0.15,3.0,0.17,10.0,0.86,10.0,0.82,10.0,0.89,26.93,0.9,140.0,0.02,0.03,2293.54295,1776349406000
1776349408.446,208.446,0.13,16.63,0.12,164.61,0.14,15.0,0.15,18.0,0.85,13.0,0.84,10.0,0.87,17.54,0.88,151.61,0.01,0.02,2293.615362,1776349407000
1776349408.725,208.725,0.13,21.63,0.12,164.61,0.14,5.0,0.15,18.0,0.86,5.0,0.85,18.0,0.87,16.63,0.88,164.61,0.01,0.01,2293.615362,1776349407000
1776349409.036,209.036,0.12,123.38,0.11,60.43,0.13,48.0,0.14,13.0,0.86,5.0,0.85,26.0,0.88,162.19,0.89,26.93,0.01,0.02,2291.582756,1776349408000
1776349409.288,209.288,0.12,121.35,0.11,60.43,0.13,39.31,0.14,13.0,0.87,39.31,0.86,13.0,0.88,123.38,0.89,60.43,0.01,0.01,2291.582756,1776349408000
1776349409.723,209.723,0.12,101.08,0.11,37.43,0.13,33.31,0.14,5.0,0.87,27.31,0.86,13.0,0.88,111.04,0.89,60.43,0.01,0.01,2291.582756,1776349408000
1776349410.015,210.015,0.12,138.08,0.11,37.43,0.13,44.06,0.14,10.0,0.87,33.31,0.86,5.0,0.88,101.08,0.89,37.43,0.01,0.01,2289.753875,1776349409000
1776349410.215,210.215,0.12,224.35,0.11,47.43,0.13,42.74,0.14,10.0,0.87,42.74,0.86,10.0,0.88,255.08,0.89,47.43,0.01,0.01,2289.753875,1776349409000
1776349410.692,210.692,0.12,218.67,0.11,37.43,0.13,42.74,0.14,10.0,0.87,42.74,0.86,10.0,0.88,223.67,0.89,37.43,0.01,0.01,2289.753875,1776349409000
1776349410.909,210.909,0.11,152.43,0.1,140.0,0.13,62.74,0.14,127.0,0.87,57.74,0.86,127.0,0.88,73.89,0.89,154.43,0.02,0.01,2289.753875,1776349409000
1776349411.139,211.139,0.12,173.94,0.11,35.43,0.13,31.74,0.14,122.0,0.87,163.74,0.86,5.0,0.88,165.05,0.89,35.43,0.01,0.01,2289.563459,1776349410000
1776349411.365,211.365,0.12,136.67,0.11,35.43,0.13,154.27,0.14,5.0,0.87,162.74,0.86,5.0,0.88,136.67,0.89,35.43,0.01,0.01,2289.563459,1776349410000
1776349411.572,211.572,0.12,146.21,0.11,35.43,0.13,37.27,0.14,122.0,0.87,154.27,0.86,5.0,0.88,136.67,0.89,35.43,0.01,0.01,2289.563459,1776349410000
1776349411.774,211.774,0.12,117.5,0.11,58.43,0.13,37.27,0.14,122.0,0.87,37.27,0.86,122.0,0.88,146.21,0.89,152.43,0.01,0.01,2289.563459,1776349410000
1776349412.23,212.23,0.12,149.0,0.11,152.43,0.13,23.27,0.14,122.0,0.87,37.27,0.86,122.0,0.88,117.5,0.89,58.43,0.01,0.01,2289.563459,1776349410000
1776349412.444,212.444,0.12,24.0,0.11,152.43,0.13,33.27,0.14,10.0,0.87,28.27,0.86,10.0,0.88,143.0,0.89,152.43,0.01,0.01,2289.7628,1776349411000
1776349412.653,212.653,0.1,150.5,0.09,55.0,0.12,1.66,0.13,10.0,0.86,8.79,0.85,143.0,0.89,127.66,0.9,140.0,0.02,0.03,2289.7628,1776349411000
1776349412.863,212.863,0.1,256.88,0.09,55.0,0.11,15.0,0.12,15.0,0.89,15.0,0.88,15.0,0.9,263.5,0.91,55.0,0.01,0.01,2289.7628,1776349411000
1776349413.46,213.46,0.1,297.01,0.09,214.51,0.11,5.0,0.12,15.0,0.89,5.0,0.88,20.0,0.9,154.28,0.91,321.51,0.01,0.01,2289.691246,1776349412000
1776349413.678,213.678,0.1,265.95,0.09,214.51,0.11,17.8,0.12,8.75,0.88,8.75,0.87,10.0,0.9,297.01,0.91,214.51,0.01,0.02,2289.691246,1776349412000
1776349413.948,213.948,0.13,8.72,0.11,30.5,0.15,8.53,0.16,10.0,0.86,3.79,0.85,26.0,0.89,19.22,0.9,247.17,0.02,0.03,2289.691246,1776349412000
1776349414.312,214.312,0.12,73.1,0.11,10.0,0.15,20.65,0.16,10.0,0.87,1.53,0.86,10.0,0.88,24.0,0.89,113.2,0.03,0.01,2289.698195,1776349413000
1776349414.66,214.66,0.13,31.27,0.12,16.8,0.14,12.14,0.15,20.65,0.86,2.14,0.85,20.65,0.87,48.1,0.88,50.9,0.01,0.01,2289.698195,1776349413000
1776349414.974,214.974,0.13,6.27,0.12,6.8,0.14,32.0,0.15,26.15,0.86,2.63,0.85,38.15,0.87,31.27,0.88,6.8,0.01,0.01,2289.698195,1776349413000
1776349415.224,215.224,0.1,105.0,0.09,214.51,0.12,20.61,0.13,66.5,0.88,20.61,0.87,54.5,0.9,105.0,0.91,214.51,0.02,0.02,2289.698195,1776349413000
1776349415.555,215.555,0.11,34.0,0.1,105.0,0.13,1.53,0.14,10.0,0.88,20.61,0.87,66.5,0.9,105.0,0.91,214.51,0.02,0.02,2289.698195,1776349413000
1776349415.901,215.901,0.12,10.0,0.11,10.0,0.13,30.4,0.14,29.03,0.86,12.03,0.85,21.15,0.89,15.0,0.9,105.0,0.01,0.03,2289.844445,1776349414000
1776349416.663,216.663,0.11,10.0,0.1,105.0,0.13,25.4,0.14,29.03,0.87,30.4,0.86,29.03,0.88,10.0,0.89,10.0,0.02,0.01,2290.048248,1776349415000
1776349417.071,217.071,0.1,105.0,0.09,170.51,0.11,5.12,0.13,20.9,0.87,14.9,0.86,29.03,0.89,4.88,0.9,105.0,0.01,0.02,2290.048248,1776349415000
1776349417.295,217.295,0.1,99.91,0.09,170.51,0.13,32.87,0.14,17.03,0.87,22.87,0.86,17.03,0.9,103.33,0.91,170.51,0.03,0.03,2289.637679,1776349416000
1776349417.502,217.502,0.11,10.0,0.1,72.68,0.12,7.49,0.13,48.37,0.88,11.66,0.87,27.37,0.89,10.0,0.9,72.68,0.01,0.01,2289.637679,1776349416000
1776349417.731,217.731,0.12,3.29,0.11,10.0,0.13,255.37,0.14,117.03,0.87,255.37,0.86,117.03,0.88,5.0,0.89,15.0,0.01,0.01,2289.637679,1776349416000
1776349417.948,217.948,0.12,8.23,0.11,10.0,0.13,296.9,0.14,117.03,0.87,246.9,0.86,117.03,0.88,1.58,0.89,10.0,0.01,0.01,2289.637679,1776349416000
1776349418.235,218.235,0.11,10.0,0.1,90.68,0.13,260.81,0.14,117.03,0.87,269.28,0.86,117.03,0.89,10.0,0.9,90.68,0.02,0.02,2289.637679,1776349416000
1776349418.451,218.451,0.1,72.68,0.09,195.51,0.13,260.81,0.14,117.03,0.87,260.81,0.86,117.03,0.89,8.66,0.9,72.68,0.03,0.02,2289.637679,1776349416000
1776349418.682,218.682,0.11,5.0,0.1,72.68,0.12,125.33,0.13,132.81,0.88,125.33,0.87,132.81,0.9,72.68,0.91,195.51,0.01,0.02,2289.54365,1776349417000
1776349419.002,219.002,0.1,10.0,0.09,195.51,0.12,131.41,0.13,82.81,0.88,126.0,0.87,132.81,0.91,195.51,0.92,212.9,0.02,0.03,2289.54365,1776349417000
1776349419.343,219.343,0.1,15.0,0.09,195.51,0.12,196.74,0.13,82.81,0.88,131.41,0.87,82.81,0.9,10.0,0.91,195.51,0.02,0.02,2289.54375,1776349418000
1776349419.678,219.678,0.08,74.0,0.07,29.0,0.1,170.5,0.11,25.5,0.88,196.74,0.87,82.81,0.9,15.0,0.91,195.51,0.02,0.02,2289.54375,1776349418000
1776349419.967,219.967,0.08,8.91,0.07,28.54,0.09,42.5,0.1,213.5,0.91,27.65,0.9,183.5,0.93,28.54,0.94,114.8,0.01,0.02,2289.54375,1776349418000
1776349420.415,220.415,0.05,254.58,0.04,185.8,0.08,22.0,0.09,182.27,0.91,197.27,0.9,98.5,0.94,187.81,0.95,279.28,0.03,0.03,2289.521435,1776349419000
1776349420.665,220.665,0.07,179.0,0.06,58.0,0.08,5.0,0.09,194.53,0.91,184.53,0.9,111.25,0.93,404.0,0.94,58.0,0.01,0.02,2289.521435,1776349419000
1776349420.915,220.915,0.07,48.0,0.06,175.0,0.09,129.68,0.1,80.25,0.91,129.68,0.9,91.25,0.93,85.89,0.94,213.0,0.02,0.02,2289.521435,1776349419000
1776349421.148,221.148,0.07,44.77,0.06,212.0,0.09,27.0,0.1,197.25,0.91,17.0,0.9,197.25,0.93,48.0,0.94,175.0,0.02,0.02,2289.521435,1776349419000
1776349421.605,221.605,0.08,74.51,0.07,75.0,0.09,3.65,0.1,212.25,0.91,9.77,0.9,191.25,0.92,65.0,0.93,127.0,0.01,0.01,2289.375936,1776349420000
1776349421.839,221.839,0.09,20.68,0.08,72.18,0.1,209.53,0.11,20.5,0.9,204.53,0.89,20.5,0.92,74.51,0.93,75.0,0.01,0.02,2289.375936,1776349420000
1776349422.065,222.065,0.09,12.38,0.08,368.18,0.1,208.53,0.11,20.5,0.9,203.53,0.89,20.5,0.91,17.38,0.92,52.18,0.01,0.01,2289.375936,1776349420000
1776349422.305,222.305,0.08,47.18,0.07,131.0,0.09,5.0,0.1,188.63,0.91,5.0,0.9,193.63,0.92,297.82,0.93,819.0,0.01,0.01,2288.998214,1776349421000
1776349422.652,222.652,0.08,42.18,0.07,49.0,0.09,52.0,0.1,178.63,0.91,4.5,0.9,188.63,0.92,47.18,0.93,33.0,0.01,0.01,2288.998214,1776349421000
1776349422.893,222.893,0.07,39.0,0.06,87.0,0.08,5.0,0.09,171.5,0.91,176.0,0.9,61.63,0.93,44.0,0.94,82.0,0.01,0.02,2288.998214,1776349421000
1776349423.107,223.107,0.06,230.7,0.05,237.78,0.08,10.0,0.09,169.5,0.92,5.0,0.91,171.5,0.93,39.0,0.94,87.0,0.02,0.01,2288.998214,1776349421000
1776349423.443,223.443,0.08,37.91,0.07,45.88,0.1,179.13,0.11,20.5,0.91,152.0,0.9,61.63,0.92,14.62,0.93,12.88,0.02,0.01,2289.016061,1776349422000
1776349424.024,224.024,0.09,10.0,0.08,23.0,0.1,23.75,0.11,20.0,0.9,76.14,0.89,137.5,0.92,11.73,0.93,7.88,0.01,0.02,2289.063721,1776349423000
1776349424.225,224.225,0.09,39.25,0.08,10.0,0.1,5.0,0.11,10.0,0.89,5.0,0.88,20.0,0.91,44.25,0.92,10.0,0.01,0.02,2289.063721,1776349423000
1776349424.461,224.461,0.09,6.03,0.08,24.0,0.1,20.0,0.11,20.0,0.9,5.0,0.89,10.0,0.91,39.25,0.92,10.0,0.01,0.01,2289.063721,1776349423000
1776349425.5,225.5,0.09,33.35,0.08,127.0,0.11,15.0,0.12,25.0,0.9,10.0,0.89,142.0,0.91,5.0,0.92,24.0,0.02,0.01,2288.95835,1776349424000
1776349425.706,225.706,0.1,9.43,0.09,127.0,0.11,10.0,0.12,137.0,0.89,10.0,0.88,147.0,0.9,6.1,0.91,151.56,0.01,0.01,2288.95835,1776349424000
1776349425.945,225.945,0.11,4.0,0.1,20.5,0.12,10.0,0.13,10.0,0.88,137.0,0.87,25.5,0.9,3.88,0.91,127.0,0.01,0.02,2288.95835,1776349424000
1776349426.291,226.291,0.12,30.5,0.11,137.5,0.14,10.0,0.15,21.65,0.88,10.0,0.87,10.0,0.89,4.0,0.9,20.5,0.02,0.01,2289.4951,1776349425000
1776349426.679,226.679,0.13,33.65,0.12,137.5,0.14,10.0,0.15,21.65,0.86,10.0,0.85,21.65,0.88,30.5,0.89,137.5,0.01,0.02,2289.4951,1776349425000
1776349427.22,227.22,0.14,47.0,0.13,140.59,0.15,3.55,0.16,132.0,0.85,13.55,0.84,127.0,0.86,12.37,0.87,23.09,0.01,0.01,2289.4951,1776349425000
1776349427.43,227.43,0.15,5.0,0.14,30.0,0.16,112.32,0.17,10.0,0.84,122.32,0.83,10.0,0.87,140.33,0.88,20.5,0.01,0.03,2289.633215,1776349426000
1776349428.108,228.108,0.17,10.0,0.16,15.0,0.18,15.0,0.19,187.88,0.84,112.32,0.83,10.0,0.85,5.0,0.86,30.0,0.01,0.01,2289.633215,1776349426000
1776349428.604,228.604,0.18,14.4,0.17,20.5,0.19,60.88,0.2,18.88,0.82,15.0,0.81,187.88,0.83,10.0,0.84,15.0,0.01,0.01,2290.139987,1776349427000
1776349428.951,228.951,0.18,10.0,0.17,114.69,0.19,43.39,0.2,8.88,0.81,48.66,0.8,18.88,0.82,29.27,0.83,137.5,0.01,0.01,2290.139987,1776349427000
1776349429.28,229.28,0.18,20.5,0.17,231.69,0.19,15.12,0.2,18.88,0.81,25.12,0.8,18.88,0.82,27.62,0.83,231.69,0.01,0.01,2290.139987,1776349427000
1776349429.485,229.485,0.18,42.09,0.17,231.69,0.19,15.12,0.2,18.88,0.81,15.12,0.8,18.88,0.82,20.5,0.83,231.69,0.01,0.01,2290.139987,1776349427000
1776349430.228,230.228,0.17,23.79,0.16,10.0,0.18,20.0,0.19,147.12,0.81,15.12,0.8,18.88,0.82,42.09,0.83,231.69,0.01,0.01,2290.510503,1776349428000
1776349430.479,230.479,0.14,62.76,0.13,72.83,0.18,12.03,0.19,147.12,0.82,12.03,0.81,147.12,0.83,14.0,0.84,10.0,0.04,0.01,2290.838145,1776349429000
1776349430.877,230.877,0.17,7.83,0.16,20.5,0.18,10.0,0.19,25.12,0.82,12.03,0.81,147.12,0.86,62.76,0.87,72.83,0.01,0.04,2290.838145,1776349429000
1776349431.546,231.546,0.17,19.29,0.16,137.5,0.18,10.0,0.19,25.12,0.82,10.0,0.81,25.12,0.84,101.82,0.85,10.0,0.01,0.02,2291.11024,1776349430000
1776349432.034,232.034,0.14,10.5,0.13,12.83,0.17,6.0,0.18,15.0,0.82,10.0,0.81,25.12,0.83,19.29,0.84,137.5,0.03,0.01,2291.040457,1776349431000
1776349432.688,232.688,0.15,3.49,0.14,10.0,0.16,32.0,0.17,11.0,0.83,6.0,0.82,15.0,0.86,10.5,0.87,12.83,0.01,0.03,2291.040457,1776349431000
1776349432.935,232.935,0.13,18.33,0.12,20.0,0.15,15.0,0.16,165.0,0.84,32.0,0.83,11.0,0.85,3.49,0.86,10.0,0.02,0.01,2291.17378,1776349432000
1776349433.216,233.216,0.14,10.0,0.13,25.5,0.15,25.0,0.16,137.0,0.85,15.0,0.84,165.0,0.87,18.33,0.88,20.0,0.01,0.02,2291.17378,1776349432000
1776349433.611,233.611,0.14,30.0,0.13,25.5,0.15,13.33,0.16,137.0,0.85,25.0,0.84,137.0,0.86,10.0,0.87,25.5,0.01,0.01,2291.17378,1776349432000
1776349435.503,235.503,0.12,18.57,0.11,25.5,0.14,117.0,0.15,13.33,0.85,13.33,0.84,137.0,0.86,30.0,0.87,25.5,0.02,0.01,2291.024809,1776349434000
1776349436.708,236.708,0.12,5.0,0.11,65.0,0.13,10.0,0.14,10.0,0.86,4.21,0.85,23.33,0.88,18.57,0.89,192.5,0.01,0.02,2291.006051,1776349435000
1776349436.98,236.98,0.13,14.0,0.12,15.0,0.14,10.0,0.15,15.0,0.87,10.0,0.86,10.0,0.88,5.0,0.89,65.0,0.01,0.01,2291.006051,1776349435000
1776349437.457,237.457,0.12,5.0,0.1,10.0,0.13,39.3,0.14,25.0,0.86,10.0,0.85,15.0,0.87,14.0,0.88,15.0,0.01,0.01,2290.931729,1776349436000
1776349437.669,237.669,0.12,18.0,0.11,10.0,0.13,15.3,0.14,25.0,0.87,176.3,0.86,25.0,0.9,2.25,0.91,15.0,0.01,0.03,2290.931729,1776349436000
1776349438.165,238.165,0.14,34.0,0.13,10.0,0.15,2.61,0.16,10.0,0.87,15.3,0.86,25.0,0.88,18.0,0.89,10.0,0.01,0.01,2290.869542,1776349437000
1776349439.166,239.166,0.19,84.88,0.18,277.5,0.2,8.88,0.25,10.0,0.85,2.61,0.84,10.0,0.86,34.0,0.87,10.0,0.01,0.01,2290.899275,1776349438000
1776349439.394,239.394,0.24,10.0,0.23,10.0,0.26,10.0,0.27,25.5,0.75,10.0,0.74,10.0,0.81,100.78,0.82,110.0,0.02,0.06,2290.899275,1776349438000
1776349439.761,239.761,0.25,33.0,0.24,10.0,0.27,132.0,0.28,25.5,0.74,10.0,0.73,25.5,0.76,10.0,0.77,10.0,0.02,0.02,2290.899275,1776349438000
1776349440.016,240.016,0.27,1.66,0.26,10.0,0.28,20.5,0.29,132.0,0.72,20.5,0.71,15.0,0.73,7.83,0.74,20.0,0.01,0.01,2290.899275,1776349438000
1776349440.26,240.26,0.25,5.0,0.24,10.0,0.27,10.0,0.28,127.0,0.72,20.5,0.71,132.0,0.73,1.66,0.74,10.0,0.02,0.01,2290.965154,1776349439000
1776349440.721,240.721,0.27,24.7,0.26,10.0,0.29,10.0,0.3,127.0,0.73,10.0,0.72,127.0,0.75,5.0,0.76,10.0,0.02,0.02,2290.965154,1776349439000
1776349441.058,241.058,0.21,5.0,0.2,10.0,0.26,15.0,0.27,10.0,0.72,5.0,0.7,10.0,0.74,5.0,0.75,5.0,0.05,0.02,2290.965154,1776349439000
1776349441.346,241.346,0.19,90.55,0.18,100.0,0.21,5.0,0.22,15.0,0.76,7.37,0.75,5.0,0.8,45.0,0.81,90.55,0.02,0.04,2291.73445,1776349440000
1776349442.508,242.508,0.23,12.25,0.22,15.0,0.24,117.0,0.27,20.0,0.72,5.24,0.71,20.0,0.81,90.55,0.82,110.0,0.01,0.09,2292.0578,1776349441000
1776349442.766,242.766,0.29,4.92,0.28,10.0,0.3,135.0,0.31,90.0,0.76,117.0,0.73,20.0,0.77,12.25,0.78,15.0,0.01,0.01,2292.0578,1776349441000
1776349443.012,243.012,0.27,6.4,0.26,15.0,0.3,132.0,0.31,24.0,0.7,122.0,0.69,24.0,0.71,13.81,0.72,10.0,0.03,0.01,2292.0578,1776349441000
1776349443.514,243.514,0.25,15.0,0.24,10.0,0.28,31.0,0.29,10.0,0.7,132.0,0.69,29.0,0.73,6.4,0.74,15.0,0.03,0.03,2292.119041,1776349442000
1776349443.757,243.757,0.27,13.34,0.25,15.0,0.28,10.0,0.29,132.0,0.72,31.0,0.71,10.0,0.75,15.0,0.76,10.0,0.01,0.03,2292.119041,1776349442000
1776349444.148,244.148,0.25,15.0,0.24,20.0,0.26,8.81,0.27,10.0,0.72,20.0,0.71,132.0,0.77,10.0,0.78,15.0,0.01,0.05,2292.119041,1776349442000
1776349444.392,244.392,0.25,2.68,0.24,10.0,0.26,8.81,0.27,15.0,0.74,8.81,0.73,10.0,0.75,15.0,0.76,20.0,0.01,0.01,2292.119041,1776349442000
1776349445.548,245.548,0.18,44.85,0.17,49.0,0.22,152.03,0.23,10.0,0.74,8.81,0.73,15.0,0.75,2.68,0.76,10.0,0.04,0.01,2291.92445,1776349443000
1776349446.297,246.297,0.19,4.0,0.18,10.0,0.2,10.0,0.21,10.0,0.78,152.03,0.77,10.0,0.82,44.85,0.83,49.0,0.01,0.04,2292.1783,1776349444000
1776349447.294,247.294,0.12,11.0,0.11,60.0,0.17,20.0,0.18,132.0,0.8,10.0,0.79,10.0,0.81,4.0,0.82,10.0,0.05,0.01,2292.027514,1776349445000
1776349447.584,247.584,0.12,6.12,0.11,60.0,0.13,38.0,0.14,15.0,0.87,10.0,0.86,10.0,0.88,10.9,0.89,60.0,0.01,0.01,2291.923157,1776349446000
1776349448.235,248.235,0.13,4.77,0.12,16.12,0.14,142.0,0.15,10.0,0.87,38.0,0.86,15.0,0.88,6.12,0.89,60.0,0.01,0.01,2291.923157,1776349446000
1776349449.714,249.714,0.11,60.0,0.1,44.99,0.12,7.13,0.13,5.0,0.86,142.0,0.85,10.0,0.87,4.77,0.88,16.12,0.01,0.01,2291.901032,1776349447000
1776349450.195,250.195,0.1,2.14,0.09,127.0,0.12,7.13,0.13,5.0,0.88,7.13,0.87,5.0,0.89,60.0,0.9,44.99,0.02,0.01,2291.395276,1776349448000
1776349450.728,250.728,0.11,30.0,0.1,12.14,0.12,0.13,0.13,127.0,0.88,7.13,0.87,5.0,0.9,2.14,0.91,127.0,0.01,0.02,2291.398677,1776349449000
1776349451.485,251.485,0.07,20.54,0.06,10.0,0.08,147.0,0.09,125.0,0.88,0.13,0.87,127.0,0.89,30.0,0.9,12.14,0.01,0.01,2291.339818,1776349450000
1776349451.822,251.822,0.07,0.3,0.06,177.0,0.08,23.0,0.09,100.0,0.92,100.0,0.91,242.0,0.93,20.3,0.94,60.0,0.01,0.01,2291.339818,1776349450000
1776349452.085,252.085,0.09,8.9,0.08,40.0,0.1,10.0,0.11,127.0,0.91,100.0,0.9,10.0,0.93,24.3,0.94,177.0,0.01,0.02,2291.339818,1776349450000
1776349452.867,252.867,0.09,7.05,0.08,45.0,0.12,117.0,0.13,10.0,0.89,97.09,0.88,0.13,0.91,8.9,0.92,40.0,0.03,0.02,2291.251694,1776349451000
1776349453.151,253.151,0.11,14.0,0.09,7.05,0.12,127.0,0.13,10.0,0.88,117.0,0.87,10.0,0.91,7.05,0.92,45.0,0.01,0.03,2291.251694,1776349451000
1776349453.475,253.475,0.09,6.81,0.08,45.0,0.11,5.0,0.12,127.0,0.88,127.0,0.87,10.0,0.91,6.81,0.92,162.0,0.02,0.03,2291.191666,1776349452000
1776349453.918,253.918,0.12,7.95,0.11,55.0,0.13,10.0,0.14,127.0,0.86,10.0,0.85,10.0,0.91,5.71,0.92,187.0,0.01,0.05,2291.191666,1776349452000
1776349454.506,254.506,0.11,53.87,0.1,49.0,0.12,10.0,0.13,127.0,0.88,10.0,0.87,10.0,0.89,53.87,0.9,49.0,0.01,0.01,2291.2167,1776349453000
1776349454.718,254.718,0.07,30.3,0.06,270.8,0.09,9.78,0.1,29.0,0.88,10.0,0.87,127.0,0.89,53.87,0.9,49.0,0.02,0.01,2291.2167,1776349453000
1776349455.106,255.106,0.07,0.3,0.06,10.0,0.09,122.66,0.1,39.0,0.91,9.78,0.9,29.0,0.93,30.3,0.94,270.8,0.02,0.02,2291.2167,1776349453000
1776349455.843,255.843,0.05,29.41,0.04,148.8,0.07,22.0,0.08,174.0,0.91,146.66,0.9,39.0,0.94,6.83,0.95,108.88,0.02,0.03,2291.30944,1776349454000
1776349456.084,256.084,0.05,34.41,0.04,265.8,0.06,13.22,0.07,20.38,0.93,22.0,0.92,174.0,0.95,29.41,0.96,148.8,0.01,0.02,2291.30944,1776349454000
1776349457.134,257.134,0.05,39.41,0.04,270.8,0.08,122.0,0.09,24.78,0.94,13.22,0.93,20.38,0.95,34.41,0.96,265.8,0.03,0.01,2291.151831,1776349456000
1776349457.51,257.51,0.07,8.92,0.06,10.0,0.08,20.43,0.09,151.78,0.92,122.0,0.91,24.78,0.95,39.41,0.96,270.8,0.01,0.03,2291.151831,1776349456000
1776349458.275,258.275,0.07,7.84,0.06,10.0,0.08,10.0,0.09,141.78,0.92,20.43,0.91,151.78,0.93,8.92,0.94,10.0,0.01,0.01,2291.151831,1776349456000
1776349458.517,258.517,0.06,6.9,0.05,29.41,0.07,20.0,0.08,132.43,0.92,10.0,0.91,141.78,0.93,7.84,0.94,10.0,0.01,0.01,2290.73102,1776349457000
1776349458.991,258.991,0.05,22.95,0.04,55.0,0.06,22.0,0.07,6.99,0.93,1.99,0.92,127.0,0.95,26.11,0.96,148.8,0.01,0.02,2290.73102,1776349457000
1776349459.719,259.719,0.04,58.95,0.03,166.0,0.05,20.26,0.06,137.0,0.94,173.32,0.93,6.99,0.96,55.0,0.97,166.0,0.01,0.02,2290.750346,1776349458000
1776349459.925,259.925,0.04,53.02,0.03,289.7,0.05,9.33,0.06,137.0,0.95,9.33,0.94,137.0,0.96,54.07,0.97,289.7,0.01,0.01,2290.750346,1776349458000
1776349460.583,260.583,0.04,32.87,0.03,166.0,0.05,14.59,0.06,142.0,0.95,14.59,0.94,137.0,0.96,44.87,0.97,289.7,0.01,0.01,2290.764884,1776349459000
1776349461.266,261.266,0.04,19.82,0.03,166.0,0.05,14.33,0.06,142.0,0.95,19.59,0.94,142.0,0.96,20.87,0.97,166.0,0.01,0.01,2290.764884,1776349459000
1776349461.913,261.913,0.03,164.99,0.02,508.44,0.05,19.33,0.06,152.0,0.95,14.33,0.94,142.0,0.96,19.82,0.97,166.0,0.02,0.01,2290.331925,1776349460000
1776349462.166,262.166,0.03,143.49,0.02,508.44,0.04,5.0,0.05,46.59,0.95,41.59,0.94,152.0,0.97,163.55,0.98,508.44,0.01,0.02,2290.27433,1776349461000
1776349462.395,262.395,0.03,132.15,0.02,324.74,0.04,25.21,0.05,151.33,0.96,20.21,0.95,141.33,0.97,137.3,0.98,324.74,0.01,0.01,2290.27433,1776349461000
1776349462.745,262.745,0.03,70.44,0.02,324.74,0.04,20.0,0.05,141.33,0.96,20.0,0.95,141.33,0.97,79.01,0.98,324.74,0.01,0.01,2290.27433,1776349461000
1776349462.985,262.985,0.03,73.36,0.02,324.74,0.04,20.21,0.05,141.33,0.96,20.21,0.95,141.33,0.97,69.4,0.98,324.74,0.01,0.01,2290.27433,1776349461000
1776349463.24,263.24,0.03,58.05,0.02,324.74,0.04,5.21,0.05,137.0,0.96,15.0,0.95,141.33,0.97,58.05,0.98,324.74,0.01,0.01,2290.159703,1776349462000
1776349463.567,263.567,0.03,10.0,0.02,274.34,0.05,122.21,0.06,15.0,0.96,10.42,0.95,137.0,0.98,269.34,0.99,7597.6,0.02,0.02,2290.159703,1776349462000
1776349463.789,263.789,0.02,273.01,0.01,7573.6,0.04,15.21,0.05,122.21,0.96,10.0,0.95,122.21,0.97,3.96,0.98,269.04,0.02,0.01,2290.159703,1776349462000
1776349464.635,264.635,0.02,251.98,0.01,7725.6,0.03,5.15,0.04,10.0,0.96,15.21,0.95,122.21,0.98,248.01,0.99,7583.6,0.01,0.02,2289.899822,1776349463000
1776349464.973,264.973,0.03,31.31,0.02,225.55,0.04,10.0,0.05,113.38,0.95,113.38,0.94,15.0,0.97,35.58,0.98,225.55,0.01,0.02,2289.899822,1776349463000
1776349465.804,265.804,0.02,224.52,0.01,7610.6,0.04,10.0,0.05,113.38,0.96,10.0,0.95,113.38,0.97,1.31,0.98,225.55,0.02,0.01,2289.8449,1776349464000
1776349466.322,266.322,0.02,121.45,0.01,7573.6,0.04,71.0,0.05,124.82,0.96,20.0,0.95,113.38,0.98,122.48,0.99,7573.6,0.02,0.02,2290.02755,1776349465000
1776349466.633,266.633,0.02,90.42,0.01,7573.6,0.04,178.0,0.05,26.44,0.96,76.0,0.95,124.82,0.98,120.42,0.99,7573.6,0.02,0.02,2290.02755,1776349465000
1776349467.287,267.287,0.01,7610.6,,,0.04,127.0,0.05,15.0,0.96,183.0,0.95,26.44,0.98,15.42,0.99,7573.6,0.03,0.02,2290.088608,1776349466000
1776349467.671,267.671,0.02,5.0,0.01,7652.6,0.03,10.0,0.04,127.0,0.96,127.0,0.95,15.0,0.99,7610.6,,,0.01,0.03,2290.088608,1776349466000
1776349467.914,267.914,0.01,7600.6,,,0.03,10.0,0.04,157.0,0.97,10.0,0.96,127.0,0.98,5.0,0.99,7652.6,0.02,0.01,2290.088608,1776349466000
1776349468.235,268.235,0.01,7553.6,,,0.03,16.28,0.04,157.0,0.97,10.0,0.96,157.0,0.99,7600.6,,,0.02,0.02,2289.932697,1776349467000
1776349468.688,268.688,0.01,7523.6,,,0.03,16.28,0.04,162.0,0.97,16.28,0.96,157.0,0.99,7553.6,,,0.02,0.02,2289.932697,1776349467000
1776349469.161,269.161,0.01,7230.59,,,0.03,77.28,0.04,138.44,0.97,16.28,0.96,162.0,0.99,7422.59,,,0.02,0.02,2290.10266,1776349468000
1776349469.427,269.427,0.01,7160.08,,,0.03,200.28,0.04,21.44,0.97,200.28,0.96,21.44,0.99,7210.59,,,0.02,0.02,2290.10266,1776349468000
1776349469.703,269.703,0.01,7154.01,,,0.03,216.72,0.04,10.0,0.97,200.28,0.96,10.0,0.99,7159.06,,,0.02,0.02,2290.10266,1776349468000
1776349470.234,270.234,0.01,6659.39,,,0.03,211.72,0.04,10.0,0.97,216.72,0.96,10.0,0.99,7124.01,,,0.02,0.02,2290.099401,1776349469000
1776349470.522,270.522,0.01,6086.55,,,0.02,5.0,0.03,206.72,0.98,5.0,0.97,206.72,0.99,6629.39,,,0.01,0.01,2290.099401,1776349469000
1776349470.84,270.84,0.01,6082.49,,,0.03,206.72,0.04,103.7,0.97,206.72,0.96,103.7,0.98,11.1,0.99,6086.55,0.02,0.01,2290.099401,1776349469000
1776349471.58,271.58,0.01,5903.38,,,0.03,330.42,0.04,113.7,0.97,206.72,0.96,103.7,0.99,6068.44,,,0.02,0.02,2289.9023,1776349470000
1776349471.896,271.896,0.02,627.0,0.01,6689.38,0.05,10.0,0.06,10.0,0.97,330.42,0.96,113.7,0.99,5903.38,,,0.03,0.02,2289.9023,1776349470000
1776349472.097,272.097,0.06,15.0,0.05,10.0,0.09,122.04,0.1,20.0,0.91,97.04,0.9,20.0,0.94,10.0,0.95,10.0,0.03,0.03,2289.7446,1776349471000
1776349472.39,272.39,0.04,12.84,0.03,282.33,0.09,115.0,0.1,15.0,0.91,149.95,0.9,39.0,0.93,7.84,0.94,10.0,0.05,0.02,2289.7446,1776349471000
1776349472.67,272.67,0.02,12.97,0.01,2428.6,0.03,30.0,0.04,238.44,0.96,15.0,0.95,34.0,0.97,3.96,0.98,36.0,0.01,0.01,2289.7446,1776349471000
1776349472.873,272.873,0.03,10.0,0.02,10.0,0.04,39.98,0.06,39.0,0.96,114.23,0.94,24.0,0.98,10.0,0.99,2282.35,0.01,0.02,2289.7446,1776349471000
1776349473.191,273.191,0.03,3.77,0.02,10.0,0.04,126.98,0.06,34.0,0.96,39.98,0.94,39.0,0.97,9.9,0.98,10.0,0.01,0.01,2289.696632,1776349472000
1776349473.425,273.425,0.02,6.42,0.01,2282.35,0.03,5.54,0.04,131.98,0.96,131.98,0.94,34.0,0.98,6.42,0.99,2282.35,0.01,0.02,2289.696632,1776349472000
1776349473.737,273.737,0.02,6.32,0.01,2282.35,0.03,15.54,0.04,126.98,0.97,5.54,0.96,131.98,0.98,6.42,0.99,2282.35,0.01,0.01,2289.696632,1776349472000
1776349473.997,273.997,0.01,1824.07,,,0.03,15.54,0.04,126.98,0.97,15.54,0.96,126.98,0.98,6.32,0.99,2282.35,0.02,0.01,2289.696632,1776349472000
1776349474.405,274.405,0.01,1823.86,,,0.03,10.54,0.04,126.98,0.97,15.54,0.96,136.98,0.99,1823.86,,,0.02,0.02,2289.696632,1776349472000
1776349475.277,275.277,0.01,1796.17,,,0.03,15.54,0.04,126.98,0.97,10.54,0.96,126.98,0.99,1823.86,,,0.02,0.02,2290.307547,1776349474000
1776349476.186,276.186,0.01,1649.17,,,0.02,341.0,0.03,561.54,0.97,15.54,0.96,126.98,0.99,1796.17,,,0.01,0.02,2289.78777,1776349475000
1776349476.459,276.459,0.01,1473.63,,,0.02,435.0,0.03,677.54,0.98,441.0,0.97,561.54,0.99,1473.63,,,0.01,0.01,2289.78777,1776349475000
1776349476.664,276.664,,,,,0.02,442.0,0.03,683.54,0.98,442.0,0.97,683.54,0.99,1458.52,,,,0.01,2289.78777,1776349475000
1776349476.904,276.904,,,,,0.02,160.52,0.03,377.54,0.98,442.0,0.97,683.54,,,,,,,2289.78777,1776349475000
1776349477.157,277.157,,,,,0.01,429.96,0.02,160.52,0.99,336.07,0.98,160.52,,,,,,,2289.78777,1776349475000
1776349477.424,277.424,,,,,0.01,223.64,0.03,377.54,0.99,414.64,0.98,160.52,,,,,,,2289.80017,1776349476000
1776349478.467,278.467,,,,,0.01,216.17,0.03,277.54,0.99,218.58,0.97,377.54,,,,,,,2288.740515,1776349477000
1776349478.964,278.964,,,,,0.01,207.13,0.03,277.54,0.99,216.17,0.97,277.54,,,,,,,2288.740515,1776349477000
1776349479.801,279.801,,,,,0.01,152.17,0.03,277.54,0.99,207.13,0.97,277.54,,,,,,,2288.75813,1776349478000
1776349480.221,280.221,,,,,0.01,8524.51,0.02,117.0,0.99,152.17,0.97,277.54,,,,,,,2288.850421,1776349479000
1776349480.487,280.487,,,,,0.01,12295.53,0.02,117.0,0.99,8514.53,0.98,117.0,,,,,,,2288.850421,1776349479000
1776349481.906,281.906,,,,,0.01,9363.3,0.02,117.0,0.99,12295.53,0.98,117.0,,,,,,,2289.191227,1776349480000
1776349482.501,282.501,,,,,0.01,9361.01,0.02,117.0,0.99,9363.3,0.98,117.0,,,,,,,2289.3792,1776349481000
1776349486.586,286.586,,,,,0.01,9925.89,0.02,117.0,0.99,9361.01,0.98,117.0,,,,,,,2286.089267,1776349485000
1776349489.005,289.005,,,,,0.01,10002.59,0.02,117.0,0.99,9925.89,0.98,117.0,,,,,,,2286.571199,1776349487000
1776349499.72,299.72,,,,,0.01,32833.79,0.02,130.1,0.99,10002.59,0.98,117.0,,,,,,,2289.736035,1776349498000
1776349500.7,300.7,,,,,0.01,72721.23,0.02,125.1,0.99,32833.79,0.98,130.1,,,,,,,2289.833835,1776349499000

# RESULT,winner=Down,slug=eth-updown-5m-1776349200,ticks=543
