timestamp,elapsed_sec,up_bid_p1,up_bid_s1,up_bid_p2,up_bid_s2,up_ask_p1,up_ask_s1,up_ask_p2,up_ask_s2,down_bid_p1,down_bid_s1,down_bid_p2,down_bid_s2,down_ask_p1,down_ask_s1,down_ask_p2,down_ask_s2,up_spread,down_spread,eth_price,eth_oracle_ts
1776267600.573,0.573,0.52,8.0,0.51,5.0,0.53,18.51,0.54,150.0,0.47,18.51,0.46,150.0,0.48,10.0,0.49,5.0,0.01,0.01,2328.175332,1776267599000
1776267601.391,1.391,0.52,8.0,0.51,5.0,0.53,13.51,0.55,5.0,0.47,18.51,0.46,150.0,0.48,8.0,0.49,5.0,0.01,0.01,2328.175332,1776267599000
1776267601.799,1.799,0.52,33.0,0.51,35.0,0.53,13.51,0.55,5.0,0.47,13.51,0.45,5.0,0.48,8.0,0.49,5.0,0.01,0.01,2328.125611,1776267600000
1776267602.14,2.14,0.52,55.0,0.51,35.0,0.57,9.28,0.58,13.0,0.47,8.51,0.45,5.0,0.48,45.0,0.49,35.0,0.05,0.01,2328.125611,1776267601000
1776267602.451,2.451,0.55,14.6,0.54,5.0,0.56,15.0,0.57,5.0,0.42,13.0,0.41,14.0,0.45,6.0,0.47,30.0,0.01,0.03,2328.125611,1776267601000
1776267603.415,3.415,0.55,44.6,0.54,15.0,0.56,1.0,0.57,34.0,0.43,4.0,0.42,18.0,0.45,19.6,0.46,5.0,0.01,0.02,2328.34922,1776267602000
1776267605.364,5.364,0.55,39.6,0.54,15.0,0.57,14.0,0.58,20.0,0.44,1.0,0.43,34.0,0.45,44.6,0.46,15.0,0.02,0.01,2328.637895,1776267604000
1776267609.041,9.041,0.56,30.0,0.55,35.0,0.57,10.0,0.58,35.0,0.43,14.0,0.42,20.0,0.45,39.6,0.46,15.0,0.01,0.02,2328.719981,1776267607000
1776267611.774,11.774,0.56,20.0,0.55,16.0,0.57,80.0,0.58,628.0,0.43,10.0,0.42,35.0,0.44,30.0,0.45,35.0,0.01,0.01,2328.728161,1776267610000
1776267612.688,12.688,0.56,15.0,0.53,10.0,0.57,695.78,0.58,79.82,0.43,80.0,0.42,628.0,0.44,20.0,0.45,16.0,0.01,0.01,2328.801921,1776267611000
1776267613.295,13.295,0.52,2.29,0.51,15.0,0.54,536.4,0.55,10.07,0.46,5.0,0.45,10.07,0.48,27.29,0.49,40.0,0.02,0.02,2328.779183,1776267612000
1776267613.707,13.707,0.52,12.29,0.51,132.0,0.53,488.61,0.54,155.87,0.46,536.4,0.45,10.07,0.48,2.29,0.49,15.0,0.01,0.02,2328.779183,1776267612000
1776267613.947,13.947,0.52,12.29,0.51,142.0,0.53,488.61,0.54,171.37,0.47,488.61,0.46,155.87,0.48,12.29,0.49,132.0,0.01,0.01,2328.779183,1776267612000
1776267615.19,15.19,0.52,8.12,0.51,178.62,0.53,507.61,0.54,186.5,0.47,483.61,0.46,171.37,0.48,8.12,0.49,142.0,0.01,0.01,2328.633202,1776267613000
1776267615.732,15.732,0.52,8.12,0.51,164.5,0.53,516.61,0.54,186.5,0.47,507.61,0.46,186.5,0.48,8.12,0.49,178.62,0.01,0.01,2328.633202,1776267613000
1776267616.168,16.168,0.52,18.12,0.51,174.5,0.53,498.85,0.54,175.5,0.47,516.61,0.46,186.5,0.48,8.12,0.49,164.5,0.01,0.01,2328.2104,1776267614000
1776267617.123,17.123,0.52,18.12,0.51,142.5,0.53,493.85,0.54,190.5,0.47,498.85,0.46,175.5,0.48,18.12,0.49,174.5,0.01,0.01,2328.227622,1776267615000
1776267618.046,18.046,0.53,91.5,0.52,65.5,0.54,17.0,0.56,35.5,0.47,493.85,0.46,180.5,0.49,33.35,0.5,606.5,0.01,0.02,2328.241036,1776267616000
1776267618.559,18.559,0.53,55.5,0.52,648.5,0.54,22.0,0.55,10.0,0.46,17.0,0.44,35.5,0.47,91.5,0.48,65.5,0.01,0.01,2328.22168,1776267617000
1776267618.823,18.823,0.53,50.5,0.52,667.74,0.54,22.0,0.56,42.5,0.46,22.0,0.45,10.0,0.47,50.5,0.48,667.74,0.01,0.01,2328.22168,1776267617000
1776267619.393,19.393,0.53,103.66,0.52,687.02,0.54,5.21,0.56,639.5,0.46,9.22,0.44,159.5,0.47,50.5,0.48,667.74,0.01,0.01,2328.22168,1776267617000
1776267619.851,19.851,0.55,16.0,0.54,15.0,0.56,629.86,0.57,86.0,0.44,639.5,0.43,80.0,0.47,108.66,0.48,677.4,0.01,0.03,2328.210969,1776267618000
1776267620.436,20.436,0.55,21.0,0.54,15.0,0.56,522.98,0.57,90.5,0.44,511.64,0.43,90.5,0.45,16.0,0.46,25.0,0.01,0.01,2328.490632,1776267619000
1776267622.615,22.615,0.56,15.77,0.55,194.0,0.57,10.0,0.58,27.0,0.44,522.98,0.43,90.5,0.45,21.0,0.46,15.0,0.01,0.01,2328.5904,1776267621000
1776267623.322,23.322,0.56,25.77,0.55,11.0,0.57,629.0,0.58,20.0,0.43,10.0,0.42,27.0,0.44,15.77,0.45,194.0,0.01,0.01,2328.5904,1776267621000
1776267625.903,25.903,0.55,12.44,0.54,157.5,0.56,515.0,0.57,164.5,0.43,623.91,0.42,20.0,0.44,25.77,0.45,11.0,0.01,0.01,2328.723141,1776267624000
1776267626.354,26.354,0.55,0.77,0.54,162.5,0.56,515.0,0.57,164.5,0.44,515.0,0.43,164.5,0.45,12.44,0.46,157.5,0.01,0.01,2328.736274,1776267625000
1776267627.096,27.096,0.54,15.0,0.53,25.5,0.55,77.0,0.56,187.5,0.44,515.0,0.43,164.5,0.45,0.77,0.46,162.5,0.01,0.01,2328.736274,1776267625000
1776267628.294,28.294,0.54,1.72,0.53,25.5,0.55,85.18,0.56,677.5,0.45,87.0,0.44,187.5,0.46,11.72,0.47,25.5,0.01,0.01,2328.596351,1776267627000
1776267630.422,30.422,0.54,6.72,0.53,25.5,0.55,547.87,0.56,197.5,0.45,85.18,0.44,677.5,0.46,1.72,0.47,25.5,0.01,0.01,2328.365714,1776267629000
1776267631.083,31.083,0.54,47.22,0.53,157.78,0.55,13.11,0.56,490.0,0.45,547.87,0.44,197.5,0.46,6.72,0.47,25.5,0.01,0.01,2328.365714,1776267629000
1776267631.433,31.433,0.54,207.5,0.53,526.78,0.55,6.11,0.57,15.0,0.45,13.11,0.44,490.0,0.46,47.22,0.47,157.78,0.01,0.01,2328.365714,1776267629000
1776267633.058,33.058,0.56,17.63,0.55,178.5,0.57,510.0,0.58,138.0,0.43,10.0,0.42,45.5,0.46,207.5,0.47,526.78,0.01,0.03,2328.539692,1776267632000
1776267634.164,34.164,0.56,179.5,0.55,66.5,0.57,10.0,0.58,31.0,0.43,510.0,0.42,138.0,0.44,17.63,0.45,178.5,0.01,0.01,2328.620917,1776267633000
1776267634.87,34.87,0.55,17.77,0.54,17.22,0.56,65.0,0.57,41.5,0.43,10.0,0.42,31.0,0.44,179.5,0.45,66.5,0.01,0.01,2328.620917,1776267633000
1776267635.156,35.156,0.55,10.0,0.54,28.22,0.56,47.82,0.57,44.5,0.44,65.0,0.43,41.5,0.45,17.77,0.46,17.22,0.01,0.01,2328.69856,1776267634000
1776267635.601,35.601,0.55,204.5,0.54,45.82,0.56,5.0,0.57,10.0,0.45,5.0,0.44,31.82,0.46,29.82,0.47,167.5,0.01,0.01,2328.69856,1776267634000
1776267637.596,37.596,0.54,18.89,0.53,185.78,0.56,30.0,0.57,142.5,0.44,5.0,0.43,10.0,0.45,204.5,0.46,45.82,0.02,0.01,2328.51764,1776267636000
1776267640.522,40.522,0.56,8.22,0.55,209.5,0.58,142.0,0.59,78.5,0.44,30.0,0.43,142.5,0.46,18.89,0.47,185.78,0.02,0.02,2328.523459,1776267639000
1776267641.165,41.165,0.57,92.5,0.56,187.22,0.58,6.59,0.59,672.5,0.42,585.6,0.41,88.5,0.44,34.22,0.45,206.78,0.01,0.02,2328.581359,1776267640000
1776267641.699,41.699,0.57,88.0,0.56,102.5,0.58,0.5,0.59,182.5,0.42,6.59,0.41,672.5,0.43,92.5,0.44,187.22,0.01,0.01,2328.581359,1776267640000
1776267646.783,46.783,0.57,82.0,0.56,102.5,0.58,491.81,0.59,167.5,0.42,0.5,0.41,182.5,0.43,88.0,0.44,102.5,0.01,0.01,2328.78235,1776267645000
1776267647.524,47.524,0.57,82.0,0.56,102.5,0.58,488.27,0.59,167.5,0.42,491.81,0.41,167.5,0.43,82.0,0.44,102.5,0.01,0.01,2328.78225,1776267646000
1776267648.161,48.161,0.57,123.0,0.56,102.5,0.58,424.54,0.59,167.5,0.42,441.54,0.41,167.5,0.43,117.0,0.44,102.5,0.01,0.01,2328.825739,1776267647000
1776267649.513,49.513,0.57,121.5,0.56,82.5,0.58,414.54,0.59,147.0,0.42,424.54,0.41,167.5,0.43,123.0,0.44,102.5,0.01,0.01,2328.82205,1776267648000
1776267650.411,50.411,0.57,164.78,0.56,199.5,0.58,401.83,0.59,147.0,0.42,411.83,0.41,147.0,0.43,132.78,0.44,82.5,0.01,0.01,2328.833226,1776267649000
1776267650.811,50.811,0.57,170.45,0.56,194.5,0.58,406.83,0.59,142.0,0.42,401.83,0.41,147.0,0.43,164.78,0.44,199.5,0.01,0.01,2328.833226,1776267649000
1776267651.11,51.11,0.57,181.45,0.56,193.5,0.58,384.58,0.59,147.0,0.42,401.83,0.41,142.0,0.43,170.45,0.44,194.5,0.01,0.01,2328.897875,1776267650000
1776267651.502,51.502,0.57,181.45,0.56,193.5,0.58,374.4,0.59,147.0,0.42,384.58,0.41,147.0,0.43,181.45,0.44,193.5,0.01,0.01,2328.897875,1776267650000
1776267653.835,53.835,0.57,186.45,0.56,193.5,0.58,489.22,0.59,147.0,0.42,374.4,0.41,147.0,0.43,181.45,0.44,193.5,0.01,0.01,2328.98255,1776267652000
1776267654.236,54.236,0.57,131.79,0.56,193.5,0.58,494.22,0.59,147.0,0.42,489.22,0.41,147.0,0.43,186.45,0.44,193.5,0.01,0.01,2328.98255,1776267653000
1776267655.623,55.623,0.57,120.79,0.56,171.5,0.58,488.22,0.59,137.0,0.42,494.22,0.41,147.0,0.43,131.79,0.44,193.5,0.01,0.01,2328.98255,1776267654000
1776267656.078,56.078,0.56,5.0,0.55,59.0,0.58,740.72,0.59,52.5,0.42,488.22,0.41,137.0,0.43,120.79,0.44,171.5,0.02,0.01,2328.98255,1776267654000
1776267656.352,56.352,0.55,36.0,0.54,172.73,0.56,41.87,0.57,744.13,0.44,50.0,0.43,141.63,0.46,48.73,0.47,16.0,0.01,0.02,2328.98255,1776267654000
1776267656.664,56.664,0.55,15.0,0.54,146.73,0.56,553.5,0.57,309.5,0.44,41.87,0.43,744.13,0.45,31.0,0.46,172.73,0.01,0.01,2328.959569,1776267655000
1776267657.62,57.62,0.55,21.11,0.54,180.66,0.56,515.0,0.57,257.5,0.45,33.0,0.44,548.5,0.46,93.23,0.47,46.78,0.01,0.01,2328.959569,1776267656000
1776267657.997,57.997,0.55,15.99,0.54,63.93,0.56,515.0,0.57,262.5,0.44,515.0,0.43,257.5,0.45,21.11,0.46,180.66,0.01,0.01,2328.959569,1776267656000
1776267658.337,58.337,0.54,56.51,0.53,192.78,0.55,5.0,0.56,515.0,0.45,8.18,0.44,520.0,0.46,50.98,0.47,51.78,0.01,0.01,2328.574715,1776267657000
1776267658.668,58.668,0.54,46.61,0.53,192.78,0.56,520.0,0.57,258.5,0.44,515.0,0.43,247.5,0.46,51.51,0.47,192.78,0.02,0.02,2328.574715,1776267657000
1776267659.222,59.222,0.54,81.54,0.53,182.78,0.56,503.48,0.57,252.5,0.44,520.0,0.43,258.5,0.46,46.61,0.47,192.78,0.02,0.02,2328.574715,1776267657000
1776267660.002,60.002,0.56,45.0,0.55,86.0,0.57,125.0,0.58,285.5,0.44,498.48,0.43,262.5,0.46,76.64,0.47,182.78,0.01,0.02,2328.538198,1776267658000
1776267660.376,60.376,0.56,142.28,0.55,219.78,0.58,524.5,0.59,65.5,0.43,125.0,0.42,285.5,0.44,45.0,0.45,86.0,0.02,0.01,2328.507964,1776267659000
1776267660.884,60.884,0.57,20.0,0.56,122.28,0.58,61.5,0.59,652.5,0.42,524.5,0.41,65.5,0.44,142.28,0.45,219.78,0.01,0.02,2328.507964,1776267659000
1776267661.158,61.158,0.57,70.0,0.56,128.28,0.58,15.5,0.59,667.5,0.42,61.5,0.41,652.5,0.43,20.0,0.44,122.28,0.01,0.01,2328.507964,1776267659000
1776267661.932,61.932,0.58,115.0,0.57,44.28,0.59,17.5,0.6,622.5,0.42,19.5,0.41,667.5,0.43,75.0,0.44,245.28,0.01,0.01,2328.598921,1776267660000
1776267662.172,62.172,0.58,120.0,0.57,49.28,0.59,14.95,0.6,627.5,0.41,17.5,0.4,622.5,0.42,115.0,0.43,44.28,0.01,0.01,2328.598921,1776267660000
1776267662.732,62.732,0.58,125.0,0.57,49.28,0.6,627.5,0.61,40.0,0.41,3.25,0.4,627.5,0.42,125.0,0.43,49.28,0.02,0.01,2328.661456,1776267661000
1776267663.378,63.378,0.59,50.0,0.58,76.0,0.6,614.16,0.61,40.0,0.4,627.5,0.39,40.0,0.42,125.0,0.43,49.28,0.01,0.02,2328.7305,1776267662000
1776267663.748,63.748,0.59,70.0,0.58,81.28,0.6,619.66,0.61,40.0,0.4,614.16,0.39,40.0,0.41,50.0,0.42,76.0,0.01,0.01,2328.7305,1776267662000
1776267664.103,64.103,0.59,60.0,0.58,81.28,0.6,614.66,0.61,50.0,0.4,619.66,0.39,40.0,0.41,70.0,0.42,81.28,0.01,0.01,2328.7305,1776267662000
1776267664.963,64.963,0.59,30.0,0.58,61.78,0.6,609.66,0.61,45.0,0.4,614.66,0.39,50.0,0.41,60.0,0.42,81.28,0.01,0.01,2328.839885,1776267663000
1776267665.173,65.173,0.59,20.0,0.58,51.28,0.6,634.66,0.61,45.0,0.4,609.66,0.39,45.0,0.41,30.0,0.42,61.78,0.01,0.01,2328.839885,1776267663000
1776267665.496,65.496,0.58,68.28,0.57,48.78,0.6,660.66,0.61,45.0,0.4,634.66,0.39,45.0,0.41,20.0,0.42,51.28,0.02,0.01,2328.91554,1776267664000
1776267666.545,66.545,0.58,48.65,0.57,43.78,0.59,501.0,0.6,168.66,0.4,665.66,0.39,50.0,0.42,33.65,0.43,53.78,0.01,0.02,2328.944355,1776267665000
1776267668.676,68.676,0.58,106.85,0.57,43.78,0.59,491.0,0.6,173.66,0.41,501.0,0.4,173.66,0.42,94.26,0.43,43.78,0.01,0.01,2328.887095,1776267667000
1776267669.166,69.166,0.58,95.49,0.57,43.78,0.59,491.0,0.6,173.66,0.41,491.0,0.4,173.66,0.42,106.85,0.43,43.78,0.01,0.01,2328.86765,1776267668000
1776267669.612,69.612,0.58,106.49,0.57,43.78,0.59,475.0,0.6,173.66,0.41,491.0,0.4,173.66,0.42,95.49,0.43,43.78,0.01,0.01,2328.86765,1776267668000
1776267670.16,70.16,0.58,86.77,0.57,53.78,0.59,516.0,0.6,172.66,0.41,475.0,0.4,173.66,0.42,106.49,0.43,43.78,0.01,0.01,2328.87805,1776267669000
1776267670.517,70.517,0.58,74.78,0.57,49.78,0.59,489.0,0.6,167.66,0.41,494.0,0.4,167.66,0.42,70.41,0.43,48.78,0.01,0.01,2328.87805,1776267669000
1776267671.239,71.239,0.58,62.92,0.57,54.78,0.59,478.0,0.6,162.66,0.41,478.0,0.4,172.66,0.42,84.78,0.43,54.78,0.01,0.01,2328.88045,1776267670000
1776267672.412,72.412,0.58,61.56,0.57,54.78,0.59,478.0,0.6,162.66,0.41,478.0,0.4,162.66,0.42,62.92,0.43,54.78,0.01,0.01,2328.941625,1776267671000
1776267673.326,73.326,0.58,101.06,0.57,54.78,0.59,393.0,0.6,162.66,0.41,478.0,0.4,162.66,0.42,61.56,0.43,54.78,0.01,0.01,2328.90758,1776267672000
1776267674.148,74.148,0.56,32.86,0.55,129.7,0.58,25.5,0.59,540.5,0.41,398.0,0.4,162.66,0.42,84.7,0.43,54.78,0.02,0.01,2328.90758,1776267672000
1776267674.417,74.417,0.55,60.0,0.54,95.36,0.56,5.0,0.57,697.5,0.43,55.5,0.42,162.5,0.44,12.34,0.45,90.0,0.01,0.01,2328.899616,1776267673000
1776267674.836,74.836,0.55,55.0,0.54,212.36,0.56,565.0,0.57,202.5,0.44,5.0,0.43,697.5,0.45,60.0,0.46,95.36,0.01,0.01,2328.899616,1776267673000
1776267675.747,75.747,0.56,9.59,0.55,203.28,0.57,15.5,0.58,637.5,0.44,565.0,0.43,202.5,0.45,55.0,0.46,212.36,0.01,0.01,2328.999855,1776267674000
1776267676.453,76.453,0.57,78.89,0.56,203.5,0.58,30.5,0.59,35.5,0.43,15.5,0.42,637.5,0.44,9.59,0.45,203.28,0.01,0.01,2328.627412,1776267675000
1776267676.753,76.753,0.58,85.0,0.57,192.39,0.59,28.41,0.6,657.5,0.42,25.5,0.41,35.5,0.43,78.89,0.44,203.5,0.01,0.01,2328.627412,1776267675000
1776267677.36,77.36,0.58,141.5,0.57,200.67,0.6,58.41,0.61,167.5,0.41,28.41,0.4,657.5,0.42,85.0,0.43,192.39,0.02,0.01,2328.62,1776267676000
1776267678.765,78.765,0.59,95.5,0.58,258.78,0.6,97.91,0.61,702.5,0.4,58.41,0.39,167.5,0.42,141.5,0.43,200.67,0.01,0.02,2328.671895,1776267677000
1776267679.24,79.24,0.59,88.06,0.58,258.78,0.6,97.91,0.61,702.5,0.4,97.91,0.39,702.5,0.41,95.5,0.42,258.78,0.01,0.01,2328.671895,1776267677000
1776267681.0,81.0,0.59,40.5,0.58,100.78,0.6,102.91,0.61,742.5,0.4,97.91,0.39,702.5,0.41,88.06,0.42,258.78,0.01,0.01,2328.937715,1776267679000
1776267681.805,81.805,0.59,173.5,0.58,75.78,0.6,100.5,0.61,140.5,0.4,102.91,0.39,742.5,0.41,40.5,0.42,100.78,0.01,0.01,2328.965515,1776267680000
1776267684.413,84.413,0.59,81.68,0.58,120.78,0.6,65.0,0.61,190.5,0.4,100.5,0.39,140.5,0.41,173.5,0.42,75.78,0.01,0.01,2329.012255,1776267683000
1776267685.126,85.126,0.59,142.68,0.58,110.78,0.6,40.0,0.61,190.5,0.4,65.0,0.39,190.5,0.41,81.68,0.42,120.78,0.01,0.01,2329.055478,1776267684000
1776267686.588,86.588,0.6,813.0,0.59,193.4,0.61,59.39,0.63,60.0,0.4,35.0,0.39,190.5,0.41,142.68,0.42,110.78,0.01,0.01,2329.069355,1776267685000
1776267686.931,86.931,0.7,698.0,0.69,54.0,0.71,4.05,0.72,72.0,0.29,85.6,0.28,72.0,0.3,15.0,0.31,37.24,0.01,0.01,2329.138795,1776267686000
1776267687.239,87.239,0.76,125.0,0.75,705.0,0.78,148.02,0.79,150.0,0.23,26.02,0.22,50.0,0.24,100.0,0.25,45.0,0.02,0.01,2329.138795,1776267686000
1776267687.533,87.533,0.77,105.0,0.76,642.44,0.78,132.5,0.79,86.0,0.23,5.0,0.22,148.02,0.24,109.16,0.25,675.0,0.01,0.01,2329.138795,1776267686000
1776267687.798,87.798,0.78,141.0,0.77,866.28,0.79,12.5,0.8,5.0,0.22,9.08,0.21,117.0,0.23,720.0,0.24,261.66,0.01,0.01,2329.138795,1776267686000
1776267688.064,88.064,0.78,861.41,0.77,208.5,0.79,12.5,0.81,122.0,0.21,12.5,0.19,172.0,0.22,675.13,0.23,300.0,0.01,0.01,2329.19541,1776267687000
1776267688.336,88.336,0.79,716.28,0.78,326.5,0.8,8.45,0.81,172.0,0.21,4.64,0.19,122.0,0.22,844.13,0.23,208.5,0.01,0.01,2329.19541,1776267687000
1776267688.56,88.56,0.8,105.0,0.79,602.0,0.81,182.81,0.82,5.0,0.2,8.45,0.19,172.0,0.21,716.28,0.22,326.5,0.01,0.01,2329.19541,1776267687000
1776267688.822,88.822,0.82,20.0,0.81,143.28,0.83,126.29,0.84,30.0,0.19,175.97,0.18,15.5,0.2,187.28,0.21,249.5,0.01,0.01,2329.19541,1776267687000
1776267689.122,89.122,0.82,234.58,0.81,689.0,0.83,7.98,0.84,122.0,0.17,124.98,0.16,30.0,0.18,190.28,0.19,578.0,0.01,0.01,2330.725917,1776267688000
1776267689.462,89.462,0.83,279.28,0.82,691.3,0.84,15.5,0.85,140.0,0.17,6.53,0.16,122.0,0.18,229.58,0.19,589.0,0.01,0.01,2330.725917,1776267688000
1776267689.806,89.806,0.84,147.9,0.83,679.0,0.85,150.5,0.86,625.0,0.16,4.44,0.15,140.0,0.17,754.28,0.18,428.3,0.01,0.01,2330.725917,1776267688000
1776267690.159,90.159,0.84,216.08,0.83,644.0,0.85,199.48,0.86,625.0,0.15,192.75,0.14,625.0,0.16,212.9,0.17,644.0,0.01,0.01,2331.164886,1776267689000
1776267690.468,90.468,0.82,35.0,0.81,20.0,0.83,17.88,0.84,151.5,0.15,199.48,0.14,625.0,0.16,216.08,0.17,644.0,0.01,0.01,2331.164886,1776267689000
1776267690.753,90.753,0.8,30.0,0.79,15.0,0.81,147.76,0.82,38.0,0.19,70.26,0.18,25.0,0.2,20.0,0.21,15.0,0.01,0.01,2331.164886,1776267689000
1776267690.991,90.991,0.8,37.0,0.79,15.0,0.81,700.0,0.82,33.0,0.19,147.76,0.18,38.0,0.2,30.0,0.21,15.0,0.01,0.01,2331.164886,1776267689000
1776267691.237,91.237,0.83,110.0,0.82,18.0,0.84,123.0,0.85,110.25,0.17,168.59,0.16,73.0,0.19,117.0,0.2,766.0,0.01,0.02,2331.59883,1776267690000
1776267691.695,91.695,0.84,91.0,0.83,234.0,0.85,108.25,0.86,762.99,0.16,121.58,0.15,120.75,0.17,122.0,0.18,128.0,0.01,0.01,2331.59883,1776267690000
1776267692.089,92.089,0.84,5.0,0.83,137.0,0.85,877.48,0.86,170.99,0.15,108.25,0.14,762.99,0.16,91.0,0.17,234.0,0.01,0.01,2331.59883,1776267690000
1776267692.48,92.48,0.84,381.88,0.83,299.52,0.85,722.98,0.86,170.99,0.15,877.48,0.14,170.99,0.16,5.0,0.17,137.0,0.01,0.01,2331.55653,1776267691000
1776267693.208,93.208,0.84,24.29,0.83,190.0,0.85,720.15,0.86,170.99,0.15,722.98,0.14,170.99,0.16,381.88,0.17,299.52,0.01,0.01,2331.55653,1776267691000
1776267693.909,93.909,0.84,216.57,0.83,655.5,0.85,32.05,0.86,171.49,0.15,720.15,0.14,170.99,0.16,24.29,0.17,190.0,0.01,0.01,2331.309337,1776267692000
1776267694.329,94.329,0.85,106.0,0.84,1174.54,0.87,50.0,0.88,85.0,0.15,27.61,0.14,171.49,0.16,221.57,0.17,655.5,0.02,0.01,2331.494646,1776267693000
1776267694.797,94.797,0.87,140.5,0.86,588.5,0.88,93.41,0.89,192.0,0.13,26.17,0.12,85.0,0.14,73.5,0.15,101.5,0.01,0.01,2331.494646,1776267693000
1776267695.177,95.177,0.87,150.5,0.86,588.5,0.88,214.27,0.89,75.0,0.12,93.41,0.11,192.0,0.13,140.5,0.14,588.5,0.01,0.01,2331.494646,1776267693000
1776267695.566,95.566,0.87,725.49,0.86,128.5,0.88,35.0,0.89,55.0,0.12,211.0,0.11,75.0,0.13,684.79,0.14,667.06,0.01,0.01,2331.486795,1776267694000
1776267697.381,97.381,0.9,20.0,0.89,166.5,0.91,124.13,0.92,605.0,0.12,35.0,0.11,55.0,0.13,725.49,0.14,128.5,0.01,0.01,2332.437334,1776267696000
1776267697.613,97.613,0.9,20.0,0.89,653.5,0.91,120.98,0.92,605.0,0.09,124.13,0.08,605.0,0.1,20.0,0.11,166.5,0.01,0.01,2332.437334,1776267696000
1776267698.124,98.124,0.9,165.5,0.89,623.5,0.91,118.88,0.92,130.0,0.09,120.98,0.08,605.0,0.1,20.0,0.11,653.5,0.01,0.01,2332.437334,1776267696000
1776267698.344,98.344,0.9,130.5,0.89,603.5,0.91,113.38,0.92,130.0,0.09,118.88,0.08,130.0,0.1,165.5,0.11,623.5,0.01,0.01,2332.437334,1776267696000
1776267698.694,98.694,0.91,69.83,0.9,645.5,0.92,75.0,0.93,672.0,0.09,113.38,0.08,130.0,0.1,130.5,0.11,603.5,0.01,0.01,2332.859136,1776267697000
1776267699.899,99.899,0.94,183.0,0.93,344.78,0.95,500.0,0.96,307.3,0.08,75.0,0.07,672.0,0.09,69.83,0.1,645.5,0.01,0.01,2332.956546,1776267698000
1776267700.192,100.192,0.94,98.28,0.93,174.5,0.95,718.05,0.96,327.3,0.05,500.0,0.04,307.3,0.06,132.68,0.07,329.78,0.01,0.01,2333.14807,1776267699000
1776267701.051,101.051,0.94,118.28,0.93,134.5,0.95,717.78,0.96,333.3,0.05,718.05,0.04,327.3,0.06,98.28,0.07,174.5,0.01,0.01,2333.14807,1776267699000
1776267701.316,101.316,0.94,123.28,0.93,124.0,0.95,716.72,0.96,333.3,0.05,717.78,0.04,333.3,0.06,118.28,0.07,134.5,0.01,0.01,2333.522989,1776267700000
1776267701.537,101.537,0.94,118.28,0.93,134.5,0.95,714.72,0.96,322.3,0.05,716.72,0.04,333.3,0.06,123.28,0.07,124.0,0.01,0.01,2333.522989,1776267700000
1776267701.812,101.812,0.94,128.28,0.93,134.5,0.95,704.72,0.96,322.3,0.05,714.72,0.04,322.3,0.06,118.28,0.07,134.5,0.01,0.01,2333.522989,1776267700000
1776267702.996,102.996,0.94,1324.13,0.93,572.4,0.95,705.84,0.96,322.3,0.05,709.72,0.04,322.3,0.06,23.81,0.07,140.56,0.01,0.01,2333.836142,1776267701000
1776267703.458,103.458,0.94,664.28,0.93,1103.29,0.95,588.84,0.96,439.3,0.05,705.84,0.04,322.3,0.07,139.5,0.08,199.5,0.01,0.02,2333.793352,1776267702000
1776267703.928,103.928,0.93,377.88,0.92,213.5,0.94,520.0,0.95,244.84,0.05,588.84,0.04,439.3,0.06,664.28,0.07,1103.29,0.01,0.01,2333.793352,1776267702000
1776267704.176,104.176,0.93,58.28,0.92,343.91,0.94,512.87,0.95,361.84,0.06,520.0,0.05,361.84,0.07,349.88,0.08,220.5,0.01,0.01,2333.793352,1776267702000
1776267705.094,105.094,0.93,0.28,0.92,46.0,0.94,664.87,0.95,237.84,0.06,512.87,0.05,361.84,0.07,58.28,0.08,343.91,0.01,0.01,2333.805883,1776267704000
1776267705.397,105.397,0.93,565.46,0.92,169.41,0.94,659.87,0.95,237.84,0.06,664.87,0.05,237.84,0.07,0.28,0.08,46.0,0.01,0.01,2333.805883,1776267704000
1776267705.747,105.747,0.92,144.69,0.91,55.78,0.93,14.0,0.94,890.0,0.06,659.87,0.05,237.84,0.07,565.46,0.08,169.41,0.01,0.01,2333.805883,1776267704000
1776267706.089,106.089,0.92,34.91,0.91,177.78,0.93,54.0,0.94,145.0,0.07,54.0,0.06,145.0,0.08,179.32,0.09,172.78,0.01,0.01,2333.635447,1776267705000
1776267706.555,106.555,0.92,1104.27,0.91,262.0,0.93,804.15,0.94,288.8,0.07,54.0,0.06,145.0,0.08,34.91,0.09,177.78,0.01,0.01,2333.635447,1776267705000
1776267706.828,106.828,0.91,40.78,0.9,174.5,0.93,862.69,0.94,160.8,0.07,931.15,0.06,160.8,0.08,530.54,0.09,153.89,0.02,0.01,2333.635447,1776267705000
1776267707.476,107.476,0.91,610.78,0.9,277.93,0.92,552.77,0.93,357.69,0.08,481.0,0.07,357.69,0.09,168.89,0.1,174.5,0.01,0.01,2333.449155,1776267706000
1776267708.445,108.445,0.91,513.24,0.9,277.93,0.92,551.13,0.93,226.27,0.08,552.77,0.07,357.69,0.09,610.78,0.1,277.93,0.01,0.01,2333.057035,1776267707000
1776267708.839,108.839,0.91,63.28,0.9,181.5,0.92,555.56,0.93,226.27,0.08,542.94,0.07,226.27,0.09,68.28,0.1,181.5,0.01,0.01,2333.057035,1776267707000
1776267709.664,109.664,0.91,1475.58,0.9,470.79,0.92,545.66,0.93,226.27,0.08,555.56,0.07,226.27,0.09,63.28,0.1,181.5,0.01,0.01,2333.001268,1776267708000
1776267710.744,110.744,0.91,58.28,0.9,181.5,0.92,546.3,0.93,221.27,0.08,542.94,0.07,226.27,0.09,68.28,0.1,181.5,0.01,0.01,2332.95774,1776267709000
1776267711.479,111.479,0.91,53.28,0.9,186.5,0.92,533.63,0.93,221.27,0.08,539.07,0.07,221.27,0.09,58.28,0.1,181.5,0.01,0.01,2332.965558,1776267710000
1776267711.947,111.947,0.91,73.78,0.9,186.5,0.92,526.99,0.93,221.27,0.08,533.63,0.07,221.27,0.09,53.28,0.1,186.5,0.01,0.01,2332.965558,1776267710000
1776267712.52,112.52,0.91,265.78,0.9,128.5,0.92,467.83,0.93,252.81,0.08,516.09,0.07,221.27,0.09,73.78,0.1,186.5,0.01,0.01,2332.9651,1776267711000
1776267713.584,113.584,0.91,246.78,0.9,168.5,0.92,477.18,0.93,87.0,0.08,467.83,0.07,252.81,0.09,265.78,0.1,128.5,0.01,0.01,2332.9477,1776267712000
1776267714.069,114.069,0.91,161.5,0.9,153.5,0.92,474.95,0.93,87.0,0.08,477.18,0.07,87.0,0.09,246.78,0.1,168.5,0.01,0.01,2332.9477,1776267712000
1776267714.557,114.557,0.91,34.78,0.9,207.5,0.92,473.31,0.93,97.0,0.08,474.95,0.07,87.0,0.09,161.5,0.1,153.5,0.01,0.01,2332.981398,1776267713000
1776267714.959,114.959,0.91,34.17,0.9,207.5,0.92,468.31,0.93,97.0,0.08,473.31,0.07,97.0,0.09,34.78,0.1,207.5,0.01,0.01,2332.981398,1776267713000
1776267717.364,117.364,0.91,212.17,0.9,146.5,0.92,42.77,0.93,535.0,0.08,468.31,0.07,97.0,0.09,34.17,0.1,207.5,0.01,0.01,2333.041725,1776267716000
1776267717.648,117.648,0.91,278.17,0.9,146.5,0.92,41.68,0.93,535.0,0.08,42.77,0.07,535.0,0.09,212.17,0.1,146.5,0.01,0.01,2333.041725,1776267716000
1776267718.047,118.047,0.91,278.17,0.9,146.5,0.93,549.42,0.94,184.0,0.08,32.58,0.07,535.0,0.09,283.17,0.1,146.5,0.02,0.01,2333.041725,1776267716000
1776267718.327,118.327,0.91,270.17,0.9,130.5,0.93,552.82,0.94,189.0,0.07,552.82,0.06,189.0,0.08,31.5,0.09,253.17,0.02,0.01,2333.094988,1776267717000
1776267718.869,118.869,0.92,10.5,0.91,300.17,0.93,494.05,0.94,194.0,0.07,552.82,0.06,189.0,0.09,270.17,0.1,130.5,0.01,0.02,2333.094988,1776267717000
1776267719.178,119.178,0.94,21.66,0.93,41.5,0.95,15.0,0.96,160.5,0.05,149.81,0.04,239.71,0.08,118.5,0.09,669.17,0.01,0.03,2333.094988,1776267717000
1776267719.511,119.511,0.93,31.49,0.92,254.4,0.95,540.0,0.96,283.5,0.05,15.0,0.04,160.5,0.06,21.66,0.07,41.5,0.02,0.01,2333.12307,1776267718000
1776267720.689,120.689,0.93,16.0,0.92,48.9,0.94,654.87,0.95,407.99,0.05,540.0,0.04,283.5,0.07,26.49,0.08,254.4,0.01,0.02,2333.131106,1776267719000
1776267722.097,122.097,0.92,53.9,0.91,200.17,0.93,543.92,0.94,290.87,0.06,654.87,0.05,407.99,0.07,16.0,0.08,48.9,0.01,0.01,2333.157175,1776267720000
1776267723.464,123.464,0.92,53.9,0.91,185.39,0.93,592.84,0.94,169.87,0.07,543.92,0.06,290.87,0.08,53.9,0.09,200.17,0.01,0.01,2333.200702,1776267722000
1776267724.021,124.021,0.92,53.9,0.91,185.39,0.93,580.68,0.94,169.87,0.07,592.84,0.06,169.87,0.08,53.9,0.09,185.39,0.01,0.01,2333.200702,1776267722000
1776267724.748,124.748,0.92,53.9,0.91,68.39,0.93,448.73,0.94,218.87,0.07,580.68,0.06,169.87,0.08,53.9,0.09,185.39,0.01,0.01,2333.15255,1776267723000
1776267725.106,125.106,0.92,53.9,0.91,73.39,0.93,372.43,0.94,218.87,0.07,448.73,0.06,218.87,0.08,53.9,0.09,68.39,0.01,0.01,2333.15255,1776267723000
1776267725.388,125.388,0.92,42.79,0.91,73.39,0.93,367.28,0.94,218.87,0.07,372.43,0.06,218.87,0.08,42.79,0.09,73.39,0.01,0.01,2333.15255,1776267723000
1776267726.085,126.085,0.9,242.38,0.89,118.29,0.92,540.0,0.93,182.0,0.07,596.28,0.06,52.87,0.08,32.79,0.09,59.0,0.02,0.01,2333.144909,1776267724000
1776267726.339,126.339,0.9,208.38,0.89,73.29,0.92,550.0,0.93,187.0,0.08,540.0,0.07,182.0,0.1,242.38,0.11,118.29,0.02,0.02,2333.141025,1776267725000
1776267726.763,126.763,0.9,206.45,0.89,47.5,0.91,554.5,0.92,70.0,0.09,29.5,0.08,545.0,0.1,197.88,0.11,73.29,0.01,0.01,2333.141025,1776267725000
1776267727.306,127.306,0.9,288.86,0.89,46.5,0.91,556.14,0.92,65.0,0.09,554.5,0.08,70.0,0.1,206.45,0.11,47.5,0.01,0.01,2333.141025,1776267725000
1776267727.512,127.512,0.9,277.75,0.89,35.5,0.91,551.14,0.92,65.0,0.09,556.14,0.08,65.0,0.1,288.86,0.11,46.5,0.01,0.01,2333.123493,1776267726000
1776267728.51,128.51,0.9,130.64,0.89,142.5,0.91,566.14,0.92,187.0,0.09,551.14,0.08,65.0,0.1,277.75,0.11,35.5,0.01,0.01,2332.94895,1776267727000
1776267729.072,129.072,0.9,146.32,0.89,214.5,0.91,551.14,0.92,70.0,0.09,566.14,0.08,187.0,0.1,130.64,0.11,142.5,0.01,0.01,2332.94895,1776267727000
1776267729.57,129.57,0.9,317.45,0.89,110.5,0.91,541.14,0.92,65.0,0.09,551.14,0.08,70.0,0.1,146.32,0.11,214.5,0.01,0.01,2332.860607,1776267728000
1776267730.494,130.494,0.9,129.95,0.89,5.0,0.91,560.04,0.92,193.0,0.09,541.14,0.08,65.0,0.1,317.45,0.11,110.5,0.01,0.01,2332.757893,1776267729000
1776267731.077,131.077,0.88,129.0,0.87,45.5,0.91,655.18,0.92,270.58,0.09,551.68,0.08,193.0,0.1,118.84,0.11,5.0,0.03,0.01,2332.757893,1776267729000
1776267731.61,131.61,0.88,134.64,0.87,109.5,0.89,50.0,0.9,509.0,0.11,15.0,0.1,35.0,0.12,110.5,0.13,45.5,0.01,0.01,2332.757585,1776267730000
1776267732.009,132.009,0.88,270.64,0.87,119.5,0.89,40.0,0.9,554.0,0.11,50.0,0.1,509.0,0.12,134.64,0.13,109.5,0.01,0.01,2332.700027,1776267731000
1776267732.351,132.351,0.89,35.42,0.88,225.22,0.9,556.93,0.91,42.18,0.11,40.0,0.1,554.0,0.12,270.64,0.13,119.5,0.01,0.01,2332.700027,1776267731000
1776267732.57,132.57,0.88,225.22,0.87,109.5,0.9,551.93,0.91,47.18,0.1,556.93,0.09,42.18,0.11,35.42,0.12,225.22,0.02,0.01,2332.700027,1776267731000
1776267733.7,133.7,0.89,85.5,0.88,241.22,0.9,534.49,0.91,42.18,0.1,550.49,0.09,42.18,0.11,50.5,0.12,236.22,0.01,0.01,2332.482917,1776267732000
1776267733.903,133.903,0.89,80.5,0.88,241.22,0.9,521.04,0.91,42.18,0.1,534.49,0.09,42.18,0.11,85.5,0.12,241.22,0.01,0.01,2332.482917,1776267732000
1776267734.304,134.304,0.89,10.0,0.88,140.22,0.9,523.98,0.91,159.18,0.1,521.04,0.09,42.18,0.11,80.5,0.12,241.22,0.01,0.01,2332.391245,1776267733000
1776267734.655,134.655,0.88,150.22,0.87,153.36,0.9,523.98,0.91,159.18,0.1,523.98,0.09,159.18,0.11,10.0,0.12,140.22,0.02,0.01,2332.391245,1776267733000
1776267735.41,135.41,0.87,5.0,0.86,20.0,0.88,659.36,0.89,106.5,0.1,512.54,0.09,159.18,0.12,185.22,0.13,153.36,0.01,0.02,2332.449314,1776267734000
1776267735.844,135.844,0.85,177.0,0.84,50.5,0.87,587.58,0.88,213.5,0.13,10.08,0.12,659.36,0.14,20.0,0.15,60.0,0.02,0.01,2332.449314,1776267734000
1776267736.728,136.728,0.85,132.0,0.84,55.5,0.86,567.5,0.87,85.58,0.14,72.0,0.13,565.58,0.15,182.0,0.16,55.5,0.01,0.01,2332.448412,1776267735000
1776267737.101,137.101,0.85,127.0,0.84,55.5,0.86,541.88,0.87,85.58,0.14,562.5,0.13,85.58,0.15,122.0,0.16,55.5,0.01,0.01,2332.448412,1776267735000
1776267738.053,138.053,0.85,127.0,0.84,65.5,0.86,521.87,0.87,95.58,0.14,533.04,0.13,85.58,0.15,122.0,0.16,55.5,0.01,0.01,2331.85975,1776267736000
1776267738.774,138.774,0.84,173.45,0.83,695.02,0.86,65.0,0.87,585.58,0.14,432.51,0.13,95.58,0.15,127.0,0.16,73.5,0.02,0.01,2331.85975,1776267736000
1776267739.373,139.373,0.83,131.02,0.82,10.0,0.84,45.65,0.85,891.5,0.14,65.0,0.13,585.58,0.16,173.45,0.17,695.02,0.01,0.02,2331.642345,1776267737000
1776267740.299,140.299,0.83,56.02,0.82,127.0,0.84,673.14,0.85,211.5,0.16,683.53,0.15,401.5,0.17,81.02,0.18,10.0,0.01,0.01,2331.585149,1776267739000
1776267740.502,140.502,0.83,56.02,0.82,10.0,0.84,687.42,0.85,328.5,0.16,673.14,0.15,211.5,0.17,56.02,0.18,127.0,0.01,0.01,2331.585149,1776267739000
1776267740.798,140.798,0.83,50.13,0.82,10.0,0.84,777.42,0.85,402.49,0.16,687.42,0.15,328.5,0.17,56.02,0.18,10.0,0.01,0.01,2331.585149,1776267739000
1776267741.973,141.973,0.81,123.0,0.8,121.5,0.84,654.42,0.85,685.3,0.16,777.42,0.15,402.49,0.17,50.13,0.18,10.0,0.03,0.01,2331.256845,1776267740000
1776267743.056,143.056,0.81,178.5,0.8,115.5,0.82,65.0,0.83,75.0,0.16,654.42,0.15,685.3,0.19,123.0,0.2,121.5,0.01,0.03,2331.076284,1776267742000
1776267743.801,143.801,0.81,254.5,0.8,126.5,0.82,48.26,0.83,65.0,0.18,55.0,0.17,75.0,0.19,183.5,0.2,115.5,0.01,0.01,2331.076284,1776267742000
1776267744.032,144.032,0.81,270.5,0.8,666.5,0.82,38.88,0.83,50.0,0.18,48.26,0.17,65.0,0.19,254.5,0.2,126.5,0.01,0.01,2331.076284,1776267742000
1776267744.97,144.97,0.82,311.5,0.81,669.5,0.83,4.88,0.84,50.0,0.18,38.88,0.17,50.0,0.19,270.5,0.2,666.5,0.01,0.01,2331.010354,1776267743000
1776267745.651,145.651,0.83,80.5,0.82,740.5,0.84,48.55,0.85,65.0,0.16,50.0,0.15,105.0,0.18,290.5,0.19,633.5,0.01,0.02,2331.008255,1776267744000
1776267746.46,146.46,0.83,85.5,0.82,750.5,0.84,46.12,0.85,65.0,0.16,48.55,0.15,65.0,0.17,80.5,0.18,740.5,0.01,0.01,2331.0655,1776267745000
1776267747.106,147.106,0.83,85.5,0.82,750.5,0.84,37.97,0.85,60.0,0.16,44.69,0.15,60.0,0.17,85.5,0.18,750.5,0.01,0.01,2331.158991,1776267746000
1776267748.456,148.456,0.84,194.5,0.83,879.5,0.85,68.82,0.86,70.11,0.16,37.97,0.15,60.0,0.17,85.5,0.18,750.5,0.01,0.01,2331.158991,1776267746000
1776267749.949,149.949,0.84,1048.21,0.83,293.5,0.86,11.11,0.87,60.08,0.15,58.82,0.14,75.11,0.16,189.5,0.17,879.5,0.02,0.01,2331.281525,1776267748000
1776267750.238,150.238,0.85,284.5,0.84,994.21,0.86,1.11,0.87,60.08,0.14,11.11,0.13,60.08,0.16,1048.21,0.17,293.5,0.01,0.02,2331.28785,1776267749000
1776267750.682,150.682,0.86,298.5,0.85,868.5,0.87,9.88,0.88,60.0,0.13,39.91,0.12,197.0,0.14,205.5,0.15,294.5,0.01,0.01,2331.28785,1776267749000
1776267750.988,150.988,0.87,213.5,0.86,382.5,0.89,660.87,0.9,131.5,0.12,10.0,0.11,662.0,0.14,405.5,0.15,731.5,0.02,0.02,2331.28785,1776267749000
1776267751.515,151.515,0.87,320.39,0.86,377.5,0.89,660.87,0.9,130.5,0.11,660.87,0.1,131.5,0.13,213.5,0.14,382.5,0.02,0.02,2331.28785,1776267749000
1776267752.074,152.074,0.87,275.39,0.86,377.5,0.89,663.87,0.9,130.5,0.11,660.87,0.1,130.5,0.13,320.39,0.14,377.5,0.02,0.02,2331.397215,1776267750000
1776267752.873,152.873,0.87,292.62,0.86,362.5,0.89,663.87,0.9,130.5,0.11,663.87,0.1,130.5,0.13,275.39,0.14,377.5,0.02,0.02,2331.428782,1776267751000
1776267753.299,153.299,0.87,115.0,0.86,132.5,0.88,692.86,0.89,251.95,0.11,663.87,0.1,130.5,0.13,292.62,0.14,362.5,0.01,0.02,2331.428782,1776267751000
1776267753.529,153.529,0.87,115.0,0.86,132.5,0.88,646.26,0.89,251.37,0.12,691.72,0.11,77.37,0.13,115.0,0.14,132.5,0.01,0.01,2331.428782,1776267751000
1776267753.754,153.754,0.87,105.5,0.86,214.5,0.88,451.9,0.89,177.37,0.12,485.28,0.11,177.37,0.13,105.5,0.14,214.5,0.01,0.01,2331.754875,1776267752000
1776267754.438,154.438,0.87,40.0,0.86,234.5,0.88,518.67,0.89,204.37,0.12,451.9,0.11,177.37,0.13,105.5,0.14,214.5,0.01,0.01,2331.754875,1776267752000
1776267754.663,154.663,0.87,32.3,0.86,239.5,0.88,513.67,0.89,204.37,0.12,518.67,0.11,204.37,0.13,40.0,0.14,234.5,0.01,0.01,2331.769661,1776267753000
1776267755.325,155.325,0.87,40.3,0.86,227.5,0.88,496.44,0.89,204.37,0.12,513.67,0.11,204.37,0.13,32.3,0.14,239.5,0.01,0.01,2331.769661,1776267753000
1776267755.733,155.733,0.87,46.64,0.86,110.5,0.88,499.26,0.89,194.37,0.12,496.44,0.11,204.37,0.13,40.3,0.14,227.5,0.01,0.01,2331.769661,1776267753000
1776267756.999,156.999,0.87,76.64,0.86,243.5,0.88,439.54,0.89,204.37,0.12,499.26,0.11,194.37,0.13,46.64,0.14,110.5,0.01,0.01,2331.591534,1776267755000
1776267757.767,157.767,0.88,209.77,0.87,327.8,0.9,595.0,0.91,159.18,0.12,428.23,0.11,204.37,0.13,76.64,0.14,243.5,0.02,0.01,2331.556581,1776267756000
1776267758.03,158.03,0.89,146.2,0.88,304.3,0.9,543.88,0.91,164.18,0.1,595.0,0.09,159.18,0.12,209.77,0.13,327.8,0.01,0.02,2331.556581,1776267756000
1776267758.929,158.929,0.89,11.2,0.88,155.3,0.9,598.88,0.91,164.18,0.1,543.88,0.09,164.18,0.11,146.2,0.12,304.3,0.01,0.01,2331.526967,1776267757000
1776267759.415,159.415,0.89,89.2,0.88,264.3,0.9,546.65,0.91,164.18,0.1,598.88,0.09,164.18,0.11,11.2,0.12,155.3,0.01,0.01,2331.534164,1776267758000
1776267760.297,160.297,0.89,94.2,0.88,274.3,0.9,537.08,0.91,164.18,0.1,540.53,0.09,164.18,0.11,89.2,0.12,264.3,0.01,0.01,2331.730532,1776267759000
1776267760.9,160.9,0.89,358.7,0.88,153.3,0.9,474.92,0.91,20.0,0.1,537.08,0.09,164.18,0.11,94.2,0.12,274.3,0.01,0.01,2331.730532,1776267759000
1776267761.655,161.655,0.89,347.59,0.88,187.4,0.9,469.37,0.91,20.0,0.1,469.37,0.09,20.0,0.11,353.7,0.12,153.3,0.01,0.01,2331.75381,1776267760000
1776267763.354,163.354,0.91,139.5,0.9,341.5,0.92,484.89,0.93,132.0,0.1,469.37,0.09,20.0,0.11,347.59,0.12,187.4,0.01,0.01,2331.843077,1776267762000
1776267763.597,163.597,0.91,194.5,0.9,371.5,0.92,461.62,0.93,137.0,0.08,469.89,0.07,137.0,0.09,144.5,0.1,401.5,0.01,0.01,2331.843077,1776267762000
1776267764.277,164.277,0.91,238.5,0.9,366.5,0.92,430.04,0.93,137.0,0.08,430.35,0.07,137.0,0.09,189.5,0.1,371.5,0.01,0.01,2331.963996,1776267763000
1776267764.486,164.486,0.91,233.5,0.9,332.5,0.92,416.29,0.93,137.0,0.08,430.04,0.07,137.0,0.09,238.5,0.1,366.5,0.01,0.01,2331.963996,1776267763000
1776267765.857,165.857,0.91,233.5,0.9,752.5,0.92,413.15,0.93,137.0,0.08,416.29,0.07,137.0,0.09,233.5,0.1,332.5,0.01,0.01,2332.152615,1776267764000
1776267766.592,166.592,0.91,228.5,0.9,763.5,0.92,391.41,0.93,137.0,0.08,413.15,0.07,137.0,0.09,233.5,0.1,752.5,0.01,0.01,2332.285309,1776267765000
1776267766.902,166.902,0.91,238.5,0.9,763.5,0.92,274.44,0.93,137.0,0.08,282.71,0.07,137.0,0.09,228.5,0.1,763.5,0.01,0.01,2332.285309,1776267765000
1776267768.072,168.072,0.92,210.9,0.91,689.5,0.93,495.0,0.94,143.0,0.08,274.44,0.07,137.0,0.09,238.5,0.1,763.5,0.01,0.01,2332.264737,1776267766000
1776267769.659,169.659,0.92,191.9,0.91,801.5,0.93,498.92,0.94,159.0,0.07,495.0,0.06,143.0,0.08,210.9,0.09,689.5,0.01,0.01,2332.29678,1776267768000
1776267770.212,170.212,0.92,334.9,0.91,762.57,0.93,480.74,0.94,15.0,0.07,498.92,0.06,159.0,0.08,191.9,0.09,801.5,0.01,0.01,2332.377269,1776267769000
1776267773.494,173.494,0.93,115.5,0.92,794.9,0.94,480.9,0.95,149.0,0.07,480.74,0.06,15.0,0.08,334.9,0.09,762.57,0.01,0.01,2332.4079,1776267772000
1776267775.379,175.379,0.93,235.8,0.92,789.9,0.94,453.15,0.95,400.81,0.06,480.9,0.05,149.0,0.07,115.5,0.08,794.9,0.01,0.01,2332.432265,1776267773000
1776267776.24,176.24,0.93,240.8,0.92,789.9,0.94,450.02,0.95,395.81,0.06,453.15,0.05,400.81,0.07,235.8,0.08,789.9,0.01,0.01,2332.461081,1776267775000
1776267776.797,176.797,0.93,720.8,0.92,314.9,0.94,440.92,0.95,303.81,0.06,450.02,0.05,395.81,0.07,240.8,0.08,789.9,0.01,0.01,2332.461081,1776267775000
1776267777.219,177.219,0.93,659.14,0.92,314.9,0.94,437.79,0.95,138.0,0.06,437.79,0.05,303.81,0.07,725.8,0.08,314.9,0.01,0.01,2332.461081,1776267775000
1776267777.42,177.42,0.93,659.14,0.92,314.9,0.94,436.72,0.95,138.0,0.06,437.79,0.05,138.0,0.07,659.14,0.08,314.9,0.01,0.01,2332.501885,1776267776000
1776267777.805,177.805,0.93,669.14,0.92,344.9,0.94,415.28,0.95,138.0,0.06,421.35,0.05,138.0,0.07,754.14,0.08,344.9,0.01,0.01,2332.501885,1776267776000
1776267778.657,178.657,0.94,180.3,0.93,769.56,0.95,491.0,0.96,275.0,0.06,415.28,0.05,138.0,0.07,640.56,0.08,344.9,0.01,0.01,2332.510495,1776267777000
1776267778.884,178.884,0.94,236.26,0.93,769.56,0.95,491.0,0.96,275.0,0.05,491.0,0.04,275.0,0.06,180.3,0.07,769.56,0.01,0.01,2332.510495,1776267777000
1776267780.201,180.201,0.94,253.26,0.93,807.56,0.95,486.0,0.96,275.0,0.05,491.0,0.04,275.0,0.06,236.26,0.07,769.56,0.01,0.01,2332.542345,1776267778000
1776267780.441,180.441,0.94,253.26,0.93,812.56,0.95,470.19,0.96,275.0,0.05,480.46,0.04,275.0,0.06,253.26,0.07,812.56,0.01,0.01,2332.542345,1776267778000
1776267781.523,181.523,0.94,216.88,0.93,818.56,0.95,465.19,0.96,275.0,0.05,470.19,0.04,275.0,0.06,253.26,0.07,812.56,0.01,0.01,2332.768527,1776267780000
1776267783.041,183.041,0.94,751.22,0.93,351.9,0.95,456.55,0.96,211.0,0.05,465.19,0.04,275.0,0.06,216.88,0.07,818.56,0.01,0.01,2332.92663,1776267781000
1776267785.539,185.539,0.94,729.22,0.93,355.84,0.95,451.07,0.96,201.0,0.05,456.55,0.04,211.0,0.06,751.22,0.07,351.9,0.01,0.01,2332.950931,1776267784000
1776267786.046,186.046,0.94,713.22,0.93,345.84,0.95,428.89,0.96,201.0,0.05,451.07,0.04,201.0,0.06,729.22,0.07,355.84,0.01,0.01,2332.950931,1776267784000
1776267786.408,186.408,0.94,713.22,0.93,345.84,0.95,411.71,0.96,201.0,0.05,428.89,0.04,201.0,0.06,713.22,0.07,345.84,0.01,0.01,2332.950931,1776267784000
1776267786.88,186.88,0.94,708.22,0.93,351.9,0.95,395.54,0.96,201.0,0.05,411.71,0.04,201.0,0.06,713.22,0.07,345.84,0.01,0.01,2332.907763,1776267785000
1776267787.242,187.242,0.94,729.22,0.93,351.9,0.95,392.41,0.96,192.0,0.05,395.54,0.04,201.0,0.06,708.22,0.07,351.9,0.01,0.01,2332.902937,1776267786000
1776267788.773,188.773,0.95,769.52,0.94,333.14,0.96,550.0,0.97,585.81,0.05,391.01,0.04,192.0,0.06,729.22,0.07,351.9,0.01,0.01,2332.906779,1776267787000
1776267789.346,189.346,0.95,669.52,0.94,333.14,0.96,543.0,0.97,585.81,0.04,550.0,0.03,585.81,0.05,769.52,0.06,333.14,0.01,0.01,2332.910439,1776267788000
1776267789.993,189.993,0.95,1065.12,0.94,247.79,0.97,885.0,0.98,317.0,0.04,543.0,0.03,585.81,0.05,669.52,0.06,333.14,0.02,0.01,2332.910439,1776267788000
1776267790.376,190.376,0.96,375.8,0.95,983.52,0.97,875.0,0.98,317.0,0.03,880.0,0.02,317.0,0.04,337.8,0.05,1019.52,0.01,0.01,2332.944316,1776267789000
1776267791.149,191.149,0.96,379.36,0.95,983.52,0.97,875.0,0.98,317.0,0.03,875.0,0.02,317.0,0.04,350.8,0.05,983.52,0.01,0.01,2332.944316,1776267789000
1776267791.774,191.774,0.96,379.36,0.95,983.52,0.97,872.93,0.98,317.0,0.03,875.0,0.02,317.0,0.04,379.36,0.05,983.52,0.01,0.01,2332.99253,1776267790000
1776267792.839,192.839,0.96,797.05,0.95,903.52,0.97,872.93,0.98,317.0,0.03,872.93,0.02,317.0,0.04,348.11,0.05,983.52,0.01,0.01,2333.456739,1776267791000
1776267793.426,193.426,0.96,768.05,0.95,803.52,0.97,749.8,0.98,317.0,0.03,872.93,0.02,317.0,0.04,797.05,0.05,903.52,0.01,0.01,2333.69611,1776267792000
1776267793.754,193.754,0.96,810.48,0.95,177.52,0.97,241.54,0.98,434.0,0.03,247.61,0.02,317.0,0.04,749.05,0.05,239.52,0.01,0.01,2333.69611,1776267792000
1776267794.666,194.666,0.96,845.48,0.95,177.52,0.97,235.54,0.98,434.0,0.03,241.54,0.02,434.0,0.04,810.48,0.05,177.52,0.01,0.01,2333.7059,1776267793000
1776267794.879,194.879,0.96,845.48,0.95,177.52,0.97,214.54,0.98,914.0,0.03,219.54,0.02,914.0,0.04,845.48,0.05,177.52,0.01,0.01,2333.7059,1776267793000
1776267795.104,195.104,0.96,840.48,0.95,177.52,0.97,184.54,0.98,914.0,0.03,189.54,0.02,914.0,0.04,840.48,0.05,177.52,0.01,0.01,2333.781111,1776267794000
1776267795.305,195.305,0.96,793.2,0.95,177.52,0.97,140.54,0.98,914.0,0.03,145.54,0.02,914.0,0.04,793.2,0.05,177.52,0.01,0.01,2333.781111,1776267794000
1776267795.508,195.508,0.96,793.2,0.95,187.52,0.97,82.54,0.98,914.0,0.03,87.54,0.02,914.0,0.04,793.2,0.05,177.52,0.01,0.01,2333.781111,1776267794000
1776267795.709,195.709,0.96,793.2,0.95,187.52,0.97,7.33,0.98,914.0,0.03,14.33,0.02,914.0,0.04,793.2,0.05,187.52,0.01,0.01,2333.781111,1776267794000
1776267795.967,195.967,0.97,148.0,0.96,910.2,0.98,813.0,0.99,7173.3,0.02,914.0,0.01,7312.3,0.04,793.2,0.05,187.52,0.01,0.02,2333.781111,1776267794000
1776267796.59,196.59,0.97,1451.2,0.96,520.2,0.98,788.0,0.99,7297.3,0.02,813.0,0.01,7173.3,0.03,148.0,0.04,910.2,0.01,0.01,2334.15,1776267795000
1776267796.896,196.896,0.97,1445.77,0.96,749.2,0.98,308.0,0.99,7297.3,0.02,788.0,0.01,7297.3,0.03,1451.2,0.04,520.2,0.01,0.01,2334.15,1776267795000
1776267797.219,197.219,0.97,1647.61,0.96,744.2,0.99,8060.11,,,0.02,191.0,0.01,7943.11,0.03,1647.61,0.04,549.2,0.02,0.01,2334.3194,1776267796000
1776267797.426,197.426,0.98,752.78,0.97,1126.34,0.99,8055.11,,,0.01,8060.11,,,0.03,1647.61,0.04,744.2,0.01,0.02,2334.3194,1776267796000
1776267797.822,197.822,0.98,385.04,0.97,682.34,0.99,8045.11,,,0.01,8055.11,,,0.02,752.78,0.03,1126.34,0.01,0.01,2334.3194,1776267796000
1776267798.351,198.351,0.98,329.7,0.97,968.16,0.99,7903.3,,,0.01,8045.11,,,0.02,385.04,0.03,682.34,0.01,0.01,2334.68936,1776267797000
1776267798.784,198.784,0.98,234.7,0.97,968.16,0.99,7959.3,,,0.01,7903.3,,,0.02,329.7,0.03,968.16,0.01,0.01,2334.68936,1776267797000
1776267799.007,199.007,0.98,234.7,0.97,973.16,0.99,7985.14,,,0.01,7959.3,,,0.02,234.7,0.03,968.16,0.01,0.01,2334.68936,1776267797000
1776267799.449,199.449,0.98,279.51,0.97,980.44,0.99,7975.03,,,0.01,7970.03,,,0.02,234.7,0.03,973.16,0.01,0.01,2334.7122,1776267798000
1776267799.77,199.77,0.98,279.49,0.97,877.44,0.99,7804.92,,,0.01,7799.92,,,0.02,279.51,0.03,980.44,0.01,0.01,2334.7122,1776267798000
1776267800.286,200.286,0.98,279.49,0.97,877.44,0.99,7748.86,,,0.01,7804.92,,,0.02,279.49,0.03,877.44,0.01,0.01,2334.195981,1776267799000
1776267801.247,201.247,0.98,209.49,0.97,888.44,0.99,7858.67,,,0.01,7748.86,,,0.02,279.49,0.03,877.44,0.01,0.01,2334.195981,1776267799000
1776267801.56,201.56,0.98,204.49,0.97,888.44,0.99,7662.81,,,0.01,7859.62,,,0.02,209.49,0.03,888.44,0.01,0.01,2333.994352,1776267800000
1776267801.97,201.97,0.98,204.49,0.97,888.44,0.99,7642.6,,,0.01,7657.81,,,0.02,204.49,0.03,888.44,0.01,0.01,2333.988696,1776267801000
1776267802.491,202.491,0.98,172.49,0.97,888.44,0.99,7587.94,,,0.01,7642.6,,,0.02,204.49,0.03,888.44,0.01,0.01,2333.988696,1776267801000
1776267803.103,203.103,0.98,142.43,0.97,889.5,0.99,7587.94,,,0.01,7587.94,,,0.02,172.49,0.03,883.44,0.01,0.01,2333.959771,1776267802000
1776267803.764,203.764,0.98,97.62,0.97,894.5,0.99,7753.75,,,0.01,7587.94,,,0.02,142.43,0.03,889.5,0.01,0.01,2333.959771,1776267802000
1776267807.328,207.328,0.98,858.1,0.97,629.5,0.99,7691.23,,,0.01,7753.75,,,0.02,97.62,0.03,894.5,0.01,0.01,2333.859972,1776267806000
1776267808.832,208.832,0.98,858.1,0.97,623.44,0.99,7425.42,,,0.01,7691.23,,,0.02,858.1,0.03,629.5,0.01,0.01,2334.29474,1776267807000
1776267809.457,209.457,0.98,766.82,0.97,563.44,0.99,7400.42,,,0.01,7425.42,,,0.02,858.1,0.03,623.44,0.01,0.01,2334.411744,1776267808000
1776267810.582,210.582,0.98,906.82,0.97,518.22,0.99,2399.4,,,0.01,7400.42,,,0.02,766.82,0.03,563.44,0.01,0.01,2334.48353,1776267809000
1776267810.8,210.8,0.98,901.82,0.97,512.16,0.99,2392.36,,,0.01,2394.36,,,0.02,896.82,0.03,512.16,0.01,0.01,2334.48353,1776267809000
1776267811.093,211.093,0.98,881.82,0.97,672.16,0.99,2341.36,,,0.01,2392.36,,,0.02,901.82,0.03,512.16,0.01,0.01,2334.409544,1776267810000
1776267811.633,211.633,0.98,797.1,0.97,672.16,0.99,2274.15,,,0.01,2316.15,,,0.02,881.82,0.03,672.16,0.01,0.01,2334.409544,1776267810000
1776267811.849,211.849,0.98,790.82,0.97,710.16,0.99,2212.15,,,0.01,2268.15,,,0.02,797.1,0.03,672.16,0.01,0.01,2334.409544,1776267810000
1776267812.935,212.935,0.99,452.58,0.98,336.82,,,,,,,,,0.01,312.85,0.02,811.82,,,2334.386595,1776267811000
1776267813.25,213.25,0.98,336.82,0.97,1198.16,,,,,,,,,0.01,452.58,0.02,336.82,,,2334.642635,1776267812000
1776267813.478,213.478,0.98,852.82,0.97,1453.34,0.99,564.73,,,0.01,584.87,,,0.02,372.82,0.03,1336.34,0.01,0.01,2334.642635,1776267812000
1776267813.889,213.889,0.99,468.15,0.98,367.82,,,,,,,,,0.02,852.82,0.03,1336.34,,,2334.642635,1776267812000
1776267814.554,214.554,0.98,332.82,0.97,463.16,,,,,,,,,0.01,468.15,0.02,367.82,,,2334.719685,1776267813000
1776267814.83,214.83,0.98,733.39,0.97,433.16,0.99,602.0,,,,,,,0.02,312.82,0.03,463.16,0.01,,2334.719685,1776267813000
1776267815.035,215.035,0.98,770.57,0.97,433.16,0.99,593.69,,,0.01,594.72,,,0.02,770.57,0.03,428.16,0.01,0.01,2334.7278,1776267814000
1776267815.289,215.289,0.98,454.66,0.97,433.16,,,,,,,,,0.02,670.57,0.03,433.16,,,2334.7278,1776267814000
1776267815.552,215.552,0.98,509.66,0.97,433.16,0.99,163.81,,,,,,,0.02,454.66,0.03,433.16,0.01,,2334.7278,1776267814000
1776267816.149,216.149,0.98,123.18,0.97,314.46,0.99,537.06,,,0.01,161.88,,,0.02,528.66,0.03,309.46,0.01,0.01,2334.684526,1776267815000
1776267816.445,216.445,0.98,720.18,0.97,304.46,0.99,449.47,,,0.01,532.06,,,0.02,123.18,0.03,314.46,0.01,0.01,2334.684526,1776267815000
1776267816.671,216.671,0.98,761.68,0.97,409.46,0.99,270.89,,,0.01,359.15,,,0.02,756.68,0.03,309.46,0.01,0.01,2334.684526,1776267815000
1776267817.031,217.031,0.98,761.68,0.97,419.46,0.99,376.63,,,0.01,255.91,,,0.02,766.68,0.03,419.46,0.01,0.01,2334.41033,1776267816000
1776267818.11,218.11,0.98,802.02,0.97,467.46,0.99,570.63,,,0.01,376.63,,,0.02,690.25,0.03,419.46,0.01,0.01,2334.377443,1776267817000
1776267820.497,220.497,0.98,764.96,0.97,407.46,0.99,130.17,,,0.01,570.63,,,0.02,802.02,0.03,467.46,0.01,0.01,2334.620992,1776267819000
1776267821.083,221.083,0.98,748.46,0.97,792.46,0.99,484.04,,,0.01,124.04,,,0.02,864.96,0.03,431.16,0.01,0.01,2334.620992,1776267819000
1776267821.313,221.313,0.98,728.28,0.97,792.46,0.99,463.04,,,0.01,484.04,,,0.02,748.46,0.03,792.46,0.01,0.01,2334.70668,1776267820000
1776267823.412,223.412,0.98,733.28,0.97,309.46,0.99,442.83,,,0.01,463.04,,,0.02,728.28,0.03,792.46,0.01,0.01,2334.419883,1776267822000
1776267826.656,226.656,0.98,882.28,0.97,314.46,0.99,630.71,,,0.01,442.83,,,0.02,733.28,0.03,309.46,0.01,0.01,2334.092335,1776267825000
1776267827.143,227.143,0.98,782.28,0.97,314.46,0.99,515.84,,,0.01,621.86,,,0.02,882.28,0.03,314.46,0.01,0.01,2334.092335,1776267825000
1776267827.748,227.748,0.98,727.28,0.97,532.16,0.99,676.84,,,0.01,515.84,,,0.02,782.28,0.03,314.46,0.01,0.01,2334.096374,1776267826000
1776267828.703,228.703,0.98,827.28,0.97,538.22,0.99,676.84,,,0.01,676.84,,,0.02,727.28,0.03,532.16,0.01,0.01,2334.174361,1776267827000
1776267828.913,228.913,0.98,872.28,0.97,538.22,0.99,656.64,,,0.01,676.84,,,0.02,827.28,0.03,538.22,0.01,0.01,2334.174361,1776267827000
1776267829.427,229.427,0.98,872.28,0.97,538.22,0.99,655.62,,,0.01,656.64,,,0.02,872.28,0.03,538.22,0.01,0.01,2334.280856,1776267828000
1776267829.761,229.761,0.98,875.28,0.97,538.22,0.99,457.74,,,0.01,655.62,,,0.02,872.28,0.03,538.22,0.01,0.01,2334.280856,1776267828000
1776267830.312,230.312,0.98,825.28,0.97,536.16,0.99,477.91,,,0.01,345.26,,,0.02,820.28,0.03,538.22,0.01,0.01,2334.280856,1776267828000
1776267830.686,230.686,0.98,800.28,0.97,527.16,0.99,433.91,,,0.01,477.91,,,0.02,825.28,0.03,536.16,0.01,0.01,2334.280856,1776267828000
1776267831.723,231.723,0.98,785.82,0.97,527.16,0.99,437.89,,,0.01,437.89,,,0.02,819.28,0.03,527.16,0.01,0.01,2334.272755,1776267830000
1776267832.04,232.04,0.98,420.32,0.97,527.16,0.99,417.68,,,0.01,417.68,,,0.02,785.82,0.03,527.16,0.01,0.01,2334.272755,1776267830000
1776267832.385,232.385,0.98,415.32,0.97,527.16,0.99,396.68,,,0.01,417.68,,,0.02,420.32,0.03,527.16,0.01,0.01,2334.328632,1776267831000
1776267832.596,232.596,0.98,829.32,0.97,533.22,0.99,386.57,,,0.01,396.68,,,0.02,415.32,0.03,527.16,0.01,0.01,2334.328632,1776267831000
1776267834.965,234.965,0.98,1152.02,0.97,427.16,0.99,380.07,,,0.01,380.07,,,0.02,829.32,0.03,533.22,0.01,0.01,2334.360819,1776267833000
1776267835.454,235.454,0.98,748.32,0.97,393.46,0.99,380.07,,,0.01,380.07,,,0.02,1152.02,0.03,427.16,0.01,0.01,2334.34235,1776267834000
1776267836.452,236.452,0.98,160.82,0.97,527.16,,,,,0.01,380.07,,,0.02,748.32,0.03,393.46,,0.01,2334.34235,1776267834000
1776267837.344,237.344,0.98,195.82,0.97,527.16,,,,,,,,,0.02,160.82,0.03,527.16,,,2334.338628,1776267835000
1776267838.844,238.844,0.99,11.06,0.98,792.82,,,,,,,,,0.02,195.82,0.03,527.16,,,2334.22332,1776267837000
1776267843.087,243.087,0.99,255.18,0.98,141.82,,,,,,,,,0.01,11.06,0.02,792.82,,,2333.93919,1776267841000
1776267843.541,243.541,0.99,53.97,0.98,141.82,,,,,,,,,0.01,253.97,0.02,141.82,,,2333.923889,1776267842000
1776267845.289,245.289,0.99,64.92,0.98,146.28,,,,,,,,,0.01,53.97,0.02,141.82,,,2333.53319,1776267844000
1776267846.319,246.319,0.99,68.04,0.98,146.28,,,,,,,,,0.01,64.92,0.02,146.28,,,2333.53319,1776267844000
1776267850.07,250.07,0.99,82.38,0.98,146.28,,,,,,,,,0.01,68.04,0.02,146.28,,,2333.599678,1776267849000
1776267851.033,251.033,0.99,60.77,0.98,146.28,,,,,,,,,0.01,82.38,0.02,146.28,,,2333.599678,1776267849000
1776267852.591,252.591,0.99,69.36,0.98,349.98,,,,,,,,,0.01,60.77,0.02,146.28,,,2333.570416,1776267851000
1776267856.531,256.531,0.99,163.84,0.98,430.69,,,,,,,,,0.01,69.36,0.02,349.98,,,2333.668504,1776267855000
1776267889.837,289.837,0.99,12627.75,0.98,128.0,,,,,,,,,0.01,163.84,0.02,430.69,,,2333.896708,1776267888000
1776267898.063,298.063,0.99,13256.09,0.98,128.0,,,,,,,,,0.01,12627.75,0.02,128.0,,,2333.65695,1776267896000

# RESULT,winner=Up,slug=eth-updown-5m-1776267600,ticks=342
