timestamp,elapsed_sec,up_bid_p1,up_bid_s1,up_bid_p2,up_bid_s2,up_bid_p3,up_bid_s3,up_bid_p4,up_bid_s4,up_bid_p5,up_bid_s5,up_ask_p1,up_ask_s1,up_ask_p2,up_ask_s2,up_ask_p3,up_ask_s3,up_ask_p4,up_ask_s4,up_ask_p5,up_ask_s5,down_bid_p1,down_bid_s1,down_bid_p2,down_bid_s2,down_bid_p3,down_bid_s3,down_bid_p4,down_bid_s4,down_bid_p5,down_bid_s5,down_ask_p1,down_ask_s1,down_ask_p2,down_ask_s2,down_ask_p3,down_ask_s3,down_ask_p4,down_ask_s4,down_ask_p5,down_ask_s5,up_spread,down_spread,eth_price,eth_oracle_ts
1776165611.549,11.549,0.51,136.0,0.5,45.0,0.49,15.0,0.48,54.5,0.47,49.0,0.52,19.28,0.53,45.5,0.54,15.0,0.55,30.0,0.56,38.0,0.47,45.41,0.46,50.0,0.45,30.0,0.44,38.0,0.43,23.0,0.48,15.0,0.49,136.0,0.5,40.0,0.51,25.5,0.52,44.5,0.01,0.01,2374.806835,1776165609000
1776165611.823,11.823,0.51,136.0,0.5,45.0,0.49,15.0,0.48,54.5,0.47,49.0,0.52,19.28,0.53,45.5,0.54,15.0,0.55,30.0,0.56,38.0,0.47,45.41,0.46,50.0,0.45,30.0,0.44,38.0,0.43,23.0,0.48,15.0,0.49,136.0,0.5,40.0,0.51,25.5,0.52,44.5,0.01,0.01,2374.82476,1776165610000
1776165612.085,12.085,0.52,25.0,0.51,131.0,0.5,40.0,0.49,35.5,0.48,33.5,0.53,34.5,0.54,50.0,0.55,40.0,0.56,38.0,0.57,23.0,0.47,45.41,0.46,50.0,0.45,30.0,0.44,38.0,0.43,23.0,0.48,15.0,0.49,136.0,0.5,40.0,0.51,25.5,0.52,44.5,0.01,0.01,2374.82476,1776165610000
1776165612.602,12.602,0.52,20.0,0.51,131.0,0.5,40.0,0.49,35.5,0.48,42.5,0.53,53.96,0.54,50.0,0.55,40.0,0.56,38.0,0.57,23.0,0.47,53.96,0.46,50.0,0.45,40.0,0.44,38.0,0.43,23.0,0.48,20.0,0.49,131.0,0.5,40.0,0.51,35.5,0.52,42.5,0.01,0.01,2374.964489,1776165611000
1776165613.023,13.023,0.52,20.0,0.51,201.0,0.5,45.5,0.49,35.5,0.48,42.5,0.53,26.46,0.54,60.5,0.55,25.0,0.56,101.0,0.57,23.0,0.47,53.96,0.46,50.0,0.45,40.0,0.44,38.0,0.43,23.0,0.48,20.0,0.49,131.0,0.5,40.0,0.51,35.5,0.52,42.5,0.01,0.01,2374.964489,1776165611000
1776165613.43,13.43,0.52,20.0,0.51,201.0,0.5,45.5,0.49,35.5,0.48,42.5,0.53,26.46,0.54,60.5,0.55,25.0,0.56,101.0,0.57,23.0,0.47,26.46,0.46,60.5,0.45,25.0,0.44,101.0,0.43,23.0,0.48,20.0,0.49,201.0,0.5,45.5,0.51,35.5,0.52,42.5,0.01,0.01,2374.879677,1776165612000
1776165613.859,13.859,0.52,20.0,0.51,201.0,0.5,45.5,0.49,35.5,0.48,45.5,0.53,18.92,0.54,60.5,0.55,25.0,0.56,93.0,0.57,23.0,0.47,26.46,0.46,60.5,0.45,25.0,0.44,101.0,0.43,23.0,0.48,20.0,0.49,201.0,0.5,45.5,0.51,35.5,0.52,42.5,0.01,0.01,2374.879677,1776165612000
1776165614.305,14.305,0.52,20.0,0.51,201.0,0.5,45.5,0.49,35.5,0.48,45.5,0.53,18.92,0.54,60.5,0.55,25.0,0.56,93.0,0.57,23.0,0.47,18.92,0.46,60.5,0.45,25.0,0.44,93.0,0.43,23.0,0.48,20.0,0.49,201.0,0.5,45.5,0.51,35.5,0.52,45.5,0.01,0.01,2374.88315,1776165613000
1776165614.593,14.593,0.52,17.91,0.51,201.0,0.5,45.5,0.49,35.5,0.48,45.5,0.53,30.99,0.54,60.5,0.55,83.0,0.56,35.0,0.57,23.0,0.47,18.92,0.46,60.5,0.45,25.0,0.44,93.0,0.43,23.0,0.48,20.0,0.49,201.0,0.5,45.5,0.51,35.5,0.52,45.5,0.01,0.01,2374.88315,1776165613000
1776165614.794,14.794,0.52,17.91,0.51,201.0,0.5,45.5,0.49,35.5,0.48,45.5,0.53,27.47,0.54,60.5,0.55,83.0,0.56,35.0,0.57,23.0,0.47,30.31,0.46,60.5,0.45,83.0,0.44,35.0,0.43,23.0,0.48,17.91,0.49,201.0,0.5,45.5,0.51,35.5,0.52,45.5,0.01,0.01,2374.88315,1776165613000
1776165615.733,15.733,0.52,17.91,0.51,201.0,0.5,45.5,0.49,35.5,0.48,51.16,0.53,19.63,0.54,60.5,0.55,83.0,0.56,35.0,0.57,23.0,0.47,19.63,0.46,60.5,0.45,83.0,0.44,35.0,0.43,23.0,0.48,17.91,0.49,201.0,0.5,45.5,0.51,35.5,0.52,51.16,0.01,0.01,2374.880945,1776165614000
1776165616.422,16.422,0.52,17.91,0.51,201.0,0.5,45.5,0.49,35.5,0.48,51.16,0.53,19.63,0.54,60.5,0.55,83.0,0.56,35.0,0.57,23.0,0.47,19.63,0.46,60.5,0.45,83.0,0.44,35.0,0.43,23.0,0.48,17.91,0.49,201.0,0.5,45.5,0.51,35.5,0.52,51.16,0.01,0.01,2374.88107,1776165615000
1776165617.229,17.229,0.52,17.91,0.51,201.0,0.5,45.5,0.49,35.5,0.48,51.16,0.53,19.63,0.54,60.5,0.55,83.0,0.56,35.0,0.57,23.0,0.47,19.63,0.46,60.5,0.45,83.0,0.44,35.0,0.43,23.0,0.48,17.91,0.49,201.0,0.5,45.5,0.51,35.5,0.52,51.16,0.01,0.01,2374.88122,1776165616000
1776165618.492,18.492,0.53,15.0,0.52,12.91,0.51,206.5,0.5,45.5,0.49,35.5,0.54,52.0,0.55,108.5,0.56,35.0,0.57,48.0,0.58,85.0,0.46,53.0,0.45,128.5,0.44,35.0,0.43,23.0,0.42,85.0,0.47,5.0,0.48,12.91,0.49,211.5,0.5,45.5,0.51,77.49,0.01,0.01,2374.88122,1776165616000
1776165618.697,18.697,0.53,15.0,0.52,12.91,0.51,206.5,0.5,45.5,0.49,35.5,0.54,52.0,0.55,108.5,0.56,35.0,0.57,48.0,0.58,85.0,0.46,52.0,0.45,108.5,0.44,35.0,0.43,48.0,0.42,85.0,0.47,15.0,0.48,12.91,0.49,206.5,0.5,45.5,0.51,35.5,0.01,0.01,2374.88623,1776165617000
1776165619.156,19.156,0.53,10.0,0.52,17.91,0.51,206.5,0.5,45.5,0.49,76.49,0.54,47.0,0.55,108.5,0.56,35.0,0.57,48.0,0.58,85.0,0.46,52.0,0.45,108.5,0.44,35.0,0.43,48.0,0.42,85.0,0.47,15.0,0.48,12.91,0.49,206.5,0.5,45.5,0.51,35.5,0.01,0.01,2374.88623,1776165617000
1776165619.494,19.494,0.54,110.5,0.53,167.5,0.52,52.41,0.51,85.5,0.5,81.5,0.6,15.0,0.61,15.0,0.62,42.0,0.63,12.0,0.64,18.89,0.46,47.0,0.45,108.5,0.44,35.0,0.43,48.0,0.42,85.0,0.47,10.0,0.48,17.91,0.49,206.5,0.5,45.5,0.51,76.49,0.06,0.01,2374.88623,1776165617000
1776165619.725,19.725,0.59,50.0,0.58,71.99,0.57,54.58,0.56,100.5,0.55,100.5,0.61,12.73,0.62,47.5,0.63,36.5,0.64,18.89,0.65,5.0,0.4,13.73,0.39,15.0,0.38,49.0,0.37,5.0,0.36,18.89,0.41,45.0,0.42,20.0,0.43,10.0,0.44,96.5,0.45,98.5,0.02,0.01,2374.886335,1776165618000
1776165619.927,19.927,0.6,18.25,0.59,45.0,0.58,82.99,0.57,106.58,0.56,100.5,0.62,53.11,0.63,36.5,0.64,25.89,0.65,5.0,0.66,65.0,0.39,10.59,0.38,93.5,0.37,36.5,0.36,25.89,0.35,5.0,0.4,23.25,0.41,45.0,0.42,82.99,0.43,106.58,0.44,100.5,0.02,0.01,2374.886335,1776165618000
1776165620.42,20.42,0.59,43.25,0.58,82.99,0.57,106.58,0.56,100.5,0.55,100.5,0.62,53.11,0.63,36.5,0.64,25.89,0.65,5.0,0.66,65.0,0.38,53.11,0.37,36.5,0.36,25.89,0.35,5.0,0.34,65.0,0.41,43.25,0.42,82.99,0.43,106.58,0.44,100.5,0.45,100.5,0.03,0.03,2374.88602,1776165619000
1776165620.735,20.735,0.61,3.69,0.6,15.0,0.59,58.25,0.58,72.5,0.57,208.49,0.62,83.11,0.63,61.5,0.64,30.89,0.65,45.0,0.66,98.0,0.38,53.11,0.37,36.5,0.36,25.89,0.35,5.0,0.34,65.0,0.41,43.25,0.42,82.99,0.43,106.58,0.44,100.5,0.45,100.5,0.01,0.03,2374.88602,1776165619000
1776165621.463,21.463,0.61,13.69,0.6,20.0,0.59,121.75,0.58,65.58,0.57,76.58,0.62,50.0,0.63,119.0,0.64,41.39,0.65,30.0,0.66,98.0,0.38,28.22,0.37,61.0,0.36,99.39,0.35,20.0,0.34,98.0,0.39,8.69,0.4,15.0,0.41,68.75,0.42,176.49,0.43,118.58,0.01,0.01,2374.88602,1776165619000
1776165621.753,21.753,0.61,14.41,0.6,78.0,0.59,151.75,0.58,76.49,0.57,49.5,0.62,5.0,0.63,35.0,0.64,105.89,0.65,10.0,0.66,83.0,0.38,44.0,0.37,124.0,0.36,35.89,0.35,15.0,0.34,98.0,0.39,15.41,0.4,20.0,0.41,121.75,0.42,72.58,0.43,76.58,0.01,0.01,2374.88602,1776165619000
1776165622.083,22.083,0.63,168.5,0.62,144.5,0.61,195.5,0.6,56.0,0.59,102.5,0.64,13.79,0.68,10.0,0.69,83.0,0.7,15.0,0.71,53.0,0.38,5.0,0.37,35.0,0.36,105.89,0.35,10.0,0.34,83.0,0.39,14.41,0.4,78.0,0.41,151.75,0.42,76.49,0.43,49.5,0.01,0.01,2375.058812,1776165620000
1776165622.627,22.627,0.68,46.21,0.63,201.5,0.62,109.5,0.61,200.5,0.6,51.0,0.69,83.0,0.7,15.0,0.71,53.0,0.72,104.0,0.73,19.45,0.31,83.0,0.3,15.0,0.29,53.0,0.28,104.0,0.27,19.45,0.32,46.21,0.37,201.5,0.38,109.5,0.39,200.5,0.4,51.0,0.01,0.01,2375.19999,1776165621000
1776165622.876,22.876,0.69,17.43,0.68,379.71,0.67,144.0,0.66,25.0,0.65,15.0,0.72,59.0,0.73,67.45,0.74,14.0,0.75,5.0,0.76,73.0,0.31,83.0,0.3,15.0,0.29,53.0,0.28,104.0,0.27,19.45,0.32,46.21,0.37,201.5,0.38,109.5,0.39,200.5,0.4,51.0,0.03,0.01,2375.19999,1776165621000
1776165623.1,23.1,0.71,33.63,0.7,47.5,0.69,10.49,0.68,195.71,0.67,112.0,0.72,14.0,0.73,72.45,0.74,14.0,0.75,5.0,0.76,73.0,0.28,59.0,0.27,67.45,0.26,14.0,0.25,5.0,0.24,73.0,0.31,10.49,0.32,379.71,0.33,144.0,0.34,25.0,0.35,15.0,0.01,0.03,2375.19999,1776165621000
1776165623.634,23.634,0.71,60.13,0.7,53.5,0.69,74.49,0.68,184.71,0.67,112.0,0.72,9.0,0.73,72.45,0.74,14.0,0.75,5.0,0.76,73.0,0.28,14.0,0.27,72.45,0.26,14.0,0.25,5.0,0.24,73.0,0.29,33.63,0.3,47.5,0.31,10.49,0.32,195.71,0.33,112.0,0.01,0.01,2375.19999,1776165621000
1776165624.125,24.125,0.71,60.13,0.7,53.5,0.69,74.49,0.68,184.71,0.67,112.0,0.72,9.0,0.73,72.45,0.74,14.0,0.75,5.0,0.76,73.0,0.28,9.0,0.27,72.45,0.26,14.0,0.25,5.0,0.24,73.0,0.29,60.13,0.3,53.5,0.31,74.49,0.32,184.71,0.33,112.0,0.01,0.01,2375.505754,1776165623000
1776165624.332,24.332,0.71,36.5,0.7,56.5,0.69,61.49,0.68,242.71,0.67,132.0,0.73,61.45,0.74,14.0,0.75,15.5,0.76,113.63,0.77,138.0,0.28,9.0,0.27,72.45,0.26,14.0,0.25,5.0,0.24,73.0,0.29,60.13,0.3,53.5,0.31,74.49,0.32,184.71,0.33,112.0,0.02,0.01,2375.505754,1776165623000
1776165625.051,25.051,0.71,36.5,0.7,56.5,0.69,61.49,0.68,242.71,0.67,132.0,0.73,61.45,0.74,14.0,0.75,15.5,0.76,113.63,0.77,138.0,0.27,61.45,0.26,14.0,0.25,15.5,0.24,113.63,0.23,138.0,0.29,36.5,0.3,56.5,0.31,61.49,0.32,242.71,0.33,132.0,0.02,0.02,2375.954982,1776165624000
1776165625.479,25.479,0.7,10.0,0.68,61.71,0.67,118.0,0.66,25.0,0.65,75.0,0.71,69.0,0.72,39.0,0.73,89.95,0.74,32.0,0.75,35.5,0.27,61.45,0.26,14.0,0.25,15.5,0.24,113.63,0.23,138.0,0.29,36.5,0.3,56.5,0.31,61.49,0.32,242.71,0.33,132.0,0.01,0.02,2375.954982,1776165624000
1776165625.688,25.688,0.68,46.21,0.67,35.0,0.66,10.0,0.65,70.0,0.64,55.0,0.69,65.85,0.7,113.5,0.71,82.5,0.72,95.5,0.73,88.45,0.31,34.0,0.3,33.0,0.29,72.0,0.28,85.0,0.27,88.45,0.32,46.21,0.33,35.0,0.35,70.0,0.36,45.0,0.37,138.0,0.01,0.01,2375.954982,1776165624000
1776165626.048,26.048,0.67,35.0,0.66,10.0,0.65,70.0,0.64,55.0,0.63,143.0,0.69,65.85,0.7,118.5,0.71,82.5,0.72,95.5,0.73,88.45,0.31,65.85,0.3,118.5,0.29,82.5,0.28,95.5,0.27,88.45,0.33,35.0,0.34,10.0,0.35,70.0,0.36,55.0,0.37,143.0,0.02,0.02,2375.98176,1776165625000
1776165626.451,26.451,0.67,4.0,0.66,25.0,0.65,70.0,0.64,113.0,0.63,93.0,0.68,48.0,0.69,50.85,0.7,95.5,0.71,102.5,0.72,98.5,0.31,65.85,0.3,118.5,0.29,82.5,0.28,95.5,0.27,88.45,0.33,35.0,0.34,10.0,0.35,70.0,0.36,55.0,0.37,143.0,0.01,0.02,2375.98176,1776165625000
1776165626.939,26.939,0.67,15.86,0.66,73.0,0.65,65.0,0.64,50.0,0.63,96.0,0.68,25.0,0.69,47.0,0.7,103.0,0.71,112.5,0.72,98.5,0.32,48.0,0.31,50.85,0.3,95.5,0.29,102.5,0.28,98.5,0.33,4.0,0.34,25.0,0.35,70.0,0.36,113.0,0.37,93.0,0.01,0.01,2375.98176,1776165625000
1776165627.239,27.239,0.66,68.68,0.65,65.0,0.64,50.0,0.63,96.0,0.62,149.0,0.68,40.0,0.69,52.0,0.7,85.5,0.71,107.5,0.72,98.5,0.32,25.0,0.31,47.0,0.3,103.0,0.29,112.5,0.28,98.5,0.33,15.86,0.34,73.0,0.35,65.0,0.36,50.0,0.37,96.0,0.02,0.01,2375.953663,1776165626000
1776165627.613,27.613,0.67,20.0,0.66,10.68,0.65,73.0,0.64,50.0,0.63,179.76,0.68,25.87,0.69,30.5,0.7,95.5,0.71,130.5,0.72,130.5,0.32,40.0,0.31,52.0,0.3,85.5,0.29,107.5,0.28,98.5,0.34,68.68,0.35,65.0,0.36,50.0,0.37,96.0,0.38,149.0,0.01,0.02,2375.953663,1776165626000
1776165627.949,27.949,0.67,15.0,0.66,10.68,0.65,15.0,0.64,50.0,0.63,105.23,0.68,20.87,0.69,83.5,0.7,95.5,0.71,117.5,0.72,130.5,0.32,25.87,0.31,30.5,0.3,95.5,0.29,130.5,0.28,130.5,0.33,20.0,0.34,10.68,0.35,73.0,0.36,50.0,0.37,179.76,0.01,0.01,2375.953663,1776165626000
1776165628.422,28.422,0.67,8.93,0.66,15.68,0.65,73.0,0.64,40.0,0.63,188.99,0.68,15.87,0.69,83.5,0.7,95.5,0.71,127.5,0.72,130.5,0.32,20.87,0.31,83.5,0.3,95.5,0.29,117.5,0.28,130.5,0.33,15.0,0.34,10.68,0.35,15.0,0.36,50.0,0.37,105.23,0.01,0.01,2375.744187,1776165627000
1776165628.992,28.992,0.67,18.93,0.66,10.68,0.65,73.0,0.64,40.0,0.63,208.99,0.68,23.96,0.69,30.0,0.7,153.5,0.71,117.5,0.72,98.5,0.32,15.87,0.31,83.5,0.3,95.5,0.29,127.5,0.28,130.5,0.33,8.93,0.34,15.68,0.35,73.0,0.36,40.0,0.37,188.99,0.01,0.01,2375.744187,1776165627000
1776165629.598,29.598,0.67,27.84,0.66,20.68,0.65,93.0,0.64,164.99,0.63,146.23,0.68,18.96,0.69,30.0,0.7,15.0,0.71,175.5,0.72,28.5,0.32,23.96,0.31,30.0,0.3,143.0,0.29,117.5,0.28,108.5,0.33,18.84,0.34,10.68,0.35,93.0,0.36,50.0,0.37,208.99,0.01,0.01,2375.787147,1776165628000
1776165629.942,29.942,0.67,27.84,0.66,20.68,0.65,93.0,0.64,164.99,0.63,146.23,0.68,18.96,0.69,30.0,0.7,15.0,0.71,175.5,0.72,28.5,0.32,18.96,0.31,30.0,0.3,15.0,0.29,175.5,0.28,28.5,0.33,27.84,0.34,20.68,0.35,93.0,0.36,164.99,0.37,146.23,0.01,0.01,2375.72666,1776165629000
1776165630.924,30.924,0.67,27.84,0.66,20.68,0.65,93.0,0.64,164.99,0.63,146.23,0.68,18.96,0.69,30.0,0.7,15.0,0.71,175.5,0.72,28.5,0.32,18.96,0.31,30.0,0.3,15.0,0.29,175.5,0.28,28.5,0.33,27.84,0.34,20.68,0.35,93.0,0.36,164.99,0.37,146.23,0.01,0.01,2375.733175,1776165630000
1776165631.155,31.155,0.67,152.8,0.66,41.68,0.65,126.99,0.64,102.23,0.63,94.0,0.68,18.96,0.69,25.0,0.7,73.0,0.71,107.0,0.72,28.5,0.32,18.96,0.31,30.0,0.3,15.0,0.29,175.5,0.28,28.5,0.33,27.84,0.34,20.68,0.35,93.0,0.36,164.99,0.37,146.23,0.01,0.01,2375.733175,1776165630000
1776165631.482,31.482,0.67,452.79,0.66,132.91,0.65,121.0,0.64,72.0,0.63,75.0,0.71,35.0,0.72,10.0,0.73,35.0,0.74,84.0,0.75,90.0,0.32,18.96,0.31,25.0,0.3,73.0,0.29,107.0,0.28,28.5,0.33,152.8,0.34,41.68,0.35,126.99,0.36,102.23,0.37,94.0,0.04,0.01,2375.733175,1776165630000
1776165631.904,31.904,0.67,452.79,0.66,132.91,0.65,121.0,0.64,72.0,0.63,75.0,0.71,35.0,0.72,10.0,0.73,35.0,0.74,84.0,0.75,90.0,0.29,35.0,0.28,10.0,0.27,35.0,0.26,84.0,0.25,90.0,0.33,452.79,0.34,132.91,0.35,121.0,0.36,72.0,0.37,75.0,0.04,0.04,2375.776871,1776165631000
1776165632.861,32.861,0.72,125.66,0.71,168.73,0.7,82.5,0.69,47.5,0.68,43.5,0.73,40.0,0.74,84.0,0.75,90.0,0.76,158.5,0.77,43.0,0.27,40.0,0.26,84.0,0.25,90.0,0.24,158.5,0.23,43.0,0.28,125.66,0.29,168.73,0.3,82.5,0.31,47.5,0.32,43.5,0.01,0.01,2375.770225,1776165632000
1776165633.614,33.614,0.72,218.43,0.71,160.49,0.7,51.5,0.69,72.5,0.68,38.5,0.74,34.0,0.75,83.0,0.76,70.0,0.77,43.0,0.78,20.0,0.27,40.0,0.26,84.0,0.25,90.0,0.24,158.5,0.23,43.0,0.28,125.66,0.29,168.73,0.3,82.5,0.31,47.5,0.32,43.5,0.02,0.01,2375.770225,1776165632000
1776165633.919,33.919,0.73,144.09,0.72,129.85,0.71,155.49,0.7,40.5,0.69,67.5,0.74,42.0,0.75,83.0,0.76,70.0,0.77,53.5,0.78,20.0,0.26,34.0,0.25,83.0,0.24,70.0,0.23,43.0,0.22,20.0,0.28,214.85,0.29,160.49,0.3,51.5,0.31,72.5,0.32,38.5,0.01,0.02,2375.770225,1776165632000
1776165634.329,34.329,0.73,144.09,0.72,129.85,0.71,155.49,0.7,40.5,0.69,67.5,0.74,42.0,0.75,83.0,0.76,70.0,0.77,53.5,0.78,20.0,0.26,42.0,0.25,83.0,0.24,70.0,0.23,53.5,0.22,20.0,0.27,144.09,0.28,129.85,0.29,155.49,0.3,40.5,0.31,67.5,0.01,0.01,2376.01961,1776165633000
1776165634.625,34.625,0.73,535.55,0.72,67.55,0.71,84.5,0.7,125.5,0.69,112.5,0.74,14.33,0.75,10.0,0.76,10.0,0.77,25.0,0.78,20.0,0.26,18.93,0.25,10.0,0.24,10.0,0.23,25.0,0.22,20.0,0.27,429.55,0.28,67.55,0.29,84.5,0.3,206.5,0.31,112.5,0.01,0.01,2376.01961,1776165633000
1776165635.241,35.241,0.74,16.67,0.73,535.55,0.72,67.55,0.71,74.5,0.7,125.5,0.75,10.0,0.76,10.0,0.77,25.0,0.78,20.0,0.79,30.0,0.25,10.0,0.24,10.0,0.23,25.0,0.22,20.0,0.21,30.0,0.26,16.67,0.27,535.55,0.28,67.55,0.29,74.5,0.3,125.5,0.01,0.01,2376.05696,1776165634000
1776165635.62,35.62,0.77,54.54,0.76,51.96,0.75,65.5,0.74,124.17,0.73,77.09,0.78,89.0,0.79,30.0,0.8,30.0,0.81,165.5,0.82,138.0,0.22,20.0,0.21,30.0,0.2,35.0,0.19,155.0,0.18,138.0,0.24,18.5,0.25,20.5,0.26,421.16,0.27,201.26,0.28,37.18,0.01,0.02,2376.05696,1776165634000
1776165635.824,35.824,0.77,222.54,0.76,72.49,0.75,70.5,0.74,96.17,0.73,77.09,0.78,77.74,0.79,30.0,0.8,30.0,0.81,170.5,0.82,138.0,0.22,84.4,0.21,30.0,0.2,30.0,0.19,170.5,0.18,138.0,0.23,227.54,0.24,72.49,0.25,70.5,0.26,96.17,0.27,77.09,0.01,0.01,2376.05696,1776165634000
1776165636.206,36.206,0.77,200.8,0.76,150.36,0.75,70.5,0.74,96.17,0.73,77.09,0.78,76.32,0.79,30.0,0.8,30.0,0.81,165.5,0.82,138.0,0.22,76.32,0.21,30.0,0.2,30.0,0.19,170.5,0.18,138.0,0.23,227.54,0.24,72.49,0.25,70.5,0.26,96.17,0.27,77.09,0.01,0.01,2376.05696,1776165634000
1776165636.563,36.563,0.77,200.36,0.76,208.36,0.75,45.5,0.74,121.17,0.73,77.09,0.78,36.0,0.79,30.0,0.8,35.0,0.81,165.5,0.82,138.0,0.22,74.9,0.21,30.0,0.2,30.0,0.19,165.5,0.18,138.0,0.23,200.8,0.24,150.36,0.25,70.5,0.26,96.17,0.27,77.09,0.01,0.01,2376.0869,1776165635000
1776165637.334,37.334,0.77,200.36,0.76,208.36,0.75,45.5,0.74,121.17,0.73,77.09,0.78,36.0,0.79,30.0,0.8,35.0,0.81,165.5,0.82,138.0,0.22,36.0,0.21,30.0,0.2,35.0,0.19,165.5,0.18,138.0,0.23,200.36,0.24,208.36,0.25,45.5,0.26,121.17,0.27,77.09,0.01,0.01,2376.425028,1776165636000
1776165637.611,37.611,0.77,200.36,0.76,124.96,0.75,45.5,0.74,126.17,0.73,82.09,0.78,31.0,0.79,30.0,0.8,35.0,0.81,170.5,0.82,143.0,0.22,36.0,0.21,30.0,0.2,35.0,0.19,165.5,0.18,138.0,0.23,200.36,0.24,208.36,0.25,45.5,0.26,121.17,0.27,77.09,0.01,0.01,2376.425028,1776165636000
1776165638.186,38.186,0.77,190.36,0.76,61.49,0.75,103.5,0.74,96.17,0.73,83.09,0.78,94.4,0.79,30.0,0.8,45.5,0.81,170.5,0.82,143.0,0.22,31.0,0.21,30.0,0.2,35.0,0.19,170.5,0.18,143.0,0.23,200.36,0.24,124.96,0.25,45.5,0.26,126.17,0.27,82.09,0.01,0.01,2376.425028,1776165636000
1776165638.888,38.888,0.77,121.54,0.76,121.99,0.75,45.5,0.74,166.17,0.73,83.09,0.78,35.11,0.79,30.0,0.8,30.0,0.81,90.0,0.82,73.0,0.22,94.4,0.21,30.0,0.2,45.5,0.19,170.5,0.18,143.0,0.23,190.36,0.24,61.49,0.25,103.5,0.26,96.17,0.27,83.09,0.01,0.01,2376.439633,1776165637000
1776165639.16,39.16,0.77,442.0,0.76,84.46,0.75,113.5,0.74,232.17,0.73,59.09,0.79,19.11,0.8,30.0,0.81,35.0,0.82,73.0,0.83,61.0,0.22,35.11,0.21,30.0,0.2,30.0,0.19,90.0,0.18,73.0,0.23,121.54,0.24,121.99,0.25,45.5,0.26,166.17,0.27,83.09,0.02,0.01,2376.439633,1776165637000
1776165639.617,39.617,0.78,566.49,0.77,145.54,0.76,52.0,0.75,105.5,0.74,143.17,0.79,15.0,0.8,25.0,0.81,25.0,0.82,60.0,0.83,35.0,0.21,4.11,0.2,30.0,0.19,93.0,0.18,73.0,0.17,61.0,0.22,20.5,0.23,336.0,0.24,84.46,0.25,113.5,0.26,182.17,0.01,0.01,2376.465245,1776165638000
1776165639.865,39.865,0.79,145.96,0.78,311.5,0.77,108.54,0.76,70.0,0.75,105.5,0.8,20.0,0.81,25.0,0.82,60.0,0.83,35.0,0.84,83.0,0.21,12.3,0.2,25.0,0.19,25.0,0.18,60.0,0.17,35.0,0.22,655.49,0.23,145.54,0.24,70.0,0.25,105.5,0.26,143.17,0.01,0.01,2376.465245,1776165638000
1776165640.223,40.223,0.79,145.96,0.78,311.5,0.77,108.54,0.76,70.0,0.75,105.5,0.8,20.0,0.81,25.0,0.82,60.0,0.83,35.0,0.84,83.0,0.2,20.0,0.19,25.0,0.18,60.0,0.17,35.0,0.16,83.0,0.21,145.96,0.22,311.5,0.23,108.54,0.24,70.0,0.25,105.5,0.01,0.01,2376.407425,1776165639000
1776165641.248,41.248,0.79,404.49,0.78,190.5,0.77,75.54,0.76,64.0,0.75,111.5,0.8,7.18,0.81,45.0,0.82,60.0,0.83,43.0,0.84,83.0,0.2,7.18,0.19,45.0,0.18,60.0,0.17,43.0,0.16,83.0,0.21,404.49,0.22,190.5,0.23,75.54,0.24,64.0,0.25,111.5,0.01,0.01,2376.518145,1776165640000
1776165641.905,41.905,0.79,579.49,0.78,153.5,0.77,84.54,0.76,46.0,0.75,105.5,0.82,82.18,0.83,35.0,0.84,78.0,0.85,112.75,0.86,225.9,0.2,7.18,0.19,45.0,0.18,60.0,0.17,43.0,0.16,83.0,0.21,404.49,0.22,190.5,0.23,75.54,0.24,64.0,0.25,111.5,0.03,0.01,2376.518145,1776165640000
1776165642.332,42.332,0.79,579.49,0.78,153.5,0.77,84.54,0.76,46.0,0.75,105.5,0.82,82.18,0.83,35.0,0.84,78.0,0.85,112.75,0.86,225.9,0.18,82.18,0.17,35.0,0.16,78.0,0.15,112.75,0.14,225.9,0.21,579.49,0.22,153.5,0.23,84.54,0.24,46.0,0.25,105.5,0.03,0.03,2376.72529,1776165641000
1776165643.185,43.185,0.82,243.49,0.81,192.11,0.8,128.5,0.79,149.59,0.78,206.59,0.83,100.36,0.84,70.0,0.85,35.25,0.86,154.0,0.87,67.8,0.18,82.18,0.17,35.0,0.16,78.0,0.15,112.75,0.14,225.9,0.21,579.49,0.22,153.5,0.23,84.54,0.24,46.0,0.25,105.5,0.01,0.03,2376.72529,1776165641000
1776165643.391,43.391,0.82,238.49,0.81,177.11,0.8,128.5,0.79,144.59,0.78,206.59,0.83,70.57,0.84,70.0,0.85,27.25,0.86,154.0,0.87,67.8,0.17,72.5,0.16,70.0,0.15,35.25,0.14,154.0,0.13,67.8,0.18,238.49,0.19,182.11,0.2,128.5,0.21,144.59,0.22,206.59,0.01,0.01,2376.724985,1776165642000
1776165643.872,43.872,0.82,248.49,0.81,177.11,0.8,128.5,0.79,144.59,0.78,206.59,0.83,78.53,0.84,70.0,0.85,27.25,0.86,154.0,0.87,67.8,0.17,70.57,0.16,70.0,0.15,27.25,0.14,154.0,0.13,67.8,0.18,238.49,0.19,177.11,0.2,128.5,0.21,144.59,0.22,206.59,0.01,0.01,2376.724985,1776165642000
1776165644.234,44.234,0.82,248.49,0.81,177.11,0.8,128.5,0.79,144.59,0.78,206.59,0.83,78.53,0.84,70.0,0.85,27.25,0.86,154.0,0.87,67.8,0.17,78.53,0.16,70.0,0.15,27.25,0.14,154.0,0.13,67.8,0.18,248.49,0.19,177.11,0.2,128.5,0.21,144.59,0.22,206.59,0.01,0.01,2376.790088,1776165643000
1776165644.734,44.734,0.82,310.93,0.81,96.11,0.8,128.5,0.79,123.59,0.78,206.59,0.83,68.53,0.84,70.0,0.85,16.75,0.86,164.5,0.87,67.8,0.17,78.53,0.16,70.0,0.15,27.25,0.14,154.0,0.13,67.8,0.18,248.49,0.19,177.11,0.2,128.5,0.21,144.59,0.22,206.59,0.01,0.01,2376.790088,1776165643000
1776165645.179,45.179,0.82,310.93,0.81,96.11,0.8,128.5,0.79,123.59,0.78,206.59,0.83,68.53,0.84,70.0,0.85,16.75,0.86,164.5,0.87,67.8,0.17,68.53,0.16,70.0,0.15,16.75,0.14,164.5,0.13,67.8,0.18,310.93,0.19,96.11,0.2,128.5,0.21,123.59,0.22,206.59,0.01,0.01,2376.81565,1776165644000
1776165645.538,45.538,0.82,353.93,0.81,154.11,0.8,40.5,0.79,156.59,0.78,189.59,0.84,46.44,0.85,74.75,0.86,164.5,0.87,67.8,0.88,260.09,0.17,68.53,0.16,70.0,0.15,16.75,0.14,164.5,0.13,67.8,0.18,310.93,0.19,96.11,0.2,128.5,0.21,123.59,0.22,206.59,0.02,0.01,2376.81565,1776165644000
1776165646.165,46.165,0.83,219.5,0.82,196.4,0.81,141.11,0.8,40.5,0.79,149.59,0.84,67.43,0.85,74.75,0.86,164.5,0.87,67.8,0.88,260.09,0.16,67.43,0.15,74.75,0.14,164.5,0.13,67.8,0.12,260.09,0.17,219.5,0.18,196.4,0.19,141.11,0.2,40.5,0.21,149.59,0.01,0.01,2376.799795,1776165645000
1776165646.682,46.682,0.83,234.5,0.82,249.4,0.81,53.11,0.8,48.5,0.79,156.59,0.84,56.15,0.85,74.75,0.86,164.5,0.87,78.3,0.88,260.09,0.16,67.43,0.15,74.75,0.14,164.5,0.13,67.8,0.12,260.09,0.17,219.5,0.18,196.4,0.19,141.11,0.2,40.5,0.21,149.59,0.01,0.01,2376.799795,1776165645000
1776165647.168,47.168,0.83,213.61,0.82,181.4,0.81,111.11,0.8,73.5,0.79,156.59,0.84,66.15,0.85,74.75,0.86,164.5,0.87,78.3,0.88,260.09,0.16,66.15,0.15,74.75,0.14,164.5,0.13,78.3,0.12,260.09,0.17,213.61,0.18,181.4,0.19,111.11,0.2,73.5,0.21,156.59,0.01,0.01,2376.82164,1776165646000
1776165648.133,48.133,0.83,213.61,0.82,181.4,0.81,111.11,0.8,73.5,0.79,156.59,0.84,66.15,0.85,74.75,0.86,164.5,0.87,78.3,0.88,260.09,0.16,66.15,0.15,74.75,0.14,164.5,0.13,78.3,0.12,260.09,0.17,213.61,0.18,181.4,0.19,111.11,0.2,73.5,0.21,156.59,0.01,0.01,2376.879932,1776165647000
1776165648.992,48.992,0.82,76.0,0.81,5.0,0.8,15.0,0.79,55.59,0.78,30.09,0.84,70.34,0.85,53.25,0.86,185.0,0.87,149.29,0.88,304.73,0.16,66.15,0.15,74.75,0.14,164.5,0.13,78.3,0.12,260.09,0.17,213.61,0.18,181.4,0.19,111.11,0.2,73.5,0.21,156.59,0.02,0.01,2376.879932,1776165647000
1776165649.25,49.25,0.81,8.0,0.8,94.0,0.79,87.58,0.78,58.09,0.77,25.0,0.83,85.5,0.84,138.65,0.85,188.24,0.86,262.63,0.87,118.3,0.17,62.5,0.16,148.65,0.15,188.24,0.14,262.63,0.13,118.3,0.19,9.0,0.2,94.0,0.21,87.58,0.22,58.09,0.23,25.0,0.02,0.02,2376.85005,1776165648000
1776165649.849,49.849,0.8,101.85,0.79,76.58,0.78,68.09,0.77,25.0,0.76,42.0,0.82,81.5,0.83,77.0,0.84,128.65,0.85,188.24,0.86,302.53,0.17,114.0,0.16,128.65,0.15,188.24,0.14,302.53,0.13,118.3,0.19,3.0,0.2,104.5,0.21,87.58,0.22,68.09,0.23,25.0,0.02,0.02,2376.85005,1776165648000
1776165650.2,50.2,0.8,101.85,0.79,76.58,0.78,68.09,0.77,25.0,0.76,42.0,0.82,81.5,0.83,77.0,0.84,128.65,0.85,188.24,0.86,302.53,0.18,81.5,0.17,77.0,0.16,128.65,0.15,188.24,0.14,302.53,0.2,101.85,0.21,76.58,0.22,68.09,0.23,25.0,0.24,42.0,0.02,0.02,2376.832319,1776165649000
1776165650.791,50.791,0.8,19.5,0.79,134.59,0.78,50.09,0.77,25.0,0.76,33.0,0.81,103.0,0.82,57.06,0.83,140.89,0.84,104.65,0.85,195.45,0.19,77.0,0.18,67.06,0.17,100.89,0.16,144.65,0.15,189.24,0.2,4.5,0.21,110.12,0.22,85.09,0.23,25.0,0.24,33.0,0.01,0.01,2376.832319,1776165649000
1776165651.222,51.222,0.8,19.5,0.79,134.59,0.78,50.09,0.77,25.0,0.76,33.0,0.81,103.0,0.82,57.06,0.83,140.89,0.84,104.65,0.85,195.45,0.19,103.0,0.18,57.06,0.17,140.89,0.16,104.65,0.15,195.45,0.2,19.5,0.21,134.59,0.22,50.09,0.23,25.0,0.24,33.0,0.01,0.01,2376.6384,1776165650000
1776165651.491,51.491,0.8,98.96,0.79,144.59,0.78,50.09,0.77,33.0,0.76,33.0,0.81,47.0,0.82,20.56,0.83,114.89,0.84,121.45,0.85,178.45,0.19,103.0,0.18,57.06,0.17,140.89,0.16,104.65,0.15,195.45,0.2,19.5,0.21,134.59,0.22,50.09,0.23,25.0,0.24,33.0,0.01,0.01,2376.6384,1776165650000
1776165652.316,52.316,0.8,55.46,0.79,144.59,0.78,50.09,0.77,33.0,0.76,54.0,0.81,22.29,0.82,31.06,0.83,114.89,0.84,121.45,0.85,164.45,0.19,47.0,0.18,20.56,0.17,114.89,0.16,121.45,0.15,178.45,0.2,98.96,0.21,144.59,0.22,50.09,0.23,33.0,0.24,33.0,0.01,0.01,2376.6384,1776165650000
1776165652.773,52.773,0.8,35.46,0.79,144.59,0.78,56.09,0.77,33.0,0.76,54.0,0.81,32.29,0.82,89.06,0.83,56.89,0.84,121.45,0.85,164.45,0.19,22.29,0.18,31.06,0.17,114.89,0.16,121.45,0.15,164.45,0.2,55.46,0.21,144.59,0.22,50.09,0.23,33.0,0.24,54.0,0.01,0.01,2376.567755,1776165651000
1776165653.607,53.607,0.8,123.46,0.79,86.59,0.78,64.09,0.77,79.0,0.76,56.0,0.81,22.29,0.82,37.18,0.83,35.89,0.84,80.34,0.85,162.45,0.19,32.29,0.18,89.06,0.17,56.89,0.16,121.45,0.15,164.45,0.2,35.46,0.21,144.59,0.22,56.09,0.23,33.0,0.24,54.0,0.01,0.01,2376.572947,1776165652000
1776165654.036,54.036,0.8,123.46,0.79,86.59,0.78,64.09,0.77,79.0,0.76,56.0,0.81,22.29,0.82,37.18,0.83,35.89,0.84,80.34,0.85,162.45,0.19,22.29,0.18,37.18,0.17,35.89,0.16,80.34,0.15,162.45,0.2,123.46,0.21,86.59,0.22,64.09,0.23,79.0,0.24,56.0,0.01,0.01,2376.6332,1776165653000
1776165654.555,54.555,0.8,281.96,0.79,81.59,0.78,81.09,0.77,54.0,0.76,56.0,0.81,20.0,0.82,16.68,0.83,10.89,0.84,80.34,0.85,162.45,0.19,22.29,0.18,37.18,0.17,35.89,0.16,80.34,0.15,162.45,0.2,123.46,0.21,86.59,0.22,64.09,0.23,79.0,0.24,56.0,0.01,0.01,2376.6332,1776165653000
1776165654.981,54.981,0.8,281.96,0.79,81.59,0.78,81.09,0.77,54.0,0.76,56.0,0.81,20.0,0.82,16.68,0.83,10.89,0.84,80.34,0.85,162.45,0.19,20.0,0.18,16.68,0.17,10.89,0.16,80.34,0.15,162.45,0.2,281.96,0.21,81.59,0.22,81.09,0.23,54.0,0.24,56.0,0.01,0.01,2376.638225,1776165654000
1776165656.063,56.063,0.8,281.96,0.79,81.59,0.78,81.09,0.77,54.0,0.76,56.0,0.81,20.0,0.82,16.68,0.83,10.89,0.84,80.34,0.85,162.45,0.19,20.0,0.18,16.68,0.17,10.89,0.16,80.34,0.15,162.45,0.2,281.96,0.21,81.59,0.22,81.09,0.23,54.0,0.24,56.0,0.01,0.01,2376.65758,1776165655000
1776165656.411,56.411,0.81,352.96,0.8,139.5,0.79,69.59,0.78,165.09,0.77,123.0,0.82,5.57,0.83,15.89,0.84,112.34,0.85,42.25,0.86,233.9,0.19,20.0,0.18,16.68,0.17,10.89,0.16,80.34,0.15,162.45,0.2,281.96,0.21,81.59,0.22,81.09,0.23,54.0,0.24,56.0,0.01,0.01,2376.65758,1776165655000
1776165657.235,57.235,0.81,352.96,0.8,139.5,0.79,69.59,0.78,165.09,0.77,123.0,0.82,5.57,0.83,15.89,0.84,112.34,0.85,42.25,0.86,233.9,0.18,5.57,0.17,15.89,0.16,112.34,0.15,42.25,0.14,233.9,0.19,352.96,0.2,139.5,0.21,69.59,0.22,165.09,0.23,123.0,0.01,0.01,2376.71632,1776165656000
1776165658.277,58.277,0.81,352.96,0.8,139.5,0.79,69.59,0.78,165.09,0.77,123.0,0.82,5.57,0.83,15.89,0.84,112.34,0.85,42.25,0.86,233.9,0.18,5.57,0.17,15.89,0.16,112.34,0.15,42.25,0.14,233.9,0.19,352.96,0.2,139.5,0.21,69.59,0.22,165.09,0.23,123.0,0.01,0.01,2376.748715,1776165657000
1776165659.27,59.27,0.81,98.0,0.8,5.0,0.79,131.08,0.78,159.59,0.77,153.0,0.82,176.68,0.83,101.39,0.84,119.34,0.85,113.24,0.86,291.9,0.18,5.57,0.17,15.89,0.16,112.34,0.15,42.25,0.14,233.9,0.19,352.96,0.2,139.5,0.21,69.59,0.22,165.09,0.23,123.0,0.01,0.01,2376.748715,1776165657000
1776165659.977,59.977,0.8,42.8,0.79,67.08,0.78,125.59,0.77,153.0,0.76,25.0,0.81,20.5,0.82,161.68,0.83,101.39,0.84,119.34,0.85,141.44,0.19,20.5,0.18,161.68,0.17,101.39,0.16,119.34,0.15,141.44,0.2,42.8,0.21,67.08,0.22,125.59,0.23,153.0,0.24,25.0,0.01,0.01,2376.672033,1776165659000
1776165660.287,60.287,0.78,30.09,0.77,35.0,0.76,103.5,0.75,45.0,0.74,50.0,0.8,121.49,0.81,189.5,0.82,181.68,0.83,241.39,0.84,121.34,0.19,20.5,0.18,161.68,0.17,101.39,0.16,119.34,0.15,141.44,0.2,42.8,0.21,67.08,0.22,125.59,0.23,153.0,0.24,25.0,0.02,0.01,2376.672033,1776165659000
1776165660.516,60.516,0.78,25.09,0.77,40.0,0.76,103.5,0.75,55.0,0.74,50.0,0.79,52.5,0.8,116.49,0.81,145.5,0.82,176.68,0.83,251.39,0.21,15.5,0.2,121.49,0.19,189.5,0.18,176.68,0.17,241.39,0.22,175.09,0.23,40.0,0.24,103.5,0.25,45.0,0.26,50.0,0.01,0.01,2376.672033,1776165659000
1776165661.248,61.248,0.73,68.99,0.72,120.18,0.71,25.0,0.7,50.0,0.69,49.0,0.78,20.91,0.79,446.56,0.8,116.49,0.81,137.5,0.82,177.68,0.21,63.57,0.2,116.49,0.19,145.5,0.18,166.68,0.17,261.39,0.22,25.09,0.23,45.0,0.24,103.5,0.25,55.0,0.26,50.0,0.05,0.01,2376.672033,1776165659000
1776165661.681,61.681,0.73,78.99,0.72,110.18,0.71,78.0,0.7,50.5,0.69,25.0,0.74,86.07,0.75,144.99,0.76,75.0,0.77,110.5,0.78,66.91,0.22,20.91,0.21,446.56,0.2,116.49,0.19,137.5,0.18,177.68,0.27,68.99,0.28,120.18,0.29,25.0,0.3,50.0,0.31,49.0,0.01,0.05,2376.657978,1776165660000
1776165662.085,62.085,0.73,78.99,0.72,140.18,0.71,98.5,0.7,60.5,0.69,25.0,0.74,76.07,0.75,144.99,0.76,83.0,0.77,128.5,0.78,66.91,0.26,86.07,0.25,144.99,0.24,75.0,0.23,110.5,0.22,66.91,0.27,78.99,0.28,110.18,0.29,78.0,0.3,50.5,0.31,25.0,0.01,0.01,2376.657978,1776165660000
1776165662.352,62.352,0.73,78.99,0.72,140.18,0.71,98.5,0.7,60.5,0.69,25.0,0.74,76.07,0.75,144.99,0.76,83.0,0.77,128.5,0.78,66.91,0.26,76.07,0.25,144.99,0.24,83.0,0.23,128.5,0.22,66.91,0.27,78.99,0.28,140.18,0.29,98.5,0.3,60.5,0.31,25.0,0.01,0.01,2376.527629,1776165661000
1776165663.147,63.147,0.73,79.91,0.72,213.68,0.71,50.5,0.7,60.5,0.69,25.0,0.74,43.25,0.75,144.99,0.76,75.0,0.77,128.5,0.78,66.91,0.26,47.75,0.25,144.99,0.24,83.0,0.23,118.5,0.22,66.91,0.27,68.99,0.28,203.18,0.29,50.5,0.3,60.5,0.31,25.0,0.01,0.01,2376.527629,1776165661000
1776165663.491,63.491,0.73,165.26,0.72,213.68,0.71,50.5,0.7,60.5,0.69,35.0,0.74,40.25,0.75,120.99,0.76,75.0,0.77,128.5,0.78,76.91,0.26,43.25,0.25,144.99,0.24,75.0,0.23,128.5,0.22,66.91,0.27,79.91,0.28,213.68,0.29,50.5,0.3,60.5,0.31,25.0,0.01,0.01,2376.527629,1776165661000
1776165663.733,63.733,0.73,146.03,0.72,213.68,0.71,50.5,0.7,60.5,0.69,35.0,0.74,40.25,0.75,120.99,0.76,75.0,0.77,128.5,0.78,76.91,0.26,40.25,0.25,120.99,0.24,75.0,0.23,128.5,0.22,76.91,0.27,161.18,0.28,213.68,0.29,50.5,0.3,60.5,0.31,35.0,0.01,0.01,2376.27236,1776165662000
1776165664.207,64.207,0.73,146.03,0.72,213.68,0.71,50.5,0.7,60.5,0.69,35.0,0.74,40.25,0.75,120.99,0.76,75.0,0.77,128.5,0.78,76.91,0.26,40.25,0.25,120.99,0.24,75.0,0.23,128.5,0.22,76.91,0.27,146.03,0.28,213.68,0.29,50.5,0.3,60.5,0.31,35.0,0.01,0.01,2376.090524,1776165663000
1776165665.734,65.734,0.73,146.03,0.72,213.68,0.71,50.5,0.7,60.5,0.69,35.0,0.74,40.25,0.75,120.99,0.76,75.0,0.77,128.5,0.78,76.91,0.26,40.25,0.25,120.99,0.24,75.0,0.23,128.5,0.22,76.91,0.27,146.03,0.28,213.68,0.29,50.5,0.3,60.5,0.31,35.0,0.01,0.01,2376.080931,1776165664000
1776165666.523,66.523,0.73,146.03,0.72,213.68,0.71,50.5,0.7,60.5,0.69,35.0,0.74,40.25,0.75,120.99,0.76,75.0,0.77,128.5,0.78,76.91,0.26,40.25,0.25,120.99,0.24,75.0,0.23,128.5,0.22,76.91,0.27,146.03,0.28,213.68,0.29,50.5,0.3,60.5,0.31,35.0,0.01,0.01,2376.086388,1776165665000
1776165667.052,67.052,0.73,146.03,0.72,213.68,0.71,50.5,0.7,60.5,0.69,35.0,0.74,40.25,0.75,120.99,0.76,75.0,0.77,128.5,0.78,76.91,0.26,40.25,0.25,120.99,0.24,75.0,0.23,128.5,0.22,76.91,0.27,146.03,0.28,213.68,0.29,50.5,0.3,60.5,0.31,35.0,0.01,0.01,2376.043203,1776165666000
1776165667.664,67.664,0.72,103.18,0.71,10.0,0.7,25.0,0.67,35.0,0.66,41.0,0.74,477.24,0.75,118.99,0.76,137.0,0.77,71.5,0.78,117.91,0.26,40.25,0.25,120.99,0.24,75.0,0.23,128.5,0.22,76.91,0.27,146.03,0.28,213.68,0.29,50.5,0.3,60.5,0.31,35.0,0.02,0.01,2376.043203,1776165666000
1776165668.33,68.33,0.67,35.0,0.66,41.0,0.65,173.0,0.64,40.0,0.63,138.0,0.72,17.82,0.73,191.49,0.74,241.25,0.75,88.0,0.76,137.0,0.28,17.82,0.27,191.49,0.26,241.25,0.25,88.0,0.24,137.0,0.33,35.0,0.34,41.0,0.35,173.0,0.36,40.0,0.37,138.0,0.05,0.05,2376.065081,1776165667000
1776165668.956,68.956,0.66,83.0,0.65,120.0,0.64,60.5,0.63,115.0,0.62,81.46,0.67,101.69,0.68,75.5,0.69,66.0,0.7,169.49,0.71,185.5,0.33,106.69,0.32,65.5,0.31,56.0,0.3,148.49,0.29,160.5,0.34,51.0,0.35,178.0,0.36,60.5,0.37,126.0,0.38,91.46,0.01,0.01,2376.065081,1776165667000
1776165669.837,69.837,0.66,83.0,0.65,140.5,0.64,60.5,0.63,105.0,0.62,93.99,0.67,107.36,0.68,104.5,0.69,25.0,0.7,206.5,0.71,167.5,0.33,101.69,0.32,75.5,0.31,66.0,0.3,169.49,0.29,185.5,0.34,83.0,0.35,120.0,0.36,60.5,0.37,115.0,0.38,81.46,0.01,0.01,2376.062696,1776165668000
1776165670.213,70.213,0.66,83.0,0.65,140.5,0.64,60.5,0.63,105.0,0.62,93.99,0.67,107.36,0.68,104.5,0.69,25.0,0.7,206.5,0.71,167.5,0.33,107.36,0.32,104.5,0.31,25.0,0.3,206.5,0.29,167.5,0.34,83.0,0.35,140.5,0.36,60.5,0.37,105.0,0.38,93.99,0.01,0.01,2375.809178,1776165669000
1776165670.542,70.542,0.66,93.0,0.65,140.5,0.64,60.5,0.63,105.0,0.62,110.0,0.67,84.86,0.68,93.5,0.69,50.36,0.7,206.5,0.71,160.5,0.33,107.36,0.32,104.5,0.31,25.0,0.3,206.5,0.29,167.5,0.34,83.0,0.35,140.5,0.36,60.5,0.37,105.0,0.38,93.99,0.01,0.01,2375.809178,1776165669000
1776165670.883,70.883,0.66,98.0,0.65,140.5,0.64,81.5,0.63,126.0,0.62,112.0,0.67,69.45,0.68,93.5,0.69,50.36,0.7,185.5,0.71,160.5,0.33,78.36,0.32,93.5,0.31,50.36,0.3,206.5,0.29,160.5,0.34,93.0,0.35,140.5,0.36,60.5,0.37,105.0,0.38,110.0,0.01,0.01,2375.809178,1776165669000
1776165671.473,71.473,0.66,98.0,0.65,140.5,0.64,81.5,0.63,126.0,0.62,112.0,0.67,69.45,0.68,93.5,0.69,50.36,0.7,185.5,0.71,160.5,0.33,69.45,0.32,93.5,0.31,50.36,0.3,185.5,0.29,160.5,0.34,98.0,0.35,140.5,0.36,81.5,0.37,126.0,0.38,112.0,0.01,0.01,2375.669509,1776165670000
1776165672.174,72.174,0.66,98.0,0.65,140.5,0.64,81.5,0.63,126.0,0.62,112.0,0.67,69.45,0.68,93.5,0.69,50.36,0.7,185.5,0.71,160.5,0.33,69.45,0.32,93.5,0.31,50.36,0.3,185.5,0.29,160.5,0.34,98.0,0.35,140.5,0.36,81.5,0.37,126.0,0.38,112.0,0.01,0.01,2375.66441,1776165671000
1776165672.475,72.475,0.66,77.11,0.65,115.0,0.64,71.0,0.63,131.5,0.62,97.0,0.67,84.45,0.68,87.13,0.69,83.0,0.7,134.6,0.71,178.0,0.33,69.45,0.32,93.5,0.31,50.36,0.3,185.5,0.29,160.5,0.34,98.0,0.35,140.5,0.36,81.5,0.37,126.0,0.38,112.0,0.01,0.01,2375.66441,1776165671000
1776165673.079,73.079,0.66,77.11,0.65,115.0,0.64,61.0,0.63,131.5,0.62,102.0,0.67,76.86,0.68,87.13,0.69,93.0,0.7,134.6,0.71,178.0,0.33,84.45,0.32,87.13,0.31,83.0,0.3,134.6,0.29,178.0,0.34,77.11,0.35,115.0,0.36,71.0,0.37,131.5,0.38,97.0,0.01,0.01,2375.66441,1776165671000
1776165673.499,73.499,0.66,77.11,0.65,115.0,0.64,61.0,0.63,131.5,0.62,102.0,0.67,76.86,0.68,87.13,0.69,93.0,0.7,134.6,0.71,178.0,0.33,76.86,0.32,87.13,0.31,93.0,0.3,134.6,0.29,178.0,0.34,77.11,0.35,115.0,0.36,61.0,0.37,131.5,0.38,102.0,0.01,0.01,2375.66517,1776165672000
1776165674.266,74.266,0.66,77.11,0.65,115.0,0.64,61.0,0.63,131.5,0.62,102.0,0.67,76.86,0.68,87.13,0.69,93.0,0.7,134.6,0.71,178.0,0.33,76.86,0.32,87.13,0.31,93.0,0.3,134.6,0.29,178.0,0.34,77.11,0.35,115.0,0.36,61.0,0.37,131.5,0.38,102.0,0.01,0.01,2375.603575,1776165673000
1776165675.549,75.549,0.66,77.11,0.65,115.0,0.64,61.0,0.63,131.5,0.62,102.0,0.67,76.86,0.68,87.13,0.69,93.0,0.7,134.6,0.71,178.0,0.33,76.86,0.32,87.13,0.31,93.0,0.3,134.6,0.29,178.0,0.34,77.11,0.35,115.0,0.36,61.0,0.37,131.5,0.38,102.0,0.01,0.01,2375.59374,1776165674000
1776165675.819,75.819,0.66,24.11,0.65,173.0,0.64,71.0,0.63,131.5,0.62,71.0,0.67,92.38,0.68,136.49,0.69,25.0,0.7,144.6,0.71,178.0,0.33,76.86,0.32,87.13,0.31,93.0,0.3,134.6,0.29,178.0,0.34,77.11,0.35,115.0,0.36,61.0,0.37,131.5,0.38,102.0,0.01,0.01,2375.59374,1776165674000
1776165676.237,76.237,0.66,24.11,0.65,173.0,0.64,71.0,0.63,131.5,0.62,71.0,0.67,92.38,0.68,136.49,0.69,25.0,0.7,144.6,0.71,178.0,0.33,92.38,0.32,136.49,0.31,25.0,0.3,144.6,0.29,178.0,0.34,24.11,0.35,173.0,0.36,71.0,0.37,131.5,0.38,71.0,0.01,0.01,2375.61344,1776165675000
1776165676.485,76.485,0.66,9.11,0.65,173.0,0.64,40.0,0.63,131.5,0.62,71.0,0.67,72.53,0.68,138.49,0.69,25.0,0.7,148.5,0.71,178.0,0.33,92.38,0.32,136.49,0.31,25.0,0.3,144.6,0.29,178.0,0.34,24.11,0.35,173.0,0.36,71.0,0.37,131.5,0.38,71.0,0.01,0.01,2375.61344,1776165675000
1776165677.089,77.089,0.66,14.11,0.65,173.0,0.64,40.0,0.63,131.5,0.62,71.0,0.67,69.5,0.68,138.49,0.69,25.0,0.7,148.5,0.71,178.0,0.33,71.5,0.32,138.49,0.31,25.0,0.3,148.5,0.29,178.0,0.34,14.11,0.35,173.0,0.36,40.0,0.37,131.5,0.38,71.0,0.01,0.01,2375.61344,1776165675000
1776165677.758,77.758,0.66,14.11,0.65,173.0,0.64,40.0,0.63,131.5,0.62,71.0,0.67,69.5,0.68,138.49,0.69,25.0,0.7,148.5,0.71,178.0,0.33,69.5,0.32,138.49,0.31,25.0,0.3,148.5,0.29,178.0,0.34,14.11,0.35,173.0,0.36,40.0,0.37,131.5,0.38,71.0,0.01,0.01,2375.613735,1776165676000
1776165678.254,78.254,0.66,14.11,0.65,173.0,0.64,40.0,0.63,131.5,0.62,71.0,0.67,69.5,0.68,138.49,0.69,25.0,0.7,148.5,0.71,178.0,0.33,69.5,0.32,138.49,0.31,25.0,0.3,148.5,0.29,178.0,0.34,14.11,0.35,173.0,0.36,40.0,0.37,131.5,0.38,71.0,0.01,0.01,2375.61386,1776165677000
1776165678.457,78.457,0.66,14.11,0.65,173.0,0.64,40.0,0.63,131.5,0.62,101.0,0.67,55.37,0.68,138.49,0.69,25.0,0.7,148.5,0.71,160.5,0.33,69.5,0.32,138.49,0.31,25.0,0.3,148.5,0.29,178.0,0.34,14.11,0.35,173.0,0.36,40.0,0.37,131.5,0.38,71.0,0.01,0.01,2375.61386,1776165677000
1776165679.69,79.69,0.66,14.11,0.65,173.0,0.64,40.0,0.63,131.5,0.62,101.0,0.67,55.37,0.68,138.49,0.69,25.0,0.7,148.5,0.71,160.5,0.33,55.37,0.32,138.49,0.31,25.0,0.3,148.5,0.29,160.5,0.34,14.11,0.35,173.0,0.36,40.0,0.37,131.5,0.38,101.0,0.01,0.01,2375.609125,1776165678000
1776165680.684,80.684,0.66,14.11,0.65,173.0,0.64,40.0,0.63,131.5,0.62,101.0,0.67,55.37,0.68,138.49,0.69,25.0,0.7,148.5,0.71,160.5,0.33,55.37,0.32,138.49,0.31,25.0,0.3,148.5,0.29,160.5,0.34,14.11,0.35,173.0,0.36,40.0,0.37,131.5,0.38,101.0,0.01,0.01,2375.593815,1776165679000
1776165681.174,81.174,0.66,14.11,0.65,173.0,0.64,40.0,0.63,131.5,0.62,101.0,0.67,55.37,0.68,138.49,0.69,25.0,0.7,148.5,0.71,160.5,0.33,55.37,0.32,138.49,0.31,25.0,0.3,148.5,0.29,160.5,0.34,14.11,0.35,173.0,0.36,40.0,0.37,131.5,0.38,101.0,0.01,0.01,2375.582615,1776165680000
1776165682.237,82.237,0.66,14.11,0.65,173.0,0.64,40.0,0.63,131.5,0.62,101.0,0.67,55.37,0.68,138.49,0.69,25.0,0.7,148.5,0.71,160.5,0.33,55.37,0.32,138.49,0.31,25.0,0.3,148.5,0.29,160.5,0.34,14.11,0.35,173.0,0.36,40.0,0.37,131.5,0.38,101.0,0.01,0.01,2375.503765,1776165681000
1776165683.3,83.3,0.66,14.11,0.65,173.0,0.64,40.0,0.63,131.5,0.62,101.0,0.67,55.37,0.68,138.49,0.69,25.0,0.7,148.5,0.71,160.5,0.33,55.37,0.32,138.49,0.31,25.0,0.3,148.5,0.29,160.5,0.34,14.11,0.35,173.0,0.36,40.0,0.37,131.5,0.38,101.0,0.01,0.01,2375.467113,1776165682000
1776165683.904,83.904,0.63,55.0,0.62,45.5,0.61,108.59,0.6,151.0,0.59,135.0,0.64,159.61,0.65,114.5,0.66,136.5,0.67,67.87,0.68,66.5,0.33,55.37,0.32,138.49,0.31,25.0,0.3,148.5,0.29,160.5,0.34,14.11,0.35,173.0,0.36,40.0,0.37,131.5,0.38,101.0,0.01,0.01,2375.467113,1776165682000
1776165684.312,84.312,0.63,55.0,0.62,45.5,0.61,108.59,0.6,151.0,0.59,135.0,0.64,159.61,0.65,114.5,0.66,136.5,0.67,67.87,0.68,66.5,0.36,159.61,0.35,114.5,0.34,136.5,0.33,67.87,0.32,66.5,0.37,55.0,0.38,45.5,0.39,108.59,0.4,151.0,0.41,135.0,0.01,0.01,2375.426319,1776165683000
1776165684.826,84.826,0.63,55.0,0.62,45.5,0.61,108.59,0.6,151.0,0.59,135.0,0.64,159.61,0.65,114.5,0.66,136.5,0.67,67.87,0.68,66.5,0.36,159.61,0.35,114.5,0.34,136.5,0.33,67.87,0.32,66.5,0.37,55.0,0.38,45.5,0.39,108.59,0.4,151.0,0.41,135.0,0.01,0.01,2375.425534,1776165684000
1776165685.495,85.495,0.63,95.5,0.62,55.5,0.61,50.59,0.6,161.0,0.59,125.0,0.64,141.61,0.65,84.0,0.66,174.0,0.67,42.87,0.68,66.5,0.36,159.61,0.35,114.5,0.34,136.5,0.33,67.87,0.32,66.5,0.37,55.0,0.38,45.5,0.39,108.59,0.4,151.0,0.41,135.0,0.01,0.01,2375.425534,1776165684000
1776165685.704,85.704,0.63,191.5,0.62,55.5,0.61,50.59,0.6,161.0,0.59,135.0,0.64,41.21,0.65,54.0,0.66,86.0,0.67,32.37,0.68,76.5,0.36,52.21,0.35,54.0,0.34,86.0,0.33,32.37,0.32,66.5,0.37,186.5,0.38,55.5,0.39,50.59,0.4,161.0,0.41,125.0,0.01,0.01,2375.425534,1776165684000
1776165686.097,86.097,0.66,173.5,0.65,51.0,0.64,56.5,0.63,149.5,0.62,131.5,0.67,7.41,0.68,49.41,0.69,25.5,0.7,115.5,0.71,145.0,0.36,41.21,0.35,54.0,0.34,86.0,0.33,32.37,0.32,76.5,0.37,191.5,0.38,55.5,0.39,50.59,0.4,161.0,0.41,135.0,0.01,0.01,2375.48059,1776165685000
1776165686.887,86.887,0.66,173.5,0.65,51.0,0.64,56.5,0.63,159.5,0.62,131.5,0.67,5.52,0.68,28.99,0.69,5.0,0.7,173.5,0.71,145.0,0.33,7.41,0.32,49.41,0.31,25.5,0.3,115.5,0.29,145.0,0.34,173.5,0.35,51.0,0.36,56.5,0.37,149.5,0.38,131.5,0.01,0.01,2375.48059,1776165685000
1776165687.254,87.254,0.66,173.5,0.65,51.0,0.64,56.5,0.63,159.5,0.62,124.5,0.67,3.54,0.68,28.99,0.69,5.0,0.7,173.5,0.71,145.0,0.33,5.52,0.32,28.99,0.31,5.0,0.3,173.5,0.29,145.0,0.34,173.5,0.35,51.0,0.36,56.5,0.37,159.5,0.38,131.5,0.01,0.01,2375.48059,1776165685000
1776165687.478,87.478,0.66,83.0,0.65,51.5,0.64,46.5,0.63,149.5,0.62,137.5,0.68,38.56,0.69,25.5,0.7,115.5,0.71,145.0,0.72,42.09,0.33,2.04,0.32,28.99,0.31,5.0,0.3,173.5,0.29,145.0,0.34,166.5,0.35,51.0,0.36,56.5,0.37,159.5,0.38,124.5,0.02,0.01,2375.447676,1776165686000
1776165687.853,87.853,0.66,83.0,0.65,51.5,0.64,46.5,0.63,149.5,0.62,137.5,0.68,38.56,0.69,25.5,0.7,115.5,0.71,145.0,0.72,42.09,0.32,38.56,0.31,25.5,0.3,115.5,0.29,145.0,0.28,42.09,0.34,83.0,0.35,51.5,0.36,46.5,0.37,149.5,0.38,137.5,0.02,0.02,2375.478707,1776165687000
1776165688.501,88.501,0.67,95.5,0.66,156.5,0.65,56.5,0.64,56.5,0.63,157.5,0.68,20.99,0.69,41.0,0.7,83.0,0.71,145.5,0.72,57.09,0.32,38.56,0.31,25.5,0.3,115.5,0.29,145.0,0.28,42.09,0.34,83.0,0.35,51.5,0.36,46.5,0.37,149.5,0.38,137.5,0.01,0.02,2375.478707,1776165687000
1776165688.903,88.903,0.67,158.5,0.66,98.5,0.65,136.5,0.64,126.5,0.63,157.5,0.68,13.93,0.69,41.0,0.7,25.0,0.71,75.5,0.72,67.09,0.32,20.99,0.31,41.0,0.3,83.0,0.29,145.5,0.28,57.09,0.33,95.5,0.34,156.5,0.35,56.5,0.36,56.5,0.37,157.5,0.01,0.01,2375.478707,1776165687000
1776165689.612,89.612,0.67,161.68,0.66,103.5,0.65,126.5,0.64,146.68,0.63,157.5,0.68,11.76,0.69,31.0,0.7,83.0,0.71,75.5,0.72,67.09,0.32,11.76,0.31,41.0,0.3,25.0,0.29,75.5,0.28,67.09,0.33,158.5,0.34,98.5,0.35,136.5,0.36,126.5,0.37,157.5,0.01,0.01,2375.598419,1776165688000
1776165689.869,89.869,0.67,191.11,0.66,103.5,0.65,126.5,0.64,146.68,0.63,157.5,0.68,11.76,0.69,36.0,0.7,93.5,0.71,75.5,0.72,67.09,0.32,11.76,0.31,31.0,0.3,83.0,0.29,75.5,0.28,67.09,0.33,161.68,0.34,103.5,0.35,126.5,0.36,146.68,0.37,157.5,0.01,0.01,2375.598419,1776165688000
1776165690.984,90.984,0.67,191.11,0.66,103.5,0.65,126.5,0.64,146.68,0.63,157.5,0.68,11.76,0.69,36.0,0.7,93.5,0.71,75.5,0.72,67.09,0.32,11.76,0.31,36.0,0.3,93.5,0.29,75.5,0.28,67.09,0.33,191.11,0.34,103.5,0.35,126.5,0.36,146.68,0.37,157.5,0.01,0.01,2375.664015,1776165690000
1776165692.005,92.005,0.67,191.11,0.66,103.5,0.65,126.5,0.64,146.68,0.63,157.5,0.68,11.76,0.69,36.0,0.7,93.5,0.71,75.5,0.72,67.09,0.32,11.76,0.31,36.0,0.3,93.5,0.29,75.5,0.28,67.09,0.33,191.11,0.34,103.5,0.35,126.5,0.36,146.68,0.37,157.5,0.01,0.01,2375.688315,1776165691000
1776165692.216,92.216,0.68,27.0,0.67,57.11,0.66,98.5,0.65,121.5,0.64,141.68,0.69,126.89,0.7,83.5,0.71,80.5,0.72,72.09,0.73,70.0,0.31,122.47,0.3,78.5,0.29,80.5,0.28,72.09,0.27,70.0,0.32,27.0,0.33,57.11,0.34,98.5,0.35,121.5,0.36,141.68,0.01,0.01,2375.688315,1776165691000
1776165693.032,93.032,0.68,27.0,0.67,57.11,0.66,98.5,0.65,121.5,0.64,141.68,0.69,126.89,0.7,83.5,0.71,80.5,0.72,72.09,0.73,70.0,0.31,126.89,0.3,83.5,0.29,80.5,0.28,72.09,0.27,70.0,0.32,27.0,0.33,57.11,0.34,98.5,0.35,121.5,0.36,141.68,0.01,0.01,2375.698545,1776165692000
1776165693.941,93.941,0.68,27.0,0.67,57.11,0.66,98.5,0.65,121.5,0.64,141.68,0.69,126.89,0.7,83.5,0.71,80.5,0.72,72.09,0.73,70.0,0.31,126.89,0.3,83.5,0.29,80.5,0.28,72.09,0.27,70.0,0.32,27.0,0.33,57.11,0.34,98.5,0.35,121.5,0.36,141.68,0.01,0.01,2375.70263,1776165693000
1776165695.581,95.581,0.68,61.0,0.67,41.11,0.66,93.5,0.65,179.5,0.64,141.68,0.69,107.68,0.7,83.5,0.71,80.5,0.72,72.09,0.73,91.0,0.31,107.68,0.3,83.5,0.29,80.5,0.28,72.09,0.27,91.0,0.32,61.0,0.33,41.11,0.34,93.5,0.35,179.5,0.36,141.68,0.01,0.01,2375.66759,1776165694000
1776165696.238,96.238,0.68,61.0,0.67,41.11,0.66,93.5,0.65,179.5,0.64,141.68,0.69,107.68,0.7,83.5,0.71,80.5,0.72,72.09,0.73,91.0,0.31,107.68,0.3,83.5,0.29,80.5,0.28,72.09,0.27,91.0,0.32,61.0,0.33,41.11,0.34,93.5,0.35,179.5,0.36,141.68,0.01,0.01,2375.663905,1776165695000
1776165696.801,96.801,0.68,30.0,0.67,35.68,0.66,87.5,0.65,179.5,0.64,148.68,0.69,154.13,0.7,83.5,0.71,85.5,0.72,87.09,0.73,91.0,0.31,107.68,0.3,83.5,0.29,80.5,0.28,72.09,0.27,91.0,0.32,61.0,0.33,41.11,0.34,93.5,0.35,179.5,0.36,141.68,0.01,0.01,2375.663905,1776165695000
1776165697.139,97.139,0.68,26.87,0.67,35.68,0.66,66.5,0.65,179.5,0.64,148.68,0.69,144.13,0.7,93.5,0.71,85.5,0.72,108.09,0.73,91.0,0.31,154.13,0.3,83.5,0.29,85.5,0.28,87.09,0.27,91.0,0.32,30.0,0.33,35.68,0.34,87.5,0.35,179.5,0.36,148.68,0.01,0.01,2375.663905,1776165695000
1776165697.885,97.885,0.68,18.43,0.67,35.68,0.66,66.5,0.65,179.5,0.64,148.68,0.69,139.13,0.7,93.5,0.71,85.5,0.72,83.09,0.73,91.0,0.31,144.13,0.3,93.5,0.29,85.5,0.28,108.09,0.27,91.0,0.32,26.87,0.33,35.68,0.34,66.5,0.35,179.5,0.36,148.68,0.01,0.01,2375.65363,1776165696000
1776165698.292,98.292,0.68,18.43,0.67,35.68,0.66,66.5,0.65,179.5,0.64,148.68,0.69,83.55,0.7,93.5,0.71,85.5,0.72,83.09,0.73,91.0,0.31,83.55,0.3,93.5,0.29,85.5,0.28,83.09,0.27,91.0,0.32,18.43,0.33,35.68,0.34,66.5,0.35,179.5,0.36,148.68,0.01,0.01,2375.650735,1776165697000
1776165698.832,98.832,0.68,18.43,0.67,25.18,0.66,66.5,0.65,179.5,0.64,148.68,0.69,109.21,0.7,93.5,0.71,85.5,0.72,83.09,0.73,41.0,0.31,83.55,0.3,93.5,0.29,85.5,0.28,83.09,0.27,91.0,0.32,18.43,0.33,35.68,0.34,66.5,0.35,179.5,0.36,148.68,0.01,0.01,2375.650735,1776165697000
1776165699.307,99.307,0.68,13.34,0.67,40.68,0.66,61.5,0.65,179.5,0.64,148.68,0.69,114.21,0.7,93.5,0.71,85.5,0.72,83.09,0.73,41.0,0.31,109.21,0.3,93.5,0.29,85.5,0.28,83.09,0.27,41.0,0.32,18.43,0.33,25.18,0.34,66.5,0.35,179.5,0.36,148.68,0.01,0.01,2375.650735,1776165697000
1776165700.056,100.056,0.68,13.34,0.67,40.68,0.66,61.5,0.65,179.5,0.64,148.68,0.69,114.21,0.7,93.5,0.71,85.5,0.72,83.09,0.73,41.0,0.31,114.21,0.3,93.5,0.29,85.5,0.28,83.09,0.27,41.0,0.32,13.34,0.33,40.68,0.34,61.5,0.35,179.5,0.36,148.68,0.01,0.01,2375.60002,1776165699000
1776165700.3,100.3,0.67,10.18,0.66,36.0,0.65,20.5,0.64,35.68,0.63,85.5,0.68,142.99,0.69,149.58,0.7,120.5,0.71,160.5,0.72,95.09,0.31,243.58,0.3,153.5,0.29,160.5,0.28,95.09,0.27,83.0,0.33,15.18,0.34,36.0,0.35,25.5,0.36,40.68,0.37,85.5,0.01,0.02,2375.60002,1776165699000
1776165700.579,100.579,0.66,56.0,0.65,20.5,0.64,35.68,0.63,143.5,0.62,47.0,0.67,90.49,0.68,86.0,0.69,69.58,0.7,120.5,0.71,160.5,0.32,157.99,0.31,91.58,0.3,120.5,0.29,160.5,0.28,95.09,0.34,36.0,0.35,20.5,0.36,35.68,0.37,85.5,0.38,47.0,0.01,0.02,2375.60002,1776165699000
1776165700.955,100.955,0.66,105.5,0.65,25.5,0.64,35.68,0.63,143.5,0.62,47.0,0.67,100.49,0.68,71.5,0.69,64.58,0.7,145.5,0.71,215.5,0.33,95.49,0.32,81.0,0.31,69.58,0.3,120.5,0.29,160.5,0.34,51.0,0.35,20.5,0.36,35.68,0.37,143.5,0.38,47.0,0.01,0.01,2375.60002,1776165699000
1776165701.182,101.182,0.66,73.0,0.65,25.5,0.64,30.68,0.63,143.5,0.62,47.0,0.67,158.49,0.68,71.5,0.69,64.58,0.7,145.5,0.71,215.5,0.33,105.49,0.32,71.5,0.31,64.58,0.3,145.5,0.29,215.5,0.34,94.5,0.35,25.5,0.36,35.68,0.37,143.5,0.38,47.0,0.01,0.01,2375.60002,1776165699000
1776165701.442,101.442,0.66,110.5,0.65,20.5,0.64,30.68,0.63,153.5,0.62,50.0,0.67,158.56,0.68,71.5,0.69,64.58,0.7,145.5,0.71,222.5,0.33,158.49,0.32,71.5,0.31,64.58,0.3,145.5,0.29,215.5,0.34,73.0,0.35,25.5,0.36,30.68,0.37,143.5,0.38,47.0,0.01,0.01,2375.595,1776165700000
1776165701.964,101.964,0.66,101.76,0.65,20.5,0.64,30.68,0.63,153.5,0.62,50.0,0.67,158.56,0.68,81.5,0.69,64.58,0.7,145.5,0.71,233.0,0.33,158.56,0.32,81.5,0.31,64.58,0.3,145.5,0.29,233.0,0.34,101.76,0.35,20.5,0.36,30.68,0.37,153.5,0.38,50.0,0.01,0.01,2375.59474,1776165701000
1776165702.392,102.392,0.66,105.78,0.65,25.5,0.64,103.68,0.63,90.5,0.62,45.0,0.67,149.56,0.68,71.0,0.69,64.58,0.7,115.5,0.71,228.0,0.33,139.56,0.32,91.5,0.31,64.58,0.3,145.5,0.29,233.0,0.34,98.52,0.35,25.5,0.36,30.68,0.37,143.5,0.38,50.0,0.01,0.01,2375.59474,1776165701000
1776165702.76,102.76,0.66,150.54,0.65,25.5,0.64,103.68,0.63,90.5,0.62,45.0,0.67,76.56,0.68,139.5,0.69,74.58,0.7,115.5,0.71,228.0,0.33,149.56,0.32,71.0,0.31,64.58,0.3,115.5,0.29,228.0,0.34,105.78,0.35,25.5,0.36,103.68,0.37,90.5,0.38,45.0,0.01,0.01,2375.59474,1776165701000
1776165703.059,103.059,0.66,150.54,0.65,25.5,0.64,103.68,0.63,90.5,0.62,45.0,0.67,76.56,0.68,139.5,0.69,74.58,0.7,115.5,0.71,228.0,0.33,76.56,0.32,139.5,0.31,74.58,0.3,115.5,0.29,228.0,0.34,150.54,0.35,25.5,0.36,103.68,0.37,90.5,0.38,45.0,0.01,0.01,2375.571366,1776165702000
1776165703.289,103.289,0.66,122.21,0.65,25.5,0.64,103.68,0.63,90.5,0.62,45.0,0.67,148.77,0.68,81.5,0.69,64.58,0.7,115.5,0.71,228.0,0.33,148.77,0.32,91.5,0.31,64.58,0.3,115.5,0.29,228.0,0.34,125.45,0.35,25.5,0.36,103.68,0.37,90.5,0.38,45.0,0.01,0.01,2375.571366,1776165702000
1776165704.171,104.171,0.66,122.21,0.65,25.5,0.64,103.68,0.63,90.5,0.62,45.0,0.67,148.77,0.68,81.5,0.69,64.58,0.7,115.5,0.71,228.0,0.33,148.77,0.32,81.5,0.31,64.58,0.3,115.5,0.29,228.0,0.34,122.21,0.35,25.5,0.36,103.68,0.37,90.5,0.38,45.0,0.01,0.01,2375.50093,1776165703000
1776165705.316,105.316,0.66,122.21,0.65,25.5,0.64,103.68,0.63,90.5,0.62,45.0,0.67,148.77,0.68,81.5,0.69,64.58,0.7,115.5,0.71,228.0,0.33,148.77,0.32,81.5,0.31,64.58,0.3,115.5,0.29,228.0,0.34,122.21,0.35,25.5,0.36,103.68,0.37,90.5,0.38,45.0,0.01,0.01,2375.516135,1776165704000
1776165705.521,105.521,0.66,35.32,0.65,25.5,0.64,103.68,0.63,90.5,0.62,45.0,0.67,137.86,0.68,86.5,0.69,84.58,0.7,136.5,0.71,228.0,0.33,79.86,0.32,86.5,0.31,84.58,0.3,115.5,0.29,228.0,0.34,45.41,0.35,25.5,0.36,103.68,0.37,90.5,0.38,45.0,0.01,0.01,2375.516135,1776165704000
1776165705.885,105.885,0.66,24.7,0.65,25.5,0.64,103.68,0.63,95.5,0.62,40.0,0.67,132.86,0.68,86.5,0.69,84.58,0.7,136.5,0.71,228.0,0.33,137.86,0.32,86.5,0.31,84.58,0.3,136.5,0.29,228.0,0.34,35.32,0.35,25.5,0.36,103.68,0.37,90.5,0.38,45.0,0.01,0.01,2375.516135,1776165704000
1776165706.521,106.521,0.66,24.7,0.65,25.5,0.64,103.68,0.63,95.5,0.62,40.0,0.67,132.86,0.68,86.5,0.69,84.58,0.7,136.5,0.71,228.0,0.33,132.86,0.32,86.5,0.31,84.58,0.3,136.5,0.29,228.0,0.34,24.7,0.35,25.5,0.36,103.68,0.37,95.5,0.38,40.0,0.01,0.01,2375.526095,1776165705000
1776165706.964,106.964,0.66,80.2,0.65,25.5,0.64,173.68,0.63,165.5,0.62,48.0,0.67,82.78,0.68,86.5,0.69,84.58,0.7,66.5,0.71,158.0,0.33,132.86,0.32,86.5,0.31,84.58,0.3,136.5,0.29,228.0,0.34,24.7,0.35,25.5,0.36,103.68,0.37,95.5,0.38,40.0,0.01,0.01,2375.526095,1776165705000
1776165708.152,108.152,0.66,80.2,0.65,25.5,0.64,173.68,0.63,165.5,0.62,48.0,0.67,82.78,0.68,86.5,0.69,84.58,0.7,66.5,0.71,158.0,0.33,82.78,0.32,86.5,0.31,84.58,0.3,66.5,0.29,158.0,0.34,80.2,0.35,25.5,0.36,173.68,0.37,165.5,0.38,48.0,0.01,0.01,2375.556317,1776165707000
1776165709.029,109.029,0.66,70.78,0.65,40.5,0.64,110.68,0.63,165.5,0.62,69.0,0.67,30.74,0.68,98.0,0.69,74.58,0.7,76.5,0.71,161.5,0.33,82.78,0.32,86.5,0.31,84.58,0.3,66.5,0.29,158.0,0.34,80.2,0.35,25.5,0.36,173.68,0.37,165.5,0.38,48.0,0.01,0.01,2375.556317,1776165707000
1776165709.837,109.837,0.66,51.07,0.65,35.5,0.64,168.68,0.63,165.5,0.62,69.0,0.67,30.74,0.68,118.5,0.69,74.58,0.7,76.5,0.71,161.5,0.33,30.74,0.32,98.0,0.31,74.58,0.3,76.5,0.29,161.5,0.34,70.78,0.35,40.5,0.36,110.68,0.37,165.5,0.38,69.0,0.01,0.01,2375.52952,1776165708000
1776165710.088,110.088,0.66,51.07,0.65,35.5,0.64,168.68,0.63,165.5,0.62,69.0,0.67,30.74,0.68,118.5,0.69,74.58,0.7,76.5,0.71,161.5,0.33,30.74,0.32,118.5,0.31,74.58,0.3,76.5,0.29,161.5,0.34,51.07,0.35,35.5,0.36,168.68,0.37,165.5,0.38,69.0,0.01,0.01,2375.51974,1776165709000
1776165711.056,111.056,0.66,63.12,0.65,35.5,0.64,168.68,0.63,165.5,0.62,69.0,0.67,15.65,0.68,113.0,0.69,74.58,0.7,76.5,0.71,161.5,0.33,15.65,0.32,113.0,0.31,74.58,0.3,76.5,0.29,161.5,0.34,63.12,0.35,35.5,0.36,168.68,0.37,165.5,0.38,69.0,0.01,0.01,2375.51694,1776165710000
1776165712.605,112.605,0.66,63.12,0.65,35.5,0.64,168.68,0.63,165.5,0.62,69.0,0.67,15.65,0.68,113.0,0.69,74.58,0.7,76.5,0.71,161.5,0.33,15.65,0.32,113.0,0.31,74.58,0.3,76.5,0.29,161.5,0.34,63.12,0.35,35.5,0.36,168.68,0.37,165.5,0.38,69.0,0.01,0.01,2375.53408,1776165711000
1776165713.169,113.169,0.66,63.12,0.65,35.5,0.64,168.68,0.63,165.5,0.62,69.0,0.67,15.65,0.68,113.0,0.69,74.58,0.7,76.5,0.71,161.5,0.33,15.65,0.32,113.0,0.31,74.58,0.3,76.5,0.29,161.5,0.34,63.12,0.35,35.5,0.36,168.68,0.37,165.5,0.38,69.0,0.01,0.01,2375.552195,1776165712000
1776165714.252,114.252,0.66,63.12,0.65,35.5,0.64,168.68,0.63,165.5,0.62,69.0,0.67,15.65,0.68,113.0,0.69,74.58,0.7,76.5,0.71,161.5,0.33,15.65,0.32,113.0,0.31,74.58,0.3,76.5,0.29,161.5,0.34,63.12,0.35,35.5,0.36,168.68,0.37,165.5,0.38,69.0,0.01,0.01,2375.570485,1776165713000
1776165715.319,115.319,0.66,63.12,0.65,35.5,0.64,168.68,0.63,165.5,0.62,69.0,0.67,15.65,0.68,113.0,0.69,74.58,0.7,76.5,0.71,161.5,0.33,15.65,0.32,113.0,0.31,74.58,0.3,76.5,0.29,161.5,0.34,63.12,0.35,35.5,0.36,168.68,0.37,165.5,0.38,69.0,0.01,0.01,2375.567645,1776165714000
1776165716.364,116.364,0.67,93.0,0.66,20.0,0.65,25.5,0.64,115.68,0.63,236.5,0.68,96.85,0.69,84.58,0.7,71.5,0.71,166.5,0.72,135.98,0.32,96.85,0.31,84.58,0.3,71.5,0.29,166.5,0.28,135.98,0.33,93.0,0.34,20.0,0.35,25.5,0.36,115.68,0.37,236.5,0.01,0.01,2375.56402,1776165715000
1776165716.573,116.573,0.67,82.0,0.66,20.0,0.65,25.5,0.64,115.68,0.63,243.5,0.68,146.85,0.69,120.58,0.7,71.5,0.71,166.5,0.72,130.98,0.32,96.85,0.31,84.58,0.3,71.5,0.29,166.5,0.28,135.98,0.33,93.0,0.34,20.0,0.35,25.5,0.36,115.68,0.37,236.5,0.01,0.01,2375.56402,1776165715000
1776165716.8,116.8,0.67,71.0,0.66,20.0,0.65,25.5,0.64,115.68,0.63,243.5,0.68,141.85,0.69,120.58,0.7,71.5,0.71,166.5,0.72,130.98,0.32,141.85,0.31,120.58,0.3,71.5,0.29,166.5,0.28,130.98,0.33,71.0,0.34,20.0,0.35,25.5,0.36,115.68,0.37,243.5,0.01,0.01,2375.56402,1776165715000
1776165717.591,117.591,0.67,62.66,0.66,5.0,0.64,10.18,0.63,60.0,0.62,10.0,0.68,275.2,0.69,175.58,0.7,71.5,0.71,184.0,0.72,122.98,0.32,141.85,0.31,120.58,0.3,71.5,0.29,166.5,0.28,130.98,0.33,71.0,0.34,20.0,0.35,25.5,0.36,115.68,0.37,243.5,0.01,0.01,2375.55393,1776165716000
1776165717.904,117.904,0.63,60.0,0.62,10.0,0.61,30.09,0.6,153.0,0.59,60.0,0.65,10.0,0.66,50.0,0.67,38.3,0.68,275.2,0.69,175.58,0.35,10.0,0.34,50.0,0.33,38.3,0.32,275.2,0.31,175.58,0.37,60.0,0.38,10.0,0.39,30.09,0.4,153.0,0.41,60.0,0.02,0.02,2375.541745,1776165717000
1776165718.97,118.97,0.6,63.27,0.59,60.0,0.58,90.5,0.57,234.99,0.56,84.0,0.62,157.5,0.63,60.5,0.64,69.5,0.65,168.5,0.66,132.5,0.38,25.5,0.37,30.5,0.36,57.5,0.35,75.5,0.34,122.5,0.39,2.17,0.4,90.0,0.41,60.0,0.42,138.0,0.43,234.99,0.02,0.01,2375.541745,1776165717000
1776165719.813,119.813,0.6,54.77,0.59,60.0,0.58,100.5,0.57,135.09,0.56,183.9,0.61,157.5,0.62,50.5,0.63,40.5,0.64,110.5,0.65,85.5,0.39,121.5,0.38,50.5,0.37,45.5,0.36,53.5,0.35,143.5,0.4,62.77,0.41,60.0,0.42,100.5,0.43,234.99,0.44,84.0,0.01,0.01,2375.500235,1776165718000
1776165720.828,120.828,0.59,60.0,0.58,138.0,0.57,245.49,0.56,84.0,0.55,160.0,0.6,10.33,0.61,162.5,0.62,50.5,0.63,55.5,0.64,52.5,0.4,10.33,0.39,162.5,0.38,50.5,0.37,55.5,0.36,52.5,0.41,60.0,0.42,138.0,0.43,245.49,0.44,84.0,0.45,160.0,0.01,0.01,2375.224935,1776165720000
1776165721.757,121.757,0.59,49.83,0.58,257.49,0.57,147.5,0.56,64.0,0.55,160.0,0.6,137.34,0.61,76.59,0.62,103.5,0.63,76.5,0.64,40.5,0.4,147.84,0.39,129.5,0.38,45.5,0.37,50.5,0.36,35.5,0.41,60.0,0.42,204.49,0.43,205.5,0.44,58.0,0.45,160.0,0.01,0.01,2375.224935,1776165720000
1776165722.607,122.607,0.59,9.33,0.58,75.0,0.57,158.5,0.56,174.99,0.55,195.0,0.6,213.52,0.61,131.59,0.62,45.5,0.63,73.5,0.64,69.5,0.4,130.68,0.39,76.59,0.38,103.5,0.37,76.5,0.36,40.5,0.41,49.83,0.42,257.49,0.43,147.5,0.44,64.0,0.45,160.0,0.01,0.01,2375.224935,1776165720000
1776165723.31,123.31,0.58,75.0,0.57,100.5,0.56,66.0,0.55,352.9,0.54,223.78,0.6,218.52,0.61,136.59,0.62,45.5,0.63,73.5,0.64,69.5,0.4,218.52,0.39,136.59,0.38,45.5,0.37,73.5,0.36,69.5,0.42,75.0,0.43,100.5,0.44,66.0,0.45,352.9,0.46,223.78,0.02,0.02,2375.182,1776165722000
1776165723.808,123.808,0.58,25.0,0.57,95.5,0.56,46.0,0.55,138.5,0.54,122.78,0.6,26.08,0.61,132.59,0.62,41.5,0.63,66.5,0.64,51.1,0.41,141.56,0.4,69.52,0.39,189.59,0.38,35.5,0.37,73.5,0.42,30.0,0.43,158.5,0.44,66.0,0.45,169.0,0.46,318.68,0.02,0.01,2375.182,1776165722000
1776165724.045,124.045,0.56,20.5,0.55,116.5,0.54,174.78,0.53,95.0,0.52,87.0,0.58,131.5,0.59,35.5,0.6,54.08,0.61,199.59,0.62,66.5,0.4,26.08,0.39,132.59,0.38,41.5,0.37,66.5,0.36,51.1,0.42,25.0,0.43,95.5,0.44,46.0,0.45,138.5,0.46,122.78,0.02,0.02,2375.182,1776165722000
1776165724.284,124.284,0.55,49.52,0.54,154.78,0.53,95.0,0.52,87.0,0.51,198.6,0.56,104.23,0.57,30.5,0.58,50.5,0.59,45.5,0.6,49.08,0.43,10.0,0.42,131.5,0.41,35.5,0.4,54.08,0.39,199.59,0.45,39.52,0.46,174.78,0.47,95.0,0.48,87.0,0.49,206.51,0.01,0.02,2375.182,1776165722000
1776165724.6,124.6,0.55,99.67,0.54,154.78,0.53,95.0,0.52,87.0,0.51,199.6,0.56,115.7,0.57,35.5,0.58,50.5,0.59,35.5,0.6,59.08,0.44,104.23,0.43,30.5,0.42,50.5,0.41,45.5,0.4,49.08,0.45,49.52,0.46,154.78,0.47,95.0,0.48,87.0,0.49,198.6,0.01,0.01,2375.180945,1776165723000
1776165724.942,124.942,0.55,36.68,0.54,154.78,0.53,95.0,0.52,87.0,0.51,199.6,0.56,115.7,0.57,40.5,0.58,50.5,0.59,93.5,0.6,59.08,0.44,115.7,0.43,35.5,0.42,50.5,0.41,35.5,0.4,59.08,0.45,97.0,0.46,154.78,0.47,95.0,0.48,87.0,0.49,199.6,0.01,0.01,2375.180945,1776165723000
1776165725.437,125.437,0.55,57.5,0.54,154.78,0.53,95.0,0.52,87.0,0.51,199.6,0.56,110.7,0.57,40.5,0.58,50.5,0.59,93.5,0.6,59.08,0.44,110.7,0.43,40.5,0.42,50.5,0.41,93.5,0.4,59.08,0.45,57.5,0.46,154.78,0.47,95.0,0.48,87.0,0.49,199.6,0.01,0.01,2375.141355,1776165724000
1776165725.752,125.752,0.55,10.0,0.54,165.28,0.53,153.0,0.52,87.0,0.51,85.61,0.56,123.91,0.57,35.5,0.58,50.5,0.59,35.5,0.6,70.08,0.44,110.7,0.43,40.5,0.42,50.5,0.41,93.5,0.4,59.08,0.45,57.5,0.46,154.78,0.47,95.0,0.48,87.0,0.49,199.6,0.01,0.01,2375.141355,1776165724000
1776165726.114,126.114,0.54,165.28,0.53,100.0,0.52,87.0,0.51,260.6,0.5,292.0,0.55,28.87,0.56,58.91,0.57,40.5,0.58,45.5,0.59,40.5,0.44,123.91,0.43,35.5,0.42,50.5,0.41,35.5,0.4,70.08,0.45,10.0,0.46,165.28,0.47,153.0,0.48,87.0,0.49,85.61,0.01,0.01,2375.141355,1776165724000
1776165726.342,126.342,0.54,155.28,0.53,100.0,0.52,87.0,0.51,261.6,0.5,286.0,0.55,112.87,0.56,47.44,0.57,35.5,0.58,40.5,0.59,35.5,0.45,112.87,0.44,47.44,0.43,35.5,0.42,40.5,0.41,35.5,0.46,155.28,0.47,100.0,0.48,87.0,0.49,261.6,0.5,286.0,0.01,0.01,2375.048385,1776165725000
1776165726.74,126.74,0.54,160.28,0.53,100.0,0.52,87.0,0.51,261.6,0.5,286.0,0.55,120.5,0.56,72.94,0.57,40.5,0.58,70.5,0.59,35.5,0.45,117.34,0.44,62.94,0.43,40.5,0.42,70.5,0.41,35.5,0.46,155.28,0.47,100.0,0.48,87.0,0.49,261.6,0.5,286.0,0.01,0.01,2375.048385,1776165725000
1776165727.916,127.916,0.54,130.28,0.53,100.0,0.52,87.0,0.51,144.61,0.5,385.9,0.55,102.13,0.56,78.03,0.57,40.5,0.58,45.5,0.59,79.5,0.45,120.5,0.44,72.94,0.43,40.5,0.42,70.5,0.41,35.5,0.46,160.28,0.47,100.0,0.48,87.0,0.49,261.6,0.5,286.0,0.01,0.01,2375.04544,1776165726000
1776165728.331,128.331,0.54,130.28,0.53,100.0,0.52,87.0,0.51,144.61,0.5,385.9,0.55,102.13,0.56,78.03,0.57,40.5,0.58,45.5,0.59,79.5,0.45,102.13,0.44,78.03,0.43,40.5,0.42,45.5,0.41,79.5,0.46,130.28,0.47,100.0,0.48,87.0,0.49,144.61,0.5,385.9,0.01,0.01,2375.015195,1776165727000
1776165728.806,128.806,0.54,135.19,0.53,100.0,0.52,87.0,0.51,144.61,0.5,384.99,0.55,97.13,0.56,78.03,0.57,50.5,0.58,70.5,0.59,79.5,0.45,102.13,0.44,78.03,0.43,40.5,0.42,45.5,0.41,79.5,0.46,130.28,0.47,100.0,0.48,87.0,0.49,144.61,0.5,385.9,0.01,0.01,2375.015195,1776165727000
1776165729.268,129.268,0.54,135.19,0.53,100.0,0.52,87.0,0.51,144.61,0.5,384.99,0.55,97.13,0.56,78.03,0.57,50.5,0.58,70.5,0.59,79.5,0.45,97.13,0.44,78.03,0.43,50.5,0.42,70.5,0.41,79.5,0.46,135.19,0.47,100.0,0.48,87.0,0.49,144.61,0.5,384.99,0.01,0.01,2375.035902,1776165728000
1776165729.643,129.643,0.54,93.19,0.53,159.0,0.52,87.0,0.51,86.61,0.5,417.99,0.55,21.35,0.56,36.53,0.57,25.0,0.58,73.5,0.59,79.5,0.45,97.13,0.44,78.03,0.43,50.5,0.42,70.5,0.41,79.5,0.46,135.19,0.47,100.0,0.48,87.0,0.49,144.61,0.5,384.99,0.01,0.01,2375.035902,1776165728000
1776165730.267,130.267,0.54,93.19,0.53,159.0,0.52,87.0,0.51,86.61,0.5,417.99,0.55,21.35,0.56,36.53,0.57,25.0,0.58,73.5,0.59,79.5,0.45,21.35,0.44,36.53,0.43,25.0,0.42,73.5,0.41,79.5,0.46,93.19,0.47,159.0,0.48,87.0,0.49,86.61,0.5,417.99,0.01,0.01,2374.958721,1776165729000
1776165730.56,130.56,0.54,45.51,0.53,50.0,0.52,30.0,0.51,59.61,0.5,265.0,0.55,101.85,0.56,172.03,0.57,46.5,0.58,70.5,0.59,45.5,0.45,21.35,0.44,36.53,0.43,25.0,0.42,73.5,0.41,79.5,0.46,93.19,0.47,159.0,0.48,87.0,0.49,86.61,0.5,417.99,0.01,0.01,2374.958721,1776165729000
1776165730.798,130.798,0.54,3.87,0.53,50.0,0.52,30.0,0.51,59.61,0.5,265.0,0.55,116.85,0.56,172.03,0.57,46.5,0.58,70.5,0.59,45.5,0.45,116.85,0.44,172.03,0.43,46.5,0.42,70.5,0.41,45.5,0.46,38.87,0.47,50.0,0.48,30.0,0.49,59.61,0.5,265.0,0.01,0.01,2374.958721,1776165729000
1776165731.253,131.253,0.54,1.69,0.52,5.0,0.51,59.61,0.5,265.0,0.49,120.0,0.55,116.85,0.56,172.03,0.57,46.5,0.58,70.5,0.59,45.5,0.45,116.85,0.44,172.03,0.43,46.5,0.42,70.5,0.41,45.5,0.46,1.69,0.48,5.0,0.49,59.61,0.5,265.0,0.51,120.0,0.01,0.01,2374.967895,1776165730000
1776165731.821,131.821,0.5,172.6,0.49,40.0,0.48,60.0,0.47,45.0,0.46,123.0,0.51,199.63,0.52,65.5,0.53,85.0,0.54,140.5,0.55,146.5,0.49,34.13,0.48,10.0,0.47,80.0,0.46,90.5,0.45,621.85,0.5,170.0,0.51,35.0,0.52,60.0,0.53,45.0,0.54,65.0,0.01,0.01,2374.967895,1776165730000
1776165732.13,132.13,0.5,157.22,0.49,40.0,0.48,70.0,0.47,45.0,0.46,123.0,0.51,252.63,0.52,65.5,0.53,85.0,0.54,140.5,0.55,146.5,0.49,252.63,0.48,65.5,0.47,85.0,0.46,140.5,0.45,146.5,0.5,163.85,0.51,40.0,0.52,70.0,0.53,45.0,0.54,123.0,0.01,0.01,2374.967895,1776165730000
1776165733.191,133.191,0.5,107.22,0.49,40.0,0.48,70.0,0.47,45.0,0.46,133.0,0.51,282.19,0.52,75.5,0.53,95.0,0.54,175.68,0.55,141.5,0.49,252.63,0.48,65.5,0.47,85.0,0.46,140.5,0.45,146.5,0.5,157.22,0.51,40.0,0.52,70.0,0.53,45.0,0.54,123.0,0.01,0.01,2374.97013,1776165731000
1776165734.08,134.08,0.5,107.22,0.49,40.0,0.48,70.0,0.47,45.0,0.46,133.0,0.51,282.19,0.52,75.5,0.53,95.0,0.54,175.68,0.55,141.5,0.49,282.19,0.48,75.5,0.47,95.0,0.46,175.68,0.45,141.5,0.5,107.22,0.51,40.0,0.52,70.0,0.53,45.0,0.54,133.0,0.01,0.01,2374.73992,1776165733000
1776165734.692,134.692,0.49,40.0,0.48,65.0,0.47,88.0,0.46,60.0,0.45,160.0,0.51,457.19,0.52,119.12,0.53,95.0,0.54,190.18,0.55,141.0,0.49,282.19,0.48,75.5,0.47,95.0,0.46,175.68,0.45,141.5,0.5,107.22,0.51,40.0,0.52,70.0,0.53,45.0,0.54,133.0,0.02,0.01,2374.73992,1776165733000
1776165735.446,135.446,0.49,40.0,0.48,65.0,0.47,88.0,0.46,60.0,0.45,160.0,0.51,457.19,0.52,119.12,0.53,95.0,0.54,190.18,0.55,141.0,0.49,457.19,0.48,119.12,0.47,95.0,0.46,190.18,0.45,141.0,0.51,40.0,0.52,65.0,0.53,88.0,0.54,60.0,0.55,160.0,0.02,0.02,2374.803584,1776165734000
1776165735.701,135.701,0.49,6.27,0.48,208.0,0.47,120.5,0.46,80.5,0.45,170.0,0.5,99.84,0.51,131.19,0.52,117.52,0.53,49.5,0.54,90.18,0.5,104.5,0.49,131.19,0.48,103.12,0.47,49.5,0.46,90.18,0.51,6.27,0.52,208.0,0.53,120.5,0.54,80.5,0.55,170.0,0.01,0.01,2374.803584,1776165734000
1776165735.915,135.915,0.49,1.27,0.48,208.0,0.47,110.0,0.46,80.5,0.45,170.0,0.5,99.71,0.51,131.19,0.52,74.9,0.53,39.5,0.54,90.18,0.5,99.84,0.49,131.19,0.48,117.52,0.47,49.5,0.46,90.18,0.51,6.27,0.52,208.0,0.53,120.5,0.54,80.5,0.55,170.0,0.01,0.01,2374.803584,1776165734000
1776165737.189,137.189,0.49,1.27,0.48,208.0,0.47,110.0,0.46,80.5,0.45,170.0,0.5,99.71,0.51,131.19,0.52,74.9,0.53,39.5,0.54,90.18,0.5,99.71,0.49,131.19,0.48,74.9,0.47,39.5,0.46,90.18,0.51,1.27,0.52,208.0,0.53,110.0,0.54,80.5,0.55,170.0,0.01,0.01,2374.7052,1776165736000
1776165737.394,137.394,0.48,133.0,0.47,30.0,0.46,60.0,0.45,172.0,0.44,28.89,0.49,79.36,0.5,30.5,0.51,105.5,0.52,40.5,0.53,25.0,0.51,9.47,0.5,30.5,0.49,55.5,0.48,40.5,0.47,25.0,0.52,120.0,0.53,72.0,0.54,70.0,0.55,160.0,0.56,28.89,0.01,0.01,2374.7052,1776165736000
1776165738.185,138.185,0.48,123.0,0.47,30.0,0.46,60.0,0.45,172.0,0.44,28.89,0.49,103.36,0.5,30.5,0.51,110.5,0.52,45.5,0.53,25.0,0.51,103.36,0.5,30.5,0.49,110.5,0.48,45.5,0.47,25.0,0.52,123.0,0.53,30.0,0.54,60.0,0.55,172.0,0.56,28.89,0.01,0.01,2374.72248,1776165737000
1776165738.416,138.416,0.47,17.37,0.46,80.5,0.45,238.5,0.44,38.89,0.43,91.0,0.48,273.5,0.49,62.5,0.5,86.5,0.51,132.5,0.52,160.9,0.51,103.36,0.5,30.5,0.49,110.5,0.48,45.5,0.47,25.0,0.52,123.0,0.53,30.0,0.54,60.0,0.55,172.0,0.56,28.89,0.01,0.01,2374.72248,1776165737000
1776165739.285,139.285,0.47,17.37,0.46,80.5,0.45,238.5,0.44,38.89,0.43,91.0,0.48,273.5,0.49,62.5,0.5,86.5,0.51,132.5,0.52,160.9,0.52,273.5,0.51,62.5,0.5,86.5,0.49,132.5,0.48,160.9,0.53,17.37,0.54,80.5,0.55,238.5,0.56,38.89,0.57,91.0,0.01,0.01,2374.66,1776165738000
1776165739.958,139.958,0.47,7.37,0.46,70.0,0.45,170.5,0.44,96.89,0.43,91.0,0.48,371.5,0.49,82.5,0.5,101.5,0.51,146.9,0.52,185.9,0.52,273.5,0.51,62.5,0.5,86.5,0.49,132.5,0.48,160.9,0.53,17.37,0.54,80.5,0.55,238.5,0.56,38.89,0.57,91.0,0.01,0.01,2374.66,1776165738000
1776165740.299,140.299,0.47,7.37,0.46,70.0,0.45,170.5,0.44,96.89,0.43,91.0,0.48,371.5,0.49,82.5,0.5,101.5,0.51,146.9,0.52,185.9,0.52,371.5,0.51,82.5,0.5,101.5,0.49,146.9,0.48,185.9,0.53,7.37,0.54,70.0,0.55,170.5,0.56,96.89,0.57,91.0,0.01,0.01,2374.601395,1776165739000
1776165741.392,141.392,0.47,3.37,0.46,70.0,0.45,170.5,0.44,96.89,0.43,91.0,0.48,371.5,0.49,92.5,0.5,91.5,0.51,156.9,0.52,185.9,0.52,371.5,0.51,92.5,0.5,91.5,0.49,156.9,0.48,185.9,0.53,3.37,0.54,70.0,0.55,170.5,0.56,96.89,0.57,91.0,0.01,0.01,2374.633785,1776165740000
1776165741.882,141.882,0.47,3.37,0.46,70.0,0.45,170.5,0.44,96.89,0.43,91.0,0.48,371.5,0.49,92.5,0.5,91.5,0.51,156.9,0.52,185.9,0.52,371.5,0.51,92.5,0.5,91.5,0.49,156.9,0.48,185.9,0.53,3.37,0.54,70.0,0.55,170.5,0.56,96.89,0.57,91.0,0.01,0.01,2374.633585,1776165741000
1776165742.334,142.334,0.46,68.53,0.45,170.5,0.44,86.89,0.43,91.0,0.42,136.0,0.47,305.09,0.48,183.5,0.49,72.5,0.5,70.5,0.51,135.9,0.52,371.5,0.51,92.5,0.5,91.5,0.49,156.9,0.48,185.9,0.53,3.37,0.54,70.0,0.55,170.5,0.56,96.89,0.57,91.0,0.01,0.01,2374.633585,1776165741000
1776165742.919,142.919,0.46,68.53,0.45,170.5,0.44,86.89,0.43,91.0,0.42,136.0,0.47,305.09,0.48,183.5,0.49,72.5,0.5,70.5,0.51,135.9,0.53,305.09,0.52,183.5,0.51,72.5,0.5,70.5,0.49,135.9,0.54,68.53,0.55,170.5,0.56,86.89,0.57,91.0,0.58,136.0,0.01,0.01,2374.63248,1776165742000
1776165744.006,144.006,0.46,68.53,0.45,170.5,0.44,86.89,0.43,91.0,0.42,136.0,0.47,305.09,0.48,183.5,0.49,72.5,0.5,70.5,0.51,135.9,0.53,305.09,0.52,183.5,0.51,72.5,0.5,70.5,0.49,135.9,0.54,68.53,0.55,170.5,0.56,86.89,0.57,91.0,0.58,136.0,0.01,0.01,2374.61627,1776165743000
1776165744.314,144.314,0.46,35.01,0.45,238.5,0.44,38.89,0.43,92.0,0.42,136.0,0.47,30.09,0.48,45.0,0.49,67.5,0.5,75.5,0.51,135.9,0.53,305.09,0.52,183.5,0.51,72.5,0.5,70.5,0.49,135.9,0.54,68.53,0.55,170.5,0.56,86.89,0.57,91.0,0.58,136.0,0.01,0.01,2374.61627,1776165743000
1776165744.684,144.684,0.46,60.39,0.45,238.5,0.44,38.89,0.43,92.0,0.42,136.0,0.47,25.09,0.48,40.0,0.49,110.0,0.5,75.5,0.51,135.9,0.53,30.09,0.52,45.0,0.51,67.5,0.5,75.5,0.49,135.9,0.54,35.01,0.55,238.5,0.56,38.89,0.57,92.0,0.58,136.0,0.01,0.01,2374.61627,1776165743000
1776165745.218,145.218,0.46,60.39,0.45,238.5,0.44,38.89,0.43,92.0,0.42,136.0,0.47,25.09,0.48,40.0,0.49,110.0,0.5,75.5,0.51,135.9,0.53,25.09,0.52,40.0,0.51,110.0,0.5,75.5,0.49,135.9,0.54,60.39,0.55,238.5,0.56,38.89,0.57,92.0,0.58,136.0,0.01,0.01,2374.618585,1776165744000
1776165745.701,145.701,0.46,34.39,0.45,248.5,0.44,59.89,0.43,113.0,0.42,136.0,0.47,22.12,0.48,40.0,0.49,115.0,0.5,85.5,0.51,111.5,0.53,25.09,0.52,40.0,0.51,110.0,0.5,75.5,0.49,135.9,0.54,60.39,0.55,238.5,0.56,38.89,0.57,92.0,0.58,136.0,0.01,0.01,2374.618585,1776165744000
1776165746.128,146.128,0.46,34.39,0.45,248.5,0.44,59.89,0.43,113.0,0.42,136.0,0.47,22.12,0.48,40.0,0.49,115.0,0.5,85.5,0.51,111.5,0.53,22.12,0.52,40.0,0.51,115.0,0.5,85.5,0.49,111.5,0.54,34.39,0.55,248.5,0.56,59.89,0.57,113.0,0.58,136.0,0.01,0.01,2374.64168,1776165745000
1776165746.487,146.487,0.46,494.38,0.45,269.59,0.44,59.89,0.43,146.0,0.42,131.0,0.49,32.09,0.5,45.0,0.51,30.0,0.52,45.0,0.53,118.0,0.53,22.12,0.52,40.0,0.51,115.0,0.5,85.5,0.49,111.5,0.54,34.39,0.55,248.5,0.56,59.89,0.57,113.0,0.58,136.0,0.03,0.01,2374.64168,1776165745000
1776165746.824,146.824,0.51,92.5,0.5,96.5,0.49,54.5,0.48,48.5,0.47,146.49,0.52,3.0,0.53,123.0,0.54,20.18,0.55,85.5,0.56,40.09,0.48,10.0,0.47,118.0,0.46,20.18,0.45,75.0,0.44,40.09,0.5,5.0,0.51,59.5,0.52,59.5,0.53,146.49,0.54,222.39,0.01,0.02,2374.64168,1776165745000
1776165747.156,147.156,0.51,118.5,0.5,176.5,0.49,54.5,0.48,68.5,0.47,145.99,0.53,123.0,0.54,20.18,0.55,85.5,0.56,40.09,0.57,45.0,0.47,123.0,0.46,20.18,0.45,85.5,0.44,40.09,0.43,45.0,0.49,118.5,0.5,176.5,0.51,54.5,0.52,68.5,0.53,145.99,0.02,0.02,2374.67164,1776165746000
1776165748.251,148.251,0.51,118.5,0.5,176.5,0.49,54.5,0.48,68.5,0.47,145.99,0.53,123.0,0.54,20.18,0.55,85.5,0.56,40.09,0.57,45.0,0.47,123.0,0.46,20.18,0.45,85.5,0.44,40.09,0.43,45.0,0.49,118.5,0.5,176.5,0.51,54.5,0.52,68.5,0.53,145.99,0.02,0.02,2374.693615,1776165747000
1776165749.418,149.418,0.51,118.5,0.5,176.5,0.49,54.5,0.48,68.5,0.47,145.99,0.53,123.0,0.54,20.18,0.55,85.5,0.56,40.09,0.57,45.0,0.47,123.0,0.46,20.18,0.45,85.5,0.44,40.09,0.43,45.0,0.49,118.5,0.5,176.5,0.51,54.5,0.52,68.5,0.53,145.99,0.02,0.02,2374.774845,1776165748000
1776165750.129,150.129,0.52,123.5,0.51,56.5,0.5,239.5,0.49,35.5,0.48,196.48,0.53,55.0,0.54,25.18,0.55,123.0,0.56,65.59,0.57,35.0,0.47,123.0,0.46,20.18,0.45,85.5,0.44,40.09,0.43,45.0,0.49,118.5,0.5,176.5,0.51,54.5,0.52,68.5,0.53,145.99,0.01,0.02,2374.774845,1776165748000
1776165750.418,150.418,0.52,123.5,0.51,56.5,0.5,239.5,0.49,35.5,0.48,196.48,0.53,55.0,0.54,25.18,0.55,123.0,0.56,65.59,0.57,35.0,0.47,55.0,0.46,25.18,0.45,123.0,0.44,65.59,0.43,35.0,0.48,123.5,0.49,56.5,0.5,239.5,0.51,35.5,0.52,196.48,0.01,0.01,2374.87392,1776165749000
1776165751.105,151.105,0.52,123.5,0.51,56.5,0.5,239.5,0.49,35.5,0.48,196.48,0.53,55.0,0.54,25.18,0.55,123.0,0.56,65.59,0.57,35.0,0.47,55.0,0.46,25.18,0.45,123.0,0.44,65.59,0.43,35.0,0.48,123.5,0.49,56.5,0.5,239.5,0.51,35.5,0.52,196.48,0.01,0.01,2374.874015,1776165750000
1776165751.31,151.31,0.5,7.0,0.48,35.59,0.47,20.0,0.46,41.0,0.45,290.5,0.51,108.33,0.52,105.0,0.53,40.5,0.54,60.68,0.55,235.0,0.49,70.33,0.48,95.0,0.47,40.5,0.46,60.68,0.45,235.0,0.5,17.0,0.52,45.59,0.53,20.0,0.54,41.0,0.55,280.5,0.01,0.01,2374.874015,1776165750000
1776165751.785,151.785,0.49,17.0,0.48,25.09,0.47,10.0,0.46,20.0,0.45,274.5,0.51,447.33,0.52,110.0,0.53,81.5,0.54,91.68,0.55,215.0,0.49,108.33,0.48,105.0,0.47,40.5,0.46,60.68,0.45,235.0,0.5,7.0,0.52,35.59,0.53,20.0,0.54,41.0,0.55,290.5,0.02,0.01,2374.874015,1776165750000
1776165752.029,152.029,0.46,30.5,0.45,272.0,0.44,34.89,0.43,80.0,0.42,163.0,0.49,118.5,0.5,66.5,0.51,161.33,0.52,110.0,0.53,106.5,0.49,447.33,0.48,110.0,0.47,81.5,0.46,91.68,0.45,215.0,0.51,17.0,0.52,25.09,0.53,10.0,0.54,20.0,0.55,274.5,0.03,0.02,2374.874015,1776165750000
1776165752.518,152.518,0.46,30.5,0.45,272.0,0.44,34.89,0.43,80.0,0.42,163.0,0.49,118.5,0.5,66.5,0.51,161.33,0.52,110.0,0.53,106.5,0.51,118.5,0.5,66.5,0.49,161.33,0.48,110.0,0.47,106.5,0.54,30.5,0.55,272.0,0.56,34.89,0.57,80.0,0.58,163.0,0.03,0.03,2374.898685,1776165751000
1776165752.768,152.768,0.45,260.0,0.44,39.39,0.43,80.0,0.42,129.0,0.41,106.0,0.47,482.5,0.48,141.5,0.49,181.5,0.5,116.5,0.51,147.14,0.51,118.5,0.5,66.5,0.49,161.33,0.48,110.0,0.47,106.5,0.54,30.5,0.55,272.0,0.56,34.89,0.57,80.0,0.58,163.0,0.02,0.03,2374.898685,1776165751000
1776165752.973,152.973,0.45,190.0,0.44,39.39,0.43,80.0,0.42,129.0,0.41,106.0,0.46,301.19,0.47,157.24,0.48,136.5,0.49,181.5,0.5,111.5,0.53,555.24,0.52,141.5,0.51,181.5,0.5,116.5,0.49,157.14,0.55,175.0,0.56,39.39,0.57,80.0,0.58,129.0,0.59,106.0,0.01,0.02,2374.898685,1776165751000
1776165753.412,153.412,0.45,195.0,0.44,39.39,0.43,80.0,0.42,129.0,0.41,106.0,0.46,296.1,0.47,157.24,0.48,136.5,0.49,181.5,0.5,111.5,0.54,296.1,0.53,157.24,0.52,136.5,0.51,181.5,0.5,111.5,0.55,195.0,0.56,39.39,0.57,80.0,0.58,129.0,0.59,106.0,0.01,0.01,2374.78895,1776165752000
1776165754.07,154.07,0.42,35.0,0.41,70.0,0.4,55.0,0.39,110.0,0.38,70.0,0.43,490.87,0.44,51.5,0.45,90.5,0.46,112.1,0.47,79.24,0.54,525.1,0.53,125.24,0.52,106.5,0.51,116.5,0.5,35.5,0.57,60.0,0.58,85.0,0.59,70.0,0.6,90.0,0.61,178.0,0.01,0.03,2374.78895,1776165752000
1776165755.262,155.262,0.42,35.0,0.41,70.0,0.4,55.0,0.39,110.0,0.38,70.0,0.43,490.87,0.44,51.5,0.45,90.5,0.46,112.1,0.47,79.24,0.57,490.87,0.56,51.5,0.55,90.5,0.54,112.1,0.53,79.24,0.58,35.0,0.59,70.0,0.6,55.0,0.61,110.0,0.62,70.0,0.01,0.01,2374.6378,1776165754000
1776165756.179,156.179,0.37,2.96,0.36,125.0,0.35,224.0,0.34,80.0,0.33,70.0,0.38,516.13,0.39,128.5,0.4,125.5,0.41,300.5,0.42,20.5,0.62,464.63,0.61,141.5,0.6,55.5,0.59,210.5,0.58,20.5,0.63,75.0,0.64,125.0,0.65,224.0,0.66,70.0,0.67,138.0,0.01,0.01,2374.6378,1776165754000
1776165757.034,157.034,0.35,221.96,0.34,133.0,0.33,75.0,0.32,25.0,0.31,20.0,0.38,617.13,0.39,128.5,0.4,125.5,0.41,300.5,0.42,30.5,0.62,516.13,0.61,128.5,0.6,125.5,0.59,300.5,0.58,20.5,0.63,2.96,0.64,125.0,0.65,224.0,0.66,80.0,0.67,70.0,0.03,0.01,2374.351455,1776165755000
1776165757.62,157.62,0.35,280.51,0.34,95.5,0.33,85.5,0.32,25.0,0.31,26.0,0.36,440.85,0.37,41.5,0.38,59.73,0.39,108.5,0.4,35.5,0.64,138.22,0.63,26.5,0.62,127.73,0.61,128.5,0.6,55.5,0.65,226.96,0.66,133.0,0.67,85.5,0.68,25.0,0.69,20.0,0.01,0.01,2374.351455,1776165755000
1776165758.508,158.508,0.35,280.51,0.34,95.5,0.33,85.5,0.32,25.0,0.31,26.0,0.36,435.85,0.37,41.5,0.38,59.73,0.39,108.5,0.4,35.5,0.64,435.85,0.63,41.5,0.62,59.73,0.61,108.5,0.6,35.5,0.65,280.51,0.66,95.5,0.67,85.5,0.68,25.0,0.69,26.0,0.01,0.01,2374.225559,1776165757000
1776165758.877,158.877,0.35,283.97,0.34,95.5,0.33,85.5,0.32,25.0,0.31,26.0,0.36,455.85,0.37,41.5,0.38,59.73,0.39,108.5,0.4,35.5,0.64,435.85,0.63,41.5,0.62,59.73,0.61,108.5,0.6,35.5,0.65,280.51,0.66,95.5,0.67,85.5,0.68,25.0,0.69,26.0,0.01,0.01,2374.225559,1776165757000
1776165759.11,159.11,0.35,286.93,0.34,95.5,0.33,85.5,0.32,25.0,0.31,26.0,0.36,460.85,0.37,41.5,0.38,59.73,0.39,108.5,0.4,35.5,0.64,460.85,0.63,41.5,0.62,59.73,0.61,108.5,0.6,35.5,0.65,286.93,0.66,95.5,0.67,85.5,0.68,25.0,0.69,26.0,0.01,0.01,2374.221096,1776165758000
1776165760.244,160.244,0.35,286.93,0.34,95.5,0.33,85.5,0.32,25.0,0.31,26.0,0.36,458.77,0.37,35.5,0.38,65.73,0.39,114.5,0.4,35.5,0.64,458.77,0.63,35.5,0.62,65.73,0.61,114.5,0.6,35.5,0.65,286.93,0.66,95.5,0.67,85.5,0.68,25.0,0.69,26.0,0.01,0.01,2374.223135,1776165759000
1776165761.676,161.676,0.35,286.93,0.34,95.5,0.33,85.5,0.32,25.0,0.31,26.0,0.36,458.77,0.37,35.5,0.38,65.73,0.39,114.5,0.4,35.5,0.64,458.77,0.63,35.5,0.62,65.73,0.61,114.5,0.6,35.5,0.65,286.93,0.66,95.5,0.67,85.5,0.68,25.0,0.69,26.0,0.01,0.01,2374.216715,1776165760000
1776165762.206,162.206,0.35,134.43,0.34,148.5,0.33,165.5,0.32,90.0,0.31,20.0,0.36,382.64,0.37,25.5,0.38,93.5,0.39,89.5,0.4,58.5,0.64,458.77,0.63,35.5,0.62,65.73,0.61,114.5,0.6,35.5,0.65,286.93,0.66,95.5,0.67,85.5,0.68,25.0,0.69,26.0,0.01,0.01,2374.216715,1776165760000
1776165762.418,162.418,0.35,134.43,0.34,148.5,0.33,165.5,0.32,90.0,0.31,20.0,0.36,382.64,0.37,25.5,0.38,93.5,0.39,89.5,0.4,58.5,0.64,382.64,0.63,25.5,0.62,93.5,0.61,89.5,0.6,58.5,0.65,134.43,0.66,148.5,0.67,165.5,0.68,90.0,0.69,20.0,0.01,0.01,2374.216715,1776165761000
1776165763.056,163.056,0.35,134.43,0.34,148.5,0.33,165.5,0.32,90.0,0.31,20.0,0.36,382.64,0.37,25.5,0.38,93.5,0.39,89.5,0.4,58.5,0.64,382.64,0.63,25.5,0.62,93.5,0.61,89.5,0.6,58.5,0.65,134.43,0.66,148.5,0.67,165.5,0.68,90.0,0.69,20.0,0.01,0.01,2374.21729,1776165762000
1776165764.345,164.345,0.35,210.43,0.34,226.49,0.33,142.5,0.32,20.0,0.31,70.0,0.36,3.64,0.39,38.0,0.4,10.0,0.41,55.0,0.42,10.0,0.64,382.64,0.63,25.5,0.62,93.5,0.61,89.5,0.6,58.5,0.65,134.43,0.66,148.5,0.67,165.5,0.68,90.0,0.69,20.0,0.01,0.01,2374.21729,1776165762000
1776165764.858,164.858,0.38,10.0,0.37,21.0,0.36,18.0,0.35,110.43,0.34,101.5,0.39,641.13,0.4,25.5,0.41,130.5,0.42,95.5,0.43,144.0,0.61,38.0,0.6,10.0,0.59,55.0,0.58,10.0,0.57,50.0,0.64,17.36,0.65,210.43,0.66,226.49,0.67,142.5,0.68,45.0,0.01,0.03,2374.247355,1776165763000
1776165765.07,165.07,0.38,10.0,0.37,21.0,0.36,18.0,0.35,115.43,0.34,111.5,0.39,605.3,0.4,30.5,0.41,130.5,0.42,95.5,0.43,136.0,0.61,615.3,0.6,30.5,0.59,130.5,0.58,95.5,0.57,136.0,0.62,10.0,0.63,21.0,0.64,18.0,0.65,115.43,0.66,111.5,0.01,0.01,2374.247355,1776165763000
1776165765.488,165.488,0.38,10.0,0.37,21.0,0.36,18.0,0.35,115.43,0.34,111.5,0.39,605.3,0.4,30.5,0.41,130.5,0.42,95.5,0.43,136.0,0.61,605.3,0.6,30.5,0.59,130.5,0.58,95.5,0.57,136.0,0.62,10.0,0.63,21.0,0.64,18.0,0.65,115.43,0.66,111.5,0.01,0.01,2374.24757,1776165764000
1776165766.095,166.095,0.38,10.0,0.37,21.0,0.36,18.0,0.35,115.43,0.34,111.5,0.39,605.3,0.4,30.5,0.41,130.5,0.42,95.5,0.43,136.0,0.61,605.3,0.6,30.5,0.59,130.5,0.58,95.5,0.57,136.0,0.62,10.0,0.63,21.0,0.64,18.0,0.65,115.43,0.66,111.5,0.01,0.01,2374.25538,1776165765000
1776165766.753,166.753,0.38,10.0,0.37,11.0,0.36,18.0,0.35,84.43,0.34,111.5,0.39,625.21,0.4,40.5,0.41,140.5,0.42,105.5,0.43,160.7,0.61,605.3,0.6,30.5,0.59,130.5,0.58,95.5,0.57,136.0,0.62,10.0,0.63,21.0,0.64,18.0,0.65,115.43,0.66,111.5,0.01,0.01,2374.25538,1776165765000
1776165767.031,167.031,0.38,10.0,0.37,11.0,0.36,23.0,0.35,79.43,0.34,111.5,0.39,609.36,0.4,40.5,0.41,140.5,0.42,105.5,0.43,160.7,0.61,620.12,0.6,40.5,0.59,140.5,0.58,105.5,0.57,160.7,0.62,10.0,0.63,11.0,0.64,18.0,0.65,84.43,0.66,111.5,0.01,0.01,2374.25538,1776165765000
1776165767.502,167.502,0.38,10.0,0.37,11.0,0.36,23.0,0.35,94.43,0.34,116.5,0.39,585.56,0.4,45.5,0.41,145.5,0.42,110.5,0.43,165.7,0.61,614.36,0.6,40.5,0.59,140.5,0.58,105.5,0.57,160.7,0.62,10.0,0.63,11.0,0.64,23.0,0.65,79.43,0.66,111.5,0.01,0.01,2374.25538,1776165765000
1776165767.756,167.756,0.38,10.0,0.37,11.0,0.36,23.0,0.35,94.43,0.34,116.5,0.39,585.56,0.4,45.5,0.41,145.5,0.42,110.5,0.43,165.7,0.61,585.56,0.6,45.5,0.59,145.5,0.58,110.5,0.57,165.7,0.62,10.0,0.63,11.0,0.64,23.0,0.65,94.43,0.66,116.5,0.01,0.01,2374.267645,1776165766000
1776165768.193,168.193,0.38,12.0,0.37,11.0,0.36,18.0,0.35,94.43,0.34,116.5,0.39,588.43,0.4,40.5,0.41,195.5,0.42,135.5,0.43,165.7,0.61,590.56,0.6,40.5,0.59,145.5,0.58,135.5,0.57,165.7,0.62,2.0,0.63,11.0,0.64,18.0,0.65,94.43,0.66,116.5,0.01,0.01,2374.267645,1776165766000
1776165768.497,168.497,0.38,2.0,0.37,11.0,0.36,18.0,0.35,94.43,0.34,116.5,0.39,583.34,0.4,40.5,0.41,195.5,0.42,135.5,0.43,155.7,0.61,588.43,0.6,40.5,0.59,195.5,0.58,135.5,0.57,165.7,0.62,12.0,0.63,11.0,0.64,18.0,0.65,94.43,0.66,116.5,0.01,0.01,2374.2399,1776165767000
1776165769.529,169.529,0.38,2.0,0.37,11.0,0.36,18.0,0.35,94.43,0.34,116.5,0.39,578.25,0.4,40.5,0.41,195.5,0.42,135.5,0.43,155.7,0.61,578.25,0.6,40.5,0.59,195.5,0.58,135.5,0.57,155.7,0.62,2.0,0.63,11.0,0.64,18.0,0.65,94.43,0.66,116.5,0.01,0.01,2374.23476,1776165768000
1776165770.128,170.128,0.38,2.0,0.37,11.0,0.36,18.0,0.35,94.43,0.34,116.5,0.39,578.25,0.4,40.5,0.41,195.5,0.42,135.5,0.43,155.7,0.61,578.25,0.6,40.5,0.59,195.5,0.58,135.5,0.57,155.7,0.62,2.0,0.63,11.0,0.64,18.0,0.65,94.43,0.66,116.5,0.01,0.01,2374.2348,1776165769000
1776165770.458,170.458,0.38,2.0,0.37,21.0,0.36,10.5,0.35,102.43,0.34,116.5,0.39,580.68,0.4,65.5,0.41,200.5,0.42,115.5,0.43,155.7,0.61,578.25,0.6,40.5,0.59,195.5,0.58,135.5,0.57,155.7,0.62,2.0,0.63,11.0,0.64,18.0,0.65,94.43,0.66,116.5,0.01,0.01,2374.2348,1776165769000
1776165771.009,171.009,0.35,111.93,0.34,70.0,0.33,85.0,0.32,40.0,0.31,23.0,0.39,632.18,0.4,91.5,0.41,292.5,0.42,150.3,0.43,155.7,0.61,580.68,0.6,65.5,0.59,200.5,0.58,115.5,0.57,155.7,0.62,2.0,0.63,21.0,0.64,10.5,0.65,102.43,0.66,116.5,0.04,0.01,2374.2348,1776165769000
1776165771.651,171.651,0.35,111.93,0.34,70.0,0.33,85.0,0.32,40.0,0.31,23.0,0.39,632.18,0.4,91.5,0.41,292.5,0.42,150.3,0.43,155.7,0.61,632.18,0.6,91.5,0.59,292.5,0.58,150.3,0.57,155.7,0.65,111.93,0.66,70.0,0.67,85.0,0.68,40.0,0.69,23.0,0.04,0.04,2374.2543,1776165770000
1776165772.159,172.159,0.35,51.14,0.34,70.5,0.33,75.5,0.32,45.0,0.31,83.0,0.36,567.13,0.37,142.5,0.38,181.5,0.39,123.5,0.4,56.5,0.64,567.13,0.63,142.5,0.62,181.5,0.61,123.5,0.6,56.5,0.65,51.14,0.66,70.5,0.67,75.5,0.68,45.0,0.69,83.0,0.01,0.01,2374.255355,1776165771000
1776165773.036,173.036,0.34,10.0,0.33,50.0,0.32,25.0,0.29,27.0,0.28,60.0,0.36,774.13,0.37,172.5,0.38,106.5,0.39,50.6,0.4,71.5,0.64,567.13,0.63,142.5,0.62,181.5,0.61,123.5,0.6,56.5,0.65,51.14,0.66,70.5,0.67,75.5,0.68,45.0,0.69,83.0,0.02,0.01,2374.255355,1776165771000
1776165773.418,173.418,0.28,70.5,0.26,225.0,0.25,96.0,0.24,143.0,0.23,106.0,0.29,63.1,0.3,92.0,0.31,41.5,0.32,10.0,0.33,10.0,0.71,63.1,0.7,92.0,0.69,41.5,0.68,10.0,0.67,10.0,0.72,70.5,0.74,225.0,0.75,96.0,0.76,143.0,0.77,106.0,0.01,0.01,2374.23037,1776165772000
1776165774.093,174.093,0.28,70.5,0.26,225.0,0.25,96.0,0.24,143.0,0.23,106.0,0.29,63.1,0.3,92.0,0.31,41.5,0.32,10.0,0.33,10.0,0.71,63.1,0.7,92.0,0.69,41.5,0.68,10.0,0.67,10.0,0.72,70.5,0.74,225.0,0.75,96.0,0.76,143.0,0.77,106.0,0.01,0.01,2374.22135,1776165773000
1776165774.96,174.96,0.2,100.0,0.19,25.0,0.18,6.0,0.17,10.0,0.16,20.0,0.21,16.0,0.23,226.5,0.24,113.5,0.25,41.0,0.26,91.5,0.71,63.1,0.7,92.0,0.69,41.5,0.68,10.0,0.67,10.0,0.72,70.5,0.74,225.0,0.75,96.0,0.76,143.0,0.77,106.0,0.01,0.01,2374.22135,1776165773000
1776165775.518,175.518,0.2,100.0,0.19,25.0,0.18,6.0,0.17,10.0,0.16,20.0,0.21,16.0,0.23,226.5,0.24,113.5,0.25,41.0,0.26,91.5,0.79,16.0,0.77,226.5,0.76,113.5,0.75,41.0,0.74,91.5,0.8,100.0,0.81,25.0,0.82,6.0,0.83,10.0,0.84,20.0,0.01,0.01,2374.0053,1776165774000
1776165775.962,175.962,0.17,20.5,0.16,35.5,0.15,20.0,0.14,15.0,0.13,66.0,0.19,20.5,0.2,266.5,0.21,190.7,0.22,85.0,0.23,46.5,0.79,16.0,0.77,226.5,0.76,113.5,0.75,41.0,0.74,91.5,0.8,100.0,0.81,25.0,0.82,6.0,0.83,10.0,0.84,20.0,0.02,0.01,2374.0053,1776165774000
1776165776.341,176.341,0.17,1.96,0.16,35.5,0.15,20.0,0.14,15.0,0.13,72.0,0.18,226.5,0.19,35.5,0.2,45.5,0.21,145.7,0.22,80.0,0.81,20.5,0.8,266.5,0.79,190.7,0.78,85.0,0.77,46.5,0.83,20.5,0.84,35.5,0.85,20.0,0.86,15.0,0.87,66.0,0.01,0.02,2373.936836,1776165775000
1776165776.583,176.583,0.16,13.95,0.15,20.0,0.14,15.0,0.13,72.0,0.12,567.98,0.17,149.0,0.18,56.02,0.19,35.5,0.2,40.5,0.21,145.7,0.82,217.02,0.81,35.5,0.8,45.5,0.79,145.7,0.78,80.0,0.84,35.5,0.85,20.0,0.86,15.0,0.87,72.0,0.88,240.08,0.01,0.02,2373.936836,1776165775000
1776165776.816,176.816,0.16,33.64,0.15,48.0,0.14,15.0,0.13,67.0,0.12,234.17,0.17,42.17,0.18,25.0,0.19,25.5,0.2,20.0,0.21,100.7,0.83,149.0,0.82,56.02,0.81,35.5,0.8,40.5,0.79,145.7,0.84,13.95,0.85,20.0,0.86,15.0,0.87,72.0,0.88,567.98,0.01,0.01,2373.936836,1776165775000
1776165777.061,177.061,0.16,39.95,0.15,48.0,0.14,15.0,0.13,61.0,0.12,239.17,0.17,6.17,0.18,25.0,0.19,25.5,0.2,20.0,0.21,106.7,0.83,16.17,0.82,25.0,0.81,25.5,0.8,20.0,0.79,100.7,0.84,96.64,0.85,48.0,0.86,15.0,0.87,67.0,0.88,239.17,0.01,0.01,2373.936836,1776165775000
1776165777.282,177.282,0.16,39.95,0.15,48.0,0.14,15.0,0.13,61.0,0.12,239.17,0.17,6.17,0.18,25.0,0.19,25.5,0.2,20.0,0.21,106.7,0.83,6.17,0.82,25.0,0.81,25.5,0.8,20.0,0.79,106.7,0.84,39.95,0.85,48.0,0.86,15.0,0.87,61.0,0.88,239.17,0.01,0.01,2373.35115,1776165776000
1776165777.746,177.746,0.16,35.0,0.15,48.0,0.14,163.99,0.13,117.0,0.12,83.09,0.18,25.0,0.19,15.0,0.2,20.0,0.21,101.7,0.22,90.0,0.83,1.69,0.82,25.0,0.81,25.5,0.8,20.0,0.79,156.7,0.84,5.0,0.85,10.0,0.86,20.0,0.87,56.0,0.88,229.08,0.02,0.01,2373.35115,1776165776000
1776165778.241,178.241,0.16,42.81,0.15,58.5,0.14,163.99,0.13,117.0,0.12,83.09,0.17,146.0,0.18,35.0,0.19,15.0,0.2,30.5,0.21,140.7,0.82,25.0,0.81,15.0,0.8,20.0,0.79,95.7,0.78,96.0,0.84,51.81,0.85,58.5,0.86,163.99,0.87,117.0,0.88,83.09,0.01,0.02,2373.35115,1776165776000
1776165778.449,178.449,0.16,42.81,0.15,58.5,0.14,163.99,0.13,117.0,0.12,83.09,0.17,146.0,0.18,35.0,0.19,15.0,0.2,30.5,0.21,140.7,0.83,146.0,0.82,35.0,0.81,15.0,0.8,30.5,0.79,140.7,0.84,42.81,0.85,58.5,0.86,163.99,0.87,117.0,0.88,83.09,0.01,0.01,2373.349275,1776165777000
1776165778.77,178.77,0.16,5.0,0.13,42.0,0.12,20.09,0.11,10.0,0.1,201.5,0.17,182.02,0.18,30.0,0.19,25.5,0.2,30.5,0.21,180.7,0.83,83.0,0.82,30.0,0.81,25.5,0.8,30.5,0.79,140.7,0.84,11.31,0.85,10.0,0.86,191.49,0.87,121.0,0.88,83.09,0.01,0.01,2373.349275,1776165777000
1776165779.016,179.016,0.16,5.0,0.13,42.0,0.12,20.09,0.11,10.0,0.1,201.5,0.17,182.02,0.18,30.0,0.19,25.5,0.2,30.5,0.21,180.7,0.83,182.02,0.82,30.0,0.81,25.5,0.8,30.5,0.79,180.7,0.84,5.0,0.87,42.0,0.88,20.09,0.89,10.0,0.9,201.5,0.01,0.01,2373.36005,1776165778000
1776165780.261,180.261,0.16,5.0,0.13,42.0,0.12,20.09,0.11,10.0,0.1,201.5,0.17,182.02,0.18,30.0,0.19,25.5,0.2,30.5,0.21,180.7,0.83,182.02,0.82,30.0,0.81,25.5,0.8,30.5,0.79,180.7,0.84,5.0,0.87,42.0,0.88,20.09,0.89,10.0,0.9,201.5,0.01,0.01,2373.40575,1776165779000
1776165780.855,180.855,0.13,45.5,0.12,25.59,0.11,82.79,0.1,236.5,0.09,266.9,0.14,121.85,0.15,54.63,0.16,40.5,0.17,45.5,0.18,65.5,0.83,182.02,0.82,30.0,0.81,25.5,0.8,30.5,0.79,180.7,0.84,5.0,0.87,42.0,0.88,20.09,0.89,10.0,0.9,201.5,0.01,0.01,2373.40575,1776165779000
1776165781.991,181.991,0.13,45.5,0.12,25.59,0.11,82.79,0.1,236.5,0.09,266.9,0.14,121.85,0.15,54.63,0.16,40.5,0.17,45.5,0.18,65.5,0.86,121.85,0.85,54.63,0.84,40.5,0.83,45.5,0.82,65.5,0.87,45.5,0.88,25.59,0.89,82.79,0.9,236.5,0.91,266.9,0.01,0.01,2373.156915,1776165780000
1776165782.404,182.404,0.13,64.26,0.12,221.58,0.11,167.78,0.1,241.5,0.09,53.0,0.14,91.2,0.15,29.63,0.16,10.0,0.17,20.0,0.18,20.0,0.86,121.2,0.85,34.63,0.84,20.0,0.83,45.5,0.82,46.5,0.87,20.5,0.88,25.59,0.89,82.79,0.9,231.5,0.91,227.99,0.01,0.01,2373.156915,1776165780000
1776165782.642,182.642,0.13,74.26,0.12,221.58,0.11,167.78,0.1,241.5,0.09,53.0,0.14,56.34,0.15,19.63,0.16,10.0,0.17,20.0,0.18,25.0,0.86,56.34,0.85,19.63,0.84,10.0,0.83,20.0,0.82,25.0,0.87,74.26,0.88,221.58,0.89,167.78,0.9,241.5,0.91,53.0,0.01,0.01,2373.122515,1776165781000
1776165782.875,182.875,0.14,170.99,0.13,203.26,0.12,56.59,0.11,137.79,0.1,171.5,0.16,5.54,0.17,20.0,0.18,10.0,0.19,25.0,0.2,20.0,0.85,5.91,0.84,10.0,0.83,20.0,0.82,10.0,0.81,25.0,0.87,272.25,0.88,121.68,0.89,147.79,0.9,241.5,0.91,71.0,0.02,0.02,2373.122515,1776165781000
1776165783.089,183.089,0.14,294.99,0.13,149.26,0.12,56.59,0.11,137.79,0.1,171.5,0.15,2.0,0.16,5.54,0.17,20.0,0.18,10.0,0.19,25.0,0.85,2.0,0.84,5.54,0.83,20.0,0.82,10.0,0.81,25.0,0.86,294.99,0.87,149.26,0.88,56.59,0.89,137.79,0.9,171.5,0.01,0.01,2373.15907,1776165782000
1776165783.492,183.492,0.14,319.99,0.13,257.25,0.12,56.59,0.11,137.79,0.1,171.5,0.18,9.18,0.19,20.0,0.2,20.0,0.21,55.0,0.22,61.0,0.85,1.78,0.84,5.54,0.83,10.0,0.82,10.0,0.81,25.0,0.86,319.99,0.87,139.26,0.88,56.59,0.89,137.79,0.9,171.5,0.04,0.01,2373.15907,1776165782000
1776165783.841,183.841,0.14,324.99,0.13,257.25,0.12,56.59,0.11,137.79,0.1,211.5,0.15,12.29,0.16,10.0,0.17,10.0,0.18,9.18,0.19,20.0,0.82,9.18,0.81,20.0,0.8,20.0,0.79,55.0,0.78,61.0,0.86,319.99,0.87,257.25,0.88,56.59,0.89,137.79,0.9,171.5,0.01,0.04,2373.15907,1776165782000
1776165784.06,184.06,0.14,319.99,0.13,257.25,0.12,56.59,0.11,137.79,0.1,211.5,0.17,10.0,0.18,9.18,0.19,20.0,0.2,20.0,0.21,55.0,0.83,10.0,0.82,9.18,0.81,20.0,0.8,20.0,0.79,55.0,0.86,319.99,0.87,257.25,0.88,56.59,0.89,137.79,0.9,211.5,0.03,0.03,2373.166114,1776165783000
1776165784.5,184.5,0.16,36.66,0.15,10.0,0.14,238.99,0.13,144.26,0.12,62.59,0.17,15.0,0.18,14.18,0.19,20.0,0.2,20.0,0.21,55.0,0.83,10.0,0.82,9.18,0.81,20.0,0.8,20.0,0.79,55.0,0.86,319.99,0.87,257.25,0.88,56.59,0.89,137.79,0.9,211.5,0.01,0.03,2373.166114,1776165783000
1776165785.139,185.139,0.16,36.66,0.15,10.0,0.14,238.99,0.13,144.26,0.12,62.59,0.17,15.0,0.18,14.18,0.19,20.0,0.2,20.0,0.21,55.0,0.83,15.0,0.82,14.18,0.81,20.0,0.8,20.0,0.79,55.0,0.84,36.66,0.85,10.0,0.86,238.99,0.87,144.26,0.88,62.59,0.01,0.01,2373.452475,1776165784000
1776165785.952,185.952,0.16,45.5,0.15,27.17,0.14,107.65,0.13,239.16,0.12,160.69,0.17,34.11,0.18,24.18,0.19,40.5,0.2,40.5,0.21,99.85,0.83,15.0,0.82,14.18,0.81,20.0,0.8,20.0,0.79,55.0,0.84,36.66,0.85,10.0,0.86,238.99,0.87,144.26,0.88,62.59,0.01,0.01,2373.452475,1776165784000
1776165786.165,186.165,0.16,45.5,0.15,27.17,0.14,107.65,0.13,239.16,0.12,160.69,0.17,34.11,0.18,24.18,0.19,40.5,0.2,40.5,0.21,99.85,0.83,34.11,0.82,24.18,0.81,40.5,0.8,40.5,0.79,99.85,0.84,45.5,0.85,27.17,0.86,107.65,0.87,239.16,0.88,160.69,0.01,0.01,2373.4801,1776165785000
1776165786.505,186.505,0.16,45.38,0.15,37.17,0.14,107.65,0.13,222.25,0.12,160.69,0.17,29.11,0.18,24.18,0.19,40.5,0.2,60.5,0.21,99.85,0.83,34.11,0.82,24.18,0.81,40.5,0.8,40.5,0.79,99.85,0.84,45.5,0.85,27.17,0.86,107.65,0.87,239.16,0.88,160.69,0.01,0.01,2373.4801,1776165785000
1776165787.008,187.008,0.16,38.59,0.15,32.17,0.14,107.65,0.13,222.25,0.12,166.69,0.17,14.11,0.18,24.18,0.19,40.5,0.2,60.5,0.21,109.85,0.83,29.11,0.82,24.18,0.81,40.5,0.8,60.5,0.79,99.85,0.84,45.38,0.85,37.17,0.86,107.65,0.87,222.25,0.88,160.69,0.01,0.01,2373.4801,1776165785000
1776165787.718,187.718,0.15,2.12,0.14,17.15,0.13,10.0,0.12,5.09,0.11,81.79,0.16,577.5,0.17,216.61,0.18,60.68,0.19,61.5,0.2,94.0,0.83,14.11,0.82,24.18,0.81,40.5,0.8,60.5,0.79,109.85,0.84,38.59,0.85,32.17,0.86,107.65,0.87,222.25,0.88,166.69,0.01,0.01,2373.49418,1776165786000
1776165787.931,187.931,0.12,5.09,0.11,81.79,0.1,65.5,0.09,137.99,0.08,226.9,0.13,19.85,0.15,282.5,0.16,185.5,0.17,164.61,0.18,70.68,0.85,282.5,0.84,180.5,0.83,164.61,0.82,64.68,0.81,40.5,0.86,2.15,0.88,5.09,0.89,81.79,0.9,65.5,0.91,131.99,0.01,0.01,2373.49418,1776165786000
1776165788.152,188.152,0.12,0.09,0.11,81.79,0.1,76.0,0.09,126.99,0.08,226.9,0.13,336.35,0.14,10.0,0.15,77.5,0.16,160.5,0.17,164.61,0.87,19.85,0.85,282.5,0.84,185.5,0.83,164.61,0.82,70.68,0.88,5.09,0.89,81.79,0.9,65.5,0.91,137.99,0.92,226.9,0.01,0.01,2373.49418,1776165786000
1776165788.55,188.55,0.12,0.09,0.11,45.5,0.1,76.0,0.09,6.0,0.08,326.8,0.13,24.65,0.14,35.5,0.15,55.5,0.16,113.5,0.17,164.61,0.87,54.35,0.86,15.0,0.85,50.5,0.84,113.5,0.83,164.61,0.88,0.09,0.89,92.29,0.9,76.0,0.91,11.0,0.92,326.8,0.01,0.01,2373.493745,1776165787000
1776165788.956,188.956,0.1,9.02,0.09,11.22,0.08,326.8,0.07,195.3,0.06,208.8,0.11,25.0,0.12,15.0,0.13,40.15,0.14,45.5,0.15,55.5,0.87,34.65,0.86,35.5,0.85,55.5,0.84,113.5,0.83,164.61,0.91,114.58,0.92,226.9,0.93,75.3,0.94,208.8,0.95,210.8,0.01,0.04,2373.493745,1776165787000
1776165789.27,189.27,0.08,378.33,0.07,225.3,0.06,233.8,0.05,235.8,0.04,248.8,0.09,83.07,0.1,15.0,0.11,25.0,0.12,35.5,0.13,35.15,0.91,68.07,0.9,15.0,0.89,30.0,0.88,10.0,0.87,40.15,0.92,326.8,0.93,200.3,0.94,208.8,0.95,235.8,0.96,223.8,0.01,0.01,2373.493745,1776165787000
1776165789.588,189.588,0.08,363.33,0.07,225.3,0.06,233.8,0.05,235.8,0.04,222.8,0.09,85.06,0.1,25.0,0.11,25.0,0.12,35.5,0.13,35.15,0.91,83.07,0.9,15.0,0.89,25.0,0.88,35.5,0.87,35.15,0.92,378.33,0.93,225.3,0.94,233.8,0.95,235.8,0.96,248.8,0.01,0.01,2373.5,1776165788000
1776165790.283,190.283,0.08,363.33,0.07,225.3,0.06,233.8,0.05,235.8,0.04,222.8,0.09,85.06,0.1,25.0,0.11,25.0,0.12,35.5,0.13,35.15,0.91,85.06,0.9,25.0,0.89,25.0,0.88,35.5,0.87,35.15,0.92,363.33,0.93,225.3,0.94,233.8,0.95,235.8,0.96,222.8,0.01,0.01,2373.211125,1776165789000
1776165790.527,190.527,0.08,67.62,0.07,205.29,0.06,328.8,0.05,256.8,0.04,243.8,0.09,116.94,0.1,35.0,0.11,35.5,0.12,30.5,0.13,70.15,0.91,85.06,0.9,25.0,0.89,25.0,0.88,35.5,0.87,35.15,0.92,363.33,0.93,225.3,0.94,233.8,0.95,235.8,0.96,222.8,0.01,0.01,2373.211125,1776165789000
1776165791.472,191.472,0.08,67.62,0.07,205.29,0.06,328.8,0.05,256.8,0.04,243.8,0.09,116.94,0.1,35.0,0.11,35.5,0.12,30.5,0.13,70.15,0.91,116.94,0.9,35.0,0.89,35.5,0.88,30.5,0.87,70.15,0.92,67.62,0.93,205.29,0.94,328.8,0.95,256.8,0.96,243.8,0.01,0.01,2373.22679,1776165790000
1776165791.938,191.938,0.08,67.62,0.07,205.29,0.06,328.8,0.05,256.8,0.04,243.8,0.09,116.94,0.1,35.0,0.11,35.5,0.12,30.5,0.13,70.15,0.91,116.94,0.9,35.0,0.89,35.5,0.88,30.5,0.87,70.15,0.92,67.62,0.93,205.29,0.94,328.8,0.95,256.8,0.96,243.8,0.01,0.01,2373.094465,1776165791000
1776165792.941,192.941,0.08,67.62,0.07,205.29,0.06,328.8,0.05,256.8,0.04,243.8,0.09,116.94,0.1,35.0,0.11,35.5,0.12,30.5,0.13,70.15,0.91,116.94,0.9,35.0,0.89,35.5,0.88,30.5,0.87,70.15,0.92,67.62,0.93,205.29,0.94,328.8,0.95,256.8,0.96,243.8,0.01,0.01,2373.085604,1776165792000
1776165793.207,193.207,0.08,72.62,0.07,240.29,0.06,320.8,0.05,261.29,0.04,197.8,0.09,24.82,0.1,30.0,0.11,40.5,0.12,35.5,0.13,92.04,0.91,116.94,0.9,35.0,0.89,35.5,0.88,30.5,0.87,70.15,0.92,67.62,0.93,205.29,0.94,328.8,0.95,256.8,0.96,243.8,0.01,0.01,2373.085604,1776165792000
1776165793.891,193.891,0.08,72.62,0.07,240.29,0.06,320.8,0.05,261.29,0.04,197.8,0.09,24.82,0.1,30.0,0.11,40.5,0.12,35.5,0.13,92.04,0.91,24.82,0.9,30.0,0.89,40.5,0.88,35.5,0.87,92.04,0.92,72.62,0.93,240.29,0.94,320.8,0.95,261.29,0.96,197.8,0.01,0.01,2373.087871,1776165793000
1776165795.549,195.549,0.08,72.62,0.07,240.29,0.06,320.8,0.05,261.29,0.04,197.8,0.09,24.82,0.1,30.0,0.11,40.5,0.12,35.5,0.13,92.04,0.91,24.82,0.9,30.0,0.89,40.5,0.88,35.5,0.87,92.04,0.92,72.62,0.93,240.29,0.94,320.8,0.95,261.29,0.96,197.8,0.01,0.01,2373.08763,1776165794000
1776165796.265,196.265,0.08,72.62,0.07,240.29,0.06,320.8,0.05,261.29,0.04,197.8,0.09,24.82,0.1,30.0,0.11,40.5,0.12,35.5,0.13,92.04,0.91,24.82,0.9,30.0,0.89,40.5,0.88,35.5,0.87,92.04,0.92,72.62,0.93,240.29,0.94,320.8,0.95,261.29,0.96,197.8,0.01,0.01,2373.12533,1776165795000
1776165797.414,197.414,0.08,72.62,0.07,240.29,0.06,320.8,0.05,261.29,0.04,197.8,0.09,24.82,0.1,30.0,0.11,40.5,0.12,35.5,0.13,92.04,0.91,24.82,0.9,30.0,0.89,40.5,0.88,35.5,0.87,92.04,0.92,72.62,0.93,240.29,0.94,320.8,0.95,261.29,0.96,197.8,0.01,0.01,2373.084455,1776165796000
1776165798.213,198.213,0.08,72.62,0.07,240.29,0.06,320.8,0.05,261.29,0.04,197.8,0.09,24.82,0.1,30.0,0.11,40.5,0.12,35.5,0.13,92.04,0.91,24.82,0.9,30.0,0.89,40.5,0.88,35.5,0.87,92.04,0.92,72.62,0.93,240.29,0.94,320.8,0.95,261.29,0.96,197.8,0.01,0.01,2373.084305,1776165797000
1776165798.78,198.78,0.08,42.62,0.07,226.99,0.06,325.8,0.05,320.67,0.04,207.8,0.09,13.88,0.1,25.0,0.11,93.5,0.12,84.6,0.13,97.04,0.91,24.82,0.9,30.0,0.89,40.5,0.88,35.5,0.87,92.04,0.92,72.62,0.93,240.29,0.94,320.8,0.95,261.29,0.96,197.8,0.01,0.01,2373.084305,1776165797000
1776165799.406,199.406,0.08,42.62,0.07,226.99,0.06,325.8,0.05,320.67,0.04,207.8,0.09,13.88,0.1,25.0,0.11,93.5,0.12,84.6,0.13,97.04,0.91,13.88,0.9,25.0,0.89,93.5,0.88,84.6,0.87,97.04,0.92,42.62,0.93,226.99,0.94,325.8,0.95,320.67,0.96,207.8,0.01,0.01,2373.13007,1776165798000
1776165799.788,199.788,0.12,417.49,0.11,233.59,0.1,94.5,0.09,51.0,0.08,118.62,0.14,5.09,0.16,10.0,0.17,10.0,0.18,55.0,0.19,40.0,0.91,13.88,0.9,25.0,0.89,93.5,0.88,84.6,0.87,97.04,0.92,42.62,0.93,226.99,0.94,325.8,0.95,320.67,0.96,207.8,0.02,0.01,2373.13007,1776165798000
1776165800.086,200.086,0.12,417.49,0.11,233.59,0.1,94.5,0.09,51.0,0.08,118.62,0.14,5.09,0.16,10.0,0.17,10.0,0.18,55.0,0.19,40.0,0.86,5.09,0.84,10.0,0.83,10.0,0.82,55.0,0.81,40.0,0.88,417.49,0.89,233.59,0.9,94.5,0.91,51.0,0.92,118.62,0.02,0.02,2373.087567,1776165799000
1776165800.335,200.335,0.13,201.44,0.12,231.49,0.11,162.5,0.1,74.0,0.09,46.0,0.14,5.09,0.16,10.0,0.18,35.0,0.19,20.0,0.2,35.0,0.86,5.09,0.84,10.0,0.83,10.0,0.82,55.0,0.81,40.0,0.88,417.49,0.89,233.59,0.9,94.5,0.91,51.0,0.92,118.62,0.01,0.02,2373.087567,1776165799000
1776165801.252,201.252,0.18,80.56,0.17,40.5,0.16,185.64,0.15,152.5,0.14,45.91,0.19,73.0,0.2,35.0,0.21,65.5,0.22,35.0,0.23,120.0,0.82,25.0,0.81,20.0,0.8,45.0,0.79,60.0,0.78,35.0,0.86,15.91,0.87,305.49,0.88,126.59,0.89,152.5,0.9,74.0,0.01,0.04,2373.087567,1776165799000
1776165802.051,202.051,0.18,80.56,0.17,40.5,0.16,185.64,0.15,152.5,0.14,45.91,0.19,73.0,0.2,35.0,0.21,65.5,0.22,35.0,0.23,120.0,0.81,73.0,0.8,35.0,0.79,65.5,0.78,35.0,0.77,120.0,0.82,80.56,0.83,40.5,0.84,185.64,0.85,152.5,0.86,45.91,0.01,0.01,2373.464683,1776165801000
1776165802.617,202.617,0.18,37.25,0.17,50.5,0.16,109.65,0.15,317.4,0.14,135.91,0.19,53.0,0.2,40.0,0.21,75.5,0.22,35.0,0.23,130.0,0.81,63.0,0.8,35.0,0.79,70.5,0.78,35.0,0.77,140.0,0.82,37.25,0.83,50.5,0.84,109.65,0.85,317.4,0.86,145.91,0.01,0.01,2373.464683,1776165801000
1776165803.141,203.141,0.18,47.25,0.17,50.5,0.16,167.65,0.15,259.4,0.14,175.81,0.19,43.52,0.2,30.0,0.21,70.5,0.22,35.0,0.23,130.0,0.81,53.0,0.8,40.0,0.79,75.5,0.78,35.0,0.77,130.0,0.82,37.25,0.83,50.5,0.84,109.65,0.85,317.4,0.86,135.91,0.01,0.01,2373.464683,1776165801000
1776165803.358,203.358,0.18,47.25,0.17,50.5,0.16,167.65,0.15,259.4,0.14,175.81,0.19,43.52,0.2,30.0,0.21,70.5,0.22,35.0,0.23,130.0,0.81,43.52,0.8,30.0,0.79,70.5,0.78,35.0,0.77,130.0,0.82,47.25,0.83,50.5,0.84,167.65,0.85,259.4,0.86,175.81,0.01,0.01,2373.633322,1776165802000
1776165804.192,204.192,0.19,28.53,0.18,22.25,0.17,40.0,0.16,104.65,0.15,201.7,0.2,93.5,0.21,75.5,0.22,35.0,0.23,135.0,0.24,91.0,0.81,43.52,0.8,30.0,0.79,70.5,0.78,35.0,0.77,130.0,0.82,47.25,0.83,50.5,0.84,167.65,0.85,259.4,0.86,175.81,0.01,0.01,2373.633322,1776165802000
1776165804.608,204.608,0.19,28.53,0.18,22.25,0.17,40.0,0.16,104.65,0.15,201.7,0.2,93.5,0.21,75.5,0.22,35.0,0.23,135.0,0.24,91.0,0.8,93.5,0.79,75.5,0.78,35.0,0.77,135.0,0.76,91.0,0.81,28.53,0.82,22.25,0.83,40.0,0.84,104.65,0.85,201.7,0.01,0.01,2373.69347,1776165803000
1776165805.805,205.805,0.19,8.4,0.17,25.0,0.16,85.0,0.15,153.0,0.14,55.0,0.2,279.5,0.21,120.82,0.22,40.0,0.23,130.0,0.24,100.7,0.8,93.5,0.79,75.5,0.78,35.0,0.77,135.0,0.76,91.0,0.81,28.53,0.82,22.25,0.83,40.0,0.84,104.65,0.85,201.7,0.01,0.01,2373.69347,1776165803000
1776165806.143,206.143,0.17,23.25,0.16,85.0,0.15,153.0,0.14,65.0,0.13,239.7,0.18,113.69,0.19,143.5,0.2,68.5,0.21,125.82,0.22,40.0,0.82,20.69,0.81,85.5,0.8,136.5,0.79,115.82,0.78,40.0,0.83,23.25,0.84,85.0,0.85,163.0,0.86,65.0,0.87,239.7,0.01,0.01,2373.69347,1776165803000
1776165807.151,207.151,0.13,10.0,0.12,35.0,0.11,105.0,0.1,50.0,0.09,212.99,0.15,16.0,0.16,379.5,0.17,178.5,0.18,108.69,0.19,130.5,0.82,113.69,0.81,143.5,0.8,68.5,0.79,125.82,0.78,40.0,0.83,23.25,0.84,85.0,0.85,153.0,0.86,65.0,0.87,239.7,0.02,0.01,2373.69347,1776165803000
1776165808.277,208.277,0.12,136.72,0.11,190.0,0.1,130.5,0.09,237.99,0.08,231.89,0.13,52.0,0.14,55.5,0.15,46.0,0.16,66.5,0.17,113.5,0.85,16.0,0.84,379.5,0.83,178.5,0.82,108.69,0.81,130.5,0.87,10.0,0.88,35.0,0.89,105.0,0.9,50.0,0.91,212.99,0.01,0.02,2373.69347,1776165803000
1776165808.531,208.531,0.12,22.16,0.11,190.0,0.1,120.0,0.09,198.9,0.08,244.89,0.13,91.44,0.14,55.5,0.15,104.0,0.16,66.5,0.17,103.5,0.87,52.0,0.86,55.5,0.85,46.0,0.84,66.5,0.83,113.5,0.88,136.72,0.89,190.0,0.9,130.5,0.91,237.99,0.92,231.89,0.01,0.01,2373.69347,1776165803000
1776165809.764,209.764,0.12,7.27,0.11,185.0,0.1,178.0,0.09,50.0,0.08,326.79,0.13,111.44,0.14,128.5,0.15,25.0,0.16,45.5,0.17,149.0,0.87,91.44,0.86,55.5,0.85,104.0,0.84,66.5,0.83,103.5,0.88,22.16,0.89,190.0,0.9,120.0,0.91,198.9,0.92,244.89,0.01,0.01,2373.69347,1776165803000
1776165810.155,210.155,0.11,185.0,0.1,178.0,0.09,162.99,0.08,221.89,0.07,101.3,0.12,22.31,0.13,111.44,0.14,128.5,0.15,25.0,0.16,72.3,0.87,111.44,0.86,128.5,0.85,25.0,0.84,45.5,0.83,149.0,0.88,7.27,0.89,185.0,0.9,178.0,0.91,50.0,0.92,326.79,0.01,0.01,2373.69347,1776165803000
1776165811.903,211.903,0.11,203.18,0.1,188.5,0.09,50.0,0.08,334.79,0.07,199.3,0.12,43.82,0.13,59.9,0.14,118.5,0.15,53.2,0.16,72.3,0.88,22.31,0.87,111.44,0.86,128.5,0.85,25.0,0.84,72.3,0.89,185.0,0.9,178.0,0.91,162.99,0.92,221.89,0.93,101.3,0.01,0.01,2373.69347,1776165803000
1776165812.456,212.456,0.11,203.18,0.1,188.5,0.09,50.0,0.08,334.79,0.07,199.3,0.12,43.82,0.13,59.9,0.14,118.5,0.15,53.2,0.16,72.3,0.88,43.82,0.87,59.9,0.86,118.5,0.85,53.2,0.84,72.3,0.89,203.18,0.9,188.5,0.91,50.0,0.92,334.79,0.93,199.3,0.01,0.01,2373.3631,1776165810000
1776165813.294,213.294,0.11,203.18,0.1,188.5,0.09,50.0,0.08,334.79,0.07,199.3,0.12,43.82,0.13,59.9,0.14,118.5,0.15,53.2,0.16,72.3,0.88,43.82,0.87,59.9,0.86,118.5,0.85,53.2,0.84,72.3,0.89,203.18,0.9,188.5,0.91,50.0,0.92,334.79,0.93,199.3,0.01,0.01,2373.342465,1776165812000
1776165813.549,213.549,0.11,108.18,0.1,115.0,0.09,108.0,0.08,301.89,0.07,204.3,0.13,68.55,0.14,65.5,0.15,109.2,0.16,98.3,0.17,124.0,0.88,43.82,0.87,59.9,0.86,118.5,0.85,53.2,0.84,72.3,0.89,203.18,0.9,188.5,0.91,50.0,0.92,334.79,0.93,199.3,0.02,0.01,2373.342465,1776165812000
1776165814.24,214.24,0.11,74.47,0.1,115.0,0.09,108.0,0.08,301.89,0.07,204.3,0.13,68.55,0.14,65.5,0.15,109.2,0.16,98.3,0.17,124.0,0.87,68.55,0.86,65.5,0.85,109.2,0.84,98.3,0.83,124.0,0.89,74.47,0.9,115.0,0.91,108.0,0.92,301.89,0.93,204.3,0.02,0.02,2373.359245,1776165813000
1776165815.08,215.08,0.09,31.31,0.08,128.0,0.07,20.0,0.06,306.99,0.05,474.67,0.11,217.5,0.12,214.9,0.13,125.35,0.14,85.4,0.15,84.2,0.87,68.55,0.86,65.5,0.85,109.2,0.84,98.3,0.83,124.0,0.89,74.47,0.9,115.0,0.91,108.0,0.92,301.89,0.93,204.3,0.02,0.02,2373.359245,1776165813000
1776165815.595,215.595,0.09,38.13,0.08,128.0,0.07,20.0,0.06,289.99,0.05,474.67,0.1,203.11,0.11,72.5,0.12,159.6,0.13,125.35,0.14,85.4,0.89,217.5,0.88,214.9,0.87,125.35,0.86,85.4,0.85,84.2,0.91,31.31,0.92,128.0,0.93,20.0,0.94,306.99,0.95,474.67,0.01,0.02,2373.316065,1776165814000
