timestamp,elapsed_sec,up_bid_p1,up_bid_s1,up_bid_p2,up_bid_s2,up_ask_p1,up_ask_s1,up_ask_p2,up_ask_s2,down_bid_p1,down_bid_s1,down_bid_p2,down_bid_s2,down_ask_p1,down_ask_s1,down_ask_p2,down_ask_s2,up_spread,down_spread,eth_price,eth_oracle_ts
1776404101.144,1.144,0.5,9.5,0.45,8.88,0.6,5.0,0.61,6.0,0.45,5.0,0.44,5.0,0.48,196.32,0.49,5.0,0.1,0.03,2323.4056,1776404099000
1776404101.817,1.817,0.45,8.88,0.43,9.0,0.47,92.0,0.48,5.0,0.4,5.0,0.39,6.0,0.55,8.88,0.6,10.0,0.02,0.15,2323.40551,1776404100000
1776404103.437,3.437,0.45,8.88,0.44,8.0,0.46,5.0,0.47,85.0,0.53,92.0,0.52,5.0,0.55,8.88,0.57,9.0,0.01,0.02,2323.28,1776404102000
1776404104.692,4.692,0.45,13.88,0.44,13.0,0.47,84.14,0.48,15.0,0.54,5.0,0.53,85.0,0.55,8.88,0.56,8.0,0.02,0.01,2323.110117,1776404103000
1776404105.891,5.891,0.45,8.88,0.44,13.0,0.46,10.0,0.47,84.14,0.53,84.14,0.52,15.0,0.55,13.88,0.56,13.0,0.01,0.02,2323.096235,1776404104000
1776404106.37,6.37,0.44,15.96,0.43,14.0,0.46,15.0,0.47,84.14,0.54,15.0,0.53,84.14,0.55,0.11,0.56,13.0,0.02,0.01,2323.096235,1776404104000
1776404107.728,7.728,0.43,9.0,0.42,13.0,0.44,11.14,0.45,15.0,0.54,15.0,0.53,84.14,0.56,15.96,0.57,14.0,0.01,0.02,2323.09616,1776404106000
1776404108.107,8.107,0.43,9.0,0.42,18.0,0.44,9.89,0.45,15.0,0.56,11.14,0.55,15.0,0.57,9.0,0.58,13.0,0.01,0.01,2323.09616,1776404106000
1776404109.959,9.959,0.43,12.24,0.42,23.0,0.44,14.89,0.45,15.0,0.56,9.89,0.55,15.0,0.57,9.0,0.58,18.0,0.01,0.01,2323.120404,1776404108000
1776404112.22,12.22,0.48,49.0,0.47,28.0,0.49,77.91,0.5,155.0,0.56,14.89,0.55,15.0,0.57,12.24,0.58,23.0,0.01,0.01,2323.056022,1776404111000
1776404112.426,12.426,0.48,26.07,0.47,28.0,0.49,82.91,0.5,155.0,0.51,77.91,0.5,155.0,0.52,49.0,0.53,28.0,0.01,0.01,2323.056022,1776404111000
1776404117.743,17.743,0.48,0.04,0.47,23.0,0.49,87.91,0.5,162.0,0.51,82.91,0.5,155.0,0.52,26.07,0.53,28.0,0.01,0.01,2323.240355,1776404116000
1776404118.156,18.156,0.46,41.88,0.45,13.0,0.49,122.11,0.5,165.0,0.51,87.91,0.5,162.0,0.52,0.04,0.53,23.0,0.03,0.01,2323.240355,1776404116000
1776404118.633,18.633,0.45,93.0,0.44,38.0,0.47,10.0,0.49,77.91,0.54,15.0,0.53,30.0,0.55,6.98,0.56,38.0,0.02,0.01,2323.240302,1776404117000
1776404119.156,19.156,0.46,57.42,0.45,27.0,0.47,7.87,0.48,10.0,0.53,5.0,0.52,10.0,0.54,45.62,0.55,74.0,0.01,0.01,2323.240302,1776404117000
1776404124.502,24.502,0.46,132.05,0.45,124.0,0.47,0.05,0.5,70.0,0.53,7.87,0.52,10.0,0.54,57.42,0.55,27.0,0.01,0.01,2323.258808,1776404123000
1776404124.782,24.782,0.46,149.05,0.45,117.0,0.5,70.0,0.51,10.19,0.53,0.05,0.5,70.0,0.54,132.05,0.55,124.0,0.04,0.01,2323.258808,1776404123000
1776404125.035,25.035,0.49,95.0,0.48,33.0,0.5,68.0,0.51,10.19,0.5,70.0,0.49,10.19,0.54,149.05,0.55,117.0,0.01,0.04,2323.258808,1776404123000
1776404125.693,25.693,0.5,48.0,0.49,130.0,0.59,7.0,0.6,5.0,0.5,68.0,0.49,10.19,0.51,95.0,0.52,33.0,0.09,0.01,2323.258808,1776404124000
1776404126.839,26.839,0.6,41.0,0.59,35.0,0.61,70.0,0.62,13.0,0.39,123.27,0.38,15.0,0.48,6.0,0.49,70.0,0.01,0.09,2323.241648,1776404125000
1776404127.052,27.052,0.6,20.0,0.59,20.0,0.61,67.0,0.62,13.0,0.39,70.0,0.38,13.0,0.4,20.0,0.41,35.0,0.01,0.01,2323.241648,1776404125000
1776404127.888,27.888,0.58,5.0,0.57,15.0,0.59,46.0,0.6,44.99,0.39,67.0,0.38,13.0,0.4,20.0,0.41,20.0,0.01,0.01,2323.37404,1776404126000
1776404129.737,29.737,0.58,15.0,0.57,15.0,0.59,25.99,0.61,146.0,0.41,46.0,0.4,44.99,0.42,5.0,0.43,15.0,0.01,0.01,2323.979651,1776404128000
1776404135.688,35.688,0.58,16.36,0.5,5.0,0.59,208.97,0.6,69.19,0.41,25.99,0.39,146.0,0.42,15.0,0.43,15.0,0.01,0.01,2323.721545,1776404134000
1776404136.199,36.199,0.46,39.05,0.45,37.0,0.48,20.0,0.49,15.0,0.49,5.0,0.48,5.0,0.52,1.65,0.53,27.0,0.02,0.03,2323.721495,1776404135000
1776404136.439,36.439,0.47,5.0,0.46,32.05,0.48,13.64,0.49,20.0,0.52,20.0,0.51,15.0,0.54,39.05,0.55,37.0,0.01,0.02,2323.721495,1776404135000
1776404136.798,36.798,0.46,22.05,0.45,37.0,0.47,41.46,0.48,13.64,0.52,13.64,0.51,20.0,0.53,5.0,0.54,32.05,0.01,0.01,2323.721495,1776404135000
1776404137.125,37.125,0.46,22.05,0.45,37.0,0.47,47.46,0.48,18.64,0.53,41.46,0.52,13.64,0.54,22.05,0.55,37.0,0.01,0.01,2323.721495,1776404135000
1776404144.366,44.366,0.46,29.05,0.45,37.0,0.47,82.33,0.48,13.64,0.53,47.46,0.52,18.64,0.54,22.05,0.55,37.0,0.01,0.01,2323.296785,1776404142000
1776404145.314,45.314,0.46,26.56,0.45,37.0,0.47,72.33,0.49,80.0,0.53,82.33,0.52,8.64,0.54,19.34,0.55,37.0,0.01,0.01,2323.29249,1776404144000
1776404149.01,49.01,0.53,220.0,0.52,133.0,0.54,48.52,0.59,6.0,0.53,72.33,0.51,80.0,0.54,26.56,0.55,37.0,0.01,0.01,2323.30861,1776404147000
1776404149.606,49.606,0.58,93.0,0.57,15.0,0.59,3.9,0.6,85.0,0.41,5.9,0.4,121.8,0.47,236.0,0.48,148.0,0.01,0.06,2323.419334,1776404148000
1776404149.897,49.897,0.58,1.0,0.56,5.0,0.59,168.88,0.6,36.19,0.41,3.9,0.4,85.0,0.42,93.0,0.43,15.0,0.01,0.01,2323.419334,1776404148000
1776404150.136,50.136,0.55,6.0,0.54,15.0,0.57,97.99,0.58,56.99,0.41,168.88,0.4,36.19,0.42,1.0,0.44,5.0,0.02,0.01,2323.419334,1776404148000
1776404150.377,50.377,0.55,72.77,0.54,15.0,0.56,87.99,0.57,50.0,0.43,97.99,0.42,56.99,0.45,6.0,0.46,15.0,0.01,0.02,2323.45424,1776404149000
1776404154.036,54.036,0.49,6.7,0.48,5.0,0.5,57.99,0.51,20.0,0.44,77.99,0.43,50.0,0.45,72.77,0.46,15.0,0.01,0.01,2323.59588,1776404152000
1776404155.601,55.601,0.46,21.0,0.45,37.0,0.47,97.04,0.48,15.0,0.51,34.99,0.5,60.0,0.52,4.9,0.53,30.0,0.01,0.01,2323.66375,1776404154000
1776404156.861,56.861,0.46,12.0,0.45,37.0,0.47,87.04,0.48,15.0,0.53,97.04,0.52,15.0,0.54,21.0,0.55,37.0,0.01,0.01,2323.452915,1776404155000
1776404157.185,57.185,0.46,12.0,0.45,37.0,0.47,83.04,0.48,15.0,0.53,87.04,0.52,15.0,0.54,12.0,0.55,37.0,0.01,0.01,2323.452915,1776404155000
1776404158.055,58.055,0.43,11.92,0.42,18.0,0.44,99.22,0.45,56.0,0.53,83.04,0.52,15.0,0.54,12.0,0.55,37.0,0.01,0.01,2323.39,1776404156000
1776404161.953,61.953,0.35,24.0,0.34,8.0,0.36,101.22,0.37,85.99,0.56,106.22,0.55,45.0,0.58,6.08,0.59,15.0,0.01,0.02,2323.201135,1776404160000
1776404162.855,62.855,0.34,9.8,0.33,25.0,0.35,101.22,0.36,60.0,0.64,101.22,0.63,85.99,0.66,6.8,0.68,5.0,0.01,0.02,2323.18739,1776404161000
1776404163.966,63.966,0.33,34.0,0.32,67.68,0.34,48.34,0.35,55.0,0.65,101.22,0.64,60.0,0.66,9.8,0.67,25.0,0.01,0.01,2323.107645,1776404163000
1776404165.201,65.201,0.33,9.0,0.32,52.68,0.34,97.38,0.35,55.0,0.66,48.34,0.65,55.0,0.67,34.0,0.68,67.68,0.01,0.01,2322.799455,1776404164000
1776404165.588,65.588,0.33,3.0,0.32,52.68,0.34,97.38,0.35,55.0,0.66,97.38,0.65,55.0,0.67,9.0,0.68,52.68,0.01,0.01,2322.799455,1776404164000
1776404167.181,67.181,0.32,16.0,0.31,141.0,0.34,87.38,0.35,55.0,0.66,97.38,0.65,55.0,0.67,3.0,0.68,52.68,0.02,0.01,2322.7629,1776404166000
1776404168.876,68.876,0.32,68.61,0.31,156.0,0.33,86.18,0.34,41.16,0.66,87.38,0.65,55.0,0.68,16.0,0.69,141.0,0.01,0.02,2322.76045,1776404167000
1776404169.263,69.263,0.32,68.61,0.31,156.0,0.33,68.15,0.34,41.16,0.67,86.18,0.66,41.16,0.68,68.61,0.69,156.0,0.01,0.01,2322.70891,1776404168000
1776404171.015,71.015,0.32,82.0,0.31,156.0,0.33,19.07,0.34,10.0,0.67,68.15,0.66,41.16,0.68,68.61,0.69,156.0,0.01,0.01,2322.715265,1776404169000
1776404171.422,71.422,0.32,266.0,0.31,90.0,0.33,3.07,0.4,5.0,0.67,19.07,0.66,10.0,0.68,82.0,0.69,156.0,0.01,0.01,2322.727372,1776404170000
1776404171.841,71.841,0.4,100.0,0.39,85.0,0.44,55.0,0.45,20.0,0.6,5.0,0.59,5.0,0.68,303.0,0.69,95.0,0.04,0.08,2322.727372,1776404170000
1776404172.296,72.296,0.43,74.98,0.42,21.0,0.44,55.0,0.45,25.0,0.56,55.0,0.55,20.0,0.6,100.0,0.61,85.0,0.01,0.04,2322.71988,1776404171000
1776404174.831,74.831,0.45,87.0,0.44,42.0,0.49,75.0,0.5,85.0,0.56,55.0,0.55,25.0,0.57,74.98,0.58,21.0,0.04,0.01,2323.067321,1776404173000
1776404175.403,75.403,0.47,43.41,0.46,21.0,0.48,34.91,0.49,75.0,0.52,37.0,0.51,75.0,0.53,38.41,0.54,21.0,0.01,0.01,2323.120328,1776404174000
1776404176.952,76.952,0.48,62.0,0.47,32.41,0.49,77.0,0.5,75.0,0.52,34.91,0.51,75.0,0.53,43.41,0.54,21.0,0.01,0.01,2323.115428,1776404175000
1776404178.495,78.495,0.48,92.0,0.47,32.41,0.49,65.0,0.5,75.0,0.51,77.0,0.5,75.0,0.52,62.0,0.53,32.41,0.01,0.01,2323.203647,1776404177000
1776404179.823,79.823,0.49,150.0,0.48,33.0,0.51,10.0,0.52,5.0,0.51,65.0,0.5,75.0,0.52,92.0,0.53,32.41,0.02,0.01,2323.330204,1776404178000
1776404182.426,82.426,0.5,146.0,0.49,36.0,0.55,12.0,0.56,32.91,0.49,0.57,0.48,5.0,0.5,10.0,0.51,180.0,0.05,0.01,2323.466235,1776404181000
1776404183.383,83.383,0.54,116.0,0.53,10.0,0.55,2.41,0.56,32.91,0.45,12.0,0.44,32.91,0.5,146.0,0.51,36.0,0.01,0.05,2323.466235,1776404182000
1776404186.224,86.224,0.56,72.72,0.55,16.0,0.57,32.91,0.58,12.0,0.45,2.41,0.44,32.91,0.46,116.0,0.47,10.0,0.01,0.01,2323.580025,1776404185000
1776404187.859,87.859,0.57,129.0,0.56,62.72,0.6,32.91,0.61,108.0,0.43,32.91,0.42,12.0,0.44,72.72,0.45,16.0,0.03,0.01,2323.658031,1776404186000
1776404188.359,88.359,0.59,27.0,0.58,16.0,0.6,18.33,0.61,135.91,0.4,32.91,0.39,108.0,0.43,129.0,0.44,62.72,0.01,0.03,2323.658031,1776404186000
1776404188.928,88.928,0.59,48.09,0.58,16.0,0.6,40.32,0.61,98.0,0.4,18.33,0.39,135.91,0.41,27.0,0.42,16.0,0.01,0.01,2323.676741,1776404187000
1776404189.85,89.85,0.59,69.0,0.58,21.0,0.61,81.75,0.62,163.99,0.4,10.32,0.39,98.0,0.41,29.0,0.42,16.0,0.02,0.01,2323.595603,1776404188000
1776404190.982,90.982,0.6,106.0,0.59,46.0,0.61,70.04,0.62,163.99,0.39,81.75,0.38,163.99,0.41,69.0,0.42,21.0,0.01,0.02,2323.774531,1776404189000
1776404193.61,93.61,0.6,86.0,0.59,21.0,0.61,66.04,0.62,153.99,0.39,70.04,0.38,163.99,0.4,106.0,0.41,46.0,0.01,0.01,2323.709773,1776404192000
1776404198.033,98.033,0.6,106.0,0.59,21.0,0.61,53.04,0.62,83.0,0.39,66.04,0.38,153.99,0.4,86.0,0.41,21.0,0.01,0.01,2323.807427,1776404196000
1776404198.781,98.781,0.59,15.0,0.58,15.0,0.61,73.04,0.62,93.0,0.39,53.04,0.38,83.0,0.4,106.0,0.41,21.0,0.02,0.01,2323.956,1776404197000
1776404199.278,99.278,0.59,75.36,0.58,15.0,0.6,25.0,0.61,68.04,0.39,68.04,0.38,93.0,0.41,33.0,0.42,15.0,0.01,0.02,2323.956,1776404197000
1776404201.309,101.309,0.59,18.36,0.58,15.0,0.6,23.33,0.61,58.04,0.4,25.0,0.39,68.04,0.41,75.36,0.42,15.0,0.01,0.01,2323.913163,1776404200000
1776404202.282,102.282,0.59,55.36,0.58,15.0,0.61,53.04,0.62,70.0,0.4,23.33,0.39,58.04,0.41,18.36,0.42,15.0,0.02,0.01,2323.742481,1776404201000
1776404205.252,105.252,0.6,138.12,0.59,43.36,0.61,53.04,0.62,75.0,0.39,53.04,0.38,70.0,0.41,55.36,0.42,15.0,0.01,0.02,2323.763079,1776404204000
1776404210.893,110.893,0.6,150.12,0.59,43.36,0.61,43.04,0.62,70.0,0.39,53.04,0.38,75.0,0.4,138.12,0.41,43.36,0.01,0.01,2323.786906,1776404209000
1776404214.368,114.368,0.63,83.05,0.62,20.0,0.64,8.0,0.65,5.0,0.39,43.04,0.38,70.0,0.4,150.12,0.41,43.36,0.01,0.01,2323.854592,1776404212000
1776404215.993,115.993,0.62,5.0,0.61,15.0,0.63,4.04,0.64,110.0,0.36,8.0,0.35,5.0,0.37,83.05,0.38,20.0,0.01,0.01,2324.00359,1776404214000
1776404216.811,116.811,0.62,33.0,0.61,20.0,0.63,3.41,0.64,0.53,0.37,15.0,0.36,35.53,0.38,18.0,0.39,20.0,0.01,0.01,2323.89716,1776404215000
1776404220.952,120.952,0.56,5.0,0.55,9.09,0.57,138.09,0.58,58.0,0.37,3.41,0.36,0.53,0.38,33.0,0.39,20.0,0.01,0.01,2323.855379,1776404218000
1776404221.174,121.174,0.38,21.03,0.37,99.4,0.39,21.0,0.4,10.0,0.43,395.99,0.42,42.0,0.54,30.0,0.59,15.0,0.01,0.11,2323.98635,1776404219000
1776404221.399,121.399,0.39,13.0,0.38,23.06,0.4,8.45,0.41,10.0,0.6,4.07,0.59,10.0,0.62,23.06,0.63,99.4,0.01,0.02,2323.98635,1776404219000
1776404221.729,121.729,0.38,21.06,0.37,109.4,0.4,18.45,0.41,10.0,0.6,8.45,0.59,10.0,0.61,13.0,0.62,23.06,0.02,0.01,2323.98635,1776404219000
1776404222.057,122.057,0.38,36.06,0.37,114.4,0.39,16.0,0.4,15.0,0.6,18.45,0.59,10.0,0.62,21.06,0.63,109.4,0.01,0.02,2323.889295,1776404220000
1776404222.283,122.283,0.38,46.06,0.37,114.4,0.4,15.0,0.41,10.0,0.61,16.0,0.6,15.0,0.62,36.06,0.63,114.4,0.02,0.01,2323.889295,1776404220000
1776404223.403,123.403,0.39,27.0,0.38,51.36,0.4,1.0,0.41,10.0,0.6,1.0,0.59,10.0,0.61,5.0,0.62,46.06,0.01,0.01,2323.909647,1776404221000
1776404223.691,123.691,0.39,27.0,0.38,51.36,0.41,4.17,0.42,20.0,0.6,1.0,0.59,10.0,0.61,27.0,0.62,51.36,0.02,0.01,2323.316034,1776404222000
1776404224.271,124.271,0.41,16.3,0.4,20.0,0.42,13.17,0.43,15.0,0.58,18.17,0.57,15.0,0.6,18.0,0.61,14.0,0.01,0.02,2323.22215,1776404223000
1776404224.773,124.773,0.41,10.3,0.4,20.0,0.42,13.17,0.43,15.0,0.58,13.17,0.57,15.0,0.59,16.3,0.6,20.0,0.01,0.01,2323.22215,1776404223000
1776404225.185,125.185,0.41,12.0,0.4,20.0,0.42,1.32,0.43,15.0,0.58,7.81,0.57,15.0,0.59,5.0,0.6,20.0,0.01,0.01,2323.22215,1776404223000
1776404225.888,125.888,0.41,32.0,0.4,20.0,0.43,6.32,0.44,20.0,0.58,1.32,0.57,15.0,0.59,12.0,0.6,20.0,0.02,0.01,2323.22215,1776404223000
1776404227.604,127.604,0.42,4.67,0.41,20.0,0.43,15.0,0.44,15.0,0.57,6.32,0.56,20.0,0.59,32.0,0.6,20.0,0.01,0.02,2323.11927,1776404226000
1776404227.918,127.918,0.38,5.0,0.37,5.0,0.42,113.99,0.43,46.0,0.57,15.0,0.56,15.0,0.58,4.67,0.59,20.0,0.04,0.01,2323.11927,1776404226000
1776404228.14,128.14,0.36,2.87,0.35,5.0,0.38,22.0,0.39,20.0,0.62,15.0,0.61,15.0,0.63,4.9,0.64,5.0,0.02,0.01,2323.11927,1776404226000
1776404229.587,129.587,0.36,197.0,0.35,55.46,0.37,1.0,0.39,5.0,0.63,10.0,0.62,15.0,0.65,8.46,0.66,14.61,0.01,0.02,2323.11,1776404227000
1776404230.963,130.963,0.39,208.99,0.38,67.0,0.42,6.0,0.43,25.0,0.61,5.0,0.6,75.0,0.64,197.0,0.65,55.46,0.03,0.03,2322.9971,1776404229000
1776404231.478,131.478,0.41,290.99,0.4,22.0,0.46,81.0,0.47,75.0,0.58,6.0,0.57,31.0,0.59,118.99,0.6,17.0,0.05,0.01,2323.0243,1776404230000
1776404232.719,132.719,0.45,68.67,0.44,22.0,0.46,67.82,0.47,70.0,0.54,70.0,0.53,81.0,0.55,61.68,0.56,41.99,0.01,0.01,2323.091652,1776404231000
1776404238.259,138.259,0.48,71.38,0.47,20.0,0.49,29.0,0.5,85.0,0.54,15.82,0.53,70.0,0.55,73.67,0.56,22.0,0.01,0.01,2323.332291,1776404236000
1776404238.593,138.593,0.48,57.28,0.47,20.0,0.49,34.0,0.5,85.0,0.51,29.0,0.5,85.0,0.52,71.38,0.53,20.0,0.01,0.01,2323.247165,1776404237000
1776404239.265,139.265,0.48,42.28,0.47,20.0,0.49,29.0,0.5,85.0,0.51,34.0,0.5,85.0,0.52,57.28,0.53,20.0,0.01,0.01,2323.247397,1776404238000
1776404239.817,139.817,0.52,46.28,0.51,10.0,0.56,82.0,0.57,5.0,0.51,29.0,0.5,85.0,0.52,42.28,0.53,20.0,0.04,0.01,2323.247397,1776404238000
1776404240.266,140.266,0.55,53.77,0.54,20.0,0.56,77.0,0.57,5.0,0.44,82.0,0.43,5.0,0.45,51.0,0.46,20.0,0.01,0.01,2323.325311,1776404239000
1776404240.773,140.773,0.55,64.0,0.54,20.0,0.56,77.0,0.58,104.02,0.44,77.0,0.43,5.0,0.45,53.77,0.46,20.0,0.01,0.01,2323.325311,1776404239000
1776404241.019,141.019,0.55,59.0,0.54,20.0,0.56,75.21,0.57,5.0,0.44,77.0,0.42,104.02,0.45,64.0,0.46,20.0,0.01,0.01,2323.325311,1776404239000
1776404243.105,143.105,0.59,150.0,0.58,25.0,0.62,78.0,0.63,70.0,0.44,75.21,0.43,5.0,0.45,59.0,0.46,20.0,0.03,0.01,2323.505185,1776404241000
1776404244.019,144.019,0.65,120.74,0.64,59.0,0.66,57.51,0.67,5.0,0.35,1.17,0.34,58.0,0.36,36.28,0.37,17.93,0.01,0.01,2323.49638,1776404242000
1776404250.412,150.412,0.65,77.88,0.64,21.0,0.66,61.51,0.67,88.99,0.34,57.51,0.33,5.0,0.35,120.74,0.36,59.0,0.01,0.01,2323.840334,1776404249000
1776404250.858,150.858,0.65,67.88,0.64,21.0,0.66,165.5,0.67,30.97,0.34,61.51,0.33,88.99,0.35,77.88,0.36,21.0,0.01,0.01,2323.840334,1776404249000
1776404251.17,151.17,0.61,24.16,0.6,15.0,0.62,15.0,0.63,33.51,0.35,115.99,0.34,116.51,0.39,6.16,0.4,15.0,0.01,0.04,2323.823965,1776404250000
1776404251.502,151.502,0.61,35.43,0.6,15.0,0.62,35.27,0.63,10.0,0.38,15.0,0.37,33.51,0.39,24.16,0.4,15.0,0.01,0.01,2323.823965,1776404250000
1776404252.052,152.052,0.61,53.43,0.6,15.0,0.62,24.14,0.63,114.61,0.38,35.27,0.37,10.0,0.39,35.43,0.4,15.0,0.01,0.01,2323.823965,1776404250000
1776404252.549,152.549,0.61,26.0,0.6,10.0,0.62,139.13,0.63,139.61,0.38,24.14,0.37,114.61,0.39,53.43,0.4,15.0,0.01,0.01,2323.832744,1776404251000
1776404252.99,152.99,0.58,43.0,0.57,15.0,0.59,11.27,0.6,5.0,0.38,139.13,0.37,139.61,0.42,10.0,0.43,10.0,0.01,0.04,2323.832744,1776404251000
1776404253.73,153.73,0.58,99.33,0.57,20.0,0.59,10.0,0.6,5.0,0.41,11.27,0.4,5.0,0.42,43.0,0.43,15.0,0.01,0.01,2323.806364,1776404252000
1776404257.322,157.322,0.58,5.0,0.54,5.0,0.59,62.27,0.6,99.99,0.41,10.0,0.4,5.0,0.42,99.33,0.43,20.0,0.01,0.01,2323.754291,1776404256000
1776404258.243,158.243,0.54,2.82,0.53,11.0,0.55,59.27,0.56,20.0,0.41,62.27,0.4,99.99,0.46,5.0,0.47,11.0,0.01,0.05,2323.717675,1776404257000
1776404258.912,158.912,0.42,6.0,0.41,50.0,0.49,118.27,0.5,27.97,0.45,59.27,0.44,20.0,0.46,2.82,0.47,11.0,0.07,0.01,2323.717675,1776404257000
1776404259.223,159.223,0.42,17.75,0.41,61.1,0.43,10.0,0.44,7.0,0.56,7.0,0.55,20.0,0.58,20.81,0.59,61.1,0.01,0.02,2323.832579,1776404258000
1776404259.587,159.587,0.42,5.0,0.41,61.1,0.45,14.17,0.46,15.0,0.57,10.0,0.56,7.0,0.58,14.3,0.59,61.1,0.03,0.01,2323.832579,1776404258000
1776404261.01,161.01,0.39,32.0,0.38,12.0,0.4,17.44,0.41,20.0,0.55,14.17,0.54,15.0,0.58,5.0,0.59,61.1,0.01,0.03,2323.655785,1776404259000
1776404265.544,165.544,0.39,243.0,0.38,48.0,0.4,1.27,0.44,5.0,0.6,17.44,0.59,20.0,0.61,32.0,0.62,12.0,0.01,0.01,2323.037318,1776404264000
1776404265.79,165.79,0.44,210.0,0.43,40.0,0.45,6.27,0.49,5.0,0.55,5.0,0.53,6.0,0.61,248.0,0.62,48.0,0.01,0.06,2323.037318,1776404264000
1776404266.125,166.125,0.56,86.0,0.55,15.0,0.59,9.1,0.6,5.0,0.43,6.0,0.4,18.0,0.52,5.0,0.55,22.22,0.03,0.09,2323.037318,1776404264000
1776404266.478,166.478,0.6,20.0,0.59,15.0,0.62,17.98,0.63,10.0,0.39,4.31,0.38,21.0,0.41,10.0,0.42,10.0,0.02,0.02,2323.108773,1776404265000
1776404266.813,166.813,0.61,14.74,0.6,15.0,0.62,7.98,0.63,5.0,0.38,17.98,0.37,10.0,0.4,20.0,0.41,15.0,0.01,0.02,2323.108773,1776404265000
1776404267.509,167.509,0.61,11.0,0.6,10.0,0.62,7.98,0.63,5.0,0.38,7.98,0.37,5.0,0.39,14.74,0.4,15.0,0.01,0.01,2323.125346,1776404266000
1776404268.644,168.644,0.61,28.0,0.6,15.0,0.66,61.51,0.67,5.0,0.38,7.98,0.37,5.0,0.39,11.0,0.4,10.0,0.05,0.01,2323.387851,1776404267000
1776404272.534,172.534,0.65,29.61,0.64,15.0,0.66,43.49,0.67,5.0,0.34,49.49,0.33,5.0,0.35,25.0,0.36,10.0,0.01,0.01,2323.816842,1776404271000
1776404273.222,173.222,0.67,34.61,0.66,15.0,0.68,12.52,0.69,15.0,0.34,43.49,0.33,5.0,0.35,29.61,0.36,15.0,0.01,0.01,2323.751873,1776404272000
1776404273.665,173.665,0.67,19.61,0.66,10.0,0.68,12.52,0.69,24.59,0.32,12.52,0.31,15.0,0.33,34.61,0.34,15.0,0.01,0.01,2323.751873,1776404272000
1776404274.949,174.949,0.67,24.61,0.66,10.0,0.69,29.11,0.7,15.0,0.32,12.52,0.31,24.59,0.33,19.61,0.34,10.0,0.02,0.01,2323.906194,1776404274000
1776404275.314,175.314,0.64,5.0,0.63,15.0,0.69,61.08,0.7,15.0,0.31,29.11,0.3,15.0,0.33,24.61,0.34,10.0,0.05,0.02,2323.906194,1776404274000
1776404275.546,175.546,0.64,3.0,0.63,5.0,0.65,20.0,0.66,20.0,0.31,61.08,0.3,15.0,0.36,5.0,0.37,15.0,0.01,0.05,2323.906194,1776404274000
1776404275.786,175.786,0.6,25.26,0.59,10.0,0.61,5.0,0.62,18.0,0.35,20.0,0.34,20.0,0.36,3.0,0.37,5.0,0.01,0.01,2323.906194,1776404274000
1776404278.911,178.911,0.57,23.0,0.56,5.0,0.64,103.22,0.65,35.0,0.39,5.0,0.38,18.0,0.43,13.82,0.44,15.0,0.07,0.04,2323.683434,1776404277000
1776404279.729,179.729,0.55,31.77,0.54,15.0,0.56,20.0,0.57,20.0,0.42,30.0,0.41,15.0,0.45,11.0,0.46,15.0,0.01,0.03,2323.661833,1776404278000
1776404280.55,180.55,0.55,46.77,0.54,15.0,0.56,63.2,0.58,15.0,0.44,20.0,0.43,20.0,0.45,31.77,0.46,15.0,0.01,0.01,2323.653403,1776404279000
1776404280.767,180.767,0.55,58.77,0.54,122.5,0.56,23.2,0.64,21.2,0.44,63.2,0.42,15.0,0.45,46.77,0.46,15.0,0.01,0.01,2323.653403,1776404279000
1776404281.958,181.958,0.63,88.0,0.62,15.0,0.67,61.54,0.68,25.0,0.36,21.2,0.35,20.0,0.45,132.77,0.46,122.5,0.04,0.09,2323.652224,1776404280000
1776404282.548,182.548,0.65,10.0,0.64,15.0,0.67,76.54,0.68,35.0,0.33,61.54,0.32,25.0,0.37,88.0,0.38,15.0,0.02,0.04,2323.64236,1776404281000
1776404284.408,184.408,0.56,5.0,0.55,11.0,0.57,57.24,0.58,15.0,0.33,76.54,0.32,35.0,0.35,10.0,0.36,15.0,0.01,0.02,2323.768038,1776404282000
1776404284.962,184.962,0.56,5.0,0.55,11.0,0.57,71.24,0.58,15.0,0.43,57.24,0.42,15.0,0.44,5.0,0.45,11.0,0.01,0.01,2323.793138,1776404283000
1776404285.295,185.295,0.56,5.0,0.55,11.0,0.57,47.24,0.58,15.0,0.43,71.24,0.42,15.0,0.44,5.0,0.45,11.0,0.01,0.01,2323.786276,1776404284000
1776404287.367,187.367,0.56,12.0,0.55,21.0,0.57,55.24,0.58,15.0,0.43,47.24,0.42,15.0,0.44,5.0,0.45,11.0,0.01,0.01,2323.64996,1776404285000
1776404287.57,187.57,0.56,11.59,0.55,21.0,0.57,50.0,0.58,10.0,0.43,55.24,0.42,15.0,0.44,12.0,0.45,21.0,0.01,0.01,2323.624158,1776404286000
1776404288.972,188.972,0.56,93.59,0.55,21.0,0.57,20.0,0.62,54.58,0.43,50.0,0.42,10.0,0.44,11.59,0.45,21.0,0.01,0.01,2323.561054,1776404287000
1776404289.355,189.355,0.64,10.0,0.63,103.0,0.68,7.9,0.7,44.58,0.43,15.0,0.38,54.58,0.44,98.59,0.45,21.0,0.04,0.01,2323.505976,1776404288000
1776404293.018,193.018,0.67,27.0,0.66,10.0,0.68,37.05,0.69,20.0,0.32,7.9,0.3,44.58,0.36,10.0,0.37,103.0,0.01,0.04,2323.751819,1776404291000
1776404293.657,193.657,0.67,22.0,0.66,15.0,0.68,37.05,0.69,15.0,0.32,37.05,0.31,20.0,0.33,27.0,0.34,10.0,0.01,0.01,2323.751819,1776404291000
1776404295.101,195.101,0.67,17.0,0.66,10.0,0.68,22.05,0.69,53.0,0.32,37.05,0.31,15.0,0.33,22.0,0.34,15.0,0.01,0.01,2323.757087,1776404293000
1776404296.653,196.653,0.67,167.25,0.66,10.0,0.68,20.57,0.69,53.0,0.32,20.57,0.31,53.0,0.33,172.25,0.34,15.0,0.01,0.01,2323.794092,1776404294000
1776404299.058,199.058,0.67,226.25,0.66,10.0,0.7,17.0,0.76,56.0,0.32,20.57,0.31,53.0,0.33,167.25,0.34,10.0,0.03,0.01,2323.765908,1776404297000
1776404299.279,199.279,0.67,226.25,0.66,10.0,0.72,34.39,0.76,56.0,0.3,17.0,0.24,56.0,0.33,226.25,0.34,10.0,0.05,0.03,2323.765908,1776404297000
1776404300.097,200.097,0.69,10.0,0.68,29.0,0.71,8.73,0.74,35.0,0.28,34.39,0.24,56.0,0.33,226.25,0.34,10.0,0.02,0.05,2323.740264,1776404299000
1776404300.727,200.727,0.73,21.0,0.72,10.0,0.76,55.0,0.77,35.3,0.29,8.73,0.26,35.0,0.31,10.0,0.32,29.0,0.03,0.02,2323.740264,1776404299000
1776404301.285,201.285,0.75,17.0,0.74,10.0,0.76,48.21,0.77,35.3,0.24,55.0,0.23,35.3,0.27,21.0,0.28,10.0,0.01,0.03,2323.957709,1776404300000
1776404301.607,201.607,0.75,34.0,0.74,10.0,0.76,48.21,0.77,43.3,0.24,48.21,0.23,35.3,0.25,17.0,0.26,10.0,0.01,0.01,2323.957709,1776404300000
1776404304.375,204.375,0.75,53.41,0.73,17.0,0.76,83.62,0.77,31.0,0.24,48.21,0.23,43.3,0.25,34.0,0.26,10.0,0.01,0.01,2324.026853,1776404303000
1776404304.842,204.842,0.75,15.41,0.73,7.0,0.76,78.62,0.77,36.0,0.24,83.62,0.23,31.0,0.25,53.41,0.27,17.0,0.01,0.01,2324.026853,1776404303000
1776404305.373,205.373,0.75,6.0,0.73,7.0,0.76,108.2,0.77,36.0,0.24,78.62,0.23,36.0,0.25,15.41,0.27,7.0,0.01,0.01,2324.055414,1776404304000
1776404305.849,205.849,0.67,149.25,0.66,12.03,0.71,78.58,0.72,6.0,0.24,108.2,0.23,36.0,0.25,6.0,0.27,7.0,0.04,0.01,2324.055414,1776404304000
1776404310.6,210.6,0.67,198.25,0.66,32.19,0.68,4.58,0.72,5.0,0.29,78.58,0.28,6.0,0.33,149.25,0.38,20.99,0.01,0.04,2323.782052,1776404309000
1776404310.933,210.933,0.77,69.41,0.76,17.0,0.78,32.44,0.79,27.0,0.32,4.58,0.28,5.0,0.33,198.25,0.34,32.19,0.01,0.01,2323.782052,1776404309000
1776404311.203,211.203,0.77,69.41,0.76,17.0,0.78,30.22,0.79,22.0,0.22,32.44,0.21,27.0,0.23,69.41,0.24,17.0,0.01,0.01,2323.782052,1776404309000
1776404312.135,212.135,0.79,27.91,0.78,44.0,0.8,6.0,0.81,95.85,0.21,19.78,0.2,33.5,0.22,32.41,0.23,43.0,0.01,0.01,2323.9232,1776404311000
1776404312.337,212.337,0.79,27.91,0.78,49.0,0.82,62.86,0.83,30.5,0.2,6.0,0.19,95.85,0.21,27.91,0.22,44.0,0.03,0.01,2323.9232,1776404311000
1776404313.148,213.148,0.81,59.46,0.8,10.0,0.82,49.86,0.83,144.26,0.18,62.86,0.17,30.5,0.21,27.91,0.22,49.0,0.01,0.03,2323.9232,1776404311000
1776404313.604,213.604,0.81,17.46,0.8,10.0,0.82,54.86,0.83,144.26,0.18,49.86,0.17,144.26,0.19,59.46,0.2,10.0,0.01,0.01,2323.866785,1776404312000
1776404313.999,213.999,0.81,7.46,0.8,10.0,0.82,37.0,0.83,139.26,0.18,54.86,0.17,144.26,0.19,17.46,0.2,10.0,0.01,0.01,2323.866785,1776404312000
1776404314.568,214.568,0.81,10.0,0.8,10.0,0.82,63.97,0.83,26.0,0.18,33.74,0.17,139.26,0.19,7.46,0.2,10.0,0.01,0.01,2324.117097,1776404313000
1776404314.77,214.77,0.8,10.0,0.79,12.5,0.82,22.66,0.83,36.0,0.18,30.35,0.17,36.0,0.2,10.0,0.21,12.5,0.02,0.02,2324.117097,1776404313000
1776404315.351,215.351,0.81,10.0,0.8,10.0,0.82,85.44,0.83,26.0,0.18,22.66,0.17,36.0,0.19,10.0,0.2,10.0,0.01,0.01,2324.117097,1776404313000
1776404315.661,215.661,0.81,10.0,0.8,10.0,0.82,83.15,0.83,26.0,0.18,85.44,0.17,26.0,0.19,10.0,0.2,10.0,0.01,0.01,2324.117712,1776404314000
1776404315.919,215.919,0.81,10.0,0.8,10.0,0.82,98.38,0.83,26.0,0.18,83.15,0.17,26.0,0.19,10.0,0.2,10.0,0.01,0.01,2324.117712,1776404314000
1776404316.611,216.611,0.81,10.0,0.8,2.5,0.82,66.19,0.83,26.0,0.18,98.38,0.17,26.0,0.2,2.5,0.21,12.5,0.01,0.02,2324.107798,1776404315000
1776404317.072,217.072,0.81,10.0,0.8,2.5,0.82,61.19,0.83,26.0,0.18,66.19,0.17,26.0,0.19,10.0,0.2,2.5,0.01,0.01,2324.107798,1776404315000
1776404318.554,218.554,0.8,1.82,0.79,17.5,0.82,66.98,0.83,26.0,0.18,61.19,0.17,26.0,0.19,10.0,0.2,2.5,0.02,0.01,2324.203638,1776404317000
1776404319.544,219.544,0.81,12.46,0.8,1.82,0.82,54.45,0.83,26.0,0.18,66.98,0.17,26.0,0.2,1.82,0.21,17.5,0.01,0.02,2324.16,1776404318000
1776404320.185,220.185,0.81,12.46,0.8,1.82,0.82,23.71,0.83,26.0,0.18,54.45,0.17,26.0,0.19,12.46,0.2,1.82,0.01,0.01,2324.16,1776404318000
1776404320.406,220.406,0.81,12.46,0.8,1.82,0.82,11.56,0.83,26.0,0.18,23.71,0.17,26.0,0.19,12.46,0.2,1.82,0.01,0.01,2324.16,1776404318000
1776404321.646,221.646,0.71,10.0,0.7,16.0,0.8,51.53,0.81,91.0,0.18,4.13,0.17,26.0,0.19,12.46,0.2,1.82,0.09,0.01,2324.27975,1776404320000
1776404322.17,222.17,0.68,5.0,0.67,210.09,0.76,54.32,0.77,10.0,0.2,37.53,0.19,78.0,0.3,10.33,0.32,16.5,0.08,0.1,2324.27975,1776404320000
1776404322.473,222.473,0.67,170.55,0.66,16.0,0.68,3.16,0.69,10.0,0.27,10.0,0.24,54.32,0.32,5.0,0.33,210.09,0.01,0.05,2324.27975,1776404320000
1776404322.7,222.7,0.67,165.55,0.66,16.0,0.69,8.11,0.7,10.0,0.32,3.16,0.31,10.0,0.33,170.55,0.34,16.0,0.02,0.01,2324.118715,1776404321000
1776404322.945,222.945,0.65,36.0,0.64,14.02,0.66,7.87,0.67,10.0,0.32,17.66,0.31,8.11,0.33,150.18,0.35,36.0,0.01,0.01,2324.118715,1776404321000
1776404324.606,224.606,0.65,45.91,0.64,54.14,0.66,20.4,0.67,10.0,0.34,7.87,0.33,10.0,0.35,36.0,0.36,14.02,0.01,0.01,2323.85846,1776404323000
1776404326.314,226.314,0.64,18.0,0.63,5.0,0.66,30.4,0.67,10.0,0.34,20.4,0.33,10.0,0.35,45.91,0.36,54.14,0.02,0.01,2323.732342,1776404325000
1776404326.954,226.954,0.64,11.0,0.63,22.0,0.72,10.0,0.73,28.64,0.34,30.4,0.33,10.0,0.36,18.0,0.37,5.0,0.08,0.02,2323.732342,1776404325000
1776404328.356,228.356,0.62,88.8,0.61,101.0,0.63,10.0,0.64,40.0,0.28,10.0,0.27,28.64,0.36,11.0,0.37,22.0,0.01,0.08,2323.685356,1776404327000
1776404328.606,228.606,0.62,75.65,0.61,96.0,0.63,71.0,0.64,25.0,0.37,10.0,0.36,40.0,0.38,88.8,0.39,101.0,0.01,0.01,2323.685356,1776404327000
1776404328.888,228.888,0.62,55.65,0.61,106.0,0.63,44.58,0.64,25.0,0.37,65.0,0.36,25.0,0.38,55.65,0.39,96.0,0.01,0.01,2323.685356,1776404327000
1776404329.256,229.256,0.62,70.65,0.61,106.0,0.64,15.0,0.65,5.0,0.37,44.58,0.36,25.0,0.38,55.65,0.39,106.0,0.02,0.01,2323.685356,1776404327000
1776404331.675,231.675,0.68,9.0,0.67,10.0,0.69,32.92,0.7,17.1,0.36,15.0,0.35,5.0,0.38,70.65,0.39,106.0,0.01,0.02,2323.719105,1776404330000
1776404332.458,232.458,0.66,11.0,0.65,20.0,0.69,26.12,0.7,27.1,0.31,32.92,0.3,17.1,0.32,9.0,0.33,10.0,0.03,0.01,2323.605865,1776404331000
1776404333.011,233.011,0.67,6.96,0.66,11.0,0.69,42.92,0.7,27.1,0.31,26.12,0.3,27.1,0.34,11.0,0.35,20.0,0.02,0.03,2323.605865,1776404331000
1776404336.297,236.297,0.68,15.0,0.67,6.96,0.69,18.18,0.7,16.0,0.31,42.92,0.3,27.1,0.33,6.96,0.34,11.0,0.01,0.02,2323.664542,1776404335000
1776404336.771,236.771,0.68,15.0,0.67,6.96,0.7,12.77,0.71,10.0,0.31,18.18,0.3,16.0,0.32,15.0,0.33,6.96,0.02,0.01,2323.664542,1776404335000
1776404337.143,237.143,0.69,14.54,0.68,10.0,0.7,12.77,0.71,27.0,0.3,12.77,0.29,10.0,0.32,15.0,0.33,6.96,0.01,0.02,2323.664542,1776404335000
1776404339.601,239.601,0.69,14.54,0.68,10.0,0.7,18.41,0.71,17.0,0.3,12.77,0.29,27.0,0.31,14.54,0.32,10.0,0.01,0.01,2323.63659,1776404338000
1776404340.863,240.863,0.71,29.99,0.7,10.0,0.72,40.37,0.73,38.0,0.29,10.25,0.27,10.0,0.3,15.0,0.31,19.54,0.01,0.01,2323.669601,1776404339000
1776404341.491,241.491,0.71,9.99,0.68,10.0,0.72,69.22,0.73,33.0,0.28,37.59,0.27,38.0,0.29,29.99,0.3,10.0,0.01,0.01,2323.65203,1776404340000
1776404341.993,241.993,0.72,35.0,0.71,25.0,0.78,11.63,0.79,26.7,0.31,16.0,0.3,16.0,0.32,20.54,0.33,6.96,0.06,0.01,2323.65203,1776404340000
1776404342.418,242.418,0.82,45.0,0.81,10.0,0.84,32.62,0.85,185.63,0.17,5.86,0.16,31.99,0.2,10.0,0.21,15.0,0.02,0.03,2323.67957,1776404341000
1776404342.838,242.838,0.83,5.23,0.82,25.0,0.84,6.36,0.85,192.12,0.16,32.62,0.15,185.63,0.18,45.0,0.19,10.0,0.01,0.02,2323.67957,1776404341000
1776404343.405,243.405,0.84,59.68,0.83,17.23,0.85,57.82,0.86,14.49,0.15,26.94,0.14,26.49,0.16,55.25,0.17,12.23,0.01,0.01,2323.67957,1776404341000
1776404343.735,243.735,0.84,76.68,0.83,17.23,0.85,18.82,0.87,56.43,0.15,57.82,0.14,14.49,0.16,59.68,0.17,17.23,0.01,0.01,2323.768127,1776404342000
1776404344.202,244.202,0.87,8.22,0.86,69.0,0.88,44.63,0.89,29.63,0.13,56.43,0.12,42.1,0.16,76.68,0.17,17.23,0.01,0.03,2323.768127,1776404342000
1776404344.444,244.444,0.87,84.65,0.86,42.0,0.88,6.79,0.89,48.0,0.12,11.14,0.11,48.0,0.13,79.65,0.14,42.0,0.01,0.01,2323.953004,1776404343000
1776404344.834,244.834,0.87,6.43,0.82,18.0,0.88,87.09,0.89,50.85,0.11,41.85,0.1,25.0,0.13,67.65,0.14,37.0,0.01,0.02,2323.953004,1776404343000
1776404345.213,245.213,0.87,1.38,0.84,10.0,0.88,123.5,0.89,63.85,0.12,86.97,0.11,50.85,0.13,6.43,0.18,15.0,0.01,0.01,2323.9757,1776404344000
1776404345.748,245.748,0.85,4.52,0.84,10.0,0.87,110.17,0.88,42.88,0.12,118.5,0.11,63.85,0.15,4.52,0.16,10.0,0.02,0.03,2323.9757,1776404344000
1776404346.949,246.949,0.85,4.52,0.84,10.0,0.86,35.01,0.87,20.0,0.13,110.17,0.12,42.88,0.15,4.52,0.16,10.0,0.01,0.02,2324.183623,1776404345000
1776404347.348,247.348,0.85,4.52,0.84,10.0,0.86,24.8,0.87,20.0,0.14,34.8,0.13,20.0,0.15,4.52,0.16,10.0,0.01,0.01,2324.183623,1776404345000
1776404350.139,250.139,0.85,16.28,0.84,10.0,0.86,19.8,0.87,26.0,0.14,24.8,0.13,20.0,0.15,4.52,0.16,10.0,0.01,0.01,2324.069576,1776404349000
1776404351.524,251.524,0.85,2.76,0.75,19.2,0.86,266.43,0.87,76.0,0.14,19.8,0.13,26.0,0.15,16.28,0.16,10.0,0.01,0.01,2324.074834,1776404350000
1776404351.811,251.811,0.74,6.9,0.73,15.0,0.75,32.46,0.76,40.0,0.24,58.0,0.23,10.0,0.26,6.9,0.27,15.0,0.01,0.02,2324.074834,1776404350000
1776404352.018,252.018,0.73,7.49,0.72,50.0,0.75,9.32,0.76,10.0,0.25,9.32,0.24,10.0,0.26,10.0,0.27,7.49,0.02,0.01,2324.074834,1776404350000
1776404352.49,252.49,0.73,45.49,0.72,129.0,0.74,30.16,0.75,9.32,0.25,9.32,0.24,10.0,0.27,7.49,0.28,50.0,0.01,0.02,2324.1612,1776404351000
1776404352.935,252.935,0.73,45.49,0.72,188.94,0.74,15.6,0.75,9.32,0.26,54.09,0.25,9.32,0.27,45.49,0.28,171.05,0.01,0.01,2324.1612,1776404351000
1776404353.945,253.945,0.73,52.49,0.72,62.89,0.74,5.19,0.75,9.32,0.26,15.6,0.25,9.32,0.27,45.49,0.28,188.94,0.01,0.01,2323.998183,1776404352000
1776404354.989,254.989,0.73,62.49,0.72,191.83,0.77,4.98,0.78,10.0,0.26,5.19,0.25,9.32,0.27,52.49,0.28,62.89,0.04,0.01,2323.8939,1776404354000
1776404355.418,255.418,0.75,29.0,0.74,15.0,0.79,10.0,0.8,10.0,0.23,4.98,0.22,10.0,0.27,62.49,0.28,191.83,0.04,0.04,2323.8939,1776404354000
1776404355.956,255.956,0.76,10.0,0.75,17.0,0.78,5.58,0.79,10.0,0.21,10.0,0.2,10.0,0.25,29.0,0.26,15.0,0.02,0.04,2323.819332,1776404355000
1776404356.98,256.98,0.76,10.0,0.75,22.0,0.79,10.0,0.8,10.0,0.22,5.58,0.21,10.0,0.24,10.0,0.25,17.0,0.03,0.02,2323.819332,1776404355000
1776404357.198,257.198,0.77,17.0,0.76,10.0,0.8,9.51,0.81,10.0,0.21,0.77,0.2,10.0,0.24,10.0,0.25,22.0,0.03,0.03,2323.884393,1776404356000
1776404357.535,257.535,0.62,75.86,0.61,176.05,0.69,10.0,0.7,10.0,0.2,9.51,0.19,10.0,0.23,17.0,0.24,10.0,0.07,0.03,2323.884393,1776404356000
1776404357.902,257.902,0.62,53.04,0.61,186.05,0.63,10.0,0.64,5.65,0.36,5.65,0.35,10.0,0.38,55.76,0.39,176.05,0.01,0.02,2323.884393,1776404356000
1776404359.131,259.131,0.62,63.04,0.61,70.0,0.63,10.3,0.64,5.65,0.37,10.0,0.36,5.65,0.38,53.04,0.39,186.05,0.01,0.01,2323.79908,1776404358000
1776404359.642,259.642,0.62,36.11,0.61,70.0,0.63,10.3,0.64,5.65,0.37,10.3,0.36,5.65,0.38,63.04,0.39,70.0,0.01,0.01,2323.79908,1776404358000
1776404360.843,260.843,0.62,36.11,0.61,70.0,0.63,3.3,0.64,5.65,0.37,10.3,0.36,5.65,0.38,36.11,0.39,70.0,0.01,0.01,2323.628315,1776404359000
1776404361.681,261.681,0.62,33.11,0.61,198.99,0.63,10.0,0.64,5.65,0.37,3.3,0.36,5.65,0.38,36.11,0.39,70.0,0.01,0.01,2323.585278,1776404360000
1776404362.094,262.094,0.58,127.99,0.57,14.0,0.61,15.0,0.63,40.0,0.37,10.0,0.36,5.65,0.38,33.11,0.39,198.99,0.03,0.01,2323.56591,1776404361000
1776404362.427,262.427,0.53,4.37,0.52,15.48,0.54,5.0,0.55,49.0,0.39,15.0,0.37,40.0,0.42,127.99,0.43,14.0,0.01,0.03,2323.56591,1776404361000
1776404364.314,264.314,0.51,112.95,0.5,141.99,0.52,5.0,0.53,5.0,0.46,15.0,0.45,49.0,0.48,5.85,0.49,60.0,0.01,0.02,2323.557815,1776404363000
1776404365.262,265.262,0.47,10.0,0.46,65.94,0.48,5.0,0.49,10.0,0.47,5.0,0.46,5.0,0.49,117.95,0.5,141.99,0.01,0.02,2323.459154,1776404364000
1776404365.58,265.58,0.47,15.0,0.46,60.0,0.48,20.0,0.49,15.0,0.52,5.0,0.51,10.0,0.53,10.0,0.54,65.94,0.01,0.01,2323.459154,1776404364000
1776404366.227,266.227,0.46,55.91,0.45,20.0,0.48,25.0,0.49,15.0,0.52,20.0,0.51,15.0,0.53,15.0,0.54,60.0,0.02,0.01,2323.459154,1776404364000
1776404366.541,266.541,0.46,28.91,0.45,20.0,0.47,15.0,0.48,25.0,0.52,25.0,0.51,15.0,0.54,55.91,0.55,20.0,0.01,0.02,2323.627577,1776404365000
1776404367.318,267.318,0.46,43.91,0.45,20.0,0.47,2.78,0.48,10.0,0.53,15.0,0.52,25.0,0.54,28.91,0.55,20.0,0.01,0.01,2323.627577,1776404365000
1776404368.184,268.184,0.41,181.99,0.4,16.0,0.46,40.0,0.47,17.78,0.53,2.78,0.52,10.0,0.54,43.91,0.55,20.0,0.05,0.01,2323.41781,1776404367000
1776404368.484,268.484,0.39,107.99,0.38,32.0,0.4,15.0,0.41,15.0,0.58,10.0,0.57,10.0,0.59,161.24,0.6,16.0,0.01,0.01,2323.41781,1776404367000
1776404369.014,269.014,0.37,23.9,0.36,81.0,0.38,5.0,0.39,5.0,0.6,15.0,0.59,20.0,0.63,32.0,0.64,65.0,0.01,0.03,2323.41781,1776404367000
1776404369.532,269.532,0.37,125.13,0.36,81.0,0.39,5.0,0.4,5.0,0.62,5.0,0.61,5.0,0.63,17.19,0.64,81.0,0.02,0.01,2323.335311,1776404368000
1776404369.819,269.819,0.45,51.23,0.44,10.0,0.46,61.0,0.48,5.0,0.54,5.0,0.52,5.0,0.63,125.13,0.64,81.0,0.01,0.09,2323.335311,1776404368000
1776404370.686,270.686,0.33,284.04,0.26,55.0,0.36,70.0,0.37,40.0,0.54,61.0,0.52,5.0,0.55,51.23,0.56,10.0,0.03,0.01,2323.42655,1776404369000
1776404370.98,270.98,0.33,195.02,0.26,55.0,0.34,108.0,0.35,10.0,0.64,70.0,0.63,40.0,0.67,284.04,0.74,55.0,0.01,0.03,2323.42655,1776404369000
1776404371.243,271.243,0.33,195.02,0.26,50.0,0.34,94.6,0.35,15.7,0.66,110.62,0.65,15.7,0.67,195.02,0.74,55.0,0.01,0.01,2323.29124,1776404370000
1776404371.526,271.526,0.33,157.69,0.14,30.0,0.34,346.79,0.35,15.7,0.66,100.96,0.65,15.7,0.67,162.14,0.77,5.0,0.01,0.01,2323.29124,1776404370000
1776404371.738,271.738,0.14,21.54,0.13,8.0,0.15,61.25,0.16,10.0,0.66,659.58,0.65,15.7,0.86,26.54,0.89,30.0,0.01,0.2,2323.29124,1776404370000
1776404372.02,272.02,0.1,0.9,0.09,11.0,0.11,24.0,0.12,15.0,0.85,61.25,0.84,10.0,0.86,21.54,0.87,8.0,0.01,0.01,2323.29124,1776404370000
1776404372.299,272.299,0.09,3.8,0.08,12.0,0.1,173.99,0.11,159.23,0.9,10.0,0.89,270.22,0.91,6.0,0.92,12.0,0.01,0.01,2323.24024,1776404371000
1776404372.691,272.691,0.08,10.75,0.07,14.0,0.09,172.81,0.1,71.0,0.91,12.82,0.9,178.99,0.92,10.75,0.93,14.0,0.01,0.01,2323.24024,1776404371000
1776404372.98,272.98,0.07,9.68,0.06,66.0,0.09,187.81,0.1,76.0,0.91,182.81,0.9,76.0,0.92,4.56,0.93,14.0,0.02,0.01,2323.24024,1776404371000
1776404373.32,273.32,0.07,29.68,0.06,16.0,0.08,37.74,0.09,41.0,0.91,117.81,0.9,76.0,0.93,9.68,0.94,66.0,0.01,0.02,2323.131183,1776404372000
1776404373.526,273.526,0.07,24.68,0.06,31.0,0.08,13.74,0.09,41.0,0.92,37.74,0.91,41.0,0.93,29.68,0.94,16.0,0.01,0.01,2323.131183,1776404372000
1776404373.89,273.89,0.07,23.44,0.06,31.0,0.08,11.57,0.09,41.0,0.92,11.57,0.91,41.0,0.93,18.68,0.94,31.0,0.01,0.01,2323.131183,1776404372000
1776404374.239,274.239,0.07,31.28,0.06,31.0,0.09,10.0,0.1,35.0,0.9,35.0,0.89,45.22,0.93,23.44,0.94,31.0,0.02,0.03,2322.633609,1776404373000
1776404375.058,275.058,0.07,59.01,0.06,31.0,0.09,25.11,0.1,69.0,0.91,20.11,0.9,64.0,0.93,9.76,0.94,31.0,0.02,0.02,2322.633609,1776404373000
1776404375.488,275.488,0.07,61.96,0.06,61.0,0.09,36.1,0.1,69.0,0.91,25.11,0.9,69.0,0.93,59.01,0.94,31.0,0.02,0.02,2322.328526,1776404374000
1776404375.738,275.738,0.07,51.96,0.06,61.0,0.08,10.0,0.09,47.1,0.91,36.1,0.9,69.0,0.93,61.96,0.94,61.0,0.01,0.02,2322.328526,1776404374000
1776404376.087,276.087,0.07,16.96,0.06,61.0,0.08,24.99,0.09,40.74,0.92,10.0,0.91,47.1,0.93,51.96,0.94,61.0,0.01,0.01,2322.328526,1776404375000
1776404376.428,276.428,0.07,4.56,0.06,56.0,0.08,24.99,0.09,40.74,0.92,24.99,0.91,40.74,0.93,14.87,0.94,56.0,0.01,0.01,2322.328526,1776404375000
1776404377.71,277.71,0.07,34.56,0.06,86.0,0.08,79.27,0.09,27.62,0.92,109.33,0.91,40.74,0.93,4.56,0.94,56.0,0.01,0.01,2322.369033,1776404376000
1776404378.16,278.16,0.08,45.0,0.07,34.56,0.09,12.62,0.1,26.0,0.91,27.62,0.9,5.0,0.93,39.56,0.94,86.0,0.01,0.02,2322.369033,1776404376000
1776404378.707,278.707,0.1,20.31,0.09,20.0,0.11,26.22,0.13,18.45,0.91,12.62,0.9,26.0,0.92,45.0,0.93,34.56,0.01,0.01,2322.473501,1776404377000
1776404379.449,279.449,0.11,50.0,0.1,15.0,0.12,8.1,0.13,13.0,0.88,16.0,0.87,18.45,0.9,45.31,0.91,10.0,0.01,0.02,2322.425008,1776404378000
1776404379.761,279.761,0.13,17.0,0.12,20.0,0.14,10.0,0.15,22.59,0.88,8.1,0.87,13.0,0.89,50.0,0.9,15.0,0.01,0.01,2322.425008,1776404378000
1776404380.043,280.043,0.15,19.08,0.14,6.51,0.16,10.0,0.17,23.45,0.85,10.92,0.84,10.0,0.86,6.51,0.87,15.0,0.01,0.01,2322.440985,1776404379000
1776404380.255,280.255,0.14,19.46,0.13,10.0,0.15,10.0,0.16,165.0,0.84,10.0,0.83,23.45,0.85,19.08,0.86,6.51,0.01,0.01,2322.440985,1776404379000
1776404380.573,280.573,0.14,27.23,0.12,10.0,0.15,62.69,0.16,15.0,0.85,10.0,0.84,165.0,0.86,18.64,0.87,10.0,0.01,0.01,2322.440985,1776404379000
1776404380.992,280.992,0.13,10.0,0.12,10.0,0.16,10.0,0.17,15.0,0.85,2.0,0.84,10.0,0.86,5.0,0.87,10.0,0.03,0.01,2322.440985,1776404379000
1776404381.915,281.915,0.11,60.0,0.1,10.0,0.13,21.0,0.14,28.0,0.84,10.0,0.83,15.0,0.87,10.0,0.88,10.0,0.02,0.03,2322.5979,1776404380000
1776404383.526,283.526,0.06,68.0,0.05,35.0,0.12,199.2,0.13,26.0,0.87,21.0,0.86,28.0,0.89,57.97,0.9,10.0,0.06,0.02,2322.683523,1776404382000
1776404383.866,283.866,0.08,8.91,0.07,15.0,0.1,42.44,0.11,10.0,0.88,199.2,0.87,26.0,0.94,68.0,0.95,35.0,0.02,0.06,2322.683523,1776404382000
1776404384.612,284.612,0.08,5.64,0.07,10.0,0.09,39.44,0.1,10.0,0.9,42.44,0.89,10.0,0.92,8.91,0.93,15.0,0.01,0.02,2322.623412,1776404383000
1776404384.938,284.938,0.07,4.82,0.06,13.0,0.09,39.44,0.1,10.0,0.91,39.44,0.9,10.0,0.92,5.64,0.93,10.0,0.02,0.01,2322.623412,1776404383000
1776404385.549,285.549,0.05,19.47,0.04,40.0,0.06,20.0,0.07,28.69,0.91,39.44,0.9,10.0,0.94,2.04,0.95,35.0,0.01,0.03,2322.608216,1776404384000
1776404385.749,285.749,0.04,39.47,0.03,141.0,0.06,190.44,0.07,27.14,0.94,20.0,0.93,28.69,0.95,19.47,0.96,40.0,0.02,0.01,2322.608216,1776404384000
1776404386.525,286.525,0.03,48.18,0.02,192.0,0.05,63.44,0.06,51.14,0.95,58.44,0.94,42.69,0.97,63.49,0.98,393.0,0.02,0.02,2322.608216,1776404385000
1776404386.809,286.809,0.03,43.03,0.02,197.0,0.05,63.44,0.06,51.14,0.95,63.44,0.94,51.14,0.97,48.18,0.98,192.0,0.02,0.02,2322.608216,1776404385000
1776404387.292,287.292,0.03,41.0,0.02,192.0,0.04,65.44,0.05,54.14,0.95,63.44,0.94,51.14,0.97,43.03,0.98,197.0,0.01,0.02,2322.608153,1776404386000
1776404387.881,287.881,0.03,30.69,0.02,192.0,0.04,55.44,0.05,49.14,0.96,65.44,0.95,54.14,0.97,41.0,0.98,192.0,0.01,0.01,2322.608153,1776404386000
1776404389.518,289.518,0.03,25.54,0.02,192.0,0.04,61.2,0.05,30.0,0.96,55.44,0.95,49.14,0.97,30.69,0.98,192.0,0.01,0.01,2322.603595,1776404387000
1776404389.831,289.831,0.03,25.12,0.02,192.0,0.06,137.46,0.07,10.0,0.94,27.46,0.93,10.0,0.97,25.54,0.98,192.0,0.03,0.03,2322.603595,1776404387000
1776404390.634,290.634,0.03,0.12,0.02,192.0,0.04,12.0,0.05,25.0,0.94,137.46,0.93,10.0,0.97,25.12,0.98,192.0,0.01,0.03,2322.502484,1776404389000
1776404390.967,290.967,0.02,89.85,0.01,1413.83,0.03,27.15,0.04,15.0,0.96,12.0,0.95,25.0,0.98,191.9,0.99,1413.83,0.01,0.02,2322.502484,1776404389000
1776404391.234,291.234,0.02,71.82,0.01,1418.83,0.03,27.15,0.04,10.0,0.97,27.15,0.96,10.0,0.98,73.82,0.99,1418.83,0.01,0.01,2322.502484,1776404389000
1776404391.617,291.617,0.02,51.61,0.01,1369.83,0.03,22.0,0.04,10.0,0.97,22.0,0.96,10.0,0.98,71.61,0.99,1469.83,0.01,0.01,2322.5181,1776404390000
1776404391.834,291.834,0.02,21.4,0.01,1369.83,0.03,22.0,0.04,10.0,0.97,22.0,0.96,10.0,0.98,21.4,0.99,1369.83,0.01,0.01,2322.5181,1776404390000
1776404392.508,292.508,0.01,1359.83,,,0.02,25.11,0.03,15.0,0.97,22.0,0.96,10.0,0.99,1369.83,,,0.01,0.02,2322.508327,1776404391000
1776404392.73,292.73,0.01,1311.86,,,0.02,33.11,0.03,25.0,0.98,33.11,0.97,25.0,0.99,1311.91,,,0.01,0.01,2322.508327,1776404391000
1776404392.955,292.955,0.01,276.65,,,0.02,33.11,0.03,20.0,0.98,33.11,0.97,20.0,0.99,1281.65,,,0.01,0.01,2322.508327,1776404391000
1776404393.207,293.207,0.01,274.65,,,0.02,33.11,0.03,20.0,0.98,33.11,0.97,20.0,0.99,276.65,,,0.01,0.01,2322.508327,1776404391000
1776404393.499,293.499,,,,,0.02,165.11,0.03,31.0,0.98,33.11,0.97,20.0,0.99,223.65,,,,0.01,2322.508327,1776404391000
1776404394.325,294.325,,,,,0.01,669.5,0.02,26.11,0.98,165.11,0.97,31.0,,,,,,,2322.04545,1776404393000
1776404394.639,294.639,,,,,0.01,754.48,0.02,26.11,0.99,854.42,0.98,26.11,,,,,,,2322.04545,1776404393000
1776404399.81,299.81,,,,,0.01,40568.97,0.02,151.11,0.99,754.48,0.98,26.11,,,,,,,2321.447245,1776404398000
1776404400.517,300.517,,,,,0.01,70802.76,0.02,156.11,0.99,40568.97,0.98,151.11,,,,,,,2321.436635,1776404399000
