timestamp,elapsed_sec,up_bid_p1,up_bid_s1,up_bid_p2,up_bid_s2,up_ask_p1,up_ask_s1,up_ask_p2,up_ask_s2,down_bid_p1,down_bid_s1,down_bid_p2,down_bid_s2,down_ask_p1,down_ask_s1,down_ask_p2,down_ask_s2,up_spread,down_spread,eth_price,eth_oracle_ts
1776195001.328,1.328,,,,,,,,,,,,,,,,,,,2314.942368,1776195000000
1776195001.644,1.644,0.54,10.0,0.53,5.0,0.58,25.0,0.59,40.0,0.42,120.79,0.41,168.0,0.44,10.0,0.45,5.0,0.04,0.02,2314.942368,1776195000000
1776195002.232,2.232,0.56,20.0,0.55,5.0,0.57,5.0,0.58,117.0,0.42,120.79,0.41,168.0,0.44,10.0,0.45,5.0,0.01,0.02,2314.942368,1776195000000
1776195002.585,2.585,0.56,10.0,0.55,5.0,0.57,33.0,0.58,246.0,0.43,5.0,0.42,117.0,0.44,20.0,0.45,5.0,0.01,0.01,2314.937171,1776195001000
1776195002.814,2.814,0.56,5.26,0.55,5.0,0.57,28.0,0.58,251.0,0.43,23.0,0.42,246.0,0.44,7.54,0.45,5.0,0.01,0.01,2314.937171,1776195001000
1776195003.204,3.204,0.56,98.26,0.55,230.0,0.59,16.53,0.6,5.0,0.43,28.0,0.42,251.0,0.44,5.26,0.45,5.0,0.03,0.01,2314.937171,1776195001000
1776195003.446,3.446,0.59,10.0,0.58,10.0,0.64,5.54,0.65,80.0,0.37,15.69,0.36,70.0,0.43,10.0,0.44,70.26,0.05,0.06,2314.937171,1776195001000
1776195004.182,4.182,0.65,20.0,0.64,32.0,0.66,12.0,0.67,100.0,0.36,0.54,0.35,80.0,0.41,10.0,0.42,10.0,0.01,0.05,2315.131343,1776195002000
1776195004.404,4.404,0.65,20.0,0.64,10.0,0.66,7.0,0.67,10.0,0.34,7.0,0.33,10.0,0.35,20.0,0.36,10.0,0.01,0.01,2315.408,1776195003000
1776195004.714,4.714,0.63,9.0,0.62,5.0,0.64,10.0,0.65,80.0,0.34,22.0,0.33,10.0,0.37,5.0,0.38,5.0,0.01,0.03,2315.408,1776195003000
1776195005.139,5.139,0.62,24.0,0.61,23.0,0.63,10.0,0.64,10.0,0.36,10.0,0.35,80.0,0.37,9.0,0.38,5.0,0.01,0.01,2315.408,1776195003000
1776195005.801,5.801,0.64,15.0,0.63,96.0,0.65,2.43,0.66,12.0,0.37,10.0,0.36,10.0,0.38,24.0,0.39,23.0,0.01,0.01,2315.451205,1776195004000
1776195006.049,6.049,0.71,15.0,0.7,20.0,0.72,12.27,0.73,449.9,0.27,449.9,0.26,124.0,0.3,2.14,0.31,10.0,0.01,0.03,2315.451205,1776195004000
1776195006.328,6.328,0.71,15.0,0.7,35.0,0.72,3.71,0.73,449.9,0.28,2.27,0.27,449.9,0.29,20.0,0.3,35.0,0.01,0.01,2315.451205,1776195004000
1776195006.629,6.629,0.71,15.0,0.7,35.0,0.72,3.71,0.73,449.9,0.28,3.71,0.27,449.9,0.29,15.0,0.3,35.0,0.01,0.01,2316.257751,1776195005000
1776195007.259,7.259,0.71,6.64,0.7,15.0,0.72,18.98,0.73,524.9,0.28,18.98,0.27,524.9,0.29,6.64,0.3,15.0,0.01,0.01,2316.257401,1776195006000
1776195007.558,7.558,0.71,6.32,0.7,30.0,0.72,26.0,0.73,94.0,0.28,10.0,0.27,85.0,0.29,21.32,0.3,30.0,0.01,0.01,2316.257401,1776195006000
1776195007.995,7.995,0.71,21.32,0.7,45.0,0.73,68.59,0.74,124.0,0.28,7.83,0.27,94.0,0.29,11.32,0.3,25.0,0.02,0.01,2316.257401,1776195006000
1776195008.368,8.368,0.71,16.32,0.7,45.0,0.73,77.76,0.74,129.0,0.27,74.27,0.26,124.0,0.29,21.32,0.3,45.0,0.02,0.02,2316.257401,1776195006000
1776195008.602,8.602,0.71,16.32,0.7,45.0,0.73,70.16,0.74,129.0,0.27,77.76,0.26,129.0,0.29,16.32,0.3,45.0,0.02,0.02,2316.257401,1776195006000
1776195009.205,9.205,0.71,3.32,0.7,40.0,0.72,4.97,0.73,5.0,0.27,70.16,0.26,129.0,0.29,8.32,0.3,45.0,0.01,0.02,2316.257401,1776195006000
1776195009.42,9.42,0.72,5.0,0.71,23.32,0.73,5.0,0.74,311.0,0.28,4.97,0.27,5.0,0.29,3.32,0.3,40.0,0.01,0.01,2316.257401,1776195006000
1776195009.925,9.925,0.72,30.5,0.71,17.0,0.73,200.5,0.74,124.0,0.27,5.0,0.26,311.0,0.28,5.0,0.29,23.32,0.01,0.01,2316.257401,1776195006000
1776195010.136,10.136,0.72,40.5,0.71,17.0,0.73,287.39,0.74,124.0,0.27,185.0,0.26,134.5,0.28,40.5,0.29,117.0,0.01,0.01,2316.257401,1776195006000
1776195010.413,10.413,0.72,40.5,0.7,20.0,0.73,190.0,0.74,29.0,0.27,287.39,0.26,124.0,0.28,40.5,0.29,17.0,0.01,0.01,2317.621504,1776195009000
1776195010.621,10.621,0.7,20.0,0.69,48.0,0.73,220.0,0.74,49.0,0.27,190.0,0.26,24.0,0.28,0.5,0.3,20.0,0.03,0.01,2317.621504,1776195009000
1776195010.841,10.841,0.71,20.5,0.7,25.0,0.72,41.95,0.73,220.0,0.27,220.0,0.26,49.0,0.3,20.0,0.31,48.0,0.01,0.03,2317.621504,1776195009000
1776195011.049,11.049,0.71,20.5,0.7,92.73,0.72,41.1,0.73,220.0,0.28,41.95,0.27,220.0,0.29,20.5,0.3,25.0,0.01,0.01,2317.621504,1776195009000
1776195011.523,11.523,0.71,17.05,0.7,92.73,0.72,22.56,0.73,220.0,0.28,17.56,0.27,220.0,0.29,20.5,0.3,92.73,0.01,0.01,2317.621504,1776195009000
1776195012.001,12.001,0.71,42.05,0.7,104.73,0.72,7.37,0.73,210.0,0.28,22.56,0.27,220.0,0.29,17.05,0.3,92.73,0.01,0.01,2317.7582,1776195010000
1776195012.286,12.286,0.71,37.05,0.7,92.73,0.72,10.68,0.73,215.0,0.28,7.37,0.27,210.0,0.29,42.05,0.3,104.73,0.01,0.01,2317.7582,1776195010000
1776195012.49,12.49,0.7,92.73,0.69,25.0,0.72,20.0,0.73,210.0,0.28,1.68,0.27,215.0,0.29,33.05,0.3,92.73,0.02,0.01,2317.7582,1776195010000
1776195013.169,13.169,0.68,10.0,0.67,30.38,0.72,253.5,0.73,148.5,0.28,20.0,0.27,210.0,0.3,92.73,0.31,25.0,0.04,0.02,2317.748155,1776195011000
1776195013.612,13.612,0.69,15.0,0.68,15.0,0.7,66.24,0.71,235.5,0.29,10.0,0.28,253.5,0.33,25.71,0.34,32.0,0.01,0.04,2317.71855,1776195012000
1776195014.179,14.179,0.68,15.0,0.67,36.21,0.7,240.74,0.71,62.5,0.3,66.24,0.29,235.5,0.31,15.0,0.32,15.0,0.02,0.01,2317.71855,1776195012000
1776195014.542,14.542,0.68,10.0,0.67,36.21,0.7,245.13,0.71,62.5,0.3,245.13,0.29,62.5,0.32,10.0,0.33,36.21,0.02,0.02,2317.63875,1776195013000
1776195014.872,14.872,0.68,15.0,0.67,96.63,0.69,257.1,0.7,65.13,0.31,263.55,0.3,65.13,0.32,15.0,0.33,10.71,0.01,0.01,2317.63875,1776195013000
1776195015.35,15.35,0.68,15.15,0.67,96.63,0.69,257.1,0.7,65.13,0.31,257.1,0.3,65.13,0.32,15.0,0.33,96.63,0.01,0.01,2317.63875,1776195013000
1776195015.565,15.565,0.68,15.15,0.67,96.63,0.69,257.1,0.7,65.13,0.31,257.1,0.3,65.13,0.32,15.15,0.33,96.63,0.01,0.01,2317.501231,1776195014000
1776195015.973,15.973,0.68,15.15,0.67,96.63,0.69,244.82,0.7,65.13,0.31,257.1,0.3,65.13,0.32,15.15,0.33,96.63,0.01,0.01,2317.501231,1776195014000
1776195016.24,16.24,0.68,15.15,0.67,96.63,0.69,244.82,0.7,65.13,0.31,244.82,0.3,65.13,0.32,15.15,0.33,96.63,0.01,0.01,2317.3684,1776195015000
1776195017.244,17.244,0.68,101.4,0.67,21.71,0.69,235.0,0.7,65.13,0.31,244.82,0.3,65.13,0.32,15.15,0.33,96.63,0.01,0.01,2317.3684,1776195015000
1776195017.632,17.632,0.68,10.03,0.67,21.71,0.69,264.09,0.7,65.13,0.31,240.0,0.3,65.13,0.32,92.02,0.33,21.71,0.01,0.01,2317.3684,1776195015000
1776195017.86,17.86,0.68,92.27,0.67,21.71,0.69,234.09,0.7,65.13,0.31,264.09,0.3,65.13,0.32,10.03,0.33,21.71,0.01,0.01,2317.3068,1776195016000
1776195018.166,18.166,0.68,92.27,0.67,21.71,0.69,232.64,0.7,65.13,0.31,234.09,0.3,65.13,0.32,92.27,0.33,21.71,0.01,0.01,2317.3068,1776195016000
1776195018.504,18.504,0.68,97.27,0.67,21.71,0.69,247.4,0.7,65.13,0.31,232.64,0.3,65.13,0.32,92.27,0.33,21.71,0.01,0.01,2317.3068,1776195016000
1776195019.116,19.116,0.68,124.45,0.67,43.59,0.69,239.86,0.7,65.13,0.31,247.4,0.3,65.13,0.32,97.27,0.33,21.71,0.01,0.01,2317.2034,1776195017000
1776195019.593,19.593,0.68,124.45,0.67,43.59,0.69,172.2,0.7,65.13,0.31,177.2,0.3,65.13,0.32,124.45,0.33,43.59,0.01,0.01,2317.2034,1776195018000
1776195020.807,20.807,0.68,124.45,0.67,43.59,0.69,172.2,0.7,65.13,0.31,172.2,0.3,65.13,0.32,124.45,0.33,43.59,0.01,0.01,2317.252601,1776195019000
1776195021.141,21.141,0.68,113.66,0.67,48.7,0.69,162.7,0.7,70.13,0.31,172.2,0.3,65.13,0.32,124.45,0.33,43.59,0.01,0.01,2317.252601,1776195019000
1776195021.589,21.589,0.68,113.66,0.67,48.7,0.69,162.7,0.7,70.13,0.31,162.7,0.3,70.13,0.32,113.66,0.33,48.7,0.01,0.01,2317.18365,1776195020000
1776195022.156,22.156,0.68,186.63,0.67,37.32,0.69,128.73,0.7,55.13,0.31,162.7,0.3,70.13,0.32,113.66,0.33,48.7,0.01,0.01,2317.18365,1776195020000
1776195022.66,22.66,0.68,210.28,0.67,26.82,0.69,128.65,0.7,55.13,0.31,123.65,0.3,55.13,0.32,181.63,0.33,37.32,0.01,0.01,2317.18365,1776195020000
1776195022.897,22.897,0.68,207.04,0.67,26.82,0.69,138.65,0.7,55.13,0.31,138.65,0.3,55.13,0.32,207.04,0.33,26.82,0.01,0.01,2317.201789,1776195021000
1776195023.338,23.338,0.68,438.54,0.67,150.32,0.71,1.76,0.72,14.0,0.31,138.65,0.3,55.13,0.32,207.04,0.33,26.82,0.03,0.01,2317.201789,1776195021000
1776195023.556,23.556,0.71,20.24,0.7,42.0,0.72,22.5,0.73,115.5,0.28,34.5,0.27,115.5,0.29,10.24,0.3,98.88,0.01,0.01,2317.201789,1776195021000
1776195024.22,24.22,0.71,20.24,0.7,37.0,0.72,17.5,0.73,115.5,0.28,17.5,0.27,115.5,0.29,20.24,0.3,37.0,0.01,0.01,2317.2538,1776195023000
1776195024.813,24.813,0.73,96.88,0.72,99.61,0.74,12.4,0.76,50.5,0.27,182.15,0.26,69.5,0.29,218.51,0.3,60.61,0.01,0.02,2317.2538,1776195023000
1776195025.035,25.035,0.73,208.18,0.72,99.61,0.74,0.38,0.76,50.5,0.26,5.25,0.24,50.5,0.27,203.18,0.28,99.61,0.01,0.01,2317.33846,1776195024000
1776195025.832,25.832,0.73,183.18,0.72,69.61,0.75,16.0,0.76,50.5,0.26,0.38,0.24,50.5,0.27,208.18,0.28,99.61,0.02,0.01,2317.33846,1776195024000
1776195026.067,26.067,0.74,35.0,0.73,168.18,0.75,18.83,0.76,50.5,0.25,13.7,0.24,50.5,0.27,183.18,0.28,69.61,0.01,0.02,2317.33846,1776195024000
1776195026.872,26.872,0.74,178.55,0.73,84.49,0.76,43.32,0.77,50.0,0.25,18.83,0.24,50.5,0.26,35.0,0.27,168.18,0.02,0.01,2317.688254,1776195025000
1776195027.374,27.374,0.74,178.55,0.73,84.49,0.76,43.32,0.77,50.0,0.24,43.32,0.23,50.0,0.26,178.55,0.27,84.49,0.02,0.02,2317.954814,1776195026000
1776195027.773,27.773,0.74,195.43,0.73,57.61,0.75,2.02,0.76,25.5,0.25,2.02,0.24,25.5,0.26,188.55,0.27,84.49,0.01,0.01,2317.954814,1776195026000
1776195028.104,28.104,0.77,10.0,0.76,29.0,0.78,168.59,0.79,30.0,0.23,9.5,0.22,212.0,0.26,200.93,0.27,57.61,0.01,0.03,2317.979915,1776195027000
1776195028.633,28.633,0.77,15.47,0.76,44.5,0.78,148.59,0.79,35.5,0.22,143.59,0.21,25.0,0.23,15.0,0.24,34.0,0.01,0.01,2317.979915,1776195027000
1776195028.985,28.985,0.77,70.47,0.76,54.5,0.78,143.78,0.79,35.5,0.22,148.59,0.21,35.5,0.23,15.47,0.24,44.5,0.01,0.01,2317.979915,1776195027000
1776195029.249,29.249,0.77,175.43,0.76,75.61,0.78,143.87,0.79,35.5,0.22,143.78,0.21,35.5,0.23,70.47,0.24,54.5,0.01,0.01,2318.094497,1776195028000
1776195029.51,29.51,0.77,210.43,0.76,80.61,0.78,133.56,0.79,35.5,0.22,144.06,0.21,35.5,0.23,153.55,0.24,75.61,0.01,0.01,2318.094497,1776195028000
1776195029.893,29.893,0.77,170.43,0.76,80.61,0.78,128.56,0.79,45.5,0.22,133.56,0.21,35.5,0.23,170.43,0.24,80.61,0.01,0.01,2318.094497,1776195028000
1776195030.353,30.353,0.77,175.43,0.76,80.61,0.78,122.56,0.79,45.5,0.22,122.56,0.21,45.5,0.23,175.43,0.24,80.61,0.01,0.01,2318.393938,1776195029000
1776195030.574,30.574,0.77,305.99,0.76,70.61,0.78,5.0,0.79,30.5,0.22,14.05,0.21,40.5,0.23,273.61,0.24,92.49,0.01,0.01,2318.393938,1776195029000
1776195030.815,30.815,0.77,316.1,0.76,75.61,0.78,0.43,0.79,30.5,0.22,5.0,0.21,30.5,0.23,305.99,0.24,70.61,0.01,0.01,2318.393938,1776195029000
1776195031.129,31.129,0.77,316.1,0.76,75.61,0.79,27.84,0.8,25.0,0.22,0.43,0.21,30.5,0.23,316.1,0.24,75.61,0.02,0.01,2318.441086,1776195030000
1776195031.967,31.967,0.77,316.1,0.76,75.61,0.79,27.84,0.8,25.0,0.21,27.84,0.2,25.0,0.23,316.1,0.24,75.61,0.02,0.02,2318.46618,1776195031000
1776195032.369,32.369,0.78,169.36,0.77,10.09,0.79,301.84,0.8,79.0,0.21,27.84,0.2,25.0,0.23,316.1,0.24,75.61,0.01,0.02,2318.46618,1776195031000
1776195032.571,32.571,0.75,15.0,0.74,10.0,0.76,6.22,0.79,319.84,0.21,319.84,0.2,99.0,0.23,2.78,0.24,5.0,0.01,0.02,2318.46618,1776195031000
1776195032.893,32.893,0.74,102.41,0.73,5.0,0.75,40.5,0.76,35.14,0.24,40.14,0.23,28.0,0.26,97.8,0.27,5.0,0.01,0.02,2318.46618,1776195031000
1776195033.105,33.105,0.74,84.41,0.73,5.0,0.75,63.5,0.76,50.14,0.25,63.5,0.24,50.14,0.26,84.41,0.27,5.0,0.01,0.01,2318.48705,1776195032000
1776195033.563,33.563,0.74,109.41,0.73,20.0,0.75,255.26,0.76,73.14,0.25,63.5,0.24,50.14,0.26,84.41,0.27,5.0,0.01,0.01,2318.48705,1776195032000
1776195033.768,33.768,0.74,114.41,0.73,20.0,0.75,253.92,0.76,65.14,0.25,255.26,0.24,73.14,0.26,109.41,0.27,20.0,0.01,0.01,2318.48705,1776195032000
1776195034.24,34.24,0.74,114.41,0.73,20.0,0.75,253.92,0.76,65.14,0.25,253.92,0.24,65.14,0.26,114.41,0.27,20.0,0.01,0.01,2318.527435,1776195033000
1776195034.459,34.459,0.74,179.91,0.73,61.49,0.75,3.97,0.76,40.14,0.25,5.31,0.24,40.14,0.26,179.91,0.27,61.49,0.01,0.01,2318.527435,1776195033000
1776195034.746,34.746,0.74,230.04,0.73,54.61,0.75,0.51,0.76,15.5,0.25,0.51,0.24,40.14,0.26,179.91,0.27,61.49,0.01,0.01,2318.527435,1776195033000
1776195035.064,35.064,0.74,185.34,0.73,34.61,0.75,0.51,0.76,15.5,0.25,0.51,0.24,15.5,0.26,175.08,0.27,39.61,0.01,0.01,2318.527435,1776195033000
1776195035.304,35.304,0.75,29.0,0.74,111.49,0.76,50.5,0.77,60.5,0.24,50.5,0.23,60.5,0.25,29.0,0.26,111.49,0.01,0.01,2317.855495,1776195034000
1776195035.901,35.901,0.75,29.0,0.74,111.49,0.76,50.5,0.77,60.5,0.24,50.5,0.23,60.5,0.25,29.0,0.26,111.49,0.01,0.01,2317.70995,1776195035000
1776195036.321,36.321,0.75,140.28,0.74,27.64,0.76,58.9,0.77,245.5,0.24,31.02,0.23,235.5,0.25,130.28,0.26,22.64,0.01,0.01,2317.70995,1776195035000
1776195036.546,36.546,0.75,160.28,0.74,27.64,0.76,14.05,0.77,220.5,0.24,60.7,0.23,245.5,0.25,140.28,0.26,27.64,0.01,0.01,2317.70995,1776195035000
1776195036.984,36.984,0.75,175.28,0.74,27.64,0.76,4.98,0.77,220.5,0.24,6.43,0.23,220.5,0.25,160.28,0.26,27.64,0.01,0.01,2317.70995,1776195035000
1776195037.192,37.192,0.75,180.28,0.74,27.64,0.76,0.91,0.77,220.5,0.24,3.53,0.23,225.5,0.25,180.28,0.26,27.64,0.01,0.01,2317.92269,1776195036000
1776195037.465,37.465,0.75,170.28,0.74,38.14,0.77,234.55,0.78,45.5,0.23,235.98,0.22,45.5,0.25,170.28,0.26,38.14,0.02,0.02,2317.92269,1776195036000
1776195037.726,37.726,0.75,175.28,0.74,38.14,0.76,7.56,0.77,234.55,0.23,234.55,0.22,45.5,0.25,170.28,0.26,38.14,0.01,0.02,2317.92269,1776195036000
1776195038.394,38.394,0.75,170.28,0.74,38.14,0.77,228.12,0.78,50.5,0.23,228.12,0.22,50.5,0.25,170.28,0.26,38.14,0.02,0.02,2317.89795,1776195037000
1776195039.044,39.044,0.74,8.42,0.73,56.49,0.77,238.12,0.78,45.5,0.23,238.12,0.22,45.5,0.26,8.42,0.27,56.49,0.03,0.03,2317.8485,1776195038000
1776195039.412,39.412,0.75,70.0,0.74,132.09,0.76,8.13,0.77,242.12,0.23,238.12,0.22,45.5,0.26,8.42,0.27,56.49,0.01,0.03,2317.8485,1776195038000
1776195039.824,39.824,0.75,180.43,0.74,25.5,0.76,9.03,0.77,233.12,0.24,5.9,0.23,242.12,0.25,75.0,0.26,132.09,0.01,0.01,2317.8485,1776195038000
1776195040.269,40.269,0.76,140.55,0.75,174.01,0.77,164.4,0.79,133.84,0.24,7.58,0.23,233.12,0.25,180.43,0.26,25.5,0.01,0.01,2317.8485,1776195038000
1776195040.699,40.699,0.78,104.8,0.77,60.5,0.79,117.64,0.8,57.5,0.23,56.92,0.21,133.84,0.24,140.46,0.25,181.65,0.01,0.01,2317.82355,1776195039000
1776195040.984,40.984,0.78,109.8,0.77,35.5,0.79,97.64,0.8,62.5,0.21,97.64,0.2,62.5,0.22,109.8,0.23,35.5,0.01,0.01,2317.86591,1776195040000
1776195041.256,41.256,0.78,137.71,0.77,30.5,0.79,103.37,0.8,62.5,0.21,106.37,0.2,57.5,0.22,107.66,0.23,35.5,0.01,0.01,2317.86591,1776195040000
1776195041.736,41.736,0.78,137.71,0.77,20.0,0.79,109.35,0.8,57.5,0.21,103.37,0.2,62.5,0.22,137.71,0.23,30.5,0.01,0.01,2317.86591,1776195040000
1776195042.035,42.035,0.78,132.54,0.76,44.91,0.79,382.85,0.8,90.5,0.21,295.85,0.2,82.5,0.22,132.71,0.24,44.91,0.01,0.01,2317.86591,1776195040000
1776195042.296,42.296,0.76,44.91,0.75,5.09,0.79,357.85,0.8,90.5,0.21,357.85,0.2,90.5,0.24,44.91,0.25,5.09,0.03,0.03,2317.923665,1776195041000
1776195042.636,42.636,0.78,84.42,0.77,45.5,0.8,19.93,0.81,90.0,0.21,357.85,0.2,90.5,0.24,44.91,0.25,5.09,0.02,0.03,2317.923665,1776195041000
1776195043.078,43.078,0.79,108.68,0.78,185.24,0.8,4.35,0.83,20.0,0.2,14.98,0.19,90.0,0.21,8.69,0.22,89.42,0.01,0.01,2317.923665,1776195041000
1776195043.302,43.302,0.79,328.68,0.78,185.24,0.83,20.0,0.84,106.8,0.2,4.35,0.17,20.0,0.21,108.68,0.22,185.24,0.04,0.01,2317.923665,1776195041000
1776195043.705,43.705,0.82,65.0,0.81,15.0,0.84,254.56,0.85,164.9,0.16,69.45,0.15,154.9,0.19,10.0,0.2,38.88,0.02,0.03,2318.24452,1776195042000
1776195044.05,44.05,0.83,5.0,0.82,60.0,0.84,226.56,0.85,164.9,0.16,228.29,0.15,164.9,0.18,60.0,0.19,15.0,0.01,0.02,2318.24452,1776195042000
1776195044.901,44.901,0.83,70.0,0.82,20.0,0.84,215.45,0.85,179.9,0.16,220.23,0.15,164.9,0.17,25.0,0.18,15.0,0.01,0.01,2318.269937,1776195043000
1776195045.148,45.148,0.83,75.0,0.82,25.0,0.84,207.55,0.85,179.9,0.16,212.55,0.15,179.9,0.17,70.0,0.18,20.0,0.01,0.01,2318.269937,1776195043000
1776195045.391,45.391,0.8,5.0,0.79,69.87,0.81,4.75,0.82,10.0,0.16,204.81,0.15,179.9,0.2,98.1,0.21,46.68,0.01,0.04,2318.269937,1776195043000
1776195045.766,45.766,0.8,121.44,0.79,69.87,0.83,18.9,0.84,230.3,0.19,12.09,0.18,10.0,0.2,10.0,0.21,69.87,0.03,0.01,2318.669922,1776195044000
1776195046.098,46.098,0.8,110.04,0.79,52.99,0.82,10.0,0.83,34.84,0.18,10.0,0.17,34.84,0.2,110.04,0.21,52.99,0.02,0.02,2318.825208,1776195045000
1776195046.333,46.333,0.8,89.45,0.79,19.49,0.82,3.78,0.83,24.84,0.19,10.0,0.18,15.61,0.2,109.45,0.21,47.99,0.02,0.01,2318.825208,1776195045000
1776195047.008,47.008,0.8,412.8,0.79,204.49,0.81,8.71,0.83,19.4,0.19,13.71,0.18,13.78,0.2,89.45,0.21,24.49,0.01,0.01,2318.825208,1776195045000
1776195047.354,47.354,0.82,110.38,0.81,24.0,0.84,146.07,0.85,159.9,0.17,19.4,0.16,210.5,0.18,15.38,0.2,350.75,0.02,0.01,2318.825208,1776195045000
1776195047.746,47.746,0.82,120.38,0.81,34.5,0.83,9.29,0.84,145.65,0.16,139.34,0.15,159.9,0.18,110.38,0.19,24.0,0.01,0.02,2318.923895,1776195046000
1776195048.155,48.155,0.82,264.18,0.81,34.5,0.84,136.9,0.85,194.63,0.16,142.33,0.15,166.63,0.18,242.44,0.19,34.5,0.02,0.02,2318.923895,1776195046000
1776195048.404,48.404,0.83,10.0,0.82,239.68,0.84,130.47,0.85,166.63,0.16,131.86,0.15,166.63,0.18,254.18,0.19,92.68,0.01,0.02,2318.89247,1776195047000
1776195048.676,48.676,0.83,90.0,0.82,204.18,0.84,84.11,0.85,171.63,0.16,95.33,0.15,166.63,0.17,50.0,0.18,915.13,0.01,0.01,2318.89247,1776195047000
1776195049.247,49.247,0.83,140.01,0.82,182.44,0.84,199.8,0.85,171.63,0.16,84.11,0.15,171.63,0.17,90.0,0.18,204.18,0.01,0.01,2318.89247,1776195047000
1776195049.58,49.58,0.83,105.01,0.82,152.44,0.84,199.8,0.85,166.63,0.16,199.8,0.15,166.63,0.17,105.01,0.18,152.44,0.01,0.01,2318.85399,1776195048000
1776195049.943,49.943,0.83,85.01,0.82,132.44,0.84,214.8,0.85,181.63,0.16,199.8,0.15,166.63,0.17,105.01,0.18,152.44,0.01,0.01,2318.85399,1776195048000
1776195050.18,50.18,0.83,75.01,0.82,132.44,0.84,216.43,0.85,181.63,0.16,214.8,0.15,181.63,0.17,85.01,0.18,132.44,0.01,0.01,2318.85399,1776195048000
1776195050.6,50.6,0.83,90.01,0.82,132.44,0.84,263.23,0.85,189.63,0.16,216.43,0.15,181.63,0.17,75.01,0.18,132.44,0.01,0.01,2318.94926,1776195049000
1776195050.864,50.864,0.83,90.01,0.82,132.44,0.84,241.23,0.85,189.63,0.16,263.23,0.15,189.63,0.17,90.01,0.18,132.44,0.01,0.01,2318.94926,1776195049000
1776195051.303,51.303,0.83,130.01,0.82,132.44,0.84,199.92,0.85,200.13,0.16,183.11,0.15,167.13,0.17,100.01,0.18,152.94,0.01,0.01,2318.94926,1776195049000
1776195051.553,51.553,0.83,70.1,0.82,132.44,0.84,249.7,0.85,200.13,0.16,209.61,0.15,200.13,0.17,75.01,0.18,132.44,0.01,0.01,2318.94926,1776195049000
1776195051.805,51.805,0.83,30.32,0.82,132.44,0.84,211.7,0.85,226.13,0.16,229.7,0.15,200.13,0.17,40.38,0.18,132.44,0.01,0.01,2318.895035,1776195050000
1776195052.049,52.049,0.83,5.32,0.82,132.44,0.84,202.5,0.85,226.13,0.16,211.7,0.15,226.13,0.17,30.32,0.18,132.44,0.01,0.01,2318.895035,1776195050000
1776195052.257,52.257,0.82,157.44,0.81,125.33,0.83,20.12,0.84,208.5,0.17,19.38,0.16,208.5,0.18,132.44,0.19,72.18,0.01,0.01,2318.895035,1776195050000
1776195052.611,52.611,0.82,161.14,0.81,72.18,0.83,20.12,0.84,286.5,0.17,20.12,0.16,208.5,0.18,157.44,0.19,125.33,0.01,0.01,2318.78128,1776195051000
1776195053.223,53.223,0.82,142.06,0.81,72.18,0.83,72.85,0.84,120.7,0.17,20.12,0.16,286.5,0.18,161.14,0.19,72.18,0.01,0.01,2318.78128,1776195051000
1776195053.523,53.523,0.82,142.06,0.81,72.18,0.83,72.85,0.84,120.7,0.17,72.85,0.16,120.7,0.18,142.06,0.19,72.18,0.01,0.01,2318.742294,1776195052000
1776195053.862,53.862,0.82,472.01,0.81,124.13,0.83,68.8,0.84,120.7,0.17,72.85,0.16,120.7,0.18,142.06,0.19,72.18,0.01,0.01,2318.742294,1776195052000
1776195054.195,54.195,0.82,482.16,0.81,144.63,0.83,21.38,0.84,75.2,0.17,21.38,0.16,75.2,0.18,482.16,0.19,144.63,0.01,0.01,2318.7128,1776195053000
1776195054.421,54.421,0.82,117.06,0.81,72.18,0.84,259.9,0.85,270.13,0.16,205.59,0.15,263.4,0.17,10.0,0.18,152.06,0.02,0.01,2318.7128,1776195053000
1776195054.886,54.886,0.81,67.31,0.8,132.95,0.82,10.0,0.83,124.44,0.16,259.9,0.15,270.13,0.18,117.06,0.19,72.18,0.01,0.02,2318.7128,1776195053000
1776195055.429,55.429,0.81,67.31,0.8,112.95,0.82,30.39,0.83,242.44,0.18,30.39,0.17,242.44,0.19,67.31,0.2,112.95,0.01,0.01,2318.700408,1776195054000
1776195055.663,55.663,0.8,122.95,0.78,89.63,0.82,310.89,0.83,70.44,0.18,310.89,0.17,70.44,0.19,47.31,0.2,122.95,0.02,0.01,2318.700408,1776195054000
1776195055.992,55.992,0.8,107.95,0.78,89.63,0.81,10.0,0.82,300.89,0.19,10.0,0.18,300.89,0.2,107.95,0.22,89.63,0.01,0.01,2318.61661,1776195055000
1776195056.246,56.246,0.8,92.95,0.78,89.63,0.81,295.11,0.82,98.89,0.19,300.11,0.18,98.89,0.2,97.95,0.22,89.63,0.01,0.01,2318.61661,1776195055000
1776195057.051,57.051,0.8,122.95,0.79,108.75,0.81,229.93,0.82,174.68,0.19,300.11,0.18,115.89,0.2,87.95,0.21,10.0,0.01,0.01,2318.61661,1776195055000
1776195057.922,57.922,0.81,20.5,0.8,121.45,0.82,200.0,0.83,134.5,0.19,229.93,0.18,174.68,0.2,122.95,0.21,108.75,0.01,0.01,2318.51536,1776195056000
1776195058.247,58.247,0.81,35.5,0.8,108.45,0.82,192.12,0.83,140.44,0.18,144.38,0.17,134.5,0.19,25.5,0.2,116.45,0.01,0.01,2318.51536,1776195056000
1776195058.728,58.728,0.81,184.04,0.8,288.45,0.82,177.9,0.83,140.44,0.18,174.12,0.17,140.44,0.19,35.5,0.2,108.45,0.01,0.01,2318.07277,1776195057000
1776195059.067,59.067,0.81,169.04,0.8,288.45,0.82,174.24,0.83,140.44,0.18,174.24,0.17,140.44,0.19,169.04,0.2,288.45,0.01,0.01,2318.07277,1776195058000
1776195059.607,59.607,0.81,377.04,0.8,136.45,0.83,70.0,0.84,231.8,0.18,174.24,0.17,140.44,0.19,169.04,0.2,288.45,0.02,0.01,2318.07277,1776195058000
1776195059.81,59.81,0.82,158.34,0.81,35.5,0.83,100.94,0.84,72.3,0.17,70.0,0.16,231.8,0.19,377.04,0.2,136.45,0.01,0.02,2318.07277,1776195058000
1776195060.187,60.187,0.82,148.34,0.81,205.5,0.83,198.7,0.84,72.3,0.17,198.7,0.16,72.3,0.18,148.34,0.19,205.5,0.01,0.01,2318.41325,1776195059000
1776195060.419,60.419,0.82,148.34,0.81,205.5,0.83,187.16,0.84,51.81,0.17,183.45,0.16,51.81,0.18,148.34,0.19,205.5,0.01,0.01,2318.41325,1776195059000
1776195061.479,61.479,0.82,153.34,0.81,205.5,0.83,182.09,0.84,56.81,0.17,182.09,0.16,56.81,0.18,153.34,0.19,205.5,0.01,0.01,2318.699915,1776195060000
1776195061.694,61.694,0.82,125.79,0.81,25.5,0.83,213.3,0.84,68.23,0.17,207.93,0.16,68.23,0.18,125.79,0.19,25.5,0.01,0.01,2318.699915,1776195060000
1776195061.943,61.943,0.82,150.79,0.81,25.5,0.83,177.19,0.84,68.23,0.17,191.19,0.16,68.23,0.18,150.79,0.19,25.5,0.01,0.01,2318.699915,1776195060000
1776195062.772,62.772,0.81,102.29,0.8,123.45,0.83,266.98,0.84,80.01,0.17,177.19,0.16,68.23,0.18,150.79,0.19,25.5,0.02,0.01,2318.564501,1776195061000
1776195063.148,63.148,0.81,97.42,0.8,97.95,0.82,134.32,0.83,303.53,0.17,266.98,0.16,80.01,0.19,102.29,0.2,123.45,0.01,0.02,2318.564501,1776195061000
1776195063.457,63.457,0.8,77.6,0.79,10.0,0.81,79.81,0.82,66.11,0.19,20.5,0.18,163.32,0.2,82.95,0.21,22.0,0.01,0.01,2318.780087,1776195062000
1776195063.734,63.734,0.8,67.25,0.79,10.0,0.81,62.84,0.82,66.11,0.19,62.84,0.18,82.1,0.2,380.01,0.21,10.0,0.01,0.01,2318.780087,1776195062000
1776195064.236,64.236,0.8,406.57,0.79,10.0,0.81,52.13,0.82,458.11,0.19,98.15,0.18,66.11,0.2,57.25,0.21,10.0,0.01,0.01,2318.780087,1776195062000
1776195064.454,64.454,0.8,82.25,0.79,10.0,0.81,243.71,0.82,89.11,0.19,52.13,0.18,458.11,0.2,406.57,0.21,10.0,0.01,0.01,2318.6075,1776195063000
1776195065.195,65.195,0.8,507.39,0.79,122.26,0.81,183.55,0.82,64.11,0.19,183.55,0.18,89.11,0.2,529.03,0.21,15.0,0.01,0.01,2318.6075,1776195063000
1776195065.927,65.927,0.8,41.5,0.79,10.0,0.81,430.54,0.82,71.11,0.19,183.55,0.18,64.11,0.2,507.39,0.21,122.26,0.01,0.01,2318.246813,1776195064000
1776195066.207,66.207,0.78,89.63,0.77,10.0,0.8,129.76,0.81,153.31,0.19,355.54,0.18,71.11,0.21,6.19,0.22,89.63,0.02,0.02,2318.12285,1776195065000
1776195066.497,66.497,0.78,95.08,0.77,25.0,0.79,294.71,0.8,92.55,0.2,129.76,0.19,153.31,0.22,89.63,0.23,10.0,0.01,0.02,2318.12285,1776195065000
1776195066.93,66.93,0.78,187.56,0.77,20.0,0.79,263.17,0.8,62.55,0.21,298.31,0.2,92.55,0.22,80.98,0.23,25.0,0.01,0.01,2318.12285,1776195065000
1776195067.258,67.258,0.78,187.56,0.77,25.0,0.79,286.77,0.8,62.55,0.21,263.17,0.2,62.55,0.22,187.56,0.23,20.0,0.01,0.01,2318.082767,1776195066000
1776195067.754,67.754,0.78,187.56,0.77,10.0,0.79,286.64,0.8,62.55,0.21,286.77,0.2,62.55,0.22,187.56,0.23,25.0,0.01,0.01,2318.082767,1776195066000
1776195068.096,68.096,0.78,187.56,0.77,10.0,0.79,286.64,0.8,62.55,0.21,286.64,0.2,62.55,0.22,187.56,0.23,10.0,0.01,0.01,2317.833177,1776195067000
1776195068.76,68.76,0.78,182.56,0.76,15.0,0.79,306.53,0.8,62.55,0.21,301.0,0.2,62.55,0.22,187.56,0.23,15.0,0.01,0.01,2317.833177,1776195067000
1776195069.116,69.116,0.78,61.98,0.76,5.0,0.79,382.33,0.8,69.55,0.21,306.53,0.2,62.55,0.22,182.56,0.24,15.0,0.01,0.01,2317.833177,1776195067000
1776195069.392,69.392,0.75,55.14,0.74,39.64,0.76,51.0,0.77,16.0,0.21,439.54,0.2,69.55,0.25,67.14,0.26,39.64,0.01,0.04,2317.76255,1776195068000
1776195069.645,69.645,0.75,60.14,0.74,39.64,0.76,303.55,0.77,51.38,0.24,51.0,0.23,16.0,0.25,55.14,0.26,39.64,0.01,0.01,2317.76255,1776195068000
1776195069.884,69.884,0.75,151.68,0.74,39.64,0.76,294.14,0.77,51.38,0.24,297.14,0.23,51.38,0.25,151.68,0.26,39.64,0.01,0.01,2317.76255,1776195068000
1776195070.131,70.131,0.75,151.68,0.74,29.64,0.76,297.73,0.77,51.38,0.24,294.14,0.23,51.38,0.25,151.68,0.26,39.64,0.01,0.01,2317.76255,1776195068000
1776195070.846,70.846,0.75,146.68,0.74,29.64,0.76,295.98,0.77,53.38,0.24,290.13,0.23,46.38,0.25,146.68,0.26,29.64,0.01,0.01,2317.6536,1776195069000
1776195071.178,71.178,0.75,146.68,0.74,29.64,0.76,295.98,0.77,53.38,0.24,295.98,0.23,53.38,0.25,146.68,0.26,29.64,0.01,0.01,2317.462377,1776195070000
1776195071.989,71.989,0.75,124.68,0.74,44.64,0.76,299.98,0.77,58.38,0.24,304.98,0.23,58.38,0.25,128.68,0.26,44.64,0.01,0.01,2317.462377,1776195070000
1776195072.327,72.327,0.75,124.68,0.74,44.64,0.76,299.98,0.77,58.38,0.24,299.98,0.23,58.38,0.25,124.68,0.26,44.64,0.01,0.01,2317.285975,1776195071000
1776195072.913,72.913,0.75,13.14,0.74,29.64,0.76,366.68,0.77,83.68,0.24,299.98,0.23,58.38,0.25,124.68,0.26,44.64,0.01,0.01,2317.285975,1776195071000
1776195073.289,73.289,0.74,26.29,0.73,10.0,0.75,346.71,0.76,95.48,0.24,366.68,0.23,83.68,0.26,29.64,0.29,10.0,0.01,0.02,2317.127132,1776195072000
1776195073.661,73.661,0.74,2.38,0.73,10.0,0.75,513.57,0.76,157.48,0.25,469.28,0.24,97.48,0.26,26.29,0.27,10.0,0.01,0.01,2317.127132,1776195072000
1776195074.316,74.316,0.68,60.44,0.67,0.71,0.69,343.5,0.7,64.71,0.3,40.5,0.29,94.62,0.32,60.44,0.33,10.71,0.01,0.02,2317.127132,1776195072000
1776195074.611,74.611,0.68,42.1,0.67,0.71,0.69,407.5,0.7,71.71,0.31,400.5,0.3,64.71,0.32,47.26,0.33,0.71,0.01,0.01,2317.127132,1776195072000
1776195074.837,74.837,0.65,10.0,0.64,10.0,0.66,39.29,0.68,25.5,0.34,39.29,0.32,25.5,0.35,10.0,0.36,10.0,0.01,0.01,2316.9915,1776195073000
1776195075.074,75.074,0.65,20.0,0.64,10.0,0.66,65.01,0.67,30.0,0.34,39.29,0.32,25.5,0.35,10.0,0.36,10.0,0.01,0.01,2316.9915,1776195073000
1776195075.364,75.364,0.65,20.0,0.64,10.0,0.66,73.91,0.67,40.5,0.34,70.43,0.33,30.0,0.35,20.0,0.36,10.0,0.01,0.01,2316.9915,1776195073000
1776195075.832,75.832,0.65,372.27,0.64,166.94,0.69,10.0,0.7,18.21,0.34,73.91,0.33,40.5,0.35,20.0,0.36,10.0,0.04,0.01,2316.694251,1776195074000
1776195076.299,76.299,0.67,29.7,0.66,10.0,0.68,20.0,0.69,50.71,0.3,15.21,0.29,43.5,0.35,372.27,0.36,166.94,0.01,0.05,2316.694251,1776195074000
1776195076.706,76.706,0.67,15.45,0.66,26.55,0.68,63.0,0.69,50.71,0.32,20.0,0.31,50.71,0.33,29.7,0.34,10.0,0.01,0.01,2316.59547,1776195075000
1776195077.175,77.175,0.66,19.23,0.65,286.27,0.67,39.0,0.68,25.0,0.33,5.0,0.32,68.5,0.34,19.23,0.35,95.77,0.01,0.01,2316.59547,1776195075000
1776195077.442,77.442,0.66,29.23,0.65,291.27,0.67,15.0,0.68,30.0,0.33,39.0,0.32,25.0,0.34,19.23,0.35,286.27,0.01,0.01,2316.59547,1776195075000
1776195078.292,78.292,0.66,119.78,0.65,20.0,0.67,8.0,0.68,36.21,0.33,15.0,0.32,30.0,0.34,29.23,0.35,291.27,0.01,0.01,2316.293805,1776195076000
1776195078.545,78.545,0.66,113.89,0.65,30.5,0.67,13.0,0.68,41.21,0.33,8.0,0.32,36.21,0.34,119.78,0.35,20.0,0.01,0.01,2316.293805,1776195076000
1776195078.945,78.945,0.66,118.89,0.65,30.5,0.69,98.34,0.7,49.6,0.33,3.0,0.32,41.21,0.34,118.89,0.35,30.5,0.03,0.01,2316.293805,1776195076000
1776195079.96,79.96,0.68,45.5,0.67,30.5,0.69,14.54,0.7,5.0,0.31,98.34,0.3,49.6,0.34,118.89,0.35,30.5,0.01,0.03,2316.293805,1776195076000
1776195080.53,80.53,0.7,22.0,0.69,22.0,0.72,25.0,0.73,43.8,0.29,10.0,0.28,5.0,0.32,85.5,0.33,30.5,0.02,0.03,2316.293805,1776195076000
1776195081.218,81.218,0.71,17.0,0.7,27.0,0.72,74.0,0.73,240.8,0.28,38.0,0.27,43.8,0.29,12.0,0.3,27.0,0.01,0.01,2316.293805,1776195076000
1776195081.492,81.492,0.71,7.81,0.7,27.0,0.72,79.0,0.73,240.8,0.28,79.0,0.27,240.8,0.29,7.81,0.3,27.0,0.01,0.01,2316.28345,1776195077000
1776195081.899,81.899,0.7,27.57,0.69,32.0,0.72,43.04,0.73,228.8,0.28,44.43,0.27,228.8,0.3,27.57,0.31,32.0,0.02,0.02,2316.134681,1776195078000
1776195082.126,82.126,0.7,7.57,0.69,12.0,0.71,8.59,0.72,55.54,0.29,13.59,0.28,50.54,0.3,12.57,0.31,17.0,0.01,0.01,2316.134681,1776195078000
1776195082.634,82.634,0.7,12.57,0.69,17.0,0.71,8.51,0.72,55.54,0.29,8.51,0.28,55.54,0.3,12.57,0.31,17.0,0.01,0.01,2316.24748,1776195080000
1776195082.966,82.966,0.69,29.32,0.68,25.5,0.71,231.72,0.72,72.54,0.29,56.72,0.28,286.54,0.3,7.4,0.31,27.0,0.02,0.01,2316.437213,1776195081000
1776195083.257,83.257,0.69,24.32,0.68,30.5,0.7,3.57,0.71,212.72,0.29,231.72,0.28,72.54,0.31,29.32,0.32,25.5,0.01,0.02,2316.437213,1776195081000
1776195083.574,83.574,0.69,24.32,0.68,20.0,0.7,40.55,0.71,205.51,0.3,3.57,0.29,212.72,0.31,24.32,0.32,30.5,0.01,0.01,2316.437213,1776195081000
1776195084.358,84.358,0.69,24.32,0.68,30.5,0.7,33.09,0.71,205.51,0.3,40.55,0.29,205.51,0.31,24.32,0.32,20.0,0.01,0.01,2316.437213,1776195081000
1776195084.645,84.645,0.69,29.41,0.68,30.5,0.7,36.62,0.71,205.51,0.3,33.09,0.29,205.51,0.31,24.32,0.32,30.5,0.01,0.01,2316.437213,1776195081000
1776195084.867,84.867,0.69,29.41,0.68,30.5,0.7,36.62,0.71,205.51,0.3,36.62,0.29,205.51,0.31,29.41,0.32,30.5,0.01,0.01,2316.489198,1776195083000
1776195085.18,85.18,0.69,29.41,0.68,30.5,0.7,36.62,0.71,205.51,0.3,36.62,0.29,205.51,0.31,29.41,0.32,30.5,0.01,0.01,2316.448315,1776195084000
1776195086.29,86.29,0.66,20.66,0.65,10.0,0.7,390.12,0.71,41.01,0.3,36.62,0.29,205.51,0.31,29.41,0.32,30.5,0.04,0.01,2316.448315,1776195084000
1776195087.382,87.382,0.66,15.24,0.65,10.0,0.7,390.12,0.71,41.01,0.3,390.12,0.29,41.01,0.34,15.24,0.35,10.0,0.04,0.04,2316.446044,1776195086000
1776195087.983,87.983,0.66,15.24,0.65,10.0,0.7,390.12,0.71,41.01,0.3,390.12,0.29,41.01,0.34,15.24,0.35,10.0,0.04,0.04,2316.424097,1776195087000
1776195088.832,88.832,0.66,20.24,0.65,15.0,0.67,34.71,0.68,78.0,0.33,31.21,0.32,51.0,0.34,20.24,0.35,15.0,0.01,0.01,2316.424097,1776195087000
1776195089.174,89.174,0.66,20.24,0.65,15.0,0.67,34.71,0.68,78.0,0.33,34.71,0.32,78.0,0.34,20.24,0.35,15.0,0.01,0.01,2315.961507,1776195088000
1776195089.686,89.686,0.66,1.89,0.63,5.0,0.67,351.51,0.68,78.0,0.33,34.71,0.32,78.0,0.34,20.24,0.35,15.0,0.01,0.01,2315.961507,1776195088000
1776195090.126,90.126,0.63,4.37,0.62,16.0,0.64,48.21,0.65,29.11,0.35,9.11,0.33,407.51,0.37,5.0,0.38,6.0,0.01,0.02,2315.961507,1776195088000
1776195090.415,90.415,0.61,102.83,0.6,215.5,0.62,5.0,0.63,6.63,0.38,5.0,0.37,16.63,0.39,14.5,0.4,205.5,0.01,0.01,2315.961507,1776195088000
1776195090.751,90.751,0.63,52.29,0.62,25.5,0.64,16.0,0.65,14.11,0.36,16.0,0.35,14.11,0.39,314.83,0.4,45.5,0.01,0.03,2316.020257,1776195089000
1776195090.957,90.957,0.63,46.87,0.62,25.5,0.64,23.0,0.65,14.11,0.36,26.0,0.35,14.11,0.37,46.87,0.38,25.5,0.01,0.01,2316.020257,1776195089000
1776195091.182,91.182,0.63,46.87,0.62,25.5,0.64,13.49,0.65,14.11,0.36,23.0,0.35,14.11,0.37,46.87,0.38,25.5,0.01,0.01,2316.1917,1776195090000
1776195091.432,91.432,0.63,46.87,0.62,25.5,0.64,11.92,0.65,14.11,0.36,13.49,0.35,14.11,0.37,46.87,0.38,25.5,0.01,0.01,2316.1917,1776195090000
1776195091.915,91.915,0.63,46.87,0.62,30.5,0.64,0.31,0.65,14.11,0.36,6.92,0.35,14.11,0.37,46.87,0.38,25.5,0.01,0.01,2316.1917,1776195090000
1776195092.151,92.151,0.63,46.87,0.62,30.5,0.64,0.31,0.65,14.11,0.36,0.31,0.35,14.11,0.37,46.87,0.38,30.5,0.01,0.01,2315.85355,1776195091000
1776195093.035,93.035,0.64,23.0,0.63,47.37,0.65,24.61,0.66,72.9,0.36,0.31,0.35,14.11,0.37,46.87,0.38,30.5,0.01,0.01,2315.85355,1776195091000
1776195093.255,93.255,0.64,23.0,0.63,52.37,0.65,24.68,0.66,62.9,0.35,24.68,0.34,62.9,0.36,23.0,0.37,52.37,0.01,0.01,2315.830334,1776195092000
1776195093.504,93.504,0.65,60.07,0.64,78.5,0.67,5.0,0.68,42.5,0.34,3.76,0.33,5.0,0.35,21.07,0.36,67.5,0.02,0.01,2315.830334,1776195092000
1776195093.709,93.709,0.66,28.0,0.65,66.07,0.68,42.5,0.69,62.3,0.33,5.0,0.32,42.5,0.35,60.07,0.36,78.5,0.02,0.02,2315.830334,1776195092000
1776195094.43,94.43,0.66,28.0,0.65,66.07,0.68,42.5,0.69,62.3,0.32,42.5,0.31,62.3,0.34,28.0,0.35,66.07,0.02,0.02,2315.8689,1776195093000
1776195094.652,94.652,0.66,255.35,0.65,39.07,0.68,20.0,0.69,46.8,0.32,42.5,0.31,62.3,0.34,28.0,0.35,66.07,0.02,0.02,2315.8689,1776195093000
1776195094.93,94.93,0.66,255.35,0.65,39.07,0.68,20.0,0.69,46.8,0.32,20.0,0.31,46.8,0.34,255.35,0.35,39.07,0.02,0.02,2315.87035,1776195094000
1776195095.365,95.365,0.66,228.35,0.65,34.07,0.69,38.13,0.7,56.26,0.32,20.0,0.31,46.8,0.34,255.35,0.35,39.07,0.03,0.02,2315.87035,1776195094000
1776195096.154,96.154,0.67,18.0,0.66,226.5,0.69,38.2,0.7,97.26,0.31,38.2,0.3,97.26,0.33,18.0,0.34,226.5,0.02,0.02,2316.135016,1776195095000
1776195096.669,96.669,0.67,41.0,0.66,231.59,0.68,10.07,0.69,57.29,0.31,38.2,0.3,97.26,0.33,18.0,0.34,226.5,0.01,0.02,2316.135016,1776195095000
1776195097.192,97.192,0.67,39.59,0.66,226.59,0.68,3.97,0.69,33.29,0.32,3.97,0.31,33.29,0.33,39.59,0.34,226.59,0.01,0.01,2316.18385,1776195096000
1776195097.51,97.51,0.67,44.59,0.66,226.59,0.68,8.37,0.69,33.29,0.32,3.97,0.31,33.29,0.33,39.59,0.34,226.59,0.01,0.01,2316.18385,1776195096000
1776195098.305,98.305,0.67,39.59,0.66,226.59,0.68,18.37,0.69,33.29,0.32,18.37,0.31,33.29,0.33,39.59,0.34,226.59,0.01,0.01,2316.1885,1776195097000
1776195099.422,99.422,0.67,16.84,0.66,226.59,0.68,18.37,0.69,38.29,0.32,18.37,0.31,38.29,0.33,16.84,0.34,226.59,0.01,0.01,2316.1787,1776195098000
1776195100.011,100.011,0.67,13.93,0.66,226.59,0.68,18.37,0.69,38.29,0.32,18.37,0.31,38.29,0.33,13.93,0.34,226.59,0.01,0.01,2316.17865,1776195099000
1776195100.96,100.96,0.67,10.0,0.66,226.59,0.7,23.08,0.71,31.01,0.32,18.37,0.31,38.29,0.33,13.93,0.34,226.59,0.03,0.01,2316.17865,1776195099000
1776195102.131,102.131,0.67,21.75,0.66,226.59,0.69,27.21,0.7,44.08,0.31,27.21,0.3,44.08,0.33,21.75,0.34,226.59,0.02,0.02,2316.09475,1776195101000
1776195102.456,102.456,0.63,20.0,0.62,15.0,0.66,5.91,0.67,366.71,0.31,27.21,0.3,44.08,0.33,21.75,0.34,226.59,0.03,0.02,2316.09475,1776195101000
1776195103.378,103.378,0.63,17.05,0.62,25.5,0.65,31.0,0.66,36.41,0.35,31.0,0.34,36.41,0.37,17.05,0.38,25.5,0.02,0.02,2316.128861,1776195102000
1776195103.972,103.972,0.63,17.05,0.62,25.5,0.65,31.0,0.66,36.41,0.35,31.0,0.34,36.41,0.37,17.05,0.38,25.5,0.02,0.02,2316.09255,1776195103000
1776195105.125,105.125,0.63,17.05,0.62,25.5,0.64,85.53,0.65,90.0,0.36,85.53,0.35,90.0,0.37,17.05,0.38,25.5,0.01,0.01,2315.553178,1776195104000
1776195105.42,105.42,0.6,20.5,0.59,190.0,0.61,6.0,0.62,21.0,0.36,85.53,0.35,90.0,0.37,17.05,0.38,25.5,0.01,0.01,2315.553178,1776195104000
1776195105.632,105.632,0.59,7.0,0.58,200.0,0.6,49.0,0.61,66.5,0.39,6.0,0.38,21.0,0.4,20.5,0.41,190.0,0.01,0.01,2315.553178,1776195104000
1776195105.849,105.849,0.58,195.1,0.57,15.0,0.6,124.21,0.61,127.13,0.4,129.21,0.39,64.5,0.42,195.1,0.43,15.0,0.02,0.02,2315.553178,1776195104000
1776195106.212,106.212,0.58,10.0,0.57,10.0,0.59,95.88,0.6,90.71,0.41,0.01,0.4,105.21,0.42,195.1,0.43,15.0,0.01,0.01,2315.553178,1776195104000
1776195106.46,106.46,0.57,1.42,0.56,37.5,0.59,90.88,0.6,95.71,0.41,90.88,0.4,95.71,0.42,1.42,0.43,10.0,0.02,0.01,2315.58935,1776195105000
1776195107.091,107.091,0.57,6.51,0.56,37.5,0.58,59.21,0.59,38.01,0.41,90.88,0.4,95.71,0.43,1.42,0.44,37.5,0.01,0.02,2315.58935,1776195105000
1776195107.664,107.664,0.57,1.76,0.56,37.5,0.58,49.3,0.59,38.01,0.42,54.3,0.41,38.01,0.43,1.76,0.44,37.5,0.01,0.01,2315.58935,1776195105000
1776195108.339,108.339,0.57,1.76,0.56,37.5,0.58,49.3,0.59,38.01,0.42,49.3,0.41,38.01,0.43,1.76,0.44,37.5,0.01,0.01,2315.30402,1776195107000
1776195108.542,108.542,0.56,10.0,0.55,30.5,0.57,84.33,0.58,53.09,0.42,84.3,0.41,48.01,0.44,19.26,0.45,30.5,0.01,0.02,2315.30402,1776195107000
1776195108.981,108.981,0.56,10.0,0.55,30.5,0.57,34.03,0.58,53.09,0.43,84.33,0.42,53.09,0.44,10.0,0.45,30.5,0.01,0.01,2315.30402,1776195107000
1776195109.471,109.471,0.56,223.5,0.55,40.5,0.58,5.09,0.59,5.01,0.43,34.03,0.42,53.09,0.44,10.0,0.45,30.5,0.02,0.01,2315.30402,1776195107000
1776195110.036,110.036,0.56,8.75,0.55,30.5,0.58,25.0,0.59,10.0,0.39,72.16,0.38,36.5,0.42,48.5,0.43,31.5,0.02,0.03,2315.12015,1776195108000
1776195110.396,110.396,0.56,5.12,0.55,30.5,0.57,28.36,0.58,20.0,0.43,20.0,0.42,10.0,0.44,5.12,0.45,30.5,0.01,0.01,2315.12015,1776195109000
1776195111.198,111.198,0.56,5.12,0.55,30.5,0.57,28.36,0.58,20.0,0.43,28.36,0.42,20.0,0.44,5.12,0.45,30.5,0.01,0.01,2315.11725,1776195110000
1776195111.549,111.549,0.56,25.62,0.55,35.5,0.57,53.33,0.58,38.0,0.43,28.36,0.42,20.0,0.44,5.12,0.45,30.5,0.01,0.01,2315.11725,1776195110000
1776195111.98,111.98,0.56,20.0,0.55,25.3,0.57,25.0,0.58,38.0,0.43,53.33,0.42,38.0,0.45,25.3,0.46,228.5,0.01,0.02,2315.11725,1776195110000
1776195112.262,112.262,0.56,20.0,0.55,25.3,0.57,25.0,0.58,38.0,0.43,25.0,0.42,38.0,0.44,20.0,0.45,25.3,0.01,0.01,2315.197067,1776195111000
1776195112.998,112.998,0.56,10.0,0.55,25.3,0.57,29.91,0.58,98.71,0.43,25.0,0.42,38.0,0.44,20.0,0.45,25.3,0.01,0.01,2315.197067,1776195111000
1776195113.36,113.36,0.56,10.0,0.55,25.3,0.57,29.91,0.58,98.71,0.43,29.91,0.42,98.71,0.44,10.0,0.45,25.3,0.01,0.01,2315.156638,1776195112000
1776195113.997,113.997,0.56,11.82,0.55,25.3,0.57,19.91,0.58,93.71,0.43,29.91,0.42,98.71,0.44,10.0,0.45,25.3,0.01,0.01,2315.156638,1776195112000
1776195114.4,114.4,0.56,327.77,0.55,52.3,0.57,10.0,0.58,68.5,0.43,19.91,0.42,93.71,0.44,11.82,0.45,25.3,0.01,0.01,2315.162033,1776195113000
1776195114.622,114.622,0.57,329.48,0.56,130.61,0.58,29.5,0.62,11.0,0.42,29.5,0.38,11.0,0.43,334.5,0.44,77.77,0.01,0.01,2315.162033,1776195113000
1776195115.169,115.169,0.57,345.48,0.56,148.61,0.64,13.24,0.65,41.0,0.36,13.24,0.35,41.0,0.43,345.48,0.44,148.61,0.07,0.07,2315.1787,1776195114000
1776195115.46,115.46,0.63,9.5,0.62,71.5,0.64,31.75,0.65,25.5,0.36,21.75,0.35,25.5,0.37,20.29,0.38,71.5,0.01,0.01,2315.1787,1776195114000
1776195115.895,115.895,0.62,41.54,0.61,206.5,0.63,97.6,0.64,35.5,0.37,4.92,0.36,31.75,0.38,89.5,0.39,26.0,0.01,0.01,2315.1787,1776195114000
1776195116.323,116.323,0.62,41.33,0.61,206.5,0.63,97.6,0.64,35.5,0.37,97.6,0.36,35.5,0.38,41.33,0.39,206.5,0.01,0.01,2315.361291,1776195115000
1776195116.527,116.527,0.62,16.43,0.61,206.5,0.63,106.6,0.64,25.5,0.37,111.6,0.36,25.5,0.38,27.02,0.39,206.5,0.01,0.01,2315.361291,1776195115000
1776195117.145,117.145,0.59,195.0,0.58,15.5,0.6,49.91,0.61,31.0,0.37,110.01,0.36,25.5,0.38,0.27,0.39,206.5,0.01,0.01,2315.361291,1776195115000
1776195117.474,117.474,0.59,195.0,0.58,15.5,0.6,49.91,0.61,31.0,0.4,49.91,0.39,31.0,0.41,195.0,0.42,15.5,0.01,0.01,2315.698909,1776195116000
1776195117.677,117.677,0.59,199.33,0.58,15.5,0.6,74.91,0.61,31.0,0.4,74.91,0.39,31.0,0.41,204.33,0.42,15.5,0.01,0.01,2315.698909,1776195116000
1776195117.898,117.898,0.59,193.44,0.58,15.5,0.6,50.0,0.61,31.0,0.4,45.0,0.39,31.0,0.41,201.05,0.42,15.5,0.01,0.01,2315.698909,1776195116000
1776195118.135,118.135,0.59,194.87,0.58,15.5,0.6,44.18,0.61,31.0,0.4,44.18,0.39,31.0,0.41,200.37,0.42,15.5,0.01,0.01,2315.71335,1776195117000
1776195118.367,118.367,0.59,190.73,0.58,15.5,0.6,39.18,0.61,31.0,0.4,44.18,0.39,31.0,0.41,185.92,0.42,15.5,0.01,0.01,2315.71335,1776195117000
1776195118.617,118.617,0.59,172.73,0.58,15.5,0.6,44.18,0.61,31.0,0.4,44.18,0.39,31.0,0.41,187.73,0.42,15.5,0.01,0.01,2315.71335,1776195117000
1776195118.844,118.844,0.59,107.87,0.58,15.5,0.6,44.18,0.61,31.0,0.4,44.18,0.39,31.0,0.41,108.82,0.42,15.5,0.01,0.01,2315.71335,1776195117000
1776195119.057,119.057,0.59,112.23,0.58,15.5,0.6,47.6,0.61,31.0,0.4,42.51,0.39,31.0,0.41,107.3,0.42,15.5,0.01,0.01,2315.71335,1776195117000
1776195119.302,119.302,0.59,98.59,0.58,15.5,0.6,45.93,0.61,31.0,0.4,52.6,0.39,31.0,0.41,98.59,0.42,15.5,0.01,0.01,2315.591133,1776195118000
1776195119.521,119.521,0.59,209.4,0.58,25.5,0.6,39.18,0.61,31.0,0.4,44.18,0.39,31.0,0.41,98.59,0.42,15.5,0.01,0.01,2315.591133,1776195118000
1776195120.322,120.322,0.59,209.4,0.58,25.5,0.6,39.18,0.61,31.0,0.4,39.18,0.39,31.0,0.41,209.4,0.42,25.5,0.01,0.01,2315.4631,1776195119000
1776195120.624,120.624,0.59,209.4,0.58,25.5,0.63,40.74,0.64,220.5,0.4,39.18,0.39,31.0,0.41,209.4,0.42,25.5,0.04,0.01,2315.4631,1776195119000
1776195120.972,120.972,0.6,10.0,0.59,204.4,0.62,98.23,0.63,30.42,0.38,98.23,0.37,30.42,0.4,10.0,0.41,204.4,0.02,0.02,2315.46325,1776195120000
1776195121.569,121.569,0.6,20.0,0.59,235.77,0.61,38.36,0.62,98.23,0.38,98.23,0.37,30.42,0.4,10.0,0.41,204.4,0.01,0.02,2315.46325,1776195120000
1776195121.935,121.935,0.6,17.5,0.59,235.77,0.61,33.36,0.62,98.23,0.39,38.36,0.38,98.23,0.4,20.0,0.41,235.77,0.01,0.01,2315.46325,1776195120000
1776195122.179,122.179,0.6,17.5,0.59,235.77,0.61,44.28,0.62,98.23,0.39,44.28,0.38,98.23,0.4,17.5,0.41,235.77,0.01,0.01,2315.527495,1776195121000
1776195122.523,122.523,0.6,218.0,0.59,116.68,0.62,83.23,0.64,10.5,0.39,62.52,0.38,83.23,0.4,23.0,0.41,235.77,0.02,0.01,2315.527495,1776195121000
1776195123.115,123.115,0.61,29.85,0.6,204.47,0.62,61.61,0.63,5.0,0.38,58.23,0.37,10.5,0.39,24.85,0.4,204.47,0.01,0.01,2315.527495,1776195121000
1776195123.326,123.326,0.61,327.1,0.6,45.47,0.62,9.76,0.67,10.0,0.38,16.38,0.37,5.0,0.39,277.1,0.4,39.47,0.01,0.01,2315.527495,1776195121000
1776195123.552,123.552,0.66,18.24,0.65,17.0,0.68,43.5,0.69,41.5,0.32,33.0,0.31,41.5,0.34,15.38,0.35,17.0,0.02,0.02,2315.528039,1776195122000
1776195123.861,123.861,0.65,18.83,0.64,15.0,0.67,27.0,0.68,35.5,0.32,20.5,0.31,41.5,0.34,18.01,0.35,17.0,0.02,0.02,2315.528039,1776195122000
1776195124.073,124.073,0.66,11.6,0.65,18.83,0.67,27.0,0.68,40.5,0.33,27.0,0.32,40.5,0.34,18.61,0.35,23.83,0.01,0.01,2315.557819,1776195123000
1776195124.312,124.312,0.66,13.35,0.65,29.33,0.67,35.5,0.68,40.5,0.33,27.0,0.32,40.5,0.34,8.35,0.35,18.83,0.01,0.01,2315.557819,1776195123000
1776195124.523,124.523,0.65,29.33,0.64,15.0,0.67,39.52,0.68,35.5,0.33,44.0,0.32,35.5,0.35,29.33,0.36,15.0,0.02,0.02,2315.557819,1776195123000
1776195124.831,124.831,0.66,38.5,0.65,37.33,0.67,15.0,0.68,20.5,0.33,39.52,0.32,35.5,0.35,29.33,0.36,15.0,0.01,0.02,2315.557819,1776195123000
1776195125.205,125.205,0.66,23.71,0.65,37.33,0.67,15.0,0.68,20.5,0.33,15.0,0.32,20.5,0.34,23.71,0.35,37.33,0.01,0.01,2315.788246,1776195124000
1776195125.554,125.554,0.65,5.0,0.64,25.5,0.67,23.47,0.68,104.02,0.32,24.02,0.31,20.5,0.34,18.71,0.35,37.33,0.02,0.02,2315.788246,1776195124000
1776195125.897,125.897,0.64,15.0,0.63,224.0,0.65,13.35,0.66,55.5,0.34,5.0,0.33,28.47,0.36,25.0,0.37,214.0,0.01,0.02,2315.788246,1776195124000
1776195126.162,126.162,0.64,24.14,0.63,224.0,0.66,21.23,0.67,23.47,0.35,6.25,0.34,25.0,0.36,24.14,0.37,224.0,0.02,0.01,2315.788246,1776195124000
1776195126.407,126.407,0.65,4.82,0.64,19.14,0.66,36.23,0.67,28.47,0.34,21.23,0.33,23.47,0.36,24.14,0.37,224.0,0.01,0.02,2315.788246,1776195124000
1776195126.665,126.665,0.65,24.07,0.64,19.14,0.67,4.87,0.68,24.02,0.34,21.23,0.33,28.47,0.35,4.07,0.36,19.14,0.02,0.01,2316.037255,1776195125000
1776195126.97,126.97,0.65,38.77,0.64,19.14,0.67,25.37,0.68,24.02,0.33,20.37,0.32,24.02,0.34,18.51,0.35,39.57,0.02,0.01,2316.037255,1776195125000
1776195127.172,127.172,0.65,36.94,0.64,19.14,0.67,40.37,0.68,24.02,0.33,35.37,0.32,24.02,0.35,36.97,0.36,19.14,0.02,0.02,2316.037255,1776195125000
1776195127.511,127.511,0.65,41.92,0.64,19.14,0.67,35.37,0.68,24.02,0.33,40.37,0.32,24.02,0.35,36.94,0.36,19.14,0.02,0.02,2316.094092,1776195126000
1776195127.874,127.874,0.65,35.14,0.64,19.14,0.67,31.14,0.68,24.02,0.33,36.14,0.32,24.02,0.35,41.92,0.36,19.14,0.02,0.02,2316.094092,1776195126000
1776195128.131,128.131,0.64,19.14,0.63,214.0,0.65,19.36,0.67,24.87,0.33,31.14,0.32,24.02,0.35,35.14,0.36,19.14,0.01,0.02,2316.094092,1776195126000
1776195128.36,128.36,0.64,19.14,0.63,214.0,0.65,19.36,0.67,24.87,0.35,19.36,0.33,24.87,0.36,19.14,0.37,214.0,0.01,0.01,2316.07615,1776195127000
1776195128.933,128.933,0.64,269.14,0.63,32.27,0.65,6.96,0.7,10.0,0.35,19.36,0.33,24.87,0.36,19.14,0.37,214.0,0.01,0.01,2316.07615,1776195127000
1776195129.547,129.547,0.69,86.04,0.68,224.5,0.7,10.0,0.71,23.0,0.3,10.0,0.29,10.0,0.36,488.13,0.37,32.27,0.01,0.06,2316.07615,1776195127000
1776195129.789,129.789,0.69,400.58,0.68,36.5,0.71,22.11,0.73,15.0,0.3,8.57,0.29,23.0,0.31,321.58,0.32,46.5,0.02,0.01,2315.98615,1776195128000
1776195130.013,130.013,0.72,53.5,0.71,60.0,0.75,20.5,0.76,195.0,0.27,5.0,0.25,44.5,0.28,20.5,0.29,37.89,0.03,0.01,2315.98615,1776195128000
1776195130.384,130.384,0.74,35.0,0.73,46.5,0.75,0.42,0.77,20.5,0.25,20.5,0.24,195.0,0.28,53.5,0.29,60.0,0.01,0.03,2315.98635,1776195129000
1776195130.841,130.841,0.74,36.0,0.73,226.5,0.75,4.93,0.76,16.11,0.24,5.61,0.23,20.5,0.26,93.91,0.27,46.5,0.01,0.02,2315.98635,1776195129000
1776195131.321,131.321,0.74,41.0,0.73,226.5,0.76,16.04,0.77,20.5,0.24,16.04,0.23,20.5,0.26,41.0,0.27,226.5,0.02,0.02,2316.088698,1776195130000
1776195131.933,131.933,0.74,41.0,0.73,226.5,0.76,16.04,0.77,20.5,0.24,16.04,0.23,20.5,0.26,41.0,0.27,226.5,0.02,0.02,2316.513931,1776195131000
1776195132.243,132.243,0.73,5.0,0.72,15.0,0.74,87.05,0.75,221.71,0.24,16.04,0.23,20.5,0.26,41.0,0.27,226.5,0.01,0.02,2316.513931,1776195131000
1776195132.462,132.462,0.71,15.0,0.7,32.5,0.73,50.5,0.74,82.05,0.26,87.05,0.25,221.71,0.27,5.0,0.28,15.0,0.02,0.01,2316.513931,1776195131000
1776195132.933,132.933,0.71,15.0,0.7,32.5,0.72,38.51,0.73,65.5,0.27,50.5,0.26,82.05,0.29,15.0,0.3,32.5,0.01,0.02,2316.513931,1776195131000
1776195134.117,134.117,0.71,15.0,0.7,32.5,0.72,38.51,0.73,65.5,0.28,38.51,0.27,65.5,0.29,15.0,0.3,32.5,0.01,0.01,2316.843,1776195133000
1776195135.049,135.049,0.71,25.0,0.7,22.0,0.72,12.02,0.73,35.5,0.28,38.51,0.27,65.5,0.29,15.0,0.3,32.5,0.01,0.01,2316.843,1776195133000
1776195135.337,135.337,0.71,25.0,0.7,22.0,0.72,12.02,0.73,35.5,0.28,12.02,0.27,35.5,0.29,25.0,0.3,22.0,0.01,0.01,2316.6372,1776195134000
1776195135.566,135.566,0.71,3.0,0.7,15.0,0.72,56.03,0.73,40.5,0.28,51.03,0.27,40.5,0.29,15.0,0.3,15.0,0.01,0.01,2316.6372,1776195134000
1776195135.857,135.857,0.7,3.0,0.69,20.09,0.72,74.54,0.73,40.5,0.28,56.03,0.27,40.5,0.3,3.0,0.31,20.09,0.02,0.02,2316.6372,1776195134000
1776195136.231,136.231,0.69,19.76,0.68,44.5,0.72,74.54,0.73,40.5,0.28,74.54,0.27,40.5,0.3,3.0,0.31,20.09,0.03,0.02,2316.6372,1776195134000
1776195136.532,136.532,0.7,6.66,0.69,29.76,0.71,55.5,0.72,64.54,0.29,55.5,0.28,64.54,0.3,6.66,0.31,29.76,0.01,0.01,2316.5572,1776195135000
1776195136.736,136.736,0.67,16.0,0.66,209.0,0.68,6.92,0.7,50.5,0.3,50.5,0.29,40.5,0.31,8.7,0.33,16.0,0.01,0.01,2316.5572,1776195135000
1776195137.203,137.203,0.67,16.0,0.66,209.0,0.68,6.92,0.7,50.5,0.32,6.92,0.3,50.5,0.33,16.0,0.34,209.0,0.01,0.01,2316.5672,1776195136000
1776195137.698,137.698,0.69,20.0,0.68,20.0,0.7,1.5,0.71,10.5,0.28,198.75,0.27,42.71,0.33,15.0,0.34,210.0,0.01,0.05,2316.5672,1776195136000
1776195138.297,138.297,0.69,20.0,0.68,20.0,0.7,1.5,0.71,10.5,0.3,1.5,0.29,10.5,0.31,20.0,0.32,20.0,0.01,0.01,2316.3558,1776195137000
1776195139.144,139.144,0.68,14.0,0.67,15.0,0.69,32.0,0.7,15.5,0.3,1.5,0.29,10.5,0.31,20.0,0.32,20.0,0.01,0.01,2316.3558,1776195137000
1776195139.398,139.398,0.68,14.0,0.67,15.0,0.69,32.0,0.7,15.5,0.31,32.0,0.3,15.5,0.32,14.0,0.33,15.0,0.01,0.01,2316.261353,1776195138000
1776195139.751,139.751,0.68,59.87,0.67,40.5,0.69,12.0,0.7,5.0,0.31,32.0,0.3,15.5,0.32,14.0,0.33,15.0,0.01,0.01,2316.261353,1776195138000
1776195140.027,140.027,0.68,59.87,0.67,40.5,0.69,12.0,0.7,5.0,0.31,12.0,0.3,5.0,0.32,59.87,0.33,40.5,0.01,0.01,2316.218705,1776195139000
1776195140.489,140.489,0.68,59.87,0.67,220.5,0.69,10.44,0.7,5.0,0.31,12.0,0.3,5.0,0.32,59.87,0.33,40.5,0.01,0.01,2316.218705,1776195139000
1776195141.087,141.087,0.68,31.74,0.67,220.5,0.69,10.44,0.7,5.0,0.31,10.44,0.3,5.0,0.32,59.87,0.33,220.5,0.01,0.01,2316.218705,1776195139000
1776195142.275,142.275,0.68,31.74,0.67,220.5,0.69,10.44,0.7,5.0,0.31,10.44,0.3,5.0,0.32,31.74,0.33,220.5,0.01,0.01,2316.210843,1776195141000
1776195143.417,143.417,0.68,31.74,0.67,220.5,0.69,10.44,0.7,5.0,0.31,10.44,0.3,5.0,0.32,31.74,0.33,220.5,0.01,0.01,2316.20385,1776195142000
1776195144.152,144.152,0.68,31.74,0.67,220.5,0.69,10.44,0.7,5.0,0.31,10.44,0.3,5.0,0.32,31.74,0.33,220.5,0.01,0.01,2316.20385,1776195143000
1776195144.922,144.922,0.68,52.33,0.67,220.5,0.69,14.08,0.7,5.0,0.31,10.44,0.3,5.0,0.32,31.74,0.33,220.5,0.01,0.01,2316.20385,1776195143000
1776195145.222,145.222,0.68,52.33,0.67,220.5,0.69,14.08,0.7,5.0,0.31,14.08,0.3,5.0,0.32,52.33,0.33,220.5,0.01,0.01,2316.21395,1776195144000
1776195145.803,145.803,0.68,54.2,0.67,220.5,0.69,14.08,0.71,25.5,0.31,14.08,0.3,5.0,0.32,52.33,0.33,220.5,0.01,0.01,2316.21395,1776195144000
1776195146.336,146.336,0.68,38.7,0.67,220.5,0.69,12.63,0.71,25.5,0.31,12.63,0.29,25.5,0.32,38.7,0.33,220.5,0.01,0.01,2316.21875,1776195145000
1776195146.648,146.648,0.62,3.05,0.61,10.0,0.63,55.5,0.64,31.0,0.34,5.0,0.32,20.5,0.38,8.0,0.39,10.0,0.01,0.04,2316.21875,1776195145000
1776195147.036,147.036,0.6,10.0,0.59,46.87,0.62,5.0,0.63,70.5,0.38,5.0,0.37,70.5,0.4,10.0,0.41,46.87,0.02,0.02,2316.21875,1776195146000
1776195148.023,148.023,0.6,29.5,0.59,236.87,0.61,26.0,0.62,21.0,0.38,5.0,0.37,70.5,0.4,10.0,0.41,46.87,0.01,0.02,2316.21875,1776195146000
1776195148.437,148.437,0.6,45.5,0.59,236.87,0.61,16.0,0.62,21.0,0.39,26.0,0.38,21.0,0.4,29.5,0.41,236.87,0.01,0.01,2316.3191,1776195147000
1776195149.156,149.156,0.6,45.5,0.59,236.87,0.61,16.0,0.62,21.0,0.39,16.0,0.38,21.0,0.4,45.5,0.41,236.87,0.01,0.01,2315.633082,1776195148000
1776195150.269,150.269,0.6,30.5,0.59,236.87,0.61,19.36,0.62,21.0,0.39,19.36,0.38,21.0,0.4,30.5,0.41,236.87,0.01,0.01,2315.542714,1776195149000
1776195150.972,150.972,0.6,20.0,0.59,231.87,0.61,24.36,0.62,31.5,0.39,19.36,0.38,21.0,0.4,30.5,0.41,236.87,0.01,0.01,2315.542714,1776195149000
1776195151.422,151.422,0.6,10.0,0.59,236.87,0.61,24.36,0.62,31.5,0.39,24.36,0.38,31.5,0.4,10.0,0.41,236.87,0.01,0.01,2315.541768,1776195150000
1776195151.935,151.935,0.6,12.5,0.59,236.87,0.61,24.36,0.62,31.5,0.39,24.36,0.38,31.5,0.4,12.5,0.41,236.87,0.01,0.01,2315.578368,1776195151000
1776195152.197,152.197,0.68,10.0,0.67,15.0,0.69,4.99,0.74,18.7,0.31,5.09,0.3,10.0,0.4,25.0,0.41,105.72,0.01,0.09,2315.578368,1776195151000
1776195152.574,152.574,0.74,83.0,0.73,15.0,0.75,2.0,0.78,20.0,0.22,20.0,0.21,10.0,0.32,271.0,0.33,21.0,0.01,0.1,2315.578368,1776195151000
1776195153.012,153.012,0.76,10.0,0.75,8.0,0.78,10.0,0.79,10.0,0.22,10.0,0.21,10.0,0.24,10.0,0.25,8.0,0.02,0.02,2315.508468,1776195152000
1776195153.363,153.363,0.71,107.0,0.7,363.72,0.76,15.0,0.77,164.0,0.22,10.0,0.21,10.0,0.24,10.0,0.25,8.0,0.05,0.02,2315.508468,1776195152000
1776195154.148,154.148,0.71,17.0,0.7,22.0,0.72,19.79,0.73,15.0,0.24,15.0,0.23,164.0,0.29,107.0,0.3,363.72,0.01,0.05,2315.508468,1776195152000
1776195155.266,155.266,0.71,17.0,0.7,22.0,0.72,19.79,0.73,15.0,0.28,19.79,0.27,15.0,0.29,17.0,0.3,22.0,0.01,0.01,2316.5838,1776195154000
1776195156.462,156.462,0.71,17.0,0.7,22.0,0.72,19.79,0.73,15.0,0.28,19.79,0.27,15.0,0.29,17.0,0.3,22.0,0.01,0.01,2316.6224,1776195155000
1776195157.017,157.017,0.71,17.0,0.7,22.0,0.72,19.79,0.73,15.0,0.28,19.79,0.27,15.0,0.29,17.0,0.3,22.0,0.01,0.01,2316.49235,1776195156000
1776195158.128,158.128,0.71,17.0,0.7,22.0,0.72,19.79,0.73,15.0,0.28,19.79,0.27,15.0,0.29,17.0,0.3,22.0,0.01,0.01,2316.5947,1776195157000
1776195158.738,158.738,0.69,132.26,0.68,83.72,0.72,20.09,0.73,30.5,0.28,19.79,0.27,15.0,0.29,17.0,0.3,22.0,0.03,0.01,2316.5947,1776195157000
1776195159.261,159.261,0.69,132.26,0.68,83.72,0.72,20.09,0.73,30.5,0.28,20.09,0.27,30.5,0.31,132.26,0.32,83.72,0.03,0.03,2316.498783,1776195158000
1776195159.861,159.861,0.7,60.5,0.69,147.26,0.71,7.95,0.72,30.59,0.28,20.09,0.27,30.5,0.31,132.26,0.32,83.72,0.01,0.03,2316.498783,1776195158000
1776195160.308,160.308,0.7,55.5,0.69,147.26,0.71,1.9,0.72,30.59,0.29,1.9,0.28,30.59,0.3,55.5,0.31,147.26,0.01,0.01,2316.509356,1776195159000
1776195160.923,160.923,0.7,55.5,0.69,147.26,0.71,1.9,0.72,30.59,0.29,1.9,0.28,30.59,0.3,55.5,0.31,147.26,0.01,0.01,2316.42031,1776195160000
1776195161.152,161.152,0.7,39.89,0.69,147.26,0.71,1.9,0.72,30.59,0.29,1.9,0.28,30.59,0.3,55.5,0.31,147.26,0.01,0.01,2316.42031,1776195160000
1776195162.146,162.146,0.71,5.0,0.7,35.5,0.72,33.67,0.73,25.5,0.29,1.9,0.28,30.59,0.3,39.89,0.31,147.26,0.01,0.01,2316.42031,1776195160000
1776195162.962,162.962,0.66,2.35,0.65,21.0,0.7,191.5,0.71,296.71,0.28,33.67,0.27,25.5,0.29,5.0,0.3,35.5,0.04,0.01,2316.42031,1776195160000
1776195163.196,163.196,0.64,25.4,0.63,198.0,0.66,71.5,0.67,31.0,0.34,25.5,0.33,46.15,0.36,24.21,0.37,209.0,0.02,0.02,2316.42031,1776195160000
1776195163.417,163.417,0.64,25.4,0.63,198.0,0.66,71.5,0.67,31.0,0.34,71.5,0.33,31.0,0.36,25.4,0.37,198.0,0.02,0.02,2316.4178,1776195161000
1776195163.676,163.676,0.64,30.4,0.63,213.5,0.65,1.92,0.66,71.5,0.35,8.46,0.34,71.5,0.36,30.4,0.37,213.5,0.01,0.01,2316.4178,1776195161000
1776195164.248,164.248,0.64,40.4,0.63,213.5,0.66,48.01,0.67,26.0,0.35,1.92,0.34,71.5,0.36,30.4,0.37,213.5,0.02,0.01,2316.4178,1776195161000
1776195165.332,165.332,0.64,40.4,0.63,213.5,0.66,48.01,0.67,26.0,0.34,48.01,0.33,26.0,0.36,40.4,0.37,213.5,0.02,0.02,2316.042498,1776195164000
1776195166.196,166.196,0.64,19.09,0.63,205.5,0.66,85.59,0.67,226.5,0.34,48.01,0.33,26.0,0.36,40.4,0.37,213.5,0.02,0.02,2316.042498,1776195164000
1776195166.884,166.884,0.65,21.64,0.64,30.5,0.66,31.59,0.67,41.5,0.34,80.59,0.33,41.5,0.35,4.0,0.36,29.59,0.01,0.01,2315.940662,1776195165000
1776195167.386,167.386,0.65,18.78,0.64,25.5,0.66,21.09,0.67,41.5,0.34,21.09,0.33,41.5,0.35,18.78,0.36,25.5,0.01,0.01,2315.870338,1776195166000
1776195168.388,168.388,0.65,18.78,0.64,25.5,0.66,21.09,0.67,41.5,0.34,21.09,0.33,41.5,0.35,18.78,0.36,25.5,0.01,0.01,2315.869145,1776195167000
1776195169.532,169.532,0.65,18.78,0.64,25.5,0.66,21.09,0.67,41.5,0.34,21.09,0.33,41.5,0.35,18.78,0.36,25.5,0.01,0.01,2315.865011,1776195168000
1776195170.458,170.458,0.65,18.78,0.64,25.5,0.66,21.09,0.67,41.5,0.34,21.09,0.33,41.5,0.35,18.78,0.36,25.5,0.01,0.01,2315.870601,1776195169000
1776195171.346,171.346,0.65,18.78,0.64,25.5,0.66,21.09,0.67,41.5,0.34,21.09,0.33,41.5,0.35,18.78,0.36,25.5,0.01,0.01,2315.8784,1776195170000
1776195172.382,172.382,0.65,18.78,0.64,25.5,0.66,21.09,0.67,41.5,0.34,21.09,0.33,41.5,0.35,18.78,0.36,25.5,0.01,0.01,2315.89335,1776195171000
1776195172.969,172.969,0.65,312.78,0.64,25.5,0.67,17.85,0.68,31.0,0.34,21.09,0.33,41.5,0.35,18.78,0.36,25.5,0.02,0.01,2315.89335,1776195171000
1776195173.544,173.544,0.66,106.05,0.65,221.64,0.67,17.85,0.68,31.0,0.33,17.85,0.32,31.0,0.35,312.78,0.36,25.5,0.01,0.02,2315.89335,1776195171000
1776195174.45,174.45,0.69,101.5,0.68,56.5,0.7,10.5,0.71,25.5,0.33,17.85,0.32,31.0,0.34,106.05,0.35,221.64,0.01,0.01,2315.89335,1776195172000
1776195174.657,174.657,0.69,96.5,0.68,56.5,0.71,22.86,0.72,15.0,0.29,22.86,0.28,15.0,0.31,96.5,0.32,56.5,0.02,0.02,2315.89885,1776195173000
1776195175.657,175.657,0.69,96.5,0.68,56.5,0.71,22.86,0.72,15.0,0.29,22.86,0.28,15.0,0.31,96.5,0.32,56.5,0.02,0.02,2315.964555,1776195174000
1776195176.595,176.595,0.69,96.5,0.68,56.5,0.71,22.86,0.72,15.0,0.29,22.86,0.28,15.0,0.31,96.5,0.32,56.5,0.02,0.02,2316.10472,1776195175000
1776195177.666,177.666,0.7,94.09,0.69,57.5,0.71,15.23,0.72,45.5,0.29,22.86,0.28,15.0,0.31,96.5,0.32,56.5,0.01,0.02,2316.10472,1776195175000
1776195178.311,178.311,0.7,89.09,0.69,62.5,0.71,13.23,0.72,35.5,0.29,13.23,0.28,35.5,0.3,99.09,0.31,57.5,0.01,0.01,2316.196314,1776195176000
1776195179.062,179.062,0.7,89.09,0.69,62.5,0.72,30.68,0.73,195.0,0.29,13.23,0.28,35.5,0.3,89.09,0.31,62.5,0.02,0.01,2316.19388,1776195177000
1776195180.79,180.79,0.7,89.09,0.69,62.5,0.72,30.68,0.73,195.0,0.28,30.68,0.27,195.0,0.3,89.09,0.31,62.5,0.02,0.02,2316.283632,1776195179000
1776195181.48,181.48,0.75,10.0,0.74,23.0,0.76,55.35,0.77,26.21,0.28,30.68,0.27,195.0,0.3,89.09,0.31,62.5,0.01,0.02,2316.283632,1776195179000
1776195181.687,181.687,0.71,5.0,0.7,5.09,0.72,16.69,0.73,10.0,0.24,55.35,0.23,26.21,0.25,10.0,0.26,23.0,0.01,0.01,2316.22769,1776195180000
1776195181.923,181.923,0.67,5.0,0.66,5.0,0.72,143.0,0.73,15.0,0.28,143.0,0.27,15.0,0.29,5.0,0.3,5.09,0.05,0.01,2316.22769,1776195180000
1776195182.362,182.362,0.65,65.06,0.64,15.0,0.68,78.0,0.69,15.0,0.32,78.0,0.31,15.0,0.35,65.06,0.36,15.0,0.03,0.03,2316.21009,1776195181000
1776195182.57,182.57,0.66,10.0,0.65,15.34,0.67,100.0,0.68,74.0,0.33,101.5,0.32,69.0,0.34,10.0,0.35,15.34,0.01,0.01,2316.21009,1776195181000
1776195182.816,182.816,0.66,15.0,0.65,39.84,0.67,36.0,0.68,46.0,0.33,100.0,0.32,74.0,0.34,10.0,0.35,15.34,0.01,0.01,2316.21009,1776195181000
1776195183.095,183.095,0.66,12.05,0.65,25.84,0.67,56.0,0.68,36.0,0.33,36.0,0.32,46.0,0.34,15.0,0.35,39.84,0.01,0.01,2316.21009,1776195181000
1776195183.352,183.352,0.66,16.15,0.65,25.84,0.67,39.06,0.68,36.0,0.33,61.0,0.32,36.0,0.34,16.15,0.35,25.84,0.01,0.01,2316.30903,1776195182000
1776195184.028,184.028,0.66,15.25,0.65,25.84,0.67,5.0,0.68,46.5,0.33,19.06,0.32,36.0,0.34,18.2,0.35,25.84,0.01,0.01,2316.30903,1776195182000
1776195184.239,184.239,0.66,15.25,0.65,25.84,0.67,3.23,0.68,46.5,0.33,3.23,0.32,46.5,0.34,15.25,0.35,25.84,0.01,0.01,2316.047495,1776195183000
1776195184.971,184.971,0.67,30.0,0.66,20.0,0.68,9.13,0.69,5.0,0.33,3.23,0.32,46.5,0.34,15.25,0.35,25.84,0.01,0.01,2316.047495,1776195183000
1776195185.568,185.568,0.67,29.1,0.66,25.5,0.68,29.13,0.69,15.5,0.32,9.13,0.31,5.0,0.33,30.0,0.34,20.0,0.01,0.01,2316.047495,1776195183000
1776195185.883,185.883,0.67,11.96,0.66,25.5,0.68,43.93,0.69,20.5,0.32,29.13,0.31,15.5,0.33,11.96,0.34,25.5,0.01,0.01,2315.85743,1776195184000
1776195186.193,186.193,0.67,11.96,0.66,30.5,0.68,47.06,0.69,20.5,0.32,43.93,0.31,20.5,0.33,11.96,0.34,25.5,0.01,0.01,2315.85743,1776195184000
1776195186.701,186.701,0.67,16.96,0.66,30.5,0.68,35.3,0.69,20.5,0.32,47.06,0.31,20.5,0.33,11.96,0.34,30.5,0.01,0.01,2315.85743,1776195184000
1776195187.056,187.056,0.67,16.96,0.66,30.5,0.68,35.3,0.69,20.5,0.32,35.3,0.31,20.5,0.33,16.96,0.34,30.5,0.01,0.01,2315.882092,1776195186000
1776195187.564,187.564,0.67,12.93,0.66,20.5,0.68,35.39,0.69,20.5,0.32,26.39,0.31,20.5,0.33,26.47,0.34,25.5,0.01,0.01,2315.882092,1776195186000
1776195188.276,188.276,0.67,12.93,0.66,20.5,0.68,35.39,0.69,20.5,0.32,35.39,0.31,20.5,0.33,12.93,0.34,20.5,0.01,0.01,2315.87785,1776195187000
1776195189.41,189.41,0.67,23.43,0.66,25.5,0.68,22.33,0.69,20.5,0.32,22.33,0.31,20.5,0.33,23.43,0.34,25.5,0.01,0.01,2315.8876,1776195188000
1776195189.987,189.987,0.67,23.43,0.66,25.5,0.68,22.33,0.69,20.5,0.32,22.33,0.31,20.5,0.33,23.43,0.34,25.5,0.01,0.01,2315.8876,1776195189000
1776195190.549,190.549,0.67,28.43,0.66,25.5,0.68,15.48,0.69,10.0,0.32,15.48,0.31,10.0,0.33,28.43,0.34,25.5,0.01,0.01,2315.8876,1776195189000
1776195191.264,191.264,0.67,28.43,0.66,25.5,0.68,15.48,0.69,10.0,0.32,15.48,0.31,10.0,0.33,28.43,0.34,25.5,0.01,0.01,2315.8935,1776195190000
1776195192.345,192.345,0.67,28.43,0.66,25.5,0.68,15.48,0.69,10.0,0.32,15.48,0.31,10.0,0.33,28.43,0.34,25.5,0.01,0.01,2315.9085,1776195191000
1776195193.029,193.029,0.67,28.43,0.66,25.5,0.68,15.48,0.69,10.0,0.32,15.48,0.31,10.0,0.33,28.43,0.34,25.5,0.01,0.01,2315.9085,1776195192000
1776195193.288,193.288,0.66,0.52,0.65,10.5,0.68,98.98,0.69,5.0,0.32,15.48,0.31,10.0,0.33,28.43,0.34,25.5,0.02,0.01,2315.9085,1776195192000
1776195193.588,193.588,0.56,10.0,0.55,10.0,0.58,3.95,0.59,25.5,0.43,10.5,0.41,18.24,0.45,15.5,0.46,43.5,0.02,0.02,2315.9085,1776195192000
1776195194.127,194.127,0.57,10.0,0.56,15.0,0.58,38.45,0.59,35.5,0.42,3.95,0.41,25.5,0.44,10.0,0.45,10.0,0.01,0.02,2315.9085,1776195192000
1776195194.341,194.341,0.57,10.0,0.56,15.0,0.58,38.45,0.59,35.5,0.42,38.45,0.41,35.5,0.43,10.0,0.44,15.0,0.01,0.01,2315.733508,1776195193000
1776195195.058,195.058,0.57,10.0,0.56,15.0,0.58,38.45,0.59,35.5,0.42,38.45,0.41,35.5,0.43,10.0,0.44,15.0,0.01,0.01,2315.468793,1776195194000
1776195195.426,195.426,0.56,30.5,0.55,20.5,0.57,5.0,0.58,25.5,0.42,38.45,0.41,35.5,0.43,10.0,0.44,15.0,0.01,0.01,2315.468793,1776195194000
1776195195.901,195.901,0.54,2.79,0.53,216.0,0.58,30.5,0.59,35.5,0.43,5.0,0.42,25.5,0.44,30.5,0.45,20.5,0.04,0.01,2315.468793,1776195194000
1776195196.389,196.389,0.54,2.79,0.53,216.0,0.58,30.5,0.59,35.5,0.42,30.5,0.41,35.5,0.46,2.79,0.47,216.0,0.04,0.04,2315.15825,1776195195000
1776195196.733,196.733,0.56,10.0,0.55,10.0,0.57,31.6,0.58,35.5,0.43,38.74,0.42,25.5,0.44,10.0,0.45,10.0,0.01,0.01,2315.15825,1776195195000
1776195196.952,196.952,0.56,5.45,0.55,20.5,0.57,31.6,0.58,35.5,0.43,31.6,0.42,35.5,0.44,10.0,0.45,10.0,0.01,0.01,2315.15825,1776195195000
1776195197.346,197.346,0.56,5.45,0.55,20.5,0.57,10.6,0.58,35.5,0.43,31.6,0.42,35.5,0.44,5.45,0.45,20.5,0.01,0.01,2315.12445,1776195196000
1776195198.111,198.111,0.56,5.45,0.55,20.5,0.57,10.6,0.58,35.5,0.43,10.6,0.42,35.5,0.44,5.45,0.45,20.5,0.01,0.01,2315.147895,1776195197000
1776195198.382,198.382,0.56,10.54,0.55,20.5,0.57,13.93,0.58,35.5,0.43,10.6,0.42,35.5,0.44,5.45,0.45,20.5,0.01,0.01,2315.147895,1776195197000
1776195199.234,199.234,0.56,10.54,0.55,20.5,0.57,15.77,0.58,35.5,0.43,15.77,0.42,35.5,0.44,10.54,0.45,20.5,0.01,0.01,2315.141887,1776195198000
1776195199.888,199.888,0.56,5.09,0.55,10.0,0.57,17.62,0.58,35.5,0.43,15.77,0.42,35.5,0.44,10.54,0.45,20.5,0.01,0.01,2315.141887,1776195198000
1776195200.176,200.176,0.56,5.09,0.55,10.0,0.57,31.61,0.58,35.5,0.43,17.62,0.42,35.5,0.44,5.09,0.45,10.0,0.01,0.01,2315.141887,1776195198000
1776195200.574,200.574,0.56,5.09,0.55,10.0,0.57,31.61,0.58,35.5,0.43,31.61,0.42,35.5,0.44,5.09,0.45,10.0,0.01,0.01,2315.142151,1776195199000
1776195200.94,200.94,0.57,10.0,0.56,15.09,0.61,233.17,0.62,37.21,0.39,285.99,0.38,37.21,0.44,5.09,0.46,20.5,0.04,0.05,2315.142151,1776195199000
1776195201.155,201.155,0.57,13.44,0.56,20.09,0.58,15.0,0.59,5.0,0.39,233.17,0.38,37.21,0.43,10.0,0.44,15.09,0.01,0.04,2315.142151,1776195199000
1776195201.927,201.927,0.57,18.44,0.56,20.09,0.58,18.27,0.59,5.0,0.42,15.0,0.41,5.0,0.43,13.44,0.44,20.09,0.01,0.01,2315.136935,1776195200000
1776195202.142,202.142,0.57,8.78,0.56,20.09,0.58,18.27,0.59,5.0,0.42,18.27,0.41,5.0,0.43,11.11,0.44,20.09,0.01,0.01,2315.132835,1776195201000
1776195203.009,203.009,0.57,8.78,0.56,20.09,0.58,18.27,0.59,5.0,0.42,18.27,0.41,5.0,0.43,8.78,0.44,20.09,0.01,0.01,2315.122123,1776195202000
1776195203.298,203.298,0.56,34.73,0.55,25.5,0.58,13.27,0.59,5.0,0.42,18.27,0.41,5.0,0.43,8.78,0.44,20.09,0.02,0.01,2315.122123,1776195202000
1776195203.521,203.521,0.57,20.0,0.56,34.73,0.59,1.32,0.6,10.0,0.42,13.27,0.41,5.0,0.44,34.73,0.45,25.5,0.02,0.02,2315.122123,1776195202000
1776195203.99,203.99,0.57,20.0,0.56,34.73,0.59,1.32,0.6,10.0,0.41,1.32,0.4,10.0,0.43,20.0,0.44,34.73,0.02,0.02,2315.120401,1776195203000
1776195204.942,204.942,0.59,10.0,0.58,15.0,0.6,141.86,0.61,200.21,0.41,1.32,0.4,10.0,0.43,20.0,0.44,34.73,0.01,0.02,2315.120401,1776195203000
1776195205.159,205.159,0.59,10.0,0.58,15.0,0.6,142.29,0.61,200.21,0.4,141.86,0.39,200.21,0.41,10.0,0.42,15.0,0.01,0.01,2315.136837,1776195204000
1776195205.555,205.555,0.53,119.25,0.52,81.31,0.6,142.29,0.61,200.21,0.4,142.29,0.39,200.21,0.41,10.0,0.42,15.0,0.07,0.01,2315.136837,1776195204000
1776195206.046,206.046,0.53,119.25,0.52,81.31,0.6,142.29,0.61,200.21,0.4,142.29,0.39,200.21,0.47,119.25,0.48,81.31,0.07,0.07,2315.210499,1776195205000
1776195206.853,206.853,0.57,25.5,0.56,25.5,0.58,2.93,0.59,45.5,0.4,142.29,0.39,200.21,0.47,119.25,0.48,81.31,0.01,0.07,2315.210499,1776195205000
1776195207.109,207.109,0.57,25.5,0.56,25.5,0.58,2.93,0.59,45.5,0.42,2.93,0.41,45.5,0.43,25.5,0.44,25.5,0.01,0.01,2315.229895,1776195206000
1776195207.699,207.699,0.57,25.5,0.56,25.5,0.58,12.93,0.59,20.0,0.42,2.93,0.41,45.5,0.43,25.5,0.44,25.5,0.01,0.01,2315.229895,1776195206000
1776195208.095,208.095,0.57,25.5,0.56,25.5,0.58,12.93,0.59,20.0,0.42,12.93,0.41,20.0,0.43,25.5,0.44,25.5,0.01,0.01,2315.2265,1776195207000
1776195209.056,209.056,0.57,25.5,0.56,25.5,0.58,12.93,0.59,20.0,0.42,12.93,0.41,20.0,0.43,25.5,0.44,25.5,0.01,0.01,2315.221416,1776195208000
1776195210.083,210.083,0.57,25.5,0.56,25.5,0.58,12.93,0.59,20.0,0.42,12.93,0.41,20.0,0.43,25.5,0.44,25.5,0.01,0.01,2315.21645,1776195209000
1776195210.728,210.728,0.57,20.43,0.56,15.0,0.58,41.63,0.59,25.5,0.42,26.63,0.41,99.27,0.43,20.09,0.44,15.0,0.01,0.01,2315.21645,1776195209000
1776195211.093,211.093,0.57,20.43,0.56,15.0,0.58,41.63,0.59,25.5,0.42,41.63,0.41,25.5,0.43,20.43,0.44,15.0,0.01,0.01,2315.21645,1776195210000
1776195212.169,212.169,0.57,20.43,0.56,15.0,0.58,41.63,0.59,25.5,0.42,41.63,0.41,25.5,0.43,20.43,0.44,15.0,0.01,0.01,2315.205971,1776195211000
1776195212.614,212.614,0.57,76.93,0.56,25.5,0.58,16.13,0.59,15.5,0.42,41.63,0.41,25.5,0.43,20.43,0.44,15.0,0.01,0.01,2315.205971,1776195211000
1776195213.024,213.024,0.57,76.93,0.56,25.5,0.58,16.13,0.59,15.5,0.42,16.13,0.41,15.5,0.43,76.93,0.44,25.5,0.01,0.01,2315.203972,1776195212000
1776195213.54,213.54,0.57,86.93,0.56,210.5,0.58,14.94,0.59,15.5,0.42,21.83,0.41,15.5,0.43,86.93,0.44,30.5,0.01,0.01,2315.203972,1776195212000
1776195214.08,214.08,0.57,86.93,0.56,210.5,0.58,14.94,0.59,15.5,0.42,14.94,0.41,15.5,0.43,86.93,0.44,210.5,0.01,0.01,2315.213189,1776195213000
1776195215.141,215.141,0.57,86.93,0.56,210.5,0.58,14.94,0.59,15.5,0.42,14.94,0.41,15.5,0.43,86.93,0.44,210.5,0.01,0.01,2315.215125,1776195214000
1776195215.523,215.523,0.57,85.52,0.56,210.5,0.58,4.94,0.59,15.5,0.42,14.94,0.41,15.5,0.43,86.93,0.44,210.5,0.01,0.01,2315.215125,1776195214000
1776195216.106,216.106,0.57,85.52,0.56,210.5,0.58,4.94,0.59,15.5,0.42,4.94,0.41,15.5,0.43,85.52,0.44,210.5,0.01,0.01,2315.228825,1776195215000
1776195216.875,216.875,0.59,74.0,0.58,71.0,0.6,13.49,0.61,30.5,0.42,4.94,0.41,15.5,0.43,85.52,0.44,210.5,0.01,0.01,2315.228825,1776195215000
1776195217.085,217.085,0.59,74.0,0.58,71.0,0.6,13.49,0.61,30.5,0.4,13.49,0.39,30.5,0.41,74.0,0.42,71.0,0.01,0.01,2315.23342,1776195216000
1776195217.791,217.791,0.59,42.28,0.58,71.0,0.6,18.49,0.61,30.5,0.4,13.49,0.39,30.5,0.41,66.68,0.42,71.0,0.01,0.01,2315.23342,1776195216000
1776195218.295,218.295,0.59,42.28,0.58,71.0,0.6,18.49,0.61,30.5,0.4,18.49,0.39,30.5,0.41,42.28,0.42,71.0,0.01,0.01,2315.231525,1776195217000
1776195218.675,218.675,0.6,25.0,0.59,32.28,0.61,22.5,0.62,25.5,0.4,0.36,0.39,30.5,0.41,42.28,0.42,71.0,0.01,0.01,2315.231525,1776195217000
1776195219.274,219.274,0.6,25.0,0.59,32.28,0.61,22.5,0.62,25.5,0.39,22.5,0.38,25.5,0.4,25.0,0.41,32.28,0.01,0.01,2315.23623,1776195218000
1776195220.212,220.212,0.6,30.09,0.58,30.0,0.61,41.54,0.62,205.5,0.39,22.5,0.38,25.5,0.4,25.0,0.41,32.28,0.01,0.01,2315.23623,1776195218000
1776195220.681,220.681,0.54,65.49,0.53,28.0,0.61,316.54,0.62,70.5,0.39,41.54,0.38,205.5,0.4,30.09,0.42,30.0,0.07,0.01,2315.24229,1776195219000
1776195221.179,221.179,0.5,58.79,0.49,23.5,0.53,311.0,0.54,30.5,0.45,15.0,0.44,10.0,0.46,10.5,0.47,5.0,0.03,0.01,2315.24229,1776195219000
1776195221.646,221.646,0.49,270.5,0.48,90.0,0.5,9.9,0.51,5.0,0.5,35.0,0.49,28.24,0.51,0.5,0.52,195.0,0.01,0.01,2315.24229,1776195220000
1776195221.891,221.891,0.58,60.5,0.57,30.5,0.59,2.62,0.61,5.09,0.41,2.72,0.39,5.09,0.43,29.27,0.44,10.0,0.01,0.02,2315.24229,1776195220000
1776195222.299,222.299,0.61,42.29,0.58,151.11,0.63,6.21,0.69,5.0,0.37,6.21,0.31,5.0,0.39,42.29,0.42,151.11,0.02,0.02,2315.226,1776195221000
1776195222.514,222.514,0.73,10.0,0.72,10.0,0.74,5.0,0.75,5.0,0.28,0.04,0.26,15.0,0.29,15.0,0.3,15.0,0.01,0.01,2315.226,1776195221000
1776195222.825,222.825,0.73,8.7,0.72,10.0,0.74,26.5,0.75,4.95,0.25,4.95,0.24,215.35,0.27,10.0,0.28,10.0,0.01,0.02,2315.226,1776195221000
1776195223.323,223.323,0.73,15.0,0.72,10.0,0.74,36.43,0.75,14.95,0.26,36.43,0.25,14.95,0.27,15.0,0.28,10.0,0.01,0.01,2314.985513,1776195222000
1776195223.568,223.568,0.62,5.0,0.61,10.5,0.63,12.42,0.64,15.5,0.34,26.0,0.33,16.21,0.36,2.44,0.37,5.0,0.01,0.02,2314.985513,1776195222000
1776195223.813,223.813,0.59,3.34,0.58,35.5,0.6,109.0,0.61,20.5,0.37,12.42,0.36,15.5,0.38,5.0,0.39,10.5,0.01,0.01,2314.985513,1776195222000
1776195224.147,224.147,0.57,25.5,0.56,15.0,0.59,24.0,0.6,209.0,0.41,5.0,0.4,279.0,0.42,10.0,0.43,25.5,0.02,0.01,2314.985513,1776195222000
1776195224.739,224.739,0.55,18.0,0.53,15.5,0.56,10.0,0.57,22.61,0.41,24.0,0.4,209.0,0.43,25.5,0.44,15.0,0.01,0.02,2315.789409,1776195223000
1776195225.093,225.093,0.55,10.0,0.54,15.5,0.56,6.07,0.57,20.0,0.43,22.43,0.42,25.5,0.45,18.0,0.46,15.5,0.01,0.02,2315.789409,1776195223000
1776195225.469,225.469,0.55,15.0,0.54,30.5,0.57,19.29,0.58,25.5,0.43,19.29,0.42,25.5,0.45,15.0,0.46,30.5,0.02,0.02,2315.625685,1776195224000
1776195225.683,225.683,0.52,18.14,0.51,15.0,0.56,30.21,0.57,19.79,0.44,40.71,0.43,19.79,0.45,10.0,0.48,15.5,0.04,0.01,2315.625685,1776195224000
1776195226.166,226.166,0.52,24.51,0.51,15.0,0.53,15.0,0.54,25.0,0.44,30.21,0.43,19.79,0.48,18.14,0.49,15.0,0.01,0.04,2315.625685,1776195224000
1776195226.866,226.866,0.52,16.8,0.51,15.0,0.53,10.0,0.54,25.0,0.47,10.0,0.46,25.0,0.48,16.8,0.49,15.0,0.01,0.01,2315.2242,1776195226000
1776195227.195,227.195,0.52,42.3,0.51,30.5,0.53,1.22,0.54,5.0,0.47,10.0,0.46,25.0,0.48,16.8,0.49,15.0,0.01,0.01,2315.2242,1776195226000
1776195227.594,227.594,0.52,21.23,0.51,30.5,0.53,1.22,0.54,15.0,0.47,1.22,0.46,5.0,0.48,42.3,0.49,30.5,0.01,0.01,2315.2242,1776195226000
1776195227.84,227.84,0.52,21.23,0.51,30.5,0.53,1.22,0.54,15.0,0.47,1.22,0.46,15.0,0.48,21.23,0.49,30.5,0.01,0.01,2314.997449,1776195227000
1776195228.834,228.834,0.52,21.23,0.51,25.5,0.54,8.71,0.55,35.5,0.47,1.22,0.46,15.0,0.48,21.23,0.49,30.5,0.02,0.01,2314.997449,1776195227000
1776195229.37,229.37,0.52,16.23,0.51,25.5,0.55,34.39,0.56,23.71,0.46,8.71,0.45,35.5,0.48,21.23,0.49,25.5,0.03,0.02,2314.997449,1776195227000
1776195230.315,230.315,0.52,16.23,0.51,25.5,0.55,34.39,0.56,23.71,0.45,34.39,0.44,23.71,0.48,16.23,0.49,25.5,0.03,0.03,2315.043748,1776195229000
1776195230.821,230.821,0.52,16.23,0.51,25.5,0.54,8.14,0.55,29.39,0.45,34.39,0.44,23.71,0.48,16.23,0.49,25.5,0.02,0.03,2315.043748,1776195229000
1776195232.046,232.046,0.52,16.23,0.51,25.5,0.54,8.14,0.55,29.39,0.46,8.14,0.45,29.39,0.48,16.23,0.49,25.5,0.02,0.02,2314.96065,1776195231000
1776195232.39,232.39,0.45,16.51,0.44,185.0,0.47,15.0,0.48,25.5,0.46,127.59,0.45,74.39,0.54,21.22,0.55,5.0,0.02,0.08,2314.96065,1776195231000
1776195232.713,232.713,0.45,5.0,0.44,220.5,0.46,5.0,0.47,5.0,0.53,15.0,0.52,25.5,0.56,185.0,0.57,15.0,0.01,0.03,2314.96065,1776195231000
1776195233.089,233.089,0.45,295.5,0.44,40.5,0.49,10.0,0.5,30.0,0.54,5.0,0.53,5.0,0.55,5.0,0.56,220.5,0.04,0.01,2314.96065,1776195231000
1776195234.293,234.293,0.48,15.0,0.47,30.5,0.49,6.67,0.5,40.5,0.51,6.67,0.5,40.5,0.52,15.0,0.53,30.5,0.01,0.01,2314.87425,1776195233000
1776195234.592,234.592,0.53,198.78,0.52,150.5,0.54,5.09,0.58,5.0,0.51,5.61,0.5,40.5,0.52,40.0,0.53,30.5,0.01,0.01,2314.87425,1776195233000
1776195235.107,235.107,0.59,75.5,0.58,20.0,0.6,8.89,0.62,10.5,0.4,36.39,0.37,30.0,0.47,198.78,0.48,155.5,0.01,0.07,2314.87425,1776195233000
1776195235.36,235.36,0.59,80.5,0.58,30.0,0.6,7.09,0.62,10.5,0.4,8.89,0.38,10.5,0.41,75.5,0.42,20.0,0.01,0.01,2314.87425,1776195233000
1776195235.643,235.643,0.59,56.4,0.58,30.0,0.6,17.09,0.62,10.5,0.4,7.09,0.38,10.5,0.41,56.4,0.42,30.0,0.01,0.01,2314.87425,1776195233000
1776195235.891,235.891,0.59,56.4,0.58,30.0,0.6,6.24,0.62,10.5,0.4,6.24,0.38,10.5,0.41,56.4,0.42,30.0,0.01,0.01,2314.808015,1776195234000
1776195236.238,236.238,0.59,5.9,0.57,10.0,0.6,31.65,0.61,20.5,0.4,6.24,0.38,10.5,0.41,56.4,0.42,30.0,0.01,0.01,2314.808015,1776195234000
1776195236.444,236.444,0.51,10.0,0.5,10.0,0.56,10.0,0.57,19.31,0.44,10.0,0.43,19.31,0.49,10.0,0.5,10.0,0.05,0.05,2314.856003,1776195235000
1776195236.935,236.935,0.47,42.85,0.46,240.61,0.48,5.0,0.51,30.0,0.49,30.0,0.48,35.0,0.53,10.4,0.54,45.61,0.01,0.04,2314.856003,1776195235000
1776195237.361,237.361,0.5,13.5,0.49,210.0,0.51,20.0,0.52,40.0,0.49,30.0,0.48,35.0,0.53,47.85,0.54,240.61,0.01,0.04,2315.21102,1776195236000
1776195237.843,237.843,0.5,30.7,0.49,210.0,0.51,19.11,0.52,40.0,0.49,14.11,0.48,40.0,0.5,8.5,0.51,210.0,0.01,0.01,2315.21102,1776195236000
1776195238.314,238.314,0.5,30.7,0.49,210.0,0.51,19.11,0.52,40.0,0.49,19.11,0.48,40.0,0.5,30.7,0.51,210.0,0.01,0.01,2315.19695,1776195237000
1776195238.624,238.624,0.5,381.38,0.49,34.0,0.57,5.0,0.58,20.0,0.49,19.11,0.48,40.0,0.5,30.7,0.51,210.0,0.07,0.01,2315.19695,1776195237000
1776195239.194,239.194,0.56,78.22,0.55,25.53,0.57,5.0,0.58,10.0,0.43,5.0,0.42,20.0,0.5,381.38,0.51,34.0,0.01,0.07,2315.19695,1776195237000
1776195239.416,239.416,0.56,78.22,0.55,25.53,0.57,5.0,0.58,10.0,0.43,5.0,0.42,10.0,0.44,78.22,0.45,25.53,0.01,0.01,2314.97035,1776195238000
1776195240.067,240.067,0.56,78.22,0.55,25.53,0.57,5.0,0.58,10.0,0.43,5.0,0.42,10.0,0.44,78.22,0.45,25.53,0.01,0.01,2314.95886,1776195239000
1776195240.287,240.287,0.57,9.85,0.56,222.72,0.59,10.0,0.6,5.0,0.43,7.15,0.41,10.0,0.44,217.72,0.45,20.0,0.02,0.01,2314.95886,1776195239000
1776195240.603,240.603,0.58,45.0,0.57,39.85,0.59,14.49,0.6,5.0,0.41,20.0,0.4,5.0,0.42,20.0,0.43,34.85,0.01,0.01,2314.95886,1776195239000
1776195241.151,241.151,0.58,33.28,0.57,39.85,0.59,24.49,0.6,5.0,0.41,24.49,0.4,5.0,0.42,33.28,0.43,39.85,0.01,0.01,2315.139245,1776195240000
1776195241.629,241.629,0.58,38.28,0.57,39.85,0.59,14.91,0.6,10.0,0.41,24.49,0.4,5.0,0.42,33.28,0.43,39.85,0.01,0.01,2315.139245,1776195240000
1776195241.866,241.866,0.58,18.28,0.57,39.85,0.59,14.91,0.6,10.0,0.41,14.91,0.4,10.0,0.42,38.28,0.43,39.85,0.01,0.01,2315.139245,1776195240000
1776195242.292,242.292,0.58,13.28,0.57,34.85,0.59,13.08,0.6,10.0,0.41,13.08,0.4,10.0,0.42,13.28,0.43,34.85,0.01,0.01,2315.16261,1776195241000
1776195242.75,242.75,0.6,14.91,0.59,25.0,0.61,200.0,0.62,5.0,0.4,9.61,0.39,185.0,0.42,28.28,0.43,34.85,0.01,0.02,2315.16261,1776195241000
1776195243.265,243.265,0.6,14.91,0.59,25.0,0.61,193.36,0.62,5.0,0.39,200.0,0.38,5.0,0.4,14.91,0.41,25.0,0.01,0.01,2315.16261,1776195241000
1776195243.471,243.471,0.6,14.91,0.59,25.0,0.61,193.36,0.62,5.0,0.39,193.36,0.38,5.0,0.4,14.91,0.41,25.0,0.01,0.01,2315.18052,1776195242000
1776195243.803,243.803,0.57,9.85,0.52,10.0,0.59,105.0,0.6,210.0,0.39,260.0,0.38,15.0,0.41,15.0,0.42,10.09,0.02,0.02,2315.18052,1776195242000
1776195244.019,244.019,0.51,15.0,0.5,23.0,0.52,10.0,0.53,15.0,0.41,47.03,0.4,210.0,0.48,10.0,0.49,10.0,0.01,0.07,2315.18052,1776195242000
1776195244.3,244.3,0.5,12.98,0.49,190.0,0.52,15.0,0.53,15.0,0.48,10.0,0.47,15.0,0.49,15.0,0.5,23.0,0.02,0.01,2315.180623,1776195243000
1776195244.536,244.536,0.5,12.98,0.49,195.0,0.51,3.13,0.52,10.0,0.49,15.0,0.48,10.0,0.5,12.98,0.51,195.0,0.01,0.01,2315.180623,1776195243000
1776195245.172,245.172,0.49,167.98,0.48,31.0,0.51,15.0,0.52,10.0,0.49,3.13,0.48,10.0,0.5,12.98,0.51,195.0,0.02,0.01,2315.180623,1776195243000
1776195245.675,245.675,0.47,4.55,0.45,5.0,0.48,230.0,0.49,20.0,0.49,15.0,0.48,10.0,0.51,152.58,0.52,36.0,0.01,0.02,2315.240731,1776195244000
1776195246.01,246.01,0.37,191.71,0.36,10.0,0.46,50.0,0.48,225.0,0.52,225.0,0.51,20.0,0.63,198.14,0.64,10.0,0.09,0.11,2315.240731,1776195244000
1776195246.297,246.297,0.29,32.0,0.26,94.59,0.3,23.13,0.31,85.0,0.69,10.0,0.68,10.0,0.74,94.59,0.78,21.0,0.01,0.05,2315.240731,1776195244000
1776195246.545,246.545,0.25,7.14,0.2,39.42,0.26,20.0,0.27,25.0,0.73,15.0,0.72,15.0,0.75,2.14,0.8,9.42,0.01,0.02,2315.240731,1776195244000
1776195246.795,246.795,0.2,14.42,0.19,23.0,0.21,9.42,0.22,10.0,0.74,20.0,0.73,25.0,0.8,36.42,0.81,44.0,0.01,0.06,2314.985392,1776195245000
1776195246.999,246.999,0.21,45.0,0.2,5.0,0.25,15.0,0.26,15.0,0.76,8.59,0.75,15.0,0.79,45.0,0.8,169.79,0.04,0.03,2314.985392,1776195245000
1776195247.211,247.211,0.2,15.75,0.19,23.0,0.23,10.0,0.24,10.0,0.77,10.0,0.76,10.0,0.79,5.0,0.8,10.0,0.03,0.02,2314.927625,1776195246000
1776195247.463,247.463,0.2,8.75,0.19,23.0,0.22,2.72,0.23,0.73,0.77,0.73,0.76,10.0,0.8,193.75,0.81,23.0,0.02,0.03,2314.927625,1776195246000
1776195247.757,247.757,0.32,10.0,0.31,10.0,0.35,10.0,0.36,50.0,0.79,10.0,0.78,2.72,0.81,21.8,0.82,34.4,0.03,0.02,2314.927625,1776195246000
1776195247.977,247.977,0.33,185.16,0.32,16.0,0.34,6.9,0.35,20.0,0.66,6.9,0.65,20.0,0.67,186.66,0.68,16.0,0.01,0.01,2314.927625,1776195246000
1776195248.348,248.348,0.33,189.65,0.32,11.0,0.36,57.37,0.37,10.0,0.64,57.37,0.63,10.0,0.67,190.16,0.68,11.0,0.03,0.03,2314.927625,1776195246000
1776195248.573,248.573,0.31,177.27,0.29,12.0,0.32,10.0,0.33,10.0,0.66,10.0,0.65,10.0,0.67,176.5,0.68,11.0,0.01,0.01,2314.034712,1776195247000
1776195249.058,249.058,0.31,170.02,0.29,12.0,0.32,6.84,0.33,20.0,0.68,6.84,0.67,10.0,0.69,177.27,0.71,12.0,0.01,0.01,2314.034712,1776195247000
1776195249.579,249.579,0.27,177.0,0.24,14.0,0.28,15.0,0.29,20.0,0.68,5.89,0.67,25.0,0.69,170.02,0.71,12.0,0.01,0.01,2313.681397,1776195248000
1776195249.938,249.938,0.23,195.0,0.22,15.0,0.24,6.66,0.25,20.0,0.72,15.0,0.71,20.0,0.73,177.0,0.76,14.0,0.01,0.01,2313.681397,1776195248000
1776195250.211,250.211,0.23,223.8,0.19,20.0,0.24,10.0,0.25,10.0,0.76,10.0,0.75,10.0,0.77,170.8,0.8,5.0,0.01,0.01,2313.681397,1776195248000
1776195250.637,250.637,0.17,180.0,0.14,71.9,0.18,3.88,0.19,30.0,0.74,75.0,0.73,15.0,0.77,218.8,0.82,187.4,0.01,0.03,2313.89385,1776195249000
1776195250.838,250.838,0.17,233.92,0.14,10.0,0.19,8.67,0.2,33.75,0.81,8.67,0.8,28.75,0.83,234.02,0.86,10.0,0.02,0.02,2313.89385,1776195249000
1776195251.115,251.115,0.17,233.92,0.16,10.0,0.2,32.42,0.21,60.0,0.81,8.67,0.8,33.75,0.83,233.92,0.86,10.0,0.03,0.02,2313.89385,1776195250000
1776195251.408,251.408,0.19,222.9,0.18,13.17,0.2,32.42,0.21,60.0,0.8,42.42,0.79,60.0,0.82,7.56,0.83,243.92,0.01,0.02,2313.89385,1776195250000
1776195251.667,251.667,0.19,146.24,0.18,13.17,0.2,10.0,0.21,15.0,0.79,48.87,0.78,10.0,0.81,149.54,0.82,13.17,0.01,0.02,2313.89385,1776195250000
1776195251.943,251.943,0.19,136.31,0.17,10.0,0.2,6.95,0.21,15.0,0.8,10.0,0.79,15.0,0.81,136.31,0.83,10.0,0.01,0.01,2313.89385,1776195250000
1776195252.195,252.195,0.19,131.52,0.17,10.0,0.2,10.0,0.21,10.0,0.8,10.0,0.79,10.0,0.81,131.52,0.83,10.0,0.01,0.01,2313.7851,1776195251000
1776195252.524,252.524,0.14,77.52,0.13,20.0,0.18,10.0,0.19,15.0,0.81,15.0,0.8,15.0,0.84,2.88,0.85,10.0,0.04,0.03,2313.7851,1776195251000
1776195252.742,252.742,0.15,6.23,0.14,87.52,0.17,15.0,0.18,15.0,0.83,15.0,0.82,15.0,0.85,8.82,0.86,87.52,0.02,0.02,2313.7851,1776195251000
1776195252.976,252.976,0.15,10.84,0.14,10.0,0.17,5.0,0.18,15.0,0.83,5.0,0.82,15.0,0.85,6.23,0.86,87.52,0.02,0.02,2313.7851,1776195251000
1776195253.177,253.177,0.18,193.03,0.17,86.0,0.19,6.0,0.23,10.0,0.81,6.0,0.77,10.0,0.82,195.21,0.83,86.0,0.01,0.01,2313.7851,1776195251000
1776195253.382,253.382,0.18,266.03,0.17,98.0,0.19,3.0,0.2,10.0,0.81,3.0,0.8,10.0,0.82,266.03,0.83,98.0,0.01,0.01,2313.337317,1776195252000
1776195253.609,253.609,0.37,5.0,0.36,10.0,0.38,180.0,0.39,40.0,0.62,180.0,0.61,40.0,0.78,19.82,0.82,442.83,0.01,0.16,2313.337317,1776195252000
1776195253.836,253.836,0.36,7.26,0.35,10.0,0.38,195.0,0.39,45.0,0.62,195.0,0.61,45.0,0.63,8.41,0.64,10.0,0.02,0.01,2313.337317,1776195252000
1776195254.198,254.198,0.32,1.63,0.31,10.0,0.33,10.0,0.34,20.0,0.62,195.0,0.61,45.0,0.63,2.31,0.64,7.26,0.01,0.01,2313.337317,1776195253000
1776195254.543,254.543,0.31,4.34,0.3,195.0,0.32,68.0,0.33,10.0,0.68,8.37,0.67,10.0,0.69,10.0,0.7,190.0,0.01,0.01,2313.337317,1776195253000
1776195254.8,254.8,0.31,4.34,0.3,195.0,0.32,52.59,0.33,10.0,0.68,62.91,0.67,10.0,0.69,4.34,0.7,195.0,0.01,0.01,2313.337317,1776195253000
1776195255.134,255.134,0.31,3.33,0.3,193.63,0.32,52.59,0.33,10.0,0.68,52.59,0.67,10.0,0.7,193.63,0.71,20.0,0.01,0.02,2313.337317,1776195253000
1776195255.721,255.721,0.3,193.63,0.29,25.0,0.32,53.77,0.33,10.0,0.68,52.59,0.67,10.0,0.69,0.59,0.7,193.63,0.02,0.01,2313.837607,1776195254000
1776195255.981,255.981,0.3,175.88,0.29,15.0,0.31,10.0,0.32,63.77,0.68,63.77,0.67,75.2,0.7,187.41,0.71,25.0,0.01,0.02,2313.837607,1776195254000
1776195256.251,256.251,0.26,180.0,0.21,50.0,0.3,6.63,0.31,29.0,0.7,6.63,0.69,49.0,0.71,10.0,0.74,180.0,0.04,0.01,2313.837607,1776195254000
1776195256.715,256.715,0.21,249.79,0.2,5.0,0.22,10.0,0.23,10.0,0.73,10.0,0.72,10.0,0.79,229.93,0.8,32.0,0.01,0.06,2314.005466,1776195255000
1776195257.367,257.367,0.21,247.25,0.2,20.05,0.22,3.18,0.23,10.0,0.78,3.18,0.77,10.0,0.79,249.79,0.8,5.0,0.01,0.01,2314.005466,1776195255000
1776195257.687,257.687,0.21,191.79,0.17,86.0,0.23,3.18,0.24,10.0,0.78,3.18,0.77,10.0,0.79,247.25,0.8,20.05,0.02,0.01,2313.995295,1776195256000
1776195258.028,258.028,0.18,180.0,0.16,36.8,0.22,207.11,0.23,188.18,0.78,139.11,0.77,3.18,0.79,182.42,0.83,73.0,0.04,0.01,2313.995295,1776195256000
1776195258.334,258.334,0.18,184.09,0.17,58.0,0.19,10.0,0.2,10.0,0.81,10.0,0.8,10.0,0.82,171.48,0.83,58.0,0.01,0.01,2313.8647,1776195257000
1776195258.673,258.673,0.15,230.02,0.14,20.0,0.19,20.0,0.2,73.0,0.81,15.0,0.8,10.0,0.82,186.4,0.83,10.0,0.04,0.01,2313.8647,1776195257000
1776195259.269,259.269,0.15,230.02,0.14,20.0,0.19,20.0,0.2,73.0,0.81,20.0,0.8,73.0,0.85,230.02,0.86,20.0,0.04,0.04,2313.714105,1776195258000
1776195259.575,259.575,0.15,241.69,0.14,20.0,0.16,9.91,0.17,10.0,0.81,20.0,0.8,73.0,0.85,230.02,0.86,20.0,0.01,0.04,2313.714105,1776195258000
1776195260.241,260.241,0.16,185.29,0.15,57.51,0.18,168.87,0.19,78.0,0.82,127.87,0.81,15.0,0.85,237.51,0.86,20.0,0.02,0.03,2313.714105,1776195258000
1776195260.677,260.677,0.16,173.14,0.15,57.51,0.18,163.27,0.19,78.0,0.82,163.27,0.81,78.0,0.84,185.29,0.85,57.51,0.02,0.02,2313.714105,1776195258000
1776195260.921,260.921,0.16,178.14,0.15,57.51,0.17,144.39,0.18,45.4,0.83,144.39,0.82,45.4,0.84,178.14,0.85,57.51,0.01,0.01,2313.47705,1776195259000
1776195261.359,261.359,0.16,168.14,0.15,16.73,0.17,225.39,0.18,35.4,0.83,144.39,0.82,45.4,0.84,178.14,0.85,57.51,0.01,0.01,2313.47705,1776195259000
1776195261.57,261.57,0.16,131.43,0.15,6.73,0.17,235.39,0.18,35.4,0.83,230.39,0.82,35.4,0.84,163.43,0.85,16.73,0.01,0.01,2313.4271,1776195260000
1776195261.8,261.8,0.15,84.35,0.14,10.0,0.16,85.69,0.17,35.0,0.84,135.07,0.83,35.0,0.85,79.35,0.86,10.0,0.01,0.01,2313.4271,1776195260000
1776195262.108,262.108,0.15,169.94,0.14,10.0,0.16,138.69,0.17,35.0,0.84,138.69,0.83,35.0,0.85,169.94,0.86,10.0,0.01,0.01,2313.426226,1776195261000
1776195262.345,262.345,0.14,10.0,0.13,27.76,0.16,147.06,0.17,25.0,0.84,138.69,0.83,35.0,0.85,169.94,0.86,10.0,0.02,0.01,2313.426226,1776195261000
1776195262.727,262.727,0.14,6.93,0.13,20.0,0.15,49.86,0.16,91.37,0.84,147.06,0.83,25.0,0.86,10.0,0.87,27.76,0.01,0.02,2313.426226,1776195261000
1776195263.039,263.039,0.14,6.36,0.13,20.0,0.15,181.78,0.16,83.0,0.85,49.86,0.84,91.37,0.86,6.93,0.87,20.0,0.01,0.01,2313.426226,1776195261000
1776195263.332,263.332,0.13,10.0,0.12,10.0,0.14,44.86,0.15,171.92,0.85,181.78,0.84,83.0,0.89,68.0,0.9,335.0,0.01,0.04,2313.426226,1776195261000
1776195263.865,263.865,0.12,10.0,0.11,257.18,0.13,130.88,0.14,40.86,0.86,50.86,0.85,171.92,0.87,4.5,0.88,10.0,0.01,0.01,2313.43529,1776195262000
1776195264.144,264.144,0.12,190.0,0.11,77.18,0.13,149.88,0.14,40.86,0.87,130.88,0.86,40.86,0.88,10.0,0.89,257.18,0.01,0.01,2313.406075,1776195263000
1776195264.624,264.624,0.12,7.61,0.11,77.18,0.13,169.74,0.14,31.0,0.87,154.88,0.86,40.86,0.88,190.22,0.89,77.18,0.01,0.01,2313.406075,1776195263000
1776195265.007,265.007,0.12,7.75,0.11,75.7,0.13,136.88,0.14,31.0,0.87,141.88,0.86,31.0,0.89,75.7,0.9,120.0,0.01,0.02,2313.406075,1776195263000
1776195265.356,265.356,0.12,6.33,0.11,75.7,0.13,141.88,0.14,31.0,0.87,141.88,0.86,31.0,0.88,6.33,0.89,75.7,0.01,0.01,2313.26789,1776195264000
1776195265.566,265.566,0.12,1.55,0.11,17.7,0.13,156.88,0.14,99.0,0.87,141.88,0.86,31.0,0.88,6.33,0.89,75.7,0.01,0.01,2313.26789,1776195264000
1776195265.832,265.832,0.1,90.0,0.09,117.0,0.12,154.09,0.13,34.95,0.87,147.12,0.86,99.0,0.89,17.7,0.9,90.0,0.02,0.02,2313.26789,1776195264000
1776195266.177,266.177,0.11,9.74,0.1,88.1,0.12,189.09,0.13,98.73,0.88,154.09,0.87,34.95,0.9,90.0,0.91,117.0,0.01,0.02,2313.26584,1776195265000
1776195266.401,266.401,0.1,77.97,0.09,54.0,0.12,198.95,0.13,83.87,0.88,184.09,0.87,98.73,0.89,1.87,0.9,88.1,0.02,0.01,2313.26584,1776195265000
1776195266.813,266.813,0.1,5.22,0.09,44.0,0.11,206.11,0.12,49.86,0.88,198.95,0.87,83.87,0.9,77.97,0.91,54.0,0.01,0.02,2313.26584,1776195265000
1776195267.053,267.053,0.09,9.6,0.08,116.9,0.1,20.0,0.11,216.11,0.89,221.11,0.88,107.86,0.91,10.0,0.92,116.9,0.01,0.02,2313.26584,1776195265000
1776195267.328,267.328,0.09,24.8,0.08,68.0,0.1,20.0,0.11,216.11,0.9,15.0,0.89,226.11,0.91,17.64,0.92,68.0,0.01,0.01,2313.248815,1776195266000
1776195267.622,267.622,0.09,8.9,0.08,68.0,0.1,20.0,0.11,216.11,0.9,20.0,0.89,216.11,0.91,0.22,0.92,68.0,0.01,0.01,2313.248815,1776195266000
1776195268.122,268.122,0.07,73.55,0.06,118.8,0.09,170.43,0.1,40.0,0.9,30.0,0.89,216.11,0.92,62.31,0.93,75.3,0.02,0.02,2313.248815,1776195266000
1776195268.427,268.427,0.08,5.27,0.07,73.55,0.09,164.5,0.1,40.0,0.91,170.43,0.9,40.0,0.93,73.55,0.94,118.8,0.01,0.02,2313.24665,1776195267000
1776195268.716,268.716,0.07,7.0,0.06,10.0,0.08,47.17,0.09,207.5,0.91,164.5,0.9,40.0,0.92,5.27,0.93,73.55,0.01,0.01,2313.24665,1776195267000
1776195269.065,269.065,0.07,1.71,0.06,10.0,0.08,246.68,0.09,88.52,0.92,42.17,0.91,207.5,0.93,1.9,0.94,10.0,0.01,0.01,2313.24665,1776195267000
1776195269.317,269.317,0.04,61.08,0.03,209.7,0.08,317.68,0.09,30.52,0.92,317.68,0.91,30.52,0.94,0.37,0.95,88.0,0.04,0.02,2313.24665,1776195267000
1776195269.863,269.863,0.05,5.1,0.04,10.0,0.06,30.0,0.07,92.0,0.94,15.0,0.93,20.0,0.95,9.74,0.96,53.93,0.01,0.01,2313.189868,1776195268000
1776195270.179,270.179,0.03,358.0,0.02,541.7,0.06,30.0,0.07,92.0,0.94,35.0,0.93,92.0,0.95,4.04,0.96,10.0,0.03,0.01,2313.182845,1776195269000
1776195270.485,270.485,0.03,348.04,0.02,448.7,0.05,20.0,0.06,30.0,0.94,35.0,0.93,92.0,0.96,5.41,0.97,358.0,0.02,0.02,2313.182845,1776195269000
1776195270.829,270.829,0.04,5.41,0.03,348.04,0.05,5.0,0.06,49.64,0.94,26.64,0.93,87.0,0.97,348.04,0.98,448.7,0.01,0.03,2313.182845,1776195269000
1776195271.079,271.079,0.04,0.41,0.03,81.04,0.05,74.0,0.06,31.64,0.95,74.0,0.94,31.64,0.96,0.41,0.97,81.04,0.01,0.01,2312.9718,1776195270000
1776195271.356,271.356,0.03,56.87,0.02,519.0,0.04,49.96,0.05,79.0,0.96,29.96,0.95,79.0,0.97,59.04,0.98,461.0,0.01,0.01,2312.9718,1776195270000
1776195271.75,271.75,0.03,51.29,0.02,519.0,0.04,44.96,0.05,69.0,0.96,54.96,0.95,79.0,0.97,52.33,0.98,519.0,0.01,0.01,2312.9718,1776195270000
1776195272.169,272.169,0.03,79.13,0.02,255.0,0.04,36.96,0.06,20.0,0.96,49.96,0.95,69.0,0.97,46.13,0.98,519.0,0.01,0.01,2312.9718,1776195270000
1776195272.372,272.372,0.02,134.49,0.01,6730.46,0.03,15.0,0.04,13.96,0.96,13.96,0.94,20.0,0.98,134.49,0.99,6730.46,0.01,0.02,2312.841204,1776195271000
1776195272.633,272.633,0.1,39.48,0.05,87.95,0.13,22.8,0.15,10.0,0.94,20.0,0.91,5.52,0.95,45.95,0.96,35.0,0.03,0.01,2312.841204,1776195271000
1776195272.842,272.842,0.11,153.65,0.1,109.48,0.16,37.49,0.17,21.0,0.84,37.49,0.83,21.0,0.89,130.69,0.9,109.48,0.05,0.05,2312.841204,1776195271000
1776195273.111,273.111,0.15,10.0,0.13,10.0,0.16,1.99,0.17,5.0,0.84,26.49,0.83,10.0,0.89,153.65,0.9,109.48,0.01,0.05,2312.841204,1776195271000
1776195273.313,273.313,0.2,10.0,0.19,10.0,0.27,10.0,0.28,10.0,0.7,7.9,0.69,10.0,0.81,10.0,0.82,10.0,0.07,0.11,2312.841204,1776195271000
1776195273.534,273.534,0.24,70.55,0.23,80.0,0.27,11.0,0.28,5.0,0.73,6.0,0.71,10.0,0.74,4.15,0.75,18.0,0.03,0.01,2312.714653,1776195272000
1776195273.744,273.744,0.25,10.0,0.24,42.64,0.26,4.94,0.27,15.0,0.74,6.0,0.73,5.0,0.76,32.64,0.77,90.0,0.01,0.02,2312.714653,1776195272000
1776195273.959,273.959,0.23,51.26,0.22,80.0,0.25,10.0,0.26,15.0,0.74,15.0,0.73,13.75,0.77,67.24,0.78,80.0,0.02,0.03,2312.714653,1776195272000
1776195274.19,274.19,0.23,36.04,0.22,70.0,0.24,20.0,0.25,15.0,0.76,10.0,0.75,15.0,0.77,47.89,0.78,70.0,0.01,0.01,2313.01632,1776195273000
1776195274.473,274.473,0.22,50.0,0.19,5.0,0.24,23.09,0.25,15.0,0.76,23.09,0.75,15.0,0.77,40.6,0.78,70.0,0.02,0.01,2313.01632,1776195273000
1776195274.832,274.832,0.13,144.9,0.11,50.0,0.14,15.0,0.15,139.52,0.77,15.0,0.76,23.09,0.82,62.0,0.83,30.0,0.01,0.05,2313.01632,1776195273000
1776195275.122,275.122,0.1,39.2,0.09,12.5,0.11,10.0,0.12,10.0,0.86,10.0,0.85,243.32,0.87,135.83,0.89,50.0,0.01,0.01,2313.01632,1776195273000
1776195275.479,275.479,0.1,39.2,0.09,12.5,0.12,5.0,0.13,16.0,0.89,10.0,0.88,10.0,0.9,39.2,0.91,12.5,0.02,0.01,2313.789735,1776195274000
1776195275.715,275.715,0.1,33.77,0.09,12.5,0.11,18.0,0.12,15.0,0.88,5.0,0.87,16.0,0.9,39.2,0.91,12.5,0.01,0.02,2313.789735,1776195274000
1776195276.065,276.065,0.1,41.34,0.09,22.5,0.11,157.88,0.12,10.0,0.89,169.88,0.88,15.0,0.9,31.34,0.91,12.5,0.01,0.01,2313.789735,1776195274000
1776195276.492,276.492,0.1,27.03,0.09,12.5,0.11,167.88,0.12,10.0,0.89,167.88,0.88,10.0,0.9,30.47,0.91,22.5,0.01,0.01,2314.282963,1776195275000
1776195276.698,276.698,0.1,21.16,0.09,12.5,0.11,161.08,0.12,10.0,0.89,161.08,0.88,10.0,0.9,31.16,0.91,12.5,0.01,0.01,2314.282963,1776195275000
1776195276.921,276.921,0.1,16.27,0.09,12.5,0.11,208.62,0.12,10.0,0.89,219.08,0.88,10.0,0.9,16.27,0.91,12.5,0.01,0.01,2314.282963,1776195275000
1776195277.191,277.191,0.1,14.93,0.09,12.5,0.11,198.62,0.12,10.0,0.89,208.62,0.88,10.0,0.9,16.27,0.91,12.5,0.01,0.01,2314.282963,1776195275000
1776195277.414,277.414,0.1,13.02,0.09,12.5,0.11,213.62,0.12,15.0,0.89,198.62,0.88,10.0,0.9,14.93,0.91,12.5,0.01,0.01,2314.282963,1776195275000
1776195277.63,277.63,0.1,8.9,0.09,12.5,0.11,184.62,0.12,24.0,0.89,184.62,0.88,24.0,0.9,8.9,0.91,12.5,0.01,0.01,2313.80515,1776195276000
1776195277.946,277.946,0.1,13.8,0.09,12.5,0.11,223.71,0.12,20.0,0.89,184.62,0.88,24.0,0.9,8.9,0.91,12.5,0.01,0.01,2313.80515,1776195276000
1776195278.307,278.307,0.09,10.75,0.06,63.8,0.1,20.0,0.11,218.71,0.89,223.71,0.88,20.0,0.91,12.5,0.94,113.8,0.01,0.02,2313.80515,1776195276000
1776195278.557,278.557,0.09,10.59,0.06,63.8,0.1,20.0,0.11,140.71,0.9,20.0,0.89,218.71,0.91,10.75,0.94,63.8,0.01,0.01,2313.657788,1776195277000
1776195278.805,278.805,0.06,63.8,0.05,128.8,0.09,15.41,0.1,39.0,0.9,20.0,0.89,140.71,0.91,10.59,0.94,63.8,0.03,0.01,2313.657788,1776195277000
1776195279.005,279.005,0.06,63.8,0.05,128.8,0.09,15.41,0.1,39.0,0.91,15.41,0.9,39.0,0.94,63.8,0.95,128.8,0.03,0.03,2313.637725,1776195278000
1776195279.294,279.294,0.06,47.31,0.05,128.8,0.07,10.0,0.08,10.0,0.93,10.0,0.92,10.0,0.94,47.33,0.95,128.8,0.01,0.01,2313.637725,1776195278000
1776195279.722,279.722,0.06,47.31,0.05,128.8,0.07,2.14,0.08,10.0,0.91,41.52,0.9,185.66,0.94,47.31,0.95,128.8,0.01,0.03,2313.637725,1776195278000
1776195279.979,279.979,0.06,17.73,0.05,128.8,0.07,12.14,0.08,168.3,0.93,7.14,0.92,10.0,0.94,42.73,0.95,182.8,0.01,0.01,2313.637725,1776195278000
1776195280.471,280.471,0.05,128.8,0.04,73.0,0.06,27.57,0.07,17.14,0.94,27.57,0.93,17.14,0.95,128.8,0.96,73.0,0.01,0.01,2313.460316,1776195279000
1776195280.8,280.8,0.05,134.56,0.04,15.0,0.06,66.89,0.07,17.14,0.94,27.57,0.93,17.14,0.95,128.8,0.96,73.0,0.01,0.01,2313.460316,1776195279000
1776195281.141,281.141,0.05,58.76,0.04,15.0,0.06,64.4,0.07,12.14,0.94,64.4,0.93,17.14,0.95,134.56,0.96,15.0,0.01,0.01,2313.460316,1776195279000
1776195281.433,281.433,0.05,1.76,0.04,40.0,0.06,64.4,0.07,12.14,0.94,64.4,0.93,12.14,0.95,58.76,0.96,15.0,0.01,0.01,2313.45606,1776195280000
1776195281.795,281.795,0.05,1.56,0.04,40.0,0.06,69.4,0.07,12.14,0.94,64.4,0.93,12.14,0.95,1.76,0.96,40.0,0.01,0.01,2313.45606,1776195280000
1776195282.141,282.141,0.04,31.12,0.03,68.0,0.06,69.4,0.07,12.14,0.94,69.4,0.93,12.14,0.95,1.56,0.96,40.0,0.02,0.01,2313.45606,1776195280000
1776195282.464,282.464,0.04,80.55,0.03,137.0,0.06,19.11,0.07,58.0,0.95,20.26,0.94,49.4,0.98,129.49,0.99,6404.99,0.02,0.03,2313.45606,1776195280000
1776195282.674,282.674,0.1,27.12,0.09,10.0,0.11,37.72,0.12,34.0,0.89,37.72,0.88,34.0,0.9,27.12,0.91,10.0,0.01,0.01,2313.454565,1776195281000
1776195282.898,282.898,0.1,17.12,0.08,10.0,0.11,31.17,0.12,39.0,0.89,26.17,0.88,39.0,0.9,32.12,0.92,10.0,0.01,0.01,2313.454565,1776195281000
1776195283.106,283.106,0.1,14.04,0.08,10.0,0.11,193.09,0.12,39.0,0.89,178.09,0.88,39.0,0.9,14.74,0.92,10.0,0.01,0.01,2313.454565,1776195281000
1776195283.447,283.447,0.1,0.48,0.08,10.0,0.11,196.09,0.12,15.0,0.89,201.09,0.88,15.0,0.9,3.35,0.92,10.0,0.01,0.01,2313.44226,1776195282000
1776195283.797,283.797,0.07,8.75,0.06,68.0,0.09,20.0,0.1,23.0,0.89,196.09,0.88,15.0,0.92,9.15,0.93,10.0,0.02,0.03,2313.44226,1776195282000
1776195284.415,284.415,0.07,110.43,0.06,60.0,0.08,146.88,0.1,10.0,0.91,20.0,0.9,23.0,0.93,8.43,0.94,68.0,0.01,0.02,2313.44226,1776195282000
1776195284.666,284.666,0.07,44.32,0.06,118.0,0.08,110.78,0.09,5.0,0.92,105.78,0.9,10.0,0.93,99.43,0.94,60.0,0.01,0.01,2313.44226,1776195282000
1776195285.156,285.156,0.07,7.89,0.06,118.0,0.1,37.2,0.11,21.17,0.92,110.78,0.91,5.0,0.93,44.32,0.94,118.0,0.03,0.01,2313.612131,1776195283000
1776195285.54,285.54,0.03,48.0,0.02,346.49,0.06,20.0,0.07,15.0,0.91,10.0,0.9,37.2,0.93,29.17,0.94,118.0,0.03,0.02,2313.612131,1776195283000
1776195285.814,285.814,0.02,129.49,0.01,6777.99,0.05,25.0,0.06,15.0,0.95,10.0,0.94,15.0,0.97,1.81,0.98,129.49,0.03,0.02,2313.745695,1776195284000
1776195286.244,286.244,0.02,222.6,0.01,6719.99,0.04,10.0,0.05,20.0,0.96,10.0,0.95,20.0,0.98,222.6,0.99,6719.99,0.02,0.02,2313.758045,1776195285000
1776195286.605,286.605,0.02,191.13,0.01,6374.99,0.04,20.0,0.05,20.0,0.96,10.0,0.95,20.0,0.98,222.6,0.99,6719.99,0.02,0.02,2313.758045,1776195285000
1776195286.899,286.899,0.02,83.12,0.01,6654.99,0.04,20.0,0.05,20.0,0.96,20.0,0.95,20.0,0.98,191.13,0.99,6374.99,0.02,0.02,2313.758045,1776195285000
1776195287.197,287.197,0.01,6357.99,,,0.02,20.0,0.03,15.0,0.96,15.0,0.95,20.0,0.98,75.19,0.99,6654.99,0.01,0.02,2313.758045,1776195285000
1776195287.475,287.475,0.01,6327.99,,,0.02,15.0,0.03,73.0,0.98,20.0,0.97,15.0,0.99,6332.99,,,0.01,0.01,2313.758045,1776195285000
1776195287.877,287.877,0.01,1158.99,,,0.02,15.0,0.03,117.07,0.97,57.07,0.96,45.0,0.99,6218.99,,,0.01,0.02,2313.7503,1776195286000
1776195288.318,288.318,0.01,1149.94,,,0.02,10.0,0.03,117.07,0.98,10.0,0.97,117.07,0.99,1149.94,,,0.01,0.01,2313.63323,1776195287000
1776195288.58,288.58,0.01,1113.27,,,0.02,20.0,0.03,97.07,0.98,25.0,0.97,102.07,0.99,1114.39,,,0.01,0.01,2313.63323,1776195287000
1776195288.967,288.967,0.01,1060.9,,,0.02,20.0,0.03,97.07,0.98,20.0,0.97,97.07,0.99,1062.76,,,0.01,0.01,2313.63323,1776195287000
1776195289.245,289.245,0.01,1018.83,,,0.02,115.0,0.03,40.0,0.98,157.0,0.97,97.07,0.99,1018.83,,,0.01,0.01,2313.5532,1776195288000
1776195289.517,289.517,0.01,950.23,,,0.02,120.09,0.03,50.0,0.98,120.09,0.97,50.0,0.99,956.38,,,0.01,0.01,2313.5532,1776195288000
1776195289.977,289.977,0.01,732.79,,,0.02,120.09,0.03,50.0,0.98,115.09,0.97,50.0,0.99,747.09,,,0.01,0.01,2313.5532,1776195288000
1776195290.468,290.468,0.01,575.67,,,0.02,125.28,0.03,50.0,0.98,120.09,0.97,50.0,0.99,580.67,,,0.01,0.01,2313.5532,1776195288000
1776195290.836,290.836,0.01,560.92,,,0.02,130.28,0.03,45.0,0.98,130.28,0.97,50.0,0.99,565.97,,,0.01,0.01,2312.769345,1776195289000
1776195291.3,291.3,0.01,560.92,,,0.02,130.28,0.03,45.0,0.98,130.28,0.97,45.0,0.99,560.92,,,0.01,0.01,2312.58335,1776195290000
1776195292.208,292.208,,,,,0.01,9993.86,0.02,72.28,0.99,1466.09,0.98,135.28,,,,,,,2312.58335,1776195290000
1776195292.615,292.615,,,,,0.01,9993.86,0.02,72.28,0.99,9993.86,0.98,72.28,,,,,,,2312.53345,1776195291000
1776195293.311,293.311,,,,,0.01,9993.86,0.02,72.28,0.99,9993.86,0.98,72.28,,,,,,,2312.130655,1776195292000
1776195294.383,294.383,,,,,0.01,9993.86,0.02,72.28,0.99,9993.86,0.98,72.28,,,,,,,2311.60176,1776195293000
1776195294.918,294.918,,,,,0.01,9993.86,0.02,72.28,0.99,9993.86,0.98,72.28,,,,,,,2311.63123,1776195294000
1776195295.684,295.684,,,,,0.01,11619.13,0.02,82.28,0.99,9993.86,0.98,72.28,,,,,,,2311.63123,1776195294000
1776195296.083,296.083,,,,,0.01,11619.13,0.02,82.28,0.99,11619.13,0.98,82.28,,,,,,,2311.600525,1776195295000
1776195297.207,297.207,,,,,0.01,11619.13,0.02,82.28,0.99,11619.13,0.98,82.28,,,,,,,2311.5266,1776195296000
1776195298.264,298.264,,,,,0.01,11619.13,0.02,82.28,0.99,11619.13,0.98,82.28,,,,,,,2311.542525,1776195297000
1776195299.4,299.4,,,,,0.01,11619.13,0.02,82.28,0.99,11619.13,0.98,82.28,,,,,,,2311.875111,1776195298000
1776195299.971,299.971,,,,,0.01,11619.13,0.02,82.28,0.99,11619.13,0.98,82.28,,,,,,,2311.933,1776195299000
1776195300.225,300.225,,,,,0.01,67023.08,0.02,208.19,0.99,11619.13,0.98,82.28,,,,,,,2311.933,1776195299000
1776195301.109,301.109,,,,,0.01,67484.67,0.02,208.19,0.99,67484.67,0.98,208.19,,,,,,,2311.90794,1776195300000
1776195302.308,302.308,,,,,0.01,67484.67,0.02,208.19,0.99,67484.67,0.98,208.19,,,,,,,2311.6775,1776195301000
1776195302.973,302.973,,,,,0.01,67484.67,0.02,208.19,0.99,67484.67,0.98,208.19,,,,,,,2311.65838,1776195302000

# RESULT,winner=Down,slug=eth-updown-5m-1776195000,ticks=685
