timestamp,elapsed_sec,up_bid_p1,up_bid_s1,up_bid_p2,up_bid_s2,up_ask_p1,up_ask_s1,up_ask_p2,up_ask_s2,down_bid_p1,down_bid_s1,down_bid_p2,down_bid_s2,down_ask_p1,down_ask_s1,down_ask_p2,down_ask_s2,up_spread,down_spread,eth_price,eth_oracle_ts
1776375600.709,0.709,0.51,34.41,0.5,86.97,0.52,3.8,0.53,5.0,0.48,8.8,0.47,5.0,0.49,5.0,0.5,16.97,0.01,0.01,2340.310093,1776375599000
1776375601.09,1.09,0.51,92.54,0.5,156.97,0.6,5.0,0.61,104.0,0.4,5.0,0.39,104.0,0.49,92.54,0.5,156.97,0.09,0.09,2340.340518,1776375600000
1776375601.497,1.497,0.58,5.0,0.57,15.0,0.61,45.39,0.62,75.0,0.4,5.0,0.39,104.0,0.49,92.54,0.5,156.97,0.03,0.09,2340.340518,1776375600000
1776375602.454,2.454,0.51,27.54,0.5,16.92,0.55,60.9,0.59,8.53,0.39,45.39,0.38,75.0,0.43,13.0,0.44,10.0,0.04,0.04,2340.340518,1776375600000
1776375603.016,3.016,0.52,11.54,0.51,27.54,0.53,67.96,0.54,70.0,0.45,60.9,0.41,8.53,0.49,27.54,0.5,16.92,0.01,0.04,2340.872281,1776375601000
1776375603.333,3.333,0.52,11.54,0.51,37.54,0.53,54.47,0.54,80.0,0.47,60.23,0.46,70.0,0.48,11.54,0.49,37.54,0.01,0.01,2340.944096,1776375602000
1776375603.631,3.631,0.52,11.54,0.51,37.54,0.53,56.99,0.54,150.0,0.47,46.99,0.46,80.0,0.48,11.54,0.49,37.54,0.01,0.01,2340.944096,1776375602000
1776375604.823,4.823,0.52,6.54,0.51,22.54,0.53,60.59,0.54,150.0,0.47,50.59,0.46,150.0,0.48,11.54,0.49,37.54,0.01,0.01,2340.960111,1776375603000
1776375605.243,5.243,0.52,5.54,0.51,22.54,0.53,60.59,0.54,150.0,0.47,60.59,0.46,150.0,0.48,6.54,0.49,22.54,0.01,0.01,2340.960111,1776375603000
1776375605.733,5.733,0.51,29.31,0.5,11.92,0.52,47.0,0.53,70.59,0.47,58.7,0.46,150.0,0.48,5.54,0.49,22.54,0.01,0.01,2340.602815,1776375604000
1776375605.949,5.949,0.51,7.59,0.5,11.92,0.52,21.0,0.53,65.59,0.48,31.0,0.47,65.59,0.49,7.59,0.5,11.92,0.01,0.01,2340.602815,1776375604000
1776375606.465,6.465,0.51,7.59,0.5,11.92,0.52,40.2,0.53,75.59,0.48,21.0,0.47,65.59,0.49,7.59,0.5,11.92,0.01,0.01,2340.455858,1776375605000
1776375607.539,7.539,0.49,14.8,0.47,13.0,0.54,17.16,0.55,86.9,0.48,50.2,0.47,75.59,0.51,14.8,0.53,13.0,0.05,0.03,2340.392184,1776375606000
1776375607.926,7.926,0.49,9.8,0.47,23.0,0.5,15.0,0.51,10.0,0.46,17.16,0.45,86.9,0.51,14.8,0.53,13.0,0.01,0.05,2340.392184,1776375606000
1776375608.493,8.493,0.46,23.0,0.45,23.0,0.5,30.0,0.51,60.0,0.5,15.0,0.49,10.0,0.51,9.8,0.53,23.0,0.04,0.01,2340.392184,1776375606000
1776375608.913,8.913,0.45,18.0,0.44,38.0,0.46,5.0,0.47,95.0,0.5,30.0,0.49,60.0,0.54,23.0,0.55,23.0,0.01,0.04,2340.221955,1776375607000
1776375611.51,11.51,0.45,38.04,0.44,33.0,0.46,10.0,0.47,175.5,0.53,87.44,0.52,85.0,0.55,33.0,0.56,33.0,0.01,0.02,2340.142625,1776375610000
1776375612.857,12.857,0.45,50.94,0.44,54.35,0.46,10.5,0.47,175.5,0.54,5.0,0.53,175.5,0.55,34.04,0.56,33.0,0.01,0.01,2340.130574,1776375611000
1776375613.416,13.416,0.45,59.12,0.44,54.35,0.46,10.5,0.47,175.5,0.54,10.5,0.53,175.5,0.55,50.94,0.56,54.35,0.01,0.01,2340.12368,1776375612000
1776375615.437,15.437,0.45,29.52,0.44,38.5,0.46,21.0,0.47,170.5,0.54,10.5,0.53,175.5,0.55,59.12,0.56,54.35,0.01,0.01,2340.119322,1776375614000
1776375616.471,16.471,0.45,55.66,0.44,38.5,0.46,10.5,0.47,160.5,0.54,21.0,0.53,170.5,0.55,29.52,0.56,38.5,0.01,0.01,2340.076987,1776375615000
1776375621.14,21.14,0.45,0.05,0.43,39.0,0.46,163.55,0.47,35.5,0.54,5.5,0.53,160.5,0.55,55.66,0.56,38.5,0.01,0.01,2340.067485,1776375620000
1776375624.846,24.846,0.42,44.41,0.41,53.5,0.43,52.5,0.44,177.77,0.56,7.27,0.55,15.5,0.57,39.0,0.58,23.5,0.01,0.01,2339.89388,1776375623000
1776375628.413,28.413,0.42,39.5,0.41,53.5,0.43,47.5,0.44,172.77,0.57,52.5,0.56,177.77,0.58,44.41,0.59,53.5,0.01,0.01,2339.862191,1776375627000
1776375629.702,29.702,0.42,102.5,0.41,68.5,0.43,13.02,0.44,162.27,0.57,45.17,0.56,172.77,0.58,39.5,0.59,53.5,0.01,0.01,2339.857992,1776375628000
1776375631.14,31.14,0.42,166.5,0.41,84.43,0.44,37.04,0.45,80.0,0.57,13.02,0.56,162.27,0.58,102.5,0.59,68.5,0.02,0.01,2339.84873,1776375630000
1776375631.938,31.938,0.44,182.5,0.43,187.71,0.45,80.0,0.46,15.05,0.55,80.0,0.54,15.05,0.57,144.41,0.58,75.5,0.01,0.02,2339.84873,1776375630000
1776375632.613,32.613,0.44,158.5,0.43,77.41,0.45,75.0,0.46,15.05,0.55,80.0,0.54,15.05,0.56,182.5,0.57,187.71,0.01,0.01,2339.870112,1776375631000
1776375632.825,32.825,0.44,158.5,0.43,77.41,0.45,63.88,0.46,15.05,0.55,75.0,0.54,15.05,0.56,158.5,0.57,77.41,0.01,0.01,2339.870112,1776375631000
1776375633.164,33.164,0.44,249.52,0.43,77.41,0.45,10.88,0.46,15.05,0.55,63.88,0.54,15.05,0.56,158.5,0.57,77.41,0.01,0.01,2339.870112,1776375631000
1776375633.745,33.745,0.45,169.3,0.44,296.52,0.5,70.0,0.52,15.15,0.55,10.88,0.54,15.05,0.56,249.52,0.57,77.41,0.05,0.01,2339.875275,1776375632000
1776375634.119,34.119,0.51,135.2,0.5,43.5,0.52,20.65,0.53,10.0,0.5,63.0,0.48,20.65,0.51,95.5,0.52,20.0,0.01,0.01,2339.875275,1776375632000
1776375634.481,34.481,0.53,2.71,0.52,101.0,0.54,25.0,0.56,202.0,0.47,10.0,0.46,25.0,0.49,135.2,0.5,43.5,0.01,0.02,2340.04119,1776375633000
1776375634.717,34.717,0.53,190.71,0.52,62.0,0.54,11.31,0.56,140.0,0.46,25.0,0.44,202.0,0.47,2.71,0.48,101.0,0.01,0.01,2340.04119,1776375633000
1776375634.954,34.954,0.55,52.95,0.54,29.0,0.56,137.71,0.57,80.0,0.44,145.21,0.43,75.0,0.45,27.0,0.46,51.0,0.01,0.01,2340.054705,1776375634000
1776375636.878,36.878,0.55,90.22,0.54,51.5,0.56,122.96,0.57,85.5,0.44,122.96,0.43,75.0,0.45,51.95,0.46,29.0,0.01,0.01,2340.288345,1776375635000
1776375638.031,38.031,0.55,157.22,0.54,27.5,0.56,74.21,0.57,85.0,0.44,122.96,0.43,85.5,0.45,90.22,0.46,51.5,0.01,0.01,2340.556099,1776375636000
1776375638.406,38.406,0.55,157.22,0.54,27.5,0.56,0.21,0.57,75.0,0.44,74.21,0.43,85.0,0.45,157.22,0.46,27.5,0.01,0.01,2340.617646,1776375637000
1776375641.926,41.926,0.6,120.0,0.59,25.5,0.61,20.5,0.62,80.5,0.44,0.21,0.43,75.0,0.45,157.22,0.46,27.5,0.01,0.01,2340.864257,1776375640000
1776375645.638,45.638,0.6,153.3,0.59,59.5,0.62,80.5,0.63,5.0,0.39,20.5,0.38,80.5,0.4,120.0,0.41,25.5,0.02,0.01,2340.952874,1776375644000
1776375645.934,45.934,0.61,125.0,0.6,87.3,0.62,80.5,0.63,5.0,0.38,80.5,0.37,5.0,0.4,153.3,0.41,59.5,0.01,0.02,2340.952874,1776375644000
1776375646.284,46.284,0.61,190.0,0.6,88.3,0.62,21.52,0.63,20.5,0.38,69.12,0.37,5.0,0.39,125.0,0.4,87.3,0.01,0.01,2340.952874,1776375644000
1776375646.849,46.849,0.62,125.5,0.61,80.0,0.63,5.0,0.64,85.0,0.37,5.0,0.36,85.5,0.38,25.5,0.39,87.0,0.01,0.01,2340.945569,1776375645000
1776375649.953,49.953,0.62,125.5,0.61,90.5,0.66,34.77,0.67,30.0,0.37,5.0,0.36,85.0,0.38,125.5,0.39,80.0,0.04,0.01,2341.1501,1776375648000
1776375650.487,50.487,0.65,82.71,0.64,10.0,0.66,53.27,0.67,45.0,0.34,34.77,0.33,30.0,0.38,125.5,0.39,90.5,0.01,0.04,2341.153566,1776375649000
1776375650.764,50.764,0.65,82.71,0.64,10.0,0.66,45.69,0.67,45.0,0.34,53.27,0.33,45.0,0.35,82.71,0.36,10.0,0.01,0.01,2341.153566,1776375649000
1776375651.008,51.008,0.65,69.55,0.64,10.0,0.66,45.69,0.67,45.0,0.34,45.69,0.33,45.0,0.35,82.71,0.36,10.0,0.01,0.01,2341.153566,1776375649000
1776375660.751,60.751,0.65,103.35,0.64,15.0,0.66,17.33,0.67,246.0,0.34,45.69,0.33,45.0,0.35,69.55,0.36,10.0,0.01,0.01,2341.25412,1776375659000
1776375661.732,61.732,0.66,32.0,0.65,63.35,0.67,45.02,0.68,220.0,0.34,17.33,0.33,246.0,0.35,103.35,0.36,15.0,0.01,0.01,2341.25412,1776375659000
1776375662.489,62.489,0.66,52.64,0.65,33.8,0.67,23.52,0.68,232.49,0.33,45.02,0.32,220.0,0.34,32.0,0.35,63.35,0.01,0.01,2341.199605,1776375660000
1776375664.253,64.253,0.66,83.38,0.65,69.9,0.67,18.52,0.68,32.49,0.33,23.52,0.32,232.49,0.34,52.64,0.35,33.8,0.01,0.01,2341.198888,1776375663000
1776375665.574,65.574,0.66,128.83,0.65,74.9,0.67,22.02,0.68,32.49,0.33,18.52,0.32,32.49,0.34,83.38,0.35,69.9,0.01,0.01,2341.198888,1776375663000
1776375666.022,66.022,0.66,114.12,0.65,74.9,0.67,22.02,0.68,32.49,0.33,22.02,0.32,32.49,0.34,128.83,0.35,74.9,0.01,0.01,2341.223295,1776375664000
1776375667.064,67.064,0.66,137.12,0.65,30.0,0.68,41.49,0.69,20.5,0.33,22.02,0.32,32.49,0.34,114.12,0.35,74.9,0.02,0.01,2341.224796,1776375666000
1776375667.575,67.575,0.67,60.0,0.66,141.2,0.68,38.54,0.69,35.5,0.32,41.49,0.31,20.5,0.34,137.12,0.35,30.0,0.01,0.02,2341.224796,1776375666000
1776375668.216,68.216,0.67,68.0,0.66,141.2,0.68,38.54,0.69,35.5,0.32,38.54,0.31,35.5,0.33,60.0,0.34,141.2,0.01,0.01,2341.224796,1776375666000
1776375668.612,68.612,0.67,53.0,0.66,146.2,0.68,35.58,0.69,35.5,0.32,37.06,0.31,35.5,0.33,63.0,0.34,141.2,0.01,0.01,2341.226659,1776375667000
1776375670.224,70.224,0.67,74.92,0.66,136.2,0.68,47.08,0.69,30.5,0.32,35.58,0.31,35.5,0.33,53.0,0.34,146.2,0.01,0.01,2341.23092,1776375668000
1776375674.675,74.675,0.69,119.0,0.68,30.0,0.7,210.0,0.71,35.5,0.32,45.6,0.31,30.5,0.33,85.92,0.34,136.2,0.01,0.01,2341.230913,1776375672000
1776375676.02,76.02,0.69,48.0,0.68,35.0,0.7,214.88,0.71,41.5,0.3,210.0,0.29,35.5,0.31,119.0,0.32,30.0,0.01,0.01,2341.30213,1776375674000
1776375677.772,77.772,0.69,48.0,0.68,35.0,0.7,200.09,0.71,41.5,0.3,214.88,0.29,41.5,0.31,48.0,0.32,35.0,0.01,0.01,2341.356375,1776375676000
1776375678.333,78.333,0.66,111.72,0.65,15.0,0.67,44.5,0.68,10.0,0.3,200.09,0.29,41.5,0.31,48.0,0.32,35.0,0.01,0.01,2341.356365,1776375677000
1776375678.562,78.562,0.66,14.64,0.65,15.0,0.67,200.39,0.68,42.0,0.33,200.39,0.32,42.0,0.34,20.64,0.35,15.0,0.01,0.01,2341.356365,1776375677000
1776375680.248,80.248,0.56,55.0,0.55,21.45,0.57,21.0,0.58,29.89,0.34,10.0,0.33,233.39,0.41,25.0,0.43,5.0,0.01,0.07,2341.350926,1776375679000
1776375682.109,82.109,0.56,92.5,0.55,26.45,0.57,5.0,0.58,10.0,0.43,21.0,0.42,29.89,0.44,55.0,0.45,21.45,0.01,0.01,2340.871497,1776375680000
1776375682.527,82.527,0.56,110.5,0.55,21.45,0.57,3.08,0.58,10.0,0.43,5.0,0.42,10.0,0.44,92.5,0.45,26.45,0.01,0.01,2340.767278,1776375681000
1776375683.037,83.037,0.56,110.5,0.55,21.45,0.57,0.86,0.58,10.0,0.43,3.08,0.42,10.0,0.44,110.5,0.45,21.45,0.01,0.01,2340.767278,1776375681000
1776375683.322,83.322,0.53,71.6,0.52,20.5,0.56,25.5,0.57,108.36,0.43,0.86,0.42,10.0,0.44,110.5,0.45,21.45,0.03,0.01,2340.712675,1776375682000
1776375683.81,83.81,0.53,17.34,0.52,20.5,0.54,55.0,0.55,30.0,0.44,25.5,0.43,108.36,0.47,71.6,0.48,20.5,0.01,0.03,2340.712675,1776375682000
1776375684.972,84.972,0.53,4.48,0.51,5.0,0.54,132.13,0.55,47.86,0.46,55.0,0.45,30.0,0.47,8.76,0.48,20.5,0.01,0.01,2340.725027,1776375683000
1776375685.993,85.993,0.48,140.5,0.47,40.0,0.51,124.5,0.52,42.86,0.49,16.0,0.48,21.0,0.5,2.5,0.51,15.0,0.03,0.01,2340.710106,1776375684000
1776375687.259,87.259,0.48,52.5,0.47,50.5,0.49,54.77,0.5,30.5,0.51,16.0,0.5,30.5,0.52,104.5,0.53,50.5,0.01,0.01,2340.5114,1776375685000
1776375687.921,87.921,0.48,15.0,0.47,50.5,0.49,76.77,0.5,30.5,0.51,54.77,0.5,30.5,0.52,52.5,0.53,50.5,0.01,0.01,2340.313796,1776375686000
1776375688.412,88.412,0.47,0.17,0.46,55.0,0.49,66.77,0.5,30.5,0.51,76.77,0.5,30.5,0.52,12.92,0.53,25.5,0.02,0.01,2340.306284,1776375687000
1776375688.9,88.9,0.46,15.0,0.45,80.0,0.48,48.0,0.49,80.27,0.51,66.77,0.5,30.5,0.53,0.17,0.54,55.0,0.02,0.02,2340.306284,1776375687000
1776375689.177,89.177,0.45,90.5,0.44,47.0,0.46,4.13,0.47,15.0,0.53,10.0,0.52,48.0,0.55,80.0,0.56,47.0,0.01,0.02,2340.306284,1776375687000
1776375689.398,89.398,0.45,183.27,0.44,47.0,0.46,4.13,0.47,20.0,0.54,4.13,0.53,15.0,0.55,90.5,0.56,47.0,0.01,0.01,2340.186652,1776375688000
1776375690.205,90.205,0.49,65.5,0.48,80.12,0.5,11.34,0.51,15.0,0.54,4.13,0.53,20.0,0.55,181.23,0.56,47.0,0.01,0.01,2340.186652,1776375688000
1776375690.421,90.421,0.49,81.0,0.48,80.12,0.51,15.0,0.52,15.0,0.5,5.0,0.49,15.0,0.51,81.0,0.52,80.12,0.02,0.01,2340.253309,1776375689000
1776375690.923,90.923,0.5,20.5,0.49,71.0,0.51,18.04,0.52,20.0,0.49,15.0,0.48,15.0,0.51,81.0,0.52,80.12,0.01,0.02,2340.253309,1776375689000
1776375691.406,91.406,0.5,95.84,0.49,55.0,0.51,1.85,0.52,15.0,0.49,18.04,0.48,20.0,0.5,20.5,0.51,71.0,0.01,0.01,2340.247114,1776375690000
1776375692.942,92.942,0.54,52.5,0.53,46.5,0.55,56.0,0.56,25.0,0.47,28.12,0.46,25.5,0.5,95.84,0.51,55.0,0.01,0.03,2340.212001,1776375691000
1776375693.768,93.768,0.54,62.5,0.53,38.5,0.55,1.13,0.56,20.0,0.45,56.0,0.44,25.0,0.46,52.5,0.47,46.5,0.01,0.01,2340.304159,1776375692000
1776375694.453,94.453,0.54,53.5,0.53,33.5,0.56,20.0,0.57,10.0,0.45,1.13,0.44,20.0,0.46,62.5,0.47,38.5,0.02,0.01,2340.448179,1776375693000
1776375695.484,95.484,0.58,35.5,0.57,10.0,0.68,15.0,0.69,26.8,0.44,20.0,0.43,10.0,0.46,53.5,0.47,33.5,0.1,0.02,2340.5384,1776375694000
1776375695.789,95.789,0.63,4.72,0.62,15.0,0.64,15.5,0.65,10.5,0.32,15.0,0.31,26.8,0.42,35.5,0.43,10.0,0.01,0.1,2340.5384,1776375694000
1776375696.387,96.387,0.64,7.22,0.63,10.0,0.65,10.0,0.69,25.0,0.38,6.89,0.37,15.5,0.39,62.52,0.4,10.0,0.01,0.01,2340.608205,1776375695000
1776375696.734,96.734,0.72,10.0,0.71,86.0,0.73,14.57,0.77,20.3,0.35,10.0,0.31,25.0,0.36,7.22,0.37,10.0,0.01,0.01,2340.608205,1776375695000
1776375697.418,97.418,0.72,59.2,0.71,55.62,0.73,19.54,0.76,10.0,0.27,4.04,0.26,19.0,0.29,71.62,0.3,45.0,0.01,0.02,2340.613754,1776375696000
1776375698.274,98.274,0.72,50.84,0.71,60.62,0.73,10.82,0.77,20.3,0.27,5.82,0.24,5.0,0.28,86.04,0.29,55.62,0.01,0.01,2340.712461,1776375697000
1776375698.496,98.496,0.72,55.84,0.71,60.62,0.73,10.82,0.78,43.0,0.27,10.82,0.23,20.3,0.28,50.84,0.29,60.62,0.01,0.01,2340.712461,1776375697000
1776375700.126,100.126,0.72,60.84,0.71,55.62,0.74,10.5,0.78,48.0,0.27,10.82,0.22,43.0,0.28,55.84,0.29,60.62,0.02,0.01,2341.173599,1776375698000
1776375701.466,101.466,0.73,104.16,0.72,55.84,0.74,20.35,0.75,25.0,0.26,10.5,0.22,48.0,0.28,60.84,0.29,55.62,0.01,0.02,2341.227906,1776375699000
1776375702.626,102.626,0.73,93.16,0.72,55.84,0.74,40.35,0.75,61.0,0.26,20.35,0.25,25.0,0.27,104.16,0.28,55.84,0.01,0.01,2341.253944,1776375701000
1776375706.426,106.426,0.73,91.29,0.72,55.84,0.74,40.35,0.75,30.0,0.26,40.35,0.25,61.0,0.27,93.16,0.28,55.84,0.01,0.01,2341.263795,1776375705000
1776375707.3,107.3,0.73,49.75,0.67,25.0,0.74,251.35,0.75,35.0,0.26,40.35,0.25,30.0,0.27,86.29,0.28,55.84,0.01,0.01,2341.2681,1776375706000
1776375709.028,109.028,0.65,40.5,0.64,10.5,0.68,148.5,0.69,38.5,0.26,251.35,0.25,35.0,0.33,25.0,0.34,50.0,0.03,0.07,2341.27151,1776375708000
1776375709.262,109.262,0.65,40.5,0.64,10.5,0.66,83.48,0.67,22.0,0.32,148.5,0.31,38.5,0.35,40.5,0.36,10.5,0.01,0.03,2341.27151,1776375708000
1776375710.994,110.994,0.65,35.5,0.64,20.5,0.66,83.48,0.67,22.0,0.34,83.48,0.33,22.0,0.35,40.5,0.36,10.5,0.01,0.01,2341.151863,1776375709000
1776375711.556,111.556,0.65,17.64,0.64,20.5,0.66,83.48,0.67,22.0,0.34,83.48,0.33,22.0,0.35,35.5,0.36,20.5,0.01,0.01,2341.068944,1776375710000
1776375715.323,115.323,0.65,31.5,0.64,20.5,0.66,34.5,0.67,22.5,0.34,83.48,0.33,22.0,0.35,17.64,0.36,20.5,0.01,0.01,2341.036697,1776375714000
1776375716.984,116.984,0.65,56.5,0.64,25.5,0.68,5.0,0.69,5.0,0.34,34.5,0.33,22.5,0.35,31.5,0.36,20.5,0.03,0.01,2341.057777,1776375716000
1776375717.339,117.339,0.67,79.5,0.66,31.5,0.68,8.0,0.69,5.0,0.32,5.0,0.31,5.0,0.35,56.5,0.36,25.5,0.01,0.03,2341.057777,1776375716000
1776375717.85,117.85,0.67,84.7,0.66,91.5,0.68,6.52,0.69,5.0,0.32,8.0,0.31,5.0,0.33,79.5,0.34,31.5,0.01,0.01,2341.057777,1776375716000
1776375718.885,118.885,0.72,5.48,0.71,25.5,0.73,15.5,0.74,50.0,0.29,3.59,0.28,11.0,0.31,36.5,0.32,30.5,0.01,0.02,2341.049709,1776375717000
1776375719.366,119.366,0.71,10.0,0.7,10.0,0.73,38.5,0.74,50.0,0.27,15.5,0.26,50.0,0.28,5.48,0.29,25.5,0.02,0.01,2341.080562,1776375718000
1776375719.597,119.597,0.71,10.0,0.7,10.0,0.72,68.11,0.73,15.5,0.27,38.5,0.26,50.0,0.29,10.0,0.3,10.0,0.01,0.02,2341.080562,1776375718000
1776375719.843,119.843,0.71,6.55,0.7,10.0,0.72,55.11,0.73,15.5,0.28,68.11,0.27,15.5,0.29,10.0,0.3,10.0,0.01,0.01,2341.080562,1776375718000
1776375720.762,120.762,0.7,13.73,0.69,25.5,0.72,93.11,0.73,15.5,0.28,55.11,0.27,15.5,0.29,3.1,0.3,10.0,0.02,0.01,2341.210904,1776375719000
1776375722.263,122.263,0.59,15.0,0.58,25.0,0.6,19.82,0.61,52.5,0.28,93.11,0.27,15.5,0.3,13.73,0.31,25.5,0.01,0.02,2341.2518,1776375721000
1776375722.956,122.956,0.49,13.15,0.48,10.0,0.52,10.0,0.53,10.0,0.4,103.82,0.39,27.5,0.45,50.0,0.47,30.0,0.03,0.05,2341.2518,1776375721000
1776375723.271,123.271,0.48,10.0,0.47,96.0,0.56,14.17,0.57,22.0,0.47,1.13,0.46,29.2,0.51,13.15,0.52,10.0,0.08,0.04,2341.2518,1776375721000
1776375724.159,124.159,0.5,15.5,0.49,20.5,0.51,2.39,0.52,22.0,0.44,14.17,0.43,22.0,0.52,10.0,0.53,96.0,0.01,0.08,2341.2518,1776375721000
1776375725.261,125.261,0.5,401.7,0.49,168.5,0.53,10.0,0.54,20.0,0.49,53.59,0.48,17.0,0.5,0.2,0.51,20.5,0.03,0.01,2341.2518,1776375721000
1776375725.473,125.473,0.52,84.79,0.51,161.5,0.58,25.0,0.61,50.0,0.47,10.0,0.46,20.0,0.5,401.7,0.51,168.5,0.06,0.03,2341.2518,1776375721000
1776375725.717,125.717,0.63,7.5,0.62,10.0,0.64,20.5,0.65,5.0,0.36,36.4,0.35,19.0,0.37,10.0,0.38,10.0,0.01,0.01,2341.2518,1776375721000
1776375730.233,130.233,0.67,15.0,0.66,30.5,0.68,69.27,0.69,17.5,0.36,20.5,0.35,5.0,0.37,7.5,0.38,10.0,0.01,0.01,2341.2518,1776375721000
1776375731.745,131.745,0.68,16.0,0.67,40.5,0.69,1.0,0.7,5.0,0.32,69.27,0.31,17.5,0.33,15.0,0.34,30.5,0.01,0.01,2340.99585,1776375730000
1776375732.467,132.467,0.72,9.56,0.71,10.0,0.74,45.0,0.76,25.0,0.31,1.0,0.3,5.0,0.32,16.0,0.33,40.5,0.02,0.01,2340.965291,1776375731000
1776375732.677,132.677,0.72,46.06,0.71,20.5,0.74,50.74,0.76,25.0,0.26,45.0,0.24,25.0,0.28,9.56,0.29,10.0,0.02,0.02,2340.965291,1776375731000
1776375732.914,132.914,0.73,10.0,0.72,19.56,0.74,55.06,0.76,25.0,0.26,50.74,0.24,25.0,0.28,46.06,0.29,20.5,0.01,0.02,2340.965291,1776375731000
1776375736.031,136.031,0.73,10.0,0.72,30.06,0.74,14.56,0.75,10.5,0.26,55.06,0.24,25.0,0.27,10.0,0.28,19.56,0.01,0.01,2341.112746,1776375734000
1776375741.788,141.788,0.73,6.29,0.72,20.06,0.74,98.06,0.75,10.5,0.26,14.56,0.25,10.5,0.27,10.0,0.28,30.06,0.01,0.01,2341.274884,1776375740000
1776375748.195,148.195,0.73,6.29,0.72,9.56,0.74,82.06,0.75,15.5,0.26,98.06,0.25,10.5,0.27,6.29,0.28,20.06,0.01,0.01,2341.283845,1776375746000
1776375752.206,152.206,0.73,6.29,0.72,25.06,0.74,55.74,0.75,15.5,0.26,82.06,0.25,15.5,0.27,6.29,0.28,9.56,0.01,0.01,2341.272088,1776375750000
1776375754.742,154.742,0.73,11.29,0.72,25.06,0.74,33.74,0.75,15.5,0.26,55.74,0.25,15.5,0.27,6.29,0.28,25.06,0.01,0.01,2341.260066,1776375753000
1776375755.073,155.073,0.73,3.88,0.72,25.06,0.74,23.0,0.75,15.5,0.26,26.74,0.25,15.5,0.27,11.29,0.28,25.06,0.01,0.01,2341.260066,1776375754000
1776375755.999,155.999,0.73,15.0,0.72,25.06,0.74,17.0,0.75,15.5,0.26,23.0,0.25,15.5,0.27,3.88,0.28,25.06,0.01,0.01,2341.260066,1776375754000
1776375757.041,157.041,0.73,15.0,0.72,25.06,0.74,20.64,0.75,15.5,0.26,17.0,0.25,15.5,0.27,15.0,0.28,25.06,0.01,0.01,2341.258987,1776375755000
1776375761.291,161.291,0.73,14.38,0.72,25.06,0.74,23.64,0.75,15.5,0.26,20.64,0.25,15.5,0.27,15.0,0.28,25.06,0.01,0.01,2341.29062,1776375760000
1776375762.415,162.415,0.73,49.78,0.72,25.06,0.74,23.64,0.75,15.5,0.26,23.64,0.25,15.5,0.27,14.38,0.28,25.06,0.01,0.01,2341.260503,1776375761000
1776375764.687,164.687,0.73,28.11,0.72,25.06,0.74,56.14,0.75,15.5,0.26,23.64,0.25,15.5,0.27,49.78,0.28,25.06,0.01,0.01,2341.260503,1776375761000
1776375768.002,168.002,0.73,40.11,0.72,25.06,0.74,22.5,0.75,15.5,0.26,56.14,0.25,15.5,0.27,28.11,0.28,25.06,0.01,0.01,2341.28773,1776375766000
1776375770.445,170.445,0.73,40.11,0.72,25.06,0.74,12.5,0.75,15.5,0.26,22.5,0.25,15.5,0.27,40.11,0.28,25.06,0.01,0.01,2341.260805,1776375768000
1776375776.159,176.159,0.73,55.11,0.72,25.06,0.74,47.5,0.75,51.5,0.26,12.5,0.25,15.5,0.27,40.11,0.28,25.06,0.01,0.01,2341.260053,1776375774000
1776375778.29,178.29,0.71,10.0,0.7,10.0,0.74,50.5,0.75,10.5,0.26,47.5,0.25,51.5,0.27,55.11,0.28,25.06,0.03,0.01,2341.25436,1776375776000
1776375780.016,180.016,0.66,20.0,0.65,10.0,0.7,24.0,0.71,96.5,0.28,16.5,0.27,16.5,0.29,4.0,0.3,2.46,0.04,0.01,2341.252992,1776375778000
1776375781.131,181.131,0.63,1.75,0.62,85.0,0.65,94.0,0.66,50.0,0.3,24.0,0.29,96.5,0.34,20.0,0.35,10.0,0.02,0.04,2341.183806,1776375779000
1776375781.339,181.339,0.62,0.18,0.61,25.0,0.65,201.0,0.66,60.0,0.35,94.0,0.34,50.0,0.37,1.75,0.38,85.0,0.03,0.02,2341.0516,1776375780000
1776375781.658,181.658,0.54,21.22,0.53,5.0,0.65,195.0,0.66,60.0,0.35,195.0,0.34,60.0,0.43,19.22,0.44,25.0,0.11,0.08,2341.0516,1776375780000
1776375781.973,181.973,0.48,6.69,0.46,25.0,0.51,136.0,0.54,5.0,0.39,51.21,0.35,141.5,0.53,30.0,0.54,25.0,0.03,0.14,2341.0516,1776375780000
1776375782.319,182.319,0.48,4.69,0.44,30.0,0.49,25.0,0.5,15.0,0.49,136.0,0.46,5.0,0.52,6.69,0.54,25.0,0.01,0.03,2341.0516,1776375780000
1776375782.667,182.667,0.44,5.0,0.43,75.0,0.45,3.33,0.46,15.0,0.51,15.0,0.5,10.0,0.56,5.0,0.57,100.0,0.01,0.05,2341.0516,1776375780000
1776375782.917,182.917,0.46,10.0,0.45,10.0,0.52,38.07,0.53,20.0,0.54,9.21,0.53,10.0,0.56,20.78,0.57,25.0,0.06,0.02,2340.701592,1776375781000
1776375783.127,183.127,0.45,10.0,0.44,15.0,0.48,0.79,0.49,10.0,0.53,10.0,0.52,10.0,0.57,48.0,0.58,80.0,0.03,0.04,2340.701592,1776375781000
1776375783.495,183.495,0.48,25.0,0.47,10.0,0.49,10.0,0.5,10.0,0.5,5.12,0.49,13.97,0.54,10.0,0.55,10.0,0.01,0.04,2340.701592,1776375781000
1776375783.99,183.99,0.5,30.0,0.49,4.95,0.51,21.03,0.52,10.0,0.5,23.0,0.49,10.0,0.51,4.95,0.52,5.0,0.01,0.01,2340.130588,1776375782000
1776375784.229,184.229,0.5,10.0,0.49,4.95,0.52,10.0,0.53,10.0,0.49,21.03,0.48,10.0,0.5,30.0,0.51,4.95,0.02,0.01,2340.130588,1776375782000
1776375784.532,184.532,0.5,0.39,0.49,4.95,0.51,50.0,0.52,8.07,0.48,8.07,0.47,10.0,0.49,10.0,0.5,20.0,0.01,0.01,2340.06924,1776375783000
1776375784.823,184.823,0.5,21.59,0.49,20.45,0.51,73.0,0.52,8.07,0.49,50.0,0.48,8.07,0.5,0.39,0.51,4.95,0.01,0.01,2340.06924,1776375783000
1776375785.23,185.23,0.5,26.7,0.49,20.45,0.51,33.0,0.52,8.07,0.49,73.0,0.48,8.07,0.5,21.59,0.51,20.45,0.01,0.01,2340.227609,1776375784000
1776375785.611,185.611,0.5,26.7,0.49,20.45,0.51,8.03,0.52,8.07,0.48,8.07,0.47,15.0,0.5,26.7,0.51,20.45,0.01,0.02,2340.227609,1776375784000
1776375785.916,185.916,0.5,26.7,0.49,20.45,0.51,29.06,0.52,8.07,0.49,8.03,0.48,8.07,0.5,26.7,0.51,20.45,0.01,0.01,2340.227609,1776375784000
1776375788.496,188.496,0.54,20.5,0.53,25.5,0.55,55.28,0.56,103.0,0.49,29.06,0.48,8.07,0.5,26.7,0.51,20.45,0.01,0.01,2340.299896,1776375787000
1776375789.292,189.292,0.54,76.5,0.53,30.5,0.55,51.7,0.56,118.0,0.45,55.28,0.44,103.0,0.46,20.5,0.47,25.5,0.01,0.01,2340.299896,1776375787000
1776375792.8,192.8,0.55,67.5,0.54,61.5,0.56,83.02,0.58,30.0,0.45,51.7,0.44,118.0,0.46,76.5,0.47,30.5,0.01,0.01,2340.454881,1776375791000
1776375793.887,193.887,0.57,47.9,0.56,15.0,0.58,8.0,0.61,50.0,0.42,30.0,0.41,8.0,0.45,47.5,0.46,61.5,0.01,0.03,2340.497316,1776375792000
1776375794.197,194.197,0.57,47.9,0.56,10.0,0.61,50.0,0.62,47.14,0.42,4.55,0.39,50.0,0.43,47.9,0.44,15.0,0.04,0.01,2340.497316,1776375792000
1776375796.418,196.418,0.61,25.5,0.6,47.5,0.62,43.73,0.63,50.0,0.39,50.0,0.38,47.14,0.43,47.9,0.44,10.0,0.01,0.04,2340.541417,1776375795000
1776375798.871,198.871,0.64,20.5,0.63,46.5,0.66,25.0,0.67,150.0,0.38,43.73,0.37,50.0,0.39,25.5,0.4,47.5,0.02,0.01,2340.642777,1776375796000
1776375802.811,202.811,0.69,20.15,0.68,25.5,0.7,5.0,0.71,10.5,0.34,25.0,0.33,150.0,0.36,20.5,0.37,46.5,0.01,0.02,2340.792494,1776375801000
1776375803.573,203.573,0.72,15.0,0.71,15.0,0.73,14.13,0.74,7.0,0.27,24.14,0.26,7.0,0.31,20.15,0.32,25.5,0.01,0.04,2340.795002,1776375802000
1776375804.205,204.205,0.72,15.0,0.71,15.0,0.73,12.76,0.74,7.0,0.27,14.13,0.26,7.0,0.28,15.0,0.29,15.0,0.01,0.01,2340.795002,1776375802000
1776375805.489,205.489,0.72,10.0,0.71,15.0,0.73,31.3,0.74,41.0,0.27,1.55,0.26,7.0,0.29,15.0,0.3,10.0,0.01,0.02,2340.811895,1776375804000
1776375807.818,207.818,0.72,10.0,0.71,15.0,0.75,67.0,0.76,85.0,0.27,19.46,0.26,7.0,0.28,10.0,0.29,15.0,0.03,0.01,2340.835263,1776375806000
1776375808.224,208.224,0.71,15.0,0.7,10.0,0.74,20.5,0.75,67.0,0.25,67.0,0.24,85.0,0.28,10.0,0.29,15.0,0.03,0.03,2340.834126,1776375807000
1776375810.342,210.342,0.69,7.25,0.68,20.5,0.72,25.0,0.73,20.5,0.26,20.5,0.25,67.0,0.29,15.0,0.3,10.0,0.03,0.03,2340.833917,1776375808000
1776375810.724,210.724,0.7,70.51,0.69,7.25,0.71,12.0,0.72,20.0,0.28,25.0,0.27,20.5,0.31,7.25,0.32,20.5,0.01,0.03,2340.899956,1776375809000
1776375810.983,210.983,0.7,58.91,0.69,7.25,0.71,12.0,0.72,20.0,0.29,12.0,0.28,20.0,0.3,70.51,0.31,7.25,0.01,0.01,2340.899956,1776375809000
1776375812.825,212.825,0.7,40.77,0.68,10.5,0.71,20.0,0.72,10.0,0.29,12.0,0.28,20.0,0.3,58.91,0.31,7.25,0.01,0.01,2340.837925,1776375811000
1776375813.5,213.5,0.7,36.37,0.68,20.5,0.71,20.0,0.72,20.0,0.29,20.0,0.28,10.0,0.3,40.77,0.32,10.5,0.01,0.01,2340.841134,1776375812000
1776375813.943,213.943,0.7,18.23,0.68,20.5,0.71,18.59,0.72,20.0,0.29,20.0,0.28,20.0,0.3,18.23,0.32,20.5,0.01,0.01,2340.841134,1776375812000
1776375814.844,214.844,0.7,12.23,0.63,55.0,0.71,118.59,0.72,20.0,0.29,18.59,0.28,20.0,0.3,18.23,0.32,20.5,0.01,0.01,2340.85606,1776375813000
1776375815.279,215.279,0.49,74.0,0.48,60.0,0.5,6.75,0.51,10.0,0.36,15.0,0.35,96.0,0.51,100.0,0.52,60.0,0.01,0.15,2340.856185,1776375814000
1776375815.906,215.906,0.49,34.5,0.48,60.0,0.5,31.75,0.51,10.0,0.5,1.65,0.49,10.0,0.51,24.0,0.52,60.0,0.01,0.01,2340.856185,1776375814000
1776375820.516,220.516,0.49,10.5,0.48,20.0,0.5,32.55,0.51,25.0,0.5,31.75,0.49,10.0,0.51,34.5,0.52,60.0,0.01,0.01,2340.351897,1776375819000
1776375821.064,221.064,0.49,10.5,0.46,45.0,0.5,45.55,0.51,30.0,0.5,32.55,0.49,25.0,0.51,10.5,0.52,20.0,0.01,0.01,2340.351897,1776375819000
1776375821.454,221.454,0.44,10.5,0.41,85.0,0.45,37.97,0.46,16.0,0.5,35.55,0.49,40.5,0.54,35.0,0.55,10.0,0.01,0.04,2340.352344,1776375820000
1776375821.661,221.661,0.41,85.0,0.4,52.29,0.45,54.97,0.46,26.5,0.55,44.97,0.54,16.0,0.56,5.05,0.59,85.0,0.04,0.01,2340.352344,1776375820000
1776375821.984,221.984,0.41,24.0,0.4,52.29,0.43,16.0,0.44,15.0,0.55,54.97,0.54,26.5,0.59,85.0,0.6,52.29,0.02,0.04,2340.352344,1776375820000
1776375822.777,222.777,0.41,11.41,0.4,52.29,0.42,10.0,0.43,16.0,0.58,4.0,0.57,16.0,0.59,24.0,0.6,62.29,0.01,0.01,2340.344812,1776375821000
1776375823.554,223.554,0.41,4.63,0.4,57.29,0.42,10.0,0.43,16.0,0.58,10.0,0.57,16.0,0.59,11.41,0.6,52.29,0.01,0.01,2340.346481,1776375822000
1776375823.905,223.905,0.4,11.12,0.39,195.0,0.41,16.0,0.42,10.0,0.58,10.0,0.57,16.0,0.59,4.63,0.6,57.29,0.01,0.01,2340.346481,1776375822000
1776375824.695,224.695,0.4,18.12,0.39,190.0,0.41,16.0,0.42,20.0,0.59,16.0,0.58,10.0,0.6,11.12,0.61,195.0,0.01,0.01,2340.187504,1776375823000
1776375825.85,225.85,0.4,18.12,0.39,30.0,0.41,11.0,0.42,10.0,0.59,16.0,0.58,20.0,0.6,18.12,0.61,190.0,0.01,0.01,2340.178404,1776375824000
1776375826.257,226.257,0.39,2.46,0.38,5.0,0.41,11.0,0.42,10.0,0.59,11.0,0.58,10.0,0.6,18.12,0.61,30.0,0.02,0.01,2340.154434,1776375825000
1776375827.872,227.872,0.37,75.5,0.36,60.91,0.4,26.0,0.41,11.0,0.59,11.0,0.58,10.0,0.61,2.46,0.62,5.0,0.03,0.02,2340.136139,1776375826000
1776375828.186,228.186,0.36,60.91,0.35,115.0,0.38,44.2,0.39,18.0,0.62,15.0,0.61,10.0,0.63,10.5,0.64,60.91,0.02,0.01,2340.136139,1776375826000
1776375828.84,228.84,0.36,33.38,0.35,5.0,0.37,10.0,0.38,15.0,0.63,10.0,0.62,25.0,0.64,13.45,0.65,25.0,0.01,0.01,2340.136139,1776375826000
1776375830.116,230.116,0.24,15.9,0.23,35.0,0.28,6.94,0.31,20.5,0.63,10.0,0.62,15.0,0.66,22.7,0.67,105.0,0.04,0.03,2340.054843,1776375829000
1776375830.46,230.46,0.19,5.0,0.18,5.0,0.21,15.0,0.22,15.0,0.75,25.0,0.74,15.0,0.8,9.99,0.81,5.0,0.02,0.05,2340.054843,1776375829000
1776375830.78,230.78,0.18,3.87,0.17,55.0,0.2,10.0,0.21,10.0,0.8,12.9,0.79,10.0,0.83,47.0,0.84,146.8,0.02,0.03,2340.054843,1776375829000
1776375831.059,231.059,0.22,15.22,0.21,5.0,0.23,20.0,0.24,15.0,0.78,6.4,0.77,10.0,0.81,14.92,0.82,24.0,0.01,0.03,2340.054843,1776375829000
1776375831.293,231.293,0.17,4.18,0.16,96.8,0.18,3.88,0.19,10.0,0.82,3.88,0.81,10.0,0.83,5.0,0.84,96.8,0.01,0.01,2340.026507,1776375830000
1776375831.579,231.579,0.16,96.8,0.15,81.2,0.19,8.41,0.2,10.0,0.81,8.41,0.8,10.0,0.83,4.18,0.84,96.8,0.03,0.02,2340.026507,1776375830000
1776375832.01,232.01,0.16,148.8,0.15,108.2,0.17,4.11,0.18,3.61,0.83,4.11,0.82,3.61,0.84,131.8,0.85,81.2,0.01,0.01,2340.026507,1776375830000
1776375832.426,232.426,0.23,67.5,0.22,55.0,0.24,15.0,0.25,10.37,0.79,10.0,0.78,10.0,0.84,221.41,0.85,118.2,0.01,0.05,2340.026507,1776375830000
1776375832.673,232.673,0.25,96.68,0.24,99.0,0.27,8.93,0.28,10.0,0.73,8.93,0.72,10.0,0.76,10.0,0.77,91.5,0.02,0.03,2339.62677,1776375831000
1776375833.472,233.472,0.28,41.44,0.27,22.0,0.29,10.0,0.3,35.0,0.71,10.0,0.7,35.0,0.72,51.07,0.75,99.96,0.01,0.01,2339.495986,1776375832000
1776375833.746,233.746,0.29,46.26,0.28,147.44,0.3,25.0,0.31,10.0,0.71,10.0,0.7,35.0,0.72,41.44,0.73,22.0,0.01,0.01,2339.495986,1776375832000
1776375834.385,234.385,0.38,146.0,0.37,59.0,0.44,25.0,0.46,235.19,0.7,25.0,0.69,10.0,0.71,54.51,0.72,147.44,0.06,0.01,2339.641354,1776375833000
1776375834.832,234.832,0.45,122.0,0.44,22.0,0.46,131.92,0.5,10.0,0.56,25.0,0.54,235.19,0.62,146.0,0.63,59.0,0.01,0.06,2339.641354,1776375833000
1776375835.652,235.652,0.5,3.24,0.49,5.0,0.51,120.82,0.52,35.0,0.5,10.0,0.49,110.82,0.55,122.0,0.56,22.0,0.01,0.05,2339.666574,1776375834000
1776375835.86,235.86,0.47,8.11,0.46,10.0,0.48,10.0,0.49,31.0,0.49,190.02,0.48,40.0,0.51,5.0,0.53,15.0,0.01,0.02,2339.666574,1776375834000
1776375836.078,236.078,0.46,0.75,0.45,10.0,0.47,10.0,0.48,13.13,0.52,13.13,0.51,31.0,0.55,10.0,0.56,10.0,0.01,0.03,2339.666574,1776375834000
1776375836.4,236.4,0.42,10.0,0.41,19.0,0.46,17.0,0.47,25.5,0.53,10.0,0.52,20.13,0.57,10.0,0.58,10.0,0.04,0.04,2339.804964,1776375835000
1776375837.09,237.09,0.42,14.91,0.41,10.0,0.43,5.0,0.44,5.0,0.55,10.0,0.54,25.5,0.57,0.7,0.58,10.0,0.01,0.02,2339.804964,1776375835000
1776375837.337,237.337,0.49,15.0,0.48,15.0,0.5,20.4,0.51,120.82,0.57,5.0,0.56,5.0,0.58,14.91,0.59,10.0,0.01,0.01,2340.208865,1776375836000
1776375837.897,237.897,0.48,1.98,0.47,40.0,0.49,5.0,0.5,25.4,0.5,25.4,0.49,120.82,0.52,5.97,0.53,15.0,0.01,0.02,2340.208865,1776375836000
1776375838.311,238.311,0.48,1.98,0.47,50.0,0.49,3.76,0.5,15.4,0.51,5.0,0.5,25.4,0.52,1.98,0.53,40.0,0.01,0.01,2340.239745,1776375837000
1776375839.796,239.796,0.48,7.41,0.47,40.0,0.49,3.76,0.5,10.4,0.51,3.76,0.5,15.4,0.52,1.98,0.53,50.0,0.01,0.01,2340.140983,1776375838000
1776375841.884,241.884,0.39,25.0,0.36,50.0,0.4,15.69,0.41,70.0,0.51,3.76,0.5,10.4,0.52,7.41,0.53,40.0,0.01,0.01,2340.220587,1776375840000
1776375843.123,243.123,0.43,10.0,0.41,10.0,0.44,183.47,0.46,55.0,0.6,15.69,0.59,70.0,0.61,25.0,0.64,50.0,0.01,0.01,2340.287895,1776375842000
1776375843.382,243.382,0.43,59.0,0.42,10.0,0.44,86.5,0.46,10.0,0.56,93.09,0.53,10.0,0.57,49.0,0.58,10.0,0.01,0.01,2340.287895,1776375842000
1776375843.651,243.651,0.43,55.0,0.42,20.0,0.44,40.36,0.51,110.82,0.56,69.36,0.49,110.82,0.57,55.0,0.58,20.0,0.01,0.01,2340.287895,1776375842000
1776375844.064,244.064,0.5,0.39,0.49,10.0,0.51,76.82,0.52,25.0,0.49,110.82,0.48,25.0,0.57,55.0,0.58,20.0,0.01,0.08,2340.287895,1776375842000
1776375844.27,244.27,0.5,0.29,0.49,10.0,0.51,40.82,0.54,20.0,0.49,76.82,0.48,25.0,0.5,0.39,0.51,10.0,0.01,0.01,2339.999548,1776375843000
1776375844.826,244.826,0.5,150.29,0.49,10.0,0.54,20.0,0.55,50.0,0.49,40.72,0.46,20.0,0.5,0.29,0.51,10.0,0.04,0.01,2339.999548,1776375843000
1776375845.775,245.775,0.58,5.43,0.57,10.0,0.59,10.0,0.6,60.0,0.44,50.0,0.43,35.0,0.46,8.91,0.47,10.0,0.01,0.02,2340.129355,1776375844000
1776375846.74,246.74,0.65,39.2,0.64,15.0,0.66,171.86,0.67,40.0,0.41,10.0,0.4,60.0,0.42,5.43,0.43,10.0,0.01,0.01,2340.323877,1776375845000
1776375847.22,247.22,0.64,30.63,0.63,20.0,0.66,5.0,0.67,40.0,0.34,171.86,0.33,40.0,0.35,39.2,0.36,15.0,0.02,0.01,2340.377333,1776375846000
1776375848.466,248.466,0.66,20.0,0.65,10.0,0.67,32.73,0.68,55.0,0.34,5.0,0.33,40.0,0.36,30.63,0.37,20.0,0.01,0.02,2340.43774,1776375847000
1776375849.576,249.576,0.66,30.0,0.65,20.0,0.67,21.46,0.68,5.0,0.33,30.46,0.32,55.0,0.34,20.0,0.35,10.0,0.01,0.01,2340.63655,1776375848000
1776375850.681,250.681,0.7,156.28,0.69,15.0,0.71,3.62,0.72,5.0,0.33,12.46,0.32,5.0,0.34,30.0,0.35,20.0,0.01,0.01,2340.59016,1776375849000
1776375850.913,250.913,0.7,98.61,0.67,10.0,0.71,178.0,0.72,39.0,0.29,3.62,0.28,5.0,0.3,156.28,0.31,15.0,0.01,0.01,2340.59016,1776375849000
1776375851.163,251.163,0.64,9.22,0.63,10.0,0.66,114.7,0.67,10.0,0.33,33.12,0.32,11.0,0.35,35.0,0.36,10.0,0.02,0.02,2340.615782,1776375850000
1776375851.369,251.369,0.64,6.08,0.63,10.0,0.66,124.0,0.67,5.0,0.34,114.7,0.33,10.0,0.36,9.22,0.37,10.0,0.02,0.02,2340.615782,1776375850000
1776375851.68,251.68,0.63,5.37,0.62,10.0,0.66,139.0,0.67,15.0,0.34,129.0,0.33,20.0,0.35,7.14,0.36,6.08,0.03,0.01,2340.615782,1776375850000
1776375852.099,252.099,0.63,5.37,0.62,10.0,0.64,81.28,0.65,5.0,0.34,139.0,0.33,15.0,0.37,5.37,0.38,10.0,0.01,0.03,2340.6865,1776375851000
1776375852.958,252.958,0.63,2.66,0.62,10.0,0.64,73.46,0.65,5.0,0.36,81.28,0.35,5.0,0.37,2.66,0.38,10.0,0.01,0.01,2340.6865,1776375851000
1776375855.863,255.863,0.66,44.2,0.65,20.0,0.68,5.0,0.69,5.0,0.36,61.6,0.35,5.0,0.37,2.66,0.38,10.0,0.02,0.01,2340.496881,1776375854000
1776375856.269,256.269,0.71,19.0,0.7,15.0,0.72,50.0,0.75,85.0,0.3,14.22,0.29,25.0,0.34,44.2,0.35,25.0,0.01,0.04,2340.4803,1776375855000
1776375856.818,256.818,0.74,19.23,0.73,20.0,0.75,60.0,0.76,75.0,0.28,50.0,0.25,85.0,0.29,19.0,0.3,15.0,0.01,0.01,2340.4803,1776375855000
1776375861.768,261.768,0.81,15.0,0.8,10.0,0.82,18.78,0.83,15.0,0.25,60.0,0.24,75.0,0.26,19.23,0.27,20.0,0.01,0.01,2340.90295,1776375860000
1776375862.108,262.108,0.8,10.0,0.79,20.0,0.82,15.0,0.83,15.0,0.18,12.58,0.17,15.0,0.19,5.19,0.2,10.0,0.02,0.01,2340.93659,1776375861000
1776375863.239,263.239,0.81,20.0,0.8,10.0,0.82,2.9,0.83,15.0,0.18,15.0,0.17,15.0,0.2,10.0,0.21,20.0,0.01,0.02,2340.93659,1776375861000
1776375864.503,264.503,0.85,17.74,0.82,15.0,0.86,60.0,0.87,40.0,0.17,13.71,0.16,10.0,0.19,10.0,0.2,10.0,0.01,0.02,2340.94285,1776375862000
1776375864.864,264.864,0.85,22.74,0.83,10.0,0.86,67.9,0.87,49.0,0.14,60.0,0.13,40.0,0.15,17.74,0.18,15.0,0.01,0.01,2340.93808,1776375863000
1776375865.477,265.477,0.85,22.74,0.83,10.0,0.86,71.73,0.87,49.0,0.14,67.9,0.13,49.0,0.15,22.74,0.17,10.0,0.01,0.01,2340.93808,1776375864000
1776375866.657,266.657,0.85,22.74,0.84,10.0,0.86,54.26,0.87,64.0,0.14,70.33,0.13,49.0,0.15,22.74,0.17,10.0,0.01,0.01,2340.934145,1776375865000
1776375866.888,266.888,0.85,22.74,0.84,10.0,0.86,45.26,0.87,64.0,0.14,54.26,0.13,64.0,0.15,22.74,0.16,10.0,0.01,0.01,2340.934125,1776375866000
1776375867.323,267.323,0.85,22.74,0.84,10.0,0.86,39.26,0.87,54.0,0.14,45.26,0.13,64.0,0.15,12.74,0.16,10.0,0.01,0.01,2340.934125,1776375866000
1776375867.786,267.786,0.85,16.07,0.84,10.0,0.86,89.26,0.87,54.0,0.14,39.26,0.13,54.0,0.15,22.74,0.16,10.0,0.01,0.01,2340.934125,1776375866000
1776375868.175,268.175,0.85,1.07,0.84,10.0,0.86,89.26,0.87,54.0,0.14,89.26,0.13,54.0,0.15,16.07,0.16,10.0,0.01,0.01,2340.94499,1776375867000
1776375868.564,268.564,0.84,4.75,0.83,10.0,0.86,79.26,0.87,54.0,0.14,89.26,0.13,54.0,0.15,1.07,0.16,10.0,0.02,0.01,2340.94499,1776375867000
1776375868.788,268.788,0.84,4.75,0.83,10.0,0.85,10.44,0.86,79.26,0.14,79.26,0.13,54.0,0.16,4.75,0.17,10.0,0.01,0.02,2340.94499,1776375867000
1776375869.801,269.801,0.84,4.75,0.83,10.0,0.86,79.26,0.87,55.0,0.15,10.44,0.14,79.26,0.16,4.75,0.17,10.0,0.02,0.01,2340.934299,1776375868000
1776375870.397,270.397,0.85,2.0,0.84,4.75,0.86,79.26,0.87,55.0,0.14,79.26,0.13,55.0,0.16,4.75,0.17,10.0,0.01,0.02,2340.934299,1776375868000
1776375870.648,270.648,0.85,2.0,0.84,4.75,0.86,76.93,0.87,55.0,0.14,79.26,0.13,55.0,0.15,2.0,0.16,4.75,0.01,0.01,2340.93414,1776375869000
1776375871.708,271.708,0.84,0.37,0.83,10.0,0.86,66.46,0.87,63.0,0.14,71.46,0.13,55.0,0.15,2.0,0.16,4.75,0.02,0.01,2340.93414,1776375870000
1776375872.078,272.078,0.83,19.03,0.82,10.0,0.85,5.0,0.86,66.46,0.14,66.46,0.13,63.0,0.16,0.37,0.17,10.0,0.02,0.02,2340.93414,1776375870000
1776375873.533,273.533,0.84,10.0,0.83,19.03,0.86,7.38,0.87,55.0,0.15,5.0,0.14,66.46,0.17,19.03,0.18,10.0,0.02,0.02,2340.937745,1776375872000
1776375873.746,273.746,0.85,3.33,0.84,10.0,0.86,6.38,0.87,55.0,0.14,7.38,0.13,55.0,0.15,3.33,0.16,10.0,0.01,0.01,2340.937745,1776375872000
1776375875.074,275.074,0.85,3.33,0.84,10.0,0.86,19.63,0.87,45.0,0.14,6.38,0.13,55.0,0.15,3.33,0.16,10.0,0.01,0.01,2340.94297,1776375873000
1776375878.485,278.485,0.77,10.0,0.76,10.0,0.79,49.54,0.8,15.0,0.14,19.63,0.13,45.0,0.15,3.33,0.16,10.0,0.02,0.01,2340.94397,1776375877000
1776375878.791,278.791,0.7,10.0,0.69,10.0,0.71,25.0,0.73,30.0,0.24,50.0,0.22,34.0,0.33,33.31,0.34,10.0,0.01,0.09,2340.94397,1776375877000
1776375879.056,279.056,0.7,10.0,0.69,10.0,0.71,20.0,0.73,30.0,0.29,25.0,0.27,30.0,0.3,10.0,0.31,10.0,0.01,0.01,2340.933955,1776375878000
1776375879.441,279.441,0.67,43.31,0.66,10.0,0.68,74.11,0.69,20.0,0.29,20.0,0.27,30.0,0.3,10.0,0.31,10.0,0.01,0.01,2340.933955,1776375878000
1776375879.899,279.899,0.51,100.0,0.5,55.0,0.56,134.0,0.57,10.0,0.32,35.0,0.31,20.0,0.33,43.21,0.34,10.0,0.05,0.01,2340.933955,1776375878000
1776375880.111,280.111,0.44,4.33,0.43,35.0,0.45,68.44,0.46,10.0,0.48,10.0,0.47,10.0,0.56,4.33,0.57,35.0,0.01,0.08,2340.885141,1776375879000
1776375880.44,280.44,0.35,60.0,0.34,20.0,0.37,10.0,0.38,10.0,0.55,74.35,0.54,10.0,0.57,35.0,0.62,35.0,0.02,0.02,2340.885141,1776375879000
1776375880.764,280.764,0.31,91.18,0.3,120.0,0.32,10.0,0.33,18.0,0.62,1.05,0.61,18.0,0.65,60.0,0.66,20.0,0.01,0.03,2340.885141,1776375879000
1776375880.965,280.965,0.31,53.45,0.3,120.0,0.32,18.0,0.33,18.0,0.68,18.0,0.67,18.0,0.69,73.18,0.7,120.0,0.01,0.01,2340.885141,1776375879000
1776375881.303,281.303,0.31,52.3,0.3,120.0,0.32,18.0,0.33,18.0,0.68,18.0,0.67,18.0,0.69,53.45,0.7,120.0,0.01,0.01,2340.694447,1776375880000
1776375882.156,282.156,0.28,41.44,0.26,50.0,0.32,77.0,0.33,10.0,0.66,15.35,0.65,10.0,0.69,50.0,0.7,120.0,0.04,0.03,2340.694447,1776375880000
1776375882.372,282.372,0.28,38.1,0.23,95.0,0.29,26.0,0.3,20.0,0.71,22.44,0.7,20.0,0.72,35.04,0.77,95.0,0.01,0.01,2340.510932,1776375881000
1776375883.112,283.112,0.23,22.99,0.22,140.0,0.24,45.0,0.25,18.0,0.76,18.0,0.75,18.0,0.77,23.0,0.78,170.0,0.01,0.01,2340.510932,1776375881000
1776375883.357,283.357,0.23,22.99,0.22,140.0,0.28,15.0,0.29,12.55,0.76,45.0,0.75,18.0,0.77,22.99,0.78,140.0,0.05,0.01,2340.355575,1776375882000
1776375883.639,283.639,0.23,21.79,0.22,140.0,0.24,10.0,0.25,10.0,0.72,15.0,0.71,12.55,0.77,22.99,0.78,140.0,0.01,0.05,2340.355575,1776375882000
1776375884.161,284.161,0.22,135.85,0.21,30.0,0.24,10.0,0.25,10.0,0.76,10.0,0.75,10.0,0.77,21.79,0.78,140.0,0.02,0.01,2340.355575,1776375882000
1776375884.482,284.482,0.22,153.85,0.21,51.0,0.23,22.95,0.24,10.0,0.76,10.0,0.75,10.0,0.78,135.85,0.79,30.0,0.01,0.02,2340.338046,1776375883000
1776375886.013,286.013,0.17,22.42,0.15,32.0,0.18,10.0,0.19,10.0,0.77,22.95,0.76,10.0,0.78,153.85,0.79,51.0,0.01,0.01,2340.252428,1776375884000
1776375887.186,287.186,0.15,2.0,0.12,120.0,0.16,20.0,0.17,10.0,0.82,10.0,0.81,10.0,0.83,22.42,0.85,32.0,0.01,0.01,2340.287355,1776375886000
1776375887.553,287.553,0.15,2.0,0.1,10.0,0.16,40.94,0.17,80.0,0.84,20.0,0.83,10.0,0.85,2.0,0.88,120.0,0.01,0.01,2340.287355,1776375886000
1776375887.822,287.822,0.09,11.0,0.08,50.0,0.16,28.94,0.17,80.0,0.84,40.94,0.83,80.0,0.85,2.0,0.9,10.0,0.07,0.01,2340.287355,1776375886000
1776375888.31,288.31,0.1,3.88,0.09,11.0,0.11,16.0,0.12,16.0,0.84,28.94,0.83,80.0,0.91,11.0,0.92,50.0,0.01,0.07,2340.287355,1776375886000
1776375888.543,288.543,0.09,11.0,0.08,50.0,0.11,47.0,0.12,16.0,0.89,16.0,0.88,16.0,0.9,3.88,0.91,11.0,0.02,0.01,2340.287355,1776375886000
1776375889.107,289.107,0.08,3.0,0.07,14.0,0.1,26.0,0.11,21.0,0.89,47.0,0.88,16.0,0.91,11.0,0.92,50.0,0.02,0.02,2340.043716,1776375887000
1776375889.395,289.395,0.06,16.0,0.05,140.0,0.09,16.0,0.1,26.0,0.9,26.0,0.89,21.0,0.92,3.0,0.93,14.0,0.03,0.02,2340.043431,1776375888000
1776375890.399,290.399,0.06,0.22,0.05,40.0,0.07,16.0,0.08,10.0,0.91,16.0,0.9,26.0,0.94,16.0,0.95,140.0,0.01,0.03,2340.040065,1776375889000
1776375890.626,290.626,0.05,40.0,0.04,45.0,0.07,16.0,0.08,10.0,0.93,16.0,0.92,10.0,0.94,0.22,0.95,40.0,0.02,0.01,2340.040065,1776375889000
1776375890.961,290.961,0.05,27.89,0.04,45.0,0.06,20.0,0.07,16.0,0.94,10.0,0.93,16.0,0.95,32.89,0.96,45.0,0.01,0.01,2340.040065,1776375889000
1776375891.454,291.454,0.05,27.89,0.04,45.0,0.06,37.1,0.07,10.0,0.94,20.0,0.93,16.0,0.95,27.89,0.96,45.0,0.01,0.01,2339.94999,1776375890000
1776375891.672,291.672,0.05,6.21,0.04,45.0,0.06,25.1,0.07,10.0,0.94,25.1,0.93,10.0,0.95,12.21,0.96,45.0,0.01,0.01,2339.94999,1776375890000
1776375892.066,292.066,0.05,6.21,0.04,45.0,0.06,14.58,0.07,10.0,0.94,25.1,0.93,10.0,0.95,6.21,0.96,45.0,0.01,0.01,2339.94999,1776375890000
1776375892.454,292.454,0.04,31.21,0.03,143.0,0.06,26.58,0.07,10.0,0.94,14.58,0.93,10.0,0.95,6.21,0.96,45.0,0.02,0.01,2339.909279,1776375891000
1776375892.741,292.741,0.04,11.11,0.03,143.0,0.05,47.0,0.06,11.08,0.95,37.0,0.94,28.08,0.96,31.11,0.97,143.0,0.01,0.01,2339.909279,1776375891000
1776375892.967,292.967,0.03,143.0,0.02,193.0,0.05,47.0,0.06,11.08,0.95,57.0,0.94,11.08,0.96,6.01,0.97,143.0,0.02,0.01,2339.909279,1776375891000
1776375893.338,293.338,0.03,141.96,0.02,193.0,0.04,30.0,0.05,47.0,0.95,47.0,0.94,11.08,0.97,143.0,0.98,193.0,0.01,0.02,2339.909279,1776375891000
1776375893.609,293.609,0.03,117.75,0.02,193.0,0.04,30.0,0.05,47.0,0.96,30.0,0.95,47.0,0.97,121.8,0.98,193.0,0.01,0.01,2339.825495,1776375892000
1776375893.922,293.922,0.03,95.44,0.02,193.0,0.04,30.0,0.05,57.0,0.96,30.0,0.95,59.0,0.97,102.44,0.98,193.0,0.01,0.01,2339.825495,1776375892000
1776375894.188,294.188,0.03,30.61,0.02,193.0,0.04,30.0,0.05,47.0,0.96,30.0,0.95,77.0,0.97,50.82,0.98,193.0,0.01,0.01,2339.831667,1776375893000
1776375894.557,294.557,0.02,181.0,0.01,1350.0,0.03,66.6,0.04,30.0,0.97,56.6,0.96,30.0,0.98,193.0,0.99,1350.0,0.01,0.01,2339.831667,1776375893000
1776375894.809,294.809,0.02,55.87,0.01,1350.0,0.03,86.91,0.04,30.0,0.97,76.6,0.96,30.0,0.98,63.87,0.99,1350.0,0.01,0.01,2339.831667,1776375893000
1776375895.112,295.112,0.01,1274.19,,,0.03,220.91,0.04,30.0,0.97,86.91,0.96,30.0,0.98,45.66,0.99,1350.0,0.02,0.01,2339.831667,1776375893000
1776375895.425,295.425,0.01,1269.19,,,0.02,152.0,0.03,86.91,0.97,220.91,0.96,30.0,0.99,1274.19,,,0.01,0.02,2339.509024,1776375894000
1776375895.704,295.704,0.01,974.76,,,0.02,152.0,0.03,86.91,0.98,152.0,0.97,86.91,0.99,1050.19,,,0.01,0.01,2339.509024,1776375894000
1776375895.911,295.911,0.01,942.76,,,0.02,157.1,0.03,86.91,0.98,157.1,0.97,86.91,0.99,944.76,,,0.01,0.01,2339.509024,1776375894000
1776375896.126,296.126,0.01,794.04,,,0.02,107.1,0.03,86.91,0.98,107.1,0.97,86.91,0.99,839.04,,,0.01,0.01,2339.509024,1776375894000
1776375896.389,296.389,0.01,756.54,,,0.02,16.1,0.03,66.6,0.98,148.1,0.97,66.6,0.99,792.04,,,0.01,0.01,2339.402151,1776375895000
1776375896.631,296.631,0.07,214.62,0.06,105.0,0.08,16.67,0.16,50.0,0.92,16.67,0.84,50.0,0.93,210.0,0.94,95.0,0.01,0.01,2339.402151,1776375895000
1776375896.964,296.964,0.19,524.0,0.18,42.0,0.2,11.75,0.21,50.0,0.84,36.67,0.8,31.75,0.85,22.64,0.86,10.0,0.01,0.01,2339.402151,1776375895000
1776375897.206,297.206,0.35,7.63,0.34,10.0,0.36,50.0,0.41,50.0,0.65,10.0,0.64,50.0,0.8,618.64,0.81,27.8,0.01,0.15,2339.402151,1776375895000
1776375897.409,297.409,0.35,296.15,0.34,24.0,0.36,50.0,0.41,50.0,0.64,50.0,0.59,50.0,0.65,287.52,0.66,24.0,0.01,0.01,2339.392773,1776375896000
1776375897.645,297.645,0.35,208.08,0.34,24.0,0.36,48.69,0.4,10.0,0.64,49.79,0.6,10.0,0.65,198.08,0.66,24.0,0.01,0.01,2339.392773,1776375896000
1776375897.878,297.878,0.35,117.92,0.34,24.0,0.36,25.0,0.37,10.0,0.64,1.8,0.63,10.0,0.65,164.28,0.66,24.0,0.01,0.01,2339.392773,1776375896000
1776375898.156,298.156,0.35,97.14,0.34,14.0,0.36,25.0,0.37,10.0,0.64,25.0,0.63,10.0,0.65,72.92,0.66,14.0,0.01,0.01,2339.392773,1776375896000
1776375898.445,298.445,0.16,3.31,0.15,7.64,0.33,10.0,0.34,10.0,0.64,25.0,0.63,10.0,0.65,92.14,0.66,14.0,0.17,0.01,2339.781599,1776375897000
1776375898.646,298.646,0.2,367.47,0.19,19.0,0.21,35.18,0.22,10.0,0.79,5.18,0.78,10.0,0.8,369.0,0.81,29.0,0.01,0.01,2339.781599,1776375897000
1776375898.926,298.926,0.26,235.0,0.25,13.0,0.27,8.98,0.28,10.0,0.73,10.0,0.72,10.0,0.75,212.45,0.76,14.0,0.01,0.02,2339.781599,1776375897000
1776375899.149,299.149,0.15,10.0,0.14,10.0,0.23,5.0,0.27,10.0,0.73,10.0,0.7,33.36,0.74,67.0,0.75,194.0,0.08,0.01,2339.951875,1776375898000
1776375899.466,299.466,,,,,0.01,318.09,0.02,18.0,0.99,865.23,0.73,1.0,,,,,,,2339.951875,1776375898000
1776375900.25,300.25,,,,,0.01,8570.63,0.02,16.54,0.98,16.54,0.97,18.0,,,,,,,2340.14587,1776375899000
1776375900.586,300.586,,,,,0.01,8464.63,0.02,16.54,0.99,8574.63,0.98,16.54,,,,,,,2340.14587,1776375899000

# RESULT,winner=Down,slug=eth-updown-5m-1776375600,ticks=314
