timestamp,elapsed_sec,up_bid_p1,up_bid_s1,up_bid_p2,up_bid_s2,up_ask_p1,up_ask_s1,up_ask_p2,up_ask_s2,down_bid_p1,down_bid_s1,down_bid_p2,down_bid_s2,down_ask_p1,down_ask_s1,down_ask_p2,down_ask_s2,up_spread,down_spread,eth_price,eth_oracle_ts
1776333900.737,0.737,0.54,14.8,0.53,10.0,0.56,70.0,0.57,70.0,0.4,38.0,0.39,34.0,0.46,27.22,0.47,10.0,0.02,0.06,2333.54135,1776333899000
1776333901.231,1.231,0.51,643.86,0.5,53.22,0.55,15.18,0.56,70.0,0.44,70.0,0.43,70.0,0.46,14.8,0.47,10.0,0.04,0.02,2333.54135,1776333899000
1776333901.556,1.556,0.51,439.76,0.5,53.22,0.53,69.55,0.54,70.0,0.46,70.0,0.45,15.18,0.49,439.76,0.5,53.22,0.02,0.03,2333.54135,1776333899000
1776333901.836,1.836,0.51,439.76,0.5,53.22,0.53,73.55,0.54,83.0,0.47,37.55,0.46,70.0,0.49,439.76,0.5,53.22,0.02,0.02,2333.284996,1776333900000
1776333902.064,2.064,0.51,444.76,0.5,53.22,0.52,20.0,0.53,72.55,0.47,73.55,0.46,83.0,0.49,439.76,0.5,53.22,0.01,0.02,2333.284996,1776333900000
1776333902.279,2.279,0.51,444.76,0.5,53.22,0.52,14.88,0.53,166.55,0.48,20.0,0.47,72.55,0.49,444.76,0.5,53.22,0.01,0.01,2333.284996,1776333900000
1776333902.491,2.491,0.51,435.51,0.5,53.22,0.53,38.0,0.54,87.01,0.47,132.89,0.46,170.0,0.49,441.51,0.5,53.22,0.02,0.02,2333.03539,1776333901000
1776333903.555,3.555,0.52,39.16,0.51,440.51,0.53,48.0,0.54,110.01,0.47,38.0,0.46,87.01,0.49,435.51,0.5,53.22,0.01,0.02,2332.90811,1776333902000
1776333904.086,4.086,0.51,57.94,0.5,58.22,0.52,43.0,0.53,22.0,0.47,52.0,0.46,97.01,0.49,111.21,0.5,58.22,0.01,0.02,2332.90811,1776333902000
1776333904.884,4.884,0.51,52.94,0.5,58.22,0.52,51.99,0.53,22.0,0.48,25.2,0.47,22.0,0.49,57.94,0.5,58.22,0.01,0.01,2332.90754,1776333903000
1776333905.134,5.134,0.51,35.69,0.5,58.22,0.52,156.44,0.53,108.91,0.48,51.99,0.47,22.0,0.49,35.69,0.5,58.22,0.01,0.01,2332.90754,1776333903000
1776333905.533,5.533,0.36,0.5,0.31,50.0,0.37,10.0,0.38,10.0,0.55,65.95,0.51,6.22,0.64,5.5,0.66,100.0,0.01,0.09,2332.83795,1776333904000
1776333905.873,5.873,0.29,29.28,0.28,100.0,0.3,39.2,0.31,10.0,0.7,10.0,0.68,10.0,0.71,43.82,0.72,100.0,0.01,0.01,2332.83795,1776333904000
1776333906.172,6.172,0.31,31.71,0.29,17.37,0.32,12.35,0.33,10.0,0.68,10.0,0.67,10.0,0.69,31.71,0.71,7.37,0.01,0.01,2332.83795,1776333904000
1776333906.373,6.373,0.29,17.37,0.28,110.0,0.32,4.23,0.33,10.0,0.68,17.35,0.67,10.0,0.71,17.37,0.72,110.0,0.03,0.03,2332.83795,1776333905000
1776333906.589,6.589,0.3,3.57,0.29,17.37,0.32,10.0,0.33,96.05,0.68,15.0,0.67,9.05,0.7,8.57,0.71,17.37,0.02,0.02,2332.83795,1776333905000
1776333906.894,6.894,0.31,25.0,0.3,103.57,0.32,10.0,0.33,9.05,0.68,10.0,0.67,96.05,0.7,3.57,0.71,17.37,0.01,0.02,2332.83795,1776333905000
1776333907.2,7.2,0.31,43.0,0.3,128.57,0.32,0.62,0.33,9.05,0.68,10.75,0.67,9.05,0.69,110.0,0.7,103.57,0.01,0.01,2332.83795,1776333905000
1776333907.458,7.458,0.3,28.07,0.29,10.0,0.32,15.0,0.33,14.05,0.68,26.0,0.67,9.05,0.69,3.0,0.7,127.84,0.02,0.01,2332.83795,1776333905000
1776333907.735,7.735,0.32,48.64,0.31,95.0,0.33,10.0,0.34,10.0,0.67,14.05,0.66,10.0,0.69,25.0,0.7,33.07,0.01,0.02,2331.431362,1776333906000
1776333908.042,8.042,0.32,34.64,0.31,40.0,0.33,0.72,0.34,10.0,0.67,10.0,0.66,10.0,0.68,47.42,0.69,190.0,0.01,0.01,2331.431362,1776333906000
1776333908.277,8.277,0.32,19.64,0.3,19.64,0.33,105.72,0.34,199.4,0.67,0.72,0.66,10.0,0.68,34.64,0.69,40.0,0.01,0.01,2331.431362,1776333906000
1776333908.506,8.506,0.28,4.28,0.27,10.0,0.33,100.72,0.34,194.4,0.67,105.72,0.66,199.4,0.68,19.64,0.7,19.64,0.05,0.01,2331.431362,1776333906000
1776333908.766,8.766,0.3,40.0,0.29,20.0,0.31,10.0,0.32,100.0,0.68,90.0,0.67,100.72,0.7,5.0,0.71,15.0,0.01,0.02,2330.423985,1776333907000
1776333909.067,9.067,0.3,33.0,0.29,220.0,0.32,10.0,0.33,105.72,0.67,105.72,0.66,110.0,0.7,40.0,0.71,40.0,0.02,0.03,2330.440255,1776333908000
1776333909.998,9.998,0.32,230.5,0.31,115.5,0.33,8.18,0.34,115.0,0.68,10.0,0.67,105.72,0.7,10.14,0.71,220.0,0.01,0.02,2330.440255,1776333908000
1776333910.218,10.218,0.32,220.0,0.31,110.0,0.33,40.18,0.34,125.0,0.67,8.18,0.66,115.0,0.68,230.5,0.69,115.5,0.01,0.01,2330.440255,1776333908000
1776333910.441,10.441,0.32,228.14,0.31,185.0,0.33,72.18,0.34,31.0,0.67,40.18,0.66,120.0,0.68,213.85,0.69,110.0,0.01,0.01,2330.440255,1776333908000
1776333910.673,10.673,0.32,212.39,0.31,180.0,0.38,10.0,0.39,115.0,0.67,18.18,0.66,21.0,0.68,237.39,0.69,250.0,0.06,0.01,2330.440255,1776333908000
1776333910.937,10.937,0.38,45.0,0.37,20.0,0.39,5.5,0.4,116.0,0.62,10.0,0.61,115.0,0.68,212.39,0.69,180.0,0.01,0.06,2330.499685,1776333909000
1776333911.164,11.164,0.33,7.19,0.32,85.0,0.39,105.0,0.4,156.78,0.61,100.0,0.6,86.78,0.62,45.0,0.63,5.0,0.06,0.01,2330.499685,1776333909000
1776333911.421,11.421,0.32,80.0,0.31,80.0,0.37,6.75,0.38,110.0,0.66,0.75,0.65,10.0,0.67,31.0,0.68,105.0,0.05,0.01,2330.45853,1776333910000
1776333911.629,11.629,0.34,15.0,0.33,14.9,0.35,202.5,0.36,135.5,0.63,6.75,0.62,110.0,0.67,9.9,0.68,80.0,0.01,0.04,2330.45853,1776333910000
1776333911.879,11.879,0.32,256.46,0.31,80.0,0.34,130.5,0.35,134.5,0.66,15.0,0.65,139.5,0.67,4.0,0.68,258.46,0.02,0.01,2330.45853,1776333910000
1776333912.149,12.149,0.32,259.82,0.31,80.0,0.33,186.5,0.34,131.5,0.66,130.5,0.65,134.5,0.68,256.46,0.69,80.0,0.01,0.02,2330.45853,1776333910000
1776333912.75,12.75,0.32,274.82,0.31,130.0,0.33,155.29,0.34,121.5,0.67,229.62,0.66,121.5,0.68,259.82,0.69,80.0,0.01,0.01,2330.581695,1776333911000
1776333913.035,13.035,0.32,94.82,0.31,310.0,0.33,140.12,0.34,131.5,0.67,120.57,0.66,131.5,0.68,269.82,0.69,130.0,0.01,0.01,2330.581695,1776333911000
1776333913.773,13.773,0.32,264.84,0.31,130.0,0.33,140.12,0.34,131.5,0.67,140.12,0.66,131.5,0.68,106.46,0.69,310.0,0.01,0.01,2330.843391,1776333912000
1776333914.151,14.151,0.32,329.84,0.31,160.0,0.33,4.0,0.34,31.5,0.67,140.12,0.66,131.5,0.68,264.84,0.69,130.0,0.01,0.01,2330.843391,1776333912000
1776333914.585,14.585,0.34,241.0,0.33,85.0,0.35,19.99,0.36,9.0,0.65,91.99,0.63,100.0,0.66,6.0,0.68,363.84,0.01,0.01,2330.590795,1776333913000
1776333914.888,14.888,0.35,5.0,0.34,299.7,0.36,9.0,0.37,19.5,0.65,19.99,0.64,9.0,0.66,241.0,0.67,85.0,0.01,0.01,2330.590795,1776333913000
1776333915.224,15.224,0.36,225.0,0.35,10.0,0.37,99.87,0.38,119.5,0.63,19.5,0.62,100.0,0.65,10.0,0.66,94.7,0.01,0.02,2330.599675,1776333914000
1776333915.442,15.442,0.36,235.0,0.35,10.0,0.37,54.73,0.38,119.5,0.63,72.84,0.62,119.5,0.64,225.0,0.65,10.0,0.01,0.01,2330.599675,1776333914000
1776333915.675,15.675,0.38,3.51,0.37,10.0,0.4,76.78,0.41,130.0,0.63,3.73,0.62,9.0,0.64,267.51,0.65,50.5,0.02,0.01,2330.599675,1776333914000
1776333915.985,15.985,0.39,249.0,0.38,78.51,0.41,138.0,0.42,100.0,0.6,76.78,0.59,130.0,0.61,23.54,0.62,188.51,0.02,0.01,2330.599675,1776333914000
1776333916.371,16.371,0.4,243.16,0.39,40.0,0.41,100.65,0.42,110.0,0.59,67.0,0.58,100.0,0.6,10.0,0.61,40.0,0.01,0.01,2330.599675,1776333914000
1776333916.58,16.58,0.4,233.59,0.39,55.5,0.41,1.65,0.42,110.0,0.59,17.65,0.58,118.0,0.6,243.16,0.61,55.5,0.01,0.01,2330.599675,1776333914000
1776333916.782,16.782,0.42,224.67,0.41,120.5,0.44,17.01,0.45,27.0,0.56,17.01,0.55,27.0,0.58,55.57,0.59,20.5,0.02,0.02,2330.857402,1776333915000
1776333917.018,17.018,0.43,73.51,0.42,33.77,0.44,33.01,0.45,27.0,0.56,17.01,0.55,27.0,0.58,222.77,0.59,120.5,0.01,0.02,2330.857402,1776333915000
1776333917.228,17.228,0.43,242.42,0.42,133.77,0.44,26.6,0.45,27.0,0.56,21.0,0.55,27.0,0.57,242.42,0.58,133.77,0.01,0.01,2330.857402,1776333915000
1776333917.556,17.556,0.43,352.92,0.42,144.27,0.44,54.86,0.45,27.0,0.56,26.6,0.55,27.0,0.57,242.42,0.58,133.77,0.01,0.01,2330.857402,1776333915000
1776333917.79,17.79,0.44,190.0,0.43,169.99,0.45,21.0,0.46,8.0,0.55,21.0,0.54,8.0,0.57,344.49,0.58,144.27,0.01,0.02,2330.857402,1776333915000
1776333918.287,18.287,0.45,236.42,0.44,141.52,0.46,21.88,0.47,73.53,0.54,8.0,0.53,8.0,0.55,7.92,0.56,246.52,0.01,0.01,2331.1887,1776333916000
1776333918.616,18.616,0.46,24.55,0.45,125.53,0.47,73.53,0.48,8.0,0.53,73.53,0.52,8.0,0.55,219.53,0.56,141.52,0.01,0.02,2331.6977,1776333917000
1776333918.829,18.829,0.46,219.62,0.45,125.53,0.47,2.53,0.48,10.0,0.53,75.53,0.52,8.0,0.54,230.62,0.55,125.53,0.01,0.01,2331.6977,1776333917000
1776333919.071,19.071,0.47,28.42,0.46,225.62,0.48,2.53,0.49,7.0,0.52,2.53,0.51,12.0,0.53,20.5,0.54,209.62,0.01,0.01,2331.96139,1776333918000
1776333919.39,19.39,0.47,266.42,0.46,29.62,0.49,74.85,0.5,47.0,0.52,2.53,0.51,7.0,0.53,28.42,0.54,225.62,0.02,0.01,2331.96139,1776333918000
1776333919.8,19.8,0.48,53.26,0.47,238.42,0.49,62.85,0.5,47.0,0.51,64.85,0.5,47.0,0.52,18.38,0.53,261.42,0.01,0.01,2331.96139,1776333918000
1776333920.396,20.396,0.48,44.93,0.47,208.42,0.49,69.73,0.5,20.0,0.51,58.15,0.5,47.0,0.52,48.26,0.53,238.42,0.01,0.01,2332.179345,1776333919000
1776333920.76,20.76,0.48,27.81,0.47,208.42,0.49,69.73,0.5,20.0,0.51,69.73,0.5,20.0,0.52,44.93,0.53,208.42,0.01,0.01,2332.179345,1776333919000
1776333922.12,22.12,0.48,22.13,0.47,208.42,0.49,84.73,0.5,30.0,0.51,69.73,0.5,20.0,0.52,27.81,0.53,208.42,0.01,0.01,2332.4589,1776333921000
1776333922.461,22.461,0.47,7.92,0.46,10.0,0.49,159.29,0.5,36.86,0.51,84.73,0.5,30.0,0.52,22.13,0.53,208.42,0.02,0.01,2332.4589,1776333921000
1776333922.732,22.732,0.47,7.92,0.46,10.0,0.48,51.35,0.49,146.79,0.52,5.0,0.51,151.29,0.53,7.92,0.54,10.0,0.01,0.01,2332.4589,1776333921000
1776333923.184,23.184,0.44,71.32,0.43,190.5,0.47,63.0,0.48,233.35,0.53,17.0,0.52,254.35,0.54,5.0,0.55,10.0,0.03,0.01,2332.47609,1776333922000
1776333923.659,23.659,0.42,4.13,0.41,110.0,0.44,3.75,0.45,68.0,0.53,110.64,0.52,223.35,0.56,81.32,0.57,190.5,0.02,0.03,2332.47609,1776333922000
1776333923.913,23.913,0.43,2.28,0.42,4.13,0.44,17.0,0.45,23.0,0.56,3.75,0.55,68.0,0.58,4.13,0.59,110.0,0.01,0.02,2332.47609,1776333922000
1776333924.143,24.143,0.42,10.0,0.41,101.67,0.43,9.2,0.44,40.5,0.56,22.0,0.55,23.0,0.59,101.67,0.6,110.0,0.01,0.03,2332.46007,1776333923000
1776333925.12,25.12,0.39,268.12,0.38,109.01,0.43,127.0,0.44,290.0,0.57,9.2,0.56,40.5,0.59,79.41,0.6,110.0,0.04,0.02,2332.26324,1776333924000
1776333926.185,26.185,0.42,10.0,0.41,10.0,0.43,191.46,0.44,300.0,0.57,127.0,0.56,290.0,0.61,268.12,0.62,109.01,0.01,0.04,2331.974225,1776333925000
1776333926.69,26.69,0.39,271.0,0.38,109.01,0.43,186.46,0.44,310.5,0.57,191.46,0.56,300.0,0.58,10.0,0.59,10.0,0.04,0.01,2331.974225,1776333925000
1776333927.209,27.209,0.4,11.98,0.39,271.0,0.41,71.68,0.42,10.0,0.57,186.46,0.56,310.5,0.61,271.0,0.62,109.01,0.01,0.04,2331.85505,1776333926000
1776333928.287,28.287,0.44,47.44,0.43,25.5,0.45,169.99,0.46,100.0,0.59,76.68,0.58,15.0,0.6,200.81,0.61,91.0,0.01,0.01,2331.9398,1776333927000
1776333929.338,29.338,0.44,35.5,0.43,205.5,0.45,67.96,0.46,109.0,0.55,169.99,0.54,100.0,0.56,47.44,0.57,25.5,0.01,0.01,2331.983395,1776333928000
1776333929.782,29.782,0.46,27.55,0.45,20.5,0.49,30.14,0.5,30.0,0.53,100.0,0.52,110.0,0.56,54.5,0.57,205.5,0.03,0.03,2331.983395,1776333928000
1776333930.188,30.188,0.48,57.58,0.47,20.5,0.49,92.0,0.5,30.0,0.51,30.14,0.5,30.0,0.54,27.55,0.55,20.5,0.01,0.03,2331.983395,1776333928000
1776333930.566,30.566,0.48,35.26,0.47,20.5,0.49,113.79,0.5,30.0,0.51,92.0,0.5,30.0,0.52,57.58,0.53,20.5,0.01,0.01,2332.03995,1776333929000
1776333930.83,30.83,0.48,24.77,0.47,20.5,0.49,113.79,0.5,30.0,0.51,113.79,0.5,30.0,0.52,35.26,0.53,20.5,0.01,0.01,2332.03995,1776333929000
1776333931.243,31.243,0.48,48.84,0.47,20.5,0.49,101.74,0.5,20.0,0.51,111.74,0.5,30.0,0.52,29.77,0.53,20.5,0.01,0.01,2332.03995,1776333929000
1776333931.523,31.523,0.48,234.84,0.47,120.5,0.49,31.74,0.5,20.0,0.51,81.74,0.5,20.0,0.52,219.84,0.53,120.5,0.01,0.01,2332.174857,1776333930000
1776333931.922,31.922,0.48,330.42,0.47,120.5,0.49,13.74,0.5,20.0,0.51,8.74,0.5,20.0,0.52,225.22,0.53,120.5,0.01,0.01,2332.174857,1776333930000
1776333932.14,32.14,0.48,314.6,0.47,120.5,0.49,1.06,0.5,20.0,0.51,10.67,0.5,20.0,0.52,314.6,0.53,120.5,0.01,0.01,2332.174857,1776333930000
1776333932.505,32.505,0.49,20.5,0.48,192.6,0.5,16.0,0.51,10.0,0.5,11.0,0.49,10.0,0.51,25.5,0.52,192.6,0.01,0.01,2332.4349,1776333931000
1776333932.801,32.801,0.49,29.14,0.48,192.6,0.5,6.0,0.52,99.74,0.5,16.0,0.49,10.0,0.51,12.48,0.52,192.6,0.01,0.01,2332.4349,1776333931000
1776333933.344,33.344,0.49,42.7,0.48,192.6,0.51,57.26,0.52,29.74,0.5,4.0,0.48,99.74,0.51,39.64,0.52,192.6,0.02,0.01,2332.4349,1776333931000
1776333933.75,33.75,0.5,27.9,0.49,30.7,0.51,57.26,0.52,29.74,0.49,57.26,0.48,29.74,0.51,42.7,0.52,192.6,0.01,0.02,2332.665665,1776333932000
1776333934.046,34.046,0.5,21.5,0.49,30.7,0.51,79.79,0.52,29.74,0.49,57.26,0.48,29.74,0.5,27.9,0.51,30.7,0.01,0.01,2332.665665,1776333932000
1776333934.296,34.296,0.5,21.5,0.49,30.7,0.51,86.95,0.52,29.74,0.49,79.79,0.48,29.74,0.5,21.5,0.51,30.7,0.01,0.01,2332.753317,1776333933000
1776333934.516,34.516,0.5,19.3,0.49,30.7,0.51,86.95,0.52,29.74,0.49,86.95,0.48,29.74,0.5,21.5,0.51,30.7,0.01,0.01,2332.753317,1776333933000
1776333935.211,35.211,0.5,2.32,0.49,30.7,0.51,64.95,0.52,19.74,0.49,86.95,0.48,29.74,0.5,19.3,0.51,30.7,0.01,0.01,2332.753317,1776333933000
1776333936.106,36.106,0.5,42.5,0.49,30.7,0.51,53.18,0.52,10.74,0.49,64.95,0.48,19.74,0.5,2.32,0.51,30.7,0.01,0.01,2332.843977,1776333934000
1776333936.712,36.712,0.51,82.5,0.5,18.52,0.54,19.0,0.55,24.0,0.49,43.47,0.48,10.74,0.5,30.52,0.51,30.7,0.03,0.01,2332.843977,1776333934000
1776333937.136,37.136,0.54,18.1,0.53,60.5,0.55,39.0,0.56,305.5,0.46,19.0,0.45,24.0,0.49,82.5,0.5,18.52,0.01,0.03,2332.85991,1776333935000
1776333937.481,37.481,0.54,10.7,0.53,60.5,0.55,329.75,0.56,65.5,0.45,39.0,0.44,305.5,0.46,18.1,0.47,60.5,0.01,0.01,2332.81015,1776333936000
1776333938.098,38.098,0.54,34.91,0.53,60.5,0.55,91.75,0.56,305.5,0.45,155.49,0.44,245.5,0.46,23.98,0.47,50.5,0.01,0.01,2332.81015,1776333936000
1776333938.49,38.49,0.54,71.91,0.53,60.5,0.55,0.38,0.56,65.5,0.45,91.75,0.44,305.5,0.46,34.91,0.47,60.5,0.01,0.01,2332.90992,1776333937000
1776333938.841,38.841,0.55,50.5,0.54,59.91,0.56,0.5,0.57,390.0,0.44,40.88,0.43,210.0,0.46,66.91,0.47,60.5,0.01,0.02,2332.90992,1776333937000
1776333939.205,39.205,0.55,67.5,0.54,231.93,0.57,59.77,0.6,10.0,0.44,0.5,0.43,390.0,0.45,50.5,0.46,59.91,0.02,0.01,2332.90992,1776333937000
1776333939.426,39.426,0.56,77.61,0.55,250.5,0.57,35.92,0.59,30.0,0.43,35.92,0.41,30.0,0.44,32.5,0.45,94.7,0.01,0.01,2332.90992,1776333937000
1776333939.834,39.834,0.58,52.5,0.57,49.7,0.6,31.67,0.61,110.0,0.43,35.92,0.41,30.0,0.44,77.61,0.45,250.5,0.02,0.01,2333.022793,1776333938000
1776333940.221,40.221,0.6,46.5,0.59,25.5,0.61,42.86,0.62,45.0,0.39,111.94,0.38,40.0,0.41,20.5,0.42,45.5,0.01,0.02,2333.022793,1776333938000
1776333940.578,40.578,0.61,44.7,0.6,60.5,0.63,140.0,0.64,10.0,0.39,42.86,0.38,45.0,0.4,46.5,0.41,25.5,0.02,0.01,2333.078935,1776333939000
1776333940.789,40.789,0.62,31.0,0.61,25.5,0.63,130.95,0.64,10.0,0.37,138.41,0.36,10.0,0.38,31.0,0.39,25.5,0.01,0.01,2333.078935,1776333939000
1776333941.08,41.08,0.62,40.5,0.61,25.5,0.63,106.24,0.64,10.0,0.37,114.05,0.36,10.0,0.38,40.5,0.39,25.5,0.01,0.01,2333.078935,1776333939000
1776333941.315,41.315,0.62,17.13,0.61,25.5,0.63,106.24,0.64,10.0,0.37,106.24,0.36,10.0,0.38,42.13,0.39,25.5,0.01,0.01,2333.299966,1776333940000
1776333942.143,42.143,0.62,17.13,0.61,25.5,0.63,44.62,0.64,302.19,0.37,57.7,0.36,86.45,0.38,17.13,0.39,25.5,0.01,0.01,2333.299966,1776333940000
1776333942.768,42.768,0.62,14.5,0.61,20.5,0.63,301.07,0.64,45.74,0.37,39.62,0.36,195.74,0.38,13.78,0.39,25.5,0.01,0.01,2333.6538,1776333941000
1776333943.063,43.063,0.62,9.46,0.61,20.5,0.63,306.07,0.64,45.74,0.37,301.07,0.36,45.74,0.38,4.23,0.39,20.5,0.01,0.01,2333.6538,1776333941000
1776333944.027,44.027,0.62,12.47,0.61,15.5,0.63,224.62,0.64,89.7,0.37,219.62,0.36,15.74,0.38,4.32,0.39,15.5,0.01,0.01,2333.80993,1776333942000
1776333945.205,45.205,0.62,29.47,0.61,25.5,0.63,29.62,0.64,64.7,0.37,224.62,0.36,89.7,0.38,12.47,0.39,15.5,0.01,0.01,2333.8251,1776333943000
1776333945.976,45.976,0.62,40.47,0.61,25.5,0.63,19.62,0.64,5.74,0.37,24.62,0.36,64.7,0.38,24.47,0.39,25.5,0.01,0.01,2333.765705,1776333944000
1776333946.688,46.688,0.62,40.47,0.61,25.5,0.65,8.01,0.66,35.0,0.37,19.62,0.36,5.74,0.38,40.47,0.39,25.5,0.03,0.01,2333.81266,1776333945000
1776333947.219,47.219,0.66,93.5,0.65,25.5,0.67,25.0,0.68,215.0,0.34,35.0,0.33,35.0,0.38,40.47,0.39,25.5,0.01,0.04,2333.81266,1776333945000
1776333947.451,47.451,0.66,51.11,0.65,25.5,0.67,37.0,0.68,215.0,0.33,35.0,0.32,215.0,0.34,51.11,0.35,25.5,0.01,0.01,2333.888355,1776333946000
1776333947.858,47.858,0.66,35.91,0.65,25.5,0.67,23.17,0.68,190.0,0.33,5.0,0.32,190.0,0.34,46.11,0.35,25.5,0.01,0.01,2333.888355,1776333946000
1776333948.696,48.696,0.66,28.19,0.65,25.5,0.67,5.0,0.68,190.0,0.33,23.17,0.32,190.0,0.34,35.91,0.35,25.5,0.01,0.01,2333.88923,1776333947000
1776333951.11,51.11,0.68,65.5,0.67,30.5,0.69,8.55,0.7,40.74,0.33,10.0,0.32,190.0,0.34,25.24,0.35,25.5,0.01,0.01,2334.155875,1776333950000
1776333951.466,51.466,0.68,60.5,0.67,30.5,0.7,29.38,0.71,145.0,0.31,8.55,0.3,40.74,0.32,65.5,0.33,30.5,0.02,0.01,2334.155875,1776333950000
1776333952.542,52.542,0.69,25.0,0.68,69.5,0.7,195.74,0.71,10.0,0.3,8.08,0.29,145.0,0.32,60.5,0.33,30.5,0.01,0.02,2334.157815,1776333951000
1776333952.784,52.784,0.69,54.2,0.68,69.5,0.7,196.97,0.71,40.0,0.3,195.74,0.29,10.0,0.31,25.0,0.32,69.5,0.01,0.01,2334.157815,1776333951000
1776333953.055,53.055,0.69,60.5,0.68,74.5,0.7,180.0,0.71,10.0,0.3,196.97,0.29,40.0,0.31,54.2,0.32,69.5,0.01,0.01,2334.157815,1776333951000
1776333953.453,53.453,0.69,23.24,0.68,74.5,0.7,180.0,0.71,10.0,0.3,180.0,0.29,10.0,0.31,60.5,0.32,74.5,0.01,0.01,2334.255895,1776333952000
1776333953.714,53.714,0.69,23.24,0.68,74.5,0.7,171.07,0.71,10.0,0.3,180.0,0.29,10.0,0.31,23.24,0.32,74.5,0.01,0.01,2334.255895,1776333952000
1776333954.055,54.055,0.69,18.24,0.68,74.5,0.7,171.07,0.71,10.0,0.3,171.07,0.29,10.0,0.31,23.24,0.32,74.5,0.01,0.01,2334.255895,1776333952000
1776333954.778,54.778,0.71,86.5,0.7,25.5,0.72,1.06,0.73,70.0,0.3,171.07,0.29,10.0,0.31,18.24,0.32,74.5,0.01,0.01,2334.33959,1776333953000
1776333955.027,55.027,0.66,34.27,0.6,5.0,0.72,265.06,0.73,53.3,0.28,35.06,0.27,35.0,0.29,45.0,0.3,10.0,0.06,0.01,2334.33959,1776333953000
1776333955.356,55.356,0.55,11.25,0.53,10.0,0.56,25.12,0.57,40.0,0.43,50.0,0.42,10.0,0.45,11.25,0.48,22.0,0.01,0.02,2334.4936,1776333954000
1776333955.677,55.677,0.52,6.27,0.51,60.0,0.56,15.92,0.57,200.0,0.44,5.92,0.43,10.0,0.45,3.25,0.47,10.0,0.04,0.01,2334.4936,1776333954000
1776333955.951,55.951,0.54,0.21,0.53,20.5,0.55,10.0,0.56,15.92,0.44,15.92,0.43,200.0,0.48,6.27,0.49,60.0,0.01,0.04,2334.4936,1776333954000
1776333956.232,56.232,0.54,19.04,0.53,15.71,0.55,10.0,0.56,10.0,0.45,5.0,0.43,189.4,0.47,15.71,0.48,6.27,0.01,0.02,2334.509579,1776333955000
1776333956.846,56.846,0.56,31.0,0.55,10.0,0.58,35.0,0.59,10.0,0.45,10.0,0.44,10.0,0.46,19.04,0.47,15.71,0.02,0.01,2334.509579,1776333955000
1776333959.801,59.801,0.55,20.0,0.54,48.54,0.57,60.0,0.58,208.47,0.42,32.0,0.41,10.0,0.44,21.0,0.45,10.0,0.02,0.02,2333.36323,1776333958000
1776333960.391,60.391,0.55,30.5,0.54,48.54,0.56,15.0,0.57,5.0,0.43,60.0,0.42,208.47,0.45,20.0,0.46,48.54,0.01,0.02,2333.302735,1776333959000
1776333960.876,60.876,0.56,50.5,0.55,35.5,0.57,10.0,0.58,7.97,0.44,15.0,0.43,5.0,0.45,30.5,0.46,48.54,0.01,0.01,2333.302735,1776333959000
1776333961.185,61.185,0.6,45.0,0.59,25.5,0.61,22.07,0.62,10.0,0.43,5.0,0.42,7.97,0.44,55.5,0.45,30.5,0.01,0.01,2333.309315,1776333960000
1776333961.53,61.53,0.47,10.0,0.46,50.0,0.55,10.0,0.56,10.0,0.4,2.19,0.39,100.97,0.41,5.0,0.45,10.0,0.08,0.01,2333.309315,1776333960000
1776333961.759,61.759,0.47,0.47,0.46,50.0,0.48,34.5,0.49,73.8,0.52,10.0,0.51,10.0,0.53,9.9,0.54,50.0,0.01,0.01,2333.309315,1776333960000
1776333962.08,62.08,0.46,22.3,0.44,10.0,0.47,20.0,0.48,224.5,0.53,5.0,0.52,49.5,0.54,32.3,0.57,190.5,0.01,0.01,2333.290885,1776333961000
1776333962.357,62.357,0.46,27.3,0.44,10.0,0.47,25.0,0.48,229.5,0.53,15.0,0.52,229.5,0.54,67.3,0.56,10.0,0.01,0.01,2333.290885,1776333961000
1776333964.128,64.128,0.45,10.0,0.44,110.0,0.46,54.0,0.47,224.5,0.54,2.44,0.53,205.0,0.56,10.0,0.57,195.5,0.01,0.02,2333.408915,1776333962000
1776333964.655,64.655,0.45,10.0,0.44,20.5,0.46,49.0,0.47,214.0,0.54,54.0,0.53,224.5,0.55,10.0,0.56,110.0,0.01,0.01,2333.408915,1776333962000
1776333965.113,65.113,0.45,5.0,0.44,10.0,0.46,41.0,0.47,246.5,0.54,49.0,0.53,214.0,0.55,10.0,0.56,20.5,0.01,0.01,2332.613901,1776333963000
1776333966.393,66.393,0.44,10.0,0.43,90.5,0.45,16.0,0.46,98.0,0.54,41.0,0.53,246.5,0.55,5.0,0.56,10.0,0.01,0.01,2332.502885,1776333965000
1776333967.028,67.028,0.33,75.0,0.32,74.84,0.43,108.5,0.44,35.5,0.55,16.0,0.54,98.0,0.56,10.0,0.57,90.5,0.1,0.01,2332.502885,1776333965000
1776333967.328,67.328,0.33,54.9,0.32,74.84,0.34,10.5,0.35,17.69,0.65,10.0,0.61,8.19,0.67,64.9,0.68,74.84,0.01,0.02,2332.502885,1776333965000
1776333967.536,67.536,0.33,6.76,0.32,224.84,0.35,20.5,0.36,45.0,0.65,20.5,0.64,10.0,0.67,13.8,0.68,224.84,0.02,0.02,2332.502885,1776333965000
1776333967.767,67.767,0.32,258.24,0.31,130.0,0.33,4.69,0.34,200.0,0.66,190.0,0.65,20.5,0.68,248.24,0.69,130.0,0.01,0.02,2332.48487,1776333966000
1776333968.134,68.134,0.32,251.7,0.31,140.5,0.33,4.69,0.34,189.0,0.67,4.69,0.66,190.0,0.68,253.24,0.69,130.0,0.01,0.01,2332.48487,1776333966000
1776333968.411,68.411,0.32,266.7,0.31,140.5,0.34,189.0,0.38,10.0,0.67,4.69,0.66,189.0,0.68,251.7,0.69,140.5,0.02,0.01,2332.484095,1776333967000
1776333969.297,69.297,0.37,3.31,0.36,2.18,0.38,15.0,0.39,22.0,0.6,10.0,0.59,10.0,0.64,2.18,0.65,10.0,0.01,0.04,2331.799665,1776333968000
1776333969.516,69.516,0.36,7.1,0.35,15.0,0.38,15.0,0.39,10.0,0.62,15.0,0.61,10.0,0.64,2.18,0.65,10.0,0.02,0.02,2331.799665,1776333968000
1776333969.786,69.786,0.36,10.0,0.35,15.0,0.38,15.0,0.39,202.0,0.62,15.0,0.61,10.0,0.64,5.0,0.65,15.0,0.02,0.02,2331.799665,1776333968000
1776333970.298,70.298,0.37,40.0,0.36,2.82,0.38,25.5,0.39,212.5,0.62,15.0,0.61,202.0,0.64,10.0,0.65,15.0,0.01,0.02,2331.5053,1776333969000
1776333970.541,70.541,0.33,5.0,0.32,196.7,0.35,20.0,0.36,20.0,0.62,25.5,0.61,32.5,0.63,15.0,0.64,2.82,0.02,0.01,2331.5053,1776333969000
1776333970.839,70.839,0.33,94.45,0.32,296.7,0.34,26.0,0.35,214.0,0.66,26.0,0.65,34.0,0.67,4.9,0.68,196.7,0.01,0.01,2331.5053,1776333969000
1776333971.085,71.085,0.33,99.82,0.32,291.7,0.34,36.0,0.35,34.0,0.66,26.0,0.65,214.0,0.67,94.45,0.68,296.7,0.01,0.01,2331.5053,1776333969000
1776333971.42,71.42,0.31,120.0,0.3,20.14,0.32,42.34,0.33,39.5,0.66,216.0,0.65,34.0,0.68,38.97,0.69,220.0,0.01,0.02,2331.5053,1776333969000
1776333971.841,71.841,0.31,86.73,0.3,45.14,0.32,50.31,0.33,39.5,0.68,57.34,0.67,39.5,0.69,71.0,0.7,45.14,0.01,0.01,2331.582095,1776333970000
1776333972.2,72.2,0.31,56.42,0.3,115.14,0.32,57.34,0.33,39.5,0.68,52.34,0.67,39.5,0.69,64.73,0.7,45.14,0.01,0.01,2331.494475,1776333971000
1776333972.657,72.657,0.31,59.94,0.3,115.14,0.32,62.34,0.33,39.5,0.68,57.34,0.67,39.5,0.69,56.42,0.7,115.14,0.01,0.01,2331.494475,1776333971000
1776333973.204,73.204,0.31,53.49,0.3,115.14,0.32,62.34,0.33,219.5,0.68,62.34,0.67,39.5,0.69,59.94,0.7,115.14,0.01,0.01,2331.494475,1776333971000
1776333973.414,73.414,0.31,14.72,0.3,115.14,0.32,57.34,0.33,219.5,0.68,62.34,0.67,219.5,0.69,53.49,0.7,115.14,0.01,0.01,2331.494475,1776333971000
1776333973.722,73.722,0.31,54.72,0.3,295.14,0.33,15.02,0.34,41.51,0.68,57.34,0.67,219.5,0.69,14.72,0.7,115.14,0.02,0.01,2331.164786,1776333972000
1776333974.293,74.293,0.31,78.72,0.3,10.14,0.32,200.5,0.33,120.5,0.66,41.51,0.65,27.5,0.68,10.0,0.69,54.72,0.01,0.02,2331.10954,1776333973000
1776333974.619,74.619,0.27,28.5,0.26,52.0,0.28,20.0,0.29,20.0,0.72,20.0,0.71,20.0,0.73,36.47,0.74,52.0,0.01,0.01,2331.10954,1776333973000
1776333974.889,74.889,0.26,38.5,0.25,95.0,0.27,29.2,0.28,20.0,0.72,20.0,0.71,20.0,0.73,28.5,0.74,52.0,0.01,0.01,2331.10954,1776333973000
1776333975.138,75.138,0.26,28.5,0.25,95.0,0.27,78.0,0.28,210.5,0.73,29.2,0.72,20.0,0.74,38.5,0.75,95.0,0.01,0.01,2331.10954,1776333973000
1776333975.692,75.692,0.25,48.0,0.24,10.0,0.26,40.5,0.27,40.5,0.73,25.0,0.72,210.5,0.75,71.12,0.76,35.0,0.01,0.02,2331.1646,1776333974000
1776333977.152,77.152,0.25,53.0,0.24,10.0,0.26,55.65,0.27,229.5,0.74,40.5,0.73,40.5,0.75,48.0,0.76,10.0,0.01,0.01,2330.584007,1776333975000
1776333977.459,77.459,0.26,35.0,0.25,138.0,0.28,6.85,0.29,20.5,0.74,36.41,0.73,219.5,0.75,53.0,0.76,10.0,0.02,0.01,2330.584007,1776333975000
1776333978.406,78.406,0.31,144.0,0.3,46.0,0.32,190.5,0.33,20.5,0.72,6.85,0.71,20.5,0.74,35.0,0.75,138.0,0.01,0.02,2330.404565,1776333977000
1776333979.259,79.259,0.32,72.2,0.31,120.0,0.33,10.5,0.34,10.0,0.68,190.5,0.67,20.5,0.69,144.0,0.7,46.0,0.01,0.01,2330.404565,1776333977000
1776333981.128,81.128,0.32,46.2,0.31,115.0,0.33,9.0,0.34,59.14,0.67,10.5,0.66,10.0,0.68,72.2,0.69,120.0,0.01,0.01,2330.873096,1776333979000
1776333981.452,81.452,0.33,39.54,0.32,69.94,0.34,48.64,0.35,205.5,0.67,9.0,0.66,48.64,0.68,40.94,0.69,125.5,0.01,0.01,2331.014075,1776333980000
1776333982.249,82.249,0.33,91.12,0.32,35.94,0.34,63.14,0.35,213.5,0.66,48.64,0.65,205.5,0.67,39.54,0.68,69.94,0.01,0.01,2331.014075,1776333980000
1776333982.453,82.453,0.33,88.19,0.32,35.94,0.34,69.14,0.35,213.5,0.66,63.14,0.65,213.5,0.67,91.12,0.68,35.94,0.01,0.01,2331.119011,1776333981000
1776333982.786,82.786,0.33,39.54,0.31,80.0,0.34,270.14,0.35,133.5,0.66,58.64,0.65,208.5,0.67,86.69,0.68,35.94,0.01,0.01,2331.119011,1776333981000
1776333983.725,83.725,0.31,70.4,0.3,16.0,0.32,316.1,0.33,36.5,0.66,281.54,0.65,133.5,0.69,62.0,0.7,16.0,0.01,0.03,2331.22342,1776333982000
1776333984.11,84.11,0.31,68.8,0.3,16.0,0.32,321.1,0.33,36.5,0.68,316.1,0.67,36.5,0.69,70.4,0.7,16.0,0.01,0.01,2331.234456,1776333983000
1776333984.477,84.477,0.31,83.65,0.3,16.0,0.32,329.1,0.33,36.5,0.68,321.1,0.67,36.5,0.69,68.8,0.7,16.0,0.01,0.01,2331.234456,1776333983000
1776333985.134,85.134,0.31,319.15,0.3,51.5,0.34,12.0,0.36,15.0,0.68,329.1,0.67,36.5,0.69,83.65,0.7,16.0,0.03,0.01,2331.234456,1776333983000
1776333985.806,85.806,0.31,11.98,0.3,6.0,0.32,20.5,0.33,295.5,0.66,12.0,0.64,15.0,0.69,319.15,0.7,51.5,0.01,0.03,2331.05895,1776333984000
1776333986.318,86.318,0.31,10.43,0.3,6.0,0.32,76.5,0.33,243.5,0.68,28.5,0.67,295.5,0.69,11.88,0.7,6.0,0.01,0.01,2331.05895,1776333984000
1776333986.76,86.76,0.31,0.27,0.3,6.0,0.32,161.5,0.33,243.5,0.68,76.5,0.67,243.5,0.69,5.35,0.7,6.0,0.01,0.01,2331.1038,1776333985000
1776333987.371,87.371,0.3,6.0,0.29,16.0,0.32,256.5,0.33,45.5,0.68,161.5,0.67,243.5,0.69,0.27,0.7,6.0,0.02,0.01,2331.3386,1776333986000
1776333988.476,88.476,0.24,10.0,0.23,10.0,0.25,210.5,0.26,18.5,0.69,241.5,0.68,51.5,0.7,4.42,0.71,16.0,0.01,0.01,2331.032056,1776333987000
1776333989.129,89.129,0.22,5.12,0.21,35.0,0.23,95.5,0.24,216.5,0.75,240.5,0.74,34.5,0.76,3.56,0.77,10.0,0.01,0.01,2331.032056,1776333987000
1776333991.645,91.645,0.22,43.83,0.21,45.5,0.23,5.0,0.24,194.0,0.77,95.5,0.76,216.5,0.78,5.12,0.79,35.0,0.01,0.01,2330.237366,1776333990000
1776333992.462,92.462,0.21,35.0,0.2,50.5,0.23,10.0,0.24,214.5,0.77,5.0,0.76,194.0,0.78,43.83,0.79,45.5,0.02,0.01,2330.272125,1776333991000
1776333993.144,93.144,0.21,659.5,0.2,88.5,0.28,6.0,0.3,6.0,0.77,10.0,0.76,214.5,0.79,35.0,0.8,50.5,0.07,0.02,2330.2393,1776333992000
1776333993.836,93.836,0.31,74.0,0.3,20.0,0.32,52.49,0.33,208.5,0.7,5.9,0.68,10.0,0.71,31.41,0.72,50.5,0.01,0.01,2330.2393,1776333992000
1776333994.796,94.796,0.31,41.95,0.3,15.0,0.32,39.63,0.33,200.5,0.68,52.49,0.67,208.5,0.69,41.95,0.7,20.0,0.01,0.01,2330.283392,1776333993000
1776333995.628,95.628,0.33,12.01,0.32,20.5,0.34,54.4,0.35,10.0,0.68,39.63,0.67,200.5,0.69,41.95,0.7,15.0,0.01,0.01,2330.647662,1776333994000
1776333996.049,96.049,0.33,79.86,0.32,25.5,0.34,54.4,0.36,10.0,0.66,54.4,0.65,10.0,0.67,12.01,0.68,20.5,0.01,0.01,2330.99782,1776333995000
1776333997.118,97.118,0.36,3.28,0.35,15.0,0.37,210.87,0.38,29.5,0.66,44.4,0.64,10.0,0.67,55.86,0.68,25.5,0.01,0.01,2330.99782,1776333995000
1776333999.803,99.803,0.31,9.9,0.3,28.5,0.32,33.2,0.33,19.0,0.63,210.87,0.62,29.5,0.65,10.53,0.66,20.5,0.01,0.02,2331.64569,1776333998000
1776334000.861,100.861,0.31,25.4,0.3,53.5,0.32,1.49,0.33,5.0,0.68,33.2,0.67,19.0,0.69,9.9,0.7,28.5,0.01,0.01,2331.65855,1776333999000
1776334001.264,101.264,0.32,13.16,0.31,15.0,0.33,10.0,0.34,20.5,0.67,5.0,0.66,12.0,0.69,25.4,0.7,53.5,0.01,0.02,2331.66311,1776334000000
1776334001.574,101.574,0.31,3.4,0.3,26.37,0.32,30.0,0.33,26.0,0.67,10.0,0.66,217.5,0.7,26.37,0.71,35.0,0.01,0.03,2331.66311,1776334000000
1776334001.919,101.919,0.31,96.3,0.3,239.37,0.32,10.0,0.34,190.0,0.68,30.0,0.67,26.0,0.69,3.4,0.7,26.37,0.01,0.01,2331.66311,1776334000000
1776334002.247,102.247,0.31,13.7,0.3,53.5,0.32,88.0,0.33,22.0,0.68,7.0,0.67,22.0,0.69,58.9,0.7,239.37,0.01,0.01,2331.66311,1776334000000
1776334002.694,102.694,0.3,5.0,0.29,25.0,0.31,196.0,0.32,41.7,0.68,88.0,0.67,22.0,0.69,13.7,0.7,53.5,0.01,0.01,2331.403405,1776334001000
1776334003.73,103.73,0.31,645.17,0.3,190.5,0.33,12.0,0.36,7.0,0.69,196.0,0.68,41.7,0.7,5.0,0.71,25.0,0.02,0.01,2331.33495,1776334002000
1776334004.383,104.383,0.38,6.85,0.37,15.0,0.39,25.5,0.4,26.06,0.6,3.56,0.59,20.5,0.62,16.77,0.63,35.5,0.01,0.02,2331.40327,1776334003000
1776334004.789,104.789,0.37,8.0,0.36,10.0,0.38,81.25,0.39,212.5,0.61,25.5,0.6,26.06,0.62,6.85,0.63,15.0,0.01,0.01,2331.40327,1776334003000
1776334005.468,105.468,0.36,4.92,0.35,25.0,0.38,297.75,0.39,32.5,0.62,81.25,0.61,212.5,0.63,8.0,0.64,10.0,0.02,0.01,2331.372196,1776334004000
1776334006.22,106.22,0.36,23.35,0.35,35.5,0.37,5.0,0.38,283.25,0.62,297.75,0.61,32.5,0.64,4.92,0.65,25.0,0.01,0.02,2331.372196,1776334004000
1776334007.287,107.287,0.36,2.43,0.35,25.0,0.37,210.0,0.38,113.75,0.63,5.0,0.62,283.25,0.64,20.39,0.65,35.5,0.01,0.01,2331.8745,1776334006000
1776334007.937,107.937,0.36,66.43,0.35,215.5,0.37,0.88,0.38,22.0,0.63,210.0,0.62,113.75,0.64,2.43,0.65,25.0,0.01,0.01,2331.8745,1776334006000
1776334008.865,108.865,0.35,14.97,0.34,26.5,0.37,299.16,0.38,37.5,0.63,0.88,0.62,22.0,0.64,66.43,0.65,215.5,0.02,0.01,2331.87024,1776334007000
1776334009.65,109.65,0.34,10.97,0.33,31.5,0.36,25.0,0.37,222.5,0.63,299.16,0.62,37.5,0.65,14.97,0.66,26.5,0.02,0.02,2331.87024,1776334008000
1776334010.297,110.297,0.33,2.87,0.32,10.0,0.34,256.5,0.35,32.5,0.64,25.0,0.63,222.5,0.66,10.97,0.67,31.5,0.01,0.02,2331.83425,1776334009000
1776334010.874,110.874,0.33,7.74,0.32,10.0,0.34,230.0,0.35,120.31,0.66,256.5,0.65,32.5,0.67,2.87,0.68,10.0,0.01,0.01,2331.83425,1776334009000
1776334011.36,111.36,0.33,120.24,0.32,223.0,0.34,1.76,0.35,12.0,0.66,230.0,0.65,120.31,0.67,7.74,0.68,10.0,0.01,0.01,2331.792495,1776334010000
1776334012.266,112.266,0.35,0.69,0.34,28.5,0.37,55.0,0.38,20.5,0.62,2.0,0.61,180.0,0.67,299.24,0.68,238.0,0.02,0.05,2331.61055,1776334011000
1776334013.421,113.421,0.35,11.28,0.34,28.5,0.36,30.0,0.37,30.0,0.63,55.0,0.62,20.5,0.65,0.69,0.66,28.5,0.01,0.02,2331.61055,1776334011000
1776334014.37,114.37,0.35,0.8,0.34,28.5,0.36,23.88,0.37,35.0,0.64,18.88,0.63,30.0,0.65,20.5,0.66,28.5,0.01,0.01,2331.80395,1776334013000
1776334014.806,114.806,0.36,25.5,0.35,21.3,0.38,10.0,0.39,10.0,0.64,23.88,0.63,35.0,0.65,0.8,0.66,28.5,0.02,0.01,2331.80395,1776334013000
1776334015.055,115.055,0.36,15.0,0.35,21.3,0.38,14.38,0.39,10.0,0.62,10.0,0.61,10.0,0.64,25.5,0.65,21.3,0.02,0.02,2331.80395,1776334013000
1776334016.555,116.555,0.36,25.4,0.35,206.3,0.37,10.0,0.38,10.0,0.62,14.38,0.61,10.0,0.64,15.0,0.65,21.3,0.01,0.02,2331.901615,1776334015000
1776334017.487,117.487,0.39,7.14,0.38,20.0,0.4,10.0,0.41,26.5,0.63,9.9,0.62,10.0,0.64,25.4,0.65,386.3,0.01,0.01,2331.919935,1776334016000
1776334017.963,117.963,0.4,10.0,0.39,29.0,0.41,166.89,0.42,120.5,0.6,10.0,0.59,26.5,0.61,7.14,0.62,20.0,0.01,0.01,2331.919935,1776334016000
1776334018.173,118.173,0.35,8.8,0.34,230.5,0.36,15.86,0.37,45.0,0.59,382.12,0.58,120.5,0.65,0.8,0.66,38.0,0.01,0.06,2331.919935,1776334016000
1776334018.592,118.592,0.35,4.44,0.34,33.5,0.36,30.0,0.37,30.0,0.64,31.0,0.63,40.0,0.65,8.7,0.66,33.5,0.01,0.01,2331.91087,1776334017000
1776334020.313,120.313,0.35,14.55,0.34,411.5,0.36,30.0,0.37,20.0,0.64,30.0,0.63,30.0,0.65,4.44,0.66,33.5,0.01,0.01,2332.064213,1776334019000
1776334020.714,120.714,0.37,41.07,0.36,20.5,0.38,15.0,0.39,66.93,0.64,30.0,0.63,20.0,0.65,14.55,0.66,411.5,0.01,0.01,2332.064213,1776334019000
1776334021.418,121.418,0.38,33.54,0.37,25.0,0.39,251.93,0.4,10.0,0.62,15.0,0.61,66.93,0.63,26.07,0.64,20.5,0.01,0.01,2331.949715,1776334020000
1776334021.988,121.988,0.39,259.0,0.38,298.04,0.4,68.44,0.41,29.14,0.61,251.93,0.6,10.0,0.62,33.54,0.63,25.0,0.01,0.01,2331.949715,1776334020000
1776334022.938,122.938,0.39,241.19,0.38,306.04,0.4,58.31,0.41,29.14,0.6,58.31,0.59,29.14,0.61,259.0,0.62,298.04,0.01,0.01,2331.919087,1776334021000
1776334023.259,123.259,0.39,55.19,0.38,456.04,0.4,0.31,0.41,29.14,0.6,58.31,0.59,29.14,0.61,241.19,0.62,306.04,0.01,0.01,2331.919087,1776334021000
1776334023.63,123.63,0.39,218.07,0.38,265.54,0.41,29.14,0.42,10.0,0.6,0.31,0.59,29.14,0.61,53.38,0.62,456.04,0.02,0.01,2332.075629,1776334022000
1776334024.637,124.637,0.39,189.71,0.38,256.54,0.4,68.44,0.41,29.14,0.6,67.84,0.59,29.14,0.61,12.57,0.62,276.04,0.01,0.01,2332.146875,1776334023000
1776334024.971,124.971,0.39,223.4,0.38,256.54,0.4,68.44,0.41,29.14,0.6,68.44,0.59,29.14,0.61,189.71,0.62,256.54,0.01,0.01,2332.146875,1776334023000
1776334025.194,125.194,0.39,273.4,0.38,256.54,0.41,19.14,0.42,10.0,0.6,68.44,0.59,29.14,0.61,223.4,0.62,256.54,0.02,0.01,2332.2643,1776334024000
1776334025.598,125.598,0.4,250.5,0.39,47.9,0.41,8.5,0.42,10.0,0.59,19.14,0.58,10.0,0.61,273.4,0.62,256.54,0.01,0.02,2332.2643,1776334024000
1776334025.814,125.814,0.41,230.49,0.4,50.0,0.42,10.0,0.43,27.54,0.58,10.0,0.57,27.54,0.59,242.61,0.6,50.0,0.01,0.01,2332.2643,1776334024000
1776334026.546,126.546,0.43,6.57,0.42,15.0,0.44,119.0,0.45,120.5,0.56,119.0,0.55,120.5,0.59,210.49,0.6,60.5,0.01,0.03,2332.2643,1776334024000
1776334027.15,127.15,0.42,3.31,0.41,217.49,0.44,194.17,0.45,120.5,0.56,119.0,0.55,120.5,0.57,6.57,0.58,15.0,0.02,0.01,2332.2192,1776334025000
1776334027.545,127.545,0.41,205.62,0.4,257.5,0.43,15.0,0.44,189.17,0.56,194.17,0.55,120.5,0.58,3.31,0.59,217.49,0.02,0.02,2332.29835,1776334026000
1776334028.001,128.001,0.42,468.5,0.41,88.62,0.43,53.77,0.44,14.0,0.57,15.0,0.56,189.17,0.59,205.62,0.6,257.5,0.01,0.02,2332.29835,1776334026000
1776334028.323,128.323,0.42,429.0,0.41,99.12,0.44,108.56,0.45,110.0,0.57,12.86,0.56,14.0,0.58,434.0,0.59,99.12,0.02,0.01,2332.337995,1776334027000
1776334028.724,128.724,0.43,36.52,0.42,52.0,0.44,133.38,0.45,110.0,0.56,108.56,0.55,110.0,0.58,429.0,0.59,99.12,0.01,0.02,2332.337995,1776334027000
1776334029.243,129.243,0.43,209.15,0.42,255.5,0.44,92.33,0.45,110.0,0.56,202.33,0.55,110.0,0.57,177.59,0.58,52.0,0.01,0.01,2332.387064,1776334028000
1776334029.539,129.539,0.43,390.78,0.42,80.5,0.44,54.33,0.45,110.0,0.56,54.33,0.55,110.0,0.57,209.15,0.58,255.5,0.01,0.01,2332.387064,1776334028000
1776334029.84,129.84,0.43,384.57,0.42,70.0,0.44,19.82,0.45,5.0,0.56,54.33,0.55,110.0,0.57,368.85,0.58,80.5,0.01,0.01,2332.387064,1776334028000
1776334030.196,130.196,0.47,48.92,0.46,524.0,0.48,31.0,0.49,15.0,0.53,100.0,0.52,126.0,0.54,8.08,0.55,10.0,0.01,0.01,2332.556995,1776334029000
1776334031.782,131.782,0.47,431.0,0.46,169.0,0.48,24.73,0.49,72.89,0.52,12.91,0.51,15.0,0.53,48.92,0.54,524.0,0.01,0.01,2332.641064,1776334030000
1776334032.248,132.248,0.47,237.0,0.46,360.0,0.48,22.43,0.49,77.89,0.52,24.73,0.51,72.89,0.53,431.0,0.54,169.0,0.01,0.01,2332.7859,1776334031000
1776334032.863,132.863,0.47,221.11,0.46,360.0,0.48,22.43,0.49,72.89,0.52,22.43,0.51,77.89,0.53,237.0,0.54,360.0,0.01,0.01,2332.7859,1776334031000
1776334033.727,133.727,0.47,229.72,0.46,157.0,0.48,12.43,0.49,15.0,0.52,22.43,0.51,72.89,0.53,221.11,0.54,360.0,0.01,0.01,2332.78623,1776334032000
1776334034.499,134.499,0.49,7.5,0.48,15.0,0.5,25.0,0.51,115.19,0.5,25.0,0.49,125.69,0.53,416.18,0.54,170.0,0.01,0.03,2332.79786,1776334033000
1776334035.553,135.553,0.5,332.5,0.49,337.5,0.51,5.6,0.52,20.0,0.5,25.0,0.49,115.19,0.51,7.5,0.52,15.0,0.01,0.01,2332.826365,1776334034000
1776334035.796,135.796,0.53,9.41,0.52,10.0,0.55,101.08,0.56,120.5,0.45,101.08,0.44,110.0,0.47,17.44,0.48,18.79,0.02,0.02,2332.826365,1776334034000
1776334036.682,136.682,0.53,195.22,0.52,212.0,0.54,5.0,0.55,101.08,0.45,101.08,0.44,120.5,0.47,4.41,0.48,15.0,0.01,0.02,2332.941325,1776334035000
1776334037.14,137.14,0.53,205.22,0.52,217.5,0.54,0.49,0.55,166.73,0.46,5.0,0.45,101.08,0.47,195.22,0.48,212.0,0.01,0.01,2332.941325,1776334035000
1776334037.454,137.454,0.54,10.0,0.53,210.22,0.55,130.65,0.56,95.0,0.46,0.49,0.45,166.73,0.47,205.22,0.48,217.5,0.01,0.01,2333.00418,1776334036000
1776334037.67,137.67,0.54,15.0,0.53,210.22,0.55,100.65,0.56,110.0,0.45,130.65,0.44,95.0,0.46,10.0,0.47,210.22,0.01,0.01,2333.00418,1776334036000
1776334037.926,137.926,0.53,5.0,0.51,5.0,0.54,55.5,0.55,161.15,0.45,161.15,0.44,120.5,0.47,7.22,0.48,187.0,0.01,0.02,2333.197677,1776334037000
1776334038.627,138.627,0.54,236.5,0.53,37.5,0.57,10.0,0.58,10.0,0.45,129.87,0.44,120.5,0.47,5.0,0.49,5.0,0.03,0.02,2333.197677,1776334037000
1776334039.724,139.724,0.55,4.66,0.54,5.0,0.58,80.5,0.59,372.54,0.41,97.54,0.4,7.19,0.45,15.0,0.46,215.5,0.03,0.04,2333.31952,1776334038000
1776334040.575,140.575,0.52,15.0,0.51,20.5,0.53,46.19,0.54,35.0,0.44,10.0,0.43,85.0,0.45,4.56,0.46,5.0,0.01,0.01,2333.257665,1776334039000
1776334041.267,141.267,0.51,17.84,0.5,32.5,0.53,46.19,0.54,35.0,0.47,46.19,0.46,35.0,0.48,12.91,0.49,20.5,0.02,0.01,2333.426135,1776334040000
1776334041.587,141.587,0.51,33.84,0.5,231.5,0.52,15.0,0.53,26.19,0.47,46.19,0.46,35.0,0.49,17.84,0.5,32.5,0.01,0.02,2333.426135,1776334040000
1776334042.528,142.528,0.5,17.0,0.49,395.0,0.52,84.0,0.53,26.69,0.48,15.0,0.47,26.19,0.49,33.84,0.5,231.5,0.02,0.01,2333.283155,1776334041000
1776334042.78,142.78,0.5,2.0,0.49,405.0,0.51,25.0,0.52,89.0,0.48,84.0,0.47,26.69,0.5,17.0,0.51,395.0,0.01,0.02,2333.283155,1776334041000
1776334043.003,143.003,0.5,192.0,0.49,225.0,0.51,15.0,0.52,85.0,0.49,25.0,0.48,89.0,0.5,2.0,0.51,405.0,0.01,0.01,2333.283155,1776334041000
1776334043.575,143.575,0.5,12.0,0.49,410.5,0.51,28.03,0.52,25.0,0.49,15.0,0.48,85.0,0.5,192.0,0.51,225.0,0.01,0.01,2333.283155,1776334041000
1776334051.026,151.026,0.5,197.0,0.49,235.5,0.51,44.03,0.52,15.0,0.49,28.03,0.48,25.0,0.5,12.0,0.51,410.5,0.01,0.01,2333.116,1776334049000
1776334053.451,153.451,0.56,44.2,0.55,15.0,0.57,140.0,0.58,80.5,0.49,44.03,0.48,15.0,0.5,197.0,0.51,235.5,0.01,0.01,2333.1304,1776334051000
1776334054.206,154.206,0.56,20.0,0.55,230.5,0.57,37.0,0.59,10.5,0.43,140.0,0.42,80.5,0.44,44.2,0.45,15.0,0.01,0.01,2333.130376,1776334052000
1776334054.983,154.983,0.56,418.0,0.55,43.5,0.57,0.91,0.59,10.5,0.43,31.91,0.41,10.5,0.44,20.0,0.45,230.5,0.01,0.01,2333.1325,1776334053000
1776334055.339,155.339,0.58,5.0,0.57,15.0,0.59,12.44,0.6,13.82,0.4,13.82,0.39,10.0,0.42,25.0,0.43,15.0,0.01,0.02,2333.1325,1776334053000
1776334056.411,156.411,0.37,70.0,0.35,35.0,0.47,20.5,0.48,20.5,0.41,43.24,0.4,13.82,0.42,5.0,0.43,15.0,0.1,0.01,2333.440858,1776334055000
1776334056.653,156.653,0.37,42.66,0.35,25.5,0.38,229.2,0.39,30.5,0.62,10.0,0.61,10.0,0.63,50.23,0.65,35.0,0.01,0.01,2333.440858,1776334055000
1776334057.26,157.26,0.33,15.0,0.32,10.0,0.36,15.0,0.37,25.5,0.63,5.0,0.62,212.06,0.66,10.0,0.67,15.0,0.03,0.03,2333.440858,1776334055000
1776334057.489,157.489,0.34,4.0,0.33,115.0,0.35,10.0,0.36,30.0,0.65,13.0,0.64,40.0,0.66,10.0,0.67,115.0,0.01,0.01,2333.440858,1776334055000
1776334058.232,158.232,0.34,27.38,0.33,125.5,0.35,41.44,0.36,30.0,0.65,10.0,0.64,30.0,0.66,4.0,0.67,115.0,0.01,0.01,2333.440858,1776334055000
1776334061.531,161.531,0.35,556.5,0.34,177.23,0.38,10.0,0.39,205.5,0.65,41.44,0.64,30.0,0.66,27.38,0.67,125.5,0.03,0.01,2332.05244,1776334060000
1776334062.511,162.511,0.37,43.4,0.36,337.5,0.38,26.14,0.39,10.0,0.62,10.0,0.61,205.5,0.65,556.5,0.66,177.23,0.01,0.03,2331.98595,1776334061000
1776334064.592,164.592,0.37,453.25,0.36,57.82,0.38,0.65,0.4,5.0,0.62,10.64,0.61,10.0,0.63,238.25,0.64,334.82,0.01,0.01,2332.23086,1776334063000
1776334066.403,166.403,0.39,19.81,0.38,245.5,0.4,20.0,0.41,15.0,0.6,15.0,0.59,10.0,0.63,448.25,0.64,57.82,0.01,0.03,2332.36005,1776334065000
1776334069.101,169.101,0.38,17.93,0.37,221.0,0.39,85.0,0.4,25.5,0.6,15.0,0.59,15.0,0.61,14.81,0.62,61.5,0.01,0.01,2332.46505,1776334067000
1776334072.247,172.247,0.39,26.0,0.38,236.5,0.4,35.8,0.41,190.0,0.61,85.0,0.6,25.5,0.62,17.93,0.63,221.0,0.01,0.01,2332.493928,1776334071000
1776334073.84,173.84,0.39,441.0,0.38,45.5,0.42,25.5,0.43,10.0,0.6,35.8,0.59,190.0,0.61,26.0,0.62,236.5,0.03,0.01,2332.417309,1776334072000
1776334074.376,174.376,0.41,70.0,0.4,223.99,0.43,10.5,0.44,200.5,0.58,25.5,0.57,10.0,0.61,441.0,0.62,45.5,0.02,0.03,2332.476482,1776334073000
1776334074.897,174.897,0.42,19.44,0.41,26.0,0.43,10.5,0.44,200.5,0.57,10.5,0.56,200.5,0.59,70.0,0.6,223.99,0.01,0.02,2332.476482,1776334073000
1776334075.194,175.194,0.41,221.0,0.4,35.0,0.43,10.5,0.44,200.5,0.57,10.5,0.56,200.5,0.58,19.44,0.59,26.0,0.02,0.01,2332.476482,1776334073000
1776334076.253,176.253,0.41,24.53,0.4,225.0,0.43,30.5,0.44,200.5,0.57,10.5,0.56,200.5,0.59,221.0,0.6,35.0,0.02,0.02,2332.506262,1776334074000
1776334077.071,177.071,0.41,27.83,0.4,21.0,0.42,15.0,0.43,25.5,0.57,30.5,0.56,200.5,0.59,24.53,0.6,225.0,0.01,0.02,2332.6429,1776334076000
1776334079.539,179.539,0.37,214.92,0.36,34.17,0.39,354.7,0.4,25.5,0.58,10.0,0.57,25.5,0.59,22.83,0.6,227.0,0.02,0.01,2332.68875,1776334078000
1776334080.718,180.718,0.37,8.92,0.36,214.49,0.39,299.0,0.4,25.5,0.61,354.7,0.6,25.5,0.63,214.92,0.64,34.17,0.02,0.02,2332.64495,1776334079000
1776334081.191,181.191,0.35,10.0,0.34,222.5,0.38,314.7,0.39,28.5,0.61,299.0,0.6,25.5,0.63,8.92,0.64,214.49,0.03,0.02,2332.6461,1776334080000
1776334081.543,181.543,0.35,18.96,0.34,222.5,0.36,60.0,0.37,30.0,0.63,30.5,0.62,290.5,0.65,2.43,0.66,222.5,0.01,0.02,2332.6461,1776334080000
1776334082.537,182.537,0.35,20.0,0.34,222.5,0.36,40.0,0.37,10.0,0.64,60.0,0.63,30.0,0.65,18.96,0.66,222.5,0.01,0.01,2332.470073,1776334081000
1776334083.094,183.094,0.35,15.0,0.34,209.5,0.36,45.0,0.37,45.82,0.64,40.0,0.63,10.0,0.65,20.0,0.66,222.5,0.01,0.01,2332.470073,1776334081000
1776334085.516,185.516,0.34,199.67,0.33,225.5,0.36,10.0,0.37,45.82,0.64,45.0,0.63,45.82,0.66,11.25,0.67,258.5,0.02,0.02,2332.308245,1776334084000
1776334086.328,186.328,0.35,25.0,0.34,29.67,0.36,5.77,0.37,45.82,0.64,10.0,0.63,45.82,0.66,199.67,0.67,225.5,0.01,0.02,2332.39971,1776334085000
1776334087.773,187.773,0.36,19.43,0.35,231.5,0.37,10.0,0.38,190.0,0.64,5.77,0.63,45.82,0.65,25.0,0.66,29.67,0.01,0.01,2332.299085,1776334086000
1776334088.718,188.718,0.37,231.0,0.36,59.6,0.38,177.5,0.39,10.0,0.63,10.0,0.62,190.0,0.64,19.43,0.65,231.5,0.01,0.01,2332.31938,1776334087000
1776334088.949,188.949,0.37,194.42,0.36,54.6,0.38,169.94,0.39,10.0,0.62,164.94,0.61,10.0,0.63,231.0,0.64,54.6,0.01,0.01,2332.31938,1776334087000
1776334089.16,189.16,0.37,106.42,0.36,54.6,0.38,166.54,0.39,10.0,0.62,169.94,0.61,10.0,0.63,106.42,0.64,54.6,0.01,0.01,2332.31938,1776334087000
1776334089.696,189.696,0.36,152.98,0.35,48.49,0.38,161.54,0.39,10.0,0.62,166.54,0.61,10.0,0.63,106.42,0.64,54.6,0.02,0.01,2332.413349,1776334088000
1776334093.371,193.371,0.37,15.0,0.36,39.48,0.4,15.0,0.41,25.5,0.62,161.54,0.61,10.0,0.64,152.98,0.65,48.49,0.03,0.02,2332.504614,1776334092000
1776334094.007,194.007,0.39,25.0,0.38,15.0,0.4,50.0,0.42,10.0,0.6,15.0,0.59,25.5,0.63,15.0,0.64,39.48,0.01,0.03,2332.482595,1776334093000
1776334094.51,194.51,0.39,25.0,0.38,15.0,0.4,37.0,0.42,10.0,0.6,44.59,0.58,10.0,0.61,25.0,0.62,26.67,0.01,0.01,2332.482595,1776334093000
1776334096.318,196.318,0.39,21.0,0.38,21.0,0.4,83.0,0.41,10.0,0.6,37.0,0.58,10.0,0.61,25.0,0.62,15.0,0.01,0.01,2332.678183,1776334095000
1776334096.579,196.579,0.39,12.8,0.38,21.32,0.4,88.0,0.41,190.0,0.6,83.0,0.59,10.0,0.61,21.0,0.62,21.0,0.01,0.01,2332.678183,1776334095000
1776334097.151,197.151,0.38,16.0,0.37,33.17,0.4,103.0,0.41,190.0,0.6,88.0,0.59,190.0,0.61,12.8,0.62,21.32,0.02,0.01,2332.78881,1776334096000
1776334099.954,199.954,0.38,111.31,0.37,27.67,0.39,80.0,0.4,20.5,0.6,103.0,0.59,190.0,0.62,16.0,0.63,33.17,0.01,0.02,2332.719325,1776334098000
1776334103.298,203.298,0.38,101.77,0.37,19.0,0.39,70.0,0.4,20.5,0.61,80.0,0.6,20.5,0.62,111.31,0.63,27.67,0.01,0.01,2332.664489,1776334102000
1776334105.581,205.581,0.38,353.16,0.37,75.5,0.4,5.0,0.41,5.0,0.61,70.0,0.6,20.5,0.62,101.77,0.63,19.0,0.02,0.01,2332.666684,1776334104000
1776334106.724,206.724,0.42,137.0,0.41,15.0,0.44,5.59,0.45,15.0,0.59,5.0,0.57,5.21,0.61,163.49,0.62,256.39,0.02,0.02,2332.660818,1776334105000
1776334107.072,207.072,0.42,324.93,0.41,25.89,0.43,18.77,0.44,10.5,0.55,15.0,0.54,10.0,0.58,137.0,0.59,15.0,0.01,0.03,2332.660818,1776334105000
1776334107.311,207.311,0.42,329.93,0.41,35.99,0.45,20.5,0.46,10.0,0.57,18.77,0.56,10.5,0.58,324.93,0.59,25.89,0.03,0.01,2332.666105,1776334106000
1776334107.869,207.869,0.43,53.26,0.42,217.93,0.44,10.5,0.46,15.0,0.53,10.0,0.52,10.0,0.58,329.93,0.59,35.99,0.01,0.05,2332.666105,1776334106000
1776334108.545,208.545,0.43,56.33,0.42,226.43,0.44,15.5,0.45,10.0,0.56,10.5,0.54,25.5,0.57,53.26,0.58,217.93,0.01,0.01,2332.76688,1776334107000
1776334109.248,209.248,0.43,61.33,0.42,213.43,0.44,0.5,0.45,88.82,0.56,15.5,0.55,10.0,0.57,56.33,0.58,226.43,0.01,0.01,2332.820955,1776334108000
1776334110.269,210.269,0.43,64.4,0.42,227.53,0.44,5.73,0.45,82.8,0.55,62.3,0.54,20.5,0.57,61.33,0.58,213.43,0.01,0.02,2332.899761,1776334109000
1776334110.511,210.511,0.43,58.29,0.42,227.53,0.44,5.73,0.45,82.8,0.56,5.73,0.55,82.8,0.57,64.4,0.58,227.53,0.01,0.01,2332.899761,1776334109000
1776334111.036,211.036,0.44,3.03,0.43,29.0,0.45,67.79,0.46,20.5,0.55,78.29,0.54,20.5,0.57,58.29,0.58,227.53,0.01,0.02,2332.85842,1776334110000
1776334111.495,211.495,0.44,6.24,0.43,29.0,0.45,5.0,0.46,20.5,0.55,67.79,0.54,20.5,0.56,1.24,0.57,29.0,0.01,0.01,2332.85842,1776334110000
1776334112.537,212.537,0.45,14.0,0.44,11.24,0.46,20.5,0.47,20.5,0.55,5.0,0.54,20.5,0.56,6.24,0.57,29.0,0.01,0.01,2332.93279,1776334111000
1776334116.167,216.167,0.52,15.0,0.51,15.0,0.55,9.63,0.56,130.0,0.54,20.5,0.53,20.5,0.55,14.0,0.56,11.24,0.03,0.01,2332.906025,1776334115000
1776334117.09,217.09,0.53,15.0,0.52,15.0,0.55,9.63,0.56,130.0,0.45,9.63,0.44,130.0,0.48,15.0,0.49,15.0,0.02,0.03,2332.906025,1776334115000
1776334118.089,218.089,0.53,5.0,0.52,5.0,0.54,1.0,0.55,9.63,0.45,9.63,0.44,130.0,0.47,15.0,0.48,15.0,0.01,0.02,2333.04675,1776334116000
1776334120.975,220.975,0.54,14.26,0.53,15.0,0.55,9.63,0.56,60.0,0.46,1.0,0.45,9.63,0.47,5.0,0.48,5.0,0.01,0.01,2333.12458,1776334119000
1776334121.246,221.246,0.54,39.2,0.53,15.0,0.56,58.6,0.57,10.0,0.44,60.0,0.43,10.0,0.46,14.26,0.47,15.0,0.02,0.02,2333.12458,1776334119000
1776334121.461,221.461,0.55,15.0,0.54,34.2,0.56,3.98,0.57,10.0,0.44,49.98,0.43,10.0,0.46,39.2,0.47,15.0,0.01,0.02,2333.135745,1776334120000
1776334122.602,222.602,0.54,17.08,0.53,15.0,0.57,9.52,0.58,24.8,0.43,9.52,0.42,10.0,0.45,10.0,0.46,15.0,0.03,0.02,2333.17004,1776334121000
1776334123.402,223.402,0.54,27.58,0.53,25.5,0.55,6.78,0.57,10.5,0.43,9.52,0.42,24.8,0.46,17.08,0.47,15.0,0.01,0.03,2333.17004,1776334121000
1776334124.42,224.42,0.57,30.5,0.56,72.0,0.61,70.26,0.62,70.0,0.43,2.58,0.42,24.8,0.46,38.58,0.47,25.5,0.04,0.03,2333.35865,1776334123000
1776334124.698,224.698,0.6,5.0,0.59,5.0,0.61,72.16,0.62,80.0,0.39,70.16,0.38,70.0,0.43,30.5,0.44,72.0,0.01,0.04,2333.35865,1776334123000
1776334125.297,225.297,0.6,20.0,0.59,15.0,0.61,49.0,0.62,70.0,0.39,72.16,0.38,80.0,0.4,5.0,0.41,5.0,0.01,0.01,2333.35865,1776334123000
1776334126.627,226.627,0.6,25.0,0.59,15.0,0.61,44.0,0.62,70.0,0.39,49.0,0.38,70.0,0.4,20.0,0.41,15.0,0.01,0.01,2333.361055,1776334125000
1776334128.499,228.499,0.5,10.5,0.48,5.0,0.55,3.22,0.56,10.0,0.39,44.0,0.38,70.0,0.4,25.0,0.41,15.0,0.05,0.01,2333.373876,1776334126000
1776334129.586,229.586,0.5,20.4,0.49,15.0,0.51,75.05,0.52,10.0,0.49,79.0,0.48,20.0,0.5,20.4,0.51,15.0,0.01,0.01,2333.52985,1776334128000
1776334129.866,229.866,0.49,5.4,0.48,64.0,0.51,75.05,0.52,10.0,0.49,75.05,0.48,10.0,0.5,20.4,0.51,15.0,0.02,0.01,2333.52985,1776334128000
1776334130.877,230.877,0.5,15.5,0.49,5.4,0.51,70.05,0.52,10.0,0.49,75.05,0.48,10.0,0.51,5.4,0.52,64.0,0.01,0.02,2333.42416,1776334129000
1776334131.376,231.376,0.5,3.5,0.49,5.4,0.51,80.05,0.52,10.0,0.49,70.05,0.48,10.0,0.5,15.5,0.51,5.4,0.01,0.01,2333.42416,1776334129000
1776334131.726,231.726,0.5,14.0,0.49,5.4,0.51,74.14,0.52,10.0,0.49,80.05,0.48,10.0,0.5,3.5,0.51,5.4,0.01,0.01,2333.42416,1776334129000
1776334133.372,233.372,0.5,14.0,0.49,10.4,0.51,43.45,0.52,10.0,0.49,74.14,0.48,10.0,0.5,14.0,0.51,5.4,0.01,0.01,2333.283402,1776334131000
1776334137.161,237.161,0.5,73.18,0.49,23.4,0.51,27.36,0.52,10.0,0.49,33.25,0.48,10.0,0.5,19.0,0.51,10.4,0.01,0.01,2333.206702,1776334135000
1776334138.577,238.577,0.5,78.18,0.49,28.4,0.51,0.36,0.52,10.0,0.49,27.36,0.48,10.0,0.5,73.18,0.51,23.4,0.01,0.01,2333.28757,1776334137000
1776334139.573,239.573,0.51,30.5,0.5,73.18,0.54,10.5,0.56,15.0,0.48,10.0,0.47,10.0,0.5,78.18,0.51,28.4,0.03,0.02,2333.281608,1776334138000
1776334140.236,240.236,0.6,15.0,0.59,15.0,0.61,33.4,0.62,76.0,0.46,10.5,0.44,15.0,0.49,30.5,0.5,73.18,0.01,0.03,2333.281608,1776334138000
1776334140.493,240.493,0.6,25.0,0.59,20.0,0.64,145.55,0.66,81.73,0.39,33.4,0.38,76.0,0.4,15.0,0.41,15.0,0.04,0.01,2333.211334,1776334139000
1776334140.91,240.91,0.53,61.9,0.52,98.0,0.54,20.0,0.56,10.0,0.36,145.55,0.34,81.73,0.4,25.0,0.41,20.0,0.01,0.04,2333.211334,1776334139000
1776334141.141,241.141,0.53,67.0,0.52,98.0,0.54,3.0,0.59,15.0,0.46,19.53,0.44,10.0,0.47,56.9,0.48,93.0,0.01,0.01,2333.211334,1776334139000
1776334142.503,242.503,0.53,13.1,0.52,194.0,0.54,3.0,0.57,10.0,0.46,3.0,0.41,15.0,0.47,69.87,0.48,98.0,0.01,0.01,2333.289285,1776334141000
1776334143.582,243.582,0.51,10.55,0.5,15.0,0.54,38.0,0.55,10.0,0.46,3.0,0.43,10.0,0.47,13.1,0.48,194.0,0.03,0.01,2333.33379,1776334142000
1776334143.863,243.863,0.51,14.39,0.5,29.95,0.52,40.0,0.54,33.0,0.46,38.0,0.45,10.0,0.49,10.55,0.5,15.0,0.01,0.03,2333.33379,1776334142000
1776334144.157,244.157,0.47,13.14,0.46,95.0,0.51,25.0,0.52,35.0,0.48,30.0,0.47,10.0,0.49,5.0,0.5,14.95,0.04,0.01,2333.33379,1776334142000
1776334144.62,244.62,0.46,95.0,0.45,15.0,0.49,15.0,0.5,25.0,0.49,25.0,0.48,35.0,0.53,13.14,0.54,95.0,0.03,0.04,2333.40167,1776334143000
1776334144.969,244.969,0.5,15.0,0.49,15.0,0.52,4.76,0.53,10.0,0.48,10.0,0.47,10.0,0.52,15.0,0.53,10.0,0.02,0.04,2333.40167,1776334143000
1776334145.191,245.191,0.5,8.5,0.49,15.0,0.53,0.56,0.54,20.0,0.47,0.56,0.46,20.0,0.49,15.0,0.5,15.0,0.03,0.02,2333.40167,1776334143000
1776334145.531,245.531,0.49,1.74,0.48,15.0,0.5,10.0,0.51,20.38,0.47,0.56,0.46,20.0,0.5,8.5,0.51,15.0,0.01,0.03,2333.29305,1776334144000
1776334145.84,245.84,0.47,8.41,0.46,64.44,0.5,10.0,0.51,20.38,0.5,10.0,0.49,20.38,0.51,1.74,0.52,15.0,0.03,0.01,2333.29305,1776334144000
1776334146.272,246.272,0.48,20.0,0.47,23.41,0.49,6.02,0.5,15.0,0.51,3.51,0.5,10.0,0.53,8.41,0.54,64.44,0.01,0.02,2333.33264,1776334145000
1776334147.843,247.843,0.47,4.36,0.46,78.94,0.5,20.0,0.51,15.38,0.51,6.02,0.5,15.0,0.52,20.0,0.53,23.41,0.03,0.01,2333.3299,1776334146000
1776334148.307,248.307,0.47,0.17,0.46,73.94,0.49,7.95,0.5,15.0,0.51,7.95,0.5,15.0,0.52,5.0,0.53,19.36,0.02,0.01,2333.3299,1776334146000
1776334148.635,248.635,0.44,24.6,0.43,39.4,0.47,20.0,0.48,20.0,0.51,7.95,0.5,15.0,0.53,0.17,0.54,73.94,0.03,0.02,2333.3299,1776334146000
1776334148.894,248.894,0.44,24.6,0.43,39.4,0.46,11.61,0.47,20.0,0.53,20.0,0.52,20.0,0.55,10.0,0.56,24.6,0.02,0.02,2333.3299,1776334146000
1776334149.633,249.633,0.45,25.87,0.44,10.0,0.52,6.59,0.53,0.56,0.54,11.61,0.53,20.0,0.56,24.6,0.57,39.4,0.07,0.02,2333.20337,1776334148000
1776334149.924,249.924,0.48,15.0,0.47,25.0,0.5,3.41,0.51,15.0,0.48,6.59,0.47,0.56,0.55,25.87,0.56,10.0,0.02,0.07,2333.20337,1776334148000
1776334150.316,250.316,0.48,15.0,0.47,25.0,0.49,3.87,0.5,3.41,0.5,3.41,0.49,15.0,0.52,15.0,0.53,25.0,0.01,0.02,2333.213937,1776334149000
1776334150.858,250.858,0.43,14.7,0.39,15.0,0.49,58.07,0.5,8.41,0.51,8.87,0.5,8.41,0.52,18.87,0.53,25.0,0.06,0.01,2333.213937,1776334149000
1776334151.182,251.182,0.38,15.2,0.37,10.0,0.41,18.0,0.42,18.0,0.56,59.0,0.55,10.0,0.61,10.16,0.62,15.0,0.03,0.05,2333.20573,1776334150000
1776334151.852,251.852,0.38,5.04,0.37,10.0,0.39,10.43,0.4,18.0,0.59,18.0,0.58,18.0,0.62,15.2,0.63,10.0,0.01,0.03,2333.20573,1776334150000
1776334152.504,252.504,0.38,0.04,0.37,10.0,0.39,10.43,0.4,18.0,0.61,10.43,0.6,18.0,0.62,5.04,0.63,10.0,0.01,0.01,2333.2891,1776334151000
1776334152.802,252.802,0.38,5.04,0.37,90.47,0.39,7.43,0.4,18.0,0.61,10.43,0.6,18.0,0.62,0.04,0.63,10.0,0.01,0.01,2333.2891,1776334151000
1776334155.717,255.717,0.39,20.0,0.38,10.04,0.41,5.14,0.42,10.0,0.6,7.14,0.59,18.0,0.62,15.04,0.63,90.47,0.02,0.02,2333.068385,1776334154000
1776334156.629,256.629,0.39,10.0,0.38,5.0,0.41,25.14,0.42,10.0,0.59,5.14,0.58,10.0,0.61,20.0,0.62,10.04,0.02,0.02,2333.093858,1776334155000
1776334156.843,256.843,0.31,28.1,0.29,10.16,0.32,10.0,0.33,10.0,0.61,10.0,0.6,71.0,0.69,35.24,0.71,10.16,0.01,0.08,2333.093858,1776334155000
1776334157.091,257.091,0.26,39.45,0.25,40.16,0.27,20.0,0.28,10.0,0.68,10.0,0.67,10.0,0.69,28.0,0.71,10.16,0.01,0.01,2333.093858,1776334155000
1776334157.294,257.294,0.26,24.42,0.25,55.16,0.33,11.45,0.34,10.0,0.73,9.55,0.72,10.0,0.74,24.42,0.75,55.16,0.07,0.01,2333.093858,1776334155000
1776334157.737,257.737,0.29,2.0,0.28,10.0,0.3,5.0,0.32,10.0,0.67,11.45,0.66,10.0,0.74,13.6,0.75,40.16,0.01,0.07,2333.092341,1776334156000
1776334158.159,258.159,0.28,0.72,0.27,15.0,0.3,5.0,0.31,10.0,0.7,5.0,0.68,10.0,0.71,2.0,0.72,10.0,0.02,0.01,2333.092341,1776334156000
1776334158.555,258.555,0.29,10.0,0.28,0.72,0.31,5.54,0.32,5.43,0.68,5.43,0.67,10.0,0.71,10.0,0.72,0.72,0.02,0.03,2333.09213,1776334157000
1776334159.155,259.155,0.3,8.57,0.29,15.0,0.32,5.43,0.33,20.0,0.69,5.54,0.68,5.43,0.71,10.0,0.72,0.72,0.02,0.02,2333.09213,1776334157000
1776334160.425,260.425,0.29,9.15,0.28,5.72,0.33,15.0,0.34,10.0,0.68,5.43,0.67,20.0,0.7,8.57,0.71,15.0,0.04,0.02,2332.975197,1776334158000
1776334160.712,260.712,0.29,7.6,0.28,5.72,0.32,10.0,0.33,10.0,0.67,15.0,0.66,10.0,0.71,9.15,0.72,5.72,0.03,0.04,2332.83901,1776334159000
1776334161.605,261.605,0.32,4.0,0.31,5.0,0.33,10.0,0.34,10.0,0.68,10.0,0.67,10.0,0.71,7.6,0.72,5.72,0.01,0.03,2332.840793,1776334160000
1776334161.912,261.912,0.31,7.64,0.29,7.6,0.32,15.0,0.33,10.0,0.67,10.0,0.66,10.0,0.69,0.24,0.71,7.6,0.01,0.02,2332.840793,1776334160000
1776334162.407,262.407,0.3,8.95,0.29,7.6,0.32,15.0,0.33,10.0,0.68,15.0,0.67,10.0,0.69,7.64,0.71,7.6,0.02,0.01,2332.848659,1776334161000
1776334162.799,262.799,0.3,23.95,0.29,7.6,0.31,6.77,0.32,10.0,0.68,15.0,0.67,10.0,0.7,8.95,0.71,7.6,0.01,0.02,2332.848659,1776334161000
1776334164.302,264.302,0.39,10.0,0.38,15.0,0.43,14.7,0.44,24.6,0.68,10.0,0.67,10.0,0.7,12.52,0.71,7.6,0.04,0.02,2332.854145,1776334163000
1776334165.305,265.305,0.4,15.0,0.39,20.0,0.44,20.44,0.45,30.7,0.57,14.7,0.56,24.6,0.61,10.0,0.62,15.0,0.04,0.04,2332.854145,1776334163000
1776334165.915,265.915,0.41,26.52,0.4,15.0,0.42,5.0,0.44,10.44,0.56,20.44,0.55,30.7,0.6,15.0,0.61,20.0,0.01,0.04,2332.854145,1776334164000
1776334166.73,266.73,0.4,5.0,0.38,15.0,0.41,10.0,0.42,10.0,0.58,5.0,0.56,10.44,0.59,26.52,0.6,15.0,0.01,0.01,2332.85416,1776334165000
1776334167.378,267.378,0.42,23.27,0.41,20.0,0.43,10.0,0.44,10.0,0.59,10.0,0.58,10.0,0.6,5.0,0.62,15.0,0.01,0.01,2333.030841,1776334166000
1776334168.287,268.287,0.42,15.0,0.41,20.0,0.47,14.5,0.48,14.4,0.57,10.0,0.56,10.0,0.58,23.27,0.59,20.0,0.05,0.01,2333.015685,1776334167000
1776334169.314,269.314,0.46,28.0,0.45,18.0,0.54,14.5,0.55,24.5,0.53,14.5,0.52,14.4,0.58,15.0,0.59,20.0,0.08,0.05,2333.11835,1776334168000
1776334169.643,269.643,0.53,13.0,0.52,8.0,0.56,46.85,0.57,59.8,0.46,14.5,0.45,24.5,0.54,28.0,0.55,18.0,0.03,0.08,2333.11835,1776334168000
1776334170.271,270.271,0.53,5.46,0.52,8.0,0.54,5.0,0.55,75.45,0.46,5.0,0.45,10.0,0.47,13.0,0.48,8.0,0.01,0.01,2333.11835,1776334168000
1776334170.497,270.497,0.53,0.35,0.52,8.0,0.54,10.0,0.55,10.0,0.46,5.0,0.45,75.45,0.47,5.46,0.48,8.0,0.01,0.01,2333.19605,1776334169000
1776334171.386,271.386,0.47,22.99,0.46,18.0,0.54,26.74,0.55,10.0,0.46,10.0,0.45,10.0,0.47,0.35,0.48,8.0,0.07,0.01,2333.199044,1776334170000
1776334171.67,271.67,0.47,22.99,0.46,31.0,0.48,10.14,0.49,15.0,0.46,26.74,0.45,10.0,0.53,22.99,0.54,18.0,0.01,0.07,2333.199044,1776334170000
1776334171.966,271.966,0.47,11.19,0.46,36.0,0.48,10.14,0.49,15.0,0.52,10.14,0.51,15.0,0.53,22.99,0.54,31.0,0.01,0.01,2333.199044,1776334170000
1776334172.296,272.296,0.47,9.19,0.46,31.0,0.48,15.14,0.49,15.0,0.52,10.14,0.51,15.0,0.53,11.19,0.54,36.0,0.01,0.01,2333.24875,1776334171000
1776334173.845,273.845,0.46,23.74,0.45,23.0,0.48,10.14,0.49,15.0,0.52,15.14,0.51,15.0,0.53,9.19,0.54,31.0,0.02,0.01,2333.142115,1776334172000
1776334176.959,276.959,0.46,3.74,0.44,11.99,0.47,35.0,0.48,10.14,0.52,10.14,0.51,15.0,0.54,23.74,0.55,23.0,0.01,0.02,2333.26425,1776334175000
1776334179.405,279.405,0.43,10.14,0.42,23.0,0.45,10.0,0.46,10.0,0.53,35.0,0.52,10.14,0.56,11.99,0.59,50.0,0.02,0.03,2333.12,1776334178000
1776334179.685,279.685,0.43,13.38,0.42,23.0,0.44,10.0,0.45,10.0,0.55,10.0,0.54,10.0,0.57,10.14,0.58,23.0,0.01,0.02,2333.12,1776334178000
1776334180.347,280.347,0.42,3.87,0.41,64.0,0.43,10.0,0.44,10.0,0.56,10.0,0.55,10.0,0.58,19.59,0.59,60.0,0.01,0.02,2333.12,1776334178000
1776334181.379,281.379,0.26,55.49,0.22,47.0,0.27,15.0,0.28,15.0,0.57,10.0,0.56,10.0,0.58,3.87,0.59,64.0,0.01,0.01,2333.1876,1776334180000
1776334181.633,281.633,0.22,30.0,0.21,67.0,0.27,20.0,0.28,15.0,0.73,20.0,0.72,15.0,0.74,55.39,0.77,10.16,0.05,0.01,2333.1876,1776334180000
1776334182.056,282.056,0.21,50.0,0.2,22.0,0.22,9.6,0.23,15.0,0.78,13.18,0.77,15.0,0.79,67.0,0.8,5.0,0.01,0.01,2333.18795,1776334181000
1776334182.531,282.531,0.15,17.0,0.14,20.0,0.21,20.0,0.22,22.0,0.78,0.96,0.77,15.0,0.79,50.0,0.8,22.0,0.06,0.01,2333.18795,1776334181000
1776334182.751,282.751,0.1,3.97,0.09,11.0,0.11,15.0,0.12,15.0,0.88,10.0,0.87,10.0,0.9,9.66,0.91,11.0,0.01,0.02,2333.18795,1776334181000
1776334182.975,282.975,0.09,11.0,0.08,22.0,0.11,13.0,0.12,15.0,0.89,8.0,0.88,15.0,0.9,1.73,0.91,11.0,0.02,0.01,2333.12045,1776334182000
1776334183.192,283.192,0.09,11.0,0.08,22.0,0.12,15.0,0.13,10.0,0.89,13.0,0.88,15.0,0.91,11.0,0.92,22.0,0.03,0.02,2333.12045,1776334182000
1776334183.826,283.826,0.09,21.0,0.08,22.0,0.1,12.79,0.11,10.0,0.88,15.0,0.87,10.0,0.91,11.0,0.92,22.0,0.01,0.03,2333.12045,1776334182000
1776334184.113,284.113,0.09,17.7,0.08,22.0,0.11,5.16,0.12,15.0,0.89,10.0,0.88,15.0,0.91,17.7,0.92,22.0,0.02,0.02,2332.892684,1776334183000
1776334184.632,284.632,0.09,16.6,0.08,22.0,0.11,5.16,0.12,15.0,0.89,5.16,0.88,15.0,0.91,17.7,0.92,22.0,0.02,0.02,2332.892684,1776334183000
1776334186.074,286.074,0.09,20.5,0.08,22.0,0.1,5.55,0.11,15.16,0.89,5.16,0.88,15.0,0.91,16.6,0.92,22.0,0.01,0.02,2332.632912,1776334185000
1776334186.393,286.393,0.09,20.5,0.08,61.0,0.1,4.03,0.11,10.0,0.9,5.55,0.89,15.16,0.91,20.5,0.92,22.0,0.01,0.01,2332.632912,1776334185000
1776334186.864,286.864,0.12,3.94,0.11,55.97,0.13,16.0,0.14,10.0,0.88,15.0,0.87,16.0,0.89,35.97,0.91,15.5,0.01,0.01,2332.632912,1776334185000
1776334190.347,290.347,0.12,8.94,0.11,45.97,0.13,6.0,0.14,10.0,0.87,16.0,0.86,10.0,0.88,3.94,0.89,55.97,0.01,0.01,2332.712142,1776334188000
1776334190.6,290.6,0.11,47.12,0.1,10.0,0.13,16.0,0.14,10.0,0.87,6.0,0.86,10.0,0.88,8.94,0.89,45.97,0.02,0.01,2332.726449,1776334189000
1776334191.192,291.192,0.11,20.88,0.1,10.0,0.12,10.0,0.13,16.0,0.87,16.0,0.86,10.0,0.89,47.12,0.9,10.0,0.01,0.02,2332.726449,1776334189000
1776334191.806,291.806,0.11,14.74,0.1,10.0,0.12,10.0,0.13,16.0,0.88,10.0,0.87,16.0,0.89,20.88,0.9,10.0,0.01,0.01,2332.73694,1776334190000
1776334192.324,292.324,0.11,14.74,0.1,10.0,0.12,10.0,0.13,16.0,0.88,10.0,0.87,16.0,0.89,14.74,0.9,10.0,0.01,0.01,2332.73694,1776334191000
1776334192.608,292.608,0.11,51.74,0.1,10.0,0.12,10.0,0.13,16.0,0.88,10.0,0.87,16.0,0.89,14.74,0.9,10.0,0.01,0.01,2332.73694,1776334191000
1776334193.18,293.18,0.12,15.0,0.11,61.74,0.15,10.0,0.16,6.62,0.84,6.62,0.83,10.0,0.89,56.74,0.9,10.0,0.03,0.05,2332.73694,1776334191000
1776334193.396,293.396,0.13,13.4,0.12,10.0,0.16,1.01,0.17,10.0,0.84,1.01,0.83,10.0,0.87,15.0,0.88,10.0,0.03,0.03,2332.73322,1776334192000
1776334194.333,294.333,0.11,45.08,0.1,10.0,0.13,15.0,0.14,10.0,0.85,10.0,0.84,1.01,0.88,8.86,0.89,61.74,0.02,0.03,2332.73322,1776334192000
1776334194.558,294.558,0.1,8.28,0.09,15.5,0.12,32.04,0.13,10.0,0.88,17.04,0.87,10.0,0.9,10.0,0.91,15.5,0.02,0.02,2332.73322,1776334192000
1776334195.144,295.144,0.1,8.28,0.09,15.5,0.11,14.0,0.12,27.04,0.88,32.04,0.87,10.0,0.9,8.28,0.91,15.5,0.01,0.02,2332.741965,1776334193000
1776334195.576,295.576,0.1,2.72,0.09,15.5,0.11,9.0,0.12,27.04,0.89,14.0,0.88,27.04,0.9,8.28,0.91,15.5,0.01,0.01,2332.834119,1776334194000
1776334195.831,295.831,0.09,15.5,0.08,22.0,0.11,9.0,0.12,27.04,0.89,9.0,0.88,27.04,0.9,2.72,0.91,15.5,0.02,0.01,2332.834119,1776334194000
1776334196.258,296.258,0.11,56.05,0.1,10.0,0.12,17.04,0.2,5.78,0.89,9.0,0.88,27.04,0.91,15.5,0.92,22.0,0.01,0.02,2332.834119,1776334194000
1776334196.465,296.465,0.5,10.0,0.49,10.0,0.51,28.41,0.52,10.0,0.49,39.98,0.48,30.0,0.59,10.0,0.64,10.0,0.01,0.1,2332.755965,1776334195000
1776334196.701,296.701,0.48,19.63,0.47,10.0,0.49,5.0,0.5,10.0,0.51,5.0,0.5,10.0,0.52,23.48,0.53,10.0,0.01,0.01,2332.755965,1776334195000
1776334196.942,296.942,0.5,10.0,0.49,10.0,0.52,8.9,0.53,10.0,0.46,1.87,0.45,10.0,0.52,6.57,0.53,10.0,0.02,0.06,2332.755965,1776334195000
1776334197.156,297.156,0.46,3.0,0.45,10.0,0.5,3.5,0.51,10.0,0.49,10.0,0.48,7.81,0.54,3.0,0.55,10.0,0.04,0.05,2332.76235,1776334196000
1776334197.371,297.371,0.44,4.2,0.43,10.0,0.45,133.92,0.47,10.0,0.55,135.63,0.5,3.5,0.56,4.2,0.57,10.0,0.01,0.01,2332.76235,1776334196000
1776334197.597,297.597,0.41,90.0,0.4,10.0,0.42,26.72,0.45,138.92,0.55,128.92,0.54,10.0,0.56,2.05,0.57,10.0,0.01,0.01,2332.76235,1776334196000
1776334197.986,297.986,0.41,30.0,0.36,50.0,0.42,21.84,0.43,10.0,0.58,13.92,0.57,10.0,0.59,85.0,0.6,10.0,0.01,0.01,2332.76235,1776334196000
1776334198.284,298.284,0.36,45.61,0.35,30.0,0.37,5.0,0.38,10.0,0.63,17.93,0.62,10.0,0.64,40.61,0.65,30.0,0.01,0.01,2332.93062,1776334197000
1776334198.486,298.486,0.36,36.31,0.35,30.0,0.37,10.0,0.38,10.0,0.58,18.05,0.57,10.0,0.64,37.87,0.65,30.0,0.01,0.06,2332.93062,1776334197000
1776334198.929,298.929,0.31,41.97,0.3,10.0,0.33,5.0,0.35,30.6,0.63,1.97,0.62,10.0,0.69,36.97,0.7,10.0,0.02,0.06,2332.93062,1776334197000
1776334199.318,299.318,0.26,10.0,0.25,10.0,0.3,10.0,0.31,10.0,0.65,30.6,0.64,10.0,0.74,30.49,0.75,10.0,0.04,0.09,2332.93062,1776334197000
1776334199.643,299.643,0.18,1.46,0.17,10.0,0.21,5.0,0.23,59.0,0.73,5.0,0.67,10.0,0.81,1.77,0.82,10.0,0.03,0.08,2333.186663,1776334198000
1776334200.033,300.033,0.16,10.0,0.15,10.0,0.18,9.99,0.19,5.0,0.82,4.99,0.81,5.0,0.83,1.15,0.84,10.0,0.02,0.01,2333.154495,1776334199000
1776334200.472,300.472,,,,,0.01,2255.38,0.16,6.09,0.99,1145.86,0.8,10.0,,,,,,,2333.154495,1776334199000

# RESULT,winner=Down,slug=eth-updown-5m-1776333900,ticks=444
