timestamp,elapsed_sec,up_bid_p1,up_bid_s1,up_bid_p2,up_bid_s2,up_ask_p1,up_ask_s1,up_ask_p2,up_ask_s2,down_bid_p1,down_bid_s1,down_bid_p2,down_bid_s2,down_ask_p1,down_ask_s1,down_ask_p2,down_ask_s2,up_spread,down_spread,eth_price,eth_oracle_ts
1776204001.299,1.299,,,,,,,,,,,,,,,,,,,2324.55936,1776204000000
1776204001.917,1.917,0.33,310.0,0.31,375.0,0.35,1.35,0.36,11.0,0.52,86.0,0.49,5.0,0.54,6.74,0.55,11.43,0.02,0.02,2324.55936,1776204000000
1776204002.149,2.149,0.33,315.0,0.31,375.0,0.35,1.35,0.36,11.0,0.65,1.35,0.64,11.0,0.67,310.0,0.69,375.0,0.02,0.02,2324.55936,1776204000000
1776204002.364,2.364,0.33,297.86,0.31,375.0,0.35,1.35,0.36,11.0,0.65,1.35,0.64,11.0,0.67,312.86,0.68,13.0,0.02,0.02,2324.55936,1776204000000
1776204002.67,2.67,0.33,271.86,0.31,375.0,0.35,1.35,0.36,11.0,0.65,1.35,0.64,11.0,0.67,271.86,0.69,375.0,0.02,0.02,2324.393104,1776204001000
1776204003.343,3.343,0.33,261.86,0.31,445.0,0.36,2.35,0.42,68.95,0.64,2.35,0.58,68.95,0.67,261.86,0.69,445.0,0.03,0.03,2323.758264,1776204002000
1776204004.001,4.001,0.32,13.89,0.31,450.0,0.33,20.0,0.34,25.0,0.66,30.0,0.65,74.0,0.67,1.76,0.68,5.0,0.01,0.01,2323.758264,1776204002000
1776204004.324,4.324,0.31,438.89,0.3,140.0,0.33,16.72,0.34,20.0,0.67,11.72,0.66,25.0,0.68,13.89,0.69,450.0,0.02,0.01,2323.488005,1776204003000
1776204004.784,4.784,0.31,426.94,0.3,157.0,0.32,10.0,0.33,10.0,0.68,10.0,0.67,10.0,0.69,412.84,0.7,145.0,0.01,0.01,2323.488005,1776204003000
1776204005.192,5.192,0.31,426.94,0.3,157.0,0.32,10.0,0.33,10.0,0.68,10.0,0.67,10.0,0.69,426.94,0.7,157.0,0.01,0.01,2323.230278,1776204004000
1776204005.484,5.484,0.31,87.91,0.3,157.0,0.32,15.0,0.33,15.0,0.68,10.0,0.67,10.0,0.69,426.94,0.7,157.0,0.01,0.01,2323.230278,1776204004000
1776204006.062,6.062,0.32,21.74,0.31,186.41,0.33,15.0,0.34,25.0,0.67,15.0,0.66,25.0,0.68,16.74,0.69,85.73,0.01,0.01,2323.230278,1776204004000
1776204006.769,6.769,0.32,146.74,0.31,205.73,0.33,15.0,0.34,25.0,0.67,15.0,0.66,25.0,0.68,146.74,0.69,205.73,0.01,0.01,2323.286885,1776204005000
1776204007.6,7.6,0.32,36.74,0.31,95.73,0.33,3.93,0.34,25.0,0.67,3.93,0.66,25.0,0.68,36.74,0.69,95.73,0.01,0.01,2323.273135,1776204006000
1776204008.477,8.477,0.32,36.74,0.31,95.73,0.33,3.93,0.34,25.0,0.67,3.93,0.66,25.0,0.68,36.74,0.69,95.73,0.01,0.01,2323.292305,1776204007000
1776204009.699,9.699,0.32,27.42,0.31,79.73,0.33,18.93,0.34,30.0,0.67,23.93,0.66,25.0,0.68,32.42,0.69,95.73,0.01,0.01,2323.292305,1776204007000
1776204010.102,10.102,0.31,56.24,0.3,197.0,0.33,18.93,0.34,30.0,0.67,18.93,0.66,30.0,0.68,27.42,0.69,79.73,0.02,0.01,2323.29339,1776204008000
1776204010.442,10.442,0.31,106.24,0.3,207.0,0.32,17.32,0.33,26.93,0.67,18.93,0.66,30.0,0.69,56.24,0.7,197.0,0.01,0.02,2323.29339,1776204008000
1776204010.719,10.719,0.31,169.24,0.3,207.0,0.33,26.93,0.34,30.0,0.68,17.32,0.67,26.93,0.69,106.24,0.7,207.0,0.02,0.01,2323.295845,1776204009000
1776204011.069,11.069,0.31,169.24,0.3,207.0,0.33,26.93,0.34,30.0,0.67,26.93,0.66,30.0,0.69,169.24,0.7,207.0,0.02,0.02,2323.28596,1776204010000
1776204011.852,11.852,0.31,139.74,0.3,217.5,0.32,20.5,0.33,37.43,0.68,20.5,0.67,37.43,0.69,159.24,0.7,217.5,0.01,0.01,2323.28596,1776204010000
1776204012.356,12.356,0.31,139.74,0.3,217.5,0.32,20.5,0.33,37.43,0.68,20.5,0.67,37.43,0.69,139.74,0.7,217.5,0.01,0.01,2323.290825,1776204011000
1776204013.157,13.157,0.31,134.74,0.3,217.5,0.32,20.5,0.33,37.43,0.68,20.5,0.67,37.43,0.69,134.74,0.7,217.5,0.01,0.01,2323.290825,1776204012000
1776204013.528,13.528,0.31,129.74,0.3,207.5,0.32,10.5,0.33,37.43,0.68,20.5,0.67,37.43,0.69,134.74,0.7,217.5,0.01,0.01,2323.290825,1776204012000
1776204014.496,14.496,0.31,129.74,0.3,207.5,0.32,10.5,0.33,37.43,0.68,10.5,0.67,37.43,0.69,129.74,0.7,207.5,0.01,0.01,2323.275805,1776204013000
1776204014.808,14.808,0.31,129.74,0.3,197.5,0.32,14.83,0.33,29.43,0.68,10.5,0.67,37.43,0.69,129.74,0.7,207.5,0.01,0.01,2323.275805,1776204013000
1776204015.425,15.425,0.31,129.74,0.3,197.5,0.32,4.83,0.33,29.43,0.68,4.83,0.67,29.43,0.69,129.74,0.7,197.5,0.01,0.01,2323.27686,1776204014000
1776204015.711,15.711,0.31,66.74,0.3,264.5,0.32,4.83,0.33,29.43,0.68,14.83,0.67,29.43,0.69,66.74,0.7,264.5,0.01,0.01,2323.27686,1776204014000
1776204016.192,16.192,0.31,66.74,0.3,264.5,0.32,4.83,0.33,29.43,0.68,4.83,0.67,29.43,0.69,66.74,0.7,264.5,0.01,0.01,2323.274525,1776204015000
1776204016.649,16.649,0.31,10.0,0.3,70.0,0.32,77.33,0.33,46.5,0.68,4.83,0.67,29.43,0.69,66.74,0.7,264.5,0.01,0.01,2323.274525,1776204015000
1776204016.9,16.9,0.3,18.37,0.29,20.0,0.31,137.5,0.32,142.33,0.69,81.0,0.68,128.33,0.7,30.37,0.71,20.0,0.01,0.01,2323.274525,1776204015000
1776204017.161,17.161,0.29,30.0,0.27,64.0,0.3,46.83,0.31,99.5,0.69,137.5,0.68,142.33,0.71,20.0,0.73,64.0,0.01,0.02,2323.274525,1776204015000
1776204017.716,17.716,0.29,30.0,0.27,64.0,0.3,46.83,0.31,99.5,0.7,46.83,0.69,99.5,0.71,30.0,0.73,64.0,0.01,0.01,2323.27636,1776204016000
1776204018.092,18.092,0.29,20.0,0.27,58.0,0.3,230.74,0.31,94.5,0.7,46.83,0.69,99.5,0.71,30.0,0.73,64.0,0.01,0.01,2323.27636,1776204016000
1776204018.298,18.298,0.29,20.0,0.27,58.0,0.3,230.74,0.31,94.5,0.7,230.74,0.69,94.5,0.71,20.0,0.73,58.0,0.01,0.01,2323.274866,1776204017000
1776204018.964,18.964,0.29,15.0,0.27,58.0,0.3,248.74,0.31,107.5,0.7,230.74,0.69,94.5,0.71,20.0,0.73,58.0,0.01,0.01,2323.274866,1776204017000
1776204019.19,19.19,0.29,15.0,0.27,58.0,0.3,248.74,0.31,107.5,0.7,248.74,0.69,107.5,0.71,15.0,0.73,58.0,0.01,0.01,2323.1385,1776204018000
1776204019.876,19.876,0.29,15.0,0.28,10.0,0.3,243.74,0.31,107.5,0.7,248.74,0.69,107.5,0.71,15.0,0.73,58.0,0.01,0.01,2323.1385,1776204018000
1776204020.141,20.141,0.29,3.88,0.28,10.0,0.3,243.74,0.31,108.5,0.7,248.74,0.69,102.5,0.71,8.88,0.72,10.0,0.01,0.01,2323.1385,1776204018000
1776204020.444,20.444,0.29,3.88,0.28,10.0,0.3,243.74,0.31,108.5,0.7,243.74,0.69,108.5,0.71,3.88,0.72,10.0,0.01,0.01,2322.962205,1776204019000
1776204020.878,20.878,0.27,58.0,0.26,76.5,0.3,192.74,0.31,166.5,0.7,243.74,0.69,108.5,0.71,3.88,0.72,10.0,0.03,0.01,2322.962205,1776204019000
1776204021.201,21.201,0.27,58.0,0.26,76.5,0.3,192.74,0.31,166.5,0.7,192.74,0.69,166.5,0.73,58.0,0.74,76.5,0.03,0.03,2322.995325,1776204020000
1776204021.5,21.5,0.25,73.74,0.21,45.0,0.26,36.0,0.27,217.5,0.7,192.74,0.69,166.5,0.73,58.0,0.74,76.5,0.01,0.03,2322.995325,1776204020000
1776204021.704,21.704,0.21,53.0,0.2,55.0,0.26,162.5,0.27,272.5,0.74,162.5,0.73,272.5,0.75,8.13,0.79,53.0,0.05,0.01,2322.995325,1776204020000
1776204021.922,21.922,0.21,78.0,0.19,47.0,0.22,21.36,0.23,29.0,0.74,162.5,0.73,272.5,0.79,53.0,0.8,55.0,0.01,0.05,2322.995325,1776204020000
1776204022.395,22.395,0.21,83.0,0.2,25.0,0.22,75.86,0.23,59.5,0.78,21.36,0.77,29.0,0.79,78.0,0.81,47.0,0.01,0.01,2322.995325,1776204020000
1776204022.712,22.712,0.21,83.0,0.2,25.0,0.22,75.86,0.23,59.5,0.78,75.86,0.77,59.5,0.79,83.0,0.8,25.0,0.01,0.01,2322.99628,1776204021000
1776204023.178,23.178,0.21,20.0,0.19,12.0,0.22,165.86,0.23,154.5,0.78,80.86,0.77,59.5,0.79,83.0,0.8,25.0,0.01,0.01,2322.99628,1776204021000
1776204023.385,23.385,0.17,43.9,0.16,50.0,0.18,10.0,0.19,15.0,0.78,46.86,0.77,183.5,0.83,63.9,0.84,50.0,0.01,0.05,2322.99628,1776204021000
1776204023.745,23.745,0.16,110.26,0.15,58.21,0.17,15.0,0.18,32.0,0.83,15.0,0.82,32.0,0.84,41.46,0.85,58.21,0.01,0.01,2322.99628,1776204021000
1776204023.999,23.999,0.16,189.26,0.15,87.21,0.18,4.16,0.19,25.5,0.83,15.0,0.82,32.0,0.84,110.26,0.85,58.21,0.02,0.01,2322.99628,1776204021000
1776204024.338,24.338,0.16,189.26,0.15,87.21,0.17,5.0,0.18,10.0,0.83,5.0,0.82,10.0,0.84,189.26,0.85,87.21,0.01,0.01,2322.481041,1776204023000
1776204024.641,24.641,0.16,189.26,0.15,87.21,0.17,20.0,0.18,10.0,0.83,5.0,0.82,10.0,0.84,189.26,0.85,87.21,0.01,0.01,2322.481041,1776204023000
1776204024.877,24.877,0.17,35.87,0.16,142.58,0.18,20.0,0.19,25.5,0.82,10.0,0.81,25.5,0.84,162.58,0.85,87.21,0.01,0.02,2322.481041,1776204023000
1776204025.096,25.096,0.17,35.87,0.16,142.58,0.18,20.0,0.19,25.5,0.82,20.0,0.81,25.5,0.83,35.87,0.84,142.58,0.01,0.01,2322.226508,1776204024000
1776204025.442,25.442,0.17,43.97,0.16,142.58,0.18,25.0,0.19,30.5,0.82,20.0,0.81,25.5,0.83,35.87,0.84,142.58,0.01,0.01,2322.226508,1776204024000
1776204026.028,26.028,0.17,171.4,0.16,142.58,0.18,5.0,0.19,5.0,0.82,20.0,0.81,30.5,0.83,36.89,0.84,142.58,0.01,0.01,2322.226508,1776204024000
1776204026.317,26.317,0.19,112.24,0.18,76.5,0.21,15.5,0.22,30.5,0.8,15.0,0.79,25.5,0.81,10.24,0.83,176.4,0.02,0.01,2322.226508,1776204024000
1776204026.545,26.545,0.19,102.0,0.18,134.5,0.2,15.0,0.21,10.0,0.79,15.5,0.78,30.5,0.81,112.24,0.82,76.5,0.01,0.02,2321.80452,1776204025000
1776204027.24,27.24,0.19,95.5,0.18,144.5,0.2,10.0,0.21,10.0,0.8,15.0,0.79,10.0,0.81,80.0,0.82,134.5,0.01,0.01,2321.80452,1776204025000
1776204027.569,27.569,0.19,85.5,0.18,144.5,0.2,10.0,0.21,10.0,0.8,10.0,0.79,10.0,0.81,95.5,0.82,144.5,0.01,0.01,2321.80452,1776204025000
1776204028.326,28.326,0.19,80.5,0.18,144.5,0.2,10.0,0.21,10.0,0.8,10.0,0.79,10.0,0.81,80.5,0.82,144.5,0.01,0.01,2321.855276,1776204027000
1776204028.624,28.624,0.19,54.0,0.18,60.5,0.2,357.76,0.21,73.0,0.8,10.0,0.79,10.0,0.81,80.5,0.82,144.5,0.01,0.01,2321.855276,1776204027000
1776204028.887,28.887,0.19,54.5,0.18,60.5,0.2,353.89,0.21,73.0,0.8,357.76,0.79,73.0,0.81,54.0,0.82,60.5,0.01,0.01,2321.855276,1776204027000
1776204029.578,29.578,0.19,54.5,0.18,60.5,0.2,353.89,0.21,73.0,0.8,353.89,0.79,73.0,0.81,54.5,0.82,60.5,0.01,0.01,2322.106614,1776204028000
1776204030.071,30.071,0.19,59.5,0.18,45.5,0.2,4.75,0.21,78.0,0.8,353.89,0.79,73.0,0.81,54.5,0.82,60.5,0.01,0.01,2322.106614,1776204028000
1776204030.518,30.518,0.18,79.0,0.17,94.4,0.2,19.75,0.21,20.0,0.8,4.75,0.79,78.0,0.81,59.5,0.82,45.5,0.02,0.01,2322.129362,1776204029000
1776204031.338,31.338,0.19,10.5,0.18,108.0,0.21,25.25,0.22,100.5,0.8,9.75,0.79,25.5,0.81,10.5,0.82,108.0,0.02,0.01,2322.129362,1776204029000
1776204031.671,31.671,0.19,5.5,0.18,108.0,0.21,25.25,0.22,112.5,0.79,25.25,0.78,112.5,0.81,5.5,0.82,108.0,0.02,0.02,2322.076774,1776204030000
1776204032.34,32.34,0.19,7.0,0.18,118.5,0.2,15.0,0.21,32.25,0.79,25.25,0.78,112.5,0.81,5.5,0.82,108.0,0.01,0.02,2322.076774,1776204030000
1776204032.932,32.932,0.19,32.0,0.18,118.5,0.2,20.0,0.21,32.25,0.8,15.0,0.79,32.25,0.81,7.0,0.82,118.5,0.01,0.01,2322.08385,1776204031000
1776204033.22,33.22,0.19,32.0,0.18,118.5,0.2,20.0,0.21,32.25,0.8,20.0,0.79,32.25,0.81,32.0,0.82,118.5,0.01,0.01,2322.133467,1776204032000
1776204034.28,34.28,0.18,178.5,0.17,83.5,0.2,9.25,0.21,83.25,0.8,20.0,0.79,32.25,0.81,32.0,0.82,118.5,0.02,0.01,2322.133467,1776204032000
1776204034.603,34.603,0.18,120.18,0.17,89.44,0.19,5.0,0.2,14.25,0.8,9.25,0.79,83.25,0.82,178.5,0.83,83.5,0.01,0.02,2322.133467,1776204032000
1776204035.115,35.115,0.18,140.18,0.17,81.44,0.2,14.25,0.21,90.25,0.81,5.0,0.8,14.25,0.82,120.18,0.83,89.44,0.02,0.01,2322.133486,1776204033000
1776204035.337,35.337,0.18,118.4,0.17,66.44,0.2,14.25,0.21,101.25,0.8,14.25,0.79,101.25,0.82,118.4,0.83,66.44,0.02,0.02,2322.143136,1776204034000
1776204036.018,36.018,0.18,84.9,0.17,71.44,0.2,14.25,0.21,101.25,0.8,14.25,0.79,101.25,0.82,84.9,0.83,71.44,0.02,0.02,2322.132919,1776204035000
1776204036.739,36.739,0.18,56.11,0.17,73.44,0.2,13.6,0.21,108.25,0.8,14.25,0.79,101.25,0.82,84.9,0.83,71.44,0.02,0.02,2322.132919,1776204035000
1776204037.469,37.469,0.18,41.11,0.17,71.44,0.2,13.35,0.21,108.25,0.8,18.35,0.79,108.25,0.82,56.11,0.83,73.44,0.02,0.02,2322.132919,1776204035000
1776204038.266,38.266,0.18,41.11,0.17,71.44,0.2,13.35,0.21,108.25,0.8,13.35,0.79,108.25,0.82,41.11,0.83,71.44,0.02,0.02,2322.119964,1776204037000
1776204038.476,38.476,0.18,45.61,0.17,81.44,0.2,8.35,0.21,108.25,0.8,13.35,0.79,108.25,0.82,41.11,0.83,71.44,0.02,0.02,2322.119964,1776204037000
1776204039.589,39.589,0.18,40.51,0.17,61.44,0.19,15.0,0.2,24.85,0.81,10.0,0.8,13.35,0.82,29.9,0.83,81.44,0.01,0.01,2322.119964,1776204037000
1776204039.82,39.82,0.18,10.61,0.17,61.44,0.2,82.85,0.21,50.25,0.81,10.0,0.8,82.85,0.82,30.51,0.83,61.44,0.02,0.01,2322.116629,1776204038000
1776204040.31,40.31,0.18,15.61,0.17,73.44,0.2,82.85,0.21,50.25,0.8,82.85,0.79,50.25,0.82,10.61,0.83,61.44,0.02,0.02,2322.116629,1776204038000
1776204041.154,41.154,0.18,15.61,0.17,73.44,0.2,82.85,0.21,50.25,0.8,82.85,0.79,50.25,0.82,15.61,0.83,73.44,0.02,0.02,2322.109917,1776204040000
1776204041.844,41.844,0.17,83.44,0.16,107.5,0.18,54.52,0.19,10.0,0.8,82.85,0.79,50.25,0.82,15.61,0.83,73.44,0.01,0.02,2322.109917,1776204040000
1776204042.468,42.468,0.17,276.42,0.16,130.81,0.21,10.0,0.22,18.0,0.82,37.56,0.81,15.0,0.83,127.92,0.84,113.81,0.04,0.01,2322.109917,1776204040000
1776204042.811,42.811,0.23,45.0,0.22,46.0,0.25,90.5,0.26,53.99,0.77,18.0,0.76,28.0,0.81,10.0,0.82,10.0,0.02,0.04,2322.109917,1776204040000
1776204043.342,43.342,0.24,9.07,0.23,45.0,0.25,90.5,0.26,53.99,0.75,80.5,0.74,53.99,0.76,9.07,0.77,50.0,0.01,0.01,2322.117108,1776204041000
1776204044.034,44.034,0.24,9.07,0.23,45.0,0.25,90.5,0.26,53.99,0.75,90.5,0.74,53.99,0.76,9.07,0.77,45.0,0.01,0.01,2322.148974,1776204043000
1776204044.489,44.489,0.24,14.07,0.23,45.0,0.25,206.28,0.26,47.99,0.75,90.5,0.74,53.99,0.76,9.07,0.77,45.0,0.01,0.01,2322.148974,1776204043000
1776204045.018,45.018,0.24,14.07,0.23,45.0,0.25,195.17,0.26,57.99,0.75,206.28,0.74,47.99,0.76,14.07,0.77,45.0,0.01,0.01,2322.148974,1776204043000
1776204045.487,45.487,0.23,89.8,0.22,52.0,0.24,10.0,0.25,200.67,0.75,210.67,0.74,57.99,0.76,0.96,0.77,55.0,0.01,0.01,2322.442537,1776204044000
1776204046.291,46.291,0.23,88.36,0.22,52.0,0.24,10.0,0.25,200.67,0.76,10.0,0.75,200.67,0.77,88.36,0.78,52.0,0.01,0.01,2322.515249,1776204045000
1776204046.535,46.535,0.24,41.65,0.23,128.86,0.25,97.78,0.26,42.99,0.75,97.78,0.74,32.99,0.76,55.0,0.77,128.86,0.01,0.01,2322.515249,1776204045000
1776204046.874,46.874,0.24,76.65,0.23,128.86,0.25,92.78,0.26,100.99,0.75,97.78,0.74,42.99,0.76,41.65,0.77,128.86,0.01,0.01,2322.515249,1776204045000
1776204047.082,47.082,0.24,76.65,0.23,128.86,0.25,84.78,0.26,100.99,0.75,84.78,0.74,100.99,0.76,76.65,0.77,128.86,0.01,0.01,2322.5444,1776204046000
1776204047.54,47.54,0.24,115.2,0.23,138.86,0.25,89.78,0.26,100.99,0.75,84.78,0.74,100.99,0.76,76.65,0.77,128.86,0.01,0.01,2322.5444,1776204046000
1776204047.882,47.882,0.24,83.33,0.23,80.86,0.25,94.78,0.26,90.49,0.75,89.78,0.74,32.99,0.76,104.28,0.77,80.86,0.01,0.01,2322.5444,1776204046000
1776204048.091,48.091,0.24,86.88,0.23,80.86,0.25,5.78,0.26,90.49,0.75,5.78,0.74,90.49,0.76,86.88,0.77,80.86,0.01,0.01,2322.567499,1776204047000
1776204048.483,48.483,0.24,48.27,0.23,86.86,0.25,0.78,0.26,80.49,0.75,0.78,0.74,80.49,0.76,71.88,0.77,85.86,0.01,0.01,2322.567499,1776204047000
1776204048.836,48.836,0.24,136.08,0.23,105.86,0.27,4.56,0.28,10.0,0.75,0.78,0.74,80.49,0.76,69.75,0.77,68.86,0.03,0.01,2322.567499,1776204047000
1776204049.071,49.071,0.24,136.08,0.23,105.86,0.27,4.56,0.28,10.0,0.73,4.56,0.72,10.0,0.76,136.08,0.77,105.86,0.03,0.03,2322.650609,1776204048000
1776204049.317,49.317,0.28,41.73,0.27,54.94,0.29,94.95,0.3,25.71,0.71,94.95,0.7,25.71,0.72,28.18,0.73,34.44,0.01,0.01,2322.650609,1776204048000
1776204049.562,49.562,0.28,19.04,0.27,54.94,0.3,12.96,0.31,29.0,0.71,3.37,0.7,25.71,0.72,3.54,0.73,54.94,0.02,0.01,2322.650609,1776204048000
1776204050.086,50.086,0.3,4.71,0.29,38.5,0.31,83.0,0.32,39.0,0.69,29.0,0.68,39.0,0.71,43.5,0.72,19.04,0.01,0.02,2322.650609,1776204048000
1776204050.323,50.323,0.29,28.59,0.28,19.04,0.3,5.0,0.31,88.0,0.7,5.0,0.69,88.0,0.71,30.0,0.72,19.04,0.01,0.01,2322.683531,1776204049000
1776204051.002,51.002,0.29,38.59,0.28,14.04,0.31,101.38,0.32,39.0,0.7,5.0,0.69,88.0,0.71,28.59,0.72,19.04,0.02,0.01,2322.683531,1776204049000
1776204051.216,51.216,0.3,3.57,0.29,33.09,0.31,78.76,0.32,39.0,0.69,104.76,0.68,39.0,0.7,13.57,0.71,33.09,0.01,0.01,2322.8981,1776204050000
1776204051.676,51.676,0.29,6.6,0.28,14.04,0.3,15.0,0.31,83.76,0.69,88.76,0.68,39.0,0.71,21.6,0.72,14.04,0.01,0.02,2322.8981,1776204050000
1776204052.057,52.057,0.3,18.57,0.29,26.6,0.31,78.76,0.32,39.0,0.7,15.0,0.69,83.76,0.71,6.6,0.72,14.04,0.01,0.01,2322.8981,1776204050000
1776204052.9,52.9,0.3,38.57,0.29,26.6,0.31,77.3,0.32,127.93,0.69,78.76,0.68,39.0,0.7,18.57,0.71,26.6,0.01,0.01,2322.8981,1776204050000
1776204054.481,54.481,0.29,57.1,0.28,109.04,0.3,15.0,0.31,30.0,0.69,82.3,0.68,127.93,0.7,0.71,0.71,26.6,0.01,0.01,2322.8981,1776204050000
1776204054.77,54.77,0.3,25.5,0.29,70.5,0.31,11.19,0.32,29.0,0.69,12.0,0.68,29.0,0.71,108.6,0.72,119.04,0.01,0.02,2322.8981,1776204050000
1776204056.184,56.184,0.35,63.0,0.34,104.0,0.4,23.0,0.41,15.0,0.68,29.0,0.67,29.0,0.7,25.5,0.71,40.5,0.05,0.02,2322.8981,1776204050000
1776204056.687,56.687,0.36,11.0,0.35,11.0,0.38,35.5,0.39,164.5,0.6,12.9,0.59,85.0,0.62,43.7,0.63,20.0,0.02,0.02,2322.8981,1776204050000
1776204057.44,57.44,0.33,46.96,0.3,5.0,0.34,243.12,0.35,119.5,0.63,163.5,0.62,96.33,0.64,7.96,0.65,11.0,0.01,0.01,2322.8981,1776204050000
1776204058.394,58.394,0.33,30.96,0.3,5.0,0.34,243.12,0.35,119.5,0.66,243.12,0.65,119.5,0.67,30.96,0.7,5.0,0.01,0.01,2323.60175,1776204057000
1776204058.892,58.892,0.29,192.29,0.28,100.0,0.3,29.0,0.31,44.5,0.66,243.12,0.65,119.5,0.67,30.96,0.7,5.0,0.01,0.01,2323.60175,1776204057000
1776204059.17,59.17,0.29,197.29,0.28,110.5,0.3,32.33,0.31,29.0,0.7,32.33,0.69,29.0,0.71,197.29,0.72,110.5,0.01,0.01,2323.541805,1776204058000
1776204059.721,59.721,0.3,5.0,0.29,264.29,0.31,5.0,0.32,83.5,0.7,7.16,0.69,29.0,0.71,207.29,0.72,110.5,0.01,0.01,2323.541805,1776204058000
1776204060.053,60.053,0.3,160.0,0.29,117.29,0.35,35.65,0.36,25.5,0.69,5.0,0.68,83.5,0.7,5.0,0.71,264.29,0.05,0.01,2323.541805,1776204058000
1776204060.377,60.377,0.33,38.64,0.32,40.5,0.34,20.0,0.35,36.15,0.65,48.65,0.64,25.5,0.7,108.1,0.71,112.29,0.01,0.05,2323.389837,1776204059000
1776204061.165,61.165,0.33,38.64,0.32,40.5,0.34,20.0,0.35,36.15,0.66,20.0,0.65,36.15,0.67,38.64,0.68,40.5,0.01,0.01,2323.423051,1776204060000
1776204061.782,61.782,0.32,24.64,0.31,37.99,0.34,141.92,0.35,30.15,0.66,20.0,0.65,36.15,0.67,38.64,0.68,40.5,0.02,0.01,2323.423051,1776204060000
1776204062.283,62.283,0.32,24.64,0.31,37.99,0.34,141.92,0.35,30.15,0.66,141.92,0.65,30.15,0.68,24.64,0.69,37.99,0.02,0.02,2323.390939,1776204061000
1776204062.538,62.538,0.32,85.44,0.31,95.99,0.33,21.0,0.34,125.92,0.66,141.92,0.65,30.15,0.68,24.64,0.69,37.99,0.01,0.02,2323.390939,1776204061000
1776204062.942,62.942,0.31,80.99,0.3,22.96,0.33,66.0,0.34,67.92,0.67,21.0,0.66,125.92,0.68,85.44,0.69,95.99,0.02,0.01,2323.390939,1776204061000
1776204063.895,63.895,0.31,80.99,0.3,22.96,0.33,66.0,0.34,67.92,0.67,66.0,0.66,67.92,0.69,80.99,0.7,22.96,0.02,0.02,2323.390282,1776204063000
1776204064.378,64.378,0.31,72.55,0.3,37.96,0.32,40.0,0.33,46.0,0.67,66.0,0.66,67.92,0.69,80.99,0.7,22.96,0.01,0.02,2323.390282,1776204063000
1776204065.015,65.015,0.31,63.13,0.3,37.96,0.32,40.0,0.33,46.0,0.68,40.0,0.67,46.0,0.69,63.13,0.7,37.96,0.01,0.01,2323.386132,1776204064000
1776204065.234,65.234,0.31,95.11,0.3,57.96,0.32,25.0,0.33,46.0,0.68,40.0,0.67,46.0,0.69,63.13,0.7,37.96,0.01,0.01,2323.386132,1776204064000
1776204065.941,65.941,0.31,93.66,0.3,57.96,0.32,25.0,0.33,46.0,0.68,25.0,0.67,46.0,0.69,93.66,0.7,57.96,0.01,0.01,2323.386934,1776204065000
1776204066.972,66.972,0.31,93.66,0.3,57.96,0.32,25.0,0.33,46.0,0.68,25.0,0.67,46.0,0.69,93.66,0.7,57.96,0.01,0.01,2323.468621,1776204066000
1776204067.9,67.9,0.31,93.66,0.3,57.96,0.32,25.0,0.33,46.0,0.68,25.0,0.67,46.0,0.69,93.66,0.7,57.96,0.01,0.01,2323.4001,1776204067000
1776204068.664,68.664,0.28,60.86,0.27,15.0,0.32,195.5,0.33,57.5,0.68,25.0,0.67,46.0,0.69,93.66,0.7,57.96,0.04,0.01,2323.4001,1776204067000
1776204069.117,69.117,0.26,44.0,0.25,21.0,0.27,95.64,0.28,190.5,0.71,48.5,0.7,20.0,0.74,49.75,0.75,21.0,0.01,0.03,2323.4001,1776204067000
1776204069.341,69.341,0.26,1.0,0.25,43.04,0.27,162.93,0.28,32.5,0.73,95.64,0.72,190.5,0.74,35.0,0.75,21.0,0.01,0.01,2323.4001,1776204067000
1776204069.572,69.572,0.24,20.83,0.22,70.0,0.27,181.93,0.28,39.5,0.73,162.93,0.72,32.5,0.74,1.0,0.75,43.04,0.03,0.01,2323.4001,1776204067000
1776204069.782,69.782,0.24,14.67,0.21,36.0,0.25,92.0,0.26,32.0,0.75,50.12,0.74,32.0,0.76,20.83,0.79,36.0,0.01,0.01,2323.4001,1776204067000
1776204070.008,70.008,0.21,55.24,0.2,24.0,0.25,92.0,0.26,32.0,0.75,92.0,0.74,32.0,0.79,55.24,0.8,24.0,0.04,0.04,2323.386341,1776204068000
1776204070.809,70.809,0.21,68.24,0.2,87.05,0.22,30.94,0.23,20.0,0.78,27.72,0.77,120.0,0.79,63.24,0.8,24.0,0.01,0.01,2323.386341,1776204068000
1776204071.081,71.081,0.21,65.7,0.2,87.05,0.22,40.94,0.23,20.0,0.78,40.94,0.77,20.0,0.79,65.7,0.8,87.05,0.01,0.01,2323.358025,1776204069000
1776204071.715,71.715,0.21,1.39,0.2,5.0,0.22,65.94,0.23,110.0,0.78,40.94,0.77,20.0,0.79,65.7,0.8,87.05,0.01,0.01,2323.358025,1776204069000
1776204072.033,72.033,0.2,5.13,0.19,137.45,0.21,20.5,0.22,18.66,0.78,53.66,0.77,110.0,0.79,1.39,0.8,5.0,0.01,0.01,2322.763132,1776204070000
1776204072.753,72.753,0.2,0.06,0.19,58.0,0.21,79.5,0.22,176.66,0.79,25.5,0.78,23.66,0.8,5.13,0.81,122.0,0.01,0.01,2322.763132,1776204070000
1776204073.357,73.357,0.19,120.07,0.18,32.0,0.2,44.5,0.21,29.02,0.79,64.02,0.78,176.66,0.8,0.06,0.81,110.14,0.01,0.01,2322.574226,1776204071000
1776204073.614,73.614,0.19,120.07,0.18,37.0,0.2,19.0,0.21,29.02,0.8,19.0,0.79,29.02,0.81,120.07,0.82,37.0,0.01,0.01,2322.455535,1776204072000
1776204073.951,73.951,0.19,118.62,0.18,37.0,0.2,29.0,0.21,29.02,0.8,19.0,0.79,29.02,0.81,120.07,0.82,37.0,0.01,0.01,2322.455535,1776204072000
1776204074.191,74.191,0.19,105.56,0.18,37.0,0.2,80.72,0.21,29.02,0.8,29.0,0.79,29.02,0.81,100.56,0.82,37.0,0.01,0.01,2322.455535,1776204072000
1776204074.533,74.533,0.19,105.56,0.18,37.0,0.2,80.72,0.21,29.02,0.8,80.72,0.79,29.02,0.81,105.56,0.82,37.0,0.01,0.01,2322.310786,1776204073000
1776204075.084,75.084,0.19,65.84,0.18,86.0,0.2,42.72,0.21,39.52,0.8,80.72,0.79,29.02,0.81,105.56,0.82,37.0,0.01,0.01,2322.310786,1776204073000
1776204075.332,75.332,0.19,48.17,0.18,86.0,0.2,52.72,0.21,44.52,0.8,42.72,0.79,39.52,0.81,65.84,0.82,86.0,0.01,0.01,2322.239116,1776204074000
1776204076.247,76.247,0.19,41.51,0.18,86.0,0.2,82.72,0.21,44.52,0.8,52.72,0.79,44.52,0.81,48.17,0.82,86.0,0.01,0.01,2322.239116,1776204074000
1776204076.774,76.774,0.19,41.51,0.18,86.0,0.2,82.72,0.21,44.52,0.8,82.72,0.79,44.52,0.81,41.51,0.82,86.0,0.01,0.01,2322.23754,1776204075000
1776204077.55,77.55,0.19,39.04,0.18,86.0,0.2,92.72,0.21,102.52,0.8,92.72,0.79,102.52,0.81,39.04,0.82,86.0,0.01,0.01,2322.267041,1776204076000
1776204078.25,78.25,0.19,36.94,0.18,86.0,0.2,87.72,0.21,102.52,0.8,87.72,0.79,102.52,0.81,36.94,0.82,86.0,0.01,0.01,2322.237906,1776204077000
1776204078.641,78.641,0.19,17.84,0.18,86.0,0.2,92.72,0.21,212.52,0.8,87.72,0.79,102.52,0.81,36.94,0.82,86.0,0.01,0.01,2322.237906,1776204077000
1776204079.594,79.594,0.19,182.46,0.18,43.5,0.2,22.72,0.21,0.02,0.8,92.72,0.79,212.52,0.81,17.84,0.82,86.0,0.01,0.01,2322.237906,1776204077000
1776204079.825,79.825,0.19,207.37,0.18,43.5,0.21,2.03,0.22,5.0,0.8,7.72,0.79,0.02,0.81,187.46,0.82,43.5,0.02,0.01,2322.383767,1776204078000
1776204080.121,80.121,0.21,50.89,0.2,107.5,0.23,20.0,0.24,188.5,0.79,2.03,0.78,5.0,0.81,207.37,0.82,43.5,0.02,0.02,2322.383767,1776204078000
1776204080.423,80.423,0.21,37.81,0.2,107.5,0.23,50.0,0.24,193.5,0.77,25.0,0.76,193.5,0.79,40.89,0.8,107.5,0.02,0.02,2322.270375,1776204079000
1776204081.789,81.789,0.21,27.81,0.2,107.5,0.23,50.0,0.24,193.5,0.77,50.0,0.76,193.5,0.79,27.81,0.8,107.5,0.02,0.02,2322.27584,1776204080000
1776204082.441,82.441,0.2,112.5,0.19,65.81,0.21,30.83,0.22,132.15,0.79,30.83,0.78,132.15,0.8,112.5,0.81,65.81,0.01,0.01,2322.433305,1776204081000
1776204082.839,82.839,0.2,49.5,0.19,64.81,0.21,71.3,0.22,78.0,0.79,30.83,0.78,132.15,0.8,112.5,0.81,65.81,0.01,0.01,2322.433305,1776204081000
1776204083.258,83.258,0.2,49.5,0.19,64.81,0.21,71.3,0.22,78.0,0.79,71.3,0.78,78.0,0.8,49.5,0.81,64.81,0.01,0.01,2322.431847,1776204082000
1776204083.666,83.666,0.2,49.5,0.19,64.81,0.21,166.53,0.22,285.7,0.79,71.3,0.78,78.0,0.8,49.5,0.81,64.81,0.01,0.01,2322.431847,1776204082000
1776204084.631,84.631,0.2,49.5,0.19,64.81,0.21,166.53,0.22,285.7,0.79,166.53,0.78,285.7,0.8,49.5,0.81,64.81,0.01,0.01,2322.428557,1776204083000
1776204085.095,85.095,0.2,88.25,0.19,122.81,0.21,46.53,0.22,102.7,0.79,166.53,0.78,285.7,0.8,49.5,0.81,64.81,0.01,0.01,2322.428557,1776204083000
1776204085.531,85.531,0.2,71.08,0.19,122.81,0.21,61.53,0.22,160.7,0.79,46.53,0.78,102.7,0.8,69.12,0.81,122.81,0.01,0.01,2322.428557,1776204083000
1776204086.297,86.297,0.2,71.08,0.19,122.81,0.21,61.53,0.22,160.7,0.79,61.53,0.78,160.7,0.8,71.08,0.81,122.81,0.01,0.01,2322.386825,1776204085000
1776204087.043,87.043,0.2,201.38,0.19,94.81,0.21,11.29,0.24,15.0,0.79,61.53,0.78,160.7,0.8,71.08,0.81,122.81,0.01,0.01,2322.386825,1776204085000
1776204087.646,87.646,0.22,15.0,0.2,263.38,0.24,0.62,0.26,73.0,0.76,0.62,0.74,73.0,0.78,15.0,0.8,263.38,0.02,0.02,2322.405895,1776204086000
1776204088.326,88.326,0.22,15.0,0.2,263.38,0.24,0.62,0.26,73.0,0.76,0.62,0.74,73.0,0.78,15.0,0.8,263.38,0.02,0.02,2322.406728,1776204087000
1776204088.828,88.828,0.26,157.66,0.25,60.7,0.3,3.34,0.32,44.41,0.73,10.0,0.72,5.0,0.74,33.66,0.75,123.7,0.04,0.01,2322.406728,1776204087000
1776204089.365,89.365,0.26,157.66,0.25,60.7,0.3,3.34,0.32,44.41,0.7,3.34,0.68,44.41,0.74,157.66,0.75,60.7,0.04,0.04,2322.542729,1776204088000
1776204089.784,89.784,0.29,28.32,0.28,43.99,0.3,15.0,0.31,63.91,0.7,3.34,0.68,44.41,0.74,157.66,0.75,60.7,0.01,0.04,2322.542729,1776204088000
1776204090.216,90.216,0.28,27.6,0.27,112.5,0.3,25.0,0.31,131.91,0.7,15.0,0.69,63.91,0.71,28.32,0.72,43.99,0.02,0.01,2322.688427,1776204089000
1776204090.891,90.891,0.28,27.6,0.27,112.5,0.3,25.0,0.31,131.91,0.7,25.0,0.69,131.91,0.72,27.6,0.73,112.5,0.02,0.02,2322.98989,1776204090000
1776204091.19,91.19,0.29,30.5,0.28,19.82,0.3,142.66,0.31,15.0,0.7,25.0,0.69,131.91,0.72,27.6,0.73,112.5,0.01,0.02,2322.98989,1776204090000
1776204091.771,91.771,0.29,27.16,0.28,19.82,0.3,139.33,0.31,25.0,0.7,142.66,0.69,15.0,0.71,30.5,0.72,19.82,0.01,0.01,2322.98989,1776204090000
1776204092.65,92.65,0.29,25.16,0.28,19.82,0.3,129.33,0.31,15.0,0.7,139.33,0.69,25.0,0.71,27.16,0.72,19.82,0.01,0.01,2323.032139,1776204091000
1776204092.946,92.946,0.29,25.16,0.28,19.82,0.3,129.33,0.31,15.0,0.7,129.33,0.69,15.0,0.71,25.16,0.72,19.82,0.01,0.01,2323.035395,1776204092000
1776204093.83,93.83,0.29,25.16,0.28,19.82,0.3,129.33,0.31,15.0,0.7,129.33,0.69,15.0,0.71,25.16,0.72,19.82,0.01,0.01,2323.0614,1776204093000
1776204094.128,94.128,0.27,88.93,0.26,100.37,0.3,108.42,0.31,52.0,0.7,129.33,0.69,15.0,0.71,25.16,0.72,19.82,0.03,0.01,2323.0614,1776204093000
1776204094.849,94.849,0.28,20.5,0.27,161.93,0.29,15.0,0.3,40.42,0.7,108.42,0.69,52.0,0.73,88.93,0.74,100.37,0.01,0.03,2323.0614,1776204093000
1776204095.777,95.777,0.28,20.5,0.27,161.93,0.29,15.0,0.3,40.42,0.71,15.0,0.7,40.42,0.72,20.5,0.73,161.93,0.01,0.01,2323.08831,1776204095000
1776204096.161,96.161,0.28,20.5,0.27,161.93,0.29,37.82,0.3,98.42,0.71,15.0,0.7,40.42,0.72,20.5,0.73,161.93,0.01,0.01,2323.08831,1776204095000
1776204097.311,97.311,0.28,20.5,0.27,161.93,0.29,37.82,0.3,98.42,0.71,37.82,0.7,98.42,0.72,20.5,0.73,161.93,0.01,0.01,2323.079945,1776204096000
1776204097.801,97.801,0.28,106.36,0.27,128.93,0.29,34.34,0.32,121.0,0.71,37.82,0.7,98.42,0.72,20.5,0.73,161.93,0.01,0.01,2323.079945,1776204096000
1776204098.427,98.427,0.28,106.36,0.27,128.93,0.29,29.16,0.32,121.0,0.71,29.16,0.68,121.0,0.72,106.36,0.73,128.93,0.01,0.01,2323.080275,1776204097000
1776204098.687,98.687,0.28,147.55,0.27,132.23,0.29,5.0,0.3,89.77,0.71,34.16,0.69,63.0,0.72,127.79,0.73,132.23,0.01,0.01,2323.080275,1776204097000
1776204098.924,98.924,0.28,146.02,0.27,132.23,0.29,5.0,0.3,89.77,0.71,5.0,0.7,89.77,0.72,146.02,0.73,132.23,0.01,0.01,2323.082485,1776204098000
1776204099.249,99.249,0.28,132.96,0.27,108.93,0.29,5.0,0.3,89.77,0.71,5.0,0.7,89.77,0.72,144.49,0.73,132.23,0.01,0.01,2323.082485,1776204098000
1776204099.976,99.976,0.28,131.5,0.27,108.93,0.29,5.0,0.3,89.77,0.71,5.0,0.7,89.77,0.72,131.5,0.73,108.93,0.01,0.01,2323.16637,1776204099000
1776204101.187,101.187,0.28,131.5,0.27,108.93,0.29,5.0,0.3,89.77,0.71,5.0,0.7,89.77,0.72,131.5,0.73,108.93,0.01,0.01,2323.28642,1776204100000
1776204102.625,102.625,0.28,131.5,0.27,108.93,0.29,5.0,0.3,89.77,0.71,5.0,0.7,89.77,0.72,131.5,0.73,108.93,0.01,0.01,2323.30285,1776204101000
1776204103.139,103.139,0.28,117.11,0.27,210.44,0.29,5.0,0.3,101.65,0.71,5.0,0.7,101.65,0.72,117.11,0.73,210.44,0.01,0.01,2323.3028,1776204102000
1776204104.177,104.177,0.28,112.11,0.27,210.44,0.29,8.22,0.3,63.0,0.71,5.0,0.7,101.65,0.72,117.11,0.73,210.44,0.01,0.01,2323.3028,1776204102000
1776204105.22,105.22,0.28,100.58,0.27,192.14,0.29,8.22,0.3,68.0,0.71,8.22,0.7,63.0,0.72,112.11,0.73,210.44,0.01,0.01,2323.21451,1776204103000
1776204105.595,105.595,0.28,95.36,0.27,192.14,0.29,8.22,0.3,78.0,0.71,8.22,0.7,68.0,0.72,99.05,0.73,192.14,0.01,0.01,2323.231073,1776204104000
1776204106.373,106.373,0.28,95.36,0.27,192.14,0.29,8.22,0.3,78.0,0.71,8.22,0.7,78.0,0.72,95.36,0.73,192.14,0.01,0.01,2323.231073,1776204105000
1776204106.877,106.877,0.28,95.36,0.27,192.14,0.29,8.22,0.3,78.0,0.71,8.22,0.7,78.0,0.72,95.36,0.73,192.14,0.01,0.01,2323.330046,1776204106000
1776204108.038,108.038,0.28,95.36,0.27,192.14,0.29,8.22,0.3,78.0,0.71,8.22,0.7,78.0,0.72,95.36,0.73,192.14,0.01,0.01,2323.232361,1776204107000
1776204109.162,109.162,0.28,95.36,0.27,192.14,0.29,8.22,0.3,78.0,0.71,8.22,0.7,78.0,0.72,95.36,0.73,192.14,0.01,0.01,2323.229967,1776204108000
1776204109.771,109.771,0.28,58.97,0.27,176.93,0.29,34.72,0.3,78.0,0.71,8.22,0.7,78.0,0.72,95.36,0.73,192.14,0.01,0.01,2323.229967,1776204108000
1776204110.228,110.228,0.28,58.97,0.27,176.93,0.32,62.62,0.33,33.24,0.71,34.72,0.7,78.0,0.72,58.97,0.73,176.93,0.04,0.01,2323.229967,1776204108000
1776204111.368,111.368,0.32,180.5,0.31,129.5,0.35,1.42,0.4,40.25,0.68,62.62,0.67,33.24,0.72,58.97,0.73,176.93,0.03,0.04,2323.224556,1776204109000
1776204111.613,111.613,0.4,3.5,0.39,25.0,0.42,95.19,0.43,10.0,0.6,25.25,0.58,68.95,0.61,10.0,0.62,10.0,0.02,0.01,2323.211693,1776204110000
1776204111.873,111.873,0.4,3.5,0.39,25.0,0.41,25.0,0.42,125.19,0.59,25.0,0.58,125.19,0.6,3.5,0.61,25.0,0.01,0.01,2323.20662,1776204111000
1776204112.095,112.095,0.4,1.66,0.39,20.0,0.41,18.28,0.42,100.19,0.59,18.28,0.58,100.19,0.6,3.5,0.61,20.0,0.01,0.01,2323.20662,1776204111000
1776204112.374,112.374,0.39,214.0,0.38,25.5,0.4,6.73,0.42,68.95,0.59,9.0,0.58,89.69,0.61,7.85,0.62,20.5,0.01,0.02,2323.20662,1776204111000
1776204113.03,113.03,0.39,214.0,0.38,25.5,0.42,68.95,0.43,58.0,0.58,68.95,0.57,58.0,0.61,214.0,0.62,25.5,0.03,0.03,2323.345244,1776204112000
1776204113.279,113.279,0.41,178.8,0.4,184.46,0.42,73.95,0.43,63.0,0.58,68.95,0.57,58.0,0.61,214.0,0.62,25.5,0.01,0.03,2323.345244,1776204112000
1776204113.767,113.767,0.41,235.8,0.4,184.46,0.42,38.89,0.43,63.0,0.58,47.47,0.57,63.0,0.59,178.8,0.6,184.46,0.01,0.01,2323.345244,1776204112000
1776204114.056,114.056,0.41,225.29,0.4,189.46,0.42,38.89,0.43,63.0,0.58,38.89,0.57,63.0,0.59,225.29,0.6,189.46,0.01,0.01,2323.917646,1776204113000
1776204115.202,115.202,0.41,216.86,0.4,189.46,0.42,28.89,0.43,63.0,0.58,28.89,0.57,63.0,0.59,216.86,0.6,189.46,0.01,0.01,2324.031045,1776204114000
1776204115.432,115.432,0.41,197.06,0.4,189.46,0.42,21.74,0.43,63.0,0.58,28.89,0.57,63.0,0.59,216.86,0.6,189.46,0.01,0.01,2324.031045,1776204114000
1776204116.91,116.91,0.41,197.06,0.4,189.46,0.42,21.74,0.43,63.0,0.58,21.74,0.57,63.0,0.59,197.06,0.6,189.46,0.01,0.01,2324.272007,1776204115000
1776204117.422,117.422,0.41,197.06,0.4,189.46,0.42,21.74,0.43,63.0,0.58,21.74,0.57,63.0,0.59,197.06,0.6,189.46,0.01,0.01,2324.245867,1776204116000
1776204117.723,117.723,0.41,148.49,0.4,174.46,0.42,26.84,0.43,63.0,0.58,21.74,0.57,63.0,0.59,197.06,0.6,189.46,0.01,0.01,2324.245867,1776204116000
1776204117.979,117.979,0.41,148.49,0.4,174.46,0.42,26.84,0.43,63.0,0.58,26.84,0.57,63.0,0.59,148.49,0.6,174.46,0.01,0.01,2324.106365,1776204117000
1776204118.944,118.944,0.41,148.49,0.4,174.46,0.42,26.84,0.43,63.0,0.58,26.84,0.57,63.0,0.59,148.49,0.6,174.46,0.01,0.01,2324.066774,1776204118000
1776204119.93,119.93,0.41,148.49,0.4,174.46,0.42,26.84,0.43,63.0,0.58,26.84,0.57,63.0,0.59,148.49,0.6,174.46,0.01,0.01,2324.056588,1776204119000
1776204120.188,120.188,0.41,20.6,0.4,67.96,0.42,125.34,0.43,25.5,0.58,26.84,0.57,63.0,0.59,148.49,0.6,174.46,0.01,0.01,2324.056588,1776204119000
1776204120.405,120.405,0.41,1.41,0.4,57.96,0.42,157.08,0.43,43.5,0.58,142.08,0.57,43.5,0.59,9.6,0.6,57.96,0.01,0.01,2324.056588,1776204119000
1776204120.917,120.917,0.37,8.44,0.36,75.0,0.38,125.31,0.39,50.5,0.61,40.5,0.6,20.5,0.63,8.44,0.64,75.0,0.01,0.02,2324.056588,1776204119000
1776204121.907,121.907,0.37,8.44,0.36,75.0,0.38,125.31,0.39,50.5,0.62,125.31,0.61,50.5,0.63,8.44,0.64,75.0,0.01,0.01,2324.057203,1776204121000
1776204122.567,122.567,0.36,30.5,0.35,63.0,0.37,111.5,0.38,45.5,0.63,84.5,0.62,108.5,0.64,52.44,0.65,12.0,0.01,0.01,2324.057203,1776204121000
1776204122.958,122.958,0.36,30.5,0.35,63.0,0.37,111.5,0.38,45.5,0.63,111.5,0.62,45.5,0.64,30.5,0.65,63.0,0.01,0.01,2323.884603,1776204122000
1776204123.344,123.344,0.41,157.45,0.4,158.0,0.42,73.51,0.43,78.5,0.58,58.01,0.57,5.0,0.64,367.21,0.65,38.71,0.01,0.06,2323.884603,1776204122000
1776204123.853,123.853,0.41,173.26,0.4,100.0,0.42,73.51,0.43,78.5,0.58,73.51,0.57,78.5,0.59,173.26,0.6,100.0,0.01,0.01,2323.794473,1776204123000
1776204124.565,124.565,0.41,161.76,0.4,112.0,0.42,51.65,0.43,5.0,0.58,73.51,0.57,78.5,0.59,173.26,0.6,100.0,0.01,0.01,2323.794473,1776204123000
1776204124.899,124.899,0.41,111.04,0.4,112.0,0.42,51.65,0.43,5.0,0.58,51.65,0.57,5.0,0.59,111.04,0.6,112.0,0.01,0.01,2323.959459,1776204124000
1776204125.194,125.194,0.41,121.04,0.4,100.0,0.42,48.07,0.43,5.0,0.58,51.65,0.57,5.0,0.59,111.04,0.6,112.0,0.01,0.01,2323.959459,1776204124000
1776204125.92,125.92,0.41,121.04,0.4,100.0,0.42,48.07,0.43,5.0,0.58,48.07,0.57,5.0,0.59,121.04,0.6,100.0,0.01,0.01,2324.046499,1776204125000
1776204127.019,127.019,0.41,121.04,0.4,100.0,0.42,48.07,0.43,5.0,0.58,48.07,0.57,5.0,0.59,121.04,0.6,100.0,0.01,0.01,2324.057382,1776204126000
1776204127.274,127.274,0.36,65.16,0.35,37.0,0.37,96.5,0.38,99.5,0.58,48.07,0.57,5.0,0.59,121.04,0.6,100.0,0.01,0.01,2324.057382,1776204126000
1776204127.791,127.791,0.36,77.58,0.35,81.0,0.37,109.39,0.38,46.5,0.63,112.5,0.62,41.5,0.64,72.58,0.65,37.0,0.01,0.01,2324.057382,1776204126000
1776204128.982,128.982,0.36,77.58,0.35,81.0,0.37,105.33,0.38,46.5,0.63,105.33,0.62,46.5,0.64,77.58,0.65,81.0,0.01,0.01,2324.062286,1776204128000
1776204129.195,129.195,0.36,75.23,0.35,76.0,0.37,105.33,0.38,51.5,0.63,105.33,0.62,46.5,0.64,77.58,0.65,81.0,0.01,0.01,2324.062286,1776204128000
1776204130.236,130.236,0.36,72.88,0.35,76.0,0.37,105.33,0.38,51.5,0.63,105.33,0.62,51.5,0.64,72.88,0.65,76.0,0.01,0.01,2323.903684,1776204129000
1776204130.605,130.605,0.36,168.38,0.35,45.49,0.37,14.77,0.38,25.0,0.63,105.33,0.62,51.5,0.64,72.88,0.65,76.0,0.01,0.01,2323.903684,1776204129000
1776204131.73,131.73,0.37,39.23,0.36,168.38,0.38,25.0,0.39,41.5,0.63,14.77,0.62,25.0,0.64,168.38,0.65,45.49,0.01,0.01,2323.903684,1776204129000
1776204132.091,132.091,0.37,39.23,0.36,168.38,0.38,25.0,0.39,41.5,0.62,25.0,0.61,41.5,0.63,39.23,0.64,168.38,0.01,0.01,2323.919453,1776204131000
1776204133.517,133.517,0.37,39.23,0.36,168.38,0.38,25.0,0.39,41.5,0.62,25.0,0.61,41.5,0.63,39.23,0.64,168.38,0.01,0.01,2323.933807,1776204132000
1776204134.249,134.249,0.37,39.23,0.36,168.38,0.38,25.0,0.39,41.5,0.62,25.0,0.61,41.5,0.63,39.23,0.64,168.38,0.01,0.01,2323.931119,1776204133000
1776204135.8,135.8,0.37,39.23,0.36,168.38,0.38,25.0,0.39,41.5,0.62,25.0,0.61,41.5,0.63,39.23,0.64,168.38,0.01,0.01,2323.92438,1776204134000
1776204136.431,136.431,0.37,39.23,0.36,168.38,0.38,25.0,0.39,41.5,0.62,25.0,0.61,41.5,0.63,39.23,0.64,168.38,0.01,0.01,2323.92363,1776204135000
1776204137.109,137.109,0.37,39.23,0.36,168.38,0.38,25.0,0.39,41.5,0.62,25.0,0.61,41.5,0.63,39.23,0.64,168.38,0.01,0.01,2323.923852,1776204136000
1776204138.349,138.349,0.37,39.23,0.36,168.38,0.38,25.0,0.39,41.5,0.62,25.0,0.61,41.5,0.63,39.23,0.64,168.38,0.01,0.01,2323.923959,1776204137000
1776204138.924,138.924,0.37,39.23,0.36,168.38,0.38,25.0,0.39,41.5,0.62,25.0,0.61,41.5,0.63,39.23,0.64,168.38,0.01,0.01,2323.922673,1776204138000
1776204139.578,139.578,0.4,60.0,0.39,31.0,0.41,68.5,0.42,70.82,0.62,25.0,0.61,41.5,0.63,39.23,0.64,168.38,0.01,0.01,2323.922673,1776204138000
1776204140.218,140.218,0.4,74.5,0.39,31.0,0.41,73.5,0.42,75.82,0.59,68.5,0.58,70.82,0.6,60.0,0.61,31.0,0.01,0.01,2323.922673,1776204138000
1776204141.053,141.053,0.4,74.5,0.39,31.0,0.41,73.5,0.42,75.82,0.59,73.5,0.58,75.82,0.6,74.5,0.61,31.0,0.01,0.01,2323.916183,1776204140000
1776204142.404,142.404,0.4,19.83,0.39,48.5,0.41,73.0,0.42,68.57,0.59,73.0,0.58,68.57,0.6,19.83,0.61,48.5,0.01,0.01,2323.956455,1776204141000
1776204142.984,142.984,0.4,19.83,0.39,109.5,0.42,75.57,0.43,94.75,0.59,73.0,0.58,68.57,0.6,19.83,0.61,48.5,0.02,0.01,2323.956455,1776204141000
1776204144.247,144.247,0.4,19.83,0.39,109.5,0.42,75.57,0.43,94.75,0.58,75.57,0.57,94.75,0.6,19.83,0.61,109.5,0.02,0.02,2323.969737,1776204143000
1776204144.472,144.472,0.41,5.0,0.4,19.83,0.42,143.57,0.43,49.49,0.58,75.57,0.57,94.75,0.6,19.83,0.61,109.5,0.01,0.02,2323.969737,1776204143000
1776204145.42,145.42,0.41,10.0,0.4,88.33,0.42,77.67,0.43,99.75,0.58,143.57,0.57,49.49,0.59,5.0,0.6,19.83,0.01,0.01,2323.969737,1776204143000
1776204146.158,146.158,0.41,10.0,0.4,88.33,0.42,77.67,0.43,99.75,0.58,77.67,0.57,99.75,0.59,10.0,0.6,88.33,0.01,0.01,2323.979261,1776204145000
1776204147.147,147.147,0.41,10.0,0.4,67.83,0.42,67.67,0.43,101.49,0.58,77.67,0.57,99.75,0.59,10.0,0.6,88.33,0.01,0.01,2323.979261,1776204145000
1776204147.972,147.972,0.41,10.0,0.4,67.83,0.42,67.67,0.43,101.49,0.58,67.67,0.57,101.49,0.59,10.0,0.6,67.83,0.01,0.01,2323.991123,1776204146000
1776204148.514,148.514,0.41,10.0,0.4,67.83,0.42,67.67,0.43,101.49,0.58,67.67,0.57,101.49,0.59,10.0,0.6,67.83,0.01,0.01,2323.989823,1776204147000
1776204149.023,149.023,0.41,10.0,0.4,67.83,0.42,67.67,0.43,101.49,0.58,67.67,0.57,101.49,0.59,10.0,0.6,67.83,0.01,0.01,2323.984754,1776204148000
1776204149.611,149.611,0.41,420.86,0.4,56.96,0.42,0.59,0.44,5.0,0.58,67.67,0.57,101.49,0.59,10.0,0.6,67.83,0.01,0.01,2323.984754,1776204148000
1776204150.079,150.079,0.46,401.36,0.45,41.5,0.59,42.03,0.6,34.0,0.53,9.43,0.52,18.74,0.59,455.49,0.6,56.96,0.13,0.06,2323.984754,1776204148000
1776204150.373,150.373,0.58,5.0,0.57,25.0,0.59,42.03,0.6,18.0,0.41,42.03,0.4,34.0,0.54,401.36,0.55,41.5,0.01,0.13,2324.003349,1776204149000
1776204150.823,150.823,0.56,8.59,0.55,10.0,0.58,100.54,0.59,120.53,0.41,105.03,0.4,18.0,0.42,10.0,0.43,25.0,0.02,0.01,2324.003349,1776204149000
1776204151.062,151.062,0.56,7.72,0.55,10.0,0.57,25.0,0.58,95.54,0.43,10.0,0.42,100.54,0.45,10.0,0.46,10.0,0.01,0.02,2324.003349,1776204149000
1776204151.385,151.385,0.55,15.0,0.54,15.0,0.57,35.5,0.58,153.54,0.43,10.0,0.42,153.54,0.44,5.0,0.45,15.0,0.02,0.01,2324.003566,1776204150000
1776204151.623,151.623,0.56,5.0,0.55,4.33,0.57,40.5,0.58,153.54,0.43,30.5,0.42,153.54,0.45,4.33,0.46,15.0,0.01,0.02,2324.003566,1776204150000
1776204151.917,151.917,0.54,1.0,0.53,15.0,0.55,33.02,0.56,97.17,0.43,40.5,0.42,153.54,0.44,5.0,0.45,4.33,0.01,0.01,2324.003566,1776204150000
1776204152.239,152.239,0.54,1.0,0.53,15.0,0.55,33.02,0.56,97.17,0.45,33.02,0.44,97.17,0.46,1.0,0.47,15.0,0.01,0.01,2324.430545,1776204151000
1776204153.219,153.219,0.54,1.0,0.53,15.0,0.55,33.02,0.56,97.17,0.45,33.02,0.44,97.17,0.46,1.0,0.47,15.0,0.01,0.01,2324.512798,1776204152000
1776204153.932,153.932,0.54,132.03,0.53,20.5,0.55,38.12,0.56,109.7,0.45,43.02,0.44,167.7,0.46,16.1,0.47,10.0,0.01,0.01,2324.512798,1776204152000
1776204154.187,154.187,0.54,132.03,0.53,20.5,0.55,38.12,0.56,109.7,0.45,38.12,0.44,109.7,0.46,132.03,0.47,20.5,0.01,0.01,2324.532405,1776204153000
1776204154.552,154.552,0.54,187.03,0.53,20.5,0.55,35.78,0.56,109.7,0.45,38.12,0.44,109.7,0.46,132.03,0.47,20.5,0.01,0.01,2324.532405,1776204153000
1776204155.31,155.31,0.54,187.03,0.53,20.5,0.55,28.67,0.56,99.7,0.45,28.67,0.44,99.7,0.46,187.03,0.47,20.5,0.01,0.01,2324.576045,1776204154000
1776204156.059,156.059,0.54,263.49,0.53,20.5,0.55,11.57,0.56,88.91,0.45,11.57,0.44,88.91,0.46,234.03,0.47,20.5,0.01,0.01,2324.576045,1776204154000
1776204156.352,156.352,0.54,263.49,0.53,20.5,0.55,11.57,0.56,88.91,0.45,11.57,0.44,88.91,0.46,263.49,0.47,20.5,0.01,0.01,2324.583005,1776204155000
1776204157.087,157.087,0.54,217.99,0.53,20.5,0.56,15.16,0.57,10.5,0.45,11.57,0.44,88.91,0.46,263.49,0.47,20.5,0.02,0.01,2324.583005,1776204155000
1776204157.418,157.418,0.57,202.0,0.56,25.5,0.58,62.5,0.59,69.52,0.44,15.66,0.43,10.5,0.45,16.0,0.46,166.99,0.01,0.01,2324.583005,1776204155000
1776204157.936,157.936,0.57,202.0,0.56,25.5,0.58,62.5,0.59,69.52,0.42,62.5,0.41,69.52,0.43,202.0,0.44,25.5,0.01,0.01,2324.683318,1776204157000
1776204158.268,158.268,0.57,196.88,0.56,25.5,0.58,60.61,0.59,58.78,0.42,62.5,0.41,58.78,0.43,196.88,0.44,25.5,0.01,0.01,2324.683318,1776204157000
1776204158.808,158.808,0.57,184.59,0.56,25.5,0.58,65.61,0.59,58.78,0.42,65.61,0.41,58.78,0.43,191.76,0.44,25.5,0.01,0.01,2324.683318,1776204157000
1776204159.428,159.428,0.57,175.5,0.56,25.5,0.58,7.89,0.59,111.28,0.42,65.61,0.41,58.78,0.43,175.38,0.44,25.5,0.01,0.01,2324.638281,1776204158000
1776204159.756,159.756,0.57,160.5,0.56,25.5,0.59,108.09,0.6,34.24,0.42,7.89,0.41,111.28,0.43,175.5,0.44,25.5,0.02,0.01,2324.638281,1776204158000
1776204159.964,159.964,0.57,160.5,0.56,25.5,0.59,108.09,0.6,34.24,0.41,108.09,0.4,34.24,0.43,160.5,0.44,25.5,0.02,0.02,2324.71542,1776204159000
1776204160.776,160.776,0.53,6.48,0.52,16.0,0.56,10.0,0.57,10.0,0.41,110.44,0.4,45.5,0.42,10.0,0.43,160.5,0.03,0.01,2324.71542,1776204159000
1776204161.378,161.378,0.52,20.0,0.49,87.0,0.53,1.38,0.54,26.76,0.44,10.0,0.43,10.0,0.47,6.48,0.48,16.0,0.01,0.03,2324.71542,1776204159000
1776204162.047,162.047,0.49,83.35,0.48,21.36,0.53,1.38,0.54,32.49,0.47,1.38,0.46,32.49,0.51,83.35,0.52,21.36,0.04,0.04,2324.770427,1776204161000
1776204163.114,163.114,0.49,83.35,0.48,21.36,0.53,1.38,0.54,32.49,0.47,1.38,0.46,32.49,0.51,83.35,0.52,21.36,0.04,0.04,2324.60995,1776204162000
1776204163.471,163.471,0.49,26.35,0.47,5.0,0.5,25.0,0.51,36.5,0.47,1.38,0.46,32.49,0.51,83.35,0.52,21.36,0.01,0.04,2324.60995,1776204162000
1776204164.23,164.23,0.46,152.0,0.45,49.36,0.5,35.0,0.51,30.5,0.5,35.0,0.49,30.5,0.54,152.0,0.55,49.36,0.04,0.04,2324.556702,1776204163000
1776204164.995,164.995,0.46,156.64,0.45,32.5,0.47,25.0,0.48,25.0,0.5,35.0,0.49,30.5,0.54,152.0,0.55,49.36,0.01,0.04,2324.556702,1776204163000
1776204165.334,165.334,0.46,156.64,0.45,32.5,0.47,25.0,0.48,25.0,0.53,25.0,0.52,25.0,0.54,156.64,0.55,32.5,0.01,0.01,2324.570918,1776204164000
1776204165.9,165.9,0.46,156.64,0.45,32.5,0.47,25.0,0.48,25.0,0.53,25.0,0.52,25.0,0.54,156.64,0.55,32.5,0.01,0.01,2324.466145,1776204165000
1776204166.121,166.121,0.46,186.64,0.45,53.86,0.47,15.0,0.48,15.0,0.53,25.0,0.52,25.0,0.54,156.64,0.55,32.5,0.01,0.01,2324.466145,1776204165000
1776204166.972,166.972,0.46,186.64,0.45,53.86,0.47,15.0,0.48,15.0,0.53,15.0,0.52,15.0,0.54,186.64,0.55,53.86,0.01,0.01,2324.560019,1776204166000
1776204168.084,168.084,0.46,186.64,0.45,53.86,0.47,15.0,0.48,15.0,0.53,15.0,0.52,15.0,0.54,186.64,0.55,53.86,0.01,0.01,2324.476019,1776204167000
1776204169.198,169.198,0.46,186.64,0.45,53.86,0.47,15.0,0.48,15.0,0.53,15.0,0.52,15.0,0.54,186.64,0.55,53.86,0.01,0.01,2324.488863,1776204168000
1776204170.331,170.331,0.46,186.64,0.45,53.86,0.47,15.0,0.48,15.0,0.53,15.0,0.52,15.0,0.54,186.64,0.55,53.86,0.01,0.01,2324.624046,1776204169000
1776204170.6,170.6,0.5,12.86,0.49,30.5,0.51,88.5,0.52,68.06,0.53,15.0,0.52,15.0,0.54,186.64,0.55,53.86,0.01,0.01,2324.624046,1776204169000
1776204170.89,170.89,0.5,12.86,0.49,30.5,0.51,88.5,0.52,68.06,0.49,88.5,0.48,68.06,0.5,12.86,0.51,30.5,0.01,0.01,2324.484371,1776204170000
1776204171.189,171.189,0.5,37.0,0.49,30.5,0.51,80.55,0.52,68.06,0.49,88.5,0.48,68.06,0.5,12.86,0.51,30.5,0.01,0.01,2324.484371,1776204170000
1776204171.969,171.969,0.5,37.0,0.49,30.5,0.51,80.55,0.52,68.06,0.49,80.55,0.48,68.06,0.5,37.0,0.51,30.5,0.01,0.01,2324.494028,1776204171000
1776204172.724,172.724,0.44,7.0,0.41,5.0,0.51,5.0,0.52,47.56,0.49,80.55,0.48,68.06,0.5,37.0,0.51,30.5,0.07,0.01,2324.494028,1776204171000
1776204172.967,172.967,0.43,71.18,0.42,5.0,0.51,96.0,0.52,47.56,0.48,47.56,0.44,55.0,0.57,56.93,0.59,5.0,0.08,0.09,2324.494028,1776204171000
1776204173.233,173.233,0.48,10.0,0.47,5.0,0.51,129.5,0.52,42.56,0.49,121.5,0.48,42.56,0.53,5.0,0.57,26.36,0.03,0.04,2324.514394,1776204172000
1776204173.536,173.536,0.42,14.0,0.41,5.0,0.43,36.89,0.44,80.0,0.59,40.0,0.57,17.01,0.6,4.83,0.61,15.0,0.01,0.01,2324.514394,1776204172000
1776204173.768,173.768,0.42,9.13,0.41,12.63,0.43,22.44,0.44,85.0,0.57,27.44,0.56,85.0,0.58,13.39,0.59,12.63,0.01,0.01,2324.514394,1776204172000
1776204174.076,174.076,0.39,20.0,0.37,39.23,0.41,20.0,0.42,10.0,0.57,11.33,0.56,85.0,0.6,16.46,0.61,15.0,0.02,0.03,2324.514394,1776204172000
1776204174.635,174.635,0.36,3.03,0.33,91.3,0.37,10.0,0.38,10.0,0.62,10.0,0.61,10.0,0.64,42.96,0.67,91.3,0.01,0.02,2324.368148,1776204173000
1776204174.969,174.969,0.36,8.03,0.33,91.3,0.37,5.0,0.38,10.0,0.63,10.0,0.62,10.0,0.64,3.03,0.67,91.3,0.01,0.01,2324.368148,1776204173000
1776204175.421,175.421,0.33,16.3,0.32,5.0,0.37,48.0,0.38,10.0,0.63,5.0,0.62,10.0,0.64,8.03,0.67,91.3,0.04,0.01,2324.368148,1776204173000
1776204175.708,175.708,0.33,16.3,0.32,5.0,0.37,48.0,0.38,10.0,0.63,48.0,0.62,10.0,0.67,16.3,0.68,5.0,0.04,0.04,2323.97908,1776204174000
1776204176.395,176.395,0.35,79.75,0.32,5.0,0.36,10.0,0.37,5.0,0.64,10.0,0.63,5.0,0.65,79.75,0.68,5.0,0.01,0.01,2323.97908,1776204175000
1776204176.632,176.632,0.35,90.25,0.34,10.5,0.37,5.0,0.38,21.0,0.64,10.0,0.63,5.0,0.65,79.75,0.68,5.0,0.02,0.01,2323.97908,1776204175000
1776204176.955,176.955,0.35,85.25,0.34,21.13,0.36,10.0,0.37,5.0,0.63,5.0,0.62,21.0,0.65,90.25,0.66,10.5,0.01,0.02,2323.97908,1776204175000
1776204177.993,177.993,0.35,85.59,0.34,80.5,0.36,10.0,0.37,5.0,0.64,10.0,0.63,5.0,0.65,78.03,0.66,21.13,0.01,0.01,2323.863822,1776204176000
1776204178.452,178.452,0.35,85.59,0.34,80.5,0.36,10.0,0.37,5.0,0.64,10.0,0.63,5.0,0.65,85.59,0.66,80.5,0.01,0.01,2323.883077,1776204177000
1776204178.96,178.96,0.31,5.4,0.27,5.0,0.36,120.0,0.37,5.0,0.64,10.0,0.63,5.0,0.65,85.59,0.66,80.5,0.05,0.01,2323.883077,1776204177000
1776204179.17,179.17,0.24,8.0,0.2,15.0,0.36,133.0,0.37,5.0,0.64,125.0,0.63,5.0,0.73,0.4,0.75,5.0,0.12,0.09,2323.883077,1776204177000
1776204179.418,179.418,0.24,30.0,0.22,10.0,0.34,10.35,0.35,40.0,0.75,10.0,0.64,160.0,0.86,17.34,0.87,31.8,0.1,0.11,2323.901448,1776204178000
1776204179.679,179.679,0.24,22.89,0.22,10.0,0.25,5.0,0.31,25.0,0.66,10.35,0.65,40.0,0.76,30.0,0.78,10.0,0.01,0.1,2323.901448,1776204178000
1776204179.882,179.882,0.24,22.89,0.22,5.0,0.26,49.03,0.31,25.0,0.74,49.03,0.69,25.0,0.76,22.89,0.78,10.0,0.02,0.02,2323.901448,1776204178000
1776204180.426,180.426,0.3,0.63,0.26,50.0,0.33,25.0,0.35,44.58,0.65,44.58,0.64,93.0,0.75,10.93,0.76,51.64,0.03,0.1,2323.901448,1776204178000
1776204180.724,180.724,0.28,4.97,0.26,50.0,0.33,25.0,0.34,10.0,0.67,25.0,0.66,10.0,0.72,4.97,0.74,50.0,0.05,0.05,2323.363933,1776204179000
1776204180.957,180.957,0.3,1.34,0.25,25.0,0.33,20.0,0.34,42.0,0.67,20.0,0.66,15.0,0.69,23.98,0.7,6.49,0.03,0.02,2323.363933,1776204179000
1776204181.375,181.375,0.26,50.0,0.24,5.0,0.31,8.69,0.32,10.0,0.69,8.69,0.68,10.0,0.74,50.0,0.76,5.0,0.05,0.05,2323.272919,1776204180000
1776204181.578,181.578,0.27,7.0,0.25,15.0,0.29,37.0,0.31,57.01,0.69,29.01,0.68,10.0,0.76,5.0,0.78,5.0,0.02,0.07,2323.272919,1776204180000
1776204181.806,181.806,0.19,4.68,0.16,50.0,0.22,10.0,0.23,10.0,0.75,10.0,0.74,37.0,0.79,7.38,0.81,5.0,0.03,0.04,2323.272919,1776204180000
1776204182.098,182.098,0.16,16.31,0.14,58.34,0.18,1.11,0.19,10.0,0.83,10.0,0.82,10.0,0.84,40.5,0.85,5.0,0.02,0.01,2323.272919,1776204180000
1776204182.61,182.61,0.16,54.31,0.14,58.34,0.18,6.11,0.19,17.0,0.82,1.11,0.81,10.0,0.84,16.31,0.86,58.34,0.02,0.02,2323.355839,1776204181000
1776204182.853,182.853,0.16,16.31,0.15,10.5,0.18,10.0,0.19,14.36,0.81,14.36,0.8,10.0,0.84,16.31,0.85,10.5,0.02,0.03,2323.355839,1776204181000
1776204183.28,183.28,0.15,12.28,0.14,58.34,0.17,14.41,0.18,10.0,0.82,10.0,0.81,14.36,0.85,2.28,0.86,58.34,0.02,0.03,2323.355839,1776204181000
1776204183.884,183.884,0.14,12.34,0.13,31.8,0.16,73.0,0.17,6.41,0.83,6.41,0.82,10.0,0.85,12.28,0.86,58.34,0.02,0.02,2323.226029,1776204182000
1776204184.169,184.169,0.15,28.1,0.13,31.8,0.16,101.0,0.17,6.41,0.84,87.0,0.83,6.41,0.87,31.8,0.88,39.19,0.01,0.03,2323.182207,1776204183000
1776204184.404,184.404,0.15,5.68,0.14,20.0,0.16,24.0,0.17,6.41,0.84,24.0,0.83,6.41,0.85,25.68,0.86,38.0,0.01,0.01,2323.182207,1776204183000
1776204184.787,184.787,0.15,26.68,0.13,31.8,0.16,31.0,0.17,6.41,0.84,24.0,0.83,6.41,0.85,5.68,0.86,20.0,0.01,0.01,2323.182207,1776204183000
1776204185.206,185.206,0.15,26.68,0.13,31.8,0.16,22.87,0.17,6.41,0.84,31.0,0.83,6.41,0.85,26.68,0.87,31.8,0.01,0.01,2323.182207,1776204183000
1776204185.595,185.595,0.15,9.68,0.14,7.21,0.16,55.0,0.17,6.41,0.84,22.87,0.83,6.41,0.85,26.68,0.87,31.8,0.01,0.01,2322.93175,1776204184000
1776204186.084,186.084,0.14,7.21,0.13,31.8,0.16,65.62,0.17,11.41,0.84,45.62,0.83,6.41,0.85,4.68,0.86,7.21,0.02,0.01,2322.93175,1776204184000
1776204186.591,186.591,0.14,7.21,0.13,31.8,0.16,65.62,0.17,11.41,0.84,65.62,0.83,11.41,0.86,7.21,0.87,31.8,0.02,0.02,2322.612963,1776204185000
1776204187.077,187.077,0.13,31.8,0.12,39.19,0.14,16.0,0.15,15.0,0.84,65.62,0.83,11.41,0.86,7.21,0.87,31.8,0.01,0.02,2322.612963,1776204185000
1776204187.349,187.349,0.13,11.63,0.12,49.19,0.14,13.0,0.15,15.0,0.86,13.0,0.85,15.0,0.87,16.86,0.88,39.19,0.01,0.01,2322.570114,1776204186000
1776204187.615,187.615,0.13,23.04,0.12,49.19,0.14,3.0,0.15,10.0,0.86,3.0,0.85,10.0,0.87,47.07,0.88,49.19,0.01,0.01,2322.570114,1776204186000
1776204187.909,187.909,0.14,72.0,0.13,17.76,0.16,44.42,0.17,106.41,0.85,6.8,0.84,49.62,0.87,63.04,0.88,49.19,0.02,0.02,2322.570114,1776204186000
1776204188.265,188.265,0.15,78.0,0.14,24.0,0.16,21.48,0.17,106.41,0.84,32.42,0.83,106.41,0.86,72.0,0.87,17.76,0.01,0.02,2322.570114,1776204186000
1776204188.674,188.674,0.15,73.0,0.14,24.0,0.16,19.46,0.17,6.41,0.84,21.48,0.83,6.41,0.85,66.68,0.86,24.0,0.01,0.01,2322.570114,1776204186000
1776204189.181,189.181,0.15,70.64,0.14,24.0,0.17,1.87,0.18,10.0,0.83,1.87,0.82,10.0,0.85,47.0,0.86,24.0,0.02,0.02,2322.483475,1776204187000
1776204189.578,189.578,0.15,125.64,0.14,24.0,0.19,7.95,0.2,110.0,0.83,1.87,0.82,10.0,0.85,70.64,0.86,24.0,0.04,0.02,2322.454918,1776204188000
1776204190.135,190.135,0.16,10.0,0.15,104.64,0.18,1.64,0.19,22.95,0.82,1.64,0.81,22.95,0.84,10.0,0.85,104.64,0.02,0.02,2322.55529,1776204189000
1776204190.384,190.384,0.17,73.0,0.16,10.0,0.19,9.24,0.2,110.0,0.82,1.64,0.81,22.95,0.84,10.0,0.85,104.64,0.02,0.02,2322.55529,1776204189000
1776204190.6,190.6,0.17,71.35,0.16,10.0,0.19,4.24,0.2,10.0,0.81,9.24,0.8,110.0,0.83,73.0,0.84,10.0,0.02,0.02,2322.55529,1776204189000
1776204190.916,190.916,0.17,40.57,0.16,10.0,0.19,4.24,0.2,107.87,0.81,4.24,0.8,10.0,0.83,71.35,0.84,10.0,0.02,0.02,2322.55529,1776204189000
1776204191.275,191.275,0.17,40.57,0.16,10.0,0.2,97.64,0.21,60.0,0.81,4.24,0.8,107.87,0.83,40.57,0.84,10.0,0.03,0.02,2322.55529,1776204189000
1776204191.566,191.566,0.17,39.36,0.16,10.0,0.2,97.64,0.21,60.0,0.8,97.64,0.79,60.0,0.83,39.36,0.84,10.0,0.03,0.03,2322.71361,1776204190000
1776204192.33,192.33,0.18,45.65,0.17,10.0,0.19,10.0,0.2,107.64,0.81,10.0,0.8,107.64,0.82,45.65,0.83,10.0,0.01,0.01,2322.747392,1776204191000
1776204192.55,192.55,0.18,80.0,0.17,10.0,0.2,38.64,0.21,10.0,0.8,53.64,0.79,10.0,0.82,80.0,0.83,10.0,0.02,0.02,2322.747392,1776204191000
1776204192.771,192.771,0.18,8.65,0.17,103.88,0.2,36.5,0.21,21.02,0.8,36.5,0.79,16.02,0.82,10.5,0.83,103.88,0.02,0.02,2322.747392,1776204191000
1776204193.142,193.142,0.18,58.65,0.17,86.88,0.19,85.25,0.2,60.73,0.8,36.5,0.79,21.02,0.82,8.65,0.83,103.88,0.01,0.02,2322.747392,1776204191000
1776204193.606,193.606,0.18,96.55,0.17,22.94,0.19,95.25,0.2,60.73,0.81,95.25,0.8,60.73,0.82,43.55,0.83,76.38,0.01,0.01,2322.768156,1776204192000
1776204194.082,194.082,0.17,2.42,0.16,10.0,0.18,10.0,0.19,62.5,0.81,74.25,0.8,60.73,0.82,93.73,0.83,7.44,0.01,0.01,2322.768156,1776204192000
1776204194.284,194.284,0.16,2.71,0.15,10.0,0.17,16.91,0.19,62.5,0.83,16.91,0.81,62.5,0.84,2.81,0.85,10.0,0.01,0.01,2322.768156,1776204192000
1776204194.495,194.495,0.13,68.0,0.12,15.09,0.14,7.26,0.15,5.0,0.83,16.91,0.82,25.0,0.86,3.74,0.87,68.0,0.01,0.03,2322.891461,1776204193000
1776204194.742,194.742,0.13,59.02,0.12,25.59,0.14,7.26,0.15,5.0,0.86,7.26,0.85,5.0,0.87,65.46,0.88,15.09,0.01,0.01,2322.891461,1776204193000
1776204194.98,194.98,0.13,38.99,0.12,25.59,0.14,180.02,0.15,20.5,0.86,18.26,0.85,20.5,0.87,20.17,0.88,25.59,0.01,0.01,2322.891461,1776204193000
1776204195.226,195.226,0.13,10.0,0.12,25.59,0.14,177.52,0.15,25.5,0.86,185.02,0.85,20.5,0.87,30.31,0.88,25.59,0.01,0.01,2322.891461,1776204193000
1776204195.542,195.542,0.13,8.73,0.12,30.59,0.14,192.52,0.15,25.5,0.86,177.52,0.85,25.5,0.87,10.0,0.88,25.59,0.01,0.01,2322.923996,1776204194000
1776204195.898,195.898,0.13,7.44,0.12,30.59,0.14,221.89,0.15,25.5,0.86,201.32,0.85,25.5,0.87,8.73,0.88,30.59,0.01,0.01,2322.923996,1776204194000
1776204196.286,196.286,0.12,21.68,0.11,78.0,0.14,206.89,0.15,73.0,0.86,216.89,0.85,25.5,0.87,6.17,0.88,30.59,0.02,0.01,2322.923996,1776204194000
1776204196.559,196.559,0.13,134.4,0.12,94.68,0.14,15.37,0.16,5.0,0.86,35.37,0.84,5.0,0.87,129.4,0.88,113.68,0.01,0.01,2322.736065,1776204195000
1776204196.766,196.766,0.16,68.47,0.15,4.82,0.17,9.9,0.18,15.0,0.83,9.9,0.82,15.0,0.84,20.5,0.85,4.82,0.01,0.01,2322.736065,1776204195000
1776204197.316,197.316,0.16,71.08,0.15,4.82,0.17,131.17,0.18,20.0,0.83,9.9,0.82,15.0,0.84,68.47,0.85,4.82,0.01,0.01,2322.736065,1776204195000
1776204197.722,197.722,0.16,46.46,0.15,9.82,0.17,131.17,0.18,20.0,0.83,131.17,0.82,20.0,0.84,71.08,0.85,4.82,0.01,0.01,2322.585534,1776204196000
1776204198.315,198.315,0.16,46.46,0.15,9.82,0.17,131.17,0.18,20.0,0.83,131.17,0.82,20.0,0.84,46.46,0.85,9.82,0.01,0.01,2322.569376,1776204197000
1776204198.744,198.744,0.16,25.46,0.15,4.82,0.17,109.27,0.18,20.0,0.83,131.17,0.82,78.0,0.84,35.46,0.85,9.82,0.01,0.01,2322.569376,1776204197000
1776204199.233,199.233,0.16,27.31,0.15,21.82,0.17,93.27,0.18,20.0,0.83,93.27,0.82,15.0,0.84,25.46,0.85,4.82,0.01,0.01,2322.569376,1776204197000
1776204199.54,199.54,0.17,90.5,0.16,32.0,0.19,2.26,0.2,49.23,0.82,15.0,0.81,25.5,0.84,39.5,0.85,26.82,0.02,0.02,2322.813662,1776204198000
1776204199.745,199.745,0.19,40.5,0.18,20.5,0.2,76.23,0.21,15.0,0.8,33.23,0.79,15.0,0.81,24.05,0.82,20.5,0.01,0.01,2322.813662,1776204198000
1776204199.951,199.951,0.19,12.0,0.18,20.5,0.2,81.23,0.21,20.0,0.8,81.23,0.79,20.0,0.81,24.19,0.82,20.5,0.01,0.01,2322.813662,1776204198000
1776204200.185,200.185,0.19,30.01,0.18,20.13,0.2,86.23,0.21,142.46,0.8,81.23,0.79,142.46,0.81,10.37,0.82,10.5,0.01,0.01,2322.813662,1776204198000
1776204200.493,200.493,0.19,5.24,0.18,10.5,0.2,97.88,0.21,142.46,0.8,86.23,0.79,142.46,0.81,30.01,0.82,20.13,0.01,0.01,2322.861665,1776204199000
1776204200.842,200.842,0.16,4.29,0.15,9.82,0.2,168.38,0.21,142.46,0.8,113.38,0.79,142.46,0.81,2.68,0.82,10.5,0.04,0.01,2322.861665,1776204199000
1776204201.231,201.231,0.15,4.94,0.14,49.5,0.17,25.0,0.18,10.0,0.83,25.0,0.82,10.0,0.85,4.94,0.86,49.5,0.02,0.02,2323.01331,1776204200000
1776204202.168,202.168,0.15,4.94,0.14,49.5,0.17,25.0,0.18,10.0,0.83,25.0,0.82,10.0,0.85,4.94,0.86,49.5,0.02,0.02,2323.083415,1776204201000
1776204202.667,202.667,0.15,0.5,0.14,40.5,0.16,96.65,0.17,133.0,0.84,91.65,0.83,133.0,0.85,5.5,0.86,40.5,0.01,0.01,2323.083415,1776204201000
1776204203.158,203.158,0.15,0.5,0.14,40.5,0.16,96.65,0.17,133.0,0.84,96.65,0.83,133.0,0.85,0.5,0.86,40.5,0.01,0.01,2323.024943,1776204202000
1776204204.174,204.174,0.15,25.5,0.14,77.5,0.16,85.4,0.17,133.0,0.84,85.4,0.83,133.0,0.85,25.5,0.86,77.5,0.01,0.01,2322.950026,1776204203000
1776204204.858,204.858,0.15,0.5,0.14,35.5,0.16,136.65,0.17,75.0,0.84,85.4,0.83,133.0,0.85,25.5,0.86,77.5,0.01,0.01,2322.950026,1776204203000
1776204205.142,205.142,0.15,0.5,0.14,35.5,0.16,136.65,0.17,75.0,0.84,141.65,0.83,75.0,0.85,0.5,0.86,35.5,0.01,0.01,2323.0044,1776204204000
1776204205.528,205.528,0.12,22.49,0.11,15.0,0.14,21.0,0.15,98.5,0.84,141.65,0.83,75.0,0.85,0.5,0.86,35.5,0.02,0.01,2323.0044,1776204204000
1776204205.818,205.818,0.1,45.0,0.09,82.0,0.13,27.0,0.14,61.0,0.86,21.0,0.85,93.5,0.89,14.9,0.9,15.0,0.03,0.03,2323.0044,1776204204000
1776204206.145,206.145,0.1,10.0,0.09,10.0,0.11,16.0,0.12,246.8,0.88,94.5,0.87,56.31,0.89,13.57,0.9,33.0,0.01,0.01,2323.0044,1776204204000
1776204206.465,206.465,0.09,2.97,0.08,65.0,0.1,15.5,0.11,104.5,0.89,21.0,0.88,304.8,0.91,7.97,0.92,10.0,0.01,0.02,2323.0044,1776204204000
1776204206.683,206.683,0.08,2.97,0.07,16.0,0.1,41.5,0.11,119.5,0.9,15.5,0.89,104.5,0.91,2.97,0.92,65.0,0.02,0.01,2323.0044,1776204204000
1776204206.991,206.991,0.08,1.88,0.07,78.0,0.09,65.5,0.1,144.5,0.9,41.5,0.89,119.5,0.92,2.97,0.93,16.0,0.01,0.02,2323.0044,1776204204000
1776204207.215,207.215,0.08,1.88,0.07,16.0,0.09,91.55,0.1,144.5,0.91,91.55,0.9,144.5,0.92,1.88,0.93,16.0,0.01,0.01,2322.879711,1776204206000
1776204207.441,207.441,0.08,1.39,0.07,12.85,0.09,65.05,0.1,144.5,0.91,75.55,0.9,144.5,0.93,12.85,0.94,41.0,0.01,0.02,2322.879711,1776204206000
1776204207.666,207.666,0.07,4.72,0.06,41.0,0.09,75.55,0.1,134.5,0.91,65.05,0.9,144.5,0.92,1.39,0.93,12.85,0.02,0.01,2322.879711,1776204206000
1776204208.4,208.4,0.07,4.72,0.06,41.0,0.09,75.55,0.1,134.5,0.91,75.55,0.9,134.5,0.93,4.72,0.94,41.0,0.02,0.02,2322.403757,1776204207000
1776204208.981,208.981,0.07,4.72,0.06,41.0,0.09,75.55,0.1,134.5,0.91,75.55,0.9,134.5,0.93,4.72,0.94,41.0,0.02,0.02,2322.314535,1776204208000
1776204209.305,209.305,0.07,12.69,0.06,10.0,0.08,124.5,0.09,65.5,0.91,75.55,0.9,134.5,0.93,4.72,0.94,41.0,0.01,0.02,2322.314535,1776204208000
1776204210.162,210.162,0.06,7.0,0.05,25.0,0.08,124.5,0.09,65.5,0.92,124.5,0.91,65.5,0.94,7.0,0.95,25.0,0.02,0.02,2322.265698,1776204209000
1776204210.444,210.444,0.03,489.28,0.02,496.7,0.04,124.0,0.05,85.0,0.93,41.5,0.92,30.5,0.97,485.8,0.98,796.7,0.01,0.04,2322.265698,1776204209000
1776204210.697,210.697,0.03,482.44,0.02,496.7,0.04,138.6,0.05,80.0,0.96,124.0,0.95,85.0,0.97,489.28,0.98,496.7,0.01,0.01,2322.265698,1776204209000
1776204210.935,210.935,0.03,411.35,0.02,496.7,0.04,118.75,0.05,80.0,0.96,138.6,0.95,80.0,0.97,411.35,0.98,496.7,0.01,0.01,2322.265698,1776204209000
1776204211.38,211.38,0.03,411.35,0.02,496.7,0.04,117.55,0.05,80.0,0.96,117.55,0.95,80.0,0.97,411.35,0.98,496.7,0.01,0.01,2322.150264,1776204210000
1776204211.648,211.648,0.03,241.86,0.02,523.0,0.04,122.55,0.05,110.0,0.96,122.55,0.95,133.0,0.97,246.97,0.98,303.0,0.01,0.01,2322.150264,1776204210000
1776204211.879,211.879,0.03,241.86,0.02,716.7,0.04,91.55,0.05,110.0,0.96,91.55,0.95,110.0,0.97,241.86,0.98,716.7,0.01,0.01,2321.959926,1776204211000
1776204212.195,212.195,0.03,452.86,0.02,496.7,0.04,96.55,0.05,148.0,0.96,96.55,0.95,148.0,0.97,462.86,0.98,496.7,0.01,0.01,2321.959926,1776204211000
1776204212.776,212.776,0.03,452.86,0.02,496.7,0.05,90.0,0.06,40.0,0.96,96.55,0.95,148.0,0.97,452.86,0.98,496.7,0.02,0.01,2321.959926,1776204211000
1776204213.04,213.04,0.03,452.86,0.02,496.7,0.05,90.0,0.06,40.0,0.95,90.0,0.94,40.0,0.97,452.86,0.98,496.7,0.02,0.02,2321.615464,1776204212000
1776204213.408,213.408,0.04,4.0,0.03,395.66,0.05,4.6,0.06,40.0,0.95,4.6,0.94,40.0,0.97,391.86,0.98,2149.7,0.01,0.02,2321.615464,1776204212000
1776204213.887,213.887,0.04,150.34,0.03,395.66,0.05,19.6,0.06,78.0,0.95,4.6,0.94,40.0,0.96,2.44,0.97,402.86,0.01,0.01,2321.615464,1776204212000
1776204214.219,214.219,0.04,144.34,0.03,402.86,0.05,14.6,0.06,73.0,0.95,14.6,0.94,73.0,0.96,144.34,0.97,402.86,0.01,0.01,2321.620438,1776204213000
1776204214.574,214.574,0.04,384.34,0.03,377.56,0.05,6.6,0.06,10.0,0.95,14.6,0.94,73.0,0.96,144.34,0.97,402.86,0.01,0.01,2321.620438,1776204213000
1776204214.792,214.792,0.04,475.53,0.03,312.36,0.06,10.0,0.07,101.0,0.95,6.6,0.94,10.0,0.96,475.53,0.97,377.56,0.02,0.01,2321.620438,1776204213000
1776204215.263,215.263,0.05,147.92,0.04,345.24,0.06,111.5,0.07,48.0,0.94,10.0,0.93,101.0,0.96,475.53,0.97,312.36,0.01,0.02,2321.620438,1776204213000
1776204215.471,215.471,0.05,139.35,0.04,345.24,0.06,111.5,0.07,48.0,0.94,111.5,0.93,48.0,0.95,139.35,0.96,345.24,0.01,0.01,2321.702295,1776204214000
1776204215.916,215.916,0.04,480.6,0.03,319.56,0.06,116.5,0.07,48.0,0.94,111.5,0.93,48.0,0.95,139.35,0.96,345.24,0.02,0.01,2321.702295,1776204214000
1776204216.399,216.399,0.05,210.68,0.04,285.6,0.07,20.0,0.08,20.0,0.94,116.5,0.93,48.0,0.96,480.6,0.97,319.56,0.02,0.02,2321.86443,1776204215000
1776204216.631,216.631,0.07,18.0,0.06,44.0,0.08,78.0,0.09,73.5,0.93,20.0,0.92,20.0,0.95,210.68,0.96,285.6,0.01,0.02,2321.86443,1776204215000
1776204217.09,217.09,0.07,11.69,0.06,49.0,0.08,79.87,0.09,78.5,0.92,79.87,0.91,78.5,0.93,11.69,0.94,49.0,0.01,0.01,2321.86755,1776204216000
1776204218.321,218.321,0.07,14.54,0.06,54.0,0.08,79.87,0.09,78.5,0.92,79.87,0.91,78.5,0.93,9.54,0.94,54.0,0.01,0.01,2321.871235,1776204217000
1776204218.597,218.597,0.07,29.54,0.06,127.0,0.1,22.5,0.11,41.5,0.91,7.0,0.9,15.0,0.93,29.54,0.94,127.0,0.03,0.02,2321.871235,1776204217000
1776204218.906,218.906,0.07,29.54,0.06,127.0,0.1,22.5,0.11,41.5,0.9,22.5,0.89,41.5,0.93,29.54,0.94,127.0,0.03,0.03,2322.037677,1776204218000
1776204219.637,219.637,0.07,29.54,0.06,127.0,0.09,5.0,0.1,80.5,0.9,22.5,0.89,41.5,0.93,29.54,0.94,127.0,0.02,0.03,2322.037677,1776204218000
1776204220.046,220.046,0.07,29.54,0.06,127.0,0.09,5.0,0.1,80.5,0.91,5.0,0.9,80.5,0.93,29.54,0.94,127.0,0.02,0.02,2322.110038,1776204219000
1776204221.257,221.257,0.07,29.54,0.06,127.0,0.09,5.0,0.1,80.5,0.91,5.0,0.9,80.5,0.93,29.54,0.94,127.0,0.02,0.02,2322.194244,1776204220000
1776204221.973,221.973,0.08,5.0,0.07,23.54,0.09,18.88,0.1,92.5,0.91,23.88,0.9,92.5,0.93,28.54,0.94,127.0,0.01,0.02,2322.194244,1776204220000
1776204222.324,222.324,0.08,1.83,0.07,23.54,0.09,23.88,0.1,92.5,0.91,23.88,0.9,92.5,0.92,1.83,0.93,23.54,0.01,0.01,2322.262717,1776204221000
1776204223.566,223.566,0.08,1.83,0.07,23.54,0.09,23.88,0.1,92.5,0.91,23.88,0.9,92.5,0.92,1.83,0.93,23.54,0.01,0.01,2322.270267,1776204222000
1776204224.226,224.226,0.08,1.83,0.07,23.54,0.09,23.88,0.1,92.5,0.91,23.88,0.9,92.5,0.92,1.83,0.93,23.54,0.01,0.01,2322.288024,1776204223000
1776204224.666,224.666,0.07,18.54,0.06,59.0,0.09,111.5,0.1,22.5,0.91,23.88,0.9,92.5,0.92,1.83,0.93,23.54,0.02,0.01,2322.288024,1776204223000
1776204225.635,225.635,0.07,18.54,0.06,59.0,0.09,111.5,0.1,22.5,0.91,111.5,0.9,22.5,0.93,18.54,0.94,59.0,0.02,0.02,2322.28868,1776204224000
1776204226.234,226.234,0.07,18.54,0.06,59.0,0.09,111.5,0.1,22.5,0.91,111.5,0.9,22.5,0.93,18.54,0.94,59.0,0.02,0.02,2322.285989,1776204225000
1776204226.634,226.634,0.07,23.54,0.06,59.0,0.09,68.0,0.1,22.5,0.91,111.5,0.9,22.5,0.93,18.54,0.94,59.0,0.02,0.02,2322.285989,1776204225000
1776204227.747,227.747,0.07,23.54,0.06,59.0,0.09,68.0,0.1,22.5,0.91,68.0,0.9,22.5,0.93,23.54,0.94,59.0,0.02,0.02,2322.303585,1776204226000
1776204228.219,228.219,0.08,4.94,0.07,18.54,0.09,86.5,0.1,85.33,0.91,68.0,0.9,22.5,0.93,23.54,0.94,59.0,0.01,0.02,2322.303585,1776204226000
1776204228.457,228.457,0.08,4.94,0.07,18.54,0.09,86.5,0.1,85.33,0.91,86.5,0.9,85.33,0.92,4.94,0.93,18.54,0.01,0.01,2322.41926,1776204227000
1776204229.345,229.345,0.08,4.94,0.07,18.54,0.09,86.5,0.1,85.33,0.91,86.5,0.9,85.33,0.92,4.94,0.93,18.54,0.01,0.01,2322.398577,1776204228000
1776204230.325,230.325,0.06,7.0,0.05,10.0,0.07,10.5,0.08,132.44,0.91,86.5,0.9,85.33,0.92,4.94,0.93,18.54,0.01,0.01,2322.398577,1776204228000
1776204230.681,230.681,0.05,10.0,0.04,13.98,0.06,37.0,0.07,10.5,0.94,37.0,0.93,10.5,0.95,10.0,0.96,13.98,0.01,0.01,2322.309486,1776204229000
1776204231.427,231.427,0.03,123.2,0.02,704.7,0.04,6.02,0.06,111.0,0.96,6.02,0.94,111.0,0.97,123.2,0.98,704.7,0.01,0.01,2322.299538,1776204230000
1776204231.845,231.845,0.03,75.4,0.02,569.0,0.05,39.0,0.06,44.0,0.95,46.0,0.94,56.0,0.96,8.95,0.97,76.86,0.02,0.01,2322.299538,1776204230000
1776204232.149,232.149,0.03,75.4,0.02,569.0,0.05,76.14,0.06,54.0,0.95,76.14,0.94,54.0,0.97,75.4,0.98,569.0,0.02,0.02,2322.182694,1776204231000
1776204233.513,233.513,0.03,75.4,0.02,569.0,0.05,76.14,0.06,54.0,0.95,76.14,0.94,54.0,0.97,75.4,0.98,569.0,0.02,0.02,2321.937465,1776204232000
1776204234.221,234.221,0.03,75.4,0.02,569.0,0.05,76.14,0.06,54.0,0.95,76.14,0.94,54.0,0.97,75.4,0.98,569.0,0.02,0.02,2321.871063,1776204233000
1776204234.565,234.565,0.04,10.0,0.03,68.2,0.05,36.0,0.06,175.8,0.95,76.14,0.94,54.0,0.97,75.4,0.98,569.0,0.01,0.02,2321.871063,1776204233000
1776204235.139,235.139,0.06,12.0,0.04,25.0,0.07,101.5,0.08,41.5,0.95,36.0,0.94,175.8,0.96,10.0,0.97,68.2,0.01,0.01,2321.871063,1776204233000
1776204235.616,235.616,0.06,15.93,0.05,10.0,0.07,101.5,0.08,41.5,0.93,101.5,0.92,41.5,0.94,15.93,0.95,10.0,0.01,0.01,2321.869866,1776204234000
1776204236.281,236.281,0.06,15.93,0.05,10.0,0.07,101.5,0.08,41.5,0.93,101.5,0.92,41.5,0.94,15.93,0.95,10.0,0.01,0.01,2321.917924,1776204235000
1776204236.641,236.641,0.06,15.93,0.05,15.0,0.07,22.74,0.08,100.5,0.93,37.74,0.92,100.5,0.94,15.93,0.95,15.0,0.01,0.01,2321.917924,1776204235000
1776204237.542,237.542,0.06,13.55,0.05,10.0,0.07,106.55,0.08,100.5,0.93,22.74,0.92,100.5,0.94,15.93,0.95,15.0,0.01,0.01,2321.917924,1776204235000
1776204237.881,237.881,0.05,8.53,0.04,213.85,0.07,121.55,0.08,100.5,0.93,106.55,0.92,100.5,0.96,203.85,0.97,382.1,0.02,0.03,2322.153482,1776204236000
1776204238.312,238.312,0.04,194.69,0.03,374.9,0.07,121.55,0.08,100.5,0.93,121.55,0.92,100.5,0.96,194.69,0.97,374.9,0.03,0.03,2322.26754,1776204237000
1776204238.709,238.709,0.04,189.27,0.03,353.1,0.06,10.0,0.07,116.55,0.93,121.55,0.92,100.5,0.96,194.69,0.97,374.9,0.02,0.03,2322.26754,1776204237000
1776204238.961,238.961,0.04,181.13,0.03,345.9,0.06,120.3,0.07,25.0,0.94,120.3,0.93,25.0,0.96,182.7,0.97,353.1,0.02,0.02,2322.26754,1776204237000
1776204239.366,239.366,0.06,34.0,0.05,15.0,0.07,78.0,0.08,20.5,0.94,120.3,0.93,25.0,0.96,181.13,0.97,345.9,0.01,0.02,2322.32711,1776204238000
1776204240.611,240.611,0.06,23.47,0.05,10.0,0.07,196.44,0.08,32.0,0.93,45.0,0.92,42.5,0.94,39.0,0.95,10.0,0.01,0.01,2322.32711,1776204238000
1776204240.872,240.872,0.04,10.0,0.03,294.9,0.07,195.01,0.08,32.0,0.93,201.44,0.92,32.0,0.97,284.1,0.98,723.7,0.03,0.04,2322.32711,1776204238000
1776204241.41,241.41,0.04,40.25,0.03,294.9,0.06,15.0,0.07,60.0,0.93,195.01,0.92,32.0,0.96,10.0,0.97,294.9,0.02,0.03,2322.335097,1776204239000
1776204242.188,242.188,0.03,10.0,0.02,867.7,0.05,116.0,0.06,39.0,0.94,15.0,0.93,60.0,0.96,4.0,0.97,287.7,0.02,0.02,2322.36729,1776204240000
1776204242.596,242.596,0.02,314.0,0.01,7674.99,0.04,66.0,0.05,170.0,0.95,116.0,0.94,39.0,0.97,10.0,0.98,867.7,0.02,0.02,2322.41729,1776204241000
1776204242.859,242.859,0.03,7.1,0.02,314.0,0.04,82.68,0.05,54.0,0.96,144.0,0.95,112.0,0.97,7.1,0.98,314.0,0.01,0.01,2322.41729,1776204241000
1776204243.559,243.559,0.02,308.98,0.01,7966.99,0.04,82.68,0.05,54.0,0.96,82.68,0.95,54.0,0.97,3.99,0.98,319.0,0.02,0.01,2322.41729,1776204241000
1776204244.287,244.287,0.02,308.98,0.01,7966.99,0.04,82.68,0.05,54.0,0.96,82.68,0.95,54.0,0.98,308.98,0.99,7966.99,0.02,0.02,2322.179855,1776204243000
1776204245.134,245.134,0.02,838.68,0.01,7682.86,0.05,10.0,0.06,10.0,0.96,82.68,0.95,54.0,0.98,308.98,0.99,7966.99,0.03,0.02,2322.179855,1776204243000
1776204245.341,245.341,0.04,75.0,0.03,100.1,0.05,7.0,0.06,10.0,0.95,10.0,0.94,10.0,0.98,838.68,0.99,7682.86,0.01,0.03,2322.179855,1776204243000
1776204245.727,245.727,0.04,75.0,0.03,100.1,0.05,7.0,0.06,10.0,0.95,7.0,0.94,10.0,0.96,75.0,0.97,100.1,0.01,0.01,2322.024535,1776204244000
1776204246.028,246.028,0.08,59.0,0.07,188.43,0.12,10.0,0.13,26.0,0.95,7.0,0.94,10.0,0.96,75.0,0.97,100.1,0.04,0.01,2322.024535,1776204244000
1776204246.284,246.284,0.13,5.0,0.12,10.0,0.16,10.0,0.17,75.0,0.84,10.0,0.83,75.0,0.87,5.0,0.88,10.0,0.03,0.03,2322.025653,1776204245000
1776204246.494,246.494,0.15,20.0,0.14,5.0,0.17,71.29,0.18,10.0,0.84,10.0,0.83,75.0,0.85,20.0,0.86,5.0,0.02,0.01,2322.025653,1776204245000
1776204247.38,247.38,0.14,5.0,0.13,15.0,0.16,15.0,0.17,79.11,0.84,15.0,0.83,79.11,0.86,5.0,0.87,15.0,0.02,0.02,2322.479465,1776204246000
1776204247.919,247.919,0.14,4.12,0.13,20.0,0.15,180.72,0.16,15.0,0.84,15.0,0.83,79.11,0.86,5.0,0.87,15.0,0.01,0.02,2322.479465,1776204246000
1776204248.121,248.121,0.14,4.12,0.13,20.0,0.15,180.72,0.16,15.0,0.85,180.72,0.84,15.0,0.86,4.12,0.87,20.0,0.01,0.01,2322.839365,1776204247000
1776204248.647,248.647,0.14,31.12,0.13,20.0,0.15,187.72,0.16,15.0,0.85,180.72,0.84,15.0,0.86,4.12,0.87,20.0,0.01,0.01,2322.839365,1776204247000
1776204248.985,248.985,0.14,53.12,0.13,30.0,0.15,55.0,0.2,1.23,0.85,187.72,0.84,15.0,0.86,31.12,0.87,20.0,0.01,0.01,2322.839365,1776204247000
1776204249.277,249.277,0.25,5.0,0.21,15.11,0.27,5.0,0.28,10.0,0.73,5.0,0.72,10.0,0.75,5.0,0.79,15.11,0.02,0.02,2323.355677,1776204248000
1776204249.512,249.512,0.14,13.15,0.13,10.0,0.15,10.0,0.16,10.0,0.78,10.0,0.76,10.0,0.86,10.0,0.87,10.0,0.01,0.08,2323.355677,1776204248000
1776204249.776,249.776,0.13,73.93,0.12,24.0,0.14,10.0,0.15,10.0,0.84,7.96,0.83,10.0,0.87,10.0,0.88,68.0,0.01,0.03,2323.355677,1776204248000
1776204249.984,249.984,0.13,12.76,0.12,24.0,0.15,70.65,0.16,17.96,0.86,9.04,0.85,15.0,0.87,32.0,0.88,60.0,0.02,0.01,2323.355677,1776204248000
1776204250.206,250.206,0.12,42.41,0.11,65.0,0.14,9.28,0.15,107.0,0.85,70.65,0.84,17.96,0.87,12.76,0.88,24.0,0.02,0.02,2323.355677,1776204248000
1776204250.948,250.948,0.12,42.41,0.11,65.0,0.14,9.28,0.15,107.0,0.86,9.28,0.85,107.0,0.88,42.41,0.89,65.0,0.02,0.02,2323.497386,1776204250000
1776204251.262,251.262,0.13,10.0,0.12,23.41,0.14,5.0,0.15,107.0,0.86,9.28,0.85,107.0,0.88,42.41,0.89,65.0,0.01,0.02,2323.497386,1776204250000
1776204251.737,251.737,0.13,8.5,0.12,23.41,0.15,112.0,0.16,7.96,0.86,5.0,0.85,107.0,0.87,10.0,0.88,23.41,0.02,0.01,2323.497386,1776204250000
1776204252.038,252.038,0.11,44.88,0.1,20.0,0.12,15.0,0.13,32.0,0.88,25.0,0.87,10.0,0.89,84.67,0.9,50.0,0.01,0.01,2323.497386,1776204250000
1776204252.285,252.285,0.11,23.88,0.1,25.0,0.13,108.0,0.14,10.0,0.88,15.0,0.87,32.0,0.89,18.88,0.9,20.0,0.02,0.01,2323.497386,1776204250000
1776204252.505,252.505,0.11,33.06,0.1,25.0,0.13,108.0,0.14,10.0,0.87,108.0,0.86,10.0,0.89,23.88,0.9,25.0,0.02,0.02,2323.410021,1776204251000
1776204253.372,253.372,0.11,33.06,0.1,25.0,0.13,108.0,0.14,10.0,0.87,108.0,0.86,10.0,0.89,33.06,0.9,25.0,0.02,0.02,2323.38608,1776204252000
1776204253.578,253.578,0.11,22.06,0.1,20.0,0.12,168.96,0.13,61.49,0.87,108.0,0.86,10.0,0.89,33.06,0.9,25.0,0.01,0.02,2323.38608,1776204252000
1776204254.066,254.066,0.11,22.06,0.1,20.0,0.12,168.96,0.13,61.49,0.88,168.96,0.87,61.49,0.89,22.06,0.9,20.0,0.01,0.01,2323.364246,1776204253000
1776204254.892,254.892,0.09,1.88,0.08,39.0,0.12,261.96,0.13,61.49,0.88,168.96,0.87,61.49,0.89,22.06,0.9,20.0,0.03,0.01,2323.364246,1776204253000
1776204255.333,255.333,0.09,1.88,0.08,39.0,0.12,261.96,0.13,61.49,0.88,261.96,0.87,61.49,0.91,1.88,0.92,39.0,0.03,0.03,2323.211522,1776204254000
1776204255.752,255.752,0.08,45.83,0.07,70.3,0.1,25.0,0.11,20.0,0.88,261.96,0.87,61.49,0.91,1.88,0.92,39.0,0.02,0.03,2323.211522,1776204254000
1776204256.654,256.654,0.09,11.96,0.08,58.45,0.1,4.18,0.11,68.0,0.9,20.0,0.89,78.0,0.91,6.96,0.92,63.45,0.01,0.01,2323.236055,1776204255000
1776204256.942,256.942,0.11,46.0,0.1,41.0,0.12,7.0,0.13,11.49,0.9,4.18,0.89,68.0,0.91,11.96,0.92,58.45,0.01,0.01,2323.236055,1776204255000
1776204257.992,257.992,0.11,46.0,0.1,41.0,0.12,7.0,0.13,11.49,0.88,7.0,0.87,11.49,0.89,46.0,0.9,41.0,0.01,0.01,2323.179509,1776204257000
1776204258.251,258.251,0.12,0.36,0.11,41.0,0.13,21.49,0.14,10.0,0.88,7.0,0.87,11.49,0.89,46.0,0.9,41.0,0.01,0.01,2323.179509,1776204257000
1776204258.779,258.779,0.11,46.0,0.1,15.0,0.13,14.95,0.14,10.0,0.87,21.49,0.86,10.0,0.88,0.36,0.89,41.0,0.02,0.01,2323.179509,1776204257000
1776204258.989,258.989,0.11,46.0,0.1,15.0,0.13,14.95,0.14,10.0,0.87,14.95,0.86,10.0,0.89,46.0,0.9,15.0,0.02,0.02,2323.307887,1776204258000
1776204259.383,259.383,0.11,80.92,0.1,15.0,0.12,10.0,0.13,14.95,0.87,14.95,0.86,10.0,0.89,46.0,0.9,15.0,0.01,0.02,2323.307887,1776204258000
1776204259.628,259.628,0.11,58.48,0.1,15.0,0.12,10.0,0.13,14.95,0.88,10.0,0.87,14.95,0.89,69.68,0.9,15.0,0.01,0.01,2323.307887,1776204258000
1776204259.937,259.937,0.11,53.48,0.1,15.0,0.12,10.0,0.13,14.95,0.88,10.0,0.87,14.95,0.89,58.48,0.9,15.0,0.01,0.01,2323.307887,1776204258000
1776204260.387,260.387,0.11,49.0,0.1,15.0,0.12,110.37,0.13,101.15,0.88,10.0,0.87,14.95,0.89,53.48,0.9,15.0,0.01,0.01,2323.432415,1776204259000
1776204260.727,260.727,0.11,37.32,0.1,15.0,0.12,125.37,0.13,101.15,0.88,110.37,0.87,101.15,0.89,49.0,0.9,15.0,0.01,0.01,2323.432415,1776204259000
1776204261.092,261.092,0.11,42.32,0.1,15.0,0.12,47.03,0.13,101.15,0.88,83.7,0.87,101.15,0.89,37.32,0.9,15.0,0.01,0.01,2323.432415,1776204259000
1776204261.673,261.673,0.11,42.32,0.1,15.0,0.12,47.03,0.13,101.15,0.88,47.03,0.87,101.15,0.89,42.32,0.9,15.0,0.01,0.01,2323.437415,1776204260000
1776204262.242,262.242,0.11,42.32,0.1,15.0,0.12,47.03,0.13,101.15,0.88,47.03,0.87,101.15,0.89,42.32,0.9,15.0,0.01,0.01,2323.424475,1776204261000
1776204262.517,262.517,0.11,264.32,0.1,152.0,0.13,86.2,0.14,58.13,0.88,47.03,0.87,101.15,0.89,42.32,0.9,15.0,0.02,0.01,2323.424475,1776204261000
1776204262.869,262.869,0.13,217.0,0.12,207.54,0.23,10.0,0.24,27.0,0.86,58.03,0.81,58.0,0.87,56.0,0.88,52.0,0.1,0.01,2323.424475,1776204261000
1776204263.21,263.21,0.21,8.83,0.2,15.0,0.23,31.0,0.24,20.0,0.77,26.0,0.76,20.0,0.8,20.0,0.81,15.0,0.02,0.03,2323.424475,1776204261000
1776204263.447,263.447,0.19,10.64,0.18,15.0,0.22,5.0,0.23,31.0,0.78,5.0,0.77,31.0,0.81,10.64,0.82,15.0,0.03,0.03,2323.4245,1776204262000
1776204263.649,263.649,0.2,15.0,0.19,15.0,0.21,5.0,0.22,5.0,0.78,5.0,0.77,89.0,0.79,8.73,0.8,15.0,0.01,0.01,2323.4245,1776204262000
1776204263.929,263.929,0.2,5.0,0.19,15.0,0.21,8.14,0.22,5.0,0.79,5.0,0.78,5.0,0.81,10.0,0.82,10.0,0.01,0.02,2323.4245,1776204262000
1776204264.269,264.269,0.2,5.0,0.19,15.0,0.23,72.17,0.24,10.0,0.79,0.14,0.78,5.0,0.81,15.0,0.82,10.0,0.03,0.02,2323.42968,1776204263000
1776204264.495,264.495,0.2,10.0,0.19,15.0,0.22,5.0,0.23,82.17,0.77,72.17,0.76,10.0,0.8,5.0,0.81,15.0,0.02,0.03,2323.42968,1776204263000
1776204264.705,264.705,0.21,7.21,0.2,10.0,0.24,16.0,0.25,10.0,0.75,10.0,0.74,56.02,0.78,10.0,0.79,10.0,0.03,0.03,2323.42968,1776204263000
1776204265.369,265.369,0.21,7.21,0.2,10.0,0.24,16.0,0.25,10.0,0.76,16.0,0.75,10.0,0.79,7.21,0.8,10.0,0.03,0.03,2323.790223,1776204264000
1776204265.974,265.974,0.21,7.21,0.2,10.0,0.23,5.0,0.24,120.59,0.77,5.0,0.76,120.59,0.79,7.21,0.8,10.0,0.02,0.02,2323.77898,1776204265000
1776204266.687,266.687,0.23,59.0,0.22,71.07,0.24,84.59,0.29,10.0,0.77,63.0,0.76,120.59,0.78,8.07,0.79,17.21,0.01,0.01,2323.77898,1776204265000
1776204266.898,266.898,0.3,10.0,0.29,10.0,0.36,23.2,0.37,15.0,0.69,7.01,0.64,31.25,0.72,160.0,0.73,45.0,0.06,0.03,2323.77898,1776204265000
1776204267.112,267.112,0.35,12.43,0.34,10.0,0.36,23.2,0.37,15.0,0.64,23.2,0.63,15.0,0.7,10.0,0.71,10.0,0.01,0.06,2323.77898,1776204265000
1776204267.616,267.616,0.34,15.0,0.33,9.74,0.36,34.72,0.37,15.0,0.64,28.2,0.63,15.0,0.67,9.74,0.68,10.0,0.02,0.03,2323.809855,1776204266000
1776204267.891,267.891,0.35,12.66,0.34,10.0,0.36,24.72,0.37,84.53,0.64,34.72,0.63,15.0,0.66,15.0,0.67,9.74,0.01,0.02,2323.809855,1776204266000
1776204268.251,268.251,0.35,10.0,0.34,9.68,0.37,4.93,0.39,5.0,0.64,14.93,0.63,5.0,0.65,10.0,0.66,4.68,0.02,0.01,2323.809855,1776204266000
1776204268.468,268.468,0.45,11.0,0.44,15.0,0.46,94.73,0.48,6.0,0.54,104.73,0.52,6.0,0.55,6.0,0.56,10.0,0.01,0.01,2323.973351,1776204267000
1776204268.798,268.798,0.43,4.07,0.42,10.0,0.46,104.73,0.48,16.0,0.54,94.73,0.52,6.0,0.55,6.0,0.56,15.0,0.03,0.01,2323.973351,1776204267000
1776204269.306,269.306,0.27,10.0,0.26,78.0,0.29,10.72,0.3,22.0,0.63,7.65,0.62,10.0,0.69,40.0,0.7,18.0,0.02,0.06,2323.973351,1776204267000
1776204269.821,269.821,0.27,12.0,0.26,83.0,0.28,1.0,0.29,10.0,0.72,7.0,0.7,41.72,0.73,7.0,0.74,78.0,0.01,0.01,2324.14,1776204268000
1776204270.035,270.035,0.27,12.0,0.26,83.0,0.28,1.0,0.29,10.0,0.72,1.0,0.71,10.0,0.73,12.0,0.74,83.0,0.01,0.01,2324.193025,1776204269000
1776204270.411,270.411,0.28,8.05,0.27,22.0,0.3,39.98,0.31,32.0,0.7,39.98,0.69,32.0,0.73,22.0,0.74,73.0,0.02,0.03,2324.193025,1776204269000
1776204270.987,270.987,0.28,16.66,0.27,12.0,0.29,10.0,0.3,54.98,0.7,39.98,0.69,32.0,0.72,8.05,0.73,22.0,0.01,0.02,2324.193025,1776204269000
1776204271.22,271.22,0.28,16.66,0.27,12.0,0.29,10.0,0.3,54.98,0.71,10.0,0.7,54.98,0.72,16.66,0.73,12.0,0.01,0.01,2324.238335,1776204270000
1776204271.792,271.792,0.28,8.44,0.27,12.0,0.29,25.0,0.3,44.98,0.71,25.0,0.7,44.98,0.72,15.02,0.73,12.0,0.01,0.01,2324.238335,1776204270000
1776204272.198,272.198,0.28,8.44,0.27,12.0,0.29,25.0,0.3,44.98,0.71,25.0,0.7,44.98,0.72,8.44,0.73,12.0,0.01,0.01,2324.07506,1776204271000
1776204273.238,273.238,0.26,59.41,0.25,10.0,0.28,50.0,0.29,25.0,0.71,25.0,0.7,44.98,0.72,8.44,0.73,12.0,0.02,0.01,2324.07506,1776204271000
1776204273.609,273.609,0.26,64.41,0.25,10.0,0.28,29.64,0.29,25.0,0.72,50.0,0.71,25.0,0.74,59.41,0.75,10.0,0.02,0.02,2324.055195,1776204272000
1776204273.933,273.933,0.26,64.41,0.25,10.0,0.28,29.64,0.29,25.0,0.72,29.64,0.71,25.0,0.74,64.41,0.75,10.0,0.02,0.02,2324.157094,1776204273000
1776204274.433,274.433,0.29,9.15,0.28,10.0,0.31,123.0,0.32,21.0,0.72,29.64,0.71,25.0,0.74,64.41,0.75,10.0,0.02,0.02,2324.157094,1776204273000
1776204275.103,275.103,0.29,9.15,0.28,10.0,0.31,123.0,0.32,21.0,0.69,123.0,0.68,21.0,0.71,9.15,0.72,10.0,0.02,0.02,2324.050709,1776204274000
1776204276.224,276.224,0.29,66.0,0.28,10.0,0.3,11.66,0.31,123.0,0.7,11.66,0.69,123.0,0.71,66.0,0.72,10.0,0.01,0.01,2324.106817,1776204275000
1776204276.45,276.45,0.2,5.0,0.12,5.0,0.26,19.0,0.27,95.0,0.72,61.0,0.71,25.0,0.75,11.21,0.8,5.0,0.06,0.03,2324.106817,1776204275000
1776204276.859,276.859,0.12,11.66,0.08,10.0,0.13,18.0,0.14,10.0,0.74,19.0,0.73,95.0,0.89,68.0,0.91,10.0,0.01,0.15,2324.106817,1776204275000
1776204277.172,277.172,0.11,8.95,0.1,10.0,0.12,10.0,0.13,12.0,0.87,2.0,0.86,10.0,0.88,11.66,0.92,10.0,0.01,0.01,2324.106817,1776204275000
1776204277.818,277.818,0.11,8.95,0.1,10.0,0.12,10.0,0.13,12.0,0.88,10.0,0.87,12.0,0.89,8.95,0.9,10.0,0.01,0.01,2324.10379,1776204276000
1776204278.29,278.29,0.11,8.95,0.1,10.0,0.12,10.0,0.13,12.0,0.88,10.0,0.87,12.0,0.89,8.95,0.9,10.0,0.01,0.01,2324.026483,1776204277000
1776204278.524,278.524,0.1,9.85,0.09,68.0,0.11,25.0,0.12,10.0,0.88,10.0,0.87,12.0,0.89,8.95,0.9,10.0,0.01,0.01,2324.026483,1776204277000
1776204279.19,279.19,0.09,54.85,0.08,10.0,0.11,10.0,0.12,10.0,0.89,25.0,0.88,10.0,0.9,9.85,0.91,68.0,0.02,0.01,2324.026483,1776204277000
1776204279.488,279.488,0.09,54.85,0.08,10.0,0.11,10.0,0.12,10.0,0.89,10.0,0.88,10.0,0.91,54.85,0.92,10.0,0.02,0.02,2323.741205,1776204278000
1776204280.087,280.087,0.09,54.85,0.08,10.0,0.11,10.0,0.12,10.0,0.89,10.0,0.88,10.0,0.91,54.85,0.92,10.0,0.02,0.02,2323.726773,1776204279000
1776204280.392,280.392,0.09,6.22,0.08,68.0,0.1,15.0,0.11,15.0,0.89,10.0,0.88,10.0,0.91,54.85,0.92,10.0,0.01,0.02,2323.726773,1776204279000
1776204281.174,281.174,0.09,6.22,0.08,68.0,0.1,15.0,0.11,15.0,0.9,15.0,0.89,15.0,0.91,6.22,0.92,68.0,0.01,0.01,2323.726147,1776204280000
1776204281.63,281.63,0.07,10.62,0.06,10.0,0.08,29.0,0.09,82.0,0.9,15.0,0.89,15.0,0.91,6.22,0.92,68.0,0.01,0.01,2323.726147,1776204280000
1776204281.898,281.898,0.07,4.62,0.06,10.0,0.08,24.0,0.09,82.0,0.92,29.0,0.91,82.0,0.93,10.62,0.94,10.0,0.01,0.01,2323.726147,1776204280000
1776204282.124,282.124,0.07,0.62,0.06,10.0,0.08,29.0,0.09,82.0,0.92,24.0,0.91,82.0,0.93,4.62,0.94,10.0,0.01,0.01,2323.726147,1776204280000
1776204282.347,282.347,0.06,10.0,0.05,10.0,0.08,3.37,0.09,82.0,0.92,29.0,0.91,82.0,0.93,0.62,0.94,10.0,0.02,0.01,2323.74934,1776204281000
1776204282.97,282.97,0.08,27.63,0.06,4.32,0.09,82.0,0.1,15.0,0.92,8.37,0.91,82.0,0.94,21.15,0.95,10.0,0.01,0.02,2323.74934,1776204281000
1776204283.243,283.243,0.08,3.32,0.06,4.32,0.09,109.0,0.1,20.0,0.91,87.0,0.9,20.0,0.92,23.54,0.94,4.32,0.01,0.01,2323.74934,1776204281000
1776204283.504,283.504,0.06,2.25,0.05,10.0,0.09,114.0,0.1,20.0,0.91,109.0,0.9,20.0,0.92,3.32,0.94,4.32,0.03,0.01,2323.666007,1776204282000
1776204283.809,283.809,0.06,0.25,0.05,10.0,0.08,15.0,0.09,109.0,0.91,114.0,0.9,20.0,0.94,2.25,0.95,10.0,0.02,0.03,2323.666007,1776204282000
1776204284.287,284.287,0.05,10.0,0.04,10.0,0.06,41.82,0.08,15.0,0.92,15.0,0.91,109.0,0.94,0.25,0.95,10.0,0.01,0.02,2323.652506,1776204283000
1776204284.586,284.586,0.05,7.89,0.04,10.0,0.06,80.82,0.07,5.0,0.94,41.82,0.92,15.0,0.95,10.0,0.96,10.0,0.01,0.01,2323.652506,1776204283000
1776204285.053,285.053,0.05,7.89,0.04,10.0,0.06,80.82,0.07,5.0,0.94,80.82,0.93,5.0,0.95,7.89,0.96,10.0,0.01,0.01,2323.568763,1776204284000
1776204285.563,285.563,0.04,10.0,0.03,231.1,0.05,7.11,0.06,100.82,0.94,80.82,0.93,5.0,0.95,2.89,0.96,10.0,0.01,0.01,2323.568763,1776204284000
1776204286.134,286.134,0.04,10.0,0.03,231.1,0.05,7.11,0.06,100.82,0.95,7.11,0.94,100.82,0.96,10.0,0.97,231.1,0.01,0.01,2323.520335,1776204285000
1776204286.579,286.579,0.03,36.65,0.02,432.5,0.05,25.0,0.06,56.82,0.95,44.0,0.94,75.82,0.96,22.63,0.97,75.1,0.02,0.01,2323.520335,1776204285000
1776204287.015,287.015,0.03,52.75,0.02,432.5,0.04,45.0,0.05,60.0,0.96,25.0,0.95,35.0,0.97,46.65,0.98,432.5,0.01,0.01,2323.520335,1776204285000
1776204287.27,287.27,0.03,52.75,0.02,432.5,0.04,45.0,0.05,60.0,0.96,45.0,0.95,60.0,0.97,52.75,0.98,432.5,0.01,0.01,2323.540898,1776204286000
1776204287.687,287.687,0.03,52.75,0.02,432.5,0.04,24.95,0.05,35.0,0.96,45.0,0.95,60.0,0.97,52.75,0.98,432.5,0.01,0.01,2323.540898,1776204286000
1776204288.297,288.297,0.03,41.6,0.02,432.5,0.04,20.36,0.05,35.0,0.96,20.36,0.95,35.0,0.97,41.6,0.98,432.5,0.01,0.01,2323.54107,1776204287000
1776204288.89,288.89,0.03,75.44,0.02,432.5,0.04,20.36,0.05,35.0,0.96,20.36,0.95,35.0,0.97,41.6,0.98,432.5,0.01,0.01,2323.54107,1776204287000
1776204289.701,289.701,0.02,114.18,0.01,6931.0,0.04,35.57,0.05,35.0,0.96,20.36,0.95,35.0,0.97,75.44,0.98,432.5,0.02,0.01,2323.54107,1776204287000
1776204290.142,290.142,0.02,114.18,0.01,6931.0,0.04,35.57,0.05,35.0,0.96,35.57,0.95,35.0,0.98,114.18,0.99,6931.0,0.02,0.02,2323.555048,1776204288000
1776204290.374,290.374,0.02,97.84,0.01,1989.0,0.04,50.57,0.05,35.0,0.96,45.57,0.95,35.0,0.98,98.87,0.99,1989.0,0.02,0.02,2323.555048,1776204288000
1776204290.69,290.69,0.02,150.84,0.01,1931.0,0.04,45.57,0.05,93.0,0.96,50.57,0.95,35.0,0.98,97.84,0.99,1989.0,0.02,0.02,2323.555048,1776204288000
1776204291.227,291.227,0.02,84.28,0.01,1989.0,0.04,35.57,0.05,93.0,0.96,45.57,0.95,93.0,0.98,148.28,0.99,1931.0,0.02,0.02,2323.584516,1776204289000
1776204291.504,291.504,0.02,84.28,0.01,1989.0,0.04,35.57,0.05,93.0,0.96,35.57,0.95,93.0,0.98,84.28,0.99,1989.0,0.02,0.02,2323.676747,1776204290000
1776204291.918,291.918,0.02,79.17,0.01,1889.0,0.03,10.0,0.04,35.57,0.96,35.57,0.95,93.0,0.98,84.28,0.99,1989.0,0.01,0.02,2323.676747,1776204290000
1776204292.362,292.362,0.02,79.17,0.01,1889.0,0.03,10.0,0.04,35.57,0.97,10.0,0.96,35.57,0.98,79.17,0.99,1889.0,0.01,0.01,2323.644053,1776204291000
1776204292.768,292.768,0.02,74.17,0.01,1789.0,0.03,15.0,0.04,55.57,0.97,10.0,0.96,35.57,0.98,79.17,0.99,1889.0,0.01,0.01,2323.644053,1776204291000
1776204293.007,293.007,0.02,74.17,0.01,1789.0,0.03,15.0,0.04,55.57,0.97,15.0,0.96,55.57,0.98,74.17,0.99,1789.0,0.01,0.01,2323.640667,1776204292000
1776204293.319,293.319,0.01,1731.0,,,0.02,30.83,0.03,15.0,0.97,15.0,0.96,55.57,0.98,74.17,0.99,1789.0,0.01,0.01,2323.640667,1776204292000
1776204293.593,293.593,0.01,1726.0,,,0.02,30.83,0.03,5.0,0.98,30.83,0.97,15.0,0.99,1731.0,,,0.01,0.01,2323.640667,1776204292000
1776204293.905,293.905,0.01,1660.89,,,0.02,30.83,0.03,5.0,0.98,30.83,0.97,5.0,0.99,1710.89,,,0.01,0.01,2323.640667,1776204292000
1776204294.3,294.3,0.01,1513.84,,,0.05,71.78,0.06,101.82,0.98,40.83,0.97,5.0,0.99,1513.84,,,0.04,0.01,2323.640667,1776204292000
1776204294.507,294.507,0.01,1513.84,,,0.05,71.78,0.06,101.82,0.95,71.78,0.94,101.82,0.99,1513.84,,,0.04,0.04,2323.615842,1776204293000
1776204295.012,295.012,0.02,5.0,0.01,1498.53,0.03,25.0,0.04,15.0,0.97,20.0,0.96,15.0,0.99,1498.53,,,0.01,0.02,2323.615842,1776204293000
1776204295.214,295.214,0.03,25.0,0.02,5.0,0.04,45.0,0.05,36.78,0.97,25.0,0.96,15.0,0.98,5.0,0.99,1498.53,0.01,0.01,2323.615842,1776204293000
1776204295.509,295.509,0.01,1471.43,,,0.03,10.0,0.04,40.0,0.96,50.0,0.95,41.78,0.99,1469.43,,,0.02,0.03,2323.623257,1776204294000
1776204295.761,295.761,0.01,1458.46,,,0.03,144.0,0.04,50.0,0.97,10.0,0.96,40.0,0.99,1471.43,,,0.02,0.02,2323.623257,1776204294000
1776204296.214,296.214,0.01,1404.71,,,0.02,162.0,0.03,10.0,0.97,144.0,0.96,50.0,0.99,1443.46,,,0.01,0.02,2323.651245,1776204295000
1776204296.416,296.416,0.01,1346.1,,,0.02,162.0,0.03,10.0,0.98,162.0,0.97,10.0,0.99,1347.21,,,0.01,0.01,2323.651245,1776204295000
1776204296.657,296.657,0.01,1342.58,,,0.02,167.0,0.03,10.0,0.98,162.0,0.97,10.0,0.99,1346.1,,,0.01,0.01,2323.651245,1776204295000
1776204296.9,296.9,0.01,1330.43,,,0.02,137.0,0.03,10.0,0.98,137.0,0.97,10.0,0.99,1330.49,,,0.01,0.01,2323.651245,1776204295000
1776204297.335,297.335,0.01,1291.07,,,0.02,188.0,0.03,19.0,0.98,137.0,0.97,10.0,0.99,1330.43,,,0.01,0.01,2323.651245,1776204295000
1776204297.58,297.58,0.01,607.73,,,0.02,188.0,0.03,19.0,0.98,188.0,0.97,19.0,0.99,617.73,,,0.01,0.01,2323.651245,1776204295000
1776204297.837,297.837,0.01,50.68,,,0.02,198.0,0.03,34.0,0.98,193.0,0.97,34.0,0.99,78.97,,,0.01,0.01,2323.651065,1776204296000
1776204298.138,298.138,,,,,0.01,1737.23,0.02,61.0,0.99,6.87,0.98,198.0,,,,,,,2323.651065,1776204296000
1776204298.368,298.368,,,,,0.01,1737.23,0.02,61.0,0.99,1737.23,0.98,61.0,,,,,,,2323.670094,1776204297000
1776204298.569,298.569,,,,,0.01,6802.3,0.02,61.0,0.99,6697.09,0.98,61.0,,,,,,,2323.670094,1776204297000
1776204299.062,299.062,,,,,0.01,6801.27,0.02,61.0,0.99,6801.27,0.98,61.0,,,,,,,2323.705956,1776204298000
1776204300.365,300.365,,,,,0.01,48597.32,0.02,41.0,0.99,6801.27,0.98,61.0,,,,,,,2323.705956,1776204298000
1776204300.675,300.675,,,,,0.01,62993.57,0.02,36.0,0.99,63003.57,0.98,36.0,,,,,,,2323.716869,1776204299000

# RESULT,winner=Down,slug=eth-updown-5m-1776204000,ticks=607
