timestamp,elapsed_sec,up_bid_p1,up_bid_s1,up_bid_p2,up_bid_s2,up_ask_p1,up_ask_s1,up_ask_p2,up_ask_s2,down_bid_p1,down_bid_s1,down_bid_p2,down_bid_s2,down_ask_p1,down_ask_s1,down_ask_p2,down_ask_s2,up_spread,down_spread,eth_price,eth_oracle_ts
1776355500.822,0.822,0.45,70.0,0.44,70.0,0.48,27.04,0.49,5.0,0.52,27.04,0.51,5.0,0.55,70.0,0.56,70.0,0.03,0.03,2340.888974,1776355499000
1776355501.691,1.691,0.47,5.0,0.45,195.0,0.48,6.2,0.49,150.0,0.52,27.04,0.51,5.0,0.55,70.0,0.56,70.0,0.01,0.03,2340.890815,1776355500000
1776355502.219,2.219,0.5,9.18,0.49,10.0,0.51,10.0,0.53,75.0,0.49,10.0,0.47,70.0,0.53,5.0,0.55,195.0,0.01,0.04,2340.936961,1776355501000
1776355502.625,2.625,0.5,52.35,0.49,130.0,0.51,10.0,0.53,75.0,0.49,10.0,0.47,75.0,0.5,9.18,0.51,10.0,0.01,0.01,2340.936961,1776355501000
1776355503.264,3.264,0.49,30.19,0.48,45.0,0.51,15.09,0.52,10.0,0.49,10.0,0.47,75.0,0.5,52.35,0.51,130.0,0.02,0.01,2340.936961,1776355501000
1776355504.367,4.367,0.45,75.0,0.44,85.0,0.48,6.87,0.49,110.0,0.49,15.09,0.48,10.0,0.51,30.19,0.52,45.0,0.03,0.02,2341.094587,1776355503000
1776355504.743,4.743,0.43,15.0,0.42,15.0,0.46,105.0,0.47,175.0,0.52,6.87,0.51,110.0,0.55,75.0,0.56,85.0,0.03,0.03,2341.094587,1776355503000
1776355505.187,5.187,0.42,5.0,0.41,30.0,0.45,5.0,0.46,110.0,0.54,105.0,0.53,175.0,0.57,15.0,0.58,15.0,0.03,0.03,2341.094587,1776355503000
1776355505.638,5.638,0.39,75.0,0.38,75.0,0.41,10.0,0.42,10.0,0.57,10.0,0.56,2.0,0.59,4.91,0.6,35.0,0.02,0.02,2341.094587,1776355503000
1776355505.856,5.856,0.39,81.21,0.38,75.0,0.4,19.2,0.41,10.0,0.6,5.0,0.59,10.0,0.61,71.21,0.62,75.0,0.01,0.01,2341.094587,1776355503000
1776355506.082,6.082,0.39,56.57,0.38,75.0,0.4,9.2,0.41,15.0,0.6,9.2,0.59,10.0,0.61,81.21,0.62,75.0,0.01,0.01,2341.103374,1776355504000
1776355506.406,6.406,0.38,51.83,0.37,75.0,0.39,10.0,0.4,3.75,0.6,3.75,0.59,10.0,0.62,66.47,0.63,75.0,0.01,0.02,2341.103374,1776355504000
1776355507.312,7.312,0.37,48.07,0.36,80.5,0.38,15.0,0.39,15.0,0.61,10.0,0.6,3.75,0.63,75.0,0.64,130.5,0.01,0.02,2340.791304,1776355505000
1776355507.62,7.62,0.37,72.07,0.36,90.5,0.38,3.42,0.39,10.0,0.62,15.0,0.61,15.0,0.63,48.07,0.64,80.5,0.01,0.01,2340.520253,1776355506000
1776355508.097,8.097,0.37,193.27,0.36,90.5,0.38,3.42,0.39,15.0,0.62,3.42,0.61,10.0,0.63,72.07,0.64,90.5,0.01,0.01,2340.373404,1776355507000
1776355509.069,9.069,0.37,187.47,0.36,80.5,0.39,7.05,0.4,8.75,0.62,3.42,0.61,15.0,0.63,182.47,0.64,90.5,0.02,0.01,2340.373404,1776355507000
1776355509.473,9.473,0.38,26.0,0.37,187.47,0.39,7.05,0.4,8.75,0.61,7.05,0.6,8.75,0.63,187.47,0.64,80.5,0.01,0.02,2340.137761,1776355508000
1776355509.799,9.799,0.38,2.0,0.37,182.47,0.39,7.05,0.4,8.75,0.61,7.05,0.6,8.75,0.62,26.0,0.63,187.47,0.01,0.01,2340.137761,1776355508000
1776355510.769,10.769,0.38,10.0,0.37,192.47,0.4,4.62,0.41,115.0,0.61,7.05,0.6,8.75,0.62,2.0,0.63,182.47,0.02,0.01,2340.059295,1776355509000
1776355511.162,11.162,0.38,10.0,0.37,192.47,0.4,0.72,0.41,115.0,0.6,4.62,0.59,115.0,0.61,0.08,0.62,10.0,0.02,0.01,2340.257465,1776355510000
1776355512.221,12.221,0.39,164.63,0.38,5.0,0.41,112.28,0.42,115.0,0.59,113.26,0.58,115.0,0.62,15.0,0.63,192.47,0.02,0.03,2340.257465,1776355510000
1776355513.521,13.521,0.37,28.99,0.36,207.5,0.38,10.0,0.39,15.0,0.59,112.28,0.58,115.0,0.61,164.63,0.62,5.0,0.01,0.02,2340.135831,1776355512000
1776355513.858,13.858,0.37,74.2,0.36,90.5,0.39,13.46,0.4,110.0,0.61,13.46,0.6,110.0,0.63,28.99,0.64,90.5,0.02,0.02,2340.135831,1776355512000
1776355514.077,14.077,0.38,10.5,0.37,84.2,0.39,10.89,0.4,110.0,0.61,13.46,0.6,110.0,0.63,84.2,0.64,90.5,0.01,0.02,2340.135831,1776355512000
1776355515.017,15.017,0.37,78.66,0.36,90.5,0.39,7.89,0.4,110.0,0.61,7.89,0.6,110.0,0.62,10.5,0.63,84.2,0.02,0.01,2340.245531,1776355513000
1776355515.3,15.3,0.37,52.78,0.36,90.5,0.38,20.05,0.39,7.89,0.62,8.7,0.61,7.89,0.63,68.66,0.64,90.5,0.01,0.01,2340.245531,1776355513000
1776355515.516,15.516,0.37,169.78,0.36,90.5,0.38,11.2,0.39,7.89,0.62,20.05,0.61,7.89,0.63,52.78,0.64,90.5,0.01,0.01,2340.1469,1776355514000
1776355515.808,15.808,0.37,155.73,0.36,101.0,0.38,2.56,0.39,12.89,0.62,11.2,0.61,12.89,0.63,150.73,0.64,90.5,0.01,0.01,2340.1469,1776355514000
1776355516.454,16.454,0.37,160.38,0.36,96.0,0.38,12.56,0.39,12.89,0.62,2.56,0.61,12.89,0.63,155.73,0.64,101.0,0.01,0.01,2340.135535,1776355515000
1776355517.011,17.011,0.37,8.02,0.36,85.5,0.38,28.56,0.39,23.39,0.62,12.56,0.61,12.89,0.63,149.5,0.64,96.0,0.01,0.01,2340.135535,1776355515000
1776355517.398,17.398,0.36,169.09,0.35,80.5,0.38,10.0,0.39,12.89,0.62,10.0,0.61,129.89,0.63,3.02,0.64,202.5,0.02,0.01,2340.135535,1776355515000
1776355517.75,17.75,0.37,132.0,0.36,41.59,0.38,12.0,0.39,12.89,0.62,10.0,0.61,12.89,0.64,169.09,0.65,80.5,0.01,0.02,2340.135535,1776355515000
1776355518.265,18.265,0.37,255.33,0.36,52.09,0.38,6.2,0.39,12.89,0.62,9.1,0.61,12.89,0.63,132.0,0.64,41.59,0.01,0.01,2340.274122,1776355516000
1776355518.63,18.63,0.39,5.0,0.38,227.0,0.4,17.75,0.41,137.5,0.57,1.47,0.56,102.0,0.63,255.33,0.64,51.59,0.01,0.06,2340.274122,1776355516000
1776355518.918,18.918,0.39,5.0,0.38,227.0,0.4,13.85,0.41,137.5,0.6,17.75,0.59,137.5,0.61,5.0,0.62,227.0,0.01,0.01,2340.276457,1776355517000
1776355520.085,20.085,0.39,857.93,0.38,235.5,0.42,2.0,0.43,15.5,0.6,11.1,0.59,137.5,0.61,105.0,0.62,210.0,0.03,0.01,2340.072433,1776355518000
1776355520.683,20.683,0.41,112.48,0.4,247.5,0.42,2.0,0.43,15.5,0.58,2.0,0.57,15.5,0.61,857.93,0.62,235.5,0.01,0.03,2340.176127,1776355519000
1776355521.206,21.206,0.44,16.1,0.43,21.63,0.45,102.61,0.46,5.56,0.55,102.61,0.54,5.56,0.58,80.5,0.59,274.48,0.01,0.03,2340.176127,1776355519000
1776355521.704,21.704,0.44,109.73,0.43,110.0,0.45,64.89,0.46,122.56,0.55,69.98,0.54,5.56,0.56,4.73,0.57,10.0,0.01,0.01,2340.125653,1776355520000
1776355522.192,22.192,0.44,116.73,0.43,115.26,0.45,172.94,0.46,5.56,0.55,59.77,0.54,122.56,0.56,109.73,0.57,110.0,0.01,0.01,2340.125653,1776355520000
1776355523.47,23.47,0.45,239.0,0.44,125.23,0.46,3.06,0.48,129.37,0.55,124.96,0.54,5.56,0.56,116.73,0.57,115.26,0.01,0.01,2340.727075,1776355522000
1776355524.043,24.043,0.46,95.0,0.45,227.0,0.47,10.5,0.48,129.37,0.52,129.37,0.51,5.0,0.55,239.0,0.56,125.23,0.01,0.03,2340.727075,1776355522000
1776355524.36,24.36,0.46,112.28,0.45,227.0,0.47,8.37,0.48,129.37,0.53,8.37,0.52,129.37,0.54,93.14,0.55,227.0,0.01,0.01,2340.694855,1776355523000
1776355526.762,26.762,0.46,85.57,0.45,110.0,0.47,15.5,0.48,144.87,0.53,3.28,0.52,129.37,0.54,112.28,0.55,227.0,0.01,0.01,2340.767311,1776355525000
1776355527.773,27.773,0.46,85.57,0.45,110.0,0.47,18.37,0.48,144.87,0.53,15.5,0.52,144.87,0.54,85.57,0.55,110.0,0.01,0.01,2340.729926,1776355526000
1776355529.58,29.58,0.44,92.32,0.43,100.0,0.45,54.7,0.46,30.5,0.53,18.37,0.52,144.87,0.54,85.57,0.55,110.0,0.01,0.01,2340.670629,1776355528000
1776355529.926,29.926,0.44,88.39,0.43,100.0,0.45,35.5,0.46,25.5,0.55,54.7,0.54,30.5,0.56,92.32,0.57,100.0,0.01,0.01,2340.6335,1776355529000
1776355530.281,30.281,0.45,5.5,0.43,100.0,0.46,41.5,0.47,28.37,0.55,35.5,0.54,25.5,0.56,88.39,0.57,100.0,0.01,0.01,2340.6335,1776355529000
1776355530.629,30.629,0.45,10.33,0.41,222.0,0.46,55.5,0.47,129.37,0.54,41.5,0.53,28.37,0.55,5.5,0.57,100.0,0.01,0.01,2340.6335,1776355529000
1776355530.884,30.884,0.45,2.03,0.41,105.0,0.46,235.5,0.47,132.37,0.54,55.5,0.53,129.37,0.55,10.33,0.59,222.0,0.01,0.01,2340.6335,1776355529000
1776355531.403,31.403,0.41,98.3,0.4,232.5,0.42,15.0,0.43,15.0,0.54,235.5,0.53,132.37,0.59,105.0,0.6,222.0,0.01,0.05,2340.495721,1776355530000
1776355531.702,31.702,0.41,221.69,0.4,115.5,0.42,31.0,0.43,20.0,0.58,15.0,0.57,15.0,0.59,98.3,0.6,232.5,0.01,0.01,2340.495721,1776355530000
1776355532.501,32.501,0.41,227.19,0.4,194.5,0.42,10.0,0.43,10.0,0.58,31.0,0.57,20.0,0.59,221.69,0.6,115.5,0.01,0.01,2340.38881,1776355531000
1776355532.873,32.873,0.46,244.0,0.45,120.0,0.47,0.14,0.48,17.37,0.56,10.0,0.55,10.0,0.59,232.19,0.6,194.5,0.01,0.03,2340.38881,1776355531000
1776355533.169,33.169,0.46,244.0,0.45,120.0,0.48,13.53,0.49,5.0,0.53,0.14,0.52,17.37,0.54,244.0,0.55,120.0,0.02,0.01,2340.38881,1776355531000
1776355534.274,34.274,0.46,110.0,0.45,232.0,0.48,11.44,0.49,15.5,0.52,13.53,0.51,5.0,0.54,225.48,0.55,120.0,0.02,0.02,2340.270045,1776355532000
1776355535.777,35.777,0.47,96.92,0.46,110.0,0.48,11.44,0.49,15.5,0.52,11.44,0.51,15.5,0.54,110.0,0.55,232.0,0.01,0.02,2340.210132,1776355533000
1776355536.099,36.099,0.45,194.93,0.44,130.5,0.48,11.44,0.49,15.5,0.52,11.44,0.51,15.5,0.53,96.92,0.54,110.0,0.03,0.01,2340.628727,1776355534000
1776355536.894,36.894,0.47,4.33,0.46,10.0,0.48,111.44,0.49,227.0,0.52,11.44,0.51,15.5,0.55,194.93,0.56,130.5,0.01,0.03,2340.628727,1776355534000
1776355538.389,38.389,0.45,133.3,0.44,30.5,0.48,116.44,0.49,222.0,0.52,111.44,0.51,227.0,0.53,4.33,0.54,10.0,0.03,0.01,2340.669505,1776355536000
1776355538.929,38.929,0.47,31.7,0.46,137.5,0.48,11.44,0.49,5.0,0.52,116.44,0.51,222.0,0.55,133.3,0.56,30.5,0.01,0.03,2340.67551,1776355537000
1776355539.165,39.165,0.47,42.2,0.46,142.5,0.48,8.03,0.49,5.0,0.52,11.44,0.51,5.0,0.53,31.7,0.54,137.5,0.01,0.01,2340.67551,1776355537000
1776355539.54,39.54,0.47,159.2,0.46,20.5,0.48,8.03,0.49,5.0,0.52,8.03,0.51,5.0,0.53,14.5,0.54,137.5,0.01,0.01,2340.67551,1776355537000
1776355539.828,39.828,0.47,138.5,0.46,20.5,0.49,5.0,0.5,116.0,0.49,133.5,0.48,191.42,0.53,140.0,0.54,20.5,0.02,0.04,2340.67551,1776355537000
1776355540.121,40.121,0.47,126.5,0.46,20.5,0.49,5.0,0.5,227.5,0.51,5.0,0.5,116.0,0.53,138.5,0.54,20.5,0.02,0.02,2340.688124,1776355538000
1776355540.362,40.362,0.47,126.5,0.46,20.5,0.49,0.91,0.5,227.5,0.51,5.0,0.5,227.5,0.53,126.5,0.54,20.5,0.02,0.02,2340.688124,1776355538000
1776355541.384,41.384,0.48,20.5,0.47,128.6,0.5,10.5,0.51,150.5,0.51,0.91,0.5,227.5,0.53,123.6,0.54,20.5,0.02,0.02,2340.692367,1776355539000
1776355541.714,41.714,0.49,3.85,0.48,142.5,0.51,40.5,0.52,85.5,0.5,10.5,0.49,150.5,0.52,20.5,0.53,128.6,0.02,0.02,2340.692367,1776355539000
1776355541.982,41.982,0.49,17.88,0.48,142.5,0.5,9.66,0.51,33.5,0.5,13.5,0.49,33.5,0.51,17.88,0.52,142.5,0.01,0.01,2340.879235,1776355540000
1776355542.28,42.28,0.49,28.38,0.48,142.5,0.5,1.16,0.51,33.5,0.5,9.66,0.49,33.5,0.51,17.88,0.52,142.5,0.01,0.01,2340.879235,1776355540000
1776355542.591,42.591,0.49,47.58,0.48,142.5,0.51,20.29,0.52,202.5,0.5,1.16,0.49,33.5,0.51,28.38,0.52,142.5,0.02,0.01,2340.879235,1776355540000
1776355542.888,42.888,0.49,28.38,0.48,142.5,0.51,26.94,0.52,202.5,0.49,20.29,0.48,202.5,0.51,47.58,0.52,142.5,0.02,0.02,2340.892095,1776355541000
1776355543.102,43.102,0.5,10.0,0.49,12.38,0.51,28.7,0.52,202.5,0.49,26.94,0.48,202.5,0.51,28.38,0.52,142.5,0.01,0.02,2340.892095,1776355541000
1776355543.914,43.914,0.5,10.0,0.49,17.38,0.51,16.06,0.52,202.5,0.49,28.7,0.48,202.5,0.5,10.0,0.51,12.38,0.01,0.01,2340.902245,1776355542000
1776355544.334,44.334,0.5,10.0,0.49,17.38,0.52,188.5,0.53,82.0,0.49,16.06,0.48,202.5,0.5,10.0,0.51,17.38,0.02,0.01,2340.997768,1776355543000
1776355544.888,44.888,0.5,440.03,0.48,10.0,0.51,163.7,0.52,71.5,0.48,188.5,0.47,82.0,0.5,10.0,0.51,17.38,0.01,0.02,2340.997768,1776355543000
1776355545.719,45.719,0.5,231.23,0.49,127.0,0.51,20.5,0.52,78.5,0.49,144.5,0.48,71.5,0.5,233.23,0.52,10.0,0.01,0.01,2341.042833,1776355544000
1776355546.425,46.425,0.5,228.11,0.49,10.0,0.51,47.5,0.52,71.5,0.49,20.5,0.48,78.5,0.5,231.23,0.51,127.0,0.01,0.01,2341.06901,1776355545000
1776355549.868,49.868,0.5,359.11,0.49,10.0,0.51,40.5,0.52,76.5,0.49,47.5,0.48,71.5,0.5,228.11,0.51,10.0,0.01,0.01,2340.859739,1776355548000
1776355550.071,50.071,0.5,359.11,0.49,10.0,0.51,33.0,0.52,76.5,0.49,40.5,0.48,76.5,0.5,359.11,0.51,10.0,0.01,0.01,2340.859739,1776355548000
1776355552.47,52.47,0.5,369.61,0.49,33.32,0.51,3.03,0.52,66.0,0.49,33.0,0.48,76.5,0.5,359.11,0.51,10.0,0.01,0.01,2340.86799,1776355551000
1776355553.108,53.108,0.5,374.61,0.49,33.32,0.52,46.76,0.53,92.5,0.49,3.03,0.48,66.0,0.5,369.61,0.51,33.32,0.02,0.01,2340.86799,1776355551000
1776355555.793,55.793,0.5,158.5,0.49,33.32,0.52,46.76,0.53,92.5,0.48,46.76,0.47,92.5,0.5,374.61,0.51,33.32,0.02,0.02,2340.990924,1776355554000
1776355556.69,56.69,0.54,17.0,0.53,52.0,0.55,12.09,0.56,138.0,0.48,46.76,0.47,92.5,0.5,158.5,0.51,33.32,0.01,0.02,2341.000817,1776355555000
1776355556.914,56.914,0.54,73.0,0.53,52.0,0.55,9.09,0.56,138.0,0.45,18.54,0.44,138.0,0.46,26.0,0.47,52.0,0.01,0.01,2341.000817,1776355555000
1776355557.358,57.358,0.54,73.0,0.53,57.0,0.55,2.65,0.56,138.0,0.45,9.09,0.44,138.0,0.46,73.0,0.47,52.0,0.01,0.01,2341.000817,1776355555000
1776355558.093,58.093,0.55,281.5,0.54,25.5,0.56,2.5,0.57,5.0,0.45,2.65,0.44,138.0,0.46,73.0,0.47,57.0,0.01,0.01,2341.04062,1776355556000
1776355558.295,58.295,0.56,50.5,0.55,161.7,0.58,1.38,0.59,85.5,0.43,5.0,0.42,5.0,0.45,245.7,0.46,25.5,0.02,0.02,2341.201071,1776355557000
1776355558.904,58.904,0.58,10.0,0.57,10.0,0.59,78.85,0.6,12.0,0.41,83.85,0.4,12.0,0.44,88.5,0.45,161.7,0.01,0.03,2341.201071,1776355557000
1776355559.119,59.119,0.58,73.0,0.57,15.0,0.62,75.0,0.63,84.0,0.41,65.61,0.4,12.0,0.42,30.0,0.43,15.0,0.04,0.01,2341.201071,1776355557000
1776355559.429,59.429,0.6,46.0,0.59,10.0,0.62,49.18,0.63,84.0,0.38,75.0,0.37,84.0,0.42,73.0,0.43,15.0,0.02,0.04,2341.4144,1776355558000
1776355560.054,60.054,0.6,7.81,0.59,10.0,0.62,185.68,0.63,177.12,0.38,49.18,0.37,84.0,0.4,46.0,0.41,10.0,0.02,0.02,2341.611105,1776355559000
1776355561.018,61.018,0.56,7.0,0.55,10.0,0.57,151.5,0.58,30.5,0.39,5.09,0.38,245.18,0.44,5.0,0.48,3.61,0.01,0.05,2341.780885,1776355560000
1776355561.27,61.27,0.56,7.0,0.55,10.0,0.57,160.0,0.58,100.5,0.43,151.5,0.42,30.5,0.44,7.0,0.45,10.0,0.01,0.01,2341.780885,1776355560000
1776355561.944,61.944,0.52,189.5,0.51,15.0,0.57,96.87,0.58,110.5,0.43,160.0,0.42,100.5,0.44,7.0,0.45,10.0,0.05,0.01,2341.780885,1776355560000
1776355562.763,62.763,0.52,172.5,0.51,25.5,0.54,20.25,0.55,20.0,0.43,96.87,0.42,110.5,0.48,189.5,0.49,15.0,0.02,0.05,2341.703685,1776355561000
1776355562.975,62.975,0.52,167.5,0.51,31.5,0.54,7.85,0.55,15.0,0.46,20.25,0.45,20.0,0.48,172.5,0.49,25.5,0.02,0.02,2341.703685,1776355561000
1776355563.873,63.873,0.53,23.0,0.52,142.5,0.54,19.85,0.55,23.0,0.46,7.85,0.45,15.0,0.48,167.5,0.49,31.5,0.01,0.02,2341.438497,1776355562000
1776355564.919,64.919,0.54,174.7,0.53,20.5,0.55,5.0,0.58,202.0,0.46,19.85,0.45,23.0,0.47,23.0,0.48,142.5,0.01,0.01,2341.33897,1776355563000
1776355565.435,65.435,0.54,144.6,0.53,21.5,0.55,5.0,0.57,5.0,0.45,5.0,0.42,202.0,0.46,174.7,0.47,20.5,0.01,0.01,2341.325568,1776355564000
1776355566.331,66.331,0.54,5.0,0.53,15.0,0.55,39.0,0.56,132.0,0.45,5.0,0.43,5.0,0.46,144.6,0.47,21.5,0.01,0.01,2341.262891,1776355565000
1776355567.483,67.483,0.56,10.0,0.55,10.0,0.57,6.22,0.58,85.0,0.45,15.18,0.44,15.0,0.46,10.0,0.47,20.0,0.01,0.01,2341.429356,1776355566000
1776355569.357,69.357,0.55,6.8,0.54,10.0,0.56,213.5,0.57,96.72,0.43,6.22,0.42,85.0,0.44,10.0,0.45,10.0,0.01,0.01,2341.37968,1776355567000
1776355570.806,70.806,0.52,2.0,0.51,15.5,0.53,36.2,0.54,10.0,0.44,189.5,0.43,96.72,0.46,10.0,0.47,10.0,0.01,0.02,2341.395689,1776355569000
1776355571.522,71.522,0.51,99.92,0.5,31.5,0.52,133.9,0.53,10.0,0.47,36.2,0.46,10.0,0.48,2.0,0.49,15.5,0.01,0.01,2341.321865,1776355570000
1776355571.88,71.88,0.51,206.92,0.5,25.5,0.52,109.9,0.55,10.0,0.48,133.9,0.47,10.0,0.49,99.92,0.5,31.5,0.01,0.01,2341.321865,1776355570000
1776355572.407,72.407,0.51,184.93,0.5,40.5,0.52,105.9,0.55,5.0,0.48,109.9,0.45,10.0,0.49,206.92,0.5,25.5,0.01,0.01,2341.190286,1776355571000
1776355573.873,73.873,0.51,47.31,0.5,35.5,0.52,5.78,0.55,5.0,0.48,11.9,0.45,5.0,0.49,215.73,0.5,40.5,0.01,0.01,2341.16696,1776355572000
1776355575.647,75.647,0.5,31.5,0.49,27.82,0.52,5.78,0.53,5.0,0.48,5.78,0.45,5.0,0.49,47.31,0.5,35.5,0.02,0.01,2341.315411,1776355574000
1776355575.928,75.928,0.5,22.66,0.49,27.82,0.51,5.0,0.52,5.78,0.48,5.78,0.47,5.0,0.5,27.66,0.51,27.82,0.01,0.02,2341.315411,1776355574000
1776355576.497,76.497,0.5,2.66,0.49,12.82,0.51,5.0,0.52,5.78,0.49,5.0,0.48,5.78,0.5,17.66,0.51,27.82,0.01,0.01,2341.335381,1776355575000
1776355577.453,77.453,0.51,153.5,0.5,50.5,0.52,0.78,0.58,145.0,0.49,5.0,0.48,5.78,0.5,2.66,0.51,12.82,0.01,0.01,2341.327228,1776355576000
1776355578.862,78.862,0.63,27.0,0.62,15.5,0.64,64.92,0.66,66.5,0.42,153.78,0.41,5.0,0.49,153.5,0.5,20.5,0.01,0.07,2341.167555,1776355577000
1776355579.163,79.163,0.63,56.0,0.62,132.5,0.64,5.82,0.66,36.5,0.36,5.92,0.34,36.5,0.37,27.0,0.38,15.5,0.01,0.01,2341.167555,1776355577000
1776355580.397,80.397,0.65,139.0,0.64,16.0,0.67,10.0,0.68,151.5,0.34,134.57,0.33,15.5,0.37,173.0,0.38,15.5,0.02,0.03,2341.768398,1776355579000
1776355580.775,80.775,0.65,22.0,0.64,26.5,0.68,154.8,0.69,70.0,0.33,10.0,0.32,151.5,0.35,139.0,0.36,16.0,0.03,0.02,2341.768398,1776355579000
1776355581.206,81.206,0.65,10.0,0.64,10.0,0.66,155.56,0.67,87.21,0.32,154.8,0.31,70.0,0.35,22.0,0.36,26.5,0.01,0.03,2341.768398,1776355579000
1776355581.512,81.512,0.64,26.0,0.63,15.0,0.65,196.21,0.66,33.5,0.34,135.56,0.33,87.21,0.36,10.0,0.37,15.0,0.01,0.02,2342.167953,1776355580000
1776355581.812,81.812,0.64,3.6,0.63,15.0,0.65,75.27,0.66,150.5,0.35,196.21,0.34,33.5,0.36,19.6,0.37,15.0,0.01,0.01,2342.167953,1776355580000
1776355582.37,82.37,0.64,19.6,0.63,15.0,0.65,149.84,0.66,33.5,0.35,56.88,0.34,150.5,0.36,3.6,0.37,15.0,0.01,0.01,2342.211653,1776355581000
1776355583.059,83.059,0.63,15.39,0.62,133.0,0.65,531.26,0.66,33.5,0.35,149.84,0.34,33.5,0.36,19.6,0.37,15.0,0.02,0.01,2342.300069,1776355582000
1776355584.118,84.118,0.63,12.41,0.62,133.0,0.64,5.0,0.65,448.3,0.35,531.26,0.34,33.5,0.37,15.39,0.38,133.0,0.01,0.02,2342.300069,1776355582000
1776355585.294,85.294,0.63,9.7,0.62,16.0,0.64,34.27,0.65,336.3,0.36,5.0,0.35,448.3,0.37,12.41,0.38,133.0,0.01,0.01,2342.04952,1776355583000
1776355585.723,85.723,0.63,14.7,0.62,10.0,0.64,141.77,0.65,331.3,0.36,34.27,0.35,336.3,0.37,9.7,0.38,16.0,0.01,0.01,2342.041188,1776355584000
1776355586.341,86.341,0.62,10.0,0.61,10.0,0.64,185.77,0.65,329.3,0.36,141.77,0.35,331.3,0.37,14.7,0.38,10.0,0.02,0.01,2342.037939,1776355585000
1776355586.614,86.614,0.61,5.0,0.6,10.0,0.62,29.88,0.63,210.0,0.38,36.5,0.37,93.0,0.39,5.0,0.4,10.0,0.01,0.01,2342.037939,1776355585000
1776355586.916,86.916,0.6,7.25,0.59,10.0,0.61,25.5,0.62,210.88,0.38,53.88,0.37,210.0,0.4,10.0,0.41,15.0,0.01,0.02,2342.037939,1776355585000
1776355587.171,87.171,0.59,10.0,0.58,10.0,0.61,195.27,0.62,88.88,0.39,25.5,0.38,210.88,0.4,7.25,0.41,10.0,0.02,0.01,2342.037939,1776355585000
1776355587.505,87.505,0.58,10.0,0.57,10.0,0.6,242.5,0.61,136.27,0.39,195.27,0.38,88.88,0.41,10.0,0.42,10.0,0.02,0.02,2342.034242,1776355586000
1776355588.473,88.473,0.53,108.46,0.52,10.0,0.58,15.0,0.59,193.86,0.41,15.5,0.4,277.5,0.42,4.0,0.43,10.0,0.05,0.01,2341.825989,1776355587000
1776355590.747,90.747,0.54,163.5,0.53,15.5,0.55,2.72,0.56,10.0,0.42,15.0,0.41,193.86,0.47,108.46,0.48,10.0,0.01,0.05,2341.46615,1776355589000
1776355591.136,91.136,0.57,23.17,0.56,25.5,0.58,7.0,0.59,132.0,0.45,2.72,0.44,10.0,0.46,163.5,0.47,15.5,0.01,0.01,2341.46615,1776355589000
1776355591.424,91.424,0.57,17.31,0.56,30.5,0.58,7.0,0.59,117.0,0.42,7.0,0.41,132.0,0.43,23.17,0.44,25.5,0.01,0.01,2341.38853,1776355590000
1776355593.761,93.761,0.56,10.0,0.55,15.5,0.57,14.34,0.58,132.0,0.42,7.0,0.41,117.0,0.43,17.31,0.44,30.5,0.01,0.01,2341.456272,1776355592000
1776355594.381,94.381,0.56,162.7,0.55,15.5,0.57,9.34,0.58,10.0,0.43,14.34,0.42,132.0,0.44,10.0,0.45,15.5,0.01,0.01,2341.56199,1776355593000
1776355594.928,94.928,0.56,230.2,0.55,15.5,0.59,6.98,0.6,10.0,0.43,9.34,0.42,10.0,0.44,165.2,0.45,15.5,0.03,0.01,2341.56199,1776355593000
1776355595.566,95.566,0.59,24.18,0.58,25.5,0.61,5.0,0.62,192.0,0.41,6.98,0.4,10.0,0.44,230.2,0.45,15.5,0.02,0.03,2341.496763,1776355594000
1776355596.195,96.195,0.61,39.0,0.6,20.5,0.64,23.26,0.65,538.3,0.39,5.0,0.38,192.0,0.41,24.18,0.42,25.5,0.03,0.02,2341.48872,1776355595000
1776355596.688,96.688,0.62,36.5,0.61,26.5,0.65,269.57,0.66,96.0,0.36,2.59,0.35,284.38,0.39,23.0,0.4,21.5,0.03,0.03,2341.48872,1776355595000
1776355597.325,97.325,0.63,1.48,0.62,10.0,0.64,138.5,0.65,162.07,0.35,146.57,0.34,96.0,0.37,6.0,0.38,147.5,0.01,0.02,2341.80499,1776355596000
1776355598.777,98.777,0.63,30.0,0.62,13.48,0.65,268.26,0.66,107.5,0.36,162.5,0.35,162.07,0.38,8.48,0.39,15.0,0.02,0.02,2341.899348,1776355597000
1776355599.527,99.527,0.63,32.29,0.62,145.98,0.65,151.26,0.66,107.5,0.35,268.26,0.34,107.5,0.37,30.0,0.38,13.48,0.02,0.02,2342.001385,1776355598000
1776355599.895,99.895,0.61,10.0,0.6,15.0,0.64,141.26,0.65,169.76,0.35,151.26,0.34,107.5,0.37,32.29,0.38,145.98,0.03,0.02,2342.001385,1776355598000
1776355600.743,100.743,0.61,10.0,0.6,15.0,0.62,9.22,0.63,127.0,0.36,141.26,0.35,169.76,0.39,10.0,0.4,15.0,0.01,0.03,2342.001385,1776355598000
1776355602.278,102.278,0.64,5.0,0.63,20.5,0.65,140.95,0.66,98.0,0.37,121.22,0.36,13.26,0.39,10.0,0.4,15.0,0.01,0.02,2341.999295,1776355600000
1776355602.563,102.563,0.64,185.58,0.63,41.5,0.65,135.95,0.66,91.0,0.35,140.95,0.34,98.0,0.36,5.0,0.37,20.5,0.01,0.01,2341.84372,1776355601000
1776355602.836,102.836,0.64,159.08,0.63,41.5,0.65,129.64,0.66,91.0,0.35,135.95,0.34,91.0,0.36,185.58,0.37,41.5,0.01,0.01,2341.84372,1776355601000
1776355603.239,103.239,0.64,188.78,0.63,36.5,0.65,118.56,0.66,91.0,0.35,126.06,0.34,91.0,0.36,169.58,0.37,41.5,0.01,0.01,2341.921136,1776355602000
1776355604.872,104.872,0.64,22.08,0.63,36.5,0.65,116.77,0.66,96.0,0.35,118.56,0.34,91.0,0.36,188.78,0.37,36.5,0.01,0.01,2341.895283,1776355603000
1776355606.172,106.172,0.64,8.0,0.63,10.0,0.65,256.27,0.66,156.5,0.35,116.77,0.34,96.0,0.36,22.08,0.37,36.5,0.01,0.01,2342.08551,1776355604000
1776355606.693,106.693,0.62,10.0,0.61,15.0,0.63,3.15,0.64,154.5,0.36,27.5,0.35,249.27,0.38,10.0,0.39,15.0,0.01,0.02,2342.06123,1776355605000
1776355606.96,106.96,0.62,10.0,0.61,20.0,0.64,135.65,0.65,158.07,0.37,3.15,0.36,154.5,0.38,10.0,0.39,15.0,0.02,0.01,2342.06123,1776355605000
1776355607.692,107.692,0.62,10.0,0.61,20.0,0.64,130.65,0.65,148.07,0.36,135.65,0.35,158.07,0.38,10.0,0.39,20.0,0.02,0.02,2342.040578,1776355606000
1776355608.65,108.65,0.62,15.0,0.61,137.0,0.64,15.43,0.65,265.07,0.36,130.65,0.35,148.07,0.38,10.0,0.39,20.0,0.02,0.02,2341.885402,1776355607000
1776355609.652,109.652,0.63,5.0,0.62,10.0,0.64,182.1,0.65,215.57,0.36,15.43,0.35,265.07,0.38,15.0,0.39,137.0,0.01,0.02,2341.853725,1776355608000
1776355610.292,110.292,0.57,2.63,0.56,29.0,0.58,10.0,0.59,34.0,0.36,182.1,0.35,215.57,0.37,5.0,0.38,10.0,0.01,0.01,2341.853725,1776355608000
1776355610.681,110.681,0.57,148.83,0.56,34.0,0.6,80.0,0.61,80.0,0.42,10.0,0.41,34.0,0.43,2.63,0.44,29.0,0.03,0.01,2341.827197,1776355609000
1776355610.905,110.905,0.59,154.5,0.58,20.5,0.6,4.0,0.61,10.0,0.4,80.0,0.39,80.0,0.43,148.83,0.44,34.0,0.01,0.03,2341.827197,1776355609000
1776355611.353,111.353,0.59,138.46,0.58,25.5,0.62,5.0,0.63,5.0,0.4,4.0,0.39,10.0,0.41,154.5,0.42,20.5,0.03,0.01,2341.808195,1776355610000
1776355612.75,112.75,0.61,30.5,0.6,31.5,0.65,281.3,0.66,157.0,0.38,5.0,0.37,5.0,0.41,138.46,0.42,25.5,0.04,0.03,2341.768511,1776355611000
1776355613.72,113.72,0.61,15.0,0.6,20.0,0.63,13.65,0.64,10.5,0.35,281.3,0.34,157.0,0.39,30.5,0.4,31.5,0.02,0.04,2341.796355,1776355612000
1776355614.739,114.739,0.55,20.16,0.54,5.0,0.57,10.0,0.58,10.0,0.37,10.68,0.36,10.5,0.39,15.0,0.4,20.0,0.02,0.02,2341.791565,1776355613000
1776355614.963,114.963,0.52,10.02,0.51,5.0,0.55,20.0,0.56,70.0,0.43,10.0,0.42,10.0,0.45,20.16,0.46,5.0,0.03,0.02,2341.791565,1776355613000
1776355615.403,115.403,0.51,5.47,0.5,5.0,0.52,8.7,0.53,5.0,0.45,35.0,0.44,80.5,0.49,5.47,0.5,5.0,0.01,0.04,2341.791565,1776355613000
1776355616.246,116.246,0.53,10.49,0.52,137.5,0.54,80.0,0.55,132.0,0.48,8.7,0.47,5.0,0.49,5.47,0.5,5.0,0.01,0.01,2341.720655,1776355615000
1776355617.495,117.495,0.57,25.5,0.56,147.5,0.6,71.0,0.61,30.6,0.44,122.07,0.43,33.5,0.47,31.49,0.48,137.5,0.03,0.03,2341.299154,1776355616000
1776355618.165,118.165,0.6,5.0,0.59,137.5,0.62,10.27,0.63,26.18,0.4,76.0,0.39,30.6,0.43,24.1,0.44,147.5,0.02,0.03,2341.299154,1776355616000
1776355618.799,118.799,0.62,5.0,0.61,39.7,0.63,14.42,0.64,70.0,0.37,25.92,0.36,207.6,0.4,5.0,0.41,137.5,0.01,0.03,2341.0056,1776355617000
1776355621.347,121.347,0.62,5.0,0.61,10.0,0.63,349.39,0.64,53.5,0.37,14.42,0.36,70.0,0.38,5.0,0.39,39.7,0.01,0.01,2341.61296,1776355620000
1776355621.854,121.854,0.57,15.63,0.56,15.0,0.58,5.0,0.6,80.0,0.4,10.0,0.39,173.5,0.43,28.88,0.44,20.0,0.01,0.03,2341.61296,1776355620000
1776355624.088,124.088,0.61,36.5,0.6,132.5,0.62,70.42,0.63,10.0,0.4,81.5,0.39,207.0,0.43,15.63,0.44,132.0,0.01,0.03,2341.415769,1776355623000
1776355624.869,124.869,0.61,281.5,0.6,33.5,0.62,49.43,0.65,100.0,0.38,70.42,0.37,10.0,0.39,36.5,0.4,132.5,0.01,0.01,2341.415769,1776355623000
1776355625.878,125.878,0.69,10.5,0.68,28.5,0.7,24.17,0.72,5.0,0.34,13.91,0.33,70.0,0.36,18.31,0.37,5.0,0.01,0.02,2341.53006,1776355624000
1776355626.314,126.314,0.72,10.0,0.71,33.5,0.74,158.21,0.75,122.5,0.27,33.01,0.26,70.0,0.31,26.5,0.32,28.5,0.02,0.04,2341.670015,1776355625000
1776355626.891,126.891,0.71,31.39,0.7,20.5,0.74,158.21,0.75,112.0,0.26,158.21,0.25,122.5,0.28,10.0,0.29,33.5,0.03,0.02,2341.670015,1776355625000
1776355627.22,127.22,0.72,5.0,0.71,37.39,0.73,3.0,0.74,275.21,0.27,3.0,0.26,275.21,0.28,10.0,0.29,37.39,0.01,0.01,2341.670015,1776355625000
1776355628.364,128.364,0.75,47.5,0.74,32.5,0.76,65.75,0.77,100.0,0.26,274.27,0.25,122.5,0.28,5.0,0.29,37.39,0.01,0.02,2342.39969,1776355627000
1776355628.773,128.773,0.75,27.5,0.74,138.5,0.76,55.53,0.77,100.0,0.24,60.53,0.23,100.0,0.25,47.5,0.26,37.5,0.01,0.01,2342.39969,1776355627000
1776355629.209,129.209,0.75,20.5,0.74,145.5,0.76,41.42,0.77,105.0,0.24,47.42,0.23,105.0,0.25,47.5,0.26,138.5,0.01,0.01,2342.712175,1776355628000
1776355629.612,129.612,0.73,15.5,0.72,15.5,0.76,291.42,0.77,195.24,0.24,41.42,0.23,105.0,0.25,20.5,0.26,145.5,0.03,0.01,2342.712175,1776355628000
1776355629.913,129.913,0.73,15.5,0.72,145.5,0.74,2.81,0.75,100.0,0.24,291.42,0.23,195.24,0.27,15.5,0.28,15.5,0.01,0.03,2342.712175,1776355628000
1776355630.181,130.181,0.73,25.5,0.72,145.5,0.74,0.81,0.75,105.0,0.26,2.81,0.25,100.0,0.27,15.5,0.28,145.5,0.01,0.01,2342.74309,1776355629000
1776355630.898,130.898,0.73,7.0,0.72,5.0,0.74,105.81,0.75,121.5,0.26,0.81,0.25,105.0,0.27,25.5,0.28,145.5,0.01,0.01,2342.74309,1776355629000
1776355631.24,131.24,0.73,44.75,0.72,5.0,0.74,225.64,0.75,190.64,0.26,100.0,0.25,121.5,0.27,44.75,0.28,5.0,0.01,0.01,2342.74309,1776355629000
1776355631.544,131.544,0.73,55.25,0.72,15.5,0.74,73.21,0.75,180.14,0.26,106.42,0.25,180.14,0.27,55.25,0.28,15.5,0.01,0.01,2342.74309,1776355629000
1776355632.054,132.054,0.75,31.5,0.74,170.5,0.78,163.58,0.79,111.0,0.26,69.84,0.25,180.14,0.27,71.25,0.28,137.5,0.03,0.01,2342.98166,1776355630000
1776355632.525,132.525,0.76,7.0,0.75,63.5,0.77,98.0,0.78,160.58,0.22,160.58,0.21,111.0,0.24,10.5,0.25,31.5,0.01,0.02,2342.951805,1776355631000
1776355632.759,132.759,0.75,255.5,0.74,127.5,0.78,187.0,0.79,21.5,0.24,8.0,0.22,192.0,0.25,38.5,0.26,244.5,0.03,0.01,2342.951805,1776355631000
1776355634.65,134.65,0.77,24.56,0.76,15.0,0.78,192.0,0.79,21.5,0.22,187.0,0.21,21.5,0.25,255.5,0.26,127.5,0.01,0.03,2343.212726,1776355633000
1776355634.974,134.974,0.77,24.56,0.76,137.0,0.78,72.97,0.79,138.5,0.22,192.0,0.21,21.5,0.23,24.56,0.24,15.0,0.01,0.01,2343.212726,1776355633000
1776355635.238,135.238,0.77,17.98,0.76,20.0,0.78,68.97,0.79,138.5,0.22,72.97,0.21,138.5,0.23,17.98,0.24,137.0,0.01,0.01,2343.212726,1776355633000
1776355635.623,135.623,0.75,13.98,0.74,16.0,0.78,210.06,0.79,10.5,0.22,179.56,0.21,21.5,0.23,17.98,0.24,15.0,0.03,0.01,2343.134033,1776355634000
1776355635.929,135.929,0.75,5.98,0.74,10.0,0.77,10.5,0.78,272.06,0.22,210.06,0.21,10.5,0.25,13.98,0.26,16.0,0.02,0.03,2343.134033,1776355634000
1776355637.111,137.111,0.73,15.5,0.72,138.5,0.74,95.0,0.75,121.0,0.24,12.0,0.23,92.5,0.27,83.54,0.28,127.5,0.01,0.03,2343.133988,1776355635000
1776355637.732,137.732,0.76,42.5,0.75,28.5,0.77,239.44,0.78,162.56,0.26,95.0,0.25,121.0,0.27,15.5,0.28,138.5,0.01,0.01,2343.13366,1776355636000
1776355638.689,138.689,0.76,57.5,0.75,155.5,0.77,232.94,0.78,162.56,0.23,239.44,0.22,162.56,0.24,42.5,0.25,28.5,0.01,0.01,2343.035884,1776355637000
1776355638.956,138.956,0.76,57.5,0.75,155.5,0.77,231.64,0.78,162.56,0.23,232.94,0.22,162.56,0.24,57.5,0.25,155.5,0.01,0.01,2342.88891,1776355638000
1776355639.81,139.81,0.77,17.0,0.76,43.5,0.78,74.31,0.79,115.5,0.23,231.64,0.22,162.56,0.24,57.5,0.25,155.5,0.01,0.01,2342.88891,1776355638000
1776355640.536,140.536,0.77,22.65,0.76,38.5,0.78,66.53,0.79,15.5,0.22,91.53,0.21,115.5,0.23,22.0,0.24,38.5,0.01,0.01,2343.079925,1776355639000
1776355642.674,142.674,0.79,15.0,0.78,27.0,0.8,14.75,0.81,232.5,0.22,60.03,0.21,20.5,0.23,22.65,0.24,38.5,0.01,0.01,2343.1265,1776355641000
1776355642.889,142.889,0.79,12.49,0.78,144.0,0.8,25.25,0.81,232.5,0.2,14.75,0.19,232.5,0.21,15.0,0.22,27.0,0.01,0.01,2343.1265,1776355641000
1776355643.204,143.204,0.79,5.0,0.78,147.55,0.8,10.5,0.81,29.5,0.2,21.35,0.19,232.5,0.22,140.55,0.23,39.5,0.01,0.02,2343.1265,1776355641000
1776355643.426,143.426,0.79,10.0,0.78,142.55,0.8,3.75,0.81,162.5,0.2,10.5,0.19,29.5,0.21,5.0,0.22,147.55,0.01,0.01,2343.20181,1776355642000
1776355645.471,145.471,0.8,62.5,0.79,154.5,0.81,10.88,0.82,170.0,0.2,3.75,0.19,162.5,0.21,10.0,0.22,142.55,0.01,0.01,2343.200264,1776355643000
1776355646.132,146.132,0.8,50.5,0.79,149.5,0.82,186.64,0.83,130.5,0.19,0.88,0.18,292.0,0.2,50.5,0.21,149.5,0.02,0.01,2343.201683,1776355644000
1776355648.183,148.183,0.81,35.0,0.8,37.5,0.82,63.54,0.83,232.0,0.18,186.64,0.17,130.5,0.19,5.0,0.2,50.5,0.01,0.01,2343.386799,1776355647000
1776355648.721,148.721,0.8,15.0,0.79,15.0,0.82,327.04,0.83,115.5,0.18,63.54,0.17,232.0,0.19,35.0,0.2,37.5,0.02,0.01,2343.386799,1776355647000
1776355649.198,149.198,0.8,7.0,0.79,20.0,0.81,120.5,0.82,303.04,0.18,327.04,0.17,115.5,0.2,15.0,0.21,15.0,0.01,0.02,2343.4611,1776355648000
1776355649.926,149.926,0.8,4.0,0.79,20.0,0.81,5.0,0.82,210.44,0.19,120.5,0.18,303.04,0.2,4.0,0.21,20.0,0.01,0.01,2343.4611,1776355648000
1776355650.338,150.338,0.82,17.5,0.81,28.5,0.83,7.0,0.84,80.0,0.19,5.0,0.18,210.44,0.2,4.0,0.21,20.0,0.01,0.01,2343.464365,1776355649000
1776355652.404,152.404,0.83,212.5,0.82,38.5,0.84,7.0,0.85,10.0,0.17,2.0,0.16,80.0,0.18,35.5,0.19,28.5,0.01,0.01,2343.44893,1776355651000
1776355652.646,152.646,0.85,26.38,0.84,27.5,0.86,30.02,0.87,10.0,0.14,6.12,0.13,10.0,0.16,27.5,0.17,161.5,0.01,0.02,2343.44893,1776355651000
1776355653.519,153.519,0.86,35.0,0.85,25.88,0.87,280.86,0.88,125.5,0.14,22.93,0.13,10.0,0.15,26.38,0.16,27.5,0.01,0.01,2343.574916,1776355652000
1776355653.925,153.925,0.85,8.88,0.84,32.5,0.87,261.86,0.88,125.5,0.13,280.86,0.12,125.5,0.14,35.0,0.15,25.88,0.02,0.01,2343.574916,1776355652000
1776355654.26,154.26,0.85,33.88,0.84,37.5,0.86,12.0,0.87,260.86,0.13,255.86,0.12,125.5,0.15,8.88,0.16,32.5,0.01,0.02,2343.603405,1776355653000
1776355654.66,154.66,0.85,33.88,0.84,37.5,0.87,252.86,0.88,125.5,0.14,12.0,0.13,260.86,0.15,33.88,0.16,37.5,0.02,0.01,2343.603405,1776355653000
1776355655.739,155.739,0.87,59.24,0.86,140.5,0.88,2.12,0.89,249.0,0.13,252.86,0.12,125.5,0.15,33.88,0.16,37.5,0.01,0.02,2344.088494,1776355654000
1776355656.615,156.615,0.88,30.68,0.87,16.0,0.9,201.67,0.91,170.0,0.11,248.12,0.1,305.0,0.13,64.24,0.14,140.5,0.02,0.02,2344.062221,1776355655000
1776355657.963,157.963,0.87,270.5,0.86,125.5,0.88,22.86,0.89,39.0,0.1,155.5,0.09,70.0,0.12,25.68,0.13,16.0,0.01,0.02,2344.033785,1776355656000
1776355658.474,158.474,0.87,270.5,0.86,125.5,0.88,5.55,0.89,10.0,0.12,11.55,0.11,10.0,0.13,282.5,0.14,132.5,0.01,0.01,2344.262605,1776355657000
1776355658.733,158.733,0.87,270.5,0.86,132.5,0.89,0.55,0.9,285.0,0.12,5.55,0.11,10.0,0.13,270.5,0.14,125.5,0.02,0.01,2344.262605,1776355657000
1776355659.01,159.01,0.88,264.5,0.87,133.5,0.9,73.54,0.91,138.0,0.11,0.55,0.1,285.0,0.13,270.5,0.14,132.5,0.02,0.02,2344.262605,1776355657000
1776355660.638,160.638,0.89,160.23,0.88,239.5,0.9,8.88,0.91,138.0,0.1,10.0,0.09,138.0,0.11,3.73,0.12,264.5,0.01,0.01,2344.121774,1776355658000
1776355661.682,161.682,0.89,107.58,0.88,249.5,0.9,1.1,0.91,138.0,0.1,1.1,0.09,138.0,0.11,160.23,0.12,239.5,0.01,0.01,2344.331528,1776355660000
1776355662.648,162.648,0.9,148.5,0.89,90.08,0.91,116.09,0.92,112.61,0.09,138.0,0.08,183.42,0.11,118.08,0.12,249.5,0.01,0.02,2344.331528,1776355660000
1776355662.902,162.902,0.9,110.0,0.89,98.08,0.91,123.61,0.92,97.61,0.09,111.09,0.08,112.61,0.1,148.5,0.11,90.08,0.01,0.01,2344.574125,1776355661000
1776355663.13,163.13,0.9,110.0,0.89,98.08,0.91,154.96,0.92,97.61,0.09,123.61,0.08,97.61,0.1,110.0,0.11,98.08,0.01,0.01,2344.574125,1776355661000
1776355664.34,164.34,0.9,110.0,0.89,89.58,0.91,116.0,0.92,97.61,0.09,154.96,0.08,97.61,0.1,110.0,0.11,98.08,0.01,0.01,2344.567195,1776355663000
1776355665.619,165.619,0.89,95.08,0.88,250.5,0.91,143.66,0.92,82.9,0.09,105.06,0.08,97.61,0.1,110.0,0.11,89.58,0.02,0.01,2344.52123,1776355664000
1776355666.25,166.25,0.9,113.0,0.89,252.52,0.91,22.58,0.92,39.0,0.09,143.66,0.08,82.9,0.11,95.08,0.12,250.5,0.01,0.02,2344.501395,1776355665000
1776355666.875,166.875,0.9,103.88,0.89,143.52,0.91,39.58,0.92,149.0,0.09,22.58,0.08,39.0,0.1,113.0,0.11,252.52,0.01,0.01,2344.501395,1776355665000
1776355667.818,167.818,0.9,125.0,0.89,260.52,0.92,115.53,0.93,84.3,0.09,39.58,0.08,149.0,0.1,103.88,0.11,143.52,0.02,0.01,2344.34977,1776355666000
1776355668.36,168.36,0.9,25.0,0.89,133.02,0.92,124.57,0.93,84.3,0.08,115.53,0.07,84.3,0.1,125.0,0.11,260.52,0.02,0.02,2344.34977,1776355666000
1776355669.691,169.691,0.89,272.52,0.88,133.5,0.91,189.83,0.92,122.0,0.08,124.57,0.07,84.3,0.1,25.0,0.11,133.02,0.02,0.02,2344.42522,1776355668000
1776355669.895,169.895,0.9,125.0,0.89,262.52,0.91,176.33,0.92,132.0,0.09,175.33,0.08,122.0,0.11,272.52,0.12,133.5,0.01,0.02,2344.42522,1776355668000
1776355670.401,170.401,0.89,262.52,0.88,133.5,0.9,321.25,0.91,181.33,0.09,176.33,0.08,132.0,0.1,125.0,0.11,262.52,0.01,0.01,2344.42522,1776355668000
1776355670.801,170.801,0.89,145.52,0.88,133.5,0.9,310.19,0.91,181.33,0.1,321.25,0.09,181.33,0.11,262.52,0.12,133.5,0.01,0.01,2344.3999,1776355669000
1776355673.105,173.105,0.89,357.41,0.88,131.5,0.9,308.52,0.91,169.33,0.1,310.19,0.09,181.33,0.11,145.52,0.12,133.5,0.01,0.01,2344.362385,1776355671000
1776355673.499,173.499,0.89,337.41,0.88,131.5,0.9,323.52,0.91,169.33,0.1,308.52,0.09,169.33,0.11,357.41,0.12,131.5,0.01,0.01,2344.304474,1776355672000
1776355674.005,174.005,0.89,347.41,0.88,131.5,0.9,302.4,0.91,169.33,0.1,323.52,0.09,169.33,0.11,337.41,0.12,131.5,0.01,0.01,2344.304474,1776355672000
1776355674.619,174.619,0.89,347.41,0.88,131.5,0.9,296.84,0.91,169.33,0.1,302.4,0.09,169.33,0.11,347.41,0.12,131.5,0.01,0.01,2344.465327,1776355673000
1776355674.999,174.999,0.89,338.23,0.88,131.5,0.9,294.77,0.91,169.33,0.1,296.84,0.09,169.33,0.11,347.41,0.12,131.5,0.01,0.01,2344.465327,1776355673000
1776355675.236,175.236,0.89,338.23,0.88,131.5,0.9,286.68,0.91,169.33,0.1,294.77,0.09,169.33,0.11,338.23,0.12,131.5,0.01,0.01,2344.465327,1776355673000
1776355675.844,175.844,0.89,338.23,0.88,131.5,0.9,278.59,0.91,169.33,0.1,286.68,0.09,169.33,0.11,338.23,0.12,131.5,0.01,0.01,2344.46988,1776355674000
1776355676.276,176.276,0.89,338.23,0.88,131.5,0.9,265.35,0.91,169.33,0.1,273.44,0.09,169.33,0.11,338.23,0.12,131.5,0.01,0.01,2344.46988,1776355674000
1776355677.276,177.276,0.89,383.57,0.88,161.5,0.9,182.05,0.91,169.33,0.1,265.35,0.09,169.33,0.11,329.13,0.12,131.5,0.01,0.01,2344.576815,1776355676000
1776355677.596,177.596,0.89,405.57,0.88,191.5,0.9,150.76,0.91,169.33,0.1,170.99,0.09,169.33,0.11,383.57,0.12,161.5,0.01,0.01,2344.576815,1776355676000
1776355677.801,177.801,0.89,465.57,0.88,165.6,0.9,122.35,0.91,169.33,0.1,142.58,0.09,169.33,0.11,395.57,0.12,165.6,0.01,0.01,2344.576815,1776355676000
1776355678.076,178.076,0.89,565.57,0.88,165.6,0.9,35.19,0.91,169.33,0.1,65.19,0.09,169.33,0.11,565.57,0.12,165.6,0.01,0.01,2344.576815,1776355676000
1776355678.4,178.4,0.9,155.5,0.89,598.36,0.91,149.39,0.92,10.0,0.09,157.57,0.08,10.0,0.1,155.5,0.11,583.36,0.01,0.01,2344.576815,1776355676000
1776355678.642,178.642,0.9,284.5,0.89,476.36,0.91,139.29,0.92,10.0,0.09,149.39,0.08,10.0,0.1,155.5,0.11,598.36,0.01,0.01,2344.576815,1776355676000
1776355678.866,178.866,0.9,327.5,0.89,436.36,0.91,109.29,0.92,10.0,0.09,139.29,0.08,10.0,0.1,284.5,0.11,476.36,0.01,0.01,2344.576815,1776355676000
1776355679.21,179.21,0.9,473.37,0.89,401.36,0.91,13.93,0.92,10.0,0.09,22.11,0.08,10.0,0.1,327.5,0.11,436.36,0.01,0.01,2344.576815,1776355676000
1776355679.572,179.572,0.91,136.5,0.9,524.37,0.92,5.0,0.93,24.0,0.08,10.0,0.07,24.0,0.1,473.37,0.11,401.36,0.01,0.02,2344.622047,1776355678000
1776355679.818,179.818,0.92,134.5,0.91,136.5,0.93,17.63,0.94,26.0,0.07,20.86,0.06,26.0,0.09,136.5,0.1,524.37,0.01,0.02,2344.622047,1776355678000
1776355680.119,180.119,0.92,150.5,0.91,195.5,0.93,6.84,0.94,26.0,0.07,7.92,0.06,26.0,0.08,150.5,0.09,165.5,0.01,0.01,2344.76904,1776355679000
1776355680.445,180.445,0.92,155.5,0.91,195.5,0.94,24.15,0.95,51.0,0.07,0.22,0.06,26.0,0.08,150.5,0.09,195.5,0.02,0.01,2344.76904,1776355679000
1776355680.764,180.764,0.93,15.5,0.92,195.4,0.94,8.19,0.95,51.0,0.06,13.51,0.05,51.0,0.08,195.4,0.09,205.5,0.01,0.02,2344.76904,1776355679000
1776355681.127,181.127,0.93,236.56,0.92,190.4,0.94,2.88,0.95,51.0,0.06,8.19,0.05,51.0,0.07,21.5,0.08,195.4,0.01,0.01,2344.76904,1776355679000
1776355681.621,181.621,0.94,196.3,0.93,230.56,0.95,45.94,0.96,80.0,0.05,51.0,0.04,80.0,0.07,236.56,0.08,190.4,0.01,0.02,2345.460034,1776355680000
1776355682.14,182.14,0.94,238.05,0.93,230.56,0.95,38.08,0.96,55.0,0.05,160.3,0.04,80.0,0.06,230.05,0.07,230.56,0.01,0.01,2345.460034,1776355680000
1776355682.864,182.864,0.9,62.29,0.89,394.92,0.95,32.81,0.96,55.0,0.05,52.81,0.04,55.0,0.06,238.05,0.07,230.56,0.05,0.01,2345.729895,1776355681000
1776355683.161,183.161,0.94,10.0,0.93,15.37,0.95,20.17,0.96,55.0,0.05,22.27,0.04,55.0,0.07,15.37,0.08,106.0,0.01,0.02,2345.729895,1776355681000
1776355683.743,183.743,0.95,129.3,0.94,15.5,0.96,34.37,0.97,361.0,0.04,44.74,0.03,361.0,0.05,28.5,0.06,25.5,0.01,0.01,2345.72608,1776355682000
1776355684.136,184.136,0.95,244.49,0.94,15.5,0.96,28.11,0.97,361.0,0.04,33.32,0.03,361.0,0.05,207.49,0.06,15.5,0.01,0.01,2345.72608,1776355682000
1776355684.486,184.486,0.95,244.49,0.94,15.5,0.96,26.01,0.97,361.0,0.04,27.06,0.03,361.0,0.05,233.99,0.06,15.5,0.01,0.01,2345.72608,1776355682000
1776355684.968,184.968,0.95,612.11,0.94,132.5,0.96,23.93,0.97,361.0,0.04,26.01,0.03,361.0,0.05,244.49,0.06,15.5,0.01,0.01,2346.061918,1776355683000
1776355685.249,185.249,0.95,318.11,0.94,138.5,0.97,330.26,0.98,277.0,0.04,23.93,0.03,361.0,0.05,612.11,0.06,132.5,0.02,0.01,2346.851082,1776355684000
1776355685.474,185.474,0.95,244.42,0.94,15.5,0.97,315.79,0.98,277.0,0.03,320.94,0.02,277.0,0.05,328.61,0.06,138.5,0.02,0.02,2346.851082,1776355684000
1776355685.689,185.689,0.96,10.0,0.95,244.42,0.97,310.63,0.98,277.0,0.03,311.67,0.02,277.0,0.04,10.0,0.05,244.42,0.01,0.01,2346.851082,1776355684000
1776355685.926,185.926,0.96,114.0,0.95,633.92,0.97,301.34,0.98,277.0,0.03,304.41,0.02,277.0,0.04,114.0,0.05,633.92,0.01,0.01,2346.851082,1776355684000
1776355686.14,186.14,0.96,207.19,0.95,621.92,0.97,290.14,0.98,277.0,0.03,292.2,0.02,277.0,0.04,207.19,0.05,621.92,0.01,0.01,2346.851082,1776355684000
1776355686.344,186.344,0.96,218.19,0.95,574.92,0.97,265.82,0.98,277.0,0.03,266.86,0.02,277.0,0.04,218.19,0.05,574.92,0.01,0.01,2347.121825,1776355685000
1776355686.616,186.616,0.96,209.54,0.95,184.92,0.97,253.14,0.98,277.0,0.03,255.49,0.02,277.0,0.04,209.54,0.05,174.92,0.01,0.01,2347.121825,1776355685000
1776355686.832,186.832,0.96,256.54,0.95,174.92,0.97,211.9,0.98,277.0,0.03,213.96,0.02,277.0,0.04,216.54,0.05,184.92,0.01,0.01,2347.121825,1776355685000
1776355687.094,187.094,0.96,237.98,0.95,174.92,0.97,153.3,0.98,277.0,0.03,153.3,0.02,277.0,0.04,256.54,0.05,174.92,0.01,0.01,2347.121825,1776355685000
1776355687.489,187.489,0.96,244.98,0.95,205.42,0.97,143.0,0.98,240.0,0.03,153.3,0.02,277.0,0.04,237.98,0.05,174.92,0.01,0.01,2347.121825,1776355685000
1776355687.764,187.764,0.96,244.98,0.95,205.42,0.97,40.96,0.98,240.0,0.03,141.96,0.02,240.0,0.04,244.98,0.05,205.42,0.01,0.01,2347.049645,1776355686000
1776355688.495,188.495,0.96,338.68,0.95,195.42,0.97,25.51,0.98,240.0,0.03,40.96,0.02,240.0,0.04,244.98,0.05,205.42,0.01,0.01,2347.049645,1776355686000
1776355688.871,188.871,0.98,243.81,0.97,187.0,0.99,1941.01,,,0.01,2041.01,,,0.02,42.99,0.04,338.68,0.01,0.01,2347.059621,1776355687000
1776355689.1,189.1,0.98,243.81,0.97,310.7,0.99,1711.32,,,0.01,1853.34,,,0.02,243.81,0.03,310.7,0.01,0.01,2347.059621,1776355687000
1776355690.802,190.802,0.98,427.51,0.97,446.7,0.99,1656.06,,,0.01,1676.26,,,0.02,243.81,0.03,310.7,0.01,0.01,2347.51195,1776355689000
1776355691.411,191.411,0.98,427.51,0.97,704.7,0.99,1581.06,,,0.01,1656.06,,,0.02,427.51,0.03,451.7,0.01,0.01,2347.51195,1776355689000
1776355691.704,191.704,0.98,418.33,0.97,721.7,0.99,1528.54,,,0.01,1448.54,,,0.02,418.33,0.03,721.7,0.01,0.01,2347.78794,1776355690000
1776355691.913,191.913,0.98,437.7,0.97,727.7,0.99,736.21,,,0.01,791.97,,,0.02,437.7,0.03,721.7,0.01,0.01,2347.78794,1776355690000
1776355692.247,192.247,0.98,335.7,0.97,624.7,0.99,620.48,,,0.01,622.48,,,0.02,437.7,0.03,727.7,0.01,0.01,2347.78794,1776355690000
1776355692.981,192.981,0.99,2087.14,0.98,324.52,,,,,,,,,0.01,1904.52,0.02,335.7,,,2347.76242,1776355692000
1776355693.211,193.211,0.99,2085.86,0.98,324.52,,,,,,,,,0.01,2077.98,0.02,324.52,,,2347.76242,1776355692000
1776355694.03,194.03,0.99,2027.57,0.98,140.82,,,,,,,,,0.01,2057.57,0.02,324.52,,,2347.76242,1776355692000
1776355694.398,194.398,0.99,2260.29,0.98,324.52,,,,,,,,,0.01,1998.57,0.02,140.82,,,2348.203017,1776355693000
1776355695.189,195.189,0.99,2245.53,0.98,324.52,,,,,,,,,0.01,2260.29,0.02,324.52,,,2348.203017,1776355693000
1776355695.524,195.524,0.99,2239.52,0.98,324.52,,,,,,,,,0.01,2245.53,0.02,324.52,,,2347.814793,1776355694000
1776355696.015,196.015,0.99,1881.2,0.98,324.52,,,,,,,,,0.01,2135.9,0.02,324.52,,,2347.814793,1776355694000
1776355696.473,196.473,0.99,1940.09,0.98,508.22,,,,,,,,,0.01,1881.2,0.02,324.52,,,2347.814793,1776355694000
1776355701.52,201.52,0.99,2163.71,0.98,508.22,,,,,,,,,0.01,1940.09,0.02,508.22,,,2348.97408,1776355700000
1776355703.448,203.448,0.99,1911.58,0.98,508.22,,,,,,,,,0.01,1906.58,0.02,508.22,,,2349.03036,1776355702000
1776355705.51,205.51,0.99,1683.98,0.98,513.22,,,,,,,,,0.01,1911.58,0.02,508.22,,,2348.506553,1776355704000
1776355705.866,205.866,0.99,1676.66,0.98,513.22,,,,,,,,,0.01,1683.98,0.02,513.22,,,2348.506553,1776355704000
1776355707.575,207.575,0.99,1650.11,0.98,508.22,,,,,,,,,0.01,1676.66,0.02,513.22,,,2348.177368,1776355706000
1776355719.988,219.988,0.99,1677.76,0.98,498.03,,,,,,,,,0.01,1612.61,0.02,508.22,,,2347.62922,1776355718000
1776355720.923,220.923,0.99,1583.39,0.98,498.03,,,,,,,,,0.01,1677.76,0.02,498.03,,,2348.177729,1776355719000
1776355722.695,222.695,0.99,1554.3,0.98,498.03,,,,,,,,,0.01,1583.39,0.02,498.03,,,2348.067935,1776355721000
1776355723.01,223.01,0.99,1454.3,0.98,498.03,,,,,,,,,0.01,1554.3,0.02,498.03,,,2348.067935,1776355721000
1776355725.187,225.187,0.98,498.03,0.97,710.85,,,,,,,,,0.01,1454.3,0.02,498.03,,,2347.395119,1776355724000
1776355725.573,225.573,0.98,483.03,0.97,710.85,,,,,,,,,0.02,498.03,0.03,710.85,,,2347.395119,1776355724000
1776355726.548,226.548,0.99,89.9,0.98,420.39,,,,,,,,,0.02,483.03,0.03,710.85,,,2346.948455,1776355725000
1776355729.91,229.91,0.99,159.9,0.98,415.39,,,,,,,,,0.01,89.9,0.02,420.39,,,2346.45587,1776355728000
1776355730.499,230.499,0.98,183.7,0.97,346.61,,,,,,,,,0.01,159.9,0.02,415.39,,,2346.443985,1776355729000
1776355731.175,231.175,0.98,188.7,0.97,346.61,,,,,,,,,0.02,183.7,0.03,346.61,,,2346.443985,1776355729000
1776355732.877,232.877,0.98,195.7,0.97,346.61,0.99,55.0,,,,,,,0.02,188.7,0.03,346.61,0.01,,2346.423901,1776355731000
1776355733.213,233.213,0.98,193.7,0.97,401.61,,,,,0.01,55.0,,,0.02,195.7,0.03,346.61,,0.01,2346.410735,1776355732000
1776355733.565,233.565,0.98,198.7,0.97,401.61,,,,,,,,,0.02,193.7,0.03,401.61,,,2346.410735,1776355732000
1776355733.98,233.98,0.98,198.7,0.97,401.61,,,,,,,,,0.02,198.7,0.03,401.61,,,2346.206955,1776355733000
1776355734.522,234.522,0.98,195.7,0.97,361.61,0.99,8.98,,,,,,,0.02,183.7,0.03,361.61,0.01,,2346.206955,1776355733000
1776355734.744,234.744,0.98,183.7,0.97,353.61,0.99,8.98,,,0.01,8.98,,,0.02,195.7,0.03,361.61,0.01,0.01,2346.206955,1776355733000
1776355735.187,235.187,0.98,188.7,0.97,353.61,,,,,,,,,0.02,183.7,0.03,353.61,,,2346.11855,1776355734000
1776355735.736,235.736,0.98,188.7,0.97,353.61,,,,,,,,,0.02,188.7,0.03,353.61,,,2346.11855,1776355734000
1776355735.945,235.945,0.98,183.7,0.97,323.61,0.99,8.98,,,,,,,0.02,183.7,0.03,323.61,0.01,,2346.11855,1776355734000
1776355736.882,236.882,0.99,22.04,0.98,183.7,,,,,0.01,7.96,,,0.02,183.7,0.03,323.61,,0.01,2346.061787,1776355735000
1776355737.152,237.152,0.98,188.7,0.97,323.61,,,,,,,,,0.01,22.04,0.02,183.7,,,2346.061787,1776355735000
1776355740.38,240.38,0.98,183.7,0.97,308.61,,,,,,,,,0.02,183.7,0.03,308.61,,,2345.70759,1776355739000
1776355740.796,240.796,0.98,183.7,0.97,308.61,,,,,,,,,0.01,390.9,0.02,183.7,,,2345.70759,1776355739000
1776355741.284,241.284,0.98,183.7,0.97,288.61,0.99,5.0,,,,,,,0.02,183.7,0.03,308.61,0.01,,2345.730228,1776355740000
1776355741.998,241.998,0.99,15.0,0.98,188.7,,,,,0.01,5.0,,,0.02,183.7,0.03,138.27,,0.01,2345.730228,1776355740000
1776355742.342,242.342,0.98,183.7,0.97,133.27,,,,,,,,,0.01,15.0,0.02,188.7,,,2345.653112,1776355741000
1776355743.072,243.072,0.98,183.7,0.97,133.27,,,,,,,,,0.02,183.7,0.03,133.27,,,2345.653112,1776355741000
1776355744.373,244.373,0.98,188.7,0.97,138.27,0.99,2.97,,,,,,,0.02,183.7,0.03,133.27,0.01,,2345.144425,1776355743000
1776355744.808,244.808,0.98,183.7,0.97,88.27,0.99,5.0,,,,,,,0.02,188.7,0.03,138.27,0.01,,2345.144425,1776355743000
1776355745.096,245.096,0.98,183.7,0.97,82.27,,,,,,,,,0.01,5.0,0.02,183.7,,,2345.144425,1776355743000
1776355745.32,245.32,0.98,198.7,0.97,82.27,0.99,90.0,,,,,,,0.02,203.7,0.03,82.27,0.01,,2345.590895,1776355744000
1776355745.613,245.613,0.99,100.0,0.98,198.7,,,,,0.01,90.0,,,0.02,198.7,0.03,82.27,,0.01,2345.590895,1776355744000
1776355745.892,245.892,0.98,198.7,0.97,82.27,0.99,295.96,,,,,,,0.02,198.7,0.03,77.27,0.01,,2345.590895,1776355744000
1776355746.228,246.228,0.98,198.7,0.97,87.27,0.99,4.95,,,0.01,295.96,,,0.02,198.7,0.03,82.27,0.01,0.01,2345.245774,1776355745000
1776355746.572,246.572,0.99,5.05,0.98,203.7,,,,,0.01,4.95,,,0.02,198.7,0.03,87.27,,0.01,2345.245774,1776355745000
1776355746.847,246.847,0.98,203.7,0.97,77.27,,,,,,,,,0.01,5.05,0.02,203.7,,,2345.245774,1776355745000
1776355747.061,247.061,0.98,206.86,0.97,87.27,0.99,196.96,,,,,,,0.02,203.7,0.03,77.27,0.01,,2345.245774,1776355745000
1776355747.43,247.43,0.98,183.7,0.97,70.04,,,,,0.01,1.96,,,0.02,206.86,0.03,87.27,,0.01,2344.831945,1776355746000
1776355747.893,247.893,0.98,183.7,0.97,70.04,0.99,93.29,,,0.01,92.0,,,0.02,183.7,0.03,70.04,0.01,0.01,2344.831945,1776355746000
1776355748.259,248.259,0.98,183.7,0.97,70.04,0.99,77.27,,,0.01,78.29,,,0.02,183.7,0.03,70.04,0.01,0.01,2344.831945,1776355746000
1776355748.515,248.515,0.98,183.7,0.97,70.04,0.99,72.27,,,0.01,77.27,,,0.02,183.7,0.03,70.04,0.01,0.01,2344.674192,1776355747000
1776355749.163,249.163,0.98,183.7,0.97,50.04,0.99,268.23,,,0.01,72.27,,,0.02,183.7,0.03,70.04,0.01,0.01,2344.674192,1776355747000
1776355749.479,249.479,0.98,183.7,0.97,50.04,0.99,257.21,,,0.01,277.21,,,0.02,183.7,0.03,50.04,0.01,0.01,2344.670186,1776355748000
1776355749.7,249.7,0.98,183.7,0.97,50.04,0.99,256.19,,,0.01,257.21,,,0.02,183.7,0.03,50.04,0.01,0.01,2344.670186,1776355748000
1776355749.952,249.952,0.98,183.7,0.97,50.04,0.99,236.08,,,0.01,246.08,,,0.02,183.7,0.03,50.04,0.01,0.01,2344.670186,1776355748000
1776355750.309,250.309,0.98,183.7,0.97,30.04,0.99,236.08,,,0.01,236.08,,,0.02,183.7,0.03,50.04,0.01,0.01,2344.670186,1776355748000
1776355750.871,250.871,0.98,198.89,0.97,30.04,0.99,39.1,,,0.01,236.08,,,0.02,183.7,0.03,30.04,0.01,0.01,2344.732351,1776355749000
1776355751.615,251.615,0.98,193.89,0.97,30.04,0.99,13.02,,,0.01,18.08,,,0.02,198.89,0.03,30.04,0.01,0.01,2344.73517,1776355750000
1776355752.27,252.27,0.98,183.7,0.97,20.23,0.99,7.97,,,0.01,13.02,,,0.02,183.7,0.03,20.23,0.01,0.01,2344.73517,1776355750000
1776355752.685,252.685,0.98,183.7,0.97,15.4,0.99,7.97,,,0.01,7.97,,,0.02,183.7,0.03,20.23,0.01,0.01,2344.639077,1776355751000
1776355753.269,253.269,0.98,183.7,0.97,10.4,,,,,,,,,0.02,183.7,0.03,15.4,,,2344.66705,1776355752000
1776355755.494,255.494,0.98,183.7,0.97,10.4,0.99,54.56,,,,,,,0.02,183.7,0.03,10.4,0.01,,2344.529371,1776355754000
1776355755.75,255.75,0.98,183.7,0.97,10.4,0.99,48.49,,,0.01,54.56,,,0.02,183.7,0.03,10.4,0.01,0.01,2344.529371,1776355754000
1776355756.171,256.171,0.98,183.7,0.97,10.4,0.99,18.38,,,0.01,38.38,,,0.02,183.7,0.03,10.4,0.01,0.01,2344.529371,1776355754000
1776355756.379,256.379,0.98,183.7,0.97,10.4,,,,,0.01,8.38,,,0.02,183.7,0.03,10.4,,0.01,2344.544815,1776355755000
1776355756.615,256.615,0.98,183.7,0.97,0.4,,,,,,,,,0.02,183.7,0.03,10.4,,,2344.544815,1776355755000
1776355757.324,257.324,0.98,183.7,0.97,0.4,0.99,95.0,,,,,,,0.02,183.7,0.03,0.4,0.01,,2344.544815,1776355755000
1776355757.763,257.763,0.98,183.7,0.96,104.22,0.99,89.76,,,0.01,95.0,,,0.02,183.7,0.03,0.4,0.01,0.01,2344.540009,1776355756000
1776355758.313,258.313,0.98,183.7,0.96,104.22,0.99,90.01,,,0.01,87.04,,,0.02,183.7,0.04,104.22,0.01,0.01,2344.341065,1776355757000
1776355758.647,258.647,0.98,183.7,0.96,104.22,0.99,95.01,,,0.01,90.01,,,0.02,183.7,0.04,104.22,0.01,0.01,2344.341065,1776355757000
1776355759.589,259.589,0.98,183.7,0.96,54.22,0.99,145.01,,,0.01,95.01,,,0.02,183.7,0.04,104.22,0.01,0.01,2344.309661,1776355758000
1776355759.818,259.818,0.98,183.7,0.96,4.22,0.99,124.8,,,0.01,124.8,,,0.02,183.7,0.04,44.22,0.01,0.01,2344.309661,1776355758000
1776355760.121,260.121,0.98,183.7,0.96,4.22,0.99,121.3,,,0.01,124.8,,,0.02,183.7,0.04,4.22,0.01,0.01,2344.309661,1776355758000
1776355760.626,260.626,0.98,183.7,0.96,4.22,0.99,50.29,,,0.01,121.3,,,0.02,183.7,0.04,4.22,0.01,0.01,2344.166541,1776355759000
1776355760.836,260.836,0.98,183.7,0.96,4.22,0.99,135.23,,,0.01,145.23,,,0.02,183.7,0.04,4.22,0.01,0.01,2344.166541,1776355759000
1776355761.248,261.248,0.98,195.49,0.96,4.22,0.99,16.71,,,0.01,117.73,,,0.02,183.7,0.04,4.22,0.01,0.01,2343.95395,1776355760000
1776355761.588,261.588,0.98,183.7,0.96,4.22,0.99,1.5,,,0.01,16.71,,,0.02,183.7,0.04,4.22,0.01,0.01,2343.95395,1776355760000
1776355765.486,265.486,0.98,183.7,0.96,4.22,0.99,86.5,,,0.01,1.5,,,0.02,183.7,0.04,4.22,0.01,0.01,2343.24706,1776355764000
1776355765.77,265.77,0.98,183.7,0.96,4.22,0.99,64.41,,,0.01,66.5,,,0.02,183.7,0.04,4.22,0.01,0.01,2343.24706,1776355764000
1776355766.727,266.727,0.98,183.7,0.96,4.22,0.99,36.83,,,0.01,64.41,,,0.02,183.7,0.04,4.22,0.01,0.01,2343.231153,1776355765000
1776355767.713,267.713,0.98,183.7,0.95,80.02,0.99,26.72,,,0.01,26.72,,,0.02,183.7,0.04,4.22,0.01,0.01,2343.247521,1776355766000
1776355768.128,268.128,0.98,183.7,0.95,60.02,0.99,36.72,,,0.01,26.72,,,0.02,183.7,0.05,80.02,0.01,0.01,2343.379542,1776355767000
1776355768.795,268.795,0.98,183.7,0.95,60.02,0.99,1.2,,,0.01,31.2,,,0.02,183.7,0.05,60.02,0.01,0.01,2343.379542,1776355767000
1776355769.321,269.321,0.98,183.7,0.95,60.02,0.99,105.0,,,,,,,0.02,183.7,0.05,60.02,0.01,,2343.359964,1776355768000
1776355769.528,269.528,0.98,183.7,0.9,4.0,0.99,113.98,,,0.01,113.98,,,0.02,183.7,0.05,20.0,0.01,0.01,2343.359964,1776355768000
1776355770.172,270.172,0.98,183.7,0.95,10.0,0.99,105.94,,,0.01,113.98,,,0.02,183.7,0.11,75.61,0.01,0.01,2343.193709,1776355769000
1776355771.412,271.412,0.98,183.7,0.93,19.0,0.99,90.94,,,0.01,105.94,,,0.02,183.7,0.05,10.0,0.01,0.01,2343.129381,1776355770000
1776355772.157,272.157,0.98,183.7,0.91,79.0,0.99,90.94,,,0.01,90.94,,,0.02,183.7,0.07,19.0,0.01,0.01,2343.0542,1776355771000
1776355773.183,273.183,0.98,183.7,0.93,19.0,0.99,70.94,,,0.01,70.94,,,0.02,204.7,0.07,19.0,0.01,0.01,2343.060172,1776355772000
1776355773.502,273.502,0.98,183.7,0.89,35.79,0.99,80.94,,,0.01,70.94,,,0.02,183.7,0.07,19.0,0.01,0.01,2343.060172,1776355772000
1776355774.034,274.034,0.98,183.7,0.9,19.0,0.99,80.94,,,0.01,80.94,,,0.02,183.7,0.11,35.79,0.01,0.01,2343.111526,1776355773000
1776355774.373,274.373,0.98,183.7,0.9,19.0,0.99,71.23,,,0.01,80.94,,,0.02,183.7,0.1,19.0,0.01,0.01,2343.111526,1776355773000
1776355774.592,274.592,0.98,183.7,0.9,19.0,0.99,66.17,,,0.01,71.23,,,0.02,183.7,0.1,19.0,0.01,0.01,2343.111526,1776355773000
1776355775.034,275.034,0.98,209.45,0.89,35.79,0.99,66.17,,,0.01,66.17,,,0.02,183.7,0.1,19.0,0.01,0.01,2343.111526,1776355773000
1776355775.313,275.313,0.89,5.0,0.87,21.0,0.91,2.62,0.92,69.0,0.01,66.17,,,0.12,19.0,0.13,6.0,0.02,0.11,2343.079175,1776355774000
1776355775.622,275.622,0.9,21.1,0.89,16.24,0.92,69.0,0.96,80.0,0.09,0.59,0.08,69.0,0.1,21.1,0.11,5.0,0.02,0.01,2343.079175,1776355774000
1776355775.826,275.826,0.87,2.98,0.85,957.62,0.92,69.0,0.96,80.0,0.08,69.0,0.04,80.0,0.1,21.1,0.11,16.24,0.05,0.02,2343.079175,1776355774000
1776355776.494,276.494,0.88,9.0,0.87,2.98,0.89,34.0,0.9,10.0,0.07,10.49,0.04,80.0,0.11,5.0,0.12,19.0,0.01,0.04,2342.914943,1776355775000
1776355776.756,276.756,0.88,19.0,0.87,2.98,0.9,6.85,0.91,10.0,0.11,2.44,0.1,10.0,0.12,19.0,0.13,2.98,0.02,0.01,2342.914943,1776355775000
1776355776.996,276.996,0.9,5.0,0.89,7.0,0.92,5.82,0.93,19.49,0.08,2.85,0.07,19.49,0.12,18.0,0.13,2.98,0.02,0.04,2342.914943,1776355775000
1776355777.227,277.227,0.9,5.0,0.89,7.0,0.93,19.49,0.94,10.0,0.08,2.82,0.07,19.49,0.1,5.0,0.11,7.0,0.03,0.02,2342.600636,1776355776000
1776355777.79,277.79,0.9,12.0,0.87,2.98,0.93,10.49,0.94,28.0,0.07,19.49,0.06,10.0,0.1,5.0,0.11,7.0,0.03,0.03,2342.600636,1776355776000
1776355778.499,278.499,0.9,12.0,0.87,2.98,0.94,7.74,0.95,10.0,0.06,23.19,0.05,10.0,0.1,22.0,0.13,2.98,0.04,0.04,2342.314935,1776355777000
1776355779.008,279.008,0.91,5.0,0.9,16.0,0.93,14.62,0.94,2.74,0.06,7.74,0.05,10.0,0.1,12.0,0.13,2.98,0.02,0.04,2342.314935,1776355777000
1776355779.382,279.382,0.89,10.0,0.88,8.0,0.9,50.02,0.91,55.0,0.1,34.0,0.06,2.74,0.13,2.98,0.14,10.0,0.01,0.03,2342.314935,1776355777000
1776355779.587,279.587,0.85,949.26,0.84,10.0,0.88,29.0,0.9,11.57,0.12,29.0,0.1,11.57,0.14,6.48,0.15,967.62,0.03,0.02,2342.314935,1776355777000
1776355780.256,280.256,0.85,828.35,0.84,10.0,0.87,39.85,0.88,5.0,0.12,29.0,0.1,11.57,0.15,838.35,0.16,10.0,0.02,0.03,2342.275837,1776355778000
1776355780.671,280.671,0.85,344.25,0.83,25.0,0.86,44.88,0.87,21.0,0.14,74.0,0.13,21.0,0.15,344.25,0.16,10.0,0.01,0.01,2342.313695,1776355779000
1776355780.894,280.894,0.85,309.21,0.83,15.0,0.86,112.06,0.89,30.0,0.14,64.06,0.13,16.0,0.15,314.25,0.17,15.0,0.01,0.01,2342.313695,1776355779000
1776355781.115,281.115,0.85,240.85,0.83,15.0,0.86,62.06,0.88,30.0,0.14,92.06,0.12,30.0,0.15,270.85,0.17,15.0,0.01,0.01,2342.313695,1776355779000
1776355781.352,281.352,0.85,153.02,0.83,15.0,0.86,138.58,0.88,69.09,0.14,160.58,0.12,69.09,0.15,203.02,0.17,15.0,0.01,0.01,2342.313695,1776355780000
1776355781.619,281.619,0.78,40.0,0.77,15.0,0.84,23.04,0.86,23.76,0.19,10.29,0.15,25.0,0.22,40.0,0.23,15.0,0.06,0.03,2342.313695,1776355780000
1776355782.076,282.076,0.79,5.0,0.78,30.0,0.81,13.51,0.85,48.0,0.16,23.04,0.14,23.76,0.22,40.0,0.23,15.0,0.02,0.06,2342.313695,1776355780000
1776355782.505,282.505,0.78,30.0,0.77,7.0,0.84,42.0,0.85,48.0,0.15,48.0,0.14,23.76,0.21,5.0,0.22,30.0,0.06,0.06,2341.95144,1776355781000
1776355782.897,282.897,0.78,30.0,0.77,7.0,0.82,24.8,0.85,48.0,0.18,2.8,0.16,42.0,0.22,30.0,0.23,7.0,0.04,0.04,2341.95144,1776355781000
1776355783.267,283.267,0.8,5.0,0.78,37.0,0.89,49.78,0.9,11.57,0.18,24.8,0.15,48.0,0.22,30.0,0.23,7.0,0.09,0.04,2341.896526,1776355782000
1776355783.776,283.776,0.72,10.9,0.71,90.0,0.75,20.0,0.77,5.0,0.11,44.73,0.1,11.57,0.2,5.0,0.22,37.0,0.03,0.09,2341.896526,1776355782000
1776355784.029,284.029,0.71,45.96,0.66,60.0,0.77,15.0,0.78,5.0,0.25,20.0,0.23,5.0,0.29,77.58,0.34,60.0,0.06,0.04,2341.896526,1776355782000
1776355784.318,284.318,0.71,15.96,0.66,10.0,0.76,47.36,0.78,57.6,0.22,3.6,0.21,5.0,0.25,5.0,0.28,6.0,0.05,0.03,2341.476928,1776355783000
1776355784.541,284.541,0.71,5.71,0.66,10.0,0.74,5.0,0.76,47.36,0.26,5.0,0.24,57.36,0.29,15.96,0.34,10.0,0.03,0.03,2341.476928,1776355783000
1776355784.849,284.849,0.69,5.0,0.68,5.0,0.7,1.16,0.71,15.0,0.29,45.0,0.26,5.0,0.31,5.0,0.32,5.0,0.01,0.02,2341.476928,1776355783000
1776355785.075,285.075,0.68,4.0,0.67,5.0,0.71,5.0,0.73,5.0,0.27,5.0,0.26,15.0,0.32,4.0,0.33,5.0,0.03,0.05,2341.476928,1776355783000
1776355785.377,285.377,0.68,4.0,0.63,36.0,0.71,5.0,0.73,5.0,0.29,5.0,0.27,5.0,0.32,4.0,0.33,5.0,0.03,0.03,2341.39159,1776355784000
1776355786.153,286.153,0.7,14.28,0.68,4.0,0.75,17.84,0.76,57.36,0.29,5.0,0.27,5.0,0.32,4.0,0.37,36.0,0.05,0.03,2341.381011,1776355785000
1776355786.525,286.525,0.7,10.65,0.6,10.0,0.71,155.0,0.75,17.84,0.25,17.84,0.24,57.36,0.3,14.28,0.32,4.0,0.01,0.05,2341.381011,1776355785000
1776355786.734,286.734,0.51,8.97,0.5,10.0,0.59,5.0,0.61,6.21,0.39,6.21,0.36,30.0,0.47,16.0,0.48,10.0,0.08,0.08,2341.381011,1776355785000
1776355787.024,287.024,0.5,3.92,0.49,22.82,0.55,6.66,0.59,5.0,0.41,5.0,0.39,56.21,0.51,28.82,0.52,10.0,0.05,0.1,2341.381011,1776355785000
1776355787.279,287.279,0.48,7.0,0.46,53.28,0.61,54.01,0.64,35.0,0.45,6.66,0.39,56.21,0.54,53.28,0.55,10.0,0.13,0.09,2341.148373,1776355786000
1776355787.801,287.801,0.48,7.0,0.46,41.44,0.6,7.0,0.61,54.01,0.39,54.01,0.38,7.0,0.52,7.0,0.54,41.44,0.12,0.13,2341.148373,1776355786000
1776355788.125,288.125,0.45,10.0,0.44,10.0,0.48,16.0,0.49,10.0,0.51,19.2,0.44,50.0,0.54,13.3,0.56,40.0,0.03,0.03,2341.148373,1776355786000
1776355788.336,288.336,0.44,4.05,0.43,10.0,0.46,45.65,0.49,54.32,0.54,45.65,0.51,24.32,0.55,10.0,0.56,10.0,0.02,0.01,2341.09973,1776355787000
1776355788.541,288.541,0.37,0.66,0.36,10.0,0.41,70.0,0.46,29.01,0.59,50.0,0.54,29.01,0.63,13.66,0.64,10.0,0.04,0.04,2341.09973,1776355787000
1776355788.775,288.775,0.31,58.16,0.3,10.0,0.33,5.0,0.34,6.0,0.62,6.0,0.59,30.0,0.68,9.41,0.69,60.0,0.02,0.06,2341.09973,1776355787000
1776355788.99,288.99,0.45,17.14,0.29,30.4,0.46,29.01,0.49,35.12,0.54,29.01,0.53,5.0,0.71,30.4,0.72,10.0,0.01,0.17,2341.09973,1776355787000
1776355789.214,289.214,0.45,1.91,0.41,60.0,0.49,10.0,0.5,10.0,0.51,10.0,0.5,10.0,0.55,7.0,0.59,50.0,0.04,0.04,2341.09973,1776355787000
1776355789.441,289.441,0.52,2.84,0.41,50.64,0.53,2.66,0.54,10.0,0.47,2.66,0.46,10.0,0.59,36.64,0.6,40.0,0.01,0.12,2340.935066,1776355788000
1776355790.076,290.076,0.45,0.11,0.41,50.64,0.56,56.64,0.57,10.0,0.44,56.64,0.43,10.0,0.55,5.99,0.59,50.64,0.11,0.11,2340.86455,1776355789000
1776355790.469,290.469,0.6,19.2,0.58,12.0,0.65,9.01,0.66,60.0,0.39,54.01,0.38,7.0,0.48,7.63,0.49,9.8,0.05,0.09,2340.86455,1776355789000
1776355790.951,290.951,0.66,50.0,0.61,50.0,0.7,36.0,0.71,10.0,0.31,0.68,0.3,36.0,0.44,46.0,0.49,89.05,0.04,0.13,2340.86455,1776355789000
1776355791.179,291.179,0.71,44.53,0.66,50.0,0.79,8.74,0.8,50.0,0.25,33.84,0.24,10.0,0.29,44.53,0.34,50.0,0.08,0.04,2340.678074,1776355790000
1776355791.501,291.501,0.73,8.28,0.72,10.0,0.77,6.04,0.78,10.0,0.23,9.9,0.22,10.0,0.27,8.28,0.28,10.0,0.04,0.04,2340.678074,1776355790000
1776355791.939,291.939,0.73,8.28,0.72,10.0,0.78,10.0,0.79,8.74,0.23,6.04,0.22,10.0,0.27,8.28,0.28,10.0,0.05,0.04,2340.678074,1776355790000
1776355792.177,292.177,0.73,2.13,0.72,10.0,0.78,5.43,0.79,8.74,0.22,5.43,0.21,8.74,0.27,8.28,0.28,10.0,0.05,0.05,2340.678074,1776355790000
1776355792.458,292.458,0.76,10.0,0.75,10.0,0.78,7.5,0.79,6.5,0.21,6.5,0.2,30.0,0.27,2.13,0.28,10.0,0.02,0.06,2340.827962,1776355791000
1776355792.855,292.855,0.75,40.0,0.74,10.0,0.78,1.25,0.79,6.5,0.22,1.25,0.21,6.5,0.24,10.0,0.25,10.0,0.03,0.02,2340.827962,1776355791000
1776355793.568,293.568,0.77,30.0,0.76,50.0,0.85,23.05,0.86,60.0,0.15,24.23,0.14,60.0,0.25,39.9,0.26,10.0,0.08,0.1,2341.294388,1776355792000
1776355793.86,293.86,0.81,50.0,0.76,50.0,0.85,2.95,0.9,5.0,0.15,22.95,0.1,5.0,0.19,50.0,0.21,12.0,0.04,0.04,2341.294388,1776355792000
1776355794.537,294.537,0.84,30.0,0.81,50.0,0.91,0.91,0.92,10.0,0.15,2.95,0.1,5.0,0.19,50.0,0.24,50.0,0.07,0.04,2341.340185,1776355793000
1776355794.764,294.764,0.85,59.0,0.84,30.0,0.92,2.08,0.93,10.0,0.09,0.91,0.08,10.0,0.16,30.0,0.19,50.0,0.07,0.07,2341.340185,1776355793000
1776355795.012,295.012,0.87,26.15,0.86,50.0,0.97,2.67,0.98,10.0,0.05,2.67,0.04,10.0,0.12,10.0,0.13,26.15,0.1,0.07,2341.340185,1776355793000
1776355795.461,295.461,0.96,4.0,0.95,28.0,0.98,14.9,0.99,1147.85,0.02,14.9,0.01,1147.85,0.03,27.33,0.05,18.0,0.02,0.01,2341.39579,1776355794000
1776355795.677,295.677,0.96,9.0,0.95,11.0,0.99,1135.53,,,0.01,1142.59,,,0.04,4.0,0.05,18.0,0.03,0.03,2341.39579,1776355794000
1776355795.983,295.983,0.98,10.0,0.97,10.0,0.99,1097.53,,,0.01,1135.53,,,0.04,9.0,0.05,11.0,0.01,0.03,2341.39579,1776355794000
1776355796.216,296.216,0.94,4.5,0.93,10.0,0.99,989.43,,,0.01,989.43,,,0.02,10.0,0.03,10.0,0.05,0.01,2341.592015,1776355795000
1776355796.897,296.897,0.99,310.93,0.95,14.0,,,,,,,,,0.02,142.0,0.03,10.0,,,2341.592015,1776355795000
1776355797.191,297.191,0.96,40.0,0.95,5.0,0.99,2486.02,,,0.01,2481.04,,,0.05,16.0,0.08,21.0,0.03,0.04,2341.77156,1776355796000
1776355797.427,297.427,0.96,64.0,0.95,5.0,0.99,1693.81,,,0.01,1703.81,,,0.04,40.0,0.05,5.0,0.03,0.03,2341.77156,1776355796000
1776355797.637,297.637,0.96,64.0,0.95,5.0,0.99,399.96,,,0.01,405.96,,,0.04,64.0,0.05,5.0,0.03,0.03,2341.77156,1776355796000
1776355797.875,297.875,0.96,24.0,0.95,10.0,0.99,248.55,,,0.01,255.42,,,0.04,24.0,0.05,10.0,0.03,0.03,2341.77156,1776355796000
1776355798.106,298.106,0.97,10.0,0.96,34.0,0.99,43.16,,,0.01,50.03,,,0.03,10.0,0.04,34.0,0.02,0.02,2341.81339,1776355797000
1776355798.835,298.835,0.99,838.37,0.98,15.0,,,,,,,,,0.01,28.84,0.03,15.0,,,2341.81339,1776355797000
1776355800.056,300.056,0.99,33850.48,0.98,28.0,,,,,,,,,0.01,838.37,0.02,15.0,,,2341.618655,1776355798000
1776355800.443,300.443,0.99,49641.55,0.98,18.0,,,,,,,,,0.01,33850.48,0.02,28.0,,,2341.613594,1776355799000

# RESULT,winner=Up,slug=eth-updown-5m-1776355500,ticks=452
