timestamp,elapsed_sec,up_bid_p1,up_bid_s1,up_bid_p2,up_bid_s2,up_ask_p1,up_ask_s1,up_ask_p2,up_ask_s2,down_bid_p1,down_bid_s1,down_bid_p2,down_bid_s2,down_ask_p1,down_ask_s1,down_ask_p2,down_ask_s2,up_spread,down_spread,eth_price,eth_oracle_ts
1776267301.576,1.576,0.54,51.54,0.53,10.0,0.64,18.03,0.67,300.0,0.4,38.0,0.39,34.0,0.47,5.0,0.48,165.18,0.1,0.07,2323.662447,1776267299000
1776267301.879,1.879,0.54,29.8,0.53,10.0,0.55,5.0,0.61,6.0,0.36,18.03,0.33,300.0,0.46,51.54,0.47,10.0,0.01,0.1,2323.66035,1776267300000
1776267302.136,2.136,0.51,129.54,0.5,10.0,0.52,19.81,0.53,12.0,0.48,5.0,0.46,8.0,0.49,129.54,0.5,10.0,0.01,0.01,2323.66035,1776267300000
1776267302.613,2.613,0.51,129.54,0.5,21.0,0.54,12.44,0.55,13.0,0.48,12.81,0.47,12.0,0.49,129.54,0.5,10.0,0.03,0.01,2323.66035,1776267300000
1776267302.948,2.948,0.51,145.54,0.5,21.0,0.52,3.65,0.53,5.0,0.46,12.44,0.45,13.0,0.49,129.54,0.5,21.0,0.01,0.03,2323.64538,1776267301000
1776267304.047,4.047,0.52,19.58,0.51,170.98,0.53,115.0,0.54,120.0,0.47,13.0,0.46,15.0,0.49,145.54,0.5,50.44,0.01,0.02,2323.707964,1776267302000
1776267304.384,4.384,0.52,21.0,0.51,275.98,0.53,103.11,0.54,105.0,0.47,115.0,0.46,120.0,0.48,19.58,0.49,170.98,0.01,0.01,2323.444766,1776267303000
1776267304.97,4.97,0.53,15.0,0.52,38.84,0.54,5.0,0.55,15.0,0.47,103.11,0.46,105.0,0.48,21.0,0.49,275.98,0.01,0.01,2323.444766,1776267303000
1776267306.223,6.223,0.55,26.0,0.54,30.0,0.57,35.0,0.58,53.0,0.46,0.37,0.45,15.0,0.47,15.0,0.48,38.84,0.02,0.01,2323.569954,1776267304000
1776267306.428,6.428,0.55,26.0,0.54,20.0,0.57,45.0,0.58,53.0,0.43,35.0,0.42,53.0,0.45,26.0,0.46,30.0,0.02,0.02,2323.569954,1776267304000
1776267306.767,6.767,0.56,5.0,0.55,36.0,0.57,19.11,0.58,58.0,0.43,50.0,0.42,58.0,0.45,26.0,0.46,20.0,0.01,0.02,2323.886334,1776267305000
1776267306.97,6.97,0.53,50.17,0.52,132.84,0.57,20.0,0.58,20.0,0.42,58.0,0.41,58.0,0.44,5.0,0.45,36.0,0.04,0.02,2323.886334,1776267305000
1776267307.34,7.34,0.56,14.0,0.55,10.0,0.57,45.45,0.58,120.0,0.43,65.45,0.42,110.0,0.44,19.0,0.45,10.0,0.01,0.01,2323.886334,1776267305000
1776267308.731,8.731,0.56,44.5,0.55,26.0,0.57,1.67,0.58,20.5,0.43,45.45,0.42,120.0,0.44,14.0,0.45,10.0,0.01,0.01,2324.133804,1776267307000
1776267310.23,10.23,0.57,35.0,0.56,14.0,0.58,96.5,0.59,640.5,0.42,10.5,0.41,28.0,0.44,34.5,0.45,36.0,0.01,0.02,2324.293967,1776267308000
1776267310.434,10.434,0.57,35.0,0.56,131.0,0.58,537.7,0.59,160.5,0.42,565.0,0.41,43.5,0.43,35.0,0.44,14.0,0.01,0.01,2324.293967,1776267308000
1776267311.274,11.274,0.57,26.51,0.56,141.5,0.58,551.7,0.59,51.5,0.42,537.7,0.41,160.5,0.43,35.0,0.44,131.0,0.01,0.01,2324.322338,1776267309000
1776267312.038,12.038,0.57,16.51,0.56,14.0,0.58,731.5,0.59,56.5,0.42,546.7,0.41,51.5,0.43,26.51,0.44,141.5,0.01,0.01,2324.437992,1776267310000
1776267312.591,12.591,0.55,10.0,0.54,19.0,0.57,801.5,0.58,132.5,0.42,761.5,0.41,56.5,0.44,4.13,0.45,10.0,0.02,0.02,2324.437992,1776267310000
1776267313.521,13.521,0.55,16.51,0.54,29.0,0.56,5.0,0.57,5.0,0.43,801.5,0.42,132.5,0.45,10.0,0.46,19.0,0.01,0.02,2324.244812,1776267311000
1776267314.03,14.03,0.55,164.01,0.54,39.5,0.56,7.78,0.57,15.0,0.44,5.0,0.43,5.0,0.45,16.51,0.46,29.0,0.01,0.01,2324.134466,1776267313000
1776267314.268,14.268,0.56,10.0,0.55,164.01,0.58,28.0,0.59,88.5,0.44,7.78,0.43,15.0,0.45,164.01,0.46,39.5,0.02,0.01,2324.134466,1776267313000
1776267315.3,15.3,0.56,10.0,0.55,16.51,0.57,647.8,0.58,48.5,0.42,28.0,0.41,88.5,0.44,10.0,0.45,164.01,0.01,0.02,2323.819245,1776267314000
1776267315.529,15.529,0.55,9.19,0.54,39.0,0.56,23.71,0.57,719.04,0.44,20.5,0.43,719.04,0.45,9.19,0.46,39.0,0.01,0.01,2323.819245,1776267314000
1776267315.758,15.758,0.55,9.19,0.54,49.0,0.56,543.71,0.57,167.04,0.44,23.71,0.43,719.04,0.45,9.19,0.46,39.0,0.01,0.01,2323.819245,1776267314000
1776267316.784,16.784,0.55,177.5,0.54,555.5,0.56,0.35,0.57,40.0,0.44,543.71,0.43,167.04,0.45,1.72,0.46,49.0,0.01,0.01,2324.073596,1776267315000
1776267317.067,17.067,0.56,17.01,0.55,181.65,0.57,35.0,0.58,61.5,0.43,35.0,0.42,61.5,0.45,176.65,0.46,85.5,0.01,0.02,2324.073596,1776267315000
1776267317.417,17.417,0.56,37.01,0.55,163.5,0.57,50.35,0.58,531.5,0.43,35.0,0.42,61.5,0.44,17.01,0.45,181.65,0.01,0.01,2324.073596,1776267315000
1776267317.699,17.699,0.56,210.01,0.55,66.5,0.57,43.37,0.58,565.5,0.43,43.57,0.42,515.5,0.44,210.01,0.45,46.5,0.01,0.01,2323.88565,1776267316000
1776267318.146,18.146,0.56,215.01,0.55,66.5,0.57,7.73,0.58,575.5,0.43,43.37,0.42,565.5,0.44,210.01,0.45,66.5,0.01,0.01,2323.861416,1776267317000
1776267320.992,20.992,0.57,682.5,0.56,96.5,0.58,50.0,0.59,120.0,0.43,7.73,0.42,575.5,0.44,203.53,0.45,66.5,0.01,0.01,2324.170568,1776267319000
1776267321.941,21.941,0.58,55.5,0.57,687.5,0.59,65.0,0.6,278.5,0.42,50.0,0.41,120.0,0.43,682.5,0.44,96.5,0.01,0.01,2324.270467,1776267320000
1776267323.323,23.323,0.59,793.5,0.58,206.5,0.6,80.0,0.61,140.5,0.41,65.0,0.4,278.5,0.42,55.5,0.43,687.5,0.01,0.01,2324.470095,1776267322000
1776267323.744,23.744,0.59,793.5,0.58,206.5,0.6,65.0,0.61,130.0,0.4,75.0,0.39,140.5,0.41,788.5,0.42,206.5,0.01,0.01,2324.470095,1776267322000
1776267324.582,24.582,0.59,781.54,0.58,206.5,0.6,20.0,0.61,130.0,0.4,59.43,0.39,130.0,0.41,788.5,0.42,206.5,0.01,0.01,2324.489534,1776267323000
1776267325.416,25.416,0.58,25.0,0.57,181.74,0.59,10.33,0.6,247.5,0.4,20.0,0.39,130.0,0.41,781.54,0.42,206.5,0.01,0.01,2324.719633,1776267324000
1776267326.634,26.634,0.58,51.0,0.57,793.5,0.59,80.66,0.6,203.5,0.41,10.33,0.4,247.5,0.42,25.0,0.43,181.74,0.01,0.01,2324.746131,1776267325000
1776267326.848,26.848,0.58,56.0,0.57,793.5,0.59,62.0,0.6,203.5,0.41,12.0,0.4,203.5,0.42,51.0,0.43,793.5,0.01,0.01,2324.746131,1776267325000
1776267327.347,27.347,0.58,691.0,0.57,353.5,0.59,45.57,0.6,203.5,0.41,107.0,0.4,203.5,0.42,51.0,0.43,798.5,0.01,0.01,2324.7014,1776267326000
1776267328.459,28.459,0.59,145.5,0.58,681.0,0.6,73.16,0.61,284.66,0.41,45.57,0.4,203.5,0.42,691.0,0.43,353.5,0.01,0.01,2324.7014,1776267326000
1776267329.284,29.284,0.59,135.5,0.58,691.5,0.6,115.32,0.61,774.66,0.4,83.66,0.39,284.66,0.41,140.5,0.42,691.5,0.01,0.01,2324.505754,1776267327000
1776267329.577,29.577,0.59,5.5,0.58,20.0,0.6,758.32,0.61,240.66,0.4,237.32,0.39,227.66,0.41,15.5,0.42,20.0,0.01,0.01,2324.528905,1776267328000
1776267330.384,30.384,0.59,115.0,0.58,803.5,0.6,12.82,0.61,161.66,0.4,753.32,0.39,240.66,0.42,20.0,0.43,10.0,0.01,0.02,2324.528905,1776267329000
1776267331.458,31.458,0.6,854.5,0.59,269.71,0.61,62.98,0.62,85.0,0.4,12.82,0.39,161.66,0.41,115.0,0.42,803.5,0.01,0.01,2324.465262,1776267330000
1776267332.005,32.005,0.6,871.24,0.59,260.97,0.61,0.58,0.62,60.0,0.39,41.58,0.38,85.0,0.4,866.24,0.41,252.97,0.01,0.01,2324.465262,1776267330000
1776267332.926,32.926,0.6,882.24,0.59,258.75,0.63,135.5,0.64,172.53,0.39,0.58,0.38,60.0,0.4,871.24,0.41,260.97,0.03,0.01,2324.531508,1776267331000
1776267333.969,33.969,0.62,197.0,0.61,737.5,0.63,207.5,0.64,177.53,0.37,135.5,0.36,172.53,0.4,882.24,0.41,258.75,0.01,0.03,2324.782391,1776267332000
1776267334.561,34.561,0.62,108.84,0.61,697.5,0.63,83.5,0.64,290.53,0.37,222.5,0.36,167.53,0.38,108.84,0.39,707.5,0.01,0.01,2324.902755,1776267333000
1776267335.033,35.033,0.62,103.84,0.61,657.5,0.63,198.91,0.64,664.53,0.37,83.5,0.36,290.53,0.38,108.84,0.39,697.5,0.01,0.01,2324.902755,1776267334000
1776267336.664,36.664,0.62,598.84,0.61,330.5,0.63,75.32,0.64,301.53,0.37,198.91,0.36,664.53,0.38,103.84,0.39,657.5,0.01,0.01,2324.947099,1776267335000
1776267338.708,38.708,0.62,761.5,0.61,384.5,0.64,158.35,0.65,371.0,0.37,75.32,0.36,301.53,0.38,598.84,0.39,330.5,0.02,0.01,2324.883186,1776267337000
1776267340.812,40.812,0.62,10.0,0.61,10.0,0.63,687.96,0.64,172.35,0.36,158.35,0.35,371.0,0.38,761.5,0.39,384.5,0.01,0.02,2324.941081,1776267339000
1776267349.349,49.349,0.65,693.5,0.64,180.5,0.66,101.0,0.67,220.5,0.37,687.96,0.36,172.35,0.38,10.0,0.39,10.0,0.01,0.01,2324.7141,1776267348000
1776267350.476,50.476,0.65,808.5,0.64,180.5,0.66,6.0,0.67,210.5,0.34,101.0,0.33,220.5,0.35,693.5,0.36,180.5,0.01,0.01,2325.163115,1776267349000
1776267351.292,51.292,0.67,795.82,0.66,264.5,0.68,5.0,0.69,102.5,0.34,6.0,0.33,210.5,0.35,797.14,0.36,180.5,0.01,0.01,2325.163115,1776267349000
1776267351.654,51.654,0.67,843.24,0.66,264.5,0.68,3.38,0.69,92.5,0.32,5.0,0.31,102.5,0.33,848.24,0.34,264.5,0.01,0.01,2325.309207,1776267350000
1776267351.931,51.931,0.68,646.0,0.67,328.24,0.69,90.97,0.7,322.0,0.31,96.63,0.3,322.0,0.32,146.0,0.33,818.24,0.01,0.01,2325.309207,1776267350000
1776267352.232,52.232,0.68,656.0,0.67,211.24,0.69,199.92,0.7,115.0,0.31,84.37,0.3,232.0,0.32,661.0,0.33,211.24,0.01,0.01,2325.314284,1776267351000
1776267352.828,52.828,0.68,651.0,0.67,211.24,0.69,77.41,0.7,232.5,0.31,199.92,0.3,115.0,0.32,656.0,0.33,211.24,0.01,0.01,2325.314284,1776267351000
1776267355.245,55.245,0.68,116.0,0.67,201.24,0.69,224.9,0.7,570.5,0.31,77.41,0.3,232.5,0.32,651.0,0.33,211.24,0.01,0.01,2325.565218,1776267353000
1776267355.588,55.588,0.68,116.0,0.67,201.24,0.69,210.4,0.7,575.5,0.31,229.9,0.3,575.5,0.32,116.0,0.33,201.24,0.01,0.01,2325.699969,1776267354000
1776267356.894,56.894,0.68,227.47,0.67,808.24,0.7,156.85,0.71,665.5,0.31,210.4,0.3,575.5,0.32,116.0,0.33,201.24,0.02,0.01,2325.697869,1776267355000
1776267357.292,57.292,0.69,193.0,0.68,687.47,0.7,148.57,0.71,686.5,0.3,156.85,0.29,665.5,0.32,227.47,0.33,808.24,0.01,0.02,2325.652031,1776267356000
1776267358.126,58.126,0.69,188.0,0.68,697.97,0.7,127.07,0.71,581.5,0.3,148.57,0.29,686.5,0.31,193.0,0.32,687.47,0.01,0.01,2325.652031,1776267356000
1776267358.532,58.532,0.69,33.0,0.68,137.47,0.7,194.82,0.71,256.5,0.3,8.04,0.29,703.5,0.31,213.0,0.32,712.97,0.01,0.01,2325.62364,1776267357000
1776267358.748,58.748,0.69,21.24,0.68,126.47,0.7,828.82,0.71,167.5,0.3,194.82,0.29,256.5,0.31,33.0,0.32,137.47,0.01,0.01,2325.62364,1776267357000
1776267359.097,59.097,0.68,11.32,0.65,110.0,0.69,746.5,0.7,229.5,0.3,858.82,0.29,167.5,0.32,26.47,0.33,100.0,0.01,0.02,2325.62364,1776267357000
1776267359.698,59.698,0.65,100.72,0.64,312.0,0.66,98.19,0.67,86.5,0.34,10.0,0.33,10.0,0.35,95.72,0.36,185.0,0.01,0.01,2325.65534,1776267358000
1776267359.96,59.96,0.65,145.72,0.64,312.0,0.66,432.36,0.67,203.5,0.34,62.88,0.33,86.5,0.35,100.72,0.36,312.0,0.01,0.01,2325.65534,1776267358000
1776267360.357,60.357,0.66,16.0,0.65,197.0,0.67,110.85,0.68,116.0,0.34,471.36,0.33,218.5,0.35,134.36,0.36,312.0,0.01,0.01,2325.641591,1776267359000
1776267361.052,61.052,0.66,275.0,0.65,623.19,0.67,9.5,0.68,51.0,0.33,95.35,0.32,127.0,0.34,58.0,0.35,695.19,0.01,0.01,2325.641591,1776267359000
1776267361.323,61.323,0.67,22.46,0.66,806.5,0.68,41.0,0.69,25.0,0.33,9.5,0.32,51.0,0.34,275.0,0.35,623.19,0.01,0.01,2325.09417,1776267360000
1776267363.203,63.203,0.68,302.37,0.67,603.5,0.69,10.0,0.7,35.0,0.32,26.0,0.31,39.0,0.34,791.96,0.35,149.19,0.01,0.02,2325.122256,1776267361000
1776267366.339,66.339,0.75,27.0,0.74,35.0,0.76,134.94,0.77,15.0,0.31,10.0,0.3,35.0,0.32,302.37,0.33,603.5,0.01,0.01,2326.23,1776267365000
1776267366.729,66.729,0.75,25.0,0.74,30.0,0.76,608.94,0.77,10.0,0.24,134.94,0.23,15.0,0.25,27.0,0.26,35.0,0.01,0.01,2326.23,1776267365000
1776267366.937,66.937,0.75,45.0,0.74,30.0,0.76,145.48,0.77,10.0,0.24,142.62,0.23,10.0,0.25,30.0,0.26,30.0,0.01,0.01,2326.23,1776267365000
1776267367.282,67.282,0.75,45.0,0.74,555.0,0.77,135.0,0.78,505.5,0.24,38.86,0.23,110.0,0.25,30.0,0.26,40.0,0.02,0.01,2326.23,1776267365000
1776267367.731,67.731,0.75,129.49,0.74,737.5,0.76,10.0,0.77,245.0,0.23,135.0,0.22,505.5,0.25,45.0,0.26,555.0,0.01,0.02,2326.44021,1776267366000
1776267368.678,68.678,0.76,198.0,0.75,751.99,0.77,10.09,0.78,132.0,0.24,7.36,0.23,245.0,0.25,134.49,0.26,737.5,0.01,0.01,2326.498365,1776267367000
1776267369.249,69.249,0.76,186.0,0.75,751.99,0.77,4.89,0.78,132.0,0.23,4.89,0.22,132.0,0.24,168.0,0.25,751.99,0.01,0.01,2326.504444,1776267368000
1776267370.266,70.266,0.77,153.0,0.76,136.5,0.78,3.89,0.79,694.2,0.22,130.89,0.21,572.2,0.24,206.5,0.25,751.99,0.01,0.02,2326.579629,1776267369000
1776267371.535,71.535,0.75,260.0,0.74,650.5,0.76,5.0,0.77,22.0,0.22,4.62,0.21,694.2,0.23,143.0,0.24,136.5,0.01,0.01,2326.591131,1776267370000
1776267371.97,71.97,0.75,153.0,0.74,287.5,0.77,187.84,0.78,127.5,0.24,2.31,0.23,22.0,0.25,270.0,0.26,650.5,0.02,0.01,2326.591131,1776267370000
1776267373.12,73.12,0.75,10.0,0.74,145.0,0.76,729.5,0.77,131.84,0.23,677.84,0.22,227.5,0.24,50.37,0.25,123.0,0.01,0.01,2326.618641,1776267371000
1776267374.541,74.541,0.75,10.0,0.74,95.0,0.76,587.5,0.77,254.14,0.24,729.5,0.23,131.84,0.25,10.0,0.26,145.0,0.01,0.01,2326.398781,1776267372000
1776267375.346,75.346,0.75,10.0,0.74,173.37,0.76,581.84,0.77,263.14,0.24,587.5,0.23,254.14,0.25,10.0,0.26,95.0,0.01,0.01,2326.230514,1776267373000
1776267375.742,75.742,0.74,98.37,0.73,75.55,0.76,953.54,0.77,270.14,0.24,581.84,0.23,263.14,0.25,10.0,0.26,173.37,0.02,0.01,2326.146725,1776267374000
1776267375.954,75.954,0.74,27.37,0.73,75.55,0.75,232.36,0.76,887.54,0.25,181.5,0.24,887.54,0.26,27.37,0.27,75.55,0.01,0.01,2326.146725,1776267374000
1776267376.438,76.438,0.73,70.46,0.72,25.0,0.75,1019.56,0.76,311.2,0.25,232.36,0.24,887.54,0.26,27.37,0.27,75.55,0.02,0.01,2326.144431,1776267375000
1776267377.027,77.027,0.73,275.46,0.72,120.5,0.74,491.56,0.75,89.7,0.25,1019.56,0.24,311.2,0.27,70.46,0.28,25.0,0.01,0.02,2326.144431,1776267375000
1776267378.1,78.1,0.73,290.46,0.72,120.5,0.74,467.05,0.75,60.0,0.26,464.81,0.25,89.7,0.27,275.46,0.28,120.5,0.01,0.01,2326.049257,1776267376000
1776267378.64,78.64,0.75,43.0,0.74,240.0,0.76,599.54,0.77,133.27,0.26,467.05,0.25,60.0,0.27,290.46,0.28,120.5,0.01,0.01,2325.81345,1776267377000
1776267379.243,79.243,0.75,32.0,0.74,240.0,0.76,594.54,0.77,133.27,0.24,599.54,0.23,133.27,0.25,43.0,0.26,240.0,0.01,0.01,2325.81345,1776267377000
1776267380.62,80.62,0.73,10.46,0.72,65.0,0.74,582.37,0.75,363.7,0.24,594.54,0.23,133.27,0.25,32.0,0.26,240.0,0.01,0.01,2325.991249,1776267379000
1776267380.839,80.839,0.73,5.46,0.72,182.0,0.74,514.46,0.75,216.7,0.26,582.37,0.25,363.7,0.27,10.46,0.28,65.0,0.01,0.01,2325.991249,1776267379000
1776267382.007,82.007,0.73,301.21,0.72,85.5,0.74,520.0,0.75,221.7,0.26,514.46,0.25,216.7,0.27,5.46,0.28,182.0,0.01,0.01,2326.075549,1776267380000
1776267382.387,82.387,0.73,284.67,0.72,95.5,0.74,520.0,0.75,121.7,0.26,520.0,0.25,221.7,0.27,301.21,0.28,85.5,0.01,0.01,2325.882898,1776267381000
1776267383.958,83.958,0.73,53.92,0.72,176.84,0.74,569.14,0.75,102.5,0.26,520.0,0.25,121.7,0.27,284.67,0.28,95.5,0.01,0.01,2325.88041,1776267382000
1776267385.288,85.288,0.73,265.78,0.72,105.5,0.74,472.96,0.75,101.2,0.26,569.14,0.25,102.5,0.27,53.92,0.28,176.84,0.01,0.01,2325.873185,1776267383000
1776267385.564,85.564,0.73,143.78,0.72,222.5,0.74,436.47,0.75,121.7,0.26,472.96,0.25,101.2,0.27,265.78,0.28,105.5,0.01,0.01,2325.882518,1776267384000
1776267386.262,86.262,0.73,99.39,0.72,247.5,0.74,441.47,0.75,228.7,0.26,436.47,0.25,121.7,0.27,143.78,0.28,222.5,0.01,0.01,2325.882518,1776267384000
1776267387.297,87.297,0.73,213.62,0.72,208.54,0.74,431.47,0.75,91.2,0.26,441.47,0.25,228.7,0.27,99.39,0.28,247.5,0.01,0.01,2325.855343,1776267385000
1776267388.588,88.588,0.73,158.15,0.72,279.5,0.74,495.79,0.75,228.7,0.26,431.47,0.25,86.2,0.27,182.09,0.28,208.54,0.01,0.01,2325.844546,1776267386000
1776267389.537,89.537,0.72,20.0,0.71,35.0,0.74,820.99,0.75,222.7,0.26,495.79,0.25,228.7,0.27,158.15,0.28,279.5,0.02,0.01,2325.913464,1776267387000
1776267390.35,90.35,0.69,20.0,0.68,142.35,0.7,755.57,0.71,181.5,0.26,820.99,0.25,222.7,0.28,20.0,0.29,35.0,0.01,0.02,2325.931949,1776267388000
1776267390.926,90.926,0.67,62.35,0.66,205.0,0.69,1056.5,0.7,251.5,0.3,755.57,0.29,181.5,0.31,20.0,0.32,142.35,0.02,0.01,2325.927952,1776267389000
1776267391.28,91.28,0.67,12.35,0.66,197.5,0.68,588.25,0.69,380.5,0.31,944.5,0.3,210.5,0.33,62.35,0.34,205.0,0.01,0.02,2325.761989,1776267390000
1776267391.582,91.582,0.67,12.35,0.66,197.5,0.68,607.67,0.69,391.5,0.32,588.25,0.31,380.5,0.33,12.35,0.34,197.5,0.01,0.01,2325.761989,1776267390000
1776267393.022,93.022,0.67,7.2,0.66,232.5,0.68,678.8,0.69,281.8,0.32,607.67,0.31,391.5,0.33,12.35,0.34,197.5,0.01,0.01,2325.167931,1776267391000
1776267393.847,93.847,0.67,257.7,0.66,159.07,0.69,485.0,0.7,122.1,0.32,678.8,0.31,281.8,0.33,7.2,0.34,232.5,0.02,0.01,2324.894364,1776267392000
1776267394.248,94.248,0.69,20.32,0.68,245.5,0.7,50.0,0.71,571.0,0.31,485.0,0.3,122.1,0.33,257.7,0.34,159.07,0.01,0.02,2324.894364,1776267392000
1776267395.797,95.797,0.7,35.22,0.69,271.82,0.71,95.0,0.72,91.0,0.3,50.0,0.29,571.0,0.31,20.32,0.32,245.5,0.01,0.01,2325.016894,1776267394000
1776267396.319,96.319,0.7,68.83,0.69,239.82,0.71,585.0,0.72,86.0,0.29,95.0,0.28,91.0,0.3,35.22,0.31,271.82,0.01,0.01,2325.129396,1776267395000
1776267398.386,98.386,0.69,18.66,0.68,30.0,0.7,908.5,0.71,324.0,0.29,585.0,0.28,86.0,0.3,68.83,0.31,239.82,0.01,0.01,2325.411196,1776267397000
1776267399.935,99.935,0.67,27.96,0.66,262.5,0.68,196.65,0.69,782.0,0.3,925.5,0.29,324.0,0.32,30.0,0.33,10.0,0.01,0.02,2325.439409,1776267398000
1776267400.365,100.365,0.66,70.0,0.65,245.0,0.68,736.15,0.69,311.5,0.32,196.65,0.31,782.0,0.33,27.96,0.34,262.5,0.02,0.01,2325.158749,1776267399000
1776267402.635,102.635,0.64,82.81,0.63,227.5,0.65,568.0,0.66,90.5,0.32,736.15,0.31,311.5,0.34,70.0,0.35,245.0,0.01,0.02,2325.037593,1776267401000
1776267403.633,103.633,0.64,17.81,0.63,222.5,0.65,557.61,0.66,101.5,0.35,568.0,0.34,90.5,0.36,82.81,0.37,227.5,0.01,0.01,2324.921449,1776267402000
1776267404.515,104.515,0.64,0.81,0.63,95.0,0.65,582.61,0.66,106.5,0.35,557.61,0.34,101.5,0.36,17.81,0.37,222.5,0.01,0.01,2324.895642,1776267403000
1776267412.919,112.919,0.63,199.5,0.62,354.69,0.64,495.0,0.65,75.0,0.35,582.61,0.34,106.5,0.36,0.81,0.37,95.0,0.01,0.01,2324.582851,1776267411000
1776267416.707,116.707,0.62,5.55,0.61,145.0,0.63,205.0,0.64,140.0,0.36,495.0,0.35,75.0,0.37,199.5,0.38,354.69,0.01,0.01,2324.597155,1776267414000
1776267417.253,117.253,0.6,87.0,0.59,203.0,0.61,170.0,0.62,55.0,0.37,205.0,0.36,150.0,0.39,120.0,0.4,282.0,0.01,0.02,2324.582075,1776267415000
1776267417.654,117.654,0.58,5.0,0.57,220.0,0.59,17.0,0.6,757.0,0.39,170.0,0.38,55.0,0.4,87.0,0.41,203.0,0.01,0.01,2324.607113,1776267416000
1776267419.055,119.055,0.57,10.0,0.56,442.5,0.58,619.31,0.59,202.51,0.41,77.01,0.4,771.0,0.43,225.0,0.44,547.0,0.01,0.02,2324.602637,1776267417000
1776267419.47,119.47,0.57,143.26,0.56,325.5,0.58,624.31,0.59,75.01,0.42,614.31,0.41,65.01,0.43,49.76,0.44,442.5,0.01,0.01,2324.602637,1776267417000
1776267419.943,119.943,0.57,261.5,0.56,336.5,0.58,490.0,0.59,15.01,0.42,624.31,0.41,75.01,0.43,143.26,0.44,325.5,0.01,0.01,2323.923153,1776267418000
1776267420.779,120.779,0.57,83.5,0.56,336.5,0.58,490.0,0.59,5.01,0.42,346.0,0.41,15.01,0.43,256.5,0.44,336.5,0.01,0.01,2323.922017,1776267419000
1776267421.068,121.068,0.57,251.85,0.56,336.5,0.58,443.46,0.59,15.01,0.42,448.46,0.41,15.01,0.43,83.5,0.44,336.5,0.01,0.01,2323.922017,1776267419000
1776267422.101,122.101,0.58,31.5,0.57,741.85,0.61,5.0,0.63,15.0,0.42,427.34,0.41,15.01,0.43,246.85,0.44,336.5,0.03,0.01,2323.95081,1776267421000
1776267423.358,123.358,0.63,27.0,0.62,108.5,0.65,35.0,0.66,30.0,0.39,5.0,0.37,15.0,0.42,31.5,0.43,741.85,0.02,0.03,2323.95081,1776267421000
1776267425.263,125.263,0.67,70.43,0.66,75.5,0.68,152.0,0.69,96.0,0.35,35.0,0.34,30.0,0.37,27.0,0.38,108.5,0.01,0.02,2324.46909,1776267423000
1776267432.188,132.188,0.67,71.9,0.66,85.5,0.69,8.55,0.7,510.5,0.32,152.0,0.31,96.0,0.33,70.43,0.34,75.5,0.02,0.01,2325.254951,1776267430000
1776267432.745,132.745,0.69,4.0,0.68,96.5,0.7,183.0,0.71,551.0,0.31,5.0,0.3,530.0,0.33,57.9,0.34,85.5,0.01,0.02,2325.384776,1776267431000
1776267433.912,133.912,0.69,113.5,0.68,620.5,0.7,14.43,0.71,198.0,0.3,183.0,0.29,551.0,0.31,4.0,0.32,96.5,0.01,0.01,2325.392668,1776267432000
1776267437.701,137.701,0.72,25.5,0.71,765.5,0.73,46.36,0.74,257.0,0.3,14.43,0.29,198.0,0.31,113.5,0.32,620.5,0.01,0.01,2325.295287,1776267436000
1776267438.066,138.066,0.72,757.5,0.71,259.4,0.74,90.0,0.75,70.0,0.27,40.36,0.26,257.0,0.28,25.5,0.29,765.5,0.02,0.01,2325.295287,1776267436000
1776267439.595,139.595,0.73,795.5,0.72,188.47,0.74,20.0,0.75,70.0,0.26,90.0,0.25,70.0,0.28,757.5,0.29,259.4,0.01,0.02,2325.573459,1776267438000
1776267441.395,141.395,0.75,659.5,0.74,295.5,0.77,183.86,0.78,360.0,0.25,70.0,0.24,130.0,0.27,800.5,0.28,188.47,0.02,0.02,2325.637095,1776267439000
1776267441.993,141.993,0.76,623.58,0.75,207.41,0.77,181.26,0.78,410.0,0.23,183.86,0.22,360.0,0.24,87.83,0.25,603.5,0.01,0.01,2325.880739,1776267440000
1776267442.448,142.448,0.76,114.25,0.75,657.41,0.77,176.26,0.78,410.0,0.23,181.26,0.22,360.0,0.24,613.58,0.25,207.41,0.01,0.01,2325.968733,1776267441000
1776267442.983,142.983,0.76,173.6,0.75,573.5,0.77,171.26,0.78,410.0,0.23,176.26,0.22,410.0,0.24,114.25,0.25,657.41,0.01,0.01,2325.968733,1776267441000
1776267443.691,143.691,0.76,179.1,0.75,573.5,0.77,176.26,0.78,410.0,0.23,171.26,0.22,410.0,0.24,173.6,0.25,573.5,0.01,0.01,2326.034045,1776267442000
1776267444.295,144.295,0.76,195.1,0.75,568.5,0.77,164.48,0.78,410.0,0.23,171.26,0.22,410.0,0.24,179.1,0.25,573.5,0.01,0.01,2326.034045,1776267442000
1776267444.796,144.796,0.76,693.35,0.75,88.5,0.77,42.48,0.78,477.0,0.23,164.48,0.22,410.0,0.24,195.1,0.25,568.5,0.01,0.01,2326.064201,1776267443000
1776267445.826,145.826,0.76,613.5,0.75,196.79,0.77,41.18,0.78,527.0,0.23,42.48,0.22,477.0,0.24,693.35,0.25,88.5,0.01,0.01,2326.065096,1776267444000
1776267446.757,146.757,0.76,785.5,0.75,93.5,0.77,30.18,0.78,360.0,0.23,41.18,0.22,527.0,0.24,613.5,0.25,196.79,0.01,0.01,2326.058932,1776267445000
1776267447.024,147.024,0.76,864.5,0.75,215.98,0.78,360.0,0.79,10.0,0.23,30.18,0.22,360.0,0.24,785.5,0.25,93.5,0.02,0.01,2326.058932,1776267445000
1776267448.07,148.07,0.8,174.61,0.79,598.5,0.81,122.31,0.82,165.0,0.22,360.0,0.21,10.0,0.24,864.5,0.25,215.98,0.01,0.02,2326.095421,1776267446000
1776267448.437,148.437,0.8,234.61,0.79,598.5,0.81,108.78,0.82,165.0,0.19,121.07,0.18,165.0,0.2,179.61,0.21,598.5,0.01,0.01,2326.095421,1776267446000
1776267448.896,148.896,0.8,230.84,0.79,598.5,0.81,106.5,0.82,175.5,0.19,108.78,0.18,165.0,0.2,234.61,0.21,598.5,0.01,0.01,2326.114183,1776267447000
1776267449.32,149.32,0.8,185.84,0.79,598.5,0.81,99.5,0.82,175.5,0.19,106.5,0.18,175.5,0.2,230.84,0.21,598.5,0.01,0.01,2326.114183,1776267447000
1776267449.705,149.705,0.8,223.34,0.79,598.5,0.81,103.26,0.82,175.5,0.19,99.5,0.18,175.5,0.2,185.84,0.21,598.5,0.01,0.01,2326.240815,1776267448000
1776267450.864,150.864,0.81,89.0,0.8,177.84,0.82,282.51,0.83,590.5,0.19,103.26,0.18,175.5,0.2,223.34,0.21,598.5,0.01,0.01,2326.343064,1776267449000
1776267451.297,151.297,0.81,111.62,0.8,176.98,0.82,271.29,0.83,590.5,0.18,272.51,0.17,590.5,0.19,89.0,0.2,123.23,0.01,0.01,2326.343064,1776267449000
1776267452.87,152.87,0.82,136.0,0.81,846.12,0.83,2.91,0.84,192.0,0.18,271.29,0.17,590.5,0.19,111.62,0.2,176.98,0.01,0.01,2326.404415,1776267451000
1776267453.184,153.184,0.82,40.0,0.81,110.5,0.83,1.31,0.84,647.0,0.17,2.91,0.16,192.0,0.18,136.0,0.19,846.12,0.01,0.01,2326.400854,1776267452000
1776267453.632,153.632,0.83,22.0,0.82,62.0,0.84,115.07,0.85,208.5,0.16,49.24,0.15,688.5,0.18,42.0,0.19,590.5,0.01,0.02,2326.400854,1776267452000
1776267453.918,153.918,0.83,22.0,0.82,47.0,0.84,118.46,0.85,688.5,0.16,115.07,0.15,208.5,0.17,22.0,0.18,62.0,0.01,0.01,2326.400854,1776267452000
1776267454.158,154.158,0.83,139.63,0.82,110.0,0.84,608.88,0.85,208.5,0.16,118.46,0.15,688.5,0.17,22.0,0.18,47.0,0.01,0.01,2326.400854,1776267452000
1776267454.478,154.478,0.83,172.63,0.82,60.0,0.84,674.93,0.85,256.5,0.16,608.88,0.15,208.5,0.17,139.63,0.18,110.0,0.01,0.01,2326.400854,1776267452000
1776267454.686,154.686,0.83,163.63,0.82,60.0,0.84,677.93,0.85,251.5,0.16,674.93,0.15,256.5,0.17,172.63,0.18,60.0,0.01,0.01,2326.400854,1776267452000
1776267455.027,155.027,0.83,117.74,0.82,60.0,0.84,677.93,0.85,251.5,0.16,677.93,0.15,251.5,0.17,133.63,0.18,60.0,0.01,0.01,2326.519237,1776267453000
1776267456.739,156.739,0.83,128.74,0.82,67.0,0.84,651.41,0.85,261.5,0.16,677.93,0.15,251.5,0.17,117.74,0.18,60.0,0.01,0.01,2326.469999,1776267455000
1776267457.452,157.452,0.83,91.0,0.82,244.0,0.84,576.73,0.85,378.5,0.16,646.41,0.15,261.5,0.17,115.79,0.18,67.0,0.01,0.01,2326.469999,1776267455000
1776267457.739,157.739,0.83,91.0,0.82,244.0,0.84,571.31,0.85,261.5,0.16,576.73,0.15,378.5,0.17,91.0,0.18,244.0,0.01,0.01,2326.469999,1776267455000
1776267458.046,158.046,0.83,84.24,0.82,360.33,0.84,568.97,0.85,261.5,0.16,571.31,0.15,261.5,0.17,74.24,0.18,244.0,0.01,0.01,2326.427375,1776267456000
1776267458.288,158.288,0.83,61.0,0.82,335.33,0.84,562.77,0.85,261.5,0.16,568.97,0.15,261.5,0.17,84.24,0.18,360.33,0.01,0.01,2326.427375,1776267456000
1776267458.595,158.595,0.83,148.58,0.82,92.0,0.84,562.77,0.85,261.5,0.16,562.77,0.15,261.5,0.17,61.0,0.18,335.33,0.01,0.01,2326.427375,1776267456000
1776267459.18,159.18,0.83,269.58,0.82,102.5,0.84,490.57,0.85,251.0,0.16,562.77,0.15,261.5,0.17,148.58,0.18,92.0,0.01,0.01,2326.408854,1776267457000
1776267460.356,160.356,0.84,149.0,0.83,244.5,0.85,598.73,0.86,92.0,0.16,490.57,0.15,251.0,0.17,269.58,0.18,102.5,0.01,0.01,2326.44,1776267459000
1776267460.599,160.599,0.84,351.0,0.83,127.5,0.85,582.33,0.86,92.0,0.15,598.73,0.14,92.0,0.16,149.0,0.17,244.5,0.01,0.01,2326.44,1776267459000
1776267461.02,161.02,0.85,5.28,0.84,390.5,0.86,20.0,0.87,280.0,0.15,582.33,0.14,92.0,0.16,351.0,0.17,127.5,0.01,0.01,2326.44,1776267459000
1776267461.807,161.807,0.85,368.78,0.84,673.5,0.86,2.83,0.87,86.0,0.14,20.0,0.13,280.0,0.15,5.28,0.16,390.5,0.01,0.01,2326.473819,1776267460000
1776267462.332,162.332,0.86,27.17,0.85,350.78,0.87,10.0,0.88,602.0,0.14,2.83,0.13,86.0,0.15,368.78,0.16,673.5,0.01,0.01,2326.489968,1776267461000
1776267463.072,163.072,0.87,11.5,0.86,75.0,0.88,650.91,0.89,160.5,0.13,10.0,0.12,602.0,0.14,27.17,0.15,350.78,0.01,0.01,2326.489968,1776267461000
1776267463.287,163.287,0.86,58.0,0.85,138.45,0.88,772.91,0.89,197.29,0.12,650.91,0.11,160.5,0.13,11.5,0.14,75.0,0.02,0.01,2326.489968,1776267461000
1776267463.634,163.634,0.87,32.13,0.86,68.0,0.88,809.91,0.89,197.29,0.12,772.91,0.11,197.29,0.14,58.0,0.15,138.45,0.01,0.02,2326.766488,1776267462000
1776267463.904,163.904,0.86,33.0,0.85,101.28,0.87,556.51,0.88,297.91,0.13,558.09,0.12,302.91,0.14,43.0,0.15,101.28,0.01,0.01,2326.766488,1776267462000
1776267464.517,164.517,0.86,33.0,0.85,111.28,0.87,513.94,0.88,297.91,0.13,546.68,0.12,297.91,0.14,33.0,0.15,101.28,0.01,0.01,2326.766488,1776267462000
1776267465.176,165.176,0.86,20.0,0.85,22.28,0.87,569.0,0.88,200.91,0.13,502.94,0.12,297.91,0.14,33.0,0.15,111.28,0.01,0.01,2326.766488,1776267462000
1776267465.505,165.505,0.85,15.28,0.84,10.0,0.87,709.85,0.88,296.91,0.13,672.85,0.12,200.91,0.14,10.0,0.15,22.28,0.02,0.01,2326.766488,1776267462000
1776267466.087,166.087,0.84,30.0,0.83,10.0,0.86,10.0,0.87,697.5,0.13,707.97,0.12,301.91,0.14,10.0,0.15,15.28,0.02,0.01,2326.766488,1776267462000
1776267466.445,166.445,0.85,5.0,0.84,127.0,0.86,510.5,0.87,134.3,0.14,10.0,0.13,697.5,0.16,30.0,0.17,10.0,0.01,0.02,2326.766488,1776267462000
1776267466.653,166.653,0.84,123.0,0.83,20.0,0.86,559.04,0.87,124.3,0.14,551.83,0.13,251.3,0.15,5.0,0.16,127.0,0.02,0.01,2326.818664,1776267465000
1776267467.215,167.215,0.83,20.0,0.81,117.0,0.84,4.76,0.85,15.0,0.14,588.94,0.13,124.3,0.16,123.0,0.17,10.0,0.01,0.02,2326.611144,1776267466000
1776267467.43,167.43,0.83,15.0,0.82,5.0,0.84,28.97,0.85,15.0,0.16,4.76,0.15,15.0,0.17,20.0,0.19,117.0,0.01,0.01,2326.611144,1776267466000
1776267468.463,168.463,0.8,47.73,0.79,110.0,0.81,2.37,0.82,20.0,0.19,15.0,0.18,15.0,0.2,47.73,0.21,227.0,0.01,0.01,2326.611144,1776267466000
1776267470.167,170.167,0.8,154.73,0.79,115.0,0.81,5.0,0.82,15.61,0.19,2.37,0.18,20.0,0.2,47.73,0.21,110.0,0.01,0.01,2326.165784,1776267468000
1776267470.693,170.693,0.8,112.73,0.79,150.0,0.81,5.0,0.82,15.61,0.19,5.0,0.18,15.61,0.2,154.73,0.21,115.0,0.01,0.01,2326.165784,1776267468000
1776267471.062,171.062,0.8,106.6,0.79,150.0,0.82,495.61,0.83,127.0,0.19,3.25,0.18,15.61,0.2,117.73,0.21,150.0,0.02,0.01,2325.89726,1776267469000
1776267471.509,171.509,0.81,10.0,0.8,10.0,0.82,658.51,0.83,178.94,0.18,550.61,0.17,137.5,0.2,127.6,0.21,150.0,0.01,0.02,2325.828911,1776267470000
1776267472.186,172.186,0.79,39.33,0.78,127.0,0.8,68.55,0.81,174.21,0.18,658.51,0.17,178.94,0.19,10.0,0.2,10.0,0.01,0.01,2325.838326,1776267471000
1776267472.452,172.452,0.78,10.0,0.77,95.0,0.8,658.55,0.81,57.21,0.2,68.55,0.19,174.21,0.21,39.33,0.22,127.0,0.02,0.01,2325.838326,1776267471000
1776267478.124,178.124,0.76,13.0,0.75,144.0,0.77,560.3,0.78,165.0,0.21,16.17,0.2,617.55,0.22,10.0,0.23,212.0,0.01,0.01,2325.172277,1776267477000
1776267478.995,178.995,0.74,21.85,0.73,212.0,0.75,9.86,0.76,589.0,0.23,610.3,0.22,131.0,0.25,136.48,0.26,16.85,0.01,0.02,2325.172277,1776267477000
1776267479.522,179.522,0.74,0.46,0.73,212.0,0.76,756.0,0.77,110.93,0.25,9.86,0.24,589.0,0.26,21.85,0.27,212.0,0.02,0.01,2325.13865,1776267478000
1776267480.371,180.371,0.76,188.5,0.75,32.5,0.77,615.3,0.78,209.5,0.25,53.66,0.24,216.0,0.26,0.46,0.27,212.0,0.01,0.01,2325.13865,1776267478000
1776267481.04,181.04,0.77,285.5,0.76,191.5,0.78,12.89,0.79,10.0,0.23,615.3,0.22,209.5,0.24,188.5,0.25,32.5,0.01,0.01,2325.233533,1776267479000
1776267481.26,181.26,0.77,285.5,0.76,191.5,0.78,0.48,0.79,10.0,0.22,6.64,0.21,10.0,0.23,285.5,0.24,191.5,0.01,0.01,2325.218609,1776267480000
1776267481.915,181.915,0.81,21.17,0.8,40.5,0.85,18.11,0.86,85.0,0.2,60.0,0.19,25.0,0.22,99.52,0.23,285.5,0.04,0.02,2325.218609,1776267480000
1776267482.187,182.187,0.83,21.49,0.82,35.0,0.84,114.98,0.86,91.0,0.16,114.98,0.14,91.0,0.17,27.0,0.18,35.0,0.01,0.01,2325.218609,1776267480000
1776267484.01,184.01,0.85,4.66,0.84,10.0,0.87,57.0,0.88,270.0,0.16,4.39,0.14,91.0,0.17,10.0,0.18,16.0,0.02,0.01,2326.371852,1776267482000
1776267484.391,184.391,0.85,9.45,0.84,10.0,0.87,25.0,0.88,270.0,0.13,35.0,0.12,270.0,0.15,13.99,0.16,10.0,0.02,0.02,2326.415158,1776267483000
1776267484.715,184.715,0.85,7.92,0.84,10.0,0.86,17.37,0.88,270.0,0.13,25.0,0.12,270.0,0.15,7.92,0.16,10.0,0.01,0.02,2326.415158,1776267483000
1776267485.261,185.261,0.85,124.92,0.84,30.0,0.86,40.0,0.87,6.0,0.13,6.0,0.12,270.0,0.14,10.0,0.15,15.92,0.01,0.01,2326.415158,1776267483000
1776267485.485,185.485,0.85,164.92,0.84,30.0,0.86,4.83,0.87,6.0,0.14,14.83,0.13,6.0,0.15,154.92,0.16,30.0,0.01,0.01,2326.26911,1776267484000
1776267486.312,186.312,0.86,258.5,0.85,81.42,0.87,0.54,0.89,46.79,0.13,2.68,0.12,270.0,0.15,164.92,0.16,30.0,0.01,0.02,2326.26911,1776267484000
1776267486.601,186.601,0.86,227.5,0.85,66.42,0.87,2.26,0.88,11.0,0.13,2.26,0.11,10.0,0.14,249.5,0.15,66.42,0.01,0.01,2326.373935,1776267485000
1776267486.864,186.864,0.86,245.0,0.85,38.42,0.87,14.98,0.88,11.0,0.13,13.26,0.12,11.0,0.14,220.5,0.15,71.42,0.01,0.01,2326.373935,1776267485000
1776267487.327,187.327,0.87,163.0,0.86,92.17,0.89,11.49,0.9,80.0,0.12,1.8,0.11,15.0,0.14,259.17,0.15,38.42,0.02,0.02,2326.518632,1776267486000
1776267490.143,190.143,0.9,63.5,0.89,150.4,0.91,50.0,0.92,175.0,0.11,11.49,0.1,80.0,0.13,163.0,0.14,92.17,0.01,0.02,2327.180236,1776267489000
1776267492.889,192.889,0.93,35.37,0.92,33.5,0.94,31.61,0.95,145.8,0.09,50.0,0.08,175.0,0.1,63.5,0.11,150.4,0.01,0.01,2327.671926,1776267491000
1776267493.174,193.174,0.93,35.37,0.92,33.5,0.94,11.52,0.95,145.8,0.06,10.19,0.05,145.8,0.07,40.37,0.08,33.5,0.01,0.01,2327.588745,1776267492000
1776267493.779,193.779,0.94,15.0,0.93,15.0,0.95,152.7,0.96,504.8,0.05,142.7,0.04,504.8,0.06,10.0,0.07,25.0,0.01,0.01,2327.588745,1776267492000
1776267494.116,194.116,0.94,3.0,0.93,15.0,0.95,192.48,0.96,529.8,0.05,187.48,0.04,504.8,0.06,15.0,0.07,15.0,0.01,0.01,2327.588745,1776267492000
1776267494.508,194.508,0.93,15.0,0.92,20.5,0.95,142.16,0.96,529.8,0.05,192.48,0.04,529.8,0.06,3.0,0.07,15.0,0.02,0.01,2327.577206,1776267493000
1776267495.59,195.59,0.94,10.0,0.92,10.0,0.95,163.3,0.96,628.8,0.05,148.3,0.04,529.8,0.07,20.0,0.08,20.5,0.01,0.02,2327.577206,1776267493000
1776267495.875,195.875,0.93,10.0,0.92,10.0,0.95,147.24,0.96,628.8,0.05,142.24,0.04,628.8,0.06,1.0,0.07,15.0,0.02,0.01,2327.577206,1776267493000
1776267497.585,197.585,0.93,15.0,0.92,10.0,0.94,75.21,0.95,72.24,0.05,147.24,0.04,628.8,0.07,10.0,0.08,10.0,0.01,0.02,2327.43812,1776267496000
1776267498.129,198.129,0.93,15.0,0.92,10.0,0.94,64.61,0.95,72.24,0.06,75.21,0.05,72.24,0.07,15.0,0.08,10.0,0.01,0.01,2327.43812,1776267496000
1776267498.492,198.492,0.92,9.17,0.91,59.5,0.94,64.61,0.95,72.24,0.06,64.61,0.05,72.24,0.07,15.0,0.08,10.0,0.02,0.01,2327.271811,1776267497000
1776267498.934,198.934,0.93,10.0,0.92,9.17,0.94,82.51,0.95,72.24,0.06,64.61,0.05,72.24,0.08,9.17,0.09,59.5,0.01,0.02,2327.271811,1776267497000
1776267500.579,200.579,0.93,15.0,0.92,69.67,0.94,77.19,0.95,78.24,0.06,82.51,0.05,72.24,0.07,10.0,0.08,9.17,0.01,0.01,2327.358706,1776267499000
1776267500.783,200.783,0.93,18.67,0.92,69.67,0.94,77.19,0.95,78.24,0.06,77.19,0.05,78.24,0.07,15.0,0.08,69.67,0.01,0.01,2327.358706,1776267499000
1776267501.922,201.922,0.93,84.17,0.92,79.67,0.95,15.0,0.96,422.49,0.06,77.19,0.05,78.24,0.07,18.67,0.08,69.67,0.02,0.01,2327.351327,1776267500000
1776267502.397,202.397,0.94,61.5,0.93,64.5,0.95,6.0,0.96,416.49,0.05,15.0,0.04,422.49,0.06,30.5,0.07,64.5,0.01,0.01,2327.327499,1776267501000
1776267502.654,202.654,0.95,15.5,0.94,67.5,0.96,371.47,0.97,427.7,0.04,416.49,0.03,427.7,0.06,61.5,0.07,74.5,0.01,0.02,2327.327499,1776267501000
1776267504.193,204.193,0.95,62.09,0.94,91.5,0.96,315.47,0.97,427.7,0.04,315.47,0.03,427.7,0.05,15.5,0.06,62.5,0.01,0.01,2327.542722,1776267503000
1776267504.65,204.65,0.95,62.09,0.94,80.5,0.96,264.47,0.97,427.7,0.04,315.47,0.03,427.7,0.05,62.09,0.06,91.5,0.01,0.01,2327.542722,1776267503000
1776267504.921,204.921,0.95,51.09,0.94,80.5,0.96,273.47,0.97,483.7,0.04,264.47,0.03,427.7,0.05,62.09,0.06,80.5,0.01,0.01,2327.542722,1776267503000
1776267505.224,205.224,0.95,29.09,0.94,100.5,0.96,116.47,0.97,571.7,0.04,186.47,0.03,571.7,0.05,29.09,0.06,100.5,0.01,0.01,2327.8649,1776267504000
1776267505.909,205.909,0.95,117.5,0.94,100.5,0.96,617.37,0.97,427.7,0.04,104.47,0.03,427.7,0.05,30.5,0.06,100.5,0.01,0.01,2327.8649,1776267504000
1776267506.644,206.644,0.95,139.5,0.94,189.47,0.96,706.47,0.97,1077.7,0.04,571.47,0.03,427.7,0.05,122.5,0.06,113.5,0.01,0.01,2327.8649,1776267505000
1776267508.42,208.42,0.95,75.4,0.94,283.3,0.96,599.47,0.97,661.7,0.04,480.47,0.03,550.7,0.05,134.5,0.06,189.47,0.01,0.01,2327.992468,1776267507000
1776267509.159,209.159,0.95,132.4,0.94,382.46,0.96,462.86,0.97,726.7,0.04,601.86,0.03,661.7,0.05,70.4,0.06,283.3,0.01,0.01,2327.992468,1776267507000
1776267509.419,209.419,0.95,227.54,0.94,139.3,0.96,457.38,0.97,662.7,0.04,467.86,0.03,726.7,0.05,105.04,0.06,269.3,0.01,0.01,2327.992468,1776267507000
1776267510.283,210.283,0.95,255.37,0.94,253.29,0.96,457.38,0.97,539.0,0.04,457.38,0.03,567.0,0.05,293.7,0.06,167.39,0.01,0.01,2327.980479,1776267509000
1776267510.626,210.626,0.95,255.37,0.94,253.29,0.96,452.38,0.97,552.0,0.04,457.38,0.03,539.0,0.05,255.37,0.06,253.29,0.01,0.01,2327.980479,1776267509000
1776267510.889,210.889,0.95,310.37,0.94,263.29,0.96,164.38,0.97,552.0,0.04,169.38,0.03,552.0,0.05,310.37,0.06,263.29,0.01,0.01,2327.980479,1776267509000
1776267511.219,211.219,0.95,285.37,0.94,754.29,0.96,164.38,0.97,539.0,0.04,164.38,0.03,552.0,0.05,310.37,0.06,263.29,0.01,0.01,2327.980479,1776267510000
1776267511.569,211.569,0.95,289.7,0.94,764.36,0.96,479.38,0.97,539.0,0.04,164.38,0.03,539.0,0.05,285.37,0.06,754.29,0.01,0.01,2327.980479,1776267510000
1776267511.936,211.936,0.95,631.82,0.94,708.39,0.96,474.38,0.97,539.0,0.04,479.38,0.03,539.0,0.05,274.7,0.06,784.36,0.01,0.01,2327.980479,1776267510000
1776267512.489,212.489,0.95,591.82,0.94,708.39,0.96,473.33,0.97,339.0,0.04,473.33,0.03,539.0,0.05,611.82,0.06,708.39,0.01,0.01,2328.151633,1776267511000
1776267512.783,212.783,0.95,649.82,0.94,708.39,0.96,463.33,0.97,339.0,0.04,468.33,0.03,339.0,0.05,627.82,0.06,708.39,0.01,0.01,2328.151633,1776267511000
1776267513.036,213.036,0.95,667.82,0.94,708.39,0.96,458.33,0.97,339.0,0.04,463.33,0.03,339.0,0.05,649.82,0.06,708.39,0.01,0.01,2328.151633,1776267511000
1776267514.15,214.15,0.95,489.42,0.94,820.39,0.96,435.11,0.97,215.0,0.04,457.28,0.03,339.0,0.05,552.42,0.06,698.39,0.01,0.01,2328.187853,1776267512000
1776267514.489,214.489,0.95,499.42,0.94,810.39,0.96,334.11,0.97,215.0,0.04,435.11,0.03,215.0,0.05,489.42,0.06,820.39,0.01,0.01,2328.34171,1776267513000
1776267515.133,215.133,0.95,936.42,0.94,335.39,0.96,473.0,0.97,220.0,0.04,324.05,0.03,215.0,0.05,979.42,0.06,330.39,0.01,0.01,2328.36765,1776267514000
1776267515.5,215.5,0.95,786.25,0.94,355.39,0.96,471.95,0.97,220.0,0.04,471.95,0.03,220.0,0.05,946.42,0.06,330.39,0.01,0.01,2328.36765,1776267514000
1776267516.751,216.751,0.95,881.45,0.94,330.39,0.96,471.95,0.97,220.0,0.04,471.95,0.03,220.0,0.05,786.25,0.06,355.39,0.01,0.01,2328.304496,1776267515000
1776267517.507,217.507,0.95,923.74,0.94,355.39,0.96,466.7,0.97,220.0,0.04,471.95,0.03,220.0,0.05,881.45,0.06,330.39,0.01,0.01,2328.261514,1776267516000
1776267517.886,217.886,0.95,937.54,0.94,355.39,0.96,465.39,0.97,220.0,0.04,466.7,0.03,220.0,0.05,923.74,0.06,355.39,0.01,0.01,2328.261514,1776267516000
1776267518.967,218.967,0.95,1175.92,0.94,355.39,0.96,443.01,0.97,220.0,0.04,465.39,0.03,220.0,0.05,937.54,0.06,355.39,0.01,0.01,2328.26342,1776267517000
1776267520.309,220.309,0.95,1027.92,0.94,355.39,0.96,446.96,0.97,220.0,0.04,443.01,0.03,220.0,0.05,1175.92,0.06,355.39,0.01,0.01,2328.286971,1776267518000
1776267521.484,221.484,0.95,926.17,0.94,474.73,0.96,10.0,0.97,220.0,0.04,446.96,0.03,220.0,0.05,1027.92,0.06,355.39,0.01,0.01,2328.308455,1776267520000
1776267522.16,222.16,0.95,931.17,0.94,342.3,0.97,690.31,0.98,403.0,0.04,8.95,0.03,220.0,0.05,921.17,0.06,474.73,0.02,0.01,2328.318535,1776267521000
1776267522.538,222.538,0.96,860.72,0.95,482.85,0.97,572.27,0.98,484.0,0.03,690.31,0.02,403.0,0.05,931.17,0.06,342.3,0.01,0.02,2328.318535,1776267521000
1776267522.832,222.832,0.96,925.28,0.95,536.94,0.97,568.18,0.98,484.0,0.03,572.27,0.02,484.0,0.04,860.72,0.05,482.85,0.01,0.01,2328.318535,1776267521000
1776267523.572,223.572,0.96,938.28,0.95,545.94,0.97,558.99,0.98,484.0,0.03,568.18,0.02,484.0,0.04,925.28,0.05,536.94,0.01,0.01,2328.280654,1776267522000
1776267524.493,224.493,0.96,896.28,0.95,416.94,0.97,658.87,0.98,367.0,0.03,547.95,0.02,484.0,0.04,911.28,0.05,431.94,0.01,0.01,2328.280654,1776267522000
1776267525.203,225.203,0.96,380.28,0.95,924.52,0.97,658.87,0.98,367.0,0.03,658.87,0.02,367.0,0.04,896.28,0.05,416.94,0.01,0.01,2328.43483,1776267523000
1776267526.584,226.584,0.96,274.28,0.95,889.21,0.97,643.87,0.98,406.0,0.03,658.87,0.02,367.0,0.04,380.28,0.05,924.52,0.01,0.01,2328.481727,1776267525000
1776267527.115,227.115,0.96,259.28,0.95,921.87,0.97,636.99,0.98,392.0,0.03,633.03,0.02,406.0,0.04,274.28,0.05,889.21,0.01,0.01,2328.353298,1776267526000
1776267527.465,227.465,0.96,811.28,0.95,441.87,0.97,484.79,0.98,479.0,0.03,616.79,0.02,392.0,0.04,259.28,0.05,921.87,0.01,0.01,2328.353298,1776267526000
1776267528.001,228.001,0.96,1040.15,0.95,349.29,0.97,459.79,0.98,484.0,0.03,459.79,0.02,479.0,0.04,806.28,0.05,441.87,0.01,0.01,2328.129632,1776267527000
1776267528.633,228.633,0.96,1062.15,0.95,344.29,0.97,457.72,0.98,484.0,0.03,459.79,0.02,484.0,0.04,1040.15,0.05,349.29,0.01,0.01,2328.129632,1776267527000
1776267529.928,229.928,0.96,945.28,0.95,461.51,0.97,452.72,0.98,484.0,0.03,457.72,0.02,484.0,0.04,1062.15,0.05,344.29,0.01,0.01,2328.245473,1776267529000
1776267530.157,230.157,0.96,1045.28,0.95,461.51,0.97,385.63,0.98,484.0,0.03,452.72,0.02,484.0,0.04,945.28,0.05,461.51,0.01,0.01,2328.245473,1776267529000
1776267532.515,232.515,0.97,747.41,0.96,485.19,0.98,964.0,0.99,7521.93,0.03,385.63,0.02,484.0,0.04,1045.28,0.05,461.51,0.01,0.01,2328.481616,1776267531000
1776267534.48,234.48,0.97,1046.55,0.96,402.3,0.98,964.0,0.99,7443.93,0.02,964.0,0.01,7521.93,0.03,747.41,0.04,485.19,0.01,0.01,2328.462844,1776267533000
1776267536.625,236.625,0.97,917.28,0.96,375.2,0.98,891.11,0.99,7343.93,0.02,964.0,0.01,7443.93,0.03,1046.55,0.04,402.3,0.01,0.01,2328.447284,1776267535000
1776267537.225,237.225,0.97,1020.12,0.96,381.2,0.98,764.11,0.99,7465.93,0.02,891.11,0.01,7343.93,0.03,1045.95,0.04,375.2,0.01,0.01,2328.447284,1776267535000
1776267537.699,237.699,0.97,977.67,0.96,381.2,0.98,764.11,0.99,7451.93,0.02,764.11,0.01,7465.93,0.03,1020.12,0.04,381.2,0.01,0.01,2328.525644,1776267536000
1776267538.676,238.676,0.97,866.0,0.96,385.2,0.98,760.02,0.99,7074.33,0.02,764.11,0.01,7451.93,0.03,977.67,0.04,381.2,0.01,0.01,2328.589215,1776267537000
1776267540.502,240.502,0.97,1109.55,0.96,329.7,0.98,744.91,0.99,6998.24,0.02,760.02,0.01,7074.33,0.03,866.0,0.04,385.2,0.01,0.01,2328.5625,1776267539000
1776267540.858,240.858,0.97,1114.55,0.96,329.7,0.98,736.84,0.99,6998.24,0.02,741.84,0.01,6998.24,0.03,1114.55,0.04,329.7,0.01,0.01,2328.5625,1776267539000
1776267541.111,241.111,0.97,1119.55,0.96,329.7,0.98,693.76,0.99,1998.24,0.02,733.76,0.01,6998.24,0.03,1119.55,0.04,329.7,0.01,0.01,2328.55725,1776267540000
1776267541.377,241.377,0.97,1114.55,0.96,323.7,0.98,688.65,0.99,1993.24,0.02,693.76,0.01,1998.24,0.03,1119.55,0.04,329.7,0.01,0.01,2328.55725,1776267540000
1776267542.079,242.079,0.97,1114.55,0.96,353.7,0.98,673.65,0.99,1993.24,0.02,683.65,0.01,1993.24,0.03,1114.55,0.04,323.7,0.01,0.01,2328.5475,1776267541000
1776267542.377,242.377,0.97,1119.55,0.96,353.7,0.98,668.54,0.99,1993.24,0.02,673.65,0.01,1993.24,0.03,1114.55,0.04,353.7,0.01,0.01,2328.5475,1776267541000
1776267542.629,242.629,0.97,1174.22,0.96,353.7,0.98,595.29,0.99,1993.24,0.02,645.29,0.01,1993.24,0.03,1174.22,0.04,353.7,0.01,0.01,2328.5475,1776267541000
1776267543.213,243.213,0.97,1159.22,0.96,353.7,0.98,594.17,0.99,1993.24,0.02,590.2,0.01,1993.24,0.03,1174.22,0.04,353.7,0.01,0.01,2328.5475,1776267542000
1776267543.985,243.985,0.97,1154.22,0.96,323.7,0.98,638.17,0.99,1876.24,0.02,594.17,0.01,1993.24,0.03,1159.22,0.04,353.7,0.01,0.01,2328.5475,1776267542000
1776267544.434,244.434,0.97,1164.22,0.96,323.7,0.98,629.17,0.99,1876.24,0.02,634.17,0.01,1876.24,0.03,1154.22,0.04,323.7,0.01,0.01,2328.612061,1776267543000
1776267544.93,244.93,0.97,1149.22,0.96,323.7,0.98,476.17,0.99,1993.24,0.02,623.17,0.01,1876.24,0.03,1159.22,0.04,323.7,0.01,0.01,2328.612061,1776267543000
1776267545.331,245.331,0.97,1149.22,0.96,323.7,0.98,467.09,0.99,1993.24,0.02,475.17,0.01,1993.24,0.03,1149.22,0.04,323.7,0.01,0.01,2328.585782,1776267544000
1776267545.828,245.828,0.97,1146.22,0.96,323.7,0.98,487.97,0.99,1993.24,0.02,488.06,0.01,1993.24,0.03,1149.22,0.04,323.7,0.01,0.01,2328.585782,1776267544000
1776267546.444,246.444,0.97,1136.22,0.96,201.7,0.98,526.92,0.99,2358.84,0.02,416.97,0.01,1993.24,0.03,1146.22,0.04,323.7,0.01,0.01,2328.56755,1776267545000
1776267546.816,246.816,0.97,1141.22,0.96,206.7,0.98,424.87,0.99,1995.24,0.02,526.92,0.01,2358.84,0.03,1136.22,0.04,201.7,0.01,0.01,2328.56755,1776267545000
1776267547.424,247.424,0.97,661.22,0.96,686.7,0.98,561.87,0.99,1995.24,0.02,424.87,0.01,1995.24,0.03,1141.22,0.04,206.7,0.01,0.01,2328.45235,1776267546000
1776267548.274,248.274,0.97,1115.23,0.96,335.7,0.98,547.87,0.99,1995.24,0.02,556.87,0.01,1995.24,0.03,656.22,0.04,681.7,0.01,0.01,2328.310933,1776267547000
1776267548.526,248.526,0.97,1210.23,0.96,324.7,0.98,542.76,0.99,1995.24,0.02,547.87,0.01,1995.24,0.03,1115.23,0.04,335.7,0.01,0.01,2328.310933,1776267547000
1776267549.673,249.673,0.97,1260.23,0.96,354.7,0.98,415.76,0.99,1993.24,0.02,542.76,0.01,1995.24,0.03,1210.23,0.04,324.7,0.01,0.01,2328.219705,1776267548000
1776267550.301,250.301,0.98,989.85,0.97,537.24,0.99,2460.1,,,0.02,415.76,0.01,1993.24,0.03,1260.23,0.04,354.7,0.01,0.01,2328.219705,1776267548000
1776267551.321,251.321,0.98,1260.02,0.97,331.26,0.99,1239.08,,,0.01,2439.08,,,0.02,1101.85,0.03,532.24,0.01,0.01,2328.279429,1776267550000
1776267551.563,251.563,0.98,1265.02,0.97,331.26,0.99,1199.71,,,0.01,1230.02,,,0.02,1260.02,0.03,331.26,0.01,0.01,2328.279429,1776267550000
1776267552.041,252.041,0.99,1697.71,0.98,459.42,,,,,,,,,0.01,1324.29,0.02,1265.02,,,2328.481224,1776267551000
1776267552.674,252.674,0.99,1978.49,0.98,459.42,,,,,,,,,0.01,1685.62,0.02,459.42,,,2328.481224,1776267551000
1776267552.906,252.906,0.99,1967.57,0.98,459.42,,,,,,,,,0.01,1978.49,0.02,459.42,,,2328.481224,1776267551000
1776267553.298,253.298,0.99,2018.54,0.98,469.68,,,,,,,,,0.01,1967.57,0.02,459.42,,,2328.545602,1776267552000
1776267555.838,255.838,0.99,1942.02,0.98,327.35,,,,,,,,,0.01,2018.54,0.02,469.68,,,2328.661742,1776267554000
1776267556.297,256.297,0.99,1945.27,0.98,327.35,,,,,,,,,0.01,1942.02,0.02,327.35,,,2328.67092,1776267555000
1776267558.214,258.214,0.99,1979.28,0.98,327.35,,,,,,,,,0.01,1945.27,0.02,327.35,,,2328.870905,1776267557000
1776267585.388,285.388,0.99,10026.43,0.98,193.98,,,,,,,,,0.01,1979.28,0.02,327.35,,,2327.597251,1776267584000
1776267586.167,286.167,0.99,10752.34,0.98,93.98,,,,,,,,,0.01,10026.43,0.02,193.98,,,2327.493887,1776267585000
1776267592.598,292.598,0.99,13056.83,0.98,81.98,,,,,,,,,0.01,10752.34,0.02,93.98,,,2327.622487,1776267591000
1776267597.842,297.842,0.99,15921.23,0.98,81.98,,,,,,,,,0.01,13056.83,0.02,81.98,,,2328.068701,1776267596000

# RESULT,winner=Up,slug=eth-updown-5m-1776267300,ticks=307
