timestamp,elapsed_sec,up_bid_p1,up_bid_s1,up_bid_p2,up_bid_s2,up_ask_p1,up_ask_s1,up_ask_p2,up_ask_s2,down_bid_p1,down_bid_s1,down_bid_p2,down_bid_s2,down_ask_p1,down_ask_s1,down_ask_p2,down_ask_s2,up_spread,down_spread,eth_price,eth_oracle_ts
1776208201.498,1.498,0.45,76.22,0.44,70.0,0.55,75.0,0.56,70.0,0.45,75.0,0.44,70.0,0.55,76.22,0.56,70.0,0.1,0.1,2318.493422,1776208199000
1776208201.857,1.857,0.45,101.22,0.44,70.0,0.55,46.0,0.56,95.0,0.45,75.0,0.44,70.0,0.55,76.22,0.56,70.0,0.1,0.1,2318.377987,1776208200000
1776208202.485,2.485,0.5,10.0,0.45,201.22,0.55,174.03,0.56,195.0,0.45,46.0,0.44,95.0,0.55,101.22,0.56,70.0,0.05,0.1,2318.388896,1776208201000
1776208203.044,3.044,0.45,195.22,0.44,195.0,0.55,174.03,0.56,195.0,0.45,174.03,0.44,195.0,0.55,195.22,0.56,195.0,0.1,0.1,2318.415313,1776208202000
1776208203.322,3.322,0.43,220.0,0.42,125.0,0.47,10.0,0.48,10.0,0.52,10.0,0.51,10.0,0.54,44.44,0.55,195.22,0.04,0.02,2318.415313,1776208202000
1776208203.605,3.605,0.43,75.0,0.42,25.0,0.44,7.68,0.45,10.0,0.53,4.43,0.52,10.0,0.57,220.0,0.58,125.0,0.01,0.04,2318.415313,1776208202000
1776208203.831,3.831,0.43,40.78,0.42,91.15,0.44,12.68,0.45,10.0,0.56,7.68,0.55,10.0,0.57,63.08,0.58,25.0,0.01,0.01,2318.415313,1776208202000
1776208204.204,4.204,0.43,18.78,0.42,66.15,0.44,7.68,0.45,15.0,0.56,12.68,0.55,15.0,0.57,18.78,0.58,91.15,0.01,0.01,2318.458747,1776208203000
1776208204.944,4.944,0.43,28.78,0.42,66.15,0.46,7.68,0.47,4.43,0.54,7.68,0.53,4.43,0.57,28.78,0.58,66.15,0.03,0.03,2318.440875,1776208204000
1776208205.608,5.608,0.44,73.95,0.43,160.78,0.45,4.44,0.46,7.68,0.55,4.44,0.54,7.68,0.57,155.78,0.58,79.15,0.01,0.02,2318.440875,1776208204000
1776208205.867,5.867,0.44,123.95,0.43,13.78,0.46,7.12,0.47,4.43,0.55,4.44,0.54,7.68,0.56,73.95,0.57,160.78,0.02,0.01,2318.440875,1776208204000
1776208206.415,6.415,0.44,174.95,0.43,26.78,0.45,10.0,0.46,7.12,0.54,7.12,0.53,4.43,0.56,112.95,0.57,13.78,0.01,0.02,2318.440875,1776208204000
1776208206.623,6.623,0.44,174.95,0.43,26.78,0.45,5.0,0.46,7.12,0.55,10.0,0.54,7.12,0.56,174.95,0.57,26.78,0.01,0.01,2318.440875,1776208204000
1776208206.926,6.926,0.44,144.95,0.43,26.78,0.45,5.0,0.46,7.12,0.55,5.0,0.54,7.12,0.56,174.95,0.57,26.78,0.01,0.01,2318.428529,1776208205000
1776208207.31,7.31,0.44,144.95,0.43,26.78,0.45,5.0,0.46,7.12,0.55,5.0,0.54,7.12,0.56,149.95,0.57,26.78,0.01,0.01,2318.42724,1776208206000
1776208207.536,7.536,0.44,149.95,0.43,26.78,0.46,7.12,0.47,4.43,0.55,5.0,0.54,7.12,0.56,149.95,0.57,26.78,0.02,0.01,2318.42724,1776208206000
1776208207.801,7.801,0.44,141.95,0.43,18.0,0.45,10.0,0.46,7.12,0.54,7.12,0.53,4.43,0.56,149.95,0.57,26.78,0.01,0.02,2318.42724,1776208206000
1776208208.004,8.004,0.44,44.42,0.43,13.0,0.45,7.77,0.46,7.12,0.55,7.77,0.54,7.12,0.56,52.75,0.57,13.0,0.01,0.01,2318.42724,1776208206000
1776208208.42,8.42,0.44,27.23,0.43,13.0,0.45,7.77,0.46,7.12,0.55,7.77,0.54,7.12,0.56,27.23,0.57,13.0,0.01,0.01,2318.42811,1776208207000
1776208208.821,8.821,0.42,4.9,0.41,5.0,0.43,10.0,0.44,10.0,0.57,10.0,0.56,10.0,0.58,9.9,0.62,5.0,0.01,0.01,2318.42811,1776208207000
1776208209.323,9.323,0.41,10.0,0.35,30.0,0.42,9.0,0.43,20.0,0.57,10.0,0.56,10.0,0.58,4.9,0.59,5.0,0.01,0.01,2318.428549,1776208208000
1776208209.616,9.616,0.35,45.0,0.34,153.92,0.37,26.85,0.38,10.0,0.63,15.0,0.58,14.0,0.65,30.0,0.66,70.0,0.02,0.02,2318.428549,1776208208000
1776208209.857,9.857,0.35,95.27,0.34,158.92,0.36,10.0,0.37,26.85,0.63,26.85,0.62,10.0,0.65,45.0,0.66,153.92,0.01,0.02,2318.428549,1776208208000
1776208210.125,10.125,0.35,185.27,0.34,158.92,0.37,0.57,0.38,26.0,0.64,10.0,0.63,26.85,0.65,95.27,0.66,158.92,0.02,0.01,2318.428549,1776208208000
1776208210.332,10.332,0.35,198.27,0.34,176.92,0.38,16.57,0.39,21.0,0.63,0.57,0.62,26.0,0.65,185.27,0.66,158.92,0.03,0.02,2318.265524,1776208209000
1776208210.794,10.794,0.36,194.76,0.35,283.27,0.37,10.0,0.38,10.0,0.63,10.0,0.62,10.0,0.65,250.27,0.66,168.92,0.01,0.02,2318.265524,1776208209000
1776208211.134,11.134,0.36,191.5,0.35,407.27,0.37,16.0,0.38,10.0,0.63,10.0,0.62,10.0,0.64,194.76,0.65,283.27,0.01,0.01,2318.265524,1776208209000
1776208211.41,11.41,0.36,184.78,0.35,283.27,0.37,16.0,0.38,10.0,0.63,16.0,0.62,10.0,0.64,191.5,0.65,407.27,0.01,0.01,2317.93805,1776208210000
1776208211.632,11.632,0.36,281.5,0.35,228.0,0.4,3.05,0.41,10.0,0.63,16.0,0.62,10.0,0.64,176.96,0.65,283.27,0.04,0.01,2317.93805,1776208210000
1776208211.877,11.877,0.41,10.15,0.4,105.45,0.42,9.0,0.43,20.5,0.58,9.0,0.57,30.5,0.59,8.63,0.6,87.45,0.01,0.01,2317.93805,1776208210000
1776208212.106,12.106,0.41,2.25,0.4,110.45,0.42,8.21,0.43,20.5,0.58,8.21,0.57,20.5,0.59,7.34,0.6,110.45,0.01,0.01,2317.93805,1776208210000
1776208212.622,12.622,0.41,2.25,0.4,110.45,0.42,8.21,0.43,20.5,0.58,8.21,0.57,20.5,0.59,2.25,0.6,110.45,0.01,0.01,2317.928725,1776208211000
1776208212.94,12.94,0.4,110.45,0.39,36.5,0.42,1.85,0.43,10.0,0.58,3.21,0.57,20.5,0.6,110.45,0.61,36.5,0.02,0.02,2317.928725,1776208211000
1776208213.147,13.147,0.4,110.45,0.39,36.5,0.43,7.15,0.44,20.5,0.57,7.15,0.56,20.5,0.6,110.45,0.61,36.5,0.03,0.03,2317.964281,1776208212000
1776208213.378,13.378,0.42,26.77,0.41,38.5,0.43,17.15,0.44,20.5,0.57,7.15,0.56,20.5,0.6,110.45,0.61,36.5,0.01,0.03,2317.964281,1776208212000
1776208213.669,13.669,0.42,16.27,0.41,38.5,0.43,15.0,0.44,20.5,0.57,5.52,0.56,20.5,0.58,26.77,0.59,38.5,0.01,0.01,2317.964281,1776208212000
1776208213.961,13.961,0.42,11.44,0.41,33.5,0.43,15.0,0.44,20.5,0.57,15.0,0.56,20.5,0.58,26.94,0.59,33.5,0.01,0.01,2317.964281,1776208212000
1776208214.333,14.333,0.42,80.65,0.41,28.5,0.44,10.5,0.45,18.27,0.57,15.0,0.56,20.5,0.58,11.44,0.59,33.5,0.02,0.01,2318.11,1776208213000
1776208214.535,14.535,0.42,95.65,0.41,28.5,0.43,4.0,0.44,20.5,0.56,10.5,0.55,18.27,0.58,80.65,0.59,28.5,0.01,0.02,2318.11,1776208213000
1776208215.128,15.128,0.42,95.65,0.41,28.5,0.43,4.0,0.44,20.5,0.57,4.0,0.56,20.5,0.58,95.65,0.59,28.5,0.01,0.01,2318.202798,1776208214000
1776208215.48,15.48,0.43,11.0,0.42,99.21,0.44,21.5,0.45,10.5,0.57,4.0,0.56,20.5,0.58,95.65,0.59,28.5,0.01,0.01,2318.202798,1776208214000
1776208215.996,15.996,0.48,15.0,0.47,20.0,0.5,10.73,0.51,256.0,0.49,281.0,0.48,200.0,0.57,40.82,0.58,89.21,0.02,0.08,2318.202798,1776208214000
1776208216.263,16.263,0.47,4.71,0.46,41.0,0.49,10.5,0.51,156.0,0.5,10.73,0.49,256.0,0.52,15.0,0.53,20.0,0.02,0.02,2318.317976,1776208215000
1776208216.545,16.545,0.47,138.71,0.46,130.0,0.48,5.87,0.49,15.5,0.51,10.5,0.49,156.0,0.53,4.71,0.54,41.0,0.01,0.02,2318.317976,1776208215000
1776208216.937,16.937,0.49,109.6,0.48,120.0,0.5,10.5,0.51,135.0,0.5,4.46,0.49,135.0,0.52,10.0,0.53,143.71,0.01,0.02,2318.317976,1776208215000
1776208218.192,18.192,0.49,109.6,0.48,120.0,0.5,10.5,0.51,135.0,0.5,10.5,0.49,135.0,0.51,109.6,0.52,120.0,0.01,0.01,2318.234665,1776208217000
1776208218.782,18.782,0.5,20.0,0.49,119.6,0.51,182.5,0.52,88.0,0.5,10.5,0.49,135.0,0.51,109.6,0.52,120.0,0.01,0.01,2318.234665,1776208217000
1776208219.111,19.111,0.5,20.0,0.49,119.6,0.51,182.5,0.52,88.0,0.49,182.5,0.48,88.0,0.5,20.0,0.51,119.6,0.01,0.01,2318.312079,1776208218000
1776208220.1,20.1,0.5,20.0,0.49,119.6,0.51,182.5,0.52,88.0,0.49,182.5,0.48,88.0,0.5,20.0,0.51,119.6,0.01,0.01,2318.259225,1776208219000
1776208220.345,20.345,0.5,20.0,0.49,119.6,0.51,185.78,0.52,98.0,0.49,182.5,0.48,88.0,0.5,20.0,0.51,119.6,0.01,0.01,2318.259225,1776208219000
1776208221.051,21.051,0.5,25.0,0.49,119.6,0.51,180.78,0.52,98.0,0.49,180.78,0.48,98.0,0.5,25.0,0.51,119.6,0.01,0.01,2318.328264,1776208220000
1776208221.553,21.553,0.47,100.0,0.46,127.39,0.51,168.78,0.52,141.0,0.49,180.78,0.48,98.0,0.5,25.0,0.51,119.6,0.04,0.01,2318.328264,1776208220000
1776208221.847,21.847,0.47,64.2,0.46,110.39,0.48,10.0,0.5,5.0,0.49,168.78,0.48,141.0,0.53,75.0,0.54,117.39,0.01,0.04,2318.328264,1776208220000
1776208222.57,22.57,0.47,84.2,0.46,130.39,0.48,14.37,0.49,5.0,0.52,5.0,0.51,6.0,0.53,64.2,0.54,110.39,0.01,0.01,2318.3085,1776208221000
1776208223.037,23.037,0.47,84.2,0.46,130.39,0.48,14.37,0.49,5.0,0.52,14.37,0.51,5.0,0.53,84.2,0.54,130.39,0.01,0.01,2318.24301,1776208222000
1776208223.715,23.715,0.48,13.03,0.47,79.2,0.49,22.0,0.5,92.5,0.52,14.37,0.51,5.0,0.53,84.2,0.54,130.39,0.01,0.01,2318.24301,1776208222000
1776208223.952,23.952,0.48,13.03,0.47,79.2,0.49,22.0,0.5,92.5,0.51,22.0,0.5,92.5,0.52,13.03,0.53,79.2,0.01,0.01,2318.153551,1776208223000
1776208224.475,24.475,0.48,1.03,0.47,79.2,0.49,32.0,0.5,41.5,0.51,32.0,0.5,41.5,0.52,3.03,0.53,79.2,0.01,0.01,2318.153551,1776208223000
1776208225.415,25.415,0.48,1.03,0.47,79.2,0.49,32.0,0.5,41.5,0.51,32.0,0.5,41.5,0.52,1.03,0.53,79.2,0.01,0.01,2318.110733,1776208224000
1776208225.832,25.832,0.48,1.03,0.47,79.2,0.49,32.0,0.5,41.5,0.51,32.0,0.5,41.5,0.52,1.03,0.53,79.2,0.01,0.01,2318.104683,1776208225000
1776208226.116,26.116,0.5,10.0,0.48,139.03,0.52,16.29,0.53,125.0,0.51,32.0,0.5,41.5,0.52,1.03,0.53,79.2,0.02,0.01,2318.104683,1776208225000
1776208226.331,26.331,0.54,18.42,0.51,24.5,0.56,100.0,0.57,30.0,0.48,1.58,0.47,125.0,0.5,10.0,0.52,147.0,0.02,0.02,2318.104683,1776208225000
1776208226.605,26.605,0.55,4.22,0.54,33.42,0.56,105.0,0.57,30.0,0.44,100.0,0.43,30.0,0.46,18.42,0.49,24.5,0.01,0.02,2318.104683,1776208225000
1776208226.817,26.817,0.54,26.24,0.53,21.0,0.56,105.0,0.58,86.5,0.44,105.0,0.43,30.0,0.45,4.22,0.46,33.42,0.02,0.01,2318.104683,1776208225000
1776208227.219,27.219,0.54,26.24,0.53,21.0,0.56,105.0,0.58,86.5,0.44,105.0,0.42,86.5,0.46,26.24,0.47,21.0,0.02,0.02,2318.104616,1776208226000
1776208227.548,27.548,0.54,14.25,0.53,10.0,0.55,5.0,0.56,136.0,0.45,5.0,0.44,140.0,0.46,14.91,0.47,10.0,0.01,0.01,2318.104616,1776208226000
1776208228.225,28.225,0.54,13.81,0.53,10.0,0.55,11.0,0.56,106.0,0.45,5.0,0.44,136.0,0.46,14.25,0.47,10.0,0.01,0.01,2318.104616,1776208226000
1776208228.96,28.96,0.54,13.81,0.53,10.0,0.55,11.0,0.56,106.0,0.45,11.0,0.44,106.0,0.46,13.81,0.47,10.0,0.01,0.01,2318.68505,1776208228000
1776208229.422,29.422,0.54,13.37,0.53,15.0,0.55,11.0,0.56,196.0,0.45,28.81,0.44,226.0,0.46,13.81,0.47,15.0,0.01,0.01,2318.68505,1776208228000
1776208229.709,29.709,0.54,8.37,0.53,15.0,0.55,16.0,0.56,196.0,0.45,11.0,0.44,196.0,0.46,13.37,0.47,15.0,0.01,0.01,2318.68505,1776208228000
1776208229.981,29.981,0.55,10.0,0.54,8.37,0.56,136.0,0.57,25.0,0.45,1.0,0.44,196.0,0.46,3.37,0.47,15.0,0.01,0.01,2318.68505,1776208228000
1776208231.207,31.207,0.55,9.44,0.54,3.37,0.56,151.0,0.57,60.0,0.44,126.0,0.43,25.0,0.45,10.0,0.46,8.37,0.01,0.01,2318.62695,1776208229000
1776208231.776,31.776,0.55,4.44,0.54,29.37,0.56,120.0,0.57,95.5,0.44,146.0,0.43,75.0,0.45,9.44,0.46,33.37,0.01,0.01,2318.67745,1776208230000
1776208232.437,32.437,0.55,4.44,0.54,29.37,0.56,120.0,0.57,95.5,0.44,120.0,0.43,95.5,0.45,4.44,0.46,29.37,0.01,0.01,2318.610003,1776208231000
1776208232.953,32.953,0.55,10.0,0.54,10.0,0.56,120.0,0.57,105.0,0.44,120.0,0.43,105.0,0.45,10.0,0.46,10.0,0.01,0.01,2318.695073,1776208232000
1776208233.457,33.457,0.48,35.0,0.47,86.98,0.5,7.8,0.52,10.41,0.44,120.0,0.43,105.0,0.45,10.0,0.46,10.0,0.02,0.01,2318.695073,1776208232000
1776208233.801,33.801,0.49,1.11,0.48,35.0,0.5,7.8,0.52,10.41,0.5,7.8,0.48,10.41,0.52,35.0,0.53,86.98,0.01,0.02,2318.695073,1776208232000
1776208234.219,34.219,0.47,131.53,0.46,190.0,0.48,7.66,0.49,80.0,0.5,42.8,0.49,10.0,0.53,75.53,0.54,185.0,0.01,0.03,2318.639718,1776208233000
1776208234.693,34.693,0.47,92.53,0.46,190.0,0.48,10.21,0.49,80.0,0.52,5.32,0.51,80.0,0.53,126.53,0.54,190.0,0.01,0.01,2318.639718,1776208233000
1776208235.097,35.097,0.47,92.53,0.46,190.0,0.48,10.21,0.49,80.0,0.52,10.21,0.51,80.0,0.53,92.53,0.54,190.0,0.01,0.01,2318.309626,1776208234000
1776208235.493,35.493,0.47,86.14,0.46,190.0,0.48,15.0,0.49,90.0,0.52,10.21,0.51,80.0,0.53,92.53,0.54,190.0,0.01,0.01,2318.309626,1776208234000
1776208236.516,36.516,0.47,96.14,0.46,190.0,0.48,20.0,0.49,90.0,0.52,15.0,0.51,90.0,0.53,86.14,0.54,190.0,0.01,0.01,2318.309626,1776208234000
1776208237.544,37.544,0.47,86.14,0.46,190.0,0.48,25.0,0.49,103.0,0.52,20.0,0.51,90.0,0.53,96.14,0.54,190.0,0.01,0.01,2318.309626,1776208234000
1776208239.828,39.828,0.47,71.14,0.46,200.0,0.48,40.0,0.49,103.0,0.52,25.0,0.51,103.0,0.53,86.14,0.54,190.0,0.01,0.01,2318.309626,1776208234000
1776208240.952,40.952,0.47,112.89,0.46,230.5,0.49,142.28,0.5,57.8,0.52,40.0,0.51,103.0,0.53,71.14,0.54,200.0,0.02,0.01,2318.309626,1776208234000
1776208241.363,41.363,0.48,46.8,0.47,92.89,0.49,147.28,0.5,57.8,0.51,142.28,0.5,57.8,0.53,112.89,0.54,230.5,0.01,0.02,2318.309626,1776208234000
1776208242.545,42.545,0.48,13.8,0.47,48.89,0.49,157.28,0.5,62.8,0.51,147.28,0.5,57.8,0.52,46.8,0.53,92.89,0.01,0.01,2318.309626,1776208234000
1776208243.342,43.342,0.48,13.8,0.47,48.89,0.49,157.28,0.5,62.8,0.51,157.28,0.5,62.8,0.52,13.8,0.53,48.89,0.01,0.01,2318.102985,1776208242000
1776208243.753,43.753,0.48,13.8,0.47,58.89,0.49,152.28,0.5,77.8,0.51,157.28,0.5,62.8,0.52,13.8,0.53,48.89,0.01,0.01,2318.102985,1776208242000
1776208244.334,44.334,0.48,13.8,0.47,58.89,0.49,152.28,0.5,77.8,0.51,152.28,0.5,77.8,0.52,13.8,0.53,58.89,0.01,0.01,2318.11556,1776208243000
1776208244.914,44.914,0.48,88.3,0.47,163.89,0.49,65.0,0.5,15.0,0.51,65.0,0.5,15.0,0.52,88.3,0.53,163.89,0.01,0.01,2318.11556,1776208244000
1776208245.391,45.391,0.52,86.37,0.51,72.5,0.53,115.0,0.54,130.0,0.51,65.0,0.5,15.0,0.52,88.3,0.53,163.89,0.01,0.01,2318.11556,1776208244000
1776208245.91,45.91,0.51,14.0,0.5,7.0,0.53,130.0,0.54,140.0,0.47,115.0,0.46,130.0,0.48,86.37,0.49,72.5,0.02,0.01,2318.11556,1776208244000
1776208246.998,46.998,0.51,14.0,0.5,7.0,0.53,130.0,0.54,140.0,0.47,130.0,0.46,140.0,0.49,14.0,0.5,7.0,0.02,0.02,2318.360095,1776208246000
1776208247.879,47.879,0.5,10.0,0.49,25.0,0.51,129.6,0.52,15.0,0.47,130.0,0.46,140.0,0.49,14.0,0.5,7.0,0.01,0.02,2318.360095,1776208246000
1776208248.177,48.177,0.5,10.0,0.49,25.0,0.51,129.6,0.52,15.0,0.49,129.6,0.48,15.0,0.5,10.0,0.51,25.0,0.01,0.01,2318.25567,1776208247000
1776208249.178,49.178,0.5,10.0,0.49,25.0,0.51,129.6,0.52,15.0,0.49,129.6,0.48,15.0,0.5,10.0,0.51,25.0,0.01,0.01,2318.241376,1776208248000
1776208250.272,50.272,0.49,10.0,0.48,126.12,0.5,9.8,0.51,124.6,0.5,9.8,0.49,124.6,0.51,10.0,0.52,126.12,0.01,0.01,2318.24311,1776208249000
1776208251.298,51.298,0.49,10.0,0.48,126.12,0.5,9.8,0.51,124.6,0.5,9.8,0.49,124.6,0.51,10.0,0.52,126.12,0.01,0.01,2318.215776,1776208250000
1776208251.886,51.886,0.49,10.0,0.48,126.12,0.5,9.8,0.51,124.6,0.5,9.8,0.49,124.6,0.51,10.0,0.52,126.12,0.01,0.01,2318.231736,1776208251000
1776208253.009,53.009,0.49,5.0,0.48,125.5,0.5,55.0,0.51,124.6,0.5,55.0,0.49,124.6,0.51,5.0,0.52,125.5,0.01,0.01,2318.23673,1776208252000
1776208253.849,53.849,0.48,28.02,0.47,36.39,0.49,30.0,0.5,23.0,0.5,55.0,0.49,124.6,0.51,5.0,0.52,125.5,0.01,0.01,2318.23673,1776208252000
1776208254.149,54.149,0.48,14.0,0.47,36.39,0.49,30.0,0.5,23.0,0.51,30.0,0.5,23.0,0.52,14.0,0.53,36.39,0.01,0.01,2318.211765,1776208253000
1776208255.748,55.748,0.48,4.0,0.47,41.39,0.49,45.0,0.5,23.0,0.51,45.0,0.5,23.0,0.52,4.0,0.53,41.39,0.01,0.01,2318.198168,1776208254000
1776208256.28,56.28,0.47,90.39,0.46,210.0,0.48,10.0,0.49,20.0,0.51,45.0,0.5,23.0,0.52,4.0,0.53,41.39,0.01,0.01,2318.198168,1776208254000
1776208256.934,56.934,0.47,95.39,0.46,210.0,0.49,20.0,0.5,18.0,0.52,10.0,0.51,20.0,0.53,90.39,0.54,210.0,0.02,0.01,2318.14029,1776208255000
1776208257.346,57.346,0.47,95.39,0.46,210.0,0.49,20.0,0.5,18.0,0.51,20.0,0.5,18.0,0.53,95.39,0.54,210.0,0.02,0.02,2318.120002,1776208256000
1776208257.789,57.789,0.47,65.39,0.46,110.0,0.48,4.58,0.49,20.0,0.51,20.0,0.5,18.0,0.53,95.39,0.54,210.0,0.01,0.02,2318.120002,1776208256000
1776208258.205,58.205,0.47,60.39,0.46,120.0,0.48,15.0,0.49,20.0,0.52,15.0,0.51,20.0,0.53,60.39,0.54,120.0,0.01,0.01,2318.115185,1776208257000
1776208259.047,59.047,0.47,53.42,0.46,120.0,0.48,15.0,0.49,20.0,0.52,15.0,0.51,20.0,0.53,58.42,0.54,120.0,0.01,0.01,2318.115185,1776208257000
1776208259.492,59.492,0.47,53.42,0.46,120.0,0.48,15.0,0.49,20.0,0.52,15.0,0.51,20.0,0.53,53.42,0.54,120.0,0.01,0.01,2318.114378,1776208258000
1776208259.758,59.758,0.47,58.42,0.46,120.0,0.48,20.0,0.49,20.0,0.52,15.0,0.51,20.0,0.53,53.42,0.54,120.0,0.01,0.01,2318.114378,1776208258000
1776208260.127,60.127,0.47,47.09,0.46,120.0,0.49,15.1,0.5,18.0,0.52,20.0,0.51,20.0,0.53,47.09,0.54,120.0,0.02,0.01,2318.114378,1776208258000
1776208260.452,60.452,0.47,57.09,0.46,130.0,0.48,0.82,0.49,20.1,0.51,15.1,0.5,18.0,0.53,47.09,0.54,120.0,0.01,0.02,2318.108705,1776208259000
1776208261.624,61.624,0.47,57.09,0.46,130.0,0.48,0.82,0.49,20.1,0.52,0.82,0.51,20.1,0.53,57.09,0.54,130.0,0.01,0.01,2318.17885,1776208260000
1776208262.198,62.198,0.48,43.8,0.47,25.0,0.49,25.1,0.5,23.0,0.52,0.82,0.51,20.1,0.53,57.09,0.54,130.0,0.01,0.01,2318.17885,1776208260000
1776208262.472,62.472,0.47,25.0,0.46,110.0,0.48,28.89,0.49,25.1,0.51,25.1,0.5,23.0,0.52,43.8,0.53,25.0,0.01,0.01,2318.106864,1776208261000
1776208262.882,62.882,0.47,34.0,0.46,115.0,0.48,33.89,0.49,30.1,0.52,33.89,0.51,30.1,0.53,44.0,0.54,115.0,0.01,0.01,2318.106864,1776208261000
1776208263.691,63.691,0.47,34.0,0.46,115.0,0.48,33.89,0.49,30.1,0.52,33.89,0.51,30.1,0.53,34.0,0.54,115.0,0.01,0.01,2318.171619,1776208262000
1776208264.311,64.311,0.47,29.0,0.46,135.19,0.48,159.27,0.49,30.1,0.52,33.89,0.51,30.1,0.53,34.0,0.54,115.0,0.01,0.01,2318.171619,1776208262000
1776208265.154,65.154,0.47,19.0,0.46,135.69,0.48,159.27,0.49,30.1,0.52,159.27,0.51,30.1,0.53,19.0,0.54,135.69,0.01,0.01,2318.162568,1776208264000
1776208265.504,65.504,0.47,19.56,0.46,165.69,0.48,269.65,0.49,25.0,0.52,159.27,0.51,30.1,0.53,19.0,0.54,135.69,0.01,0.01,2318.162568,1776208264000
1776208265.728,65.728,0.47,19.56,0.46,165.69,0.48,269.65,0.49,25.0,0.52,269.65,0.51,25.0,0.53,19.56,0.54,165.69,0.01,0.01,2318.162568,1776208264000
1776208266.102,66.102,0.47,29.56,0.46,155.69,0.48,262.15,0.49,15.0,0.52,269.65,0.51,25.0,0.53,19.56,0.54,165.69,0.01,0.01,2318.162568,1776208264000
1776208266.394,66.394,0.47,29.56,0.46,165.69,0.48,240.15,0.49,15.0,0.52,262.15,0.51,15.0,0.53,29.56,0.54,155.69,0.01,0.01,2318.162568,1776208264000
1776208266.598,66.598,0.47,29.56,0.46,165.69,0.48,240.15,0.49,15.0,0.52,240.15,0.51,15.0,0.53,29.56,0.54,165.69,0.01,0.01,2318.085663,1776208265000
1776208267.042,67.042,0.47,0.57,0.46,175.69,0.48,255.15,0.49,10.0,0.52,240.15,0.51,15.0,0.53,29.56,0.54,165.69,0.01,0.01,2318.085663,1776208265000
1776208268.836,68.836,0.47,0.57,0.46,175.69,0.48,255.15,0.49,10.0,0.52,255.15,0.51,10.0,0.53,0.57,0.54,175.69,0.01,0.01,2318.181275,1776208267000
1776208269.547,69.547,0.47,0.57,0.46,175.69,0.48,255.15,0.49,10.0,0.52,255.15,0.51,10.0,0.53,0.57,0.54,175.69,0.01,0.01,2318.181245,1776208268000
1776208270.159,70.159,0.47,0.57,0.46,175.69,0.48,255.15,0.49,10.0,0.52,255.15,0.51,10.0,0.53,0.57,0.54,175.69,0.01,0.01,2318.086903,1776208269000
1776208271.593,71.593,0.47,0.57,0.46,175.69,0.48,255.15,0.49,10.0,0.52,255.15,0.51,10.0,0.53,0.57,0.54,175.69,0.01,0.01,2318.119136,1776208270000
1776208272.695,72.695,0.47,0.57,0.46,175.69,0.48,255.15,0.49,10.0,0.52,255.15,0.51,10.0,0.53,0.57,0.54,175.69,0.01,0.01,2318.089088,1776208271000
1776208273.223,73.223,0.47,0.57,0.46,175.69,0.48,255.15,0.49,10.0,0.52,255.15,0.51,10.0,0.53,0.57,0.54,175.69,0.01,0.01,2318.085799,1776208272000
1776208274.132,74.132,0.46,80.5,0.45,130.5,0.48,280.76,0.49,15.0,0.52,255.15,0.51,10.0,0.53,0.57,0.54,175.69,0.02,0.01,2318.085799,1776208272000
1776208274.697,74.697,0.47,40.5,0.46,72.5,0.48,254.38,0.5,15.0,0.52,280.76,0.51,15.0,0.54,80.5,0.55,130.5,0.01,0.02,2318.085799,1776208272000
1776208275.004,75.004,0.47,40.5,0.46,72.5,0.48,254.38,0.5,15.0,0.52,254.38,0.5,15.0,0.53,40.5,0.54,72.5,0.01,0.01,2318.085834,1776208274000
1776208276.228,76.228,0.47,37.5,0.46,72.5,0.48,206.5,0.49,5.0,0.52,216.5,0.51,5.0,0.53,47.5,0.54,72.5,0.01,0.01,2318.085834,1776208274000
1776208276.52,76.52,0.47,37.5,0.46,72.5,0.48,206.5,0.49,5.0,0.52,206.5,0.51,5.0,0.53,37.5,0.54,72.5,0.01,0.01,2318.103511,1776208275000
1776208276.867,76.867,0.44,150.0,0.43,55.0,0.45,16.55,0.46,147.0,0.53,32.0,0.52,254.0,0.54,3.19,0.55,95.0,0.01,0.01,2318.103511,1776208275000
1776208277.186,77.186,0.44,150.0,0.43,55.0,0.45,16.55,0.46,147.0,0.55,16.55,0.54,147.0,0.56,150.0,0.57,55.0,0.01,0.01,2318.166955,1776208276000
1776208278.65,78.65,0.44,150.0,0.43,55.0,0.45,16.55,0.46,147.0,0.55,16.55,0.54,147.0,0.56,150.0,0.57,55.0,0.01,0.01,2318.1385,1776208277000
1776208278.862,78.862,0.44,80.0,0.43,75.5,0.45,72.73,0.46,195.0,0.55,16.55,0.54,147.0,0.56,150.0,0.57,55.0,0.01,0.01,2318.1385,1776208277000
1776208279.251,79.251,0.44,80.0,0.43,75.5,0.45,72.73,0.46,195.0,0.55,72.73,0.54,195.0,0.56,80.0,0.57,75.5,0.01,0.01,2317.911039,1776208278000
1776208280.597,80.597,0.44,80.0,0.43,75.5,0.45,72.73,0.46,195.0,0.55,72.73,0.54,195.0,0.56,80.0,0.57,75.5,0.01,0.01,2317.885911,1776208279000
1776208281.161,81.161,0.43,30.5,0.42,190.5,0.44,35.0,0.45,57.73,0.55,72.73,0.54,195.0,0.56,80.0,0.57,75.5,0.01,0.01,2317.885911,1776208279000
1776208282.551,82.551,0.43,30.5,0.42,190.5,0.44,35.0,0.45,57.73,0.56,35.0,0.55,57.73,0.57,30.5,0.58,190.5,0.01,0.01,2317.881939,1776208281000
1776208282.759,82.759,0.46,55.0,0.45,56.0,0.47,16.73,0.48,201.5,0.56,35.0,0.55,57.73,0.57,30.5,0.58,190.5,0.01,0.01,2317.881939,1776208281000
1776208283.229,83.229,0.47,10.0,0.46,86.0,0.48,169.97,0.49,5.0,0.52,169.97,0.51,5.0,0.53,10.0,0.54,86.0,0.01,0.01,2317.881939,1776208282000
1776208283.62,83.62,0.46,70.32,0.45,49.5,0.48,82.59,0.49,5.0,0.52,87.59,0.51,5.0,0.53,70.5,0.54,83.5,0.02,0.01,2317.881939,1776208282000
1776208284.464,84.464,0.46,70.32,0.45,49.5,0.48,82.59,0.49,5.0,0.52,82.59,0.51,5.0,0.54,70.32,0.55,49.5,0.02,0.02,2318.016153,1776208283000
1776208284.709,84.709,0.47,26.59,0.46,90.32,0.48,87.59,0.49,5.0,0.52,87.59,0.51,5.0,0.53,18.61,0.54,70.32,0.01,0.01,2318.016153,1776208283000
1776208285.114,85.114,0.47,26.59,0.46,90.32,0.48,87.59,0.49,5.0,0.52,87.59,0.51,5.0,0.53,26.59,0.54,90.32,0.01,0.01,2318.155225,1776208284000
1776208285.465,85.465,0.47,39.7,0.46,55.32,0.48,87.59,0.49,5.0,0.52,87.59,0.51,5.0,0.53,26.59,0.54,90.32,0.01,0.01,2318.155225,1776208284000
1776208286.381,86.381,0.47,39.7,0.46,55.32,0.48,87.59,0.49,5.0,0.52,87.59,0.51,5.0,0.53,39.7,0.54,55.32,0.01,0.01,2318.27042,1776208285000
1776208286.991,86.991,0.47,39.7,0.46,55.32,0.48,87.59,0.49,5.0,0.52,87.59,0.51,5.0,0.53,39.7,0.54,55.32,0.01,0.01,2318.268,1776208286000
1776208287.269,87.269,0.47,47.54,0.46,129.78,0.48,82.59,0.49,5.0,0.52,87.59,0.51,5.0,0.53,39.7,0.54,55.32,0.01,0.01,2318.268,1776208286000
1776208287.831,87.831,0.47,47.54,0.46,55.32,0.48,77.59,0.49,5.0,0.52,82.59,0.51,5.0,0.53,47.54,0.54,129.78,0.01,0.01,2318.268,1776208286000
1776208288.382,88.382,0.47,47.54,0.46,55.32,0.48,77.59,0.49,5.0,0.52,77.59,0.51,5.0,0.53,47.54,0.54,55.32,0.01,0.01,2318.256527,1776208287000
1776208288.941,88.941,0.47,47.54,0.46,55.32,0.48,77.59,0.49,5.0,0.52,77.59,0.51,5.0,0.53,47.54,0.54,55.32,0.01,0.01,2318.228224,1776208288000
1776208289.502,89.502,0.47,42.93,0.46,55.32,0.48,77.59,0.49,5.0,0.52,77.59,0.51,5.0,0.53,47.54,0.54,55.32,0.01,0.01,2318.228224,1776208288000
1776208289.819,89.819,0.47,186.93,0.46,179.32,0.48,62.59,0.5,10.0,0.52,77.59,0.51,5.0,0.53,42.93,0.54,55.32,0.01,0.01,2318.228224,1776208288000
1776208290.138,90.138,0.47,269.93,0.46,191.32,0.5,10.0,0.52,45.0,0.5,10.0,0.48,45.0,0.53,269.93,0.54,191.32,0.03,0.03,2318.225895,1776208289000
1776208291.395,91.395,0.51,38.01,0.5,20.5,0.54,115.0,0.55,10.0,0.46,115.0,0.45,10.0,0.49,38.01,0.5,20.5,0.03,0.03,2318.25819,1776208290000
1776208292.097,92.097,0.51,38.01,0.5,20.5,0.54,115.0,0.55,10.0,0.46,115.0,0.45,10.0,0.49,38.01,0.5,20.5,0.03,0.03,2318.60783,1776208291000
1776208293.291,93.291,0.51,38.01,0.5,20.5,0.54,115.0,0.55,10.0,0.46,115.0,0.45,10.0,0.49,38.01,0.5,20.5,0.03,0.03,2318.71617,1776208292000
1776208293.695,93.695,0.53,160.23,0.52,82.5,0.54,5.0,0.55,10.0,0.46,5.0,0.45,10.0,0.47,195.86,0.48,82.5,0.01,0.01,2318.71617,1776208292000
1776208293.958,93.958,0.53,160.23,0.52,82.5,0.54,5.0,0.55,10.0,0.46,5.0,0.45,10.0,0.47,160.23,0.48,82.5,0.01,0.01,2318.717895,1776208293000
1776208294.772,94.772,0.53,182.23,0.52,181.17,0.56,85.0,0.57,25.0,0.46,5.0,0.45,10.0,0.47,160.23,0.48,82.5,0.03,0.01,2318.717895,1776208293000
1776208294.981,94.981,0.55,201.5,0.54,97.5,0.57,25.0,0.58,50.0,0.44,85.0,0.43,25.0,0.47,182.23,0.48,181.17,0.02,0.03,2318.717895,1776208293000
1776208295.377,95.377,0.59,16.9,0.58,78.5,0.6,105.0,0.61,130.0,0.43,25.0,0.42,50.0,0.45,201.5,0.46,97.5,0.01,0.02,2318.752895,1776208294000
1776208295.605,95.605,0.59,171.56,0.58,63.5,0.6,105.0,0.61,130.0,0.4,105.0,0.39,130.0,0.41,187.92,0.42,63.5,0.01,0.01,2318.752895,1776208294000
1776208296.2,96.2,0.59,171.56,0.58,63.5,0.6,105.0,0.61,130.0,0.4,105.0,0.39,130.0,0.41,171.56,0.42,63.5,0.01,0.01,2318.75516,1776208295000
1776208296.891,96.891,0.61,191.73,0.6,100.5,0.62,115.0,0.63,5.0,0.39,75.0,0.38,110.0,0.4,159.5,0.41,46.56,0.01,0.01,2318.75516,1776208295000
1776208297.356,97.356,0.61,262.73,0.6,100.5,0.64,60.0,0.65,80.5,0.38,115.0,0.37,5.0,0.39,191.73,0.4,100.5,0.03,0.01,2318.75516,1776208295000
1776208297.904,97.904,0.61,262.73,0.6,100.5,0.64,60.0,0.65,80.5,0.36,60.0,0.35,80.5,0.39,262.73,0.4,100.5,0.03,0.03,2319.10622,1776208297000
1776208298.264,98.264,0.64,209.5,0.63,78.5,0.65,19.17,0.66,80.0,0.35,59.76,0.34,80.0,0.36,204.5,0.37,78.5,0.01,0.01,2319.10622,1776208297000
1776208299.098,99.098,0.64,209.5,0.63,78.5,0.65,19.17,0.66,80.0,0.35,19.17,0.34,80.0,0.36,209.5,0.37,78.5,0.01,0.01,2319.154158,1776208298000
1776208300.105,100.105,0.65,110.0,0.64,40.5,0.66,4.33,0.67,10.0,0.35,19.17,0.34,80.0,0.36,209.5,0.37,78.5,0.01,0.01,2319.154158,1776208298000
1776208300.326,100.326,0.65,110.0,0.64,40.5,0.66,4.33,0.67,10.0,0.34,4.33,0.33,10.0,0.35,110.0,0.36,40.5,0.01,0.01,2319.350293,1776208299000
1776208301.058,101.058,0.68,150.06,0.67,41.5,0.69,67.91,0.7,60.5,0.34,4.33,0.33,10.0,0.35,110.0,0.36,40.5,0.01,0.01,2319.350293,1776208299000
1776208301.273,101.273,0.68,149.9,0.67,66.5,0.69,61.82,0.7,65.5,0.31,67.91,0.3,60.5,0.32,149.9,0.33,41.5,0.01,0.01,2319.351629,1776208300000
1776208301.923,101.923,0.68,152.84,0.67,54.5,0.69,72.49,0.7,65.5,0.31,61.82,0.3,65.5,0.32,149.9,0.33,66.5,0.01,0.01,2319.351629,1776208300000
1776208302.309,102.309,0.68,152.84,0.67,54.5,0.69,72.49,0.7,65.5,0.31,72.49,0.3,65.5,0.32,152.84,0.33,54.5,0.01,0.01,2319.505715,1776208301000
1776208302.872,102.872,0.68,152.84,0.67,54.5,0.69,72.49,0.7,65.5,0.31,72.49,0.3,65.5,0.32,152.84,0.33,54.5,0.01,0.01,2319.560492,1776208302000
1776208303.221,103.221,0.68,161.21,0.67,54.5,0.69,67.49,0.7,65.5,0.31,72.49,0.3,65.5,0.32,152.84,0.33,54.5,0.01,0.01,2319.560492,1776208302000
1776208304.096,104.096,0.68,161.21,0.67,54.5,0.69,67.49,0.7,65.5,0.31,67.49,0.3,65.5,0.32,161.21,0.33,54.5,0.01,0.01,2319.542247,1776208303000
1776208305.596,105.596,0.68,161.21,0.67,54.5,0.69,67.49,0.7,65.5,0.31,67.49,0.3,65.5,0.32,161.21,0.33,54.5,0.01,0.01,2319.54069,1776208304000
1776208306.186,106.186,0.68,161.21,0.67,54.5,0.69,67.49,0.7,65.5,0.31,67.49,0.3,65.5,0.32,161.21,0.33,54.5,0.01,0.01,2319.523536,1776208305000
1776208306.4,106.4,0.71,278.5,0.7,108.5,0.72,43.91,0.73,60.0,0.28,53.91,0.27,60.0,0.29,258.5,0.3,108.5,0.01,0.01,2319.523536,1776208305000
1776208307.092,107.092,0.72,270.92,0.71,150.82,0.73,20.0,0.74,5.0,0.27,60.0,0.25,180.5,0.29,278.5,0.3,83.5,0.01,0.02,2319.523536,1776208305000
1776208307.766,107.766,0.74,208.5,0.73,85.5,0.75,118.7,0.76,105.5,0.25,129.2,0.24,95.0,0.28,285.92,0.29,150.82,0.01,0.03,2319.519558,1776208306000
1776208308.272,108.272,0.74,201.84,0.73,85.5,0.75,133.7,0.76,105.5,0.25,118.7,0.24,105.5,0.26,208.5,0.27,85.5,0.01,0.01,2319.519558,1776208306000
1776208308.528,108.528,0.74,206.84,0.73,90.5,0.75,131.7,0.76,105.5,0.25,133.7,0.24,105.5,0.26,201.84,0.27,85.5,0.01,0.01,2319.72897,1776208307000
1776208309.257,109.257,0.73,24.0,0.72,70.0,0.75,202.2,0.76,105.5,0.25,131.7,0.24,105.5,0.26,206.84,0.27,90.5,0.02,0.01,2319.72897,1776208307000
1776208309.604,109.604,0.73,14.0,0.72,70.0,0.74,21.5,0.75,204.2,0.26,9.5,0.25,202.2,0.27,21.0,0.28,70.0,0.01,0.01,2319.949245,1776208308000
1776208310.048,110.048,0.72,91.0,0.71,80.32,0.74,21.5,0.75,199.2,0.26,21.5,0.25,199.2,0.28,91.0,0.29,80.32,0.02,0.02,2320.041952,1776208309000
1776208310.254,110.254,0.72,60.0,0.71,10.0,0.74,90.5,0.75,93.5,0.26,74.5,0.25,93.5,0.27,1.72,0.28,60.0,0.02,0.01,2320.041952,1776208309000
1776208310.556,110.556,0.66,45.0,0.65,20.0,0.67,32.5,0.68,115.75,0.32,35.0,0.29,40.0,0.33,26.5,0.34,45.0,0.01,0.01,2320.041952,1776208309000
1776208311.028,111.028,0.66,168.91,0.65,25.5,0.67,78.36,0.68,201.25,0.33,32.5,0.32,115.75,0.34,45.0,0.35,20.0,0.01,0.01,2320.041952,1776208309000
1776208311.362,111.362,0.66,156.78,0.64,5.0,0.67,17.23,0.68,210.25,0.33,3.38,0.32,210.25,0.34,176.78,0.35,13.0,0.01,0.01,2319.892785,1776208310000
1776208312.165,112.165,0.66,126.78,0.64,15.0,0.68,148.01,0.69,90.5,0.32,148.01,0.31,90.5,0.34,126.78,0.36,15.0,0.02,0.02,2319.704664,1776208311000
1776208312.88,112.88,0.66,143.78,0.65,34.0,0.68,238.01,0.69,90.5,0.32,148.01,0.31,90.5,0.34,126.78,0.36,15.0,0.02,0.02,2319.704664,1776208311000
1776208313.12,113.12,0.66,143.78,0.65,34.0,0.68,238.01,0.69,90.5,0.32,238.01,0.31,90.5,0.34,143.78,0.35,34.0,0.02,0.02,2319.47382,1776208312000
1776208313.554,113.554,0.67,28.87,0.66,113.91,0.68,228.01,0.69,100.5,0.32,238.01,0.31,90.5,0.34,143.78,0.35,34.0,0.01,0.02,2319.47382,1776208312000
1776208313.838,113.838,0.67,28.87,0.66,113.91,0.68,226.39,0.69,100.5,0.32,228.01,0.31,100.5,0.33,28.87,0.34,113.91,0.01,0.01,2319.47382,1776208312000
1776208314.229,114.229,0.67,28.87,0.66,113.91,0.68,222.34,0.69,100.5,0.32,222.34,0.31,100.5,0.33,28.87,0.34,113.91,0.01,0.01,2319.32412,1776208313000
1776208314.804,114.804,0.67,4.91,0.66,125.91,0.68,213.95,0.69,110.5,0.32,218.95,0.31,110.5,0.33,28.87,0.34,115.91,0.01,0.01,2319.32412,1776208313000
1776208315.207,115.207,0.67,16.87,0.66,120.91,0.68,213.95,0.69,115.5,0.32,213.95,0.31,110.5,0.33,4.91,0.34,125.91,0.01,0.01,2319.32412,1776208313000
1776208315.426,115.426,0.67,18.83,0.66,120.91,0.68,208.95,0.69,115.5,0.32,213.95,0.31,115.5,0.33,16.87,0.34,120.91,0.01,0.01,2319.32412,1776208313000
1776208315.933,115.933,0.67,18.83,0.66,120.91,0.68,205.36,0.69,115.5,0.32,205.36,0.31,115.5,0.33,18.83,0.34,120.91,0.01,0.01,2319.433042,1776208315000
1776208316.203,116.203,0.67,198.39,0.66,68.5,0.68,173.0,0.69,89.5,0.32,185.0,0.31,79.0,0.33,140.39,0.34,43.5,0.01,0.01,2319.433042,1776208315000
1776208316.47,116.47,0.67,198.39,0.66,68.5,0.68,160.51,0.69,89.5,0.32,157.0,0.31,89.5,0.33,228.39,0.34,68.5,0.01,0.01,2319.433042,1776208315000
1776208316.863,116.863,0.67,91.89,0.66,68.5,0.68,165.51,0.69,89.5,0.32,160.51,0.31,89.5,0.33,198.39,0.34,68.5,0.01,0.01,2319.433042,1776208315000
1776208317.767,117.767,0.67,159.35,0.66,114.21,0.68,160.51,0.69,89.5,0.32,160.51,0.31,89.5,0.33,159.35,0.34,114.21,0.01,0.01,2319.336859,1776208317000
1776208318.004,118.004,0.67,70.81,0.66,114.21,0.68,194.01,0.69,99.5,0.32,160.51,0.31,89.5,0.33,159.35,0.34,114.21,0.01,0.01,2319.336859,1776208317000
1776208319.251,119.251,0.67,70.81,0.66,114.21,0.68,194.01,0.69,99.5,0.32,194.01,0.31,99.5,0.33,70.81,0.34,114.21,0.01,0.01,2319.368092,1776208318000
1776208319.689,119.689,0.67,66.81,0.66,114.21,0.68,196.61,0.69,80.5,0.32,194.01,0.31,99.5,0.33,70.81,0.34,114.21,0.01,0.01,2319.368092,1776208318000
1776208320.254,120.254,0.67,79.27,0.66,119.21,0.68,179.63,0.69,80.5,0.32,195.13,0.31,80.5,0.33,71.81,0.34,119.21,0.01,0.01,2319.368092,1776208318000
1776208321.342,121.342,0.64,14.9,0.63,75.0,0.67,60.5,0.68,75.13,0.32,179.63,0.31,80.5,0.33,79.27,0.34,119.21,0.03,0.01,2319.436256,1776208319000
1776208321.68,121.68,0.62,5.0,0.61,5.0,0.63,57.0,0.64,134.5,0.36,8.98,0.34,19.5,0.37,25.0,0.38,25.0,0.01,0.01,2319.388955,1776208320000
1776208322.014,122.014,0.61,5.0,0.6,105.0,0.62,65.0,0.63,57.0,0.38,65.0,0.37,57.0,0.39,5.0,0.4,105.0,0.01,0.01,2319.388955,1776208321000
1776208322.222,122.222,0.61,7.0,0.6,105.0,0.62,115.12,0.63,158.5,0.38,115.12,0.37,158.5,0.39,18.0,0.4,105.0,0.01,0.01,2319.388955,1776208321000
1776208322.518,122.518,0.61,7.0,0.6,118.0,0.62,108.5,0.63,158.5,0.38,110.12,0.37,158.5,0.39,10.0,0.4,105.0,0.01,0.01,2319.388955,1776208321000
1776208322.909,122.909,0.61,2.0,0.6,105.0,0.62,113.5,0.63,158.5,0.38,108.5,0.37,158.5,0.39,7.0,0.4,118.0,0.01,0.01,2319.388955,1776208321000
1776208324.206,124.206,0.61,2.0,0.6,105.0,0.62,113.5,0.63,158.5,0.38,113.5,0.37,158.5,0.39,2.0,0.4,105.0,0.01,0.01,2319.063247,1776208323000
1776208325.226,125.226,0.61,2.0,0.6,105.0,0.62,113.5,0.63,158.5,0.38,113.5,0.37,158.5,0.39,2.0,0.4,105.0,0.01,0.01,2319.060097,1776208324000
1776208326.299,126.299,0.61,2.0,0.6,105.0,0.62,113.5,0.63,158.5,0.38,113.5,0.37,158.5,0.39,2.0,0.4,105.0,0.01,0.01,2319.016051,1776208325000
1776208326.893,126.893,0.61,2.0,0.6,105.0,0.62,113.5,0.63,158.5,0.38,113.5,0.37,158.5,0.39,2.0,0.4,105.0,0.01,0.01,2318.933975,1776208326000
1776208327.987,127.987,0.61,2.0,0.6,105.0,0.62,113.5,0.63,158.5,0.38,113.5,0.37,158.5,0.39,2.0,0.4,105.0,0.01,0.01,2318.800845,1776208327000
1776208329.035,129.035,0.56,100.5,0.55,165.5,0.57,19.34,0.58,101.5,0.43,19.34,0.42,101.5,0.44,100.5,0.45,165.5,0.01,0.01,2318.746834,1776208328000
1776208329.289,129.289,0.56,30.5,0.55,175.5,0.57,15.56,0.58,106.5,0.43,19.34,0.42,101.5,0.44,30.5,0.45,175.5,0.01,0.01,2318.746834,1776208328000
1776208330.174,130.174,0.56,30.5,0.55,175.5,0.57,15.56,0.58,106.5,0.43,15.56,0.42,106.5,0.44,30.5,0.45,175.5,0.01,0.01,2318.74009,1776208329000
1776208331.175,131.175,0.56,30.5,0.55,175.5,0.57,15.56,0.58,106.5,0.43,15.56,0.42,106.5,0.44,30.5,0.45,175.5,0.01,0.01,2318.784403,1776208330000
1776208332.278,132.278,0.56,30.5,0.55,175.5,0.57,15.56,0.58,106.5,0.43,15.56,0.42,106.5,0.44,30.5,0.45,175.5,0.01,0.01,2318.75016,1776208331000
1776208333.376,133.376,0.56,30.5,0.55,175.5,0.57,15.56,0.58,106.5,0.43,15.56,0.42,106.5,0.44,30.5,0.45,175.5,0.01,0.01,2318.861744,1776208332000
1776208333.885,133.885,0.56,30.5,0.55,175.5,0.57,15.56,0.58,106.5,0.43,15.56,0.42,106.5,0.44,30.5,0.45,175.5,0.01,0.01,2318.7647,1776208333000
1776208334.918,134.918,0.56,30.5,0.55,175.5,0.57,15.56,0.58,106.5,0.43,15.56,0.42,106.5,0.44,30.5,0.45,175.5,0.01,0.01,2318.757005,1776208334000
1776208335.166,135.166,0.57,10.0,0.56,45.5,0.58,93.41,0.59,30.5,0.43,15.56,0.42,106.5,0.44,30.5,0.45,175.5,0.01,0.01,2318.757005,1776208334000
1776208335.748,135.748,0.57,10.0,0.56,45.5,0.58,78.97,0.59,25.5,0.42,93.41,0.41,30.5,0.43,10.0,0.44,45.5,0.01,0.01,2318.757005,1776208334000
1776208335.951,135.951,0.57,10.0,0.56,45.5,0.58,78.97,0.59,25.5,0.42,78.97,0.41,25.5,0.43,10.0,0.44,45.5,0.01,0.01,2318.757005,1776208335000
1776208336.601,136.601,0.57,54.0,0.56,35.5,0.58,78.97,0.59,25.5,0.42,78.97,0.41,25.5,0.43,10.0,0.44,45.5,0.01,0.01,2318.757005,1776208335000
1776208337.015,137.015,0.57,54.0,0.56,35.5,0.58,78.97,0.59,25.5,0.42,78.97,0.41,25.5,0.43,54.0,0.44,35.5,0.01,0.01,2318.751115,1776208336000
1776208337.938,137.938,0.57,54.0,0.56,35.5,0.58,78.97,0.59,25.5,0.42,78.97,0.41,25.5,0.43,54.0,0.44,35.5,0.01,0.01,2318.751551,1776208337000
1776208338.935,138.935,0.57,54.0,0.56,35.5,0.58,78.97,0.59,25.5,0.42,78.97,0.41,25.5,0.43,54.0,0.44,35.5,0.01,0.01,2318.863,1776208338000
1776208339.925,139.925,0.57,54.0,0.56,35.5,0.58,78.97,0.59,25.5,0.42,78.97,0.41,25.5,0.43,54.0,0.44,35.5,0.01,0.01,2318.76895,1776208339000
1776208340.878,140.878,0.57,54.0,0.56,35.5,0.58,78.97,0.59,25.5,0.42,78.97,0.41,25.5,0.43,54.0,0.44,35.5,0.01,0.01,2318.707514,1776208340000
1776208341.2,141.2,0.55,130.0,0.54,75.0,0.56,36.41,0.57,176.5,0.42,78.97,0.41,25.5,0.43,54.0,0.44,35.5,0.01,0.01,2318.707514,1776208340000
1776208341.972,141.972,0.55,130.0,0.54,75.0,0.56,36.41,0.57,176.5,0.44,36.41,0.43,176.5,0.45,130.0,0.46,75.0,0.01,0.01,2318.677645,1776208341000
1776208342.892,142.892,0.55,130.0,0.54,75.0,0.56,36.41,0.57,176.5,0.44,36.41,0.43,176.5,0.45,130.0,0.46,75.0,0.01,0.01,2318.631807,1776208342000
1776208343.463,143.463,0.55,150.5,0.54,108.5,0.57,165.5,0.58,88.97,0.44,36.41,0.43,176.5,0.45,130.0,0.46,75.0,0.02,0.01,2318.631807,1776208342000
1776208343.901,143.901,0.55,150.5,0.54,108.5,0.57,165.5,0.58,88.97,0.43,165.5,0.42,88.97,0.45,150.5,0.46,108.5,0.02,0.02,2318.636395,1776208343000
1776208344.898,144.898,0.55,150.5,0.54,108.5,0.57,165.5,0.58,88.97,0.43,165.5,0.42,88.97,0.45,150.5,0.46,108.5,0.02,0.02,2318.731293,1776208344000
1776208345.59,145.59,0.56,15.0,0.55,30.0,0.57,175.5,0.58,93.97,0.43,165.5,0.42,88.97,0.45,150.5,0.46,108.5,0.01,0.02,2318.731293,1776208344000
1776208346.374,146.374,0.56,20.0,0.55,30.5,0.57,161.53,0.58,93.97,0.43,168.53,0.42,93.97,0.44,15.0,0.45,30.0,0.01,0.01,2318.731293,1776208344000
1776208347.053,147.053,0.56,9.98,0.55,30.5,0.57,161.53,0.58,93.97,0.43,161.53,0.42,93.97,0.44,9.98,0.45,30.5,0.01,0.01,2318.69237,1776208346000
1776208347.655,147.655,0.58,20.5,0.57,71.5,0.59,15.53,0.6,30.0,0.43,161.53,0.42,93.97,0.44,9.98,0.45,30.5,0.01,0.01,2318.69237,1776208346000
1776208348.206,148.206,0.58,60.5,0.57,56.5,0.59,2.37,0.6,30.0,0.41,7.37,0.4,30.0,0.42,30.5,0.43,41.5,0.01,0.01,2318.69237,1776208346000
1776208349.136,149.136,0.58,130.5,0.57,83.5,0.59,0.67,0.61,35.0,0.41,2.37,0.4,30.0,0.42,60.5,0.43,56.5,0.01,0.01,2318.702975,1776208347000
1776208349.958,149.958,0.58,130.5,0.57,83.5,0.59,0.67,0.61,35.0,0.41,0.67,0.39,35.0,0.42,130.5,0.43,83.5,0.01,0.01,2318.753499,1776208349000
1776208350.433,150.433,0.58,92.5,0.57,83.5,0.61,34.0,0.62,125.0,0.41,0.67,0.39,35.0,0.42,130.5,0.43,83.5,0.03,0.01,2318.753499,1776208349000
1776208350.837,150.837,0.6,46.5,0.59,30.5,0.61,45.0,0.62,130.0,0.39,34.0,0.38,125.0,0.42,92.5,0.43,83.5,0.01,0.03,2318.753499,1776208349000
1776208351.135,151.135,0.6,46.5,0.59,30.5,0.61,45.0,0.62,130.0,0.39,45.0,0.38,130.0,0.4,46.5,0.41,30.5,0.01,0.01,2319.047966,1776208350000
1776208351.541,151.541,0.6,70.5,0.59,60.5,0.61,27.06,0.62,140.0,0.39,45.0,0.38,130.0,0.4,46.5,0.41,30.5,0.01,0.01,2319.047966,1776208350000
1776208352.293,152.293,0.6,61.5,0.59,55.5,0.61,25.42,0.62,140.0,0.39,25.42,0.38,140.0,0.4,61.5,0.41,55.5,0.01,0.01,2318.991505,1776208351000
1776208353.373,153.373,0.6,61.5,0.59,55.5,0.61,25.42,0.62,140.0,0.39,25.42,0.38,140.0,0.4,61.5,0.41,55.5,0.01,0.01,2318.97659,1776208352000
1776208353.583,153.583,0.6,76.5,0.59,72.5,0.61,14.78,0.62,140.0,0.39,25.42,0.38,140.0,0.4,61.5,0.41,55.5,0.01,0.01,2318.97659,1776208352000
1776208353.963,153.963,0.6,76.5,0.59,72.5,0.61,14.78,0.62,140.0,0.39,14.78,0.38,140.0,0.4,76.5,0.41,72.5,0.01,0.01,2318.992385,1776208353000
1776208355.08,155.08,0.6,76.5,0.59,72.5,0.61,14.78,0.62,140.0,0.39,14.78,0.38,140.0,0.4,76.5,0.41,72.5,0.01,0.01,2319.00066,1776208354000
1776208355.585,155.585,0.59,25.0,0.58,10.0,0.6,28.5,0.61,85.28,0.39,14.78,0.38,140.0,0.4,76.5,0.41,72.5,0.01,0.01,2319.00066,1776208354000
1776208356.268,156.268,0.54,75.0,0.53,61.0,0.55,65.0,0.6,44.5,0.45,65.0,0.4,44.5,0.46,75.0,0.47,61.0,0.01,0.01,2318.960602,1776208355000
1776208357.183,157.183,0.51,145.0,0.5,443.39,0.52,9.42,0.53,66.0,0.45,65.0,0.4,44.5,0.46,75.0,0.47,61.0,0.01,0.01,2318.960602,1776208355000
1776208357.577,157.577,0.5,363.17,0.48,25.0,0.51,10.0,0.52,52.42,0.48,9.42,0.47,66.0,0.49,145.0,0.5,443.39,0.01,0.01,2318.9041,1776208356000
1776208357.948,157.948,0.5,363.17,0.48,25.0,0.51,10.0,0.52,52.42,0.49,10.0,0.48,52.42,0.5,363.17,0.52,25.0,0.01,0.01,2318.765852,1776208357000
1776208359.139,159.139,0.5,261.17,0.48,25.0,0.51,51.5,0.52,52.92,0.49,51.5,0.48,52.92,0.5,261.17,0.52,25.0,0.01,0.01,2318.483771,1776208358000
1776208359.539,159.539,0.5,271.17,0.48,25.0,0.51,76.5,0.52,57.92,0.49,51.5,0.48,52.92,0.5,261.17,0.52,25.0,0.01,0.01,2318.483771,1776208358000
1776208359.821,159.821,0.5,260.17,0.48,25.0,0.51,76.5,0.52,57.92,0.49,76.5,0.48,57.92,0.5,271.17,0.52,25.0,0.01,0.01,2318.483771,1776208358000
1776208360.246,160.246,0.5,254.57,0.48,25.0,0.51,76.5,0.52,57.92,0.49,76.5,0.48,57.92,0.5,254.57,0.52,25.0,0.01,0.01,2318.393671,1776208359000
1776208363.179,163.179,0.54,25.5,0.53,21.0,0.55,159.9,0.57,85.5,0.49,81.5,0.48,57.92,0.5,256.57,0.52,25.0,0.01,0.01,2318.393671,1776208359000
1776208363.493,163.493,0.54,25.5,0.53,21.0,0.55,145.05,0.57,85.5,0.45,145.05,0.43,85.5,0.46,25.5,0.47,21.0,0.01,0.01,2318.340575,1776208362000
1776208363.843,163.843,0.54,50.5,0.53,21.0,0.55,151.05,0.56,5.0,0.45,145.05,0.43,85.5,0.46,25.5,0.47,21.0,0.01,0.01,2318.340575,1776208362000
1776208364.094,164.094,0.54,60.5,0.53,21.0,0.55,131.05,0.56,5.0,0.45,131.05,0.44,5.0,0.46,60.5,0.47,21.0,0.01,0.01,2318.38757,1776208363000
1776208365.322,165.322,0.54,70.5,0.53,26.0,0.55,104.23,0.56,5.0,0.45,131.05,0.44,5.0,0.46,60.5,0.47,21.0,0.01,0.01,2318.38757,1776208363000
1776208365.744,165.744,0.54,70.5,0.53,21.0,0.55,102.41,0.56,5.0,0.45,104.23,0.44,5.0,0.46,70.5,0.47,26.0,0.01,0.01,2318.38757,1776208363000
1776208366.12,166.12,0.54,56.08,0.53,21.0,0.55,107.41,0.56,5.0,0.45,107.41,0.44,5.0,0.46,56.08,0.47,21.0,0.01,0.01,2318.601248,1776208365000
1776208366.77,166.77,0.53,6.0,0.51,38.0,0.55,100.41,0.56,5.0,0.45,107.41,0.44,5.0,0.46,56.08,0.47,21.0,0.02,0.01,2318.601248,1776208365000
1776208367.501,167.501,0.5,281.47,0.48,46.5,0.51,8.03,0.52,7.88,0.49,8.03,0.48,7.88,0.5,281.47,0.52,46.5,0.01,0.01,2318.63551,1776208366000
1776208367.858,167.858,0.5,191.47,0.49,10.0,0.51,14.1,0.52,17.88,0.49,8.03,0.48,7.88,0.5,281.47,0.52,46.5,0.01,0.01,2318.63551,1776208366000
1776208368.208,168.208,0.5,191.47,0.49,10.0,0.51,14.1,0.52,17.88,0.49,14.1,0.48,17.88,0.5,191.47,0.51,10.0,0.01,0.01,2318.634405,1776208367000
1776208369.312,169.312,0.5,194.47,0.48,90.0,0.51,85.6,0.52,43.38,0.49,14.1,0.48,17.88,0.5,191.47,0.51,10.0,0.01,0.01,2318.634405,1776208367000
1776208369.562,169.562,0.5,192.47,0.48,90.0,0.51,90.6,0.52,48.38,0.49,85.6,0.48,43.38,0.5,194.47,0.52,90.0,0.01,0.01,2318.634405,1776208367000
1776208370.107,170.107,0.5,42.47,0.48,90.0,0.51,79.6,0.52,48.38,0.49,90.6,0.48,48.38,0.5,192.47,0.52,90.0,0.01,0.01,2318.437195,1776208368000
1776208370.333,170.333,0.5,42.47,0.48,90.0,0.51,79.6,0.52,48.38,0.49,79.6,0.48,48.38,0.5,42.47,0.52,90.0,0.01,0.01,2318.41002,1776208369000
1776208371.022,171.022,0.5,42.47,0.48,90.0,0.51,79.6,0.52,48.38,0.49,79.6,0.48,48.38,0.5,42.47,0.52,90.0,0.01,0.01,2318.41002,1776208370000
1776208372.138,172.138,0.5,52.47,0.49,10.0,0.55,99.41,0.56,25.0,0.49,79.6,0.48,48.38,0.5,42.47,0.52,90.0,0.05,0.01,2318.41002,1776208370000
1776208372.377,172.377,0.54,20.0,0.53,30.0,0.55,58.83,0.56,100.0,0.45,61.56,0.44,100.0,0.47,25.0,0.48,16.0,0.01,0.02,2318.41002,1776208370000
1776208373.322,173.322,0.54,20.0,0.53,30.0,0.55,58.83,0.56,100.0,0.45,58.83,0.44,100.0,0.46,20.0,0.47,30.0,0.01,0.01,2318.33886,1776208372000
1776208373.792,173.792,0.54,95.32,0.53,40.5,0.56,70.0,0.57,20.0,0.45,58.83,0.44,100.0,0.46,20.0,0.47,30.0,0.02,0.01,2318.33886,1776208372000
1776208374.122,174.122,0.54,95.32,0.53,40.5,0.56,70.0,0.57,20.0,0.44,70.0,0.43,20.0,0.46,95.32,0.47,40.5,0.02,0.02,2318.407579,1776208373000
1776208374.339,174.339,0.55,163.0,0.54,65.32,0.57,10.0,0.58,130.0,0.44,13.92,0.43,10.0,0.45,153.0,0.46,65.32,0.02,0.01,2318.407579,1776208373000
1776208375.5,175.5,0.55,163.0,0.54,65.32,0.57,10.0,0.58,130.0,0.43,10.0,0.42,130.0,0.45,163.0,0.46,65.32,0.02,0.02,2318.53702,1776208374000
1776208376.377,176.377,0.55,163.0,0.54,65.32,0.57,10.0,0.58,130.0,0.43,10.0,0.42,130.0,0.45,163.0,0.46,65.32,0.02,0.02,2318.704299,1776208375000
1776208377.054,177.054,0.55,163.0,0.54,65.32,0.57,10.0,0.58,130.0,0.43,10.0,0.42,130.0,0.45,163.0,0.46,65.32,0.02,0.02,2318.748683,1776208376000
1776208378.464,178.464,0.55,163.0,0.54,65.32,0.57,10.0,0.58,130.0,0.43,10.0,0.42,130.0,0.45,163.0,0.46,65.32,0.02,0.02,2318.76887,1776208377000
1776208378.724,178.724,0.59,115.02,0.58,72.5,0.6,10.0,0.61,35.0,0.43,10.0,0.42,130.0,0.45,163.0,0.46,65.32,0.01,0.02,2318.76887,1776208377000
1776208378.952,178.952,0.61,27.0,0.6,50.0,0.62,114.0,0.63,127.0,0.39,35.0,0.38,125.0,0.41,168.02,0.42,82.5,0.01,0.02,2318.76887,1776208377000
1776208379.225,179.225,0.61,27.0,0.6,50.0,0.62,114.0,0.63,127.0,0.38,114.0,0.37,127.0,0.39,27.0,0.4,50.0,0.01,0.01,2318.76869,1776208378000
1776208380.692,180.692,0.61,27.0,0.6,50.0,0.62,114.0,0.63,127.0,0.38,114.0,0.37,127.0,0.39,27.0,0.4,50.0,0.01,0.01,2318.891325,1776208379000
1776208381.01,181.01,0.61,154.5,0.6,35.5,0.62,110.93,0.63,127.0,0.38,114.0,0.37,127.0,0.39,27.0,0.4,50.0,0.01,0.01,2318.891325,1776208379000
1776208381.512,181.512,0.61,154.5,0.6,35.5,0.62,110.93,0.63,127.0,0.38,110.93,0.37,127.0,0.39,154.5,0.4,35.5,0.01,0.01,2319.00511,1776208380000
1776208382.478,182.478,0.61,148.5,0.6,60.34,0.62,83.73,0.63,127.0,0.38,110.93,0.37,127.0,0.39,154.5,0.4,35.5,0.01,0.01,2319.00511,1776208380000
1776208382.913,182.913,0.61,162.89,0.6,85.34,0.62,82.11,0.63,127.0,0.38,83.73,0.37,127.0,0.39,156.89,0.4,60.34,0.01,0.01,2318.98091,1776208381000
1776208383.237,183.237,0.61,156.89,0.6,85.34,0.62,82.11,0.63,127.0,0.38,82.11,0.37,127.0,0.39,156.89,0.4,85.34,0.01,0.01,2318.99592,1776208382000
1776208383.704,183.704,0.61,161.89,0.6,102.4,0.62,79.69,0.63,127.0,0.38,82.11,0.37,127.0,0.39,156.89,0.4,85.34,0.01,0.01,2318.99592,1776208382000
1776208384.319,184.319,0.61,156.76,0.6,102.4,0.62,79.69,0.63,127.0,0.38,79.69,0.37,127.0,0.39,156.76,0.4,102.4,0.01,0.01,2319.02523,1776208383000
1776208385.368,185.368,0.61,156.76,0.6,102.4,0.62,79.69,0.63,127.0,0.38,79.69,0.37,127.0,0.39,156.76,0.4,102.4,0.01,0.01,2319.06437,1776208384000
1776208385.855,185.855,0.61,156.76,0.6,102.4,0.62,79.69,0.63,127.0,0.38,79.69,0.37,127.0,0.39,156.76,0.4,102.4,0.01,0.01,2319.06617,1776208385000
1776208386.952,186.952,0.61,156.76,0.6,102.4,0.62,79.69,0.63,127.0,0.38,79.69,0.37,127.0,0.39,156.76,0.4,102.4,0.01,0.01,2319.06663,1776208386000
1776208388.109,188.109,0.61,156.76,0.6,102.4,0.62,79.69,0.63,127.0,0.38,79.69,0.37,127.0,0.39,156.76,0.4,102.4,0.01,0.01,2319.073315,1776208387000
1776208389.103,189.103,0.61,253.86,0.6,104.48,0.62,73.39,0.63,127.0,0.38,73.39,0.37,127.0,0.39,253.86,0.4,104.48,0.01,0.01,2319.073295,1776208388000
1776208390.237,190.237,0.61,253.86,0.6,104.48,0.62,73.39,0.63,127.0,0.38,73.39,0.37,127.0,0.39,253.86,0.4,104.48,0.01,0.01,2319.08906,1776208389000
1776208391.17,191.17,0.61,360.07,0.6,134.15,0.62,73.39,0.63,127.0,0.38,73.39,0.37,127.0,0.39,253.86,0.4,104.48,0.01,0.01,2319.08906,1776208389000
1776208391.687,191.687,0.61,450.07,0.6,134.15,0.62,50.35,0.63,127.0,0.38,73.39,0.37,127.0,0.39,360.07,0.4,134.15,0.01,0.01,2319.090185,1776208390000
1776208391.95,191.95,0.61,450.07,0.6,144.15,0.63,113.9,0.64,50.0,0.37,124.9,0.36,50.0,0.39,450.07,0.4,134.15,0.02,0.02,2319.090185,1776208390000
1776208392.316,192.316,0.62,122.2,0.61,176.07,0.63,77.13,0.64,50.0,0.37,113.9,0.36,50.0,0.39,450.07,0.4,144.15,0.01,0.02,2319.09097,1776208391000
1776208392.663,192.663,0.62,251.2,0.61,176.07,0.63,45.46,0.64,50.0,0.37,77.13,0.36,50.0,0.38,122.2,0.39,176.07,0.01,0.01,2319.09097,1776208391000
1776208392.916,192.916,0.62,251.2,0.61,176.07,0.63,15.46,0.64,50.0,0.37,15.46,0.36,50.0,0.38,251.2,0.39,176.07,0.01,0.01,2319.09103,1776208392000
1776208393.874,193.874,0.62,293.2,0.61,166.07,0.65,60.0,0.66,125.0,0.35,60.0,0.34,125.0,0.38,293.2,0.39,166.07,0.03,0.03,2319.234385,1776208393000
1776208394.444,194.444,0.67,136.0,0.66,96.0,0.68,10.15,0.69,105.0,0.35,60.0,0.34,125.0,0.38,293.2,0.39,166.07,0.01,0.03,2319.234385,1776208393000
1776208394.868,194.868,0.67,141.5,0.66,101.5,0.69,105.0,0.7,160.0,0.32,10.15,0.31,105.0,0.33,136.0,0.34,96.0,0.02,0.01,2319.234385,1776208393000
1776208396.004,196.004,0.71,16.55,0.7,15.0,0.72,225.0,0.73,135.0,0.31,105.0,0.3,160.0,0.33,141.5,0.34,101.5,0.01,0.02,2319.25069,1776208394000
1776208396.347,196.347,0.71,16.55,0.7,15.0,0.72,225.0,0.73,135.0,0.28,225.0,0.27,135.0,0.29,16.55,0.3,15.0,0.01,0.01,2319.28864,1776208395000
1776208397.038,197.038,0.71,16.55,0.7,15.0,0.72,225.0,0.73,135.0,0.28,225.0,0.27,135.0,0.29,16.55,0.3,15.0,0.01,0.01,2319.30271,1776208396000
1776208398.102,198.102,0.71,16.55,0.7,15.0,0.72,225.0,0.73,135.0,0.28,225.0,0.27,135.0,0.29,16.55,0.3,15.0,0.01,0.01,2319.290325,1776208397000
1776208399.187,199.187,0.71,16.55,0.7,15.0,0.72,225.0,0.73,135.0,0.28,225.0,0.27,135.0,0.29,16.55,0.3,15.0,0.01,0.01,2319.279225,1776208398000
1776208400.372,200.372,0.71,16.55,0.7,15.0,0.72,225.0,0.73,135.0,0.28,225.0,0.27,135.0,0.29,16.55,0.3,15.0,0.01,0.01,2319.306368,1776208399000
1776208401.449,201.449,0.71,16.55,0.7,15.0,0.72,225.0,0.73,135.0,0.28,225.0,0.27,135.0,0.29,16.55,0.3,15.0,0.01,0.01,2319.424377,1776208400000
1776208402.009,202.009,0.71,16.55,0.7,15.0,0.72,225.0,0.73,135.0,0.28,225.0,0.27,135.0,0.29,16.55,0.3,15.0,0.01,0.01,2319.427724,1776208401000
1776208403.105,203.105,0.71,16.55,0.7,15.0,0.72,225.0,0.73,135.0,0.28,225.0,0.27,135.0,0.29,16.55,0.3,15.0,0.01,0.01,2319.455147,1776208402000
1776208403.632,203.632,0.74,189.7,0.73,128.18,0.75,3.48,0.76,130.5,0.28,225.0,0.27,135.0,0.29,16.55,0.3,15.0,0.01,0.01,2319.455147,1776208402000
1776208404.227,204.227,0.74,189.7,0.73,128.18,0.75,3.48,0.76,130.5,0.25,3.48,0.24,130.5,0.26,189.7,0.27,128.18,0.01,0.01,2319.455032,1776208403000
1776208404.491,204.491,0.69,41.8,0.68,37.0,0.7,10.0,0.73,37.5,0.26,40.5,0.25,32.5,0.29,10.0,0.3,30.0,0.01,0.03,2319.455032,1776208403000
1776208404.75,204.75,0.69,78.3,0.68,51.0,0.72,0.5,0.73,15.5,0.3,10.0,0.27,37.5,0.31,41.8,0.32,37.0,0.03,0.01,2319.455032,1776208403000
1776208405.042,205.042,0.72,38.0,0.71,15.0,0.73,5.0,0.74,45.5,0.27,15.08,0.26,40.5,0.28,10.0,0.29,15.0,0.01,0.01,2319.455032,1776208403000
1776208405.321,205.321,0.72,10.0,0.71,34.0,0.73,19.02,0.74,105.0,0.27,5.0,0.26,45.5,0.28,38.0,0.29,15.0,0.01,0.01,2319.455032,1776208403000
1776208405.57,205.57,0.73,10.0,0.72,110.1,0.74,95.36,0.75,10.5,0.27,10.86,0.26,105.0,0.28,115.1,0.29,34.0,0.01,0.01,2319.494414,1776208404000
1776208405.774,205.774,0.73,10.0,0.72,110.1,0.74,95.51,0.75,10.5,0.26,95.36,0.25,10.5,0.27,10.0,0.28,110.1,0.01,0.01,2319.494414,1776208404000
1776208405.977,205.977,0.73,10.0,0.72,110.1,0.74,94.02,0.75,10.5,0.26,94.02,0.25,10.5,0.27,10.0,0.28,110.1,0.01,0.01,2319.450825,1776208405000
1776208406.977,206.977,0.73,115.52,0.72,25.0,0.74,90.64,0.75,10.5,0.26,93.27,0.25,10.5,0.27,10.0,0.28,115.1,0.01,0.01,2319.450825,1776208405000
1776208408.002,208.002,0.73,179.4,0.72,31.0,0.74,70.0,0.76,107.0,0.26,90.64,0.25,10.5,0.27,115.52,0.28,25.0,0.01,0.01,2319.32936,1776208406000
1776208408.266,208.266,0.73,209.39,0.72,56.0,0.74,70.0,0.76,95.0,0.26,70.0,0.24,95.0,0.27,209.39,0.28,56.0,0.01,0.01,2319.282517,1776208407000
1776208408.788,208.788,0.73,204.39,0.72,56.0,0.74,55.75,0.76,95.0,0.26,70.0,0.24,95.0,0.27,209.39,0.28,56.0,0.01,0.01,2319.282517,1776208407000
1776208409.042,209.042,0.73,214.89,0.72,66.5,0.74,24.75,0.76,95.0,0.26,37.75,0.24,95.0,0.27,204.39,0.28,56.0,0.01,0.01,2319.282517,1776208407000
1776208409.338,209.338,0.73,209.89,0.72,66.5,0.74,19.94,0.76,95.0,0.26,19.94,0.24,95.0,0.27,209.89,0.28,66.5,0.01,0.01,2319.348671,1776208408000
1776208409.539,209.539,0.73,209.89,0.72,84.39,0.74,10.01,0.76,95.0,0.26,11.5,0.24,95.0,0.27,209.89,0.28,84.39,0.01,0.01,2319.348671,1776208408000
1776208410.0,210.0,0.73,209.89,0.72,84.39,0.74,7.45,0.76,95.0,0.26,7.45,0.24,95.0,0.27,209.89,0.28,84.39,0.01,0.01,2319.344128,1776208409000
1776208410.469,210.469,0.77,25.0,0.76,208.63,0.78,3.58,0.79,110.0,0.26,7.45,0.24,95.0,0.27,209.89,0.28,84.39,0.01,0.01,2319.344128,1776208409000
1776208411.09,211.09,0.77,25.0,0.76,208.63,0.78,3.58,0.79,110.0,0.22,3.58,0.21,110.0,0.23,25.0,0.24,208.63,0.01,0.01,2319.348692,1776208410000
1776208411.663,211.663,0.82,60.5,0.81,99.5,0.83,5.7,0.84,50.0,0.22,3.58,0.21,110.0,0.23,25.0,0.24,208.63,0.01,0.01,2319.348692,1776208410000
1776208411.908,211.908,0.82,137.5,0.81,109.5,0.87,25.0,0.88,10.0,0.17,4.49,0.16,50.0,0.18,97.5,0.19,109.5,0.05,0.01,2319.348692,1776208410000
1776208412.372,212.372,0.82,137.5,0.81,109.5,0.87,25.0,0.88,10.0,0.13,25.0,0.12,10.0,0.18,137.5,0.19,109.5,0.05,0.05,2319.580375,1776208411000
1776208412.838,212.838,0.82,137.5,0.81,109.5,0.87,25.0,0.88,10.0,0.13,25.0,0.12,10.0,0.18,137.5,0.19,109.5,0.05,0.05,2319.588011,1776208412000
1776208413.409,213.409,0.85,8.8,0.84,10.0,0.87,76.83,0.88,53.5,0.13,25.0,0.12,10.0,0.18,137.5,0.19,109.5,0.02,0.05,2319.588011,1776208412000
1776208413.939,213.939,0.85,8.8,0.84,10.0,0.87,76.83,0.88,53.5,0.13,76.83,0.12,53.5,0.15,8.8,0.16,10.0,0.02,0.02,2320.099567,1776208413000
1776208414.463,214.463,0.85,13.8,0.84,20.0,0.87,53.68,0.88,40.5,0.13,76.83,0.12,53.5,0.15,8.8,0.16,10.0,0.02,0.02,2320.099567,1776208413000
1776208414.892,214.892,0.85,13.8,0.84,20.0,0.87,52.53,0.88,40.5,0.13,52.53,0.12,40.5,0.15,13.8,0.16,20.0,0.02,0.02,2320.01314,1776208414000
1776208415.627,215.627,0.85,18.8,0.84,20.0,0.86,6.0,0.87,39.83,0.13,52.53,0.12,40.5,0.15,13.8,0.16,20.0,0.01,0.02,2320.01314,1776208414000
1776208416.027,216.027,0.85,18.8,0.84,20.0,0.86,1.0,0.87,39.83,0.14,1.0,0.13,39.83,0.15,18.8,0.16,20.0,0.01,0.01,2319.871823,1776208415000
1776208416.908,216.908,0.85,43.34,0.84,15.0,0.86,11.5,0.87,27.14,0.14,1.0,0.13,39.83,0.15,18.8,0.16,20.0,0.01,0.01,2319.871823,1776208415000
1776208417.264,217.264,0.85,41.67,0.84,41.8,0.86,11.0,0.87,27.14,0.14,11.5,0.13,27.14,0.15,43.34,0.16,15.0,0.01,0.01,2319.857426,1776208416000
1776208417.683,217.683,0.85,36.67,0.84,41.8,0.86,7.54,0.87,27.14,0.14,11.0,0.13,27.14,0.15,41.67,0.16,41.8,0.01,0.01,2319.857426,1776208416000
1776208418.065,218.065,0.85,36.67,0.84,41.8,0.86,7.54,0.87,27.14,0.14,7.54,0.13,27.14,0.15,36.67,0.16,41.8,0.01,0.01,2319.936732,1776208417000
1776208419.118,219.118,0.85,36.67,0.84,41.8,0.86,7.54,0.87,27.14,0.14,7.54,0.13,27.14,0.15,36.67,0.16,41.8,0.01,0.01,2319.979326,1776208418000
1776208420.074,220.074,0.85,36.67,0.84,41.8,0.86,7.54,0.87,27.14,0.14,7.54,0.13,27.14,0.15,36.67,0.16,41.8,0.01,0.01,2319.865375,1776208419000
1776208420.505,220.505,0.87,0.3,0.86,46.22,0.88,18.41,0.89,35.5,0.14,7.54,0.13,27.14,0.15,36.67,0.16,41.8,0.01,0.01,2319.865375,1776208419000
1776208421.21,221.21,0.87,0.3,0.86,46.22,0.88,18.41,0.89,35.5,0.12,18.41,0.11,35.5,0.13,0.3,0.14,46.22,0.01,0.01,2319.875625,1776208420000
1776208421.841,221.841,0.87,28.63,0.86,25.0,0.88,15.61,0.89,35.5,0.12,18.41,0.11,35.5,0.13,0.3,0.14,46.22,0.01,0.01,2319.875625,1776208420000
1776208422.349,222.349,0.87,28.63,0.86,25.0,0.88,15.61,0.89,35.5,0.12,15.61,0.11,35.5,0.13,28.63,0.14,25.0,0.01,0.01,2319.877615,1776208421000
1776208422.848,222.848,0.87,43.63,0.86,15.0,0.88,11.89,0.89,20.0,0.12,11.89,0.11,20.0,0.13,43.63,0.14,15.0,0.01,0.01,2319.88751,1776208422000
1776208423.519,223.519,0.9,18.0,0.88,88.66,0.91,10.0,0.92,37.0,0.12,11.89,0.11,20.0,0.13,43.63,0.14,15.0,0.01,0.01,2319.88751,1776208422000
1776208423.918,223.918,0.9,18.0,0.88,88.66,0.91,10.0,0.92,37.0,0.09,10.0,0.08,37.0,0.1,18.0,0.12,88.66,0.01,0.01,2319.887615,1776208423000
1776208424.887,224.887,0.9,67.17,0.89,23.0,0.91,3.17,0.92,15.0,0.09,8.9,0.08,10.0,0.1,33.0,0.11,25.0,0.01,0.01,2319.887615,1776208423000
1776208425.316,225.316,0.91,10.15,0.9,77.17,0.92,15.0,0.93,301.3,0.09,0.07,0.08,15.0,0.1,77.17,0.11,23.0,0.01,0.01,2319.887615,1776208423000
1776208425.606,225.606,0.91,10.15,0.9,77.17,0.92,15.0,0.93,301.3,0.08,15.0,0.07,301.3,0.09,10.15,0.1,77.17,0.01,0.01,2320.018205,1776208424000
1776208425.952,225.952,0.91,20.15,0.9,48.0,0.92,24.51,0.93,241.0,0.08,25.66,0.07,241.0,0.09,20.15,0.1,53.0,0.01,0.01,2320.018205,1776208424000
1776208426.993,226.993,0.91,20.15,0.9,48.0,0.92,24.51,0.93,241.0,0.08,24.51,0.07,241.0,0.09,20.15,0.1,48.0,0.01,0.01,2320.09414,1776208426000
1776208428.114,228.114,0.91,20.15,0.9,48.0,0.92,24.51,0.93,241.0,0.08,24.51,0.07,241.0,0.09,20.15,0.1,48.0,0.01,0.01,2320.123619,1776208427000
1776208429.074,229.074,0.91,20.15,0.9,48.0,0.92,24.51,0.93,241.0,0.08,24.51,0.07,241.0,0.09,20.15,0.1,48.0,0.01,0.01,2320.071565,1776208428000
1776208430.121,230.121,0.91,20.15,0.9,48.0,0.92,24.51,0.93,241.0,0.08,24.51,0.07,241.0,0.09,20.15,0.1,48.0,0.01,0.01,2320.077773,1776208429000
1776208430.965,230.965,0.91,60.96,0.9,58.0,0.92,23.41,0.93,215.0,0.08,24.51,0.07,241.0,0.09,20.15,0.1,48.0,0.01,0.01,2320.077773,1776208429000
1776208431.402,231.402,0.91,61.96,0.9,58.0,0.92,18.41,0.93,215.0,0.08,23.41,0.07,215.0,0.09,60.96,0.1,58.0,0.01,0.01,2320.072776,1776208430000
1776208432.122,232.122,0.91,61.96,0.9,58.0,0.92,18.41,0.93,215.0,0.08,18.41,0.07,215.0,0.09,61.96,0.1,58.0,0.01,0.01,2320.072737,1776208431000
1776208432.882,232.882,0.91,63.96,0.9,76.49,0.92,4.7,0.93,210.0,0.08,18.41,0.07,215.0,0.09,61.96,0.1,58.0,0.01,0.01,2320.072737,1776208431000
1776208433.176,233.176,0.91,63.96,0.9,76.49,0.92,4.7,0.93,210.0,0.08,4.7,0.07,210.0,0.09,63.96,0.1,76.49,0.01,0.01,2320.070937,1776208432000
1776208434.149,234.149,0.91,63.96,0.9,76.49,0.92,4.7,0.93,210.0,0.08,4.7,0.07,210.0,0.09,63.96,0.1,76.49,0.01,0.01,2320.081256,1776208433000
1776208435.237,235.237,0.91,63.96,0.9,76.49,0.92,4.7,0.93,210.0,0.08,4.7,0.07,210.0,0.09,63.96,0.1,76.49,0.01,0.01,2320.107825,1776208434000
1776208436.332,236.332,0.91,63.96,0.9,76.49,0.92,4.7,0.93,210.0,0.08,4.7,0.07,210.0,0.09,63.96,0.1,76.49,0.01,0.01,2320.106432,1776208435000
1776208437.008,237.008,0.91,74.96,0.9,149.49,0.92,25.03,0.93,215.0,0.08,4.7,0.07,210.0,0.09,63.96,0.1,76.49,0.01,0.01,2320.106432,1776208435000
1776208437.269,237.269,0.91,74.96,0.9,149.49,0.92,25.03,0.93,215.0,0.08,25.03,0.07,215.0,0.09,74.96,0.1,149.49,0.01,0.01,2320.0688,1776208436000
1776208437.474,237.474,0.91,74.13,0.9,149.49,0.92,20.67,0.93,210.0,0.08,23.94,0.07,210.0,0.09,74.13,0.1,149.49,0.01,0.01,2320.0688,1776208436000
1776208438.108,238.108,0.91,59.32,0.9,186.22,0.92,19.8,0.93,210.0,0.08,20.67,0.07,210.0,0.09,74.13,0.1,149.49,0.01,0.01,2320.0688,1776208436000
1776208439.39,239.39,0.91,59.32,0.9,186.22,0.92,19.8,0.93,210.0,0.08,19.8,0.07,210.0,0.09,59.32,0.1,186.22,0.01,0.01,2320.09112,1776208438000
1776208439.748,239.748,0.91,81.82,0.9,216.22,0.92,8.91,0.93,210.0,0.08,19.8,0.07,210.0,0.09,59.32,0.1,186.22,0.01,0.01,2320.09112,1776208438000
1776208440.066,240.066,0.91,81.82,0.9,216.22,0.92,8.91,0.93,210.0,0.08,8.91,0.07,210.0,0.09,81.82,0.1,216.22,0.01,0.01,2320.09112,1776208439000
1776208440.648,240.648,0.91,113.32,0.9,195.72,0.93,202.16,0.94,170.0,0.08,2.91,0.07,210.0,0.09,81.82,0.1,216.22,0.02,0.01,2320.09112,1776208439000
1776208440.895,240.895,0.91,113.32,0.9,195.72,0.93,190.16,0.94,165.0,0.07,202.16,0.06,170.0,0.09,113.32,0.1,195.72,0.02,0.02,2320.09112,1776208439000
1776208441.23,241.23,0.91,113.32,0.9,195.72,0.93,190.16,0.94,165.0,0.07,190.16,0.06,165.0,0.09,113.32,0.1,195.72,0.02,0.02,2320.114068,1776208440000
1776208441.466,241.466,0.92,15.0,0.91,93.32,0.93,200.16,0.94,160.0,0.07,190.16,0.06,165.0,0.09,113.32,0.1,195.72,0.01,0.02,2320.114068,1776208440000
1776208441.71,241.71,0.92,30.0,0.91,163.32,0.93,8.42,0.94,160.0,0.07,9.62,0.06,160.0,0.08,15.0,0.09,163.32,0.01,0.01,2320.114068,1776208440000
1776208442.066,242.066,0.92,35.0,0.91,158.32,0.94,153.42,0.95,45.0,0.07,8.42,0.06,160.0,0.08,30.0,0.09,163.32,0.02,0.01,2320.114068,1776208440000
1776208442.293,242.293,0.92,35.0,0.91,158.32,0.94,153.42,0.95,45.0,0.06,153.42,0.05,45.0,0.08,35.0,0.09,158.32,0.02,0.02,2320.175322,1776208441000
1776208442.932,242.932,0.92,35.0,0.91,158.32,0.94,153.42,0.95,45.0,0.06,153.42,0.05,45.0,0.08,35.0,0.09,158.32,0.02,0.02,2320.21835,1776208442000
1776208444.024,244.024,0.92,35.0,0.91,158.32,0.94,153.42,0.95,45.0,0.06,153.42,0.05,45.0,0.08,35.0,0.09,158.32,0.02,0.02,2320.289745,1776208443000
1776208444.498,244.498,0.93,40.75,0.92,21.0,0.94,20.42,0.95,50.0,0.06,153.42,0.05,45.0,0.08,35.0,0.09,158.32,0.01,0.02,2320.289745,1776208443000
1776208444.707,244.707,0.92,6.2,0.91,11.32,0.93,20.0,0.94,3.42,0.06,20.42,0.05,50.0,0.08,6.2,0.09,31.32,0.01,0.02,2320.289745,1776208443000
1776208445.11,245.11,0.92,60.1,0.91,88.32,0.93,13.92,0.94,3.42,0.07,20.0,0.06,3.42,0.08,6.2,0.09,11.32,0.01,0.01,2320.289745,1776208443000
1776208445.379,245.379,0.92,21.2,0.91,70.32,0.95,106.38,0.96,308.8,0.07,13.92,0.06,3.42,0.08,60.1,0.09,88.32,0.03,0.01,2320.266019,1776208444000
1776208445.623,245.623,0.92,31.2,0.91,70.32,0.94,69.32,0.95,111.38,0.05,106.38,0.04,308.8,0.08,21.2,0.09,70.32,0.02,0.03,2320.266019,1776208444000
1776208445.824,245.824,0.92,103.2,0.91,166.32,0.94,67.96,0.95,111.38,0.06,69.32,0.05,111.38,0.08,31.2,0.09,70.32,0.02,0.02,2320.266019,1776208444000
1776208446.304,246.304,0.92,31.2,0.91,80.32,0.94,65.01,0.95,111.38,0.06,65.01,0.05,111.38,0.08,31.2,0.09,80.32,0.02,0.02,2320.172263,1776208445000
1776208446.684,246.684,0.93,18.15,0.92,31.2,0.95,83.35,0.96,308.8,0.06,65.01,0.05,111.38,0.08,31.2,0.09,80.32,0.02,0.02,2320.172263,1776208445000
1776208446.899,246.899,0.93,28.15,0.92,31.2,0.94,3.65,0.95,88.35,0.05,83.35,0.04,308.8,0.07,18.15,0.08,31.2,0.01,0.02,2320.021795,1776208446000
1776208447.985,247.985,0.93,33.15,0.92,31.2,0.95,62.44,0.96,308.8,0.05,62.44,0.04,308.8,0.07,33.15,0.08,31.2,0.02,0.02,2320.026896,1776208447000
1776208448.365,248.365,0.93,44.03,0.92,25.0,0.95,62.44,0.96,303.8,0.05,62.44,0.04,308.8,0.07,33.15,0.08,31.2,0.02,0.02,2320.026896,1776208447000
1776208449.113,249.113,0.93,44.03,0.92,25.0,0.95,58.47,0.96,303.8,0.05,58.47,0.04,303.8,0.07,44.03,0.08,25.0,0.02,0.02,2320.019305,1776208448000
1776208449.32,249.32,0.93,38.32,0.92,25.0,0.95,58.47,0.96,303.8,0.05,58.47,0.04,303.8,0.07,44.03,0.08,25.0,0.02,0.02,2320.019305,1776208448000
1776208450.283,250.283,0.93,38.32,0.92,25.0,0.95,58.47,0.96,303.8,0.05,58.47,0.04,303.8,0.07,38.32,0.08,25.0,0.02,0.02,2320.01945,1776208449000
1776208450.743,250.743,0.93,38.32,0.92,25.0,0.96,148.8,0.97,467.7,0.05,58.47,0.04,303.8,0.07,38.32,0.08,25.0,0.03,0.02,2320.01945,1776208449000
1776208451.147,251.147,0.93,5.32,0.92,20.0,0.94,35.71,0.95,10.0,0.04,148.8,0.03,467.7,0.07,38.32,0.08,25.0,0.01,0.03,2320.01945,1776208449000
1776208451.423,251.423,0.93,15.0,0.92,16.0,0.94,12.58,0.95,10.0,0.06,12.58,0.05,10.0,0.07,15.0,0.08,16.0,0.01,0.01,2320.02017,1776208450000
1776208451.839,251.839,0.93,20.0,0.92,21.0,0.94,6.19,0.95,10.0,0.06,12.58,0.05,10.0,0.07,15.0,0.08,16.0,0.01,0.01,2320.02017,1776208450000
1776208452.248,252.248,0.93,143.0,0.92,152.27,0.95,9.88,0.96,80.0,0.06,6.19,0.05,10.0,0.07,20.0,0.08,21.0,0.02,0.01,2320.020185,1776208451000
1776208453.095,253.095,0.93,143.0,0.92,152.27,0.95,9.88,0.96,80.0,0.05,9.88,0.04,80.0,0.07,143.0,0.08,152.27,0.02,0.02,2319.982256,1776208452000
1776208453.318,253.318,0.92,12.0,0.91,126.32,0.94,32.0,0.95,14.88,0.05,9.88,0.04,80.0,0.07,143.0,0.08,152.27,0.02,0.02,2319.982256,1776208452000
1776208454.351,254.351,0.91,100.32,0.9,120.0,0.92,10.0,0.93,15.0,0.06,32.0,0.05,14.88,0.08,12.0,0.09,126.32,0.01,0.02,2319.982256,1776208452000
1776208454.782,254.782,0.91,100.32,0.9,120.0,0.92,10.0,0.93,15.0,0.08,10.0,0.07,15.0,0.09,100.32,0.1,120.0,0.01,0.01,2319.972712,1776208453000
1776208455.702,255.702,0.91,100.32,0.9,120.0,0.92,10.0,0.93,15.0,0.08,10.0,0.07,15.0,0.09,100.32,0.1,120.0,0.01,0.01,2319.9683,1776208454000
1776208455.986,255.986,0.88,46.0,0.87,45.3,0.89,34.13,0.92,103.0,0.08,10.0,0.07,15.0,0.09,100.32,0.1,120.0,0.01,0.01,2319.9683,1776208454000
1776208456.422,256.422,0.88,36.0,0.87,20.3,0.89,34.13,0.92,98.0,0.11,34.13,0.08,98.0,0.12,36.0,0.13,20.3,0.01,0.01,2319.773563,1776208455000
1776208456.72,256.72,0.9,10.0,0.89,55.84,0.91,12.69,0.92,137.9,0.09,50.8,0.08,57.0,0.11,60.84,0.12,15.0,0.01,0.02,2319.773563,1776208455000
1776208457.093,257.093,0.9,10.0,0.89,55.84,0.91,12.69,0.92,137.9,0.09,12.69,0.08,137.9,0.1,10.0,0.11,55.84,0.01,0.01,2319.689531,1776208456000
1776208457.556,257.556,0.9,16.0,0.89,55.84,0.92,79.08,0.93,65.3,0.09,0.97,0.08,89.0,0.1,21.0,0.11,55.84,0.02,0.01,2319.689531,1776208456000
1776208458.59,258.59,0.9,16.0,0.89,55.84,0.92,79.08,0.93,65.3,0.08,79.08,0.07,65.3,0.1,16.0,0.11,55.84,0.02,0.02,2319.544035,1776208457000
1776208458.934,258.934,0.89,3.63,0.88,38.0,0.92,53.0,0.93,65.3,0.08,53.0,0.07,65.3,0.09,61.36,0.1,16.0,0.03,0.01,2319.544035,1776208457000
1776208459.368,259.368,0.88,14.64,0.87,45.3,0.92,51.0,0.93,75.3,0.08,51.0,0.07,75.3,0.12,14.64,0.13,45.3,0.04,0.04,2319.503987,1776208458000
1776208459.612,259.612,0.89,4.0,0.88,21.0,0.91,17.8,0.92,63.62,0.08,51.0,0.07,75.3,0.12,14.64,0.13,45.3,0.02,0.04,2319.503987,1776208458000
1776208459.947,259.947,0.89,4.0,0.88,21.0,0.91,17.8,0.92,63.62,0.09,17.8,0.08,63.62,0.11,4.0,0.12,21.0,0.02,0.02,2319.511675,1776208459000
1776208460.364,260.364,0.89,170.84,0.88,25.0,0.9,5.2,0.91,17.8,0.09,17.8,0.08,63.62,0.11,4.0,0.12,21.0,0.01,0.02,2319.511675,1776208459000
1776208460.583,260.583,0.89,167.2,0.88,25.0,0.92,1.11,0.93,51.0,0.1,8.0,0.09,7.62,0.11,152.2,0.12,25.0,0.03,0.01,2319.511675,1776208459000
1776208461.114,261.114,0.9,175.4,0.89,10.0,0.91,2.8,0.92,20.0,0.08,1.11,0.07,51.0,0.11,167.2,0.12,25.0,0.01,0.03,2319.511675,1776208459000
1776208461.379,261.379,0.9,175.4,0.89,10.0,0.91,2.8,0.92,20.0,0.09,2.8,0.08,20.0,0.1,175.4,0.11,10.0,0.01,0.01,2319.554176,1776208460000
1776208461.603,261.603,0.87,10.3,0.86,75.0,0.89,0.46,0.9,10.0,0.09,213.71,0.08,50.0,0.1,4.6,0.13,20.3,0.02,0.01,2319.554176,1776208460000
1776208461.853,261.853,0.87,3.3,0.86,40.0,0.88,5.0,0.89,100.0,0.11,0.46,0.1,10.0,0.13,10.3,0.14,75.0,0.01,0.02,2319.554176,1776208460000
1776208462.1,262.1,0.88,10.0,0.87,8.3,0.89,50.0,0.9,356.08,0.11,50.0,0.1,356.08,0.12,10.0,0.13,8.3,0.01,0.01,2319.53607,1776208461000
1776208462.435,262.435,0.88,35.0,0.87,145.37,0.89,60.3,0.9,356.08,0.11,50.0,0.1,356.08,0.12,10.0,0.13,8.3,0.01,0.01,2319.53607,1776208461000
1776208463.42,263.42,0.89,40.0,0.88,10.0,0.9,341.4,0.91,31.0,0.1,356.08,0.09,46.0,0.12,35.0,0.13,145.37,0.01,0.02,2319.53607,1776208461000
1776208463.635,263.635,0.89,40.0,0.88,10.0,0.9,341.4,0.91,31.0,0.1,341.4,0.09,31.0,0.11,40.0,0.12,10.0,0.01,0.01,2319.47632,1776208462000
1776208463.84,263.84,0.89,11.4,0.88,10.0,0.9,351.4,0.91,31.0,0.1,341.4,0.09,31.0,0.11,40.0,0.12,10.0,0.01,0.01,2319.47632,1776208462000
1776208464.329,264.329,0.89,21.4,0.88,10.0,0.9,343.91,0.91,38.8,0.1,343.91,0.09,38.8,0.11,21.4,0.12,10.0,0.01,0.01,2319.364725,1776208463000
1776208464.786,264.786,0.89,127.65,0.88,15.0,0.9,338.91,0.91,31.0,0.1,343.91,0.09,38.8,0.11,21.4,0.12,10.0,0.01,0.01,2319.364725,1776208463000
1776208465.079,265.079,0.89,127.65,0.88,15.0,0.9,338.91,0.91,31.0,0.1,338.91,0.09,31.0,0.11,127.65,0.12,15.0,0.01,0.01,2319.35307,1776208464000
1776208465.287,265.287,0.89,118.05,0.88,15.0,0.9,333.91,0.91,31.0,0.1,338.91,0.09,38.8,0.11,127.15,0.12,15.0,0.01,0.01,2319.35307,1776208464000
1776208465.61,265.61,0.89,118.05,0.88,15.0,0.9,309.15,0.91,31.0,0.1,333.91,0.09,31.0,0.11,118.05,0.12,15.0,0.01,0.01,2319.35307,1776208464000
1776208466.163,266.163,0.89,189.54,0.88,23.0,0.9,263.77,0.92,45.0,0.1,297.77,0.08,45.0,0.11,123.05,0.12,20.0,0.01,0.01,2319.35307,1776208464000
1776208466.434,266.434,0.89,194.54,0.88,23.0,0.9,251.89,0.92,45.0,0.1,263.77,0.08,45.0,0.11,189.54,0.12,23.0,0.01,0.01,2319.35307,1776208464000
1776208466.778,266.778,0.89,194.54,0.88,23.0,0.9,232.61,0.92,45.0,0.1,236.85,0.08,45.0,0.11,194.54,0.12,23.0,0.01,0.01,2319.38878,1776208465000
1776208467.177,267.177,0.89,194.54,0.88,23.0,0.9,232.61,0.92,45.0,0.1,232.61,0.08,45.0,0.11,194.54,0.12,23.0,0.01,0.01,2319.389135,1776208466000
1776208467.66,267.66,0.89,199.54,0.88,23.0,0.9,231.39,0.92,45.0,0.1,232.61,0.08,45.0,0.11,194.54,0.12,23.0,0.01,0.01,2319.389135,1776208466000
1776208468.343,268.343,0.89,204.54,0.88,45.0,0.9,222.33,0.91,7.8,0.1,228.93,0.08,45.0,0.11,204.54,0.12,45.0,0.01,0.01,2319.389135,1776208466000
1776208468.552,268.552,0.89,266.44,0.88,45.0,0.9,221.23,0.92,10.0,0.1,232.33,0.08,10.0,0.11,266.44,0.12,45.0,0.01,0.01,2319.389135,1776208466000
1776208468.993,268.993,0.89,287.44,0.88,45.0,0.9,189.68,0.93,52.0,0.1,220.01,0.08,10.0,0.11,266.44,0.12,45.0,0.01,0.01,2319.402505,1776208467000
1776208469.206,269.206,0.89,367.44,0.88,84.1,0.9,119.65,0.93,10.0,0.1,129.68,0.07,10.0,0.11,372.44,0.12,84.1,0.01,0.01,2319.402505,1776208467000
1776208469.506,269.506,0.89,367.44,0.88,84.1,0.93,10.0,0.94,74.0,0.07,10.0,0.06,74.0,0.11,367.44,0.12,84.1,0.04,0.04,2319.40714,1776208468000
1776208470.128,270.128,0.92,193.34,0.91,58.0,0.93,8.35,0.94,35.0,0.07,10.0,0.06,74.0,0.11,367.44,0.12,84.1,0.01,0.04,2319.40714,1776208468000
1776208470.341,270.341,0.92,209.94,0.91,58.0,0.93,4.35,0.94,35.0,0.07,8.35,0.06,35.0,0.08,193.34,0.09,58.0,0.01,0.01,2319.41086,1776208469000
1776208470.781,270.781,0.92,219.94,0.91,58.0,0.93,9.27,0.94,51.83,0.06,35.0,0.05,144.68,0.08,209.94,0.09,58.0,0.01,0.02,2319.41086,1776208469000
1776208471.059,271.059,0.92,207.44,0.91,58.0,0.93,5.27,0.94,51.83,0.07,9.27,0.06,51.83,0.08,207.44,0.09,58.0,0.01,0.01,2319.41086,1776208469000
1776208471.967,271.967,0.92,207.44,0.91,58.0,0.93,1.27,0.94,51.83,0.07,1.27,0.06,51.83,0.08,207.44,0.09,58.0,0.01,0.01,2319.457878,1776208471000
1776208472.41,272.41,0.93,21.0,0.92,392.94,0.95,5.63,0.96,80.0,0.07,1.27,0.06,51.83,0.08,207.44,0.09,58.0,0.02,0.01,2319.457878,1776208471000
1776208472.911,272.911,0.94,208.51,0.93,75.0,0.96,77.03,0.97,196.0,0.05,5.63,0.04,80.0,0.07,21.0,0.08,392.94,0.02,0.02,2319.457878,1776208471000
1776208473.364,273.364,0.94,213.51,0.93,75.0,0.95,8.94,0.96,102.28,0.04,77.03,0.03,196.0,0.06,208.51,0.07,75.0,0.01,0.02,2319.457878,1776208471000
1776208473.998,273.998,0.94,213.51,0.93,75.0,0.95,7.88,0.96,102.28,0.05,7.88,0.04,102.28,0.06,213.51,0.07,75.0,0.01,0.01,2319.588594,1776208473000
1776208474.881,274.881,0.94,193.8,0.93,124.3,0.96,102.28,0.97,196.0,0.05,7.88,0.04,102.28,0.06,213.51,0.07,75.0,0.02,0.01,2319.588594,1776208473000
1776208475.257,275.257,0.94,193.8,0.93,124.3,0.96,102.28,0.97,196.0,0.04,102.28,0.03,196.0,0.06,193.8,0.07,124.3,0.02,0.02,2319.625137,1776208474000
1776208475.63,275.63,0.94,140.0,0.93,69.0,0.96,75.67,0.97,196.0,0.04,102.28,0.03,196.0,0.06,193.8,0.07,124.3,0.02,0.02,2319.625137,1776208474000
1776208476.103,276.103,0.94,203.61,0.93,69.0,0.96,50.67,0.97,196.0,0.05,4.69,0.04,75.67,0.06,138.0,0.07,69.0,0.02,0.01,2319.625137,1776208474000
1776208476.422,276.422,0.94,203.61,0.93,69.0,0.96,50.67,0.97,196.0,0.04,50.67,0.03,196.0,0.06,203.61,0.07,69.0,0.02,0.02,2319.674385,1776208475000
1776208476.936,276.936,0.94,203.61,0.93,69.0,0.96,50.67,0.97,196.0,0.04,50.67,0.03,196.0,0.06,203.61,0.07,69.0,0.02,0.02,2319.68904,1776208476000
1776208477.304,277.304,0.95,162.57,0.94,76.0,0.96,1.35,0.97,229.66,0.04,4.0,0.03,234.66,0.05,93.57,0.06,84.0,0.01,0.01,2319.68904,1776208476000
1776208478.036,278.036,0.95,162.57,0.94,76.0,0.96,1.35,0.97,229.66,0.04,1.35,0.03,229.66,0.05,162.57,0.06,76.0,0.01,0.01,2319.68583,1776208477000
1776208478.609,278.609,0.95,194.57,0.94,76.0,0.96,1.0,0.97,224.01,0.04,5.0,0.03,224.01,0.05,153.57,0.06,76.0,0.01,0.01,2319.68583,1776208477000
1776208479.167,279.167,0.95,179.57,0.94,76.0,0.97,234.01,0.98,259.0,0.04,1.0,0.03,224.01,0.05,194.57,0.06,76.0,0.02,0.01,2319.68583,1776208477000
1776208479.498,279.498,0.95,179.57,0.94,76.0,0.97,234.01,0.98,259.0,0.03,234.01,0.02,259.0,0.05,179.57,0.06,76.0,0.02,0.02,2319.67291,1776208478000
1776208480.01,280.01,0.96,121.06,0.95,120.0,0.97,232.97,0.98,259.0,0.03,232.97,0.02,259.0,0.05,198.57,0.06,76.0,0.01,0.02,2319.67291,1776208478000
1776208481.256,281.256,0.96,121.06,0.95,120.0,0.97,232.97,0.98,259.0,0.03,232.97,0.02,259.0,0.04,121.06,0.05,120.0,0.01,0.01,2319.6979,1776208480000
1776208481.556,281.556,0.96,130.7,0.95,101.0,0.97,227.92,0.98,209.0,0.03,232.97,0.02,259.0,0.04,121.06,0.05,120.0,0.01,0.01,2319.6979,1776208480000
1776208482.401,282.401,0.96,130.7,0.95,101.0,0.97,227.92,0.98,209.0,0.03,227.92,0.02,209.0,0.04,130.7,0.05,101.0,0.01,0.01,2319.702075,1776208481000
1776208482.95,282.95,0.96,130.7,0.95,101.0,0.97,227.92,0.98,209.0,0.03,227.92,0.02,209.0,0.04,130.7,0.05,101.0,0.01,0.01,2319.702075,1776208482000
1776208483.19,283.19,0.96,98.0,0.95,127.6,0.97,181.92,0.98,209.0,0.03,227.92,0.02,209.0,0.04,130.7,0.05,101.0,0.01,0.01,2319.702075,1776208482000
1776208484.015,284.015,0.96,110.0,0.95,190.86,0.97,161.92,0.98,209.0,0.03,181.92,0.02,209.0,0.04,98.0,0.05,127.6,0.01,0.01,2319.702075,1776208482000
1776208485.225,285.225,0.96,110.0,0.95,190.86,0.97,161.92,0.98,209.0,0.03,161.92,0.02,209.0,0.04,110.0,0.05,190.86,0.01,0.01,2319.666901,1776208484000
1776208485.535,285.535,0.96,280.97,0.95,74.0,0.97,191.92,0.98,219.0,0.03,201.92,0.02,219.0,0.04,275.97,0.05,74.0,0.01,0.01,2319.666901,1776208484000
1776208486.408,286.408,0.96,307.97,0.95,74.0,0.97,133.92,0.98,219.0,0.03,191.92,0.02,219.0,0.04,280.97,0.05,74.0,0.01,0.01,2319.666901,1776208484000
1776208487.296,287.296,0.96,296.97,0.95,62.0,0.97,83.61,0.98,219.0,0.03,133.92,0.02,219.0,0.04,307.97,0.05,74.0,0.01,0.01,2319.685595,1776208485000
1776208487.731,287.731,0.96,291.97,0.95,62.0,0.97,49.69,0.98,219.0,0.03,49.69,0.02,219.0,0.04,291.97,0.05,62.0,0.01,0.01,2319.703805,1776208486000
1776208488.09,288.09,0.96,308.97,0.95,72.0,0.97,47.62,0.98,219.0,0.03,49.69,0.02,219.0,0.04,291.97,0.05,62.0,0.01,0.01,2319.703805,1776208486000
1776208488.386,288.386,0.96,308.97,0.95,72.0,0.97,47.62,0.98,219.0,0.03,47.62,0.02,219.0,0.04,308.97,0.05,72.0,0.01,0.01,2319.713135,1776208487000
1776208488.66,288.66,0.96,320.22,0.95,62.0,0.97,46.58,0.98,219.0,0.03,47.62,0.02,219.0,0.04,308.97,0.05,72.0,0.01,0.01,2319.713135,1776208487000
1776208488.954,288.954,0.96,320.22,0.95,62.0,0.97,46.58,0.98,219.0,0.03,46.58,0.02,219.0,0.04,320.22,0.05,62.0,0.01,0.01,2319.711512,1776208488000
1776208490.397,290.397,0.96,362.97,0.95,67.0,0.97,41.42,0.98,214.0,0.03,46.58,0.02,219.0,0.04,320.22,0.05,62.0,0.01,0.01,2319.711512,1776208488000
1776208490.691,290.691,0.96,362.97,0.95,51.0,0.97,31.42,0.98,214.0,0.03,31.42,0.02,214.0,0.04,362.97,0.05,51.0,0.01,0.01,2319.692295,1776208489000
1776208491.252,291.252,0.96,362.97,0.95,51.0,0.97,31.42,0.98,214.0,0.03,31.42,0.02,214.0,0.04,362.97,0.05,51.0,0.01,0.01,2319.69155,1776208490000
1776208491.572,291.572,0.96,196.38,0.95,46.0,0.98,197.89,0.99,1722.86,0.03,31.42,0.02,214.0,0.04,362.97,0.05,51.0,0.02,0.01,2319.69155,1776208490000
1776208492.134,292.134,0.96,196.38,0.95,46.0,0.98,187.89,0.99,1722.86,0.02,197.89,0.01,1722.86,0.04,196.38,0.05,46.0,0.02,0.02,2319.69155,1776208490000
1776208492.675,292.675,0.96,196.38,0.95,46.0,0.98,187.89,0.99,1722.86,0.02,187.89,0.01,1722.86,0.04,196.38,0.05,46.0,0.02,0.02,2319.69256,1776208491000
1776208492.965,292.965,0.96,196.38,0.95,46.0,0.98,177.78,0.99,1755.86,0.02,177.89,0.01,1755.86,0.04,196.38,0.05,46.0,0.02,0.02,2319.69256,1776208491000
1776208493.187,293.187,0.96,201.38,0.95,46.0,0.98,176.75,0.99,1755.86,0.02,177.78,0.01,1755.86,0.04,196.38,0.05,46.0,0.02,0.02,2319.69256,1776208491000
1776208493.759,293.759,0.96,196.38,0.95,46.0,0.98,170.72,0.99,1755.86,0.02,176.75,0.01,1755.86,0.04,201.38,0.05,46.0,0.02,0.02,2319.68853,1776208492000
1776208494.105,294.105,0.96,201.38,0.95,47.0,0.98,165.61,0.99,1595.86,0.02,170.72,0.01,1755.86,0.04,196.38,0.05,46.0,0.02,0.02,2319.68853,1776208492000
1776208494.498,294.498,0.96,201.38,0.95,47.0,0.98,165.61,0.99,1595.86,0.02,165.61,0.01,1595.86,0.04,201.38,0.05,47.0,0.02,0.02,2319.68849,1776208493000
1776208494.745,294.745,0.96,201.38,0.95,36.0,0.98,145.2,0.99,1595.86,0.02,165.61,0.01,1595.86,0.04,201.38,0.05,47.0,0.02,0.02,2319.68849,1776208493000
1776208495.146,295.146,0.96,201.38,0.95,36.0,0.99,731.06,,,0.02,145.2,0.01,1595.86,0.04,201.38,0.05,36.0,0.03,0.02,2319.68849,1776208493000
1776208495.509,295.509,0.97,248.0,0.96,31.38,0.98,5.0,0.99,631.06,0.01,731.06,,,0.04,201.38,0.05,36.0,0.01,0.03,2319.658539,1776208494000
1776208495.802,295.802,0.97,243.0,0.96,31.38,0.98,0.51,0.99,641.06,0.02,1.96,0.01,641.06,0.03,243.0,0.04,31.38,0.01,0.01,2319.658539,1776208494000
1776208496.066,296.066,0.98,339.17,0.97,31.0,0.99,616.06,,,0.01,641.06,,,0.02,115.18,0.03,248.0,0.01,0.01,2319.658539,1776208494000
1776208496.276,296.276,0.98,339.17,0.97,31.0,0.99,616.06,,,0.01,616.06,,,0.02,339.17,0.03,31.0,0.01,0.01,2319.685465,1776208495000
1776208496.542,296.542,0.98,344.17,0.97,31.0,0.99,451.9,,,0.01,500.9,,,0.02,344.17,0.03,31.0,0.01,0.01,2319.685465,1776208495000
1776208496.753,296.753,0.98,344.17,0.97,31.0,0.99,425.41,,,0.01,445.41,,,0.02,344.17,0.03,31.0,0.01,0.01,2319.685465,1776208495000
1776208496.983,296.983,0.98,223.99,0.97,31.0,0.99,407.23,,,0.01,407.23,,,0.02,223.99,0.03,31.0,0.01,0.01,2319.687885,1776208496000
1776208497.331,297.331,0.98,427.99,0.97,31.0,0.99,402.17,,,0.01,407.23,,,0.02,223.99,0.03,31.0,0.01,0.01,2319.687885,1776208496000
1776208497.707,297.707,0.99,5102.16,0.98,260.0,,,,,,,,,0.01,60.15,0.02,432.99,,,2319.687885,1776208496000
1776208498.318,298.318,0.99,5279.55,0.98,341.0,,,,,,,,,0.01,5097.81,0.02,260.0,,,2319.687885,1776208496000
1776208499.155,299.155,0.99,5279.55,0.98,341.0,,,,,,,,,0.01,5279.55,0.02,341.0,,,2319.73917,1776208498000
1776208500.397,300.397,0.99,5279.55,0.98,341.0,,,,,,,,,0.01,5279.55,0.02,341.0,,,2319.76512,1776208499000
1776208501.215,301.215,0.99,5279.55,0.98,341.0,,,,,,,,,0.01,5279.55,0.02,341.0,,,2319.76518,1776208500000

# RESULT,winner=Up,slug=eth-updown-5m-1776208200,ticks=534
