timestamp,elapsed_sec,up_bid_p1,up_bid_s1,up_bid_p2,up_bid_s2,up_ask_p1,up_ask_s1,up_ask_p2,up_ask_s2,down_bid_p1,down_bid_s1,down_bid_p2,down_bid_s2,down_ask_p1,down_ask_s1,down_ask_p2,down_ask_s2,up_spread,down_spread,eth_price,eth_oracle_ts
1776285900.989,0.989,0.53,11.8,0.52,5.0,0.54,28.69,0.6,38.0,0.46,28.69,0.4,38.0,0.47,11.8,0.48,5.0,0.01,0.01,2358.62107,1776285900000
1776285901.506,1.506,0.53,5.8,0.52,5.0,0.54,94.69,0.55,29.0,0.46,28.69,0.4,38.0,0.47,11.8,0.48,5.0,0.01,0.01,2358.62107,1776285900000
1776285901.908,1.908,0.53,5.8,0.52,5.0,0.54,89.69,0.55,29.0,0.46,94.69,0.45,29.0,0.47,5.8,0.48,5.0,0.01,0.01,2358.62107,1776285900000
1776285902.243,2.243,0.53,5.8,0.52,5.0,0.54,89.69,0.55,29.0,0.46,89.69,0.45,29.0,0.47,5.8,0.48,5.0,0.01,0.01,2358.615176,1776285901000
1776285902.47,2.47,0.53,3.5,0.52,5.0,0.54,69.69,0.55,29.0,0.46,89.69,0.45,29.0,0.47,5.8,0.48,5.0,0.01,0.01,2358.615176,1776285901000
1776285902.877,2.877,0.53,36.5,0.52,32.0,0.54,31.69,0.55,5.0,0.46,69.69,0.45,29.0,0.47,3.5,0.48,5.0,0.01,0.01,2358.615176,1776285901000
1776285903.254,3.254,0.53,53.0,0.52,37.0,0.54,5.69,0.57,19.0,0.46,10.69,0.45,5.0,0.47,33.0,0.48,32.0,0.01,0.01,2358.615176,1776285901000
1776285903.732,3.732,0.53,48.0,0.52,37.0,0.57,14.69,0.58,18.0,0.43,14.69,0.42,18.0,0.47,48.0,0.48,37.0,0.04,0.04,2358.638753,1776285902000
1776285903.943,3.943,0.62,10.0,0.61,20.0,0.63,10.0,0.64,10.0,0.43,14.69,0.42,18.0,0.47,48.0,0.48,37.0,0.01,0.04,2358.638753,1776285902000
1776285904.187,4.187,0.62,10.0,0.61,20.0,0.63,10.0,0.64,10.0,0.37,10.0,0.36,10.0,0.38,10.0,0.39,20.0,0.01,0.01,2358.63961,1776285903000
1776285904.508,4.508,0.6,5.0,0.58,5.0,0.61,9.7,0.62,15.0,0.37,10.0,0.36,10.0,0.38,10.0,0.39,20.0,0.01,0.01,2358.63961,1776285903000
1776285904.807,4.807,0.56,10.0,0.55,10.0,0.59,25.0,0.6,30.0,0.39,9.7,0.38,15.0,0.4,5.0,0.42,5.0,0.03,0.01,2358.63961,1776285903000
1776285905.261,5.261,0.57,10.0,0.56,10.0,0.58,30.0,0.59,25.0,0.41,25.0,0.4,30.0,0.44,10.0,0.45,10.0,0.01,0.03,2358.63961,1776285903000
1776285905.58,5.58,0.56,15.0,0.55,10.0,0.57,19.38,0.58,25.0,0.42,25.0,0.41,20.0,0.44,10.0,0.45,10.0,0.01,0.02,2358.962414,1776285904000
1776285905.907,5.907,0.55,10.0,0.54,16.17,0.57,18.38,0.58,30.0,0.43,19.38,0.42,25.0,0.44,15.0,0.45,10.0,0.02,0.01,2358.962414,1776285904000
1776285906.47,6.47,0.54,16.17,0.53,19.0,0.55,3.18,0.56,15.0,0.45,3.18,0.44,15.0,0.46,16.17,0.47,19.0,0.01,0.01,2359.421758,1776285905000
1776285907.409,7.409,0.54,16.17,0.53,19.0,0.55,3.18,0.56,15.0,0.45,3.18,0.44,15.0,0.46,16.17,0.47,19.0,0.01,0.01,2359.065029,1776285906000
1776285907.954,7.954,0.54,21.17,0.53,62.57,0.55,10.45,0.56,35.0,0.45,3.18,0.44,15.0,0.46,16.17,0.47,19.0,0.01,0.01,2359.065029,1776285906000
1776285909.027,9.027,0.54,16.17,0.53,15.0,0.55,0.45,0.56,35.0,0.45,0.45,0.44,35.0,0.46,16.17,0.47,15.0,0.01,0.01,2358.91801,1776285908000
1776285909.984,9.984,0.54,16.17,0.53,15.0,0.55,0.45,0.56,35.0,0.45,0.45,0.44,35.0,0.46,16.17,0.47,15.0,0.01,0.01,2358.907646,1776285909000
1776285910.919,10.919,0.54,16.17,0.53,15.0,0.55,0.45,0.56,35.0,0.45,0.45,0.44,35.0,0.46,16.17,0.47,15.0,0.01,0.01,2358.849728,1776285910000
1776285914.548,14.548,0.54,11.17,0.53,10.5,0.55,148.22,0.56,165.0,0.45,0.45,0.44,35.0,0.46,16.17,0.47,15.0,0.01,0.01,2358.818239,1776285913000
1776285915.797,15.797,0.54,11.17,0.53,83.5,0.55,155.22,0.56,160.0,0.45,148.22,0.44,165.0,0.46,11.17,0.47,10.5,0.01,0.01,2358.817844,1776285914000
1776285916.182,16.182,0.54,11.17,0.53,83.5,0.55,147.49,0.56,165.0,0.45,150.22,0.44,165.0,0.46,11.17,0.47,83.5,0.01,0.01,2358.823426,1776285915000
1776285917.46,17.46,0.54,16.17,0.53,78.5,0.55,149.76,0.56,154.0,0.45,147.49,0.44,165.0,0.46,11.17,0.47,83.5,0.01,0.01,2358.820459,1776285916000
1776285918.831,18.831,0.54,11.17,0.53,83.5,0.55,142.03,0.56,154.0,0.45,149.76,0.44,154.0,0.46,16.17,0.47,78.5,0.01,0.01,2358.816606,1776285917000
1776285919.482,19.482,0.54,6.17,0.52,98.5,0.55,153.03,0.56,112.0,0.45,142.03,0.44,154.0,0.46,11.17,0.47,83.5,0.01,0.01,2358.815678,1776285918000
1776285920.176,20.176,0.53,10.0,0.52,88.33,0.54,129.72,0.55,136.03,0.45,153.03,0.44,112.0,0.48,88.33,0.49,105.36,0.01,0.03,2358.815688,1776285919000
1776285922.427,22.427,0.55,210.5,0.54,114.5,0.56,25.0,0.57,105.0,0.46,129.72,0.45,136.03,0.47,10.0,0.48,88.33,0.01,0.01,2358.693317,1776285921000
1776285922.667,22.667,0.55,212.16,0.54,109.5,0.56,25.0,0.57,105.0,0.44,25.0,0.43,105.0,0.45,210.5,0.46,114.5,0.01,0.01,2358.693317,1776285921000
1776285923.308,23.308,0.56,26.5,0.55,231.93,0.59,66.0,0.6,132.0,0.44,25.0,0.43,105.0,0.45,209.93,0.46,109.5,0.03,0.01,2358.811066,1776285922000
1776285923.923,23.923,0.58,56.42,0.57,80.5,0.59,71.0,0.6,79.0,0.41,66.0,0.4,132.0,0.44,26.5,0.45,231.93,0.01,0.03,2358.811066,1776285922000
1776285928.99,28.99,0.58,365.92,0.57,109.5,0.67,2.92,0.68,15.0,0.41,71.0,0.4,79.0,0.42,56.42,0.43,80.5,0.09,0.01,2359.195294,1776285927000
1776285929.382,29.382,0.68,15.0,0.67,35.0,0.69,75.4,0.7,75.0,0.32,21.35,0.31,15.0,0.33,10.0,0.34,10.0,0.01,0.01,2359.195294,1776285927000
1776285929.735,29.735,0.68,45.0,0.67,40.5,0.69,175.4,0.7,120.0,0.31,75.4,0.3,75.0,0.32,15.0,0.33,35.0,0.01,0.01,2359.228657,1776285928000
1776285930.263,30.263,0.68,150.5,0.67,162.5,0.69,75.0,0.7,124.0,0.31,169.4,0.3,120.0,0.32,45.0,0.33,40.5,0.01,0.01,2359.228657,1776285928000
1776285930.615,30.615,0.69,55.66,0.68,237.5,0.7,14.0,0.71,25.0,0.3,29.5,0.29,113.5,0.31,21.77,0.32,137.5,0.01,0.01,2359.227459,1776285929000
1776285930.838,30.838,0.69,85.66,0.68,276.5,0.71,15.0,0.72,60.5,0.3,14.0,0.29,25.0,0.31,55.66,0.32,237.5,0.02,0.01,2359.227459,1776285929000
1776285931.679,31.679,0.7,127.5,0.69,110.66,0.71,15.37,0.72,65.5,0.29,5.46,0.28,75.5,0.3,25.5,0.31,120.66,0.01,0.01,2359.80576,1776285930000
1776285932.182,32.182,0.7,132.5,0.69,110.66,0.71,10.87,0.72,65.5,0.29,15.37,0.28,65.5,0.3,127.5,0.31,110.66,0.01,0.01,2359.87424,1776285931000
1776285933.055,33.055,0.7,90.5,0.69,90.66,0.71,22.21,0.72,138.5,0.29,9.46,0.28,65.5,0.3,127.5,0.31,110.66,0.01,0.01,2360.044077,1776285932000
1776285933.623,33.623,0.7,5.23,0.69,5.16,0.71,139.5,0.72,91.5,0.29,22.21,0.28,138.5,0.3,90.5,0.31,90.66,0.01,0.01,2360.044077,1776285932000
1776285933.985,33.985,0.66,5.0,0.65,35.0,0.67,29.5,0.68,60.5,0.29,139.5,0.28,91.5,0.3,5.23,0.31,5.16,0.01,0.01,2360.044077,1776285932000
1776285934.669,34.669,0.65,35.0,0.64,10.0,0.67,101.5,0.68,106.5,0.33,24.5,0.32,45.5,0.34,5.0,0.35,35.0,0.02,0.01,2360.058415,1776285933000
1776285935.834,35.834,0.65,5.0,0.64,88.5,0.66,94.5,0.67,155.5,0.33,101.5,0.32,106.5,0.35,35.0,0.36,10.0,0.01,0.02,2359.97986,1776285934000
1776285936.324,36.324,0.64,10.0,0.63,10.0,0.66,152.5,0.67,110.5,0.34,94.5,0.33,155.5,0.35,5.0,0.36,88.5,0.02,0.01,2359.628745,1776285935000
1776285938.214,38.214,0.64,10.0,0.63,139.5,0.65,153.5,0.66,175.5,0.34,152.5,0.33,110.5,0.36,10.0,0.37,10.0,0.01,0.02,2359.533043,1776285937000
1776285939.118,39.118,0.64,20.5,0.63,139.5,0.65,135.96,0.66,157.5,0.35,153.5,0.34,175.5,0.36,10.0,0.37,139.5,0.01,0.01,2359.542255,1776285938000
1776285939.845,39.845,0.64,45.19,0.63,139.5,0.65,115.39,0.66,99.5,0.35,135.96,0.34,157.5,0.36,20.5,0.37,139.5,0.01,0.01,2359.542255,1776285938000
1776285942.342,42.342,0.64,10.0,0.63,31.5,0.65,124.5,0.66,157.5,0.35,115.39,0.34,99.5,0.36,45.19,0.37,139.5,0.01,0.01,2359.55615,1776285941000
1776285943.325,43.325,0.64,7.22,0.63,31.5,0.65,124.5,0.66,157.5,0.35,124.5,0.34,157.5,0.36,10.0,0.37,31.5,0.01,0.01,2359.521718,1776285942000
1776285944.859,44.859,0.64,7.22,0.63,20.5,0.65,93.5,0.66,157.5,0.35,124.5,0.34,157.5,0.36,7.22,0.37,31.5,0.01,0.01,2359.511619,1776285943000
1776285945.389,45.389,0.64,7.22,0.63,128.5,0.65,83.34,0.66,157.5,0.35,93.5,0.34,157.5,0.36,7.22,0.37,20.5,0.01,0.01,2359.509484,1776285944000
1776285945.602,45.602,0.64,57.22,0.63,128.5,0.65,68.8,0.66,165.5,0.35,68.8,0.34,165.5,0.36,57.22,0.37,128.5,0.01,0.01,2359.509484,1776285944000
1776285946.779,46.779,0.63,133.22,0.62,115.5,0.65,113.8,0.66,165.5,0.35,68.8,0.34,165.5,0.36,57.22,0.37,128.5,0.02,0.01,2359.542015,1776285945000
1776285947.54,47.54,0.64,10.0,0.63,138.22,0.65,124.5,0.66,165.5,0.35,113.8,0.34,165.5,0.37,133.22,0.38,115.5,0.01,0.02,2359.52882,1776285946000
1776285948.337,48.337,0.64,211.25,0.63,85.22,0.65,16.68,0.66,107.5,0.35,124.5,0.34,165.5,0.36,10.0,0.37,138.22,0.01,0.01,2359.52882,1776285946000
1776285948.887,48.887,0.65,153.53,0.64,148.5,0.66,105.98,0.67,86.5,0.35,16.68,0.34,107.5,0.36,211.25,0.37,85.22,0.01,0.01,2359.511135,1776285947000
1776285951.649,51.649,0.65,80.0,0.64,91.5,0.66,89.43,0.67,176.5,0.34,105.98,0.33,86.5,0.35,153.53,0.36,148.5,0.01,0.01,2359.527119,1776285950000
1776285951.889,51.889,0.65,103.0,0.64,91.5,0.66,74.35,0.67,186.5,0.34,89.43,0.33,176.5,0.35,80.0,0.36,91.5,0.01,0.01,2359.527119,1776285950000
1776285953.446,53.446,0.65,10.0,0.64,26.0,0.66,173.3,0.67,118.5,0.34,74.35,0.33,186.5,0.35,103.0,0.36,91.5,0.01,0.01,2359.525294,1776285952000
1776285955.523,55.523,0.62,10.0,0.61,20.0,0.63,222.5,0.64,309.5,0.34,173.3,0.33,118.5,0.35,10.0,0.36,26.0,0.01,0.01,2359.474207,1776285954000
1776285955.92,55.92,0.6,25.87,0.59,11.0,0.61,276.5,0.62,102.5,0.37,241.01,0.36,309.5,0.39,20.0,0.4,95.0,0.01,0.02,2359.474207,1776285954000
1776285956.406,56.406,0.58,36.87,0.57,123.5,0.59,61.5,0.6,45.5,0.39,329.5,0.38,107.5,0.4,11.0,0.41,11.0,0.01,0.01,2359.478669,1776285955000
1776285956.748,56.748,0.58,78.87,0.57,115.5,0.59,106.5,0.6,95.5,0.41,61.5,0.4,45.5,0.42,36.87,0.43,123.5,0.01,0.01,2359.478669,1776285955000
1776285958.146,58.146,0.54,177.63,0.53,65.0,0.58,235.5,0.59,118.5,0.41,106.5,0.4,95.5,0.42,48.87,0.43,115.5,0.04,0.01,2358.958409,1776285957000
1776285959.039,59.039,0.54,14.13,0.53,118.0,0.55,183.62,0.56,80.8,0.42,235.5,0.41,118.5,0.46,177.63,0.47,65.0,0.01,0.04,2358.890095,1776285958000
1776285959.37,59.37,0.53,10.0,0.52,39.83,0.55,266.62,0.56,180.8,0.45,183.62,0.44,80.8,0.46,14.13,0.47,118.0,0.02,0.01,2358.890095,1776285958000
1776285960.085,60.085,0.52,19.83,0.51,160.36,0.53,161.74,0.54,142.5,0.45,266.62,0.44,180.8,0.47,10.0,0.48,39.83,0.01,0.02,2358.890095,1776285958000
1776285960.443,60.443,0.54,40.5,0.53,36.5,0.55,3.83,0.57,60.5,0.47,161.74,0.46,142.5,0.48,19.83,0.49,160.36,0.01,0.01,2358.893008,1776285959000
1776285960.794,60.794,0.54,116.5,0.53,46.5,0.57,60.5,0.58,82.5,0.45,3.83,0.43,60.5,0.46,40.5,0.47,36.5,0.03,0.01,2358.893008,1776285959000
1776285961.249,61.249,0.59,25.5,0.58,88.5,0.6,12.57,0.61,7.0,0.43,80.5,0.42,82.5,0.44,20.0,0.45,85.5,0.01,0.01,2358.893008,1776285959000
1776285964.023,64.023,0.61,192.22,0.6,127.5,0.62,12.0,0.63,30.0,0.4,12.57,0.39,7.0,0.41,25.5,0.42,88.5,0.01,0.01,2358.822359,1776285962000
1776285964.398,64.398,0.6,83.11,0.59,175.5,0.62,12.0,0.63,20.0,0.38,12.0,0.37,30.0,0.39,192.22,0.4,127.5,0.02,0.01,2358.822359,1776285962000
1776285964.72,64.72,0.61,23.0,0.6,83.11,0.62,15.38,0.63,20.0,0.38,12.0,0.37,20.0,0.4,83.11,0.41,175.5,0.01,0.02,2359.101075,1776285963000
1776285964.986,64.986,0.61,23.0,0.6,83.11,0.62,25.38,0.63,25.0,0.38,15.38,0.37,20.0,0.39,23.0,0.4,83.11,0.01,0.01,2359.101075,1776285963000
1776285965.44,65.44,0.57,43.5,0.56,55.0,0.59,30.5,0.6,17.0,0.38,25.38,0.37,25.0,0.39,23.0,0.4,83.11,0.02,0.01,2359.168167,1776285964000
1776285966.137,66.137,0.57,43.5,0.56,65.0,0.58,134.27,0.59,181.0,0.41,30.5,0.4,17.0,0.43,43.5,0.44,55.0,0.01,0.02,2359.168167,1776285964000
1776285966.607,66.607,0.57,43.5,0.56,65.0,0.58,132.86,0.59,181.0,0.42,134.27,0.41,181.0,0.43,43.5,0.44,65.0,0.01,0.01,2359.193405,1776285965000
1776285967.027,67.027,0.58,10.0,0.57,146.5,0.59,1.1,0.6,18.0,0.42,132.86,0.41,181.0,0.43,43.5,0.44,65.0,0.01,0.01,2359.193405,1776285965000
1776285967.922,67.922,0.62,75.5,0.61,199.26,0.63,0.68,0.64,58.0,0.39,12.85,0.38,90.0,0.41,10.0,0.42,30.0,0.01,0.02,2359.03833,1776285966000
1776285968.465,68.465,0.62,147.86,0.61,123.5,0.63,0.68,0.64,85.0,0.37,0.68,0.36,58.0,0.38,75.5,0.39,199.26,0.01,0.01,2358.97593,1776285967000
1776285970.874,70.874,0.63,160.5,0.62,114.86,0.64,19.82,0.65,101.0,0.37,0.68,0.36,85.0,0.38,147.86,0.39,123.5,0.01,0.01,2359.39418,1776285969000
1776285973.333,73.333,0.67,125.96,0.66,10.0,0.7,33.9,0.71,48.0,0.36,19.82,0.35,101.0,0.37,160.5,0.38,114.86,0.03,0.01,2359.424395,1776285972000
1776285973.651,73.651,0.69,131.69,0.68,25.5,0.7,33.9,0.71,48.0,0.3,33.9,0.29,48.0,0.33,125.96,0.34,10.0,0.01,0.03,2359.424395,1776285972000
1776285973.865,73.865,0.69,116.69,0.68,25.5,0.7,13.75,0.71,48.0,0.3,33.9,0.29,48.0,0.31,131.69,0.32,25.5,0.01,0.01,2359.424395,1776285972000
1776285974.845,74.845,0.73,8.72,0.72,48.0,0.74,70.0,0.75,83.0,0.3,4.62,0.29,48.0,0.31,116.69,0.32,25.5,0.01,0.01,2359.420585,1776285973000
1776285975.111,75.111,0.72,8.05,0.71,36.5,0.74,70.0,0.75,83.0,0.26,70.0,0.25,83.0,0.27,8.72,0.28,48.0,0.02,0.01,2359.420585,1776285973000
1776285975.843,75.843,0.73,136.5,0.72,134.55,0.75,25.0,0.76,80.0,0.26,70.0,0.25,83.0,0.28,8.05,0.29,36.5,0.02,0.02,2359.725833,1776285974000
1776285977.029,77.029,0.74,17.0,0.73,10.0,0.75,136.5,0.76,120.5,0.25,25.0,0.24,80.0,0.27,136.5,0.28,134.55,0.01,0.02,2359.99269,1776285975000
1776285977.421,77.421,0.74,13.15,0.73,10.0,0.75,126.5,0.76,120.5,0.25,136.5,0.24,120.5,0.26,17.0,0.27,10.0,0.01,0.01,2360.217886,1776285976000
1776285978.979,78.979,0.74,13.15,0.73,20.5,0.75,184.5,0.76,120.5,0.25,126.5,0.24,120.5,0.26,13.15,0.27,10.0,0.01,0.01,2360.194725,1776285977000
1776285981.081,81.081,0.74,37.34,0.73,20.5,0.75,121.5,0.76,153.5,0.25,184.5,0.24,120.5,0.26,8.11,0.27,20.5,0.01,0.01,2360.04383,1776285979000
1776285983.334,83.334,0.73,10.0,0.72,3.05,0.75,144.5,0.76,170.5,0.25,121.5,0.24,153.5,0.26,37.34,0.27,20.5,0.02,0.01,2360.0845,1776285981000
1776285987.832,87.832,0.72,231.5,0.71,120.31,0.73,31.0,0.74,95.0,0.25,144.5,0.24,170.5,0.29,31.5,0.3,156.5,0.01,0.04,2359.950135,1776285986000
1776285989.69,89.69,0.74,98.03,0.73,90.5,0.76,110.5,0.77,95.5,0.27,31.0,0.26,95.0,0.28,231.5,0.29,120.31,0.02,0.01,2359.950135,1776285987000
1776285990.085,90.085,0.74,124.5,0.73,133.5,0.75,30.0,0.76,105.5,0.24,110.5,0.23,95.5,0.26,98.03,0.27,90.5,0.01,0.02,2360.009306,1776285988000
1776285991.303,91.303,0.75,99.69,0.74,60.0,0.76,136.92,0.77,70.5,0.25,19.0,0.24,105.5,0.26,129.5,0.27,133.5,0.01,0.01,2360.17195,1776285990000
1776285991.603,91.603,0.75,99.69,0.74,60.0,0.76,67.13,0.77,128.5,0.24,136.92,0.23,70.5,0.25,99.69,0.26,60.0,0.01,0.01,2360.17195,1776285990000
1776285993.639,93.639,0.75,178.69,0.74,60.0,0.76,50.15,0.77,128.5,0.24,57.13,0.23,128.5,0.25,104.69,0.26,60.0,0.01,0.01,2360.14006,1776285992000
1776285995.528,95.528,0.74,5.0,0.73,10.0,0.76,144.15,0.77,120.5,0.24,50.15,0.23,128.5,0.25,178.69,0.26,60.0,0.02,0.01,2360.139735,1776285994000
1776285995.793,95.793,0.74,112.75,0.73,70.5,0.75,17.0,0.76,70.15,0.24,144.15,0.23,120.5,0.26,5.0,0.27,10.0,0.01,0.02,2360.139735,1776285994000
1776286002.332,102.332,0.77,192.75,0.76,126.5,0.78,265.0,0.79,172.0,0.25,17.0,0.24,70.15,0.26,164.75,0.27,70.5,0.01,0.01,2360.204574,1776286000000
1776286003.555,103.555,0.77,262.5,0.76,149.5,0.78,52.0,0.79,150.0,0.22,265.0,0.21,172.0,0.23,192.75,0.24,126.5,0.01,0.01,2360.20886,1776286002000
1776286006.129,106.129,0.79,293.5,0.78,192.14,0.8,8.75,0.82,75.0,0.22,52.0,0.21,150.0,0.23,262.5,0.24,149.5,0.01,0.01,2360.448599,1776286004000
1776286006.635,106.635,0.81,252.0,0.8,226.5,0.82,25.0,0.83,88.5,0.18,75.0,0.17,78.5,0.21,288.5,0.22,192.14,0.01,0.03,2360.488618,1776286005000
1776286007.906,107.906,0.82,238.0,0.81,198.0,0.83,68.5,0.84,85.5,0.18,25.0,0.17,88.5,0.19,252.0,0.2,226.5,0.01,0.01,2360.664725,1776286006000
1776286009.147,109.147,0.82,273.0,0.81,318.45,0.83,10.0,0.84,83.5,0.17,68.5,0.16,85.5,0.18,238.0,0.19,198.0,0.01,0.01,2360.676782,1776286007000
1776286009.938,109.938,0.83,238.0,0.82,277.0,0.84,14.3,0.85,150.5,0.17,10.0,0.16,83.5,0.18,273.0,0.19,318.45,0.01,0.01,2360.644138,1776286008000
1776286010.636,110.636,0.83,229.0,0.82,277.0,0.84,14.3,0.85,150.5,0.16,14.3,0.15,150.5,0.17,238.0,0.18,277.0,0.01,0.01,2360.678705,1776286009000
1776286013.283,113.283,0.84,267.0,0.83,240.5,0.85,50.28,0.87,15.0,0.16,14.3,0.15,150.5,0.17,229.0,0.18,277.0,0.01,0.01,2360.71589,1776286012000
1776286014.894,114.894,0.84,405.5,0.83,333.85,0.88,68.5,0.89,16.0,0.15,50.28,0.13,15.0,0.16,267.0,0.17,240.5,0.04,0.01,2360.722311,1776286013000
1776286015.221,115.221,0.88,35.0,0.87,186.0,0.89,0.5,0.9,130.0,0.12,68.5,0.11,16.0,0.16,405.5,0.17,333.85,0.01,0.04,2360.722311,1776286013000
1776286015.562,115.562,0.88,163.32,0.87,246.5,0.89,0.5,0.9,130.0,0.11,0.5,0.1,130.0,0.12,35.0,0.13,186.0,0.01,0.01,2360.83282,1776286014000
1776286016.769,116.769,0.88,254.98,0.87,272.5,0.89,0.5,0.9,134.0,0.11,0.5,0.1,130.0,0.12,163.32,0.13,246.5,0.01,0.01,2360.94388,1776286015000
1776286017.986,117.986,0.89,5.9,0.88,307.98,0.9,123.1,0.91,214.0,0.11,0.5,0.1,134.0,0.12,254.98,0.13,272.5,0.01,0.01,2361.167897,1776286016000
1776286018.578,118.578,0.9,15.0,0.89,229.9,0.92,41.9,0.93,177.3,0.1,123.1,0.09,214.0,0.11,5.9,0.12,307.98,0.02,0.01,2361.215845,1776286017000
1776286019.606,119.606,0.92,210.0,0.91,346.0,0.93,103.42,0.94,137.8,0.07,82.3,0.06,128.8,0.09,296.0,0.1,131.0,0.01,0.02,2361.252806,1776286018000
1776286021.531,121.531,0.91,109.66,0.9,21.0,0.92,183.21,0.93,88.72,0.07,52.72,0.06,226.8,0.08,210.0,0.09,346.0,0.01,0.01,2361.640955,1776286020000
1776286022.089,122.089,0.91,66.88,0.9,21.0,0.92,143.03,0.93,146.72,0.08,204.03,0.07,88.72,0.09,81.88,0.1,21.0,0.01,0.01,2361.640955,1776286020000
1776286022.462,122.462,0.89,163.9,0.88,185.5,0.92,158.21,0.93,146.72,0.08,143.03,0.07,146.72,0.09,49.1,0.1,21.0,0.03,0.01,2361.640955,1776286020000
1776286022.737,122.737,0.89,163.9,0.88,185.5,0.9,5.31,0.91,85.0,0.08,158.21,0.07,146.72,0.11,163.9,0.12,185.5,0.01,0.03,2361.640955,1776286020000
1776286023.398,123.398,0.89,223.9,0.88,185.5,0.9,15.25,0.91,125.0,0.1,5.31,0.09,85.0,0.11,163.9,0.12,185.5,0.01,0.01,2361.53856,1776286021000
1776286023.86,123.86,0.89,213.9,0.88,185.5,0.9,26.25,0.91,125.0,0.1,15.25,0.09,125.0,0.11,223.9,0.12,185.5,0.01,0.01,2361.522793,1776286022000
1776286024.411,124.411,0.89,229.4,0.88,190.5,0.9,45.25,0.91,175.0,0.1,26.25,0.09,125.0,0.11,213.9,0.12,185.5,0.01,0.01,2361.297108,1776286023000
1776286024.898,124.898,0.88,115.0,0.87,238.5,0.9,184.75,0.91,174.0,0.1,45.25,0.09,175.0,0.11,229.4,0.12,190.5,0.02,0.01,2361.297108,1776286023000
1776286027.77,127.77,0.88,190.5,0.87,328.71,0.89,9.54,0.9,80.5,0.1,184.75,0.09,174.0,0.12,115.0,0.13,238.5,0.01,0.02,2361.21156,1776286026000
1776286028.816,128.816,0.88,127.61,0.87,243.5,0.89,14.54,0.9,80.5,0.11,9.54,0.1,80.5,0.12,190.5,0.13,328.71,0.01,0.01,2361.104769,1776286027000
1776286029.194,129.194,0.88,127.61,0.87,243.5,0.89,59.54,0.9,80.5,0.11,14.54,0.1,80.5,0.12,127.61,0.13,243.5,0.01,0.01,2361.104769,1776286027000
1776286030.467,130.467,0.88,123.27,0.87,355.37,0.89,59.54,0.9,80.5,0.11,59.54,0.1,80.5,0.12,127.61,0.13,243.5,0.01,0.01,2361.162521,1776286029000
1776286032.041,132.041,0.88,200.42,0.87,157.5,0.89,46.33,0.9,169.5,0.11,53.33,0.1,169.5,0.12,104.45,0.13,255.37,0.01,0.01,2361.172185,1776286030000
1776286033.161,133.161,0.89,146.52,0.88,158.95,0.9,35.5,0.91,416.0,0.11,46.33,0.1,169.5,0.12,200.42,0.13,157.5,0.01,0.01,2361.1678,1776286032000
1776286033.528,133.528,0.89,202.52,0.88,188.95,0.91,326.12,0.92,269.9,0.1,35.5,0.09,416.0,0.11,146.52,0.12,158.95,0.02,0.01,2361.1678,1776286032000
1776286034.26,134.26,0.9,187.15,0.89,157.0,0.91,233.0,0.92,203.9,0.09,326.12,0.08,269.9,0.11,202.52,0.12,188.95,0.01,0.02,2361.178207,1776286033000
1776286038.675,138.675,0.9,34.0,0.89,148.0,0.91,331.58,0.92,261.9,0.09,233.0,0.08,203.9,0.1,187.15,0.11,157.0,0.01,0.01,2361.211404,1776286037000
1776286039.699,139.699,0.89,148.0,0.88,113.5,0.91,316.58,0.92,261.9,0.09,331.58,0.08,261.9,0.1,34.0,0.11,148.0,0.02,0.01,2361.211404,1776286037000
1776286043.223,143.223,0.89,111.85,0.88,123.08,0.9,51.0,0.91,329.58,0.09,316.58,0.08,261.9,0.11,148.0,0.12,113.5,0.01,0.02,2361.077436,1776286042000
1776286044.414,144.414,0.89,105.85,0.88,165.1,0.9,45.0,0.91,320.58,0.1,51.0,0.09,329.58,0.11,111.85,0.12,123.08,0.01,0.01,2361.077436,1776286042000
1776286050.366,150.366,0.89,2.26,0.88,60.0,0.9,137.5,0.91,241.58,0.1,45.0,0.09,320.58,0.11,105.85,0.12,165.1,0.01,0.01,2361.08819,1776286048000
1776286051.149,151.149,0.88,120.26,0.87,195.92,0.89,25.75,0.9,127.5,0.1,137.5,0.09,241.58,0.12,42.26,0.13,154.5,0.01,0.02,2361.088235,1776286049000
1776286052.021,152.021,0.88,125.26,0.87,205.92,0.89,28.5,0.9,119.5,0.11,25.75,0.1,127.5,0.12,120.26,0.13,195.92,0.01,0.01,2361.073355,1776286050000
1776286052.899,152.899,0.87,10.0,0.86,62.73,0.88,7.0,0.89,166.0,0.11,28.5,0.1,119.5,0.12,125.26,0.13,205.92,0.01,0.01,2361.055553,1776286051000
1776286053.405,153.405,0.86,120.73,0.85,43.0,0.87,10.34,0.88,119.5,0.12,17.5,0.11,147.0,0.13,0.66,0.14,120.73,0.01,0.01,2361.009123,1776286052000
1776286054.122,154.122,0.86,125.73,0.85,43.0,0.87,75.24,0.88,114.5,0.13,10.34,0.12,119.5,0.14,120.73,0.15,43.0,0.01,0.01,2360.993491,1776286053000
1776286054.981,154.981,0.86,57.73,0.85,101.0,0.87,70.24,0.88,138.5,0.13,75.24,0.12,114.5,0.14,125.73,0.15,43.0,0.01,0.01,2360.993491,1776286053000
1776286055.997,155.997,0.86,237.73,0.85,93.5,0.87,1.39,0.88,128.5,0.13,70.24,0.12,138.5,0.14,57.73,0.15,101.0,0.01,0.01,2360.73107,1776286054000
1776286056.739,156.739,0.86,14.66,0.85,156.5,0.87,20.0,0.88,104.5,0.13,1.39,0.12,128.5,0.14,237.73,0.15,93.5,0.01,0.01,2360.69735,1776286055000
1776286059.984,159.984,0.86,89.85,0.85,88.0,0.87,75.37,0.88,135.91,0.13,20.0,0.12,104.5,0.14,14.66,0.15,156.5,0.01,0.01,2360.688229,1776286058000
1776286060.478,160.478,0.86,87.7,0.85,98.5,0.87,75.37,0.88,135.91,0.13,75.37,0.12,135.91,0.14,89.85,0.15,88.0,0.01,0.01,2360.64899,1776286059000
1776286060.948,160.948,0.86,87.7,0.85,148.5,0.87,67.34,0.88,111.91,0.13,75.37,0.12,135.91,0.14,87.7,0.15,98.5,0.01,0.01,2360.64899,1776286059000
1776286062.101,162.101,0.87,10.0,0.86,413.2,0.88,15.9,0.89,20.0,0.13,58.34,0.12,135.91,0.14,87.7,0.15,148.5,0.01,0.01,2360.653262,1776286060000
1776286062.38,162.38,0.87,113.5,0.86,345.2,0.89,20.0,0.9,20.0,0.12,10.9,0.11,20.0,0.13,88.5,0.14,330.2,0.02,0.01,2360.684881,1776286061000
1776286063.491,163.491,0.89,10.16,0.88,197.06,0.9,20.0,0.91,60.36,0.11,12.84,0.1,20.0,0.13,128.5,0.14,337.2,0.01,0.02,2360.676804,1776286062000
1776286064.905,164.905,0.89,198.19,0.88,179.53,0.9,13.8,0.91,65.36,0.1,20.0,0.09,60.36,0.11,10.16,0.12,197.06,0.01,0.01,2360.846825,1776286063000
1776286065.735,165.735,0.89,198.19,0.88,237.53,0.9,32.68,0.91,2.36,0.1,13.8,0.09,65.36,0.11,198.19,0.12,179.53,0.01,0.01,2361.01681,1776286064000
1776286069.025,169.025,0.86,28.5,0.85,88.5,0.9,213.28,0.91,108.36,0.1,32.68,0.09,2.36,0.11,198.19,0.12,237.53,0.04,0.01,2361.054875,1776286067000
1776286071.119,171.119,0.86,26.34,0.85,145.5,0.87,98.26,0.88,153.91,0.1,213.28,0.09,108.36,0.15,86.23,0.16,70.0,0.01,0.05,2361.014855,1776286069000
1776286074.102,174.102,0.86,25.93,0.85,10.0,0.87,121.53,0.88,137.91,0.13,98.26,0.12,153.91,0.14,26.34,0.15,145.5,0.01,0.01,2360.526412,1776286073000
1776286074.305,174.305,0.86,20.88,0.85,10.0,0.87,176.53,0.88,169.91,0.13,121.53,0.12,137.91,0.14,25.93,0.15,10.0,0.01,0.01,2360.526412,1776286073000
1776286076.655,176.655,0.84,133.5,0.83,202.1,0.85,3.0,0.86,100.71,0.14,78.81,0.13,346.53,0.16,10.0,0.17,153.0,0.01,0.02,2360.45775,1776286075000
1776286079.418,179.418,0.84,30.5,0.83,278.32,0.85,18.2,0.86,90.81,0.15,3.0,0.14,100.71,0.16,133.5,0.17,202.1,0.01,0.01,2360.346695,1776286077000
1776286080.53,180.53,0.83,85.0,0.82,130.0,0.84,20.85,0.85,98.7,0.15,18.2,0.14,90.81,0.16,30.5,0.17,278.32,0.01,0.01,2360.38001,1776286079000
1776286081.16,181.16,0.81,66.94,0.8,25.5,0.83,20.5,0.84,38.8,0.16,23.49,0.15,83.7,0.17,85.0,0.18,130.0,0.02,0.01,2360.382386,1776286080000
1776286081.426,181.426,0.81,82.44,0.8,25.5,0.82,65.61,0.83,76.44,0.17,20.5,0.16,43.8,0.19,56.94,0.2,25.5,0.01,0.02,2360.382386,1776286080000
1776286081.72,181.72,0.81,82.44,0.8,108.62,0.83,61.04,0.84,46.49,0.18,65.61,0.17,76.44,0.19,82.44,0.2,25.5,0.02,0.01,2360.382386,1776286080000
1776286082.742,182.742,0.82,33.6,0.81,82.44,0.83,71.04,0.84,90.1,0.17,66.04,0.16,52.8,0.18,2.0,0.19,77.44,0.01,0.01,2360.277802,1776286081000
1776286084.31,184.31,0.82,175.24,0.81,30.5,0.83,65.1,0.84,109.81,0.17,71.04,0.16,90.1,0.18,33.6,0.19,82.44,0.01,0.01,2360.153895,1776286082000
1776286087.944,187.944,0.82,114.5,0.81,74.75,0.83,50.91,0.84,127.31,0.17,65.1,0.16,109.81,0.18,175.24,0.19,30.5,0.01,0.01,2360.075546,1776286086000
1776286089.048,189.048,0.82,11.0,0.81,25.92,0.83,206.35,0.84,127.81,0.17,50.91,0.16,127.31,0.18,114.5,0.19,74.75,0.01,0.01,2360.077264,1776286087000
1776286089.307,189.307,0.77,7.0,0.75,71.67,0.82,20.5,0.83,173.35,0.17,206.35,0.16,127.81,0.19,6.86,0.22,65.0,0.05,0.02,2360.104098,1776286088000
1776286089.55,189.55,0.74,29.89,0.71,22.0,0.75,10.0,0.76,133.0,0.24,114.0,0.23,10.0,0.26,40.37,0.29,22.0,0.01,0.02,2360.104098,1776286088000
1776286090.621,190.621,0.74,4.85,0.73,20.5,0.75,27.0,0.76,61.5,0.25,10.0,0.24,133.0,0.26,29.89,0.29,22.0,0.01,0.01,2360.104058,1776286089000
1776286090.924,190.924,0.74,104.75,0.73,20.5,0.75,28.79,0.76,61.5,0.25,27.0,0.24,61.5,0.26,4.85,0.27,20.5,0.01,0.01,2360.104058,1776286089000
1776286091.207,191.207,0.74,119.75,0.73,20.5,0.75,13.79,0.76,61.5,0.25,28.79,0.24,61.5,0.26,104.75,0.27,20.5,0.01,0.01,2360.044296,1776286090000
1776286092.514,192.514,0.74,167.75,0.73,20.5,0.75,42.79,0.76,72.5,0.25,13.79,0.24,61.5,0.26,119.75,0.27,20.5,0.01,0.01,2359.706418,1776286091000
1776286092.83,192.83,0.74,146.9,0.73,20.5,0.75,97.79,0.76,122.5,0.25,42.79,0.24,72.5,0.26,167.75,0.27,20.5,0.01,0.01,2359.706418,1776286091000
1776286093.871,193.871,0.74,119.89,0.73,30.5,0.75,21.29,0.76,102.0,0.25,86.79,0.24,122.5,0.26,135.16,0.27,20.5,0.01,0.01,2359.668371,1776286092000
1776286095.433,195.433,0.74,188.12,0.73,30.5,0.75,61.83,0.76,117.5,0.25,21.29,0.24,102.0,0.26,119.73,0.27,30.5,0.01,0.01,2359.665174,1776286094000
1776286096.059,196.059,0.75,25.0,0.74,248.12,0.76,17.0,0.79,58.0,0.25,61.83,0.24,117.5,0.26,188.12,0.27,30.5,0.01,0.01,2359.665174,1776286094000
1776286096.603,196.603,0.75,223.2,0.74,106.5,0.8,5.0,0.81,5.0,0.24,5.76,0.18,74.4,0.25,151.05,0.26,170.65,0.05,0.01,2359.66501,1776286095000
1776286096.918,196.918,0.79,91.0,0.78,33.0,0.8,50.18,0.81,55.0,0.2,5.0,0.19,5.0,0.25,223.2,0.26,106.5,0.01,0.05,2359.66501,1776286095000
1776286097.874,197.874,0.8,43.0,0.79,20.0,0.81,96.66,0.82,75.61,0.19,24.24,0.18,75.0,0.21,91.0,0.22,33.0,0.01,0.02,2359.672907,1776286096000
1776286098.173,198.173,0.8,77.0,0.79,88.5,0.81,5.0,0.82,26.11,0.19,96.66,0.18,75.61,0.2,43.0,0.21,20.0,0.01,0.01,2359.672907,1776286096000
1776286098.71,198.71,0.81,69.26,0.8,52.0,0.82,73.51,0.83,81.44,0.19,5.0,0.18,26.11,0.2,77.0,0.21,88.5,0.01,0.01,2359.83762,1776286097000
1776286102.24,202.24,0.83,60.0,0.82,67.0,0.85,5.75,0.86,15.0,0.18,73.51,0.17,81.44,0.19,69.26,0.2,52.0,0.02,0.01,2359.87729,1776286100000
1776286102.496,202.496,0.84,106.0,0.83,87.0,0.85,24.63,0.86,22.21,0.15,5.75,0.14,15.0,0.17,60.0,0.18,67.0,0.01,0.02,2359.88012,1776286101000
1776286105.366,205.366,0.87,82.5,0.86,179.5,0.88,10.9,0.89,79.0,0.15,24.63,0.14,22.21,0.16,106.0,0.17,87.0,0.01,0.01,2360.083705,1776286104000
1776286106.567,206.567,0.88,109.5,0.87,230.5,0.9,9.3,0.91,60.36,0.11,37.21,0.1,102.68,0.12,116.5,0.13,178.5,0.02,0.01,2360.129383,1776286105000
1776286108.821,208.821,0.88,1.31,0.87,10.0,0.89,54.18,0.9,19.4,0.1,9.3,0.09,60.36,0.12,109.5,0.13,230.5,0.01,0.02,2360.57073,1776286107000
1776286109.509,209.509,0.87,10.0,0.86,11.7,0.88,62.77,0.89,40.68,0.11,54.18,0.1,19.4,0.12,1.31,0.13,10.0,0.01,0.01,2360.57073,1776286107000
1776286109.818,209.818,0.87,30.0,0.86,11.7,0.88,52.44,0.89,40.68,0.12,62.77,0.11,40.68,0.13,10.0,0.14,11.7,0.01,0.01,2360.57073,1776286107000
1776286111.362,211.362,0.86,1.7,0.85,87.7,0.87,26.76,0.88,79.44,0.12,52.44,0.11,40.68,0.13,30.0,0.14,11.7,0.01,0.01,2360.214137,1776286110000
1776286111.867,211.867,0.86,6.7,0.85,78.5,0.88,74.44,0.89,130.29,0.13,26.76,0.12,79.44,0.14,1.7,0.15,87.7,0.02,0.01,2360.214137,1776286110000
1776286112.209,212.209,0.86,11.7,0.85,78.5,0.87,24.0,0.88,74.44,0.12,74.44,0.11,130.29,0.14,6.7,0.15,78.5,0.01,0.02,2360.214137,1776286110000
1776286112.595,212.595,0.86,21.7,0.85,78.5,0.88,73.08,0.89,93.5,0.13,24.0,0.12,74.44,0.14,11.7,0.15,78.5,0.02,0.01,2360.199136,1776286111000
1776286113.193,213.193,0.86,16.7,0.85,83.5,0.88,81.49,0.89,116.5,0.12,73.08,0.11,93.5,0.14,21.7,0.15,78.5,0.02,0.02,2360.192005,1776286112000
1776286119.215,219.215,0.88,10.0,0.86,32.63,0.89,184.62,0.9,159.8,0.12,81.49,0.11,116.5,0.14,16.7,0.15,83.5,0.01,0.02,2360.231458,1776286117000
1776286119.441,219.441,0.86,18.94,0.85,15.0,0.87,25.0,0.88,20.0,0.11,184.62,0.1,159.8,0.14,32.63,0.15,10.0,0.01,0.03,2360.231339,1776286118000
1776286120.045,220.045,0.86,8.94,0.85,10.0,0.87,98.5,0.88,26.5,0.13,25.0,0.12,20.0,0.14,18.94,0.15,15.0,0.01,0.01,2360.232623,1776286119000
1776286122.493,222.493,0.85,14.94,0.84,30.0,0.86,155.5,0.87,122.3,0.13,88.15,0.12,20.5,0.15,10.0,0.16,93.0,0.01,0.02,2360.102997,1776286121000
1776286123.704,223.704,0.85,40.49,0.84,10.0,0.86,210.5,0.87,112.3,0.14,150.5,0.13,122.3,0.15,5.94,0.16,30.0,0.01,0.01,2360.077464,1776286122000
1776286124.534,224.534,0.82,123.0,0.81,40.0,0.85,48.7,0.86,281.4,0.14,245.5,0.13,112.3,0.15,30.49,0.16,10.0,0.03,0.01,2360.075355,1776286123000
1776286125.121,225.121,0.83,1.0,0.82,128.0,0.84,91.3,0.85,104.7,0.16,36.8,0.15,48.7,0.17,1.0,0.18,128.0,0.01,0.01,2360.075355,1776286123000
1776286127.005,227.005,0.83,1.0,0.82,128.0,0.84,88.26,0.85,98.7,0.16,85.3,0.15,104.7,0.17,1.0,0.18,128.0,0.01,0.01,2359.844017,1776286125000
1776286131.103,231.103,0.78,60.0,0.77,105.0,0.81,120.0,0.82,34.4,0.16,89.09,0.15,98.7,0.17,1.0,0.18,128.0,0.03,0.01,2359.76906,1776286129000
1776286133.004,233.004,0.76,28.0,0.75,72.15,0.77,25.0,0.78,10.0,0.19,120.0,0.18,34.4,0.22,60.0,0.23,105.0,0.01,0.03,2359.405225,1776286131000
1776286133.853,233.853,0.76,44.66,0.75,72.15,0.77,59.65,0.78,91.5,0.23,23.85,0.22,10.0,0.24,43.0,0.25,72.15,0.01,0.01,2359.384415,1776286132000
1776286134.091,234.091,0.76,57.1,0.75,48.0,0.77,69.65,0.78,91.5,0.23,59.65,0.22,91.5,0.24,44.66,0.25,72.15,0.01,0.01,2359.384415,1776286132000
1776286134.478,234.478,0.76,167.6,0.75,80.0,0.77,10.85,0.78,10.0,0.23,69.65,0.22,91.5,0.24,57.1,0.25,48.0,0.01,0.01,2359.38507,1776286133000
1776286135.178,235.178,0.79,20.0,0.78,102.19,0.8,55.65,0.81,170.61,0.2,42.0,0.19,107.3,0.24,187.6,0.25,130.0,0.01,0.04,2359.38419,1776286134000
1776286136.85,236.85,0.79,30.0,0.78,102.19,0.8,46.46,0.81,157.21,0.2,55.65,0.19,170.61,0.21,20.0,0.22,102.19,0.01,0.01,2359.41532,1776286135000
1776286137.209,237.209,0.79,30.0,0.78,102.19,0.8,44.56,0.81,147.21,0.2,46.46,0.19,157.21,0.21,30.0,0.22,102.19,0.01,0.01,2359.41532,1776286135000
1776286138.108,238.108,0.79,40.5,0.78,160.19,0.8,38.02,0.81,147.21,0.2,44.56,0.19,147.21,0.21,30.0,0.22,102.19,0.01,0.01,2359.520565,1776286136000
1776286138.453,238.453,0.79,27.64,0.78,160.19,0.8,38.02,0.81,147.21,0.2,38.02,0.19,147.21,0.21,40.5,0.22,160.19,0.01,0.01,2359.546826,1776286137000
1776286139.024,239.024,0.79,42.64,0.78,83.5,0.8,2.27,0.81,152.21,0.2,38.02,0.19,147.21,0.21,27.64,0.22,160.19,0.01,0.01,2359.546826,1776286137000
1776286139.649,239.649,0.79,22.64,0.78,83.5,0.8,0.67,0.81,147.21,0.2,2.27,0.19,152.21,0.21,42.64,0.22,83.5,0.01,0.01,2359.546826,1776286137000
1776286140.983,240.983,0.79,17.14,0.78,73.0,0.8,3.5,0.81,136.71,0.2,0.67,0.19,147.21,0.21,22.64,0.22,83.5,0.01,0.01,2359.537268,1776286139000
1776286141.443,241.443,0.8,33.32,0.79,12.14,0.82,5.61,0.83,6.0,0.2,3.5,0.19,136.71,0.21,17.14,0.22,73.0,0.02,0.01,2359.534484,1776286140000
1776286141.856,241.856,0.84,35.0,0.83,30.0,0.85,45.0,0.86,171.9,0.16,10.0,0.15,50.0,0.17,25.17,0.18,30.0,0.01,0.01,2359.534484,1776286140000
1776286142.238,242.238,0.83,25.0,0.82,35.0,0.84,62.85,0.85,119.73,0.15,109.73,0.14,164.9,0.16,3.75,0.17,30.0,0.01,0.01,2359.534484,1776286140000
1776286142.459,242.459,0.83,15.0,0.82,27.0,0.84,117.26,0.85,61.73,0.16,116.46,0.15,119.73,0.17,25.0,0.18,35.0,0.01,0.01,2359.534484,1776286140000
1776286143.159,243.159,0.79,10.0,0.78,25.0,0.81,181.5,0.82,28.61,0.16,118.33,0.15,61.73,0.17,15.0,0.18,32.0,0.02,0.01,2359.535694,1776286141000
1776286143.373,243.373,0.75,47.0,0.74,195.0,0.76,18.12,0.77,10.0,0.2,28.12,0.19,153.31,0.21,10.0,0.22,25.0,0.01,0.01,2359.535694,1776286141000
1776286144.969,244.969,0.75,265.89,0.74,205.0,0.76,3.02,0.86,60.0,0.24,18.12,0.23,10.0,0.25,47.0,0.26,195.0,0.01,0.01,2359.62648,1776286143000
1776286145.353,245.353,0.83,5.58,0.82,10.0,0.86,10.0,0.87,55.0,0.14,60.0,0.13,35.0,0.25,265.89,0.26,205.0,0.03,0.11,2359.530296,1776286144000
1776286145.735,245.735,0.84,1.75,0.83,10.0,0.85,10.0,0.86,10.0,0.14,10.0,0.13,45.0,0.18,9.15,0.19,60.0,0.01,0.04,2359.530296,1776286144000
1776286146.725,246.725,0.83,10.0,0.82,14.15,0.85,10.0,0.86,10.0,0.15,10.0,0.14,10.0,0.16,1.75,0.17,10.0,0.02,0.01,2359.328657,1776286145000
1776286147.68,247.68,0.83,103.9,0.82,9.15,0.85,10.0,0.86,17.21,0.15,10.0,0.14,10.0,0.17,10.0,0.18,14.15,0.02,0.02,2359.824957,1776286146000
1776286148.319,248.319,0.85,20.06,0.84,15.0,0.87,45.0,0.88,85.0,0.15,3.02,0.14,17.21,0.17,85.95,0.18,9.15,0.02,0.02,2359.7793,1776286147000
1776286148.732,248.732,0.86,94.0,0.85,25.06,0.87,0.8,0.88,85.0,0.13,45.0,0.12,85.0,0.15,20.06,0.16,15.0,0.01,0.02,2359.7793,1776286147000
1776286149.132,249.132,0.86,99.0,0.85,15.0,0.88,85.0,0.89,24.94,0.13,0.8,0.12,85.0,0.14,94.0,0.15,25.06,0.02,0.01,2359.7793,1776286147000
1776286149.653,249.653,0.87,184.43,0.86,136.0,0.88,18.41,0.89,4.94,0.12,85.0,0.11,24.94,0.14,99.0,0.15,15.0,0.01,0.02,2359.79857,1776286148000
1776286150.879,250.879,0.87,59.54,0.86,155.0,0.9,131.95,0.91,52.36,0.12,1.81,0.11,4.94,0.13,184.43,0.14,136.0,0.03,0.01,2359.829528,1776286149000
1776286151.699,251.699,0.89,38.13,0.88,10.0,0.9,97.05,0.91,52.36,0.1,131.95,0.09,52.36,0.13,59.54,0.14,155.0,0.01,0.03,2360.004474,1776286150000
1776286152.186,252.186,0.88,5.0,0.87,191.53,0.9,97.05,0.91,84.36,0.1,97.05,0.09,52.36,0.11,38.13,0.12,10.0,0.02,0.01,2360.0476,1776286151000
1776286152.86,252.86,0.87,43.54,0.86,260.89,0.88,17.0,0.89,23.0,0.12,10.0,0.11,10.0,0.13,185.53,0.14,188.1,0.01,0.01,2360.0476,1776286151000
1776286153.087,253.087,0.87,112.54,0.86,265.89,0.89,23.0,0.9,81.95,0.12,10.0,0.11,23.0,0.13,42.54,0.14,260.89,0.02,0.01,2360.0476,1776286151000
1776286154.356,254.356,0.91,30.69,0.88,154.75,0.92,129.0,0.93,160.0,0.11,23.0,0.1,81.95,0.13,112.54,0.14,265.89,0.01,0.02,2360.000958,1776286153000
1776286155.122,255.122,0.91,100.69,0.9,13.0,0.92,130.76,0.93,160.0,0.08,129.0,0.07,160.0,0.09,30.69,0.12,154.75,0.01,0.01,2359.976404,1776286154000
1776286155.325,255.325,0.91,100.69,0.9,73.0,0.92,126.82,0.93,160.0,0.08,126.82,0.07,160.0,0.09,105.69,0.1,63.0,0.01,0.01,2359.976404,1776286154000
1776286155.686,255.686,0.91,100.69,0.9,83.0,0.92,124.54,0.93,160.0,0.08,126.82,0.07,160.0,0.09,100.69,0.1,73.0,0.01,0.01,2359.976404,1776286154000
1776286156.169,256.169,0.91,84.37,0.9,73.0,0.92,128.45,0.93,160.0,0.08,124.54,0.07,160.0,0.09,89.37,0.1,83.0,0.01,0.01,2360.026915,1776286155000
1776286157.395,257.395,0.91,99.37,0.9,55.0,0.92,121.36,0.93,160.0,0.08,122.36,0.07,160.0,0.09,84.37,0.1,63.0,0.01,0.01,2360.044565,1776286156000
1776286157.986,257.986,0.91,88.25,0.9,149.83,0.92,116.36,0.93,160.0,0.08,121.36,0.07,160.0,0.09,99.37,0.1,55.0,0.01,0.01,2360.044565,1776286156000
1776286159.508,259.508,0.91,133.25,0.9,105.0,0.92,0.58,0.93,160.0,0.08,116.36,0.07,160.0,0.09,88.25,0.1,149.83,0.01,0.01,2360.039365,1776286158000
1776286159.789,259.789,0.91,122.13,0.9,105.0,0.92,10.0,0.93,172.84,0.07,158.42,0.06,120.0,0.09,128.25,0.1,105.0,0.01,0.02,2360.039365,1776286158000
1776286160.687,260.687,0.91,2.0,0.89,10.0,0.92,170.0,0.93,177.84,0.08,10.0,0.07,172.84,0.09,122.13,0.1,105.0,0.01,0.01,2360.04438,1776286159000
1776286161.136,261.136,0.84,25.0,0.83,53.0,0.85,78.24,0.86,95.71,0.09,13.0,0.08,170.0,0.11,10.0,0.12,10.0,0.01,0.02,2360.04438,1776286159000
1776286161.498,261.498,0.83,8.0,0.82,50.0,0.85,38.91,0.86,60.0,0.15,73.33,0.14,60.0,0.17,33.0,0.18,50.0,0.02,0.02,2360.0653,1776286160000
1776286162.078,262.078,0.83,12.18,0.82,35.0,0.84,41.31,0.85,100.0,0.16,25.0,0.15,10.0,0.17,8.42,0.18,25.0,0.01,0.01,2360.045215,1776286161000
1776286162.409,262.409,0.82,30.0,0.81,10.0,0.88,10.0,0.89,10.0,0.16,36.31,0.15,40.0,0.17,4.41,0.18,35.0,0.06,0.01,2360.045215,1776286161000
1776286162.844,262.844,0.85,11.0,0.84,10.0,0.86,37.21,0.87,45.0,0.12,10.0,0.11,10.0,0.18,30.0,0.19,10.0,0.01,0.06,2360.045215,1776286161000
1776286163.277,263.277,0.84,10.0,0.83,10.0,0.86,80.21,0.87,66.0,0.14,32.21,0.13,45.0,0.15,10.0,0.16,10.0,0.02,0.01,2359.486682,1776286162000
1776286163.876,263.876,0.83,9.03,0.82,75.0,0.85,25.0,0.86,20.0,0.17,21.0,0.16,15.0,0.19,1.1,0.2,140.0,0.02,0.02,2359.486682,1776286162000
1776286164.202,264.202,0.83,9.03,0.82,25.0,0.84,29.22,0.85,21.73,0.15,25.0,0.14,20.0,0.17,9.03,0.18,75.0,0.01,0.02,2359.486682,1776286162000
1776286165.243,265.243,0.83,10.59,0.82,55.0,0.84,24.22,0.85,21.73,0.16,22.91,0.15,21.73,0.17,12.01,0.18,55.0,0.01,0.01,2359.338972,1776286163000
1776286165.535,265.535,0.83,10.59,0.82,65.0,0.84,24.85,0.85,16.73,0.16,22.24,0.15,81.73,0.17,10.59,0.18,55.0,0.01,0.01,2359.411955,1776286164000
1776286165.967,265.967,0.83,10.59,0.82,65.0,0.84,14.28,0.85,16.73,0.16,13.33,0.15,16.73,0.17,10.59,0.18,65.0,0.01,0.01,2359.411955,1776286164000
1776286166.31,266.31,0.83,77.28,0.82,65.0,0.84,8.64,0.85,20.0,0.16,10.0,0.15,10.0,0.17,77.28,0.18,65.0,0.01,0.01,2359.411955,1776286164000
1776286166.67,266.67,0.83,67.28,0.82,72.0,0.84,6.64,0.85,20.0,0.16,8.64,0.15,20.0,0.17,77.28,0.18,65.0,0.01,0.01,2359.40825,1776286165000
1776286167.027,267.027,0.83,77.28,0.82,72.0,0.84,4.98,0.85,20.0,0.16,6.64,0.15,20.0,0.17,67.28,0.18,72.0,0.01,0.01,2359.40825,1776286165000
1776286167.485,267.485,0.83,87.28,0.82,72.0,0.85,20.0,0.86,20.0,0.16,4.98,0.15,20.0,0.17,77.28,0.18,72.0,0.02,0.01,2359.40234,1776286166000
1776286168.734,268.734,0.84,15.0,0.83,74.28,0.85,5.13,0.86,37.21,0.15,20.0,0.14,20.0,0.17,87.28,0.18,72.0,0.01,0.02,2359.421443,1776286167000
1776286169.318,269.318,0.85,108.0,0.84,80.0,0.87,24.26,0.88,40.0,0.15,5.13,0.14,37.21,0.16,15.0,0.17,74.28,0.02,0.01,2359.419702,1776286168000
1776286170.461,270.461,0.86,93.0,0.85,98.0,0.87,23.11,0.88,35.0,0.13,24.26,0.12,40.0,0.15,108.0,0.16,80.0,0.01,0.02,2359.40862,1776286169000
1776286171.835,271.835,0.86,53.0,0.85,38.0,0.88,2.67,0.89,10.0,0.13,23.11,0.12,35.0,0.14,93.0,0.15,98.0,0.02,0.01,2359.45879,1776286170000
1776286172.085,272.085,0.87,15.0,0.86,43.0,0.88,13.41,0.89,2.41,0.11,2.41,0.1,105.0,0.14,53.0,0.15,38.0,0.01,0.03,2359.45879,1776286170000
1776286173.519,273.519,0.88,68.74,0.87,25.0,0.9,56.82,0.91,91.0,0.12,13.41,0.11,2.41,0.13,15.0,0.14,43.0,0.02,0.01,2359.463232,1776286172000
1776286173.814,273.814,0.89,99.11,0.88,192.89,0.9,55.7,0.91,10.0,0.1,56.82,0.09,91.0,0.12,68.74,0.13,25.0,0.01,0.02,2359.463232,1776286172000
1776286174.433,274.433,0.9,213.89,0.89,99.1,0.92,30.75,0.93,158.42,0.09,10.0,0.08,35.0,0.11,87.0,0.12,66.1,0.02,0.02,2359.463232,1776286172000
1776286175.203,275.203,0.91,100.0,0.9,250.99,0.92,0.75,0.93,158.42,0.08,30.75,0.07,158.42,0.1,213.89,0.11,99.1,0.01,0.02,2359.48806,1776286174000
1776286176.399,276.399,0.91,247.99,0.9,110.1,0.93,158.42,0.94,120.0,0.08,0.75,0.07,158.42,0.09,100.0,0.1,250.99,0.02,0.01,2359.64745,1776286175000
1776286180.261,280.261,0.93,10.58,0.92,232.99,0.94,120.0,0.95,161.67,0.07,158.42,0.06,120.0,0.09,247.99,0.1,110.1,0.01,0.02,2359.673395,1776286179000
1776286181.194,281.194,0.93,239.57,0.92,71.1,0.96,226.67,0.97,166.0,0.06,116.83,0.05,161.67,0.07,36.58,0.08,81.1,0.03,0.01,2359.670105,1776286180000
1776286181.579,281.579,0.94,16.0,0.93,240.57,0.95,30.2,0.96,226.67,0.04,226.67,0.03,166.0,0.07,239.57,0.08,71.1,0.01,0.03,2359.670105,1776286180000
1776286182.567,282.567,0.94,11.0,0.93,277.57,0.95,30.2,0.96,226.67,0.05,30.2,0.04,226.67,0.06,16.0,0.07,240.57,0.01,0.01,2359.771008,1776286181000
1776286182.87,282.87,0.94,128.51,0.93,284.57,0.95,3.0,0.96,226.67,0.05,30.2,0.04,226.67,0.06,11.0,0.07,277.57,0.01,0.01,2359.771008,1776286181000
1776286183.117,283.117,0.95,7.52,0.94,357.5,0.96,176.67,0.97,166.0,0.05,3.0,0.04,226.67,0.06,128.51,0.07,284.57,0.01,0.01,2359.771008,1776286181000
1776286183.8,283.8,0.95,263.51,0.94,180.61,0.96,156.67,0.97,166.0,0.04,176.67,0.03,166.0,0.05,7.52,0.06,357.5,0.01,0.01,2359.8528,1776286182000
1776286184.888,284.888,0.95,280.51,0.94,113.1,0.96,51.42,0.97,166.0,0.04,156.67,0.03,166.0,0.05,263.51,0.06,180.61,0.01,0.01,2359.815409,1776286183000
1776286185.487,285.487,0.95,285.77,0.94,73.0,0.96,25.37,0.97,166.0,0.04,51.42,0.03,166.0,0.05,280.51,0.06,113.1,0.01,0.01,2359.81998,1776286184000
1776286186.7,286.7,0.95,294.77,0.94,73.0,0.97,117.37,0.98,420.0,0.04,25.37,0.03,166.0,0.05,285.77,0.06,73.0,0.02,0.01,2359.850545,1776286185000
1776286187.115,287.115,0.96,221.94,0.95,112.78,0.97,156.03,0.98,420.0,0.03,117.37,0.02,420.0,0.05,294.77,0.06,73.0,0.01,0.02,2359.850545,1776286185000
1776286188.708,288.708,0.96,312.94,0.95,89.78,0.97,101.8,0.98,420.0,0.03,140.56,0.02,420.0,0.04,210.94,0.05,105.78,0.01,0.01,2359.85,1776286187000
1776286188.942,288.942,0.96,312.94,0.95,89.78,0.97,86.64,0.98,420.0,0.03,91.8,0.02,420.0,0.04,312.94,0.05,89.78,0.01,0.01,2359.85,1776286187000
1776286189.25,289.25,0.96,302.94,0.95,89.78,0.97,56.11,0.98,420.0,0.03,76.32,0.02,420.0,0.04,312.94,0.05,89.78,0.01,0.01,2359.853864,1776286188000
1776286189.812,289.812,0.96,342.94,0.95,89.78,0.98,420.0,0.99,1806.12,0.03,5.07,0.02,420.0,0.04,302.94,0.05,89.78,0.02,0.01,2359.853864,1776286188000
1776286190.125,290.125,0.97,188.99,0.96,96.0,0.98,439.78,0.99,1906.12,0.02,420.0,0.01,1806.12,0.04,342.94,0.05,89.78,0.01,0.02,2359.866971,1776286189000
1776286190.798,290.798,0.97,7.0,0.96,231.89,0.98,389.78,0.99,1906.12,0.02,439.78,0.01,1906.12,0.03,188.99,0.04,96.0,0.01,0.01,2359.866971,1776286189000
1776286191.148,291.148,0.97,169.99,0.96,91.0,0.98,379.72,0.99,1955.12,0.02,384.78,0.01,1955.12,0.04,91.0,0.05,27.78,0.01,0.02,2360.127945,1776286190000
1776286191.418,291.418,0.97,193.99,0.96,91.0,0.98,374.72,0.99,1955.12,0.02,379.72,0.01,1955.12,0.03,169.99,0.04,91.0,0.01,0.01,2360.127945,1776286190000
1776286191.619,291.619,0.97,230.04,0.96,91.0,0.98,353.45,0.99,1955.12,0.02,359.45,0.01,1955.12,0.03,230.04,0.04,91.0,0.01,0.01,2360.127945,1776286190000
1776286191.869,291.869,0.97,251.04,0.96,95.0,0.98,319.32,0.99,1955.12,0.02,320.35,0.01,1955.12,0.03,251.04,0.04,91.0,0.01,0.01,2360.127945,1776286190000
1776286192.107,292.107,0.97,251.04,0.96,95.0,0.98,277.31,0.99,1955.12,0.02,278.34,0.01,1955.12,0.03,251.04,0.04,95.0,0.01,0.01,2360.127945,1776286190000
1776286192.436,292.436,0.97,256.04,0.96,95.0,0.98,236.59,0.99,1955.12,0.02,241.59,0.01,1955.12,0.03,251.04,0.04,95.0,0.01,0.01,2360.0478,1776286191000
1776286192.769,292.769,0.97,256.04,0.96,95.0,0.98,231.54,0.99,1955.12,0.02,236.59,0.01,1955.12,0.03,256.04,0.04,95.0,0.01,0.01,2360.0478,1776286191000
1776286193.124,293.124,0.97,256.04,0.96,95.0,0.98,202.96,0.99,1965.11,0.02,231.54,0.01,1955.12,0.03,256.04,0.04,95.0,0.01,0.01,2360.0478,1776286191000
1776286193.623,293.623,0.97,284.04,0.96,77.0,0.98,50.96,0.99,1965.11,0.02,202.96,0.01,1965.11,0.03,256.04,0.04,95.0,0.01,0.01,2359.933465,1776286192000
1776286193.824,293.824,0.97,284.04,0.96,77.0,0.98,4.5,0.99,1956.0,0.01,1956.0,,,0.03,284.04,0.04,77.0,0.01,0.02,2359.933465,1776286192000
1776286194.309,294.309,0.97,329.04,0.96,56.0,0.99,1795.45,,,0.02,4.5,0.01,1956.0,0.03,284.04,0.04,77.0,0.02,0.01,2359.933465,1776286192000
1776286194.571,294.571,0.98,206.99,0.97,122.04,0.99,1839.45,,,0.01,1851.45,,,0.02,206.99,0.03,122.04,0.01,0.01,2359.933465,1776286192000
1776286194.919,294.919,0.98,230.99,0.97,122.04,0.99,1691.19,,,0.01,1701.24,,,0.02,230.99,0.03,122.04,0.01,0.01,2359.942735,1776286193000
1776286195.301,295.301,0.98,258.99,0.97,102.05,0.99,1790.16,,,0.01,1691.19,,,0.02,230.99,0.03,122.04,0.01,0.01,2359.9232,1776286194000
1776286195.885,295.885,0.98,258.99,0.97,102.05,0.99,1745.06,,,0.01,1708.11,,,0.02,258.99,0.03,102.05,0.01,0.01,2359.9232,1776286194000
1776286196.384,296.384,0.98,473.93,0.97,88.05,0.99,1649.95,,,0.01,1660.0,,,0.02,258.99,0.03,102.05,0.01,0.01,2359.9232,1776286195000
1776286196.642,296.642,0.98,473.93,0.97,88.05,0.99,1520.72,,,0.01,1530.82,,,0.02,473.93,0.03,88.05,0.01,0.01,2359.9232,1776286195000
1776286196.888,296.888,0.98,512.99,0.97,75.05,0.99,1005.09,,,0.01,1020.09,,,0.02,512.99,0.03,88.05,0.01,0.01,2359.9232,1776286195000
1776286197.09,297.09,0.98,512.99,0.97,75.05,0.99,648.09,,,0.01,748.09,,,0.02,512.99,0.03,75.05,0.01,0.01,2359.9232,1776286195000
1776286197.36,297.36,0.98,512.99,0.97,63.05,0.99,329.22,,,0.01,336.09,,,0.02,512.99,0.03,75.05,0.01,0.01,2359.9232,1776286195000

# RESULT,winner=Up,slug=eth-updown-5m-1776285900,ticks=309
