timestamp,elapsed_sec,up_bid_p1,up_bid_s1,up_bid_p2,up_bid_s2,up_ask_p1,up_ask_s1,up_ask_p2,up_ask_s2,down_bid_p1,down_bid_s1,down_bid_p2,down_bid_s2,down_ask_p1,down_ask_s1,down_ask_p2,down_ask_s2,up_spread,down_spread,eth_price,eth_oracle_ts
1776404700.763,0.763,0.52,11.24,0.51,10.0,0.53,4.42,0.56,70.0,0.47,5.0,0.44,70.0,0.48,11.24,0.49,10.0,0.01,0.01,2321.834668,1776404699000
1776404701.001,1.001,0.52,9.15,0.51,10.0,0.56,70.0,0.57,70.0,0.47,4.42,0.44,70.0,0.48,11.24,0.49,10.0,0.04,0.01,2321.834668,1776404699000
1776404701.338,1.338,0.52,2.06,0.51,10.0,0.53,5.0,0.54,140.0,0.44,70.0,0.43,70.0,0.48,7.06,0.49,10.0,0.01,0.04,2321.834668,1776404699000
1776404701.995,1.995,0.52,7.52,0.51,7.06,0.53,117.0,0.54,153.0,0.47,5.0,0.46,140.0,0.49,7.06,0.5,5.0,0.01,0.02,2321.7534,1776404700000
1776404702.331,2.331,0.45,19.88,0.44,13.0,0.53,122.0,0.54,153.0,0.47,112.0,0.46,153.0,0.48,3.34,0.49,7.06,0.08,0.01,2321.7534,1776404700000
1776404702.776,2.776,0.45,18.06,0.44,18.0,0.46,5.0,0.51,14.0,0.47,122.0,0.46,153.0,0.55,19.88,0.56,13.0,0.01,0.08,2321.722005,1776404701000
1776404704.141,4.141,0.45,18.06,0.44,28.0,0.49,8.47,0.5,10.0,0.54,5.0,0.49,14.0,0.55,18.06,0.56,18.0,0.04,0.01,2321.593161,1776404702000
1776404705.151,5.151,0.46,10.87,0.45,17.06,0.47,4.36,0.48,15.0,0.51,8.47,0.5,10.0,0.55,18.06,0.56,28.0,0.01,0.04,2321.526657,1776404703000
1776404705.413,5.413,0.46,10.87,0.45,7.06,0.47,16.14,0.48,85.0,0.53,4.36,0.52,15.0,0.54,10.87,0.55,17.06,0.01,0.01,2321.481368,1776404704000
1776404706.424,6.424,0.46,8.64,0.45,7.06,0.47,16.14,0.48,225.0,0.53,16.14,0.52,85.0,0.54,10.87,0.55,7.06,0.01,0.01,2321.481368,1776404705000
1776404707.333,7.333,0.46,18.64,0.45,17.06,0.48,78.0,0.49,15.0,0.53,16.14,0.52,225.0,0.54,3.64,0.55,7.06,0.02,0.01,2321.393691,1776404706000
1776404707.977,7.977,0.46,3.64,0.45,7.06,0.47,13.3,0.48,148.0,0.53,7.87,0.52,78.0,0.54,18.64,0.55,17.06,0.01,0.01,2321.393691,1776404706000
1776404708.509,8.509,0.45,7.06,0.43,7.0,0.46,19.95,0.47,7.87,0.53,13.3,0.52,148.0,0.55,7.06,0.57,7.0,0.01,0.02,2321.326853,1776404707000
1776404708.76,8.76,0.45,27.06,0.43,7.0,0.46,13.95,0.47,7.87,0.54,19.95,0.53,7.87,0.55,7.06,0.57,7.0,0.01,0.01,2321.326853,1776404707000
1776404709.771,9.771,0.45,22.06,0.43,7.0,0.46,13.95,0.47,18.92,0.54,13.95,0.53,7.87,0.55,27.06,0.57,7.0,0.01,0.01,2321.286023,1776404708000
1776404710.26,10.26,0.45,71.06,0.44,26.42,0.48,67.37,0.49,93.0,0.53,3.42,0.52,164.0,0.55,27.06,0.57,7.0,0.03,0.02,2321.28131,1776404709000
1776404710.524,10.524,0.46,51.6,0.45,32.06,0.47,15.0,0.48,67.37,0.52,67.37,0.51,93.0,0.55,71.06,0.56,26.42,0.01,0.03,2321.28131,1776404709000
1776404710.872,10.872,0.47,31.0,0.46,27.68,0.48,49.96,0.49,83.0,0.52,47.05,0.51,93.0,0.54,32.68,0.55,32.06,0.01,0.02,2321.28131,1776404709000
1776404711.088,11.088,0.47,10.0,0.46,27.68,0.48,20.87,0.49,70.0,0.52,47.87,0.51,83.0,0.53,21.0,0.54,27.68,0.01,0.01,2321.28131,1776404709000
1776404711.597,11.597,0.47,30.0,0.46,110.68,0.49,2.95,0.5,12.0,0.52,2.54,0.51,75.0,0.53,15.0,0.54,27.68,0.02,0.01,2321.310844,1776404710000
1776404712.633,12.633,0.51,33.34,0.5,10.0,0.52,27.0,0.53,22.0,0.5,12.0,0.49,62.0,0.52,93.65,0.53,35.0,0.01,0.02,2321.335198,1776404711000
1776404713.224,13.224,0.51,27.72,0.5,10.0,0.52,37.0,0.53,32.0,0.48,27.0,0.47,22.0,0.49,33.34,0.5,10.0,0.01,0.01,2321.335198,1776404711000
1776404715.081,15.081,0.53,39.08,0.52,50.0,0.55,23.0,0.56,32.0,0.48,37.0,0.47,32.0,0.49,27.72,0.5,10.0,0.02,0.01,2321.57285,1776404714000
1776404715.63,15.63,0.54,19.08,0.53,15.0,0.55,25.0,0.56,32.0,0.45,23.0,0.44,32.0,0.47,39.08,0.48,50.0,0.01,0.02,2321.57285,1776404714000
1776404718.211,18.211,0.54,20.08,0.52,5.0,0.55,43.0,0.56,27.0,0.45,22.0,0.44,32.0,0.46,14.08,0.47,15.0,0.01,0.01,2321.678914,1776404717000
1776404718.418,18.418,0.54,20.08,0.52,5.0,0.55,33.0,0.56,27.0,0.45,43.0,0.44,27.0,0.46,20.08,0.48,5.0,0.01,0.01,2321.678914,1776404717000
1776404721.344,21.344,0.54,11.0,0.52,10.0,0.55,76.91,0.56,27.0,0.45,33.0,0.44,27.0,0.46,20.08,0.48,5.0,0.01,0.01,2321.7074,1776404720000
1776404723.359,23.359,0.54,20.83,0.52,10.0,0.55,71.91,0.56,27.0,0.45,76.91,0.44,27.0,0.46,11.0,0.48,10.0,0.01,0.01,2321.647462,1776404722000
1776404725.671,25.671,0.54,15.83,0.52,10.0,0.55,54.91,0.56,27.0,0.45,71.91,0.44,27.0,0.46,20.83,0.48,10.0,0.01,0.01,2321.637439,1776404724000
1776404728.844,28.844,0.54,10.83,0.49,25.0,0.55,97.91,0.56,72.0,0.45,54.91,0.44,27.0,0.46,15.83,0.48,10.0,0.01,0.01,2321.7224,1776404727000
1776404729.225,29.225,0.52,36.47,0.51,20.0,0.53,5.0,0.54,10.0,0.48,29.0,0.47,19.0,0.5,2.58,0.51,10.0,0.01,0.02,2321.7224,1776404727000
1776404729.548,29.548,0.52,12.27,0.51,15.0,0.53,7.0,0.54,5.0,0.47,5.0,0.46,10.0,0.48,36.47,0.49,20.0,0.01,0.01,2321.7224,1776404728000
1776404733.476,33.476,0.56,27.0,0.55,15.0,0.58,0.17,0.59,5.0,0.47,7.0,0.46,5.0,0.48,12.27,0.49,15.0,0.02,0.01,2321.766874,1776404732000
1776404733.897,33.897,0.56,20.0,0.55,15.0,0.58,17.17,0.59,15.0,0.42,0.17,0.41,5.0,0.44,27.0,0.45,15.0,0.02,0.02,2321.766874,1776404732000
1776404734.375,34.375,0.56,22.72,0.55,15.0,0.57,5.0,0.58,0.17,0.42,17.17,0.41,15.0,0.44,20.0,0.45,15.0,0.01,0.02,2321.8015,1776404733000
1776404738.341,38.341,0.53,119.99,0.52,97.0,0.55,34.0,0.56,15.0,0.43,5.0,0.42,0.17,0.44,22.72,0.45,15.0,0.02,0.01,2321.829545,1776404736000
1776404738.686,38.686,0.53,109.57,0.52,92.0,0.54,26.37,0.55,28.0,0.45,34.0,0.44,15.0,0.47,119.99,0.48,97.0,0.01,0.02,2321.852724,1776404737000
1776404739.033,39.033,0.53,107.44,0.52,92.0,0.54,73.18,0.55,28.0,0.46,47.37,0.45,28.0,0.47,77.87,0.48,121.57,0.01,0.01,2321.852724,1776404737000
1776404740.325,40.325,0.53,114.22,0.52,97.0,0.54,32.28,0.55,28.0,0.46,73.18,0.45,28.0,0.47,107.44,0.48,92.0,0.01,0.01,2321.846646,1776404739000
1776404743.015,43.015,0.53,190.22,0.52,116.0,0.6,5.0,0.61,5.0,0.46,32.28,0.45,28.0,0.47,114.22,0.48,97.0,0.07,0.01,2321.763371,1776404742000
1776404747.244,47.244,0.59,15.0,0.58,15.0,0.6,50.5,0.61,5.0,0.4,5.0,0.39,5.0,0.47,190.22,0.48,116.0,0.01,0.07,2322.002679,1776404746000
1776404748.151,48.151,0.62,55.0,0.61,26.0,0.63,16.0,0.65,10.0,0.4,50.5,0.39,5.0,0.41,15.0,0.42,15.0,0.01,0.01,2322.090771,1776404747000
1776404748.837,48.837,0.62,50.0,0.61,31.0,0.64,10.0,0.65,5.0,0.37,16.0,0.35,10.0,0.38,55.0,0.39,26.0,0.02,0.01,2322.090771,1776404747000
1776404749.411,49.411,0.64,16.44,0.63,15.0,0.65,21.0,0.66,5.0,0.35,34.0,0.34,5.0,0.36,12.44,0.37,15.0,0.01,0.01,2322.111202,1776404748000
1776404750.15,50.15,0.64,9.44,0.63,15.0,0.65,17.92,0.66,35.87,0.35,21.0,0.34,5.0,0.36,16.44,0.37,15.0,0.01,0.01,2322.174142,1776404749000
1776404757.289,57.289,0.62,21.0,0.61,15.0,0.64,27.0,0.65,26.0,0.35,17.92,0.34,35.87,0.36,9.44,0.37,15.0,0.02,0.01,2322.307485,1776404756000
1776404757.564,57.564,0.62,32.0,0.61,15.0,0.63,20.0,0.64,41.0,0.37,20.0,0.36,57.0,0.38,22.0,0.39,15.0,0.01,0.01,2322.307485,1776404756000
1776404757.967,57.967,0.62,29.36,0.61,15.0,0.63,44.0,0.64,46.0,0.37,20.0,0.36,41.0,0.38,32.0,0.39,15.0,0.01,0.01,2322.307485,1776404756000
1776404760.51,60.51,0.62,29.36,0.61,15.0,0.63,74.91,0.64,31.0,0.37,44.0,0.36,46.0,0.38,29.36,0.39,15.0,0.01,0.01,2322.106804,1776404759000
1776404761.118,61.118,0.62,29.36,0.61,15.0,0.63,74.91,0.64,31.0,0.37,74.91,0.36,31.0,0.38,29.36,0.39,15.0,0.01,0.01,2322.106804,1776404759000
1776404762.847,62.847,0.62,24.36,0.61,15.0,0.63,64.91,0.64,31.0,0.37,69.91,0.36,31.0,0.38,29.36,0.39,15.0,0.01,0.01,2322.126405,1776404761000
1776404765.093,65.093,0.62,24.36,0.61,15.0,0.63,42.0,0.64,26.0,0.37,64.91,0.36,31.0,0.38,24.36,0.39,15.0,0.01,0.01,2322.111557,1776404763000
1776404767.211,67.211,0.62,19.36,0.61,15.0,0.63,63.32,0.64,31.0,0.37,42.0,0.36,26.0,0.38,24.36,0.39,15.0,0.01,0.01,2322.244437,1776404765000
1776404770.116,70.116,0.62,38.0,0.61,15.0,0.63,41.79,0.64,31.0,0.37,58.79,0.36,31.0,0.38,19.36,0.39,15.0,0.01,0.01,2322.142805,1776404768000
1776404775.808,75.808,0.63,5.0,0.62,265.08,0.72,14.0,0.73,10.0,0.37,41.79,0.36,31.0,0.38,38.0,0.39,15.0,0.09,0.01,2322.239664,1776404774000
1776404776.135,76.135,0.68,7.35,0.66,5.0,0.72,4.9,0.73,5.0,0.28,14.0,0.27,10.0,0.37,5.0,0.38,265.08,0.04,0.09,2322.239664,1776404774000
1776404776.553,76.553,0.7,46.66,0.69,15.0,0.71,25.91,0.73,20.0,0.26,88.6,0.25,19.2,0.32,7.35,0.34,5.0,0.01,0.06,2322.198123,1776404775000
1776404776.753,76.753,0.7,74.66,0.69,26.0,0.71,0.91,0.72,5.0,0.29,0.91,0.28,5.0,0.3,74.66,0.31,26.0,0.01,0.01,2322.198123,1776404775000
1776404777.027,77.027,0.7,102.66,0.69,26.0,0.74,169.06,0.75,34.2,0.29,0.91,0.28,5.0,0.3,74.66,0.31,26.0,0.04,0.01,2322.198123,1776404775000
1776404777.247,77.247,0.72,20.67,0.71,15.0,0.73,30.0,0.74,169.06,0.26,169.06,0.25,34.2,0.3,102.66,0.31,26.0,0.01,0.04,2322.198123,1776404775000
1776404778.181,78.181,0.72,60.67,0.71,20.0,0.73,37.0,0.74,169.06,0.27,37.0,0.26,169.06,0.28,61.67,0.29,15.0,0.01,0.01,2322.259564,1776404776000
1776404780.228,80.228,0.64,5.0,0.63,10.0,0.71,35.0,0.72,77.0,0.28,40.0,0.27,10.0,0.29,77.4,0.3,21.66,0.07,0.01,2322.504709,1776404778000
1776404780.68,80.68,0.63,10.0,0.62,79.51,0.64,63.0,0.65,30.0,0.35,61.0,0.34,20.0,0.36,4.9,0.37,10.0,0.01,0.01,2322.539781,1776404779000
1776404783.516,83.516,0.63,126.0,0.62,79.51,0.64,10.77,0.65,10.0,0.36,63.0,0.35,30.0,0.37,10.0,0.38,79.51,0.01,0.01,2322.518798,1776404781000
1776404785.972,85.972,0.63,86.57,0.62,149.51,0.64,10.77,0.65,10.0,0.36,10.77,0.35,10.0,0.37,126.0,0.38,79.51,0.01,0.01,2322.26928,1776404784000
1776404792.056,92.056,0.75,83.0,0.73,15.0,0.76,84.7,0.77,100.3,0.36,10.77,0.35,10.0,0.37,86.57,0.38,149.51,0.01,0.01,2322.557523,1776404791000
1776404792.581,92.581,0.75,77.0,0.74,5.0,0.76,89.7,0.77,100.3,0.24,84.7,0.23,100.3,0.25,83.0,0.27,15.0,0.01,0.01,2322.557523,1776404791000
1776404793.027,93.027,0.75,40.0,0.74,5.0,0.76,94.7,0.77,100.3,0.24,89.7,0.23,100.3,0.25,77.0,0.26,5.0,0.01,0.01,2322.609888,1776404792000
1776404793.605,93.605,0.75,36.0,0.74,5.0,0.76,107.7,0.77,100.3,0.24,94.7,0.23,100.3,0.25,40.0,0.26,5.0,0.01,0.01,2322.609888,1776404792000
1776404794.621,94.621,0.75,36.0,0.74,5.0,0.76,100.91,0.77,100.3,0.24,107.7,0.23,100.3,0.25,36.0,0.26,5.0,0.01,0.01,2322.588278,1776404793000
1776404795.682,95.682,0.64,0.38,0.63,8.0,0.65,33.0,0.66,27.8,0.24,100.91,0.23,100.3,0.25,36.0,0.26,5.0,0.01,0.01,2322.7121,1776404794000
1776404796.027,96.027,0.55,5.0,0.54,5.0,0.58,80.0,0.59,80.0,0.42,10.0,0.41,80.0,0.43,4.9,0.45,10.0,0.03,0.01,2322.7121,1776404794000
1776404796.248,96.248,0.52,34.57,0.51,18.0,0.53,31.11,0.54,15.0,0.44,15.0,0.43,98.0,0.48,37.38,0.49,18.0,0.01,0.04,2322.562975,1776404795000
1776404797.083,97.083,0.52,51.99,0.51,13.0,0.53,48.19,0.54,15.0,0.47,31.11,0.46,15.0,0.48,34.57,0.49,18.0,0.01,0.01,2322.562975,1776404795000
1776404798.006,98.006,0.52,22.0,0.51,57.57,0.53,40.32,0.54,15.0,0.47,72.32,0.46,15.0,0.48,10.0,0.49,47.57,0.01,0.01,2322.496276,1776404796000
1776404799.2,99.2,0.48,47.57,0.47,98.0,0.53,52.32,0.54,20.0,0.47,40.32,0.46,15.0,0.48,22.0,0.49,57.57,0.05,0.01,2322.073615,1776404797000
1776404799.462,99.462,0.47,91.55,0.46,232.0,0.49,16.0,0.5,52.0,0.5,52.0,0.49,15.0,0.53,97.55,0.54,220.0,0.02,0.03,2321.847749,1776404798000
1776404800.397,100.397,0.47,91.55,0.46,334.99,0.48,11.97,0.49,6.0,0.51,16.0,0.5,52.0,0.53,91.55,0.54,232.0,0.01,0.02,2321.848729,1776404799000
1776404802.228,102.228,0.47,27.74,0.46,205.0,0.48,17.97,0.49,21.0,0.52,11.97,0.51,6.0,0.53,91.55,0.54,334.99,0.01,0.01,2321.717042,1776404801000
1776404802.485,102.485,0.47,7.04,0.46,205.0,0.48,22.97,0.49,21.0,0.52,22.97,0.51,21.0,0.53,12.04,0.54,205.0,0.01,0.01,2321.717042,1776404801000
1776404803.356,103.356,0.46,186.0,0.45,2.06,0.47,99.14,0.48,37.97,0.52,22.97,0.51,21.0,0.53,7.04,0.54,205.0,0.01,0.01,2321.598625,1776404802000
1776404804.371,104.371,0.43,53.86,0.38,9.0,0.46,103.79,0.47,125.0,0.53,79.94,0.52,37.97,0.54,179.19,0.55,2.06,0.03,0.01,2321.57703,1776404803000
1776404806.503,106.503,0.38,43.16,0.37,14.0,0.39,80.85,0.4,55.0,0.6,69.79,0.59,15.0,0.61,9.46,0.62,14.0,0.01,0.01,2321.603731,1776404804000
1776404809.023,109.023,0.37,1.52,0.36,19.0,0.39,75.85,0.4,55.0,0.61,80.85,0.6,55.0,0.62,43.16,0.63,14.0,0.02,0.01,2321.182707,1776404808000
1776404810.903,110.903,0.36,35.0,0.35,19.0,0.37,0.48,0.38,15.0,0.61,75.85,0.6,55.0,0.63,1.52,0.64,19.0,0.01,0.02,2321.202593,1776404809000
1776404811.941,111.941,0.36,47.0,0.35,19.0,0.38,12.83,0.39,25.0,0.63,0.48,0.62,15.0,0.64,35.0,0.65,19.0,0.02,0.01,2321.1783,1776404810000
1776404812.34,112.34,0.37,34.9,0.36,24.0,0.38,23.83,0.39,25.0,0.62,12.83,0.61,25.0,0.64,47.0,0.65,19.0,0.01,0.02,2321.1783,1776404810000
1776404813.03,113.03,0.37,27.9,0.36,19.0,0.38,28.83,0.39,25.0,0.62,23.83,0.61,25.0,0.63,34.9,0.64,24.0,0.01,0.01,2321.225978,1776404811000
1776404815.833,115.833,0.37,44.9,0.36,349.0,0.39,20.0,0.4,10.0,0.62,28.83,0.61,25.0,0.63,27.9,0.64,19.0,0.02,0.01,2321.18686,1776404814000
1776404816.356,116.356,0.38,23.38,0.37,27.9,0.39,20.0,0.4,10.0,0.61,15.0,0.6,10.0,0.62,13.0,0.63,37.9,0.01,0.01,2321.18686,1776404814000
1776404818.099,118.099,0.36,9.0,0.35,19.0,0.37,20.0,0.38,64.94,0.61,20.0,0.6,10.0,0.63,27.73,0.64,335.0,0.01,0.02,2321.187765,1776404816000
1776404818.828,118.828,0.35,19.0,0.34,19.0,0.36,84.16,0.37,50.0,0.63,54.94,0.62,50.0,0.65,13.0,0.66,5.0,0.01,0.02,2321.189245,1776404817000
1776404821.013,121.013,0.35,19.4,0.34,53.09,0.36,37.16,0.37,15.0,0.64,84.16,0.63,50.0,0.65,19.0,0.66,19.0,0.01,0.01,2321.14989,1776404819000
1776404821.549,121.549,0.35,12.86,0.34,19.0,0.36,17.22,0.37,15.0,0.64,37.16,0.63,15.0,0.65,19.4,0.66,53.09,0.01,0.01,2321.14989,1776404819000
1776404825.57,125.57,0.34,24.0,0.33,31.0,0.35,17.14,0.36,30.03,0.64,17.22,0.63,15.0,0.65,12.86,0.66,19.0,0.01,0.01,2321.140329,1776404824000
1776404826.551,126.551,0.34,8.0,0.33,26.0,0.35,84.08,0.36,30.03,0.65,17.14,0.64,30.03,0.66,24.0,0.67,31.0,0.01,0.01,2321.24155,1776404825000
1776404827.112,127.112,0.33,16.0,0.32,26.0,0.34,86.94,0.35,52.14,0.65,89.08,0.64,30.03,0.67,26.0,0.69,125.0,0.01,0.02,2321.24155,1776404825000
1776404828.378,128.378,0.33,44.0,0.32,41.0,0.34,19.94,0.35,12.14,0.66,86.94,0.65,52.14,0.67,16.0,0.68,26.0,0.01,0.01,2321.141655,1776404827000
1776404828.654,128.654,0.34,169.0,0.33,53.0,0.35,10.0,0.36,22.81,0.66,19.94,0.65,12.14,0.67,44.0,0.68,41.0,0.01,0.01,2321.141655,1776404827000
1776404829.241,129.241,0.35,369.0,0.34,120.0,0.45,5.0,0.46,15.0,0.64,17.81,0.63,15.0,0.65,5.0,0.66,179.0,0.1,0.01,2321.141655,1776404827000
1776404829.499,129.499,0.42,5.0,0.4,10.0,0.43,29.84,0.44,10.0,0.57,15.0,0.56,15.0,0.58,58.58,0.6,120.0,0.01,0.01,2321.130348,1776404828000
1776404829.87,129.87,0.34,6.0,0.33,20.0,0.37,106.04,0.38,20.0,0.57,29.84,0.56,10.0,0.58,5.0,0.6,10.0,0.03,0.01,2321.130348,1776404828000
1776404830.857,130.857,0.34,10.54,0.33,10.0,0.35,54.64,0.36,25.0,0.63,106.04,0.62,20.0,0.66,6.0,0.67,20.0,0.01,0.03,2321.130348,1776404829000
1776404836.39,136.39,0.38,86.54,0.37,43.0,0.41,5.0,0.42,15.0,0.65,34.84,0.64,25.0,0.66,15.54,0.67,10.0,0.03,0.01,2321.098293,1776404834000
1776404836.705,136.705,0.4,64.54,0.39,85.0,0.42,15.0,0.43,15.0,0.59,5.0,0.58,15.0,0.62,86.54,0.63,43.0,0.02,0.03,2321.084048,1776404835000
1776404837.949,137.949,0.41,29.54,0.4,27.0,0.42,3.64,0.43,10.0,0.58,15.0,0.57,15.0,0.6,64.54,0.61,85.0,0.01,0.02,2321.163204,1776404836000
1776404840.173,140.173,0.41,5.54,0.38,11.52,0.42,13.64,0.43,10.0,0.58,3.64,0.57,10.0,0.59,29.54,0.6,27.0,0.01,0.01,2321.355228,1776404838000
1776404842.474,142.474,0.45,19.0,0.44,10.0,0.46,12.82,0.47,20.0,0.58,18.64,0.57,10.0,0.62,16.52,0.63,26.4,0.01,0.04,2321.388248,1776404841000
1776404842.905,142.905,0.45,13.6,0.44,15.0,0.46,12.82,0.47,20.0,0.54,12.82,0.53,20.0,0.55,19.0,0.56,10.0,0.01,0.01,2321.388248,1776404841000
1776404843.849,143.849,0.45,11.78,0.44,15.0,0.46,12.82,0.47,20.0,0.54,12.82,0.53,20.0,0.55,13.6,0.56,15.0,0.01,0.01,2321.360876,1776404842000
1776404844.989,144.989,0.44,1.5,0.42,75.0,0.45,20.0,0.46,10.0,0.54,12.82,0.53,20.0,0.55,11.78,0.56,15.0,0.01,0.01,2321.416361,1776404843000
1776404849.826,149.826,0.46,118.0,0.45,90.0,0.48,9.62,0.52,5.0,0.55,20.0,0.54,10.0,0.56,1.5,0.58,75.0,0.02,0.01,2321.4831,1776404848000
1776404850.153,150.153,0.54,21.0,0.53,21.0,0.55,11.26,0.56,5.0,0.45,14.9,0.44,5.0,0.46,10.0,0.47,10.0,0.01,0.01,2321.398593,1776404849000
1776404852.597,152.597,0.6,20.36,0.59,39.0,0.61,0.28,0.62,15.0,0.45,0.58,0.44,5.0,0.46,45.2,0.47,21.0,0.01,0.01,2321.657795,1776404851000
1776404852.798,152.798,0.6,100.36,0.59,6.0,0.61,7.28,0.62,15.0,0.39,0.28,0.38,15.0,0.4,20.36,0.41,39.0,0.01,0.01,2321.657795,1776404851000
1776404853.003,153.003,0.6,42.86,0.59,6.0,0.61,7.28,0.62,15.0,0.39,7.28,0.38,15.0,0.4,100.36,0.41,6.0,0.01,0.01,2321.657795,1776404851000
1776404853.327,153.327,0.6,9.36,0.57,5.0,0.61,7.28,0.62,85.0,0.39,7.28,0.38,15.0,0.4,42.86,0.41,6.0,0.01,0.01,2321.710515,1776404852000
1776404853.943,153.943,0.58,5.0,0.57,5.0,0.61,27.28,0.62,155.0,0.39,7.28,0.38,85.0,0.4,9.36,0.43,5.0,0.03,0.01,2321.710515,1776404852000
1776404855.174,155.174,0.58,108.0,0.57,15.0,0.6,15.0,0.61,82.28,0.39,27.28,0.38,155.0,0.42,5.0,0.43,5.0,0.02,0.03,2321.839203,1776404854000
1776404856.844,156.844,0.58,55.61,0.57,15.0,0.59,25.0,0.6,15.0,0.4,15.0,0.39,82.28,0.42,108.0,0.43,15.0,0.01,0.02,2321.95159,1776404855000
1776404857.516,157.516,0.58,65.61,0.57,5.0,0.59,19.71,0.6,15.0,0.41,25.0,0.4,15.0,0.42,55.61,0.43,15.0,0.01,0.01,2321.843533,1776404856000
1776404869.69,169.69,0.6,169.0,0.59,53.0,0.61,61.0,0.62,75.0,0.41,19.71,0.4,15.0,0.42,65.61,0.43,5.0,0.01,0.01,2321.906654,1776404868000
1776404871.485,171.485,0.66,38.0,0.65,20.0,0.67,80.0,0.68,5.0,0.39,61.0,0.38,75.0,0.4,169.0,0.41,53.0,0.01,0.01,2321.866659,1776404870000
1776404872.424,172.424,0.66,80.11,0.65,26.0,0.68,5.0,0.69,5.13,0.33,80.0,0.32,5.0,0.34,38.0,0.35,20.0,0.02,0.01,2321.904676,1776404871000
1776404872.645,172.645,0.67,20.0,0.66,47.11,0.69,25.08,0.7,70.0,0.32,5.0,0.31,5.13,0.34,80.11,0.35,26.0,0.02,0.02,2321.904676,1776404871000
1776404873.203,173.203,0.67,119.0,0.66,15.0,0.68,5.96,0.69,5.0,0.31,25.08,0.3,70.0,0.33,20.0,0.34,47.11,0.01,0.02,2321.904676,1776404871000
1776404873.999,173.999,0.68,91.0,0.67,17.0,0.7,7.34,0.71,85.0,0.32,5.96,0.31,5.0,0.33,119.0,0.34,15.0,0.02,0.01,2322.052158,1776404872000
1776404875.8,175.8,0.69,56.0,0.68,10.0,0.7,9.2,0.71,85.0,0.3,7.34,0.29,85.0,0.32,91.0,0.33,17.0,0.01,0.02,2322.10396,1776404874000
1776404880.304,180.304,0.7,75.0,0.69,10.0,0.71,99.84,0.72,10.0,0.29,80.0,0.28,15.0,0.31,51.0,0.32,15.0,0.01,0.02,2322.214801,1776404879000
1776404882.276,182.276,0.75,20.0,0.74,6.75,0.79,21.6,0.8,22.5,0.29,99.84,0.28,10.0,0.3,75.0,0.31,10.0,0.04,0.01,2322.210614,1776404881000
1776404883.047,183.047,0.75,42.79,0.71,22.0,0.76,20.83,0.78,80.0,0.21,21.6,0.2,22.5,0.25,20.0,0.26,6.75,0.01,0.04,2322.210614,1776404881000
1776404883.288,183.288,0.75,100.79,0.72,10.0,0.78,70.0,0.79,21.6,0.22,110.88,0.21,46.6,0.25,65.79,0.29,12.0,0.03,0.03,2322.210614,1776404881000
1776404885.087,185.087,0.77,114.79,0.76,22.0,0.78,16.44,0.8,22.5,0.22,67.73,0.21,21.6,0.25,100.79,0.28,10.0,0.01,0.03,2322.290872,1776404883000
1776404886.2,186.2,0.77,84.79,0.76,22.0,0.78,4.44,0.81,28.4,0.22,16.44,0.2,22.5,0.23,114.79,0.24,22.0,0.01,0.01,2322.294567,1776404884000
1776404886.544,186.544,0.77,58.28,0.76,22.0,0.78,13.64,0.81,33.4,0.22,4.44,0.19,28.4,0.23,68.28,0.24,22.0,0.01,0.01,2322.378582,1776404885000
1776404887.42,187.42,0.77,72.28,0.76,22.0,0.78,8.38,0.8,15.0,0.22,13.64,0.19,33.4,0.23,58.28,0.24,22.0,0.01,0.01,2322.411468,1776404886000
1776404889.745,189.745,0.77,65.88,0.76,16.0,0.78,8.38,0.8,5.0,0.22,8.38,0.2,15.0,0.23,61.28,0.24,22.0,0.01,0.01,2322.463734,1776404888000
1776404898.494,198.494,0.71,10.0,0.7,26.52,0.77,17.0,0.78,18.38,0.22,8.38,0.2,5.0,0.23,65.88,0.24,16.0,0.06,0.01,2322.57,1776404897000
1776404898.956,198.956,0.72,6.0,0.71,10.0,0.79,9.78,0.8,38.5,0.23,17.0,0.22,18.38,0.29,10.0,0.3,26.52,0.07,0.06,2322.57,1776404897000
1776404900.431,200.431,0.74,4.0,0.73,10.0,0.75,23.39,0.76,5.0,0.21,9.78,0.2,38.5,0.28,6.0,0.29,10.0,0.01,0.07,2322.525806,1776404898000
1776404906.504,206.504,0.7,8.8,0.69,10.0,0.72,34.39,0.73,16.0,0.25,23.39,0.24,5.0,0.26,4.0,0.27,10.0,0.02,0.01,2322.281529,1776404904000
1776404906.904,206.904,0.69,7.48,0.68,21.0,0.7,28.39,0.71,30.0,0.28,34.39,0.27,16.0,0.3,8.8,0.31,10.0,0.01,0.02,2322.299961,1776404905000
1776404907.511,207.511,0.75,98.0,0.74,15.0,0.76,19.7,0.77,20.3,0.3,28.39,0.29,30.0,0.31,7.48,0.32,21.0,0.01,0.01,2322.299961,1776404905000
1776404909.724,209.724,0.76,49.0,0.75,10.0,0.77,80.23,0.78,31.0,0.23,20.3,0.22,21.0,0.25,104.0,0.26,15.0,0.01,0.02,2322.265165,1776404907000
1776404910.062,210.062,0.75,10.0,0.74,10.0,0.77,77.14,0.78,21.0,0.23,80.23,0.22,31.0,0.24,13.0,0.25,10.0,0.02,0.01,2322.428423,1776404908000
1776404910.36,210.36,0.76,8.38,0.75,10.0,0.77,27.3,0.78,21.0,0.23,77.14,0.22,21.0,0.25,10.0,0.26,10.0,0.01,0.02,2322.428423,1776404908000
1776404910.797,210.797,0.76,29.98,0.75,10.0,0.77,20.67,0.78,21.0,0.23,27.3,0.22,21.0,0.24,8.38,0.25,10.0,0.01,0.01,2322.428423,1776404908000
1776404911.55,211.55,0.76,24.98,0.75,10.0,0.77,19.37,0.78,27.0,0.23,20.67,0.22,21.0,0.24,29.98,0.25,10.0,0.01,0.01,2322.390762,1776404909000
1776404913.049,213.049,0.76,29.98,0.75,15.0,0.77,15.52,0.78,27.0,0.23,19.37,0.22,27.0,0.24,24.98,0.25,10.0,0.01,0.01,2322.250075,1776404911000
1776404914.343,214.343,0.77,30.6,0.76,8.38,0.78,26.0,0.79,38.7,0.23,15.52,0.22,27.0,0.24,29.98,0.25,15.0,0.01,0.01,2322.257459,1776404912000
1776404915.283,215.283,0.77,14.0,0.76,8.38,0.78,21.0,0.79,38.7,0.22,26.0,0.21,38.7,0.23,30.6,0.24,8.38,0.01,0.01,2322.384643,1776404913000
1776404918.872,218.872,0.68,8.11,0.67,10.0,0.69,20.0,0.7,20.0,0.22,21.78,0.21,38.7,0.23,19.0,0.24,8.38,0.01,0.01,2322.247994,1776404917000
1776404919.911,219.911,0.62,92.42,0.61,16.52,0.63,65.72,0.64,10.0,0.31,25.0,0.3,20.0,0.33,5.15,0.34,10.0,0.01,0.02,2322.222291,1776404919000
1776404921.207,221.207,0.62,107.42,0.61,26.52,0.63,24.13,0.64,10.0,0.37,65.72,0.36,10.0,0.38,92.42,0.39,16.52,0.01,0.01,2322.209794,1776404920000
1776404923.327,223.327,0.62,129.02,0.61,31.52,0.63,16.79,0.66,5.0,0.37,24.13,0.36,10.0,0.38,107.42,0.39,26.52,0.01,0.01,2322.078335,1776404922000
1776404924.796,224.796,0.62,121.38,0.61,36.52,0.63,16.79,0.66,5.0,0.37,16.79,0.34,5.0,0.38,129.02,0.39,31.52,0.01,0.01,2322.042631,1776404923000
1776404925.75,225.75,0.62,101.38,0.61,26.52,0.63,38.79,0.64,10.0,0.37,16.79,0.34,5.0,0.38,121.38,0.39,36.52,0.01,0.01,2321.948678,1776404924000
1776404926.32,226.32,0.62,44.14,0.61,21.52,0.63,36.79,0.64,10.0,0.37,33.79,0.36,10.0,0.38,63.38,0.39,26.52,0.01,0.01,2321.939714,1776404925000
1776404926.532,226.532,0.62,23.5,0.61,21.52,0.63,31.79,0.64,10.0,0.37,36.79,0.36,10.0,0.38,41.5,0.39,21.52,0.01,0.01,2321.939714,1776404925000
1776404930.385,230.385,0.62,33.5,0.61,31.52,0.63,21.37,0.65,10.0,0.37,31.79,0.36,10.0,0.38,23.5,0.39,21.52,0.01,0.01,2321.930253,1776404929000
1776404931.988,231.988,0.62,30.86,0.61,31.52,0.63,16.37,0.66,15.0,0.37,21.37,0.35,10.0,0.38,33.5,0.39,31.52,0.01,0.01,2321.911504,1776404930000
1776404935.214,235.214,0.62,30.6,0.61,36.52,0.63,16.37,0.64,10.0,0.37,16.37,0.34,15.0,0.38,30.86,0.39,31.52,0.01,0.01,2321.879627,1776404933000
1776404936.008,236.008,0.62,22.44,0.61,36.52,0.63,16.37,0.65,10.0,0.37,16.37,0.36,10.0,0.38,30.6,0.39,36.52,0.01,0.01,2321.897908,1776404935000
1776404937.535,237.535,0.62,63.44,0.61,106.52,0.63,10.72,0.69,26.8,0.37,16.37,0.35,10.0,0.38,22.44,0.39,36.52,0.01,0.01,2321.893032,1776404936000
1776404939.523,239.523,0.68,61.0,0.67,10.0,0.69,15.35,0.7,27.1,0.31,26.8,0.3,27.1,0.38,58.44,0.39,106.52,0.01,0.07,2321.89941,1776404938000
1776404941.034,241.034,0.68,61.0,0.67,10.0,0.69,12.65,0.7,27.1,0.31,15.35,0.3,27.1,0.32,61.0,0.33,10.0,0.01,0.01,2321.94733,1776404940000
1776404941.266,241.266,0.68,51.62,0.67,10.0,0.7,22.82,0.71,77.5,0.31,10.0,0.3,27.1,0.32,46.62,0.33,10.0,0.02,0.01,2321.94733,1776404940000
1776404942.904,242.904,0.62,2.44,0.61,20.0,0.7,42.47,0.71,77.5,0.3,22.82,0.29,77.5,0.32,51.62,0.33,10.0,0.08,0.02,2321.949475,1776404941000
1776404943.584,243.584,0.62,2.44,0.61,25.0,0.64,10.0,0.65,15.0,0.3,42.47,0.29,77.5,0.38,2.44,0.39,20.0,0.02,0.08,2321.95205,1776404942000
1776404944.066,244.066,0.62,22.44,0.61,25.0,0.63,1.39,0.65,5.0,0.36,10.0,0.35,15.0,0.38,2.44,0.39,25.0,0.01,0.02,2321.951805,1776404943000
1776404950.948,250.948,0.69,20.0,0.68,10.0,0.71,45.6,0.72,27.89,0.37,1.39,0.35,5.0,0.38,22.44,0.39,25.0,0.02,0.01,2321.982452,1776404949000
1776404951.844,251.844,0.69,20.0,0.68,10.0,0.71,29.64,0.72,27.89,0.29,54.19,0.28,27.89,0.31,20.0,0.32,10.0,0.02,0.02,2321.93113,1776404950000
1776404952.862,252.862,0.7,43.6,0.69,27.24,0.71,10.09,0.72,10.0,0.29,29.64,0.28,27.89,0.31,20.0,0.32,10.0,0.01,0.02,2321.931115,1776404951000
1776404954.043,254.043,0.7,43.6,0.69,27.24,0.72,7.22,0.73,62.82,0.29,10.09,0.28,10.0,0.3,43.6,0.31,27.24,0.02,0.01,2321.930695,1776404952000
1776404954.753,254.753,0.72,38.6,0.71,20.0,0.73,79.76,0.74,63.7,0.27,46.92,0.26,63.7,0.3,43.6,0.31,27.24,0.01,0.03,2322.048359,1776404953000
1776404955.04,255.04,0.72,43.6,0.71,20.0,0.73,26.47,0.74,33.7,0.27,59.76,0.26,33.7,0.28,38.6,0.29,20.0,0.01,0.01,2322.048359,1776404953000
1776404956.143,256.143,0.72,43.62,0.71,20.0,0.73,3.18,0.74,15.0,0.27,26.47,0.26,33.7,0.28,43.6,0.29,20.0,0.01,0.01,2321.980589,1776404954000
1776404957.232,257.232,0.72,55.62,0.71,20.0,0.75,25.42,0.76,29.7,0.27,3.18,0.26,15.0,0.28,43.62,0.29,20.0,0.03,0.01,2322.077592,1776404956000
1776404958.226,258.226,0.74,43.6,0.73,15.0,0.75,18.38,0.76,29.7,0.25,25.42,0.24,29.7,0.28,55.62,0.29,20.0,0.01,0.03,2321.92992,1776404957000
1776404959.353,259.353,0.74,43.6,0.73,15.0,0.76,34.7,0.77,30.3,0.25,18.38,0.24,29.7,0.26,43.6,0.27,15.0,0.02,0.01,2321.93526,1776404958000
1776404959.626,259.626,0.75,58.74,0.74,20.0,0.76,12.95,0.77,30.3,0.24,12.95,0.23,30.3,0.26,43.6,0.27,15.0,0.01,0.02,2321.93526,1776404958000
1776404960.654,260.654,0.75,54.74,0.74,20.0,0.76,0.95,0.77,30.3,0.24,17.95,0.23,30.3,0.25,54.74,0.26,20.0,0.01,0.01,2321.935195,1776404959000
1776404961.698,261.698,0.76,28.6,0.75,21.14,0.78,30.97,0.79,31.7,0.24,0.95,0.23,30.3,0.25,54.74,0.26,20.0,0.02,0.01,2322.055315,1776404960000
1776404964.188,264.188,0.76,33.6,0.75,21.14,0.77,8.92,0.78,15.0,0.22,30.97,0.21,31.7,0.24,28.6,0.25,21.14,0.01,0.02,2321.93378,1776404963000
1776404964.458,264.458,0.66,74.95,0.65,15.0,0.77,3.92,0.78,15.0,0.23,8.92,0.22,15.0,0.24,33.6,0.25,21.14,0.11,0.01,2321.93378,1776404963000
1776404965.008,265.008,0.71,30.0,0.7,10.0,0.72,3.05,0.73,10.0,0.29,8.59,0.28,10.0,0.31,10.0,0.32,10.0,0.01,0.02,2321.93378,1776404963000
1776404965.662,265.662,0.71,20.0,0.7,10.0,0.72,8.44,0.73,10.0,0.27,10.0,0.26,10.0,0.29,35.0,0.3,10.0,0.01,0.02,2321.91822,1776404964000
1776404966.183,266.183,0.74,35.0,0.73,10.0,0.75,8.4,0.76,10.0,0.27,9.41,0.26,10.0,0.29,25.0,0.3,10.0,0.01,0.02,2321.91822,1776404964000
1776404966.709,266.709,0.74,20.0,0.73,10.0,0.75,1.74,0.76,10.0,0.25,8.4,0.24,10.0,0.26,35.0,0.27,10.0,0.01,0.01,2321.91875,1776404965000
1776404967.821,267.821,0.74,25.0,0.73,10.0,0.76,4.74,0.77,3.92,0.25,1.74,0.24,10.0,0.26,20.0,0.27,10.0,0.02,0.01,2321.91919,1776404966000
1776404969.188,269.188,0.74,14.0,0.67,30.0,0.75,15.0,0.76,4.74,0.24,4.74,0.23,3.92,0.26,25.0,0.27,10.0,0.01,0.02,2321.92882,1776404967000
1776404971.314,271.314,0.67,15.0,0.66,54.95,0.69,4.99,0.7,10.0,0.25,15.0,0.24,4.74,0.33,30.0,0.34,54.95,0.02,0.08,2321.911578,1776404970000
1776404971.831,271.831,0.68,72.22,0.67,90.0,0.79,30.0,0.8,15.0,0.3,4.77,0.29,10.0,0.33,15.0,0.34,54.95,0.11,0.03,2321.911578,1776404970000
1776404972.246,272.246,0.77,15.0,0.76,15.0,0.79,40.0,0.8,15.0,0.21,30.0,0.2,15.0,0.32,72.22,0.33,90.0,0.02,0.11,2321.911578,1776404970000
1776404974.979,274.979,0.79,93.98,0.78,58.0,0.8,1.15,0.81,5.0,0.21,40.0,0.2,15.0,0.23,15.0,0.24,15.0,0.01,0.02,2322.09503,1776404973000
1776404975.268,275.268,0.79,93.98,0.78,15.0,0.81,3.65,0.82,10.0,0.2,1.15,0.19,5.0,0.21,93.98,0.22,58.0,0.02,0.01,2322.09503,1776404973000
1776404975.601,275.601,0.81,93.98,0.8,84.0,0.83,9.0,0.84,10.0,0.18,9.85,0.17,10.0,0.21,88.98,0.22,15.0,0.02,0.03,2322.07595,1776404974000
1776404976.185,276.185,0.81,73.98,0.8,84.0,0.82,8.78,0.83,1.91,0.18,7.37,0.17,1.91,0.19,68.98,0.2,84.0,0.01,0.01,2322.07595,1776404975000
1776404977.327,277.327,0.82,111.0,0.81,10.0,0.84,10.0,0.85,17.0,0.18,8.78,0.17,1.91,0.19,30.02,0.2,84.0,0.02,0.01,2322.07595,1776404975000
1776404978.349,278.349,0.83,52.0,0.82,79.0,0.84,8.09,0.85,22.0,0.16,10.0,0.15,17.0,0.18,111.0,0.19,10.0,0.01,0.02,2322.071837,1776404976000
1776404978.61,278.61,0.83,46.87,0.82,10.0,0.84,8.09,0.85,22.0,0.16,8.09,0.15,22.0,0.17,52.0,0.18,79.0,0.01,0.01,2321.95151,1776404977000
1776404979.047,279.047,0.84,63.3,0.83,46.87,0.85,22.0,0.86,60.0,0.16,5.7,0.15,22.0,0.17,46.87,0.18,10.0,0.01,0.01,2321.95151,1776404977000
1776404979.53,279.53,0.84,90.3,0.83,21.87,0.85,19.88,0.86,60.0,0.15,22.0,0.14,60.0,0.16,63.3,0.17,46.87,0.01,0.01,2321.951225,1776404978000
1776404980.845,280.845,0.84,110.3,0.83,21.87,0.85,8.39,0.86,60.0,0.15,19.88,0.14,60.0,0.16,90.3,0.17,21.87,0.01,0.01,2322.086611,1776404979000
1776404982.04,282.04,0.84,113.05,0.83,14.87,0.85,7.0,0.86,50.0,0.15,8.39,0.14,60.0,0.16,110.3,0.17,21.87,0.01,0.01,2321.95117,1776404980000
1776404982.517,282.517,0.84,118.05,0.83,14.87,0.86,49.94,0.87,20.0,0.15,3.47,0.14,50.0,0.16,113.05,0.17,14.87,0.02,0.01,2321.95117,1776404980000
1776404983.101,283.101,0.84,55.05,0.83,4.87,0.85,15.0,0.86,59.94,0.14,49.94,0.13,20.0,0.16,118.05,0.17,14.87,0.01,0.02,2321.950335,1776404981000
1776404983.64,283.64,0.84,45.05,0.78,5.0,0.88,61.0,0.89,10.0,0.15,15.0,0.14,59.94,0.16,55.05,0.17,4.87,0.04,0.01,2321.94997,1776404982000
1776404984.07,284.07,0.78,5.0,0.77,20.0,0.85,26.46,0.86,10.0,0.15,6.48,0.14,10.0,0.16,8.8,0.22,5.0,0.07,0.01,2321.94997,1776404982000
1776404984.688,284.688,0.77,19.34,0.76,57.0,0.79,30.98,0.8,10.0,0.21,25.98,0.2,10.0,0.22,5.0,0.23,20.0,0.02,0.01,2321.950265,1776404983000
1776404985.73,285.73,0.77,26.34,0.76,60.0,0.79,6.0,0.8,10.0,0.21,30.98,0.2,10.0,0.23,19.34,0.24,57.0,0.02,0.02,2321.94906,1776404984000
1776404986.289,286.289,0.79,5.0,0.78,27.0,0.81,10.0,0.82,10.0,0.22,7.72,0.21,25.98,0.23,31.34,0.24,60.0,0.02,0.01,2322.004835,1776404985000
1776404986.618,286.618,0.81,10.0,0.8,15.0,0.83,5.0,0.84,10.0,0.19,10.0,0.18,10.0,0.21,5.0,0.22,27.0,0.02,0.02,2322.004835,1776404985000
1776404988.292,288.292,0.87,20.0,0.86,15.0,0.88,40.86,0.89,10.0,0.17,5.0,0.16,10.0,0.19,10.0,0.2,15.0,0.01,0.02,2321.913262,1776404987000
1776404988.683,288.683,0.87,5.0,0.86,15.0,0.88,54.72,0.89,10.0,0.12,40.86,0.11,10.0,0.13,20.0,0.14,15.0,0.01,0.01,2321.913262,1776404987000
1776404989.225,289.225,0.87,35.0,0.86,15.0,0.88,17.55,0.89,10.0,0.12,49.03,0.11,10.0,0.13,5.0,0.14,15.0,0.01,0.01,2321.913262,1776404987000
1776404989.452,289.452,0.87,25.0,0.86,15.0,0.88,10.73,0.89,10.0,0.12,14.14,0.11,10.0,0.13,40.0,0.14,15.0,0.01,0.01,2321.913262,1776404987000
1776404989.858,289.858,0.87,46.99,0.86,15.0,0.88,8.45,0.9,20.0,0.12,10.73,0.11,10.0,0.13,25.0,0.14,15.0,0.01,0.01,2322.02794,1776404988000
1776404990.489,290.489,0.88,29.99,0.87,56.99,0.9,10.0,0.91,10.0,0.12,8.45,0.1,20.0,0.13,46.99,0.14,15.0,0.02,0.01,2322.02794,1776404988000
1776404990.711,290.711,0.88,19.99,0.87,10.0,0.89,8.87,0.9,10.0,0.11,5.0,0.1,10.0,0.12,19.99,0.13,20.0,0.01,0.01,2322.062684,1776404989000
1776404990.915,290.915,0.87,10.0,0.86,5.0,0.88,21.67,0.89,10.0,0.11,8.87,0.1,10.0,0.12,19.99,0.13,10.0,0.01,0.01,2322.062684,1776404989000
1776404991.191,291.191,0.87,12.0,0.86,65.0,0.88,48.39,0.89,5.0,0.12,33.27,0.11,5.0,0.13,29.99,0.14,15.0,0.01,0.01,2322.062684,1776404989000
1776404992.379,292.379,0.77,19.34,0.66,74.95,0.83,30.0,0.84,10.0,0.12,48.39,0.11,5.0,0.13,12.0,0.14,65.0,0.06,0.01,2322.064374,1776404990000
1776404992.669,292.669,0.56,80.0,0.51,50.0,0.62,30.0,0.63,10.0,0.38,30.0,0.37,10.0,0.39,14.77,0.44,80.0,0.06,0.01,2322.064374,1776404990000
1776404992.986,292.986,0.51,23.87,0.5,5.0,0.57,10.0,0.58,10.0,0.35,9.15,0.34,90.0,0.44,5.0,0.46,5.0,0.06,0.09,2321.928586,1776404991000
1776404993.314,293.314,0.51,2.25,0.48,10.0,0.52,23.08,0.53,10.0,0.48,10.0,0.47,10.0,0.49,63.65,0.5,5.0,0.01,0.01,2321.928586,1776404991000
1776404993.667,293.667,0.3,6.1,0.29,15.0,0.31,60.0,0.35,40.0,0.69,50.0,0.68,10.0,0.73,5.75,0.74,10.0,0.01,0.04,2321.919181,1776404992000
1776404993.954,293.954,0.3,10.0,0.29,2.95,0.32,9.13,0.33,10.0,0.69,15.24,0.68,10.0,0.7,10.0,0.71,2.95,0.02,0.01,2321.919181,1776404992000
1776404994.173,294.173,0.31,3.85,0.3,10.0,0.34,40.0,0.35,10.0,0.68,9.13,0.67,10.0,0.7,10.0,0.71,2.95,0.03,0.02,2321.907657,1776404993000
1776404995.112,295.112,0.25,10.0,0.24,10.0,0.26,13.92,0.27,10.0,0.67,10.0,0.66,31.17,0.68,52.25,0.69,3.85,0.01,0.01,2321.907657,1776404993000
1776404995.364,295.364,0.24,4.4,0.23,0.88,0.26,10.0,0.27,15.0,0.73,15.0,0.72,15.0,0.77,0.88,0.78,15.0,0.02,0.04,2321.907657,1776404993000
1776404995.684,295.684,0.25,10.0,0.24,4.4,0.26,10.0,0.27,15.0,0.74,10.0,0.73,15.0,0.76,4.4,0.77,0.88,0.01,0.02,2321.701378,1776404994000
1776404996.453,296.453,0.12,3.34,0.11,10.0,0.18,22.0,0.19,15.0,0.74,15.0,0.73,15.0,0.75,1.72,0.76,4.4,0.06,0.01,2321.701378,1776404994000
1776404996.909,296.909,0.09,21.0,0.08,22.0,0.1,23.42,0.11,20.0,0.87,5.0,0.84,10.0,0.9,1.88,0.91,21.0,0.01,0.03,2321.578915,1776404995000
1776404997.18,297.18,0.08,19.05,0.07,24.0,0.1,9.42,0.11,85.0,0.9,4.42,0.89,5.0,0.91,2.36,0.92,22.0,0.02,0.01,2321.578915,1776404995000
1776404997.392,297.392,0.07,7.14,0.06,61.0,0.09,5.0,0.1,9.42,0.91,10.0,0.9,9.42,0.93,18.54,0.94,61.0,0.02,0.02,2321.578927,1776404996000
1776404997.62,297.62,0.05,37.0,0.04,45.0,0.07,10.0,0.08,5.0,0.93,5.0,0.92,5.0,0.94,4.88,0.95,50.0,0.02,0.01,2321.578927,1776404996000
1776404997.84,297.84,0.07,8.91,0.06,10.0,0.09,10.0,0.1,10.22,0.9,0.22,0.89,90.0,0.95,10.0,0.96,10.0,0.02,0.05,2321.578927,1776404996000
1776404998.156,298.156,0.06,4.68,0.05,15.0,0.07,30.0,0.08,10.0,0.92,10.0,0.91,10.0,0.95,15.0,0.96,10.0,0.01,0.03,2321.578927,1776404996000
1776404998.433,298.433,0.02,13.0,0.01,1167.32,0.06,5.0,0.07,45.0,0.93,45.0,0.92,10.0,0.95,14.36,0.96,10.0,0.04,0.02,2321.574395,1776404997000
1776404998.657,298.657,0.01,421.14,,,0.03,10.0,0.04,15.0,0.96,10.0,0.95,10.0,0.99,451.14,,,0.02,0.03,2321.574395,1776404997000
1776404998.947,298.947,0.01,320.12,,,0.03,26.0,0.04,10.0,0.97,26.0,0.96,10.0,0.99,425.12,,,0.02,0.02,2321.574395,1776404997000
1776404999.208,299.208,0.01,272.12,,,0.02,150.0,0.03,44.0,0.98,10.0,0.97,36.0,0.99,307.12,,,0.01,0.01,2321.574395,1776404997000
1776405000.159,300.159,,,,,0.01,28733.66,0.02,74.0,0.99,2045.44,0.98,150.0,,,,,,,2321.412965,1776404999000
1776405000.484,300.484,,,,,0.01,33590.15,0.02,74.0,0.99,28733.66,0.98,74.0,,,,,,,2321.412965,1776404999000
