timestamp,elapsed_sec,up_bid_p1,up_bid_s1,up_bid_p2,up_bid_s2,up_bid_p3,up_bid_s3,up_bid_p4,up_bid_s4,up_bid_p5,up_bid_s5,up_ask_p1,up_ask_s1,up_ask_p2,up_ask_s2,up_ask_p3,up_ask_s3,up_ask_p4,up_ask_s4,up_ask_p5,up_ask_s5,down_bid_p1,down_bid_s1,down_bid_p2,down_bid_s2,down_bid_p3,down_bid_s3,down_bid_p4,down_bid_s4,down_bid_p5,down_bid_s5,down_ask_p1,down_ask_s1,down_ask_p2,down_ask_s2,down_ask_p3,down_ask_s3,down_ask_p4,down_ask_s4,down_ask_p5,down_ask_s5,up_spread,down_spread,eth_price,eth_oracle_ts
1776159301.61,1.61,0.45,5.0,0.43,80.0,0.42,70.0,0.41,70.0,0.39,6.0,0.49,232.06,0.5,5.0,0.53,70.0,0.54,70.0,0.55,75.0,0.51,232.06,0.5,5.0,0.47,70.0,0.46,70.0,0.45,75.0,0.55,5.0,0.57,80.0,0.58,70.0,0.59,70.0,0.61,6.0,0.04,0.04,2390.52817,1776159299000
1776159302.075,2.075,0.45,5.0,0.43,80.0,0.42,70.0,0.41,70.0,0.39,6.0,0.49,232.06,0.5,5.0,0.53,70.0,0.54,70.0,0.55,75.0,0.51,232.06,0.5,5.0,0.47,70.0,0.46,70.0,0.45,75.0,0.55,5.0,0.57,80.0,0.58,70.0,0.59,70.0,0.61,6.0,0.04,0.04,2390.572575,1776159300000
1776159302.328,2.328,0.46,32.0,0.45,26.0,0.43,80.0,0.42,70.0,0.41,70.0,0.49,215.06,0.5,30.0,0.51,31.0,0.53,70.0,0.54,70.0,0.51,227.06,0.5,30.0,0.49,26.0,0.47,70.0,0.46,70.0,0.54,32.0,0.55,26.0,0.57,80.0,0.58,70.0,0.59,70.0,0.03,0.03,2390.572575,1776159300000
1776159302.687,2.687,0.46,32.0,0.45,26.0,0.43,80.0,0.42,70.0,0.41,70.0,0.49,215.06,0.5,30.0,0.51,31.0,0.53,70.0,0.54,70.0,0.51,215.06,0.5,30.0,0.49,31.0,0.47,70.0,0.46,70.0,0.54,32.0,0.55,26.0,0.57,80.0,0.58,70.0,0.59,70.0,0.03,0.03,2390.56994,1776159301000
1776159303.045,3.045,0.48,13.71,0.47,26.0,0.46,75.0,0.44,21.0,0.43,101.0,0.49,210.06,0.5,10.0,0.51,14.0,0.52,26.0,0.53,70.0,0.51,205.06,0.5,5.0,0.49,16.0,0.48,26.0,0.47,70.0,0.54,132.0,0.55,26.0,0.56,21.0,0.57,101.0,0.58,91.0,0.01,0.03,2390.56994,1776159301000
1776159303.369,3.369,0.48,13.71,0.47,26.0,0.46,75.0,0.44,21.0,0.43,101.0,0.49,210.06,0.5,10.0,0.51,14.0,0.52,26.0,0.53,70.0,0.51,210.06,0.5,10.0,0.49,14.0,0.48,26.0,0.47,70.0,0.52,13.71,0.53,26.0,0.54,75.0,0.56,21.0,0.57,101.0,0.01,0.01,2390.564645,1776159302000
1776159304.265,4.265,0.48,13.71,0.47,26.0,0.46,75.0,0.44,21.0,0.43,101.0,0.49,210.06,0.5,10.0,0.51,14.0,0.52,26.0,0.53,70.0,0.51,210.06,0.5,10.0,0.49,14.0,0.48,26.0,0.47,70.0,0.52,13.71,0.53,26.0,0.54,75.0,0.56,21.0,0.57,101.0,0.01,0.01,2390.558763,1776159303000
1776159304.836,4.836,0.48,69.94,0.47,111.0,0.46,140.0,0.45,15.0,0.44,36.0,0.49,200.06,0.5,10.0,0.51,14.0,0.52,36.0,0.53,5.0,0.51,200.06,0.5,10.0,0.49,14.0,0.48,26.0,0.47,5.0,0.52,28.71,0.53,111.0,0.54,140.0,0.55,15.0,0.56,36.0,0.01,0.01,2390.558763,1776159303000
1776159305.611,5.611,0.48,69.94,0.47,111.0,0.46,140.0,0.45,15.0,0.44,36.0,0.49,200.06,0.5,10.0,0.51,14.0,0.52,36.0,0.53,5.0,0.51,200.06,0.5,10.0,0.49,14.0,0.48,36.0,0.47,5.0,0.52,69.94,0.53,111.0,0.54,140.0,0.55,15.0,0.56,36.0,0.01,0.01,2390.649795,1776159304000
1776159306.225,6.225,0.48,69.94,0.47,111.0,0.46,140.0,0.45,15.0,0.44,36.0,0.49,200.06,0.5,10.0,0.51,14.0,0.52,36.0,0.53,5.0,0.51,200.06,0.5,10.0,0.49,14.0,0.48,36.0,0.47,5.0,0.52,69.94,0.53,111.0,0.54,140.0,0.55,15.0,0.56,36.0,0.01,0.01,2390.679795,1776159305000
1776159307.329,7.329,0.48,68.03,0.47,181.0,0.46,140.0,0.45,20.0,0.44,41.0,0.49,200.15,0.5,10.0,0.51,27.0,0.52,41.0,0.53,5.0,0.51,200.06,0.5,10.0,0.49,14.0,0.48,36.0,0.47,5.0,0.52,69.94,0.53,111.0,0.54,140.0,0.55,15.0,0.56,36.0,0.01,0.01,2390.679795,1776159305000
1776159307.548,7.548,0.48,68.03,0.47,181.0,0.46,140.0,0.45,20.0,0.44,41.0,0.49,200.15,0.5,10.0,0.51,27.0,0.52,41.0,0.53,5.0,0.51,200.15,0.5,10.0,0.49,27.0,0.48,41.0,0.47,5.0,0.52,68.03,0.53,181.0,0.54,140.0,0.55,20.0,0.56,41.0,0.01,0.01,2390.69029,1776159306000
1776159307.996,7.996,0.48,68.03,0.47,181.0,0.46,140.0,0.45,20.0,0.44,41.0,0.49,200.15,0.5,10.0,0.51,27.0,0.52,41.0,0.53,5.0,0.51,200.15,0.5,10.0,0.49,27.0,0.48,41.0,0.47,5.0,0.52,68.03,0.53,181.0,0.54,140.0,0.55,20.0,0.56,41.0,0.01,0.01,2390.69121,1776159307000
1776159309.245,9.245,0.48,68.03,0.47,181.0,0.46,140.0,0.45,20.0,0.44,41.0,0.49,200.15,0.5,10.0,0.51,27.0,0.52,41.0,0.53,5.0,0.51,200.15,0.5,10.0,0.49,27.0,0.48,41.0,0.47,5.0,0.52,68.03,0.53,181.0,0.54,140.0,0.55,20.0,0.56,41.0,0.01,0.01,2390.790953,1776159308000
1776159309.876,9.876,0.48,78.03,0.47,181.0,0.46,140.0,0.45,20.0,0.44,52.0,0.49,189.84,0.5,10.0,0.51,5.0,0.52,41.0,0.53,31.0,0.51,200.15,0.5,10.0,0.49,27.0,0.48,41.0,0.47,5.0,0.52,68.03,0.53,181.0,0.54,140.0,0.55,20.0,0.56,41.0,0.01,0.01,2390.790953,1776159308000
1776159310.637,10.637,0.48,78.03,0.47,181.0,0.46,140.0,0.45,20.0,0.44,52.0,0.49,189.84,0.5,10.0,0.51,5.0,0.52,41.0,0.53,31.0,0.51,189.84,0.5,10.0,0.49,5.0,0.48,41.0,0.47,31.0,0.52,78.03,0.53,181.0,0.54,140.0,0.55,20.0,0.56,52.0,0.01,0.01,2390.690515,1776159309000
1776159310.986,10.986,0.48,174.53,0.47,194.0,0.46,143.0,0.45,20.0,0.44,41.0,0.49,120.84,0.5,10.0,0.51,5.0,0.52,41.5,0.53,41.0,0.51,189.84,0.5,10.0,0.49,5.0,0.48,41.0,0.47,31.0,0.52,78.03,0.53,181.0,0.54,140.0,0.55,20.0,0.56,52.0,0.01,0.01,2390.690515,1776159309000
1776159311.285,11.285,0.48,174.53,0.47,194.0,0.46,143.0,0.45,20.0,0.44,41.0,0.49,120.84,0.5,10.0,0.51,5.0,0.52,41.5,0.53,41.0,0.51,120.84,0.5,10.0,0.49,5.0,0.48,41.5,0.47,41.0,0.52,174.53,0.53,194.0,0.54,143.0,0.55,20.0,0.56,41.0,0.01,0.01,2390.765346,1776159310000
1776159311.871,11.871,0.48,174.53,0.47,194.0,0.46,143.0,0.45,20.0,0.44,20.0,0.49,115.84,0.5,10.0,0.51,15.5,0.52,41.5,0.53,41.0,0.51,120.84,0.5,10.0,0.49,5.0,0.48,41.5,0.47,41.0,0.52,174.53,0.53,194.0,0.54,143.0,0.55,20.0,0.56,41.0,0.01,0.01,2390.765346,1776159310000
1776159312.576,12.576,0.48,174.53,0.47,194.0,0.46,143.0,0.45,20.0,0.44,20.0,0.49,115.84,0.5,10.0,0.51,15.5,0.52,41.5,0.53,41.0,0.51,115.84,0.5,10.0,0.49,15.5,0.48,41.5,0.47,41.0,0.52,174.53,0.53,194.0,0.54,143.0,0.55,20.0,0.56,20.0,0.01,0.01,2390.687602,1776159311000
1776159313.306,13.306,0.48,174.53,0.47,194.0,0.46,143.0,0.45,20.0,0.44,20.0,0.49,115.84,0.5,10.0,0.51,15.5,0.52,41.5,0.53,41.0,0.51,115.84,0.5,10.0,0.49,15.5,0.48,41.5,0.47,41.0,0.52,174.53,0.53,194.0,0.54,143.0,0.55,20.0,0.56,20.0,0.01,0.01,2390.685826,1776159312000
1776159313.702,13.702,0.48,184.53,0.47,194.0,0.46,143.0,0.45,20.0,0.44,20.0,0.49,112.77,0.5,15.0,0.51,10.5,0.52,99.5,0.53,41.0,0.51,115.84,0.5,10.0,0.49,15.5,0.48,41.5,0.47,41.0,0.52,174.53,0.53,194.0,0.54,143.0,0.55,20.0,0.56,20.0,0.01,0.01,2390.685826,1776159312000
1776159313.916,13.916,0.48,189.53,0.47,194.0,0.46,143.0,0.45,20.0,0.44,20.0,0.49,109.7,0.5,15.0,0.51,10.5,0.52,99.5,0.53,41.0,0.51,112.77,0.5,15.0,0.49,10.5,0.48,99.5,0.47,41.0,0.52,184.53,0.53,194.0,0.54,143.0,0.55,20.0,0.56,20.0,0.01,0.01,2390.685826,1776159312000
1776159314.563,14.563,0.48,189.53,0.47,194.0,0.46,143.0,0.45,20.0,0.44,20.0,0.49,108.56,0.5,15.0,0.51,10.5,0.52,99.5,0.53,41.0,0.51,108.56,0.5,15.0,0.49,10.5,0.48,99.5,0.47,41.0,0.52,189.53,0.53,194.0,0.54,143.0,0.55,20.0,0.56,20.0,0.01,0.01,2390.680825,1776159313000
1776159314.983,14.983,0.48,174.53,0.47,199.0,0.46,143.0,0.45,15.0,0.44,15.0,0.49,83.15,0.5,15.0,0.52,99.5,0.53,41.0,0.54,15.0,0.51,108.56,0.5,15.0,0.49,10.5,0.48,99.5,0.47,41.0,0.52,189.53,0.53,194.0,0.54,143.0,0.55,20.0,0.56,20.0,0.01,0.01,2390.680825,1776159313000
1776159315.267,15.267,0.48,261.53,0.47,215.0,0.46,166.0,0.45,66.0,0.44,36.0,0.49,47.74,0.5,10.0,0.54,30.0,0.55,99.0,0.56,11.0,0.51,62.74,0.5,15.0,0.48,99.5,0.47,41.0,0.46,15.0,0.52,174.53,0.53,199.0,0.54,143.0,0.55,15.0,0.56,15.0,0.01,0.01,2390.680825,1776159313000
1776159315.957,15.957,0.48,261.53,0.47,215.0,0.46,166.0,0.45,66.0,0.44,36.0,0.54,15.0,0.55,99.0,0.56,11.0,0.57,15.0,0.58,83.0,0.46,15.0,0.45,99.0,0.44,11.0,0.43,15.0,0.42,83.0,0.52,261.53,0.53,215.0,0.54,166.0,0.55,66.0,0.56,36.0,0.06,0.06,2390.712165,1776159315000
1776159316.584,16.584,0.53,30.0,0.52,31.0,0.51,25.5,0.5,127.5,0.49,59.5,0.54,36.42,0.55,104.0,0.56,11.0,0.57,15.0,0.58,75.0,0.46,15.0,0.45,99.0,0.44,11.0,0.43,15.0,0.42,83.0,0.52,261.53,0.53,215.0,0.54,166.0,0.55,66.0,0.56,36.0,0.01,0.06,2390.712165,1776159315000
1776159317.089,17.089,0.53,30.0,0.52,31.0,0.51,25.5,0.5,127.5,0.49,59.5,0.54,36.42,0.55,104.0,0.56,11.0,0.57,15.0,0.58,75.0,0.46,36.42,0.45,104.0,0.44,11.0,0.43,15.0,0.42,75.0,0.47,30.0,0.48,31.0,0.49,25.5,0.5,127.5,0.51,59.5,0.01,0.01,2390.762554,1776159316000
1776159318.031,18.031,0.53,35.09,0.52,35.5,0.51,31.5,0.5,109.5,0.49,59.5,0.54,42.21,0.55,99.0,0.56,11.0,0.57,15.0,0.58,75.0,0.46,54.61,0.45,99.0,0.44,11.0,0.43,15.0,0.42,75.0,0.47,30.09,0.48,25.0,0.49,31.5,0.5,109.5,0.51,59.5,0.01,0.01,2390.762554,1776159316000
1776159318.404,18.404,0.53,35.09,0.52,35.5,0.51,31.5,0.5,109.5,0.49,59.5,0.54,42.21,0.55,99.0,0.56,11.0,0.57,15.0,0.58,75.0,0.46,42.21,0.45,99.0,0.44,11.0,0.43,15.0,0.42,75.0,0.47,35.09,0.48,35.5,0.49,31.5,0.5,109.5,0.51,59.5,0.01,0.01,2390.888512,1776159317000
1776159318.868,18.868,0.53,30.09,0.52,41.5,0.51,25.5,0.5,120.5,0.49,65.88,0.54,34.41,0.55,99.0,0.56,11.0,0.57,15.0,0.58,75.0,0.46,41.81,0.45,99.0,0.44,11.0,0.43,15.0,0.42,75.0,0.47,30.09,0.48,41.5,0.49,25.5,0.5,120.5,0.51,59.5,0.01,0.01,2390.888512,1776159317000
1776159319.322,19.322,0.53,30.09,0.52,31.0,0.51,25.5,0.5,120.5,0.49,69.68,0.54,34.44,0.55,109.5,0.56,11.0,0.57,15.0,0.58,75.0,0.46,34.41,0.45,99.0,0.44,11.0,0.43,15.0,0.42,75.0,0.47,30.09,0.48,41.5,0.49,25.5,0.5,120.5,0.51,65.88,0.01,0.01,2390.888512,1776159317000
1776159319.572,19.572,0.53,30.09,0.52,31.0,0.51,25.5,0.5,62.5,0.49,127.68,0.54,35.73,0.55,51.5,0.56,5.0,0.57,32.0,0.58,85.0,0.46,34.44,0.45,109.5,0.44,11.0,0.43,15.0,0.42,75.0,0.47,30.09,0.48,31.0,0.49,25.5,0.5,120.5,0.51,69.68,0.01,0.01,2390.888512,1776159317000
1776159319.881,19.881,0.51,3.09,0.5,11.0,0.49,61.18,0.48,93.44,0.47,173.0,0.54,115.49,0.55,84.5,0.56,36.0,0.57,194.0,0.58,98.0,0.46,35.73,0.45,51.5,0.44,5.0,0.43,32.0,0.42,85.0,0.47,30.09,0.48,31.0,0.49,25.5,0.5,62.5,0.51,127.68,0.03,0.01,2390.973779,1776159318000
1776159320.359,20.359,0.5,15.34,0.49,39.41,0.48,103.44,0.47,168.0,0.46,78.0,0.52,40.5,0.53,69.78,0.54,128.49,0.55,67.0,0.56,36.0,0.48,40.5,0.47,69.78,0.46,128.49,0.45,67.0,0.44,36.0,0.5,15.34,0.51,39.41,0.52,103.44,0.53,168.0,0.54,78.0,0.02,0.02,2390.927183,1776159319000
1776159320.853,20.853,0.5,10.54,0.49,49.41,0.48,93.44,0.47,163.0,0.46,141.0,0.52,123.5,0.53,93.78,0.54,103.5,0.55,36.0,0.56,36.0,0.48,118.5,0.47,103.78,0.46,108.5,0.45,36.0,0.44,36.0,0.5,12.74,0.51,39.41,0.52,103.44,0.53,163.0,0.54,83.0,0.02,0.02,2390.927183,1776159319000
1776159321.95,21.95,0.5,10.54,0.49,49.41,0.48,93.44,0.47,163.0,0.46,141.0,0.52,123.5,0.53,93.78,0.54,103.5,0.55,36.0,0.56,36.0,0.48,123.5,0.47,93.78,0.46,103.5,0.45,36.0,0.44,36.0,0.5,10.54,0.51,49.41,0.52,93.44,0.53,163.0,0.54,141.0,0.02,0.02,2390.911145,1776159320000
1776159322.713,22.713,0.5,10.54,0.49,49.41,0.48,93.44,0.47,163.0,0.46,141.0,0.52,123.5,0.53,93.78,0.54,103.5,0.55,36.0,0.56,36.0,0.48,123.5,0.47,93.78,0.46,103.5,0.45,36.0,0.44,36.0,0.5,10.54,0.51,49.41,0.52,93.44,0.53,163.0,0.54,141.0,0.02,0.02,2390.711863,1776159321000
1776159323.567,23.567,0.5,10.54,0.49,49.41,0.48,93.44,0.47,163.0,0.46,141.0,0.52,123.5,0.53,93.78,0.54,103.5,0.55,36.0,0.56,36.0,0.48,123.5,0.47,93.78,0.46,103.5,0.45,36.0,0.44,36.0,0.5,10.54,0.51,49.41,0.52,93.44,0.53,163.0,0.54,141.0,0.02,0.02,2390.712335,1776159322000
1776159324.297,24.297,0.5,10.54,0.49,49.41,0.48,93.44,0.47,163.0,0.46,141.0,0.52,123.5,0.53,93.78,0.54,103.5,0.55,36.0,0.56,36.0,0.48,123.5,0.47,93.78,0.46,103.5,0.45,36.0,0.44,36.0,0.5,10.54,0.51,49.41,0.52,93.44,0.53,163.0,0.54,141.0,0.02,0.02,2390.706065,1776159323000
1776159325.144,25.144,0.49,10.18,0.48,64.94,0.47,35.5,0.46,47.38,0.45,106.0,0.5,54.5,0.51,70.59,0.52,35.09,0.53,141.78,0.54,46.5,0.48,123.5,0.47,93.78,0.46,103.5,0.45,36.0,0.44,36.0,0.5,10.54,0.51,49.41,0.52,93.44,0.53,163.0,0.54,141.0,0.01,0.02,2390.706065,1776159323000
1776159325.364,25.364,0.48,58.96,0.47,35.5,0.46,47.38,0.45,107.0,0.44,98.0,0.5,64.5,0.51,70.59,0.52,40.09,0.53,141.78,0.54,46.5,0.5,59.5,0.49,70.59,0.48,35.09,0.47,141.78,0.46,46.5,0.51,0.18,0.52,64.94,0.53,44.5,0.54,47.38,0.55,81.0,0.02,0.01,2390.706065,1776159323000
1776159325.914,25.914,0.48,58.96,0.47,35.5,0.46,47.38,0.45,107.0,0.44,98.0,0.5,64.5,0.51,70.59,0.52,40.09,0.53,141.78,0.54,46.5,0.5,64.5,0.49,70.59,0.48,40.09,0.47,141.78,0.46,46.5,0.52,58.96,0.53,35.5,0.54,47.38,0.55,107.0,0.56,98.0,0.02,0.02,2390.712862,1776159324000
1776159326.125,26.125,0.36,48.79,0.35,75.0,0.34,10.0,0.33,10.0,0.32,46.0,0.4,10.0,0.41,10.0,0.42,31.0,0.43,146.0,0.44,60.0,0.57,5.0,0.56,31.0,0.55,10.0,0.54,10.0,0.53,21.0,0.61,30.0,0.62,12.0,0.63,47.0,0.64,40.89,0.65,75.0,0.04,0.04,2390.712862,1776159324000
1776159326.354,26.354,0.36,1.3,0.35,133.14,0.34,28.0,0.33,66.0,0.32,21.0,0.37,15.0,0.38,15.0,0.39,15.0,0.4,37.0,0.41,46.0,0.6,10.0,0.59,10.0,0.58,31.0,0.57,146.0,0.56,70.0,0.64,47.3,0.65,103.0,0.66,10.0,0.67,10.0,0.68,31.0,0.01,0.04,2390.712862,1776159324000
1776159326.584,26.584,0.35,34.54,0.34,38.0,0.33,71.0,0.32,26.0,0.31,141.0,0.36,10.0,0.37,20.0,0.38,20.0,0.39,20.0,0.4,42.0,0.64,10.0,0.63,15.0,0.62,15.0,0.61,15.0,0.6,37.0,0.65,40.52,0.66,33.0,0.67,71.0,0.68,31.0,0.69,151.0,0.01,0.01,2390.712862,1776159324000
1776159326.793,26.793,0.35,8.0,0.34,43.0,0.33,71.0,0.32,26.0,0.31,146.0,0.36,15.0,0.37,20.0,0.38,20.0,0.39,20.0,0.4,42.0,0.64,15.0,0.63,20.0,0.62,20.0,0.61,20.0,0.6,42.0,0.65,8.0,0.66,43.0,0.67,71.0,0.68,26.0,0.69,146.0,0.01,0.01,2390.702052,1776159325000
1776159327.014,27.014,0.34,14.19,0.33,123.0,0.32,5.0,0.31,125.0,0.3,75.0,0.36,5.0,0.37,78.0,0.38,47.0,0.39,59.0,0.4,25.5,0.64,20.0,0.63,25.0,0.62,20.0,0.61,20.0,0.6,36.0,0.65,3.0,0.66,73.0,0.67,71.0,0.68,5.0,0.69,146.0,0.02,0.01,2390.702052,1776159325000
1776159327.442,27.442,0.34,14.19,0.33,123.0,0.32,5.0,0.31,125.0,0.3,75.0,0.36,5.0,0.37,78.0,0.38,47.0,0.39,59.0,0.4,25.5,0.64,5.0,0.63,78.0,0.62,47.0,0.61,59.0,0.6,25.5,0.66,14.19,0.67,123.0,0.68,5.0,0.69,125.0,0.7,75.0,0.02,0.02,2390.626979,1776159326000
1776159327.706,27.706,0.34,37.92,0.33,98.0,0.32,40.0,0.31,83.0,0.3,75.0,0.35,12.36,0.36,15.0,0.37,78.0,0.38,15.0,0.39,54.5,0.65,12.36,0.64,15.0,0.63,78.0,0.62,15.0,0.61,54.5,0.66,42.85,0.67,98.0,0.68,40.0,0.69,83.0,0.7,75.0,0.01,0.01,2390.626979,1776159326000
1776159328.263,28.263,0.34,48.42,0.33,98.0,0.32,40.0,0.31,83.0,0.3,75.0,0.35,9.5,0.36,15.0,0.37,78.0,0.38,15.0,0.39,54.5,0.65,9.5,0.64,15.0,0.63,78.0,0.62,15.0,0.61,54.5,0.66,48.42,0.67,98.0,0.68,40.0,0.69,83.0,0.7,75.0,0.01,0.01,2390.303635,1776159327000
1776159328.846,28.846,0.34,53.51,0.33,98.0,0.32,20.0,0.31,123.0,0.3,75.0,0.35,20.3,0.36,20.0,0.37,78.0,0.38,25.5,0.39,31.5,0.65,9.5,0.64,15.0,0.63,78.0,0.62,15.0,0.61,54.5,0.66,48.42,0.67,98.0,0.68,40.0,0.69,83.0,0.7,75.0,0.01,0.01,2390.303635,1776159327000
1776159329.649,29.649,0.34,61.29,0.33,108.0,0.32,20.0,0.31,85.0,0.3,93.0,0.35,60.09,0.36,20.0,0.37,78.0,0.38,25.0,0.39,41.5,0.65,20.3,0.64,20.0,0.63,78.0,0.62,25.5,0.61,31.5,0.66,53.51,0.67,98.0,0.68,20.0,0.69,123.0,0.7,75.0,0.01,0.01,2390.303635,1776159327000
1776159329.939,29.939,0.34,53.69,0.33,108.0,0.32,20.0,0.31,85.0,0.3,93.0,0.35,65.09,0.36,20.0,0.37,78.0,0.38,35.5,0.39,41.5,0.65,60.09,0.64,20.0,0.63,78.0,0.62,25.0,0.61,41.5,0.66,61.29,0.67,108.0,0.68,20.0,0.69,85.0,0.7,93.0,0.01,0.01,2389.71994,1776159328000
1776159330.344,30.344,0.34,28.69,0.33,108.0,0.32,20.0,0.31,85.0,0.3,93.0,0.35,60.09,0.36,20.0,0.37,78.0,0.38,35.5,0.39,41.5,0.65,65.09,0.64,20.0,0.63,78.0,0.62,35.5,0.61,41.5,0.66,53.69,0.67,108.0,0.68,20.0,0.69,85.0,0.7,93.0,0.01,0.01,2389.71994,1776159328000
1776159331.256,31.256,0.34,28.69,0.33,108.0,0.32,20.0,0.31,85.0,0.3,93.0,0.35,60.09,0.36,20.0,0.37,78.0,0.38,35.5,0.39,41.5,0.65,60.09,0.64,20.0,0.63,78.0,0.62,35.5,0.61,41.5,0.66,28.69,0.67,108.0,0.68,20.0,0.69,85.0,0.7,93.0,0.01,0.01,2389.696681,1776159330000
1776159331.779,31.779,0.34,4.93,0.33,50.0,0.32,20.0,0.31,143.0,0.3,93.0,0.35,229.37,0.36,20.0,0.37,40.5,0.38,35.5,0.39,49.5,0.65,60.09,0.64,20.0,0.63,78.0,0.62,35.5,0.61,41.5,0.66,28.69,0.67,108.0,0.68,20.0,0.69,85.0,0.7,93.0,0.01,0.01,2389.696681,1776159330000
1776159332.495,32.495,0.34,30.84,0.33,50.0,0.32,20.0,0.31,143.0,0.3,93.0,0.35,221.51,0.36,30.0,0.37,40.5,0.38,35.5,0.39,49.5,0.65,229.37,0.64,20.0,0.63,40.5,0.62,35.5,0.61,49.5,0.66,4.93,0.67,50.0,0.68,20.0,0.69,143.0,0.7,93.0,0.01,0.01,2389.696681,1776159330000
1776159332.934,32.934,0.34,30.84,0.33,50.0,0.32,20.0,0.31,143.0,0.3,93.0,0.35,221.51,0.36,30.0,0.37,40.5,0.38,35.5,0.39,49.5,0.65,221.51,0.64,30.0,0.63,40.5,0.62,35.5,0.61,49.5,0.66,30.84,0.67,50.0,0.68,20.0,0.69,143.0,0.7,93.0,0.01,0.01,2389.69558,1776159331000
1776159333.403,33.403,0.34,35.84,0.33,50.0,0.32,78.0,0.31,85.0,0.3,93.0,0.35,213.65,0.36,78.0,0.37,40.5,0.38,35.5,0.39,49.5,0.65,221.51,0.64,30.0,0.63,40.5,0.62,35.5,0.61,49.5,0.66,30.84,0.67,50.0,0.68,20.0,0.69,143.0,0.7,93.0,0.01,0.01,2389.69558,1776159331000
1776159334.257,34.257,0.34,35.84,0.33,50.0,0.32,78.0,0.31,85.0,0.3,93.0,0.35,208.65,0.36,78.0,0.37,40.5,0.38,35.5,0.39,49.5,0.65,208.65,0.64,78.0,0.63,40.5,0.62,35.5,0.61,49.5,0.66,35.84,0.67,50.0,0.68,78.0,0.69,85.0,0.7,93.0,0.01,0.01,2389.680044,1776159333000
1776159334.773,34.773,0.34,22.85,0.33,50.0,0.32,78.0,0.31,85.0,0.3,93.0,0.35,228.65,0.36,78.0,0.37,30.0,0.38,35.5,0.39,58.5,0.65,208.65,0.64,78.0,0.63,40.5,0.62,35.5,0.61,49.5,0.66,35.84,0.67,50.0,0.68,78.0,0.69,85.0,0.7,93.0,0.01,0.01,2389.680044,1776159333000
1776159335.036,35.036,0.34,308.84,0.33,89.0,0.32,67.0,0.31,96.0,0.3,76.0,0.35,62.65,0.41,5.0,0.42,5.0,0.43,68.0,0.44,41.0,0.65,228.65,0.64,78.0,0.63,30.0,0.62,35.5,0.61,58.5,0.66,22.85,0.67,50.0,0.68,78.0,0.69,85.0,0.7,93.0,0.01,0.01,2389.680044,1776159333000
1776159335.737,35.737,0.41,40.5,0.4,35.5,0.39,35.78,0.38,15.0,0.37,85.0,0.43,79.36,0.44,51.5,0.45,50.0,0.46,108.0,0.47,38.0,0.57,79.36,0.56,51.5,0.55,50.0,0.54,108.0,0.53,38.0,0.59,40.5,0.6,35.5,0.61,35.78,0.62,15.0,0.63,85.0,0.02,0.02,2389.686146,1776159334000
1776159336.056,36.056,0.41,50.5,0.4,70.5,0.39,77.63,0.38,110.0,0.37,95.0,0.43,136.8,0.44,56.5,0.45,50.0,0.46,108.0,0.47,68.0,0.57,79.36,0.56,51.5,0.55,50.0,0.54,108.0,0.53,38.0,0.59,40.5,0.6,35.5,0.61,35.78,0.62,15.0,0.63,85.0,0.02,0.02,2389.686146,1776159334000
1776159336.458,36.458,0.42,21.04,0.41,50.5,0.4,70.5,0.39,77.63,0.38,110.0,0.43,192.24,0.44,46.5,0.45,50.0,0.46,108.0,0.47,68.0,0.57,192.24,0.56,46.5,0.55,50.0,0.54,108.0,0.53,68.0,0.58,21.04,0.59,50.5,0.6,70.5,0.61,77.63,0.62,110.0,0.01,0.01,2389.68925,1776159335000
1776159336.729,36.729,0.42,19.21,0.41,50.5,0.4,70.5,0.39,77.63,0.38,110.0,0.43,151.24,0.44,53.5,0.45,50.0,0.46,83.0,0.47,68.0,0.57,157.24,0.56,53.5,0.55,50.0,0.54,83.0,0.53,68.0,0.58,19.21,0.59,50.5,0.6,70.5,0.61,77.63,0.62,110.0,0.01,0.01,2389.68925,1776159335000
1776159337.277,37.277,0.42,19.21,0.41,50.5,0.4,70.5,0.39,77.63,0.38,110.0,0.43,151.24,0.44,53.5,0.45,50.0,0.46,83.0,0.47,68.0,0.57,151.24,0.56,53.5,0.55,50.0,0.54,83.0,0.53,68.0,0.58,19.21,0.59,50.5,0.6,70.5,0.61,77.63,0.62,110.0,0.01,0.01,2389.97872,1776159336000
1776159338.195,38.195,0.42,19.21,0.41,50.5,0.4,70.5,0.39,77.63,0.38,110.0,0.43,151.24,0.44,53.5,0.45,50.0,0.46,83.0,0.47,68.0,0.57,151.24,0.56,53.5,0.55,50.0,0.54,83.0,0.53,68.0,0.58,19.21,0.59,50.5,0.6,70.5,0.61,77.63,0.62,110.0,0.01,0.01,2390.120486,1776159337000
1776159338.821,38.821,0.42,29.21,0.41,55.5,0.4,60.5,0.39,103.78,0.38,25.0,0.43,74.11,0.44,179.49,0.45,66.5,0.46,35.0,0.47,60.0,0.57,151.24,0.56,53.5,0.55,50.0,0.54,83.0,0.53,68.0,0.58,19.21,0.59,50.5,0.6,70.5,0.61,77.63,0.62,110.0,0.01,0.01,2390.120486,1776159337000
1776159339.22,39.22,0.42,29.21,0.41,55.5,0.4,60.5,0.39,103.78,0.38,25.0,0.43,74.11,0.44,179.49,0.45,66.5,0.46,35.0,0.47,60.0,0.57,74.11,0.56,179.49,0.55,66.5,0.54,35.0,0.53,60.0,0.58,29.21,0.59,55.5,0.6,60.5,0.61,103.78,0.62,25.0,0.01,0.01,2390.13369,1776159338000
1776159339.603,39.603,0.42,15.13,0.41,40.0,0.4,60.5,0.39,98.78,0.38,25.0,0.43,237.11,0.44,126.49,0.45,66.5,0.46,35.0,0.47,60.0,0.57,74.11,0.56,179.49,0.55,66.5,0.54,35.0,0.53,60.0,0.58,29.21,0.59,55.5,0.6,60.5,0.61,103.78,0.62,25.0,0.01,0.01,2390.13369,1776159338000
1776159340.171,40.171,0.42,15.13,0.41,40.0,0.4,60.5,0.39,98.78,0.38,25.0,0.43,237.11,0.44,126.49,0.45,66.5,0.46,35.0,0.47,60.0,0.57,237.11,0.56,126.49,0.55,66.5,0.54,35.0,0.53,60.0,0.58,15.13,0.59,40.0,0.6,60.5,0.61,98.78,0.62,25.0,0.01,0.01,2390.13369,1776159339000
1776159340.475,40.475,0.42,25.0,0.41,50.5,0.4,60.5,0.39,98.78,0.38,25.0,0.43,252.2,0.44,126.49,0.45,66.5,0.46,35.0,0.47,60.0,0.57,237.11,0.56,126.49,0.55,66.5,0.54,35.0,0.53,60.0,0.58,15.13,0.59,40.0,0.6,60.5,0.61,98.78,0.62,25.0,0.01,0.01,2390.13369,1776159339000
1776159341.188,41.188,0.42,25.0,0.41,50.5,0.4,60.5,0.39,98.78,0.38,25.0,0.43,252.2,0.44,126.49,0.45,66.5,0.46,35.0,0.47,60.0,0.57,252.2,0.56,126.49,0.55,66.5,0.54,35.0,0.53,60.0,0.58,25.0,0.59,50.5,0.6,60.5,0.61,98.78,0.62,25.0,0.01,0.01,2390.12362,1776159340000
1776159342.063,42.063,0.42,25.0,0.41,50.5,0.4,60.5,0.39,98.78,0.38,25.0,0.43,252.2,0.44,126.49,0.45,66.5,0.46,35.0,0.47,60.0,0.57,252.2,0.56,126.49,0.55,66.5,0.54,35.0,0.53,60.0,0.58,25.0,0.59,50.5,0.6,60.5,0.61,98.78,0.62,25.0,0.01,0.01,2390.072943,1776159341000
1776159343.018,43.018,0.42,10.18,0.41,40.0,0.4,60.5,0.39,88.78,0.38,25.0,0.43,352.19,0.44,64.34,0.45,41.5,0.46,35.0,0.47,60.0,0.57,352.19,0.56,64.34,0.55,41.5,0.54,35.0,0.53,60.0,0.58,10.18,0.59,40.0,0.6,60.5,0.61,88.78,0.62,25.0,0.01,0.01,2390.074304,1776159342000
1776159344.022,44.022,0.42,10.18,0.41,40.0,0.4,60.5,0.39,88.78,0.38,25.0,0.43,352.19,0.44,64.34,0.45,41.5,0.46,35.0,0.47,60.0,0.57,352.19,0.56,64.34,0.55,41.5,0.54,35.0,0.53,60.0,0.58,10.18,0.59,40.0,0.6,60.5,0.61,88.78,0.62,25.0,0.01,0.01,2390.069461,1776159343000
1776159344.986,44.986,0.42,10.18,0.41,40.0,0.4,60.5,0.39,88.78,0.38,25.0,0.43,352.19,0.44,64.34,0.45,41.5,0.46,35.0,0.47,60.0,0.57,352.19,0.56,64.34,0.55,41.5,0.54,35.0,0.53,60.0,0.58,10.18,0.59,40.0,0.6,60.5,0.61,88.78,0.62,25.0,0.01,0.01,2390.061016,1776159344000
1776159345.42,45.42,0.42,5.09,0.41,30.0,0.4,60.5,0.39,94.28,0.38,25.0,0.43,289.19,0.44,85.34,0.45,62.5,0.46,56.0,0.47,60.0,0.57,352.19,0.56,64.34,0.55,41.5,0.54,35.0,0.53,60.0,0.58,10.18,0.59,40.0,0.6,60.5,0.61,88.78,0.62,25.0,0.01,0.01,2390.061016,1776159344000
1776159345.91,45.91,0.42,5.09,0.41,30.0,0.4,60.5,0.39,94.28,0.38,25.0,0.43,289.19,0.44,85.34,0.45,62.5,0.46,56.0,0.47,60.0,0.57,289.19,0.56,85.34,0.55,62.5,0.54,56.0,0.53,60.0,0.58,5.09,0.59,30.0,0.6,60.5,0.61,94.28,0.62,25.0,0.01,0.01,2390.047481,1776159345000
1776159346.901,46.901,0.42,5.09,0.41,30.0,0.4,60.5,0.39,94.28,0.38,25.0,0.43,289.19,0.44,85.34,0.45,62.5,0.46,56.0,0.47,60.0,0.57,289.19,0.56,85.34,0.55,62.5,0.54,56.0,0.53,60.0,0.58,5.09,0.59,30.0,0.6,60.5,0.61,94.28,0.62,25.0,0.01,0.01,2390.067516,1776159346000
1776159347.242,47.242,0.42,7.37,0.41,25.0,0.4,50.0,0.39,94.28,0.38,15.0,0.43,343.19,0.44,80.34,0.45,62.5,0.46,86.0,0.47,30.0,0.57,289.19,0.56,85.34,0.55,62.5,0.54,56.0,0.53,60.0,0.58,5.09,0.59,30.0,0.6,60.5,0.61,94.28,0.62,25.0,0.01,0.01,2390.067516,1776159346000
1776159348.256,48.256,0.42,7.37,0.41,25.0,0.4,50.0,0.39,94.28,0.38,15.0,0.43,343.19,0.44,80.34,0.45,62.5,0.46,86.0,0.47,30.0,0.57,343.19,0.56,80.34,0.55,62.5,0.54,86.0,0.53,30.0,0.58,7.37,0.59,25.0,0.6,50.0,0.61,94.28,0.62,15.0,0.01,0.01,2390.047162,1776159347000
1776159348.46,48.46,0.42,2.37,0.41,25.0,0.4,60.5,0.39,94.28,0.38,15.0,0.43,336.34,0.44,80.34,0.45,62.5,0.46,86.0,0.47,30.0,0.57,343.19,0.56,80.34,0.55,62.5,0.54,86.0,0.53,30.0,0.58,7.37,0.59,25.0,0.6,50.0,0.61,94.28,0.62,15.0,0.01,0.01,2390.047162,1776159347000
1776159349.181,49.181,0.42,2.37,0.41,25.0,0.4,60.5,0.39,94.28,0.38,15.0,0.43,336.34,0.44,80.34,0.45,62.5,0.46,86.0,0.47,30.0,0.57,336.34,0.56,80.34,0.55,62.5,0.54,86.0,0.53,30.0,0.58,2.37,0.59,25.0,0.6,60.5,0.61,94.28,0.62,15.0,0.01,0.01,2390.04799,1776159348000
1776159350.716,50.716,0.42,2.37,0.41,25.0,0.4,60.5,0.39,94.28,0.38,15.0,0.43,339.01,0.44,80.34,0.45,62.5,0.46,86.0,0.47,30.0,0.57,339.01,0.56,80.34,0.55,62.5,0.54,86.0,0.53,30.0,0.58,2.37,0.59,25.0,0.6,60.5,0.61,94.28,0.62,15.0,0.01,0.01,2390.052961,1776159349000
1776159351.138,51.138,0.41,20.0,0.4,65.5,0.39,94.28,0.38,15.0,0.37,108.0,0.42,195.4,0.43,257.93,0.44,56.5,0.45,62.5,0.46,86.0,0.57,339.01,0.56,80.34,0.55,62.5,0.54,86.0,0.53,30.0,0.58,2.37,0.59,25.0,0.6,60.5,0.61,94.28,0.62,15.0,0.01,0.01,2390.052961,1776159349000
1776159351.386,51.386,0.41,11.52,0.4,65.5,0.39,94.28,0.38,15.0,0.37,108.0,0.42,200.49,0.43,263.02,0.44,62.5,0.45,56.5,0.46,86.0,0.58,195.4,0.57,257.93,0.56,56.5,0.55,62.5,0.54,86.0,0.59,20.0,0.6,65.5,0.61,94.28,0.62,15.0,0.63,108.0,0.01,0.01,2390.045288,1776159350000
1776159351.829,51.829,0.41,22.43,0.4,65.5,0.39,94.28,0.38,15.0,0.37,108.0,0.42,200.49,0.43,263.02,0.44,62.5,0.45,56.5,0.46,86.0,0.58,200.49,0.57,263.02,0.56,62.5,0.55,56.5,0.54,86.0,0.59,11.52,0.6,65.5,0.61,94.28,0.62,15.0,0.63,108.0,0.01,0.01,2390.045288,1776159350000
1776159352.409,52.409,0.41,22.43,0.4,65.5,0.39,94.28,0.38,15.0,0.37,108.0,0.42,200.49,0.43,263.02,0.44,62.5,0.45,56.5,0.46,86.0,0.58,200.49,0.57,263.02,0.56,62.5,0.55,56.5,0.54,86.0,0.59,22.43,0.6,65.5,0.61,94.28,0.62,15.0,0.63,108.0,0.01,0.01,2390.041612,1776159351000
1776159352.969,52.969,0.41,22.43,0.4,65.5,0.39,94.28,0.38,15.0,0.37,108.0,0.42,200.49,0.43,263.02,0.44,62.5,0.45,56.5,0.46,86.0,0.58,200.49,0.57,263.02,0.56,62.5,0.55,56.5,0.54,86.0,0.59,22.43,0.6,65.5,0.61,94.28,0.62,15.0,0.63,108.0,0.01,0.01,2390.040865,1776159352000
1776159354.072,54.072,0.41,22.43,0.4,65.5,0.39,94.28,0.38,15.0,0.37,108.0,0.42,200.49,0.43,263.02,0.44,62.5,0.45,56.5,0.46,86.0,0.58,200.49,0.57,263.02,0.56,62.5,0.55,56.5,0.54,86.0,0.59,22.43,0.6,65.5,0.61,94.28,0.62,15.0,0.63,108.0,0.01,0.01,2390.024195,1776159353000
1776159355.172,55.172,0.41,22.43,0.4,65.5,0.39,94.28,0.38,15.0,0.37,108.0,0.42,200.49,0.43,263.02,0.44,62.5,0.45,56.5,0.46,86.0,0.58,200.49,0.57,263.02,0.56,62.5,0.55,56.5,0.54,86.0,0.59,22.43,0.6,65.5,0.61,94.28,0.62,15.0,0.63,108.0,0.01,0.01,2390.02263,1776159354000
1776159356.066,56.066,0.41,22.43,0.4,65.5,0.39,94.28,0.38,15.0,0.37,108.0,0.42,200.49,0.43,263.02,0.44,62.5,0.45,56.5,0.46,86.0,0.58,200.49,0.57,263.02,0.56,62.5,0.55,56.5,0.54,86.0,0.59,22.43,0.6,65.5,0.61,94.28,0.62,15.0,0.63,108.0,0.01,0.01,2390.018183,1776159355000
1776159357.179,57.179,0.41,22.43,0.4,65.5,0.39,94.28,0.38,15.0,0.37,108.0,0.42,200.49,0.43,263.02,0.44,62.5,0.45,56.5,0.46,86.0,0.58,200.49,0.57,263.02,0.56,62.5,0.55,56.5,0.54,86.0,0.59,22.43,0.6,65.5,0.61,94.28,0.62,15.0,0.63,108.0,0.01,0.01,2390.087977,1776159356000
1776159358.385,58.385,0.41,22.43,0.4,65.5,0.39,94.28,0.38,15.0,0.37,108.0,0.42,200.49,0.43,263.02,0.44,62.5,0.45,56.5,0.46,86.0,0.58,200.49,0.57,263.02,0.56,62.5,0.55,56.5,0.54,86.0,0.59,22.43,0.6,65.5,0.61,94.28,0.62,15.0,0.63,108.0,0.01,0.01,2390.022755,1776159357000
1776159358.916,58.916,0.41,22.43,0.4,65.5,0.39,94.28,0.38,15.0,0.37,108.0,0.42,200.49,0.43,263.02,0.44,62.5,0.45,56.5,0.46,86.0,0.58,200.49,0.57,263.02,0.56,62.5,0.55,56.5,0.54,86.0,0.59,22.43,0.6,65.5,0.61,94.28,0.62,15.0,0.63,108.0,0.01,0.01,2390.02258,1776159358000
1776159360.087,60.087,0.41,22.43,0.4,65.5,0.39,94.28,0.38,15.0,0.37,108.0,0.42,200.49,0.43,263.02,0.44,62.5,0.45,56.5,0.46,86.0,0.58,200.49,0.57,263.02,0.56,62.5,0.55,56.5,0.54,86.0,0.59,22.43,0.6,65.5,0.61,94.28,0.62,15.0,0.63,108.0,0.01,0.01,2390.023275,1776159359000
1776159360.446,60.446,0.41,11.52,0.4,45.5,0.39,46.28,0.38,73.0,0.37,90.0,0.42,373.72,0.43,99.59,0.44,66.5,0.45,86.5,0.46,166.0,0.58,200.49,0.57,263.02,0.56,62.5,0.55,56.5,0.54,86.0,0.59,22.43,0.6,65.5,0.61,94.28,0.62,15.0,0.63,108.0,0.01,0.01,2390.023275,1776159359000
1776159361.175,61.175,0.41,4.69,0.4,45.5,0.39,46.28,0.38,73.0,0.37,90.0,0.42,368.72,0.43,99.59,0.44,66.5,0.45,56.5,0.46,196.0,0.58,368.72,0.57,99.59,0.56,66.5,0.55,56.5,0.54,196.0,0.59,4.69,0.6,45.5,0.61,46.28,0.62,73.0,0.63,90.0,0.01,0.01,2390.015325,1776159360000
1776159361.448,61.448,0.41,2.86,0.4,45.5,0.39,46.28,0.38,73.0,0.37,90.0,0.42,340.72,0.43,99.59,0.44,66.5,0.45,56.5,0.46,196.0,0.58,368.72,0.57,99.59,0.56,66.5,0.55,56.5,0.54,196.0,0.59,4.69,0.6,45.5,0.61,46.28,0.62,73.0,0.63,90.0,0.01,0.01,2390.015325,1776159360000
1776159362.263,62.263,0.41,2.86,0.4,45.5,0.39,46.28,0.38,73.0,0.37,90.0,0.42,340.72,0.43,99.59,0.44,66.5,0.45,56.5,0.46,196.0,0.58,340.72,0.57,99.59,0.56,66.5,0.55,56.5,0.54,196.0,0.59,2.86,0.6,45.5,0.61,46.28,0.62,73.0,0.63,90.0,0.01,0.01,2390.01519,1776159361000
1776159362.552,62.552,0.4,56.5,0.39,41.28,0.38,83.0,0.37,85.0,0.36,106.33,0.41,264.9,0.42,167.73,0.43,77.5,0.44,56.5,0.45,56.5,0.58,340.72,0.57,99.59,0.56,66.5,0.55,56.5,0.54,196.0,0.59,2.86,0.6,45.5,0.61,46.28,0.62,73.0,0.63,90.0,0.01,0.01,2390.01519,1776159361000
1776159362.886,62.886,0.4,56.5,0.39,41.28,0.38,83.0,0.37,85.0,0.36,106.33,0.41,264.9,0.42,167.73,0.43,77.5,0.44,56.5,0.45,56.5,0.59,264.9,0.58,167.73,0.57,77.5,0.56,56.5,0.55,56.5,0.6,56.5,0.61,41.28,0.62,83.0,0.63,85.0,0.64,106.33,0.01,0.01,2390.01519,1776159362000
1776159363.95,63.95,0.4,54.81,0.39,41.28,0.38,83.0,0.37,85.0,0.36,106.33,0.41,264.99,0.42,162.82,0.43,77.5,0.44,56.5,0.45,86.5,0.59,264.99,0.58,162.82,0.57,77.5,0.56,56.5,0.55,86.5,0.6,54.81,0.61,41.28,0.62,83.0,0.63,85.0,0.64,106.33,0.01,0.01,2390.024935,1776159363000
1776159365.53,65.53,0.4,54.81,0.39,41.28,0.38,83.0,0.37,85.0,0.36,106.33,0.41,264.99,0.42,162.82,0.43,77.5,0.44,56.5,0.45,86.5,0.59,264.99,0.58,162.82,0.57,77.5,0.56,56.5,0.55,86.5,0.6,54.81,0.61,41.28,0.62,83.0,0.63,85.0,0.64,106.33,0.01,0.01,2390.02994,1776159364000
1776159366.081,66.081,0.4,54.81,0.39,41.28,0.38,83.0,0.37,85.0,0.36,106.33,0.41,264.99,0.42,162.82,0.43,77.5,0.44,56.5,0.45,86.5,0.59,264.99,0.58,162.82,0.57,77.5,0.56,56.5,0.55,86.5,0.6,54.81,0.61,41.28,0.62,83.0,0.63,85.0,0.64,106.33,0.01,0.01,2390.02976,1776159365000
1776159367.193,67.193,0.4,54.81,0.39,41.28,0.38,83.0,0.37,85.0,0.36,106.33,0.41,264.99,0.42,162.82,0.43,77.5,0.44,56.5,0.45,86.5,0.59,264.99,0.58,162.82,0.57,77.5,0.56,56.5,0.55,86.5,0.6,54.81,0.61,41.28,0.62,83.0,0.63,85.0,0.64,106.33,0.01,0.01,2390.034535,1776159366000
1776159368.302,68.302,0.4,54.81,0.39,41.28,0.38,83.0,0.37,85.0,0.36,106.33,0.41,264.99,0.42,162.82,0.43,77.5,0.44,56.5,0.45,86.5,0.59,264.99,0.58,162.82,0.57,77.5,0.56,56.5,0.55,86.5,0.6,54.81,0.61,41.28,0.62,83.0,0.63,85.0,0.64,106.33,0.01,0.01,2390.074114,1776159367000
1776159368.774,68.774,0.4,18.22,0.35,30.36,0.33,15.0,0.32,73.0,0.31,27.99,0.41,732.49,0.42,109.82,0.43,61.5,0.44,56.5,0.45,56.5,0.59,264.99,0.58,162.82,0.57,77.5,0.56,56.5,0.55,86.5,0.6,54.81,0.61,41.28,0.62,83.0,0.63,85.0,0.64,106.33,0.01,0.01,2390.074114,1776159367000
1776159369.303,69.303,0.33,20.67,0.32,20.0,0.31,15.0,0.3,122.0,0.29,92.0,0.34,116.49,0.35,94.0,0.36,152.79,0.37,100.0,0.38,41.0,0.64,202.0,0.63,187.99,0.62,48.0,0.61,91.0,0.6,80.0,0.67,13.5,0.68,73.0,0.69,27.99,0.7,122.0,0.71,80.0,0.01,0.03,2390.074114,1776159367000
1776159369.565,69.565,0.32,10.65,0.31,15.0,0.3,180.0,0.29,92.0,0.28,39.89,0.34,126.49,0.35,175.99,0.36,36.8,0.37,36.0,0.38,46.0,0.66,116.49,0.65,94.0,0.64,152.79,0.63,100.0,0.62,41.0,0.67,20.67,0.68,20.0,0.69,15.0,0.7,122.0,0.71,92.0,0.02,0.01,2390.027515,1776159368000
1776159369.878,69.878,0.32,9.01,0.31,15.0,0.3,180.0,0.29,92.0,0.28,39.89,0.33,10.0,0.34,121.49,0.35,175.99,0.36,63.8,0.37,36.0,0.67,10.0,0.66,121.49,0.65,175.99,0.64,63.8,0.63,36.0,0.68,9.01,0.69,15.0,0.7,180.0,0.71,92.0,0.72,39.89,0.01,0.01,2390.03671,1776159369000
1776159370.094,70.094,0.32,24.02,0.31,78.0,0.3,122.0,0.29,125.0,0.28,39.89,0.33,199.0,0.34,41.0,0.35,181.49,0.36,63.8,0.37,31.0,0.67,10.0,0.66,121.49,0.65,175.99,0.64,63.8,0.63,36.0,0.68,9.01,0.69,15.0,0.7,180.0,0.71,92.0,0.72,39.89,0.01,0.01,2390.03671,1776159369000
1776159370.358,70.358,0.32,17.83,0.31,78.0,0.3,122.0,0.29,125.0,0.28,39.89,0.33,193.78,0.34,46.0,0.35,181.49,0.36,63.8,0.37,31.0,0.67,204.0,0.66,41.0,0.65,181.49,0.64,63.8,0.63,31.0,0.68,17.83,0.69,78.0,0.7,122.0,0.71,125.0,0.72,39.89,0.01,0.01,2390.03671,1776159369000
1776159370.953,70.953,0.32,21.35,0.31,78.0,0.3,122.0,0.29,125.0,0.28,39.89,0.33,198.78,0.34,46.0,0.35,181.49,0.36,63.8,0.37,31.0,0.67,198.78,0.66,46.0,0.65,181.49,0.64,63.8,0.63,31.0,0.68,21.35,0.69,78.0,0.7,122.0,0.71,125.0,0.72,39.89,0.01,0.01,2389.905438,1776159370000
1776159372.033,72.033,0.32,21.35,0.31,78.0,0.3,122.0,0.29,125.0,0.28,39.89,0.33,198.78,0.34,46.0,0.35,181.49,0.36,63.8,0.37,31.0,0.67,198.78,0.66,46.0,0.65,181.49,0.64,63.8,0.63,31.0,0.68,21.35,0.69,78.0,0.7,122.0,0.71,125.0,0.72,39.89,0.01,0.01,2389.686225,1776159371000
1776159373.087,73.087,0.32,21.35,0.31,78.0,0.3,122.0,0.29,125.0,0.28,39.89,0.33,198.78,0.34,46.0,0.35,181.49,0.36,63.8,0.37,31.0,0.67,198.78,0.66,46.0,0.65,181.49,0.64,63.8,0.63,31.0,0.68,21.35,0.69,78.0,0.7,122.0,0.71,125.0,0.72,39.89,0.01,0.01,2389.664095,1776159372000
1776159374.174,74.174,0.32,21.35,0.31,78.0,0.3,122.0,0.29,125.0,0.28,39.89,0.33,198.78,0.34,46.0,0.35,181.49,0.36,63.8,0.37,31.0,0.67,198.78,0.66,46.0,0.65,181.49,0.64,63.8,0.63,31.0,0.68,21.35,0.69,78.0,0.7,122.0,0.71,125.0,0.72,39.89,0.01,0.01,2389.66699,1776159373000
1776159374.505,74.505,0.32,16.44,0.31,30.5,0.3,111.99,0.29,193.5,0.28,32.89,0.33,211.56,0.34,46.0,0.35,46.5,0.36,122.79,0.37,59.0,0.67,241.87,0.66,46.0,0.65,46.5,0.64,122.79,0.63,59.0,0.68,16.44,0.69,20.0,0.7,121.99,0.71,193.5,0.72,32.89,0.01,0.01,2389.66699,1776159373000
1776159375.282,75.282,0.32,16.44,0.31,30.5,0.3,111.99,0.29,193.5,0.28,32.89,0.33,211.56,0.34,46.0,0.35,46.5,0.36,122.79,0.37,59.0,0.67,211.56,0.66,46.0,0.65,46.5,0.64,122.79,0.63,59.0,0.68,16.44,0.69,30.5,0.7,111.99,0.71,193.5,0.72,32.89,0.01,0.01,2389.67715,1776159374000
1776159375.608,75.608,0.31,17.59,0.3,111.99,0.29,193.5,0.28,32.89,0.27,64.58,0.33,269.56,0.34,46.0,0.35,46.5,0.36,122.79,0.37,59.0,0.67,211.56,0.66,46.0,0.65,46.5,0.64,122.79,0.63,59.0,0.68,16.44,0.69,30.5,0.7,111.99,0.71,193.5,0.72,32.89,0.02,0.01,2389.67715,1776159374000
1776159375.886,75.886,0.31,10.99,0.3,116.99,0.29,193.5,0.28,32.89,0.27,54.58,0.32,184.0,0.33,93.09,0.34,56.5,0.35,46.5,0.36,117.79,0.67,269.56,0.66,46.0,0.65,46.5,0.64,122.79,0.63,59.0,0.69,17.59,0.7,111.99,0.71,193.5,0.72,32.89,0.73,64.58,0.01,0.02,2389.67715,1776159374000
1776159376.145,76.145,0.31,10.99,0.3,174.99,0.29,135.5,0.28,32.89,0.27,54.58,0.32,188.37,0.33,40.09,0.34,51.5,0.35,46.5,0.36,117.79,0.68,191.5,0.67,40.09,0.66,51.5,0.65,46.5,0.64,117.79,0.69,10.99,0.7,174.99,0.71,135.5,0.72,32.89,0.73,54.58,0.01,0.01,2389.67715,1776159374000
1776159376.466,76.466,0.31,10.99,0.3,174.99,0.29,135.5,0.28,32.89,0.27,54.58,0.32,188.37,0.33,40.09,0.34,51.5,0.35,46.5,0.36,117.79,0.68,188.37,0.67,40.09,0.66,51.5,0.65,46.5,0.64,117.79,0.69,10.99,0.7,174.99,0.71,135.5,0.72,32.89,0.73,54.58,0.01,0.01,2389.677125,1776159375000
1776159376.721,76.721,0.31,21.49,0.3,174.99,0.29,135.5,0.28,32.89,0.27,47.58,0.32,79.37,0.33,35.09,0.34,94.0,0.35,36.0,0.36,117.79,0.68,188.37,0.67,40.09,0.66,51.5,0.65,46.5,0.64,117.79,0.69,10.99,0.7,174.99,0.71,135.5,0.72,32.89,0.73,54.58,0.01,0.01,2389.677125,1776159375000
1776159378.098,78.098,0.31,21.49,0.3,174.99,0.29,135.5,0.28,32.89,0.27,47.58,0.32,79.37,0.33,35.09,0.34,94.0,0.35,36.0,0.36,117.79,0.68,79.37,0.67,35.09,0.66,94.0,0.65,36.0,0.64,117.79,0.69,21.49,0.7,174.99,0.71,135.5,0.72,32.89,0.73,47.58,0.01,0.01,2389.66624,1776159377000
1776159379.623,79.623,0.31,11.49,0.3,122.49,0.29,193.5,0.28,32.89,0.27,47.58,0.32,132.37,0.33,103.09,0.34,46.5,0.35,122.49,0.36,55.64,0.68,132.37,0.67,103.09,0.66,46.5,0.65,122.49,0.64,55.64,0.69,11.49,0.7,122.49,0.71,193.5,0.72,32.89,0.73,47.58,0.01,0.01,2389.70317,1776159378000
1776159380.171,80.171,0.31,11.49,0.3,122.49,0.29,193.5,0.28,32.89,0.27,47.58,0.32,132.37,0.33,103.09,0.34,46.5,0.35,122.49,0.36,55.64,0.68,132.37,0.67,103.09,0.66,46.5,0.65,122.49,0.64,55.64,0.69,11.49,0.7,122.49,0.71,193.5,0.72,32.89,0.73,47.58,0.01,0.01,2389.70237,1776159379000
1776159381.118,81.118,0.31,11.49,0.3,122.49,0.29,193.5,0.28,32.89,0.27,47.58,0.32,132.37,0.33,103.09,0.34,46.5,0.35,122.49,0.36,55.64,0.68,132.37,0.67,103.09,0.66,46.5,0.65,122.49,0.64,55.64,0.69,11.49,0.7,122.49,0.71,193.5,0.72,32.89,0.73,47.58,0.01,0.01,2389.671318,1776159380000
1776159382.123,82.123,0.31,11.49,0.3,122.49,0.29,193.5,0.28,32.89,0.27,47.58,0.32,132.37,0.33,103.09,0.34,46.5,0.35,122.49,0.36,55.64,0.68,132.37,0.67,103.09,0.66,46.5,0.65,122.49,0.64,55.64,0.69,11.49,0.7,122.49,0.71,193.5,0.72,32.89,0.73,47.58,0.01,0.01,2389.667695,1776159381000
1776159382.999,82.999,0.31,11.49,0.3,122.49,0.29,193.5,0.28,32.89,0.27,47.58,0.32,132.37,0.33,103.09,0.34,46.5,0.35,122.49,0.36,55.64,0.68,132.37,0.67,103.09,0.66,46.5,0.65,122.49,0.64,55.64,0.69,11.49,0.7,122.49,0.71,193.5,0.72,32.89,0.73,47.58,0.01,0.01,2389.66509,1776159382000
1776159383.633,83.633,0.3,225.49,0.29,177.0,0.28,42.89,0.27,52.58,0.26,98.7,0.31,4.0,0.32,15.0,0.33,35.09,0.34,104.5,0.35,122.49,0.68,132.37,0.67,103.09,0.66,46.5,0.65,122.49,0.64,55.64,0.69,11.49,0.7,122.49,0.71,193.5,0.72,32.89,0.73,47.58,0.01,0.01,2389.66509,1776159382000
1776159384.003,84.003,0.31,5.0,0.3,225.49,0.29,177.0,0.28,42.89,0.27,52.58,0.32,3.0,0.33,35.09,0.34,104.5,0.35,122.49,0.36,71.64,0.68,3.0,0.67,35.09,0.66,104.5,0.65,122.49,0.64,71.64,0.69,5.0,0.7,225.49,0.71,177.0,0.72,42.89,0.73,52.58,0.01,0.01,2389.661264,1776159383000
1776159384.926,84.926,0.31,5.0,0.3,225.49,0.29,177.0,0.28,42.89,0.27,52.58,0.32,3.0,0.33,35.09,0.34,104.5,0.35,122.49,0.36,71.64,0.68,3.0,0.67,35.09,0.66,104.5,0.65,122.49,0.64,71.64,0.69,5.0,0.7,225.49,0.71,177.0,0.72,42.89,0.73,52.58,0.01,0.01,2389.661264,1776159384000
1776159385.433,85.433,0.31,45.09,0.3,142.49,0.29,235.0,0.28,42.89,0.27,52.58,0.32,68.87,0.33,30.0,0.34,46.5,0.35,122.49,0.36,71.64,0.68,3.0,0.67,35.09,0.66,104.5,0.65,122.49,0.64,71.64,0.69,5.0,0.7,225.49,0.71,177.0,0.72,42.89,0.73,52.58,0.01,0.01,2389.661264,1776159384000
1776159385.946,85.946,0.31,50.09,0.3,142.49,0.29,235.0,0.28,42.89,0.27,52.58,0.32,60.31,0.33,30.0,0.34,46.5,0.35,122.49,0.36,101.64,0.68,60.31,0.67,30.0,0.66,46.5,0.65,122.49,0.64,101.64,0.69,50.09,0.7,142.49,0.71,235.0,0.72,42.89,0.73,52.58,0.01,0.01,2389.678178,1776159385000
1776159386.96,86.96,0.31,50.09,0.3,142.49,0.29,235.0,0.28,42.89,0.27,52.58,0.32,60.31,0.33,30.0,0.34,46.5,0.35,122.49,0.36,101.64,0.68,60.31,0.67,30.0,0.66,46.5,0.65,122.49,0.64,101.64,0.69,50.09,0.7,142.49,0.71,235.0,0.72,42.89,0.73,52.58,0.01,0.01,2389.708945,1776159386000
1776159387.84,87.84,0.31,55.18,0.3,137.49,0.29,240.0,0.28,42.89,0.27,52.58,0.32,55.22,0.33,93.0,0.34,46.5,0.35,122.49,0.36,71.64,0.68,55.22,0.67,93.0,0.66,46.5,0.65,122.49,0.64,71.64,0.69,55.18,0.7,137.49,0.71,240.0,0.72,42.89,0.73,52.58,0.01,0.01,2389.7325,1776159387000
1776159388.756,88.756,0.31,55.18,0.3,153.49,0.29,240.0,0.28,42.89,0.27,52.58,0.32,3.09,0.33,94.0,0.34,36.5,0.35,108.49,0.36,115.64,0.68,55.22,0.67,93.0,0.66,46.5,0.65,122.49,0.64,71.64,0.69,55.18,0.7,137.49,0.71,240.0,0.72,42.89,0.73,52.58,0.01,0.01,2389.7325,1776159387000
1776159389.209,89.209,0.31,55.18,0.3,153.49,0.29,240.0,0.28,42.89,0.27,52.58,0.32,3.09,0.33,94.0,0.34,36.5,0.35,108.49,0.36,115.64,0.68,3.09,0.67,94.0,0.66,36.5,0.65,108.49,0.64,115.64,0.69,55.18,0.7,153.49,0.71,240.0,0.72,42.89,0.73,52.58,0.01,0.01,2389.72853,1776159388000
1776159390.233,90.233,0.31,55.18,0.3,153.49,0.29,240.0,0.28,42.89,0.27,52.58,0.32,3.09,0.33,94.0,0.34,36.5,0.35,108.49,0.36,115.64,0.68,3.09,0.67,94.0,0.66,36.5,0.65,108.49,0.64,115.64,0.69,55.18,0.7,153.49,0.71,240.0,0.72,42.89,0.73,52.58,0.01,0.01,2389.727055,1776159389000
1776159391.06,91.06,0.31,55.18,0.3,153.49,0.29,240.0,0.28,42.89,0.27,52.58,0.32,3.09,0.33,94.0,0.34,36.5,0.35,108.49,0.36,115.64,0.68,3.09,0.67,94.0,0.66,36.5,0.65,108.49,0.64,115.64,0.69,55.18,0.7,153.49,0.71,240.0,0.72,42.89,0.73,52.58,0.01,0.01,2389.746065,1776159390000
1776159391.608,91.608,0.31,57.28,0.3,111.99,0.29,172.0,0.28,121.89,0.27,73.58,0.32,74.09,0.33,114.5,0.34,46.5,0.35,108.49,0.36,136.64,0.68,3.09,0.67,94.0,0.66,36.5,0.65,108.49,0.64,115.64,0.69,55.18,0.7,153.49,0.71,240.0,0.72,42.89,0.73,52.58,0.01,0.01,2389.746065,1776159390000
1776159392.194,92.194,0.31,57.28,0.3,111.99,0.29,172.0,0.28,121.89,0.27,73.58,0.32,74.09,0.33,114.5,0.34,46.5,0.35,108.49,0.36,136.64,0.68,74.09,0.67,114.5,0.66,46.5,0.65,108.49,0.64,136.64,0.69,57.28,0.7,111.99,0.71,172.0,0.72,121.89,0.73,73.58,0.01,0.01,2389.71883,1776159391000
1776159393.155,93.155,0.31,57.28,0.3,111.99,0.29,172.0,0.28,121.89,0.27,73.58,0.32,74.09,0.33,114.5,0.34,46.5,0.35,108.49,0.36,136.64,0.68,74.09,0.67,114.5,0.66,46.5,0.65,108.49,0.64,136.64,0.69,57.28,0.7,111.99,0.71,172.0,0.72,121.89,0.73,73.58,0.01,0.01,2389.70868,1776159392000
1776159394.173,94.173,0.31,52.28,0.3,132.99,0.29,230.0,0.28,63.89,0.27,73.58,0.32,53.84,0.33,109.5,0.34,46.5,0.35,105.49,0.36,115.64,0.68,53.84,0.67,109.5,0.66,46.5,0.65,105.49,0.64,115.64,0.69,52.28,0.7,132.99,0.71,230.0,0.72,63.89,0.73,73.58,0.01,0.01,2389.71065,1776159393000
1776159394.665,94.665,0.31,336.77,0.3,185.59,0.29,151.0,0.28,93.89,0.27,78.58,0.33,3.69,0.37,6.0,0.38,25.0,0.39,99.99,0.4,62.0,0.68,53.84,0.67,109.5,0.66,46.5,0.65,105.49,0.64,115.64,0.69,52.28,0.7,132.99,0.71,230.0,0.72,63.89,0.73,73.58,0.02,0.01,2389.71065,1776159393000
1776159395.1,95.1,0.36,15.0,0.35,37.31,0.34,36.0,0.33,15.0,0.32,115.99,0.37,5.9,0.38,25.0,0.39,99.99,0.4,62.0,0.41,105.0,0.63,5.9,0.62,25.0,0.61,99.99,0.6,62.0,0.59,105.0,0.64,15.0,0.65,37.31,0.66,36.0,0.67,15.0,0.68,115.99,0.01,0.01,2389.710855,1776159394000
1776159395.68,95.68,0.36,23.0,0.35,45.31,0.34,63.99,0.33,125.5,0.32,50.0,0.37,24.1,0.38,83.0,0.39,99.99,0.4,62.0,0.41,105.0,0.63,5.9,0.62,25.0,0.61,99.99,0.6,62.0,0.59,105.0,0.64,15.0,0.65,37.31,0.66,36.0,0.67,15.0,0.68,115.99,0.01,0.01,2389.710855,1776159394000
1776159396.027,96.027,0.36,28.0,0.35,56.31,0.34,74.99,0.33,125.5,0.32,50.0,0.37,3.1,0.38,83.0,0.39,99.99,0.4,92.0,0.41,75.0,0.63,24.1,0.62,83.0,0.61,99.99,0.6,62.0,0.59,105.0,0.64,23.0,0.65,45.31,0.66,63.99,0.67,125.5,0.68,50.0,0.01,0.01,2389.710855,1776159394000
1776159397.18,97.18,0.36,28.0,0.35,56.31,0.34,74.99,0.33,125.5,0.32,50.0,0.37,3.1,0.38,83.0,0.39,99.99,0.4,92.0,0.41,75.0,0.63,3.1,0.62,83.0,0.61,99.99,0.6,92.0,0.59,75.0,0.64,28.0,0.65,56.31,0.66,74.99,0.67,125.5,0.68,50.0,0.01,0.01,2389.910885,1776159396000
1776159398.239,98.239,0.36,28.0,0.35,56.31,0.34,74.99,0.33,125.5,0.32,50.0,0.37,3.1,0.38,83.0,0.39,99.99,0.4,92.0,0.41,75.0,0.63,3.1,0.62,83.0,0.61,99.99,0.6,92.0,0.59,75.0,0.64,28.0,0.65,56.31,0.66,74.99,0.67,125.5,0.68,50.0,0.01,0.01,2389.95225,1776159397000
1776159398.811,98.811,0.36,7.46,0.35,56.31,0.34,63.0,0.33,88.8,0.32,149.0,0.37,109.5,0.38,20.0,0.39,107.99,0.4,87.0,0.41,70.0,0.63,114.59,0.62,20.0,0.61,107.99,0.6,87.0,0.59,70.0,0.64,7.46,0.65,56.31,0.66,72.99,0.67,88.8,0.68,118.0,0.01,0.01,2389.95225,1776159397000
1776159399.193,99.193,0.36,7.46,0.35,56.31,0.34,63.0,0.33,88.8,0.32,149.0,0.37,109.5,0.38,20.0,0.39,107.99,0.4,87.0,0.41,70.0,0.63,109.5,0.62,20.0,0.61,107.99,0.6,87.0,0.59,70.0,0.64,7.46,0.65,56.31,0.66,63.0,0.67,88.8,0.68,149.0,0.01,0.01,2389.95225,1776159398000
1776159399.573,99.573,0.36,17.46,0.35,51.31,0.34,83.5,0.33,146.8,0.32,60.0,0.37,110.09,0.38,20.0,0.39,108.99,0.4,87.0,0.41,70.0,0.63,109.5,0.62,20.0,0.61,107.99,0.6,87.0,0.59,70.0,0.64,7.46,0.65,56.31,0.66,63.0,0.67,88.8,0.68,149.0,0.01,0.01,2389.95225,1776159398000
1776159400.304,100.304,0.36,17.46,0.35,51.31,0.34,83.5,0.33,146.8,0.32,60.0,0.37,110.09,0.38,20.0,0.39,108.99,0.4,87.0,0.41,70.0,0.63,110.09,0.62,20.0,0.61,108.99,0.6,87.0,0.59,70.0,0.64,17.46,0.65,51.31,0.66,83.5,0.67,146.8,0.68,60.0,0.01,0.01,2389.93885,1776159399000
1776159401.278,101.278,0.36,17.46,0.35,51.31,0.34,83.5,0.33,146.8,0.32,60.0,0.37,110.09,0.38,20.0,0.39,108.99,0.4,87.0,0.41,70.0,0.63,110.09,0.62,20.0,0.61,108.99,0.6,87.0,0.59,70.0,0.64,17.46,0.65,51.31,0.66,83.5,0.67,146.8,0.68,60.0,0.01,0.01,2389.93039,1776159400000
1776159402.395,102.395,0.36,17.46,0.35,51.31,0.34,83.5,0.33,146.8,0.32,60.0,0.37,110.09,0.38,20.0,0.39,108.99,0.4,87.0,0.41,70.0,0.63,110.09,0.62,20.0,0.61,108.99,0.6,87.0,0.59,70.0,0.64,17.46,0.65,51.31,0.66,83.5,0.67,146.8,0.68,60.0,0.01,0.01,2389.93641,1776159401000
1776159403.013,103.013,0.36,47.83,0.35,39.0,0.34,83.5,0.33,136.79,0.32,92.0,0.37,260.09,0.38,27.84,0.39,46.84,0.4,60.0,0.41,70.0,0.63,110.09,0.62,20.0,0.61,108.99,0.6,87.0,0.59,70.0,0.64,17.46,0.65,51.31,0.66,83.5,0.67,146.8,0.68,60.0,0.01,0.01,2389.93641,1776159401000
1776159403.411,103.411,0.36,32.2,0.35,39.0,0.34,83.5,0.33,136.79,0.32,92.0,0.37,260.09,0.38,82.15,0.39,46.84,0.4,60.0,0.41,70.0,0.63,260.09,0.62,82.15,0.61,46.84,0.6,60.0,0.59,70.0,0.64,32.2,0.65,39.0,0.66,83.5,0.67,136.79,0.68,92.0,0.01,0.01,2389.94365,1776159402000
1776159403.984,103.984,0.36,190.9,0.35,200.29,0.34,162.5,0.33,64.8,0.32,44.5,0.4,10.0,0.41,105.15,0.42,93.23,0.43,68.0,0.44,20.0,0.63,260.09,0.62,82.15,0.61,46.84,0.6,60.0,0.59,70.0,0.64,32.2,0.65,39.0,0.66,83.5,0.67,136.79,0.68,92.0,0.04,0.01,2389.94365,1776159402000
1776159404.491,104.491,0.4,18.0,0.39,43.5,0.38,44.5,0.37,25.5,0.36,175.9,0.41,70.83,0.42,53.23,0.43,68.0,0.44,10.0,0.45,50.0,0.59,70.83,0.58,53.23,0.57,68.0,0.56,10.0,0.55,50.0,0.6,18.0,0.61,43.5,0.62,44.5,0.63,25.5,0.64,175.9,0.01,0.01,2389.94364,1776159403000
1776159405.024,105.024,0.4,114.0,0.39,43.5,0.38,107.5,0.37,50.9,0.36,109.3,0.41,89.14,0.42,101.23,0.43,20.0,0.44,10.0,0.45,20.0,0.59,70.83,0.58,53.23,0.57,68.0,0.56,10.0,0.55,50.0,0.6,18.0,0.61,43.5,0.62,44.5,0.63,25.5,0.64,175.9,0.01,0.01,2389.94364,1776159403000
1776159405.493,105.493,0.4,114.0,0.39,43.5,0.38,107.5,0.37,50.9,0.36,109.3,0.41,89.14,0.42,101.23,0.43,20.0,0.44,10.0,0.45,20.0,0.59,89.14,0.58,101.23,0.57,20.0,0.56,10.0,0.55,20.0,0.6,114.0,0.61,43.5,0.62,107.5,0.63,50.9,0.64,109.3,0.01,0.01,2389.94364,1776159404000
1776159406.483,106.483,0.4,193.57,0.39,56.5,0.38,69.8,0.37,73.9,0.36,113.31,0.41,80.0,0.42,17.23,0.43,27.84,0.44,52.5,0.45,10.0,0.59,89.14,0.58,101.23,0.57,20.0,0.56,10.0,0.55,20.0,0.6,114.0,0.61,43.5,0.62,107.5,0.63,50.9,0.64,109.3,0.01,0.01,2389.94364,1776159404000
1776159406.697,106.697,0.41,195.49,0.4,175.5,0.39,133.6,0.38,126.8,0.37,52.9,0.44,4.58,0.45,5.0,0.46,20.0,0.47,52.84,0.48,66.0,0.56,7.73,0.55,6.0,0.54,20.0,0.53,46.84,0.52,66.0,0.59,187.49,0.6,183.5,0.61,133.6,0.62,126.8,0.63,52.9,0.03,0.03,2389.94364,1776159404000
1776159406.944,106.944,0.44,87.14,0.43,49.0,0.42,20.5,0.41,78.49,0.4,137.5,0.45,25.5,0.46,89.84,0.47,72.84,0.48,20.0,0.49,68.18,0.55,9.58,0.54,20.0,0.53,52.84,0.52,66.0,0.51,38.18,0.57,10.0,0.58,10.5,0.59,190.49,0.6,175.5,0.61,133.6,0.01,0.02,2390.07132,1776159405000
1776159407.43,107.43,0.44,81.14,0.43,59.0,0.42,35.5,0.41,135.5,0.4,99.5,0.45,0.43,0.46,94.84,0.47,67.84,0.48,55.0,0.49,43.18,0.55,0.43,0.54,94.84,0.53,67.84,0.52,55.0,0.51,43.18,0.56,81.14,0.57,59.0,0.58,35.5,0.59,135.5,0.6,99.5,0.01,0.01,2390.128075,1776159406000
1776159407.795,107.795,0.45,89.0,0.44,40.0,0.43,54.0,0.42,35.5,0.41,142.4,0.46,115.07,0.47,77.84,0.48,55.0,0.49,43.18,0.5,74.84,0.54,107.19,0.53,77.84,0.52,25.0,0.51,73.18,0.5,74.84,0.55,109.0,0.56,55.0,0.57,54.0,0.58,35.5,0.59,127.5,0.01,0.01,2390.128075,1776159406000
1776159408.216,108.216,0.45,89.0,0.44,40.0,0.43,54.0,0.42,35.5,0.41,142.4,0.46,115.07,0.47,77.84,0.48,55.0,0.49,43.18,0.5,74.84,0.54,115.07,0.53,77.84,0.52,55.0,0.51,43.18,0.5,74.84,0.55,89.0,0.56,40.0,0.57,54.0,0.58,35.5,0.59,142.4,0.01,0.01,2390.183216,1776159407000
1776159409.11,109.11,0.45,99.18,0.44,15.0,0.43,46.0,0.42,35.09,0.41,112.0,0.46,195.26,0.47,147.84,0.48,125.0,0.49,118.18,0.5,79.84,0.54,98.07,0.53,77.84,0.52,25.0,0.51,83.18,0.5,74.84,0.55,91.12,0.56,40.0,0.57,54.0,0.58,35.5,0.59,142.4,0.01,0.01,2390.183216,1776159407000
1776159409.843,109.843,0.45,99.18,0.44,15.0,0.43,46.0,0.42,35.09,0.41,112.0,0.46,195.26,0.47,147.84,0.48,125.0,0.49,118.18,0.5,79.84,0.54,195.26,0.53,147.84,0.52,125.0,0.51,118.18,0.5,79.84,0.55,99.18,0.56,15.0,0.57,46.0,0.58,35.09,0.59,112.0,0.01,0.01,2390.277401,1776159408000
1776159410.46,110.46,0.45,65.99,0.44,25.0,0.43,46.0,0.42,40.59,0.41,112.0,0.46,138.98,0.47,137.84,0.48,125.0,0.49,113.18,0.5,79.84,0.54,128.98,0.53,147.84,0.52,125.0,0.51,113.18,0.5,84.84,0.55,104.18,0.56,25.0,0.57,46.0,0.58,103.59,0.59,54.0,0.01,0.01,2390.277401,1776159408000
1776159410.84,110.84,0.45,65.99,0.44,25.0,0.43,46.0,0.42,98.59,0.41,59.0,0.46,133.98,0.47,137.84,0.48,95.0,0.49,153.18,0.5,79.84,0.54,138.98,0.53,137.84,0.52,125.0,0.51,113.18,0.5,79.84,0.55,65.99,0.56,25.0,0.57,46.0,0.58,40.59,0.59,112.0,0.01,0.01,2390.295403,1776159409000
1776159411.344,111.344,0.45,65.99,0.44,25.0,0.43,46.0,0.42,98.59,0.41,59.0,0.46,133.98,0.47,137.84,0.48,95.0,0.49,153.18,0.5,79.84,0.54,133.98,0.53,137.84,0.52,95.0,0.51,153.18,0.5,79.84,0.55,65.99,0.56,25.0,0.57,46.0,0.58,98.59,0.59,59.0,0.01,0.01,2390.324169,1776159410000
1776159411.931,111.931,0.45,65.99,0.44,25.0,0.43,46.0,0.42,98.59,0.41,59.0,0.46,133.98,0.47,137.84,0.48,95.0,0.49,153.18,0.5,79.84,0.54,133.98,0.53,137.84,0.52,95.0,0.51,153.18,0.5,79.84,0.55,65.99,0.56,25.0,0.57,46.0,0.58,98.59,0.59,59.0,0.01,0.01,2390.31854,1776159411000
1776159412.139,112.139,0.45,33.36,0.44,15.0,0.43,51.09,0.42,98.59,0.41,52.0,0.46,99.95,0.47,148.34,0.48,95.0,0.49,143.18,0.5,74.84,0.54,153.43,0.53,148.34,0.52,95.0,0.51,143.18,0.5,74.84,0.55,8.36,0.56,15.0,0.57,51.09,0.58,98.59,0.59,52.0,0.01,0.01,2390.31854,1776159411000
1776159412.718,112.718,0.45,51.17,0.44,15.0,0.43,51.09,0.42,103.59,0.41,66.9,0.46,264.95,0.47,158.34,0.48,95.0,0.49,143.18,0.5,84.84,0.54,99.95,0.53,148.34,0.52,95.0,0.51,143.18,0.5,74.84,0.55,33.36,0.56,15.0,0.57,51.09,0.58,98.59,0.59,52.0,0.01,0.01,2390.31854,1776159411000
1776159413.493,113.493,0.45,51.17,0.44,15.0,0.43,51.09,0.42,103.59,0.41,66.9,0.46,264.95,0.47,158.34,0.48,95.0,0.49,143.18,0.5,84.84,0.54,264.95,0.53,158.34,0.52,95.0,0.51,143.18,0.5,84.84,0.55,51.17,0.56,15.0,0.57,51.09,0.58,103.59,0.59,66.9,0.01,0.01,2390.33254,1776159412000
1776159414.091,114.091,0.45,51.17,0.44,15.0,0.43,51.09,0.42,103.59,0.41,66.9,0.46,264.95,0.47,158.34,0.48,95.0,0.49,143.18,0.5,84.84,0.54,264.95,0.53,158.34,0.52,95.0,0.51,143.18,0.5,84.84,0.55,51.17,0.56,15.0,0.57,51.09,0.58,103.59,0.59,66.9,0.01,0.01,2390.330584,1776159413000
1776159414.349,114.349,0.42,37.67,0.41,56.4,0.4,134.5,0.39,156.59,0.38,176.8,0.44,35.5,0.45,63.34,0.46,65.79,0.47,147.5,0.48,116.0,0.54,264.95,0.53,158.34,0.52,95.0,0.51,143.18,0.5,84.84,0.55,51.17,0.56,15.0,0.57,51.09,0.58,103.59,0.59,66.9,0.02,0.01,2390.330584,1776159413000
1776159415.585,115.585,0.42,37.67,0.41,56.4,0.4,134.5,0.39,156.59,0.38,176.8,0.44,35.5,0.45,63.34,0.46,65.79,0.47,147.5,0.48,116.0,0.56,35.5,0.55,63.34,0.54,65.79,0.53,147.5,0.52,116.0,0.58,37.67,0.59,56.4,0.6,134.5,0.61,156.59,0.62,176.8,0.02,0.02,2390.30153,1776159414000
1776159416.167,116.167,0.42,37.67,0.41,56.4,0.4,134.5,0.39,156.59,0.38,176.8,0.44,35.5,0.45,63.34,0.46,65.79,0.47,147.5,0.48,116.0,0.56,35.5,0.55,63.34,0.54,65.79,0.53,147.5,0.52,116.0,0.58,37.67,0.59,56.4,0.6,134.5,0.61,156.59,0.62,176.8,0.02,0.02,2390.30145,1776159415000
1776159417.328,117.328,0.42,37.67,0.41,56.4,0.4,134.5,0.39,156.59,0.38,176.8,0.44,35.5,0.45,63.34,0.46,65.79,0.47,147.5,0.48,116.0,0.56,35.5,0.55,63.34,0.54,65.79,0.53,147.5,0.52,116.0,0.58,37.67,0.59,56.4,0.6,134.5,0.61,156.59,0.62,176.8,0.02,0.02,2390.30158,1776159416000
1776159418.118,118.118,0.42,37.67,0.41,56.4,0.4,134.5,0.39,156.59,0.38,176.8,0.44,35.5,0.45,63.34,0.46,65.79,0.47,147.5,0.48,116.0,0.56,35.5,0.55,63.34,0.54,65.79,0.53,147.5,0.52,116.0,0.58,37.67,0.59,56.4,0.6,134.5,0.61,156.59,0.62,176.8,0.02,0.02,2390.296665,1776159417000
1776159418.337,118.337,0.39,13.8,0.38,25.5,0.37,15.0,0.36,111.59,0.35,66.8,0.4,216.0,0.41,39.68,0.42,51.5,0.43,124.5,0.44,57.0,0.57,506.49,0.56,78.18,0.55,71.5,0.54,105.95,0.53,151.0,0.59,0.09,0.61,22.0,0.62,25.5,0.63,15.0,0.64,111.59,0.01,0.02,2390.296665,1776159417000
1776159419.383,119.383,0.39,16.91,0.38,25.5,0.37,15.0,0.36,100.6,0.35,75.79,0.4,243.19,0.41,61.49,0.42,35.5,0.43,66.5,0.44,57.0,0.6,216.0,0.59,39.68,0.58,51.5,0.57,124.5,0.56,57.0,0.61,13.8,0.62,25.5,0.63,15.0,0.64,111.59,0.65,66.8,0.01,0.01,2390.296665,1776159417000
1776159419.87,119.87,0.39,15.09,0.38,33.5,0.37,15.0,0.36,109.59,0.35,76.79,0.4,290.84,0.41,61.49,0.42,61.5,0.43,66.5,0.44,57.0,0.6,193.29,0.59,56.49,0.58,61.5,0.57,66.5,0.56,57.0,0.61,17.79,0.62,25.5,0.63,15.0,0.64,107.59,0.65,76.79,0.01,0.01,2390.292745,1776159418000
1776159420.141,120.141,0.39,3.45,0.38,33.5,0.37,15.0,0.36,114.59,0.35,76.79,0.4,290.84,0.41,102.3,0.42,61.5,0.43,66.5,0.44,57.0,0.6,290.84,0.59,61.49,0.58,61.5,0.57,66.5,0.56,57.0,0.61,15.09,0.62,33.5,0.63,15.0,0.64,109.59,0.65,76.79,0.01,0.01,2390.292745,1776159418000
1776159420.621,120.621,0.39,1.54,0.38,38.5,0.37,15.0,0.36,100.6,0.35,74.79,0.4,343.84,0.41,102.3,0.42,66.59,0.43,66.5,0.44,57.0,0.6,290.84,0.59,102.3,0.58,61.5,0.57,66.5,0.56,57.0,0.61,3.45,0.62,33.5,0.63,15.0,0.64,114.59,0.65,76.79,0.01,0.01,2390.27444,1776159419000
1776159421.214,121.214,0.34,15.0,0.33,98.0,0.32,102.99,0.31,72.89,0.3,32.1,0.4,660.33,0.41,181.49,0.42,120.59,0.43,131.5,0.44,51.0,0.6,343.84,0.59,102.3,0.58,66.59,0.57,66.5,0.56,57.0,0.61,1.54,0.62,38.5,0.63,15.0,0.64,100.6,0.65,74.79,0.06,0.01,2390.27444,1776159419000
1776159421.782,121.782,0.33,7.3,0.32,21.0,0.31,78.09,0.3,46.0,0.29,75.5,0.34,174.0,0.35,99.0,0.36,64.68,0.37,65.85,0.38,73.0,0.65,175.0,0.64,10.0,0.63,66.66,0.62,101.0,0.61,25.5,0.66,6.71,0.67,98.0,0.68,102.99,0.69,50.09,0.7,42.1,0.01,0.01,2390.27444,1776159419000
1776159422.093,122.093,0.33,9.1,0.32,21.0,0.31,78.09,0.3,51.0,0.29,75.5,0.34,194.0,0.35,109.0,0.36,105.49,0.37,75.85,0.38,83.0,0.66,174.0,0.65,99.0,0.64,64.68,0.63,65.85,0.62,73.0,0.67,7.3,0.68,21.0,0.69,78.09,0.7,46.0,0.71,75.5,0.01,0.01,2390.11916,1776159420000
1776159422.68,122.68,0.33,9.1,0.32,21.0,0.31,78.09,0.3,51.0,0.29,75.5,0.34,194.0,0.35,109.0,0.36,105.49,0.37,75.85,0.38,83.0,0.66,194.0,0.65,109.0,0.64,105.49,0.63,75.85,0.62,83.0,0.67,9.1,0.68,21.0,0.69,78.09,0.7,51.0,0.71,75.5,0.01,0.01,2390.12528,1776159421000
1776159423.077,123.077,0.33,19.6,0.32,21.0,0.31,103.09,0.3,56.0,0.29,38.5,0.34,209.0,0.35,119.5,0.36,87.31,0.37,75.85,0.38,83.0,0.66,194.0,0.65,109.0,0.64,105.49,0.63,75.85,0.62,83.0,0.67,9.1,0.68,21.0,0.69,78.09,0.7,51.0,0.71,75.5,0.01,0.01,2390.12528,1776159421000
1776159423.349,123.349,0.33,19.6,0.32,21.0,0.31,103.09,0.3,56.0,0.29,38.5,0.34,209.0,0.35,119.5,0.36,87.31,0.37,75.85,0.38,83.0,0.66,209.0,0.65,119.5,0.64,87.31,0.63,75.85,0.62,83.0,0.67,19.6,0.68,21.0,0.69,103.09,0.7,56.0,0.71,38.5,0.01,0.01,2390.088505,1776159422000
1776159423.624,123.624,0.33,20.6,0.32,26.0,0.31,113.09,0.3,55.15,0.29,48.5,0.34,199.0,0.35,109.0,0.36,71.5,0.37,78.66,0.38,83.0,0.66,209.0,0.65,119.5,0.64,87.31,0.63,75.85,0.62,83.0,0.67,19.6,0.68,21.0,0.69,103.09,0.7,56.0,0.71,38.5,0.01,0.01,2390.088505,1776159422000
1776159424.457,124.457,0.33,20.6,0.32,26.0,0.31,113.09,0.3,55.15,0.29,48.5,0.34,199.0,0.35,109.0,0.36,71.5,0.37,78.66,0.38,83.0,0.66,199.0,0.65,109.0,0.64,71.5,0.63,78.66,0.62,83.0,0.67,20.6,0.68,26.0,0.69,113.09,0.7,55.15,0.71,48.5,0.01,0.01,2389.965422,1776159423000
1776159424.927,124.927,0.33,20.6,0.32,26.0,0.31,113.09,0.3,55.15,0.29,48.5,0.34,199.0,0.35,109.0,0.36,71.5,0.37,78.66,0.38,83.0,0.66,199.0,0.65,109.0,0.64,71.5,0.63,78.66,0.62,83.0,0.67,20.6,0.68,26.0,0.69,113.09,0.7,55.15,0.71,48.5,0.01,0.01,2389.918008,1776159424000
1776159425.532,125.532,0.32,15.5,0.31,28.09,0.3,51.99,0.29,52.0,0.28,37.89,0.33,340.0,0.34,124.5,0.35,61.5,0.36,163.31,0.37,146.66,0.66,199.0,0.65,109.0,0.64,71.5,0.63,78.66,0.62,83.0,0.67,20.6,0.68,26.0,0.69,113.09,0.7,55.15,0.71,48.5,0.01,0.01,2389.918008,1776159424000
1776159425.851,125.851,0.32,15.5,0.31,28.09,0.3,51.99,0.29,52.0,0.28,37.89,0.33,340.0,0.34,124.5,0.35,61.5,0.36,163.31,0.37,146.66,0.67,340.0,0.66,124.5,0.65,61.5,0.64,163.31,0.63,146.66,0.68,15.5,0.69,28.09,0.7,51.99,0.71,52.0,0.72,37.89,0.01,0.01,2389.93244,1776159425000
1776159427.089,127.089,0.31,29.09,0.3,49.99,0.29,48.0,0.28,15.0,0.27,212.58,0.32,218.0,0.33,40.5,0.34,61.5,0.35,56.5,0.36,163.31,0.68,244.0,0.67,40.5,0.66,66.5,0.65,56.5,0.64,163.31,0.69,44.96,0.7,51.99,0.71,15.0,0.72,20.0,0.73,207.58,0.01,0.01,2389.93244,1776159425000
1776159428.189,128.189,0.31,29.09,0.3,49.99,0.29,48.0,0.28,15.0,0.27,212.58,0.32,218.0,0.33,40.5,0.34,61.5,0.35,56.5,0.36,163.31,0.68,218.0,0.67,40.5,0.66,61.5,0.65,56.5,0.64,163.31,0.69,29.09,0.7,49.99,0.71,48.0,0.72,15.0,0.73,212.58,0.01,0.01,2389.884942,1776159427000
1776159428.457,128.457,0.31,51.5,0.3,73.49,0.29,25.0,0.28,42.89,0.27,148.58,0.32,74.53,0.33,30.0,0.34,61.5,0.35,56.5,0.36,163.31,0.68,218.0,0.67,40.5,0.66,61.5,0.65,56.5,0.64,163.31,0.69,29.09,0.7,49.99,0.71,48.0,0.72,15.0,0.73,212.58,0.01,0.01,2389.884942,1776159427000
1776159429.184,129.184,0.31,51.5,0.3,73.49,0.29,25.0,0.28,42.89,0.27,148.58,0.32,74.53,0.33,30.0,0.34,61.5,0.35,56.5,0.36,163.31,0.68,74.53,0.67,30.0,0.66,61.5,0.65,56.5,0.64,163.31,0.69,51.5,0.7,73.49,0.71,25.0,0.72,42.89,0.73,148.58,0.01,0.01,2389.85338,1776159428000
1776159430.195,130.195,0.31,51.5,0.3,73.49,0.29,25.0,0.28,42.89,0.27,148.58,0.32,74.53,0.33,30.0,0.34,61.5,0.35,56.5,0.36,163.31,0.68,74.53,0.67,30.0,0.66,61.5,0.65,56.5,0.64,163.31,0.69,51.5,0.7,73.49,0.71,25.0,0.72,42.89,0.73,148.58,0.01,0.01,2389.85514,1776159429000
1776159430.963,130.963,0.29,23.84,0.28,58.5,0.27,37.28,0.26,43.7,0.25,98.2,0.3,345.0,0.31,91.5,0.32,57.0,0.33,102.5,0.34,81.49,0.68,74.53,0.67,30.0,0.66,61.5,0.65,56.5,0.64,163.31,0.69,51.5,0.7,73.49,0.71,25.0,0.72,42.89,0.73,148.58,0.01,0.01,2389.85514,1776159429000
1776159431.179,131.179,0.29,16.84,0.28,66.5,0.27,29.28,0.26,43.7,0.25,40.2,0.3,339.91,0.31,81.0,0.32,51.0,0.33,83.5,0.34,106.49,0.7,345.0,0.69,91.5,0.68,57.0,0.67,102.5,0.66,81.49,0.71,11.84,0.72,58.5,0.73,37.28,0.74,43.7,0.75,98.2,0.01,0.01,2389.85514,1776159429000
1776159431.881,131.881,0.29,4.79,0.28,66.5,0.27,29.28,0.26,43.7,0.25,98.2,0.3,434.91,0.31,91.59,0.32,61.5,0.33,112.5,0.34,77.49,0.7,339.91,0.69,81.0,0.68,51.0,0.67,83.5,0.66,106.49,0.71,16.84,0.72,66.5,0.73,29.28,0.74,43.7,0.75,40.2,0.01,0.01,2389.855286,1776159430000
1776159432.253,132.253,0.29,4.79,0.28,66.5,0.27,29.28,0.26,43.7,0.25,98.2,0.3,434.91,0.31,91.59,0.32,61.5,0.33,112.5,0.34,77.49,0.7,434.91,0.69,91.59,0.68,61.5,0.67,112.5,0.66,77.49,0.71,4.79,0.72,66.5,0.73,29.28,0.74,43.7,0.75,98.2,0.01,0.01,2389.85132,1776159431000
1776159432.953,132.953,0.28,23.13,0.27,42.28,0.26,43.7,0.25,92.2,0.24,34.7,0.29,264.0,0.3,161.91,0.31,91.59,0.32,62.5,0.33,77.5,0.7,434.91,0.69,91.59,0.68,61.5,0.67,112.5,0.66,77.49,0.71,4.79,0.72,66.5,0.73,29.28,0.74,43.7,0.75,98.2,0.01,0.01,2389.85132,1776159431000
1776159433.257,133.257,0.28,23.13,0.27,42.28,0.26,43.7,0.25,92.2,0.24,34.7,0.29,264.0,0.3,161.91,0.31,91.59,0.32,62.5,0.33,77.5,0.71,264.0,0.7,161.91,0.69,91.59,0.68,62.5,0.67,77.5,0.72,23.13,0.73,42.28,0.74,43.7,0.75,92.2,0.76,34.7,0.01,0.01,2389.74311,1776159432000
1776159434.306,134.306,0.28,21.46,0.27,42.28,0.26,73.85,0.25,92.2,0.24,34.7,0.29,279.18,0.3,135.91,0.31,127.58,0.32,87.68,0.33,77.5,0.71,279.18,0.7,135.91,0.69,127.58,0.68,87.68,0.67,77.5,0.72,21.46,0.73,42.28,0.74,73.85,0.75,92.2,0.76,34.7,0.01,0.01,2389.722235,1776159433000
1776159435.192,135.192,0.28,21.46,0.27,42.28,0.26,73.85,0.25,92.2,0.24,34.7,0.29,279.18,0.3,135.91,0.31,127.58,0.32,87.68,0.33,77.5,0.71,279.18,0.7,135.91,0.69,127.58,0.68,87.68,0.67,77.5,0.72,21.46,0.73,42.28,0.74,73.85,0.75,92.2,0.76,34.7,0.01,0.01,2389.681028,1776159434000
1776159436.143,136.143,0.28,0.96,0.27,62.93,0.26,25.5,0.25,92.2,0.24,39.7,0.29,417.36,0.3,78.5,0.31,76.59,0.32,101.5,0.33,105.68,0.71,417.36,0.7,78.5,0.69,76.59,0.68,101.5,0.67,105.68,0.72,0.96,0.73,62.93,0.74,25.5,0.75,92.2,0.76,39.7,0.01,0.01,2389.646855,1776159435000
1776159437.181,137.181,0.27,62.93,0.26,25.5,0.25,73.0,0.24,39.7,0.23,50.3,0.28,5.98,0.29,422.86,0.3,83.5,0.31,76.59,0.32,101.5,0.72,5.98,0.71,422.86,0.7,83.5,0.69,76.59,0.68,101.5,0.73,62.93,0.74,25.5,0.75,73.0,0.76,39.7,0.77,50.3,0.01,0.01,2389.646618,1776159436000
1776159438.188,138.188,0.27,32.06,0.26,66.5,0.25,73.0,0.24,39.7,0.23,50.3,0.28,274.98,0.29,123.86,0.3,83.5,0.31,61.59,0.32,106.68,0.72,5.98,0.71,422.86,0.7,83.5,0.69,76.59,0.68,101.5,0.73,62.93,0.74,25.5,0.75,73.0,0.76,39.7,0.77,50.3,0.01,0.01,2389.646618,1776159436000
1776159438.971,138.971,0.27,32.06,0.26,66.5,0.25,73.0,0.24,39.7,0.23,50.3,0.28,274.98,0.29,123.86,0.3,83.5,0.31,61.59,0.32,106.68,0.72,274.98,0.71,123.86,0.7,83.5,0.69,61.59,0.68,106.68,0.73,32.06,0.74,66.5,0.75,73.0,0.76,39.7,0.77,50.3,0.01,0.01,2389.650729,1776159438000
1776159440.093,140.093,0.27,32.06,0.26,66.5,0.25,73.0,0.24,39.7,0.23,50.3,0.28,274.98,0.29,123.86,0.3,83.5,0.31,61.59,0.32,106.68,0.72,274.98,0.71,123.86,0.7,83.5,0.69,61.59,0.68,106.68,0.73,32.06,0.74,66.5,0.75,73.0,0.76,39.7,0.77,50.3,0.01,0.01,2389.650695,1776159439000
1776159441.149,141.149,0.27,32.06,0.26,66.5,0.25,73.0,0.24,39.7,0.23,50.3,0.28,274.98,0.29,123.86,0.3,83.5,0.31,61.59,0.32,106.68,0.72,274.98,0.71,123.86,0.7,83.5,0.69,61.59,0.68,106.68,0.73,32.06,0.74,66.5,0.75,73.0,0.76,39.7,0.77,50.3,0.01,0.01,2389.649177,1776159440000
1776159442.436,142.436,0.27,151.56,0.26,139.5,0.25,25.0,0.24,49.7,0.23,50.3,0.28,158.98,0.29,30.36,0.3,31.0,0.31,99.08,0.32,92.49,0.72,158.98,0.71,30.36,0.7,31.0,0.69,99.08,0.68,92.49,0.73,151.56,0.74,139.5,0.75,25.0,0.76,49.7,0.77,50.3,0.01,0.01,2389.649654,1776159441000
1776159442.823,142.823,0.27,73.5,0.26,148.5,0.25,44.2,0.24,49.7,0.23,71.3,0.28,12.94,0.29,30.36,0.3,78.0,0.31,101.49,0.32,86.49,0.72,158.98,0.71,30.36,0.7,31.0,0.69,99.08,0.68,92.49,0.73,151.56,0.74,139.5,0.75,25.0,0.76,49.7,0.77,50.3,0.01,0.01,2389.649654,1776159441000
1776159443.095,143.095,0.27,73.5,0.26,148.5,0.25,44.2,0.24,49.7,0.23,71.3,0.28,12.94,0.29,30.36,0.3,78.0,0.31,101.49,0.32,86.49,0.72,12.94,0.71,30.36,0.7,78.0,0.69,101.49,0.68,86.49,0.73,73.5,0.74,148.5,0.75,44.2,0.76,49.7,0.77,71.3,0.01,0.01,2389.654567,1776159442000
1776159444.107,144.107,0.27,73.5,0.26,148.5,0.25,44.2,0.24,49.7,0.23,71.3,0.28,12.94,0.29,30.36,0.3,78.0,0.31,101.49,0.32,86.49,0.72,12.94,0.71,30.36,0.7,78.0,0.69,101.49,0.68,86.49,0.73,73.5,0.74,148.5,0.75,44.2,0.76,49.7,0.77,71.3,0.01,0.01,2389.7207,1776159443000
1776159444.351,144.351,0.27,36.41,0.26,85.5,0.25,102.2,0.24,49.7,0.23,66.3,0.28,172.94,0.29,88.36,0.3,35.5,0.31,101.49,0.32,86.49,0.72,12.94,0.71,30.36,0.7,78.0,0.69,101.49,0.68,86.49,0.73,73.5,0.74,148.5,0.75,44.2,0.76,49.7,0.77,71.3,0.01,0.01,2389.7207,1776159443000
1776159445.208,145.208,0.27,36.41,0.26,85.5,0.25,102.2,0.24,49.7,0.23,66.3,0.28,172.85,0.29,88.36,0.3,35.5,0.31,101.49,0.32,86.49,0.72,172.85,0.71,88.36,0.7,35.5,0.69,101.49,0.68,86.49,0.73,36.41,0.74,85.5,0.75,102.2,0.76,49.7,0.77,66.3,0.01,0.01,2389.718725,1776159444000
1776159446.366,146.366,0.27,36.41,0.26,85.5,0.25,102.2,0.24,49.7,0.23,66.3,0.28,172.85,0.29,88.36,0.3,35.5,0.31,101.49,0.32,86.49,0.72,172.85,0.71,88.36,0.7,35.5,0.69,101.49,0.68,86.49,0.73,36.41,0.74,85.5,0.75,102.2,0.76,49.7,0.77,66.3,0.01,0.01,2389.71888,1776159445000
1776159447.018,147.018,0.27,36.41,0.26,85.5,0.25,102.2,0.24,49.7,0.23,66.3,0.28,172.85,0.29,88.36,0.3,35.5,0.31,101.49,0.32,86.49,0.72,172.85,0.71,88.36,0.7,35.5,0.69,101.49,0.68,86.49,0.73,36.41,0.74,85.5,0.75,102.2,0.76,49.7,0.77,66.3,0.01,0.01,2389.718705,1776159446000
1776159448.253,148.253,0.27,36.41,0.26,85.5,0.25,102.2,0.24,49.7,0.23,66.3,0.28,172.85,0.29,88.36,0.3,35.5,0.31,101.49,0.32,86.49,0.72,172.85,0.71,88.36,0.7,35.5,0.69,101.49,0.68,86.49,0.73,36.41,0.74,85.5,0.75,102.2,0.76,49.7,0.77,66.3,0.01,0.01,2389.70198,1776159447000
1776159449.342,149.342,0.27,36.41,0.26,85.5,0.25,102.2,0.24,49.7,0.23,66.3,0.28,172.85,0.29,88.36,0.3,35.5,0.31,101.49,0.32,86.49,0.72,172.85,0.71,88.36,0.7,35.5,0.69,101.49,0.68,86.49,0.73,36.41,0.74,85.5,0.75,102.2,0.76,49.7,0.77,66.3,0.01,0.01,2389.698925,1776159448000
1776159449.719,149.719,0.27,13.74,0.26,85.2,0.25,44.2,0.24,102.7,0.23,71.3,0.28,316.85,0.29,55.86,0.3,41.5,0.31,84.49,0.32,156.49,0.72,172.85,0.71,88.36,0.7,35.5,0.69,101.49,0.68,86.49,0.73,36.41,0.74,85.5,0.75,102.2,0.76,49.7,0.77,66.3,0.01,0.01,2389.698925,1776159448000
1776159450.316,150.316,0.26,17.67,0.25,44.2,0.24,102.7,0.23,71.3,0.22,184.0,0.28,321.85,0.29,55.86,0.3,41.5,0.31,84.49,0.32,156.49,0.72,321.85,0.71,55.86,0.7,41.5,0.69,84.49,0.68,156.49,0.74,17.67,0.75,44.2,0.76,102.7,0.77,71.3,0.78,184.0,0.02,0.02,2389.71808,1776159449000
1776159450.636,150.636,0.26,48.87,0.25,86.2,0.24,55.2,0.23,129.3,0.22,184.0,0.27,223.33,0.28,28.35,0.29,55.86,0.3,41.5,0.31,84.49,0.72,321.85,0.71,55.86,0.7,41.5,0.69,84.49,0.68,156.49,0.74,17.67,0.75,44.2,0.76,102.7,0.77,71.3,0.78,184.0,0.01,0.02,2389.71808,1776159449000
1776159451.044,151.044,0.26,48.87,0.25,86.2,0.24,55.2,0.23,129.3,0.22,184.0,0.27,223.33,0.28,28.35,0.29,55.86,0.3,41.5,0.31,84.49,0.73,223.33,0.72,28.35,0.71,55.86,0.7,41.5,0.69,84.49,0.74,48.87,0.75,86.2,0.76,55.2,0.77,129.3,0.78,184.0,0.01,0.01,2389.71808,1776159450000
1776159451.728,151.728,0.26,58.87,0.25,164.7,0.24,55.2,0.23,71.3,0.22,184.0,0.27,203.33,0.28,17.85,0.29,55.86,0.3,41.5,0.31,84.49,0.73,223.33,0.72,28.35,0.71,55.86,0.7,41.5,0.69,84.49,0.74,48.87,0.75,86.2,0.76,55.2,0.77,129.3,0.78,184.0,0.01,0.01,2389.71808,1776159450000
1776159452.022,152.022,0.26,58.87,0.25,164.7,0.24,55.2,0.23,71.3,0.22,184.0,0.27,203.33,0.28,17.85,0.29,55.86,0.3,41.5,0.31,84.49,0.73,203.33,0.72,17.85,0.71,55.86,0.7,41.5,0.69,84.49,0.74,58.87,0.75,164.7,0.76,55.2,0.77,71.3,0.78,184.0,0.01,0.01,2389.698315,1776159451000
1776159452.242,152.242,0.26,53.87,0.25,86.2,0.24,113.2,0.23,71.3,0.22,184.0,0.27,216.0,0.28,91.35,0.29,55.86,0.3,111.5,0.31,95.49,0.73,203.33,0.72,17.85,0.71,55.86,0.7,41.5,0.69,84.49,0.74,58.87,0.75,164.7,0.76,55.2,0.77,71.3,0.78,184.0,0.01,0.01,2389.698315,1776159451000
1776159452.487,152.487,0.26,48.87,0.25,86.2,0.24,55.2,0.23,71.3,0.22,184.0,0.27,212.29,0.28,33.35,0.29,55.86,0.3,111.5,0.31,95.49,0.73,216.0,0.72,91.35,0.71,55.86,0.7,111.5,0.69,95.49,0.74,53.87,0.75,86.2,0.76,113.2,0.77,71.3,0.78,184.0,0.01,0.01,2389.698315,1776159451000
1776159453.036,153.036,0.24,37.0,0.23,28.0,0.22,30.5,0.21,36.7,0.2,120.5,0.26,360.5,0.27,166.5,0.28,130.35,0.29,141.85,0.3,72.49,0.73,212.29,0.72,33.35,0.71,55.86,0.7,111.5,0.69,95.49,0.74,48.87,0.75,86.2,0.76,55.2,0.77,71.3,0.78,184.0,0.02,0.01,2389.698315,1776159451000
1776159454.15,154.15,0.24,23.0,0.23,28.0,0.22,30.5,0.21,36.7,0.2,120.5,0.26,393.5,0.27,166.5,0.28,130.35,0.29,141.85,0.3,72.49,0.74,393.5,0.73,166.5,0.72,130.35,0.71,141.85,0.7,72.49,0.76,23.0,0.77,28.0,0.78,30.5,0.79,36.7,0.8,120.5,0.02,0.02,2389.69442,1776159453000
1776159454.514,154.514,0.24,50.71,0.23,62.0,0.22,25.5,0.21,41.7,0.2,52.5,0.25,460.59,0.26,141.5,0.27,156.5,0.28,155.26,0.29,76.86,0.74,393.5,0.73,166.5,0.72,130.35,0.71,141.85,0.7,72.49,0.76,23.0,0.77,28.0,0.78,30.5,0.79,36.7,0.8,120.5,0.01,0.02,2389.69442,1776159453000
1776159455.168,155.168,0.24,52.29,0.23,47.0,0.22,15.0,0.21,52.2,0.2,57.5,0.25,445.59,0.26,126.5,0.27,141.5,0.28,155.26,0.29,93.46,0.75,460.59,0.74,141.5,0.73,156.5,0.72,155.26,0.71,76.86,0.76,50.71,0.77,62.0,0.78,25.5,0.79,41.7,0.8,52.5,0.01,0.01,2389.69442,1776159453000
1776159456.086,156.086,0.24,52.29,0.23,47.0,0.22,15.0,0.21,52.2,0.2,57.5,0.25,445.59,0.26,126.5,0.27,141.5,0.28,155.26,0.29,93.46,0.75,445.59,0.74,126.5,0.73,141.5,0.72,155.26,0.71,93.46,0.76,52.29,0.77,47.0,0.78,15.0,0.79,52.2,0.8,57.5,0.01,0.01,2389.56519,1776159455000
1776159456.746,156.746,0.24,19.2,0.23,112.0,0.22,36.5,0.21,40.5,0.2,62.5,0.25,367.18,0.26,116.5,0.27,195.5,0.28,149.26,0.29,144.84,0.75,445.59,0.74,126.5,0.73,141.5,0.72,155.26,0.71,93.46,0.76,52.29,0.77,47.0,0.78,15.0,0.79,52.2,0.8,57.5,0.01,0.01,2389.56519,1776159455000
1776159457.068,157.068,0.24,19.2,0.23,112.0,0.22,36.5,0.21,40.5,0.2,62.5,0.25,367.18,0.26,116.5,0.27,195.5,0.28,149.26,0.29,144.84,0.75,367.18,0.74,116.5,0.73,195.5,0.72,149.26,0.71,144.84,0.76,19.2,0.77,112.0,0.78,36.5,0.79,40.5,0.8,62.5,0.01,0.01,2389.554955,1776159456000
1776159457.511,157.511,0.24,17.18,0.23,44.0,0.22,94.5,0.21,35.5,0.2,67.5,0.25,266.68,0.26,110.5,0.27,137.5,0.28,149.26,0.29,144.84,0.75,367.18,0.74,116.5,0.73,195.5,0.72,149.26,0.71,144.84,0.76,19.2,0.77,112.0,0.78,36.5,0.79,40.5,0.8,62.5,0.01,0.01,2389.554955,1776159456000
1776159457.719,157.719,0.24,12.41,0.23,44.0,0.22,94.5,0.21,35.5,0.2,67.5,0.25,304.68,0.26,110.5,0.27,137.5,0.28,149.26,0.29,144.84,0.75,299.68,0.74,110.5,0.73,137.5,0.72,149.26,0.71,144.84,0.76,14.39,0.77,44.0,0.78,94.5,0.79,35.5,0.8,67.5,0.01,0.01,2389.554955,1776159456000
1776159458.076,158.076,0.24,10.98,0.23,44.0,0.22,94.5,0.21,35.5,0.2,67.5,0.25,304.68,0.26,110.5,0.27,137.5,0.28,149.26,0.29,144.84,0.75,304.68,0.74,110.5,0.73,137.5,0.72,149.26,0.71,144.84,0.76,10.98,0.77,44.0,0.78,94.5,0.79,35.5,0.8,67.5,0.01,0.01,2389.573045,1776159457000
1776159459.135,159.135,0.24,10.98,0.23,44.0,0.22,94.5,0.21,35.5,0.2,67.5,0.25,304.68,0.26,110.5,0.27,137.5,0.28,149.26,0.29,144.84,0.75,304.68,0.74,110.5,0.73,137.5,0.72,149.26,0.71,144.84,0.76,10.98,0.77,44.0,0.78,94.5,0.79,35.5,0.8,67.5,0.01,0.01,2389.57942,1776159458000
1776159460.032,160.032,0.24,10.98,0.23,44.0,0.22,94.5,0.21,35.5,0.2,67.5,0.25,304.68,0.26,110.5,0.27,137.5,0.28,149.26,0.29,144.84,0.75,304.68,0.74,110.5,0.73,137.5,0.72,149.26,0.71,144.84,0.76,10.98,0.77,44.0,0.78,94.5,0.79,35.5,0.8,67.5,0.01,0.01,2389.610315,1776159459000
1776159461.144,161.144,0.24,10.98,0.23,44.0,0.22,94.5,0.21,35.5,0.2,67.5,0.25,304.68,0.26,110.5,0.27,137.5,0.28,149.26,0.29,144.84,0.75,304.68,0.74,110.5,0.73,137.5,0.72,149.26,0.71,144.84,0.76,10.98,0.77,44.0,0.78,94.5,0.79,35.5,0.8,67.5,0.01,0.01,2389.610375,1776159460000
1776159462.196,162.196,0.24,10.98,0.23,44.0,0.22,94.5,0.21,35.5,0.2,67.5,0.25,304.68,0.26,110.5,0.27,137.5,0.28,149.26,0.29,144.84,0.75,304.68,0.74,110.5,0.73,137.5,0.72,149.26,0.71,144.84,0.76,10.98,0.77,44.0,0.78,94.5,0.79,35.5,0.8,67.5,0.01,0.01,2389.605405,1776159461000
1776159463.211,163.211,0.22,19.2,0.21,47.0,0.2,56.5,0.19,43.4,0.18,39.4,0.23,366.0,0.24,141.5,0.25,71.68,0.26,155.5,0.27,141.5,0.77,366.0,0.76,141.5,0.75,71.68,0.74,155.5,0.73,141.5,0.78,19.2,0.79,47.0,0.8,56.5,0.81,43.4,0.82,39.4,0.01,0.01,2389.605555,1776159462000
1776159464.201,164.201,0.22,19.2,0.21,47.0,0.2,56.5,0.19,43.4,0.18,39.4,0.23,366.0,0.24,141.5,0.25,71.68,0.26,155.5,0.27,141.5,0.77,366.0,0.76,141.5,0.75,71.68,0.74,155.5,0.73,141.5,0.78,19.2,0.79,47.0,0.8,56.5,0.81,43.4,0.82,39.4,0.01,0.01,2389.57067,1776159463000
1776159465.27,165.27,0.22,19.2,0.21,47.0,0.2,56.5,0.19,43.4,0.18,39.4,0.23,366.0,0.24,141.5,0.25,71.68,0.26,155.5,0.27,141.5,0.77,366.0,0.76,141.5,0.75,71.68,0.74,155.5,0.73,141.5,0.78,19.2,0.79,47.0,0.8,56.5,0.81,43.4,0.82,39.4,0.01,0.01,2389.57067,1776159464000
1776159466.461,166.461,0.22,19.2,0.21,47.0,0.2,56.5,0.19,43.4,0.18,39.4,0.23,366.0,0.24,141.5,0.25,71.68,0.26,155.5,0.27,141.5,0.77,366.0,0.76,141.5,0.75,71.68,0.74,155.5,0.73,141.5,0.78,19.2,0.79,47.0,0.8,56.5,0.81,43.4,0.82,39.4,0.01,0.01,2389.57061,1776159465000
1776159466.822,166.822,0.21,28.47,0.2,118.05,0.19,118.4,0.18,54.4,0.17,56.5,0.22,273.09,0.23,78.0,0.24,67.5,0.25,61.59,0.26,185.5,0.77,366.0,0.76,141.5,0.75,71.68,0.74,155.5,0.73,141.5,0.78,19.2,0.79,47.0,0.8,56.5,0.81,43.4,0.82,39.4,0.01,0.01,2389.57061,1776159465000
1776159467.093,167.093,0.21,28.47,0.2,113.05,0.19,123.4,0.18,54.4,0.17,56.5,0.22,275.59,0.23,78.0,0.24,67.5,0.25,61.59,0.26,185.5,0.78,273.09,0.77,78.0,0.76,67.5,0.75,61.59,0.74,185.5,0.79,28.47,0.8,118.05,0.81,118.4,0.82,54.4,0.83,56.5,0.01,0.01,2389.57061,1776159465000
1776159468.234,168.234,0.21,14.59,0.2,113.05,0.19,123.4,0.18,54.4,0.17,56.5,0.22,270.59,0.23,78.0,0.24,67.5,0.25,61.59,0.26,185.5,0.78,270.59,0.77,78.0,0.76,67.5,0.75,61.59,0.74,185.5,0.79,14.59,0.8,113.05,0.81,123.4,0.82,54.4,0.83,56.5,0.01,0.01,2389.588235,1776159467000
1776159469.355,169.355,0.21,14.59,0.2,113.05,0.19,123.4,0.18,54.4,0.17,56.5,0.22,270.59,0.23,78.0,0.24,67.5,0.25,61.59,0.26,185.5,0.78,270.59,0.77,78.0,0.76,67.5,0.75,61.59,0.74,185.5,0.79,14.59,0.8,113.05,0.81,123.4,0.82,54.4,0.83,56.5,0.01,0.01,2389.58981,1776159468000
1776159470.01,170.01,0.21,14.59,0.2,113.05,0.19,123.4,0.18,54.4,0.17,56.5,0.22,270.59,0.23,78.0,0.24,67.5,0.25,61.59,0.26,185.5,0.78,270.59,0.77,78.0,0.76,67.5,0.75,61.59,0.74,185.5,0.79,14.59,0.8,113.05,0.81,123.4,0.82,54.4,0.83,56.5,0.01,0.01,2389.58982,1776159469000
1776159470.457,170.457,0.21,42.29,0.2,113.05,0.19,132.4,0.18,86.4,0.17,77.5,0.22,307.31,0.23,25.0,0.24,40.5,0.25,70.59,0.26,155.5,0.78,270.59,0.77,78.0,0.76,67.5,0.75,61.59,0.74,185.5,0.79,14.59,0.8,113.05,0.81,123.4,0.82,54.4,0.83,56.5,0.01,0.01,2389.58982,1776159469000
1776159471.244,171.244,0.21,42.29,0.2,113.05,0.19,132.4,0.18,86.4,0.17,77.5,0.22,307.31,0.23,25.0,0.24,40.5,0.25,70.59,0.26,155.5,0.78,307.31,0.77,25.0,0.76,40.5,0.75,70.59,0.74,155.5,0.79,42.29,0.8,113.05,0.81,132.4,0.82,86.4,0.83,77.5,0.01,0.01,2389.58982,1776159470000
1776159471.684,171.684,0.21,41.29,0.2,92.55,0.19,84.9,0.18,133.4,0.17,89.5,0.22,302.31,0.23,105.5,0.24,180.5,0.25,70.59,0.26,85.5,0.78,307.31,0.77,25.0,0.76,40.5,0.75,70.59,0.74,155.5,0.79,42.29,0.8,113.05,0.81,132.4,0.82,86.4,0.83,77.5,0.01,0.01,2389.58982,1776159470000
1776159472.447,172.447,0.21,41.29,0.2,92.55,0.19,84.9,0.18,133.4,0.17,89.5,0.22,302.31,0.23,105.5,0.24,180.5,0.25,70.59,0.26,85.5,0.78,302.31,0.77,105.5,0.76,180.5,0.75,70.59,0.74,85.5,0.79,41.29,0.8,92.55,0.81,84.9,0.82,133.4,0.83,89.5,0.01,0.01,2389.583505,1776159471000
1776159473.064,173.064,0.21,41.29,0.2,92.55,0.19,84.9,0.18,133.4,0.17,89.5,0.22,302.31,0.23,105.5,0.24,180.5,0.25,70.59,0.26,85.5,0.78,302.31,0.77,105.5,0.76,180.5,0.75,70.59,0.74,85.5,0.79,41.29,0.8,92.55,0.81,84.9,0.82,133.4,0.83,89.5,0.01,0.01,2389.574325,1776159472000
1776159474.201,174.201,0.21,41.29,0.2,92.55,0.19,84.9,0.18,133.4,0.17,89.5,0.22,302.31,0.23,105.5,0.24,180.5,0.25,70.59,0.26,85.5,0.78,302.31,0.77,105.5,0.76,180.5,0.75,70.59,0.74,85.5,0.79,41.29,0.8,92.55,0.81,84.9,0.82,133.4,0.83,89.5,0.01,0.01,2389.574375,1776159473000
1776159475.324,175.324,0.21,41.29,0.2,92.55,0.19,84.9,0.18,133.4,0.17,89.5,0.22,302.31,0.23,105.5,0.24,180.5,0.25,70.59,0.26,85.5,0.78,302.31,0.77,105.5,0.76,180.5,0.75,70.59,0.74,85.5,0.79,41.29,0.8,92.55,0.81,84.9,0.82,133.4,0.83,89.5,0.01,0.01,2389.57945,1776159474000
1776159475.869,175.869,0.21,218.79,0.2,128.55,0.19,90.9,0.18,60.4,0.17,91.5,0.22,56.09,0.23,26.0,0.24,20.0,0.25,40.59,0.26,25.0,0.78,302.31,0.77,105.5,0.76,180.5,0.75,70.59,0.74,85.5,0.79,41.29,0.8,92.55,0.81,84.9,0.82,133.4,0.83,89.5,0.01,0.01,2389.57945,1776159474000
1776159476.074,176.074,0.22,52.0,0.21,211.99,0.2,113.0,0.19,58.9,0.18,49.4,0.23,59.0,0.24,50.5,0.25,76.75,0.26,75.0,0.27,116.0,0.77,80.0,0.76,50.5,0.75,46.75,0.74,75.0,0.73,116.0,0.78,31.0,0.79,190.99,0.8,113.0,0.81,58.9,0.82,49.4,0.01,0.01,2389.57945,1776159474000
1776159476.315,176.315,0.22,39.77,0.21,118.59,0.2,78.0,0.19,79.9,0.18,54.4,0.23,168.0,0.24,71.5,0.25,156.75,0.26,96.0,0.27,116.0,0.77,163.0,0.76,71.5,0.75,156.75,0.74,96.0,0.73,116.0,0.78,44.56,0.79,118.59,0.8,78.0,0.81,79.9,0.82,49.4,0.01,0.01,2389.57945,1776159474000
1776159476.728,176.728,0.22,48.7,0.21,118.59,0.2,78.0,0.19,79.9,0.18,49.4,0.23,173.09,0.24,81.5,0.25,156.75,0.26,96.0,0.27,116.0,0.77,168.0,0.76,71.5,0.75,156.75,0.74,96.0,0.73,116.0,0.78,23.77,0.79,118.59,0.8,78.0,0.81,79.9,0.82,54.4,0.01,0.01,2389.580235,1776159475000
1776159476.967,176.967,0.22,27.1,0.21,118.59,0.2,78.0,0.19,79.9,0.18,49.4,0.23,163.3,0.24,81.5,0.25,156.75,0.26,96.0,0.27,116.0,0.77,163.3,0.76,81.5,0.75,156.75,0.74,96.0,0.73,116.0,0.78,27.1,0.79,118.59,0.8,78.0,0.81,79.9,0.82,49.4,0.01,0.01,2389.612027,1776159476000
1776159477.338,177.338,0.22,48.1,0.21,118.59,0.2,124.0,0.19,79.9,0.18,49.4,0.23,158.16,0.24,81.5,0.25,156.75,0.26,96.0,0.27,116.0,0.77,163.3,0.76,81.5,0.75,156.75,0.74,96.0,0.73,116.0,0.78,27.1,0.79,118.59,0.8,78.0,0.81,79.9,0.82,49.4,0.01,0.01,2389.612027,1776159476000
1776159477.781,177.781,0.22,48.1,0.21,105.79,0.2,124.0,0.19,79.9,0.18,49.4,0.23,153.15,0.24,81.5,0.25,156.75,0.26,96.0,0.27,116.0,0.77,158.37,0.76,81.5,0.75,156.75,0.74,96.0,0.73,116.0,0.78,48.1,0.79,118.59,0.8,78.0,0.81,79.9,0.82,49.4,0.01,0.01,2389.612027,1776159476000
1776159478.003,178.003,0.22,55.53,0.21,123.58,0.2,78.0,0.19,79.9,0.18,49.4,0.23,153.15,0.24,81.5,0.25,156.75,0.26,96.0,0.27,116.0,0.77,153.15,0.76,81.5,0.75,156.75,0.74,96.0,0.73,116.0,0.78,48.1,0.79,105.79,0.8,124.0,0.81,79.9,0.82,49.4,0.01,0.01,2389.612027,1776159476000
1776159478.457,178.457,0.22,35.83,0.21,123.58,0.2,78.0,0.19,85.9,0.18,49.4,0.23,168.75,0.24,86.5,0.25,86.75,0.26,96.0,0.27,46.0,0.77,153.15,0.76,81.5,0.75,156.75,0.74,96.0,0.73,116.0,0.78,55.53,0.79,123.58,0.8,78.0,0.81,79.9,0.82,49.4,0.01,0.01,2389.6705,1776159477000
1776159479.081,179.081,0.22,40.92,0.21,123.58,0.2,124.0,0.19,85.9,0.18,49.4,0.23,143.66,0.24,156.5,0.25,86.75,0.26,96.0,0.27,46.0,0.77,168.75,0.76,86.5,0.75,86.75,0.74,96.0,0.73,46.0,0.78,35.83,0.79,123.58,0.8,78.0,0.81,85.9,0.82,49.4,0.01,0.01,2389.6705,1776159477000
1776159479.714,179.714,0.22,40.83,0.21,101.79,0.2,124.0,0.19,85.9,0.18,49.4,0.23,114.25,0.24,156.5,0.25,86.75,0.26,96.0,0.27,46.0,0.77,128.48,0.76,156.5,0.75,86.75,0.74,96.0,0.73,46.0,0.78,35.83,0.79,123.58,0.8,124.0,0.81,85.9,0.82,49.4,0.01,0.01,2389.645048,1776159478000
1776159480.006,180.006,0.22,0.83,0.21,117.79,0.2,124.0,0.19,85.9,0.18,49.4,0.23,145.75,0.24,156.5,0.25,86.75,0.26,96.0,0.27,46.0,0.77,114.25,0.76,156.5,0.75,86.75,0.74,96.0,0.73,46.0,0.78,40.83,0.79,101.79,0.8,124.0,0.81,85.9,0.82,49.4,0.01,0.01,2389.645048,1776159478000
1776159480.384,180.384,0.21,69.59,0.2,96.25,0.19,110.9,0.18,107.4,0.17,64.5,0.22,158.0,0.23,98.75,0.24,156.5,0.25,51.75,0.26,228.99,0.77,145.75,0.76,156.5,0.75,86.75,0.74,96.0,0.73,46.0,0.78,0.83,0.79,117.79,0.8,124.0,0.81,85.9,0.82,49.4,0.01,0.01,2389.645089,1776159479000
1776159480.766,180.766,0.21,43.75,0.2,80.75,0.19,115.9,0.18,49.4,0.17,122.5,0.22,334.5,0.23,60.75,0.24,156.5,0.25,57.75,0.26,228.99,0.78,158.0,0.77,98.75,0.76,156.5,0.75,51.75,0.74,228.99,0.79,66.43,0.8,96.25,0.81,110.9,0.82,107.4,0.83,64.5,0.01,0.01,2389.645089,1776159479000
1776159481.184,181.184,0.21,43.75,0.2,80.75,0.19,115.9,0.18,49.4,0.17,122.5,0.22,334.5,0.23,60.75,0.24,156.5,0.25,57.75,0.26,228.99,0.78,334.5,0.77,60.75,0.76,156.5,0.75,57.75,0.74,228.99,0.79,43.75,0.8,80.75,0.81,115.9,0.82,49.4,0.83,122.5,0.01,0.01,2389.645128,1776159480000
1776159481.431,181.431,0.21,48.75,0.2,78.05,0.19,115.9,0.18,99.4,0.17,120.5,0.22,316.77,0.23,60.75,0.24,156.5,0.25,57.75,0.26,228.99,0.78,334.5,0.77,60.75,0.76,156.5,0.75,57.75,0.74,228.99,0.79,43.75,0.8,80.75,0.81,115.9,0.82,49.4,0.83,122.5,0.01,0.01,2389.645128,1776159480000
1776159482.143,182.143,0.21,48.75,0.2,78.05,0.19,115.9,0.18,49.4,0.17,120.5,0.22,299.49,0.23,60.75,0.24,156.5,0.25,57.75,0.26,228.99,0.78,299.49,0.77,60.75,0.76,156.5,0.75,57.75,0.74,228.99,0.79,48.75,0.8,78.05,0.81,115.9,0.82,49.4,0.83,120.5,0.01,0.01,2389.646018,1776159481000
1776159483.107,183.107,0.21,37.42,0.2,88.25,0.19,115.9,0.18,107.4,0.17,50.5,0.22,304.49,0.23,50.75,0.24,156.5,0.25,57.75,0.26,236.99,0.78,304.49,0.77,50.75,0.76,156.5,0.75,57.75,0.74,236.99,0.79,37.42,0.8,88.25,0.81,115.9,0.82,107.4,0.83,50.5,0.01,0.01,2389.633475,1776159482000
1776159484.151,184.151,0.21,15.91,0.2,83.05,0.19,115.9,0.18,99.4,0.17,108.5,0.22,299.49,0.23,67.75,0.24,156.5,0.25,57.75,0.26,236.99,0.78,299.49,0.77,67.75,0.76,156.5,0.75,57.75,0.74,236.99,0.79,15.91,0.8,83.05,0.81,115.9,0.82,99.4,0.83,108.5,0.01,0.01,2389.634097,1776159483000
1776159485.108,185.108,0.21,15.91,0.2,83.05,0.19,115.9,0.18,99.4,0.17,108.5,0.22,299.49,0.23,67.75,0.24,156.5,0.25,57.75,0.26,236.99,0.78,299.49,0.77,67.75,0.76,156.5,0.75,57.75,0.74,236.99,0.79,15.91,0.8,83.05,0.81,115.9,0.82,99.4,0.83,108.5,0.01,0.01,2389.636258,1776159484000
1776159485.571,185.571,0.21,51.41,0.2,60.55,0.19,99.1,0.18,104.4,0.17,50.5,0.22,225.99,0.23,87.75,0.24,165.5,0.25,115.75,0.26,247.99,0.78,299.49,0.77,67.75,0.76,156.5,0.75,57.75,0.74,236.99,0.79,15.91,0.8,83.05,0.81,115.9,0.82,99.4,0.83,108.5,0.01,0.01,2389.636258,1776159484000
1776159486.047,186.047,0.21,9.68,0.2,60.55,0.19,99.1,0.18,104.4,0.17,50.5,0.22,229.99,0.23,87.75,0.24,175.5,0.25,115.75,0.26,247.99,0.78,225.99,0.77,87.75,0.76,165.5,0.75,115.75,0.74,247.99,0.79,51.41,0.8,60.55,0.81,99.1,0.82,104.4,0.83,50.5,0.01,0.01,2389.636258,1776159484000
1776159486.401,186.401,0.21,3.45,0.2,60.55,0.19,99.1,0.18,104.4,0.17,50.5,0.22,264.99,0.23,57.75,0.24,175.5,0.25,115.75,0.26,258.99,0.78,229.99,0.77,87.75,0.76,175.5,0.75,115.75,0.74,247.99,0.79,9.68,0.8,60.55,0.81,99.1,0.82,104.4,0.83,50.5,0.01,0.01,2389.639791,1776159485000
1776159487.123,187.123,0.21,3.45,0.2,60.55,0.19,99.1,0.18,104.4,0.17,50.5,0.22,264.99,0.23,57.75,0.24,175.5,0.25,115.75,0.26,258.99,0.78,264.99,0.77,57.75,0.76,175.5,0.75,115.75,0.74,258.99,0.79,3.45,0.8,60.55,0.81,99.1,0.82,104.4,0.83,50.5,0.01,0.01,2389.63541,1776159486000
1776159488.078,188.078,0.21,3.45,0.2,60.55,0.19,99.1,0.18,104.4,0.17,50.5,0.22,251.44,0.23,57.75,0.24,175.5,0.25,115.75,0.26,258.99,0.78,251.44,0.77,57.75,0.76,175.5,0.75,115.75,0.74,258.99,0.79,3.45,0.8,60.55,0.81,99.1,0.82,104.4,0.83,50.5,0.01,0.01,2389.636142,1776159487000
1776159488.923,188.923,0.2,32.3,0.19,69.9,0.18,104.4,0.17,108.5,0.16,56.8,0.22,313.94,0.23,62.75,0.24,181.5,0.25,184.74,0.26,132.0,0.78,251.44,0.77,57.75,0.76,175.5,0.75,115.75,0.74,258.99,0.79,3.45,0.8,60.55,0.81,99.1,0.82,104.4,0.83,50.5,0.02,0.01,2389.636142,1776159487000
1776159489.945,189.945,0.2,32.3,0.19,69.9,0.18,104.4,0.17,108.5,0.16,56.8,0.22,313.94,0.23,62.75,0.24,181.5,0.25,184.74,0.26,132.0,0.78,313.94,0.77,62.75,0.76,181.5,0.75,184.74,0.74,132.0,0.8,32.3,0.81,69.9,0.82,104.4,0.83,108.5,0.84,56.8,0.02,0.02,2389.661631,1776159489000
1776159490.427,190.427,0.2,46.53,0.19,98.4,0.18,104.4,0.17,50.5,0.16,109.8,0.21,340.0,0.22,71.5,0.23,93.75,0.24,181.5,0.25,193.74,0.78,313.94,0.77,62.75,0.76,181.5,0.75,184.74,0.74,132.0,0.8,32.3,0.81,69.9,0.82,104.4,0.83,108.5,0.84,56.8,0.01,0.02,2389.661631,1776159489000
1776159490.88,190.88,0.2,46.53,0.19,98.4,0.18,104.4,0.17,50.5,0.16,109.8,0.21,340.0,0.22,71.5,0.23,93.75,0.24,181.5,0.25,193.74,0.79,340.0,0.78,71.5,0.77,93.75,0.76,181.5,0.75,193.74,0.8,46.53,0.81,98.4,0.82,104.4,0.83,50.5,0.84,109.8,0.01,0.01,2389.661876,1776159490000
1776159491.594,191.594,0.16,5.0,0.12,15.09,0.11,15.0,0.1,15.0,0.09,71.11,0.21,455.59,0.22,56.5,0.23,73.5,0.24,41.5,0.25,51.75,0.79,340.0,0.78,71.5,0.77,93.75,0.76,181.5,0.75,193.74,0.8,46.53,0.81,98.4,0.82,104.4,0.83,50.5,0.84,109.8,0.05,0.01,2389.661876,1776159490000
1776159491.796,191.796,0.12,5.09,0.11,10.0,0.1,10.0,0.09,12.11,0.08,67.4,0.15,19.0,0.19,65.5,0.2,25.5,0.21,148.59,0.22,56.5,0.79,455.59,0.78,56.5,0.77,63.5,0.76,41.5,0.75,51.75,0.82,6.51,0.84,5.0,0.88,15.09,0.89,15.0,0.9,15.0,0.03,0.03,2389.661876,1776159490000
1776159492.123,192.123,0.09,5.0,0.08,53.9,0.07,90.59,0.06,106.47,0.05,136.8,0.12,1.5,0.13,10.5,0.14,102.6,0.16,55.0,0.17,25.0,0.87,5.74,0.86,70.0,0.84,50.0,0.83,5.0,0.82,41.5,0.89,8.79,0.9,10.0,0.91,12.11,0.92,72.4,0.93,85.59,0.03,0.02,2389.63917,1776159491000
1776159492.547,192.547,0.08,66.52,0.07,60.3,0.06,104.8,0.05,136.8,0.04,188.8,0.09,22.1,0.1,38.0,0.11,30.5,0.12,46.5,0.13,46.5,0.9,21.32,0.89,10.5,0.88,1.5,0.87,20.5,0.86,229.59,0.91,8.04,0.92,53.9,0.93,70.3,0.94,88.8,0.95,115.8,0.01,0.01,2389.63917,1776159491000
1776159492.769,192.769,0.08,35.2,0.07,192.3,0.06,73.8,0.05,100.8,0.04,165.8,0.1,59.59,0.11,101.5,0.12,195.49,0.13,101.5,0.14,190.6,0.91,22.1,0.9,38.0,0.89,30.5,0.88,46.5,0.87,46.5,0.92,66.52,0.93,60.3,0.94,104.8,0.95,136.8,0.96,188.8,0.02,0.01,2389.63917,1776159491000
1776159493.272,193.272,0.07,177.26,0.06,229.8,0.05,100.8,0.04,165.8,0.03,895.56,0.08,30.0,0.09,51.5,0.1,91.09,0.11,101.5,0.12,195.49,0.92,30.0,0.91,51.5,0.9,91.09,0.89,101.5,0.88,195.49,0.93,177.26,0.94,229.8,0.95,100.8,0.96,165.8,0.97,895.56,0.01,0.01,2389.5777,1776159492000
1776159493.621,193.621,0.07,193.62,0.06,229.8,0.05,100.8,0.04,139.8,0.03,844.56,0.08,124.15,0.09,51.5,0.1,91.09,0.11,131.5,0.12,81.5,0.92,102.77,0.91,51.5,0.9,91.09,0.89,131.5,0.88,208.49,0.93,226.62,0.94,229.8,0.95,100.8,0.96,165.8,0.97,844.56,0.01,0.01,2389.5777,1776159492000
1776159493.924,193.924,0.07,89.7,0.06,275.8,0.05,100.8,0.04,134.8,0.03,839.56,0.08,102.0,0.09,56.5,0.1,102.09,0.11,251.49,0.12,81.5,0.92,124.15,0.91,51.5,0.9,91.09,0.89,131.5,0.88,81.5,0.93,163.62,0.94,229.8,0.95,100.8,0.96,139.8,0.97,844.56,0.01,0.01,2389.5777,1776159492000
1776159494.225,194.225,0.07,84.7,0.06,275.8,0.05,100.8,0.04,134.8,0.03,844.56,0.08,97.0,0.09,56.5,0.1,102.09,0.11,251.49,0.12,81.5,0.92,97.0,0.91,56.5,0.9,102.09,0.89,251.49,0.88,81.5,0.93,84.7,0.94,275.8,0.95,100.8,0.96,134.8,0.97,844.56,0.01,0.01,2388.954815,1776159493000
1776159494.736,194.736,0.07,63.44,0.06,275.8,0.05,100.8,0.04,134.8,0.03,839.56,0.08,105.75,0.09,40.5,0.1,132.09,0.11,256.49,0.12,81.5,0.92,107.7,0.91,61.5,0.9,102.09,0.89,258.49,0.88,81.5,0.93,49.44,0.94,275.8,0.95,100.8,0.96,134.8,0.97,839.56,0.01,0.01,2388.954815,1776159493000
1776159495.249,195.249,0.07,33.81,0.06,275.8,0.05,100.8,0.04,134.8,0.03,839.56,0.08,110.75,0.09,40.5,0.1,132.09,0.11,256.49,0.12,81.5,0.92,110.75,0.91,40.5,0.9,132.09,0.89,256.49,0.88,81.5,0.93,33.81,0.94,275.8,0.95,100.8,0.96,134.8,0.97,839.56,0.01,0.01,2388.704902,1776159494000
1776159496.192,196.192,0.07,33.81,0.06,275.8,0.05,100.8,0.04,134.8,0.03,839.56,0.08,110.75,0.09,40.5,0.1,132.09,0.11,256.49,0.12,81.5,0.92,110.75,0.91,40.5,0.9,132.09,0.89,256.49,0.88,81.5,0.93,33.81,0.94,275.8,0.95,100.8,0.96,134.8,0.97,839.56,0.01,0.01,2388.615231,1776159495000
1776159497.155,197.155,0.07,33.81,0.06,275.8,0.05,100.8,0.04,134.8,0.03,839.56,0.08,110.75,0.09,40.5,0.1,132.09,0.11,256.49,0.12,81.5,0.92,110.75,0.91,40.5,0.9,132.09,0.89,256.49,0.88,81.5,0.93,33.81,0.94,275.8,0.95,100.8,0.96,134.8,0.97,839.56,0.01,0.01,2388.610604,1776159496000
1776159497.675,197.675,0.06,212.0,0.05,280.8,0.04,139.8,0.03,939.56,0.02,1032.55,0.08,128.75,0.09,91.5,0.1,93.09,0.11,272.49,0.12,85.0,0.92,110.75,0.91,40.5,0.9,132.09,0.89,256.49,0.88,81.5,0.93,33.81,0.94,275.8,0.95,100.8,0.96,134.8,0.97,839.56,0.02,0.01,2388.610604,1776159496000
1776159498.178,198.178,0.06,218.83,0.05,280.8,0.04,139.8,0.03,939.56,0.02,1032.55,0.07,10.5,0.08,123.75,0.09,91.5,0.1,93.09,0.11,285.49,0.93,10.5,0.92,123.75,0.91,91.5,0.9,93.09,0.89,285.49,0.94,218.83,0.95,280.8,0.96,139.8,0.97,939.56,0.98,1032.55,0.01,0.01,2388.612294,1776159497000
1776159499.143,199.143,0.06,218.83,0.05,280.8,0.04,139.8,0.03,939.56,0.02,1032.55,0.07,10.5,0.08,123.75,0.09,91.5,0.1,93.09,0.11,285.49,0.93,10.5,0.92,123.75,0.91,91.5,0.9,93.09,0.89,285.49,0.94,218.83,0.95,280.8,0.96,139.8,0.97,939.56,0.98,1032.55,0.01,0.01,2388.611565,1776159498000
1776159500.127,200.127,0.06,218.83,0.05,280.8,0.04,139.8,0.03,939.56,0.02,1032.55,0.07,10.5,0.08,123.75,0.09,91.5,0.1,93.09,0.11,285.49,0.93,10.5,0.92,123.75,0.91,91.5,0.9,93.09,0.89,285.49,0.94,218.83,0.95,280.8,0.96,139.8,0.97,939.56,0.98,1032.55,0.01,0.01,2388.594291,1776159499000
1776159500.517,200.517,0.06,287.03,0.05,290.8,0.04,149.8,0.03,891.56,0.02,1090.55,0.07,110.85,0.08,57.75,0.09,95.5,0.1,77.5,0.11,285.49,0.93,10.5,0.92,123.75,0.91,91.5,0.9,93.09,0.89,285.49,0.94,218.83,0.95,280.8,0.96,139.8,0.97,939.56,0.98,1032.55,0.01,0.01,2388.594291,1776159499000
1776159501.09,201.09,0.06,262.18,0.05,290.8,0.04,149.8,0.03,891.56,0.02,1090.55,0.07,110.85,0.08,57.75,0.09,95.5,0.1,77.5,0.11,285.49,0.93,110.85,0.92,57.75,0.91,95.5,0.9,77.5,0.89,285.49,0.94,262.18,0.95,290.8,0.96,149.8,0.97,891.56,0.98,1090.55,0.01,0.01,2388.590925,1776159500000
1776159501.322,201.322,0.06,15.2,0.05,443.8,0.04,144.8,0.03,786.56,0.02,695.55,0.07,117.56,0.08,154.75,0.09,279.49,0.1,128.48,0.11,107.0,0.93,110.85,0.92,57.75,0.91,95.5,0.9,77.5,0.89,285.49,0.94,262.18,0.95,290.8,0.96,149.8,0.97,891.56,0.98,1090.55,0.01,0.01,2388.590925,1776159500000
1776159501.643,201.643,0.06,26.78,0.05,443.8,0.04,144.8,0.03,786.56,0.02,695.55,0.07,127.56,0.08,154.75,0.09,280.49,0.1,128.48,0.11,107.0,0.93,117.56,0.92,154.75,0.91,279.49,0.9,128.48,0.89,107.0,0.94,15.2,0.95,443.8,0.96,144.8,0.97,786.56,0.98,695.55,0.01,0.01,2388.590925,1776159500000
1776159502.11,202.11,0.06,26.78,0.05,443.8,0.04,144.8,0.03,786.56,0.02,695.55,0.07,127.56,0.08,154.75,0.09,280.49,0.1,128.48,0.11,107.0,0.93,127.56,0.92,154.75,0.91,280.49,0.9,128.48,0.89,107.0,0.94,26.78,0.95,443.8,0.96,144.8,0.97,786.56,0.98,695.55,0.01,0.01,2388.58962,1776159501000
1776159502.992,202.992,0.06,26.78,0.05,443.8,0.04,144.8,0.03,786.56,0.02,695.55,0.07,127.56,0.08,154.75,0.09,280.49,0.1,128.48,0.11,107.0,0.93,127.56,0.92,154.75,0.91,280.49,0.9,128.48,0.89,107.0,0.94,26.78,0.95,443.8,0.96,144.8,0.97,786.56,0.98,695.55,0.01,0.01,2388.532411,1776159502000
1776159503.739,203.739,0.05,126.4,0.04,509.8,0.03,781.56,0.02,595.55,0.01,6942.69,0.06,88.0,0.07,234.59,0.08,198.75,0.09,445.49,0.1,269.5,0.93,127.56,0.92,154.75,0.91,280.49,0.9,128.48,0.89,107.0,0.94,26.78,0.95,443.8,0.96,144.8,0.97,786.56,0.98,695.55,0.01,0.01,2388.532411,1776159502000
1776159503.961,203.961,0.05,126.4,0.04,509.8,0.03,781.56,0.02,595.55,0.01,6942.69,0.06,88.0,0.07,234.59,0.08,198.75,0.09,445.49,0.1,269.5,0.94,88.0,0.93,234.59,0.92,198.75,0.91,445.49,0.9,269.5,0.95,126.4,0.96,509.8,0.97,781.56,0.98,595.55,0.99,6942.69,0.01,0.01,2388.450054,1776159503000
1776159504.657,204.657,0.05,126.34,0.04,416.0,0.03,781.56,0.02,595.55,0.01,6937.69,0.06,118.5,0.07,155.59,0.08,98.75,0.09,346.49,0.1,159.0,0.94,88.0,0.93,234.59,0.92,198.75,0.91,445.49,0.9,269.5,0.95,126.4,0.96,509.8,0.97,781.56,0.98,595.55,0.99,6942.69,0.01,0.01,2388.450054,1776159503000
1776159504.976,204.976,0.05,119.34,0.04,416.0,0.03,781.56,0.02,595.55,0.01,6937.69,0.06,123.5,0.07,155.59,0.08,98.75,0.09,346.49,0.1,159.0,0.94,118.5,0.93,155.59,0.92,98.75,0.91,346.49,0.9,159.0,0.95,126.34,0.96,416.0,0.97,781.56,0.98,595.55,0.99,6937.69,0.01,0.01,2388.450054,1776159503000
1776159505.458,205.458,0.05,78.81,0.04,416.0,0.03,781.56,0.02,995.55,0.01,7037.69,0.06,123.5,0.07,155.59,0.08,98.75,0.09,346.49,0.1,199.0,0.94,123.5,0.93,155.59,0.92,98.75,0.91,346.49,0.9,159.0,0.95,119.34,0.96,416.0,0.97,781.56,0.98,595.55,0.99,6937.69,0.01,0.01,2388.450054,1776159503000
1776159506.159,206.159,0.04,391.09,0.03,1078.56,0.02,937.55,0.01,7100.69,,,0.06,98.5,0.07,130.59,0.08,220.74,0.09,263.5,0.1,112.0,0.94,123.5,0.93,155.59,0.92,98.75,0.91,346.49,0.9,199.0,0.95,78.81,0.96,416.0,0.97,781.56,0.98,995.55,0.99,7037.69,0.02,0.01,2388.33218,1776159504000
1776159506.439,206.439,0.04,391.09,0.03,1078.56,0.02,937.55,0.01,7100.69,,,0.06,98.5,0.07,130.59,0.08,220.74,0.09,263.5,0.1,112.0,0.94,98.5,0.93,130.59,0.92,220.74,0.91,263.5,0.9,112.0,0.96,391.09,0.97,1078.56,0.98,937.55,0.99,7100.69,,,0.02,0.02,2388.343081,1776159505000
1776159506.69,206.69,0.05,23.07,0.04,227.29,0.03,1067.56,0.02,1037.55,0.01,7100.69,0.06,124.5,0.07,135.59,0.08,365.73,0.09,268.5,0.1,117.0,0.94,124.5,0.93,135.59,0.92,365.73,0.91,268.5,0.9,117.0,0.95,29.14,0.96,227.29,0.97,1067.56,0.98,1037.55,0.99,7100.69,0.01,0.01,2388.343081,1776159505000
1776159506.968,206.968,0.05,23.07,0.04,227.29,0.03,1067.56,0.02,1037.55,0.01,7100.69,0.06,124.5,0.07,135.59,0.08,365.73,0.09,268.5,0.1,117.0,0.94,124.5,0.93,135.59,0.92,365.73,0.91,268.5,0.9,117.0,0.95,23.07,0.96,227.29,0.97,1067.56,0.98,1037.55,0.99,7100.69,0.01,0.01,2388.349195,1776159506000
1776159507.302,207.302,0.05,1.8,0.04,194.29,0.03,1067.56,0.02,543.55,0.01,7095.69,0.06,139.5,0.07,152.59,0.08,370.73,0.09,268.5,0.1,107.0,0.94,124.5,0.93,135.59,0.92,365.73,0.91,268.5,0.9,117.0,0.95,23.07,0.96,227.29,0.97,1067.56,0.98,1037.55,0.99,7100.69,0.01,0.01,2388.349195,1776159506000
1776159508.326,208.326,0.04,181.04,0.03,1067.56,0.02,1094.55,0.01,7095.69,,,0.06,159.5,0.07,136.59,0.08,395.74,0.09,278.5,0.1,107.0,0.94,159.5,0.93,136.59,0.92,395.74,0.91,278.5,0.9,107.0,0.96,181.04,0.97,1067.56,0.98,1094.55,0.99,7095.69,,,0.02,0.02,2388.326923,1776159507000
1776159508.978,208.978,0.04,181.04,0.03,1067.56,0.02,1094.55,0.01,7095.69,,,0.06,159.5,0.07,136.59,0.08,395.74,0.09,278.5,0.1,107.0,0.94,159.5,0.93,136.59,0.92,395.74,0.91,278.5,0.9,107.0,0.96,181.04,0.97,1067.56,0.98,1094.55,0.99,7095.69,,,0.02,0.02,2388.308259,1776159508000
1776159509.294,209.294,0.04,38.29,0.03,1159.76,0.02,1094.55,0.01,7495.69,,,0.05,134.0,0.06,130.5,0.07,126.59,0.08,466.64,0.09,293.5,0.94,159.5,0.93,136.59,0.92,395.74,0.91,278.5,0.9,107.0,0.96,181.04,0.97,1067.56,0.98,1094.55,0.99,7095.69,,,0.01,0.02,2388.308259,1776159508000
1776159509.761,209.761,0.04,40.19,0.03,1169.76,0.02,1194.55,0.01,7495.69,,,0.05,129.0,0.06,130.5,0.07,126.59,0.08,466.64,0.09,293.5,0.95,134.0,0.94,130.5,0.93,126.59,0.92,466.64,0.91,293.5,0.96,38.29,0.97,1159.76,0.98,1094.55,0.99,7495.69,,,0.01,0.01,2388.308259,1776159508000
1776159510.368,210.368,0.04,35.03,0.03,1169.76,0.02,1194.55,0.01,7495.69,,,0.05,129.0,0.06,130.5,0.07,126.59,0.08,466.64,0.09,293.5,0.95,129.0,0.94,130.5,0.93,126.59,0.92,466.64,0.91,293.5,0.96,35.03,0.97,1169.76,0.98,1194.55,0.99,7495.69,,,0.01,0.01,2388.246693,1776159509000
1776159510.882,210.882,0.03,1087.45,0.02,1194.55,0.01,7495.69,,,,,0.05,147.91,0.06,120.5,0.07,381.58,0.08,218.38,0.09,216.5,0.95,84.91,0.94,120.0,0.93,374.85,0.92,218.38,0.91,216.5,0.96,7.69,0.97,1169.76,0.98,1194.55,0.99,7500.69,,,0.02,0.01,2388.246693,1776159509000
1776159511.209,211.209,0.04,10.0,0.03,1121.11,0.02,1194.55,0.01,7495.69,,,0.05,146.45,0.06,120.5,0.07,380.58,0.08,218.38,0.09,216.5,0.95,147.91,0.94,120.5,0.93,381.58,0.92,218.38,0.91,216.5,0.97,1087.45,0.98,1194.55,0.99,7495.69,,,,,0.01,0.02,2388.246693,1776159509000
1776159511.415,211.415,0.04,10.0,0.03,1121.11,0.02,1194.55,0.01,7495.69,,,0.05,146.45,0.06,120.5,0.07,380.58,0.08,218.38,0.09,216.5,0.95,146.45,0.94,120.5,0.93,380.58,0.92,218.38,0.91,216.5,0.96,10.0,0.97,1121.11,0.98,1194.55,0.99,7495.69,,,0.01,0.01,2388.244123,1776159510000
1776159511.948,211.948,0.04,10.0,0.03,1121.11,0.02,1194.55,0.01,7495.69,,,0.05,146.45,0.06,120.5,0.07,380.58,0.08,218.38,0.09,216.5,0.95,146.45,0.94,120.5,0.93,380.58,0.92,218.38,0.91,216.5,0.96,10.0,0.97,1121.11,0.98,1194.55,0.99,7495.69,,,0.01,0.01,2388.244156,1776159511000
1776159512.422,212.422,0.04,6.87,0.03,1115.11,0.02,1079.55,0.01,7000.69,,,0.05,198.45,0.06,87.5,0.07,363.58,0.08,191.38,0.09,194.0,0.95,146.45,0.94,120.5,0.93,380.58,0.92,218.38,0.91,216.5,0.96,10.0,0.97,1121.11,0.98,1194.55,0.99,7495.69,,,0.01,0.01,2388.244156,1776159511000
1776159512.654,212.654,0.03,1101.95,0.02,1079.55,0.01,7000.69,,,,,0.05,191.45,0.06,87.5,0.07,363.58,0.08,191.38,0.09,194.0,0.95,196.45,0.94,87.5,0.93,363.58,0.92,191.38,0.91,194.0,0.97,1115.11,0.98,1079.55,0.99,7000.69,,,,,0.02,0.02,2388.244156,1776159511000
1776159513.128,213.128,0.03,1001.04,0.02,1089.55,0.01,7000.69,,,,,0.04,30.0,0.05,176.91,0.06,77.0,0.07,368.56,0.08,181.38,0.95,191.45,0.94,87.5,0.93,363.58,0.92,191.38,0.91,194.0,0.97,1101.95,0.98,1079.55,0.99,7000.69,,,,,0.01,0.02,2388.244156,1776159511000
1776159513.437,213.437,0.03,820.13,0.02,1079.55,0.01,7000.69,,,,,0.04,123.09,0.05,140.91,0.06,60.0,0.07,435.77,0.08,181.38,0.96,118.0,0.95,118.91,0.94,77.0,0.93,435.77,0.92,181.38,0.97,976.04,0.98,1079.55,0.99,7000.69,,,,,0.01,0.01,2388.25169,1776159512000
1776159514.631,214.631,0.03,820.13,0.02,1079.55,0.01,7000.69,,,,,0.04,123.09,0.05,140.91,0.06,60.0,0.07,435.77,0.08,181.38,0.96,123.09,0.95,140.91,0.94,60.0,0.93,435.77,0.92,181.38,0.97,820.13,0.98,1079.55,0.99,7000.69,,,,,0.01,0.01,2388.2339,1776159513000
1776159515.19,215.19,0.03,820.13,0.02,1079.55,0.01,7000.69,,,,,0.04,123.09,0.05,140.91,0.06,60.0,0.07,435.77,0.08,181.38,0.96,123.09,0.95,140.91,0.94,60.0,0.93,435.77,0.92,181.38,0.97,820.13,0.98,1079.55,0.99,7000.69,,,,,0.01,0.01,2388.21797,1776159514000
1776159516.099,216.099,0.03,484.02,0.02,1282.55,0.01,7500.69,,,,,0.04,158.09,0.05,116.41,0.06,75.5,0.07,456.77,0.08,176.38,0.96,123.09,0.95,140.91,0.94,60.0,0.93,435.77,0.92,181.38,0.97,820.13,0.98,1079.55,0.99,7000.69,,,,,0.01,0.01,2388.21797,1776159514000
1776159516.869,216.869,0.03,574.68,0.02,1282.55,0.01,7595.69,,,,,0.04,158.09,0.05,116.41,0.06,75.5,0.07,470.79,0.08,211.65,0.96,158.09,0.95,116.41,0.94,75.5,0.93,456.77,0.92,176.38,0.97,484.02,0.98,1282.55,0.99,7500.69,,,,,0.01,0.01,2388.171744,1776159515000
1776159517.514,217.514,0.03,574.68,0.02,1282.55,0.01,7595.69,,,,,0.04,158.09,0.05,116.41,0.06,75.5,0.07,470.79,0.08,211.65,0.96,158.09,0.95,116.41,0.94,75.5,0.93,470.79,0.92,211.65,0.97,574.68,0.98,1282.55,0.99,7595.69,,,,,0.01,0.01,2388.133641,1776159516000
1776159517.843,217.843,0.03,448.91,0.02,1282.55,0.01,7595.69,,,,,0.04,158.09,0.05,116.41,0.06,470.29,0.07,204.51,0.08,137.65,0.96,158.09,0.95,116.41,0.94,75.5,0.93,470.79,0.92,211.65,0.97,574.68,0.98,1282.55,0.99,7595.69,,,,,0.01,0.01,2388.133641,1776159516000
1776159519.205,219.205,0.03,448.91,0.02,1282.55,0.01,7595.69,,,,,0.04,158.09,0.05,116.41,0.06,470.29,0.07,204.51,0.08,137.65,0.96,158.09,0.95,116.41,0.94,470.29,0.93,204.51,0.92,137.65,0.97,448.91,0.98,1282.55,0.99,7595.69,,,,,0.01,0.01,2388.140016,1776159518000
1776159519.709,219.709,0.03,402.71,0.02,1144.75,0.01,8844.69,,,,,0.04,163.09,0.05,112.41,0.06,507.29,0.07,204.51,0.08,137.65,0.96,158.09,0.95,116.41,0.94,470.29,0.93,204.51,0.92,137.65,0.97,448.91,0.98,1282.55,0.99,7595.69,,,,,0.01,0.01,2388.140016,1776159518000
1776159520.395,220.395,0.03,397.71,0.02,1144.75,0.01,8844.69,,,,,0.04,163.09,0.05,112.41,0.06,507.29,0.07,204.51,0.08,137.65,0.96,163.09,0.95,112.41,0.94,507.29,0.93,204.51,0.92,137.65,0.97,397.71,0.98,1144.75,0.99,8844.69,,,,,0.01,0.01,2388.141442,1776159519000
1776159521.114,221.114,0.03,399.64,0.02,1141.75,0.01,8849.91,,,,,0.04,153.09,0.05,101.91,0.06,527.29,0.07,204.51,0.08,137.65,0.96,163.09,0.95,112.41,0.94,507.29,0.93,204.51,0.92,137.65,0.97,397.71,0.98,1144.75,0.99,8844.69,,,,,0.01,0.01,2388.141442,1776159519000
1776159521.539,221.539,0.03,394.64,0.02,1141.75,0.01,8849.91,,,,,0.04,153.09,0.05,101.91,0.06,527.29,0.07,204.51,0.08,137.65,0.96,153.09,0.95,101.91,0.94,527.29,0.93,204.51,0.92,137.65,0.97,394.64,0.98,1141.75,0.99,8849.91,,,,,0.01,0.01,2388.135872,1776159520000
1776159522.102,222.102,0.03,394.64,0.02,1141.75,0.01,8849.91,,,,,0.04,153.09,0.05,101.91,0.06,527.29,0.07,204.51,0.08,137.65,0.96,153.09,0.95,101.91,0.94,527.29,0.93,204.51,0.92,137.65,0.97,394.64,0.98,1141.75,0.99,8849.91,,,,,0.01,0.01,2388.137169,1776159521000
1776159523.104,223.104,0.03,394.64,0.02,1141.75,0.01,8849.91,,,,,0.04,153.09,0.05,101.91,0.06,527.29,0.07,204.51,0.08,137.65,0.96,153.09,0.95,101.91,0.94,527.29,0.93,204.51,0.92,137.65,0.97,394.64,0.98,1141.75,0.99,8849.91,,,,,0.01,0.01,2388.14993,1776159522000
1776159524.182,224.182,0.03,394.64,0.02,1141.75,0.01,8849.91,,,,,0.04,153.09,0.05,101.91,0.06,527.29,0.07,204.51,0.08,137.65,0.96,153.09,0.95,101.91,0.94,527.29,0.93,204.51,0.92,137.65,0.97,394.64,0.98,1141.75,0.99,8849.91,,,,,0.01,0.01,2388.157305,1776159523000
1776159525.354,225.354,0.03,373.64,0.02,1032.75,0.01,8839.91,,,,,0.04,223.81,0.05,116.41,0.06,517.29,0.07,198.51,0.08,137.65,0.96,153.09,0.95,101.91,0.94,527.29,0.93,204.51,0.92,137.65,0.97,394.64,0.98,1141.75,0.99,8849.91,,,,,0.01,0.01,2388.157305,1776159523000
1776159525.811,225.811,0.03,309.98,0.02,360.05,0.01,3066.91,,,,,0.04,254.02,0.05,295.2,0.06,179.3,0.07,145.8,0.08,98.9,0.96,223.81,0.95,116.41,0.94,517.29,0.93,198.51,0.92,137.65,0.97,373.64,0.98,1032.75,0.99,8839.91,,,,,0.01,0.01,2388.16513,1776159524000
1776159526.152,226.152,0.03,242.72,0.02,344.85,0.01,3066.91,,,,,0.04,395.43,0.05,556.48,0.06,296.3,0.07,145.8,0.08,98.9,0.96,500.3,0.95,300.2,0.94,209.3,0.93,145.8,0.92,98.9,0.97,252.72,0.98,360.05,0.99,3066.91,,,,,0.01,0.01,2388.16513,1776159525000
1776159526.469,226.469,0.03,236.38,0.02,358.05,0.01,3066.91,,,,,0.04,755.12,0.05,300.2,0.06,209.3,0.07,115.8,0.08,98.9,0.96,390.43,0.95,556.48,0.94,296.3,0.93,145.8,0.92,98.9,0.97,212.72,0.98,344.85,0.99,3066.91,,,,,0.01,0.01,2388.16513,1776159525000
1776159526.78,226.78,0.03,225.34,0.02,344.85,0.01,3466.91,,,,,0.04,760.12,0.05,300.2,0.06,209.3,0.07,115.8,0.08,98.9,0.96,760.12,0.95,300.2,0.94,209.3,0.93,115.8,0.92,98.9,0.97,235.34,0.98,358.05,0.99,3066.91,,,,,0.01,0.01,2388.16513,1776159525000
1776159527.001,227.001,0.03,223.27,0.02,356.05,0.01,3066.91,,,,,0.04,749.62,0.05,306.2,0.06,209.3,0.07,115.8,0.08,98.9,0.96,760.12,0.95,300.2,0.94,209.3,0.93,115.8,0.92,98.9,0.97,225.34,0.98,344.85,0.99,3466.91,,,,,0.01,0.01,2388.16513,1776159525000
1776159527.308,227.308,0.03,222.23,0.02,356.05,0.01,3066.91,,,,,0.04,749.62,0.05,306.2,0.06,179.3,0.07,145.8,0.08,98.9,0.96,749.62,0.95,306.2,0.94,209.3,0.93,115.8,0.92,98.9,0.97,223.27,0.98,356.05,0.99,3066.91,,,,,0.01,0.01,2388.15059,1776159526000
