timestamp,elapsed_sec,up_bid_p1,up_bid_s1,up_bid_p2,up_bid_s2,up_ask_p1,up_ask_s1,up_ask_p2,up_ask_s2,down_bid_p1,down_bid_s1,down_bid_p2,down_bid_s2,down_ask_p1,down_ask_s1,down_ask_p2,down_ask_s2,up_spread,down_spread,eth_price,eth_oracle_ts
1776211501.186,1.186,,,,,,,,,,,,,,,,,,,2334.186241,1776211500000
1776211501.488,1.488,0.41,30.38,0.4,110.0,0.44,78.25,0.45,100.0,0.59,5.0,0.58,20.0,0.6,93.78,0.62,25.0,0.03,0.01,2334.186241,1776211500000
1776211501.808,1.808,0.4,25.0,0.39,95.0,0.42,11.0,0.44,101.25,0.59,5.0,0.58,20.0,0.6,93.78,0.62,25.0,0.02,0.01,2334.186241,1776211500000
1776211502.073,2.073,0.39,93.19,0.38,25.0,0.41,164.0,0.42,24.0,0.58,11.0,0.56,206.25,0.6,18.77,0.61,95.0,0.02,0.02,2334.186241,1776211500000
1776211502.38,2.38,0.39,83.19,0.38,25.0,0.41,75.0,0.42,109.0,0.59,108.0,0.58,11.0,0.61,93.19,0.62,25.0,0.02,0.02,2334.186241,1776211500000
1776211502.933,2.933,0.39,63.19,0.38,25.0,0.41,75.0,0.42,109.0,0.59,75.0,0.58,109.0,0.61,63.19,0.62,25.0,0.02,0.02,2333.278385,1776211501000
1776211503.376,3.376,0.39,29.23,0.38,30.0,0.4,169.57,0.41,33.0,0.6,83.57,0.59,80.0,0.61,35.38,0.62,30.0,0.01,0.01,2333.278385,1776211501000
1776211503.686,3.686,0.39,29.23,0.38,30.0,0.4,169.57,0.41,33.0,0.6,169.57,0.59,33.0,0.61,29.23,0.62,30.0,0.01,0.01,2332.51069,1776211502000
1776211503.89,3.89,0.39,26.64,0.38,30.0,0.4,171.34,0.41,33.0,0.6,171.34,0.59,33.0,0.61,29.23,0.62,30.0,0.01,0.01,2332.51069,1776211502000
1776211504.362,4.362,0.39,26.64,0.38,30.0,0.4,151.03,0.41,33.0,0.6,151.03,0.59,33.0,0.61,26.64,0.62,30.0,0.01,0.01,2332.41472,1776211503000
1776211504.589,4.589,0.39,1.64,0.38,30.0,0.4,146.03,0.41,33.0,0.6,151.03,0.59,33.0,0.61,26.64,0.62,30.0,0.01,0.01,2332.41472,1776211503000
1776211504.822,4.822,0.38,3.22,0.37,25.0,0.39,14.0,0.4,30.05,0.61,4.0,0.6,146.03,0.62,25.0,0.63,25.0,0.01,0.01,2332.41472,1776211503000
1776211505.061,5.061,0.37,22.52,0.36,95.0,0.39,62.0,0.4,186.68,0.61,62.0,0.6,186.68,0.63,24.67,0.64,95.0,0.02,0.02,2332.44461,1776211504000
1776211505.293,5.293,0.37,20.12,0.36,95.0,0.38,10.0,0.39,67.0,0.61,62.0,0.6,186.68,0.63,22.52,0.64,95.0,0.01,0.02,2332.44461,1776211504000
1776211505.549,5.549,0.36,51.79,0.33,25.0,0.37,10.0,0.38,28.0,0.62,5.0,0.61,19.38,0.64,79.37,0.65,25.0,0.01,0.02,2332.44461,1776211504000
1776211505.876,5.876,0.36,103.08,0.34,25.0,0.37,51.0,0.38,15.0,0.63,41.0,0.62,20.0,0.64,59.79,0.67,25.0,0.01,0.01,2332.44461,1776211504000
1776211506.098,6.098,0.36,39.36,0.33,25.0,0.37,61.0,0.38,15.0,0.63,51.0,0.62,15.0,0.64,86.47,0.66,25.0,0.01,0.01,2332.44461,1776211504000
1776211506.548,6.548,0.36,9.93,0.33,25.0,0.37,61.0,0.38,20.0,0.63,61.0,0.62,15.0,0.64,22.28,0.67,25.0,0.01,0.01,2332.259742,1776211505000
1776211506.865,6.865,0.36,4.93,0.33,25.0,0.37,66.0,0.38,15.0,0.63,61.0,0.62,20.0,0.64,9.93,0.67,25.0,0.01,0.01,2332.259742,1776211505000
1776211507.368,7.368,0.36,2.83,0.33,25.0,0.37,65.05,0.38,15.0,0.63,65.05,0.62,15.0,0.64,2.83,0.67,25.0,0.01,0.01,2332.260116,1776211506000
1776211507.718,7.718,0.33,25.0,0.32,25.0,0.37,151.42,0.38,15.0,0.63,65.05,0.62,15.0,0.64,2.83,0.67,25.0,0.04,0.01,2332.260116,1776211506000
1776211508.045,8.045,0.33,25.0,0.32,25.0,0.37,151.42,0.38,15.0,0.63,151.42,0.62,15.0,0.67,25.0,0.68,25.0,0.04,0.04,2332.267099,1776211507000
1776211508.367,8.367,0.33,23.5,0.32,30.0,0.34,39.0,0.35,15.0,0.63,151.42,0.62,15.0,0.67,25.0,0.68,25.0,0.01,0.04,2332.267099,1776211507000
1776211508.761,8.761,0.32,5.0,0.31,60.0,0.33,28.66,0.34,10.0,0.66,34.0,0.65,15.0,0.67,8.45,0.68,30.0,0.01,0.01,2332.267099,1776211507000
1776211509.151,9.151,0.32,8.38,0.31,60.0,0.33,48.66,0.34,10.0,0.67,33.66,0.66,10.0,0.69,60.0,0.7,10.0,0.01,0.02,2332.267099,1776211507000
1776211509.564,9.564,0.32,3.52,0.31,53.38,0.33,73.66,0.34,90.0,0.67,58.66,0.66,85.0,0.69,48.38,0.7,10.0,0.01,0.02,2332.079151,1776211508000
1776211509.981,9.981,0.31,45.76,0.3,10.0,0.33,73.66,0.34,90.0,0.67,78.66,0.66,90.0,0.69,50.84,0.7,10.0,0.02,0.02,2332.079151,1776211508000
1776211510.375,10.375,0.31,45.76,0.3,10.0,0.33,61.66,0.34,56.0,0.67,73.66,0.66,90.0,0.69,45.76,0.7,10.0,0.02,0.02,2332.079151,1776211508000
1776211511.01,11.01,0.32,40.0,0.31,120.76,0.33,17.66,0.34,25.0,0.67,61.66,0.66,56.0,0.69,45.76,0.7,10.0,0.01,0.02,2332.064189,1776211509000
1776211511.41,11.41,0.32,35.0,0.31,120.76,0.33,16.66,0.34,25.0,0.67,17.66,0.66,25.0,0.68,40.0,0.69,120.76,0.01,0.01,2332.062147,1776211510000
1776211511.704,11.704,0.32,30.0,0.31,150.76,0.33,16.66,0.34,25.0,0.67,16.66,0.66,25.0,0.68,35.0,0.69,120.76,0.01,0.01,2332.062147,1776211510000
1776211512.117,12.117,0.32,15.0,0.31,30.76,0.33,99.0,0.34,73.0,0.67,15.0,0.66,25.0,0.68,15.42,0.69,150.76,0.01,0.01,2332.062147,1776211510000
1776211512.386,12.386,0.32,15.0,0.31,30.76,0.33,99.0,0.34,73.0,0.67,99.0,0.66,73.0,0.68,10.0,0.69,30.76,0.01,0.01,2332.072362,1776211511000
1776211512.727,12.727,0.32,30.0,0.31,30.76,0.33,79.0,0.34,68.0,0.67,100.66,0.66,68.0,0.68,30.0,0.69,30.76,0.01,0.01,2332.072362,1776211511000
1776211513.005,13.005,0.32,20.0,0.31,30.76,0.33,35.66,0.34,68.0,0.67,35.66,0.66,68.0,0.68,20.0,0.69,30.76,0.01,0.01,2332.338285,1776211512000
1776211513.341,13.341,0.32,10.0,0.31,30.76,0.33,35.66,0.34,68.0,0.67,35.66,0.66,68.0,0.68,20.0,0.69,30.76,0.01,0.01,2332.338285,1776211512000
1776211513.788,13.788,0.32,5.58,0.31,30.76,0.33,27.66,0.34,68.0,0.67,35.66,0.66,68.0,0.68,10.0,0.69,30.76,0.01,0.01,2332.338285,1776211512000
1776211513.99,13.99,0.32,14.1,0.31,55.76,0.34,25.0,0.35,23.0,0.66,25.0,0.65,23.0,0.68,14.1,0.69,55.76,0.02,0.02,2332.338285,1776211512000
1776211514.248,14.248,0.32,14.1,0.31,55.76,0.34,25.0,0.35,23.0,0.66,25.0,0.65,23.0,0.68,14.1,0.69,55.76,0.02,0.02,2332.114725,1776211513000
1776211514.773,14.773,0.33,0.55,0.32,14.1,0.34,18.0,0.35,28.0,0.66,5.0,0.65,15.0,0.68,4.1,0.69,30.76,0.01,0.02,2332.114725,1776211513000
1776211515.025,15.025,0.32,12.65,0.31,30.76,0.33,16.81,0.34,90.81,0.66,18.0,0.65,28.0,0.68,2.65,0.69,30.76,0.01,0.02,2332.114725,1776211513000
1776211515.439,15.439,0.32,9.0,0.31,30.76,0.33,10.81,0.34,85.81,0.67,10.81,0.66,85.81,0.68,9.0,0.69,30.76,0.01,0.01,2332.060934,1776211514000
1776211515.685,15.685,0.31,34.83,0.3,85.07,0.33,25.81,0.34,120.81,0.67,10.81,0.66,85.81,0.68,9.0,0.69,30.76,0.02,0.01,2332.060934,1776211514000
1776211516.121,16.121,0.31,34.83,0.3,85.07,0.33,25.81,0.34,120.81,0.67,25.81,0.66,120.81,0.69,34.83,0.7,85.07,0.02,0.02,2332.256515,1776211515000
1776211516.483,16.483,0.31,89.83,0.3,70.0,0.32,1.56,0.33,30.0,0.68,5.0,0.67,20.0,0.69,59.83,0.7,80.0,0.01,0.01,2332.256515,1776211515000
1776211516.685,16.685,0.31,88.23,0.3,70.0,0.32,1.56,0.33,30.0,0.68,1.56,0.67,30.0,0.69,89.83,0.7,70.0,0.01,0.01,2332.256515,1776211515000
1776211517.147,17.147,0.32,3.92,0.31,44.23,0.33,50.0,0.34,65.0,0.68,1.56,0.67,30.0,0.69,88.23,0.7,70.0,0.01,0.01,2332.256515,1776211515000
1776211517.448,17.448,0.31,41.22,0.3,80.0,0.32,15.0,0.33,65.0,0.67,60.0,0.66,65.0,0.69,43.02,0.7,70.0,0.01,0.02,2332.256515,1776211515000
1776211517.867,17.867,0.31,46.22,0.3,70.0,0.32,10.0,0.33,55.0,0.68,10.0,0.67,55.0,0.69,46.22,0.7,70.0,0.01,0.01,2332.134154,1776211516000
1776211518.203,18.203,0.31,39.69,0.3,70.0,0.32,20.0,0.33,50.0,0.68,10.0,0.67,55.0,0.69,46.22,0.7,70.0,0.01,0.01,2332.134154,1776211516000
1776211518.479,18.479,0.31,39.69,0.3,70.0,0.32,6.71,0.33,50.0,0.68,11.71,0.67,50.0,0.69,39.69,0.7,70.0,0.01,0.01,2332.134154,1776211516000
1776211519.0,19.0,0.31,37.32,0.3,70.0,0.32,11.71,0.33,40.0,0.68,11.71,0.67,40.0,0.69,37.32,0.7,70.0,0.01,0.01,2332.263497,1776211518000
1776211519.372,19.372,0.3,32.44,0.29,45.0,0.32,21.71,0.33,94.64,0.68,21.71,0.67,94.64,0.69,7.32,0.7,50.12,0.02,0.01,2332.263497,1776211518000
1776211519.965,19.965,0.3,11.01,0.29,40.0,0.31,43.98,0.32,21.71,0.68,21.71,0.67,94.64,0.7,32.44,0.71,45.0,0.01,0.02,2332.263497,1776211518000
1776211520.208,20.208,0.3,6.01,0.29,10.0,0.31,60.98,0.32,21.71,0.69,43.98,0.68,21.71,0.7,11.01,0.71,40.0,0.01,0.01,2332.294248,1776211519000
1776211521.019,21.019,0.27,7.0,0.26,20.11,0.29,10.0,0.3,18.0,0.71,10.0,0.7,18.0,0.73,7.0,0.74,20.11,0.02,0.02,2332.184477,1776211520000
1776211521.373,21.373,0.25,95.0,0.24,60.0,0.28,10.0,0.29,5.0,0.71,10.0,0.7,18.0,0.73,7.0,0.74,20.11,0.03,0.02,2332.184477,1776211520000
1776211521.646,21.646,0.28,7.85,0.27,40.0,0.31,68.98,0.32,31.71,0.72,10.0,0.71,5.0,0.75,95.0,0.76,60.0,0.03,0.03,2332.184477,1776211520000
1776211521.958,21.958,0.29,16.85,0.28,40.0,0.3,10.0,0.31,48.98,0.69,67.62,0.68,20.0,0.72,20.68,0.73,45.0,0.01,0.03,2332.184477,1776211520000
1776211522.28,22.28,0.29,33.76,0.28,40.0,0.3,15.0,0.31,48.98,0.7,10.0,0.69,48.98,0.71,16.85,0.72,40.0,0.01,0.01,2331.72013,1776211521000
1776211522.746,22.746,0.3,25.0,0.29,25.47,0.31,31.98,0.32,60.0,0.69,48.98,0.68,20.0,0.71,25.47,0.72,40.0,0.01,0.02,2331.72013,1776211521000
1776211523.011,23.011,0.3,18.42,0.29,30.47,0.31,19.39,0.32,60.0,0.69,19.39,0.68,60.0,0.7,25.0,0.71,30.47,0.01,0.01,2331.72013,1776211521000
1776211523.379,23.379,0.3,33.42,0.29,46.47,0.31,10.84,0.32,60.0,0.69,15.84,0.68,60.0,0.7,18.42,0.71,46.47,0.01,0.01,2331.618583,1776211522000
1776211523.836,23.836,0.3,25.57,0.29,21.0,0.31,28.74,0.32,75.0,0.69,7.29,0.68,70.0,0.7,30.57,0.71,25.47,0.01,0.01,2331.618583,1776211522000
1776211524.066,24.066,0.3,25.57,0.29,21.0,0.31,28.74,0.32,75.0,0.69,28.74,0.68,75.0,0.7,25.57,0.71,21.0,0.01,0.01,2332.118598,1776211523000
1776211524.69,24.69,0.3,15.57,0.29,21.0,0.31,23.74,0.32,60.0,0.69,23.74,0.68,70.0,0.7,25.57,0.71,21.0,0.01,0.01,2332.118598,1776211523000
1776211525.194,25.194,0.3,15.57,0.29,21.0,0.31,23.74,0.32,60.0,0.69,23.74,0.68,60.0,0.7,15.57,0.71,21.0,0.01,0.01,2332.23145,1776211524000
1776211526.007,26.007,0.29,36.0,0.28,20.0,0.31,24.85,0.32,70.0,0.69,20.0,0.68,70.0,0.7,5.57,0.71,26.0,0.02,0.01,2332.23145,1776211524000
1776211526.924,26.924,0.29,26.0,0.28,30.0,0.3,10.0,0.31,24.85,0.69,24.85,0.68,70.0,0.71,36.0,0.72,20.0,0.01,0.02,2332.284907,1776211525000
1776211527.245,27.245,0.29,26.0,0.28,30.0,0.3,10.0,0.31,24.85,0.7,10.0,0.69,24.85,0.71,26.0,0.72,30.0,0.01,0.01,2332.325555,1776211526000
1776211527.779,27.779,0.29,9.52,0.28,10.0,0.3,25.0,0.31,14.85,0.7,10.0,0.69,24.85,0.71,26.0,0.72,30.0,0.01,0.01,2332.325555,1776211526000
1776211527.989,27.989,0.27,35.0,0.26,5.0,0.3,25.0,0.31,14.85,0.7,25.0,0.69,14.85,0.71,9.52,0.72,10.0,0.03,0.01,2332.325555,1776211526000
1776211528.208,28.208,0.27,35.0,0.26,5.0,0.3,25.0,0.31,14.85,0.7,25.0,0.69,14.85,0.73,35.0,0.74,5.0,0.03,0.03,2332.332512,1776211527000
1776211529.151,29.151,0.27,35.0,0.26,5.0,0.3,25.0,0.31,14.85,0.7,25.0,0.69,14.85,0.73,35.0,0.74,5.0,0.03,0.03,2332.288999,1776211528000
1776211529.411,29.411,0.24,25.0,0.23,35.0,0.25,21.75,0.26,23.0,0.7,25.0,0.69,14.85,0.73,35.0,0.74,5.0,0.01,0.03,2332.288999,1776211528000
1776211529.636,29.636,0.24,30.0,0.23,40.0,0.25,7.33,0.26,28.0,0.75,17.55,0.74,23.0,0.76,25.0,0.77,35.0,0.01,0.01,2332.288999,1776211528000
1776211530.181,30.181,0.24,30.0,0.23,40.0,0.25,7.33,0.26,28.0,0.75,7.33,0.74,28.0,0.76,30.0,0.77,40.0,0.01,0.01,2332.022207,1776211529000
1776211530.382,30.382,0.24,46.73,0.23,75.0,0.27,15.0,0.28,25.0,0.75,21.0,0.73,20.0,0.76,17.0,0.77,75.0,0.03,0.01,2332.022207,1776211529000
1776211530.908,30.908,0.26,103.45,0.25,55.0,0.27,6.11,0.28,20.0,0.73,10.0,0.72,20.0,0.74,12.45,0.75,35.0,0.01,0.01,2332.022207,1776211529000
1776211531.197,31.197,0.26,108.45,0.25,55.0,0.27,2.22,0.28,20.0,0.73,2.22,0.72,20.0,0.74,108.45,0.75,55.0,0.01,0.01,2331.387206,1776211530000
1776211531.601,31.601,0.27,82.87,0.26,67.45,0.28,10.0,0.29,49.52,0.73,2.22,0.72,20.0,0.74,108.45,0.75,55.0,0.01,0.01,2331.387206,1776211530000
1776211532.087,32.087,0.27,96.0,0.26,27.45,0.28,15.0,0.29,10.0,0.72,10.0,0.71,49.52,0.73,82.87,0.74,67.45,0.01,0.01,2331.387206,1776211530000
1776211532.344,32.344,0.27,96.0,0.26,27.45,0.28,15.0,0.29,10.0,0.72,15.0,0.71,10.0,0.73,101.0,0.74,27.45,0.01,0.01,2331.28193,1776211531000
1776211532.738,32.738,0.27,12.3,0.26,37.45,0.28,20.0,0.29,20.0,0.72,20.0,0.71,20.0,0.73,9.15,0.74,27.45,0.01,0.01,2331.28193,1776211531000
1776211532.939,32.939,0.27,12.3,0.26,37.45,0.28,20.0,0.29,20.0,0.72,20.0,0.71,20.0,0.73,12.3,0.74,37.45,0.01,0.01,2331.694273,1776211532000
1776211533.224,33.224,0.27,27.3,0.26,37.45,0.28,20.0,0.29,20.0,0.72,20.0,0.71,20.0,0.73,12.3,0.74,37.45,0.01,0.01,2331.694273,1776211532000
1776211533.825,33.825,0.27,9.0,0.26,47.45,0.28,10.0,0.29,15.0,0.72,3.0,0.71,10.0,0.73,55.0,0.74,37.45,0.01,0.01,2331.694273,1776211532000
1776211534.638,34.638,0.27,9.0,0.26,47.45,0.28,10.0,0.29,15.0,0.72,10.0,0.71,15.0,0.73,9.0,0.74,47.45,0.01,0.01,2331.86671,1776211533000
1776211535.033,35.033,0.28,3.11,0.27,34.0,0.29,10.0,0.3,35.0,0.72,10.0,0.71,15.0,0.73,9.0,0.74,47.45,0.01,0.01,2331.86671,1776211533000
1776211535.419,35.419,0.29,80.0,0.28,10.0,0.3,45.0,0.32,85.0,0.71,10.0,0.7,35.0,0.73,44.06,0.74,35.0,0.01,0.02,2331.927571,1776211534000
1776211535.697,35.697,0.29,115.0,0.28,30.0,0.3,16.33,0.31,5.0,0.7,45.0,0.68,85.0,0.71,80.0,0.72,10.0,0.01,0.01,2331.927571,1776211534000
1776211535.98,35.98,0.29,113.57,0.28,30.0,0.3,1.33,0.32,35.0,0.7,1.33,0.68,85.0,0.71,115.0,0.72,30.0,0.01,0.01,2331.927571,1776211534000
1776211536.283,36.283,0.29,117.09,0.28,30.0,0.3,5.0,0.32,20.0,0.7,1.33,0.68,35.0,0.71,113.57,0.72,30.0,0.01,0.01,2331.927571,1776211534000
1776211536.521,36.521,0.29,117.09,0.28,30.0,0.3,5.0,0.32,20.0,0.7,5.0,0.68,20.0,0.71,117.09,0.72,30.0,0.01,0.01,2332.080177,1776211535000
1776211536.748,36.748,0.29,72.09,0.28,30.0,0.3,23.0,0.31,54.0,0.7,5.0,0.68,20.0,0.71,117.09,0.72,30.0,0.01,0.01,2332.080177,1776211535000
1776211536.976,36.976,0.29,72.09,0.28,30.0,0.3,23.0,0.31,54.0,0.7,23.0,0.69,54.0,0.71,72.09,0.72,30.0,0.01,0.01,2332.243408,1776211536000
1776211537.276,37.276,0.3,123.0,0.29,23.0,0.31,70.41,0.32,50.0,0.69,59.0,0.68,65.0,0.71,132.09,0.72,78.0,0.01,0.02,2332.243408,1776211536000
1776211537.476,37.476,0.3,144.0,0.29,18.0,0.34,85.0,0.35,115.0,0.69,4.36,0.66,85.0,0.7,134.0,0.71,18.0,0.04,0.01,2332.243408,1776211536000
1776211537.936,37.936,0.31,18.0,0.3,35.0,0.35,128.58,0.36,50.0,0.66,85.0,0.65,115.0,0.7,144.0,0.71,18.0,0.04,0.04,2332.243408,1776211536000
1776211538.638,38.638,0.34,120.84,0.33,10.0,0.35,23.58,0.36,50.0,0.65,123.58,0.64,50.0,0.66,15.0,0.68,10.0,0.01,0.01,2332.343173,1776211537000
1776211539.141,39.141,0.34,130.84,0.33,10.0,0.35,18.58,0.36,60.0,0.65,18.58,0.64,60.0,0.66,130.84,0.67,10.0,0.01,0.01,2332.564398,1776211538000
1776211539.404,39.404,0.34,5.0,0.31,15.0,0.35,11.58,0.36,35.0,0.65,28.58,0.64,35.0,0.66,44.4,0.67,10.0,0.01,0.01,2332.564398,1776211538000
1776211539.849,39.849,0.34,1.72,0.32,10.0,0.35,6.58,0.36,85.0,0.65,11.58,0.64,35.0,0.66,5.0,0.69,15.0,0.01,0.01,2332.564398,1776211538000
1776211540.172,40.172,0.34,30.37,0.32,10.0,0.35,11.58,0.36,35.0,0.65,6.58,0.64,85.0,0.66,1.72,0.68,10.0,0.01,0.01,2332.564398,1776211538000
1776211540.663,40.663,0.34,33.05,0.32,10.0,0.35,6.58,0.36,35.0,0.65,6.58,0.64,35.0,0.66,33.05,0.68,10.0,0.01,0.01,2333.015858,1776211539000
1776211541.188,41.188,0.34,33.05,0.32,10.0,0.35,6.58,0.36,35.0,0.65,6.58,0.64,35.0,0.66,33.05,0.68,10.0,0.01,0.01,2332.9792,1776211540000
1776211541.813,41.813,0.34,74.5,0.32,20.0,0.35,8.43,0.36,40.0,0.65,6.58,0.64,35.0,0.66,33.05,0.68,10.0,0.01,0.01,2332.9792,1776211540000
1776211542.017,42.017,0.34,64.79,0.32,20.0,0.35,35.0,0.36,40.0,0.65,20.0,0.64,40.0,0.66,75.5,0.68,20.0,0.01,0.01,2332.9792,1776211540000
1776211542.406,42.406,0.32,12.0,0.31,15.15,0.33,26.0,0.34,81.16,0.66,71.16,0.65,35.0,0.68,20.0,0.69,25.15,0.01,0.02,2332.9792,1776211540000
1776211542.762,42.762,0.31,7.87,0.3,20.0,0.32,6.56,0.33,31.0,0.68,6.56,0.67,31.0,0.69,7.87,0.7,20.0,0.01,0.01,2333.003925,1776211541000
1776211543.154,43.154,0.3,119.0,0.29,128.0,0.31,16.45,0.32,22.56,0.68,32.56,0.67,89.28,0.7,20.0,0.71,10.0,0.01,0.02,2333.003925,1776211541000
1776211543.59,43.59,0.3,221.0,0.29,41.0,0.33,7.88,0.34,81.16,0.69,16.45,0.68,22.56,0.7,119.0,0.71,128.0,0.03,0.01,2332.989875,1776211542000
1776211544.175,44.175,0.32,43.38,0.31,15.0,0.33,27.88,0.34,103.16,0.67,22.88,0.66,81.16,0.69,15.0,0.7,224.0,0.01,0.02,2332.989875,1776211542000
1776211544.559,44.559,0.33,145.0,0.32,66.38,0.34,85.16,0.36,25.0,0.67,27.88,0.66,103.16,0.68,43.38,0.69,15.0,0.01,0.01,2332.989875,1776211542000
1776211544.774,44.774,0.33,181.85,0.32,66.38,0.34,6.28,0.37,185.0,0.66,6.28,0.64,25.0,0.67,167.0,0.68,61.38,0.01,0.01,2332.989875,1776211542000
1776211545.316,45.316,0.33,186.77,0.32,81.38,0.34,6.28,0.35,5.0,0.66,6.28,0.63,185.0,0.67,181.85,0.68,66.38,0.01,0.01,2332.749394,1776211543000
1776211545.631,45.631,0.33,189.77,0.32,81.38,0.34,6.28,0.35,10.0,0.66,6.28,0.65,5.0,0.67,186.77,0.68,81.38,0.01,0.01,2332.634755,1776211544000
1776211546.19,46.19,0.33,189.77,0.32,81.38,0.34,6.28,0.35,10.0,0.66,6.28,0.65,10.0,0.67,189.77,0.68,81.38,0.01,0.01,2332.669561,1776211545000
1776211546.404,46.404,0.33,226.77,0.32,81.38,0.35,2.28,0.37,185.0,0.65,5.28,0.63,185.0,0.67,226.77,0.68,81.38,0.02,0.02,2332.669561,1776211545000
1776211547.175,47.175,0.37,11.0,0.33,319.76,0.4,189.63,0.41,200.0,0.63,185.0,0.62,50.0,0.67,226.77,0.68,81.38,0.03,0.04,2332.669561,1776211545000
1776211547.385,47.385,0.37,9.28,0.36,13.75,0.4,164.63,0.41,200.0,0.6,189.63,0.59,200.0,0.63,9.28,0.64,13.75,0.03,0.03,2332.669561,1776211545000
1776211547.659,47.659,0.39,6.0,0.38,24.15,0.4,91.03,0.41,200.0,0.6,96.03,0.59,200.0,0.62,13.15,0.63,9.28,0.01,0.02,2332.669561,1776211545000
1776211547.896,47.896,0.39,6.0,0.38,37.3,0.4,83.53,0.42,5.0,0.6,91.03,0.59,200.0,0.61,6.0,0.62,24.15,0.01,0.01,2332.669561,1776211545000
1776211548.202,48.202,0.39,226.24,0.38,74.14,0.4,26.25,0.41,5.0,0.6,38.23,0.59,5.0,0.61,180.24,0.62,74.14,0.01,0.01,2333.254988,1776211546000
1776211548.421,48.421,0.43,11.62,0.41,50.0,0.54,64.36,0.55,105.0,0.54,2.0,0.53,30.0,0.57,11.62,0.61,273.24,0.11,0.03,2333.254988,1776211546000
1776211548.697,48.697,0.55,10.0,0.54,18.0,0.59,44.0,0.6,35.0,0.41,74.0,0.4,35.0,0.5,20.0,0.57,8.0,0.04,0.09,2333.254988,1776211546000
1776211548.974,48.974,0.57,9.91,0.56,10.0,0.59,14.0,0.6,10.0,0.41,14.0,0.4,10.0,0.43,10.0,0.44,10.0,0.02,0.02,2333.976742,1776211547000
1776211549.195,49.195,0.56,10.0,0.55,10.0,0.58,3.12,0.59,24.0,0.42,4.67,0.41,24.0,0.43,5.0,0.44,10.0,0.02,0.01,2333.976742,1776211547000
1776211549.465,49.465,0.55,5.32,0.54,18.0,0.58,0.16,0.59,24.0,0.42,0.16,0.41,24.0,0.45,5.32,0.46,18.0,0.03,0.03,2334.65343,1776211548000
1776211550.209,50.209,0.56,6.59,0.55,10.32,0.57,10.0,0.58,26.9,0.41,24.0,0.4,10.0,0.44,10.0,0.45,5.32,0.01,0.03,2334.65343,1776211548000
1776211550.716,50.716,0.57,123.99,0.56,26.92,0.58,3.27,0.59,5.0,0.42,14.24,0.41,5.0,0.44,1.59,0.45,10.32,0.01,0.02,2334.852683,1776211549000
1776211551.011,51.011,0.57,173.99,0.56,26.92,0.59,1.56,0.62,23.15,0.42,3.27,0.41,5.0,0.43,123.99,0.44,26.92,0.02,0.01,2334.852683,1776211549000
1776211551.246,51.246,0.61,11.43,0.6,28.0,0.62,28.15,0.63,97.69,0.38,28.15,0.37,97.69,0.4,29.0,0.41,18.0,0.01,0.02,2335.043296,1776211550000
1776211551.6,51.6,0.58,3.34,0.57,10.0,0.59,30.0,0.6,30.0,0.39,42.36,0.38,78.49,0.42,3.44,0.43,18.0,0.01,0.03,2335.043296,1776211550000
1776211552.017,52.017,0.56,8.92,0.55,8.0,0.58,9.34,0.59,63.0,0.41,30.0,0.4,30.0,0.42,3.34,0.43,10.0,0.02,0.01,2335.043296,1776211550000
1776211552.457,52.457,0.56,8.92,0.55,8.0,0.58,8.47,0.59,63.0,0.42,8.47,0.41,63.0,0.44,8.92,0.45,8.0,0.02,0.02,2335.240448,1776211551000
1776211553.261,53.261,0.56,8.92,0.55,8.0,0.58,8.47,0.59,63.0,0.42,8.47,0.41,63.0,0.44,8.92,0.45,8.0,0.02,0.02,2335.354488,1776211552000
1776211553.495,53.495,0.56,42.92,0.55,18.0,0.58,25.0,0.59,15.0,0.42,8.47,0.41,63.0,0.44,8.92,0.45,8.0,0.02,0.02,2335.354488,1776211552000
1776211553.944,53.944,0.56,28.92,0.55,18.0,0.58,17.96,0.59,15.0,0.42,17.96,0.41,15.0,0.44,28.92,0.45,18.0,0.02,0.02,2335.270492,1776211553000
1776211554.176,54.176,0.56,8.92,0.54,49.99,0.57,15.0,0.58,28.96,0.42,17.96,0.41,15.0,0.44,28.92,0.45,18.0,0.01,0.02,2335.270492,1776211553000
1776211555.204,55.204,0.56,10.0,0.54,99.0,0.57,33.19,0.59,10.0,0.43,92.45,0.42,17.96,0.46,45.05,0.48,10.0,0.01,0.03,2335.270492,1776211553000
1776211555.56,55.56,0.56,5.0,0.55,8.0,0.57,65.19,0.58,10.0,0.43,65.19,0.42,10.0,0.44,5.0,0.45,8.0,0.01,0.01,2335.181576,1776211554000
1776211556.06,56.06,0.56,57.0,0.55,18.0,0.57,15.53,0.58,5.0,0.43,65.19,0.42,10.0,0.44,5.0,0.45,8.0,0.01,0.01,2335.181576,1776211554000
1776211556.454,56.454,0.58,29.0,0.57,10.0,0.59,12.12,0.61,23.92,0.41,10.0,0.39,23.92,0.43,1.18,0.44,83.0,0.01,0.02,2334.949608,1776211555000
1776211556.967,56.967,0.58,58.13,0.57,10.0,0.59,7.12,0.6,5.0,0.41,7.12,0.4,5.0,0.42,58.13,0.43,10.0,0.01,0.01,2334.980494,1776211556000
1776211557.204,57.204,0.58,130.0,0.57,10.0,0.6,10.0,0.61,23.92,0.41,2.12,0.4,10.0,0.42,110.0,0.43,15.0,0.02,0.01,2334.980494,1776211556000
1776211558.375,58.375,0.59,161.34,0.58,62.38,0.61,23.92,0.62,23.15,0.4,10.0,0.39,23.92,0.42,127.38,0.43,10.0,0.02,0.02,2334.980494,1776211556000
1776211558.583,58.583,0.61,15.0,0.6,150.0,0.67,25.0,0.7,120.0,0.33,25.0,0.3,120.0,0.39,15.0,0.4,150.0,0.06,0.06,2335.440054,1776211557000
1776211558.927,58.927,0.69,22.0,0.68,14.0,0.7,79.98,0.71,130.0,0.3,57.78,0.29,130.0,0.31,25.25,0.32,10.0,0.01,0.01,2335.440054,1776211557000
1776211559.14,59.14,0.69,48.0,0.68,14.0,0.7,162.51,0.71,150.0,0.3,162.51,0.29,135.0,0.31,61.0,0.32,14.0,0.01,0.01,2335.440054,1776211557000
1776211559.355,59.355,0.69,56.83,0.68,14.0,0.7,162.51,0.71,150.0,0.3,162.51,0.29,150.0,0.31,48.0,0.32,14.0,0.01,0.01,2335.485577,1776211558000
1776211559.618,59.618,0.69,42.83,0.68,14.0,0.7,140.88,0.71,150.0,0.3,146.79,0.29,150.0,0.31,56.83,0.32,14.0,0.01,0.01,2335.485577,1776211558000
1776211559.867,59.867,0.69,42.66,0.67,18.0,0.7,159.88,0.71,150.0,0.3,140.88,0.29,150.0,0.31,42.83,0.32,14.0,0.01,0.01,2335.485577,1776211558000
1776211560.135,60.135,0.69,99.66,0.68,18.0,0.7,147.68,0.71,130.0,0.3,159.88,0.29,150.0,0.31,42.66,0.33,18.0,0.01,0.01,2335.485577,1776211558000
1776211560.579,60.579,0.69,51.01,0.66,10.0,0.7,154.62,0.71,145.0,0.3,147.68,0.29,130.0,0.31,54.01,0.32,8.0,0.01,0.01,2335.485577,1776211558000
1776211560.816,60.816,0.69,11.71,0.67,8.0,0.7,159.62,0.71,145.0,0.3,159.62,0.29,145.0,0.31,15.26,0.33,8.0,0.01,0.01,2335.897942,1776211559000
1776211561.034,61.034,0.69,7.64,0.63,10.0,0.7,179.38,0.71,147.5,0.3,172.88,0.29,130.0,0.31,7.64,0.37,10.0,0.01,0.01,2335.897942,1776211559000
1776211561.239,61.239,0.69,4.54,0.65,10.0,0.7,220.38,0.71,147.5,0.3,199.38,0.29,147.5,0.31,8.09,0.34,8.0,0.01,0.01,2335.897942,1776211559000
1776211561.464,61.464,0.64,8.0,0.63,10.0,0.66,36.0,0.7,178.38,0.3,188.38,0.29,147.5,0.38,10.0,0.39,10.0,0.02,0.08,2336.325211,1776211560000
1776211561.756,61.756,0.65,16.85,0.64,24.0,0.66,9.0,0.67,10.0,0.34,50.7,0.31,5.0,0.35,9.0,0.36,4.94,0.01,0.01,2336.325211,1776211560000
1776211562.0,62.0,0.68,6.56,0.67,10.0,0.69,5.0,0.7,160.38,0.34,9.0,0.33,10.0,0.35,29.15,0.36,10.0,0.01,0.01,2336.325211,1776211560000
1776211562.213,62.213,0.66,0.37,0.65,21.85,0.67,10.0,0.68,5.63,0.32,5.63,0.31,87.86,0.34,6.76,0.35,36.85,0.01,0.02,2336.391541,1776211561000
1776211562.45,62.45,0.65,9.93,0.64,15.0,0.66,10.0,0.67,20.0,0.33,10.0,0.32,5.63,0.35,8.08,0.36,15.0,0.01,0.02,2336.391541,1776211561000
1776211562.767,62.767,0.64,25.0,0.63,10.0,0.66,1.89,0.67,20.0,0.33,20.0,0.32,5.63,0.35,6.85,0.36,15.0,0.02,0.02,2336.391541,1776211561000
1776211563.172,63.172,0.64,27.77,0.63,10.0,0.65,15.7,0.66,6.89,0.35,10.0,0.34,6.89,0.36,7.77,0.37,10.0,0.01,0.01,2336.391541,1776211561000
1776211563.397,63.397,0.64,19.71,0.63,17.0,0.65,2.31,0.66,1.89,0.35,2.31,0.34,1.89,0.36,4.71,0.37,17.0,0.01,0.01,2336.391541,1776211561000
1776211563.628,63.628,0.64,14.71,0.63,17.0,0.65,13.28,0.66,1.89,0.35,13.28,0.34,1.89,0.36,14.71,0.37,17.0,0.01,0.01,2336.08144,1776211562000
1776211563.945,63.945,0.65,43.84,0.64,83.59,0.66,16.89,0.67,35.0,0.35,13.2,0.34,1.89,0.36,21.71,0.37,24.0,0.01,0.01,2336.08144,1776211562000
1776211564.173,64.173,0.65,89.99,0.64,63.59,0.66,16.89,0.67,35.0,0.34,16.89,0.33,35.0,0.35,89.99,0.36,63.59,0.01,0.01,2336.254515,1776211563000
1776211565.056,65.056,0.65,62.44,0.64,46.88,0.66,172.35,0.67,40.0,0.34,205.35,0.33,40.0,0.35,61.44,0.36,58.59,0.01,0.01,2336.254515,1776211563000
1776211565.363,65.363,0.65,16.44,0.64,46.88,0.66,165.68,0.67,40.0,0.34,167.35,0.33,40.0,0.35,16.44,0.36,46.88,0.01,0.01,2336.254515,1776211563000
1776211565.656,65.656,0.65,16.44,0.64,46.88,0.66,165.68,0.67,40.0,0.34,165.68,0.33,40.0,0.35,16.44,0.36,46.88,0.01,0.01,2336.165289,1776211564000
1776211566.487,66.487,0.65,135.66,0.64,158.88,0.66,5.59,0.67,35.0,0.34,81.46,0.33,35.0,0.35,63.44,0.36,148.88,0.01,0.01,2336.165289,1776211564000
1776211566.725,66.725,0.65,132.51,0.64,141.88,0.66,10.59,0.67,35.0,0.34,5.59,0.33,35.0,0.35,135.66,0.36,158.88,0.01,0.01,2336.00897,1776211565000
1776211567.168,67.168,0.65,122.7,0.64,181.88,0.66,10.59,0.67,35.0,0.34,10.59,0.33,35.0,0.35,124.5,0.36,141.88,0.01,0.01,2336.00897,1776211565000
1776211567.611,67.611,0.65,132.7,0.64,181.88,0.66,0.59,0.67,64.89,0.34,10.59,0.33,35.0,0.35,122.7,0.36,181.88,0.01,0.01,2336.002337,1776211566000
1776211567.947,67.947,0.65,147.7,0.64,181.88,0.66,2.36,0.67,64.89,0.34,0.59,0.33,64.89,0.35,132.7,0.36,181.88,0.01,0.01,2336.002337,1776211566000
1776211568.375,68.375,0.65,142.7,0.64,181.88,0.66,0.84,0.67,64.89,0.34,0.84,0.33,64.89,0.35,142.7,0.36,181.88,0.01,0.01,2336.040172,1776211567000
1776211568.985,68.985,0.66,20.0,0.65,142.7,0.67,15.0,0.68,41.63,0.34,0.84,0.33,64.89,0.35,142.7,0.36,181.88,0.01,0.01,2336.040172,1776211567000
1776211569.531,69.531,0.66,55.0,0.65,152.7,0.67,17.53,0.68,41.63,0.33,15.0,0.32,41.63,0.34,20.0,0.35,142.7,0.01,0.01,2336.041308,1776211568000
1776211570.101,70.101,0.66,55.0,0.65,152.7,0.67,15.53,0.68,41.63,0.33,15.53,0.32,41.63,0.34,55.0,0.35,152.7,0.01,0.01,2336.043623,1776211569000
1776211570.572,70.572,0.66,60.0,0.65,127.7,0.67,5.53,0.68,41.63,0.33,15.53,0.32,41.63,0.34,55.0,0.35,152.7,0.01,0.01,2336.043623,1776211569000
1776211571.066,71.066,0.66,85.0,0.65,142.7,0.67,38.24,0.68,67.69,0.33,5.53,0.32,41.63,0.34,60.0,0.35,127.7,0.01,0.01,2336.043623,1776211569000
1776211572.171,72.171,0.66,142.0,0.65,127.7,0.67,5.53,0.68,31.63,0.33,38.24,0.32,67.69,0.34,85.0,0.35,142.7,0.01,0.01,2336.032718,1776211570000
1776211572.515,72.515,0.66,142.0,0.65,127.7,0.67,5.53,0.68,31.63,0.33,5.53,0.32,31.63,0.34,142.0,0.35,127.7,0.01,0.01,2336.027048,1776211571000
1776211573.031,73.031,0.66,142.0,0.65,127.7,0.67,5.53,0.68,31.63,0.33,5.53,0.32,31.63,0.34,142.0,0.35,127.7,0.01,0.01,2336.022382,1776211572000
1776211574.093,74.093,0.67,2.71,0.66,82.0,0.68,36.63,0.69,46.0,0.32,36.63,0.31,46.0,0.33,2.71,0.34,82.0,0.01,0.01,2336.036365,1776211573000
1776211574.895,74.895,0.67,20.0,0.66,55.0,0.68,26.0,0.69,51.0,0.32,21.0,0.31,46.0,0.33,27.71,0.34,67.0,0.01,0.01,2336.036365,1776211573000
1776211575.241,75.241,0.67,20.0,0.66,55.0,0.68,26.0,0.69,51.0,0.32,26.0,0.31,51.0,0.33,20.0,0.34,55.0,0.01,0.01,2336.074476,1776211574000
1776211575.556,75.556,0.67,11.96,0.66,55.0,0.68,45.0,0.69,41.0,0.32,26.0,0.31,51.0,0.33,20.0,0.34,55.0,0.01,0.01,2336.074476,1776211574000
1776211575.964,75.964,0.67,1.96,0.66,55.0,0.68,40.0,0.69,41.0,0.32,45.0,0.31,41.0,0.33,11.96,0.34,55.0,0.01,0.01,2336.074476,1776211574000
1776211576.41,76.41,0.66,53.66,0.65,122.7,0.68,40.0,0.69,41.0,0.32,40.0,0.31,41.0,0.34,53.66,0.35,122.7,0.02,0.02,2336.051944,1776211575000
1776211576.843,76.843,0.66,78.66,0.65,127.7,0.67,9.92,0.68,31.0,0.32,40.0,0.31,41.0,0.34,53.66,0.35,122.7,0.01,0.02,2336.051944,1776211575000
1776211577.167,77.167,0.66,78.66,0.65,127.7,0.67,9.92,0.68,31.0,0.33,9.92,0.32,31.0,0.34,78.66,0.35,127.7,0.01,0.01,2335.99725,1776211576000
1776211577.766,77.766,0.65,112.7,0.64,171.88,0.66,31.34,0.67,83.92,0.33,9.92,0.32,31.0,0.34,78.66,0.35,127.7,0.01,0.01,2335.99725,1776211576000
1776211578.056,78.056,0.65,101.27,0.64,181.88,0.66,141.0,0.67,123.92,0.34,68.0,0.33,98.92,0.35,101.27,0.36,171.88,0.01,0.01,2335.99725,1776211576000
1776211578.265,78.265,0.65,101.27,0.64,181.88,0.66,130.84,0.67,123.92,0.34,130.84,0.33,123.92,0.35,101.27,0.36,181.88,0.01,0.01,2335.982325,1776211577000
1776211578.719,78.719,0.65,46.76,0.64,61.88,0.66,135.84,0.67,123.92,0.34,108.0,0.33,123.92,0.35,36.76,0.36,181.88,0.01,0.01,2335.982325,1776211577000
1776211579.001,79.001,0.65,46.76,0.64,61.88,0.66,125.68,0.67,123.92,0.34,135.84,0.33,123.92,0.35,46.76,0.36,61.88,0.01,0.01,2335.982325,1776211577000
1776211579.381,79.381,0.65,43.9,0.64,61.88,0.66,125.68,0.67,123.92,0.34,125.68,0.33,123.92,0.35,43.9,0.36,61.88,0.01,0.01,2335.939425,1776211578000
1776211579.672,79.672,0.65,40.75,0.64,61.88,0.66,167.65,0.67,123.92,0.34,135.68,0.33,199.94,0.35,40.75,0.36,61.88,0.01,0.01,2335.939425,1776211578000
1776211579.981,79.981,0.65,40.75,0.64,61.88,0.66,167.65,0.67,123.92,0.34,167.65,0.33,123.92,0.35,40.75,0.36,61.88,0.01,0.01,2335.753431,1776211579000
1776211580.268,80.268,0.65,40.75,0.64,61.88,0.66,181.05,0.67,135.22,0.34,167.65,0.33,123.92,0.35,40.75,0.36,61.88,0.01,0.01,2335.753431,1776211579000
1776211580.589,80.589,0.65,27.24,0.64,61.88,0.66,199.05,0.67,165.22,0.34,181.05,0.33,135.22,0.35,40.75,0.36,61.88,0.01,0.01,2335.753431,1776211579000
1776211580.887,80.887,0.65,17.24,0.64,61.88,0.66,180.05,0.67,172.22,0.34,203.05,0.33,165.22,0.35,17.24,0.36,61.88,0.01,0.01,2335.753431,1776211579000
1776211581.351,81.351,0.64,47.13,0.63,5.0,0.65,223.18,0.66,63.05,0.34,171.05,0.33,172.22,0.36,51.38,0.37,5.0,0.01,0.02,2335.753431,1776211579000
1776211581.626,81.626,0.64,47.13,0.63,5.0,0.65,223.18,0.66,63.05,0.35,223.18,0.34,63.05,0.36,47.13,0.37,5.0,0.01,0.01,2335.591823,1776211580000
1776211582.36,82.36,0.62,155.0,0.61,5.0,0.65,243.18,0.66,63.05,0.35,243.18,0.34,63.05,0.38,155.0,0.39,5.0,0.03,0.03,2335.533369,1776211581000
1776211582.991,82.991,0.62,155.0,0.61,5.0,0.65,243.18,0.66,63.05,0.35,243.18,0.34,63.05,0.38,155.0,0.39,5.0,0.03,0.03,2335.347943,1776211582000
1776211583.621,83.621,0.62,105.0,0.6,115.0,0.65,34.8,0.66,41.05,0.35,243.18,0.34,63.05,0.38,155.0,0.39,5.0,0.03,0.03,2335.347943,1776211582000
1776211584.032,84.032,0.66,10.0,0.65,16.0,0.67,178.77,0.68,41.0,0.34,2.54,0.33,95.0,0.36,23.75,0.37,35.0,0.01,0.02,2335.347943,1776211582000
1776211584.322,84.322,0.66,10.0,0.65,16.0,0.67,178.77,0.68,41.0,0.33,178.77,0.32,41.0,0.34,10.0,0.35,16.0,0.01,0.01,2335.418229,1776211583000
1776211584.692,84.692,0.66,21.0,0.65,21.0,0.67,192.12,0.68,41.0,0.33,178.77,0.32,41.0,0.34,10.0,0.35,16.0,0.01,0.01,2335.418229,1776211583000
1776211585.337,85.337,0.66,61.0,0.65,146.0,0.67,124.98,0.68,20.0,0.33,192.12,0.32,41.0,0.34,21.0,0.35,21.0,0.01,0.01,2335.418229,1776211583000
1776211585.59,85.59,0.66,326.0,0.65,152.0,0.67,108.82,0.68,20.0,0.33,124.98,0.32,20.0,0.34,61.0,0.35,146.0,0.01,0.01,2335.418229,1776211583000
1776211586.222,86.222,0.67,86.33,0.66,316.0,0.68,3.54,0.69,55.0,0.32,3.54,0.31,55.0,0.33,86.33,0.34,316.0,0.01,0.01,2336.025001,1776211585000
1776211586.555,86.555,0.68,10.0,0.67,30.0,0.69,6.11,0.7,140.0,0.31,10.0,0.3,140.0,0.33,107.33,0.34,183.0,0.01,0.02,2336.025001,1776211585000
1776211587.318,87.318,0.69,5.89,0.68,159.33,0.7,20.0,0.71,40.0,0.31,6.11,0.3,140.0,0.32,10.0,0.33,30.0,0.01,0.01,2336.025001,1776211585000
1776211587.524,87.524,0.69,1.56,0.68,94.33,0.7,8.4,0.71,50.0,0.3,30.0,0.29,50.0,0.31,1.56,0.32,94.33,0.01,0.01,2336.121048,1776211586000
1776211588.064,88.064,0.7,22.76,0.69,21.56,0.71,45.0,0.72,30.0,0.29,55.0,0.28,30.0,0.3,7.0,0.31,21.56,0.01,0.01,2336.121048,1776211586000
1776211589.074,89.074,0.69,3.74,0.68,5.0,0.7,30.0,0.71,52.0,0.29,35.0,0.28,30.0,0.31,3.74,0.32,74.33,0.01,0.02,2336.593158,1776211587000
1776211589.405,89.405,0.69,0.74,0.66,21.0,0.7,30.0,0.71,52.0,0.3,30.0,0.29,52.0,0.31,0.74,0.34,21.0,0.01,0.01,2336.851943,1776211588000
1776211589.718,89.718,0.69,4.28,0.68,40.0,0.7,17.27,0.71,40.0,0.3,28.42,0.29,57.0,0.31,4.28,0.32,5.0,0.01,0.01,2336.851943,1776211588000
1776211590.02,90.02,0.69,4.28,0.68,40.0,0.7,17.27,0.71,40.0,0.3,17.27,0.29,40.0,0.31,4.28,0.32,40.0,0.01,0.01,2336.747995,1776211589000
1776211590.378,90.378,0.68,52.0,0.66,96.0,0.7,1.55,0.71,35.0,0.31,8.4,0.3,3.27,0.32,62.0,0.33,15.0,0.02,0.01,2336.747995,1776211589000
1776211591.089,91.089,0.7,91.0,0.69,15.0,0.71,6.77,0.72,20.0,0.31,4.05,0.3,1.55,0.32,57.0,0.33,52.0,0.01,0.01,2336.747995,1776211589000
1776211591.325,91.325,0.7,96.0,0.69,15.0,0.72,28.0,0.73,70.0,0.28,28.0,0.27,70.0,0.3,96.0,0.31,15.0,0.02,0.02,2336.471629,1776211590000
1776211592.486,92.486,0.7,96.0,0.69,15.0,0.72,28.0,0.73,70.0,0.28,28.0,0.27,70.0,0.3,96.0,0.31,15.0,0.02,0.02,2336.487639,1776211591000
1776211593.063,93.063,0.7,96.0,0.69,15.0,0.72,28.0,0.73,70.0,0.28,28.0,0.27,70.0,0.3,96.0,0.31,15.0,0.02,0.02,2336.64699,1776211592000
1776211594.142,94.142,0.72,120.0,0.71,220.0,0.74,48.95,0.75,35.0,0.28,28.0,0.27,70.0,0.3,96.0,0.31,15.0,0.02,0.02,2336.64699,1776211592000
1776211594.361,94.361,0.73,53.7,0.72,80.0,0.74,7.5,0.75,10.0,0.26,0.92,0.25,10.0,0.27,23.7,0.28,132.0,0.01,0.01,2336.64699,1776211592000
1776211594.594,94.594,0.73,23.84,0.72,80.0,0.74,41.5,0.75,10.0,0.26,41.5,0.25,10.0,0.27,23.84,0.28,80.0,0.01,0.01,2336.850257,1776211593000
1776211595.179,95.179,0.73,33.84,0.72,139.44,0.74,23.14,0.75,20.0,0.26,20.5,0.25,10.0,0.27,23.84,0.28,249.44,0.01,0.01,2336.850257,1776211593000
1776211595.613,95.613,0.73,28.98,0.72,129.44,0.74,15.0,0.75,90.0,0.26,23.14,0.25,20.0,0.27,33.84,0.28,139.44,0.01,0.01,2336.923879,1776211594000
1776211595.923,95.923,0.72,89.44,0.71,60.0,0.73,10.12,0.74,85.0,0.26,15.0,0.25,90.0,0.28,129.44,0.29,60.0,0.01,0.02,2336.923879,1776211594000
1776211596.123,96.123,0.72,77.44,0.71,60.0,0.73,42.0,0.74,159.98,0.26,164.98,0.25,90.0,0.28,89.44,0.29,60.0,0.01,0.02,2337.224895,1776211595000
1776211596.711,96.711,0.71,12.0,0.7,115.66,0.72,15.0,0.73,49.0,0.28,15.0,0.27,68.0,0.29,35.0,0.3,110.0,0.01,0.01,2337.224895,1776211595000
1776211597.216,97.216,0.7,115.66,0.69,35.0,0.72,7.53,0.73,49.0,0.28,7.53,0.27,49.0,0.3,115.66,0.31,35.0,0.02,0.02,2336.914563,1776211596000
1776211597.581,97.581,0.7,130.0,0.69,50.0,0.71,15.0,0.72,23.53,0.28,7.53,0.27,49.0,0.3,115.66,0.31,35.0,0.01,0.02,2336.914563,1776211596000
1776211597.937,97.937,0.7,120.0,0.69,35.0,0.71,87.57,0.72,25.53,0.29,15.0,0.28,23.53,0.3,130.0,0.31,50.0,0.01,0.01,2336.914563,1776211596000
1776211598.321,98.321,0.7,120.0,0.69,35.0,0.71,87.57,0.72,25.53,0.29,87.57,0.28,25.53,0.3,120.0,0.31,35.0,0.01,0.01,2336.610664,1776211597000
1776211598.795,98.795,0.7,65.0,0.69,40.0,0.71,120.57,0.72,35.53,0.29,87.57,0.28,25.53,0.3,120.0,0.31,35.0,0.01,0.01,2336.610664,1776211597000
1776211599.853,99.853,0.7,65.0,0.69,40.0,0.71,120.57,0.72,35.53,0.29,120.57,0.28,35.53,0.3,65.0,0.31,40.0,0.01,0.01,2336.204106,1776211599000
1776211600.551,100.551,0.69,10.0,0.68,195.0,0.71,172.5,0.72,73.42,0.29,120.57,0.28,35.53,0.3,65.0,0.31,40.0,0.02,0.01,2336.204106,1776211599000
1776211600.858,100.858,0.69,10.0,0.68,195.0,0.71,252.02,0.72,73.42,0.29,252.02,0.28,73.42,0.31,10.0,0.32,195.0,0.02,0.02,2336.165083,1776211600000
1776211601.407,101.407,0.59,35.0,0.58,153.33,0.62,60.0,0.66,14.7,0.29,252.02,0.28,73.42,0.31,10.0,0.32,195.0,0.03,0.02,2336.165083,1776211600000
1776211601.892,101.892,0.59,35.0,0.58,153.33,0.62,60.0,0.66,14.7,0.38,60.0,0.34,14.7,0.41,35.0,0.42,153.33,0.03,0.03,2335.87517,1776211601000
1776211602.161,102.161,0.58,56.65,0.57,10.0,0.6,70.0,0.62,60.0,0.4,70.0,0.38,82.0,0.42,68.27,0.43,10.0,0.02,0.02,2335.87517,1776211601000
1776211602.44,102.44,0.55,9.97,0.53,110.0,0.6,2.66,0.62,60.0,0.4,70.0,0.38,60.0,0.47,110.0,0.48,10.0,0.05,0.07,2335.87517,1776211601000
1776211602.684,102.684,0.58,22.0,0.57,10.0,0.63,75.0,0.64,80.0,0.38,50.64,0.37,75.0,0.42,17.0,0.43,10.0,0.05,0.04,2335.87517,1776211601000
1776211602.907,102.907,0.6,18.5,0.59,10.0,0.63,5.0,0.65,85.0,0.37,5.0,0.35,85.0,0.4,18.5,0.41,10.0,0.03,0.03,2334.886712,1776211602000
1776211603.11,103.11,0.62,54.0,0.61,31.0,0.65,67.92,0.66,40.0,0.37,0.38,0.36,11.0,0.38,49.0,0.39,31.0,0.03,0.01,2334.886712,1776211602000
1776211603.879,103.879,0.62,7.02,0.61,26.0,0.65,76.1,0.66,56.0,0.35,76.1,0.34,56.0,0.38,7.02,0.39,26.0,0.03,0.03,2334.84655,1776211603000
1776211604.647,104.647,0.62,53.23,0.61,31.0,0.63,7.26,0.64,15.0,0.37,5.9,0.36,15.0,0.38,28.23,0.39,32.0,0.01,0.01,2334.84655,1776211603000
1776211604.886,104.886,0.64,16.0,0.63,21.0,0.65,60.1,0.66,21.0,0.37,7.26,0.36,15.0,0.38,53.23,0.39,31.0,0.01,0.01,2334.84655,1776211603000
1776211605.487,105.487,0.64,79.0,0.63,15.0,0.65,34.57,0.66,10.0,0.35,67.57,0.34,21.0,0.38,38.06,0.39,26.0,0.01,0.03,2335.55853,1776211604000
1776211605.89,105.89,0.64,79.0,0.63,15.0,0.65,36.07,0.66,10.0,0.35,36.07,0.34,10.0,0.36,79.0,0.37,15.0,0.01,0.01,2335.517596,1776211605000
1776211606.845,106.845,0.64,79.0,0.63,15.0,0.65,36.07,0.66,10.0,0.35,36.07,0.34,10.0,0.36,79.0,0.37,15.0,0.01,0.01,2335.627376,1776211606000
1776211607.383,107.383,0.62,35.0,0.61,46.0,0.63,7.26,0.64,10.0,0.35,36.07,0.34,10.0,0.36,79.0,0.37,15.0,0.01,0.01,2335.627376,1776211606000
1776211607.843,107.843,0.62,35.0,0.61,46.0,0.63,7.26,0.64,10.0,0.37,7.26,0.36,10.0,0.38,35.0,0.39,46.0,0.01,0.01,2335.762995,1776211607000
1776211608.584,108.584,0.61,40.0,0.6,115.0,0.62,17.69,0.63,43.26,0.37,7.26,0.36,10.0,0.38,35.0,0.39,46.0,0.01,0.01,2335.762995,1776211607000
1776211608.811,108.811,0.61,40.0,0.6,115.0,0.62,17.69,0.63,43.26,0.38,17.69,0.37,43.26,0.39,40.0,0.4,115.0,0.01,0.01,2335.654095,1776211608000
1776211610.077,110.077,0.61,35.0,0.6,135.0,0.62,22.0,0.63,58.26,0.38,17.69,0.37,43.26,0.39,40.0,0.4,115.0,0.01,0.01,2335.654095,1776211608000
1776211610.302,110.302,0.61,20.0,0.6,135.0,0.62,19.22,0.63,58.26,0.38,22.0,0.37,58.26,0.39,35.0,0.4,135.0,0.01,0.01,2335.352441,1776211609000
1776211611.46,111.46,0.61,20.0,0.6,135.0,0.62,19.22,0.63,58.26,0.38,19.22,0.37,58.26,0.39,20.0,0.4,135.0,0.01,0.01,2335.34315,1776211610000
1776211612.26,112.26,0.61,20.0,0.6,135.0,0.62,19.22,0.63,58.26,0.38,19.22,0.37,58.26,0.39,20.0,0.4,135.0,0.01,0.01,2335.348227,1776211611000
1776211613.225,113.225,0.61,20.0,0.6,136.0,0.62,14.0,0.63,57.0,0.38,19.22,0.37,58.26,0.39,20.0,0.4,135.0,0.01,0.01,2335.348227,1776211611000
1776211613.597,113.597,0.61,20.0,0.6,136.0,0.62,14.0,0.63,57.0,0.38,14.0,0.37,57.0,0.39,20.0,0.4,136.0,0.01,0.01,2335.395153,1776211612000
1776211614.014,114.014,0.61,12.3,0.6,115.0,0.62,19.0,0.63,94.4,0.38,14.0,0.37,57.0,0.39,20.0,0.4,136.0,0.01,0.01,2335.395153,1776211612000
1776211614.398,114.398,0.6,15.0,0.59,26.0,0.62,10.0,0.63,45.4,0.38,56.0,0.37,94.4,0.4,5.0,0.41,25.0,0.02,0.02,2335.395153,1776211612000
1776211614.822,114.822,0.64,28.0,0.63,21.0,0.65,33.65,0.66,10.0,0.38,3.38,0.37,15.0,0.4,20.0,0.41,26.0,0.01,0.02,2335.45788,1776211613000
1776211615.261,115.261,0.64,54.0,0.63,26.0,0.65,13.65,0.66,10.0,0.35,13.65,0.34,10.0,0.36,54.0,0.37,26.0,0.01,0.01,2335.375909,1776211614000
1776211616.233,116.233,0.64,22.0,0.63,26.0,0.65,37.11,0.66,30.0,0.35,13.65,0.34,10.0,0.36,54.0,0.37,26.0,0.01,0.01,2335.375909,1776211614000
1776211616.481,116.481,0.64,14.5,0.63,31.0,0.65,37.11,0.66,30.0,0.35,37.11,0.34,30.0,0.36,22.0,0.37,26.0,0.01,0.01,2335.375909,1776211614000
1776211617.174,117.174,0.64,165.5,0.63,33.0,0.65,6.11,0.66,30.0,0.35,37.11,0.34,30.0,0.36,14.5,0.37,31.0,0.01,0.01,2335.322931,1776211615000
1776211618.365,118.365,0.69,63.0,0.68,55.0,0.71,105.0,0.72,60.0,0.31,60.0,0.3,235.0,0.35,18.89,0.36,167.0,0.02,0.04,2335.636471,1776211616000
1776211619.151,119.151,0.69,63.0,0.68,55.0,0.71,105.0,0.72,60.0,0.29,105.0,0.28,60.0,0.31,63.0,0.32,55.0,0.02,0.02,2335.815077,1776211618000
1776211620.32,120.32,0.69,63.0,0.68,55.0,0.71,105.0,0.72,60.0,0.29,105.0,0.28,60.0,0.31,63.0,0.32,55.0,0.02,0.02,2336.482575,1776211619000
1776211621.056,121.056,0.7,36.0,0.69,36.24,0.71,147.0,0.72,60.0,0.29,147.0,0.28,60.0,0.3,36.0,0.31,36.24,0.01,0.01,2336.485726,1776211620000
1776211621.628,121.628,0.71,94.0,0.7,163.0,0.72,8.57,0.73,35.0,0.28,16.0,0.27,95.0,0.3,219.0,0.31,136.24,0.01,0.02,2336.485726,1776211620000
1776211621.981,121.981,0.71,8.05,0.7,163.0,0.72,8.57,0.73,35.0,0.28,8.57,0.27,35.0,0.29,94.0,0.3,163.0,0.01,0.01,2336.485726,1776211620000
1776211622.406,122.406,0.71,3.05,0.7,163.0,0.72,3.77,0.73,40.0,0.28,3.77,0.27,40.0,0.29,3.05,0.3,163.0,0.01,0.01,2336.501988,1776211621000
1776211622.651,122.651,0.7,165.98,0.69,126.24,0.73,15.0,0.74,140.0,0.28,3.77,0.27,40.0,0.29,3.05,0.3,163.0,0.03,0.01,2336.501988,1776211621000
1776211623.161,123.161,0.71,35.0,0.7,165.98,0.73,5.0,0.74,140.0,0.27,5.0,0.26,140.0,0.29,35.0,0.3,165.98,0.02,0.02,2336.513909,1776211622000
1776211624.167,124.167,0.72,88.0,0.71,155.84,0.73,7.64,0.74,63.97,0.26,63.97,0.25,145.0,0.29,175.84,0.3,290.98,0.01,0.03,2336.513909,1776211622000
1776211624.485,124.485,0.72,88.0,0.71,155.84,0.73,7.64,0.74,63.97,0.27,7.64,0.26,63.97,0.28,88.0,0.29,155.84,0.01,0.01,2336.606534,1776211623000
1776211625.134,125.134,0.72,88.0,0.71,155.84,0.73,7.64,0.74,63.97,0.27,7.64,0.26,63.97,0.28,88.0,0.29,155.84,0.01,0.01,2336.6835,1776211624000
1776211625.604,125.604,0.74,50.0,0.73,140.0,0.75,92.42,0.76,200.0,0.27,7.64,0.26,63.97,0.28,88.0,0.29,155.84,0.01,0.01,2336.6835,1776211624000
1776211625.909,125.909,0.74,174.0,0.73,120.0,0.76,200.0,0.77,120.0,0.25,92.42,0.24,200.0,0.26,50.0,0.27,140.0,0.02,0.01,2336.6835,1776211624000
1776211626.658,126.658,0.75,12.6,0.74,85.0,0.76,200.0,0.77,120.0,0.24,200.0,0.23,120.0,0.25,12.6,0.26,85.0,0.01,0.01,2336.751706,1776211625000
1776211626.881,126.881,0.75,17.28,0.74,335.0,0.76,45.0,0.77,130.0,0.24,54.0,0.23,130.0,0.25,132.0,0.26,35.0,0.01,0.01,2336.751706,1776211625000
1776211627.384,127.384,0.75,7.0,0.74,35.0,0.76,23.0,0.77,130.0,0.24,23.0,0.23,130.0,0.25,7.0,0.26,35.0,0.01,0.01,2336.870695,1776211626000
1776211627.992,127.992,0.75,25.0,0.74,35.0,0.77,130.0,0.78,260.0,0.23,130.0,0.22,260.0,0.25,25.0,0.26,35.0,0.02,0.02,2337.221446,1776211627000
1776211628.891,128.891,0.75,25.0,0.74,35.0,0.77,130.0,0.78,260.0,0.23,130.0,0.22,260.0,0.25,25.0,0.26,35.0,0.02,0.02,2337.235613,1776211628000
1776211629.957,129.957,0.75,25.0,0.74,35.0,0.77,130.0,0.78,260.0,0.23,130.0,0.22,260.0,0.25,25.0,0.26,35.0,0.02,0.02,2337.203222,1776211629000
1776211630.776,130.776,0.76,441.0,0.75,192.0,0.77,3.0,0.78,250.0,0.23,130.0,0.22,260.0,0.25,25.0,0.26,35.0,0.01,0.02,2337.203222,1776211629000
1776211631.07,131.07,0.79,18.96,0.78,121.0,0.8,45.0,0.81,95.0,0.22,250.0,0.21,260.0,0.24,441.0,0.25,192.0,0.01,0.02,2337.203222,1776211629000
1776211632.157,132.157,0.8,32.76,0.77,10.0,0.81,154.0,0.82,125.0,0.2,1.8,0.19,95.0,0.21,50.96,0.22,168.0,0.01,0.01,2337.146054,1776211630000
1776211632.383,132.383,0.8,32.76,0.77,10.0,0.81,50.59,0.82,125.0,0.19,154.0,0.18,125.0,0.2,32.76,0.23,10.0,0.01,0.01,2337.250275,1776211631000
1776211632.731,132.731,0.8,37.76,0.79,15.0,0.81,40.61,0.82,125.0,0.19,46.85,0.18,125.0,0.2,32.76,0.22,10.0,0.01,0.01,2337.250275,1776211631000
1776211633.065,133.065,0.8,42.76,0.79,15.0,0.81,38.48,0.82,125.0,0.19,40.61,0.18,125.0,0.2,37.76,0.21,15.0,0.01,0.01,2337.250275,1776211631000
1776211633.353,133.353,0.8,37.76,0.79,10.0,0.81,110.59,0.82,125.0,0.19,107.59,0.18,125.0,0.2,42.76,0.21,31.0,0.01,0.01,2337.986369,1776211632000
1776211634.082,134.082,0.8,92.76,0.79,40.0,0.81,4.75,0.82,125.0,0.19,110.59,0.18,125.0,0.2,37.76,0.21,10.0,0.01,0.01,2337.986369,1776211632000
1776211634.732,134.732,0.8,37.76,0.79,20.0,0.81,13.64,0.82,139.0,0.19,4.75,0.18,125.0,0.2,92.76,0.21,40.0,0.01,0.01,2337.72056,1776211633000
1776211635.388,135.388,0.8,37.76,0.79,20.0,0.81,13.64,0.82,139.0,0.19,13.64,0.18,139.0,0.2,37.76,0.21,20.0,0.01,0.01,2337.5651,1776211634000
1776211635.922,135.922,0.8,37.76,0.79,20.0,0.81,13.64,0.82,139.0,0.19,13.64,0.18,139.0,0.2,37.76,0.21,20.0,0.01,0.01,2337.60514,1776211635000
1776211636.983,136.983,0.8,37.76,0.79,20.0,0.81,13.64,0.82,139.0,0.19,13.64,0.18,139.0,0.2,37.76,0.21,20.0,0.01,0.01,2337.541741,1776211636000
1776211638.058,138.058,0.8,37.76,0.79,20.0,0.81,13.64,0.82,139.0,0.19,13.64,0.18,139.0,0.2,37.76,0.21,20.0,0.01,0.01,2337.65965,1776211637000
1776211639.202,139.202,0.8,37.76,0.79,20.0,0.81,13.64,0.82,139.0,0.19,13.64,0.18,139.0,0.2,37.76,0.21,20.0,0.01,0.01,2337.689522,1776211638000
1776211639.676,139.676,0.81,32.0,0.8,68.76,0.82,4.93,0.83,160.0,0.19,13.64,0.18,139.0,0.2,37.76,0.21,20.0,0.01,0.01,2337.689522,1776211638000
1776211639.915,139.915,0.81,32.0,0.8,68.76,0.83,152.0,0.84,140.8,0.18,4.93,0.17,160.0,0.19,32.0,0.2,68.76,0.02,0.01,2337.689522,1776211638000
1776211640.155,140.155,0.81,52.0,0.8,68.76,0.83,148.02,0.84,140.8,0.17,152.0,0.16,140.8,0.19,32.0,0.2,68.76,0.02,0.02,2337.689522,1776211638000
1776211640.53,140.53,0.82,17.0,0.81,35.0,0.83,136.02,0.84,140.8,0.17,148.02,0.16,140.8,0.19,52.0,0.2,68.76,0.01,0.02,2337.709066,1776211639000
1776211640.889,140.889,0.82,17.0,0.81,35.0,0.83,133.28,0.84,140.8,0.17,136.02,0.16,140.8,0.18,17.0,0.19,35.0,0.01,0.01,2337.709066,1776211639000
1776211641.179,141.179,0.82,51.44,0.81,46.0,0.83,112.7,0.84,131.8,0.17,127.7,0.16,140.8,0.18,17.0,0.19,35.0,0.01,0.01,2337.709066,1776211639000
1776211642.079,142.079,0.82,51.44,0.81,46.0,0.83,112.7,0.84,131.8,0.17,112.7,0.16,131.8,0.18,51.44,0.19,46.0,0.01,0.01,2337.758118,1776211641000
1776211642.846,142.846,0.82,56.67,0.81,34.0,0.83,122.7,0.84,115.0,0.17,112.7,0.16,131.8,0.18,51.44,0.19,46.0,0.01,0.01,2337.758118,1776211641000
1776211643.076,143.076,0.82,21.67,0.81,39.0,0.83,122.7,0.84,105.0,0.17,122.7,0.16,105.0,0.18,26.67,0.19,34.0,0.01,0.01,2337.758118,1776211641000
1776211644.09,144.09,0.82,16.67,0.81,34.0,0.83,128.64,0.84,105.0,0.17,128.64,0.16,105.0,0.18,16.67,0.19,34.0,0.01,0.01,2337.789046,1776211643000
1776211644.381,144.381,0.82,165.3,0.81,39.0,0.83,120.04,0.84,105.0,0.17,121.82,0.16,105.0,0.18,160.3,0.19,39.0,0.01,0.01,2337.789046,1776211643000
1776211644.616,144.616,0.82,175.3,0.81,39.0,0.83,112.53,0.84,105.0,0.17,113.57,0.16,105.0,0.18,175.3,0.19,39.0,0.01,0.01,2337.789046,1776211643000
1776211645.052,145.052,0.82,170.3,0.81,39.0,0.83,86.08,0.84,105.0,0.17,86.08,0.16,105.0,0.18,170.3,0.19,39.0,0.01,0.01,2337.787275,1776211644000
1776211645.624,145.624,0.82,154.3,0.81,44.0,0.83,70.06,0.84,95.0,0.17,86.08,0.16,105.0,0.18,170.3,0.19,39.0,0.01,0.01,2337.787275,1776211644000
1776211645.969,145.969,0.82,206.3,0.81,69.0,0.83,73.73,0.84,95.0,0.17,73.87,0.16,95.0,0.18,206.3,0.19,44.0,0.01,0.01,2337.787275,1776211644000
1776211646.886,146.886,0.82,139.0,0.81,451.22,0.83,69.6,0.84,20.0,0.17,71.73,0.16,95.0,0.18,211.3,0.19,94.0,0.01,0.01,2337.81582,1776211645000
1776211647.253,147.253,0.82,239.0,0.81,451.22,0.83,67.52,0.84,20.0,0.17,69.6,0.16,20.0,0.18,139.0,0.19,451.22,0.01,0.01,2337.922662,1776211646000
1776211647.982,147.982,0.82,28.0,0.81,166.22,0.83,125.52,0.84,30.0,0.17,67.52,0.16,20.0,0.18,239.0,0.19,451.22,0.01,0.01,2337.922662,1776211646000
1776211649.097,149.097,0.82,28.0,0.81,166.22,0.83,125.52,0.84,30.0,0.17,125.52,0.16,30.0,0.18,28.0,0.19,166.22,0.01,0.01,2338.014996,1776211648000
1776211650.222,150.222,0.82,28.0,0.81,166.22,0.83,125.52,0.84,30.0,0.17,125.52,0.16,30.0,0.18,28.0,0.19,166.22,0.01,0.01,2337.86575,1776211649000
1776211650.532,150.532,0.82,49.98,0.81,64.0,0.83,81.31,0.84,30.0,0.17,125.52,0.16,30.0,0.18,28.0,0.19,166.22,0.01,0.01,2337.86575,1776211649000
1776211650.989,150.989,0.82,79.98,0.81,64.0,0.83,72.97,0.84,30.0,0.17,81.12,0.16,30.0,0.18,49.98,0.19,64.0,0.01,0.01,2337.86575,1776211649000
1776211651.199,151.199,0.82,84.98,0.81,64.0,0.83,64.57,0.84,30.0,0.17,64.57,0.16,30.0,0.18,84.98,0.19,64.0,0.01,0.01,2337.781958,1776211650000
1776211651.967,151.967,0.82,205.98,0.81,219.0,0.83,33.38,0.84,20.0,0.17,64.57,0.16,30.0,0.18,84.98,0.19,64.0,0.01,0.01,2337.781958,1776211650000
1776211652.21,152.21,0.82,188.98,0.81,325.0,0.84,20.0,0.85,255.0,0.16,20.0,0.15,255.0,0.18,188.98,0.19,325.0,0.02,0.02,2337.779527,1776211651000
1776211653.312,153.312,0.82,188.98,0.81,325.0,0.84,20.0,0.85,255.0,0.16,20.0,0.15,255.0,0.18,188.98,0.19,325.0,0.02,0.02,2337.781748,1776211652000
1776211653.831,153.831,0.85,92.06,0.84,77.81,0.87,170.0,0.88,331.0,0.13,170.0,0.12,331.0,0.15,92.06,0.16,77.81,0.02,0.02,2337.905235,1776211653000
1776211654.26,154.26,0.86,351.0,0.85,223.06,0.87,170.0,0.88,320.0,0.13,170.0,0.12,331.0,0.15,92.06,0.16,77.81,0.01,0.02,2337.905235,1776211653000
1776211654.872,154.872,0.86,351.0,0.85,223.06,0.87,170.0,0.88,320.0,0.13,170.0,0.12,320.0,0.14,351.0,0.15,223.06,0.01,0.01,2338.332314,1776211654000
1776211656.023,156.023,0.86,305.0,0.85,248.84,0.87,2.71,0.88,310.0,0.13,170.0,0.12,320.0,0.14,351.0,0.15,223.06,0.01,0.01,2338.332314,1776211654000
1776211656.31,156.31,0.86,262.0,0.85,283.04,0.89,44.0,0.9,10.0,0.12,260.0,0.11,95.0,0.14,321.0,0.15,248.84,0.03,0.02,2338.332314,1776211654000
1776211656.803,156.803,0.89,110.0,0.88,15.0,0.9,4.88,0.91,20.0,0.1,10.0,0.09,20.0,0.13,47.58,0.14,256.0,0.01,0.03,2338.3954,1776211655000
1776211657.006,157.006,0.9,7.0,0.89,151.0,0.92,167.6,0.93,115.3,0.09,11.75,0.08,172.6,0.1,7.0,0.11,135.0,0.02,0.01,2338.3954,1776211655000
1776211657.316,157.316,0.91,124.0,0.89,121.0,0.92,162.6,0.93,115.3,0.08,162.6,0.07,115.3,0.09,124.0,0.11,121.0,0.01,0.01,2338.58292,1776211656000
1776211657.672,157.672,0.91,37.65,0.9,33.0,0.92,391.4,0.93,121.3,0.08,366.4,0.07,121.3,0.09,47.65,0.15,79.29,0.01,0.01,2338.58292,1776211656000
1776211657.908,157.908,0.91,11.65,0.9,5.0,0.92,460.4,0.93,121.3,0.08,460.4,0.07,121.3,0.09,11.65,0.1,5.0,0.01,0.01,2338.866765,1776211657000
1776211658.983,158.983,0.9,14.5,0.89,20.0,0.91,265.0,0.92,354.24,0.09,76.25,0.08,181.56,0.1,31.0,0.12,8.0,0.01,0.01,2338.866765,1776211657000
1776211659.206,159.206,0.87,10.0,0.85,79.29,0.9,8.71,0.91,260.23,0.1,8.71,0.09,260.23,0.13,10.0,0.15,79.29,0.03,0.03,2338.70702,1776211658000
1776211659.556,159.556,0.87,10.0,0.86,20.0,0.88,91.63,0.89,58.0,0.1,8.71,0.09,260.23,0.13,10.0,0.15,79.29,0.01,0.03,2338.70702,1776211658000
1776211660.126,160.126,0.87,10.0,0.86,20.0,0.88,91.38,0.89,117.79,0.12,91.63,0.11,58.0,0.13,10.0,0.14,20.0,0.01,0.01,2338.70702,1776211658000
1776211660.386,160.386,0.87,10.0,0.86,20.0,0.88,212.17,0.89,78.79,0.12,216.31,0.11,78.79,0.13,10.0,0.14,20.0,0.01,0.01,2338.70702,1776211658000
1776211660.598,160.598,0.84,23.81,0.83,81.02,0.86,157.0,0.87,10.0,0.12,206.92,0.11,78.79,0.15,48.2,0.16,58.81,0.02,0.03,2338.137695,1776211659000
1776211660.925,160.925,0.84,14.81,0.83,81.02,0.85,11.97,0.86,60.0,0.15,11.97,0.14,60.0,0.16,14.81,0.17,81.02,0.01,0.01,2338.066624,1776211660000
1776211661.464,161.464,0.83,81.02,0.82,100.0,0.85,142.0,0.86,73.13,0.15,11.97,0.14,60.0,0.16,14.81,0.17,81.02,0.02,0.01,2338.066624,1776211660000
1776211661.981,161.981,0.82,30.0,0.81,80.0,0.83,21.95,0.84,71.0,0.15,142.0,0.14,73.13,0.17,81.02,0.18,100.0,0.01,0.02,2338.066624,1776211660000
1776211662.367,162.367,0.82,69.0,0.81,80.0,0.83,74.95,0.84,10.0,0.17,21.95,0.16,71.0,0.18,30.0,0.19,80.0,0.01,0.01,2337.755396,1776211661000
1776211662.778,162.778,0.82,54.0,0.81,80.0,0.83,69.82,0.84,46.8,0.17,74.95,0.16,10.0,0.18,69.0,0.19,80.0,0.01,0.01,2337.755396,1776211661000
1776211663.262,163.262,0.82,54.0,0.81,80.0,0.83,69.82,0.84,46.8,0.17,69.82,0.16,46.8,0.18,54.0,0.19,80.0,0.01,0.01,2337.212907,1776211662000
1776211663.47,163.47,0.82,61.0,0.81,20.0,0.85,35.02,0.86,39.9,0.17,69.82,0.16,46.8,0.18,54.0,0.19,80.0,0.03,0.01,2337.212907,1776211662000
1776211663.809,163.809,0.84,24.0,0.83,32.0,0.87,28.26,0.88,54.1,0.15,35.02,0.14,39.9,0.18,61.0,0.19,20.0,0.03,0.03,2337.212907,1776211662000
1776211664.313,164.313,0.85,9.0,0.84,23.0,0.87,35.0,0.88,66.1,0.13,31.9,0.12,54.1,0.15,10.0,0.16,15.0,0.02,0.02,2337.212907,1776211662000
1776211664.668,164.668,0.84,19.0,0.83,10.0,0.88,20.0,0.89,42.0,0.13,10.0,0.12,54.1,0.16,24.41,0.17,10.0,0.04,0.03,2337.170089,1776211663000
1776211665.097,165.097,0.84,39.0,0.83,15.0,0.86,2.83,0.87,10.0,0.14,2.83,0.13,10.0,0.16,39.0,0.17,15.0,0.02,0.02,2337.2899,1776211664000
1776211666.232,166.232,0.87,12.66,0.85,80.0,0.88,10.0,0.89,36.0,0.12,10.0,0.11,36.0,0.13,12.66,0.15,80.0,0.01,0.01,2337.532602,1776211665000
1776211667.449,167.449,0.87,12.66,0.85,80.0,0.88,10.0,0.89,36.0,0.12,10.0,0.11,36.0,0.13,12.66,0.15,80.0,0.01,0.01,2337.895105,1776211666000
1776211667.943,167.943,0.89,17.0,0.88,16.0,0.9,57.04,0.91,122.24,0.12,10.0,0.11,36.0,0.13,12.66,0.15,80.0,0.01,0.01,2337.895105,1776211666000
1776211668.489,168.489,0.9,8.0,0.89,5.0,0.91,45.12,0.92,283.77,0.1,8.44,0.09,122.24,0.11,12.0,0.12,16.0,0.01,0.01,2338.1484,1776211667000
1776211669.199,169.199,0.9,8.0,0.89,5.0,0.91,45.12,0.92,283.77,0.09,45.12,0.08,283.77,0.1,8.0,0.11,5.0,0.01,0.01,2338.015155,1776211668000
1776211669.665,169.665,0.88,11.0,0.87,22.66,0.89,1.82,0.9,10.0,0.09,45.12,0.08,283.77,0.1,8.0,0.11,5.0,0.01,0.01,2338.015155,1776211668000
1776211670.234,170.234,0.88,11.0,0.87,22.66,0.9,9.57,0.91,20.12,0.11,1.82,0.1,10.0,0.12,11.0,0.13,22.66,0.02,0.01,2338.015155,1776211668000
1776211670.902,170.902,0.88,11.0,0.87,22.66,0.9,9.57,0.91,20.12,0.1,9.57,0.09,20.12,0.12,11.0,0.13,22.66,0.02,0.02,2338.152867,1776211670000
1776211671.247,171.247,0.9,46.0,0.89,41.0,0.91,5.0,0.92,331.04,0.1,20.0,0.09,46.12,0.11,46.0,0.12,53.0,0.01,0.01,2338.152867,1776211670000
1776211672.064,172.064,0.9,46.0,0.89,41.0,0.91,5.0,0.92,331.04,0.09,5.0,0.08,331.04,0.1,46.0,0.11,41.0,0.01,0.01,2338.114237,1776211671000
1776211672.311,172.311,0.91,10.0,0.9,150.0,0.92,422.94,0.93,78.0,0.08,574.87,0.07,78.0,0.1,160.0,0.11,45.0,0.01,0.02,2338.114237,1776211671000
1776211672.542,172.542,0.91,35.0,0.9,25.0,0.92,166.0,0.93,60.0,0.08,422.94,0.07,78.0,0.09,10.0,0.1,150.0,0.01,0.01,2338.114237,1776211671000
1776211673.125,173.125,0.91,35.0,0.9,25.0,0.92,166.0,0.93,60.0,0.08,166.0,0.07,60.0,0.09,35.0,0.1,25.0,0.01,0.01,2338.110588,1776211672000
1776211673.888,173.888,0.91,70.0,0.9,10.0,0.92,33.0,0.93,50.0,0.08,166.0,0.07,60.0,0.09,35.0,0.1,25.0,0.01,0.01,2338.110588,1776211672000
1776211674.148,174.148,0.91,85.0,0.9,10.0,0.92,18.0,0.93,50.0,0.08,18.0,0.07,50.0,0.09,80.0,0.1,10.0,0.01,0.01,2338.63991,1776211673000
1776211675.266,175.266,0.91,85.0,0.9,10.0,0.92,18.0,0.93,50.0,0.08,18.0,0.07,50.0,0.09,80.0,0.1,10.0,0.01,0.01,2338.636021,1776211674000
1776211675.573,175.573,0.91,38.06,0.9,10.0,0.92,22.62,0.93,60.0,0.08,18.0,0.07,50.0,0.09,80.0,0.1,10.0,0.01,0.01,2338.636021,1776211674000
1776211676.226,176.226,0.91,38.06,0.9,10.0,0.92,21.53,0.93,60.0,0.08,21.53,0.07,60.0,0.09,38.06,0.1,10.0,0.01,0.01,2338.795449,1776211675000
1776211676.877,176.877,0.91,30.28,0.9,10.0,0.92,21.53,0.93,60.0,0.08,21.53,0.07,60.0,0.09,38.06,0.1,10.0,0.01,0.01,2338.795449,1776211675000
1776211677.21,177.21,0.91,30.28,0.9,10.0,0.92,21.53,0.93,60.0,0.08,21.53,0.07,60.0,0.09,30.28,0.1,10.0,0.01,0.01,2338.710317,1776211676000
1776211677.715,177.715,0.91,12.0,0.9,10.0,0.92,8.91,0.93,50.0,0.08,54.03,0.07,60.0,0.09,10.0,0.1,10.0,0.01,0.01,2338.710317,1776211676000
1776211677.942,177.942,0.91,135.0,0.9,15.0,0.92,53.91,0.93,50.0,0.08,8.91,0.07,50.0,0.09,12.0,0.1,10.0,0.01,0.01,2338.710317,1776211676000
1776211678.152,178.152,0.91,155.0,0.9,15.0,0.92,39.91,0.93,50.0,0.08,53.91,0.07,50.0,0.09,135.0,0.1,15.0,0.01,0.01,2338.710317,1776211676000
1776211678.37,178.37,0.92,91.09,0.91,89.0,0.94,122.5,0.95,62.55,0.06,122.5,0.05,62.55,0.08,91.09,0.09,89.0,0.02,0.02,2338.695728,1776211677000
1776211678.905,178.905,0.92,91.09,0.91,89.0,0.94,122.5,0.95,62.55,0.06,122.5,0.05,62.55,0.08,91.09,0.09,89.0,0.02,0.02,2338.694501,1776211678000
1776211679.641,179.641,0.93,52.42,0.92,126.09,0.94,91.83,0.95,72.55,0.06,122.5,0.05,62.55,0.08,91.09,0.09,89.0,0.01,0.02,2338.694501,1776211678000
1776211679.867,179.867,0.93,52.42,0.92,126.09,0.94,91.83,0.95,72.55,0.06,91.83,0.05,72.55,0.07,52.42,0.08,126.09,0.01,0.01,2338.983528,1776211679000
1776211680.634,180.634,0.93,67.42,0.92,126.09,0.94,11.51,0.95,85.05,0.06,91.83,0.05,72.55,0.07,52.42,0.08,126.09,0.01,0.01,2338.983528,1776211679000
1776211680.936,180.936,0.93,67.42,0.92,126.09,0.94,11.51,0.95,85.05,0.06,11.51,0.05,85.05,0.07,67.42,0.08,126.09,0.01,0.01,2339.256241,1776211680000
1776211681.147,181.147,0.94,37.23,0.93,154.42,0.95,69.89,0.96,275.11,0.06,9.39,0.05,85.05,0.07,57.42,0.08,136.09,0.01,0.01,2339.256241,1776211680000
1776211681.985,181.985,0.94,57.23,0.93,149.42,0.96,264.64,0.97,914.38,0.04,264.64,0.03,914.38,0.06,57.23,0.07,149.42,0.02,0.02,2339.258609,1776211681000
1776211682.209,182.209,0.94,67.23,0.93,144.42,0.95,19.14,0.96,264.64,0.04,264.64,0.03,914.38,0.06,57.23,0.07,149.42,0.01,0.02,2339.258609,1776211681000
1776211682.791,182.791,0.94,170.23,0.93,29.42,0.95,11.75,0.96,224.64,0.05,17.02,0.04,274.64,0.06,67.23,0.07,144.42,0.01,0.01,2339.258609,1776211681000
1776211683.064,183.064,0.94,204.23,0.93,29.42,0.96,213.59,0.97,735.68,0.05,11.75,0.04,224.64,0.06,170.23,0.07,29.42,0.02,0.01,2339.258609,1776211681000
1776211683.287,183.287,0.94,113.23,0.93,39.42,0.96,161.49,0.97,730.68,0.04,162.54,0.03,730.68,0.06,218.23,0.07,39.42,0.02,0.02,2339.258609,1776211681000
1776211683.59,183.59,0.94,113.23,0.93,39.42,0.96,155.19,0.97,730.68,0.04,156.24,0.03,730.68,0.06,113.23,0.07,39.42,0.02,0.02,2339.3969,1776211682000
1776211684.177,184.177,0.95,108.0,0.94,180.23,0.96,54.14,0.97,851.68,0.04,155.19,0.03,730.68,0.06,113.23,0.07,39.42,0.01,0.02,2339.3969,1776211682000
1776211685.084,185.084,0.96,13.96,0.95,83.0,0.97,730.68,0.98,1230.41,0.04,52.04,0.03,975.38,0.05,108.0,0.06,180.23,0.01,0.01,2339.628769,1776211683000
1776211685.491,185.491,0.96,142.96,0.95,183.0,0.97,714.49,0.98,1240.41,0.03,723.68,0.02,1230.41,0.04,142.96,0.05,178.0,0.01,0.01,2339.628769,1776211683000
1776211685.762,185.762,0.96,132.09,0.95,74.0,0.97,844.49,0.98,1127.41,0.03,844.49,0.02,1127.41,0.04,132.09,0.05,74.0,0.01,0.01,2339.715185,1776211684000
1776211686.202,186.202,0.96,130.09,0.95,74.0,0.97,763.45,0.98,1127.41,0.03,793.45,0.02,1127.41,0.04,120.09,0.05,74.0,0.01,0.01,2339.715185,1776211684000
1776211687.305,187.305,0.96,130.09,0.95,74.0,0.97,763.45,0.98,1127.41,0.03,763.45,0.02,1127.41,0.04,130.09,0.05,74.0,0.01,0.01,2339.721815,1776211686000
1776211687.925,187.925,0.96,130.09,0.95,74.0,0.97,763.45,0.98,1127.41,0.03,763.45,0.02,1127.41,0.04,130.09,0.05,74.0,0.01,0.01,2339.632995,1776211687000
1776211688.48,188.48,0.96,105.09,0.95,74.0,0.97,769.45,0.98,1132.41,0.03,763.45,0.02,1127.41,0.04,130.09,0.05,74.0,0.01,0.01,2339.632995,1776211687000
1776211689.066,189.066,0.96,20.0,0.95,326.63,0.97,567.45,0.98,1247.41,0.03,728.45,0.02,1132.41,0.04,105.09,0.05,74.0,0.01,0.01,2339.632995,1776211687000
1776211689.305,189.305,0.96,25.0,0.95,320.63,0.97,506.45,0.98,1242.41,0.03,562.45,0.02,1242.41,0.04,20.0,0.05,310.63,0.01,0.01,2339.619692,1776211688000
1776211689.899,189.899,0.95,310.63,0.94,246.03,0.96,65.0,0.97,485.45,0.03,485.45,0.02,1242.41,0.04,25.0,0.05,320.63,0.01,0.01,2339.619692,1776211688000
1776211690.163,190.163,0.95,341.63,0.94,256.03,0.96,60.83,0.97,485.45,0.04,65.0,0.03,485.45,0.05,310.63,0.06,246.03,0.01,0.01,2339.525231,1776211689000
1776211690.618,190.618,0.95,341.63,0.94,256.03,0.96,54.83,0.97,485.45,0.04,60.83,0.03,485.45,0.05,341.63,0.06,256.03,0.01,0.01,2339.525231,1776211689000
1776211691.038,191.038,0.95,341.63,0.94,256.03,0.97,485.45,0.98,1068.71,0.03,485.45,0.02,1068.71,0.05,341.63,0.06,256.03,0.02,0.02,2339.822246,1776211690000
1776211691.352,191.352,0.96,39.0,0.95,89.0,0.97,479.45,0.98,1068.71,0.03,485.45,0.02,1068.71,0.05,341.63,0.06,256.03,0.01,0.02,2339.822246,1776211690000
1776211691.557,191.557,0.96,39.0,0.95,94.26,0.97,445.45,0.98,1068.71,0.03,445.45,0.02,1068.71,0.04,39.0,0.05,94.26,0.01,0.01,2339.822246,1776211690000
1776211691.963,191.963,0.96,39.0,0.95,83.26,0.97,368.4,0.98,1068.71,0.03,373.45,0.02,1068.71,0.04,39.0,0.05,94.26,0.01,0.01,2339.822246,1776211690000
1776211692.291,192.291,0.96,184.0,0.95,159.06,0.97,358.4,0.98,933.71,0.03,368.4,0.02,1068.71,0.04,39.0,0.05,83.26,0.01,0.01,2339.874472,1776211691000
1776211692.492,192.492,0.96,154.0,0.95,163.92,0.97,329.4,0.98,933.71,0.03,334.4,0.02,933.71,0.04,154.0,0.05,168.92,0.01,0.01,2339.874472,1776211691000
1776211692.705,192.705,0.96,252.7,0.95,163.92,0.97,142.1,0.98,933.71,0.03,147.1,0.02,933.71,0.04,252.7,0.05,163.92,0.01,0.01,2339.874472,1776211691000
1776211692.919,192.919,0.96,252.7,0.95,193.92,0.97,66.1,0.98,933.71,0.03,71.1,0.02,933.71,0.04,252.7,0.05,193.92,0.01,0.01,2339.874472,1776211691000
1776211693.163,193.163,0.96,54.0,0.95,179.06,0.97,22.23,0.98,1097.71,0.03,27.23,0.02,933.71,0.04,54.0,0.05,179.06,0.01,0.01,2339.883233,1776211692000
1776211693.682,193.682,0.96,272.7,0.95,289.06,0.97,133.19,0.98,1097.71,0.03,17.23,0.02,1097.71,0.04,147.7,0.05,179.06,0.01,0.01,2339.883233,1776211692000
1776211693.889,193.889,0.96,257.7,0.95,289.06,0.97,125.07,0.98,1097.71,0.03,130.07,0.02,1097.71,0.04,262.7,0.05,289.06,0.01,0.01,2339.883233,1776211692000
1776211694.153,194.153,0.96,257.7,0.95,289.06,0.97,118.83,0.98,1097.71,0.03,119.87,0.02,1097.71,0.04,257.7,0.05,289.06,0.01,0.01,2340.234965,1776211693000
1776211694.443,194.443,0.97,113.0,0.96,258.7,0.98,1096.68,0.99,2595.87,0.02,1097.71,0.01,2595.87,0.04,257.7,0.05,289.06,0.01,0.02,2340.234965,1776211693000
1776211694.674,194.674,0.97,118.0,0.96,258.7,0.98,1066.68,0.99,2595.87,0.02,1096.68,0.01,2595.87,0.03,113.0,0.04,258.7,0.01,0.01,2340.234965,1776211693000
1776211694.954,194.954,0.97,123.0,0.96,263.7,0.98,903.41,0.99,2760.87,0.02,1066.68,0.01,2595.87,0.03,118.0,0.04,258.7,0.01,0.01,2340.234965,1776211693000
1776211695.665,195.665,0.97,153.0,0.96,252.7,0.98,898.41,0.99,2778.0,0.02,903.41,0.01,2760.87,0.03,123.0,0.04,263.7,0.01,0.01,2340.207369,1776211694000
1776211695.883,195.883,0.97,158.0,0.96,253.7,0.98,892.34,0.99,2778.0,0.02,898.41,0.01,2778.0,0.03,153.0,0.04,252.7,0.01,0.01,2340.207369,1776211694000
1776211696.628,196.628,0.97,123.0,0.96,506.33,0.98,890.34,0.99,2778.0,0.02,892.34,0.01,2778.0,0.03,158.0,0.04,253.7,0.01,0.01,2340.167769,1776211695000
1776211697.065,197.065,0.97,123.0,0.96,506.33,0.98,890.34,0.99,2778.0,0.02,890.34,0.01,2778.0,0.03,123.0,0.04,506.33,0.01,0.01,2340.3311,1776211696000
1776211697.312,197.312,0.97,115.1,0.96,511.33,0.98,883.34,0.99,2770.87,0.02,883.34,0.01,2778.0,0.03,128.0,0.04,506.33,0.01,0.01,2340.3311,1776211696000
1776211698.078,198.078,0.97,115.1,0.96,511.33,0.98,883.34,0.99,2770.87,0.02,883.34,0.01,2770.87,0.03,115.1,0.04,511.33,0.01,0.01,2340.194807,1776211697000
1776211699.201,199.201,0.97,306.63,0.96,237.7,0.98,878.34,0.99,2760.87,0.02,878.34,0.01,2760.87,0.03,306.63,0.04,237.7,0.01,0.01,2340.186591,1776211698000
1776211700.458,200.458,0.97,297.63,0.96,237.7,0.98,848.34,0.99,2770.87,0.02,848.34,0.01,2770.87,0.03,297.63,0.04,237.7,0.01,0.01,2340.308441,1776211699000
1776211701.145,201.145,0.97,297.63,0.96,237.7,0.98,848.34,0.99,2770.87,0.02,848.34,0.01,2770.87,0.03,297.63,0.04,237.7,0.01,0.01,2340.435326,1776211700000
1776211701.619,201.619,0.97,287.63,0.96,237.7,0.98,1342.01,0.99,9450.87,0.02,1347.12,0.01,9460.87,0.03,287.63,0.04,237.7,0.01,0.01,2340.435326,1776211700000
1776211701.888,201.888,0.97,333.63,0.96,277.7,0.98,868.92,0.99,3328.87,0.02,722.83,0.01,3336.0,0.03,301.63,0.04,247.7,0.01,0.01,2340.435326,1776211700000
1776211702.291,202.291,0.97,333.63,0.96,277.7,0.98,868.92,0.99,3328.87,0.02,868.92,0.01,3328.87,0.03,333.63,0.04,277.7,0.01,0.01,2340.31145,1776211701000
1776211702.827,202.827,0.97,435.33,0.96,272.7,0.98,833.56,0.99,3328.87,0.02,868.92,0.01,3328.87,0.03,333.63,0.04,277.7,0.01,0.01,2340.31145,1776211701000
1776211703.455,203.455,0.97,435.33,0.96,272.7,0.98,833.56,0.99,3328.87,0.02,833.56,0.01,3328.87,0.03,435.33,0.04,272.7,0.01,0.01,2340.453844,1776211702000
1776211704.005,204.005,0.97,595.33,0.96,242.7,0.98,824.18,0.99,2970.27,0.02,833.56,0.01,3328.87,0.03,435.33,0.04,272.7,0.01,0.01,2340.453844,1776211702000
1776211705.229,205.229,0.97,595.33,0.96,242.7,0.98,809.18,0.99,2970.27,0.02,809.18,0.01,2970.27,0.03,595.33,0.04,242.7,0.01,0.01,2340.621078,1776211704000
1776211705.619,205.619,0.97,326.94,0.96,342.7,0.98,637.69,0.99,2628.87,0.02,809.18,0.01,2970.27,0.03,595.33,0.04,242.7,0.01,0.01,2340.621078,1776211704000
1776211705.958,205.958,0.97,316.94,0.96,376.7,0.98,602.69,0.99,2628.87,0.02,607.69,0.01,2628.87,0.03,321.94,0.04,351.7,0.01,0.01,2340.621078,1776211704000
1776211706.237,206.237,0.97,326.94,0.96,356.7,0.98,597.59,0.99,2639.03,0.02,602.69,0.01,2628.87,0.03,316.94,0.04,376.7,0.01,0.01,2340.621078,1776211704000
1776211706.532,206.532,0.97,321.94,0.96,381.7,0.98,653.08,0.99,3208.03,0.02,597.59,0.01,2639.03,0.03,326.94,0.04,356.7,0.01,0.01,2341.1399,1776211705000
1776211706.971,206.971,0.97,321.94,0.96,372.7,0.98,587.59,0.99,2639.03,0.02,653.08,0.01,3208.03,0.03,321.94,0.04,381.7,0.01,0.01,2341.1399,1776211705000
1776211707.176,207.176,0.97,321.94,0.96,372.7,0.98,573.39,0.99,2639.03,0.02,577.39,0.01,2639.03,0.03,321.94,0.04,372.7,0.01,0.01,2341.011649,1776211706000
1776211707.582,207.582,0.97,321.94,0.96,377.7,0.98,569.39,0.99,2659.38,0.02,573.39,0.01,2639.03,0.03,321.94,0.04,372.7,0.01,0.01,2341.011649,1776211706000
1776211707.803,207.803,0.97,430.64,0.96,377.7,0.98,559.39,0.99,2659.38,0.02,565.39,0.01,2659.38,0.03,321.94,0.04,377.7,0.01,0.01,2341.011649,1776211706000
1776211708.026,208.026,0.97,430.64,0.96,377.7,0.98,529.39,0.99,2659.38,0.02,529.39,0.01,2659.38,0.03,430.64,0.04,377.7,0.01,0.01,2340.887531,1776211707000
1776211708.385,208.385,0.97,430.64,0.96,377.7,0.98,525.39,0.99,2659.38,0.02,529.39,0.01,2659.38,0.03,430.64,0.04,377.7,0.01,0.01,2340.887531,1776211707000
1776211708.956,208.956,0.97,972.45,0.96,377.7,0.98,511.19,0.99,2295.78,0.02,521.39,0.01,3249.38,0.03,430.64,0.04,377.7,0.01,0.01,2340.887531,1776211707000
1776211710.174,210.174,0.97,972.45,0.96,377.7,0.98,511.19,0.99,2295.78,0.02,511.19,0.01,2295.78,0.03,972.45,0.04,377.7,0.01,0.01,2340.80591,1776211709000
1776211710.667,210.667,0.97,843.75,0.96,247.7,0.98,470.98,0.99,2687.38,0.02,500.98,0.01,2687.38,0.03,843.75,0.04,247.7,0.01,0.01,2340.80591,1776211709000
1776211711.162,211.162,0.97,881.75,0.96,282.7,0.98,390.98,0.99,2967.38,0.02,465.98,0.01,2687.38,0.03,876.75,0.04,247.7,0.01,0.01,2340.80591,1776211709000
1776211711.501,211.501,0.97,876.75,0.96,363.06,0.98,360.98,0.99,3338.38,0.02,390.98,0.01,2967.38,0.03,881.75,0.04,282.7,0.01,0.01,2340.697046,1776211710000
1776211711.777,211.777,0.97,976.75,0.96,363.06,0.98,349.98,0.99,3383.38,0.02,354.98,0.01,3383.38,0.03,871.75,0.04,363.06,0.01,0.01,2340.697046,1776211710000
1776211712.323,212.323,0.97,976.75,0.96,363.06,0.98,349.98,0.99,3383.38,0.02,349.98,0.01,3383.38,0.03,976.75,0.04,363.06,0.01,0.01,2340.564912,1776211711000
1776211712.857,212.857,0.97,976.75,0.96,363.06,0.98,349.98,0.99,3383.38,0.02,349.98,0.01,3383.38,0.03,976.75,0.04,363.06,0.01,0.01,2340.561849,1776211712000
1776211713.783,213.783,0.97,575.39,0.96,282.7,0.98,145.98,0.99,2687.38,0.02,349.98,0.01,3383.38,0.03,976.75,0.04,363.06,0.01,0.01,2340.561849,1776211712000
1776211714.315,214.315,0.97,575.39,0.96,282.7,0.98,145.98,0.99,2687.38,0.02,145.98,0.01,2687.38,0.03,575.39,0.04,282.7,0.01,0.01,2340.60615,1776211713000
1776211714.853,214.853,0.97,575.39,0.96,282.7,0.98,145.98,0.99,2687.38,0.02,145.98,0.01,2687.38,0.03,575.39,0.04,282.7,0.01,0.01,2340.55517,1776211714000
1776211715.871,215.871,0.97,598.2,0.96,272.7,0.98,72.08,0.99,2694.38,0.02,65.98,0.01,2687.38,0.03,589.2,0.04,277.7,0.01,0.01,2340.55517,1776211714000
1776211716.145,216.145,0.97,721.9,0.96,272.7,0.99,2660.91,,,0.01,2660.91,,,0.03,608.2,0.04,272.7,0.02,0.02,2340.55517,1776211714000
1776211716.505,216.505,0.97,721.9,0.96,272.7,0.99,2660.91,,,0.01,2660.91,,,0.03,721.9,0.04,272.7,0.02,0.02,2340.525242,1776211715000
1776211717.083,217.083,0.97,721.9,0.96,272.7,0.99,2660.91,,,0.01,2660.91,,,0.03,721.9,0.04,272.7,0.02,0.02,2340.495464,1776211716000
1776211718.117,218.117,0.98,604.79,0.97,201.01,0.99,2272.31,,,0.01,2660.91,,,0.03,721.9,0.04,272.7,0.01,0.02,2340.495464,1776211716000
1776211718.824,218.824,0.98,1318.89,0.97,479.01,0.99,2172.24,,,0.01,2182.29,,,0.02,763.61,0.03,497.01,0.01,0.01,2340.667916,1776211717000
1776211719.359,219.359,0.98,1318.89,0.97,479.01,0.99,2167.19,,,0.01,2167.19,,,0.02,1318.89,0.03,479.01,0.01,0.01,2340.792226,1776211718000
1776211719.646,219.646,0.98,1517.67,0.97,379.01,0.99,2153.19,,,0.01,2163.19,,,0.02,1381.67,0.03,379.01,0.01,0.01,2340.792226,1776211718000
1776211719.929,219.929,0.98,1487.67,0.97,379.01,0.99,1065.19,,,0.01,1067.19,,,0.02,1482.67,0.03,379.01,0.01,0.01,2340.792226,1776211718000
1776211720.265,220.265,0.98,1387.67,0.97,379.01,0.99,990.19,,,0.01,1027.19,,,0.02,1482.67,0.03,379.01,0.01,0.01,2340.792226,1776211718000
1776211720.499,220.499,0.99,7032.87,0.98,1356.67,,,,,0.01,985.14,,,0.02,1361.67,0.03,369.01,,0.01,2341.116935,1776211719000
1776211720.823,220.823,0.99,15942.04,0.98,971.98,,,,,,,,,0.01,7032.87,0.02,1356.67,,,2341.116935,1776211719000
1776211721.026,221.026,0.99,15941.01,0.98,971.98,,,,,,,,,0.01,15942.04,0.02,971.98,,,2341.116935,1776211719000
1776211721.349,221.349,0.99,15936.01,0.98,971.98,,,,,,,,,0.01,15936.01,0.02,971.98,,,2341.26366,1776211720000
1776211721.772,221.772,0.99,15936.01,0.98,971.98,,,,,,,,,0.01,15936.01,0.02,971.98,,,2341.800641,1776211721000
1776211723.187,223.187,0.99,15936.01,0.98,971.98,,,,,,,,,0.01,15936.01,0.02,971.98,,,2341.623526,1776211722000
1776211724.486,224.486,0.99,15936.01,0.98,971.98,,,,,,,,,0.01,15936.01,0.02,971.98,,,2341.567594,1776211723000
1776211724.985,224.985,0.99,15936.01,0.98,971.98,,,,,,,,,0.01,15936.01,0.02,971.98,,,2341.586674,1776211724000
1776211726.172,226.172,0.99,15936.01,0.98,971.98,,,,,,,,,0.01,15936.01,0.02,971.98,,,2341.604674,1776211725000
1776211727.248,227.248,0.99,15936.01,0.98,971.98,,,,,,,,,0.01,15936.01,0.02,971.98,,,2342.406521,1776211726000
1776211728.279,228.279,0.99,15936.01,0.98,971.98,,,,,,,,,0.01,15936.01,0.02,971.98,,,2342.214947,1776211727000
1776211729.302,229.302,0.99,15936.01,0.98,971.98,,,,,,,,,0.01,15936.01,0.02,971.98,,,2342.050497,1776211728000
1776211729.87,229.87,0.99,15936.01,0.98,971.98,,,,,,,,,0.01,15936.01,0.02,971.98,,,2342.028659,1776211729000
1776211730.994,230.994,0.99,15936.01,0.98,971.98,,,,,,,,,0.01,15936.01,0.02,971.98,,,2342.056028,1776211730000
1776211731.996,231.996,0.99,15936.01,0.98,971.98,,,,,,,,,0.01,15936.01,0.02,971.98,,,2342.055203,1776211731000
1776211733.048,233.048,0.99,15936.01,0.98,971.98,,,,,,,,,0.01,15936.01,0.02,971.98,,,2342.32425,1776211732000
1776211734.074,234.074,0.99,15936.01,0.98,971.98,,,,,,,,,0.01,15936.01,0.02,971.98,,,2342.3322,1776211733000
1776211735.172,235.172,0.99,15936.01,0.98,971.98,,,,,,,,,0.01,15936.01,0.02,971.98,,,2342.211725,1776211734000
1776211736.268,236.268,0.99,15936.01,0.98,971.98,,,,,,,,,0.01,15936.01,0.02,971.98,,,2342.09882,1776211735000
1776211737.491,237.491,0.99,15936.01,0.98,971.98,,,,,,,,,0.01,15936.01,0.02,971.98,,,2342.10773,1776211736000
1776211738.01,238.01,0.99,15936.01,0.98,971.98,,,,,,,,,0.01,15936.01,0.02,971.98,,,2342.11018,1776211737000
1776211739.083,239.083,0.99,15936.01,0.98,971.98,,,,,,,,,0.01,15936.01,0.02,971.98,,,2342.066156,1776211738000
1776211740.055,240.055,0.99,15936.01,0.98,971.98,,,,,,,,,0.01,15936.01,0.02,971.98,,,2342.0816,1776211739000
1776211741.181,241.181,0.99,15936.01,0.98,971.98,,,,,,,,,0.01,15936.01,0.02,971.98,,,2342.116077,1776211740000
1776211742.181,242.181,0.99,15936.01,0.98,971.98,,,,,,,,,0.01,15936.01,0.02,971.98,,,2342.243886,1776211741000
1776211743.11,243.11,0.99,15936.01,0.98,971.98,,,,,,,,,0.01,15936.01,0.02,971.98,,,2342.203342,1776211742000
1776211744.11,244.11,0.99,15936.01,0.98,971.98,,,,,,,,,0.01,15936.01,0.02,971.98,,,2342.006534,1776211743000
1776211744.92,244.92,0.991,400.0,0.99,2215.24,0.999,320.0,,,,,,,0.01,15936.01,0.02,971.98,0.008,,2342.006534,1776211743000
1776211745.337,245.337,0.991,400.0,0.99,2245.24,0.999,284.96,,,0.001,320.0,,,0.009,400.0,0.01,2215.24,0.008,0.008,2342.033139,1776211744000
1776211746.014,246.014,0.991,400.0,0.99,2240.24,0.999,533.95,,,0.001,533.95,,,0.009,400.0,0.01,2240.24,0.008,0.008,2342.088928,1776211745000
1776211746.997,246.997,0.991,400.0,0.99,2240.24,0.999,533.95,,,0.001,533.95,,,0.009,400.0,0.01,2240.24,0.008,0.008,2342.420383,1776211746000
1776211747.809,247.809,0.998,25.05,0.991,400.0,0.999,802.94,,,0.001,533.95,,,0.009,400.0,0.01,2240.24,0.001,0.008,2342.420383,1776211746000
1776211748.184,248.184,0.998,25.05,0.991,400.0,0.999,758.9,,,0.001,760.91,,,0.002,25.05,0.009,400.0,0.001,0.001,2342.553954,1776211747000
1776211748.866,248.866,0.998,25.05,0.991,400.0,0.999,758.9,,,0.001,758.9,,,0.002,25.05,0.009,400.0,0.001,0.001,2342.751239,1776211748000
1776211749.797,249.797,0.998,25.05,0.991,400.0,0.999,758.9,,,0.001,758.9,,,0.002,25.05,0.009,400.0,0.001,0.001,2342.704899,1776211749000
1776211750.335,250.335,0.998,25.05,0.991,400.0,0.999,730.9,,,0.001,758.9,,,0.002,25.05,0.009,400.0,0.001,0.001,2342.704899,1776211749000
1776211750.542,250.542,0.998,25.05,0.991,400.0,0.999,699.89,,,0.001,709.89,,,0.002,25.05,0.009,400.0,0.001,0.001,2342.704899,1776211749000
1776211750.952,250.952,0.998,25.05,0.991,400.0,0.999,687.87,,,0.001,687.87,,,0.002,25.05,0.009,400.0,0.001,0.001,2342.79927,1776211750000
1776211751.835,251.835,0.998,25.05,0.991,400.0,0.999,661.73,,,0.001,661.73,,,0.002,25.05,0.009,400.0,0.001,0.001,2343.049874,1776211751000
1776211752.671,252.671,0.998,105.05,0.991,400.0,0.999,607.52,,,0.001,661.73,,,0.002,25.05,0.009,400.0,0.001,0.001,2343.049874,1776211751000
1776211753.243,253.243,0.998,105.05,0.991,400.0,0.999,607.52,,,0.001,607.52,,,0.002,105.05,0.009,400.0,0.001,0.001,2343.022024,1776211752000
1776211753.922,253.922,0.998,105.05,0.991,400.0,0.999,599.53,,,0.001,607.52,,,0.002,105.05,0.009,400.0,0.001,0.001,2343.022024,1776211752000
1776211754.674,254.674,0.998,105.05,0.991,400.0,0.999,599.53,,,0.001,599.53,,,0.002,105.05,0.009,400.0,0.001,0.001,2342.899881,1776211753000
1776211755.116,255.116,0.998,105.05,0.991,400.0,0.999,571.53,,,0.001,571.53,,,0.002,105.05,0.009,400.0,0.001,0.001,2342.822809,1776211754000
1776211755.927,255.927,0.998,105.05,0.991,400.0,0.999,566.52,,,0.001,571.53,,,0.002,105.05,0.009,400.0,0.001,0.001,2342.822809,1776211754000
1776211756.369,256.369,0.998,105.05,0.991,400.0,0.999,558.53,,,0.001,566.52,,,0.002,105.05,0.009,400.0,0.001,0.001,2343.008869,1776211755000
1776211757.123,257.123,0.998,105.05,0.991,400.0,0.999,558.53,,,0.001,558.53,,,0.002,105.05,0.009,400.0,0.001,0.001,2343.081693,1776211756000
1776211758.045,258.045,0.991,400.0,0.99,3158.14,0.998,494.95,0.999,558.53,0.001,558.53,,,0.002,105.05,0.009,400.0,0.007,0.001,2343.081693,1776211756000
1776211758.327,258.327,0.991,400.0,0.99,2835.15,0.998,486.96,0.999,558.53,0.002,494.95,0.001,558.53,0.009,400.0,0.01,3158.14,0.007,0.007,2343.129503,1776211757000
1776211758.793,258.793,0.991,400.0,0.99,2840.15,0.998,484.96,0.999,558.53,0.002,486.96,0.001,558.53,0.009,400.0,0.01,2835.15,0.007,0.007,2343.129503,1776211757000
1776211759.114,259.114,0.991,400.0,0.99,2835.15,0.998,440.9,0.999,558.53,0.002,440.9,0.001,558.53,0.009,400.0,0.01,2835.15,0.007,0.007,2343.120735,1776211758000
1776211760.129,260.129,0.991,400.0,0.99,2835.15,0.998,440.9,0.999,558.53,0.002,440.9,0.001,558.53,0.009,400.0,0.01,2835.15,0.007,0.007,2343.114606,1776211759000
1776211761.123,261.123,0.991,400.0,0.99,2835.15,0.998,440.9,0.999,558.53,0.002,440.9,0.001,558.53,0.009,400.0,0.01,2835.15,0.007,0.007,2343.203655,1776211760000
1776211762.035,262.035,0.991,400.0,0.99,2840.25,0.998,612.9,0.999,578.54,0.002,440.9,0.001,558.53,0.009,400.0,0.01,2835.15,0.007,0.007,2343.203655,1776211760000
1776211762.882,262.882,0.991,400.0,0.99,2845.25,0.998,605.92,0.999,578.54,0.002,612.9,0.001,578.54,0.009,400.0,0.01,2840.25,0.007,0.007,2343.469509,1776211761000
1776211763.179,263.179,0.991,400.0,0.99,2840.25,0.998,561.84,0.999,578.54,0.002,561.84,0.001,578.54,0.009,400.0,0.01,2840.25,0.007,0.007,2343.473295,1776211762000
1776211764.159,264.159,0.991,400.0,0.99,2840.25,0.998,561.84,0.999,578.54,0.002,561.84,0.001,578.54,0.009,400.0,0.01,2840.25,0.007,0.007,2343.470531,1776211763000
1776211765.079,265.079,0.991,400.0,0.99,2840.25,0.998,561.84,0.999,578.54,0.002,561.84,0.001,578.54,0.009,400.0,0.01,2840.25,0.007,0.007,2343.414937,1776211764000
1776211765.807,265.807,0.991,400.0,0.99,2865.25,0.998,554.86,0.999,328.54,0.002,561.84,0.001,578.54,0.009,400.0,0.01,2840.25,0.007,0.007,2343.414937,1776211764000
1776211766.104,266.104,0.991,400.0,0.99,2860.25,0.998,526.86,0.999,328.54,0.002,526.86,0.001,328.54,0.009,400.0,0.01,2860.25,0.007,0.007,2343.316622,1776211765000
1776211767.408,267.408,0.991,400.0,0.99,2860.25,0.998,519.88,0.999,328.54,0.002,526.86,0.001,328.54,0.009,400.0,0.01,2860.25,0.007,0.007,2343.316622,1776211765000
1776211768.021,268.021,0.991,400.0,0.99,2860.25,0.998,519.88,0.999,328.54,0.002,519.88,0.001,328.54,0.009,400.0,0.01,2860.25,0.007,0.007,2342.110607,1776211767000
1776211768.986,268.986,0.991,400.0,0.99,2860.25,0.998,519.88,0.999,328.54,0.002,519.88,0.001,328.54,0.009,400.0,0.01,2860.25,0.007,0.007,2342.143489,1776211768000
1776211769.975,269.975,0.991,400.0,0.99,2860.25,0.998,519.88,0.999,328.54,0.002,519.88,0.001,328.54,0.009,400.0,0.01,2860.25,0.007,0.007,2342.283024,1776211769000
1776211770.407,270.407,0.998,480.12,0.991,400.0,0.999,328.54,,,0.002,519.88,0.001,328.54,0.009,400.0,0.01,2860.25,0.001,0.007,2342.283024,1776211769000
1776211770.946,270.946,0.998,480.12,0.991,400.0,0.999,328.54,,,0.001,328.54,,,0.002,480.12,0.009,400.0,0.001,0.001,2342.15031,1776211770000
1776211771.948,271.948,0.998,480.12,0.991,400.0,0.999,328.54,,,0.001,328.54,,,0.002,480.12,0.009,400.0,0.001,0.001,2342.20785,1776211771000
1776211772.707,272.707,0.998,480.12,0.992,1071.6,0.999,327.53,,,0.001,328.54,,,0.002,480.12,0.009,400.0,0.001,0.001,2342.20785,1776211771000
1776211772.997,272.997,0.998,480.12,0.992,1071.6,0.999,299.53,,,0.001,299.53,,,0.002,480.12,0.008,1071.6,0.001,0.001,2342.210805,1776211772000
1776211773.932,273.932,0.998,480.12,0.992,1071.6,0.999,299.53,,,0.001,299.53,,,0.002,480.12,0.008,1071.6,0.001,0.001,2342.204272,1776211773000
1776211774.944,274.944,0.998,480.12,0.992,1071.6,0.999,299.53,,,0.001,299.53,,,0.002,480.12,0.008,1071.6,0.001,0.001,2342.204272,1776211774000
1776211775.637,275.637,0.998,560.18,0.992,1071.6,0.999,281.53,,,0.001,299.53,,,0.002,480.12,0.008,1071.6,0.001,0.001,2342.204272,1776211774000
1776211775.921,275.921,0.998,560.18,0.992,1071.6,0.999,281.53,,,0.001,281.53,,,0.002,560.18,0.008,1071.6,0.001,0.001,2342.329451,1776211775000
1776211776.947,276.947,0.998,560.18,0.992,1071.6,0.999,281.53,,,0.001,281.53,,,0.002,560.18,0.008,1071.6,0.001,0.001,2342.316988,1776211776000
1776211777.883,277.883,0.998,560.18,0.992,1071.6,0.999,281.53,,,0.001,281.53,,,0.002,560.18,0.008,1071.6,0.001,0.001,2342.28965,1776211777000
1776211778.877,278.877,0.998,560.18,0.992,1071.6,0.999,281.53,,,0.001,281.53,,,0.002,560.18,0.008,1071.6,0.001,0.001,2343.102429,1776211778000
1776211779.087,279.087,0.998,560.18,0.992,1071.6,0.999,211.53,,,0.001,281.53,,,0.002,560.18,0.008,1071.6,0.001,0.001,2343.102429,1776211778000
1776211780.271,280.271,0.998,560.18,0.992,1071.6,0.999,211.53,,,0.001,211.53,,,0.002,560.18,0.008,1071.6,0.001,0.001,2343.266836,1776211779000
1776211781.291,281.291,0.998,560.18,0.992,1071.6,0.999,211.53,,,0.001,211.53,,,0.002,560.18,0.008,1071.6,0.001,0.001,2343.115552,1776211780000
1776211782.315,282.315,0.998,560.18,0.992,1071.6,0.999,211.53,,,0.001,211.53,,,0.002,560.18,0.008,1071.6,0.001,0.001,2342.9187,1776211781000
1776211783.293,283.293,0.998,560.18,0.992,1071.6,0.999,211.53,,,0.001,211.53,,,0.002,560.18,0.008,1071.6,0.001,0.001,2343.007986,1776211782000
1776211783.883,283.883,0.998,560.18,0.993,200.0,0.999,183.53,,,0.001,211.53,,,0.002,560.18,0.008,1071.6,0.001,0.001,2343.007986,1776211782000
1776211784.221,284.221,0.998,560.18,0.993,200.0,0.999,183.53,,,0.001,183.53,,,0.002,560.18,0.007,200.0,0.001,0.001,2343.654024,1776211783000
1776211785.186,285.186,0.998,560.18,0.993,200.0,0.999,183.53,,,0.001,183.53,,,0.002,560.18,0.007,200.0,0.001,0.001,2343.776452,1776211784000
1776211785.412,285.412,0.998,560.18,0.993,200.0,0.999,178.53,,,0.001,183.53,,,0.002,560.18,0.007,200.0,0.001,0.001,2343.776452,1776211784000
1776211785.828,285.828,0.998,560.18,0.993,200.0,0.999,123.49,,,0.001,173.53,,,0.002,560.18,0.007,200.0,0.001,0.001,2343.776452,1776211784000
1776211786.118,286.118,0.998,560.18,0.993,200.0,0.999,123.49,,,0.001,123.49,,,0.002,560.18,0.007,200.0,0.001,0.001,2343.744035,1776211785000
1776211786.424,286.424,0.998,560.18,0.993,200.0,0.999,98.46,,,0.001,123.49,,,0.002,560.18,0.007,200.0,0.001,0.001,2343.744035,1776211785000
1776211787.089,287.089,0.998,560.18,0.993,200.0,0.999,98.46,,,0.001,98.46,,,0.002,560.18,0.007,200.0,0.001,0.001,2343.759209,1776211786000
1776211788.019,288.019,0.998,560.18,0.993,200.0,0.999,70.46,,,0.001,98.46,,,0.002,560.18,0.007,200.0,0.001,0.001,2343.759209,1776211786000
1776211788.966,288.966,0.998,560.18,0.993,200.0,0.999,70.46,,,0.001,70.46,,,0.002,560.18,0.007,200.0,0.001,0.001,2343.434085,1776211788000
1776211789.922,289.922,0.998,560.18,0.993,200.0,0.999,64.47,,,0.001,70.46,,,0.002,560.18,0.007,200.0,0.001,0.001,2343.434085,1776211788000
1776211790.866,290.866,0.998,560.18,0.993,200.0,0.999,64.47,,,0.001,64.47,,,0.002,560.18,0.007,200.0,0.001,0.001,2343.418955,1776211790000
1776211791.297,291.297,0.998,560.18,0.993,200.0,0.999,44.87,,,0.001,64.47,,,0.002,560.18,0.007,200.0,0.001,0.001,2343.418955,1776211790000
1776211791.628,291.628,0.998,560.18,0.993,200.0,0.999,13.12,,,0.001,23.12,,,0.002,560.18,0.007,200.0,0.001,0.001,2343.418955,1776211790000
1776211791.832,291.832,0.998,560.18,0.993,200.0,0.999,13.12,,,0.001,13.12,,,0.002,560.18,0.007,200.0,0.001,0.001,2343.47916,1776211791000
1776211792.294,292.294,0.998,560.18,0.993,200.0,,,,,0.001,13.12,,,0.002,560.18,0.007,200.0,,0.001,2343.47916,1776211791000
1776211793.281,293.281,0.998,560.18,0.993,200.0,,,,,,,,,0.002,560.18,0.007,200.0,,,2343.481565,1776211792000
1776211794.314,294.314,0.998,560.18,0.993,200.0,,,,,,,,,0.002,560.18,0.007,200.0,,,2343.467373,1776211793000
1776211795.411,295.411,0.998,560.18,0.993,200.0,,,,,,,,,0.002,560.18,0.007,200.0,,,2342.98545,1776211794000
1776211795.927,295.927,0.998,560.18,0.993,200.0,,,,,,,,,0.002,560.18,0.007,200.0,,,2342.76013,1776211795000
1776211797.13,297.13,0.998,560.18,0.993,200.0,,,,,,,,,0.002,560.18,0.007,200.0,,,2342.381299,1776211796000
1776211798.065,298.065,0.998,560.18,0.993,200.0,,,,,,,,,0.002,560.18,0.007,200.0,,,2342.008525,1776211797000
1776211799.217,299.217,0.998,560.18,0.993,200.0,,,,,,,,,0.002,560.18,0.007,200.0,,,2342.014983,1776211798000
1776211800.236,300.236,0.998,560.18,0.993,200.0,,,,,,,,,0.002,560.18,0.007,200.0,,,2342.062902,1776211799000
1776211800.824,300.824,0.999,23311.01,0.998,175.26,,,,,,,,,0.002,560.18,0.007,200.0,,,2342.062902,1776211799000

# RESULT,winner=Up,slug=eth-updown-5m-1776211500,ticks=579
