timestamp,elapsed_sec,up_bid_p1,up_bid_s1,up_bid_p2,up_bid_s2,up_ask_p1,up_ask_s1,up_ask_p2,up_ask_s2,down_bid_p1,down_bid_s1,down_bid_p2,down_bid_s2,down_ask_p1,down_ask_s1,down_ask_p2,down_ask_s2,up_spread,down_spread,eth_price,eth_oracle_ts
1776190811.154,11.154,,,,,,,,,,,,,,,,,,,2342.72379,1776190810000
1776190811.579,11.579,0.7,40.5,0.69,30.0,0.71,159.58,0.72,146.0,0.29,154.58,0.28,146.0,0.3,40.5,0.31,30.0,0.01,0.01,2342.72379,1776190810000
1776190812.102,12.102,0.7,50.5,0.69,20.0,0.71,152.53,0.72,146.0,0.29,154.58,0.28,146.0,0.3,40.5,0.31,30.0,0.01,0.01,2342.72379,1776190810000
1776190812.566,12.566,0.7,40.5,0.69,20.0,0.71,148.12,0.72,146.0,0.29,152.53,0.28,146.0,0.3,50.5,0.31,20.0,0.01,0.01,2342.850246,1776190811000
1776190813.064,13.064,0.68,5.31,0.66,15.5,0.69,77.5,0.7,50.5,0.29,148.12,0.28,146.0,0.3,40.5,0.31,20.0,0.01,0.01,2342.850246,1776190811000
1776190813.32,13.32,0.63,15.5,0.62,10.5,0.64,23.43,0.65,126.5,0.35,54.5,0.33,10.0,0.36,16.0,0.37,15.0,0.01,0.01,2342.850246,1776190811000
1776190813.93,13.93,0.62,10.5,0.59,20.0,0.64,100.22,0.65,194.5,0.36,100.22,0.35,194.5,0.38,10.5,0.41,20.0,0.02,0.02,2342.882055,1776190813000
1776190814.9,14.9,0.62,10.0,0.59,15.5,0.63,112.24,0.64,167.22,0.36,100.22,0.35,194.5,0.38,10.5,0.41,20.0,0.01,0.02,2342.882055,1776190813000
1776190815.152,15.152,0.57,20.0,0.56,25.0,0.61,53.0,0.62,35.0,0.37,112.24,0.36,167.22,0.38,10.0,0.41,15.5,0.04,0.01,2342.882055,1776190813000
1776190815.354,15.354,0.58,6.42,0.57,20.0,0.59,20.0,0.6,17.0,0.39,53.0,0.38,35.0,0.43,20.0,0.44,25.0,0.01,0.04,2342.882055,1776190813000
1776190815.6,15.6,0.58,46.92,0.57,30.0,0.6,17.0,0.61,5.0,0.41,20.0,0.4,17.0,0.42,6.42,0.43,20.0,0.02,0.01,2342.882055,1776190813000
1776190815.928,15.928,0.59,45.37,0.58,57.92,0.6,24.0,0.61,70.0,0.4,17.0,0.39,5.0,0.42,46.92,0.43,30.0,0.01,0.02,2342.212398,1776190814000
1776190816.233,16.233,0.59,45.37,0.58,57.92,0.6,24.0,0.61,70.0,0.4,24.0,0.39,70.0,0.41,45.37,0.42,57.92,0.01,0.01,2342.142213,1776190815000
1776190817.312,17.312,0.59,45.37,0.58,57.92,0.6,24.0,0.61,70.0,0.4,24.0,0.39,70.0,0.41,45.37,0.42,57.92,0.01,0.01,2342.02655,1776190816000
1776190818.387,18.387,0.59,112.93,0.58,122.92,0.6,57.0,0.61,77.0,0.4,57.0,0.39,77.0,0.41,112.93,0.42,122.92,0.01,0.01,2342.11234,1776190817000
1776190818.987,18.987,0.59,112.93,0.58,122.92,0.6,57.0,0.61,77.0,0.4,57.0,0.39,77.0,0.41,112.93,0.42,122.92,0.01,0.01,2342.119091,1776190818000
1776190819.287,19.287,0.6,141.5,0.59,136.93,0.61,53.36,0.62,107.0,0.39,53.36,0.38,102.0,0.4,146.5,0.41,131.93,0.01,0.01,2342.119091,1776190818000
1776190819.547,19.547,0.6,136.5,0.59,136.93,0.61,48.36,0.62,107.0,0.39,53.36,0.38,107.0,0.4,141.5,0.41,136.93,0.01,0.01,2342.119091,1776190818000
1776190820.038,20.038,0.6,136.5,0.59,136.93,0.61,48.36,0.62,107.0,0.39,48.36,0.38,107.0,0.4,136.5,0.41,136.93,0.01,0.01,2342.116194,1776190819000
1776190821.197,21.197,0.6,136.5,0.59,136.93,0.61,48.36,0.62,107.0,0.39,48.36,0.38,107.0,0.4,136.5,0.41,136.93,0.01,0.01,2342.139727,1776190820000
1776190822.171,22.171,0.6,136.5,0.59,136.93,0.61,48.36,0.62,107.0,0.39,48.36,0.38,107.0,0.4,136.5,0.41,136.93,0.01,0.01,2342.320625,1776190821000
1776190822.791,22.791,0.62,64.5,0.61,118.5,0.63,31.0,0.64,152.5,0.37,58.0,0.36,147.5,0.38,56.5,0.39,118.5,0.01,0.01,2342.320625,1776190821000
1776190823.336,23.336,0.62,64.5,0.61,118.5,0.63,31.0,0.64,152.5,0.37,31.0,0.36,152.5,0.38,64.5,0.39,118.5,0.01,0.01,2342.330575,1776190822000
1776190824.47,24.47,0.62,64.5,0.61,118.5,0.63,31.0,0.64,152.5,0.37,31.0,0.36,152.5,0.38,64.5,0.39,118.5,0.01,0.01,2342.268476,1776190823000
1776190824.791,24.791,0.62,137.86,0.61,123.5,0.63,55.0,0.64,157.5,0.37,31.0,0.36,152.5,0.38,64.5,0.39,118.5,0.01,0.01,2342.268476,1776190823000
1776190825.102,25.102,0.62,137.86,0.61,123.5,0.63,55.0,0.64,157.5,0.37,55.0,0.36,157.5,0.38,137.86,0.39,123.5,0.01,0.01,2342.300099,1776190824000
1776190826.219,26.219,0.62,137.86,0.61,123.5,0.63,55.0,0.64,157.5,0.37,55.0,0.36,157.5,0.38,137.86,0.39,123.5,0.01,0.01,2342.296629,1776190825000
1776190827.272,27.272,0.62,130.22,0.61,123.5,0.63,60.0,0.64,142.5,0.37,60.0,0.36,142.5,0.38,130.22,0.39,123.5,0.01,0.01,2342.298391,1776190826000
1776190827.78,27.78,0.61,5.0,0.6,20.0,0.62,84.32,0.63,186.67,0.37,60.0,0.36,142.5,0.38,130.22,0.39,123.5,0.01,0.01,2342.298391,1776190826000
1776190828.383,28.383,0.6,20.0,0.59,10.0,0.61,5.0,0.62,99.32,0.39,5.0,0.38,99.32,0.4,20.0,0.41,10.0,0.01,0.01,2342.292888,1776190827000
1776190828.997,28.997,0.6,20.0,0.59,10.0,0.61,5.0,0.62,99.32,0.39,5.0,0.38,99.32,0.4,20.0,0.41,10.0,0.01,0.01,2342.280234,1776190828000
1776190829.803,29.803,0.57,80.0,0.56,115.5,0.58,45.52,0.59,128.49,0.39,5.0,0.38,99.32,0.4,20.0,0.41,10.0,0.01,0.01,2342.280234,1776190828000
1776190830.078,30.078,0.57,80.0,0.56,115.5,0.58,45.52,0.59,128.49,0.42,45.52,0.41,128.49,0.43,80.0,0.44,115.5,0.01,0.01,2342.040742,1776190829000
1776190831.113,31.113,0.57,80.0,0.56,115.5,0.58,45.52,0.59,128.49,0.42,45.52,0.41,128.49,0.43,80.0,0.44,115.5,0.01,0.01,2341.793285,1776190830000
1776190831.584,31.584,0.56,25.0,0.55,50.0,0.58,289.84,0.59,118.67,0.42,45.52,0.41,128.49,0.43,80.0,0.44,115.5,0.02,0.01,2341.793285,1776190830000
1776190831.799,31.799,0.55,23.86,0.54,25.0,0.56,216.5,0.57,64.32,0.42,289.84,0.41,118.67,0.44,25.0,0.45,50.0,0.01,0.02,2341.793285,1776190830000
1776190832.089,32.089,0.51,22.81,0.5,30.0,0.53,20.5,0.54,17.0,0.47,20.5,0.46,17.0,0.49,22.81,0.5,30.0,0.02,0.02,2341.750417,1776190831000
1776190832.33,32.33,0.48,50.0,0.47,50.0,0.51,149.0,0.52,148.5,0.49,68.0,0.48,148.5,0.5,15.1,0.51,10.0,0.03,0.01,2341.750417,1776190831000
1776190832.559,32.559,0.46,48.05,0.45,161.0,0.48,10.0,0.49,85.82,0.49,149.0,0.48,148.5,0.52,50.0,0.53,50.0,0.02,0.03,2341.750417,1776190831000
1776190832.906,32.906,0.46,52.77,0.45,166.0,0.47,29.0,0.48,25.0,0.52,10.0,0.51,85.82,0.54,48.05,0.55,161.0,0.01,0.02,2341.750417,1776190831000
1776190834.075,34.075,0.46,52.77,0.45,166.0,0.47,29.0,0.48,25.0,0.53,29.0,0.52,25.0,0.54,52.77,0.55,166.0,0.01,0.01,2340.965502,1776190833000
1776190834.76,34.76,0.46,307.27,0.45,194.5,0.47,5.0,0.48,27.0,0.53,79.0,0.52,57.5,0.54,73.27,0.55,176.5,0.01,0.01,2340.965502,1776190833000
1776190835.051,35.051,0.47,163.5,0.46,168.27,0.48,10.0,0.49,30.0,0.52,15.0,0.51,30.0,0.54,272.27,0.55,184.5,0.01,0.02,2340.965502,1776190833000
1776190836.056,36.056,0.47,158.5,0.46,168.27,0.48,10.0,0.49,30.0,0.52,10.0,0.51,30.0,0.53,158.5,0.54,168.27,0.01,0.01,2340.89068,1776190835000
1776190837.018,37.018,0.47,302.5,0.46,186.27,0.48,5.0,0.49,20.0,0.52,10.0,0.51,30.0,0.53,158.5,0.54,168.27,0.01,0.01,2340.89068,1776190835000
1776190837.3,37.3,0.47,302.5,0.46,186.27,0.49,20.0,0.5,80.5,0.52,5.0,0.51,20.0,0.53,302.5,0.54,186.27,0.02,0.01,2341.027987,1776190836000
1776190838.087,38.087,0.47,302.5,0.46,186.27,0.49,20.0,0.5,80.5,0.51,20.0,0.5,80.5,0.53,302.5,0.54,186.27,0.02,0.02,2341.021232,1776190837000
1776190839.168,39.168,0.47,302.5,0.46,186.27,0.49,20.0,0.5,80.5,0.51,20.0,0.5,80.5,0.53,302.5,0.54,186.27,0.02,0.02,2341.026603,1776190838000
1776190840.117,40.117,0.39,137.86,0.38,155.0,0.4,44.5,0.41,48.5,0.51,20.0,0.5,80.5,0.53,302.5,0.54,186.27,0.01,0.02,2341.026603,1776190838000
1776190840.848,40.848,0.39,167.0,0.38,155.0,0.4,80.5,0.41,103.5,0.6,44.5,0.59,48.5,0.61,137.86,0.62,155.0,0.01,0.01,2340.842636,1776190839000
1776190841.188,41.188,0.39,167.0,0.38,155.0,0.4,80.5,0.41,103.5,0.6,80.5,0.59,103.5,0.61,167.0,0.62,155.0,0.01,0.01,2340.175941,1776190840000
1776190841.415,41.415,0.42,124.9,0.41,200.0,0.46,65.0,0.47,75.0,0.56,10.0,0.55,27.0,0.58,6.9,0.59,203.0,0.04,0.02,2340.175941,1776190840000
1776190842.182,42.182,0.45,188.0,0.44,145.5,0.46,2.82,0.47,50.0,0.56,6.65,0.55,10.0,0.57,163.5,0.58,173.0,0.01,0.01,2340.175941,1776190840000
1776190842.413,42.413,0.45,193.0,0.44,195.5,0.47,60.0,0.48,80.5,0.54,2.82,0.53,50.0,0.55,188.0,0.56,145.5,0.02,0.01,2340.19181,1776190841000
1776190842.952,42.952,0.44,100.0,0.43,171.97,0.45,81.17,0.46,111.49,0.53,60.0,0.52,80.5,0.55,193.0,0.56,195.5,0.01,0.02,2340.19181,1776190841000
1776190843.557,43.557,0.43,3.97,0.42,110.0,0.44,122.32,0.45,134.17,0.55,81.17,0.54,111.49,0.56,100.0,0.57,171.97,0.01,0.01,2340.19181,1776190841000
1776190843.76,43.76,0.43,3.97,0.42,110.0,0.44,122.32,0.45,134.17,0.56,122.32,0.55,134.17,0.57,3.97,0.58,110.0,0.01,0.01,2340.411481,1776190842000
1776190843.967,43.967,0.42,95.0,0.41,140.0,0.43,67.32,0.44,100.5,0.57,67.32,0.56,100.5,0.58,105.0,0.59,140.0,0.01,0.01,2340.411481,1776190842000
1776190844.274,44.274,0.42,95.0,0.41,140.0,0.43,67.32,0.44,100.5,0.57,67.32,0.56,100.5,0.58,95.0,0.59,140.0,0.01,0.01,2340.703215,1776190843000
1776190844.948,44.948,0.4,125.0,0.39,220.0,0.41,103.5,0.42,131.32,0.57,67.32,0.56,100.5,0.58,95.0,0.59,140.0,0.01,0.01,2340.703215,1776190843000
1776190845.561,45.561,0.4,20.0,0.39,125.0,0.41,130.62,0.42,127.49,0.59,130.62,0.58,127.49,0.6,20.0,0.61,125.0,0.01,0.01,2340.519059,1776190844000
1776190846.074,46.074,0.37,201.15,0.36,100.5,0.38,66.5,0.39,86.5,0.59,130.62,0.58,127.49,0.6,20.0,0.61,125.0,0.01,0.01,2340.519059,1776190844000
1776190847.6,47.6,0.37,201.15,0.36,100.5,0.38,66.5,0.39,86.5,0.62,66.5,0.61,86.5,0.63,201.15,0.64,100.5,0.01,0.01,2340.171485,1776190846000
1776190848.056,48.056,0.32,9.9,0.31,255.89,0.33,10.0,0.34,20.5,0.62,66.5,0.61,86.5,0.63,201.15,0.64,100.5,0.01,0.01,2340.171485,1776190846000
1776190848.336,48.336,0.32,24.9,0.31,265.89,0.33,30.5,0.34,45.5,0.67,10.0,0.66,20.5,0.68,9.9,0.69,255.89,0.01,0.01,2340.042905,1776190847000
1776190848.556,48.556,0.31,301.39,0.3,85.5,0.33,10.0,0.34,15.0,0.67,30.5,0.66,45.5,0.68,24.9,0.69,265.89,0.02,0.01,2340.042905,1776190847000
1776190848.889,48.889,0.33,64.0,0.32,30.0,0.34,49.5,0.35,20.5,0.66,15.0,0.65,20.5,0.68,40.0,0.69,300.89,0.01,0.02,2340.042905,1776190847000
1776190849.486,49.486,0.33,144.0,0.32,90.0,0.34,49.5,0.35,93.49,0.66,49.5,0.65,20.5,0.67,64.0,0.68,30.0,0.01,0.01,2340.042905,1776190847000
1776190850.046,50.046,0.33,144.0,0.32,90.0,0.34,49.5,0.35,93.49,0.66,49.5,0.65,93.49,0.67,144.0,0.68,90.0,0.01,0.01,2339.558796,1776190849000
1776190850.506,50.506,0.33,134.68,0.32,95.0,0.34,59.5,0.35,75.5,0.66,49.5,0.65,93.49,0.67,144.0,0.68,90.0,0.01,0.01,2339.558796,1776190849000
1776190851.038,51.038,0.33,159.94,0.32,170.0,0.34,9.7,0.35,10.0,0.66,64.5,0.65,75.5,0.67,130.94,0.68,105.0,0.01,0.01,2339.558796,1776190849000
1776190851.296,51.296,0.33,151.44,0.32,180.5,0.35,8.7,0.36,25.5,0.65,8.7,0.64,25.5,0.67,151.44,0.68,180.5,0.02,0.02,2339.599749,1776190850000
1776190851.709,51.709,0.34,203.5,0.33,131.44,0.35,15.48,0.36,10.0,0.65,10.84,0.64,15.0,0.66,94.0,0.67,136.44,0.01,0.01,2339.599749,1776190850000
1776190852.097,52.097,0.36,5.52,0.35,35.0,0.37,20.5,0.38,45.5,0.64,4.48,0.63,45.0,0.66,188.95,0.67,131.44,0.01,0.02,2339.599749,1776190850000
1776190852.445,52.445,0.36,14.33,0.35,95.0,0.37,15.0,0.38,45.5,0.63,20.5,0.62,45.5,0.64,5.52,0.65,35.0,0.01,0.01,2339.599749,1776190850000
1776190852.676,52.676,0.36,71.7,0.35,120.0,0.37,30.0,0.38,40.0,0.63,15.0,0.62,45.5,0.64,14.33,0.65,95.0,0.01,0.01,2339.612565,1776190851000
1776190852.949,52.949,0.36,126.7,0.35,125.0,0.37,25.0,0.38,45.0,0.63,30.0,0.62,40.0,0.64,71.7,0.65,120.0,0.01,0.01,2339.612565,1776190851000
1776190853.192,53.192,0.36,126.7,0.35,125.0,0.37,25.0,0.38,45.0,0.63,25.0,0.62,45.0,0.64,126.7,0.65,125.0,0.01,0.01,2339.8614,1776190852000
1776190854.13,54.13,0.35,94.53,0.34,108.0,0.36,31.0,0.37,68.39,0.63,25.0,0.62,45.0,0.64,126.7,0.65,125.0,0.01,0.01,2339.8614,1776190852000
1776190854.511,54.511,0.35,94.53,0.34,108.0,0.36,31.0,0.37,68.39,0.64,31.0,0.63,68.39,0.65,94.53,0.66,108.0,0.01,0.01,2340.010205,1776190853000
1776190854.741,54.741,0.35,89.53,0.34,108.0,0.36,38.72,0.37,108.39,0.64,31.0,0.63,68.39,0.65,94.53,0.66,108.0,0.01,0.01,2340.010205,1776190853000
1776190855.549,55.549,0.35,89.53,0.34,108.0,0.36,38.72,0.37,108.39,0.64,38.72,0.63,108.39,0.65,89.53,0.66,108.0,0.01,0.01,2339.98535,1776190854000
1776190856.335,56.335,0.35,89.53,0.34,108.0,0.36,38.72,0.37,108.39,0.64,38.72,0.63,108.39,0.65,89.53,0.66,108.0,0.01,0.01,2339.9118,1776190855000
1776190857.905,57.905,0.35,83.53,0.34,105.0,0.36,128.72,0.37,113.39,0.64,38.72,0.63,108.39,0.65,89.53,0.66,108.0,0.01,0.01,2339.9118,1776190855000
1776190858.863,58.863,0.35,83.53,0.34,105.0,0.36,128.72,0.37,113.39,0.64,128.72,0.63,113.39,0.65,83.53,0.66,105.0,0.01,0.01,2339.812338,1776190857000
1776190859.51,59.51,0.35,83.53,0.34,105.0,0.36,128.72,0.37,113.39,0.64,128.72,0.63,113.39,0.65,83.53,0.66,105.0,0.01,0.01,2339.824666,1776190858000
1776190860.238,60.238,0.35,83.53,0.34,105.0,0.36,128.72,0.37,113.39,0.64,128.72,0.63,113.39,0.65,83.53,0.66,105.0,0.01,0.01,2339.811759,1776190859000
1776190861.074,61.074,0.3,25.0,0.29,125.0,0.32,64.32,0.33,129.5,0.64,128.72,0.63,113.39,0.65,83.53,0.66,105.0,0.02,0.01,2339.811759,1776190859000
1776190861.552,61.552,0.28,75.0,0.27,75.0,0.3,51.5,0.31,28.5,0.7,51.5,0.69,28.5,0.72,75.0,0.73,75.0,0.02,0.02,2339.692511,1776190860000
1776190862.149,62.149,0.27,25.0,0.26,39.0,0.29,36.32,0.3,50.5,0.71,36.32,0.7,50.5,0.73,25.0,0.74,39.0,0.02,0.02,2339.487685,1776190861000
1776190862.463,62.463,0.27,2.64,0.26,44.0,0.28,90.5,0.29,50.5,0.72,128.67,0.71,45.5,0.73,7.64,0.74,39.0,0.01,0.01,2339.487685,1776190861000
1776190863.406,63.406,0.24,75.0,0.23,125.0,0.25,120.29,0.26,75.5,0.74,64.0,0.73,25.5,0.75,63.75,0.76,170.0,0.01,0.01,2339.487685,1776190861000
1776190864.107,64.107,0.24,75.0,0.23,125.0,0.25,120.29,0.26,75.5,0.75,120.29,0.74,75.5,0.76,75.0,0.77,125.0,0.01,0.01,2338.958794,1776190862000
1776190864.308,64.308,0.23,130.0,0.22,125.0,0.24,110.32,0.25,187.17,0.75,120.29,0.74,75.5,0.76,75.0,0.77,125.0,0.01,0.01,2338.958794,1776190862000
1776190864.869,64.869,0.23,3.55,0.22,125.0,0.24,183.5,0.25,177.17,0.76,110.32,0.75,187.17,0.77,130.0,0.78,125.0,0.01,0.01,2338.958794,1776190862000
1776190865.168,65.168,0.23,3.55,0.22,125.0,0.24,183.5,0.25,177.17,0.76,183.5,0.75,177.17,0.77,3.55,0.78,125.0,0.01,0.01,2338.797668,1776190863000
1776190865.541,65.541,0.22,72.87,0.21,71.0,0.23,199.12,0.24,112.67,0.76,183.5,0.75,177.17,0.77,3.55,0.78,125.0,0.01,0.01,2338.797668,1776190863000
1776190865.977,65.977,0.22,70.37,0.21,121.0,0.23,294.7,0.24,112.67,0.77,294.7,0.76,112.67,0.78,70.37,0.79,121.0,0.01,0.01,2338.618828,1776190864000
1776190866.625,66.625,0.21,131.0,0.2,105.0,0.22,64.5,0.23,288.69,0.78,64.5,0.77,288.69,0.79,131.0,0.8,105.0,0.01,0.01,2338.551848,1776190865000
1776190867.356,67.356,0.21,92.36,0.2,118.0,0.22,40.0,0.23,37.12,0.78,64.5,0.77,288.69,0.79,131.0,0.8,105.0,0.01,0.01,2338.551848,1776190865000
1776190867.958,67.958,0.21,131.0,0.2,131.0,0.22,78.08,0.23,52.12,0.78,40.0,0.77,37.12,0.79,92.36,0.8,118.0,0.01,0.01,2338.499308,1776190866000
1776190868.212,68.212,0.21,131.0,0.2,131.0,0.22,78.08,0.23,52.12,0.78,78.08,0.77,52.12,0.79,131.0,0.8,131.0,0.01,0.01,2338.511246,1776190867000
1776190869.172,69.172,0.21,198.5,0.2,157.5,0.22,24.86,0.23,41.62,0.78,78.08,0.77,52.12,0.79,131.0,0.8,131.0,0.01,0.01,2338.511246,1776190867000
1776190869.692,69.692,0.22,23.0,0.21,250.5,0.23,13.62,0.24,10.0,0.77,13.62,0.76,10.0,0.78,23.0,0.79,250.5,0.01,0.01,2338.537985,1776190868000
1776190869.904,69.904,0.22,103.36,0.21,186.5,0.23,77.62,0.24,25.5,0.77,13.62,0.76,10.0,0.78,23.0,0.79,250.5,0.01,0.01,2338.537985,1776190868000
1776190870.53,70.53,0.22,72.25,0.21,151.0,0.23,90.61,0.24,86.49,0.77,90.61,0.76,86.49,0.78,72.25,0.79,151.0,0.01,0.01,2338.542704,1776190869000
1776190871.157,71.157,0.22,72.25,0.21,151.0,0.23,90.61,0.24,86.49,0.77,90.61,0.76,86.49,0.78,72.25,0.79,151.0,0.01,0.01,2338.601115,1776190870000
1776190871.964,71.964,0.22,47.74,0.21,131.0,0.23,115.6,0.24,110.49,0.77,146.43,0.76,104.67,0.78,48.71,0.79,131.0,0.01,0.01,2338.601115,1776190870000
1776190872.389,72.389,0.21,105.0,0.2,112.0,0.22,10.0,0.23,102.43,0.77,115.6,0.76,110.49,0.78,47.74,0.79,131.0,0.01,0.01,2338.601115,1776190870000
1776190872.901,72.901,0.2,32.0,0.19,25.0,0.21,227.82,0.22,196.34,0.78,27.82,0.77,70.5,0.79,70.0,0.8,112.0,0.01,0.01,2338.60724,1776190871000
1776190873.237,73.237,0.13,5.0,0.12,10.09,0.14,10.0,0.15,10.0,0.79,227.82,0.78,196.34,0.82,50.0,0.83,25.0,0.01,0.03,2338.60724,1776190871000
1776190873.541,73.541,0.11,210.85,0.1,193.0,0.13,12.53,0.14,29.0,0.88,19.0,0.87,67.35,0.89,126.85,0.9,186.0,0.02,0.01,2338.60724,1776190872000
1776190874.704,74.704,0.12,107.0,0.11,196.03,0.15,15.82,0.16,20.5,0.87,12.53,0.86,29.0,0.89,210.85,0.9,193.0,0.03,0.02,2338.60724,1776190872000
1776190875.207,75.207,0.12,132.0,0.11,196.03,0.17,12.92,0.18,37.5,0.85,15.82,0.84,20.5,0.88,132.0,0.89,196.03,0.05,0.03,2338.065867,1776190873000
1776190875.532,75.532,0.12,132.0,0.11,196.03,0.17,12.92,0.18,37.5,0.83,12.92,0.82,37.5,0.88,132.0,0.89,196.03,0.05,0.05,2337.46811,1776190874000
1776190875.739,75.739,0.13,5.65,0.12,47.0,0.18,8.12,0.19,10.0,0.82,23.34,0.81,10.0,0.87,5.65,0.88,47.0,0.05,0.05,2337.46811,1776190874000
1776190875.964,75.964,0.12,54.59,0.11,56.85,0.14,10.0,0.15,36.0,0.86,10.0,0.85,11.0,0.87,0.59,0.88,47.0,0.02,0.01,2337.46811,1776190874000
1776190876.339,76.339,0.12,68.4,0.11,56.85,0.14,10.0,0.15,36.0,0.86,10.0,0.85,36.0,0.88,68.4,0.89,56.85,0.02,0.02,2337.525535,1776190875000
1776190877.154,77.154,0.14,35.76,0.13,20.0,0.15,15.0,0.16,26.0,0.86,10.85,0.85,26.0,0.87,10.0,0.88,102.81,0.01,0.01,2337.525535,1776190875000
1776190877.841,77.841,0.12,48.39,0.11,182.35,0.15,13.33,0.16,39.0,0.85,13.33,0.84,39.0,0.88,48.39,0.89,182.35,0.03,0.03,2337.011626,1776190876000
1776190878.339,78.339,0.13,125.26,0.12,119.98,0.14,5.0,0.15,23.83,0.85,13.33,0.84,39.0,0.88,48.39,0.89,182.35,0.01,0.03,2337.011626,1776190876000
1776190878.542,78.542,0.13,111.94,0.12,201.48,0.14,83.67,0.15,51.0,0.86,83.67,0.85,51.0,0.87,111.94,0.88,201.48,0.01,0.01,2337.182834,1776190877000
1776190879.106,79.106,0.12,179.98,0.11,191.85,0.14,122.49,0.15,46.83,0.86,83.67,0.85,51.0,0.87,111.94,0.88,201.48,0.02,0.01,2337.182834,1776190877000
1776190879.334,79.334,0.12,179.98,0.11,191.85,0.14,122.49,0.15,46.83,0.86,122.49,0.85,46.83,0.88,179.98,0.89,191.85,0.02,0.02,2337.420059,1776190878000
1776190880.621,80.621,0.12,153.39,0.11,221.53,0.13,8.5,0.14,119.67,0.87,3.0,0.86,67.5,0.88,134.98,0.89,166.85,0.01,0.01,2337.420059,1776190878000
1776190881.174,81.174,0.12,150.46,0.11,221.53,0.13,400.34,0.14,119.67,0.87,400.34,0.86,119.67,0.88,150.46,0.89,221.53,0.01,0.01,2337.197704,1776190880000
1776190881.724,81.724,0.12,77.05,0.11,191.85,0.13,254.67,0.14,148.49,0.87,400.34,0.86,119.67,0.88,150.46,0.89,221.53,0.01,0.01,2337.197704,1776190880000
1776190882.194,82.194,0.12,77.05,0.11,191.85,0.13,254.67,0.14,148.49,0.87,254.67,0.86,148.49,0.88,77.05,0.89,191.85,0.01,0.01,2337.032885,1776190881000
1776190883.277,83.277,0.12,152.55,0.11,273.53,0.13,566.92,0.14,192.55,0.87,254.67,0.86,148.49,0.88,77.05,0.89,191.85,0.01,0.01,2337.032885,1776190881000
1776190883.481,83.481,0.12,152.55,0.11,273.53,0.13,566.92,0.14,192.55,0.87,566.92,0.86,192.55,0.88,152.55,0.89,273.53,0.01,0.01,2337.012137,1776190882000
1776190883.85,83.85,0.13,52.0,0.12,178.96,0.14,110.9,0.15,126.83,0.85,39.83,0.84,122.5,0.88,176.96,0.89,313.53,0.01,0.03,2337.012137,1776190882000
1776190884.12,84.12,0.13,59.76,0.12,178.96,0.14,42.47,0.15,118.83,0.86,110.9,0.85,126.83,0.87,52.0,0.88,178.96,0.01,0.01,2337.012137,1776190882000
1776190884.489,84.489,0.13,65.76,0.12,188.96,0.14,52.47,0.15,126.83,0.86,52.47,0.85,126.83,0.87,65.76,0.88,188.96,0.01,0.01,2336.91475,1776190883000
1776190884.819,84.819,0.12,73.53,0.11,161.85,0.13,336.38,0.14,138.67,0.87,286.21,0.86,138.67,0.88,78.53,0.89,211.85,0.01,0.01,2336.91475,1776190883000
1776190885.113,85.113,0.12,5.0,0.11,161.85,0.13,302.06,0.14,125.67,0.87,335.06,0.86,120.67,0.88,23.53,0.89,161.85,0.01,0.01,2336.914956,1776190884000
1776190885.37,85.37,0.11,21.91,0.1,81.0,0.12,217.0,0.13,233.89,0.87,302.06,0.86,125.67,0.88,5.0,0.89,161.85,0.01,0.01,2336.914956,1776190884000
1776190885.574,85.574,0.1,72.7,0.09,60.0,0.11,15.5,0.12,182.5,0.88,212.5,0.87,438.89,0.9,81.0,0.91,60.0,0.01,0.02,2336.914956,1776190884000
1776190885.78,85.78,0.09,53.27,0.08,374.0,0.11,270.62,0.12,114.5,0.89,270.62,0.88,114.5,0.91,54.54,0.92,374.0,0.02,0.02,2336.914956,1776190884000
1776190886.077,86.077,0.09,53.27,0.08,374.0,0.11,270.62,0.12,114.5,0.89,270.62,0.88,114.5,0.91,53.27,0.92,374.0,0.02,0.02,2337.10543,1776190885000
1776190886.816,86.816,0.08,5.13,0.07,60.0,0.09,193.5,0.1,406.5,0.91,201.5,0.9,477.5,0.92,363.17,0.93,60.0,0.01,0.01,2337.10543,1776190885000
1776190887.149,87.149,0.07,54.83,0.06,99.67,0.09,193.5,0.1,416.5,0.91,228.5,0.9,441.5,0.92,5.0,0.93,60.0,0.02,0.01,2337.10543,1776190885000
1776190887.715,87.715,0.08,4.67,0.07,29.83,0.09,209.5,0.1,221.5,0.91,198.5,0.9,416.5,0.92,4.67,0.93,54.83,0.01,0.01,2337.10543,1776190885000
1776190888.222,88.222,0.07,26.44,0.06,90.0,0.08,7.0,0.09,485.12,0.91,362.12,0.9,221.5,0.93,29.53,0.94,99.67,0.01,0.02,2336.087038,1776190886000
1776190888.613,88.613,0.06,90.0,0.05,170.0,0.07,31.56,0.08,27.0,0.92,7.0,0.91,485.12,0.93,26.44,0.94,90.0,0.01,0.01,2335.110789,1776190887000
1776190888.829,88.829,0.06,26.71,0.05,195.0,0.07,213.47,0.08,27.0,0.93,213.47,0.92,65.0,0.94,79.0,0.95,195.0,0.01,0.01,2335.110789,1776190887000
1776190889.031,89.031,0.06,26.71,0.05,195.0,0.09,271.8,0.1,109.5,0.91,271.8,0.9,109.5,0.94,26.71,0.95,195.0,0.03,0.03,2335.092634,1776190888000
1776190889.299,89.299,0.07,10.52,0.06,53.21,0.08,28.0,0.09,267.31,0.92,22.0,0.91,259.8,0.93,10.0,0.94,53.21,0.01,0.01,2335.092634,1776190888000
1776190889.676,89.676,0.06,82.03,0.05,267.0,0.07,10.75,0.08,35.0,0.93,10.75,0.92,31.0,0.94,78.21,0.95,267.0,0.01,0.01,2335.092634,1776190888000
1776190890.082,90.082,0.06,78.9,0.05,267.0,0.07,10.75,0.08,35.0,0.93,10.75,0.92,35.0,0.94,78.9,0.95,267.0,0.01,0.01,2334.930757,1776190889000
1776190891.146,91.146,0.06,78.9,0.05,267.0,0.07,10.75,0.08,35.0,0.93,10.75,0.92,35.0,0.94,78.9,0.95,267.0,0.01,0.01,2335.080593,1776190890000
1776190892.388,92.388,0.06,298.71,0.05,177.0,0.07,107.73,0.08,112.66,0.93,219.34,0.92,124.66,0.94,7.51,0.95,367.0,0.01,0.01,2335.080593,1776190890000
1776190892.599,92.599,0.06,181.58,0.05,177.0,0.07,73.73,0.08,62.66,0.93,73.73,0.92,112.66,0.94,160.71,0.95,177.0,0.01,0.01,2335.27383,1776190891000
1776190892.885,92.885,0.06,15.64,0.05,351.0,0.07,62.17,0.08,10.0,0.91,180.0,0.9,108.0,0.94,131.58,0.95,316.49,0.01,0.03,2335.27383,1776190891000
1776190893.339,93.339,0.06,5.0,0.05,301.0,0.07,47.98,0.08,10.0,0.93,103.17,0.92,10.0,0.94,5.0,0.95,301.0,0.01,0.01,2335.2571,1776190892000
1776190893.567,93.567,0.06,16.83,0.05,351.8,0.07,126.98,0.08,10.0,0.93,47.98,0.92,10.0,0.94,5.0,0.95,301.0,0.01,0.01,2335.2571,1776190892000
1776190893.958,93.958,0.05,372.0,0.04,268.3,0.07,31.54,0.08,10.0,0.93,126.98,0.92,10.0,0.94,16.83,0.95,351.8,0.02,0.01,2335.2571,1776190892000
1776190894.362,94.362,0.05,367.0,0.04,271.3,0.06,137.81,0.07,135.54,0.93,31.54,0.92,10.0,0.95,372.0,0.96,268.3,0.01,0.02,2335.340448,1776190893000
1776190895.011,95.011,0.05,356.47,0.04,184.5,0.06,124.81,0.07,117.54,0.94,137.81,0.93,135.54,0.95,367.0,0.96,271.3,0.01,0.01,2335.340448,1776190893000
1776190895.28,95.28,0.05,356.47,0.04,184.5,0.06,124.81,0.07,117.54,0.94,124.81,0.93,117.54,0.95,356.47,0.96,184.5,0.01,0.01,2335.366806,1776190894000
1776190896.25,96.25,0.05,356.47,0.04,303.3,0.06,74.81,0.07,96.54,0.94,74.81,0.93,96.54,0.95,356.47,0.96,303.3,0.01,0.01,2335.239824,1776190895000
1776190897.057,97.057,0.05,169.41,0.04,177.5,0.06,159.81,0.07,151.84,0.94,74.81,0.93,96.54,0.95,356.47,0.96,303.3,0.01,0.01,2335.239824,1776190895000
1776190897.369,97.369,0.05,169.41,0.04,177.5,0.06,159.81,0.07,151.84,0.94,159.81,0.93,151.84,0.95,169.41,0.96,177.5,0.01,0.01,2335.191605,1776190896000
1776190897.93,97.93,0.05,169.41,0.04,177.5,0.06,159.81,0.07,151.84,0.94,159.81,0.93,151.84,0.95,169.41,0.96,177.5,0.01,0.01,2335.17216,1776190897000
1776190898.949,98.949,0.05,169.41,0.04,177.5,0.06,159.81,0.07,151.84,0.94,159.81,0.93,151.84,0.95,169.41,0.96,177.5,0.01,0.01,2335.17216,1776190898000
1776190899.956,99.956,0.05,89.61,0.04,278.3,0.06,44.81,0.07,91.37,0.94,159.81,0.93,151.84,0.95,169.41,0.96,177.5,0.01,0.01,2335.17216,1776190898000
1776190900.265,100.265,0.05,7.41,0.04,127.5,0.06,194.81,0.07,263.67,0.94,44.81,0.93,91.37,0.95,89.61,0.96,278.3,0.01,0.01,2335.290154,1776190899000
1776190900.774,100.774,0.05,3.0,0.04,133.37,0.06,296.81,0.07,249.67,0.94,215.81,0.93,263.67,0.96,127.5,0.97,562.7,0.01,0.02,2335.290154,1776190899000
1776190901.145,101.145,0.04,133.37,0.03,389.0,0.06,321.81,0.07,249.67,0.94,321.81,0.93,249.67,0.96,133.37,0.97,389.0,0.02,0.02,2335.286561,1776190900000
1776190901.606,101.606,0.04,156.62,0.03,389.0,0.05,275.05,0.06,255.8,0.95,221.31,0.94,255.8,0.96,156.62,0.97,389.0,0.01,0.01,2335.286561,1776190900000
1776190901.808,101.808,0.04,105.62,0.03,389.0,0.05,637.74,0.06,386.32,0.95,642.74,0.94,211.8,0.96,146.62,0.97,389.0,0.01,0.01,2335.286561,1776190900000
1776190902.204,102.204,0.04,105.62,0.03,389.0,0.05,637.74,0.06,386.32,0.95,637.74,0.94,386.32,0.96,105.62,0.97,389.0,0.01,0.01,2335.112439,1776190901000
1776190902.439,102.439,0.04,103.62,0.03,389.0,0.05,145.8,0.06,211.8,0.95,637.74,0.94,386.32,0.96,105.62,0.97,389.0,0.01,0.01,2335.112439,1776190901000
1776190903.194,103.194,0.04,103.62,0.03,389.0,0.05,145.8,0.06,211.8,0.95,145.8,0.94,211.8,0.96,103.62,0.97,389.0,0.01,0.01,2334.429085,1776190902000
1776190904.184,104.184,0.04,103.62,0.03,389.0,0.05,145.8,0.06,211.8,0.95,145.8,0.94,211.8,0.96,103.62,0.97,389.0,0.01,0.01,2334.3551,1776190903000
1776190904.71,104.71,0.05,65.0,0.04,150.62,0.06,35.0,0.07,88.37,0.95,145.8,0.94,211.8,0.96,103.62,0.97,389.0,0.01,0.01,2334.3551,1776190903000
1776190905.251,105.251,0.05,65.0,0.04,150.62,0.06,35.0,0.07,88.37,0.94,35.0,0.93,88.37,0.95,65.0,0.96,150.62,0.01,0.01,2334.418643,1776190904000
1776190906.286,106.286,0.05,65.0,0.04,150.62,0.06,35.0,0.07,88.37,0.94,35.0,0.93,88.37,0.95,65.0,0.96,150.62,0.01,0.01,2334.80881,1776190905000
1776190907.394,107.394,0.05,1.0,0.04,128.37,0.06,806.72,0.07,150.67,0.94,806.72,0.93,150.67,0.95,1.0,0.96,128.37,0.01,0.01,2335.02412,1776190906000
1776190908.362,108.362,0.05,1.0,0.04,128.37,0.06,806.72,0.07,150.67,0.94,806.72,0.93,150.67,0.95,1.0,0.96,128.37,0.01,0.01,2334.890929,1776190907000
1776190908.825,108.825,0.05,1.0,0.04,128.37,0.06,821.41,0.07,150.67,0.94,806.72,0.93,150.67,0.95,1.0,0.96,128.37,0.01,0.01,2334.890929,1776190907000
1776190910.475,110.475,0.05,1.0,0.04,128.37,0.06,821.41,0.07,150.67,0.94,821.41,0.93,150.67,0.95,1.0,0.96,128.37,0.01,0.01,2334.776562,1776190909000
1776190910.934,110.934,0.05,1.0,0.04,78.37,0.06,296.41,0.07,276.67,0.94,821.41,0.93,150.67,0.95,1.0,0.96,128.37,0.01,0.01,2334.776562,1776190909000
1776190912.045,112.045,0.05,1.0,0.04,78.37,0.06,296.41,0.07,276.67,0.94,296.41,0.93,276.67,0.95,1.0,0.96,78.37,0.01,0.01,2334.469673,1776190911000
1776190913.117,113.117,0.05,1.0,0.04,78.37,0.06,296.41,0.07,276.67,0.94,296.41,0.93,276.67,0.95,1.0,0.96,78.37,0.01,0.01,2334.485009,1776190912000
1776190913.379,113.379,0.05,51.0,0.04,140.37,0.06,226.43,0.07,65.67,0.94,296.41,0.93,276.67,0.95,1.0,0.96,78.37,0.01,0.01,2334.485009,1776190912000
1776190913.745,113.745,0.05,72.0,0.04,165.37,0.06,60.26,0.07,65.67,0.94,226.43,0.93,65.67,0.95,51.0,0.96,140.37,0.01,0.01,2334.485009,1776190912000
1776190913.975,113.975,0.05,132.0,0.04,299.17,0.06,50.26,0.07,10.37,0.94,60.26,0.93,65.67,0.95,72.0,0.96,165.37,0.01,0.01,2334.485009,1776190912000
1776190915.185,115.185,0.05,185.94,0.04,299.17,0.06,18.26,0.07,10.37,0.94,18.26,0.93,10.37,0.95,185.94,0.96,299.17,0.01,0.01,2334.8555,1776190914000
1776190915.654,115.654,0.07,94.37,0.06,42.0,0.08,7.42,0.09,45.0,0.92,15.0,0.91,45.0,0.93,9.37,0.95,231.74,0.01,0.01,2334.8555,1776190914000
1776190916.114,116.114,0.07,94.37,0.06,42.0,0.08,7.42,0.09,45.0,0.92,7.42,0.91,45.0,0.93,94.37,0.94,42.0,0.01,0.01,2336.013999,1776190915000
1776190916.409,116.409,0.06,7.17,0.05,50.74,0.07,15.0,0.08,128.84,0.92,7.42,0.91,45.0,0.93,94.37,0.94,42.0,0.01,0.01,2336.013999,1776190915000
1776190916.733,116.733,0.06,7.87,0.05,50.74,0.07,20.0,0.08,170.32,0.93,10.0,0.92,128.84,0.94,6.04,0.95,50.74,0.01,0.01,2336.013999,1776190915000
1776190917.101,117.101,0.06,83.87,0.05,75.94,0.07,263.89,0.08,123.9,0.93,20.0,0.92,170.32,0.94,7.87,0.95,50.74,0.01,0.01,2336.013999,1776190915000
1776190918.187,118.187,0.06,83.87,0.05,75.94,0.07,263.89,0.08,123.9,0.93,263.89,0.92,123.9,0.94,83.87,0.95,75.94,0.01,0.01,2335.969084,1776190917000
1776190919.231,119.231,0.06,83.87,0.05,75.94,0.07,263.89,0.08,123.9,0.93,263.89,0.92,123.9,0.94,83.87,0.95,75.94,0.01,0.01,2335.852554,1776190918000
1776190919.87,119.87,0.05,33.03,0.04,279.17,0.07,239.89,0.08,128.9,0.93,239.89,0.92,128.9,0.95,33.03,0.96,279.17,0.02,0.02,2335.844516,1776190919000
1776190920.218,120.218,0.06,13.61,0.05,126.2,0.07,173.89,0.08,65.0,0.93,239.89,0.92,128.9,0.95,33.03,0.96,279.17,0.01,0.02,2335.844516,1776190919000
1776190920.522,120.522,0.06,285.37,0.05,271.0,0.08,19.98,0.09,40.0,0.93,173.89,0.92,65.0,0.94,13.61,0.95,126.2,0.02,0.01,2335.844516,1776190919000
1776190920.772,120.772,0.09,226.29,0.08,46.0,0.1,100.0,0.11,125.0,0.9,90.0,0.89,125.0,0.93,228.0,0.94,179.37,0.01,0.03,2335.844516,1776190919000
1776190921.034,121.034,0.09,247.77,0.08,142.0,0.1,70.0,0.11,125.0,0.9,70.0,0.89,125.0,0.91,292.86,0.92,142.0,0.01,0.01,2335.844516,1776190919000
1776190921.324,121.324,0.09,244.55,0.08,142.0,0.1,70.0,0.11,125.0,0.9,70.0,0.89,125.0,0.91,244.55,0.92,142.0,0.01,0.01,2335.784478,1776190920000
1776190921.62,121.62,0.08,342.18,0.07,164.3,0.1,109.6,0.11,125.0,0.9,70.0,0.89,125.0,0.91,244.55,0.92,142.0,0.02,0.01,2335.784478,1776190920000
1776190922.03,122.03,0.08,209.09,0.07,144.3,0.09,101.0,0.1,109.6,0.9,109.6,0.89,125.0,0.92,342.18,0.93,164.3,0.01,0.02,2335.784478,1776190920000
1776190922.328,122.328,0.08,232.46,0.07,144.3,0.09,91.57,0.1,109.6,0.91,91.57,0.9,109.6,0.92,232.46,0.93,144.3,0.01,0.01,2336.04484,1776190921000
1776190923.246,123.246,0.08,232.46,0.07,144.3,0.09,91.57,0.1,109.6,0.91,91.57,0.9,109.6,0.92,232.46,0.93,144.3,0.01,0.01,2336.758721,1776190922000
1776190923.75,123.75,0.06,125.7,0.05,436.27,0.07,175.78,0.08,75.0,0.91,91.57,0.9,109.6,0.92,232.46,0.93,144.3,0.01,0.01,2336.758721,1776190922000
1776190924.084,124.084,0.06,104.7,0.05,406.27,0.08,13.93,0.09,60.57,0.93,175.78,0.92,75.0,0.94,125.7,0.95,436.27,0.02,0.01,2336.758721,1776190922000
1776190924.546,124.546,0.06,104.7,0.05,406.27,0.08,13.93,0.09,60.57,0.92,13.93,0.91,60.57,0.94,104.7,0.95,406.27,0.02,0.02,2336.528409,1776190923000
1776190925.096,125.096,0.06,104.7,0.05,406.27,0.08,13.93,0.09,60.57,0.92,13.93,0.91,60.57,0.94,104.7,0.95,406.27,0.02,0.02,2336.522923,1776190924000
1776190925.744,125.744,0.06,126.2,0.05,229.8,0.07,10.0,0.08,13.93,0.93,5.0,0.92,13.93,0.94,108.2,0.95,224.8,0.01,0.01,2336.522923,1776190924000
1776190926.026,126.026,0.06,120.26,0.05,229.8,0.07,10.0,0.08,13.93,0.93,10.0,0.92,13.93,0.94,120.57,0.95,229.8,0.01,0.01,2336.522923,1776190924000
1776190926.302,126.302,0.06,120.26,0.05,229.8,0.07,10.0,0.08,13.93,0.93,10.0,0.92,13.93,0.94,120.26,0.95,229.8,0.01,0.01,2336.489699,1776190925000
1776190927.057,127.057,0.05,80.74,0.04,339.17,0.07,106.0,0.08,13.93,0.93,10.0,0.92,13.93,0.94,120.26,0.95,229.8,0.02,0.01,2336.489699,1776190925000
1776190927.435,127.435,0.05,80.74,0.04,339.17,0.07,106.0,0.08,13.93,0.93,106.0,0.92,13.93,0.95,80.74,0.96,339.17,0.02,0.02,2336.351751,1776190926000
1776190928.035,128.035,0.05,80.74,0.04,339.17,0.07,106.0,0.08,13.93,0.93,106.0,0.92,13.93,0.95,80.74,0.96,339.17,0.02,0.02,2336.325282,1776190927000
1776190928.92,128.92,0.05,123.3,0.04,487.5,0.06,50.0,0.07,65.0,0.93,106.0,0.92,13.93,0.95,80.74,0.96,339.17,0.01,0.02,2336.325282,1776190927000
1776190929.897,129.897,0.07,76.0,0.06,60.0,0.08,43.93,0.09,75.0,0.94,50.0,0.93,65.0,0.95,123.3,0.96,487.5,0.01,0.01,2336.11451,1776190928000
1776190930.231,130.231,0.07,74.81,0.06,60.0,0.08,43.93,0.09,75.0,0.92,43.93,0.91,75.0,0.93,74.81,0.94,60.0,0.01,0.01,2336.087573,1776190929000
1776190930.739,130.739,0.07,175.37,0.06,155.0,0.08,49.0,0.09,75.0,0.92,43.93,0.91,75.0,0.93,74.81,0.94,60.0,0.01,0.01,2336.087573,1776190929000
1776190931.237,131.237,0.07,175.37,0.06,155.0,0.08,49.0,0.09,75.0,0.92,49.0,0.91,75.0,0.93,175.37,0.94,155.0,0.01,0.01,2336.096157,1776190930000
1776190932.102,132.102,0.07,155.62,0.06,155.0,0.09,80.0,0.1,58.6,0.92,49.0,0.91,75.0,0.93,175.37,0.94,155.0,0.02,0.01,2336.096157,1776190930000
1776190932.43,132.43,0.07,156.62,0.06,155.0,0.09,80.0,0.1,63.6,0.91,80.0,0.9,63.6,0.93,156.62,0.94,155.0,0.02,0.02,2336.493163,1776190931000
1776190932.973,132.973,0.07,112.29,0.06,155.0,0.08,60.0,0.09,70.0,0.91,70.0,0.9,63.6,0.93,147.29,0.94,155.0,0.01,0.02,2336.493163,1776190931000
1776190933.221,133.221,0.07,168.26,0.06,155.0,0.08,10.0,0.09,70.0,0.92,65.0,0.91,70.0,0.93,155.29,0.94,155.0,0.01,0.01,2336.567657,1776190932000
1776190934.104,134.104,0.07,168.26,0.06,155.0,0.08,10.0,0.09,70.0,0.92,10.0,0.91,70.0,0.93,168.26,0.94,155.0,0.01,0.01,2336.599316,1776190933000
1776190935.246,135.246,0.07,168.26,0.06,155.0,0.08,10.0,0.09,70.0,0.92,10.0,0.91,70.0,0.93,168.26,0.94,155.0,0.01,0.01,2336.597255,1776190934000
1776190936.357,136.357,0.07,168.26,0.06,155.0,0.08,10.0,0.09,70.0,0.92,10.0,0.91,70.0,0.93,168.26,0.94,155.0,0.01,0.01,2336.343,1776190935000
1776190937.025,137.025,0.07,168.26,0.06,155.0,0.08,10.0,0.09,70.0,0.92,10.0,0.91,70.0,0.93,168.26,0.94,155.0,0.01,0.01,2336.338586,1776190936000
1776190938.309,138.309,0.07,168.26,0.06,155.0,0.08,10.0,0.09,70.0,0.92,10.0,0.91,70.0,0.93,168.26,0.94,155.0,0.01,0.01,2336.191429,1776190937000
1776190939.413,139.413,0.07,168.26,0.06,155.0,0.08,10.0,0.09,70.0,0.92,10.0,0.91,70.0,0.93,168.26,0.94,155.0,0.01,0.01,2336.273756,1776190938000
1776190939.94,139.94,0.07,168.26,0.06,155.0,0.08,10.0,0.09,70.0,0.92,10.0,0.91,70.0,0.93,168.26,0.94,155.0,0.01,0.01,2336.281685,1776190939000
1776190941.203,141.203,0.07,168.26,0.06,155.0,0.08,10.0,0.09,70.0,0.92,10.0,0.91,70.0,0.93,168.26,0.94,155.0,0.01,0.01,2336.27878,1776190940000
1776190942.22,142.22,0.07,168.26,0.06,155.0,0.08,10.0,0.09,70.0,0.92,10.0,0.91,70.0,0.93,168.26,0.94,155.0,0.01,0.01,2336.255589,1776190941000
1776190943.198,143.198,0.05,245.19,0.04,291.17,0.06,115.0,0.07,149.78,0.94,115.0,0.93,149.78,0.95,245.19,0.96,291.17,0.01,0.01,2336.254252,1776190942000
1776190944.046,144.046,0.05,353.28,0.04,347.16,0.06,182.97,0.07,215.42,0.94,115.0,0.93,149.78,0.95,245.19,0.96,291.17,0.01,0.01,2336.254252,1776190942000
1776190944.421,144.421,0.05,353.28,0.04,347.16,0.06,182.97,0.07,215.42,0.94,182.97,0.93,215.42,0.95,353.28,0.96,347.16,0.01,0.01,2336.160623,1776190943000
1776190944.91,144.91,0.05,353.28,0.04,347.16,0.06,182.97,0.07,215.42,0.94,182.97,0.93,215.42,0.95,353.28,0.96,347.16,0.01,0.01,2336.191305,1776190944000
1776190946.095,146.095,0.05,552.19,0.04,387.16,0.06,94.97,0.07,215.42,0.94,94.97,0.93,215.42,0.95,552.19,0.96,387.16,0.01,0.01,2336.360317,1776190945000
1776190947.151,147.151,0.05,552.19,0.04,387.16,0.06,94.97,0.07,215.42,0.94,94.97,0.93,215.42,0.95,552.19,0.96,387.16,0.01,0.01,2336.586745,1776190946000
1776190947.522,147.522,0.05,524.39,0.04,392.16,0.06,78.3,0.07,165.42,0.94,94.97,0.93,215.42,0.95,552.19,0.96,387.16,0.01,0.01,2336.586745,1776190946000
1776190947.747,147.747,0.05,516.75,0.04,392.16,0.06,78.3,0.07,165.42,0.94,78.3,0.93,165.42,0.95,524.39,0.96,392.16,0.01,0.01,2336.586745,1776190946000
1776190948.057,148.057,0.05,688.18,0.04,422.16,0.07,152.05,0.08,109.34,0.94,61.63,0.93,165.42,0.95,521.75,0.96,392.16,0.02,0.01,2336.586745,1776190946000
1776190948.279,148.279,0.06,299.53,0.05,249.8,0.07,114.05,0.08,59.34,0.93,152.05,0.92,109.34,0.95,688.18,0.96,422.16,0.01,0.02,2336.586745,1776190946000
1776190948.497,148.497,0.06,404.53,0.05,249.8,0.07,80.05,0.08,59.34,0.93,114.05,0.92,59.34,0.94,299.53,0.95,249.8,0.01,0.01,2336.630455,1776190947000
1776190949.346,149.346,0.06,404.53,0.05,249.8,0.07,80.05,0.08,59.34,0.93,80.05,0.92,59.34,0.94,404.53,0.95,249.8,0.01,0.01,2336.641135,1776190948000
1776190950.538,150.538,0.06,404.53,0.05,249.8,0.07,80.05,0.08,59.34,0.93,80.05,0.92,59.34,0.94,404.53,0.95,249.8,0.01,0.01,2336.8631,1776190949000
1776190950.863,150.863,0.06,528.33,0.05,294.8,0.07,22.15,0.08,206.36,0.93,80.05,0.92,59.34,0.94,404.53,0.95,249.8,0.01,0.01,2336.8631,1776190949000
1776190951.072,151.072,0.06,508.33,0.05,319.8,0.08,158.51,0.09,15.0,0.93,22.15,0.92,206.36,0.94,528.33,0.95,294.8,0.02,0.01,2336.8631,1776190949000
1776190951.297,151.297,0.07,286.65,0.06,282.8,0.08,163.51,0.09,20.0,0.92,158.51,0.91,15.0,0.93,8.92,0.94,392.33,0.01,0.01,2336.869105,1776190950000
1776190952.19,152.19,0.07,272.15,0.06,227.8,0.08,163.51,0.09,20.0,0.92,163.51,0.91,20.0,0.93,273.15,0.94,307.8,0.01,0.01,2336.869105,1776190950000
1776190952.911,152.911,0.07,272.15,0.06,227.8,0.08,163.51,0.09,20.0,0.92,163.51,0.91,20.0,0.93,272.15,0.94,227.8,0.01,0.01,2337.069255,1776190951000
1776190953.487,153.487,0.07,395.05,0.06,282.8,0.08,61.13,0.09,10.0,0.92,163.51,0.91,20.0,0.93,272.15,0.94,227.8,0.01,0.01,2337.069255,1776190951000
1776190953.753,153.753,0.09,4.61,0.08,50.0,0.1,5.0,0.11,60.0,0.9,5.0,0.89,60.0,0.93,432.05,0.94,293.8,0.01,0.03,2337.190111,1776190952000
1776190954.054,154.054,0.09,169.61,0.08,50.0,0.1,75.3,0.11,50.0,0.9,75.3,0.89,50.0,0.91,169.61,0.92,50.0,0.01,0.01,2337.218425,1776190953000
1776190954.62,154.62,0.09,202.76,0.08,113.9,0.1,75.3,0.11,45.0,0.9,80.3,0.89,55.0,0.91,129.41,0.92,98.9,0.01,0.01,2337.218425,1776190953000
1776190955.279,155.279,0.09,202.76,0.08,113.9,0.1,75.3,0.11,45.0,0.9,75.3,0.89,45.0,0.91,202.76,0.92,113.9,0.01,0.01,2337.242141,1776190954000
1776190955.629,155.629,0.11,324.22,0.1,118.5,0.12,30.0,0.13,70.0,0.88,30.0,0.87,70.0,0.89,218.44,0.9,128.5,0.01,0.01,2337.242141,1776190954000
1776190955.853,155.853,0.11,320.46,0.1,158.5,0.12,177.88,0.13,70.0,0.88,30.0,0.87,70.0,0.89,322.46,0.9,158.5,0.01,0.01,2337.242141,1776190954000
1776190956.404,156.404,0.11,320.46,0.1,158.5,0.12,177.88,0.13,70.0,0.88,177.88,0.87,70.0,0.89,320.46,0.9,158.5,0.01,0.01,2337.724655,1776190955000
1776190956.93,156.93,0.11,291.5,0.1,158.5,0.12,172.88,0.13,75.0,0.88,172.88,0.87,75.0,0.89,291.5,0.9,158.5,0.01,0.01,2337.76931,1776190956000
1776190958.066,158.066,0.1,105.0,0.09,111.96,0.12,334.38,0.13,161.5,0.88,334.38,0.87,161.5,0.9,105.0,0.91,111.96,0.02,0.02,2337.911375,1776190957000
1776190958.55,158.55,0.09,27.57,0.08,108.0,0.1,53.0,0.11,261.1,0.89,215.89,0.88,140.5,0.9,39.5,0.91,183.61,0.01,0.01,2337.911375,1776190957000
1776190959.193,159.193,0.09,71.14,0.08,118.0,0.1,48.0,0.11,261.1,0.9,48.0,0.89,261.1,0.91,71.14,0.92,118.0,0.01,0.01,2337.842277,1776190958000
1776190959.918,159.918,0.09,317.48,0.08,118.0,0.1,165.09,0.11,100.21,0.9,48.0,0.89,261.1,0.91,71.14,0.92,118.0,0.01,0.01,2337.842277,1776190958000
1776190960.197,160.197,0.09,303.54,0.08,118.0,0.1,165.09,0.11,100.21,0.9,165.09,0.89,90.21,0.91,276.04,0.92,123.0,0.01,0.01,2337.842277,1776190958000
1776190960.966,160.966,0.09,303.54,0.08,118.0,0.1,165.09,0.11,100.21,0.9,165.09,0.89,100.21,0.91,303.54,0.92,118.0,0.01,0.01,2337.62463,1776190960000
1776190961.579,161.579,0.07,78.54,0.06,140.0,0.08,210.83,0.09,90.99,0.9,165.09,0.89,100.21,0.91,303.54,0.92,118.0,0.01,0.01,2337.62463,1776190960000
1776190962.141,162.141,0.07,78.54,0.06,140.0,0.08,210.83,0.09,90.99,0.92,210.83,0.91,90.99,0.93,78.54,0.94,140.0,0.01,0.01,2337.579715,1776190961000
1776190962.947,162.947,0.07,85.41,0.06,90.0,0.08,141.6,0.09,151.72,0.92,210.83,0.91,90.99,0.93,78.54,0.94,140.0,0.01,0.01,2337.579715,1776190961000
1776190963.261,163.261,0.07,139.41,0.06,154.0,0.08,157.1,0.09,151.72,0.92,157.1,0.91,151.72,0.93,139.41,0.94,154.0,0.01,0.01,2337.230242,1776190962000
1776190964.333,164.333,0.07,5.03,0.06,154.0,0.08,162.1,0.09,90.99,0.92,162.1,0.91,90.99,0.93,5.03,0.94,154.0,0.01,0.01,2337.212751,1776190963000
1776190964.975,164.975,0.07,5.03,0.06,154.0,0.08,162.1,0.09,90.99,0.92,162.1,0.91,90.99,0.93,5.03,0.94,154.0,0.01,0.01,2337.211866,1776190964000
1776190965.894,165.894,0.06,292.33,0.05,245.94,0.07,55.0,0.08,142.1,0.92,162.1,0.91,90.99,0.93,5.03,0.94,154.0,0.01,0.01,2337.211866,1776190964000
1776190966.194,166.194,0.06,292.33,0.05,245.94,0.07,55.0,0.08,142.1,0.93,55.0,0.92,142.1,0.94,292.33,0.95,245.94,0.01,0.01,2337.140273,1776190965000
1776190967.856,167.856,0.06,292.33,0.05,245.94,0.07,55.0,0.08,142.1,0.93,55.0,0.92,142.1,0.94,292.33,0.95,245.94,0.01,0.01,2337.06729,1776190966000
1776190968.331,168.331,0.06,292.33,0.05,245.94,0.07,55.0,0.08,142.1,0.93,55.0,0.92,142.1,0.94,292.33,0.95,245.94,0.01,0.01,2337.071661,1776190967000
1776190968.69,168.69,0.06,177.27,0.05,100.95,0.07,186.6,0.08,196.0,0.93,55.0,0.92,142.1,0.94,292.33,0.95,245.94,0.01,0.01,2337.071661,1776190967000
1776190969.388,169.388,0.06,177.27,0.05,100.95,0.07,186.6,0.08,196.0,0.93,186.6,0.92,196.0,0.94,177.27,0.95,100.95,0.01,0.01,2337.015357,1776190968000
1776190969.98,169.98,0.06,177.27,0.05,100.95,0.07,186.6,0.08,196.0,0.93,186.6,0.92,196.0,0.94,177.27,0.95,100.95,0.01,0.01,2337.0111,1776190969000
1776190971.119,171.119,0.06,177.27,0.05,100.95,0.07,186.6,0.08,196.0,0.93,186.6,0.92,196.0,0.94,177.27,0.95,100.95,0.01,0.01,2336.899491,1776190970000
1776190972.131,172.131,0.06,177.27,0.05,100.95,0.07,186.6,0.08,196.0,0.93,186.6,0.92,196.0,0.94,177.27,0.95,100.95,0.01,0.01,2336.776684,1776190971000
1776190973.196,173.196,0.06,177.27,0.05,100.95,0.07,186.6,0.08,196.0,0.93,186.6,0.92,196.0,0.94,177.27,0.95,100.95,0.01,0.01,2336.59726,1776190972000
1776190973.684,173.684,0.05,14.89,0.04,338.37,0.06,317.61,0.07,275.8,0.93,186.6,0.92,196.0,0.94,177.27,0.95,100.95,0.01,0.01,2336.59726,1776190972000
1776190974.153,174.153,0.05,2.77,0.04,338.37,0.06,375.61,0.07,283.6,0.94,375.61,0.93,275.8,0.95,11.73,0.96,338.37,0.01,0.01,2336.59726,1776190972000
1776190975.396,175.396,0.05,2.77,0.04,338.37,0.06,375.61,0.07,283.6,0.94,375.61,0.93,283.6,0.95,2.77,0.96,338.37,0.01,0.01,2336.487886,1776190974000
1776190975.996,175.996,0.05,2.77,0.04,338.37,0.06,375.61,0.07,283.6,0.94,375.61,0.93,283.6,0.95,2.77,0.96,338.37,0.01,0.01,2336.494738,1776190975000
1776190976.604,176.604,0.04,183.37,0.03,431.0,0.06,603.61,0.07,428.6,0.94,375.61,0.93,283.6,0.95,2.77,0.96,338.37,0.02,0.01,2336.494738,1776190975000
1776190976.976,176.976,0.04,56.24,0.03,426.0,0.05,458.3,0.06,349.94,0.95,458.3,0.94,349.94,0.96,56.24,0.97,426.0,0.01,0.01,2336.420707,1776190976000
1776190977.294,177.294,0.03,372.11,0.02,376.76,0.04,310.5,0.05,583.91,0.96,145.0,0.95,666.91,0.97,379.11,0.98,457.89,0.01,0.01,2336.420707,1776190976000
1776190977.614,177.614,0.03,370.04,0.02,376.76,0.04,504.45,0.05,553.91,0.96,499.45,0.95,553.91,0.97,372.11,0.98,376.76,0.01,0.01,2336.420707,1776190976000
1776190978.013,178.013,0.03,336.72,0.02,376.76,0.04,559.45,0.05,553.91,0.96,559.45,0.95,553.91,0.97,336.72,0.98,376.76,0.01,0.01,2336.41499,1776190977000
1776190979.091,179.091,0.03,336.72,0.02,376.76,0.04,559.45,0.05,553.91,0.96,559.45,0.95,553.91,0.97,336.72,0.98,376.76,0.01,0.01,2335.36467,1776190978000
1776190979.339,179.339,0.03,296.47,0.02,376.76,0.04,576.2,0.05,584.26,0.96,581.2,0.95,584.26,0.97,331.47,0.98,376.76,0.01,0.01,2335.36467,1776190978000
1776190979.787,179.787,0.03,240.95,0.02,376.76,0.04,591.2,0.05,584.26,0.96,581.2,0.95,584.26,0.97,266.47,0.98,376.76,0.01,0.01,2335.36467,1776190978000
1776190980.188,180.188,0.03,240.95,0.02,376.76,0.04,591.2,0.05,584.26,0.96,591.2,0.95,584.26,0.97,240.95,0.98,376.76,0.01,0.01,2334.955733,1776190979000
1776190980.417,180.417,0.03,240.95,0.02,376.76,0.04,551.2,0.05,453.68,0.96,591.2,0.95,584.26,0.97,240.95,0.98,376.76,0.01,0.01,2334.955733,1776190979000
1776190980.655,180.655,0.03,175.47,0.02,376.76,0.04,556.2,0.05,437.33,0.96,556.2,0.95,437.33,0.97,230.63,0.98,376.76,0.01,0.01,2334.955733,1776190979000
1776190981.772,181.772,0.03,121.28,0.02,254.76,0.04,431.7,0.05,391.56,0.96,556.2,0.95,437.33,0.97,175.47,0.98,376.76,0.01,0.01,2334.955733,1776190979000
1776190982.071,182.071,0.03,116.12,0.02,254.76,0.04,413.7,0.05,309.56,0.96,431.7,0.95,391.56,0.97,121.28,0.98,254.76,0.01,0.01,2334.97052,1776190980000
1776190982.383,182.383,0.03,116.12,0.02,254.76,0.04,413.7,0.05,309.56,0.96,413.7,0.95,309.56,0.97,116.12,0.98,254.76,0.01,0.01,2335.02119,1776190981000
1776190982.918,182.918,0.03,30.81,0.02,415.76,0.04,340.7,0.05,357.56,0.96,335.7,0.95,294.56,0.97,60.81,0.98,415.76,0.01,0.01,2335.02119,1776190981000
1776190983.447,183.447,0.02,244.76,0.01,2415.63,0.03,175.0,0.04,352.7,0.96,340.7,0.95,357.56,0.97,0.81,0.98,415.76,0.01,0.01,2335.02119,1776190981000
1776190984.008,184.008,0.02,244.76,0.01,2400.63,0.03,249.66,0.04,352.7,0.97,175.0,0.96,352.7,0.98,244.76,0.99,2415.63,0.01,0.01,2335.229413,1776190982000
1776190984.377,184.377,0.02,244.76,0.01,2204.92,0.03,249.59,0.04,410.7,0.97,249.66,0.96,352.7,0.98,244.76,0.99,2400.63,0.01,0.01,2335.229413,1776190982000
1776190984.696,184.696,0.02,115.04,0.01,2564.91,0.03,249.59,0.04,410.7,0.97,249.59,0.96,410.7,0.98,145.04,0.99,2298.2,0.01,0.01,2335.422615,1776190983000
1776190984.979,184.979,0.01,2860.51,,,0.03,264.9,0.04,410.7,0.97,264.9,0.96,410.7,0.99,2860.51,,,0.02,0.02,2335.447367,1776190984000
1776190986.049,186.049,0.01,2860.51,,,0.03,264.9,0.04,410.7,0.97,264.9,0.96,410.7,0.99,2860.51,,,0.02,0.02,2335.450671,1776190985000
1776190986.657,186.657,0.01,2320.81,,,0.02,149.99,0.03,169.9,0.97,264.9,0.96,410.7,0.99,2860.51,,,0.01,0.02,2335.450671,1776190985000
1776190987.04,187.04,0.01,2926.33,,,0.02,135.63,0.03,356.6,0.98,140.63,0.97,293.6,0.99,2428.04,,,0.01,0.01,2335.450671,1776190985000
1776190987.328,187.328,0.01,2838.33,,,0.02,140.63,0.03,253.6,0.98,135.63,0.97,356.6,0.99,2926.33,,,0.01,0.01,2335.415275,1776190986000
1776190988.176,188.176,0.01,2838.33,,,0.02,140.63,0.03,253.6,0.98,140.63,0.97,253.6,0.99,2838.33,,,0.01,0.01,2335.434994,1776190987000
1776190988.637,188.637,0.01,2013.87,,,0.02,273.33,0.03,365.75,0.98,140.63,0.97,253.6,0.99,2838.33,,,0.01,0.01,2335.434994,1776190987000
1776190988.919,188.919,0.01,2000.87,,,0.02,273.33,0.03,365.75,0.98,273.33,0.97,365.75,0.99,2006.87,,,0.01,0.01,2335.434994,1776190987000
1776190989.132,189.132,0.01,1995.81,,,0.03,247.63,0.04,299.69,0.97,214.63,0.96,294.69,0.99,2000.87,,,0.02,0.02,2335.434994,1776190987000
1776190989.35,189.35,0.01,1995.81,,,0.03,247.63,0.04,299.69,0.97,247.63,0.96,299.69,0.99,1995.81,,,0.02,0.02,2335.404183,1776190988000
1776190990.389,190.389,0.01,1995.81,,,0.03,247.63,0.04,299.69,0.97,247.63,0.96,299.69,0.99,1995.81,,,0.02,0.02,2335.21624,1776190989000
1776190990.916,190.916,0.01,1424.21,,,0.02,50.0,0.03,308.15,0.97,247.63,0.96,299.69,0.99,1995.81,,,0.01,0.02,2335.21624,1776190989000
1776190991.571,191.571,0.01,1378.21,,,0.02,80.0,0.03,112.15,0.98,50.0,0.97,308.15,0.99,1424.21,,,0.01,0.01,2335.16383,1776190990000
1776190991.968,191.968,0.01,1353.21,,,0.02,80.0,0.03,102.15,0.98,80.0,0.97,102.15,0.99,1353.21,,,0.01,0.01,2334.903235,1776190991000
1776190992.287,192.287,0.01,1206.3,,,0.02,100.0,0.03,242.15,0.98,80.0,0.97,228.15,0.99,1295.06,,,0.01,0.01,2334.903235,1776190991000
1776190992.494,192.494,0.01,1300.3,,,0.02,100.0,0.03,261.5,0.98,100.0,0.97,261.5,0.99,1305.3,,,0.01,0.01,2334.903235,1776190991000
1776190992.765,192.765,0.01,1643.9,,,0.02,35.0,0.03,494.5,0.98,100.0,0.97,268.5,0.99,1647.9,,,0.01,0.01,2334.903235,1776190991000
1776190993.096,193.096,0.01,1102.75,,,0.02,30.0,0.03,504.15,0.98,30.0,0.97,504.15,0.99,1102.75,,,0.01,0.01,2335.16147,1776190992000
1776190993.493,193.493,0.01,1091.75,,,0.02,235.64,0.03,474.15,0.98,30.0,0.97,504.15,0.99,1102.75,,,0.01,0.01,2335.16147,1776190992000
1776190994.058,194.058,0.01,1066.75,,,0.02,306.64,0.03,486.53,0.98,293.64,0.97,474.15,0.99,1071.75,,,0.01,0.01,2335.16147,1776190992000
1776190994.605,194.605,0.01,1061.75,,,0.02,353.64,0.03,600.88,0.98,306.64,0.97,486.53,0.99,1066.75,,,0.01,0.01,2335.169645,1776190993000
1776190994.893,194.893,0.01,1056.75,,,0.02,353.64,0.03,600.88,0.98,353.64,0.97,600.88,0.99,1061.75,,,0.01,0.01,2335.169645,1776190993000
1776190995.794,195.794,0.01,1056.75,,,0.02,353.64,0.03,600.88,0.98,353.64,0.97,600.88,0.99,1056.75,,,0.01,0.01,2334.271619,1776190994000
1776190996.442,196.442,0.01,1057.75,,,0.02,370.64,0.03,543.53,0.98,370.64,0.97,543.53,0.99,1057.75,,,0.01,0.01,2334.175001,1776190995000
1776190996.674,196.674,0.01,955.09,,,0.02,365.64,0.03,671.2,0.98,365.64,0.97,671.2,0.99,1050.09,,,0.01,0.01,2334.175001,1776190995000
1776190997.085,197.085,0.01,955.09,,,0.02,365.64,0.03,671.2,0.98,365.64,0.97,671.2,0.99,955.09,,,0.01,0.01,2334.1523,1776190996000
1776190998.261,198.261,0.01,899.09,,,0.02,365.64,0.03,661.2,0.98,365.64,0.97,661.2,0.99,899.09,,,0.01,0.01,2334.183008,1776190997000
1776190999.357,199.357,0.01,899.09,,,0.02,365.64,0.03,661.2,0.98,365.64,0.97,661.2,0.99,899.09,,,0.01,0.01,2334.292682,1776190998000
1776191000.063,200.063,0.01,793.07,,,0.02,239.75,0.03,714.14,0.98,365.64,0.97,661.2,0.99,899.09,,,0.01,0.01,2334.292682,1776190998000
1776191000.457,200.457,0.01,793.07,,,0.02,239.75,0.03,714.14,0.98,239.75,0.97,714.14,0.99,793.07,,,0.01,0.01,2334.729637,1776190999000
1776191001.133,201.133,0.01,793.07,,,0.02,239.75,0.03,714.14,0.98,239.75,0.97,714.14,0.99,793.07,,,0.01,0.01,2334.813178,1776191000000
1776191001.83,201.83,0.01,782.97,,,0.02,248.75,0.03,857.84,0.98,239.75,0.97,714.14,0.99,793.07,,,0.01,0.01,2334.813178,1776191000000
1776191002.16,202.16,0.01,779.97,,,0.02,270.75,0.03,757.84,0.98,248.75,0.97,857.84,0.99,782.97,,,0.01,0.01,2334.813178,1776191000000
1776191002.443,202.443,0.01,774.82,,,0.02,375.75,0.03,762.84,0.98,375.75,0.97,762.84,0.99,774.82,,,0.01,0.01,2334.709382,1776191001000
1776191003.057,203.057,0.01,774.82,,,0.02,375.75,0.03,762.84,0.98,375.75,0.97,762.84,0.99,774.82,,,0.01,0.01,2334.701194,1776191002000
1776191003.37,203.37,0.01,779.82,,,0.02,409.86,0.03,713.2,0.98,375.75,0.97,762.84,0.99,774.82,,,0.01,0.01,2334.701194,1776191002000
1776191003.717,203.717,0.01,719.82,,,0.02,519.91,0.03,609.85,0.98,489.91,0.97,659.2,0.99,769.82,,,0.01,0.01,2334.701194,1776191002000
1776191004.077,204.077,0.01,617.82,,,0.02,500.56,0.03,639.85,0.98,519.91,0.97,609.85,0.99,619.82,,,0.01,0.01,2334.701194,1776191002000
1776191005.136,205.136,0.01,617.82,,,0.02,500.56,0.03,639.85,0.98,500.56,0.97,639.85,0.99,617.82,,,0.01,0.01,2334.10189,1776191004000
1776191005.68,205.68,0.01,617.82,,,0.02,587.56,0.03,639.85,0.98,500.56,0.97,639.85,0.99,617.82,,,0.01,0.01,2334.10189,1776191004000
1776191006.164,206.164,,,,,0.01,550.86,0.02,611.56,0.99,382.18,0.98,577.56,,,,,,,2334.10189,1776191004000
1776191007.001,207.001,,,,,0.01,3144.34,0.02,729.56,0.99,547.64,0.98,670.51,,,,,,,2333.4586,1776191005000
1776191007.311,207.311,,,,,0.01,3144.34,0.02,729.56,0.99,3144.34,0.98,729.56,,,,,,,2333.105691,1776191006000
1776191008.381,208.381,,,,,0.01,3143.37,0.02,829.56,0.99,3143.37,0.98,829.56,,,,,,,2332.912395,1776191007000
1776191009.002,209.002,,,,,0.01,3143.37,0.02,829.56,0.99,3143.37,0.98,829.56,,,,,,,2332.88337,1776191008000
1776191010.366,210.366,,,,,0.01,3143.37,0.02,829.56,0.99,3143.37,0.98,829.56,,,,,,,2332.563566,1776191009000
1776191010.895,210.895,,,,,0.01,3143.37,0.02,829.56,0.99,3143.37,0.98,829.56,,,,,,,2332.526345,1776191010000
1776191011.97,211.97,,,,,0.01,3143.37,0.02,829.56,0.99,3143.37,0.98,829.56,,,,,,,2332.384564,1776191011000
1776191013.123,213.123,,,,,0.01,3143.37,0.02,829.56,0.99,3143.37,0.98,829.56,,,,,,,2332.092055,1776191012000
1776191014.273,214.273,,,,,0.01,3143.37,0.02,829.56,0.99,3143.37,0.98,829.56,,,,,,,2332.81235,1776191013000
1776191015.168,215.168,,,,,0.01,3143.37,0.02,829.56,0.99,3143.37,0.98,829.56,,,,,,,2332.81327,1776191014000
1776191016.38,216.38,,,,,0.01,3143.37,0.02,829.56,0.99,3143.37,0.98,829.56,,,,,,,2332.761348,1776191015000
1776191016.936,216.936,,,,,0.01,3143.37,0.02,829.56,0.99,3143.37,0.98,829.56,,,,,,,2332.968543,1776191016000
1776191017.963,217.963,,,,,0.01,3143.37,0.02,829.56,0.99,3143.37,0.98,829.56,,,,,,,2332.771215,1776191017000
1776191019.037,219.037,,,,,0.01,3143.37,0.02,829.56,0.99,3143.37,0.98,829.56,,,,,,,2332.067928,1776191018000
1776191020.228,220.228,,,,,0.01,3143.37,0.02,829.56,0.99,3143.37,0.98,829.56,,,,,,,2331.409837,1776191019000
1776191021.22,221.22,,,,,0.01,3143.37,0.02,829.56,0.99,3143.37,0.98,829.56,,,,,,,2331.623979,1776191020000
1776191022.195,222.195,,,,,0.01,3143.37,0.02,829.56,0.99,3143.37,0.98,829.56,,,,,,,2331.9896,1776191021000
1776191023.225,223.225,,,,,0.01,3143.37,0.02,829.56,0.99,3143.37,0.98,829.56,,,,,,,2332.065962,1776191022000
1776191024.106,224.106,,,,,0.01,3143.37,0.02,829.56,0.99,3143.37,0.98,829.56,,,,,,,2331.868314,1776191023000
1776191025.236,225.236,,,,,0.01,3143.37,0.02,829.56,0.99,3143.37,0.98,829.56,,,,,,,2331.563516,1776191024000
1776191026.182,226.182,,,,,0.01,3143.37,0.02,829.56,0.99,3143.37,0.98,829.56,,,,,,,2331.326654,1776191025000
1776191027.252,227.252,,,,,0.01,3143.37,0.02,829.56,0.99,3143.37,0.98,829.56,,,,,,,2331.542329,1776191026000
1776191028.362,228.362,,,,,0.01,3143.37,0.02,829.56,0.99,3143.37,0.98,829.56,,,,,,,2331.71166,1776191027000
1776191029.347,229.347,,,,,0.01,3143.37,0.02,829.56,0.99,3143.37,0.98,829.56,,,,,,,2331.452735,1776191028000
1776191030.015,230.015,,,,,0.01,3143.37,0.02,829.56,0.99,3143.37,0.98,829.56,,,,,,,2331.48821,1776191029000
1776191030.821,230.821,,,,,0.01,19702.47,0.02,1005.91,0.99,3143.37,0.98,829.56,,,,,,,2331.48821,1776191029000
1776191031.033,231.033,,,,,0.01,19702.47,0.02,1005.91,0.99,19702.47,0.98,1005.91,,,,,,,2331.606076,1776191030000
1776191032.086,232.086,,,,,0.01,19702.47,0.02,1005.91,0.99,19702.47,0.98,1005.91,,,,,,,2331.65765,1776191031000
1776191033.197,233.197,,,,,0.01,19702.47,0.02,1005.91,0.99,19702.47,0.98,1005.91,,,,,,,2331.657875,1776191032000
1776191034.205,234.205,,,,,0.01,19702.47,0.02,1005.91,0.99,19702.47,0.98,1005.91,,,,,,,2331.70859,1776191033000
1776191035.28,235.28,,,,,0.01,19702.47,0.02,1005.91,0.99,19702.47,0.98,1005.91,,,,,,,2331.752205,1776191034000
1776191036.334,236.334,,,,,0.01,19702.47,0.02,1005.91,0.99,19702.47,0.98,1005.91,,,,,,,2331.766272,1776191035000
1776191036.911,236.911,,,,,0.01,19702.47,0.02,1005.91,0.99,19702.47,0.98,1005.91,,,,,,,2331.935597,1776191036000
1776191038.412,238.412,,,,,0.01,19702.47,0.02,1005.91,0.99,19702.47,0.98,1005.91,,,,,,,2332.02615,1776191037000
1776191038.978,238.978,,,,,0.01,19702.47,0.02,1005.91,0.99,19702.47,0.98,1005.91,,,,,,,2332.037225,1776191038000
1776191040.634,240.634,,,,,0.01,19702.47,0.02,1005.91,0.99,19702.47,0.98,1005.91,,,,,,,2332.002275,1776191039000
1776191041.233,241.233,,,,,0.01,19702.47,0.02,1005.91,0.99,19702.47,0.98,1005.91,,,,,,,2332.023794,1776191040000
1776191042.374,242.374,,,,,0.01,19702.47,0.02,1005.91,0.99,19702.47,0.98,1005.91,,,,,,,2332.012005,1776191041000
1776191042.995,242.995,,,,,0.01,19702.47,0.02,1005.91,0.99,19702.47,0.98,1005.91,,,,,,,2331.773621,1776191042000
1776191044.097,244.097,,,,,0.01,19702.47,0.02,1005.91,0.99,19702.47,0.98,1005.91,,,,,,,2331.789022,1776191043000
1776191045.174,245.174,,,,,0.01,19702.47,0.02,1005.91,0.99,19702.47,0.98,1005.91,,,,,,,2331.90049,1776191044000
1776191047.802,247.802,,,,,0.01,19702.47,0.02,1005.91,0.99,19702.47,0.98,1005.91,,,,,,,2332.003109,1776191045000
1776191048.586,248.586,,,,,0.01,19702.47,0.02,1005.91,0.99,19702.47,0.98,1005.91,,,,,,,2331.922489,1776191047000
1776191049.036,249.036,,,,,0.01,19702.47,0.02,1005.91,0.99,19702.47,0.98,1005.91,,,,,,,2331.941596,1776191048000
1776191050.301,250.301,,,,,0.01,19702.47,0.02,1005.91,0.99,19702.47,0.98,1005.91,,,,,,,2332.031892,1776191049000
1776191051.397,251.397,,,,,0.01,19702.47,0.02,1005.91,0.99,19702.47,0.98,1005.91,,,,,,,2332.062475,1776191050000
1776191051.881,251.881,,,,,0.01,19702.47,0.02,1005.91,0.99,19702.47,0.98,1005.91,,,,,,,2332.068785,1776191051000
1776191053.441,253.441,,,,,0.01,19702.47,0.02,1005.91,0.99,19702.47,0.98,1005.91,,,,,,,2331.566795,1776191052000
1776191054.016,254.016,,,,,0.01,19702.47,0.02,1005.91,0.99,19702.47,0.98,1005.91,,,,,,,2331.469256,1776191053000
1776191054.998,254.998,,,,,0.01,19702.47,0.02,1005.91,0.99,19702.47,0.98,1005.91,,,,,,,2331.293466,1776191054000
1776191056.003,256.003,,,,,0.01,19702.47,0.02,1005.91,0.99,19702.47,0.98,1005.91,,,,,,,2331.289126,1776191055000
1776191057.034,257.034,,,,,0.01,19702.47,0.02,1005.91,0.99,19702.47,0.98,1005.91,,,,,,,2331.208968,1776191056000
1776191058.19,258.19,,,,,0.01,19702.47,0.02,1005.91,0.99,19702.47,0.98,1005.91,,,,,,,2331.207321,1776191057000
1776191059.199,259.199,,,,,0.01,19702.47,0.02,1005.91,0.99,19702.47,0.98,1005.91,,,,,,,2331.187925,1776191058000
1776191060.191,260.191,,,,,0.01,19702.47,0.02,1005.91,0.99,19702.47,0.98,1005.91,,,,,,,2331.299333,1776191059000
1776191061.185,261.185,,,,,0.01,19702.47,0.02,1005.91,0.99,19702.47,0.98,1005.91,,,,,,,2331.419905,1776191060000
1776191062.351,262.351,,,,,0.01,19702.47,0.02,1005.91,0.99,19702.47,0.98,1005.91,,,,,,,2332.023011,1776191061000
1776191063.104,263.104,,,,,0.01,19702.47,0.02,1005.91,0.99,19702.47,0.98,1005.91,,,,,,,2332.15231,1776191062000
1776191064.04,264.04,,,,,0.01,19702.47,0.02,1005.91,0.99,19702.47,0.98,1005.91,,,,,,,2332.267737,1776191063000
1776191065.095,265.095,,,,,0.01,19702.47,0.02,1005.91,0.99,19702.47,0.98,1005.91,,,,,,,2332.325626,1776191064000
1776191066.719,266.719,,,,,0.01,19702.47,0.02,1005.91,0.99,19702.47,0.98,1005.91,,,,,,,2332.550865,1776191065000
1776191067.284,267.284,,,,,0.01,19702.47,0.02,1005.91,0.99,19702.47,0.98,1005.91,,,,,,,2332.558,1776191066000
1776191068.67,268.67,,,,,0.01,19702.47,0.02,1005.91,0.99,19702.47,0.98,1005.91,,,,,,,2332.56944,1776191067000
1776191069.059,269.059,,,,,0.01,19702.47,0.02,1005.91,0.99,19702.47,0.98,1005.91,,,,,,,2332.60872,1776191068000
1776191070.22,270.22,,,,,0.01,19702.47,0.02,1005.91,0.99,19702.47,0.98,1005.91,,,,,,,2332.67392,1776191069000
1776191071.26,271.26,,,,,0.01,19702.47,0.02,1005.91,0.99,19702.47,0.98,1005.91,,,,,,,2331.800018,1776191070000
1776191072.478,272.478,,,,,0.01,19702.47,0.02,1005.91,0.99,19702.47,0.98,1005.91,,,,,,,2331.416205,1776191071000
1776191073.039,273.039,,,,,0.01,21420.01,0.02,427.05,0.99,21420.01,0.98,427.05,,,,,,,2331.418155,1776191072000
1776191074.184,274.184,,,,,0.01,21420.01,0.02,427.05,0.99,21420.01,0.98,427.05,,,,,,,2331.427239,1776191073000
1776191075.262,275.262,,,,,0.01,21420.01,0.02,427.05,0.99,21420.01,0.98,427.05,,,,,,,2331.42295,1776191074000
1776191076.336,276.336,,,,,0.01,21420.01,0.02,427.05,0.99,21420.01,0.98,427.05,,,,,,,2331.277967,1776191075000
1776191076.891,276.891,,,,,0.01,21420.01,0.02,427.05,0.99,21420.01,0.98,427.05,,,,,,,2331.221045,1776191076000
1776191078.076,278.076,,,,,0.01,21420.01,0.02,427.05,0.99,21420.01,0.98,427.05,,,,,,,2331.309087,1776191077000
1776191079.108,279.108,,,,,0.01,21420.01,0.02,427.05,0.99,21420.01,0.98,427.05,,,,,,,2331.32867,1776191078000
1776191080.235,280.235,,,,,0.01,21420.01,0.02,427.05,0.99,21420.01,0.98,427.05,,,,,,,2331.463735,1776191079000
1776191081.274,281.274,,,,,0.01,21420.01,0.02,427.05,0.99,21420.01,0.98,427.05,,,,,,,2331.703928,1776191080000
1776191081.913,281.913,,,,,0.01,20900.96,0.02,243.35,0.99,21420.01,0.98,427.05,,,,,,,2331.703928,1776191080000
1776191082.447,282.447,,,,,0.01,20900.96,0.02,243.35,0.99,20900.96,0.98,243.35,,,,,,,2331.74977,1776191081000
1776191083.099,283.099,,,,,0.01,20900.96,0.02,243.35,0.99,20900.96,0.98,243.35,,,,,,,2331.602805,1776191082000
1776191084.219,284.219,,,,,0.01,20900.96,0.02,243.35,0.99,20900.96,0.98,243.35,,,,,,,2331.544312,1776191083000
1776191085.309,285.309,,,,,0.01,20900.96,0.02,243.35,0.99,20900.96,0.98,243.35,,,,,,,2331.517986,1776191084000
1776191086.432,286.432,,,,,0.01,20900.96,0.02,243.35,0.99,20900.96,0.98,243.35,,,,,,,2331.564259,1776191085000
1776191087.019,287.019,,,,,0.01,20900.96,0.02,243.35,0.99,20900.96,0.98,243.35,,,,,,,2331.565934,1776191086000
1776191088.247,288.247,,,,,0.01,20900.96,0.02,243.35,0.99,20900.96,0.98,243.35,,,,,,,2331.574029,1776191087000
1776191089.359,289.359,,,,,0.01,20900.96,0.02,243.35,0.99,20900.96,0.98,243.35,,,,,,,2331.512512,1776191088000
1776191090.407,290.407,,,,,0.01,20900.96,0.02,243.35,0.99,20900.96,0.98,243.35,,,,,,,2331.525265,1776191089000
1776191091.021,291.021,,,,,0.01,20900.96,0.02,243.35,0.99,20900.96,0.98,243.35,,,,,,,2331.512687,1776191090000
1776191092.188,292.188,,,,,0.01,20900.96,0.02,243.35,0.99,20900.96,0.98,243.35,,,,,,,2331.55629,1776191091000
1776191093.373,293.373,,,,,0.01,20900.96,0.02,243.35,0.99,20900.96,0.98,243.35,,,,,,,2331.493768,1776191092000
1776191093.959,293.959,,,,,0.01,20900.96,0.02,243.35,0.99,20900.96,0.98,243.35,,,,,,,2331.48755,1776191093000
1776191095.018,295.018,,,,,0.01,20900.96,0.02,243.35,0.99,20900.96,0.98,243.35,,,,,,,2331.286142,1776191094000
1776191096.013,296.013,,,,,0.01,20900.96,0.02,243.35,0.99,20900.96,0.98,243.35,,,,,,,2331.236978,1776191095000
1776191097.104,297.104,,,,,0.01,20900.96,0.02,243.35,0.99,20900.96,0.98,243.35,,,,,,,2331.204872,1776191096000
1776191098.112,298.112,,,,,0.01,20900.96,0.02,243.35,0.99,20900.96,0.98,243.35,,,,,,,2331.332344,1776191097000
1776191099.119,299.119,,,,,0.01,20900.96,0.02,243.35,0.99,20900.96,0.98,243.35,,,,,,,2331.495322,1776191098000
1776191100.189,300.189,,,,,0.01,20900.96,0.02,243.35,0.99,20900.96,0.98,243.35,,,,,,,2331.951517,1776191099000
1776191101.159,301.159,,,,,0.01,20900.96,0.02,243.35,0.99,20900.96,0.98,243.35,,,,,,,2332.170705,1776191100000
1776191102.209,302.209,,,,,0.01,20900.96,0.02,243.35,0.99,20900.96,0.98,243.35,,,,,,,2332.030612,1776191101000

# RESULT,winner=Down,slug=eth-updown-5m-1776190800,ticks=444
