timestamp,elapsed_sec,up_bid_p1,up_bid_s1,up_bid_p2,up_bid_s2,up_ask_p1,up_ask_s1,up_ask_p2,up_ask_s2,down_bid_p1,down_bid_s1,down_bid_p2,down_bid_s2,down_ask_p1,down_ask_s1,down_ask_p2,down_ask_s2,up_spread,down_spread,eth_price,eth_oracle_ts
1776224111.383,11.383,0.58,72.5,0.57,40.0,0.59,27.8,0.6,60.14,0.41,26.1,0.4,60.14,0.42,72.5,0.43,40.0,0.01,0.01,2327.87515,1776224109000
1776224111.755,11.755,0.58,52.0,0.57,40.0,0.59,34.5,0.6,70.64,0.41,26.1,0.4,60.14,0.42,72.5,0.43,40.0,0.01,0.01,2328.190471,1776224110000
1776224112.204,12.204,0.58,49.61,0.57,40.0,0.59,37.53,0.6,70.64,0.41,37.53,0.4,70.64,0.42,49.61,0.43,40.0,0.01,0.01,2328.11102,1776224111000
1776224113.5,13.5,0.58,49.61,0.57,40.0,0.59,37.53,0.6,70.64,0.41,37.53,0.4,70.64,0.42,49.61,0.43,40.0,0.01,0.01,2328.160075,1776224112000
1776224114.25,14.25,0.58,49.61,0.57,40.0,0.59,37.53,0.6,70.64,0.41,37.53,0.4,70.64,0.42,49.61,0.43,40.0,0.01,0.01,2328.1214,1776224113000
1776224115.023,15.023,0.58,49.61,0.57,40.0,0.59,37.53,0.6,70.64,0.41,37.53,0.4,70.64,0.42,49.61,0.43,40.0,0.01,0.01,2328.101985,1776224114000
1776224115.803,15.803,0.51,10.5,0.5,10.5,0.53,70.5,0.54,42.5,0.41,116.5,0.4,234.64,0.48,5.0,0.49,15.0,0.02,0.07,2328.101985,1776224114000
1776224116.494,16.494,0.51,10.5,0.5,10.5,0.53,70.5,0.54,42.5,0.47,70.5,0.46,42.5,0.49,10.5,0.5,10.5,0.02,0.02,2328.140017,1776224115000
1776224117.257,17.257,0.51,10.5,0.5,10.5,0.53,70.5,0.54,42.5,0.47,70.5,0.46,42.5,0.49,10.5,0.5,10.5,0.02,0.02,2328.05356,1776224116000
1776224117.481,17.481,0.51,10.5,0.5,15.5,0.52,89.0,0.53,88.5,0.47,70.5,0.46,42.5,0.49,10.5,0.5,10.5,0.01,0.02,2328.05356,1776224116000
1776224118.134,18.134,0.51,10.5,0.5,15.5,0.52,89.0,0.53,88.5,0.48,89.0,0.47,88.5,0.49,10.5,0.5,15.5,0.01,0.01,2327.961235,1776224117000
1776224118.998,18.998,0.5,30.5,0.49,10.0,0.51,48.03,0.52,75.5,0.48,89.0,0.47,88.5,0.49,10.5,0.5,15.5,0.01,0.01,2327.961235,1776224117000
1776224119.869,19.869,0.5,30.5,0.49,10.0,0.51,48.03,0.52,75.5,0.49,48.03,0.48,75.5,0.5,30.5,0.51,10.0,0.01,0.01,2327.78107,1776224118000
1776224120.195,20.195,0.5,45.5,0.49,37.0,0.52,10.0,0.53,10.0,0.49,48.03,0.48,75.5,0.5,30.5,0.51,10.0,0.02,0.01,2327.78107,1776224118000
1776224120.496,20.496,0.5,45.5,0.49,37.0,0.52,10.0,0.53,10.0,0.48,10.0,0.47,10.0,0.5,45.5,0.51,37.0,0.02,0.02,2327.700535,1776224119000
1776224121.049,21.049,0.5,45.5,0.49,37.0,0.52,10.0,0.53,10.0,0.48,10.0,0.47,10.0,0.5,45.5,0.51,37.0,0.02,0.02,2327.691359,1776224120000
1776224122.48,22.48,0.5,45.5,0.49,37.0,0.52,10.0,0.53,10.0,0.48,10.0,0.47,10.0,0.5,45.5,0.51,37.0,0.02,0.02,2327.753593,1776224121000
1776224122.956,22.956,0.5,45.5,0.49,37.0,0.52,10.0,0.53,10.0,0.48,10.0,0.47,10.0,0.5,45.5,0.51,37.0,0.02,0.02,2327.79065,1776224122000
1776224124.088,24.088,0.5,45.5,0.49,37.0,0.52,10.0,0.53,10.0,0.48,10.0,0.47,10.0,0.5,45.5,0.51,37.0,0.02,0.02,2327.805845,1776224123000
1776224125.153,25.153,0.51,89.61,0.5,51.38,0.53,9.81,0.55,5.0,0.48,10.0,0.47,10.0,0.5,45.5,0.51,37.0,0.02,0.02,2327.805845,1776224123000
1776224125.527,25.527,0.51,89.61,0.5,51.38,0.53,9.81,0.55,5.0,0.47,9.81,0.45,5.0,0.49,89.61,0.5,51.38,0.02,0.02,2327.791705,1776224124000
1776224125.871,25.871,0.51,5.0,0.5,66.49,0.53,55.5,0.54,35.5,0.47,50.31,0.46,35.5,0.48,43.0,0.49,49.99,0.02,0.01,2327.791705,1776224124000
1776224126.126,26.126,0.51,5.0,0.5,66.49,0.53,55.5,0.54,35.5,0.47,55.5,0.46,35.5,0.49,5.0,0.5,66.49,0.02,0.02,2327.83711,1776224125000
1776224126.891,26.891,0.49,5.0,0.47,10.5,0.51,78.5,0.52,59.5,0.47,55.5,0.46,35.5,0.49,5.0,0.5,66.49,0.02,0.02,2327.83711,1776224125000
1776224127.276,27.276,0.49,5.0,0.47,10.5,0.51,78.5,0.52,59.5,0.49,78.5,0.48,59.5,0.51,5.0,0.53,10.5,0.02,0.02,2327.85061,1776224126000
1776224127.525,27.525,0.44,19.11,0.43,17.0,0.5,87.5,0.51,113.5,0.49,78.5,0.48,59.5,0.51,5.0,0.53,10.5,0.06,0.02,2327.85061,1776224126000
1776224127.765,27.765,0.41,67.11,0.4,15.5,0.44,3.61,0.46,10.0,0.56,5.89,0.54,9.25,0.59,67.11,0.6,75.0,0.03,0.03,2327.85061,1776224126000
1776224127.971,27.971,0.41,67.11,0.4,15.5,0.42,7.61,0.43,20.5,0.58,7.61,0.57,20.5,0.59,67.11,0.6,15.5,0.01,0.01,2327.84005,1776224127000
1776224128.272,28.272,0.41,92.61,0.4,20.5,0.42,12.61,0.43,30.5,0.58,7.61,0.57,20.5,0.59,67.11,0.6,15.5,0.01,0.01,2327.84005,1776224127000
1776224128.593,28.593,0.41,97.61,0.4,25.5,0.42,7.61,0.43,30.5,0.58,15.08,0.57,30.5,0.59,92.61,0.6,20.5,0.01,0.01,2327.84005,1776224127000
1776224129.149,29.149,0.41,97.61,0.4,25.5,0.42,5.08,0.43,30.5,0.58,5.08,0.57,30.5,0.59,97.61,0.6,25.5,0.01,0.01,2327.622297,1776224128000
1776224129.403,29.403,0.41,97.61,0.4,39.5,0.43,18.08,0.44,39.11,0.58,5.08,0.57,30.5,0.59,97.61,0.6,25.5,0.02,0.01,2327.622297,1776224128000
1776224130.299,30.299,0.41,103.76,0.4,39.5,0.42,10.0,0.43,23.08,0.58,10.0,0.57,23.08,0.59,103.76,0.6,39.5,0.01,0.01,2327.393947,1776224129000
1776224130.925,30.925,0.41,60.64,0.4,39.5,0.42,15.0,0.43,33.58,0.58,10.0,0.57,23.08,0.59,103.76,0.6,39.5,0.01,0.01,2327.393947,1776224129000
1776224131.309,31.309,0.41,30.64,0.4,39.5,0.42,8.03,0.43,33.58,0.58,8.03,0.57,33.58,0.59,60.64,0.6,39.5,0.01,0.01,2327.393947,1776224129000
1776224132.08,32.08,0.41,30.64,0.4,39.5,0.42,8.03,0.43,33.58,0.58,8.03,0.57,33.58,0.59,30.64,0.6,39.5,0.01,0.01,2327.39042,1776224131000
1776224133.176,33.176,0.41,30.64,0.4,39.5,0.42,8.03,0.43,33.58,0.58,8.03,0.57,33.58,0.59,30.64,0.6,39.5,0.01,0.01,2327.427432,1776224132000
1776224133.76,33.76,0.4,24.0,0.39,109.5,0.41,25.0,0.42,23.53,0.58,8.03,0.57,33.58,0.59,30.64,0.6,39.5,0.01,0.01,2327.427432,1776224132000
1776224134.299,34.299,0.4,24.0,0.39,109.5,0.41,25.0,0.42,23.53,0.59,25.0,0.58,23.53,0.6,24.0,0.61,109.5,0.01,0.01,2327.497119,1776224133000
1776224135.436,35.436,0.4,24.0,0.39,109.5,0.41,25.0,0.42,23.53,0.59,25.0,0.58,23.53,0.6,24.0,0.61,109.5,0.01,0.01,2327.342022,1776224134000
1776224136.015,36.015,0.4,24.0,0.39,109.5,0.41,25.0,0.42,23.53,0.59,25.0,0.58,23.53,0.6,24.0,0.61,109.5,0.01,0.01,2327.326589,1776224135000
1776224136.544,36.544,0.4,76.37,0.39,114.5,0.41,14.87,0.42,8.03,0.59,25.0,0.58,23.53,0.6,24.0,0.61,109.5,0.01,0.01,2327.326589,1776224135000
1776224137.225,37.225,0.4,76.37,0.39,114.5,0.41,14.87,0.42,8.03,0.59,14.87,0.58,8.03,0.6,76.37,0.61,114.5,0.01,0.01,2327.355124,1776224136000
1776224138.353,38.353,0.4,76.37,0.39,114.5,0.41,14.87,0.42,8.03,0.59,14.87,0.58,8.03,0.6,76.37,0.61,114.5,0.01,0.01,2327.357843,1776224137000
1776224138.867,38.867,0.4,47.17,0.39,104.5,0.41,14.87,0.42,8.03,0.59,14.87,0.58,8.03,0.6,47.17,0.61,104.5,0.01,0.01,2327.366773,1776224138000
1776224140.056,40.056,0.4,47.17,0.39,104.5,0.41,14.87,0.42,8.03,0.59,14.87,0.58,8.03,0.6,47.17,0.61,104.5,0.01,0.01,2327.381605,1776224139000
1776224141.089,41.089,0.46,66.39,0.43,81.5,0.52,10.0,0.53,11.0,0.59,14.87,0.58,8.03,0.6,47.17,0.61,104.5,0.06,0.01,2327.381605,1776224139000
1776224141.97,41.97,0.49,29.0,0.48,45.0,0.52,51.23,0.53,39.0,0.48,5.73,0.47,16.0,0.49,10.0,0.5,10.0,0.03,0.01,2327.3902,1776224140000
1776224142.324,42.324,0.49,29.0,0.48,45.0,0.52,51.23,0.53,39.0,0.48,51.23,0.47,39.0,0.51,29.0,0.52,45.0,0.03,0.03,2327.40411,1776224141000
1776224143.37,43.37,0.49,29.0,0.48,45.0,0.52,51.23,0.53,39.0,0.48,51.23,0.47,39.0,0.51,29.0,0.52,45.0,0.03,0.03,2327.670665,1776224142000
1776224143.892,43.892,0.49,29.0,0.48,45.0,0.52,51.23,0.53,39.0,0.48,51.23,0.47,39.0,0.51,29.0,0.52,45.0,0.03,0.03,2327.64876,1776224143000
1776224144.965,44.965,0.49,29.0,0.48,45.0,0.52,51.23,0.53,39.0,0.48,51.23,0.47,39.0,0.51,29.0,0.52,45.0,0.03,0.03,2327.64098,1776224144000
1776224146.092,46.092,0.49,29.0,0.48,45.0,0.52,51.23,0.53,39.0,0.48,51.23,0.47,39.0,0.51,29.0,0.52,45.0,0.03,0.03,2327.630745,1776224145000
1776224147.142,47.142,0.49,29.0,0.48,45.0,0.52,51.23,0.53,39.0,0.48,51.23,0.47,39.0,0.51,29.0,0.52,45.0,0.03,0.03,2327.650864,1776224146000
1776224147.596,47.596,0.49,66.03,0.48,30.0,0.5,10.5,0.51,37.5,0.48,51.23,0.47,39.0,0.51,29.0,0.52,45.0,0.01,0.03,2327.650864,1776224146000
1776224148.269,48.269,0.49,66.03,0.48,30.0,0.5,10.5,0.51,37.5,0.5,10.5,0.49,37.5,0.51,66.03,0.52,30.0,0.01,0.01,2327.652581,1776224147000
1776224149.915,49.915,0.49,66.03,0.48,30.0,0.5,10.5,0.51,37.5,0.5,10.5,0.49,37.5,0.51,66.03,0.52,30.0,0.01,0.01,2327.684457,1776224148000
1776224150.229,50.229,0.47,15.0,0.46,77.39,0.5,78.5,0.51,43.5,0.5,10.5,0.49,37.5,0.51,66.03,0.52,30.0,0.03,0.01,2327.684457,1776224148000
1776224150.45,50.45,0.47,15.0,0.46,77.39,0.5,78.5,0.51,43.5,0.5,78.5,0.49,43.5,0.53,15.0,0.54,77.39,0.03,0.03,2327.67543,1776224149000
1776224150.756,50.756,0.47,5.56,0.46,77.39,0.48,47.5,0.49,61.5,0.5,78.5,0.49,43.5,0.53,15.0,0.54,77.39,0.01,0.03,2327.67543,1776224149000
1776224151.736,51.736,0.46,92.39,0.45,5.0,0.47,28.32,0.48,42.5,0.52,47.5,0.51,61.5,0.53,5.56,0.54,77.39,0.01,0.01,2327.675195,1776224150000
1776224152.068,52.068,0.46,92.39,0.45,5.0,0.47,28.32,0.48,42.5,0.53,28.32,0.52,42.5,0.54,92.39,0.55,5.0,0.01,0.01,2327.63666,1776224151000
1776224152.321,52.321,0.46,66.39,0.42,5.0,0.47,86.32,0.48,37.5,0.53,28.32,0.52,42.5,0.54,92.39,0.55,5.0,0.01,0.01,2327.63666,1776224151000
1776224152.746,52.746,0.42,35.5,0.41,35.5,0.44,5.0,0.45,15.0,0.53,86.32,0.52,37.5,0.58,5.0,0.59,5.0,0.02,0.05,2327.63666,1776224151000
1776224153.071,53.071,0.42,35.5,0.41,35.5,0.44,2.7,0.45,15.0,0.56,2.7,0.55,15.0,0.58,35.5,0.59,35.5,0.02,0.02,2327.56629,1776224152000
1776224153.57,53.57,0.44,30.0,0.43,30.5,0.45,13.0,0.46,42.5,0.55,20.0,0.54,37.5,0.56,20.0,0.57,25.5,0.01,0.01,2327.56629,1776224152000
1776224154.182,54.182,0.44,30.0,0.43,30.5,0.45,13.0,0.46,42.5,0.55,13.0,0.54,42.5,0.56,30.0,0.57,30.5,0.01,0.01,2327.549825,1776224153000
1776224155.235,55.235,0.44,30.0,0.43,30.5,0.45,13.0,0.46,42.5,0.55,13.0,0.54,42.5,0.56,30.0,0.57,30.5,0.01,0.01,2327.53436,1776224154000
1776224156.202,56.202,0.4,101.0,0.39,29.5,0.43,25.5,0.44,65.5,0.55,13.0,0.54,42.5,0.56,30.0,0.57,30.5,0.03,0.01,2327.53436,1776224154000
1776224156.875,56.875,0.4,101.0,0.39,29.5,0.43,25.5,0.44,65.5,0.57,25.5,0.56,65.5,0.6,101.0,0.61,29.5,0.03,0.03,2327.519408,1776224156000
1776224157.898,57.898,0.4,101.0,0.39,29.5,0.43,25.5,0.44,65.5,0.57,25.5,0.56,65.5,0.6,101.0,0.61,29.5,0.03,0.03,2327.508656,1776224157000
1776224158.504,58.504,0.4,5.0,0.34,20.0,0.41,126.5,0.42,44.5,0.57,25.5,0.56,65.5,0.6,101.0,0.61,29.5,0.01,0.03,2327.508656,1776224157000
1776224158.908,58.908,0.34,11.47,0.33,29.5,0.35,60.0,0.36,33.31,0.65,60.0,0.64,33.31,0.66,11.47,0.67,29.5,0.01,0.01,2327.472373,1776224158000
1776224159.256,59.256,0.34,26.47,0.33,29.5,0.35,76.0,0.36,30.5,0.65,60.0,0.64,33.31,0.66,11.47,0.67,29.5,0.01,0.01,2327.472373,1776224158000
1776224159.607,59.607,0.34,49.47,0.33,36.5,0.35,50.0,0.36,15.0,0.65,76.0,0.64,30.5,0.66,26.47,0.67,29.5,0.01,0.01,2327.472373,1776224158000
1776224159.886,59.886,0.34,52.16,0.33,36.5,0.35,44.28,0.36,15.0,0.65,44.28,0.64,15.0,0.66,44.47,0.67,36.5,0.01,0.01,2327.472373,1776224158000
1776224160.687,60.687,0.34,98.16,0.33,39.5,0.36,10.0,0.37,26.0,0.65,44.28,0.64,15.0,0.66,52.16,0.67,36.5,0.02,0.01,2327.454014,1776224159000
1776224160.9,60.9,0.35,28.5,0.34,73.16,0.36,10.0,0.37,26.0,0.64,10.0,0.63,26.0,0.65,28.5,0.66,73.16,0.01,0.01,2327.248466,1776224160000
1776224161.843,61.843,0.3,10.0,0.28,75.0,0.34,6.0,0.36,200.5,0.64,10.0,0.63,26.0,0.65,28.5,0.66,73.16,0.04,0.01,2327.248466,1776224160000
1776224162.189,62.189,0.3,0.36,0.28,70.0,0.31,75.5,0.32,25.0,0.69,65.0,0.68,15.0,0.7,1.94,0.72,70.0,0.01,0.01,2327.179616,1776224161000
1776224162.585,62.585,0.28,70.0,0.27,5.0,0.29,62.5,0.3,20.5,0.69,75.5,0.68,25.0,0.7,0.36,0.72,70.0,0.01,0.01,2327.179616,1776224161000
1776224162.801,62.801,0.28,56.66,0.27,5.0,0.29,72.5,0.3,30.5,0.71,72.5,0.7,25.5,0.72,60.0,0.73,5.0,0.01,0.01,2327.179616,1776224161000
1776224163.041,63.041,0.28,4.76,0.27,22.0,0.29,82.5,0.3,30.5,0.71,82.5,0.7,30.5,0.72,48.74,0.73,5.0,0.01,0.01,2327.179616,1776224161000
1776224163.312,63.312,0.27,6.76,0.26,73.0,0.29,52.5,0.3,25.5,0.71,82.5,0.7,30.5,0.72,4.76,0.73,22.0,0.02,0.01,2327.179616,1776224161000
1776224163.625,63.625,0.27,6.76,0.26,73.0,0.29,52.5,0.3,25.5,0.71,52.5,0.7,25.5,0.73,6.76,0.74,73.0,0.02,0.02,2327.1941,1776224162000
1776224164.234,64.234,0.27,6.76,0.26,73.0,0.29,52.5,0.3,25.5,0.71,52.5,0.7,25.5,0.73,6.76,0.74,73.0,0.02,0.02,2326.792016,1776224163000
1776224165.367,65.367,0.27,6.76,0.26,73.0,0.29,52.5,0.3,25.5,0.71,52.5,0.7,25.5,0.73,6.76,0.74,73.0,0.02,0.02,2326.687729,1776224164000
1776224165.661,65.661,0.26,97.91,0.25,48.0,0.27,81.6,0.28,40.5,0.71,52.5,0.7,25.5,0.73,6.76,0.74,73.0,0.01,0.02,2326.687729,1776224164000
1776224166.048,66.048,0.26,97.91,0.25,48.0,0.27,81.6,0.28,40.5,0.73,81.6,0.72,40.5,0.74,97.91,0.75,48.0,0.01,0.01,2326.71868,1776224165000
1776224166.775,66.775,0.26,0.64,0.25,58.0,0.27,91.6,0.28,45.5,0.73,81.6,0.72,40.5,0.74,97.91,0.75,48.0,0.01,0.01,2326.71868,1776224165000
1776224167.081,67.081,0.26,0.64,0.25,58.0,0.27,91.6,0.28,45.5,0.73,91.6,0.72,45.5,0.74,0.64,0.75,58.0,0.01,0.01,2326.669551,1776224166000
1776224168.317,68.317,0.26,0.64,0.25,58.0,0.27,91.6,0.28,45.5,0.73,91.6,0.72,45.5,0.74,0.64,0.75,58.0,0.01,0.01,2326.666383,1776224167000
1776224168.538,68.538,0.25,75.0,0.24,29.0,0.26,46.65,0.27,91.6,0.73,91.6,0.72,45.5,0.74,0.64,0.75,58.0,0.01,0.01,2326.666383,1776224167000
1776224168.877,68.877,0.25,75.0,0.24,29.0,0.26,46.65,0.27,91.6,0.74,46.65,0.73,91.6,0.75,75.0,0.76,29.0,0.01,0.01,2326.666069,1776224168000
1776224170.098,70.098,0.25,75.0,0.24,29.0,0.26,46.65,0.27,91.6,0.74,46.65,0.73,91.6,0.75,75.0,0.76,29.0,0.01,0.01,2326.63274,1776224169000
1776224170.453,70.453,0.25,62.34,0.24,29.0,0.26,96.65,0.27,96.6,0.74,46.65,0.73,91.6,0.75,75.0,0.76,29.0,0.01,0.01,2326.63274,1776224169000
1776224171.189,71.189,0.25,62.34,0.24,29.0,0.26,96.65,0.27,96.6,0.74,96.65,0.73,96.6,0.75,62.34,0.76,29.0,0.01,0.01,2326.666377,1776224170000
1776224171.854,71.854,0.25,51.0,0.24,29.0,0.26,96.65,0.27,96.6,0.74,96.65,0.73,96.6,0.75,62.34,0.76,29.0,0.01,0.01,2326.666377,1776224170000
1776224172.081,72.081,0.25,51.2,0.24,29.0,0.26,26.15,0.27,91.6,0.74,96.65,0.73,96.6,0.75,51.0,0.76,29.0,0.01,0.01,2326.666377,1776224170000
1776224172.32,72.32,0.25,51.2,0.24,29.0,0.26,26.15,0.27,91.6,0.74,26.15,0.73,91.6,0.75,51.2,0.76,29.0,0.01,0.01,2326.569682,1776224171000
1776224172.725,72.725,0.25,14.2,0.24,29.0,0.26,36.15,0.27,81.6,0.74,26.15,0.73,91.6,0.75,51.2,0.76,29.0,0.01,0.01,2326.569682,1776224171000
1776224173.263,73.263,0.25,14.2,0.24,29.0,0.26,36.15,0.27,81.6,0.74,36.15,0.73,81.6,0.75,14.2,0.76,29.0,0.01,0.01,2326.60842,1776224172000
1776224173.937,73.937,0.25,12.86,0.24,29.0,0.26,36.15,0.27,81.6,0.74,36.15,0.73,81.6,0.75,12.86,0.76,29.0,0.01,0.01,2326.567432,1776224173000
1776224175.028,75.028,0.25,12.86,0.24,29.0,0.26,36.15,0.27,81.6,0.74,36.15,0.73,81.6,0.75,12.86,0.76,29.0,0.01,0.01,2326.549313,1776224174000
1776224176.136,76.136,0.24,11.79,0.23,34.5,0.26,36.15,0.27,81.6,0.74,36.15,0.73,81.6,0.76,11.79,0.77,34.5,0.02,0.02,2326.58562,1776224175000
1776224177.218,77.218,0.24,11.79,0.23,34.5,0.26,36.15,0.27,81.6,0.74,36.15,0.73,81.6,0.76,11.79,0.77,34.5,0.02,0.02,2326.586745,1776224176000
1776224177.957,77.957,0.24,129.29,0.23,39.5,0.25,7.0,0.26,10.0,0.74,36.15,0.73,81.6,0.76,11.79,0.77,34.5,0.01,0.02,2326.586745,1776224176000
1776224178.162,78.162,0.26,101.5,0.25,76.5,0.27,35.02,0.28,10.0,0.73,45.1,0.72,10.0,0.75,101.5,0.76,90.29,0.01,0.02,2326.586745,1776224176000
1776224178.501,78.501,0.26,101.5,0.25,76.5,0.27,35.02,0.28,10.0,0.73,35.02,0.72,10.0,0.74,101.5,0.75,76.5,0.01,0.01,2326.59155,1776224177000
1776224178.899,78.899,0.26,101.5,0.25,76.5,0.27,35.02,0.28,10.0,0.73,35.02,0.72,10.0,0.74,101.5,0.75,76.5,0.01,0.01,2326.632592,1776224178000
1776224179.681,79.681,0.26,110.5,0.25,76.5,0.27,43.64,0.28,20.0,0.73,35.02,0.72,10.0,0.74,101.5,0.75,76.5,0.01,0.01,2326.632592,1776224178000
1776224180.012,80.012,0.26,109.14,0.25,76.5,0.27,43.64,0.28,20.0,0.73,43.64,0.72,20.0,0.74,109.14,0.75,76.5,0.01,0.01,2326.615163,1776224179000
1776224180.677,80.677,0.26,82.64,0.25,76.5,0.27,30.66,0.28,25.0,0.73,42.04,0.72,25.0,0.74,87.64,0.75,76.5,0.01,0.01,2326.615163,1776224179000
1776224181.055,81.055,0.26,82.64,0.25,76.5,0.27,24.28,0.28,25.0,0.73,30.66,0.72,25.0,0.74,82.64,0.75,76.5,0.01,0.01,2326.615163,1776224179000
1776224181.268,81.268,0.26,82.64,0.25,76.5,0.27,24.28,0.28,25.0,0.73,24.28,0.72,25.0,0.74,82.64,0.75,76.5,0.01,0.01,2326.75818,1776224180000
1776224181.892,81.892,0.26,82.64,0.25,76.5,0.27,24.28,0.28,25.0,0.73,24.28,0.72,25.0,0.74,82.64,0.75,76.5,0.01,0.01,2326.75818,1776224181000
1776224183.075,83.075,0.26,82.64,0.25,76.5,0.27,24.28,0.28,25.0,0.73,24.28,0.72,25.0,0.74,82.64,0.75,76.5,0.01,0.01,2326.78,1776224182000
1776224183.34,83.34,0.26,3.75,0.25,16.0,0.27,99.78,0.28,35.5,0.73,24.28,0.72,25.0,0.74,82.64,0.75,76.5,0.01,0.01,2326.78,1776224182000
1776224183.605,83.605,0.24,32.79,0.23,50.3,0.26,9.25,0.27,109.78,0.74,9.25,0.73,109.78,0.76,32.79,0.77,50.3,0.02,0.02,2326.78,1776224182000
1776224184.222,84.222,0.24,32.79,0.23,50.3,0.26,9.25,0.27,109.78,0.74,9.25,0.73,109.78,0.76,32.79,0.77,50.3,0.02,0.02,2326.753415,1776224183000
1776224184.532,84.532,0.24,24.79,0.23,50.3,0.25,60.0,0.26,44.75,0.74,9.25,0.73,109.78,0.76,32.79,0.77,50.3,0.01,0.02,2326.753415,1776224183000
1776224184.917,84.917,0.24,10.82,0.23,50.3,0.25,65.0,0.26,49.75,0.75,60.0,0.74,44.75,0.76,24.79,0.77,50.3,0.01,0.01,2326.753415,1776224183000
1776224185.265,85.265,0.24,10.82,0.23,50.3,0.25,65.0,0.26,49.75,0.75,65.0,0.74,49.75,0.76,10.82,0.77,50.3,0.01,0.01,2326.77855,1776224184000
1776224186.029,86.029,0.24,36.32,0.23,60.8,0.25,42.0,0.26,20.0,0.75,65.0,0.74,49.75,0.76,10.82,0.77,50.3,0.01,0.01,2326.77855,1776224184000
1776224186.386,86.386,0.24,34.14,0.23,60.8,0.25,42.0,0.26,20.0,0.75,42.0,0.74,20.0,0.76,34.14,0.77,60.8,0.01,0.01,2326.679717,1776224185000
1776224186.964,86.964,0.24,16.5,0.23,60.8,0.25,34.88,0.26,20.0,0.75,42.0,0.74,20.0,0.76,34.14,0.77,60.8,0.01,0.01,2326.679717,1776224185000
1776224188.042,88.042,0.24,16.5,0.23,60.8,0.25,34.88,0.26,20.0,0.75,34.88,0.74,20.0,0.76,16.5,0.77,60.8,0.01,0.01,2326.700575,1776224187000
1776224189.119,89.119,0.23,30.3,0.22,26.0,0.24,8.0,0.25,95.38,0.75,34.88,0.74,20.0,0.76,16.5,0.77,60.8,0.01,0.01,2326.700575,1776224187000
1776224190.218,90.218,0.23,30.3,0.22,26.0,0.24,8.0,0.25,95.38,0.76,8.0,0.75,95.38,0.77,30.3,0.78,26.0,0.01,0.01,2326.70609,1776224189000
1776224191.37,91.37,0.23,2.75,0.22,41.0,0.24,103.0,0.25,107.17,0.76,103.0,0.75,107.17,0.77,2.75,0.78,41.0,0.01,0.01,2326.665832,1776224190000
1776224191.973,91.973,0.23,2.75,0.22,41.0,0.24,103.0,0.25,107.17,0.76,103.0,0.75,107.17,0.77,2.75,0.78,41.0,0.01,0.01,2326.60951,1776224191000
1776224192.262,92.262,0.21,54.75,0.2,25.0,0.23,119.5,0.24,83.5,0.76,103.0,0.75,107.17,0.77,2.75,0.78,41.0,0.02,0.01,2326.60951,1776224191000
1776224192.757,92.757,0.21,43.43,0.2,15.0,0.22,84.81,0.23,59.5,0.78,10.0,0.77,124.5,0.79,48.43,0.8,25.0,0.01,0.01,2326.60951,1776224191000
1776224193.898,93.898,0.21,43.43,0.2,15.0,0.22,84.81,0.23,59.5,0.78,84.81,0.77,59.5,0.79,43.43,0.8,15.0,0.01,0.01,2326.651707,1776224193000
1776224194.107,94.107,0.21,36.43,0.2,10.0,0.22,132.81,0.23,61.5,0.78,84.81,0.77,59.5,0.79,43.43,0.8,15.0,0.01,0.01,2326.651707,1776224193000
1776224194.905,94.905,0.2,10.0,0.19,10.0,0.22,127.81,0.23,61.5,0.78,127.81,0.77,61.5,0.8,10.0,0.81,10.0,0.02,0.02,2326.592133,1776224194000
1776224195.147,95.147,0.2,11.86,0.17,27.0,0.21,162.69,0.22,97.68,0.79,155.69,0.78,91.81,0.8,20.0,0.83,27.0,0.01,0.01,2326.592133,1776224194000
1776224195.37,95.37,0.14,10.0,0.13,51.0,0.15,10.0,0.16,15.0,0.82,80.5,0.81,15.0,0.86,20.0,0.87,51.0,0.01,0.04,2326.592133,1776224194000
1776224195.585,95.585,0.14,10.64,0.13,69.0,0.15,60.37,0.16,32.5,0.85,70.0,0.84,25.5,0.86,10.64,0.87,51.0,0.01,0.01,2326.592133,1776224194000
1776224196.161,96.161,0.14,24.0,0.13,5.0,0.15,66.87,0.16,54.5,0.85,60.37,0.84,32.5,0.86,10.64,0.87,69.0,0.01,0.01,2326.592133,1776224194000
1776224196.55,96.55,0.14,24.0,0.13,5.0,0.15,66.87,0.16,54.5,0.85,66.87,0.84,54.5,0.86,24.0,0.87,5.0,0.01,0.01,2326.488894,1776224195000
1776224196.864,96.864,0.14,29.21,0.13,5.0,0.15,70.5,0.16,54.5,0.85,66.87,0.84,54.5,0.86,24.0,0.87,5.0,0.01,0.01,2326.488894,1776224195000
1776224197.16,97.16,0.14,28.04,0.13,5.0,0.15,70.5,0.16,54.5,0.85,70.5,0.84,54.5,0.86,28.04,0.87,5.0,0.01,0.01,2326.10565,1776224196000
1776224198.302,98.302,0.14,28.04,0.13,5.0,0.15,70.5,0.16,54.5,0.85,70.5,0.84,54.5,0.86,28.04,0.87,5.0,0.01,0.01,2325.980837,1776224197000
1776224199.322,99.322,0.14,28.04,0.13,5.0,0.15,70.5,0.16,54.5,0.85,70.5,0.84,54.5,0.86,28.04,0.87,5.0,0.01,0.01,2325.884165,1776224198000
1776224200.585,100.585,0.14,28.04,0.13,5.0,0.15,70.5,0.16,54.5,0.85,70.5,0.84,54.5,0.86,28.04,0.87,5.0,0.01,0.01,2325.87144,1776224199000
1776224201.165,101.165,0.14,28.04,0.13,5.0,0.15,70.5,0.16,54.5,0.85,70.5,0.84,54.5,0.86,28.04,0.87,5.0,0.01,0.01,2325.836815,1776224200000
1776224201.592,101.592,0.11,42.0,0.1,94.0,0.12,18.91,0.13,150.5,0.85,70.5,0.84,54.5,0.86,28.04,0.87,5.0,0.01,0.01,2325.836815,1776224200000
1776224202.159,102.159,0.11,14.86,0.1,99.0,0.12,145.91,0.13,95.5,0.88,18.91,0.87,150.5,0.89,42.0,0.9,94.0,0.01,0.01,2325.836815,1776224200000
1776224202.461,102.461,0.1,106.36,0.09,98.0,0.11,10.0,0.12,151.41,0.88,145.91,0.87,95.5,0.89,14.86,0.9,99.0,0.01,0.01,2325.8913,1776224201000
1776224202.935,102.935,0.1,106.36,0.09,98.0,0.11,10.0,0.12,151.41,0.89,10.0,0.88,151.41,0.9,106.36,0.91,98.0,0.01,0.01,2325.900565,1776224202000
1776224203.883,103.883,0.08,80.0,0.07,127.3,0.09,40.0,0.1,223.0,0.89,10.0,0.88,151.41,0.9,106.36,0.91,98.0,0.01,0.01,2325.900565,1776224202000
1776224204.222,104.222,0.08,137.51,0.07,127.3,0.09,167.13,0.1,228.0,0.91,60.0,0.9,223.0,0.92,65.99,0.93,127.3,0.01,0.01,2325.739816,1776224203000
1776224205.314,105.314,0.08,137.51,0.07,127.3,0.09,167.13,0.1,228.0,0.91,167.13,0.9,228.0,0.92,137.51,0.93,127.3,0.01,0.01,2325.691234,1776224204000
1776224206.237,106.237,0.08,123.82,0.07,127.3,0.09,187.13,0.1,238.0,0.91,167.13,0.9,228.0,0.92,137.51,0.93,127.3,0.01,0.01,2325.691234,1776224204000
1776224206.456,106.456,0.08,123.82,0.07,127.3,0.09,187.13,0.1,238.0,0.91,187.13,0.9,238.0,0.92,123.82,0.93,127.3,0.01,0.01,2325.644433,1776224205000
1776224207.013,107.013,0.08,123.82,0.07,127.3,0.09,187.13,0.1,238.0,0.91,187.13,0.9,238.0,0.92,123.82,0.93,127.3,0.01,0.01,2325.544599,1776224206000
1776224208.211,108.211,0.08,123.82,0.07,127.3,0.09,187.13,0.1,238.0,0.91,187.13,0.9,238.0,0.92,123.82,0.93,127.3,0.01,0.01,2325.532502,1776224207000
1776224209.163,109.163,0.08,123.82,0.07,127.3,0.09,187.13,0.1,238.0,0.91,187.13,0.9,238.0,0.92,123.82,0.93,127.3,0.01,0.01,2325.653785,1776224208000
1776224209.9,109.9,0.08,98.83,0.07,116.3,0.09,217.0,0.1,218.5,0.91,187.13,0.9,238.0,0.92,123.82,0.93,127.3,0.01,0.01,2325.653785,1776224208000
1776224210.308,110.308,0.08,98.83,0.07,116.3,0.09,217.0,0.1,218.5,0.91,217.0,0.9,218.5,0.92,98.83,0.93,116.3,0.01,0.01,2325.55669,1776224209000
1776224211.238,111.238,0.08,98.83,0.07,116.3,0.09,217.0,0.1,218.5,0.91,217.0,0.9,218.5,0.92,98.83,0.93,116.3,0.01,0.01,2325.549495,1776224210000
1776224211.913,111.913,0.08,63.62,0.07,127.3,0.09,126.38,0.1,218.5,0.91,217.0,0.9,218.5,0.92,98.83,0.93,116.3,0.01,0.01,2325.549495,1776224210000
1776224212.286,112.286,0.08,63.62,0.07,127.3,0.09,126.38,0.1,218.5,0.91,126.38,0.9,218.5,0.92,63.62,0.93,127.3,0.01,0.01,2325.523152,1776224211000
1776224212.827,112.827,0.08,52.75,0.07,72.0,0.09,60.0,0.1,108.5,0.91,126.38,0.9,218.5,0.92,63.62,0.93,127.3,0.01,0.01,2325.523152,1776224211000
1776224213.236,113.236,0.08,52.75,0.07,72.0,0.09,60.0,0.1,108.5,0.91,60.0,0.9,108.5,0.92,52.75,0.93,72.0,0.01,0.01,2325.467971,1776224212000
1776224214.125,114.125,0.08,26.56,0.07,72.0,0.09,75.5,0.1,108.5,0.91,60.0,0.9,108.5,0.92,52.75,0.93,72.0,0.01,0.01,2325.467971,1776224212000
1776224214.331,114.331,0.08,26.56,0.07,72.0,0.09,75.5,0.1,108.5,0.91,75.5,0.9,108.5,0.92,26.56,0.93,72.0,0.01,0.01,2325.452095,1776224213000
1776224215.314,115.314,0.08,26.56,0.07,72.0,0.09,75.5,0.1,108.5,0.91,75.5,0.9,108.5,0.92,26.56,0.93,72.0,0.01,0.01,2325.452623,1776224214000
1776224216.374,116.374,0.08,26.56,0.07,72.0,0.09,75.5,0.1,108.5,0.91,75.5,0.9,108.5,0.92,26.56,0.93,72.0,0.01,0.01,2325.452987,1776224215000
1776224216.843,116.843,0.08,26.56,0.07,72.0,0.09,75.5,0.1,108.5,0.91,75.5,0.9,108.5,0.92,26.56,0.93,72.0,0.01,0.01,2325.427835,1776224216000
1776224217.923,117.923,0.08,26.56,0.07,72.0,0.09,75.5,0.1,108.5,0.91,75.5,0.9,108.5,0.92,26.56,0.93,72.0,0.01,0.01,2325.211452,1776224217000
1776224219.052,119.052,0.08,26.56,0.07,72.0,0.09,75.5,0.1,108.5,0.91,75.5,0.9,108.5,0.92,26.56,0.93,72.0,0.01,0.01,2325.062935,1776224218000
1776224220.021,120.021,0.08,26.56,0.07,72.0,0.09,75.5,0.1,108.5,0.91,75.5,0.9,108.5,0.92,26.56,0.93,72.0,0.01,0.01,2325.192189,1776224219000
1776224221.512,121.512,0.05,13.94,0.04,227.3,0.06,102.0,0.07,112.5,0.91,75.5,0.9,108.5,0.92,26.56,0.93,72.0,0.01,0.01,2325.192189,1776224219000
1776224221.734,121.734,0.05,13.94,0.04,227.3,0.06,102.0,0.07,112.5,0.94,102.0,0.93,112.5,0.95,13.94,0.96,227.3,0.01,0.01,2325.055529,1776224220000
1776224222.112,122.112,0.04,32.5,0.03,306.0,0.05,13.58,0.06,313.1,0.94,158.5,0.93,143.5,0.95,1.42,0.96,32.5,0.01,0.01,2325.055529,1776224220000
1776224222.403,122.403,0.04,32.5,0.03,306.0,0.05,13.58,0.06,313.1,0.95,13.58,0.94,313.1,0.96,32.5,0.97,306.0,0.01,0.01,2325.053384,1776224221000
1776224223.365,123.365,0.04,12.5,0.03,306.0,0.05,286.27,0.06,222.69,0.95,13.58,0.94,313.1,0.96,32.5,0.97,306.0,0.01,0.01,2325.053384,1776224221000
1776224223.639,123.639,0.04,12.5,0.03,306.0,0.05,286.27,0.06,222.69,0.95,286.27,0.94,222.69,0.96,12.5,0.97,306.0,0.01,0.01,2325.205623,1776224222000
1776224224.221,124.221,0.03,306.0,0.02,578.7,0.05,584.99,0.06,145.3,0.95,435.87,0.94,252.69,0.96,4.11,0.97,306.0,0.02,0.01,2325.205623,1776224222000
1776224224.427,124.427,0.03,267.0,0.02,578.7,0.04,353.99,0.05,374.0,0.96,353.99,0.95,374.0,0.97,267.0,0.98,578.7,0.01,0.01,2324.559267,1776224223000
1776224225.153,125.153,0.03,225.85,0.02,578.7,0.04,452.6,0.05,554.0,0.96,457.6,0.95,354.0,0.97,228.0,0.98,578.7,0.01,0.01,2324.559267,1776224223000
1776224225.545,125.545,0.03,225.85,0.02,578.7,0.04,301.35,0.05,559.0,0.96,327.6,0.95,554.0,0.97,225.85,0.98,578.7,0.01,0.01,2324.30132,1776224224000
1776224225.99,125.99,0.03,214.14,0.02,395.0,0.04,301.35,0.05,261.0,0.96,296.35,0.95,559.0,0.97,214.85,0.98,395.0,0.01,0.01,2324.30132,1776224224000
1776224226.473,126.473,0.03,214.14,0.02,395.0,0.04,301.35,0.05,261.0,0.96,301.35,0.95,261.0,0.97,214.14,0.98,395.0,0.01,0.01,2323.91975,1776224225000
1776224226.81,126.81,0.03,189.14,0.02,395.0,0.04,368.35,0.05,447.42,0.96,301.35,0.95,261.0,0.97,214.14,0.98,395.0,0.01,0.01,2323.91975,1776224225000
1776224227.034,127.034,0.03,178.83,0.02,395.0,0.04,369.36,0.05,447.42,0.96,368.35,0.95,447.42,0.97,189.14,0.98,395.0,0.01,0.01,2323.91975,1776224225000
1776224227.345,127.345,0.03,178.83,0.02,395.0,0.04,369.36,0.05,447.42,0.96,369.36,0.95,447.42,0.97,178.83,0.98,395.0,0.01,0.01,2323.841753,1776224226000
1776224227.609,127.609,0.03,132.83,0.02,395.0,0.04,381.36,0.05,1147.42,0.96,369.36,0.95,447.42,0.97,178.83,0.98,395.0,0.01,0.01,2323.841753,1776224226000
1776224227.982,127.982,0.03,130.94,0.02,395.0,0.04,386.36,0.05,1147.42,0.96,381.36,0.95,1147.42,0.97,132.83,0.98,395.0,0.01,0.01,2323.841753,1776224226000
1776224228.358,128.358,0.03,75.94,0.02,395.0,0.04,386.36,0.05,947.42,0.96,386.36,0.95,1147.42,0.97,130.94,0.98,395.0,0.01,0.01,2323.841753,1776224226000
1776224229.413,129.413,0.03,75.94,0.02,395.0,0.04,386.36,0.05,947.42,0.96,386.36,0.95,947.42,0.97,75.94,0.98,395.0,0.01,0.01,2323.769388,1776224228000
1776224229.978,129.978,0.03,0.94,0.02,295.0,0.04,473.35,0.05,272.42,0.96,473.35,0.95,272.42,0.97,0.94,0.98,295.0,0.01,0.01,2323.825287,1776224229000
1776224230.412,130.412,0.02,269.59,0.01,2666.08,0.03,520.69,0.04,279.75,0.97,270.99,0.96,284.75,0.98,290.0,0.99,2679.08,0.01,0.01,2323.825287,1776224229000
1776224230.75,130.75,0.02,269.59,0.01,2629.08,0.03,496.0,0.04,387.36,0.97,520.69,0.96,279.75,0.98,269.59,0.99,2666.08,0.01,0.01,2323.825287,1776224229000
1776224231.361,131.361,0.02,239.54,0.01,2629.08,0.03,603.39,0.04,387.36,0.97,603.39,0.96,387.36,0.98,239.54,0.99,2629.08,0.01,0.01,2323.73539,1776224230000
1776224232.0,132.0,0.02,239.54,0.01,2629.08,0.03,603.39,0.04,387.36,0.97,603.39,0.96,387.36,0.98,239.54,0.99,2629.08,0.01,0.01,2323.661294,1776224231000
1776224233.278,133.278,0.02,239.54,0.01,2629.08,0.03,603.39,0.04,387.36,0.97,603.39,0.96,387.36,0.98,239.54,0.99,2629.08,0.01,0.01,2323.208949,1776224232000
1776224233.675,133.675,0.02,342.81,0.01,2685.08,0.03,20.0,0.04,329.35,0.97,603.39,0.96,387.36,0.98,239.54,0.99,2629.08,0.01,0.01,2323.208949,1776224232000
1776224234.605,134.605,0.02,342.81,0.01,2685.08,0.03,20.0,0.04,329.35,0.97,20.0,0.96,329.35,0.98,342.81,0.99,2685.08,0.01,0.01,2323.224942,1776224233000
1776224234.851,134.851,0.02,372.81,0.01,2759.08,0.03,10.89,0.04,280.35,0.97,20.0,0.96,329.35,0.98,342.81,0.99,2685.08,0.01,0.01,2323.224942,1776224233000
1776224235.179,135.179,0.02,372.81,0.01,2759.08,0.03,10.89,0.04,280.35,0.97,10.89,0.96,280.35,0.98,372.81,0.99,2759.08,0.01,0.01,2323.480374,1776224234000
1776224236.571,136.571,0.02,372.81,0.01,2759.08,0.03,10.89,0.04,280.35,0.97,10.89,0.96,280.35,0.98,372.81,0.99,2759.08,0.01,0.01,2323.640107,1776224235000
1776224237.161,137.161,0.02,372.81,0.01,2759.08,0.03,10.89,0.04,280.35,0.97,10.89,0.96,280.35,0.98,372.81,0.99,2759.08,0.01,0.01,2323.697665,1776224236000
1776224238.07,138.07,0.02,372.81,0.01,2759.08,0.03,10.89,0.04,280.35,0.97,10.89,0.96,280.35,0.98,372.81,0.99,2759.08,0.01,0.01,2323.697665,1776224237000
1776224239.927,139.927,0.02,372.81,0.01,2759.08,0.03,10.89,0.04,280.35,0.97,10.89,0.96,280.35,0.98,372.81,0.99,2759.08,0.01,0.01,2323.691921,1776224238000
1776224240.749,140.749,0.02,372.81,0.01,2759.08,0.03,10.89,0.04,280.35,0.97,10.89,0.96,280.35,0.98,372.81,0.99,2759.08,0.01,0.01,2323.592064,1776224239000
1776224241.341,141.341,0.02,329.43,0.01,3340.08,0.03,231.43,0.04,368.85,0.97,10.89,0.96,280.35,0.98,372.81,0.99,2759.08,0.01,0.01,2323.592064,1776224239000
1776224241.642,141.642,0.02,329.43,0.01,3340.08,0.03,231.43,0.04,368.85,0.97,231.43,0.96,368.85,0.98,329.43,0.99,3340.08,0.01,0.01,2323.610282,1776224240000
1776224242.188,142.188,0.02,329.43,0.01,3340.08,0.03,231.43,0.04,368.85,0.97,231.43,0.96,368.85,0.98,329.43,0.99,3340.08,0.01,0.01,2323.657413,1776224241000
1776224243.828,143.828,0.02,329.43,0.01,3340.08,0.03,231.43,0.04,368.85,0.97,231.43,0.96,368.85,0.98,329.43,0.99,3340.08,0.01,0.01,2323.748504,1776224242000
1776224244.447,144.447,0.02,329.43,0.01,3340.08,0.03,231.43,0.04,368.85,0.97,231.43,0.96,368.85,0.98,329.43,0.99,3340.08,0.01,0.01,2323.806054,1776224243000
1776224245.014,145.014,0.02,272.93,0.01,3346.08,0.03,236.43,0.04,341.85,0.97,231.43,0.96,368.85,0.98,329.43,0.99,3340.08,0.01,0.01,2323.806054,1776224243000
1776224246.298,146.298,0.02,272.93,0.01,3346.08,0.03,236.43,0.04,341.85,0.97,236.43,0.96,341.85,0.98,272.93,0.99,3346.08,0.01,0.01,2323.864057,1776224245000
1776224246.997,146.997,0.02,272.93,0.01,3346.08,0.03,236.43,0.04,341.85,0.97,236.43,0.96,341.85,0.98,272.93,0.99,3346.08,0.01,0.01,2323.885998,1776224246000
1776224248.3,148.3,0.02,272.93,0.01,3346.08,0.03,236.43,0.04,341.85,0.97,236.43,0.96,341.85,0.98,272.93,0.99,3346.08,0.01,0.01,2323.895882,1776224247000
1776224249.045,149.045,0.02,272.93,0.01,3346.08,0.03,236.43,0.04,341.85,0.97,236.43,0.96,341.85,0.98,272.93,0.99,3346.08,0.01,0.01,2323.9015,1776224248000
1776224250.387,150.387,0.02,272.93,0.01,3346.08,0.03,236.43,0.04,341.85,0.97,236.43,0.96,341.85,0.98,272.93,0.99,3346.08,0.01,0.01,2323.974784,1776224249000
1776224250.998,150.998,0.02,272.93,0.01,3346.08,0.03,236.43,0.04,341.85,0.97,236.43,0.96,341.85,0.98,272.93,0.99,3346.08,0.01,0.01,2324.060424,1776224250000
1776224251.222,151.222,0.02,266.84,0.01,2793.08,0.03,241.43,0.04,347.86,0.97,241.43,0.96,347.86,0.98,271.9,0.99,2793.08,0.01,0.01,2324.060424,1776224250000
1776224252.032,152.032,0.02,361.04,0.01,2693.08,0.03,102.73,0.04,156.76,0.97,241.43,0.96,347.86,0.98,266.84,0.99,2793.08,0.01,0.01,2324.060424,1776224250000
1776224252.409,152.409,0.02,361.04,0.01,2693.08,0.03,102.73,0.04,156.76,0.97,102.73,0.96,156.76,0.98,361.04,0.99,2693.08,0.01,0.01,2324.060395,1776224251000
1776224253.044,153.044,0.02,361.04,0.01,2693.08,0.03,102.73,0.04,156.76,0.97,102.73,0.96,156.76,0.98,361.04,0.99,2693.08,0.01,0.01,2324.009114,1776224252000
1776224253.247,153.247,0.02,408.98,0.01,3540.08,0.03,189.26,0.04,28.0,0.97,102.73,0.96,156.76,0.98,361.04,0.99,2693.08,0.01,0.01,2324.009114,1776224252000
1776224254.471,154.471,0.02,408.98,0.01,3540.08,0.03,189.26,0.04,28.0,0.97,189.26,0.96,28.0,0.98,408.98,0.99,3540.08,0.01,0.01,2324.193468,1776224253000
1776224255.175,155.175,0.02,408.98,0.01,3540.08,0.03,189.26,0.04,28.0,0.97,189.26,0.96,28.0,0.98,408.98,0.99,3540.08,0.01,0.01,2324.324189,1776224254000
1776224256.453,156.453,0.02,408.98,0.01,3540.08,0.03,189.26,0.04,28.0,0.97,189.26,0.96,28.0,0.98,408.98,0.99,3540.08,0.01,0.01,2324.478248,1776224255000
1776224257.317,157.317,0.02,408.98,0.01,3540.08,0.03,189.26,0.04,28.0,0.97,189.26,0.96,28.0,0.98,408.98,0.99,3540.08,0.01,0.01,2324.653,1776224256000
1776224257.937,157.937,0.02,408.98,0.01,3540.08,0.03,189.26,0.04,28.0,0.97,189.26,0.96,28.0,0.98,408.98,0.99,3540.08,0.01,0.01,2324.593465,1776224257000
1776224258.689,158.689,0.02,622.48,0.01,2940.08,0.03,229.26,0.04,20.5,0.97,189.26,0.96,28.0,0.98,408.98,0.99,3540.08,0.01,0.01,2324.593465,1776224257000
1776224259.106,159.106,0.02,625.43,0.01,2940.08,0.03,234.26,0.04,20.5,0.97,234.26,0.96,20.5,0.98,625.43,0.99,2940.08,0.01,0.01,2324.593465,1776224258000
1776224259.838,159.838,0.02,615.43,0.01,3340.08,0.03,195.91,0.04,20.5,0.97,234.26,0.96,20.5,0.98,625.43,0.99,2940.08,0.01,0.01,2324.593465,1776224258000
1776224260.16,160.16,0.02,615.43,0.01,3340.08,0.03,195.91,0.04,20.5,0.97,195.91,0.96,20.5,0.98,615.43,0.99,3340.08,0.01,0.01,2324.643,1776224259000
1776224260.436,160.436,0.02,621.43,0.01,3340.08,0.03,195.91,0.04,30.5,0.97,195.91,0.96,20.5,0.98,615.43,0.99,3340.08,0.01,0.01,2324.643,1776224259000
1776224261.262,161.262,0.02,621.43,0.01,3340.08,0.03,195.91,0.04,30.5,0.97,195.91,0.96,30.5,0.98,621.43,0.99,3340.08,0.01,0.01,2324.57883,1776224260000
1776224262.471,162.471,0.02,616.43,0.01,3340.08,0.03,129.24,0.04,30.5,0.97,129.24,0.96,30.5,0.98,616.43,0.99,3340.08,0.01,0.01,2324.632374,1776224261000
1776224262.999,162.999,0.02,616.43,0.01,3340.08,0.03,129.24,0.04,30.5,0.97,129.24,0.96,30.5,0.98,616.43,0.99,3340.08,0.01,0.01,2324.670982,1776224262000
1776224264.052,164.052,0.02,616.43,0.01,3340.08,0.03,129.24,0.04,30.5,0.97,129.24,0.96,30.5,0.98,616.43,0.99,3340.08,0.01,0.01,2324.633868,1776224263000
1776224265.144,165.144,0.02,616.43,0.01,3340.08,0.03,129.24,0.04,30.5,0.97,129.24,0.96,30.5,0.98,616.43,0.99,3340.08,0.01,0.01,2324.621545,1776224264000
1776224266.22,166.22,0.02,616.43,0.01,3340.08,0.03,129.24,0.04,30.5,0.97,129.24,0.96,30.5,0.98,616.43,0.99,3340.08,0.01,0.01,2324.62226,1776224265000
1776224267.424,167.424,0.02,616.43,0.01,3340.08,0.03,129.24,0.04,30.5,0.97,129.24,0.96,30.5,0.98,616.43,0.99,3340.08,0.01,0.01,2324.61542,1776224266000
1776224268.001,168.001,0.02,616.43,0.01,3340.08,0.03,129.24,0.04,30.5,0.97,129.24,0.96,30.5,0.98,616.43,0.99,3340.08,0.01,0.01,2324.61501,1776224267000
1776224269.032,169.032,0.02,296.43,0.01,3640.08,0.03,84.24,0.04,124.2,0.97,84.24,0.96,124.2,0.98,296.43,0.99,3640.08,0.01,0.01,2324.61128,1776224268000
1776224270.119,170.119,0.02,296.43,0.01,3640.08,0.03,84.24,0.04,124.2,0.97,84.24,0.96,124.2,0.98,296.43,0.99,3640.08,0.01,0.01,2324.611415,1776224269000
1776224271.919,171.919,0.02,296.43,0.01,3640.08,0.03,84.24,0.04,124.2,0.97,84.24,0.96,124.2,0.98,296.43,0.99,3640.08,0.01,0.01,2324.604201,1776224270000
1776224272.916,172.916,0.02,296.43,0.01,3640.08,0.03,84.24,0.04,124.2,0.97,84.24,0.96,124.2,0.98,296.43,0.99,3640.08,0.01,0.01,2324.647489,1776224271000
1776224273.592,173.592,0.02,296.43,0.01,3640.08,0.03,84.24,0.04,124.2,0.97,84.24,0.96,124.2,0.98,296.43,0.99,3640.08,0.01,0.01,2324.642012,1776224272000
1776224274.391,174.391,0.02,296.43,0.01,3640.08,0.03,84.24,0.04,124.2,0.97,84.24,0.96,124.2,0.98,296.43,0.99,3640.08,0.01,0.01,2324.590955,1776224273000
1776224275.003,175.003,0.02,296.43,0.01,3640.08,0.03,84.24,0.04,124.2,0.97,84.24,0.96,124.2,0.98,296.43,0.99,3640.08,0.01,0.01,2324.598703,1776224274000
1776224276.513,176.513,0.02,296.43,0.01,3640.08,0.03,84.24,0.04,124.2,0.97,84.24,0.96,124.2,0.98,296.43,0.99,3640.08,0.01,0.01,2324.618953,1776224275000
1776224277.227,177.227,0.02,296.43,0.01,3640.08,0.03,84.24,0.04,124.2,0.97,84.24,0.96,124.2,0.98,296.43,0.99,3640.08,0.01,0.01,2324.626235,1776224276000
1776224278.662,178.662,0.02,296.43,0.01,3640.08,0.03,84.24,0.04,124.2,0.97,84.24,0.96,124.2,0.98,296.43,0.99,3640.08,0.01,0.01,2324.68537,1776224277000
1776224279.267,179.267,0.02,84.7,0.01,2740.08,0.03,64.24,0.04,291.19,0.97,64.24,0.96,291.19,0.98,84.7,0.99,2740.08,0.01,0.01,2324.679688,1776224278000
1776224279.995,179.995,0.02,84.7,0.01,2740.08,0.03,64.24,0.04,291.19,0.97,64.24,0.96,291.19,0.98,84.7,0.99,2740.08,0.01,0.01,2324.679795,1776224279000
1776224280.417,180.417,0.02,85.59,0.01,3540.08,0.03,172.94,0.04,291.19,0.97,64.24,0.96,291.19,0.98,84.7,0.99,2740.08,0.01,0.01,2324.679795,1776224279000
1776224280.646,180.646,0.02,218.54,0.01,2850.08,0.03,44.24,0.04,5.0,0.97,44.24,0.96,5.0,0.98,218.54,0.99,2850.08,0.01,0.01,2324.679795,1776224279000
1776224280.852,180.852,0.02,402.15,0.01,2645.08,0.05,205.03,0.06,163.29,0.97,34.24,0.96,15.5,0.98,402.15,0.99,2645.08,0.03,0.01,2324.679795,1776224279000
1776224281.404,181.404,0.02,402.15,0.01,2645.08,0.05,205.03,0.06,163.29,0.95,205.03,0.94,163.29,0.98,402.15,0.99,2645.08,0.03,0.03,2324.711246,1776224280000
1776224281.641,181.641,0.04,131.87,0.03,135.0,0.05,240.53,0.06,173.29,0.95,235.53,0.94,173.29,0.96,133.95,0.97,135.0,0.01,0.01,2324.711246,1776224280000
1776224282.037,182.037,0.04,131.87,0.03,135.0,0.05,240.53,0.06,173.29,0.95,240.53,0.94,173.29,0.96,131.87,0.97,135.0,0.01,0.01,2324.737684,1776224281000
1776224282.352,182.352,0.03,10.0,0.02,339.7,0.05,340.53,0.06,434.85,0.95,240.53,0.94,334.85,0.96,123.31,0.97,135.0,0.02,0.01,2324.737684,1776224281000
1776224283.355,183.355,0.03,10.0,0.02,339.7,0.05,340.53,0.06,434.85,0.95,340.53,0.94,434.85,0.97,10.0,0.98,339.7,0.02,0.02,2325.024321,1776224282000
1776224283.867,183.867,0.03,10.0,0.02,402.39,0.04,162.55,0.05,162.54,0.96,167.55,0.95,162.54,0.98,402.39,0.99,3387.08,0.01,0.02,2325.024321,1776224282000
1776224285.364,185.364,0.03,7.93,0.02,402.39,0.04,364.86,0.05,167.54,0.96,162.55,0.95,162.54,0.97,10.0,0.98,402.39,0.01,0.01,2325.058158,1776224283000
1776224286.312,186.312,0.03,7.93,0.02,402.39,0.04,364.86,0.05,167.54,0.96,364.86,0.95,167.54,0.97,7.93,0.98,402.39,0.01,0.01,2325.121835,1776224285000
1776224286.791,186.791,0.03,7.93,0.02,402.39,0.04,203.7,0.05,317.53,0.96,364.86,0.95,167.54,0.97,7.93,0.98,402.39,0.01,0.01,2325.121835,1776224285000
1776224286.998,186.998,0.03,29.93,0.02,702.39,0.04,195.09,0.05,162.54,0.96,203.7,0.95,317.53,0.97,7.93,0.98,402.39,0.01,0.01,2325.121835,1776224285000
1776224287.709,187.709,0.03,29.93,0.02,702.39,0.04,195.09,0.05,162.54,0.96,195.09,0.95,162.54,0.97,29.93,0.98,702.39,0.01,0.01,2325.121605,1776224286000
1776224288.378,188.378,0.03,94.86,0.02,702.39,0.04,100.09,0.05,130.5,0.96,195.09,0.95,162.54,0.97,29.93,0.98,702.39,0.01,0.01,2325.121605,1776224286000
1776224289.079,189.079,0.03,94.86,0.02,702.39,0.04,100.09,0.05,130.5,0.96,100.09,0.95,130.5,0.97,94.86,0.98,702.39,0.01,0.01,2325.212225,1776224288000
1776224289.981,189.981,0.03,94.86,0.02,702.39,0.04,100.09,0.05,130.5,0.96,100.09,0.95,130.5,0.97,94.86,0.98,702.39,0.01,0.01,2325.332073,1776224289000
1776224290.954,190.954,0.03,94.86,0.02,702.39,0.04,100.09,0.05,130.5,0.96,100.09,0.95,130.5,0.97,94.86,0.98,702.39,0.01,0.01,2325.27384,1776224290000
1776224292.065,192.065,0.03,94.86,0.02,702.39,0.04,100.09,0.05,130.5,0.96,100.09,0.95,130.5,0.97,94.86,0.98,702.39,0.01,0.01,2325.282435,1776224291000
1776224293.074,193.074,0.03,94.86,0.02,702.39,0.04,100.09,0.05,130.5,0.96,100.09,0.95,130.5,0.97,94.86,0.98,702.39,0.01,0.01,2325.284565,1776224292000
1776224294.021,194.021,0.03,94.86,0.02,702.39,0.04,100.09,0.05,130.5,0.96,100.09,0.95,130.5,0.97,94.86,0.98,702.39,0.01,0.01,2325.282955,1776224293000
1776224294.503,194.503,0.02,4.69,0.01,2119.6,0.03,312.2,0.04,446.68,0.96,100.09,0.95,130.5,0.97,94.86,0.98,702.39,0.01,0.01,2325.282955,1776224293000
1776224295.105,195.105,0.02,4.69,0.01,2119.6,0.03,312.2,0.04,446.68,0.97,312.2,0.96,446.68,0.98,4.69,0.99,2119.6,0.01,0.01,2325.272255,1776224294000
1776224295.444,195.444,0.02,8.07,0.01,2319.6,0.03,238.7,0.04,334.29,0.97,312.2,0.96,446.68,0.98,4.69,0.99,2119.6,0.01,0.01,2325.272255,1776224294000
1776224296.24,196.24,0.02,8.07,0.01,2319.6,0.03,238.7,0.04,334.29,0.97,238.7,0.96,334.29,0.98,8.07,0.99,2319.6,0.01,0.01,2325.09765,1776224295000
1776224297.172,197.172,0.02,8.07,0.01,2319.6,0.03,238.7,0.04,334.29,0.97,238.7,0.96,334.29,0.98,8.07,0.99,2319.6,0.01,0.01,2324.804703,1776224296000
1776224298.224,198.224,0.02,8.07,0.01,2319.6,0.03,238.7,0.04,334.29,0.97,238.7,0.96,334.29,0.98,8.07,0.99,2319.6,0.01,0.01,2324.883045,1776224297000
1776224299.209,199.209,0.02,8.07,0.01,2319.6,0.03,238.7,0.04,334.29,0.97,238.7,0.96,334.29,0.98,8.07,0.99,2319.6,0.01,0.01,2324.923023,1776224298000
1776224300.252,200.252,0.02,8.07,0.01,2319.6,0.03,238.7,0.04,334.29,0.97,238.7,0.96,334.29,0.98,8.07,0.99,2319.6,0.01,0.01,2324.923826,1776224299000
1776224300.967,200.967,0.02,94.14,0.01,3275.6,0.03,156.53,0.04,324.29,0.97,238.7,0.96,334.29,0.98,8.07,0.99,2319.6,0.01,0.01,2324.923826,1776224299000
1776224301.272,201.272,0.02,94.14,0.01,3275.6,0.03,156.53,0.04,324.29,0.97,156.53,0.96,324.29,0.98,94.14,0.99,3275.6,0.01,0.01,2324.885465,1776224300000
1776224302.244,202.244,0.02,94.14,0.01,3275.6,0.03,156.53,0.04,324.29,0.97,156.53,0.96,324.29,0.98,94.14,0.99,3275.6,0.01,0.01,2324.88687,1776224301000
1776224302.968,202.968,0.02,312.84,0.01,2470.6,0.03,86.53,0.04,196.51,0.97,156.53,0.96,324.29,0.98,94.14,0.99,3275.6,0.01,0.01,2324.88687,1776224301000
1776224303.239,203.239,0.02,312.84,0.01,2470.6,0.03,86.53,0.04,196.51,0.97,86.53,0.96,196.51,0.98,312.84,0.99,2470.6,0.01,0.01,2325.14481,1776224302000
1776224303.841,203.841,0.02,312.84,0.01,2470.6,0.03,86.53,0.04,196.51,0.97,86.53,0.96,196.51,0.98,312.84,0.99,2470.6,0.01,0.01,2325.213118,1776224303000
1776224304.609,204.609,0.02,314.84,0.01,2570.6,0.03,66.53,0.04,102.31,0.97,86.53,0.96,196.51,0.98,312.84,0.99,2470.6,0.01,0.01,2325.213118,1776224303000
1776224305.09,205.09,0.02,314.84,0.01,2570.6,0.03,66.53,0.04,102.31,0.97,66.53,0.96,102.31,0.98,314.84,0.99,2570.6,0.01,0.01,2325.29437,1776224304000
1776224306.226,206.226,0.02,305.34,0.01,2970.6,0.03,61.53,0.04,112.81,0.97,61.53,0.96,112.81,0.98,305.34,0.99,2970.6,0.01,0.01,2325.304469,1776224305000
1776224307.256,207.256,0.02,241.67,0.01,2865.6,0.03,81.53,0.04,147.81,0.97,81.53,0.96,147.81,0.98,241.67,0.99,2865.6,0.01,0.01,2325.437064,1776224306000
1776224307.909,207.909,0.02,241.67,0.01,2865.6,0.03,81.53,0.04,147.81,0.97,81.53,0.96,147.81,0.98,241.67,0.99,2865.6,0.01,0.01,2325.26841,1776224307000
1776224308.967,208.967,0.02,241.67,0.01,2865.6,0.03,81.53,0.04,147.81,0.97,81.53,0.96,147.81,0.98,241.67,0.99,2865.6,0.01,0.01,2325.321734,1776224308000
1776224310.468,210.468,0.02,200.56,0.01,2365.6,0.03,81.53,0.04,236.51,0.97,81.53,0.96,236.51,0.98,200.56,0.99,2365.6,0.01,0.01,2325.252191,1776224309000
1776224310.99,210.99,0.01,1899.49,,,0.03,149.03,0.04,241.51,0.97,81.53,0.96,236.51,0.98,200.56,0.99,2365.6,0.02,0.01,2325.252191,1776224309000
1776224311.227,211.227,0.01,2129.49,,,0.02,25.0,0.03,298.63,0.97,149.03,0.96,241.51,0.99,1899.49,,,0.01,0.02,2325.305276,1776224310000
1776224311.971,211.971,0.01,1678.45,,,0.02,223.7,0.03,225.73,0.98,73.0,0.97,272.73,0.99,2047.05,,,0.01,0.01,2325.305276,1776224310000
1776224312.268,212.268,0.01,1662.45,,,0.02,228.7,0.03,225.73,0.98,228.7,0.97,225.73,0.99,1667.45,,,0.01,0.01,2325.262385,1776224311000
1776224312.947,212.947,0.01,1662.45,,,0.02,228.7,0.03,225.73,0.98,228.7,0.97,225.73,0.99,1662.45,,,0.01,0.01,2325.192092,1776224312000
1776224313.739,213.739,0.01,1946.33,,,0.02,238.7,0.03,247.12,0.98,233.7,0.97,247.12,0.99,1979.33,,,0.01,0.01,2325.192092,1776224312000
1776224314.182,214.182,0.01,1946.33,,,0.02,238.7,0.03,247.12,0.98,238.7,0.97,247.12,0.99,1946.33,,,0.01,0.01,2324.913865,1776224313000
1776224315.511,215.511,0.01,1946.33,,,0.02,238.7,0.03,247.12,0.98,238.7,0.97,247.12,0.99,1946.33,,,0.01,0.01,2324.83043,1776224314000
1776224315.972,215.972,0.01,1938.29,,,0.02,241.7,0.03,284.73,0.98,238.7,0.97,247.12,0.99,1946.33,,,0.01,0.01,2324.83043,1776224314000
1776224316.245,216.245,0.01,1922.07,,,0.02,241.7,0.03,289.73,0.98,241.7,0.97,284.73,0.99,1937.27,,,0.01,0.01,2324.865334,1776224315000
1776224316.715,216.715,0.01,1906.96,,,0.02,241.7,0.03,289.73,0.98,241.7,0.97,289.73,0.99,1922.07,,,0.01,0.01,2324.865334,1776224315000
1776224317.352,217.352,0.01,1906.96,,,0.02,241.7,0.03,289.73,0.98,241.7,0.97,289.73,0.99,1906.96,,,0.01,0.01,2324.782996,1776224316000
1776224317.682,217.682,0.01,1897.96,,,0.02,236.7,0.03,387.12,0.98,241.7,0.97,289.73,0.99,1906.96,,,0.01,0.01,2324.782996,1776224316000
1776224317.967,217.967,0.01,1897.96,,,0.02,236.7,0.03,387.12,0.98,236.7,0.97,387.12,0.99,1897.96,,,0.01,0.01,2324.748425,1776224317000
1776224318.326,218.326,0.01,1677.44,,,0.02,241.7,0.03,392.12,0.98,236.7,0.97,387.12,0.99,1897.96,,,0.01,0.01,2324.748425,1776224317000
1776224319.203,219.203,0.01,1677.44,,,0.02,241.7,0.03,392.12,0.98,241.7,0.97,392.12,0.99,1677.44,,,0.01,0.01,2324.738245,1776224318000
1776224320.58,220.58,0.01,1657.44,,,0.02,379.48,0.03,392.12,0.98,379.48,0.97,392.12,0.99,1657.44,,,0.01,0.01,2324.76239,1776224319000
1776224321.232,221.232,0.01,1657.44,,,0.02,379.48,0.03,392.12,0.98,379.48,0.97,392.12,0.99,1657.44,,,0.01,0.01,2324.728565,1776224320000
1776224322.519,222.519,0.01,1657.44,,,0.02,379.48,0.03,392.12,0.98,379.48,0.97,392.12,0.99,1657.44,,,0.01,0.01,2324.723835,1776224321000
1776224322.83,222.83,,,,,0.01,1772.56,0.02,580.47,0.98,379.48,0.97,392.12,0.99,1657.44,,,,0.01,2324.723835,1776224321000
1776224323.146,223.146,,,,,0.01,1772.56,0.02,580.47,0.99,1772.56,0.98,580.47,,,,,,,2324.725313,1776224322000
1776224324.394,224.394,,,,,0.01,1772.56,0.02,580.47,0.99,1772.56,0.98,580.47,,,,,,,2324.71306,1776224323000
1776224325.13,225.13,,,,,0.01,1772.56,0.02,580.47,0.99,1772.56,0.98,580.47,,,,,,,2324.655031,1776224324000
1776224326.245,226.245,,,,,0.01,1772.56,0.02,580.47,0.99,1772.56,0.98,580.47,,,,,,,2324.57866,1776224325000
1776224327.422,227.422,,,,,0.01,1772.56,0.02,580.47,0.99,1772.56,0.98,580.47,,,,,,,2324.649187,1776224326000
1776224328.109,228.109,,,,,0.01,1772.56,0.02,580.47,0.99,1772.56,0.98,580.47,,,,,,,2324.61237,1776224327000
1776224329.248,229.248,,,,,0.01,1772.56,0.02,580.47,0.99,1772.56,0.98,580.47,,,,,,,2324.570882,1776224328000
1776224330.455,230.455,,,,,0.01,1772.56,0.02,580.47,0.99,1772.56,0.98,580.47,,,,,,,2324.571843,1776224329000
1776224330.677,230.677,,,,,0.01,2202.65,0.02,460.69,0.99,2202.65,0.98,460.69,,,,,,,2324.571843,1776224329000
1776224330.975,230.975,,,,,0.01,2202.65,0.02,460.69,0.99,2202.65,0.98,460.69,,,,,,,2324.56966,1776224330000
1776224332.269,232.269,,,,,0.01,2202.65,0.02,460.69,0.99,2202.65,0.98,460.69,,,,,,,2324.619103,1776224331000
1776224333.33,233.33,,,,,0.01,2202.65,0.02,460.69,0.99,2202.65,0.98,460.69,,,,,,,2324.618345,1776224332000
1776224333.967,233.967,,,,,0.01,2202.65,0.02,460.69,0.99,2202.65,0.98,460.69,,,,,,,2324.618345,1776224333000
1776224335.203,235.203,,,,,0.01,2202.65,0.02,460.69,0.99,2202.65,0.98,460.69,,,,,,,2324.776518,1776224334000
1776224336.691,236.691,,,,,0.01,2202.65,0.02,460.69,0.99,2202.65,0.98,460.69,,,,,,,2324.780175,1776224335000
1776224337.321,237.321,,,,,0.01,2202.65,0.02,460.69,0.99,2202.65,0.98,460.69,,,,,,,2324.650125,1776224336000
1776224338.204,238.204,,,,,0.01,2202.65,0.02,460.69,0.99,2202.65,0.98,460.69,,,,,,,2324.64112,1776224337000
1776224339.456,239.456,,,,,0.01,2202.65,0.02,460.69,0.99,2202.65,0.98,460.69,,,,,,,2324.64919,1776224338000
1776224340.131,240.131,,,,,0.01,2202.65,0.02,460.69,0.99,2202.65,0.98,460.69,,,,,,,2324.62013,1776224339000
1776224341.273,241.273,,,,,0.01,2202.65,0.02,460.69,0.99,2202.65,0.98,460.69,,,,,,,2324.650757,1776224340000
1776224342.584,242.584,,,,,0.01,2202.65,0.02,460.69,0.99,2202.65,0.98,460.69,,,,,,,2324.648135,1776224341000
1776224343.235,243.235,,,,,0.01,2202.65,0.02,460.69,0.99,2202.65,0.98,460.69,,,,,,,2324.627205,1776224342000
1776224343.926,243.926,,,,,0.01,2202.65,0.02,460.69,0.99,2202.65,0.98,460.69,,,,,,,2324.607555,1776224343000
1776224345.336,245.336,,,,,0.01,2202.65,0.02,460.69,0.99,2202.65,0.98,460.69,,,,,,,2324.5877,1776224344000
1776224346.79,246.79,,,,,0.01,2202.65,0.02,460.69,0.99,2202.65,0.98,460.69,,,,,,,2324.439325,1776224345000
1776224347.352,247.352,,,,,0.01,2202.65,0.02,460.69,0.99,2202.65,0.98,460.69,,,,,,,2324.434548,1776224346000
1776224348.127,248.127,,,,,0.01,2202.65,0.02,460.69,0.99,2202.65,0.98,460.69,,,,,,,2324.41946,1776224347000
1776224349.401,249.401,,,,,0.01,3400.21,0.02,513.69,0.99,2202.65,0.98,460.69,,,,,,,2324.41946,1776224347000
1776224350.689,250.689,,,,,0.01,3400.21,0.02,513.69,0.99,3400.21,0.98,513.69,,,,,,,2324.505262,1776224349000
1776224351.21,251.21,,,,,0.01,3400.21,0.02,513.69,0.99,3400.21,0.98,513.69,,,,,,,2324.504061,1776224350000
1776224353.042,253.042,,,,,0.01,3400.21,0.02,513.69,0.99,3400.21,0.98,513.69,,,,,,,2324.586175,1776224351000
1776224353.554,253.554,,,,,0.01,3400.21,0.02,513.69,0.99,3400.21,0.98,513.69,,,,,,,2324.61109,1776224352000
1776224354.127,254.127,,,,,0.01,3400.21,0.02,513.69,0.99,3400.21,0.98,513.69,,,,,,,2324.706725,1776224353000
1776224355.234,255.234,,,,,0.01,3400.21,0.02,513.69,0.99,3400.21,0.98,513.69,,,,,,,2324.724875,1776224354000
1776224356.386,256.386,,,,,0.01,3400.21,0.02,513.69,0.99,3400.21,0.98,513.69,,,,,,,2324.72497,1776224355000
1776224356.895,256.895,,,,,0.01,3400.21,0.02,513.69,0.99,3400.21,0.98,513.69,,,,,,,2324.724235,1776224356000
1776224357.937,257.937,,,,,0.01,3400.21,0.02,513.69,0.99,3400.21,0.98,513.69,,,,,,,2324.73115,1776224357000
1776224359.086,259.086,,,,,0.01,3400.21,0.02,513.69,0.99,3400.21,0.98,513.69,,,,,,,2324.72781,1776224358000
1776224360.254,260.254,,,,,0.01,3400.21,0.02,513.69,0.99,3400.21,0.98,513.69,,,,,,,2324.73278,1776224359000
1776224361.34,261.34,,,,,0.01,3400.21,0.02,513.69,0.99,3400.21,0.98,513.69,,,,,,,2324.71671,1776224360000
1776224361.908,261.908,,,,,0.01,3400.21,0.02,513.69,0.99,3400.21,0.98,513.69,,,,,,,2324.828961,1776224361000
1776224363.053,263.053,,,,,0.01,3400.21,0.02,513.69,0.99,3400.21,0.98,513.69,,,,,,,2325.206507,1776224362000
1776224364.197,264.197,,,,,0.01,3400.21,0.02,513.69,0.99,3400.21,0.98,513.69,,,,,,,2325.25769,1776224363000
1776224365.408,265.408,,,,,0.01,3400.21,0.02,513.69,0.99,3400.21,0.98,513.69,,,,,,,2325.279405,1776224364000
1776224365.871,265.871,,,,,0.01,3400.21,0.02,513.69,0.99,3400.21,0.98,513.69,,,,,,,2325.39456,1776224365000
1776224367.528,267.528,,,,,0.01,3400.21,0.02,513.69,0.99,3400.21,0.98,513.69,,,,,,,2325.541928,1776224366000
1776224368.036,268.036,,,,,0.01,3400.21,0.02,513.69,0.99,3400.21,0.98,513.69,,,,,,,2325.54005,1776224367000
1776224369.171,269.171,,,,,0.01,3400.21,0.02,513.69,0.99,3400.21,0.98,513.69,,,,,,,2325.36769,1776224368000
1776224370.478,270.478,,,,,0.01,3400.21,0.02,513.69,0.99,3400.21,0.98,513.69,,,,,,,2325.389608,1776224369000
1776224371.054,271.054,,,,,0.01,3400.21,0.02,513.69,0.99,3400.21,0.98,513.69,,,,,,,2325.38032,1776224370000
1776224372.229,272.229,,,,,0.01,3400.21,0.02,513.69,0.99,3400.21,0.98,513.69,,,,,,,2325.38551,1776224371000
1776224373.369,273.369,,,,,0.01,3400.21,0.02,513.69,0.99,3400.21,0.98,513.69,,,,,,,2325.375015,1776224372000
1776224373.93,273.93,,,,,0.01,3400.21,0.02,513.69,0.99,3400.21,0.98,513.69,,,,,,,2325.248985,1776224373000
1776224375.129,275.129,,,,,0.01,3400.21,0.02,513.69,0.99,3400.21,0.98,513.69,,,,,,,2325.13793,1776224374000
1776224376.427,276.427,,,,,0.01,3400.21,0.02,513.69,0.99,3400.21,0.98,513.69,,,,,,,2325.16442,1776224375000
1776224377.056,277.056,,,,,0.01,3400.21,0.02,513.69,0.99,3400.21,0.98,513.69,,,,,,,2325.15912,1776224376000
1776224379.365,279.365,,,,,0.01,3400.21,0.02,513.69,0.99,3400.21,0.98,513.69,,,,,,,2325.17743,1776224378000
1776224379.941,279.941,,,,,0.01,3400.21,0.02,513.69,0.99,3400.21,0.98,513.69,,,,,,,2325.17743,1776224379000
1776224381.033,281.033,,,,,0.01,3400.21,0.02,513.69,0.99,3400.21,0.98,513.69,,,,,,,2325.14863,1776224380000
1776224382.327,282.327,,,,,0.01,3400.21,0.02,513.69,0.99,3400.21,0.98,513.69,,,,,,,2325.08109,1776224381000
1776224382.9,282.9,,,,,0.01,3400.21,0.02,513.69,0.99,3400.21,0.98,513.69,,,,,,,2325.083225,1776224382000
1776224384.51,284.51,,,,,0.01,3400.21,0.02,513.69,0.99,3400.21,0.98,513.69,,,,,,,2325.08771,1776224383000
1776224385.083,285.083,,,,,0.01,3400.21,0.02,513.69,0.99,3400.21,0.98,513.69,,,,,,,2325.09865,1776224384000
1776224386.27,286.27,,,,,0.01,3400.21,0.02,513.69,0.99,3400.21,0.98,513.69,,,,,,,2325.226743,1776224385000
1776224388.215,288.215,,,,,0.01,3400.21,0.02,513.69,0.99,3400.21,0.98,513.69,,,,,,,2325.212673,1776224386000
1776224389.181,289.181,,,,,0.01,3400.21,0.02,513.69,0.99,3400.21,0.98,513.69,,,,,,,2325.16763,1776224387000
1776224389.873,289.873,,,,,0.01,3400.21,0.02,513.69,0.99,3400.21,0.98,513.69,,,,,,,2325.230628,1776224388000
1776224390.577,290.577,,,,,0.01,3400.21,0.02,513.69,0.99,3400.21,0.98,513.69,,,,,,,2325.230628,1776224389000
1776224391.099,291.099,,,,,0.01,3400.21,0.02,513.69,0.99,3400.21,0.98,513.69,,,,,,,2325.15275,1776224390000
1776224392.333,292.333,,,,,0.01,3400.21,0.02,513.69,0.99,3400.21,0.98,513.69,,,,,,,2325.163352,1776224391000
1776224393.781,293.781,,,,,0.01,3400.21,0.02,513.69,0.99,3400.21,0.98,513.69,,,,,,,2325.09237,1776224392000
1776224394.499,294.499,,,,,0.01,3400.21,0.02,513.69,0.99,3400.21,0.98,513.69,,,,,,,2325.09348,1776224393000
1776224395.081,295.081,,,,,0.01,3400.21,0.02,513.69,0.99,3400.21,0.98,513.69,,,,,,,2325.14304,1776224394000
1776224396.474,296.474,,,,,0.01,3400.21,0.02,513.69,0.99,3400.21,0.98,513.69,,,,,,,2325.255999,1776224395000
1776224396.729,296.729,0.001,330.0,,,0.009,400.0,0.01,6951.5,0.99,3400.21,0.98,513.69,,,,,0.008,,2325.255999,1776224395000
1776224397.042,297.042,0.001,309.98,,,0.009,424.0,0.01,6968.5,0.991,424.0,0.99,6968.5,0.999,309.98,,,0.008,0.008,2325.261405,1776224396000
1776224397.296,297.296,0.001,313.47,,,0.009,424.0,0.01,7023.5,0.991,424.0,0.99,6968.5,0.999,309.98,,,0.008,0.008,2325.261405,1776224396000
1776224397.575,297.575,0.001,303.47,,,0.009,424.0,0.01,7533.55,0.991,424.0,0.99,7023.5,0.999,313.47,,,0.008,0.008,2325.261405,1776224396000
1776224397.81,297.81,0.001,287.45,,,0.009,424.0,0.01,8564.55,0.991,424.0,0.99,7538.55,0.999,297.45,,,0.008,0.008,2325.261405,1776224396000
1776224398.388,298.388,0.001,277.45,,,0.009,424.0,0.01,8778.84,0.991,424.0,0.99,8564.55,0.999,287.45,,,0.008,0.008,2325.261405,1776224396000
1776224398.595,298.595,0.001,237.45,,,0.009,424.0,0.01,8773.79,0.991,424.0,0.99,8778.84,0.999,277.45,,,0.008,0.008,2325.281075,1776224397000
1776224398.796,298.796,0.001,37.25,,,0.009,424.0,0.01,12185.99,0.991,424.0,0.99,12185.99,0.999,137.35,,,0.008,0.008,2325.281075,1776224397000
1776224399.073,299.073,,,,,0.001,1092.75,0.009,434.0,0.999,1092.75,0.991,434.0,,,,,,,2325.2802,1776224398000
1776224400.302,300.302,,,,,0.001,1092.75,0.009,434.0,0.999,1092.75,0.991,434.0,,,,,,,2325.25881,1776224399000
1776224401.122,301.122,,,,,0.001,1092.75,0.009,434.0,0.999,1092.75,0.991,434.0,,,,,,,2325.26643,1776224400000
1776224402.253,302.253,,,,,0.001,1092.75,0.009,434.0,0.999,1092.75,0.991,434.0,,,,,,,2325.403945,1776224401000

# RESULT,winner=Down,slug=eth-updown-5m-1776224100,ticks=403
