timestamp,elapsed_sec,up_bid_p1,up_bid_s1,up_bid_p2,up_bid_s2,up_ask_p1,up_ask_s1,up_ask_p2,up_ask_s2,down_bid_p1,down_bid_s1,down_bid_p2,down_bid_s2,down_ask_p1,down_ask_s1,down_ask_p2,down_ask_s2,up_spread,down_spread,eth_price,eth_oracle_ts
1776273000.81,0.81,0.46,8.69,0.4,38.0,0.5,0.28,0.51,105.0,0.51,3.0,0.5,5.0,0.54,8.9,0.6,38.0,0.04,0.03,2345.864365,1776272999000
1776273001.05,1.05,0.46,6.69,0.4,38.0,0.51,105.0,0.6,38.0,0.49,105.0,0.4,38.0,0.54,8.69,0.6,38.0,0.05,0.05,2345.864365,1776272999000
1776273001.473,1.473,0.5,66.0,0.49,13.0,0.51,94.0,0.58,19.0,0.49,105.0,0.4,38.0,0.54,6.69,0.6,38.0,0.01,0.05,2345.902735,1776273000000
1776273001.676,1.676,0.5,71.0,0.49,13.0,0.51,28.0,0.58,19.0,0.49,39.0,0.42,19.0,0.5,66.0,0.51,13.0,0.01,0.01,2345.902735,1776273000000
1776273001.886,1.886,0.5,71.0,0.49,18.0,0.51,8.76,0.57,5.0,0.49,12.0,0.42,19.0,0.5,71.0,0.51,13.0,0.01,0.01,2345.902735,1776273000000
1776273002.499,2.499,0.5,76.0,0.49,18.0,0.51,3.46,0.54,8.0,0.49,5.58,0.42,19.0,0.5,71.0,0.51,18.0,0.01,0.01,2346.09558,1776273001000
1776273003.136,3.136,0.5,76.0,0.49,18.0,0.51,3.46,0.54,8.0,0.49,3.46,0.46,8.0,0.5,76.0,0.51,18.0,0.01,0.01,2346.327315,1776273002000
1776273004.141,4.141,0.5,73.72,0.49,28.0,0.51,3.46,0.54,8.0,0.49,3.46,0.46,8.0,0.5,73.72,0.51,28.0,0.01,0.01,2346.459985,1776273003000
1776273005.243,5.243,0.5,77.48,0.49,44.0,0.51,3.46,0.54,8.0,0.49,3.46,0.46,8.0,0.5,77.48,0.51,44.0,0.01,0.01,2346.519205,1776273004000
1776273005.47,5.47,0.5,71.48,0.49,44.0,0.51,3.46,0.54,8.0,0.49,3.46,0.46,8.0,0.5,77.48,0.51,44.0,0.01,0.01,2346.519205,1776273004000
1776273005.878,5.878,0.5,17.0,0.49,33.0,0.51,8.46,0.52,5.0,0.49,3.46,0.46,8.0,0.5,71.48,0.51,44.0,0.01,0.01,2346.519205,1776273004000
1776273006.143,6.143,0.5,2.0,0.49,33.0,0.51,3.46,0.52,5.0,0.49,3.46,0.48,5.0,0.5,2.0,0.51,33.0,0.01,0.01,2346.46381,1776273005000
1776273006.816,6.816,0.48,2.02,0.47,27.0,0.49,15.0,0.5,25.0,0.49,3.46,0.48,5.0,0.5,2.0,0.51,33.0,0.01,0.01,2346.46381,1776273005000
1776273007.185,7.185,0.47,29.66,0.46,39.69,0.49,26.0,0.5,25.0,0.51,31.0,0.5,25.0,0.52,5.0,0.53,24.92,0.02,0.01,2346.46381,1776273005000
1776273008.481,8.481,0.47,11.08,0.46,39.69,0.49,34.04,0.5,15.0,0.51,24.04,0.5,25.0,0.53,29.66,0.54,39.69,0.02,0.02,2346.46381,1776273005000
1776273008.742,8.742,0.48,5.0,0.47,21.08,0.49,44.04,0.5,15.0,0.51,34.04,0.5,15.0,0.53,11.08,0.54,39.69,0.01,0.02,2346.46381,1776273005000
1776273009.024,9.024,0.47,14.19,0.46,34.69,0.5,4.81,0.51,79.46,0.51,39.04,0.5,15.0,0.53,14.19,0.54,34.69,0.03,0.02,2346.090222,1776273007000
1776273009.35,9.35,0.48,500.0,0.47,14.19,0.51,79.46,0.52,26.0,0.5,4.81,0.49,79.46,0.53,14.19,0.54,34.69,0.03,0.03,2346.090222,1776273007000
1776273009.817,9.817,0.5,520.0,0.49,30.0,0.51,13.46,0.52,5.0,0.49,79.46,0.48,26.0,0.52,500.0,0.53,14.19,0.01,0.03,2345.945884,1776273008000
1776273010.135,10.135,0.5,632.0,0.49,25.0,0.51,13.46,0.53,10.0,0.49,13.46,0.48,5.0,0.5,520.0,0.51,30.0,0.01,0.01,2345.945884,1776273008000
1776273010.441,10.441,0.52,10.0,0.51,10.0,0.53,5.78,0.54,8.0,0.49,10.52,0.47,10.0,0.5,648.0,0.51,36.0,0.01,0.01,2345.945884,1776273008000
1776273010.795,10.795,0.53,480.85,0.52,15.0,0.54,8.52,0.56,25.0,0.46,3.52,0.44,25.0,0.47,10.0,0.48,15.0,0.01,0.01,2345.853662,1776273009000
1776273011.008,11.008,0.56,10.0,0.55,10.0,0.59,10.0,0.6,10.0,0.39,60.0,0.38,10.0,0.47,485.85,0.48,15.0,0.03,0.08,2345.853512,1776273010000
1776273011.468,11.468,0.56,15.0,0.55,137.0,0.57,33.24,0.58,10.0,0.41,2.0,0.4,10.0,0.43,10.0,0.44,10.0,0.01,0.02,2345.853512,1776273010000
1776273011.967,11.967,0.56,515.5,0.55,142.0,0.57,30.68,0.58,10.0,0.43,33.24,0.42,10.0,0.44,15.0,0.45,137.0,0.01,0.01,2346.112857,1776273011000
1776273013.172,13.172,0.55,5.49,0.54,20.5,0.57,243.68,0.58,490.0,0.43,30.68,0.42,10.0,0.44,515.5,0.45,142.0,0.02,0.01,2346.112857,1776273011000
1776273013.409,13.409,0.54,10.0,0.53,10.5,0.56,278.22,0.57,96.68,0.44,278.22,0.43,131.68,0.45,1.22,0.46,10.0,0.02,0.01,2346.412502,1776273012000
1776273014.268,14.268,0.53,26.5,0.52,633.5,0.54,61.0,0.55,58.5,0.44,278.22,0.43,96.68,0.46,10.0,0.47,10.5,0.01,0.02,2346.412502,1776273012000
1776273015.67,15.67,0.53,505.5,0.52,162.5,0.54,78.5,0.55,52.5,0.46,61.0,0.45,58.5,0.47,26.5,0.48,633.5,0.01,0.01,2346.191905,1776273014000
1776273017.283,17.283,0.52,24.5,0.51,10.0,0.54,140.0,0.55,170.5,0.46,78.5,0.45,52.5,0.47,505.5,0.48,162.5,0.02,0.01,2346.120256,1776273015000
1776273017.918,17.918,0.52,15.5,0.51,20.0,0.53,114.0,0.54,80.5,0.46,140.0,0.45,170.5,0.48,24.5,0.49,10.0,0.01,0.02,2346.14178,1776273016000
1776273019.33,19.33,0.49,535.5,0.48,25.5,0.5,51.11,0.51,118.0,0.47,114.0,0.46,80.5,0.48,15.5,0.49,20.0,0.01,0.01,2346.153285,1776273018000
1776273020.706,20.706,0.49,2.0,0.47,10.0,0.5,701.11,0.51,152.5,0.5,51.11,0.49,118.0,0.51,535.5,0.52,25.5,0.01,0.01,2345.992429,1776273019000
1776273020.965,20.965,0.46,5.8,0.45,110.0,0.47,85.5,0.48,142.0,0.53,20.0,0.52,510.0,0.54,11.57,0.55,110.0,0.01,0.01,2345.992429,1776273019000
1776273022.044,22.044,0.44,25.0,0.43,30.0,0.45,735.86,0.46,126.5,0.53,100.5,0.52,142.0,0.55,110.0,0.56,25.0,0.01,0.02,2345.812807,1776273020000
1776273022.564,22.564,0.4,9.66,0.39,100.0,0.42,11.04,0.43,536.5,0.55,735.86,0.54,126.5,0.56,25.0,0.57,30.0,0.02,0.01,2345.793006,1776273021000
1776273022.784,22.784,0.39,105.0,0.38,117.0,0.41,96.5,0.42,26.0,0.59,56.0,0.58,10.0,0.6,4.17,0.61,100.0,0.02,0.01,2345.793006,1776273021000
1776273023.674,23.674,0.39,0.9,0.38,132.5,0.4,551.0,0.41,262.5,0.59,96.5,0.58,26.0,0.61,105.0,0.62,117.0,0.01,0.02,2345.545362,1776273022000
1776273023.923,23.923,0.38,5.78,0.37,7.0,0.39,15.0,0.4,178.0,0.6,551.0,0.59,262.5,0.61,0.9,0.62,132.5,0.01,0.01,2345.545362,1776273022000
1776273024.503,24.503,0.37,17.42,0.36,160.89,0.38,15.0,0.39,132.0,0.61,15.0,0.6,178.0,0.62,5.78,0.63,7.0,0.01,0.01,2345.114536,1776273023000
1776273025.371,25.371,0.36,176.35,0.35,36.0,0.37,20.0,0.38,556.0,0.62,15.0,0.61,132.0,0.63,15.83,0.64,160.89,0.01,0.01,2344.768412,1776273024000
1776273027.668,27.668,0.36,20.85,0.35,160.5,0.37,591.0,0.38,257.03,0.63,15.0,0.62,561.0,0.64,181.35,0.65,41.0,0.01,0.01,2344.742596,1776273026000
1776273028.132,28.132,0.36,5.85,0.35,43.5,0.37,591.0,0.38,252.03,0.63,591.0,0.62,257.03,0.64,20.85,0.65,160.5,0.01,0.01,2344.645257,1776273027000
1776273028.984,28.984,0.36,700.5,0.35,74.01,0.38,29.03,0.39,10.0,0.63,591.0,0.62,252.03,0.64,5.85,0.65,43.5,0.02,0.01,2344.645257,1776273027000
1776273029.207,29.207,0.37,702.5,0.36,78.5,0.38,5.81,0.39,20.0,0.62,10.81,0.61,10.0,0.63,546.5,0.64,200.5,0.01,0.01,2344.700806,1776273028000
1776273029.481,29.481,0.38,85.5,0.37,658.75,0.39,7.0,0.4,21.0,0.61,10.0,0.6,21.0,0.63,691.75,0.64,78.5,0.01,0.02,2344.700806,1776273028000
1776273030.419,30.419,0.39,680.5,0.38,80.5,0.4,36.0,0.41,60.0,0.61,7.0,0.6,21.0,0.62,85.5,0.63,658.75,0.01,0.01,2344.644886,1776273029000
1776273031.04,31.04,0.39,680.5,0.38,65.5,0.4,33.5,0.41,70.5,0.6,36.0,0.59,60.0,0.61,680.5,0.62,80.5,0.01,0.01,2344.644886,1776273029000
1776273032.016,32.016,0.39,656.5,0.38,65.5,0.4,88.29,0.41,90.5,0.6,33.5,0.59,70.5,0.61,680.5,0.62,65.5,0.01,0.01,2345.037411,1776273030000
1776273032.673,32.673,0.39,656.5,0.38,65.5,0.4,77.43,0.41,90.5,0.6,88.29,0.59,90.5,0.61,656.5,0.62,65.5,0.01,0.01,2345.08036,1776273031000
1776273032.93,32.93,0.39,661.5,0.38,65.5,0.4,74.93,0.41,60.0,0.6,77.43,0.59,90.5,0.61,656.5,0.62,65.5,0.01,0.01,2345.08036,1776273031000
1776273033.618,33.618,0.39,544.5,0.38,182.5,0.4,12.43,0.41,218.0,0.6,72.43,0.59,90.5,0.61,661.5,0.62,65.5,0.01,0.01,2345.08036,1776273031000
1776273034.556,34.556,0.39,52.83,0.38,60.0,0.4,36.45,0.41,293.82,0.6,12.43,0.59,218.0,0.61,544.5,0.62,182.5,0.01,0.01,2345.071176,1776273033000
1776273034.856,34.856,0.39,41.83,0.38,70.0,0.4,157.65,0.41,682.32,0.6,30.65,0.59,293.82,0.61,52.83,0.62,60.0,0.01,0.01,2345.071176,1776273033000
1776273035.287,35.287,0.39,25.83,0.38,75.0,0.4,230.31,0.41,611.5,0.6,151.85,0.59,682.32,0.61,25.83,0.62,75.0,0.01,0.01,2345.071176,1776273033000
1776273036.206,36.206,0.37,14.0,0.36,5.0,0.39,527.5,0.4,201.81,0.6,230.31,0.59,611.5,0.61,8.36,0.62,59.0,0.02,0.01,2345.088451,1776273034000
1776273036.409,36.409,0.35,22.5,0.34,30.0,0.38,91.0,0.39,686.0,0.61,527.5,0.6,201.81,0.63,14.0,0.64,5.0,0.03,0.02,2345.030591,1776273035000
1776273037.088,37.088,0.35,27.5,0.34,10.0,0.36,34.54,0.37,15.0,0.64,11.37,0.63,15.0,0.65,27.5,0.66,30.0,0.01,0.01,2344.96094,1776273036000
1776273037.436,37.436,0.35,6.55,0.34,20.5,0.36,156.54,0.37,505.5,0.64,34.54,0.63,15.0,0.65,22.05,0.66,10.0,0.01,0.01,2344.96094,1776273036000
1776273037.663,37.663,0.34,17.05,0.33,157.0,0.36,59.54,0.37,622.5,0.64,156.54,0.63,505.5,0.65,6.55,0.66,20.5,0.02,0.01,2344.96094,1776273036000
1776273039.445,39.445,0.3,8.42,0.29,647.5,0.31,25.0,0.32,20.0,0.65,20.0,0.64,166.54,0.66,15.58,0.67,162.0,0.01,0.01,2344.877622,1776273038000
1776273039.682,39.682,0.29,647.5,0.28,69.51,0.3,24.58,0.31,50.0,0.69,25.0,0.68,20.0,0.7,8.42,0.71,647.5,0.01,0.01,2344.877622,1776273038000
1776273040.207,40.207,0.29,806.01,0.28,121.51,0.33,10.0,0.36,103.12,0.7,24.58,0.69,50.0,0.71,647.5,0.72,69.51,0.04,0.01,2344.877622,1776273038000
1776273040.679,40.679,0.35,254.54,0.34,87.5,0.38,10.0,0.39,21.0,0.64,38.12,0.63,20.5,0.65,8.53,0.66,45.5,0.03,0.01,2344.586345,1776273039000
1776273041.589,41.589,0.4,44.0,0.39,70.86,0.41,10.0,0.42,35.0,0.62,10.0,0.61,21.0,0.63,18.75,0.64,20.5,0.01,0.01,2344.418488,1776273040000
1776273041.82,41.82,0.41,507.02,0.4,179.0,0.42,35.0,0.43,40.0,0.58,35.0,0.57,45.0,0.6,41.5,0.61,70.86,0.01,0.02,2344.418488,1776273040000
1776273042.113,42.113,0.42,490.0,0.41,162.0,0.43,11.0,0.44,87.5,0.58,35.0,0.57,40.0,0.59,507.02,0.6,179.0,0.01,0.01,2344.418488,1776273040000
1776273042.349,42.349,0.42,495.0,0.41,54.51,0.43,10.5,0.44,225.0,0.57,11.0,0.56,87.5,0.58,490.0,0.59,162.0,0.01,0.01,2344.520436,1776273041000
1776273043.161,43.161,0.43,805.51,0.42,115.89,0.45,9.36,0.46,45.0,0.57,10.5,0.56,225.0,0.58,495.0,0.59,54.51,0.02,0.01,2344.520436,1776273041000
1776273043.916,43.916,0.47,515.54,0.46,45.0,0.49,209.5,0.5,62.24,0.52,45.74,0.51,50.0,0.56,126.5,0.57,733.5,0.02,0.04,2344.905325,1776273042000
1776273044.295,44.295,0.48,11.0,0.47,590.54,0.49,207.5,0.5,121.24,0.51,209.5,0.5,62.24,0.53,515.54,0.54,45.0,0.01,0.02,2345.36303,1776273043000
1776273044.535,44.535,0.47,100.0,0.46,105.0,0.48,28.52,0.49,244.24,0.51,207.5,0.5,121.24,0.52,11.0,0.53,579.54,0.01,0.01,2345.36303,1776273043000
1776273044.747,44.747,0.47,89.02,0.46,110.0,0.48,44.52,0.49,729.24,0.52,28.52,0.51,244.24,0.53,100.0,0.54,105.0,0.01,0.01,2345.36303,1776273043000
1776273044.996,44.996,0.46,10.0,0.45,505.0,0.47,54.37,0.48,60.26,0.52,44.52,0.51,729.24,0.53,89.02,0.54,110.0,0.01,0.01,2345.36303,1776273043000
1776273045.227,45.227,0.44,25.0,0.43,60.0,0.45,23.27,0.46,77.44,0.53,54.37,0.52,60.26,0.54,10.0,0.55,505.0,0.01,0.01,2345.752613,1776273044000
1776273045.775,45.775,0.38,16.9,0.37,100.0,0.4,156.0,0.41,200.5,0.55,23.27,0.54,77.44,0.56,25.0,0.57,60.0,0.02,0.01,2345.752613,1776273044000
1776273046.069,46.069,0.38,8.84,0.37,50.0,0.39,199.39,0.4,161.5,0.61,139.69,0.6,136.5,0.62,8.84,0.63,50.0,0.01,0.01,2345.752613,1776273044000
1776273047.531,47.531,0.37,8.41,0.35,35.0,0.38,278.5,0.39,703.49,0.61,199.39,0.6,161.5,0.62,8.84,0.63,50.0,0.01,0.01,2345.764174,1776273046000
1776273048.517,48.517,0.35,15.0,0.34,124.0,0.36,16.69,0.37,596.18,0.62,278.5,0.61,703.49,0.65,35.0,0.66,124.0,0.01,0.03,2344.740104,1776273047000
1776273048.824,48.824,0.35,27.52,0.34,612.0,0.37,10.0,0.38,25.5,0.64,2.3,0.63,10.0,0.65,4.52,0.66,627.0,0.02,0.01,2344.740104,1776273047000
1776273049.106,49.106,0.36,21.43,0.35,136.52,0.37,10.0,0.38,31.5,0.63,10.0,0.62,25.5,0.65,27.52,0.66,612.0,0.01,0.02,2344.62431,1776273048000
1776273049.458,49.458,0.36,671.61,0.35,55.02,0.38,66.47,0.39,41.89,0.63,29.3,0.62,83.53,0.64,13.61,0.65,136.52,0.02,0.01,2344.62431,1776273048000
1776273049.663,49.663,0.37,670.0,0.36,96.61,0.38,88.47,0.39,49.89,0.62,66.47,0.61,41.89,0.64,671.61,0.65,55.02,0.01,0.02,2344.62431,1776273048000
1776273049.967,49.967,0.37,659.0,0.36,76.0,0.38,81.97,0.39,36.89,0.62,88.47,0.61,49.89,0.63,670.0,0.64,96.61,0.01,0.01,2344.62431,1776273048000
1776273050.492,50.492,0.37,652.0,0.36,71.0,0.38,77.47,0.39,47.89,0.62,92.97,0.61,47.89,0.63,653.0,0.64,76.0,0.01,0.01,2344.609699,1776273049000
1776273051.033,51.033,0.37,645.07,0.36,76.0,0.38,82.47,0.39,47.89,0.62,77.47,0.61,47.89,0.63,652.0,0.64,71.0,0.01,0.01,2344.609699,1776273049000
1776273051.42,51.42,0.37,635.3,0.36,76.0,0.38,67.03,0.39,36.89,0.62,82.47,0.61,47.89,0.63,645.07,0.64,76.0,0.01,0.01,2344.609699,1776273049000
1776273051.802,51.802,0.37,640.3,0.36,76.0,0.38,59.13,0.39,36.89,0.62,67.03,0.61,36.89,0.63,635.3,0.64,76.0,0.01,0.01,2344.844728,1776273050000
1776273052.491,52.491,0.38,718.5,0.37,74.5,0.39,33.7,0.41,10.0,0.62,59.13,0.61,36.89,0.63,640.3,0.64,76.0,0.01,0.01,2344.880975,1776273051000
1776273054.479,54.479,0.42,552.44,0.41,108.0,0.43,15.0,0.44,137.5,0.59,20.0,0.58,30.0,0.62,723.5,0.63,69.5,0.01,0.03,2345.047575,1776273053000
1776273060.598,60.598,0.42,41.34,0.41,77.0,0.43,44.87,0.44,183.5,0.57,3.37,0.56,137.5,0.58,552.44,0.59,108.0,0.01,0.01,2345.330105,1776273059000
1776273065.558,65.558,0.35,22.46,0.34,142.0,0.36,576.5,0.37,184.5,0.57,44.87,0.56,183.5,0.58,41.34,0.59,77.0,0.01,0.01,2344.749834,1776273064000
1776273066.171,66.171,0.35,27.46,0.34,142.0,0.36,557.3,0.37,184.5,0.64,683.9,0.63,67.5,0.65,27.46,0.66,142.0,0.01,0.01,2344.749834,1776273064000
1776273067.654,67.654,0.3,50.0,0.29,50.0,0.35,70.5,0.36,358.3,0.64,550.3,0.63,184.5,0.65,27.46,0.66,142.0,0.05,0.01,2344.608276,1776273066000
1776273068.211,68.211,0.28,70.0,0.27,33.0,0.29,31.5,0.3,25.5,0.69,16.0,0.68,7.35,0.72,175.0,0.73,108.0,0.01,0.03,2344.608276,1776273066000
1776273069.214,69.214,0.28,119.05,0.27,172.0,0.29,552.0,0.3,55.5,0.71,31.5,0.7,25.5,0.72,70.0,0.73,33.0,0.01,0.01,2344.636173,1776273068000
1776273069.781,69.781,0.28,104.05,0.27,172.0,0.29,556.25,0.3,214.33,0.71,552.0,0.7,55.5,0.72,119.05,0.73,172.0,0.01,0.01,2344.636173,1776273068000
1776273070.819,70.819,0.28,99.05,0.27,172.0,0.29,191.42,0.3,214.33,0.71,561.25,0.7,214.33,0.72,94.05,0.73,172.0,0.01,0.01,2344.183946,1776273069000
1776273071.411,71.411,0.28,98.35,0.27,177.0,0.29,114.43,0.3,161.5,0.71,494.92,0.7,214.33,0.72,98.35,0.73,55.0,0.01,0.01,2344.0751,1776273070000
1776273072.107,72.107,0.28,101.96,0.27,177.0,0.29,114.43,0.3,161.5,0.71,114.43,0.7,161.5,0.72,98.35,0.73,177.0,0.01,0.01,2344.0751,1776273070000
1776273072.38,72.38,0.28,84.96,0.27,165.5,0.29,10.72,0.3,146.0,0.71,114.43,0.7,161.5,0.72,101.96,0.73,177.0,0.01,0.01,2344.0752,1776273071000
1776273073.101,73.101,0.28,89.96,0.27,162.5,0.29,35.23,0.3,509.0,0.71,10.72,0.7,146.0,0.72,84.96,0.73,165.5,0.01,0.01,2344.0752,1776273071000
1776273073.707,73.707,0.28,84.96,0.27,56.5,0.3,434.55,0.31,35.5,0.71,35.23,0.7,509.0,0.72,89.96,0.73,162.5,0.02,0.01,2344.094318,1776273072000
1776273074.142,74.142,0.29,72.77,0.28,50.96,0.3,464.05,0.31,49.5,0.7,434.55,0.69,35.5,0.72,84.96,0.73,56.5,0.01,0.02,2344.086783,1776273073000
1776273074.67,74.67,0.28,45.0,0.27,41.0,0.3,606.55,0.31,59.5,0.7,464.05,0.69,49.5,0.71,67.06,0.72,50.96,0.02,0.01,2344.086783,1776273073000
1776273075.145,75.145,0.26,35.0,0.25,32.0,0.27,160.5,0.28,185.5,0.7,606.55,0.69,59.5,0.72,45.0,0.73,41.0,0.01,0.02,2344.106793,1776273074000
1776273075.384,75.384,0.24,82.0,0.23,25.0,0.25,2.39,0.26,10.0,0.73,160.5,0.72,185.5,0.74,35.0,0.75,32.0,0.01,0.01,2344.106793,1776273074000
1776273075.833,75.833,0.23,6.02,0.22,261.0,0.25,524.89,0.26,31.5,0.75,2.39,0.74,10.0,0.76,82.0,0.77,25.0,0.02,0.01,2344.106793,1776273074000
1776273076.536,76.536,0.21,10.0,0.2,37.5,0.23,24.0,0.24,20.5,0.75,524.89,0.74,31.5,0.78,261.0,0.79,30.0,0.02,0.03,2344.136839,1776273075000
1776273076.757,76.757,0.21,153.0,0.2,42.55,0.23,11.42,0.24,10.0,0.78,0.67,0.77,16.0,0.79,137.0,0.8,37.5,0.02,0.01,2344.136839,1776273075000
1776273076.993,76.993,0.22,12.55,0.21,31.0,0.23,100.92,0.24,505.5,0.77,16.42,0.76,490.0,0.78,14.71,0.79,36.0,0.01,0.01,2344.136839,1776273075000
1776273077.321,77.321,0.2,44.0,0.19,26.5,0.23,697.92,0.24,30.5,0.77,702.92,0.76,30.5,0.78,9.55,0.79,31.0,0.03,0.01,2343.882332,1776273076000
1776273077.602,77.602,0.2,48.55,0.19,143.5,0.21,22.0,0.22,20.0,0.77,697.92,0.76,30.5,0.8,44.0,0.81,26.5,0.01,0.03,2343.882332,1776273076000
1776273077.957,77.957,0.2,26.8,0.19,137.5,0.21,38.0,0.22,516.5,0.79,22.0,0.78,20.0,0.8,48.55,0.81,143.5,0.01,0.01,2343.882332,1776273076000
1776273078.516,78.516,0.2,60.3,0.19,75.5,0.21,28.0,0.22,26.5,0.79,38.0,0.78,516.5,0.8,26.8,0.81,137.5,0.01,0.01,2343.882332,1776273076000
1776273078.834,78.834,0.21,22.0,0.2,53.55,0.22,53.0,0.23,49.92,0.78,10.0,0.77,39.42,0.8,233.3,0.81,565.5,0.01,0.02,2343.549584,1776273077000
1776273079.175,79.175,0.2,61.05,0.19,137.5,0.21,9.3,0.22,175.2,0.78,52.2,0.77,44.42,0.79,20.73,0.8,53.55,0.01,0.01,2343.549584,1776273077000
1776273079.578,79.578,0.2,36.0,0.19,10.0,0.21,180.79,0.22,561.2,0.79,9.3,0.78,175.2,0.8,61.05,0.81,137.5,0.01,0.01,2343.45813,1776273078000
1776273079.909,79.909,0.19,20.0,0.18,15.5,0.2,3.84,0.21,504.83,0.79,171.83,0.78,561.2,0.8,46.0,0.81,10.0,0.01,0.01,2343.45813,1776273078000
1776273080.236,80.236,0.19,18.76,0.18,132.5,0.2,116.14,0.21,512.0,0.8,624.14,0.79,24.83,0.81,20.0,0.82,122.0,0.01,0.01,2343.419444,1776273079000
1776273080.725,80.725,0.19,7.52,0.18,143.5,0.2,116.14,0.21,512.0,0.8,116.14,0.79,512.0,0.81,18.76,0.82,132.5,0.01,0.01,2343.419444,1776273079000
1776273080.958,80.958,0.18,122.0,0.17,66.5,0.2,121.14,0.21,149.0,0.8,111.14,0.79,512.0,0.81,1.9,0.82,143.5,0.02,0.01,2343.419444,1776273079000
1776273082.606,82.606,0.17,15.0,0.16,25.0,0.19,150.84,0.2,116.64,0.82,17.0,0.81,37.0,0.83,55.01,0.84,101.8,0.02,0.01,2343.351164,1776273081000
1776273082.935,82.935,0.15,666.0,0.14,113.88,0.19,5.0,0.2,8.84,0.84,10.0,0.83,15.0,0.85,119.5,0.86,93.4,0.04,0.01,2343.351164,1776273081000
1776273083.14,83.14,0.17,119.85,0.16,25.0,0.18,10.0,0.19,5.0,0.81,5.0,0.8,8.84,0.83,10.0,0.84,15.0,0.01,0.02,2343.351164,1776273082000
1776273083.744,83.744,0.2,7.0,0.19,18.0,0.22,30.0,0.23,15.0,0.82,4.88,0.81,5.0,0.83,134.85,0.84,25.0,0.02,0.01,2343.351164,1776273082000
1776273084.222,84.222,0.2,178.37,0.19,528.0,0.21,5.75,0.22,20.0,0.79,5.75,0.78,30.0,0.8,33.0,0.81,23.0,0.01,0.01,2343.351164,1776273082000
1776273085.282,85.282,0.2,719.37,0.19,81.01,0.21,5.75,0.22,10.0,0.79,5.75,0.78,20.0,0.8,178.37,0.81,528.0,0.01,0.01,2343.365975,1776273084000
1776273085.529,85.529,0.22,112.51,0.21,634.51,0.24,126.98,0.25,152.5,0.79,5.75,0.78,10.0,0.8,719.37,0.81,81.01,0.02,0.01,2343.365975,1776273084000
1776273085.761,85.761,0.22,683.76,0.21,37.51,0.24,122.4,0.25,152.5,0.76,126.98,0.75,152.5,0.78,68.59,0.79,634.51,0.02,0.02,2343.365975,1776273084000
1776273087.527,87.527,0.25,60.2,0.24,161.47,0.26,40.0,0.27,35.0,0.76,122.4,0.75,152.5,0.78,683.76,0.79,37.51,0.01,0.02,2343.598063,1776273085000
1776273089.158,89.158,0.25,517.26,0.24,228.72,0.26,30.0,0.27,35.0,0.74,40.0,0.73,35.0,0.75,60.2,0.76,161.47,0.01,0.01,2343.78902,1776273087000
1776273089.702,89.702,0.25,517.26,0.24,203.72,0.26,15.0,0.27,59.65,0.74,30.0,0.73,35.0,0.75,517.26,0.76,228.72,0.01,0.01,2343.78902,1776273087000
1776273090.527,90.527,0.25,567.45,0.24,92.34,0.26,18.3,0.27,166.65,0.74,15.0,0.73,59.65,0.75,517.26,0.76,203.72,0.01,0.01,2344.0335,1776273088000
1776273090.859,90.859,0.25,572.45,0.24,92.34,0.26,6.7,0.27,161.65,0.74,18.3,0.73,166.65,0.75,567.45,0.76,92.34,0.01,0.01,2344.13512,1776273089000
1776273091.361,91.361,0.25,572.45,0.24,92.34,0.27,166.65,0.28,41.0,0.74,6.7,0.73,161.65,0.75,572.45,0.76,92.34,0.02,0.01,2344.16064,1776273090000
1776273091.677,91.677,0.25,572.45,0.24,92.34,0.26,3.4,0.27,166.65,0.73,166.65,0.72,41.0,0.75,572.45,0.76,92.34,0.01,0.02,2344.16064,1776273090000
1776273092.683,92.683,0.25,570.05,0.24,107.64,0.26,3.4,0.27,161.65,0.74,3.4,0.73,166.65,0.75,572.45,0.76,92.34,0.01,0.01,2344.16064,1776273090000
1776273094.221,94.221,0.26,823.49,0.25,60.0,0.27,18.65,0.28,20.0,0.74,3.4,0.73,161.65,0.75,570.05,0.76,107.64,0.01,0.01,2344.195883,1776273092000
1776273094.791,94.791,0.27,856.49,0.26,224.0,0.31,20.0,0.32,127.0,0.72,20.0,0.71,76.0,0.74,823.49,0.75,60.0,0.04,0.02,2344.195883,1776273093000
1776273095.545,95.545,0.35,495.0,0.34,15.0,0.37,122.0,0.38,25.5,0.69,20.0,0.68,127.0,0.73,856.49,0.74,224.0,0.02,0.04,2344.183085,1776273094000
1776273096.755,96.755,0.37,516.73,0.36,132.0,0.38,47.57,0.39,25.5,0.63,122.0,0.62,25.5,0.65,495.0,0.66,15.0,0.01,0.02,2344.350926,1776273095000
1776273097.37,97.37,0.38,773.52,0.37,30.73,0.39,18.51,0.4,74.76,0.61,25.5,0.6,5.0,0.63,511.73,0.64,15.0,0.01,0.02,2344.350926,1776273095000
1776273097.711,97.711,0.39,590.0,0.38,217.51,0.41,50.0,0.42,15.5,0.6,63.68,0.59,50.0,0.61,702.0,0.62,54.52,0.02,0.01,2344.350926,1776273095000
1776273097.986,97.986,0.41,65.0,0.4,15.0,0.42,24.29,0.43,30.0,0.59,50.0,0.58,15.5,0.61,590.0,0.62,217.51,0.01,0.02,2344.350926,1776273095000
1776273098.751,98.751,0.41,68.06,0.4,505.0,0.42,164.02,0.43,40.0,0.58,24.29,0.57,30.0,0.59,65.0,0.6,15.0,0.01,0.01,2345.016807,1776273097000
1776273099.122,99.122,0.41,48.06,0.4,495.0,0.42,166.63,0.43,530.0,0.58,164.02,0.57,40.0,0.59,68.06,0.6,505.0,0.01,0.01,2345.016807,1776273097000
1776273099.441,99.441,0.41,5.0,0.4,5.0,0.42,733.47,0.43,79.0,0.58,166.63,0.57,530.0,0.59,48.06,0.6,495.0,0.01,0.01,2345.130731,1776273098000
1776273100.704,100.704,0.39,10.0,0.38,25.0,0.4,100.23,0.41,590.01,0.59,30.5,0.58,723.47,0.61,10.0,0.62,15.0,0.01,0.02,2345.362102,1776273099000
1776273103.958,103.958,0.38,2.96,0.35,201.47,0.39,20.5,0.4,712.19,0.6,100.23,0.59,590.01,0.61,10.0,0.62,25.0,0.01,0.01,2345.209407,1776273102000
1776273105.231,105.231,0.39,40.0,0.38,638.0,0.4,10.5,0.41,25.5,0.61,37.5,0.6,115.96,0.63,10.0,0.64,15.0,0.01,0.02,2345.208739,1776273103000
1776273106.426,106.426,0.4,80.0,0.39,60.47,0.41,15.5,0.42,21.9,0.6,10.5,0.59,25.5,0.61,40.0,0.62,638.0,0.01,0.01,2345.165877,1776273105000
1776273106.852,106.852,0.38,52.99,0.37,39.0,0.41,664.5,0.42,21.9,0.58,21.9,0.57,70.0,0.6,45.0,0.61,30.0,0.03,0.02,2345.165877,1776273105000
1776273107.261,107.261,0.38,45.0,0.37,201.47,0.39,3.4,0.4,20.5,0.61,19.8,0.6,31.5,0.62,52.99,0.63,49.0,0.01,0.01,2345.16666,1776273106000
1776273107.775,107.775,0.38,15.0,0.37,15.0,0.39,134.2,0.4,30.5,0.61,3.4,0.6,20.5,0.62,45.0,0.63,201.47,0.01,0.01,2345.16666,1776273106000
1776273107.98,107.98,0.37,25.0,0.36,175.47,0.39,148.58,0.4,30.5,0.61,158.58,0.6,30.5,0.62,15.0,0.63,25.0,0.02,0.01,2345.16666,1776273106000
1776273112.243,112.243,0.43,16.84,0.42,550.0,0.44,20.5,0.45,175.5,0.61,136.98,0.6,30.5,0.62,10.0,0.63,25.0,0.01,0.01,2345.235198,1776273110000
1776273112.788,112.788,0.43,588.74,0.42,78.0,0.44,10.5,0.45,287.5,0.56,10.5,0.55,175.5,0.57,97.84,0.58,545.0,0.01,0.01,2345.235198,1776273110000
1776273114.179,114.179,0.43,617.23,0.42,78.0,0.44,10.5,0.45,287.5,0.56,10.5,0.55,287.5,0.57,588.74,0.58,78.0,0.01,0.01,2345.451968,1776273112000
1776273116.072,116.072,0.43,598.24,0.42,78.0,0.44,10.5,0.45,287.5,0.56,10.5,0.55,287.5,0.57,617.23,0.58,78.0,0.01,0.01,2345.62397,1776273114000
1776273116.404,116.404,0.44,828.49,0.43,70.34,0.47,50.0,0.48,65.5,0.56,10.5,0.55,287.5,0.57,598.24,0.58,78.0,0.03,0.01,2345.62397,1776273114000
1776273116.85,116.85,0.48,15.0,0.47,37.52,0.5,30.0,0.51,81.31,0.53,50.0,0.52,65.5,0.56,828.49,0.57,70.34,0.02,0.03,2345.613915,1776273115000
1776273117.633,117.633,0.49,30.0,0.48,25.0,0.5,632.5,0.51,31.31,0.5,30.0,0.49,81.31,0.52,15.0,0.53,37.52,0.01,0.02,2345.632257,1776273116000
1776273117.839,117.839,0.48,25.0,0.47,62.99,0.5,619.0,0.51,31.31,0.5,598.5,0.49,31.31,0.51,30.0,0.52,25.0,0.02,0.01,2345.632257,1776273116000
1776273118.41,118.41,0.48,21.15,0.47,62.99,0.49,25.5,0.5,625.0,0.5,619.0,0.49,31.31,0.52,25.0,0.53,62.99,0.01,0.02,2345.703295,1776273117000
1776273119.712,119.712,0.48,6.05,0.47,20.0,0.49,180.5,0.5,33.0,0.51,25.5,0.5,625.0,0.52,21.15,0.53,62.99,0.01,0.01,2345.878992,1776273118000
1776273121.355,121.355,0.48,0.95,0.47,10.0,0.49,691.5,0.5,33.0,0.51,180.5,0.5,33.0,0.52,6.05,0.53,20.0,0.01,0.01,2345.856925,1776273119000
1776273121.588,121.588,0.48,0.95,0.47,10.0,0.49,674.37,0.5,22.0,0.51,691.5,0.5,33.0,0.52,0.95,0.53,10.0,0.01,0.01,2345.82488,1776273120000
1776273122.938,122.938,0.48,10.95,0.47,15.0,0.49,16.67,0.5,39.0,0.51,674.37,0.5,22.0,0.52,0.95,0.53,10.0,0.01,0.01,2345.786006,1776273121000
1776273123.265,123.265,0.48,10.95,0.47,20.0,0.49,7.5,0.5,39.0,0.51,16.67,0.5,39.0,0.52,10.95,0.53,15.0,0.01,0.01,2345.753658,1776273122000
1776273123.77,123.77,0.48,147.95,0.47,505.0,0.5,33.8,0.51,209.31,0.51,7.5,0.5,39.0,0.52,10.95,0.53,20.0,0.02,0.01,2345.753658,1776273122000
1776273124.085,124.085,0.49,15.0,0.48,15.95,0.5,639.3,0.51,92.31,0.5,33.8,0.49,209.31,0.52,147.95,0.53,505.0,0.01,0.02,2345.753658,1776273122000
1776273124.537,124.537,0.46,15.0,0.44,38.5,0.47,2.07,0.48,58.5,0.5,639.3,0.49,92.31,0.52,10.95,0.53,10.0,0.01,0.02,2345.762995,1776273123000
1776273124.792,124.792,0.46,10.86,0.45,30.5,0.47,48.0,0.48,38.0,0.53,2.07,0.52,58.5,0.54,15.0,0.56,38.5,0.01,0.01,2345.762995,1776273123000
1776273128.421,128.421,0.46,116.49,0.45,155.0,0.47,5.0,0.49,6.86,0.54,39.14,0.53,48.0,0.55,15.5,0.56,25.5,0.01,0.01,2345.770801,1776273127000
1776273128.737,128.737,0.5,15.0,0.49,60.0,0.51,36.31,0.52,61.5,0.49,51.31,0.48,56.5,0.51,55.5,0.52,30.5,0.01,0.02,2345.770801,1776273127000
1776273131.965,131.965,0.47,5.0,0.46,10.0,0.49,46.18,0.5,153.5,0.49,26.31,0.48,46.0,0.5,35.0,0.51,75.5,0.02,0.01,2345.862573,1776273130000
1776273132.198,132.198,0.45,14.59,0.44,25.5,0.48,15.0,0.49,46.18,0.51,46.18,0.5,153.5,0.53,5.0,0.54,10.0,0.03,0.02,2345.880807,1776273131000
1776273133.172,133.172,0.43,76.5,0.42,20.0,0.44,10.0,0.45,41.0,0.52,15.0,0.51,46.18,0.55,14.59,0.56,25.5,0.01,0.03,2345.9073,1776273132000
1776273133.772,133.772,0.43,22.71,0.42,162.5,0.44,5.0,0.45,35.0,0.56,10.0,0.55,41.0,0.57,76.5,0.58,20.0,0.01,0.01,2345.9073,1776273132000
1776273134.064,134.064,0.43,5.0,0.42,5.0,0.44,33.27,0.45,167.5,0.56,5.0,0.55,35.0,0.57,22.71,0.58,162.5,0.01,0.01,2345.9073,1776273132000
1776273135.147,135.147,0.38,100.0,0.37,15.0,0.4,511.0,0.41,26.0,0.56,33.27,0.55,167.5,0.57,5.0,0.58,5.0,0.02,0.01,2345.661665,1776273133000
1776273135.547,135.547,0.38,17.0,0.37,10.0,0.39,16.0,0.4,91.0,0.6,511.0,0.59,26.0,0.62,100.0,0.63,15.0,0.01,0.02,2345.580837,1776273134000
1776273135.756,135.756,0.38,25.35,0.37,15.0,0.39,36.0,0.4,86.0,0.61,31.0,0.6,86.0,0.62,26.97,0.63,15.0,0.01,0.01,2345.580837,1776273134000
1776273136.558,136.558,0.37,10.0,0.36,120.5,0.38,33.73,0.39,77.0,0.61,36.0,0.6,86.0,0.62,25.35,0.63,15.0,0.01,0.01,2345.424855,1776273135000
1776273136.791,136.791,0.35,65.5,0.34,21.0,0.37,45.0,0.38,674.73,0.62,696.73,0.61,77.0,0.64,120.5,0.65,65.5,0.02,0.02,2345.424855,1776273135000
1776273137.206,137.206,0.35,208.02,0.34,5.0,0.36,0.8,0.37,40.0,0.64,2.3,0.63,76.0,0.65,65.5,0.66,127.0,0.01,0.01,2345.39389,1776273136000
1776273137.665,137.665,0.35,75.5,0.34,5.0,0.37,637.77,0.38,34.73,0.64,0.8,0.63,40.0,0.65,208.02,0.66,5.0,0.02,0.01,2345.39389,1776273136000
1776273138.03,138.03,0.36,20.5,0.35,70.5,0.37,627.57,0.38,34.73,0.63,630.07,0.62,34.73,0.64,15.5,0.65,70.5,0.01,0.01,2345.39389,1776273136000
1776273139.175,139.175,0.36,45.5,0.35,187.5,0.37,4.86,0.38,18.0,0.63,627.57,0.62,34.73,0.64,20.5,0.65,70.5,0.01,0.01,2345.133753,1776273138000
1776273142.705,142.705,0.37,692.97,0.36,47.02,0.38,3.0,0.39,10.0,0.63,4.86,0.62,18.0,0.64,45.5,0.65,187.5,0.01,0.01,2345.159355,1776273141000
1776273145.813,145.813,0.45,63.78,0.44,537.0,0.46,59.5,0.47,51.24,0.59,10.0,0.58,25.0,0.62,10.0,0.63,707.97,0.01,0.03,2345.370591,1776273144000
1776273146.962,146.962,0.45,2.78,0.44,11.0,0.46,282.5,0.47,51.5,0.54,59.5,0.53,51.24,0.55,63.78,0.56,537.0,0.01,0.01,2345.499025,1776273145000
1776273148.808,148.808,0.44,6.0,0.43,11.0,0.45,697.5,0.46,151.5,0.54,282.5,0.53,51.5,0.56,11.0,0.57,21.0,0.01,0.02,2345.56953,1776273147000
1776273150.719,150.719,0.4,5.0,0.39,75.5,0.41,9.39,0.42,627.0,0.55,697.5,0.54,151.5,0.6,35.0,0.61,65.5,0.01,0.05,2345.522925,1776273149000
1776273151.477,151.477,0.42,41.55,0.41,167.5,0.43,24.0,0.44,137.0,0.59,9.39,0.58,627.0,0.6,5.0,0.61,75.5,0.01,0.01,2345.522925,1776273149000
1776273152.683,152.683,0.41,5.0,0.4,25.5,0.43,666.5,0.44,30.5,0.57,24.0,0.56,137.0,0.58,41.55,0.59,167.5,0.02,0.01,2345.508815,1776273151000
1776273154.591,154.591,0.39,172.97,0.38,31.52,0.42,505.0,0.43,44.5,0.57,666.5,0.56,30.5,0.59,5.0,0.6,25.5,0.03,0.02,2345.501702,1776273153000
1776273156.643,156.643,0.38,15.5,0.37,19.0,0.4,222.0,0.41,31.0,0.58,505.0,0.57,44.5,0.61,172.97,0.62,31.52,0.02,0.03,2345.394321,1776273155000
1776273156.887,156.887,0.38,15.5,0.37,49.47,0.39,53.2,0.4,187.0,0.6,222.0,0.59,31.0,0.62,15.5,0.63,19.0,0.01,0.02,2345.394321,1776273155000
1776273157.192,157.192,0.38,15.5,0.37,49.47,0.39,37.5,0.4,187.0,0.61,53.2,0.6,187.0,0.62,15.5,0.63,49.47,0.01,0.01,2345.394321,1776273155000
1776273157.51,157.51,0.38,15.5,0.37,49.47,0.39,41.9,0.4,187.0,0.61,37.5,0.6,187.0,0.62,15.5,0.63,49.47,0.01,0.01,2345.394321,1776273155000
1776273157.754,157.754,0.36,25.5,0.35,123.47,0.38,82.0,0.39,169.9,0.61,41.9,0.6,187.0,0.62,15.5,0.63,49.47,0.02,0.01,2345.421429,1776273156000
1776273158.034,158.034,0.36,58.49,0.35,93.0,0.37,65.2,0.38,69.0,0.62,82.0,0.61,169.9,0.64,25.5,0.65,123.47,0.01,0.02,2345.421429,1776273156000
1776273158.358,158.358,0.36,15.5,0.35,123.47,0.37,64.5,0.38,69.0,0.63,65.2,0.62,69.0,0.64,58.49,0.65,93.0,0.01,0.01,2345.411536,1776273157000
1776273158.683,158.683,0.36,107.99,0.35,210.0,0.37,53.9,0.38,69.0,0.63,64.5,0.62,69.0,0.64,15.5,0.65,123.47,0.01,0.01,2345.411536,1776273157000
1776273161.419,161.419,0.43,20.5,0.42,20.5,0.45,15.09,0.46,90.5,0.63,53.9,0.62,69.0,0.64,107.99,0.65,210.0,0.02,0.01,2345.3132,1776273160000
1776273162.579,162.579,0.43,511.95,0.42,53.5,0.45,39.9,0.46,106.5,0.55,13.9,0.54,90.5,0.56,20.5,0.57,25.5,0.02,0.01,2345.301485,1776273161000
1776273164.008,164.008,0.44,714.4,0.43,52.5,0.45,10.0,0.46,55.5,0.55,39.9,0.54,106.5,0.57,511.95,0.58,53.5,0.01,0.02,2345.435921,1776273162000
1776273167.051,167.051,0.45,14.98,0.44,9.91,0.46,782.5,0.47,122.06,0.55,10.0,0.54,55.5,0.56,714.4,0.57,52.5,0.01,0.01,2345.687515,1776273165000
1776273168.565,168.565,0.27,16.0,0.26,167.0,0.28,3.88,0.29,20.0,0.54,787.5,0.53,122.06,0.55,5.88,0.56,4.91,0.01,0.01,2345.668825,1776273167000
1776273169.24,169.24,0.27,21.5,0.26,15.0,0.28,5.19,0.29,505.0,0.72,3.88,0.71,20.0,0.73,16.0,0.74,167.0,0.01,0.01,2345.64536,1776273168000
1776273170.785,170.785,0.27,343.5,0.26,501.0,0.28,11.0,0.29,25.19,0.72,5.19,0.71,505.0,0.73,21.5,0.74,15.0,0.01,0.01,2344.987194,1776273169000
1776273171.664,171.664,0.27,55.5,0.26,27.0,0.3,26.92,0.31,30.5,0.72,11.0,0.71,11.0,0.73,313.5,0.74,501.0,0.03,0.01,2344.82245,1776273170000
1776273172.109,172.109,0.27,50.5,0.26,52.0,0.29,18.41,0.3,32.42,0.7,26.92,0.69,30.5,0.73,55.5,0.74,27.0,0.02,0.03,2344.80258,1776273171000
1776273173.508,173.508,0.27,16.95,0.26,147.0,0.28,703.0,0.29,163.41,0.71,18.41,0.7,32.42,0.73,50.5,0.74,52.0,0.01,0.02,2344.80258,1776273171000
1776273173.808,173.808,0.27,66.47,0.26,50.0,0.28,820.0,0.29,51.91,0.72,703.0,0.71,163.41,0.73,16.95,0.74,147.0,0.01,0.01,2344.833655,1776273172000
1776273174.04,174.04,0.27,63.04,0.26,45.5,0.28,825.0,0.29,51.91,0.72,820.0,0.71,51.91,0.73,66.47,0.74,50.0,0.01,0.01,2344.833655,1776273172000
1776273174.478,174.478,0.26,19.5,0.25,133.99,0.27,78.0,0.28,691.0,0.72,825.0,0.71,51.91,0.73,63.04,0.74,45.5,0.01,0.01,2344.821961,1776273173000
1776273174.82,174.82,0.25,51.5,0.24,179.78,0.26,689.97,0.27,175.0,0.74,10.0,0.73,175.0,0.75,180.49,0.76,208.34,0.01,0.01,2344.821961,1776273173000
1776273175.311,175.311,0.24,133.33,0.23,173.99,0.25,652.86,0.26,191.97,0.75,9.86,0.74,694.97,0.76,129.78,0.77,173.99,0.01,0.01,2344.798911,1776273174000
1776273175.663,175.663,0.24,116.38,0.23,184.49,0.25,652.86,0.26,191.97,0.75,652.86,0.74,191.97,0.76,133.33,0.77,173.99,0.01,0.01,2344.798911,1776273174000
1776273176.03,176.03,0.24,114.93,0.23,184.49,0.25,657.86,0.26,191.97,0.75,652.86,0.74,191.97,0.76,116.38,0.77,184.49,0.01,0.01,2344.798911,1776273174000
1776273176.41,176.41,0.24,114.93,0.23,184.49,0.25,666.98,0.26,191.97,0.75,657.86,0.74,191.97,0.76,114.93,0.77,184.49,0.01,0.01,2344.798911,1776273174000
1776273177.594,177.594,0.24,25.5,0.23,179.49,0.25,661.25,0.26,191.97,0.75,661.98,0.74,191.97,0.76,103.0,0.77,184.49,0.01,0.01,2344.645579,1776273176000
1776273177.945,177.945,0.24,80.83,0.23,179.49,0.25,664.75,0.26,191.97,0.75,660.45,0.74,191.97,0.76,25.5,0.77,179.49,0.01,0.01,2344.645579,1776273176000
1776273178.26,178.26,0.24,70.33,0.23,179.49,0.25,654.15,0.26,191.97,0.75,664.75,0.74,191.97,0.76,80.83,0.77,179.49,0.01,0.01,2344.645579,1776273176000
1776273178.704,178.704,0.24,15.0,0.23,179.49,0.25,653.97,0.26,191.97,0.75,654.15,0.74,191.97,0.76,70.33,0.77,179.49,0.01,0.01,2344.686035,1776273177000
1776273178.924,178.924,0.24,15.0,0.23,179.49,0.25,624.17,0.26,191.97,0.75,648.17,0.74,191.97,0.76,15.0,0.77,179.49,0.01,0.01,2344.686035,1776273177000
1776273179.165,179.165,0.24,15.0,0.23,168.5,0.25,608.47,0.26,191.97,0.75,614.17,0.74,191.97,0.76,15.0,0.77,168.5,0.01,0.01,2344.686035,1776273177000
1776273179.486,179.486,0.24,15.0,0.23,168.5,0.25,602.87,0.26,191.97,0.75,608.47,0.74,191.97,0.76,15.0,0.77,168.5,0.01,0.01,2344.686035,1776273177000
1776273179.91,179.91,0.24,15.0,0.23,168.5,0.25,597.14,0.26,191.97,0.75,602.87,0.74,191.97,0.76,15.0,0.77,168.5,0.01,0.01,2344.699245,1776273178000
1776273180.504,180.504,0.23,157.5,0.22,196.19,0.24,6.0,0.25,641.14,0.75,597.14,0.74,191.97,0.76,15.0,0.77,168.5,0.01,0.01,2344.615727,1776273179000
1776273181.625,181.625,0.23,814.8,0.22,192.52,0.26,10.0,0.27,10.0,0.76,6.0,0.75,641.14,0.77,157.5,0.78,196.19,0.03,0.01,2344.690167,1776273180000
1776273183.162,183.162,0.24,7.0,0.23,50.0,0.25,15.18,0.26,302.0,0.74,4.0,0.73,10.0,0.75,58.0,0.76,585.53,0.01,0.01,2344.623061,1776273181000
1776273184.254,184.254,0.17,145.73,0.16,132.29,0.18,56.0,0.19,15.0,0.75,25.18,0.74,172.0,0.78,158.52,0.79,197.0,0.01,0.03,2344.676742,1776273182000
1776273184.737,184.737,0.17,116.73,0.16,115.82,0.18,201.0,0.19,22.0,0.82,56.0,0.81,15.0,0.83,145.73,0.84,132.29,0.01,0.01,2344.676742,1776273182000
1776273185.44,185.44,0.16,400.33,0.15,137.22,0.18,26.61,0.19,10.0,0.82,201.0,0.81,22.0,0.83,116.73,0.84,115.82,0.02,0.01,2344.677486,1776273183000
1776273185.732,185.732,0.17,196.5,0.16,229.8,0.2,102.74,0.21,157.5,0.82,26.61,0.81,10.0,0.84,400.33,0.85,137.22,0.03,0.02,2344.54205,1776273184000
1776273187.291,187.291,0.18,2.43,0.17,286.5,0.19,57.0,0.2,15.0,0.81,10.0,0.8,607.74,0.82,3.78,0.83,171.5,0.01,0.01,2344.26233,1776273185000
1776273188.272,188.272,0.18,153.77,0.17,651.5,0.19,52.0,0.2,15.0,0.81,57.0,0.8,15.0,0.82,2.43,0.83,286.5,0.01,0.01,2344.30365,1776273186000
1776273190.315,190.315,0.18,770.5,0.17,71.52,0.21,10.0,0.22,10.0,0.81,52.0,0.8,15.0,0.82,153.77,0.83,651.5,0.03,0.01,2344.335228,1776273188000
1776273190.62,190.62,0.19,40.5,0.18,679.29,0.21,22.23,0.22,10.0,0.79,5.23,0.78,10.0,0.82,775.16,0.83,71.52,0.02,0.03,2344.396027,1776273189000
1776273191.19,191.19,0.2,775.37,0.19,36.5,0.22,10.0,0.23,17.0,0.79,22.23,0.78,10.0,0.81,40.5,0.82,679.29,0.02,0.02,2344.417652,1776273190000
1776273192.771,192.771,0.28,16.0,0.27,35.0,0.29,2.21,0.3,50.0,0.78,10.0,0.77,17.0,0.8,775.37,0.81,36.5,0.01,0.02,2344.56004,1776273191000
1776273193.601,193.601,0.3,18.48,0.29,769.0,0.31,45.0,0.32,128.0,0.71,2.21,0.7,50.0,0.72,16.0,0.73,35.0,0.01,0.01,2344.66411,1776273192000
1776273193.982,193.982,0.3,809.0,0.29,47.0,0.31,14.67,0.32,84.14,0.69,45.0,0.68,128.0,0.7,9.45,0.71,774.0,0.01,0.01,2344.866425,1776273193000
1776273194.2,194.2,0.3,62.0,0.29,47.0,0.32,201.14,0.33,39.89,0.68,84.14,0.67,39.89,0.7,662.0,0.71,47.0,0.02,0.02,2344.866425,1776273193000
1776273194.879,194.879,0.29,47.0,0.28,82.47,0.31,35.5,0.32,585.64,0.68,201.14,0.67,39.89,0.7,62.0,0.71,47.0,0.02,0.02,2344.866425,1776273193000
1776273196.215,196.215,0.29,783.0,0.28,82.0,0.3,39.54,0.31,36.58,0.69,35.5,0.68,585.64,0.71,47.0,0.72,82.47,0.01,0.02,2345.103147,1776273195000
1776273196.573,196.573,0.29,783.0,0.28,99.52,0.3,81.08,0.31,36.58,0.7,53.82,0.69,36.58,0.71,783.0,0.72,82.0,0.01,0.01,2345.103147,1776273195000
1776273196.983,196.983,0.29,783.0,0.28,99.52,0.3,74.88,0.31,36.58,0.7,81.08,0.69,36.58,0.71,783.0,0.72,99.52,0.01,0.01,2345.103147,1776273195000
1776273197.263,197.263,0.29,783.0,0.28,99.52,0.3,71.54,0.31,36.58,0.7,74.88,0.69,36.58,0.71,783.0,0.72,99.52,0.01,0.01,2345.103147,1776273195000
1776273197.915,197.915,0.29,788.0,0.28,82.0,0.3,65.14,0.31,36.58,0.7,71.54,0.69,36.58,0.71,783.0,0.72,99.52,0.01,0.01,2345.05419,1776273196000
1776273198.14,198.14,0.29,664.0,0.28,106.0,0.3,65.14,0.31,46.58,0.7,65.14,0.69,36.58,0.71,788.0,0.72,82.0,0.01,0.01,2345.05419,1776273196000
1776273198.53,198.53,0.29,179.0,0.28,109.0,0.3,12.84,0.31,163.58,0.7,58.84,0.69,46.58,0.71,664.0,0.72,106.0,0.01,0.01,2345.110824,1776273197000
1776273199.806,199.806,0.29,47.8,0.28,110.0,0.3,259.14,0.31,46.58,0.7,6.64,0.69,163.58,0.71,59.0,0.72,82.0,0.01,0.01,2345.124975,1776273198000
1776273200.409,200.409,0.28,82.0,0.27,10.0,0.3,137.14,0.31,168.58,0.7,254.74,0.69,46.58,0.71,61.8,0.72,98.0,0.02,0.01,2345.137175,1776273199000
1776273200.872,200.872,0.28,347.93,0.27,36.5,0.29,6.0,0.3,22.14,0.7,137.14,0.69,168.58,0.72,82.0,0.73,10.0,0.01,0.02,2345.137175,1776273199000
1776273201.497,201.497,0.28,238.93,0.27,152.0,0.29,6.0,0.3,22.14,0.71,6.0,0.7,22.14,0.72,347.93,0.73,36.5,0.01,0.01,2345.04262,1776273200000
1776273203.717,203.717,0.29,284.38,0.28,100.43,0.3,5.0,0.31,21.0,0.71,6.0,0.7,22.14,0.72,238.93,0.73,152.0,0.01,0.01,2345.036843,1776273202000
1776273206.488,206.488,0.3,26.85,0.29,20.0,0.31,11.0,0.32,137.5,0.7,5.0,0.69,21.0,0.71,281.99,0.72,100.43,0.01,0.01,2345.053467,1776273205000
1776273206.855,206.855,0.3,12.37,0.29,137.0,0.31,21.0,0.32,20.5,0.69,11.0,0.68,137.5,0.7,26.85,0.71,20.0,0.01,0.01,2345.053467,1776273205000
1776273208.819,208.819,0.3,130.72,0.29,137.0,0.31,11.0,0.32,147.5,0.69,21.0,0.68,20.5,0.7,12.37,0.71,137.0,0.01,0.01,2345.1006,1776273207000
1776273209.756,209.756,0.3,139.4,0.29,158.0,0.31,66.0,0.32,30.5,0.69,62.77,0.68,262.5,0.7,16.33,0.71,137.0,0.01,0.01,2345.20705,1776273208000
1776273212.001,212.001,0.29,21.0,0.28,201.93,0.3,33.16,0.31,195.5,0.69,66.0,0.68,30.5,0.7,139.4,0.71,158.0,0.01,0.01,2345.102555,1776273210000
1776273212.42,212.42,0.29,21.0,0.28,64.93,0.3,28.16,0.31,80.5,0.7,33.16,0.69,195.5,0.71,21.0,0.72,201.93,0.01,0.01,2345.09204,1776273211000
1776273214.051,214.051,0.26,37.4,0.25,273.72,0.29,36.5,0.3,33.16,0.7,28.16,0.69,80.5,0.71,21.0,0.72,64.93,0.03,0.01,2345.05428,1776273212000
1776273215.876,215.876,0.26,122.0,0.25,269.2,0.27,33.0,0.28,30.5,0.71,36.5,0.7,33.16,0.74,37.4,0.75,273.72,0.01,0.03,2345.088185,1776273214000
1776273216.146,216.146,0.26,137.0,0.25,269.2,0.27,18.0,0.28,40.5,0.73,23.0,0.72,40.5,0.74,137.0,0.75,269.2,0.01,0.01,2345.088185,1776273214000
1776273216.904,216.904,0.27,31.0,0.26,26.5,0.3,21.5,0.31,75.5,0.73,18.0,0.72,40.5,0.74,137.0,0.75,269.2,0.03,0.01,2345.009943,1776273215000
1776273219.138,219.138,0.29,125.0,0.28,144.0,0.3,26.5,0.31,85.5,0.7,21.5,0.69,75.5,0.73,31.0,0.74,26.5,0.01,0.03,2345.054285,1776273218000
1776273219.391,219.391,0.29,244.18,0.28,27.0,0.3,21.0,0.31,85.5,0.7,26.5,0.69,85.5,0.71,125.0,0.72,144.0,0.01,0.01,2345.054285,1776273218000
1776273221.503,221.503,0.27,6.0,0.26,10.0,0.3,278.0,0.31,75.5,0.7,21.0,0.69,85.5,0.71,244.18,0.72,27.0,0.03,0.01,2345.06942,1776273220000
1776273222.138,222.138,0.27,16.0,0.25,193.19,0.29,18.3,0.3,142.0,0.72,3.6,0.71,16.0,0.73,6.0,0.74,30.0,0.02,0.01,2345.06942,1776273220000
1776273222.455,222.455,0.27,36.0,0.26,10.0,0.29,12.1,0.3,25.0,0.71,18.3,0.7,142.0,0.73,16.0,0.75,193.19,0.02,0.02,2345.06986,1776273221000
1776273223.05,223.05,0.27,16.0,0.26,10.0,0.29,29.65,0.3,20.0,0.71,12.1,0.7,25.0,0.73,36.0,0.74,10.0,0.02,0.02,2345.06986,1776273222000
1776273223.383,223.383,0.25,169.2,0.24,35.0,0.26,13.7,0.27,16.0,0.72,10.0,0.71,29.65,0.73,1.0,0.75,164.2,0.01,0.01,2345.06986,1776273222000
1776273223.727,223.727,0.25,179.2,0.24,50.47,0.26,37.5,0.27,16.0,0.74,13.7,0.73,16.0,0.75,169.2,0.76,35.0,0.01,0.01,2345.06986,1776273222000
1776273224.218,224.218,0.25,164.2,0.24,62.99,0.26,33.65,0.27,16.0,0.74,37.5,0.73,16.0,0.75,179.2,0.76,50.47,0.01,0.01,2345.067085,1776273223000
1776273230.201,230.201,0.24,45.0,0.23,180.3,0.26,400.65,0.27,40.5,0.74,33.65,0.73,16.0,0.75,164.2,0.76,62.99,0.02,0.01,2345.0426,1776273228000
1776273232.316,232.316,0.26,8.55,0.25,20.5,0.27,35.0,0.28,20.0,0.74,400.65,0.73,40.5,0.76,45.0,0.77,180.3,0.01,0.02,2344.846888,1776273231000
1776273232.608,232.608,0.27,262.0,0.26,47.05,0.28,15.63,0.29,10.5,0.73,35.0,0.72,20.0,0.74,8.55,0.75,20.5,0.01,0.01,2344.846888,1776273231000
1776273233.673,233.673,0.27,10.0,0.26,72.05,0.3,135.96,0.31,113.18,0.69,102.68,0.68,135.0,0.73,287.0,0.74,47.05,0.03,0.04,2344.85601,1776273232000
1776273234.804,234.804,0.27,10.0,0.26,276.05,0.28,48.09,0.29,145.5,0.7,135.96,0.69,113.18,0.73,10.0,0.74,72.05,0.01,0.03,2344.928617,1776273233000
1776273237.344,237.344,0.27,25.94,0.26,276.05,0.28,58.09,0.29,262.5,0.72,48.09,0.71,145.5,0.73,10.0,0.74,276.05,0.01,0.01,2345.1522,1776273236000
1776273237.609,237.609,0.27,145.07,0.26,161.05,0.28,109.06,0.29,5.0,0.72,58.09,0.71,262.5,0.73,25.94,0.74,276.05,0.01,0.01,2345.1522,1776273236000
1776273237.858,237.858,0.27,277.07,0.26,44.05,0.28,9.0,0.29,5.0,0.72,109.06,0.71,5.0,0.73,145.07,0.74,161.05,0.01,0.01,2345.1522,1776273236000
1776273238.924,238.924,0.29,168.5,0.28,31.5,0.3,14.67,0.32,15.0,0.71,5.0,0.7,6.0,0.73,272.07,0.74,44.05,0.01,0.02,2345.153617,1776273237000
1776273239.256,239.256,0.31,27.05,0.3,20.5,0.32,10.0,0.33,94.39,0.68,5.0,0.67,94.39,0.71,168.5,0.72,31.5,0.01,0.03,2345.153617,1776273237000
1776273239.763,239.763,0.31,134.7,0.3,137.5,0.32,62.08,0.33,226.39,0.68,10.0,0.67,94.39,0.69,27.05,0.7,20.5,0.01,0.01,2345.157573,1776273238000
1776273240.34,240.34,0.31,129.7,0.3,127.0,0.32,55.68,0.33,215.89,0.68,62.08,0.67,226.39,0.69,134.7,0.7,137.5,0.01,0.01,2345.332004,1776273239000
1776273240.549,240.549,0.31,130.35,0.3,127.0,0.32,55.68,0.33,225.89,0.68,55.68,0.67,215.89,0.69,133.25,0.7,127.0,0.01,0.01,2345.332004,1776273239000
1776273240.755,240.755,0.31,114.11,0.3,127.0,0.32,49.38,0.33,221.89,0.68,49.38,0.67,231.89,0.69,117.55,0.7,127.0,0.01,0.01,2345.332004,1776273239000
1776273240.995,240.995,0.31,118.67,0.3,127.0,0.32,38.36,0.33,104.89,0.68,44.56,0.67,104.89,0.69,118.67,0.7,127.0,0.01,0.01,2345.332004,1776273239000
1776273241.548,241.548,0.31,118.67,0.3,138.0,0.32,46.96,0.33,104.89,0.68,38.36,0.67,104.89,0.69,118.67,0.7,127.0,0.01,0.01,2345.398493,1776273240000
1776273241.874,241.874,0.31,118.67,0.3,138.0,0.32,40.66,0.33,104.89,0.68,46.96,0.67,104.89,0.69,118.67,0.7,138.0,0.01,0.01,2345.398493,1776273240000
1776273242.194,242.194,0.31,118.67,0.3,138.0,0.32,39.46,0.33,231.89,0.68,40.66,0.67,104.89,0.69,118.67,0.7,138.0,0.01,0.01,2345.398493,1776273240000
1776273242.802,242.802,0.3,6.0,0.29,17.5,0.31,25.0,0.32,169.46,0.68,39.46,0.67,231.89,0.69,63.67,0.7,138.0,0.01,0.01,2345.315045,1776273241000
1776273243.045,243.045,0.29,17.5,0.28,28.89,0.31,155.0,0.32,44.46,0.69,25.0,0.68,169.46,0.7,6.0,0.71,17.5,0.02,0.01,2345.315045,1776273241000
1776273244.284,244.284,0.28,8.4,0.27,51.3,0.29,40.0,0.3,15.0,0.7,10.0,0.69,155.0,0.71,11.5,0.72,28.89,0.01,0.01,2345.33109,1776273242000
1776273245.26,245.26,0.27,28.43,0.26,59.77,0.28,30.0,0.29,262.0,0.71,45.0,0.7,15.0,0.72,1.8,0.73,51.3,0.01,0.01,2345.446018,1776273244000
1776273248.173,248.173,0.27,303.45,0.26,64.72,0.29,5.0,0.31,6.0,0.72,30.0,0.71,262.0,0.73,28.43,0.74,59.77,0.02,0.01,2345.346925,1776273246000
1776273248.484,248.484,0.32,55.04,0.31,34.45,0.33,78.89,0.34,96.0,0.69,6.0,0.68,10.0,0.72,6.0,0.73,303.45,0.01,0.03,2345.33171,1776273247000
1776273248.719,248.719,0.32,90.04,0.31,40.45,0.33,1.89,0.34,36.0,0.67,7.89,0.66,71.0,0.68,90.04,0.69,40.45,0.01,0.01,2345.33171,1776273247000
1776273249.122,249.122,0.32,59.45,0.31,31.0,0.35,110.8,0.36,145.0,0.67,1.89,0.66,36.0,0.68,89.45,0.69,31.0,0.03,0.01,2345.33171,1776273247000
1776273249.391,249.391,0.34,75.97,0.33,24.0,0.36,150.0,0.37,55.0,0.65,110.8,0.64,145.0,0.68,59.45,0.69,31.0,0.02,0.03,2345.28051,1776273248000
1776273249.758,249.758,0.35,58.0,0.34,46.97,0.36,150.0,0.37,60.0,0.64,150.0,0.63,55.0,0.66,75.97,0.67,24.0,0.01,0.02,2345.28051,1776273248000
1776273250.457,250.457,0.38,193.52,0.37,171.0,0.39,50.0,0.4,50.0,0.64,150.0,0.63,60.0,0.65,58.0,0.66,46.97,0.01,0.01,2345.470142,1776273249000
1776273250.94,250.94,0.42,156.55,0.41,30.0,0.44,127.0,0.45,5.0,0.57,247.0,0.56,95.0,0.58,21.55,0.59,40.0,0.02,0.01,2345.470142,1776273249000
1776273251.362,251.362,0.43,150.0,0.42,36.55,0.48,111.0,0.49,80.0,0.56,125.58,0.55,15.0,0.57,15.0,0.58,151.55,0.05,0.01,2345.583095,1776273250000
1776273251.677,251.677,0.47,166.0,0.46,127.0,0.49,5.0,0.5,5.0,0.52,111.0,0.51,80.0,0.57,150.0,0.58,36.55,0.02,0.05,2345.583095,1776273250000
1776273252.045,252.045,0.52,21.0,0.51,347.0,0.54,15.86,0.55,150.0,0.51,5.0,0.5,5.0,0.53,166.0,0.54,127.0,0.02,0.02,2345.583095,1776273250000
1776273252.285,252.285,0.53,271.68,0.52,41.0,0.56,50.0,0.57,200.18,0.46,6.61,0.45,150.0,0.47,134.11,0.48,58.0,0.03,0.01,2345.771138,1776273251000
1776273252.557,252.557,0.56,51.0,0.55,25.0,0.57,49.18,0.58,155.0,0.44,50.0,0.43,200.18,0.47,271.68,0.48,41.0,0.01,0.03,2345.771138,1776273251000
1776273253.092,253.092,0.6,31.84,0.59,267.0,0.61,5.0,0.62,10.0,0.43,38.18,0.42,155.0,0.44,51.0,0.45,25.0,0.01,0.01,2345.771138,1776273251000
1776273253.442,253.442,0.62,15.0,0.61,10.0,0.63,111.52,0.64,65.0,0.37,172.0,0.36,55.0,0.4,36.84,0.41,267.0,0.01,0.03,2345.837069,1776273252000
1776273253.741,253.741,0.6,50.84,0.59,35.0,0.63,126.41,0.64,55.0,0.37,116.41,0.36,170.0,0.38,15.0,0.39,10.0,0.03,0.01,2345.837069,1776273252000
1776273254.025,254.025,0.6,15.0,0.59,5.0,0.64,133.81,0.65,80.0,0.36,45.0,0.35,70.0,0.38,10.0,0.39,20.0,0.04,0.02,2345.837069,1776273252000
1776273254.325,254.325,0.56,10.0,0.55,60.0,0.57,63.38,0.58,20.0,0.36,133.81,0.35,80.0,0.4,15.0,0.41,5.0,0.01,0.04,2346.228512,1776273253000
1776273254.624,254.624,0.55,40.0,0.54,30.0,0.59,8.47,0.6,10.0,0.44,13.71,0.43,13.02,0.45,60.0,0.46,25.0,0.04,0.01,2346.228512,1776273253000
1776273255.042,255.042,0.55,5.0,0.54,30.0,0.57,7.37,0.58,10.0,0.44,8.28,0.43,10.0,0.45,35.0,0.46,30.0,0.02,0.01,2346.228512,1776273253000
1776273255.661,255.661,0.46,5.92,0.45,10.0,0.47,5.0,0.48,6.0,0.45,10.0,0.44,112.0,0.46,30.0,0.47,90.0,0.01,0.01,2346.33616,1776273254000
1776273255.877,255.877,0.46,22.96,0.45,46.0,0.51,170.72,0.52,10.0,0.53,5.0,0.49,161.72,0.54,17.96,0.55,41.0,0.05,0.01,2346.33616,1776273254000
1776273256.173,256.173,0.5,10.0,0.49,15.0,0.51,151.44,0.52,15.0,0.49,164.52,0.48,10.0,0.51,15.0,0.52,10.0,0.01,0.02,2346.33616,1776273254000
1776273256.625,256.625,0.5,10.0,0.49,15.0,0.51,142.16,0.52,15.0,0.49,151.44,0.48,15.0,0.5,10.0,0.51,15.0,0.01,0.01,2346.107259,1776273255000
1776273256.829,256.829,0.49,3.25,0.48,10.0,0.51,142.16,0.52,15.0,0.49,142.16,0.48,15.0,0.5,10.0,0.51,15.0,0.02,0.01,2346.107259,1776273255000
1776273257.204,257.204,0.48,10.0,0.47,14.74,0.49,2.95,0.5,15.0,0.51,5.0,0.5,10.0,0.53,9.74,0.54,22.04,0.01,0.02,2346.107259,1776273255000
1776273257.764,257.764,0.53,2.66,0.52,15.0,0.54,65.0,0.55,31.0,0.5,11.55,0.49,142.16,0.52,15.0,0.53,19.74,0.01,0.02,2346.052434,1776273256000
1776273258.109,258.109,0.6,121.42,0.59,10.0,0.61,50.0,0.64,26.0,0.46,60.0,0.45,31.0,0.5,2.16,0.51,142.0,0.01,0.04,2346.052434,1776273256000
1776273258.417,258.417,0.6,146.42,0.59,127.0,0.64,10.0,0.65,70.0,0.39,39.9,0.36,10.0,0.4,146.42,0.41,127.0,0.04,0.01,2345.943099,1776273257000
1776273258.644,258.644,0.63,5.94,0.62,10.0,0.64,10.0,0.65,70.0,0.36,10.0,0.35,70.0,0.4,146.42,0.41,127.0,0.01,0.04,2345.943099,1776273257000
1776273258.951,258.951,0.63,1.34,0.62,10.0,0.64,30.0,0.65,192.0,0.36,10.0,0.35,70.0,0.37,5.94,0.38,10.0,0.01,0.01,2345.943099,1776273257000
1776273259.184,259.184,0.58,8.4,0.57,10.0,0.61,10.0,0.62,10.0,0.36,30.0,0.35,192.0,0.37,1.34,0.38,10.0,0.03,0.01,2345.943099,1776273257000
1776273259.619,259.619,0.58,8.4,0.57,10.0,0.59,30.0,0.6,15.0,0.39,10.0,0.38,10.0,0.42,8.4,0.43,10.0,0.01,0.03,2345.94594,1776273258000
1776273260.042,260.042,0.58,267.04,0.57,25.0,0.64,20.0,0.65,70.0,0.41,20.0,0.4,15.0,0.42,20.04,0.43,10.0,0.06,0.01,2345.94594,1776273258000
1776273261.088,261.088,0.68,15.0,0.67,15.0,0.69,163.24,0.7,166.48,0.36,20.0,0.35,70.0,0.42,267.04,0.43,25.0,0.01,0.06,2346.131018,1776273259000
1776273261.318,261.318,0.68,15.0,0.67,15.0,0.69,155.17,0.7,160.0,0.31,163.24,0.3,166.48,0.32,15.0,0.33,15.0,0.01,0.01,2346.131018,1776273259000
1776273261.642,261.642,0.67,15.0,0.66,15.0,0.71,68.0,0.72,10.0,0.31,122.0,0.3,160.0,0.32,8.81,0.33,15.0,0.04,0.01,2346.131018,1776273259000
1776273262.437,262.437,0.7,15.0,0.69,15.0,0.71,326.88,0.72,31.0,0.29,82.51,0.28,31.0,0.3,15.0,0.31,15.0,0.01,0.01,2346.212845,1776273261000
1776273262.677,262.677,0.7,15.0,0.69,25.0,0.72,31.0,0.73,60.0,0.29,64.88,0.28,31.0,0.31,108.44,0.32,10.0,0.02,0.02,2346.212845,1776273261000
1776273262.888,262.888,0.71,19.65,0.7,127.0,0.72,31.0,0.73,73.0,0.28,31.0,0.27,60.0,0.3,15.0,0.31,25.0,0.01,0.02,2346.212845,1776273261000
1776273263.094,263.094,0.71,265.1,0.7,15.0,0.72,26.0,0.73,73.0,0.28,31.0,0.27,73.0,0.29,19.65,0.3,127.0,0.01,0.01,2346.212845,1776273261000
1776273264.41,264.41,0.72,152.72,0.71,140.1,0.73,44.48,0.74,43.0,0.28,26.0,0.27,73.0,0.29,265.1,0.3,15.0,0.01,0.01,2346.282462,1776273263000
1776273265.283,265.283,0.72,29.54,0.71,23.1,0.74,68.0,0.75,145.0,0.27,13.78,0.26,18.0,0.28,159.72,0.29,23.1,0.02,0.01,2346.282462,1776273263000
1776273266.36,266.36,0.72,14.54,0.71,23.1,0.73,147.42,0.74,69.0,0.26,68.0,0.25,145.0,0.28,29.54,0.29,23.1,0.01,0.02,2346.252605,1776273264000
1776273267.452,267.452,0.72,24.54,0.71,23.1,0.73,116.94,0.74,32.48,0.27,147.42,0.26,69.0,0.28,14.54,0.29,23.1,0.01,0.01,2346.261885,1776273265000
1776273267.747,267.747,0.69,5.0,0.68,10.0,0.73,121.94,0.74,57.48,0.27,116.94,0.26,32.48,0.28,24.54,0.29,23.1,0.04,0.01,2346.267555,1776273266000
1776273268.38,268.38,0.69,13.74,0.68,15.0,0.7,10.0,0.74,57.48,0.27,121.94,0.26,57.48,0.31,5.0,0.32,10.0,0.01,0.04,2346.267555,1776273266000
1776273269.997,269.997,0.7,8.33,0.69,15.0,0.71,15.0,0.73,10.0,0.3,10.0,0.26,57.48,0.31,13.74,0.32,15.0,0.01,0.01,2346.255705,1776273268000
1776273271.453,271.453,0.69,2.09,0.68,10.0,0.71,15.0,0.73,10.0,0.29,15.0,0.27,10.0,0.3,8.33,0.31,15.0,0.02,0.01,2346.24174,1776273270000
1776273272.374,272.374,0.7,16.66,0.69,7.09,0.71,20.0,0.74,5.0,0.29,15.0,0.27,10.0,0.31,2.09,0.32,10.0,0.01,0.02,2346.24174,1776273270000
1776273274.787,274.787,0.73,33.55,0.72,10.0,0.75,2.38,0.77,40.0,0.29,20.0,0.26,5.0,0.3,16.66,0.31,7.09,0.02,0.01,2346.26902,1776273273000
1776273275.566,275.566,0.73,2.99,0.63,6.0,0.76,340.0,0.77,45.0,0.25,2.38,0.23,40.0,0.27,33.55,0.28,10.0,0.03,0.02,2346.26902,1776273273000
1776273276.017,276.017,0.61,123.79,0.6,30.0,0.64,20.0,0.65,35.0,0.3,8.01,0.26,98.0,0.37,6.0,0.39,130.0,0.03,0.07,2346.312057,1776273274000
1776273276.375,276.375,0.61,75.0,0.6,35.0,0.62,4.86,0.63,10.0,0.38,0.96,0.37,10.0,0.39,85.0,0.4,35.0,0.01,0.01,2346.312057,1776273274000
1776273277.123,277.123,0.56,15.0,0.55,93.76,0.59,10.0,0.6,10.0,0.38,124.62,0.37,29.0,0.39,75.0,0.4,25.0,0.03,0.01,2346.3271,1776273275000
1776273277.328,277.328,0.56,10.0,0.55,205.76,0.57,8.24,0.58,10.0,0.41,10.0,0.4,10.0,0.44,15.0,0.45,93.76,0.01,0.03,2346.3271,1776273275000
1776273277.854,277.854,0.56,18.34,0.55,200.76,0.57,8.24,0.58,10.0,0.43,8.24,0.42,10.0,0.44,10.0,0.45,205.76,0.01,0.01,2346.3271,1776273276000
1776273278.139,278.139,0.56,13.34,0.55,200.76,0.57,3.21,0.58,10.0,0.43,6.48,0.42,10.0,0.44,13.34,0.45,200.76,0.01,0.01,2346.3271,1776273276000
1776273279.61,279.61,0.6,9.37,0.59,10.0,0.61,50.0,0.63,11.0,0.42,9.89,0.41,10.0,0.44,13.34,0.45,200.76,0.01,0.02,2346.18321,1776273277000
1776273279.85,279.85,0.6,161.37,0.59,20.0,0.63,11.0,0.64,41.0,0.39,50.0,0.37,11.0,0.4,9.37,0.41,10.0,0.03,0.01,2346.140067,1776273278000
1776273280.25,280.25,0.61,5.0,0.6,19.37,0.63,163.0,0.64,51.0,0.37,11.0,0.36,41.0,0.4,161.37,0.41,20.0,0.02,0.03,2346.140067,1776273278000
1776273280.829,280.829,0.6,4.37,0.59,15.0,0.62,15.0,0.63,143.0,0.37,163.0,0.36,51.0,0.39,5.0,0.4,19.37,0.02,0.02,2346.14065,1776273279000
1776273281.801,281.801,0.52,10.0,0.51,95.0,0.56,7.66,0.57,60.0,0.39,5.0,0.38,15.0,0.4,5.0,0.41,20.0,0.04,0.01,2346.088691,1776273280000
1776273283.035,283.035,0.53,5.0,0.51,50.0,0.56,55.0,0.57,15.0,0.44,7.66,0.43,60.0,0.48,10.0,0.49,95.0,0.03,0.04,2346.092695,1776273281000
1776273284.349,284.349,0.5,137.0,0.49,15.0,0.51,72.94,0.52,7.0,0.48,7.0,0.46,20.0,0.51,10.0,0.52,10.0,0.01,0.03,2346.055293,1776273283000
1776273284.832,284.832,0.5,122.0,0.49,10.0,0.52,7.0,0.55,20.0,0.49,72.94,0.48,7.0,0.5,137.0,0.51,15.0,0.02,0.01,2346.055293,1776273283000
1776273285.223,285.223,0.51,25.0,0.5,15.0,0.56,39.19,0.57,5.0,0.48,7.0,0.45,20.0,0.5,92.0,0.51,10.0,0.05,0.02,2346.015428,1776273284000
1776273285.509,285.509,0.55,12.06,0.54,15.0,0.56,39.19,0.57,5.0,0.44,39.19,0.43,5.0,0.49,25.0,0.5,15.0,0.01,0.05,2346.015428,1776273284000
1776273286.611,286.611,0.55,8.44,0.54,10.0,0.56,46.19,0.57,10.0,0.44,39.19,0.43,5.0,0.45,12.06,0.46,15.0,0.01,0.01,2346.05059,1776273285000
1776273287.844,287.844,0.55,6.88,0.54,10.0,0.56,36.19,0.57,10.0,0.44,46.19,0.43,10.0,0.45,6.88,0.46,10.0,0.01,0.01,2346.014506,1776273286000
1776273289.339,289.339,0.51,1.88,0.5,15.0,0.56,86.19,0.57,40.0,0.44,36.19,0.43,10.0,0.45,6.88,0.46,10.0,0.05,0.01,2346.005626,1776273288000
1776273290.37,290.37,0.52,132.0,0.51,6.88,0.57,0.92,0.58,5.0,0.44,86.19,0.43,40.0,0.49,1.88,0.5,15.0,0.05,0.05,2346.002462,1776273289000
1776273290.943,290.943,0.62,15.0,0.61,60.0,0.64,9.21,0.65,10.0,0.43,0.92,0.42,5.0,0.48,132.0,0.49,6.88,0.02,0.05,2346.002462,1776273289000
1776273291.178,291.178,0.62,20.0,0.61,65.0,0.64,3.81,0.65,10.0,0.36,9.21,0.35,10.0,0.38,15.0,0.39,60.0,0.02,0.02,2346.0338,1776273290000
1776273291.697,291.697,0.63,17.29,0.62,15.0,0.64,10.0,0.65,10.0,0.36,1.63,0.35,10.0,0.37,25.0,0.38,15.0,0.01,0.01,2346.0338,1776273290000
1776273292.08,292.08,0.61,8.33,0.56,50.0,0.64,20.0,0.65,15.0,0.36,20.0,0.35,10.0,0.37,7.61,0.38,5.0,0.03,0.01,2346.0338,1776273290000
1776273292.378,292.378,0.56,55.0,0.53,36.0,0.57,1.53,0.58,10.0,0.37,10.0,0.36,20.0,0.44,50.0,0.46,10.0,0.01,0.07,2346.024047,1776273291000
1776273292.816,292.816,0.56,60.0,0.53,46.0,0.58,6.8,0.59,10.0,0.43,1.53,0.42,10.0,0.44,55.0,0.47,36.0,0.02,0.01,2346.024047,1776273291000
1776273293.043,293.043,0.56,65.0,0.55,16.0,0.57,5.0,0.58,6.8,0.42,6.8,0.41,10.0,0.44,60.0,0.47,46.0,0.01,0.02,2346.024047,1776273291000
1776273293.7,293.7,0.49,10.0,0.48,10.0,0.59,15.0,0.6,10.0,0.43,5.0,0.42,6.8,0.44,65.0,0.45,16.0,0.1,0.01,2346.020479,1776273292000
1776273294.302,294.302,0.54,11.0,0.51,40.0,0.59,25.0,0.6,15.0,0.37,8.0,0.36,10.0,0.42,15.0,0.48,10.0,0.05,0.05,2346.020479,1776273292000
1776273294.52,294.52,0.54,6.0,0.53,10.0,0.55,16.36,0.56,65.0,0.41,25.0,0.4,15.0,0.46,11.0,0.49,40.0,0.01,0.05,2346.046919,1776273293000
1776273296.216,296.216,0.55,10.0,0.54,21.0,0.56,46.67,0.58,10.0,0.45,16.36,0.44,65.0,0.46,6.0,0.47,10.0,0.01,0.01,2346.007142,1776273295000
1776273296.442,296.442,0.52,3.56,0.51,10.0,0.56,45.01,0.58,10.0,0.44,40.01,0.42,10.0,0.45,7.56,0.46,21.0,0.04,0.01,2346.007142,1776273295000
1776273297.35,297.35,0.6,10.0,0.59,15.0,0.61,9.02,0.64,30.0,0.43,8.67,0.42,10.0,0.45,10.0,0.46,10.0,0.01,0.02,2346.012616,1776273296000
1776273297.646,297.646,0.66,45.45,0.65,10.0,0.71,29.96,0.74,30.0,0.29,39.96,0.24,50.0,0.3,5.0,0.31,10.0,0.05,0.01,2346.012616,1776273296000
1776273298.36,298.36,0.66,47.22,0.61,56.0,0.67,15.0,0.68,10.0,0.26,26.54,0.22,35.0,0.27,15.0,0.28,10.0,0.01,0.01,2346.020759,1776273297000
1776273298.66,298.66,0.66,47.22,0.65,5.0,0.67,13.51,0.68,10.0,0.31,22.22,0.3,10.0,0.34,42.22,0.39,56.0,0.01,0.03,2346.020759,1776273297000
1776273299.254,299.254,0.68,20.0,0.67,15.0,0.99,616.15,,,0.3,2.04,0.29,10.0,0.34,47.22,0.35,5.0,0.31,0.04,2346.020759,1776273297000
1776273299.508,299.508,0.78,13.0,0.77,5.0,0.96,35.81,0.99,611.15,0.04,23.0,0.01,616.15,0.25,23.0,0.32,15.0,0.18,0.21,2346.011396,1776273298000
1776273299.772,299.772,0.87,1.21,0.84,19.0,0.98,5.0,0.99,709.15,0.02,95.0,0.01,611.15,0.04,36.96,0.16,7.0,0.11,0.02,2346.011396,1776273298000
1776273300.052,300.052,0.81,42.0,0.8,10.0,0.99,514.37,,,0.01,608.42,,,0.07,24.0,0.19,37.0,0.18,0.06,2346.007612,1776273299000
1776273300.473,300.473,0.99,324.49,0.98,12.7,,,,,,,,,0.02,7.5,0.19,42.0,,,2346.007612,1776273299000
1776273300.775,300.775,0.99,1336.01,0.98,12.7,,,,,,,,,0.01,324.49,0.02,12.7,,,2346.007612,1776273299000

# RESULT,winner=Up,slug=eth-updown-5m-1776273000,ticks=396
