timestamp,elapsed_sec,up_bid_p1,up_bid_s1,up_bid_p2,up_bid_s2,up_ask_p1,up_ask_s1,up_ask_p2,up_ask_s2,down_bid_p1,down_bid_s1,down_bid_p2,down_bid_s2,down_ask_p1,down_ask_s1,down_ask_p2,down_ask_s2,up_spread,down_spread,eth_price,eth_oracle_ts
1776290401.036,1.036,0.49,33.29,0.46,155.82,0.54,155.05,0.6,44.0,0.46,155.05,0.4,44.0,0.51,33.29,0.54,155.82,0.05,0.05,2361.758454,1776290400000
1776290401.781,1.781,0.49,26.32,0.47,10.0,0.5,251.0,0.51,135.0,0.5,5.0,0.49,13.0,0.51,28.29,0.54,155.82,0.01,0.01,2361.758454,1776290400000
1776290402.038,2.038,0.49,0.73,0.47,21.0,0.5,137.0,0.51,118.0,0.5,262.0,0.49,140.0,0.51,4.32,0.53,10.0,0.01,0.01,2361.758454,1776290400000
1776290402.308,2.308,0.48,5.0,0.47,23.19,0.5,12.0,0.51,123.0,0.5,42.0,0.49,118.0,0.53,18.19,0.54,21.82,0.02,0.03,2361.747163,1776290401000
1776290402.577,2.577,0.48,5.0,0.47,23.19,0.5,19.84,0.51,118.0,0.5,12.0,0.49,123.0,0.52,5.0,0.53,23.19,0.02,0.02,2361.747163,1776290401000
1776290403.104,3.104,0.49,5.0,0.48,20.0,0.5,17.84,0.51,118.0,0.5,19.84,0.49,118.0,0.52,5.0,0.53,23.19,0.01,0.02,2361.747163,1776290401000
1776290405.245,5.245,0.49,100.0,0.48,135.0,0.5,30.84,0.51,144.0,0.5,17.84,0.49,118.0,0.51,5.0,0.52,20.0,0.01,0.01,2361.747163,1776290401000
1776290405.478,5.478,0.49,100.0,0.48,135.0,0.5,30.84,0.51,144.0,0.5,30.84,0.49,144.0,0.51,100.0,0.52,135.0,0.01,0.01,2361.786054,1776290404000
1776290405.904,5.904,0.49,109.0,0.48,140.0,0.5,25.84,0.51,144.0,0.5,25.84,0.49,144.0,0.51,109.0,0.52,140.0,0.01,0.01,2361.786054,1776290405000
1776290407.025,7.025,0.53,15.0,0.52,36.0,0.54,7.23,0.55,123.0,0.5,20.84,0.49,133.0,0.52,55.0,0.53,35.0,0.01,0.02,2361.786054,1776290405000
1776290407.281,7.281,0.54,15.0,0.53,25.0,0.55,129.0,0.56,113.0,0.45,119.0,0.44,113.0,0.47,25.0,0.48,48.0,0.01,0.02,2361.786054,1776290405000
1776290407.598,7.598,0.54,1.0,0.53,30.0,0.55,10.0,0.56,113.0,0.45,129.0,0.44,113.0,0.46,15.0,0.47,25.0,0.01,0.01,2361.754719,1776290406000
1776290408.229,8.229,0.55,15.0,0.54,6.0,0.56,13.0,0.57,13.0,0.44,110.0,0.43,113.0,0.45,15.0,0.46,11.0,0.01,0.01,2361.754719,1776290406000
1776290408.572,8.572,0.55,20.0,0.54,6.0,0.56,13.0,0.57,49.79,0.44,13.0,0.43,13.0,0.45,15.0,0.46,6.0,0.01,0.01,2361.787384,1776290407000
1776290408.857,8.857,0.55,20.0,0.54,6.0,0.56,13.0,0.57,49.79,0.44,13.0,0.43,49.79,0.45,20.0,0.46,6.0,0.01,0.01,2361.844684,1776290408000
1776290409.114,9.114,0.54,131.0,0.53,140.0,0.56,18.0,0.57,28.0,0.44,13.0,0.43,49.79,0.45,20.0,0.46,6.0,0.02,0.01,2361.844684,1776290408000
1776290409.383,9.383,0.66,3.15,0.65,7.69,0.67,5.0,0.69,11.0,0.4,25.0,0.39,50.0,0.41,6.34,0.42,110.0,0.01,0.01,2361.844684,1776290408000
1776290409.652,9.652,0.71,9.58,0.7,160.0,0.75,25.0,0.76,75.0,0.28,27.25,0.27,25.0,0.29,4.58,0.3,37.14,0.04,0.01,2361.844684,1776290408000
1776290409.874,9.874,0.75,15.0,0.74,15.0,0.76,5.5,0.77,11.0,0.24,37.5,0.23,11.0,0.25,15.0,0.26,15.0,0.01,0.01,2361.844684,1776290408000
1776290410.37,10.37,0.76,28.38,0.75,83.0,0.77,68.0,0.78,93.0,0.23,11.0,0.22,88.0,0.24,8.38,0.25,20.0,0.01,0.01,2362.1401,1776290409000
1776290410.858,10.858,0.75,67.0,0.74,77.0,0.77,1.0,0.78,128.0,0.23,1.0,0.22,185.0,0.24,18.38,0.25,83.0,0.02,0.01,2362.1401,1776290409000
1776290411.208,11.208,0.76,31.5,0.75,56.0,0.77,72.2,0.78,128.0,0.23,1.0,0.22,128.0,0.25,67.0,0.26,77.0,0.01,0.02,2362.843557,1776290410000
1776290411.686,11.686,0.76,41.5,0.75,56.0,0.77,124.7,0.78,65.0,0.23,72.2,0.22,128.0,0.24,31.5,0.25,56.0,0.01,0.01,2362.843557,1776290410000
1776290412.532,12.532,0.76,15.5,0.75,25.5,0.77,191.0,0.78,36.5,0.23,124.7,0.22,65.0,0.24,41.5,0.25,56.0,0.01,0.01,2364.031278,1776290411000
1776290412.75,12.75,0.75,10.0,0.74,65.0,0.77,185.0,0.78,137.23,0.23,180.0,0.22,127.23,0.26,65.0,0.27,41.0,0.02,0.03,2364.031278,1776290411000
1776290413.047,13.047,0.75,3.0,0.74,81.0,0.76,95.0,0.77,205.0,0.24,40.0,0.23,210.0,0.25,10.0,0.26,65.0,0.01,0.01,2364.031278,1776290411000
1776290413.305,13.305,0.74,86.5,0.73,26.0,0.76,102.0,0.77,100.5,0.24,95.0,0.23,205.0,0.25,3.0,0.26,81.0,0.02,0.01,2364.02595,1776290412000
1776290413.585,13.585,0.75,6.0,0.74,61.5,0.76,198.0,0.77,100.5,0.24,102.0,0.23,100.5,0.26,86.5,0.27,26.0,0.01,0.02,2364.02595,1776290412000
1776290413.883,13.883,0.74,20.5,0.73,35.5,0.75,20.0,0.76,181.0,0.24,248.0,0.23,110.5,0.27,26.0,0.28,51.0,0.01,0.03,2364.02595,1776290412000
1776290414.09,14.09,0.74,10.0,0.73,9.0,0.75,74.0,0.76,166.0,0.25,80.0,0.24,166.0,0.27,9.0,0.28,78.5,0.01,0.02,2364.01766,1776290413000
1776290414.767,14.767,0.73,3.19,0.72,38.5,0.74,50.0,0.75,80.0,0.25,80.0,0.24,176.0,0.28,28.5,0.29,87.58,0.01,0.03,2364.01766,1776290413000
1776290414.973,14.973,0.73,9.48,0.72,38.5,0.74,15.0,0.75,15.0,0.24,132.44,0.23,87.5,0.27,3.19,0.28,38.5,0.01,0.03,2364.01766,1776290413000
1776290415.463,15.463,0.72,62.92,0.71,29.58,0.74,16.0,0.75,20.11,0.26,15.0,0.25,15.0,0.27,9.48,0.28,38.5,0.02,0.01,2363.723705,1776290414000
1776290415.975,15.975,0.72,100.08,0.71,51.08,0.73,15.49,0.74,15.0,0.26,16.0,0.25,20.11,0.28,62.92,0.29,29.58,0.01,0.02,2363.723705,1776290414000
1776290416.776,16.776,0.72,112.92,0.71,51.08,0.73,10.49,0.74,15.0,0.27,15.49,0.26,15.0,0.28,100.08,0.29,51.08,0.01,0.01,2363.710644,1776290415000
1776290417.679,17.679,0.72,99.92,0.71,51.08,0.73,10.49,0.74,15.0,0.27,10.49,0.26,15.0,0.28,112.92,0.29,51.08,0.01,0.01,2363.655301,1776290416000
1776290418.125,18.125,0.72,118.34,0.71,51.08,0.73,8.6,0.74,15.0,0.27,10.49,0.26,15.0,0.28,96.34,0.29,51.08,0.01,0.01,2363.718832,1776290417000
1776290419.093,19.093,0.73,5.65,0.72,52.0,0.74,21.0,0.75,35.11,0.26,12.67,0.25,35.11,0.28,118.34,0.29,51.08,0.01,0.02,2363.718832,1776290417000
1776290419.961,19.961,0.73,5.0,0.72,57.65,0.74,89.16,0.75,92.11,0.26,21.0,0.25,35.11,0.27,5.65,0.28,52.0,0.01,0.01,2363.670094,1776290418000
1776290420.424,20.424,0.73,26.84,0.72,46.0,0.74,94.16,0.75,92.11,0.26,89.16,0.25,92.11,0.27,5.0,0.28,57.65,0.01,0.01,2363.670094,1776290418000
1776290421.158,21.158,0.73,132.76,0.72,47.0,0.74,18.69,0.75,73.11,0.26,94.16,0.25,92.11,0.27,26.84,0.28,46.0,0.01,0.01,2363.670094,1776290418000
1776290424.498,24.498,0.73,75.76,0.72,93.0,0.75,135.11,0.76,54.94,0.26,18.69,0.25,73.11,0.27,132.76,0.28,47.0,0.02,0.01,2363.716509,1776290423000
1776290426.068,26.068,0.74,29.84,0.73,109.92,0.75,26.11,0.76,179.94,0.25,135.11,0.24,54.94,0.27,75.76,0.28,93.0,0.01,0.02,2363.719546,1776290424000
1776290427.494,27.494,0.74,196.84,0.73,64.92,0.75,0.11,0.76,29.44,0.25,26.11,0.24,179.94,0.26,29.84,0.27,109.92,0.01,0.01,2363.698766,1776290425000
1776290428.454,28.454,0.74,176.99,0.73,64.92,0.75,0.11,0.76,29.44,0.25,0.11,0.24,29.44,0.26,196.84,0.27,64.92,0.01,0.01,2363.715236,1776290427000
1776290429.889,29.889,0.74,110.99,0.73,132.92,0.76,45.18,0.77,30.5,0.25,0.11,0.24,29.44,0.26,176.99,0.27,64.92,0.02,0.01,2363.785193,1776290428000
1776290430.264,30.264,0.7,25.0,0.68,30.0,0.72,5.08,0.74,151.5,0.24,45.18,0.23,30.5,0.26,110.99,0.27,132.92,0.02,0.02,2363.785193,1776290428000
1776290430.61,30.61,0.66,55.0,0.65,45.0,0.67,5.0,0.68,128.5,0.32,20.5,0.31,15.0,0.33,4.9,0.34,55.0,0.01,0.01,2363.824109,1776290429000
1776290431.219,31.219,0.66,55.0,0.65,160.0,0.68,129.95,0.69,82.0,0.33,5.0,0.32,128.5,0.34,55.0,0.35,45.0,0.02,0.01,2363.823697,1776290430000
1776290432.679,32.679,0.66,41.81,0.65,38.0,0.67,75.5,0.68,76.95,0.33,10.0,0.32,139.95,0.34,40.29,0.35,171.0,0.01,0.01,2363.433302,1776290431000
1776290433.682,33.682,0.64,35.0,0.63,15.0,0.65,25.0,0.66,138.5,0.33,75.5,0.32,76.95,0.34,41.81,0.35,38.0,0.01,0.01,2363.34,1776290432000
1776290434.305,34.305,0.64,65.0,0.63,130.0,0.65,38.18,0.66,138.5,0.35,25.0,0.34,138.5,0.36,35.0,0.37,15.0,0.01,0.01,2363.34,1776290432000
1776290436.837,36.837,0.64,0.69,0.63,38.57,0.65,208.68,0.66,86.38,0.35,38.18,0.34,138.5,0.36,65.0,0.37,130.0,0.01,0.01,2362.982314,1776290435000
1776290437.735,37.735,0.64,33.29,0.63,38.57,0.65,191.68,0.66,86.38,0.35,208.68,0.34,86.38,0.36,0.69,0.37,38.57,0.01,0.01,2362.958538,1776290436000
1776290438.248,38.248,0.64,38.29,0.63,38.57,0.65,186.68,0.66,80.5,0.35,191.68,0.34,86.38,0.36,33.29,0.37,38.57,0.01,0.01,2362.958538,1776290436000
1776290438.91,38.91,0.64,5.0,0.63,28.57,0.65,35.77,0.66,80.5,0.35,180.77,0.34,80.5,0.36,38.29,0.37,38.57,0.01,0.01,2363.021521,1776290437000
1776290440.196,40.196,0.63,33.57,0.62,157.0,0.64,36.5,0.65,150.5,0.35,61.27,0.34,80.5,0.37,28.57,0.38,95.0,0.01,0.02,2362.884778,1776290438000
1776290440.632,40.632,0.63,173.57,0.62,42.0,0.64,6.0,0.65,25.5,0.36,36.5,0.35,150.5,0.37,33.57,0.38,157.0,0.01,0.01,2362.880762,1776290439000
1776290440.979,40.979,0.63,95.57,0.62,110.0,0.64,16.5,0.65,40.5,0.36,6.0,0.35,25.5,0.37,173.57,0.38,42.0,0.01,0.01,2362.880762,1776290439000
1776290441.526,41.526,0.63,92.68,0.62,100.0,0.64,22.05,0.65,40.5,0.36,16.5,0.35,40.5,0.37,95.57,0.38,110.0,0.01,0.01,2362.845488,1776290440000
1776290442.551,42.551,0.63,69.7,0.62,100.0,0.64,27.05,0.65,98.5,0.36,22.05,0.35,40.5,0.37,79.57,0.38,100.0,0.01,0.01,2362.860044,1776290441000
1776290442.983,42.983,0.63,161.0,0.62,43.0,0.64,0.55,0.65,25.5,0.36,27.05,0.35,98.5,0.37,69.7,0.38,100.0,0.01,0.01,2362.860044,1776290441000
1776290445.503,45.503,0.63,15.0,0.62,10.0,0.64,38.93,0.65,40.5,0.34,45.55,0.33,25.5,0.37,166.0,0.38,43.0,0.01,0.03,2362.904445,1776290444000
1776290445.714,45.714,0.62,10.0,0.6,30.0,0.64,152.77,0.65,46.65,0.36,43.93,0.35,46.65,0.37,1.72,0.38,10.0,0.02,0.01,2362.904445,1776290444000
1776290447.479,47.479,0.58,5.61,0.57,25.0,0.59,225.49,0.6,128.65,0.36,152.77,0.35,46.65,0.38,10.0,0.4,30.0,0.01,0.02,2362.820407,1776290446000
1776290450.138,50.138,0.55,126.0,0.54,117.0,0.56,6.39,0.59,273.49,0.41,225.49,0.4,128.65,0.42,5.61,0.43,25.0,0.01,0.01,2362.530647,1776290448000
1776290451.227,51.227,0.55,133.0,0.54,110.0,0.56,46.53,0.57,25.5,0.44,6.39,0.41,273.49,0.45,126.0,0.46,117.0,0.01,0.01,2362.433168,1776290449000
1776290451.883,51.883,0.55,129.66,0.54,80.0,0.56,40.26,0.57,35.5,0.44,38.53,0.43,25.5,0.45,129.66,0.46,110.0,0.01,0.01,2362.455125,1776290451000
1776290452.486,52.486,0.55,110.2,0.54,80.0,0.56,35.26,0.57,35.5,0.44,35.26,0.43,35.5,0.45,132.43,0.46,80.0,0.01,0.01,2362.455125,1776290451000
1776290453.447,53.447,0.55,110.2,0.54,80.0,0.58,0.9,0.59,102.5,0.44,35.26,0.43,35.5,0.45,110.2,0.46,80.0,0.03,0.01,2362.402254,1776290452000
1776290453.79,53.79,0.55,120.2,0.54,80.5,0.56,30.41,0.57,25.5,0.42,0.9,0.41,102.5,0.45,110.2,0.46,80.0,0.01,0.03,2362.402254,1776290452000
1776290454.065,54.065,0.55,120.2,0.54,80.5,0.56,25.41,0.57,20.5,0.44,30.41,0.43,25.5,0.45,120.2,0.46,80.5,0.01,0.01,2362.454452,1776290453000
1776290456.411,56.411,0.55,125.2,0.54,86.15,0.56,36.77,0.57,20.5,0.44,25.41,0.43,20.5,0.45,120.2,0.46,80.5,0.01,0.01,2362.459069,1776290455000
1776290457.046,57.046,0.55,100.56,0.54,70.0,0.56,56.77,0.57,20.5,0.44,36.77,0.43,20.5,0.45,125.2,0.46,86.15,0.01,0.01,2362.398269,1776290456000
1776290457.671,57.671,0.55,89.24,0.54,90.5,0.56,56.77,0.57,30.5,0.44,41.77,0.43,20.5,0.45,86.47,0.46,80.5,0.01,0.01,2362.398269,1776290456000
1776290458.091,58.091,0.55,80.9,0.54,90.5,0.56,51.77,0.57,30.5,0.44,56.77,0.43,30.5,0.45,89.24,0.46,90.5,0.01,0.01,2362.392093,1776290457000
1776290460.624,60.624,0.54,1.73,0.53,13.0,0.55,75.5,0.56,105.76,0.44,51.77,0.43,30.5,0.45,80.9,0.46,90.5,0.01,0.01,2362.239417,1776290459000
1776290461.195,61.195,0.54,6.73,0.53,13.0,0.55,76.59,0.56,105.76,0.45,75.5,0.44,105.76,0.46,1.73,0.47,13.0,0.01,0.01,2362.179521,1776290460000
1776290464.012,64.012,0.52,80.0,0.51,191.5,0.55,169.43,0.56,58.92,0.45,76.59,0.44,105.76,0.46,4.55,0.47,13.0,0.03,0.01,2362.170482,1776290462000
1776290464.648,64.648,0.55,143.5,0.54,144.5,0.56,27.95,0.57,25.0,0.45,169.43,0.44,58.92,0.48,80.0,0.49,191.5,0.01,0.03,2362.170275,1776290463000
1776290465.077,65.077,0.55,231.5,0.54,154.5,0.57,25.0,0.58,45.5,0.44,27.95,0.43,25.0,0.45,138.5,0.46,149.5,0.02,0.01,2362.170275,1776290463000
1776290465.808,65.808,0.57,100.5,0.56,149.5,0.59,111.92,0.6,53.5,0.43,25.0,0.42,45.5,0.45,231.5,0.46,154.5,0.02,0.02,2362.168304,1776290464000
1776290466.4,66.4,0.56,25.32,0.55,137.5,0.58,10.0,0.59,147.76,0.41,111.92,0.4,53.5,0.43,100.5,0.44,149.5,0.02,0.02,2362.21095,1776290465000
1776290469.519,69.519,0.5,75.0,0.49,5.0,0.52,288.49,0.53,153.5,0.42,10.0,0.41,147.76,0.44,25.32,0.45,137.5,0.02,0.02,2362.348719,1776290468000
1776290469.852,69.852,0.46,35.82,0.45,60.0,0.5,312.5,0.51,112.5,0.49,184.49,0.48,258.5,0.51,2.25,0.53,80.0,0.04,0.02,2362.348719,1776290468000
1776290470.083,70.083,0.42,73.0,0.41,57.0,0.45,10.0,0.46,130.59,0.53,35.5,0.52,25.5,0.55,35.0,0.56,55.0,0.03,0.02,2362.348719,1776290468000
1776290470.601,70.601,0.39,7.0,0.36,150.0,0.42,86.34,0.43,45.5,0.57,15.0,0.56,50.84,0.58,63.0,0.59,50.0,0.03,0.01,2362.326021,1776290469000
1776290470.844,70.844,0.36,50.0,0.35,160.65,0.4,40.0,0.41,60.84,0.58,86.34,0.57,45.5,0.61,7.0,0.64,150.0,0.04,0.03,2362.326021,1776290469000
1776290471.336,71.336,0.35,168.65,0.34,43.0,0.38,10.0,0.39,15.0,0.63,10.0,0.62,10.0,0.65,160.65,0.66,31.0,0.03,0.02,2362.326021,1776290469000
1776290471.556,71.556,0.35,138.0,0.34,48.65,0.38,5.65,0.39,15.0,0.64,11.15,0.62,10.0,0.65,138.0,0.66,43.0,0.03,0.01,2361.92505,1776290470000
1776290471.812,71.812,0.35,138.0,0.34,48.65,0.4,6.24,0.41,116.34,0.62,5.65,0.61,15.0,0.65,138.0,0.66,48.65,0.05,0.03,2361.92505,1776290470000
1776290472.779,72.779,0.33,2.88,0.32,39.5,0.36,75.5,0.37,59.5,0.61,10.0,0.6,6.24,0.65,122.56,0.66,48.65,0.03,0.04,2361.339689,1776290471000
1776290473.169,73.169,0.33,10.38,0.32,38.5,0.34,55.0,0.35,30.5,0.64,75.5,0.63,59.5,0.67,2.88,0.68,39.5,0.01,0.03,2361.339689,1776290471000
1776290473.567,73.567,0.32,163.26,0.31,158.8,0.33,15.45,0.34,98.0,0.66,55.0,0.65,30.5,0.68,38.5,0.69,49.45,0.01,0.02,2361.339689,1776290471000
1776290473.797,73.797,0.32,145.56,0.31,158.8,0.33,15.45,0.34,98.0,0.67,15.45,0.66,98.0,0.68,163.26,0.69,158.8,0.01,0.01,2361.161925,1776290472000
1776290474.62,74.62,0.32,133.56,0.31,146.8,0.33,69.45,0.34,108.0,0.67,15.45,0.66,98.0,0.68,145.56,0.69,158.8,0.01,0.01,2361.097627,1776290473000
1776290475.23,75.23,0.32,20.84,0.31,15.0,0.33,132.45,0.34,61.5,0.67,69.45,0.66,108.0,0.68,60.37,0.69,156.8,0.01,0.01,2361.097627,1776290473000
1776290475.432,75.432,0.32,10.27,0.31,25.5,0.33,204.45,0.34,61.5,0.67,132.45,0.66,61.5,0.68,20.84,0.69,15.0,0.01,0.01,2361.097627,1776290473000
1776290476.32,76.32,0.31,156.47,0.3,20.0,0.32,70.0,0.33,34.51,0.67,64.51,0.66,119.0,0.68,0.77,0.69,25.5,0.01,0.01,2360.87512,1776290475000
1776290476.604,76.604,0.31,156.47,0.3,20.0,0.32,66.87,0.33,34.51,0.68,70.0,0.67,34.51,0.69,156.47,0.7,20.0,0.01,0.01,2360.87512,1776290475000
1776290476.931,76.931,0.31,381.47,0.3,101.5,0.32,9.0,0.33,4.51,0.68,57.93,0.67,34.51,0.69,156.47,0.7,20.0,0.01,0.01,2360.87512,1776290475000
1776290478.739,78.739,0.42,143.0,0.41,134.57,0.45,0.5,0.46,30.5,0.64,10.0,0.63,5.0,0.69,376.47,0.7,101.5,0.03,0.05,2360.785769,1776290477000
1776290480.705,80.705,0.45,128.0,0.44,19.0,0.46,7.91,0.47,95.66,0.54,0.04,0.53,40.84,0.55,10.0,0.56,10.0,0.01,0.01,2361.362577,1776290479000
1776290480.913,80.913,0.45,133.45,0.44,30.0,0.46,15.04,0.47,100.66,0.54,7.91,0.53,95.66,0.55,128.0,0.56,19.0,0.01,0.01,2361.362577,1776290479000
1776290481.705,81.705,0.45,101.63,0.44,9.0,0.46,89.03,0.47,80.82,0.54,15.04,0.53,100.66,0.55,132.63,0.56,30.0,0.01,0.01,2361.427736,1776290480000
1776290481.92,81.92,0.45,53.63,0.44,19.0,0.46,80.99,0.47,85.82,0.54,89.03,0.53,80.82,0.55,101.63,0.56,9.0,0.01,0.01,2361.427736,1776290480000
1776290482.366,82.366,0.45,8.1,0.44,19.0,0.46,75.99,0.47,98.15,0.54,80.99,0.53,85.82,0.55,53.63,0.56,19.0,0.01,0.01,2361.427736,1776290480000
1776290483.226,83.226,0.45,8.1,0.44,19.0,0.46,73.59,0.47,93.15,0.54,75.99,0.53,98.15,0.55,8.1,0.56,19.0,0.01,0.01,2361.529062,1776290482000
1776290483.721,83.721,0.45,23.6,0.44,10.0,0.46,60.99,0.47,93.65,0.54,73.59,0.53,93.15,0.55,8.1,0.56,19.0,0.01,0.01,2361.529062,1776290482000
1776290485.793,85.793,0.49,72.0,0.48,153.5,0.51,15.5,0.52,22.22,0.53,75.64,0.52,112.0,0.54,10.0,0.55,28.6,0.02,0.01,2361.506447,1776290484000
1776290487.413,87.413,0.51,199.0,0.5,59.0,0.53,10.0,0.57,35.0,0.49,15.5,0.48,22.22,0.51,72.0,0.52,153.5,0.02,0.02,2361.644689,1776290486000
1776290488.033,88.033,0.56,15.72,0.55,10.0,0.57,45.0,0.58,16.0,0.47,10.0,0.43,35.0,0.49,199.0,0.5,59.0,0.01,0.02,2361.644689,1776290486000
1776290489.534,89.534,0.5,10.0,0.49,10.0,0.51,53.1,0.52,145.5,0.43,45.0,0.42,16.0,0.44,15.72,0.45,10.0,0.01,0.01,2361.904734,1776290488000
1776290490.703,90.703,0.5,30.0,0.49,97.0,0.51,69.1,0.52,163.65,0.49,53.1,0.48,145.5,0.5,10.0,0.51,10.0,0.01,0.01,2361.931258,1776290489000
1776290491.043,91.043,0.5,30.0,0.49,40.0,0.51,179.1,0.52,48.65,0.49,69.1,0.48,163.65,0.5,30.0,0.51,97.0,0.01,0.01,2361.931258,1776290489000
1776290491.258,91.258,0.5,30.0,0.49,40.0,0.51,159.08,0.52,48.65,0.49,179.1,0.48,48.65,0.5,30.0,0.51,40.0,0.01,0.01,2361.931258,1776290489000
1776290492.643,92.643,0.5,30.0,0.49,40.0,0.51,52.61,0.52,158.65,0.49,159.08,0.48,48.65,0.5,30.0,0.51,40.0,0.01,0.01,2361.80448,1776290491000
1776290493.802,93.802,0.5,50.0,0.49,40.0,0.51,94.61,0.52,93.5,0.49,52.61,0.48,158.65,0.5,30.0,0.51,40.0,0.01,0.01,2361.80466,1776290492000
1776290496.348,96.348,0.5,155.0,0.49,65.5,0.51,0.11,0.52,25.5,0.49,94.61,0.48,93.5,0.5,50.0,0.51,40.0,0.01,0.01,2361.82847,1776290495000
1776290496.957,96.957,0.5,155.0,0.49,65.5,0.52,23.68,0.53,28.0,0.49,0.11,0.48,25.5,0.5,155.0,0.51,65.5,0.02,0.01,2361.82847,1776290495000
1776290499.627,99.627,0.51,123.03,0.5,130.0,0.52,33.68,0.53,33.0,0.48,23.68,0.47,28.0,0.5,155.0,0.51,65.5,0.01,0.02,2361.876592,1776290498000
1776290500.38,100.38,0.56,25.5,0.55,210.45,0.58,0.87,0.59,55.0,0.48,23.68,0.47,33.0,0.49,111.13,0.5,135.0,0.02,0.01,2361.876592,1776290498000
1776290500.593,100.593,0.67,60.5,0.66,60.0,0.69,7.58,0.7,35.0,0.31,9.62,0.3,35.0,0.33,464.38,0.34,67.57,0.02,0.02,2361.876592,1776290498000
1776290501.032,101.032,0.75,169.95,0.74,18.0,0.76,52.2,0.77,5.0,0.24,17.68,0.23,10.0,0.29,40.0,0.31,143.5,0.01,0.05,2361.880876,1776290499000
1776290501.269,101.269,0.82,15.0,0.81,10.0,0.83,37.42,0.84,24.0,0.19,43.85,0.18,10.0,0.25,156.45,0.26,28.5,0.01,0.06,2361.880876,1776290499000
1776290501.522,101.522,0.82,15.0,0.81,10.0,0.83,20.29,0.84,116.22,0.17,20.21,0.16,24.0,0.18,15.0,0.19,10.0,0.01,0.01,2361.881031,1776290500000
1776290501.757,101.757,0.83,61.95,0.82,125.0,0.84,119.22,0.85,28.2,0.16,102.22,0.15,33.2,0.18,10.0,0.19,10.0,0.01,0.02,2361.881031,1776290500000
1776290501.957,101.957,0.83,73.05,0.82,10.0,0.84,130.07,0.85,28.2,0.16,130.07,0.15,28.2,0.17,86.0,0.18,10.0,0.01,0.01,2361.881031,1776290500000
1776290502.17,102.17,0.83,53.99,0.82,18.0,0.85,27.13,0.86,129.9,0.15,19.13,0.14,84.9,0.17,65.99,0.18,10.0,0.02,0.02,2361.881031,1776290500000
1776290502.442,102.442,0.83,96.93,0.82,23.0,0.85,85.05,0.86,73.9,0.16,20.0,0.15,29.13,0.17,34.93,0.18,18.0,0.02,0.01,2363.274239,1776290501000
1776290503.272,103.272,0.84,18.0,0.83,64.98,0.85,54.3,0.86,44.0,0.15,79.05,0.14,73.9,0.16,10.0,0.17,96.93,0.01,0.01,2364.313593,1776290502000
1776290503.486,103.486,0.83,45.91,0.82,117.95,0.85,70.53,0.86,125.4,0.15,65.53,0.14,125.4,0.16,8.62,0.17,64.98,0.02,0.01,2364.313593,1776290502000
1776290503.994,103.994,0.83,75.91,0.82,148.15,0.84,29.54,0.85,16.73,0.15,70.53,0.14,125.4,0.17,45.91,0.18,117.95,0.01,0.02,2364.313593,1776290502000
1776290504.253,104.253,0.83,133.91,0.82,38.0,0.84,27.75,0.85,37.23,0.16,29.54,0.15,16.73,0.17,75.91,0.18,148.15,0.01,0.01,2364.3073,1776290503000
1776290505.116,105.116,0.84,129.0,0.83,78.0,0.85,30.5,0.86,203.9,0.15,37.23,0.14,145.9,0.17,133.91,0.18,38.0,0.01,0.02,2364.3073,1776290503000
1776290505.367,105.367,0.84,53.0,0.83,10.0,0.85,37.23,0.86,262.9,0.15,30.5,0.14,253.9,0.16,69.0,0.17,15.0,0.01,0.01,2364.316461,1776290504000
1776290507.459,107.459,0.83,73.0,0.82,11.0,0.85,27.23,0.86,25.5,0.15,42.23,0.14,262.9,0.18,16.0,0.19,118.95,0.02,0.03,2364.288505,1776290506000
1776290508.25,108.25,0.83,18.14,0.82,22.0,0.85,37.23,0.86,25.5,0.15,27.23,0.14,25.5,0.17,71.14,0.18,11.0,0.02,0.02,2364.283128,1776290507000
1776290509.385,109.385,0.84,40.0,0.83,18.14,0.85,36.23,0.86,144.59,0.15,37.23,0.14,25.5,0.17,18.14,0.18,22.0,0.01,0.02,2364.326473,1776290508000
1776290510.742,110.742,0.84,50.0,0.83,13.14,0.85,17.23,0.86,25.5,0.15,24.73,0.14,144.59,0.16,40.0,0.17,18.14,0.01,0.01,2364.320814,1776290509000
1776290512.171,112.171,0.85,22.0,0.84,45.0,0.86,42.71,0.87,176.8,0.15,17.23,0.14,25.5,0.16,50.0,0.17,13.14,0.01,0.01,2364.316899,1776290510000
1776290512.987,112.987,0.84,45.0,0.83,71.14,0.85,9.67,0.86,99.71,0.14,94.71,0.13,124.8,0.15,3.33,0.16,45.0,0.01,0.01,2364.30795,1776290511000
1776290515.393,115.393,0.85,8.33,0.84,108.0,0.86,84.21,0.87,54.87,0.14,84.71,0.13,124.8,0.16,55.0,0.17,71.14,0.01,0.02,2364.309771,1776290514000
1776290517.565,117.565,0.84,25.24,0.83,106.14,0.86,109.71,0.87,41.8,0.14,84.21,0.13,54.87,0.15,8.33,0.16,108.0,0.02,0.01,2364.311266,1776290516000
1776290517.875,117.875,0.83,35.14,0.82,144.37,0.86,266.61,0.87,110.87,0.14,109.71,0.13,41.8,0.16,25.24,0.17,106.14,0.03,0.02,2364.311266,1776290516000
1776290520.021,120.021,0.82,79.0,0.81,31.0,0.84,10.0,0.85,155.0,0.14,266.61,0.13,110.87,0.17,35.14,0.18,144.37,0.02,0.03,2364.308566,1776290518000
1776290520.406,120.406,0.83,83.55,0.82,79.0,0.84,75.07,0.85,98.0,0.16,10.0,0.15,155.0,0.18,79.0,0.19,31.0,0.01,0.02,2364.068916,1776290519000
1776290520.994,120.994,0.83,65.43,0.82,79.0,0.84,80.07,0.85,98.0,0.16,75.07,0.15,98.0,0.17,83.55,0.18,79.0,0.01,0.01,2364.068916,1776290519000
1776290522.271,122.271,0.84,176.0,0.83,182.49,0.85,27.0,0.86,10.0,0.16,80.07,0.15,98.0,0.17,65.43,0.18,79.0,0.01,0.01,2364.043034,1776290520000
1776290522.748,122.748,0.84,215.0,0.83,75.5,0.87,4.0,0.88,21.0,0.15,27.0,0.14,10.0,0.16,176.0,0.17,182.49,0.03,0.01,2363.970437,1776290521000
1776290523.229,123.229,0.86,225.0,0.85,179.96,0.88,9.88,0.89,35.0,0.14,66.83,0.13,35.0,0.15,42.0,0.16,201.0,0.02,0.01,2363.995617,1776290522000
1776290523.617,123.617,0.87,231.96,0.86,116.96,0.89,33.39,0.9,60.0,0.12,9.88,0.11,35.0,0.14,225.0,0.15,179.96,0.02,0.02,2363.995617,1776290522000
1776290523.942,123.942,0.88,251.96,0.87,109.49,0.9,16.0,0.91,59.87,0.11,33.39,0.1,60.0,0.13,231.96,0.14,116.96,0.02,0.02,2364.181455,1776290523000
1776290525.572,125.572,0.89,216.0,0.88,150.33,0.9,9.5,0.91,59.87,0.1,16.0,0.09,59.87,0.12,251.96,0.13,109.49,0.01,0.02,2364.48041,1776290524000
1776290526.279,126.279,0.89,211.0,0.88,150.33,0.9,3.95,0.91,59.87,0.1,9.5,0.09,59.87,0.11,216.0,0.12,150.33,0.01,0.01,2364.872271,1776290525000
1776290527.467,127.467,0.89,119.4,0.88,150.33,0.9,21.39,0.91,59.87,0.1,8.39,0.09,59.87,0.11,211.0,0.12,150.33,0.01,0.01,2364.872271,1776290525000
1776290528.193,128.193,0.89,275.89,0.88,81.96,0.9,0.75,0.91,15.87,0.1,21.39,0.09,59.87,0.11,119.4,0.12,150.33,0.01,0.01,2365.035184,1776290527000
1776290529.158,129.158,0.91,209.0,0.9,185.75,0.92,115.9,0.93,65.3,0.08,115.9,0.07,65.3,0.1,10.25,0.11,275.89,0.01,0.02,2365.035184,1776290527000
1776290530.363,130.363,0.91,249.0,0.9,151.5,0.92,110.9,0.93,65.3,0.08,115.9,0.07,65.3,0.09,209.0,0.1,185.75,0.01,0.01,2365.045822,1776290528000
1776290531.179,131.179,0.91,243.5,0.9,103.5,0.92,108.9,0.93,89.3,0.08,110.9,0.07,65.3,0.09,249.0,0.1,151.5,0.01,0.01,2365.407009,1776290530000
1776290531.411,131.411,0.91,548.87,0.9,312.73,0.92,60.91,0.93,10.0,0.08,63.91,0.07,89.3,0.09,301.5,0.1,103.5,0.01,0.01,2365.407009,1776290530000
1776290532.065,132.065,0.92,437.87,0.91,332.5,0.93,10.0,0.94,10.0,0.07,10.0,0.06,123.8,0.09,669.87,0.1,222.73,0.01,0.02,2365.407009,1776290530000
1776290532.409,132.409,0.93,74.37,0.92,364.5,0.95,151.8,0.96,204.3,0.05,151.8,0.04,204.3,0.08,414.87,0.09,410.13,0.02,0.03,2365.430724,1776290531000
1776290532.62,132.62,0.93,172.37,0.92,317.5,0.94,4.0,0.95,230.0,0.05,151.8,0.04,204.3,0.07,74.37,0.08,364.5,0.01,0.02,2365.430724,1776290531000
1776290533.062,133.062,0.93,192.87,0.92,317.5,0.94,2.93,0.95,230.0,0.06,4.0,0.05,230.0,0.07,172.37,0.08,317.5,0.01,0.01,2365.430724,1776290531000
1776290534.029,134.029,0.93,152.47,0.92,235.5,0.94,2.98,0.95,230.0,0.06,2.93,0.05,230.0,0.07,192.87,0.08,317.5,0.01,0.01,2366.095819,1776290533000
1776290535.64,135.64,0.93,8.02,0.92,117.0,0.94,185.0,0.95,188.0,0.06,2.98,0.05,230.0,0.07,152.47,0.08,235.5,0.01,0.01,2366.1812,1776290534000
1776290536.317,136.317,0.92,23.0,0.91,135.0,0.93,89.0,0.94,67.0,0.06,185.0,0.05,188.0,0.07,8.02,0.08,117.0,0.01,0.01,2366.08977,1776290535000
1776290536.727,136.727,0.92,114.05,0.91,20.0,0.93,87.92,0.94,73.8,0.07,89.0,0.06,67.0,0.08,23.0,0.09,135.0,0.01,0.01,2366.08977,1776290535000
1776290537.266,137.266,0.92,80.27,0.91,193.03,0.93,194.22,0.94,131.8,0.07,87.92,0.06,73.8,0.08,114.05,0.09,20.0,0.01,0.01,2366.05751,1776290536000
1776290538.526,138.526,0.92,72.77,0.91,95.96,0.93,199.22,0.94,131.8,0.07,194.22,0.06,131.8,0.08,80.27,0.09,193.03,0.01,0.01,2365.559752,1776290537000
1776290540.12,140.12,0.92,416.26,0.91,136.96,0.94,10.0,0.95,115.8,0.07,199.22,0.06,131.8,0.08,72.77,0.09,95.96,0.02,0.01,2365.557224,1776290538000
1776290540.889,140.889,0.94,15.0,0.93,232.5,0.95,164.8,0.96,243.8,0.06,7.0,0.05,115.8,0.08,416.26,0.09,136.96,0.01,0.02,2365.568191,1776290539000
1776290543.499,143.499,0.94,149.53,0.93,227.96,0.95,184.4,0.96,243.8,0.05,164.8,0.04,243.8,0.06,15.0,0.07,232.5,0.01,0.01,2365.70865,1776290541000
1776290548.468,148.468,0.94,363.49,0.93,165.5,0.95,29.4,0.96,257.8,0.05,184.4,0.04,243.8,0.06,149.53,0.07,227.96,0.01,0.01,2366.009512,1776290547000
1776290549.279,149.279,0.94,385.83,0.93,157.5,0.95,23.38,0.96,315.8,0.05,29.4,0.04,257.8,0.06,363.49,0.07,165.5,0.01,0.01,2366.009512,1776290547000
1776290550.674,150.674,0.94,730.11,0.93,554.0,0.95,9.76,0.96,222.0,0.05,19.33,0.04,222.0,0.06,417.74,0.07,457.5,0.01,0.01,2366.350841,1776290549000
1776290550.946,150.946,0.94,730.11,0.93,554.0,0.95,8.5,0.96,222.0,0.05,9.76,0.04,222.0,0.06,730.11,0.07,554.0,0.01,0.01,2366.350841,1776290549000
1776290551.574,151.574,0.95,202.79,0.94,620.75,0.96,28.55,0.97,522.7,0.04,244.3,0.03,522.7,0.05,50.0,0.06,722.74,0.01,0.01,2366.274402,1776290550000
1776290552.048,152.048,0.95,146.79,0.94,553.75,0.96,86.3,0.97,481.7,0.04,8.14,0.03,522.7,0.05,202.79,0.06,680.75,0.01,0.01,2366.274402,1776290550000
1776290552.887,152.887,0.95,123.33,0.94,226.75,0.96,278.73,0.97,559.7,0.04,339.5,0.03,501.7,0.05,83.8,0.06,303.28,0.01,0.01,2366.296486,1776290552000
1776290553.295,153.295,0.95,61.3,0.94,226.75,0.96,258.73,0.97,559.7,0.04,278.73,0.03,559.7,0.05,61.3,0.06,226.75,0.01,0.01,2366.296486,1776290552000
1776290554.348,154.348,0.94,59.25,0.93,18.33,0.96,226.8,0.97,539.7,0.04,258.73,0.03,559.7,0.05,61.3,0.06,226.75,0.02,0.01,2366.294868,1776290553000
1776290554.616,154.616,0.94,26.25,0.93,13.33,0.95,182.8,0.96,133.8,0.05,111.8,0.04,225.77,0.06,56.25,0.07,18.33,0.01,0.01,2366.294868,1776290553000
1776290555.164,155.164,0.91,15.0,0.9,193.03,0.93,72.0,0.94,153.8,0.06,32.0,0.05,237.22,0.08,39.95,0.09,112.03,0.02,0.02,2366.143986,1776290554000
1776290555.691,155.691,0.9,183.49,0.89,130.5,0.92,67.0,0.93,65.3,0.07,72.0,0.06,153.8,0.09,15.0,0.1,193.03,0.02,0.02,2366.143986,1776290554000
1776290556.642,156.642,0.92,88.0,0.91,87.5,0.93,48.3,0.94,241.13,0.08,67.0,0.07,65.3,0.1,183.49,0.11,130.5,0.01,0.02,2365.594678,1776290555000
1776290557.569,157.569,0.92,133.5,0.91,163.49,0.93,38.3,0.94,165.8,0.07,48.3,0.06,241.13,0.08,88.0,0.09,87.5,0.01,0.01,2365.24073,1776290556000
1776290559.567,159.567,0.91,153.49,0.9,160.49,0.92,12.77,0.93,98.18,0.07,26.18,0.06,165.8,0.08,123.0,0.09,163.49,0.01,0.01,2365.192404,1776290558000
1776290560.822,160.822,0.91,104.37,0.9,133.49,0.92,12.77,0.93,41.18,0.08,12.77,0.07,98.18,0.09,153.49,0.1,160.49,0.01,0.01,2365.192404,1776290559000
1776290562.69,162.69,0.91,247.07,0.9,287.49,0.92,9.63,0.93,41.18,0.08,12.77,0.07,41.18,0.09,104.37,0.1,133.49,0.01,0.01,2365.134052,1776290561000
1776290563.581,163.581,0.91,247.07,0.9,287.49,0.93,5.49,0.94,223.8,0.08,16.49,0.07,41.18,0.09,252.07,0.1,287.49,0.02,0.01,2365.129003,1776290562000
1776290565.467,165.467,0.92,93.0,0.91,370.93,0.93,60.79,0.94,129.8,0.07,5.49,0.06,223.8,0.09,247.07,0.1,287.49,0.01,0.02,2365.125674,1776290564000
1776290566.39,166.39,0.92,165.0,0.91,217.03,0.93,55.79,0.94,100.8,0.07,60.79,0.06,129.8,0.08,93.0,0.09,370.93,0.01,0.01,2365.126027,1776290565000
1776290567.008,167.008,0.94,65.0,0.93,204.96,0.95,256.8,0.96,126.8,0.07,55.79,0.06,100.8,0.08,165.0,0.09,217.03,0.01,0.01,2365.126027,1776290565000
1776290567.387,167.387,0.94,371.71,0.93,95.96,0.95,157.7,0.96,205.8,0.05,157.7,0.04,108.8,0.06,144.0,0.07,289.96,0.01,0.01,2365.075529,1776290566000
1776290568.025,168.025,0.94,356.71,0.93,120.96,0.95,149.36,0.96,205.8,0.05,157.7,0.04,205.8,0.06,371.71,0.07,95.96,0.01,0.01,2365.070153,1776290567000
1776290568.373,168.373,0.94,355.66,0.93,113.96,0.95,137.89,0.96,205.8,0.05,137.89,0.04,205.8,0.06,351.71,0.07,120.96,0.01,0.01,2365.070153,1776290567000
1776290569.374,169.374,0.94,404.72,0.93,93.96,0.95,100.0,0.96,205.8,0.05,137.89,0.04,205.8,0.06,355.66,0.07,113.96,0.01,0.01,2365.518364,1776290568000
1776290570.141,170.141,0.94,314.72,0.93,93.96,0.95,45.0,0.96,108.8,0.05,100.0,0.04,205.8,0.06,404.72,0.07,93.96,0.01,0.01,2365.608555,1776290569000
1776290570.779,170.779,0.94,330.72,0.93,370.29,0.95,98.0,0.96,108.8,0.05,45.0,0.04,108.8,0.06,314.72,0.07,93.96,0.01,0.01,2365.608555,1776290569000
1776290571.087,171.087,0.94,289.72,0.93,370.29,0.95,28.0,0.96,108.8,0.05,58.0,0.04,108.8,0.06,295.72,0.07,370.29,0.01,0.01,2365.608555,1776290569000
1776290571.8,171.8,0.94,454.57,0.93,247.96,0.95,26.84,0.96,108.8,0.05,28.0,0.04,108.8,0.06,289.72,0.07,370.29,0.01,0.01,2365.715272,1776290570000
1776290579.82,179.82,0.96,35.0,0.94,456.15,0.97,586.67,0.98,657.16,0.05,26.84,0.04,108.8,0.06,454.57,0.07,247.96,0.01,0.01,2365.72325,1776290578000
1776290580.876,180.876,0.96,178.07,0.95,286.5,0.97,342.0,0.98,765.16,0.03,581.67,0.02,657.16,0.04,35.0,0.06,451.15,0.01,0.01,2365.743709,1776290579000
1776290581.231,181.231,0.96,203.07,0.95,300.5,0.97,334.93,0.98,765.16,0.03,342.0,0.02,765.16,0.04,178.07,0.05,286.5,0.01,0.01,2365.755259,1776290580000
1776290581.767,181.767,0.96,208.07,0.95,300.5,0.97,334.77,0.98,765.16,0.03,334.93,0.02,765.16,0.04,203.07,0.05,300.5,0.01,0.01,2365.755259,1776290580000
1776290581.993,181.993,0.96,203.07,0.95,300.5,0.97,301.19,0.98,765.16,0.03,334.77,0.02,765.16,0.04,208.07,0.05,300.5,0.01,0.01,2365.755259,1776290580000
1776290582.302,182.302,0.96,302.07,0.95,337.69,0.97,275.9,0.98,765.16,0.03,290.19,0.02,765.16,0.04,208.07,0.05,300.5,0.01,0.01,2365.770803,1776290581000
1776290582.773,182.773,0.96,307.07,0.95,342.69,0.97,264.55,0.98,725.7,0.03,275.9,0.02,765.16,0.04,302.07,0.05,337.69,0.01,0.01,2365.770803,1776290581000
1776290584.246,184.246,0.96,340.0,0.95,247.5,0.97,259.55,0.98,725.7,0.03,264.55,0.02,725.7,0.04,307.07,0.05,342.69,0.01,0.01,2365.98821,1776290582000
1776290585.527,185.527,0.96,240.29,0.95,305.5,0.97,199.55,0.98,731.67,0.03,229.55,0.02,725.7,0.04,324.29,0.05,247.5,0.01,0.01,2366.041045,1776290584000
1776290585.89,185.89,0.96,672.79,0.95,281.3,0.97,159.55,0.98,295.0,0.03,199.55,0.02,731.67,0.04,240.29,0.05,305.5,0.01,0.01,2366.041045,1776290584000
1776290586.096,186.096,0.97,749.2,0.96,441.79,0.98,245.0,0.99,2765.21,0.02,245.0,0.01,2765.21,0.03,463.0,0.04,572.79,0.01,0.01,2366.041045,1776290584000
1776290586.433,186.433,0.97,735.22,0.96,471.49,0.98,116.0,0.99,2871.18,0.02,216.0,0.01,2865.21,0.03,732.2,0.04,471.49,0.01,0.01,2366.135778,1776290585000
1776290586.94,186.94,0.97,868.92,0.96,471.49,0.98,82.92,0.99,2871.18,0.02,83.95,0.01,2871.18,0.03,735.22,0.04,476.49,0.01,0.01,2366.135778,1776290585000
1776290588.137,188.137,0.97,1260.42,0.96,471.49,0.98,52.92,0.99,2871.18,0.02,82.92,0.01,2871.18,0.03,868.92,0.04,471.49,0.01,0.01,2366.349415,1776290586000
1776290588.611,188.611,0.97,1105.42,0.96,471.49,0.98,44.83,0.99,2871.18,0.02,52.92,0.01,2871.18,0.03,1260.42,0.04,471.49,0.01,0.01,2367.380477,1776290587000
1776290588.812,188.812,0.97,1105.42,0.96,471.49,0.98,12.77,0.99,2871.18,0.02,13.8,0.01,2871.18,0.03,1105.42,0.04,471.49,0.01,0.01,2367.380477,1776290587000
1776290589.305,189.305,0.98,174.0,0.97,894.07,0.99,2847.28,,,0.01,2870.57,,,0.03,1105.42,0.04,471.49,0.01,0.02,2367.380477,1776290587000
1776290589.55,189.55,0.98,174.0,0.97,784.07,0.99,2837.28,,,0.01,2847.28,,,0.02,174.0,0.03,894.07,0.01,0.01,2367.485577,1776290588000
1776290589.777,189.777,0.98,161.0,0.97,784.07,0.99,2741.22,,,0.01,2776.22,,,0.02,161.0,0.03,784.07,0.01,0.01,2367.485577,1776290588000
1776290590.048,190.048,0.98,171.0,0.97,1084.07,0.99,2736.22,,,0.01,2741.22,,,0.02,161.0,0.03,784.07,0.01,0.01,2367.47816,1776290589000
1776290590.321,190.321,0.98,171.0,0.97,1084.07,0.99,2718.99,,,0.01,2720.01,,,0.02,171.0,0.03,1084.07,0.01,0.01,2367.47816,1776290589000
1776290590.989,190.989,0.98,211.0,0.97,587.57,0.99,2703.87,,,0.01,2718.99,,,0.02,171.0,0.03,1084.07,0.01,0.01,2367.477364,1776290590000
1776290591.211,191.211,0.98,334.0,0.97,892.57,0.99,2523.87,,,0.01,2703.87,,,0.02,211.0,0.03,587.57,0.01,0.01,2367.477364,1776290590000
1776290591.572,191.572,0.98,425.19,0.97,668.57,0.99,2488.87,,,0.01,2523.87,,,0.02,334.0,0.03,892.57,0.01,0.01,2367.477364,1776290590000
1776290591.902,191.902,0.98,330.19,0.97,798.7,0.99,2011.3,,,0.01,2488.87,,,0.02,425.19,0.03,668.57,0.01,0.01,2367.477364,1776290590000
1776290592.213,192.213,0.98,330.19,0.97,549.7,0.99,1899.3,,,0.01,1911.3,,,0.02,330.19,0.03,798.7,0.01,0.01,2367.477364,1776290590000
1776290592.676,192.676,0.98,431.65,0.97,592.2,0.99,714.22,,,0.01,1764.22,,,0.02,513.89,0.03,633.7,0.01,0.01,2367.476948,1776290591000
1776290593.007,193.007,0.98,896.17,0.97,392.2,0.99,685.22,,,0.01,692.22,,,0.02,580.65,0.03,392.2,0.01,0.01,2367.476948,1776290591000
1776290593.547,193.547,0.98,973.38,0.97,634.2,0.99,578.11,,,0.01,683.22,,,0.02,890.15,0.03,392.2,0.01,0.01,2367.500387,1776290592000
1776290593.874,193.874,0.98,958.38,0.97,665.2,0.99,534.11,,,0.01,578.11,,,0.02,973.38,0.03,634.2,0.01,0.01,2367.500387,1776290592000
1776290594.075,194.075,0.98,676.88,0.97,672.2,0.99,47.68,,,0.01,197.68,,,0.02,676.88,0.03,672.2,0.01,0.01,2367.500387,1776290592000
1776290594.317,194.317,0.98,1056.88,0.97,792.2,0.99,5.53,,,0.01,6.55,,,0.02,1068.38,0.03,672.2,0.01,0.01,2367.500387,1776290592000
1776290595.0,195.0,0.99,742.29,0.98,345.89,,,,,,,,,0.01,224.71,0.02,305.89,,,2367.8964,1776290593000
1776290599.686,199.686,0.99,618.6,0.98,651.91,,,,,,,,,0.01,742.29,0.02,345.89,,,2368.447899,1776290598000
1776290600.362,200.362,0.99,628.9,0.98,335.89,,,,,,,,,0.01,589.6,0.02,645.89,,,2368.460777,1776290599000
1776290608.837,208.837,0.99,463.47,0.98,365.89,,,,,,,,,0.01,628.9,0.02,335.89,,,2367.967707,1776290607000
1776290615.882,215.882,0.99,903.86,0.98,442.2,,,,,,,,,0.01,463.47,0.02,365.89,,,2368.037721,1776290614000
1776290640.692,240.692,0.99,18983.69,0.98,269.7,,,,,,,,,0.01,903.86,0.02,442.2,,,2370.35394,1776290639000
1776290643.788,243.788,0.99,18366.41,0.98,264.7,,,,,,,,,0.01,18983.69,0.02,269.7,,,2370.678835,1776290642000
1776290666.319,266.319,0.99,18664.18,0.98,270.7,,,,,,,,,0.01,18366.41,0.02,264.7,,,2370.782264,1776290664000
1776290685.366,285.366,0.99,23415.81,0.98,119.0,,,,,,,,,0.01,18664.18,0.02,270.7,,,2374.470772,1776290684000

# RESULT,winner=Up,slug=eth-updown-5m-1776290400,ticks=244
