timestamp,elapsed_sec,up_bid_p1,up_bid_s1,up_bid_p2,up_bid_s2,up_ask_p1,up_ask_s1,up_ask_p2,up_ask_s2,down_bid_p1,down_bid_s1,down_bid_p2,down_bid_s2,down_ask_p1,down_ask_s1,down_ask_p2,down_ask_s2,up_spread,down_spread,eth_price,eth_oracle_ts
1776325200.547,0.547,0.52,205.98,0.51,5.0,0.55,57.2,0.6,38.0,0.4,38.0,0.39,34.0,0.41,12.8,0.48,205.98,0.03,0.01,2351.390885,1776325198000
1776325201.238,1.238,0.52,205.98,0.51,5.0,0.55,57.2,0.6,38.0,0.45,57.2,0.4,38.0,0.48,205.98,0.49,5.0,0.03,0.03,2351.385625,1776325200000
1776325202.559,2.559,0.52,13.68,0.51,5.0,0.55,68.47,0.56,83.0,0.45,68.47,0.44,83.0,0.48,13.68,0.49,5.0,0.03,0.03,2351.394435,1776325201000
1776325202.968,2.968,0.52,20.49,0.51,5.0,0.53,10.0,0.54,13.0,0.45,68.47,0.44,83.0,0.48,13.68,0.49,5.0,0.01,0.03,2351.394435,1776325201000
1776325203.271,3.271,0.52,22.24,0.51,5.0,0.53,10.0,0.54,13.0,0.47,10.0,0.46,13.0,0.48,22.24,0.49,5.0,0.01,0.01,2351.40028,1776325202000
1776325204.741,4.741,0.52,22.24,0.51,5.0,0.53,10.0,0.54,13.0,0.47,10.0,0.46,13.0,0.48,22.24,0.49,5.0,0.01,0.01,2351.464056,1776325203000
1776325205.39,5.39,0.52,17.24,0.51,5.0,0.53,16.69,0.54,28.0,0.47,16.69,0.46,28.0,0.48,17.24,0.49,5.0,0.01,0.01,2351.395525,1776325204000
1776325205.72,5.72,0.52,17.24,0.51,5.0,0.53,16.69,0.54,28.0,0.47,16.69,0.46,28.0,0.48,17.24,0.49,5.0,0.01,0.01,2351.395525,1776325204000
1776325206.122,6.122,0.52,12.24,0.51,5.0,0.53,8.65,0.54,28.0,0.47,8.65,0.46,28.0,0.48,12.24,0.49,5.0,0.01,0.01,2351.382645,1776325205000
1776325206.958,6.958,0.52,12.24,0.51,10.0,0.53,6.76,0.54,28.0,0.47,8.65,0.46,28.0,0.48,12.24,0.49,5.0,0.01,0.01,2351.382645,1776325205000
1776325207.233,7.233,0.52,17.24,0.51,5.0,0.53,9.87,0.54,28.0,0.47,6.76,0.46,28.0,0.48,12.24,0.49,10.0,0.01,0.01,2351.382645,1776325205000
1776325207.536,7.536,0.52,17.24,0.51,5.0,0.53,9.87,0.54,28.0,0.47,9.87,0.46,28.0,0.48,17.24,0.49,5.0,0.01,0.01,2351.37094,1776325206000
1776325208.204,8.204,0.52,7.24,0.51,5.0,0.53,100.87,0.54,34.0,0.47,9.87,0.46,28.0,0.48,17.24,0.49,5.0,0.01,0.01,2351.37094,1776325206000
1776325208.956,8.956,0.49,31.2,0.46,8.0,0.51,160.76,0.52,93.0,0.49,160.76,0.48,93.0,0.51,31.2,0.54,8.0,0.02,0.02,2351.35966,1776325207000
1776325209.513,9.513,0.49,31.2,0.46,8.0,0.51,160.76,0.52,93.0,0.49,160.76,0.48,93.0,0.51,31.2,0.54,8.0,0.02,0.02,2351.364,1776325208000
1776325209.927,9.927,0.47,10.1,0.46,8.0,0.5,109.0,0.51,161.67,0.5,109.0,0.49,161.67,0.53,10.1,0.54,8.0,0.03,0.03,2351.26471,1776325209000
1776325210.933,10.933,0.47,10.1,0.46,8.0,0.5,109.0,0.51,161.67,0.5,109.0,0.49,161.67,0.53,10.1,0.54,8.0,0.03,0.03,2351.06055,1776325210000
1776325213.659,13.659,0.47,4.43,0.46,8.0,0.48,84.5,0.49,182.0,0.5,109.0,0.49,161.67,0.53,10.1,0.54,8.0,0.01,0.03,2350.991775,1776325212000
1776325215.721,15.721,0.46,2.43,0.41,15.0,0.48,80.0,0.49,182.0,0.52,84.5,0.51,182.0,0.53,4.43,0.54,8.0,0.02,0.01,2350.99361,1776325214000
1776325216.174,16.174,0.41,15.0,0.4,18.0,0.43,20.0,0.44,20.0,0.52,85.0,0.51,182.0,0.59,15.0,0.6,13.0,0.02,0.07,2350.99361,1776325214000
1776325216.43,16.43,0.39,8.0,0.38,28.0,0.42,10.0,0.43,20.0,0.57,20.0,0.56,20.0,0.59,15.0,0.6,18.0,0.03,0.02,2350.99067,1776325215000
1776325216.71,16.71,0.37,84.23,0.36,150.5,0.41,15.0,0.42,10.0,0.58,10.0,0.57,20.0,0.6,22.0,0.61,26.0,0.04,0.02,2350.99067,1776325215000
1776325217.634,17.634,0.33,2.02,0.32,35.0,0.37,10.0,0.38,20.0,0.58,4.64,0.57,20.0,0.6,5.0,0.63,84.23,0.04,0.02,2350.99067,1776325216000
1776325217.856,17.856,0.31,53.4,0.3,81.0,0.32,20.0,0.33,15.0,0.63,10.0,0.62,20.0,0.67,2.02,0.68,35.0,0.01,0.04,2350.99067,1776325216000
1776325218.68,18.68,0.31,68.3,0.3,91.0,0.32,4.84,0.33,10.0,0.68,15.0,0.67,15.0,0.69,53.3,0.7,81.0,0.01,0.01,2351.0,1776325217000
1776325219.329,19.329,0.31,61.05,0.3,91.0,0.32,4.84,0.33,10.0,0.68,4.84,0.67,10.0,0.69,68.3,0.7,91.0,0.01,0.01,2350.98253,1776325218000
1776325219.616,19.616,0.31,61.05,0.3,91.0,0.33,8.63,0.34,10.0,0.68,4.84,0.67,10.0,0.69,61.05,0.7,91.0,0.02,0.01,2350.98253,1776325218000
1776325220.155,20.155,0.32,5.0,0.31,71.05,0.33,5.59,0.34,10.0,0.67,8.63,0.66,10.0,0.69,61.05,0.7,91.0,0.01,0.02,2350.738947,1776325219000
1776325222.194,22.194,0.32,108.0,0.31,76.05,0.34,6.6,0.35,20.0,0.67,5.59,0.66,10.0,0.68,5.0,0.69,71.05,0.02,0.01,2350.683825,1776325220000
1776325224.41,24.41,0.33,54.85,0.32,109.0,0.34,6.6,0.35,15.0,0.66,6.6,0.65,20.0,0.68,108.0,0.69,76.05,0.01,0.02,2350.69995,1776325222000
1776325227.53,27.53,0.33,9.85,0.32,220.0,0.34,16.6,0.35,15.0,0.66,6.6,0.65,15.0,0.67,54.85,0.68,109.0,0.01,0.01,2350.70767,1776325225000
1776325228.118,28.118,0.33,9.85,0.32,220.0,0.35,2.69,0.36,10.0,0.66,16.6,0.65,15.0,0.67,9.85,0.68,220.0,0.02,0.01,2350.650468,1776325226000
1776325229.62,29.62,0.32,145.0,0.31,46.05,0.33,26.0,0.34,15.0,0.65,2.69,0.64,10.0,0.67,9.85,0.68,220.0,0.01,0.02,2350.613085,1776325228000
1776325229.846,29.846,0.32,123.0,0.31,46.05,0.33,31.0,0.34,20.0,0.67,26.0,0.66,15.0,0.68,145.0,0.69,46.05,0.01,0.01,2350.613085,1776325228000
1776325230.92,30.92,0.32,112.07,0.31,46.05,0.33,71.0,0.34,25.0,0.67,31.0,0.66,20.0,0.68,117.0,0.69,46.05,0.01,0.01,2350.577965,1776325229000
1776325231.296,31.296,0.32,126.59,0.31,56.05,0.33,31.0,0.34,15.0,0.67,71.0,0.66,25.0,0.68,105.59,0.69,46.05,0.01,0.01,2350.574305,1776325230000
1776325231.7,31.7,0.32,143.59,0.31,72.05,0.33,7.0,0.34,10.0,0.67,31.0,0.66,15.0,0.68,126.59,0.69,56.05,0.01,0.01,2350.574305,1776325230000
1776325232.781,32.781,0.32,6.53,0.31,72.05,0.33,27.0,0.34,10.0,0.67,7.0,0.66,10.0,0.68,143.59,0.69,72.05,0.01,0.01,2350.53911,1776325231000
1776325233.241,33.241,0.32,27.99,0.31,142.05,0.33,23.96,0.34,10.0,0.67,27.0,0.66,10.0,0.68,6.53,0.69,72.05,0.01,0.01,2350.53911,1776325231000
1776325233.48,33.48,0.32,22.99,0.31,142.05,0.33,27.96,0.34,10.0,0.67,23.96,0.66,10.0,0.68,27.99,0.69,142.05,0.01,0.01,2350.531195,1776325232000
1776325235.99,35.99,0.31,143.05,0.3,31.0,0.32,70.87,0.33,10.0,0.67,32.96,0.66,10.0,0.68,7.99,0.69,142.05,0.01,0.01,2350.59107,1776325235000
1776325237.026,37.026,0.31,211.05,0.3,40.0,0.37,5.0,0.38,5.0,0.68,70.87,0.67,10.0,0.69,143.05,0.7,31.0,0.06,0.01,2350.59107,1776325235000
1776325237.385,37.385,0.38,21.0,0.37,96.0,0.44,2.75,0.45,14.0,0.63,5.0,0.62,5.0,0.69,211.05,0.7,40.0,0.06,0.06,2350.578025,1776325236000
1776325237.622,37.622,0.44,10.0,0.43,21.0,0.45,0.55,0.46,16.0,0.56,2.75,0.55,14.0,0.62,21.0,0.63,96.0,0.01,0.06,2350.578025,1776325236000
1776325238.078,38.078,0.42,5.0,0.41,67.26,0.44,30.0,0.45,10.55,0.55,0.55,0.54,16.0,0.56,10.0,0.57,21.0,0.02,0.01,2350.578025,1776325236000
1776325238.554,38.554,0.42,26.0,0.41,80.26,0.43,7.67,0.44,40.0,0.56,30.0,0.55,10.55,0.58,5.0,0.59,67.26,0.01,0.02,2350.562065,1776325237000
1776325239.402,39.402,0.42,5.0,0.41,74.26,0.43,23.01,0.44,30.0,0.57,7.67,0.56,40.0,0.58,26.0,0.59,80.26,0.01,0.01,2350.70941,1776325238000
1776325241.514,41.514,0.42,71.0,0.41,84.26,0.43,2.67,0.44,20.0,0.57,23.01,0.56,30.0,0.58,5.0,0.59,74.26,0.01,0.01,2350.936485,1776325239000
1776325241.856,41.856,0.43,71.0,0.42,55.0,0.44,14.54,0.46,26.0,0.57,2.67,0.56,20.0,0.58,71.0,0.59,84.26,0.01,0.01,2350.936485,1776325239000
1776325243.919,43.919,0.43,76.0,0.42,60.0,0.44,9.54,0.46,6.0,0.56,14.54,0.54,26.0,0.57,71.0,0.58,55.0,0.01,0.01,2350.95936,1776325242000
1776325244.35,44.35,0.43,41.0,0.42,25.0,0.44,12.26,0.45,10.0,0.56,4.54,0.54,6.0,0.57,76.0,0.58,60.0,0.01,0.01,2350.95936,1776325242000
1776325248.166,48.166,0.43,5.0,0.42,5.0,0.44,19.72,0.45,26.0,0.55,10.0,0.54,10.0,0.57,41.0,0.58,15.0,0.01,0.02,2351.112521,1776325246000
1776325252.013,52.013,0.4,70.72,0.39,85.0,0.44,27.0,0.45,15.0,0.56,19.72,0.55,26.0,0.57,5.0,0.58,5.0,0.04,0.01,2351.025118,1776325250000
1776325253.465,53.465,0.42,25.0,0.41,134.0,0.44,5.0,0.45,5.0,0.57,12.67,0.56,20.0,0.58,10.0,0.59,15.0,0.02,0.01,2351.126099,1776325251000
1776325253.721,53.721,0.43,51.0,0.42,30.0,0.45,4.31,0.46,5.0,0.56,5.0,0.55,5.0,0.58,25.0,0.59,134.0,0.02,0.02,2351.034215,1776325252000
1776325254.516,54.516,0.44,25.0,0.43,25.0,0.45,2.08,0.46,5.0,0.55,4.31,0.54,5.0,0.57,51.0,0.58,30.0,0.01,0.02,2351.02891,1776325253000
1776325255.821,55.821,0.45,20.0,0.44,20.0,0.47,19.74,0.48,15.0,0.55,2.08,0.54,5.0,0.56,25.0,0.57,25.0,0.02,0.01,2351.028995,1776325254000
1776325256.644,56.644,0.45,20.0,0.44,25.0,0.47,18.61,0.48,21.0,0.53,19.74,0.52,15.0,0.55,20.0,0.56,20.0,0.02,0.02,2351.184494,1776325255000
1776325257.427,57.427,0.45,25.0,0.44,25.0,0.47,13.61,0.48,26.0,0.53,18.61,0.52,21.0,0.55,20.0,0.56,25.0,0.02,0.02,2351.211984,1776325256000
1776325258.335,58.335,0.42,5.0,0.41,85.0,0.44,78.0,0.45,20.0,0.53,13.61,0.52,26.0,0.55,25.0,0.56,25.0,0.02,0.02,2351.211984,1776325256000
1776325259.804,59.804,0.42,5.0,0.41,85.0,0.43,109.67,0.44,26.0,0.56,78.0,0.55,20.0,0.58,5.0,0.59,85.0,0.01,0.02,2351.221145,1776325258000
1776325261.553,61.553,0.42,15.0,0.41,90.0,0.43,56.0,0.44,15.0,0.57,109.67,0.56,26.0,0.58,5.0,0.59,85.0,0.01,0.01,2351.03731,1776325260000
1776325262.535,62.535,0.31,67.52,0.3,80.0,0.35,73.0,0.36,20.0,0.57,56.0,0.56,15.0,0.58,15.0,0.59,90.0,0.04,0.01,2351.156525,1776325261000
1776325262.86,62.86,0.31,67.42,0.3,70.0,0.33,8.69,0.34,10.0,0.68,10.0,0.67,10.0,0.69,67.42,0.7,80.0,0.02,0.01,2351.156525,1776325261000
1776325264.649,64.649,0.3,33.23,0.29,85.0,0.31,55.0,0.32,15.0,0.68,54.0,0.67,8.69,0.7,24.52,0.71,80.0,0.01,0.02,2351.039037,1776325263000
1776325265.094,65.094,0.3,38.23,0.29,85.0,0.31,40.0,0.34,6.0,0.69,55.0,0.68,15.0,0.7,33.23,0.71,85.0,0.01,0.01,2351.039037,1776325263000
1776325265.348,65.348,0.3,97.23,0.29,96.0,0.34,21.0,0.35,15.0,0.69,40.0,0.66,6.0,0.7,38.23,0.71,85.0,0.04,0.01,2350.72906,1776325264000
1776325266.036,66.036,0.36,170.0,0.35,120.0,0.44,14.75,0.45,84.0,0.66,21.0,0.65,15.0,0.7,97.23,0.71,96.0,0.08,0.04,2350.72906,1776325264000
1776325266.258,66.258,0.45,20.0,0.44,15.0,0.46,31.0,0.47,20.0,0.52,5.59,0.51,85.46,0.56,11.36,0.57,10.0,0.01,0.04,2350.72906,1776325264000
1776325266.65,66.65,0.44,51.0,0.43,20.0,0.45,41.86,0.46,10.0,0.54,42.0,0.53,20.0,0.55,7.08,0.56,15.0,0.01,0.01,2350.61363,1776325265000
1776325266.966,66.966,0.44,56.0,0.43,20.0,0.45,65.79,0.46,15.0,0.55,41.86,0.54,10.0,0.56,51.0,0.57,20.0,0.01,0.01,2350.61363,1776325265000
1776325267.216,67.216,0.44,43.9,0.43,20.0,0.45,65.79,0.46,15.0,0.55,65.79,0.54,15.0,0.56,56.0,0.57,20.0,0.01,0.01,2350.61363,1776325265000
1776325267.773,67.773,0.42,10.0,0.41,5.0,0.45,80.79,0.46,10.0,0.55,65.79,0.54,15.0,0.56,43.9,0.57,20.0,0.03,0.01,2350.64099,1776325266000
1776325269.352,69.352,0.42,27.64,0.4,17.0,0.43,18.0,0.44,15.0,0.55,80.79,0.54,10.0,0.58,10.0,0.59,5.0,0.01,0.03,2350.97655,1776325268000
1776325269.601,69.601,0.42,11.75,0.41,5.0,0.43,18.0,0.44,20.0,0.57,18.0,0.56,15.0,0.58,27.64,0.6,17.0,0.01,0.01,2350.97655,1776325268000
1776325269.959,69.959,0.41,9.66,0.4,17.0,0.42,10.0,0.43,18.0,0.57,18.0,0.56,20.0,0.59,5.0,0.6,17.0,0.01,0.02,2350.97655,1776325268000
1776325270.273,70.273,0.4,10.0,0.39,18.0,0.42,10.0,0.43,23.0,0.58,10.0,0.57,23.0,0.6,10.0,0.61,18.0,0.02,0.02,2351.021595,1776325269000
1776325270.759,70.759,0.39,18.0,0.38,80.0,0.42,20.0,0.43,18.0,0.58,10.0,0.57,23.0,0.61,18.0,0.62,80.0,0.03,0.03,2351.021595,1776325269000
1776325271.083,71.083,0.39,2.24,0.38,80.0,0.41,20.0,0.42,10.0,0.58,20.0,0.57,18.0,0.61,18.0,0.62,80.0,0.02,0.03,2351.021595,1776325269000
1776325271.424,71.424,0.39,20.24,0.38,80.0,0.4,7.5,0.41,15.0,0.59,20.0,0.58,10.0,0.61,2.24,0.62,80.0,0.01,0.02,2351.02938,1776325270000
1776325274.572,74.572,0.39,13.0,0.38,87.0,0.4,52.5,0.41,10.0,0.6,17.5,0.59,10.0,0.61,11.36,0.62,85.0,0.01,0.01,2351.0419,1776325273000
1776325276.071,76.071,0.39,8.0,0.38,82.0,0.4,59.5,0.41,15.0,0.6,52.5,0.59,10.0,0.61,13.0,0.62,87.0,0.01,0.01,2351.036655,1776325275000
1776325280.146,80.146,0.39,20.0,0.38,94.0,0.41,20.0,0.42,20.0,0.6,59.5,0.59,15.0,0.61,8.0,0.62,82.0,0.02,0.01,2351.031795,1776325279000
1776325280.467,80.467,0.39,19.95,0.38,94.0,0.4,15.0,0.41,15.0,0.59,20.0,0.58,20.0,0.61,20.0,0.62,94.0,0.01,0.02,2351.031795,1776325279000
1776325281.194,81.194,0.38,92.54,0.37,112.0,0.4,15.0,0.41,15.0,0.6,15.0,0.59,15.0,0.62,94.0,0.63,112.0,0.02,0.02,2351.041825,1776325280000
1776325284.185,84.185,0.38,62.44,0.37,117.0,0.39,17.87,0.4,21.0,0.6,15.0,0.59,15.0,0.62,77.44,0.63,112.0,0.01,0.02,2351.031415,1776325283000
1776325286.816,86.816,0.41,25.0,0.4,90.0,0.42,0.17,0.43,5.0,0.61,17.87,0.6,21.0,0.62,62.44,0.63,117.0,0.01,0.01,2351.006605,1776325285000
1776325290.17,90.17,0.41,50.0,0.4,105.0,0.42,7.78,0.43,5.0,0.58,0.17,0.57,5.0,0.59,25.0,0.6,90.0,0.01,0.01,2351.163593,1776325289000
1776325290.817,90.817,0.41,40.58,0.4,105.0,0.42,7.78,0.43,5.0,0.58,7.78,0.57,5.0,0.59,50.0,0.6,105.0,0.01,0.01,2351.163593,1776325289000
1776325291.426,91.426,0.41,12.61,0.4,20.0,0.42,12.78,0.43,15.0,0.58,7.78,0.57,5.0,0.59,40.58,0.6,105.0,0.01,0.01,2351.134671,1776325290000
1776325304.788,104.788,0.4,15.0,0.39,15.0,0.41,7.0,0.42,15.0,0.58,12.78,0.57,15.0,0.59,3.35,0.6,20.0,0.01,0.01,2351.084005,1776325303000
1776325305.07,105.07,0.4,15.0,0.39,15.0,0.41,2.64,0.42,15.0,0.59,7.0,0.58,15.0,0.6,15.0,0.61,15.0,0.01,0.01,2351.100645,1776325304000
1776325306.388,106.388,0.4,50.0,0.39,35.1,0.44,12.68,0.45,21.0,0.59,2.64,0.58,15.0,0.6,15.0,0.61,15.0,0.04,0.01,2351.10689,1776325305000
1776325306.873,106.873,0.41,20.0,0.4,35.0,0.42,19.61,0.43,17.0,0.56,12.68,0.55,21.0,0.6,50.0,0.61,35.1,0.01,0.04,2351.10689,1776325305000
1776325308.096,108.096,0.41,15.0,0.4,35.0,0.42,0.75,0.43,22.0,0.58,19.61,0.57,17.0,0.59,20.0,0.6,35.0,0.01,0.01,2351.127715,1776325307000
1776325309.815,109.815,0.41,10.0,0.4,20.0,0.42,9.0,0.43,27.0,0.58,0.75,0.57,22.0,0.59,15.0,0.6,35.0,0.01,0.01,2351.127615,1776325308000
1776325311.044,111.044,0.39,32.0,0.38,75.44,0.42,84.0,0.43,27.0,0.58,9.0,0.57,27.0,0.59,10.0,0.6,20.0,0.03,0.01,2351.1185,1776325310000
1776325316.319,116.319,0.39,13.97,0.38,25.0,0.4,104.0,0.41,85.0,0.6,24.0,0.59,15.0,0.61,23.81,0.62,37.0,0.01,0.01,2351.112891,1776325315000
1776325317.738,117.738,0.38,18.75,0.37,41.0,0.4,58.0,0.41,85.0,0.6,104.0,0.59,85.0,0.61,13.97,0.62,25.0,0.02,0.01,2351.034915,1776325316000
1776325321.9,121.9,0.37,7.0,0.3,5.0,0.38,421.99,0.39,67.53,0.6,58.0,0.59,85.0,0.62,18.75,0.63,41.0,0.01,0.02,2351.037495,1776325320000
1776325322.135,122.135,0.25,10.9,0.24,53.7,0.26,91.0,0.27,10.0,0.62,436.99,0.61,67.53,0.75,10.7,0.76,38.7,0.01,0.13,2351.037495,1776325320000
1776325322.471,122.471,0.25,9.9,0.24,34.0,0.26,126.3,0.27,15.0,0.74,91.0,0.73,10.0,0.75,10.9,0.76,53.7,0.01,0.01,2351.037495,1776325321000
1776325323.389,123.389,0.25,39.9,0.24,104.0,0.26,12.3,0.28,5.0,0.74,57.0,0.72,5.0,0.75,19.9,0.76,34.0,0.01,0.01,2351.037495,1776325321000
1776325324.249,124.249,0.2,6.37,0.17,20.0,0.21,116.0,0.22,15.0,0.74,12.3,0.73,5.0,0.75,38.56,0.76,115.0,0.01,0.01,2350.815032,1776325323000
1776325324.665,124.665,0.17,11.79,0.16,125.69,0.18,120.0,0.19,21.0,0.79,126.0,0.78,23.0,0.83,6.9,0.84,82.0,0.01,0.04,2350.815032,1776325323000
1776325325.082,125.082,0.17,6.79,0.16,125.69,0.18,82.0,0.19,21.0,0.82,120.0,0.81,21.0,0.83,11.79,0.84,125.69,0.01,0.01,2350.815032,1776325323000
1776325327.621,127.621,0.16,224.69,0.15,59.0,0.17,23.17,0.18,12.0,0.82,76.44,0.81,21.0,0.83,6.79,0.84,125.69,0.01,0.01,2350.640876,1776325325000
1776325327.97,127.97,0.16,224.69,0.15,59.0,0.17,18.36,0.18,12.0,0.83,23.17,0.82,12.0,0.84,224.69,0.85,59.0,0.01,0.01,2350.165055,1776325326000
1776325328.199,128.199,0.16,224.69,0.15,59.0,0.17,18.36,0.18,12.0,0.83,18.36,0.82,12.0,0.84,224.69,0.85,59.0,0.01,0.01,2350.165055,1776325326000
1776325328.564,128.564,0.16,221.29,0.15,59.0,0.17,18.36,0.18,12.0,0.83,18.36,0.82,12.0,0.84,224.69,0.85,59.0,0.01,0.01,2350.170315,1776325327000
1776325329.238,129.238,0.16,186.29,0.15,59.0,0.21,14.8,0.22,32.0,0.83,12.47,0.82,12.0,0.84,221.29,0.85,59.0,0.05,0.01,2350.17783,1776325328000
1776325331.766,131.766,0.21,105.0,0.2,57.0,0.23,5.0,0.25,21.0,0.79,14.8,0.78,32.0,0.84,186.29,0.85,59.0,0.02,0.05,2350.23083,1776325330000
1776325332.198,132.198,0.24,54.0,0.23,145.0,0.25,6.77,0.31,16.0,0.77,18.0,0.75,6.0,0.78,50.0,0.79,113.0,0.01,0.01,2350.23083,1776325330000
1776325332.42,132.42,0.3,15.71,0.29,20.0,0.31,18.77,0.32,26.0,0.69,13.77,0.68,26.0,0.71,20.0,0.72,20.0,0.01,0.02,2350.236437,1776325331000
1776325337.586,137.586,0.3,10.71,0.29,10.0,0.31,4.0,0.32,16.0,0.69,18.77,0.68,26.0,0.7,15.71,0.71,20.0,0.01,0.01,2350.626983,1776325336000
1776325337.869,137.869,0.31,15.0,0.3,25.71,0.33,4.85,0.34,10.0,0.69,4.0,0.68,16.0,0.7,10.71,0.71,10.0,0.02,0.01,2350.626983,1776325336000
1776325338.071,138.071,0.32,16.0,0.31,5.0,0.33,2.72,0.34,21.0,0.67,4.85,0.66,10.0,0.69,15.0,0.7,25.71,0.01,0.02,2350.626983,1776325336000
1776325338.365,138.365,0.24,21.0,0.23,45.3,0.28,127.0,0.29,20.0,0.67,2.72,0.66,21.0,0.68,16.0,0.69,5.0,0.04,0.01,2350.626983,1776325336000
1776325338.703,138.703,0.24,35.55,0.23,55.3,0.25,38.0,0.26,10.0,0.72,127.0,0.71,20.0,0.76,21.0,0.77,45.3,0.01,0.04,2350.627999,1776325337000
1776325339.24,139.24,0.25,36.57,0.24,36.0,0.26,5.0,0.27,15.0,0.75,38.0,0.74,10.0,0.76,35.55,0.77,55.3,0.01,0.01,2350.627999,1776325338000
1776325339.5,139.5,0.25,37.74,0.24,36.0,0.26,15.0,0.27,15.0,0.74,5.0,0.73,15.0,0.75,36.57,0.76,36.0,0.01,0.01,2350.627999,1776325338000
1776325340.034,140.034,0.25,35.0,0.24,36.0,0.26,9.0,0.27,15.0,0.74,15.0,0.73,15.0,0.75,37.74,0.76,36.0,0.01,0.01,2350.627999,1776325338000
1776325342.808,142.808,0.25,83.4,0.24,41.0,0.27,15.0,0.28,15.0,0.74,9.0,0.73,15.0,0.75,35.0,0.76,36.0,0.02,0.01,2350.668009,1776325341000
1776325344.248,144.248,0.26,20.0,0.25,28.4,0.29,19.62,0.3,85.0,0.73,15.0,0.72,15.0,0.75,83.4,0.76,41.0,0.03,0.02,2350.63187,1776325342000
1776325353.419,153.419,0.3,55.0,0.29,90.0,0.34,5.88,0.36,73.97,0.71,19.62,0.7,85.0,0.74,20.0,0.75,28.4,0.04,0.03,2350.599655,1776325352000
1776325353.911,153.911,0.39,17.9,0.38,20.0,0.4,75.0,0.41,70.0,0.61,74.14,0.6,89.0,0.62,20.0,0.63,10.0,0.01,0.01,2350.599655,1776325352000
1776325354.354,154.354,0.38,20.0,0.37,15.0,0.4,89.0,0.41,174.74,0.6,80.0,0.59,107.75,0.61,2.73,0.62,20.0,0.02,0.01,2350.595966,1776325353000
1776325356.882,156.882,0.39,13.36,0.38,15.0,0.4,170.99,0.41,137.33,0.6,94.0,0.59,174.74,0.62,15.0,0.63,15.0,0.01,0.02,2350.85718,1776325355000
1776325358.846,158.846,0.41,20.0,0.4,27.0,0.42,63.97,0.43,13.0,0.6,170.99,0.59,137.33,0.61,13.36,0.62,15.0,0.01,0.01,2350.880422,1776325357000
1776325359.24,159.24,0.44,15.0,0.43,15.0,0.45,123.0,0.46,23.0,0.54,20.9,0.53,10.0,0.58,20.0,0.59,25.0,0.01,0.04,2350.897805,1776325358000
1776325359.692,159.692,0.34,16.5,0.33,15.0,0.41,94.0,0.42,91.0,0.55,124.86,0.54,23.0,0.56,5.0,0.57,15.0,0.07,0.01,2350.897805,1776325358000
1776325361.324,161.324,0.3,5.4,0.29,5.0,0.31,105.0,0.32,27.0,0.6,93.75,0.59,55.0,0.61,5.0,0.62,5.0,0.01,0.01,2351.030485,1776325360000
1776325362.803,162.803,0.3,15.4,0.29,15.0,0.31,94.64,0.32,22.0,0.69,113.0,0.68,22.0,0.7,0.4,0.71,10.0,0.01,0.01,2350.970811,1776325361000
1776325363.064,163.064,0.3,15.4,0.29,15.0,0.31,91.41,0.32,22.0,0.69,94.64,0.68,22.0,0.7,15.4,0.71,15.0,0.01,0.01,2350.970811,1776325361000
1776325363.498,163.498,0.27,85.0,0.26,205.0,0.31,112.0,0.32,37.0,0.69,91.41,0.68,22.0,0.7,15.4,0.71,15.0,0.04,0.01,2350.915181,1776325362000
1776325363.778,163.778,0.27,30.0,0.26,65.0,0.28,107.0,0.29,21.0,0.69,112.0,0.68,37.0,0.73,85.0,0.74,205.0,0.01,0.04,2350.915181,1776325362000
1776325364.241,164.241,0.25,10.0,0.24,15.0,0.28,81.0,0.29,26.0,0.72,110.0,0.71,21.0,0.73,30.0,0.74,65.0,0.03,0.01,2350.915181,1776325362000
1776325366.487,166.487,0.25,11.93,0.24,15.0,0.26,88.0,0.27,21.0,0.74,28.0,0.73,21.0,0.75,13.6,0.76,15.0,0.01,0.01,2350.7897,1776325365000
1776325367.717,167.717,0.25,1.43,0.24,80.99,0.26,81.0,0.27,21.0,0.74,88.0,0.73,21.0,0.75,11.93,0.76,15.0,0.01,0.01,2350.754961,1776325366000
1776325370.889,170.889,0.25,75.32,0.24,25.98,0.26,86.0,0.27,21.0,0.74,81.0,0.73,21.0,0.75,1.43,0.76,80.99,0.01,0.01,2350.66296,1776325369000
1776325373.932,173.932,0.25,36.32,0.24,15.98,0.26,138.0,0.27,33.0,0.74,86.0,0.73,21.0,0.75,75.32,0.76,25.98,0.01,0.01,2350.63499,1776325372000
1776325374.94,174.94,0.25,36.32,0.24,15.98,0.26,134.15,0.27,33.0,0.74,138.0,0.73,33.0,0.75,36.32,0.76,15.98,0.01,0.01,2350.709863,1776325373000
1776325375.413,175.413,0.23,1.0,0.2,14.98,0.24,150.0,0.25,80.0,0.74,134.15,0.73,33.0,0.75,36.32,0.76,15.98,0.01,0.01,2350.633605,1776325374000
1776325375.813,175.813,0.18,24.78,0.17,37.0,0.19,92.0,0.2,69.0,0.8,64.0,0.79,15.0,0.82,26.0,0.83,10.0,0.01,0.02,2350.633605,1776325374000
1776325378.169,178.169,0.18,26.98,0.17,37.0,0.19,40.57,0.2,27.0,0.81,92.0,0.8,69.0,0.82,24.78,0.83,37.0,0.01,0.01,2350.426473,1776325376000
1776325378.733,178.733,0.18,24.54,0.17,37.0,0.19,28.57,0.2,27.0,0.81,40.57,0.8,27.0,0.82,26.98,0.83,37.0,0.01,0.01,2350.405815,1776325377000
1776325380.843,180.843,0.16,53.63,0.13,31.8,0.19,111.57,0.2,27.0,0.81,28.57,0.8,27.0,0.82,24.54,0.83,37.0,0.03,0.01,2350.448508,1776325379000
1776325381.47,181.47,0.16,28.22,0.1,20.0,0.17,42.0,0.18,23.0,0.81,111.57,0.8,27.0,0.84,53.63,0.87,31.8,0.01,0.03,2350.3729,1776325380000
1776325381.705,181.705,0.11,40.0,0.1,99.9,0.17,89.88,0.18,23.0,0.83,42.0,0.82,23.0,0.9,19.9,0.91,16.0,0.06,0.07,2350.3729,1776325380000
1776325381.954,181.954,0.12,32.0,0.11,50.0,0.15,3.11,0.19,37.0,0.83,89.88,0.82,23.0,0.89,40.0,0.9,99.9,0.03,0.06,2350.3729,1776325381000
1776325382.238,182.238,0.13,53.0,0.12,16.0,0.15,1.53,0.17,5.0,0.85,3.11,0.81,37.0,0.88,32.0,0.89,50.0,0.02,0.03,2350.3729,1776325381000
1776325382.773,182.773,0.16,128.94,0.15,96.0,0.17,10.0,0.18,5.0,0.83,5.0,0.81,29.0,0.84,48.47,0.87,46.17,0.01,0.01,2350.3729,1776325381000
1776325383.602,183.602,0.13,10.0,0.12,44.98,0.17,37.0,0.18,29.0,0.83,10.0,0.82,5.0,0.84,96.76,0.85,96.0,0.04,0.01,2350.20495,1776325382000
1776325383.82,183.82,0.13,10.0,0.12,10.0,0.16,10.0,0.17,15.0,0.83,37.0,0.82,29.0,0.87,10.0,0.88,44.98,0.03,0.04,2350.20495,1776325382000
1776325384.222,184.222,0.14,21.0,0.13,10.0,0.15,16.0,0.16,34.0,0.84,10.0,0.83,15.0,0.87,10.0,0.88,10.0,0.01,0.03,2350.220155,1776325383000
1776325384.453,184.453,0.14,15.0,0.13,10.0,0.15,32.0,0.16,34.0,0.85,16.0,0.84,34.0,0.86,21.0,0.87,10.0,0.01,0.01,2350.220155,1776325383000
1776325385.13,185.13,0.13,155.42,0.12,203.96,0.14,10.0,0.15,25.0,0.85,32.0,0.84,34.0,0.86,15.0,0.87,10.0,0.01,0.01,2350.220155,1776325383000
1776325385.353,185.353,0.13,4.0,0.12,15.0,0.14,10.0,0.15,25.0,0.86,10.0,0.85,25.0,0.87,155.42,0.88,203.96,0.01,0.01,2350.220155,1776325383000
1776325386.364,186.364,0.13,27.0,0.12,45.99,0.14,18.43,0.15,25.0,0.86,10.0,0.85,25.0,0.87,4.0,0.88,15.0,0.01,0.01,2350.22879,1776325385000
1776325387.025,187.025,0.13,15.0,0.12,38.99,0.14,13.43,0.15,25.0,0.86,18.43,0.85,25.0,0.87,27.0,0.88,45.99,0.01,0.01,2350.22879,1776325385000
1776325387.829,187.829,0.13,23.8,0.12,26.34,0.14,8.43,0.15,25.0,0.86,13.43,0.85,25.0,0.87,15.0,0.88,38.99,0.01,0.01,2350.154755,1776325386000
1776325389.402,189.402,0.13,10.0,0.12,32.99,0.14,10.85,0.15,25.0,0.86,8.43,0.85,25.0,0.87,23.8,0.88,26.34,0.01,0.01,2350.12309,1776325388000
1776325390.146,190.146,0.12,22.16,0.11,118.0,0.13,15.0,0.14,10.0,0.86,10.85,0.85,25.0,0.88,31.51,0.89,118.0,0.01,0.02,2350.12309,1776325388000
1776325392.802,192.802,0.12,45.81,0.11,123.0,0.14,10.0,0.15,20.0,0.87,15.0,0.86,10.0,0.88,22.16,0.89,118.0,0.02,0.01,2350.13138,1776325391000
1776325393.037,193.037,0.14,38.86,0.13,36.65,0.15,15.0,0.16,28.0,0.86,10.0,0.85,20.0,0.88,45.81,0.89,123.0,0.01,0.02,2350.13138,1776325391000
1776325393.828,193.828,0.15,15.0,0.14,15.0,0.17,40.5,0.18,79.39,0.84,28.0,0.83,40.5,0.86,43.86,0.87,36.65,0.02,0.02,2350.089095,1776325392000
1776325394.627,194.627,0.16,4.7,0.15,15.0,0.17,30.5,0.18,61.39,0.83,40.5,0.82,79.39,0.85,15.0,0.86,15.0,0.01,0.02,2350.09548,1776325393000
1776325396.59,196.59,0.16,43.7,0.15,172.65,0.18,1.16,0.23,7.0,0.83,30.5,0.82,61.39,0.84,4.7,0.85,15.0,0.02,0.01,2350.215095,1776325395000
1776325397.533,197.533,0.2,10.0,0.19,10.0,0.22,6.77,0.23,10.0,0.77,28.9,0.76,10.0,0.8,23.84,0.84,43.7,0.02,0.03,2350.26446,1776325396000
1776325398.016,198.016,0.25,31.0,0.24,20.0,0.26,7.5,0.27,54.0,0.78,6.77,0.77,10.0,0.8,10.0,0.81,10.0,0.01,0.02,2350.26446,1776325396000
1776325398.286,198.286,0.34,35.0,0.33,20.0,0.41,126.0,0.42,5.0,0.65,15.0,0.61,5.0,0.7,13.6,0.75,56.0,0.07,0.05,2350.349175,1776325397000
1776325398.77,198.77,0.4,10.0,0.39,10.0,0.41,85.8,0.43,28.16,0.59,116.0,0.58,5.0,0.6,10.0,0.61,10.0,0.01,0.01,2350.349175,1776325397000
1776325399.352,199.352,0.36,10.0,0.35,10.0,0.39,22.84,0.4,10.0,0.59,61.8,0.58,11.0,0.6,10.0,0.61,10.0,0.03,0.01,2350.427755,1776325398000
1776325400.458,200.458,0.34,3.18,0.32,10.0,0.35,28.0,0.36,15.0,0.61,22.84,0.6,10.0,0.64,10.0,0.65,10.0,0.01,0.03,2350.889157,1776325399000
1776325400.899,200.899,0.32,10.0,0.31,130.0,0.35,60.69,0.36,20.0,0.65,28.0,0.64,15.0,0.66,3.18,0.68,10.0,0.03,0.01,2350.889157,1776325399000
1776325403.496,203.496,0.32,5.0,0.31,60.0,0.33,93.73,0.34,26.0,0.65,60.69,0.64,20.0,0.68,10.0,0.69,130.0,0.01,0.03,2350.913725,1776325402000
1776325406.332,206.332,0.32,5.0,0.31,5.0,0.33,106.6,0.34,31.0,0.67,93.73,0.66,26.0,0.68,5.0,0.69,60.0,0.01,0.01,2350.88359,1776325404000
1776325406.645,206.645,0.3,0.92,0.29,1.92,0.31,171.0,0.32,80.0,0.69,118.65,0.68,90.0,0.7,6.0,0.71,1.92,0.01,0.01,2350.87926,1776325405000
1776325408.572,208.572,0.27,20.1,0.26,25.64,0.28,111.0,0.29,87.38,0.69,161.0,0.68,80.0,0.72,1.84,0.73,5.0,0.01,0.03,2350.729965,1776325407000
1776325410.788,210.788,0.27,3.57,0.24,26.35,0.28,83.0,0.29,72.38,0.72,111.0,0.71,87.38,0.73,20.1,0.74,25.64,0.01,0.01,2350.70175,1776325409000
1776325412.589,212.589,0.24,41.35,0.23,30.3,0.25,11.0,0.26,15.0,0.72,78.0,0.71,72.38,0.73,1.46,0.76,26.35,0.01,0.01,2350.824776,1776325411000
1776325414.255,214.255,0.32,70.0,0.3,41.82,0.37,0.37,0.38,14.0,0.72,16.0,0.71,21.0,0.76,41.35,0.77,30.3,0.05,0.04,2350.695935,1776325412000
1776325415.496,215.496,0.38,6.2,0.32,88.17,0.39,20.0,0.4,16.0,0.6,16.0,0.59,10.0,0.62,11.2,0.64,15.0,0.01,0.02,2350.795249,1776325414000
1776325415.982,215.982,0.38,11.2,0.37,70.0,0.39,15.0,0.4,10.0,0.61,20.0,0.6,16.0,0.62,6.2,0.68,88.17,0.01,0.01,2350.795249,1776325414000
1776325416.213,216.213,0.38,49.2,0.37,70.0,0.41,10.0,0.42,10.0,0.61,15.0,0.6,10.0,0.62,11.2,0.63,70.0,0.03,0.01,2350.9279,1776325415000
1776325416.459,216.459,0.38,11.2,0.37,5.0,0.39,3.53,0.4,10.0,0.59,9.79,0.58,10.0,0.62,41.2,0.64,101.99,0.01,0.03,2350.9279,1776325415000
1776325417.094,217.094,0.35,18.17,0.34,10.0,0.36,6.61,0.39,72.53,0.61,3.53,0.6,10.0,0.62,11.2,0.63,5.0,0.01,0.01,2350.9279,1776325415000
1776325417.552,217.552,0.27,8.15,0.26,66.0,0.34,95.0,0.35,160.0,0.64,80.0,0.63,10.0,0.67,15.0,0.68,10.0,0.07,0.03,2350.9279,1776325415000
1776325418.327,218.327,0.24,6.55,0.23,30.3,0.25,76.66,0.26,20.0,0.71,22.04,0.7,15.0,0.73,8.15,0.74,66.0,0.01,0.02,2351.032091,1776325416000
1776325419.71,219.71,0.24,3.6,0.23,30.3,0.25,3.24,0.28,21.0,0.75,63.0,0.74,25.0,0.76,3.6,0.77,100.3,0.01,0.01,2350.98,1776325418000
1776325419.961,219.961,0.3,30.76,0.24,8.6,0.31,16.0,0.32,15.0,0.75,3.24,0.72,21.0,0.76,3.6,0.77,30.3,0.01,0.01,2350.98,1776325418000
1776325420.843,220.843,0.29,10.0,0.28,10.0,0.31,16.56,0.32,34.0,0.69,11.56,0.68,15.0,0.7,30.76,0.76,8.6,0.02,0.01,2350.81,1776325419000
1776325421.79,221.79,0.31,28.17,0.3,29.0,0.35,10.0,0.36,10.0,0.69,16.56,0.68,34.0,0.71,10.0,0.72,10.0,0.04,0.02,2350.696645,1776325420000
1776325423.58,223.58,0.36,10.0,0.35,15.0,0.39,85.0,0.4,28.0,0.63,4.9,0.62,15.51,0.64,5.0,0.65,5.0,0.03,0.01,2350.74164,1776325421000
1776325423.997,223.997,0.38,10.0,0.37,5.0,0.41,10.0,0.42,10.0,0.61,85.0,0.6,28.0,0.64,10.0,0.65,15.0,0.03,0.03,2351.001042,1776325422000
1776325424.654,224.654,0.23,9.9,0.22,10.0,0.24,60.0,0.25,22.76,0.59,10.0,0.58,10.0,0.62,10.0,0.63,5.0,0.01,0.03,2351.060869,1776325423000
1776325425.054,225.054,0.22,0.77,0.21,60.0,0.24,67.0,0.25,17.76,0.76,60.0,0.75,22.76,0.77,9.9,0.78,10.0,0.02,0.01,2351.060869,1776325423000
1776325425.314,225.314,0.23,10.0,0.22,0.77,0.24,57.0,0.25,17.76,0.76,67.0,0.75,17.76,0.78,0.77,0.79,60.0,0.01,0.02,2351.060869,1776325423000
1776325426.263,226.263,0.23,8.44,0.22,0.77,0.24,57.0,0.25,12.76,0.76,57.0,0.75,17.76,0.77,10.0,0.78,0.77,0.01,0.01,2351.00533,1776325425000
1776325426.721,226.721,0.23,8.44,0.22,0.77,0.24,47.83,0.25,12.76,0.76,57.0,0.75,12.76,0.77,8.44,0.78,0.77,0.01,0.01,2351.00533,1776325425000
1776325428.228,228.228,0.23,18.44,0.22,0.77,0.25,4.24,0.26,5.0,0.76,47.83,0.75,12.76,0.77,8.44,0.78,0.77,0.02,0.01,2350.73166,1776325426000
1776325428.742,228.742,0.31,15.0,0.3,26.66,0.35,73.68,0.36,18.0,0.75,4.24,0.74,5.0,0.77,18.44,0.78,0.77,0.04,0.02,2350.63127,1776325427000
1776325429.172,229.172,0.33,10.0,0.32,10.0,0.35,75.68,0.36,28.0,0.65,73.68,0.64,18.0,0.69,15.0,0.7,26.66,0.02,0.04,2350.63127,1776325427000
1776325431.339,231.339,0.34,10.0,0.33,10.0,0.35,32.73,0.36,10.0,0.65,75.68,0.64,28.0,0.67,10.0,0.68,10.0,0.01,0.02,2350.857806,1776325430000
1776325431.912,231.912,0.36,10.0,0.35,20.0,0.38,15.0,0.39,10.0,0.64,4.95,0.63,5.0,0.66,15.0,0.67,20.0,0.02,0.02,2350.857806,1776325430000
1776325432.126,232.126,0.37,16.0,0.36,10.0,0.38,81.4,0.39,25.1,0.62,15.0,0.61,10.0,0.64,10.0,0.65,20.0,0.01,0.02,2350.857806,1776325430000
1776325432.725,232.725,0.37,2.42,0.36,10.0,0.38,86.94,0.39,25.1,0.62,81.4,0.61,25.1,0.63,16.0,0.64,10.0,0.01,0.01,2350.78919,1776325431000
1776325433.482,233.482,0.36,15.0,0.35,10.0,0.37,5.54,0.38,76.4,0.62,86.94,0.61,25.1,0.63,2.42,0.64,10.0,0.01,0.01,2350.978976,1776325432000
1776325433.889,233.889,0.36,178.99,0.35,74.0,0.42,10.0,0.43,23.16,0.63,5.54,0.62,76.4,0.64,15.0,0.65,10.0,0.06,0.01,2350.978976,1776325432000
1776325434.243,234.243,0.41,10.0,0.4,10.0,0.42,3.89,0.43,10.0,0.55,45.69,0.54,80.0,0.59,16.0,0.6,21.0,0.01,0.04,2350.978976,1776325432000
1776325436.301,236.301,0.44,28.0,0.43,23.0,0.45,50.69,0.46,147.49,0.58,3.89,0.57,10.0,0.59,10.0,0.6,10.0,0.01,0.01,2351.07708,1776325435000
1776325436.692,236.692,0.44,8.0,0.43,23.0,0.45,52.35,0.46,147.49,0.55,50.69,0.54,147.49,0.56,28.0,0.57,23.0,0.01,0.01,2351.07708,1776325435000
1776325437.225,237.225,0.4,15.0,0.39,20.0,0.43,10.0,0.44,10.0,0.55,52.35,0.54,147.49,0.56,8.0,0.57,23.0,0.03,0.01,2351.089942,1776325436000
1776325437.746,237.746,0.38,20.0,0.37,15.0,0.41,20.0,0.42,15.0,0.57,10.0,0.56,10.0,0.6,15.0,0.61,20.0,0.03,0.03,2351.089942,1776325436000
1776325438.605,238.605,0.39,11.45,0.38,20.0,0.4,40.0,0.41,10.15,0.59,15.15,0.58,15.0,0.62,20.0,0.63,15.0,0.01,0.03,2351.063955,1776325437000
1776325439.123,239.123,0.38,0.17,0.37,15.0,0.4,45.0,0.41,5.15,0.6,45.0,0.59,5.15,0.61,3.31,0.62,25.0,0.02,0.01,2351.063955,1776325437000
1776325439.742,239.742,0.39,5.08,0.38,10.0,0.4,52.37,0.41,20.15,0.6,42.37,0.59,5.15,0.62,0.17,0.63,15.0,0.01,0.02,2351.15138,1776325438000
1776325440.595,240.595,0.38,9.33,0.37,15.0,0.4,57.37,0.41,20.15,0.6,52.37,0.59,20.15,0.61,5.08,0.62,10.0,0.02,0.01,2351.06307,1776325439000
1776325440.799,240.799,0.38,3.33,0.37,15.0,0.39,45.0,0.4,27.37,0.6,57.37,0.59,20.15,0.62,9.33,0.63,15.0,0.01,0.02,2351.06307,1776325439000
1776325441.363,241.363,0.37,4.91,0.36,68.0,0.39,40.0,0.4,17.37,0.61,45.0,0.6,27.37,0.62,3.33,0.63,15.0,0.02,0.01,2351.038305,1776325440000
1776325441.708,241.708,0.41,18.0,0.4,10.0,0.42,5.0,0.43,15.0,0.61,35.19,0.6,12.37,0.62,10.0,0.63,14.91,0.01,0.01,2351.038305,1776325440000
1776325443.095,243.095,0.41,25.86,0.4,15.0,0.42,10.0,0.43,15.0,0.58,10.0,0.57,15.0,0.59,28.0,0.6,15.0,0.01,0.01,2351.08164,1776325441000
1776325443.708,243.708,0.39,70.0,0.38,10.0,0.42,25.0,0.43,15.0,0.58,10.0,0.57,15.0,0.59,25.86,0.6,15.0,0.03,0.01,2351.03298,1776325442000
1776325444.131,244.131,0.39,80.0,0.38,15.0,0.4,5.0,0.41,15.0,0.6,5.0,0.59,20.0,0.61,70.0,0.62,15.0,0.01,0.01,2351.09414,1776325443000
1776325445.491,245.491,0.39,15.39,0.38,10.0,0.4,15.0,0.41,15.0,0.6,5.0,0.59,15.0,0.61,75.0,0.62,15.0,0.01,0.01,2351.0991,1776325444000
1776325447.619,247.619,0.39,17.53,0.38,10.0,0.4,15.0,0.41,49.7,0.6,15.0,0.59,15.0,0.61,15.39,0.62,10.0,0.01,0.01,2351.081675,1776325446000
1776325448.806,248.806,0.39,10.0,0.38,10.0,0.4,15.0,0.41,5.0,0.6,15.0,0.59,49.7,0.61,17.53,0.62,10.0,0.01,0.01,2351.076835,1776325447000
1776325452.218,252.218,0.39,10.0,0.38,10.0,0.4,37.83,0.41,5.0,0.6,10.0,0.59,5.0,0.61,15.0,0.62,10.0,0.01,0.01,2351.20464,1776325451000
1776325453.052,253.052,0.38,10.0,0.37,10.0,0.4,12.0,0.41,15.0,0.6,37.83,0.59,5.0,0.61,10.0,0.62,10.0,0.02,0.01,2351.104435,1776325452000
1776325453.259,253.259,0.39,15.0,0.38,10.0,0.4,3.25,0.41,15.0,0.6,12.0,0.59,15.0,0.62,10.0,0.63,10.0,0.01,0.02,2351.104435,1776325452000
1776325454.204,254.204,0.39,11.31,0.38,10.0,0.4,5.0,0.41,24.26,0.6,3.25,0.59,15.0,0.61,15.0,0.62,10.0,0.01,0.01,2351.09667,1776325453000
1776325455.944,255.944,0.36,44.0,0.35,15.0,0.37,65.0,0.38,15.0,0.6,5.0,0.59,24.26,0.61,11.31,0.62,10.0,0.01,0.01,2351.09584,1776325454000
1776325457.07,257.07,0.34,10.0,0.33,8.07,0.36,52.22,0.37,25.0,0.63,45.0,0.62,85.0,0.64,5.0,0.66,5.0,0.02,0.01,2351.06084,1776325455000
1776325459.988,259.988,0.24,35.0,0.23,15.0,0.31,160.76,0.32,92.0,0.64,52.22,0.63,25.0,0.66,10.0,0.67,8.07,0.07,0.02,2351.019075,1776325459000
1776325460.256,260.256,0.23,4.61,0.22,10.0,0.24,126.91,0.25,32.0,0.74,77.76,0.73,35.0,0.76,0.38,0.77,15.0,0.01,0.02,2351.019075,1776325459000
1776325460.826,260.826,0.2,75.0,0.19,10.0,0.21,65.0,0.22,46.76,0.76,126.91,0.75,32.0,0.77,4.61,0.78,10.0,0.01,0.01,2351.019075,1776325459000
1776325461.064,261.064,0.18,10.0,0.17,75.16,0.2,77.0,0.21,41.76,0.8,5.0,0.79,72.0,0.83,75.16,0.84,10.0,0.02,0.03,2351.01807,1776325460000
1776325461.904,261.904,0.18,10.0,0.17,75.16,0.19,19.52,0.2,30.62,0.81,53.0,0.8,40.62,0.82,10.0,0.83,75.16,0.01,0.01,2351.01807,1776325460000
1776325462.466,262.466,0.18,10.62,0.17,75.16,0.19,9.52,0.2,30.62,0.81,19.52,0.8,30.62,0.82,10.0,0.83,75.16,0.01,0.01,2350.972228,1776325461000
1776325462.88,262.88,0.19,8.82,0.18,5.62,0.2,75.62,0.21,20.0,0.8,30.62,0.79,20.0,0.82,10.62,0.83,75.16,0.01,0.02,2350.972228,1776325461000
1776325464.139,264.139,0.19,13.82,0.18,5.62,0.2,59.62,0.21,30.0,0.8,75.62,0.79,20.0,0.81,8.82,0.82,5.62,0.01,0.01,2350.847698,1776325463000
1776325464.746,264.746,0.19,13.82,0.18,5.62,0.2,46.62,0.21,30.0,0.8,59.62,0.79,30.0,0.81,13.82,0.82,5.62,0.01,0.01,2350.847698,1776325463000
1776325466.021,266.021,0.17,3.35,0.16,10.0,0.18,37.0,0.19,10.0,0.8,46.62,0.79,30.0,0.81,13.82,0.82,5.62,0.01,0.01,2350.840248,1776325465000
1776325466.234,266.234,0.17,2.09,0.16,10.0,0.18,27.0,0.2,14.62,0.82,37.0,0.81,10.0,0.83,3.35,0.84,10.0,0.01,0.01,2350.840248,1776325465000
1776325466.461,266.461,0.16,10.0,0.15,10.0,0.18,15.0,0.2,14.62,0.82,15.0,0.8,14.62,0.83,5.88,0.84,10.0,0.02,0.01,2350.840248,1776325465000
1776325467.117,267.117,0.16,10.0,0.15,10.0,0.17,78.89,0.18,40.0,0.82,15.0,0.8,14.62,0.84,10.0,0.85,10.0,0.01,0.02,2350.840248,1776325465000
1776325467.368,267.368,0.15,10.0,0.14,88.36,0.16,64.75,0.17,53.0,0.83,98.89,0.82,40.0,0.85,10.0,0.86,88.36,0.01,0.02,2350.840248,1776325465000
1776325467.574,267.574,0.15,7.88,0.14,88.36,0.16,86.75,0.17,53.0,0.84,64.75,0.83,53.0,0.85,10.0,0.86,88.36,0.01,0.01,2350.839168,1776325466000
1776325467.857,267.857,0.15,7.88,0.14,88.36,0.16,55.5,0.17,43.0,0.84,86.75,0.83,53.0,0.85,7.88,0.86,88.36,0.01,0.01,2350.839168,1776325466000
1776325468.287,268.287,0.15,12.88,0.14,88.36,0.17,23.0,0.18,71.3,0.84,55.5,0.83,43.0,0.85,7.88,0.86,88.36,0.02,0.01,2350.828312,1776325467000
1776325468.765,268.765,0.16,62.61,0.15,12.88,0.17,23.0,0.18,61.3,0.83,14.0,0.82,71.3,0.84,5.0,0.85,12.88,0.01,0.01,2350.828312,1776325467000
1776325468.968,268.968,0.21,10.0,0.2,10.0,0.23,39.03,0.24,44.7,0.78,0.69,0.77,47.3,0.84,62.61,0.85,12.88,0.02,0.06,2350.828312,1776325467000
1776325469.194,269.194,0.21,4.86,0.2,18.0,0.22,10.0,0.23,22.03,0.77,39.03,0.76,44.7,0.79,10.0,0.8,10.0,0.01,0.02,2350.828312,1776325467000
1776325469.722,269.722,0.2,11.75,0.19,18.0,0.22,115.78,0.23,22.03,0.78,120.78,0.77,22.03,0.8,18.0,0.81,18.0,0.02,0.02,2350.796125,1776325468000
1776325470.183,270.183,0.2,10.67,0.19,18.0,0.21,47.83,0.22,106.89,0.78,115.78,0.77,22.03,0.8,11.75,0.81,18.0,0.01,0.02,2350.77861,1776325469000
1776325470.421,270.421,0.21,8.08,0.2,10.0,0.22,43.28,0.23,12.03,0.78,43.28,0.77,12.03,0.8,10.0,0.81,23.0,0.01,0.02,2350.77861,1776325469000
1776325470.808,270.808,0.21,60.0,0.2,6.22,0.23,2.18,0.24,10.0,0.78,45.28,0.77,12.03,0.8,1.22,0.81,23.0,0.02,0.02,2350.77861,1776325469000
1776325471.202,271.202,0.21,59.91,0.2,1.22,0.23,114.75,0.24,16.94,0.76,7.18,0.75,22.76,0.79,55.0,0.8,6.22,0.02,0.03,2350.84635,1776325470000
1776325471.488,271.488,0.21,3.51,0.2,1.22,0.22,17.0,0.23,114.75,0.78,17.0,0.77,114.75,0.79,50.0,0.8,1.22,0.01,0.01,2350.84635,1776325470000
1776325471.837,271.837,0.22,10.0,0.21,13.51,0.23,97.75,0.24,10.0,0.78,3.0,0.77,114.75,0.79,3.51,0.8,1.22,0.01,0.01,2350.84635,1776325470000
1776325472.054,272.054,0.22,5.0,0.21,90.5,0.23,117.12,0.24,10.0,0.77,92.75,0.76,10.0,0.78,15.0,0.79,76.3,0.01,0.01,2350.84635,1776325470000
1776325472.284,272.284,0.21,73.96,0.2,13.42,0.23,83.12,0.24,10.0,0.77,78.12,0.76,10.0,0.79,85.29,0.8,13.42,0.02,0.02,2350.861965,1776325471000
1776325472.913,272.913,0.21,3.1,0.2,41.69,0.22,31.88,0.23,65.4,0.78,19.16,0.77,78.12,0.79,47.46,0.8,13.42,0.01,0.01,2350.861965,1776325471000
1776325473.213,273.213,0.2,17.25,0.19,42.0,0.22,139.31,0.23,10.0,0.78,15.88,0.77,65.4,0.79,3.1,0.8,41.69,0.02,0.01,2350.861965,1776325471000
1776325473.493,273.493,0.21,2.08,0.2,18.2,0.22,140.78,0.23,10.0,0.78,145.78,0.77,10.0,0.79,3.54,0.8,27.25,0.01,0.01,2350.89272,1776325472000
1776325473.77,273.77,0.19,32.0,0.18,10.0,0.2,9.9,0.21,10.0,0.79,10.0,0.78,140.78,0.81,32.0,0.82,10.0,0.01,0.02,2350.89272,1776325472000
1776325474.195,274.195,0.16,47.61,0.15,10.0,0.2,9.9,0.21,80.0,0.8,9.9,0.79,10.0,0.81,32.0,0.82,10.0,0.04,0.01,2350.981153,1776325473000
1776325474.543,274.543,0.15,15.04,0.14,18.36,0.17,20.0,0.18,15.0,0.8,130.17,0.79,80.0,0.84,42.61,0.85,10.0,0.02,0.04,2350.981153,1776325473000
1776325474.776,274.776,0.15,8.32,0.14,18.36,0.17,10.0,0.18,15.0,0.83,16.0,0.82,15.0,0.84,8.08,0.85,15.04,0.02,0.01,2350.981153,1776325473000
1776325475.193,275.193,0.14,23.53,0.13,3.27,0.15,15.0,0.16,15.0,0.84,20.0,0.83,10.0,0.87,3.27,0.88,44.1,0.01,0.03,2350.958625,1776325474000
1776325475.512,275.512,0.14,21.78,0.13,3.27,0.15,20.0,0.16,15.0,0.85,15.0,0.84,15.0,0.86,23.53,0.87,3.27,0.01,0.01,2350.958625,1776325474000
1776325475.888,275.888,0.14,12.78,0.13,3.27,0.15,15.0,0.16,15.0,0.85,15.0,0.84,15.0,0.86,14.78,0.87,3.27,0.01,0.01,2350.958625,1776325474000
1776325476.658,276.658,0.08,20.41,0.07,10.0,0.11,27.0,0.12,20.0,0.85,15.0,0.84,15.0,0.86,3.48,0.87,3.27,0.03,0.01,2350.939871,1776325475000
1776325476.945,276.945,0.09,10.0,0.08,25.41,0.11,105.0,0.12,20.0,0.89,27.0,0.88,20.0,0.92,20.41,0.93,10.0,0.02,0.03,2350.939871,1776325475000
1776325477.49,277.49,0.08,16.17,0.07,15.0,0.11,83.0,0.12,20.0,0.89,105.0,0.88,20.0,0.91,10.0,0.92,25.41,0.03,0.02,2350.856645,1776325476000
1776325478.276,278.276,0.08,12.57,0.07,15.0,0.09,15.0,0.1,15.0,0.9,15.0,0.89,78.0,0.92,12.9,0.93,15.0,0.01,0.02,2350.90805,1776325477000
1776325478.709,278.709,0.08,5.75,0.07,15.0,0.09,20.0,0.1,15.0,0.91,20.0,0.9,15.0,0.92,7.39,0.93,15.0,0.01,0.01,2350.90805,1776325477000
1776325479.489,279.489,0.06,2.88,0.05,127.2,0.07,20.0,0.08,41.0,0.91,20.0,0.9,15.0,0.92,5.75,0.93,15.0,0.01,0.01,2350.871815,1776325478000
1776325480.181,280.181,0.05,155.32,0.04,147.0,0.06,25.0,0.07,15.0,0.93,20.0,0.92,31.0,0.95,127.2,0.96,147.0,0.01,0.02,2350.867485,1776325479000
1776325480.468,280.468,0.05,47.83,0.04,79.99,0.06,10.0,0.07,15.0,0.94,10.0,0.93,15.0,0.95,87.9,0.96,147.0,0.01,0.01,2350.867485,1776325479000
1776325480.86,280.86,0.04,48.0,0.03,238.34,0.06,121.0,0.07,15.0,0.94,10.0,0.93,15.0,0.95,42.08,0.96,79.99,0.02,0.01,2350.867485,1776325479000
1776325481.226,281.226,0.04,20.0,0.03,232.99,0.05,17.47,0.06,96.0,0.95,23.47,0.94,116.0,0.96,20.0,0.97,232.99,0.01,0.01,2350.867485,1776325479000
1776325482.085,282.085,0.04,19.58,0.03,173.99,0.05,2.47,0.06,86.0,0.95,17.47,0.94,96.0,0.96,20.0,0.97,232.99,0.01,0.01,2350.792565,1776325480000
1776325482.729,282.729,0.04,8.86,0.03,174.99,0.05,7.47,0.06,86.0,0.95,2.47,0.94,86.0,0.96,9.91,0.97,186.99,0.01,0.01,2350.773155,1776325481000
1776325482.988,282.988,0.03,142.79,0.02,431.0,0.05,2.47,0.06,86.0,0.95,7.47,0.94,86.0,0.96,8.86,0.97,174.99,0.02,0.01,2350.773155,1776325481000
1776325483.462,283.462,0.03,1.19,0.02,374.99,0.05,2.47,0.06,86.0,0.95,2.47,0.94,86.0,0.97,104.29,0.98,405.99,0.02,0.02,2350.74,1776325482000
1776325483.811,283.811,0.02,371.06,0.01,7037.85,0.04,25.0,0.05,2.47,0.95,2.47,0.94,86.0,0.97,1.19,0.98,374.99,0.02,0.02,2350.74,1776325482000
1776325484.035,284.035,0.05,6.84,0.04,10.0,0.06,26.0,0.08,11.0,0.95,1.47,0.94,86.0,0.98,365.96,0.99,7037.85,0.01,0.03,2350.74,1776325482000
1776325484.28,284.28,0.05,57.84,0.04,10.0,0.08,6.0,0.09,10.0,0.94,26.0,0.92,11.0,0.95,6.84,0.96,10.0,0.03,0.01,2350.694666,1776325483000
1776325485.12,285.12,0.05,6.84,0.04,10.0,0.11,16.27,0.12,41.83,0.92,6.0,0.91,10.0,0.95,57.84,0.96,10.0,0.06,0.03,2350.694666,1776325483000
1776325485.825,285.825,0.03,1.6,0.02,297.97,0.05,10.0,0.06,10.0,0.89,16.27,0.88,41.83,0.95,6.84,0.96,10.0,0.02,0.06,2350.730655,1776325484000
1776325486.646,286.646,0.02,295.09,0.01,6640.84,0.04,20.0,0.05,15.0,0.95,10.0,0.94,10.0,0.97,1.6,0.98,297.97,0.02,0.02,2350.983935,1776325485000
1776325487.495,287.495,0.02,183.2,0.01,6746.24,0.03,6.0,0.04,10.0,0.96,20.0,0.95,15.0,0.98,295.09,0.99,6640.84,0.01,0.02,2350.82493,1776325486000
1776325487.722,287.722,0.02,172.99,0.01,6746.24,0.03,6.0,0.04,10.0,0.97,6.0,0.96,10.0,0.98,183.2,0.99,6746.24,0.01,0.01,2350.82493,1776325486000
1776325487.977,287.977,0.03,7.95,0.02,172.99,0.04,10.0,0.05,10.0,0.96,10.0,0.95,10.0,0.98,172.99,0.99,6746.24,0.01,0.02,2350.82493,1776325487000
1776325489.302,289.302,0.03,28.84,0.02,172.99,0.04,25.42,0.05,10.0,0.96,10.0,0.95,10.0,0.97,6.91,0.98,172.99,0.01,0.01,2350.885235,1776325488000
1776325490.084,290.084,0.02,152.59,0.01,6544.25,0.03,10.0,0.04,25.42,0.96,25.42,0.95,10.0,0.97,28.84,0.98,172.99,0.01,0.01,2350.885235,1776325488000
1776325490.518,290.518,0.02,147.48,0.01,1544.25,0.03,10.0,0.04,25.42,0.97,10.0,0.96,25.42,0.98,152.59,0.99,6544.25,0.01,0.01,2350.9054,1776325489000
1776325490.79,290.79,0.02,132.48,0.01,1544.25,0.03,10.0,0.04,25.42,0.97,10.0,0.96,25.42,0.98,147.48,0.99,1544.25,0.01,0.01,2350.9054,1776325489000
1776325491.593,291.593,0.02,127.48,0.01,1444.25,0.03,15.15,0.04,30.42,0.97,10.0,0.96,25.42,0.98,132.48,0.99,1544.25,0.01,0.01,2350.83493,1776325490000
1776325491.879,291.879,0.02,82.48,0.01,1434.25,0.03,20.15,0.04,30.42,0.97,15.15,0.96,30.42,0.98,127.48,0.99,1444.25,0.01,0.01,2350.83493,1776325490000
1776325492.317,292.317,0.02,32.48,0.01,1434.25,0.03,20.15,0.04,30.42,0.97,20.15,0.96,30.42,0.98,82.48,0.99,1434.25,0.01,0.01,2350.82735,1776325491000
1776325492.522,292.522,0.02,24.61,0.01,1434.25,0.03,10.0,0.04,26.57,0.97,10.0,0.96,26.57,0.98,27.48,0.99,1434.25,0.01,0.01,2350.82735,1776325491000
1776325493.167,293.167,0.03,0.03,0.02,24.61,0.04,31.57,0.05,65.99,0.96,26.57,0.95,10.0,0.97,10.24,0.98,24.61,0.01,0.01,2350.82735,1776325491000
1776325495.053,295.053,0.02,14.53,0.01,1279.25,0.03,15.0,0.04,115.39,0.96,31.57,0.95,65.99,0.98,19.64,0.99,1444.25,0.01,0.02,2350.7833,1776325493000
1776325495.327,295.327,0.02,9.53,0.01,1279.25,0.03,50.0,0.04,91.25,0.97,15.0,0.96,115.39,0.98,14.53,0.99,1279.25,0.01,0.01,2350.7833,1776325493000
1776325495.7,295.7,0.01,1278.78,,,0.03,218.99,0.04,61.42,0.97,50.0,0.96,91.25,0.98,9.53,0.99,1279.25,0.02,0.01,2350.753045,1776325494000
1776325495.978,295.978,0.01,109.62,,,0.02,189.09,0.03,15.0,0.98,119.54,0.97,15.0,0.99,114.68,,,0.01,0.01,2350.753045,1776325494000
1776325496.221,296.221,,,,,0.02,361.53,0.03,78.0,0.98,356.53,0.97,78.0,0.99,86.62,,,,0.01,2350.740882,1776325495000
1776325496.688,296.688,,,,,0.01,694.13,0.02,154.98,0.98,361.53,0.97,78.0,,,,,,,2350.740882,1776325495000
1776325497.189,297.189,,,,,0.01,974.05,0.02,165.98,0.99,692.08,0.98,154.98,,,,,,,2350.830598,1776325496000

# RESULT,winner=Down,slug=eth-updown-5m-1776325200,ticks=311
