timestamp,elapsed_sec,up_bid_p1,up_bid_s1,up_bid_p2,up_bid_s2,up_ask_p1,up_ask_s1,up_ask_p2,up_ask_s2,down_bid_p1,down_bid_s1,down_bid_p2,down_bid_s2,down_ask_p1,down_ask_s1,down_ask_p2,down_ask_s2,up_spread,down_spread,eth_price,eth_oracle_ts
1776234901.224,1.224,,,,,,,,,,,,,,,,,,,2317.261558,1776234900000
1776234901.439,1.439,0.51,5.0,0.49,40.0,0.52,63.22,0.53,70.0,0.48,63.22,0.47,70.0,0.49,5.0,0.52,5.0,0.01,0.01,2317.261558,1776234900000
1776234901.749,1.749,0.51,39.0,0.5,18.0,0.52,53.22,0.53,70.0,0.48,63.22,0.47,70.0,0.49,5.0,0.52,5.0,0.01,0.01,2317.261558,1776234900000
1776234902.394,2.394,0.51,39.0,0.5,18.0,0.52,53.22,0.53,70.0,0.48,53.22,0.47,70.0,0.49,39.0,0.5,18.0,0.01,0.01,2317.252607,1776234901000
1776234902.597,2.597,0.51,61.44,0.5,18.0,0.52,49.06,0.53,70.0,0.48,53.22,0.47,70.0,0.49,39.0,0.5,18.0,0.01,0.01,2317.252607,1776234901000
1776234902.923,2.923,0.51,66.44,0.5,18.0,0.52,44.06,0.53,70.0,0.48,49.06,0.47,70.0,0.49,61.44,0.5,18.0,0.01,0.01,2317.252607,1776234901000
1776234903.441,3.441,0.51,66.44,0.5,18.0,0.52,44.06,0.53,70.0,0.48,44.06,0.47,70.0,0.49,66.44,0.5,18.0,0.01,0.01,2317.332638,1776234902000
1776234903.704,3.704,0.51,79.39,0.5,38.01,0.52,39.25,0.53,75.0,0.48,44.06,0.47,75.0,0.49,69.39,0.5,38.01,0.01,0.01,2317.332638,1776234902000
1776234904.021,4.021,0.52,116.08,0.51,79.39,0.53,75.0,0.54,20.0,0.47,75.0,0.46,20.0,0.48,116.08,0.49,79.39,0.01,0.01,2317.346568,1776234903000
1776234904.299,4.299,0.52,157.08,0.51,71.44,0.53,73.03,0.54,25.0,0.47,75.0,0.46,20.0,0.48,116.08,0.49,79.39,0.01,0.01,2317.346568,1776234903000
1776234904.831,4.831,0.53,15.0,0.52,152.08,0.54,18.92,0.55,10.0,0.47,73.03,0.46,25.0,0.48,157.08,0.49,71.44,0.01,0.01,2317.346568,1776234903000
1776234905.243,5.243,0.53,15.0,0.52,152.08,0.54,18.92,0.55,10.0,0.46,18.92,0.45,10.0,0.47,15.0,0.48,152.08,0.01,0.01,2317.35065,1776234904000
1776234906.431,6.431,0.53,15.0,0.52,152.08,0.54,18.92,0.55,10.0,0.46,18.92,0.45,10.0,0.47,15.0,0.48,152.08,0.01,0.01,2317.354469,1776234905000
1776234906.705,6.705,0.53,53.0,0.52,147.08,0.56,5.0,0.57,10.0,0.46,18.92,0.45,10.0,0.47,15.0,0.48,152.08,0.03,0.01,2317.354469,1776234905000
1776234907.05,7.05,0.55,25.0,0.54,35.0,0.56,5.0,0.57,15.0,0.44,5.0,0.43,15.0,0.45,25.0,0.46,35.0,0.01,0.01,2317.35447,1776234906000
1776234907.494,7.494,0.55,53.5,0.54,48.0,0.56,15.5,0.57,20.0,0.44,5.0,0.43,15.0,0.45,25.0,0.46,35.0,0.01,0.01,2317.35447,1776234906000
1776234907.922,7.922,0.56,25.5,0.55,38.5,0.57,24.73,0.58,20.5,0.43,20.0,0.42,5.0,0.45,43.5,0.46,48.0,0.01,0.02,2317.35447,1776234906000
1776234908.23,8.23,0.56,25.5,0.55,38.5,0.57,24.73,0.58,20.5,0.43,24.73,0.42,20.5,0.44,25.5,0.45,38.5,0.01,0.01,2317.354508,1776234907000
1776234909.081,9.081,0.56,30.5,0.55,25.5,0.57,19.73,0.58,32.5,0.43,24.73,0.42,20.5,0.44,25.5,0.45,38.5,0.01,0.01,2317.354508,1776234907000
1776234909.416,9.416,0.56,30.5,0.55,25.5,0.57,19.73,0.58,32.5,0.43,19.73,0.42,32.5,0.44,30.5,0.45,25.5,0.01,0.01,2317.417372,1776234908000
1776234909.818,9.818,0.56,10.0,0.55,10.0,0.58,32.99,0.59,155.0,0.43,29.26,0.42,42.5,0.44,15.0,0.45,5.0,0.02,0.01,2317.417372,1776234908000
1776234910.538,10.538,0.56,10.0,0.55,10.0,0.58,32.99,0.59,155.0,0.42,32.99,0.41,155.0,0.44,10.0,0.45,10.0,0.02,0.02,2317.414991,1776234909000
1776234911.165,11.165,0.56,10.0,0.55,10.0,0.58,32.99,0.59,155.0,0.42,32.99,0.41,155.0,0.44,10.0,0.45,10.0,0.02,0.02,2317.407427,1776234910000
1776234911.516,11.516,0.56,30.0,0.55,20.49,0.57,0.5,0.58,31.99,0.42,32.99,0.41,155.0,0.44,10.0,0.45,10.0,0.01,0.02,2317.407427,1776234910000
1776234912.064,12.064,0.56,9.55,0.55,20.49,0.57,23.75,0.58,31.99,0.43,0.5,0.42,31.99,0.44,30.0,0.45,20.49,0.01,0.01,2317.407427,1776234910000
1776234913.172,13.172,0.56,9.55,0.55,20.49,0.57,23.75,0.58,31.99,0.43,23.75,0.42,31.99,0.44,9.55,0.45,20.49,0.01,0.01,2317.437378,1776234912000
1776234913.616,13.616,0.56,25.05,0.55,110.99,0.6,10.0,0.62,5.0,0.43,18.75,0.42,31.99,0.44,19.55,0.45,20.49,0.04,0.01,2317.437378,1776234912000
1776234914.759,14.759,0.56,25.05,0.55,35.99,0.62,1.67,0.63,85.5,0.38,1.67,0.37,85.5,0.44,25.05,0.45,35.99,0.06,0.06,2317.457558,1776234913000
1776234915.492,15.492,0.56,25.05,0.55,35.99,0.62,1.67,0.63,85.5,0.38,1.67,0.37,85.5,0.44,25.05,0.45,35.99,0.06,0.06,2317.4983,1776234914000
1776234915.705,15.705,0.61,25.0,0.6,25.5,0.62,24.39,0.63,107.0,0.38,30.83,0.37,107.0,0.39,20.0,0.4,25.5,0.01,0.01,2317.4983,1776234914000
1776234916.395,16.395,0.61,25.0,0.6,25.5,0.62,24.39,0.63,107.0,0.38,24.39,0.37,107.0,0.39,25.0,0.4,25.5,0.01,0.01,2317.571576,1776234915000
1776234917.049,17.049,0.61,25.0,0.6,25.5,0.62,24.39,0.63,107.0,0.38,24.39,0.37,107.0,0.39,25.0,0.4,25.5,0.01,0.01,2317.582762,1776234916000
1776234917.407,17.407,0.62,76.5,0.61,75.5,0.63,91.0,0.64,70.0,0.38,24.39,0.37,107.0,0.39,25.0,0.4,25.5,0.01,0.01,2317.582762,1776234916000
1776234917.994,17.994,0.62,81.5,0.61,80.5,0.63,66.35,0.64,89.0,0.37,91.0,0.36,70.0,0.38,76.5,0.39,75.5,0.01,0.01,2317.582762,1776234916000
1776234918.608,18.608,0.62,81.5,0.61,80.5,0.63,66.35,0.64,89.0,0.37,66.35,0.36,89.0,0.38,81.5,0.39,80.5,0.01,0.01,2317.64665,1776234917000
1776234919.257,19.257,0.62,81.5,0.61,80.5,0.63,66.35,0.64,89.0,0.37,66.35,0.36,89.0,0.38,81.5,0.39,80.5,0.01,0.01,2317.7411,1776234918000
1776234919.571,19.571,0.63,26.5,0.62,92.5,0.64,6.9,0.68,70.0,0.37,66.35,0.36,89.0,0.38,81.5,0.39,80.5,0.01,0.01,2317.7411,1776234918000
1776234920.087,20.087,0.65,16.0,0.64,26.5,0.66,7.9,0.68,69.93,0.32,61.93,0.31,5.0,0.37,26.5,0.38,92.5,0.01,0.05,2317.7411,1776234918000
1776234920.742,20.742,0.65,16.0,0.64,26.5,0.66,7.9,0.68,69.93,0.34,7.9,0.32,69.93,0.35,16.0,0.36,26.5,0.01,0.01,2317.78155,1776234919000
1776234921.316,21.316,0.66,0.5,0.65,31.0,0.67,5.0,0.68,87.43,0.34,7.9,0.32,69.93,0.35,16.0,0.36,26.5,0.01,0.01,2317.78155,1776234919000
1776234921.563,21.563,0.66,0.5,0.65,31.0,0.67,5.0,0.68,87.43,0.33,5.0,0.32,87.43,0.34,0.5,0.35,31.0,0.01,0.01,2317.8353,1776234920000
1776234921.956,21.956,0.65,28.62,0.64,26.0,0.67,10.0,0.68,97.43,0.33,5.0,0.32,87.43,0.34,0.5,0.35,31.0,0.02,0.01,2317.8353,1776234920000
1776234922.222,22.222,0.65,28.62,0.64,26.0,0.67,10.0,0.68,97.43,0.33,10.0,0.32,97.43,0.35,28.62,0.36,26.0,0.02,0.02,2317.926011,1776234921000
1776234923.944,23.944,0.65,28.62,0.64,26.0,0.67,10.0,0.68,97.43,0.33,10.0,0.32,97.43,0.35,28.62,0.36,26.0,0.02,0.02,2317.906943,1776234922000
1776234924.561,24.561,0.65,28.62,0.64,26.0,0.67,10.0,0.68,97.43,0.33,10.0,0.32,97.43,0.35,28.62,0.36,26.0,0.02,0.02,2317.9091,1776234923000
1776234925.413,25.413,0.65,28.62,0.64,26.0,0.67,10.0,0.68,97.43,0.33,10.0,0.32,97.43,0.35,28.62,0.36,26.0,0.02,0.02,2317.90908,1776234924000
1776234925.902,25.902,0.65,54.12,0.64,46.5,0.67,82.47,0.68,146.93,0.33,10.0,0.32,97.43,0.35,28.62,0.36,26.0,0.02,0.02,2317.90908,1776234924000
1776234927.439,27.439,0.65,54.12,0.64,46.5,0.67,82.47,0.68,146.93,0.33,82.47,0.32,146.93,0.35,54.12,0.36,46.5,0.02,0.02,2317.92261,1776234926000
1776234927.955,27.955,0.66,14.85,0.65,49.12,0.67,77.47,0.68,161.93,0.33,82.47,0.32,146.93,0.35,54.12,0.36,46.5,0.01,0.02,2317.92261,1776234926000
1776234928.214,28.214,0.66,14.85,0.65,49.12,0.67,77.47,0.68,161.93,0.33,77.47,0.32,161.93,0.34,14.85,0.35,49.12,0.01,0.01,2317.92261,1776234927000
1776234929.617,29.617,0.66,14.85,0.65,49.12,0.67,77.47,0.68,161.93,0.33,77.47,0.32,161.93,0.34,14.85,0.35,49.12,0.01,0.01,2317.963383,1776234928000
1776234929.837,29.837,0.66,14.85,0.65,49.12,0.67,111.47,0.68,161.93,0.33,77.47,0.32,161.93,0.34,14.85,0.35,49.12,0.01,0.01,2317.963383,1776234928000
1776234930.386,30.386,0.66,14.85,0.65,49.12,0.67,111.47,0.68,161.93,0.33,111.47,0.32,161.93,0.34,14.85,0.35,49.12,0.01,0.01,2317.987573,1776234929000
1776234931.081,31.081,0.66,14.85,0.65,49.12,0.67,111.47,0.68,161.93,0.33,111.47,0.32,161.93,0.34,14.85,0.35,49.12,0.01,0.01,2317.934251,1776234930000
1776234931.877,31.877,0.62,16.49,0.61,15.5,0.63,42.0,0.64,126.5,0.33,117.47,0.32,151.93,0.37,15.36,0.38,56.49,0.01,0.04,2317.934251,1776234930000
1776234932.221,32.221,0.62,41.49,0.61,30.5,0.63,45.41,0.64,116.0,0.37,42.0,0.36,126.5,0.38,16.49,0.39,15.5,0.01,0.01,2317.934251,1776234930000
1776234933.006,33.006,0.62,41.49,0.61,30.5,0.63,45.41,0.64,116.0,0.37,45.41,0.36,116.0,0.38,41.49,0.39,30.5,0.01,0.01,2317.927067,1776234932000
1776234933.402,33.402,0.62,16.49,0.61,15.5,0.63,106.91,0.64,126.5,0.37,45.41,0.36,116.0,0.38,41.49,0.39,30.5,0.01,0.01,2317.927067,1776234932000
1776234934.175,34.175,0.62,16.49,0.61,15.5,0.63,106.91,0.64,126.5,0.37,106.91,0.36,126.5,0.38,16.49,0.39,15.5,0.01,0.01,2317.750867,1776234933000
1776234934.671,34.671,0.62,5.49,0.61,15.5,0.63,110.32,0.64,126.5,0.37,111.91,0.36,126.5,0.38,5.49,0.39,15.5,0.01,0.01,2317.750867,1776234933000
1776234935.224,35.224,0.62,2.85,0.61,15.5,0.63,105.32,0.64,126.5,0.37,105.32,0.36,126.5,0.38,2.85,0.39,15.5,0.01,0.01,2317.750763,1776234934000
1776234936.322,36.322,0.62,2.85,0.61,15.5,0.63,105.32,0.64,126.5,0.37,105.32,0.36,126.5,0.38,2.85,0.39,15.5,0.01,0.01,2317.731784,1776234935000
1776234936.885,36.885,0.62,2.85,0.61,25.5,0.63,45.94,0.64,266.5,0.37,105.32,0.36,126.5,0.38,2.85,0.39,15.5,0.01,0.01,2317.731784,1776234935000
1776234937.472,37.472,0.62,2.85,0.61,25.5,0.63,45.94,0.64,266.5,0.37,45.94,0.36,266.5,0.38,2.85,0.39,25.5,0.01,0.01,2317.731097,1776234936000
1776234937.933,37.933,0.62,2.85,0.61,25.5,0.63,45.94,0.64,266.5,0.37,45.94,0.36,266.5,0.38,2.85,0.39,25.5,0.01,0.01,2317.720056,1776234937000
1776234939.036,39.036,0.62,2.85,0.61,25.5,0.63,45.94,0.64,266.5,0.37,45.94,0.36,266.5,0.38,2.85,0.39,25.5,0.01,0.01,2317.721696,1776234938000
1776234940.088,40.088,0.62,2.85,0.61,25.5,0.63,45.94,0.64,266.5,0.37,45.94,0.36,266.5,0.38,2.85,0.39,25.5,0.01,0.01,2317.721696,1776234939000
1776234940.359,40.359,0.62,2.85,0.61,25.5,0.63,15.94,0.64,261.5,0.37,45.94,0.36,266.5,0.38,2.85,0.39,25.5,0.01,0.01,2317.721696,1776234939000
1776234940.971,40.971,0.62,25.71,0.61,30.5,0.63,11.0,0.64,230.0,0.37,11.0,0.36,261.5,0.38,2.85,0.39,25.5,0.01,0.01,2317.721696,1776234939000
1776234941.193,41.193,0.62,30.5,0.61,35.5,0.64,230.0,0.65,16.5,0.37,11.0,0.36,230.0,0.38,33.07,0.39,35.5,0.02,0.01,2317.721696,1776234939000
1776234941.517,41.517,0.63,7.29,0.62,25.5,0.64,256.0,0.65,16.5,0.36,230.0,0.35,16.5,0.38,30.5,0.39,35.5,0.01,0.02,2317.714417,1776234940000
1776234941.848,41.848,0.63,7.29,0.62,30.5,0.64,254.43,0.65,31.5,0.36,256.0,0.35,16.5,0.37,7.29,0.38,25.5,0.01,0.01,2317.714417,1776234940000
1776234942.341,42.341,0.63,7.29,0.62,30.5,0.64,254.43,0.65,31.5,0.36,254.43,0.35,31.5,0.37,7.29,0.38,30.5,0.01,0.01,2317.716701,1776234941000
1776234942.859,42.859,0.62,20.0,0.61,30.5,0.64,273.36,0.65,41.5,0.36,259.43,0.35,31.5,0.37,9.58,0.38,30.5,0.02,0.01,2317.716701,1776234941000
1776234943.484,43.484,0.6,7.5,0.59,51.5,0.62,20.5,0.63,45.5,0.36,273.36,0.35,41.5,0.38,20.0,0.39,30.5,0.02,0.02,2317.716701,1776234941000
1776234943.695,43.695,0.6,5.0,0.59,56.5,0.61,25.5,0.62,56.5,0.38,20.5,0.37,45.5,0.4,7.5,0.41,51.5,0.01,0.02,2317.746743,1776234942000
1776234944.309,44.309,0.59,71.5,0.58,25.0,0.61,59.23,0.62,35.5,0.39,35.5,0.38,35.5,0.41,56.5,0.42,20.0,0.02,0.02,2317.746743,1776234942000
1776234945.028,45.028,0.59,71.5,0.58,25.0,0.61,56.96,0.62,35.5,0.39,56.96,0.38,35.5,0.41,71.5,0.42,25.0,0.02,0.02,2317.716328,1776234944000
1776234945.363,45.363,0.6,22.27,0.59,56.5,0.61,31.46,0.62,30.5,0.39,56.96,0.38,35.5,0.41,71.5,0.42,25.0,0.01,0.02,2317.716328,1776234944000
1776234946.071,46.071,0.6,17.37,0.59,56.5,0.61,36.46,0.62,30.5,0.39,36.46,0.38,30.5,0.4,17.37,0.41,56.5,0.01,0.01,2317.668303,1776234945000
1776234947.051,47.051,0.6,65.5,0.59,51.5,0.61,15.46,0.62,20.0,0.39,36.46,0.38,30.5,0.4,17.37,0.41,56.5,0.01,0.01,2317.668303,1776234945000
1776234947.456,47.456,0.6,103.0,0.59,51.5,0.61,15.46,0.62,5.0,0.39,15.46,0.38,20.0,0.4,65.5,0.41,51.5,0.01,0.01,2317.640767,1776234946000
1776234947.795,47.795,0.6,103.0,0.59,51.5,0.61,15.46,0.62,5.0,0.39,15.46,0.38,5.0,0.4,105.5,0.41,51.5,0.01,0.01,2317.640767,1776234946000
1776234948.108,48.108,0.6,95.5,0.59,51.5,0.61,13.82,0.62,5.0,0.39,15.46,0.38,5.0,0.4,100.5,0.41,51.5,0.01,0.01,2317.670313,1776234947000
1776234948.962,48.962,0.6,95.5,0.59,51.5,0.61,13.82,0.62,5.0,0.39,13.82,0.38,5.0,0.4,95.5,0.41,51.5,0.01,0.01,2317.705214,1776234948000
1776234949.635,49.635,0.6,58.0,0.59,56.5,0.61,13.82,0.62,10.0,0.39,13.82,0.38,5.0,0.4,95.5,0.41,51.5,0.01,0.01,2317.705214,1776234948000
1776234949.944,49.944,0.6,58.0,0.59,56.5,0.61,13.82,0.62,10.0,0.39,13.82,0.38,10.0,0.4,58.0,0.41,56.5,0.01,0.01,2317.73875,1776234949000
1776234950.273,50.273,0.6,60.5,0.59,66.5,0.61,11.62,0.62,10.0,0.39,13.82,0.38,10.0,0.4,60.5,0.41,56.5,0.01,0.01,2317.73875,1776234949000
1776234950.914,50.914,0.6,60.5,0.59,66.5,0.61,11.62,0.62,10.0,0.39,11.62,0.38,10.0,0.4,60.5,0.41,66.5,0.01,0.01,2317.73875,1776234950000
1776234951.907,51.907,0.6,60.5,0.59,66.5,0.61,11.62,0.62,10.0,0.39,11.62,0.38,10.0,0.4,60.5,0.41,66.5,0.01,0.01,2317.81635,1776234951000
1776234952.932,52.932,0.6,60.5,0.59,66.5,0.61,11.62,0.62,10.0,0.39,11.62,0.38,10.0,0.4,60.5,0.41,66.5,0.01,0.01,2317.73375,1776234952000
1776234953.546,53.546,0.64,46.75,0.63,46.5,0.65,41.0,0.66,29.5,0.39,11.62,0.38,10.0,0.4,60.5,0.41,66.5,0.01,0.01,2317.73375,1776234952000
1776234953.971,53.971,0.64,46.75,0.63,46.5,0.65,41.0,0.66,29.5,0.35,41.0,0.34,29.5,0.36,46.75,0.37,46.5,0.01,0.01,2317.7369,1776234953000
1776234954.865,54.865,0.64,51.75,0.63,46.5,0.65,44.46,0.66,34.5,0.35,44.46,0.34,34.5,0.36,51.75,0.37,46.5,0.01,0.01,2317.749538,1776234954000
1776234955.957,55.957,0.64,51.75,0.63,46.5,0.65,44.46,0.66,34.5,0.35,44.46,0.34,34.5,0.36,51.75,0.37,46.5,0.01,0.01,2317.7869,1776234955000
1776234957.957,57.957,0.64,51.75,0.63,46.5,0.65,44.46,0.66,34.5,0.35,44.46,0.34,34.5,0.36,51.75,0.37,46.5,0.01,0.01,2317.774972,1776234956000
1776234958.641,58.641,0.64,51.75,0.63,46.5,0.65,44.46,0.66,34.5,0.35,44.46,0.34,34.5,0.36,51.75,0.37,46.5,0.01,0.01,2317.85414,1776234957000
1776234959.365,59.365,0.64,51.75,0.63,46.5,0.65,44.46,0.66,34.5,0.35,44.46,0.34,34.5,0.36,51.75,0.37,46.5,0.01,0.01,2317.86819,1776234958000
1776234960.084,60.084,0.64,51.75,0.63,46.5,0.65,44.46,0.66,34.5,0.35,44.46,0.34,34.5,0.36,51.75,0.37,46.5,0.01,0.01,2317.891086,1776234959000
1776234960.502,60.502,0.6,30.0,0.57,10.5,0.61,14.59,0.62,10.0,0.35,44.46,0.34,34.5,0.36,51.75,0.37,46.5,0.01,0.01,2317.891086,1776234959000
1776234960.948,60.948,0.56,60.11,0.55,45.47,0.57,51.0,0.58,25.0,0.41,10.0,0.4,25.5,0.43,10.4,0.44,101.89,0.01,0.02,2317.891086,1776234959000
1776234961.513,61.513,0.56,104.11,0.55,45.47,0.57,44.24,0.58,25.0,0.43,44.24,0.42,25.0,0.44,104.11,0.45,45.47,0.01,0.01,2317.890918,1776234960000
1776234962.082,62.082,0.56,104.11,0.55,45.47,0.57,44.24,0.58,25.0,0.43,44.24,0.42,25.0,0.44,104.11,0.45,45.47,0.01,0.01,2317.848494,1776234961000
1776234963.519,63.519,0.56,104.11,0.55,45.47,0.57,44.24,0.58,25.0,0.43,44.24,0.42,25.0,0.44,104.11,0.45,45.47,0.01,0.01,2317.5686,1776234962000
1776234963.786,63.786,0.56,394.68,0.55,37.0,0.57,5.82,0.58,5.0,0.43,5.82,0.42,5.0,0.44,294.82,0.45,37.0,0.01,0.01,2317.5686,1776234962000
1776234964.045,64.045,0.56,254.85,0.53,10.0,0.57,133.23,0.58,102.5,0.43,61.23,0.42,107.5,0.44,277.85,0.45,6.0,0.01,0.01,2317.5686,1776234963000
1776234965.144,65.144,0.47,2.26,0.46,65.0,0.48,91.5,0.49,147.5,0.49,27.48,0.44,50.0,0.51,26.64,0.53,10.0,0.01,0.02,2317.5686,1776234963000
1776234965.352,65.352,0.46,60.0,0.45,23.0,0.47,30.5,0.48,77.5,0.53,30.5,0.52,77.5,0.54,60.0,0.55,23.0,0.01,0.01,2317.598959,1776234964000
1776234965.681,65.681,0.46,57.5,0.45,15.0,0.47,78.5,0.48,42.5,0.53,68.5,0.52,77.5,0.54,57.6,0.55,10.0,0.01,0.01,2317.598959,1776234964000
1776234966.001,66.001,0.46,48.24,0.45,15.0,0.47,78.5,0.48,42.5,0.53,78.5,0.52,42.5,0.54,57.5,0.55,15.0,0.01,0.01,2317.598959,1776234964000
1776234966.6,66.6,0.46,48.24,0.45,15.0,0.47,78.5,0.48,42.5,0.53,78.5,0.52,42.5,0.54,48.24,0.55,15.0,0.01,0.01,2317.24194,1776234965000
1776234966.93,66.93,0.46,35.83,0.45,25.0,0.47,78.5,0.48,42.5,0.53,78.5,0.52,42.5,0.54,48.24,0.55,15.0,0.01,0.01,2317.24194,1776234965000
1776234967.216,67.216,0.46,28.97,0.45,63.99,0.47,78.5,0.48,42.5,0.53,78.5,0.52,42.5,0.54,28.97,0.55,63.99,0.01,0.01,2317.07705,1776234966000
1776234967.49,67.49,0.45,11.23,0.44,5.0,0.46,20.5,0.47,97.5,0.53,118.5,0.52,42.5,0.54,2.97,0.55,25.0,0.01,0.01,2317.07705,1776234966000
1776234968.044,68.044,0.44,1.99,0.43,10.0,0.46,127.5,0.47,82.5,0.54,20.5,0.53,97.5,0.55,11.23,0.56,5.0,0.02,0.01,2317.07705,1776234966000
1776234968.428,68.428,0.41,28.8,0.4,13.0,0.42,15.0,0.43,10.5,0.58,10.0,0.56,85.5,0.59,20.53,0.6,13.0,0.01,0.01,2317.07705,1776234966000
1776234968.995,68.995,0.38,70.0,0.37,75.01,0.4,91.9,0.42,68.5,0.58,30.5,0.57,20.5,0.59,17.27,0.6,18.0,0.02,0.01,2316.997706,1776234967000
1776234969.708,69.708,0.38,117.73,0.37,99.51,0.39,3.0,0.4,121.9,0.6,91.9,0.58,68.5,0.62,70.0,0.63,75.01,0.01,0.02,2316.919831,1776234968000
1776234970.092,70.092,0.38,151.46,0.37,99.51,0.4,121.9,0.41,32.5,0.61,3.0,0.6,121.9,0.62,117.73,0.63,99.51,0.02,0.01,2316.919831,1776234968000
1776234970.314,70.314,0.38,151.46,0.37,99.51,0.4,121.9,0.41,32.5,0.6,121.9,0.59,32.5,0.62,151.46,0.63,99.51,0.02,0.02,2316.85028,1776234969000
1776234971.481,71.481,0.38,126.46,0.37,89.01,0.39,45.5,0.4,132.4,0.6,121.9,0.59,32.5,0.62,151.46,0.63,99.51,0.01,0.02,2316.85028,1776234969000
1776234971.688,71.688,0.38,126.46,0.37,89.01,0.39,45.5,0.4,132.4,0.61,45.5,0.6,132.4,0.62,126.46,0.63,89.01,0.01,0.01,2316.824184,1776234970000
1776234972.279,72.279,0.38,126.46,0.37,89.01,0.39,45.5,0.4,132.4,0.61,45.5,0.6,132.4,0.62,126.46,0.63,89.01,0.01,0.01,2316.824184,1776234971000
1776234972.603,72.603,0.38,131.46,0.37,89.01,0.39,30.5,0.4,137.4,0.61,45.5,0.6,132.4,0.62,126.46,0.63,89.01,0.01,0.01,2316.824184,1776234971000
1776234972.925,72.925,0.38,131.46,0.37,89.01,0.39,30.5,0.4,137.4,0.61,30.5,0.6,137.4,0.62,131.46,0.63,89.01,0.01,0.01,2316.811909,1776234972000
1776234973.387,73.387,0.38,15.0,0.37,19.01,0.39,47.5,0.4,132.4,0.61,30.5,0.6,137.4,0.62,131.46,0.63,89.01,0.01,0.01,2316.811909,1776234972000
1776234973.596,73.596,0.37,12.01,0.34,10.0,0.39,87.5,0.4,139.4,0.61,87.5,0.6,139.4,0.62,4.0,0.63,19.01,0.02,0.01,2316.811909,1776234972000
1776234973.92,73.92,0.37,12.01,0.36,14.0,0.38,120.86,0.39,57.5,0.61,87.5,0.6,139.4,0.63,12.01,0.66,10.0,0.01,0.02,2316.811909,1776234972000
1776234974.238,74.238,0.37,10.42,0.36,14.0,0.38,123.22,0.39,52.5,0.62,123.22,0.61,57.5,0.63,12.01,0.64,14.0,0.01,0.01,2316.811909,1776234972000
1776234974.657,74.657,0.37,8.83,0.36,14.0,0.38,113.34,0.39,52.5,0.62,123.22,0.61,52.5,0.63,8.83,0.64,14.0,0.01,0.01,2316.811909,1776234972000
1776234974.973,74.973,0.37,21.45,0.36,14.0,0.38,115.7,0.39,52.5,0.62,113.34,0.61,52.5,0.63,8.83,0.64,14.0,0.01,0.01,2316.755189,1776234973000
1776234975.243,75.243,0.37,9.79,0.36,14.0,0.38,85.7,0.39,37.5,0.62,115.7,0.61,52.5,0.63,17.48,0.64,14.0,0.01,0.01,2316.755189,1776234973000
1776234975.716,75.716,0.37,22.26,0.36,14.0,0.38,85.7,0.39,37.5,0.62,85.7,0.61,37.5,0.63,9.79,0.64,14.0,0.01,0.01,2316.763239,1776234974000
1776234976.464,76.464,0.37,23.51,0.36,14.0,0.38,75.59,0.39,37.5,0.62,70.59,0.61,37.5,0.63,20.1,0.64,14.0,0.01,0.01,2316.649156,1776234975000
1776234977.032,77.032,0.37,23.51,0.36,14.0,0.38,75.59,0.39,37.5,0.62,75.59,0.61,37.5,0.63,23.51,0.64,14.0,0.01,0.01,2316.675292,1776234976000
1776234978.014,78.014,0.37,33.31,0.36,14.0,0.38,70.59,0.39,37.5,0.62,75.59,0.61,37.5,0.63,23.51,0.64,14.0,0.01,0.01,2316.675292,1776234976000
1776234979.377,79.377,0.37,33.31,0.36,14.0,0.38,70.59,0.39,37.5,0.62,70.59,0.61,37.5,0.63,33.31,0.64,14.0,0.01,0.01,2316.627123,1776234978000
1776234979.922,79.922,0.37,33.31,0.36,14.0,0.38,70.59,0.39,37.5,0.62,70.59,0.61,37.5,0.63,33.31,0.64,14.0,0.01,0.01,2316.551118,1776234979000
1776234980.899,80.899,0.29,60.97,0.28,15.0,0.35,65.5,0.36,40.5,0.62,70.59,0.61,37.5,0.63,33.31,0.64,14.0,0.06,0.01,2316.551118,1776234979000
1776234981.202,81.202,0.31,102.0,0.3,36.5,0.33,9.0,0.34,20.0,0.65,65.5,0.64,40.5,0.71,60.97,0.72,15.0,0.02,0.06,2316.557027,1776234980000
1776234981.557,81.557,0.32,85.52,0.31,45.0,0.33,10.0,0.34,12.0,0.66,7.0,0.65,30.5,0.68,24.0,0.69,82.0,0.01,0.02,2316.557027,1776234980000
1776234981.901,81.901,0.36,28.93,0.35,67.58,0.38,5.0,0.39,10.0,0.67,10.0,0.66,12.0,0.68,82.12,0.69,45.0,0.02,0.01,2316.557027,1776234980000
1776234982.15,82.15,0.37,79.0,0.36,80.93,0.38,5.52,0.39,5.0,0.62,5.52,0.61,5.0,0.63,79.0,0.64,80.93,0.01,0.01,2316.550571,1776234981000
1776234982.366,82.366,0.37,94.41,0.36,65.43,0.39,10.0,0.4,117.4,0.62,0.52,0.6,96.9,0.63,89.41,0.64,80.93,0.02,0.01,2316.550571,1776234981000
1776234983.238,83.238,0.39,3.36,0.38,28.0,0.4,74.15,0.41,30.5,0.6,74.15,0.59,30.5,0.61,3.36,0.62,28.0,0.01,0.01,2316.585355,1776234982000
1776234983.728,83.728,0.39,1.72,0.38,38.0,0.4,83.65,0.41,20.0,0.6,74.15,0.59,30.5,0.61,3.36,0.62,28.0,0.01,0.01,2316.585355,1776234982000
1776234984.155,84.155,0.39,5.08,0.38,28.0,0.4,83.65,0.41,20.0,0.6,83.65,0.59,20.0,0.61,1.72,0.62,38.0,0.01,0.01,2316.585355,1776234982000
1776234984.364,84.364,0.38,42.28,0.37,65.5,0.4,68.65,0.41,20.0,0.6,83.65,0.59,20.0,0.61,5.08,0.62,28.0,0.02,0.01,2316.744545,1776234983000
1776234984.598,84.598,0.39,26.0,0.38,54.5,0.4,46.55,0.41,25.0,0.6,68.65,0.59,20.0,0.62,42.28,0.63,65.5,0.01,0.02,2316.744545,1776234983000
1776234984.885,84.885,0.39,26.0,0.38,54.5,0.4,46.55,0.41,25.0,0.6,46.55,0.59,25.0,0.61,26.0,0.62,54.5,0.01,0.01,2316.766817,1776234984000
1776234986.014,86.014,0.39,26.0,0.38,54.5,0.4,46.55,0.41,25.0,0.6,46.55,0.59,25.0,0.61,26.0,0.62,54.5,0.01,0.01,2316.796542,1776234985000
1776234986.88,86.88,0.39,36.5,0.38,41.5,0.4,18.07,0.41,20.0,0.6,46.55,0.59,25.0,0.61,26.0,0.62,54.5,0.01,0.01,2316.796542,1776234985000
1776234987.083,87.083,0.39,36.5,0.38,41.5,0.4,18.07,0.41,20.0,0.6,18.07,0.59,20.0,0.61,36.5,0.62,41.5,0.01,0.01,2316.833836,1776234986000
1776234988.125,88.125,0.39,36.5,0.38,41.5,0.4,18.07,0.41,20.0,0.6,18.07,0.59,20.0,0.61,36.5,0.62,41.5,0.01,0.01,2316.821064,1776234987000
1776234989.086,89.086,0.39,36.5,0.38,41.5,0.4,18.07,0.41,20.0,0.6,18.07,0.59,20.0,0.61,36.5,0.62,41.5,0.01,0.01,2316.823612,1776234988000
1776234990.103,90.103,0.39,36.5,0.38,41.5,0.4,18.07,0.41,20.0,0.6,18.07,0.59,20.0,0.61,36.5,0.62,41.5,0.01,0.01,2316.823898,1776234989000
1776234990.895,90.895,0.39,77.5,0.38,41.5,0.42,5.0,0.43,5.0,0.6,18.07,0.59,20.0,0.61,36.5,0.62,41.5,0.03,0.01,2316.823898,1776234989000
1776234991.206,91.206,0.39,77.5,0.38,41.5,0.42,5.0,0.43,5.0,0.58,5.0,0.57,5.0,0.61,77.5,0.62,41.5,0.03,0.03,2316.823067,1776234990000
1776234991.765,91.765,0.42,23.27,0.41,20.0,0.43,20.0,0.44,30.5,0.58,5.0,0.57,5.0,0.61,77.5,0.62,41.5,0.01,0.03,2316.823067,1776234990000
1776234992.253,92.253,0.42,28.27,0.41,25.0,0.43,17.82,0.44,40.5,0.57,17.82,0.56,40.5,0.58,28.27,0.59,25.0,0.01,0.01,2316.82171,1776234991000
1776234993.254,93.254,0.42,28.27,0.41,25.0,0.43,17.82,0.44,40.5,0.57,17.82,0.56,40.5,0.58,28.27,0.59,25.0,0.01,0.01,2316.83485,1776234992000
1776234994.367,94.367,0.42,28.27,0.41,25.0,0.43,17.82,0.44,40.5,0.57,17.82,0.56,40.5,0.58,28.27,0.59,25.0,0.01,0.01,2316.841165,1776234993000
1776234994.983,94.983,0.42,28.27,0.41,25.0,0.43,17.82,0.44,40.5,0.57,17.82,0.56,40.5,0.58,28.27,0.59,25.0,0.01,0.01,2316.841203,1776234994000
1776234996.004,96.004,0.42,97.62,0.41,30.0,0.43,5.0,0.44,35.5,0.57,5.0,0.56,35.5,0.58,97.62,0.59,30.0,0.01,0.01,2316.85173,1776234995000
1776234996.405,96.405,0.42,43.62,0.41,5.0,0.44,50.5,0.45,172.5,0.57,5.0,0.56,35.5,0.58,97.62,0.59,30.0,0.02,0.01,2316.85173,1776234995000
1776234996.856,96.856,0.42,37.62,0.41,10.0,0.43,28.17,0.44,45.5,0.57,29.4,0.56,50.5,0.58,27.62,0.59,5.0,0.01,0.01,2316.85173,1776234995000
1776234997.092,97.092,0.42,30.89,0.41,10.0,0.43,28.17,0.44,45.5,0.57,28.17,0.56,45.5,0.58,30.89,0.59,10.0,0.01,0.01,2316.84985,1776234996000
1776234998.052,98.052,0.42,35.89,0.41,10.0,0.43,30.84,0.44,40.5,0.57,30.84,0.56,40.5,0.58,35.89,0.59,10.0,0.01,0.01,2316.873159,1776234997000
1776234999.14,99.14,0.42,35.89,0.41,10.0,0.43,30.84,0.44,40.5,0.57,30.84,0.56,40.5,0.58,35.89,0.59,10.0,0.01,0.01,2316.876861,1776234998000
1776234999.362,99.362,0.42,27.44,0.41,10.0,0.43,30.84,0.44,35.5,0.57,30.84,0.56,40.5,0.58,35.89,0.59,10.0,0.01,0.01,2316.876861,1776234998000
1776234999.812,99.812,0.42,25.45,0.41,10.0,0.43,30.84,0.44,35.5,0.57,30.84,0.56,35.5,0.58,27.44,0.59,10.0,0.01,0.01,2316.876861,1776234998000
1776235000.16,100.16,0.42,25.45,0.41,10.0,0.43,30.84,0.44,35.5,0.57,30.84,0.56,35.5,0.58,25.45,0.59,10.0,0.01,0.01,2316.805784,1776234999000
1776235001.212,101.212,0.42,25.45,0.41,10.0,0.43,30.84,0.44,35.5,0.57,30.84,0.56,35.5,0.58,25.45,0.59,10.0,0.01,0.01,2316.775756,1776235000000
1776235002.653,102.653,0.42,25.45,0.41,10.0,0.43,30.84,0.44,35.5,0.57,30.84,0.56,35.5,0.58,25.45,0.59,10.0,0.01,0.01,2316.788468,1776235001000
1776235003.159,103.159,0.42,25.45,0.41,10.0,0.43,9.77,0.44,15.0,0.57,30.84,0.56,35.5,0.58,25.45,0.59,10.0,0.01,0.01,2316.788468,1776235001000
1776235003.562,103.562,0.42,25.45,0.41,10.0,0.43,22.67,0.44,25.0,0.54,77.98,0.53,213.79,0.58,25.45,0.59,10.0,0.01,0.04,2316.804684,1776235002000
1776235003.897,103.897,0.42,21.99,0.41,10.0,0.43,16.04,0.44,25.0,0.57,16.04,0.56,25.0,0.58,23.72,0.59,10.0,0.01,0.01,2316.804684,1776235002000
1776235004.38,104.38,0.42,21.99,0.41,10.0,0.43,16.04,0.44,25.0,0.57,16.04,0.56,25.0,0.58,21.99,0.59,10.0,0.01,0.01,2316.809399,1776235003000
1776235005.4,105.4,0.42,6.73,0.41,10.0,0.43,16.04,0.44,25.0,0.57,16.04,0.56,25.0,0.58,6.73,0.59,10.0,0.01,0.01,2316.826022,1776235004000
1776235005.922,105.922,0.42,6.73,0.41,10.0,0.43,16.04,0.44,25.0,0.57,16.04,0.56,25.0,0.58,6.73,0.59,10.0,0.01,0.01,2316.813731,1776235005000
1776235006.276,106.276,0.35,37.58,0.34,12.0,0.43,33.32,0.44,224.99,0.57,16.04,0.56,25.0,0.58,6.73,0.59,10.0,0.08,0.01,2316.813731,1776235005000
1776235006.707,106.707,0.35,58.08,0.34,17.0,0.37,10.0,0.38,15.0,0.57,33.32,0.56,224.99,0.65,37.58,0.66,12.0,0.02,0.08,2316.813731,1776235005000
1776235006.986,106.986,0.35,58.08,0.34,17.0,0.37,10.0,0.38,15.0,0.63,10.0,0.62,15.0,0.65,58.08,0.66,17.0,0.02,0.02,2316.826056,1776235006000
1776235008.066,108.066,0.35,58.08,0.34,17.0,0.37,10.0,0.38,15.0,0.63,10.0,0.62,15.0,0.65,58.08,0.66,17.0,0.02,0.02,2316.766127,1776235007000
1776235009.115,109.115,0.35,58.08,0.34,17.0,0.37,10.0,0.38,15.0,0.63,10.0,0.62,15.0,0.65,58.08,0.66,17.0,0.02,0.02,2316.786283,1776235008000
1776235010.253,110.253,0.35,58.08,0.34,17.0,0.37,10.0,0.38,15.0,0.63,10.0,0.62,15.0,0.65,58.08,0.66,17.0,0.02,0.02,2316.774094,1776235009000
1776235010.511,110.511,0.36,25.5,0.35,53.08,0.37,30.0,0.38,15.0,0.63,10.0,0.62,15.0,0.65,58.08,0.66,17.0,0.01,0.02,2316.774094,1776235009000
1776235010.921,110.921,0.36,11.75,0.35,53.08,0.37,30.0,0.38,15.0,0.63,30.0,0.62,15.0,0.64,25.5,0.65,53.08,0.01,0.01,2316.774094,1776235009000
1776235011.362,111.362,0.36,11.75,0.35,53.08,0.37,30.0,0.38,15.0,0.63,30.0,0.62,15.0,0.64,11.75,0.65,53.08,0.01,0.01,2316.77409,1776235010000
1776235012.505,112.505,0.36,11.75,0.35,53.08,0.37,30.0,0.38,15.0,0.63,30.0,0.62,15.0,0.64,11.75,0.65,53.08,0.01,0.01,2316.752149,1776235011000
1776235012.967,112.967,0.36,11.75,0.35,53.08,0.37,30.0,0.38,15.0,0.63,30.0,0.62,15.0,0.64,11.75,0.65,53.08,0.01,0.01,2316.837217,1776235012000
1776235014.077,114.077,0.36,11.75,0.35,53.08,0.37,30.0,0.38,15.0,0.63,30.0,0.62,15.0,0.64,11.75,0.65,53.08,0.01,0.01,2316.790141,1776235013000
1776235014.629,114.629,0.36,123.25,0.35,58.08,0.39,6.92,0.4,15.0,0.63,30.0,0.62,15.0,0.64,11.75,0.65,53.08,0.03,0.01,2316.790141,1776235013000
1776235015.184,115.184,0.36,123.25,0.35,58.08,0.39,6.92,0.4,15.0,0.61,6.92,0.6,15.0,0.64,123.25,0.65,58.08,0.03,0.03,2316.827233,1776235014000
1776235016.823,116.823,0.36,123.25,0.35,58.08,0.39,6.92,0.4,15.0,0.61,6.92,0.6,15.0,0.64,123.25,0.65,58.08,0.03,0.03,2316.843172,1776235015000
1776235017.73,117.73,0.36,123.25,0.35,58.08,0.39,6.92,0.4,15.0,0.61,6.92,0.6,15.0,0.64,123.25,0.65,58.08,0.03,0.03,2316.846303,1776235016000
1776235018.335,118.335,0.36,123.25,0.35,58.08,0.39,6.92,0.4,15.0,0.61,6.92,0.6,15.0,0.64,123.25,0.65,58.08,0.03,0.03,2316.848511,1776235017000
1776235019.039,119.039,0.36,123.25,0.35,58.08,0.39,6.92,0.4,15.0,0.61,6.92,0.6,15.0,0.64,123.25,0.65,58.08,0.03,0.03,2316.819643,1776235018000
1776235019.785,119.785,0.35,42.58,0.34,5.0,0.36,25.0,0.37,30.5,0.61,6.92,0.6,15.0,0.64,123.25,0.65,58.08,0.01,0.03,2316.819643,1776235018000
1776235020.104,120.104,0.35,36.58,0.34,10.0,0.36,20.0,0.37,30.5,0.64,30.0,0.63,30.5,0.65,37.58,0.66,10.0,0.01,0.01,2316.819643,1776235018000
1776235020.513,120.513,0.35,36.58,0.34,10.0,0.36,20.0,0.37,30.5,0.64,20.0,0.63,30.5,0.65,36.58,0.66,10.0,0.01,0.01,2316.819509,1776235019000
1776235021.298,121.298,0.35,36.58,0.34,10.0,0.36,20.0,0.37,30.5,0.64,20.0,0.63,30.5,0.65,36.58,0.66,10.0,0.01,0.01,2316.784225,1776235020000
1776235021.544,121.544,0.28,12.01,0.27,44.5,0.29,22.0,0.3,137.0,0.7,7.0,0.69,22.0,0.72,14.0,0.73,39.5,0.01,0.02,2316.784225,1776235020000
1776235022.515,122.515,0.27,59.5,0.26,79.0,0.28,11.42,0.29,47.0,0.71,32.0,0.7,147.5,0.72,0.01,0.73,44.5,0.01,0.01,2316.784225,1776235020000
1776235022.932,122.932,0.28,8.61,0.27,59.5,0.29,44.22,0.3,132.0,0.71,44.22,0.7,127.0,0.73,64.5,0.74,79.0,0.01,0.02,2316.742104,1776235021000
1776235023.368,123.368,0.28,8.61,0.27,59.5,0.29,44.22,0.3,132.0,0.71,44.22,0.7,132.0,0.72,8.61,0.73,59.5,0.01,0.01,2316.71606,1776235022000
1776235023.915,123.915,0.22,5.0,0.21,26.7,0.29,134.23,0.3,148.5,0.71,50.73,0.7,132.0,0.72,18.61,0.73,44.5,0.07,0.01,2316.71606,1776235022000
1776235024.187,124.187,0.22,9.9,0.21,31.7,0.23,70.65,0.24,25.5,0.77,35.0,0.76,20.5,0.78,9.9,0.79,31.7,0.01,0.01,2316.71606,1776235022000
1776235024.45,124.45,0.22,17.69,0.21,81.7,0.23,56.61,0.24,25.5,0.77,56.61,0.76,25.5,0.78,17.69,0.79,81.7,0.01,0.01,2316.45073,1776235023000
1776235024.814,124.814,0.22,35.11,0.21,98.0,0.23,30.0,0.24,15.0,0.77,51.61,0.76,25.5,0.78,21.4,0.79,109.7,0.01,0.01,2316.45073,1776235023000
1776235025.025,125.025,0.22,40.46,0.21,108.5,0.23,6.0,0.25,15.0,0.77,6.0,0.75,15.0,0.78,50.61,0.79,108.5,0.01,0.01,2316.446001,1776235024000
1776235025.359,125.359,0.22,143.46,0.21,144.5,0.29,22.0,0.3,17.0,0.77,6.0,0.75,15.0,0.78,40.46,0.79,108.5,0.07,0.01,2316.446001,1776235024000
1776235026.328,126.328,0.22,143.46,0.21,144.5,0.29,22.0,0.3,17.0,0.71,22.0,0.7,17.0,0.78,143.46,0.79,144.5,0.07,0.07,2316.23167,1776235025000
1776235026.621,126.621,0.32,92.5,0.31,46.5,0.38,1.65,0.39,5.0,0.71,22.0,0.7,17.0,0.78,143.46,0.79,144.5,0.06,0.07,2316.23167,1776235025000
1776235027.019,127.019,0.32,92.5,0.31,46.5,0.38,1.65,0.39,5.0,0.62,1.65,0.61,5.0,0.68,92.5,0.69,46.5,0.06,0.06,2316.246851,1776235026000
1776235027.722,127.722,0.37,5.0,0.36,9.6,0.38,18.9,0.39,20.0,0.62,22.15,0.61,15.0,0.64,14.6,0.65,15.0,0.01,0.02,2316.246851,1776235026000
1776235028.143,128.143,0.37,3.41,0.36,19.6,0.38,25.0,0.39,30.5,0.62,18.9,0.61,20.0,0.63,5.0,0.64,9.6,0.01,0.01,2316.246851,1776235026000
1776235029.474,129.474,0.37,3.41,0.36,19.6,0.38,17.5,0.39,30.5,0.62,17.5,0.61,30.5,0.63,8.41,0.64,19.6,0.01,0.01,2316.63108,1776235028000
1776235029.844,129.844,0.47,26.0,0.46,10.0,0.49,75.0,0.5,75.0,0.55,12.43,0.52,5.0,0.57,20.5,0.58,32.5,0.02,0.02,2316.63108,1776235028000
1776235030.693,130.693,0.48,5.61,0.47,21.0,0.49,75.5,0.5,80.0,0.51,50.0,0.5,75.0,0.52,10.0,0.53,21.0,0.01,0.01,2316.65384,1776235029000
1776235031.043,131.043,0.48,93.11,0.47,26.5,0.49,10.0,0.51,10.0,0.51,75.5,0.5,80.0,0.52,5.61,0.53,21.0,0.01,0.01,2316.65384,1776235029000
1776235031.27,131.27,0.52,10.0,0.51,10.0,0.53,109.91,0.54,10.5,0.47,109.91,0.46,10.5,0.48,10.0,0.49,10.0,0.01,0.01,2316.681095,1776235030000
1776235031.72,131.72,0.6,25.5,0.59,20.5,0.61,110.07,0.63,112.02,0.47,109.91,0.46,10.5,0.48,10.0,0.49,10.0,0.01,0.01,2316.681095,1776235030000
1776235031.967,131.967,0.6,115.5,0.59,26.5,0.63,78.72,0.64,70.0,0.39,110.07,0.37,112.02,0.4,25.5,0.41,20.5,0.03,0.01,2316.681095,1776235030000
1776235032.444,132.444,0.62,70.5,0.61,20.5,0.63,63.0,0.64,70.0,0.37,63.0,0.36,70.0,0.38,70.5,0.39,20.5,0.01,0.01,2317.043064,1776235031000
1776235032.775,132.775,0.66,10.0,0.65,10.0,0.68,110.07,0.69,81.0,0.37,63.0,0.36,70.0,0.38,70.5,0.39,20.5,0.02,0.01,2317.043064,1776235031000
1776235033.526,133.526,0.66,5.0,0.65,10.0,0.68,110.07,0.69,81.0,0.32,110.07,0.31,81.0,0.34,5.0,0.35,10.0,0.02,0.02,2317.293352,1776235032000
1776235034.026,134.026,0.67,42.5,0.66,11.0,0.69,70.0,0.7,70.0,0.32,124.4,0.31,75.0,0.33,59.5,0.34,11.0,0.02,0.01,2317.293352,1776235032000
1776235034.329,134.329,0.68,15.0,0.67,10.0,0.69,78.0,0.7,80.5,0.31,70.0,0.3,70.0,0.33,42.5,0.34,11.0,0.01,0.02,2317.555037,1776235033000
1776235034.595,134.595,0.68,15.0,0.67,20.5,0.69,163.36,0.7,85.5,0.31,78.0,0.3,80.5,0.32,15.0,0.33,10.0,0.01,0.01,2317.555037,1776235033000
1776235034.954,134.954,0.68,20.0,0.67,20.5,0.69,172.75,0.7,85.5,0.31,163.36,0.3,85.5,0.32,15.0,0.33,20.5,0.01,0.01,2317.555037,1776235033000
1776235035.191,135.191,0.68,20.0,0.67,20.5,0.69,172.75,0.7,85.5,0.31,172.75,0.3,85.5,0.32,20.0,0.33,20.5,0.01,0.01,2317.835189,1776235034000
1776235036.365,136.365,0.68,20.0,0.67,20.5,0.69,172.75,0.7,85.5,0.31,172.75,0.3,85.5,0.32,20.0,0.33,20.5,0.01,0.01,2317.831944,1776235035000
1776235036.667,136.667,0.68,12.83,0.67,20.5,0.69,154.75,0.7,83.21,0.31,172.75,0.3,85.5,0.32,20.0,0.33,20.5,0.01,0.01,2317.831944,1776235035000
1776235036.887,136.887,0.68,12.83,0.67,20.5,0.69,154.75,0.7,83.21,0.31,154.75,0.3,83.21,0.32,12.83,0.33,20.5,0.01,0.01,2317.834556,1776235036000
1776235037.958,137.958,0.68,12.83,0.67,20.5,0.69,154.75,0.7,83.21,0.31,154.75,0.3,83.21,0.32,12.83,0.33,20.5,0.01,0.01,2317.831139,1776235037000
1776235039.128,139.128,0.68,12.83,0.67,20.5,0.69,154.75,0.7,83.21,0.31,154.75,0.3,83.21,0.32,12.83,0.33,20.5,0.01,0.01,2317.835779,1776235038000
1776235040.182,140.182,0.68,12.83,0.67,20.5,0.69,154.75,0.7,83.21,0.31,154.75,0.3,83.21,0.32,12.83,0.33,20.5,0.01,0.01,2317.850911,1776235039000
1776235040.402,140.402,0.68,44.01,0.67,20.5,0.69,53.6,0.7,83.21,0.31,154.75,0.3,83.21,0.32,12.83,0.33,20.5,0.01,0.01,2317.850911,1776235039000
1776235041.357,141.357,0.68,44.01,0.67,20.5,0.69,53.6,0.7,83.21,0.31,53.6,0.3,83.21,0.32,44.01,0.33,20.5,0.01,0.01,2317.853135,1776235040000
1776235041.669,141.669,0.68,54.51,0.67,20.5,0.69,53.6,0.7,96.21,0.31,53.6,0.3,83.21,0.32,44.01,0.33,20.5,0.01,0.01,2317.853135,1776235040000
1776235041.976,141.976,0.68,54.51,0.67,20.5,0.69,53.6,0.7,96.21,0.31,53.6,0.3,96.21,0.32,54.51,0.33,20.5,0.01,0.01,2317.855842,1776235041000
1776235043.098,143.098,0.68,54.51,0.67,20.5,0.69,53.6,0.7,96.21,0.31,53.6,0.3,96.21,0.32,54.51,0.33,20.5,0.01,0.01,2317.920804,1776235042000
1776235044.159,144.159,0.68,54.51,0.67,20.5,0.69,53.6,0.7,96.21,0.31,53.6,0.3,96.21,0.32,54.51,0.33,20.5,0.01,0.01,2317.91994,1776235043000
1776235045.316,145.316,0.68,54.51,0.67,20.5,0.69,53.6,0.7,96.21,0.31,53.6,0.3,96.21,0.32,54.51,0.33,20.5,0.01,0.01,2317.885833,1776235044000
1776235046.02,146.02,0.62,25.5,0.61,25.5,0.63,50.0,0.65,209.49,0.31,53.6,0.3,96.21,0.32,54.51,0.33,20.5,0.01,0.01,2317.885833,1776235044000
1776235046.404,146.404,0.62,25.5,0.61,25.5,0.63,50.0,0.65,209.49,0.37,50.0,0.35,209.49,0.38,25.5,0.39,25.5,0.01,0.01,2317.858348,1776235045000
1776235046.915,146.915,0.62,25.5,0.61,25.5,0.63,50.0,0.65,209.49,0.37,50.0,0.35,209.49,0.38,25.5,0.39,25.5,0.01,0.01,2317.858347,1776235046000
1776235048.078,148.078,0.61,13.7,0.6,20.5,0.63,106.0,0.64,105.8,0.37,106.0,0.36,105.8,0.39,13.7,0.4,20.5,0.02,0.02,2317.851095,1776235047000
1776235049.0,149.0,0.61,13.7,0.6,20.5,0.63,106.0,0.64,105.8,0.37,106.0,0.36,105.8,0.39,13.7,0.4,20.5,0.02,0.02,2317.771099,1776235048000
1776235050.007,150.007,0.61,13.7,0.6,20.5,0.63,106.0,0.64,105.8,0.37,106.0,0.36,105.8,0.39,13.7,0.4,20.5,0.02,0.02,2317.742097,1776235049000
1776235050.675,150.675,0.52,5.1,0.46,50.0,0.55,20.0,0.62,364.49,0.37,106.0,0.36,105.8,0.39,13.7,0.4,20.5,0.03,0.02,2317.742097,1776235049000
1776235050.934,150.934,0.35,27.99,0.3,5.0,0.5,70.0,0.51,70.0,0.47,10.0,0.45,107.0,0.6,15.1,0.63,3.41,0.15,0.13,2317.742097,1776235049000
1776235051.137,151.137,0.35,18.85,0.3,5.0,0.5,70.0,0.51,70.0,0.5,70.0,0.49,70.0,0.65,23.42,0.7,5.0,0.15,0.15,2317.752776,1776235050000
1776235051.352,151.352,0.27,44.96,0.26,68.7,0.31,20.0,0.32,70.0,0.67,70.0,0.66,70.0,0.73,44.96,0.74,68.7,0.04,0.06,2317.752776,1776235050000
1776235051.605,151.605,0.27,39.96,0.26,68.7,0.32,83.88,0.33,90.0,0.69,3.88,0.68,70.0,0.72,6.0,0.73,44.96,0.05,0.03,2317.752776,1776235050000
1776235051.835,151.835,0.27,5.93,0.26,93.7,0.31,5.0,0.32,83.88,0.68,83.88,0.67,90.0,0.73,19.96,0.74,68.7,0.04,0.05,2317.752776,1776235050000
1776235052.369,152.369,0.27,5.93,0.26,70.0,0.29,5.89,0.3,10.0,0.68,75.33,0.67,90.0,0.73,5.93,0.74,93.7,0.02,0.05,2317.722798,1776235051000
1776235052.966,152.966,0.26,42.15,0.24,19.7,0.28,15.57,0.29,5.89,0.72,15.57,0.71,5.89,0.74,42.15,0.76,19.7,0.02,0.02,2317.119904,1776235052000
1776235053.552,153.552,0.26,68.15,0.23,10.5,0.28,9.62,0.29,10.89,0.73,13.83,0.72,10.57,0.74,63.15,0.76,19.7,0.02,0.01,2317.119904,1776235052000
1776235053.896,153.896,0.26,68.15,0.23,10.5,0.28,9.62,0.29,10.89,0.72,9.62,0.71,10.89,0.74,68.15,0.77,10.5,0.02,0.02,2316.477095,1776235053000
1776235054.882,154.882,0.26,68.15,0.23,10.5,0.28,9.62,0.29,10.89,0.72,9.62,0.71,10.89,0.74,68.15,0.77,10.5,0.02,0.02,2316.374423,1776235054000
1776235055.314,155.314,0.26,48.15,0.25,61.18,0.27,50.5,0.28,14.62,0.72,9.62,0.71,10.89,0.74,68.15,0.77,10.5,0.01,0.02,2316.374423,1776235054000
1776235055.862,155.862,0.26,48.15,0.25,61.18,0.27,50.5,0.28,14.62,0.73,50.5,0.72,14.62,0.74,48.15,0.75,61.18,0.01,0.01,2316.373404,1776235055000
1776235056.611,156.611,0.21,74.41,0.2,43.5,0.27,55.5,0.28,14.62,0.73,50.5,0.72,14.62,0.74,48.15,0.75,61.18,0.06,0.01,2316.373404,1776235055000
1776235057.168,157.168,0.21,38.08,0.2,40.5,0.23,25.0,0.24,15.0,0.73,55.5,0.72,14.62,0.79,74.41,0.8,43.5,0.02,0.06,2316.373404,1776235055000
1776235058.287,158.287,0.21,10.5,0.2,22.73,0.24,10.0,0.25,10.0,0.76,10.0,0.75,10.0,0.79,10.5,0.8,22.73,0.03,0.03,2316.385058,1776235057000
1776235058.548,158.548,0.21,140.19,0.2,20.0,0.22,15.45,0.23,15.0,0.76,10.0,0.75,10.0,0.79,10.5,0.8,22.73,0.01,0.03,2316.385058,1776235057000
1776235058.967,158.967,0.21,140.19,0.2,15.0,0.22,13.93,0.23,15.0,0.78,15.45,0.77,15.0,0.79,140.19,0.8,20.0,0.01,0.01,2316.385058,1776235057000
1776235059.184,159.184,0.21,140.19,0.2,15.0,0.22,13.93,0.23,15.0,0.78,13.93,0.77,15.0,0.79,140.19,0.8,15.0,0.01,0.01,2316.345485,1776235058000
1776235060.25,160.25,0.25,29.0,0.24,24.0,0.29,7.75,0.3,10.0,0.78,9.38,0.77,15.0,0.79,140.19,0.8,15.0,0.04,0.01,2316.345485,1776235058000
1776235060.827,160.827,0.28,5.0,0.27,21.0,0.31,14.16,0.32,46.0,0.69,14.16,0.68,46.0,0.72,5.0,0.73,21.0,0.03,0.03,2316.303514,1776235059000
1776235061.641,161.641,0.28,5.0,0.27,21.0,0.31,14.16,0.32,46.0,0.69,14.16,0.68,46.0,0.72,5.0,0.73,21.0,0.03,0.03,2316.294341,1776235060000
1776235061.956,161.956,0.28,97.0,0.27,15.0,0.29,5.0,0.3,15.0,0.69,14.16,0.68,46.0,0.72,5.0,0.73,21.0,0.01,0.03,2316.294341,1776235060000
1776235062.28,162.28,0.28,97.0,0.27,15.0,0.29,5.0,0.3,15.0,0.71,5.0,0.7,15.0,0.72,97.0,0.73,15.0,0.01,0.01,2316.348608,1776235061000
1776235063.644,163.644,0.28,97.0,0.27,15.0,0.29,5.0,0.3,15.0,0.71,5.0,0.7,15.0,0.72,97.0,0.73,15.0,0.01,0.01,2316.440641,1776235062000
1776235064.251,164.251,0.28,97.0,0.27,15.0,0.29,5.0,0.3,15.0,0.71,5.0,0.7,15.0,0.72,97.0,0.73,15.0,0.01,0.01,2316.448372,1776235063000
1776235064.957,164.957,0.28,97.0,0.27,15.0,0.29,5.0,0.3,15.0,0.71,5.0,0.7,15.0,0.72,97.0,0.73,15.0,0.01,0.01,2316.482743,1776235064000
1776235065.357,165.357,0.29,11.77,0.28,16.0,0.3,40.5,0.31,29.66,0.71,5.0,0.7,15.0,0.72,97.0,0.73,15.0,0.01,0.01,2316.482743,1776235064000
1776235066.033,166.033,0.3,144.49,0.29,61.77,0.35,3.36,0.37,115.0,0.7,40.5,0.69,29.66,0.71,11.77,0.72,16.0,0.05,0.01,2316.482743,1776235064000
1776235067.448,167.448,0.35,5.92,0.34,11.0,0.36,37.76,0.37,90.0,0.64,2.76,0.63,115.0,0.66,16.0,0.67,16.0,0.01,0.02,2316.457186,1776235065000
1776235067.655,167.655,0.35,5.92,0.34,11.0,0.36,37.76,0.37,90.0,0.64,37.76,0.63,90.0,0.65,5.92,0.66,11.0,0.01,0.01,2316.485182,1776235066000
1776235067.931,167.931,0.35,5.92,0.34,11.0,0.36,5.14,0.37,90.0,0.64,37.76,0.63,90.0,0.65,5.92,0.66,11.0,0.01,0.01,2316.485182,1776235066000
1776235068.254,168.254,0.35,5.92,0.34,11.0,0.36,5.14,0.37,90.0,0.64,5.14,0.63,90.0,0.65,5.92,0.66,11.0,0.01,0.01,2316.5475,1776235067000
1776235069.806,169.806,0.35,5.92,0.34,11.0,0.36,5.14,0.37,90.0,0.64,5.14,0.63,90.0,0.65,5.92,0.66,11.0,0.01,0.01,2316.583755,1776235068000
1776235070.201,170.201,0.35,10.92,0.34,16.0,0.36,18.27,0.37,105.5,0.64,5.14,0.63,90.0,0.65,5.92,0.66,11.0,0.01,0.01,2316.583755,1776235068000
1776235070.438,170.438,0.35,10.92,0.34,16.0,0.36,18.27,0.37,105.5,0.64,18.27,0.63,105.5,0.65,10.92,0.66,16.0,0.01,0.01,2316.569891,1776235069000
1776235071.254,171.254,0.21,48.6,0.2,55.0,0.23,10.0,0.24,10.0,0.64,18.27,0.63,105.5,0.65,10.92,0.66,16.0,0.02,0.01,2316.569891,1776235069000
1776235071.97,171.97,0.19,15.48,0.18,54.9,0.22,25.0,0.23,20.0,0.78,10.0,0.77,10.0,0.79,48.5,0.8,20.5,0.03,0.01,2316.566489,1776235070000
1776235072.302,172.302,0.19,20.79,0.18,61.9,0.2,15.0,0.21,10.0,0.78,25.0,0.77,20.0,0.81,15.48,0.82,54.9,0.01,0.03,2316.582831,1776235071000
1776235072.712,172.712,0.19,26.55,0.18,61.9,0.2,6.12,0.21,10.0,0.8,10.0,0.79,10.0,0.81,26.55,0.82,61.9,0.01,0.01,2316.582831,1776235071000
1776235073.516,173.516,0.19,26.55,0.18,61.9,0.2,6.12,0.21,10.0,0.8,6.12,0.79,10.0,0.81,26.55,0.82,61.9,0.01,0.01,2316.392,1776235072000
1776235074.19,174.19,0.19,16.13,0.18,56.4,0.2,6.12,0.21,10.0,0.8,6.12,0.79,10.0,0.81,16.13,0.82,56.4,0.01,0.01,2316.3821,1776235073000
1776235075.442,175.442,0.19,16.13,0.18,56.4,0.2,6.12,0.21,10.0,0.8,6.12,0.79,10.0,0.81,16.13,0.82,56.4,0.01,0.01,2316.25796,1776235074000
1776235076.185,176.185,0.19,16.13,0.18,56.4,0.2,6.12,0.21,10.0,0.8,6.12,0.79,10.0,0.81,16.13,0.82,56.4,0.01,0.01,2316.258209,1776235075000
1776235076.771,176.771,0.19,27.13,0.18,51.4,0.2,1.12,0.21,10.0,0.8,6.12,0.79,10.0,0.81,16.13,0.82,56.4,0.01,0.01,2316.258209,1776235075000
1776235077.432,177.432,0.19,27.13,0.18,51.4,0.2,1.12,0.21,10.0,0.8,1.12,0.79,10.0,0.81,27.13,0.82,51.4,0.01,0.01,2316.30055,1776235076000
1776235078.42,178.42,0.19,27.13,0.18,51.4,0.2,1.12,0.21,10.0,0.8,1.12,0.79,10.0,0.81,27.13,0.82,51.4,0.01,0.01,2316.267373,1776235077000
1776235078.64,178.64,0.19,32.13,0.18,44.4,0.26,12.62,0.27,20.0,0.8,1.12,0.79,10.0,0.81,27.13,0.82,51.4,0.07,0.01,2316.267373,1776235077000
1776235079.109,179.109,0.19,32.13,0.18,44.4,0.26,12.62,0.27,20.0,0.74,12.62,0.73,20.0,0.81,32.13,0.82,44.4,0.07,0.07,2316.267327,1776235078000
1776235079.408,179.408,0.25,10.0,0.24,20.5,0.26,14.23,0.27,10.5,0.74,15.0,0.72,5.0,0.78,45.25,0.79,80.5,0.01,0.04,2316.267327,1776235078000
1776235080.371,180.371,0.25,10.0,0.24,20.5,0.26,14.23,0.27,10.5,0.74,14.23,0.73,10.5,0.75,10.0,0.76,20.5,0.01,0.01,2316.263504,1776235079000
1776235080.74,180.74,0.25,40.16,0.24,30.5,0.26,34.23,0.27,10.0,0.74,14.23,0.73,10.5,0.75,10.0,0.76,20.5,0.01,0.01,2316.263504,1776235079000
1776235081.027,181.027,0.25,40.16,0.24,30.5,0.26,34.23,0.27,10.0,0.74,34.23,0.73,10.0,0.75,40.16,0.76,30.5,0.01,0.01,2316.267587,1776235080000
1776235081.392,181.392,0.25,43.82,0.24,30.5,0.26,29.23,0.27,10.0,0.74,34.23,0.73,10.0,0.75,40.16,0.76,30.5,0.01,0.01,2316.267587,1776235080000
1776235082.158,182.158,0.25,43.82,0.24,30.5,0.26,29.23,0.27,10.0,0.74,29.23,0.73,10.0,0.75,43.82,0.76,30.5,0.01,0.01,2316.434196,1776235081000
1776235083.553,183.553,0.25,43.82,0.24,30.5,0.26,29.23,0.27,10.0,0.74,29.23,0.73,10.0,0.75,43.82,0.76,30.5,0.01,0.01,2316.427277,1776235082000
1776235083.889,183.889,0.24,5.0,0.23,30.0,0.25,92.78,0.26,64.5,0.74,29.23,0.73,10.0,0.75,43.82,0.76,30.5,0.01,0.01,2316.427277,1776235082000
1776235084.241,184.241,0.24,5.0,0.23,30.0,0.25,92.78,0.26,64.5,0.75,92.78,0.74,64.5,0.76,5.0,0.77,30.0,0.01,0.01,2316.427277,1776235083000
1776235085.583,185.583,0.24,5.0,0.23,30.0,0.25,92.78,0.26,64.5,0.75,92.78,0.74,64.5,0.76,5.0,0.77,30.0,0.01,0.01,2316.333105,1776235084000
1776235086.238,186.238,0.24,5.0,0.23,30.0,0.25,92.78,0.26,64.5,0.75,92.78,0.74,64.5,0.76,5.0,0.77,30.0,0.01,0.01,2316.349995,1776235085000
1776235086.861,186.861,0.26,8.0,0.25,33.5,0.27,10.0,0.3,5.0,0.75,92.78,0.74,64.5,0.76,5.0,0.77,30.0,0.01,0.01,2316.349995,1776235085000
1776235087.476,187.476,0.29,91.59,0.28,35.5,0.3,5.0,0.31,10.5,0.7,5.0,0.69,55.0,0.74,8.0,0.75,83.5,0.01,0.04,2316.349995,1776235085000
1776235088.109,188.109,0.29,91.59,0.28,35.5,0.3,5.0,0.31,10.5,0.7,5.0,0.69,10.5,0.71,91.59,0.72,35.5,0.01,0.01,2316.380796,1776235087000
1776235088.4,188.4,0.29,90.18,0.28,35.5,0.3,33.21,0.31,10.5,0.7,33.21,0.69,10.5,0.71,81.59,0.72,35.5,0.01,0.01,2316.380796,1776235087000
1776235088.622,188.622,0.29,85.18,0.28,35.5,0.3,14.95,0.31,10.5,0.7,33.21,0.69,10.5,0.71,90.18,0.72,35.5,0.01,0.01,2316.380796,1776235087000
1776235089.297,189.297,0.29,95.18,0.28,35.5,0.3,1.66,0.31,62.85,0.7,14.95,0.69,10.5,0.71,85.18,0.72,35.5,0.01,0.01,2316.380796,1776235087000
1776235089.64,189.64,0.29,79.48,0.28,25.0,0.3,32.16,0.31,67.85,0.7,17.16,0.69,67.85,0.71,81.03,0.72,25.0,0.01,0.01,2316.52843,1776235088000
1776235089.863,189.863,0.29,79.48,0.28,25.0,0.3,32.16,0.31,67.85,0.7,32.16,0.69,67.85,0.71,79.48,0.72,25.0,0.01,0.01,2316.558065,1776235089000
1776235091.112,191.112,0.29,79.48,0.28,25.0,0.3,32.16,0.31,67.85,0.7,32.16,0.69,67.85,0.71,79.48,0.72,25.0,0.01,0.01,2316.568378,1776235090000
1776235091.629,191.629,0.36,13.43,0.35,15.0,0.37,30.5,0.38,40.0,0.64,153.57,0.63,15.0,0.7,10.34,0.71,129.5,0.01,0.06,2316.568378,1776235090000
1776235092.144,192.144,0.36,115.93,0.35,48.5,0.42,30.0,0.43,205.11,0.63,30.5,0.62,40.0,0.64,34.43,0.65,23.0,0.06,0.01,2316.568378,1776235090000
1776235092.349,192.349,0.41,18.0,0.4,10.0,0.42,35.87,0.43,70.0,0.58,35.97,0.57,70.0,0.59,18.0,0.6,22.5,0.01,0.01,2316.53417,1776235091000
1776235092.818,192.818,0.41,26.0,0.4,10.0,0.42,39.66,0.43,75.0,0.58,35.87,0.57,70.0,0.59,18.0,0.6,10.0,0.01,0.01,2316.53417,1776235091000
1776235093.15,193.15,0.41,19.29,0.4,20.5,0.42,39.66,0.43,85.5,0.58,44.66,0.57,75.0,0.59,24.3,0.6,10.0,0.01,0.01,2316.53417,1776235091000
1776235093.364,193.364,0.41,19.29,0.4,20.5,0.42,39.66,0.43,85.5,0.58,39.66,0.57,85.5,0.59,19.29,0.6,20.5,0.01,0.01,2316.67774,1776235092000
1776235094.322,194.322,0.41,16.3,0.4,10.0,0.42,55.16,0.43,85.5,0.58,55.16,0.57,85.5,0.59,16.3,0.6,10.0,0.01,0.01,2316.822141,1776235093000
1776235094.538,194.538,0.4,0.19,0.39,20.5,0.42,50.16,0.43,95.5,0.58,55.16,0.57,85.5,0.59,16.3,0.6,10.0,0.02,0.01,2316.822141,1776235093000
1776235094.826,194.826,0.4,39.69,0.39,25.5,0.42,40.16,0.43,95.5,0.58,50.16,0.57,95.5,0.6,0.19,0.61,20.5,0.02,0.02,2316.822141,1776235093000
1776235095.894,195.894,0.4,39.69,0.39,25.5,0.42,40.16,0.43,95.5,0.58,40.16,0.57,95.5,0.6,39.69,0.61,25.5,0.02,0.02,2316.927332,1776235095000
1776235096.878,196.878,0.41,47.5,0.4,44.5,0.43,75.0,0.44,10.5,0.58,40.16,0.57,95.5,0.6,39.69,0.61,25.5,0.02,0.02,2316.927332,1776235095000
1776235097.196,197.196,0.42,18.27,0.41,25.5,0.43,25.0,0.44,10.5,0.57,30.0,0.56,10.5,0.58,14.24,0.59,20.5,0.01,0.01,2316.943691,1776235096000
1776235097.509,197.509,0.43,25.24,0.42,13.27,0.44,15.5,0.45,15.5,0.56,10.5,0.55,15.5,0.58,18.27,0.59,25.5,0.01,0.02,2316.943691,1776235096000
1776235097.835,197.835,0.45,22.0,0.44,17.0,0.46,104.32,0.47,5.0,0.56,15.5,0.55,15.5,0.57,21.46,0.58,13.27,0.01,0.01,2316.943691,1776235096000
1776235098.646,198.646,0.47,24.0,0.46,37.5,0.48,30.0,0.49,95.5,0.54,104.32,0.53,5.0,0.55,22.0,0.56,17.0,0.01,0.01,2316.945844,1776235097000
1776235099.045,199.045,0.47,34.0,0.46,37.5,0.48,19.25,0.49,90.5,0.52,19.25,0.51,90.5,0.53,34.0,0.54,37.5,0.01,0.01,2316.953116,1776235098000
1776235100.114,200.114,0.48,10.0,0.47,71.5,0.49,65.0,0.5,90.5,0.51,65.0,0.5,90.5,0.52,10.0,0.53,71.5,0.01,0.01,2316.941617,1776235099000
1776235101.25,201.25,0.49,21.0,0.48,43.0,0.5,23.5,0.51,50.0,0.5,23.5,0.49,50.0,0.51,21.0,0.52,43.0,0.01,0.01,2317.084111,1776235100000
1776235102.302,202.302,0.49,43.0,0.48,43.0,0.5,81.19,0.51,50.0,0.5,81.19,0.49,50.0,0.51,43.0,0.52,43.0,0.01,0.01,2317.115343,1776235101000
1776235102.854,202.854,0.54,20.5,0.53,87.5,0.56,34.21,0.58,40.4,0.5,81.19,0.49,50.0,0.51,43.0,0.52,43.0,0.02,0.01,2317.115343,1776235101000
1776235103.143,203.143,0.55,150.5,0.54,31.5,0.58,5.0,0.59,25.0,0.44,34.11,0.42,19.9,0.45,10.5,0.46,29.75,0.03,0.01,2317.115343,1776235101000
1776235103.472,203.472,0.6,21.0,0.59,20.5,0.61,182.5,0.62,70.0,0.39,132.0,0.38,190.21,0.43,10.0,0.44,20.5,0.01,0.04,2317.118184,1776235102000
1776235103.858,203.858,0.6,17.0,0.59,20.5,0.61,127.2,0.62,143.58,0.39,127.2,0.38,70.0,0.4,16.0,0.41,20.5,0.01,0.01,2317.118184,1776235102000
1776235104.959,204.959,0.6,56.5,0.59,25.5,0.61,100.7,0.62,70.0,0.39,127.2,0.38,143.58,0.4,17.0,0.41,20.5,0.01,0.01,2317.118184,1776235103000
1776235106.134,206.134,0.6,56.5,0.59,25.5,0.61,100.7,0.62,70.0,0.39,100.7,0.38,70.0,0.4,56.5,0.41,25.5,0.01,0.01,2317.472007,1776235105000
1776235107.23,207.23,0.6,56.5,0.59,25.5,0.61,100.7,0.62,70.0,0.39,100.7,0.38,70.0,0.4,56.5,0.41,25.5,0.01,0.01,2317.493973,1776235106000
1776235108.049,208.049,0.6,86.5,0.59,25.5,0.61,89.62,0.62,70.0,0.39,100.7,0.38,70.0,0.4,56.5,0.41,25.5,0.01,0.01,2317.493973,1776235106000
1776235108.519,208.519,0.6,86.5,0.59,25.5,0.61,89.62,0.62,70.0,0.39,89.62,0.38,70.0,0.4,86.5,0.41,25.5,0.01,0.01,2317.518145,1776235107000
1776235109.085,209.085,0.6,86.5,0.59,25.5,0.61,89.62,0.62,70.0,0.39,89.62,0.38,70.0,0.4,86.5,0.41,25.5,0.01,0.01,2317.520065,1776235108000
1776235110.353,210.353,0.6,86.5,0.59,25.5,0.61,89.62,0.62,70.0,0.39,89.62,0.38,70.0,0.4,86.5,0.41,25.5,0.01,0.01,2317.559937,1776235109000
1776235110.723,210.723,0.6,143.0,0.59,25.5,0.61,74.62,0.62,80.0,0.39,89.62,0.38,70.0,0.4,86.5,0.41,25.5,0.01,0.01,2317.559937,1776235109000
1776235110.935,210.935,0.6,143.0,0.59,25.5,0.61,74.62,0.62,80.0,0.39,74.62,0.38,80.0,0.4,143.0,0.41,25.5,0.01,0.01,2317.570761,1776235110000
1776235111.99,211.99,0.6,143.0,0.59,25.5,0.61,74.62,0.62,80.0,0.39,74.62,0.38,80.0,0.4,143.0,0.41,25.5,0.01,0.01,2317.598348,1776235111000
1776235115.323,215.323,0.6,143.0,0.59,25.5,0.61,74.62,0.62,80.0,0.39,74.62,0.38,80.0,0.4,143.0,0.41,25.5,0.01,0.01,2317.596404,1776235113000
1776235115.851,215.851,0.6,143.0,0.59,25.5,0.61,74.62,0.62,80.0,0.39,74.62,0.38,80.0,0.4,143.0,0.41,25.5,0.01,0.01,2317.598386,1776235114000
1776235116.866,216.866,0.6,143.0,0.59,25.5,0.61,74.62,0.62,80.0,0.39,74.62,0.38,80.0,0.4,143.0,0.41,25.5,0.01,0.01,2317.598382,1776235115000
1776235117.484,217.484,0.6,43.0,0.59,30.5,0.61,85.62,0.62,90.5,0.39,85.62,0.38,90.5,0.4,43.0,0.41,30.5,0.01,0.01,2317.58541,1776235116000
1776235117.707,217.707,0.59,27.5,0.58,35.5,0.61,118.12,0.62,80.5,0.39,118.12,0.38,80.5,0.41,17.5,0.42,25.5,0.02,0.02,2317.58541,1776235116000
1776235117.963,217.963,0.59,22.5,0.58,35.5,0.6,14.83,0.61,113.12,0.39,118.12,0.38,80.5,0.41,27.5,0.42,35.5,0.01,0.02,2317.58541,1776235116000
1776235118.171,218.171,0.59,22.5,0.58,35.5,0.6,13.33,0.61,113.12,0.4,13.33,0.39,113.12,0.41,22.5,0.42,35.5,0.01,0.01,2317.549471,1776235117000
1776235118.672,218.672,0.59,17.62,0.58,35.5,0.6,14.09,0.61,113.12,0.4,18.33,0.39,113.12,0.41,17.62,0.42,35.5,0.01,0.01,2317.549471,1776235117000
1776235118.985,218.985,0.59,17.62,0.58,35.5,0.6,12.42,0.61,113.12,0.4,14.09,0.39,113.12,0.41,17.62,0.42,35.5,0.01,0.01,2317.549471,1776235117000
1776235119.444,219.444,0.59,30.92,0.58,30.5,0.6,12.42,0.61,113.12,0.4,12.42,0.39,113.12,0.41,30.92,0.42,30.5,0.01,0.01,2317.536025,1776235118000
1776235120.102,220.102,0.59,30.92,0.58,30.5,0.6,12.42,0.61,113.12,0.4,12.42,0.39,113.12,0.41,30.92,0.42,30.5,0.01,0.01,2317.494815,1776235119000
1776235121.311,221.311,0.59,30.92,0.58,30.5,0.6,12.42,0.61,113.12,0.4,12.42,0.39,113.12,0.41,30.92,0.42,30.5,0.01,0.01,2317.486241,1776235120000
1776235121.547,221.547,0.54,5.0,0.53,5.0,0.61,317.49,0.62,36.5,0.4,12.42,0.39,113.12,0.41,30.92,0.42,30.5,0.07,0.01,2317.486241,1776235120000
1776235122.455,222.455,0.51,0.65,0.5,10.0,0.52,122.5,0.53,112.0,0.48,122.5,0.47,112.0,0.49,0.65,0.5,10.0,0.01,0.01,2317.485218,1776235121000
1776235123.081,223.081,0.51,0.65,0.5,10.0,0.52,122.5,0.53,112.0,0.48,122.5,0.47,112.0,0.49,0.65,0.5,10.0,0.01,0.01,2317.485218,1776235122000
1776235124.032,224.032,0.41,100.0,0.36,125.0,0.51,10.5,0.52,52.5,0.48,122.5,0.47,112.0,0.49,0.65,0.5,10.0,0.1,0.01,2317.485218,1776235122000
1776235124.277,224.277,0.42,15.4,0.41,65.0,0.43,20.0,0.44,20.0,0.49,10.5,0.48,52.5,0.59,100.0,0.64,125.0,0.01,0.1,2317.485218,1776235122000
1776235124.654,224.654,0.36,120.0,0.34,5.0,0.4,25.0,0.41,30.5,0.57,20.0,0.56,25.0,0.58,10.69,0.59,65.0,0.04,0.01,2317.3863,1776235123000
1776235125.467,225.467,0.36,120.0,0.34,5.0,0.4,25.0,0.41,30.5,0.6,25.0,0.59,30.5,0.64,120.0,0.66,5.0,0.04,0.04,2317.37582,1776235124000
1776235125.767,225.767,0.36,126.5,0.34,5.0,0.37,20.0,0.38,15.0,0.6,25.0,0.59,30.5,0.64,120.0,0.66,5.0,0.01,0.04,2317.37582,1776235124000
1776235126.019,226.019,0.36,126.5,0.34,5.0,0.38,15.0,0.39,15.0,0.62,15.0,0.61,15.0,0.64,126.5,0.66,5.0,0.02,0.02,2317.320908,1776235125000
1776235126.421,226.421,0.37,21.5,0.36,116.5,0.38,42.0,0.39,15.0,0.62,15.0,0.61,15.0,0.64,126.5,0.66,5.0,0.01,0.02,2317.320908,1776235125000
1776235127.194,227.194,0.37,21.5,0.36,116.5,0.38,42.0,0.39,15.0,0.62,42.0,0.61,15.0,0.63,21.5,0.64,116.5,0.01,0.01,2317.127919,1776235126000
1776235128.191,228.191,0.39,6.0,0.37,118.5,0.44,5.0,0.48,70.0,0.62,42.0,0.61,15.0,0.63,21.5,0.64,116.5,0.05,0.01,2317.127919,1776235126000
1776235128.603,228.603,0.45,18.18,0.44,65.0,0.48,5.0,0.51,15.78,0.56,5.0,0.52,70.0,0.61,6.0,0.63,118.5,0.03,0.05,2317.066771,1776235127000
1776235129.057,229.057,0.47,22.96,0.46,20.5,0.49,5.0,0.5,10.5,0.52,5.0,0.49,15.78,0.55,18.18,0.56,65.0,0.02,0.03,2317.066771,1776235127000
1776235129.381,229.381,0.47,22.96,0.46,20.5,0.49,5.0,0.5,10.5,0.51,5.0,0.5,10.5,0.53,22.96,0.54,20.5,0.02,0.02,2317.094812,1776235128000
1776235129.603,229.603,0.48,31.0,0.47,37.96,0.49,2.95,0.5,10.5,0.51,5.0,0.5,10.5,0.53,22.96,0.54,20.5,0.01,0.02,2317.094812,1776235128000
1776235130.065,230.065,0.48,31.0,0.47,37.96,0.49,2.95,0.5,10.5,0.51,2.95,0.5,10.5,0.52,31.0,0.53,37.96,0.01,0.01,2317.114377,1776235129000
1776235131.101,231.101,0.49,25.0,0.48,31.0,0.5,25.5,0.51,20.5,0.51,2.95,0.5,10.5,0.52,31.0,0.53,37.96,0.01,0.01,2317.114377,1776235129000
1776235131.538,231.538,0.49,25.0,0.48,31.0,0.5,25.5,0.51,20.5,0.5,25.5,0.49,20.5,0.51,25.0,0.52,31.0,0.01,0.01,2317.217485,1776235130000
1776235132.033,232.033,0.49,25.0,0.48,31.0,0.5,25.5,0.51,20.5,0.5,25.5,0.49,20.5,0.51,25.0,0.52,31.0,0.01,0.01,2317.211695,1776235131000
1776235133.076,233.076,0.49,25.0,0.48,31.0,0.5,25.5,0.51,20.5,0.5,25.5,0.49,20.5,0.51,25.0,0.52,31.0,0.01,0.01,2317.22004,1776235132000
1776235133.505,233.505,0.36,36.0,0.35,5.0,0.47,41.5,0.48,167.49,0.5,25.5,0.49,20.5,0.51,25.0,0.52,31.0,0.11,0.01,2317.22004,1776235132000
1776235133.905,233.905,0.38,4.77,0.37,10.5,0.4,15.0,0.41,20.5,0.53,41.5,0.52,167.49,0.64,26.12,0.65,5.0,0.02,0.11,2317.22004,1776235132000
1776235134.42,234.42,0.37,20.5,0.36,26.12,0.41,21.35,0.42,20.5,0.6,15.0,0.59,20.5,0.62,4.77,0.63,10.5,0.04,0.02,2317.220405,1776235133000
1776235135.019,235.019,0.37,20.5,0.36,26.12,0.41,21.35,0.42,20.5,0.59,21.35,0.58,20.5,0.63,20.5,0.64,26.12,0.04,0.04,2317.17173,1776235134000
1776235136.028,236.028,0.37,20.5,0.36,26.12,0.41,21.35,0.42,20.5,0.59,21.35,0.58,20.5,0.63,20.5,0.64,26.12,0.04,0.04,2317.055228,1776235135000
1776235136.988,236.988,0.39,26.5,0.38,50.5,0.4,5.0,0.41,10.0,0.59,21.35,0.58,20.5,0.63,20.5,0.64,26.12,0.01,0.04,2317.055228,1776235135000
1776235137.366,237.366,0.43,40.5,0.42,40.5,0.44,2.72,0.47,15.5,0.59,5.0,0.58,20.5,0.61,31.5,0.62,45.5,0.01,0.02,2317.059635,1776235136000
1776235137.684,237.684,0.44,9.64,0.43,124.74,0.45,10.0,0.46,10.0,0.56,2.72,0.53,25.5,0.57,38.74,0.58,40.5,0.01,0.01,2317.059635,1776235136000
1776235137.959,237.959,0.44,12.85,0.43,124.74,0.45,10.0,0.46,10.0,0.55,10.0,0.54,10.0,0.56,12.85,0.57,124.74,0.01,0.01,2317.067467,1776235137000
1776235138.723,238.723,0.47,36.0,0.46,25.0,0.48,10.16,0.49,80.5,0.55,10.0,0.54,10.0,0.56,21.06,0.57,119.74,0.01,0.01,2317.067467,1776235137000
1776235139.844,239.844,0.46,16.15,0.45,30.5,0.49,100.5,0.5,95.5,0.51,80.5,0.5,90.5,0.52,14.65,0.53,36.0,0.03,0.01,2317.096796,1776235138000
1776235140.3,240.3,0.47,30.0,0.46,26.0,0.48,4.98,0.49,95.0,0.51,100.5,0.5,95.5,0.54,16.15,0.55,30.5,0.01,0.03,2317.183844,1776235139000
1776235140.533,240.533,0.47,14.33,0.46,26.0,0.48,19.98,0.49,90.0,0.52,4.98,0.51,95.0,0.53,30.0,0.54,26.0,0.01,0.01,2317.183844,1776235139000
1776235140.887,240.887,0.47,19.33,0.46,26.0,0.48,14.98,0.49,90.0,0.52,14.98,0.51,90.0,0.53,19.33,0.54,26.0,0.01,0.01,2317.217896,1776235140000
1776235141.841,241.841,0.47,19.33,0.46,26.0,0.48,14.98,0.49,90.0,0.52,14.98,0.51,90.0,0.53,19.33,0.54,26.0,0.01,0.01,2317.236238,1776235141000
1776235142.421,242.421,0.49,86.16,0.48,25.0,0.53,5.0,0.56,10.0,0.52,14.98,0.51,90.0,0.53,19.33,0.54,26.0,0.04,0.01,2317.236238,1776235141000
1776235142.631,242.631,0.49,91.16,0.48,25.0,0.58,129.91,0.6,70.0,0.44,10.0,0.42,130.21,0.51,91.16,0.52,25.0,0.09,0.07,2317.236238,1776235141000
1776235142.863,242.863,0.49,91.16,0.48,25.0,0.58,129.91,0.6,70.0,0.42,9.7,0.4,70.0,0.51,91.16,0.52,25.0,0.09,0.09,2317.226716,1776235142000
1776235143.077,243.077,0.57,6.62,0.56,20.0,0.58,19.7,0.59,5.0,0.42,9.7,0.4,70.0,0.51,91.16,0.52,25.0,0.01,0.09,2317.226716,1776235142000
1776235143.365,243.365,0.57,52.62,0.56,20.0,0.58,9.7,0.6,70.0,0.42,19.7,0.41,5.0,0.43,6.62,0.44,20.0,0.01,0.01,2317.226716,1776235142000
1776235143.82,243.82,0.57,73.62,0.56,20.0,0.6,3.0,0.61,140.0,0.42,9.7,0.4,70.0,0.43,52.62,0.44,20.0,0.03,0.01,2317.226716,1776235142000
1776235144.161,244.161,0.62,86.0,0.61,20.0,0.63,42.19,0.68,70.0,0.37,50.0,0.36,75.0,0.42,17.0,0.43,96.29,0.01,0.05,2317.226716,1776235142000
1776235144.403,244.403,0.62,86.0,0.61,25.0,0.65,5.0,0.68,70.0,0.37,42.19,0.32,70.0,0.38,86.0,0.39,25.0,0.03,0.01,2317.226716,1776235142000
1776235144.868,244.868,0.62,111.0,0.61,20.0,0.63,13.76,0.66,5.0,0.32,70.0,0.31,190.21,0.38,86.0,0.39,20.0,0.01,0.06,2317.270006,1776235143000
1776235145.217,245.217,0.67,20.0,0.66,15.0,0.68,69.22,0.69,70.0,0.34,5.0,0.32,75.0,0.38,103.1,0.39,20.0,0.01,0.04,2317.354569,1776235144000
1776235146.421,246.421,0.67,20.0,0.66,15.0,0.68,69.22,0.69,70.0,0.32,69.22,0.31,70.0,0.33,20.0,0.34,15.0,0.01,0.01,2317.561454,1776235145000
1776235146.684,246.684,0.66,15.0,0.65,30.0,0.68,84.22,0.69,70.0,0.32,69.22,0.31,70.0,0.33,20.0,0.34,15.0,0.02,0.01,2317.561454,1776235145000
1776235147.001,247.001,0.66,15.0,0.65,30.0,0.68,84.22,0.69,70.0,0.32,84.22,0.31,70.0,0.34,15.0,0.35,30.0,0.02,0.02,2317.614863,1776235146000
1776235148.194,248.194,0.66,15.0,0.65,30.0,0.68,84.22,0.69,70.0,0.32,84.22,0.31,70.0,0.34,15.0,0.35,30.0,0.02,0.02,2317.624381,1776235147000
1776235148.565,248.565,0.73,70.0,0.71,7.04,0.8,49.5,0.81,120.21,0.26,9.9,0.25,5.0,0.29,7.04,0.31,60.0,0.07,0.03,2317.624381,1776235147000
1776235149.082,249.082,0.73,70.0,0.72,6.94,0.77,23.34,0.79,70.0,0.21,70.0,0.2,49.5,0.27,70.0,0.29,7.04,0.04,0.06,2317.624381,1776235147000
1776235149.407,249.407,0.75,13.0,0.73,74.62,0.79,63.21,0.8,59.5,0.23,14.34,0.21,70.0,0.25,13.0,0.27,69.62,0.04,0.02,2317.624381,1776235147000
1776235149.815,249.815,0.79,6.32,0.76,120.0,0.85,55.0,0.86,70.0,0.21,63.21,0.2,59.5,0.25,13.0,0.27,97.62,0.06,0.04,2317.620467,1776235148000
1776235150.021,250.021,0.79,6.32,0.76,120.0,0.85,55.0,0.86,70.0,0.15,55.0,0.14,70.0,0.21,6.32,0.24,120.0,0.06,0.06,2317.642995,1776235149000
1776235150.354,250.354,0.84,10.0,0.83,10.0,0.85,53.82,0.86,70.0,0.15,55.0,0.14,70.0,0.21,6.32,0.24,120.0,0.01,0.06,2317.642995,1776235149000
1776235150.71,250.71,0.84,68.37,0.81,15.0,0.85,18.79,0.86,70.0,0.15,28.2,0.14,70.0,0.16,62.37,0.19,25.0,0.01,0.01,2317.642995,1776235149000
1776235151.06,251.06,0.84,48.37,0.81,15.0,0.85,18.79,0.86,70.0,0.15,18.79,0.14,70.0,0.16,68.37,0.19,15.0,0.01,0.01,2317.642995,1776235149000
1776235151.321,251.321,0.85,50.0,0.84,10.0,0.86,65.0,0.87,70.0,0.14,70.0,0.13,70.0,0.15,11.21,0.16,48.37,0.01,0.01,2318.088306,1776235150000
1776235151.884,251.884,0.85,95.0,0.84,20.0,0.86,63.0,0.87,70.0,0.14,65.0,0.13,70.0,0.15,50.0,0.16,10.0,0.01,0.01,2318.088306,1776235150000
1776235152.272,252.272,0.85,95.0,0.84,20.0,0.86,63.0,0.87,70.0,0.14,63.0,0.13,70.0,0.15,95.0,0.16,20.0,0.01,0.01,2318.185151,1776235151000
1776235152.853,252.853,0.85,100.0,0.84,30.0,0.86,52.24,0.87,89.78,0.14,63.0,0.13,70.0,0.15,95.0,0.16,20.0,0.01,0.01,2318.185151,1776235151000
1776235153.304,253.304,0.85,100.0,0.84,30.0,0.86,52.24,0.87,89.78,0.14,52.24,0.13,89.78,0.15,100.0,0.16,30.0,0.01,0.01,2318.206705,1776235152000
1776235153.923,253.923,0.85,100.0,0.84,30.0,0.86,52.24,0.87,89.78,0.14,52.24,0.13,89.78,0.15,100.0,0.16,30.0,0.01,0.01,2318.210023,1776235153000
1776235155.037,255.037,0.85,43.68,0.84,30.0,0.86,59.45,0.87,70.0,0.14,52.24,0.13,89.78,0.15,100.0,0.16,30.0,0.01,0.01,2318.210023,1776235153000
1776235155.324,255.324,0.85,43.68,0.84,30.0,0.86,59.45,0.87,70.0,0.14,59.45,0.13,70.0,0.15,43.68,0.16,30.0,0.01,0.01,2318.23291,1776235154000
1776235156.267,256.267,0.85,23.33,0.84,20.0,0.86,74.45,0.87,70.0,0.14,59.45,0.13,70.0,0.15,43.68,0.16,30.0,0.01,0.01,2318.23291,1776235154000
1776235156.984,256.984,0.85,33.33,0.84,88.73,0.86,70.07,0.87,70.0,0.14,74.45,0.13,70.0,0.15,23.33,0.16,20.0,0.01,0.01,2318.264327,1776235155000
1776235157.346,257.346,0.85,38.33,0.84,83.73,0.86,49.57,0.87,75.0,0.14,55.07,0.13,75.0,0.15,33.33,0.16,88.73,0.01,0.01,2318.223956,1776235156000
1776235157.61,257.61,0.85,38.33,0.84,83.73,0.86,46.75,0.87,70.0,0.14,49.57,0.13,75.0,0.15,38.33,0.16,83.73,0.01,0.01,2318.223956,1776235156000
1776235158.34,258.34,0.85,38.33,0.84,83.73,0.86,46.75,0.87,70.0,0.14,46.75,0.13,70.0,0.15,38.33,0.16,83.73,0.01,0.01,2318.205269,1776235157000
1776235158.932,258.932,0.85,41.33,0.84,83.73,0.86,37.2,0.87,70.0,0.14,46.75,0.13,70.0,0.15,38.33,0.16,83.73,0.01,0.01,2318.205269,1776235157000
1776235159.226,259.226,0.85,27.52,0.84,88.73,0.86,42.2,0.87,70.0,0.14,37.2,0.13,70.0,0.15,25.88,0.16,83.73,0.01,0.01,2318.205269,1776235157000
1776235159.787,259.787,0.85,24.18,0.84,99.73,0.86,37.2,0.87,70.0,0.14,37.2,0.13,70.0,0.15,24.18,0.16,99.73,0.01,0.01,2318.214843,1776235158000
1776235160.355,260.355,0.85,24.18,0.84,99.73,0.86,37.2,0.87,70.0,0.14,37.2,0.13,70.0,0.15,24.18,0.16,99.73,0.01,0.01,2318.226268,1776235159000
1776235160.632,260.632,0.85,159.39,0.84,31.0,0.86,2.5,0.87,70.0,0.14,8.0,0.13,70.0,0.15,154.39,0.16,31.0,0.01,0.01,2318.226268,1776235159000
1776235160.844,260.844,0.85,159.39,0.84,31.0,0.86,2.5,0.87,70.0,0.14,2.5,0.13,70.0,0.15,159.39,0.16,31.0,0.01,0.01,2318.226256,1776235160000
1776235161.967,261.967,0.85,159.39,0.84,31.0,0.86,2.5,0.87,70.0,0.14,2.5,0.13,70.0,0.15,159.39,0.16,31.0,0.01,0.01,2318.222456,1776235161000
1776235162.522,262.522,0.85,124.98,0.84,31.0,0.9,255.38,0.91,10.0,0.14,2.5,0.13,70.0,0.15,159.39,0.16,31.0,0.05,0.01,2318.222456,1776235161000
1776235162.906,262.906,0.86,50.0,0.85,159.98,0.9,246.49,0.91,10.0,0.1,255.38,0.09,10.0,0.15,124.98,0.16,36.0,0.04,0.05,2318.222456,1776235161000
1776235163.334,263.334,0.89,45.0,0.88,10.0,0.9,239.26,0.91,10.0,0.1,246.39,0.09,10.0,0.14,120.0,0.15,159.98,0.01,0.04,2318.224231,1776235162000
1776235163.612,263.612,0.89,102.0,0.88,39.0,0.9,203.71,0.91,10.0,0.1,239.26,0.09,10.0,0.11,45.0,0.12,10.0,0.01,0.01,2318.224231,1776235162000
1776235164.014,264.014,0.89,107.0,0.88,39.0,0.9,186.15,0.91,10.0,0.1,186.15,0.09,10.0,0.11,107.0,0.12,39.0,0.01,0.01,2318.330499,1776235163000
1776235164.433,264.433,0.89,200.85,0.88,39.0,0.9,150.26,0.92,50.0,0.1,186.15,0.08,50.0,0.11,180.85,0.12,39.0,0.01,0.01,2318.330499,1776235163000
1776235165.115,265.115,0.89,200.85,0.88,39.0,0.9,150.26,0.92,50.0,0.1,150.26,0.08,50.0,0.11,200.85,0.12,39.0,0.01,0.01,2318.489656,1776235164000
1776235165.657,265.657,0.89,288.26,0.88,62.0,0.9,145.26,0.92,50.0,0.1,150.26,0.08,50.0,0.11,200.85,0.12,39.0,0.01,0.01,2318.489656,1776235164000
1776235166.133,266.133,0.89,288.26,0.88,62.0,0.9,145.26,0.92,50.0,0.1,145.26,0.08,50.0,0.11,288.26,0.12,62.0,0.01,0.01,2318.491835,1776235165000
1776235167.149,267.149,0.89,293.26,0.88,62.0,0.9,148.36,0.92,50.0,0.1,155.36,0.08,50.0,0.11,273.26,0.12,62.0,0.01,0.01,2318.491835,1776235165000
1776235167.443,267.443,0.89,284.16,0.88,62.0,0.9,98.36,0.92,50.0,0.1,103.36,0.08,50.0,0.11,298.26,0.12,62.0,0.01,0.01,2318.491675,1776235166000
1776235168.311,268.311,0.89,253.41,0.88,33.0,0.9,87.24,0.92,50.0,0.1,98.36,0.08,50.0,0.11,284.16,0.12,62.0,0.01,0.01,2318.491675,1776235166000
1776235168.645,268.645,0.89,140.0,0.88,10.0,0.9,82.24,0.91,55.0,0.1,67.24,0.08,55.0,0.11,166.0,0.12,39.58,0.01,0.01,2318.478964,1776235167000
1776235168.921,268.921,0.81,33.4,0.8,32.5,0.82,25.11,0.9,77.24,0.18,25.11,0.1,77.24,0.19,33.4,0.2,32.5,0.01,0.01,2318.478964,1776235168000
1776235169.163,269.163,0.86,41.99,0.85,32.0,0.88,104.0,0.89,70.0,0.18,25.11,0.1,77.24,0.19,33.4,0.2,32.5,0.02,0.01,2318.478964,1776235168000
1776235169.446,269.446,0.86,11.2,0.85,10.0,0.88,99.0,0.9,67.24,0.12,104.0,0.11,70.0,0.14,41.99,0.15,32.0,0.02,0.02,2318.478964,1776235168000
1776235169.932,269.932,0.87,20.0,0.86,16.2,0.89,4.32,0.9,57.14,0.12,99.0,0.1,67.24,0.14,11.2,0.15,10.0,0.02,0.02,2318.478964,1776235168000
1776235170.366,270.366,0.89,20.0,0.88,34.0,0.9,6.7,0.92,50.0,0.1,2.82,0.08,50.0,0.12,24.0,0.13,28.46,0.01,0.02,2318.46945,1776235169000
1776235170.704,270.704,0.91,20.0,0.9,10.0,0.92,15.21,0.93,9.22,0.08,16.14,0.07,9.22,0.09,10.0,0.11,20.0,0.01,0.01,2318.46945,1776235169000
1776235170.991,270.991,0.91,15.0,0.9,6.77,0.93,19.22,0.94,15.09,0.08,13.99,0.07,9.22,0.09,20.0,0.1,10.0,0.02,0.01,2318.46945,1776235169000
1776235171.432,271.432,0.9,156.57,0.89,11.0,0.91,26.0,0.92,10.0,0.07,19.22,0.06,15.09,0.09,15.0,0.1,6.77,0.01,0.02,2318.279169,1776235170000
1776235171.713,271.713,0.9,281.6,0.89,88.75,0.91,9.56,0.92,15.0,0.09,19.83,0.08,15.0,0.1,138.57,0.11,97.65,0.01,0.01,2318.279169,1776235170000
1776235172.2,272.2,0.9,108.57,0.89,39.0,0.91,68.35,0.92,15.0,0.09,8.35,0.08,15.0,0.1,148.57,0.11,39.0,0.01,0.01,2318.279169,1776235170000
1776235172.465,272.465,0.9,10.0,0.89,10.0,0.91,50.5,0.92,15.0,0.09,68.35,0.08,15.0,0.12,10.0,0.13,70.8,0.01,0.03,2318.419695,1776235171000
1776235172.74,272.74,0.89,10.0,0.88,44.1,0.9,63.88,0.91,50.5,0.1,60.0,0.09,50.5,0.11,10.0,0.12,44.1,0.01,0.01,2318.419695,1776235171000
1776235172.997,272.997,0.89,180.59,0.88,44.1,0.9,59.99,0.91,50.5,0.1,59.99,0.09,50.5,0.11,169.8,0.12,44.1,0.01,0.01,2318.419695,1776235171000
1776235173.509,273.509,0.89,191.19,0.88,44.1,0.9,40.4,0.91,50.5,0.1,59.99,0.09,50.5,0.11,180.59,0.12,44.1,0.01,0.01,2318.419695,1776235171000
1776235173.824,273.824,0.89,191.19,0.88,44.1,0.9,22.98,0.91,50.5,0.1,22.98,0.09,50.5,0.11,191.19,0.12,44.1,0.01,0.01,2318.335404,1776235172000
1776235174.047,274.047,0.89,215.4,0.88,44.1,0.9,0.91,0.91,50.5,0.1,21.58,0.09,50.5,0.11,200.29,0.12,44.1,0.01,0.01,2318.335404,1776235172000
1776235174.348,274.348,0.89,210.4,0.88,44.1,0.91,44.46,0.92,10.0,0.1,0.91,0.09,50.5,0.11,215.4,0.12,44.1,0.02,0.01,2318.335404,1776235172000
1776235174.695,274.695,0.9,50.0,0.89,201.3,0.92,0.88,0.93,38.64,0.08,6.06,0.07,33.64,0.1,50.0,0.11,210.4,0.02,0.02,2318.335404,1776235172000
1776235174.976,274.976,0.9,214.86,0.89,51.5,0.93,15.69,0.94,15.09,0.09,3.3,0.08,0.88,0.1,205.76,0.11,51.5,0.03,0.01,2318.335404,1776235172000
1776235175.182,275.182,0.9,214.86,0.89,51.5,0.92,3.52,0.93,15.69,0.08,3.52,0.07,15.69,0.1,214.86,0.11,51.5,0.02,0.02,2318.248336,1776235173000
1776235175.43,275.43,0.9,29.86,0.89,20.71,0.91,10.0,0.92,10.0,0.08,10.0,0.07,15.69,0.1,109.86,0.11,35.71,0.01,0.02,2318.248336,1776235173000
1776235175.671,275.671,0.86,6.31,0.85,18.22,0.88,10.0,0.89,36.0,0.1,26.88,0.09,10.0,0.15,16.0,0.17,10.0,0.02,0.05,2318.248336,1776235173000
1776235176.197,276.197,0.87,136.38,0.86,15.31,0.89,30.99,0.9,41.88,0.12,4.4,0.11,41.0,0.14,15.31,0.15,27.44,0.02,0.02,2318.238262,1776235174000
1776235176.524,276.524,0.87,146.38,0.86,15.31,0.89,7.24,0.9,36.88,0.11,7.24,0.1,36.88,0.13,146.38,0.14,15.31,0.02,0.02,2318.240857,1776235175000
1776235177.055,277.055,0.87,136.38,0.81,50.0,0.9,10.1,0.91,21.22,0.09,21.22,0.08,10.0,0.12,10.0,0.13,146.38,0.03,0.03,2318.240857,1776235175000
1776235177.304,277.304,0.87,128.8,0.85,12.0,0.91,21.22,0.92,10.0,0.09,21.22,0.08,10.0,0.13,128.8,0.15,12.0,0.04,0.04,2318.077028,1776235176000
1776235177.526,277.526,0.87,128.8,0.86,50.0,0.92,5.0,0.94,5.09,0.12,22.56,0.09,10.0,0.13,128.8,0.14,50.0,0.05,0.01,2318.077028,1776235176000
1776235178.28,278.28,0.93,15.0,0.92,15.0,0.94,176.3,0.95,30.0,0.08,3.3,0.06,5.09,0.13,128.8,0.14,50.0,0.01,0.05,2318.077028,1776235176000
1776235178.6,278.6,0.91,12.18,0.89,5.22,0.94,180.23,0.95,35.0,0.06,175.14,0.05,35.0,0.07,15.0,0.08,15.0,0.03,0.01,2318.077028,1776235176000
1776235178.968,278.968,0.89,10.0,0.88,10.0,0.92,10.21,0.93,15.0,0.08,20.0,0.07,10.0,0.11,10.0,0.12,35.22,0.03,0.03,2317.96746,1776235177000
1776235179.225,279.225,0.91,10.0,0.9,10.0,0.92,9.01,0.93,15.0,0.08,10.21,0.07,15.0,0.11,10.0,0.12,10.0,0.01,0.03,2317.96746,1776235177000
1776235179.488,279.488,0.91,10.0,0.9,10.0,0.94,146.76,0.95,50.0,0.06,146.76,0.05,50.0,0.09,10.0,0.1,10.0,0.03,0.03,2318.091489,1776235178000
1776235179.737,279.737,0.91,2.88,0.9,15.0,0.93,5.0,0.94,156.76,0.06,146.76,0.05,50.0,0.09,10.0,0.1,10.0,0.02,0.03,2318.091489,1776235178000
1776235180.303,280.303,0.91,2.88,0.9,15.0,0.93,5.0,0.94,156.76,0.07,5.0,0.06,156.76,0.09,2.88,0.1,15.0,0.02,0.02,2318.083232,1776235179000
1776235180.779,280.779,0.91,7.88,0.9,10.0,0.92,3.91,0.93,10.0,0.07,5.0,0.06,156.76,0.09,2.88,0.1,15.0,0.01,0.02,2318.083232,1776235179000
1776235181.577,281.577,0.92,15.0,0.91,12.88,0.95,31.26,0.96,132.9,0.05,17.22,0.04,132.9,0.09,7.88,0.1,10.0,0.03,0.04,2318.083232,1776235179000
1776235182.055,282.055,0.93,15.0,0.92,15.0,0.94,8.67,0.95,41.26,0.05,31.26,0.04,132.9,0.08,15.0,0.09,12.89,0.01,0.03,2317.979511,1776235180000
1776235182.471,282.471,0.92,15.0,0.91,12.89,0.94,5.51,0.95,41.26,0.06,5.51,0.05,41.26,0.08,15.0,0.09,12.89,0.02,0.02,2317.973244,1776235181000
1776235183.189,283.189,0.92,10.0,0.91,20.01,0.95,31.95,0.96,269.72,0.05,31.95,0.04,269.72,0.08,10.0,0.09,20.01,0.03,0.03,2317.968085,1776235182000
1776235183.554,283.554,0.93,8.06,0.92,15.0,0.94,15.0,0.95,21.95,0.05,31.95,0.04,269.72,0.08,10.0,0.09,20.01,0.01,0.03,2317.968085,1776235182000
1776235183.797,283.797,0.93,13.06,0.92,20.0,0.94,9.68,0.95,21.95,0.06,15.0,0.05,21.95,0.07,8.06,0.08,15.0,0.01,0.01,2317.968085,1776235182000
1776235184.399,284.399,0.87,5.01,0.86,10.0,0.94,10.0,0.95,36.95,0.06,9.68,0.05,21.95,0.07,13.06,0.08,20.0,0.07,0.01,2317.968085,1776235182000
1776235184.663,284.663,0.87,5.01,0.86,10.0,0.94,10.0,0.95,36.95,0.06,10.0,0.05,36.95,0.13,5.01,0.14,10.0,0.07,0.07,2317.964696,1776235183000
1776235184.882,284.882,0.78,1.21,0.69,60.0,0.84,10.0,0.85,10.0,0.16,10.0,0.15,10.0,0.22,14.9,0.23,30.0,0.06,0.06,2317.964696,1776235183000
1776235185.105,285.105,0.69,39.07,0.58,17.0,0.84,32.0,0.85,15.0,0.16,32.0,0.15,15.0,0.31,48.66,0.42,17.0,0.15,0.15,2317.964696,1776235183000
1776235185.32,285.32,0.45,4.52,0.37,30.0,0.57,8.0,0.61,50.0,0.35,5.0,0.34,50.0,0.53,14.52,0.55,7.0,0.12,0.18,2317.964696,1776235183000
1776235185.657,285.657,0.31,50.0,0.27,70.0,0.32,236.55,0.33,10.0,0.61,8.97,0.6,10.0,0.69,50.0,0.74,50.0,0.01,0.08,2317.964696,1776235184000
1776235185.87,285.87,0.31,38.48,0.27,70.0,0.32,303.04,0.33,22.0,0.68,293.04,0.67,10.0,0.69,44.63,0.73,70.0,0.01,0.01,2317.964696,1776235184000
1776235186.105,286.105,0.27,64.03,0.26,50.0,0.28,6.0,0.29,10.0,0.68,23.6,0.67,10.0,0.73,73.1,0.74,50.0,0.01,0.05,2317.964696,1776235184000
1776235186.332,286.332,0.27,64.96,0.26,50.0,0.28,103.43,0.29,23.0,0.72,103.43,0.71,23.0,0.73,64.96,0.74,50.0,0.01,0.01,2317.948324,1776235185000
1776235186.535,286.535,0.27,64.96,0.26,55.0,0.28,83.43,0.29,33.0,0.72,103.43,0.71,23.0,0.73,64.96,0.74,50.0,0.01,0.01,2317.948324,1776235185000
1776235187.336,287.336,0.25,136.66,0.24,85.0,0.26,121.0,0.27,46.0,0.72,63.43,0.71,33.0,0.73,16.19,0.74,55.0,0.01,0.01,2317.948324,1776235185000
1776235187.702,287.702,0.25,134.57,0.24,85.0,0.26,84.33,0.27,46.0,0.74,121.0,0.73,46.0,0.75,134.57,0.76,85.0,0.01,0.01,2317.948324,1776235185000
1776235187.969,287.969,0.25,144.57,0.24,85.0,0.26,81.06,0.27,46.0,0.74,84.33,0.73,46.0,0.75,134.57,0.76,85.0,0.01,0.01,2317.181657,1776235186000
1776235188.186,288.186,0.25,138.9,0.24,85.0,0.26,78.0,0.27,46.0,0.74,88.0,0.73,46.0,0.75,139.57,0.76,85.0,0.01,0.01,2317.181657,1776235186000
1776235188.43,288.43,0.25,128.9,0.24,85.0,0.27,75.02,0.28,39.0,0.73,28.0,0.72,26.0,0.75,133.9,0.76,85.0,0.02,0.02,2317.181657,1776235186000
1776235188.752,288.752,0.25,92.74,0.24,85.0,0.27,37.0,0.28,39.0,0.73,37.0,0.72,39.0,0.75,92.74,0.76,85.0,0.02,0.02,2317.11281,1776235187000
1776235189.144,289.144,0.36,70.0,0.34,140.0,0.47,25.0,0.51,50.0,0.73,37.0,0.72,39.0,0.75,92.74,0.76,85.0,0.11,0.02,2317.11281,1776235187000
1776235189.353,289.353,0.45,1.58,0.44,10.0,0.47,15.0,0.51,50.0,0.53,25.0,0.49,50.0,0.55,1.58,0.56,10.0,0.02,0.02,2317.11281,1776235187000
1776235189.574,289.574,0.5,17.36,0.49,10.0,0.51,24.0,0.56,80.0,0.49,50.0,0.45,10.0,0.5,12.36,0.51,10.0,0.01,0.01,2317.090759,1776235188000
1776235190.435,290.435,0.5,18.36,0.49,15.0,0.56,57.92,0.57,8.0,0.44,57.92,0.43,8.0,0.5,18.36,0.51,15.0,0.06,0.06,2317.059005,1776235189000
1776235190.663,290.663,0.48,4.32,0.47,10.0,0.56,60.0,0.57,18.0,0.44,57.92,0.43,8.0,0.5,18.36,0.51,15.0,0.08,0.06,2317.059005,1776235189000
1776235191.048,291.048,0.48,4.32,0.47,10.0,0.52,5.0,0.54,10.0,0.48,5.0,0.46,10.0,0.52,4.32,0.53,10.0,0.04,0.04,2317.044433,1776235190000
1776235191.319,291.319,0.49,8.04,0.48,4.32,0.51,10.0,0.52,5.0,0.48,5.0,0.46,10.0,0.52,4.32,0.53,10.0,0.02,0.04,2317.044433,1776235190000
1776235191.676,291.676,0.52,3.29,0.51,10.0,0.53,10.0,0.54,20.0,0.49,10.0,0.48,5.0,0.51,8.04,0.52,4.32,0.01,0.02,2317.044433,1776235190000
1776235192.405,292.405,0.44,4.56,0.43,10.0,0.53,20.0,0.54,10.0,0.47,10.0,0.46,20.0,0.48,3.29,0.49,10.0,0.09,0.01,2317.044433,1776235190000
1776235192.878,292.878,0.49,6.23,0.48,15.0,0.5,20.0,0.51,10.0,0.47,20.0,0.46,10.0,0.56,4.56,0.57,10.0,0.01,0.09,2317.139572,1776235191000
1776235193.2,293.2,0.44,4.56,0.43,10.0,0.45,121.82,0.5,15.0,0.5,20.0,0.49,10.0,0.51,6.23,0.52,15.0,0.01,0.01,2317.139572,1776235191000
1776235193.515,293.515,0.44,4.56,0.43,10.0,0.45,121.82,0.5,15.0,0.55,121.82,0.5,15.0,0.56,4.56,0.57,10.0,0.01,0.01,2317.1422,1776235192000
1776235193.764,293.764,0.44,2.78,0.43,10.0,0.45,131.82,0.46,15.0,0.55,121.82,0.5,15.0,0.56,4.56,0.57,10.0,0.01,0.01,2317.1422,1776235192000
1776235194.052,294.052,0.44,2.78,0.43,10.0,0.45,131.82,0.46,15.0,0.55,131.82,0.54,15.0,0.56,2.78,0.57,10.0,0.01,0.01,2317.1422,1776235193000
1776235194.607,294.607,0.41,58.91,0.4,10.0,0.43,5.0,0.44,5.0,0.57,10.0,0.56,20.0,0.59,58.91,0.6,10.0,0.02,0.02,2317.1422,1776235193000
1776235195.007,295.007,0.42,10.0,0.41,58.91,0.45,75.87,0.46,10.0,0.57,5.0,0.56,5.0,0.59,58.91,0.6,10.0,0.03,0.02,2317.1422,1776235193000
1776235195.251,295.251,0.39,10.0,0.38,10.0,0.44,10.24,0.45,90.87,0.55,80.87,0.54,5.0,0.64,60.0,0.65,40.0,0.05,0.09,2317.1422,1776235193000
1776235195.597,295.597,0.36,28.43,0.35,30.0,0.37,15.0,0.38,10.0,0.56,10.24,0.55,90.87,0.61,10.0,0.62,10.0,0.01,0.05,2317.1422,1776235194000
1776235195.85,295.85,0.31,55.0,0.26,50.0,0.32,10.0,0.33,10.0,0.64,10.0,0.63,20.0,0.69,50.0,0.7,10.0,0.01,0.05,2317.1422,1776235194000
1776235196.454,296.454,0.31,17.97,0.26,50.0,0.32,10.0,0.33,10.0,0.68,10.0,0.67,10.0,0.69,17.97,0.74,50.0,0.01,0.01,2317.13245,1776235195000
1776235196.68,296.68,0.26,21.02,0.25,30.0,0.27,10.0,0.28,10.0,0.7,9.93,0.68,15.0,0.74,50.0,0.75,30.0,0.01,0.04,2317.13245,1776235195000
1776235196.929,296.929,0.26,24.58,0.25,30.0,0.27,10.0,0.28,10.0,0.73,10.0,0.72,10.0,0.74,24.58,0.75,30.0,0.01,0.01,2317.13245,1776235196000
1776235197.46,297.46,0.26,16.07,0.23,582.61,0.27,8.33,0.28,15.0,0.73,20.0,0.72,15.0,0.74,21.07,0.75,30.0,0.01,0.01,2317.13245,1776235196000
1776235197.678,297.678,0.23,451.58,0.21,50.0,0.25,10.0,0.27,3.33,0.75,10.0,0.73,3.33,0.77,463.58,0.79,50.0,0.02,0.02,2317.13245,1776235196000
1776235197.997,297.997,0.23,384.81,0.21,50.0,0.24,10.0,0.25,10.0,0.76,10.0,0.75,10.0,0.77,371.11,0.79,50.0,0.01,0.01,2317.13245,1776235196000
1776235198.227,298.227,0.23,248.33,0.21,80.0,0.24,10.0,0.25,10.0,0.76,10.0,0.75,10.0,0.77,348.33,0.79,80.0,0.01,0.01,2317.11705,1776235197000
1776235198.431,298.431,0.23,179.03,0.21,80.0,0.24,5.83,0.25,10.0,0.76,5.83,0.75,10.0,0.77,247.03,0.79,80.0,0.01,0.01,2317.11705,1776235197000
1776235198.656,298.656,0.11,70.58,0.07,50.0,0.12,10.0,0.13,10.0,0.79,10.0,0.78,10.0,0.89,72.0,0.93,50.0,0.01,0.1,2317.11705,1776235197000
1776235198.967,298.967,0.11,10.0,0.07,14.42,0.13,3.84,0.14,10.0,0.88,10.0,0.87,10.0,0.94,34.38,0.95,20.0,0.02,0.06,2317.11705,1776235197000
1776235199.443,299.443,0.03,90.97,0.02,123.0,0.06,156.0,0.07,170.0,0.91,10.0,0.88,183.0,0.97,98.97,0.98,123.0,0.03,0.06,2317.095564,1776235198000
1776235199.645,299.645,0.03,60.83,0.02,123.0,0.04,156.0,0.05,21.0,0.96,156.0,0.95,16.0,0.97,68.83,0.98,123.0,0.01,0.01,2317.095564,1776235198000
1776235199.86,299.86,0.03,20.79,0.02,123.0,0.04,103.58,0.05,21.0,0.96,103.58,0.95,21.0,0.97,25.79,0.98,123.0,0.01,0.01,2317.095564,1776235198000
1776235200.204,300.204,,,,,0.01,1486.29,0.04,103.58,0.99,1486.29,0.96,103.58,,,,,,,2317.099496,1776235199000
1776235200.933,300.933,,,,,0.01,5479.54,0.04,98.58,0.99,5427.88,0.96,103.58,,,,,,,2317.099496,1776235199000

# RESULT,winner=Down,slug=eth-updown-5m-1776234900,ticks=547
