timestamp,elapsed_sec,up_bid_p1,up_bid_s1,up_bid_p2,up_bid_s2,up_bid_p3,up_bid_s3,up_bid_p4,up_bid_s4,up_bid_p5,up_bid_s5,up_ask_p1,up_ask_s1,up_ask_p2,up_ask_s2,up_ask_p3,up_ask_s3,up_ask_p4,up_ask_s4,up_ask_p5,up_ask_s5,down_bid_p1,down_bid_s1,down_bid_p2,down_bid_s2,down_bid_p3,down_bid_s3,down_bid_p4,down_bid_s4,down_bid_p5,down_bid_s5,down_ask_p1,down_ask_s1,down_ask_p2,down_ask_s2,down_ask_p3,down_ask_s3,down_ask_p4,down_ask_s4,down_ask_p5,down_ask_s5,up_spread,down_spread,eth_price,eth_oracle_ts
1776166200.919,0.919,0.51,117.07,0.5,60.0,0.49,45.0,0.48,160.0,0.47,161.0,0.54,40.35,0.55,105.0,0.56,224.0,0.57,72.0,0.58,160.0,0.46,199.64,0.45,31.0,0.4,13.0,0.39,8.0,0.38,14.0,0.49,114.82,0.5,26.0,0.53,28.0,0.54,125.0,0.55,5.0,0.03,0.03,2369.98409,1776166199000
1776166201.203,1.203,0.51,69.52,0.5,26.0,0.46,100.0,0.45,5.0,0.4,13.0,0.54,23.64,0.55,5.0,0.57,17.0,0.6,13.0,0.61,8.0,0.46,199.64,0.45,31.0,0.43,11.0,0.4,13.0,0.39,8.0,0.49,104.82,0.5,26.0,0.54,100.0,0.55,5.0,0.58,26.0,0.03,0.03,2369.99532,1776166200000
1776166201.479,1.479,0.44,8.21,0.33,300.0,0.31,445.0,0.3,85.0,0.29,31.0,0.48,365.12,0.49,23.0,0.5,5.0,0.52,10.0,0.54,28.64,0.5,430.99,0.49,23.0,0.48,10.0,0.46,28.64,0.45,5.0,0.56,8.21,0.67,300.0,0.69,445.0,0.7,85.0,0.71,31.0,0.04,0.06,2369.99532,1776166200000
1776166201.682,1.682,0.44,2.21,0.33,300.0,0.31,457.12,0.3,102.0,0.27,459.82,0.45,14.0,0.46,184.0,0.47,23.0,0.48,5.0,0.51,20.0,0.52,253.12,0.51,23.0,0.46,10.0,0.45,5.0,0.33,300.0,0.56,8.21,0.67,300.0,0.69,445.0,0.7,85.0,0.71,31.0,0.01,0.04,2369.99532,1776166200000
1776166202.006,2.006,0.44,2.21,0.33,300.0,0.31,457.12,0.3,102.0,0.27,459.82,0.45,14.0,0.46,184.0,0.47,23.0,0.48,5.0,0.51,20.0,0.55,14.0,0.54,184.0,0.53,23.0,0.52,5.0,0.49,20.0,0.56,2.21,0.67,300.0,0.69,457.12,0.7,102.0,0.73,459.82,0.01,0.01,2370.145306,1776166201000
1776166202.233,2.233,0.39,5.0,0.37,17.12,0.36,23.12,0.33,300.0,0.32,70.0,0.42,4.42,0.43,10.0,0.44,2.67,0.45,10.0,0.46,10.0,0.56,2.67,0.55,31.0,0.54,34.0,0.52,5.0,0.51,9.0,0.65,13.12,0.66,25.12,0.67,300.0,0.68,70.0,0.69,445.0,0.03,0.09,2370.145306,1776166201000
1776166202.847,2.847,0.38,20.0,0.37,17.12,0.33,300.0,0.32,70.0,0.31,445.0,0.4,10.0,0.42,4.42,0.43,10.0,0.44,2.67,0.45,10.0,0.58,4.42,0.57,10.0,0.56,2.67,0.55,10.0,0.54,10.0,0.61,5.0,0.63,17.12,0.64,23.12,0.67,300.0,0.68,70.0,0.02,0.03,2370.145306,1776166201000
1776166203.631,3.631,0.38,25.0,0.37,27.12,0.36,10.0,0.35,15.0,0.34,15.0,0.39,10.0,0.4,20.0,0.41,15.0,0.42,29.42,0.43,25.0,0.6,10.0,0.58,4.42,0.57,10.0,0.56,2.67,0.55,10.0,0.62,20.0,0.63,17.12,0.67,300.0,0.68,70.0,0.69,445.0,0.01,0.02,2369.9532,1776166202000
1776166203.844,3.844,0.38,20.0,0.37,42.12,0.36,10.0,0.35,15.0,0.34,15.0,0.39,10.0,0.4,30.0,0.41,15.0,0.42,29.42,0.43,25.0,0.61,15.0,0.6,30.0,0.59,15.0,0.58,29.42,0.57,25.0,0.62,25.0,0.63,42.12,0.64,10.0,0.65,15.0,0.66,15.0,0.01,0.01,2369.9532,1776166202000
1776166204.206,4.206,0.38,20.0,0.37,42.12,0.36,10.0,0.35,15.0,0.34,10.0,0.39,4.19,0.4,25.0,0.41,10.0,0.42,24.42,0.43,20.0,0.61,10.0,0.6,30.0,0.59,15.0,0.58,29.42,0.57,25.0,0.62,20.0,0.63,42.12,0.64,10.0,0.65,15.0,0.66,15.0,0.01,0.01,2369.9532,1776166202000
1776166204.632,4.632,0.37,41.12,0.36,35.0,0.35,15.0,0.34,10.0,0.33,10.0,0.39,15.0,0.4,10.0,0.41,15.0,0.42,24.42,0.43,20.0,0.6,4.19,0.59,10.0,0.58,24.42,0.57,20.0,0.56,12.67,0.62,25.0,0.63,42.12,0.64,10.0,0.65,15.0,0.66,10.0,0.02,0.02,2369.9532,1776166202000
1776166205.463,5.463,0.37,52.99,0.36,40.0,0.35,15.0,0.34,10.0,0.33,10.0,0.39,4.74,0.4,10.0,0.41,15.0,0.42,24.42,0.43,20.0,0.61,4.74,0.6,10.0,0.59,15.0,0.58,24.42,0.57,20.0,0.63,52.99,0.64,40.0,0.65,15.0,0.66,10.0,0.67,10.0,0.02,0.02,2369.183,1776166204000
1776166205.671,5.671,0.38,118.45,0.37,174.0,0.36,160.0,0.35,140.0,0.34,145.0,0.39,1.17,0.4,10.0,0.41,20.0,0.42,34.42,0.43,130.0,0.61,1.17,0.6,10.0,0.59,20.0,0.58,34.42,0.57,130.0,0.62,130.0,0.63,174.0,0.64,160.0,0.65,140.0,0.66,145.0,0.01,0.01,2369.183,1776166204000
1776166205.909,5.909,0.38,118.45,0.37,174.0,0.36,160.0,0.35,140.0,0.34,145.0,0.39,1.17,0.4,10.0,0.41,20.0,0.42,34.42,0.43,130.0,0.61,1.17,0.6,10.0,0.59,20.0,0.58,34.42,0.57,130.0,0.62,118.45,0.63,174.0,0.64,160.0,0.65,140.0,0.66,145.0,0.01,0.01,2369.183,1776166205000
1776166206.519,6.519,0.38,3.45,0.37,50.0,0.36,65.0,0.35,60.0,0.34,35.0,0.39,1.17,0.4,10.0,0.41,30.09,0.42,29.51,0.43,130.0,0.61,6.17,0.6,10.0,0.59,25.0,0.58,24.42,0.57,130.0,0.62,26.83,0.63,50.0,0.64,60.0,0.65,60.0,0.66,35.0,0.01,0.01,2369.183,1776166205000
1776166207.047,7.047,0.38,3.45,0.37,50.0,0.36,65.0,0.35,60.0,0.34,35.0,0.39,1.17,0.4,10.0,0.41,30.09,0.42,29.51,0.43,130.0,0.61,1.17,0.6,10.0,0.59,30.09,0.58,29.51,0.57,130.0,0.62,3.45,0.63,50.0,0.64,65.0,0.65,60.0,0.66,35.0,0.01,0.01,2369.205825,1776166206000
1776166207.359,7.359,0.38,29.0,0.37,40.0,0.36,75.0,0.35,60.0,0.34,35.0,0.39,11.67,0.4,10.0,0.41,30.09,0.42,19.51,0.43,130.0,0.61,1.17,0.6,10.0,0.59,30.09,0.58,29.51,0.57,130.0,0.62,3.45,0.63,50.0,0.64,65.0,0.65,60.0,0.66,35.0,0.01,0.01,2369.205825,1776166206000
1776166207.616,7.616,0.38,17.1,0.37,40.0,0.36,75.0,0.35,70.0,0.34,35.0,0.39,21.76,0.4,20.09,0.41,25.09,0.42,19.51,0.43,130.0,0.61,21.76,0.6,10.0,0.59,30.09,0.58,19.51,0.57,130.0,0.62,23.72,0.63,40.0,0.64,75.0,0.65,60.0,0.66,35.0,0.01,0.01,2369.205825,1776166206000
1776166207.884,7.884,0.38,12.1,0.37,40.0,0.36,75.0,0.35,80.0,0.34,35.0,0.39,21.62,0.4,15.09,0.41,25.09,0.42,19.51,0.43,140.0,0.61,19.19,0.6,20.09,0.59,25.09,0.58,19.51,0.57,130.0,0.62,17.1,0.63,40.0,0.64,75.0,0.65,70.0,0.66,35.0,0.01,0.01,2369.205825,1776166206000
1776166208.118,8.118,0.38,12.1,0.37,40.0,0.36,75.0,0.35,80.0,0.34,35.0,0.39,21.62,0.4,15.09,0.41,25.09,0.42,19.51,0.43,140.0,0.61,21.62,0.6,15.09,0.59,25.09,0.58,19.51,0.57,140.0,0.62,12.1,0.63,40.0,0.64,75.0,0.65,80.0,0.66,35.0,0.01,0.01,2369.240967,1776166207000
1776166208.412,8.412,0.39,35.0,0.38,105.58,0.37,77.5,0.36,110.0,0.35,45.0,0.4,17.84,0.41,25.59,0.42,19.51,0.43,30.0,0.44,160.85,0.6,14.64,0.59,25.09,0.58,119.51,0.57,140.0,0.56,172.85,0.62,1.6,0.63,50.5,0.64,75.0,0.65,80.0,0.66,35.0,0.01,0.02,2369.240967,1776166207000
1776166208.79,8.79,0.4,5.16,0.39,104.5,0.38,125.58,0.37,115.5,0.36,155.0,0.41,5.09,0.42,25.59,0.43,40.0,0.44,137.85,0.45,120.0,0.6,17.84,0.59,25.59,0.58,19.51,0.57,30.0,0.56,160.85,0.61,35.0,0.62,105.58,0.63,77.5,0.64,110.0,0.65,45.0,0.01,0.01,2369.240967,1776166207000
1776166209.003,9.003,0.41,12.6,0.4,59.44,0.39,99.5,0.38,125.58,0.37,115.5,0.42,24.44,0.43,30.0,0.44,132.85,0.45,130.0,0.46,143.0,0.58,25.59,0.57,40.0,0.56,132.85,0.55,130.0,0.54,135.0,0.59,7.6,0.6,44.8,0.61,104.5,0.62,120.58,0.63,115.5,0.01,0.01,2369.240967,1776166207000
1776166209.205,9.205,0.41,12.6,0.4,59.44,0.39,99.5,0.38,125.58,0.37,115.5,0.42,14.44,0.43,30.0,0.44,132.85,0.45,130.0,0.46,143.0,0.58,14.44,0.57,30.0,0.56,132.85,0.55,130.0,0.54,143.0,0.59,12.6,0.6,59.44,0.61,99.5,0.62,125.58,0.63,115.5,0.01,0.01,2369.293828,1776166208000
1776166209.611,9.611,0.41,7.6,0.4,61.44,0.39,99.5,0.38,52.1,0.37,115.5,0.42,29.44,0.43,30.0,0.44,132.85,0.45,130.0,0.46,143.0,0.58,14.44,0.57,30.0,0.56,132.85,0.55,130.0,0.54,143.0,0.59,12.6,0.6,59.44,0.61,99.5,0.62,125.58,0.63,115.5,0.01,0.01,2369.293828,1776166208000
1776166210.412,10.412,0.41,12.31,0.4,49.44,0.39,58.0,0.38,55.6,0.37,149.5,0.42,34.44,0.43,30.5,0.44,153.85,0.45,152.0,0.46,110.0,0.58,29.44,0.57,30.0,0.56,132.85,0.55,130.0,0.54,143.0,0.59,7.6,0.6,61.44,0.61,99.5,0.62,52.1,0.63,115.5,0.01,0.01,2369.293828,1776166208000
1776166210.737,10.737,0.4,35.75,0.39,23.0,0.38,25.0,0.37,35.0,0.36,69.0,0.42,43.44,0.43,156.5,0.44,132.85,0.45,130.0,0.46,160.0,0.58,29.44,0.57,145.5,0.56,153.85,0.55,130.0,0.54,160.0,0.59,2.31,0.6,44.44,0.61,23.0,0.62,25.0,0.63,119.0,0.02,0.01,2369.294078,1776166209000
1776166210.997,10.997,0.4,29.75,0.39,86.0,0.35,70.0,0.34,35.0,0.33,25.0,0.41,75.5,0.42,43.44,0.43,156.5,0.44,132.85,0.45,155.0,0.59,25.0,0.58,43.44,0.57,156.5,0.56,132.85,0.55,155.0,0.6,24.75,0.61,23.0,0.62,25.0,0.63,35.0,0.64,59.0,0.01,0.01,2369.294078,1776166209000
1776166211.227,11.227,0.4,1.0,0.39,23.0,0.37,58.0,0.35,10.0,0.34,25.0,0.41,282.5,0.42,57.44,0.43,155.5,0.44,132.85,0.45,145.0,0.59,189.5,0.58,57.44,0.57,155.5,0.56,132.85,0.55,203.0,0.6,14.75,0.61,23.0,0.65,20.0,0.66,25.0,0.67,25.0,0.01,0.01,2369.300358,1776166210000
1776166211.495,11.495,0.37,46.9,0.35,10.0,0.34,25.0,0.33,25.0,0.32,25.0,0.38,29.0,0.39,33.0,0.4,68.0,0.41,90.5,0.42,49.44,0.61,100.2,0.6,32.0,0.59,100.5,0.58,34.44,0.57,155.5,0.63,56.9,0.65,10.0,0.66,25.0,0.67,25.0,0.68,25.0,0.01,0.02,2369.300358,1776166210000
1776166211.954,11.954,0.35,15.0,0.34,30.0,0.33,25.0,0.32,35.0,0.31,153.0,0.36,43.52,0.37,44.0,0.38,55.87,0.39,20.0,0.4,78.5,0.62,114.0,0.61,33.0,0.6,68.0,0.59,90.5,0.58,49.44,0.63,41.9,0.65,10.0,0.66,25.0,0.67,25.0,0.68,35.0,0.01,0.01,2369.300358,1776166210000
1776166212.347,12.347,0.35,20.0,0.34,88.0,0.33,25.0,0.32,35.0,0.31,95.0,0.36,38.91,0.37,44.0,0.38,44.5,0.39,20.0,0.4,78.5,0.64,38.91,0.63,44.0,0.62,44.5,0.61,20.0,0.6,78.5,0.65,20.0,0.66,88.0,0.67,25.0,0.68,35.0,0.69,95.0,0.01,0.01,2369.369215,1776166211000
1776166212.586,12.586,0.34,89.96,0.33,40.5,0.32,55.5,0.31,105.0,0.3,130.0,0.35,10.0,0.36,56.41,0.37,59.5,0.38,47.5,0.39,18.0,0.64,66.41,0.63,64.5,0.62,39.5,0.61,10.0,0.6,78.5,0.66,87.0,0.67,35.5,0.68,55.5,0.69,105.0,0.7,122.0,0.01,0.02,2369.369215,1776166211000
1776166213.344,13.344,0.34,93.5,0.33,40.5,0.32,55.5,0.31,105.0,0.3,146.0,0.35,9.91,0.36,41.41,0.37,59.5,0.38,95.5,0.39,76.0,0.65,10.0,0.64,56.41,0.63,59.5,0.62,47.5,0.61,18.0,0.66,89.96,0.67,40.5,0.68,55.5,0.69,105.0,0.7,130.0,0.01,0.01,2369.369215,1776166211000
1776166213.595,13.595,0.34,88.5,0.33,50.5,0.32,55.5,0.31,105.0,0.3,146.0,0.35,4.82,0.36,56.41,0.37,64.5,0.38,97.5,0.39,81.0,0.65,4.82,0.64,41.41,0.63,59.5,0.62,95.5,0.61,76.0,0.66,88.5,0.67,40.5,0.68,55.5,0.69,105.0,0.7,146.0,0.01,0.01,2369.0907,1776166212000
1776166214.112,14.112,0.34,91.51,0.33,50.5,0.32,55.5,0.31,105.0,0.3,146.0,0.35,0.7,0.36,45.91,0.37,39.0,0.38,102.5,0.39,81.0,0.65,0.7,0.64,45.91,0.63,39.0,0.62,102.5,0.61,81.0,0.66,91.51,0.67,50.5,0.68,55.5,0.69,105.0,0.7,146.0,0.01,0.01,2368.95608,1776166213000
1776166214.949,14.949,0.36,10.0,0.35,301.49,0.34,92.5,0.33,123.5,0.32,55.5,0.38,38.0,0.39,15.0,0.4,15.18,0.41,90.0,0.42,223.0,0.65,0.7,0.64,45.91,0.63,39.0,0.62,102.5,0.61,81.0,0.66,91.51,0.67,50.5,0.68,55.5,0.69,105.0,0.7,146.0,0.02,0.01,2368.95608,1776166213000
1776166215.255,15.255,0.37,12.56,0.36,55.5,0.35,306.49,0.34,87.5,0.33,123.5,0.38,38.0,0.39,15.0,0.4,25.68,0.41,90.0,0.42,223.0,0.62,38.0,0.61,15.0,0.6,25.68,0.59,90.0,0.58,223.0,0.63,12.56,0.64,55.5,0.65,306.49,0.66,87.5,0.67,123.5,0.01,0.01,2368.897089,1776166214000
1776166215.872,15.872,0.37,12.56,0.36,55.5,0.35,306.49,0.34,87.5,0.33,123.5,0.38,38.0,0.39,15.0,0.4,25.68,0.41,90.0,0.42,223.0,0.62,38.0,0.61,15.0,0.6,25.68,0.59,90.0,0.58,223.0,0.63,12.56,0.64,55.5,0.65,306.49,0.66,87.5,0.67,123.5,0.01,0.01,2368.912815,1776166215000
1776166216.129,16.129,0.39,382.49,0.38,83.62,0.37,112.56,0.36,170.5,0.35,60.5,0.4,15.45,0.41,60.0,0.42,25.0,0.43,10.0,0.44,45.18,0.62,38.0,0.61,15.0,0.6,25.68,0.59,90.0,0.58,223.0,0.63,12.56,0.64,55.5,0.65,306.49,0.66,87.5,0.67,123.5,0.01,0.01,2368.912815,1776166215000
1776166216.776,16.776,0.39,427.97,0.38,123.62,0.37,117.56,0.36,170.5,0.35,85.5,0.44,45.18,0.45,10.0,0.46,208.0,0.47,180.09,0.48,160.09,0.6,3.55,0.59,60.0,0.58,25.0,0.57,10.0,0.56,45.18,0.61,377.97,0.62,83.62,0.63,112.56,0.64,170.5,0.65,60.5,0.05,0.01,2368.912815,1776166215000
1776166217.025,17.025,0.43,40.41,0.42,193.3,0.41,67.0,0.4,103.5,0.39,78.98,0.44,47.9,0.45,20.0,0.46,160.5,0.47,180.09,0.48,156.09,0.56,47.9,0.55,15.0,0.54,218.5,0.53,180.09,0.52,160.09,0.57,190.49,0.58,52.43,0.59,15.0,0.6,20.5,0.61,136.98,0.01,0.01,2368.912815,1776166215000
1776166217.265,17.265,0.43,33.26,0.42,198.3,0.41,67.0,0.4,108.5,0.39,88.98,0.44,105.9,0.45,15.0,0.46,160.5,0.47,180.09,0.48,156.09,0.56,47.9,0.55,20.0,0.54,160.5,0.53,180.09,0.52,156.09,0.57,40.41,0.58,193.3,0.59,67.0,0.6,103.5,0.61,78.98,0.01,0.01,2369.09005,1776166216000
1776166217.937,17.937,0.43,35.81,0.42,203.3,0.41,130.0,0.4,60.5,0.39,98.98,0.44,110.9,0.45,20.0,0.46,60.5,0.47,200.09,0.48,156.09,0.56,105.9,0.55,15.0,0.54,160.5,0.53,180.09,0.52,156.09,0.57,33.26,0.58,198.3,0.59,67.0,0.6,108.5,0.61,88.98,0.01,0.01,2369.09005,1776166216000
1776166219.666,19.666,0.45,8.92,0.43,349.49,0.42,80.55,0.41,165.0,0.4,155.5,0.47,138.76,0.48,50.09,0.49,235.0,0.5,115.0,0.51,191.27,0.56,104.08,0.55,30.5,0.54,60.5,0.53,190.09,0.52,156.09,0.57,35.81,0.58,203.3,0.59,130.0,0.6,60.5,0.61,98.98,0.02,0.01,2369.43682,1776166217000
1776166221.413,21.413,0.45,8.92,0.43,349.49,0.42,80.55,0.41,165.0,0.4,155.5,0.47,138.76,0.48,50.09,0.49,235.0,0.5,115.0,0.51,191.27,0.53,138.76,0.52,50.09,0.51,235.0,0.5,115.0,0.49,191.27,0.55,8.92,0.57,349.49,0.58,80.55,0.59,165.0,0.6,155.5,0.02,0.02,2369.530405,1776166219000
1776166221.799,21.799,0.46,230.49,0.45,60.04,0.44,105.0,0.43,58.5,0.42,57.43,0.47,76.79,0.48,113.09,0.49,245.5,0.5,131.0,0.51,185.27,0.53,138.76,0.52,50.09,0.51,235.0,0.5,115.0,0.49,191.27,0.55,8.92,0.57,349.49,0.58,80.55,0.59,165.0,0.6,155.5,0.01,0.02,2369.530405,1776166219000
1776166222.071,22.071,0.46,230.49,0.45,60.04,0.44,105.0,0.43,58.5,0.42,57.43,0.47,76.79,0.48,113.09,0.49,245.5,0.5,131.0,0.51,185.27,0.53,76.79,0.52,113.09,0.51,245.5,0.5,131.0,0.49,185.27,0.54,230.49,0.55,60.04,0.56,105.0,0.57,58.5,0.58,57.43,0.01,0.01,2369.65444,1776166221000
1776166222.495,22.495,0.46,188.24,0.45,91.04,0.44,48.0,0.43,58.5,0.42,74.43,0.47,1.79,0.48,10.09,0.49,120.0,0.5,10.5,0.51,185.27,0.53,21.79,0.52,45.09,0.51,120.0,0.5,10.5,0.49,175.27,0.54,154.74,0.55,81.04,0.56,48.0,0.57,58.5,0.58,49.43,0.01,0.01,2369.65444,1776166221000
1776166223.14,23.14,0.46,181.85,0.45,81.04,0.44,53.09,0.43,116.5,0.42,49.43,0.47,1.79,0.48,10.09,0.49,130.5,0.5,25.5,0.51,185.27,0.53,1.79,0.52,10.09,0.51,120.0,0.5,10.5,0.49,185.27,0.54,188.24,0.55,91.04,0.56,48.0,0.57,58.5,0.58,74.43,0.01,0.01,2369.65444,1776166221000
1776166223.688,23.688,0.46,181.85,0.45,81.04,0.44,53.09,0.43,116.5,0.42,49.43,0.47,1.79,0.48,10.09,0.49,130.5,0.5,25.5,0.51,185.27,0.53,1.79,0.52,10.09,0.51,130.5,0.5,25.5,0.49,185.27,0.54,181.85,0.55,81.04,0.56,53.09,0.57,116.5,0.58,49.43,0.01,0.01,2369.70872,1776166222000
1776166224.449,24.449,0.46,181.85,0.45,81.04,0.44,53.09,0.43,116.5,0.42,49.43,0.47,1.79,0.48,10.09,0.49,130.5,0.5,25.5,0.51,185.27,0.53,1.79,0.52,10.09,0.51,130.5,0.5,25.5,0.49,185.27,0.54,181.85,0.55,81.04,0.56,53.09,0.57,116.5,0.58,49.43,0.01,0.01,2369.73055,1776166223000
1776166224.965,24.965,0.46,185.85,0.45,151.04,0.44,63.09,0.43,58.5,0.42,49.43,0.48,8.71,0.49,80.5,0.5,15.5,0.51,191.27,0.52,135.0,0.53,1.79,0.52,10.09,0.51,130.5,0.5,25.5,0.49,185.27,0.54,181.85,0.55,81.04,0.56,53.09,0.57,116.5,0.58,49.43,0.02,0.01,2369.73055,1776166223000
1776166225.172,25.172,0.47,239.37,0.46,103.98,0.45,130.92,0.44,63.09,0.43,50.5,0.49,75.0,0.51,70.27,0.52,26.0,0.53,20.0,0.54,160.0,0.52,10.58,0.51,70.0,0.5,15.5,0.49,191.27,0.48,135.0,0.53,30.5,0.54,180.85,0.55,151.04,0.56,63.09,0.57,58.5,0.02,0.01,2369.86739,1776166224000
1776166226.717,26.717,0.47,239.37,0.46,103.98,0.45,130.92,0.44,63.09,0.43,50.5,0.49,75.0,0.51,70.27,0.52,26.0,0.53,20.0,0.54,160.0,0.51,75.0,0.49,70.27,0.48,26.0,0.47,20.0,0.46,160.0,0.53,239.37,0.54,103.98,0.55,130.92,0.56,63.09,0.57,50.5,0.02,0.02,2369.85824,1776166225000
1776166226.959,26.959,0.49,20.0,0.48,175.99,0.47,55.5,0.46,34.86,0.45,131.92,0.5,20.5,0.51,258.77,0.52,142.5,0.53,170.0,0.54,200.0,0.51,75.0,0.49,70.27,0.48,26.0,0.47,20.0,0.46,160.0,0.53,239.37,0.54,103.98,0.55,130.92,0.56,63.09,0.57,50.5,0.01,0.02,2369.85824,1776166225000
1776166227.505,27.505,0.49,20.0,0.48,175.99,0.47,55.5,0.46,34.86,0.45,131.92,0.5,20.5,0.51,258.77,0.52,142.5,0.53,170.0,0.54,200.0,0.5,20.5,0.49,258.77,0.48,142.5,0.47,170.0,0.46,200.0,0.51,20.0,0.52,175.99,0.53,55.5,0.54,34.86,0.55,131.92,0.01,0.01,2369.90234,1776166226000
1776166228.293,28.293,0.49,20.0,0.48,175.99,0.47,55.5,0.46,34.86,0.45,131.92,0.5,20.5,0.51,258.77,0.52,142.5,0.53,170.0,0.54,200.0,0.5,20.5,0.49,258.77,0.48,142.5,0.47,170.0,0.46,200.0,0.51,20.0,0.52,175.99,0.53,55.5,0.54,34.86,0.55,131.92,0.01,0.01,2369.93867,1776166227000
1776166229.118,29.118,0.49,20.0,0.48,175.99,0.47,55.5,0.46,34.86,0.45,131.92,0.5,20.5,0.51,258.77,0.52,142.5,0.53,170.0,0.54,200.0,0.5,20.5,0.49,258.77,0.48,142.5,0.47,170.0,0.46,200.0,0.51,20.0,0.52,175.99,0.53,55.5,0.54,34.86,0.55,131.92,0.01,0.01,2369.952105,1776166228000
1776166229.701,29.701,0.49,3.98,0.48,5.09,0.46,10.0,0.45,28.92,0.44,187.08,0.51,311.77,0.52,168.5,0.53,168.0,0.54,204.0,0.55,186.0,0.5,20.5,0.49,258.77,0.48,142.5,0.47,170.0,0.46,200.0,0.51,20.0,0.52,175.99,0.53,55.5,0.54,34.86,0.55,131.92,0.02,0.01,2369.952105,1776166228000
1776166230.542,30.542,0.44,30.09,0.43,85.5,0.42,225.99,0.41,78.0,0.4,223.0,0.46,22.0,0.47,221.5,0.48,143.5,0.49,159.52,0.5,169.5,0.51,6.02,0.5,149.5,0.49,333.77,0.48,168.5,0.47,167.0,0.54,10.0,0.55,10.0,0.56,15.09,0.57,223.99,0.58,42.0,0.02,0.03,2369.952105,1776166228000
1776166230.851,30.851,0.44,18.12,0.43,90.5,0.42,167.99,0.41,146.0,0.4,223.0,0.45,26.0,0.46,32.5,0.47,178.5,0.48,142.5,0.49,183.52,0.54,22.0,0.53,221.5,0.52,143.5,0.51,159.52,0.5,169.5,0.56,30.09,0.57,85.5,0.58,225.99,0.59,78.0,0.6,223.0,0.01,0.02,2369.96403,1776166229000
1776166231.165,31.165,0.43,50.0,0.41,20.0,0.4,251.99,0.39,243.0,0.38,90.09,0.45,115.5,0.46,148.5,0.47,178.5,0.48,125.5,0.49,216.52,0.55,26.0,0.54,32.5,0.53,178.5,0.52,142.5,0.51,183.52,0.56,18.12,0.57,90.5,0.58,167.99,0.59,146.0,0.6,223.0,0.02,0.01,2369.96403,1776166229000
1776166231.365,31.365,0.43,50.0,0.41,20.0,0.4,251.99,0.39,243.0,0.38,90.09,0.45,115.5,0.46,148.5,0.47,178.5,0.48,125.5,0.49,216.52,0.55,115.5,0.54,148.5,0.53,178.5,0.52,125.5,0.51,216.52,0.57,50.0,0.59,20.0,0.6,251.99,0.61,243.0,0.62,90.09,0.02,0.02,2369.9672,1776166230000
1776166232.165,32.165,0.43,15.3,0.42,88.5,0.41,216.49,0.4,114.83,0.39,158.0,0.44,16.0,0.45,36.0,0.46,199.5,0.47,176.5,0.48,160.5,0.55,115.5,0.54,148.5,0.53,178.5,0.52,125.5,0.51,216.52,0.57,50.0,0.59,20.0,0.6,251.99,0.61,243.0,0.62,90.09,0.01,0.02,2369.9672,1776166230000
1776166232.76,32.76,0.43,30.3,0.42,93.5,0.41,206.49,0.4,125.49,0.39,158.0,0.44,12.86,0.45,41.0,0.46,194.59,0.47,186.5,0.48,165.59,0.56,16.0,0.55,36.0,0.54,199.5,0.53,176.5,0.52,160.5,0.57,15.3,0.58,88.5,0.59,216.49,0.6,114.83,0.61,158.0,0.01,0.01,2369.80049,1776166231000
1776166233.69,33.69,0.43,30.3,0.42,93.5,0.41,206.49,0.4,125.49,0.39,158.0,0.44,12.86,0.45,41.0,0.46,194.59,0.47,186.5,0.48,165.59,0.56,12.86,0.55,41.0,0.54,194.59,0.53,186.5,0.52,165.59,0.57,30.3,0.58,93.5,0.59,206.49,0.6,125.49,0.61,158.0,0.01,0.01,2369.550532,1776166232000
1776166234.599,34.599,0.43,30.3,0.42,93.5,0.41,206.49,0.4,125.49,0.39,158.0,0.44,12.86,0.45,41.0,0.46,194.59,0.47,186.5,0.48,165.59,0.56,12.86,0.55,41.0,0.54,194.59,0.53,186.5,0.52,165.59,0.57,30.3,0.58,93.5,0.59,206.49,0.6,125.49,0.61,158.0,0.01,0.01,2369.623699,1776166233000
1776166235.363,35.363,0.43,30.3,0.42,93.5,0.41,206.49,0.4,125.49,0.39,158.0,0.44,12.86,0.45,41.0,0.46,194.59,0.47,186.5,0.48,165.59,0.56,12.86,0.55,41.0,0.54,194.59,0.53,186.5,0.52,165.59,0.57,30.3,0.58,93.5,0.59,206.49,0.6,125.49,0.61,158.0,0.01,0.01,2369.665502,1776166234000
1776166236.177,36.177,0.43,9.27,0.42,184.99,0.41,63.83,0.4,97.5,0.39,221.0,0.44,91.36,0.45,46.5,0.46,151.59,0.47,181.5,0.48,160.59,0.56,12.86,0.55,41.0,0.54,194.59,0.53,186.5,0.52,165.59,0.57,30.3,0.58,93.5,0.59,206.49,0.6,125.49,0.61,158.0,0.01,0.01,2369.665502,1776166234000
1776166237.91,37.91,0.43,9.27,0.42,184.99,0.41,63.83,0.4,97.5,0.39,221.0,0.44,91.36,0.45,46.5,0.46,151.59,0.47,181.5,0.48,160.59,0.56,91.36,0.55,46.5,0.54,151.59,0.53,181.5,0.52,160.59,0.57,9.27,0.58,184.99,0.59,63.83,0.6,97.5,0.61,221.0,0.01,0.01,2369.595885,1776166236000
1776166238.616,38.616,0.43,9.27,0.42,184.99,0.41,63.83,0.4,97.5,0.39,221.0,0.44,91.36,0.45,46.5,0.46,151.59,0.47,181.5,0.48,160.59,0.56,91.36,0.55,46.5,0.54,151.59,0.53,181.5,0.52,160.59,0.57,9.27,0.58,184.99,0.59,63.83,0.6,97.5,0.61,221.0,0.01,0.01,2369.585905,1776166237000
1776166239.523,39.523,0.43,9.27,0.42,184.99,0.41,63.83,0.4,97.5,0.39,221.0,0.44,91.36,0.45,46.5,0.46,151.59,0.47,181.5,0.48,160.59,0.56,91.36,0.55,46.5,0.54,151.59,0.53,181.5,0.52,160.59,0.57,9.27,0.58,184.99,0.59,63.83,0.6,97.5,0.61,221.0,0.01,0.01,2369.560735,1776166238000
1776166240.44,40.44,0.43,9.27,0.42,184.99,0.41,63.83,0.4,97.5,0.39,221.0,0.44,91.36,0.45,46.5,0.46,151.59,0.47,181.5,0.48,160.59,0.56,91.36,0.55,46.5,0.54,151.59,0.53,181.5,0.52,160.59,0.57,9.27,0.58,184.99,0.59,63.83,0.6,97.5,0.61,221.0,0.01,0.01,2369.57519,1776166239000
1776166240.901,40.901,0.43,9.27,0.42,184.99,0.41,63.83,0.4,97.5,0.39,221.0,0.44,91.36,0.45,46.5,0.46,151.59,0.47,181.5,0.48,160.59,0.56,91.36,0.55,46.5,0.54,151.59,0.53,181.5,0.52,160.59,0.57,9.27,0.58,184.99,0.59,63.83,0.6,97.5,0.61,221.0,0.01,0.01,2369.574775,1776166240000
1776166241.224,41.224,0.45,10.0,0.44,290.99,0.43,97.5,0.42,45.5,0.41,108.5,0.46,4.72,0.47,35.5,0.48,45.59,0.49,171.11,0.5,120.0,0.56,91.36,0.55,46.5,0.54,151.59,0.53,181.5,0.52,160.59,0.57,9.27,0.58,184.99,0.59,63.83,0.6,97.5,0.61,221.0,0.01,0.01,2369.574775,1776166240000
1776166241.733,41.733,0.46,230.99,0.45,76.5,0.44,32.5,0.43,65.5,0.42,111.5,0.47,2.87,0.48,40.59,0.49,176.11,0.5,135.0,0.51,271.27,0.53,0.01,0.52,45.59,0.51,171.11,0.5,120.0,0.49,281.27,0.54,20.0,0.55,25.0,0.56,301.49,0.57,92.5,0.58,45.5,0.01,0.01,2369.574775,1776166240000
1776166242.218,42.218,0.47,393.49,0.46,81.49,0.45,127.5,0.44,120.5,0.43,133.5,0.49,55.09,0.5,110.0,0.51,260.77,0.52,201.0,0.53,155.0,0.52,13.0,0.51,175.59,0.5,135.0,0.49,271.27,0.48,205.0,0.54,241.49,0.55,76.5,0.56,32.5,0.57,60.5,0.58,111.5,0.02,0.02,2369.574775,1776166240000
1776166242.916,42.916,0.47,393.49,0.46,81.49,0.45,127.5,0.44,120.5,0.43,133.5,0.49,55.09,0.5,110.0,0.51,260.77,0.52,201.0,0.53,155.0,0.51,55.09,0.5,110.0,0.49,260.77,0.48,201.0,0.47,155.0,0.53,393.49,0.54,81.49,0.55,127.5,0.56,120.5,0.57,133.5,0.02,0.02,2369.556045,1776166242000
1776166243.269,43.269,0.48,192.31,0.47,56.5,0.46,45.5,0.45,165.5,0.44,125.5,0.49,60.09,0.5,168.0,0.51,260.77,0.52,216.0,0.53,155.0,0.51,60.09,0.5,168.0,0.49,260.77,0.48,206.0,0.47,165.0,0.52,194.49,0.53,56.5,0.54,50.5,0.55,165.5,0.56,125.5,0.01,0.01,2369.556045,1776166242000
1776166243.724,43.724,0.48,187.69,0.47,56.5,0.46,103.5,0.45,117.5,0.44,115.5,0.49,60.09,0.5,110.0,0.51,318.77,0.52,201.0,0.53,155.0,0.51,60.09,0.5,168.0,0.49,260.77,0.48,216.0,0.47,155.0,0.52,192.31,0.53,56.5,0.54,45.5,0.55,165.5,0.56,125.5,0.01,0.01,2369.556045,1776166242000
1776166244.167,44.167,0.48,187.69,0.47,56.5,0.46,103.5,0.45,117.5,0.44,115.5,0.49,60.09,0.5,110.0,0.51,318.77,0.52,201.0,0.53,155.0,0.51,60.09,0.5,110.0,0.49,318.77,0.48,201.0,0.47,155.0,0.52,187.69,0.53,56.5,0.54,103.5,0.55,117.5,0.56,115.5,0.01,0.01,2369.71187,1776166243000
1776166245.145,45.145,0.48,187.69,0.47,56.5,0.46,103.5,0.45,117.5,0.44,115.5,0.49,60.09,0.5,110.0,0.51,318.77,0.52,201.0,0.53,155.0,0.51,60.09,0.5,110.0,0.49,318.77,0.48,201.0,0.47,155.0,0.52,187.69,0.53,56.5,0.54,103.5,0.55,117.5,0.56,115.5,0.01,0.01,2369.87228,1776166244000
1776166245.735,45.735,0.48,330.17,0.47,57.83,0.46,72.5,0.45,173.5,0.44,123.5,0.49,30.09,0.5,10.0,0.51,230.27,0.52,238.5,0.53,156.0,0.51,60.09,0.5,110.0,0.49,318.77,0.48,201.0,0.47,155.0,0.52,187.69,0.53,56.5,0.54,103.5,0.55,117.5,0.56,115.5,0.01,0.01,2369.87228,1776166244000
1776166246.205,46.205,0.48,330.17,0.47,57.83,0.46,72.5,0.45,173.5,0.44,123.5,0.49,30.09,0.5,10.0,0.51,230.27,0.52,238.5,0.53,156.0,0.51,30.09,0.5,10.0,0.49,230.27,0.48,238.5,0.47,156.0,0.52,330.17,0.53,57.83,0.54,72.5,0.55,173.5,0.56,123.5,0.01,0.01,2369.895795,1776166245000
1776166247.306,47.306,0.48,222.17,0.47,92.83,0.46,138.5,0.45,183.5,0.44,115.5,0.5,10.0,0.51,140.77,0.52,180.5,0.53,150.0,0.54,291.0,0.5,10.0,0.49,140.77,0.48,180.5,0.47,150.0,0.46,291.0,0.52,222.17,0.53,92.83,0.54,138.5,0.55,183.5,0.56,115.5,0.02,0.02,2369.921765,1776166246000
1776166248.928,48.928,0.49,192.99,0.48,52.51,0.47,72.5,0.46,133.5,0.45,231.5,0.5,10.5,0.51,208.77,0.52,180.5,0.53,135.0,0.54,286.0,0.5,10.0,0.49,140.77,0.48,180.5,0.47,150.0,0.46,291.0,0.52,222.17,0.53,92.83,0.54,138.5,0.55,183.5,0.56,115.5,0.01,0.02,2369.921765,1776166246000
1776166249.563,49.563,0.49,192.99,0.48,52.51,0.47,72.5,0.46,133.5,0.45,231.5,0.5,10.5,0.51,208.77,0.52,180.5,0.53,135.0,0.54,286.0,0.5,10.5,0.49,208.77,0.48,180.5,0.47,135.0,0.46,286.0,0.51,192.99,0.52,52.51,0.53,72.5,0.54,133.5,0.55,231.5,0.01,0.01,2369.93275,1776166248000
1776166249.944,49.944,0.49,185.83,0.48,57.51,0.47,67.5,0.46,191.5,0.45,173.5,0.5,10.5,0.51,208.77,0.52,180.5,0.53,145.0,0.54,311.0,0.5,10.5,0.49,208.77,0.48,180.5,0.47,135.0,0.46,286.0,0.51,192.99,0.52,52.51,0.53,72.5,0.54,133.5,0.55,231.5,0.01,0.01,2369.93275,1776166248000
1776166250.165,50.165,0.49,185.83,0.48,57.51,0.47,67.5,0.46,191.5,0.45,173.5,0.5,10.5,0.51,208.77,0.52,180.5,0.53,145.0,0.54,311.0,0.5,10.5,0.49,208.77,0.48,180.5,0.47,145.0,0.46,311.0,0.51,185.83,0.52,57.51,0.53,67.5,0.54,191.5,0.55,173.5,0.01,0.01,2369.93275,1776166249000
1776166250.631,50.631,0.49,195.74,0.48,52.51,0.47,67.5,0.46,191.5,0.45,183.5,0.5,10.5,0.51,198.77,0.52,180.5,0.53,155.0,0.54,311.0,0.5,10.5,0.49,208.77,0.48,180.5,0.47,145.0,0.46,311.0,0.51,185.83,0.52,57.51,0.53,67.5,0.54,191.5,0.55,173.5,0.01,0.01,2369.93275,1776166249000
1776166251.343,51.343,0.49,195.74,0.48,52.51,0.47,67.5,0.46,191.5,0.45,183.5,0.5,10.5,0.51,198.77,0.52,180.5,0.53,155.0,0.54,311.0,0.5,10.5,0.49,198.77,0.48,180.5,0.47,155.0,0.46,311.0,0.51,195.74,0.52,52.51,0.53,67.5,0.54,191.5,0.55,183.5,0.01,0.01,2369.932375,1776166250000
1776166251.854,51.854,0.49,6.86,0.47,197.49,0.46,70.0,0.45,150.5,0.44,154.5,0.5,148.5,0.51,184.77,0.52,80.5,0.53,40.0,0.54,253.0,0.49,223.77,0.48,185.5,0.47,140.0,0.46,302.0,0.45,165.0,0.5,2.96,0.51,12.75,0.52,9.33,0.53,68.5,0.54,40.0,0.01,0.01,2369.932375,1776166250000
1776166252.217,52.217,0.47,186.99,0.46,80.5,0.45,150.5,0.44,154.5,0.43,148.0,0.5,232.5,0.51,184.77,0.52,80.5,0.53,40.0,0.54,228.0,0.5,148.5,0.49,184.77,0.48,80.5,0.47,40.0,0.46,253.0,0.51,6.86,0.53,197.49,0.54,70.0,0.55,150.5,0.56,154.5,0.03,0.01,2369.932375,1776166250000
1776166253.056,53.056,0.47,186.99,0.46,80.5,0.45,150.5,0.44,154.5,0.43,148.0,0.5,232.5,0.51,184.77,0.52,80.5,0.53,40.0,0.54,228.0,0.5,232.5,0.49,184.77,0.48,80.5,0.47,40.0,0.46,228.0,0.53,186.99,0.54,80.5,0.55,150.5,0.56,154.5,0.57,148.0,0.03,0.03,2369.88013,1776166252000
1776166253.444,53.444,0.48,7.88,0.47,183.99,0.46,75.5,0.45,155.5,0.44,154.5,0.49,160.45,0.5,52.5,0.51,179.77,0.52,80.5,0.53,40.0,0.51,162.5,0.5,52.5,0.49,179.77,0.48,80.5,0.47,40.0,0.52,7.88,0.53,183.99,0.54,75.5,0.55,155.5,0.56,154.5,0.01,0.01,2369.88013,1776166252000
1776166254.18,54.18,0.48,7.88,0.47,183.99,0.46,75.5,0.45,155.5,0.44,154.5,0.49,160.45,0.5,52.5,0.51,179.77,0.52,80.5,0.53,40.0,0.51,160.45,0.5,52.5,0.49,179.77,0.48,80.5,0.47,40.0,0.52,7.88,0.53,183.99,0.54,75.5,0.55,155.5,0.56,154.5,0.01,0.01,2369.829865,1776166253000
1776166255.232,55.232,0.44,10.5,0.43,80.5,0.42,165.5,0.41,173.99,0.4,42.0,0.45,10.0,0.46,118.5,0.47,47.5,0.48,32.5,0.49,111.68,0.51,75.0,0.5,25.5,0.49,167.77,0.48,80.5,0.47,40.0,0.52,124.38,0.53,35.5,0.54,233.16,0.55,224.5,0.56,106.5,0.01,0.01,2369.829865,1776166253000
1776166255.649,55.649,0.44,10.5,0.43,80.5,0.42,165.5,0.41,173.99,0.4,42.0,0.45,10.0,0.46,118.5,0.47,47.5,0.48,32.5,0.49,111.68,0.55,10.0,0.54,118.5,0.53,47.5,0.52,32.5,0.51,111.68,0.56,10.5,0.57,80.5,0.58,165.5,0.59,173.99,0.6,42.0,0.01,0.01,2369.793919,1776166254000
1776166256.22,56.22,0.44,10.5,0.43,80.5,0.42,165.5,0.41,173.99,0.4,42.0,0.45,10.0,0.46,118.5,0.47,47.5,0.48,32.5,0.49,111.68,0.55,10.0,0.54,118.5,0.53,47.5,0.52,32.5,0.51,111.68,0.56,10.5,0.57,80.5,0.58,165.5,0.59,173.99,0.6,42.0,0.01,0.01,2369.84675,1776166255000
1776166256.576,56.576,0.43,70.0,0.42,356.49,0.41,132.0,0.4,40.0,0.39,98.1,0.44,76.27,0.45,95.5,0.46,32.5,0.47,155.5,0.48,131.5,0.55,10.0,0.54,118.5,0.53,47.5,0.52,32.5,0.51,111.68,0.56,10.5,0.57,80.5,0.58,165.5,0.59,173.99,0.6,42.0,0.01,0.01,2369.84675,1776166255000
1776166257.523,57.523,0.43,70.0,0.42,356.49,0.41,132.0,0.4,40.0,0.39,98.1,0.44,76.27,0.45,95.5,0.46,32.5,0.47,155.5,0.48,131.5,0.56,76.27,0.55,95.5,0.54,32.5,0.53,155.5,0.52,131.5,0.57,70.0,0.58,356.49,0.59,132.0,0.6,40.0,0.61,98.1,0.01,0.01,2369.681272,1776166256000
1776166258.031,58.031,0.43,70.0,0.42,356.49,0.41,132.0,0.4,40.0,0.39,98.1,0.44,76.27,0.45,95.5,0.46,32.5,0.47,155.5,0.48,131.5,0.56,76.27,0.55,95.5,0.54,32.5,0.53,155.5,0.52,131.5,0.57,70.0,0.58,356.49,0.59,132.0,0.6,40.0,0.61,98.1,0.01,0.01,2369.613361,1776166257000
1776166259.031,59.031,0.43,289.5,0.42,166.83,0.41,83.5,0.4,58.5,0.39,55.1,0.44,61.27,0.47,25.0,0.48,73.0,0.49,45.68,0.5,21.0,0.56,76.27,0.55,95.5,0.54,32.5,0.53,155.5,0.52,131.5,0.57,70.0,0.58,356.49,0.59,132.0,0.6,40.0,0.61,98.1,0.01,0.01,2369.613361,1776166257000
1776166259.281,59.281,0.46,69.5,0.45,30.5,0.44,201.49,0.43,156.83,0.42,155.5,0.47,3.7,0.48,73.0,0.49,45.68,0.5,21.0,0.51,175.27,0.56,61.27,0.53,25.0,0.52,73.0,0.51,45.68,0.5,21.0,0.57,289.5,0.58,166.83,0.59,83.5,0.6,58.5,0.61,55.1,0.01,0.01,2369.613361,1776166257000
1776166259.794,59.794,0.47,132.29,0.46,35.5,0.45,40.5,0.44,186.49,0.43,151.5,0.48,130.5,0.49,50.68,0.5,21.0,0.51,175.27,0.52,75.0,0.53,3.7,0.52,73.0,0.51,45.68,0.5,21.0,0.49,175.27,0.54,69.5,0.55,30.5,0.56,201.49,0.57,156.83,0.58,155.5,0.01,0.01,2369.581135,1776166258000
1776166260.171,60.171,0.47,136.29,0.46,50.5,0.45,219.16,0.44,119.5,0.43,77.5,0.48,54.5,0.49,55.68,0.5,26.0,0.51,175.27,0.52,75.0,0.52,130.5,0.51,55.68,0.5,21.0,0.49,175.27,0.48,75.0,0.53,126.29,0.54,35.5,0.55,40.5,0.56,186.49,0.57,151.5,0.01,0.01,2369.581135,1776166258000
1776166260.967,60.967,0.47,136.29,0.46,50.5,0.45,219.16,0.44,119.5,0.43,77.5,0.48,54.5,0.49,55.68,0.5,26.0,0.51,175.27,0.52,75.0,0.52,54.5,0.51,55.68,0.5,26.0,0.49,175.27,0.48,75.0,0.53,136.29,0.54,50.5,0.55,219.16,0.56,119.5,0.57,77.5,0.01,0.01,2369.569092,1776166260000
1776166261.489,61.489,0.47,22.04,0.46,40.5,0.45,219.16,0.44,119.5,0.43,57.5,0.48,69.5,0.49,55.68,0.5,36.0,0.51,175.27,0.52,85.0,0.52,54.5,0.51,55.68,0.5,26.0,0.49,175.27,0.48,75.0,0.53,136.29,0.54,50.5,0.55,219.16,0.56,119.5,0.57,77.5,0.01,0.01,2369.569092,1776166260000
1776166262.135,62.135,0.48,12.39,0.47,35.5,0.46,40.5,0.45,222.49,0.44,68.5,0.49,93.68,0.5,25.5,0.51,171.27,0.52,75.0,0.53,55.0,0.52,69.5,0.51,55.68,0.5,36.0,0.49,175.27,0.48,85.0,0.53,22.04,0.54,40.5,0.55,219.16,0.56,119.5,0.57,57.5,0.01,0.01,2369.569092,1776166260000
1776166262.641,62.641,0.48,107.54,0.47,93.5,0.46,201.49,0.45,66.83,0.44,35.5,0.49,30.18,0.5,5.0,0.51,180.77,0.52,75.0,0.53,45.0,0.51,93.68,0.5,25.5,0.49,171.27,0.48,75.0,0.47,55.0,0.52,12.39,0.53,35.5,0.54,40.5,0.55,222.49,0.56,68.5,0.01,0.01,2369.74854,1776166261000
1776166262.88,62.88,0.48,147.54,0.47,93.5,0.46,233.49,0.45,66.83,0.44,43.5,0.49,18.64,0.51,160.27,0.52,150.5,0.53,45.0,0.54,200.0,0.51,30.18,0.5,5.0,0.49,180.77,0.48,75.0,0.47,45.0,0.52,107.54,0.53,93.5,0.54,201.49,0.55,66.83,0.56,35.5,0.01,0.01,2369.74854,1776166261000
1776166263.311,63.311,0.48,147.54,0.47,93.5,0.46,233.49,0.45,66.83,0.44,43.5,0.49,18.64,0.51,160.27,0.52,150.5,0.53,45.0,0.54,200.0,0.51,18.64,0.49,160.27,0.48,150.5,0.47,45.0,0.46,200.0,0.52,147.54,0.53,93.5,0.54,233.49,0.55,66.83,0.56,43.5,0.01,0.01,2369.80687,1776166262000
1776166263.78,63.78,0.48,359.06,0.47,68.5,0.46,153.5,0.45,132.0,0.44,62.1,0.51,150.04,0.52,60.0,0.53,45.0,0.54,216.0,0.55,70.0,0.51,1.19,0.5,5.0,0.49,150.27,0.48,149.5,0.47,55.0,0.52,223.54,0.53,71.5,0.54,62.5,0.55,105.5,0.56,88.1,0.03,0.01,2369.80687,1776166262000
1776166264.336,64.336,0.5,16.53,0.49,10.0,0.48,22.0,0.47,188.16,0.46,86.0,0.51,273.5,0.52,107.5,0.53,70.5,0.54,210.0,0.55,72.0,0.49,150.04,0.48,60.0,0.47,45.0,0.46,216.0,0.45,70.0,0.52,359.06,0.53,68.5,0.54,153.5,0.55,132.0,0.56,62.1,0.01,0.03,2369.80687,1776166262000
1776166265.048,65.048,0.5,0.53,0.49,10.0,0.48,22.0,0.47,200.49,0.46,86.0,0.51,271.14,0.52,107.5,0.53,70.5,0.54,210.0,0.55,72.0,0.49,271.14,0.48,107.5,0.47,70.5,0.46,210.0,0.45,72.0,0.5,0.53,0.51,10.0,0.52,22.0,0.53,200.49,0.54,86.0,0.01,0.01,2369.83042,1776166264000
1776166265.254,65.254,0.49,1.94,0.48,22.0,0.47,200.49,0.46,134.5,0.45,116.5,0.51,322.14,0.52,107.5,0.53,70.5,0.54,210.0,0.55,72.0,0.49,271.14,0.48,107.5,0.47,70.5,0.46,210.0,0.45,72.0,0.5,0.53,0.51,10.0,0.52,22.0,0.53,200.49,0.54,86.0,0.02,0.01,2369.83042,1776166264000
1776166265.627,65.627,0.49,10.0,0.48,22.0,0.47,200.49,0.46,134.5,0.45,116.5,0.5,128.5,0.51,265.14,0.52,102.5,0.53,80.5,0.54,235.0,0.5,98.5,0.49,265.14,0.48,102.5,0.47,80.5,0.46,235.0,0.51,19.97,0.52,22.0,0.53,200.49,0.54,134.5,0.55,116.5,0.01,0.01,2369.83042,1776166264000
1776166266.243,66.243,0.49,10.0,0.48,22.0,0.47,200.49,0.46,134.5,0.45,116.5,0.5,128.5,0.51,265.14,0.52,102.5,0.53,80.5,0.54,235.0,0.5,128.5,0.49,265.14,0.48,102.5,0.47,80.5,0.46,235.0,0.51,10.0,0.52,22.0,0.53,200.49,0.54,134.5,0.55,116.5,0.01,0.01,2369.974635,1776166265000
1776166266.655,66.655,0.5,25.5,0.49,406.49,0.48,73.5,0.47,47.5,0.46,100.0,0.51,140.64,0.52,60.0,0.53,55.0,0.54,252.5,0.55,128.0,0.5,128.5,0.49,265.14,0.48,102.5,0.47,80.5,0.46,235.0,0.51,10.0,0.52,22.0,0.53,200.49,0.54,134.5,0.55,116.5,0.01,0.01,2369.974635,1776166265000
1776166266.897,66.897,0.5,293.99,0.49,56.0,0.48,42.5,0.47,42.5,0.46,100.0,0.51,130.64,0.52,80.5,0.53,65.5,0.54,310.5,0.55,70.0,0.49,140.64,0.48,60.0,0.47,55.0,0.46,252.5,0.45,128.0,0.5,25.5,0.51,406.49,0.52,73.5,0.53,47.5,0.54,100.0,0.01,0.01,2369.974635,1776166265000
1776166267.38,67.38,0.5,293.99,0.49,56.0,0.48,42.5,0.47,42.5,0.46,100.0,0.51,130.64,0.52,80.5,0.53,65.5,0.54,310.5,0.55,70.0,0.49,130.64,0.48,80.5,0.47,65.5,0.46,310.5,0.45,70.0,0.5,293.99,0.51,56.0,0.52,42.5,0.53,42.5,0.54,100.0,0.01,0.01,2369.972842,1776166266000
1776166267.984,67.984,0.48,17.0,0.47,177.66,0.46,35.5,0.45,116.5,0.44,44.6,0.51,290.98,0.52,100.5,0.53,65.5,0.54,245.5,0.55,72.0,0.49,130.64,0.48,80.5,0.47,65.5,0.46,310.5,0.45,70.0,0.5,293.99,0.51,56.0,0.52,42.5,0.53,42.5,0.54,100.0,0.03,0.01,2369.972842,1776166266000
1776166268.189,68.189,0.48,7.0,0.47,185.99,0.46,76.5,0.45,116.5,0.44,44.6,0.49,22.0,0.5,22.0,0.51,153.98,0.52,102.5,0.53,70.5,0.49,290.98,0.48,100.5,0.47,65.5,0.46,245.5,0.45,72.0,0.52,17.0,0.53,177.66,0.54,35.5,0.55,116.5,0.56,44.6,0.01,0.03,2369.972842,1776166266000
1776166268.389,68.389,0.48,7.0,0.47,25.0,0.46,76.5,0.45,142.5,0.44,44.6,0.49,73.38,0.5,22.0,0.51,110.98,0.52,102.5,0.53,70.5,0.51,22.0,0.5,22.0,0.49,153.98,0.48,102.5,0.47,70.5,0.52,7.0,0.53,185.99,0.54,76.5,0.55,116.5,0.56,44.6,0.01,0.01,2369.972842,1776166266000
1776166269.044,69.044,0.48,7.0,0.47,25.0,0.46,203.16,0.45,142.5,0.44,102.6,0.49,96.79,0.5,47.5,0.51,110.98,0.52,102.5,0.53,70.5,0.51,73.38,0.5,22.0,0.49,110.98,0.48,102.5,0.47,70.5,0.52,7.0,0.53,25.0,0.54,76.5,0.55,142.5,0.56,44.6,0.01,0.01,2369.891835,1776166267000
1776166269.318,69.318,0.48,7.0,0.47,25.0,0.46,214.49,0.45,142.5,0.44,102.6,0.49,88.79,0.5,57.5,0.51,110.98,0.52,102.5,0.53,70.5,0.51,96.79,0.5,47.5,0.49,110.98,0.48,102.5,0.47,70.5,0.52,7.0,0.53,25.0,0.54,203.16,0.55,142.5,0.56,102.6,0.01,0.01,2369.95472,1776166268000
1776166269.757,69.757,0.48,7.0,0.47,35.5,0.46,214.49,0.45,142.5,0.44,102.6,0.49,46.72,0.5,57.5,0.51,110.98,0.52,102.5,0.53,95.5,0.51,88.79,0.5,57.5,0.49,110.98,0.48,102.5,0.47,70.5,0.52,7.0,0.53,25.0,0.54,214.49,0.55,142.5,0.56,102.6,0.01,0.01,2369.95472,1776166268000
1776166270.864,70.864,0.48,7.0,0.47,35.5,0.46,214.49,0.45,142.5,0.44,102.6,0.49,46.72,0.5,57.5,0.51,110.98,0.52,102.5,0.53,95.5,0.51,46.72,0.5,57.5,0.49,110.98,0.48,102.5,0.47,95.5,0.52,7.0,0.53,35.5,0.54,214.49,0.55,142.5,0.56,102.6,0.01,0.01,2369.91252,1776166269000
1776166271.065,71.065,0.42,193.33,0.41,47.0,0.4,205.99,0.39,167.1,0.38,85.39,0.45,7.73,0.46,93.5,0.47,10.0,0.48,37.5,0.49,67.22,0.51,46.72,0.5,57.5,0.49,110.98,0.48,102.5,0.47,95.5,0.52,7.0,0.53,35.5,0.54,214.49,0.55,142.5,0.56,102.6,0.03,0.01,2369.91252,1776166269000
1776166271.346,71.346,0.42,193.33,0.41,47.0,0.4,205.99,0.39,167.1,0.38,85.39,0.45,7.73,0.46,93.5,0.47,10.0,0.48,37.5,0.49,67.22,0.55,7.73,0.54,93.5,0.53,10.0,0.52,37.5,0.51,67.22,0.58,193.33,0.59,47.0,0.6,205.99,0.61,167.1,0.62,85.39,0.03,0.03,2369.8479,1776166270000
1776166271.555,71.555,0.42,85.0,0.4,10.0,0.39,310.99,0.38,123.09,0.37,218.0,0.43,276.41,0.44,38.5,0.45,55.23,0.46,110.5,0.47,25.0,0.55,7.73,0.54,93.5,0.53,10.0,0.52,37.5,0.51,67.22,0.58,193.33,0.59,47.0,0.6,205.99,0.61,167.1,0.62,85.39,0.01,0.03,2369.8479,1776166270000
1776166271.945,71.945,0.42,85.0,0.4,10.0,0.39,310.99,0.38,123.09,0.37,218.0,0.43,276.41,0.44,38.5,0.45,55.23,0.46,110.5,0.47,25.0,0.57,276.41,0.56,38.5,0.55,55.23,0.54,110.5,0.53,25.0,0.58,85.0,0.6,10.0,0.61,310.99,0.62,123.09,0.63,218.0,0.01,0.01,2369.826875,1776166271000
1776166273.355,73.355,0.42,85.0,0.4,10.0,0.39,310.99,0.38,123.09,0.37,218.0,0.43,276.41,0.44,38.5,0.45,55.23,0.46,110.5,0.47,25.0,0.57,276.41,0.56,38.5,0.55,55.23,0.54,110.5,0.53,25.0,0.58,85.0,0.6,10.0,0.61,310.99,0.62,123.09,0.63,218.0,0.01,0.01,2369.659885,1776166272000
1776166273.874,73.874,0.42,85.0,0.4,10.0,0.39,310.99,0.38,123.09,0.37,218.0,0.43,276.41,0.44,38.5,0.45,55.23,0.46,110.5,0.47,25.0,0.57,276.41,0.56,38.5,0.55,55.23,0.54,110.5,0.53,25.0,0.58,85.0,0.6,10.0,0.61,310.99,0.62,123.09,0.63,218.0,0.01,0.01,2369.57509,1776166273000
1776166274.529,74.529,0.38,0.09,0.37,145.0,0.36,120.0,0.35,367.49,0.34,202.33,0.39,246.5,0.4,81.5,0.41,46.5,0.42,52.5,0.43,55.5,0.57,276.41,0.56,38.5,0.55,55.23,0.54,110.5,0.53,25.0,0.58,85.0,0.6,10.0,0.61,310.99,0.62,123.09,0.63,218.0,0.01,0.01,2369.57509,1776166273000
1776166274.847,74.847,0.38,0.09,0.37,150.0,0.36,120.0,0.35,367.49,0.34,202.33,0.39,246.5,0.4,81.5,0.41,46.5,0.42,52.5,0.43,55.5,0.61,246.5,0.6,81.5,0.59,46.5,0.58,52.5,0.57,55.5,0.62,0.09,0.63,145.0,0.64,120.0,0.65,367.49,0.66,202.33,0.01,0.01,2369.57509,1776166273000
1776166276.325,76.325,0.38,0.09,0.37,150.0,0.36,120.0,0.35,367.49,0.34,202.33,0.39,246.5,0.4,81.5,0.41,46.5,0.42,52.5,0.43,55.5,0.61,246.5,0.6,81.5,0.59,46.5,0.58,52.5,0.57,55.5,0.62,0.09,0.63,150.0,0.64,120.0,0.65,367.49,0.66,202.33,0.01,0.01,2369.13694,1776166275000
1776166277.461,77.461,0.38,0.09,0.37,150.0,0.36,120.0,0.35,367.49,0.34,202.33,0.39,246.5,0.4,81.5,0.41,46.5,0.42,52.5,0.43,55.5,0.61,246.5,0.6,81.5,0.59,46.5,0.58,52.5,0.57,55.5,0.62,0.09,0.63,150.0,0.64,120.0,0.65,367.49,0.66,202.33,0.01,0.01,2369.18096,1776166276000
1776166278.028,78.028,0.38,0.09,0.37,150.0,0.36,120.0,0.35,367.49,0.34,202.33,0.39,246.5,0.4,81.5,0.41,46.5,0.42,52.5,0.43,55.5,0.61,246.5,0.6,81.5,0.59,46.5,0.58,52.5,0.57,55.5,0.62,0.09,0.63,150.0,0.64,120.0,0.65,367.49,0.66,202.33,0.01,0.01,2369.11822,1776166277000
1776166278.845,78.845,0.36,45.0,0.35,365.99,0.34,222.83,0.33,170.5,0.32,45.0,0.37,160.98,0.38,104.5,0.39,62.5,0.4,80.5,0.41,40.5,0.61,246.5,0.6,81.5,0.59,46.5,0.58,52.5,0.57,55.5,0.62,0.09,0.63,150.0,0.64,120.0,0.65,367.49,0.66,202.33,0.01,0.01,2369.11822,1776166277000
1776166279.154,79.154,0.36,45.0,0.35,365.99,0.34,222.83,0.33,170.5,0.32,45.0,0.37,160.98,0.38,104.5,0.39,62.5,0.4,80.5,0.41,40.5,0.63,160.98,0.62,104.5,0.61,62.5,0.6,80.5,0.59,40.5,0.64,45.0,0.65,365.99,0.66,222.83,0.67,170.5,0.68,45.0,0.01,0.01,2369.110505,1776166278000
1776166279.42,79.42,0.37,98.5,0.36,209.5,0.35,284.0,0.34,190.0,0.33,175.5,0.38,4.9,0.41,5.0,0.42,25.0,0.43,81.0,0.44,123.0,0.63,160.98,0.62,104.5,0.61,62.5,0.6,80.5,0.59,40.5,0.64,45.0,0.65,365.99,0.66,222.83,0.67,170.5,0.68,45.0,0.01,0.01,2369.110505,1776166278000
1776166279.761,79.761,0.38,35.0,0.37,187.49,0.36,159.5,0.35,350.0,0.34,202.0,0.4,105.0,0.41,30.5,0.42,88.0,0.43,60.0,0.44,65.0,0.59,5.0,0.58,25.0,0.57,81.0,0.56,123.0,0.55,22.73,0.63,98.5,0.64,209.5,0.65,284.0,0.66,190.0,0.67,175.5,0.02,0.04,2369.110505,1776166278000
1776166280.256,80.256,0.37,99.78,0.36,30.0,0.35,238.0,0.34,159.0,0.33,279.8,0.39,286.5,0.4,34.0,0.41,50.5,0.42,25.0,0.43,92.0,0.61,6.0,0.6,19.0,0.59,30.5,0.58,103.0,0.57,60.0,0.62,33.55,0.63,187.49,0.64,159.5,0.65,350.0,0.66,202.0,0.02,0.01,2369.110505,1776166278000
1776166280.562,80.562,0.37,94.78,0.36,35.0,0.35,373.99,0.34,196.5,0.33,216.8,0.38,397.13,0.39,114.5,0.4,39.0,0.41,75.5,0.42,25.0,0.61,286.5,0.6,34.0,0.59,50.5,0.58,25.0,0.57,92.0,0.63,99.78,0.64,30.0,0.65,238.0,0.66,159.0,0.67,279.8,0.01,0.02,2369.11044,1776166279000
1776166281.117,81.117,0.37,84.94,0.36,20.0,0.35,189.0,0.34,120.0,0.33,196.3,0.38,433.13,0.39,98.5,0.4,34.0,0.41,132.5,0.42,82.0,0.62,397.13,0.61,114.5,0.6,39.0,0.59,75.5,0.58,25.0,0.63,94.78,0.64,35.0,0.65,373.99,0.66,196.5,0.67,216.8,0.01,0.01,2369.11044,1776166279000
1776166281.395,81.395,0.36,20.0,0.35,189.0,0.34,120.0,0.33,196.3,0.32,209.16,0.38,428.13,0.39,98.5,0.4,34.0,0.41,132.5,0.42,82.0,0.62,428.13,0.61,98.5,0.6,34.0,0.59,132.5,0.58,82.0,0.64,20.0,0.65,189.0,0.66,120.0,0.67,196.3,0.68,209.16,0.02,0.02,2369.191815,1776166280000
1776166281.978,81.978,0.36,20.0,0.35,189.0,0.34,120.0,0.33,196.3,0.32,209.16,0.38,428.13,0.39,98.5,0.4,34.0,0.41,132.5,0.42,82.0,0.62,428.13,0.61,98.5,0.6,34.0,0.59,132.5,0.58,82.0,0.64,20.0,0.65,189.0,0.66,120.0,0.67,196.3,0.68,209.16,0.02,0.02,2369.221815,1776166281000
1776166283.059,83.059,0.36,20.0,0.35,189.0,0.34,120.0,0.33,196.3,0.32,209.16,0.38,428.13,0.39,98.5,0.4,34.0,0.41,132.5,0.42,82.0,0.62,428.13,0.61,98.5,0.6,34.0,0.59,132.5,0.58,82.0,0.64,20.0,0.65,189.0,0.66,120.0,0.67,196.3,0.68,209.16,0.02,0.02,2369.09255,1776166282000
1776166284.182,84.182,0.36,20.0,0.35,189.0,0.34,120.0,0.33,196.3,0.32,209.16,0.38,428.13,0.39,98.5,0.4,34.0,0.41,132.5,0.42,82.0,0.62,428.13,0.61,98.5,0.6,34.0,0.59,132.5,0.58,82.0,0.64,20.0,0.65,189.0,0.66,120.0,0.67,196.3,0.68,209.16,0.02,0.02,2368.99938,1776166283000
1776166285.12,85.12,0.35,66.87,0.34,125.0,0.33,196.3,0.32,217.99,0.31,128.8,0.36,457.34,0.37,104.04,0.38,60.13,0.39,40.5,0.4,25.0,0.62,428.13,0.61,98.5,0.6,34.0,0.59,132.5,0.58,82.0,0.64,20.0,0.65,189.0,0.66,120.0,0.67,196.3,0.68,209.16,0.01,0.02,2368.99938,1776166283000
1776166285.778,85.778,0.35,59.74,0.34,115.0,0.33,196.3,0.32,217.99,0.31,128.8,0.36,457.34,0.37,104.04,0.38,60.13,0.39,40.5,0.4,25.0,0.64,457.34,0.63,104.04,0.62,60.13,0.61,40.5,0.6,25.0,0.65,59.74,0.66,115.0,0.67,196.3,0.68,217.99,0.69,128.8,0.01,0.01,2369.035945,1776166284000
1776166286.26,86.26,0.34,60.0,0.33,170.0,0.32,30.0,0.31,86.8,0.3,349.76,0.36,477.34,0.37,129.04,0.38,60.13,0.39,40.5,0.4,75.0,0.64,477.34,0.63,129.04,0.62,60.13,0.61,40.5,0.6,75.0,0.66,60.0,0.67,170.0,0.68,30.0,0.69,86.8,0.7,349.76,0.02,0.02,2369.051255,1776166285000
1776166286.666,86.666,0.31,10.0,0.3,10.0,0.29,175.33,0.28,120.0,0.27,58.12,0.34,27.0,0.35,106.5,0.36,86.5,0.37,66.04,0.38,20.0,0.64,477.34,0.63,129.04,0.62,60.13,0.61,40.5,0.6,75.0,0.66,60.0,0.67,170.0,0.68,30.0,0.69,86.8,0.7,349.76,0.03,0.02,2369.051255,1776166285000
1776166287.0,87.0,0.29,150.0,0.28,120.0,0.27,66.45,0.26,281.36,0.25,149.2,0.3,5.0,0.32,238.0,0.33,15.0,0.34,101.0,0.35,108.0,0.66,27.0,0.65,106.5,0.64,86.5,0.63,66.04,0.62,20.0,0.69,10.0,0.7,10.0,0.71,175.33,0.72,120.0,0.73,58.12,0.01,0.03,2369.051255,1776166285000
1776166287.314,87.314,0.29,150.0,0.28,120.0,0.27,66.45,0.26,281.36,0.25,149.2,0.3,5.0,0.32,238.0,0.33,15.0,0.34,101.0,0.35,108.0,0.7,5.0,0.68,238.0,0.67,15.0,0.66,101.0,0.65,108.0,0.71,150.0,0.72,120.0,0.73,66.45,0.74,281.36,0.75,149.2,0.01,0.01,2369.03813,1776166286000
1776166287.934,87.934,0.28,120.0,0.27,106.12,0.26,290.69,0.25,170.53,0.24,365.7,0.29,323.55,0.3,70.44,0.31,110.5,0.32,61.5,0.33,36.0,0.7,350.44,0.69,57.5,0.68,81.5,0.67,51.5,0.66,85.5,0.71,35.0,0.72,130.0,0.73,58.12,0.74,148.53,0.75,187.53,0.01,0.01,2369.03813,1776166286000
1776166288.287,88.287,0.28,120.0,0.27,106.12,0.26,290.69,0.25,170.53,0.24,365.7,0.29,323.55,0.3,70.44,0.31,110.5,0.32,61.5,0.33,36.0,0.71,323.55,0.7,70.44,0.69,110.5,0.68,61.5,0.67,36.0,0.72,120.0,0.73,106.12,0.74,290.69,0.75,170.53,0.76,365.7,0.01,0.01,2368.93955,1776166287000
1776166289.067,89.067,0.27,98.48,0.26,321.19,0.25,198.03,0.24,381.2,0.23,172.3,0.28,269.0,0.29,25.0,0.3,91.0,0.31,115.5,0.32,36.0,0.71,323.55,0.7,70.44,0.69,110.5,0.68,61.5,0.67,36.0,0.72,120.0,0.73,106.12,0.74,290.69,0.75,170.53,0.76,365.7,0.01,0.01,2368.93955,1776166287000
1776166289.336,89.336,0.27,71.63,0.26,301.86,0.25,198.03,0.24,386.2,0.23,172.3,0.28,308.0,0.29,30.0,0.3,101.5,0.31,115.5,0.32,36.0,0.72,264.0,0.71,25.0,0.7,91.0,0.69,115.5,0.68,36.0,0.73,82.98,0.74,321.19,0.75,198.03,0.76,381.2,0.77,172.3,0.01,0.01,2368.93955,1776166287000
1776166289.79,89.79,0.27,380.58,0.26,236.19,0.25,149.7,0.24,375.2,0.23,165.3,0.28,64.25,0.29,20.0,0.3,60.0,0.31,17.0,0.32,51.0,0.72,308.0,0.71,30.0,0.7,91.0,0.69,115.5,0.68,36.0,0.73,72.29,0.74,149.2,0.75,198.03,0.76,386.2,0.77,172.3,0.01,0.01,2368.7847,1776166288000
1776166290.273,90.273,0.29,291.49,0.28,261.5,0.27,78.8,0.26,204.2,0.25,194.7,0.3,41.0,0.32,25.0,0.34,80.0,0.35,40.0,0.36,83.0,0.72,64.25,0.71,20.0,0.7,60.0,0.69,17.0,0.68,51.0,0.73,380.58,0.74,236.19,0.75,149.7,0.76,375.2,0.77,165.3,0.01,0.01,2368.7847,1776166288000
1776166290.705,90.705,0.29,365.24,0.28,171.39,0.27,68.8,0.26,204.2,0.25,194.7,0.3,30.54,0.32,50.0,0.34,90.0,0.35,40.0,0.36,93.0,0.7,10.88,0.68,25.0,0.66,80.0,0.65,40.0,0.64,93.0,0.71,291.49,0.72,211.5,0.73,68.8,0.74,204.2,0.75,194.7,0.01,0.01,2368.572,1776166289000
1776166290.999,90.999,0.29,392.74,0.28,171.39,0.27,68.8,0.26,204.2,0.25,194.7,0.3,42.54,0.32,50.0,0.34,90.0,0.35,40.0,0.36,93.0,0.7,54.54,0.68,50.0,0.66,90.0,0.65,40.0,0.64,93.0,0.71,375.24,0.72,171.39,0.73,68.8,0.74,204.2,0.75,194.7,0.01,0.01,2368.572,1776166289000
1776166291.214,91.214,0.29,382.74,0.28,171.39,0.27,68.8,0.26,204.2,0.25,204.7,0.3,21.54,0.32,50.0,0.33,10.0,0.34,90.0,0.35,40.0,0.7,32.54,0.68,50.0,0.67,10.0,0.66,90.0,0.65,40.0,0.71,387.74,0.72,171.39,0.73,68.8,0.74,204.2,0.75,204.7,0.01,0.01,2368.572,1776166289000
1776166291.487,91.487,0.29,278.57,0.28,269.89,0.27,58.8,0.26,269.2,0.25,171.7,0.3,60.54,0.31,10.0,0.32,60.0,0.33,26.0,0.34,90.0,0.7,21.54,0.68,50.0,0.67,10.0,0.66,90.0,0.65,40.0,0.71,382.74,0.72,171.39,0.73,68.8,0.74,204.2,0.75,204.7,0.01,0.01,2368.604989,1776166290000
1776166291.721,91.721,0.28,92.64,0.27,199.29,0.26,185.2,0.25,170.7,0.24,242.2,0.3,177.0,0.31,10.0,0.32,66.0,0.33,20.0,0.34,95.0,0.7,60.54,0.69,10.0,0.68,60.0,0.67,26.0,0.66,90.0,0.71,278.57,0.72,269.89,0.73,58.8,0.74,269.2,0.75,171.7,0.02,0.01,2368.604989,1776166290000
1776166292.095,92.095,0.28,104.01,0.27,219.79,0.26,185.2,0.25,228.7,0.24,262.2,0.29,281.0,0.3,47.5,0.31,26.5,0.32,70.5,0.33,30.5,0.71,15.0,0.7,84.0,0.69,10.0,0.68,66.0,0.67,20.0,0.72,89.01,0.73,199.29,0.74,185.2,0.75,228.7,0.76,237.2,0.01,0.01,2368.604989,1776166290000
1776166292.361,92.361,0.28,81.01,0.27,53.8,0.26,337.86,0.25,265.7,0.24,262.2,0.29,293.31,0.3,57.0,0.31,20.5,0.32,76.5,0.33,80.5,0.71,304.0,0.7,37.0,0.69,26.5,0.68,70.5,0.67,30.5,0.72,91.01,0.73,214.79,0.74,185.2,0.75,228.7,0.76,262.2,0.01,0.01,2368.604989,1776166290000
1776166292.563,92.563,0.28,79.62,0.27,43.8,0.26,337.86,0.25,265.7,0.24,262.2,0.29,278.68,0.3,67.0,0.31,20.5,0.32,76.5,0.33,80.5,0.71,283.68,0.7,67.0,0.69,20.5,0.68,76.5,0.67,80.5,0.72,81.01,0.73,53.8,0.74,337.86,0.75,265.7,0.76,262.2,0.01,0.01,2368.83677,1776166291000
1776166292.883,92.883,0.28,79.62,0.27,43.8,0.26,337.86,0.25,265.7,0.24,262.2,0.29,284.54,0.3,77.0,0.31,36.5,0.32,80.5,0.33,95.5,0.71,278.68,0.7,67.0,0.69,20.5,0.68,76.5,0.67,80.5,0.72,79.62,0.73,43.8,0.74,337.86,0.75,265.7,0.76,262.2,0.01,0.01,2368.83677,1776166291000
1776166293.242,93.242,0.28,90.12,0.27,53.8,0.26,337.86,0.25,264.7,0.24,262.2,0.29,206.27,0.3,67.0,0.31,20.0,0.32,86.5,0.33,95.5,0.71,284.54,0.7,77.0,0.69,36.5,0.68,80.5,0.67,95.5,0.72,79.62,0.73,43.8,0.74,337.86,0.75,265.7,0.76,262.2,0.01,0.01,2368.83677,1776166291000
1776166293.903,93.903,0.28,90.12,0.27,121.8,0.26,347.86,0.25,196.7,0.24,267.2,0.29,143.18,0.3,56.0,0.31,20.0,0.32,86.5,0.33,95.5,0.71,143.18,0.7,56.0,0.69,20.0,0.68,86.5,0.67,95.5,0.72,90.12,0.73,121.8,0.74,347.86,0.75,196.7,0.76,267.2,0.01,0.01,2368.81272,1776166293000
1776166294.235,94.235,0.28,76.84,0.27,58.8,0.26,330.19,0.25,254.7,0.24,260.2,0.29,192.2,0.3,71.0,0.31,30.5,0.32,86.5,0.33,95.5,0.71,187.2,0.7,71.0,0.69,30.5,0.68,86.5,0.67,95.5,0.72,79.62,0.73,53.8,0.74,330.19,0.75,254.7,0.76,260.2,0.01,0.01,2368.81272,1776166293000
1776166294.961,94.961,0.28,63.37,0.27,58.8,0.26,330.19,0.25,254.7,0.24,260.2,0.29,202.2,0.3,61.0,0.31,35.5,0.32,86.5,0.33,95.5,0.71,202.2,0.7,61.0,0.69,35.5,0.68,86.5,0.67,95.5,0.72,63.37,0.73,58.8,0.74,330.19,0.75,254.7,0.76,260.2,0.01,0.01,2368.67762,1776166294000
1776166295.304,95.304,0.28,60.77,0.27,48.3,0.26,320.19,0.25,264.7,0.24,260.2,0.29,207.29,0.3,71.5,0.31,35.5,0.32,86.5,0.33,60.0,0.71,202.2,0.7,61.0,0.69,35.5,0.68,86.5,0.67,95.5,0.72,63.37,0.73,58.8,0.74,330.19,0.75,254.7,0.76,260.2,0.01,0.01,2368.67762,1776166294000
1776166295.555,95.555,0.28,45.04,0.27,15.0,0.26,310.19,0.25,206.7,0.24,260.2,0.29,142.2,0.3,61.5,0.31,41.5,0.32,80.5,0.33,55.0,0.71,297.29,0.7,61.5,0.69,41.5,0.68,80.5,0.67,55.0,0.72,45.04,0.73,15.0,0.74,300.19,0.75,206.7,0.76,260.2,0.01,0.01,2368.67762,1776166294000
1776166296.013,96.013,0.28,29.77,0.27,15.0,0.26,310.19,0.25,206.7,0.24,260.2,0.29,136.09,0.3,61.5,0.31,41.5,0.32,80.5,0.33,55.0,0.71,136.09,0.7,61.5,0.69,41.5,0.68,80.5,0.67,55.0,0.72,29.77,0.73,15.0,0.74,310.19,0.75,206.7,0.76,260.2,0.01,0.01,2368.722999,1776166295000
1776166296.485,96.485,0.28,44.77,0.27,50.5,0.26,378.19,0.25,206.7,0.24,260.2,0.29,69.64,0.3,104.0,0.31,41.5,0.32,85.5,0.33,60.0,0.71,136.09,0.7,61.5,0.69,41.5,0.68,80.5,0.67,55.0,0.72,29.77,0.73,15.0,0.74,310.19,0.75,206.7,0.76,260.2,0.01,0.01,2368.722999,1776166295000
1776166296.901,96.901,0.28,44.77,0.27,50.5,0.26,378.19,0.25,206.7,0.24,260.2,0.29,69.64,0.3,104.0,0.31,41.5,0.32,85.5,0.33,60.0,0.71,69.64,0.7,104.0,0.69,41.5,0.68,85.5,0.67,60.0,0.72,44.77,0.73,50.5,0.74,378.19,0.75,206.7,0.76,260.2,0.01,0.01,2368.792731,1776166296000
1776166297.947,97.947,0.28,29.77,0.27,20.0,0.26,389.19,0.25,206.7,0.24,255.2,0.29,147.64,0.3,61.5,0.31,66.5,0.32,85.5,0.33,60.0,0.71,69.64,0.7,104.0,0.69,41.5,0.68,85.5,0.67,60.0,0.72,44.77,0.73,50.5,0.74,378.19,0.75,206.7,0.76,260.2,0.01,0.01,2368.792731,1776166296000
1776166298.314,98.314,0.28,34.77,0.27,20.0,0.26,389.19,0.25,206.7,0.24,260.2,0.29,137.29,0.3,61.5,0.31,66.5,0.32,85.5,0.33,60.0,0.71,147.64,0.7,61.5,0.69,66.5,0.68,85.5,0.67,60.0,0.72,29.77,0.73,20.0,0.74,389.19,0.75,206.7,0.76,255.2,0.01,0.01,2368.739171,1776166297000
1776166299.02,99.02,0.28,34.77,0.27,20.0,0.26,389.19,0.25,206.7,0.24,260.2,0.29,137.29,0.3,61.5,0.31,66.5,0.32,85.5,0.33,60.0,0.71,137.29,0.7,61.5,0.69,66.5,0.68,85.5,0.67,60.0,0.72,34.77,0.73,20.0,0.74,389.19,0.75,206.7,0.76,260.2,0.01,0.01,2368.727625,1776166298000
1776166300.163,100.163,0.28,34.77,0.27,20.0,0.26,389.19,0.25,206.7,0.24,260.2,0.29,137.29,0.3,61.5,0.31,66.5,0.32,85.5,0.33,60.0,0.71,137.29,0.7,61.5,0.69,66.5,0.68,85.5,0.67,60.0,0.72,34.77,0.73,20.0,0.74,389.19,0.75,206.7,0.76,260.2,0.01,0.01,2368.655055,1776166299000
1776166301.322,101.322,0.28,34.77,0.27,20.0,0.26,389.19,0.25,206.7,0.24,260.2,0.29,137.29,0.3,61.5,0.31,66.5,0.32,85.5,0.33,60.0,0.71,137.29,0.7,61.5,0.69,66.5,0.68,85.5,0.67,60.0,0.72,34.77,0.73,20.0,0.74,389.19,0.75,206.7,0.76,260.2,0.01,0.01,2368.692776,1776166300000
1776166302.274,102.274,0.28,34.77,0.27,20.0,0.26,389.19,0.25,206.7,0.24,260.2,0.29,137.29,0.3,61.5,0.31,66.5,0.32,85.5,0.33,60.0,0.71,137.29,0.7,61.5,0.69,66.5,0.68,85.5,0.67,60.0,0.72,34.77,0.73,20.0,0.74,389.19,0.75,206.7,0.76,260.2,0.01,0.01,2368.66294,1776166301000
1776166302.622,102.622,0.27,15.0,0.26,285.99,0.25,196.7,0.24,334.2,0.23,235.3,0.28,235.17,0.29,60.59,0.3,72.5,0.31,65.5,0.32,80.0,0.71,137.29,0.7,61.5,0.69,66.5,0.68,85.5,0.67,60.0,0.72,34.77,0.73,20.0,0.74,389.19,0.75,206.7,0.76,260.2,0.01,0.01,2368.66294,1776166301000
1776166303.368,103.368,0.27,15.0,0.26,285.99,0.25,196.7,0.24,334.2,0.23,235.3,0.28,235.17,0.29,60.59,0.3,72.5,0.31,65.5,0.32,80.0,0.72,235.17,0.71,60.59,0.7,72.5,0.69,65.5,0.68,80.0,0.73,15.0,0.74,285.99,0.75,196.7,0.76,334.2,0.77,235.3,0.01,0.01,2368.805145,1776166302000
1776166303.902,103.902,0.27,15.0,0.26,285.99,0.25,196.7,0.24,334.2,0.23,235.3,0.28,235.17,0.29,60.59,0.3,72.5,0.31,65.5,0.32,80.0,0.72,235.17,0.71,60.59,0.7,72.5,0.69,65.5,0.68,80.0,0.73,15.0,0.74,285.99,0.75,196.7,0.76,334.2,0.77,235.3,0.01,0.01,2368.701334,1776166303000
1776166305.234,105.234,0.27,15.0,0.26,285.99,0.25,196.7,0.24,334.2,0.23,235.3,0.28,235.17,0.29,60.59,0.3,72.5,0.31,65.5,0.32,80.0,0.72,235.17,0.71,60.59,0.7,72.5,0.69,65.5,0.68,80.0,0.73,15.0,0.74,285.99,0.75,196.7,0.76,334.2,0.77,235.3,0.01,0.01,2368.741762,1776166304000
1776166306.356,106.356,0.27,15.0,0.26,285.99,0.25,196.7,0.24,334.2,0.23,235.3,0.28,235.17,0.29,60.59,0.3,72.5,0.31,65.5,0.32,80.0,0.72,235.17,0.71,60.59,0.7,72.5,0.69,65.5,0.68,80.0,0.73,15.0,0.74,285.99,0.75,196.7,0.76,334.2,0.77,235.3,0.01,0.01,2368.673875,1776166305000
1776166306.943,106.943,0.27,15.0,0.26,285.99,0.25,196.7,0.24,334.2,0.23,235.3,0.28,235.17,0.29,60.59,0.3,72.5,0.31,65.5,0.32,80.0,0.72,235.17,0.71,60.59,0.7,72.5,0.69,65.5,0.68,80.0,0.73,15.0,0.74,285.99,0.75,196.7,0.76,334.2,0.77,235.3,0.01,0.01,2368.670255,1776166306000
1776166307.943,107.943,0.27,15.5,0.26,348.49,0.25,196.7,0.24,260.2,0.23,186.3,0.28,190.85,0.29,61.09,0.3,61.0,0.31,40.5,0.32,80.0,0.72,235.17,0.71,60.59,0.7,72.5,0.69,65.5,0.68,80.0,0.73,15.0,0.74,285.99,0.75,196.7,0.76,334.2,0.77,235.3,0.01,0.01,2368.670255,1776166306000
1776166308.38,108.38,0.28,352.49,0.27,156.5,0.26,170.2,0.25,174.7,0.24,270.2,0.29,114.99,0.3,46.0,0.31,30.0,0.32,71.0,0.33,123.0,0.72,190.85,0.71,61.09,0.7,61.0,0.69,40.5,0.68,80.0,0.73,15.5,0.74,348.49,0.75,196.7,0.76,260.2,0.77,186.3,0.01,0.01,2368.659355,1776166307000
1776166308.889,108.889,0.27,256.99,0.26,233.7,0.25,217.2,0.24,260.2,0.23,95.3,0.28,73.0,0.29,128.49,0.3,76.5,0.31,46.5,0.32,75.0,0.71,114.99,0.7,46.0,0.69,30.0,0.68,71.0,0.67,123.0,0.72,352.49,0.73,156.5,0.74,170.2,0.75,174.7,0.76,270.2,0.01,0.01,2368.659355,1776166307000
1776166309.092,109.092,0.27,256.99,0.26,233.7,0.25,237.7,0.24,260.2,0.23,95.3,0.28,95.0,0.29,128.49,0.3,76.5,0.31,46.5,0.32,75.0,0.72,95.0,0.71,128.49,0.7,76.5,0.69,46.5,0.68,75.0,0.73,256.99,0.74,233.7,0.75,237.7,0.76,260.2,0.77,95.3,0.01,0.01,2368.656595,1776166308000
1776166309.784,109.784,0.27,11.43,0.26,331.99,0.25,157.0,0.24,323.2,0.23,111.3,0.28,397.5,0.29,174.19,0.3,76.5,0.31,35.0,0.32,125.0,0.72,397.5,0.71,76.49,0.7,76.5,0.69,35.0,0.68,75.0,0.73,18.99,0.74,331.99,0.75,157.0,0.76,323.2,0.77,118.3,0.01,0.01,2368.656595,1776166308000
1776166310.187,110.187,0.27,11.43,0.26,331.99,0.25,157.0,0.24,323.2,0.23,111.3,0.28,397.5,0.29,174.19,0.3,76.5,0.31,35.0,0.32,125.0,0.72,397.5,0.71,174.19,0.7,76.5,0.69,35.0,0.68,125.0,0.73,11.43,0.74,331.99,0.75,157.0,0.76,323.2,0.77,111.3,0.01,0.01,2368.676505,1776166309000
1776166310.995,110.995,0.27,16.43,0.26,389.99,0.25,177.5,0.24,270.2,0.23,116.3,0.28,39.91,0.29,217.19,0.3,76.5,0.31,60.0,0.32,75.0,0.72,397.5,0.71,174.19,0.7,76.5,0.69,35.0,0.68,125.0,0.73,11.43,0.74,331.99,0.75,157.0,0.76,323.2,0.77,111.3,0.01,0.01,2368.676505,1776166309000
1776166311.259,111.259,0.27,16.43,0.26,389.99,0.25,177.5,0.24,270.2,0.23,116.3,0.28,39.91,0.29,217.19,0.3,76.5,0.31,60.0,0.32,75.0,0.72,39.91,0.71,217.19,0.7,76.5,0.69,60.0,0.68,75.0,0.73,16.43,0.74,389.99,0.75,177.5,0.76,270.2,0.77,116.3,0.01,0.01,2368.61774,1776166310000
1776166312.396,112.396,0.27,16.43,0.26,389.99,0.25,177.5,0.24,270.2,0.23,116.3,0.28,39.91,0.29,217.19,0.3,76.5,0.31,60.0,0.32,75.0,0.72,39.91,0.71,217.19,0.7,76.5,0.69,60.0,0.68,75.0,0.73,16.43,0.74,389.99,0.75,177.5,0.76,270.2,0.77,116.3,0.01,0.01,2368.562885,1776166311000
1776166312.991,112.991,0.27,6.34,0.26,228.0,0.25,305.49,0.24,303.2,0.23,116.3,0.28,276.68,0.29,129.49,0.3,76.5,0.31,60.0,0.32,75.0,0.72,39.91,0.71,217.19,0.7,76.5,0.69,60.0,0.68,75.0,0.73,16.43,0.74,389.99,0.75,177.5,0.76,270.2,0.77,116.3,0.01,0.01,2368.562885,1776166311000
1776166313.405,113.405,0.26,149.11,0.25,305.49,0.24,308.2,0.23,116.3,0.22,198.0,0.28,276.59,0.29,129.49,0.3,76.5,0.31,60.0,0.32,75.0,0.72,276.59,0.71,129.49,0.7,76.5,0.69,60.0,0.68,75.0,0.74,149.11,0.75,305.49,0.76,308.2,0.77,116.3,0.78,198.0,0.02,0.02,2368.59465,1776166312000
1776166313.857,113.857,0.26,147.36,0.25,220.83,0.24,308.2,0.23,116.3,0.22,198.0,0.27,314.0,0.28,111.59,0.29,129.49,0.3,76.5,0.31,60.0,0.72,276.59,0.71,129.49,0.7,76.5,0.69,60.0,0.68,75.0,0.74,149.11,0.75,305.49,0.76,308.2,0.77,116.3,0.78,198.0,0.01,0.02,2368.59465,1776166312000
1776166314.277,114.277,0.26,145.61,0.25,220.83,0.24,308.2,0.23,116.3,0.22,198.0,0.27,314.0,0.28,111.59,0.29,129.49,0.3,76.5,0.31,60.0,0.73,314.0,0.72,111.59,0.71,129.49,0.7,76.5,0.69,60.0,0.74,145.61,0.75,220.83,0.76,308.2,0.77,116.3,0.78,198.0,0.01,0.01,2368.611845,1776166313000
1776166314.691,114.691,0.26,362.1,0.25,248.83,0.24,288.2,0.23,95.3,0.22,191.0,0.27,209.0,0.28,27.66,0.29,24.99,0.3,56.0,0.31,30.0,0.73,314.0,0.72,111.59,0.71,129.49,0.7,76.5,0.69,60.0,0.74,145.61,0.75,220.83,0.76,308.2,0.77,116.3,0.78,198.0,0.01,0.01,2368.611845,1776166313000
1776166314.895,114.895,0.26,382.1,0.25,259.83,0.24,270.2,0.23,102.3,0.22,198.0,0.28,15.66,0.29,29.99,0.3,76.0,0.31,104.0,0.32,75.0,0.73,23.14,0.72,27.66,0.71,29.99,0.7,76.0,0.69,104.0,0.74,382.1,0.75,259.83,0.76,270.2,0.77,102.3,0.78,198.0,0.02,0.01,2368.611845,1776166313000
1776166315.371,115.371,0.26,382.1,0.25,259.83,0.24,270.2,0.23,102.3,0.22,198.0,0.28,15.66,0.29,29.99,0.3,76.0,0.31,104.0,0.32,75.0,0.72,15.66,0.71,29.99,0.7,76.0,0.69,104.0,0.68,75.0,0.74,382.1,0.75,259.83,0.76,270.2,0.77,102.3,0.78,198.0,0.02,0.02,2368.59938,1776166314000
1776166315.736,115.736,0.27,110.62,0.26,306.77,0.25,263.5,0.24,270.2,0.23,102.3,0.28,109.02,0.29,39.99,0.3,134.0,0.31,56.5,0.32,75.0,0.72,233.02,0.71,39.99,0.7,134.0,0.69,56.5,0.68,75.0,0.73,112.13,0.74,306.77,0.75,263.5,0.76,270.2,0.77,102.3,0.01,0.01,2368.59938,1776166314000
1776166316.037,116.037,0.27,110.62,0.26,306.77,0.25,263.5,0.24,270.2,0.23,102.3,0.28,109.02,0.29,39.99,0.3,134.0,0.31,56.5,0.32,75.0,0.72,109.02,0.71,39.99,0.7,134.0,0.69,56.5,0.68,75.0,0.73,110.62,0.74,306.77,0.75,263.5,0.76,270.2,0.77,102.3,0.01,0.01,2368.60467,1776166315000
1776166317.349,117.349,0.27,315.41,0.26,143.1,0.25,245.7,0.24,270.2,0.23,102.3,0.29,22.99,0.3,51.0,0.31,25.0,0.32,144.0,0.33,65.0,0.71,22.99,0.7,51.0,0.69,25.0,0.68,144.0,0.67,65.0,0.73,315.41,0.74,143.1,0.75,245.7,0.76,270.2,0.77,102.3,0.02,0.02,2368.6795,1776166316000
1776166318.091,118.091,0.27,315.41,0.26,143.1,0.25,245.7,0.24,270.2,0.23,102.3,0.29,22.99,0.3,51.0,0.31,25.0,0.32,144.0,0.33,65.0,0.71,22.99,0.7,51.0,0.69,25.0,0.68,144.0,0.67,65.0,0.73,315.41,0.74,143.1,0.75,245.7,0.76,270.2,0.77,102.3,0.02,0.02,2368.6945,1776166317000
1776166318.331,118.331,0.25,110.0,0.24,215.0,0.23,50.0,0.22,95.0,0.21,245.0,0.29,504.49,0.3,283.58,0.31,90.5,0.32,130.0,0.33,60.0,0.71,22.99,0.7,51.0,0.69,25.0,0.68,144.0,0.67,65.0,0.73,315.41,0.74,143.1,0.75,245.7,0.76,270.2,0.77,102.3,0.04,0.02,2368.6945,1776166317000
1776166319.14,119.14,0.22,30.0,0.21,235.0,0.2,25.0,0.19,290.5,0.18,213.0,0.23,378.17,0.24,40.5,0.25,105.5,0.26,195.95,0.27,25.0,0.71,504.49,0.7,283.58,0.69,90.5,0.68,130.0,0.67,60.0,0.75,110.0,0.76,215.0,0.77,50.0,0.78,95.0,0.79,245.0,0.01,0.04,2368.6945,1776166317000
1776166319.423,119.423,0.22,30.0,0.21,235.0,0.2,25.0,0.19,290.5,0.18,213.0,0.23,378.17,0.24,40.5,0.25,105.5,0.26,195.95,0.27,25.0,0.77,378.17,0.76,40.5,0.75,105.5,0.74,195.95,0.73,25.0,0.78,30.0,0.79,235.0,0.8,25.0,0.81,290.5,0.82,213.0,0.01,0.01,2368.74516,1776166318000
1776166320.046,120.046,0.22,30.0,0.21,235.0,0.2,25.0,0.19,290.5,0.18,213.0,0.23,378.17,0.24,40.5,0.25,105.5,0.26,195.95,0.27,25.0,0.77,378.17,0.76,40.5,0.75,105.5,0.74,195.95,0.73,25.0,0.78,30.0,0.79,235.0,0.8,25.0,0.81,290.5,0.82,213.0,0.01,0.01,2368.70835,1776166319000
1776166321.133,121.133,0.21,450.49,0.2,180.54,0.19,321.5,0.18,156.0,0.17,85.5,0.23,6.0,0.24,15.0,0.25,30.0,0.26,69.71,0.27,42.0,0.77,378.17,0.76,40.5,0.75,105.5,0.74,195.95,0.73,25.0,0.78,30.0,0.79,235.0,0.8,25.0,0.81,290.5,0.82,213.0,0.02,0.01,2368.70835,1776166319000
1776166321.369,121.369,0.24,23.13,0.23,16.0,0.22,243.49,0.21,246.5,0.2,130.5,0.25,179.9,0.26,90.21,0.27,42.0,0.28,93.09,0.29,87.99,0.75,179.9,0.74,90.21,0.73,42.0,0.72,93.09,0.71,87.99,0.76,23.13,0.77,16.0,0.78,243.49,0.79,246.5,0.8,130.5,0.01,0.01,2368.32266,1776166320000
1776166321.585,121.585,0.24,28.13,0.23,249.99,0.22,87.5,0.21,129.5,0.2,125.5,0.25,36.9,0.26,123.57,0.27,77.5,0.28,35.09,0.29,87.99,0.75,44.9,0.74,134.07,0.73,67.0,0.72,35.09,0.71,87.99,0.76,28.13,0.77,244.99,0.78,92.5,0.79,129.5,0.8,125.5,0.01,0.01,2368.32266,1776166320000
1776166321.814,121.814,0.24,41.66,0.23,270.49,0.22,92.5,0.21,129.5,0.2,125.5,0.25,90.0,0.26,123.57,0.27,135.5,0.28,35.09,0.29,137.99,0.75,17.1,0.74,123.57,0.73,77.5,0.72,35.09,0.71,87.99,0.76,28.13,0.77,259.99,0.78,87.5,0.79,129.5,0.8,125.5,0.01,0.01,2368.32266,1776166320000
1776166322.17,122.17,0.24,276.8,0.23,102.49,0.22,35.5,0.21,165.5,0.2,131.5,0.26,178.57,0.27,15.0,0.28,20.09,0.29,93.99,0.3,199.0,0.75,90.0,0.74,123.57,0.73,135.5,0.72,35.09,0.71,137.99,0.76,41.66,0.77,270.49,0.78,92.5,0.79,129.5,0.8,125.5,0.02,0.01,2368.32266,1776166320000
1776166322.523,122.523,0.24,276.8,0.23,102.49,0.22,35.5,0.21,165.5,0.2,131.5,0.26,178.57,0.27,15.0,0.28,20.09,0.29,93.99,0.3,199.0,0.74,178.57,0.73,15.0,0.72,20.09,0.71,93.99,0.7,199.0,0.76,276.8,0.77,102.49,0.78,35.5,0.79,165.5,0.8,131.5,0.02,0.02,2368.205877,1776166321000
1776166323.383,123.383,0.25,40.06,0.24,282.68,0.23,102.49,0.22,35.5,0.21,165.5,0.26,232.71,0.27,15.0,0.28,30.09,0.29,93.99,0.3,198.0,0.74,232.71,0.73,15.0,0.72,30.09,0.71,93.99,0.7,198.0,0.75,40.06,0.76,282.68,0.77,102.49,0.78,35.5,0.79,165.5,0.01,0.01,2368.268103,1776166322000
1776166324.101,124.101,0.25,1230.32,0.24,80.68,0.23,71.5,0.22,61.5,0.21,117.2,0.28,5.09,0.29,62.99,0.3,40.0,0.31,10.0,0.32,50.0,0.74,101.71,0.73,15.0,0.72,30.09,0.71,93.99,0.7,198.0,0.75,33.33,0.76,99.69,0.77,243.15,0.78,107.5,0.79,187.2,0.03,0.01,2368.268103,1776166322000
1776166324.511,124.511,0.36,843.49,0.35,47.0,0.34,20.5,0.33,55.5,0.32,30.5,0.37,19.18,0.41,5.0,0.42,12.93,0.43,60.0,0.44,35.0,0.67,35.0,0.66,75.0,0.65,60.0,0.64,35.0,0.63,80.54,0.72,1096.4,0.73,93.0,0.74,739.83,0.75,179.33,0.76,31.69,0.01,0.05,2368.268103,1776166322000
1776166324.751,124.751,0.46,8.14,0.45,80.0,0.44,10.0,0.43,10.0,0.42,10.0,0.47,25.0,0.48,5.09,0.49,5.09,0.5,30.0,0.51,68.67,0.57,25.0,0.56,35.0,0.54,110.0,0.53,25.0,0.52,5.09,0.59,10.0,0.6,128.5,0.61,20.5,0.62,354.33,0.63,53.51,0.01,0.02,2368.48715,1776166323000
1776166325.301,125.301,0.47,10.0,0.46,328.13,0.45,111.0,0.44,10.0,0.43,10.0,0.51,68.67,0.52,60.0,0.53,40.0,0.54,226.0,0.55,60.0,0.49,68.67,0.48,60.0,0.47,40.0,0.46,226.0,0.45,60.0,0.53,10.0,0.54,328.13,0.55,111.0,0.56,10.0,0.57,10.0,0.04,0.04,2368.555795,1776166324000
1776166325.534,125.534,0.5,350.59,0.49,41.0,0.48,80.0,0.47,20.0,0.46,73.64,0.51,138.67,0.52,160.0,0.53,140.0,0.54,220.0,0.55,167.0,0.49,133.67,0.48,160.0,0.47,140.0,0.46,227.0,0.45,170.0,0.5,282.99,0.51,41.0,0.52,80.0,0.53,15.0,0.54,58.14,0.01,0.01,2368.555795,1776166324000
1776166325.817,125.817,0.5,320.09,0.49,109.0,0.48,90.5,0.47,30.5,0.46,73.64,0.51,33.67,0.52,60.0,0.53,40.0,0.54,230.0,0.55,57.0,0.49,33.67,0.48,60.0,0.47,98.0,0.46,230.0,0.45,57.0,0.5,326.09,0.51,109.0,0.52,90.5,0.53,30.5,0.54,73.64,0.01,0.01,2368.555795,1776166324000
1776166326.392,126.392,0.5,374.09,0.49,46.0,0.48,95.5,0.47,25.5,0.46,73.64,0.51,36.67,0.52,60.0,0.53,40.0,0.54,220.0,0.55,50.0,0.49,33.67,0.48,60.0,0.47,40.0,0.46,230.0,0.45,57.0,0.5,320.09,0.51,109.0,0.52,90.5,0.53,30.5,0.54,73.64,0.01,0.01,2368.555795,1776166324000
1776166326.636,126.636,0.5,374.09,0.49,46.0,0.48,95.5,0.47,25.5,0.46,73.64,0.52,60.0,0.53,40.0,0.54,220.0,0.55,50.0,0.56,80.0,0.48,60.0,0.47,40.0,0.46,220.0,0.45,50.0,0.44,80.0,0.5,374.09,0.51,46.0,0.52,95.5,0.53,25.5,0.54,73.64,0.02,0.02,2369.619614,1776166325000
1776166326.916,126.916,0.51,304.49,0.5,113.6,0.49,15.0,0.48,90.5,0.47,31.5,0.52,80.0,0.53,40.0,0.54,220.0,0.55,50.0,0.56,80.0,0.48,80.0,0.47,40.0,0.46,220.0,0.45,50.0,0.44,80.0,0.49,309.49,0.5,113.6,0.51,15.0,0.52,90.5,0.53,36.5,0.01,0.01,2369.619614,1776166325000
1776166327.182,127.182,0.51,315.98,0.5,113.6,0.49,15.0,0.48,90.5,0.47,31.5,0.52,114.0,0.53,98.0,0.54,220.0,0.55,50.0,0.56,80.0,0.48,114.0,0.47,98.0,0.46,220.0,0.45,50.0,0.44,80.0,0.49,315.98,0.5,113.6,0.51,15.0,0.52,90.5,0.53,31.5,0.01,0.01,2369.907675,1776166326000
1776166327.442,127.442,0.51,170.14,0.5,31.1,0.49,20.5,0.48,25.5,0.47,20.5,0.52,265.0,0.53,110.0,0.54,220.0,0.55,60.5,0.56,77.0,0.48,207.0,0.47,110.0,0.46,220.0,0.45,60.5,0.44,77.0,0.49,12.58,0.5,31.1,0.51,20.5,0.52,205.49,0.53,46.49,0.01,0.01,2369.907675,1776166326000
1776166327.838,127.838,0.5,49.2,0.49,103.5,0.48,25.5,0.47,26.5,0.46,74.64,0.51,61.73,0.52,75.0,0.53,171.53,0.54,230.5,0.55,70.5,0.48,133.0,0.47,176.53,0.46,235.5,0.45,75.5,0.44,77.0,0.5,51.6,0.51,20.5,0.52,25.5,0.53,26.5,0.54,74.64,0.01,0.02,2369.907675,1776166326000
1776166328.197,128.197,0.49,22.33,0.48,41.5,0.47,10.5,0.46,23.64,0.45,85.0,0.5,128.5,0.51,51.5,0.52,85.5,0.53,189.03,0.54,235.5,0.49,72.23,0.48,85.5,0.47,182.03,0.46,237.5,0.45,60.5,0.5,2.69,0.51,35.0,0.52,10.5,0.53,20.5,0.54,68.64,0.01,0.01,2369.907675,1776166326000
1776166328.399,128.399,0.49,17.33,0.48,31.0,0.47,10.5,0.46,23.64,0.45,85.0,0.5,123.5,0.51,51.5,0.52,85.5,0.53,189.03,0.54,230.5,0.5,123.5,0.49,51.5,0.48,85.5,0.47,189.03,0.46,230.5,0.51,17.33,0.52,31.0,0.53,10.5,0.54,23.64,0.55,85.0,0.01,0.01,2370.122,1776166327000
1776166329.054,129.054,0.48,18.27,0.47,97.5,0.46,33.64,0.45,90.5,0.44,15.0,0.49,164.32,0.5,25.5,0.51,83.5,0.52,85.5,0.53,132.5,0.51,164.32,0.5,25.5,0.49,83.5,0.48,85.5,0.47,132.5,0.52,18.27,0.53,97.5,0.54,33.64,0.55,90.5,0.56,15.0,0.01,0.01,2370.12135,1776166328000
1776166329.482,129.482,0.47,24.33,0.46,102.5,0.45,90.5,0.44,10.0,0.43,10.0,0.48,67.0,0.49,83.71,0.5,127.5,0.51,25.5,0.52,91.5,0.51,97.5,0.5,20.5,0.49,78.5,0.48,90.5,0.47,127.5,0.53,82.47,0.54,33.64,0.55,100.5,0.56,10.0,0.57,16.0,0.01,0.02,2370.12135,1776166328000
1776166329.872,129.872,0.47,15.0,0.46,107.5,0.45,125.5,0.44,21.0,0.43,10.0,0.48,67.0,0.49,83.71,0.5,74.5,0.51,20.5,0.52,159.5,0.52,72.0,0.51,83.71,0.5,127.5,0.49,20.5,0.48,91.5,0.54,107.5,0.55,100.5,0.56,16.0,0.57,10.0,0.58,101.0,0.01,0.02,2370.12135,1776166328000
1776166330.182,130.182,0.47,203.99,0.46,117.5,0.45,125.5,0.44,21.0,0.43,10.0,0.48,46.37,0.49,25.5,0.5,74.5,0.51,20.5,0.52,154.5,0.52,61.79,0.51,83.71,0.5,74.5,0.49,20.5,0.48,159.5,0.53,10.0,0.54,112.5,0.55,125.5,0.56,21.0,0.57,10.0,0.01,0.01,2370.12135,1776166328000
1776166330.601,130.601,0.46,10.0,0.45,126.33,0.44,38.0,0.43,50.0,0.42,105.0,0.48,113.4,0.49,25.5,0.5,75.5,0.51,25.5,0.52,90.5,0.52,19.9,0.51,25.5,0.5,74.5,0.49,78.5,0.48,96.5,0.53,210.72,0.54,117.5,0.55,125.5,0.56,21.0,0.57,10.0,0.02,0.01,2370.096705,1776166329000
1776166331.209,131.209,0.46,10.0,0.45,126.33,0.44,38.0,0.43,50.0,0.42,105.0,0.48,113.4,0.49,25.5,0.5,75.5,0.51,25.5,0.52,90.5,0.52,113.4,0.51,25.5,0.5,75.5,0.49,25.5,0.48,90.5,0.54,10.0,0.55,126.33,0.56,38.0,0.57,50.0,0.58,105.0,0.02,0.02,2369.976243,1776166330000
1776166332.002,132.002,0.4,61.86,0.39,105.0,0.38,35.0,0.37,58.84,0.36,260.0,0.42,26.5,0.43,136.5,0.44,25.5,0.45,31.5,0.46,76.5,0.52,113.4,0.51,25.5,0.5,75.5,0.49,25.5,0.48,90.5,0.54,10.0,0.55,126.33,0.56,38.0,0.57,50.0,0.58,105.0,0.02,0.02,2369.976243,1776166330000
1776166332.236,132.236,0.4,114.5,0.39,105.0,0.38,35.0,0.37,74.84,0.36,270.0,0.41,63.5,0.42,36.5,0.43,35.5,0.44,30.5,0.45,61.5,0.59,10.0,0.58,41.5,0.57,55.5,0.56,35.5,0.55,36.5,0.6,116.84,0.61,105.0,0.62,35.0,0.63,58.84,0.64,260.0,0.01,0.01,2369.976243,1776166330000
1776166332.437,132.437,0.4,37.52,0.39,110.0,0.38,35.0,0.37,69.84,0.36,260.0,0.41,68.25,0.42,46.5,0.43,35.5,0.44,88.5,0.45,71.5,0.59,68.25,0.58,46.5,0.57,35.5,0.56,88.5,0.55,71.5,0.6,39.5,0.61,110.0,0.62,35.0,0.63,69.84,0.64,260.0,0.01,0.01,2369.92036,1776166331000
1776166333.026,133.026,0.39,85.0,0.38,93.0,0.37,79.84,0.36,280.5,0.35,145.0,0.4,48.5,0.41,33.05,0.42,61.5,0.43,35.5,0.44,30.5,0.59,61.05,0.58,46.5,0.57,35.5,0.56,30.5,0.55,71.5,0.6,4.31,0.61,110.0,0.62,93.0,0.63,69.84,0.64,260.0,0.01,0.01,2369.92036,1776166331000
1776166333.251,133.251,0.39,146.0,0.38,35.0,0.37,79.84,0.36,280.5,0.35,145.0,0.4,32.5,0.41,28.05,0.42,51.5,0.43,35.5,0.44,30.5,0.6,22.0,0.59,33.05,0.58,51.5,0.57,35.5,0.56,30.5,0.61,90.0,0.62,93.0,0.63,79.84,0.64,280.5,0.65,145.0,0.01,0.01,2369.92036,1776166331000
1776166333.535,133.535,0.39,146.0,0.38,35.0,0.37,69.84,0.36,270.0,0.35,140.0,0.4,45.5,0.41,28.05,0.42,51.5,0.43,93.5,0.44,30.5,0.6,32.5,0.59,28.05,0.58,51.5,0.57,35.5,0.56,30.5,0.61,146.0,0.62,35.0,0.63,79.84,0.64,280.5,0.65,145.0,0.01,0.01,2369.6657,1776166332000
1776166334.083,134.083,0.39,13.36,0.38,93.0,0.37,48.51,0.36,260.83,0.35,171.0,0.4,71.5,0.41,28.05,0.42,51.5,0.43,30.5,0.44,30.5,0.6,45.5,0.59,28.05,0.58,51.5,0.57,93.5,0.56,30.5,0.61,146.0,0.62,35.0,0.63,69.84,0.64,270.0,0.65,140.0,0.01,0.01,2369.6657,1776166332000
1776166334.334,134.334,0.39,13.36,0.38,93.0,0.37,48.51,0.36,260.83,0.35,171.0,0.4,71.5,0.41,28.05,0.42,51.5,0.43,30.5,0.44,30.5,0.6,71.5,0.59,28.05,0.58,51.5,0.57,30.5,0.56,30.5,0.61,13.36,0.62,93.0,0.63,48.51,0.64,260.83,0.65,171.0,0.01,0.01,2369.434347,1776166333000
1776166335.321,135.321,0.39,13.36,0.38,93.0,0.37,48.51,0.36,260.83,0.35,171.0,0.4,71.5,0.41,28.05,0.42,51.5,0.43,30.5,0.44,30.5,0.6,71.5,0.59,28.05,0.58,51.5,0.57,30.5,0.56,30.5,0.61,13.36,0.62,93.0,0.63,48.51,0.64,260.83,0.65,171.0,0.01,0.01,2369.409785,1776166334000
1776166335.992,135.992,0.39,21.72,0.38,93.0,0.37,45.0,0.36,260.83,0.35,171.0,0.4,50.5,0.41,53.05,0.42,61.5,0.43,30.5,0.44,55.5,0.6,71.5,0.59,28.05,0.58,51.5,0.57,30.5,0.56,30.5,0.61,13.36,0.62,93.0,0.63,48.51,0.64,260.83,0.65,171.0,0.01,0.01,2369.409785,1776166334000
1776166336.253,136.253,0.39,21.72,0.38,93.0,0.37,45.0,0.36,260.83,0.35,171.0,0.4,50.5,0.41,53.05,0.42,61.5,0.43,30.5,0.44,55.5,0.6,50.5,0.59,53.05,0.58,61.5,0.57,30.5,0.56,55.5,0.61,21.72,0.62,93.0,0.63,45.0,0.64,260.83,0.65,171.0,0.01,0.01,2369.35443,1776166335000
1776166337.058,137.058,0.38,96.54,0.37,50.0,0.36,282.83,0.35,176.0,0.34,59.0,0.4,60.5,0.41,58.05,0.42,66.5,0.43,93.5,0.44,60.5,0.6,45.5,0.59,58.05,0.58,61.5,0.57,88.5,0.56,55.5,0.61,11.7,0.62,93.0,0.63,45.0,0.64,277.83,0.65,171.0,0.02,0.01,2369.35443,1776166335000
1776166337.314,137.314,0.38,96.54,0.37,50.0,0.36,282.83,0.35,176.0,0.34,59.0,0.4,60.5,0.41,58.05,0.42,66.5,0.43,93.5,0.44,60.5,0.6,60.5,0.59,58.05,0.58,66.5,0.57,93.5,0.56,60.5,0.62,96.54,0.63,50.0,0.64,282.83,0.65,176.0,0.66,59.0,0.02,0.02,2369.34326,1776166336000
1776166338.0,138.0,0.38,103.48,0.37,50.0,0.36,282.83,0.35,176.0,0.34,59.0,0.39,26.5,0.4,45.5,0.41,64.05,0.42,60.5,0.43,93.5,0.6,60.5,0.59,58.05,0.58,66.5,0.57,93.5,0.56,60.5,0.62,96.54,0.63,50.0,0.64,282.83,0.65,176.0,0.66,59.0,0.01,0.02,2369.34326,1776166336000
1776166338.336,138.336,0.38,103.48,0.37,50.0,0.36,282.83,0.35,176.0,0.34,59.0,0.39,26.5,0.4,45.5,0.41,64.05,0.42,60.5,0.43,93.5,0.61,26.5,0.6,45.5,0.59,64.05,0.58,60.5,0.57,93.5,0.62,103.48,0.63,50.0,0.64,282.83,0.65,176.0,0.66,59.0,0.01,0.01,2369.35878,1776166337000
1776166339.361,139.361,0.38,103.48,0.37,50.0,0.36,282.83,0.35,176.0,0.34,59.0,0.39,26.5,0.4,45.5,0.41,64.05,0.42,60.5,0.43,93.5,0.61,26.5,0.6,45.5,0.59,64.05,0.58,60.5,0.57,93.5,0.62,103.48,0.63,50.0,0.64,282.83,0.65,176.0,0.66,59.0,0.01,0.01,2369.361665,1776166338000
1776166339.79,139.79,0.38,78.48,0.37,60.5,0.36,255.5,0.35,165.0,0.34,88.0,0.39,51.37,0.4,40.5,0.41,54.05,0.42,118.5,0.43,35.5,0.61,26.5,0.6,45.5,0.59,64.05,0.58,60.5,0.57,93.5,0.62,103.48,0.63,50.0,0.64,282.83,0.65,176.0,0.66,59.0,0.01,0.01,2369.361665,1776166338000
1776166340.178,140.178,0.39,25.0,0.38,90.6,0.37,60.5,0.36,409.5,0.35,188.0,0.4,5.84,0.41,63.55,0.42,45.5,0.43,46.5,0.44,152.5,0.6,0.84,0.59,48.55,0.58,35.5,0.57,41.5,0.56,45.5,0.62,95.6,0.63,60.5,0.64,316.5,0.65,188.0,0.66,41.0,0.01,0.02,2369.361665,1776166338000
1776166340.669,140.669,0.38,38.88,0.37,118.5,0.36,409.5,0.35,198.5,0.34,41.0,0.39,10.0,0.4,30.5,0.41,63.55,0.42,45.5,0.43,46.5,0.6,5.84,0.59,63.55,0.58,45.5,0.57,46.5,0.56,152.5,0.61,25.0,0.62,90.6,0.63,60.5,0.64,409.5,0.65,188.0,0.01,0.01,2369.36865,1776166339000
1776166341.26,141.26,0.38,38.88,0.37,118.5,0.36,409.5,0.35,198.5,0.34,41.0,0.39,10.0,0.4,30.5,0.41,63.55,0.42,45.5,0.43,46.5,0.61,10.0,0.6,30.5,0.59,63.55,0.58,45.5,0.57,46.5,0.62,38.88,0.63,118.5,0.64,409.5,0.65,198.5,0.66,41.0,0.01,0.01,2369.366685,1776166340000
1776166341.617,141.617,0.42,84.5,0.41,170.5,0.4,48.5,0.39,106.5,0.38,44.88,0.43,1.53,0.44,79.0,0.45,65.5,0.46,20.0,0.47,35.0,0.61,10.0,0.6,30.5,0.59,63.55,0.58,45.5,0.57,46.5,0.62,38.88,0.63,118.5,0.64,409.5,0.65,198.5,0.66,41.0,0.01,0.01,2369.366685,1776166340000
1776166342.214,142.214,0.42,126.0,0.41,117.5,0.4,58.5,0.39,111.5,0.38,44.88,0.43,8.73,0.44,89.5,0.45,65.5,0.46,20.0,0.47,93.0,0.57,1.53,0.56,79.0,0.55,65.5,0.54,20.0,0.53,35.0,0.58,84.5,0.59,170.5,0.6,48.5,0.61,106.5,0.62,44.88,0.01,0.01,2369.366685,1776166340000
1776166343.437,143.437,0.42,126.0,0.41,117.5,0.4,58.5,0.39,111.5,0.38,44.88,0.43,8.73,0.44,89.5,0.45,65.5,0.46,20.0,0.47,93.0,0.57,8.73,0.56,89.5,0.55,65.5,0.54,20.0,0.53,93.0,0.58,126.0,0.59,117.5,0.6,58.5,0.61,111.5,0.62,44.88,0.01,0.01,2369.38842,1776166342000
1776166343.984,143.984,0.42,126.0,0.41,117.5,0.4,58.5,0.39,111.5,0.38,44.88,0.43,8.73,0.44,89.5,0.45,65.5,0.46,20.0,0.47,93.0,0.57,8.73,0.56,89.5,0.55,65.5,0.54,20.0,0.53,93.0,0.58,126.0,0.59,117.5,0.6,58.5,0.61,111.5,0.62,44.88,0.01,0.01,2369.561035,1776166343000
1776166344.353,144.353,0.39,1.96,0.38,25.0,0.37,50.0,0.36,295.0,0.35,101.0,0.43,174.23,0.44,169.5,0.45,70.5,0.46,25.0,0.47,31.0,0.57,8.73,0.56,89.5,0.55,65.5,0.54,20.0,0.53,93.0,0.58,126.0,0.59,117.5,0.6,58.5,0.61,111.5,0.62,44.88,0.04,0.01,2369.561035,1776166343000
1776166344.708,144.708,0.43,15.0,0.42,35.0,0.41,103.0,0.4,42.0,0.39,21.0,0.44,49.0,0.45,55.0,0.46,10.0,0.47,30.0,0.48,50.0,0.61,21.0,0.6,20.0,0.59,25.0,0.57,28.2,0.56,69.0,0.62,20.17,0.63,25.0,0.64,295.0,0.65,101.0,0.66,118.0,0.01,0.01,2369.561035,1776166343000
1776166344.915,144.915,0.44,10.0,0.43,10.0,0.42,131.0,0.41,183.0,0.4,85.0,0.45,21.85,0.46,15.0,0.47,30.0,0.48,45.0,0.49,36.09,0.55,30.0,0.54,10.0,0.53,30.0,0.52,50.0,0.51,36.09,0.57,22.0,0.58,61.0,0.59,87.0,0.6,15.0,0.61,21.0,0.01,0.02,2369.561035,1776166343000
1776166345.411,145.411,0.44,123.23,0.43,61.5,0.42,110.5,0.41,145.0,0.4,135.5,0.45,1.26,0.47,10.0,0.48,35.0,0.49,25.09,0.5,95.09,0.55,21.85,0.54,15.0,0.53,30.0,0.52,45.0,0.51,36.09,0.56,7.73,0.57,5.0,0.58,131.0,0.59,183.0,0.6,85.0,0.01,0.01,2369.546375,1776166344000
1776166345.743,145.743,0.46,200.59,0.45,68.5,0.44,38.23,0.43,65.5,0.42,25.0,0.48,25.0,0.49,5.09,0.5,75.09,0.51,10.18,0.52,80.0,0.55,1.26,0.53,10.0,0.52,35.0,0.51,25.09,0.5,95.09,0.56,123.23,0.57,61.5,0.58,110.5,0.59,145.0,0.6,135.5,0.02,0.01,2369.546375,1776166344000
1776166345.943,145.943,0.47,418.0,0.46,282.59,0.45,46.5,0.44,38.23,0.43,70.5,0.49,1.43,0.5,75.09,0.51,10.18,0.52,80.0,0.53,70.0,0.51,1.43,0.5,75.09,0.49,10.18,0.48,80.0,0.47,70.0,0.53,418.0,0.54,282.59,0.55,46.5,0.56,38.23,0.57,70.5,0.02,0.02,2369.546375,1776166344000
1776166346.586,146.586,0.5,293.16,0.49,60.5,0.48,100.5,0.47,40.5,0.46,199.59,0.51,0.56,0.52,85.0,0.53,70.0,0.54,265.0,0.55,120.0,0.49,7.53,0.48,80.0,0.47,70.0,0.46,265.0,0.45,120.0,0.5,29.16,0.51,25.5,0.52,191.5,0.53,97.5,0.54,262.59,0.01,0.01,2369.498605,1776166345000
1776166346.896,146.896,0.5,287.16,0.49,70.5,0.48,110.5,0.47,40.5,0.46,199.59,0.51,0.56,0.52,85.0,0.53,70.0,0.54,265.0,0.55,120.0,0.49,0.56,0.48,85.0,0.47,70.0,0.46,265.0,0.45,120.0,0.5,293.16,0.51,60.5,0.52,100.5,0.53,40.5,0.54,199.59,0.01,0.01,2369.498605,1776166345000
1776166347.975,147.975,0.5,287.16,0.49,70.5,0.48,110.5,0.47,40.5,0.46,199.59,0.51,0.56,0.52,85.0,0.53,70.0,0.54,265.0,0.55,120.0,0.49,0.56,0.48,85.0,0.47,70.0,0.46,265.0,0.45,120.0,0.5,287.16,0.51,70.5,0.52,110.5,0.53,40.5,0.54,199.59,0.01,0.01,2369.89602,1776166347000
1776166348.758,148.758,0.5,243.16,0.49,70.5,0.48,160.5,0.47,90.5,0.46,199.59,0.51,10.56,0.52,85.0,0.53,70.0,0.54,323.0,0.55,120.0,0.49,0.56,0.48,85.0,0.47,70.0,0.46,265.0,0.45,120.0,0.5,287.16,0.51,70.5,0.52,110.5,0.53,40.5,0.54,199.59,0.01,0.01,2369.89602,1776166347000
1776166349.973,149.973,0.5,243.16,0.49,70.5,0.48,160.5,0.47,90.5,0.46,199.59,0.51,10.56,0.52,85.0,0.53,70.0,0.54,323.0,0.55,120.0,0.49,10.56,0.48,85.0,0.47,70.0,0.46,323.0,0.45,120.0,0.5,243.16,0.51,70.5,0.52,160.5,0.53,90.5,0.54,199.59,0.01,0.01,2370.16137,1776166349000
1776166350.813,150.813,0.5,20.16,0.49,20.5,0.48,140.5,0.47,174.5,0.46,198.59,0.51,47.76,0.52,105.5,0.53,85.5,0.54,350.5,0.55,122.0,0.49,10.56,0.48,85.0,0.47,70.0,0.46,323.0,0.45,120.0,0.5,243.16,0.51,70.5,0.52,160.5,0.53,90.5,0.54,199.59,0.01,0.01,2370.16137,1776166349000
1776166351.928,151.928,0.5,7.26,0.49,20.5,0.48,140.5,0.47,174.5,0.46,198.59,0.51,47.76,0.52,163.5,0.53,85.5,0.54,350.5,0.55,122.0,0.49,47.76,0.48,163.5,0.47,85.5,0.46,350.5,0.45,122.0,0.5,7.26,0.51,20.5,0.52,140.5,0.53,174.5,0.54,198.59,0.01,0.01,2370.11609,1776166351000
1776166352.921,152.921,0.48,55.0,0.47,55.0,0.46,76.09,0.45,5.0,0.44,32.91,0.49,427.5,0.5,129.5,0.51,98.26,0.52,102.5,0.53,85.5,0.49,47.76,0.48,163.5,0.47,85.5,0.46,350.5,0.45,122.0,0.5,7.26,0.51,20.5,0.52,140.5,0.53,174.5,0.54,198.59,0.01,0.01,2370.11609,1776166351000
1776166353.23,153.23,0.47,58.0,0.46,18.09,0.45,5.0,0.44,32.91,0.43,30.0,0.48,20.0,0.49,45.5,0.5,45.5,0.51,211.26,0.52,102.5,0.51,427.5,0.5,129.5,0.49,98.26,0.48,102.5,0.47,85.5,0.52,55.0,0.53,55.0,0.54,76.09,0.55,5.0,0.56,32.91,0.01,0.01,2370.09091,1776166352000
1776166353.954,153.954,0.47,58.0,0.46,18.09,0.45,5.0,0.44,32.91,0.43,30.0,0.48,20.0,0.49,45.5,0.5,45.5,0.51,211.26,0.52,102.5,0.52,20.0,0.51,45.5,0.5,45.5,0.49,211.26,0.48,102.5,0.53,58.0,0.54,18.09,0.55,5.0,0.56,32.91,0.57,30.0,0.01,0.01,2370.00832,1776166353000
1776166354.601,154.601,0.46,3.09,0.45,5.0,0.44,12.91,0.43,30.5,0.42,48.0,0.47,75.5,0.48,65.5,0.49,40.5,0.5,51.5,0.51,153.26,0.52,20.0,0.51,45.5,0.5,45.5,0.49,211.26,0.48,102.5,0.53,58.0,0.54,18.09,0.55,5.0,0.56,32.91,0.57,30.0,0.01,0.01,2370.00832,1776166353000
1776166354.947,154.947,0.43,26.6,0.42,48.0,0.41,112.0,0.4,206.0,0.39,156.1,0.46,6.91,0.47,75.5,0.48,65.5,0.49,40.5,0.5,51.5,0.54,6.91,0.53,75.5,0.52,65.5,0.51,40.5,0.5,51.5,0.57,26.6,0.58,48.0,0.59,112.0,0.6,206.0,0.61,156.1,0.03,0.03,2369.819614,1776166354000
1776166356.355,156.355,0.44,8.05,0.43,26.6,0.42,48.0,0.41,112.0,0.4,216.0,0.46,62.41,0.47,70.5,0.48,55.5,0.49,45.5,0.5,51.5,0.54,62.41,0.53,70.5,0.52,55.5,0.51,45.5,0.5,51.5,0.56,8.05,0.57,26.6,0.58,48.0,0.59,112.0,0.6,216.0,0.02,0.02,2369.777799,1776166355000
1776166356.699,156.699,0.49,35.5,0.48,286.07,0.47,65.5,0.46,40.5,0.45,125.5,0.51,10.0,0.52,90.0,0.53,70.0,0.54,315.0,0.55,140.0,0.54,62.41,0.53,70.5,0.52,55.5,0.51,45.5,0.5,51.5,0.56,8.05,0.57,26.6,0.58,48.0,0.59,112.0,0.6,216.0,0.02,0.02,2369.777799,1776166355000
1776166357.057,157.057,0.5,104.41,0.49,95.5,0.48,140.07,0.47,45.5,0.46,76.5,0.51,19.9,0.52,90.0,0.53,80.5,0.54,325.5,0.55,145.0,0.49,9.9,0.48,95.0,0.47,70.0,0.46,325.5,0.45,140.0,0.5,25.5,0.51,100.5,0.52,124.07,0.53,40.5,0.54,40.5,0.01,0.01,2369.777799,1776166355000
1776166357.674,157.674,0.5,104.41,0.49,95.5,0.48,140.07,0.47,45.5,0.46,76.5,0.51,19.9,0.52,90.0,0.53,80.5,0.54,325.5,0.55,145.0,0.49,19.9,0.48,90.0,0.47,80.5,0.46,325.5,0.45,145.0,0.5,104.41,0.51,95.5,0.52,140.07,0.53,45.5,0.54,76.5,0.01,0.01,2369.889076,1776166356000
1776166357.977,157.977,0.51,127.5,0.5,133.5,0.49,61.5,0.48,72.07,0.47,45.5,0.52,20.0,0.53,70.0,0.54,325.5,0.55,140.0,0.56,140.0,0.49,19.9,0.48,90.0,0.47,80.5,0.46,325.5,0.45,145.0,0.5,104.41,0.51,95.5,0.52,140.07,0.53,45.5,0.54,76.5,0.01,0.01,2369.889076,1776166356000
1776166358.207,158.207,0.51,127.5,0.5,133.5,0.49,61.5,0.48,72.07,0.47,45.5,0.52,20.0,0.53,70.0,0.54,325.5,0.55,140.0,0.56,140.0,0.48,20.0,0.47,70.0,0.46,325.5,0.45,140.0,0.44,140.0,0.49,127.5,0.5,133.5,0.51,61.5,0.52,72.07,0.53,45.5,0.01,0.01,2369.889106,1776166357000
1776166358.482,158.482,0.52,69.25,0.51,70.5,0.5,40.5,0.49,121.5,0.48,147.07,0.53,60.0,0.54,315.0,0.55,155.5,0.56,150.5,0.57,170.0,0.48,20.0,0.47,70.0,0.46,325.5,0.45,140.0,0.44,140.0,0.49,127.5,0.5,133.5,0.51,61.5,0.52,72.07,0.53,45.5,0.01,0.01,2369.889106,1776166357000
1776166358.938,158.938,0.52,64.16,0.51,90.5,0.5,45.59,0.49,179.5,0.48,197.07,0.53,60.0,0.54,320.0,0.55,155.5,0.56,150.5,0.57,170.0,0.47,60.0,0.46,315.0,0.45,155.5,0.44,150.5,0.43,170.0,0.48,69.25,0.49,70.5,0.5,40.5,0.51,121.5,0.52,147.07,0.01,0.01,2369.889106,1776166357000
1776166359.514,159.514,0.52,64.16,0.51,90.5,0.5,45.59,0.49,179.5,0.48,197.07,0.53,60.0,0.54,320.0,0.55,155.5,0.56,150.5,0.57,170.0,0.47,60.0,0.46,320.0,0.45,155.5,0.44,150.5,0.43,170.0,0.48,64.16,0.49,90.5,0.5,45.59,0.51,179.5,0.52,197.07,0.01,0.01,2370.130762,1776166358000
1776166360.092,160.092,0.52,64.16,0.51,90.5,0.5,45.59,0.49,179.5,0.48,197.07,0.53,60.0,0.54,320.0,0.55,155.5,0.56,150.5,0.57,170.0,0.47,60.0,0.46,320.0,0.45,155.5,0.44,150.5,0.43,170.0,0.48,64.16,0.49,90.5,0.5,45.59,0.51,179.5,0.52,197.07,0.01,0.01,2370.0678,1776166359000
1776166361.308,161.308,0.52,64.16,0.51,90.5,0.5,45.59,0.49,179.5,0.48,197.07,0.53,60.0,0.54,320.0,0.55,155.5,0.56,150.5,0.57,170.0,0.47,60.0,0.46,320.0,0.45,155.5,0.44,150.5,0.43,170.0,0.48,64.16,0.49,90.5,0.5,45.59,0.51,179.5,0.52,197.07,0.01,0.01,2370.17902,1776166360000
1776166362.031,162.031,0.52,88.96,0.51,70.5,0.5,70.59,0.49,130.5,0.48,196.4,0.53,55.0,0.54,325.0,0.55,140.0,0.56,155.5,0.57,177.0,0.47,65.0,0.46,325.0,0.45,145.0,0.44,155.5,0.43,177.0,0.48,91.41,0.49,70.5,0.5,60.59,0.51,130.5,0.52,182.0,0.01,0.01,2370.17902,1776166360000
1776166362.534,162.534,0.52,88.96,0.51,70.5,0.5,70.59,0.49,130.5,0.48,196.4,0.53,55.0,0.54,325.0,0.55,140.0,0.56,155.5,0.57,177.0,0.47,55.0,0.46,325.0,0.45,140.0,0.44,155.5,0.43,177.0,0.48,88.96,0.49,70.5,0.5,70.59,0.51,130.5,0.52,196.4,0.01,0.01,2370.153435,1776166361000
1776166363.088,163.088,0.52,88.96,0.51,70.5,0.5,70.59,0.49,130.5,0.48,196.4,0.53,55.0,0.54,325.0,0.55,140.0,0.56,155.5,0.57,177.0,0.47,55.0,0.46,325.0,0.45,140.0,0.44,155.5,0.43,177.0,0.48,88.96,0.49,70.5,0.5,70.59,0.51,130.5,0.52,196.4,0.01,0.01,2370.15231,1776166362000
1776166364.209,164.209,0.52,125.96,0.51,85.5,0.5,45.59,0.49,160.9,0.48,182.4,0.54,305.0,0.55,140.0,0.56,140.0,0.57,165.0,0.58,235.0,0.46,305.0,0.45,140.0,0.44,140.0,0.43,165.0,0.42,235.0,0.48,125.96,0.49,85.5,0.5,45.59,0.51,160.9,0.52,182.4,0.02,0.02,2370.15229,1776166363000
1776166365.344,165.344,0.52,125.96,0.51,85.5,0.5,45.59,0.49,160.9,0.48,182.4,0.54,305.0,0.55,140.0,0.56,140.0,0.57,165.0,0.58,235.0,0.46,305.0,0.45,140.0,0.44,140.0,0.43,165.0,0.42,235.0,0.48,125.96,0.49,85.5,0.5,45.59,0.51,160.9,0.52,182.4,0.02,0.02,2370.163775,1776166364000
1776166365.945,165.945,0.52,125.96,0.51,85.5,0.5,45.59,0.49,160.9,0.48,182.4,0.54,305.0,0.55,140.0,0.56,140.0,0.57,165.0,0.58,235.0,0.46,305.0,0.45,140.0,0.44,140.0,0.43,165.0,0.42,235.0,0.48,125.96,0.49,85.5,0.5,45.59,0.51,160.9,0.52,182.4,0.02,0.02,2370.170735,1776166365000
1776166367.06,167.06,0.52,125.96,0.51,85.5,0.5,45.59,0.49,160.9,0.48,182.4,0.54,305.0,0.55,140.0,0.56,140.0,0.57,165.0,0.58,235.0,0.46,305.0,0.45,140.0,0.44,140.0,0.43,165.0,0.42,235.0,0.48,125.96,0.49,85.5,0.5,45.59,0.51,160.9,0.52,182.4,0.02,0.02,2370.226415,1776166366000
1776166368.226,168.226,0.52,125.96,0.51,85.5,0.5,45.59,0.49,160.9,0.48,182.4,0.54,305.0,0.55,140.0,0.56,140.0,0.57,165.0,0.58,235.0,0.46,305.0,0.45,140.0,0.44,140.0,0.43,165.0,0.42,235.0,0.48,125.96,0.49,85.5,0.5,45.59,0.51,160.9,0.52,182.4,0.02,0.02,2370.18472,1776166367000
1776166368.58,168.58,0.53,15.31,0.52,100.96,0.51,85.5,0.5,45.59,0.49,125.4,0.54,326.0,0.55,165.5,0.56,110.5,0.57,175.5,0.58,235.0,0.46,305.0,0.45,140.0,0.44,140.0,0.43,165.0,0.42,235.0,0.48,125.96,0.49,85.5,0.5,45.59,0.51,160.9,0.52,182.4,0.01,0.02,2370.18472,1776166367000
1776166369.081,169.081,0.53,3.64,0.52,100.96,0.51,95.5,0.5,45.59,0.49,125.4,0.54,321.0,0.55,165.5,0.56,110.5,0.57,233.5,0.58,235.0,0.46,326.0,0.45,165.5,0.44,110.5,0.43,175.5,0.42,235.0,0.47,15.31,0.48,100.96,0.49,85.5,0.5,45.59,0.51,125.4,0.01,0.01,2370.18472,1776166367000
1776166369.361,169.361,0.52,77.35,0.51,95.5,0.5,45.59,0.49,125.4,0.48,202.4,0.54,316.0,0.55,165.5,0.56,110.5,0.57,233.5,0.58,235.0,0.46,316.0,0.45,165.5,0.44,110.5,0.43,233.5,0.42,235.0,0.48,77.35,0.49,95.5,0.5,45.59,0.51,125.4,0.52,202.4,0.02,0.02,2370.17666,1776166368000
1776166370.102,170.102,0.52,77.35,0.51,85.5,0.5,55.59,0.49,125.4,0.48,177.4,0.53,28.09,0.54,326.0,0.55,160.5,0.56,110.5,0.57,238.5,0.46,316.0,0.45,165.5,0.44,110.5,0.43,233.5,0.42,235.0,0.48,77.35,0.49,95.5,0.5,45.59,0.51,125.4,0.52,202.4,0.01,0.02,2370.17666,1776166368000
1776166370.45,170.45,0.52,77.35,0.51,85.5,0.5,55.59,0.49,125.4,0.48,177.4,0.53,28.09,0.54,326.0,0.55,160.5,0.56,110.5,0.57,238.5,0.47,28.09,0.46,326.0,0.45,160.5,0.44,110.5,0.43,238.5,0.48,77.35,0.49,85.5,0.5,55.59,0.51,125.4,0.52,177.4,0.01,0.01,2370.175545,1776166369000
1776166370.655,170.655,0.48,25.75,0.47,25.0,0.45,68.0,0.44,15.0,0.43,15.0,0.49,10.0,0.5,20.5,0.51,148.5,0.52,114.5,0.53,63.59,0.49,118.5,0.48,114.5,0.47,63.59,0.46,340.5,0.45,160.5,0.52,37.29,0.53,25.0,0.55,68.0,0.56,15.0,0.57,15.0,0.01,0.03,2370.175545,1776166369000
1776166370.96,170.96,0.45,0.75,0.43,10.0,0.42,30.0,0.41,76.0,0.4,107.0,0.49,45.5,0.5,32.5,0.51,159.5,0.52,56.5,0.53,45.5,0.51,10.0,0.5,20.5,0.49,148.5,0.48,114.5,0.47,63.59,0.52,25.75,0.53,25.0,0.55,68.0,0.56,15.0,0.57,15.0,0.04,0.01,2370.175545,1776166369000
1776166371.353,171.353,0.43,10.0,0.42,30.0,0.41,76.0,0.4,107.0,0.39,130.0,0.44,9.25,0.46,10.0,0.49,45.5,0.5,32.5,0.51,101.5,0.56,9.25,0.54,10.0,0.51,45.5,0.5,32.5,0.49,101.5,0.57,10.0,0.58,30.0,0.59,76.0,0.6,107.0,0.61,130.0,0.01,0.01,2370.175525,1776166370000
1776166372.111,172.111,0.42,103.94,0.41,65.5,0.4,127.0,0.39,182.0,0.38,115.3,0.44,34.25,0.45,30.0,0.46,50.5,0.47,35.5,0.48,105.5,0.56,9.25,0.54,10.0,0.51,45.5,0.5,32.5,0.49,101.5,0.57,10.0,0.58,30.0,0.59,76.0,0.6,107.0,0.61,130.0,0.02,0.01,2370.175525,1776166370000
1776166372.37,172.37,0.42,103.94,0.41,65.5,0.4,127.0,0.39,182.0,0.38,115.3,0.44,34.25,0.45,30.0,0.46,50.5,0.47,35.5,0.48,105.5,0.56,34.25,0.55,30.0,0.54,50.5,0.53,35.5,0.52,105.5,0.58,103.94,0.59,65.5,0.6,127.0,0.61,182.0,0.62,115.3,0.02,0.02,2370.023322,1776166371000
1776166372.871,172.871,0.42,103.94,0.41,65.5,0.4,127.0,0.39,182.0,0.38,115.3,0.44,34.25,0.45,30.0,0.46,50.5,0.47,35.5,0.48,105.5,0.56,34.25,0.55,30.0,0.54,50.5,0.53,35.5,0.52,105.5,0.58,103.94,0.59,65.5,0.6,127.0,0.61,182.0,0.62,115.3,0.02,0.02,2369.973196,1776166372000
1776166373.329,173.329,0.43,116.58,0.42,50.94,0.41,75.5,0.4,131.0,0.39,185.0,0.44,34.25,0.45,35.09,0.46,50.0,0.47,35.5,0.48,163.5,0.56,34.25,0.55,30.0,0.54,50.5,0.53,35.5,0.52,105.5,0.58,103.94,0.59,65.5,0.6,127.0,0.61,182.0,0.62,115.3,0.01,0.02,2369.973196,1776166372000
1776166374.009,174.009,0.43,116.58,0.42,50.94,0.41,75.5,0.4,131.0,0.39,185.0,0.44,34.25,0.45,35.09,0.46,50.0,0.47,35.5,0.48,163.5,0.56,34.25,0.55,35.09,0.54,50.0,0.53,35.5,0.52,163.5,0.57,116.58,0.58,50.94,0.59,75.5,0.6,131.0,0.61,185.0,0.01,0.01,2369.829165,1776166373000
1776166374.958,174.958,0.43,116.58,0.42,50.94,0.41,75.5,0.4,131.0,0.39,185.0,0.44,34.25,0.45,35.09,0.46,50.0,0.47,35.5,0.48,163.5,0.56,34.25,0.55,35.09,0.54,50.0,0.53,35.5,0.52,163.5,0.57,116.58,0.58,50.94,0.59,75.5,0.6,131.0,0.61,185.0,0.01,0.01,2369.926734,1776166374000
1776166376.035,176.035,0.43,168.58,0.42,80.94,0.41,90.5,0.4,115.0,0.39,165.1,0.46,5.08,0.47,10.0,0.48,10.0,0.49,35.0,0.5,65.5,0.56,34.25,0.55,35.09,0.54,50.0,0.53,35.5,0.52,163.5,0.57,116.58,0.58,50.94,0.59,75.5,0.6,131.0,0.61,185.0,0.03,0.01,2369.926734,1776166374000
1776166376.929,176.929,0.43,168.58,0.42,80.94,0.41,90.5,0.4,115.0,0.39,165.1,0.47,9.97,0.48,10.0,0.49,35.0,0.5,65.5,0.51,173.68,0.53,9.97,0.52,10.0,0.51,35.0,0.5,65.5,0.49,173.68,0.57,168.58,0.58,80.94,0.59,90.5,0.6,115.0,0.61,165.1,0.04,0.04,2369.936991,1776166376000
1776166378.016,178.016,0.43,168.58,0.42,80.94,0.41,90.5,0.4,115.0,0.39,165.1,0.47,9.97,0.48,10.0,0.49,35.0,0.5,65.5,0.51,173.68,0.53,9.97,0.52,10.0,0.51,35.0,0.5,65.5,0.49,173.68,0.57,168.58,0.58,80.94,0.59,90.5,0.6,115.0,0.61,165.1,0.04,0.04,2369.823535,1776166377000
1776166378.963,178.963,0.42,2.67,0.41,77.0,0.4,157.0,0.39,213.0,0.38,100.0,0.43,50.5,0.44,98.5,0.45,60.5,0.46,45.5,0.47,35.47,0.57,50.5,0.56,98.5,0.55,60.5,0.54,45.5,0.53,35.47,0.58,2.67,0.59,77.0,0.6,157.0,0.61,213.0,0.62,100.0,0.01,0.01,2369.867005,1776166378000
1776166380.08,180.08,0.42,2.67,0.41,77.0,0.4,157.0,0.39,213.0,0.38,100.0,0.43,50.5,0.44,98.5,0.45,60.5,0.46,45.5,0.47,35.47,0.57,50.5,0.56,98.5,0.55,60.5,0.54,45.5,0.53,35.47,0.58,2.67,0.59,77.0,0.6,157.0,0.61,213.0,0.62,100.0,0.01,0.01,2369.829569,1776166379000
1776166380.756,180.756,0.38,63.05,0.37,348.0,0.36,250.0,0.35,120.5,0.34,40.0,0.39,59.5,0.4,71.5,0.41,108.5,0.42,61.5,0.43,35.5,0.57,50.5,0.56,98.5,0.55,60.5,0.54,45.5,0.53,35.47,0.58,2.67,0.59,77.0,0.6,157.0,0.61,213.0,0.62,100.0,0.01,0.01,2369.829569,1776166379000
1776166381.053,181.053,0.38,63.05,0.37,348.0,0.36,250.0,0.35,120.5,0.34,40.0,0.39,59.5,0.4,71.5,0.41,108.5,0.42,61.5,0.43,35.5,0.61,59.5,0.6,71.5,0.59,108.5,0.58,61.5,0.57,35.5,0.62,63.05,0.63,348.0,0.64,250.0,0.65,120.5,0.66,40.0,0.01,0.01,2369.802123,1776166380000
1776166381.598,181.598,0.38,66.55,0.37,300.5,0.36,260.5,0.35,120.5,0.34,40.0,0.39,112.0,0.4,45.0,0.41,50.5,0.42,45.5,0.43,35.5,0.61,59.5,0.6,71.5,0.59,108.5,0.58,61.5,0.57,35.5,0.62,63.05,0.63,348.0,0.64,250.0,0.65,120.5,0.66,40.0,0.01,0.01,2369.802123,1776166380000
1776166381.875,181.875,0.38,66.55,0.37,290.0,0.36,260.5,0.35,110.5,0.34,50.0,0.4,45.5,0.41,50.5,0.42,35.5,0.43,35.5,0.44,61.5,0.61,112.0,0.6,45.0,0.59,50.5,0.58,45.5,0.57,35.5,0.62,66.55,0.63,300.5,0.64,260.5,0.65,120.5,0.66,40.0,0.02,0.01,2369.802123,1776166380000
1776166382.102,182.102,0.38,71.55,0.37,290.0,0.36,265.5,0.35,105.5,0.34,50.0,0.39,9.87,0.4,45.5,0.41,50.5,0.42,35.5,0.43,35.5,0.6,45.5,0.59,50.5,0.58,35.5,0.57,35.5,0.56,61.5,0.62,66.55,0.63,290.0,0.64,260.5,0.65,110.5,0.66,50.0,0.01,0.02,2369.802123,1776166380000
1776166382.442,182.442,0.38,65.0,0.37,348.0,0.36,265.5,0.35,105.5,0.34,50.0,0.39,5.4,0.4,103.5,0.41,50.5,0.42,35.5,0.43,35.5,0.61,5.4,0.6,45.5,0.59,50.5,0.58,35.5,0.57,35.5,0.62,76.55,0.63,348.0,0.64,265.5,0.65,105.5,0.66,50.0,0.01,0.01,2369.669795,1776166381000
1776166383.059,183.059,0.38,65.0,0.37,348.0,0.36,265.5,0.35,105.5,0.34,50.0,0.39,5.4,0.4,103.5,0.41,50.5,0.42,35.5,0.43,35.5,0.61,5.4,0.6,103.5,0.59,50.5,0.58,35.5,0.57,35.5,0.62,65.0,0.63,348.0,0.64,265.5,0.65,105.5,0.66,50.0,0.01,0.01,2369.55052,1776166382000
1776166383.498,183.498,0.35,70.0,0.34,80.0,0.33,110.0,0.32,50.0,0.31,35.0,0.37,4.9,0.38,28.5,0.39,370.5,0.4,25.5,0.41,80.5,0.61,5.4,0.6,103.5,0.59,50.5,0.58,35.5,0.57,35.5,0.62,65.0,0.63,348.0,0.64,265.5,0.65,105.5,0.66,50.0,0.02,0.01,2369.55052,1776166382000
1776166383.701,183.701,0.35,23.0,0.34,41.26,0.33,120.0,0.32,50.0,0.31,45.0,0.36,111.63,0.37,41.15,0.38,48.0,0.39,10.5,0.4,20.5,0.64,50.0,0.63,41.15,0.62,48.0,0.61,15.5,0.6,30.5,0.66,41.26,0.67,120.0,0.68,50.0,0.69,40.0,0.7,60.0,0.01,0.02,2369.55052,1776166382000
1776166383.944,183.944,0.35,97.0,0.34,140.26,0.33,115.0,0.32,85.0,0.31,100.0,0.36,24.72,0.37,4.9,0.38,13.0,0.39,25.5,0.4,45.5,0.64,74.72,0.63,4.9,0.62,53.0,0.61,15.5,0.6,20.5,0.65,38.0,0.66,50.26,0.67,110.0,0.68,50.0,0.69,90.0,0.01,0.01,2369.55052,1776166382000
1776166384.229,184.229,0.37,49.0,0.36,15.0,0.35,25.0,0.34,120.76,0.33,170.0,0.39,20.04,0.4,45.5,0.41,45.5,0.42,45.5,0.43,126.0,0.61,23.12,0.6,45.5,0.59,45.5,0.58,45.5,0.57,126.0,0.65,83.0,0.66,136.76,0.67,170.0,0.68,137.0,0.69,130.0,0.02,0.04,2369.55052,1776166382000
1776166384.543,184.543,0.37,21.0,0.36,15.0,0.35,25.0,0.34,120.76,0.33,233.0,0.38,63.0,0.39,30.04,0.4,45.5,0.41,45.5,0.42,45.5,0.62,85.0,0.61,30.04,0.6,45.5,0.59,45.5,0.58,45.5,0.63,16.0,0.64,15.0,0.65,25.0,0.66,120.76,0.67,233.0,0.01,0.01,2369.55052,1776166382000
1776166384.994,184.994,0.37,52.36,0.36,11.31,0.35,30.0,0.34,129.76,0.33,243.5,0.38,77.5,0.39,30.04,0.4,45.5,0.41,45.5,0.42,45.5,0.62,73.5,0.61,30.04,0.6,45.5,0.59,45.5,0.58,45.5,0.64,11.31,0.65,30.0,0.66,129.76,0.67,243.5,0.68,90.0,0.01,0.02,2369.553039,1776166383000
1776166385.311,185.311,0.37,44.67,0.36,11.31,0.35,25.0,0.34,126.26,0.33,238.5,0.38,96.6,0.39,30.04,0.4,40.5,0.41,40.5,0.42,46.5,0.62,77.5,0.61,30.04,0.6,45.5,0.59,45.5,0.58,45.5,0.63,52.36,0.64,11.31,0.65,30.0,0.66,129.76,0.67,243.5,0.01,0.01,2369.35448,1776166384000
1776166385.535,185.535,0.37,29.35,0.36,21.31,0.35,35.0,0.34,125.76,0.33,248.5,0.38,83.0,0.39,35.04,0.4,40.5,0.41,40.5,0.42,46.5,0.62,83.0,0.61,30.04,0.6,40.5,0.59,40.5,0.58,46.5,0.63,39.35,0.64,21.31,0.65,35.0,0.66,136.26,0.67,248.5,0.01,0.01,2369.35448,1776166384000
1776166385.828,185.828,0.35,56.29,0.34,130.76,0.33,200.5,0.32,120.0,0.31,110.0,0.37,180.5,0.38,40.5,0.39,88.04,0.4,20.5,0.41,30.5,0.63,180.5,0.62,49.1,0.61,78.04,0.6,30.5,0.59,40.5,0.64,10.0,0.65,56.29,0.66,120.76,0.67,200.5,0.68,120.0,0.02,0.01,2369.35448,1776166384000
1776166386.069,186.069,0.35,4.0,0.34,130.76,0.33,228.5,0.32,120.0,0.31,110.0,0.36,110.5,0.37,30.5,0.38,30.5,0.39,30.04,0.4,20.5,0.63,180.5,0.62,40.5,0.61,88.04,0.6,20.5,0.59,30.5,0.65,56.29,0.66,130.76,0.67,200.5,0.68,120.0,0.69,110.0,0.01,0.02,2369.35448,1776166384000
1776166386.291,186.291,0.34,180.17,0.33,186.5,0.32,120.0,0.31,110.0,0.3,95.0,0.36,100.22,0.37,103.5,0.38,25.5,0.39,30.04,0.4,20.5,0.64,115.5,0.63,93.5,0.62,25.5,0.61,30.04,0.6,20.5,0.66,180.17,0.67,186.5,0.68,120.0,0.69,110.0,0.7,95.0,0.02,0.02,2369.46382,1776166385000
1776166386.839,186.839,0.34,190.17,0.33,176.5,0.32,120.0,0.31,110.0,0.3,70.0,0.35,80.09,0.36,25.5,0.37,50.86,0.38,78.5,0.39,30.04,0.64,71.77,0.63,103.5,0.62,25.5,0.61,30.04,0.6,20.5,0.66,180.17,0.67,186.5,0.68,120.0,0.69,110.0,0.7,95.0,0.01,0.02,2369.46382,1776166385000
1776166387.069,187.069,0.34,193.17,0.33,176.5,0.32,120.0,0.31,110.0,0.3,70.0,0.35,80.0,0.36,15.0,0.37,50.86,0.38,78.5,0.39,40.04,0.65,80.0,0.64,15.0,0.63,50.86,0.62,78.5,0.61,40.04,0.66,193.17,0.67,176.5,0.68,120.0,0.69,110.0,0.7,70.0,0.01,0.01,2369.44819,1776166386000
1776166387.794,187.794,0.34,196.07,0.33,165.5,0.32,127.0,0.31,110.0,0.3,70.0,0.35,85.0,0.36,15.0,0.37,45.86,0.38,78.5,0.39,40.04,0.65,80.0,0.64,15.0,0.63,50.86,0.62,78.5,0.61,40.04,0.66,193.17,0.67,176.5,0.68,120.0,0.69,110.0,0.7,70.0,0.01,0.01,2369.44819,1776166386000
1776166388.093,188.093,0.34,179.31,0.33,160.5,0.32,114.0,0.31,141.0,0.3,70.0,0.35,80.0,0.36,15.0,0.37,45.86,0.38,78.5,0.39,40.04,0.65,80.0,0.64,15.0,0.63,45.86,0.62,78.5,0.61,40.04,0.66,178.86,0.67,165.5,0.68,127.0,0.69,110.0,0.7,70.0,0.01,0.01,2369.428297,1776166387000
1776166388.468,188.468,0.34,174.08,0.33,160.5,0.32,114.0,0.31,141.0,0.3,70.0,0.35,80.0,0.36,20.09,0.37,55.86,0.38,78.5,0.39,40.04,0.65,80.0,0.64,15.0,0.63,55.86,0.62,78.5,0.61,40.04,0.66,180.65,0.67,160.5,0.68,114.0,0.69,141.0,0.7,70.0,0.01,0.01,2369.428297,1776166387000
1776166388.682,188.682,0.34,166.87,0.33,160.5,0.32,114.0,0.31,141.0,0.3,70.0,0.35,85.09,0.36,20.09,0.37,55.86,0.38,78.5,0.39,40.04,0.65,80.0,0.64,20.09,0.63,55.86,0.62,78.5,0.61,40.04,0.66,174.08,0.67,160.5,0.68,114.0,0.69,141.0,0.7,70.0,0.01,0.01,2369.428297,1776166387000
1776166388.965,188.965,0.34,153.62,0.33,160.5,0.32,114.0,0.31,141.0,0.3,70.0,0.35,90.09,0.36,20.09,0.37,45.86,0.38,78.5,0.39,40.04,0.65,90.09,0.64,20.09,0.63,45.86,0.62,78.5,0.61,40.04,0.66,153.62,0.67,160.5,0.68,114.0,0.69,141.0,0.7,70.0,0.01,0.01,2369.408455,1776166388000
1776166389.53,189.53,0.34,147.0,0.33,160.5,0.32,67.0,0.31,171.0,0.3,95.0,0.35,85.09,0.36,20.09,0.37,40.86,0.38,78.5,0.39,40.04,0.65,90.09,0.64,20.09,0.63,45.86,0.62,78.5,0.61,40.04,0.66,153.62,0.67,160.5,0.68,114.0,0.69,141.0,0.7,70.0,0.01,0.01,2369.408455,1776166388000
1776166389.934,189.934,0.34,147.0,0.33,160.5,0.32,67.0,0.31,171.0,0.3,95.0,0.35,85.09,0.36,20.09,0.37,40.86,0.38,78.5,0.39,40.04,0.65,85.09,0.64,20.09,0.63,40.86,0.62,78.5,0.61,40.04,0.66,147.0,0.67,160.5,0.68,67.0,0.69,171.0,0.7,95.0,0.01,0.01,2369.40891,1776166389000
1776166390.42,190.42,0.34,177.48,0.33,170.5,0.32,67.0,0.31,171.0,0.3,126.0,0.35,75.09,0.36,20.09,0.37,103.86,0.38,20.5,0.39,40.04,0.65,85.09,0.64,20.09,0.63,45.86,0.62,78.5,0.61,40.04,0.66,172.48,0.67,170.5,0.68,67.0,0.69,171.0,0.7,126.0,0.01,0.01,2369.40891,1776166389000
1776166390.883,190.883,0.34,175.94,0.33,170.5,0.32,67.0,0.31,171.0,0.3,126.0,0.35,75.09,0.36,20.09,0.37,103.86,0.38,20.5,0.39,40.04,0.65,75.09,0.64,20.09,0.63,103.86,0.62,20.5,0.61,40.04,0.66,175.94,0.67,170.5,0.68,67.0,0.69,171.0,0.7,126.0,0.01,0.01,2369.41368,1776166390000
1776166392.444,192.444,0.34,175.94,0.33,170.5,0.32,67.0,0.31,171.0,0.3,126.0,0.35,75.09,0.36,20.09,0.37,103.86,0.38,20.5,0.39,40.04,0.65,75.09,0.64,20.09,0.63,103.86,0.62,20.5,0.61,40.04,0.66,175.94,0.67,170.5,0.68,67.0,0.69,171.0,0.7,126.0,0.01,0.01,2369.43377,1776166391000
1776166392.881,192.881,0.34,175.94,0.33,170.5,0.32,67.0,0.31,171.0,0.3,126.0,0.35,75.09,0.36,20.09,0.37,103.86,0.38,20.5,0.39,40.04,0.65,75.09,0.64,20.09,0.63,103.86,0.62,20.5,0.61,40.04,0.66,175.94,0.67,170.5,0.68,67.0,0.69,171.0,0.7,126.0,0.01,0.01,2369.473158,1776166392000
1776166393.247,193.247,0.34,185.94,0.33,160.5,0.32,72.0,0.31,175.0,0.3,126.0,0.35,23.09,0.36,20.09,0.37,40.36,0.38,10.0,0.39,30.04,0.65,75.09,0.64,20.09,0.63,103.86,0.62,20.5,0.61,40.04,0.66,175.94,0.67,170.5,0.68,67.0,0.69,171.0,0.7,126.0,0.01,0.01,2369.473158,1776166392000
1776166394.3,194.3,0.34,169.27,0.33,170.5,0.32,72.0,0.31,139.0,0.3,136.0,0.35,7.09,0.36,20.09,0.37,35.36,0.38,30.5,0.39,30.04,0.65,7.09,0.64,25.09,0.63,50.86,0.62,20.5,0.61,40.04,0.66,117.94,0.67,160.5,0.68,130.0,0.69,125.0,0.7,126.0,0.01,0.01,2369.473158,1776166392000
1776166395.265,195.265,0.34,169.27,0.33,170.5,0.32,72.0,0.31,139.0,0.3,136.0,0.35,7.09,0.36,20.09,0.37,35.36,0.38,30.5,0.39,30.04,0.65,7.09,0.64,20.09,0.63,35.36,0.62,30.5,0.61,30.04,0.66,169.27,0.67,170.5,0.68,72.0,0.69,139.0,0.7,136.0,0.01,0.01,2369.440255,1776166394000
1776166395.948,195.948,0.34,121.27,0.33,238.5,0.32,102.0,0.31,142.0,0.3,131.0,0.36,20.09,0.37,35.36,0.38,35.5,0.39,25.04,0.4,35.5,0.65,7.09,0.64,20.09,0.63,35.36,0.62,30.5,0.61,30.04,0.66,169.27,0.67,170.5,0.68,72.0,0.69,139.0,0.7,136.0,0.02,0.01,2369.440255,1776166394000
1776166396.212,196.212,0.34,121.27,0.33,238.5,0.32,102.0,0.31,142.0,0.3,131.0,0.36,20.09,0.37,35.36,0.38,35.5,0.39,25.04,0.4,35.5,0.64,20.09,0.63,35.36,0.62,35.5,0.61,25.04,0.6,35.5,0.66,121.27,0.67,238.5,0.68,102.0,0.69,142.0,0.7,131.0,0.02,0.02,2369.44642,1776166395000
1776166396.58,196.58,0.35,91.59,0.34,87.27,0.33,233.5,0.32,77.0,0.31,142.0,0.36,147.59,0.37,40.36,0.38,35.5,0.39,35.04,0.4,35.5,0.64,20.09,0.63,35.36,0.62,35.5,0.61,25.04,0.6,35.5,0.66,121.27,0.67,238.5,0.68,102.0,0.69,142.0,0.7,131.0,0.01,0.02,2369.44642,1776166395000
1776166396.811,196.811,0.35,94.46,0.34,87.27,0.33,233.5,0.32,72.0,0.31,142.0,0.36,162.59,0.37,40.36,0.38,35.5,0.39,35.04,0.4,35.5,0.64,147.59,0.63,40.36,0.62,35.5,0.61,35.04,0.6,35.5,0.65,91.59,0.66,87.27,0.67,233.5,0.68,77.0,0.69,142.0,0.01,0.01,2369.44642,1776166395000
1776166397.121,197.121,0.35,91.38,0.34,87.27,0.33,233.5,0.32,72.0,0.31,142.0,0.36,162.59,0.37,40.36,0.38,35.5,0.39,35.04,0.4,35.5,0.64,162.59,0.63,40.36,0.62,35.5,0.61,35.04,0.6,35.5,0.65,91.38,0.66,87.27,0.67,233.5,0.68,72.0,0.69,142.0,0.01,0.01,2369.497013,1776166396000
1776166397.447,197.447,0.35,67.92,0.34,87.27,0.33,160.5,0.32,82.0,0.31,142.0,0.36,167.59,0.37,50.86,0.38,45.5,0.39,35.04,0.4,41.5,0.64,162.59,0.63,40.36,0.62,35.5,0.61,35.04,0.6,35.5,0.65,91.38,0.66,87.27,0.67,233.5,0.68,72.0,0.69,142.0,0.01,0.01,2369.497013,1776166396000
1776166398.147,198.147,0.35,67.92,0.34,87.27,0.33,160.5,0.32,82.0,0.31,142.0,0.36,167.59,0.37,50.86,0.38,45.5,0.39,35.04,0.4,41.5,0.64,167.59,0.63,50.86,0.62,45.5,0.61,35.04,0.6,41.5,0.65,67.92,0.66,87.27,0.67,160.5,0.68,82.0,0.69,142.0,0.01,0.01,2369.498195,1776166397000
1776166398.574,198.574,0.35,483.42,0.34,105.5,0.33,160.5,0.32,92.0,0.31,135.0,0.37,13.95,0.39,10.0,0.4,10.0,0.41,20.0,0.42,25.0,0.64,167.59,0.63,50.86,0.62,45.5,0.61,35.04,0.6,41.5,0.65,67.92,0.66,87.27,0.67,160.5,0.68,82.0,0.69,142.0,0.02,0.01,2369.498195,1776166397000
1776166398.943,198.943,0.4,100.45,0.39,32.19,0.38,146.0,0.37,63.5,0.36,67.5,0.42,93.5,0.43,50.0,0.44,45.0,0.45,50.0,0.46,106.09,0.59,20.0,0.58,35.5,0.57,50.0,0.56,55.0,0.55,50.0,0.6,61.73,0.64,20.5,0.65,348.42,0.66,105.5,0.67,160.5,0.02,0.01,2369.498195,1776166397000
