timestamp,elapsed_sec,up_bid_p1,up_bid_s1,up_bid_p2,up_bid_s2,up_ask_p1,up_ask_s1,up_ask_p2,up_ask_s2,down_bid_p1,down_bid_s1,down_bid_p2,down_bid_s2,down_ask_p1,down_ask_s1,down_ask_p2,down_ask_s2,up_spread,down_spread,eth_price,eth_oracle_ts
1776323400.93,0.93,0.51,5.0,0.49,1.84,0.53,15.0,0.54,15.0,0.47,15.0,0.46,15.0,0.49,5.0,0.51,1.84,0.02,0.02,2353.578618,1776323400000
1776323402.346,2.346,0.51,5.0,0.49,1.84,0.53,15.0,0.54,15.0,0.47,15.0,0.46,15.0,0.49,5.0,0.51,1.84,0.02,0.02,2353.565585,1776323401000
1776323402.563,2.563,0.51,3.32,0.5,75.0,0.52,11.06,0.53,13.0,0.48,11.06,0.47,13.0,0.49,6.63,0.5,75.0,0.01,0.01,2353.565585,1776323401000
1776323403.092,3.092,0.55,67.0,0.54,70.0,0.57,13.0,0.58,13.0,0.48,11.06,0.47,13.0,0.49,3.32,0.5,75.0,0.02,0.01,2353.565585,1776323401000
1776323403.557,3.557,0.55,67.0,0.54,70.0,0.57,13.0,0.58,13.0,0.43,13.0,0.42,13.0,0.45,67.0,0.46,70.0,0.02,0.02,2353.481665,1776323402000
1776323404.294,4.294,0.55,67.0,0.54,70.0,0.57,13.0,0.58,13.0,0.43,13.0,0.42,13.0,0.45,67.0,0.46,70.0,0.02,0.02,2353.560655,1776323403000
1776323404.837,4.837,0.56,5.0,0.55,77.0,0.57,13.0,0.58,13.0,0.43,13.0,0.42,13.0,0.45,67.0,0.46,70.0,0.01,0.02,2353.560655,1776323403000
1776323405.581,5.581,0.56,5.0,0.55,77.0,0.57,8.0,0.58,23.0,0.43,8.0,0.42,23.0,0.44,5.0,0.45,77.0,0.01,0.01,2353.722011,1776323404000
1776323405.867,5.867,0.56,3.33,0.55,77.0,0.57,5.0,0.58,28.0,0.43,8.0,0.42,23.0,0.44,5.0,0.45,77.0,0.01,0.01,2353.722011,1776323404000
1776323406.262,6.262,0.55,83.66,0.54,90.0,0.56,5.0,0.57,15.0,0.43,11.0,0.42,28.0,0.44,3.48,0.45,82.0,0.01,0.01,2353.722011,1776323404000
1776323407.499,7.499,0.55,83.66,0.54,95.56,0.56,8.21,0.57,15.0,0.44,8.21,0.43,15.0,0.45,83.66,0.46,95.56,0.01,0.01,2353.808552,1776323406000
1776323408.179,8.179,0.55,68.66,0.54,80.56,0.56,14.94,0.57,15.0,0.44,14.94,0.43,15.0,0.45,68.66,0.46,80.56,0.01,0.01,2353.79453,1776323407000
1776323409.32,9.32,0.55,68.66,0.54,80.56,0.56,14.94,0.57,15.0,0.44,14.94,0.43,15.0,0.45,68.66,0.46,80.56,0.01,0.01,2353.863221,1776323408000
1776323409.746,9.746,0.55,76.0,0.54,10.56,0.58,28.0,0.59,28.0,0.44,14.94,0.43,15.0,0.45,68.66,0.46,80.56,0.03,0.01,2353.863221,1776323408000
1776323410.106,10.106,0.55,81.0,0.54,10.56,0.56,10.0,0.57,16.0,0.42,28.0,0.41,28.0,0.45,76.0,0.46,10.56,0.01,0.03,2353.863221,1776323408000
1776323410.344,10.344,0.55,61.0,0.54,5.56,0.56,184.0,0.57,16.0,0.44,15.0,0.43,16.0,0.45,76.0,0.46,10.56,0.01,0.01,2353.863221,1776323408000
1776323410.688,10.688,0.46,41.0,0.45,25.0,0.48,25.0,0.49,25.0,0.5,5.0,0.48,20.0,0.53,5.0,0.54,36.0,0.02,0.03,2353.817932,1776323409000
1776323411.701,11.701,0.46,3.41,0.44,80.0,0.48,54.0,0.49,30.0,0.52,12.66,0.51,25.0,0.53,6.38,0.54,51.0,0.02,0.01,2353.785464,1776323410000
1776323413.269,13.269,0.46,4.81,0.45,10.0,0.47,30.0,0.48,44.0,0.52,54.0,0.51,30.0,0.54,3.41,0.56,80.0,0.01,0.02,2353.676038,1776323411000
1776323414.062,14.062,0.45,3.37,0.44,86.0,0.47,30.0,0.48,30.0,0.53,30.0,0.52,44.0,0.54,4.81,0.55,10.0,0.02,0.01,2353.44916,1776323413000
1776323417.102,17.102,0.44,68.0,0.43,80.0,0.45,70.0,0.46,25.0,0.53,30.0,0.52,30.0,0.55,3.37,0.56,86.0,0.01,0.02,2353.445823,1776323415000
1776323419.26,19.26,0.44,90.0,0.43,91.0,0.45,14.88,0.46,10.0,0.55,70.0,0.54,25.0,0.56,68.0,0.57,80.0,0.01,0.01,2353.321883,1776323418000
1776323419.688,19.688,0.44,95.0,0.43,91.0,0.45,0.88,0.46,10.0,0.55,14.88,0.54,10.0,0.56,90.0,0.57,91.0,0.01,0.01,2353.321883,1776323418000
1776323423.041,23.041,0.44,100.0,0.43,114.99,0.46,5.88,0.47,25.0,0.55,0.88,0.54,10.0,0.56,95.0,0.57,91.0,0.02,0.01,2353.34867,1776323421000
1776323424.947,24.947,0.44,95.93,0.43,101.06,0.45,13.48,0.46,15.88,0.54,5.88,0.53,25.0,0.56,100.0,0.57,114.99,0.01,0.02,2353.36438,1776323423000
1776323425.218,25.218,0.44,105.99,0.43,101.06,0.45,12.68,0.46,15.88,0.55,13.48,0.54,15.88,0.56,95.93,0.57,101.06,0.01,0.01,2353.36438,1776323423000
1776323425.686,25.686,0.41,14.95,0.38,23.0,0.42,25.0,0.43,30.0,0.55,12.68,0.54,15.88,0.56,105.99,0.57,101.06,0.01,0.01,2353.414936,1776323424000
1776323426.068,26.068,0.41,2.93,0.4,14.0,0.42,62.0,0.43,30.0,0.58,47.0,0.57,30.0,0.59,7.93,0.62,23.0,0.01,0.01,2353.414936,1776323424000
1776323426.45,26.45,0.39,23.98,0.38,29.0,0.4,20.0,0.41,20.0,0.59,15.0,0.58,65.0,0.62,23.0,0.63,155.0,0.01,0.03,2353.414936,1776323424000
1776323427.209,27.209,0.39,58.42,0.38,38.0,0.4,5.0,0.41,5.0,0.6,20.0,0.59,20.0,0.61,23.98,0.62,29.0,0.01,0.01,2353.414936,1776323424000
1776323429.438,29.438,0.4,53.06,0.39,168.0,0.41,7.43,0.42,30.0,0.59,5.0,0.58,20.0,0.6,5.0,0.61,53.42,0.01,0.01,2353.184412,1776323428000
1776323430.487,30.487,0.4,41.78,0.39,238.0,0.41,17.43,0.42,30.0,0.59,7.43,0.58,30.0,0.6,39.72,0.61,168.0,0.01,0.01,2353.147095,1776323429000
1776323431.587,31.587,0.4,28.11,0.39,238.0,0.41,2.43,0.42,25.0,0.59,17.43,0.58,30.0,0.6,41.78,0.61,238.0,0.01,0.01,2353.13886,1776323430000
1776323432.999,32.999,0.39,199.36,0.38,26.0,0.41,2.43,0.42,25.0,0.59,2.43,0.58,25.0,0.6,28.11,0.61,238.0,0.02,0.01,2353.1126,1776323431000
1776323434.736,34.736,0.39,204.0,0.38,21.0,0.4,25.0,0.41,17.43,0.59,2.43,0.58,25.0,0.61,199.36,0.62,26.0,0.01,0.02,2353.236322,1776323433000
1776323436.718,36.718,0.39,219.0,0.38,21.0,0.4,2.5,0.41,17.43,0.6,27.5,0.59,22.43,0.61,209.0,0.62,21.0,0.01,0.01,2353.232303,1776323435000
1776323440.724,40.724,0.39,219.0,0.38,21.0,0.41,17.43,0.42,25.0,0.6,2.5,0.59,17.43,0.61,219.0,0.62,21.0,0.02,0.01,2353.210221,1776323439000
1776323443.326,43.326,0.4,15.0,0.39,219.0,0.41,6.7,0.42,25.0,0.59,14.14,0.58,25.0,0.6,5.0,0.61,224.0,0.01,0.01,2353.12537,1776323441000
1776323444.492,44.492,0.45,12.0,0.44,17.0,0.46,33.0,0.47,34.0,0.59,6.7,0.58,25.0,0.6,15.0,0.61,219.0,0.01,0.01,2353.264512,1776323443000
1776323446.064,46.064,0.46,103.14,0.45,88.0,0.51,26.23,0.52,24.0,0.53,5.0,0.52,86.02,0.54,91.14,0.55,95.0,0.05,0.01,2353.262347,1776323445000
1776323447.468,47.468,0.45,10.22,0.44,27.0,0.47,161.41,0.48,28.0,0.49,26.23,0.48,24.0,0.54,103.14,0.55,88.0,0.02,0.05,2353.27149,1776323446000
1776323447.755,47.755,0.45,10.22,0.44,27.0,0.46,79.83,0.47,109.41,0.53,161.41,0.52,28.0,0.55,10.22,0.56,27.0,0.01,0.02,2353.27149,1776323446000
1776323450.979,50.979,0.45,10.22,0.44,22.0,0.46,83.85,0.47,96.53,0.54,79.83,0.53,109.41,0.55,10.22,0.56,27.0,0.01,0.01,2353.332747,1776323450000
1776323451.2,51.2,0.44,20.44,0.43,15.0,0.46,63.85,0.47,32.01,0.54,83.85,0.53,96.53,0.55,10.22,0.56,22.0,0.02,0.01,2353.332747,1776323450000
1776323452.242,52.242,0.44,22.76,0.43,15.0,0.45,25.0,0.46,51.84,0.54,63.85,0.53,32.01,0.56,20.44,0.57,15.0,0.01,0.02,2353.342574,1776323451000
1776323454.414,54.414,0.44,24.49,0.43,15.0,0.45,37.88,0.46,43.97,0.55,37.88,0.54,38.96,0.56,12.76,0.57,15.0,0.01,0.01,2353.244655,1776323453000
1776323454.959,54.959,0.44,41.49,0.43,15.0,0.45,37.88,0.46,43.97,0.55,37.88,0.54,43.97,0.56,24.49,0.57,15.0,0.01,0.01,2353.244655,1776323453000
1776323456.799,56.799,0.44,36.49,0.43,15.0,0.45,37.32,0.46,43.97,0.55,37.88,0.54,43.97,0.56,41.49,0.57,15.0,0.01,0.01,2353.24945,1776323455000
1776323457.506,57.506,0.44,36.49,0.43,10.0,0.45,54.87,0.46,38.96,0.55,37.32,0.54,43.97,0.56,36.49,0.57,15.0,0.01,0.01,2353.24945,1776323455000
1776323460.049,60.049,0.44,41.49,0.43,15.0,0.45,47.64,0.46,33.96,0.55,54.87,0.54,38.96,0.56,36.49,0.57,10.0,0.01,0.01,2353.261545,1776323458000
1776323461.476,61.476,0.39,9.16,0.27,6.0,0.45,97.64,0.46,78.96,0.55,47.64,0.54,33.96,0.56,41.49,0.57,15.0,0.06,0.01,2353.296614,1776323460000
1776323461.789,61.789,0.25,3.53,0.22,70.0,0.26,52.0,0.27,90.0,0.61,70.0,0.6,15.0,0.75,65.03,0.78,145.0,0.01,0.14,2353.296614,1776323460000
1776323461.995,61.995,0.22,21.01,0.21,148.73,0.23,20.0,0.24,10.0,0.74,52.0,0.73,90.0,0.78,26.53,0.79,148.73,0.01,0.04,2353.296614,1776323460000
1776323462.25,62.25,0.22,18.89,0.21,148.73,0.25,10.0,0.26,40.0,0.77,15.0,0.76,10.0,0.78,5.89,0.79,148.73,0.03,0.01,2353.296614,1776323460000
1776323462.564,62.564,0.23,55.0,0.22,18.89,0.24,20.0,0.25,15.0,0.76,25.0,0.75,15.0,0.77,50.0,0.78,18.89,0.01,0.01,2353.238745,1776323461000
1776323462.775,62.775,0.21,10.01,0.2,75.03,0.24,5.0,0.25,34.0,0.76,5.0,0.75,34.0,0.78,5.89,0.79,17.0,0.03,0.02,2353.238745,1776323461000
1776323463.004,63.004,0.2,52.77,0.17,176.0,0.22,10.45,0.23,32.49,0.78,10.45,0.77,27.49,0.79,4.9,0.8,67.94,0.02,0.01,2353.238745,1776323461000
1776323463.292,63.292,0.2,47.77,0.17,173.0,0.21,4.67,0.22,18.63,0.79,13.39,0.78,18.63,0.8,47.77,0.83,178.0,0.01,0.01,2353.336321,1776323462000
1776323463.776,63.776,0.18,8.78,0.17,173.0,0.19,10.0,0.2,20.0,0.79,14.67,0.78,18.63,0.83,173.0,0.84,152.76,0.01,0.04,2353.336321,1776323462000
1776323464.346,64.346,0.18,8.78,0.17,173.0,0.19,20.77,0.2,20.0,0.81,10.0,0.8,20.0,0.82,8.78,0.83,173.0,0.01,0.01,2353.336321,1776323462000
1776323464.917,64.917,0.17,70.0,0.16,110.96,0.18,13.95,0.19,22.0,0.81,12.17,0.8,20.0,0.82,8.78,0.83,173.0,0.01,0.01,2352.367735,1776323463000
1776323465.274,65.274,0.17,62.0,0.16,125.96,0.18,15.44,0.19,5.0,0.82,13.95,0.81,22.0,0.83,42.0,0.84,110.96,0.01,0.01,2352.202847,1776323464000
1776323465.898,65.898,0.19,23.0,0.18,34.0,0.21,3.75,0.22,8.18,0.82,9.88,0.8,5.0,0.83,67.0,0.84,132.96,0.02,0.01,2352.202847,1776323464000
1776323466.101,66.101,0.24,10.0,0.23,70.33,0.25,1.28,0.26,15.0,0.76,4.0,0.75,11.0,0.77,70.33,0.78,10.0,0.01,0.01,2352.202847,1776323464000
1776323466.509,66.509,0.24,160.42,0.23,110.33,0.25,10.0,0.26,10.46,0.74,10.46,0.73,15.0,0.76,95.0,0.77,110.33,0.01,0.02,2352.034921,1776323465000
1776323466.858,66.858,0.24,177.18,0.23,117.33,0.26,10.46,0.27,15.0,0.75,10.0,0.74,10.46,0.76,172.18,0.77,110.33,0.02,0.01,2352.034921,1776323465000
1776323468.047,68.047,0.25,66.38,0.24,118.18,0.27,10.0,0.28,10.0,0.74,0.46,0.73,15.0,0.76,177.18,0.77,117.33,0.02,0.02,2351.936035,1776323466000
1776323468.734,68.734,0.26,56.0,0.25,49.4,0.27,11.29,0.28,10.0,0.73,15.0,0.72,16.0,0.75,59.4,0.76,113.18,0.01,0.02,2352.278362,1776323467000
1776323469.123,69.123,0.26,60.79,0.25,44.4,0.27,7.58,0.28,10.0,0.73,7.58,0.72,10.0,0.74,56.0,0.75,44.4,0.01,0.01,2352.31458,1776323468000
1776323469.404,69.404,0.3,5.72,0.29,80.0,0.31,5.0,0.32,8.9,0.73,7.58,0.72,10.0,0.74,60.79,0.75,44.4,0.01,0.01,2352.31458,1776323468000
1776323469.619,69.619,0.31,61.0,0.3,35.72,0.32,9.05,0.33,35.0,0.68,9.15,0.67,65.0,0.69,15.0,0.7,30.72,0.01,0.01,2352.31458,1776323468000
1776323470.28,70.28,0.31,64.0,0.3,30.72,0.32,9.05,0.33,147.11,0.68,9.05,0.67,35.0,0.69,61.0,0.7,35.72,0.01,0.01,2352.31458,1776323468000
1776323470.983,70.983,0.31,124.0,0.3,30.72,0.33,91.03,0.35,70.0,0.68,9.05,0.67,147.11,0.69,64.0,0.7,30.72,0.02,0.01,2352.2909,1776323469000
1776323471.232,71.232,0.34,12.83,0.33,23.0,0.35,75.0,0.36,6.0,0.65,75.0,0.64,6.0,0.66,17.84,0.67,23.0,0.01,0.01,2352.343291,1776323470000
1776323472.514,72.514,0.34,14.37,0.33,23.0,0.35,124.59,0.36,75.0,0.65,75.0,0.64,6.0,0.66,11.31,0.67,23.0,0.01,0.01,2352.570357,1776323471000
1776323472.779,72.779,0.33,48.0,0.32,23.0,0.34,90.79,0.35,41.41,0.65,129.59,0.64,75.0,0.67,23.0,0.68,23.0,0.01,0.02,2352.570357,1776323471000
1776323473.442,73.442,0.33,42.8,0.32,18.0,0.35,21.41,0.38,11.0,0.66,98.74,0.65,41.41,0.67,35.8,0.68,23.0,0.02,0.01,2352.570357,1776323471000
1776323474.024,74.024,0.37,15.07,0.36,15.0,0.38,11.0,0.39,94.49,0.62,11.0,0.61,22.0,0.63,6.88,0.66,52.0,0.01,0.01,2352.70635,1776323473000
1776323474.451,74.451,0.37,10.07,0.36,15.0,0.38,7.36,0.39,91.22,0.61,91.22,0.6,33.0,0.63,10.07,0.64,20.0,0.01,0.02,2352.70635,1776323473000
1776323474.703,74.703,0.37,10.07,0.36,15.0,0.38,11.16,0.39,91.22,0.62,7.36,0.61,91.22,0.63,10.07,0.64,15.0,0.01,0.01,2352.70635,1776323473000
1776323475.594,75.594,0.35,10.0,0.34,15.0,0.38,38.87,0.39,52.09,0.61,52.09,0.6,33.0,0.63,10.07,0.64,15.0,0.03,0.02,2352.782664,1776323474000
1776323476.164,76.164,0.35,21.01,0.34,20.0,0.36,29.0,0.37,33.0,0.62,38.87,0.61,52.09,0.65,10.0,0.66,15.0,0.01,0.03,2352.782664,1776323474000
1776323476.601,76.601,0.35,16.01,0.34,20.0,0.36,43.09,0.37,28.0,0.64,29.0,0.63,33.0,0.65,21.01,0.66,20.0,0.01,0.01,2352.782664,1776323475000
1776323477.144,77.144,0.34,14.32,0.33,7.8,0.36,50.87,0.37,33.0,0.64,43.09,0.63,28.0,0.65,16.01,0.66,20.0,0.02,0.01,2352.782664,1776323475000
1776323477.888,77.888,0.34,17.04,0.33,12.8,0.36,65.69,0.37,33.0,0.64,50.87,0.63,33.0,0.66,14.32,0.67,7.8,0.02,0.02,2352.797115,1776323476000
1776323478.662,78.662,0.3,1.37,0.29,5.0,0.31,66.0,0.32,30.0,0.64,55.69,0.63,33.0,0.65,3.46,0.66,17.04,0.01,0.01,2352.795354,1776323477000
1776323479.025,79.025,0.28,13.0,0.27,15.0,0.36,41.85,0.37,99.0,0.69,82.0,0.68,30.0,0.72,13.0,0.73,15.0,0.08,0.03,2352.795354,1776323477000
1776323480.065,80.065,0.29,4.55,0.28,10.0,0.3,111.0,0.31,28.0,0.64,41.85,0.63,99.0,0.72,13.0,0.73,15.0,0.01,0.08,2352.883297,1776323478000
1776323480.323,80.323,0.28,3.61,0.27,10.0,0.29,102.16,0.3,64.0,0.71,20.16,0.7,99.0,0.72,5.0,0.73,10.0,0.01,0.01,2352.837181,1776323479000
1776323480.726,80.726,0.28,4.45,0.27,13.35,0.29,102.16,0.3,64.0,0.71,102.16,0.7,64.0,0.73,3.35,0.74,75.0,0.01,0.02,2352.837181,1776323479000
1776323481.015,81.015,0.28,5.0,0.27,4.45,0.29,117.16,0.3,64.0,0.71,102.16,0.7,64.0,0.73,4.45,0.74,75.0,0.01,0.02,2352.837181,1776323479000
1776323482.064,82.064,0.26,59.45,0.25,95.0,0.29,112.16,0.3,64.0,0.71,117.16,0.7,64.0,0.72,5.0,0.73,4.45,0.03,0.01,2352.54312,1776323480000
1776323482.477,82.477,0.27,8.63,0.26,59.45,0.28,103.0,0.29,55.0,0.71,112.16,0.7,64.0,0.74,59.45,0.75,95.0,0.01,0.03,2352.450201,1776323481000
1776323485.083,85.083,0.23,46.7,0.22,16.0,0.24,15.0,0.25,118.0,0.72,103.0,0.71,55.0,0.73,8.63,0.74,59.45,0.01,0.01,2352.41387,1776323483000
1776323485.62,85.62,0.2,5.0,0.19,15.0,0.24,144.0,0.25,91.0,0.76,134.0,0.75,108.0,0.77,33.29,0.78,16.0,0.04,0.01,2352.41387,1776323483000
1776323486.621,86.621,0.21,130.96,0.2,140.0,0.22,101.0,0.23,35.0,0.78,91.0,0.77,35.0,0.79,128.73,0.8,140.0,0.01,0.01,2352.42319,1776323485000
1776323492.963,92.963,0.21,150.96,0.2,140.0,0.22,1.32,0.23,35.0,0.78,101.0,0.77,35.0,0.79,130.96,0.8,140.0,0.01,0.01,2352.096435,1776323491000
1776323493.412,93.412,0.22,161.0,0.21,209.69,0.24,30.5,0.25,22.0,0.78,1.32,0.77,35.0,0.79,144.69,0.8,140.0,0.02,0.01,2352.09211,1776323492000
1776323494.087,94.087,0.24,34.68,0.23,37.0,0.25,7.0,0.26,24.0,0.76,30.5,0.75,22.0,0.78,161.0,0.79,209.69,0.01,0.02,2352.09211,1776323492000
1776323494.8,94.8,0.25,34.65,0.24,28.36,0.26,74.81,0.27,64.0,0.74,24.0,0.73,45.0,0.76,38.36,0.77,37.0,0.01,0.02,2352.22735,1776323493000
1776323496.316,96.316,0.25,26.65,0.24,13.36,0.26,89.81,0.27,64.0,0.74,74.81,0.73,64.0,0.75,25.01,0.76,28.36,0.01,0.01,2352.2275,1776323494000
1776323497.555,97.555,0.22,95.0,0.21,70.0,0.23,105.0,0.24,41.0,0.74,89.81,0.73,64.0,0.75,26.65,0.76,13.36,0.01,0.01,2352.271615,1776323496000
1776323497.995,97.995,0.21,149.87,0.2,53.0,0.22,40.0,0.23,122.03,0.77,187.03,0.76,41.0,0.78,13.0,0.79,95.0,0.01,0.01,2352.271615,1776323496000
1776323498.291,98.291,0.21,143.6,0.2,53.0,0.22,35.0,0.23,47.0,0.78,30.0,0.77,122.03,0.79,149.87,0.8,53.0,0.01,0.01,2352.271615,1776323496000
1776323499.234,99.234,0.21,128.6,0.2,53.0,0.22,64.0,0.23,91.52,0.78,35.0,0.77,47.0,0.79,143.6,0.8,53.0,0.01,0.01,2352.282733,1776323497000
1776323504.334,104.334,0.24,85.0,0.23,28.0,0.26,38.32,0.27,19.0,0.78,64.0,0.77,91.52,0.79,128.6,0.8,53.0,0.02,0.01,2352.13662,1776323502000
1776323505.305,105.305,0.25,89.0,0.24,133.0,0.26,33.52,0.27,19.0,0.74,38.32,0.73,19.0,0.76,85.0,0.77,28.0,0.01,0.02,2352.315104,1776323504000
1776323505.626,105.626,0.25,74.76,0.24,144.0,0.26,27.52,0.27,19.0,0.74,27.52,0.73,19.0,0.75,89.0,0.76,133.0,0.01,0.01,2352.315104,1776323504000
1776323505.964,105.964,0.25,74.76,0.24,144.0,0.26,23.67,0.27,5.0,0.74,27.52,0.73,19.0,0.75,74.76,0.76,144.0,0.01,0.01,2352.315104,1776323504000
1776323508.197,108.197,0.25,26.76,0.24,144.0,0.26,43.86,0.27,49.52,0.74,23.67,0.73,5.0,0.75,74.76,0.76,144.0,0.01,0.01,2352.38428,1776323507000
1776323508.677,108.677,0.25,21.53,0.24,144.0,0.26,38.86,0.27,49.52,0.74,43.86,0.73,49.52,0.75,26.76,0.76,144.0,0.01,0.01,2352.38428,1776323507000
1776323508.97,108.97,0.25,31.53,0.24,144.0,0.26,7.86,0.27,5.0,0.74,38.86,0.73,49.52,0.75,21.53,0.76,144.0,0.01,0.01,2352.38428,1776323507000
1776323509.43,109.43,0.27,83.0,0.26,21.0,0.29,23.61,0.3,15.0,0.72,9.62,0.71,10.0,0.75,31.53,0.76,144.0,0.02,0.03,2352.39202,1776323508000
1776323509.784,109.784,0.27,31.0,0.26,26.0,0.29,25.16,0.3,70.74,0.71,25.16,0.7,70.74,0.72,28.0,0.73,61.0,0.02,0.01,2352.39202,1776323508000
1776323510.271,110.271,0.27,41.0,0.26,21.0,0.28,3.83,0.29,20.16,0.71,25.16,0.7,70.74,0.73,31.0,0.74,26.0,0.01,0.02,2352.50492,1776323509000
1776323511.749,111.749,0.27,7.26,0.19,10.0,0.28,193.0,0.29,24.0,0.72,3.83,0.71,20.16,0.73,41.0,0.74,21.0,0.01,0.01,2352.516486,1776323510000
1776323512.231,112.231,0.15,150.71,0.14,55.0,0.16,20.0,0.17,15.0,0.84,15.0,0.83,10.0,0.85,135.91,0.86,29.0,0.01,0.01,2352.408185,1776323511000
1776323512.527,112.527,0.16,8.91,0.15,103.72,0.17,20.0,0.18,20.0,0.83,15.0,0.82,20.0,0.84,10.96,0.85,73.72,0.01,0.01,2352.408185,1776323511000
1776323512.961,112.961,0.16,30.17,0.15,103.72,0.17,50.0,0.18,20.0,0.83,20.0,0.82,20.0,0.84,8.91,0.85,103.72,0.01,0.01,2352.408185,1776323511000
1776323513.657,113.657,0.16,25.17,0.15,108.72,0.17,64.0,0.18,108.0,0.83,50.0,0.82,20.0,0.84,25.17,0.85,103.72,0.01,0.01,2352.527985,1776323512000
1776323514.511,114.511,0.16,19.17,0.15,108.72,0.17,45.0,0.18,25.0,0.83,64.0,0.82,108.0,0.84,25.17,0.85,108.72,0.01,0.01,2352.082181,1776323513000
1776323515.028,115.028,0.16,13.67,0.15,108.72,0.17,71.68,0.18,25.0,0.83,45.0,0.82,25.0,0.84,19.17,0.85,108.72,0.01,0.01,2351.864009,1776323514000
1776323515.453,115.453,0.16,13.67,0.15,108.72,0.17,66.66,0.18,25.0,0.83,71.68,0.82,25.0,0.84,13.67,0.85,108.72,0.01,0.01,2351.864009,1776323514000
1776323520.585,120.585,0.16,32.71,0.15,110.0,0.17,56.68,0.18,25.0,0.83,66.66,0.82,25.0,0.84,13.67,0.85,108.72,0.01,0.01,2351.861691,1776323518000
1776323521.242,121.242,0.16,164.31,0.15,78.0,0.17,15.79,0.21,5.0,0.83,56.68,0.82,25.0,0.84,29.31,0.85,110.0,0.01,0.01,2351.73518,1776323520000
1776323521.539,121.539,0.16,1.0,0.15,10.0,0.17,20.0,0.18,27.0,0.79,112.67,0.78,95.0,0.81,8.0,0.84,54.0,0.01,0.02,2351.73518,1776323520000
1776323521.903,121.903,0.14,4.83,0.13,15.0,0.15,101.0,0.16,15.0,0.85,5.0,0.84,10.0,0.87,15.0,0.88,53.0,0.01,0.02,2351.73518,1776323520000
1776323522.239,122.239,0.14,9.83,0.13,45.0,0.15,86.0,0.16,15.0,0.85,101.0,0.84,15.0,0.86,4.83,0.87,15.0,0.01,0.01,2351.73518,1776323520000
1776323522.443,122.443,0.14,4.83,0.13,45.0,0.15,86.0,0.16,145.02,0.85,86.0,0.84,15.0,0.86,9.83,0.87,45.0,0.01,0.01,2351.776425,1776323521000
1776323523.106,123.106,0.13,44.02,0.12,40.0,0.15,147.0,0.16,168.02,0.85,86.0,0.84,145.02,0.86,4.83,0.87,45.0,0.02,0.01,2351.776425,1776323521000
1776323524.395,124.395,0.13,32.0,0.12,15.0,0.14,128.26,0.15,56.0,0.85,147.0,0.84,168.02,0.88,15.0,0.89,84.0,0.01,0.03,2351.832625,1776323522000
1776323525.849,125.849,0.13,19.26,0.12,15.0,0.14,87.35,0.15,93.0,0.86,128.26,0.85,56.0,0.87,8.26,0.88,15.0,0.01,0.01,2351.48473,1776323524000
1776323526.63,126.63,0.12,15.0,0.11,65.0,0.14,229.59,0.15,81.0,0.86,87.35,0.85,93.0,0.87,19.26,0.88,15.0,0.02,0.01,2351.611706,1776323525000
1776323527.056,127.056,0.13,8.85,0.12,15.0,0.14,105.14,0.15,81.0,0.86,234.59,0.85,81.0,0.87,8.85,0.88,15.0,0.01,0.01,2351.611706,1776323525000
1776323527.786,127.786,0.13,5.88,0.12,15.0,0.14,124.81,0.15,81.0,0.86,105.14,0.85,81.0,0.87,8.85,0.88,15.0,0.01,0.01,2351.56155,1776323526000
1776323528.217,128.217,0.12,11.73,0.11,65.0,0.14,139.81,0.15,81.0,0.86,124.81,0.85,81.0,0.87,5.88,0.88,15.0,0.02,0.01,2351.56155,1776323526000
1776323529.573,129.573,0.1,30.0,0.09,15.0,0.11,94.0,0.12,49.77,0.86,139.81,0.85,81.0,0.88,11.73,0.89,65.0,0.01,0.02,2351.560235,1776323528000
1776323530.308,130.308,0.1,7.77,0.09,5.66,0.11,72.0,0.12,64.77,0.89,99.0,0.88,54.77,0.91,5.66,0.92,41.0,0.01,0.02,2351.573705,1776323529000
1776323530.538,130.538,0.1,5.0,0.09,5.66,0.11,65.02,0.12,55.0,0.89,81.77,0.88,55.0,0.9,7.77,0.91,5.66,0.01,0.01,2351.573705,1776323529000
1776323533.236,133.236,0.09,3.58,0.08,15.0,0.11,51.77,0.12,85.1,0.89,65.02,0.88,55.0,0.9,5.0,0.91,5.66,0.02,0.01,2351.38264,1776323531000
1776323533.558,133.558,0.09,13.58,0.08,15.0,0.11,47.67,0.12,85.1,0.89,51.77,0.88,85.1,0.91,3.58,0.92,15.0,0.02,0.02,2351.38264,1776323531000
1776323534.12,134.12,0.09,3.58,0.08,15.0,0.11,72.67,0.12,75.1,0.89,47.67,0.88,85.1,0.91,13.58,0.92,15.0,0.02,0.02,2351.537897,1776323532000
1776323538.275,138.275,0.09,7.48,0.08,15.0,0.1,68.88,0.11,68.77,0.89,72.67,0.88,75.1,0.91,3.58,0.92,15.0,0.01,0.02,2351.44201,1776323536000
1776323539.7,139.7,0.09,7.48,0.08,15.0,0.1,73.65,0.11,50.0,0.9,68.88,0.89,68.77,0.91,7.48,0.92,15.0,0.01,0.01,2351.41771,1776323538000
1776323541.134,141.134,0.09,6.24,0.08,15.0,0.1,73.65,0.11,65.0,0.9,73.65,0.89,50.0,0.91,7.48,0.92,15.0,0.01,0.01,2351.394795,1776323539000
1776323541.549,141.549,0.09,16.24,0.08,64.0,0.1,59.65,0.11,15.0,0.9,73.65,0.89,65.0,0.91,6.24,0.92,15.0,0.01,0.01,2351.403135,1776323540000
1776323542.721,142.721,0.09,59.24,0.08,192.89,0.12,52.1,0.13,15.0,0.9,59.65,0.89,15.0,0.91,16.24,0.92,64.0,0.03,0.01,2351.42501,1776323541000
1776323545.871,145.871,0.13,21.0,0.12,45.0,0.14,56.47,0.15,10.0,0.88,65.38,0.86,32.47,0.89,70.0,0.9,43.0,0.01,0.01,2351.556813,1776323544000
1776323546.14,146.14,0.13,31.0,0.12,45.0,0.14,6.09,0.15,10.0,0.86,51.09,0.85,10.0,0.87,21.0,0.88,45.0,0.01,0.01,2351.70514,1776323545000
1776323546.827,146.827,0.13,68.0,0.12,50.0,0.16,10.0,0.17,40.0,0.86,6.09,0.85,10.0,0.87,31.0,0.88,45.0,0.03,0.01,2351.70514,1776323545000
1776323548.925,148.925,0.16,113.77,0.15,25.0,0.17,118.88,0.18,25.1,0.83,25.1,0.82,15.0,0.84,81.0,0.85,15.0,0.01,0.01,2351.92093,1776323547000
1776323550.244,150.244,0.16,95.13,0.15,25.0,0.17,151.16,0.18,10.0,0.83,118.88,0.82,25.1,0.84,101.77,0.85,25.0,0.01,0.01,2352.025714,1776323549000
1776323550.538,150.538,0.16,199.81,0.15,52.81,0.17,41.09,0.18,10.0,0.83,151.16,0.82,10.0,0.84,95.13,0.85,25.0,0.01,0.01,2352.025714,1776323549000
1776323550.92,150.92,0.21,28.38,0.2,45.0,0.22,93.0,0.23,15.0,0.76,4.9,0.75,15.0,0.79,26.73,0.8,30.0,0.01,0.03,2352.025714,1776323549000
1776323551.214,151.214,0.2,23.18,0.16,24.0,0.22,168.1,0.23,32.0,0.78,93.0,0.77,15.0,0.79,1.81,0.8,45.0,0.02,0.01,2352.10852,1776323550000
1776323551.56,151.56,0.16,2.07,0.15,15.0,0.18,14.72,0.19,48.0,0.83,5.0,0.82,5.0,0.84,17.07,0.85,25.0,0.02,0.01,2352.10852,1776323550000
1776323551.983,151.983,0.17,10.0,0.16,10.0,0.18,12.96,0.19,48.0,0.82,14.72,0.81,48.0,0.84,2.07,0.85,15.0,0.01,0.02,2352.10852,1776323550000
1776323553.853,153.853,0.17,34.88,0.16,15.0,0.18,109.06,0.19,28.0,0.82,17.96,0.81,48.0,0.83,4.93,0.84,10.0,0.01,0.01,2352.179175,1776323552000
1776323554.431,154.431,0.17,49.88,0.16,20.0,0.19,18.0,0.2,15.0,0.82,109.06,0.81,28.0,0.83,34.88,0.84,15.0,0.02,0.01,2352.171294,1776323553000
1776323555.272,155.272,0.18,20.56,0.17,18.88,0.19,79.8,0.2,129.41,0.81,18.0,0.8,15.0,0.83,49.88,0.84,20.0,0.01,0.02,2352.127812,1776323554000
1776323558.172,158.172,0.15,1.31,0.14,15.0,0.16,67.0,0.17,29.0,0.81,79.8,0.8,129.41,0.82,20.56,0.83,18.88,0.01,0.01,2352.12257,1776323556000
1776323558.618,158.618,0.14,16.31,0.13,26.0,0.16,46.0,0.17,29.0,0.84,67.0,0.83,29.0,0.85,1.31,0.86,15.0,0.02,0.01,2352.208451,1776323557000
1776323559.105,159.105,0.14,10.0,0.13,15.0,0.15,26.73,0.16,57.8,0.84,46.0,0.83,29.0,0.86,16.31,0.87,26.0,0.01,0.02,2352.208451,1776323557000
1776323559.424,159.424,0.14,5.0,0.13,10.0,0.15,26.73,0.16,57.8,0.85,26.73,0.84,57.8,0.86,10.0,0.87,15.0,0.01,0.01,2352.15691,1776323558000
1776323559.724,159.724,0.13,5.36,0.12,15.0,0.15,36.73,0.16,57.8,0.85,26.73,0.84,57.8,0.86,5.0,0.87,10.0,0.02,0.01,2352.15691,1776323558000
1776323560.087,160.087,0.11,71.35,0.1,170.99,0.15,57.73,0.16,36.0,0.85,36.73,0.84,57.8,0.87,5.36,0.88,15.0,0.04,0.02,2352.14423,1776323559000
1776323561.774,161.774,0.13,16.86,0.12,10.0,0.14,40.0,0.15,25.0,0.85,57.73,0.84,36.0,0.89,71.35,0.9,170.99,0.01,0.04,2352.06957,1776323560000
1776323562.64,162.64,0.13,226.85,0.12,49.0,0.14,44.88,0.18,32.69,0.86,40.0,0.85,25.0,0.87,16.86,0.88,10.0,0.01,0.01,2352.009975,1776323561000
1776323562.842,162.842,0.14,14.2,0.13,140.04,0.18,32.59,0.2,50.0,0.82,32.59,0.8,50.0,0.86,30.0,0.87,204.85,0.04,0.04,2352.009975,1776323561000
1776323563.338,163.338,0.17,81.0,0.16,223.99,0.18,27.33,0.2,50.0,0.82,27.33,0.81,5.0,0.84,9.0,0.85,84.18,0.01,0.02,2352.076148,1776323562000
1776323563.812,163.812,0.17,185.18,0.16,93.81,0.18,20.67,0.2,50.0,0.82,27.33,0.8,50.0,0.83,81.0,0.84,223.99,0.01,0.01,2352.076148,1776323562000
1776323566.245,166.245,0.19,191.4,0.18,50.4,0.2,42.0,0.25,5.0,0.8,50.0,0.76,5.0,0.83,223.18,0.84,115.81,0.01,0.03,2352.40193,1776323565000
1776323566.52,166.52,0.19,307.39,0.18,73.4,0.2,37.0,0.28,30.1,0.8,42.0,0.75,5.0,0.81,191.4,0.82,50.4,0.01,0.01,2352.40193,1776323565000
1776323566.878,166.878,0.34,10.0,0.33,10.0,0.35,0.08,0.37,17.0,0.72,30.1,0.71,15.0,0.81,302.39,0.82,73.4,0.01,0.09,2352.40193,1776323565000
1776323567.096,167.096,0.36,7.84,0.35,17.0,0.38,15.0,0.39,51.0,0.62,15.0,0.61,51.0,0.66,22.9,0.67,20.0,0.02,0.04,2352.40193,1776323565000
1776323567.51,167.51,0.35,12.0,0.33,15.0,0.37,15.0,0.38,5.0,0.63,10.0,0.62,5.0,0.64,13.88,0.65,7.0,0.02,0.01,2352.537761,1776323566000
1776323567.792,167.792,0.34,12.8,0.33,15.0,0.36,10.0,0.37,13.85,0.64,15.0,0.63,18.85,0.65,10.46,0.67,15.0,0.02,0.01,2352.537761,1776323566000
1776323568.104,168.104,0.3,115.64,0.29,29.81,0.35,10.0,0.36,10.0,0.64,15.0,0.63,13.85,0.67,15.0,0.68,22.0,0.05,0.03,2352.541752,1776323567000
1776323568.557,168.557,0.33,16.0,0.32,15.0,0.34,8.72,0.35,10.0,0.65,10.0,0.64,10.0,0.7,115.64,0.71,29.81,0.01,0.05,2352.541752,1776323567000
1776323568.768,168.768,0.33,2.85,0.32,15.0,0.34,8.72,0.35,15.0,0.66,8.72,0.65,10.0,0.67,5.84,0.68,15.0,0.01,0.01,2352.541752,1776323567000
1776323569.511,169.511,0.35,24.0,0.34,26.0,0.36,78.79,0.37,10.0,0.66,8.72,0.65,15.0,0.67,2.85,0.68,15.0,0.01,0.01,2352.694227,1776323568000
1776323571.731,171.731,0.35,190.0,0.34,110.18,0.36,7.46,0.41,5.0,0.64,53.77,0.63,10.0,0.65,24.0,0.66,26.0,0.01,0.01,2353.06161,1776323570000
1776323572.203,172.203,0.38,86.0,0.37,22.0,0.39,5.0,0.4,15.0,0.6,10.0,0.59,15.0,0.65,163.0,0.66,110.18,0.01,0.05,2353.06396,1776323571000
1776323572.472,172.472,0.39,138.0,0.38,30.0,0.41,15.0,0.42,15.86,0.61,5.0,0.6,15.0,0.62,86.0,0.63,22.0,0.02,0.01,2353.06396,1776323571000
1776323572.675,172.675,0.43,11.62,0.41,50.0,0.5,77.66,0.51,142.23,0.51,0.94,0.5,85.0,0.57,11.62,0.6,42.0,0.07,0.06,2353.06396,1776323571000
1776323573.228,173.228,0.4,12.5,0.38,11.0,0.44,15.0,0.45,10.0,0.56,20.0,0.55,15.0,0.57,12.46,0.58,10.0,0.04,0.01,2353.158734,1776323572000
1776323573.461,173.461,0.37,4.9,0.36,5.0,0.38,20.0,0.39,28.19,0.59,20.0,0.58,25.0,0.65,5.0,0.66,5.0,0.01,0.06,2353.158734,1776323572000
1776323573.96,173.96,0.35,12.13,0.34,5.0,0.36,20.0,0.37,15.0,0.62,30.0,0.61,20.0,0.65,2.67,0.66,5.0,0.01,0.03,2353.158734,1776323572000
1776323574.622,174.622,0.34,10.0,0.33,20.69,0.35,14.0,0.36,15.0,0.64,15.0,0.63,15.0,0.67,20.69,0.68,21.0,0.01,0.03,2353.159398,1776323573000
1776323574.973,174.973,0.32,9.47,0.31,15.0,0.34,25.0,0.35,14.0,0.65,14.0,0.64,15.0,0.66,10.0,0.67,20.69,0.02,0.01,2353.159398,1776323573000
1776323575.232,175.232,0.32,0.72,0.31,15.0,0.34,25.0,0.35,14.0,0.66,25.0,0.65,14.0,0.68,9.47,0.69,15.0,0.02,0.02,2353.30582,1776323574000
1776323575.727,175.727,0.31,15.0,0.3,54.65,0.33,20.0,0.34,20.0,0.66,25.0,0.65,14.0,0.68,0.72,0.69,15.0,0.02,0.02,2353.30582,1776323574000
1776323576.466,176.466,0.32,13.0,0.31,20.0,0.33,5.0,0.34,10.0,0.67,15.0,0.66,20.0,0.69,15.0,0.7,54.65,0.01,0.02,2353.30582,1776323574000
1776323576.915,176.915,0.32,10.0,0.31,15.0,0.34,20.0,0.35,14.0,0.67,5.0,0.66,10.0,0.7,54.65,0.71,32.5,0.02,0.03,2353.086485,1776323575000
1776323577.226,177.226,0.3,46.01,0.29,32.5,0.34,20.0,0.35,14.0,0.66,20.0,0.65,14.0,0.69,4.08,0.7,71.65,0.04,0.03,2353.086485,1776323575000
1776323577.497,177.497,0.32,15.0,0.31,15.0,0.34,20.0,0.35,14.0,0.66,20.0,0.65,14.0,0.71,32.5,0.72,144.07,0.02,0.05,2353.07757,1776323576000
1776323577.888,177.888,0.32,22.44,0.31,20.0,0.34,15.0,0.35,14.0,0.66,20.0,0.65,14.0,0.68,15.0,0.69,15.0,0.02,0.02,2353.07757,1776323576000
1776323578.669,178.669,0.37,16.0,0.36,16.0,0.39,5.0,0.4,5.0,0.66,15.0,0.65,14.0,0.68,22.44,0.69,20.0,0.02,0.02,2353.058587,1776323577000
1776323579.035,179.035,0.38,16.0,0.37,36.0,0.4,1.87,0.41,55.0,0.61,5.0,0.6,5.0,0.63,16.0,0.64,16.0,0.02,0.02,2353.058587,1776323577000
1776323579.405,179.405,0.37,11.0,0.35,10.0,0.4,11.87,0.41,65.0,0.6,1.87,0.59,55.0,0.62,16.0,0.63,36.0,0.03,0.02,2353.058587,1776323577000
1776323579.89,179.89,0.37,20.41,0.35,10.0,0.38,15.0,0.39,91.64,0.6,11.87,0.59,65.0,0.63,11.0,0.65,10.0,0.01,0.03,2353.06091,1776323578000
1776323580.84,180.84,0.35,10.0,0.33,5.0,0.36,6.75,0.37,15.0,0.62,15.0,0.61,91.64,0.65,10.0,0.67,5.0,0.01,0.03,2353.06461,1776323579000
1776323581.624,181.624,0.38,25.38,0.37,10.0,0.39,15.0,0.4,15.0,0.64,6.75,0.63,15.0,0.65,10.0,0.67,5.0,0.01,0.01,2353.214485,1776323580000
1776323581.953,181.953,0.33,4.9,0.32,6.44,0.34,56.0,0.35,30.0,0.62,9.9,0.61,10.0,0.63,5.0,0.64,5.0,0.01,0.01,2353.214633,1776323581000
1776323582.418,182.418,0.33,9.9,0.32,22.94,0.34,66.05,0.35,25.0,0.66,56.0,0.65,30.0,0.67,4.9,0.68,6.44,0.01,0.01,2353.214633,1776323581000
1776323582.907,182.907,0.28,9.31,0.27,5.0,0.33,45.0,0.34,66.05,0.66,66.05,0.65,25.0,0.67,9.9,0.68,22.94,0.05,0.01,2353.214633,1776323581000
1776323583.879,183.879,0.27,24.87,0.26,44.7,0.29,15.0,0.3,15.0,0.67,50.0,0.66,61.05,0.73,11.36,0.74,122.88,0.02,0.06,2353.11274,1776323582000
1776323585.724,185.724,0.25,84.18,0.24,29.7,0.29,25.0,0.3,20.0,0.71,5.0,0.7,15.0,0.73,24.87,0.74,122.88,0.04,0.02,2353.017352,1776323584000
1776323586.576,186.576,0.22,17.0,0.21,5.0,0.25,10.0,0.26,20.0,0.71,25.0,0.7,20.0,0.75,84.18,0.76,29.7,0.03,0.04,2352.980461,1776323585000
1776323586.91,186.91,0.23,14.07,0.22,32.0,0.24,15.0,0.25,35.0,0.76,10.0,0.75,35.0,0.77,33.0,0.78,32.0,0.01,0.01,2352.980461,1776323585000
1776323587.132,187.132,0.23,7.4,0.22,103.35,0.24,5.0,0.25,25.0,0.76,15.0,0.75,35.0,0.78,19.17,0.79,15.0,0.01,0.02,2352.980461,1776323585000
1776323588.363,188.363,0.21,75.71,0.2,30.0,0.22,54.0,0.23,20.0,0.76,5.0,0.75,25.0,0.77,7.4,0.78,103.35,0.01,0.01,2352.914558,1776323587000
1776323588.656,188.656,0.18,80.35,0.17,78.5,0.19,10.0,0.2,20.0,0.78,54.0,0.77,20.0,0.79,75.71,0.8,30.0,0.01,0.01,2352.914558,1776323587000
1776323588.965,188.965,0.16,76.0,0.15,28.09,0.17,40.0,0.18,35.0,0.81,10.0,0.8,20.0,0.82,80.35,0.83,78.5,0.01,0.01,2352.914558,1776323587000
1776323589.444,189.444,0.16,72.86,0.15,23.09,0.17,23.0,0.18,25.0,0.83,33.0,0.82,35.0,0.84,70.05,0.85,23.09,0.01,0.01,2352.92112,1776323588000
1776323589.774,189.774,0.16,100.86,0.15,38.09,0.17,18.0,0.18,25.0,0.83,23.0,0.82,25.0,0.84,72.86,0.85,23.09,0.01,0.01,2352.92112,1776323588000
1776323591.987,191.987,0.16,131.86,0.15,56.09,0.19,3.94,0.2,15.0,0.83,18.0,0.82,25.0,0.84,100.86,0.85,38.09,0.03,0.01,2352.582192,1776323590000
1776323593.057,193.057,0.18,5.0,0.17,10.0,0.19,10.39,0.2,15.0,0.81,3.94,0.8,15.0,0.82,10.0,0.84,131.86,0.01,0.01,2352.512986,1776323591000
1776323593.284,193.284,0.18,5.0,0.17,15.0,0.19,7.42,0.2,15.0,0.81,10.39,0.8,15.0,0.82,5.0,0.83,15.0,0.01,0.01,2352.512986,1776323591000
1776323593.561,193.561,0.18,10.0,0.17,15.0,0.2,15.0,0.21,65.0,0.81,7.42,0.8,15.0,0.82,5.0,0.83,15.0,0.02,0.01,2352.573486,1776323592000
1776323593.853,193.853,0.19,16.0,0.18,20.0,0.21,65.0,0.22,28.0,0.8,15.0,0.79,65.0,0.82,10.0,0.83,15.0,0.02,0.02,2352.573486,1776323592000
1776323594.979,194.979,0.21,5.0,0.2,83.0,0.29,3.51,0.31,50.0,0.79,65.0,0.78,28.0,0.81,16.0,0.82,20.0,0.08,0.02,2352.530915,1776323594000
1776323595.748,195.748,0.3,44.0,0.29,11.0,0.31,61.31,0.32,32.5,0.69,49.9,0.67,10.0,0.79,15.0,0.8,114.0,0.01,0.1,2352.530915,1776323594000
1776323596.717,196.717,0.3,7.0,0.29,16.0,0.31,78.11,0.32,37.5,0.69,73.11,0.68,32.5,0.7,12.0,0.71,11.0,0.01,0.01,2352.544476,1776323595000
1776323597.112,197.112,0.3,5.66,0.29,16.0,0.31,94.11,0.32,26.5,0.69,78.11,0.68,37.5,0.7,7.0,0.71,16.0,0.01,0.01,2352.811975,1776323596000
1776323597.574,197.574,0.3,3.9,0.29,16.0,0.31,89.11,0.32,26.5,0.69,94.11,0.68,26.5,0.7,5.66,0.71,16.0,0.01,0.01,2352.811975,1776323596000
1776323601.478,201.478,0.3,6.9,0.29,11.0,0.31,79.11,0.32,31.5,0.69,89.11,0.68,26.5,0.7,3.9,0.71,16.0,0.01,0.01,2352.926735,1776323600000
1776323602.121,202.121,0.29,10.98,0.28,16.0,0.31,84.11,0.32,43.5,0.69,79.11,0.68,31.5,0.7,6.9,0.71,11.0,0.02,0.01,2352.926735,1776323600000
1776323603.493,203.493,0.29,13.98,0.28,6.0,0.3,29.21,0.31,83.11,0.69,84.11,0.68,43.5,0.71,10.98,0.72,16.0,0.01,0.02,2352.94146,1776323602000
1776323605.062,205.062,0.29,17.57,0.28,6.0,0.3,34.21,0.31,90.11,0.7,29.21,0.69,83.11,0.71,13.98,0.72,6.0,0.01,0.01,2352.93943,1776323603000
1776323606.263,206.263,0.29,10.52,0.28,6.0,0.3,34.21,0.31,90.11,0.7,34.21,0.69,90.11,0.71,17.57,0.72,6.0,0.01,0.01,2352.93926,1776323604000
1776323609.595,209.595,0.28,6.0,0.27,5.0,0.3,52.21,0.31,96.11,0.7,34.21,0.69,90.11,0.71,10.52,0.72,6.0,0.02,0.01,2352.933385,1776323608000
1776323610.49,210.49,0.28,6.0,0.27,5.0,0.29,35.34,0.3,28.0,0.7,52.21,0.69,96.11,0.72,6.0,0.73,5.0,0.01,0.02,2352.93393,1776323609000
1776323613.945,213.945,0.23,5.0,0.22,10.0,0.29,88.58,0.3,34.0,0.71,35.34,0.7,28.0,0.72,6.0,0.73,5.0,0.06,0.01,2352.94268,1776323612000
1776323617.008,217.008,0.23,15.0,0.22,10.0,0.33,3.47,0.34,26.0,0.71,88.58,0.7,34.0,0.77,5.0,0.78,10.0,0.1,0.06,2352.953724,1776323615000
1776323617.644,217.644,0.24,4.67,0.23,15.0,0.26,68.4,0.27,96.2,0.67,3.47,0.66,26.0,0.77,15.0,0.78,10.0,0.02,0.1,2352.948724,1776323616000
1776323618.062,218.062,0.21,85.0,0.2,20.0,0.22,22.68,0.25,32.11,0.74,39.57,0.73,96.2,0.76,4.67,0.77,15.0,0.01,0.02,2352.948724,1776323616000
1776323618.382,218.382,0.16,94.87,0.15,64.7,0.21,92.11,0.22,89.13,0.78,22.68,0.75,32.11,0.79,85.0,0.8,20.0,0.05,0.01,2352.948724,1776323616000
1776323618.675,218.675,0.16,85.32,0.15,65.66,0.17,7.11,0.18,10.0,0.82,10.0,0.81,28.0,0.84,85.32,0.85,81.66,0.01,0.02,2352.85452,1776323617000
1776323619.537,219.537,0.16,88.48,0.15,71.66,0.17,17.11,0.18,15.0,0.83,7.11,0.82,10.0,0.84,85.32,0.85,65.66,0.01,0.01,2352.92535,1776323618000
1776323619.836,219.836,0.16,7.52,0.15,6.66,0.17,49.11,0.18,15.0,0.83,17.11,0.82,15.0,0.84,88.48,0.85,71.66,0.01,0.01,2352.92535,1776323618000
1776323620.166,220.166,0.12,80.73,0.11,100.56,0.14,27.11,0.15,15.0,0.86,12.11,0.85,15.0,0.87,3.34,0.88,77.95,0.02,0.01,2352.909205,1776323619000
1776323620.483,220.483,0.12,78.55,0.11,100.56,0.13,17.11,0.14,34.0,0.87,7.11,0.86,176.9,0.88,78.68,0.89,100.56,0.01,0.01,2352.909205,1776323619000
1776323620.808,220.808,0.12,65.55,0.11,100.55,0.13,7.11,0.14,34.0,0.87,17.11,0.86,34.0,0.88,78.55,0.89,100.56,0.01,0.01,2352.909205,1776323619000
1776323621.459,221.459,0.12,2.6,0.11,133.55,0.14,26.38,0.15,148.57,0.87,7.11,0.86,34.0,0.88,65.55,0.89,100.55,0.02,0.01,2352.909205,1776323619000
1776323624.318,224.318,0.19,13.29,0.18,15.0,0.2,7.0,0.21,10.0,0.86,26.38,0.85,148.57,0.87,3.86,0.88,2.6,0.01,0.01,2352.55528,1776323623000
1776323624.543,224.543,0.21,70.0,0.2,15.0,0.24,5.44,0.25,16.0,0.78,25.62,0.77,10.0,0.8,10.0,0.81,13.29,0.03,0.02,2352.55528,1776323623000
1776323624.75,224.75,0.23,15.0,0.22,15.0,0.25,10.0,0.26,10.0,0.76,5.44,0.75,16.0,0.79,70.0,0.8,15.0,0.02,0.03,2352.55528,1776323623000
1776323625.904,225.904,0.23,0.64,0.22,15.0,0.25,16.0,0.26,10.0,0.75,10.0,0.74,10.0,0.77,15.0,0.78,15.0,0.02,0.02,2352.609735,1776323624000
1776323626.259,226.259,0.24,15.0,0.23,10.64,0.26,10.0,0.27,16.0,0.75,16.0,0.74,10.0,0.77,0.64,0.78,15.0,0.02,0.02,2352.609735,1776323624000
1776323626.605,226.605,0.25,2.44,0.24,15.0,0.26,2.84,0.27,16.0,0.74,2.84,0.73,16.0,0.76,15.0,0.77,10.64,0.01,0.02,2352.58395,1776323625000
1776323629.137,229.137,0.26,55.0,0.25,17.44,0.28,56.08,0.29,27.45,0.74,2.84,0.73,16.0,0.75,2.44,0.76,15.0,0.02,0.01,2352.866171,1776323628000
1776323629.738,229.738,0.26,55.0,0.25,17.44,0.27,95.82,0.28,10.0,0.72,50.08,0.71,27.45,0.74,50.0,0.75,17.44,0.01,0.02,2352.866171,1776323628000
1776323631.195,231.195,0.26,53.64,0.25,17.44,0.27,15.0,0.28,65.39,0.73,95.82,0.72,10.0,0.74,55.0,0.75,17.44,0.01,0.01,2352.89835,1776323630000
1776323632.583,232.583,0.26,7.64,0.23,5.64,0.27,45.95,0.28,16.45,0.73,15.0,0.72,65.39,0.74,53.64,0.75,17.44,0.01,0.01,2352.879996,1776323631000
1776323633.819,233.819,0.23,0.64,0.22,5.0,0.27,52.4,0.28,16.45,0.73,45.95,0.72,16.45,0.74,5.53,0.77,0.64,0.04,0.01,2352.885215,1776323632000
1776323634.314,234.314,0.15,5.0,0.14,90.99,0.24,178.45,0.25,95.16,0.73,52.4,0.72,16.45,0.77,0.64,0.78,5.0,0.09,0.04,2352.885215,1776323632000
1776323634.82,234.82,0.11,5.0,0.1,85.0,0.13,35.0,0.14,15.0,0.76,183.45,0.75,95.16,0.86,78.66,0.87,92.84,0.02,0.1,2352.890117,1776323633000
1776323635.058,235.058,0.12,5.0,0.11,5.0,0.13,17.38,0.14,15.0,0.87,12.38,0.86,20.0,0.89,5.0,0.9,80.0,0.01,0.02,2352.890117,1776323633000
1776323635.306,235.306,0.11,3.26,0.1,80.0,0.13,17.38,0.14,20.0,0.87,17.38,0.86,15.0,0.88,5.0,0.89,5.0,0.02,0.01,2352.865946,1776323634000
1776323635.641,235.641,0.12,10.0,0.11,3.26,0.13,15.0,0.14,20.0,0.87,17.38,0.86,20.0,0.89,3.26,0.9,80.0,0.01,0.02,2352.865946,1776323634000
1776323636.996,236.996,0.12,10.0,0.11,3.26,0.13,5.0,0.14,15.0,0.87,15.0,0.86,20.0,0.88,10.0,0.89,3.26,0.01,0.01,2352.857137,1776323635000
1776323637.601,237.601,0.12,5.0,0.11,3.26,0.14,20.0,0.15,10.0,0.87,5.0,0.86,15.0,0.88,10.0,0.89,3.26,0.02,0.01,2352.595625,1776323636000
1776323639.88,239.88,0.12,17.23,0.11,8.26,0.13,15.0,0.14,15.0,0.86,20.0,0.85,10.0,0.88,5.0,0.89,3.26,0.01,0.02,2352.540554,1776323638000
1776323640.918,240.918,0.12,22.23,0.11,58.26,0.13,5.21,0.15,5.0,0.87,15.0,0.86,15.0,0.88,17.23,0.89,8.26,0.01,0.01,2352.506685,1776323640000
1776323641.343,241.343,0.15,4.82,0.14,15.0,0.16,56.85,0.17,37.0,0.84,18.13,0.83,37.0,0.86,10.0,0.87,15.0,0.01,0.02,2352.506685,1776323640000
1776323642.631,242.631,0.15,14.11,0.14,15.0,0.16,74.3,0.17,37.0,0.84,56.85,0.83,37.0,0.85,4.82,0.86,15.0,0.01,0.01,2352.517073,1776323641000
1776323644.072,244.072,0.18,8.0,0.17,29.0,0.19,3.94,0.2,10.0,0.84,74.3,0.83,37.0,0.85,14.11,0.86,15.0,0.01,0.01,2352.5767,1776323642000
1776323644.426,244.426,0.13,5.0,0.12,10.0,0.14,7.0,0.15,10.0,0.81,3.94,0.8,10.0,0.82,11.78,0.83,24.0,0.01,0.01,2352.676812,1776323643000
1776323644.672,244.672,0.11,5.0,0.1,50.0,0.12,20.0,0.13,15.0,0.86,7.0,0.85,10.0,0.87,5.0,0.88,10.0,0.01,0.01,2352.676812,1776323643000
1776323645.326,245.326,0.11,3.87,0.1,50.0,0.12,20.0,0.13,20.0,0.88,20.0,0.87,15.0,0.89,5.0,0.9,50.0,0.01,0.01,2352.731979,1776323644000
1776323646.817,246.817,0.11,0.87,0.1,10.0,0.12,42.0,0.13,20.0,0.88,20.0,0.87,20.0,0.89,3.87,0.9,50.0,0.01,0.01,2352.664725,1776323645000
1776323649.349,249.349,0.1,8.77,0.09,15.0,0.12,35.0,0.13,28.44,0.88,42.0,0.87,20.0,0.89,0.87,0.9,10.0,0.02,0.01,2352.576637,1776323648000
1776323650.215,250.215,0.1,7.65,0.09,15.0,0.12,20.0,0.13,39.44,0.88,35.0,0.87,28.44,0.9,8.77,0.91,15.0,0.02,0.02,2352.582628,1776323649000
1776323651.99,251.99,0.11,15.0,0.1,12.65,0.12,3.45,0.13,48.44,0.88,20.0,0.87,39.44,0.9,7.65,0.91,15.0,0.01,0.02,2352.522415,1776323650000
1776323652.915,252.915,0.1,7.65,0.09,10.0,0.11,2.34,0.12,29.45,0.88,3.45,0.87,48.44,0.89,15.0,0.9,12.65,0.01,0.01,2352.522395,1776323651000
1776323653.475,253.475,0.09,4.5,0.08,10.0,0.1,46.0,0.11,26.79,0.89,2.34,0.88,29.45,0.9,7.65,0.91,10.0,0.01,0.01,2352.537385,1776323652000
1776323654.221,254.221,0.08,10.0,0.07,75.3,0.09,10.5,0.1,49.0,0.9,46.0,0.89,26.79,0.91,4.5,0.92,10.0,0.01,0.01,2352.656729,1776323653000
1776323655.289,255.289,0.07,58.2,0.06,116.8,0.09,15.0,0.1,39.0,0.91,15.5,0.9,44.0,0.92,8.9,0.93,75.3,0.02,0.01,2352.55022,1776323654000
1776323656.514,256.514,0.05,242.96,0.04,230.8,0.09,25.0,0.1,25.0,0.91,15.0,0.9,39.0,0.93,58.2,0.94,116.8,0.04,0.02,2352.52967,1776323655000
1776323657.167,257.167,0.06,10.0,0.05,156.16,0.07,4.71,0.08,35.0,0.91,25.0,0.9,25.0,0.95,242.96,0.96,230.8,0.01,0.04,2352.52967,1776323655000
1776323657.465,257.465,0.05,53.85,0.04,25.0,0.06,190.45,0.07,55.16,0.93,4.71,0.92,35.0,0.94,10.0,0.95,156.16,0.01,0.01,2352.505786,1776323656000
1776323657.801,257.801,0.03,60.36,0.02,469.0,0.04,76.0,0.05,109.45,0.95,103.0,0.94,146.45,0.97,110.36,0.98,607.99,0.01,0.02,2352.505786,1776323656000
1776323658.289,258.289,0.03,53.2,0.02,257.0,0.04,45.0,0.05,81.45,0.96,76.0,0.95,109.45,0.97,58.36,0.98,469.0,0.01,0.01,2352.505786,1776323656000
1776323658.54,258.54,0.03,33.87,0.02,257.0,0.04,57.0,0.05,81.45,0.96,52.0,0.95,81.45,0.97,45.1,0.98,257.0,0.01,0.01,2352.57952,1776323657000
1776323658.755,258.755,0.03,22.51,0.02,257.0,0.04,47.0,0.05,71.45,0.96,47.0,0.95,71.45,0.97,22.51,0.98,257.0,0.01,0.01,2352.57952,1776323657000
1776323659.32,259.32,0.03,22.51,0.02,257.0,0.04,44.0,0.05,71.45,0.96,47.0,0.95,71.45,0.97,22.51,0.98,257.0,0.01,0.01,2352.509845,1776323658000
1776323659.988,259.988,0.03,16.33,0.02,257.0,0.04,49.0,0.05,67.45,0.96,44.0,0.95,71.45,0.97,22.51,0.98,257.0,0.01,0.01,2352.127405,1776323659000
1776323661.689,261.689,0.03,8.96,0.02,257.0,0.04,37.0,0.05,80.45,0.96,42.0,0.95,67.45,0.97,11.22,0.98,257.0,0.01,0.01,2352.0647,1776323660000
1776323662.014,262.014,0.03,7.92,0.02,257.0,0.04,49.0,0.05,80.45,0.96,37.0,0.95,80.45,0.97,8.96,0.98,257.0,0.01,0.01,2352.0647,1776323660000
1776323662.578,262.578,0.01,6776.86,,,0.04,42.0,0.05,171.25,0.96,42.0,0.95,171.25,0.97,6.88,0.98,257.0,0.03,0.01,2352.061775,1776323661000
1776323662.95,262.95,0.01,6771.86,,,0.03,15.0,0.04,130.7,0.96,42.0,0.95,171.25,0.99,6776.86,,,0.02,0.03,2352.061775,1776323661000
1776323663.184,263.184,0.01,6750.33,,,0.03,22.0,0.04,136.15,0.97,15.0,0.96,130.7,0.99,6770.84,,,0.02,0.02,2352.05785,1776323662000
1776323663.447,263.447,0.02,7.97,0.01,6750.33,0.03,12.27,0.04,136.15,0.97,12.27,0.96,136.15,0.99,6745.33,,,0.01,0.02,2352.05785,1776323662000
1776323663.76,263.76,0.02,2.97,0.01,6679.33,0.03,72.27,0.04,136.15,0.97,12.27,0.96,136.15,0.98,7.97,0.99,6750.33,0.01,0.01,2352.05785,1776323662000
1776323664.111,264.111,0.02,2.97,0.01,6679.33,0.03,75.95,0.04,150.15,0.97,72.27,0.96,136.15,0.98,2.97,0.99,6679.33,0.01,0.01,2352.05785,1776323663000
1776323664.49,264.49,0.01,1772.82,,,0.03,30.95,0.04,174.15,0.97,75.95,0.96,150.15,0.99,6679.27,,,0.02,0.02,2352.05785,1776323663000
1776323664.763,264.763,0.01,1760.82,,,0.03,35.95,0.04,169.15,0.97,30.95,0.96,174.15,0.99,1770.82,,,0.02,0.02,2352.05785,1776323663000
1776323665.015,265.015,0.01,1764.8,,,0.03,35.95,0.04,169.15,0.97,35.95,0.96,169.15,0.99,1760.82,,,0.02,0.02,2352.05785,1776323663000
1776323665.245,265.245,0.01,1507.78,,,0.03,43.95,0.04,169.15,0.97,45.95,0.96,169.15,0.99,1512.78,,,0.02,0.02,2352.129086,1776323664000
1776323665.573,265.573,0.01,1500.72,,,0.03,43.95,0.04,169.15,0.97,43.95,0.96,169.15,0.99,1500.72,,,0.02,0.02,2352.129086,1776323664000
1776323666.371,266.371,0.01,1083.12,,,0.02,22.1,0.03,26.95,0.97,43.95,0.96,169.15,0.99,1500.72,,,0.01,0.02,2352.040525,1776323665000
1776323666.636,266.636,0.01,1057.92,,,0.02,10.38,0.03,150.65,0.98,10.38,0.97,150.65,0.99,1083.12,,,0.01,0.01,2352.040525,1776323665000
1776323667.23,267.23,0.01,1015.86,,,0.02,15.1,0.03,150.65,0.98,10.1,0.97,150.65,0.99,1057.86,,,0.01,0.01,2352.034182,1776323666000
1776323667.968,267.968,0.01,986.84,,,0.02,71.1,0.03,150.65,0.98,15.1,0.97,150.65,0.99,1015.86,,,0.01,0.01,2352.034182,1776323666000
1776323668.377,268.377,0.01,942.73,,,0.02,71.1,0.03,150.65,0.98,71.1,0.97,150.65,0.99,971.79,,,0.01,0.01,2352.035252,1776323667000
1776323668.843,268.843,0.01,912.73,,,0.02,81.29,0.03,150.65,0.98,71.1,0.97,150.65,0.99,942.73,,,0.01,0.01,2352.035252,1776323667000
1776323669.652,269.652,0.01,892.73,,,0.02,81.29,0.03,160.65,0.98,81.29,0.97,150.65,0.99,912.73,,,0.01,0.01,2352.105365,1776323668000
1776323670.456,270.456,0.01,865.71,,,0.02,46.29,0.03,150.65,0.98,81.29,0.97,160.65,0.99,880.71,,,0.01,0.01,2352.054238,1776323669000
1776323671.204,271.204,0.01,818.77,,,0.02,46.29,0.03,164.09,0.98,46.29,0.97,159.09,0.99,845.5,,,0.01,0.01,2352.054238,1776323669000
1776323672.132,272.132,0.01,1729.1,,,0.03,5.0,0.04,20.0,0.98,46.29,0.97,164.09,0.99,818.77,,,0.02,0.01,2352.10979,1776323670000
1776323672.588,272.588,0.03,51.96,0.02,565.69,0.05,15.0,0.06,37.45,0.96,10.0,0.95,15.0,0.97,46.96,0.98,368.99,0.02,0.01,2352.06183,1776323671000
1776323673.174,273.174,0.02,374.37,0.01,1304.84,0.04,10.0,0.05,20.0,0.95,15.0,0.94,37.45,0.97,36.88,0.98,565.69,0.02,0.02,2352.06183,1776323671000
1776323673.615,273.615,0.03,80.52,0.02,360.37,0.06,5.75,0.07,112.01,0.96,10.0,0.95,20.0,0.98,374.37,0.99,1304.84,0.03,0.02,2352.1673,1776323672000
1776323676.435,276.435,0.05,0.52,0.04,10.0,0.06,278.2,0.07,56.71,0.94,5.75,0.93,112.01,0.97,80.52,0.98,360.37,0.01,0.03,2352.399995,1776323674000
1776323678.164,278.164,0.04,3.45,0.03,10.0,0.06,359.2,0.07,45.71,0.94,278.2,0.93,56.71,0.95,0.52,0.96,10.0,0.02,0.01,2352.399995,1776323674000
1776323678.444,278.444,0.03,8.45,0.02,10.0,0.05,93.45,0.06,121.0,0.94,359.2,0.93,45.71,0.96,3.45,0.97,10.0,0.02,0.02,2352.399995,1776323674000
1776323678.792,278.792,0.03,8.45,0.02,10.0,0.04,2.96,0.05,59.0,0.96,22.96,0.95,64.0,0.97,8.45,0.98,10.0,0.01,0.01,2352.399995,1776323674000
1776323680.278,280.278,0.02,5.0,0.01,613.51,0.04,89.45,0.05,59.0,0.96,2.96,0.95,59.0,0.97,3.45,0.98,10.0,0.02,0.01,2352.399995,1776323674000
1776323681.094,281.094,0.01,613.51,,,0.03,17.45,0.04,89.45,0.96,89.45,0.95,59.0,0.98,5.0,0.99,613.51,0.02,0.02,2352.399995,1776323674000
1776323682.347,282.347,0.01,740.4,,,0.02,5.0,0.03,22.45,0.97,17.45,0.96,89.45,0.99,613.51,,,0.01,0.02,2352.399995,1776323674000
1776323683.129,283.129,0.01,682.56,,,0.03,11.68,0.04,79.45,0.98,5.0,0.97,15.0,0.99,672.56,,,0.02,0.01,2352.387778,1776323682000
1776323685.469,285.469,0.02,15.0,0.01,820.56,0.05,50.0,0.06,94.0,0.97,11.68,0.96,79.45,0.99,682.56,,,0.03,0.02,2352.40115,1776323684000
1776323685.755,285.755,0.03,15.0,0.02,10.0,0.06,65.0,0.07,10.0,0.95,50.0,0.94,94.0,0.98,15.0,0.99,820.56,0.03,0.03,2352.40115,1776323684000
1776323686.735,286.735,0.04,4.58,0.03,10.0,0.06,15.0,0.07,36.0,0.94,65.75,0.93,36.0,0.97,15.0,0.98,10.0,0.02,0.03,2352.4204,1776323685000
1776323688.104,288.104,0.03,5.0,0.02,10.0,0.05,44.45,0.06,43.99,0.94,15.0,0.93,36.0,0.96,4.58,0.97,10.0,0.02,0.02,2352.620201,1776323686000
1776323688.824,288.824,0.02,8.08,0.01,614.56,0.04,10.0,0.05,39.45,0.95,44.45,0.94,43.99,0.97,5.0,0.98,10.0,0.02,0.02,2352.752488,1776323687000
1776323689.111,289.111,0.02,4.89,0.01,612.53,0.03,10.0,0.04,10.0,0.97,5.0,0.96,10.0,0.99,612.53,,,0.01,0.02,2352.845494,1776323688000
1776323689.728,289.728,0.01,612.53,,,0.02,5.11,0.03,25.0,0.98,5.11,0.97,5.0,0.99,612.53,,,0.01,0.01,2352.845494,1776323688000
1776323690.315,290.315,0.01,592.47,,,0.02,5.11,0.03,15.0,0.98,5.11,0.97,25.0,0.99,602.53,,,0.01,0.01,2352.811145,1776323689000
1776323691.393,291.393,0.01,382.72,,,0.02,10.11,0.03,15.0,0.98,5.11,0.97,15.0,0.99,592.47,,,0.01,0.01,2352.792295,1776323690000
1776323692.144,292.144,0.01,422.62,,,0.02,10.11,0.03,15.0,0.98,10.11,0.97,15.0,0.99,372.62,,,0.01,0.01,2352.792295,1776323690000
1776323692.655,292.655,0.01,422.62,,,0.02,10.11,0.03,15.0,0.98,10.11,0.97,15.0,0.99,422.62,,,0.01,0.01,2352.795381,1776323691000
1776323692.948,292.948,0.01,382.31,,,0.02,10.11,0.03,15.0,0.98,10.11,0.97,15.0,0.99,387.31,,,0.01,0.01,2352.830314,1776323692000
1776323693.18,293.18,0.01,366.29,,,0.02,10.11,0.03,15.0,0.98,10.11,0.97,15.0,0.99,372.31,,,0.01,0.01,2352.830314,1776323692000
1776323693.863,293.863,0.01,356.18,,,0.02,10.11,0.03,15.0,0.98,10.11,0.97,15.0,0.99,366.29,,,0.01,0.01,2352.830314,1776323692000
1776323694.364,294.364,0.01,351.18,,,0.02,15.11,0.03,15.0,0.98,10.11,0.97,15.0,0.99,356.18,,,0.01,0.01,2352.806466,1776323693000
1776323694.866,294.866,0.01,355.16,,,0.02,10.11,0.03,56.45,0.98,15.11,0.97,15.0,0.99,351.18,,,0.01,0.01,2352.806466,1776323693000
1776323695.163,295.163,0.01,270.16,,,0.02,10.11,0.03,56.45,0.98,10.11,0.97,56.45,0.99,275.16,,,0.01,0.01,2352.806466,1776323693000
1776323695.719,295.719,,,,,0.02,10.11,0.03,53.45,0.98,10.11,0.97,56.45,0.99,270.16,,,,0.01,2352.689534,1776323694000
1776323696.341,296.341,,,,,0.01,53.84,0.02,10.11,0.98,10.11,0.97,53.45,,,,,,,2352.689515,1776323695000
1776323699.739,299.739,,,,,0.01,17591.0,0.02,26.11,0.99,49.13,0.98,10.11,,,,,,,2352.64326,1776323698000

# RESULT,winner=Down,slug=eth-updown-5m-1776323400,ticks=342
