timestamp,elapsed_sec,up_bid_p1,up_bid_s1,up_bid_p2,up_bid_s2,up_ask_p1,up_ask_s1,up_ask_p2,up_ask_s2,down_bid_p1,down_bid_s1,down_bid_p2,down_bid_s2,down_ask_p1,down_ask_s1,down_ask_p2,down_ask_s2,up_spread,down_spread,eth_price,eth_oracle_ts
1776354600.928,0.928,0.46,150.0,0.45,8.88,0.51,16.0,0.52,100.0,0.51,5.0,0.5,8.58,0.54,150.0,0.55,8.88,0.05,0.03,2333.856953,1776354599000
1776354601.271,1.271,0.46,220.0,0.45,78.88,0.51,7.08,0.52,100.0,0.49,16.0,0.48,100.0,0.54,150.0,0.55,8.88,0.05,0.05,2333.856953,1776354599000
1776354602.075,2.075,0.47,5.0,0.46,70.0,0.51,12.08,0.52,100.0,0.49,7.08,0.48,100.0,0.54,220.0,0.55,78.88,0.04,0.05,2334.06712,1776354601000
1776354602.322,2.322,0.47,17.37,0.46,70.0,0.51,12.08,0.52,100.0,0.49,12.08,0.48,100.0,0.53,5.0,0.54,70.0,0.04,0.04,2334.06712,1776354601000
1776354602.573,2.573,0.47,0.28,0.46,70.0,0.51,4.31,0.52,100.0,0.49,12.08,0.48,100.0,0.53,17.37,0.54,70.0,0.04,0.04,2334.06712,1776354601000
1776354603.437,3.437,0.49,8.88,0.48,10.0,0.51,4.31,0.52,100.0,0.49,4.31,0.48,100.0,0.53,0.28,0.54,70.0,0.02,0.04,2334.0905,1776354602000
1776354604.157,4.157,0.51,92.73,0.49,13.88,0.52,110.0,0.53,15.0,0.49,4.31,0.48,100.0,0.51,8.88,0.52,10.0,0.01,0.02,2334.432512,1776354603000
1776354604.63,4.63,0.51,92.73,0.5,5.0,0.52,96.88,0.53,15.0,0.48,110.0,0.47,15.0,0.49,92.73,0.51,13.88,0.01,0.01,2334.432512,1776354603000
1776354605.042,5.042,0.51,79.33,0.5,5.0,0.52,93.82,0.53,15.0,0.48,93.82,0.47,15.0,0.49,89.54,0.5,5.0,0.01,0.01,2334.432512,1776354603000
1776354605.679,5.679,0.51,74.96,0.5,5.0,0.52,93.82,0.53,5.0,0.48,93.82,0.47,15.0,0.49,79.33,0.5,5.0,0.01,0.01,2334.325787,1776354604000
1776354606.426,6.426,0.51,129.96,0.5,70.0,0.52,88.82,0.54,10.0,0.48,93.82,0.47,5.0,0.49,74.96,0.5,5.0,0.01,0.01,2334.26693,1776354605000
1776354606.667,6.667,0.52,14.63,0.51,229.96,0.57,5.0,0.61,12.14,0.48,85.37,0.46,10.0,0.49,229.96,0.5,70.0,0.05,0.01,2334.26693,1776354605000
1776354607.293,7.293,0.58,5.0,0.57,54.66,0.62,6.86,0.63,10.0,0.39,7.14,0.38,10.0,0.44,8.92,0.45,70.0,0.04,0.05,2334.32918,1776354606000
1776354607.653,7.653,0.57,9.0,0.56,60.0,0.63,10.0,0.64,85.5,0.38,6.86,0.37,10.0,0.42,5.0,0.43,54.66,0.06,0.04,2334.32918,1776354606000
1776354607.854,7.854,0.57,9.0,0.56,60.0,0.62,12.58,0.63,10.0,0.38,12.58,0.37,10.0,0.42,5.0,0.43,9.0,0.05,0.04,2334.32918,1776354606000
1776354608.645,8.645,0.57,14.0,0.56,141.56,0.61,5.0,0.62,12.58,0.38,12.58,0.37,10.0,0.43,9.0,0.44,60.0,0.04,0.05,2334.621287,1776354607000
1776354609.703,9.703,0.58,10.0,0.57,9.0,0.62,10.96,0.64,80.5,0.39,5.0,0.38,12.58,0.43,14.0,0.44,141.56,0.04,0.04,2335.353533,1776354608000
1776354610.173,10.173,0.6,16.0,0.59,5.0,0.61,25.08,0.62,10.96,0.38,10.96,0.36,80.5,0.42,10.0,0.43,9.0,0.01,0.04,2335.353533,1776354608000
1776354611.162,11.162,0.6,15.5,0.57,5.0,0.61,4.22,0.62,10.96,0.39,25.08,0.38,10.96,0.4,16.0,0.41,5.0,0.01,0.01,2335.431062,1776354609000
1776354611.523,11.523,0.6,15.5,0.58,5.0,0.62,4.5,0.63,110.5,0.39,2.58,0.38,10.96,0.4,15.5,0.42,5.0,0.02,0.01,2335.461407,1776354610000
1776354612.019,12.019,0.6,15.5,0.59,5.0,0.61,15.09,0.62,20.0,0.38,4.5,0.37,110.5,0.4,15.5,0.42,5.0,0.01,0.02,2335.461407,1776354610000
1776354613.257,13.257,0.57,1.01,0.56,141.56,0.6,32.0,0.61,10.5,0.39,15.09,0.38,20.0,0.4,15.5,0.41,5.0,0.03,0.01,2335.668819,1776354612000
1776354615.077,15.077,0.59,100.0,0.58,100.0,0.6,30.83,0.61,120.5,0.4,27.0,0.39,10.5,0.43,1.01,0.44,141.56,0.01,0.03,2335.520907,1776354613000
1776354615.314,15.314,0.59,105.0,0.58,100.0,0.6,32.83,0.61,120.5,0.4,30.83,0.39,120.5,0.41,100.0,0.42,100.0,0.01,0.01,2335.505817,1776354614000
1776354616.258,16.258,0.59,115.5,0.58,146.5,0.6,0.33,0.61,15.0,0.4,32.83,0.39,120.5,0.41,105.0,0.42,100.0,0.01,0.01,2335.425574,1776354615000
1776354616.568,16.568,0.59,175.7,0.58,140.5,0.61,15.0,0.62,25.0,0.4,0.33,0.39,15.0,0.41,115.5,0.42,146.5,0.02,0.01,2335.425574,1776354615000
1776354617.431,17.431,0.6,97.5,0.59,214.07,0.61,28.12,0.62,25.0,0.39,7.62,0.38,25.0,0.41,175.7,0.42,140.5,0.01,0.02,2335.379844,1776354616000
1776354619.17,19.17,0.6,56.5,0.59,90.78,0.62,14.5,0.63,15.5,0.39,28.12,0.38,25.0,0.4,97.5,0.41,214.07,0.02,0.01,2335.714685,1776354618000
1776354619.504,19.504,0.61,5.0,0.6,56.5,0.62,9.5,0.63,15.5,0.38,14.5,0.37,15.5,0.4,56.5,0.41,90.78,0.01,0.02,2335.714685,1776354618000
1776354619.821,19.821,0.61,60.0,0.6,56.5,0.63,15.5,0.64,17.5,0.38,4.01,0.37,15.5,0.39,5.0,0.4,56.5,0.02,0.01,2335.714685,1776354618000
1776354620.084,20.084,0.62,30.84,0.61,65.0,0.63,10.18,0.64,17.5,0.37,15.5,0.36,17.5,0.39,60.0,0.4,56.5,0.01,0.02,2335.714685,1776354618000
1776354622.368,22.368,0.62,30.84,0.61,23.0,0.63,122.18,0.64,110.5,0.37,10.18,0.36,17.5,0.38,30.84,0.39,65.0,0.01,0.01,2335.810224,1776354620000
1776354628.082,28.082,0.63,23.7,0.62,114.56,0.64,16.0,0.65,15.5,0.37,122.18,0.36,110.5,0.38,30.84,0.39,23.0,0.01,0.01,2335.733765,1776354626000
1776354628.731,28.731,0.63,46.7,0.62,83.56,0.64,0.68,0.65,23.5,0.36,31.0,0.35,23.5,0.37,30.7,0.38,68.06,0.01,0.01,2335.769215,1776354627000
1776354629.319,29.319,0.64,23.0,0.63,45.5,0.66,23.5,0.67,105.0,0.36,0.68,0.35,23.5,0.37,46.7,0.38,83.56,0.02,0.01,2335.835288,1776354628000
1776354629.928,29.928,0.64,32.0,0.63,55.5,0.65,10.5,0.66,23.5,0.34,23.5,0.33,105.0,0.36,23.0,0.37,45.5,0.01,0.02,2335.835288,1776354628000
1776354630.161,30.161,0.64,37.19,0.63,55.5,0.65,8.96,0.66,23.5,0.35,10.5,0.34,23.5,0.36,32.0,0.37,55.5,0.01,0.01,2335.835288,1776354628000
1776354630.574,30.574,0.67,67.5,0.66,256.5,0.68,9.0,0.69,25.5,0.33,2.77,0.32,15.0,0.36,92.69,0.37,61.5,0.01,0.03,2336.01027,1776354629000
1776354630.946,30.946,0.67,68.5,0.66,316.5,0.69,13.18,0.7,20.66,0.32,1.52,0.31,25.5,0.33,78.5,0.34,256.5,0.02,0.01,2336.01027,1776354629000
1776354631.471,31.471,0.67,229.57,0.66,316.5,0.69,6.04,0.7,20.66,0.31,13.18,0.3,20.66,0.33,68.5,0.34,316.5,0.02,0.02,2336.026037,1776354630000
1776354631.738,31.738,0.67,229.57,0.66,326.5,0.7,25.58,0.71,5.0,0.3,29.58,0.29,5.0,0.33,229.57,0.34,326.5,0.03,0.03,2336.026037,1776354630000
1776354632.596,32.596,0.68,93.03,0.67,132.5,0.69,10.5,0.7,15.43,0.3,15.43,0.29,5.0,0.33,226.53,0.34,326.5,0.01,0.03,2336.11108,1776354631000
1776354632.799,32.799,0.68,89.9,0.67,132.5,0.69,10.5,0.7,15.43,0.31,10.5,0.3,15.43,0.32,93.03,0.33,132.5,0.01,0.01,2336.11108,1776354631000
1776354633.151,33.151,0.69,46.0,0.68,15.0,0.7,9.43,0.71,5.0,0.31,10.5,0.3,15.43,0.32,89.9,0.33,132.5,0.01,0.01,2336.11108,1776354631000
1776354633.921,33.921,0.69,41.0,0.68,15.0,0.7,34.43,0.71,5.0,0.3,9.43,0.29,5.0,0.31,46.0,0.32,15.0,0.01,0.01,2336.715034,1776354632000
1776354634.606,34.606,0.69,46.0,0.68,40.0,0.7,25.43,0.71,14.0,0.3,34.43,0.29,5.0,0.31,41.0,0.32,15.0,0.01,0.01,2336.804401,1776354633000
1776354634.882,34.882,0.69,46.0,0.68,40.0,0.7,33.85,0.71,14.0,0.3,25.43,0.29,14.0,0.31,46.0,0.32,40.0,0.01,0.01,2336.804401,1776354633000
1776354636.241,36.241,0.69,108.17,0.68,40.0,0.7,32.42,0.71,14.0,0.3,33.85,0.29,14.0,0.31,46.0,0.32,40.0,0.01,0.01,2336.717172,1776354635000
1776354638.84,38.84,0.69,69.91,0.68,68.27,0.7,32.42,0.71,14.0,0.3,32.42,0.29,14.0,0.31,108.17,0.32,40.0,0.01,0.01,2336.732951,1776354637000
1776354640.135,40.135,0.69,56.17,0.68,15.0,0.7,143.42,0.71,120.0,0.3,32.42,0.29,14.0,0.31,69.91,0.32,68.27,0.01,0.01,2336.72112,1776354638000
1776354640.341,40.341,0.69,10.04,0.68,15.0,0.7,144.42,0.71,120.0,0.3,139.42,0.29,120.0,0.31,40.04,0.32,15.0,0.01,0.01,2336.732103,1776354639000
1776354640.628,40.628,0.67,3.87,0.66,10.0,0.68,145.14,0.69,120.5,0.31,153.5,0.3,131.42,0.33,3.87,0.34,10.0,0.01,0.02,2336.732103,1776354639000
1776354641.181,41.181,0.64,7.22,0.63,15.0,0.65,41.0,0.66,15.5,0.32,180.14,0.31,190.5,0.34,10.0,0.35,10.0,0.01,0.02,2336.732103,1776354639000
1776354641.596,41.596,0.63,7.22,0.62,16.0,0.64,24.43,0.65,5.0,0.35,46.0,0.34,15.5,0.37,12.22,0.38,56.5,0.01,0.02,2336.72209,1776354640000
1776354642.267,42.267,0.6,33.8,0.59,26.0,0.64,45.0,0.65,20.5,0.36,49.86,0.35,10.0,0.37,7.22,0.38,10.0,0.04,0.01,2336.697949,1776354641000
1776354642.528,42.528,0.6,33.8,0.59,26.0,0.62,18.38,0.63,20.5,0.36,45.0,0.35,20.5,0.4,33.8,0.41,26.0,0.02,0.04,2336.697949,1776354641000
1776354644.285,44.285,0.6,31.65,0.59,30.5,0.61,21.0,0.65,15.0,0.38,18.38,0.37,20.5,0.4,33.8,0.41,26.0,0.01,0.02,2335.896533,1776354642000
1776354644.991,44.991,0.64,11.0,0.63,5.0,0.66,5.45,0.67,5.0,0.35,5.0,0.34,5.0,0.4,123.15,0.41,30.5,0.02,0.05,2335.896533,1776354642000
1776354645.532,45.532,0.66,21.0,0.65,6.0,0.67,5.0,0.68,15.0,0.34,5.45,0.33,5.0,0.36,11.0,0.37,5.0,0.01,0.02,2335.414065,1776354643000
1776354646.921,46.921,0.66,41.0,0.65,31.0,0.68,40.56,0.69,10.0,0.33,5.0,0.32,15.0,0.34,21.0,0.35,6.0,0.02,0.01,2335.69104,1776354645000
1776354648.19,48.19,0.66,87.0,0.65,25.0,0.67,24.5,0.68,16.0,0.32,45.56,0.31,10.0,0.34,38.05,0.35,31.0,0.01,0.02,2336.000209,1776354647000
1776354648.472,48.472,0.7,6.0,0.69,13.24,0.71,10.0,0.72,5.0,0.33,17.36,0.32,16.0,0.34,87.0,0.35,25.0,0.01,0.01,2336.000209,1776354647000
1776354648.849,48.849,0.7,13.0,0.69,12.0,0.72,5.0,0.73,5.0,0.29,10.0,0.28,5.0,0.3,6.0,0.31,13.24,0.02,0.01,2336.000209,1776354647000
1776354649.51,49.51,0.71,15.48,0.7,61.5,0.72,5.0,0.74,7.0,0.28,5.0,0.27,5.0,0.3,13.0,0.31,12.0,0.01,0.02,2336.000209,1776354647000
1776354650.409,50.409,0.73,67.29,0.72,35.0,0.74,12.0,0.75,15.5,0.26,7.0,0.25,15.5,0.29,26.48,0.3,56.5,0.01,0.03,2336.477461,1776354649000
1776354651.101,51.101,0.73,58.4,0.72,35.0,0.75,6.0,0.76,10.0,0.26,12.0,0.25,15.5,0.27,53.4,0.28,35.0,0.02,0.01,2336.868609,1776354650000
1776354652.027,52.027,0.74,76.0,0.73,40.0,0.75,8.62,0.77,95.5,0.25,6.0,0.24,10.0,0.27,58.4,0.28,35.0,0.01,0.02,2336.868609,1776354650000
1776354653.034,53.034,0.74,106.0,0.73,45.5,0.78,85.0,0.79,87.0,0.25,8.62,0.23,95.5,0.26,76.0,0.27,40.0,0.04,0.01,2336.92832,1776354651000
1776354653.957,53.957,0.77,7.0,0.76,128.65,0.79,17.0,0.8,27.5,0.22,85.0,0.21,87.0,0.26,106.0,0.27,45.5,0.02,0.04,2337.06813,1776354653000
1776354654.168,54.168,0.77,64.0,0.76,115.65,0.79,17.0,0.8,32.5,0.21,17.0,0.2,27.5,0.24,146.02,0.25,71.5,0.02,0.03,2337.06813,1776354653000
1776354655.417,55.417,0.78,17.0,0.77,99.94,0.79,23.01,0.8,27.5,0.21,17.0,0.2,32.5,0.23,64.0,0.24,115.65,0.01,0.02,2337.354518,1776354654000
1776354656.383,56.383,0.78,53.45,0.77,99.94,0.79,23.01,0.8,22.5,0.21,23.01,0.2,27.5,0.22,17.0,0.23,99.94,0.01,0.01,2337.623322,1776354655000
1776354656.741,56.741,0.78,48.36,0.77,99.94,0.79,18.01,0.8,22.5,0.21,23.01,0.2,22.5,0.22,53.45,0.23,99.94,0.01,0.01,2337.623322,1776354655000
1776354657.261,57.261,0.78,25.63,0.77,110.44,0.79,18.01,0.8,22.5,0.21,18.01,0.2,22.5,0.22,48.36,0.23,99.94,0.01,0.01,2337.623322,1776354655000
1776354658.378,58.378,0.78,82.28,0.77,121.44,0.79,10.01,0.8,22.5,0.21,18.01,0.2,22.5,0.22,25.63,0.23,110.44,0.01,0.01,2337.752698,1776354656000
1776354659.927,59.927,0.79,144.36,0.78,86.65,0.8,22.5,0.82,5.0,0.2,22.5,0.19,66.28,0.22,82.28,0.23,121.44,0.01,0.02,2337.81986,1776354658000
1776354660.257,60.257,0.79,154.36,0.78,86.65,0.8,22.5,0.82,1.46,0.2,22.5,0.18,1.46,0.21,149.36,0.22,86.65,0.01,0.01,2337.81986,1776354658000
1776354660.534,60.534,0.79,138.86,0.78,86.65,0.8,40.5,0.83,9.36,0.2,22.5,0.17,9.36,0.21,154.36,0.22,86.65,0.01,0.01,2337.81986,1776354658000
1776354660.834,60.834,0.79,149.36,0.78,86.65,0.8,22.5,0.83,9.36,0.2,25.0,0.17,9.36,0.21,149.36,0.22,86.65,0.01,0.01,2337.993205,1776354659000
1776354661.54,61.54,0.79,154.36,0.78,92.65,0.8,22.5,0.88,87.32,0.2,22.5,0.17,8.15,0.21,159.36,0.22,86.65,0.01,0.01,2338.048011,1776354660000
1776354661.891,61.891,0.79,164.12,0.78,192.65,0.8,22.5,0.83,5.0,0.2,22.5,0.18,5.0,0.21,154.12,0.22,92.65,0.01,0.01,2338.048011,1776354660000
1776354662.223,62.223,0.79,268.85,0.78,192.65,0.8,48.21,0.83,5.0,0.2,22.5,0.17,5.0,0.21,164.12,0.22,192.65,0.01,0.01,2338.048011,1776354660000
1776354662.625,62.625,0.79,264.35,0.78,192.65,0.8,68.21,0.83,5.0,0.2,48.21,0.17,5.0,0.21,268.85,0.22,192.65,0.01,0.01,2338.048011,1776354660000
1776354662.888,62.888,0.79,275.35,0.78,192.65,0.8,22.5,0.83,5.0,0.2,68.21,0.17,5.0,0.21,264.35,0.22,192.65,0.01,0.01,2338.048011,1776354660000
1776354663.181,63.181,0.79,286.42,0.78,202.65,0.8,40.81,0.84,5.0,0.2,22.5,0.17,3.45,0.21,271.42,0.22,202.65,0.01,0.01,2338.181237,1776354662000
1776354663.708,63.708,0.77,123.16,0.76,290.65,0.8,22.5,0.86,15.0,0.2,22.5,0.17,8.5,0.21,123.57,0.22,177.65,0.03,0.01,2338.181237,1776354662000
1776354664.053,64.053,0.79,61.5,0.77,153.16,0.8,22.5,0.82,6.0,0.2,22.5,0.14,15.0,0.23,123.16,0.24,290.65,0.01,0.03,2338.181237,1776354662000
1776354664.807,64.807,0.79,105.0,0.78,238.46,0.8,26.25,0.82,10.5,0.2,22.5,0.17,2.77,0.21,98.5,0.22,151.96,0.01,0.01,2338.308435,1776354663000
1776354665.041,65.041,0.79,105.0,0.78,238.46,0.8,22.5,0.82,9.28,0.2,26.25,0.18,10.5,0.21,105.0,0.22,238.46,0.01,0.01,2338.25326,1776354664000
1776354667.094,67.094,0.79,110.23,0.78,115.0,0.8,33.0,0.81,20.5,0.2,22.5,0.18,9.28,0.21,105.0,0.22,238.46,0.01,0.01,2338.260927,1776354665000
1776354667.338,67.338,0.79,97.36,0.78,115.0,0.8,22.5,0.81,20.5,0.2,22.5,0.19,20.5,0.21,102.23,0.22,115.0,0.01,0.01,2338.224697,1776354666000
1776354667.79,67.79,0.79,70.36,0.78,115.0,0.8,22.5,0.81,20.5,0.2,22.5,0.19,20.5,0.21,90.36,0.22,115.0,0.01,0.01,2338.224697,1776354666000
1776354668.187,68.187,0.78,6.68,0.77,15.0,0.8,22.5,0.81,15.5,0.2,22.5,0.19,20.5,0.22,115.0,0.23,98.16,0.02,0.02,2338.178559,1776354667000
1776354668.767,68.767,0.79,10.0,0.78,6.68,0.8,129.21,0.81,15.5,0.2,113.21,0.19,10.5,0.22,11.68,0.23,167.26,0.01,0.02,2338.178559,1776354667000
1776354669.186,69.186,0.79,10.0,0.78,6.68,0.8,113.92,0.81,15.5,0.2,132.96,0.19,15.5,0.21,10.0,0.22,6.68,0.01,0.01,2338.178559,1776354667000
1776354669.599,69.599,0.78,6.68,0.77,167.26,0.79,25.0,0.8,113.92,0.2,113.92,0.19,15.5,0.21,10.0,0.22,6.68,0.01,0.01,2337.945094,1776354668000
1776354669.851,69.851,0.78,6.68,0.77,167.26,0.79,15.0,0.8,113.92,0.21,25.0,0.2,113.92,0.22,6.68,0.23,167.26,0.01,0.01,2337.945094,1776354668000
1776354670.118,70.118,0.78,57.83,0.77,167.26,0.79,12.84,0.8,113.92,0.21,15.0,0.2,113.92,0.22,6.68,0.23,167.26,0.01,0.01,2337.945094,1776354668000
1776354670.403,70.403,0.78,55.28,0.77,167.26,0.79,31.76,0.8,124.42,0.21,6.76,0.2,113.92,0.22,52.83,0.23,167.26,0.01,0.01,2337.945094,1776354668000
1776354670.796,70.796,0.78,70.28,0.77,167.26,0.79,6.76,0.8,124.42,0.21,31.76,0.2,124.42,0.22,55.28,0.23,167.26,0.01,0.01,2337.746717,1776354669000
1776354671.197,71.197,0.78,73.15,0.77,162.26,0.79,15.26,0.8,144.42,0.21,6.76,0.2,124.42,0.22,70.28,0.23,167.26,0.01,0.01,2337.746717,1776354670000
1776354671.61,71.61,0.78,61.6,0.77,167.26,0.79,39.5,0.8,143.71,0.21,15.26,0.2,144.42,0.22,68.6,0.23,162.26,0.01,0.01,2337.746717,1776354670000
1776354672.296,72.296,0.78,62.05,0.77,167.26,0.79,5.0,0.8,148.71,0.21,5.0,0.2,148.71,0.22,56.6,0.23,167.26,0.01,0.01,2337.746717,1776354670000
1776354672.66,72.66,0.78,34.05,0.77,167.26,0.8,147.69,0.81,15.0,0.2,147.69,0.19,15.0,0.22,62.05,0.23,167.26,0.02,0.02,2337.613287,1776354671000
1776354673.17,73.17,0.78,29.5,0.77,15.0,0.79,20.0,0.8,147.69,0.2,147.69,0.19,15.0,0.22,34.05,0.23,167.26,0.01,0.02,2337.613287,1776354671000
1776354673.476,73.476,0.79,13.0,0.78,64.5,0.8,110.76,0.81,20.5,0.21,20.0,0.2,147.69,0.22,29.5,0.23,15.0,0.01,0.01,2337.498855,1776354672000
1776354673.825,73.825,0.79,8.0,0.78,34.5,0.8,96.76,0.81,20.5,0.2,110.76,0.19,20.5,0.21,13.0,0.22,64.5,0.01,0.01,2337.498855,1776354672000
1776354674.177,74.177,0.79,125.08,0.78,34.5,0.8,83.76,0.81,15.5,0.2,96.76,0.19,20.5,0.21,3.23,0.22,34.5,0.01,0.01,2337.498855,1776354672000
1776354674.611,74.611,0.79,104.31,0.78,34.5,0.8,83.76,0.81,15.5,0.2,83.76,0.19,15.5,0.21,125.08,0.22,34.5,0.01,0.01,2337.411942,1776354673000
1776354675.684,75.684,0.79,84.31,0.78,34.5,0.8,22.5,0.81,16.77,0.2,83.76,0.19,15.5,0.21,104.31,0.22,34.5,0.01,0.01,2337.410946,1776354674000
1776354676.676,76.676,0.79,79.31,0.78,34.5,0.8,27.5,0.81,16.77,0.2,22.5,0.19,16.77,0.21,84.31,0.22,34.5,0.01,0.01,2337.640884,1776354675000
1776354678.347,78.347,0.79,85.85,0.78,34.5,0.8,22.5,0.81,0.1,0.2,27.5,0.19,16.77,0.21,79.31,0.22,34.5,0.01,0.01,2337.602331,1776354677000
1776354679.972,79.972,0.74,174.15,0.73,20.0,0.8,27.5,0.81,10.5,0.2,22.5,0.19,0.1,0.21,85.85,0.22,34.5,0.06,0.01,2337.529401,1776354678000
1776354681.348,81.348,0.78,171.49,0.77,15.0,0.79,28.55,0.8,48.0,0.2,27.5,0.19,10.5,0.26,174.15,0.27,20.0,0.01,0.06,2337.547357,1776354680000
1776354682.206,82.206,0.78,225.33,0.77,15.0,0.79,8.4,0.8,48.0,0.21,28.55,0.2,48.0,0.22,171.49,0.23,15.0,0.01,0.01,2337.547357,1776354680000
1776354682.941,82.941,0.78,235.33,0.77,15.0,0.79,12.5,0.8,48.0,0.21,8.4,0.2,48.0,0.22,225.33,0.23,15.0,0.01,0.01,2337.426427,1776354681000
1776354683.988,83.988,0.78,205.33,0.76,15.0,0.79,22.5,0.8,53.0,0.21,12.5,0.2,48.0,0.22,225.33,0.23,15.0,0.01,0.01,2337.42485,1776354682000
1776354684.306,84.306,0.78,215.33,0.77,10.0,0.79,22.47,0.8,53.0,0.21,22.5,0.2,53.0,0.22,205.33,0.24,15.0,0.01,0.01,2337.42485,1776354683000
1776354684.965,84.965,0.78,41.92,0.76,15.0,0.79,27.1,0.8,58.0,0.21,40.97,0.2,58.0,0.22,51.92,0.23,10.0,0.01,0.01,2337.42485,1776354683000
1776354686.172,86.172,0.78,46.92,0.77,49.61,0.79,25.83,0.8,58.0,0.21,27.1,0.2,58.0,0.22,41.92,0.24,15.0,0.01,0.01,2337.254,1776354685000
1776354688.277,88.277,0.78,56.92,0.77,49.61,0.79,13.73,0.8,53.0,0.21,25.83,0.2,58.0,0.22,46.92,0.23,49.61,0.01,0.01,2337.135016,1776354687000
1776354688.671,88.671,0.79,28.5,0.78,103.42,0.8,22.5,0.81,2.0,0.21,13.73,0.2,53.0,0.22,56.92,0.23,49.61,0.01,0.01,2337.135016,1776354687000
1776354690.505,90.505,0.79,79.5,0.78,128.73,0.8,22.5,0.84,14.95,0.2,22.5,0.17,18.45,0.21,40.5,0.22,93.42,0.01,0.01,2337.153052,1776354689000
1776354691.536,91.536,0.79,99.58,0.78,138.73,0.8,22.5,0.86,15.0,0.2,22.5,0.16,14.95,0.21,79.5,0.22,128.73,0.01,0.01,2337.153052,1776354689000
1776354692.293,92.293,0.79,119.58,0.78,135.31,0.8,22.5,0.86,5.0,0.2,22.5,0.14,15.0,0.21,99.58,0.22,138.73,0.01,0.01,2337.684363,1776354690000
1776354692.666,92.666,0.79,119.58,0.78,160.31,0.8,22.5,0.9,67.09,0.2,22.5,0.14,5.0,0.21,119.58,0.22,135.31,0.01,0.01,2337.854194,1776354691000
1776354692.871,92.871,0.79,71.96,0.78,181.31,0.8,22.5,0.9,10.0,0.2,22.5,0.1,67.09,0.21,119.58,0.22,160.31,0.01,0.01,2337.854194,1776354691000
1776354693.322,93.322,0.79,216.52,0.78,211.5,0.8,22.5,0.86,5.0,0.2,22.5,0.1,10.0,0.21,71.96,0.22,181.31,0.01,0.01,2338.174705,1776354692000
1776354695.187,95.187,0.79,246.52,0.78,211.5,0.8,22.5,0.9,8.77,0.2,22.5,0.14,5.0,0.21,216.52,0.22,211.5,0.01,0.01,2338.367914,1776354693000
1776354695.717,95.717,0.79,214.56,0.78,316.5,0.8,41.37,0.87,5.0,0.2,22.5,0.1,8.77,0.21,246.52,0.22,211.5,0.01,0.01,2338.46688,1776354694000
1776354696.609,96.609,0.79,224.56,0.78,286.5,0.8,22.5,0.86,4.22,0.2,22.74,0.13,5.0,0.21,214.56,0.22,316.5,0.01,0.01,2338.602157,1776354695000
1776354699.635,99.635,0.79,107.76,0.78,398.52,0.8,22.5,0.89,6.49,0.2,22.5,0.14,4.22,0.21,224.56,0.22,286.5,0.01,0.01,2338.249302,1776354698000
1776354700.427,100.427,0.79,148.76,0.78,399.85,0.8,22.5,0.91,154.56,0.2,22.5,0.11,6.49,0.21,107.76,0.22,398.52,0.01,0.01,2338.245537,1776354699000
1776354701.603,101.603,0.79,393.55,0.78,281.5,0.8,22.5,0.91,19.06,0.2,22.5,0.09,154.56,0.21,148.76,0.22,399.85,0.01,0.01,2338.233922,1776354700000
1776354708.084,108.084,0.79,660.76,0.78,111.32,0.8,22.5,0.92,1.18,0.2,22.5,0.09,19.06,0.21,393.55,0.22,281.5,0.01,0.01,2339.011199,1776354707000
1776354708.417,108.417,0.79,275.76,0.78,111.32,0.8,22.5,0.92,1.18,0.2,22.5,0.08,1.18,0.21,660.76,0.22,111.32,0.01,0.01,2339.011199,1776354707000
1776354708.903,108.903,0.79,249.99,0.78,111.32,0.8,22.5,0.92,1.18,0.2,22.5,0.08,1.18,0.21,275.76,0.22,111.32,0.01,0.01,2339.011199,1776354707000
1776354709.94,109.94,0.79,215.43,0.78,126.16,0.8,22.5,0.94,11.0,0.2,22.5,0.08,1.18,0.21,249.99,0.22,111.32,0.01,0.01,2339.147501,1776354708000
1776354711.154,111.154,0.79,235.67,0.78,187.93,0.8,22.5,0.95,21.74,0.2,22.5,0.05,45.0,0.21,220.43,0.22,126.16,0.01,0.01,2339.295979,1776354709000
1776354714.485,114.485,0.79,280.23,0.78,161.39,0.8,22.5,0.95,11.26,0.2,22.5,0.05,21.74,0.21,235.67,0.22,187.93,0.01,0.01,2339.855315,1776354713000
1776354714.778,114.778,0.79,168.23,0.78,161.39,0.8,22.5,0.95,41.26,0.2,22.5,0.05,11.26,0.21,280.23,0.22,161.39,0.01,0.01,2339.855315,1776354713000
1776354718.638,118.638,0.79,163.23,0.78,152.2,0.8,22.5,0.89,13.79,0.2,22.5,0.05,41.26,0.21,168.23,0.22,161.39,0.01,0.01,2339.772752,1776354717000
1776354718.935,118.935,0.79,168.23,0.78,152.2,0.8,22.5,0.89,8.73,0.2,22.5,0.11,13.79,0.21,163.23,0.22,152.2,0.01,0.01,2339.772752,1776354717000
1776354719.568,119.568,0.79,153.23,0.78,162.35,0.8,22.5,0.95,15.96,0.2,22.5,0.11,3.67,0.21,168.23,0.22,152.2,0.01,0.01,2339.748944,1776354718000
1776354719.792,119.792,0.79,153.23,0.78,132.35,0.8,22.5,0.96,80.16,0.2,37.4,0.04,80.16,0.21,153.23,0.22,132.35,0.01,0.01,2339.748944,1776354718000
1776354720.89,120.89,0.79,329.62,0.78,71.5,0.8,22.5,0.96,193.59,0.2,22.5,0.06,5.0,0.21,153.23,0.22,132.35,0.01,0.01,2339.73607,1776354719000
1776354721.227,121.227,0.79,329.62,0.78,101.5,0.8,22.5,0.93,30.0,0.2,22.5,0.04,193.59,0.21,329.62,0.22,71.5,0.01,0.01,2339.711878,1776354720000
1776354722.695,122.695,0.79,344.62,0.78,101.5,0.8,22.5,0.95,3.94,0.2,22.5,0.07,30.0,0.21,329.62,0.22,101.5,0.01,0.01,2339.370357,1776354721000
1776354726.648,126.648,0.79,234.67,0.78,113.39,0.8,22.5,0.96,14.79,0.2,22.5,0.05,3.94,0.21,344.62,0.22,101.5,0.01,0.01,2339.576289,1776354725000
1776354726.933,126.933,0.79,104.67,0.78,113.39,0.8,46.5,0.95,5.0,0.2,22.5,0.05,5.0,0.21,112.67,0.22,113.39,0.01,0.01,2339.576289,1776354725000
1776354727.286,127.286,0.79,156.94,0.78,471.5,0.8,22.5,0.96,169.26,0.2,22.5,0.05,5.0,0.21,4.67,0.22,113.39,0.01,0.01,2339.660432,1776354726000
1776354727.959,127.959,0.79,168.74,0.78,471.5,0.8,22.5,0.96,169.26,0.2,22.5,0.04,169.26,0.21,156.94,0.22,471.5,0.01,0.01,2339.660432,1776354726000
1776354728.187,128.187,0.79,168.74,0.78,136.0,0.8,22.5,0.94,100.0,0.2,22.5,0.04,169.26,0.21,168.74,0.22,471.5,0.01,0.01,2339.660432,1776354726000
1776354728.391,128.391,0.79,168.74,0.78,116.5,0.8,22.57,0.95,130.0,0.2,24.82,0.05,130.0,0.21,168.74,0.22,116.5,0.01,0.01,2339.660432,1776354726000
1776354728.828,128.828,0.79,198.74,0.78,116.5,0.8,22.5,0.94,15.0,0.2,22.5,0.1,7.0,0.21,163.74,0.22,116.5,0.01,0.01,2339.605157,1776354727000
1776354729.394,129.394,0.79,274.74,0.78,116.5,0.8,22.5,0.94,8.82,0.2,22.5,0.06,15.0,0.21,198.74,0.22,116.5,0.01,0.01,2339.40069,1776354728000
1776354731.051,131.051,0.79,402.5,0.78,71.5,0.8,22.5,0.96,54.26,0.2,22.5,0.06,8.82,0.21,274.74,0.22,116.5,0.01,0.01,2338.999155,1776354729000
1776354733.749,133.749,0.79,367.56,0.78,178.29,0.8,22.5,0.97,356.0,0.2,22.5,0.04,54.26,0.21,402.5,0.22,71.5,0.01,0.01,2339.241224,1776354732000
1776354734.887,134.887,0.79,252.56,0.78,122.7,0.8,22.5,0.97,450.89,0.2,22.5,0.03,356.0,0.21,367.56,0.22,178.29,0.01,0.01,2339.417958,1776354733000
1776354736.962,136.962,0.79,281.56,0.78,111.95,0.8,22.5,0.96,22.15,0.2,22.5,0.03,450.89,0.21,252.56,0.22,122.7,0.01,0.01,2340.530469,1776354735000
1776354737.486,137.486,0.79,249.0,0.78,134.41,0.8,22.5,0.97,348.81,0.2,22.5,0.03,449.85,0.21,236.0,0.22,111.95,0.01,0.01,2340.530469,1776354735000
1776354741.942,141.942,0.79,186.56,0.78,126.07,0.8,22.5,0.97,422.67,0.2,22.5,0.03,348.81,0.21,249.0,0.22,134.41,0.01,0.01,2340.67947,1776354740000
1776354742.349,142.349,0.79,164.56,0.78,118.24,0.8,22.5,0.97,422.67,0.2,22.5,0.03,422.67,0.21,186.56,0.22,126.07,0.01,0.01,2340.67947,1776354740000
1776354745.218,145.218,0.79,114.56,0.78,158.02,0.8,22.5,0.96,89.63,0.2,22.5,0.03,422.67,0.21,164.56,0.22,118.24,0.01,0.01,2340.347321,1776354743000
1776354749.275,149.275,0.79,89.47,0.78,218.67,0.8,22.5,0.97,422.67,0.2,22.5,0.04,89.63,0.21,114.56,0.22,158.02,0.01,0.01,2340.471537,1776354747000
1776354750.697,150.697,0.79,84.47,0.78,218.67,0.8,22.5,0.96,98.12,0.2,22.5,0.03,422.67,0.21,89.47,0.22,218.67,0.01,0.01,2340.331599,1776354749000
1776354751.633,151.633,0.79,138.47,0.78,218.67,0.8,22.5,0.96,87.75,0.2,22.5,0.04,98.12,0.21,84.47,0.22,218.67,0.01,0.01,2340.318356,1776354750000
1776354752.09,152.09,0.79,198.47,0.78,218.67,0.8,22.5,0.97,146.42,0.2,22.5,0.04,82.75,0.21,156.47,0.22,218.67,0.01,0.01,2340.318356,1776354750000
1776354752.324,152.324,0.79,193.47,0.78,218.67,0.8,22.5,0.97,144.56,0.2,22.5,0.03,146.42,0.21,198.47,0.22,218.67,0.01,0.01,2340.3289,1776354751000
1776354754.442,154.442,0.79,285.02,0.78,71.5,0.8,22.5,0.97,144.56,0.2,22.5,0.03,144.56,0.21,193.47,0.22,218.67,0.01,0.01,2340.353734,1776354752000
1776354754.928,154.928,0.79,285.02,0.78,71.5,0.8,22.5,0.97,143.52,0.2,22.5,0.03,144.56,0.21,285.02,0.22,71.5,0.01,0.01,2340.345792,1776354753000
1776354755.277,155.277,0.79,243.02,0.78,71.5,0.8,22.5,0.97,243.52,0.2,22.5,0.03,143.52,0.21,285.02,0.22,71.5,0.01,0.01,2340.42986,1776354754000
1776354760.675,160.675,0.79,107.27,0.78,71.5,0.8,22.5,0.96,100.0,0.2,22.5,0.03,243.52,0.21,268.02,0.22,71.5,0.01,0.01,2339.878688,1776354759000
1776354763.079,163.079,0.79,115.27,0.78,91.97,0.8,22.5,0.95,89.52,0.2,22.5,0.04,100.0,0.21,102.27,0.22,71.5,0.01,0.01,2339.654664,1776354761000
1776354763.501,163.501,0.79,222.27,0.78,191.97,0.8,32.5,0.97,143.52,0.2,22.5,0.05,89.52,0.21,115.27,0.22,91.97,0.01,0.01,2339.716258,1776354762000
1776354764.351,164.351,0.79,127.66,0.78,289.9,0.8,22.5,0.97,153.52,0.2,22.5,0.03,143.52,0.21,222.27,0.22,191.97,0.01,0.01,2339.640593,1776354763000
1776354766.404,166.404,0.79,288.42,0.78,171.5,0.8,22.5,0.97,122.9,0.2,22.5,0.03,153.52,0.21,127.66,0.22,289.9,0.01,0.01,2339.485613,1776354765000
1776354768.751,168.751,0.79,339.41,0.78,171.5,0.8,22.5,0.97,122.9,0.2,22.5,0.03,122.9,0.21,288.42,0.22,171.5,0.01,0.01,2339.46844,1776354767000
1776354770.305,170.305,0.79,340.02,0.78,71.5,0.8,22.5,0.97,114.73,0.2,22.5,0.03,122.9,0.21,339.41,0.22,171.5,0.01,0.01,2339.449806,1776354769000
1776354770.709,170.709,0.79,359.25,0.78,71.5,0.8,22.5,0.97,109.73,0.2,22.5,0.03,114.73,0.21,359.25,0.22,71.5,0.01,0.01,2339.449806,1776354769000
1776354771.104,171.104,0.79,362.25,0.78,71.5,0.8,22.5,0.97,99.52,0.2,22.5,0.03,109.73,0.21,359.25,0.22,71.5,0.01,0.01,2339.449806,1776354769000
1776354771.718,171.718,0.79,359.25,0.78,71.5,0.8,22.5,0.97,94.52,0.2,22.5,0.03,99.52,0.21,362.25,0.22,71.5,0.01,0.01,2339.581439,1776354770000
1776354772.406,172.406,0.79,359.25,0.78,71.5,0.8,22.5,0.97,185.52,0.2,22.5,0.03,94.52,0.21,359.25,0.22,71.5,0.01,0.01,2339.581439,1776354770000
1776354773.103,173.103,0.79,354.25,0.78,71.5,0.8,22.5,0.97,180.52,0.2,22.5,0.03,185.52,0.21,359.25,0.22,71.5,0.01,0.01,2339.882811,1776354772000
1776354774.814,174.814,0.79,185.1,0.78,163.58,0.8,22.5,0.97,175.52,0.2,22.5,0.03,180.52,0.21,354.25,0.22,71.5,0.01,0.01,2340.004195,1776354773000
1776354775.218,175.218,0.79,217.1,0.78,163.58,0.8,22.5,0.97,150.7,0.2,22.5,0.03,170.52,0.21,190.1,0.22,163.58,0.01,0.01,2340.004195,1776354773000
1776354775.687,175.687,0.79,217.1,0.78,163.58,0.8,22.5,0.97,145.7,0.2,22.5,0.03,150.7,0.21,217.1,0.22,163.58,0.01,0.01,2340.043695,1776354774000
1776354776.727,176.727,0.79,182.1,0.78,299.72,0.8,22.5,0.97,140.7,0.2,22.5,0.03,145.7,0.21,217.1,0.22,163.58,0.01,0.01,2340.05432,1776354775000
1776354776.963,176.963,0.79,227.1,0.78,278.53,0.8,22.5,0.97,140.7,0.2,22.5,0.03,140.7,0.21,182.1,0.22,299.72,0.01,0.01,2340.05432,1776354775000
1776354777.836,177.836,0.79,158.1,0.78,278.53,0.8,22.5,0.97,135.7,0.2,22.5,0.03,140.7,0.21,227.1,0.22,278.53,0.01,0.01,2339.979,1776354776000
1776354779.183,179.183,0.79,148.1,0.78,310.47,0.8,22.5,0.97,130.7,0.2,22.5,0.03,135.7,0.21,158.1,0.22,278.53,0.01,0.01,2340.115002,1776354777000
1776354780.343,180.343,0.79,158.1,0.78,293.18,0.8,22.5,0.95,14.73,0.2,22.5,0.03,130.7,0.21,148.1,0.22,310.47,0.01,0.01,2339.96965,1776354779000
1776354780.768,180.768,0.79,102.54,0.78,71.5,0.8,22.5,0.97,130.7,0.2,22.5,0.05,14.73,0.21,158.1,0.22,293.18,0.01,0.01,2339.96965,1776354779000
1776354781.248,181.248,0.79,102.54,0.78,71.5,0.8,23.75,0.97,225.7,0.2,22.5,0.03,225.7,0.21,102.54,0.22,71.5,0.01,0.01,2339.883181,1776354780000
1776354781.609,181.609,0.79,214.58,0.78,71.5,0.8,22.5,0.97,225.7,0.2,22.5,0.03,225.7,0.21,102.54,0.22,71.5,0.01,0.01,2339.883181,1776354780000
1776354782.467,182.467,0.79,221.58,0.78,71.5,0.8,22.5,0.97,225.7,0.2,22.5,0.03,225.7,0.21,214.58,0.22,71.5,0.01,0.01,2339.830206,1776354781000
1776354783.419,183.419,0.79,196.58,0.78,71.5,0.8,22.5,0.92,7.0,0.2,22.5,0.03,225.7,0.21,221.58,0.22,71.5,0.01,0.01,2339.568528,1776354782000
1776354783.646,183.646,0.79,201.58,0.78,46.5,0.8,22.5,0.83,0.5,0.2,22.5,0.08,7.0,0.21,196.58,0.22,71.5,0.01,0.01,2339.568528,1776354782000
1776354783.876,183.876,0.79,183.72,0.78,36.0,0.8,22.5,0.92,6.0,0.2,22.5,0.17,10.49,0.21,178.72,0.22,36.0,0.01,0.01,2339.568528,1776354782000
1776354784.531,184.531,0.78,31.0,0.77,30.3,0.8,22.5,0.91,50.0,0.2,22.5,0.09,50.0,0.21,15.72,0.22,31.0,0.02,0.01,2339.281552,1776354783000
1776354784.747,184.747,0.79,5.0,0.78,31.0,0.8,22.5,0.91,95.0,0.2,22.5,0.08,1.0,0.21,5.0,0.22,31.0,0.01,0.01,2339.281552,1776354783000
1776354784.986,184.986,0.79,242.26,0.78,31.0,0.8,28.37,0.91,95.0,0.2,28.37,0.09,95.0,0.21,77.26,0.22,31.0,0.01,0.01,2339.127488,1776354784000
1776354785.255,185.255,0.79,242.26,0.78,36.0,0.8,22.5,0.91,93.79,0.2,22.5,0.09,95.0,0.21,242.26,0.22,31.0,0.01,0.01,2339.127488,1776354784000
1776354786.143,186.143,0.79,247.26,0.78,31.0,0.8,22.5,0.91,142.58,0.2,22.5,0.11,10.0,0.21,242.26,0.22,36.0,0.01,0.01,2338.69524,1776354785000
1776354786.497,186.497,0.79,247.26,0.78,31.0,0.8,22.5,0.91,141.37,0.2,22.5,0.09,142.58,0.21,247.26,0.22,31.0,0.01,0.01,2338.69524,1776354785000
1776354786.785,186.785,0.79,242.26,0.78,31.0,0.8,22.5,0.91,128.89,0.2,22.5,0.09,141.37,0.21,247.26,0.22,31.0,0.01,0.01,2338.69524,1776354785000
1776354787.309,187.309,0.79,237.26,0.78,31.0,0.8,22.5,0.88,4.0,0.2,22.5,0.09,128.89,0.21,247.26,0.22,31.0,0.01,0.01,2338.272185,1776354786000
1776354788.01,188.01,0.79,221.28,0.78,46.0,0.8,46.5,0.9,6.0,0.2,22.5,0.12,4.0,0.21,47.97,0.22,31.0,0.01,0.01,2338.272185,1776354786000
1776354788.872,188.872,0.79,237.21,0.78,31.0,0.8,22.5,0.91,50.0,0.2,22.5,0.1,6.0,0.21,194.28,0.22,46.0,0.01,0.01,2338.143876,1776354787000
1776354789.251,189.251,0.79,237.21,0.78,31.0,0.8,22.5,0.91,44.95,0.2,22.5,0.09,44.95,0.21,237.21,0.22,31.0,0.01,0.01,2338.01901,1776354788000
1776354789.89,189.89,0.79,227.21,0.78,31.0,0.8,35.82,0.91,43.74,0.2,22.5,0.09,43.74,0.21,232.21,0.22,31.0,0.01,0.01,2338.01901,1776354788000
1776354790.733,190.733,0.79,277.21,0.78,31.0,0.8,37.51,0.91,43.74,0.2,22.5,0.09,43.74,0.21,227.21,0.22,31.0,0.01,0.01,2337.85798,1776354789000
1776354790.944,190.944,0.79,232.21,0.78,31.0,0.8,22.5,0.91,23.74,0.2,22.5,0.09,43.74,0.21,232.21,0.22,31.0,0.01,0.01,2337.85798,1776354789000
1776354791.609,191.609,0.79,232.21,0.78,31.0,0.8,24.25,0.91,12.8,0.2,22.5,0.09,12.8,0.21,232.21,0.22,31.0,0.01,0.01,2338.222265,1776354790000
1776354792.251,192.251,0.79,232.21,0.78,31.0,0.8,22.5,0.94,3.81,0.2,22.5,0.09,12.8,0.21,227.21,0.22,31.0,0.01,0.01,2338.208436,1776354791000
1776354795.406,195.406,0.79,226.21,0.78,46.5,0.8,22.5,0.93,82.14,0.2,22.5,0.06,3.81,0.21,232.21,0.22,31.0,0.01,0.01,2338.174136,1776354794000
1776354795.734,195.734,0.79,173.59,0.78,46.5,0.8,22.5,0.93,82.14,0.2,22.5,0.07,82.14,0.21,226.21,0.22,46.5,0.01,0.01,2338.174136,1776354794000
1776354796.785,196.785,0.79,173.11,0.78,41.0,0.8,120.62,0.87,10.0,0.2,22.5,0.07,82.14,0.21,173.59,0.22,46.5,0.01,0.01,2338.174918,1776354795000
1776354797.04,197.04,0.79,162.11,0.78,41.0,0.8,112.69,0.87,10.0,0.2,112.69,0.13,10.0,0.21,165.11,0.22,41.0,0.01,0.01,2338.174918,1776354795000
1776354797.293,197.293,0.79,162.11,0.78,41.0,0.8,46.16,0.86,50.0,0.2,52.69,0.13,10.0,0.21,162.11,0.22,41.0,0.01,0.01,2338.174918,1776354795000
1776354797.502,197.502,0.79,157.01,0.78,41.0,0.8,33.72,0.86,50.0,0.2,46.16,0.14,50.0,0.21,157.01,0.22,41.0,0.01,0.01,2338.174918,1776354795000
1776354798.018,198.018,0.79,155.01,0.78,41.0,0.8,27.27,0.89,70.14,0.2,27.27,0.14,50.0,0.21,157.01,0.22,41.0,0.01,0.01,2338.179369,1776354796000
1776354798.251,198.251,0.79,142.96,0.78,36.0,0.8,27.27,0.91,50.0,0.2,27.27,0.11,70.14,0.21,153.01,0.22,41.0,0.01,0.01,2338.179369,1776354796000
1776354798.846,198.846,0.79,148.58,0.78,46.5,0.8,22.5,0.91,47.93,0.2,22.5,0.09,119.28,0.21,147.96,0.22,46.5,0.01,0.01,2338.082717,1776354797000
1776354799.221,199.221,0.79,46.58,0.78,46.5,0.8,22.5,0.91,46.72,0.2,22.5,0.09,47.93,0.21,56.58,0.22,46.5,0.01,0.01,2337.65646,1776354798000
1776354799.547,199.547,0.79,145.71,0.78,71.5,0.8,22.5,0.91,45.51,0.2,22.5,0.09,46.72,0.21,166.21,0.22,71.5,0.01,0.01,2337.65646,1776354798000
1776354799.889,199.889,0.79,160.71,0.78,71.5,0.8,22.5,0.91,21.48,0.2,22.5,0.09,22.69,0.21,145.71,0.22,71.5,0.01,0.01,2337.65646,1776354798000
1776354800.107,200.107,0.79,214.32,0.78,41.62,0.8,22.5,0.9,10.0,0.2,24.5,0.1,10.0,0.21,192.62,0.22,36.0,0.01,0.01,2337.65646,1776354798000
1776354800.588,200.588,0.79,229.32,0.78,41.62,0.8,22.5,0.91,19.3,0.2,22.5,0.1,8.77,0.21,209.32,0.22,41.62,0.01,0.01,2337.790403,1776354799000
1776354800.933,200.933,0.79,219.32,0.78,36.0,0.8,41.5,0.91,19.3,0.2,22.5,0.09,19.3,0.21,229.32,0.22,41.62,0.01,0.01,2337.790403,1776354799000
1776354801.858,201.858,0.79,174.27,0.78,36.0,0.8,22.5,0.91,74.3,0.2,22.5,0.09,19.3,0.21,219.32,0.22,36.0,0.01,0.01,2337.931543,1776354800000
1776354802.161,202.161,0.79,169.27,0.78,36.0,0.8,22.5,0.91,74.3,0.2,22.5,0.09,74.3,0.21,174.27,0.22,36.0,0.01,0.01,2337.931543,1776354800000
1776354802.635,202.635,0.79,174.27,0.78,41.62,0.8,22.5,0.91,73.09,0.2,22.5,0.09,74.3,0.21,169.27,0.22,36.0,0.01,0.01,2337.931478,1776354801000
1776354803.113,203.113,0.79,174.27,0.78,41.62,0.8,22.5,0.9,8.77,0.2,22.5,0.09,73.09,0.21,174.27,0.22,41.62,0.01,0.01,2337.931478,1776354801000
1776354803.901,203.901,0.79,194.03,0.78,41.62,0.8,40.01,0.91,86.09,0.2,22.5,0.09,86.09,0.21,169.03,0.22,52.12,0.01,0.01,2337.778129,1776354803000
1776354804.243,204.243,0.79,184.03,0.78,52.12,0.8,22.5,0.91,79.77,0.2,22.5,0.09,85.98,0.21,184.03,0.22,41.62,0.01,0.01,2337.778129,1776354803000
1776354804.804,204.804,0.79,162.03,0.78,41.0,0.8,22.5,0.88,10.0,0.2,22.5,0.09,79.77,0.21,184.03,0.22,52.12,0.01,0.01,2337.778129,1776354803000
1776354805.045,205.045,0.79,151.03,0.78,41.0,0.8,36.93,0.88,10.0,0.2,36.93,0.12,10.0,0.21,151.03,0.22,41.0,0.01,0.01,2337.765627,1776354804000
1776354805.424,205.424,0.79,166.03,0.78,41.0,0.8,22.5,0.9,16.77,0.2,22.67,0.12,10.0,0.21,156.03,0.22,41.0,0.01,0.01,2337.765627,1776354804000
1776354805.77,205.77,0.79,156.03,0.78,41.0,0.8,22.5,0.9,15.54,0.2,22.5,0.1,16.77,0.21,166.03,0.22,41.0,0.01,0.01,2337.765627,1776354804000
1776354806.204,206.204,0.79,161.03,0.78,41.0,0.8,22.5,0.9,14.31,0.2,22.5,0.1,15.54,0.21,156.03,0.22,41.0,0.01,0.01,2337.721365,1776354805000
1776354806.776,206.776,0.79,171.03,0.78,36.0,0.8,22.5,0.91,39.86,0.2,22.5,0.1,14.31,0.21,161.03,0.22,41.0,0.01,0.01,2337.721365,1776354805000
1776354808.056,208.056,0.79,166.03,0.78,41.0,0.8,22.5,0.96,147.88,0.2,22.5,0.09,39.86,0.21,171.03,0.22,36.0,0.01,0.01,2337.520997,1776354806000
1776354808.786,208.786,0.79,156.03,0.78,46.0,0.8,22.5,0.96,124.39,0.2,22.5,0.04,147.88,0.21,166.03,0.22,41.0,0.01,0.01,2337.516322,1776354807000
1776354809.186,209.186,0.79,159.38,0.78,36.0,0.8,22.5,0.9,13.0,0.2,22.5,0.1,13.0,0.21,131.33,0.22,36.0,0.01,0.01,2337.48989,1776354808000
1776354810.548,210.548,0.79,162.28,0.78,36.0,0.8,22.5,0.9,60.31,0.2,22.5,0.1,83.0,0.21,162.28,0.22,36.0,0.01,0.01,2337.44506,1776354809000
1776354810.886,210.886,0.79,144.28,0.78,85.0,0.8,22.5,0.9,60.31,0.2,22.5,0.1,60.31,0.21,162.28,0.22,36.0,0.01,0.01,2337.44506,1776354809000
1776354811.225,211.225,0.79,141.28,0.78,85.0,0.8,22.5,0.9,59.08,0.2,22.5,0.1,60.31,0.21,141.28,0.22,85.0,0.01,0.01,2337.44506,1776354809000
1776354811.84,211.84,0.79,161.28,0.78,15.0,0.8,22.5,0.9,218.08,0.2,22.5,0.1,59.08,0.21,151.28,0.22,85.0,0.01,0.01,2337.310303,1776354810000
1776354812.087,212.087,0.79,170.98,0.78,15.0,0.8,22.5,0.9,216.85,0.2,22.5,0.1,218.08,0.21,170.98,0.22,15.0,0.01,0.01,2337.310303,1776354810000
1776354812.333,212.333,0.79,166.28,0.78,15.0,0.8,22.5,0.89,70.14,0.2,22.5,0.1,216.85,0.21,170.98,0.22,15.0,0.01,0.01,2337.310303,1776354810000
1776354812.542,212.542,0.79,166.28,0.78,15.0,0.8,22.5,0.89,68.9,0.2,22.5,0.11,70.14,0.21,166.28,0.22,15.0,0.01,0.01,2337.310303,1776354810000
1776354813.535,213.535,0.79,159.28,0.78,36.0,0.8,22.5,0.9,141.35,0.2,22.5,0.11,68.9,0.21,159.28,0.22,15.0,0.01,0.01,2337.047369,1776354812000
1776354813.856,213.856,0.79,159.28,0.78,36.0,0.8,22.5,0.9,140.12,0.2,22.5,0.1,141.35,0.21,159.28,0.22,36.0,0.01,0.01,2337.047369,1776354812000
1776354814.411,214.411,0.79,214.18,0.78,46.5,0.8,22.5,0.95,0.78,0.2,22.5,0.1,140.12,0.21,159.28,0.22,36.0,0.01,0.01,2337.197794,1776354813000
1776354815.406,215.406,0.79,204.48,0.78,46.5,0.8,22.5,0.96,93.8,0.2,22.5,0.05,0.78,0.21,214.18,0.22,46.5,0.01,0.01,2337.197794,1776354813000
1776354817.126,217.126,0.79,56.4,0.78,36.0,0.8,22.5,0.96,93.8,0.2,22.5,0.04,93.8,0.21,204.48,0.22,46.5,0.01,0.01,2337.361559,1776354815000
1776354817.337,217.337,0.79,51.4,0.78,36.0,0.8,45.25,0.96,93.8,0.2,22.5,0.04,93.8,0.21,41.4,0.22,36.0,0.01,0.01,2337.471019,1776354816000
1776354819.328,219.328,0.79,127.16,0.78,36.0,0.8,22.5,0.9,77.91,0.2,22.5,0.04,93.8,0.21,51.4,0.22,36.0,0.01,0.01,2337.31785,1776354818000
1776354820.394,220.394,0.79,132.85,0.78,36.0,0.8,22.5,0.86,3.93,0.2,22.5,0.1,77.91,0.21,127.16,0.22,36.0,0.01,0.01,2337.14058,1776354819000
1776354822.573,222.573,0.79,132.85,0.78,46.5,0.8,22.5,0.87,3.93,0.2,22.5,0.14,3.93,0.21,132.85,0.22,36.0,0.01,0.01,2337.018339,1776354821000
1776354823.221,223.221,0.79,48.7,0.78,83.59,0.8,22.5,0.96,93.8,0.2,22.5,0.13,3.93,0.21,132.85,0.22,46.5,0.01,0.01,2337.019903,1776354822000
1776354824.158,224.158,0.79,171.26,0.78,15.0,0.8,22.5,0.96,153.8,0.2,22.5,0.04,93.8,0.21,48.7,0.22,83.59,0.01,0.01,2337.019903,1776354822000
1776354825.857,225.857,0.79,162.17,0.78,46.5,0.8,22.5,0.92,11.8,0.2,22.5,0.09,13.0,0.21,129.97,0.22,15.0,0.01,0.01,2337.11011,1776354824000
1776354826.066,226.066,0.79,167.62,0.78,46.5,0.8,22.5,0.92,10.71,0.2,22.5,0.08,11.8,0.21,162.17,0.22,46.5,0.01,0.01,2337.070735,1776354825000
1776354828.057,228.057,0.79,187.62,0.78,46.5,0.8,22.5,0.9,67.79,0.2,22.5,0.08,10.71,0.21,167.62,0.22,46.5,0.01,0.01,2337.023988,1776354826000
1776354828.421,228.421,0.79,182.12,0.78,46.5,0.8,22.5,0.88,3.93,0.2,22.5,0.1,67.79,0.21,187.62,0.22,46.5,0.01,0.01,2337.040755,1776354827000
1776354829.493,229.493,0.79,190.53,0.78,46.5,0.8,22.5,0.9,28.39,0.2,22.5,0.1,29.51,0.21,182.12,0.22,46.5,0.01,0.01,2337.047955,1776354828000
1776354829.947,229.947,0.79,195.53,0.78,46.5,0.8,22.5,0.9,22.39,0.2,22.5,0.1,28.39,0.21,190.53,0.22,46.5,0.01,0.01,2337.047955,1776354828000
1776354830.304,230.304,0.79,141.62,0.78,46.5,0.8,22.5,0.9,16.39,0.2,22.5,0.1,22.39,0.21,195.53,0.22,46.5,0.01,0.01,2337.013485,1776354829000
1776354830.656,230.656,0.79,136.62,0.78,46.5,0.8,22.5,0.9,10.39,0.2,22.5,0.1,16.39,0.21,141.62,0.22,46.5,0.01,0.01,2337.013485,1776354829000
1776354831.443,231.443,0.79,97.38,0.78,46.5,0.8,22.5,0.9,10.39,0.2,22.5,0.1,10.39,0.21,136.62,0.22,46.5,0.01,0.01,2337.043623,1776354830000
1776354831.831,231.831,0.79,80.97,0.78,46.5,0.8,22.5,0.87,10.0,0.2,22.5,0.1,4.39,0.21,88.97,0.22,46.5,0.01,0.01,2337.043623,1776354830000
1776354832.713,232.713,0.79,183.94,0.78,46.5,0.8,22.5,0.9,26.16,0.2,22.5,0.13,4.0,0.22,46.5,0.23,45.8,0.01,0.02,2337.114668,1776354831000
1776354833.046,233.046,0.79,208.63,0.78,46.5,0.8,22.5,0.9,0.67,0.2,22.5,0.1,26.16,0.21,183.94,0.22,46.5,0.01,0.01,2337.114668,1776354831000
1776354833.988,233.988,0.79,213.63,0.78,46.5,0.8,22.5,0.92,23.0,0.2,22.5,0.1,0.67,0.21,208.63,0.22,46.5,0.01,0.01,2337.083117,1776354832000
1776354835.115,235.115,0.79,228.63,0.78,46.5,0.8,22.5,0.96,103.8,0.2,22.5,0.08,23.0,0.21,213.63,0.22,46.5,0.01,0.01,2336.937738,1776354833000
1776354836.17,236.17,0.79,205.13,0.78,46.5,0.8,22.5,0.96,103.8,0.2,22.5,0.04,103.8,0.21,228.63,0.22,46.5,0.01,0.01,2336.931992,1776354834000
1776354837.105,237.105,0.79,39.19,0.78,36.0,0.8,22.5,0.96,93.8,0.2,22.5,0.04,103.8,0.21,205.13,0.22,46.5,0.01,0.01,2336.96185,1776354835000
1776354839.777,239.777,0.79,85.07,0.78,36.0,0.8,100.5,0.9,210.0,0.2,22.5,0.04,93.8,0.21,39.19,0.22,36.0,0.01,0.01,2336.894815,1776354838000
1776354839.99,239.99,0.79,39.37,0.78,15.0,0.8,22.5,0.85,6.08,0.2,22.5,0.15,6.08,0.21,46.37,0.22,15.0,0.01,0.01,2336.894815,1776354838000
1776354840.193,240.193,0.78,151.56,0.77,83.86,0.79,54.36,0.8,46.5,0.21,59.36,0.2,46.5,0.22,151.56,0.23,83.86,0.01,0.01,2336.887372,1776354839000
1776354840.48,240.48,0.78,171.56,0.77,83.86,0.79,15.09,0.8,22.5,0.21,18.09,0.2,22.5,0.22,151.56,0.23,83.86,0.01,0.01,2336.887372,1776354839000
1776354840.728,240.728,0.79,15.0,0.78,10.0,0.8,25.43,0.82,140.0,0.2,22.5,0.18,140.0,0.22,129.62,0.23,13.86,0.01,0.02,2336.887372,1776354839000
1776354841.587,241.587,0.79,25.83,0.78,15.0,0.8,22.5,0.82,138.65,0.21,18.6,0.2,22.5,0.24,65.0,0.25,20.0,0.01,0.03,2336.887372,1776354839000
1776354842.214,242.214,0.79,180.1,0.78,85.0,0.8,22.5,0.82,48.65,0.2,22.5,0.18,138.65,0.21,10.83,0.22,15.0,0.01,0.01,2336.851284,1776354840000
1776354842.688,242.688,0.79,170.1,0.78,85.0,0.8,22.5,0.82,42.65,0.2,22.5,0.18,48.65,0.21,180.1,0.22,85.0,0.01,0.01,2336.851284,1776354840000
1776354843.124,243.124,0.79,185.1,0.78,85.0,0.8,22.5,0.88,67.0,0.2,22.5,0.18,37.65,0.21,170.1,0.22,85.0,0.01,0.01,2336.105843,1776354841000
1776354843.887,243.887,0.79,168.1,0.78,15.0,0.8,22.5,0.82,70.0,0.2,22.5,0.12,67.0,0.21,185.1,0.22,85.0,0.01,0.01,2336.004847,1776354842000
1776354844.524,244.524,0.79,164.27,0.78,15.0,0.8,22.5,0.82,67.56,0.2,22.5,0.18,70.0,0.21,168.1,0.22,15.0,0.01,0.01,2335.995903,1776354843000
1776354845.167,245.167,0.79,294.27,0.78,15.0,0.8,22.5,0.89,67.0,0.2,22.5,0.18,67.56,0.21,164.27,0.22,15.0,0.01,0.01,2335.995903,1776354843000
1776354846.687,246.687,0.79,19.0,0.78,15.0,0.8,22.5,0.89,67.0,0.2,22.5,0.11,67.0,0.21,284.27,0.22,15.0,0.01,0.01,2336.169715,1776354844000
1776354848.456,248.456,0.79,83.22,0.78,36.0,0.8,22.5,0.93,7.0,0.2,22.5,0.11,67.0,0.21,19.0,0.22,15.0,0.01,0.01,2336.426607,1776354847000
1776354848.79,248.79,0.79,83.44,0.78,36.0,0.8,22.5,0.93,7.0,0.2,22.5,0.07,7.0,0.21,83.22,0.22,36.0,0.01,0.01,2336.426607,1776354847000
1776354850.27,250.27,0.79,83.44,0.78,36.0,0.8,22.5,0.94,4.68,0.2,22.5,0.07,2.0,0.21,85.44,0.22,36.0,0.01,0.01,2336.364461,1776354848000
1776354850.58,250.58,0.79,83.44,0.78,36.0,0.8,22.5,0.95,6.29,0.2,22.5,0.05,14.36,0.21,83.44,0.22,36.0,0.01,0.01,2336.596762,1776354849000
1776354851.461,251.461,0.79,88.44,0.78,36.0,0.8,22.5,0.96,101.71,0.2,22.5,0.04,93.8,0.21,83.44,0.22,36.0,0.01,0.01,2336.823269,1776354850000
1776354851.841,251.841,0.79,88.44,0.78,36.0,0.8,22.5,0.96,93.8,0.2,22.5,0.04,101.71,0.21,88.44,0.22,36.0,0.01,0.01,2336.823269,1776354850000
1776354854.289,254.289,0.79,191.53,0.78,41.0,0.8,22.5,0.96,93.8,0.2,22.5,0.04,93.8,0.21,88.44,0.22,36.0,0.01,0.01,2337.172379,1776354853000
1776354855.75,255.75,0.79,192.53,0.78,36.0,0.8,22.5,0.94,12.0,0.2,22.5,0.04,93.8,0.21,191.53,0.22,41.0,0.01,0.01,2337.317004,1776354854000
1776354856.061,256.061,0.79,37.22,0.78,36.0,0.8,22.5,0.96,93.8,0.2,22.5,0.04,93.8,0.21,192.53,0.22,36.0,0.01,0.01,2337.317004,1776354854000
1776354856.31,256.31,0.79,116.99,0.78,36.0,0.8,22.5,0.9,70.0,0.2,22.5,0.04,93.8,0.21,25.22,0.22,41.0,0.01,0.01,2337.317004,1776354854000
1776354856.532,256.532,0.79,108.89,0.78,36.0,0.8,22.5,0.96,93.8,0.2,22.5,0.1,70.0,0.21,108.99,0.22,36.0,0.01,0.01,2337.317004,1776354855000
1776354856.79,256.79,0.78,6.51,0.77,40.3,0.8,22.5,0.96,93.8,0.2,36.37,0.04,93.8,0.21,123.59,0.22,36.0,0.02,0.01,2337.317004,1776354855000
1776354857.38,257.38,0.79,184.65,0.78,6.51,0.8,22.5,0.96,93.8,0.2,22.5,0.04,93.8,0.22,6.51,0.23,40.3,0.01,0.02,2337.247516,1776354856000
1776354858.218,258.218,0.79,196.35,0.78,42.51,0.8,22.5,0.96,93.8,0.2,22.5,0.04,93.8,0.21,184.65,0.22,6.51,0.01,0.01,2337.247516,1776354856000
1776354859.014,259.014,0.79,191.35,0.78,47.51,0.8,22.5,0.96,93.8,0.2,22.5,0.04,93.8,0.21,196.35,0.22,47.51,0.01,0.01,2336.70429,1776354857000
1776354862.319,262.319,0.79,44.05,0.78,95.02,0.8,22.5,0.96,93.8,0.2,22.5,0.04,93.8,0.21,196.35,0.22,42.51,0.01,0.01,2336.625309,1776354861000
1776354863.4,263.4,0.79,44.05,0.78,95.02,0.8,22.5,0.96,93.8,0.2,22.5,0.04,93.8,0.21,44.05,0.22,95.02,0.01,0.01,2336.666635,1776354862000
1776354864.488,264.488,0.79,87.02,0.78,95.02,0.8,22.5,0.96,93.8,0.2,22.5,0.04,93.8,0.21,44.05,0.22,95.02,0.01,0.01,2336.641959,1776354863000
1776354865.012,265.012,0.79,92.9,0.78,95.02,0.8,22.5,0.96,93.8,0.2,22.5,0.04,93.8,0.21,87.02,0.22,95.02,0.01,0.01,2336.641959,1776354863000
1776354865.521,265.521,0.79,97.9,0.78,104.2,0.8,44.0,0.96,143.8,0.2,22.5,0.04,93.8,0.21,92.9,0.22,95.02,0.01,0.01,2336.632442,1776354864000
1776354865.784,265.784,0.79,89.9,0.78,109.2,0.8,22.5,0.9,70.0,0.2,44.0,0.04,143.8,0.21,97.9,0.22,104.2,0.01,0.01,2336.632442,1776354864000
1776354866.001,266.001,0.78,52.51,0.77,35.3,0.8,22.5,0.9,70.0,0.2,22.5,0.1,70.0,0.21,69.2,0.22,52.51,0.02,0.01,2336.632442,1776354864000
1776354866.501,266.501,0.79,114.76,0.78,52.51,0.8,22.5,0.9,61.0,0.2,22.5,0.1,70.0,0.22,52.51,0.23,35.3,0.01,0.02,2336.63542,1776354865000
1776354867.088,267.088,0.79,136.46,0.78,47.51,0.8,41.0,0.96,143.8,0.2,22.5,0.1,61.0,0.21,114.76,0.22,52.51,0.01,0.01,2336.63542,1776354865000
1776354867.304,267.304,0.79,136.46,0.78,47.51,0.8,22.5,0.96,117.75,0.2,22.5,0.04,143.8,0.21,136.46,0.22,47.51,0.01,0.01,2336.675743,1776354866000
1776354867.719,267.719,0.79,136.46,0.78,47.51,0.8,41.18,0.96,117.75,0.2,22.5,0.04,117.75,0.21,136.46,0.22,47.51,0.01,0.01,2336.675743,1776354866000
1776354869.721,269.721,0.79,133.46,0.78,47.51,0.8,22.5,0.96,139.56,0.2,22.5,0.04,117.75,0.21,128.46,0.22,52.51,0.01,0.01,2336.243514,1776354868000
1776354870.07,270.07,0.79,126.46,0.78,47.51,0.8,22.5,0.96,93.8,0.2,22.5,0.04,139.56,0.21,133.46,0.22,47.51,0.01,0.01,2336.177967,1776354869000
1776354870.522,270.522,0.79,131.46,0.78,52.51,0.8,39.5,0.96,93.8,0.2,22.5,0.04,93.8,0.21,126.46,0.22,47.51,0.01,0.01,2336.177967,1776354869000
1776354871.594,271.594,0.79,116.76,0.78,46.0,0.8,22.5,0.9,140.0,0.2,22.5,0.04,93.8,0.21,131.46,0.22,52.51,0.01,0.01,2336.197815,1776354870000
1776354872.723,272.723,0.79,194.33,0.78,62.0,0.8,22.5,0.95,11.84,0.2,22.5,0.1,131.0,0.21,116.76,0.22,46.0,0.01,0.01,2336.213017,1776354871000
1776354873.064,273.064,0.79,231.03,0.78,62.0,0.8,22.5,0.95,11.84,0.2,22.5,0.05,11.84,0.21,194.33,0.22,62.0,0.01,0.01,2336.139197,1776354872000
1776354875.229,275.229,0.8,5.0,0.79,59.0,0.87,28.46,0.97,10.0,0.2,22.5,0.05,11.84,0.21,231.03,0.22,62.0,0.07,0.01,2336.139197,1776354872000
1776354875.478,275.478,0.95,29.0,0.93,15.0,0.97,8.96,0.98,224.1,0.03,10.0,0.02,224.1,0.09,21.54,0.2,5.0,0.02,0.06,2336.139197,1776354872000
1776354875.787,275.787,0.97,41.03,0.96,10.0,0.98,216.02,0.99,2093.34,0.02,224.1,0.01,4593.34,0.03,18.37,0.05,29.0,0.01,0.01,2336.139197,1776354872000
1776354876.094,276.094,0.96,23.38,0.95,66.0,0.98,95.36,0.99,2093.34,0.02,196.36,0.01,2093.34,0.04,23.38,0.05,64.0,0.02,0.02,2336.139197,1776354872000
1776354876.353,276.353,0.96,41.41,0.95,30.0,0.98,95.36,0.99,2093.34,0.02,95.36,0.01,2093.34,0.04,23.29,0.05,66.0,0.02,0.02,2336.139197,1776354872000
1776354876.711,276.711,0.97,15.0,0.96,41.41,0.99,2330.69,,,0.01,2087.69,,,0.04,41.41,0.05,30.0,0.02,0.03,2336.508207,1776354875000
1776354876.969,276.969,0.97,15.0,0.96,41.41,0.99,2157.33,,,0.01,2330.69,,,0.03,15.0,0.04,41.41,0.02,0.02,2336.508207,1776354875000
1776354877.193,277.193,0.97,15.0,0.96,41.41,0.99,2156.31,,,0.01,2157.33,,,0.03,15.0,0.04,41.41,0.02,0.02,2336.508207,1776354875000
1776354877.574,277.574,0.97,38.46,0.96,41.41,0.99,2129.34,,,0.01,2134.39,,,0.03,15.0,0.04,64.87,0.02,0.02,2336.647506,1776354876000
1776354878.066,278.066,0.98,5.0,0.97,43.46,0.99,2023.26,,,0.01,2124.28,,,0.03,38.46,0.04,41.41,0.01,0.02,2336.647506,1776354876000
1776354878.353,278.353,0.98,5.0,0.97,39.0,0.99,1829.74,,,0.01,1919.74,,,0.03,15.0,0.04,51.41,0.01,0.02,2336.647506,1776354876000
1776354879.723,279.723,0.98,158.0,0.97,46.23,0.99,1823.66,,,0.01,1828.72,,,0.02,33.46,0.03,39.0,0.01,0.01,2336.899115,1776354878000
1776354879.994,279.994,0.98,165.51,0.97,46.23,0.99,1723.66,,,0.01,1728.66,,,0.02,170.51,0.03,46.23,0.01,0.01,2336.899115,1776354878000
1776354880.256,280.256,0.98,165.51,0.97,46.23,0.99,1699.18,,,0.01,1700.2,,,0.02,165.51,0.03,46.23,0.01,0.01,2336.915393,1776354879000
1776354881.136,281.136,0.98,170.51,0.97,46.23,0.99,1698.16,,,0.01,1699.18,,,0.02,165.51,0.03,46.23,0.01,0.01,2336.915393,1776354879000
1776354881.85,281.85,0.98,175.7,0.97,46.23,0.99,1677.16,,,0.01,1698.16,,,0.02,170.51,0.03,46.23,0.01,0.01,2337.139037,1776354880000
1776354882.2,282.2,0.98,175.7,0.97,46.23,0.99,1666.37,,,0.01,1671.42,,,0.02,175.7,0.03,46.23,0.01,0.01,2337.137892,1776354881000
1776354882.509,282.509,0.98,175.7,0.97,56.23,0.99,1555.25,,,0.01,1656.26,,,0.02,175.7,0.03,46.23,0.01,0.01,2337.137892,1776354881000
1776354882.902,282.902,0.98,175.7,0.97,46.23,0.99,1433.23,,,0.01,1435.23,,,0.02,175.7,0.03,56.23,0.01,0.01,2337.137892,1776354881000
1776354883.239,283.239,0.98,175.7,0.97,46.23,0.99,1418.71,,,0.01,1419.73,,,0.02,175.7,0.03,46.23,0.01,0.01,2337.137892,1776354881000
1776354883.783,283.783,0.98,175.7,0.97,45.23,0.99,1385.42,,,0.01,1390.42,,,0.02,175.7,0.03,45.23,0.01,0.01,2337.137892,1776354881000
1776354884.024,284.024,0.98,175.7,0.97,45.23,0.99,1383.38,,,0.01,1384.4,,,0.02,175.7,0.03,45.23,0.01,0.01,2337.137892,1776354881000
1776354884.764,284.764,0.98,175.7,0.97,45.23,0.99,1378.33,,,0.01,1383.38,,,0.02,175.7,0.03,45.23,0.01,0.01,2337.137892,1776354881000
1776354884.981,284.981,0.98,175.7,0.97,55.23,0.99,1353.63,,,0.01,1358.13,,,0.02,175.7,0.03,55.23,0.01,0.01,2337.137892,1776354881000
1776354885.201,285.201,0.98,175.7,0.97,55.23,0.99,1293.63,,,0.01,1353.63,,,0.02,175.7,0.03,55.23,0.01,0.01,2337.137892,1776354881000
1776354885.453,285.453,0.98,172.86,0.97,55.23,0.99,1278.63,,,0.01,1293.63,,,0.02,172.86,0.03,55.23,0.01,0.01,2337.137892,1776354881000
1776354885.69,285.69,0.98,172.86,0.97,45.23,0.99,1250.61,,,0.01,1251.63,,,0.02,172.86,0.03,45.23,0.01,0.01,2337.137892,1776354881000
1776354886.028,286.028,0.98,254.0,0.97,45.23,0.99,1238.61,,,0.01,1250.61,,,0.02,172.86,0.03,45.23,0.01,0.01,2337.137892,1776354881000
1776354886.486,286.486,0.98,254.0,0.97,45.23,0.99,1224.4,,,0.01,1237.59,,,0.02,254.0,0.03,45.23,0.01,0.01,2337.137892,1776354881000
1776354886.793,286.793,0.98,259.0,0.97,45.23,0.99,1158.4,,,0.01,1224.4,,,0.02,254.0,0.03,45.23,0.01,0.01,2337.137892,1776354881000
1776354887.066,287.066,0.98,259.0,0.97,45.23,0.99,1107.9,,,0.01,1158.4,,,0.02,259.0,0.03,45.23,0.01,0.01,2337.137892,1776354881000
1776354887.349,287.349,0.98,269.0,0.97,45.23,0.99,1097.8,,,0.01,1102.85,,,0.02,259.0,0.03,45.23,0.01,0.01,2337.137892,1776354881000
1776354887.739,287.739,0.98,269.0,0.97,45.23,0.99,981.77,,,0.01,986.77,,,0.02,264.0,0.03,45.23,0.01,0.01,2337.137892,1776354881000
1776354888.55,288.55,0.99,1544.25,0.98,458.0,,,,,0.01,980.75,,,0.02,254.0,0.03,45.23,,0.01,2337.137892,1776354881000
1776354889.054,289.054,0.99,1921.46,0.98,458.0,,,,,,,,,0.01,1544.25,0.02,458.0,,,2337.137892,1776354881000
1776354889.357,289.357,0.99,1993.37,0.98,458.0,,,,,,,,,0.01,1914.41,0.02,458.0,,,2337.137892,1776354881000
1776354889.756,289.756,0.99,2012.57,0.98,458.0,,,,,,,,,0.01,1993.37,0.02,458.0,,,2337.137892,1776354881000
1776354894.233,294.233,0.99,10959.53,0.98,458.0,,,,,,,,,0.01,2012.57,0.02,458.0,,,2337.46673,1776354893000
1776354897.628,297.628,0.99,11703.11,0.98,458.0,,,,,,,,,0.01,10959.53,0.02,458.0,,,2337.43216,1776354896000

# RESULT,winner=Up,slug=eth-updown-5m-1776354600,ticks=363
