timestamp,elapsed_sec,up_bid_p1,up_bid_s1,up_bid_p2,up_bid_s2,up_ask_p1,up_ask_s1,up_ask_p2,up_ask_s2,down_bid_p1,down_bid_s1,down_bid_p2,down_bid_s2,down_ask_p1,down_ask_s1,down_ask_p2,down_ask_s2,up_spread,down_spread,eth_price,eth_oracle_ts
1776376800.639,0.639,0.5,10.0,0.48,5.0,0.51,4.03,0.52,5.0,0.49,4.03,0.48,5.0,0.5,15.0,0.52,5.0,0.01,0.01,2341.543379,1776376799000
1776376800.904,0.904,0.51,25.38,0.5,10.0,0.52,5.0,0.54,70.0,0.49,4.03,0.48,5.0,0.5,10.0,0.52,5.0,0.01,0.01,2341.543379,1776376799000
1776376801.164,1.164,0.51,15.38,0.5,10.0,0.52,5.0,0.54,140.0,0.48,5.0,0.46,140.0,0.49,20.38,0.5,10.0,0.01,0.01,2341.543379,1776376799000
1776376801.455,1.455,0.51,8.33,0.5,234.0,0.54,11.0,0.59,70.0,0.48,5.0,0.44,70.0,0.49,8.33,0.5,80.0,0.03,0.01,2341.543379,1776376800000
1776376802.027,2.027,0.51,8.33,0.5,220.0,0.53,8.11,0.54,11.0,0.47,2.0,0.46,11.0,0.49,8.33,0.5,234.0,0.02,0.02,2341.543379,1776376800000
1776376802.665,2.665,0.51,9.23,0.5,220.0,0.53,8.11,0.54,11.0,0.47,8.11,0.46,11.0,0.49,6.28,0.5,220.0,0.02,0.02,2341.540602,1776376801000
1776376803.023,3.023,0.51,5.13,0.5,150.0,0.53,23.28,0.54,11.0,0.47,25.32,0.46,11.0,0.49,5.13,0.5,150.0,0.02,0.02,2341.540602,1776376801000
1776376803.3,3.3,0.64,63.14,0.62,8.06,0.69,375.0,0.73,450.0,0.47,23.28,0.46,11.0,0.49,5.13,0.5,150.0,0.05,0.02,2341.540602,1776376801000
1776376803.55,3.55,0.67,7.46,0.66,10.0,0.68,20.65,0.69,370.69,0.34,1.5,0.33,12.0,0.39,8.19,0.41,8.47,0.01,0.05,2341.540602,1776376801000
1776376803.796,3.796,0.68,227.0,0.67,19.0,0.69,10.69,0.73,450.0,0.31,20.79,0.27,450.0,0.32,227.0,0.33,19.0,0.01,0.01,2341.675541,1776376802000
1776376804.279,4.279,0.72,165.0,0.71,59.31,0.73,289.48,0.74,7.0,0.27,336.42,0.26,7.0,0.28,155.0,0.29,59.31,0.01,0.01,2341.675541,1776376802000
1776376804.482,4.482,0.72,165.0,0.71,59.31,0.73,46.37,0.74,7.0,0.27,52.94,0.26,7.0,0.28,165.0,0.29,59.31,0.01,0.01,2341.672843,1776376803000
1776376805.511,5.511,0.72,155.0,0.71,20.0,0.73,60.24,0.74,147.0,0.27,43.63,0.26,7.0,0.28,165.0,0.29,59.31,0.01,0.01,2341.858972,1776376804000
1776376805.775,5.775,0.72,99.64,0.71,20.0,0.73,55.24,0.74,147.0,0.27,55.24,0.26,147.0,0.28,105.0,0.29,20.0,0.01,0.01,2341.858972,1776376804000
1776376806.018,6.018,0.72,70.0,0.71,20.0,0.73,23.74,0.74,147.0,0.27,28.74,0.26,147.0,0.28,70.0,0.29,20.0,0.01,0.01,2341.858972,1776376804000
1776376806.432,6.432,0.72,61.06,0.71,20.0,0.73,8.74,0.74,147.0,0.27,13.74,0.26,147.0,0.28,61.06,0.29,20.0,0.01,0.01,2341.858972,1776376804000
1776376807.036,7.036,0.72,26.06,0.71,21.0,0.73,28.74,0.74,147.0,0.27,8.74,0.26,147.0,0.28,61.06,0.29,20.0,0.01,0.01,2344.497919,1776376805000
1776376807.379,7.379,0.7,69.2,0.69,23.0,0.71,257.58,0.74,147.0,0.29,19.12,0.28,9.0,0.3,15.0,0.31,15.0,0.01,0.01,2344.116158,1776376806000
1776376807.589,7.589,0.7,145.0,0.69,148.0,0.71,406.58,0.72,195.0,0.29,257.58,0.26,147.0,0.3,69.2,0.31,23.0,0.01,0.01,2344.116158,1776376806000
1776376807.796,7.796,0.7,50.0,0.69,73.0,0.71,376.58,0.72,195.0,0.29,376.58,0.28,195.0,0.3,50.0,0.31,73.0,0.01,0.01,2344.116158,1776376806000
1776376808.883,8.883,0.7,69.0,0.69,48.0,0.71,285.9,0.72,95.0,0.29,282.58,0.28,95.0,0.3,45.0,0.31,73.0,0.01,0.01,2343.86848,1776376807000
1776376809.402,9.402,0.7,65.66,0.69,48.0,0.71,285.9,0.72,95.0,0.29,285.9,0.28,95.0,0.3,69.0,0.31,48.0,0.01,0.01,2343.86848,1776376807000
1776376809.974,9.974,0.7,170.16,0.69,48.0,0.71,277.97,0.72,95.0,0.29,293.4,0.28,95.0,0.3,81.16,0.31,48.0,0.01,0.01,2343.68253,1776376808000
1776376810.248,10.248,0.7,195.16,0.69,48.0,0.71,268.37,0.72,95.0,0.29,277.97,0.28,95.0,0.3,170.16,0.31,48.0,0.01,0.01,2343.679845,1776376809000
1776376810.549,10.549,0.7,175.82,0.69,48.0,0.71,251.58,0.72,95.0,0.29,251.58,0.28,95.0,0.3,195.16,0.31,48.0,0.01,0.01,2343.679845,1776376809000
1776376810.766,10.766,0.7,177.5,0.69,48.0,0.71,226.5,0.72,95.0,0.29,251.58,0.28,95.0,0.3,175.82,0.31,48.0,0.01,0.01,2343.679845,1776376809000
1776376810.977,10.977,0.7,319.5,0.69,148.0,0.71,112.46,0.74,7.0,0.29,113.87,0.26,7.0,0.3,319.5,0.31,48.0,0.01,0.01,2343.679845,1776376809000
1776376811.403,11.403,0.78,66.67,0.77,193.5,0.79,29.17,0.8,45.0,0.21,31.9,0.2,45.0,0.25,10.0,0.26,12.75,0.01,0.04,2343.679845,1776376809000
1776376811.626,11.626,0.79,187.0,0.78,59.01,0.8,50.58,0.81,95.0,0.21,15.01,0.2,45.0,0.22,202.0,0.23,42.5,0.01,0.01,2343.73858,1776376810000
1776376811.975,11.975,0.79,160.0,0.78,37.5,0.8,30.0,0.81,145.0,0.2,30.0,0.19,145.0,0.21,181.09,0.22,49.01,0.01,0.01,2343.73858,1776376810000
1776376812.558,12.558,0.8,161.99,0.79,40.5,0.81,70.3,0.82,105.0,0.2,3.5,0.19,95.0,0.21,174.58,0.22,37.5,0.01,0.01,2343.803073,1776376811000
1776376813.064,13.064,0.8,178.99,0.79,40.5,0.81,40.0,0.82,80.0,0.19,60.0,0.18,80.0,0.2,161.99,0.21,40.5,0.01,0.01,2343.803073,1776376811000
1776376813.475,13.475,0.8,181.99,0.79,32.5,0.81,33.8,0.82,80.0,0.19,40.0,0.18,80.0,0.2,178.99,0.21,40.5,0.01,0.01,2344.895647,1776376812000
1776376813.962,13.962,0.8,185.07,0.79,32.5,0.82,78.0,0.83,18.0,0.18,80.0,0.17,18.0,0.2,181.99,0.21,32.5,0.02,0.02,2344.895647,1776376812000
1776376814.569,14.569,0.81,136.99,0.8,45.58,0.82,81.48,0.83,18.0,0.18,98.0,0.17,18.0,0.2,143.07,0.21,32.5,0.01,0.02,2345.248797,1776376813000
1776376814.836,14.836,0.81,135.49,0.8,45.58,0.82,75.38,0.83,18.0,0.18,81.48,0.17,18.0,0.19,136.99,0.2,45.58,0.01,0.01,2345.248797,1776376813000
1776376815.315,15.315,0.81,175.49,0.8,39.5,0.82,58.2,0.83,18.0,0.18,75.38,0.17,18.0,0.19,135.49,0.2,45.58,0.01,0.01,2345.358033,1776376814000
1776376815.617,15.617,0.81,87.75,0.8,99.5,0.82,58.2,0.83,18.0,0.18,58.2,0.17,18.0,0.19,175.49,0.2,39.5,0.01,0.01,2345.358033,1776376814000
1776376815.868,15.868,0.81,128.63,0.8,99.5,0.82,51.85,0.83,18.0,0.18,51.85,0.17,18.0,0.19,133.9,0.2,99.5,0.01,0.01,2345.358033,1776376814000
1776376816.204,16.204,0.81,128.36,0.8,99.5,0.82,45.85,0.83,18.0,0.18,51.85,0.17,18.0,0.19,118.36,0.2,99.5,0.01,0.01,2345.358033,1776376814000
1776376816.456,16.456,0.81,168.61,0.8,99.5,0.82,30.05,0.83,18.0,0.18,37.85,0.17,18.0,0.19,113.09,0.2,99.5,0.01,0.01,2345.358033,1776376814000
1776376816.702,16.702,0.82,10.5,0.81,151.75,0.83,9.0,0.84,45.0,0.17,18.0,0.16,45.0,0.19,153.75,0.2,99.5,0.01,0.02,2345.358033,1776376814000
1776376817.173,17.173,0.83,143.13,0.82,83.5,0.84,33.95,0.85,78.96,0.16,33.95,0.15,78.96,0.17,9.61,0.18,153.91,0.01,0.01,2345.541617,1776376816000
1776376817.588,17.588,0.83,155.13,0.82,83.5,0.84,27.87,0.85,78.96,0.16,33.95,0.15,78.96,0.17,143.13,0.18,83.5,0.01,0.01,2345.541617,1776376816000
1776376817.867,17.867,0.83,84.3,0.82,53.5,0.84,25.87,0.85,78.96,0.16,27.87,0.15,78.96,0.17,84.3,0.18,83.5,0.01,0.01,2345.541617,1776376816000
1776376818.136,18.136,0.83,84.3,0.82,100.03,0.84,70.74,0.85,78.96,0.16,22.29,0.15,78.96,0.17,84.3,0.18,100.03,0.01,0.01,2345.541617,1776376816000
1776376818.615,18.615,0.83,26.99,0.82,18.5,0.84,67.74,0.85,88.96,0.16,81.74,0.15,78.96,0.17,47.41,0.18,18.5,0.01,0.01,2345.56629,1776376817000
1776376818.887,18.887,0.82,13.32,0.81,30.5,0.83,19.79,0.84,42.74,0.16,42.74,0.15,88.96,0.18,13.32,0.19,30.5,0.01,0.02,2345.56629,1776376817000
1776376819.803,19.803,0.82,32.17,0.81,40.5,0.83,19.79,0.84,42.74,0.17,19.79,0.16,42.74,0.18,13.32,0.19,30.5,0.01,0.01,2345.864078,1776376818000
1776376820.869,20.869,0.82,12.17,0.81,30.5,0.83,19.79,0.84,42.74,0.17,19.79,0.16,42.74,0.18,32.17,0.19,40.5,0.01,0.01,2345.90745,1776376819000
1776376821.505,21.505,0.82,34.4,0.81,30.5,0.83,14.79,0.84,117.74,0.17,19.79,0.16,42.74,0.18,12.17,0.19,30.5,0.01,0.01,2345.429607,1776376820000
1776376822.608,22.608,0.82,24.4,0.81,119.38,0.83,9.79,0.84,117.74,0.17,14.79,0.16,117.74,0.18,34.4,0.19,30.5,0.01,0.01,2345.412616,1776376821000
1776376823.102,23.102,0.82,46.4,0.81,119.38,0.84,106.53,0.85,78.96,0.17,9.79,0.16,117.74,0.18,24.4,0.19,119.38,0.02,0.01,2345.412616,1776376821000
1776376824.65,24.65,0.83,104.11,0.82,20.0,0.84,106.53,0.85,78.96,0.16,106.53,0.15,78.96,0.18,46.4,0.19,119.38,0.01,0.02,2345.460195,1776376822000
1776376825.445,25.445,0.83,98.22,0.82,20.0,0.84,106.53,0.85,78.96,0.16,106.53,0.15,78.96,0.17,104.11,0.18,20.0,0.01,0.01,2345.460195,1776376822000
1776376826.392,26.392,0.83,92.33,0.82,20.0,0.84,116.53,0.85,88.96,0.16,106.53,0.15,78.96,0.17,98.22,0.18,20.0,0.01,0.01,2345.452137,1776376825000
1776376827.706,27.706,0.83,99.33,0.82,20.0,0.84,90.58,0.85,98.96,0.16,116.53,0.15,88.96,0.17,92.33,0.18,20.0,0.01,0.01,2345.397866,1776376826000
1776376828.541,28.541,0.83,107.0,0.82,20.0,0.84,99.38,0.85,58.96,0.16,90.58,0.15,98.96,0.17,99.33,0.18,20.0,0.01,0.01,2345.397866,1776376826000
1776376828.821,28.821,0.83,107.0,0.82,47.5,0.84,93.42,0.85,58.96,0.16,99.38,0.15,58.96,0.17,107.0,0.18,20.0,0.01,0.01,2345.388245,1776376827000
1776376829.235,29.235,0.83,71.7,0.82,47.5,0.84,93.42,0.85,68.96,0.16,93.42,0.15,58.96,0.17,101.11,0.18,47.5,0.01,0.01,2345.388245,1776376828000
1776376830.108,30.108,0.83,272.81,0.82,94.04,0.84,93.42,0.85,68.96,0.16,93.42,0.15,68.96,0.17,71.7,0.18,47.5,0.01,0.01,2345.388245,1776376828000
1776376830.423,30.423,0.83,272.81,0.82,94.04,0.84,102.72,0.85,68.96,0.16,93.42,0.15,68.96,0.17,272.81,0.18,94.04,0.01,0.01,2345.392553,1776376829000
1776376830.861,30.861,0.83,266.92,0.82,104.04,0.84,94.29,0.85,58.96,0.16,94.29,0.15,58.96,0.17,272.81,0.18,94.04,0.01,0.01,2345.392553,1776376829000
1776376831.089,31.089,0.83,266.92,0.82,104.04,0.84,93.09,0.85,58.96,0.16,94.29,0.15,58.96,0.17,266.92,0.18,104.04,0.01,0.01,2345.392553,1776376829000
1776376831.396,31.396,0.83,261.03,0.82,104.04,0.84,93.09,0.85,58.96,0.16,93.09,0.15,58.96,0.17,266.92,0.18,104.04,0.01,0.01,2345.377846,1776376830000
1776376831.71,31.71,0.83,261.03,0.82,104.04,0.84,91.89,0.85,58.96,0.16,93.09,0.15,58.96,0.17,261.03,0.18,104.04,0.01,0.01,2345.377846,1776376830000
1776376833.107,33.107,0.83,247.0,0.82,121.86,0.84,59.89,0.85,50.96,0.16,91.89,0.15,58.96,0.17,261.03,0.18,104.04,0.01,0.01,2345.383333,1776376831000
1776376833.582,33.582,0.83,364.11,0.82,121.86,0.84,59.89,0.85,33.96,0.16,59.89,0.15,50.96,0.17,247.0,0.18,121.86,0.01,0.01,2345.395134,1776376832000
1776376833.858,33.858,0.83,94.0,0.82,126.86,0.85,44.46,0.86,164.0,0.16,54.89,0.15,33.96,0.17,364.11,0.18,121.86,0.02,0.01,2345.395134,1776376832000
1776376834.608,34.608,0.85,211.11,0.84,9.0,0.86,162.5,0.87,154.0,0.14,164.0,0.13,100.0,0.15,63.62,0.17,90.0,0.01,0.01,2345.419605,1776376833000
1776376834.852,34.852,0.85,194.44,0.84,9.0,0.86,157.5,0.87,144.0,0.14,157.5,0.13,154.0,0.15,211.11,0.16,9.0,0.01,0.01,2345.419605,1776376833000
1776376835.163,35.163,0.85,194.44,0.84,9.0,0.86,156.33,0.87,144.0,0.14,157.5,0.13,144.0,0.15,194.44,0.16,9.0,0.01,0.01,2345.480321,1776376834000
1776376835.509,35.509,0.85,171.95,0.84,47.75,0.86,161.33,0.87,144.0,0.15,21.5,0.14,161.33,0.16,35.75,0.17,10.0,0.01,0.01,2345.480321,1776376834000
1776376835.877,35.877,0.85,137.15,0.84,12.75,0.86,161.33,0.87,144.0,0.14,161.33,0.13,144.0,0.15,171.95,0.16,47.75,0.01,0.01,2345.480321,1776376834000
1776376836.084,36.084,0.86,239.84,0.85,137.15,0.87,124.0,0.88,75.0,0.14,160.16,0.13,144.0,0.15,137.15,0.16,12.75,0.01,0.01,2345.480321,1776376834000
1776376836.469,36.469,0.85,137.15,0.84,33.75,0.87,134.5,0.88,145.0,0.13,158.5,0.12,145.0,0.14,9.85,0.15,740.2,0.02,0.01,2345.689897,1776376835000
1776376837.048,37.048,0.85,647.71,0.84,18.75,0.86,90.5,0.87,115.5,0.14,15.5,0.13,134.5,0.15,984.52,0.16,94.25,0.01,0.01,2345.689897,1776376835000
1776376837.339,37.339,0.86,209.5,0.85,137.15,0.87,115.5,0.88,135.0,0.14,90.5,0.13,115.5,0.15,647.71,0.16,18.75,0.01,0.01,2345.728763,1776376836000
1776376837.628,37.628,0.86,480.36,0.85,201.38,0.87,135.5,0.88,110.0,0.13,115.5,0.12,135.0,0.14,209.5,0.15,137.15,0.01,0.01,2345.728763,1776376836000
1776376837.908,37.908,0.85,5.0,0.84,21.0,0.86,5.0,0.87,70.5,0.13,65.5,0.12,110.0,0.14,461.36,0.15,201.38,0.01,0.01,2345.728763,1776376836000
1776376838.282,38.282,0.82,486.08,0.81,61.95,0.83,28.5,0.84,90.48,0.16,40.48,0.15,93.2,0.18,22.29,0.19,10.0,0.01,0.02,2345.728763,1776376836000
1776376838.611,38.611,0.82,635.57,0.81,61.95,0.83,26.08,0.84,90.48,0.17,27.29,0.16,90.48,0.18,486.08,0.19,61.95,0.01,0.01,2345.723942,1776376837000
1776376838.941,38.941,0.82,710.49,0.81,61.95,0.83,26.08,0.84,90.48,0.17,26.08,0.16,90.48,0.18,630.01,0.19,113.9,0.01,0.01,2345.723942,1776376837000
1776376839.2,39.2,0.82,710.81,0.81,61.95,0.83,20.08,0.84,160.48,0.17,26.08,0.16,90.48,0.18,710.49,0.19,61.95,0.01,0.01,2345.704356,1776376838000
1776376839.62,39.62,0.82,706.19,0.81,303.4,0.83,12.87,0.84,160.48,0.17,14.08,0.16,160.48,0.18,147.22,0.19,10.0,0.01,0.01,2345.704356,1776376838000
1776376839.98,39.98,0.82,147.22,0.81,251.45,0.83,8.57,0.84,160.48,0.17,10.21,0.16,160.48,0.18,706.19,0.19,303.4,0.01,0.01,2345.250566,1776376839000
1776376840.277,40.277,0.82,846.26,0.81,365.35,0.83,5.6,0.84,160.48,0.17,6.93,0.16,160.48,0.18,147.22,0.19,261.45,0.01,0.01,2345.250566,1776376839000
1776376840.539,40.539,0.82,514.23,0.81,303.4,0.83,13.56,0.84,160.48,0.17,4.27,0.16,160.48,0.18,496.92,0.19,313.4,0.01,0.01,2345.250566,1776376839000
1776376841.543,41.543,0.82,178.22,0.81,251.45,0.84,159.28,0.85,103.2,0.17,13.56,0.16,160.48,0.18,514.23,0.19,303.4,0.02,0.01,2345.152125,1776376840000
1776376842.358,42.358,0.83,399.15,0.82,34.0,0.84,163.08,0.85,103.2,0.16,159.28,0.15,103.2,0.18,178.22,0.19,251.45,0.01,0.02,2345.13615,1776376841000
1776376842.804,42.804,0.83,399.15,0.82,34.0,0.84,156.47,0.85,103.2,0.16,163.08,0.15,103.2,0.17,399.15,0.18,34.0,0.01,0.01,2345.13615,1776376841000
1776376843.717,43.717,0.83,248.45,0.82,92.26,0.84,154.19,0.85,103.2,0.16,146.47,0.15,103.2,0.17,393.15,0.18,34.0,0.01,0.01,2345.06991,1776376842000
1776376843.969,43.969,0.83,587.69,0.82,146.7,0.84,140.6,0.85,103.2,0.16,152.88,0.15,103.2,0.17,248.45,0.18,146.7,0.01,0.01,2345.081665,1776376843000
1776376845.649,45.649,0.83,248.45,0.82,34.0,0.84,139.4,0.85,103.2,0.16,140.6,0.15,103.2,0.17,587.69,0.18,146.7,0.01,0.01,2345.072275,1776376844000
1776376848.458,48.458,0.82,262.04,0.81,63.15,0.83,57.0,0.84,210.9,0.16,139.4,0.15,103.2,0.17,248.45,0.18,34.0,0.01,0.01,2345.041759,1776376847000
1776376848.795,48.795,0.82,250.25,0.81,84.28,0.83,79.0,0.84,200.9,0.17,82.0,0.16,210.9,0.18,248.41,0.19,61.95,0.01,0.01,2345.041759,1776376847000
1776376854.314,54.314,0.81,550.68,0.8,391.69,0.83,51.61,0.84,200.9,0.17,79.0,0.16,200.9,0.18,250.25,0.19,84.28,0.02,0.01,2344.857298,1776376853000
1776376854.974,54.974,0.81,562.03,0.8,396.69,0.83,47.61,0.84,200.4,0.17,51.61,0.16,200.9,0.19,248.29,0.2,397.76,0.02,0.02,2344.857298,1776376853000
1776376855.242,55.242,0.81,285.79,0.8,346.95,0.83,16.74,0.84,154.4,0.17,37.61,0.16,190.4,0.19,258.79,0.2,346.95,0.02,0.02,2344.857298,1776376853000
1776376855.6,55.6,0.81,876.67,0.8,448.57,0.83,11.74,0.84,154.4,0.17,11.74,0.16,154.4,0.19,597.35,0.2,397.76,0.02,0.02,2344.850897,1776376854000
1776376857.894,57.894,0.83,712.13,0.82,138.82,0.84,147.5,0.85,80.0,0.17,11.74,0.16,154.4,0.18,63.8,0.19,237.64,0.01,0.01,2344.801381,1776376856000
1776376858.227,58.227,0.83,185.81,0.82,29.94,0.84,141.54,0.85,80.0,0.16,147.5,0.15,80.0,0.17,712.13,0.18,138.82,0.01,0.01,2344.818654,1776376857000
1776376858.61,58.61,0.83,460.88,0.82,84.38,0.84,136.52,0.85,80.0,0.16,141.54,0.15,80.0,0.17,185.81,0.18,29.94,0.01,0.01,2344.818654,1776376857000
1776376859.305,59.305,0.83,86.91,0.82,158.65,0.84,136.52,0.85,80.0,0.16,136.52,0.15,80.0,0.17,460.88,0.18,84.38,0.01,0.01,2344.831833,1776376858000
1776376859.919,59.919,0.83,207.71,0.82,29.94,0.84,130.52,0.85,80.0,0.16,136.52,0.15,80.0,0.17,86.91,0.18,158.65,0.01,0.01,2344.831833,1776376858000
1776376860.322,60.322,0.84,262.36,0.83,236.71,0.85,77.0,0.86,10.0,0.15,77.0,0.14,13.72,0.16,123.12,0.17,172.71,0.01,0.01,2344.831833,1776376858000
1776376860.704,60.704,0.84,343.57,0.83,49.5,0.85,56.48,0.86,10.0,0.15,59.42,0.14,10.0,0.16,752.68,0.17,351.23,0.01,0.01,2344.958253,1776376859000
1776376861.008,61.008,0.86,15.5,0.85,47.5,0.87,11.03,0.88,55.0,0.13,2.18,0.12,50.0,0.16,659.19,0.17,106.76,0.01,0.03,2344.9728,1776376860000
1776376862.027,62.027,0.86,213.35,0.85,30.5,0.87,1.41,0.88,50.0,0.13,9.88,0.12,55.0,0.14,8.35,0.15,47.5,0.01,0.01,2344.9728,1776376860000
1776376862.454,62.454,0.87,75.61,0.86,223.35,0.88,50.0,0.89,152.0,0.13,1.41,0.12,50.0,0.14,213.35,0.15,30.5,0.01,0.01,2345.091066,1776376861000
1776376863.229,63.229,0.87,57.5,0.86,398.46,0.88,37.88,0.89,152.0,0.12,50.0,0.11,152.0,0.13,75.61,0.14,223.35,0.01,0.01,2345.3189,1776376862000
1776376864.178,64.178,0.87,307.0,0.86,93.35,0.88,18.88,0.89,116.0,0.12,34.88,0.11,152.0,0.13,45.5,0.14,398.46,0.01,0.01,2345.3189,1776376862000
1776376864.483,64.483,0.87,299.0,0.86,223.35,0.89,87.52,0.9,70.0,0.12,1.88,0.11,116.0,0.13,299.0,0.14,193.35,0.02,0.01,2345.428685,1776376863000
1776376864.831,64.831,0.87,413.6,0.86,218.35,0.88,1.81,0.89,9.43,0.12,10.0,0.11,79.43,0.13,283.6,0.14,253.35,0.01,0.01,2345.428685,1776376863000
1776376865.069,65.069,0.89,5.0,0.88,197.5,0.91,20.21,0.92,40.0,0.1,0.32,0.09,21.0,0.12,162.5,0.13,380.6,0.02,0.02,2345.428685,1776376863000
1776376865.387,65.387,0.92,67.0,0.91,176.0,0.93,162.0,0.94,113.8,0.08,33.0,0.07,217.3,0.09,218.79,0.1,111.0,0.01,0.01,2345.486065,1776376864000
1776376865.65,65.65,0.92,315.11,0.91,129.0,0.93,157.1,0.94,113.8,0.07,162.0,0.06,113.8,0.08,67.0,0.09,176.0,0.01,0.01,2345.486065,1776376864000
1776376866.056,66.056,0.92,120.37,0.91,129.0,0.93,7.1,0.94,113.8,0.07,57.1,0.06,113.8,0.08,145.0,0.09,129.0,0.01,0.01,2345.486065,1776376864000
1776376866.712,66.712,0.93,522.04,0.92,251.41,0.94,88.0,0.95,377.7,0.05,470.5,0.04,470.3,0.08,120.37,0.09,129.0,0.01,0.03,2345.912165,1776376865000
1776376866.957,66.957,0.94,65.72,0.93,241.45,0.95,402.7,0.96,520.3,0.05,377.7,0.04,520.3,0.08,128.0,0.09,214.0,0.01,0.03,2346.308416,1776376866000
1776376867.333,67.333,0.94,55.76,0.93,616.34,0.95,466.7,0.96,470.3,0.06,10.0,0.05,491.7,0.07,182.45,0.08,228.0,0.01,0.01,2346.308416,1776376866000
1776376867.709,67.709,0.94,50.81,0.93,617.43,0.95,466.7,0.96,470.3,0.06,5.0,0.05,466.7,0.07,616.69,0.08,261.41,0.01,0.01,2346.308416,1776376866000
1776376868.447,68.447,0.93,344.56,0.92,238.0,0.94,4.73,0.95,466.7,0.05,466.7,0.04,470.3,0.07,172.45,0.08,138.0,0.01,0.02,2346.638745,1776376867000
1776376869.07,69.07,0.94,55.83,0.93,354.56,0.95,437.55,0.96,470.3,0.05,461.0,0.04,470.3,0.07,848.82,0.08,361.41,0.01,0.02,2346.638745,1776376867000
1776376869.688,69.688,0.94,27.0,0.93,354.56,0.95,431.27,0.96,470.3,0.05,436.49,0.04,470.3,0.06,55.83,0.07,354.56,0.01,0.01,2346.564855,1776376868000
1776376870.204,70.204,0.95,83.94,0.94,557.88,0.96,650.62,0.97,693.7,0.05,426.05,0.04,470.3,0.06,27.0,0.07,354.56,0.01,0.01,2346.564855,1776376868000
1776376873.157,73.157,0.95,180.83,0.94,339.11,0.96,543.78,0.97,688.7,0.04,650.62,0.03,693.7,0.05,117.94,0.06,1080.84,0.01,0.01,2346.742295,1776376871000
1776376873.566,73.566,0.95,907.95,0.94,513.63,0.96,538.62,0.97,688.7,0.04,543.78,0.03,688.7,0.05,180.83,0.06,339.11,0.01,0.01,2346.818076,1776376872000
1776376874.205,74.205,0.95,310.83,0.94,518.56,0.96,538.62,0.97,688.7,0.04,538.62,0.03,688.7,0.05,907.95,0.06,513.63,0.01,0.01,2346.818076,1776376872000
1776376875.756,75.756,0.95,977.19,0.94,518.56,0.96,183.63,0.97,947.82,0.04,538.62,0.03,688.7,0.05,310.83,0.06,518.56,0.01,0.01,2347.030519,1776376874000
1776376877.024,77.024,0.95,365.83,0.94,543.21,0.96,100.42,0.97,887.69,0.04,175.42,0.03,947.82,0.05,977.19,0.06,541.14,0.01,0.01,2347.06813,1776376876000
1776376878.541,78.541,0.95,1101.22,0.94,525.21,0.96,345.11,0.97,674.57,0.04,100.42,0.03,887.69,0.05,365.83,0.06,543.21,0.01,0.01,2347.068805,1776376877000
1776376879.819,79.819,0.95,1189.02,0.94,525.21,0.96,233.12,0.97,674.57,0.04,345.11,0.03,674.57,0.05,1101.22,0.06,525.21,0.01,0.01,2347.20717,1776376878000
1776376881.358,81.358,0.95,1159.54,0.94,514.21,0.97,530.87,0.98,1099.66,0.04,233.12,0.03,674.57,0.05,1189.02,0.06,525.21,0.02,0.01,2347.122385,1776376880000
1776376881.575,81.575,0.96,234.0,0.95,486.95,0.97,530.87,0.98,1099.66,0.03,530.87,0.02,1099.66,0.05,1159.54,0.06,514.21,0.01,0.02,2347.122385,1776376880000
1776376882.513,82.513,0.96,236.2,0.95,659.4,0.97,511.87,0.98,1326.2,0.03,530.87,0.02,1099.66,0.04,234.0,0.05,486.95,0.01,0.01,2347.05281,1776376881000
1776376883.775,83.775,0.96,1579.82,0.95,1103.52,0.97,439.88,0.98,1326.2,0.03,511.87,0.02,1326.2,0.04,236.2,0.05,659.4,0.01,0.01,2347.090084,1776376882000
1776376884.891,84.891,0.96,812.84,0.95,1023.57,0.97,434.77,0.98,1320.28,0.03,434.77,0.02,1326.2,0.04,236.2,0.05,659.4,0.01,0.01,2347.188,1776376883000
1776376885.145,85.145,0.96,127.2,0.95,1023.57,0.97,347.77,0.98,1320.28,0.03,424.77,0.02,1320.28,0.04,127.2,0.05,801.51,0.01,0.01,2347.25456,1776376884000
1776376885.637,85.637,0.96,132.2,0.95,578.23,0.97,247.77,0.98,818.7,0.03,347.77,0.02,1320.28,0.04,798.2,0.05,1023.57,0.01,0.01,2347.25456,1776376884000
1776376889.479,89.479,0.96,832.0,0.95,789.29,0.97,207.4,0.98,818.7,0.03,247.77,0.02,818.7,0.04,132.2,0.05,578.23,0.01,0.01,2347.326602,1776376888000
1776376890.632,90.632,0.96,325.48,0.95,779.29,0.97,282.41,0.98,739.7,0.03,393.54,0.02,739.7,0.04,153.03,0.05,567.23,0.01,0.01,2347.326602,1776376888000
1776376892.734,92.734,0.96,1107.34,0.95,781.29,0.97,4.03,0.98,930.95,0.03,282.41,0.02,739.7,0.04,325.48,0.05,779.29,0.01,0.01,2347.352856,1776376891000
1776376893.64,93.64,0.96,1089.26,0.95,781.29,0.97,8.92,0.98,930.95,0.03,4.03,0.02,930.95,0.04,1107.34,0.05,781.29,0.01,0.01,2347.392833,1776376892000
1776376894.407,94.407,0.97,479.35,0.96,209.8,0.98,256.0,0.99,2573.24,0.03,8.92,0.02,930.95,0.04,1089.26,0.05,781.29,0.01,0.01,2347.40537,1776376893000
1776376895.044,95.044,0.97,653.88,0.96,363.5,0.98,226.0,0.99,2583.24,0.02,236.0,0.01,2573.24,0.03,582.35,0.04,209.8,0.01,0.01,2347.40537,1776376893000
1776376896.548,96.548,0.97,1886.42,0.96,609.12,0.98,175.17,0.99,2550.44,0.02,226.0,0.01,2583.24,0.03,653.88,0.04,363.5,0.01,0.01,2348.076165,1776376895000
1776376897.807,97.807,0.97,289.53,0.96,885.26,0.98,162.55,0.99,2815.43,0.02,167.61,0.01,2550.44,0.03,1886.42,0.04,916.81,0.01,0.01,2348.400784,1776376896000
1776376898.12,98.12,0.97,186.53,0.96,277.5,0.98,142.55,0.99,2815.43,0.02,162.55,0.01,2815.43,0.03,289.53,0.04,885.26,0.01,0.01,2348.400784,1776376896000
1776376900.121,100.121,0.97,665.1,0.96,547.57,0.98,0.05,0.99,2750.44,0.02,142.55,0.01,2815.43,0.03,186.53,0.04,277.5,0.01,0.01,2348.394304,1776376898000
1776376901.099,101.099,0.97,667.55,0.96,272.5,0.98,18.05,0.99,2750.44,0.02,0.05,0.01,2750.44,0.03,665.1,0.04,547.57,0.01,0.01,2348.397705,1776376900000
1776376904.339,104.339,0.97,567.55,0.96,639.62,0.99,2613.49,,,0.02,18.05,0.01,2750.44,0.03,667.55,0.04,272.5,0.02,0.01,2348.387673,1776376903000
1776376904.668,104.668,0.98,112.0,0.97,1163.31,0.99,2198.89,,,0.01,2613.49,,,0.03,567.55,0.04,639.62,0.01,0.02,2348.387673,1776376903000
1776376905.059,105.059,0.98,518.84,0.97,443.31,0.99,1997.89,,,0.01,2068.89,,,0.02,112.0,0.03,1163.31,0.01,0.01,2348.387673,1776376903000
1776376905.426,105.426,0.98,432.84,0.97,284.2,0.99,1852.9,,,0.01,1997.89,,,0.02,518.84,0.03,443.31,0.01,0.01,2348.383205,1776376904000
1776376906.571,106.571,0.98,376.59,0.97,566.27,0.99,1796.9,,,0.01,1807.9,,,0.02,432.84,0.03,284.2,0.01,0.01,2348.398979,1776376905000
1776376908.087,108.087,0.98,279.25,0.97,218.27,0.99,1830.64,,,0.01,1796.9,,,0.02,376.59,0.03,566.27,0.01,0.01,2348.892919,1776376906000
1776376908.93,108.93,0.98,1267.95,0.97,725.88,0.99,1781.9,,,0.01,1830.64,,,0.02,279.25,0.03,218.27,0.01,0.01,2349.16125,1776376907000
1776376913.521,113.521,0.98,433.88,0.97,280.77,0.99,1521.9,,,0.01,1781.9,,,0.02,1267.95,0.03,725.88,0.01,0.01,2348.937372,1776376912000
1776376915.148,115.148,0.98,541.36,0.97,254.7,0.99,1376.9,,,0.01,1521.9,,,0.02,433.88,0.03,280.77,0.01,0.01,2348.870904,1776376913000
1776376919.147,119.147,0.98,546.02,0.97,307.7,0.99,1531.64,,,0.01,1376.9,,,0.02,541.36,0.03,254.7,0.01,0.01,2349.57716,1776376917000
1776376919.972,119.972,0.98,728.47,0.97,597.77,0.99,1410.62,,,0.01,1430.62,,,0.02,546.02,0.03,307.7,0.01,0.01,2349.724496,1776376918000
1776376920.97,120.97,0.98,534.95,0.97,524.77,0.99,1487.38,,,0.01,1395.4,,,0.02,808.47,0.03,567.77,0.01,0.01,2349.716457,1776376919000
1776376921.317,121.317,0.98,362.84,0.97,524.77,0.99,1483.3,,,0.01,1484.32,,,0.02,534.95,0.03,224.7,0.01,0.01,2349.560159,1776376920000
1776376922.462,122.462,0.98,626.02,0.97,524.77,0.99,1478.3,,,0.01,1483.3,,,0.02,362.84,0.03,524.77,0.01,0.01,2349.560159,1776376920000
1776376922.966,122.966,0.98,435.91,0.97,288.39,0.99,1298.3,,,0.01,1478.3,,,0.02,626.02,0.03,524.77,0.01,0.01,2349.560159,1776376920000
1776376923.171,123.171,0.98,405.91,0.97,299.39,0.99,1102.85,,,0.01,1298.3,,,0.02,435.91,0.03,288.39,0.01,0.01,2349.585029,1776376921000
1776376923.666,123.666,0.98,405.91,0.97,489.52,0.99,877.68,,,0.01,897.68,,,0.02,806.03,0.03,289.39,0.01,0.01,2349.72115,1776376922000
1776376923.969,123.969,0.98,405.91,0.97,489.52,0.99,876.66,,,0.01,877.68,,,0.02,405.91,0.03,489.52,0.01,0.01,2349.72115,1776376922000
1776376924.287,124.287,0.98,233.91,0.97,512.52,0.99,873.6,,,0.01,874.62,,,0.02,255.91,0.03,489.52,0.01,0.01,2349.793344,1776376923000
1776376925.641,125.641,0.98,713.93,0.97,302.39,0.99,822.58,,,0.01,872.58,,,0.02,279.91,0.03,512.52,0.01,0.01,2350.298925,1776376924000
1776376925.972,125.972,0.98,896.82,0.97,302.39,0.99,797.33,,,0.01,822.58,,,0.02,713.93,0.03,302.39,0.01,0.01,2350.341135,1776376925000
1776376926.413,126.413,0.98,967.75,0.97,302.39,0.99,792.33,,,0.01,797.33,,,0.02,896.82,0.03,302.39,0.01,0.01,2350.341135,1776376925000
1776376926.661,126.661,0.98,1017.94,0.97,302.39,0.99,741.82,,,0.01,792.33,,,0.02,967.75,0.03,302.39,0.01,0.01,2350.341135,1776376925000
1776376926.921,126.921,0.98,860.94,0.97,302.39,0.99,750.8,,,0.01,741.82,,,0.02,1017.94,0.03,302.39,0.01,0.01,2350.341135,1776376925000
1776376927.808,127.808,0.98,765.99,0.97,413.52,0.99,818.8,,,0.01,750.8,,,0.02,860.94,0.03,302.39,0.01,0.01,2350.410125,1776376926000
1776376929.728,129.728,0.98,765.99,0.97,413.52,0.99,858.74,,,0.01,818.8,,,0.02,765.99,0.03,413.52,0.01,0.01,2350.397799,1776376928000
1776376930.879,130.879,0.98,765.99,0.97,377.33,0.99,774.74,,,0.01,858.74,,,0.02,765.99,0.03,413.52,0.01,0.01,2350.004779,1776376929000
1776376931.097,131.097,0.98,765.99,0.97,377.33,0.99,754.74,,,0.01,774.74,,,0.02,765.99,0.03,377.33,0.01,0.01,2350.004779,1776376929000
1776376933.722,133.722,0.98,258.78,0.97,488.27,0.99,671.74,,,0.01,679.74,,,0.02,765.99,0.03,377.33,0.01,0.01,2349.829092,1776376932000
1776376934.992,134.992,0.98,415.92,0.97,178.2,0.99,658.28,,,0.01,671.74,,,0.02,258.78,0.03,488.27,0.01,0.01,2349.89582,1776376933000
1776376936.259,136.259,0.98,309.85,0.97,178.2,0.99,678.28,,,0.01,658.28,,,0.02,415.92,0.03,178.2,0.01,0.01,2349.737719,1776376935000
1776376938.021,138.021,0.98,213.28,0.97,449.27,0.99,728.28,,,0.01,678.28,,,0.02,309.85,0.03,178.2,0.01,0.01,2349.741816,1776376936000
1776376938.698,138.698,0.98,320.42,0.97,149.2,0.99,723.28,,,0.01,728.28,,,0.02,213.28,0.03,449.27,0.01,0.01,2349.73056,1776376937000
1776376942.401,142.401,0.98,396.17,0.97,25.5,0.99,1464.67,,,0.01,723.28,,,0.02,320.42,0.03,149.2,0.01,0.01,2348.78727,1776376941000
1776376943.793,143.793,0.98,396.17,0.97,25.5,0.99,1745.51,,,0.01,1464.67,,,0.02,396.17,0.03,25.5,0.01,0.01,2348.45466,1776376942000
1776376944.495,144.495,0.98,366.17,0.97,25.5,0.99,1597.73,,,0.01,1745.51,,,0.02,396.17,0.03,25.5,0.01,0.01,2348.384324,1776376943000
1776376945.125,145.125,0.98,259.03,0.97,25.5,0.99,1727.51,,,0.01,1597.73,,,0.02,366.17,0.03,25.5,0.01,0.01,2348.37596,1776376944000
1776376948.704,148.704,0.98,376.17,0.97,81.57,0.99,202.19,,,0.01,1727.51,,,0.02,259.03,0.03,25.5,0.01,0.01,2348.233668,1776376947000
1776376949.055,149.055,0.99,97.81,0.98,386.17,,,,,0.01,202.19,,,0.02,376.17,0.03,81.57,,0.01,2348.233668,1776376947000
1776376949.352,149.352,0.99,401.13,0.98,386.17,,,,,,,,,0.01,97.81,0.02,386.17,,,2348.259297,1776376948000
1776376950.059,150.059,0.99,287.2,0.98,326.29,,,,,,,,,0.01,382.2,0.02,381.17,,,2348.259297,1776376948000
1776376951.969,151.969,0.99,796.01,0.98,497.11,,,,,,,,,0.01,286.07,0.02,326.29,,,2348.45736,1776376950000
1776376954.108,154.108,0.99,677.36,0.98,477.04,,,,,,,,,0.01,796.01,0.02,497.11,,,2349.219775,1776376953000
1776376956.038,156.038,0.99,648.36,0.98,577.1,,,,,,,,,0.01,677.36,0.02,477.04,,,2349.245383,1776376955000
1776376956.795,156.795,0.99,643.36,0.98,348.33,,,,,,,,,0.01,648.36,0.02,577.1,,,2349.245383,1776376955000
1776376963.744,163.744,0.99,538.36,0.98,221.82,,,,,,,,,0.01,638.36,0.02,337.08,,,2348.461035,1776376962000
1776376967.063,167.063,0.99,538.36,0.98,275.82,,,,,,,,,0.01,538.36,0.02,221.82,,,2348.119215,1776376966000
1776376976.991,176.991,0.99,610.36,0.98,1205.02,,,,,,,,,0.01,533.36,0.02,275.82,,,2348.906608,1776376975000
1776376988.916,188.916,0.99,623.81,0.98,342.06,,,,,,,,,0.01,605.36,0.02,1205.02,,,2348.75483,1776376987000
1776376990.092,190.092,0.99,567.89,0.98,188.81,,,,,,,,,0.01,618.81,0.02,342.06,,,2348.210957,1776376988000
1776376994.172,194.172,0.99,403.49,0.98,214.32,,,,,,,,,0.01,567.89,0.02,188.81,,,2347.939068,1776376992000
1776376998.931,198.931,0.99,387.49,0.98,319.77,,,,,,,,,0.01,403.49,0.02,214.32,,,2348.302387,1776376997000
1776377008.84,208.84,0.99,496.48,0.98,652.45,,,,,,,,,0.01,332.49,0.02,319.77,,,2347.667545,1776377007000
1776377019.182,219.182,0.99,17161.6,0.98,589.02,,,,,,,,,0.01,491.48,0.02,652.45,,,2348.859362,1776377018000
1776377027.196,227.196,0.99,18113.59,0.98,855.54,,,,,,,,,0.01,17156.6,0.02,589.02,,,2348.979009,1776377026000
1776377028.804,228.804,0.99,18097.6,0.98,538.47,,,,,,,,,0.01,18113.59,0.02,855.54,,,2349.017115,1776377027000
1776377040.412,240.412,0.99,18017.6,0.98,717.1,,,,,,,,,0.01,18092.6,0.02,538.47,,,2349.566811,1776377039000
1776377040.824,240.824,0.99,18674.15,0.98,717.1,,,,,,,,,0.01,18017.6,0.02,717.1,,,2349.566811,1776377039000
1776377051.024,251.024,0.99,18682.28,0.98,516.97,,,,,,,,,0.01,18669.15,0.02,717.1,,,2349.41998,1776377049000
1776377056.261,256.261,0.991,400.0,0.99,3331.85,0.999,204.98,,,,,,,0.01,18677.28,0.02,516.97,0.008,,2347.953797,1776377055000
1776377056.933,256.933,0.991,400.0,0.99,3803.35,0.999,213.97,,,0.001,194.98,,,0.009,400.0,0.01,3331.85,0.008,0.008,2347.953797,1776377055000
1776377058.45,258.45,0.991,400.0,0.99,3562.86,0.998,169.92,0.999,173.91,0.001,173.91,,,0.009,400.0,0.01,3851.35,0.007,0.008,2347.981016,1776377056000
1776377060.897,260.897,0.997,79.0,0.991,400.0,0.998,174.92,0.999,898.91,0.002,169.92,0.001,173.91,0.009,400.0,0.01,3562.86,0.001,0.007,2348.048815,1776377059000
1776377062.428,262.428,0.997,74.0,0.991,400.0,0.998,1.0,0.999,898.91,0.002,174.92,0.001,898.91,0.003,74.0,0.009,400.0,0.001,0.001,2348.077807,1776377061000
1776377063.103,263.103,0.997,74.0,0.991,400.0,0.999,864.87,,,0.002,1.0,0.001,898.91,0.003,74.0,0.009,400.0,0.002,0.001,2348.056627,1776377062000
1776377066.597,266.597,0.997,74.0,0.991,400.0,0.998,145.0,0.999,875.99,0.001,864.87,,,0.003,74.0,0.009,400.0,0.001,0.002,2348.106514,1776377065000
1776377071.65,271.65,0.997,74.0,0.992,30.07,0.999,630.98,,,0.002,145.0,0.001,875.99,0.003,74.0,0.009,400.0,0.002,0.001,2347.819457,1776377070000
1776377072.968,272.968,0.997,69.0,0.992,30.07,0.999,625.98,,,0.001,630.98,,,0.003,74.0,0.008,30.07,0.002,0.002,2347.786519,1776377072000
1776377073.661,273.661,0.997,64.0,0.992,30.07,0.999,624.97,,,0.001,625.98,,,0.003,64.0,0.008,30.07,0.002,0.002,2347.786519,1776377072000
1776377073.864,273.864,0.997,64.0,0.992,30.07,0.999,613.96,,,0.001,624.97,,,0.003,64.0,0.008,30.07,0.002,0.002,2347.786519,1776377072000
1776377074.605,274.605,0.997,64.0,0.992,30.07,0.999,571.93,,,0.001,582.94,,,0.003,64.0,0.008,30.07,0.002,0.002,2347.83056,1776377073000
1776377077.066,277.066,0.997,64.0,0.992,30.07,0.999,510.88,,,0.001,545.92,,,0.003,64.0,0.008,30.07,0.002,0.002,2347.976694,1776377075000
1776377078.222,278.222,0.997,64.0,0.992,60.07,0.999,480.88,,,0.001,510.88,,,0.003,64.0,0.008,30.07,0.002,0.002,2347.926495,1776377076000
1776377080.548,280.548,0.997,64.0,0.992,60.07,0.999,478.88,,,0.001,480.88,,,0.003,64.0,0.008,60.07,0.002,0.002,2347.978441,1776377079000
1776377082.784,282.784,0.997,59.0,0.992,60.07,0.999,478.88,,,0.001,478.88,,,0.003,64.0,0.008,60.07,0.002,0.002,2347.643568,1776377081000
1776377085.185,285.185,0.997,54.0,0.992,60.07,0.999,343.74,,,0.001,378.78,,,0.003,54.0,0.008,60.07,0.002,0.002,2347.538228,1776377083000
1776377085.465,285.465,0.997,54.0,0.992,60.07,0.999,338.74,,,0.001,343.74,,,0.003,54.0,0.008,60.07,0.002,0.002,2347.538228,1776377083000
1776377088.407,288.407,0.997,54.0,0.992,60.07,0.999,175.71,,,0.001,288.7,,,0.003,54.0,0.008,60.07,0.002,0.002,2347.360893,1776377087000
1776377090.211,290.211,0.997,54.0,0.992,60.07,0.999,140.67,,,0.001,175.71,,,0.003,54.0,0.008,60.07,0.002,0.002,2347.279825,1776377088000

# RESULT,winner=Up,slug=eth-updown-5m-1776376800,ticks=230
