timestamp,elapsed_sec,up_bid_p1,up_bid_s1,up_bid_p2,up_bid_s2,up_ask_p1,up_ask_s1,up_ask_p2,up_ask_s2,down_bid_p1,down_bid_s1,down_bid_p2,down_bid_s2,down_ask_p1,down_ask_s1,down_ask_p2,down_ask_s2,up_spread,down_spread,eth_price,eth_oracle_ts
1776260400.753,0.753,0.53,98.82,0.52,10.0,0.54,5.0,0.6,38.0,0.46,5.0,0.4,38.0,0.47,108.82,0.48,10.0,0.01,0.01,2328.616221,1776260399000
1776260400.993,0.993,0.47,10.0,0.4,38.0,0.6,38.0,0.61,34.0,0.46,5.0,0.4,38.0,0.53,10.0,0.6,38.0,0.13,0.07,2328.616221,1776260399000
1776260401.242,1.242,0.5,2.7,0.47,10.0,0.59,35.63,0.64,13.89,0.4,38.0,0.39,34.0,0.53,10.0,0.6,38.0,0.09,0.13,2328.616221,1776260399000
1776260401.531,1.531,0.47,7.54,0.36,13.89,0.59,40.63,0.64,13.89,0.41,35.63,0.36,13.89,0.5,2.7,0.53,10.0,0.12,0.09,2328.616221,1776260399000
1776260402.349,2.349,0.55,2.77,0.47,7.54,0.56,139.0,0.57,91.44,0.41,40.63,0.36,13.89,0.53,7.54,0.64,13.89,0.01,0.12,2328.66732,1776260400000
1776260403.425,3.425,0.47,7.54,0.46,10.0,0.48,16.47,0.49,28.0,0.46,7.23,0.44,139.0,0.53,7.54,0.54,15.0,0.01,0.07,2328.286825,1776260402000
1776260403.69,3.69,0.47,4.37,0.46,10.0,0.48,21.47,0.49,28.0,0.52,16.47,0.51,28.0,0.53,7.54,0.54,10.0,0.01,0.01,2328.286825,1776260402000
1776260404.117,4.117,0.46,14.19,0.43,100.0,0.48,26.47,0.49,28.0,0.52,21.47,0.51,28.0,0.53,4.37,0.54,10.0,0.02,0.01,2328.286825,1776260402000
1776260404.462,4.462,0.46,14.19,0.43,100.0,0.48,9.43,0.49,15.0,0.52,26.47,0.51,28.0,0.54,14.19,0.57,100.0,0.02,0.02,2328.286825,1776260402000
1776260405.261,5.261,0.46,9.19,0.43,100.0,0.47,161.36,0.48,174.28,0.52,9.43,0.51,15.0,0.54,14.19,0.57,100.0,0.01,0.02,2328.057169,1776260404000
1776260405.577,5.577,0.43,100.0,0.42,100.0,0.46,11.81,0.47,195.36,0.53,161.36,0.52,174.28,0.54,9.19,0.57,100.0,0.03,0.01,2328.057169,1776260404000
1776260405.794,5.794,0.41,40.0,0.4,40.0,0.43,6.16,0.44,26.0,0.54,111.81,0.53,145.36,0.57,91.23,0.58,100.0,0.02,0.03,2328.057169,1776260404000
1776260407.264,7.264,0.4,35.0,0.39,84.0,0.42,10.0,0.43,6.16,0.57,6.16,0.56,26.0,0.59,40.0,0.6,40.0,0.02,0.02,2327.87975,1776260406000
1776260408.535,8.535,0.4,122.0,0.39,134.0,0.41,5.0,0.42,15.0,0.58,10.0,0.57,6.16,0.6,35.0,0.61,84.0,0.01,0.02,2327.751705,1776260407000
1776260410.32,10.32,0.42,60.0,0.41,212.13,0.43,25.0,0.44,72.0,0.59,5.0,0.58,15.0,0.6,122.0,0.61,134.0,0.01,0.01,2327.725402,1776260408000
1776260411.085,11.085,0.46,145.44,0.45,86.0,0.48,80.85,0.49,180.0,0.57,25.0,0.56,72.0,0.58,60.0,0.59,212.13,0.02,0.01,2327.77088,1776260409000
1776260412.036,12.036,0.46,102.58,0.45,123.86,0.47,95.5,0.48,85.75,0.52,70.75,0.51,185.0,0.54,125.44,0.55,91.0,0.01,0.02,2327.921195,1776260410000
1776260413.175,13.175,0.46,82.58,0.45,70.5,0.47,57.2,0.48,201.25,0.53,45.5,0.52,85.75,0.54,82.58,0.55,113.86,0.01,0.01,2327.921195,1776260411000
1776260413.814,13.814,0.46,77.58,0.45,106.5,0.47,30.5,0.48,201.25,0.53,57.2,0.52,201.25,0.54,82.58,0.55,70.5,0.01,0.01,2328.109405,1776260412000
1776260415.57,15.57,0.46,45.0,0.45,82.5,0.47,40.5,0.48,201.25,0.53,30.5,0.52,201.25,0.54,77.58,0.55,106.5,0.01,0.01,2328.241485,1776260414000
1776260416.121,16.121,0.45,53.8,0.44,82.0,0.47,185.5,0.48,226.25,0.53,40.5,0.52,201.25,0.54,45.0,0.55,82.5,0.02,0.01,2328.241485,1776260414000
1776260416.674,16.674,0.44,20.0,0.42,110.0,0.45,175.5,0.46,181.5,0.53,185.5,0.52,226.25,0.55,53.8,0.56,82.0,0.01,0.02,2328.279272,1776260415000
1776260416.937,16.937,0.44,16.25,0.42,60.0,0.45,251.5,0.46,217.5,0.55,175.5,0.54,181.5,0.56,20.0,0.58,110.0,0.01,0.01,2328.279272,1776260415000
1776260417.387,17.387,0.44,4.46,0.42,50.0,0.45,224.5,0.46,241.5,0.55,251.5,0.54,217.5,0.56,6.25,0.58,76.5,0.01,0.01,2328.241655,1776260416000
1776260417.96,17.96,0.42,62.91,0.41,247.63,0.43,51.0,0.44,250.5,0.55,221.5,0.54,241.5,0.58,50.0,0.59,172.13,0.01,0.03,2328.241655,1776260416000
1776260418.636,18.636,0.42,28.42,0.41,237.63,0.43,56.0,0.44,250.5,0.57,51.0,0.56,250.5,0.58,62.91,0.59,247.63,0.01,0.01,2327.952046,1776260417000
1776260419.47,19.47,0.42,5.5,0.41,254.63,0.43,106.0,0.44,237.5,0.57,56.0,0.56,250.5,0.58,28.42,0.59,237.63,0.01,0.01,2327.757877,1776260418000
1776260420.489,20.489,0.42,130.35,0.41,45.0,0.43,235.5,0.44,215.5,0.57,106.0,0.56,237.5,0.58,5.5,0.59,254.63,0.01,0.01,2327.68585,1776260419000
1776260420.697,20.697,0.42,14.75,0.41,45.0,0.43,240.5,0.44,261.5,0.57,245.5,0.56,261.5,0.58,24.75,0.59,45.0,0.01,0.01,2327.68585,1776260419000
1776260420.93,20.93,0.41,45.0,0.4,10.0,0.43,230.5,0.44,261.5,0.57,240.5,0.56,261.5,0.58,14.75,0.59,45.0,0.02,0.01,2327.68585,1776260419000
1776260421.35,21.35,0.41,10.0,0.4,10.0,0.42,179.98,0.43,224.5,0.58,124.98,0.57,215.5,0.59,45.0,0.6,10.0,0.01,0.01,2327.70379,1776260420000
1776260422.101,22.101,0.36,20.65,0.35,30.0,0.37,45.0,0.38,20.0,0.58,179.98,0.57,224.5,0.6,10.0,0.64,25.89,0.01,0.02,2327.70379,1776260420000
1776260422.476,22.476,0.36,17.0,0.35,40.5,0.37,180.5,0.38,155.5,0.63,40.0,0.62,20.0,0.64,16.11,0.65,30.0,0.01,0.01,2327.473685,1776260421000
1776260422.808,22.808,0.36,8.87,0.35,90.5,0.37,165.0,0.38,155.5,0.63,180.5,0.62,155.5,0.64,17.0,0.65,40.5,0.01,0.01,2327.473685,1776260421000
1776260423.1,23.1,0.36,8.87,0.35,90.5,0.37,223.64,0.38,237.5,0.63,165.0,0.62,155.5,0.64,8.87,0.65,90.5,0.01,0.01,2327.392379,1776260422000
1776260423.467,23.467,0.36,64.37,0.35,90.5,0.37,148.64,0.38,222.0,0.63,223.64,0.62,237.5,0.64,8.87,0.65,90.5,0.01,0.01,2327.392379,1776260422000
1776260424.388,24.388,0.36,77.47,0.35,95.5,0.37,143.64,0.38,210.0,0.63,143.64,0.62,200.0,0.64,84.29,0.65,90.5,0.01,0.01,2326.932172,1776260423000
1776260425.202,25.202,0.36,90.62,0.35,95.5,0.37,138.64,0.38,210.0,0.63,148.64,0.62,210.0,0.64,75.62,0.65,95.5,0.01,0.01,2326.932172,1776260423000
1776260425.499,25.499,0.36,88.27,0.35,95.5,0.37,173.15,0.38,210.0,0.63,163.15,0.62,210.0,0.64,85.62,0.65,95.5,0.01,0.01,2326.872495,1776260424000
1776260426.007,26.007,0.36,91.27,0.35,164.49,0.37,143.15,0.38,150.0,0.63,173.15,0.62,210.0,0.64,88.27,0.65,95.5,0.01,0.01,2326.872495,1776260424000
1776260426.659,26.659,0.36,86.27,0.35,154.49,0.37,132.74,0.38,150.0,0.63,133.15,0.62,150.0,0.64,86.27,0.65,154.49,0.01,0.01,2327.003961,1776260425000
1776260426.918,26.918,0.36,81.27,0.35,154.49,0.37,43.57,0.38,50.0,0.63,132.74,0.62,150.0,0.64,86.27,0.65,154.49,0.01,0.01,2327.003961,1776260425000
1776260427.403,27.403,0.36,96.27,0.35,164.49,0.37,25.05,0.38,50.0,0.63,43.57,0.62,50.0,0.64,81.27,0.65,154.49,0.01,0.01,2327.003961,1776260425000
1776260428.584,28.584,0.36,43.27,0.35,121.5,0.37,80.05,0.38,100.0,0.63,25.05,0.62,50.0,0.64,96.27,0.65,164.49,0.01,0.01,2327.14574,1776260427000
1776260429.275,29.275,0.35,45.0,0.34,65.0,0.36,80.5,0.37,153.55,0.63,80.05,0.62,100.0,0.64,43.27,0.65,121.5,0.01,0.01,2327.214162,1776260428000
1776260430.449,30.449,0.35,12.25,0.34,75.5,0.36,155.22,0.37,179.55,0.64,52.72,0.63,153.55,0.65,45.0,0.66,65.0,0.01,0.01,2327.0813,1776260429000
1776260430.909,30.909,0.35,82.75,0.34,75.5,0.36,91.0,0.37,139.05,0.64,155.22,0.63,179.55,0.65,12.25,0.66,75.5,0.01,0.01,2326.956843,1776260430000
1776260433.05,33.05,0.38,82.27,0.37,85.5,0.39,100.0,0.4,120.5,0.64,41.0,0.63,139.05,0.65,72.75,0.66,75.5,0.01,0.01,2326.81105,1776260431000
1776260433.77,33.77,0.38,61.45,0.37,85.5,0.39,100.0,0.4,120.5,0.61,100.0,0.6,115.5,0.62,66.78,0.63,85.5,0.01,0.01,2326.891498,1776260432000
1776260434.587,34.587,0.35,72.17,0.34,115.5,0.36,70.0,0.37,87.5,0.61,100.0,0.6,120.5,0.62,61.45,0.63,85.5,0.01,0.01,2327.127077,1776260433000
1776260435.544,35.544,0.35,13.02,0.34,45.0,0.36,202.5,0.37,187.5,0.64,70.0,0.63,87.5,0.65,72.17,0.66,115.5,0.01,0.01,2327.32041,1776260434000
1776260435.826,35.826,0.34,35.0,0.33,20.0,0.35,91.71,0.36,151.5,0.64,207.5,0.63,187.5,0.66,45.0,0.67,20.0,0.01,0.02,2327.32041,1776260434000
1776260436.787,36.787,0.34,25.0,0.33,25.0,0.35,190.21,0.36,187.62,0.65,91.71,0.64,151.5,0.66,35.0,0.67,20.0,0.01,0.01,2327.223365,1776260435000
1776260437.803,37.803,0.34,25.0,0.33,25.0,0.36,123.93,0.37,152.5,0.65,190.21,0.64,187.62,0.66,25.0,0.67,25.0,0.02,0.01,2326.800716,1776260436000
1776260438.122,38.122,0.34,35.0,0.33,25.0,0.35,66.5,0.36,123.93,0.64,123.93,0.63,152.5,0.66,25.0,0.67,25.0,0.01,0.02,2326.800716,1776260436000
1776260439.133,39.133,0.31,75.0,0.3,55.0,0.34,176.5,0.35,203.5,0.65,66.5,0.64,123.93,0.66,35.0,0.67,25.0,0.03,0.01,2326.541777,1776260438000
1776260439.586,39.586,0.31,61.73,0.3,55.0,0.32,147.28,0.33,50.42,0.68,20.0,0.67,39.92,0.69,71.91,0.7,80.0,0.01,0.01,2326.541777,1776260438000
1776260439.948,39.948,0.31,61.73,0.3,55.0,0.32,171.04,0.33,156.42,0.68,147.28,0.67,50.42,0.69,61.73,0.7,55.0,0.01,0.01,2326.541777,1776260438000
1776260441.348,41.348,0.31,57.75,0.3,55.0,0.32,166.04,0.33,153.42,0.68,171.04,0.67,156.42,0.69,61.73,0.7,55.0,0.01,0.01,2326.222036,1776260440000
1776260442.332,42.332,0.3,65.0,0.29,150.5,0.31,94.0,0.32,96.04,0.68,166.04,0.67,153.42,0.69,57.75,0.7,55.0,0.01,0.01,2326.222036,1776260440000
1776260443.705,43.705,0.3,45.0,0.29,135.5,0.31,105.0,0.32,100.5,0.69,94.0,0.68,96.04,0.7,65.0,0.71,150.5,0.01,0.01,2326.122135,1776260442000
1776260445.398,45.398,0.3,115.42,0.29,150.5,0.31,40.0,0.32,65.0,0.69,105.0,0.68,100.5,0.7,45.0,0.71,135.5,0.01,0.01,2326.159194,1776260444000
1776260446.666,46.666,0.3,75.42,0.29,165.5,0.31,30.0,0.32,70.0,0.69,40.0,0.68,65.0,0.7,100.42,0.71,150.5,0.01,0.01,2326.288381,1776260445000
1776260447.813,47.813,0.3,95.42,0.29,150.5,0.31,35.0,0.32,56.0,0.69,30.0,0.68,70.0,0.7,75.42,0.71,165.5,0.01,0.01,2326.288381,1776260446000
1776260449.554,49.554,0.3,101.42,0.29,170.13,0.32,10.0,0.33,24.92,0.69,35.0,0.68,56.0,0.7,95.42,0.71,150.5,0.02,0.01,2326.3863,1776260448000
1776260449.812,49.812,0.31,110.85,0.3,51.42,0.32,10.0,0.33,24.92,0.68,10.0,0.67,24.92,0.7,101.42,0.71,170.13,0.01,0.02,2326.3863,1776260448000
1776260450.245,50.245,0.31,120.1,0.3,172.41,0.32,10.0,0.33,24.92,0.67,24.92,0.66,51.0,0.69,127.85,0.7,51.42,0.01,0.02,2326.3863,1776260448000
1776260450.883,50.883,0.32,234.0,0.31,287.86,0.33,0.64,0.34,10.0,0.67,24.92,0.66,21.0,0.69,115.1,0.7,172.41,0.01,0.02,2326.301784,1776260449000
1776260451.234,51.234,0.34,19.0,0.33,225.36,0.36,6.2,0.37,21.0,0.65,0.67,0.64,10.0,0.67,234.36,0.68,215.0,0.02,0.02,2326.326447,1776260450000
1776260451.634,51.634,0.34,131.0,0.33,170.36,0.35,1.53,0.36,6.2,0.65,1.68,0.64,6.2,0.66,24.0,0.67,120.36,0.01,0.01,2326.326447,1776260450000
1776260452.266,52.266,0.37,80.52,0.36,90.0,0.38,15.0,0.39,10.0,0.63,11.0,0.62,25.0,0.65,5.38,0.66,109.5,0.01,0.02,2326.326447,1776260450000
1776260454.561,54.561,0.34,50.0,0.33,86.36,0.36,8.22,0.37,107.5,0.62,15.0,0.61,10.0,0.63,80.52,0.64,90.0,0.02,0.01,2327.298075,1776260453000
1776260455.194,55.194,0.33,29.0,0.32,70.97,0.34,7.05,0.35,42.0,0.64,8.22,0.63,107.5,0.66,50.0,0.67,86.36,0.01,0.02,2327.298075,1776260453000
1776260455.515,55.515,0.33,135.5,0.32,70.97,0.34,7.05,0.35,36.0,0.66,7.05,0.65,42.0,0.67,29.0,0.68,70.97,0.01,0.01,2327.341484,1776260454000
1776260455.95,55.95,0.33,132.26,0.32,84.97,0.34,7.05,0.35,36.0,0.66,7.05,0.65,36.0,0.67,135.5,0.68,70.97,0.01,0.01,2327.341484,1776260454000
1776260457.013,57.013,0.33,102.48,0.32,84.97,0.34,7.05,0.35,86.0,0.66,7.05,0.65,36.0,0.67,132.26,0.68,84.97,0.01,0.01,2327.121177,1776260455000
1776260458.592,58.592,0.39,15.0,0.38,295.49,0.4,2.69,0.41,54.0,0.66,7.05,0.65,86.0,0.67,102.48,0.68,84.97,0.01,0.01,2326.754836,1776260457000
1776260460.385,60.385,0.39,274.41,0.38,210.13,0.4,2.69,0.41,49.0,0.6,2.69,0.59,54.0,0.61,15.0,0.62,295.49,0.01,0.01,2327.383244,1776260459000
1776260460.646,60.646,0.39,249.7,0.38,281.49,0.4,2.69,0.41,49.0,0.6,2.69,0.59,49.0,0.61,264.5,0.62,331.49,0.01,0.01,2327.383244,1776260459000
1776260461.154,61.154,0.39,407.7,0.38,277.13,0.41,49.0,0.42,20.0,0.6,2.69,0.59,49.0,0.61,249.7,0.62,281.49,0.02,0.01,2327.583532,1776260460000
1776260461.401,61.401,0.42,236.74,0.41,191.86,0.44,120.0,0.45,60.0,0.58,20.0,0.57,70.0,0.61,527.7,0.62,277.13,0.02,0.03,2327.583532,1776260460000
1776260461.885,61.885,0.43,161.5,0.42,201.74,0.44,120.0,0.45,10.0,0.56,120.0,0.55,60.0,0.58,236.74,0.59,191.86,0.01,0.02,2327.583532,1776260460000
1776260462.79,62.79,0.43,266.5,0.42,233.74,0.45,34.0,0.46,65.5,0.56,120.0,0.55,10.0,0.57,161.5,0.58,201.74,0.02,0.01,2327.70395,1776260461000
1776260463.721,63.721,0.41,15.0,0.4,15.0,0.42,23.11,0.43,36.5,0.55,33.0,0.54,70.5,0.56,177.5,0.57,187.5,0.01,0.01,2327.907287,1776260462000
1776260463.935,63.935,0.4,7.0,0.39,55.7,0.42,33.11,0.43,86.5,0.58,33.11,0.57,86.5,0.59,4.9,0.6,10.0,0.02,0.01,2327.907287,1776260462000
1776260464.561,64.561,0.36,58.0,0.35,155.0,0.38,26.81,0.39,10.0,0.58,33.11,0.57,86.5,0.6,7.0,0.61,55.7,0.02,0.02,2328.172501,1776260463000
1776260464.77,64.77,0.36,7.9,0.35,155.0,0.37,29.0,0.38,10.0,0.63,10.0,0.62,10.0,0.64,39.74,0.65,155.0,0.01,0.01,2328.172501,1776260463000
1776260464.984,64.984,0.38,3.38,0.37,10.0,0.39,10.0,0.4,10.0,0.63,26.29,0.62,10.0,0.64,7.9,0.65,155.0,0.01,0.01,2328.172501,1776260463000
1776260465.996,65.996,0.38,3.38,0.37,5.0,0.39,127.5,0.4,93.5,0.61,10.0,0.6,10.0,0.62,3.38,0.63,10.0,0.01,0.01,2327.871962,1776260464000
1776260466.243,66.243,0.38,0.29,0.37,5.0,0.39,127.5,0.4,118.5,0.61,146.5,0.6,118.5,0.62,5.38,0.63,5.0,0.01,0.01,2327.871962,1776260464000
1776260466.607,66.607,0.37,24.33,0.36,42.0,0.38,54.71,0.39,95.5,0.62,46.31,0.61,88.5,0.63,26.0,0.64,42.0,0.01,0.01,2327.535744,1776260465000
1776260467.229,67.229,0.37,24.33,0.36,42.0,0.38,78.57,0.39,95.5,0.62,54.71,0.61,95.5,0.63,24.33,0.64,42.0,0.01,0.01,2327.533099,1776260466000
1776260468.783,68.783,0.34,43.74,0.33,31.0,0.35,44.0,0.36,46.5,0.62,78.57,0.61,95.5,0.63,24.33,0.64,42.0,0.01,0.01,2327.3957,1776260467000
1776260469.228,69.228,0.34,42.22,0.33,96.5,0.35,75.0,0.36,101.5,0.65,44.0,0.64,46.5,0.66,43.74,0.67,31.0,0.01,0.01,2327.139549,1776260468000
1776260469.473,69.473,0.34,42.22,0.33,96.5,0.35,54.0,0.36,101.5,0.65,75.0,0.64,101.5,0.66,42.22,0.67,96.5,0.01,0.01,2327.139549,1776260468000
1776260471.329,71.329,0.34,23.32,0.33,65.0,0.36,101.5,0.37,106.5,0.65,7.0,0.64,101.5,0.66,90.32,0.67,96.5,0.02,0.01,2327.008517,1776260469000
1776260471.895,71.895,0.34,21.8,0.33,70.0,0.35,113.48,0.36,131.5,0.65,40.5,0.64,156.5,0.66,21.8,0.67,65.0,0.01,0.01,2326.97295,1776260470000
1776260474.4,74.4,0.34,20.36,0.33,55.0,0.35,139.48,0.36,158.5,0.65,113.48,0.64,131.5,0.66,15.52,0.67,55.0,0.01,0.01,2326.8222,1776260473000
1776260474.798,74.798,0.32,55.0,0.31,65.0,0.35,230.9,0.36,158.5,0.65,150.9,0.64,158.5,0.66,0.36,0.68,10.0,0.03,0.01,2326.8222,1776260473000
1776260475.136,75.136,0.3,12.79,0.29,95.64,0.31,15.0,0.32,90.0,0.65,230.9,0.64,158.5,0.68,55.0,0.69,65.0,0.01,0.03,2326.8222,1776260473000
1776260475.71,75.71,0.3,23.29,0.29,105.64,0.31,15.0,0.32,77.0,0.69,15.0,0.68,90.0,0.7,12.79,0.71,95.64,0.01,0.01,2326.80315,1776260474000
1776260476.418,76.418,0.32,106.5,0.31,85.5,0.33,5.89,0.34,90.0,0.69,15.0,0.68,77.0,0.7,23.29,0.71,105.64,0.01,0.01,2326.80325,1776260475000
1776260477.118,77.118,0.31,12.0,0.3,82.79,0.32,68.4,0.33,121.39,0.67,5.89,0.66,90.0,0.68,106.5,0.69,85.5,0.01,0.01,2326.614703,1776260476000
1776260479.343,79.343,0.29,56.33,0.28,110.0,0.3,58.0,0.31,163.5,0.68,118.4,0.67,121.39,0.69,8.0,0.7,82.79,0.01,0.01,2326.536265,1776260478000
1776260480.127,80.127,0.28,101.2,0.27,95.5,0.29,38.65,0.3,94.5,0.7,78.0,0.69,148.5,0.72,101.2,0.73,95.5,0.01,0.02,2326.536265,1776260478000
1776260480.502,80.502,0.28,114.56,0.27,95.5,0.29,28.65,0.3,84.0,0.71,38.65,0.7,94.5,0.72,101.2,0.73,95.5,0.01,0.01,2326.485775,1776260479000
1776260480.829,80.829,0.28,120.06,0.27,95.5,0.29,18.3,0.3,84.0,0.71,28.65,0.7,84.0,0.72,114.56,0.73,95.5,0.01,0.01,2326.485775,1776260479000
1776260481.032,81.032,0.28,134.44,0.27,95.5,0.29,28.3,0.3,84.0,0.71,18.3,0.7,84.0,0.72,120.06,0.73,95.5,0.01,0.01,2326.485775,1776260479000
1776260481.984,81.984,0.28,70.0,0.27,80.0,0.29,132.45,0.3,155.5,0.71,28.3,0.7,84.0,0.72,134.44,0.73,95.5,0.01,0.01,2326.443278,1776260480000
1776260482.503,82.503,0.28,35.0,0.27,30.0,0.29,179.73,0.3,145.5,0.71,132.45,0.7,155.5,0.72,70.0,0.73,80.0,0.01,0.01,2326.21285,1776260481000
1776260483.148,83.148,0.27,49.93,0.26,75.5,0.28,104.75,0.29,143.98,0.71,179.73,0.7,145.5,0.72,35.0,0.73,30.0,0.01,0.01,2326.21285,1776260481000
1776260483.465,83.465,0.27,111.43,0.26,75.5,0.29,46.06,0.3,138.6,0.72,71.17,0.71,118.0,0.73,70.43,0.74,75.5,0.02,0.01,2326.21468,1776260482000
1776260483.762,83.762,0.28,86.0,0.27,77.43,0.29,68.0,0.3,142.1,0.71,69.5,0.7,152.6,0.72,5.0,0.73,92.43,0.01,0.01,2326.21468,1776260482000
1776260484.013,84.013,0.28,105.11,0.27,77.43,0.29,10.0,0.3,132.1,0.71,43.0,0.7,132.1,0.72,106.5,0.73,77.43,0.01,0.01,2326.246269,1776260483000
1776260484.557,84.557,0.29,66.85,0.28,90.11,0.3,154.11,0.31,154.8,0.7,132.1,0.69,170.3,0.72,110.11,0.73,77.43,0.01,0.02,2326.246269,1776260483000
1776260484.887,84.887,0.29,117.35,0.28,110.11,0.31,15.0,0.32,10.0,0.7,154.11,0.69,154.8,0.71,66.85,0.72,90.11,0.02,0.01,2326.246269,1776260483000
1776260485.288,85.288,0.32,9.91,0.31,92.5,0.33,15.0,0.34,127.0,0.68,10.0,0.67,65.0,0.7,25.5,0.71,112.35,0.01,0.02,2326.154605,1776260484000
1776260485.802,85.802,0.31,5.0,0.3,5.0,0.32,64.84,0.33,155.83,0.67,15.0,0.66,127.0,0.68,9.91,0.69,92.5,0.01,0.01,2326.154605,1776260484000
1776260487.012,87.012,0.29,75.0,0.28,82.0,0.3,90.66,0.31,175.77,0.66,45.36,0.65,141.9,0.69,10.0,0.71,90.0,0.01,0.03,2326.181599,1776260485000
1776260487.376,87.376,0.29,70.0,0.28,75.0,0.3,107.32,0.31,215.27,0.7,90.66,0.69,175.77,0.71,75.0,0.72,82.0,0.01,0.01,2326.559016,1776260486000
1776260488.019,88.019,0.29,50.0,0.28,75.0,0.3,110.91,0.31,267.57,0.7,107.32,0.69,215.27,0.71,70.0,0.72,75.0,0.01,0.01,2326.559016,1776260486000
1776260489.405,89.405,0.28,69.0,0.27,89.93,0.29,352.26,0.3,90.1,0.7,114.55,0.69,267.57,0.71,40.0,0.72,75.0,0.01,0.01,2326.413421,1776260487000
1776260490.816,90.816,0.28,54.62,0.27,120.43,0.29,267.24,0.3,155.81,0.71,332.26,0.7,90.1,0.72,13.0,0.73,89.93,0.01,0.01,2326.158868,1776260489000
1776260491.206,91.206,0.28,59.46,0.27,120.43,0.29,267.24,0.3,155.81,0.71,272.24,0.7,155.81,0.72,44.62,0.73,120.43,0.01,0.01,2326.158868,1776260489000
1776260491.641,91.641,0.28,84.96,0.27,115.43,0.29,108.74,0.3,66.71,0.71,267.24,0.7,155.81,0.72,59.46,0.73,120.43,0.01,0.01,2326.1535,1776260490000
1776260491.914,91.914,0.28,104.96,0.27,135.43,0.29,53.11,0.3,25.71,0.71,69.74,0.7,66.71,0.72,84.96,0.73,115.43,0.01,0.01,2326.1535,1776260490000
1776260492.849,92.849,0.28,88.4,0.27,125.43,0.29,17.58,0.3,35.71,0.71,59.11,0.7,25.71,0.72,104.4,0.73,125.43,0.01,0.01,2326.1535,1776260491000
1776260493.317,93.317,0.28,42.29,0.27,125.43,0.29,29.13,0.3,35.71,0.71,17.58,0.7,35.71,0.72,37.29,0.73,125.43,0.01,0.01,2326.1535,1776260491000
1776260493.975,93.975,0.28,31.41,0.27,135.43,0.29,29.13,0.3,35.71,0.71,29.13,0.7,35.71,0.72,42.29,0.73,125.43,0.01,0.01,2326.21953,1776260492000
1776260494.344,94.344,0.28,2.2,0.27,135.43,0.29,34.13,0.3,35.71,0.71,29.13,0.7,35.71,0.72,31.41,0.73,135.43,0.01,0.01,2326.36506,1776260493000
1776260495.119,95.119,0.27,109.93,0.26,120.5,0.28,102.58,0.29,109.05,0.71,34.13,0.7,35.71,0.72,2.2,0.73,135.43,0.01,0.01,2326.36506,1776260493000
1776260495.557,95.557,0.25,110.0,0.24,165.0,0.27,230.48,0.28,136.08,0.72,143.58,0.71,120.05,0.74,120.5,0.75,130.5,0.02,0.02,2326.36506,1776260493000
1776260495.901,95.901,0.26,33.75,0.25,109.8,0.27,247.06,0.28,117.5,0.73,243.48,0.72,129.08,0.74,40.0,0.75,109.8,0.01,0.01,2326.600315,1776260494000
1776260496.235,96.235,0.25,98.57,0.24,175.5,0.27,242.06,0.28,122.5,0.73,247.06,0.72,117.5,0.74,33.75,0.75,109.8,0.02,0.01,2326.600315,1776260494000
1776260496.971,96.971,0.25,100.57,0.24,175.5,0.26,135.58,0.27,192.48,0.73,236.5,0.72,122.5,0.75,98.57,0.76,175.5,0.01,0.02,2326.5233,1776260495000
1776260497.868,97.868,0.25,136.63,0.24,175.5,0.26,41.58,0.27,215.78,0.74,140.58,0.73,210.78,0.75,94.65,0.76,175.5,0.01,0.01,2326.257945,1776260496000
1776260498.589,98.589,0.24,100.0,0.22,49.78,0.26,400.78,0.27,231.28,0.74,41.58,0.73,215.78,0.75,136.63,0.76,175.5,0.02,0.01,2326.06766,1776260497000
1776260499.452,99.452,0.22,24.78,0.21,70.0,0.23,48.69,0.24,30.5,0.74,400.78,0.73,231.28,0.76,100.0,0.78,49.78,0.01,0.02,2326.06766,1776260497000
1776260500.003,100.003,0.22,11.79,0.21,70.0,0.23,91.0,0.24,163.2,0.77,43.69,0.76,30.5,0.78,18.2,0.79,70.0,0.01,0.01,2326.000658,1776260498000
1776260501.183,101.183,0.22,120.96,0.21,130.0,0.23,31.0,0.24,181.7,0.77,86.0,0.76,163.2,0.78,10.46,0.79,70.0,0.01,0.01,2325.718854,1776260499000
1776260501.548,101.548,0.22,80.83,0.21,138.0,0.24,183.9,0.25,120.7,0.77,10.0,0.76,178.9,0.78,92.83,0.79,125.0,0.02,0.01,2325.416797,1776260500000
1776260502.468,102.468,0.22,108.83,0.21,145.5,0.23,1.3,0.24,110.7,0.76,183.9,0.75,120.7,0.78,80.83,0.79,138.0,0.01,0.02,2325.409292,1776260501000
1776260506.256,106.256,0.2,55.14,0.19,10.0,0.22,256.0,0.23,114.37,0.77,1.3,0.76,110.7,0.78,108.83,0.79,145.5,0.02,0.01,2325.430426,1776260505000
1776260506.467,106.467,0.2,1.02,0.18,20.5,0.21,160.5,0.22,228.5,0.79,155.0,0.78,216.0,0.8,52.64,0.81,10.0,0.01,0.01,2325.430426,1776260505000
1776260507.052,107.052,0.16,2.75,0.15,62.0,0.17,10.0,0.18,55.0,0.82,19.44,0.81,15.0,0.83,80.0,0.84,10.0,0.01,0.01,2325.430426,1776260505000
1776260507.449,107.449,0.15,59.57,0.14,10.0,0.17,20.0,0.18,146.48,0.83,20.0,0.82,75.0,0.85,59.75,0.86,10.0,0.02,0.02,2325.430426,1776260505000
1776260507.988,107.988,0.16,7.61,0.15,59.57,0.17,15.0,0.18,97.98,0.83,18.91,0.82,116.48,0.85,49.57,0.86,10.0,0.01,0.02,2325.5428,1776260506000
1776260508.566,108.566,0.16,5.0,0.15,69.57,0.17,6.63,0.18,122.38,0.83,20.0,0.82,122.38,0.84,2.61,0.85,64.57,0.01,0.01,2325.053672,1776260507000
1776260509.003,109.003,0.16,72.78,0.15,180.07,0.17,21.63,0.18,117.38,0.83,6.63,0.82,122.38,0.84,5.0,0.85,69.57,0.01,0.01,2325.053672,1776260507000
1776260509.901,109.901,0.16,128.42,0.15,310.07,0.17,6.63,0.18,102.98,0.83,21.63,0.82,117.38,0.84,72.78,0.85,180.07,0.01,0.01,2324.3753,1776260508000
1776260510.424,110.424,0.15,46.33,0.14,80.5,0.16,20.0,0.17,22.13,0.83,6.63,0.82,102.98,0.84,128.42,0.85,310.07,0.01,0.01,2324.55754,1776260509000
1776260510.991,110.991,0.15,35.15,0.14,180.5,0.16,119.0,0.17,192.63,0.84,20.0,0.83,22.13,0.85,41.33,0.86,80.5,0.01,0.01,2324.55754,1776260509000
1776260511.578,111.578,0.16,101.22,0.15,125.65,0.17,155.13,0.18,219.38,0.84,119.0,0.83,192.63,0.85,35.15,0.86,180.5,0.01,0.01,2324.55754,1776260510000
1776260512.061,112.061,0.15,113.65,0.14,185.5,0.16,27.0,0.17,146.83,0.83,155.13,0.82,219.38,0.84,101.22,0.85,125.65,0.01,0.01,2324.55754,1776260510000
1776260512.503,112.503,0.15,108.68,0.14,195.5,0.17,115.13,0.18,229.38,0.84,27.0,0.83,146.83,0.85,113.65,0.86,185.5,0.02,0.01,2324.594021,1776260511000
1776260513.966,113.966,0.15,28.18,0.14,175.5,0.16,169.05,0.17,120.63,0.83,115.13,0.82,229.38,0.85,108.68,0.86,195.5,0.01,0.02,2324.490955,1776260512000
1776260515.249,115.249,0.15,111.68,0.14,285.5,0.16,11.75,0.17,135.43,0.84,169.05,0.83,120.63,0.85,28.18,0.86,175.5,0.01,0.01,2324.6581,1776260513000
1776260516.762,116.762,0.16,58.96,0.15,173.68,0.17,115.43,0.18,240.88,0.84,11.75,0.83,135.43,0.85,111.68,0.86,285.5,0.01,0.01,2324.499,1776260515000
1776260517.586,117.586,0.16,67.76,0.15,178.68,0.17,101.43,0.18,240.88,0.83,115.43,0.82,240.88,0.84,58.96,0.85,173.68,0.01,0.01,2324.621203,1776260516000
1776260517.796,117.796,0.16,65.37,0.15,178.68,0.17,151.43,0.18,240.88,0.83,101.43,0.82,240.88,0.84,67.76,0.85,178.68,0.01,0.01,2324.621203,1776260516000
1776260518.263,118.263,0.14,0.02,0.13,220.5,0.16,118.3,0.17,150.93,0.83,151.43,0.82,240.88,0.84,65.37,0.85,178.68,0.02,0.01,2324.621203,1776260516000
1776260519.368,119.368,0.14,36.45,0.13,225.5,0.15,145.2,0.16,123.8,0.84,90.97,0.83,180.93,0.86,0.02,0.87,215.5,0.01,0.02,2324.833455,1776260518000
1776260519.678,119.678,0.13,52.91,0.12,383.09,0.15,145.2,0.16,134.3,0.85,145.2,0.84,123.8,0.86,36.45,0.87,225.5,0.02,0.01,2324.833455,1776260518000
1776260520.267,120.267,0.12,346.53,0.11,586.0,0.14,132.9,0.15,122.7,0.85,145.2,0.84,134.3,0.87,52.91,0.88,383.09,0.02,0.02,2324.568541,1776260519000
1776260520.58,120.58,0.12,347.93,0.11,611.0,0.13,85.0,0.14,109.9,0.86,132.9,0.85,122.7,0.88,346.53,0.89,586.0,0.01,0.02,2324.568541,1776260519000
1776260522.16,122.16,0.13,33.75,0.12,408.5,0.14,46.9,0.15,138.2,0.87,106.0,0.86,130.9,0.88,291.93,0.89,611.0,0.01,0.01,2324.419558,1776260520000
1776260522.466,122.466,0.13,47.24,0.12,351.5,0.14,89.9,0.15,128.2,0.86,46.9,0.85,138.2,0.87,33.75,0.88,408.5,0.01,0.01,2324.419558,1776260520000
1776260523.254,123.254,0.13,193.5,0.12,274.5,0.14,16.71,0.15,125.2,0.86,89.9,0.85,128.2,0.87,47.24,0.88,351.5,0.01,0.01,2324.334374,1776260521000
1776260523.506,123.506,0.14,54.0,0.13,303.5,0.15,118.2,0.16,114.8,0.86,16.71,0.85,125.2,0.87,193.5,0.88,274.5,0.01,0.01,2324.334374,1776260522000
1776260524.347,124.347,0.17,346.5,0.16,196.5,0.18,120.98,0.19,10.0,0.85,118.2,0.84,114.8,0.86,54.0,0.87,303.5,0.01,0.01,2324.40949,1776260523000
1776260524.554,124.554,0.17,335.47,0.16,245.5,0.18,50.98,0.19,10.0,0.82,70.98,0.81,10.0,0.83,341.5,0.84,245.5,0.01,0.01,2324.40949,1776260523000
1776260524.838,124.838,0.17,372.29,0.16,235.5,0.18,8.98,0.19,10.0,0.82,50.98,0.81,10.0,0.83,335.47,0.84,245.5,0.01,0.01,2324.40949,1776260523000
1776260525.312,125.312,0.17,311.52,0.16,150.0,0.18,83.0,0.19,91.5,0.8,135.0,0.79,70.5,0.83,367.29,0.84,235.5,0.01,0.03,2324.57285,1776260524000
1776260526.116,126.116,0.17,90.0,0.16,135.5,0.19,60.0,0.2,300.5,0.82,78.0,0.81,85.5,0.83,224.08,0.84,50.0,0.02,0.01,2324.57285,1776260524000
1776260526.871,126.871,0.18,17.0,0.17,130.0,0.19,161.05,0.2,360.5,0.81,56.63,0.8,300.5,0.82,78.0,0.83,116.5,0.01,0.01,2325.256008,1776260525000
1776260529.283,129.283,0.13,10.0,0.12,70.0,0.15,246.77,0.16,423.5,0.81,161.05,0.8,360.5,0.82,17.0,0.83,130.0,0.02,0.01,2325.2609,1776260527000
1776260530.836,130.836,0.12,40.0,0.11,228.0,0.13,137.03,0.14,200.4,0.86,5.0,0.85,256.77,0.88,70.0,0.89,202.0,0.01,0.02,2325.201,1776260529000
1776260531.32,131.32,0.12,37.72,0.11,202.0,0.13,218.45,0.14,216.4,0.87,137.03,0.86,200.4,0.88,40.0,0.89,228.0,0.01,0.01,2324.696255,1776260530000
1776260532.332,132.332,0.12,6.01,0.11,202.0,0.13,276.45,0.14,200.4,0.87,218.45,0.86,216.4,0.88,37.72,0.89,202.0,0.01,0.01,2324.04825,1776260531000
1776260532.542,132.542,0.11,187.84,0.1,210.0,0.12,195.6,0.13,310.45,0.88,195.6,0.87,310.45,0.89,189.53,0.9,210.0,0.01,0.01,2324.04825,1776260531000
1776260533.269,133.269,0.11,194.46,0.1,210.0,0.12,233.89,0.13,212.33,0.88,195.6,0.87,281.33,0.89,194.46,0.9,210.0,0.01,0.01,2324.05325,1776260532000
1776260534.582,134.582,0.11,73.33,0.1,210.0,0.12,349.89,0.13,274.33,0.88,233.89,0.87,212.33,0.89,194.46,0.9,210.0,0.01,0.01,2323.9931,1776260533000
1776260534.989,134.989,0.11,23.18,0.1,210.0,0.12,360.38,0.13,274.33,0.88,349.89,0.87,274.33,0.89,73.33,0.9,210.0,0.01,0.01,2323.9931,1776260533000
1776260535.646,135.646,0.11,10.36,0.1,210.0,0.12,355.38,0.13,214.33,0.88,355.38,0.87,274.33,0.89,22.05,0.9,210.0,0.01,0.01,2323.752674,1776260534000
1776260536.076,136.076,0.1,215.0,0.09,136.0,0.11,10.51,0.12,335.38,0.88,355.38,0.87,214.33,0.89,5.36,0.9,210.0,0.01,0.01,2323.752674,1776260534000
1776260536.754,136.754,0.1,109.44,0.09,136.0,0.11,299.94,0.12,222.89,0.89,126.01,0.88,335.38,0.9,209.44,0.91,136.0,0.01,0.01,2323.565235,1776260535000
1776260537.055,137.055,0.1,76.66,0.09,136.0,0.11,196.94,0.12,222.89,0.89,191.94,0.88,222.89,0.9,127.44,0.91,136.0,0.01,0.01,2323.565235,1776260535000
1776260537.33,137.33,0.1,9.0,0.09,135.98,0.11,191.94,0.12,222.89,0.89,191.94,0.88,222.89,0.91,135.98,0.92,339.0,0.01,0.02,2323.577325,1776260536000
1776260537.537,137.537,0.09,134.33,0.08,339.0,0.1,7.0,0.11,201.94,0.9,7.0,0.89,196.94,0.91,135.98,0.92,339.0,0.01,0.01,2323.577325,1776260536000
1776260537.746,137.746,0.09,81.08,0.08,396.63,0.1,67.0,0.11,134.45,0.9,67.0,0.89,134.45,0.91,107.73,0.92,314.0,0.01,0.01,2323.577325,1776260536000
1776260538.189,138.189,0.09,59.48,0.08,390.63,0.1,157.49,0.11,134.45,0.9,67.0,0.89,134.45,0.91,54.43,0.92,390.63,0.01,0.01,2323.577325,1776260536000
1776260538.431,138.431,0.09,49.58,0.08,390.63,0.1,162.49,0.11,134.45,0.9,162.49,0.89,134.45,0.91,54.53,0.92,390.63,0.01,0.01,2323.69722,1776260537000
1776260538.635,138.635,0.09,145.18,0.08,370.63,0.1,152.49,0.11,142.54,0.9,162.49,0.89,134.45,0.91,49.58,0.92,390.63,0.01,0.01,2323.69722,1776260537000
1776260538.865,138.865,0.1,52.72,0.09,198.0,0.11,95.17,0.12,137.89,0.89,34.17,0.88,98.39,0.91,253.18,0.92,365.63,0.01,0.02,2323.69722,1776260537000
1776260539.582,139.582,0.1,313.5,0.09,111.0,0.12,93.39,0.13,259.83,0.89,91.04,0.88,137.89,0.9,73.0,0.91,115.0,0.02,0.01,2323.69845,1776260538000
1776260539.861,139.861,0.11,197.38,0.1,138.5,0.12,95.0,0.13,118.03,0.88,93.39,0.87,259.83,0.9,313.5,0.91,111.0,0.01,0.02,2323.69845,1776260538000
1776260540.428,140.428,0.11,248.5,0.1,143.5,0.12,3.36,0.13,30.0,0.88,95.0,0.87,118.03,0.89,197.38,0.9,138.5,0.01,0.01,2323.828695,1776260539000
1776260541.002,141.002,0.13,68.5,0.12,230.5,0.14,79.0,0.15,115.77,0.86,104.0,0.85,154.47,0.88,163.5,0.89,110.5,0.01,0.02,2323.828695,1776260539000
1776260542.264,142.264,0.13,132.7,0.12,100.5,0.14,133.0,0.15,154.27,0.86,79.0,0.85,115.77,0.87,68.5,0.88,230.5,0.01,0.01,2324.2968,1776260541000
1776260543.879,143.879,0.11,38.87,0.1,10.0,0.12,139.5,0.13,139.5,0.86,133.0,0.85,154.27,0.87,132.7,0.88,100.5,0.01,0.01,2324.67115,1776260542000
1776260545.558,145.558,0.11,16.62,0.1,110.0,0.12,300.26,0.13,251.3,0.88,154.16,0.87,141.5,0.89,38.87,0.9,10.0,0.01,0.01,2324.472186,1776260544000
1776260546.999,146.999,0.11,15.49,0.1,10.0,0.12,425.26,0.13,292.34,0.88,300.26,0.87,251.3,0.89,16.62,0.9,110.0,0.01,0.01,2324.073028,1776260545000
1776260547.544,147.544,0.1,7.25,0.09,110.0,0.12,412.26,0.13,286.3,0.88,425.26,0.87,292.34,0.89,15.49,0.9,10.0,0.02,0.01,2323.967456,1776260546000
1776260548.311,148.311,0.1,6.13,0.09,10.0,0.11,367.29,0.12,363.26,0.88,412.26,0.87,286.3,0.9,7.25,0.91,110.0,0.01,0.02,2323.967456,1776260546000
1776260548.592,148.592,0.08,110.0,0.07,126.0,0.1,222.37,0.11,253.29,0.9,137.37,0.89,358.29,0.91,1.91,0.92,135.0,0.02,0.01,2323.919068,1776260547000
1776260549.199,149.199,0.08,85.0,0.07,120.0,0.09,433.51,0.1,261.37,0.9,222.37,0.89,253.29,0.92,110.0,0.93,126.0,0.01,0.02,2323.919068,1776260547000
1776260550.015,150.015,0.07,109.98,0.06,315.0,0.09,571.47,0.1,266.37,0.91,433.51,0.9,261.37,0.92,85.0,0.93,120.0,0.02,0.01,2323.681999,1776260549000
1776260550.361,150.361,0.07,109.98,0.06,315.0,0.08,317.11,0.09,381.47,0.91,571.47,0.9,266.37,0.93,109.98,0.94,315.0,0.01,0.02,2323.681999,1776260549000
1776260550.795,150.795,0.07,81.88,0.06,315.0,0.08,344.11,0.09,410.04,0.92,317.11,0.91,381.47,0.93,109.98,0.94,315.0,0.01,0.01,2323.681999,1776260549000
1776260551.581,151.581,0.07,6.88,0.06,315.0,0.08,310.61,0.09,400.04,0.92,344.11,0.91,410.04,0.93,81.88,0.94,315.0,0.01,0.01,2323.681999,1776260549000
1776260551.972,151.972,0.06,319.08,0.05,317.0,0.08,310.61,0.09,400.04,0.92,310.61,0.91,400.04,0.93,0.26,0.94,315.0,0.02,0.01,2323.3981,1776260550000
1776260552.273,152.273,0.07,5.89,0.06,340.08,0.08,270.61,0.09,296.03,0.92,310.61,0.91,400.04,0.94,319.08,0.95,317.0,0.01,0.02,2323.3981,1776260550000
1776260552.537,152.537,0.07,2.76,0.06,445.08,0.08,140.4,0.09,315.53,0.92,270.61,0.91,296.03,0.93,5.89,0.94,340.08,0.01,0.01,2323.236221,1776260551000
1776260553.356,153.356,0.07,9.73,0.06,321.59,0.08,140.4,0.09,341.03,0.92,140.4,0.91,326.03,0.94,442.59,0.95,217.0,0.01,0.02,2323.248,1776260552000
1776260554.922,154.922,0.06,317.38,0.05,319.0,0.08,303.4,0.09,351.03,0.92,260.4,0.91,357.03,0.93,6.5,0.94,316.59,0.02,0.01,2323.347994,1776260553000
1776260555.315,155.315,0.07,14.91,0.06,643.38,0.08,129.4,0.09,356.53,0.92,303.4,0.91,351.03,0.94,317.38,0.95,319.0,0.01,0.02,2323.3789,1776260554000
1776260555.786,155.786,0.07,160.91,0.06,518.38,0.08,60.15,0.09,251.53,0.92,129.4,0.91,356.53,0.93,14.91,0.94,643.38,0.01,0.01,2323.3789,1776260554000
1776260556.463,156.463,0.07,44.76,0.06,518.38,0.08,11.0,0.09,213.53,0.91,251.53,0.9,262.37,0.93,161.91,0.94,518.38,0.01,0.02,2323.419653,1776260555000
1776260556.668,156.668,0.07,84.76,0.06,513.38,0.08,11.0,0.09,213.53,0.92,11.0,0.91,213.53,0.93,44.76,0.94,518.38,0.01,0.01,2323.419653,1776260555000
1776260556.9,156.9,0.07,34.49,0.06,513.38,0.08,16.0,0.09,218.53,0.92,11.0,0.91,213.53,0.93,84.76,0.94,513.38,0.01,0.01,2323.419653,1776260555000
1776260557.635,157.635,0.06,402.54,0.05,276.0,0.08,105.3,0.09,344.46,0.92,16.0,0.91,218.53,0.93,34.49,0.94,513.38,0.02,0.01,2323.533146,1776260556000
1776260558.585,158.585,0.06,618.54,0.05,207.0,0.08,39.0,0.09,227.96,0.92,105.3,0.91,344.46,0.94,402.54,0.95,276.0,0.02,0.02,2323.723664,1776260557000
1776260558.856,158.856,0.07,195.0,0.06,533.54,0.08,10.0,0.09,178.96,0.92,39.0,0.91,227.96,0.94,618.54,0.95,207.0,0.01,0.02,2323.723664,1776260557000
1776260560.271,160.271,0.07,205.0,0.06,408.54,0.09,276.73,0.1,301.37,0.92,10.0,0.91,178.96,0.93,195.0,0.94,533.54,0.02,0.01,2323.662252,1776260558000
1776260560.595,160.595,0.07,303.92,0.06,413.54,0.09,276.73,0.1,304.37,0.91,276.73,0.9,301.37,0.93,205.0,0.94,408.54,0.02,0.02,2323.733665,1776260559000
1776260560.819,160.819,0.07,7.31,0.06,342.54,0.08,200.0,0.09,342.23,0.91,276.73,0.9,304.37,0.93,303.92,0.94,413.54,0.01,0.02,2323.733665,1776260559000
1776260562.284,162.284,0.07,7.31,0.06,371.54,0.08,320.16,0.09,357.23,0.92,200.0,0.91,342.23,0.93,7.31,0.94,342.54,0.01,0.01,2323.840825,1776260561000
1776260562.823,162.823,0.06,327.54,0.05,244.0,0.08,352.16,0.09,357.23,0.92,315.16,0.91,347.23,0.93,4.18,0.94,371.54,0.02,0.01,2323.840825,1776260561000
1776260564.929,164.929,0.06,276.47,0.05,90.0,0.07,445.8,0.08,297.2,0.92,352.16,0.91,357.23,0.94,327.54,0.95,244.0,0.01,0.02,2323.64174,1776260563000
1776260568.414,168.414,0.06,45.4,0.05,95.0,0.07,386.8,0.08,347.66,0.93,445.8,0.92,297.2,0.94,276.47,0.95,90.0,0.01,0.01,2323.052802,1776260567000
1776260568.8,168.8,0.06,48.26,0.05,100.0,0.07,378.8,0.08,347.66,0.93,381.8,0.92,347.66,0.94,49.33,0.95,95.0,0.01,0.01,2323.052802,1776260567000
1776260569.07,169.07,0.06,42.99,0.05,95.0,0.07,383.8,0.08,287.66,0.93,383.8,0.92,317.66,0.94,44.06,0.95,100.0,0.01,0.01,2323.052802,1776260567000
1776260569.576,169.576,0.06,41.92,0.05,95.0,0.07,393.8,0.08,287.66,0.93,383.8,0.92,287.66,0.94,42.99,0.95,95.0,0.01,0.01,2323.065913,1776260568000
1776260569.782,169.782,0.06,39.78,0.05,95.0,0.07,388.8,0.08,317.66,0.93,388.8,0.92,317.66,0.94,40.85,0.95,95.0,0.01,0.01,2323.065913,1776260568000
1776260572.684,172.684,0.06,33.71,0.05,70.0,0.07,378.8,0.08,287.66,0.93,388.8,0.92,317.66,0.94,39.78,0.95,95.0,0.01,0.01,2323.047468,1776260571000
1776260572.919,172.919,0.06,33.71,0.05,70.0,0.07,355.22,0.08,287.66,0.93,378.8,0.92,287.66,0.94,33.71,0.95,70.0,0.01,0.01,2323.047468,1776260571000
1776260573.619,173.619,0.06,33.71,0.05,75.0,0.07,303.72,0.08,287.66,0.93,355.22,0.92,287.66,0.94,33.71,0.95,70.0,0.01,0.01,2323.102798,1776260572000
1776260576.012,176.012,0.06,33.71,0.05,70.0,0.07,295.72,0.08,259.4,0.93,303.72,0.92,287.66,0.94,33.71,0.95,75.0,0.01,0.01,2323.137034,1776260574000
1776260577.951,177.951,0.06,25.71,0.05,20.0,0.07,473.22,0.08,354.4,0.93,295.72,0.92,259.4,0.94,33.71,0.95,70.0,0.01,0.01,2323.4225,1776260576000
1776260579.622,179.622,0.06,15.71,0.05,20.0,0.07,290.31,0.08,308.4,0.93,468.22,0.92,354.4,0.94,15.71,0.95,20.0,0.01,0.01,2323.259852,1776260578000
1776260580.166,180.166,0.06,11.45,0.05,20.0,0.07,365.31,0.08,233.4,0.93,290.31,0.92,308.4,0.94,15.71,0.95,20.0,0.01,0.01,2323.259852,1776260578000
1776260580.408,180.408,0.06,1.13,0.05,20.0,0.07,325.31,0.08,218.4,0.93,350.31,0.92,243.4,0.94,6.45,0.95,20.0,0.01,0.01,2322.941554,1776260579000
1776260580.835,180.835,0.05,9.92,0.04,145.0,0.06,375.66,0.07,195.31,0.93,360.31,0.92,218.4,0.95,11.92,0.96,145.0,0.01,0.02,2322.941554,1776260579000
1776260581.266,181.266,0.05,13.59,0.04,140.0,0.06,465.97,0.07,200.31,0.94,435.66,0.93,185.31,0.95,4.65,0.96,145.0,0.01,0.01,2322.941554,1776260579000
1776260581.494,181.494,0.05,10.0,0.04,145.0,0.06,549.84,0.07,260.31,0.94,465.97,0.93,200.31,0.95,13.59,0.96,140.0,0.01,0.01,2322.941554,1776260579000
1776260582.033,182.033,0.04,30.64,0.03,533.0,0.05,370.46,0.06,244.48,0.95,304.47,0.94,264.48,0.96,81.69,0.97,533.0,0.01,0.01,2322.9635,1776260580000
1776260582.494,182.494,0.03,502.75,0.02,521.08,0.04,414.69,0.05,300.3,0.95,423.09,0.94,278.48,0.97,528.27,0.98,521.08,0.01,0.02,2322.8793,1776260581000
1776260582.702,182.702,0.03,490.71,0.02,521.08,0.04,474.69,0.05,300.3,0.96,467.69,0.95,300.3,0.97,496.71,0.98,521.08,0.01,0.01,2322.8793,1776260581000
1776260582.914,182.914,0.03,430.44,0.02,542.08,0.04,487.99,0.05,289.8,0.96,487.99,0.95,300.3,0.97,432.44,0.98,521.08,0.01,0.01,2322.8793,1776260581000
1776260583.461,183.461,0.03,352.69,0.02,526.08,0.04,449.0,0.05,179.8,0.96,477.99,0.95,279.8,0.97,358.69,0.98,542.08,0.01,0.01,2322.745316,1776260582000
1776260583.759,183.759,0.03,341.69,0.02,526.08,0.04,489.0,0.05,179.8,0.96,449.0,0.95,179.8,0.97,346.69,0.98,526.08,0.01,0.01,2322.745316,1776260582000
1776260584.029,184.029,0.03,320.65,0.02,526.08,0.04,489.0,0.05,179.8,0.96,489.0,0.95,179.8,0.97,321.69,0.98,526.08,0.01,0.01,2322.410504,1776260583000
1776260584.415,184.415,0.03,307.28,0.02,526.08,0.04,566.31,0.05,179.8,0.96,489.0,0.95,179.8,0.97,313.28,0.98,526.08,0.01,0.01,2322.410504,1776260583000
1776260584.805,184.805,0.03,262.51,0.02,521.08,0.04,566.31,0.05,179.8,0.96,566.31,0.95,179.8,0.97,288.28,0.98,526.08,0.01,0.01,2322.410504,1776260583000
1776260585.057,185.057,0.03,201.47,0.02,521.08,0.04,576.31,0.05,190.3,0.96,566.31,0.95,190.3,0.97,256.47,0.98,521.08,0.01,0.01,2322.410504,1776260583000
1776260587.225,187.225,0.02,403.08,0.01,3244.02,0.04,467.31,0.05,190.3,0.96,576.31,0.95,190.3,0.97,201.47,0.98,521.08,0.02,0.01,2322.578785,1776260585000
1776260587.648,187.648,0.02,373.75,0.01,3147.02,0.03,429.7,0.04,403.01,0.97,5.0,0.96,467.31,0.98,402.05,0.99,3244.02,0.01,0.01,2322.548708,1776260586000
1776260588.162,188.162,0.02,367.72,0.01,3273.02,0.03,396.7,0.04,385.01,0.97,429.7,0.96,403.01,0.98,372.72,0.99,3147.02,0.01,0.01,2322.548708,1776260587000
1776260589.335,189.335,0.02,258.11,0.01,2952.02,0.03,502.7,0.04,385.01,0.97,497.7,0.96,385.01,0.98,366.69,0.99,2573.02,0.01,0.01,2322.64005,1776260588000
1776260590.862,190.862,0.02,219.35,0.01,2952.02,0.03,397.7,0.04,385.01,0.97,502.7,0.96,385.01,0.98,258.11,0.99,2952.02,0.01,0.01,2322.7774,1776260589000
1776260591.297,191.297,0.02,122.85,0.01,3252.02,0.03,408.01,0.04,385.01,0.97,397.7,0.96,385.01,0.98,199.35,0.99,2952.02,0.01,0.01,2322.7774,1776260590000
1776260592.174,192.174,0.02,280.8,0.01,2813.03,0.04,254.01,0.05,167.8,0.97,408.01,0.96,385.01,0.98,120.8,0.99,3252.02,0.02,0.01,2322.7774,1776260590000
1776260593.504,193.504,0.03,12.93,0.02,230.8,0.04,358.01,0.05,219.3,0.96,254.01,0.95,167.8,0.98,280.8,0.99,2813.03,0.01,0.02,2322.9781,1776260592000
1776260595.042,195.042,0.03,7.93,0.02,230.8,0.04,378.01,0.05,227.3,0.96,358.01,0.95,219.3,0.97,12.93,0.98,230.8,0.01,0.01,2323.046783,1776260593000
1776260596.0,196.0,0.03,7.93,0.02,75.8,0.04,412.93,0.05,257.3,0.96,378.01,0.95,227.3,0.97,7.93,0.98,230.8,0.01,0.01,2323.013619,1776260594000
1776260597.054,197.054,0.03,5.45,0.02,70.8,0.04,346.93,0.05,252.3,0.96,412.93,0.95,257.3,0.97,7.93,0.98,75.8,0.01,0.01,2323.058996,1776260595000
1776260597.748,197.748,0.03,5.45,0.02,70.8,0.04,425.42,0.05,252.3,0.96,346.93,0.95,252.3,0.97,5.45,0.98,70.8,0.01,0.01,2323.040609,1776260596000
1776260598.983,198.983,0.03,3.49,0.02,65.8,0.04,451.92,0.05,216.3,0.96,425.42,0.95,252.3,0.97,5.45,0.98,70.8,0.01,0.01,2322.883351,1776260597000
1776260600.792,200.792,0.02,65.8,0.01,2777.03,0.04,552.23,0.05,251.3,0.96,451.92,0.95,216.3,0.97,3.49,0.98,65.8,0.02,0.01,2322.986493,1776260599000
1776260601.761,201.761,0.02,60.7,0.01,2077.03,0.03,303.41,0.04,480.23,0.96,552.23,0.95,251.3,0.98,65.8,0.99,2777.03,0.01,0.02,2322.63952,1776260600000
1776260602.073,202.073,0.02,55.6,0.01,2077.03,0.03,303.41,0.04,475.23,0.97,303.41,0.96,480.23,0.98,60.7,0.99,2077.03,0.01,0.01,2322.63952,1776260600000
1776260603.45,203.45,0.02,54.57,0.01,2077.03,0.03,303.41,0.04,475.23,0.97,303.41,0.96,475.23,0.98,55.6,0.99,2077.03,0.01,0.01,2322.391343,1776260602000
1776260604.777,204.777,0.02,0.04,0.01,2077.03,0.03,308.41,0.04,475.23,0.97,303.41,0.96,475.23,0.98,53.54,0.99,2077.03,0.01,0.01,2322.383993,1776260603000
1776260605.543,205.543,0.01,1976.07,,,0.03,303.41,0.04,475.23,0.97,308.41,0.96,475.23,0.98,0.04,0.99,2077.03,0.02,0.01,2322.416127,1776260604000
1776260605.836,205.836,0.01,2276.07,,,0.02,92.0,0.03,333.69,0.97,303.41,0.96,475.23,0.99,1976.07,,,0.01,0.02,2322.416127,1776260604000
1776260606.199,206.199,0.01,2261.07,,,0.02,397.16,0.03,240.69,0.98,213.46,0.97,200.17,0.99,2276.07,,,0.01,0.01,2322.416127,1776260604000
1776260606.43,206.43,0.01,2260.05,,,0.02,457.16,0.03,230.69,0.98,397.16,0.97,240.69,0.99,2261.07,,,0.01,0.01,2322.390469,1776260605000
1776260607.867,207.867,0.01,1960.05,,,0.02,436.25,0.03,230.69,0.98,457.16,0.97,230.69,0.99,2260.05,,,0.01,0.01,2322.429557,1776260606000
1776260608.628,208.628,0.01,1938.03,,,0.02,441.25,0.03,241.19,0.98,431.25,0.97,241.19,0.99,1959.03,,,0.01,0.01,2322.128227,1776260607000
1776260608.868,208.868,0.01,1927.03,,,0.02,551.25,0.03,354.2,0.98,441.25,0.97,241.19,0.99,1938.03,,,0.01,0.01,2322.128227,1776260607000
1776260609.113,209.113,0.01,1901.77,,,0.02,551.25,0.03,354.2,0.98,551.25,0.97,354.2,0.99,1927.03,,,0.01,0.01,2322.128227,1776260607000
1776260609.32,209.32,0.01,1731.77,,,0.02,546.25,0.03,354.2,0.98,551.25,0.97,354.2,0.99,1861.77,,,0.01,0.01,2322.128227,1776260607000
1776260609.658,209.658,0.01,1622.77,,,0.02,464.7,0.03,254.2,0.98,546.25,0.97,354.2,0.99,1631.77,,,0.01,0.01,2322.244375,1776260608000
1776260610.833,210.833,0.01,1616.77,,,0.02,282.7,0.03,194.2,0.98,464.7,0.97,254.2,0.99,1622.77,,,0.01,0.01,2322.131355,1776260609000
1776260611.208,211.208,0.01,1580.12,,,0.02,282.7,0.03,194.2,0.98,282.7,0.97,194.2,0.99,1616.77,,,0.01,0.01,2322.131355,1776260609000
1776260612.024,212.024,0.01,1574.1,,,0.02,282.7,0.03,194.2,0.98,282.7,0.97,194.2,0.99,1580.12,,,0.01,0.01,2321.659952,1776260610000
1776260612.715,212.715,0.01,1569.05,,,0.02,282.7,0.03,224.2,0.98,282.7,0.97,194.2,0.99,1574.1,,,0.01,0.01,2321.659952,1776260610000
1776260612.946,212.946,0.01,1559.96,,,0.02,287.7,0.03,324.2,0.98,287.7,0.97,324.2,0.99,1561.98,,,0.01,0.01,2321.674505,1776260611000
1776260613.263,213.263,0.01,1503.91,,,0.02,287.7,0.03,329.2,0.98,282.7,0.97,329.2,0.99,1559.91,,,0.01,0.01,2321.674505,1776260611000
1776260613.92,213.92,0.01,1488.65,,,0.02,309.7,0.03,329.2,0.98,287.7,0.97,329.2,0.99,1499.86,,,0.01,0.01,2321.863116,1776260612000
1776260614.193,214.193,0.01,1431.33,,,0.02,292.7,0.03,329.2,0.98,309.7,0.97,329.2,0.99,1484.61,,,0.01,0.01,2321.863116,1776260612000
1776260614.732,214.732,0.01,1348.04,,,0.02,468.7,0.03,264.2,0.98,358.7,0.97,329.2,0.99,1403.04,,,0.01,0.01,2321.560818,1776260613000
1776260615.151,215.151,,,,,0.01,17587.19,0.02,345.7,0.99,6669.97,0.98,479.7,,,,,,,2321.560818,1776260613000
1776260615.726,215.726,,,,,0.01,17440.16,0.02,527.44,0.99,17590.61,0.98,369.45,,,,,,,2321.285161,1776260614000
1776260616.35,216.35,,,,,0.01,19425.31,0.02,527.44,0.99,17440.16,0.98,527.44,,,,,,,2321.285161,1776260614000
1776260616.875,216.875,,,,,0.01,19403.84,0.02,527.44,0.99,19425.31,0.98,527.44,,,,,,,2321.285161,1776260614000
1776260621.945,221.945,,,,,0.01,19456.05,0.02,782.19,0.99,19403.84,0.98,527.44,,,,,,,2320.2008,1776260620000
1776260623.025,223.025,,,,,0.01,19451.72,0.02,491.19,0.99,19456.05,0.98,782.19,,,,,,,2320.217613,1776260621000
1776260623.298,223.298,,,,,0.01,19323.94,0.02,482.19,0.99,19423.94,0.98,491.19,,,,,,,2320.217613,1776260622000
1776260624.83,224.83,,,,,0.01,19319.01,0.02,482.19,0.99,19323.94,0.98,482.19,,,,,,,2320.217613,1776260622000
1776260640.554,240.554,,,,,0.01,21429.36,0.02,484.73,0.99,19319.01,0.98,482.19,,,,,,,2320.064781,1776260639000
1776260668.171,268.171,,,,,0.01,22453.03,0.02,433.69,0.99,21429.36,0.98,484.73,,,,,,,2320.70372,1776260666000
1776260676.909,276.909,,,,,0.01,23318.62,0.02,249.99,0.99,22453.03,0.98,433.69,,,,,,,2320.806431,1776260675000

# RESULT,winner=Down,slug=eth-updown-5m-1776260400,ticks=303
