timestamp,elapsed_sec,up_bid_p1,up_bid_s1,up_bid_p2,up_bid_s2,up_ask_p1,up_ask_s1,up_ask_p2,up_ask_s2,down_bid_p1,down_bid_s1,down_bid_p2,down_bid_s2,down_ask_p1,down_ask_s1,down_ask_p2,down_ask_s2,up_spread,down_spread,eth_price,eth_oracle_ts
1776201301.34,1.34,,,,,,,,,,,,,,,,,,,2321.1589,1776201300000
1776201301.614,1.614,0.47,72.57,0.46,75.56,0.49,5.0,0.5,5.0,0.51,5.0,0.5,5.0,0.53,66.57,0.54,88.56,0.02,0.02,2321.1589,1776201300000
1776201301.928,1.928,0.48,20.0,0.47,66.57,0.49,5.0,0.5,5.0,0.51,5.0,0.5,5.0,0.53,66.57,0.54,88.56,0.01,0.02,2321.1589,1776201300000
1776201302.223,2.223,0.48,20.0,0.47,66.57,0.49,5.0,0.5,5.0,0.51,5.0,0.5,5.0,0.52,20.0,0.53,66.57,0.01,0.01,2321.1485,1776201301000
1776201302.571,2.571,0.48,20.0,0.47,66.57,0.49,2.12,0.5,5.0,0.51,5.0,0.5,5.0,0.52,20.0,0.53,66.57,0.01,0.01,2321.1485,1776201301000
1776201303.197,3.197,0.47,83.57,0.46,98.56,0.5,12.06,0.51,23.0,0.51,0.07,0.5,10.0,0.52,20.0,0.53,66.57,0.03,0.01,2321.1485,1776201301000
1776201303.931,3.931,0.49,25.0,0.48,20.0,0.5,24.94,0.51,33.0,0.5,12.06,0.49,23.0,0.53,83.57,0.54,98.56,0.01,0.03,2321.120972,1776201302000
1776201304.258,4.258,0.49,28.0,0.48,15.0,0.5,19.94,0.51,28.0,0.5,24.94,0.49,33.0,0.51,25.0,0.52,20.0,0.01,0.01,2321.120972,1776201302000
1776201305.27,5.27,0.49,23.88,0.48,15.0,0.5,19.94,0.51,28.0,0.5,19.94,0.49,28.0,0.51,23.88,0.52,15.0,0.01,0.01,2321.113606,1776201304000
1776201305.634,5.634,0.5,60.86,0.49,28.88,0.51,28.0,0.52,25.09,0.5,19.94,0.49,28.0,0.51,23.88,0.52,15.0,0.01,0.01,2321.113606,1776201304000
1776201306.107,6.107,0.5,60.86,0.49,18.88,0.51,33.0,0.52,43.09,0.49,28.0,0.48,25.09,0.5,60.86,0.51,28.88,0.01,0.01,2321.113606,1776201304000
1776201306.796,6.796,0.5,60.86,0.49,18.88,0.51,23.0,0.52,43.09,0.49,33.0,0.48,43.09,0.5,60.86,0.51,18.88,0.01,0.01,2321.096915,1776201305000
1776201307.41,7.41,0.5,60.86,0.49,18.88,0.51,23.0,0.52,43.09,0.49,23.0,0.48,43.09,0.5,60.86,0.51,18.88,0.01,0.01,2321.093031,1776201306000
1776201307.849,7.849,0.5,60.86,0.49,18.88,0.51,23.0,0.52,43.09,0.49,23.0,0.48,43.09,0.5,60.86,0.51,18.88,0.01,0.01,2321.110314,1776201307000
1776201308.634,8.634,0.5,60.86,0.49,18.88,0.51,64.0,0.52,33.09,0.49,23.0,0.48,43.09,0.5,60.86,0.51,18.88,0.01,0.01,2321.110314,1776201307000
1776201308.962,8.962,0.5,20.86,0.49,18.88,0.51,66.54,0.52,33.09,0.49,66.54,0.48,33.09,0.5,20.86,0.51,18.88,0.01,0.01,2321.09753,1776201308000
1776201309.174,9.174,0.5,5.86,0.49,18.88,0.51,66.54,0.52,33.09,0.49,66.54,0.48,33.09,0.5,20.86,0.51,18.88,0.01,0.01,2321.09753,1776201308000
1776201309.683,9.683,0.5,0.36,0.49,18.88,0.51,92.04,0.52,113.09,0.49,66.54,0.48,33.09,0.5,5.86,0.51,18.88,0.01,0.01,2321.09753,1776201308000
1776201309.939,9.939,0.49,18.38,0.48,10.5,0.5,15.3,0.51,98.04,0.5,15.3,0.49,98.04,0.51,18.38,0.52,10.5,0.01,0.01,2321.130163,1776201309000
1776201310.393,10.393,0.41,1.64,0.4,5.0,0.42,10.0,0.43,20.5,0.56,40.56,0.5,25.3,0.57,10.0,0.61,10.0,0.01,0.01,2321.130163,1776201309000
1776201310.894,10.894,0.41,1.64,0.4,5.0,0.42,10.0,0.43,20.5,0.58,10.0,0.57,20.5,0.59,1.64,0.6,5.0,0.01,0.01,2320.947316,1776201310000
1776201311.445,11.445,0.41,1.64,0.4,5.0,0.42,20.2,0.43,10.0,0.58,10.0,0.57,20.5,0.59,1.64,0.6,5.0,0.01,0.01,2320.947316,1776201310000
1776201311.882,11.882,0.4,1.64,0.39,10.0,0.43,1.7,0.44,95.56,0.58,20.2,0.57,10.0,0.6,1.64,0.61,10.0,0.03,0.02,2320.947316,1776201310000
1776201312.383,12.383,0.42,10.0,0.4,9.64,0.44,88.17,0.45,10.0,0.57,1.7,0.56,95.56,0.6,1.64,0.61,10.0,0.02,0.03,2320.872506,1776201311000
1776201312.634,12.634,0.42,10.0,0.41,18.5,0.43,8.0,0.44,68.17,0.56,53.17,0.55,10.0,0.58,10.0,0.6,8.0,0.01,0.02,2320.872506,1776201311000
1776201312.879,12.879,0.42,10.63,0.41,18.5,0.43,8.0,0.44,68.17,0.57,8.0,0.56,68.17,0.58,10.63,0.59,18.5,0.01,0.01,2320.785461,1776201312000
1776201313.831,13.831,0.43,152.21,0.42,109.5,0.47,10.5,0.48,5.0,0.57,8.0,0.56,68.17,0.59,23.86,0.6,28.5,0.04,0.02,2320.785461,1776201312000
1776201314.529,14.529,0.46,5.0,0.45,15.0,0.47,15.5,0.48,10.0,0.53,10.5,0.52,5.0,0.57,152.21,0.58,109.5,0.01,0.04,2320.784593,1776201313000
1776201314.902,14.902,0.45,44.9,0.44,25.0,0.46,13.0,0.47,20.5,0.54,5.0,0.53,20.5,0.55,5.0,0.56,15.0,0.01,0.01,2320.784593,1776201313000
1776201315.115,15.115,0.46,10.0,0.45,44.9,0.47,10.5,0.48,25.0,0.54,13.0,0.53,20.5,0.55,44.9,0.56,25.0,0.01,0.01,2320.784593,1776201313000
1776201315.613,15.613,0.46,10.0,0.45,44.9,0.47,10.5,0.48,25.0,0.53,10.5,0.52,25.0,0.54,10.0,0.55,44.9,0.01,0.01,2320.789374,1776201314000
1776201316.213,16.213,0.46,9.81,0.45,45.0,0.47,25.5,0.48,30.0,0.53,25.5,0.52,30.0,0.54,9.81,0.55,45.0,0.01,0.01,2320.878004,1776201315000
1776201316.864,16.864,0.46,72.04,0.45,45.0,0.47,25.5,0.48,30.0,0.53,25.5,0.52,30.0,0.54,87.04,0.55,45.0,0.01,0.01,2320.878004,1776201315000
1776201317.264,17.264,0.46,82.04,0.45,45.0,0.47,23.15,0.48,30.0,0.53,25.5,0.52,30.0,0.54,72.04,0.55,45.0,0.01,0.01,2320.878004,1776201315000
1776201317.511,17.511,0.46,92.04,0.45,45.0,0.47,11.76,0.48,30.0,0.53,16.76,0.52,30.0,0.54,82.04,0.55,45.0,0.01,0.01,2320.891536,1776201316000
1776201317.854,17.854,0.46,67.04,0.45,30.0,0.48,25.97,0.49,21.0,0.53,4.63,0.52,30.0,0.54,82.04,0.55,45.0,0.02,0.01,2320.891536,1776201316000
1776201318.228,18.228,0.46,67.04,0.45,30.0,0.48,19.26,0.49,26.0,0.52,25.97,0.51,21.0,0.54,67.04,0.55,30.0,0.02,0.02,2320.891536,1776201316000
1776201318.45,18.45,0.46,67.04,0.45,30.0,0.47,10.0,0.48,16.96,0.52,16.96,0.51,26.0,0.54,67.04,0.55,30.0,0.01,0.02,2320.89648,1776201317000
1776201318.865,18.865,0.46,58.96,0.45,30.0,0.47,3.01,0.48,16.96,0.53,5.33,0.52,11.96,0.54,48.96,0.55,30.0,0.01,0.01,2320.89648,1776201317000
1776201319.337,19.337,0.46,53.96,0.45,30.0,0.48,16.96,0.49,26.0,0.52,16.96,0.51,26.0,0.54,53.96,0.55,30.0,0.02,0.02,2320.898188,1776201318000
1776201319.689,19.689,0.47,36.0,0.46,53.96,0.48,32.88,0.49,38.0,0.52,35.16,0.51,38.0,0.53,26.0,0.54,53.96,0.01,0.01,2320.898188,1776201318000
1776201319.944,19.944,0.47,92.35,0.46,35.0,0.48,23.87,0.49,38.0,0.52,30.58,0.51,38.0,0.53,92.35,0.54,35.0,0.01,0.01,2320.899399,1776201319000
1776201320.261,20.261,0.47,87.16,0.46,35.0,0.48,33.87,0.49,48.0,0.52,23.87,0.51,38.0,0.53,92.35,0.54,35.0,0.01,0.01,2320.899399,1776201319000
1776201320.53,20.53,0.47,82.16,0.46,35.0,0.48,29.29,0.49,48.0,0.52,31.57,0.51,48.0,0.53,82.16,0.54,35.0,0.01,0.01,2320.899399,1776201319000
1776201320.871,20.871,0.47,87.16,0.46,35.0,0.48,26.99,0.49,48.0,0.52,26.99,0.51,48.0,0.53,87.16,0.54,35.0,0.01,0.01,2320.903029,1776201320000
1776201321.072,21.072,0.47,92.16,0.46,35.0,0.48,22.41,0.49,48.0,0.52,24.71,0.51,48.0,0.53,92.16,0.54,35.0,0.01,0.01,2320.903029,1776201320000
1776201321.839,21.839,0.47,90.27,0.46,35.0,0.48,20.13,0.49,48.0,0.52,20.13,0.51,48.0,0.53,90.27,0.54,35.0,0.01,0.01,2320.907561,1776201321000
1776201322.156,22.156,0.47,105.27,0.46,45.5,0.48,17.85,0.49,48.0,0.52,20.13,0.51,48.0,0.53,80.27,0.54,35.0,0.01,0.01,2320.907561,1776201321000
1776201322.595,22.595,0.47,85.27,0.46,55.5,0.48,13.27,0.49,48.0,0.52,15.55,0.51,48.0,0.53,110.27,0.54,45.5,0.01,0.01,2320.907561,1776201321000
1776201322.819,22.819,0.47,85.27,0.46,55.5,0.48,10.97,0.49,48.0,0.52,13.27,0.51,48.0,0.53,85.27,0.54,55.5,0.01,0.01,2320.907561,1776201321000
1776201323.256,23.256,0.47,85.27,0.46,55.5,0.48,12.33,0.49,58.5,0.52,4.11,0.51,48.0,0.53,85.27,0.54,55.5,0.01,0.01,2320.906242,1776201322000
1776201323.81,23.81,0.47,93.67,0.46,55.5,0.48,10.05,0.49,58.5,0.52,12.33,0.51,58.5,0.53,93.67,0.54,55.5,0.01,0.01,2320.906242,1776201322000
1776201324.802,24.802,0.47,93.67,0.46,65.5,0.48,23.64,0.49,63.5,0.52,17.75,0.51,58.5,0.53,93.67,0.54,50.5,0.01,0.01,2320.90896,1776201323000
1776201325.051,25.051,0.47,91.78,0.46,65.5,0.48,21.36,0.49,63.5,0.52,16.36,0.51,63.5,0.53,93.67,0.54,65.5,0.01,0.01,2320.921702,1776201324000
1776201325.346,25.346,0.47,48.4,0.46,45.0,0.48,39.36,0.49,63.5,0.52,21.36,0.51,63.5,0.53,91.78,0.54,65.5,0.01,0.01,2320.921702,1776201324000
1776201325.949,25.949,0.47,33.4,0.46,40.0,0.48,44.36,0.49,133.5,0.52,44.36,0.51,133.5,0.53,33.4,0.54,40.0,0.01,0.01,2320.921514,1776201325000
1776201326.375,26.375,0.47,43.4,0.46,50.0,0.48,57.06,0.49,133.5,0.52,44.36,0.51,133.5,0.53,33.4,0.54,40.0,0.01,0.01,2320.921514,1776201325000
1776201326.864,26.864,0.47,41.51,0.46,50.0,0.48,52.06,0.49,133.5,0.52,57.06,0.51,133.5,0.53,43.4,0.54,50.0,0.01,0.01,2320.921514,1776201325000
1776201327.162,27.162,0.47,36.51,0.46,40.0,0.48,54.97,0.49,127.5,0.52,57.06,0.51,133.5,0.53,41.51,0.54,45.0,0.01,0.01,2320.919849,1776201326000
1776201327.398,27.398,0.46,40.0,0.43,15.5,0.48,80.97,0.49,187.5,0.52,54.97,0.51,127.5,0.53,36.51,0.54,40.0,0.02,0.01,2320.919849,1776201326000
1776201327.743,27.743,0.46,15.0,0.43,15.5,0.47,73.61,0.48,44.97,0.53,61.5,0.52,64.97,0.54,15.0,0.57,15.5,0.01,0.01,2320.919849,1776201326000
1776201327.969,27.969,0.46,15.0,0.44,5.0,0.47,79.65,0.48,49.97,0.53,76.29,0.52,44.97,0.54,15.0,0.57,15.5,0.01,0.01,2320.88303,1776201327000
1776201328.773,28.773,0.46,9.28,0.44,15.5,0.47,79.65,0.48,49.97,0.53,79.65,0.52,49.97,0.54,11.28,0.56,5.0,0.01,0.01,2320.88303,1776201327000
1776201329.419,29.419,0.46,9.28,0.44,15.5,0.47,77.52,0.48,49.97,0.53,77.52,0.52,49.97,0.54,9.28,0.56,15.5,0.01,0.01,2320.783718,1776201328000
1776201329.69,29.69,0.44,18.57,0.43,30.5,0.45,44.0,0.46,42.5,0.53,77.52,0.52,49.97,0.54,9.28,0.56,15.5,0.01,0.01,2320.783718,1776201328000
1776201329.899,29.899,0.39,5.6,0.38,85.0,0.45,44.0,0.46,42.5,0.55,44.0,0.54,42.5,0.61,5.6,0.62,85.0,0.06,0.06,2320.772075,1776201329000
1776201330.134,30.134,0.41,11.3,0.4,25.5,0.42,37.0,0.43,15.0,0.58,25.0,0.57,15.0,0.59,11.3,0.6,25.5,0.01,0.01,2320.772075,1776201329000
1776201330.481,30.481,0.41,26.3,0.4,25.5,0.42,34.61,0.43,20.0,0.58,37.0,0.57,15.0,0.59,11.3,0.6,25.5,0.01,0.01,2320.772075,1776201329000
1776201330.854,30.854,0.41,41.3,0.4,112.8,0.42,26.5,0.43,20.0,0.58,32.22,0.57,20.0,0.59,26.3,0.6,25.5,0.01,0.01,2320.772075,1776201329000
1776201331.167,31.167,0.41,41.21,0.4,112.8,0.42,31.5,0.43,20.0,0.58,26.5,0.57,20.0,0.59,41.3,0.6,112.8,0.01,0.01,2320.771979,1776201330000
1776201331.508,31.508,0.41,35.0,0.4,112.8,0.42,25.78,0.43,20.0,0.58,31.5,0.57,20.0,0.59,41.21,0.6,112.8,0.01,0.01,2320.771979,1776201330000
1776201331.986,31.986,0.41,35.0,0.4,112.8,0.42,25.78,0.43,20.0,0.58,25.78,0.57,20.0,0.59,35.0,0.6,112.8,0.01,0.01,2320.768247,1776201331000
1776201332.304,32.304,0.41,35.0,0.4,120.8,0.42,13.39,0.43,15.0,0.58,20.78,0.57,20.0,0.59,35.0,0.6,120.8,0.01,0.01,2320.768247,1776201331000
1776201332.601,32.601,0.41,30.0,0.4,120.8,0.42,18.39,0.43,20.0,0.58,13.39,0.57,15.0,0.59,35.0,0.6,120.8,0.01,0.01,2320.768247,1776201331000
1776201332.898,32.898,0.41,25.0,0.4,120.8,0.42,18.13,0.43,15.0,0.58,18.39,0.57,20.0,0.59,30.0,0.6,120.8,0.01,0.01,2320.768247,1776201331000
1776201333.221,33.221,0.41,25.0,0.4,120.8,0.42,18.13,0.43,15.0,0.58,18.13,0.57,15.0,0.59,25.0,0.6,120.8,0.01,0.01,2320.777896,1776201332000
1776201333.924,33.924,0.41,25.0,0.4,120.8,0.42,23.13,0.43,20.0,0.58,23.13,0.57,20.0,0.59,25.0,0.6,120.8,0.01,0.01,2320.777896,1776201332000
1776201334.143,34.143,0.41,25.0,0.4,120.8,0.42,23.13,0.43,20.0,0.58,23.13,0.57,20.0,0.59,25.0,0.6,120.8,0.01,0.01,2320.778628,1776201333000
1776201335.185,35.185,0.41,25.0,0.4,120.8,0.42,23.13,0.43,20.0,0.58,23.13,0.57,20.0,0.59,25.0,0.6,120.8,0.01,0.01,2320.777945,1776201334000
1776201336.088,36.088,0.41,74.21,0.4,49.5,0.42,13.13,0.43,20.0,0.58,13.13,0.57,20.0,0.59,74.21,0.6,49.5,0.01,0.01,2320.778669,1776201335000
1776201336.391,36.391,0.41,84.21,0.4,49.5,0.42,5.51,0.43,20.0,0.58,13.13,0.57,20.0,0.59,74.21,0.6,49.5,0.01,0.01,2320.778669,1776201335000
1776201336.853,36.853,0.41,84.21,0.4,49.5,0.42,5.51,0.43,20.0,0.58,5.51,0.57,20.0,0.59,84.21,0.6,49.5,0.01,0.01,2320.778669,1776201335000
1776201337.085,37.085,0.41,84.21,0.4,49.5,0.42,29.38,0.43,17.72,0.57,12.72,0.56,25.5,0.59,79.21,0.6,49.5,0.01,0.02,2320.778669,1776201335000
1776201337.849,37.849,0.41,78.21,0.4,23.0,0.42,21.76,0.43,17.72,0.58,29.38,0.57,17.72,0.59,84.21,0.6,49.5,0.01,0.01,2320.779378,1776201336000
1776201338.051,38.051,0.41,83.21,0.4,28.0,0.42,10.19,0.43,17.72,0.58,10.19,0.57,17.72,0.59,88.21,0.6,28.0,0.01,0.01,2320.779378,1776201336000
1776201338.916,38.916,0.41,88.21,0.4,20.0,0.42,3.38,0.43,17.72,0.58,10.19,0.57,17.72,0.59,83.21,0.6,28.0,0.01,0.01,2320.779378,1776201337000
1776201339.239,39.239,0.41,78.21,0.4,20.0,0.42,0.76,0.43,12.72,0.58,0.76,0.57,17.72,0.59,83.21,0.6,20.0,0.01,0.01,2320.779378,1776201337000
1776201339.94,39.94,0.41,68.21,0.4,20.0,0.43,6.81,0.44,30.5,0.58,0.76,0.57,12.72,0.59,78.21,0.6,20.0,0.02,0.01,2320.779428,1776201338000
1776201340.154,40.154,0.42,2.72,0.41,63.21,0.43,42.0,0.44,30.5,0.57,6.81,0.56,30.5,0.59,68.21,0.6,20.0,0.01,0.02,2320.779428,1776201338000
1776201340.891,40.891,0.42,48.34,0.41,25.0,0.43,44.44,0.44,41.5,0.57,49.44,0.56,30.5,0.58,2.72,0.59,57.21,0.01,0.01,2320.779518,1776201339000
1776201341.271,41.271,0.42,48.34,0.41,25.0,0.43,44.44,0.44,41.5,0.57,44.44,0.56,41.5,0.58,48.34,0.59,25.0,0.01,0.01,2320.779428,1776201340000
1776201341.819,41.819,0.42,15.0,0.41,30.0,0.43,46.88,0.44,30.5,0.57,44.44,0.56,41.5,0.58,48.34,0.59,25.0,0.01,0.01,2320.779428,1776201340000
1776201342.282,42.282,0.42,15.0,0.41,30.0,0.43,34.57,0.44,30.5,0.57,36.9,0.56,30.5,0.58,15.0,0.59,30.0,0.01,0.01,2320.779428,1776201340000
1776201342.7,42.7,0.42,5.0,0.41,30.0,0.43,34.57,0.44,30.5,0.57,34.57,0.56,30.5,0.58,15.0,0.59,30.0,0.01,0.01,2320.775107,1776201341000
1776201343.74,43.74,0.42,5.0,0.41,30.0,0.43,34.57,0.44,30.5,0.57,34.57,0.56,30.5,0.58,5.0,0.59,30.0,0.01,0.01,2320.783459,1776201342000
1776201344.303,44.303,0.42,5.0,0.41,30.0,0.43,34.57,0.44,30.5,0.57,34.57,0.56,30.5,0.58,5.0,0.59,30.0,0.01,0.01,2320.782756,1776201343000
1776201344.508,44.508,0.42,39.24,0.41,45.0,0.43,50.07,0.44,30.5,0.57,34.57,0.56,30.5,0.58,5.0,0.59,30.0,0.01,0.01,2320.782756,1776201343000
1776201345.463,45.463,0.42,39.24,0.41,45.0,0.43,45.07,0.44,30.5,0.57,45.07,0.56,30.5,0.58,39.24,0.59,45.0,0.01,0.01,2320.782573,1776201344000
1776201345.863,45.863,0.41,56.0,0.4,35.0,0.43,49.09,0.44,30.5,0.57,52.51,0.56,30.5,0.58,23.03,0.59,56.0,0.02,0.01,2320.782573,1776201344000
1776201346.072,46.072,0.41,56.0,0.4,35.0,0.43,49.09,0.44,30.5,0.57,49.09,0.56,30.5,0.59,56.0,0.6,35.0,0.02,0.02,2320.782073,1776201345000
1776201346.901,46.901,0.42,5.0,0.41,40.0,0.43,46.71,0.44,30.5,0.57,49.09,0.56,30.5,0.59,56.0,0.6,35.0,0.01,0.02,2320.782073,1776201345000
1776201347.372,47.372,0.41,34.91,0.4,25.0,0.43,51.71,0.44,30.5,0.57,51.71,0.56,30.5,0.59,34.91,0.6,25.0,0.02,0.02,2320.754347,1776201346000
1776201347.674,47.674,0.41,20.0,0.39,10.0,0.42,152.5,0.43,53.5,0.57,51.71,0.56,30.5,0.59,34.91,0.6,25.0,0.01,0.02,2320.754347,1776201346000
1776201347.914,47.914,0.39,3.02,0.37,5.0,0.42,147.5,0.43,53.5,0.58,147.5,0.57,53.5,0.61,3.02,0.63,5.0,0.03,0.03,2320.754332,1776201347000
1776201348.28,48.28,0.35,37.0,0.34,32.5,0.37,74.35,0.38,20.0,0.6,124.5,0.59,137.5,0.65,23.0,0.66,22.0,0.02,0.05,2320.754332,1776201347000
1776201348.512,48.512,0.35,45.3,0.34,47.5,0.37,68.0,0.38,20.0,0.63,79.35,0.62,20.0,0.65,35.3,0.66,47.5,0.02,0.02,2320.754332,1776201347000
1776201348.748,48.748,0.35,43.6,0.34,22.0,0.36,10.0,0.37,78.0,0.63,68.0,0.62,20.0,0.65,45.3,0.66,47.5,0.01,0.02,2320.754332,1776201347000
1776201349.063,49.063,0.35,13.0,0.34,20.0,0.36,91.5,0.37,105.5,0.64,9.0,0.63,73.0,0.65,43.6,0.66,22.0,0.01,0.01,2320.754332,1776201347000
1776201349.496,49.496,0.34,26.96,0.33,26.0,0.35,77.0,0.36,39.5,0.64,81.5,0.63,105.5,0.65,4.92,0.66,20.0,0.01,0.01,2320.735947,1776201348000
1776201350.315,50.315,0.34,21.96,0.33,26.0,0.35,77.0,0.36,39.5,0.65,77.0,0.64,39.5,0.66,21.96,0.67,26.0,0.01,0.01,2320.626271,1776201349000
1776201350.978,50.978,0.34,26.96,0.33,36.0,0.35,75.28,0.36,29.5,0.65,71.14,0.64,39.5,0.66,21.96,0.67,36.0,0.01,0.01,2320.626271,1776201349000
1776201351.408,51.408,0.34,33.44,0.33,34.0,0.35,70.28,0.36,34.5,0.65,75.28,0.64,29.5,0.66,26.96,0.67,36.0,0.01,0.01,2320.626271,1776201349000
1776201351.649,51.649,0.34,28.44,0.33,34.0,0.35,57.6,0.36,34.5,0.65,73.46,0.64,34.5,0.66,28.44,0.67,34.0,0.01,0.01,2320.445441,1776201350000
1776201352.152,52.152,0.34,28.44,0.33,34.0,0.35,57.6,0.36,34.5,0.65,57.6,0.64,34.5,0.66,28.44,0.67,34.0,0.01,0.01,2320.388563,1776201351000
1776201352.967,52.967,0.34,10.0,0.33,15.0,0.35,81.78,0.36,84.5,0.65,49.14,0.64,34.5,0.66,23.44,0.67,34.0,0.01,0.01,2320.388563,1776201351000
1776201353.373,53.373,0.34,10.0,0.33,15.0,0.35,81.78,0.36,84.5,0.65,81.78,0.64,84.5,0.66,10.0,0.67,15.0,0.01,0.01,2320.387965,1776201352000
1776201353.577,53.577,0.33,25.0,0.32,30.0,0.34,103.0,0.35,67.0,0.65,81.78,0.64,84.5,0.66,10.0,0.67,15.0,0.01,0.01,2320.387965,1776201352000
1776201354.453,54.453,0.33,25.0,0.32,30.0,0.34,103.0,0.35,67.0,0.66,103.0,0.65,67.0,0.67,25.0,0.68,30.0,0.01,0.01,2320.386693,1776201353000
1776201355.092,55.092,0.33,25.0,0.32,30.0,0.34,103.0,0.35,67.0,0.66,103.0,0.65,67.0,0.67,25.0,0.68,30.0,0.01,0.01,2320.376639,1776201354000
1776201355.431,55.431,0.33,5.0,0.31,8.0,0.34,204.5,0.35,41.5,0.66,103.0,0.65,67.0,0.67,25.0,0.68,30.0,0.01,0.01,2320.376639,1776201354000
1776201355.655,55.655,0.31,5.14,0.3,13.0,0.32,67.0,0.33,85.0,0.68,45.0,0.67,85.0,0.69,8.0,0.7,13.0,0.01,0.01,2320.376639,1776201354000
1776201356.236,56.236,0.31,3.54,0.3,13.0,0.32,113.0,0.33,100.5,0.68,113.0,0.67,100.5,0.69,3.54,0.7,13.0,0.01,0.01,2320.311226,1776201355000
1776201356.561,56.561,0.31,13.4,0.3,29.0,0.32,113.0,0.33,105.5,0.68,113.0,0.67,100.5,0.69,3.54,0.7,13.0,0.01,0.01,2320.311226,1776201355000
1776201357.329,57.329,0.31,8.4,0.3,29.0,0.32,108.0,0.33,105.5,0.68,113.0,0.67,105.5,0.69,13.4,0.7,29.0,0.01,0.01,2320.311226,1776201355000
1776201357.595,57.595,0.3,27.4,0.29,60.91,0.32,143.0,0.33,105.5,0.68,108.0,0.67,105.5,0.69,8.4,0.7,29.0,0.02,0.01,2320.311226,1776201355000
1776201358.107,58.107,0.3,27.47,0.29,60.91,0.31,15.0,0.32,133.0,0.69,15.0,0.68,133.0,0.7,27.47,0.71,60.91,0.01,0.01,2320.247152,1776201356000
1776201358.415,58.415,0.3,18.9,0.29,66.41,0.31,86.0,0.32,61.0,0.69,15.0,0.68,133.0,0.7,27.47,0.71,60.91,0.01,0.01,2320.247152,1776201356000
1776201358.677,58.677,0.3,28.0,0.29,21.0,0.31,91.0,0.32,61.0,0.69,91.0,0.68,61.0,0.7,16.8,0.71,66.41,0.01,0.01,2320.247152,1776201356000
1776201358.879,58.879,0.3,28.0,0.29,21.0,0.31,91.0,0.32,61.0,0.69,91.0,0.68,61.0,0.7,28.0,0.71,21.0,0.01,0.01,2320.243947,1776201357000
1776201359.535,59.535,0.3,28.0,0.29,21.0,0.31,91.0,0.32,61.0,0.69,91.0,0.68,61.0,0.7,28.0,0.71,21.0,0.01,0.01,2320.234097,1776201358000
1776201359.971,59.971,0.3,63.88,0.29,66.5,0.31,110.32,0.32,61.0,0.69,111.0,0.68,61.0,0.7,23.0,0.71,79.81,0.01,0.01,2320.234097,1776201358000
1776201360.381,60.381,0.3,58.88,0.29,66.5,0.31,110.32,0.32,61.0,0.69,110.32,0.68,61.0,0.7,58.88,0.71,66.5,0.01,0.01,2320.233878,1776201359000
1776201360.691,60.691,0.3,67.08,0.29,66.5,0.31,140.32,0.32,61.0,0.69,120.32,0.68,61.0,0.7,63.68,0.71,66.5,0.01,0.01,2320.233878,1776201359000
1776201361.307,61.307,0.3,67.08,0.29,66.5,0.31,140.32,0.32,61.0,0.69,140.32,0.68,61.0,0.7,67.08,0.71,66.5,0.01,0.01,2320.231393,1776201360000
1776201361.594,61.594,0.3,10.0,0.29,81.5,0.31,142.32,0.32,90.41,0.69,137.32,0.68,85.41,0.7,15.0,0.71,81.5,0.01,0.01,2320.231393,1776201360000
1776201362.016,62.016,0.29,81.5,0.28,48.39,0.31,142.32,0.32,85.41,0.69,142.32,0.68,85.41,0.71,81.5,0.72,48.39,0.02,0.02,2320.222405,1776201361000
1776201362.835,62.835,0.29,76.41,0.28,123.61,0.3,106.0,0.31,51.32,0.69,142.32,0.68,85.41,0.71,81.5,0.72,48.39,0.01,0.02,2320.222405,1776201361000
1776201363.385,63.385,0.29,61.41,0.28,123.61,0.3,106.0,0.31,51.32,0.7,106.0,0.69,51.32,0.71,61.41,0.72,123.61,0.01,0.01,2320.199161,1776201362000
1776201363.719,63.719,0.29,60.0,0.28,124.61,0.3,90.72,0.31,51.32,0.7,106.0,0.69,51.32,0.71,61.41,0.72,123.61,0.01,0.01,2320.199161,1776201362000
1776201364.032,64.032,0.29,60.0,0.28,124.61,0.3,90.72,0.31,51.32,0.7,90.72,0.69,51.32,0.71,60.0,0.72,124.61,0.01,0.01,2320.199056,1776201363000
1776201364.516,64.516,0.29,45.0,0.28,111.11,0.3,94.38,0.31,51.32,0.7,105.72,0.69,51.32,0.71,55.0,0.72,121.61,0.01,0.01,2320.199056,1776201363000
1776201364.848,64.848,0.29,45.0,0.28,111.11,0.3,141.68,0.31,51.32,0.7,94.38,0.69,51.32,0.71,45.0,0.72,111.11,0.01,0.01,2320.199056,1776201363000
1776201365.1,65.1,0.29,45.0,0.28,111.11,0.3,217.4,0.31,51.32,0.7,141.68,0.69,51.32,0.71,45.0,0.72,111.11,0.01,0.01,2320.199056,1776201363000
1776201365.56,65.56,0.29,45.0,0.28,111.11,0.3,217.4,0.31,51.32,0.7,217.4,0.69,51.32,0.71,45.0,0.72,111.11,0.01,0.01,2320.183121,1776201364000
1776201365.805,65.805,0.29,45.0,0.28,121.11,0.32,36.62,0.33,101.5,0.7,217.4,0.69,51.32,0.71,45.0,0.72,111.11,0.03,0.01,2320.183121,1776201364000
1776201366.141,66.141,0.29,18.37,0.28,37.0,0.3,45.5,0.31,100.0,0.68,36.62,0.67,101.5,0.71,45.0,0.72,121.11,0.01,0.03,2320.183121,1776201364000
1776201366.401,66.401,0.28,41.37,0.27,14.0,0.29,12.55,0.3,136.5,0.7,65.5,0.69,90.0,0.72,34.37,0.73,5.0,0.01,0.02,2320.182898,1776201365000
1776201366.611,66.611,0.28,36.37,0.27,19.0,0.29,148.05,0.3,30.5,0.71,12.55,0.7,136.5,0.72,41.37,0.73,14.0,0.01,0.01,2320.182898,1776201365000
1776201367.18,67.18,0.28,36.37,0.27,19.0,0.29,145.15,0.3,36.5,0.71,148.05,0.7,30.5,0.72,36.37,0.73,19.0,0.01,0.01,2320.182898,1776201365000
1776201367.646,67.646,0.28,34.25,0.27,19.0,0.29,140.15,0.3,36.5,0.71,145.15,0.7,36.5,0.72,36.37,0.73,19.0,0.01,0.01,2320.182898,1776201365000
1776201368.546,68.546,0.28,34.25,0.27,19.0,0.29,140.15,0.3,36.5,0.71,140.15,0.7,36.5,0.72,34.25,0.73,19.0,0.01,0.01,2320.086719,1776201367000
1776201369.259,69.259,0.28,34.25,0.27,19.0,0.29,140.15,0.3,36.5,0.71,140.15,0.7,36.5,0.72,34.25,0.73,19.0,0.01,0.01,2320.067295,1776201368000
1776201369.627,69.627,0.28,7.63,0.27,5.0,0.29,140.15,0.3,37.21,0.71,145.15,0.7,37.21,0.72,7.63,0.73,5.0,0.01,0.01,2320.067295,1776201368000
1776201370.052,70.052,0.28,6.21,0.27,5.0,0.29,135.15,0.3,37.21,0.71,135.15,0.7,37.21,0.72,6.21,0.73,5.0,0.01,0.01,2320.034871,1776201369000
1776201371.647,71.647,0.28,6.21,0.27,5.0,0.29,135.15,0.3,37.21,0.71,135.15,0.7,37.21,0.72,6.21,0.73,5.0,0.01,0.01,2320.034328,1776201370000
1776201371.995,71.995,0.28,6.21,0.27,10.0,0.29,147.7,0.3,31.21,0.71,135.15,0.7,37.21,0.72,6.21,0.73,5.0,0.01,0.01,2320.034328,1776201370000
1776201372.256,72.256,0.28,6.21,0.27,28.3,0.29,153.59,0.3,31.21,0.71,132.7,0.7,31.21,0.72,6.21,0.73,10.0,0.01,0.01,2320.034328,1776201370000
1776201373.111,73.111,0.28,6.21,0.27,28.3,0.29,153.59,0.3,31.21,0.71,153.59,0.7,31.21,0.72,6.21,0.73,28.3,0.01,0.01,2320.023958,1776201372000
1776201374.766,74.766,0.28,6.21,0.27,28.3,0.29,153.59,0.3,31.21,0.71,153.59,0.7,31.21,0.72,6.21,0.73,28.3,0.01,0.01,2319.953642,1776201373000
1776201375.156,75.156,0.27,28.3,0.26,23.7,0.29,131.59,0.3,31.21,0.71,153.59,0.7,31.21,0.72,6.21,0.73,28.3,0.02,0.01,2319.953642,1776201373000
1776201375.546,75.546,0.27,26.93,0.26,28.7,0.28,145.0,0.29,31.59,0.71,131.59,0.7,31.21,0.73,28.3,0.74,23.7,0.01,0.02,2319.953642,1776201373000
1776201376.203,76.203,0.27,16.93,0.26,28.7,0.28,139.75,0.29,36.59,0.72,139.75,0.71,36.59,0.73,26.93,0.74,28.7,0.01,0.01,2319.951392,1776201374000
1776201376.465,76.465,0.27,16.93,0.26,28.7,0.28,139.75,0.29,36.59,0.72,139.75,0.71,36.59,0.73,16.93,0.74,28.7,0.01,0.01,2319.951392,1776201375000
1776201377.431,77.431,0.27,16.93,0.26,28.7,0.28,139.75,0.29,36.59,0.72,139.75,0.71,36.59,0.73,16.93,0.74,28.7,0.01,0.01,2319.952157,1776201376000
1776201377.656,77.656,0.27,6.93,0.26,38.7,0.28,139.75,0.29,36.59,0.72,139.75,0.71,36.59,0.73,16.93,0.74,28.7,0.01,0.01,2319.952157,1776201376000
1776201377.917,77.917,0.27,6.93,0.26,38.7,0.28,141.07,0.29,36.59,0.72,141.07,0.71,36.59,0.73,6.93,0.74,38.7,0.01,0.01,2319.952156,1776201377000
1776201378.784,78.784,0.27,6.93,0.26,43.7,0.28,133.56,0.29,36.59,0.72,137.49,0.71,36.59,0.73,11.93,0.74,38.7,0.01,0.01,2319.952156,1776201377000
1776201379.818,79.818,0.27,6.93,0.26,43.7,0.28,133.56,0.29,36.59,0.72,133.56,0.71,36.59,0.73,6.93,0.74,43.7,0.01,0.01,2319.954822,1776201379000
1776201381.177,81.177,0.27,6.93,0.26,43.7,0.28,134.06,0.29,36.59,0.72,133.56,0.71,36.59,0.73,6.93,0.74,43.7,0.01,0.01,2319.954822,1776201379000
1776201382.175,82.175,0.27,6.93,0.26,43.7,0.28,134.06,0.29,36.59,0.72,134.06,0.71,36.59,0.73,6.93,0.74,43.7,0.01,0.01,2319.943052,1776201381000
1776201382.635,82.635,0.27,6.93,0.26,54.2,0.28,71.0,0.29,166.09,0.72,134.06,0.71,36.59,0.73,6.93,0.74,43.7,0.01,0.01,2319.943052,1776201381000
1776201382.857,82.857,0.27,21.93,0.26,54.2,0.29,160.0,0.3,20.71,0.72,71.0,0.71,166.09,0.73,6.93,0.74,54.2,0.02,0.01,2319.943052,1776201381000
1776201383.061,83.061,0.27,16.93,0.26,59.2,0.28,62.42,0.29,158.0,0.71,148.0,0.7,20.71,0.73,21.93,0.74,54.2,0.01,0.02,2319.943052,1776201381000
1776201383.93,83.93,0.28,130.34,0.27,147.8,0.32,26.12,0.35,5.0,0.72,62.42,0.71,158.0,0.73,16.93,0.74,59.2,0.04,0.01,2319.943052,1776201382000
1776201384.247,84.247,0.35,79.76,0.34,36.0,0.36,21.5,0.37,5.0,0.64,140.5,0.63,75.0,0.65,6.0,0.66,21.0,0.01,0.01,2319.877781,1776201383000
1776201385.102,85.102,0.35,84.76,0.34,41.0,0.38,5.0,0.39,5.0,0.62,5.0,0.61,5.0,0.65,84.76,0.66,41.0,0.03,0.03,2319.905285,1776201384000
1776201385.464,85.464,0.39,42.67,0.38,20.0,0.4,7.5,0.41,125.0,0.6,7.5,0.59,125.0,0.61,20.0,0.62,10.0,0.01,0.01,2319.905285,1776201384000
1776201386.089,86.089,0.39,42.67,0.38,20.0,0.4,7.5,0.41,125.0,0.6,7.5,0.59,125.0,0.61,42.67,0.62,20.0,0.01,0.01,2320.072197,1776201385000
1776201386.767,86.767,0.39,16.81,0.38,15.0,0.42,136.64,0.43,26.16,0.6,17.5,0.59,125.0,0.61,42.81,0.62,20.0,0.03,0.01,2320.072197,1776201385000
1776201387.06,87.06,0.38,15.0,0.37,47.0,0.4,127.0,0.41,20.5,0.6,127.0,0.59,20.5,0.61,11.81,0.62,15.0,0.02,0.01,2320.072197,1776201385000
1776201387.299,87.299,0.38,15.0,0.37,47.0,0.4,127.0,0.41,20.5,0.6,127.0,0.59,20.5,0.62,15.0,0.63,47.0,0.02,0.02,2320.375905,1776201386000
1776201388.134,88.134,0.38,15.0,0.37,47.0,0.4,127.0,0.41,20.5,0.6,127.0,0.59,20.5,0.62,15.0,0.63,47.0,0.02,0.02,2320.399105,1776201387000
1776201388.676,88.676,0.38,47.0,0.37,52.0,0.39,74.37,0.4,25.5,0.6,127.0,0.59,20.5,0.62,15.0,0.63,47.0,0.01,0.02,2320.399105,1776201387000
1776201389.063,89.063,0.38,47.0,0.37,52.0,0.39,74.37,0.4,25.5,0.61,74.37,0.6,25.5,0.62,47.0,0.63,52.0,0.01,0.01,2320.45178,1776201388000
1776201389.752,89.752,0.38,47.0,0.37,52.0,0.39,59.37,0.4,25.5,0.61,74.37,0.6,25.5,0.62,47.0,0.63,52.0,0.01,0.01,2320.45178,1776201388000
1776201389.988,89.988,0.38,47.0,0.37,52.0,0.39,59.37,0.4,25.5,0.61,59.37,0.6,25.5,0.62,47.0,0.63,52.0,0.01,0.01,2320.408665,1776201389000
1776201391.022,91.022,0.38,47.0,0.37,52.0,0.39,59.37,0.4,25.5,0.61,59.37,0.6,25.5,0.62,47.0,0.63,52.0,0.01,0.01,2320.4065,1776201390000
1776201391.82,91.82,0.38,37.0,0.37,52.0,0.39,2.29,0.4,25.5,0.61,59.37,0.6,25.5,0.62,47.0,0.63,52.0,0.01,0.01,2320.4065,1776201390000
1776201392.079,92.079,0.38,37.0,0.37,52.0,0.39,2.29,0.4,25.5,0.61,2.29,0.6,25.5,0.62,37.0,0.63,52.0,0.01,0.01,2320.40437,1776201391000
1776201393.011,93.011,0.38,37.0,0.37,52.0,0.39,2.29,0.4,25.5,0.61,2.29,0.6,25.5,0.62,37.0,0.63,52.0,0.01,0.01,2320.40652,1776201392000
1776201393.224,93.224,0.38,37.0,0.37,52.0,0.39,0.5,0.4,158.5,0.61,2.29,0.6,25.5,0.62,37.0,0.63,52.0,0.01,0.01,2320.40652,1776201392000
1776201394.027,94.027,0.38,37.0,0.37,52.0,0.39,0.5,0.4,158.5,0.61,0.5,0.6,158.5,0.62,37.0,0.63,52.0,0.01,0.01,2320.420145,1776201393000
1776201394.985,94.985,0.38,11.0,0.37,52.0,0.39,20.5,0.4,159.5,0.61,0.5,0.6,158.5,0.62,37.0,0.63,52.0,0.01,0.01,2320.420145,1776201393000
1776201396.012,96.012,0.38,11.0,0.37,52.0,0.39,20.5,0.4,159.5,0.61,20.5,0.6,159.5,0.62,11.0,0.63,52.0,0.01,0.01,2320.439333,1776201395000
1776201396.621,96.621,0.38,9.38,0.37,42.0,0.39,45.0,0.4,166.66,0.61,20.5,0.6,159.5,0.62,11.0,0.63,52.0,0.01,0.01,2320.439333,1776201395000
1776201397.029,97.029,0.38,9.38,0.37,42.0,0.39,45.0,0.4,166.66,0.61,45.0,0.6,166.66,0.62,9.38,0.63,42.0,0.01,0.01,2320.411431,1776201396000
1776201397.639,97.639,0.37,2.84,0.35,5.0,0.38,42.0,0.39,32.5,0.61,149.5,0.6,32.66,0.62,2.08,0.63,42.0,0.01,0.01,2320.411431,1776201396000
1776201397.876,97.876,0.35,2.31,0.26,15.0,0.36,83.31,0.37,25.5,0.64,10.0,0.63,20.5,0.66,5.16,0.74,15.0,0.01,0.02,2320.411431,1776201396000
1776201398.496,98.496,0.26,2.88,0.25,10.5,0.27,58.0,0.28,15.0,0.73,30.0,0.72,10.0,0.74,14.9,0.75,10.5,0.01,0.01,2320.408961,1776201397000
1776201398.838,98.838,0.26,14.02,0.25,15.5,0.27,48.0,0.28,15.0,0.73,58.0,0.72,15.0,0.74,14.02,0.75,15.5,0.01,0.01,2320.408961,1776201397000
1776201399.48,99.48,0.26,39.02,0.25,15.5,0.27,53.0,0.28,27.0,0.73,48.0,0.72,15.0,0.74,14.02,0.75,15.5,0.01,0.01,2320.398942,1776201398000
1776201400.087,100.087,0.26,39.02,0.25,15.5,0.27,53.0,0.28,27.0,0.73,53.0,0.72,27.0,0.74,39.02,0.75,15.5,0.01,0.01,2319.786611,1776201399000
1776201401.047,101.047,0.24,20.5,0.23,15.0,0.25,59.2,0.26,15.0,0.75,59.2,0.74,15.0,0.76,20.5,0.77,15.0,0.01,0.01,2319.821845,1776201400000
1776201402.077,102.077,0.24,20.5,0.23,15.0,0.25,59.2,0.26,15.0,0.75,59.2,0.74,15.0,0.76,20.5,0.77,15.0,0.01,0.01,2319.804206,1776201401000
1776201402.711,102.711,0.23,9.83,0.22,10.5,0.24,104.0,0.25,55.5,0.75,59.2,0.74,15.0,0.76,20.5,0.77,15.0,0.01,0.01,2319.804206,1776201401000
1776201402.975,102.975,0.23,9.83,0.22,10.5,0.24,104.0,0.25,55.5,0.76,104.0,0.75,55.5,0.77,9.83,0.78,10.5,0.01,0.01,2319.795125,1776201402000
1776201404.026,104.026,0.23,9.83,0.22,10.5,0.24,104.0,0.25,55.5,0.76,104.0,0.75,55.5,0.77,9.83,0.78,10.5,0.01,0.01,2319.763187,1776201403000
1776201404.458,104.458,0.22,24.56,0.21,21.0,0.23,64.0,0.24,10.0,0.76,104.0,0.75,55.5,0.77,9.83,0.78,10.5,0.01,0.01,2319.763187,1776201403000
1776201405.102,105.102,0.22,24.56,0.21,21.0,0.23,64.0,0.24,10.0,0.77,64.0,0.76,10.0,0.78,24.56,0.79,21.0,0.01,0.01,2319.666398,1776201404000
1776201406.088,106.088,0.22,24.56,0.21,21.0,0.23,64.0,0.24,10.0,0.77,64.0,0.76,10.0,0.78,24.56,0.79,21.0,0.01,0.01,2319.674576,1776201405000
1776201406.811,106.811,0.22,16.16,0.21,16.0,0.23,69.0,0.24,10.0,0.77,64.0,0.76,10.0,0.78,24.56,0.79,21.0,0.01,0.01,2319.674576,1776201405000
1776201407.154,107.154,0.22,16.16,0.21,16.0,0.23,69.0,0.24,10.0,0.77,69.0,0.76,10.0,0.78,16.16,0.79,16.0,0.01,0.01,2319.687133,1776201406000
1776201407.396,107.396,0.22,36.66,0.21,16.0,0.23,15.0,0.24,15.0,0.77,69.0,0.76,10.0,0.78,16.16,0.79,16.0,0.01,0.01,2319.687133,1776201406000
1776201408.202,108.202,0.22,36.66,0.21,16.0,0.23,15.0,0.24,15.0,0.77,15.0,0.76,15.0,0.78,36.66,0.79,16.0,0.01,0.01,2319.69333,1776201407000
1776201408.738,108.738,0.23,79.5,0.22,48.66,0.25,15.0,0.26,15.0,0.77,15.0,0.76,15.0,0.78,36.66,0.79,16.0,0.02,0.01,2319.69333,1776201407000
1776201409.007,109.007,0.25,84.5,0.24,56.5,0.26,7.0,0.27,62.5,0.74,15.0,0.73,58.5,0.76,19.5,0.77,72.5,0.01,0.02,2319.69333,1776201407000
1776201409.212,109.212,0.25,84.5,0.24,56.5,0.26,7.0,0.27,62.5,0.74,7.0,0.73,62.5,0.75,84.5,0.76,56.5,0.01,0.01,2319.69719,1776201408000
1776201410.208,110.208,0.25,84.5,0.24,56.5,0.26,7.0,0.27,62.5,0.74,7.0,0.73,62.5,0.75,84.5,0.76,56.5,0.01,0.01,2319.703957,1776201409000
1776201410.586,110.586,0.26,3.7,0.25,89.0,0.27,30.0,0.28,22.5,0.74,7.0,0.73,62.5,0.75,84.5,0.76,56.5,0.01,0.01,2319.703957,1776201409000
1776201411.288,111.288,0.26,3.7,0.25,89.0,0.27,30.0,0.28,22.5,0.73,30.0,0.72,22.5,0.74,3.7,0.75,89.0,0.01,0.01,2319.768204,1776201410000
1776201412.201,112.201,0.26,150.5,0.25,82.5,0.3,20.5,0.31,10.0,0.73,30.0,0.72,22.5,0.74,3.7,0.75,89.0,0.04,0.01,2319.768204,1776201410000
1776201413.302,113.302,0.28,107.0,0.27,34.5,0.3,4.5,0.31,20.5,0.7,4.5,0.69,20.5,0.72,107.0,0.73,34.5,0.02,0.02,2319.791172,1776201412000
1776201413.545,113.545,0.28,95.83,0.27,39.5,0.29,16.0,0.3,15.0,0.7,4.5,0.69,20.5,0.72,107.0,0.73,34.5,0.01,0.02,2319.791172,1776201412000
1776201414.302,114.302,0.28,95.83,0.27,39.5,0.29,16.0,0.3,15.0,0.71,16.0,0.7,15.0,0.72,95.83,0.73,39.5,0.01,0.01,2319.908124,1776201413000
1776201414.969,114.969,0.28,95.83,0.27,39.5,0.29,16.0,0.3,15.0,0.71,16.0,0.7,15.0,0.72,95.83,0.73,39.5,0.01,0.01,2319.951899,1776201414000
1776201415.449,115.449,0.28,110.33,0.27,67.8,0.32,25.0,0.35,15.0,0.71,16.0,0.7,15.0,0.72,95.83,0.73,39.5,0.04,0.01,2319.951899,1776201414000
1776201415.837,115.837,0.34,79.15,0.33,64.5,0.35,15.5,0.36,21.41,0.64,21.41,0.63,15.0,0.67,32.5,0.68,28.0,0.01,0.03,2319.951899,1776201414000
1776201416.343,116.343,0.34,46.54,0.33,64.5,0.35,15.5,0.36,21.41,0.65,15.5,0.64,21.41,0.66,58.66,0.67,64.5,0.01,0.01,2319.951899,1776201414000
1776201416.582,116.582,0.34,37.45,0.33,64.5,0.35,15.5,0.36,21.41,0.65,15.5,0.64,21.41,0.66,37.45,0.67,64.5,0.01,0.01,2319.96989,1776201415000
1776201417.133,117.133,0.34,37.45,0.33,64.5,0.35,15.5,0.36,21.41,0.65,15.5,0.64,21.41,0.66,37.45,0.67,64.5,0.01,0.01,2319.9726,1776201416000
1776201418.157,118.157,0.34,27.45,0.33,64.5,0.35,25.5,0.36,21.41,0.65,15.5,0.64,21.41,0.66,37.45,0.67,64.5,0.01,0.01,2319.9726,1776201416000
1776201419.076,119.076,0.34,5.45,0.33,64.5,0.35,35.5,0.36,15.0,0.65,25.5,0.64,21.41,0.66,27.45,0.67,64.5,0.01,0.01,2320.126989,1776201417000
1776201419.35,119.35,0.34,5.45,0.33,64.5,0.35,35.5,0.36,15.0,0.65,35.5,0.64,15.0,0.66,5.45,0.67,64.5,0.01,0.01,2320.16185,1776201418000
1776201419.64,119.64,0.33,40.0,0.32,21.0,0.35,35.5,0.36,15.0,0.65,35.5,0.64,15.0,0.66,5.45,0.67,64.5,0.02,0.01,2320.16185,1776201418000
1776201419.895,119.895,0.33,29.0,0.32,26.0,0.34,10.0,0.35,35.5,0.66,10.0,0.65,35.5,0.67,29.0,0.68,26.0,0.01,0.01,2320.16185,1776201419000
1776201420.33,120.33,0.33,27.5,0.32,26.0,0.34,68.03,0.35,30.5,0.66,10.0,0.65,35.5,0.67,29.0,0.68,26.0,0.01,0.01,2320.16185,1776201419000
1776201420.966,120.966,0.33,27.5,0.32,26.0,0.34,68.03,0.35,30.5,0.66,68.03,0.65,30.5,0.67,27.5,0.68,26.0,0.01,0.01,2320.1668,1776201420000
1776201421.719,121.719,0.33,23.06,0.32,22.0,0.34,56.58,0.35,164.5,0.66,68.03,0.65,164.5,0.67,25.26,0.68,27.0,0.01,0.01,2320.1668,1776201420000
1776201422.274,122.274,0.33,23.06,0.32,22.0,0.34,56.58,0.35,164.5,0.66,56.58,0.65,164.5,0.67,23.06,0.68,22.0,0.01,0.01,2320.147511,1776201421000
1776201423.212,123.212,0.33,23.06,0.32,22.0,0.34,56.58,0.35,164.5,0.66,56.58,0.65,164.5,0.67,23.06,0.68,22.0,0.01,0.01,2320.14741,1776201422000
1776201423.748,123.748,0.33,50.56,0.32,37.0,0.34,4.0,0.35,10.0,0.66,56.58,0.65,164.5,0.67,23.06,0.68,22.0,0.01,0.01,2320.14741,1776201422000
1776201424.266,124.266,0.33,31.79,0.32,37.0,0.34,4.0,0.35,10.0,0.66,4.0,0.65,10.0,0.67,31.79,0.68,37.0,0.01,0.01,2320.152911,1776201423000
1776201424.917,124.917,0.32,37.5,0.31,75.5,0.33,21.96,0.34,154.0,0.67,21.96,0.66,154.0,0.68,37.5,0.69,75.5,0.01,0.01,2320.152911,1776201424000
1776201425.122,125.122,0.32,42.5,0.31,75.5,0.33,12.41,0.34,154.0,0.67,21.96,0.66,154.0,0.68,37.5,0.69,75.5,0.01,0.01,2320.152911,1776201424000
1776201426.072,126.072,0.32,42.5,0.31,75.5,0.33,12.41,0.34,154.0,0.67,12.41,0.66,154.0,0.68,42.5,0.69,75.5,0.01,0.01,2320.211358,1776201425000
1776201426.397,126.397,0.32,17.5,0.31,39.5,0.33,7.41,0.34,154.0,0.67,12.41,0.66,154.0,0.68,42.5,0.69,75.5,0.01,0.01,2320.211358,1776201425000
1776201427.137,127.137,0.29,7.5,0.28,21.33,0.3,32.0,0.31,57.0,0.67,7.41,0.66,154.0,0.68,17.5,0.69,39.5,0.01,0.01,2320.211358,1776201425000
1776201427.536,127.536,0.29,38.0,0.28,15.5,0.3,64.0,0.31,57.0,0.7,32.0,0.69,57.0,0.71,7.5,0.72,21.33,0.01,0.01,2320.22191,1776201426000
1776201427.816,127.816,0.29,36.59,0.28,15.5,0.3,59.0,0.31,57.0,0.7,64.0,0.69,57.0,0.71,38.0,0.72,15.5,0.01,0.01,2320.22191,1776201426000
1776201428.285,128.285,0.29,36.59,0.28,15.5,0.3,59.0,0.31,57.0,0.7,59.0,0.69,57.0,0.71,36.59,0.72,15.5,0.01,0.01,2320.196212,1776201427000
1776201428.556,128.556,0.29,20.5,0.28,19.5,0.3,63.15,0.31,57.0,0.7,59.0,0.69,57.0,0.71,36.59,0.72,15.5,0.01,0.01,2320.196212,1776201427000
1776201429.291,129.291,0.28,10.5,0.27,25.5,0.3,49.15,0.31,205.97,0.7,49.15,0.69,205.97,0.72,10.5,0.73,25.5,0.02,0.02,2320.182027,1776201428000
1776201429.612,129.612,0.23,15.0,0.22,5.0,0.29,273.49,0.3,46.67,0.71,86.0,0.7,42.65,0.72,20.5,0.73,20.5,0.06,0.01,2320.182027,1776201428000
1776201430.386,130.386,0.2,10.83,0.19,28.4,0.23,10.0,0.24,29.0,0.75,34.0,0.74,21.75,0.76,5.62,0.77,0.99,0.03,0.01,2320.182027,1776201428000
1776201430.988,130.988,0.2,10.83,0.19,28.4,0.23,10.0,0.24,29.0,0.77,10.0,0.76,29.0,0.8,10.83,0.81,28.4,0.03,0.03,2320.175968,1776201429000
1776201431.358,131.358,0.2,10.83,0.19,5.0,0.21,92.89,0.22,50.0,0.77,10.0,0.76,29.0,0.8,10.83,0.81,28.4,0.01,0.03,2320.175968,1776201429000
1776201431.929,131.929,0.2,26.38,0.19,5.0,0.21,63.89,0.22,60.5,0.79,92.89,0.78,50.0,0.8,10.83,0.81,5.0,0.01,0.01,2320.105554,1776201430000
1776201432.148,132.148,0.2,21.38,0.19,5.0,0.21,63.89,0.22,60.5,0.79,63.89,0.78,60.5,0.8,26.38,0.81,5.0,0.01,0.01,2320.105554,1776201430000
1776201433.118,133.118,0.16,19.33,0.15,33.2,0.17,104.0,0.18,20.0,0.79,63.89,0.78,60.5,0.8,21.38,0.81,5.0,0.01,0.01,2319.87963,1776201431000
1776201433.391,133.391,0.14,28.73,0.13,36.8,0.17,98.0,0.18,35.5,0.83,93.0,0.82,25.0,0.84,8.83,0.85,33.2,0.03,0.01,2319.87963,1776201431000
1776201433.621,133.621,0.12,5.0,0.11,31.88,0.13,11.0,0.14,36.0,0.87,6.0,0.86,22.0,0.89,31.88,0.9,174.0,0.01,0.02,2319.87963,1776201431000
1776201433.871,133.871,0.12,75.1,0.11,41.88,0.15,41.0,0.16,144.0,0.87,11.0,0.86,36.0,0.88,5.0,0.89,31.88,0.03,0.01,2319.87963,1776201431000
1776201434.618,134.618,0.13,128.95,0.12,120.41,0.14,30.0,0.15,52.0,0.86,95.0,0.85,163.0,0.87,31.0,0.88,154.51,0.01,0.01,2319.71449,1776201432000
1776201434.878,134.878,0.13,128.95,0.12,120.41,0.15,52.0,0.16,46.5,0.85,52.0,0.84,46.5,0.87,128.95,0.88,120.41,0.02,0.02,2319.701285,1776201433000
1776201435.125,135.125,0.13,159.21,0.12,123.91,0.15,32.99,0.16,46.5,0.85,34.66,0.84,46.5,0.87,148.71,0.88,123.91,0.02,0.02,2319.701285,1776201433000
1776201435.414,135.414,0.14,5.38,0.13,154.21,0.15,10.0,0.16,46.5,0.84,46.5,0.83,58.5,0.87,154.21,0.88,123.91,0.01,0.03,2319.701285,1776201433000
1776201435.657,135.657,0.14,14.21,0.13,152.21,0.16,46.5,0.17,58.5,0.85,10.0,0.84,46.5,0.86,5.38,0.87,154.21,0.02,0.01,2319.701285,1776201433000
1776201436.48,136.48,0.14,17.21,0.13,136.71,0.15,59.5,0.16,45.5,0.84,46.5,0.83,58.5,0.86,14.21,0.87,152.21,0.01,0.02,2319.296542,1776201434000
1776201436.913,136.913,0.14,12.15,0.13,147.21,0.15,25.0,0.16,50.5,0.85,59.5,0.84,45.5,0.86,17.21,0.87,136.71,0.01,0.01,2319.185022,1776201435000
1776201437.424,137.424,0.14,22.21,0.13,147.21,0.16,50.5,0.17,59.5,0.84,50.5,0.83,59.5,0.86,22.21,0.87,147.21,0.02,0.02,2319.145795,1776201436000
1776201437.846,137.846,0.15,17.55,0.14,27.21,0.16,35.5,0.17,34.5,0.84,50.5,0.83,59.5,0.86,22.21,0.87,147.21,0.01,0.02,2319.145795,1776201436000
1776201438.315,138.315,0.15,17.55,0.14,27.21,0.16,35.5,0.17,34.5,0.84,35.5,0.83,34.5,0.85,17.55,0.86,27.21,0.01,0.01,2319.146836,1776201437000
1776201439.127,139.127,0.15,17.55,0.14,27.21,0.16,35.5,0.17,34.5,0.84,35.5,0.83,34.5,0.85,17.55,0.86,27.21,0.01,0.01,2319.158295,1776201438000
1776201439.368,139.368,0.15,12.55,0.14,22.21,0.16,4.25,0.17,27.5,0.84,35.5,0.83,32.5,0.85,22.55,0.86,22.21,0.01,0.01,2319.158295,1776201438000
1776201440.042,140.042,0.14,25.0,0.13,125.0,0.15,39.5,0.16,30.5,0.84,4.25,0.83,27.5,0.85,12.55,0.86,22.21,0.01,0.01,2319.158295,1776201438000
1776201440.585,140.585,0.14,37.21,0.13,132.76,0.15,29.5,0.16,30.5,0.85,39.5,0.84,30.5,0.86,25.0,0.87,125.0,0.01,0.01,2319.158295,1776201438000
1776201441.268,141.268,0.14,32.21,0.13,132.76,0.15,22.3,0.16,35.5,0.85,22.3,0.84,35.5,0.86,32.21,0.87,132.76,0.01,0.01,2319.144617,1776201440000
1776201441.679,141.679,0.14,12.89,0.13,32.76,0.15,12.59,0.16,35.5,0.85,17.3,0.84,35.5,0.86,17.89,0.87,32.76,0.01,0.01,2319.144617,1776201440000
1776201442.017,142.017,0.14,12.89,0.13,32.76,0.15,12.59,0.16,35.5,0.85,12.59,0.84,35.5,0.86,12.89,0.87,32.76,0.01,0.01,2319.082161,1776201441000
1776201443.521,143.521,0.14,12.89,0.13,32.76,0.15,12.59,0.16,35.5,0.85,12.59,0.84,35.5,0.86,12.89,0.87,32.76,0.01,0.01,2319.063607,1776201442000
1776201444.249,144.249,0.14,12.89,0.13,32.76,0.15,12.59,0.16,35.5,0.85,12.59,0.84,35.5,0.86,12.89,0.87,32.76,0.01,0.01,2319.070572,1776201443000
1776201445.391,145.391,0.14,17.89,0.13,17.76,0.15,1.92,0.16,42.5,0.85,12.59,0.84,35.5,0.86,12.89,0.87,32.76,0.01,0.01,2319.070572,1776201443000
1776201445.725,145.725,0.14,17.89,0.13,17.76,0.15,1.92,0.16,42.5,0.85,1.92,0.84,42.5,0.86,17.89,0.87,17.76,0.01,0.01,2319.079555,1776201444000
1776201446.294,146.294,0.14,17.89,0.13,17.76,0.15,1.92,0.16,42.5,0.85,1.92,0.84,42.5,0.86,17.89,0.87,17.76,0.01,0.01,2319.074008,1776201445000
1776201447.006,147.006,0.14,17.89,0.13,17.76,0.15,1.92,0.16,42.5,0.85,1.92,0.84,42.5,0.86,17.89,0.87,17.76,0.01,0.01,2319.074414,1776201446000
1776201447.942,147.942,0.19,6.0,0.17,145.44,0.2,15.0,0.21,20.5,0.84,25.6,0.83,158.5,0.85,17.73,0.86,23.39,0.01,0.01,2319.074414,1776201446000
1776201448.683,148.683,0.19,6.0,0.18,20.5,0.2,2.6,0.21,20.5,0.8,2.6,0.79,20.5,0.81,6.0,0.82,20.5,0.01,0.01,2319.080037,1776201447000
1776201449.021,149.021,0.19,91.31,0.18,60.11,0.2,8.0,0.21,20.5,0.8,2.6,0.79,20.5,0.81,6.0,0.82,20.5,0.01,0.01,2319.080037,1776201447000
1776201449.447,149.447,0.19,91.31,0.18,60.11,0.2,8.0,0.21,20.5,0.8,8.0,0.79,20.5,0.81,91.31,0.82,60.11,0.01,0.01,2319.103591,1776201448000
1776201450.965,150.965,0.19,91.31,0.18,60.11,0.2,13.0,0.21,20.5,0.8,13.0,0.79,20.5,0.81,91.31,0.82,60.11,0.01,0.01,2319.414627,1776201449000
1776201451.361,151.361,0.19,70.75,0.18,60.11,0.2,24.44,0.21,26.5,0.8,3.0,0.79,26.5,0.81,90.07,0.82,60.11,0.01,0.01,2319.414627,1776201449000
1776201451.612,151.612,0.19,74.66,0.18,46.11,0.2,24.44,0.21,26.5,0.8,24.44,0.79,26.5,0.81,74.66,0.82,46.11,0.01,0.01,2319.461212,1776201450000
1776201451.867,151.867,0.19,79.66,0.18,46.11,0.2,0.44,0.21,26.5,0.8,24.44,0.79,26.5,0.81,74.66,0.82,46.11,0.01,0.01,2319.461212,1776201450000
1776201452.435,152.435,0.19,79.66,0.18,46.11,0.2,0.44,0.21,26.5,0.8,0.44,0.79,26.5,0.81,79.66,0.82,46.11,0.01,0.01,2319.459527,1776201451000
1776201452.707,152.707,0.2,28.75,0.19,95.16,0.21,5.0,0.22,10.0,0.8,0.44,0.79,26.5,0.81,79.66,0.82,46.11,0.01,0.01,2319.459527,1776201451000
1776201452.962,152.962,0.26,25.5,0.25,140.5,0.33,15.0,0.34,45.0,0.75,129.99,0.73,5.0,0.76,53.5,0.77,39.5,0.07,0.01,2319.459527,1776201451000
1776201453.226,153.226,0.31,35.09,0.3,26.0,0.32,10.5,0.33,5.0,0.68,10.5,0.67,5.0,0.69,1.92,0.7,10.0,0.01,0.01,2319.46366,1776201452000
1776201453.451,153.451,0.3,26.0,0.29,25.5,0.32,10.5,0.33,131.0,0.68,10.5,0.67,5.0,0.69,28.1,0.7,26.0,0.02,0.01,2319.46366,1776201452000
1776201453.715,153.715,0.32,11.0,0.31,65.0,0.33,5.0,0.34,4.0,0.68,10.5,0.67,131.0,0.7,26.0,0.71,25.5,0.01,0.02,2319.46366,1776201452000
1776201453.968,153.968,0.33,17.41,0.32,15.0,0.34,0.22,0.35,129.99,0.66,0.22,0.65,129.99,0.67,8.91,0.68,20.0,0.01,0.01,2319.46366,1776201452000
1776201454.36,154.36,0.33,17.41,0.32,15.0,0.34,0.22,0.35,129.99,0.66,0.22,0.65,129.99,0.67,17.41,0.68,15.0,0.01,0.01,2319.520801,1776201453000
1776201454.703,154.703,0.33,57.66,0.32,235.5,0.34,55.28,0.35,10.0,0.66,98.78,0.64,10.0,0.67,54.66,0.68,85.0,0.01,0.01,2319.520801,1776201453000
1776201455.02,155.02,0.33,61.66,0.32,235.5,0.34,65.13,0.36,10.0,0.66,65.13,0.64,10.0,0.67,61.66,0.68,235.5,0.01,0.01,2319.994555,1776201454000
1776201455.375,155.375,0.33,60.16,0.32,235.5,0.34,4.85,0.35,80.28,0.66,65.13,0.64,10.0,0.67,61.66,0.68,235.5,0.01,0.01,2319.994555,1776201454000
1776201455.693,155.693,0.33,88.98,0.32,240.5,0.34,4.85,0.35,80.28,0.66,4.85,0.65,80.28,0.67,60.16,0.68,235.5,0.01,0.01,2319.994555,1776201454000
1776201456.02,156.02,0.33,86.76,0.32,240.5,0.35,66.09,0.36,10.0,0.66,15.4,0.65,80.28,0.67,86.76,0.68,240.5,0.02,0.01,2319.994555,1776201454000
1776201456.43,156.43,0.34,50.56,0.33,52.5,0.35,76.09,0.36,20.5,0.65,66.09,0.64,10.0,0.67,86.76,0.68,240.5,0.01,0.02,2320.286478,1776201455000
1776201456.646,156.646,0.26,10.0,0.25,25.0,0.27,11.29,0.28,15.0,0.66,8.86,0.65,224.59,0.74,10.0,0.75,25.0,0.01,0.08,2320.286478,1776201455000
1776201457.017,157.017,0.21,73.7,0.2,33.0,0.22,126.31,0.23,25.5,0.77,10.0,0.76,10.0,0.78,20.9,0.79,97.2,0.01,0.01,2320.286478,1776201455000
1776201457.274,157.274,0.21,42.47,0.2,33.0,0.22,138.01,0.23,25.5,0.78,138.01,0.77,25.5,0.79,42.47,0.8,33.0,0.01,0.01,2320.380483,1776201456000
1776201457.899,157.899,0.21,78.28,0.2,38.05,0.22,41.7,0.23,15.0,0.78,138.01,0.77,25.5,0.79,42.47,0.8,33.0,0.01,0.01,2320.380483,1776201456000
1776201458.244,158.244,0.21,41.12,0.2,38.05,0.22,36.7,0.23,137.23,0.78,36.7,0.77,121.73,0.79,70.11,0.8,38.05,0.01,0.01,2320.380483,1776201456000
1776201458.471,158.471,0.21,41.12,0.2,38.05,0.22,36.7,0.23,137.23,0.78,36.7,0.77,137.23,0.79,41.12,0.8,38.05,0.01,0.01,2320.306984,1776201457000
1776201459.011,159.011,0.21,41.12,0.2,38.05,0.22,36.7,0.23,137.23,0.78,36.7,0.77,137.23,0.79,41.12,0.8,38.05,0.01,0.01,2320.113653,1776201458000
1776201459.636,159.636,0.21,46.93,0.2,15.55,0.22,27.7,0.23,137.23,0.78,36.7,0.77,137.23,0.79,41.12,0.8,38.05,0.01,0.01,2320.113653,1776201458000
1776201459.983,159.983,0.21,15.81,0.2,5.05,0.22,38.2,0.23,132.23,0.78,27.7,0.77,132.23,0.79,33.11,0.8,15.55,0.01,0.01,2320.113653,1776201458000
1776201460.22,160.22,0.21,15.81,0.2,5.05,0.22,38.2,0.23,132.23,0.78,38.2,0.77,132.23,0.79,15.81,0.8,5.05,0.01,0.01,2319.787378,1776201459000
1776201460.804,160.804,0.19,5.0,0.18,12.0,0.22,58.2,0.23,138.23,0.78,38.2,0.77,132.23,0.79,15.81,0.8,5.05,0.03,0.01,2319.787378,1776201459000
1776201461.171,161.171,0.17,16.79,0.16,37.3,0.18,81.37,0.19,20.5,0.82,11.37,0.8,16.0,0.83,25.5,0.84,26.8,0.01,0.01,2319.787378,1776201459000
1776201461.404,161.404,0.17,16.79,0.16,37.3,0.18,81.37,0.19,20.5,0.82,81.37,0.81,20.5,0.83,16.79,0.84,37.3,0.01,0.01,2319.787668,1776201460000
1776201461.869,161.869,0.17,16.79,0.16,37.3,0.18,80.25,0.19,20.5,0.82,81.37,0.81,20.5,0.83,16.79,0.84,37.3,0.01,0.01,2319.787668,1776201460000
1776201463.077,163.077,0.17,16.79,0.16,37.3,0.18,80.25,0.19,20.5,0.82,80.25,0.81,20.5,0.83,16.79,0.84,37.3,0.01,0.01,2319.617516,1776201462000
1776201464.262,164.262,0.17,16.79,0.16,37.3,0.18,80.25,0.19,20.5,0.82,80.25,0.81,20.5,0.83,16.79,0.84,37.3,0.01,0.01,2319.630159,1776201463000
1776201464.722,164.722,0.15,116.73,0.14,187.61,0.17,14.91,0.18,91.75,0.82,80.25,0.81,20.5,0.83,16.79,0.84,37.3,0.02,0.01,2319.630159,1776201463000
1776201465.303,165.303,0.15,111.73,0.14,197.61,0.16,10.0,0.17,14.91,0.83,14.91,0.82,91.75,0.85,116.73,0.86,187.61,0.01,0.02,2319.630159,1776201463000
1776201466.388,166.388,0.15,125.37,0.14,157.21,0.16,30.5,0.17,14.91,0.84,10.0,0.83,14.91,0.85,111.73,0.86,197.61,0.01,0.01,2319.388772,1776201464000
1776201466.815,166.815,0.15,125.37,0.14,157.21,0.16,30.5,0.17,14.91,0.84,30.5,0.83,14.91,0.85,125.37,0.86,157.21,0.01,0.01,2319.367338,1776201465000
1776201467.527,167.527,0.15,125.37,0.14,157.21,0.16,30.5,0.17,14.91,0.84,30.5,0.83,14.91,0.85,125.37,0.86,157.21,0.01,0.01,2319.368647,1776201466000
1776201467.769,167.769,0.15,114.48,0.14,157.21,0.16,67.95,0.17,19.91,0.84,30.5,0.83,14.91,0.85,125.37,0.86,157.21,0.01,0.01,2319.368647,1776201466000
1776201468.277,168.277,0.15,114.48,0.14,157.21,0.16,67.95,0.17,19.91,0.84,67.95,0.83,19.91,0.85,114.48,0.86,157.21,0.01,0.01,2319.368647,1776201467000
1776201469.019,169.019,0.14,47.21,0.13,110.0,0.15,69.73,0.16,52.5,0.84,67.95,0.83,19.91,0.85,114.48,0.86,157.21,0.01,0.01,2319.368647,1776201467000
1776201469.301,169.301,0.14,47.21,0.13,110.0,0.15,69.73,0.16,52.5,0.85,69.73,0.84,52.5,0.86,47.21,0.87,110.0,0.01,0.01,2319.360468,1776201468000
1776201471.182,171.182,0.14,47.21,0.13,110.0,0.15,69.73,0.16,52.5,0.85,69.73,0.84,52.5,0.86,47.21,0.87,110.0,0.01,0.01,2319.351596,1776201469000
1776201472.166,172.166,0.14,47.21,0.13,110.0,0.15,69.73,0.16,52.5,0.85,69.73,0.84,52.5,0.86,47.21,0.87,110.0,0.01,0.01,2319.302654,1776201470000
1776201473.009,173.009,0.14,47.21,0.13,110.0,0.15,69.73,0.16,52.5,0.85,69.73,0.84,52.5,0.86,47.21,0.87,110.0,0.01,0.01,2319.300104,1776201471000
1776201473.739,173.739,0.14,47.21,0.13,110.0,0.15,69.73,0.16,52.5,0.85,69.73,0.84,52.5,0.86,47.21,0.87,110.0,0.01,0.01,2319.282457,1776201472000
1776201474.786,174.786,0.13,27.01,0.12,10.0,0.14,20.5,0.15,48.5,0.86,20.5,0.85,48.5,0.87,27.01,0.88,10.0,0.01,0.01,2319.282944,1776201473000
1776201475.316,175.316,0.11,15.0,0.1,28.0,0.13,20.5,0.14,169.5,0.86,20.5,0.85,48.5,0.87,27.01,0.88,10.0,0.02,0.01,2319.282944,1776201473000
1776201475.803,175.803,0.11,24.18,0.1,38.5,0.12,25.5,0.13,20.5,0.87,20.5,0.86,169.5,0.89,15.0,0.9,28.0,0.01,0.02,2319.282944,1776201473000
1776201476.739,176.739,0.11,24.18,0.1,38.5,0.12,25.5,0.13,20.5,0.88,25.5,0.87,20.5,0.89,24.18,0.9,38.5,0.01,0.01,2319.271853,1776201475000
1776201477.601,177.601,0.11,24.18,0.1,38.5,0.12,25.5,0.13,20.5,0.88,25.5,0.87,20.5,0.89,24.18,0.9,38.5,0.01,0.01,2319.14862,1776201476000
1776201478.194,178.194,0.11,1.1,0.1,10.0,0.12,161.5,0.13,258.5,0.88,25.5,0.87,20.5,0.89,24.18,0.9,38.5,0.01,0.01,2319.14862,1776201476000
1776201478.496,178.496,0.1,6.08,0.09,10.0,0.12,156.5,0.13,268.5,0.88,161.5,0.87,258.5,0.89,1.1,0.9,10.0,0.02,0.01,2319.12524,1776201477000
1776201479.465,179.465,0.1,6.08,0.09,10.0,0.12,156.5,0.13,268.5,0.88,156.5,0.87,268.5,0.9,6.08,0.91,10.0,0.02,0.02,2319.0071,1776201478000
1776201479.83,179.83,0.1,6.08,0.09,15.0,0.11,23.68,0.12,285.5,0.88,156.5,0.87,268.5,0.9,6.08,0.91,10.0,0.01,0.02,2319.0071,1776201478000
1776201480.116,180.116,0.1,6.08,0.09,15.0,0.11,23.68,0.12,285.5,0.89,23.68,0.88,285.5,0.9,6.08,0.91,15.0,0.01,0.01,2318.983454,1776201479000
1776201480.635,180.635,0.09,26.22,0.08,26.0,0.11,72.21,0.12,143.5,0.89,49.21,0.88,151.5,0.9,7.81,0.91,15.0,0.02,0.01,2318.983454,1776201479000
1776201481.029,181.029,0.09,25.94,0.08,26.0,0.1,34.56,0.11,47.68,0.89,72.21,0.88,143.5,0.91,26.22,0.92,26.0,0.01,0.02,2318.983454,1776201479000
1776201481.638,181.638,0.09,23.75,0.08,43.0,0.1,39.56,0.11,37.68,0.9,34.56,0.89,47.68,0.91,25.94,0.92,26.0,0.01,0.01,2318.983454,1776201479000
1776201482.067,182.067,0.09,7.91,0.08,43.0,0.1,39.45,0.11,34.0,0.9,38.45,0.89,37.68,0.91,23.75,0.92,43.0,0.01,0.01,2318.901112,1776201480000
1776201482.377,182.377,0.09,7.91,0.08,43.0,0.1,39.45,0.11,34.0,0.9,39.45,0.89,34.0,0.91,7.91,0.92,43.0,0.01,0.01,2318.899825,1776201481000
1776201482.703,182.703,0.09,9.95,0.08,55.62,0.1,50.45,0.11,124.0,0.9,39.45,0.89,34.0,0.91,7.91,0.92,43.0,0.01,0.01,2318.899825,1776201481000
1776201483.266,183.266,0.09,8.95,0.08,55.62,0.1,50.45,0.11,124.5,0.9,45.45,0.89,124.0,0.91,9.58,0.92,55.62,0.01,0.01,2318.899825,1776201481000
1776201483.775,183.775,0.09,5.47,0.08,55.62,0.1,60.45,0.11,124.5,0.9,50.45,0.89,124.5,0.91,8.95,0.92,55.62,0.01,0.01,2318.899825,1776201481000
1776201483.98,183.98,0.09,5.25,0.08,55.62,0.1,70.45,0.11,134.5,0.9,60.45,0.89,124.5,0.91,5.47,0.92,55.62,0.01,0.01,2318.899825,1776201481000
1776201484.233,184.233,0.08,55.62,0.07,15.0,0.09,17.38,0.1,75.45,0.9,70.45,0.89,134.5,0.91,5.25,0.92,55.62,0.01,0.01,2318.899825,1776201481000
1776201484.807,184.807,0.08,60.43,0.07,25.0,0.09,17.38,0.1,142.86,0.91,17.38,0.9,75.45,0.92,55.62,0.93,15.0,0.01,0.01,2318.899825,1776201481000
1776201485.086,185.086,0.08,39.08,0.07,25.0,0.09,17.38,0.1,109.41,0.91,17.38,0.9,142.86,0.92,60.43,0.93,25.0,0.01,0.01,2318.899825,1776201481000
1776201485.963,185.963,0.09,6.7,0.08,22.62,0.1,230.93,0.11,218.76,0.9,76.05,0.89,134.5,0.92,54.08,0.93,25.0,0.01,0.02,2318.899825,1776201481000
1776201486.171,186.171,0.09,2.3,0.08,22.62,0.1,239.37,0.11,303.03,0.9,244.37,0.89,303.03,0.91,6.7,0.92,22.62,0.01,0.01,2318.899825,1776201481000
1776201487.717,187.717,0.09,0.3,0.08,48.62,0.1,239.37,0.11,303.03,0.9,239.37,0.89,303.03,0.91,2.3,0.92,22.62,0.01,0.01,2318.899825,1776201481000
1776201489.05,189.05,0.08,53.62,0.07,20.0,0.1,244.37,0.11,303.03,0.9,239.37,0.89,303.03,0.91,0.3,0.92,48.62,0.02,0.01,2318.899825,1776201481000
1776201490.369,190.369,0.08,53.62,0.07,20.0,0.09,169.47,0.1,354.87,0.9,244.37,0.89,303.03,0.92,53.62,0.93,20.0,0.01,0.02,2318.899825,1776201481000
1776201491.48,191.48,0.08,7.25,0.07,55.0,0.09,116.55,0.1,354.87,0.91,169.47,0.9,354.87,0.92,53.62,0.93,20.0,0.01,0.01,2318.899825,1776201481000
1776201491.902,191.902,0.08,9.11,0.07,55.0,0.09,121.55,0.1,354.87,0.91,116.55,0.9,354.87,0.92,7.25,0.93,55.0,0.01,0.01,2318.899825,1776201481000
1776201493.139,193.139,0.08,4.11,0.07,50.0,0.09,115.0,0.1,338.87,0.91,121.55,0.9,354.87,0.92,9.11,0.93,55.0,0.01,0.01,2318.899825,1776201481000
1776201496.606,196.606,0.08,8.91,0.07,29.42,0.09,130.0,0.1,534.61,0.91,115.0,0.9,338.87,0.92,4.11,0.93,50.0,0.01,0.01,2318.899825,1776201481000
1776201501.174,201.174,0.08,3.91,0.07,29.42,0.09,225.52,0.1,509.86,0.91,130.0,0.9,534.61,0.92,8.91,0.93,29.42,0.01,0.01,2318.899825,1776201481000
1776201501.942,201.942,0.07,32.26,0.06,45.0,0.08,105.0,0.09,210.52,0.91,225.52,0.9,509.86,0.92,3.91,0.93,29.42,0.01,0.01,2318.899825,1776201481000
1776201503.087,203.087,0.07,26.88,0.06,45.0,0.08,110.0,0.09,220.52,0.92,105.0,0.91,210.52,0.93,32.26,0.94,45.0,0.01,0.01,2318.899825,1776201481000
1776201507.972,207.972,0.07,2.46,0.06,20.0,0.08,104.14,0.09,387.01,0.92,110.0,0.91,220.52,0.93,26.88,0.94,45.0,0.01,0.01,2318.899825,1776201481000
1776201509.03,209.03,0.06,13.27,0.05,320.8,0.08,41.75,0.09,142.02,0.92,104.14,0.91,387.01,0.93,2.46,0.94,20.0,0.02,0.01,2318.899825,1776201481000
1776201509.426,209.426,0.06,29.03,0.05,239.8,0.08,66.75,0.09,142.02,0.92,41.75,0.91,142.02,0.94,13.27,0.95,320.8,0.02,0.02,2318.899825,1776201481000
1776201510.66,210.66,0.06,22.96,0.05,224.8,0.07,57.52,0.08,40.0,0.92,66.75,0.91,142.02,0.94,29.03,0.95,239.8,0.01,0.02,2318.899825,1776201481000
1776201510.964,210.964,0.06,12.0,0.05,198.8,0.07,57.52,0.08,40.0,0.93,57.52,0.92,40.0,0.94,17.64,0.95,224.8,0.01,0.01,2318.899825,1776201481000
1776201511.354,211.354,0.06,8.87,0.05,198.8,0.07,56.83,0.08,45.0,0.93,57.52,0.92,40.0,0.94,8.87,0.95,198.8,0.01,0.01,2318.899825,1776201481000
1776201512.219,212.219,0.06,26.83,0.05,172.8,0.07,54.94,0.08,75.5,0.93,56.83,0.92,45.0,0.94,8.87,0.95,198.8,0.01,0.01,2318.899825,1776201481000
1776201513.389,213.389,0.05,93.26,0.04,229.8,0.06,95.07,0.07,45.0,0.93,49.94,0.92,75.5,0.95,121.39,0.96,256.8,0.01,0.02,2318.899825,1776201481000
1776201513.603,213.603,0.05,91.08,0.04,260.8,0.06,95.07,0.07,45.0,0.94,100.07,0.93,45.0,0.95,96.34,0.96,260.8,0.01,0.01,2318.899825,1776201481000
1776201513.828,213.828,0.05,90.98,0.04,260.8,0.06,95.07,0.07,66.0,0.94,95.07,0.93,45.0,0.95,91.08,0.96,260.8,0.01,0.01,2318.899825,1776201481000
1776201514.444,214.444,0.05,90.98,0.04,260.8,0.07,66.0,0.08,50.5,0.94,95.07,0.93,66.0,0.95,90.98,0.96,260.8,0.02,0.01,2318.899825,1776201481000
1776201514.82,214.82,0.05,90.35,0.04,260.8,0.07,41.0,0.08,30.5,0.93,66.0,0.92,50.5,0.95,90.98,0.96,260.8,0.02,0.02,2318.899825,1776201481000
1776201515.054,215.054,0.05,14.47,0.04,260.8,0.06,10.94,0.07,66.0,0.94,78.94,0.93,41.0,0.95,95.27,0.96,260.8,0.01,0.01,2318.899825,1776201481000
1776201515.392,215.392,0.05,13.32,0.04,260.8,0.06,15.94,0.07,66.0,0.94,10.94,0.93,66.0,0.95,14.47,0.96,260.8,0.01,0.01,2318.899825,1776201481000
1776201516.399,216.399,0.05,12.95,0.04,215.8,0.06,94.75,0.07,41.0,0.94,15.94,0.93,66.0,0.95,13.32,0.96,260.8,0.01,0.01,2318.899825,1776201481000
1776201518.604,218.604,0.05,17.85,0.04,193.8,0.06,115.75,0.07,20.0,0.94,94.75,0.93,41.0,0.95,12.95,0.96,215.8,0.01,0.01,2318.899825,1776201481000
1776201519.106,219.106,0.04,203.8,0.03,398.7,0.05,37.0,0.06,110.75,0.94,115.75,0.93,20.0,0.95,17.85,0.96,193.8,0.01,0.01,2318.899825,1776201481000
1776201519.373,219.373,0.04,228.8,0.03,398.7,0.05,44.0,0.06,94.75,0.95,37.0,0.94,110.75,0.96,203.8,0.97,398.7,0.01,0.01,2318.899825,1776201481000
1776201519.634,219.634,0.04,202.8,0.03,398.7,0.05,22.0,0.06,104.75,0.94,94.75,0.93,20.0,0.96,233.8,0.97,398.7,0.01,0.02,2318.899825,1776201481000
1776201519.904,219.904,0.04,182.8,0.03,398.7,0.05,5.0,0.06,104.75,0.95,22.0,0.94,104.75,0.96,202.8,0.97,398.7,0.01,0.01,2318.899825,1776201481000
1776201520.332,220.332,0.04,161.14,0.03,398.7,0.05,5.0,0.06,104.75,0.95,5.0,0.94,104.75,0.96,177.64,0.97,398.7,0.01,0.01,2318.899825,1776201481000
1776201521.622,221.622,0.04,157.23,0.03,398.7,0.05,5.0,0.06,104.75,0.95,5.0,0.94,104.75,0.96,158.23,0.97,398.7,0.01,0.01,2318.899825,1776201481000
1776201523.216,223.216,0.04,165.23,0.03,357.7,0.05,5.0,0.06,99.75,0.95,5.0,0.94,104.75,0.96,157.23,0.97,398.7,0.01,0.01,2318.899825,1776201481000
1776201523.418,223.418,0.04,231.23,0.03,355.7,0.07,25.5,0.08,25.5,0.95,5.0,0.94,99.75,0.96,165.23,0.97,357.7,0.03,0.01,2318.899825,1776201481000
1776201524.183,224.183,0.05,100.8,0.04,164.23,0.06,24.26,0.07,163.38,0.93,25.5,0.92,25.5,0.96,231.23,0.97,355.7,0.01,0.03,2318.899825,1776201481000
1776201524.498,224.498,0.05,55.02,0.04,190.23,0.06,34.26,0.07,163.38,0.94,34.26,0.93,163.38,0.95,67.32,0.96,177.23,0.01,0.01,2318.899825,1776201481000
1776201525.891,225.891,0.05,61.94,0.04,163.23,0.06,39.26,0.07,173.38,0.94,34.26,0.93,163.38,0.95,55.02,0.96,190.23,0.01,0.01,2318.899825,1776201481000
1776201527.889,227.889,0.05,16.14,0.04,132.23,0.06,177.77,0.07,172.5,0.94,39.26,0.93,173.38,0.95,61.94,0.96,163.23,0.01,0.01,2318.899825,1776201481000
1776201528.243,228.243,0.05,0.61,0.04,132.23,0.06,261.71,0.07,172.5,0.94,177.77,0.93,172.5,0.95,11.14,0.96,132.23,0.01,0.01,2318.899825,1776201481000
1776201528.802,228.802,0.05,0.61,0.04,132.23,0.06,245.71,0.07,172.5,0.94,261.71,0.93,172.5,0.95,0.61,0.96,132.23,0.01,0.01,2318.899825,1776201481000
1776201529.997,229.997,0.04,36.43,0.03,334.7,0.06,122.7,0.07,181.5,0.94,245.71,0.93,172.5,0.95,0.61,0.96,132.23,0.02,0.01,2318.899825,1776201481000
1776201530.763,230.763,0.04,150.48,0.03,300.7,0.05,6.81,0.06,98.7,0.94,122.7,0.93,181.5,0.96,36.43,0.97,334.7,0.01,0.02,2318.899825,1776201481000
1776201535.48,235.48,0.02,714.71,0.01,3005.6,0.05,50.16,0.06,227.7,0.95,6.81,0.94,98.7,0.96,150.48,0.97,300.7,0.03,0.01,2318.899825,1776201481000
1776201537.441,237.441,0.03,213.98,0.02,475.21,0.05,150.21,0.06,244.7,0.95,50.16,0.94,227.7,0.98,714.71,0.99,3005.6,0.02,0.03,2318.899825,1776201481000
1776201537.652,237.652,0.03,151.7,0.02,475.21,0.04,17.0,0.05,150.21,0.95,150.21,0.94,244.7,0.97,213.98,0.98,475.21,0.01,0.02,2318.899825,1776201481000
1776201538.145,238.145,0.03,196.98,0.02,475.21,0.04,14.75,0.05,150.21,0.96,17.0,0.95,150.21,0.97,151.7,0.98,475.21,0.01,0.01,2318.899825,1776201481000
1776201539.09,239.09,0.04,201.74,0.03,447.98,0.05,26.0,0.06,83.2,0.96,14.75,0.95,150.21,0.97,196.98,0.98,475.21,0.01,0.01,2318.899825,1776201481000
1776201539.451,239.451,0.05,57.0,0.04,176.74,0.06,28.2,0.07,10.0,0.94,56.2,0.93,10.0,0.95,27.0,0.96,216.74,0.01,0.01,2318.899825,1776201481000
1776201539.867,239.867,0.05,182.83,0.04,153.74,0.06,28.2,0.07,10.0,0.94,28.2,0.93,10.0,0.95,191.83,0.96,88.74,0.01,0.01,2318.899825,1776201481000
1776201540.128,240.128,0.05,177.83,0.04,153.74,0.06,12.2,0.07,10.0,0.94,28.2,0.93,10.0,0.95,182.83,0.96,153.74,0.01,0.01,2318.899825,1776201481000
1776201540.361,240.361,0.05,146.25,0.04,108.74,0.06,20.0,0.07,10.0,0.93,10.0,0.92,10.0,0.95,177.83,0.96,153.74,0.01,0.02,2318.899825,1776201481000
1776201540.75,240.75,0.05,116.25,0.04,108.74,0.06,20.0,0.07,10.0,0.94,20.0,0.93,10.0,0.95,121.25,0.96,108.74,0.01,0.01,2318.899825,1776201481000
1776201540.951,240.951,0.05,119.19,0.04,88.74,0.06,20.0,0.07,10.0,0.94,20.0,0.93,10.0,0.95,110.19,0.96,108.74,0.01,0.01,2318.899825,1776201481000
1776201541.419,241.419,0.05,122.08,0.04,88.74,0.07,10.0,0.08,21.0,0.94,20.0,0.93,10.0,0.95,122.08,0.96,88.74,0.02,0.01,2318.899825,1776201481000
1776201542.814,242.814,0.05,86.08,0.04,98.74,0.06,10.0,0.07,15.0,0.94,10.0,0.93,20.0,0.95,91.08,0.96,98.74,0.01,0.01,2318.899825,1776201481000
1776201544.768,244.768,0.05,82.08,0.04,98.74,0.06,98.94,0.07,140.0,0.94,10.0,0.93,15.0,0.95,86.08,0.96,98.74,0.01,0.01,2318.899825,1776201481000
1776201545.32,245.32,0.05,81.02,0.04,98.74,0.06,93.94,0.07,135.0,0.94,98.94,0.93,140.0,0.95,82.08,0.96,98.74,0.01,0.01,2318.899825,1776201481000
1776201545.867,245.867,0.05,75.62,0.04,123.74,0.06,93.94,0.07,151.0,0.94,93.94,0.93,135.0,0.95,81.02,0.96,98.74,0.01,0.01,2318.899825,1776201481000
1776201546.07,246.07,0.05,70.62,0.04,123.74,0.06,7.27,0.07,20.0,0.94,12.27,0.93,151.0,0.95,70.62,0.96,123.74,0.01,0.01,2318.899825,1776201481000
1776201548.971,248.971,0.05,93.62,0.04,444.74,0.08,20.0,0.09,10.0,0.94,7.27,0.93,20.0,0.95,70.62,0.96,123.74,0.03,0.01,2318.899825,1776201481000
1776201549.355,249.355,0.07,44.82,0.06,63.8,0.08,20.0,0.09,10.0,0.92,20.0,0.91,10.0,0.95,93.62,0.96,444.74,0.01,0.03,2318.899825,1776201481000
1776201549.618,249.618,0.07,49.18,0.06,80.8,0.08,10.0,0.09,15.0,0.92,5.0,0.91,15.0,0.93,44.82,0.94,63.8,0.01,0.01,2318.899825,1776201481000
1776201550.205,250.205,0.07,40.58,0.06,63.8,0.08,10.0,0.09,87.93,0.92,10.0,0.91,15.0,0.93,49.18,0.94,80.8,0.01,0.01,2318.899825,1776201481000
1776201552.78,252.78,0.07,35.58,0.06,63.8,0.08,59.55,0.09,200.99,0.92,10.0,0.91,87.93,0.93,40.58,0.94,63.8,0.01,0.01,2318.899825,1776201481000
1776201553.896,253.896,0.07,15.2,0.06,63.8,0.08,64.55,0.09,191.99,0.92,59.55,0.91,200.99,0.93,35.58,0.94,63.8,0.01,0.01,2318.899825,1776201481000
1776201554.428,254.428,0.06,63.8,0.05,65.62,0.08,64.55,0.09,202.99,0.92,64.55,0.91,191.99,0.93,15.2,0.94,63.8,0.02,0.01,2318.899825,1776201481000
1776201555.501,255.501,0.06,8.93,0.05,65.62,0.07,190.06,0.08,45.55,0.92,64.55,0.91,202.99,0.94,63.8,0.95,65.62,0.01,0.02,2318.899825,1776201481000
1776201555.763,255.763,0.05,21.55,0.04,98.74,0.07,188.99,0.08,45.55,0.93,190.06,0.92,45.55,0.94,8.93,0.95,65.62,0.02,0.01,2318.899825,1776201481000
1776201556.696,256.696,0.05,41.75,0.04,98.74,0.06,32.85,0.07,198.99,0.93,188.99,0.92,45.55,0.95,21.55,0.96,98.74,0.01,0.02,2318.899825,1776201481000
1776201557.223,257.223,0.05,45.27,0.04,98.74,0.06,85.4,0.07,198.99,0.94,32.85,0.93,198.99,0.95,56.01,0.96,98.74,0.01,0.01,2318.899825,1776201481000
1776201558.099,258.099,0.05,44.04,0.04,10.0,0.06,95.4,0.07,198.99,0.94,90.4,0.93,198.99,0.95,34.75,0.96,98.74,0.01,0.01,2318.899825,1776201481000
1776201558.363,258.363,0.05,30.42,0.04,10.0,0.06,184.34,0.07,203.99,0.94,169.34,0.93,198.99,0.95,38.97,0.96,10.0,0.01,0.01,2318.899825,1776201481000
1776201559.22,259.22,0.05,22.38,0.04,10.0,0.06,184.34,0.07,203.99,0.94,184.34,0.93,203.99,0.95,30.42,0.96,10.0,0.01,0.01,2318.899825,1776201481000
1776201559.6,259.6,0.05,21.32,0.04,10.0,0.06,184.34,0.07,193.99,0.94,184.34,0.93,203.99,0.95,22.38,0.96,10.0,0.01,0.01,2318.899825,1776201481000
1776201561.412,261.412,0.05,26.32,0.04,10.0,0.06,157.67,0.07,184.99,0.94,184.34,0.93,193.99,0.95,21.32,0.96,10.0,0.01,0.01,2318.899825,1776201481000
1776201561.965,261.965,0.05,26.32,0.04,35.0,0.06,141.0,0.07,184.99,0.94,157.67,0.93,184.99,0.95,26.32,0.96,10.0,0.01,0.01,2318.899825,1776201481000
1776201562.386,262.386,0.05,24.67,0.04,35.0,0.06,146.0,0.07,195.99,0.94,141.0,0.93,184.99,0.95,26.32,0.96,35.0,0.01,0.01,2318.899825,1776201481000
1776201562.954,262.954,0.05,23.02,0.04,35.0,0.06,146.0,0.07,205.99,0.94,146.0,0.93,195.99,0.95,24.67,0.96,35.0,0.01,0.01,2318.899825,1776201481000
1776201563.278,263.278,0.05,11.48,0.04,35.0,0.06,103.94,0.07,300.11,0.94,146.0,0.93,205.99,0.95,23.02,0.96,35.0,0.01,0.01,2318.899825,1776201481000
1776201563.844,263.844,0.04,13.38,0.03,10.0,0.06,259.93,0.07,73.0,0.94,113.94,0.93,300.11,0.96,8.38,0.97,10.0,0.02,0.02,2318.899825,1776201481000
1776201564.425,264.425,0.04,11.76,0.03,10.0,0.05,52.01,0.06,271.93,0.94,264.93,0.93,73.0,0.96,11.76,0.97,10.0,0.01,0.02,2318.899825,1776201481000
1776201564.988,264.988,0.04,11.69,0.03,10.0,0.05,67.21,0.06,266.93,0.95,52.01,0.94,271.93,0.96,11.76,0.97,10.0,0.01,0.01,2318.899825,1776201481000
1776201565.35,265.35,0.03,3.74,0.02,459.71,0.05,162.03,0.06,268.93,0.95,67.21,0.94,266.93,0.96,11.69,0.97,10.0,0.02,0.01,2318.899825,1776201481000
1776201565.629,265.629,0.04,7.42,0.03,3.74,0.05,172.03,0.06,268.93,0.95,172.03,0.94,268.93,0.96,7.42,0.97,3.74,0.01,0.01,2318.899825,1776201481000
1776201566.231,266.231,0.04,30.0,0.03,145.7,0.05,109.03,0.06,88.94,0.95,167.03,0.94,268.93,0.98,459.71,0.99,2627.93,0.01,0.03,2318.899825,1776201481000
1776201566.441,266.441,0.04,5.0,0.03,133.7,0.05,38.03,0.06,88.94,0.95,77.03,0.94,88.94,0.96,22.91,0.97,145.7,0.01,0.01,2318.899825,1776201481000
1776201566.764,266.764,0.03,138.7,0.02,689.21,0.05,18.03,0.06,93.94,0.95,38.03,0.94,88.94,0.96,5.0,0.97,133.7,0.02,0.01,2318.899825,1776201481000
1776201567.369,267.369,0.03,166.97,0.02,689.21,0.04,24.76,0.05,15.0,0.95,18.03,0.94,93.94,0.97,137.66,0.98,689.21,0.01,0.02,2318.899825,1776201481000
1776201567.698,267.698,0.03,78.97,0.02,689.21,0.04,39.76,0.05,15.0,0.96,34.76,0.95,15.0,0.97,77.11,0.98,689.21,0.01,0.01,2318.899825,1776201481000
1776201568.031,268.031,0.04,179.68,0.03,39.97,0.05,15.0,0.06,93.94,0.95,15.0,0.94,88.94,0.96,85.24,0.97,78.97,0.01,0.01,2318.899825,1776201481000
1776201568.342,268.342,0.04,174.47,0.03,39.97,0.05,15.0,0.06,219.91,0.95,15.0,0.94,93.94,0.96,179.68,0.97,39.97,0.01,0.01,2318.899825,1776201481000
1776201569.222,269.222,0.04,110.24,0.03,39.97,0.05,160.75,0.06,248.93,0.95,15.0,0.94,219.91,0.96,159.15,0.97,39.97,0.01,0.01,2318.899825,1776201481000
1776201570.384,270.384,0.04,104.01,0.03,49.97,0.05,150.75,0.06,93.94,0.95,150.75,0.94,93.94,0.96,130.49,0.97,49.97,0.01,0.01,2318.899825,1776201481000
1776201571.401,271.401,0.04,41.53,0.03,10.0,0.05,155.75,0.06,108.94,0.95,150.75,0.94,93.94,0.96,98.62,0.97,49.97,0.01,0.01,2318.899825,1776201481000
1776201572.334,272.334,0.04,40.48,0.03,10.0,0.05,155.75,0.06,103.94,0.95,155.75,0.94,108.94,0.96,41.53,0.97,10.0,0.01,0.01,2318.899825,1776201481000
1776201575.159,275.159,0.04,5.0,0.03,10.0,0.05,464.86,0.06,208.93,0.95,155.75,0.94,103.94,0.96,40.48,0.97,10.0,0.01,0.01,2318.899825,1776201481000
1776201576.16,276.16,0.03,13.42,0.02,16.0,0.04,98.17,0.05,361.11,0.95,329.11,0.94,338.72,0.97,9.76,0.98,16.0,0.01,0.02,2318.899825,1776201481000
1776201576.531,276.531,0.03,6.0,0.02,16.0,0.04,103.17,0.05,361.11,0.96,98.17,0.95,361.11,0.97,13.42,0.98,16.0,0.01,0.01,2318.899825,1776201481000
1776201576.846,276.846,0.03,0.45,0.02,16.0,0.04,27.0,0.05,361.11,0.96,22.0,0.95,361.11,0.97,2.0,0.98,16.0,0.01,0.01,2318.899825,1776201481000
1776201577.643,277.643,0.03,0.45,0.02,16.0,0.04,84.68,0.05,286.11,0.96,27.0,0.95,361.11,0.97,0.45,0.98,16.0,0.01,0.01,2318.899825,1776201481000
1776201579.541,279.541,0.02,6.34,0.01,2156.33,0.04,213.65,0.05,152.12,0.96,84.68,0.95,286.11,0.97,0.45,0.98,16.0,0.02,0.01,2318.899825,1776201481000
1776201580.079,280.079,0.02,5.0,0.01,2119.33,0.03,121.04,0.04,208.65,0.96,198.65,0.95,152.12,0.98,36.84,0.99,2156.33,0.01,0.02,2318.899825,1776201481000
1776201580.286,280.286,0.01,2119.33,,,0.02,39.89,0.03,146.04,0.97,141.04,0.96,214.65,0.98,50.5,0.99,2119.33,0.01,0.01,2318.899825,1776201481000
1776201580.624,280.624,0.01,2175.44,,,0.02,79.4,0.03,146.04,0.98,39.89,0.97,146.04,0.99,2119.33,,,0.01,0.01,2318.899825,1776201481000
1776201581.11,281.11,0.01,1995.18,,,0.02,242.06,0.03,25.0,0.98,79.4,0.97,146.04,0.99,2175.44,,,0.01,0.01,2318.899825,1776201481000
1776201581.393,281.393,0.01,1862.07,,,0.02,242.06,0.03,35.0,0.98,242.06,0.97,35.0,0.99,2003.07,,,0.01,0.01,2318.899825,1776201481000
1776201581.663,281.663,0.01,1852.02,,,0.02,236.02,0.03,35.0,0.98,236.02,0.97,35.0,0.99,1862.07,,,0.01,0.01,2318.899825,1776201481000
1776201582.002,282.002,0.01,1746.91,,,0.02,241.02,0.03,35.0,0.98,236.02,0.97,35.0,0.99,1852.02,,,0.01,0.01,2318.899825,1776201481000
1776201582.46,282.46,0.01,1744.88,,,0.02,213.84,0.03,25.0,0.98,213.84,0.97,35.0,0.99,1741.91,,,0.01,0.01,2318.899825,1776201481000
1776201582.666,282.666,0.01,1739.83,,,0.02,213.84,0.03,169.99,0.98,213.84,0.97,25.0,0.99,1744.88,,,0.01,0.01,2318.899825,1776201481000
1776201583.358,283.358,0.01,1737.8,,,0.02,228.84,0.03,180.99,0.98,213.84,0.97,169.99,0.99,1739.83,,,0.01,0.01,2318.899825,1776201481000
1776201585.15,285.15,0.01,1734.8,,,0.02,228.84,0.03,218.99,0.98,228.84,0.97,180.99,0.99,1737.8,,,0.01,0.01,2318.899825,1776201481000
1776201585.391,285.391,0.01,1730.8,,,0.02,238.84,0.03,218.99,0.98,228.84,0.97,218.99,0.99,1734.8,,,0.01,0.01,2318.899825,1776201481000
1776201585.627,285.627,0.01,1710.8,,,0.02,244.03,0.03,218.99,0.98,238.84,0.97,218.99,0.99,1725.8,,,0.01,0.01,2318.899825,1776201481000
1776201587.099,287.099,0.01,1705.8,,,0.02,267.36,0.03,105.0,0.98,244.03,0.97,218.99,0.99,1710.8,,,0.01,0.01,2318.899825,1776201481000
1776201587.77,287.77,0.01,1700.8,,,0.02,279.36,0.03,105.0,0.98,267.36,0.97,105.0,0.99,1705.8,,,0.01,0.01,2318.899825,1776201481000
1776201588.085,288.085,0.01,1690.7,,,0.02,284.36,0.03,105.0,0.98,279.36,0.97,105.0,0.99,1700.8,,,0.01,0.01,2318.899825,1776201481000
1776201588.399,288.399,0.01,1665.7,,,0.02,290.36,0.03,105.0,0.98,279.36,0.97,105.0,0.99,1675.7,,,0.01,0.01,2318.899825,1776201481000
1776201589.319,289.319,0.01,1665.7,,,0.02,408.11,0.03,115.0,0.98,290.36,0.97,105.0,0.99,1665.7,,,0.01,0.01,2318.899825,1776201481000
1776201590.01,290.01,0.01,1598.19,,,0.02,393.11,0.03,115.0,0.98,408.11,0.97,115.0,0.99,1665.7,,,0.01,0.01,2318.899825,1776201481000
1776201590.434,290.434,0.01,1598.14,,,0.02,435.11,0.03,77.99,0.98,393.11,0.97,115.0,0.99,1598.19,,,0.01,0.01,2318.899825,1776201481000
1776201590.652,290.652,0.01,1583.14,,,0.02,440.11,0.03,77.99,0.98,440.11,0.97,77.99,0.99,1588.14,,,0.01,0.01,2318.899825,1776201481000
1776201590.853,290.853,0.01,1175.54,,,0.02,440.11,0.03,77.99,0.98,440.11,0.97,77.99,0.99,1575.54,,,0.01,0.01,2318.899825,1776201481000
1776201591.172,291.172,0.01,1174.52,,,0.02,440.11,0.03,77.99,0.98,440.11,0.97,77.99,0.99,1175.54,,,0.01,0.01,2318.899825,1776201481000
1776201591.923,291.923,0.01,1164.46,,,0.02,476.11,0.03,77.99,0.98,440.11,0.97,77.99,0.99,1174.52,,,0.01,0.01,2318.899825,1776201481000
1776201592.253,292.253,0.01,1067.15,,,0.02,471.11,0.03,61.0,0.98,476.11,0.97,61.0,0.99,1102.46,,,0.01,0.01,2318.899825,1776201481000
1776201592.637,292.637,0.01,1029.77,,,0.02,393.61,0.03,49.0,0.98,393.61,0.97,61.0,0.99,1063.06,,,0.01,0.01,2318.899825,1776201481000
1776201593.162,293.162,0.01,989.36,,,0.02,403.61,0.03,38.0,0.98,403.61,0.97,49.0,0.99,1029.72,,,0.01,0.01,2318.899825,1776201481000
1776201593.497,293.497,0.01,939.36,,,0.02,403.61,0.03,26.0,0.98,403.61,0.97,38.0,0.99,989.36,,,0.01,0.01,2318.899825,1776201481000
1776201594.014,294.014,0.01,899.27,,,0.02,408.61,0.03,21.0,0.98,408.61,0.97,26.0,0.99,933.27,,,0.01,0.01,2318.899825,1776201481000
1776201594.219,294.219,0.01,710.57,,,0.02,403.61,0.03,15.0,0.98,403.61,0.97,15.0,0.99,785.57,,,0.01,0.01,2318.899825,1776201481000
1776201594.646,294.646,0.01,690.36,,,0.02,403.61,0.03,15.0,0.98,403.61,0.97,15.0,0.99,710.57,,,0.01,0.01,2318.899825,1776201481000
1776201594.893,294.893,0.01,675.36,,,0.02,398.61,0.03,15.0,0.98,403.61,0.97,15.0,0.99,690.36,,,0.01,0.01,2318.899825,1776201481000
1776201595.264,295.264,0.01,547.36,,,0.02,408.61,0.03,15.0,0.98,398.61,0.97,15.0,0.99,675.36,,,0.01,0.01,2318.899825,1776201481000
1776201595.5,295.5,0.01,477.36,,,0.02,408.61,0.03,15.0,0.98,403.61,0.97,15.0,0.99,480.36,,,0.01,0.01,2318.899825,1776201481000
1776201595.945,295.945,0.01,412.33,,,0.02,398.61,0.03,24.0,0.98,408.61,0.97,15.0,0.99,477.36,,,0.01,0.01,2318.899825,1776201481000
1776201596.189,296.189,,,,,0.01,618.93,0.02,398.61,0.99,281.0,0.98,398.61,,,,,,,2318.899825,1776201481000
1776201596.621,296.621,,,,,0.01,700.22,0.02,398.61,0.99,608.93,0.98,398.61,,,,,,,2318.899825,1776201481000
1776201597.392,297.392,,,,,0.01,715.89,0.02,388.61,0.99,695.22,0.98,398.61,,,,,,,2318.899825,1776201481000
1776201597.632,297.632,,,,,0.01,818.89,0.02,388.61,0.99,817.89,0.98,388.61,,,,,,,2318.899825,1776201481000
1776201600.556,300.556,,,,,0.01,55822.87,0.02,109.62,0.99,818.89,0.98,388.61,,,,,,,2318.899825,1776201481000

# RESULT,winner=Down,slug=eth-updown-5m-1776201300,ticks=501
