timestamp,elapsed_sec,up_bid_p1,up_bid_s1,up_bid_p2,up_bid_s2,up_ask_p1,up_ask_s1,up_ask_p2,up_ask_s2,down_bid_p1,down_bid_s1,down_bid_p2,down_bid_s2,down_ask_p1,down_ask_s1,down_ask_p2,down_ask_s2,up_spread,down_spread,eth_price,eth_oracle_ts
1776345901.018,1.018,0.41,210.0,0.4,108.0,0.48,20.02,0.49,410.0,0.56,5.0,0.52,20.02,0.59,210.0,0.6,108.0,0.07,0.03,2346.260166,1776345899000
1776345901.25,1.25,0.41,210.0,0.4,108.0,0.48,20.02,0.49,410.0,0.52,20.02,0.51,410.0,0.59,210.0,0.6,108.0,0.07,0.07,2346.416629,1776345900000
1776345901.692,1.692,0.44,75.0,0.43,14.0,0.45,2.56,0.47,13.0,0.55,7.56,0.52,20.02,0.56,75.0,0.59,70.0,0.01,0.01,2346.416629,1776345900000
1776345902.234,2.234,0.45,5.0,0.44,75.0,0.48,25.02,0.49,425.0,0.53,10.56,0.52,33.02,0.56,89.0,0.57,14.0,0.03,0.03,2346.416629,1776345900000
1776345902.809,2.809,0.45,1.0,0.44,70.0,0.46,32.0,0.47,26.0,0.52,25.02,0.51,425.0,0.55,5.0,0.56,75.0,0.01,0.03,2346.336795,1776345901000
1776345903.024,3.024,0.45,1.0,0.44,70.0,0.46,32.0,0.47,26.0,0.54,32.0,0.53,26.0,0.55,1.0,0.56,70.0,0.01,0.01,2346.303979,1776345902000
1776345903.404,3.404,0.44,65.32,0.42,5.0,0.46,32.0,0.47,36.0,0.54,32.0,0.53,26.0,0.55,1.0,0.56,70.0,0.02,0.01,2346.303979,1776345902000
1776345904.2,4.2,0.44,65.32,0.42,5.0,0.46,32.0,0.47,36.0,0.54,32.0,0.53,36.0,0.56,65.32,0.58,5.0,0.02,0.02,2346.183088,1776345903000
1776345904.677,4.677,0.47,18.07,0.46,160.0,0.48,20.02,0.49,415.0,0.52,20.02,0.51,415.0,0.53,22.0,0.54,160.0,0.01,0.01,2346.183088,1776345903000
1776345905.284,5.284,0.47,12.5,0.46,160.0,0.48,20.02,0.49,415.0,0.52,20.02,0.51,415.0,0.53,12.5,0.54,160.0,0.01,0.01,2346.116634,1776345904000
1776345905.629,5.629,0.48,87.0,0.47,31.5,0.49,193.58,0.5,10.0,0.51,198.58,0.5,10.0,0.52,20.0,0.53,66.5,0.01,0.01,2346.116634,1776345904000
1776345905.845,5.845,0.48,66.0,0.47,81.5,0.49,118.58,0.5,10.0,0.51,123.58,0.5,10.0,0.52,87.0,0.53,31.5,0.01,0.01,2346.116634,1776345904000
1776345906.333,6.333,0.48,82.0,0.47,31.5,0.49,118.58,0.5,10.0,0.51,118.58,0.5,10.0,0.52,66.0,0.53,81.5,0.01,0.01,2346.116634,1776345904000
1776345906.554,6.554,0.48,94.0,0.47,31.5,0.49,103.97,0.5,10.0,0.51,118.58,0.5,10.0,0.52,82.0,0.53,31.5,0.01,0.01,2346.116634,1776345904000
1776345906.858,6.858,0.48,78.0,0.47,31.5,0.49,94.17,0.5,10.0,0.51,98.97,0.5,10.0,0.52,78.0,0.53,31.5,0.01,0.01,2346.245614,1776345905000
1776345907.108,7.108,0.48,96.07,0.47,31.5,0.49,94.17,0.5,10.0,0.51,94.17,0.5,10.0,0.52,96.07,0.53,31.5,0.01,0.01,2346.371917,1776345906000
1776345907.463,7.463,0.48,92.95,0.47,31.5,0.49,58.76,0.5,10.0,0.51,73.76,0.5,10.0,0.52,67.95,0.53,31.5,0.01,0.01,2346.371917,1776345906000
1776345907.67,7.67,0.48,102.95,0.47,31.5,0.49,53.76,0.5,10.0,0.51,58.76,0.5,10.0,0.52,92.95,0.53,31.5,0.01,0.01,2346.371917,1776345906000
1776345908.083,8.083,0.48,93.6,0.47,31.5,0.49,53.76,0.5,10.0,0.51,53.76,0.5,10.0,0.52,102.95,0.53,31.5,0.01,0.01,2346.371917,1776345906000
1776345908.301,8.301,0.48,98.0,0.47,31.5,0.49,50.39,0.5,10.0,0.51,53.76,0.5,10.0,0.52,93.6,0.53,31.5,0.01,0.01,2346.626185,1776345907000
1776345909.076,9.076,0.48,180.0,0.47,81.5,0.55,0.96,0.57,15.0,0.51,47.08,0.5,10.0,0.52,130.2,0.53,31.5,0.07,0.01,2346.626185,1776345907000
1776345909.384,9.384,0.55,69.04,0.48,180.0,0.57,15.0,0.58,5.0,0.43,15.0,0.42,5.0,0.45,69.04,0.52,180.0,0.02,0.02,2346.66842,1776345908000
1776345910.265,10.265,0.55,64.54,0.54,85.0,0.56,15.5,0.57,35.0,0.43,20.0,0.42,62.09,0.45,74.04,0.46,90.0,0.01,0.02,2346.66842,1776345908000
1776345910.477,10.477,0.55,69.54,0.54,85.0,0.56,2.35,0.57,78.0,0.44,15.5,0.43,35.0,0.45,64.54,0.46,85.0,0.01,0.01,2346.66842,1776345908000
1776345911.173,11.173,0.56,14.13,0.55,64.54,0.57,30.0,0.58,136.35,0.44,2.35,0.43,78.0,0.45,69.54,0.46,85.0,0.01,0.01,2346.796397,1776345910000
1776345911.629,11.629,0.56,69.2,0.55,122.54,0.57,25.0,0.58,112.35,0.43,25.0,0.42,146.35,0.45,64.54,0.46,95.0,0.01,0.02,2346.796397,1776345910000
1776345912.782,12.782,0.55,24.04,0.53,25.0,0.57,149.7,0.58,143.59,0.43,25.0,0.42,112.35,0.44,69.2,0.45,122.54,0.02,0.01,2346.820703,1776345911000
1776345913.239,13.239,0.55,2.04,0.53,35.5,0.56,50.5,0.57,237.7,0.44,10.0,0.43,169.7,0.45,19.04,0.47,30.0,0.01,0.01,2346.820703,1776345911000
1776345915.287,15.287,0.55,37.54,0.54,83.5,0.57,30.0,0.58,146.59,0.44,50.5,0.43,237.7,0.45,2.04,0.47,35.5,0.02,0.01,2346.7429,1776345914000
1776345915.931,15.931,0.56,98.5,0.55,42.54,0.57,8.94,0.58,126.09,0.43,25.0,0.42,146.59,0.44,40.5,0.45,37.54,0.01,0.01,2346.7429,1776345914000
1776345916.754,16.754,0.56,87.65,0.55,42.54,0.57,33.94,0.58,143.59,0.43,8.94,0.42,126.09,0.44,98.5,0.45,42.54,0.01,0.01,2346.737811,1776345915000
1776345918.074,18.074,0.56,143.21,0.55,62.1,0.58,45.09,0.59,45.0,0.43,33.94,0.42,143.59,0.44,87.65,0.45,42.54,0.02,0.01,2346.763281,1776345916000
1776345918.547,18.547,0.57,63.24,0.56,133.65,0.58,45.09,0.59,45.0,0.42,45.09,0.41,45.0,0.44,143.21,0.45,62.1,0.01,0.02,2346.728314,1776345917000
1776345919.67,19.67,0.57,59.56,0.56,138.65,0.58,83.35,0.59,45.0,0.42,45.09,0.41,45.0,0.43,63.24,0.44,133.65,0.01,0.01,2346.74285,1776345918000
1776345920.91,20.91,0.57,107.0,0.56,90.65,0.58,83.35,0.59,45.0,0.42,83.35,0.41,45.0,0.43,59.56,0.44,138.65,0.01,0.01,2346.81871,1776345919000
1776345921.488,21.488,0.57,102.0,0.56,90.65,0.58,34.46,0.59,45.0,0.42,83.35,0.41,45.0,0.43,107.0,0.44,90.65,0.01,0.01,2346.87725,1776345920000
1776345921.824,21.824,0.57,104.44,0.56,90.65,0.58,29.46,0.59,91.26,0.42,29.46,0.41,52.0,0.43,107.0,0.44,90.65,0.01,0.01,2346.87725,1776345920000
1776345923.084,23.084,0.55,7.04,0.54,15.0,0.57,137.5,0.58,181.24,0.42,3.59,0.41,91.26,0.43,99.44,0.44,90.65,0.02,0.01,2346.93215,1776345921000
1776345924.008,24.008,0.55,2.04,0.54,20.5,0.56,155.5,0.57,64.5,0.44,97.5,0.43,112.5,0.45,2.04,0.46,30.5,0.01,0.01,2346.931163,1776345922000
1776345925.313,25.313,0.54,0.85,0.53,133.5,0.55,271.47,0.56,113.5,0.44,155.5,0.43,64.5,0.45,2.04,0.46,20.5,0.01,0.01,2346.961055,1776345923000
1776345933.499,33.499,0.54,25.0,0.53,45.5,0.55,216.47,0.56,38.5,0.45,271.47,0.44,113.5,0.46,0.85,0.47,133.5,0.01,0.01,2346.729316,1776345932000
1776345935.069,35.069,0.52,15.0,0.51,173.0,0.54,113.5,0.55,292.97,0.45,216.47,0.44,38.5,0.46,25.0,0.47,45.5,0.02,0.01,2346.795625,1776345933000
1776345936.508,36.508,0.52,20.0,0.51,103.5,0.54,225.33,0.55,146.14,0.46,113.5,0.45,292.97,0.48,15.0,0.49,173.0,0.02,0.02,2346.728644,1776345935000
1776345937.005,37.005,0.52,140.5,0.51,48.06,0.53,5.63,0.54,186.83,0.46,225.33,0.45,146.14,0.48,20.0,0.49,103.5,0.01,0.02,2346.728644,1776345935000
1776345938.979,38.979,0.53,100.06,0.52,157.05,0.54,45.83,0.55,14.64,0.47,5.63,0.46,186.83,0.48,140.5,0.49,48.06,0.01,0.01,2346.622263,1776345937000
1776345939.206,39.206,0.53,92.41,0.52,157.05,0.54,31.91,0.55,14.64,0.46,40.83,0.45,14.64,0.47,97.41,0.48,157.05,0.01,0.01,2346.645098,1776345938000
1776345939.546,39.546,0.53,81.41,0.52,162.05,0.54,26.81,0.55,14.64,0.46,31.91,0.45,14.64,0.47,92.41,0.48,157.05,0.01,0.01,2346.645098,1776345938000
1776345939.779,39.779,0.53,34.78,0.52,132.05,0.54,89.81,0.55,14.64,0.46,26.81,0.45,14.64,0.47,81.41,0.48,162.05,0.01,0.01,2346.645098,1776345938000
1776345940.219,40.219,0.53,176.06,0.52,62.05,0.54,15.69,0.55,14.64,0.46,26.81,0.45,14.64,0.47,78.93,0.48,190.05,0.01,0.01,2346.645098,1776345938000
1776345941.134,41.134,0.53,122.42,0.52,62.05,0.54,15.69,0.55,14.64,0.46,15.69,0.45,14.64,0.47,176.06,0.48,62.05,0.01,0.01,2346.742257,1776345939000
1776345941.526,41.526,0.53,143.42,0.52,62.05,0.59,108.0,0.6,139.0,0.46,15.69,0.45,14.64,0.47,122.42,0.48,62.05,0.06,0.01,2346.80989,1776345940000
1776345942.345,42.345,0.57,52.0,0.56,20.0,0.59,136.5,0.6,156.0,0.41,108.0,0.4,139.0,0.47,143.42,0.48,62.05,0.02,0.06,2346.86848,1776345941000
1776345943.019,43.019,0.57,62.0,0.56,20.0,0.58,48.6,0.59,129.5,0.41,136.5,0.4,156.0,0.43,52.0,0.44,20.0,0.01,0.02,2346.86848,1776345941000
1776345943.347,43.347,0.56,15.0,0.55,34.0,0.58,139.6,0.59,111.5,0.42,48.6,0.41,129.5,0.43,62.0,0.44,20.0,0.02,0.01,2346.86848,1776345941000
1776345943.666,43.666,0.55,11.13,0.54,10.0,0.56,84.5,0.57,58.5,0.42,139.6,0.41,111.5,0.44,15.0,0.45,34.0,0.01,0.02,2346.86848,1776345941000
1776345944.015,44.015,0.52,5.0,0.51,59.0,0.53,5.63,0.54,54.5,0.45,30.5,0.44,113.5,0.47,5.0,0.48,5.0,0.01,0.02,2346.9428,1776345942000
1776345945.214,45.214,0.52,10.0,0.51,30.0,0.53,126.36,0.54,52.5,0.47,47.5,0.46,47.5,0.48,10.0,0.49,49.0,0.01,0.01,2346.8817,1776345944000
1776345946.454,46.454,0.52,90.0,0.51,55.5,0.53,1.0,0.54,17.0,0.47,135.02,0.46,52.5,0.48,10.0,0.49,40.0,0.01,0.01,2346.8817,1776345944000
1776345947.979,47.979,0.55,140.0,0.54,65.06,0.58,25.5,0.59,105.15,0.47,1.0,0.46,17.0,0.48,90.0,0.49,55.5,0.03,0.01,2346.640345,1776345946000
1776345950.31,50.31,0.58,130.05,0.57,79.64,0.59,30.0,0.6,146.0,0.42,25.5,0.41,105.15,0.45,140.0,0.46,65.06,0.01,0.03,2346.857014,1776345949000
1776345951.258,51.258,0.59,125.06,0.58,43.41,0.6,54.15,0.61,26.0,0.41,30.0,0.4,146.0,0.42,130.05,0.43,79.64,0.01,0.01,2346.870659,1776345950000
1776345951.64,51.64,0.59,163.06,0.58,38.41,0.6,44.15,0.61,26.0,0.4,49.15,0.39,26.0,0.41,147.06,0.42,38.41,0.01,0.01,2346.870659,1776345950000
1776345952.051,52.051,0.59,150.05,0.58,52.41,0.6,39.15,0.61,26.0,0.4,44.15,0.39,26.0,0.41,163.06,0.42,38.41,0.01,0.01,2346.870659,1776345950000
1776345952.352,52.352,0.59,321.86,0.58,122.41,0.6,9.15,0.61,16.0,0.4,14.15,0.39,26.0,0.41,92.3,0.42,52.41,0.01,0.01,2346.9161,1776345951000
1776345953.311,53.311,0.61,101.06,0.6,136.5,0.62,35.0,0.63,100.0,0.39,11.0,0.38,135.0,0.4,30.5,0.41,310.86,0.01,0.01,2346.9161,1776345951000
1776345954.351,54.351,0.63,35.59,0.62,71.56,0.64,55.5,0.65,65.5,0.38,35.0,0.37,100.0,0.39,101.06,0.4,136.5,0.01,0.01,2347.112562,1776345953000
1776345954.86,54.86,0.63,131.59,0.62,76.56,0.64,50.25,0.65,65.5,0.36,55.5,0.35,65.5,0.37,35.59,0.38,71.56,0.01,0.01,2347.112562,1776345953000
1776345955.797,55.797,0.63,132.51,0.62,65.0,0.64,99.69,0.65,70.5,0.36,19.2,0.35,65.5,0.37,136.59,0.38,76.56,0.01,0.01,2347.250616,1776345954000
1776345956.369,56.369,0.63,122.83,0.62,65.0,0.64,99.69,0.65,70.5,0.36,99.69,0.35,70.5,0.37,122.83,0.38,65.0,0.01,0.01,2347.239285,1776345955000
1776345956.866,56.866,0.62,10.0,0.61,10.0,0.64,179.47,0.65,157.5,0.36,99.69,0.35,70.5,0.37,122.83,0.38,65.0,0.02,0.01,2347.239285,1776345955000
1776345957.507,57.507,0.59,109.0,0.58,16.0,0.6,108.88,0.61,79.5,0.36,179.47,0.35,157.5,0.38,10.0,0.39,10.0,0.01,0.02,2347.284908,1776345956000
1776345958.295,58.295,0.54,32.82,0.52,35.0,0.55,25.5,0.56,92.86,0.4,105.88,0.39,84.5,0.41,56.31,0.42,16.0,0.01,0.01,2347.284908,1776345956000
1776345958.602,58.602,0.54,57.92,0.53,26.5,0.55,22.0,0.56,75.0,0.45,25.5,0.44,92.86,0.46,32.82,0.48,35.0,0.01,0.01,2347.219979,1776345957000
1776345958.877,58.877,0.54,35.42,0.53,26.0,0.55,110.18,0.56,17.0,0.45,42.0,0.44,75.0,0.46,40.42,0.47,26.0,0.01,0.01,2347.219979,1776345957000
1776345959.115,59.115,0.54,3.02,0.53,16.0,0.55,105.18,0.56,27.5,0.45,105.18,0.44,17.0,0.46,8.02,0.47,26.0,0.01,0.01,2347.219979,1776345957000
1776345959.812,59.812,0.54,5.62,0.53,26.5,0.55,85.0,0.56,47.5,0.45,95.0,0.44,15.5,0.46,20.62,0.47,16.0,0.01,0.01,2347.064307,1776345958000
1776345960.135,60.135,0.54,15.0,0.53,31.5,0.55,73.73,0.56,38.5,0.45,85.0,0.44,47.5,0.46,5.62,0.47,26.5,0.01,0.01,2346.861029,1776345959000
1776345960.378,60.378,0.52,45.0,0.51,86.5,0.54,93.84,0.55,20.5,0.45,73.73,0.44,38.5,0.46,15.0,0.47,31.5,0.02,0.01,2346.861029,1776345959000
1776345962.726,62.726,0.53,10.0,0.52,50.0,0.54,121.47,0.55,10.5,0.46,93.84,0.45,20.5,0.48,45.0,0.49,86.5,0.01,0.02,2346.812775,1776345961000
1776345963.315,63.315,0.53,10.0,0.52,50.0,0.54,123.66,0.55,25.5,0.46,106.47,0.45,10.5,0.48,50.0,0.49,86.5,0.01,0.02,2346.812775,1776345961000
1776345963.519,63.519,0.53,4.19,0.52,56.0,0.54,80.5,0.55,30.5,0.46,123.66,0.45,25.5,0.47,10.0,0.48,50.0,0.01,0.01,2346.812775,1776345961000
1776345964.04,64.04,0.53,4.19,0.52,56.0,0.54,130.5,0.55,20.5,0.46,80.5,0.45,30.5,0.47,4.19,0.48,56.0,0.01,0.01,2346.737754,1776345962000
1776345965.744,65.744,0.55,89.0,0.54,104.55,0.57,9.79,0.58,20.5,0.46,104.4,0.45,20.5,0.47,4.19,0.48,31.0,0.02,0.01,2346.7484,1776345964000
1776345967.592,67.592,0.52,51.0,0.51,73.0,0.53,79.5,0.54,89.5,0.43,4.79,0.42,25.5,0.44,10.0,0.45,116.76,0.01,0.01,2346.696519,1776345966000
1776345969.115,69.115,0.52,126.0,0.51,93.5,0.53,41.9,0.54,16.0,0.47,79.5,0.46,89.5,0.48,51.0,0.49,73.0,0.01,0.01,2346.823048,1776345967000
1776345969.85,69.85,0.57,181.67,0.56,58.05,0.58,15.0,0.59,15.5,0.47,41.9,0.46,16.0,0.48,126.0,0.49,93.5,0.01,0.01,2346.733325,1776345968000
1776345970.131,70.131,0.57,143.06,0.56,128.05,0.59,5.0,0.6,10.0,0.42,15.0,0.41,5.0,0.43,202.06,0.44,128.05,0.02,0.01,2346.733325,1776345968000
1776345970.579,70.579,0.61,65.04,0.6,104.06,0.62,55.0,0.63,20.5,0.38,55.0,0.37,34.5,0.4,91.05,0.41,25.5,0.01,0.02,2346.804045,1776345969000
1776345971.744,71.744,0.64,251.5,0.63,80.5,0.68,35.0,0.69,20.0,0.38,55.0,0.37,20.5,0.39,65.04,0.4,104.06,0.04,0.01,2346.8116,1776345970000
1776345972.15,72.15,0.7,16.0,0.69,10.0,0.71,131.45,0.72,25.0,0.32,35.0,0.31,20.0,0.36,251.5,0.37,80.5,0.01,0.04,2346.861929,1776345971000
1776345972.552,72.552,0.7,10.0,0.69,20.5,0.71,91.46,0.72,35.5,0.29,91.46,0.28,25.0,0.3,10.0,0.31,10.0,0.01,0.01,2346.861929,1776345971000
1776345972.959,72.959,0.69,20.5,0.68,20.06,0.7,8.0,0.71,86.46,0.29,91.46,0.28,35.5,0.3,5.0,0.31,20.5,0.01,0.01,2346.861929,1776345971000
1776345973.256,73.256,0.69,53.5,0.68,25.06,0.7,25.0,0.71,65.96,0.29,65.96,0.28,35.5,0.31,20.5,0.32,20.06,0.01,0.02,2347.219071,1776345972000
1776345973.646,73.646,0.69,61.15,0.68,39.06,0.7,30.0,0.71,65.96,0.3,25.0,0.29,65.96,0.31,53.5,0.32,25.06,0.01,0.01,2347.219071,1776345972000
1776345973.924,73.924,0.69,60.56,0.68,54.06,0.7,26.46,0.71,65.96,0.3,27.89,0.29,65.96,0.31,55.56,0.32,72.06,0.01,0.01,2347.219071,1776345972000
1776345975.152,75.152,0.7,116.64,0.69,70.5,0.71,5.0,0.72,25.0,0.3,7.66,0.29,65.96,0.31,55.56,0.32,69.06,0.01,0.01,2347.671319,1776345973000
1776345975.959,75.959,0.7,111.64,0.69,75.5,0.72,5.0,0.73,25.5,0.29,5.0,0.28,25.0,0.3,116.64,0.31,70.5,0.02,0.01,2347.657395,1776345974000
1776345977.093,77.093,0.79,30.12,0.78,25.0,0.8,15.5,0.81,10.0,0.28,5.0,0.27,25.5,0.3,111.64,0.31,75.5,0.01,0.02,2347.80088,1776345975000
1776345977.334,77.334,0.79,55.12,0.78,15.0,0.8,5.5,0.81,10.0,0.2,15.5,0.19,10.0,0.21,30.12,0.22,25.0,0.01,0.01,2347.80088,1776345975000
1776345977.58,77.58,0.79,55.12,0.78,15.0,0.8,4.25,0.81,10.0,0.2,5.5,0.19,10.0,0.21,55.12,0.22,15.0,0.01,0.01,2347.828748,1776345976000
1776345978.528,78.528,0.79,76.92,0.78,15.0,0.8,4.25,0.81,130.95,0.2,4.25,0.19,10.0,0.21,46.92,0.22,15.0,0.01,0.01,2347.868381,1776345977000
1776345978.976,78.976,0.79,96.92,0.78,33.0,0.8,23.73,0.81,73.0,0.2,4.25,0.19,130.95,0.21,76.92,0.22,15.0,0.01,0.01,2348.0541,1776345978000
1776345979.857,79.857,0.79,96.92,0.78,33.0,0.8,83.5,0.81,63.48,0.2,23.73,0.19,73.0,0.21,96.92,0.22,33.0,0.01,0.01,2348.0541,1776345978000
1776345980.212,80.212,0.79,91.01,0.78,33.0,0.8,83.5,0.81,63.48,0.2,83.5,0.19,63.48,0.21,96.92,0.22,33.0,0.01,0.01,2348.187345,1776345979000
1776345981.03,81.03,0.77,5.21,0.76,18.0,0.78,56.5,0.79,34.5,0.2,83.5,0.19,63.48,0.21,91.01,0.22,33.0,0.01,0.01,2348.187539,1776345980000
1776345981.572,81.572,0.77,4.9,0.76,23.0,0.78,51.5,0.79,24.5,0.22,51.5,0.21,34.5,0.23,9.9,0.24,18.0,0.01,0.01,2348.187539,1776345980000
1776345982.197,82.197,0.76,3.0,0.74,15.0,0.77,22.0,0.78,214.5,0.22,26.5,0.21,24.5,0.23,4.9,0.24,23.0,0.01,0.01,2348.181717,1776345981000
1776345982.535,82.535,0.72,70.0,0.71,45.0,0.77,98.5,0.78,182.5,0.23,22.0,0.22,214.5,0.24,3.0,0.26,15.0,0.05,0.01,2348.181717,1776345981000
1776345984.914,84.914,0.74,203.0,0.73,20.0,0.75,47.76,0.76,75.5,0.23,98.5,0.22,182.5,0.28,70.0,0.29,45.0,0.01,0.05,2347.926654,1776345983000
1776345985.91,85.91,0.74,114.0,0.73,5.0,0.75,26.18,0.76,25.5,0.25,47.76,0.24,75.5,0.26,203.0,0.27,20.0,0.01,0.01,2347.733184,1776345984000
1776345986.815,86.815,0.74,18.69,0.73,15.0,0.75,96.35,0.76,125.37,0.25,26.18,0.24,25.5,0.26,114.0,0.27,5.0,0.01,0.01,2347.716389,1776345985000
1776345987.129,87.129,0.74,23.45,0.73,64.31,0.75,91.35,0.76,125.37,0.25,91.35,0.24,125.37,0.26,14.45,0.27,15.0,0.01,0.01,2347.77961,1776345986000
1776345987.64,87.64,0.74,29.45,0.73,72.31,0.75,101.35,0.76,75.5,0.25,91.35,0.24,125.37,0.26,23.45,0.27,64.31,0.01,0.01,2347.77961,1776345986000
1776345988.116,88.116,0.74,29.45,0.73,77.31,0.75,36.95,0.76,75.5,0.25,101.35,0.24,75.5,0.26,29.45,0.27,72.31,0.01,0.01,2347.738717,1776345987000
1776345988.696,88.696,0.74,21.09,0.73,72.31,0.75,46.95,0.76,83.5,0.25,36.95,0.24,75.5,0.26,29.45,0.27,77.31,0.01,0.01,2347.738717,1776345987000
1776345990.393,90.393,0.74,7.55,0.73,64.31,0.75,109.95,0.76,146.95,0.25,46.95,0.24,83.5,0.26,21.09,0.27,72.31,0.01,0.01,2347.723111,1776345988000
1776345992.297,92.297,0.73,115.86,0.72,20.0,0.74,36.59,0.75,87.1,0.25,109.95,0.24,146.95,0.27,51.86,0.28,20.0,0.01,0.02,2347.645112,1776345990000
1776345992.848,92.848,0.73,41.11,0.72,28.0,0.74,94.59,0.75,24.1,0.26,36.59,0.25,87.1,0.27,115.86,0.28,20.0,0.01,0.01,2347.682673,1776345991000
1776345993.788,93.788,0.72,2.0,0.71,35.0,0.73,217.71,0.74,165.1,0.26,89.59,0.25,24.1,0.27,31.11,0.28,28.0,0.01,0.01,2347.678143,1776345992000
1776345995.608,95.608,0.69,183.95,0.68,63.06,0.7,40.0,0.71,210.5,0.27,143.21,0.26,80.86,0.31,75.0,0.32,10.0,0.01,0.04,2347.618052,1776345994000
1776345995.956,95.956,0.69,274.98,0.68,61.06,0.7,10.0,0.75,8.0,0.3,10.0,0.28,10.0,0.31,235.05,0.32,53.06,0.01,0.01,2347.618052,1776345994000
1776345996.528,96.528,0.75,72.68,0.74,41.5,0.76,23.16,0.77,98.0,0.24,13.16,0.23,40.0,0.25,102.0,0.26,41.5,0.01,0.01,2347.529561,1776345995000
1776345997.88,97.88,0.75,62.68,0.74,21.0,0.76,13.16,0.77,40.0,0.24,23.16,0.23,98.0,0.25,72.68,0.26,41.5,0.01,0.01,2347.509325,1776345996000
1776345998.344,98.344,0.75,42.68,0.74,26.0,0.76,18.16,0.77,40.0,0.24,13.16,0.23,40.0,0.25,62.68,0.26,21.0,0.01,0.01,2347.509325,1776345997000
1776345999.199,99.199,0.75,69.35,0.74,26.0,0.76,11.84,0.77,108.0,0.24,18.16,0.23,40.0,0.25,42.68,0.26,26.0,0.01,0.01,2347.509325,1776345997000
1776345999.649,99.649,0.75,64.35,0.74,26.0,0.76,6.84,0.77,118.0,0.24,11.84,0.23,108.0,0.25,69.35,0.26,26.0,0.01,0.01,2347.68475,1776345998000
1776346000.214,100.214,0.75,11.67,0.74,11.0,0.76,65.0,0.77,145.36,0.24,6.84,0.23,118.0,0.25,64.35,0.26,26.0,0.01,0.01,2347.68475,1776345998000
1776346000.526,100.526,0.75,6.67,0.74,11.0,0.76,75.36,0.77,146.35,0.24,65.0,0.23,145.36,0.25,11.67,0.26,11.0,0.01,0.01,2347.6577,1776345999000
1776346001.093,101.093,0.75,6.67,0.74,11.0,0.76,85.36,0.77,146.35,0.24,75.36,0.23,146.35,0.25,6.67,0.26,11.0,0.01,0.01,2347.6577,1776345999000
1776346001.866,101.866,0.71,14.0,0.7,10.0,0.76,222.36,0.77,165.71,0.24,85.36,0.23,146.35,0.25,6.67,0.26,11.0,0.05,0.01,2347.6577,1776346000000
1776346002.274,102.274,0.71,2.72,0.7,35.5,0.72,52.5,0.73,241.99,0.28,47.5,0.27,103.36,0.29,7.72,0.3,25.0,0.01,0.01,2347.6577,1776346000000
1776346006.217,106.217,0.7,75.0,0.69,122.67,0.71,75.5,0.72,85.5,0.28,52.5,0.27,241.99,0.29,2.72,0.3,35.5,0.01,0.01,2347.480633,1776346004000
1776346007.459,107.459,0.7,77.16,0.69,122.67,0.71,143.5,0.72,24.5,0.29,75.5,0.28,85.5,0.3,75.0,0.31,122.67,0.01,0.01,2347.371697,1776346006000
1776346007.805,107.805,0.7,12.0,0.69,102.17,0.71,152.5,0.72,34.5,0.29,143.5,0.28,24.5,0.3,77.16,0.31,122.67,0.01,0.01,2347.371697,1776346006000
1776346008.148,108.148,0.69,77.17,0.68,25.5,0.7,34.5,0.71,142.5,0.29,157.5,0.28,34.5,0.31,97.17,0.32,25.5,0.01,0.02,2347.371697,1776346006000
1776346008.749,108.749,0.69,78.94,0.68,25.5,0.7,34.5,0.71,92.5,0.3,34.5,0.29,142.5,0.31,77.17,0.32,25.5,0.01,0.01,2347.491218,1776346007000
1776346010.473,110.473,0.73,207.06,0.72,57.5,0.76,15.0,0.77,125.5,0.3,34.5,0.29,92.5,0.31,78.94,0.32,25.5,0.03,0.01,2347.438017,1776346008000
1776346012.345,112.345,0.75,84.5,0.74,88.5,0.76,25.0,0.77,130.0,0.24,15.0,0.23,125.5,0.27,207.06,0.28,57.5,0.01,0.03,2347.458881,1776346010000
1776346014.245,114.245,0.75,79.5,0.74,98.5,0.76,20.0,0.77,140.5,0.24,25.0,0.23,130.0,0.25,84.5,0.26,88.5,0.01,0.01,2347.633245,1776346012000
1776346018.826,118.826,0.75,10.0,0.74,20.0,0.77,99.5,0.78,204.5,0.24,20.0,0.23,140.5,0.25,79.5,0.26,98.5,0.02,0.01,2347.68941,1776346017000
1776346019.19,119.19,0.71,10.0,0.7,15.0,0.74,10.0,0.75,97.5,0.23,99.5,0.22,204.5,0.25,4.0,0.26,20.0,0.03,0.02,2347.68941,1776346017000
1776346019.497,119.497,0.7,25.5,0.69,50.5,0.72,15.61,0.73,109.73,0.27,80.0,0.26,103.5,0.3,15.0,0.31,40.5,0.02,0.03,2347.687565,1776346018000
1776346020.55,120.55,0.75,193.5,0.74,40.5,0.76,64.68,0.77,79.0,0.28,15.61,0.27,109.73,0.3,25.5,0.31,50.5,0.01,0.02,2347.694658,1776346019000
1776346021.717,121.717,0.76,139.5,0.75,46.06,0.77,1.0,0.78,20.0,0.24,64.68,0.23,79.0,0.25,193.5,0.26,40.5,0.01,0.01,2347.631355,1776346020000
1776346022.017,122.017,0.76,134.5,0.75,53.25,0.78,20.0,0.79,210.0,0.23,1.0,0.22,20.0,0.24,139.5,0.25,46.06,0.02,0.01,2347.631355,1776346020000
1776346022.842,122.842,0.78,165.6,0.77,180.5,0.79,70.0,0.8,50.0,0.22,20.0,0.21,210.0,0.24,134.5,0.25,53.25,0.01,0.02,2347.631355,1776346020000
1776346023.151,123.151,0.78,211.6,0.77,142.5,0.79,44.75,0.8,50.0,0.21,63.75,0.2,50.0,0.22,170.6,0.23,180.5,0.01,0.01,2347.674522,1776346021000
1776346023.74,123.74,0.78,39.0,0.77,64.0,0.79,134.09,0.8,75.5,0.21,38.42,0.2,50.0,0.22,211.6,0.23,142.5,0.01,0.01,2347.674522,1776346021000
1776346024.228,124.228,0.77,57.0,0.76,25.5,0.78,75.5,0.79,114.45,0.21,134.09,0.2,75.5,0.23,64.0,0.24,10.0,0.01,0.02,2347.826994,1776346022000
1776346024.538,124.538,0.76,25.5,0.75,35.5,0.78,123.96,0.79,114.45,0.22,60.96,0.21,114.45,0.23,57.0,0.24,25.5,0.02,0.01,2347.826994,1776346022000
1776346024.938,124.938,0.77,9.92,0.76,77.86,0.78,98.5,0.79,75.09,0.22,123.96,0.21,114.45,0.24,25.5,0.25,35.5,0.01,0.02,2348.033925,1776346023000
1776346026.239,126.239,0.77,155.98,0.76,120.42,0.79,31.59,0.8,50.0,0.22,98.5,0.21,75.09,0.23,9.92,0.24,77.86,0.02,0.01,2347.983483,1776346025000
1776346027.921,127.921,0.79,20.0,0.78,45.5,0.8,73.2,0.81,245.5,0.2,50.0,0.19,155.0,0.23,155.98,0.24,120.42,0.01,0.03,2347.889781,1776346026000
1776346028.41,128.41,0.78,30.0,0.77,40.5,0.8,107.2,0.81,304.86,0.2,73.2,0.19,245.5,0.21,20.0,0.22,45.5,0.02,0.01,2347.813942,1776346027000
1776346028.83,128.83,0.78,16.73,0.77,35.5,0.79,18.0,0.8,78.2,0.21,8.0,0.2,102.2,0.22,23.0,0.23,40.5,0.01,0.01,2347.813942,1776346027000
1776346030.202,130.202,0.78,0.06,0.76,93.0,0.79,66.02,0.8,38.86,0.21,18.0,0.2,78.2,0.22,10.06,0.23,35.5,0.01,0.01,2347.858118,1776346029000
1776346030.507,130.507,0.76,25.0,0.74,143.0,0.79,114.01,0.8,120.86,0.21,66.02,0.2,38.86,0.22,0.06,0.24,93.0,0.03,0.01,2347.858118,1776346029000
1776346030.809,130.809,0.75,20.5,0.74,158.5,0.76,81.95,0.77,104.0,0.21,114.01,0.2,120.86,0.24,25.0,0.26,143.0,0.01,0.03,2347.858118,1776346029000
1776346031.014,131.014,0.75,30.5,0.74,158.5,0.76,71.7,0.77,104.0,0.24,81.95,0.23,104.0,0.25,20.5,0.26,158.5,0.01,0.01,2347.858118,1776346029000
1776346031.267,131.267,0.75,25.5,0.74,158.5,0.76,61.7,0.77,104.0,0.24,71.7,0.23,104.0,0.25,30.5,0.26,158.5,0.01,0.01,2347.858118,1776346029000
1776346031.759,131.759,0.75,16.5,0.74,158.5,0.76,66.7,0.77,114.5,0.24,61.7,0.23,104.0,0.25,25.5,0.26,158.5,0.01,0.01,2347.879772,1776346030000
1776346032.667,132.667,0.75,25.5,0.74,100.5,0.76,66.7,0.77,182.5,0.24,66.7,0.23,114.5,0.25,16.5,0.26,158.5,0.01,0.01,2347.83805,1776346031000
1776346033.278,133.278,0.75,30.5,0.74,158.5,0.76,56.7,0.77,129.5,0.24,66.7,0.23,182.5,0.25,25.5,0.26,100.5,0.01,0.01,2347.762294,1776346032000
1776346034.599,134.599,0.75,25.5,0.74,158.5,0.76,31.7,0.77,109.5,0.24,56.7,0.23,129.5,0.25,30.5,0.26,158.5,0.01,0.01,2347.671121,1776346033000
1776346037.031,137.031,0.75,187.5,0.74,138.06,0.76,0.7,0.77,20.0,0.24,31.7,0.23,109.5,0.25,25.5,0.26,158.5,0.01,0.01,2347.768423,1776346035000
1776346037.371,137.371,0.76,145.8,0.75,119.5,0.77,15.0,0.78,82.0,0.23,15.0,0.22,82.0,0.24,6.3,0.25,182.5,0.01,0.01,2347.768423,1776346035000
1776346037.858,137.858,0.76,164.8,0.75,114.5,0.77,20.0,0.78,82.0,0.23,15.0,0.22,82.0,0.24,145.8,0.25,119.5,0.01,0.01,2347.768423,1776346035000
1776346038.568,138.568,0.76,164.8,0.75,114.5,0.77,25.0,0.78,82.0,0.23,20.0,0.22,82.0,0.24,164.8,0.25,114.5,0.01,0.01,2347.685146,1776346037000
1776346039.104,139.104,0.76,195.3,0.75,114.5,0.77,20.0,0.78,82.0,0.23,25.0,0.22,82.0,0.24,164.8,0.25,114.5,0.01,0.01,2347.732761,1776346038000
1776346040.226,140.226,0.76,135.5,0.75,189.05,0.77,10.0,0.78,82.0,0.23,15.0,0.22,82.0,0.24,195.3,0.25,114.5,0.01,0.01,2347.781051,1776346039000
1776346040.636,140.636,0.76,351.5,0.75,202.05,0.81,20.0,0.82,20.0,0.23,10.0,0.22,82.0,0.24,135.5,0.25,189.05,0.05,0.01,2347.781051,1776346039000
1776346040.987,140.987,0.82,76.5,0.81,140.5,0.83,22.57,0.87,20.0,0.17,3.57,0.16,60.0,0.18,31.59,0.19,26.67,0.01,0.01,2347.781051,1776346039000
1776346041.28,141.28,0.82,121.69,0.81,102.5,0.83,30.93,0.84,10.0,0.15,8.82,0.14,10.0,0.18,125.69,0.19,90.5,0.01,0.03,2347.875193,1776346040000
1776346041.515,141.515,0.82,147.85,0.81,15.0,0.86,5.0,0.87,20.0,0.17,77.72,0.14,5.0,0.18,94.19,0.19,15.0,0.04,0.01,2347.875193,1776346040000
1776346041.863,141.863,0.84,16.0,0.83,10.0,0.87,50.0,0.88,35.0,0.16,3.7,0.14,10.0,0.18,178.85,0.19,20.0,0.03,0.02,2347.875193,1776346040000
1776346043.231,143.231,0.84,30.0,0.83,21.0,0.85,19.12,0.86,78.5,0.13,50.0,0.12,35.0,0.16,16.0,0.17,10.0,0.01,0.03,2348.418339,1776346042000
1776346044.07,144.07,0.84,46.0,0.83,25.5,0.86,76.62,0.87,20.0,0.15,14.12,0.14,78.5,0.16,30.0,0.17,21.0,0.02,0.01,2348.418339,1776346042000
1776346045.352,145.352,0.84,46.0,0.83,30.5,0.86,76.62,0.87,20.0,0.14,76.62,0.13,20.0,0.16,46.0,0.17,25.5,0.02,0.02,2348.382276,1776346044000
1776346046.524,146.524,0.86,174.5,0.85,82.49,0.88,21.41,0.89,95.0,0.14,76.62,0.13,20.0,0.16,46.0,0.17,30.5,0.02,0.02,2348.31047,1776346045000
1776346046.941,146.941,0.87,178.5,0.86,106.5,0.88,16.38,0.89,95.0,0.12,21.41,0.11,95.0,0.14,174.5,0.15,82.49,0.01,0.02,2348.31047,1776346045000
1776346047.364,147.364,0.87,154.5,0.86,68.5,0.88,111.32,0.89,95.0,0.12,16.38,0.11,95.0,0.13,178.5,0.14,106.5,0.01,0.01,2348.378469,1776346046000
1776346048.554,148.554,0.87,252.06,0.86,91.5,0.88,9.32,0.89,95.0,0.12,111.32,0.11,95.0,0.13,154.5,0.14,68.5,0.01,0.01,2348.43371,1776346047000
1776346049.252,149.252,0.87,148.06,0.86,161.4,0.88,3.32,0.89,95.0,0.12,9.32,0.11,95.0,0.13,252.06,0.14,91.5,0.01,0.01,2348.661513,1776346048000
1776346049.472,149.472,0.87,148.06,0.86,161.4,0.89,95.0,0.9,328.5,0.12,3.32,0.11,95.0,0.13,148.06,0.14,161.4,0.02,0.01,2348.661513,1776346048000
1776346049.925,149.925,0.88,135.82,0.87,161.5,0.89,95.0,0.9,318.0,0.11,95.0,0.1,328.5,0.13,148.06,0.14,161.4,0.01,0.02,2348.661513,1776346048000
1776346050.816,150.816,0.88,140.48,0.87,156.5,0.89,95.0,0.9,248.0,0.11,95.0,0.1,318.0,0.12,135.82,0.13,161.5,0.01,0.01,2348.635795,1776346049000
1776346051.384,151.384,0.88,161.14,0.87,156.5,0.89,36.63,0.9,248.0,0.11,91.63,0.1,248.0,0.12,145.48,0.13,156.5,0.01,0.01,2348.680009,1776346050000
1776346053.63,153.63,0.89,169.08,0.88,142.68,0.9,90.0,0.91,121.0,0.11,36.63,0.1,248.0,0.12,161.14,0.13,156.5,0.01,0.01,2348.686225,1776346052000
1776346053.907,153.907,0.89,123.58,0.88,134.6,0.9,156.04,0.91,121.0,0.1,142.77,0.09,121.0,0.11,123.58,0.12,134.6,0.01,0.01,2348.686225,1776346052000
1776346054.362,154.362,0.89,164.08,0.88,134.6,0.9,135.54,0.91,21.0,0.1,156.04,0.09,121.0,0.11,123.58,0.12,134.6,0.01,0.01,2348.816757,1776346053000
1776346054.663,154.663,0.89,184.08,0.88,154.6,0.9,73.62,0.91,79.0,0.1,135.54,0.09,21.0,0.11,164.08,0.12,134.6,0.01,0.01,2348.816757,1776346053000
1776346055.225,155.225,0.89,220.87,0.88,154.6,0.9,66.62,0.91,79.0,0.1,73.62,0.09,79.0,0.11,184.08,0.12,154.6,0.01,0.01,2348.816757,1776346053000
1776346055.623,155.623,0.89,215.87,0.88,154.6,0.9,71.06,0.91,79.0,0.1,66.62,0.09,79.0,0.11,220.87,0.12,154.6,0.01,0.01,2348.800298,1776346054000
1776346057.525,157.525,0.89,329.87,0.88,284.6,0.9,70.06,0.91,79.0,0.1,71.06,0.09,79.0,0.11,215.87,0.12,154.6,0.01,0.01,2348.78118,1776346056000
1776346059.374,159.374,0.88,6.0,0.87,68.56,0.89,125.5,0.9,282.56,0.1,70.06,0.09,79.0,0.11,329.87,0.12,284.6,0.01,0.01,2348.874589,1776346058000
1776346059.898,159.898,0.87,339.85,0.86,247.4,0.88,3.6,0.89,13.0,0.12,6.0,0.11,143.5,0.13,68.56,0.14,236.4,0.01,0.01,2348.874589,1776346058000
1776346060.944,160.944,0.9,295.0,0.89,120.5,0.92,113.77,0.93,24.0,0.12,3.6,0.11,13.0,0.13,339.85,0.14,247.4,0.02,0.01,2348.808662,1776346059000
1776346061.423,161.423,0.91,230.0,0.9,291.5,0.92,55.69,0.93,24.0,0.08,66.51,0.07,24.0,0.09,10.0,0.1,358.0,0.01,0.01,2348.63806,1776346060000
1776346061.743,161.743,0.91,240.0,0.9,412.16,0.92,52.55,0.93,24.0,0.08,55.69,0.07,24.0,0.09,230.0,0.1,291.5,0.01,0.01,2348.63806,1776346060000
1776346062.05,162.05,0.91,223.89,0.9,402.16,0.92,52.55,0.93,24.0,0.08,52.55,0.07,24.0,0.09,240.0,0.1,412.16,0.01,0.01,2348.63806,1776346060000
1776346062.757,162.757,0.91,287.89,0.9,435.16,0.92,147.55,0.93,24.0,0.08,52.55,0.07,24.0,0.09,223.89,0.1,402.16,0.01,0.01,2348.617172,1776346061000
1776346063.603,163.603,0.91,199.89,0.9,470.16,0.92,137.55,0.93,182.0,0.08,147.55,0.07,24.0,0.09,287.89,0.1,435.16,0.01,0.01,2349.360153,1776346062000
1776346065.099,165.099,0.91,315.16,0.9,401.16,0.92,37.55,0.93,124.0,0.08,137.55,0.07,182.0,0.09,199.89,0.1,470.16,0.01,0.01,2349.421871,1776346063000
1776346065.408,165.408,0.91,200.89,0.9,308.16,0.92,37.55,0.93,24.0,0.08,37.55,0.07,124.0,0.09,315.16,0.1,401.16,0.01,0.01,2349.421643,1776346064000
1776346065.675,165.675,0.91,225.89,0.9,247.16,0.92,35.91,0.93,24.0,0.08,37.55,0.07,24.0,0.09,200.89,0.1,308.16,0.01,0.01,2349.421643,1776346064000
1776346067.555,167.555,0.91,447.39,0.9,247.16,0.92,27.72,0.93,24.0,0.08,29.36,0.07,24.0,0.09,225.89,0.1,247.16,0.01,0.01,2349.400745,1776346066000
1776346067.924,167.924,0.91,457.39,0.9,247.16,0.92,13.03,0.93,24.0,0.08,19.53,0.07,24.0,0.09,447.39,0.1,247.16,0.01,0.01,2349.400745,1776346066000
1776346068.791,168.791,0.91,603.39,0.9,286.5,0.92,2.93,0.93,24.0,0.08,13.03,0.07,24.0,0.09,457.39,0.1,247.16,0.01,0.01,2349.570587,1776346067000
1776346069.691,169.691,0.91,519.39,0.9,427.29,0.93,24.0,0.94,76.0,0.08,0.88,0.07,24.0,0.09,603.39,0.1,256.5,0.02,0.01,2349.5218,1776346068000
1776346070.013,170.013,0.92,5.43,0.91,498.9,0.93,16.31,0.94,76.0,0.07,21.31,0.06,76.0,0.09,514.39,0.1,427.29,0.01,0.02,2349.5218,1776346068000
1776346070.443,170.443,0.93,283.69,0.92,76.41,0.94,76.0,0.95,51.0,0.07,16.31,0.06,76.0,0.08,5.43,0.09,498.9,0.01,0.01,2349.643167,1776346069000
1776346071.318,171.318,0.92,228.56,0.91,435.5,0.93,11.63,0.94,86.0,0.06,76.0,0.05,51.0,0.07,283.69,0.08,76.41,0.01,0.01,2349.914611,1776346070000
1776346071.779,171.779,0.92,179.38,0.91,320.5,0.93,28.62,0.94,79.93,0.06,79.93,0.05,51.0,0.07,13.75,0.08,160.38,0.01,0.01,2349.914611,1776346070000
1776346072.214,172.214,0.92,151.38,0.91,164.5,0.93,30.0,0.94,132.93,0.07,27.54,0.06,74.93,0.08,193.38,0.09,320.5,0.01,0.01,2349.914611,1776346070000
1776346072.699,172.699,0.92,163.38,0.91,219.5,0.94,74.23,0.95,51.0,0.07,30.0,0.06,132.93,0.08,151.38,0.09,164.5,0.02,0.01,2350.292838,1776346071000
1776346074.252,174.252,0.93,262.96,0.92,187.53,0.94,36.21,0.95,51.0,0.06,68.21,0.05,51.0,0.07,19.0,0.08,226.58,0.01,0.01,2349.870549,1776346073000
1776346075.011,175.011,0.93,195.96,0.92,187.53,0.94,0.99,0.95,51.0,0.06,25.99,0.05,51.0,0.07,262.96,0.08,187.53,0.01,0.01,2349.870549,1776346073000
1776346076.732,176.732,0.93,134.96,0.92,506.3,0.95,29.75,0.96,133.0,0.06,0.99,0.05,51.0,0.07,195.96,0.08,187.53,0.02,0.01,2350.08987,1776346075000
1776346077.037,177.037,0.94,16.81,0.93,117.85,0.95,29.75,0.96,133.0,0.05,29.75,0.04,133.0,0.07,134.96,0.08,506.3,0.01,0.02,2350.08987,1776346075000
1776346077.799,177.799,0.94,109.11,0.93,112.85,0.95,29.75,0.96,133.0,0.05,29.75,0.04,133.0,0.06,16.81,0.07,117.85,0.01,0.01,2350.251841,1776346076000
1776346079.081,179.081,0.94,211.05,0.93,54.85,0.95,29.75,0.96,100.0,0.05,29.75,0.04,133.0,0.06,109.11,0.07,112.85,0.01,0.01,2350.201256,1776346077000
1776346079.814,179.814,0.94,83.05,0.93,54.85,0.95,29.75,0.96,75.0,0.05,29.75,0.04,100.0,0.06,211.05,0.07,54.85,0.01,0.01,2350.068928,1776346078000
1776346080.356,180.356,0.94,179.05,0.93,54.85,0.95,24.75,0.96,75.0,0.05,29.75,0.04,75.0,0.06,83.05,0.07,54.85,0.01,0.01,2350.068928,1776346078000
1776346080.557,180.557,0.94,127.36,0.93,54.85,0.96,75.0,0.97,587.89,0.05,19.48,0.04,75.0,0.06,174.05,0.07,54.85,0.02,0.01,2350.068928,1776346078000
1776346081.136,181.136,0.95,11.0,0.94,94.67,0.96,63.74,0.97,587.89,0.04,65.81,0.03,587.89,0.06,127.36,0.07,54.85,0.01,0.02,2349.972297,1776346079000
1776346081.851,181.851,0.95,89.35,0.94,92.87,0.96,27.57,0.97,587.89,0.04,32.78,0.03,587.89,0.05,73.0,0.06,167.67,0.01,0.01,2349.963497,1776346080000
1776346082.103,182.103,0.95,237.15,0.94,87.87,0.96,22.15,0.97,587.89,0.04,27.57,0.03,587.89,0.05,89.35,0.06,92.87,0.01,0.01,2350.098647,1776346081000
1776346082.373,182.373,0.95,228.15,0.94,87.87,0.97,587.89,0.98,503.96,0.04,17.15,0.03,587.89,0.05,237.15,0.06,87.87,0.02,0.01,2350.098647,1776346081000
1776346082.646,182.646,0.96,283.0,0.95,200.15,0.97,556.25,0.98,498.0,0.03,587.89,0.02,503.96,0.05,228.15,0.06,87.87,0.01,0.02,2350.098647,1776346081000
1776346082.959,182.959,0.96,295.0,0.95,200.15,0.97,525.83,0.98,498.0,0.03,541.25,0.02,498.0,0.04,283.0,0.05,200.15,0.01,0.01,2350.098647,1776346081000
1776346083.497,183.497,0.96,386.35,0.95,168.8,0.97,390.13,0.98,498.0,0.03,525.83,0.02,498.0,0.04,295.0,0.05,200.15,0.01,0.01,2350.491181,1776346082000
1776346083.9,183.9,0.96,345.35,0.95,168.8,0.97,384.13,0.98,498.0,0.03,384.13,0.02,498.0,0.04,386.35,0.05,168.8,0.01,0.01,2350.491181,1776346082000
1776346084.468,184.468,0.96,355.35,0.95,213.01,0.97,382.06,0.98,498.0,0.03,384.13,0.02,498.0,0.04,345.35,0.05,168.8,0.01,0.01,2350.378664,1776346083000
1776346084.749,184.749,0.96,355.35,0.95,213.01,0.97,375.06,0.98,498.0,0.03,381.06,0.02,498.0,0.04,355.35,0.05,213.01,0.01,0.01,2350.378664,1776346083000
1776346085.119,185.119,0.96,355.35,0.95,213.01,0.97,353.02,0.98,498.0,0.03,352.06,0.02,498.0,0.04,355.35,0.05,213.01,0.01,0.01,2350.378664,1776346083000
1776346085.504,185.504,0.96,355.35,0.95,213.01,0.97,359.17,0.98,498.0,0.03,355.95,0.02,498.0,0.04,355.35,0.05,213.01,0.01,0.01,2350.2643,1776346084000
1776346085.704,185.704,0.96,355.35,0.95,213.01,0.97,232.33,0.98,498.0,0.03,232.33,0.02,498.0,0.04,355.35,0.05,213.01,0.01,0.01,2350.2643,1776346084000
1776346086.494,186.494,0.96,274.35,0.95,213.01,0.97,188.19,0.98,498.0,0.03,190.26,0.02,498.0,0.04,355.35,0.05,225.01,0.01,0.01,2350.328946,1776346085000
1776346086.781,186.781,0.96,432.35,0.95,155.01,0.97,66.19,0.98,340.0,0.03,172.19,0.02,498.0,0.04,274.35,0.05,213.01,0.01,0.01,2350.328946,1776346085000
1776346087.068,187.068,0.96,432.35,0.95,155.01,0.97,46.19,0.98,340.0,0.03,51.19,0.02,340.0,0.04,432.35,0.05,155.01,0.01,0.01,2350.328946,1776346085000
1776346087.278,187.278,0.97,95.0,0.96,465.35,0.98,329.0,0.99,2503.75,0.02,340.0,0.01,3128.75,0.04,432.35,0.05,155.01,0.01,0.02,2350.265329,1776346086000
1776346088.199,188.199,0.97,316.45,0.96,320.8,0.98,7.95,0.99,2503.75,0.02,20.85,0.01,2503.75,0.03,286.0,0.04,367.8,0.01,0.01,2350.265329,1776346086000
1776346088.562,188.562,0.98,162.2,0.97,344.95,0.99,2440.85,,,0.01,2469.14,,,0.03,306.15,0.04,320.8,0.01,0.02,2350.33946,1776346087000
1776346088.797,188.797,0.98,162.2,0.97,549.95,0.99,2438.82,,,0.01,2440.85,,,0.02,162.2,0.03,344.95,0.01,0.01,2350.33946,1776346087000
1776346089.023,189.023,0.98,364.17,0.97,449.95,0.99,2443.82,,,0.01,2438.82,,,0.02,162.2,0.03,549.95,0.01,0.01,2350.33946,1776346087000
1776346089.28,189.28,0.98,346.17,0.97,449.95,0.99,2383.82,,,0.01,2443.82,,,0.02,351.17,0.03,449.95,0.01,0.01,2350.33946,1776346087000
1776346089.632,189.632,0.98,312.77,0.97,804.25,0.99,2006.46,,,0.01,2381.79,,,0.02,335.97,0.03,573.65,0.01,0.01,2351.595245,1776346088000
1776346089.857,189.857,0.98,311.77,0.97,804.25,0.99,2011.46,,,0.01,2006.46,,,0.02,312.77,0.03,804.25,0.01,0.01,2351.595245,1776346088000
1776346090.064,190.064,0.98,311.77,0.97,804.25,0.99,1961.87,,,0.01,1990.15,,,0.02,311.77,0.03,804.25,0.01,0.01,2351.5654,1776346089000
1776346090.5,190.5,0.98,309.0,0.97,804.25,0.99,1841.75,,,0.01,1946.75,,,0.02,309.0,0.03,804.25,0.01,0.01,2351.5654,1776346089000
1776346090.742,190.742,0.98,309.0,0.97,804.25,0.99,1876.53,,,0.01,1906.53,,,0.02,309.0,0.03,804.25,0.01,0.01,2351.5654,1776346089000
1776346090.956,190.956,0.98,309.0,0.97,804.25,0.99,1818.5,,,0.01,1874.5,,,0.02,309.0,0.03,804.25,0.01,0.01,2351.5654,1776346089000
1776346091.167,191.167,0.98,309.0,0.97,804.25,0.99,1760.26,,,0.01,1762.26,,,0.02,309.0,0.03,804.25,0.01,0.01,2351.41347,1776346090000
1776346091.602,191.602,0.98,298.8,0.97,577.55,0.99,1679.05,,,0.01,1690.26,,,0.02,298.8,0.03,701.25,0.01,0.01,2351.41347,1776346090000
1776346091.959,191.959,0.98,298.8,0.97,577.55,0.99,1513.94,,,0.01,1679.05,,,0.02,298.8,0.03,577.55,0.01,0.01,2351.41347,1776346090000
1776346092.823,192.823,0.98,196.8,0.97,485.55,0.99,1506.87,,,0.01,1513.94,,,0.02,298.8,0.03,577.55,0.01,0.01,2351.759635,1776346091000
1776346093.333,193.333,0.98,196.8,0.97,609.25,0.99,1826.01,,,0.01,1464.44,,,0.02,196.8,0.03,485.55,0.01,0.01,2351.59804,1776346092000
1776346093.979,193.979,0.98,209.99,0.97,609.25,0.99,1823.98,,,0.01,1826.01,,,0.02,166.8,0.03,609.25,0.01,0.01,2351.59804,1776346092000
1776346094.557,194.557,0.98,204.99,0.97,609.25,0.99,1974.3,,,0.01,1823.98,,,0.02,209.99,0.03,609.25,0.01,0.01,2351.462224,1776346093000
1776346095.191,195.191,0.98,105.99,0.97,585.55,0.99,1998.28,,,0.01,2000.31,,,0.02,165.99,0.03,485.55,0.01,0.01,2351.462224,1776346093000
1776346095.718,195.718,0.98,47.99,0.97,567.55,0.99,1799.89,,,0.01,1998.28,,,0.02,105.99,0.03,585.55,0.01,0.01,2351.39657,1776346094000
1776346096.012,196.012,0.98,37.99,0.97,581.55,0.99,1779.25,,,0.01,1779.25,,,0.02,47.99,0.03,567.55,0.01,0.01,2351.39657,1776346094000
1776346096.253,196.253,0.98,37.99,0.97,639.55,0.99,1895.29,,,0.01,1779.25,,,0.02,37.99,0.03,581.55,0.01,0.01,2351.39657,1776346094000
1776346096.541,196.541,0.98,32.99,0.97,625.55,0.99,1762.86,,,0.01,2888.15,,,0.02,32.99,0.03,539.55,0.01,0.01,2351.344439,1776346095000
1776346096.841,196.841,0.98,37.99,0.97,630.55,0.99,1767.83,,,0.01,1762.86,,,0.02,32.99,0.03,625.55,0.01,0.01,2351.344439,1776346095000
1776346097.157,197.157,0.98,52.99,0.97,630.55,0.99,2086.19,,,0.01,1767.83,,,0.02,37.99,0.03,630.55,0.01,0.01,2351.223976,1776346096000
1776346097.39,197.39,0.98,47.99,0.97,525.55,0.99,1735.8,,,0.01,2038.83,,,0.02,47.99,0.03,625.55,0.01,0.01,2351.223976,1776346096000
1776346097.984,197.984,0.98,47.99,0.97,686.71,0.99,1723.77,,,0.01,1725.8,,,0.02,147.99,0.03,530.55,0.01,0.01,2351.223976,1776346096000
1776346098.34,198.34,0.98,47.99,0.97,625.55,0.99,1778.73,,,0.01,1723.77,,,0.02,47.99,0.03,686.71,0.01,0.01,2351.05817,1776346097000
1776346098.559,198.559,0.98,47.99,0.97,625.55,0.99,1746.7,,,0.01,1748.73,,,0.02,47.99,0.03,625.55,0.01,0.01,2351.05817,1776346097000
1776346099.299,199.299,0.98,42.99,0.97,625.55,0.99,1737.67,,,0.01,1746.7,,,0.02,47.99,0.03,625.55,0.01,0.01,2351.05817,1776346097000
1776346099.855,199.855,0.98,118.74,0.97,625.55,0.99,1732.6,,,0.01,1734.63,,,0.02,42.99,0.03,625.55,0.01,0.01,2351.006946,1776346098000
1776346100.23,200.23,0.98,108.74,0.97,530.55,0.99,1732.6,,,0.01,1732.6,,,0.02,118.74,0.03,625.55,0.01,0.01,2351.006946,1776346098000
1776346100.98,200.98,0.98,108.74,0.97,525.55,0.99,1666.57,,,0.01,1705.57,,,0.02,108.74,0.03,525.55,0.01,0.01,2350.948773,1776346100000
1776346101.199,201.199,0.98,98.74,0.97,525.55,0.99,1659.54,,,0.01,1659.54,,,0.02,108.74,0.03,525.55,0.01,0.01,2350.948773,1776346100000
1776346101.591,201.591,0.98,88.74,0.97,525.55,0.99,1657.51,,,0.01,1659.54,,,0.02,88.74,0.03,525.55,0.01,0.01,2350.948773,1776346100000
1776346104.43,204.43,0.98,93.74,0.97,401.85,0.99,1443.51,,,0.01,1657.51,,,0.02,88.74,0.03,525.55,0.01,0.01,2350.23843,1776346103000
1776346105.902,205.902,0.97,219.68,0.96,176.0,0.99,1438.51,,,0.01,1443.51,,,0.02,83.74,0.03,401.85,0.02,0.01,2350.174507,1776346104000
1776346107.098,207.098,0.97,229.68,0.96,176.0,0.99,1948.05,,,0.01,1368.51,,,0.03,219.68,0.04,176.0,0.02,0.02,2350.064929,1776346105000
1776346109.197,209.197,0.97,156.68,0.96,176.0,0.98,300.63,0.99,1995.05,0.02,6.93,0.01,1548.05,0.03,229.68,0.04,176.0,0.01,0.01,2349.763653,1776346107000
1776346109.945,209.945,0.97,156.68,0.96,176.0,0.98,270.01,0.99,1625.05,0.02,300.63,0.01,1995.05,0.03,156.68,0.04,176.0,0.01,0.01,2349.729116,1776346108000
1776346110.594,210.594,0.97,32.98,0.96,176.0,0.98,289.95,0.99,1449.05,0.02,270.01,0.01,1625.05,0.03,156.68,0.04,176.0,0.01,0.01,2349.734337,1776346109000
1776346110.92,210.92,0.96,90.73,0.95,100.8,0.97,163.0,0.98,279.95,0.03,110.0,0.02,284.95,0.04,140.73,0.05,100.8,0.01,0.01,2349.734337,1776346109000
1776346111.723,211.723,0.96,44.64,0.95,100.8,0.97,312.57,0.98,785.95,0.03,306.7,0.02,279.95,0.04,39.64,0.05,100.8,0.01,0.01,2349.565085,1776346110000
1776346112.194,212.194,0.95,7.2,0.94,75.62,0.96,203.0,0.97,312.57,0.03,312.57,0.02,785.95,0.05,76.51,0.06,75.62,0.01,0.02,2349.565085,1776346110000
1776346112.907,212.907,0.95,5.76,0.94,60.62,0.96,316.8,0.97,307.57,0.04,203.0,0.03,312.57,0.05,7.2,0.06,75.62,0.01,0.01,2349.402812,1776346111000
1776346113.806,213.806,0.95,106.75,0.94,60.62,0.96,88.94,0.97,302.57,0.04,316.8,0.03,307.57,0.05,5.76,0.06,60.62,0.01,0.01,2349.229345,1776346112000
1776346114.942,214.942,0.94,31.38,0.93,67.0,0.96,156.8,0.97,234.57,0.04,88.94,0.03,302.57,0.05,106.75,0.06,60.62,0.02,0.01,2349.198703,1776346113000
1776346115.934,215.934,0.94,28.94,0.93,72.0,0.95,51.84,0.96,138.8,0.04,156.8,0.03,234.57,0.06,31.38,0.07,67.0,0.01,0.02,2349.115186,1776346115000
1776346116.481,216.481,0.93,67.94,0.92,107.5,0.95,70.84,0.96,133.8,0.05,51.84,0.04,138.8,0.06,28.94,0.07,72.0,0.02,0.01,2349.115186,1776346115000
1776346117.714,217.714,0.93,70.52,0.92,162.5,0.94,40.0,0.95,46.84,0.05,75.84,0.04,133.8,0.06,0.56,0.07,67.94,0.01,0.01,2349.188296,1776346116000
1776346119.053,219.053,0.93,7.07,0.92,162.5,0.94,40.0,0.95,46.84,0.06,40.0,0.05,46.84,0.07,70.52,0.08,162.5,0.01,0.01,2349.011134,1776346117000
1776346119.8,219.8,0.93,23.62,0.92,162.5,0.94,37.0,0.95,46.84,0.06,40.0,0.05,46.84,0.07,7.07,0.08,162.5,0.01,0.01,2348.959151,1776346118000
1776346120.419,220.419,0.93,28.76,0.92,162.5,0.94,37.0,0.95,46.84,0.06,37.0,0.05,46.84,0.07,23.62,0.08,162.5,0.01,0.01,2348.941911,1776346119000
1776346122.488,222.488,0.94,226.0,0.93,30.5,0.95,5.77,0.97,10.0,0.06,26.32,0.05,46.84,0.07,38.76,0.08,162.5,0.01,0.01,2348.97099,1776346121000
1776346122.808,222.808,0.96,50.56,0.95,164.31,0.97,31.9,0.98,159.95,0.03,9.9,0.02,154.95,0.05,97.31,0.06,302.06,0.01,0.02,2348.97099,1776346121000
1776346125.262,225.262,0.95,107.31,0.94,235.3,0.97,33.42,0.98,179.95,0.03,31.9,0.02,159.95,0.04,50.56,0.05,164.31,0.02,0.01,2349.31149,1776346124000
1776346126.225,226.225,0.95,165.31,0.94,249.8,0.97,45.34,0.98,316.7,0.03,33.42,0.02,179.95,0.05,107.31,0.06,235.3,0.02,0.02,2349.285513,1776346125000
1776346126.777,226.777,0.96,10.0,0.95,68.0,0.97,30.18,0.98,247.19,0.03,45.34,0.02,316.7,0.05,165.31,0.06,249.8,0.01,0.02,2349.285513,1776346125000
1776346127.094,227.094,0.94,80.0,0.93,68.0,0.95,1.92,0.96,78.0,0.03,30.18,0.02,247.19,0.04,10.0,0.05,68.0,0.01,0.01,2349.19863,1776346126000
1776346127.799,227.799,0.94,97.0,0.93,33.55,0.96,43.0,0.97,153.7,0.05,32.92,0.04,78.0,0.06,38.0,0.07,46.0,0.02,0.01,2349.19863,1776346126000
1776346129.693,229.693,0.95,5.0,0.94,90.0,0.96,49.87,0.97,221.7,0.04,43.0,0.03,153.7,0.06,97.0,0.07,33.55,0.01,0.02,2349.076433,1776346128000
1776346130.662,230.662,0.94,20.68,0.93,10.0,0.95,20.0,0.96,225.62,0.04,131.82,0.03,163.7,0.06,10.0,0.07,122.55,0.01,0.02,2348.997256,1776346129000
1776346131.084,231.084,0.94,3.68,0.93,68.0,0.95,5.0,0.96,224.8,0.05,20.0,0.04,224.8,0.06,10.68,0.07,68.0,0.01,0.01,2348.997256,1776346129000
1776346136.836,236.836,0.95,21.0,0.94,96.68,0.96,110.0,0.97,63.0,0.05,5.0,0.04,224.8,0.06,3.68,0.07,68.0,0.01,0.01,2348.776644,1776346135000
1776346137.145,237.145,0.94,141.31,0.93,99.35,0.96,95.0,0.97,63.0,0.04,95.0,0.03,63.0,0.05,21.0,0.06,96.68,0.02,0.01,2348.776644,1776346135000
1776346140.909,240.909,0.93,10.0,0.92,199.0,0.94,45.81,0.95,71.0,0.04,84.63,0.03,73.0,0.05,10.0,0.06,157.3,0.01,0.01,2348.824079,1776346140000
1776346141.194,241.194,0.93,15.0,0.92,199.0,0.94,10.81,0.95,61.0,0.06,50.81,0.05,71.0,0.08,199.0,0.09,250.0,0.01,0.02,2348.824079,1776346140000
1776346141.426,241.426,0.93,15.0,0.92,199.0,0.95,31.81,0.96,349.62,0.06,10.81,0.05,61.0,0.07,15.0,0.08,199.0,0.02,0.01,2348.824079,1776346140000
1776346142.344,242.344,0.93,10.0,0.92,199.0,0.95,10.51,0.96,322.62,0.05,31.81,0.04,349.62,0.07,15.0,0.08,199.0,0.02,0.02,2348.780806,1776346141000
1776346142.95,242.95,0.94,10.0,0.93,36.0,0.95,25.0,0.96,380.58,0.04,307.23,0.03,283.69,0.07,10.0,0.08,199.0,0.01,0.03,2348.72006,1776346142000
1776346143.544,243.544,0.92,60.0,0.91,250.0,0.93,88.0,0.94,62.0,0.05,25.0,0.04,380.58,0.06,10.0,0.07,36.0,0.01,0.01,2348.72006,1776346142000
1776346144.224,244.224,0.92,28.5,0.91,308.0,0.93,57.38,0.94,120.8,0.07,59.0,0.06,57.0,0.08,33.5,0.09,250.0,0.01,0.01,2348.579919,1776346143000
1776346144.432,244.432,0.92,6.5,0.91,308.0,0.93,53.37,0.94,308.34,0.07,58.21,0.06,308.34,0.08,11.5,0.09,308.0,0.01,0.01,2348.579919,1776346143000
1776346144.679,244.679,0.92,6.5,0.91,308.0,0.93,84.67,0.94,183.8,0.07,53.37,0.06,308.34,0.08,6.5,0.09,308.0,0.01,0.01,2348.579919,1776346143000
1776346145.296,245.296,0.91,165.0,0.9,150.0,0.92,247.55,0.93,88.16,0.08,120.4,0.07,181.16,0.09,255.0,0.1,181.0,0.01,0.01,2348.398288,1776346144000
1776346145.687,245.687,0.91,113.0,0.9,140.0,0.92,366.0,0.93,88.16,0.08,247.55,0.07,88.16,0.09,165.0,0.1,150.0,0.01,0.01,2348.398288,1776346144000
1776346146.018,246.018,0.9,140.0,0.89,120.0,0.92,506.04,0.93,88.16,0.08,366.0,0.07,88.16,0.09,113.0,0.1,140.0,0.02,0.01,2348.241414,1776346145000
1776346146.663,246.663,0.9,123.0,0.89,125.0,0.91,116.94,0.92,277.54,0.08,506.04,0.07,88.16,0.1,140.0,0.11,120.0,0.01,0.02,2348.241414,1776346145000
1776346147.021,247.021,0.91,20.0,0.9,179.0,0.92,47.7,0.93,46.17,0.09,105.95,0.08,277.54,0.1,123.0,0.11,125.0,0.01,0.01,2348.141058,1776346146000
1776346147.326,247.326,0.91,74.56,0.9,172.0,0.94,68.8,0.95,308.18,0.08,47.7,0.07,46.17,0.09,20.0,0.1,179.0,0.03,0.01,2348.141058,1776346146000
1776346149.119,249.119,0.94,275.0,0.93,20.0,0.95,9.74,0.96,89.24,0.06,68.8,0.05,308.18,0.09,74.56,0.1,172.0,0.01,0.03,2348.06443,1776346148000
1776346149.737,249.737,0.97,125.0,0.96,20.0,0.99,1444.95,,,0.02,179.54,0.01,1502.95,0.05,89.0,0.06,220.0,0.02,0.03,2348.06443,1776346148000
1776346150.305,250.305,0.97,89.24,0.96,20.0,0.99,1444.95,,,0.01,1444.95,,,0.03,125.0,0.04,20.0,0.02,0.02,2348.172867,1776346149000
1776346151.422,251.422,0.98,15.0,0.97,114.24,0.99,1320.76,,,0.01,1730.79,,,0.03,99.24,0.04,20.0,0.01,0.02,2348.68666,1776346150000
1776346151.954,251.954,0.98,10.0,0.97,119.24,0.99,1315.76,,,0.01,1320.76,,,0.02,15.0,0.03,114.24,0.01,0.01,2348.68666,1776346150000
1776346152.628,252.628,0.98,15.0,0.97,146.0,0.99,1329.69,,,0.01,1310.71,,,0.02,10.0,0.03,119.24,0.01,0.01,2349.366257,1776346151000
1776346153.94,253.94,0.98,15.0,0.97,136.0,0.99,1319.58,,,0.01,1329.69,,,0.02,15.0,0.03,146.0,0.01,0.01,2349.497431,1776346152000
1776346155.115,255.115,0.98,15.0,0.97,299.26,0.99,1341.54,,,0.01,1319.58,,,0.02,15.0,0.03,136.0,0.01,0.01,2349.499649,1776346154000
1776346155.692,255.692,0.98,15.0,0.97,312.26,0.99,1340.52,,,0.01,1341.54,,,0.02,15.0,0.03,299.26,0.01,0.01,2349.499649,1776346154000
1776346156.018,256.018,0.97,133.0,0.96,158.7,0.99,1337.5,,,0.01,969.92,,,0.02,15.0,0.03,312.26,0.02,0.01,2349.499649,1776346154000
1776346156.295,256.295,0.97,103.0,0.96,211.26,0.99,1332.5,,,0.01,1337.5,,,0.03,133.0,0.04,158.7,0.02,0.02,2349.589038,1776346155000
1776346157.342,257.342,0.98,15.0,0.97,241.26,0.99,1322.5,,,0.01,1332.5,,,0.03,103.0,0.04,211.26,0.01,0.02,2349.467527,1776346156000
1776346159.508,259.508,0.98,15.0,0.97,309.26,0.99,1193.61,,,0.01,1318.82,,,0.02,15.0,0.03,255.25,0.01,0.01,2349.24666,1776346158000
1776346162.143,262.143,0.98,321.26,0.97,267.26,0.99,734.01,,,0.01,1193.61,,,0.02,15.0,0.03,309.26,0.01,0.01,2349.347366,1776346160000
1776346162.49,262.49,0.98,328.25,0.97,267.26,0.99,628.01,,,0.01,734.01,,,0.02,321.26,0.03,267.26,0.01,0.01,2349.399845,1776346161000
1776346162.694,262.694,0.99,1896.99,0.98,328.25,,,,,0.01,628.01,,,0.02,328.25,0.03,267.26,,0.01,2349.399845,1776346161000
1776346163.01,263.01,0.99,2177.94,0.98,291.25,,,,,,,,,0.01,1896.99,0.02,328.25,,,2349.399845,1776346161000
1776346163.489,263.489,0.99,2160.66,0.98,301.25,,,,,,,,,0.01,2157.39,0.02,301.25,,,2349.369098,1776346162000
1776346169.54,269.54,0.99,2268.51,0.98,289.26,,,,,,,,,0.01,2159.47,0.02,314.26,,,2349.528804,1776346168000
1776346170.217,270.217,0.99,2252.62,0.98,221.26,,,,,,,,,0.01,2268.51,0.02,289.26,,,2349.587428,1776346169000
1776346170.506,270.506,0.99,2174.48,0.98,238.26,,,,,,,,,0.01,2252.62,0.02,221.26,,,2349.587428,1776346169000
1776346182.821,282.821,0.991,400.0,0.99,3051.69,0.999,209.97,,,,,,,0.01,2174.48,0.02,238.26,0.008,,2348.734796,1776346180000
1776346183.233,283.233,0.991,400.0,0.99,3094.24,0.999,397.91,,,0.001,159.92,,,0.009,400.0,0.01,2996.69,0.008,0.008,2348.729534,1776346181000
1776346183.766,283.766,0.991,398.1,0.99,3195.25,0.999,397.91,,,0.001,397.91,,,0.009,400.0,0.01,3094.24,0.008,0.008,2348.748838,1776346182000
1776346184.137,284.137,0.991,398.1,0.99,3229.25,0.999,392.89,,,0.001,395.9,,,0.009,398.1,0.01,3195.25,0.008,0.008,2348.748838,1776346182000
1776346184.397,284.397,0.999,211.53,0.991,398.1,,,,,0.001,390.88,,,0.009,398.1,0.01,3237.25,,0.008,2348.748838,1776346182000
1776346185.876,285.876,0.999,209.03,0.991,398.1,,,,,,,,,0.001,211.53,0.009,398.1,,,2349.053604,1776346184000
1776346186.472,286.472,0.999,207.74,0.991,398.1,,,,,,,,,0.001,209.03,0.009,398.1,,,2349.079497,1776346185000
1776346191.032,291.032,0.999,4282.75,0.991,422.1,,,,,,,,,0.001,207.74,0.009,398.1,,,2349.072154,1776346190000
1776346200.323,300.323,0.999,25416.94,0.991,432.1,,,,,,,,,0.001,4282.75,0.009,422.1,,,2349.295785,1776346198000

# RESULT,winner=Up,slug=eth-updown-5m-1776345900,ticks=351
