timestamp,elapsed_sec,up_bid_p1,up_bid_s1,up_bid_p2,up_bid_s2,up_ask_p1,up_ask_s1,up_ask_p2,up_ask_s2,down_bid_p1,down_bid_s1,down_bid_p2,down_bid_s2,down_ask_p1,down_ask_s1,down_ask_p2,down_ask_s2,up_spread,down_spread,eth_price,eth_oracle_ts
1776297300.75,0.75,0.48,13.92,0.47,5.0,0.55,4.06,0.6,38.0,0.47,5.0,0.45,5.0,0.52,13.92,0.53,5.0,0.07,0.05,2360.592741,1776297299000
1776297301.08,1.08,0.48,13.92,0.47,5.0,0.55,4.06,0.6,38.0,0.45,4.06,0.4,38.0,0.52,13.92,0.53,5.0,0.07,0.07,2360.554551,1776297300000
1776297302.536,2.536,0.47,0.35,0.45,7.0,0.49,55.21,0.5,11.0,0.45,4.06,0.4,38.0,0.52,13.92,0.53,5.0,0.02,0.07,2360.554551,1776297300000
1776297302.884,2.884,0.44,13.0,0.42,11.0,0.49,34.8,0.5,17.0,0.51,34.8,0.5,11.0,0.53,0.35,0.56,13.0,0.05,0.02,2360.530218,1776297301000
1776297303.817,3.817,0.48,15.0,0.46,10.0,0.49,29.8,0.5,17.0,0.51,34.8,0.5,17.0,0.56,13.0,0.58,11.0,0.01,0.05,2360.533866,1776297302000
1776297305.856,5.856,0.39,3.52,0.38,10.0,0.42,10.0,0.43,10.0,0.51,29.8,0.5,17.0,0.52,15.0,0.54,10.0,0.03,0.01,2360.513025,1776297304000
1776297306.137,6.137,0.39,23.27,0.38,10.0,0.4,10.0,0.41,10.0,0.58,10.0,0.57,10.0,0.61,3.52,0.62,10.0,0.01,0.03,2360.491767,1776297305000
1776297306.425,6.425,0.39,5.0,0.38,10.0,0.4,9.87,0.41,7.53,0.59,7.53,0.58,10.0,0.61,3.52,0.62,10.0,0.01,0.02,2360.491767,1776297305000
1776297307.059,7.059,0.38,24.14,0.37,10.0,0.4,14.87,0.41,17.53,0.6,14.87,0.59,7.53,0.61,10.0,0.62,15.0,0.02,0.01,2360.491767,1776297305000
1776297308.524,8.524,0.38,36.18,0.37,15.0,0.39,11.0,0.4,27.0,0.6,14.87,0.59,17.53,0.62,24.14,0.63,10.0,0.01,0.02,2360.017262,1776297307000
1776297308.757,8.757,0.38,31.18,0.37,15.0,0.39,34.17,0.4,114.0,0.61,11.0,0.6,16.0,0.62,31.18,0.63,15.0,0.01,0.01,2360.017262,1776297307000
1776297309.779,9.779,0.39,5.0,0.38,31.18,0.4,41.0,0.41,35.53,0.61,34.17,0.6,114.0,0.62,31.18,0.63,15.0,0.01,0.01,2359.777521,1776297308000
1776297310.09,10.09,0.39,1.8,0.38,31.18,0.4,42.0,0.41,35.53,0.6,41.0,0.59,35.53,0.61,5.0,0.62,31.18,0.01,0.01,2359.777521,1776297308000
1776297310.398,10.398,0.39,12.3,0.38,21.18,0.42,14.77,0.43,21.0,0.6,42.0,0.59,35.53,0.61,1.8,0.62,31.18,0.03,0.01,2359.852512,1776297309000
1776297310.722,10.722,0.4,6.5,0.39,22.3,0.41,20.0,0.42,40.27,0.58,14.77,0.57,21.0,0.61,7.3,0.62,21.18,0.01,0.03,2359.852512,1776297309000
1776297311.797,11.797,0.4,8.01,0.39,27.3,0.41,62.0,0.42,34.27,0.59,20.0,0.58,40.27,0.6,6.5,0.61,22.3,0.01,0.01,2359.842171,1776297310000
1776297316.334,16.334,0.39,15.0,0.38,62.0,0.41,87.5,0.42,35.27,0.59,62.0,0.58,34.27,0.6,8.01,0.61,27.3,0.02,0.01,2359.810564,1776297314000
1776297317.067,17.067,0.39,10.0,0.38,57.0,0.4,45.5,0.41,47.5,0.59,87.5,0.58,35.27,0.61,15.0,0.62,62.0,0.01,0.02,2359.811745,1776297315000
1776297317.793,17.793,0.39,15.0,0.38,67.5,0.4,56.0,0.41,47.5,0.6,45.5,0.59,47.5,0.61,10.0,0.62,57.0,0.01,0.01,2359.787457,1776297316000
1776297321.576,21.576,0.39,4.83,0.38,70.5,0.4,56.0,0.41,57.5,0.6,56.0,0.59,47.5,0.61,15.0,0.62,67.5,0.01,0.01,2359.794437,1776297320000
1776297328.814,28.814,0.38,259.49,0.37,154.5,0.42,11.0,0.44,11.0,0.6,56.0,0.59,57.5,0.61,4.83,0.62,70.5,0.04,0.01,2359.78014,1776297327000
1776297329.532,29.532,0.41,20.0,0.4,25.0,0.42,44.11,0.43,51.5,0.58,6.0,0.57,21.5,0.59,33.0,0.6,93.49,0.01,0.01,2359.78014,1776297328000
1776297330.539,30.539,0.41,49.0,0.4,45.0,0.42,10.98,0.43,46.5,0.58,49.11,0.57,51.5,0.59,4.0,0.6,40.0,0.01,0.01,2359.781322,1776297329000
1776297331.781,31.781,0.42,65.5,0.41,54.5,0.43,10.0,0.44,10.5,0.58,10.98,0.57,46.5,0.59,49.0,0.6,45.0,0.01,0.01,2359.9137,1776297330000
1776297333.789,33.789,0.43,48.0,0.42,66.94,0.44,55.58,0.45,60.5,0.57,10.0,0.56,10.5,0.58,77.44,0.59,59.5,0.01,0.01,2359.9137,1776297331000
1776297335.095,35.095,0.43,39.84,0.42,58.94,0.44,60.88,0.45,60.5,0.56,55.58,0.55,60.5,0.57,48.0,0.58,66.94,0.01,0.01,2360.043975,1776297334000
1776297337.345,37.345,0.43,49.84,0.42,48.94,0.44,28.68,0.45,60.5,0.56,60.88,0.55,60.5,0.57,39.84,0.58,58.94,0.01,0.01,2360.042434,1776297336000
1776297338.893,38.893,0.42,25.0,0.41,51.5,0.43,8.72,0.44,18.68,0.56,53.68,0.55,50.5,0.58,8.8,0.59,41.5,0.01,0.02,2360.041983,1776297337000
1776297343.896,43.896,0.4,19.0,0.39,10.5,0.41,112.0,0.42,53.5,0.57,8.72,0.56,18.68,0.58,25.0,0.59,51.5,0.01,0.01,2360.000762,1776297343000
1776297346.366,46.366,0.38,35.5,0.37,72.5,0.39,40.0,0.4,39.0,0.59,76.0,0.58,64.5,0.6,13.0,0.61,20.5,0.01,0.01,2359.8454,1776297345000
1776297348.801,48.801,0.35,1.0,0.34,5.0,0.36,135.0,0.37,47.5,0.61,40.0,0.6,39.0,0.62,35.5,0.63,72.5,0.01,0.01,2359.791854,1776297347000
1776297349.449,49.449,0.34,21.4,0.33,55.5,0.36,20.0,0.37,36.5,0.64,96.0,0.63,36.5,0.65,0.9,0.66,5.0,0.02,0.01,2359.778503,1776297348000
1776297349.949,49.949,0.34,10.92,0.33,30.5,0.35,10.0,0.37,5.0,0.64,20.0,0.63,36.5,0.66,1.04,0.67,60.5,0.01,0.02,2359.778503,1776297348000
1776297350.228,50.228,0.37,76.41,0.36,50.0,0.38,11.31,0.39,10.0,0.62,1.31,0.61,15.0,0.64,23.0,0.65,10.0,0.01,0.02,2359.747212,1776297349000
1776297350.876,50.876,0.37,76.41,0.36,55.0,0.38,6.31,0.39,10.0,0.62,11.31,0.61,10.0,0.63,76.41,0.64,50.0,0.01,0.01,2359.747212,1776297349000
1776297351.208,51.208,0.37,86.41,0.36,55.0,0.39,5.0,0.4,60.0,0.62,6.31,0.61,10.0,0.63,76.41,0.64,55.0,0.02,0.01,2359.581822,1776297350000
1776297351.877,51.877,0.38,95.5,0.37,85.91,0.39,10.0,0.4,25.5,0.61,15.0,0.6,20.5,0.63,84.91,0.64,75.5,0.01,0.02,2359.581822,1776297350000
1776297352.182,52.182,0.38,51.16,0.37,90.91,0.39,10.0,0.4,20.5,0.61,10.0,0.6,30.5,0.62,51.5,0.63,90.91,0.01,0.01,2359.627748,1776297351000
1776297352.672,52.672,0.39,126.5,0.38,56.66,0.41,60.0,0.43,25.0,0.61,10.0,0.6,20.5,0.62,51.16,0.63,90.91,0.02,0.01,2359.627748,1776297351000
1776297353.139,53.139,0.42,65.62,0.41,67.5,0.43,30.0,0.44,20.5,0.57,43.0,0.56,20.5,0.58,25.97,0.59,67.5,0.01,0.01,2359.627748,1776297351000
1776297354.126,54.126,0.42,78.62,0.41,74.5,0.44,20.5,0.45,45.0,0.57,30.0,0.56,20.5,0.58,65.62,0.59,67.5,0.02,0.01,2359.742315,1776297353000
1776297355.627,55.627,0.42,20.0,0.41,39.0,0.43,15.0,0.44,20.5,0.56,20.5,0.55,45.0,0.58,78.62,0.59,74.5,0.01,0.02,2359.979875,1776297354000
1776297357.061,57.061,0.41,44.0,0.4,35.5,0.43,15.0,0.44,20.5,0.57,15.0,0.56,20.5,0.58,15.0,0.59,39.0,0.02,0.01,2360.124928,1776297355000
1776297357.748,57.748,0.41,74.0,0.4,45.5,0.42,5.0,0.43,20.0,0.57,15.0,0.56,20.5,0.59,44.0,0.6,35.5,0.01,0.02,2360.128701,1776297356000
1776297358.061,58.061,0.41,124.5,0.4,50.5,0.42,10.0,0.43,25.5,0.58,5.0,0.57,20.0,0.59,74.0,0.6,45.5,0.01,0.01,2360.128701,1776297356000
1776297360.873,60.873,0.41,95.07,0.4,50.5,0.42,115.0,0.43,40.5,0.58,10.0,0.57,25.5,0.59,124.5,0.6,50.5,0.01,0.01,2360.0665,1776297359000
1776297361.637,61.637,0.41,34.57,0.4,30.0,0.42,155.5,0.43,40.5,0.58,135.0,0.57,35.5,0.59,80.07,0.6,50.5,0.01,0.01,2360.044381,1776297360000
1776297363.107,63.107,0.41,38.87,0.4,36.0,0.42,155.5,0.43,40.5,0.58,155.5,0.57,40.5,0.59,29.57,0.6,25.0,0.01,0.01,2360.019382,1776297362000
1776297363.508,63.508,0.41,35.39,0.4,51.5,0.42,150.5,0.43,50.5,0.58,155.5,0.57,40.5,0.59,38.87,0.6,36.0,0.01,0.01,2360.019382,1776297362000
1776297367.398,67.398,0.4,20.0,0.39,50.5,0.42,211.5,0.43,97.5,0.58,150.5,0.57,50.5,0.59,35.39,0.6,51.5,0.02,0.01,2360.036062,1776297366000
1776297368.871,68.871,0.39,35.0,0.38,45.5,0.41,119.5,0.42,174.5,0.58,211.5,0.57,97.5,0.6,20.0,0.61,50.5,0.02,0.02,2360.032806,1776297367000
1776297372.183,72.183,0.39,45.0,0.38,60.5,0.4,37.56,0.41,63.5,0.59,119.5,0.58,174.5,0.61,35.0,0.62,45.5,0.01,0.02,2359.960154,1776297371000
1776297372.732,72.732,0.39,60.5,0.38,60.5,0.4,10.42,0.41,64.5,0.6,37.56,0.59,63.5,0.61,45.0,0.62,60.5,0.01,0.01,2359.960154,1776297371000
1776297375.404,75.404,0.38,75.5,0.37,100.5,0.39,29.5,0.4,10.0,0.6,10.42,0.59,64.5,0.61,60.5,0.62,60.5,0.01,0.01,2360.011167,1776297374000
1776297375.813,75.813,0.38,70.5,0.37,100.5,0.39,24.5,0.4,15.0,0.61,29.5,0.6,10.0,0.62,75.5,0.63,100.5,0.01,0.01,2360.011167,1776297374000
1776297380.416,80.416,0.38,124.5,0.37,111.5,0.41,7.0,0.42,35.5,0.61,24.5,0.6,15.0,0.62,70.5,0.63,100.5,0.03,0.01,2359.941303,1776297379000
1776297380.736,80.736,0.4,16.0,0.39,41.5,0.41,22.0,0.42,40.5,0.59,7.0,0.58,35.5,0.62,124.5,0.63,111.5,0.01,0.03,2359.941303,1776297379000
1776297391.239,91.239,0.39,71.5,0.38,111.5,0.4,10.0,0.41,15.0,0.59,22.0,0.58,40.5,0.6,16.0,0.61,41.5,0.01,0.01,2359.995404,1776297389000
1776297393.833,93.833,0.37,75.0,0.36,35.0,0.39,124.5,0.4,60.5,0.6,10.0,0.59,15.0,0.61,71.5,0.62,111.5,0.02,0.01,2360.024325,1776297392000
1776297395.137,95.137,0.36,5.0,0.35,85.0,0.37,69.5,0.38,86.5,0.61,124.5,0.6,60.5,0.63,75.0,0.64,35.0,0.01,0.02,2360.000499,1776297394000
1776297395.937,95.937,0.36,3.43,0.35,85.0,0.37,133.5,0.38,71.5,0.63,69.5,0.62,86.5,0.64,5.0,0.65,85.0,0.01,0.01,2360.000499,1776297394000
1776297399.384,99.384,0.36,32.36,0.35,105.5,0.37,26.0,0.38,32.0,0.63,133.5,0.62,71.5,0.64,3.43,0.65,85.0,0.01,0.01,2359.803154,1776297398000
1776297402.742,102.742,0.35,18.0,0.34,112.0,0.36,83.5,0.37,81.5,0.63,26.0,0.62,32.0,0.64,32.36,0.65,105.5,0.01,0.01,2359.873012,1776297401000
1776297403.264,103.264,0.33,55.0,0.32,105.0,0.36,248.5,0.37,81.5,0.64,83.5,0.63,81.5,0.65,18.0,0.66,112.0,0.03,0.01,2359.861444,1776297402000
1776297405.576,105.576,0.32,115.0,0.31,20.5,0.33,48.0,0.34,101.5,0.64,248.5,0.63,81.5,0.67,55.0,0.68,105.0,0.01,0.03,2359.770096,1776297404000
1776297415.886,115.886,0.3,20.5,0.29,75.5,0.32,107.19,0.33,59.5,0.67,48.0,0.66,101.5,0.68,115.0,0.69,20.5,0.02,0.01,2359.764974,1776297414000
1776297417.024,117.024,0.32,107.49,0.31,61.0,0.35,9.42,0.36,50.0,0.7,19.26,0.69,68.0,0.71,4.5,0.72,155.0,0.03,0.01,2359.791972,1776297415000
1776297417.235,117.235,0.36,6.0,0.35,5.0,0.37,3.5,0.38,25.0,0.63,14.5,0.62,25.0,0.64,6.0,0.65,5.0,0.01,0.01,2359.734082,1776297416000
1776297420.559,120.559,0.36,6.55,0.35,11.0,0.37,157.5,0.38,33.0,0.63,10.5,0.62,20.0,0.64,11.0,0.65,21.0,0.01,0.01,2359.904273,1776297419000
1776297421.355,121.355,0.36,0.55,0.35,30.0,0.37,108.5,0.38,44.0,0.63,157.5,0.62,33.0,0.64,6.55,0.65,11.0,0.01,0.01,2359.882428,1776297420000
1776297422.11,122.11,0.35,28.27,0.34,36.5,0.37,123.5,0.38,44.0,0.63,108.5,0.62,44.0,0.64,0.55,0.65,30.0,0.02,0.01,2359.882428,1776297420000
1776297422.499,122.499,0.35,36.73,0.34,36.5,0.37,134.5,0.38,44.0,0.63,123.5,0.62,44.0,0.65,28.27,0.66,36.5,0.02,0.02,2359.879792,1776297421000
1776297424.887,124.887,0.35,157.5,0.34,36.5,0.39,10.0,0.4,10.0,0.63,134.5,0.62,44.0,0.65,36.73,0.66,36.5,0.04,0.02,2359.970576,1776297423000
1776297425.976,125.976,0.42,52.5,0.41,101.5,0.44,10.0,0.45,140.0,0.57,65.0,0.56,20.0,0.58,5.4,0.59,58.5,0.02,0.01,2359.918491,1776297424000
1776297426.259,126.259,0.43,38.0,0.42,66.5,0.44,0.86,0.45,115.0,0.56,10.0,0.55,140.0,0.58,52.5,0.59,101.5,0.01,0.02,2359.918491,1776297424000
1776297428.833,128.833,0.44,35.5,0.43,88.5,0.45,142.0,0.46,55.0,0.56,0.86,0.55,115.0,0.57,38.0,0.58,66.5,0.01,0.01,2360.320443,1776297427000
1776297429.38,129.38,0.44,85.0,0.43,76.5,0.45,125.0,0.46,50.0,0.55,142.0,0.54,55.0,0.56,35.5,0.57,88.5,0.01,0.01,2360.324365,1776297428000
1776297432.429,132.429,0.46,143.64,0.45,129.82,0.47,50.0,0.48,60.0,0.55,85.0,0.54,50.0,0.56,85.0,0.57,76.5,0.01,0.01,2360.502765,1776297430000
1776297433.271,133.271,0.46,138.78,0.45,134.82,0.47,50.0,0.48,60.0,0.53,50.0,0.52,60.0,0.54,143.64,0.55,129.82,0.01,0.01,2360.520744,1776297431000
1776297434.848,134.848,0.46,76.42,0.45,67.5,0.47,50.0,0.48,60.0,0.53,50.0,0.52,60.0,0.54,138.78,0.55,134.82,0.01,0.01,2360.560988,1776297433000
1776297443.898,143.898,0.46,31.0,0.45,43.0,0.47,60.5,0.48,90.5,0.53,50.0,0.52,60.0,0.54,76.42,0.55,67.5,0.01,0.01,2360.588345,1776297442000
1776297449.936,149.936,0.46,77.0,0.45,78.5,0.48,55.0,0.49,69.3,0.53,60.5,0.52,85.5,0.54,26.0,0.55,43.0,0.02,0.01,2360.504439,1776297448000
1776297451.443,151.443,0.48,16.15,0.47,30.0,0.49,90.3,0.5,91.5,0.52,55.0,0.51,69.3,0.54,77.0,0.55,78.5,0.01,0.02,2360.533007,1776297449000
1776297451.65,151.65,0.48,4.23,0.47,87.0,0.49,90.3,0.5,96.5,0.51,90.3,0.5,91.5,0.53,40.0,0.54,20.0,0.01,0.02,2360.536801,1776297450000
1776297452.072,152.072,0.47,69.9,0.46,20.0,0.49,100.3,0.5,101.5,0.51,90.3,0.5,96.5,0.52,4.23,0.53,87.0,0.02,0.01,2360.522176,1776297451000
1776297453.15,153.15,0.48,23.23,0.47,64.9,0.49,102.3,0.5,96.5,0.51,100.3,0.5,101.5,0.53,69.9,0.54,20.0,0.01,0.02,2360.50077,1776297452000
1776297461.204,161.204,0.35,10.22,0.34,22.5,0.36,30.0,0.37,35.0,0.51,102.3,0.5,96.5,0.52,23.23,0.53,64.9,0.01,0.01,2360.15378,1776297460000
1776297463.173,163.173,0.35,12.49,0.34,12.0,0.36,60.0,0.37,45.5,0.64,30.0,0.63,35.0,0.65,10.22,0.66,22.5,0.01,0.01,2360.126782,1776297461000
1776297467.28,167.28,0.34,27.7,0.33,15.5,0.36,50.0,0.37,35.5,0.64,60.0,0.63,45.5,0.65,12.49,0.66,12.0,0.02,0.01,2360.164245,1776297465000
1776297467.736,167.736,0.34,37.7,0.33,15.5,0.35,30.0,0.36,20.0,0.64,50.0,0.63,35.5,0.66,27.7,0.67,15.5,0.01,0.02,2360.149407,1776297466000
1776297468.579,168.579,0.34,62.2,0.33,25.5,0.35,2.14,0.38,10.0,0.65,24.85,0.64,20.0,0.66,42.7,0.67,15.5,0.01,0.01,2360.123456,1776297467000
1776297472.731,172.731,0.28,10.0,0.27,21.0,0.4,180.0,0.41,91.5,0.6,10.0,0.59,25.5,0.63,5.0,0.64,28.5,0.12,0.03,2360.16465,1776297471000
1776297473.069,173.069,0.27,9.9,0.26,10.0,0.4,244.5,0.41,91.5,0.6,180.0,0.59,91.5,0.72,10.0,0.73,21.0,0.13,0.12,2360.164987,1776297472000
1776297474.017,174.017,0.3,30.0,0.28,15.0,0.31,40.0,0.35,7.69,0.61,5.0,0.6,244.5,0.74,2.57,0.75,11.0,0.01,0.13,2360.117369,1776297473000
1776297474.479,174.479,0.3,23.74,0.28,5.0,0.31,110.0,0.35,22.5,0.69,40.0,0.65,7.69,0.7,30.0,0.72,15.0,0.01,0.01,2360.117369,1776297473000
1776297475.371,175.371,0.26,11.0,0.23,5.0,0.29,160.5,0.3,42.5,0.69,130.15,0.65,30.5,0.7,23.74,0.72,5.0,0.03,0.01,2359.694434,1776297474000
1776297476.659,176.659,0.22,16.73,0.2,10.0,0.23,55.0,0.24,15.0,0.71,160.5,0.7,42.5,0.74,11.0,0.77,5.0,0.01,0.03,2359.524119,1776297475000
1776297477.511,177.511,0.22,6.23,0.21,10.5,0.23,98.65,0.24,15.0,0.77,55.0,0.76,15.0,0.78,16.73,0.8,10.0,0.01,0.01,2359.490705,1776297476000
1776297479.772,179.772,0.24,71.17,0.23,59.5,0.25,11.0,0.26,10.0,0.77,98.65,0.76,15.0,0.78,6.23,0.79,10.5,0.01,0.01,2359.483486,1776297478000
1776297482.322,182.322,0.24,8.05,0.23,10.5,0.25,10.0,0.26,10.0,0.75,11.0,0.74,10.0,0.76,71.17,0.77,59.5,0.01,0.01,2359.72435,1776297480000
1776297483.164,183.164,0.24,8.05,0.23,10.5,0.25,6.0,0.26,20.5,0.75,10.0,0.74,10.0,0.76,8.05,0.77,10.5,0.01,0.01,2359.724891,1776297481000
1776297484.349,184.349,0.21,32.5,0.2,32.5,0.22,17.0,0.23,15.0,0.75,6.0,0.74,20.5,0.76,8.05,0.77,10.5,0.01,0.01,2359.697,1776297483000
1776297485.853,185.853,0.21,21.5,0.2,57.5,0.22,56.0,0.23,35.0,0.78,17.0,0.77,15.0,0.79,32.5,0.8,32.5,0.01,0.01,2359.675563,1776297484000
1776297486.106,186.106,0.21,26.5,0.2,102.5,0.22,33.0,0.23,35.0,0.78,49.0,0.77,35.0,0.79,21.5,0.8,57.5,0.01,0.01,2359.675563,1776297484000
1776297486.634,186.634,0.21,26.5,0.2,57.5,0.22,37.0,0.23,49.0,0.78,33.0,0.77,35.0,0.79,26.5,0.8,102.5,0.01,0.01,2359.552883,1776297485000
1776297487.878,187.878,0.21,41.23,0.2,68.5,0.22,22.0,0.23,24.0,0.78,37.0,0.77,49.0,0.79,26.5,0.8,57.5,0.01,0.01,2359.588597,1776297486000
1776297489.14,189.14,0.21,23.5,0.2,32.5,0.23,14.0,0.24,29.0,0.78,22.0,0.77,24.0,0.79,41.23,0.8,68.5,0.02,0.01,2359.570057,1776297487000
1776297492.396,192.396,0.21,3.96,0.2,56.0,0.22,109.0,0.23,42.0,0.77,14.0,0.76,29.0,0.79,23.5,0.8,32.5,0.01,0.02,2359.5994,1776297491000
1776297492.995,192.995,0.2,56.0,0.19,23.4,0.21,85.5,0.22,29.0,0.78,109.0,0.77,42.0,0.79,3.96,0.8,56.0,0.01,0.01,2359.5994,1776297491000
1776297493.762,193.762,0.19,14.0,0.18,10.0,0.21,156.5,0.22,40.0,0.79,85.5,0.78,29.0,0.8,56.0,0.81,23.4,0.02,0.01,2359.605143,1776297492000
1776297494.55,194.55,0.19,14.0,0.18,20.0,0.2,165.5,0.21,78.5,0.79,156.5,0.78,40.0,0.81,14.0,0.82,10.0,0.01,0.02,2359.605143,1776297492000
1776297495.306,195.306,0.19,11.6,0.18,20.0,0.2,164.5,0.21,67.5,0.8,164.5,0.79,78.5,0.81,14.0,0.82,20.0,0.01,0.01,2359.5998,1776297493000
1776297495.682,195.682,0.18,70.0,0.17,25.5,0.2,173.5,0.21,72.5,0.8,164.5,0.79,67.5,0.81,11.6,0.82,20.0,0.02,0.01,2359.5998,1776297493000
1776297496.401,196.401,0.14,57.88,0.13,77.3,0.16,9.0,0.17,14.0,0.81,50.5,0.8,107.5,0.84,20.0,0.86,80.0,0.02,0.03,2359.5998,1776297493000
1776297497.685,197.685,0.14,19.5,0.13,35.0,0.15,123.0,0.16,95.5,0.84,9.0,0.83,14.0,0.86,57.88,0.87,77.3,0.01,0.02,2359.463816,1776297496000
1776297497.943,197.943,0.14,14.5,0.13,35.0,0.15,123.0,0.16,95.5,0.85,123.0,0.84,95.5,0.86,19.5,0.87,35.0,0.01,0.01,2359.463816,1776297496000
1776297499.108,199.108,0.13,29.0,0.12,64.19,0.14,91.51,0.15,82.0,0.85,123.0,0.84,95.5,0.86,14.5,0.87,35.0,0.01,0.01,2359.29612,1776297497000
1776297499.788,199.788,0.13,5.58,0.12,64.19,0.14,102.51,0.15,82.0,0.86,91.51,0.85,82.0,0.87,29.0,0.88,64.19,0.01,0.01,2359.265435,1776297498000
1776297500.891,200.891,0.13,16.58,0.12,30.09,0.14,95.36,0.15,92.5,0.86,102.51,0.85,82.0,0.87,5.58,0.88,64.19,0.01,0.01,2359.335486,1776297499000
1776297502.332,202.332,0.12,60.27,0.11,172.29,0.13,92.0,0.14,89.36,0.86,100.36,0.85,103.5,0.87,4.58,0.88,30.09,0.01,0.01,2359.303283,1776297501000
1776297504.155,204.155,0.12,53.27,0.11,111.79,0.13,108.0,0.14,89.86,0.87,92.0,0.86,89.36,0.88,60.27,0.89,172.29,0.01,0.01,2359.295563,1776297503000
1776297504.558,204.558,0.12,43.4,0.11,111.79,0.13,153.0,0.14,89.86,0.87,108.0,0.86,89.86,0.88,53.27,0.89,111.79,0.01,0.01,2359.295563,1776297503000
1776297507.348,207.348,0.12,5.0,0.11,111.79,0.13,143.5,0.14,79.86,0.87,153.0,0.86,89.86,0.88,43.4,0.89,111.79,0.01,0.01,2359.261915,1776297506000
1776297509.457,209.457,0.12,3.86,0.11,111.79,0.13,164.0,0.14,90.86,0.87,143.5,0.86,79.86,0.88,5.0,0.89,111.79,0.01,0.01,2359.264861,1776297508000
1776297510.805,210.805,0.11,65.84,0.1,140.0,0.12,12.25,0.13,60.5,0.87,164.0,0.86,90.86,0.88,3.86,0.89,111.79,0.01,0.01,2359.243616,1776297509000
1776297511.607,211.607,0.11,23.82,0.1,140.0,0.12,17.25,0.13,81.18,0.88,12.25,0.87,60.5,0.89,65.84,0.9,140.0,0.01,0.01,2359.266284,1776297510000
1776297514.376,214.376,0.11,9.87,0.1,140.0,0.12,48.25,0.13,81.18,0.88,17.25,0.87,81.18,0.89,23.82,0.9,140.0,0.01,0.01,2359.299329,1776297512000
1776297514.831,214.831,0.11,4.26,0.1,140.0,0.12,64.75,0.13,81.18,0.88,48.25,0.87,81.18,0.89,9.87,0.9,140.0,0.01,0.01,2359.255089,1776297513000
1776297515.348,215.348,0.1,165.1,0.09,94.0,0.11,16.0,0.12,58.75,0.88,64.75,0.87,81.18,0.9,140.0,0.91,94.0,0.01,0.02,2359.255173,1776297514000
1776297515.731,215.731,0.1,165.1,0.09,94.0,0.11,6.9,0.12,58.75,0.89,16.0,0.88,58.75,0.9,165.1,0.91,94.0,0.01,0.01,2359.255173,1776297514000
1776297516.483,216.483,0.11,78.0,0.1,175.6,0.13,60.68,0.14,46.5,0.89,6.9,0.88,58.75,0.9,165.1,0.91,94.0,0.02,0.01,2359.255173,1776297514000
1776297520.749,220.749,0.12,1.0,0.11,160.24,0.13,65.0,0.14,51.5,0.87,60.68,0.86,46.5,0.89,78.0,0.9,175.6,0.01,0.02,2359.384931,1776297519000
1776297525.043,225.043,0.12,14.86,0.11,120.74,0.13,50.68,0.14,76.0,0.87,65.0,0.86,51.5,0.88,1.0,0.89,160.24,0.01,0.01,2359.41772,1776297524000
1776297528.077,228.077,0.11,70.75,0.1,115.6,0.13,51.68,0.14,84.0,0.87,50.68,0.86,76.0,0.88,14.86,0.89,120.74,0.02,0.01,2359.43029,1776297526000
1776297533.296,233.296,0.12,22.0,0.11,90.3,0.14,76.0,0.15,50.5,0.87,51.68,0.86,84.0,0.89,70.75,0.9,115.6,0.02,0.02,2359.463823,1776297532000
1776297533.692,233.692,0.12,17.0,0.11,90.3,0.14,61.0,0.15,50.5,0.86,76.0,0.85,50.5,0.88,22.0,0.89,90.3,0.02,0.02,2359.463823,1776297532000
1776297539.794,239.794,0.12,46.1,0.11,117.09,0.14,111.5,0.15,70.5,0.86,61.0,0.85,50.5,0.88,17.0,0.89,90.3,0.02,0.02,2359.569216,1776297538000
1776297540.246,240.246,0.12,9.93,0.11,80.3,0.13,74.11,0.14,41.0,0.87,5.11,0.86,55.5,0.88,46.1,0.89,117.09,0.01,0.01,2359.546773,1776297539000
1776297540.471,240.471,0.11,80.3,0.1,105.1,0.12,29.4,0.13,79.11,0.87,74.11,0.86,41.0,0.88,9.93,0.89,80.3,0.01,0.01,2359.546773,1776297539000
1776297540.783,240.783,0.11,80.3,0.1,105.1,0.12,92.4,0.13,18.11,0.88,29.4,0.87,79.11,0.89,80.3,0.9,105.1,0.01,0.01,2359.546773,1776297539000
1776297541.819,241.819,0.11,53.05,0.1,105.1,0.12,107.4,0.13,33.11,0.88,92.4,0.87,18.11,0.89,75.3,0.9,105.1,0.01,0.01,2359.547246,1776297540000
1776297545.074,245.074,0.08,121.52,0.07,82.3,0.09,63.88,0.1,15.0,0.88,107.4,0.87,33.11,0.89,53.05,0.9,105.1,0.01,0.01,2359.489233,1776297543000
1776297546.382,246.382,0.06,33.8,0.05,132.46,0.08,96.0,0.09,136.0,0.91,63.88,0.9,15.0,0.92,121.52,0.93,82.3,0.02,0.01,2359.492379,1776297545000
1776297547.612,247.612,0.05,47.86,0.04,748.8,0.06,59.73,0.07,117.0,0.93,26.0,0.92,101.0,0.95,79.72,0.96,348.8,0.01,0.02,2359.497453,1776297546000
1776297548.187,248.187,0.05,45.55,0.04,748.8,0.06,23.0,0.07,92.0,0.94,59.73,0.93,117.0,0.95,47.86,0.96,748.8,0.01,0.01,2359.497453,1776297546000
1776297548.508,248.508,0.05,55.55,0.04,748.8,0.07,14.0,0.08,38.0,0.94,23.0,0.93,92.0,0.95,45.55,0.96,748.8,0.02,0.01,2359.344796,1776297547000
1776297550.546,250.546,0.07,7.36,0.06,91.0,0.08,21.0,0.09,20.0,0.92,38.0,0.91,10.0,0.94,156.0,0.95,50.55,0.01,0.02,2359.36076,1776297549000
1776297554.471,254.471,0.07,0.2,0.06,32.0,0.08,40.0,0.09,26.0,0.92,21.0,0.91,20.0,0.93,7.36,0.94,91.0,0.01,0.01,2359.427944,1776297553000
1776297556.369,256.369,0.07,15.2,0.06,32.0,0.08,17.25,0.09,20.0,0.92,40.0,0.91,26.0,0.93,0.2,0.94,32.0,0.01,0.01,2359.431816,1776297554000
1776297556.703,256.703,0.06,13.63,0.05,88.55,0.08,7.75,0.09,42.0,0.92,20.25,0.91,42.0,0.94,13.63,0.95,188.55,0.02,0.02,2359.440829,1776297555000
1776297557.278,257.278,0.05,31.19,0.04,353.8,0.08,85.09,0.09,20.0,0.92,7.75,0.91,42.0,0.94,13.63,0.95,88.55,0.03,0.02,2359.446245,1776297556000
1776297558.094,258.094,0.1,15.0,0.09,15.0,0.11,20.0,0.12,29.4,0.93,10.0,0.92,44.75,0.95,34.08,0.96,353.8,0.01,0.02,2359.446245,1776297556000
1776297560.464,260.464,0.07,48.37,0.06,73.8,0.08,15.0,0.09,10.0,0.85,10.0,0.84,10.0,0.89,39.9,0.9,10.0,0.01,0.04,2359.789975,1776297559000
1776297560.757,260.757,0.06,21.95,0.05,85.8,0.08,30.0,0.09,15.0,0.92,30.0,0.91,10.0,0.94,27.0,0.95,85.8,0.02,0.02,2359.789975,1776297559000
1776297563.11,263.11,0.05,10.0,0.04,348.8,0.07,10.0,0.08,58.0,0.92,30.0,0.91,15.0,0.94,21.95,0.95,85.8,0.02,0.02,2359.669877,1776297562000
1776297565.321,265.321,0.06,21.19,0.05,10.0,0.07,10.0,0.08,73.0,0.93,10.0,0.92,58.0,0.95,10.0,0.96,348.8,0.01,0.02,2359.54076,1776297564000
1776297565.943,265.943,0.08,10.0,0.07,29.0,0.09,20.9,0.1,10.0,0.93,10.0,0.92,73.0,0.94,21.19,0.95,10.0,0.01,0.01,2359.54076,1776297564000
1776297566.65,266.65,0.08,15.0,0.07,29.0,0.09,9.78,0.1,10.0,0.91,20.9,0.9,10.0,0.92,10.0,0.93,29.0,0.01,0.01,2359.528887,1776297565000
1776297567.098,267.098,0.08,8.91,0.07,29.0,0.09,82.39,0.1,20.0,0.91,9.78,0.9,10.0,0.92,15.0,0.93,29.0,0.01,0.01,2359.528887,1776297565000
1776297567.324,267.324,0.07,15.27,0.06,26.83,0.09,92.39,0.1,20.0,0.91,82.39,0.9,20.0,0.92,6.34,0.93,29.0,0.02,0.01,2359.530577,1776297566000
1776297567.865,267.865,0.07,20.27,0.06,26.83,0.08,10.0,0.09,82.39,0.91,92.39,0.9,20.0,0.93,15.27,0.94,26.83,0.01,0.02,2359.530577,1776297566000
1776297570.843,270.843,0.05,34.74,0.04,130.0,0.06,25.0,0.07,58.0,0.92,10.0,0.91,82.39,0.93,20.27,0.94,26.83,0.01,0.01,2359.6169,1776297569000
1776297573.129,273.129,0.04,115.25,0.03,121.0,0.05,19.74,0.06,141.0,0.94,130.64,0.93,58.0,0.95,48.59,0.96,130.0,0.01,0.01,2359.4937,1776297571000
1776297573.369,273.369,0.04,110.25,0.03,121.0,0.05,17.24,0.06,204.8,0.95,19.74,0.94,141.0,0.96,115.25,0.97,121.0,0.01,0.01,2359.460922,1776297572000
1776297574.229,274.229,0.04,109.2,0.03,121.0,0.05,68.4,0.06,229.8,0.95,17.24,0.94,229.8,0.96,109.2,0.97,121.0,0.01,0.01,2359.460922,1776297572000
1776297574.784,274.784,0.04,102.95,0.03,121.0,0.05,73.4,0.06,229.8,0.95,68.4,0.94,229.8,0.96,109.2,0.97,121.0,0.01,0.01,2359.454151,1776297573000
1776297576.42,276.42,0.03,108.62,0.02,295.0,0.05,85.78,0.06,136.0,0.95,73.4,0.94,229.8,0.96,102.95,0.97,121.0,0.02,0.01,2359.430745,1776297575000
1776297577.347,277.347,0.03,142.28,0.02,295.0,0.04,15.0,0.05,104.72,0.95,85.78,0.94,136.0,0.97,108.62,0.98,295.0,0.01,0.02,2359.430696,1776297576000
1776297577.721,277.721,0.03,140.88,0.02,295.0,0.04,15.0,0.05,99.72,0.96,15.0,0.95,104.72,0.97,142.28,0.98,295.0,0.01,0.01,2359.430696,1776297576000
1776297578.641,278.641,0.03,140.88,0.02,295.0,0.05,99.72,0.06,136.31,0.96,15.0,0.95,99.72,0.97,140.88,0.98,295.0,0.02,0.01,2359.449395,1776297577000
1776297580.361,280.361,0.03,140.88,0.02,245.0,0.04,164.68,0.05,49.72,0.95,99.72,0.94,136.31,0.97,140.88,0.98,295.0,0.01,0.02,2359.4831,1776297579000
1776297581.217,281.217,0.03,168.76,0.02,245.0,0.04,169.68,0.05,49.72,0.96,164.68,0.95,49.72,0.97,140.88,0.98,245.0,0.01,0.01,2359.449845,1776297580000
1776297581.47,281.47,0.02,243.68,0.01,1890.83,0.04,164.68,0.05,49.72,0.96,164.68,0.95,49.72,0.97,101.76,0.98,245.0,0.02,0.01,2359.449845,1776297580000
1776297581.747,281.747,0.02,353.68,0.01,2070.83,0.04,85.68,0.05,18.94,0.96,164.68,0.95,49.72,0.98,243.68,0.99,1890.83,0.02,0.02,2359.449845,1776297580000
1776297581.948,281.948,0.61,39.04,0.46,50.0,0.63,10.0,0.64,10.0,0.47,0.96,0.45,10.0,0.53,0.2,0.54,5.0,0.02,0.06,2359.445627,1776297581000
1776297582.194,282.194,0.5,38.93,0.45,75.0,0.51,5.0,0.52,15.0,0.45,10.0,0.44,8.17,0.5,48.36,0.55,75.0,0.01,0.05,2359.445627,1776297581000
1776297582.432,282.432,0.4,17.36,0.36,10.0,0.41,70.5,0.42,10.0,0.59,77.75,0.58,10.0,0.6,17.36,0.64,10.0,0.01,0.01,2359.445627,1776297581000
1776297582.637,282.637,0.33,7.0,0.32,15.0,0.4,2.22,0.41,84.09,0.64,2.22,0.62,5.0,0.67,7.0,0.68,15.0,0.07,0.03,2359.445627,1776297581000
1776297582.875,282.875,0.39,10.0,0.38,10.0,0.41,70.89,0.42,10.0,0.6,2.22,0.59,84.09,0.67,7.0,0.68,15.0,0.02,0.07,2359.445627,1776297581000
1776297583.387,283.387,0.32,10.0,0.31,15.0,0.34,6.0,0.35,5.0,0.61,16.0,0.6,15.0,0.64,3.73,0.65,10.0,0.02,0.03,2359.466295,1776297582000
1776297583.716,283.716,0.33,15.0,0.32,10.0,0.34,4.29,0.35,15.0,0.66,6.0,0.65,5.0,0.68,10.0,0.69,15.0,0.01,0.02,2359.466295,1776297582000
1776297584.372,284.372,0.32,10.0,0.31,15.0,0.34,24.29,0.35,25.0,0.66,4.29,0.65,15.0,0.67,15.0,0.68,10.0,0.02,0.01,2360.236671,1776297583000
1776297585.121,285.121,0.31,9.0,0.3,15.0,0.33,6.0,0.34,19.29,0.66,14.29,0.65,20.0,0.68,10.0,0.69,15.0,0.02,0.02,2360.295982,1776297584000
1776297585.572,285.572,0.32,10.0,0.31,14.0,0.33,11.0,0.34,15.0,0.67,6.0,0.66,19.29,0.69,9.0,0.7,15.0,0.01,0.02,2360.295982,1776297584000
1776297585.861,285.861,0.32,0.33,0.31,9.0,0.33,20.0,0.34,15.0,0.67,11.0,0.66,15.0,0.68,10.0,0.69,14.0,0.01,0.01,2360.295982,1776297584000
1776297586.351,286.351,0.32,1.13,0.3,15.0,0.33,20.0,0.34,15.0,0.67,20.0,0.66,15.0,0.68,0.33,0.69,9.0,0.01,0.01,2360.295982,1776297584000
1776297587.099,287.099,0.32,1.13,0.3,15.0,0.33,10.0,0.34,15.0,0.67,20.0,0.66,15.0,0.68,1.13,0.7,15.0,0.01,0.01,2360.266093,1776297585000
1776297588.729,288.729,0.32,1.13,0.29,25.0,0.33,6.96,0.34,15.0,0.67,10.0,0.66,15.0,0.68,1.13,0.7,15.0,0.01,0.01,2360.2589,1776297587000
1776297590.445,290.445,0.3,5.0,0.29,15.0,0.31,18.87,0.33,1.96,0.67,6.96,0.66,15.0,0.68,1.13,0.71,25.0,0.01,0.01,2360.2589,1776297588000
1776297591.914,291.914,0.26,11.82,0.25,25.0,0.28,15.0,0.29,15.0,0.69,18.87,0.67,1.96,0.7,5.0,0.71,15.0,0.02,0.01,2360.285045,1776297590000
1776297592.182,292.182,0.26,10.0,0.25,15.0,0.27,9.83,0.28,15.0,0.72,15.0,0.71,15.0,0.74,11.82,0.75,25.0,0.01,0.02,2360.285096,1776297591000
1776297592.743,292.743,0.2,1.28,0.13,35.0,0.21,60.0,0.22,10.0,0.73,9.83,0.72,15.0,0.74,10.0,0.75,15.0,0.01,0.01,2360.285096,1776297591000
1776297592.99,292.99,0.11,15.38,0.1,10.0,0.14,23.85,0.15,15.0,0.86,2.85,0.85,15.88,0.87,25.87,0.89,20.0,0.03,0.01,2360.285096,1776297591000
1776297593.808,293.808,0.11,0.72,0.1,5.07,0.12,11.66,0.13,15.0,0.88,6.66,0.87,15.0,0.89,10.72,0.9,5.07,0.01,0.01,2360.284428,1776297592000
1776297594.226,294.226,0.15,15.0,0.14,15.0,0.16,8.0,0.2,79.6,0.88,16.66,0.87,15.0,0.9,5.07,0.91,15.0,0.01,0.02,2360.284428,1776297592000
1776297594.492,294.492,0.21,8.29,0.2,15.0,0.23,15.0,0.24,15.0,0.77,10.0,0.76,10.0,0.79,15.24,0.8,15.0,0.02,0.02,2360.298898,1776297593000
1776297594.999,294.999,0.19,15.0,0.18,10.0,0.21,15.0,0.22,15.0,0.77,15.0,0.76,15.0,0.79,8.29,0.8,15.0,0.02,0.02,2360.298898,1776297593000
1776297595.366,295.366,0.27,10.0,0.26,10.0,0.39,75.15,0.41,85.89,0.79,10.0,0.78,5.0,0.88,10.0,0.89,60.0,0.12,0.09,2360.094063,1776297594000
1776297595.568,295.568,0.38,78.21,0.37,10.0,0.39,43.81,0.41,25.89,0.61,43.81,0.59,25.89,0.62,86.0,0.63,10.0,0.01,0.01,2360.094063,1776297594000
1776297595.999,295.999,0.41,121.0,0.39,30.0,0.47,10.0,0.48,10.0,0.54,10.0,0.53,10.0,0.62,73.21,0.63,10.0,0.06,0.08,2360.077387,1776297595000
1776297596.285,296.285,0.41,50.0,0.39,30.0,0.47,9.29,0.48,15.0,0.53,9.29,0.52,15.0,0.54,71.0,0.59,50.0,0.06,0.01,2360.077387,1776297595000
1776297596.496,296.496,0.41,96.97,0.39,30.0,0.42,10.0,0.43,10.0,0.53,9.29,0.52,15.0,0.59,50.0,0.61,30.0,0.01,0.06,2360.077387,1776297595000
1776297597.107,297.107,0.41,91.97,0.39,30.0,0.42,7.0,0.43,10.0,0.58,10.0,0.57,10.0,0.59,96.97,0.61,30.0,0.01,0.01,2360.248696,1776297596000
1776297597.328,297.328,0.41,66.54,0.39,30.0,0.42,7.0,0.43,10.0,0.58,7.0,0.57,10.0,0.59,91.97,0.61,30.0,0.01,0.01,2360.248696,1776297596000
1776297597.667,297.667,0.31,38.0,0.3,10.0,0.32,10.0,0.33,10.0,0.58,16.4,0.57,10.0,0.64,31.75,0.69,50.0,0.01,0.06,2360.248696,1776297596000
1776297597.998,297.998,0.29,27.0,0.28,34.0,0.35,9.34,0.36,10.0,0.67,1.0,0.66,10.0,0.71,15.0,0.72,34.0,0.06,0.04,2360.248696,1776297596000
1776297598.509,298.509,0.3,13.64,0.28,40.0,0.31,10.0,0.32,10.0,0.65,9.34,0.64,10.0,0.71,27.0,0.72,34.0,0.01,0.06,2360.529137,1776297597000
1776297599.155,299.155,0.33,181.81,0.3,16.56,0.45,16.63,0.66,50.0,0.69,10.0,0.68,10.0,0.7,6.56,0.71,10.0,0.12,0.01,2360.529137,1776297597000
1776297599.384,299.384,0.21,43.75,0.2,10.0,0.45,10.03,0.66,50.0,0.55,10.03,0.34,50.0,0.66,0.7,0.67,81.81,0.24,0.11,2360.562061,1776297598000
1776297599.7,299.7,0.5,46.61,0.43,5.0,0.53,5.0,0.54,10.0,0.47,10.0,0.46,10.0,0.5,51.61,0.57,5.0,0.03,0.03,2360.562061,1776297598000
1776297599.956,299.956,0.54,7.0,0.5,46.61,0.58,5.67,0.59,10.0,0.43,0.67,0.42,10.0,0.46,7.0,0.5,46.61,0.04,0.03,2360.562061,1776297598000
1776297600.267,300.267,0.5,11.03,0.43,5.0,0.59,5.67,0.6,15.0,0.41,5.67,0.4,15.0,0.5,35.6,0.57,5.0,0.09,0.09,2360.562061,1776297598000
1776297600.56,300.56,0.31,14.0,0.1,10.0,0.53,5.0,0.95,29.0,0.05,29.0,0.04,20.0,0.57,1.26,0.69,14.0,0.22,0.52,2360.562061,1776297598000
1776297600.847,300.847,0.31,14.0,0.1,10.0,0.95,24.0,0.96,20.0,0.05,29.0,0.04,20.0,0.65,5.0,0.69,14.0,0.64,0.6,2360.583059,1776297599000

# RESULT,winner=Up,slug=eth-updown-5m-1776297300,ticks=214
