timestamp,elapsed_sec,up_bid_p1,up_bid_s1,up_bid_p2,up_bid_s2,up_ask_p1,up_ask_s1,up_ask_p2,up_ask_s2,down_bid_p1,down_bid_s1,down_bid_p2,down_bid_s2,down_ask_p1,down_ask_s1,down_ask_p2,down_ask_s2,up_spread,down_spread,eth_price,eth_oracle_ts
1776219311.391,11.391,0.63,15.0,0.62,15.0,0.64,29.0,0.65,219.0,0.36,24.0,0.35,219.0,0.37,20.0,0.38,15.0,0.01,0.01,2335.748168,1776219310000
1776219311.708,11.708,0.63,9.0,0.62,15.0,0.64,92.0,0.65,219.0,0.36,24.0,0.35,219.0,0.37,20.0,0.38,15.0,0.01,0.01,2335.748168,1776219310000
1776219311.94,11.94,0.63,9.0,0.62,15.0,0.64,92.0,0.65,219.0,0.36,92.0,0.35,219.0,0.37,9.0,0.38,15.0,0.01,0.01,2335.747949,1776219311000
1776219312.855,12.855,0.63,9.0,0.62,15.0,0.64,92.0,0.65,219.0,0.36,92.0,0.35,219.0,0.37,9.0,0.38,15.0,0.01,0.01,2335.747963,1776219312000
1776219313.802,13.802,0.63,9.0,0.62,15.0,0.64,92.0,0.65,219.0,0.36,92.0,0.35,219.0,0.37,9.0,0.38,15.0,0.01,0.01,2335.747963,1776219313000
1776219315.317,15.317,0.63,9.0,0.62,15.0,0.64,92.0,0.65,219.0,0.36,92.0,0.35,219.0,0.37,9.0,0.38,15.0,0.01,0.01,2335.748661,1776219314000
1776219316.17,16.17,0.63,19.0,0.62,78.0,0.64,68.28,0.65,214.0,0.36,92.0,0.35,219.0,0.37,9.0,0.38,15.0,0.01,0.01,2335.748661,1776219314000
1776219316.396,16.396,0.63,19.0,0.62,78.0,0.64,68.28,0.65,214.0,0.36,68.28,0.35,214.0,0.37,19.0,0.38,78.0,0.01,0.01,2335.749174,1776219315000
1776219317.147,17.147,0.63,54.0,0.62,153.0,0.64,38.32,0.65,19.0,0.36,68.28,0.35,214.0,0.37,19.0,0.38,78.0,0.01,0.01,2335.749174,1776219315000
1776219318.049,18.049,0.63,49.0,0.62,153.0,0.64,18.75,0.65,19.0,0.36,18.75,0.35,19.0,0.37,49.0,0.38,153.0,0.01,0.01,2335.866412,1776219317000
1776219319.592,19.592,0.63,49.0,0.62,153.0,0.64,18.75,0.65,19.0,0.36,18.75,0.35,19.0,0.37,49.0,0.38,153.0,0.01,0.01,2335.962626,1776219318000
1776219319.925,19.925,0.63,249.0,0.62,83.0,0.64,12.53,0.65,10.0,0.36,18.75,0.35,19.0,0.37,49.0,0.38,153.0,0.01,0.01,2335.962626,1776219318000
1776219320.251,20.251,0.63,249.0,0.62,83.0,0.64,12.53,0.65,10.0,0.36,12.53,0.35,10.0,0.37,249.0,0.38,83.0,0.01,0.01,2336.001315,1776219319000
1776219320.736,20.736,0.65,250.0,0.64,20.0,0.66,18.45,0.67,10.0,0.34,14.84,0.33,10.0,0.35,55.0,0.36,20.0,0.01,0.01,2336.001315,1776219319000
1776219321.161,21.161,0.65,250.0,0.64,20.0,0.66,13.45,0.67,68.0,0.34,18.45,0.33,10.0,0.35,250.0,0.36,20.0,0.01,0.01,2336.001315,1776219319000
1776219321.693,21.693,0.65,250.0,0.64,20.0,0.66,13.45,0.67,68.0,0.34,13.45,0.33,68.0,0.35,250.0,0.36,20.0,0.01,0.01,2336.063185,1776219320000
1776219322.361,22.361,0.65,250.0,0.64,20.0,0.66,13.45,0.67,68.0,0.34,13.45,0.33,68.0,0.35,250.0,0.36,20.0,0.01,0.01,2336.033438,1776219321000
1776219322.579,22.579,0.65,255.0,0.64,20.0,0.66,3.45,0.67,5.0,0.34,13.45,0.33,68.0,0.35,250.0,0.36,20.0,0.01,0.01,2336.033438,1776219321000
1776219322.808,22.808,0.65,210.0,0.64,20.0,0.68,73.45,0.69,81.0,0.34,3.45,0.33,5.0,0.35,255.0,0.36,20.0,0.03,0.01,2336.033438,1776219321000
1776219323.08,23.08,0.65,210.0,0.64,20.0,0.68,73.45,0.69,81.0,0.32,73.45,0.31,81.0,0.35,210.0,0.36,20.0,0.03,0.03,2336.033494,1776219322000
1776219324.494,24.494,0.65,210.0,0.64,20.0,0.68,73.45,0.69,81.0,0.32,73.45,0.31,81.0,0.35,210.0,0.36,20.0,0.03,0.03,2336.034956,1776219323000
1776219325.208,25.208,0.65,210.0,0.64,20.0,0.68,73.45,0.69,81.0,0.32,73.45,0.31,81.0,0.35,210.0,0.36,20.0,0.03,0.03,2336.047335,1776219324000
1776219326.557,26.557,0.65,210.0,0.64,20.0,0.68,73.45,0.69,81.0,0.32,73.45,0.31,81.0,0.35,210.0,0.36,20.0,0.03,0.03,2336.081336,1776219325000
1776219326.842,26.842,0.67,14.84,0.66,15.0,0.68,385.45,0.69,80.0,0.32,387.45,0.31,80.0,0.33,9.84,0.34,15.0,0.01,0.01,2336.081336,1776219325000
1776219327.293,27.293,0.67,14.84,0.66,15.0,0.68,385.45,0.69,80.0,0.32,385.45,0.31,80.0,0.33,14.84,0.34,15.0,0.01,0.01,2336.095455,1776219326000
1776219327.503,27.503,0.67,14.84,0.66,15.0,0.68,383.87,0.69,80.0,0.32,385.45,0.31,80.0,0.33,14.84,0.34,15.0,0.01,0.01,2336.095455,1776219326000
1776219328.571,28.571,0.67,14.84,0.66,15.0,0.68,383.87,0.69,80.0,0.32,383.87,0.31,80.0,0.33,14.84,0.34,15.0,0.01,0.01,2336.029717,1776219327000
1776219329.285,29.285,0.67,19.84,0.66,15.0,0.68,107.5,0.69,190.0,0.32,383.87,0.31,80.0,0.33,14.84,0.34,15.0,0.01,0.01,2336.029717,1776219327000
1776219330.243,30.243,0.67,19.84,0.66,15.0,0.68,107.5,0.69,190.0,0.32,107.5,0.31,190.0,0.33,19.84,0.34,15.0,0.01,0.01,2336.040133,1776219329000
1776219330.685,30.685,0.67,34.84,0.66,20.0,0.68,43.02,0.69,5.0,0.32,107.5,0.31,190.0,0.33,19.84,0.34,15.0,0.01,0.01,2336.040133,1776219329000
1776219331.289,31.289,0.67,277.84,0.66,20.0,0.7,6.0,0.71,5.0,0.32,43.02,0.31,5.0,0.33,34.84,0.34,20.0,0.03,0.01,2336.040133,1776219329000
1776219331.524,31.524,0.71,7.0,0.7,81.0,0.72,35.08,0.73,81.0,0.29,5.0,0.28,22.0,0.3,6.0,0.31,25.0,0.01,0.01,2336.040133,1776219329000
1776219331.786,31.786,0.71,22.0,0.7,81.0,0.72,33.55,0.73,81.0,0.28,33.55,0.27,81.0,0.29,22.0,0.3,81.0,0.01,0.01,2336.076698,1776219330000
1776219332.433,32.433,0.71,22.0,0.7,81.0,0.72,33.55,0.73,81.0,0.28,33.55,0.27,81.0,0.29,22.0,0.3,81.0,0.01,0.01,2336.082806,1776219331000
1776219333.049,33.049,0.71,52.0,0.7,221.0,0.72,34.4,0.73,23.0,0.28,33.55,0.27,81.0,0.29,22.0,0.3,81.0,0.01,0.01,2336.082806,1776219331000
1776219333.427,33.427,0.71,52.0,0.7,221.0,0.72,30.62,0.73,23.0,0.28,20.62,0.27,23.0,0.29,47.0,0.3,221.0,0.01,0.01,2336.085843,1776219332000
1776219334.216,34.216,0.71,40.1,0.7,41.0,0.72,92.62,0.73,203.0,0.28,30.62,0.27,23.0,0.29,45.1,0.3,221.0,0.01,0.01,2336.085843,1776219332000
1776219334.93,34.93,0.71,40.1,0.7,41.0,0.72,92.62,0.73,203.0,0.28,92.62,0.27,203.0,0.29,40.1,0.3,41.0,0.01,0.01,2336.265323,1776219333000
1776219335.499,35.499,0.65,15.0,0.64,33.0,0.66,40.0,0.69,12.0,0.34,40.0,0.31,12.0,0.35,15.0,0.36,33.0,0.01,0.01,2336.270022,1776219334000
1776219336.0,36.0,0.63,15.0,0.6,5.0,0.65,17.38,0.66,65.0,0.34,40.0,0.31,12.0,0.35,15.0,0.36,33.0,0.02,0.01,2336.270022,1776219334000
1776219336.219,36.219,0.59,87.06,0.58,13.0,0.61,10.0,0.62,23.15,0.39,10.0,0.38,15.0,0.4,2.0,0.41,89.99,0.02,0.01,2336.295819,1776219335000
1776219337.094,37.094,0.57,63.37,0.56,5.0,0.58,22.1,0.59,10.0,0.42,22.1,0.41,10.0,0.43,63.37,0.44,5.0,0.01,0.01,2336.201415,1776219336000
1776219337.536,37.536,0.57,81.04,0.56,25.0,0.58,62.1,0.59,10.0,0.42,22.1,0.41,10.0,0.43,63.37,0.44,5.0,0.01,0.01,2336.201415,1776219336000
1776219337.999,37.999,0.57,81.04,0.56,25.0,0.58,62.1,0.59,10.0,0.42,62.1,0.41,10.0,0.43,81.04,0.44,25.0,0.01,0.01,2335.893477,1776219337000
1776219339.027,39.027,0.57,81.04,0.56,25.0,0.58,62.1,0.59,10.0,0.42,62.1,0.41,10.0,0.43,81.04,0.44,25.0,0.01,0.01,2335.749528,1776219338000
1776219339.95,39.95,0.57,6.04,0.52,5.0,0.58,330.1,0.59,20.0,0.42,62.1,0.41,10.0,0.43,81.04,0.44,25.0,0.01,0.01,2335.749528,1776219338000
1776219341.06,41.06,0.5,20.0,0.49,19.5,0.51,190.8,0.52,156.05,0.49,7.9,0.48,93.05,0.5,15.0,0.51,19.5,0.01,0.01,2335.73101,1776219339000
1776219342.007,42.007,0.5,8.0,0.48,5.0,0.51,399.09,0.52,96.05,0.49,183.09,0.48,151.05,0.5,14.9,0.51,19.5,0.01,0.01,2335.726175,1776219340000
1776219342.88,42.88,0.38,10.0,0.37,53.69,0.39,81.43,0.4,25.0,0.55,25.0,0.54,50.0,0.6,6.43,0.61,10.0,0.01,0.05,2335.495754,1776219341000
1776219343.087,43.087,0.38,10.0,0.37,53.69,0.39,81.43,0.4,25.0,0.61,81.43,0.6,25.0,0.62,10.0,0.63,53.69,0.01,0.01,2335.396365,1776219342000
1776219343.819,43.819,0.37,63.69,0.36,73.0,0.38,74.0,0.39,47.43,0.61,76.43,0.6,20.0,0.63,58.69,0.64,10.0,0.01,0.02,2335.396365,1776219342000
1776219344.277,44.277,0.37,61.47,0.36,91.66,0.38,64.0,0.39,47.43,0.62,69.0,0.61,47.43,0.63,52.34,0.64,73.0,0.01,0.01,2335.396365,1776219342000
1776219344.955,44.955,0.37,71.47,0.36,91.66,0.38,66.15,0.39,47.43,0.62,66.15,0.61,47.43,0.63,71.47,0.64,91.66,0.01,0.01,2334.82753,1776219343000
1776219345.353,45.353,0.37,71.47,0.36,91.66,0.38,58.46,0.39,227.43,0.62,66.15,0.61,47.43,0.63,71.47,0.64,91.66,0.01,0.01,2334.82753,1776219343000
1776219345.816,45.816,0.37,207.7,0.36,106.66,0.38,28.19,0.39,197.43,0.62,58.46,0.61,227.43,0.63,64.14,0.64,106.66,0.01,0.01,2334.666621,1776219344000
1776219346.174,46.174,0.37,207.7,0.36,106.66,0.38,28.19,0.39,197.43,0.62,28.19,0.61,197.43,0.63,207.7,0.64,106.66,0.01,0.01,2334.7072,1776219345000
1776219346.872,46.872,0.37,80.76,0.36,101.66,0.38,116.19,0.39,197.43,0.62,28.19,0.61,197.43,0.63,207.7,0.64,106.66,0.01,0.01,2334.7072,1776219345000
1776219347.457,47.457,0.37,80.76,0.36,101.66,0.38,116.19,0.39,197.43,0.62,116.19,0.61,197.43,0.63,80.76,0.64,101.66,0.01,0.01,2334.669513,1776219346000
1776219347.853,47.853,0.34,87.32,0.33,15.0,0.35,80.0,0.36,21.0,0.62,116.19,0.61,197.43,0.63,80.76,0.64,101.66,0.01,0.01,2334.669513,1776219346000
1776219348.065,48.065,0.31,6.06,0.29,63.0,0.35,85.0,0.36,31.0,0.65,85.0,0.64,31.0,0.69,6.06,0.71,63.0,0.04,0.04,2334.70521,1776219347000
1776219349.584,49.584,0.31,61.49,0.3,26.0,0.32,112.0,0.33,15.0,0.65,85.0,0.64,31.0,0.69,6.06,0.71,63.0,0.01,0.04,2334.70521,1776219347000
1776219349.888,49.888,0.31,61.49,0.3,26.0,0.32,112.0,0.33,15.0,0.68,112.0,0.67,15.0,0.69,61.49,0.7,26.0,0.01,0.01,2334.442874,1776219348000
1776219350.429,50.429,0.31,61.49,0.3,26.0,0.32,112.0,0.33,15.0,0.68,112.0,0.67,15.0,0.69,61.49,0.7,26.0,0.01,0.01,2334.442874,1776219349000
1776219350.709,50.709,0.31,31.43,0.3,59.77,0.32,271.0,0.33,15.0,0.68,112.0,0.67,15.0,0.69,61.49,0.7,26.0,0.01,0.01,2334.442874,1776219349000
1776219351.58,51.58,0.31,48.43,0.3,59.77,0.32,296.0,0.33,15.0,0.68,271.0,0.67,15.0,0.69,31.43,0.7,59.77,0.01,0.01,2334.486159,1776219350000
1776219351.894,51.894,0.31,48.43,0.3,59.77,0.32,296.0,0.33,15.0,0.68,296.0,0.67,15.0,0.69,48.43,0.7,59.77,0.01,0.01,2334.478682,1776219351000
1776219352.411,52.411,0.33,137.43,0.32,221.58,0.34,51.0,0.35,10.0,0.66,10.0,0.65,46.0,0.68,14.58,0.69,144.0,0.01,0.02,2334.478682,1776219351000
1776219352.96,52.96,0.33,137.43,0.32,221.58,0.34,20.85,0.35,10.0,0.66,20.85,0.65,10.0,0.67,137.43,0.68,221.58,0.01,0.01,2334.400074,1776219352000
1776219353.605,53.605,0.38,37.0,0.37,21.43,0.39,10.0,0.4,16.0,0.66,20.85,0.65,10.0,0.67,137.43,0.68,221.58,0.01,0.01,2334.400074,1776219352000
1776219353.959,53.959,0.38,37.0,0.37,21.43,0.39,10.0,0.4,16.0,0.61,10.0,0.6,16.0,0.62,37.0,0.63,21.43,0.01,0.01,2334.505624,1776219353000
1776219355.0,55.0,0.38,37.0,0.37,21.43,0.39,10.0,0.4,16.0,0.61,10.0,0.6,16.0,0.62,37.0,0.63,21.43,0.01,0.01,2334.483335,1776219354000
1776219355.583,55.583,0.38,62.0,0.37,21.0,0.39,10.0,0.4,83.0,0.61,10.0,0.6,16.0,0.62,37.0,0.63,21.43,0.01,0.01,2334.483335,1776219354000
1776219356.058,56.058,0.38,62.0,0.37,21.0,0.39,10.0,0.4,83.0,0.61,10.0,0.6,83.0,0.62,62.0,0.63,21.0,0.01,0.01,2334.5623,1776219355000
1776219356.622,56.622,0.38,67.0,0.37,79.0,0.39,5.0,0.4,25.0,0.61,10.0,0.6,83.0,0.62,62.0,0.63,21.0,0.01,0.01,2334.5623,1776219355000
1776219356.922,56.922,0.38,67.0,0.37,201.0,0.4,82.87,0.41,15.0,0.61,5.0,0.6,25.0,0.62,67.0,0.63,79.0,0.02,0.01,2334.5623,1776219355000
1776219357.342,57.342,0.39,4.91,0.38,57.0,0.4,97.87,0.41,25.0,0.6,82.87,0.59,15.0,0.62,67.0,0.63,201.0,0.01,0.02,2334.622061,1776219356000
1776219357.58,57.58,0.39,4.91,0.38,57.0,0.4,92.87,0.41,25.0,0.6,97.87,0.59,25.0,0.61,4.91,0.62,57.0,0.01,0.01,2334.622061,1776219356000
1776219357.958,57.958,0.39,4.91,0.38,57.0,0.4,92.87,0.41,25.0,0.6,92.87,0.59,25.0,0.61,4.91,0.62,57.0,0.01,0.01,2334.645781,1776219357000
1776219358.536,58.536,0.39,57.0,0.38,67.0,0.4,12.19,0.41,58.0,0.6,92.87,0.59,25.0,0.61,4.91,0.62,57.0,0.01,0.01,2334.645781,1776219357000
1776219358.782,58.782,0.4,49.21,0.39,80.0,0.41,20.0,0.42,15.0,0.59,63.0,0.58,11.0,0.61,77.0,0.62,62.0,0.01,0.02,2334.645781,1776219357000
1776219358.986,58.986,0.41,15.0,0.4,54.21,0.43,9.34,0.44,26.0,0.57,9.34,0.56,26.0,0.59,15.0,0.6,54.21,0.02,0.02,2334.653431,1776219358000
1776219359.589,59.589,0.41,10.0,0.4,8.21,0.42,35.0,0.43,24.34,0.57,19.34,0.56,26.0,0.59,56.0,0.6,224.21,0.01,0.02,2334.653431,1776219358000
1776219359.81,59.81,0.39,18.0,0.38,202.08,0.41,20.0,0.42,70.0,0.58,45.0,0.57,19.34,0.6,8.21,0.61,18.0,0.02,0.02,2334.653431,1776219358000
1776219360.025,60.025,0.39,18.0,0.38,202.08,0.41,20.0,0.42,70.0,0.59,20.0,0.58,70.0,0.61,18.0,0.62,202.08,0.02,0.02,2334.659456,1776219359000
1776219360.784,60.784,0.39,1.11,0.38,22.08,0.4,102.0,0.41,215.0,0.59,20.0,0.58,70.0,0.61,18.0,0.62,202.08,0.01,0.02,2334.659456,1776219359000
1776219361.594,61.594,0.38,19.0,0.37,34.0,0.39,44.0,0.4,263.0,0.6,102.0,0.59,215.0,0.61,1.11,0.62,22.08,0.01,0.01,2334.773506,1776219360000
1776219362.012,62.012,0.38,19.0,0.37,34.0,0.39,44.0,0.4,263.0,0.61,44.0,0.6,263.0,0.62,19.0,0.63,34.0,0.01,0.01,2334.748735,1776219361000
1776219363.323,63.323,0.38,19.0,0.37,34.0,0.39,44.0,0.4,263.0,0.61,44.0,0.6,263.0,0.62,19.0,0.63,34.0,0.01,0.01,2334.742601,1776219362000
1776219363.596,63.596,0.38,24.0,0.37,31.0,0.39,25.0,0.4,83.0,0.61,44.0,0.6,263.0,0.62,19.0,0.63,34.0,0.01,0.01,2334.742601,1776219362000
1776219364.589,64.589,0.38,24.0,0.37,31.0,0.39,25.0,0.4,83.0,0.61,25.0,0.6,83.0,0.62,24.0,0.63,31.0,0.01,0.01,2334.743583,1776219363000
1776219365.395,65.395,0.38,24.0,0.37,31.0,0.39,25.0,0.4,83.0,0.61,25.0,0.6,83.0,0.62,24.0,0.63,31.0,0.01,0.01,2334.7436,1776219364000
1776219366.059,66.059,0.38,33.83,0.37,39.0,0.4,5.0,0.41,63.9,0.6,5.0,0.59,63.9,0.62,33.83,0.63,39.0,0.02,0.02,2334.745191,1776219365000
1776219367.475,67.475,0.38,33.83,0.37,39.0,0.4,5.0,0.41,63.9,0.6,5.0,0.59,63.9,0.62,33.83,0.63,39.0,0.02,0.02,2334.830276,1776219366000
1776219368.044,68.044,0.37,213.0,0.36,28.0,0.38,4.73,0.39,20.0,0.61,25.0,0.6,83.0,0.62,2.83,0.63,219.0,0.01,0.01,2334.830276,1776219366000
1776219368.285,68.285,0.37,213.0,0.36,28.0,0.38,4.73,0.39,20.0,0.62,4.73,0.61,20.0,0.63,213.0,0.64,28.0,0.01,0.01,2334.819075,1776219367000
1776219369.025,69.025,0.37,213.0,0.36,28.0,0.38,4.73,0.39,20.0,0.62,4.73,0.61,20.0,0.63,213.0,0.64,28.0,0.01,0.01,2334.768535,1776219368000
1776219370.326,70.326,0.37,213.0,0.36,28.0,0.38,4.73,0.39,20.0,0.62,4.73,0.61,20.0,0.63,213.0,0.64,28.0,0.01,0.01,2334.760157,1776219369000
1776219370.991,70.991,0.37,213.0,0.36,28.0,0.38,4.73,0.39,20.0,0.62,4.73,0.61,20.0,0.63,213.0,0.64,28.0,0.01,0.01,2334.740255,1776219370000
1776219371.433,71.433,0.38,5.01,0.37,28.0,0.39,30.0,0.4,78.0,0.62,4.73,0.61,20.0,0.63,213.0,0.64,28.0,0.01,0.01,2334.740255,1776219370000
1776219372.094,72.094,0.38,29.01,0.37,28.0,0.39,21.0,0.4,78.0,0.61,30.0,0.6,78.0,0.62,5.01,0.63,28.0,0.01,0.01,2334.740255,1776219370000
1776219372.639,72.639,0.38,29.01,0.37,28.0,0.39,21.0,0.4,78.0,0.61,21.0,0.6,78.0,0.62,29.01,0.63,28.0,0.01,0.01,2334.740205,1776219371000
1776219373.355,73.355,0.38,29.01,0.37,28.0,0.39,21.0,0.4,78.0,0.61,21.0,0.6,78.0,0.62,29.01,0.63,28.0,0.01,0.01,2334.738786,1776219372000
1776219373.564,73.564,0.37,7.0,0.36,29.0,0.38,33.0,0.39,205.0,0.61,21.0,0.6,78.0,0.62,29.01,0.63,28.0,0.01,0.01,2334.738786,1776219372000
1776219374.121,74.121,0.36,30.0,0.35,20.0,0.38,38.0,0.39,205.0,0.62,38.0,0.61,205.0,0.64,30.0,0.65,20.0,0.02,0.02,2334.739651,1776219373000
1776219375.455,75.455,0.36,30.0,0.35,20.0,0.38,38.0,0.39,205.0,0.62,38.0,0.61,205.0,0.64,30.0,0.65,20.0,0.02,0.02,2334.731208,1776219374000
1776219376.218,76.218,0.36,30.0,0.35,20.0,0.38,38.0,0.39,205.0,0.62,38.0,0.61,205.0,0.64,30.0,0.65,20.0,0.02,0.02,2334.718924,1776219375000
1776219377.483,77.483,0.36,30.0,0.35,20.0,0.38,38.0,0.39,205.0,0.62,38.0,0.61,205.0,0.64,30.0,0.65,20.0,0.02,0.02,2334.719681,1776219376000
1776219378.208,78.208,0.36,30.0,0.35,20.0,0.38,38.0,0.39,205.0,0.62,38.0,0.61,205.0,0.64,30.0,0.65,20.0,0.02,0.02,2334.719999,1776219377000
1776219379.532,79.532,0.36,30.0,0.35,20.0,0.38,38.0,0.39,205.0,0.62,38.0,0.61,205.0,0.64,30.0,0.65,20.0,0.02,0.02,2334.708739,1776219378000
1776219380.473,80.473,0.36,30.0,0.35,20.0,0.38,38.0,0.39,205.0,0.62,38.0,0.61,205.0,0.64,30.0,0.65,20.0,0.02,0.02,2334.701389,1776219379000
1776219381.525,81.525,0.36,30.0,0.35,20.0,0.38,38.0,0.39,205.0,0.62,38.0,0.61,205.0,0.64,30.0,0.65,20.0,0.02,0.02,2334.710227,1776219380000
1776219381.914,81.914,0.38,6.0,0.37,221.0,0.39,5.0,0.4,5.0,0.62,38.0,0.61,205.0,0.64,30.0,0.65,20.0,0.01,0.02,2334.710227,1776219380000
1776219382.171,82.171,0.4,25.0,0.39,252.0,0.41,33.9,0.42,5.0,0.61,5.0,0.6,5.0,0.62,6.0,0.63,221.0,0.01,0.01,2334.709522,1776219381000
1776219382.68,82.68,0.44,3.89,0.43,103.0,0.45,25.0,0.47,5.0,0.56,68.81,0.55,44.0,0.58,5.0,0.6,51.0,0.01,0.02,2334.709522,1776219381000
1776219383.644,83.644,0.46,25.0,0.45,20.0,0.47,17.85,0.48,68.0,0.53,5.0,0.52,18.0,0.56,70.89,0.57,123.0,0.01,0.03,2334.709522,1776219381000
1776219384.277,84.277,0.46,4.0,0.45,15.0,0.47,15.0,0.48,68.0,0.53,15.0,0.52,68.0,0.54,4.0,0.55,15.0,0.01,0.01,2334.905416,1776219383000
1776219385.354,85.354,0.46,4.0,0.45,15.0,0.47,15.0,0.48,68.0,0.53,15.0,0.52,68.0,0.54,4.0,0.55,15.0,0.01,0.01,2334.980492,1776219384000
1776219385.861,85.861,0.46,4.0,0.45,15.0,0.47,15.0,0.48,68.0,0.53,15.0,0.52,68.0,0.54,4.0,0.55,15.0,0.01,0.01,2335.023307,1776219385000
1776219386.54,86.54,0.48,70.0,0.47,231.0,0.49,122.89,0.5,39.0,0.51,119.32,0.5,34.0,0.53,75.0,0.54,231.0,0.01,0.02,2335.023307,1776219385000
1776219387.047,87.047,0.48,70.0,0.47,231.0,0.49,122.89,0.5,39.0,0.51,122.89,0.5,39.0,0.52,70.0,0.53,231.0,0.01,0.01,2335.120349,1776219386000
1776219387.783,87.783,0.5,7.0,0.49,121.0,0.52,57.66,0.53,10.0,0.51,122.89,0.5,39.0,0.52,70.0,0.53,231.0,0.02,0.01,2335.120349,1776219386000
1776219387.992,87.992,0.5,7.0,0.49,90.0,0.52,47.02,0.53,10.0,0.48,47.02,0.47,10.0,0.5,7.0,0.51,90.0,0.02,0.02,2335.141383,1776219387000
1776219388.29,88.29,0.5,4.54,0.49,196.0,0.51,25.86,0.52,84.02,0.49,30.86,0.48,79.02,0.5,14.4,0.51,196.0,0.01,0.01,2335.141383,1776219387000
1776219388.972,88.972,0.49,185.0,0.47,5.0,0.5,29.4,0.51,39.86,0.49,18.86,0.48,84.02,0.51,186.0,0.55,20.0,0.01,0.02,2335.141383,1776219387000
1776219389.217,89.217,0.49,185.0,0.47,5.0,0.5,29.4,0.51,39.86,0.5,29.4,0.49,39.86,0.51,185.0,0.53,5.0,0.01,0.01,2335.254317,1776219388000
1776219390.41,90.41,0.49,185.0,0.47,5.0,0.5,29.4,0.51,39.86,0.5,29.4,0.49,39.86,0.51,185.0,0.53,5.0,0.01,0.01,2335.247411,1776219389000
1776219391.155,91.155,0.49,185.0,0.47,5.0,0.5,29.4,0.51,39.86,0.5,29.4,0.49,39.86,0.51,185.0,0.53,5.0,0.01,0.01,2335.247411,1776219390000
1776219392.166,92.166,0.46,15.0,0.45,26.08,0.47,51.0,0.48,63.0,0.5,29.4,0.49,39.86,0.51,185.0,0.53,5.0,0.01,0.01,2335.247411,1776219390000
1776219392.425,92.425,0.46,3.14,0.45,26.08,0.47,46.0,0.48,63.0,0.53,51.0,0.52,63.0,0.54,15.0,0.55,26.08,0.01,0.01,2335.189329,1776219391000
1776219393.311,93.311,0.46,10.0,0.45,26.08,0.47,45.36,0.48,63.0,0.53,46.0,0.52,63.0,0.54,3.14,0.55,26.08,0.01,0.01,2335.189329,1776219391000
1776219393.922,93.922,0.46,10.0,0.45,26.08,0.47,45.36,0.48,63.0,0.53,45.36,0.52,63.0,0.54,10.0,0.55,26.08,0.01,0.01,2335.192905,1776219393000
1776219394.495,94.495,0.46,10.0,0.45,26.08,0.47,85.16,0.48,63.0,0.53,45.36,0.52,63.0,0.54,10.0,0.55,26.08,0.01,0.01,2335.192905,1776219393000
1776219395.123,95.123,0.46,10.0,0.45,26.08,0.47,85.16,0.48,63.0,0.53,85.16,0.52,63.0,0.54,10.0,0.55,26.08,0.01,0.01,2335.193978,1776219394000
1776219396.715,96.715,0.46,10.0,0.45,26.08,0.47,85.16,0.48,63.0,0.53,85.16,0.52,63.0,0.54,10.0,0.55,26.08,0.01,0.01,2335.194699,1776219395000
1776219396.994,96.994,0.46,25.0,0.45,21.08,0.47,17.16,0.48,23.0,0.53,85.16,0.52,63.0,0.54,10.0,0.55,26.08,0.01,0.01,2335.194699,1776219395000
1776219397.342,97.342,0.46,25.0,0.45,21.08,0.47,6.52,0.48,28.0,0.53,17.16,0.52,23.0,0.54,25.0,0.55,21.08,0.01,0.01,2335.194699,1776219395000
1776219398.167,98.167,0.46,25.0,0.45,21.08,0.47,6.52,0.48,28.0,0.53,6.52,0.52,28.0,0.54,25.0,0.55,21.08,0.01,0.01,2335.210096,1776219397000
1776219399.528,99.528,0.46,25.0,0.45,21.08,0.47,6.52,0.48,28.0,0.53,6.52,0.52,28.0,0.54,25.0,0.55,21.08,0.01,0.01,2335.210194,1776219398000
1776219400.12,100.12,0.46,25.0,0.45,21.08,0.47,6.52,0.48,28.0,0.53,6.52,0.52,28.0,0.54,25.0,0.55,21.08,0.01,0.01,2335.248107,1776219399000
1776219401.472,101.472,0.46,25.0,0.45,21.08,0.47,6.52,0.48,28.0,0.53,6.52,0.52,28.0,0.54,25.0,0.55,21.08,0.01,0.01,2335.184455,1776219400000
1776219402.12,102.12,0.46,25.0,0.45,21.08,0.47,6.52,0.48,28.0,0.53,6.52,0.52,28.0,0.54,25.0,0.55,21.08,0.01,0.01,2335.173512,1776219401000
1776219403.288,103.288,0.46,25.0,0.45,21.08,0.47,6.52,0.48,28.0,0.53,6.52,0.52,28.0,0.54,25.0,0.55,21.08,0.01,0.01,2335.214805,1776219402000
1776219404.53,104.53,0.46,25.0,0.45,21.08,0.47,6.52,0.48,28.0,0.53,6.52,0.52,28.0,0.54,25.0,0.55,21.08,0.01,0.01,2335.21968,1776219403000
1776219405.113,105.113,0.46,25.0,0.45,21.08,0.47,6.52,0.48,28.0,0.53,6.52,0.52,28.0,0.54,25.0,0.55,21.08,0.01,0.01,2335.21943,1776219404000
1776219406.339,106.339,0.46,25.0,0.45,21.08,0.47,6.52,0.48,28.0,0.53,6.52,0.52,28.0,0.54,25.0,0.55,21.08,0.01,0.01,2335.17383,1776219405000
1776219406.808,106.808,0.47,47.0,0.46,47.0,0.48,62.0,0.49,205.0,0.53,6.52,0.52,28.0,0.54,25.0,0.55,21.08,0.01,0.01,2335.17383,1776219405000
1776219408.1,108.1,0.47,47.0,0.46,47.0,0.48,62.0,0.49,205.0,0.52,62.0,0.51,205.0,0.53,47.0,0.54,47.0,0.01,0.01,2335.167485,1776219407000
1776219408.333,108.333,0.48,20.0,0.47,88.0,0.5,6.2,0.51,5.0,0.52,62.0,0.51,205.0,0.53,47.0,0.54,47.0,0.02,0.01,2335.167485,1776219407000
1776219409.313,109.313,0.49,20.0,0.48,41.0,0.5,2.12,0.51,5.0,0.5,2.12,0.49,5.0,0.51,20.0,0.52,41.0,0.01,0.01,2335.1681,1776219408000
1776219410.607,110.607,0.49,20.0,0.48,41.0,0.5,2.12,0.51,5.0,0.5,2.12,0.49,5.0,0.51,20.0,0.52,41.0,0.01,0.01,2335.28548,1776219409000
1776219411.245,111.245,0.49,20.0,0.48,41.0,0.5,2.12,0.51,5.0,0.5,2.12,0.49,5.0,0.51,20.0,0.52,41.0,0.01,0.01,2335.282672,1776219410000
1776219412.471,112.471,0.46,27.42,0.45,60.4,0.47,31.0,0.48,41.0,0.5,2.12,0.49,5.0,0.51,20.0,0.52,41.0,0.01,0.01,2335.282672,1776219410000
1776219413.066,113.066,0.46,29.74,0.45,26.08,0.47,36.0,0.48,41.0,0.53,31.0,0.52,41.0,0.54,27.42,0.55,60.4,0.01,0.01,2335.282672,1776219410000
1776219413.377,113.377,0.46,20.0,0.45,36.08,0.47,38.87,0.48,41.0,0.53,36.0,0.52,41.0,0.54,29.74,0.55,26.08,0.01,0.01,2335.183821,1776219412000
1776219414.379,114.379,0.46,20.0,0.45,36.08,0.47,38.87,0.48,41.0,0.53,38.87,0.52,41.0,0.54,20.0,0.55,36.08,0.01,0.01,2335.185865,1776219413000
1776219415.018,115.018,0.46,20.0,0.45,36.08,0.47,38.87,0.48,41.0,0.53,38.87,0.52,41.0,0.54,20.0,0.55,36.08,0.01,0.01,2335.185875,1776219414000
1776219415.535,115.535,0.45,1.08,0.44,10.0,0.46,21.0,0.47,301.87,0.53,38.87,0.52,41.0,0.54,20.0,0.55,36.08,0.01,0.01,2335.185875,1776219414000
1776219416.121,116.121,0.44,5.0,0.43,23.0,0.45,8.92,0.46,36.0,0.55,8.92,0.54,36.0,0.56,5.0,0.57,23.0,0.01,0.01,2335.186865,1776219415000
1776219417.388,117.388,0.44,5.0,0.43,23.0,0.45,8.92,0.46,36.0,0.55,8.92,0.54,36.0,0.56,5.0,0.57,23.0,0.01,0.01,2335.167411,1776219416000
1776219417.932,117.932,0.44,5.0,0.43,23.0,0.45,8.92,0.46,36.0,0.55,8.92,0.54,36.0,0.56,5.0,0.57,23.0,0.01,0.01,2335.167411,1776219417000
1776219418.293,118.293,0.44,2.0,0.41,5.0,0.45,143.92,0.46,96.0,0.55,132.92,0.54,226.0,0.56,11.07,0.57,12.0,0.01,0.01,2335.167411,1776219417000
1776219418.697,118.697,0.39,10.0,0.38,35.0,0.4,46.0,0.41,256.0,0.58,10.0,0.57,10.0,0.61,25.0,0.62,20.0,0.01,0.03,2335.167411,1776219417000
1776219419.089,119.089,0.38,35.0,0.37,12.0,0.4,46.0,0.41,256.0,0.6,46.0,0.59,256.0,0.62,35.0,0.63,12.0,0.02,0.02,2335.121514,1776219418000
1776219419.587,119.587,0.33,7.8,0.32,21.0,0.34,10.0,0.35,10.0,0.61,27.1,0.6,41.0,0.62,30.0,0.63,37.0,0.01,0.01,2335.121514,1776219418000
1776219420.214,120.214,0.33,0.24,0.32,26.0,0.34,46.0,0.35,31.0,0.66,46.0,0.65,31.0,0.67,0.24,0.68,26.0,0.01,0.01,2335.0857,1776219419000
1776219420.852,120.852,0.32,12.0,0.31,21.0,0.33,51.0,0.34,37.0,0.66,46.0,0.65,31.0,0.67,0.24,0.68,26.0,0.01,0.01,2335.0857,1776219419000
1776219421.054,121.054,0.31,1.88,0.3,21.0,0.32,16.0,0.33,56.0,0.67,56.0,0.66,37.0,0.69,13.0,0.7,5.0,0.01,0.02,2335.0857,1776219419000
1776219421.308,121.308,0.31,1.88,0.3,21.0,0.32,16.0,0.33,56.0,0.68,16.0,0.67,56.0,0.69,1.88,0.7,21.0,0.01,0.01,2334.79631,1776219420000
1776219421.904,121.904,0.3,30.0,0.29,36.0,0.31,5.0,0.32,31.0,0.68,31.0,0.67,26.0,0.7,20.0,0.71,25.0,0.01,0.02,2334.79631,1776219420000
1776219422.105,122.105,0.3,30.0,0.29,36.0,0.31,5.0,0.32,31.0,0.69,5.0,0.68,31.0,0.7,30.0,0.71,36.0,0.01,0.01,2334.79631,1776219421000
1776219422.939,122.939,0.36,35.0,0.35,31.0,0.37,1.0,0.39,5.0,0.69,5.0,0.68,31.0,0.7,30.0,0.71,36.0,0.01,0.01,2334.79631,1776219421000
1776219424.22,124.22,0.38,20.0,0.37,15.0,0.39,7.0,0.4,185.0,0.61,7.0,0.6,185.0,0.62,20.0,0.63,15.0,0.01,0.01,2334.78132,1776219423000
1776219424.805,124.805,0.39,15.0,0.38,74.0,0.4,253.69,0.41,75.0,0.61,7.0,0.6,185.0,0.62,20.0,0.63,15.0,0.01,0.01,2334.78132,1776219423000
1776219425.331,125.331,0.38,40.0,0.37,15.0,0.4,253.69,0.41,75.0,0.6,253.69,0.59,75.0,0.62,40.0,0.63,15.0,0.02,0.02,2334.827284,1776219424000
1776219425.911,125.911,0.38,40.0,0.37,15.0,0.4,253.69,0.41,75.0,0.6,253.69,0.59,75.0,0.62,40.0,0.63,15.0,0.02,0.02,2334.890905,1776219425000
1776219426.823,126.823,0.39,32.01,0.38,40.0,0.4,20.0,0.41,65.0,0.6,253.69,0.59,75.0,0.62,40.0,0.63,15.0,0.01,0.02,2334.890905,1776219425000
1776219427.064,127.064,0.39,32.01,0.38,40.0,0.4,20.0,0.41,65.0,0.6,20.0,0.59,65.0,0.61,32.01,0.62,40.0,0.01,0.01,2334.895425,1776219426000
1776219428.464,128.464,0.39,32.01,0.38,40.0,0.4,20.0,0.41,65.0,0.6,20.0,0.59,65.0,0.61,32.01,0.62,40.0,0.01,0.01,2334.833355,1776219427000
1776219429.233,129.233,0.39,32.01,0.38,40.0,0.4,20.0,0.41,65.0,0.6,20.0,0.59,65.0,0.61,32.01,0.62,40.0,0.01,0.01,2334.838515,1776219428000
1776219429.961,129.961,0.38,32.93,0.37,78.0,0.39,15.0,0.4,20.0,0.6,20.0,0.59,65.0,0.61,32.01,0.62,40.0,0.01,0.01,2334.838515,1776219428000
1776219430.483,130.483,0.38,39.73,0.37,83.0,0.39,5.0,0.4,20.0,0.61,15.0,0.6,20.0,0.62,32.93,0.63,78.0,0.01,0.01,2334.838515,1776219428000
1776219431.136,131.136,0.4,51.0,0.39,23.0,0.45,5.0,0.46,15.0,0.61,5.0,0.6,20.0,0.62,39.73,0.63,83.0,0.05,0.01,2334.82452,1776219429000
1776219431.954,131.954,0.45,8.18,0.44,15.0,0.46,35.98,0.47,20.0,0.54,30.98,0.53,15.0,0.56,25.0,0.57,15.0,0.01,0.02,2334.861792,1776219430000
1776219432.321,132.321,0.45,8.18,0.44,15.0,0.46,35.98,0.47,20.0,0.54,35.98,0.53,20.0,0.55,8.18,0.56,15.0,0.01,0.01,2334.828935,1776219431000
1776219432.749,132.749,0.45,13.18,0.44,15.0,0.46,48.5,0.47,20.0,0.54,35.98,0.53,20.0,0.55,8.18,0.56,15.0,0.01,0.01,2334.828935,1776219431000
1776219433.35,133.35,0.45,13.18,0.44,15.0,0.46,48.5,0.47,20.0,0.54,48.5,0.53,20.0,0.55,13.18,0.56,15.0,0.01,0.01,2335.035413,1776219432000
1776219434.332,134.332,0.45,13.18,0.44,15.0,0.46,48.5,0.47,20.0,0.54,48.5,0.53,20.0,0.55,13.18,0.56,15.0,0.01,0.01,2335.044954,1776219433000
1776219434.874,134.874,0.44,7.94,0.43,20.0,0.46,286.5,0.47,20.0,0.54,48.5,0.53,20.0,0.55,13.18,0.56,15.0,0.02,0.01,2335.044954,1776219433000
1776219436.127,136.127,0.44,7.94,0.43,20.0,0.46,286.5,0.47,20.0,0.54,286.5,0.53,20.0,0.56,7.94,0.57,20.0,0.02,0.02,2335.040822,1776219435000
1776219437.379,137.379,0.44,57.94,0.43,25.0,0.46,17.52,0.47,73.0,0.54,286.5,0.53,20.0,0.56,7.94,0.57,20.0,0.02,0.02,2335.040822,1776219435000
1776219437.81,137.81,0.45,15.0,0.44,52.94,0.46,12.52,0.47,78.0,0.54,12.52,0.53,78.0,0.55,15.0,0.56,52.94,0.01,0.01,2335.022426,1776219436000
1776219438.123,138.123,0.49,30.0,0.48,200.0,0.52,55.0,0.53,5.0,0.54,12.52,0.53,78.0,0.55,15.0,0.56,52.94,0.03,0.01,2335.022426,1776219436000
1776219438.439,138.439,0.51,20.0,0.5,10.0,0.52,60.0,0.53,5.0,0.48,55.0,0.47,5.0,0.51,30.0,0.52,200.0,0.01,0.03,2335.038215,1776219437000
1776219439.069,139.069,0.51,20.0,0.5,10.0,0.52,60.0,0.53,5.0,0.48,60.0,0.47,5.0,0.49,20.0,0.5,10.0,0.01,0.01,2335.116635,1776219438000
1776219440.694,140.694,0.51,239.42,0.5,10.0,0.52,55.75,0.54,6.08,0.48,70.0,0.47,15.0,0.49,34.42,0.5,73.0,0.01,0.01,2335.116635,1776219438000
1776219440.947,140.947,0.51,250.42,0.5,10.0,0.52,37.5,0.54,6.08,0.48,52.6,0.46,6.08,0.49,244.42,0.5,10.0,0.01,0.01,2335.215241,1776219439000
1776219441.17,141.17,0.51,266.42,0.5,15.0,0.52,27.5,0.54,6.08,0.48,37.5,0.46,6.08,0.49,250.42,0.5,10.0,0.01,0.01,2335.215241,1776219439000
1776219441.447,141.447,0.51,266.42,0.5,10.0,0.55,58.0,0.57,14.7,0.48,27.5,0.46,6.08,0.49,266.42,0.5,15.0,0.04,0.01,2335.228935,1776219440000
1776219442.028,142.028,0.51,266.42,0.5,10.0,0.55,58.0,0.57,14.7,0.45,58.0,0.43,14.7,0.49,266.42,0.5,10.0,0.04,0.04,2335.22952,1776219441000
1776219442.34,142.34,0.57,61.0,0.56,16.0,0.58,0.01,0.59,10.0,0.42,7.1,0.41,5.0,0.43,15.0,0.44,10.0,0.01,0.01,2335.22952,1776219441000
1776219442.924,142.924,0.61,20.0,0.6,15.0,0.63,58.16,0.64,7.0,0.38,5.0,0.37,17.69,0.43,62.0,0.44,10.0,0.02,0.05,2335.22952,1776219441000
1776219443.536,143.536,0.61,20.0,0.6,15.0,0.63,58.16,0.64,7.0,0.37,58.16,0.36,7.0,0.39,20.0,0.4,15.0,0.02,0.02,2335.481835,1776219442000
1776219444.117,144.117,0.62,40.0,0.61,15.0,0.63,73.16,0.64,12.0,0.37,58.16,0.36,7.0,0.39,20.0,0.4,15.0,0.01,0.02,2335.481835,1776219442000
1776219444.727,144.727,0.62,45.0,0.61,15.0,0.63,71.5,0.64,12.0,0.37,73.16,0.36,12.0,0.38,40.0,0.39,15.0,0.01,0.01,2335.509185,1776219443000
1776219445.477,145.477,0.62,40.0,0.61,15.0,0.63,74.76,0.64,12.0,0.37,71.5,0.36,12.0,0.38,45.0,0.39,15.0,0.01,0.01,2335.509185,1776219443000
1776219445.858,145.858,0.62,40.0,0.61,15.0,0.63,74.76,0.64,12.0,0.37,74.76,0.36,12.0,0.38,40.0,0.39,15.0,0.01,0.01,2335.708612,1776219444000
1776219446.426,146.426,0.62,40.0,0.61,15.0,0.63,74.76,0.64,12.0,0.37,74.76,0.36,12.0,0.38,40.0,0.39,15.0,0.01,0.01,2335.708636,1776219445000
1776219446.969,146.969,0.62,40.0,0.61,15.0,0.63,74.76,0.64,12.0,0.37,74.76,0.36,12.0,0.38,40.0,0.39,15.0,0.01,0.01,2335.71416,1776219446000
1776219447.24,147.24,0.61,10.0,0.6,10.0,0.63,118.5,0.64,15.0,0.37,74.76,0.36,12.0,0.38,40.0,0.39,15.0,0.02,0.01,2335.71416,1776219446000
1776219447.75,147.75,0.61,10.0,0.6,10.0,0.62,1.75,0.63,78.5,0.37,118.5,0.36,15.0,0.39,10.0,0.4,10.0,0.01,0.02,2335.71416,1776219446000
1776219448.008,148.008,0.61,10.0,0.6,10.0,0.62,1.75,0.63,78.5,0.38,1.75,0.37,78.5,0.39,10.0,0.4,10.0,0.01,0.01,2335.7137,1776219447000
1776219449.089,149.089,0.61,10.0,0.6,10.0,0.62,1.75,0.63,78.5,0.38,1.75,0.37,78.5,0.39,10.0,0.4,10.0,0.01,0.01,2335.690275,1776219448000
1776219450.057,150.057,0.61,10.0,0.6,10.0,0.62,1.75,0.63,78.5,0.38,1.75,0.37,78.5,0.39,10.0,0.4,10.0,0.01,0.01,2335.633875,1776219449000
1776219451.036,151.036,0.56,10.0,0.55,15.0,0.58,12.0,0.59,42.0,0.42,12.0,0.41,42.0,0.44,10.0,0.45,15.0,0.02,0.02,2335.651175,1776219450000
1776219451.252,151.252,0.57,40.0,0.56,20.0,0.58,12.0,0.59,37.0,0.42,12.0,0.41,42.0,0.44,10.0,0.45,15.0,0.01,0.02,2335.651175,1776219450000
1776219452.103,152.103,0.57,40.0,0.56,20.0,0.58,12.0,0.59,37.0,0.42,12.0,0.41,37.0,0.43,40.0,0.44,20.0,0.01,0.01,2335.579452,1776219451000
1776219453.186,153.186,0.57,40.0,0.56,20.0,0.58,12.0,0.59,37.0,0.42,12.0,0.41,37.0,0.43,40.0,0.44,20.0,0.01,0.01,2335.57894,1776219452000
1776219454.185,154.185,0.57,40.0,0.56,20.0,0.58,12.0,0.59,37.0,0.42,12.0,0.41,37.0,0.43,40.0,0.44,20.0,0.01,0.01,2335.579465,1776219453000
1776219454.48,154.48,0.57,40.0,0.56,20.0,0.58,4.0,0.59,270.0,0.42,12.0,0.41,37.0,0.43,40.0,0.44,20.0,0.01,0.01,2335.579465,1776219453000
1776219454.8,154.8,0.55,15.0,0.54,15.0,0.57,31.0,0.58,230.0,0.42,4.0,0.41,270.0,0.43,40.0,0.44,20.0,0.02,0.01,2335.579465,1776219453000
1776219455.309,155.309,0.55,10.0,0.54,20.0,0.56,16.0,0.57,46.0,0.44,16.0,0.43,46.0,0.45,10.0,0.46,20.0,0.01,0.01,2335.579505,1776219454000
1776219456.403,156.403,0.55,10.0,0.54,20.0,0.56,16.0,0.57,46.0,0.44,16.0,0.43,46.0,0.45,10.0,0.46,20.0,0.01,0.01,2335.579105,1776219455000
1776219456.853,156.853,0.55,10.0,0.54,20.0,0.56,16.0,0.57,46.0,0.44,16.0,0.43,46.0,0.45,10.0,0.46,20.0,0.01,0.01,2335.57813,1776219456000
1776219457.913,157.913,0.55,10.0,0.54,20.0,0.56,16.0,0.57,46.0,0.44,16.0,0.43,46.0,0.45,10.0,0.46,20.0,0.01,0.01,2335.57204,1776219457000
1776219459.499,159.499,0.55,10.0,0.54,20.0,0.56,16.0,0.57,46.0,0.44,16.0,0.43,46.0,0.45,10.0,0.46,20.0,0.01,0.01,2335.574045,1776219458000
1776219460.01,160.01,0.55,10.0,0.54,20.0,0.56,16.0,0.57,46.0,0.44,16.0,0.43,46.0,0.45,10.0,0.46,20.0,0.01,0.01,2335.56138,1776219459000
1776219460.997,160.997,0.55,35.0,0.54,20.0,0.56,17.07,0.57,36.0,0.44,17.07,0.43,36.0,0.45,35.0,0.46,20.0,0.01,0.01,2335.57758,1776219460000
1776219462.028,162.028,0.55,35.0,0.54,20.0,0.56,17.07,0.57,36.0,0.44,17.07,0.43,36.0,0.45,35.0,0.46,20.0,0.01,0.01,2335.575625,1776219461000
1776219463.07,163.07,0.55,35.0,0.54,20.0,0.56,17.07,0.57,36.0,0.44,17.07,0.43,36.0,0.45,35.0,0.46,20.0,0.01,0.01,2335.57615,1776219462000
1776219464.118,164.118,0.55,35.0,0.54,20.0,0.56,17.07,0.57,36.0,0.44,17.07,0.43,36.0,0.45,35.0,0.46,20.0,0.01,0.01,2335.57616,1776219463000
1776219465.152,165.152,0.55,35.0,0.54,20.0,0.56,17.07,0.57,36.0,0.44,17.07,0.43,36.0,0.45,35.0,0.46,20.0,0.01,0.01,2335.576065,1776219464000
1776219465.519,165.519,0.53,42.19,0.52,200.0,0.56,32.07,0.57,94.0,0.44,17.07,0.43,36.0,0.45,35.0,0.46,20.0,0.03,0.01,2335.576065,1776219464000
1776219465.855,165.855,0.55,308.0,0.54,46.96,0.56,2.07,0.57,16.0,0.44,32.07,0.43,94.0,0.47,42.19,0.48,200.0,0.01,0.03,2335.576065,1776219464000
1776219466.101,166.101,0.58,5.0,0.57,10.0,0.61,56.0,0.63,5.0,0.39,56.0,0.37,5.0,0.42,5.0,0.43,10.0,0.03,0.03,2335.570042,1776219465000
1776219466.69,166.69,0.65,20.0,0.64,20.0,0.66,111.15,0.67,10.0,0.39,56.0,0.37,5.0,0.42,5.0,0.43,10.0,0.01,0.03,2335.570042,1776219465000
1776219467.046,167.046,0.65,20.0,0.64,20.0,0.66,111.15,0.67,10.0,0.34,111.15,0.33,10.0,0.35,20.0,0.36,20.0,0.01,0.01,2335.572977,1776219466000
1776219468.069,168.069,0.65,20.0,0.64,20.0,0.66,111.15,0.67,10.0,0.34,111.15,0.33,10.0,0.35,20.0,0.36,20.0,0.01,0.01,2335.677546,1776219467000
1776219469.081,169.081,0.65,20.0,0.64,20.0,0.66,111.15,0.67,10.0,0.34,111.15,0.33,10.0,0.35,20.0,0.36,20.0,0.01,0.01,2335.712925,1776219468000
1776219470.08,170.08,0.65,20.0,0.64,20.0,0.66,111.15,0.67,10.0,0.34,111.15,0.33,10.0,0.35,20.0,0.36,20.0,0.01,0.01,2335.695575,1776219469000
1776219470.688,170.688,0.65,20.0,0.64,26.0,0.66,51.43,0.67,84.0,0.34,111.15,0.33,10.0,0.35,20.0,0.36,20.0,0.01,0.01,2335.695575,1776219469000
1776219471.15,171.15,0.65,20.0,0.64,26.0,0.66,51.43,0.67,84.0,0.34,51.43,0.33,84.0,0.35,20.0,0.36,26.0,0.01,0.01,2335.695515,1776219470000
1776219472.018,172.018,0.65,20.0,0.64,21.0,0.66,43.85,0.67,26.0,0.34,51.43,0.33,84.0,0.35,20.0,0.36,26.0,0.01,0.01,2335.695515,1776219470000
1776219472.674,172.674,0.65,20.0,0.64,21.0,0.66,43.85,0.67,26.0,0.34,43.85,0.33,26.0,0.35,20.0,0.36,21.0,0.01,0.01,2335.712035,1776219471000
1776219473.191,173.191,0.65,20.0,0.64,26.0,0.66,42.68,0.67,26.0,0.34,42.68,0.33,26.0,0.35,20.0,0.36,26.0,0.01,0.01,2335.6995,1776219472000
1776219474.369,174.369,0.65,20.0,0.64,26.0,0.66,42.68,0.67,26.0,0.34,42.68,0.33,26.0,0.35,20.0,0.36,26.0,0.01,0.01,2335.706465,1776219473000
1776219474.772,174.772,0.65,60.0,0.64,21.0,0.66,91.89,0.67,34.0,0.34,42.68,0.33,26.0,0.35,20.0,0.36,26.0,0.01,0.01,2335.706465,1776219473000
1776219475.289,175.289,0.65,60.0,0.64,21.0,0.66,91.89,0.67,34.0,0.34,91.89,0.33,34.0,0.35,60.0,0.36,21.0,0.01,0.01,2335.70647,1776219474000
1776219476.314,176.314,0.65,60.0,0.64,21.0,0.66,91.89,0.67,34.0,0.34,91.89,0.33,34.0,0.35,60.0,0.36,21.0,0.01,0.01,2335.70714,1776219475000
1776219476.869,176.869,0.65,85.0,0.64,21.0,0.66,33.35,0.67,34.0,0.34,91.89,0.33,34.0,0.35,60.0,0.36,21.0,0.01,0.01,2335.70714,1776219475000
1776219477.298,177.298,0.65,85.0,0.64,21.0,0.66,33.35,0.67,34.0,0.34,33.35,0.33,34.0,0.35,85.0,0.36,21.0,0.01,0.01,2335.704385,1776219476000
1776219478.261,178.261,0.65,85.0,0.64,21.0,0.66,33.35,0.67,34.0,0.34,33.35,0.33,34.0,0.35,85.0,0.36,21.0,0.01,0.01,2335.73821,1776219477000
1776219478.637,178.637,0.53,6.0,0.52,63.0,0.6,30.0,0.61,17.0,0.34,165.35,0.33,31.0,0.41,16.0,0.44,65.0,0.07,0.07,2335.73821,1776219477000
1776219478.869,178.869,0.52,64.37,0.51,60.0,0.53,19.63,0.54,15.0,0.4,35.0,0.39,17.0,0.48,58.37,0.49,60.0,0.01,0.08,2335.73821,1776219477000
1776219479.19,179.19,0.52,64.37,0.51,60.0,0.53,19.63,0.54,15.0,0.47,19.63,0.46,15.0,0.48,64.37,0.49,60.0,0.01,0.01,2335.72217,1776219478000
1776219480.269,180.269,0.52,64.37,0.51,60.0,0.53,19.63,0.54,15.0,0.47,19.63,0.46,15.0,0.48,64.37,0.49,60.0,0.01,0.01,2335.56432,1776219479000
1776219481.4,181.4,0.52,64.37,0.51,60.0,0.53,19.63,0.54,15.0,0.47,19.63,0.46,15.0,0.48,64.37,0.49,60.0,0.01,0.01,2335.475855,1776219480000
1776219481.968,181.968,0.52,139.0,0.51,260.0,0.53,1.1,0.54,10.0,0.47,19.63,0.46,15.0,0.48,64.37,0.49,60.0,0.01,0.01,2335.475855,1776219480000
1776219482.592,182.592,0.65,4.0,0.64,10.0,0.66,28.35,0.67,16.0,0.47,1.1,0.46,10.0,0.48,139.0,0.49,260.0,0.01,0.01,2335.4982,1776219481000
1776219483.249,183.249,0.65,1.14,0.64,10.0,0.66,28.35,0.67,16.0,0.34,28.35,0.33,16.0,0.35,1.14,0.36,10.0,0.01,0.01,2335.48817,1776219482000
1776219483.66,183.66,0.64,6.25,0.63,10.0,0.66,43.35,0.67,31.3,0.34,28.35,0.33,16.0,0.35,1.14,0.36,10.0,0.02,0.01,2335.48817,1776219482000
1776219484.272,184.272,0.64,6.25,0.63,10.0,0.66,43.35,0.67,31.3,0.34,43.35,0.33,31.3,0.36,6.25,0.37,10.0,0.02,0.02,2335.554355,1776219483000
1776219485.246,185.246,0.64,6.25,0.63,10.0,0.66,43.35,0.67,31.3,0.34,43.35,0.33,31.3,0.36,6.25,0.37,10.0,0.02,0.02,2335.614898,1776219484000
1776219486.344,186.344,0.64,6.25,0.63,10.0,0.66,43.35,0.67,31.3,0.34,43.35,0.33,31.3,0.36,6.25,0.37,10.0,0.02,0.02,2335.622413,1776219485000
1776219486.88,186.88,0.64,6.25,0.63,10.0,0.66,43.35,0.67,31.3,0.34,43.35,0.33,31.3,0.36,6.25,0.37,10.0,0.02,0.02,2335.67288,1776219486000
1776219488.016,188.016,0.64,6.25,0.63,10.0,0.66,43.35,0.67,31.3,0.34,43.35,0.33,31.3,0.36,6.25,0.37,10.0,0.02,0.02,2335.68766,1776219487000
1776219489.547,189.547,0.64,6.25,0.63,10.0,0.66,43.35,0.67,31.3,0.34,43.35,0.33,31.3,0.36,6.25,0.37,10.0,0.02,0.02,2335.695783,1776219488000
1776219490.073,190.073,0.64,6.25,0.63,10.0,0.66,43.35,0.67,31.3,0.34,43.35,0.33,31.3,0.36,6.25,0.37,10.0,0.02,0.02,2335.651266,1776219489000
1776219491.409,191.409,0.64,6.25,0.63,10.0,0.66,43.35,0.67,31.3,0.34,43.35,0.33,31.3,0.36,6.25,0.37,10.0,0.02,0.02,2335.691949,1776219490000
1776219492.075,192.075,0.64,6.25,0.63,10.0,0.66,43.35,0.67,31.3,0.34,43.35,0.33,31.3,0.36,6.25,0.37,10.0,0.02,0.02,2335.694349,1776219491000
1776219493.148,193.148,0.64,36.25,0.63,27.0,0.65,14.89,0.66,44.35,0.34,43.35,0.33,31.3,0.36,6.25,0.37,10.0,0.01,0.02,2335.694349,1776219491000
1776219494.328,194.328,0.64,36.25,0.63,27.0,0.65,14.89,0.66,44.35,0.35,14.89,0.34,44.35,0.36,36.25,0.37,27.0,0.01,0.01,2335.681371,1776219493000
1776219495.475,195.475,0.64,36.25,0.63,27.0,0.65,14.89,0.66,44.35,0.35,14.89,0.34,44.35,0.36,36.25,0.37,27.0,0.01,0.01,2335.723025,1776219494000
1776219496.09,196.09,0.64,36.25,0.63,27.0,0.65,14.89,0.66,44.35,0.35,14.89,0.34,44.35,0.36,36.25,0.37,27.0,0.01,0.01,2335.71973,1776219495000
1776219497.335,197.335,0.65,35.71,0.64,21.25,0.66,59.35,0.67,36.3,0.34,59.35,0.33,36.3,0.35,35.71,0.36,21.25,0.01,0.01,2335.71919,1776219496000
1776219497.99,197.99,0.73,8.04,0.72,127.0,0.74,5.0,0.75,5.0,0.27,1.96,0.26,5.0,0.35,305.71,0.36,21.25,0.01,0.08,2335.71919,1776219496000
1776219498.451,198.451,0.73,8.04,0.72,127.0,0.74,5.0,0.75,5.0,0.26,5.0,0.25,5.0,0.27,8.04,0.28,127.0,0.01,0.01,2335.71908,1776219497000
1776219498.678,198.678,0.73,272.04,0.72,56.0,0.75,4.93,0.76,5.0,0.26,5.0,0.25,5.0,0.27,8.04,0.28,127.0,0.02,0.01,2335.71908,1776219497000
1776219499.094,199.094,0.73,272.04,0.72,56.0,0.75,4.93,0.76,5.0,0.25,4.93,0.24,5.0,0.27,272.04,0.28,56.0,0.02,0.02,2335.740365,1776219498000
1776219499.622,199.622,0.74,108.0,0.73,51.04,0.77,5.0,0.78,14.09,0.25,4.93,0.24,5.0,0.27,272.04,0.28,56.0,0.03,0.02,2335.740365,1776219498000
1776219500.04,200.04,0.77,70.34,0.76,10.0,0.78,4.97,0.79,5.0,0.22,14.09,0.21,5.0,0.23,48.34,0.24,10.0,0.01,0.01,2335.740365,1776219498000
1776219500.656,200.656,0.78,69.0,0.77,32.0,0.79,5.0,0.8,50.0,0.22,4.97,0.21,5.0,0.23,70.34,0.24,10.0,0.01,0.01,2335.964554,1776219499000
1776219500.88,200.88,0.79,8.18,0.78,158.0,0.8,10.0,0.83,19.12,0.21,5.0,0.2,50.0,0.22,69.0,0.23,32.0,0.01,0.01,2335.964554,1776219499000
1776219501.106,201.106,0.79,98.18,0.78,71.0,0.84,5.0,0.87,31.8,0.17,4.28,0.13,31.8,0.21,43.18,0.22,149.0,0.05,0.04,2335.964554,1776219499000
1776219501.41,201.41,0.84,40.0,0.83,32.0,0.85,3.82,0.87,29.68,0.13,29.68,0.12,34.1,0.21,78.18,0.22,36.0,0.01,0.08,2335.964554,1776219499000
1776219501.667,201.667,0.84,40.0,0.83,27.0,0.87,29.68,0.88,57.1,0.15,3.82,0.13,29.68,0.16,40.0,0.17,32.0,0.03,0.01,2335.964554,1776219499000
1776219502.5,202.5,0.84,51.37,0.83,15.0,0.87,29.68,0.88,57.1,0.13,29.68,0.12,57.1,0.16,51.37,0.17,15.0,0.03,0.03,2336.130589,1776219501000
1776219503.066,203.066,0.86,97.28,0.85,15.0,0.87,37.44,0.88,34.1,0.13,29.68,0.12,57.1,0.16,51.37,0.17,15.0,0.01,0.03,2336.130589,1776219501000
1776219503.408,203.408,0.86,67.5,0.85,25.0,0.87,42.44,0.88,39.1,0.13,37.44,0.12,34.1,0.14,97.28,0.15,15.0,0.01,0.01,2336.241559,1776219502000
1776219503.948,203.948,0.86,67.5,0.85,25.0,0.87,0.71,0.88,39.1,0.13,42.44,0.12,39.1,0.14,67.5,0.15,25.0,0.01,0.01,2336.241559,1776219502000
1776219504.374,204.374,0.86,67.5,0.85,25.0,0.87,0.71,0.88,39.1,0.13,0.71,0.12,39.1,0.14,67.5,0.15,25.0,0.01,0.01,2336.320737,1776219503000
1776219504.892,204.892,0.86,0.92,0.85,20.0,0.88,47.53,0.89,74.06,0.12,34.12,0.11,64.06,0.14,67.5,0.15,25.0,0.02,0.02,2336.320737,1776219503000
1776219506.209,206.209,0.85,20.0,0.84,21.37,0.88,100.53,0.89,74.06,0.12,100.53,0.11,74.06,0.15,20.0,0.16,21.37,0.03,0.03,2336.420525,1776219505000
1776219507.511,207.511,0.85,20.0,0.84,21.37,0.88,100.53,0.89,74.06,0.12,100.53,0.11,74.06,0.15,20.0,0.16,21.37,0.03,0.03,2336.417345,1776219506000
1776219508.246,208.246,0.85,20.0,0.84,21.37,0.88,100.53,0.89,74.06,0.12,100.53,0.11,74.06,0.15,20.0,0.16,21.37,0.03,0.03,2336.42073,1776219507000
1776219508.873,208.873,0.85,92.0,0.84,10.0,0.86,12.27,0.87,31.8,0.12,100.53,0.11,74.06,0.15,20.0,0.16,21.37,0.01,0.03,2336.42073,1776219507000
1776219509.271,209.271,0.85,97.0,0.84,10.0,0.86,11.1,0.87,36.8,0.14,12.27,0.13,31.8,0.15,92.0,0.16,10.0,0.01,0.01,2336.42073,1776219507000
1776219509.475,209.475,0.85,97.0,0.84,10.0,0.86,11.1,0.87,36.8,0.14,11.1,0.13,36.8,0.15,97.0,0.16,10.0,0.01,0.01,2336.421885,1776219508000
1776219509.68,209.68,0.85,80.32,0.84,10.0,0.87,18.53,0.88,37.53,0.13,18.53,0.12,42.53,0.15,92.0,0.16,10.0,0.02,0.02,2336.421885,1776219508000
1776219509.984,209.984,0.86,15.0,0.85,40.32,0.87,87.8,0.88,37.53,0.13,18.53,0.12,37.53,0.15,80.32,0.16,10.0,0.01,0.02,2336.421885,1776219508000
1776219510.306,210.306,0.86,20.0,0.85,30.32,0.87,47.8,0.88,37.53,0.13,87.8,0.12,37.53,0.14,15.0,0.15,40.32,0.01,0.01,2336.42615,1776219509000
1776219510.779,210.779,0.86,12.88,0.85,30.32,0.87,41.65,0.88,37.53,0.13,42.8,0.12,37.53,0.14,7.88,0.15,30.32,0.01,0.01,2336.42615,1776219509000
1776219511.101,211.101,0.86,12.88,0.85,30.32,0.87,44.65,0.88,8.41,0.13,41.65,0.12,37.53,0.14,12.88,0.15,30.32,0.01,0.01,2336.42615,1776219509000
1776219511.364,211.364,0.86,14.4,0.85,23.32,0.87,39.65,0.88,8.41,0.13,44.65,0.12,8.41,0.14,12.88,0.15,30.32,0.01,0.01,2336.42615,1776219509000
1776219511.984,211.984,0.85,23.32,0.84,10.0,0.86,6.6,0.87,39.65,0.14,6.6,0.13,39.65,0.15,23.32,0.16,10.0,0.01,0.01,2336.42067,1776219511000
1776219513.285,213.285,0.85,23.32,0.84,10.0,0.86,6.6,0.87,39.65,0.14,6.6,0.13,39.65,0.15,23.32,0.16,10.0,0.01,0.01,2336.42043,1776219512000
1776219513.629,213.629,0.85,36.32,0.84,10.0,0.86,14.6,0.87,39.65,0.14,6.6,0.13,39.65,0.15,23.32,0.16,10.0,0.01,0.01,2336.42043,1776219512000
1776219513.867,213.867,0.85,41.32,0.84,10.0,0.86,18.41,0.87,44.65,0.14,14.6,0.13,39.65,0.15,36.32,0.16,10.0,0.01,0.01,2336.42043,1776219512000
1776219514.376,214.376,0.85,9.0,0.84,15.0,0.86,17.24,0.87,44.65,0.14,18.41,0.13,44.65,0.15,9.0,0.16,10.0,0.01,0.01,2336.42043,1776219512000
1776219514.686,214.686,0.85,9.0,0.84,15.0,0.86,17.24,0.87,44.65,0.14,17.24,0.13,44.65,0.15,9.0,0.16,15.0,0.01,0.01,2336.410935,1776219513000
1776219515.333,215.333,0.85,9.0,0.84,15.0,0.86,17.24,0.87,44.65,0.14,17.24,0.13,44.65,0.15,9.0,0.16,15.0,0.01,0.01,2336.402139,1776219514000
1776219516.011,216.011,0.86,8.32,0.85,19.0,0.87,44.65,0.88,18.41,0.13,44.65,0.12,18.41,0.14,8.32,0.15,19.0,0.01,0.01,2336.399508,1776219515000
1776219517.515,217.515,0.86,8.32,0.85,19.0,0.87,44.65,0.88,18.41,0.13,44.65,0.12,18.41,0.14,8.32,0.15,19.0,0.01,0.01,2336.344882,1776219516000
1776219518.412,218.412,0.86,8.32,0.85,19.0,0.87,44.65,0.88,18.41,0.13,44.65,0.12,18.41,0.14,8.32,0.15,19.0,0.01,0.01,2336.337488,1776219517000
1776219518.624,218.624,0.78,5.18,0.77,10.0,0.79,20.0,0.8,10.0,0.13,104.65,0.12,23.41,0.22,31.0,0.26,10.0,0.01,0.09,2336.337488,1776219517000
1776219518.87,218.87,0.71,1.31,0.7,17.0,0.72,10.0,0.73,10.0,0.25,10.0,0.24,10.0,0.27,7.85,0.28,10.0,0.01,0.02,2336.337488,1776219517000
1776219519.327,219.327,0.7,95.53,0.69,15.0,0.71,18.68,0.72,15.0,0.28,10.0,0.27,10.0,0.29,1.31,0.3,17.0,0.01,0.01,2336.337794,1776219518000
1776219519.948,219.948,0.7,95.53,0.69,15.0,0.71,18.68,0.72,15.0,0.29,18.68,0.28,15.0,0.3,95.53,0.31,15.0,0.01,0.01,2336.337089,1776219519000
1776219520.965,220.965,0.7,95.53,0.69,15.0,0.71,18.68,0.72,15.0,0.29,18.68,0.28,15.0,0.3,95.53,0.31,15.0,0.01,0.01,2335.982135,1776219520000
1776219521.947,221.947,0.7,95.53,0.69,15.0,0.71,18.68,0.72,15.0,0.29,18.68,0.28,15.0,0.3,95.53,0.31,15.0,0.01,0.01,2335.948409,1776219521000
1776219522.299,222.299,0.71,46.82,0.7,107.26,0.72,5.0,0.73,5.0,0.29,18.68,0.28,15.0,0.3,95.53,0.31,15.0,0.01,0.01,2335.948409,1776219521000
1776219522.938,222.938,0.71,46.82,0.7,107.26,0.72,5.0,0.73,5.0,0.28,5.0,0.27,5.0,0.29,46.82,0.3,107.26,0.01,0.01,2335.933288,1776219522000
1776219523.978,223.978,0.71,46.82,0.7,107.26,0.72,5.0,0.73,5.0,0.28,5.0,0.27,5.0,0.29,46.82,0.3,107.26,0.01,0.01,2335.885431,1776219523000
1776219524.352,224.352,0.71,28.51,0.7,10.0,0.72,20.0,0.73,25.0,0.28,5.0,0.27,5.0,0.29,46.82,0.3,107.26,0.01,0.01,2335.885431,1776219523000
1776219524.91,224.91,0.71,5.51,0.7,5.0,0.72,15.0,0.73,25.0,0.28,15.0,0.27,25.0,0.29,5.51,0.3,5.0,0.01,0.01,2335.886582,1776219524000
1776219525.143,225.143,0.73,20.0,0.72,37.0,0.77,10.0,0.78,5.0,0.28,15.0,0.27,25.0,0.29,5.51,0.3,5.0,0.04,0.01,2335.886582,1776219524000
1776219525.79,225.79,0.76,42.0,0.75,20.0,0.77,8.7,0.78,10.0,0.23,10.0,0.22,5.0,0.27,20.0,0.28,37.0,0.01,0.04,2335.886582,1776219524000
1776219526.508,226.508,0.77,10.34,0.76,20.0,0.78,42.0,0.79,84.7,0.23,8.7,0.22,10.0,0.24,42.0,0.25,20.0,0.01,0.01,2335.848276,1776219525000
1776219526.935,226.935,0.77,10.34,0.76,20.0,0.78,42.0,0.79,84.7,0.22,42.0,0.21,84.7,0.23,10.34,0.24,20.0,0.01,0.01,2335.89249,1776219526000
1776219527.887,227.887,0.77,10.34,0.76,20.0,0.78,42.0,0.79,84.7,0.22,42.0,0.21,84.7,0.23,10.34,0.24,20.0,0.01,0.01,2335.934758,1776219527000
1776219528.409,228.409,0.69,10.0,0.66,5.91,0.72,13.12,0.73,20.0,0.22,42.0,0.21,84.7,0.23,10.34,0.24,20.0,0.03,0.01,2335.934758,1776219527000
1776219528.688,228.688,0.67,10.0,0.66,15.91,0.7,20.0,0.71,15.0,0.28,13.12,0.27,20.0,0.31,10.0,0.34,5.91,0.03,0.03,2335.934758,1776219527000
1776219528.899,228.899,0.67,10.0,0.66,15.91,0.7,20.0,0.71,15.0,0.3,20.0,0.29,15.0,0.33,10.0,0.34,15.91,0.03,0.03,2335.880756,1776219528000
1776219530.018,230.018,0.7,71.84,0.69,10.0,0.71,25.0,0.72,8.12,0.3,20.0,0.29,15.0,0.33,10.0,0.34,15.91,0.01,0.03,2335.880756,1776219528000
1776219531.063,231.063,0.7,71.84,0.69,10.0,0.71,13.49,0.72,8.12,0.29,15.04,0.28,8.12,0.3,76.84,0.31,10.0,0.01,0.01,2335.78568,1776219529000
1776219531.479,231.479,0.7,71.84,0.69,10.0,0.71,11.94,0.72,8.12,0.29,11.94,0.28,8.12,0.3,71.84,0.31,10.0,0.01,0.01,2335.68907,1776219530000
1776219531.813,231.813,0.51,116.6,0.5,10.0,0.53,15.0,0.54,10.0,0.41,12.19,0.4,10.0,0.49,112.42,0.5,10.0,0.02,0.08,2335.68907,1776219530000
1776219532.166,232.166,0.51,99.85,0.5,10.0,0.52,10.0,0.53,25.0,0.47,20.0,0.46,10.0,0.48,6.23,0.49,111.0,0.01,0.01,2335.68907,1776219530000
1776219532.582,232.582,0.51,107.66,0.5,10.0,0.52,10.0,0.53,20.0,0.48,10.0,0.47,25.0,0.49,99.85,0.5,10.0,0.01,0.01,2335.68892,1776219531000
1776219533.058,233.058,0.51,112.44,0.5,10.0,0.53,10.0,0.54,5.0,0.48,12.94,0.47,20.0,0.49,103.28,0.5,10.0,0.02,0.01,2335.68892,1776219531000
1776219533.887,233.887,0.51,112.44,0.5,10.0,0.53,10.0,0.54,5.0,0.47,10.0,0.46,5.0,0.49,112.44,0.5,10.0,0.02,0.02,2335.60497,1776219532000
1776219534.591,234.591,0.51,112.44,0.5,10.0,0.53,10.0,0.54,5.0,0.47,10.0,0.46,5.0,0.49,112.44,0.5,10.0,0.02,0.02,2335.605598,1776219533000
1776219535.486,235.486,0.51,112.44,0.5,10.0,0.53,10.0,0.54,5.0,0.47,10.0,0.46,5.0,0.49,112.44,0.5,10.0,0.02,0.02,2335.5501,1776219534000
1776219535.935,235.935,0.51,21.44,0.49,5.0,0.52,21.0,0.53,15.0,0.47,10.0,0.46,5.0,0.49,112.44,0.5,10.0,0.01,0.02,2335.5501,1776219534000
1776219536.424,236.424,0.51,14.25,0.43,30.0,0.52,52.0,0.53,20.0,0.48,21.0,0.47,15.0,0.49,21.44,0.51,5.0,0.01,0.01,2335.547795,1776219535000
1776219536.955,236.955,0.4,24.78,0.39,71.05,0.44,40.0,0.45,21.0,0.51,10.0,0.5,21.0,0.57,30.78,0.6,5.0,0.04,0.06,2335.547795,1776219535000
1776219537.529,237.529,0.39,58.53,0.37,6.0,0.41,35.0,0.42,10.0,0.59,35.0,0.58,10.0,0.61,58.53,0.63,6.0,0.02,0.02,2335.521745,1776219536000
1776219538.227,238.227,0.37,0.22,0.36,15.6,0.39,0.25,0.4,31.0,0.61,0.25,0.6,31.0,0.63,0.22,0.64,15.6,0.02,0.02,2335.447467,1776219537000
1776219538.503,238.503,0.37,16.92,0.36,102.43,0.38,1.0,0.39,11.25,0.62,11.0,0.61,11.25,0.63,21.92,0.64,102.43,0.01,0.01,2335.447467,1776219537000
1776219538.743,238.743,0.38,10.0,0.37,106.7,0.41,10.0,0.44,15.0,0.6,15.89,0.59,10.0,0.63,94.7,0.64,102.43,0.03,0.03,2335.447467,1776219537000
1776219539.027,239.027,0.5,0.75,0.49,10.0,0.51,55.0,0.53,6.0,0.59,10.0,0.56,15.0,0.62,10.0,0.63,106.7,0.01,0.03,2335.447467,1776219537000
1776219539.369,239.369,0.5,5.75,0.49,15.0,0.51,41.61,0.53,6.0,0.49,38.3,0.47,6.0,0.5,5.75,0.51,15.0,0.01,0.01,2335.447467,1776219537000
1776219539.826,239.826,0.5,5.75,0.49,15.0,0.51,41.61,0.53,6.0,0.49,41.61,0.47,6.0,0.5,5.75,0.51,15.0,0.01,0.01,2335.343274,1776219538000
1776219540.437,240.437,0.5,4.75,0.49,25.0,0.51,30.49,0.52,5.0,0.49,35.49,0.48,5.0,0.5,5.75,0.51,15.0,0.01,0.01,2335.343274,1776219538000
1776219540.671,240.671,0.49,81.17,0.48,10.0,0.51,30.49,0.52,5.0,0.49,30.49,0.48,5.0,0.5,7.86,0.51,83.0,0.02,0.01,2335.333228,1776219539000
1776219541.398,241.398,0.49,81.17,0.48,10.0,0.51,30.49,0.52,5.0,0.49,30.49,0.48,5.0,0.51,81.17,0.52,10.0,0.02,0.02,2335.356685,1776219540000
1776219541.956,241.956,0.49,10.0,0.47,5.0,0.51,39.68,0.55,15.0,0.49,30.49,0.48,5.0,0.51,81.17,0.52,10.0,0.02,0.02,2335.356685,1776219540000
1776219542.356,242.356,0.42,10.0,0.41,74.9,0.49,109.0,0.5,22.0,0.49,39.68,0.45,15.0,0.51,10.0,0.53,5.0,0.07,0.02,2335.39929,1776219541000
1776219542.702,242.702,0.42,24.8,0.41,74.9,0.45,9.93,0.46,10.0,0.57,12.0,0.56,17.0,0.58,10.0,0.59,74.9,0.03,0.01,2335.39929,1776219541000
1776219543.052,243.052,0.42,24.8,0.41,144.13,0.48,0.36,0.49,83.0,0.55,9.93,0.54,10.0,0.58,24.8,0.59,74.9,0.06,0.03,2335.39929,1776219541000
1776219543.646,243.646,0.42,24.8,0.41,144.13,0.48,0.36,0.49,83.0,0.52,0.36,0.51,83.0,0.58,24.8,0.59,144.13,0.06,0.06,2335.468488,1776219542000
1776219543.859,243.859,0.48,2.35,0.47,72.41,0.49,83.0,0.5,15.0,0.52,0.36,0.51,83.0,0.58,24.8,0.59,144.13,0.01,0.06,2335.468488,1776219542000
1776219544.485,244.485,0.48,2.35,0.47,72.41,0.49,83.0,0.5,15.0,0.51,83.0,0.5,15.0,0.52,2.35,0.53,72.41,0.01,0.01,2335.381578,1776219543000
1776219545.136,245.136,0.48,2.35,0.47,72.41,0.49,83.0,0.5,15.0,0.51,83.0,0.5,15.0,0.52,2.35,0.53,72.41,0.01,0.01,2335.330815,1776219544000
1776219545.509,245.509,0.48,10.0,0.47,10.0,0.49,91.26,0.5,15.0,0.51,83.0,0.5,15.0,0.52,2.35,0.53,72.41,0.01,0.01,2335.330815,1776219544000
1776219546.842,246.842,0.48,10.0,0.47,10.0,0.49,91.26,0.5,15.0,0.51,91.26,0.5,15.0,0.52,10.0,0.53,10.0,0.01,0.01,2335.318125,1776219545000
1776219547.612,247.612,0.48,10.0,0.47,10.0,0.49,91.26,0.5,15.0,0.51,91.26,0.5,15.0,0.52,10.0,0.53,10.0,0.01,0.01,2335.318075,1776219546000
1776219548.132,248.132,0.26,123.0,0.25,10.0,0.28,2.76,0.29,15.0,0.68,10.0,0.65,5.0,0.71,7.24,0.74,50.0,0.02,0.03,2335.318075,1776219546000
1776219548.369,248.369,0.26,123.0,0.25,10.0,0.28,2.76,0.29,15.0,0.72,2.76,0.71,15.0,0.74,123.0,0.75,10.0,0.02,0.02,2335.31753,1776219547000
1776219548.999,248.999,0.27,8.0,0.26,133.0,0.28,20.0,0.29,15.0,0.71,15.0,0.7,15.0,0.74,133.0,0.75,10.0,0.01,0.03,2335.31753,1776219547000
1776219549.561,249.561,0.26,53.77,0.25,10.0,0.29,25.0,0.3,15.0,0.72,20.0,0.71,15.0,0.73,8.0,0.74,133.0,0.03,0.01,2335.31722,1776219548000
1776219550.331,250.331,0.28,3.05,0.27,10.0,0.29,25.0,0.3,15.0,0.71,25.0,0.7,15.0,0.74,53.77,0.75,10.0,0.01,0.03,2335.31722,1776219548000
1776219550.98,250.98,0.26,79.25,0.25,10.0,0.29,30.0,0.3,15.0,0.71,30.0,0.7,15.0,0.74,79.25,0.75,10.0,0.03,0.03,2335.051401,1776219549000
1776219551.883,251.883,0.27,10.0,0.26,79.25,0.28,24.46,0.29,30.0,0.72,24.46,0.71,30.0,0.73,10.0,0.74,79.25,0.01,0.01,2335.050275,1776219550000
1776219552.555,252.555,0.27,10.0,0.26,79.25,0.28,24.46,0.29,30.0,0.72,24.46,0.71,30.0,0.73,10.0,0.74,79.25,0.01,0.01,2335.060974,1776219551000
1776219553.207,253.207,0.27,35.0,0.26,93.42,0.28,9.83,0.29,25.0,0.72,24.46,0.71,30.0,0.73,10.0,0.74,79.25,0.01,0.01,2335.060974,1776219551000
1776219554.098,254.098,0.36,68.0,0.35,10.0,0.41,50.0,0.44,64.0,0.72,9.83,0.71,25.0,0.73,35.0,0.74,93.42,0.05,0.01,2335.06137,1776219552000
1776219554.612,254.612,0.38,5.0,0.37,10.0,0.41,55.0,0.42,5.0,0.59,50.0,0.56,64.0,0.64,68.0,0.65,10.0,0.03,0.05,2335.06137,1776219552000
1776219555.534,255.534,0.39,8.36,0.38,5.0,0.41,65.0,0.42,5.0,0.59,65.0,0.58,5.0,0.61,8.36,0.62,5.0,0.02,0.02,2335.08345,1776219554000
1776219556.243,256.243,0.39,2.36,0.38,15.0,0.41,74.0,0.42,63.0,0.59,74.0,0.58,63.0,0.61,2.36,0.62,15.0,0.02,0.02,2335.113803,1776219555000
1776219557.541,257.541,0.39,2.36,0.38,15.0,0.41,74.0,0.42,63.0,0.59,74.0,0.58,63.0,0.61,2.36,0.62,15.0,0.02,0.02,2335.139823,1776219556000
1776219558.218,258.218,0.39,2.36,0.38,15.0,0.41,74.0,0.42,63.0,0.59,74.0,0.58,63.0,0.61,2.36,0.62,15.0,0.02,0.02,2335.147907,1776219557000
1776219558.713,258.713,0.4,68.0,0.39,7.49,0.44,10.0,0.46,50.0,0.59,74.0,0.58,63.0,0.61,2.36,0.62,15.0,0.04,0.02,2335.147907,1776219557000
1776219559.118,259.118,0.45,104.0,0.44,16.0,0.48,5.72,0.49,58.0,0.56,10.0,0.54,50.0,0.6,68.0,0.61,7.49,0.03,0.04,2335.147907,1776219557000
1776219559.459,259.459,0.45,104.0,0.44,16.0,0.48,5.72,0.49,58.0,0.52,5.72,0.51,58.0,0.55,104.0,0.56,16.0,0.03,0.03,2335.11595,1776219558000
1776219560.274,260.274,0.45,104.0,0.44,16.0,0.48,5.72,0.49,58.0,0.52,5.72,0.51,58.0,0.55,104.0,0.56,16.0,0.03,0.03,2335.120337,1776219559000
1776219561.216,261.216,0.45,11.0,0.44,6.0,0.48,112.72,0.49,15.0,0.52,5.72,0.51,58.0,0.55,104.0,0.56,16.0,0.03,0.03,2335.120337,1776219559000
1776219561.59,261.59,0.45,11.0,0.44,6.0,0.48,112.72,0.49,15.0,0.52,112.72,0.51,15.0,0.55,11.0,0.56,6.0,0.03,0.03,2335.255527,1776219560000
1776219561.936,261.936,0.42,10.0,0.41,10.0,0.46,92.0,0.47,25.0,0.52,112.72,0.51,15.0,0.55,11.0,0.56,6.0,0.04,0.03,2335.255527,1776219560000
1776219562.249,262.249,0.42,10.0,0.41,10.0,0.46,92.0,0.47,25.0,0.54,92.0,0.53,25.0,0.58,10.0,0.59,10.0,0.04,0.04,2335.25599,1776219561000
1776219562.542,262.542,0.4,8.16,0.39,7.49,0.42,5.0,0.43,73.0,0.54,92.0,0.53,25.0,0.58,10.0,0.59,10.0,0.02,0.04,2335.25599,1776219561000
1776219563.487,263.487,0.4,8.16,0.39,7.49,0.42,5.0,0.43,73.0,0.58,5.0,0.57,73.0,0.6,8.16,0.61,7.49,0.02,0.02,2335.19282,1776219562000
1776219564.291,264.291,0.4,8.16,0.39,7.49,0.42,5.0,0.43,73.0,0.58,5.0,0.57,73.0,0.6,8.16,0.61,7.49,0.02,0.02,2335.193265,1776219563000
1776219564.582,264.582,0.26,9.7,0.25,19.2,0.27,25.0,0.28,10.0,0.6,249.99,0.59,90.0,0.74,18.7,0.75,19.2,0.01,0.14,2335.193265,1776219563000
1776219565.001,265.001,0.22,11.19,0.21,60.0,0.23,25.0,0.24,20.0,0.73,20.0,0.72,15.0,0.76,4.42,0.77,20.3,0.01,0.03,2335.193265,1776219563000
1776219565.215,265.215,0.22,7.38,0.21,15.0,0.23,5.0,0.24,20.0,0.77,13.47,0.76,20.0,0.79,48.04,0.8,37.5,0.01,0.02,2335.193265,1776219563000
1776219565.636,265.636,0.22,7.38,0.21,15.0,0.23,5.0,0.24,20.0,0.77,5.0,0.76,20.0,0.78,7.38,0.79,15.0,0.01,0.01,2335.193215,1776219564000
1776219566.136,266.136,0.22,5.02,0.2,27.5,0.23,13.47,0.24,20.0,0.77,15.0,0.76,20.0,0.78,5.02,0.8,27.5,0.01,0.01,2335.193215,1776219564000
1776219566.363,266.363,0.2,2.98,0.19,28.4,0.21,15.0,0.22,10.0,0.77,13.47,0.76,20.0,0.8,4.86,0.81,28.4,0.01,0.03,2335.193215,1776219564000
1776219567.074,267.074,0.2,2.98,0.19,28.4,0.21,15.0,0.22,10.0,0.79,15.0,0.78,10.0,0.8,2.98,0.81,28.4,0.01,0.01,2335.106555,1776219566000
1776219567.383,267.383,0.24,31.06,0.2,83.9,0.25,10.0,0.26,10.0,0.79,13.47,0.78,10.0,0.8,30.9,0.81,5.31,0.01,0.01,2335.106555,1776219566000
1776219567.819,267.819,0.24,109.06,0.23,15.0,0.26,2.13,0.27,10.0,0.75,10.0,0.74,10.0,0.76,31.06,0.8,83.9,0.02,0.01,2335.106555,1776219566000
1776219568.973,268.973,0.25,20.0,0.24,114.06,0.27,7.13,0.28,10.0,0.73,7.13,0.72,10.0,0.75,20.0,0.76,114.06,0.02,0.02,2334.980424,1776219568000
1776219569.955,269.955,0.25,20.0,0.24,114.06,0.27,7.13,0.28,10.0,0.73,7.13,0.72,10.0,0.75,20.0,0.76,114.06,0.02,0.02,2334.908105,1776219569000
1776219570.323,270.323,0.24,23.56,0.23,10.0,0.26,10.0,0.27,15.0,0.74,10.0,0.73,15.0,0.75,9.0,0.76,36.06,0.02,0.01,2334.908105,1776219569000
1776219571.034,271.034,0.24,20.66,0.23,15.0,0.25,10.0,0.26,10.0,0.75,10.0,0.74,10.0,0.76,20.66,0.77,15.0,0.01,0.01,2334.909323,1776219570000
1776219571.686,271.686,0.24,8.02,0.23,5.0,0.25,10.0,0.26,10.0,0.75,10.0,0.74,10.0,0.76,20.66,0.77,15.0,0.01,0.01,2334.909323,1776219570000
1776219572.058,272.058,0.24,8.02,0.23,5.0,0.25,10.0,0.26,10.0,0.75,10.0,0.74,10.0,0.76,8.02,0.77,5.0,0.01,0.01,2334.908896,1776219571000
1776219572.505,272.505,0.23,16.0,0.22,5.0,0.24,29.83,0.25,10.0,0.76,34.0,0.75,10.0,0.77,1.0,0.78,15.0,0.01,0.01,2334.908896,1776219571000
1776219572.841,272.841,0.23,14.7,0.22,5.0,0.24,20.66,0.25,10.0,0.76,25.66,0.75,10.0,0.77,16.0,0.78,5.0,0.01,0.01,2334.908896,1776219571000
1776219574.074,274.074,0.23,14.7,0.22,5.0,0.24,20.66,0.25,10.0,0.76,20.66,0.75,10.0,0.77,14.7,0.78,5.0,0.01,0.01,2334.95116,1776219573000
1776219574.71,274.71,0.2,5.92,0.19,15.31,0.21,10.0,0.22,10.0,0.79,10.0,0.78,10.0,0.8,21.78,0.81,15.31,0.01,0.01,2334.95116,1776219573000
1776219575.034,275.034,0.2,5.92,0.19,15.31,0.21,10.0,0.22,10.0,0.79,10.0,0.78,10.0,0.8,5.92,0.81,15.31,0.01,0.01,2334.934745,1776219574000
1776219575.546,275.546,0.2,8.28,0.19,5.31,0.21,35.0,0.22,68.0,0.79,10.0,0.78,10.0,0.8,5.92,0.81,15.31,0.01,0.01,2334.934745,1776219574000
1776219575.922,275.922,0.12,5.09,0.1,15.0,0.16,40.0,0.17,49.0,0.8,35.0,0.79,96.0,0.85,13.33,0.88,10.09,0.04,0.05,2334.934745,1776219574000
1776219576.136,276.136,0.12,1.9,0.1,15.0,0.13,13.0,0.14,15.0,0.87,20.0,0.86,15.0,0.88,1.9,0.9,15.0,0.01,0.01,2334.93425,1776219575000
1776219576.997,276.997,0.12,19.07,0.1,10.0,0.13,23.0,0.14,73.0,0.87,13.0,0.86,15.0,0.88,1.9,0.9,15.0,0.01,0.01,2334.93425,1776219575000
1776219577.678,277.678,0.12,76.07,0.11,10.0,0.13,8.0,0.14,10.0,0.87,23.0,0.86,73.0,0.88,19.07,0.9,10.0,0.01,0.01,2334.933975,1776219576000
1776219578.06,278.06,0.12,76.07,0.11,10.0,0.16,28.0,0.17,33.0,0.84,28.0,0.83,33.0,0.88,76.07,0.89,10.0,0.04,0.04,2334.820799,1776219577000
1776219579.156,279.156,0.12,76.07,0.11,10.0,0.16,28.0,0.17,33.0,0.84,28.0,0.83,33.0,0.88,76.07,0.89,10.0,0.04,0.04,2334.784585,1776219578000
1776219579.449,279.449,0.12,7.6,0.11,28.18,0.13,20.0,0.14,6.39,0.86,6.39,0.85,15.0,0.88,86.41,0.89,28.18,0.01,0.02,2334.784585,1776219578000
1776219580.174,280.174,0.14,9.11,0.12,7.6,0.15,10.0,0.16,33.0,0.85,10.0,0.84,33.0,0.86,9.11,0.88,7.6,0.01,0.01,2334.812765,1776219579000
1776219580.477,280.477,0.14,7.94,0.12,18.41,0.15,30.0,0.16,136.0,0.85,10.0,0.84,33.0,0.86,9.11,0.88,7.6,0.01,0.01,2334.812765,1776219579000
1776219581.202,281.202,0.14,7.94,0.12,18.41,0.15,30.0,0.16,136.0,0.85,30.0,0.84,136.0,0.86,7.94,0.88,18.41,0.01,0.01,2334.81297,1776219580000
1776219581.745,281.745,0.13,5.0,0.12,8.41,0.15,103.0,0.16,83.0,0.85,30.0,0.84,136.0,0.86,7.94,0.88,18.41,0.02,0.01,2334.81297,1776219580000
1776219582.37,282.37,0.12,8.41,0.11,28.18,0.14,17.0,0.15,98.0,0.86,17.0,0.85,98.0,0.88,8.41,0.89,28.18,0.02,0.02,2334.8203,1776219581000
1776219582.977,282.977,0.12,8.41,0.11,28.18,0.14,17.0,0.15,98.0,0.86,17.0,0.85,98.0,0.88,8.41,0.89,28.18,0.02,0.02,2334.820085,1776219582000
1776219584.057,284.057,0.12,8.41,0.11,28.18,0.14,17.0,0.15,98.0,0.86,17.0,0.85,98.0,0.88,8.41,0.89,28.18,0.02,0.02,2334.807915,1776219583000
1776219585.264,285.264,0.12,8.41,0.11,28.18,0.14,17.0,0.15,98.0,0.86,17.0,0.85,98.0,0.88,8.41,0.89,28.18,0.02,0.02,2334.8092,1776219584000
1776219585.877,285.877,0.11,119.14,0.1,20.0,0.12,18.0,0.13,15.0,0.86,17.0,0.85,98.0,0.88,8.41,0.89,28.18,0.01,0.02,2334.8092,1776219584000
1776219586.161,286.161,0.11,111.0,0.1,20.0,0.12,8.0,0.13,15.0,0.88,18.0,0.87,15.0,0.89,119.14,0.9,20.0,0.01,0.01,2334.8092,1776219584000
1776219587.301,287.301,0.11,111.0,0.1,20.0,0.12,8.0,0.13,15.0,0.88,8.0,0.87,15.0,0.89,111.0,0.9,20.0,0.01,0.01,2334.824781,1776219586000
1776219587.918,287.918,0.11,41.0,0.1,20.0,0.12,18.0,0.13,20.0,0.88,18.0,0.87,20.0,0.89,41.0,0.9,20.0,0.01,0.01,2334.830408,1776219587000
1776219588.626,288.626,0.11,10.0,0.1,10.0,0.12,166.65,0.13,101.94,0.88,18.0,0.87,20.0,0.89,41.0,0.9,20.0,0.01,0.01,2334.830408,1776219587000
1776219589.018,289.018,0.1,18.98,0.09,10.0,0.11,25.0,0.12,169.0,0.88,166.65,0.87,101.94,0.89,10.0,0.9,10.0,0.01,0.01,2334.830408,1776219587000
1776219589.412,289.412,0.12,25.0,0.11,10.0,0.13,3.49,0.16,10.0,0.89,25.0,0.88,169.0,0.9,18.98,0.91,10.0,0.01,0.01,2334.830458,1776219588000
1776219589.812,289.812,0.23,10.0,0.18,10.0,0.24,136.99,0.25,34.0,0.8,11.9,0.79,214.31,0.81,10.0,0.82,10.0,0.01,0.01,2334.830458,1776219588000
1776219590.195,290.195,0.16,49.83,0.14,58.0,0.24,15.0,0.25,30.1,0.76,15.0,0.75,30.1,0.84,49.83,0.86,58.0,0.08,0.08,2334.830097,1776219589000
1776219590.444,290.444,0.16,0.58,0.14,55.54,0.17,15.0,0.18,10.0,0.83,10.0,0.82,10.0,0.86,55.54,0.89,60.0,0.01,0.03,2334.830097,1776219589000
1776219590.666,290.666,0.11,8.3,0.1,8.88,0.12,8.0,0.14,30.0,0.83,15.0,0.82,10.0,0.86,49.38,0.89,60.0,0.01,0.03,2334.830097,1776219589000
1776219590.866,290.866,0.07,67.08,0.05,30.82,0.08,15.0,0.09,24.0,0.92,15.0,0.91,24.0,0.93,72.08,0.95,30.82,0.01,0.01,2334.830097,1776219589000
1776219591.103,291.103,0.07,62.04,0.05,30.82,0.08,31.0,0.09,31.69,0.92,15.0,0.91,24.0,0.93,66.98,0.95,30.82,0.01,0.01,2334.830097,1776219589000
1776219591.43,291.43,0.05,25.99,0.04,20.0,0.06,10.0,0.07,15.0,0.92,36.0,0.91,15.0,0.95,30.82,0.96,20.0,0.01,0.03,2334.92621,1776219590000
1776219591.776,291.776,0.05,29.84,0.04,20.0,0.06,10.0,0.07,15.0,0.94,10.0,0.93,15.0,0.95,25.99,0.96,20.0,0.01,0.01,2334.92621,1776219590000
1776219592.326,292.326,0.05,4.62,0.04,20.0,0.06,10.0,0.07,15.0,0.94,10.0,0.93,15.0,0.95,9.62,0.96,20.0,0.01,0.01,2334.92621,1776219590000
1776219592.618,292.618,0.04,9.57,0.03,186.0,0.06,25.0,0.07,18.57,0.93,8.57,0.92,26.0,0.95,4.62,0.96,20.0,0.02,0.02,2334.96752,1776219591000
1776219592.87,292.87,0.03,185.32,0.02,185.0,0.05,10.0,0.06,20.0,0.95,10.0,0.94,20.0,0.97,185.32,0.98,308.0,0.02,0.02,2334.96752,1776219591000
1776219593.168,293.168,0.03,184.28,0.02,185.0,0.04,10.0,0.05,10.0,0.95,10.0,0.94,20.0,0.97,185.32,0.98,185.0,0.01,0.02,2334.824391,1776219592000
1776219593.424,293.424,0.03,153.31,0.02,185.0,0.04,8.0,0.05,15.0,0.96,8.0,0.95,15.0,0.97,163.5,0.98,185.0,0.01,0.01,2334.824391,1776219592000
1776219593.798,293.798,0.03,143.56,0.02,185.0,0.04,8.0,0.05,15.0,0.96,8.0,0.95,15.0,0.97,153.15,0.98,185.0,0.01,0.01,2334.824391,1776219592000
1776219594.034,294.034,0.03,143.56,0.02,185.0,0.04,8.0,0.05,15.0,0.96,8.0,0.95,15.0,0.97,143.56,0.98,185.0,0.01,0.01,2334.791527,1776219593000
1776219594.489,294.489,0.03,135.26,0.02,185.0,0.04,18.0,0.05,15.0,0.96,8.0,0.95,15.0,0.97,143.56,0.98,185.0,0.01,0.01,2334.791527,1776219593000
1776219595.263,295.263,0.03,115.26,0.02,185.0,0.04,234.69,0.05,85.69,0.96,18.0,0.95,15.0,0.97,135.26,0.98,185.0,0.01,0.01,2334.791527,1776219593000
1776219595.502,295.502,0.03,69.59,0.02,185.0,0.04,321.69,0.05,72.0,0.96,326.69,0.95,72.0,0.97,73.68,0.98,185.0,0.01,0.01,2334.769974,1776219594000
1776219595.788,295.788,0.02,185.0,0.01,1303.0,0.03,53.54,0.04,321.69,0.96,321.69,0.95,72.0,0.97,32.45,0.98,185.0,0.01,0.01,2334.769974,1776219594000
1776219596.142,296.142,0.02,148.52,0.01,1303.0,0.03,432.37,0.04,60.0,0.97,212.54,0.96,23.0,0.98,174.79,0.99,1303.0,0.01,0.01,2334.769974,1776219594000
1776219596.379,296.379,0.02,43.67,0.01,1303.0,0.03,432.52,0.04,60.0,0.97,437.52,0.96,60.0,0.98,44.7,0.99,1303.0,0.01,0.01,2334.769974,1776219594000
1776219596.591,296.591,0.02,5.85,0.01,1303.0,0.03,437.52,0.04,60.0,0.97,437.52,0.96,60.0,0.98,17.08,0.99,1303.0,0.01,0.01,2334.769974,1776219594000
1776219596.924,296.924,0.01,1187.84,,,0.02,260.39,0.03,148.3,0.97,437.52,0.96,60.0,0.99,1303.0,,,0.01,0.02,2334.769974,1776219594000
1776219597.298,297.298,0.01,1154.73,,,0.02,281.39,0.03,153.3,0.98,260.39,0.97,148.3,0.99,1156.76,,,0.01,0.01,2334.739193,1776219595000
1776219597.503,297.503,,,,,0.01,114.36,0.02,276.39,0.99,114.36,0.98,276.39,,,,,,,2334.509404,1776219596000
1776219598.037,298.037,,,,,0.01,114.36,0.02,276.39,0.99,114.36,0.98,276.39,,,,,,,2334.469203,1776219597000
1776219598.627,298.627,,,,,0.01,5524.84,0.02,133.69,0.99,4671.66,0.98,92.69,,,,,,,2334.469203,1776219597000
1776219599.632,299.632,,,,,0.01,7273.09,0.02,102.69,0.99,7273.09,0.98,102.69,,,,,,,2334.355534,1776219598000
1776219600.157,300.157,,,,,0.01,7273.09,0.02,102.69,0.99,7273.09,0.98,102.69,,,,,,,2334.358895,1776219599000
1776219600.841,300.841,,,,,0.01,55879.26,0.02,45.0,0.99,7273.09,0.98,102.69,,,,,,,2334.358895,1776219599000

# RESULT,winner=Down,slug=eth-updown-5m-1776219300,ticks=465
