timestamp,elapsed_sec,up_bid_p1,up_bid_s1,up_bid_p2,up_bid_s2,up_ask_p1,up_ask_s1,up_ask_p2,up_ask_s2,down_bid_p1,down_bid_s1,down_bid_p2,down_bid_s2,down_ask_p1,down_ask_s1,down_ask_p2,down_ask_s2,up_spread,down_spread,eth_price,eth_oracle_ts
1776268800.503,0.503,0.46,155.0,0.4,38.0,0.54,141.0,0.56,5.0,0.49,10.0,0.46,150.0,0.54,155.0,0.57,6.0,0.08,0.05,2332.81706,1776268799000
1776268801.176,1.176,0.45,9.18,0.4,5.0,0.56,11.82,0.6,5.0,0.46,139.0,0.44,5.0,0.54,155.0,0.6,38.0,0.11,0.08,2332.81706,1776268799000
1776268801.75,1.75,0.44,19.21,0.43,14.0,0.48,13.0,0.49,16.15,0.44,11.82,0.36,13.89,0.56,4.15,0.64,13.89,0.04,0.12,2332.658738,1776268800000
1776268802.417,2.417,0.46,8.0,0.44,19.21,0.47,7.87,0.5,13.0,0.44,11.82,0.36,13.89,0.56,19.21,0.57,14.0,0.01,0.12,2332.419939,1776268801000
1776268803.14,3.14,0.46,19.0,0.45,11.0,0.47,4.87,0.48,23.0,0.53,7.87,0.5,13.0,0.54,8.0,0.56,19.21,0.01,0.01,2332.384635,1776268802000
1776268803.54,3.54,0.46,24.0,0.45,21.0,0.47,9.87,0.48,15.0,0.53,14.87,0.52,10.0,0.54,14.0,0.55,21.0,0.01,0.01,2332.384635,1776268802000
1776268804.04,4.04,0.46,24.34,0.45,25.0,0.47,9.87,0.48,20.0,0.53,9.87,0.52,15.0,0.54,24.0,0.55,21.0,0.01,0.01,2332.384635,1776268802000
1776268804.83,4.83,0.46,8.0,0.38,22.0,0.47,9.36,0.48,20.0,0.53,9.87,0.52,20.0,0.54,24.34,0.55,25.0,0.01,0.01,2332.345093,1776268803000
1776268805.121,5.121,0.37,10.0,0.36,13.89,0.38,10.0,0.41,10.0,0.53,14.36,0.52,20.0,0.64,13.89,0.65,30.0,0.01,0.11,2332.345093,1776268803000
1776268805.837,5.837,0.36,8.89,0.35,30.0,0.37,10.0,0.38,10.0,0.62,10.0,0.59,10.0,0.63,10.0,0.64,13.89,0.01,0.01,2332.345093,1776268803000
1776268806.063,6.063,0.35,3.83,0.27,450.0,0.37,20.0,0.38,10.0,0.63,10.0,0.62,10.0,0.64,8.89,0.65,30.0,0.02,0.01,2332.345093,1776268803000
1776268806.27,6.27,0.27,430.0,0.26,14.0,0.28,10.0,0.29,10.0,0.72,10.0,0.71,10.0,0.73,430.0,0.74,14.0,0.01,0.01,2332.289045,1776268805000
1776268806.926,6.926,0.27,425.0,0.26,24.0,0.28,10.0,0.29,15.0,0.72,10.0,0.71,10.0,0.73,420.0,0.74,14.0,0.01,0.01,2332.289045,1776268805000
1776268807.194,7.194,0.27,0.02,0.26,24.0,0.28,3.0,0.29,15.0,0.72,3.0,0.71,15.0,0.73,425.0,0.74,24.0,0.01,0.01,2332.289045,1776268805000
1776268807.673,7.673,0.25,605.0,0.24,5.0,0.27,15.0,0.28,8.0,0.72,3.0,0.71,15.0,0.74,4.84,0.75,605.0,0.02,0.02,2332.289045,1776268805000
1776268808.506,8.506,0.25,600.0,0.24,18.33,0.26,7.0,0.27,20.0,0.73,15.0,0.72,8.0,0.75,605.0,0.76,5.0,0.01,0.02,2330.827597,1776268807000
1776268809.08,9.08,0.24,23.33,0.22,10.0,0.27,20.0,0.28,11.0,0.74,2.0,0.73,20.0,0.75,552.87,0.76,23.33,0.03,0.01,2330.827597,1776268807000
1776268809.845,9.845,0.24,160.0,0.23,73.88,0.26,14.93,0.27,20.0,0.75,4.93,0.74,10.0,0.76,28.33,0.79,861.0,0.02,0.01,2330.588566,1776268808000
1776268810.322,10.322,0.25,128.0,0.24,40.0,0.26,0.46,0.27,20.0,0.74,0.46,0.73,20.0,0.75,5.0,0.76,150.0,0.01,0.01,2330.588566,1776268808000
1776268811.348,11.348,0.26,76.0,0.25,15.0,0.27,4.0,0.28,18.0,0.74,0.46,0.73,20.0,0.75,122.86,0.76,40.0,0.01,0.01,2330.332527,1776268809000
1776268811.585,11.585,0.26,120.08,0.25,45.0,0.28,16.0,0.29,10.0,0.73,4.0,0.72,18.0,0.74,125.08,0.75,45.0,0.02,0.01,2330.32695,1776268810000
1776268811.982,11.982,0.26,100.08,0.24,35.0,0.28,5.64,0.29,15.0,0.72,16.0,0.71,10.0,0.74,120.08,0.75,45.0,0.02,0.02,2330.32695,1776268810000
1776268812.547,12.547,0.26,186.0,0.24,45.0,0.27,23.18,0.28,29.21,0.72,4.21,0.71,15.0,0.74,62.79,0.76,35.0,0.01,0.02,2330.282555,1776268811000
1776268813.03,13.03,0.26,282.37,0.25,133.5,0.3,14.33,0.31,85.0,0.73,15.74,0.72,14.71,0.74,194.87,0.75,35.5,0.04,0.01,2330.282555,1776268811000
1776268813.696,13.696,0.27,271.73,0.26,257.37,0.28,17.42,0.29,31.5,0.71,20.5,0.7,30.5,0.73,66.73,0.74,187.37,0.01,0.02,2330.497325,1776268812000
1776268813.912,13.912,0.28,51.5,0.27,30.0,0.3,16.71,0.31,173.5,0.7,17.71,0.69,173.5,0.72,177.5,0.73,68.0,0.02,0.02,2330.497325,1776268812000
1776268814.175,14.175,0.29,145.0,0.28,132.0,0.3,8.69,0.31,45.5,0.69,95.88,0.68,136.0,0.71,155.0,0.72,32.0,0.01,0.02,2330.497325,1776268812000
1776268814.511,14.511,0.31,104.56,0.3,5.0,0.32,35.5,0.33,40.0,0.68,62.5,0.67,51.0,0.69,22.0,0.7,131.0,0.01,0.01,2330.497325,1776268812000
1776268814.798,14.798,0.29,142.96,0.28,10.0,0.3,26.0,0.31,16.0,0.68,35.5,0.67,40.0,0.69,104.56,0.7,5.0,0.01,0.01,2330.589758,1776268813000
1776268815.175,15.175,0.29,128.0,0.27,10.43,0.3,35.84,0.31,26.5,0.7,21.0,0.69,16.0,0.71,160.02,0.72,15.0,0.01,0.01,2330.589758,1776268813000
1776268815.92,15.92,0.29,149.0,0.28,125.5,0.3,8.0,0.31,66.84,0.7,29.0,0.69,26.5,0.71,117.0,0.73,10.43,0.01,0.01,2330.654232,1776268814000
1776268816.444,16.444,0.3,163.18,0.29,73.5,0.31,51.0,0.32,56.99,0.69,41.0,0.68,29.84,0.71,139.0,0.72,125.5,0.01,0.02,2330.646047,1776268815000
1776268816.739,16.739,0.3,159.88,0.29,63.0,0.31,56.0,0.32,56.99,0.69,56.0,0.68,56.99,0.7,164.88,0.71,63.0,0.01,0.01,2330.646047,1776268815000
1776268817.063,17.063,0.3,157.65,0.29,73.5,0.31,56.0,0.32,56.99,0.69,56.0,0.68,56.99,0.7,159.88,0.71,63.0,0.01,0.01,2330.646047,1776268815000
1776268817.351,17.351,0.3,150.83,0.29,63.0,0.31,66.0,0.32,32.0,0.69,56.0,0.68,56.99,0.7,157.65,0.71,73.5,0.01,0.01,2330.646047,1776268815000
1776268817.619,17.619,0.3,154.25,0.29,63.0,0.31,72.0,0.32,26.0,0.69,66.0,0.68,32.0,0.7,150.83,0.71,63.0,0.01,0.01,2330.646047,1776268815000
1776268818.058,18.058,0.3,161.38,0.29,83.5,0.31,57.08,0.32,27.0,0.69,72.0,0.68,26.0,0.7,154.25,0.71,63.0,0.01,0.01,2330.460505,1776268816000
1776268818.28,18.28,0.3,134.95,0.29,83.5,0.31,57.08,0.32,27.0,0.69,57.08,0.68,27.0,0.7,161.38,0.71,83.5,0.01,0.01,2330.460505,1776268816000
1776268818.888,18.888,0.3,139.95,0.29,193.5,0.31,9.08,0.32,49.0,0.69,57.08,0.68,27.0,0.7,134.95,0.71,83.5,0.01,0.01,2330.521675,1776268817000
1776268819.459,19.459,0.3,134.95,0.29,188.5,0.31,10.53,0.32,59.0,0.69,9.08,0.68,49.0,0.7,139.95,0.71,193.5,0.01,0.01,2330.535953,1776268818000
1776268819.958,19.958,0.29,132.0,0.28,55.5,0.3,48.0,0.31,41.53,0.69,10.53,0.68,59.0,0.7,134.95,0.71,188.5,0.01,0.01,2330.535953,1776268818000
1776268820.558,20.558,0.29,165.01,0.28,185.5,0.3,14.83,0.31,26.0,0.7,22.0,0.69,36.53,0.71,95.01,0.72,55.5,0.01,0.01,2330.549063,1776268819000
1776268820.77,20.77,0.29,155.01,0.28,185.5,0.3,14.03,0.31,26.0,0.7,14.03,0.69,26.0,0.71,170.01,0.72,185.5,0.01,0.01,2330.549063,1776268819000
1776268821.381,21.381,0.28,32.0,0.26,135.0,0.29,155.0,0.3,44.53,0.7,14.03,0.69,26.0,0.71,155.01,0.72,185.5,0.01,0.01,2330.549063,1776268819000
1776268822.01,22.01,0.28,72.0,0.27,17.83,0.29,189.84,0.3,51.65,0.71,155.0,0.7,44.53,0.72,32.0,0.74,135.0,0.01,0.01,2330.550266,1776268820000
1776268822.571,22.571,0.28,12.0,0.27,17.83,0.29,194.84,0.3,144.86,0.71,189.84,0.7,51.65,0.72,72.0,0.73,17.83,0.01,0.01,2330.550266,1776268820000
1776268822.781,22.781,0.27,9.93,0.26,20.0,0.28,21.0,0.29,45.0,0.72,15.0,0.71,199.84,0.73,6.66,0.74,20.0,0.01,0.01,2330.476035,1776268821000
1776268823.225,23.225,0.27,8.27,0.26,151.5,0.28,10.0,0.29,55.82,0.71,39.82,0.7,123.71,0.73,24.93,0.74,141.0,0.01,0.02,2330.476035,1776268821000
1776268823.557,23.557,0.27,496.0,0.26,140.5,0.29,22.85,0.3,21.0,0.72,10.0,0.71,55.82,0.73,6.5,0.74,151.5,0.02,0.01,2330.329841,1776268822000
1776268824.065,24.065,0.28,10.0,0.27,630.5,0.3,12.15,0.31,26.0,0.71,22.85,0.7,21.0,0.73,490.73,0.74,140.5,0.02,0.02,2330.329841,1776268822000
1776268824.404,24.404,0.29,500.0,0.28,36.5,0.31,111.58,0.32,51.0,0.7,12.15,0.69,26.0,0.72,10.0,0.73,630.5,0.02,0.02,2330.177835,1776268823000
1776268824.613,24.613,0.29,530.0,0.28,26.0,0.3,6.33,0.31,111.58,0.69,111.58,0.68,51.0,0.71,500.0,0.72,36.5,0.01,0.02,2330.177835,1776268823000
1776268824.886,24.886,0.29,530.0,0.28,151.5,0.32,37.0,0.33,66.5,0.7,6.33,0.69,111.58,0.71,530.0,0.72,26.0,0.03,0.01,2330.177835,1776268823000
1776268825.246,25.246,0.3,504.71,0.29,47.75,0.31,31.0,0.32,183.49,0.68,37.0,0.67,66.5,0.71,527.75,0.72,151.5,0.01,0.03,2330.177835,1776268823000
1776268825.524,25.524,0.3,484.71,0.29,22.75,0.31,105.83,0.32,183.49,0.69,31.0,0.68,183.49,0.7,504.71,0.71,47.75,0.01,0.01,2330.177835,1776268823000
1776268826.553,26.553,0.3,481.37,0.29,17.75,0.31,137.83,0.32,194.49,0.69,116.83,0.68,194.49,0.7,482.95,0.71,17.75,0.01,0.01,2330.28368,1776268824000
1776268827.429,27.429,0.3,521.37,0.29,137.75,0.32,53.84,0.33,181.5,0.69,137.83,0.68,194.49,0.7,481.37,0.71,17.75,0.02,0.01,2330.313276,1776268825000
1776268828.369,28.369,0.3,482.37,0.29,132.75,0.31,26.0,0.32,184.99,0.69,5.0,0.68,53.84,0.7,515.7,0.71,137.75,0.01,0.01,2330.314987,1776268827000
1776268828.876,28.876,0.3,623.71,0.29,53.25,0.31,87.81,0.32,30.0,0.69,97.81,0.68,179.15,0.7,490.54,0.71,142.75,0.01,0.01,2330.314987,1776268827000
1776268829.213,29.213,0.31,651.0,0.3,63.6,0.32,18.55,0.33,41.0,0.68,30.0,0.67,46.0,0.7,633.71,0.71,53.25,0.01,0.02,2330.301088,1776268828000
1776268829.475,29.475,0.31,663.45,0.3,63.6,0.32,18.55,0.33,101.84,0.68,18.55,0.67,41.0,0.69,649.55,0.7,63.6,0.01,0.01,2330.301088,1776268828000
1776268829.681,29.681,0.31,670.97,0.3,192.6,0.33,10.97,0.34,58.15,0.68,18.55,0.67,101.84,0.69,660.97,0.7,63.6,0.02,0.01,2330.301088,1776268828000
1776268829.899,29.899,0.32,533.38,0.31,53.61,0.33,28.52,0.34,46.0,0.67,10.97,0.66,48.15,0.69,669.11,0.7,192.6,0.01,0.02,2330.301088,1776268828000
1776268830.171,30.171,0.32,2.1,0.31,11.0,0.33,154.52,0.34,51.0,0.67,23.52,0.66,171.5,0.68,487.84,0.69,11.0,0.01,0.01,2330.33282,1776268829000
1776268830.721,30.721,0.3,18.1,0.29,20.0,0.31,54.77,0.32,552.9,0.68,14.4,0.67,164.52,0.69,5.0,0.7,28.1,0.01,0.01,2330.33282,1776268829000
1776268831.025,31.025,0.29,20.0,0.28,5.0,0.3,5.28,0.31,216.74,0.69,71.77,0.68,563.9,0.7,10.72,0.71,20.0,0.01,0.01,2330.379771,1776268830000
1776268831.738,31.738,0.29,505.5,0.28,25.5,0.3,129.73,0.31,33.0,0.7,5.28,0.69,216.74,0.71,20.0,0.72,5.0,0.01,0.01,2330.379771,1776268830000
1776268832.006,32.006,0.29,650.5,0.28,25.5,0.31,37.08,0.32,140.4,0.7,114.79,0.69,48.08,0.71,650.5,0.72,25.5,0.02,0.01,2330.569592,1776268831000
1776268832.476,32.476,0.3,654.0,0.29,160.5,0.31,61.08,0.32,102.42,0.69,51.08,0.68,25.4,0.7,18.0,0.71,635.5,0.01,0.01,2330.569592,1776268831000
1776268833.042,33.042,0.3,659.0,0.29,160.5,0.31,11.34,0.32,102.42,0.69,61.08,0.68,102.42,0.7,654.0,0.71,160.5,0.01,0.01,2330.304264,1776268832000
1776268833.524,33.524,0.3,654.98,0.29,160.5,0.31,11.34,0.32,102.42,0.69,11.34,0.68,102.42,0.7,657.57,0.71,160.5,0.01,0.01,2330.304264,1776268832000
1776268833.818,33.818,0.3,774.97,0.29,180.5,0.31,21.34,0.32,112.42,0.69,21.34,0.68,117.42,0.7,653.4,0.71,170.5,0.01,0.01,2330.304264,1776268832000
1776268834.07,34.07,0.3,783.54,0.29,206.5,0.32,102.42,0.33,20.0,0.69,29.34,0.68,112.42,0.7,778.54,0.71,211.5,0.02,0.01,2330.321212,1776268833000
1776268834.308,34.308,0.31,765.5,0.3,172.98,0.32,96.42,0.33,25.0,0.68,102.42,0.67,20.0,0.7,783.54,0.71,206.5,0.01,0.02,2330.321212,1776268833000
1776268834.564,34.564,0.31,761.34,0.3,172.98,0.32,38.4,0.34,65.0,0.68,96.42,0.67,25.0,0.69,765.5,0.7,172.98,0.01,0.01,2330.321212,1776268833000
1776268834.814,34.814,0.31,785.34,0.3,230.97,0.34,60.0,0.35,70.0,0.68,38.4,0.66,65.0,0.69,761.34,0.7,172.98,0.03,0.01,2330.321212,1776268833000
1776268835.385,35.385,0.33,770.04,0.32,120.5,0.34,82.17,0.35,75.0,0.66,60.0,0.65,70.0,0.67,167.37,0.68,600.5,0.01,0.01,2330.49513,1776268834000
1776268836.678,36.678,0.33,768.54,0.32,120.5,0.34,0.17,0.35,75.0,0.66,82.17,0.65,75.0,0.67,768.54,0.68,120.5,0.01,0.01,2330.769798,1776268835000
1776268837.323,37.323,0.33,768.54,0.32,129.5,0.34,78.95,0.35,85.0,0.66,0.17,0.65,75.0,0.67,768.54,0.68,120.5,0.01,0.01,2330.828872,1776268836000
1776268838.254,38.254,0.33,775.12,0.32,176.49,0.34,0.95,0.35,80.0,0.66,72.95,0.65,85.0,0.67,761.12,0.68,160.49,0.01,0.01,2330.834493,1776268837000
1776268839.197,39.197,0.34,828.64,0.33,185.5,0.35,14.4,0.36,15.0,0.66,0.95,0.65,80.0,0.67,775.12,0.68,176.49,0.01,0.01,2330.89566,1776268838000
1776268839.693,39.693,0.35,161.81,0.34,192.64,0.36,10.0,0.37,180.0,0.64,15.0,0.63,180.0,0.66,828.64,0.67,185.5,0.01,0.02,2330.89566,1776268838000
1776268840.148,40.148,0.35,112.75,0.34,144.64,0.36,84.06,0.37,180.0,0.64,10.0,0.63,180.0,0.65,156.81,0.66,187.64,0.01,0.01,2331.006964,1776268839000
1776268840.885,40.885,0.35,115.82,0.34,250.5,0.36,148.33,0.37,185.0,0.64,84.06,0.63,180.0,0.65,110.75,0.66,144.64,0.01,0.01,2331.006964,1776268839000
1776268841.386,41.386,0.35,13.0,0.34,30.5,0.36,214.06,0.37,195.0,0.64,148.33,0.63,185.0,0.65,115.82,0.66,250.5,0.01,0.01,2331.307714,1776268840000
1776268841.738,41.738,0.34,8.84,0.32,20.5,0.36,704.06,0.37,195.0,0.64,214.06,0.63,195.0,0.65,13.0,0.66,30.5,0.02,0.01,2331.307714,1776268840000
1776268842.161,42.161,0.34,13.84,0.31,60.29,0.35,657.0,0.36,69.06,0.64,704.06,0.63,195.0,0.66,8.84,0.68,20.5,0.01,0.02,2331.307714,1776268840000
1776268842.372,42.372,0.31,25.0,0.3,89.0,0.35,672.0,0.36,250.73,0.65,657.0,0.64,69.06,0.66,13.84,0.69,60.29,0.04,0.01,2331.307714,1776268840000
1776268844.054,44.054,0.31,520.0,0.3,583.5,0.32,163.0,0.33,236.0,0.65,672.0,0.64,250.73,0.69,25.0,0.7,89.0,0.01,0.04,2331.048668,1776268842000
1776268844.267,44.267,0.31,506.0,0.3,114.5,0.32,104.0,0.33,247.0,0.68,115.0,0.67,247.0,0.69,511.0,0.7,114.5,0.01,0.01,2330.8262,1776268843000
1776268845.432,45.432,0.32,600.5,0.31,240.5,0.33,72.52,0.34,6.0,0.68,93.0,0.67,247.0,0.69,506.0,0.7,114.5,0.01,0.01,2330.753084,1776268844000
1776268845.658,45.658,0.34,600.86,0.33,240.5,0.35,32.69,0.36,128.06,0.67,72.52,0.66,6.0,0.68,588.92,0.69,240.5,0.01,0.01,2330.753084,1776268844000
1776268846.167,46.167,0.34,639.61,0.33,131.5,0.35,77.69,0.36,68.06,0.65,32.69,0.64,128.06,0.66,600.86,0.67,240.5,0.01,0.01,2330.753084,1776268844000
1776268846.465,46.465,0.34,537.31,0.33,246.5,0.35,160.61,0.36,63.06,0.65,77.69,0.64,68.06,0.66,639.61,0.67,131.5,0.01,0.01,2330.741443,1776268845000
1776268846.69,46.69,0.34,560.76,0.33,246.5,0.35,165.61,0.36,178.06,0.65,160.61,0.64,63.06,0.66,537.31,0.67,246.5,0.01,0.01,2330.741443,1776268845000
1776268848.576,48.576,0.34,789.5,0.33,215.5,0.35,143.51,0.36,68.06,0.65,153.51,0.64,178.06,0.66,560.76,0.67,246.5,0.01,0.01,2330.957105,1776268847000
1776268849.795,49.795,0.34,663.4,0.33,321.5,0.35,168.51,0.36,68.06,0.65,138.51,0.64,68.06,0.66,795.2,0.67,231.2,0.01,0.01,2331.00603,1776268848000
1776268850.541,50.541,0.34,660.36,0.33,321.5,0.35,179.51,0.36,79.06,0.65,168.51,0.64,68.06,0.66,663.4,0.67,321.5,0.01,0.01,2331.03186,1776268849000
1776268850.788,50.788,0.34,663.36,0.33,321.5,0.35,173.92,0.36,79.06,0.65,179.51,0.64,79.06,0.66,660.36,0.67,321.5,0.01,0.01,2331.03186,1776268849000
1776268852.371,52.371,0.34,592.32,0.33,326.5,0.35,69.0,0.36,79.06,0.65,173.92,0.64,79.06,0.66,663.36,0.67,321.5,0.01,0.01,2331.057903,1776268851000
1776268853.564,53.564,0.34,552.0,0.33,226.5,0.35,120.94,0.36,79.06,0.65,69.0,0.64,79.06,0.66,592.32,0.67,326.5,0.01,0.01,2331.053425,1776268852000
1776268853.885,53.885,0.34,557.0,0.33,226.5,0.35,119.02,0.36,79.06,0.65,120.94,0.64,79.06,0.66,552.0,0.67,226.5,0.01,0.01,2331.053425,1776268852000
1776268855.029,55.029,0.34,613.0,0.33,226.5,0.35,81.36,0.36,183.06,0.65,90.44,0.64,79.06,0.66,552.0,0.67,226.5,0.01,0.01,2331.10231,1776268853000
1776268855.515,55.515,0.34,611.0,0.33,226.5,0.35,154.76,0.36,183.06,0.65,127.07,0.64,183.06,0.66,613.0,0.67,226.5,0.01,0.01,2331.118862,1776268854000
1776268855.933,55.933,0.34,561.0,0.33,226.5,0.35,97.61,0.36,183.06,0.65,154.76,0.64,183.06,0.66,611.0,0.67,226.5,0.01,0.01,2331.118862,1776268854000
1776268856.188,56.188,0.34,607.96,0.33,271.49,0.35,97.61,0.36,183.06,0.65,97.61,0.64,183.06,0.66,561.0,0.67,226.5,0.01,0.01,2331.125725,1776268855000
1776268857.434,57.434,0.34,8.0,0.31,10.5,0.35,1076.38,0.36,204.56,0.65,97.61,0.64,183.06,0.66,607.96,0.67,271.49,0.01,0.01,2331.083913,1776268856000
1776268858.018,58.018,0.3,31.35,0.29,680.5,0.32,107.0,0.33,148.0,0.65,1044.38,0.64,204.56,0.7,88.0,0.71,85.5,0.02,0.05,2331.083913,1776268856000
1776268858.601,58.601,0.31,822.5,0.3,116.05,0.32,89.48,0.34,50.0,0.68,107.0,0.67,148.0,0.7,31.35,0.71,680.5,0.01,0.02,2331.107856,1776268857000
1776268859.065,59.065,0.33,716.5,0.32,153.49,0.34,9.84,0.35,49.69,0.66,50.0,0.65,99.69,0.69,822.5,0.7,116.05,0.01,0.03,2331.107856,1776268857000
1776268859.416,59.416,0.33,789.08,0.32,114.2,0.34,9.84,0.35,27.69,0.66,9.84,0.65,49.69,0.67,716.5,0.68,153.49,0.01,0.01,2331.033264,1776268858000
1776268859.771,59.771,0.34,651.97,0.33,253.79,0.35,38.53,0.36,74.06,0.65,27.53,0.64,74.06,0.67,789.08,0.68,114.2,0.01,0.02,2331.033264,1776268858000
1776268860.581,60.581,0.34,59.27,0.33,611.2,0.35,142.53,0.36,268.64,0.65,38.53,0.64,74.06,0.66,651.97,0.67,253.79,0.01,0.01,2330.927694,1776268859000
1776268861.248,61.248,0.34,26.69,0.33,726.2,0.35,102.67,0.36,268.64,0.65,137.53,0.64,268.64,0.66,26.69,0.67,611.2,0.01,0.01,2331.170678,1776268860000
1776268861.77,61.77,0.34,538.46,0.33,131.2,0.35,35.67,0.36,103.64,0.65,102.67,0.64,268.64,0.66,26.69,0.67,726.2,0.01,0.01,2331.170678,1776268860000
1776268862.135,62.135,0.34,533.0,0.33,127.2,0.35,9.67,0.36,87.64,0.65,25.67,0.64,103.64,0.66,544.49,0.67,136.2,0.01,0.01,2331.251642,1776268861000
1776268862.414,62.414,0.34,708.0,0.33,127.2,0.36,87.64,0.37,180.0,0.65,9.67,0.64,87.64,0.66,517.84,0.67,127.2,0.02,0.01,2331.251642,1776268861000
1776268863.205,63.205,0.35,664.2,0.34,266.0,0.36,92.64,0.37,230.0,0.64,87.64,0.63,180.0,0.66,708.0,0.67,127.2,0.01,0.02,2331.201901,1776268862000
1776268864.03,64.03,0.35,748.49,0.34,171.0,0.36,18.06,0.37,180.0,0.64,92.64,0.63,230.0,0.65,145.73,0.66,746.0,0.01,0.01,2331.201901,1776268862000
1776268864.53,64.53,0.35,725.49,0.34,179.0,0.36,101.81,0.37,230.0,0.64,18.06,0.63,180.0,0.65,748.49,0.66,171.0,0.01,0.01,2331.31025,1776268863000
1776268865.575,65.575,0.35,111.52,0.34,734.0,0.36,81.12,0.37,310.97,0.64,101.81,0.63,230.0,0.65,725.49,0.66,179.0,0.01,0.01,2331.35236,1776268864000
1776268865.787,65.787,0.35,159.52,0.34,734.0,0.36,26.12,0.37,310.97,0.64,81.12,0.63,310.97,0.65,111.52,0.66,734.0,0.01,0.01,2331.35236,1776268864000
1776268867.415,67.415,0.35,729.52,0.34,119.0,0.36,19.54,0.37,335.0,0.64,26.12,0.63,310.97,0.65,159.52,0.66,734.0,0.01,0.01,2331.426729,1776268866000
1776268867.77,67.77,0.35,729.52,0.34,119.0,0.36,17.54,0.37,335.0,0.64,19.54,0.63,335.0,0.65,729.52,0.66,119.0,0.01,0.01,2331.426729,1776268866000
1776268868.28,68.28,0.35,212.7,0.34,104.0,0.36,139.95,0.37,360.5,0.64,17.54,0.63,335.0,0.65,729.52,0.66,119.0,0.01,0.01,2331.426729,1776268866000
1776268868.685,68.685,0.35,13.0,0.34,66.5,0.36,206.95,0.37,830.5,0.64,139.95,0.63,360.5,0.65,212.7,0.66,104.0,0.01,0.01,2331.426729,1776268866000
1776268868.925,68.925,0.35,16.46,0.34,56.5,0.36,227.95,0.37,852.5,0.64,206.95,0.63,830.5,0.65,13.0,0.66,66.5,0.01,0.01,2331.417472,1776268867000
1776268870.155,70.155,0.35,23.83,0.34,66.5,0.36,377.95,0.37,852.5,0.64,227.95,0.63,910.68,0.65,17.67,0.66,106.5,0.01,0.01,2331.432875,1776268868000
1776268870.981,70.981,0.35,12.33,0.34,116.5,0.36,352.95,0.37,852.5,0.64,377.95,0.63,852.5,0.65,23.83,0.66,66.5,0.01,0.01,2331.432875,1776268868000
1776268873.694,73.694,0.35,20.33,0.34,51.0,0.36,291.13,0.37,762.5,0.64,352.95,0.63,852.5,0.65,12.33,0.66,116.5,0.01,0.01,2331.238863,1776268872000
1776268876.419,76.419,0.35,738.83,0.34,116.5,0.36,31.63,0.37,252.0,0.64,367.13,0.63,762.5,0.65,15.33,0.66,51.0,0.01,0.01,2331.275854,1776268874000
1776268877.28,77.28,0.35,753.83,0.34,116.5,0.36,18.46,0.37,230.0,0.64,26.63,0.63,230.0,0.65,738.83,0.66,116.5,0.01,0.01,2331.285716,1776268875000
1776268877.872,77.872,0.35,799.83,0.34,126.5,0.36,20.96,0.37,180.0,0.64,18.46,0.63,230.0,0.65,753.83,0.66,116.5,0.01,0.01,2331.40961,1776268876000
1776268880.612,80.612,0.46,45.0,0.44,36.86,0.48,16.0,0.49,50.0,0.63,180.0,0.62,35.0,0.65,799.83,0.66,126.5,0.02,0.02,2331.406328,1776268878000
1776268880.89,80.89,0.47,108.2,0.46,591.74,0.5,9.41,0.52,24.0,0.52,15.41,0.51,50.0,0.53,57.56,0.54,111.74,0.03,0.01,2331.544565,1776268879000
1776268881.102,81.102,0.53,15.0,0.52,15.0,0.54,46.4,0.55,55.0,0.46,50.0,0.45,66.12,0.53,97.56,0.54,591.74,0.01,0.07,2331.544565,1776268879000
1776268881.5,81.5,0.54,10.0,0.53,15.0,0.55,56.99,0.56,73.89,0.46,35.75,0.45,55.0,0.47,15.0,0.48,15.0,0.01,0.01,2331.544565,1776268879000
1776268881.828,81.828,0.54,20.0,0.53,15.0,0.56,79.89,0.57,67.99,0.45,6.48,0.44,79.89,0.46,15.0,0.47,15.0,0.02,0.01,2331.745867,1776268880000
1776268882.15,82.15,0.55,42.0,0.54,15.0,0.56,31.89,0.57,12.99,0.44,78.89,0.43,67.99,0.46,20.0,0.47,15.0,0.01,0.02,2331.745867,1776268880000
1776268882.625,82.625,0.56,10.0,0.55,34.53,0.57,115.03,0.58,78.82,0.43,12.99,0.42,55.0,0.45,39.53,0.46,10.0,0.01,0.02,2331.890021,1776268881000
1776268882.848,82.848,0.55,1.48,0.54,10.0,0.56,11.37,0.57,120.03,0.43,115.03,0.42,78.82,0.45,11.9,0.46,10.0,0.01,0.02,2331.890021,1776268881000
1776268883.287,83.287,0.54,10.0,0.53,10.0,0.56,10.37,0.57,35.25,0.44,11.37,0.43,120.03,0.45,1.48,0.46,10.0,0.02,0.01,2331.890021,1776268881000
1776268883.812,83.812,0.54,10.0,0.53,10.0,0.55,6.12,0.56,102.33,0.44,10.37,0.43,35.25,0.46,10.0,0.47,10.0,0.01,0.02,2332.831762,1776268882000
1776268884.112,84.112,0.55,30.0,0.54,10.0,0.56,122.96,0.57,19.62,0.44,21.74,0.43,126.99,0.45,10.0,0.46,10.0,0.01,0.01,2332.831762,1776268882000
1776268884.334,84.334,0.55,4.66,0.54,16.0,0.56,122.96,0.57,7.99,0.44,122.96,0.43,19.62,0.45,30.0,0.46,10.0,0.01,0.01,2332.831762,1776268882000
1776268884.723,84.723,0.54,5.0,0.53,15.0,0.55,9.07,0.56,119.55,0.44,78.55,0.43,62.56,0.47,10.0,0.48,21.0,0.01,0.03,2332.831762,1776268882000
1776268885.123,85.123,0.54,10.0,0.53,21.0,0.55,4.07,0.56,5.0,0.45,9.07,0.44,5.0,0.47,15.0,0.48,15.0,0.01,0.02,2332.916249,1776268883000
1776268885.352,85.352,0.55,10.0,0.54,26.0,0.57,54.57,0.59,55.0,0.44,3.0,0.43,61.63,0.46,21.0,0.47,15.0,0.02,0.02,2332.916249,1776268883000
1776268885.63,85.63,0.56,20.0,0.55,21.0,0.6,5.0,0.61,55.0,0.43,54.57,0.41,55.0,0.45,10.0,0.46,26.0,0.04,0.02,2332.916249,1776268883000
1776268885.912,85.912,0.6,10.0,0.59,10.0,0.61,140.0,0.62,65.0,0.39,150.0,0.38,65.0,0.4,10.0,0.41,10.0,0.01,0.01,2332.852914,1776268884000
1776268886.259,86.259,0.6,15.0,0.59,10.0,0.61,111.85,0.63,55.0,0.39,136.0,0.38,65.0,0.4,10.0,0.41,10.0,0.01,0.01,2332.852914,1776268884000
1776268886.583,86.583,0.59,15.87,0.58,10.0,0.61,95.29,0.63,5.0,0.39,95.29,0.37,65.0,0.4,9.87,0.41,10.0,0.02,0.01,2332.852914,1776268884000
1776268887.302,87.302,0.59,15.87,0.58,10.0,0.61,105.29,0.63,5.0,0.39,95.29,0.37,5.0,0.41,15.87,0.42,10.0,0.02,0.02,2332.918518,1776268885000
1776268888.337,88.337,0.6,175.63,0.59,20.87,0.61,206.29,0.63,115.4,0.39,105.29,0.37,5.0,0.41,15.87,0.42,10.0,0.01,0.02,2333.251859,1776268887000
1776268888.589,88.589,0.6,78.63,0.59,20.87,0.61,211.29,0.62,100.0,0.39,216.29,0.38,100.0,0.4,99.63,0.41,20.87,0.01,0.01,2333.251859,1776268887000
1776268888.932,88.932,0.6,73.5,0.59,20.87,0.61,216.29,0.62,100.0,0.39,211.29,0.38,100.0,0.4,78.63,0.41,20.87,0.01,0.01,2333.251859,1776268887000
1776268889.19,89.19,0.6,73.5,0.59,20.87,0.61,200.29,0.62,100.0,0.39,216.29,0.38,100.0,0.4,73.5,0.41,20.87,0.01,0.01,2333.251859,1776268887000
1776268891.109,91.109,0.6,114.5,0.59,19.87,0.63,15.4,0.64,75.13,0.39,139.71,0.38,100.0,0.4,83.5,0.41,20.87,0.03,0.01,2333.42323,1776268889000
1776268891.522,91.522,0.62,6.0,0.61,10.0,0.63,15.4,0.64,75.13,0.37,15.4,0.36,75.13,0.4,114.5,0.41,19.87,0.01,0.03,2333.472235,1776268890000
1776268892.352,92.352,0.66,2.0,0.65,15.0,0.67,32.0,0.68,175.0,0.37,15.4,0.36,75.13,0.38,6.0,0.39,10.0,0.01,0.01,2333.472235,1776268890000
1776268892.848,92.848,0.65,3.54,0.64,30.0,0.66,20.5,0.67,130.5,0.33,147.0,0.32,60.0,0.36,10.0,0.37,10.0,0.01,0.03,2333.559434,1776268891000
1776268893.2,93.2,0.65,5.54,0.64,20.0,0.66,135.5,0.67,15.5,0.34,20.5,0.33,130.5,0.35,3.54,0.36,30.0,0.01,0.01,2333.559434,1776268891000
1776268893.475,93.475,0.65,5.54,0.64,20.0,0.66,141.5,0.67,15.5,0.34,135.5,0.33,15.5,0.35,5.54,0.36,20.0,0.01,0.01,2333.559434,1776268891000
1776268893.724,93.724,0.64,15.88,0.63,25.5,0.66,146.5,0.67,20.5,0.34,141.5,0.33,15.5,0.35,5.54,0.36,20.0,0.02,0.01,2333.559434,1776268891000
1776268894.047,94.047,0.65,10.0,0.64,20.88,0.66,135.5,0.67,20.5,0.34,146.5,0.33,20.5,0.36,15.88,0.37,25.5,0.01,0.02,2333.583142,1776268892000
1776268894.707,94.707,0.65,20.5,0.64,20.88,0.66,122.16,0.67,15.5,0.34,135.5,0.33,20.5,0.35,10.0,0.36,20.88,0.01,0.01,2333.739898,1776268893000
1776268894.955,94.955,0.65,7.5,0.64,20.88,0.66,120.0,0.67,15.5,0.34,115.0,0.33,15.5,0.35,13.5,0.36,20.88,0.01,0.01,2333.739898,1776268893000
1776268895.508,95.508,0.65,4.0,0.64,22.38,0.66,142.0,0.67,39.5,0.34,118.0,0.33,15.5,0.35,15.0,0.36,22.38,0.01,0.01,2333.750059,1776268894000
1776268895.776,95.776,0.66,9.0,0.65,161.5,0.67,42.06,0.68,5.0,0.34,118.0,0.33,74.5,0.37,135.5,0.38,116.5,0.01,0.03,2333.750059,1776268894000
1776268896.352,96.352,0.69,4.0,0.68,10.0,0.7,182.49,0.71,77.99,0.3,130.0,0.29,55.0,0.32,4.0,0.33,16.0,0.01,0.02,2333.750059,1776268894000
1776268896.749,96.749,0.66,48.7,0.65,71.0,0.68,64.43,0.69,59.49,0.31,14.99,0.3,80.5,0.33,39.0,0.34,60.0,0.02,0.02,2333.755563,1776268895000
1776268896.971,96.971,0.67,19.5,0.66,223.2,0.69,15.0,0.7,40.5,0.33,11.5,0.32,149.0,0.34,158.2,0.35,176.5,0.02,0.01,2333.755563,1776268895000
1776268897.257,97.257,0.68,16.0,0.67,21.0,0.69,4.5,0.7,40.5,0.31,25.5,0.3,40.5,0.33,31.34,0.34,213.2,0.01,0.02,2333.825539,1776268896000
1776268897.835,97.835,0.69,26.0,0.68,116.0,0.71,30.76,0.72,55.0,0.31,4.5,0.3,40.5,0.32,16.0,0.33,21.0,0.02,0.01,2333.825539,1776268896000
1776268898.312,98.312,0.7,15.0,0.69,51.5,0.71,149.56,0.72,65.5,0.29,10.76,0.28,55.0,0.31,26.0,0.32,116.0,0.01,0.02,2333.825539,1776268896000
1776268898.706,98.706,0.7,9.0,0.69,51.5,0.71,135.76,0.72,22.0,0.29,149.56,0.28,65.5,0.3,15.0,0.31,51.5,0.01,0.01,2333.953991,1776268897000
1776268898.946,98.946,0.7,120.0,0.69,120.5,0.71,105.0,0.72,29.06,0.29,123.25,0.28,22.0,0.3,15.0,0.31,17.5,0.01,0.01,2333.953991,1776268897000
1776268899.286,99.286,0.7,116.5,0.69,145.5,0.72,5.0,0.73,5.0,0.29,92.0,0.28,29.06,0.3,124.5,0.31,120.5,0.02,0.01,2333.953991,1776268897000
1776268899.556,99.556,0.71,35.27,0.7,125.5,0.74,7.06,0.75,10.0,0.25,10.0,0.24,59.0,0.29,65.0,0.3,130.5,0.03,0.04,2334.053302,1776268898000
1776268899.761,99.761,0.74,8.04,0.73,10.0,0.75,120.0,0.76,59.0,0.25,38.36,0.24,174.0,0.26,10.0,0.27,10.0,0.01,0.01,2334.053302,1776268898000
1776268900.307,100.307,0.74,2.04,0.73,20.0,0.75,136.0,0.76,50.0,0.25,141.0,0.24,50.0,0.26,2.04,0.27,20.0,0.01,0.01,2334.130796,1776268899000
1776268900.543,100.543,0.74,2.04,0.73,20.0,0.75,127.86,0.76,60.0,0.25,136.0,0.24,50.0,0.26,2.04,0.27,20.0,0.01,0.01,2334.130796,1776268899000
1776268900.754,100.754,0.72,130.04,0.71,120.5,0.75,162.79,0.76,93.5,0.25,173.29,0.24,93.5,0.27,9.54,0.28,131.5,0.03,0.02,2334.130796,1776268899000
1776268901.052,101.052,0.73,14.0,0.72,135.04,0.75,167.79,0.76,93.5,0.25,162.79,0.24,93.5,0.28,130.04,0.29,120.5,0.02,0.03,2334.130796,1776268899000
1776268901.26,101.26,0.74,125.96,0.73,115.0,0.75,159.79,0.76,28.5,0.25,174.79,0.24,43.5,0.26,1.96,0.27,109.0,0.01,0.01,2334.130796,1776268899000
1776268901.483,101.483,0.74,169.96,0.73,175.5,0.75,137.79,0.76,43.5,0.25,159.79,0.24,28.5,0.26,114.96,0.27,115.0,0.01,0.01,2334.130796,1776268899000
1776268902.068,102.068,0.74,126.96,0.73,175.5,0.75,96.45,0.76,98.5,0.25,132.79,0.24,93.5,0.26,144.96,0.27,175.5,0.01,0.01,2334.5028,1776268900000
1776268902.349,102.349,0.72,114.75,0.71,204.5,0.75,653.43,0.76,98.5,0.25,611.61,0.24,98.5,0.26,105.0,0.27,160.0,0.03,0.01,2334.573414,1776268901000
1776268902.752,102.752,0.7,218.5,0.69,99.0,0.73,557.0,0.74,185.0,0.25,653.43,0.24,98.5,0.28,114.75,0.29,204.5,0.03,0.03,2334.573414,1776268901000
1776268903.218,103.218,0.7,198.5,0.69,74.0,0.73,552.0,0.74,190.0,0.27,557.0,0.26,185.0,0.3,218.5,0.31,99.0,0.03,0.03,2334.569975,1776268902000
1776268903.685,103.685,0.72,14.46,0.71,15.0,0.73,677.0,0.74,70.0,0.27,552.0,0.26,190.0,0.3,198.5,0.31,74.0,0.01,0.03,2334.569975,1776268902000
1776268904.151,104.151,0.69,5.0,0.63,50.0,0.7,529.5,0.71,30.5,0.27,677.0,0.26,70.0,0.28,14.46,0.29,15.0,0.01,0.01,2334.569975,1776268902000
1776268904.514,104.514,0.69,5.0,0.63,50.0,0.7,574.5,0.71,25.5,0.3,529.5,0.29,30.5,0.31,5.0,0.37,50.0,0.01,0.01,2334.611855,1776268903000
1776268905.154,105.154,0.63,10.5,0.61,55.0,0.66,12.54,0.67,10.0,0.3,574.5,0.29,25.5,0.37,40.39,0.38,90.0,0.03,0.07,2334.598749,1776268904000
1776268905.672,105.672,0.64,15.5,0.63,25.5,0.65,7.31,0.66,16.54,0.34,12.54,0.33,10.0,0.37,7.15,0.39,55.0,0.01,0.03,2334.598749,1776268904000
1776268906.242,106.242,0.64,5.0,0.62,10.0,0.65,18.84,0.66,7.54,0.35,14.31,0.34,16.54,0.36,35.5,0.37,20.5,0.01,0.01,2334.598749,1776268904000
1776268906.67,106.67,0.63,5.0,0.6,56.55,0.64,2.18,0.65,12.3,0.35,17.3,0.34,12.54,0.36,2.0,0.4,56.55,0.01,0.01,2334.353545,1776268905000
1776268907.514,107.514,0.62,5.0,0.61,5.0,0.63,79.44,0.64,67.68,0.36,2.18,0.35,12.3,0.37,5.0,0.4,56.55,0.01,0.01,2334.353545,1776268905000
1776268908.014,108.014,0.6,180.55,0.59,39.0,0.63,614.44,0.64,237.68,0.37,79.44,0.36,67.68,0.38,5.0,0.39,5.0,0.03,0.01,2334.01282,1776268906000
1776268909.525,109.525,0.6,246.54,0.59,52.0,0.61,595.36,0.62,65.0,0.39,18.36,0.38,10.0,0.4,190.55,0.41,39.0,0.01,0.01,2333.812327,1776268908000
1776268910.397,110.397,0.6,329.87,0.59,124.11,0.61,451.44,0.62,65.0,0.39,528.36,0.38,65.0,0.4,246.54,0.41,114.11,0.01,0.01,2333.812327,1776268908000
1776268910.723,110.723,0.63,60.0,0.62,237.99,0.64,55.78,0.65,75.3,0.39,451.44,0.38,65.0,0.4,329.87,0.41,124.11,0.01,0.01,2333.72212,1776268909000
1776268911.356,111.356,0.63,97.53,0.62,197.75,0.64,46.38,0.65,70.3,0.36,51.38,0.35,70.3,0.37,60.0,0.38,237.99,0.01,0.01,2333.61485,1776268910000
1776268912.858,112.858,0.65,7.75,0.64,115.24,0.66,5.0,0.67,63.0,0.36,46.38,0.35,70.3,0.37,97.53,0.38,197.75,0.01,0.01,2333.6579,1776268911000
1776268913.236,113.236,0.66,32.0,0.65,137.75,0.67,543.69,0.68,75.5,0.33,48.69,0.32,50.0,0.35,7.75,0.36,145.24,0.01,0.02,2333.74775,1776268912000
1776268913.461,113.461,0.66,37.0,0.65,22.75,0.67,649.84,0.68,89.5,0.33,657.3,0.32,75.5,0.34,7.0,0.35,27.75,0.01,0.01,2333.74775,1776268912000
1776268913.822,113.822,0.64,14.75,0.63,17.0,0.66,527.0,0.67,59.84,0.33,649.84,0.32,89.5,0.35,22.75,0.36,30.0,0.02,0.02,2333.74775,1776268912000
1776268914.469,114.469,0.68,45.0,0.66,95.0,0.72,47.0,0.73,50.0,0.34,504.81,0.33,49.84,0.36,11.4,0.37,8.0,0.04,0.02,2333.801474,1776268913000
1776268914.958,114.958,0.71,4.0,0.7,15.0,0.72,52.0,0.73,60.0,0.28,47.0,0.27,50.0,0.31,1.19,0.32,45.0,0.01,0.03,2333.801474,1776268913000
1776268915.236,115.236,0.69,39.94,0.68,16.0,0.72,57.0,0.73,60.0,0.28,47.0,0.27,60.0,0.3,14.0,0.31,51.24,0.03,0.02,2333.801474,1776268913000
1776268915.519,115.519,0.67,102.62,0.66,96.0,0.71,9.05,0.72,57.0,0.29,18.0,0.28,57.0,0.33,92.62,0.34,96.0,0.04,0.04,2333.97753,1776268914000
1776268916.64,116.64,0.7,200.0,0.69,20.0,0.71,470.0,0.74,60.0,0.29,9.05,0.28,57.0,0.33,102.62,0.34,96.0,0.01,0.04,2334.115125,1776268915000
1776268916.897,116.897,0.7,203.59,0.69,20.0,0.71,440.25,0.72,5.0,0.29,465.25,0.26,60.0,0.3,184.59,0.31,20.0,0.01,0.01,2334.115125,1776268915000
1776268917.355,117.355,0.73,81.19,0.72,15.0,0.74,545.5,0.75,280.0,0.29,430.25,0.28,5.0,0.3,203.59,0.31,20.0,0.01,0.01,2334.115125,1776268915000
1776268917.651,117.651,0.72,10.0,0.71,10.0,0.74,678.0,0.75,185.5,0.26,545.5,0.25,280.0,0.27,81.19,0.28,15.0,0.02,0.01,2334.277645,1776268916000
1776268918.109,118.109,0.71,5.0,0.69,49.24,0.72,8.29,0.73,715.5,0.26,676.35,0.25,185.5,0.28,10.0,0.29,10.0,0.01,0.02,2334.277645,1776268916000
1776268918.456,118.456,0.69,55.69,0.68,64.0,0.7,125.0,0.71,25.5,0.28,772.79,0.27,243.5,0.31,54.24,0.32,89.0,0.01,0.03,2334.36802,1776268917000
1776268918.666,118.666,0.68,99.24,0.67,219.0,0.7,608.27,0.71,190.5,0.3,728.27,0.29,30.5,0.31,10.0,0.32,99.24,0.02,0.01,2334.36802,1776268917000
1776268918.904,118.904,0.69,8.0,0.68,210.24,0.7,589.27,0.71,185.0,0.3,597.27,0.29,180.0,0.31,8.0,0.32,109.24,0.01,0.01,2334.36802,1776268917000
1776268919.11,119.11,0.69,58.0,0.68,210.24,0.7,478.27,0.71,185.0,0.3,489.27,0.29,185.0,0.31,58.0,0.32,210.24,0.01,0.01,2334.36802,1776268917000
1776268919.314,119.314,0.69,58.0,0.68,210.24,0.7,368.27,0.71,185.0,0.3,384.27,0.29,185.0,0.31,58.0,0.32,210.24,0.01,0.01,2334.36802,1776268917000
1776268919.919,119.919,0.7,10.0,0.69,258.49,0.72,7.22,0.73,19.0,0.3,252.27,0.29,185.0,0.31,78.0,0.32,189.0,0.02,0.01,2334.523893,1776268918000
1776268921.013,121.013,0.77,15.0,0.76,10.0,0.78,119.0,0.79,55.0,0.28,7.22,0.27,19.0,0.3,10.0,0.31,258.49,0.01,0.02,2334.440173,1776268919000
1776268922.211,122.211,0.79,15.19,0.78,10.0,0.8,15.0,0.81,135.0,0.22,119.0,0.21,55.0,0.26,206.11,0.27,110.84,0.01,0.04,2334.377478,1776268920000
1776268922.635,122.635,0.78,19.54,0.77,10.0,0.79,10.0,0.8,635.05,0.2,15.0,0.19,135.0,0.21,15.19,0.22,10.0,0.01,0.01,2334.585025,1776268921000
1776268922.934,122.934,0.78,16.54,0.77,10.0,0.79,605.0,0.8,30.0,0.21,10.0,0.2,635.05,0.22,19.54,0.23,10.0,0.01,0.01,2334.585025,1776268921000
1776268923.369,123.369,0.77,10.0,0.76,85.0,0.79,610.0,0.8,25.0,0.21,605.0,0.2,30.0,0.22,16.54,0.23,10.0,0.02,0.01,2335.014058,1776268922000
1776268923.695,123.695,0.77,100.75,0.76,101.0,0.78,14.0,0.79,130.0,0.21,610.0,0.2,25.0,0.23,10.0,0.24,85.0,0.01,0.02,2335.014058,1776268922000
1776268924.077,124.077,0.77,91.45,0.76,200.0,0.78,489.0,0.79,15.0,0.22,13.8,0.21,610.0,0.23,96.45,0.24,85.0,0.01,0.01,2335.014058,1776268922000
1776268924.764,124.764,0.77,120.0,0.76,219.5,0.78,486.0,0.8,135.0,0.22,489.0,0.21,15.0,0.23,91.45,0.24,200.0,0.01,0.01,2335.274673,1776268923000
1776268925.116,125.116,0.77,130.5,0.76,200.0,0.78,446.12,0.79,5.0,0.22,447.53,0.2,135.0,0.23,100.0,0.24,219.5,0.01,0.01,2335.204673,1776268924000
1776268925.587,125.587,0.77,846.5,0.76,185.0,0.78,3.0,0.8,10.0,0.22,446.12,0.21,5.0,0.23,130.5,0.24,200.0,0.01,0.01,2335.204673,1776268924000
1776268926.293,126.293,0.79,796.69,0.78,105.0,0.8,10.0,0.83,490.0,0.2,10.0,0.18,21.0,0.23,846.5,0.24,185.0,0.01,0.03,2335.204673,1776268924000
1776268926.57,126.57,0.82,95.0,0.81,195.5,0.84,5.75,0.85,137.0,0.17,490.0,0.16,10.0,0.21,865.69,0.22,105.0,0.02,0.04,2335.172239,1776268925000
1776268927.022,127.022,0.82,85.5,0.81,69.0,0.84,4.55,0.85,22.0,0.17,6.02,0.16,5.75,0.18,85.0,0.19,190.5,0.02,0.01,2335.172239,1776268925000
1776268927.417,127.417,0.83,79.5,0.82,230.0,0.85,19.97,0.86,10.0,0.16,4.55,0.15,22.0,0.18,85.5,0.19,69.0,0.02,0.02,2335.440778,1776268926000
1776268927.701,127.701,0.84,109.9,0.83,601.0,0.85,9.95,0.86,10.0,0.15,15.95,0.14,10.0,0.16,30.5,0.17,121.0,0.01,0.01,2335.440778,1776268926000
1776268927.993,127.993,0.84,613.9,0.83,631.0,0.85,22.31,0.86,10.0,0.15,9.95,0.14,10.0,0.16,109.9,0.17,601.0,0.01,0.01,2335.538838,1776268927000
1776268928.193,128.193,0.84,213.9,0.83,601.0,0.85,15.22,0.86,10.0,0.15,22.31,0.14,10.0,0.16,613.9,0.17,631.0,0.01,0.01,2335.538838,1776268927000
1776268928.458,128.458,0.84,219.4,0.83,631.0,0.86,8.11,0.87,10.0,0.15,15.22,0.14,10.0,0.16,213.9,0.17,601.0,0.02,0.01,2335.538838,1776268927000
1776268929.438,129.438,0.85,695.0,0.84,90.0,0.87,10.0,0.88,15.85,0.14,8.11,0.13,10.0,0.16,219.4,0.17,631.0,0.02,0.02,2336.189951,1776268928000
1776268930.335,130.335,0.87,390.0,0.86,758.0,0.88,15.85,0.89,10.0,0.13,10.0,0.12,15.85,0.15,695.0,0.16,90.0,0.01,0.02,2336.636607,1776268929000
1776268930.628,130.628,0.88,126.0,0.87,632.09,0.89,4.77,0.9,605.0,0.11,10.0,0.1,110.0,0.12,284.15,0.13,390.0,0.01,0.01,2336.636607,1776268929000
1776268931.178,131.178,0.88,108.33,0.87,19.0,0.89,10.0,0.9,10.0,0.1,605.0,0.09,110.0,0.12,30.0,0.13,124.0,0.01,0.02,2336.81899,1776268930000
1776268931.426,131.426,0.88,25.0,0.87,125.0,0.9,125.0,0.91,10.0,0.11,4.94,0.1,490.0,0.12,223.33,0.13,19.0,0.02,0.01,2336.81899,1776268930000
1776268932.723,132.723,0.88,80.0,0.87,70.0,0.89,582.91,0.9,63.6,0.11,104.91,0.1,125.0,0.12,105.81,0.13,133.0,0.01,0.01,2336.94978,1776268931000
1776268933.212,133.212,0.88,89.01,0.87,70.0,0.89,587.91,0.9,118.6,0.11,582.91,0.1,63.6,0.12,80.0,0.13,70.0,0.01,0.01,2336.94978,1776268931000
1776268933.65,133.65,0.88,89.01,0.87,150.51,0.89,565.91,0.9,179.6,0.11,587.91,0.1,118.6,0.12,89.01,0.13,70.0,0.01,0.01,2337.115602,1776268932000
1776268933.936,133.936,0.88,14.01,0.87,150.51,0.89,565.91,0.9,93.6,0.11,565.91,0.1,179.6,0.12,89.01,0.13,150.51,0.01,0.01,2337.115602,1776268932000
1776268935.108,135.108,0.87,0.2,0.86,23.0,0.88,787.5,0.89,186.5,0.11,565.91,0.1,93.6,0.12,14.01,0.13,150.51,0.01,0.01,2336.956186,1776268933000
1776268936.411,136.411,0.86,136.99,0.85,479.28,0.87,597.76,0.88,275.0,0.12,787.5,0.11,186.5,0.13,0.2,0.14,23.0,0.01,0.01,2336.738258,1776268935000
1776268937.221,137.221,0.86,9.79,0.85,25.0,0.87,813.29,0.88,236.5,0.13,749.79,0.12,203.5,0.14,207.36,0.15,364.28,0.01,0.01,2336.615509,1776268936000
1776268937.676,137.676,0.83,35.45,0.82,120.98,0.86,787.5,0.87,200.29,0.13,813.29,0.12,236.5,0.15,20.08,0.16,10.0,0.03,0.02,2336.615509,1776268936000
1776268938.777,138.777,0.83,301.42,0.82,141.98,0.84,169.0,0.85,650.0,0.14,787.5,0.13,200.29,0.17,35.45,0.18,120.98,0.01,0.03,2336.626925,1776268937000
1776268939.56,139.56,0.83,398.6,0.82,627.08,0.84,167.21,0.85,170.0,0.16,169.0,0.15,650.0,0.17,301.42,0.18,141.98,0.01,0.01,2336.250012,1776268938000
1776268940.432,140.432,0.84,393.48,0.83,178.27,0.85,147.81,0.86,640.0,0.16,167.21,0.15,170.0,0.17,398.6,0.18,627.08,0.01,0.01,2336.148575,1776268939000
1776268941.621,141.621,0.84,424.48,0.83,683.27,0.85,37.81,0.86,60.0,0.15,147.81,0.14,640.0,0.16,393.48,0.17,178.27,0.01,0.01,2336.158794,1776268940000
1776268942.922,142.922,0.85,509.38,0.84,641.0,0.86,0.68,0.87,60.0,0.15,36.63,0.14,60.0,0.16,424.48,0.17,683.27,0.01,0.01,2336.267498,1776268941000
1776268943.465,143.465,0.87,1097.04,0.86,420.93,0.89,10.0,0.9,10.0,0.14,0.68,0.13,60.0,0.15,509.38,0.16,641.0,0.02,0.01,2336.296725,1776268942000
1776268943.792,143.792,0.91,5.0,0.9,55.0,0.92,21.38,0.93,125.0,0.06,258.25,0.05,311.62,0.13,1096.04,0.14,419.93,0.01,0.07,2336.296725,1776268942000
1776268944.407,144.407,0.9,10.0,0.89,65.0,0.91,593.15,0.92,179.38,0.08,21.38,0.07,125.0,0.09,5.0,0.1,55.0,0.01,0.01,2336.30818,1776268943000
1776268944.726,144.726,0.9,66.54,0.89,85.54,0.91,565.47,0.92,195.38,0.09,575.97,0.08,179.38,0.1,10.0,0.11,65.0,0.01,0.01,2336.30818,1776268943000
1776268945.502,145.502,0.9,76.64,0.89,85.54,0.91,646.77,0.92,239.28,0.09,563.77,0.08,190.38,0.1,66.54,0.11,85.54,0.01,0.01,2336.474645,1776268944000
1776268947.582,147.582,0.9,109.05,0.89,200.54,0.91,431.77,0.92,125.0,0.09,668.77,0.08,236.28,0.1,66.64,0.11,85.54,0.01,0.01,2337.034769,1776268946000
1776268948.833,148.833,0.91,110.0,0.9,294.51,0.92,485.0,0.93,125.0,0.09,431.77,0.08,125.0,0.1,109.05,0.11,200.54,0.01,0.01,2336.975076,1776268947000
1776268949.73,149.73,0.91,224.0,0.9,294.51,0.92,495.98,0.93,125.0,0.08,485.0,0.07,125.0,0.09,110.0,0.1,294.51,0.01,0.01,2337.020467,1776268948000
1776268950.804,150.804,0.91,298.7,0.9,807.51,0.92,0.09,0.93,605.0,0.08,495.98,0.07,125.0,0.09,224.0,0.1,294.51,0.01,0.01,2337.048252,1776268949000
1776268951.133,151.133,0.92,23.66,0.91,300.96,0.93,613.69,0.94,222.25,0.07,468.91,0.06,222.25,0.08,20.66,0.09,303.7,0.01,0.01,2337.178909,1776268950000
1776268951.565,151.565,0.92,73.66,0.91,300.96,0.93,605.42,0.94,160.0,0.07,607.49,0.06,160.0,0.08,23.66,0.09,300.96,0.01,0.01,2337.178909,1776268950000
1776268952.381,152.381,0.92,18.66,0.91,93.96,0.93,743.42,0.94,239.8,0.07,605.42,0.06,160.0,0.08,73.66,0.09,300.96,0.01,0.01,2337.37957,1776268951000
1776268952.843,152.843,0.92,121.12,0.91,93.96,0.93,713.42,0.94,228.8,0.07,743.42,0.06,239.8,0.08,18.66,0.09,93.96,0.01,0.01,2337.37957,1776268951000
1776268953.42,153.42,0.92,112.12,0.91,37.96,0.93,780.45,0.94,291.8,0.07,698.15,0.06,228.8,0.08,121.12,0.09,87.96,0.01,0.01,2337.428345,1776268952000
1776268954.096,154.096,0.92,59.12,0.91,37.96,0.93,826.07,0.94,407.79,0.07,775.07,0.06,291.8,0.08,74.12,0.09,37.96,0.01,0.01,2337.428345,1776268952000
1776268954.912,154.912,0.91,194.07,0.9,16.1,0.92,752.0,0.93,231.3,0.07,791.07,0.06,407.79,0.09,37.96,0.1,16.1,0.01,0.02,2337.370513,1776268953000
1776268955.441,155.441,0.91,136.07,0.9,16.1,0.92,794.62,0.93,256.3,0.08,752.0,0.07,231.3,0.09,194.07,0.1,16.1,0.01,0.01,2337.222208,1776268954000
1776268956.391,156.391,0.91,216.07,0.9,216.1,0.92,701.73,0.93,160.0,0.08,794.62,0.07,256.3,0.09,136.07,0.1,16.1,0.01,0.01,2336.974061,1776268955000
1776268956.642,156.642,0.91,201.07,0.9,91.1,0.92,701.35,0.93,160.0,0.08,701.73,0.07,160.0,0.09,216.07,0.1,216.1,0.01,0.01,2336.974061,1776268955000
1776268957.186,157.186,0.91,106.07,0.9,16.1,0.92,688.35,0.93,256.3,0.08,676.35,0.07,160.0,0.09,201.07,0.1,91.1,0.01,0.01,2336.974061,1776268955000
1776268958.499,158.499,0.91,96.07,0.9,11.1,0.92,831.25,0.93,284.87,0.08,688.35,0.07,256.3,0.09,106.07,0.1,16.1,0.01,0.01,2337.009251,1776268957000
1776268959.782,159.782,0.9,171.2,0.89,55.0,0.91,756.45,0.92,271.52,0.09,720.6,0.08,260.52,0.1,171.2,0.11,55.0,0.01,0.01,2336.95904,1776268958000
1776268961.962,161.962,0.91,980.55,0.9,169.1,0.92,6.9,0.93,590.0,0.09,761.45,0.08,271.52,0.1,161.2,0.11,55.0,0.01,0.01,2336.744199,1776268960000
1776268962.533,162.533,0.92,55.0,0.91,198.0,0.93,736.87,0.94,160.0,0.07,692.61,0.06,110.0,0.09,980.55,0.1,423.38,0.01,0.02,2336.672751,1776268961000
1776268962.851,162.851,0.92,135.68,0.91,193.0,0.93,732.45,0.94,171.0,0.07,736.87,0.06,160.0,0.08,55.0,0.09,198.0,0.01,0.01,2336.672751,1776268961000
1776268963.769,163.769,0.92,85.68,0.91,78.0,0.93,721.06,0.94,176.0,0.07,732.45,0.06,171.0,0.08,135.68,0.09,193.0,0.01,0.01,2336.868665,1776268962000
1776268964.108,164.108,0.92,85.68,0.91,135.0,0.93,761.84,0.94,264.8,0.07,768.6,0.06,176.0,0.08,85.68,0.09,70.0,0.01,0.01,2337.128851,1776268963000
1776268964.324,164.324,0.91,70.68,0.9,546.1,0.92,102.0,0.93,744.84,0.08,10.0,0.07,766.84,0.09,20.68,0.1,546.1,0.01,0.01,2337.128851,1776268963000
1776268965.054,165.054,0.9,210.64,0.89,65.0,0.91,714.25,0.92,157.0,0.08,102.0,0.07,744.84,0.09,70.68,0.1,546.1,0.01,0.01,2337.128851,1776268963000
1776268965.863,165.863,0.9,166.64,0.89,65.0,0.91,739.25,0.92,205.9,0.09,714.25,0.08,157.0,0.1,210.64,0.11,65.0,0.01,0.01,2337.080661,1776268964000
1776268966.649,166.649,0.9,846.23,0.89,95.0,0.91,119.39,0.92,582.0,0.09,739.25,0.08,205.9,0.1,166.64,0.11,65.0,0.01,0.01,2336.914129,1776268965000
1776268967.58,167.58,0.9,969.23,0.89,95.0,0.91,119.14,0.92,582.0,0.09,119.39,0.08,582.0,0.1,846.23,0.11,95.0,0.01,0.01,2336.740487,1776268966000
1776268967.868,167.868,0.9,744.23,0.89,95.0,0.91,22.22,0.92,102.0,0.09,119.14,0.08,582.0,0.1,969.23,0.11,95.0,0.01,0.01,2336.740487,1776268966000
1776268968.071,168.071,0.9,769.23,0.89,94.0,0.91,21.75,0.92,102.0,0.09,22.22,0.08,102.0,0.1,744.23,0.11,95.0,0.01,0.01,2336.703989,1776268967000
1776268968.906,168.906,0.92,180.08,0.91,116.0,0.93,658.48,0.94,165.0,0.09,17.66,0.08,102.0,0.1,774.23,0.11,130.79,0.01,0.01,2336.703989,1776268967000
1776268969.157,169.157,0.92,180.08,0.91,596.0,0.93,600.66,0.94,280.0,0.07,607.07,0.06,280.0,0.08,180.08,0.09,116.0,0.01,0.01,2336.87939,1776268968000
1776268969.448,169.448,0.92,245.98,0.91,711.0,0.93,596.54,0.94,280.0,0.07,598.99,0.06,280.0,0.08,180.08,0.09,711.0,0.01,0.01,2336.87939,1776268968000
1776268970.637,170.637,0.92,202.98,0.91,106.0,0.93,586.44,0.94,280.0,0.07,593.34,0.06,280.0,0.08,240.98,0.09,711.0,0.01,0.01,2336.929313,1776268969000
1776268970.932,170.932,0.92,202.98,0.91,106.0,0.93,576.44,0.94,165.0,0.07,586.44,0.06,280.0,0.08,202.98,0.09,106.0,0.01,0.01,2336.929313,1776268969000
1776268971.87,171.87,0.92,207.98,0.91,94.0,0.93,694.05,0.94,280.0,0.07,696.78,0.06,280.0,0.08,202.98,0.09,106.0,0.01,0.01,2337.043663,1776268970000
1776268972.52,172.52,0.92,202.98,0.91,326.0,0.93,570.43,0.94,397.0,0.07,694.05,0.06,280.0,0.08,207.98,0.09,94.0,0.01,0.01,2337.054174,1776268971000
1776268973.622,173.622,0.92,28.83,0.91,5.0,0.93,918.43,0.94,276.8,0.07,570.43,0.06,397.0,0.08,202.98,0.09,326.0,0.01,0.01,2337.054174,1776268971000
1776268973.959,173.959,0.92,0.83,0.9,5.0,0.93,954.64,0.94,281.8,0.07,960.4,0.06,281.8,0.08,0.83,0.1,5.0,0.01,0.01,2336.999451,1776268972000
1776268975.067,175.067,0.9,87.82,0.89,172.0,0.91,773.13,0.92,330.9,0.07,949.64,0.06,281.8,0.1,5.0,0.11,194.0,0.01,0.03,2337.01695,1776268973000
1776268978.046,178.046,0.9,63.22,0.89,172.0,0.91,721.06,0.92,362.9,0.09,773.13,0.08,330.9,0.1,87.82,0.11,172.0,0.01,0.01,2336.591578,1776268976000
1776268978.57,178.57,0.9,30.99,0.89,172.0,0.91,726.06,0.92,362.9,0.09,721.06,0.08,362.9,0.1,63.22,0.11,172.0,0.01,0.01,2336.591578,1776268976000
1776268979.25,179.25,0.9,80.88,0.89,177.0,0.91,716.11,0.92,314.0,0.09,726.06,0.08,362.9,0.1,30.99,0.11,172.0,0.01,0.01,2336.494379,1776268977000
1776268980.255,180.255,0.9,10.0,0.89,197.0,0.92,105.0,0.93,128.92,0.09,716.11,0.08,314.0,0.1,80.88,0.11,177.0,0.02,0.01,2336.538146,1776268978000
1776268980.961,180.961,0.9,859.0,0.89,111.0,0.92,592.31,0.93,332.92,0.09,4.5,0.08,585.0,0.1,342.0,0.11,560.0,0.02,0.01,2336.554391,1776268979000
1776268981.383,181.383,0.91,5.0,0.9,792.0,0.92,595.57,0.93,332.92,0.08,600.88,0.07,332.92,0.1,864.0,0.11,111.0,0.01,0.02,2336.467101,1776268980000
1776268982.515,182.515,0.91,82.88,0.9,811.0,0.92,599.48,0.93,332.92,0.08,595.57,0.07,332.92,0.09,5.0,0.1,792.0,0.01,0.01,2336.467101,1776268980000
1776268983.121,183.121,0.91,294.88,0.9,701.0,0.92,19.83,0.93,762.92,0.08,599.48,0.07,332.92,0.09,82.88,0.1,811.0,0.01,0.01,2336.580059,1776268981000
1776268983.391,183.391,0.93,13.74,0.92,588.0,0.94,10.0,0.95,302.0,0.08,19.83,0.07,762.92,0.09,294.88,0.1,701.0,0.01,0.01,2336.580059,1776268981000
1776268983.642,183.642,0.93,201.74,0.92,759.0,0.94,5.0,0.95,847.0,0.06,10.0,0.05,302.0,0.07,13.74,0.08,588.0,0.01,0.01,2336.580059,1776268981000
1776268984.554,184.554,0.94,98.28,0.93,670.0,0.95,756.61,0.96,283.8,0.05,741.41,0.04,283.8,0.06,6.0,0.07,733.0,0.01,0.01,2336.570026,1776268983000
1776268985.205,185.205,0.94,11.0,0.93,610.0,0.95,850.34,0.96,283.8,0.05,750.61,0.04,283.8,0.06,98.28,0.07,670.0,0.01,0.01,2336.571729,1776268984000
1776268985.68,185.68,0.94,61.0,0.93,701.0,0.95,848.95,0.96,283.8,0.05,835.34,0.04,283.8,0.06,11.0,0.07,610.0,0.01,0.01,2336.571729,1776268984000
1776268985.922,185.922,0.94,66.0,0.93,701.0,0.95,842.89,0.96,283.8,0.05,848.95,0.04,283.8,0.06,61.0,0.07,701.0,0.01,0.01,2336.571729,1776268984000
1776268986.703,186.703,0.94,10.33,0.93,701.0,0.95,892.89,0.96,283.8,0.05,842.89,0.04,283.8,0.06,66.0,0.07,701.0,0.01,0.01,2336.571729,1776268984000
1776268987.534,187.534,0.93,17.0,0.92,826.0,0.94,615.0,0.95,197.89,0.05,892.89,0.04,283.8,0.06,10.33,0.07,701.0,0.01,0.01,2337.221662,1776268986000
1776268987.789,187.789,0.93,31.0,0.92,826.0,0.94,602.9,0.95,197.89,0.06,613.5,0.05,197.89,0.07,17.0,0.08,826.0,0.01,0.01,2337.221662,1776268986000
1776268988.576,188.576,0.93,104.85,0.92,826.0,0.94,600.77,0.95,197.89,0.06,602.9,0.05,197.89,0.07,31.0,0.08,826.0,0.01,0.01,2337.1956,1776268987000
1776268988.866,188.866,0.93,87.85,0.92,826.0,0.94,603.77,0.95,197.89,0.06,600.77,0.05,197.89,0.07,104.85,0.08,826.0,0.01,0.01,2337.1956,1776268987000
1776268992.016,192.016,0.93,697.74,0.92,246.0,0.94,488.77,0.95,297.69,0.06,603.77,0.05,197.89,0.07,87.85,0.08,826.0,0.01,0.01,2337.020423,1776268990000
1776268993.686,193.686,0.93,57.28,0.92,624.0,0.94,617.6,0.95,356.49,0.06,488.77,0.05,297.69,0.07,697.74,0.08,246.0,0.01,0.01,2337.04566,1776268992000
1776268995.478,195.478,0.93,147.72,0.92,856.08,0.94,494.6,0.95,247.0,0.06,617.6,0.05,356.49,0.07,57.28,0.08,624.0,0.01,0.01,2336.865604,1776268994000
1776268995.834,195.834,0.93,758.72,0.92,293.4,0.94,469.28,0.95,247.0,0.06,474.6,0.05,247.0,0.07,147.72,0.08,376.08,0.01,0.01,2336.865604,1776268994000
1776268996.322,196.322,0.93,108.72,0.92,937.3,0.94,473.21,0.95,247.0,0.06,469.28,0.05,247.0,0.07,758.72,0.08,293.4,0.01,0.01,2336.865604,1776268994000
1776268996.793,196.793,0.93,106.72,0.92,927.3,0.94,473.21,0.95,247.0,0.06,473.21,0.05,247.0,0.07,108.72,0.08,937.3,0.01,0.01,2336.859303,1776268995000
1776268998.057,198.057,0.93,799.72,0.92,342.3,0.94,4.68,0.95,727.0,0.06,473.21,0.05,247.0,0.07,106.72,0.08,927.3,0.01,0.01,2336.906361,1776268996000
1776268998.395,198.395,0.93,804.72,0.92,342.3,0.95,727.0,0.96,253.82,0.06,4.68,0.05,727.0,0.07,799.72,0.08,342.3,0.02,0.01,2336.874772,1776268997000
1776268998.789,198.789,0.94,812.0,0.93,299.02,0.95,480.0,0.96,279.02,0.05,727.0,0.04,253.82,0.07,804.72,0.08,342.3,0.01,0.02,2336.874772,1776268997000
1776268999.405,199.405,0.94,812.0,0.93,309.02,0.96,752.02,0.97,563.7,0.05,470.0,0.04,279.02,0.06,812.0,0.07,299.02,0.02,0.01,2336.874772,1776268997000
1776269000.514,200.514,0.95,712.0,0.94,302.8,0.96,405.02,0.97,309.0,0.04,752.02,0.03,563.7,0.06,812.0,0.07,309.02,0.01,0.02,2336.94933,1776268999000
1776269000.772,200.772,0.95,612.44,0.94,245.8,0.96,395.27,0.97,309.0,0.04,402.27,0.03,309.0,0.05,612.44,0.06,245.8,0.01,0.01,2336.94933,1776268999000
1776269000.982,200.982,0.95,612.44,0.94,245.8,0.96,357.27,0.97,309.0,0.04,362.27,0.03,309.0,0.05,612.44,0.06,245.8,0.01,0.01,2336.94933,1776268999000
1776269001.211,201.211,0.95,612.44,0.94,245.8,0.96,247.27,0.97,309.0,0.04,253.27,0.03,309.0,0.05,612.44,0.06,245.8,0.01,0.01,2337.078405,1776269000000
1776269001.432,201.432,0.95,612.44,0.94,245.8,0.96,174.27,0.97,309.0,0.04,179.27,0.03,309.0,0.05,612.44,0.06,245.8,0.01,0.01,2337.078405,1776269000000
1776269001.949,201.949,0.95,941.51,0.94,536.08,0.96,270.95,0.97,426.0,0.04,29.27,0.03,309.0,0.05,612.44,0.06,245.8,0.01,0.01,2337.078405,1776269000000
1776269002.285,202.285,0.95,661.51,0.94,408.08,0.96,275.95,0.97,446.0,0.04,270.95,0.03,426.0,0.05,941.51,0.06,536.08,0.01,0.01,2337.078405,1776269000000
1776269002.847,202.847,0.95,580.71,0.94,60.0,0.96,594.95,0.97,446.0,0.04,601.95,0.03,446.0,0.05,575.71,0.06,408.08,0.01,0.01,2337.55615,1776269001000
1776269003.316,203.316,0.95,580.71,0.94,60.0,0.96,577.95,0.97,446.0,0.04,587.95,0.03,446.0,0.05,580.71,0.06,60.0,0.01,0.01,2337.509159,1776269002000
1776269003.549,203.549,0.95,585.71,0.94,202.0,0.96,445.95,0.97,426.0,0.04,577.95,0.03,446.0,0.05,580.71,0.06,60.0,0.01,0.01,2337.509159,1776269002000
1776269004.304,204.304,0.95,777.51,0.94,309.8,0.96,440.95,0.97,554.7,0.04,440.95,0.03,426.0,0.05,585.71,0.06,225.0,0.01,0.01,2337.509159,1776269002000
1776269004.595,204.595,0.95,777.51,0.94,299.8,0.96,415.11,0.97,554.7,0.04,420.11,0.03,554.7,0.05,782.51,0.06,309.8,0.01,0.01,2337.509159,1776269002000
1776269004.978,204.978,0.95,885.79,0.94,309.8,0.96,416.11,0.97,549.7,0.04,415.11,0.03,554.7,0.05,777.51,0.06,299.8,0.01,0.01,2337.404022,1776269003000
1776269006.184,206.184,0.95,687.99,0.94,181.8,0.96,537.74,0.97,556.4,0.04,416.11,0.03,549.7,0.05,885.79,0.06,309.8,0.01,0.01,2337.345093,1776269004000
1776269006.385,206.385,0.95,686.32,0.94,181.8,0.96,537.74,0.97,556.4,0.04,537.74,0.03,556.4,0.05,686.32,0.06,181.8,0.01,0.01,2337.345093,1776269004000
1776269007.595,207.595,0.95,892.98,0.94,293.8,0.96,410.74,0.97,554.7,0.04,537.74,0.03,556.4,0.05,686.32,0.06,181.8,0.01,0.01,2337.31159,1776269006000
1776269008.165,208.165,0.95,721.43,0.94,303.8,0.96,398.85,0.97,554.7,0.04,408.85,0.03,554.7,0.05,892.98,0.06,293.8,0.01,0.01,2337.31159,1776269006000
1776269008.594,208.594,0.95,719.39,0.94,293.8,0.96,398.85,0.97,554.7,0.04,398.85,0.03,554.7,0.05,721.43,0.06,293.8,0.01,0.01,2337.28049,1776269007000
1776269008.892,208.892,0.95,767.39,0.94,450.36,0.96,384.97,0.97,554.7,0.04,395.08,0.03,554.7,0.05,767.39,0.06,450.36,0.01,0.01,2337.28049,1776269007000
1776269010.098,210.098,0.95,781.39,0.94,386.43,0.96,383.92,0.97,554.7,0.04,384.97,0.03,554.7,0.05,767.39,0.06,450.36,0.01,0.01,2337.295697,1776269009000
1776269010.886,210.886,0.95,791.39,0.94,391.43,0.96,330.36,0.97,554.7,0.04,383.92,0.03,554.7,0.05,781.39,0.06,386.43,0.01,0.01,2337.295697,1776269009000
1776269011.467,211.467,0.95,791.39,0.94,391.43,0.96,477.78,0.97,554.7,0.04,328.84,0.03,554.7,0.05,786.39,0.06,391.43,0.01,0.01,2337.268205,1776269010000
1776269011.917,211.917,0.95,786.39,0.94,736.5,0.96,465.84,0.97,554.7,0.04,477.78,0.03,554.7,0.05,791.39,0.06,391.43,0.01,0.01,2337.268205,1776269010000
1776269012.713,212.713,0.95,786.39,0.94,736.5,0.96,463.23,0.97,554.7,0.04,465.84,0.03,554.7,0.05,786.39,0.06,736.5,0.01,0.01,2337.266865,1776269011000
1776269013.092,213.092,0.95,784.35,0.94,736.5,0.96,463.23,0.97,554.7,0.04,463.23,0.03,554.7,0.05,786.39,0.06,736.5,0.01,0.01,2337.268515,1776269012000
1776269013.299,213.299,0.95,784.35,0.94,741.5,0.96,460.21,0.97,554.7,0.04,463.23,0.03,554.7,0.05,784.35,0.06,736.5,0.01,0.01,2337.268515,1776269012000
1776269014.451,214.451,0.95,650.35,0.94,624.5,0.96,460.0,0.97,437.7,0.04,460.21,0.03,554.7,0.05,784.35,0.06,741.5,0.01,0.01,2337.2616,1776269013000
1776269014.917,214.917,0.95,665.35,0.94,624.5,0.97,437.7,0.98,1253.61,0.04,428.59,0.03,437.7,0.05,650.35,0.06,624.5,0.02,0.01,2337.2616,1776269013000
1776269016.609,216.609,0.96,934.43,0.95,202.8,0.97,782.95,0.98,653.3,0.03,437.7,0.02,1253.61,0.05,665.35,0.06,624.5,0.01,0.02,2337.242869,1776269015000
1776269016.951,216.951,0.96,884.43,0.95,187.8,0.97,762.33,0.98,653.3,0.03,782.95,0.02,653.3,0.04,934.43,0.05,202.8,0.01,0.01,2337.242869,1776269015000
1776269017.839,217.839,0.96,889.7,0.95,383.62,0.97,753.23,0.98,653.3,0.03,762.33,0.02,653.3,0.04,884.43,0.05,187.8,0.01,0.01,2337.364636,1776269016000
1776269019.126,219.126,0.96,1081.04,0.95,368.62,0.97,478.83,0.98,653.3,0.03,480.0,0.02,653.3,0.04,889.7,0.05,383.62,0.01,0.01,2337.456092,1776269017000
1776269019.761,219.761,0.96,1102.09,0.95,368.62,0.97,457.58,0.98,768.3,0.03,458.63,0.02,653.3,0.04,1123.09,0.05,368.62,0.01,0.01,2337.57795,1776269018000
1776269020.624,220.624,0.96,996.09,0.95,368.62,0.97,420.45,0.98,768.3,0.03,456.54,0.02,768.3,0.04,1107.09,0.05,368.62,0.01,0.01,2337.617342,1776269019000
1776269021.095,221.095,0.96,408.03,0.95,335.62,0.98,759.2,0.99,1683.97,0.03,420.45,0.02,768.3,0.04,996.09,0.05,368.62,0.02,0.01,2337.617342,1776269019000
1776269021.792,221.792,0.97,120.96,0.96,337.7,0.98,759.2,0.99,2079.87,0.02,759.2,0.01,1683.97,0.04,408.03,0.05,335.62,0.01,0.02,2337.65656,1776269020000
1776269022.296,222.296,0.97,125.96,0.96,322.7,0.98,650.22,0.99,2086.87,0.02,658.3,0.01,2079.87,0.03,120.96,0.04,332.7,0.01,0.01,2337.65656,1776269020000
1776269023.143,223.143,0.97,249.66,0.96,322.7,0.98,632.11,0.99,2101.58,0.02,639.19,0.01,2086.87,0.03,125.96,0.04,322.7,0.01,0.01,2337.730895,1776269022000
1776269023.467,223.467,0.97,242.62,0.96,328.7,0.98,632.11,0.99,2101.58,0.02,632.11,0.01,2101.58,0.03,249.66,0.04,322.7,0.01,0.01,2337.730895,1776269022000
1776269023.806,223.806,0.97,523.21,0.96,323.7,0.98,115.82,0.99,2086.87,0.02,121.95,0.01,2086.87,0.03,408.21,0.04,328.7,0.01,0.01,2337.730895,1776269022000
1776269024.287,224.287,0.97,418.21,0.96,328.7,0.98,115.7,0.99,1683.97,0.02,115.82,0.01,2086.87,0.03,523.21,0.04,323.7,0.01,0.01,2337.725757,1776269023000
1776269024.607,224.607,0.97,528.27,0.96,206.7,0.98,110.7,0.99,1688.97,0.02,115.7,0.01,1683.97,0.03,413.21,0.04,328.7,0.01,0.01,2337.725757,1776269023000
1776269024.948,224.948,0.97,495.31,0.96,251.86,0.98,109.97,0.99,1688.97,0.02,110.7,0.01,1688.97,0.03,528.27,0.04,206.7,0.01,0.01,2337.725757,1776269023000
1776269025.602,225.602,0.97,511.37,0.96,235.7,0.98,117.25,0.99,1736.97,0.02,74.25,0.01,1688.97,0.03,500.31,0.04,343.97,0.01,0.01,2337.727334,1776269024000
1776269025.891,225.891,0.98,335.7,0.97,420.37,0.99,1723.39,,,0.01,1728.39,,,0.03,516.37,0.04,234.7,0.01,0.02,2337.727334,1776269024000
1776269026.346,226.346,0.98,345.7,0.97,471.37,0.99,1820.39,,,0.01,1723.39,,,0.02,335.7,0.03,420.37,0.01,0.01,2337.727334,1776269024000
1776269027.663,227.663,0.97,308.78,0.96,190.7,0.98,273.71,0.99,2217.28,0.01,1820.39,,,0.02,345.7,0.03,471.37,0.01,0.01,2337.731455,1776269026000
1776269027.932,227.932,0.97,332.78,0.96,195.7,0.98,171.66,0.99,1805.68,0.02,273.71,0.01,2212.28,0.03,308.78,0.04,190.7,0.01,0.01,2337.731455,1776269026000
1776269029.654,229.654,0.97,308.78,0.96,195.7,0.98,5.84,0.99,1645.68,0.02,166.66,0.01,1805.68,0.03,318.78,0.04,195.7,0.01,0.01,2337.549628,1776269028000
1776269030.043,230.043,0.97,491.43,0.96,195.7,0.99,1638.68,,,0.01,1645.68,,,0.03,415.43,0.04,195.7,0.02,0.02,2337.549628,1776269028000
1776269030.474,230.474,0.97,440.43,0.96,195.7,0.99,1638.68,,,0.01,1638.68,,,0.03,491.43,0.04,195.7,0.02,0.02,2337.549628,1776269028000
1776269030.775,230.775,0.97,440.43,0.96,195.7,0.99,1484.5,,,0.01,1638.68,,,0.03,440.43,0.04,195.7,0.02,0.02,2337.57404,1776269029000
1776269032.225,232.225,0.98,311.35,0.97,78.78,0.99,1782.17,,,0.01,1484.5,,,0.03,440.43,0.04,195.7,0.01,0.02,2337.884628,1776269031000
1776269032.518,232.518,0.98,311.35,0.97,83.78,0.99,1616.5,,,0.01,1782.17,,,0.02,311.35,0.03,78.78,0.01,0.01,2337.884628,1776269031000
1776269032.821,232.821,0.98,688.75,0.97,77.78,0.99,1964.1,,,0.01,1616.5,,,0.02,311.35,0.03,83.78,0.01,0.01,2337.884628,1776269031000
1776269033.299,233.299,0.98,516.9,0.97,102.78,0.99,1864.1,,,0.01,1964.1,,,0.02,688.75,0.03,77.78,0.01,0.01,2337.943094,1776269032000
1776269033.657,233.657,0.98,521.9,0.97,130.78,0.99,1743.97,,,0.01,1864.1,,,0.02,516.9,0.03,102.78,0.01,0.01,2337.943094,1776269032000
1776269033.95,233.95,0.98,566.35,0.97,130.78,0.99,1718.97,,,0.01,1743.97,,,0.02,521.9,0.03,130.78,0.01,0.01,2337.943094,1776269032000
1776269034.45,234.45,0.98,561.35,0.97,82.78,0.99,1675.71,,,0.01,1718.97,,,0.02,566.35,0.03,130.78,0.01,0.01,2337.946363,1776269033000
1776269034.959,234.959,0.98,661.35,0.97,187.78,0.99,1546.71,,,0.01,1675.71,,,0.02,561.35,0.03,82.78,0.01,0.01,2337.946363,1776269033000
1776269036.457,236.457,0.99,7196.67,0.98,431.2,,,,,,,,,0.01,7034.9,0.02,671.35,,,2338.174266,1776269035000
1776269037.53,237.53,0.99,2536.48,0.98,426.2,,,,,,,,,0.01,7191.64,0.02,331.2,,,2338.733336,1776269036000
1776269037.914,237.914,0.99,2457.68,0.98,426.2,,,,,,,,,0.01,2536.48,0.02,426.2,,,2338.733336,1776269036000
1776269038.23,238.23,0.99,2813.49,0.98,426.2,,,,,,,,,0.01,2457.68,0.02,426.2,,,2338.62105,1776269037000
1776269044.624,244.624,0.99,5948.53,0.98,249.2,,,,,,,,,0.01,2813.49,0.02,426.2,,,2339.058628,1776269043000
1776269047.624,247.624,0.99,6965.89,0.98,581.19,,,,,,,,,0.01,5948.53,0.02,249.2,,,2338.803863,1776269046000
1776269051.127,251.127,0.99,6876.95,0.98,249.2,,,,,,,,,0.01,6965.89,0.02,581.19,,,2339.540196,1776269050000
1776269052.923,252.923,0.99,6927.14,0.98,269.49,,,,,,,,,0.01,6876.95,0.02,249.2,,,2339.439821,1776269051000
1776269061.201,261.201,0.99,5930.68,0.98,249.2,,,,,,,,,0.01,6927.14,0.02,269.49,,,2337.832429,1776269060000
1776269061.844,261.844,0.99,5978.54,0.98,281.2,,,,,,,,,0.01,5930.68,0.02,249.2,,,2337.832429,1776269060000
1776269067.406,267.406,0.99,5950.86,0.98,264.43,,,,,,,,,0.01,5978.54,0.02,281.2,,,2338.335709,1776269066000
1776269074.328,274.328,0.99,6946.98,0.98,264.43,,,,,,,,,0.01,5950.86,0.02,264.43,,,2337.747078,1776269073000
1776269078.476,278.476,0.99,6441.33,0.98,94.73,,,,,,,,,0.01,6946.98,0.02,264.43,,,2337.94593,1776269077000
1776269083.851,283.851,0.99,6517.98,0.98,94.73,,,,,,,,,0.01,6441.33,0.02,94.73,,,2338.08541,1776269082000
1776269084.843,284.843,0.99,7162.63,0.98,94.73,,,,,,,,,0.01,6517.98,0.02,94.73,,,2338.217184,1776269083000
1776269094.251,294.251,0.99,10217.99,0.98,72.23,,,,,,,,,0.01,7162.63,0.02,94.73,,,2338.602,1776269093000
1776269100.33,300.33,0.99,73545.86,0.98,165.0,,,,,,,,,0.01,10217.99,0.02,72.23,,,2338.931074,1776269099000

# RESULT,winner=Up,slug=eth-updown-5m-1776268800,ticks=408
