timestamp,elapsed_sec,up_bid_p1,up_bid_s1,up_bid_p2,up_bid_s2,up_ask_p1,up_ask_s1,up_ask_p2,up_ask_s2,down_bid_p1,down_bid_s1,down_bid_p2,down_bid_s2,down_ask_p1,down_ask_s1,down_ask_p2,down_ask_s2,up_spread,down_spread,eth_price,eth_oracle_ts
1776326100.555,0.555,0.54,0.62,0.53,100.0,0.6,38.0,0.61,34.0,0.4,38.0,0.39,34.0,0.46,0.62,0.47,100.0,0.06,0.06,2337.50786,1776326099000
1776326101.031,1.031,0.54,0.62,0.53,121.0,0.56,66.42,0.59,5.0,0.4,38.0,0.39,34.0,0.46,0.62,0.47,100.0,0.02,0.06,2337.50786,1776326099000
1776326101.301,1.301,0.53,116.62,0.52,170.79,0.56,71.42,0.67,300.0,0.44,66.42,0.41,5.0,0.46,0.62,0.47,121.0,0.03,0.02,2337.50786,1776326099000
1776326101.592,1.592,0.53,105.23,0.52,175.8,0.55,75.0,0.56,66.42,0.44,71.42,0.33,300.0,0.47,116.62,0.48,170.79,0.02,0.03,2337.50786,1776326099000
1776326101.83,1.83,0.52,87.97,0.51,318.86,0.54,5.0,0.55,77.08,0.45,59.08,0.44,66.42,0.48,91.29,0.49,318.86,0.02,0.03,2337.50786,1776326099000
1776326102.197,2.197,0.52,84.72,0.51,318.86,0.54,136.66,0.55,184.08,0.47,18.13,0.46,148.0,0.48,84.72,0.49,318.86,0.02,0.01,2337.50938,1776326100000
1776326102.567,2.567,0.54,53.41,0.52,89.72,0.55,97.08,0.56,91.42,0.45,97.08,0.44,91.42,0.46,53.41,0.48,89.72,0.01,0.01,2337.659529,1776326101000
1776326103.023,3.023,0.54,53.41,0.52,84.72,0.55,105.53,0.56,79.42,0.45,97.08,0.44,91.42,0.46,53.41,0.48,89.72,0.01,0.01,2337.659529,1776326101000
1776326103.414,3.414,0.54,58.41,0.53,10.0,0.55,44.29,0.56,144.42,0.45,51.0,0.44,79.42,0.46,53.41,0.48,84.72,0.01,0.01,2337.659529,1776326101000
1776326103.702,3.702,0.54,68.41,0.53,10.0,0.55,33.18,0.56,144.42,0.45,42.47,0.44,144.42,0.46,58.41,0.47,10.0,0.01,0.01,2337.56132,1776326102000
1776326104.054,4.054,0.54,68.41,0.53,10.0,0.55,17.9,0.56,130.42,0.44,122.42,0.43,15.0,0.46,63.41,0.47,10.0,0.01,0.02,2337.56132,1776326102000
1776326104.282,4.282,0.54,68.41,0.53,10.0,0.56,96.27,0.57,26.0,0.44,96.27,0.43,26.0,0.46,68.41,0.47,10.0,0.02,0.02,2337.175632,1776326103000
1776326104.889,4.889,0.55,111.11,0.54,63.41,0.56,62.27,0.57,26.0,0.44,96.27,0.43,26.0,0.46,68.41,0.47,10.0,0.01,0.02,2337.175632,1776326103000
1776326105.22,5.22,0.55,111.11,0.54,53.41,0.56,56.92,0.57,26.0,0.44,62.27,0.43,26.0,0.45,111.11,0.46,63.41,0.01,0.01,2337.113195,1776326104000
1776326105.424,5.424,0.55,111.11,0.54,53.41,0.56,52.99,0.57,26.0,0.44,56.92,0.43,26.0,0.45,111.11,0.46,53.41,0.01,0.01,2337.113195,1776326104000
1776326105.737,5.737,0.55,116.11,0.54,53.41,0.56,27.94,0.57,26.0,0.44,52.99,0.43,26.0,0.45,111.11,0.46,53.41,0.01,0.01,2337.113195,1776326104000
1776326106.014,6.014,0.55,95.55,0.54,53.41,0.56,267.94,0.57,46.0,0.44,27.94,0.43,26.0,0.45,101.11,0.46,53.41,0.01,0.01,2337.113195,1776326104000
1776326106.22,6.22,0.51,222.48,0.5,125.78,0.52,20.0,0.53,40.0,0.48,20.0,0.47,40.0,0.49,231.1,0.5,125.78,0.01,0.01,2337.113195,1776326104000
1776326106.423,6.423,0.51,164.42,0.5,125.78,0.52,25.0,0.53,20.0,0.48,20.0,0.47,15.0,0.49,169.42,0.5,125.78,0.01,0.01,2337.113195,1776326104000
1776326106.684,6.684,0.53,91.12,0.52,20.0,0.55,10.0,0.56,19.94,0.46,130.0,0.45,100.0,0.47,5.0,0.48,20.0,0.02,0.01,2337.4098,1776326105000
1776326106.901,6.901,0.56,49.52,0.55,10.0,0.58,5.49,0.59,10.0,0.43,2.43,0.42,10.0,0.44,49.52,0.45,10.0,0.02,0.01,2337.4098,1776326105000
1776326107.135,7.135,0.55,35.55,0.54,8.75,0.57,5.0,0.59,10.0,0.43,5.0,0.41,10.0,0.46,8.75,0.47,20.0,0.02,0.03,2337.4098,1776326105000
1776326107.498,7.498,0.6,19.2,0.58,15.0,0.62,35.0,0.63,35.0,0.39,30.0,0.38,35.0,0.4,19.2,0.41,10.0,0.02,0.01,2337.4296,1776326106000
1776326107.855,7.855,0.61,4.87,0.6,10.0,0.62,10.0,0.63,10.0,0.37,10.0,0.36,35.0,0.4,15.0,0.41,10.0,0.01,0.03,2337.4296,1776326106000
1776326108.37,8.37,0.6,4.87,0.59,10.0,0.65,15.0,0.66,15.0,0.38,2.33,0.37,10.0,0.39,4.87,0.4,10.0,0.05,0.01,2337.4296,1776326106000
1776326108.616,8.616,0.61,10.0,0.6,9.87,0.65,79.08,0.66,23.0,0.35,79.08,0.34,23.0,0.39,10.0,0.4,9.87,0.04,0.04,2336.756363,1776326107000
1776326108.959,8.959,0.63,7.29,0.62,10.0,0.64,8.43,0.65,18.0,0.36,8.43,0.35,10.0,0.37,10.0,0.38,10.0,0.01,0.01,2336.756363,1776326107000
1776326109.192,9.192,0.56,31.48,0.55,75.55,0.63,22.71,0.64,8.43,0.37,22.71,0.36,8.43,0.38,10.0,0.39,10.0,0.07,0.01,2336.756363,1776326107000
1776326109.441,9.441,0.58,11.0,0.56,31.48,0.63,20.45,0.64,8.43,0.37,20.45,0.36,8.43,0.42,11.0,0.44,31.48,0.05,0.05,2337.84898,1776326108000
1776326109.688,9.688,0.62,49.2,0.61,10.0,0.63,5.0,0.64,8.43,0.37,20.45,0.36,8.43,0.42,11.0,0.44,31.48,0.01,0.05,2337.84898,1776326108000
1776326110.116,10.116,0.62,30.0,0.61,6.0,0.63,0.23,0.64,8.43,0.37,5.0,0.36,8.43,0.38,49.2,0.39,10.0,0.01,0.01,2337.84898,1776326108000
1776326110.414,10.414,0.59,10.0,0.58,10.0,0.63,122.9,0.64,17.0,0.37,5.0,0.36,10.0,0.38,59.2,0.39,27.0,0.04,0.01,2338.128401,1776326109000
1776326110.614,10.614,0.57,0.27,0.56,37.0,0.59,8.98,0.6,52.5,0.41,12.19,0.4,52.5,0.43,0.27,0.44,37.0,0.02,0.02,2338.128401,1776326109000
1776326110.816,10.816,0.57,9.0,0.56,45.91,0.58,5.0,0.59,10.0,0.41,8.98,0.4,22.5,0.44,25.91,0.45,75.55,0.01,0.03,2338.128401,1776326109000
1776326111.083,11.083,0.6,7.5,0.59,15.0,0.61,10.0,0.62,15.0,0.38,15.0,0.37,52.0,0.42,20.0,0.43,20.0,0.01,0.04,2338.128401,1776326109000
1776326111.606,11.606,0.61,49.2,0.6,32.5,0.63,35.0,0.64,10.0,0.39,10.0,0.38,15.0,0.4,7.5,0.41,15.0,0.02,0.01,2338.128401,1776326109000
1776326112.398,12.398,0.61,49.2,0.6,32.5,0.63,35.0,0.64,10.0,0.37,35.0,0.36,10.0,0.39,49.2,0.4,32.5,0.02,0.02,2338.32645,1776326111000
1776326112.753,12.753,0.62,15.0,0.61,20.0,0.63,35.47,0.64,10.0,0.37,25.47,0.36,10.0,0.38,20.0,0.39,20.0,0.01,0.01,2338.32645,1776326111000
1776326112.998,12.998,0.62,15.0,0.61,20.0,0.63,35.47,0.64,10.0,0.37,35.47,0.36,10.0,0.38,15.0,0.39,20.0,0.01,0.01,2338.34841,1776326112000
1776326114.049,14.049,0.62,11.05,0.61,20.0,0.63,35.47,0.64,10.0,0.37,35.47,0.36,10.0,0.38,15.0,0.39,20.0,0.01,0.01,2338.34841,1776326112000
1776326114.576,14.576,0.62,6.05,0.61,10.0,0.63,30.47,0.64,10.0,0.37,35.47,0.36,10.0,0.38,11.05,0.39,20.0,0.01,0.01,2338.34841,1776326112000
1776326115.113,15.113,0.62,6.05,0.61,10.0,0.64,9.75,0.65,64.52,0.37,30.47,0.36,10.0,0.38,6.05,0.39,10.0,0.02,0.01,2338.278095,1776326113000
1776326115.328,15.328,0.61,7.27,0.6,30.5,0.63,6.66,0.64,9.75,0.37,11.66,0.36,9.75,0.38,6.05,0.39,10.0,0.02,0.01,2338.26051,1776326114000
1776326115.568,15.568,0.61,29.57,0.6,40.5,0.62,10.0,0.63,6.66,0.37,6.66,0.36,9.75,0.39,7.27,0.4,30.5,0.01,0.02,2338.26051,1776326114000
1776326116.011,16.011,0.61,29.57,0.6,40.5,0.62,5.0,0.63,6.66,0.38,5.0,0.37,6.66,0.39,29.57,0.4,40.5,0.01,0.01,2338.332272,1776326115000
1776326116.3,16.3,0.61,59.57,0.6,40.5,0.62,8.0,0.63,6.66,0.38,8.0,0.37,6.66,0.39,83.77,0.4,40.5,0.01,0.01,2338.332272,1776326115000
1776326116.974,16.974,0.61,16.21,0.6,142.49,0.62,3.0,0.64,10.0,0.38,8.0,0.37,6.66,0.39,59.57,0.4,40.5,0.01,0.01,2338.332272,1776326115000
1776326117.549,17.549,0.61,16.21,0.6,142.49,0.62,3.0,0.64,10.0,0.38,3.0,0.36,10.0,0.39,16.21,0.4,142.49,0.01,0.01,2338.23207,1776326116000
1776326118.201,18.201,0.63,60.0,0.62,20.0,0.65,4.52,0.66,60.0,0.37,10.0,0.36,10.0,0.39,21.21,0.4,184.49,0.02,0.02,2338.23207,1776326116000
1776326119.173,19.173,0.64,10.0,0.63,55.0,0.65,4.52,0.66,60.0,0.35,4.52,0.34,60.0,0.36,10.0,0.37,55.0,0.01,0.01,2338.502675,1776326118000
1776326119.807,19.807,0.64,51.88,0.63,65.0,0.65,54.16,0.66,60.0,0.35,4.52,0.34,60.0,0.36,10.0,0.37,55.0,0.01,0.01,2338.502675,1776326118000
1776326120.076,20.076,0.64,38.0,0.63,169.0,0.66,44.71,0.67,10.0,0.35,5.0,0.34,44.71,0.36,61.08,0.37,194.0,0.02,0.01,2338.502675,1776326118000
1776326121.25,21.25,0.64,31.0,0.63,169.0,0.66,138.01,0.67,10.0,0.34,138.01,0.33,10.0,0.36,31.0,0.37,169.0,0.02,0.02,2338.49343,1776326120000
1776326122.171,22.171,0.65,286.0,0.64,34.0,0.67,7.5,0.68,10.0,0.34,138.01,0.33,10.0,0.36,31.0,0.37,169.0,0.02,0.02,2338.49343,1776326120000
1776326122.404,22.404,0.67,6.0,0.66,157.0,0.71,46.72,0.72,10.0,0.29,46.72,0.28,10.0,0.33,6.0,0.34,157.0,0.04,0.04,2338.876949,1776326121000
1776326122.912,22.912,0.69,65.0,0.68,30.0,0.7,103.42,0.71,46.72,0.3,108.42,0.29,76.72,0.31,10.0,0.32,10.0,0.01,0.01,2338.876949,1776326121000
1776326123.142,23.142,0.69,65.0,0.68,30.0,0.7,96.23,0.71,134.46,0.3,103.42,0.29,46.72,0.31,65.0,0.32,30.0,0.01,0.01,2338.876949,1776326121000
1776326124.135,24.135,0.69,40.0,0.68,25.0,0.7,94.8,0.71,46.72,0.3,94.8,0.29,134.46,0.31,65.0,0.32,30.0,0.01,0.01,2338.931886,1776326122000
1776326124.345,24.345,0.69,40.0,0.68,25.0,0.7,89.37,0.71,46.72,0.3,89.37,0.29,46.72,0.31,40.0,0.32,25.0,0.01,0.01,2339.142735,1776326123000
1776326124.978,24.978,0.69,30.0,0.68,20.0,0.7,87.01,0.71,46.72,0.3,93.87,0.29,46.72,0.31,20.0,0.32,25.0,0.01,0.01,2339.142735,1776326123000
1776326125.375,25.375,0.69,40.0,0.68,20.0,0.7,71.01,0.71,46.72,0.3,87.01,0.29,46.72,0.31,30.0,0.32,20.0,0.01,0.01,2339.142735,1776326123000
1776326125.625,25.625,0.69,87.32,0.68,20.0,0.7,71.01,0.71,36.72,0.3,71.01,0.29,46.72,0.31,40.0,0.32,20.0,0.01,0.01,2339.28684,1776326124000
1776326126.145,26.145,0.7,49.2,0.69,36.12,0.71,139.52,0.72,10.0,0.3,66.01,0.29,36.72,0.31,87.32,0.32,20.0,0.01,0.01,2339.28684,1776326124000
1776326126.87,26.87,0.7,10.0,0.69,16.12,0.71,45.52,0.72,110.0,0.29,139.52,0.28,10.0,0.3,49.2,0.31,36.12,0.01,0.01,2339.28684,1776326125000
1776326127.365,27.365,0.7,10.0,0.69,16.12,0.71,25.52,0.72,110.0,0.29,25.52,0.28,110.0,0.3,10.0,0.31,16.12,0.01,0.01,2339.320835,1776326126000
1776326127.784,27.784,0.7,20.0,0.69,16.12,0.71,44.11,0.72,110.0,0.29,25.52,0.28,110.0,0.3,10.0,0.31,16.12,0.01,0.01,2339.320835,1776326126000
1776326128.045,28.045,0.7,20.0,0.69,16.12,0.71,31.65,0.72,110.0,0.29,44.11,0.28,110.0,0.3,20.0,0.31,16.12,0.01,0.01,2339.38378,1776326127000
1776326128.634,28.634,0.7,18.33,0.69,16.12,0.71,16.65,0.72,100.0,0.29,31.65,0.28,110.0,0.3,20.0,0.31,16.12,0.01,0.01,2339.38378,1776326127000
1776326128.892,28.892,0.7,112.0,0.69,10.0,0.71,24.19,0.72,40.0,0.29,15.19,0.28,10.0,0.3,309.99,0.31,24.0,0.01,0.01,2339.38378,1776326127000
1776326129.125,29.125,0.67,14.9,0.66,19.12,0.68,6.0,0.69,16.0,0.29,6.98,0.28,10.0,0.34,4.12,0.35,168.0,0.01,0.05,2339.38378,1776326127000
1776326129.335,29.335,0.67,24.0,0.66,11.11,0.69,12.77,0.7,10.0,0.32,0.77,0.31,16.0,0.33,10.0,0.34,11.11,0.02,0.01,2339.519329,1776326128000
1776326129.656,29.656,0.68,28.9,0.67,19.0,0.69,2.77,0.7,10.0,0.31,12.77,0.3,10.0,0.33,24.0,0.34,11.11,0.01,0.02,2339.519329,1776326128000
1776326130.318,30.318,0.68,28.9,0.67,19.0,0.69,2.77,0.7,10.0,0.31,2.77,0.3,10.0,0.32,28.9,0.33,19.0,0.01,0.01,2339.533184,1776326129000
1776326131.411,31.411,0.68,28.9,0.67,19.0,0.69,2.77,0.7,10.0,0.31,2.77,0.3,10.0,0.32,28.9,0.33,19.0,0.01,0.01,2339.319814,1776326130000
1776326131.996,31.996,0.68,28.9,0.67,19.0,0.69,2.77,0.7,10.0,0.31,2.77,0.3,10.0,0.32,28.9,0.33,19.0,0.01,0.01,2339.329086,1776326131000
1776326132.749,32.749,0.68,24.0,0.67,19.0,0.7,10.0,0.71,10.0,0.31,2.77,0.3,10.0,0.32,28.9,0.33,19.0,0.02,0.01,2339.329086,1776326131000
1776326133.155,33.155,0.68,24.0,0.67,19.0,0.7,10.0,0.71,10.0,0.3,10.0,0.29,10.0,0.32,24.0,0.33,19.0,0.02,0.02,2339.29339,1776326132000
1776326134.326,34.326,0.68,24.0,0.67,19.0,0.7,10.0,0.71,10.0,0.3,10.0,0.29,10.0,0.32,24.0,0.33,19.0,0.02,0.02,2339.349181,1776326133000
1776326134.657,34.657,0.71,24.0,0.7,14.0,0.72,8.61,0.73,130.0,0.27,110.0,0.26,54.0,0.29,40.0,0.3,14.0,0.01,0.02,2339.349181,1776326133000
1776326135.352,35.352,0.71,20.37,0.7,24.0,0.72,8.61,0.73,110.0,0.28,8.61,0.27,130.0,0.29,24.0,0.3,14.0,0.01,0.01,2339.349181,1776326133000
1776326135.93,35.93,0.71,10.19,0.7,24.0,0.72,13.61,0.73,110.0,0.28,13.61,0.27,110.0,0.29,10.19,0.3,24.0,0.01,0.01,2339.171855,1776326135000
1776326136.518,36.518,0.7,5.0,0.69,11.0,0.71,37.83,0.72,8.61,0.28,13.61,0.27,110.0,0.29,10.19,0.3,24.0,0.01,0.01,2339.171855,1776326135000
1776326137.005,37.005,0.7,5.0,0.69,11.0,0.71,37.83,0.72,8.61,0.29,37.83,0.28,8.61,0.3,5.0,0.31,11.0,0.01,0.01,2339.401125,1776326136000
1776326137.207,37.207,0.69,11.0,0.68,46.47,0.71,31.83,0.72,108.61,0.29,37.83,0.28,8.61,0.3,5.0,0.31,11.0,0.02,0.01,2339.401125,1776326136000
1776326137.651,37.651,0.69,2.58,0.68,41.47,0.7,40.28,0.71,17.83,0.3,15.28,0.29,22.83,0.31,6.0,0.32,41.47,0.01,0.01,2339.401125,1776326136000
1776326138.09,38.09,0.69,2.58,0.68,41.47,0.7,40.28,0.71,17.83,0.3,40.28,0.29,17.83,0.31,2.58,0.32,41.47,0.01,0.01,2339.42135,1776326137000
1776326139.131,39.131,0.69,2.58,0.68,41.47,0.7,40.28,0.71,17.83,0.3,40.28,0.29,17.83,0.31,2.58,0.32,41.47,0.01,0.01,2339.401077,1776326138000
1776326140.192,40.192,0.69,2.58,0.68,41.47,0.7,40.28,0.71,17.83,0.3,40.28,0.29,17.83,0.31,2.58,0.32,41.47,0.01,0.01,2339.297192,1776326139000
1776326141.177,41.177,0.69,2.58,0.68,41.47,0.7,40.28,0.71,17.83,0.3,40.28,0.29,17.83,0.31,2.58,0.32,41.47,0.01,0.01,2339.22839,1776326140000
1776326141.458,41.458,0.7,41.13,0.69,10.0,0.71,17.83,0.72,108.61,0.3,40.28,0.29,17.83,0.31,2.58,0.32,41.47,0.01,0.01,2339.22839,1776326140000
1776326141.955,41.955,0.7,51.13,0.69,10.0,0.71,4.83,0.72,108.61,0.29,17.83,0.28,108.61,0.3,41.13,0.31,10.0,0.01,0.01,2339.22839,1776326140000
1776326142.17,42.17,0.7,51.13,0.69,10.0,0.71,4.83,0.72,108.61,0.29,4.83,0.28,108.61,0.3,51.13,0.31,10.0,0.01,0.01,2339.336536,1776326141000
1776326142.658,42.658,0.71,112.48,0.7,61.13,0.72,95.0,0.73,30.0,0.29,4.83,0.28,108.61,0.3,51.13,0.31,10.0,0.01,0.01,2339.336536,1776326141000
1776326143.18,43.18,0.71,112.48,0.7,61.13,0.72,95.0,0.73,30.0,0.28,95.0,0.27,30.0,0.29,112.48,0.3,61.13,0.01,0.01,2339.20022,1776326142000
1776326143.487,43.487,0.72,15.0,0.71,91.48,0.73,25.0,0.74,24.0,0.28,95.0,0.27,30.0,0.29,112.48,0.3,61.13,0.01,0.01,2339.20022,1776326142000
1776326143.867,43.867,0.72,20.0,0.71,51.48,0.73,94.93,0.74,24.0,0.27,25.0,0.26,24.0,0.28,15.0,0.29,91.48,0.01,0.01,2339.20022,1776326142000
1776326144.267,44.267,0.72,9.81,0.71,51.48,0.73,94.93,0.74,24.0,0.27,94.93,0.26,24.0,0.28,20.0,0.29,51.48,0.01,0.01,2339.20022,1776326142000
1776326144.871,44.871,0.72,9.81,0.71,51.48,0.73,94.93,0.74,24.0,0.27,94.93,0.26,24.0,0.28,9.81,0.29,51.48,0.01,0.01,2339.388345,1776326144000
1776326145.682,45.682,0.73,15.0,0.72,10.81,0.74,13.8,0.76,90.0,0.27,94.93,0.26,24.0,0.28,9.81,0.29,51.48,0.01,0.01,2339.388345,1776326144000
1776326145.945,45.945,0.73,26.0,0.72,19.0,0.74,13.8,0.75,10.0,0.26,18.8,0.24,140.0,0.29,48.29,0.3,205.13,0.01,0.03,2339.42898,1776326145000
1776326146.428,46.428,0.73,148.52,0.72,19.0,0.74,3.8,0.75,110.0,0.26,8.8,0.25,10.0,0.27,26.0,0.28,19.0,0.01,0.01,2339.42898,1776326145000
1776326146.719,46.719,0.73,172.52,0.72,164.0,0.75,100.0,0.76,10.0,0.26,3.8,0.25,110.0,0.27,148.52,0.28,19.0,0.02,0.01,2339.42898,1776326145000
1776326146.983,46.983,0.74,10.0,0.73,162.52,0.75,95.0,0.76,10.0,0.25,95.0,0.24,10.0,0.26,10.0,0.27,162.52,0.01,0.01,2339.479505,1776326146000
1776326147.62,47.62,0.75,84.0,0.74,108.36,0.76,105.0,0.77,10.0,0.25,95.0,0.24,10.0,0.26,10.0,0.27,162.52,0.01,0.01,2339.479505,1776326146000
1776326148.004,48.004,0.75,84.0,0.74,108.36,0.76,93.0,0.77,10.0,0.24,93.0,0.23,10.0,0.25,84.0,0.26,108.36,0.01,0.01,2339.710775,1776326147000
1776326148.62,48.62,0.76,54.0,0.75,60.0,0.77,103.5,0.78,40.0,0.24,93.0,0.23,10.0,0.25,84.0,0.26,108.36,0.01,0.01,2339.710775,1776326147000
1776326149.067,49.067,0.76,22.83,0.75,20.0,0.77,98.5,0.78,10.0,0.23,98.5,0.22,10.0,0.24,37.0,0.25,55.0,0.01,0.01,2339.710775,1776326147000
1776326149.763,49.763,0.76,129.87,0.75,20.0,0.77,93.5,0.78,10.0,0.23,98.5,0.22,10.0,0.24,22.83,0.25,20.0,0.01,0.01,2339.8948,1776326148000
1776326150.045,50.045,0.76,41.16,0.75,20.0,0.77,93.5,0.78,10.0,0.23,93.5,0.22,10.0,0.24,129.87,0.25,20.0,0.01,0.01,2339.8948,1776326148000
1776326150.374,50.374,0.73,10.0,0.72,10.0,0.77,324.0,0.78,49.0,0.23,93.5,0.22,10.0,0.24,41.16,0.25,20.0,0.04,0.01,2339.8948,1776326148000
1776326150.711,50.711,0.73,10.0,0.72,10.0,0.75,4.67,0.76,267.0,0.27,18.51,0.25,10.0,0.28,4.9,0.29,40.35,0.02,0.01,2339.8948,1776326148000
1776326151.006,51.006,0.73,4.0,0.72,15.0,0.75,10.0,0.76,217.0,0.25,8.52,0.24,267.0,0.26,10.0,0.27,15.0,0.02,0.01,2339.8948,1776326148000
1776326151.208,51.208,0.72,5.71,0.71,40.35,0.74,5.0,0.75,10.0,0.26,5.0,0.25,10.0,0.28,5.71,0.29,40.35,0.02,0.02,2339.9698,1776326149000
1776326151.584,51.584,0.73,70.29,0.72,5.71,0.74,105.0,0.75,10.0,0.26,5.0,0.25,10.0,0.28,5.71,0.29,40.35,0.01,0.02,2339.9698,1776326149000
1776326151.876,51.876,0.73,70.29,0.72,5.71,0.74,105.0,0.75,10.0,0.26,105.0,0.25,10.0,0.27,70.29,0.28,5.71,0.01,0.01,2339.89885,1776326150000
1776326152.572,52.572,0.74,15.0,0.73,58.29,0.75,5.0,0.76,117.0,0.26,105.0,0.25,10.0,0.27,70.29,0.28,5.71,0.01,0.01,2339.89885,1776326150000
1776326153.048,53.048,0.74,18.15,0.73,11.29,0.75,5.0,0.76,117.0,0.25,5.0,0.24,117.0,0.26,15.0,0.27,58.29,0.01,0.01,2339.760823,1776326151000
1776326153.366,53.366,0.74,18.15,0.73,11.29,0.75,5.0,0.76,117.0,0.25,5.0,0.24,117.0,0.26,18.15,0.27,11.29,0.01,0.01,2339.626068,1776326152000
1776326153.927,53.927,0.74,51.61,0.73,11.29,0.76,17.0,0.77,10.0,0.25,5.0,0.24,117.0,0.26,18.15,0.27,11.29,0.02,0.01,2339.626068,1776326152000
1776326154.198,54.198,0.74,57.61,0.73,11.29,0.76,11.27,0.77,10.0,0.24,11.27,0.23,10.0,0.26,57.61,0.27,11.29,0.02,0.02,2339.627455,1776326153000
1776326155.56,55.56,0.74,57.61,0.73,11.29,0.76,11.27,0.77,10.0,0.24,11.27,0.23,10.0,0.26,57.61,0.27,11.29,0.02,0.02,2339.69572,1776326154000
1776326156.252,56.252,0.74,57.61,0.73,11.29,0.76,11.27,0.77,10.0,0.24,11.27,0.23,10.0,0.26,57.61,0.27,11.29,0.02,0.02,2339.8276,1776326155000
1776326157.649,57.649,0.74,57.61,0.73,11.29,0.76,11.27,0.77,10.0,0.24,11.27,0.23,10.0,0.26,57.61,0.27,11.29,0.02,0.02,2339.876357,1776326156000
1776326158.415,58.415,0.76,5.0,0.75,90.0,0.77,110.0,0.78,40.0,0.24,11.27,0.23,10.0,0.26,57.61,0.27,11.29,0.01,0.02,2339.876357,1776326156000
1776326158.744,58.744,0.76,18.66,0.75,90.0,0.77,100.0,0.78,40.0,0.23,100.0,0.22,40.0,0.24,17.0,0.25,90.0,0.01,0.01,2339.84574,1776326157000
1776326159.334,59.334,0.76,18.66,0.75,90.0,0.77,100.0,0.78,40.0,0.23,100.0,0.22,40.0,0.24,18.66,0.25,90.0,0.01,0.01,2339.879,1776326158000
1776326160.229,60.229,0.76,26.9,0.75,84.0,0.77,93.5,0.78,40.0,0.23,93.5,0.22,40.0,0.24,26.9,0.25,84.0,0.01,0.01,2339.83051,1776326159000
1776326160.818,60.818,0.76,52.91,0.75,84.0,0.77,4.8,0.78,140.0,0.23,56.42,0.22,40.0,0.24,59.15,0.25,84.0,0.01,0.01,2339.83051,1776326159000
1776326161.657,61.657,0.76,52.91,0.75,84.0,0.77,4.8,0.78,140.0,0.23,4.8,0.22,140.0,0.24,52.91,0.25,84.0,0.01,0.01,2339.8861,1776326160000
1776326161.938,61.938,0.77,79.0,0.76,194.0,0.79,29.93,0.8,140.0,0.22,7.89,0.21,35.0,0.23,37.0,0.24,55.0,0.02,0.01,2339.8861,1776326160000
1776326162.153,62.153,0.78,91.0,0.77,196.0,0.79,19.93,0.8,100.0,0.21,29.93,0.2,140.0,0.23,79.0,0.24,194.0,0.01,0.02,2339.8861,1776326160000
1776326162.359,62.359,0.78,162.23,0.77,196.0,0.79,13.66,0.8,110.0,0.21,13.66,0.2,110.0,0.22,162.23,0.23,196.0,0.01,0.01,2339.896055,1776326161000
1776326162.795,62.795,0.78,155.23,0.77,232.96,0.79,32.59,0.8,110.0,0.21,13.66,0.2,110.0,0.22,162.23,0.23,196.0,0.01,0.01,2339.896055,1776326161000
1776326163.311,63.311,0.78,94.0,0.77,232.96,0.81,10.0,0.82,40.0,0.21,32.59,0.2,110.0,0.22,155.23,0.23,232.96,0.03,0.01,2339.896055,1776326161000
1776326163.691,63.691,0.8,79.0,0.79,15.0,0.81,103.76,0.82,40.0,0.19,5.0,0.18,40.0,0.21,10.0,0.22,147.46,0.01,0.02,2339.896655,1776326162000
1776326164.087,64.087,0.8,79.0,0.79,15.0,0.81,103.76,0.82,40.0,0.19,103.76,0.18,40.0,0.2,79.0,0.21,15.0,0.01,0.01,2340.057149,1776326163000
1776326164.375,64.375,0.82,99.0,0.81,55.0,0.84,118.09,0.85,168.2,0.17,105.0,0.16,184.89,0.19,99.0,0.2,55.0,0.02,0.02,2340.057149,1776326163000
1776326164.743,64.743,0.83,57.0,0.82,74.0,0.84,120.7,0.85,38.2,0.16,118.09,0.15,168.2,0.18,99.0,0.19,55.0,0.01,0.02,2340.057149,1776326163000
1776326165.393,65.393,0.83,52.0,0.82,74.0,0.84,215.7,0.85,38.2,0.16,120.7,0.15,38.2,0.17,57.0,0.18,74.0,0.01,0.01,2340.057149,1776326163000
1776326166.303,66.303,0.83,52.0,0.82,74.0,0.84,215.7,0.85,38.2,0.16,215.7,0.15,38.2,0.17,52.0,0.18,74.0,0.01,0.01,2340.404858,1776326165000
1776326166.534,66.534,0.83,41.41,0.82,19.0,0.84,215.7,0.85,10.0,0.16,215.7,0.15,38.2,0.17,52.0,0.18,74.0,0.01,0.01,2340.404858,1776326165000
1776326167.068,67.068,0.83,41.41,0.82,19.0,0.84,205.7,0.85,10.0,0.16,205.7,0.15,10.0,0.17,41.41,0.18,19.0,0.01,0.01,2340.709695,1776326166000
1776326167.541,67.541,0.8,33.1,0.79,100.0,0.82,65.0,0.83,110.0,0.16,255.7,0.15,47.2,0.19,5.9,0.2,37.5,0.02,0.03,2340.709695,1776326166000
1776326169.079,69.079,0.8,33.1,0.79,100.0,0.82,65.0,0.83,110.0,0.18,65.0,0.17,110.0,0.2,33.1,0.21,100.0,0.02,0.02,2340.777695,1776326168000
1776326169.284,69.284,0.8,138.1,0.79,135.0,0.81,27.0,0.82,28.0,0.19,32.0,0.18,28.0,0.2,133.1,0.21,135.0,0.01,0.01,2340.777695,1776326168000
1776326169.992,69.992,0.8,163.1,0.79,135.0,0.81,2.31,0.82,28.0,0.19,2.31,0.18,28.0,0.2,163.1,0.21,135.0,0.01,0.01,2340.573915,1776326169000
1776326170.756,70.756,0.81,132.0,0.8,168.1,0.82,52.96,0.83,119.0,0.18,14.18,0.17,19.0,0.2,173.1,0.21,141.0,0.01,0.02,2340.573915,1776326169000
1776326171.004,71.004,0.81,132.0,0.8,168.1,0.82,52.96,0.83,119.0,0.18,52.96,0.17,119.0,0.19,132.0,0.2,168.1,0.01,0.01,2340.464039,1776326170000
1776326171.989,71.989,0.81,149.04,0.8,158.1,0.82,52.96,0.83,19.0,0.18,52.96,0.17,19.0,0.19,149.04,0.2,158.1,0.01,0.01,2340.47848,1776326171000
1776326172.363,72.363,0.82,205.0,0.81,207.04,0.84,73.09,0.85,68.2,0.18,52.96,0.17,19.0,0.19,149.04,0.2,158.1,0.02,0.01,2340.47848,1776326171000
1776326172.677,72.677,0.83,140.0,0.82,158.0,0.84,173.09,0.85,38.2,0.16,73.09,0.15,68.2,0.18,205.0,0.19,207.04,0.01,0.02,2340.47848,1776326171000
1776326173.179,73.179,0.83,110.0,0.82,153.0,0.84,198.09,0.85,77.2,0.16,173.09,0.15,38.2,0.17,140.0,0.18,158.0,0.01,0.01,2340.47848,1776326171000
1776326173.61,73.61,0.83,110.0,0.82,153.0,0.84,198.09,0.85,77.2,0.16,198.09,0.15,77.2,0.17,110.0,0.18,153.0,0.01,0.01,2340.48026,1776326172000
1776326174.003,74.003,0.83,120.0,0.82,153.0,0.84,158.09,0.85,68.2,0.16,198.09,0.15,77.2,0.17,110.0,0.18,153.0,0.01,0.01,2340.48026,1776326172000
1776326175.244,75.244,0.83,120.0,0.82,153.0,0.84,158.09,0.85,68.2,0.16,158.09,0.15,68.2,0.17,120.0,0.18,153.0,0.01,0.01,2340.531686,1776326174000
1776326175.842,75.842,0.83,145.0,0.82,153.0,0.84,53.92,0.85,38.2,0.16,53.92,0.15,38.2,0.17,145.0,0.18,153.0,0.01,0.01,2340.537355,1776326175000
1776326176.573,76.573,0.83,135.0,0.82,153.0,0.84,123.92,0.85,10.0,0.16,53.92,0.15,38.2,0.17,145.0,0.18,153.0,0.01,0.01,2340.537355,1776326175000
1776326176.986,76.986,0.83,142.0,0.82,153.0,0.84,98.92,0.85,10.0,0.16,98.92,0.15,10.0,0.17,142.0,0.18,153.0,0.01,0.01,2340.633855,1776326176000
1776326177.303,77.303,0.83,182.0,0.82,153.0,0.84,98.92,0.85,10.0,0.16,98.92,0.15,10.0,0.17,142.0,0.18,153.0,0.01,0.01,2340.633855,1776326176000
1776326177.9,77.9,0.83,182.0,0.82,153.0,0.84,98.92,0.85,10.0,0.16,98.92,0.15,10.0,0.17,182.0,0.18,153.0,0.01,0.01,2340.647015,1776326177000
1776326178.622,78.622,0.83,187.59,0.82,153.0,0.84,93.92,0.85,10.0,0.16,98.92,0.15,10.0,0.17,182.0,0.18,153.0,0.01,0.01,2340.647015,1776326177000
1776326178.987,78.987,0.83,187.59,0.82,153.0,0.84,93.92,0.85,10.0,0.16,93.92,0.15,10.0,0.17,187.59,0.18,153.0,0.01,0.01,2340.78887,1776326178000
1776326179.62,79.62,0.84,152.0,0.83,130.31,0.85,105.0,0.86,10.0,0.16,93.92,0.15,10.0,0.17,187.59,0.18,153.0,0.01,0.01,2340.78887,1776326178000
1776326180.001,80.001,0.84,152.0,0.83,130.31,0.85,105.0,0.86,10.0,0.15,105.0,0.14,10.0,0.16,152.0,0.17,130.31,0.01,0.01,2340.71514,1776326179000
1776326180.306,80.306,0.84,168.76,0.83,35.0,0.85,15.0,0.86,10.0,0.15,102.97,0.14,10.0,0.16,122.0,0.17,115.31,0.01,0.01,2340.71514,1776326179000
1776326180.568,80.568,0.84,166.76,0.83,35.0,0.85,109.0,0.86,10.0,0.15,15.0,0.14,10.0,0.16,168.76,0.17,35.0,0.01,0.01,2340.71514,1776326179000
1776326181.087,81.087,0.84,166.76,0.83,35.0,0.85,109.0,0.86,10.0,0.15,109.0,0.14,10.0,0.16,166.76,0.17,35.0,0.01,0.01,2340.800645,1776326180000
1776326181.385,81.385,0.85,13.54,0.84,166.76,0.86,10.0,0.87,41.8,0.15,109.0,0.14,10.0,0.16,166.76,0.17,35.0,0.01,0.01,2340.800645,1776326180000
1776326181.766,81.766,0.85,88.54,0.84,126.76,0.86,4.0,0.87,46.8,0.14,10.0,0.13,41.8,0.15,13.54,0.16,166.76,0.01,0.01,2340.800645,1776326180000
1776326182.173,82.173,0.85,81.87,0.84,126.76,0.86,4.0,0.87,46.8,0.14,4.0,0.13,46.8,0.15,81.87,0.16,126.76,0.01,0.01,2340.948532,1776326181000
1776326183.198,83.198,0.85,81.87,0.84,126.76,0.86,4.0,0.87,46.8,0.14,4.0,0.13,46.8,0.15,81.87,0.16,126.76,0.01,0.01,2340.869665,1776326182000
1776326183.429,83.429,0.86,161.4,0.85,41.87,0.87,44.3,0.88,97.1,0.14,4.0,0.13,46.8,0.15,81.87,0.16,126.76,0.01,0.01,2340.869665,1776326182000
1776326183.639,83.639,0.86,117.04,0.85,41.87,0.87,44.3,0.88,197.1,0.13,44.3,0.12,197.1,0.14,130.4,0.15,41.87,0.01,0.01,2340.869665,1776326182000
1776326184.126,84.126,0.86,114.04,0.85,41.87,0.87,43.15,0.88,167.1,0.13,44.3,0.12,197.1,0.14,109.04,0.15,41.87,0.01,0.01,2340.869665,1776326182000
1776326184.397,84.397,0.86,83.53,0.85,41.87,0.87,43.15,0.88,267.1,0.13,43.15,0.12,267.1,0.14,78.68,0.15,41.87,0.01,0.01,2340.902796,1776326183000
1776326185.257,85.257,0.86,83.53,0.85,41.87,0.87,43.15,0.88,267.1,0.13,43.15,0.12,267.1,0.14,83.53,0.15,41.87,0.01,0.01,2340.888665,1776326184000
1776326185.656,85.656,0.86,106.4,0.85,98.04,0.87,23.07,0.88,167.1,0.13,33.56,0.12,167.1,0.14,95.6,0.15,93.04,0.01,0.01,2340.888665,1776326184000
1776326186.351,86.351,0.86,96.4,0.85,93.04,0.87,24.32,0.88,167.1,0.13,24.32,0.12,167.1,0.14,96.4,0.15,93.04,0.01,0.01,2340.868145,1776326185000
1776326187.304,87.304,0.86,96.4,0.85,93.04,0.87,24.32,0.88,167.1,0.13,24.32,0.12,167.1,0.14,96.4,0.15,93.04,0.01,0.01,2340.85016,1776326186000
1776326188.094,88.094,0.86,66.0,0.85,44.71,0.87,152.32,0.88,302.8,0.13,24.32,0.12,167.1,0.14,96.4,0.15,93.04,0.01,0.01,2340.85016,1776326186000
1776326188.302,88.302,0.86,66.0,0.85,44.71,0.87,152.32,0.88,302.8,0.13,152.32,0.12,302.8,0.14,66.0,0.15,44.71,0.01,0.01,2340.8536,1776326187000
1776326188.801,88.801,0.86,157.14,0.85,44.71,0.87,132.49,0.88,302.8,0.13,152.32,0.12,302.8,0.14,66.0,0.15,44.71,0.01,0.01,2340.8536,1776326187000
1776326189.691,89.691,0.86,139.47,0.85,114.19,0.87,129.51,0.88,238.7,0.13,127.93,0.12,202.8,0.14,157.14,0.15,44.71,0.01,0.01,2340.85009,1776326188000
1776326190.866,90.866,0.86,139.47,0.85,114.19,0.87,129.51,0.88,238.7,0.13,129.51,0.12,238.7,0.14,139.47,0.15,114.19,0.01,0.01,2340.710927,1776326190000
1776326191.584,91.584,0.86,189.47,0.85,129.19,0.87,14.51,0.88,130.7,0.13,129.51,0.12,238.7,0.14,139.47,0.15,114.19,0.01,0.01,2340.710927,1776326190000
1776326191.792,91.792,0.86,206.47,0.85,108.02,0.87,12.78,0.88,130.7,0.13,14.51,0.12,130.7,0.14,189.47,0.15,129.19,0.01,0.01,2340.710927,1776326190000
1776326192.136,92.136,0.86,159.47,0.85,108.02,0.87,7.78,0.88,20.7,0.13,12.78,0.12,130.7,0.14,206.47,0.15,108.02,0.01,0.01,2340.693622,1776326191000
1776326192.414,92.414,0.86,142.47,0.85,108.02,0.87,2.78,0.88,20.7,0.13,7.78,0.12,20.7,0.14,159.47,0.15,108.02,0.01,0.01,2340.693622,1776326191000
1776326192.895,92.895,0.86,142.47,0.85,108.02,0.87,2.78,0.88,20.7,0.13,2.78,0.12,20.7,0.14,142.47,0.15,108.02,0.01,0.01,2340.70832,1776326192000
1776326193.095,93.095,0.86,167.47,0.85,108.02,0.88,15.89,0.89,146.79,0.13,2.78,0.12,20.7,0.14,142.47,0.15,108.02,0.02,0.01,2340.70832,1776326192000
1776326193.438,93.438,0.87,153.55,0.86,110.4,0.88,1.6,0.89,10.0,0.12,1.6,0.11,110.0,0.13,57.0,0.14,127.47,0.01,0.01,2340.70832,1776326192000
1776326193.842,93.842,0.87,153.55,0.86,110.4,0.88,1.6,0.89,10.0,0.12,1.6,0.11,10.0,0.13,153.55,0.14,110.4,0.01,0.01,2340.884635,1776326193000
1776326194.754,94.754,0.87,93.55,0.86,105.4,0.89,9.33,0.9,323.0,0.12,1.6,0.11,10.0,0.13,153.55,0.14,110.4,0.02,0.01,2340.884635,1776326193000
1776326195.063,95.063,0.88,11.25,0.87,88.55,0.89,9.33,0.9,308.0,0.11,9.33,0.1,323.0,0.13,93.55,0.14,105.4,0.01,0.02,2340.884635,1776326193000
1776326195.28,95.28,0.88,11.25,0.87,88.55,0.89,9.33,0.9,308.0,0.11,9.33,0.1,308.0,0.12,11.25,0.13,88.55,0.01,0.01,2340.923875,1776326194000
1776326195.988,95.988,0.88,62.48,0.87,45.0,0.9,94.07,0.91,212.0,0.11,9.33,0.1,308.0,0.12,11.25,0.13,88.55,0.02,0.01,2340.923875,1776326194000
1776326196.393,96.393,0.88,62.48,0.87,45.0,0.9,94.07,0.91,212.0,0.1,94.07,0.09,212.0,0.12,62.48,0.13,45.0,0.02,0.02,2340.946125,1776326195000
1776326196.709,96.709,0.87,1.15,0.86,35.0,0.88,10.0,0.89,10.0,0.1,243.0,0.09,212.0,0.15,42.43,0.16,59.7,0.01,0.05,2340.946125,1776326195000
1776326197.065,97.065,0.86,40.0,0.85,44.5,0.87,2.48,0.88,10.0,0.12,10.0,0.11,10.0,0.13,1.15,0.14,35.0,0.01,0.01,2340.979346,1776326196000
1776326197.806,97.806,0.86,14.9,0.85,7.43,0.87,211.12,0.88,123.0,0.13,2.48,0.12,10.0,0.14,40.0,0.15,44.5,0.01,0.01,2340.979346,1776326196000
1776326198.685,98.685,0.83,11.02,0.82,13.0,0.85,236.0,0.86,210.0,0.14,210.0,0.13,235.12,0.16,3.03,0.17,11.02,0.02,0.02,2341.002875,1776326197000
1776326199.965,99.965,0.83,11.02,0.82,13.0,0.85,236.0,0.86,210.0,0.15,236.0,0.14,210.0,0.17,11.02,0.18,13.0,0.02,0.02,2340.376655,1776326199000
1776326200.792,100.792,0.83,23.47,0.82,18.9,0.84,158.2,0.85,171.0,0.15,236.0,0.14,210.0,0.17,11.02,0.18,13.0,0.01,0.02,2340.376655,1776326199000
1776326201.039,101.039,0.83,23.47,0.82,18.9,0.84,157.0,0.85,171.0,0.16,157.0,0.15,171.0,0.17,23.47,0.18,18.9,0.01,0.01,2340.185391,1776326200000
1776326201.281,101.281,0.83,16.47,0.82,18.9,0.84,144.77,0.85,207.2,0.16,144.77,0.15,207.2,0.17,23.47,0.18,18.9,0.01,0.01,2340.185391,1776326200000
1776326201.889,101.889,0.83,16.47,0.82,18.9,0.84,140.94,0.85,179.0,0.16,138.57,0.15,207.2,0.17,16.47,0.18,18.9,0.01,0.01,2340.185391,1776326200000
1776326203.119,103.119,0.83,16.47,0.82,18.9,0.84,140.94,0.85,179.0,0.16,140.94,0.15,179.0,0.17,16.47,0.18,18.9,0.01,0.01,2340.200135,1776326202000
1776326203.668,103.668,0.83,10.58,0.82,18.9,0.84,166.0,0.85,197.2,0.16,140.94,0.15,179.0,0.17,16.47,0.18,18.9,0.01,0.01,2340.200135,1776326202000
1776326204.072,104.072,0.83,10.58,0.82,18.9,0.84,166.0,0.85,197.2,0.16,166.0,0.15,197.2,0.17,10.58,0.18,18.9,0.01,0.01,2340.211815,1776326203000
1776326204.294,104.294,0.83,1.58,0.82,18.9,0.84,226.0,0.85,148.2,0.16,166.0,0.15,197.2,0.17,10.58,0.18,18.9,0.01,0.01,2340.211815,1776326203000
1776326204.833,104.833,0.83,1.58,0.82,75.27,0.84,247.56,0.85,148.2,0.16,226.0,0.15,148.2,0.17,1.58,0.18,18.9,0.01,0.01,2340.211815,1776326203000
1776326205.517,105.517,0.83,1.58,0.82,75.27,0.84,140.76,0.85,178.2,0.16,247.56,0.15,148.2,0.17,1.58,0.18,75.27,0.01,0.01,2340.14636,1776326204000
1776326206.004,106.004,0.83,1.58,0.82,75.27,0.84,140.76,0.85,178.2,0.16,140.76,0.15,178.2,0.17,1.58,0.18,75.27,0.01,0.01,2340.003564,1776326205000
1776326207.036,107.036,0.83,1.58,0.82,75.27,0.84,140.76,0.85,178.2,0.16,140.76,0.15,178.2,0.17,1.58,0.18,75.27,0.01,0.01,2340.024155,1776326206000
1776326207.356,107.356,0.83,6.58,0.82,75.27,0.84,18.21,0.85,78.2,0.16,23.21,0.15,78.2,0.17,6.58,0.18,75.27,0.01,0.01,2340.024155,1776326206000
1776326207.704,107.704,0.82,25.92,0.81,22.04,0.84,13.21,0.85,78.2,0.16,18.21,0.15,78.2,0.17,6.58,0.18,75.27,0.02,0.01,2340.024155,1776326206000
1776326207.996,107.996,0.82,25.92,0.81,22.04,0.84,13.21,0.85,78.2,0.16,13.21,0.15,78.2,0.18,25.92,0.19,22.04,0.02,0.02,2339.984155,1776326207000
1776326208.634,108.634,0.82,97.87,0.81,17.04,0.83,5.0,0.84,10.0,0.16,13.21,0.15,78.2,0.18,25.92,0.19,22.04,0.01,0.02,2339.984155,1776326207000
1776326209.29,109.29,0.82,97.87,0.81,17.04,0.83,5.0,0.84,10.0,0.17,5.0,0.16,10.0,0.18,97.87,0.19,17.04,0.01,0.01,2339.981425,1776326208000
1776326209.772,109.772,0.82,92.31,0.81,27.04,0.83,5.0,0.84,10.0,0.17,5.0,0.16,10.0,0.18,97.87,0.19,17.04,0.01,0.01,2339.981425,1776326208000
1776326210.281,110.281,0.82,92.31,0.81,27.04,0.84,8.78,0.85,78.2,0.16,8.78,0.15,78.2,0.18,92.31,0.19,27.04,0.02,0.02,2339.981265,1776326209000
1776326211.228,111.228,0.82,92.31,0.81,27.04,0.84,8.78,0.85,78.2,0.16,8.78,0.15,78.2,0.18,92.31,0.19,27.04,0.02,0.02,2340.005515,1776326210000
1776326212.116,112.116,0.84,150.0,0.83,185.0,0.85,10.0,0.86,74.9,0.15,55.0,0.14,39.9,0.16,155.0,0.17,170.0,0.01,0.01,2340.005515,1776326210000
1776326213.183,113.183,0.84,150.0,0.83,185.0,0.85,10.0,0.86,74.9,0.15,10.0,0.14,74.9,0.16,150.0,0.17,185.0,0.01,0.01,2340.033345,1776326212000
1776326214.181,114.181,0.84,150.0,0.83,185.0,0.85,10.0,0.86,74.9,0.15,10.0,0.14,74.9,0.16,150.0,0.17,185.0,0.01,0.01,2340.081065,1776326213000
1776326214.746,114.746,0.84,105.0,0.83,135.0,0.85,40.0,0.86,29.0,0.15,10.0,0.14,74.9,0.16,150.0,0.17,185.0,0.01,0.01,2340.081065,1776326213000
1776326214.985,114.985,0.84,96.0,0.83,130.0,0.85,75.0,0.86,88.9,0.15,40.0,0.14,29.0,0.16,105.0,0.17,135.0,0.01,0.01,2340.081065,1776326213000
1776326215.259,115.259,0.84,96.0,0.83,130.0,0.85,75.0,0.86,88.9,0.15,75.0,0.14,88.9,0.16,96.0,0.17,130.0,0.01,0.01,2340.09911,1776326214000
1776326216.266,116.266,0.84,96.0,0.83,130.0,0.85,75.0,0.86,88.9,0.15,75.0,0.14,88.9,0.16,96.0,0.17,130.0,0.01,0.01,2340.101555,1776326215000
1776326216.613,116.613,0.84,60.0,0.83,40.0,0.85,5.0,0.86,10.0,0.15,45.0,0.14,83.9,0.16,99.75,0.17,140.0,0.01,0.01,2340.101555,1776326215000
1776326217.226,117.226,0.85,10.37,0.84,60.0,0.86,10.0,0.87,42.92,0.14,10.0,0.13,42.92,0.15,10.37,0.16,60.0,0.01,0.01,2340.05626,1776326216000
1776326218.218,118.218,0.82,28.64,0.81,57.04,0.86,47.0,0.87,93.92,0.14,47.0,0.13,93.92,0.18,28.64,0.19,57.04,0.04,0.04,2340.05846,1776326217000
1776326219.17,119.17,0.82,70.0,0.81,52.04,0.83,13.86,0.84,10.0,0.14,47.0,0.13,93.92,0.18,28.64,0.19,57.04,0.01,0.04,2340.05846,1776326217000
1776326220.217,120.217,0.82,70.0,0.81,52.04,0.83,13.86,0.84,10.0,0.17,13.86,0.16,10.0,0.18,70.0,0.19,52.04,0.01,0.01,2340.032625,1776326219000
1776326220.727,120.727,0.81,7.04,0.8,48.1,0.82,46.52,0.83,29.96,0.18,74.0,0.17,18.86,0.19,7.04,0.2,38.1,0.01,0.01,2340.032625,1776326219000
1776326221.093,121.093,0.8,25.14,0.79,21.1,0.82,51.52,0.83,29.96,0.18,46.52,0.17,29.96,0.19,7.04,0.2,48.1,0.02,0.01,2340.032625,1776326219000
1776326221.385,121.385,0.82,12.33,0.8,23.76,0.83,29.96,0.84,15.0,0.19,20.0,0.18,51.52,0.2,18.76,0.21,21.1,0.01,0.01,2339.967243,1776326220000
1776326222.289,122.289,0.82,12.33,0.8,23.76,0.83,29.96,0.84,15.0,0.17,29.96,0.16,15.0,0.18,12.33,0.2,23.76,0.01,0.01,2339.947469,1776326221000
1776326222.977,122.977,0.82,7.33,0.81,37.22,0.83,126.96,0.84,115.0,0.17,29.96,0.16,15.0,0.18,12.33,0.2,23.76,0.01,0.01,2339.947469,1776326221000
1776326223.443,123.443,0.82,7.33,0.81,37.22,0.83,126.96,0.84,115.0,0.17,126.96,0.16,115.0,0.18,7.33,0.19,37.22,0.01,0.01,2339.801028,1776326222000
1776326223.961,123.961,0.82,7.33,0.81,37.22,0.83,126.96,0.84,115.0,0.17,126.96,0.16,115.0,0.18,7.33,0.19,37.22,0.01,0.01,2339.764282,1776326223000
1776326224.458,124.458,0.82,4.33,0.81,37.22,0.83,31.1,0.84,45.0,0.17,126.96,0.16,115.0,0.18,7.33,0.19,37.22,0.01,0.01,2339.764282,1776326223000
1776326225.091,125.091,0.82,4.33,0.81,37.22,0.83,31.1,0.84,45.0,0.17,31.1,0.16,45.0,0.18,4.33,0.19,37.22,0.01,0.01,2339.684185,1776326224000
1776326226.082,126.082,0.81,12.22,0.8,33.76,0.82,60.0,0.83,61.1,0.17,31.1,0.16,45.0,0.18,4.33,0.19,37.22,0.01,0.01,2339.684185,1776326224000
1776326226.402,126.402,0.81,2.22,0.8,33.76,0.82,60.0,0.83,31.1,0.18,60.0,0.17,31.1,0.19,2.22,0.2,33.76,0.01,0.01,2339.705651,1776326225000
1776326227.017,127.017,0.81,2.22,0.8,33.76,0.82,60.0,0.83,31.1,0.18,60.0,0.17,31.1,0.19,2.22,0.2,33.76,0.01,0.01,2339.65402,1776326226000
1776326227.249,127.249,0.78,35.54,0.77,38.96,0.82,368.0,0.83,133.78,0.18,60.0,0.17,31.1,0.19,2.22,0.2,33.76,0.04,0.01,2339.65402,1776326226000
1776326227.654,127.654,0.74,16.0,0.73,10.0,0.78,373.0,0.79,283.99,0.22,10.0,0.21,204.0,0.23,20.27,0.26,16.0,0.04,0.01,2339.65402,1776326226000
1776326227.893,127.893,0.74,16.0,0.73,10.0,0.75,68.05,0.76,37.0,0.24,6.0,0.23,40.0,0.26,16.0,0.27,10.0,0.01,0.02,2339.65402,1776326226000
1776326228.243,128.243,0.74,16.0,0.73,10.0,0.75,68.05,0.76,37.0,0.25,68.05,0.24,37.0,0.26,16.0,0.27,10.0,0.01,0.01,2339.580416,1776326227000
1776326229.113,129.113,0.74,16.0,0.73,10.0,0.75,89.69,0.76,42.0,0.25,68.05,0.24,37.0,0.26,16.0,0.27,10.0,0.01,0.01,2339.580416,1776326227000
1776326229.764,129.764,0.74,14.71,0.73,10.0,0.75,178.35,0.76,20.0,0.25,109.69,0.24,42.0,0.26,14.71,0.27,10.0,0.01,0.01,2339.110694,1776326228000
1776326230.045,130.045,0.74,14.71,0.73,10.0,0.75,105.0,0.76,20.0,0.25,178.35,0.24,20.0,0.26,14.71,0.27,10.0,0.01,0.01,2339.110694,1776326228000
1776326230.329,130.329,0.74,14.71,0.73,10.0,0.75,105.0,0.76,20.0,0.25,105.0,0.24,20.0,0.26,14.71,0.27,10.0,0.01,0.01,2338.836955,1776326229000
1776326231.382,131.382,0.71,13.12,0.7,20.0,0.75,137.0,0.76,47.75,0.25,105.0,0.24,20.0,0.26,14.71,0.27,10.0,0.04,0.01,2338.836955,1776326229000
1776326231.602,131.602,0.73,10.0,0.72,10.0,0.74,185.68,0.75,87.0,0.25,137.0,0.24,47.75,0.29,13.12,0.3,20.0,0.01,0.04,2338.768987,1776326230000
1776326231.878,131.878,0.73,4.81,0.72,10.0,0.74,170.68,0.75,82.0,0.26,185.68,0.25,87.0,0.27,10.0,0.28,10.0,0.01,0.01,2338.768987,1776326230000
1776326233.205,133.205,0.73,9.81,0.72,10.0,0.74,82.0,0.75,5.0,0.26,170.68,0.25,82.0,0.27,4.81,0.28,10.0,0.01,0.01,2338.6939,1776326231000
1776326234.347,134.347,0.73,9.81,0.72,10.0,0.74,82.0,0.75,5.0,0.26,82.0,0.25,5.0,0.27,9.81,0.28,10.0,0.01,0.01,2338.699155,1776326233000
1776326235.358,135.358,0.75,15.0,0.74,10.0,0.76,134.1,0.77,100.0,0.26,82.0,0.25,5.0,0.27,9.81,0.28,10.0,0.01,0.01,2338.699155,1776326233000
1776326236.57,136.57,0.74,10.96,0.73,4.81,0.75,176.0,0.76,129.0,0.24,38.84,0.23,100.0,0.25,17.0,0.26,116.0,0.01,0.01,2338.76207,1776326234000
1776326236.845,136.845,0.74,20.0,0.73,10.0,0.75,100.98,0.76,99.0,0.25,125.98,0.24,99.0,0.28,6.95,0.29,18.12,0.01,0.03,2338.76207,1776326234000
1776326237.948,137.948,0.74,20.0,0.73,10.0,0.75,100.98,0.76,99.0,0.25,100.98,0.24,99.0,0.26,20.0,0.27,10.0,0.01,0.01,2338.85916,1776326236000
1776326238.606,138.606,0.73,0.65,0.72,10.0,0.74,163.0,0.75,40.0,0.26,108.56,0.25,15.0,0.27,34.65,0.28,6.95,0.01,0.01,2338.85916,1776326236000
1776326238.863,138.863,0.72,0.65,0.71,13.12,0.74,143.0,0.75,40.0,0.26,143.0,0.25,40.0,0.28,0.65,0.29,13.12,0.02,0.02,2338.826768,1776326237000
1776326239.431,139.431,0.72,6.0,0.71,5.0,0.73,117.57,0.74,31.0,0.26,143.0,0.25,40.0,0.28,0.65,0.29,13.12,0.01,0.02,2338.826768,1776326237000
1776326239.725,139.725,0.72,6.0,0.71,5.0,0.73,117.57,0.74,31.0,0.27,117.57,0.26,31.0,0.28,6.0,0.29,5.0,0.01,0.01,2338.78656,1776326238000
1776326240.348,140.348,0.72,6.0,0.71,5.0,0.73,117.57,0.74,31.0,0.27,117.57,0.26,31.0,0.28,6.0,0.29,5.0,0.01,0.01,2338.82018,1776326239000
1776326241.034,141.034,0.71,20.0,0.7,20.0,0.73,3.57,0.74,49.32,0.27,117.57,0.26,31.0,0.28,6.0,0.29,5.0,0.02,0.01,2338.82018,1776326239000
1776326241.373,141.373,0.61,87.27,0.6,75.0,0.73,13.57,0.74,49.32,0.27,3.57,0.26,49.32,0.29,20.0,0.3,20.0,0.12,0.02,2338.757709,1776326240000
1776326242.12,142.12,0.71,74.0,0.7,15.0,0.73,5.0,0.74,10.0,0.27,13.57,0.26,49.32,0.39,87.27,0.4,75.0,0.02,0.12,2338.757709,1776326240000
1776326242.389,142.389,0.71,78.0,0.7,15.0,0.72,7.97,0.73,11.7,0.27,5.0,0.26,10.0,0.29,74.0,0.3,15.0,0.01,0.02,2338.757709,1776326240000
1776326242.733,142.733,0.71,78.0,0.7,15.0,0.74,1.6,0.75,15.0,0.26,1.6,0.25,15.0,0.29,78.0,0.3,15.0,0.03,0.03,2338.541818,1776326241000
1776326243.131,143.131,0.75,6.0,0.73,70.0,0.76,35.83,0.77,15.0,0.26,1.6,0.25,15.0,0.29,78.0,0.3,15.0,0.01,0.03,2338.541818,1776326241000
1776326243.412,143.412,0.74,15.0,0.73,65.0,0.75,5.0,0.76,35.83,0.25,5.0,0.24,35.83,0.27,65.0,0.28,27.0,0.01,0.02,2338.541818,1776326241000
1776326244.206,144.206,0.74,69.0,0.73,72.0,0.75,5.0,0.76,30.83,0.25,5.0,0.24,35.83,0.26,15.0,0.27,65.0,0.01,0.01,2338.633915,1776326242000
1776326244.638,144.638,0.75,112.2,0.74,74.26,0.76,19.51,0.77,10.0,0.25,5.0,0.24,30.83,0.26,69.0,0.27,72.0,0.01,0.01,2338.769525,1776326243000
1776326244.85,144.85,0.75,109.0,0.74,174.26,0.76,14.51,0.77,10.0,0.24,19.51,0.23,10.0,0.25,112.2,0.26,74.26,0.01,0.01,2338.769525,1776326243000
1776326245.758,145.758,0.75,98.0,0.74,174.26,0.76,8.14,0.77,10.0,0.24,8.14,0.23,10.0,0.25,98.0,0.26,174.26,0.01,0.01,2339.046085,1776326244000
1776326245.964,145.964,0.75,256.26,0.74,210.26,0.79,13.0,0.8,23.0,0.21,18.0,0.2,23.0,0.25,256.26,0.26,210.26,0.04,0.04,2339.046085,1776326244000
1776326246.582,146.582,0.77,10.0,0.76,18.26,0.79,2.87,0.8,23.0,0.21,2.87,0.2,23.0,0.23,10.0,0.24,18.26,0.02,0.02,2339.1729,1776326245000
1776326247.306,147.306,0.77,10.0,0.76,18.26,0.79,2.87,0.8,23.0,0.21,2.87,0.2,23.0,0.23,10.0,0.24,18.26,0.02,0.02,2339.26293,1776326246000
1776326248.041,148.041,0.77,10.0,0.76,18.26,0.79,2.87,0.8,23.0,0.21,2.87,0.2,23.0,0.23,10.0,0.24,18.26,0.02,0.02,2339.26957,1776326247000
1776326249.62,149.62,0.77,10.0,0.76,18.26,0.79,2.87,0.8,23.0,0.21,2.87,0.2,23.0,0.23,10.0,0.24,18.26,0.02,0.02,2339.397645,1776326248000
1776326250.156,150.156,0.75,50.0,0.74,117.0,0.76,26.36,0.77,24.0,0.21,2.87,0.2,23.0,0.23,10.0,0.24,18.26,0.01,0.02,2339.397645,1776326248000
1776326250.369,150.369,0.75,50.0,0.74,117.0,0.76,26.36,0.77,24.0,0.24,26.36,0.23,24.0,0.25,50.0,0.26,117.0,0.01,0.01,2339.317155,1776326249000
1776326250.962,150.962,0.75,120.65,0.74,124.26,0.76,15.6,0.77,10.0,0.24,20.36,0.23,24.0,0.25,15.0,0.26,117.0,0.01,0.01,2339.317155,1776326249000
1776326251.195,151.195,0.75,120.65,0.74,124.26,0.76,15.6,0.77,10.0,0.24,15.6,0.23,10.0,0.25,120.65,0.26,124.26,0.01,0.01,2339.376205,1776326250000
1776326251.497,151.497,0.75,109.65,0.74,148.58,0.76,10.6,0.77,5.0,0.24,15.6,0.23,10.0,0.25,120.65,0.26,124.26,0.01,0.01,2339.376205,1776326250000
1776326252.819,152.819,0.75,109.65,0.74,148.58,0.76,10.6,0.77,5.0,0.24,10.6,0.23,5.0,0.25,109.65,0.26,148.58,0.01,0.01,2339.246161,1776326251000
1776326253.564,153.564,0.75,109.65,0.74,148.58,0.76,10.6,0.77,5.0,0.24,10.6,0.23,5.0,0.25,109.65,0.26,148.58,0.01,0.01,2339.270355,1776326252000
1776326254.339,154.339,0.75,109.65,0.74,148.58,0.76,10.6,0.77,5.0,0.24,10.6,0.23,5.0,0.25,109.65,0.26,148.58,0.01,0.01,2339.298877,1776326253000
1776326255.122,155.122,0.75,90.0,0.74,169.01,0.76,13.52,0.77,5.0,0.24,13.52,0.23,5.0,0.25,90.0,0.26,169.01,0.01,0.01,2339.285485,1776326254000
1776326256.438,156.438,0.75,330.0,0.74,185.01,0.78,5.0,0.79,15.0,0.24,13.52,0.23,5.0,0.25,90.0,0.26,169.01,0.03,0.01,2339.285485,1776326254000
1776326257.131,157.131,0.77,65.0,0.76,117.0,0.79,15.0,0.8,28.0,0.21,15.0,0.2,28.0,0.23,65.0,0.24,117.0,0.02,0.02,2339.2652,1776326256000
1776326257.425,157.425,0.78,40.0,0.77,25.0,0.79,11.83,0.8,61.0,0.21,15.0,0.2,28.0,0.23,65.0,0.24,117.0,0.01,0.02,2339.2652,1776326256000
1776326258.025,158.025,0.79,15.0,0.78,48.14,0.8,23.0,0.81,70.33,0.21,11.83,0.2,61.0,0.22,40.0,0.23,25.0,0.01,0.01,2339.2652,1776326256000
1776326258.706,158.706,0.79,70.0,0.78,43.14,0.8,19.85,0.81,70.33,0.2,23.0,0.19,70.33,0.21,15.0,0.22,48.14,0.01,0.01,2339.393735,1776326257000
1776326259.021,159.021,0.79,70.0,0.78,43.14,0.8,11.45,0.81,70.33,0.2,11.45,0.19,70.33,0.21,70.0,0.22,43.14,0.01,0.01,2339.31751,1776326258000
1776326259.484,159.484,0.8,52.0,0.79,55.0,0.81,3.0,0.82,63.33,0.2,11.45,0.19,70.33,0.21,70.0,0.22,43.14,0.01,0.01,2339.31751,1776326258000
1776326259.754,159.754,0.8,187.0,0.79,155.0,0.82,63.14,0.83,68.0,0.19,3.0,0.18,63.33,0.2,52.0,0.21,55.0,0.02,0.01,2339.31751,1776326258000
1776326260.086,160.086,0.8,187.0,0.79,155.0,0.82,63.14,0.83,68.0,0.18,63.14,0.17,68.0,0.2,187.0,0.21,155.0,0.02,0.02,2339.33884,1776326259000
1776326260.889,160.889,0.82,167.0,0.81,157.0,0.84,6.0,0.85,41.33,0.18,58.03,0.17,38.0,0.2,197.0,0.21,160.0,0.02,0.02,2339.33884,1776326259000
1776326261.236,161.236,0.83,162.0,0.82,142.0,0.84,3.92,0.85,56.0,0.15,56.0,0.14,42.0,0.17,120.0,0.18,142.0,0.01,0.02,2339.34999,1776326260000
1776326261.439,161.439,0.85,24.7,0.83,172.0,0.86,42.0,0.87,75.0,0.15,46.71,0.14,42.0,0.17,172.0,0.18,147.0,0.01,0.02,2339.34999,1776326260000
1776326262.062,162.062,0.85,24.7,0.83,172.0,0.86,42.0,0.87,75.0,0.14,42.0,0.13,75.0,0.15,24.7,0.17,172.0,0.01,0.01,2339.428673,1776326261000
1776326262.47,162.47,0.85,94.7,0.84,115.0,0.86,50.67,0.87,46.0,0.14,42.0,0.13,75.0,0.15,24.7,0.17,172.0,0.01,0.01,2339.428673,1776326261000
1776326263.189,163.189,0.85,94.7,0.84,115.0,0.86,50.67,0.87,46.0,0.14,50.67,0.13,46.0,0.15,94.7,0.16,115.0,0.01,0.01,2339.688903,1776326262000
1776326263.634,163.634,0.85,64.7,0.84,115.0,0.86,26.67,0.87,46.0,0.14,54.5,0.13,46.0,0.15,59.7,0.16,115.0,0.01,0.01,2339.688903,1776326262000
1776326264.151,164.151,0.85,64.7,0.84,115.0,0.86,26.67,0.87,46.0,0.14,26.67,0.13,46.0,0.15,64.7,0.16,115.0,0.01,0.01,2339.81509,1776326263000
1776326265.167,165.167,0.85,64.7,0.84,115.0,0.86,26.67,0.87,46.0,0.14,26.67,0.13,46.0,0.15,64.7,0.16,115.0,0.01,0.01,2339.919361,1776326264000
1776326265.582,165.582,0.85,104.7,0.84,115.0,0.86,16.67,0.87,36.0,0.14,26.67,0.13,46.0,0.15,64.7,0.16,115.0,0.01,0.01,2339.919361,1776326264000
1776326265.803,165.803,0.85,199.7,0.84,115.0,0.86,4.0,0.87,36.0,0.14,16.67,0.13,36.0,0.15,104.7,0.16,115.0,0.01,0.01,2339.919361,1776326264000
1776326266.254,166.254,0.85,199.7,0.84,115.0,0.86,4.0,0.87,36.0,0.14,4.0,0.13,36.0,0.15,199.7,0.16,115.0,0.01,0.01,2339.84935,1776326265000
1776326267.186,167.186,0.86,80.0,0.85,184.7,0.87,43.67,0.88,79.0,0.13,36.0,0.12,79.0,0.14,75.0,0.15,184.7,0.01,0.01,2339.84935,1776326265000
1776326267.412,167.412,0.86,80.0,0.85,184.7,0.87,43.67,0.88,79.0,0.13,43.67,0.12,79.0,0.14,80.0,0.15,184.7,0.01,0.01,2339.86446,1776326266000
1776326267.77,167.77,0.86,175.0,0.85,215.28,0.87,23.67,0.88,39.0,0.13,43.67,0.12,79.0,0.14,80.0,0.15,184.7,0.01,0.01,2339.86446,1776326266000
1776326268.198,168.198,0.87,15.0,0.86,160.0,0.94,373.86,0.95,723.55,0.13,0.67,0.12,44.0,0.14,165.0,0.15,215.28,0.07,0.01,2339.965724,1776326267000
1776326268.415,168.415,0.86,137.35,0.85,215.28,0.88,97.0,0.89,7.67,0.06,373.86,0.05,723.55,0.13,15.0,0.14,160.0,0.02,0.07,2339.965724,1776326267000
1776326269.484,169.484,0.87,10.0,0.86,37.35,0.88,133.13,0.89,37.0,0.12,5.0,0.11,7.67,0.13,10.0,0.14,137.35,0.01,0.01,2339.965724,1776326267000
1776326270.033,170.033,0.87,15.0,0.86,137.35,0.88,173.09,0.89,37.0,0.12,133.13,0.11,37.0,0.13,10.0,0.14,37.35,0.01,0.01,2339.966515,1776326268000
1776326270.365,170.365,0.87,10.0,0.86,137.35,0.88,169.95,0.89,37.0,0.12,173.09,0.11,37.0,0.13,15.0,0.14,137.35,0.01,0.01,2339.972125,1776326269000
1776326270.692,170.692,0.87,15.0,0.86,137.35,0.88,161.81,0.89,37.0,0.12,166.81,0.11,37.0,0.13,10.0,0.14,137.35,0.01,0.01,2339.972125,1776326269000
1776326270.994,170.994,0.87,10.0,0.86,137.35,0.88,156.81,0.89,37.0,0.12,161.81,0.11,37.0,0.13,15.0,0.14,137.35,0.01,0.01,2339.972125,1776326269000
1776326271.382,171.382,0.87,30.0,0.86,115.0,0.88,176.8,0.89,32.99,0.12,156.81,0.11,37.0,0.13,10.0,0.14,137.35,0.01,0.01,2339.97933,1776326270000
1776326271.9,171.9,0.87,151.26,0.86,115.0,0.88,183.38,0.89,32.99,0.12,170.69,0.11,32.99,0.13,25.0,0.14,115.0,0.01,0.01,2339.97933,1776326270000
1776326272.221,172.221,0.87,148.26,0.86,115.0,0.88,159.38,0.89,32.99,0.12,159.38,0.11,32.99,0.13,148.26,0.14,115.0,0.01,0.01,2339.925245,1776326271000
1776326273.008,173.008,0.87,151.29,0.86,120.0,0.88,118.46,0.89,32.99,0.12,120.71,0.11,32.99,0.13,146.29,0.14,115.0,0.01,0.01,2339.925245,1776326271000
1776326273.319,173.319,0.87,151.29,0.86,120.0,0.88,118.46,0.89,32.99,0.12,118.46,0.11,32.99,0.13,151.29,0.14,120.0,0.01,0.01,2340.12682,1776326272000
1776326274.548,174.548,0.87,10.03,0.86,120.0,0.88,102.86,0.89,32.99,0.12,102.86,0.11,32.99,0.13,10.03,0.14,120.0,0.01,0.01,2340.07467,1776326273000
1776326275.047,175.047,0.87,10.03,0.86,120.0,0.88,102.86,0.89,32.99,0.12,102.86,0.11,32.99,0.13,10.03,0.14,120.0,0.01,0.01,2340.08217,1776326274000
1776326275.293,175.293,0.87,66.47,0.86,120.0,0.88,92.14,0.89,32.99,0.12,102.86,0.11,32.99,0.13,10.03,0.14,120.0,0.01,0.01,2340.08217,1776326274000
1776326276.1,176.1,0.87,66.47,0.86,120.0,0.88,92.14,0.89,32.99,0.12,92.14,0.11,32.99,0.13,66.47,0.14,120.0,0.01,0.01,2340.013503,1776326275000
1776326277.167,177.167,0.87,66.47,0.86,120.0,0.88,92.14,0.89,32.99,0.12,92.14,0.11,32.99,0.13,66.47,0.14,120.0,0.01,0.01,2340.015098,1776326276000
1776326278.33,178.33,0.87,66.47,0.86,120.0,0.88,92.14,0.89,32.99,0.12,92.14,0.11,32.99,0.13,66.47,0.14,120.0,0.01,0.01,2340.010131,1776326277000
1776326279.241,179.241,0.87,148.46,0.86,115.0,0.88,81.27,0.91,11.0,0.12,92.14,0.11,32.99,0.13,66.47,0.14,120.0,0.01,0.01,2340.010131,1776326277000
1776326279.482,179.482,0.87,178.34,0.86,115.0,0.93,99.61,0.94,139.0,0.07,99.61,0.06,139.0,0.13,178.34,0.14,115.0,0.06,0.06,2340.012211,1776326278000
1776326279.706,179.706,0.87,140.91,0.86,115.0,0.93,143.0,0.94,169.0,0.07,99.61,0.06,139.0,0.13,178.34,0.14,115.0,0.06,0.06,2340.012211,1776326278000
1776326279.957,179.957,0.87,150.91,0.86,115.0,0.88,80.33,0.9,50.0,0.07,143.0,0.06,169.0,0.13,140.91,0.14,115.0,0.01,0.06,2340.012211,1776326278000
1776326280.954,180.954,0.87,371.9,0.86,281.16,0.88,74.64,0.9,50.0,0.12,80.33,0.1,50.0,0.13,150.91,0.14,115.0,0.01,0.01,2340.010785,1776326279000
1776326282.156,182.156,0.87,371.9,0.86,281.16,0.88,74.64,0.9,50.0,0.12,74.64,0.1,50.0,0.13,371.9,0.14,281.16,0.01,0.01,2340.10634,1776326281000
1776326282.472,182.472,0.87,386.9,0.86,281.16,0.88,31.64,0.91,11.0,0.12,74.64,0.1,50.0,0.13,371.9,0.14,281.16,0.01,0.01,2340.10634,1776326281000
1776326283.392,183.392,0.87,386.9,0.86,281.16,0.88,31.64,0.91,11.0,0.12,31.64,0.09,11.0,0.13,386.9,0.14,281.16,0.01,0.01,2340.105185,1776326282000
1776326283.956,183.956,0.87,386.9,0.86,281.16,0.88,31.64,0.91,11.0,0.12,31.64,0.09,11.0,0.13,386.9,0.14,281.16,0.01,0.01,2340.016485,1776326283000
1776326284.294,184.294,0.91,25.0,0.9,20.0,0.92,37.47,0.93,11.0,0.12,31.64,0.09,11.0,0.13,386.9,0.14,281.16,0.01,0.01,2340.016485,1776326283000
1776326285.089,185.089,0.91,20.0,0.9,120.0,0.92,6.47,0.93,5.0,0.08,37.47,0.07,11.0,0.09,25.0,0.1,20.0,0.01,0.01,2340.016485,1776326283000
1776326285.56,185.56,0.91,20.0,0.9,120.0,0.92,6.47,0.93,5.0,0.08,6.47,0.07,5.0,0.09,20.0,0.1,120.0,0.01,0.01,2340.024535,1776326284000
1776326285.894,185.894,0.91,63.0,0.9,130.0,0.92,1.47,0.93,5.0,0.08,6.47,0.07,5.0,0.09,20.0,0.1,120.0,0.01,0.01,2340.024535,1776326284000
1776326286.719,186.719,0.91,63.0,0.9,120.0,0.93,1.47,0.94,11.0,0.08,1.47,0.07,5.0,0.09,63.0,0.1,130.0,0.02,0.01,2340.052187,1776326285000
1776326286.924,186.924,0.91,63.0,0.9,120.0,0.93,1.47,0.94,11.0,0.07,1.47,0.06,11.0,0.09,63.0,0.1,120.0,0.02,0.02,2340.23987,1776326286000
1776326287.531,187.531,0.92,196.43,0.91,183.0,0.93,11.47,0.94,11.0,0.07,1.47,0.06,11.0,0.09,63.0,0.1,120.0,0.01,0.02,2340.23987,1776326286000
1776326287.967,187.967,0.92,196.43,0.91,183.0,0.93,11.47,0.94,11.0,0.07,11.47,0.06,11.0,0.08,196.43,0.09,183.0,0.01,0.01,2340.27028,1776326287000
1776326288.29,188.29,0.92,157.44,0.91,183.0,0.94,5.0,0.95,49.75,0.06,5.0,0.05,49.75,0.07,74.94,0.08,181.0,0.02,0.01,2340.27028,1776326287000
1776326288.544,188.544,0.94,15.0,0.93,35.0,0.95,40.56,0.96,281.0,0.05,49.75,0.04,281.0,0.06,5.0,0.07,10.0,0.01,0.01,2340.27028,1776326287000
1776326288.841,188.841,0.93,34.14,0.92,72.44,0.95,40.56,0.96,144.0,0.05,40.56,0.04,144.0,0.07,34.14,0.08,72.44,0.02,0.02,2340.299135,1776326288000
1776326289.746,189.746,0.94,40.0,0.93,34.14,0.95,23.29,0.96,82.0,0.05,40.56,0.04,144.0,0.07,34.14,0.08,72.44,0.01,0.02,2340.299135,1776326288000
1776326289.96,189.96,0.94,76.0,0.93,39.14,0.95,6.69,0.96,55.0,0.05,7.75,0.04,82.0,0.06,40.0,0.07,39.14,0.01,0.01,2340.30989,1776326289000
1776326290.252,190.252,0.94,76.0,0.93,39.14,0.95,0.37,0.96,55.0,0.05,6.69,0.04,55.0,0.06,76.0,0.07,39.14,0.01,0.01,2340.30989,1776326289000
1776326290.549,190.549,0.95,25.0,0.94,71.0,0.96,19.36,0.97,520.0,0.04,33.36,0.03,520.0,0.06,86.0,0.07,39.14,0.01,0.02,2340.30989,1776326289000
1776326290.851,190.851,0.95,25.0,0.94,71.0,0.96,18.31,0.97,520.0,0.04,19.36,0.03,520.0,0.05,25.0,0.06,71.0,0.01,0.01,2340.30989,1776326289000
1776326291.251,191.251,0.95,25.0,0.94,71.0,0.96,18.31,0.97,520.0,0.04,18.31,0.03,520.0,0.05,25.0,0.06,71.0,0.01,0.01,2340.427024,1776326290000
1776326291.679,191.679,0.95,56.0,0.94,71.0,0.96,7.89,0.97,1220.0,0.04,18.31,0.03,520.0,0.05,25.0,0.06,71.0,0.01,0.01,2340.427024,1776326290000
1776326291.896,191.896,0.95,56.0,0.94,71.0,0.97,969.0,0.98,881.44,0.04,8.89,0.03,1420.0,0.05,61.0,0.06,71.0,0.02,0.01,2340.427024,1776326290000
1776326292.175,192.175,0.96,18.7,0.95,56.0,0.97,445.42,0.98,881.44,0.03,969.0,0.02,881.44,0.04,8.7,0.05,61.0,0.01,0.01,2340.427024,1776326290000
1776326292.875,192.875,0.96,7.22,0.95,56.0,0.97,426.13,0.98,881.44,0.03,431.13,0.02,881.44,0.04,7.39,0.05,56.0,0.01,0.01,2340.500905,1776326291000
1776326293.313,193.313,0.96,7.22,0.95,56.0,0.97,421.13,0.98,881.44,0.03,421.13,0.02,881.44,0.04,7.22,0.05,56.0,0.01,0.01,2340.53471,1776326292000
1776326293.552,193.552,0.96,7.22,0.95,65.0,0.97,332.13,0.98,587.74,0.03,410.13,0.02,871.44,0.04,7.22,0.05,68.0,0.01,0.01,2340.53471,1776326292000
1776326294.357,194.357,0.96,12.22,0.95,60.0,0.97,327.13,0.98,581.74,0.03,327.13,0.02,581.74,0.04,12.22,0.05,60.0,0.01,0.01,2340.534755,1776326293000
1776326294.635,194.635,0.95,47.38,0.94,45.0,0.97,291.13,0.98,581.74,0.03,298.13,0.02,581.74,0.05,42.38,0.06,45.0,0.02,0.02,2340.534755,1776326293000
1776326294.855,194.855,0.96,10.0,0.95,42.38,0.97,241.13,0.98,581.74,0.03,241.13,0.02,581.74,0.04,10.0,0.05,42.38,0.01,0.01,2340.534755,1776326294000
1776326295.476,195.476,0.96,74.0,0.95,42.38,0.97,186.13,0.98,581.74,0.03,241.13,0.02,581.74,0.04,10.0,0.05,42.38,0.01,0.01,2340.534755,1776326294000
1776326295.73,195.73,0.97,388.0,0.96,90.0,0.98,491.74,0.99,7766.63,0.02,581.74,0.01,7766.63,0.04,50.0,0.05,42.38,0.01,0.02,2340.534755,1776326294000
1776326295.94,195.94,0.97,395.75,0.96,90.0,0.98,463.16,0.99,7766.63,0.02,491.74,0.01,7766.63,0.03,385.75,0.04,90.0,0.01,0.01,2340.534755,1776326294000
1776326296.248,196.248,0.97,374.41,0.96,90.0,0.98,463.16,0.99,7760.63,0.02,463.16,0.01,7760.63,0.03,374.41,0.04,90.0,0.01,0.01,2340.8633,1776326295000
1776326296.753,196.753,0.97,374.41,0.96,90.0,0.98,758.16,0.99,7660.63,0.02,463.16,0.01,7760.63,0.03,374.41,0.04,90.0,0.01,0.01,2340.8633,1776326295000
1776326297.201,197.201,0.97,378.14,0.96,90.0,0.98,763.16,0.99,7660.63,0.02,763.16,0.01,7660.63,0.03,378.14,0.04,90.0,0.01,0.01,2340.84556,1776326296000
1776326298.074,198.074,0.97,378.14,0.96,90.0,0.98,758.16,0.99,7660.63,0.02,763.16,0.01,7660.63,0.03,378.14,0.04,90.0,0.01,0.01,2340.84556,1776326296000
1776326299.589,199.589,0.97,378.14,0.96,90.0,0.98,758.16,0.99,7660.63,0.02,758.16,0.01,7660.63,0.03,378.14,0.04,90.0,0.01,0.01,2341.03351,1776326298000
1776326299.849,199.849,0.97,300.71,0.96,90.0,0.98,1358.16,0.99,7660.63,0.02,758.16,0.01,7660.63,0.03,378.14,0.04,90.0,0.01,0.01,2341.03351,1776326298000
1776326300.124,200.124,0.97,300.71,0.96,90.0,0.98,1358.16,0.99,7660.63,0.02,1358.16,0.01,7660.63,0.03,300.71,0.04,90.0,0.01,0.01,2341.01443,1776326299000
1776326300.488,200.488,0.97,300.71,0.96,90.0,0.98,284.16,0.99,7660.63,0.02,1358.16,0.01,7660.63,0.03,300.71,0.04,90.0,0.01,0.01,2341.01443,1776326299000
1776326300.727,200.727,0.97,295.71,0.96,90.0,0.98,214.3,0.99,7660.63,0.02,233.16,0.01,7660.63,0.03,300.71,0.04,90.0,0.01,0.01,2341.01443,1776326299000
1776326301.586,201.586,0.97,295.71,0.96,90.0,0.98,141.3,0.99,7660.63,0.02,189.3,0.01,7660.63,0.03,300.71,0.04,90.0,0.01,0.01,2341.01443,1776326299000
1776326302.303,202.303,0.97,295.71,0.96,90.0,0.98,141.3,0.99,7660.63,0.02,141.3,0.01,7660.63,0.03,295.71,0.04,90.0,0.01,0.01,2341.1136,1776326301000
1776326302.59,202.59,0.97,366.02,0.96,85.0,0.98,179.1,0.99,7860.63,0.02,141.3,0.01,7660.63,0.03,295.71,0.04,90.0,0.01,0.01,2341.1136,1776326301000
1776326303.093,203.093,0.97,366.02,0.96,85.0,0.98,183.07,0.99,7860.63,0.02,183.07,0.01,7860.63,0.03,366.02,0.04,85.0,0.01,0.01,2341.33077,1776326302000
1776326303.853,203.853,0.97,366.02,0.96,85.0,0.98,227.04,0.99,7660.63,0.02,183.07,0.01,7860.63,0.03,366.02,0.04,85.0,0.01,0.01,2341.33077,1776326302000
1776326304.278,204.278,0.97,366.02,0.96,85.0,0.98,227.04,0.99,7660.63,0.02,227.04,0.01,7660.63,0.03,366.02,0.04,85.0,0.01,0.01,2341.245155,1776326303000
1776326305.477,205.477,0.97,371.02,0.96,85.0,0.98,325.0,0.99,7660.63,0.02,227.04,0.01,7660.63,0.03,366.02,0.04,85.0,0.01,0.01,2341.245155,1776326303000
1776326305.715,205.715,0.97,371.02,0.96,85.0,0.98,316.82,0.99,7660.63,0.02,325.0,0.01,7660.63,0.03,371.02,0.04,85.0,0.01,0.01,2341.245155,1776326303000
1776326306.412,206.412,0.97,371.02,0.96,85.0,0.98,316.82,0.99,7660.63,0.02,316.82,0.01,7660.63,0.03,371.02,0.04,85.0,0.01,0.01,2341.124311,1776326305000
1776326307.149,207.149,0.97,371.02,0.96,85.0,0.98,316.82,0.99,7660.63,0.02,316.82,0.01,7660.63,0.03,371.02,0.04,85.0,0.01,0.01,2341.131983,1776326306000
1776326307.56,207.56,0.97,359.6,0.96,90.0,0.98,111.82,0.99,7660.63,0.02,316.82,0.01,7660.63,0.03,371.02,0.04,85.0,0.01,0.01,2341.131983,1776326306000
1776326308.653,208.653,0.97,359.6,0.96,90.0,0.98,111.82,0.99,7660.63,0.02,111.82,0.01,7660.63,0.03,359.6,0.04,90.0,0.01,0.01,2341.14452,1776326307000
1776326309.633,209.633,0.97,359.6,0.96,90.0,0.98,111.82,0.99,7660.63,0.02,111.82,0.01,7660.63,0.03,359.6,0.04,90.0,0.01,0.01,2341.144415,1776326308000
1776326310.188,210.188,0.97,359.6,0.96,90.0,0.98,111.82,0.99,7660.63,0.02,111.82,0.01,7660.63,0.03,359.6,0.04,90.0,0.01,0.01,2341.20874,1776326309000
1776326310.394,210.394,0.97,302.93,0.96,120.0,0.98,42.0,0.99,7478.63,0.02,111.82,0.01,7660.63,0.03,359.6,0.04,90.0,0.01,0.01,2341.20874,1776326309000
1776326310.625,210.625,0.97,312.93,0.96,120.0,0.98,37.0,0.99,7678.63,0.02,42.0,0.01,7478.63,0.03,302.93,0.04,120.0,0.01,0.01,2341.20874,1776326309000
1776326311.409,211.409,0.97,306.82,0.96,120.0,0.99,8043.08,,,0.02,37.0,0.01,7678.63,0.03,306.82,0.04,120.0,0.02,0.01,2341.20874,1776326309000
1776326311.64,211.64,0.97,306.82,0.96,120.0,0.99,8043.08,,,0.01,8043.08,,,0.03,306.82,0.04,120.0,0.02,0.02,2341.23993,1776326310000
1776326312.278,212.278,0.97,306.82,0.96,120.0,0.99,8043.08,,,0.01,8043.08,,,0.03,306.82,0.04,120.0,0.02,0.02,2341.195015,1776326311000
1776326313.212,213.212,0.98,137.0,0.97,296.82,0.99,8348.08,,,0.01,8043.08,,,0.03,306.82,0.04,120.0,0.01,0.02,2341.195015,1776326311000
1776326313.653,213.653,0.98,137.0,0.97,296.82,0.99,8348.08,,,0.01,8348.08,,,0.02,137.0,0.03,296.82,0.01,0.01,2341.193615,1776326312000
1776326314.295,214.295,0.98,137.0,0.97,296.82,0.99,8348.08,,,0.01,8348.08,,,0.02,137.0,0.03,296.82,0.01,0.01,2341.19708,1776326313000
1776326314.947,214.947,0.98,137.0,0.97,296.82,0.99,8348.08,,,0.01,8348.08,,,0.02,137.0,0.03,296.82,0.01,0.01,2341.209575,1776326314000
1776326316.098,216.098,0.98,137.0,0.97,296.82,0.99,8348.08,,,0.01,8348.08,,,0.02,137.0,0.03,296.82,0.01,0.01,2341.202,1776326315000
1776326316.552,216.552,0.98,113.75,0.97,236.82,0.99,8210.08,,,0.01,8348.08,,,0.02,137.0,0.03,296.82,0.01,0.01,2341.202,1776326315000
1776326317.256,217.256,0.98,113.75,0.97,236.82,0.99,8210.08,,,0.01,8210.08,,,0.02,113.75,0.03,236.82,0.01,0.01,2341.199255,1776326316000
1776326317.776,217.776,0.98,113.75,0.97,236.82,0.99,2836.48,,,0.01,8210.08,,,0.02,113.75,0.03,236.82,0.01,0.01,2341.199255,1776326316000
1776326318.586,218.586,0.98,141.75,0.97,246.82,0.99,2807.28,,,0.01,2812.28,,,0.02,141.75,0.03,236.82,0.01,0.01,2341.199255,1776326316000
1776326319.254,219.254,0.98,141.75,0.97,246.82,0.99,2807.28,,,0.01,2807.28,,,0.02,141.75,0.03,246.82,0.01,0.01,2341.258942,1776326317000
1776326319.736,219.736,0.98,112.75,0.97,276.82,0.99,1656.28,,,0.01,2556.28,,,0.02,136.75,0.03,276.82,0.01,0.01,2341.258942,1776326317000
1776326319.953,219.953,0.98,112.75,0.97,276.82,0.99,1644.22,,,0.01,1649.28,,,0.02,112.75,0.03,276.82,0.01,0.01,2341.33291,1776326318000
1776326320.232,220.232,0.98,112.75,0.97,276.82,0.99,1561.22,,,0.01,1644.22,,,0.02,112.75,0.03,276.82,0.01,0.01,2341.33291,1776326318000
1776326320.896,220.896,0.98,112.75,0.97,276.82,0.99,1561.22,,,0.01,1561.22,,,0.02,112.75,0.03,276.82,0.01,0.01,2341.35483,1776326319000
1776326321.372,221.372,0.98,112.75,0.97,276.82,0.99,1486.22,,,0.01,1556.22,,,0.02,112.75,0.03,276.82,0.01,0.01,2341.35483,1776326319000
1776326321.597,221.597,0.98,112.75,0.97,276.82,0.99,1486.22,,,0.01,1486.22,,,0.02,112.75,0.03,276.82,0.01,0.01,2341.395,1776326320000
1776326321.919,221.919,0.98,112.75,0.97,276.82,0.99,1425.22,,,0.01,1486.22,,,0.02,112.75,0.03,276.82,0.01,0.01,2341.395,1776326320000
1776326322.318,222.318,0.98,112.75,0.97,276.82,0.99,1420.22,,,0.01,1420.22,,,0.02,112.75,0.03,276.82,0.01,0.01,2341.403775,1776326321000
1776326322.665,222.665,0.98,89.75,0.97,266.82,0.99,1633.01,,,0.01,1333.01,,,0.02,94.75,0.03,266.82,0.01,0.01,2341.403775,1776326321000
1776326323.293,223.293,0.98,89.75,0.97,266.82,0.99,1369.81,,,0.01,1633.01,,,0.02,89.75,0.03,266.82,0.01,0.01,2341.403775,1776326321000
1776326323.796,223.796,0.98,89.75,0.97,266.82,0.99,1369.81,,,0.01,1369.81,,,0.02,89.75,0.03,266.82,0.01,0.01,2341.404501,1776326322000
1776326324.376,224.376,0.98,89.75,0.97,266.82,0.99,1369.81,,,0.01,1369.81,,,0.02,89.75,0.03,266.82,0.01,0.01,2341.494969,1776326323000
1776326324.867,224.867,0.98,89.75,0.97,256.51,0.99,1780.3,,,0.01,1435.81,,,0.02,89.75,0.03,266.82,0.01,0.01,2341.494969,1776326323000
1776326325.143,225.143,0.98,89.75,0.97,256.51,0.99,1314.59,,,0.01,1314.59,,,0.02,89.75,0.03,256.51,0.01,0.01,2341.474962,1776326324000
1776326325.692,225.692,0.98,89.75,0.97,256.51,0.99,1237.24,,,0.01,1242.24,,,0.02,89.75,0.03,256.51,0.01,0.01,2341.474962,1776326324000
1776326326.142,226.142,0.99,3477.83,0.98,89.75,,,,,,,,,0.01,3328.98,0.02,89.75,,,2341.474962,1776326324000
1776326326.459,226.459,0.99,952.83,0.98,89.75,,,,,,,,,0.01,952.83,0.02,89.75,,,2341.38004,1776326325000
1776326327.006,227.006,0.99,953.37,0.98,89.75,,,,,,,,,0.01,955.37,0.02,89.75,,,2341.38004,1776326325000
1776326328.549,228.549,0.99,953.37,0.98,89.75,,,,,,,,,0.01,953.37,0.02,89.75,,,2341.25627,1776326327000
1776326329.271,229.271,0.99,953.37,0.98,89.75,,,,,,,,,0.01,953.37,0.02,89.75,,,2341.324124,1776326328000
1776326330.558,230.558,0.99,953.37,0.98,89.75,,,,,,,,,0.01,953.37,0.02,89.75,,,2341.223735,1776326329000
1776326331.278,231.278,0.99,957.03,0.98,114.75,,,,,,,,,0.01,953.37,0.02,89.75,,,2341.223735,1776326329000
1776326332.488,232.488,0.99,957.03,0.98,114.75,,,,,,,,,0.01,957.03,0.02,114.75,,,2341.24326,1776326331000
1776326333.435,233.435,0.99,846.3,0.98,119.75,,,,,,,,,0.01,846.3,0.02,119.75,,,2341.24327,1776326332000
1776326334.332,234.332,0.99,846.3,0.98,119.75,,,,,,,,,0.01,846.3,0.02,119.75,,,2341.34502,1776326333000
1776326335.226,235.226,0.99,846.3,0.98,119.75,,,,,,,,,0.01,846.3,0.02,119.75,,,2341.32675,1776326334000
1776326336.229,236.229,0.99,846.3,0.98,119.75,,,,,,,,,0.01,846.3,0.02,119.75,,,2341.342,1776326335000
1776326337.193,237.193,0.99,846.3,0.98,119.75,,,,,,,,,0.01,846.3,0.02,119.75,,,2341.58412,1776326336000
1776326338.132,238.132,0.99,846.3,0.98,119.75,,,,,,,,,0.01,846.3,0.02,119.75,,,2341.663465,1776326337000
1776326339.109,239.109,0.99,846.3,0.98,119.75,,,,,,,,,0.01,846.3,0.02,119.75,,,2341.545805,1776326338000
1776326340.065,240.065,0.99,846.3,0.98,119.75,,,,,,,,,0.01,846.3,0.02,119.75,,,2341.48778,1776326339000
1776326341.077,241.077,0.99,846.3,0.98,119.75,,,,,,,,,0.01,846.3,0.02,119.75,,,2341.455825,1776326340000
1776326342.211,242.211,0.99,846.3,0.98,119.75,,,,,,,,,0.01,846.3,0.02,119.75,,,2341.375191,1776326341000
1776326343.091,243.091,0.99,846.3,0.98,119.75,,,,,,,,,0.01,846.3,0.02,119.75,,,2341.376221,1776326342000
1776326344.3,244.3,0.99,846.3,0.98,119.75,,,,,,,,,0.01,846.3,0.02,119.75,,,2341.44411,1776326343000
1776326345.188,245.188,0.99,396.35,0.98,594.45,,,,,,,,,0.01,396.35,0.02,594.45,,,2341.471135,1776326344000
1776326346.26,246.26,0.99,396.35,0.98,594.45,,,,,,,,,0.01,396.35,0.02,594.45,,,2341.55032,1776326345000
1776326347.514,247.514,0.99,396.35,0.98,594.45,,,,,,,,,0.01,396.35,0.02,594.45,,,2341.575365,1776326346000
1776326348.128,248.128,0.99,396.35,0.98,594.45,,,,,,,,,0.01,396.35,0.02,594.45,,,2341.59037,1776326347000
1776326349.271,249.271,0.99,396.35,0.98,594.45,,,,,,,,,0.01,396.35,0.02,594.45,,,2341.705655,1776326348000
1776326350.323,250.323,0.99,396.35,0.98,594.45,,,,,,,,,0.01,396.35,0.02,594.45,,,2341.78,1776326349000
1776326350.901,250.901,0.99,396.35,0.98,594.45,,,,,,,,,0.01,396.35,0.02,594.45,,,2341.767465,1776326350000
1776326352.186,252.186,0.99,396.35,0.98,594.45,,,,,,,,,0.01,396.35,0.02,594.45,,,2341.738875,1776326351000
1776326353.169,253.169,0.998,65.0,0.99,914.39,0.999,244.97,,,,,,,0.01,396.35,0.02,594.45,0.001,,2341.738875,1776326351000
1776326353.494,253.494,0.998,65.0,0.99,981.39,0.999,234.97,,,0.001,244.97,,,0.002,65.0,0.01,914.39,0.001,0.001,2341.71439,1776326352000
1776326353.865,253.865,0.998,65.0,0.99,986.39,0.999,189.94,,,0.001,189.94,,,0.002,65.0,0.01,986.39,0.001,0.001,2341.71995,1776326353000
1776326354.267,254.267,0.99,984.39,0.98,643.7,0.999,584.94,,,0.001,189.94,,,0.002,65.0,0.01,986.39,0.009,0.001,2341.71995,1776326353000
1776326355.234,255.234,0.99,984.39,0.98,643.7,0.999,549.94,,,0.001,549.94,,,0.01,984.39,0.02,643.7,0.009,0.009,2341.63313,1776326354000
1776326355.869,255.869,0.99,984.39,0.98,643.7,0.999,549.94,,,0.001,549.94,,,0.01,984.39,0.02,643.7,0.009,0.009,2341.692222,1776326355000
1776326357.094,257.094,0.99,984.39,0.98,643.7,0.999,549.94,,,0.001,549.94,,,0.01,984.39,0.02,643.7,0.009,0.009,2341.67715,1776326356000
1776326357.981,257.981,0.99,1062.39,0.98,543.7,0.998,174.92,0.999,584.94,0.001,549.94,,,0.01,984.39,0.02,643.7,0.008,0.009,2341.67715,1776326356000
1776326358.219,258.219,0.99,1062.39,0.98,543.7,0.998,154.92,0.999,584.94,0.002,154.92,0.001,584.94,0.01,1062.39,0.02,543.7,0.008,0.008,2341.82235,1776326357000
1776326359.417,259.417,0.99,1062.39,0.98,543.7,0.998,154.92,0.999,584.94,0.002,154.92,0.001,584.94,0.01,1062.39,0.02,543.7,0.008,0.008,2341.84465,1776326358000
1776326359.949,259.949,0.997,5.0,0.99,1067.39,0.998,149.4,0.999,684.94,0.002,154.92,0.001,584.94,0.01,1062.39,0.02,543.7,0.001,0.008,2341.84465,1776326358000
1776326360.562,260.562,0.997,5.0,0.99,1072.39,0.998,120.33,0.999,934.94,0.002,149.4,0.001,684.94,0.003,5.0,0.01,1067.39,0.001,0.001,2341.894565,1776326359000
1776326361.102,261.102,0.997,5.0,0.99,1067.39,0.999,915.98,,,0.002,120.33,0.001,934.94,0.003,5.0,0.01,1072.39,0.002,0.001,2341.894565,1776326359000
1776326362.839,262.839,0.997,5.0,0.99,1067.39,0.999,915.98,,,0.001,915.98,,,0.003,5.0,0.01,1067.39,0.002,0.002,2341.90516,1776326361000
1776326363.438,263.438,0.997,5.0,0.99,1067.39,0.999,915.98,,,0.001,915.98,,,0.003,5.0,0.01,1067.39,0.002,0.002,2341.777201,1776326362000
1776326363.946,263.946,0.997,5.0,0.99,1067.39,0.999,915.98,,,0.001,915.98,,,0.003,5.0,0.01,1067.39,0.002,0.002,2341.774593,1776326363000
1776326365.01,265.01,0.997,5.0,0.99,1067.39,0.999,915.98,,,0.001,915.98,,,0.003,5.0,0.01,1067.39,0.002,0.002,2341.6998,1776326364000
1776326366.049,266.049,0.997,5.0,0.99,1067.39,0.999,915.98,,,0.001,915.98,,,0.003,5.0,0.01,1067.39,0.002,0.002,2341.84392,1776326365000
1776326366.556,266.556,0.99,1022.39,0.98,543.7,0.999,4420.0,,,0.001,915.98,,,0.003,5.0,0.01,1067.39,0.009,0.002,2341.84392,1776326365000
1776326367.053,267.053,0.99,977.39,0.98,543.7,0.999,4420.0,,,0.001,4420.0,,,0.01,1022.39,0.02,543.7,0.009,0.009,2341.84392,1776326365000
1776326367.916,267.916,0.991,400.0,0.99,2419.39,0.999,4384.96,,,0.001,4420.0,,,0.01,977.39,0.02,543.7,0.008,0.009,2341.602541,1776326366000
1776326368.219,268.219,0.991,350.0,0.99,2419.39,0.999,4384.96,,,0.001,4384.96,,,0.009,350.0,0.01,2419.39,0.008,0.008,2341.67776,1776326367000
1776326369.229,269.229,0.991,350.0,0.99,2419.39,0.999,4384.96,,,0.001,4384.96,,,0.009,350.0,0.01,2419.39,0.008,0.008,2342.202767,1776326368000
1776326370.25,270.25,0.991,350.0,0.99,2419.39,0.999,4384.96,,,0.001,4384.96,,,0.009,350.0,0.01,2419.39,0.008,0.008,2342.302803,1776326369000
1776326371.206,271.206,0.991,350.0,0.99,2419.39,0.999,4384.96,,,0.001,4384.96,,,0.009,350.0,0.01,2419.39,0.008,0.008,2342.242561,1776326370000
1776326372.279,272.279,0.991,350.0,0.99,2419.39,0.999,4384.96,,,0.001,4384.96,,,0.009,350.0,0.01,2419.39,0.008,0.008,2342.497675,1776326371000
1776326372.889,272.889,0.992,199.98,0.991,350.0,0.999,4381.95,,,0.001,4384.96,,,0.009,350.0,0.01,2419.39,0.007,0.008,2342.497675,1776326371000
1776326373.38,273.38,0.992,199.98,0.991,350.0,0.999,4381.95,,,0.001,4381.95,,,0.008,199.98,0.009,350.0,0.007,0.007,2342.48117,1776326372000
1776326373.861,273.861,0.992,199.98,0.991,350.0,0.999,4381.95,,,0.001,4381.95,,,0.008,199.98,0.009,350.0,0.007,0.007,2342.3277,1776326373000
1776326374.912,274.912,0.992,199.98,0.991,350.0,0.999,4381.95,,,0.001,4381.95,,,0.008,199.98,0.009,350.0,0.007,0.007,2342.422005,1776326374000
1776326375.372,275.372,0.992,199.98,0.991,350.0,0.999,587.89,,,0.001,4381.95,,,0.008,199.98,0.009,350.0,0.007,0.007,2342.422005,1776326374000
1776326375.743,275.743,0.992,199.98,0.991,350.0,0.999,586.88,,,0.001,587.89,,,0.008,199.98,0.009,350.0,0.007,0.007,2342.422005,1776326374000
1776326377.798,277.798,0.992,199.98,0.991,350.0,0.999,586.88,,,0.001,586.88,,,0.008,199.98,0.009,350.0,0.007,0.007,2342.37604,1776326376000
1776326378.273,278.273,0.992,199.98,0.991,350.0,0.999,547.84,,,0.001,586.88,,,0.008,199.98,0.009,350.0,0.007,0.007,2342.37604,1776326376000
1776326378.726,278.726,0.992,199.98,0.991,350.0,0.999,519.86,,,0.001,547.84,,,0.008,199.98,0.009,350.0,0.007,0.007,2342.219786,1776326377000
1776326380.157,280.157,0.992,82.79,0.991,350.0,0.999,513.87,,,0.001,513.87,,,0.008,82.79,0.009,350.0,0.007,0.007,2342.286793,1776326379000
1776326381.207,281.207,0.992,199.98,0.991,350.0,0.999,507.88,,,0.001,513.87,,,0.008,82.79,0.009,350.0,0.007,0.007,2342.286793,1776326379000
1776326382.275,282.275,0.992,82.79,0.991,350.0,0.999,464.83,,,0.001,499.87,,,0.008,82.79,0.009,350.0,0.007,0.007,2342.292299,1776326380000
1776326382.519,282.519,0.992,82.79,0.991,350.0,0.999,464.83,,,0.001,464.83,,,0.008,82.79,0.009,350.0,0.007,0.007,2342.224606,1776326381000
1776326382.799,282.799,0.999,3543.18,0.992,82.79,,,,,0.001,464.83,,,0.008,82.79,0.009,350.0,,0.007,2342.224606,1776326381000
1776326383.042,283.042,0.999,3543.18,0.992,82.79,,,,,,,,,0.001,3543.18,0.008,82.79,,,2342.174235,1776326382000
1776326384.262,284.262,0.999,3543.18,0.992,82.79,,,,,,,,,0.001,3543.18,0.008,82.79,,,2342.106412,1776326383000
1776326385.373,285.373,0.999,3543.18,0.992,82.79,,,,,,,,,0.001,3543.18,0.008,82.79,,,2342.09139,1776326384000
1776326386.002,286.002,0.999,7636.27,0.992,82.79,,,,,,,,,0.001,7636.27,0.008,82.79,,,2342.143692,1776326385000
1776326387.07,287.07,0.999,7636.27,0.992,82.79,,,,,,,,,0.001,7636.27,0.008,82.79,,,2342.107766,1776326386000
1776326388.189,288.189,0.999,7636.27,0.992,82.79,,,,,,,,,0.001,7636.27,0.008,82.79,,,2342.045151,1776326387000
1776326389.244,289.244,0.999,7636.27,0.992,82.79,,,,,,,,,0.001,7636.27,0.008,82.79,,,2342.0238,1776326388000
1776326398.129,298.129,0.999,9381.66,0.991,350.0,,,,,,,,,0.001,7636.27,0.008,82.79,,,2341.829376,1776326396000

# RESULT,winner=Up,slug=eth-updown-5m-1776326100,ticks=502
