timestamp,elapsed_sec,up_bid_p1,up_bid_s1,up_bid_p2,up_bid_s2,up_ask_p1,up_ask_s1,up_ask_p2,up_ask_s2,down_bid_p1,down_bid_s1,down_bid_p2,down_bid_s2,down_ask_p1,down_ask_s1,down_ask_p2,down_ask_s2,up_spread,down_spread,eth_price,eth_oracle_ts
1776316500.647,0.647,0.52,66.46,0.51,11.86,0.54,5.0,0.55,8.88,0.46,5.0,0.45,8.88,0.48,71.46,0.49,11.86,0.02,0.02,2353.022665,1776316499000
1776316501.207,1.207,0.48,15.0,0.41,70.0,0.54,5.0,0.55,8.88,0.46,5.0,0.45,8.88,0.52,20.0,0.6,38.0,0.06,0.06,2353.022665,1776316499000
1776316502.039,2.039,0.48,13.07,0.41,70.0,0.5,5.0,0.51,70.0,0.46,75.0,0.45,8.88,0.52,15.0,0.59,70.0,0.02,0.06,2353.023825,1776316500000
1776316503.304,3.304,0.48,10.01,0.45,5.0,0.49,5.0,0.5,5.0,0.5,5.0,0.49,70.0,0.52,13.07,0.59,70.0,0.01,0.02,2352.902909,1776316501000
1776316504.51,4.51,0.48,10.01,0.44,5.0,0.49,16.87,0.5,15.0,0.51,5.0,0.5,5.0,0.52,10.01,0.55,5.0,0.01,0.01,2352.713015,1776316502000
1776316504.774,4.774,0.44,5.0,0.43,10.0,0.46,6.16,0.47,10.0,0.51,16.87,0.5,155.0,0.56,5.0,0.57,5.0,0.02,0.05,2352.823209,1776316503000
1776316505.195,5.195,0.44,18.0,0.43,10.0,0.47,80.0,0.48,80.0,0.54,1.08,0.53,10.0,0.56,5.0,0.57,10.0,0.03,0.02,2352.823209,1776316503000
1776316505.437,5.437,0.44,18.0,0.43,10.0,0.45,5.82,0.46,10.0,0.53,80.0,0.52,80.0,0.56,18.0,0.57,10.0,0.01,0.03,2352.8052,1776316504000
1776316505.76,5.76,0.44,18.0,0.43,15.0,0.45,0.82,0.46,10.0,0.55,5.82,0.54,10.0,0.56,18.0,0.57,10.0,0.01,0.01,2352.8052,1776316504000
1776316507.064,7.064,0.44,36.0,0.43,23.0,0.45,8.48,0.46,80.82,0.54,5.82,0.53,15.0,0.56,28.0,0.57,23.0,0.01,0.02,2352.78529,1776316505000
1776316510.536,10.536,0.45,9.4,0.44,13.0,0.46,38.82,0.47,93.0,0.55,8.48,0.54,80.82,0.56,36.0,0.57,23.0,0.01,0.01,2352.739782,1776316508000
1776316510.82,10.82,0.43,3.02,0.41,80.0,0.44,20.0,0.45,38.0,0.54,38.82,0.53,93.0,0.55,3.98,0.56,18.0,0.01,0.01,2352.739782,1776316508000
1776316511.437,11.437,0.42,36.94,0.41,98.0,0.43,20.0,0.44,22.72,0.56,22.72,0.55,33.0,0.58,13.0,0.59,93.0,0.01,0.02,2352.64483,1776316509000
1776316512.781,12.781,0.42,36.94,0.41,98.0,0.43,13.37,0.44,22.72,0.57,20.0,0.56,22.72,0.58,36.94,0.59,98.0,0.01,0.01,2352.6489,1776316511000
1776316515.874,15.874,0.42,29.21,0.41,98.0,0.43,13.37,0.44,23.72,0.57,13.37,0.56,22.72,0.58,36.94,0.59,98.0,0.01,0.01,2352.542168,1776316514000
1776316516.217,16.217,0.42,14.21,0.41,103.0,0.43,13.37,0.44,23.72,0.57,8.37,0.56,23.72,0.58,19.21,0.59,98.0,0.01,0.01,2352.542168,1776316514000
1776316516.456,16.456,0.42,9.21,0.41,103.0,0.43,8.37,0.44,23.72,0.57,13.37,0.56,23.72,0.58,14.21,0.59,103.0,0.01,0.01,2352.542168,1776316515000
1776316517.477,17.477,0.41,121.0,0.4,98.0,0.42,4.0,0.43,8.37,0.57,8.37,0.56,23.72,0.58,9.21,0.59,103.0,0.01,0.01,2352.646946,1776316516000
1776316518.669,18.669,0.41,126.0,0.4,103.0,0.43,8.37,0.44,28.72,0.58,4.0,0.57,8.37,0.59,121.0,0.6,98.0,0.02,0.01,2352.646946,1776316516000
1776316518.929,18.929,0.42,25.0,0.41,103.0,0.43,8.37,0.44,28.72,0.57,8.37,0.56,28.72,0.59,126.0,0.6,103.0,0.01,0.02,2352.679255,1776316517000
1776316519.549,19.549,0.42,27.0,0.41,103.0,0.43,13.37,0.44,28.72,0.57,8.37,0.56,28.72,0.58,25.0,0.59,103.0,0.01,0.01,2352.669767,1776316518000
1776316521.745,21.745,0.41,84.91,0.4,98.0,0.42,10.0,0.43,13.37,0.57,13.37,0.56,28.72,0.58,27.0,0.59,103.0,0.01,0.01,2352.556217,1776316519000
1776316522.242,22.242,0.43,15.0,0.42,20.0,0.44,5.93,0.45,5.0,0.58,10.0,0.57,13.37,0.59,84.91,0.6,98.0,0.01,0.01,2352.694117,1776316520000
1776316524.403,24.403,0.39,58.0,0.38,99.0,0.4,30.0,0.41,20.0,0.56,5.93,0.55,5.0,0.57,15.0,0.58,20.0,0.01,0.01,2352.569739,1776316523000
1776316525.621,25.621,0.39,54.76,0.38,99.0,0.4,26.0,0.41,20.0,0.6,51.0,0.59,25.0,0.61,49.76,0.62,99.0,0.01,0.01,2352.614935,1776316524000
1776316532.34,32.34,0.39,55.7,0.38,99.0,0.4,61.0,0.41,20.0,0.6,18.5,0.59,20.0,0.61,64.76,0.62,99.0,0.01,0.01,2352.560767,1776316531000
1776316534.977,34.977,0.39,46.7,0.38,99.0,0.4,65.72,0.41,15.0,0.6,61.0,0.59,20.0,0.61,55.7,0.62,99.0,0.01,0.01,2352.480444,1776316534000
1776316535.788,35.788,0.39,41.7,0.38,99.0,0.4,60.72,0.41,15.0,0.6,60.72,0.59,15.0,0.61,46.7,0.62,99.0,0.01,0.01,2352.480444,1776316534000
1776316536.067,36.067,0.39,35.7,0.38,99.0,0.4,60.72,0.41,15.0,0.6,60.72,0.59,15.0,0.61,41.7,0.62,99.0,0.01,0.01,2352.480444,1776316534000
1776316536.903,36.903,0.38,97.7,0.37,104.0,0.4,55.72,0.41,15.0,0.6,60.72,0.59,15.0,0.61,35.7,0.62,99.0,0.02,0.01,2352.438449,1776316536000
1776316539.558,39.558,0.36,5.65,0.34,10.0,0.37,108.0,0.38,140.0,0.6,55.72,0.59,15.0,0.62,97.7,0.63,104.0,0.01,0.02,2352.552333,1776316538000
1776316539.945,39.945,0.33,5.0,0.32,5.0,0.37,137.0,0.38,200.0,0.63,113.0,0.62,140.0,0.64,0.65,0.66,10.0,0.04,0.01,2352.552333,1776316538000
1776316540.392,40.392,0.31,4.92,0.3,5.0,0.33,66.27,0.34,102.0,0.67,14.27,0.66,90.0,0.68,5.0,0.69,5.0,0.02,0.01,2352.520893,1776316539000
1776316540.667,40.667,0.3,16.19,0.29,26.0,0.31,10.0,0.32,30.0,0.68,60.0,0.67,19.27,0.7,17.77,0.71,26.0,0.01,0.02,2352.520893,1776316539000
1776316541.504,41.504,0.31,100.55,0.3,38.19,0.32,10.0,0.33,10.0,0.69,10.0,0.68,30.0,0.7,16.19,0.71,26.0,0.01,0.01,2352.407117,1776316540000
1776316541.829,41.829,0.31,105.55,0.3,38.19,0.32,4.84,0.33,10.0,0.68,10.0,0.67,10.0,0.69,100.55,0.7,38.19,0.01,0.01,2352.407117,1776316540000
1776316542.563,42.563,0.32,17.0,0.31,100.55,0.33,18.86,0.34,27.0,0.68,4.84,0.67,10.0,0.69,105.55,0.7,38.19,0.01,0.01,2352.095105,1776316541000
1776316543.666,43.666,0.32,54.0,0.31,111.55,0.33,13.7,0.34,27.0,0.67,18.86,0.66,27.0,0.68,17.0,0.69,100.55,0.01,0.01,2352.210494,1776316542000
1776316544.962,44.962,0.32,48.0,0.31,106.55,0.33,8.7,0.34,27.0,0.67,13.7,0.66,27.0,0.68,54.0,0.69,111.55,0.01,0.01,2352.193104,1776316543000
1776316546.513,46.513,0.32,30.64,0.31,31.55,0.33,18.7,0.34,27.0,0.67,8.7,0.66,27.0,0.68,48.0,0.69,106.55,0.01,0.01,2352.240065,1776316545000
1776316549.268,49.268,0.32,40.64,0.31,31.55,0.35,1.06,0.36,65.0,0.67,18.7,0.66,27.0,0.68,30.64,0.69,31.55,0.03,0.01,2352.217635,1776316547000
1776316551.085,51.085,0.34,98.0,0.33,166.99,0.38,5.0,0.39,21.0,0.65,1.06,0.64,65.0,0.68,40.64,0.69,31.55,0.04,0.03,2352.109335,1776316550000
1776316553.692,53.692,0.39,21.0,0.38,29.0,0.42,6.0,0.43,85.0,0.61,18.33,0.6,20.0,0.66,98.0,0.67,166.99,0.03,0.05,2352.290104,1776316552000
1776316554.053,54.053,0.41,26.0,0.4,21.0,0.42,3.0,0.43,15.0,0.58,6.0,0.57,85.0,0.61,21.0,0.62,29.0,0.01,0.03,2352.290104,1776316552000
1776316555.668,55.668,0.44,28.0,0.43,16.0,0.46,20.0,0.47,32.0,0.58,3.0,0.57,15.0,0.59,26.0,0.6,21.0,0.02,0.01,2352.354777,1776316554000
1776316556.098,56.098,0.44,28.0,0.43,21.0,0.46,20.0,0.47,32.0,0.54,20.0,0.53,32.0,0.56,28.0,0.57,16.0,0.02,0.02,2352.406505,1776316555000
1776316556.989,56.989,0.44,18.75,0.43,21.0,0.45,22.73,0.46,20.0,0.54,20.0,0.53,32.0,0.56,28.0,0.57,21.0,0.01,0.02,2352.50668,1776316556000
1776316557.432,57.432,0.44,20.3,0.43,21.0,0.45,22.73,0.46,20.0,0.55,22.73,0.54,20.0,0.56,18.75,0.57,21.0,0.01,0.01,2352.50668,1776316556000
1776316558.95,58.95,0.45,100.0,0.44,25.3,0.49,5.0,0.51,15.0,0.55,22.73,0.54,20.0,0.56,20.3,0.57,21.0,0.04,0.01,2352.549167,1776316557000
1776316559.306,59.306,0.5,23.0,0.49,91.0,0.51,4.05,0.52,5.0,0.49,10.0,0.48,5.0,0.53,10.0,0.55,95.0,0.01,0.04,2352.537185,1776316558000
1776316560.427,60.427,0.5,120.3,0.49,96.0,0.52,3.97,0.53,10.0,0.49,4.05,0.48,5.0,0.5,18.0,0.51,91.0,0.02,0.01,2352.54659,1776316559000
1776316561.215,61.215,0.52,10.0,0.51,138.0,0.53,3.11,0.54,22.0,0.48,3.97,0.47,10.0,0.5,120.3,0.51,96.0,0.01,0.02,2352.722385,1776316560000
1776316562.478,62.478,0.52,23.0,0.51,131.0,0.54,20.7,0.55,17.0,0.47,3.11,0.46,22.0,0.48,10.0,0.49,138.0,0.02,0.01,2352.931254,1776316561000
1776316562.893,62.893,0.53,28.0,0.52,16.0,0.56,6.26,0.58,10.0,0.46,20.7,0.45,17.0,0.48,23.0,0.49,131.0,0.03,0.02,2352.931254,1776316561000
1776316563.255,63.255,0.59,234.74,0.58,80.0,0.6,17.0,0.61,5.0,0.4,17.0,0.39,5.0,0.41,36.74,0.47,28.0,0.01,0.01,2352.986304,1776316562000
1776316563.536,63.536,0.59,229.74,0.58,80.0,0.6,11.91,0.61,5.0,0.4,17.0,0.39,5.0,0.41,234.74,0.42,80.0,0.01,0.01,2352.986304,1776316562000
1776316563.825,63.825,0.61,10.0,0.6,10.0,0.62,25.13,0.64,15.6,0.39,4.59,0.38,29.88,0.4,10.0,0.41,233.74,0.01,0.01,2352.986304,1776316562000
1776316564.03,64.03,0.64,5.0,0.63,10.0,0.65,12.0,0.67,10.0,0.38,25.13,0.36,15.6,0.39,10.0,0.4,10.0,0.01,0.01,2352.986304,1776316562000
1776316564.292,64.292,0.64,11.0,0.63,16.0,0.65,2.17,0.67,10.0,0.35,12.0,0.33,10.0,0.36,5.0,0.37,10.0,0.01,0.01,2352.986304,1776316562000
1776316564.571,64.571,0.65,21.0,0.64,11.0,0.67,10.0,0.68,10.0,0.35,2.17,0.33,10.0,0.36,11.0,0.37,16.0,0.02,0.01,2353.083522,1776316563000
1776316564.862,64.862,0.68,0.37,0.67,16.0,0.69,108.8,0.7,97.1,0.33,10.0,0.32,10.0,0.35,21.0,0.36,11.0,0.01,0.02,2353.18057,1776316564000
1776316565.077,65.077,0.59,38.05,0.58,80.0,0.68,13.15,0.69,187.89,0.32,8.15,0.31,182.89,0.34,16.0,0.35,10.0,0.09,0.02,2353.18057,1776316564000
1776316566.088,66.088,0.6,20.25,0.59,48.05,0.63,34.0,0.64,98.54,0.32,13.15,0.31,187.89,0.41,38.05,0.42,80.0,0.03,0.09,2353.18057,1776316564000
1776316566.638,66.638,0.6,15.25,0.59,46.74,0.61,5.0,0.62,22.0,0.37,34.0,0.36,98.54,0.4,20.25,0.41,48.05,0.01,0.03,2353.540431,1776316565000
1776316567.463,67.463,0.61,5.0,0.6,16.25,0.62,34.0,0.63,27.0,0.39,5.0,0.38,22.0,0.4,15.25,0.41,46.74,0.01,0.01,2353.561486,1776316566000
1776316572.196,72.196,0.61,141.99,0.6,21.25,0.62,15.38,0.63,22.0,0.38,34.0,0.37,27.0,0.39,5.0,0.4,16.25,0.01,0.01,2353.514055,1776316571000
1776316573.422,73.422,0.65,120.0,0.64,17.81,0.67,9.76,0.68,16.15,0.38,15.38,0.37,22.0,0.39,141.99,0.4,21.25,0.02,0.01,2353.539339,1776316572000
1776316573.834,73.834,0.65,122.0,0.64,10.0,0.66,5.0,0.67,9.76,0.33,9.76,0.32,16.15,0.35,120.0,0.36,17.81,0.01,0.02,2353.539339,1776316572000
1776316574.839,74.839,0.66,61.0,0.65,10.0,0.69,10.0,0.7,10.0,0.34,5.0,0.33,9.76,0.35,122.0,0.36,10.0,0.03,0.01,2353.469954,1776316573000
1776316575.217,75.217,0.71,5.0,0.69,10.0,0.73,60.3,0.74,28.7,0.27,28.3,0.26,28.7,0.28,27.67,0.34,61.0,0.02,0.01,2353.539294,1776316574000
1776316575.957,75.957,0.71,50.0,0.7,10.0,0.73,40.3,0.74,18.7,0.27,60.3,0.26,28.7,0.29,5.0,0.31,10.0,0.02,0.02,2353.539294,1776316574000
1776316576.667,76.667,0.72,28.78,0.7,80.0,0.73,25.0,0.74,33.7,0.27,22.3,0.26,18.7,0.28,20.0,0.34,93.88,0.01,0.01,2353.659973,1776316575000
1776316577.46,77.46,0.7,51.52,0.68,6.0,0.73,143.57,0.74,45.7,0.27,14.04,0.26,33.7,0.28,28.78,0.3,80.0,0.03,0.01,2353.766473,1776316576000
1776316577.776,77.776,0.7,116.52,0.68,6.0,0.71,25.59,0.72,22.0,0.27,143.57,0.26,45.7,0.3,51.52,0.32,6.0,0.01,0.03,2353.766473,1776316576000
1776316579.246,79.246,0.7,101.85,0.68,6.0,0.71,25.59,0.72,22.0,0.29,25.59,0.28,22.0,0.3,116.52,0.32,6.0,0.01,0.01,2353.929103,1776316578000
1776316580.506,80.506,0.61,95.51,0.6,71.25,0.71,37.59,0.72,22.0,0.29,25.59,0.28,22.0,0.3,101.85,0.32,6.0,0.1,0.01,2353.929103,1776316578000
1776316580.84,80.84,0.64,6.0,0.61,38.51,0.65,3.0,0.66,27.0,0.29,37.59,0.28,22.0,0.39,95.51,0.4,71.25,0.01,0.1,2353.82774,1776316579000
1776316581.136,81.136,0.61,24.35,0.6,6.25,0.62,21.0,0.63,16.0,0.35,3.0,0.34,27.0,0.36,6.0,0.39,38.51,0.01,0.01,2353.82774,1776316579000
1776316581.402,81.402,0.61,19.35,0.6,6.25,0.62,33.0,0.63,27.0,0.38,21.0,0.37,16.0,0.39,24.35,0.4,6.25,0.01,0.01,2353.971467,1776316580000
1776316582.381,82.381,0.61,47.35,0.6,10.25,0.63,10.0,0.64,10.0,0.38,33.0,0.37,27.0,0.39,19.35,0.4,6.25,0.02,0.01,2353.842062,1776316581000
1776316583.145,83.145,0.63,25.0,0.62,21.0,0.65,19.0,0.66,65.0,0.37,10.0,0.36,10.0,0.39,47.35,0.4,10.25,0.02,0.02,2353.697276,1776316582000
1776316583.552,83.552,0.71,10.0,0.7,10.0,0.72,1.22,0.74,8.0,0.36,5.0,0.35,19.0,0.37,27.0,0.38,26.0,0.01,0.01,2353.697276,1776316582000
1776316583.763,83.763,0.73,40.0,0.72,10.0,0.74,12.9,0.75,19.2,0.26,13.0,0.25,19.2,0.27,10.0,0.28,10.0,0.01,0.01,2353.697276,1776316582000
1776316584.022,84.022,0.73,29.96,0.72,16.0,0.74,23.9,0.75,30.2,0.26,12.9,0.25,19.2,0.27,40.0,0.28,10.0,0.01,0.01,2353.697276,1776316582000
1776316589.774,89.774,0.73,43.0,0.72,16.0,0.74,34.25,0.75,35.2,0.26,9.55,0.25,30.2,0.27,29.96,0.28,16.0,0.01,0.01,2354.010512,1776316588000
1776316593.328,93.328,0.73,17.0,0.72,15.0,0.74,19.55,0.75,41.2,0.26,34.25,0.25,35.2,0.27,43.0,0.28,16.0,0.01,0.01,2354.138,1776316591000
1776316593.684,93.684,0.73,4.0,0.72,20.0,0.74,31.55,0.75,41.2,0.26,19.55,0.25,41.2,0.27,17.0,0.28,15.0,0.01,0.01,2354.05145,1776316592000
1776316595.334,95.334,0.72,28.85,0.71,15.0,0.73,17.0,0.74,9.55,0.26,34.55,0.25,41.2,0.28,3.85,0.29,15.0,0.01,0.02,2354.050855,1776316593000
1776316596.173,96.173,0.72,38.85,0.71,15.0,0.73,22.0,0.74,14.55,0.27,17.0,0.26,9.55,0.28,28.85,0.29,15.0,0.01,0.01,2354.05439,1776316594000
1776316597.108,97.108,0.72,32.61,0.71,15.0,0.73,12.0,0.74,14.55,0.27,22.0,0.26,14.55,0.28,29.76,0.29,15.0,0.01,0.01,2353.970451,1776316595000
1776316597.357,97.357,0.72,9.75,0.71,15.0,0.73,22.0,0.74,14.55,0.27,12.0,0.26,14.55,0.28,27.61,0.29,15.0,0.01,0.01,2353.970451,1776316595000
1776316597.888,97.888,0.64,2.63,0.63,5.0,0.71,55.0,0.72,21.0,0.27,22.0,0.26,14.55,0.28,9.75,0.29,15.0,0.07,0.01,2353.91929,1776316596000
1776316598.549,98.549,0.65,5.0,0.64,2.63,0.67,96.0,0.68,28.0,0.29,65.0,0.28,26.0,0.34,1.0,0.36,2.63,0.02,0.05,2354.073376,1776316597000
1776316599.806,99.806,0.64,49.63,0.63,26.0,0.66,7.0,0.67,15.0,0.33,96.0,0.32,28.0,0.35,5.0,0.36,2.63,0.02,0.02,2353.876414,1776316598000
1776316600.23,100.23,0.71,15.0,0.7,20.0,0.73,1.92,0.74,40.7,0.34,7.0,0.33,15.0,0.36,49.63,0.37,26.0,0.02,0.02,2353.876414,1776316598000
1776316602.898,102.898,0.72,52.0,0.71,20.0,0.75,14.33,0.76,85.7,0.27,1.92,0.26,40.7,0.29,15.0,0.3,20.0,0.03,0.02,2353.83245,1776316601000
1776316604.383,104.383,0.74,11.15,0.73,10.0,0.75,25.47,0.76,85.7,0.25,14.33,0.24,85.7,0.28,52.0,0.29,20.0,0.01,0.03,2353.83245,1776316601000
1776316607.279,107.279,0.74,93.15,0.73,21.0,0.77,5.0,0.78,37.0,0.25,25.47,0.24,85.7,0.26,11.15,0.27,10.0,0.03,0.01,2353.83245,1776316601000
1776316608.067,108.067,0.79,15.0,0.78,15.0,0.81,88.62,0.82,29.4,0.22,27.41,0.21,31.7,0.25,7.0,0.26,93.15,0.02,0.03,2353.83245,1776316601000
1776316608.3,108.3,0.8,15.0,0.79,15.0,0.81,70.24,0.82,99.4,0.19,88.24,0.18,29.4,0.2,20.0,0.21,15.0,0.01,0.01,2353.83245,1776316601000
1776316608.599,108.599,0.78,10.0,0.77,10.0,0.8,26.0,0.81,83.69,0.19,118.69,0.18,99.4,0.21,9.66,0.22,10.0,0.02,0.02,2353.83245,1776316601000
1776316608.893,108.893,0.79,5.0,0.78,10.0,0.8,73.5,0.81,78.69,0.2,26.0,0.19,83.69,0.22,10.0,0.23,10.0,0.01,0.02,2353.83245,1776316601000
1776316610.054,110.054,0.77,9.0,0.76,17.0,0.79,187.0,0.8,62.5,0.2,73.5,0.19,78.69,0.21,5.0,0.22,10.0,0.02,0.01,2353.83245,1776316601000
1776316610.494,110.494,0.76,10.0,0.75,17.0,0.78,166.99,0.79,59.7,0.22,5.0,0.21,187.0,0.23,3.83,0.24,17.0,0.02,0.01,2353.83245,1776316601000
1776316610.745,110.745,0.76,10.0,0.75,17.0,0.77,48.22,0.78,104.99,0.22,166.99,0.21,59.7,0.24,10.0,0.25,17.0,0.01,0.02,2353.83245,1776316601000
1776316611.019,111.019,0.75,6.6,0.74,34.32,0.77,78.22,0.78,125.99,0.23,48.22,0.22,104.99,0.24,10.0,0.25,17.0,0.02,0.01,2354.203581,1776316609000
1776316612.341,112.341,0.75,1.6,0.74,34.32,0.76,64.7,0.77,38.52,0.23,78.22,0.22,125.99,0.25,6.6,0.26,34.32,0.01,0.02,2354.217401,1776316610000
1776316616.46,116.46,0.75,1.6,0.74,34.32,0.76,44.7,0.77,33.52,0.24,64.7,0.23,38.52,0.25,1.6,0.26,34.32,0.01,0.01,2354.11968,1776316615000
1776316618.475,118.475,0.74,15.0,0.73,15.0,0.75,5.4,0.76,49.7,0.24,44.7,0.23,33.52,0.25,1.6,0.26,34.32,0.01,0.01,2354.119095,1776316617000
1776316620.686,120.686,0.7,9.0,0.69,15.0,0.71,40.0,0.72,28.0,0.25,5.4,0.24,49.7,0.26,15.0,0.27,15.0,0.01,0.01,2354.113311,1776316619000
1776316620.889,120.889,0.73,5.0,0.72,10.0,0.74,5.61,0.75,12.0,0.26,5.61,0.25,12.0,0.3,15.9,0.31,11.8,0.01,0.04,2354.113311,1776316619000
1776316621.298,121.298,0.74,26.0,0.73,26.0,0.77,34.92,0.78,43.0,0.26,5.61,0.25,12.0,0.27,5.0,0.28,10.0,0.03,0.01,2354.113311,1776316619000
1776316621.873,121.873,0.76,15.0,0.75,27.0,0.77,33.62,0.78,46.0,0.23,34.92,0.22,43.0,0.26,26.0,0.27,26.0,0.01,0.03,2354.102271,1776316620000
1776316622.778,122.778,0.79,10.0,0.78,26.0,0.8,32.5,0.81,58.69,0.23,33.62,0.22,46.0,0.24,15.0,0.25,27.0,0.01,0.01,2353.886793,1776316621000
1776316623.133,123.133,0.79,25.0,0.78,10.0,0.8,8.76,0.81,58.69,0.2,32.5,0.19,58.69,0.21,10.0,0.22,26.0,0.01,0.01,2353.946959,1776316622000
1776316625.191,125.191,0.8,80.0,0.79,22.0,0.81,22.21,0.82,34.4,0.2,8.76,0.19,58.69,0.21,25.0,0.22,10.0,0.01,0.01,2354.135674,1776316623000
1776316626.62,126.62,0.8,72.55,0.79,10.0,0.81,14.21,0.82,34.4,0.19,14.21,0.18,39.4,0.2,75.55,0.21,17.0,0.01,0.01,2354.160415,1776316625000
1776316627.184,127.184,0.8,72.55,0.79,10.0,0.82,8.21,0.83,51.45,0.19,14.21,0.18,34.4,0.2,72.55,0.21,10.0,0.02,0.01,2354.293697,1776316626000
1776316628.108,128.108,0.81,10.0,0.8,75.55,0.82,6.63,0.83,25.95,0.18,8.21,0.17,51.45,0.2,72.55,0.21,10.0,0.01,0.02,2354.293697,1776316626000
1776316629.188,129.188,0.81,43.47,0.8,63.55,0.82,10.0,0.83,20.95,0.18,6.63,0.17,25.95,0.19,10.0,0.2,75.55,0.01,0.01,2354.24519,1776316627000
1776316637.561,137.561,0.81,31.47,0.8,8.0,0.82,15.0,0.83,51.45,0.17,20.95,0.16,41.8,0.19,48.47,0.2,63.55,0.01,0.02,2354.34892,1776316636000
1776316638.694,138.694,0.81,36.47,0.8,8.0,0.82,10.93,0.83,51.45,0.18,15.0,0.17,51.45,0.19,31.47,0.2,8.0,0.01,0.01,2354.29095,1776316637000
1776316639.747,139.747,0.81,29.47,0.8,15.0,0.82,9.43,0.83,51.45,0.18,10.93,0.17,51.45,0.19,36.47,0.2,8.0,0.01,0.01,2354.28658,1776316638000
1776316641.436,141.436,0.81,29.47,0.8,25.0,0.82,9.42,0.83,51.45,0.18,9.43,0.17,51.45,0.19,29.47,0.2,15.0,0.01,0.01,2354.387527,1776316640000
1776316644.078,144.078,0.81,63.69,0.8,18.0,0.82,4.42,0.83,51.45,0.18,9.42,0.17,51.45,0.19,29.47,0.2,25.0,0.01,0.01,2354.2741,1776316643000
1776316644.446,144.446,0.81,47.9,0.8,18.0,0.82,4.42,0.83,51.45,0.18,4.42,0.17,51.45,0.19,63.69,0.2,18.0,0.01,0.01,2354.2741,1776316643000
1776316644.726,144.726,0.81,27.11,0.8,18.0,0.82,14.42,0.83,51.45,0.18,4.42,0.17,51.45,0.19,47.9,0.2,18.0,0.01,0.01,2354.2741,1776316643000
1776316644.927,144.927,0.81,32.11,0.8,18.0,0.82,9.35,0.83,51.45,0.18,9.35,0.17,51.45,0.19,32.11,0.2,18.0,0.01,0.01,2354.2741,1776316643000
1776316645.787,145.787,0.81,67.79,0.8,23.0,0.82,5.0,0.83,41.45,0.18,9.35,0.17,51.45,0.19,32.11,0.2,18.0,0.01,0.01,2354.273035,1776316644000
1776316649.766,149.766,0.82,101.0,0.81,60.79,0.83,5.95,0.84,31.8,0.18,5.0,0.17,41.45,0.19,67.79,0.2,23.0,0.01,0.01,2354.401693,1776316648000
1776316650.863,150.863,0.82,67.0,0.81,30.79,0.83,5.95,0.84,31.8,0.17,5.95,0.16,31.8,0.18,101.0,0.19,60.79,0.01,0.01,2354.31911,1776316649000
1776316653.167,153.167,0.86,70.0,0.85,29.0,0.87,34.8,0.88,379.1,0.16,27.67,0.15,33.2,0.18,67.0,0.19,30.79,0.01,0.02,2354.350055,1776316651000
1776316653.458,153.458,0.86,95.0,0.85,29.0,0.87,27.02,0.88,379.1,0.13,20.21,0.12,379.1,0.14,70.0,0.15,29.0,0.01,0.01,2354.473163,1776316652000
1776316653.734,153.734,0.86,17.85,0.84,8.0,0.87,31.27,0.88,400.1,0.13,26.27,0.12,379.1,0.14,100.0,0.15,29.0,0.01,0.01,2354.473163,1776316652000
1776316654.46,154.46,0.83,17.0,0.82,15.0,0.84,32.76,0.85,29.0,0.13,36.27,0.12,409.1,0.16,8.0,0.18,10.0,0.01,0.03,2354.346405,1776316653000
1776316655.864,155.864,0.83,30.0,0.82,22.0,0.84,36.76,0.85,62.2,0.16,32.76,0.15,29.0,0.17,17.0,0.18,15.0,0.01,0.01,2354.36015,1776316654000
1776316656.566,156.566,0.83,30.0,0.82,22.0,0.84,61.77,0.85,62.2,0.16,36.76,0.15,62.2,0.17,30.0,0.18,22.0,0.01,0.01,2354.396732,1776316655000
1776316656.977,156.977,0.82,13.66,0.81,15.0,0.84,56.77,0.85,62.2,0.16,61.77,0.15,62.2,0.18,3.66,0.19,15.0,0.02,0.02,2354.396732,1776316655000
1776316662.662,162.662,0.83,12.68,0.8,15.0,0.84,119.8,0.85,207.2,0.16,56.77,0.15,62.2,0.18,13.66,0.19,15.0,0.01,0.02,2354.360511,1776316661000
1776316663.668,163.668,0.8,5.0,0.79,17.0,0.81,83.0,0.82,39.4,0.16,131.8,0.15,188.2,0.2,8.0,0.21,17.0,0.01,0.04,2354.285607,1776316662000
1776316664.165,164.165,0.75,7.0,0.74,16.0,0.77,21.0,0.78,21.0,0.19,83.0,0.18,39.4,0.2,5.0,0.21,17.0,0.02,0.01,2354.285607,1776316662000
1776316664.532,164.532,0.73,10.0,0.72,10.0,0.75,11.0,0.76,21.0,0.23,21.0,0.22,21.0,0.25,7.0,0.26,16.0,0.02,0.02,2354.285607,1776316662000
1776316664.983,164.983,0.74,15.0,0.73,10.0,0.75,5.0,0.76,17.0,0.25,11.0,0.24,21.0,0.27,10.0,0.28,10.0,0.01,0.02,2354.32042,1776316663000
1776316665.294,165.294,0.74,5.0,0.73,10.0,0.75,5.0,0.76,17.0,0.25,5.0,0.24,17.0,0.27,10.0,0.28,15.0,0.01,0.02,2354.32042,1776316663000
1776316667.042,167.042,0.78,20.0,0.77,27.0,0.8,34.5,0.81,50.4,0.25,5.0,0.24,17.0,0.26,5.0,0.27,10.0,0.02,0.01,2354.081077,1776316665000
1776316667.507,167.507,0.79,5.0,0.78,20.0,0.8,26.61,0.81,38.4,0.2,34.5,0.19,50.4,0.22,20.0,0.23,27.0,0.01,0.02,2353.908755,1776316666000
1776316675.106,175.106,0.73,9.0,0.72,15.0,0.74,20.65,0.75,21.0,0.2,26.61,0.19,38.4,0.21,5.0,0.22,20.0,0.01,0.01,2354.135275,1776316674000
1776316675.612,175.612,0.73,0.32,0.72,21.0,0.74,33.65,0.75,21.0,0.26,20.65,0.25,21.0,0.27,9.0,0.28,15.0,0.01,0.01,2354.135275,1776316674000
1776316676.242,176.242,0.71,15.0,0.7,15.0,0.74,0.21,0.75,31.0,0.26,33.65,0.25,21.0,0.27,0.32,0.28,21.0,0.03,0.01,2354.158697,1776316675000
1776316676.734,176.734,0.72,2.32,0.71,10.0,0.74,15.21,0.75,26.0,0.27,5.0,0.26,10.21,0.28,2.32,0.29,10.0,0.02,0.01,2354.158697,1776316675000
1776316679.83,179.83,0.73,25.0,0.72,12.32,0.74,3.64,0.75,35.2,0.26,15.21,0.25,26.0,0.28,2.32,0.29,10.0,0.01,0.02,2353.763857,1776316678000
1776316681.5,181.5,0.73,119.0,0.72,21.32,0.81,10.0,0.82,44.4,0.26,3.64,0.25,35.2,0.27,25.0,0.28,12.32,0.08,0.01,2353.849322,1776316680000
1776316682.004,182.004,0.79,22.0,0.78,40.0,0.8,5.0,0.81,10.0,0.19,10.0,0.18,44.4,0.27,119.0,0.28,21.32,0.01,0.08,2353.80795,1776316681000
1776316683.005,183.005,0.8,32.0,0.79,30.0,0.82,5.61,0.83,28.0,0.19,0.75,0.18,20.0,0.21,46.0,0.22,40.0,0.02,0.02,2353.80795,1776316681000
1776316683.361,183.361,0.8,22.5,0.79,30.0,0.82,20.61,0.83,15.0,0.18,5.61,0.17,28.0,0.2,32.0,0.21,30.0,0.02,0.02,2353.890066,1776316682000
1776316684.108,184.108,0.8,34.5,0.79,30.0,0.82,5.61,0.83,29.0,0.18,20.61,0.17,15.0,0.2,22.5,0.21,30.0,0.02,0.02,2353.890066,1776316682000
1776316690.854,190.854,0.78,12.0,0.77,22.0,0.81,54.0,0.82,20.61,0.18,5.61,0.17,29.0,0.2,34.5,0.21,30.0,0.03,0.02,2354.001405,1776316689000
1776316691.41,191.41,0.77,15.0,0.76,71.0,0.79,30.0,0.8,28.0,0.19,54.0,0.18,20.61,0.22,12.0,0.23,22.0,0.02,0.03,2354.00136,1776316690000
1776316697.82,197.82,0.81,104.0,0.8,20.0,0.82,6.18,0.83,5.0,0.21,30.0,0.2,28.0,0.23,15.0,0.24,71.0,0.01,0.02,2353.971657,1776316696000
1776316698.199,198.199,0.83,51.0,0.82,28.0,0.84,19.54,0.85,48.2,0.16,15.54,0.15,48.2,0.17,5.0,0.18,23.0,0.01,0.01,2353.971657,1776316696000
1776316698.941,198.941,0.83,100.0,0.82,41.0,0.86,10.0,0.87,15.0,0.16,19.54,0.15,48.2,0.17,51.0,0.18,28.0,0.03,0.01,2354.051814,1776316698000
1776316699.599,199.599,0.87,75.0,0.86,99.0,0.88,225.0,0.89,36.29,0.13,0.75,0.12,263.0,0.14,15.0,0.15,18.0,0.01,0.01,2354.051814,1776316698000
1776316700.906,200.906,0.87,110.0,0.86,94.0,0.88,191.0,0.89,36.29,0.12,196.0,0.11,36.29,0.13,80.0,0.14,94.0,0.01,0.01,2354.13659,1776316699000
1776316701.71,201.71,0.87,83.0,0.86,73.0,0.88,186.0,0.89,26.29,0.12,191.0,0.11,36.29,0.13,110.0,0.14,94.0,0.01,0.01,2354.203565,1776316700000
1776316702.072,202.072,0.87,184.02,0.86,73.0,0.88,133.25,0.89,26.29,0.12,140.0,0.11,26.29,0.13,182.02,0.14,79.0,0.01,0.01,2354.27134,1776316701000
1776316702.514,202.514,0.87,174.02,0.86,73.0,0.88,128.25,0.89,26.29,0.12,133.25,0.11,26.29,0.13,184.02,0.14,73.0,0.01,0.01,2354.27134,1776316701000
1776316702.855,202.855,0.87,179.02,0.86,73.0,0.88,123.15,0.89,26.29,0.12,128.25,0.11,26.29,0.13,174.02,0.14,73.0,0.01,0.01,2354.27134,1776316701000
1776316703.499,203.499,0.87,185.02,0.86,73.0,0.88,117.46,0.89,26.29,0.12,123.15,0.11,26.29,0.13,179.02,0.14,73.0,0.01,0.01,2354.490293,1776316702000
1776316704.053,204.053,0.87,161.02,0.86,73.0,0.88,105.97,0.89,26.29,0.12,110.97,0.11,26.29,0.13,190.02,0.14,73.0,0.01,0.01,2354.530892,1776316703000
1776316704.805,204.805,0.87,163.02,0.86,73.0,0.88,96.61,0.89,26.29,0.12,100.97,0.11,26.29,0.13,156.02,0.14,73.0,0.01,0.01,2354.530892,1776316703000
1776316707.007,207.007,0.87,5.0,0.86,15.0,0.88,101.43,0.89,41.29,0.12,96.61,0.11,26.29,0.13,163.02,0.14,73.0,0.01,0.01,2354.577047,1776316706000
1776316707.286,207.286,0.83,16.9,0.82,10.0,0.84,10.0,0.85,10.0,0.16,10.0,0.15,33.33,0.17,4.9,0.24,7.36,0.01,0.01,2354.577047,1776316706000
1776316709.002,209.002,0.83,11.0,0.82,118.49,0.84,20.0,0.85,15.0,0.16,10.0,0.15,10.0,0.17,16.9,0.18,10.0,0.01,0.01,2354.524658,1776316708000
1776316709.375,209.375,0.82,113.82,0.81,6.0,0.84,30.0,0.85,45.0,0.16,20.0,0.15,15.0,0.17,11.0,0.18,118.49,0.02,0.01,2354.524658,1776316708000
1776316710.715,210.715,0.82,136.82,0.8,6.0,0.83,19.0,0.84,15.0,0.16,30.0,0.15,45.0,0.18,113.82,0.19,6.0,0.01,0.02,2354.262953,1776316709000
1776316710.996,210.996,0.82,123.82,0.8,16.0,0.83,7.6,0.84,25.0,0.17,24.0,0.16,15.0,0.18,123.82,0.2,16.0,0.01,0.01,2354.262953,1776316709000
1776316711.566,211.566,0.82,138.51,0.8,16.0,0.83,12.6,0.84,15.0,0.17,7.6,0.16,25.0,0.18,123.82,0.2,16.0,0.01,0.01,2354.293455,1776316710000
1776316713.82,213.82,0.82,99.72,0.81,6.0,0.83,10.25,0.84,15.0,0.17,5.25,0.16,15.0,0.18,138.51,0.2,16.0,0.01,0.01,2354.252716,1776316712000
1776316714.449,214.449,0.82,99.72,0.81,16.0,0.83,11.93,0.84,15.0,0.17,4.25,0.16,15.0,0.18,94.72,0.19,6.0,0.01,0.01,2354.236335,1776316713000
1776316715.773,215.773,0.83,37.0,0.82,112.72,0.85,35.88,0.86,75.0,0.17,11.93,0.16,15.0,0.18,99.72,0.19,16.0,0.02,0.01,2354.173853,1776316714000
1776316716.134,216.134,0.85,44.0,0.84,71.0,0.87,45.0,0.88,106.43,0.15,25.0,0.14,65.0,0.16,20.0,0.17,84.72,0.02,0.01,2354.173853,1776316714000
1776316716.79,216.79,0.85,155.46,0.84,51.0,0.87,20.88,0.88,106.43,0.13,40.65,0.12,106.43,0.15,39.0,0.16,71.0,0.02,0.02,2354.279672,1776316715000
1776316717.08,217.08,0.87,43.0,0.86,33.0,0.88,91.37,0.89,36.29,0.12,96.37,0.11,36.29,0.13,20.0,0.14,33.0,0.01,0.01,2354.202267,1776316716000
1776316717.51,217.51,0.87,33.0,0.86,28.0,0.88,5.37,0.89,36.29,0.12,91.37,0.11,36.29,0.13,43.0,0.14,33.0,0.01,0.01,2354.202267,1776316716000
1776316717.856,217.856,0.87,85.0,0.86,20.0,0.88,5.0,0.89,36.29,0.12,5.37,0.11,36.29,0.13,33.0,0.14,28.0,0.01,0.01,2354.202267,1776316716000
1776316718.672,218.672,0.88,99.0,0.87,63.0,0.89,8.29,0.9,10.0,0.11,36.29,0.1,15.0,0.13,80.0,0.14,20.0,0.01,0.02,2354.206493,1776316717000
1776316719.503,219.503,0.89,66.0,0.88,57.0,0.9,5.0,0.91,15.0,0.11,3.29,0.1,10.0,0.12,94.0,0.13,210.4,0.01,0.01,2354.386922,1776316718000
1776316720.245,220.245,0.89,30.0,0.88,25.0,0.9,13.28,0.91,15.0,0.1,5.0,0.09,15.0,0.11,66.9,0.12,52.0,0.01,0.01,2354.369003,1776316719000
1776316720.686,220.686,0.87,144.4,0.86,18.0,0.9,12.16,0.91,46.0,0.1,12.16,0.09,15.0,0.11,30.0,0.12,25.0,0.03,0.01,2354.369003,1776316719000
1776316721.069,221.069,0.87,50.4,0.85,10.0,0.88,41.0,0.89,58.0,0.12,10.0,0.11,28.0,0.13,89.4,0.14,18.0,0.01,0.01,2354.432665,1776316720000
1776316722.214,222.214,0.85,10.0,0.84,19.0,0.88,73.0,0.89,35.0,0.12,41.0,0.11,58.0,0.13,50.4,0.15,10.0,0.03,0.01,2354.43091,1776316721000
1776316722.815,222.815,0.85,125.42,0.84,10.0,0.86,18.83,0.87,26.0,0.12,73.0,0.11,35.0,0.15,10.0,0.16,19.0,0.01,0.03,2354.43091,1776316721000
1776316723.647,223.647,0.82,43.28,0.81,15.0,0.83,26.0,0.84,95.0,0.14,18.83,0.13,26.0,0.15,125.42,0.16,10.0,0.01,0.01,2354.335147,1776316722000
1776316724.029,224.029,0.82,33.28,0.81,10.0,0.83,43.0,0.84,90.0,0.17,26.0,0.16,95.0,0.18,43.28,0.19,15.0,0.01,0.01,2354.185654,1776316723000
1776316725.227,225.227,0.81,128.65,0.8,15.0,0.82,9.49,0.83,32.0,0.18,10.71,0.17,32.0,0.21,5.28,0.22,15.0,0.01,0.03,2354.10748,1776316724000
1776316726.847,226.847,0.81,15.0,0.8,108.42,0.82,10.71,0.83,5.0,0.18,9.49,0.17,32.0,0.19,128.65,0.2,15.0,0.01,0.01,2354.0404,1776316725000
1776316727.396,227.396,0.81,7.0,0.8,10.0,0.82,10.71,0.83,15.0,0.18,10.71,0.17,5.0,0.19,15.0,0.2,108.42,0.01,0.01,2353.898312,1776316726000
1776316727.978,227.978,0.8,11.7,0.79,63.56,0.83,15.0,0.84,122.8,0.18,5.71,0.17,10.0,0.19,7.0,0.2,15.0,0.03,0.01,2353.898312,1776316726000
1776316728.469,228.469,0.81,20.0,0.8,11.7,0.83,10.0,0.84,122.8,0.17,15.0,0.16,122.8,0.2,11.7,0.21,63.56,0.02,0.03,2353.855969,1776316727000
1776316729.954,229.954,0.81,7.0,0.8,15.0,0.82,28.0,0.83,5.0,0.17,10.0,0.16,122.8,0.19,20.0,0.2,11.7,0.01,0.02,2353.838022,1776316729000
1776316733.069,233.069,0.86,15.0,0.85,26.0,0.88,49.1,0.89,46.79,0.18,28.0,0.17,5.0,0.19,7.0,0.2,15.0,0.02,0.01,2353.97252,1776316732000
1776316733.816,233.816,0.86,20.0,0.85,26.0,0.88,18.1,0.89,46.79,0.12,49.1,0.11,46.79,0.14,15.0,0.15,26.0,0.02,0.02,2353.97252,1776316732000
1776316735.781,235.781,0.86,35.0,0.85,20.0,0.87,10.0,0.88,28.1,0.12,18.1,0.11,46.79,0.14,20.0,0.15,26.0,0.01,0.02,2354.024378,1776316734000
1776316740.472,240.472,0.86,66.0,0.85,20.0,0.87,8.0,0.88,10.0,0.13,10.0,0.12,28.1,0.14,35.0,0.15,20.0,0.01,0.01,2354.12262,1776316739000
1776316741.582,241.582,0.86,50.69,0.85,20.0,0.87,5.9,0.88,10.0,0.13,5.9,0.12,10.0,0.14,66.0,0.15,20.0,0.01,0.01,2354.12262,1776316739000
1776316743.462,243.462,0.86,55.69,0.85,52.88,0.88,10.0,0.89,10.0,0.13,5.9,0.12,10.0,0.14,50.69,0.15,20.0,0.02,0.01,2354.20709,1776316742000
1776316744.459,244.459,0.87,49.2,0.86,80.69,0.88,10.0,0.89,10.0,0.12,10.0,0.11,10.0,0.14,55.69,0.15,52.88,0.01,0.02,2354.224696,1776316743000
1776316744.963,244.963,0.87,46.2,0.86,69.86,0.88,10.0,0.89,10.0,0.12,10.0,0.11,10.0,0.13,49.2,0.14,80.69,0.01,0.01,2354.224696,1776316743000
1776316747.265,247.265,0.87,78.8,0.86,99.76,0.9,2.16,0.91,10.0,0.12,10.0,0.11,10.0,0.13,46.2,0.14,69.86,0.03,0.01,2354.16694,1776316746000
1776316747.755,247.755,0.88,21.68,0.87,66.8,0.9,2.16,0.91,10.0,0.1,2.16,0.09,10.0,0.13,78.8,0.14,99.76,0.02,0.03,2354.16694,1776316746000
1776316751.572,251.572,0.89,77.9,0.88,15.0,0.9,7.77,0.91,9.16,0.09,9.16,0.08,16.0,0.11,56.9,0.12,10.0,0.01,0.02,2354.150915,1776316750000
1776316752.74,252.74,0.89,77.9,0.88,15.0,0.9,6.65,0.91,9.16,0.1,7.77,0.09,9.16,0.11,77.9,0.12,15.0,0.01,0.01,2354.2841,1776316751000
1776316753.191,253.191,0.89,82.9,0.88,15.0,0.92,8.19,0.93,15.0,0.1,6.65,0.09,9.16,0.11,77.9,0.12,15.0,0.03,0.01,2354.28415,1776316752000
1776316754.517,254.517,0.9,30.0,0.89,75.9,0.91,7.8,0.92,8.19,0.08,8.19,0.07,15.0,0.11,82.9,0.12,15.0,0.01,0.03,2354.23437,1776316753000
1776316756.125,256.125,0.91,45.13,0.9,53.0,0.92,2.75,0.93,10.0,0.09,7.8,0.08,8.19,0.1,30.0,0.11,75.9,0.01,0.01,2354.147805,1776316755000
1776316756.411,256.411,0.92,22.25,0.91,45.13,0.93,10.0,0.94,173.8,0.08,2.75,0.07,10.0,0.09,45.13,0.1,53.0,0.01,0.01,2354.147805,1776316755000
1776316757.887,257.887,0.92,57.18,0.9,43.0,0.93,13.92,0.94,110.0,0.07,10.0,0.06,173.8,0.08,22.25,0.09,45.13,0.01,0.01,2354.14784,1776316756000
1776316758.461,258.461,0.92,57.18,0.91,7.0,0.93,12.75,0.94,110.0,0.07,13.92,0.06,110.0,0.08,57.18,0.1,43.0,0.01,0.01,2354.140625,1776316757000
1776316760.077,260.077,0.92,62.18,0.91,22.0,0.93,4.52,0.94,110.0,0.07,12.75,0.06,110.0,0.08,57.18,0.09,7.0,0.01,0.01,2354.144845,1776316758000
1776316761.777,261.777,0.92,54.25,0.91,55.68,0.93,1.71,0.94,110.0,0.07,4.52,0.06,110.0,0.08,62.18,0.09,22.0,0.01,0.01,2354.081805,1776316760000
1776316762.712,262.712,0.92,74.25,0.91,50.68,0.94,103.17,0.95,123.34,0.06,106.37,0.05,123.34,0.08,54.25,0.09,55.68,0.02,0.02,2354.214508,1776316761000
1776316766.373,266.373,0.93,42.0,0.92,92.71,0.94,87.95,0.95,47.54,0.06,103.17,0.05,123.34,0.08,74.25,0.09,50.68,0.01,0.02,2354.11661,1776316765000
1776316767.762,267.762,0.93,42.0,0.92,91.98,0.94,66.91,0.95,47.54,0.06,87.95,0.05,47.54,0.07,42.0,0.08,92.71,0.01,0.01,2354.121065,1776316766000
1776316768.637,268.637,0.93,133.26,0.92,51.56,0.94,40.95,0.95,47.54,0.06,55.95,0.05,47.54,0.07,42.0,0.08,91.98,0.01,0.01,2354.120975,1776316767000
1776316769.68,269.68,0.93,138.26,0.92,100.46,0.94,30.84,0.95,47.54,0.06,40.95,0.05,47.54,0.07,133.26,0.08,51.56,0.01,0.01,2354.120975,1776316767000
1776316770.284,270.284,0.93,133.26,0.92,100.46,0.94,22.98,0.95,47.54,0.06,29.77,0.05,47.54,0.07,138.26,0.08,100.46,0.01,0.01,2354.114795,1776316768000
1776316770.559,270.559,0.93,138.26,0.92,110.46,0.94,17.98,0.95,47.54,0.06,22.98,0.05,47.54,0.07,133.26,0.08,100.46,0.01,0.01,2354.11476,1776316769000
1776316771.122,271.122,0.93,133.26,0.92,100.46,0.94,7.57,0.95,47.54,0.06,17.98,0.05,47.54,0.07,138.26,0.08,110.46,0.01,0.01,2354.115516,1776316770000
1776316771.393,271.393,0.93,128.26,0.92,100.46,0.94,2.57,0.95,47.54,0.06,7.57,0.05,47.54,0.07,133.26,0.08,100.46,0.01,0.01,2354.115516,1776316770000
1776316771.641,271.641,0.93,133.26,0.92,100.46,0.95,47.54,0.96,35.0,0.06,2.57,0.05,47.54,0.07,128.26,0.08,100.46,0.02,0.01,2354.115516,1776316770000
1776316771.957,271.957,0.92,40.72,0.91,96.0,0.95,47.54,0.96,35.0,0.05,47.54,0.04,35.0,0.07,133.26,0.08,100.46,0.03,0.02,2354.115516,1776316770000
1776316772.215,272.215,0.92,55.72,0.91,96.0,0.93,16.82,0.94,10.0,0.07,21.82,0.06,10.0,0.08,55.72,0.09,96.0,0.01,0.01,2354.115516,1776316770000
1776316773.503,273.503,0.93,229.07,0.92,71.72,0.96,4.99,0.97,284.7,0.06,6.42,0.05,47.54,0.08,55.72,0.09,96.0,0.03,0.02,2354.105005,1776316772000
1776316773.776,273.776,0.94,247.09,0.93,65.3,0.95,5.0,0.96,4.99,0.04,4.99,0.03,284.7,0.07,229.07,0.08,71.72,0.01,0.03,2354.105005,1776316772000
1776316774.356,274.356,0.94,257.09,0.93,75.3,0.95,2.89,0.96,4.99,0.05,5.0,0.04,4.99,0.06,247.09,0.07,65.3,0.01,0.01,2354.255218,1776316773000
1776316774.909,274.909,0.94,252.09,0.93,65.3,0.95,0.78,0.96,4.99,0.05,2.89,0.04,4.99,0.06,257.09,0.07,75.3,0.01,0.01,2354.255218,1776316773000
1776316775.172,275.172,0.94,257.09,0.93,10.0,0.97,86.8,0.98,212.0,0.05,0.78,0.04,4.99,0.06,252.09,0.07,65.3,0.03,0.01,2354.255218,1776316773000
1776316775.438,275.438,0.95,15.0,0.94,231.09,0.96,10.0,0.97,86.8,0.03,86.8,0.02,212.0,0.06,257.09,0.07,10.0,0.01,0.03,2354.245111,1776316774000
1776316775.88,275.88,0.95,236.94,0.94,54.0,0.96,5.0,0.97,86.8,0.04,10.0,0.03,86.8,0.05,15.0,0.06,231.09,0.01,0.01,2354.245111,1776316774000
1776316776.103,276.103,0.95,241.94,0.94,54.0,0.96,2.91,0.97,86.8,0.04,5.0,0.03,86.8,0.05,236.94,0.06,54.0,0.01,0.01,2354.245111,1776316774000
1776316778.031,278.031,0.95,251.94,0.94,54.0,0.97,86.8,0.98,207.0,0.04,2.91,0.03,86.8,0.05,241.94,0.06,54.0,0.02,0.01,2354.315682,1776316776000
1776316778.363,278.363,0.96,6.64,0.95,248.94,0.97,86.8,0.98,207.0,0.03,86.8,0.02,207.0,0.05,251.94,0.06,54.0,0.01,0.02,2354.1757,1776316777000
1776316779.431,279.431,0.96,184.13,0.95,58.0,0.97,81.64,0.98,207.0,0.03,81.64,0.02,207.0,0.04,6.64,0.05,248.94,0.01,0.01,2354.310247,1776316778000
1776316780.687,280.687,0.96,52.32,0.95,58.0,0.97,81.64,0.98,157.0,0.03,81.64,0.02,207.0,0.04,184.13,0.05,58.0,0.01,0.01,2354.330315,1776316779000
1776316780.902,280.902,0.96,52.18,0.95,58.0,0.97,80.6,0.98,157.0,0.03,81.64,0.02,157.0,0.04,47.18,0.05,58.0,0.01,0.01,2354.330315,1776316779000
1776316781.394,281.394,0.96,47.18,0.95,48.94,0.97,18.6,0.98,157.0,0.03,80.6,0.02,157.0,0.04,52.18,0.05,58.0,0.01,0.01,2354.170995,1776316780000
1776316782.29,282.29,0.96,52.18,0.95,38.94,0.97,22.56,0.98,157.0,0.03,18.6,0.02,157.0,0.04,47.18,0.05,48.94,0.01,0.01,2354.314875,1776316781000
1776316782.927,282.927,0.96,41.98,0.95,33.0,0.97,16.37,0.98,157.0,0.03,21.52,0.02,157.0,0.04,52.18,0.05,38.94,0.01,0.01,2354.314875,1776316781000
1776316783.145,283.145,0.96,46.98,0.95,20.0,0.97,8.69,0.98,157.0,0.03,13.85,0.02,157.0,0.04,41.98,0.05,33.0,0.01,0.01,2354.17115,1776316782000
1776316783.507,283.507,0.96,46.98,0.95,38.0,0.97,3.58,0.98,157.0,0.03,8.69,0.02,157.0,0.04,46.98,0.05,20.0,0.01,0.01,2354.17115,1776316782000
1776316783.738,283.738,0.96,56.98,0.95,30.0,0.98,76.76,0.99,1720.85,0.02,153.4,0.01,1720.85,0.04,56.98,0.05,38.0,0.02,0.02,2354.17115,1776316782000
1776316783.989,283.989,0.96,51.98,0.95,50.0,0.98,41.45,0.99,1720.85,0.02,76.76,0.01,1720.85,0.04,56.98,0.05,30.0,0.02,0.02,2354.17115,1776316782000
1776316784.192,284.192,0.96,50.83,0.95,50.0,0.98,26.34,0.99,1720.85,0.02,26.34,0.01,1720.85,0.04,56.98,0.05,50.0,0.02,0.02,2354.17115,1776316782000
1776316784.415,284.415,0.96,55.83,0.95,50.0,0.98,20.2,0.99,1720.85,0.02,21.23,0.01,1720.85,0.04,55.83,0.05,50.0,0.02,0.02,2354.17115,1776316782000
1776316784.746,284.746,0.96,55.83,0.95,52.0,0.98,4.89,0.99,1720.85,0.02,20.2,0.01,1720.85,0.04,55.83,0.05,50.0,0.02,0.02,2354.170885,1776316783000
1776316785.203,285.203,0.96,65.83,0.95,64.0,0.99,1701.63,,,0.01,1720.74,,,0.04,55.83,0.05,52.0,0.03,0.03,2354.170885,1776316783000
1776316785.702,285.702,0.97,23.0,0.96,24.0,0.99,1752.63,,,0.01,1652.63,,,0.03,11.0,0.04,53.83,0.02,0.02,2354.172445,1776316784000
1776316786.525,286.525,0.98,22.0,0.97,43.45,0.99,1732.63,,,0.01,1737.63,,,0.03,40.45,0.04,24.0,0.01,0.02,2354.17496,1776316785000
1776316787.058,287.058,0.98,79.45,0.97,16.0,0.99,1733.63,,,0.01,1730.6,,,0.02,27.0,0.03,38.45,0.01,0.01,2354.17496,1776316786000
1776316787.329,287.329,0.98,79.45,0.97,16.0,0.99,1710.63,,,0.01,1715.63,,,0.02,79.45,0.03,16.0,0.01,0.01,2354.17496,1776316786000
1776316787.667,287.667,0.98,79.45,0.97,16.0,0.99,1685.43,,,0.01,1710.63,,,0.02,79.45,0.03,16.0,0.01,0.01,2354.17496,1776316786000
1776316787.994,287.994,0.98,79.45,0.97,16.0,0.99,1533.43,,,0.01,1637.43,,,0.02,79.45,0.03,16.0,0.01,0.01,2354.17496,1776316786000
1776316788.283,288.283,0.98,79.45,0.97,26.0,0.99,1574.41,,,0.01,1580.43,,,0.02,79.45,0.03,16.0,0.01,0.01,2354.19092,1776316787000
1776316788.937,288.937,0.98,79.45,0.97,16.0,0.99,1569.41,,,0.01,1574.41,,,0.02,79.45,0.03,26.0,0.01,0.01,2354.19092,1776316787000
1776316789.276,289.276,0.98,89.64,0.97,16.0,0.99,1564.35,,,0.01,1569.41,,,0.02,79.45,0.03,16.0,0.01,0.01,2354.214895,1776316788000
1776316789.724,289.724,0.98,89.64,0.97,16.0,0.99,1533.97,,,0.01,1559.23,,,0.02,89.64,0.03,16.0,0.01,0.01,2354.214895,1776316788000
1776316790.376,290.376,0.98,99.64,0.97,38.0,0.99,1261.97,,,0.01,1533.97,,,0.02,89.64,0.03,16.0,0.01,0.01,2354.214895,1776316788000
1776316790.633,290.633,0.98,99.64,0.97,50.0,0.99,1261.91,,,0.01,1261.97,,,0.02,99.64,0.03,38.0,0.01,0.01,2354.21584,1776316789000
1776316791.216,291.216,0.98,94.64,0.97,64.0,0.99,1239.91,,,0.01,1244.91,,,0.02,99.64,0.03,50.0,0.01,0.01,2354.215045,1776316790000
1776316791.665,291.665,0.98,94.64,0.97,76.0,0.99,1208.01,,,0.01,1239.91,,,0.02,94.64,0.03,64.0,0.01,0.01,2354.215045,1776316790000
1776316791.977,291.977,0.98,94.64,0.97,86.0,0.99,198.01,,,0.01,1208.01,,,0.02,94.64,0.03,76.0,0.01,0.01,2354.215045,1776316790000
1776316792.584,292.584,0.98,82.64,0.97,86.0,,,,,0.01,187.96,,,0.02,89.64,0.03,86.0,,0.01,2354.20036,1776316791000
1776316797.098,297.098,0.99,2268.69,0.98,178.64,,,,,,,,,0.02,82.64,0.03,86.0,,,2354.203375,1776316795000
1776316799.875,299.875,0.99,43946.25,0.98,92.64,,,,,,,,,0.01,2268.69,0.02,178.64,,,2354.18903,1776316798000

# RESULT,winner=Up,slug=eth-updown-5m-1776316500,ticks=274
