timestamp,elapsed_sec,up_bid_p1,up_bid_s1,up_bid_p2,up_bid_s2,up_ask_p1,up_ask_s1,up_ask_p2,up_ask_s2,down_bid_p1,down_bid_s1,down_bid_p2,down_bid_s2,down_ask_p1,down_ask_s1,down_ask_p2,down_ask_s2,up_spread,down_spread,eth_price,eth_oracle_ts
1776268200.847,0.847,0.46,3.0,0.4,38.0,0.5,5.0,0.53,10.0,0.5,5.0,0.47,10.0,0.54,5.0,0.6,38.0,0.04,0.04,2335.089856,1776268199000
1776268201.45,1.45,0.49,83.0,0.48,18.0,0.53,10.0,0.57,5.0,0.5,5.0,0.47,10.0,0.54,3.0,0.6,38.0,0.04,0.04,2335.088225,1776268200000
1776268201.993,1.993,0.52,130.79,0.51,176.48,0.53,10.0,0.57,111.0,0.47,10.0,0.43,21.0,0.49,0.48,0.5,72.0,0.01,0.02,2335.088225,1776268200000
1776268202.288,2.288,0.52,45.0,0.51,51.48,0.53,0.91,0.54,8.0,0.47,10.0,0.43,111.0,0.48,130.79,0.49,176.48,0.01,0.01,2335.088225,1776268200000
1776268202.619,2.619,0.52,24.16,0.51,51.48,0.53,0.91,0.54,8.0,0.47,0.91,0.46,8.0,0.48,24.16,0.49,51.48,0.01,0.01,2335.124512,1776268201000
1776268202.902,2.902,0.56,8.92,0.55,5.0,0.63,95.0,0.64,132.89,0.37,119.0,0.36,118.89,0.48,71.16,0.49,126.48,0.07,0.11,2335.124512,1776268201000
1776268203.157,3.157,0.6,99.18,0.59,126.0,0.62,5.0,0.63,10.0,0.38,5.0,0.37,10.0,0.4,99.18,0.41,126.0,0.02,0.02,2335.39,1776268202000
1776268204.129,4.129,0.61,17.0,0.6,134.18,0.62,5.0,0.63,10.0,0.38,5.0,0.37,10.0,0.4,99.18,0.41,126.0,0.01,0.02,2335.39,1776268202000
1776268204.637,4.637,0.61,12.0,0.6,139.18,0.63,1.77,0.64,18.89,0.38,1.77,0.37,5.0,0.39,22.0,0.4,139.18,0.02,0.01,2335.644939,1776268203000
1776268205.38,5.38,0.61,12.0,0.6,139.18,0.63,1.77,0.64,18.89,0.37,1.77,0.36,18.89,0.39,12.0,0.4,139.18,0.02,0.02,2335.997261,1776268204000
1776268205.721,5.721,0.63,29.23,0.62,15.0,0.64,43.89,0.65,81.09,0.37,1.77,0.36,18.89,0.39,12.0,0.4,139.18,0.01,0.02,2335.997261,1776268204000
1776268206.692,6.692,0.63,43.87,0.62,15.0,0.64,48.89,0.65,81.09,0.36,43.89,0.35,81.09,0.37,29.23,0.38,15.0,0.01,0.01,2336.117256,1776268205000
1776268207.054,7.054,0.63,43.87,0.62,15.0,0.64,48.89,0.65,81.09,0.36,48.89,0.35,81.09,0.37,43.87,0.38,15.0,0.01,0.01,2336.157191,1776268206000
1776268208.072,8.072,0.63,46.59,0.62,15.0,0.64,51.89,0.65,81.09,0.36,51.89,0.35,81.09,0.37,46.59,0.38,15.0,0.01,0.01,2336.156525,1776268207000
1776268208.321,8.321,0.63,194.09,0.62,164.0,0.64,17.31,0.68,30.0,0.36,11.89,0.34,5.0,0.37,183.59,0.38,164.0,0.01,0.01,2336.156525,1776268207000
1776268208.532,8.532,0.67,16.0,0.66,116.0,0.68,0.72,0.69,5.0,0.32,31.72,0.31,5.0,0.37,330.09,0.38,164.0,0.01,0.05,2336.156525,1776268207000
1776268209.057,9.057,0.67,17.4,0.66,131.5,0.68,0.72,0.69,15.5,0.32,0.72,0.31,15.5,0.33,17.4,0.34,131.5,0.01,0.01,2336.15032,1776268208000
1776268209.451,9.451,0.68,203.5,0.67,274.4,0.69,3.0,0.7,40.5,0.32,0.72,0.31,15.5,0.33,17.4,0.34,131.5,0.01,0.01,2336.15032,1776268208000
1776268209.952,9.952,0.69,106.48,0.68,203.5,0.7,165.5,0.71,500.5,0.31,3.0,0.3,40.5,0.32,203.5,0.33,274.4,0.01,0.01,2336.15032,1776268208000
1776268210.166,10.166,0.69,109.48,0.68,203.5,0.7,163.75,0.71,500.5,0.3,163.75,0.29,500.5,0.31,109.48,0.32,203.5,0.01,0.01,2336.276797,1776268209000
1776268210.439,10.439,0.69,231.48,0.68,211.5,0.7,130.34,0.71,500.5,0.3,163.75,0.29,500.5,0.31,109.48,0.32,203.5,0.01,0.01,2336.276797,1776268209000
1776268210.753,10.753,0.69,220.48,0.68,211.5,0.7,125.0,0.71,500.5,0.3,128.61,0.29,500.5,0.31,225.48,0.32,211.5,0.01,0.01,2336.276797,1776268209000
1776268211.439,11.439,0.68,126.0,0.67,19.0,0.69,25.5,0.7,737.64,0.3,132.14,0.29,500.5,0.31,137.0,0.32,111.5,0.01,0.01,2336.91883,1776268210000
1776268212.126,12.126,0.67,138.37,0.66,55.5,0.68,630.0,0.69,30.0,0.31,25.5,0.3,737.64,0.32,126.0,0.33,19.0,0.01,0.01,2337.049979,1776268211000
1776268212.733,12.733,0.67,138.37,0.66,55.5,0.68,569.22,0.69,25.0,0.32,630.0,0.31,30.0,0.33,138.37,0.34,55.5,0.01,0.01,2337.049979,1776268211000
1776268213.586,13.586,0.67,141.37,0.66,55.5,0.68,636.01,0.69,25.0,0.32,563.63,0.31,25.0,0.33,143.37,0.34,55.5,0.01,0.01,2337.03,1776268212000
1776268213.826,13.826,0.67,8.0,0.66,20.5,0.68,896.51,0.69,194.78,0.32,636.01,0.31,25.0,0.33,141.37,0.34,55.5,0.01,0.01,2337.03,1776268212000
1776268214.379,14.379,0.65,147.5,0.64,25.5,0.67,656.02,0.68,310.56,0.32,927.34,0.31,172.66,0.34,20.5,0.35,142.5,0.02,0.02,2336.991556,1776268213000
1776268214.825,14.825,0.65,20.5,0.64,147.5,0.66,629.99,0.67,125.0,0.33,656.02,0.32,310.56,0.35,147.5,0.36,25.5,0.01,0.02,2336.991556,1776268213000
1776268215.834,15.834,0.65,337.5,0.64,540.5,0.66,3.99,0.68,23.06,0.34,629.99,0.33,125.0,0.35,20.5,0.36,147.5,0.01,0.01,2336.891954,1776268214000
1776268216.451,16.451,0.65,927.5,0.64,54.5,0.68,8.06,0.7,21.29,0.34,3.99,0.32,23.06,0.35,337.5,0.36,540.5,0.03,0.01,2336.846095,1776268215000
1776268216.664,16.664,0.67,120.5,0.66,191.5,0.68,2.06,0.69,24.0,0.32,8.06,0.3,21.29,0.35,927.5,0.36,54.5,0.01,0.03,2336.846095,1776268215000
1776268216.979,16.979,0.68,304.06,0.67,54.5,0.69,5.0,0.7,10.0,0.31,1.68,0.3,5.0,0.32,10.0,0.33,100.5,0.01,0.01,2336.730183,1776268216000
1776268217.289,17.289,0.68,44.24,0.67,294.5,0.69,21.83,0.7,612.0,0.31,1.83,0.3,15.0,0.32,68.62,0.33,289.5,0.01,0.01,2336.730183,1776268216000
1776268217.495,17.495,0.68,47.36,0.67,294.5,0.69,16.83,0.7,727.0,0.31,16.83,0.3,612.0,0.32,50.8,0.33,294.5,0.01,0.01,2336.730183,1776268216000
1776268217.933,17.933,0.68,4.0,0.67,36.86,0.69,62.33,0.7,605.5,0.31,16.83,0.3,727.0,0.32,47.36,0.33,294.5,0.01,0.01,2336.730183,1776268216000
1776268218.634,18.634,0.67,41.86,0.66,69.5,0.68,22.27,0.69,154.06,0.31,278.06,0.3,605.5,0.33,36.86,0.34,39.5,0.01,0.02,2336.730183,1776268216000
1776268219.022,19.022,0.67,26.86,0.66,21.0,0.68,900.99,0.69,132.06,0.32,22.27,0.31,154.06,0.33,41.86,0.34,69.5,0.01,0.01,2337.072239,1776268217000
1776268219.456,19.456,0.66,21.0,0.65,50.5,0.67,81.0,0.68,790.99,0.32,900.99,0.31,132.06,0.34,21.0,0.35,49.5,0.01,0.02,2337.15823,1776268218000
1776268220.018,20.018,0.66,41.5,0.65,50.5,0.67,619.08,0.68,204.05,0.33,516.22,0.32,319.05,0.34,21.0,0.35,40.5,0.01,0.01,2337.15823,1776268218000
1776268222.126,22.126,0.66,17.55,0.65,184.5,0.67,605.0,0.68,210.34,0.33,619.08,0.32,204.05,0.34,41.5,0.35,50.5,0.01,0.01,2336.88433,1776268221000
1776268223.036,23.036,0.66,7.05,0.65,163.5,0.67,602.53,0.68,172.05,0.33,605.0,0.32,210.34,0.34,17.55,0.35,184.5,0.01,0.01,2336.88433,1776268221000
1776268223.511,23.511,0.67,9.07,0.66,175.55,0.68,493.06,0.69,135.5,0.33,602.53,0.32,172.05,0.34,7.05,0.35,163.5,0.01,0.01,2336.888572,1776268222000
1776268224.583,24.583,0.67,11.96,0.66,40.5,0.68,662.56,0.69,136.79,0.32,493.06,0.31,135.5,0.33,9.07,0.34,175.55,0.01,0.01,2336.823995,1776268223000
1776268225.779,25.779,0.66,893.5,0.65,103.5,0.67,2.0,0.68,8.06,0.32,662.56,0.31,136.79,0.33,11.96,0.34,40.5,0.01,0.01,2336.834636,1776268224000
1776268226.23,26.23,0.67,861.5,0.66,109.5,0.68,2.06,0.71,44.5,0.32,8.06,0.3,480.0,0.34,888.5,0.35,103.5,0.01,0.02,2336.920295,1776268225000
1776268226.537,26.537,0.67,861.5,0.66,109.5,0.71,756.5,0.72,15.0,0.32,2.06,0.29,44.5,0.33,861.5,0.34,109.5,0.04,0.01,2336.920295,1776268225000
1776268226.877,26.877,0.7,42.86,0.69,43.0,0.71,766.5,0.72,20.0,0.29,756.5,0.28,15.0,0.33,861.5,0.34,109.5,0.01,0.04,2336.920295,1776268225000
1776268227.132,27.132,0.7,40.99,0.69,53.5,0.71,635.78,0.72,130.0,0.29,761.5,0.28,20.0,0.3,40.99,0.31,43.0,0.01,0.01,2336.931288,1776268226000
1776268228.34,28.34,0.71,97.5,0.7,74.49,0.72,13.31,0.73,717.0,0.29,635.78,0.28,130.0,0.3,40.99,0.31,53.5,0.01,0.01,2337.012972,1776268227000
1776268228.752,28.752,0.71,42.0,0.7,53.5,0.72,735.31,0.73,15.5,0.28,13.31,0.27,717.0,0.29,97.5,0.3,74.49,0.01,0.01,2337.012972,1776268227000
1776268230.336,30.336,0.68,5.0,0.67,89.36,0.69,296.27,0.7,541.5,0.28,725.31,0.27,15.5,0.29,42.0,0.3,53.5,0.01,0.01,2337.15214,1776268229000
1776268230.714,30.714,0.68,25.5,0.67,104.36,0.69,604.27,0.7,188.5,0.31,296.27,0.3,541.5,0.32,5.0,0.33,89.36,0.01,0.01,2337.15214,1776268229000
1776268231.705,31.705,0.68,840.5,0.67,112.36,0.69,2.0,0.72,30.5,0.31,604.27,0.3,188.5,0.32,25.5,0.33,104.36,0.01,0.01,2337.239798,1776268230000
1776268231.936,31.936,0.68,384.5,0.67,112.36,0.72,627.5,0.73,24.0,0.31,2.0,0.28,30.5,0.32,840.5,0.33,112.36,0.04,0.01,2337.239798,1776268230000
1776268232.977,32.977,0.71,85.0,0.7,25.0,0.72,721.2,0.73,49.5,0.28,745.0,0.27,29.0,0.29,80.0,0.3,30.0,0.01,0.01,2337.15654,1776268231000
1776268233.471,33.471,0.68,48.78,0.67,216.36,0.7,15.0,0.71,632.5,0.28,719.47,0.27,49.5,0.29,95.0,0.3,25.0,0.02,0.01,2337.15654,1776268231000
1776268233.969,33.969,0.69,21.0,0.68,190.78,0.7,609.71,0.71,173.5,0.3,15.0,0.29,632.5,0.32,48.78,0.33,216.36,0.01,0.02,2337.07226,1776268232000
1776268234.525,34.525,0.69,28.24,0.68,190.78,0.7,610.0,0.71,173.5,0.3,612.95,0.29,173.5,0.31,21.0,0.32,190.78,0.01,0.01,2337.18184,1776268233000
1776268235.324,35.324,0.68,200.78,0.67,72.5,0.7,625.0,0.71,163.5,0.3,610.0,0.29,173.5,0.31,19.94,0.32,190.78,0.02,0.01,2337.185205,1776268234000
1776268235.769,35.769,0.69,6.0,0.68,217.78,0.7,608.57,0.71,163.5,0.3,625.0,0.29,163.5,0.32,200.78,0.33,72.5,0.01,0.02,2337.185205,1776268234000
1776268236.412,36.412,0.68,18.0,0.66,28.5,0.69,38.76,0.7,650.64,0.3,607.14,0.29,163.5,0.31,6.0,0.32,217.78,0.01,0.01,2337.185205,1776268234000
1776268236.662,36.662,0.67,5.0,0.66,28.5,0.69,775.76,0.7,193.5,0.31,38.76,0.3,650.64,0.32,18.0,0.34,28.5,0.02,0.01,2337.041935,1776268235000
1776268236.886,36.886,0.66,38.5,0.65,153.0,0.68,535.0,0.69,767.76,0.31,775.76,0.3,193.5,0.33,5.0,0.34,28.5,0.02,0.02,2337.041935,1776268235000
1776268239.135,39.135,0.66,43.0,0.65,173.5,0.67,612.36,0.68,276.0,0.33,3.77,0.32,641.0,0.34,28.5,0.35,167.0,0.01,0.01,2337.012315,1776268237000
1776268239.814,39.814,0.66,43.0,0.65,41.5,0.67,611.22,0.68,276.5,0.33,612.36,0.32,276.0,0.34,43.0,0.35,173.5,0.01,0.01,2336.784003,1776268238000
1776268240.424,40.424,0.66,31.0,0.65,46.5,0.67,736.72,0.68,51.5,0.33,611.22,0.32,276.5,0.34,43.0,0.35,41.5,0.01,0.01,2336.778501,1776268239000
1776268240.744,40.744,0.66,31.0,0.65,56.5,0.67,619.68,0.68,168.5,0.33,736.72,0.32,51.5,0.34,31.0,0.35,46.5,0.01,0.01,2336.778501,1776268239000
1776268241.335,41.335,0.66,470.77,0.65,548.5,0.67,1.7,0.68,10.0,0.33,619.68,0.32,168.5,0.34,31.0,0.35,56.5,0.01,0.01,2336.778501,1776268239000
1776268244.081,44.081,0.71,98.39,0.7,215.5,0.72,623.0,0.73,262.78,0.32,10.0,0.3,15.0,0.34,511.77,0.35,561.5,0.01,0.02,2336.767396,1776268242000
1776268244.411,44.411,0.71,91.01,0.7,220.5,0.72,623.0,0.73,267.78,0.28,618.0,0.27,262.78,0.29,98.39,0.3,215.5,0.01,0.01,2336.767396,1776268242000
1776268244.988,44.988,0.71,91.01,0.7,220.5,0.72,603.0,0.73,277.78,0.28,623.0,0.27,267.78,0.29,91.01,0.3,220.5,0.01,0.01,2337.026164,1776268243000
1776268245.54,45.54,0.71,61.01,0.7,200.5,0.72,588.0,0.73,177.78,0.28,603.0,0.27,277.78,0.29,91.01,0.3,220.5,0.01,0.01,2337.101099,1776268244000
1776268245.899,45.899,0.71,8.0,0.7,5.0,0.72,844.11,0.73,155.78,0.28,588.0,0.27,177.78,0.29,61.01,0.3,200.5,0.01,0.01,2337.101099,1776268244000
1776268246.176,46.176,0.69,39.0,0.68,46.5,0.7,8.57,0.71,41.5,0.28,839.11,0.27,155.78,0.3,5.0,0.31,29.0,0.01,0.02,2337.120568,1776268245000
1776268247.273,47.273,0.67,60.0,0.66,234.5,0.68,4.52,0.69,172.0,0.29,7.57,0.28,844.11,0.31,33.0,0.32,51.5,0.01,0.02,2337.120568,1776268245000
1776268247.745,47.745,0.66,241.5,0.65,106.5,0.68,625.0,0.69,264.41,0.31,155.41,0.3,139.5,0.33,65.0,0.34,229.5,0.02,0.02,2337.119265,1776268246000
1776268249.252,49.252,0.65,50.0,0.64,10.0,0.67,929.49,0.68,182.66,0.32,625.0,0.31,264.41,0.34,241.5,0.35,106.5,0.02,0.02,2337.107444,1776268247000
1776268249.617,49.617,0.65,10.0,0.64,10.0,0.66,675.49,0.67,393.5,0.33,929.49,0.32,182.66,0.35,50.0,0.36,10.0,0.01,0.02,2337.107444,1776268247000
1776268250.371,50.371,0.63,87.23,0.62,20.0,0.66,956.49,0.67,169.5,0.34,675.49,0.33,393.5,0.35,10.0,0.36,10.0,0.03,0.01,2336.830913,1776268248000
1776268251.013,51.013,0.62,20.0,0.61,167.0,0.64,820.84,0.65,151.5,0.36,160.84,0.35,136.33,0.37,79.01,0.38,20.0,0.02,0.01,2336.764282,1776268249000
1776268252.066,52.066,0.61,182.5,0.6,125.5,0.63,794.47,0.64,322.83,0.37,8.47,0.36,788.84,0.38,30.0,0.39,167.0,0.02,0.01,2336.596417,1776268250000
1776268254.295,54.295,0.63,390.5,0.62,587.5,0.65,5.18,0.66,513.0,0.37,794.47,0.36,322.83,0.39,182.5,0.4,125.5,0.02,0.02,2336.21366,1776268252000
1776268254.625,54.625,0.65,184.5,0.64,71.5,0.66,26.9,0.68,105.0,0.34,506.9,0.33,115.0,0.35,36.5,0.36,53.5,0.01,0.01,2336.097646,1776268253000
1776268255.198,55.198,0.65,251.14,0.64,71.5,0.66,26.9,0.68,125.5,0.34,26.9,0.32,105.0,0.35,184.5,0.36,71.5,0.01,0.01,2336.09107,1776268254000
1776268256.107,56.107,0.65,935.64,0.64,107.62,0.69,80.0,0.71,712.0,0.34,25.11,0.32,125.5,0.35,251.14,0.36,71.5,0.04,0.01,2336.09107,1776268254000
1776268256.386,56.386,0.68,256.5,0.67,33.0,0.69,80.0,0.7,617.5,0.31,80.0,0.29,712.0,0.35,935.64,0.36,107.62,0.01,0.04,2336.298543,1776268255000
1776268258.49,58.49,0.7,28.0,0.69,27.0,0.71,10.0,0.72,18.0,0.31,80.0,0.3,617.5,0.32,256.5,0.33,33.0,0.01,0.01,2336.684634,1776268257000
1776268258.801,58.801,0.71,6.0,0.7,807.5,0.72,18.0,0.73,20.28,0.29,10.0,0.28,18.0,0.3,28.0,0.31,27.0,0.01,0.01,2336.684634,1776268257000
1776268259.298,59.298,0.71,854.0,0.7,55.5,0.73,30.28,0.74,156.0,0.28,12.0,0.27,20.28,0.29,11.0,0.3,802.5,0.02,0.01,2336.684634,1776268257000
1776268259.59,59.59,0.72,738.5,0.71,263.5,0.73,15.28,0.74,39.0,0.27,25.28,0.26,39.0,0.28,665.0,0.29,255.5,0.01,0.01,2336.824605,1776268258000
1776268259.86,59.86,0.72,758.5,0.71,258.5,0.73,0.28,0.74,14.0,0.27,15.28,0.26,39.0,0.28,738.5,0.29,263.5,0.01,0.01,2336.824605,1776268258000
1776268260.315,60.315,0.73,319.5,0.72,583.5,0.75,115.92,0.76,510.0,0.26,9.18,0.25,117.0,0.28,808.5,0.29,313.5,0.02,0.02,2336.824605,1776268258000
1776268260.607,60.607,0.74,143.11,0.73,184.5,0.75,95.65,0.76,520.0,0.25,100.65,0.24,520.5,0.26,45.11,0.27,226.5,0.01,0.01,2337.128533,1776268259000
1776268261.216,61.216,0.74,143.11,0.73,184.5,0.75,110.04,0.76,530.5,0.25,111.51,0.24,520.0,0.26,143.11,0.27,184.5,0.01,0.01,2337.316544,1776268260000
1776268261.518,61.518,0.74,132.34,0.73,184.5,0.75,110.04,0.76,520.0,0.25,110.04,0.24,530.5,0.26,143.11,0.27,184.5,0.01,0.01,2337.316544,1776268260000
1776268261.798,61.798,0.74,164.34,0.73,184.5,0.75,87.7,0.76,520.0,0.25,114.37,0.24,520.0,0.26,169.34,0.27,184.5,0.01,0.01,2337.316544,1776268260000
1776268262.106,62.106,0.74,22.8,0.73,40.0,0.75,99.61,0.76,160.5,0.25,61.03,0.24,520.0,0.26,164.34,0.27,184.5,0.01,0.01,2337.316544,1776268260000
1776268262.346,62.346,0.72,15.0,0.71,10.0,0.75,425.6,0.76,203.66,0.25,165.61,0.24,546.5,0.26,30.03,0.27,30.0,0.03,0.01,2337.316544,1776268260000
1776268262.565,62.565,0.72,4.0,0.71,15.0,0.73,19.13,0.74,644.5,0.26,649.5,0.25,173.58,0.28,4.0,0.29,15.0,0.01,0.02,2337.491693,1776268261000
1776268263.028,63.028,0.72,83.5,0.71,60.5,0.73,453.09,0.74,41.5,0.27,29.13,0.26,759.5,0.29,15.0,0.3,33.5,0.01,0.02,2337.491693,1776268262000
1776268263.376,63.376,0.72,78.5,0.71,60.5,0.73,447.95,0.74,131.5,0.27,453.09,0.26,41.5,0.28,83.5,0.29,60.5,0.01,0.01,2337.491693,1776268262000
1776268263.612,63.612,0.72,114.55,0.71,308.5,0.73,404.63,0.74,16.0,0.27,406.85,0.26,21.0,0.28,109.55,0.29,292.5,0.01,0.01,2337.491693,1776268262000
1776268264.267,64.267,0.72,134.06,0.71,5.0,0.73,557.13,0.74,36.5,0.27,404.63,0.26,16.0,0.28,114.55,0.29,308.5,0.01,0.01,2337.348884,1776268263000
1776268264.491,64.491,0.71,15.0,0.7,20.5,0.73,613.13,0.74,131.5,0.27,557.13,0.26,36.5,0.28,134.06,0.29,5.0,0.02,0.01,2337.348884,1776268263000
1776268264.959,64.959,0.71,55.5,0.7,147.5,0.72,505.3,0.73,277.5,0.27,613.13,0.26,131.5,0.29,15.0,0.3,20.5,0.01,0.02,2337.348884,1776268263000
1776268265.613,65.613,0.7,163.5,0.69,43.85,0.71,15.0,0.72,25.0,0.28,505.3,0.27,277.5,0.29,55.5,0.3,147.5,0.01,0.01,2337.305049,1776268264000
1776268265.923,65.923,0.74,49.15,0.73,26.0,0.75,58.08,0.76,30.0,0.25,8.08,0.24,30.0,0.26,20.0,0.27,21.0,0.01,0.01,2337.305049,1776268264000
1776268266.297,66.297,0.74,48.5,0.73,738.0,0.75,8.08,0.77,270.0,0.25,58.08,0.24,30.0,0.26,49.15,0.27,26.0,0.01,0.01,2337.319219,1776268265000
1776268266.659,66.659,0.75,11.0,0.74,36.0,0.77,781.0,0.78,15.0,0.23,635.0,0.22,10.0,0.26,30.8,0.27,733.0,0.02,0.03,2337.319219,1776268265000
1776268266.879,66.879,0.76,10.37,0.75,10.0,0.77,339.0,0.78,50.0,0.23,324.0,0.22,25.0,0.24,15.37,0.25,10.0,0.01,0.01,2337.319219,1776268265000
1776268267.137,67.137,0.74,10.0,0.73,16.0,0.75,614.0,0.76,178.0,0.23,339.0,0.22,50.0,0.24,10.37,0.25,10.0,0.01,0.01,2337.319219,1776268265000
1776268267.38,67.38,0.72,15.0,0.71,174.39,0.75,32.0,0.76,66.0,0.25,614.0,0.24,178.0,0.26,10.0,0.27,16.0,0.03,0.01,2337.319219,1776268265000
1776268267.936,67.936,0.71,56.89,0.7,86.0,0.72,291.0,0.73,172.0,0.26,30.0,0.25,42.0,0.27,4.0,0.28,15.0,0.01,0.01,2337.287339,1776268266000
1776268268.145,68.145,0.71,46.89,0.7,180.0,0.72,611.0,0.73,120.5,0.28,291.0,0.27,172.0,0.29,56.89,0.3,86.0,0.01,0.01,2337.586302,1776268267000
1776268268.519,68.519,0.71,90.39,0.7,203.5,0.72,603.3,0.73,115.5,0.28,605.8,0.27,110.5,0.29,57.39,0.3,272.5,0.01,0.01,2337.586302,1776268267000
1776268268.968,68.968,0.71,59.89,0.7,204.5,0.72,624.92,0.73,232.5,0.28,616.56,0.27,115.5,0.29,90.39,0.3,193.5,0.01,0.01,2337.586302,1776268267000
1776268269.302,69.302,0.71,49.89,0.7,215.5,0.72,642.53,0.73,242.5,0.28,618.53,0.27,232.5,0.29,54.89,0.3,204.5,0.01,0.01,2337.41175,1776268268000
1776268269.939,69.939,0.71,49.89,0.7,215.5,0.72,605.53,0.73,242.5,0.28,615.53,0.27,242.5,0.29,49.89,0.3,215.5,0.01,0.01,2337.41175,1776268268000
1776268270.491,70.491,0.71,3.17,0.7,55.0,0.72,901.53,0.73,165.5,0.28,669.53,0.27,242.5,0.29,34.74,0.3,198.5,0.01,0.01,2337.114713,1776268269000
1776268270.84,70.84,0.7,30.0,0.69,63.85,0.71,636.35,0.72,261.5,0.28,901.53,0.27,165.5,0.3,55.0,0.31,58.85,0.01,0.02,2337.114713,1776268269000
1776268271.256,71.256,0.7,20.0,0.69,43.35,0.71,851.9,0.72,144.5,0.29,636.35,0.28,261.5,0.3,30.0,0.31,63.85,0.01,0.01,2337.08494,1776268270000
1776268272.142,72.142,0.69,42.35,0.68,143.5,0.7,664.0,0.71,248.0,0.29,871.9,0.28,139.5,0.3,20.0,0.31,47.35,0.01,0.01,2337.08494,1776268270000
1776268272.571,72.571,0.69,43.31,0.68,143.5,0.7,674.5,0.71,148.0,0.3,664.0,0.29,248.0,0.31,42.35,0.32,143.5,0.01,0.01,2337.00245,1776268271000
1776268275.497,75.497,0.69,35.08,0.68,152.5,0.7,649.0,0.71,138.0,0.3,674.5,0.29,148.0,0.31,43.31,0.32,143.5,0.01,0.01,2336.946053,1776268274000
1776268276.46,76.46,0.69,29.58,0.68,157.5,0.7,678.75,0.71,138.0,0.3,649.0,0.29,138.0,0.31,35.08,0.32,152.5,0.01,0.01,2336.938738,1776268275000
1776268278.704,78.704,0.69,23.43,0.68,152.5,0.7,672.75,0.71,138.0,0.3,678.75,0.29,138.0,0.31,29.58,0.32,157.5,0.01,0.01,2336.928611,1776268277000
1776268279.055,79.055,0.69,59.51,0.68,157.5,0.7,672.37,0.71,143.0,0.3,668.8,0.29,138.0,0.31,23.43,0.32,152.5,0.01,0.01,2336.918203,1776268278000
1776268279.602,79.602,0.69,37.43,0.68,15.0,0.7,814.87,0.71,161.0,0.3,672.37,0.29,143.0,0.31,59.51,0.32,157.5,0.01,0.01,2336.918203,1776268278000
1776268279.805,79.805,0.68,184.5,0.67,85.5,0.7,8.0,0.71,10.0,0.3,8.0,0.29,10.0,0.31,28.0,0.32,184.5,0.02,0.01,2336.918203,1776268278000
1776268280.135,80.135,0.69,293.5,0.68,40.5,0.7,3.0,0.72,34.83,0.3,8.0,0.29,10.0,0.32,184.5,0.33,85.5,0.01,0.02,2336.918203,1776268278000
1776268281.108,81.108,0.71,78.0,0.7,41.5,0.72,21.0,0.73,140.5,0.28,34.34,0.27,120.5,0.31,318.5,0.32,45.5,0.01,0.03,2336.921392,1776268279000
1776268282.405,82.405,0.71,68.0,0.7,182.5,0.72,621.0,0.73,172.5,0.28,21.0,0.27,140.5,0.29,78.0,0.3,41.5,0.01,0.01,2336.906361,1776268280000
1776268283.107,83.107,0.71,68.0,0.7,65.5,0.72,738.5,0.73,65.5,0.28,621.0,0.27,172.5,0.29,68.0,0.3,182.5,0.01,0.01,2336.96479,1776268281000
1776268283.714,83.714,0.71,32.0,0.7,15.0,0.72,785.5,0.73,170.5,0.28,738.5,0.27,65.5,0.29,68.0,0.3,65.5,0.01,0.01,2336.994284,1776268282000
1776268286.746,86.746,0.7,14.38,0.69,25.0,0.71,818.5,0.72,92.49,0.28,780.5,0.27,170.5,0.3,20.0,0.31,168.5,0.01,0.02,2336.911783,1776268285000
1776268287.507,87.507,0.68,7.46,0.67,60.0,0.69,715.5,0.7,92.66,0.29,823.5,0.28,87.49,0.31,25.0,0.32,18.46,0.01,0.02,2336.911783,1776268285000
1776268287.969,87.969,0.64,3.0,0.63,258.5,0.66,70.17,0.67,59.83,0.34,9.17,0.33,29.0,0.35,8.0,0.37,278.0,0.02,0.01,2336.912767,1776268286000
1776268290.314,90.314,0.63,90.0,0.62,142.0,0.64,663.87,0.65,185.49,0.34,70.17,0.33,59.83,0.36,3.0,0.37,258.5,0.01,0.02,2336.617737,1776268288000
1776268290.789,90.789,0.63,85.0,0.62,25.0,0.64,667.54,0.65,52.66,0.36,663.87,0.35,185.49,0.37,90.0,0.38,142.0,0.01,0.01,2336.252891,1776268289000
1776268291.421,91.421,0.6,135.0,0.59,95.0,0.62,95.49,0.63,385.5,0.36,667.54,0.35,52.66,0.37,85.0,0.38,25.0,0.02,0.01,2336.252891,1776268289000
1776268292.972,92.972,0.6,10.0,0.59,217.0,0.61,736.07,0.62,207.5,0.38,95.49,0.37,385.5,0.4,135.0,0.41,95.0,0.01,0.02,2336.102649,1776268291000
1776268294.983,94.983,0.6,7.28,0.59,227.5,0.61,654.0,0.62,35.5,0.39,736.07,0.38,207.5,0.4,10.0,0.41,217.0,0.01,0.01,2335.840082,1776268293000
1776268295.921,95.921,0.59,95.0,0.58,35.0,0.61,997.33,0.62,51.5,0.39,654.0,0.38,35.5,0.4,7.28,0.41,227.5,0.02,0.01,2335.83658,1776268294000
1776268296.851,96.851,0.56,177.5,0.55,150.5,0.59,762.5,0.6,170.5,0.39,997.33,0.38,51.5,0.41,95.0,0.42,35.0,0.03,0.02,2335.783154,1776268295000
1776268298.208,98.208,0.56,814.5,0.55,172.5,0.57,10.0,0.59,5.01,0.41,762.5,0.4,170.5,0.44,177.5,0.45,150.5,0.01,0.03,2335.785094,1776268296000
1776268298.66,98.66,0.6,50.5,0.59,30.5,0.63,5.0,0.64,485.0,0.39,12.17,0.37,5.0,0.42,184.5,0.43,626.5,0.03,0.03,2335.681088,1776268297000
1776268299.297,99.297,0.61,285.5,0.6,520.5,0.62,17.0,0.63,21.0,0.37,5.0,0.36,485.0,0.4,50.5,0.41,30.5,0.01,0.03,2335.681088,1776268297000
1776268299.595,99.595,0.61,293.5,0.6,520.5,0.62,23.38,0.63,16.0,0.38,17.0,0.37,21.0,0.39,285.5,0.4,520.5,0.01,0.01,2335.647488,1776268298000
1776268300.368,100.368,0.61,819.71,0.6,60.5,0.65,10.0,0.66,15.0,0.38,23.38,0.37,16.0,0.39,269.21,0.4,520.5,0.04,0.01,2335.65047,1776268299000
1776268301.486,101.486,0.64,106.13,0.63,612.0,0.65,10.0,0.66,36.0,0.35,10.0,0.34,15.0,0.39,819.71,0.4,60.5,0.01,0.04,2335.890625,1776268300000
1776268302.789,102.789,0.65,832.5,0.64,78.13,0.66,11.51,0.67,10.0,0.35,10.0,0.34,36.0,0.36,106.13,0.37,612.0,0.01,0.01,2336.122735,1776268301000
1776268303.589,103.589,0.66,6.07,0.65,857.5,0.67,10.0,0.68,66.0,0.34,11.51,0.33,10.0,0.35,832.5,0.36,78.13,0.01,0.01,2336.279115,1776268302000
1776268307.718,107.718,0.67,19.0,0.66,36.57,0.68,719.56,0.69,101.49,0.33,10.0,0.32,66.0,0.34,6.07,0.35,857.5,0.01,0.01,2336.54738,1776268306000
1776268309.283,109.283,0.67,871.5,0.66,118.5,0.69,25.0,0.7,33.0,0.33,11.0,0.32,714.56,0.34,11.57,0.35,63.19,0.02,0.01,2336.55458,1776268308000
1776268310.331,110.331,0.69,276.5,0.68,163.5,0.7,20.85,0.71,70.0,0.31,25.0,0.3,33.0,0.33,871.5,0.34,118.5,0.01,0.02,2336.445657,1776268309000
1776268310.619,110.619,0.69,870.5,0.68,46.5,0.71,70.0,0.72,18.0,0.3,20.85,0.29,70.0,0.31,276.5,0.32,163.5,0.02,0.01,2336.445657,1776268309000
1776268316.427,116.427,0.7,915.5,0.69,60.5,0.72,18.0,0.73,152.0,0.29,70.0,0.28,18.0,0.31,870.5,0.32,46.5,0.02,0.02,2337.012455,1776268315000
1776268316.692,116.692,0.71,741.5,0.7,228.5,0.72,11.61,0.73,152.0,0.28,18.0,0.27,152.0,0.3,915.5,0.31,60.5,0.01,0.02,2337.012455,1776268315000
1776268317.258,117.258,0.71,762.5,0.7,228.5,0.72,1.61,0.73,162.0,0.28,11.61,0.27,152.0,0.29,741.5,0.3,228.5,0.01,0.01,2337.012455,1776268315000
1776268318.006,118.006,0.71,779.5,0.7,254.21,0.73,151.61,0.74,140.5,0.28,1.61,0.27,162.0,0.29,762.5,0.3,228.5,0.02,0.01,2337.03732,1776268317000
1776268318.415,118.415,0.72,124.0,0.71,700.5,0.73,156.61,0.74,145.5,0.27,151.61,0.26,140.5,0.29,779.5,0.3,254.21,0.01,0.02,2337.03732,1776268317000
1776268319.161,119.161,0.72,239.0,0.71,580.5,0.73,156.61,0.74,145.5,0.27,156.61,0.26,145.5,0.28,124.0,0.29,700.5,0.01,0.01,2337.04218,1776268318000
1776268320.659,120.659,0.72,260.0,0.71,580.5,0.73,149.76,0.74,145.5,0.27,156.61,0.26,145.5,0.28,239.0,0.29,580.5,0.01,0.01,2337.04887,1776268319000
1776268320.978,120.978,0.72,135.0,0.71,74.0,0.73,127.16,0.74,145.5,0.27,148.25,0.26,145.5,0.28,265.0,0.29,580.5,0.01,0.01,2337.04887,1776268319000
1776268321.2,121.2,0.72,65.0,0.71,43.0,0.73,742.16,0.74,150.5,0.27,742.16,0.26,150.5,0.28,71.0,0.29,43.0,0.01,0.01,2337.04887,1776268319000
1776268322.271,122.271,0.72,45.37,0.71,68.13,0.73,784.16,0.74,206.49,0.27,742.16,0.26,150.5,0.28,65.0,0.29,43.0,0.01,0.01,2337.046665,1776268320000
1776268323.122,123.122,0.71,8.0,0.7,18.0,0.72,825.5,0.73,67.5,0.27,789.16,0.26,206.49,0.29,68.13,0.3,43.71,0.01,0.02,2337.043805,1776268322000
1776268324.042,124.042,0.7,4.0,0.69,25.0,0.72,885.48,0.73,119.5,0.28,820.5,0.27,62.5,0.29,2.0,0.3,18.0,0.02,0.01,2336.958418,1776268323000
1776268324.556,124.556,0.68,33.0,0.66,152.0,0.69,579.06,0.7,57.5,0.28,885.48,0.27,119.5,0.31,25.0,0.32,35.0,0.01,0.03,2336.958418,1776268323000
1776268324.926,124.926,0.66,152.0,0.65,16.0,0.69,833.06,0.7,77.49,0.31,579.06,0.3,57.5,0.32,33.0,0.34,152.0,0.03,0.01,2336.958418,1776268323000
1776268328.976,128.976,0.62,62.0,0.61,112.5,0.63,20.5,0.64,35.5,0.31,833.06,0.3,77.49,0.34,152.0,0.35,16.0,0.01,0.03,2335.905837,1776268327000
1776268331.456,131.456,0.62,140.0,0.61,48.5,0.63,66.5,0.64,543.5,0.37,20.5,0.36,35.5,0.38,62.0,0.39,112.5,0.01,0.01,2335.901215,1776268330000
1776268331.708,131.708,0.63,5.0,0.62,15.0,0.64,57.5,0.65,71.5,0.36,62.5,0.35,71.5,0.38,10.0,0.39,643.5,0.01,0.02,2335.901215,1776268330000
1776268337.064,137.064,0.61,954.5,0.6,104.5,0.62,3.0,0.64,10.0,0.36,57.5,0.35,71.5,0.37,5.0,0.38,15.0,0.01,0.01,2335.865909,1776268335000
1776268343.244,143.244,0.67,857.5,0.66,81.5,0.68,2.06,0.69,43.0,0.36,10.0,0.35,35.0,0.38,8.0,0.39,999.5,0.01,0.02,2336.308187,1776268342000
1776268343.749,143.749,0.68,829.5,0.67,100.5,0.7,15.0,0.71,25.0,0.31,43.0,0.3,15.0,0.33,857.5,0.34,81.5,0.02,0.02,2336.308187,1776268342000
1776268344.622,144.622,0.71,985.5,0.7,61.5,0.73,13.25,0.74,175.0,0.28,60.0,0.27,25.5,0.31,102.5,0.32,804.5,0.02,0.03,2336.307876,1776268343000
1776268345.096,145.096,0.76,34.78,0.74,92.5,0.77,210.0,0.78,35.0,0.26,50.0,0.25,35.0,0.28,213.5,0.29,192.5,0.01,0.02,2336.307876,1776268343000
1776268345.734,145.734,0.78,210.85,0.77,527.0,0.79,192.5,0.8,10.05,0.23,210.0,0.22,35.0,0.24,34.78,0.26,92.5,0.01,0.01,2336.391593,1776268344000
1776268346.365,146.365,0.78,198.12,0.77,527.0,0.79,192.5,0.8,15.05,0.21,192.5,0.2,10.05,0.22,210.85,0.23,527.0,0.01,0.01,2336.629872,1776268345000
1776268348.979,148.979,0.78,186.12,0.77,547.5,0.79,20.5,0.8,132.05,0.21,192.5,0.2,15.05,0.22,198.12,0.23,527.0,0.01,0.01,2337.26722,1776268347000
1776268349.674,149.674,0.79,78.1,0.78,154.76,0.8,142.55,0.81,185.31,0.21,20.5,0.2,132.05,0.22,664.76,0.23,67.5,0.01,0.01,2337.267675,1776268348000
1776268350.291,150.291,0.79,39.97,0.78,10.0,0.8,820.55,0.81,70.31,0.2,142.55,0.19,185.31,0.21,78.1,0.22,154.76,0.01,0.01,2337.27946,1776268349000
1776268350.499,150.499,0.78,23.0,0.77,54.0,0.79,769.5,0.8,91.55,0.2,815.55,0.19,70.31,0.22,10.0,0.23,36.0,0.01,0.02,2337.27946,1776268349000
1776268350.743,150.743,0.78,23.0,0.77,54.0,0.79,774.5,0.8,63.55,0.21,769.5,0.2,91.55,0.22,23.0,0.23,54.0,0.01,0.01,2337.27946,1776268349000
1776268351.118,151.118,0.78,78.71,0.77,54.0,0.79,765.75,0.8,63.55,0.21,774.5,0.2,63.55,0.22,23.0,0.23,54.0,0.01,0.01,2337.27946,1776268349000
1776268352.465,152.465,0.78,33.07,0.77,54.0,0.79,727.48,0.8,32.55,0.21,163.99,0.2,63.55,0.22,78.71,0.23,64.5,0.01,0.01,2337.25666,1776268351000
1776268352.924,152.924,0.78,43.07,0.77,59.0,0.79,697.98,0.8,40.55,0.21,727.48,0.2,32.55,0.22,33.07,0.23,54.0,0.01,0.01,2337.25666,1776268351000
1776268354.479,154.479,0.78,43.07,0.77,30.0,0.79,774.74,0.8,46.55,0.21,697.98,0.2,40.55,0.22,43.07,0.23,59.0,0.01,0.01,2337.160917,1776268353000
1776268354.686,154.686,0.77,30.0,0.76,10.0,0.79,824.74,0.8,71.55,0.21,824.74,0.2,71.55,0.22,0.07,0.23,30.0,0.02,0.01,2337.160917,1776268353000
1776268354.965,154.965,0.77,23.0,0.76,10.0,0.78,728.5,0.79,95.57,0.22,7.0,0.21,824.74,0.23,23.0,0.24,10.0,0.01,0.01,2337.160917,1776268353000
1776268355.177,155.177,0.76,10.0,0.75,10.0,0.78,745.5,0.79,90.57,0.22,728.5,0.21,95.57,0.23,23.0,0.24,10.0,0.02,0.01,2337.160917,1776268353000
1776268355.379,155.379,0.75,0.88,0.74,25.0,0.77,752.5,0.78,94.5,0.23,788.5,0.22,99.5,0.24,3.0,0.25,10.0,0.02,0.01,2337.185097,1776268354000
1776268355.632,155.632,0.74,25.0,0.73,202.0,0.75,6.12,0.76,676.5,0.23,752.5,0.22,94.5,0.25,0.88,0.26,25.0,0.01,0.02,2337.185097,1776268354000
1776268356.34,156.34,0.74,25.0,0.73,202.0,0.75,109.48,0.76,627.5,0.25,6.12,0.24,676.5,0.26,25.0,0.27,202.0,0.01,0.01,2337.165105,1776268355000
1776268358.202,158.202,0.74,17.0,0.73,85.0,0.75,943.56,0.76,134.49,0.25,109.48,0.24,627.5,0.26,25.0,0.27,202.0,0.01,0.01,2336.935462,1776268356000
1776268363.525,163.525,0.72,623.5,0.71,202.5,0.73,60.0,0.74,50.0,0.25,912.56,0.24,117.5,0.27,85.0,0.28,56.0,0.01,0.02,2336.486647,1776268362000
1776268364.062,164.062,0.74,80.03,0.73,20.5,0.75,26.16,0.76,172.0,0.27,60.0,0.26,50.0,0.28,623.5,0.29,202.5,0.01,0.01,2336.501666,1776268363000
1776268364.477,164.477,0.74,358.87,0.73,531.78,0.75,26.16,0.76,55.0,0.25,26.16,0.24,172.0,0.26,80.03,0.27,20.5,0.01,0.01,2336.501666,1776268363000
1776268364.754,164.754,0.74,682.33,0.73,61.78,0.75,26.16,0.76,65.0,0.25,26.16,0.24,55.0,0.26,358.87,0.27,531.78,0.01,0.01,2336.501666,1776268363000
1776268366.092,166.092,0.74,716.83,0.73,276.32,0.75,89.69,0.76,192.0,0.25,26.16,0.24,65.0,0.26,682.33,0.27,61.78,0.01,0.01,2336.770488,1776268365000
1776268368.843,168.843,0.74,145.63,0.73,663.8,0.75,132.69,0.76,202.5,0.25,89.69,0.24,192.0,0.26,716.83,0.27,276.32,0.01,0.01,2336.85524,1776268367000
1776268370.729,170.729,0.74,934.2,0.73,118.8,0.76,10.0,0.77,5.0,0.25,132.69,0.24,202.5,0.26,145.63,0.27,663.8,0.02,0.01,2336.802505,1776268369000
1776268371.011,171.011,0.76,126.5,0.75,185.5,0.8,10.0,0.81,135.0,0.24,10.0,0.23,5.0,0.26,934.2,0.27,118.8,0.04,0.02,2336.802505,1776268369000
1776268375.472,175.472,0.81,837.97,0.8,190.5,0.82,90.0,0.83,120.0,0.2,10.0,0.19,135.0,0.24,126.5,0.25,185.5,0.01,0.04,2337.282275,1776268373000
1776268380.585,180.585,0.83,163.5,0.82,668.9,0.84,183.41,0.85,649.23,0.18,90.0,0.17,120.0,0.19,837.97,0.2,190.5,0.01,0.01,2337.487095,1776268379000
1776268380.885,180.885,0.83,130.5,0.82,658.4,0.84,181.69,0.85,769.23,0.16,183.41,0.15,649.23,0.17,163.5,0.18,668.9,0.01,0.01,2337.487095,1776268379000
1776268381.614,181.614,0.82,10.0,0.81,45.92,0.84,331.69,0.85,284.23,0.16,181.69,0.15,769.23,0.17,130.5,0.18,658.4,0.02,0.01,2337.47809,1776268380000
1776268381.864,181.864,0.81,41.07,0.8,39.5,0.83,22.94,0.84,776.39,0.16,781.39,0.15,302.5,0.18,10.0,0.19,45.92,0.02,0.02,2337.47809,1776268380000
1776268382.284,182.284,0.81,12.07,0.8,40.0,0.82,99.89,0.83,787.44,0.18,8.0,0.17,815.44,0.19,33.07,0.2,17.0,0.01,0.01,2337.478055,1776268381000
1776268382.557,182.557,0.81,12.07,0.8,79.06,0.82,513.45,0.83,200.44,0.18,507.47,0.17,190.44,0.19,12.07,0.2,79.06,0.01,0.01,2337.478055,1776268381000
1776268384.076,184.076,0.8,49.01,0.79,54.13,0.81,697.81,0.82,70.98,0.18,518.45,0.17,215.44,0.2,79.06,0.21,30.13,0.01,0.02,2337.413762,1776268382000
1776268384.297,184.297,0.79,285.67,0.78,62.97,0.8,155.08,0.81,80.81,0.2,15.53,0.19,680.81,0.21,59.13,0.22,45.97,0.01,0.01,2337.413762,1776268382000
1776268385.424,185.424,0.79,295.67,0.78,42.97,0.8,552.15,0.81,75.81,0.2,155.08,0.19,80.81,0.21,285.67,0.22,62.97,0.01,0.01,2337.114448,1776268384000
1776268387.249,187.249,0.79,306.67,0.78,173.47,0.8,545.92,0.81,210.81,0.2,552.15,0.19,75.81,0.21,295.67,0.22,42.97,0.01,0.01,2337.094305,1776268385000
1776268388.932,188.932,0.79,140.49,0.78,175.47,0.8,660.92,0.81,85.81,0.2,538.42,0.19,210.81,0.21,306.67,0.22,173.47,0.01,0.01,2336.943379,1776268387000
1776268389.346,189.346,0.79,92.91,0.78,170.47,0.8,653.49,0.81,80.81,0.2,660.92,0.19,85.81,0.21,140.49,0.22,175.47,0.01,0.01,2337.029877,1776268388000
1776268389.667,189.667,0.79,92.91,0.78,193.97,0.8,652.24,0.81,80.81,0.2,653.49,0.19,80.81,0.21,92.91,0.22,170.47,0.01,0.01,2337.029877,1776268388000
1776268391.341,191.341,0.79,63.91,0.78,219.7,0.8,649.74,0.81,80.81,0.2,652.24,0.19,80.81,0.21,92.91,0.22,193.97,0.01,0.01,2337.021854,1776268389000
1776268392.927,192.927,0.79,82.91,0.78,181.44,0.8,640.79,0.81,80.81,0.2,649.74,0.19,80.81,0.21,63.91,0.22,219.7,0.01,0.01,2336.960684,1776268391000
1776268393.898,193.898,0.79,63.91,0.78,64.44,0.8,634.85,0.81,85.81,0.2,640.79,0.19,80.81,0.21,82.91,0.22,181.44,0.01,0.01,2336.948308,1776268392000
1776268394.162,194.162,0.79,63.91,0.78,181.44,0.8,628.6,0.81,85.81,0.2,634.85,0.19,85.81,0.21,63.91,0.22,64.44,0.01,0.01,2336.948308,1776268392000
1776268395.922,195.922,0.79,163.63,0.78,74.94,0.8,437.9,0.81,185.31,0.2,628.6,0.19,85.81,0.21,63.91,0.22,181.44,0.01,0.01,2336.947014,1776268394000
1776268396.166,196.166,0.79,139.82,0.78,74.94,0.8,387.9,0.81,185.31,0.2,437.9,0.19,185.31,0.21,163.63,0.22,74.94,0.01,0.01,2336.915702,1776268395000
1776268397.05,197.05,0.78,146.05,0.77,167.99,0.79,8.76,0.8,697.08,0.2,387.9,0.19,185.31,0.21,139.82,0.22,74.94,0.01,0.01,2336.915702,1776268395000
1776268397.331,197.331,0.78,1.87,0.77,150.49,0.79,59.26,0.8,212.55,0.21,8.76,0.2,697.08,0.22,146.05,0.23,167.99,0.01,0.01,2336.918554,1776268396000
1776268398.481,198.481,0.76,12.49,0.75,120.0,0.78,724.5,0.79,67.26,0.21,59.26,0.2,212.55,0.22,1.87,0.23,150.49,0.02,0.01,2336.918554,1776268396000
1776268398.738,198.738,0.76,17.49,0.75,95.0,0.78,698.5,0.79,62.26,0.22,724.5,0.21,67.26,0.24,12.49,0.25,120.0,0.02,0.02,2336.92064,1776268397000
1776268399.142,199.142,0.74,17.0,0.73,20.0,0.76,169.5,0.77,60.33,0.23,27.5,0.22,720.5,0.24,2.49,0.25,95.0,0.02,0.01,2336.860926,1776268398000
1776268399.524,199.524,0.74,10.0,0.73,10.0,0.75,187.76,0.76,81.5,0.24,169.5,0.23,60.33,0.26,5.57,0.27,20.0,0.01,0.02,2336.860926,1776268398000
1776268399.804,199.804,0.74,10.0,0.73,10.0,0.75,688.62,0.76,51.5,0.25,177.62,0.24,81.5,0.26,10.0,0.27,10.0,0.01,0.01,2336.860926,1776268398000
1776268400.918,200.918,0.73,10.0,0.72,22.0,0.74,5.62,0.75,761.62,0.25,663.62,0.24,51.5,0.26,10.0,0.27,10.0,0.01,0.01,2336.47504,1776268399000
1776268401.329,201.329,0.73,10.0,0.72,1.49,0.74,103.12,0.75,691.7,0.26,61.12,0.25,681.7,0.28,1.49,0.29,40.5,0.01,0.02,2336.350817,1776268400000
1776268403.713,203.713,0.73,229.63,0.72,32.99,0.74,79.62,0.75,58.08,0.26,103.12,0.25,691.7,0.27,10.0,0.28,1.49,0.01,0.01,2336.284143,1776268402000
1776268404.765,204.765,0.73,29.65,0.72,5.0,0.74,69.2,0.75,73.08,0.25,68.08,0.24,116.33,0.27,334.13,0.28,38.99,0.01,0.02,2336.299663,1776268403000
1776268404.995,204.995,0.71,132.0,0.7,25.0,0.74,212.7,0.75,83.58,0.26,187.7,0.25,83.58,0.27,0.58,0.29,132.0,0.03,0.01,2336.299663,1776268403000
1776268405.324,205.324,0.71,3.55,0.7,25.0,0.72,161.06,0.73,50.5,0.28,64.5,0.27,20.5,0.29,3.55,0.3,25.0,0.01,0.01,2336.299663,1776268403000
1776268405.715,205.715,0.68,10.0,0.67,83.0,0.69,15.08,0.7,104.0,0.29,46.45,0.28,163.9,0.3,25.0,0.31,85.0,0.01,0.01,2336.324072,1776268404000
1776268406.146,206.146,0.67,58.0,0.66,377.0,0.68,187.73,0.69,92.53,0.31,15.08,0.3,104.0,0.32,10.0,0.33,83.0,0.01,0.01,2336.324959,1776268405000
1776268406.825,206.825,0.65,112.14,0.64,25.0,0.68,771.23,0.69,75.58,0.32,187.73,0.31,92.53,0.33,58.0,0.34,377.0,0.03,0.01,2336.324959,1776268405000
1776268407.044,207.044,0.65,684.14,0.64,35.0,0.66,17.0,0.67,27.95,0.32,771.23,0.31,75.58,0.35,112.14,0.36,25.0,0.01,0.03,2336.324959,1776268405000
1776268407.277,207.277,0.65,720.14,0.64,40.0,0.66,33.0,0.67,27.95,0.34,17.0,0.33,27.95,0.35,684.14,0.36,35.0,0.01,0.01,2336.125258,1776268406000
1776268407.49,207.49,0.65,720.14,0.64,40.0,0.66,8.96,0.68,5.0,0.34,27.0,0.33,27.95,0.35,720.14,0.36,40.0,0.01,0.01,2336.125258,1776268406000
1776268408.617,208.617,0.67,26.66,0.66,156.94,0.68,18.06,0.69,10.0,0.32,8.78,0.3,134.0,0.35,725.14,0.36,40.0,0.01,0.03,2335.788335,1776268407000
1776268408.82,208.82,0.67,21.66,0.66,41.94,0.68,17.91,0.69,20.0,0.32,19.53,0.31,20.0,0.33,26.66,0.34,41.94,0.01,0.01,2335.788335,1776268407000
1776268409.314,209.314,0.67,25.18,0.66,158.94,0.68,2.91,0.69,20.0,0.32,17.91,0.31,20.0,0.33,21.66,0.34,41.94,0.01,0.01,2335.908936,1776268408000
1776268409.948,209.948,0.67,130.18,0.66,46.94,0.68,7.91,0.7,498.0,0.32,2.91,0.31,20.0,0.33,25.18,0.34,158.94,0.01,0.01,2335.908936,1776268408000
1776268410.461,210.461,0.67,3.72,0.66,46.94,0.68,7.91,0.69,10.0,0.32,7.91,0.3,498.0,0.33,130.18,0.34,46.94,0.01,0.01,2335.908936,1776268408000
1776268410.801,210.801,0.66,44.94,0.65,36.5,0.68,11.17,0.69,10.0,0.32,6.17,0.31,10.0,0.33,10.0,0.34,46.94,0.02,0.01,2335.981498,1776268409000
1776268411.52,211.52,0.66,31.94,0.65,109.55,0.67,15.17,0.68,16.17,0.32,11.17,0.31,10.0,0.34,44.94,0.35,36.5,0.01,0.02,2335.984157,1776268410000
1776268411.726,211.726,0.66,31.94,0.65,231.55,0.67,8.82,0.68,21.17,0.33,13.42,0.32,21.17,0.34,31.94,0.35,109.55,0.01,0.01,2335.984157,1776268410000
1776268412.536,212.536,0.66,21.94,0.65,10.5,0.67,32.01,0.68,671.62,0.33,8.82,0.32,21.17,0.34,31.94,0.35,231.55,0.01,0.01,2335.974791,1776268411000
1776268413.113,213.113,0.64,298.5,0.63,666.43,0.65,20.0,0.66,22.0,0.33,627.01,0.32,191.62,0.36,35.5,0.37,168.43,0.01,0.03,2335.974791,1776268411000
1776268415.682,215.682,0.63,113.93,0.62,25.3,0.65,70.95,0.66,153.0,0.34,22.0,0.33,45.01,0.36,298.5,0.37,666.43,0.02,0.02,2335.762313,1776268414000
1776268416.288,216.288,0.63,86.45,0.62,25.3,0.64,10.0,0.65,77.0,0.35,81.95,0.34,153.0,0.37,90.78,0.38,25.3,0.01,0.02,2335.724675,1776268415000
1776268416.604,216.604,0.63,1.7,0.61,61.0,0.64,49.95,0.65,77.0,0.36,10.0,0.35,77.0,0.37,24.85,0.38,25.3,0.01,0.01,2335.724675,1776268415000
1776268417.708,217.708,0.61,7.79,0.59,65.0,0.62,93.0,0.63,41.0,0.36,49.95,0.35,99.0,0.39,43.99,0.4,60.0,0.01,0.03,2335.670935,1776268416000
1776268418.196,218.196,0.59,93.56,0.58,280.0,0.6,15.0,0.61,47.95,0.39,42.21,0.38,71.0,0.41,65.0,0.42,340.0,0.01,0.02,2335.41351,1776268417000
1776268418.683,218.683,0.58,135.0,0.57,260.0,0.59,5.0,0.6,10.0,0.4,15.0,0.39,47.95,0.42,280.0,0.43,260.0,0.01,0.02,2335.41351,1776268417000
1776268420.013,220.013,0.54,315.0,0.53,100.0,0.56,49.32,0.57,51.63,0.41,5.0,0.4,10.0,0.42,135.0,0.43,260.0,0.02,0.01,2335.238567,1776268419000
1776268420.244,220.244,0.53,110.0,0.52,134.41,0.55,15.0,0.56,5.0,0.44,49.32,0.43,51.63,0.46,315.0,0.47,100.0,0.02,0.02,2335.238567,1776268419000
1776268420.708,220.708,0.52,135.41,0.51,170.0,0.53,5.0,0.54,19.0,0.45,27.12,0.44,15.0,0.47,55.0,0.48,124.41,0.01,0.02,2335.238567,1776268419000
1776268420.996,220.996,0.52,87.22,0.51,170.0,0.53,5.0,0.54,19.0,0.47,5.0,0.46,19.0,0.48,135.41,0.49,170.0,0.01,0.01,2335.238567,1776268419000
1776268421.207,221.207,0.52,26.63,0.51,160.0,0.53,5.0,0.54,25.0,0.47,5.0,0.46,19.0,0.48,87.22,0.49,170.0,0.01,0.01,2335.238567,1776268419000
1776268421.516,221.516,0.52,26.63,0.51,110.0,0.53,6.0,0.54,25.0,0.47,5.0,0.46,25.0,0.48,26.63,0.49,160.0,0.01,0.01,2335.201192,1776268420000
1776268421.812,221.812,0.52,32.63,0.51,40.0,0.53,10.0,0.54,38.92,0.46,23.92,0.45,27.0,0.48,31.63,0.49,110.0,0.01,0.02,2335.201192,1776268420000
1776268422.081,222.081,0.5,52.0,0.49,190.57,0.51,11.0,0.52,48.95,0.47,52.0,0.46,39.92,0.49,35.0,0.5,50.0,0.01,0.02,2335.134449,1776268421000
1776268422.911,222.911,0.49,179.57,0.48,20.84,0.51,11.0,0.52,53.95,0.49,11.0,0.48,48.95,0.5,52.0,0.51,190.57,0.02,0.01,2335.134449,1776268421000
1776268424.233,224.233,0.49,69.38,0.48,20.84,0.51,16.0,0.52,31.0,0.49,11.0,0.48,53.95,0.51,179.57,0.52,20.84,0.02,0.02,2335.050658,1776268423000
1776268424.557,224.557,0.49,69.38,0.47,36.28,0.51,20.7,0.52,31.0,0.49,16.0,0.48,31.0,0.51,69.38,0.52,20.84,0.02,0.02,2335.050658,1776268423000
1776268425.119,225.119,0.49,7.97,0.47,5.0,0.51,130.65,0.52,41.42,0.49,20.7,0.48,31.0,0.51,69.38,0.53,36.28,0.02,0.02,2334.92013,1776268424000
1776268425.337,225.337,0.47,2.97,0.46,53.0,0.51,130.65,0.52,31.42,0.49,130.65,0.48,31.42,0.51,7.97,0.53,5.0,0.04,0.02,2334.92013,1776268424000
1776268425.572,225.572,0.46,50.15,0.45,25.0,0.48,9.61,0.5,5.0,0.49,130.65,0.48,31.42,0.53,2.97,0.54,53.0,0.02,0.04,2334.92013,1776268424000
1776268425.858,225.858,0.46,10.15,0.45,25.0,0.49,25.0,0.5,15.0,0.52,0.11,0.5,5.0,0.54,50.15,0.55,25.0,0.03,0.02,2334.92013,1776268424000
1776268426.103,226.103,0.44,11.17,0.43,100.0,0.47,10.0,0.48,15.0,0.53,10.0,0.52,10.0,0.54,9.59,0.56,13.89,0.03,0.01,2334.92013,1776268424000
1776268426.561,226.561,0.41,100.0,0.38,7.0,0.42,4.0,0.43,10.0,0.55,10.0,0.53,10.0,0.57,100.0,0.58,25.0,0.01,0.02,2334.692742,1776268425000
1776268426.828,226.828,0.38,3.15,0.37,50.0,0.42,4.0,0.43,10.0,0.58,4.0,0.57,10.0,0.59,42.15,0.62,7.0,0.04,0.01,2334.692742,1776268425000
1776268427.276,227.276,0.38,3.15,0.37,50.0,0.42,10.0,0.43,9.0,0.57,9.0,0.56,10.0,0.59,11.89,0.62,3.15,0.04,0.02,2334.692742,1776268425000
1776268427.539,227.539,0.38,3.15,0.37,50.0,0.39,6.0,0.4,10.0,0.58,10.0,0.57,9.0,0.62,3.15,0.63,50.0,0.01,0.04,2334.72717,1776268426000
1776268427.912,227.912,0.37,13.28,0.36,58.0,0.38,16.0,0.39,6.0,0.61,6.0,0.6,10.0,0.63,50.0,0.64,100.0,0.01,0.02,2334.72717,1776268426000
1776268428.286,228.286,0.36,262.23,0.35,60.0,0.37,11.12,0.49,11.0,0.62,20.57,0.61,11.0,0.64,57.45,0.65,50.0,0.01,0.02,2334.729013,1776268427000
1776268428.513,228.513,0.49,25.0,0.48,15.0,0.5,0.96,0.51,35.0,0.5,1.06,0.49,11.0,0.51,10.0,0.52,10.0,0.01,0.01,2334.729013,1776268427000
1776268428.742,228.742,0.53,10.0,0.52,10.0,0.54,21.09,0.55,37.0,0.46,28.22,0.45,21.0,0.49,29.04,0.5,71.97,0.01,0.03,2334.729013,1776268427000
1776268428.992,228.992,0.55,10.0,0.54,16.38,0.56,2.23,0.57,11.0,0.44,46.0,0.43,11.0,0.46,10.38,0.47,25.0,0.01,0.02,2334.729013,1776268427000
1776268429.5,229.5,0.53,3.38,0.52,10.0,0.56,63.23,0.57,16.0,0.44,2.23,0.43,11.0,0.45,10.0,0.46,16.38,0.03,0.01,2334.729776,1776268428000
1776268429.941,229.941,0.55,25.5,0.54,20.5,0.56,1.23,0.57,16.0,0.44,63.23,0.43,16.0,0.49,16.42,0.5,71.97,0.01,0.05,2334.729776,1776268428000
1776268430.28,230.28,0.56,5.76,0.55,20.5,0.58,56.0,0.59,15.0,0.43,5.38,0.42,45.0,0.44,25.5,0.45,20.5,0.02,0.01,2334.76852,1776268429000
1776268430.49,230.49,0.51,6.73,0.5,71.97,0.58,76.0,0.59,20.0,0.42,76.0,0.41,20.0,0.46,15.9,0.47,16.0,0.07,0.04,2334.76852,1776268429000
1776268431.013,231.013,0.57,157.5,0.56,54.0,0.58,15.0,0.59,20.0,0.42,91.0,0.41,40.0,0.44,4.0,0.45,10.0,0.01,0.02,2334.76852,1776268429000
1776268431.233,231.233,0.63,141.5,0.62,15.0,0.64,50.0,0.65,10.0,0.36,135.0,0.35,10.0,0.39,24.27,0.41,10.0,0.01,0.03,2335.247854,1776268430000
1776268431.891,231.891,0.66,20.0,0.65,10.0,0.67,2.0,0.68,6.17,0.36,50.0,0.35,10.0,0.37,141.5,0.38,15.0,0.01,0.01,2335.247854,1776268430000
1776268434.839,234.839,0.67,83.0,0.66,154.71,0.68,0.23,0.69,65.0,0.33,2.0,0.32,6.17,0.34,20.0,0.35,10.0,0.01,0.01,2335.962161,1776268433000
1776268436.848,236.848,0.67,78.0,0.66,545.0,0.69,15.23,0.7,105.5,0.32,0.23,0.31,65.0,0.33,83.0,0.34,154.71,0.02,0.01,2335.903059,1776268435000
1776268437.811,237.811,0.68,203.0,0.67,84.0,0.7,20.5,0.71,10.0,0.31,13.63,0.3,105.5,0.32,65.0,0.33,73.0,0.02,0.01,2335.965619,1776268436000
1776268438.431,238.431,0.67,129.0,0.66,10.0,0.68,86.5,0.69,75.5,0.3,35.5,0.29,15.0,0.31,4.88,0.32,193.0,0.01,0.01,2335.965612,1776268437000
1776268438.697,238.697,0.67,117.45,0.66,10.0,0.68,76.15,0.69,75.5,0.32,86.5,0.31,75.5,0.33,102.45,0.34,10.0,0.01,0.01,2335.965612,1776268437000
1776268438.988,238.988,0.66,65.0,0.65,76.0,0.68,516.5,0.69,15.5,0.32,76.15,0.31,75.5,0.33,111.45,0.34,10.0,0.02,0.01,2335.965612,1776268437000
1776268439.416,239.416,0.66,83.0,0.65,81.0,0.67,19.0,0.68,516.5,0.32,516.5,0.31,15.5,0.34,65.0,0.35,76.0,0.01,0.02,2335.963618,1776268438000
1776268440.347,240.347,0.66,715.0,0.65,106.0,0.71,60.0,0.72,210.0,0.33,11.01,0.32,516.5,0.34,88.0,0.35,81.0,0.05,0.01,2335.963618,1776268438000
1776268440.869,240.869,0.7,90.0,0.69,70.0,0.71,49.71,0.72,215.0,0.29,60.0,0.28,210.0,0.34,715.0,0.35,106.0,0.01,0.05,2335.963618,1776268438000
1776268441.105,241.105,0.7,81.33,0.69,80.0,0.71,49.71,0.72,215.0,0.29,49.71,0.28,215.0,0.3,90.0,0.31,70.0,0.01,0.01,2335.963618,1776268438000
1776268441.393,241.393,0.7,25.0,0.69,70.0,0.71,41.34,0.72,695.0,0.29,49.71,0.28,215.0,0.3,81.33,0.31,80.0,0.01,0.01,2335.880385,1776268439000
1776268441.644,241.644,0.7,20.0,0.69,21.0,0.71,651.56,0.72,215.0,0.29,41.34,0.28,695.0,0.3,25.0,0.31,70.0,0.01,0.01,2335.880385,1776268439000
1776268442.454,242.454,0.7,8.23,0.69,177.0,0.71,500.0,0.72,215.0,0.29,651.56,0.28,215.0,0.3,20.0,0.31,21.0,0.01,0.01,2335.880385,1776268439000
1776268444.275,244.275,0.7,6.06,0.69,127.0,0.72,822.0,0.73,55.0,0.29,500.0,0.28,215.0,0.3,8.23,0.31,177.0,0.02,0.01,2335.8553,1776268442000
1776268445.964,245.964,0.72,7.0,0.71,34.0,0.73,70.0,0.74,160.0,0.28,822.0,0.27,55.0,0.3,5.72,0.31,127.0,0.01,0.02,2335.880053,1776268444000
1776268447.79,247.79,0.72,80.0,0.71,207.0,0.73,5.0,0.74,120.0,0.27,70.0,0.26,160.0,0.28,7.0,0.29,34.0,0.01,0.01,2335.874522,1776268446000
1776268449.419,249.419,0.74,637.0,0.73,117.0,0.75,7.08,0.76,176.0,0.27,5.0,0.26,120.0,0.28,80.0,0.29,207.0,0.01,0.01,2335.876067,1776268447000
1776268450.519,250.519,0.8,26.0,0.79,45.0,0.83,590.0,0.84,29.58,0.25,7.08,0.24,176.0,0.26,637.0,0.27,117.0,0.03,0.01,2335.872588,1776268448000
1776268450.728,250.728,0.82,15.0,0.81,15.0,0.83,540.45,0.84,29.58,0.17,590.0,0.16,29.58,0.2,26.0,0.21,45.0,0.01,0.03,2335.917465,1776268449000
1776268450.947,250.947,0.82,3.0,0.81,15.0,0.83,644.42,0.84,29.58,0.17,656.24,0.16,19.58,0.18,3.0,0.19,15.0,0.01,0.01,2335.917465,1776268449000
1776268451.413,251.413,0.79,5.0,0.78,21.37,0.82,685.61,0.83,90.94,0.17,644.42,0.16,29.58,0.18,1.44,0.19,15.0,0.03,0.01,2335.917465,1776268449000
1776268451.978,251.978,0.79,5.0,0.78,21.37,0.8,23.96,0.81,23.31,0.18,685.61,0.17,90.94,0.21,5.0,0.22,21.37,0.01,0.03,2335.920823,1776268450000
1776268452.545,252.545,0.78,6.37,0.77,10.0,0.79,163.0,0.8,80.05,0.2,70.21,0.19,73.31,0.21,5.0,0.22,21.37,0.01,0.01,2335.920823,1776268450000
1776268452.995,252.995,0.73,10.0,0.72,10.0,0.74,539.0,0.75,67.0,0.21,171.0,0.2,80.05,0.23,10.0,0.27,45.0,0.01,0.02,2336.091317,1776268451000
1776268453.49,253.49,0.72,10.0,0.71,18.0,0.74,551.29,0.75,92.0,0.26,547.64,0.25,67.0,0.27,10.0,0.28,10.0,0.02,0.01,2336.091317,1776268451000
1776268454.245,254.245,0.72,7.09,0.71,23.0,0.73,60.0,0.74,521.29,0.26,556.29,0.25,92.0,0.29,18.0,0.3,10.0,0.01,0.03,2336.174639,1776268452000
1776268455.329,255.329,0.69,35.0,0.67,20.0,0.72,75.0,0.73,81.0,0.27,60.0,0.26,521.29,0.28,7.09,0.29,23.0,0.03,0.01,2336.073696,1776268453000
1776268456.435,256.435,0.74,24.0,0.73,127.0,0.75,30.0,0.76,17.0,0.28,75.0,0.27,81.0,0.31,35.0,0.33,20.0,0.01,0.03,2335.930093,1776268454000
1776268457.835,257.835,0.74,4.0,0.73,10.0,0.76,681.0,0.77,60.0,0.25,30.0,0.24,17.0,0.26,24.0,0.27,127.0,0.02,0.01,2335.814281,1776268456000
1776268458.408,258.408,0.7,0.93,0.69,20.0,0.75,728.0,0.76,128.12,0.24,681.0,0.23,60.0,0.26,4.0,0.27,10.0,0.05,0.02,2335.814281,1776268456000
1776268459.575,259.575,0.66,78.0,0.65,175.0,0.67,28.11,0.68,20.0,0.25,728.0,0.24,128.12,0.3,0.93,0.31,20.0,0.01,0.05,2335.822086,1776268457000
1776268459.929,259.929,0.65,155.0,0.64,117.0,0.67,26.0,0.68,38.0,0.33,28.11,0.32,20.0,0.34,78.0,0.35,175.0,0.02,0.01,2335.875648,1776268458000
1776268460.482,260.482,0.63,100.0,0.62,172.0,0.64,23.04,0.65,60.0,0.33,26.0,0.32,38.0,0.35,155.0,0.36,117.0,0.01,0.02,2335.875648,1776268458000
1776268461.508,261.508,0.63,20.0,0.62,182.0,0.64,10.75,0.65,142.0,0.36,23.04,0.35,60.0,0.37,100.0,0.38,172.0,0.01,0.01,2335.841681,1776268459000
1776268461.885,261.885,0.63,22.29,0.62,182.0,0.64,10.75,0.65,25.0,0.36,10.75,0.35,142.0,0.37,20.0,0.38,182.0,0.01,0.01,2335.841681,1776268459000
1776268462.248,262.248,0.63,37.29,0.62,60.0,0.67,41.0,0.68,70.0,0.36,10.75,0.35,25.0,0.37,22.29,0.38,182.0,0.04,0.01,2335.652803,1776268460000
1776268463.306,263.306,0.64,20.0,0.63,21.2,0.66,622.0,0.67,96.0,0.33,41.0,0.32,70.0,0.37,31.2,0.38,60.0,0.02,0.04,2335.469997,1776268461000
1776268464.004,264.004,0.64,20.0,0.63,26.2,0.65,609.0,0.66,60.0,0.34,622.0,0.33,96.0,0.36,20.0,0.37,21.2,0.01,0.02,2335.46652,1776268462000
1776268464.457,264.457,0.67,110.0,0.66,693.0,0.69,18.0,0.71,10.0,0.35,5.0,0.34,5.0,0.36,24.61,0.37,673.2,0.02,0.01,2335.46652,1776268462000
1776268464.754,264.754,0.72,7.0,0.71,15.0,0.73,70.0,0.74,100.0,0.27,50.0,0.26,100.0,0.31,5.39,0.32,169.0,0.01,0.04,2335.46652,1776268462000
1776268465.767,265.767,0.75,45.0,0.74,70.0,0.79,37.0,0.8,60.0,0.27,48.08,0.26,100.0,0.28,12.0,0.29,15.0,0.04,0.01,2335.47157,1776268463000
1776268466.093,266.093,0.77,5.0,0.76,10.0,0.79,186.0,0.8,70.0,0.21,37.0,0.2,60.0,0.25,45.0,0.26,70.0,0.02,0.04,2335.474109,1776268464000
1776268466.313,266.313,0.75,10.0,0.74,15.0,0.76,8.36,0.77,17.0,0.21,186.0,0.2,70.0,0.23,5.0,0.24,10.0,0.01,0.02,2335.474109,1776268464000
1776268466.811,266.811,0.71,10.0,0.7,10.0,0.72,21.61,0.73,128.0,0.25,13.0,0.24,65.0,0.27,5.0,0.29,25.0,0.01,0.02,2335.474109,1776268464000
1776268467.088,267.088,0.71,117.08,0.7,15.0,0.72,9.61,0.73,133.0,0.28,21.61,0.27,128.0,0.29,10.0,0.3,10.0,0.01,0.01,2335.474109,1776268464000
1776268467.328,267.328,0.71,117.08,0.7,15.0,0.73,133.0,0.74,56.0,0.28,7.9,0.27,133.0,0.29,117.08,0.3,15.0,0.02,0.01,2335.631295,1776268466000
1776268467.604,267.604,0.72,10.0,0.71,112.08,0.73,148.31,0.74,61.0,0.27,133.0,0.26,56.0,0.29,117.08,0.3,15.0,0.01,0.02,2335.631295,1776268466000
1776268468.139,268.139,0.71,6.0,0.7,5.0,0.72,87.0,0.73,191.31,0.27,148.31,0.26,61.0,0.28,10.0,0.29,112.08,0.01,0.01,2335.631295,1776268466000
1776268469.458,269.458,0.69,4.88,0.68,15.0,0.7,115.57,0.71,187.0,0.28,87.0,0.27,191.31,0.31,4.88,0.32,10.0,0.01,0.03,2335.776716,1776268468000
1776268469.858,269.858,0.68,4.88,0.67,15.0,0.7,105.57,0.71,187.0,0.3,115.57,0.29,187.0,0.31,4.88,0.32,15.0,0.02,0.01,2335.776716,1776268468000
1776268471.456,271.456,0.63,109.59,0.62,85.0,0.65,10.0,0.66,183.0,0.3,105.57,0.29,187.0,0.32,4.88,0.33,15.0,0.02,0.02,2335.600935,1776268470000
1776268471.917,271.917,0.63,119.39,0.62,60.0,0.64,25.0,0.65,21.0,0.36,25.0,0.35,15.0,0.37,96.61,0.38,60.0,0.01,0.01,2335.600935,1776268470000
1776268472.218,272.218,0.63,121.68,0.62,60.0,0.64,20.12,0.65,21.0,0.36,20.24,0.35,21.0,0.37,121.68,0.38,60.0,0.01,0.01,2335.600935,1776268470000
1776268473.088,273.088,0.65,53.74,0.64,26.0,0.66,15.0,0.7,25.0,0.36,19.12,0.35,21.0,0.37,116.68,0.38,65.0,0.01,0.01,2335.601671,1776268471000
1776268473.392,273.392,0.65,181.74,0.64,36.0,0.7,162.0,0.71,10.0,0.34,4.0,0.3,35.0,0.35,181.74,0.36,26.0,0.05,0.01,2335.383397,1776268472000
1776268473.922,273.922,0.68,44.0,0.67,21.0,0.69,27.83,0.7,142.0,0.3,162.0,0.29,10.0,0.35,181.74,0.36,36.0,0.01,0.05,2335.383397,1776268472000
1776268474.778,274.778,0.68,39.0,0.67,26.0,0.69,86.0,0.7,15.0,0.3,21.57,0.29,10.0,0.32,34.0,0.33,26.0,0.01,0.02,2335.340035,1776268473000
1776268475.199,275.199,0.67,16.0,0.66,10.0,0.69,198.0,0.7,15.0,0.31,210.0,0.3,15.0,0.32,21.57,0.33,26.0,0.02,0.01,2335.340035,1776268473000
1776268475.806,275.806,0.71,20.0,0.7,26.0,0.72,22.88,0.74,5.0,0.31,198.0,0.3,15.0,0.33,16.0,0.34,10.0,0.01,0.02,2335.334746,1776268474000
1776268476.717,276.717,0.73,21.0,0.72,20.0,0.74,53.0,0.75,65.0,0.28,22.88,0.26,5.0,0.29,20.0,0.3,26.0,0.01,0.01,2335.408689,1776268475000
1776268477.446,277.446,0.73,5.0,0.72,10.0,0.74,207.46,0.75,90.0,0.26,46.46,0.25,65.0,0.27,21.0,0.28,20.0,0.01,0.01,2335.438476,1776268476000
1776268477.919,277.919,0.68,16.0,0.67,25.0,0.69,12.86,0.7,10.0,0.28,54.0,0.27,10.0,0.32,0.06,0.33,20.0,0.01,0.04,2335.438476,1776268476000
1776268478.673,278.673,0.68,9.37,0.67,142.0,0.69,44.0,0.7,39.0,0.31,12.86,0.3,10.0,0.32,16.0,0.33,25.0,0.01,0.01,2335.467249,1776268477000
1776268479.051,279.051,0.68,10.0,0.67,119.76,0.69,22.0,0.71,20.0,0.31,44.0,0.3,32.0,0.33,104.76,0.34,10.0,0.01,0.02,2335.467249,1776268478000
1776268479.87,279.87,0.63,35.0,0.62,70.0,0.66,37.0,0.67,46.0,0.31,22.0,0.29,20.0,0.32,10.0,0.33,119.76,0.03,0.01,2335.467249,1776268478000
1776268480.441,280.441,0.57,35.0,0.56,10.0,0.58,51.62,0.59,10.0,0.34,37.0,0.33,46.0,0.37,35.0,0.38,70.0,0.01,0.03,2335.467249,1776268478000
1776268480.839,280.839,0.53,102.8,0.52,5.0,0.55,22.0,0.56,10.0,0.44,34.0,0.43,21.0,0.46,5.0,0.47,142.0,0.02,0.02,2335.441148,1776268479000
1776268481.14,281.14,0.53,137.0,0.52,495.0,0.55,4.81,0.56,10.0,0.45,22.0,0.44,10.0,0.47,102.8,0.48,5.0,0.02,0.02,2335.429132,1776268480000
1776268481.413,281.413,0.53,622.0,0.52,10.0,0.56,17.0,0.57,21.0,0.46,0.16,0.45,4.81,0.47,617.0,0.48,15.0,0.03,0.01,2335.429132,1776268480000
1776268482.713,282.713,0.53,142.0,0.52,485.0,0.55,0.01,0.56,17.0,0.46,23.0,0.45,10.56,0.47,5.0,0.48,122.0,0.02,0.01,2335.277092,1776268481000
1776268483.068,283.068,0.5,5.17,0.49,117.0,0.52,25.0,0.53,10.0,0.44,17.0,0.43,21.0,0.47,142.0,0.48,485.0,0.02,0.03,2335.137431,1776268482000
1776268483.397,283.397,0.48,25.0,0.46,495.0,0.51,89.0,0.52,20.0,0.48,25.0,0.47,10.0,0.5,5.17,0.51,117.0,0.03,0.02,2335.137431,1776268482000
1776268483.684,283.684,0.46,67.55,0.45,512.24,0.47,39.0,0.48,10.0,0.49,89.0,0.48,20.0,0.52,25.0,0.54,495.0,0.01,0.03,2335.137431,1776268482000
1776268483.96,283.96,0.46,66.36,0.45,485.0,0.47,39.0,0.48,10.0,0.53,39.0,0.52,10.0,0.54,67.55,0.55,512.24,0.01,0.01,2335.120333,1776268483000
1776268484.165,284.165,0.45,5.0,0.44,110.0,0.46,22.82,0.47,47.0,0.53,39.0,0.52,10.0,0.54,66.36,0.55,485.0,0.01,0.01,2335.120333,1776268483000
1776268484.471,284.471,0.44,222.0,0.43,555.0,0.46,22.82,0.47,37.0,0.54,22.82,0.53,47.0,0.55,5.0,0.56,110.0,0.02,0.01,2335.120333,1776268483000
1776268484.819,284.819,0.44,586.17,0.43,85.0,0.45,20.0,0.46,17.82,0.54,22.82,0.53,37.0,0.56,222.0,0.57,555.0,0.01,0.02,2335.120333,1776268483000
1776268485.354,285.354,0.39,35.0,0.38,50.0,0.44,257.0,0.45,9.77,0.55,4.77,0.54,17.82,0.57,75.0,0.58,30.0,0.05,0.02,2335.127473,1776268484000
1776268485.854,285.854,0.32,10.0,0.28,50.0,0.33,66.96,0.34,25.0,0.56,257.0,0.55,9.77,0.61,35.0,0.62,50.0,0.01,0.05,2335.127473,1776268484000
1776268486.383,286.383,0.05,200.0,0.04,43.0,0.06,25.0,0.07,10.0,0.74,20.0,0.73,10.0,0.75,377.0,0.79,50.0,0.01,0.01,2335.112437,1776268485000
1776268486.625,286.625,0.05,697.0,0.04,20.0,0.06,59.33,0.07,10.0,0.94,20.0,0.93,10.0,0.95,654.37,0.96,20.0,0.01,0.01,2335.112437,1776268485000
1776268487.427,287.427,0.05,485.0,0.04,20.0,0.06,5.33,0.07,10.0,0.94,14.33,0.93,10.0,0.95,682.0,0.96,20.0,0.01,0.01,2334.809373,1776268486000
1776268487.628,287.628,0.04,469.75,0.03,83.0,0.05,25.0,0.06,132.0,0.95,25.0,0.94,132.0,0.96,474.85,0.97,83.0,0.01,0.01,2334.809373,1776268486000
1776268487.955,287.955,0.04,468.01,0.03,88.0,0.05,189.26,0.06,15.0,0.95,72.0,0.94,132.0,0.96,444.83,0.97,88.0,0.01,0.01,2334.809373,1776268486000
1776268488.283,288.283,0.03,568.0,0.02,177.0,0.04,13.25,0.05,174.26,0.95,189.26,0.94,15.0,0.96,468.01,0.97,88.0,0.01,0.01,2334.809373,1776268486000
1776268488.503,288.503,0.03,557.17,0.02,182.0,0.04,10.0,0.05,161.26,0.95,161.26,0.94,15.0,0.97,568.0,0.98,182.0,0.01,0.02,2334.374026,1776268487000
1776268488.77,288.77,0.03,543.61,0.02,182.0,0.04,184.0,0.05,44.26,0.96,62.0,0.95,161.26,0.97,546.86,0.98,182.0,0.01,0.01,2334.374026,1776268487000
1776268489.35,289.35,0.03,517.41,0.02,182.0,0.04,184.0,0.05,44.26,0.96,184.0,0.95,44.26,0.97,518.45,0.98,182.0,0.01,0.01,2333.921839,1776268488000
1776268489.625,289.625,0.03,506.06,0.02,182.0,0.04,269.31,0.05,44.26,0.96,274.31,0.95,44.26,0.97,511.21,0.98,182.0,0.01,0.01,2333.921839,1776268488000
1776268489.839,289.839,0.03,413.11,0.02,182.0,0.04,186.81,0.05,44.26,0.96,181.81,0.95,44.26,0.97,423.58,0.98,182.0,0.01,0.01,2333.921839,1776268488000
1776268490.337,290.337,0.03,382.67,0.02,177.0,0.04,168.81,0.05,44.26,0.96,168.81,0.95,44.26,0.97,388.72,0.98,182.0,0.01,0.01,2333.775111,1776268489000
1776268490.574,290.574,0.03,360.79,0.02,177.0,0.04,159.01,0.05,35.26,0.96,164.01,0.95,35.26,0.97,361.83,0.98,177.0,0.01,0.01,2333.775111,1776268489000
1776268491.198,291.198,0.02,177.0,0.01,1745.0,0.03,196.34,0.04,144.31,0.96,159.01,0.95,35.26,0.97,360.79,0.98,177.0,0.01,0.01,2333.775111,1776268489000
1776268491.6,291.6,0.02,221.36,0.01,1740.0,0.03,201.34,0.04,256.31,0.97,201.34,0.96,139.31,0.98,231.47,0.99,1745.0,0.01,0.01,2333.77749,1776268490000
1776268491.814,291.814,0.02,214.95,0.01,1740.0,0.03,206.34,0.04,256.31,0.97,206.34,0.96,256.31,0.98,220.06,0.99,1740.0,0.01,0.01,2333.77749,1776268490000
1776268492.217,292.217,0.02,204.74,0.01,1623.0,0.03,198.62,0.04,144.31,0.97,203.62,0.96,256.31,0.98,214.95,0.99,1740.0,0.01,0.01,2333.753533,1776268491000
1776268492.582,292.582,0.02,193.74,0.01,1630.76,0.03,193.31,0.04,144.31,0.97,198.62,0.96,144.31,0.98,204.74,0.99,1623.0,0.01,0.01,2333.753533,1776268491000
1776268492.801,292.801,0.02,107.74,0.01,1625.0,0.03,427.31,0.04,144.31,0.97,193.31,0.96,144.31,0.98,163.74,0.99,1630.76,0.01,0.01,2333.753533,1776268491000
1776268493.033,293.033,,,,,0.01,377.35,0.02,209.29,0.98,77.29,0.97,447.31,0.99,1624.9,,,,0.01,2333.753533,1776268491000
1776268493.467,293.467,,,,,0.01,2676.39,0.02,77.29,0.99,377.35,0.98,209.29,,,,,,,2333.788033,1776268492000
1776268494.412,294.412,,,,,0.01,2713.33,0.02,77.29,0.99,2676.39,0.98,77.29,,,,,,,2333.598481,1776268493000
1776268496.586,296.586,,,,,0.01,2508.57,0.02,77.29,0.99,2210.33,0.98,77.29,,,,,,,2333.0507,1776268495000
1776268497.942,297.942,,,,,0.01,7365.72,0.03,343.31,0.99,2508.57,0.98,77.29,,,,,,,2333.06805,1776268496000
1776268499.916,299.916,,,,,0.01,22565.67,0.02,118.0,0.99,7365.72,0.97,343.31,,,,,,,2332.96316,1776268498000

# RESULT,winner=Down,slug=eth-updown-5m-1776268200,ticks=396
