timestamp,elapsed_sec,up_bid_p1,up_bid_s1,up_bid_p2,up_bid_s2,up_ask_p1,up_ask_s1,up_ask_p2,up_ask_s2,down_bid_p1,down_bid_s1,down_bid_p2,down_bid_s2,down_ask_p1,down_ask_s1,down_ask_p2,down_ask_s2,up_spread,down_spread,eth_price,eth_oracle_ts
1776357000.697,0.697,0.5,25.0,0.48,105.0,0.51,2.14,0.52,100.0,0.49,7.14,0.48,100.0,0.5,25.0,0.52,100.0,0.01,0.01,2332.624845,1776356999000
1776357001.151,1.151,0.5,100.0,0.49,70.0,0.52,92.14,0.55,8.88,0.48,97.14,0.45,8.88,0.5,25.0,0.52,175.0,0.02,0.02,2332.624845,1776356999000
1776357001.402,1.402,0.51,5.0,0.5,95.0,0.52,76.29,0.55,8.88,0.48,83.22,0.45,8.88,0.5,95.0,0.51,70.0,0.01,0.02,2332.623932,1776357000000
1776357001.694,1.694,0.51,5.0,0.5,50.0,0.64,25.0,0.65,70.0,0.45,3.24,0.35,70.0,0.49,5.0,0.5,25.0,0.13,0.04,2332.623932,1776357000000
1776357002.026,2.026,0.6,5.0,0.59,5.0,0.64,25.0,0.65,95.0,0.36,25.0,0.35,70.0,0.49,5.0,0.5,50.0,0.04,0.13,2332.623932,1776357000000
1776357003.691,3.691,0.59,10.0,0.58,35.53,0.6,122.65,0.61,115.0,0.36,25.0,0.35,95.0,0.4,5.0,0.41,5.0,0.01,0.04,2333.06789,1776357002000
1776357004.057,4.057,0.59,6.19,0.58,25.53,0.6,15.0,0.61,15.0,0.4,122.65,0.39,115.0,0.41,10.0,0.42,35.53,0.01,0.01,2333.508704,1776357003000
1776357006.848,6.848,0.61,14.5,0.6,85.0,0.62,10.0,0.65,10.0,0.4,1.8,0.39,10.0,0.41,11.19,0.42,30.53,0.01,0.01,2333.528936,1776357006000
1776357007.409,7.409,0.61,24.5,0.6,90.0,0.62,20.0,0.64,5.0,0.38,10.0,0.35,10.0,0.39,14.5,0.4,85.0,0.01,0.01,2333.528936,1776357006000
1776357008.304,8.304,0.65,10.0,0.64,25.0,0.67,40.0,0.68,100.0,0.35,15.0,0.34,5.0,0.39,19.0,0.4,115.0,0.02,0.04,2333.606812,1776357007000
1776357009.181,9.181,0.66,22.05,0.65,10.0,0.67,10.0,0.68,75.0,0.33,40.0,0.32,100.0,0.35,10.0,0.36,25.0,0.01,0.02,2333.606812,1776357007000
1776357009.391,9.391,0.66,17.05,0.65,110.0,0.67,10.0,0.68,75.0,0.33,10.0,0.32,75.0,0.34,22.05,0.35,10.0,0.01,0.01,2333.606812,1776357007000
1776357010.38,10.38,0.66,32.55,0.65,115.0,0.67,10.5,0.68,80.0,0.33,10.0,0.32,75.0,0.34,17.05,0.35,110.0,0.01,0.01,2333.894137,1776357008000
1776357010.848,10.848,0.67,10.0,0.66,17.55,0.68,91.34,0.69,105.5,0.32,65.29,0.31,80.5,0.33,25.5,0.34,37.55,0.01,0.01,2334.129402,1776357009000
1776357011.194,11.194,0.67,2.0,0.66,17.55,0.68,56.92,0.69,70.0,0.32,66.92,0.31,70.0,0.34,17.55,0.35,110.0,0.01,0.02,2334.147417,1776357010000
1776357011.661,11.661,0.67,19.46,0.66,22.55,0.68,56.92,0.69,70.0,0.32,56.92,0.31,70.0,0.33,2.0,0.34,17.55,0.01,0.01,2334.147417,1776357010000
1776357014.098,14.098,0.67,39.46,0.66,37.55,0.68,10.52,0.69,30.5,0.32,56.92,0.31,70.0,0.33,19.46,0.34,22.55,0.01,0.01,2334.234612,1776357012000
1776357017.575,17.575,0.67,174.46,0.66,242.55,0.68,5.0,0.69,10.0,0.32,10.52,0.31,30.5,0.33,39.46,0.34,37.55,0.01,0.01,2334.347743,1776357016000
1776357017.932,17.932,0.69,110.0,0.68,151.5,0.7,2.17,0.71,75.0,0.31,10.0,0.29,90.5,0.33,174.46,0.34,242.55,0.01,0.02,2334.347743,1776357016000
1776357018.515,18.515,0.7,40.76,0.69,36.5,0.71,6.11,0.72,79.5,0.29,25.0,0.28,65.5,0.3,5.26,0.31,136.5,0.01,0.01,2334.347743,1776357016000
1776357019.232,19.232,0.71,35.5,0.7,45.76,0.72,17.61,0.73,40.5,0.28,24.0,0.27,30.0,0.29,20.0,0.3,45.76,0.01,0.01,2334.343247,1776357018000
1776357020.069,20.069,0.72,14.7,0.71,80.5,0.73,25.0,0.74,97.5,0.28,12.21,0.27,40.5,0.29,40.5,0.3,45.76,0.01,0.01,2334.343247,1776357018000
1776357020.297,20.297,0.72,149.28,0.71,170.5,0.73,30.0,0.74,72.5,0.27,25.0,0.26,97.5,0.28,14.7,0.29,80.5,0.01,0.01,2334.343247,1776357018000
1776357020.584,20.584,0.72,150.42,0.71,190.5,0.73,40.5,0.74,82.5,0.27,30.0,0.26,72.5,0.28,149.28,0.29,170.5,0.01,0.01,2334.343247,1776357018000
1776357021.136,21.136,0.72,125.53,0.71,160.5,0.73,40.5,0.74,82.5,0.27,40.5,0.26,82.5,0.28,149.92,0.29,190.5,0.01,0.01,2334.661775,1776357019000
1776357023.599,23.599,0.73,223.5,0.72,275.5,0.74,51.93,0.75,25.0,0.27,40.5,0.26,82.5,0.28,125.53,0.29,160.5,0.01,0.01,2334.719606,1776357021000
1776357024.056,24.056,0.76,187.0,0.75,160.5,0.77,10.06,0.78,20.5,0.25,25.0,0.23,8.0,0.27,224.5,0.28,270.5,0.01,0.02,2334.831079,1776357022000
1776357024.273,24.273,0.76,187.0,0.75,160.5,0.77,8.76,0.78,20.5,0.23,10.06,0.22,20.5,0.24,187.0,0.25,160.5,0.01,0.01,2334.831079,1776357022000
1776357024.682,24.682,0.77,37.0,0.76,145.0,0.78,11.6,0.79,22.0,0.22,6.6,0.21,22.0,0.23,110.0,0.24,175.0,0.01,0.01,2334.871531,1776357023000
1776357025.589,25.589,0.77,10.65,0.76,50.0,0.78,7.0,0.79,42.5,0.22,11.6,0.21,22.0,0.23,37.0,0.24,145.0,0.01,0.01,2334.880604,1776357024000
1776357026.327,26.327,0.77,5.65,0.76,60.5,0.78,6.0,0.79,32.0,0.22,7.0,0.21,42.5,0.23,10.65,0.24,50.0,0.01,0.01,2334.880604,1776357024000
1776357026.786,26.786,0.77,16.15,0.76,60.5,0.78,3.0,0.79,32.0,0.22,6.0,0.21,32.0,0.23,5.65,0.24,60.5,0.01,0.01,2334.880604,1776357024000
1776357027.97,27.97,0.73,6.11,0.71,75.0,0.76,117.34,0.77,137.5,0.22,3.0,0.21,32.0,0.23,16.75,0.24,60.5,0.03,0.01,2334.880604,1776357024000
1776357028.52,28.52,0.72,6.53,0.71,85.0,0.74,80.62,0.75,136.5,0.26,7.12,0.25,139.5,0.27,0.11,0.29,75.0,0.02,0.01,2335.297531,1776357027000
1776357028.977,28.977,0.71,85.0,0.7,45.5,0.73,52.5,0.74,258.62,0.27,15.5,0.26,145.62,0.28,2.95,0.29,85.0,0.02,0.01,2335.297531,1776357027000
1776357032.158,32.158,0.74,67.5,0.73,31.5,0.75,86.66,0.76,127.0,0.27,52.5,0.26,258.62,0.29,85.0,0.3,45.5,0.01,0.02,2334.74031,1776357030000
1776357033.688,33.688,0.74,113.5,0.73,66.5,0.75,70.99,0.76,92.0,0.25,86.66,0.24,127.0,0.26,67.5,0.27,31.5,0.01,0.01,2334.925925,1776357032000
1776357035.069,35.069,0.74,182.5,0.73,56.5,0.76,7.0,0.77,12.0,0.25,70.99,0.24,92.0,0.26,113.5,0.27,66.5,0.02,0.01,2334.968215,1776357033000
1776357035.67,35.67,0.74,55.0,0.73,10.0,0.75,58.5,0.76,452.62,0.24,7.0,0.23,12.0,0.26,182.5,0.27,56.5,0.01,0.02,2334.967408,1776357034000
1776357036.235,36.235,0.74,11.15,0.73,10.0,0.75,22.5,0.76,431.62,0.25,47.5,0.24,441.62,0.26,18.45,0.27,10.0,0.01,0.01,2334.967408,1776357034000
1776357037.203,37.203,0.74,8.45,0.73,10.0,0.75,169.51,0.76,451.62,0.25,27.5,0.24,431.62,0.26,7.3,0.27,10.0,0.01,0.01,2335.123032,1776357035000
1776357037.623,37.623,0.74,3.45,0.73,10.0,0.75,169.51,0.76,426.62,0.25,169.51,0.24,451.62,0.26,8.45,0.27,10.0,0.01,0.01,2334.933328,1776357036000
1776357038.699,38.699,0.74,70.21,0.73,20.5,0.75,122.0,0.76,426.62,0.25,169.51,0.24,426.62,0.26,3.45,0.27,10.0,0.01,0.01,2334.76964,1776357037000
1776357040.13,40.13,0.75,110.2,0.74,54.71,0.76,245.39,0.77,122.0,0.25,122.0,0.24,426.62,0.26,70.21,0.27,20.5,0.01,0.01,2334.760302,1776357039000
1776357041.95,41.95,0.75,103.5,0.74,54.71,0.76,150.39,0.77,132.0,0.24,245.39,0.23,122.0,0.25,110.2,0.26,54.71,0.01,0.01,2334.762511,1776357040000
1776357042.76,42.76,0.75,62.5,0.74,39.71,0.76,155.39,0.77,122.0,0.24,150.39,0.23,132.0,0.25,90.5,0.26,54.71,0.01,0.01,2334.970808,1776357041000
1776357043.014,43.014,0.75,20.5,0.74,25.5,0.76,124.7,0.77,122.0,0.24,155.39,0.23,122.0,0.25,62.5,0.26,39.71,0.01,0.01,2334.970808,1776357041000
1776357043.681,43.681,0.75,5.13,0.74,18.73,0.76,284.2,0.77,132.5,0.24,124.7,0.23,122.0,0.25,20.5,0.26,25.5,0.01,0.01,2334.952742,1776357042000
1776357044.112,44.112,0.74,18.73,0.73,30.0,0.75,2.0,0.76,295.2,0.24,284.2,0.23,132.5,0.25,5.13,0.26,18.73,0.01,0.01,2334.952742,1776357042000
1776357044.784,44.784,0.73,30.0,0.72,30.0,0.74,214.36,0.75,171.5,0.25,51.5,0.24,264.2,0.27,30.0,0.28,40.5,0.01,0.02,2335.065958,1776357043000
1776357045.075,45.075,0.73,16.14,0.72,30.0,0.74,200.36,0.75,166.5,0.26,214.36,0.25,171.5,0.27,30.0,0.28,30.0,0.01,0.01,2335.065958,1776357043000
1776357045.391,45.391,0.71,8.54,0.7,45.5,0.72,214.0,0.73,136.5,0.26,200.36,0.25,166.5,0.28,30.0,0.29,32.49,0.01,0.02,2335.065958,1776357043000
1776357045.666,45.666,0.7,20.0,0.69,25.0,0.72,254.5,0.73,146.5,0.28,214.0,0.27,136.5,0.29,8.54,0.3,45.5,0.02,0.01,2335.016184,1776357044000
1776357046.82,46.82,0.67,80.5,0.66,95.5,0.68,86.0,0.69,110.0,0.29,88.5,0.28,197.5,0.3,20.0,0.31,25.0,0.01,0.01,2334.859266,1776357045000
1776357047.696,47.696,0.67,159.23,0.66,95.5,0.69,115.22,0.7,330.5,0.32,124.41,0.31,154.0,0.33,80.5,0.34,95.5,0.02,0.01,2334.648449,1776357046000
1776357048.296,48.296,0.68,35.0,0.67,129.23,0.69,178.75,0.7,330.5,0.31,115.22,0.3,330.5,0.33,159.23,0.34,95.5,0.01,0.02,2334.648449,1776357046000
1776357049.256,49.256,0.67,113.73,0.66,100.5,0.68,164.51,0.69,193.25,0.31,178.75,0.3,330.5,0.32,35.0,0.33,129.23,0.01,0.01,2334.196469,1776357048000
1776357049.876,49.876,0.67,30.73,0.66,75.0,0.68,250.01,0.69,196.25,0.32,164.51,0.31,193.25,0.33,113.73,0.34,100.5,0.01,0.01,2334.196469,1776357048000
1776357050.276,50.276,0.67,15.57,0.66,75.0,0.68,250.01,0.69,196.25,0.32,250.01,0.31,196.25,0.33,30.73,0.34,75.0,0.01,0.01,2334.24608,1776357049000
1776357052.374,52.374,0.68,26.0,0.67,46.07,0.69,96.14,0.7,220.0,0.32,16.4,0.31,105.72,0.33,15.57,0.34,75.0,0.01,0.01,2333.954783,1776357051000
1776357053.168,53.168,0.68,16.0,0.67,45.57,0.69,101.0,0.7,300.5,0.31,96.14,0.3,220.0,0.32,26.0,0.33,46.07,0.01,0.01,2333.954783,1776357051000
1776357053.66,53.66,0.68,11.0,0.67,30.57,0.69,119.55,0.7,310.5,0.31,101.0,0.3,300.5,0.32,11.0,0.33,45.57,0.01,0.01,2333.899309,1776357052000
1776357053.946,53.946,0.68,11.0,0.67,41.07,0.69,103.1,0.7,290.0,0.31,119.55,0.3,310.5,0.32,11.0,0.33,30.57,0.01,0.01,2333.899309,1776357052000
1776357054.287,54.287,0.68,49.7,0.67,35.5,0.69,88.1,0.7,350.0,0.31,103.1,0.3,290.0,0.33,36.58,0.34,95.5,0.01,0.02,2333.899309,1776357052000
1776357054.524,54.524,0.68,15.0,0.67,25.5,0.69,96.65,0.7,355.0,0.31,82.1,0.3,350.0,0.32,49.7,0.33,35.5,0.01,0.01,2334.037351,1776357053000
1776357054.818,54.818,0.68,15.0,0.67,30.5,0.69,121.2,0.7,355.0,0.31,96.65,0.3,355.0,0.32,15.0,0.33,25.5,0.01,0.01,2334.037351,1776357053000
1776357055.534,55.534,0.68,11.87,0.67,30.5,0.69,126.2,0.7,355.0,0.31,121.2,0.3,355.0,0.32,15.0,0.33,30.5,0.01,0.01,2334.039901,1776357054000
1776357056.202,56.202,0.66,105.0,0.65,60.0,0.68,76.01,0.69,166.7,0.31,126.2,0.3,355.0,0.32,11.87,0.33,30.5,0.02,0.01,2334.039901,1776357054000
1776357057.492,57.492,0.62,75.0,0.61,10.0,0.63,20.5,0.64,89.01,0.32,76.01,0.31,166.7,0.34,105.0,0.35,60.0,0.01,0.02,2334.013424,1776357055000
1776357057.841,57.841,0.6,50.0,0.59,70.0,0.61,4.67,0.63,32.5,0.37,51.94,0.36,94.01,0.38,85.0,0.39,10.0,0.01,0.01,2333.987142,1776357056000
1776357058.733,58.733,0.58,236.03,0.57,45.5,0.59,14.92,0.6,160.0,0.39,32.03,0.38,30.5,0.4,60.0,0.41,70.0,0.01,0.01,2333.876448,1776357057000
1776357059.025,59.025,0.58,302.03,0.57,50.5,0.6,220.0,0.61,79.67,0.41,14.92,0.4,160.0,0.42,236.03,0.43,45.5,0.02,0.01,2333.876448,1776357057000
1776357059.24,59.24,0.59,13.32,0.58,266.03,0.6,225.0,0.61,74.67,0.4,220.0,0.39,79.67,0.42,302.03,0.43,50.5,0.01,0.02,2333.667006,1776357058000
1776357060.178,60.178,0.61,196.7,0.6,138.5,0.62,0.32,0.63,7.0,0.4,225.0,0.39,74.67,0.41,13.32,0.42,266.03,0.01,0.01,2333.667006,1776357058000
1776357061.209,61.209,0.69,21.33,0.68,126.5,0.7,165.0,0.72,25.0,0.37,2.32,0.36,10.0,0.39,235.5,0.4,200.5,0.01,0.02,2333.279378,1776357059000
1776357061.568,61.568,0.69,42.29,0.68,126.5,0.7,165.0,0.72,25.0,0.3,165.0,0.28,25.0,0.31,21.33,0.32,126.5,0.01,0.01,2333.33702,1776357060000
1776357061.978,61.978,0.69,26.29,0.68,131.5,0.7,85.0,0.72,25.0,0.3,165.0,0.28,25.0,0.31,42.29,0.32,126.5,0.01,0.01,2333.33702,1776357060000
1776357062.181,62.181,0.69,53.29,0.68,131.5,0.7,79.62,0.72,95.0,0.3,83.57,0.28,95.0,0.31,53.29,0.32,131.5,0.01,0.01,2333.500852,1776357061000
1776357062.449,62.449,0.7,20.5,0.69,57.29,0.71,68.59,0.72,95.0,0.3,8.3,0.28,95.0,0.31,53.29,0.32,131.5,0.01,0.01,2333.500852,1776357061000
1776357063.218,63.218,0.7,30.5,0.69,126.29,0.71,64.64,0.72,112.89,0.29,68.59,0.28,95.0,0.3,20.5,0.31,57.29,0.01,0.01,2333.500852,1776357061000
1776357063.478,63.478,0.7,32.16,0.69,126.29,0.71,68.23,0.72,112.89,0.29,69.64,0.28,112.89,0.3,32.16,0.31,126.29,0.01,0.01,2334.354353,1776357062000
1776357063.904,63.904,0.7,208.36,0.69,191.29,0.71,49.28,0.72,42.89,0.29,59.28,0.28,130.78,0.3,32.16,0.31,161.29,0.01,0.01,2334.354353,1776357062000
1776357064.105,64.105,0.7,186.91,0.69,181.29,0.71,47.28,0.72,42.89,0.29,49.28,0.28,42.89,0.3,166.91,0.31,181.29,0.01,0.01,2334.401667,1776357063000
1776357064.314,64.314,0.7,207.91,0.69,181.29,0.71,45.74,0.72,42.89,0.29,47.28,0.28,42.89,0.3,186.91,0.31,181.29,0.01,0.01,2334.401667,1776357063000
1776357065.653,65.653,0.7,170.91,0.69,181.29,0.71,66.74,0.72,42.89,0.29,45.74,0.28,42.89,0.3,207.91,0.31,181.29,0.01,0.01,2334.402585,1776357064000
1776357066.267,66.267,0.7,190.91,0.69,187.29,0.71,10.0,0.72,42.89,0.29,66.74,0.28,42.89,0.3,170.91,0.31,181.29,0.01,0.01,2334.480099,1776357065000
1776357066.587,66.587,0.7,210.91,0.69,197.29,0.71,4.0,0.72,42.89,0.29,10.0,0.28,42.89,0.3,190.91,0.31,187.29,0.01,0.01,2334.480099,1776357065000
1776357067.065,67.065,0.7,264.5,0.69,206.29,0.72,17.89,0.73,60.0,0.29,4.0,0.28,42.89,0.3,210.91,0.31,197.29,0.02,0.01,2334.577819,1776357066000
1776357067.614,67.614,0.75,25.5,0.74,25.5,0.76,120.0,0.77,130.0,0.28,17.89,0.27,60.0,0.3,264.5,0.31,206.29,0.01,0.02,2334.577819,1776357066000
1776357068.603,68.603,0.75,255.5,0.74,125.5,0.77,60.0,0.78,45.0,0.24,120.0,0.23,130.0,0.25,25.5,0.26,25.5,0.02,0.01,2334.577819,1776357066000
1776357070.367,70.367,0.75,26.12,0.73,10.0,0.78,120.5,0.79,115.5,0.23,60.0,0.22,45.0,0.25,255.5,0.26,125.5,0.03,0.02,2335.323259,1776357069000
1776357070.779,70.779,0.74,108.26,0.73,10.0,0.75,100.0,0.76,276.89,0.24,9.89,0.23,22.5,0.26,102.26,0.27,15.0,0.01,0.02,2335.323259,1776357069000
1776357071.056,71.056,0.74,130.37,0.73,20.5,0.75,77.0,0.76,217.0,0.25,87.0,0.24,276.89,0.26,96.26,0.27,20.5,0.01,0.01,2335.323259,1776357069000
1776357071.27,71.27,0.74,118.26,0.73,20.5,0.75,72.0,0.76,217.0,0.25,77.0,0.24,217.0,0.26,127.91,0.27,20.5,0.01,0.01,2335.323259,1776357069000
1776357071.502,71.502,0.74,110.56,0.73,10.0,0.75,122.0,0.76,217.0,0.25,122.0,0.24,217.0,0.26,114.41,0.27,10.0,0.01,0.01,2335.525169,1776357070000
1776357071.792,71.792,0.74,106.71,0.73,10.0,0.75,102.0,0.76,217.0,0.25,122.0,0.24,217.0,0.26,110.56,0.27,10.0,0.01,0.01,2335.525169,1776357070000
1776357072.121,72.121,0.74,94.71,0.73,10.0,0.75,164.66,0.76,277.0,0.25,102.0,0.24,217.0,0.26,106.71,0.27,10.0,0.01,0.01,2335.525169,1776357070000
1776357072.339,72.339,0.74,101.71,0.73,10.0,0.75,165.66,0.76,277.0,0.25,164.66,0.24,277.0,0.26,94.71,0.27,10.0,0.01,0.01,2334.942389,1776357071000
1776357072.939,72.939,0.74,105.86,0.73,10.0,0.75,79.66,0.76,277.5,0.25,159.66,0.24,277.0,0.26,95.71,0.27,10.0,0.01,0.01,2334.942389,1776357071000
1776357073.389,73.389,0.74,147.01,0.73,10.0,0.75,153.66,0.76,277.5,0.25,79.66,0.24,277.5,0.26,102.01,0.27,10.0,0.01,0.01,2334.942389,1776357071000
1776357075.083,75.083,0.74,91.98,0.73,10.0,0.75,170.16,0.76,322.5,0.25,153.66,0.24,277.5,0.26,147.01,0.27,10.0,0.01,0.01,2334.658522,1776357073000
1776357075.678,75.678,0.74,72.13,0.73,20.0,0.75,240.16,0.76,202.2,0.25,175.16,0.24,312.5,0.26,85.98,0.27,10.0,0.01,0.01,2334.651156,1776357074000
1776357075.949,75.949,0.71,35.0,0.7,85.0,0.73,7.22,0.75,282.16,0.25,307.16,0.24,202.2,0.26,2.78,0.29,35.0,0.02,0.01,2334.651156,1776357074000
1776357076.318,76.318,0.7,10.0,0.69,95.0,0.72,32.83,0.73,50.0,0.27,7.22,0.25,282.16,0.29,35.0,0.3,85.0,0.02,0.02,2334.651156,1776357074000
1776357078.687,78.687,0.6,111.0,0.59,60.0,0.61,8.36,0.62,10.0,0.29,10.0,0.28,72.83,0.3,6.66,0.31,95.0,0.01,0.01,2334.364176,1776357077000
1776357078.973,78.973,0.6,2.2,0.59,75.5,0.61,43.36,0.62,80.0,0.39,8.36,0.38,10.0,0.4,111.0,0.41,60.0,0.01,0.01,2334.364176,1776357077000
1776357079.234,79.234,0.6,2.2,0.59,60.0,0.61,57.36,0.62,85.0,0.39,43.36,0.38,80.0,0.4,2.2,0.41,75.5,0.01,0.01,2334.364176,1776357077000
1776357079.446,79.446,0.59,60.0,0.58,275.53,0.61,43.36,0.62,85.0,0.39,57.36,0.38,85.0,0.4,2.2,0.41,60.0,0.02,0.01,2334.047826,1776357078000
1776357082.301,82.301,0.58,235.53,0.57,228.15,0.59,3.3,0.6,150.0,0.39,43.36,0.38,85.0,0.41,60.0,0.42,275.53,0.01,0.02,2333.279965,1776357081000
1776357082.733,82.733,0.59,26.0,0.58,276.53,0.6,135.0,0.62,80.0,0.41,3.3,0.4,150.0,0.42,235.53,0.43,228.15,0.01,0.01,2333.279965,1776357081000
1776357082.977,82.977,0.59,46.9,0.58,286.53,0.6,145.0,0.61,10.0,0.4,135.0,0.38,80.0,0.41,26.0,0.42,276.53,0.01,0.01,2333.279965,1776357081000
1776357083.404,83.404,0.59,27.7,0.58,286.53,0.6,133.33,0.61,10.0,0.4,145.0,0.39,10.0,0.41,46.9,0.42,286.53,0.01,0.01,2333.279965,1776357081000
1776357084.43,84.43,0.59,36.0,0.58,271.03,0.6,122.49,0.61,10.0,0.4,133.33,0.39,10.0,0.41,27.7,0.42,286.53,0.01,0.01,2333.167,1776357083000
1776357084.644,84.644,0.59,24.1,0.58,271.03,0.6,122.49,0.61,10.0,0.4,122.49,0.39,10.0,0.41,36.0,0.42,271.03,0.01,0.01,2333.167,1776357083000
1776357086.574,86.574,0.58,270.53,0.57,273.15,0.59,177.0,0.6,40.5,0.4,122.49,0.39,10.0,0.41,24.1,0.42,271.03,0.01,0.01,2333.335834,1776357085000
1776357086.804,86.804,0.57,37.04,0.56,50.0,0.58,50.0,0.59,107.05,0.42,10.0,0.41,217.05,0.43,42.04,0.44,50.0,0.01,0.01,2333.335834,1776357085000
1776357087.117,87.117,0.57,23.81,0.55,50.0,0.58,105.0,0.59,70.0,0.42,105.0,0.41,70.0,0.43,25.1,0.44,50.0,0.01,0.01,2333.335834,1776357085000
1776357089.318,89.318,0.51,14.6,0.5,295.5,0.52,117.0,0.53,225.0,0.44,23.52,0.42,115.0,0.45,50.0,0.46,350.0,0.01,0.01,2332.751625,1776357088000
1776357089.995,89.995,0.5,380.5,0.49,345.5,0.51,10.0,0.52,80.0,0.49,10.0,0.48,110.0,0.5,292.62,0.51,210.5,0.01,0.01,2332.751625,1776357088000
1776357090.303,90.303,0.51,218.5,0.5,431.5,0.52,65.0,0.53,140.0,0.49,10.0,0.48,80.0,0.5,380.5,0.51,345.5,0.01,0.01,2332.697061,1776357089000
1776357090.772,90.772,0.52,162.96,0.51,225.5,0.53,117.71,0.54,20.0,0.47,96.71,0.46,20.0,0.48,10.5,0.49,226.7,0.01,0.01,2332.697061,1776357089000
1776357091.224,91.224,0.52,127.86,0.51,210.5,0.53,94.82,0.54,20.0,0.47,94.82,0.46,20.0,0.48,167.96,0.49,225.5,0.01,0.01,2332.697061,1776357089000
1776357091.634,91.634,0.52,7.91,0.51,50.5,0.53,111.04,0.54,20.0,0.47,112.04,0.46,20.0,0.48,120.5,0.49,210.5,0.01,0.01,2332.601157,1776357090000
1776357091.977,91.977,0.52,40.47,0.51,75.5,0.53,108.04,0.54,20.0,0.47,111.04,0.46,20.0,0.48,7.91,0.49,50.5,0.01,0.01,2332.601157,1776357090000
1776357092.484,92.484,0.52,175.3,0.51,235.5,0.53,65.0,0.54,20.0,0.47,70.0,0.46,20.0,0.48,180.3,0.49,235.5,0.01,0.01,2332.697471,1776357091000
1776357093.162,93.162,0.52,144.3,0.51,235.5,0.53,57.11,0.54,20.0,0.47,59.0,0.46,20.0,0.48,149.3,0.49,235.5,0.01,0.01,2332.697471,1776357091000
1776357093.713,93.713,0.54,140.5,0.53,205.5,0.55,3.18,0.56,23.52,0.47,57.11,0.46,20.0,0.48,144.3,0.49,235.5,0.01,0.01,2332.809957,1776357092000
1776357094.808,94.808,0.62,9.73,0.61,10.0,0.64,105.0,0.65,120.0,0.42,10.0,0.41,24.9,0.45,144.59,0.46,215.5,0.02,0.03,2332.84163,1776357093000
1776357095.025,95.025,0.62,4.73,0.61,10.0,0.63,14.0,0.64,75.0,0.36,75.0,0.35,120.0,0.38,4.73,0.39,10.0,0.01,0.02,2332.84163,1776357093000
1776357095.87,95.87,0.63,10.0,0.62,5.0,0.64,70.31,0.65,130.0,0.36,70.0,0.35,120.0,0.37,10.22,0.38,15.23,0.01,0.01,2333.413296,1776357094000
1776357096.424,96.424,0.62,5.0,0.6,5.0,0.64,165.31,0.65,130.0,0.36,70.31,0.35,130.0,0.37,10.0,0.38,5.0,0.02,0.01,2333.509659,1776357095000
1776357097.013,97.013,0.58,35.0,0.56,50.0,0.59,48.94,0.6,150.0,0.37,10.0,0.36,185.31,0.41,7.5,0.42,10.5,0.01,0.04,2333.509659,1776357095000
1776357098.473,98.473,0.58,35.0,0.57,25.0,0.59,98.5,0.6,235.5,0.41,48.94,0.4,150.0,0.42,35.0,0.44,50.0,0.01,0.01,2333.66756,1776357096000
1776357099.678,99.678,0.59,20.0,0.58,56.0,0.6,215.0,0.62,20.0,0.41,98.5,0.4,235.5,0.42,35.0,0.43,25.0,0.01,0.01,2333.337155,1776357098000
1776357100.249,100.249,0.59,10.0,0.58,30.0,0.6,204.33,0.61,15.0,0.4,215.0,0.38,20.0,0.41,20.0,0.42,56.0,0.01,0.01,2333.337155,1776357098000
1776357100.918,100.918,0.58,30.0,0.57,40.0,0.6,154.33,0.61,10.0,0.4,204.33,0.39,15.0,0.41,10.0,0.42,30.0,0.02,0.01,2333.123178,1776357099000
1776357101.646,101.646,0.58,20.0,0.57,30.0,0.59,18.01,0.6,160.33,0.4,154.33,0.39,10.0,0.42,30.0,0.43,40.0,0.01,0.02,2333.306197,1776357100000
1776357103.211,103.211,0.59,32.5,0.58,110.5,0.6,65.0,0.61,40.0,0.41,18.01,0.4,160.33,0.42,20.0,0.43,30.0,0.01,0.01,2333.306197,1776357101000
1776357105.478,105.478,0.63,76.5,0.62,46.5,0.64,206.43,0.65,165.0,0.4,60.0,0.39,40.0,0.41,37.5,0.42,110.5,0.01,0.01,2333.144303,1776357103000
1776357107.371,107.371,0.63,40.5,0.62,25.5,0.64,136.86,0.65,165.0,0.36,206.43,0.35,165.0,0.37,76.5,0.38,46.5,0.01,0.01,2333.49365,1776357105000
1776357107.592,107.592,0.63,90.5,0.62,195.56,0.64,54.23,0.65,165.0,0.36,71.23,0.35,165.0,0.37,40.5,0.38,183.56,0.01,0.01,2333.49365,1776357105000
1776357108.845,108.845,0.64,25.5,0.63,50.5,0.65,73.46,0.66,125.0,0.35,165.0,0.34,125.0,0.37,95.5,0.38,195.56,0.01,0.02,2333.501276,1776357107000
1776357109.739,109.739,0.63,50.5,0.62,78.56,0.64,30.43,0.65,78.92,0.35,66.92,0.34,125.0,0.36,53.5,0.37,50.5,0.01,0.01,2333.701222,1776357108000
1776357110.28,110.28,0.63,58.5,0.62,83.56,0.64,40.43,0.65,98.92,0.36,30.43,0.35,78.92,0.37,50.5,0.38,78.56,0.01,0.01,2333.72638,1776357109000
1776357112.149,112.149,0.62,58.06,0.6,85.0,0.64,180.93,0.65,109.42,0.36,40.43,0.35,98.92,0.37,58.5,0.38,83.56,0.02,0.01,2333.726363,1776357110000
1776357112.694,112.694,0.62,57.44,0.61,20.5,0.63,52.0,0.64,117.5,0.37,25.5,0.36,175.93,0.38,34.08,0.4,85.0,0.01,0.01,2333.627087,1776357111000
1776357113.596,113.596,0.62,38.28,0.61,20.5,0.63,48.82,0.64,122.5,0.37,32.0,0.36,117.5,0.38,49.28,0.39,20.5,0.01,0.01,2333.610604,1776357112000
1776357114.019,114.019,0.64,10.0,0.63,73.5,0.65,78.43,0.66,130.0,0.37,48.82,0.36,122.5,0.38,38.28,0.39,20.5,0.01,0.01,2333.610604,1776357112000
1776357115.768,115.768,0.64,47.72,0.63,80.5,0.65,69.94,0.66,135.0,0.35,78.43,0.34,130.0,0.36,17.22,0.37,73.5,0.01,0.01,2333.443795,1776357114000
1776357116.393,116.393,0.64,75.72,0.63,80.5,0.65,43.4,0.66,135.0,0.35,44.94,0.34,135.0,0.36,65.72,0.37,80.5,0.01,0.01,2333.573031,1776357115000
1776357117.86,117.86,0.65,36.21,0.64,62.72,0.66,65.0,0.67,190.0,0.35,41.86,0.34,135.0,0.36,75.72,0.37,80.5,0.01,0.01,2333.645478,1776357116000
1776357121.05,121.05,0.64,106.75,0.63,110.5,0.65,53.84,0.66,123.0,0.34,65.0,0.33,190.0,0.35,36.21,0.36,62.72,0.01,0.01,2333.8132,1776357119000
1776357121.261,121.261,0.64,56.25,0.63,110.5,0.65,43.84,0.66,103.5,0.35,73.84,0.34,133.5,0.36,71.75,0.37,110.5,0.01,0.01,2333.83495,1776357120000
1776357121.843,121.843,0.64,53.47,0.63,105.5,0.65,22.0,0.66,93.0,0.35,43.84,0.34,103.5,0.36,56.25,0.37,110.5,0.01,0.01,2333.83495,1776357120000
1776357122.354,122.354,0.64,50.69,0.63,105.5,0.65,54.9,0.66,103.5,0.35,22.0,0.34,103.5,0.36,60.69,0.37,110.5,0.01,0.01,2333.811837,1776357121000
1776357122.748,122.748,0.64,94.19,0.63,110.5,0.65,35.26,0.66,93.0,0.35,54.9,0.34,103.5,0.36,50.69,0.37,105.5,0.01,0.01,2333.811837,1776357121000
1776357123.103,123.103,0.65,50.5,0.64,66.19,0.66,64.0,0.67,195.0,0.35,35.26,0.34,93.0,0.36,94.19,0.37,110.5,0.01,0.01,2333.811837,1776357121000
1776357127.353,127.353,0.69,116.5,0.68,25.5,0.7,58.0,0.71,80.5,0.33,190.0,0.32,250.0,0.34,69.75,0.35,58.5,0.01,0.01,2334.033104,1776357125000
1776357128.337,128.337,0.64,51.81,0.63,100.4,0.65,24.28,0.66,30.0,0.3,58.0,0.29,80.5,0.31,116.5,0.32,25.5,0.01,0.01,2334.095209,1776357127000
1776357128.653,128.653,0.64,16.81,0.63,100.4,0.65,10.0,0.66,107.0,0.35,24.28,0.34,30.0,0.36,51.81,0.37,100.4,0.01,0.01,2334.095209,1776357127000
1776357129.132,129.132,0.64,3.99,0.63,65.4,0.65,106.5,0.66,102.5,0.35,10.0,0.34,107.0,0.36,16.81,0.37,100.4,0.01,0.01,2334.095209,1776357127000
1776357129.382,129.382,0.63,65.4,0.62,35.0,0.65,190.5,0.66,82.5,0.35,106.5,0.34,102.5,0.36,3.99,0.37,65.4,0.02,0.01,2334.095209,1776357127000
1776357131.82,131.82,0.57,110.0,0.56,60.0,0.59,143.5,0.6,62.5,0.35,190.5,0.34,82.5,0.37,65.4,0.38,35.0,0.02,0.02,2333.276013,1776357130000
1776357132.26,132.26,0.51,50.0,0.5,446.0,0.52,5.41,0.56,20.0,0.41,143.5,0.4,62.5,0.43,110.0,0.44,60.0,0.01,0.02,2333.119331,1776357131000
1776357132.631,132.631,0.5,360.5,0.49,520.5,0.53,10.0,0.54,80.0,0.48,5.41,0.45,10.0,0.5,286.0,0.51,500.0,0.03,0.02,2333.119331,1776357131000
1776357132.922,132.922,0.51,10.0,0.5,316.5,0.53,1.58,0.54,80.0,0.47,6.58,0.46,80.0,0.5,321.5,0.51,520.5,0.02,0.03,2333.119331,1776357131000
1776357133.125,133.125,0.52,1.0,0.51,5.0,0.53,67.08,0.54,90.5,0.47,1.58,0.46,80.0,0.49,10.0,0.5,316.5,0.01,0.02,2333.119331,1776357131000
1776357133.484,133.484,0.5,192.16,0.49,510.5,0.51,16.0,0.52,16.0,0.47,72.08,0.46,95.5,0.5,196.0,0.51,510.5,0.01,0.03,2333.119331,1776357131000
1776357133.854,133.854,0.5,142.16,0.49,515.5,0.51,19.03,0.52,16.0,0.49,16.0,0.48,16.0,0.5,192.16,0.51,510.5,0.01,0.01,2332.978832,1776357132000
1776357135.331,135.331,0.5,149.16,0.49,526.91,0.51,0.9,0.52,21.0,0.49,19.03,0.48,16.0,0.5,142.16,0.51,515.5,0.01,0.01,2332.847214,1776357133000
1776357136.112,136.112,0.53,6.0,0.52,25.5,0.54,10.0,0.55,70.0,0.49,0.9,0.48,21.0,0.5,149.16,0.51,526.91,0.01,0.01,2332.809516,1776357134000
1776357137.608,137.608,0.56,7.0,0.55,15.0,0.57,71.0,0.58,35.0,0.46,10.0,0.45,70.0,0.47,29.37,0.48,37.5,0.01,0.01,2332.790772,1776357136000
1776357139.616,139.616,0.61,9.87,0.6,20.5,0.62,105.0,0.63,180.5,0.43,71.0,0.42,35.0,0.44,7.0,0.45,15.0,0.01,0.01,2332.950362,1776357138000
1776357139.929,139.929,0.61,4.74,0.6,20.5,0.62,111.0,0.63,180.5,0.38,105.0,0.37,180.5,0.39,9.87,0.4,20.5,0.01,0.01,2332.950362,1776357138000
1776357140.928,140.928,0.59,5.0,0.57,30.0,0.6,78.4,0.61,35.5,0.38,111.0,0.37,180.5,0.39,4.74,0.4,20.5,0.01,0.01,2333.185442,1776357139000
1776357141.157,141.157,0.59,0.12,0.57,25.0,0.6,113.5,0.61,40.5,0.4,78.5,0.39,40.5,0.41,2.56,0.43,25.0,0.01,0.01,2333.185442,1776357139000
1776357141.523,141.523,0.56,15.0,0.55,20.5,0.57,32.5,0.58,41.5,0.4,168.5,0.39,40.5,0.43,25.0,0.44,10.0,0.01,0.03,2333.38442,1776357140000
1776357142.415,142.415,0.55,42.0,0.54,25.0,0.56,39.46,0.57,36.5,0.43,32.5,0.42,41.5,0.44,15.0,0.45,20.5,0.01,0.01,2333.384894,1776357141000
1776357144.472,144.472,0.49,550.0,0.48,275.0,0.54,168.5,0.55,106.5,0.44,39.46,0.43,36.5,0.45,42.0,0.46,25.0,0.05,0.01,2332.987504,1776357143000
1776357145.54,145.54,0.49,300.0,0.48,275.0,0.5,17.26,0.51,80.0,0.46,168.5,0.45,106.5,0.51,550.0,0.52,275.0,0.01,0.05,2332.84146,1776357144000
1776357146.465,146.465,0.53,10.0,0.52,15.0,0.54,4.4,0.55,171.5,0.5,17.26,0.49,80.0,0.51,300.0,0.52,275.0,0.01,0.01,2332.622319,1776357145000
1776357146.759,146.759,0.52,5.2,0.51,10.0,0.53,10.0,0.54,19.4,0.46,14.4,0.45,171.5,0.48,4.37,0.49,20.0,0.01,0.02,2332.622319,1776357145000
1776357147.092,147.092,0.54,49.3,0.52,5.2,0.55,171.5,0.56,20.0,0.47,10.0,0.46,19.4,0.48,5.2,0.49,10.0,0.01,0.01,2332.622319,1776357145000
1776357147.328,147.328,0.54,29.3,0.53,5.0,0.55,177.53,0.56,20.0,0.45,171.5,0.44,20.0,0.46,29.3,0.47,5.0,0.01,0.01,2332.38733,1776357146000
1776357147.569,147.569,0.54,32.18,0.53,5.0,0.55,177.53,0.56,20.0,0.45,177.53,0.44,20.0,0.46,35.77,0.47,5.0,0.01,0.01,2332.38733,1776357146000
1776357147.839,147.839,0.54,37.18,0.53,5.0,0.55,166.29,0.56,20.0,0.45,177.53,0.44,20.0,0.46,32.18,0.47,5.0,0.01,0.01,2332.38733,1776357146000
1776357148.918,148.918,0.54,32.18,0.53,10.5,0.55,156.47,0.56,30.5,0.45,166.29,0.44,20.0,0.46,37.18,0.47,5.0,0.01,0.01,2332.421895,1776357147000
1776357149.246,149.246,0.54,32.18,0.52,55.5,0.55,161.47,0.56,30.5,0.45,156.47,0.44,30.5,0.46,32.18,0.47,10.5,0.01,0.01,2332.69262,1776357148000
1776357149.471,149.471,0.54,28.87,0.52,55.5,0.55,166.47,0.56,30.5,0.45,161.47,0.44,30.5,0.46,32.18,0.48,55.5,0.01,0.01,2332.69262,1776357148000
1776357149.803,149.803,0.54,97.37,0.53,29.5,0.55,159.65,0.56,10.0,0.45,166.47,0.44,30.5,0.46,28.87,0.48,55.5,0.01,0.01,2332.69262,1776357148000
1776357150.661,150.661,0.57,9.74,0.56,85.5,0.58,64.6,0.59,29.8,0.45,159.65,0.44,10.0,0.46,97.37,0.47,29.5,0.01,0.01,2332.685824,1776357149000
1776357151.519,151.519,0.6,25.5,0.59,76.7,0.61,136.95,0.62,35.0,0.42,64.6,0.41,29.8,0.43,9.74,0.44,85.5,0.01,0.01,2332.747736,1776357150000
1776357153.808,153.808,0.57,85.24,0.56,45.5,0.61,172.24,0.62,55.5,0.39,103.74,0.38,35.0,0.4,35.5,0.41,35.5,0.04,0.01,2333.283381,1776357152000
1776357155.094,155.094,0.6,23.0,0.59,30.5,0.61,108.74,0.62,45.5,0.42,52.0,0.41,15.0,0.43,85.0,0.44,45.5,0.01,0.01,2333.323964,1776357153000
1776357155.721,155.721,0.6,24.77,0.59,36.5,0.62,35.0,0.63,160.0,0.39,108.74,0.38,45.5,0.4,23.0,0.41,30.5,0.02,0.01,2333.329445,1776357154000
1776357158.795,158.795,0.63,50.79,0.62,55.5,0.64,12.0,0.65,70.0,0.38,35.0,0.37,160.0,0.4,24.77,0.41,36.5,0.01,0.02,2333.499295,1776357157000
1776357159.021,159.021,0.63,50.79,0.62,55.5,0.64,5.75,0.65,80.5,0.36,12.0,0.35,70.0,0.37,50.79,0.38,55.5,0.01,0.01,2333.499295,1776357157000
1776357160.592,160.592,0.6,25.0,0.59,130.0,0.62,65.0,0.63,70.0,0.36,5.75,0.35,80.5,0.37,50.79,0.38,55.5,0.02,0.01,2333.568417,1776357159000
1776357161.123,161.123,0.61,5.0,0.6,20.5,0.62,96.5,0.63,99.5,0.38,65.0,0.37,70.0,0.4,25.0,0.41,130.0,0.01,0.02,2333.568417,1776357159000
1776357161.535,161.535,0.61,5.0,0.6,30.5,0.62,94.88,0.63,109.5,0.38,96.5,0.37,99.5,0.39,5.0,0.4,20.5,0.01,0.01,2333.368755,1776357160000
1776357161.794,161.794,0.61,12.43,0.6,30.5,0.62,94.88,0.63,109.5,0.38,94.88,0.37,109.5,0.39,5.0,0.4,30.5,0.01,0.01,2333.368755,1776357160000
1776357162.474,162.474,0.61,12.43,0.6,41.5,0.62,67.0,0.63,80.0,0.38,94.88,0.37,109.5,0.39,12.43,0.4,30.5,0.01,0.01,2333.32142,1776357161000
1776357163.048,163.048,0.61,27.93,0.6,71.5,0.62,68.38,0.63,80.0,0.38,67.0,0.37,80.0,0.39,12.43,0.4,41.5,0.01,0.01,2333.32142,1776357161000
1776357163.384,163.384,0.61,37.93,0.6,76.5,0.62,49.78,0.63,85.0,0.38,68.38,0.37,80.0,0.39,27.93,0.4,71.5,0.01,0.01,2333.306603,1776357162000
1776357166.236,166.236,0.68,10.0,0.67,16.0,0.69,15.69,0.7,245.0,0.38,49.78,0.37,85.0,0.39,37.93,0.4,76.5,0.01,0.01,2333.94825,1776357165000
1776357166.524,166.524,0.67,11.72,0.66,10.0,0.69,34.69,0.7,245.0,0.31,39.69,0.3,245.0,0.33,11.72,0.34,10.0,0.02,0.02,2333.94825,1776357165000
1776357166.847,166.847,0.67,11.72,0.66,15.0,0.7,220.0,0.71,220.0,0.31,34.69,0.3,245.0,0.33,11.72,0.34,10.0,0.03,0.02,2333.94825,1776357165000
1776357167.299,167.299,0.68,8.68,0.67,11.72,0.7,95.0,0.71,220.0,0.3,220.0,0.29,220.0,0.32,25.01,0.33,11.72,0.02,0.02,2334.040609,1776357166000
1776357168.552,168.552,0.69,10.0,0.68,3.68,0.71,193.5,0.72,360.5,0.3,95.0,0.29,220.0,0.32,8.68,0.33,11.72,0.02,0.02,2333.960262,1776357167000
1776357168.998,168.998,0.69,10.0,0.68,10.0,0.71,217.5,0.72,360.5,0.29,193.5,0.28,360.5,0.31,10.0,0.32,3.68,0.02,0.02,2333.960262,1776357167000
1776357169.288,169.288,0.69,10.0,0.68,62.94,0.71,153.5,0.72,360.5,0.29,153.5,0.28,360.5,0.33,11.72,0.34,15.0,0.02,0.04,2333.947438,1776357168000
1776357170.14,170.14,0.68,56.94,0.67,10.0,0.69,6.0,0.7,52.5,0.3,3.5,0.29,153.5,0.31,10.0,0.32,62.94,0.01,0.01,2333.947438,1776357168000
1776357170.453,170.453,0.68,53.81,0.67,10.0,0.69,6.0,0.7,32.5,0.31,6.0,0.3,52.5,0.32,56.94,0.33,10.0,0.01,0.01,2333.900157,1776357169000
1776357170.805,170.805,0.68,50.68,0.67,10.0,0.69,44.0,0.7,3.5,0.31,6.0,0.3,21.5,0.32,53.81,0.33,10.0,0.01,0.01,2333.900157,1776357169000
1776357171.833,171.833,0.65,10.0,0.64,35.0,0.69,143.0,0.7,13.5,0.31,44.0,0.3,3.5,0.32,50.68,0.33,10.0,0.04,0.01,2333.813921,1776357170000
1776357172.528,172.528,0.61,10.0,0.6,45.0,0.63,5.7,0.64,98.0,0.31,143.0,0.3,13.5,0.35,10.0,0.36,35.0,0.02,0.04,2333.732355,1776357171000
1776357173.112,173.112,0.63,21.01,0.62,15.0,0.64,80.0,0.65,80.0,0.37,5.7,0.36,98.0,0.39,10.0,0.4,45.0,0.01,0.02,2333.641322,1776357172000
1776357173.938,173.938,0.62,12.36,0.61,71.0,0.64,120.75,0.65,85.0,0.36,77.75,0.35,80.0,0.37,32.0,0.38,10.0,0.02,0.01,2333.641322,1776357172000
1776357174.205,174.205,0.61,5.0,0.6,56.0,0.63,24.41,0.64,120.75,0.36,120.75,0.35,85.0,0.38,11.12,0.39,71.0,0.02,0.02,2333.39285,1776357173000
1776357174.798,174.798,0.6,35.0,0.59,40.0,0.61,7.86,0.62,16.0,0.37,24.41,0.36,120.75,0.39,5.0,0.4,56.0,0.01,0.02,2333.39285,1776357173000
1776357177.531,177.531,0.62,11.0,0.61,20.0,0.64,62.75,0.65,70.0,0.39,7.86,0.38,16.0,0.4,35.0,0.41,40.0,0.02,0.01,2333.281036,1776357176000
1776357178.055,178.055,0.63,35.0,0.62,11.0,0.64,61.18,0.65,90.5,0.36,62.75,0.35,70.0,0.38,11.0,0.39,20.0,0.01,0.02,2333.281036,1776357176000
1776357179.359,179.359,0.63,30.0,0.62,1.0,0.64,109.05,0.65,90.5,0.36,61.18,0.35,90.5,0.37,35.0,0.38,11.0,0.01,0.01,2333.332266,1776357178000
1776357181.562,181.562,0.61,66.0,0.6,27.0,0.64,63.0,0.65,10.5,0.36,109.05,0.35,90.5,0.37,30.0,0.38,1.0,0.03,0.01,2333.357075,1776357179000
1776357181.78,181.78,0.61,60.0,0.6,17.0,0.64,9.0,0.65,10.0,0.34,6.38,0.33,16.0,0.39,66.0,0.4,27.0,0.03,0.05,2333.357075,1776357179000
1776357182.329,182.329,0.6,17.0,0.59,57.0,0.62,9.0,0.64,14.0,0.36,9.0,0.35,10.0,0.39,60.0,0.4,17.0,0.02,0.03,2333.297269,1776357180000
1776357182.962,182.962,0.6,0.5,0.59,7.0,0.62,80.0,0.63,10.0,0.38,79.0,0.36,5.0,0.4,3.0,0.41,7.0,0.02,0.02,2333.219944,1776357182000
1776357184.147,184.147,0.57,240.0,0.56,50.0,0.6,10.0,0.61,10.0,0.38,80.0,0.37,10.0,0.4,0.5,0.41,7.0,0.03,0.02,2333.176209,1776357183000
1776357184.774,184.774,0.57,85.5,0.56,50.0,0.58,20.0,0.59,10.0,0.4,10.0,0.39,10.0,0.43,240.0,0.44,50.0,0.01,0.03,2333.176209,1776357183000
1776357185.09,185.09,0.54,28.87,0.53,89.0,0.58,20.0,0.59,20.0,0.42,20.0,0.41,10.0,0.43,85.5,0.44,50.0,0.04,0.01,2333.176209,1776357183000
1776357185.463,185.463,0.49,50.0,0.48,360.0,0.55,11.11,0.57,10.02,0.45,11.11,0.43,10.02,0.47,0.21,0.48,144.4,0.06,0.02,2333.160888,1776357184000
1776357185.987,185.987,0.48,290.0,0.47,250.0,0.49,70.0,0.5,9.0,0.45,11.11,0.43,10.02,0.51,50.0,0.52,360.0,0.01,0.06,2333.160888,1776357184000
1776357186.344,186.344,0.48,160.03,0.47,250.0,0.49,66.8,0.5,19.0,0.51,70.0,0.5,9.0,0.52,267.92,0.53,250.0,0.01,0.01,2332.873065,1776357185000
1776357187.102,187.102,0.46,39.5,0.45,314.5,0.49,15.0,0.51,60.2,0.51,66.8,0.5,19.0,0.52,160.03,0.53,250.0,0.03,0.01,2332.873065,1776357185000
1776357187.33,187.33,0.46,2.04,0.45,64.5,0.48,9.61,0.49,15.0,0.52,9.61,0.51,15.0,0.54,3.9,0.55,314.5,0.02,0.02,2332.873065,1776357185000
1776357187.538,187.538,0.4,14.3,0.39,122.24,0.48,26.23,0.49,169.0,0.52,19.23,0.51,147.0,0.58,7.74,0.59,94.9,0.08,0.06,2332.39113,1776357186000
1776357187.783,187.783,0.39,10.4,0.38,15.3,0.42,8.62,0.46,5.0,0.58,8.62,0.52,26.23,0.61,118.6,0.62,15.3,0.03,0.03,2332.39113,1776357186000
1776357188.008,188.008,0.38,11.88,0.37,115.4,0.41,8.47,0.46,5.0,0.59,8.47,0.54,5.0,0.61,3.41,0.62,15.3,0.03,0.02,2332.39113,1776357186000
1776357188.258,188.258,0.24,15.9,0.23,20.3,0.31,46.16,0.36,50.0,0.69,46.16,0.64,50.0,0.76,15.9,0.77,20.3,0.07,0.07,2332.234451,1776357187000
1776357188.482,188.482,0.11,86.79,0.1,50.0,0.13,9.47,0.14,10.0,0.81,10.0,0.8,10.0,0.89,86.79,0.9,50.0,0.02,0.08,2332.234451,1776357187000
1776357188.687,188.687,0.1,46.33,0.09,55.0,0.11,13.67,0.12,10.0,0.89,217.01,0.88,10.0,0.9,46.33,0.91,55.0,0.01,0.01,2332.234451,1776357187000
1776357188.894,188.894,0.09,53.9,0.08,90.9,0.16,7.62,0.17,10.0,0.89,11.0,0.88,10.0,0.91,53.9,0.92,90.9,0.07,0.02,2332.234451,1776357187000
1776357189.125,189.125,0.11,20.0,0.1,47.37,0.12,10.0,0.13,3.83,0.87,3.83,0.86,10.0,0.9,47.37,0.91,97.9,0.01,0.03,2330.054415,1776357188000
1776357189.576,189.576,0.11,97.38,0.1,67.28,0.12,7.44,0.13,32.94,0.88,10.0,0.87,2.94,0.89,77.38,0.9,57.28,0.01,0.01,2330.054415,1776357188000
1776357189.795,189.795,0.11,86.2,0.1,67.28,0.13,25.24,0.14,10.0,0.87,32.94,0.86,10.0,0.89,86.2,0.9,67.28,0.02,0.02,2330.054415,1776357188000
1776357190.026,190.026,0.12,34.96,0.11,42.0,0.13,25.24,0.14,10.0,0.87,25.24,0.86,10.0,0.9,20.97,0.91,53.9,0.01,0.03,2330.054415,1776357188000
1776357190.382,190.382,0.13,52.88,0.12,21.1,0.14,10.0,0.15,10.0,0.86,10.0,0.85,10.0,0.88,28.89,0.89,87.0,0.01,0.02,2328.76485,1776357189000
1776357190.676,190.676,0.13,38.28,0.12,26.1,0.17,2.29,0.18,10.0,0.83,2.29,0.82,10.0,0.87,40.33,0.88,26.1,0.04,0.04,2328.76485,1776357189000
1776357190.943,190.943,0.16,12.82,0.13,37.13,0.17,2.29,0.18,10.0,0.83,2.29,0.82,10.0,0.84,12.82,0.87,37.13,0.01,0.01,2328.76485,1776357189000
1776357191.184,191.184,0.13,30.45,0.12,26.1,0.17,19.0,0.2,8.0,0.83,19.0,0.8,8.0,0.87,36.13,0.88,26.1,0.04,0.04,2328.76485,1776357189000
1776357191.415,191.415,0.16,10.03,0.13,30.45,0.23,129.69,0.24,10.0,0.8,7.0,0.77,129.69,0.87,30.45,0.88,26.1,0.07,0.07,2329.04982,1776357190000
1776357191.737,191.737,0.14,5.0,0.13,30.45,0.19,10.0,0.2,7.0,0.82,7.0,0.77,129.69,0.84,7.98,0.87,30.45,0.05,0.02,2329.04982,1776357190000
1776357192.075,192.075,0.16,30.76,0.14,10.0,0.2,2.0,0.21,10.0,0.83,10.0,0.81,10.0,0.84,15.76,0.87,45.45,0.04,0.01,2329.04982,1776357190000
1776357192.304,192.304,0.15,4.44,0.14,20.0,0.16,10.0,0.17,17.0,0.79,66.52,0.78,10.0,0.84,5.0,0.86,10.0,0.01,0.05,2329.04982,1776357190000
1776357192.592,192.592,0.14,14.42,0.13,58.45,0.16,5.0,0.17,17.0,0.84,10.0,0.83,17.0,0.86,14.42,0.87,58.45,0.02,0.02,2329.626527,1776357191000
1776357193.631,193.631,0.15,17.29,0.14,24.42,0.16,5.0,0.25,16.66,0.84,5.0,0.83,17.0,0.86,14.42,0.87,58.45,0.01,0.02,2329.751862,1776357192000
1776357193.982,193.982,0.18,15.92,0.17,39.0,0.23,13.0,0.25,11.66,0.77,13.0,0.75,11.66,0.82,18.0,0.83,9.0,0.05,0.05,2329.751862,1776357192000
1776357194.315,194.315,0.19,9.46,0.18,10.0,0.23,10.0,0.24,16.0,0.76,10.0,0.75,21.66,0.83,35.32,0.84,63.44,0.04,0.07,2329.752721,1776357193000
1776357194.563,194.563,0.2,4.78,0.19,100.0,0.25,15.0,0.26,83.75,0.75,5.0,0.74,76.75,0.76,8.68,0.77,10.0,0.05,0.01,2329.752721,1776357193000
1776357195.004,195.004,0.2,11.17,0.19,80.0,0.25,10.0,0.26,86.75,0.75,15.0,0.74,83.75,0.8,4.78,0.81,100.0,0.05,0.05,2329.752721,1776357193000
1776357195.585,195.585,0.18,5.0,0.16,70.0,0.23,14.49,0.24,10.0,0.74,86.75,0.73,80.0,0.78,5.05,0.85,14.17,0.05,0.04,2330.091578,1776357194000
1776357196.178,196.178,0.13,23.02,0.12,21.1,0.18,28.0,0.19,18.0,0.77,14.49,0.76,10.0,0.82,5.0,0.84,70.0,0.05,0.05,2330.091578,1776357194000
1776357196.471,196.471,0.13,28.02,0.12,21.1,0.18,16.95,0.19,25.0,0.83,8.79,0.82,28.0,0.87,28.02,0.88,21.1,0.05,0.04,2330.383304,1776357195000
1776357196.723,196.723,0.13,22.07,0.12,21.1,0.19,14.05,0.2,25.0,0.81,21.05,0.8,18.0,0.85,6.0,0.87,23.02,0.06,0.04,2330.383304,1776357195000
1776357196.985,196.985,0.13,24.83,0.12,9.1,0.14,20.0,0.15,2.26,0.85,2.26,0.84,20.0,0.87,42.32,0.88,21.1,0.01,0.02,2330.383304,1776357195000
1776357197.203,197.203,0.13,43.68,0.12,19.1,0.14,15.0,0.15,2.26,0.86,20.0,0.85,2.26,0.87,23.68,0.88,19.1,0.01,0.01,2330.383304,1776357195000
1776357197.464,197.464,0.13,22.53,0.12,19.1,0.14,5.0,0.15,2.26,0.86,15.0,0.85,2.26,0.87,43.68,0.88,19.1,0.01,0.01,2330.46985,1776357196000
1776357197.792,197.792,0.13,396.64,0.12,120.46,0.14,26.98,0.15,2.26,0.86,5.0,0.85,2.26,0.87,416.64,0.88,6.63,0.01,0.01,2330.46985,1776357196000
1776357198.015,198.015,0.12,108.09,0.11,40.0,0.14,2.0,0.15,2.26,0.86,2.0,0.85,2.26,0.87,10.0,0.88,507.1,0.02,0.01,2330.46985,1776357196000
1776357198.383,198.383,0.12,103.09,0.11,40.0,0.13,12.0,0.14,10.0,0.86,2.0,0.85,2.26,0.88,484.73,0.89,40.0,0.01,0.02,2330.46985,1776357196000
1776357198.946,198.946,0.14,10.0,0.13,10.0,0.15,2.66,0.16,10.0,0.87,12.0,0.86,10.0,0.88,103.09,0.89,40.0,0.01,0.01,2329.986133,1776357197000
1776357199.568,199.568,0.15,35.0,0.14,10.0,0.17,4.11,0.18,10.0,0.85,2.66,0.84,10.0,0.86,10.0,0.87,10.0,0.02,0.01,2329.90451,1776357198000
1776357199.977,199.977,0.19,8.0,0.18,0.32,0.2,10.0,0.21,75.0,0.8,10.0,0.79,84.0,0.82,0.32,0.83,10.0,0.01,0.02,2329.90451,1776357198000
1776357200.275,200.275,0.16,72.6,0.15,396.64,0.17,19.71,0.18,10.0,0.81,3.47,0.8,17.0,0.84,73.8,0.85,10.0,0.01,0.03,2329.742317,1776357199000
1776357200.611,200.611,0.18,4.81,0.17,10.0,0.2,17.0,0.21,66.0,0.81,1.72,0.8,17.0,0.84,72.6,0.85,10.0,0.02,0.03,2329.742317,1776357199000
1776357200.836,200.836,0.16,66.96,0.15,10.0,0.17,4.11,0.18,25.0,0.83,10.0,0.82,25.0,0.84,66.96,0.85,10.0,0.01,0.01,2329.742317,1776357199000
1776357201.159,201.159,0.16,60.41,0.15,10.0,0.18,18.0,0.19,17.0,0.82,18.0,0.81,17.0,0.84,62.26,0.85,10.0,0.02,0.02,2329.971195,1776357200000
1776357201.95,201.95,0.17,91.0,0.16,100.0,0.18,33.0,0.19,10.0,0.82,18.0,0.81,17.0,0.84,60.41,0.85,10.0,0.01,0.02,2329.971195,1776357200000
1776357202.176,202.176,0.16,76.49,0.15,100.0,0.18,33.0,0.19,80.0,0.82,33.0,0.81,80.0,0.84,85.49,0.85,100.0,0.02,0.02,2329.971195,1776357200000
1776357202.393,202.393,0.12,10.0,0.11,10.0,0.15,6.36,0.17,10.0,0.82,33.0,0.81,80.0,0.84,65.96,0.85,100.0,0.03,0.02,2330.094196,1776357201000
1776357202.924,202.924,0.1,8.88,0.09,11.81,0.11,9.0,0.12,10.0,0.88,8.0,0.87,10.0,0.89,8.87,0.9,10.0,0.01,0.01,2330.094196,1776357201000
1776357203.148,203.148,0.1,7.76,0.09,11.81,0.11,12.69,0.12,10.0,0.89,9.0,0.88,10.0,0.9,7.76,0.91,11.81,0.01,0.01,2330.094196,1776357201000
1776357203.462,203.462,0.09,10.38,0.08,70.9,0.11,42.0,0.12,10.0,0.89,12.69,0.88,10.0,0.9,7.76,0.91,11.81,0.02,0.01,2330.094196,1776357201000
1776357203.782,203.782,0.09,6.54,0.08,104.9,0.1,5.0,0.11,15.0,0.89,37.0,0.88,10.0,0.91,6.54,0.92,70.9,0.01,0.02,2329.831296,1776357202000
1776357204.03,204.03,0.08,90.44,0.07,79.3,0.11,15.0,0.12,10.0,0.9,5.0,0.89,15.0,0.91,6.54,0.92,104.9,0.03,0.01,2329.831296,1776357202000
1776357204.335,204.335,0.1,29.45,0.09,10.0,0.11,25.0,0.12,10.0,0.89,15.0,0.88,10.0,0.9,11.24,0.91,10.0,0.01,0.01,2329.308407,1776357203000
1776357204.59,204.59,0.1,8.33,0.09,22.0,0.11,15.0,0.14,20.0,0.89,20.0,0.88,10.0,0.9,26.22,0.91,10.0,0.01,0.01,2329.308407,1776357203000
1776357204.799,204.799,0.1,3.32,0.09,428.64,0.11,10.0,0.12,19.0,0.89,10.0,0.88,19.0,0.9,4.99,0.91,443.64,0.01,0.01,2329.308407,1776357203000
1776357205.318,205.318,0.1,1.07,0.09,509.73,0.12,14.0,0.13,10.0,0.88,5.0,0.87,10.0,0.9,2.74,0.91,428.64,0.02,0.02,2329.042477,1776357204000
1776357205.549,205.549,0.09,10.0,0.08,92.44,0.11,13.75,0.12,5.0,0.88,14.0,0.87,10.0,0.9,1.07,0.91,509.73,0.02,0.02,2329.042477,1776357204000
1776357206.085,206.085,0.08,144.16,0.07,197.39,0.13,6.69,0.14,25.0,0.91,29.0,0.9,20.0,0.92,53.16,0.93,79.3,0.05,0.01,2329.042477,1776357204000
1776357206.925,206.925,0.11,23.87,0.1,25.0,0.12,19.0,0.13,11.69,0.88,19.0,0.87,6.69,0.89,8.87,0.9,10.0,0.01,0.01,2329.115171,1776357205000
1776357207.658,207.658,0.12,61.69,0.11,14.18,0.13,6.0,0.14,10.0,0.86,14.28,0.85,26.36,0.89,24.18,0.9,35.0,0.01,0.03,2329.193811,1776357206000
1776357208.262,208.262,0.13,19.12,0.12,17.55,0.14,22.0,0.15,26.36,0.87,6.0,0.85,26.36,0.88,47.55,0.89,14.18,0.01,0.01,2329.193811,1776357206000
1776357208.765,208.765,0.13,109.09,0.12,22.55,0.15,15.0,0.16,10.0,0.86,17.0,0.85,26.36,0.87,7.09,0.88,17.55,0.02,0.01,2329.007084,1776357207000
1776357208.983,208.983,0.14,6.96,0.13,66.09,0.15,15.0,0.16,10.0,0.85,15.0,0.84,10.0,0.87,109.09,0.88,22.55,0.01,0.02,2329.007084,1776357207000
1776357209.305,209.305,0.14,36.66,0.13,76.09,0.16,10.0,0.17,17.02,0.85,15.0,0.84,10.0,0.86,21.66,0.87,66.09,0.02,0.01,2329.075728,1776357208000
1776357209.822,209.822,0.16,8.21,0.15,45.0,0.17,27.02,0.18,26.0,0.83,11.02,0.82,31.0,0.85,45.0,0.86,30.96,0.01,0.02,2329.075728,1776357208000
1776357210.235,210.235,0.16,8.21,0.15,45.0,0.17,1.66,0.18,31.0,0.83,27.02,0.82,26.0,0.84,8.21,0.85,45.0,0.01,0.01,2329.075728,1776357208000
1776357210.516,210.516,0.16,3.21,0.15,45.0,0.17,6.66,0.18,25.0,0.83,1.66,0.82,31.0,0.84,8.21,0.85,45.0,0.01,0.01,2329.075728,1776357208000
1776357210.736,210.736,0.16,24.51,0.15,141.74,0.18,4.36,0.19,20.0,0.82,4.36,0.81,20.0,0.84,30.9,0.85,45.0,0.02,0.02,2329.075728,1776357208000
1776357211.603,211.603,0.14,65.8,0.13,50.0,0.15,25.0,0.16,39.0,0.82,4.36,0.81,20.0,0.84,24.51,0.85,141.74,0.01,0.02,2329.691139,1776357209000
1776357211.92,211.92,0.14,63.63,0.13,50.0,0.15,35.0,0.16,30.0,0.85,25.0,0.84,39.0,0.86,65.8,0.87,50.0,0.01,0.01,2329.879429,1776357210000
1776357212.274,212.274,0.14,58.63,0.13,50.0,0.15,7.0,0.16,24.0,0.85,35.0,0.84,30.0,0.86,63.63,0.87,50.0,0.01,0.01,2329.879429,1776357210000
1776357212.753,212.753,0.14,62.46,0.13,50.0,0.16,24.0,0.17,15.0,0.85,7.0,0.84,24.0,0.86,58.63,0.87,50.0,0.02,0.01,2329.758567,1776357211000
1776357212.996,212.996,0.15,5.0,0.14,67.46,0.16,19.0,0.17,5.0,0.84,24.0,0.83,15.0,0.86,62.46,0.87,50.0,0.01,0.02,2329.758567,1776357211000
1776357213.537,213.537,0.15,24.11,0.14,88.46,0.16,10.0,0.17,5.0,0.84,5.0,0.83,5.0,0.85,13.8,0.86,67.46,0.01,0.01,2329.636879,1776357212000
1776357214.098,214.098,0.17,43.38,0.16,15.0,0.18,10.0,0.19,10.0,0.84,1.0,0.83,5.0,0.85,24.11,0.86,88.46,0.01,0.01,2329.595448,1776357213000
1776357214.511,214.511,0.16,5.0,0.15,83.0,0.18,83.09,0.19,15.0,0.82,10.0,0.81,10.0,0.83,43.38,0.84,15.0,0.02,0.01,2329.595448,1776357213000
1776357215.088,215.088,0.15,53.0,0.14,49.46,0.16,10.75,0.17,46.0,0.82,83.09,0.81,15.0,0.84,5.0,0.85,83.0,0.01,0.02,2329.595448,1776357213000
1776357215.821,215.821,0.14,63.29,0.13,150.0,0.15,21.0,0.16,286.83,0.84,10.75,0.83,46.0,0.85,53.0,0.86,49.46,0.01,0.01,2329.725055,1776357214000
1776357216.059,216.059,0.14,3.82,0.13,115.0,0.15,40.0,0.16,337.83,0.85,75.0,0.84,281.83,0.86,3.82,0.87,115.0,0.01,0.01,2329.725055,1776357214000
1776357216.552,216.552,0.12,55.0,0.11,69.18,0.14,49.0,0.15,110.0,0.85,45.0,0.84,337.83,0.87,87.56,0.88,155.0,0.02,0.02,2329.953413,1776357215000
1776357216.821,216.821,0.1,30.0,0.09,94.0,0.11,40.92,0.12,10.0,0.87,10.0,0.86,40.0,0.89,69.08,0.9,130.0,0.01,0.02,2329.953413,1776357215000
1776357217.177,217.177,0.09,93.12,0.08,29.26,0.11,155.92,0.12,185.0,0.89,40.92,0.88,10.0,0.9,10.0,0.91,94.0,0.02,0.01,2329.953413,1776357215000
1776357217.638,217.638,0.09,29.1,0.08,59.26,0.1,5.0,0.11,17.8,0.89,151.82,0.88,185.0,0.9,24.0,0.91,93.12,0.01,0.01,2329.831152,1776357216000
1776357217.933,217.933,0.09,8.35,0.08,34.26,0.1,15.0,0.11,10.0,0.9,5.0,0.89,17.8,0.91,29.1,0.92,59.26,0.01,0.01,2329.831152,1776357216000
1776357218.326,218.326,0.07,38.13,0.06,262.0,0.09,10.0,0.1,15.0,0.9,20.0,0.89,10.0,0.91,10.05,0.92,34.26,0.02,0.01,2328.98595,1776357217000
1776357218.555,218.555,0.08,10.64,0.07,38.13,0.09,136.0,0.1,10.0,0.91,126.0,0.9,10.0,0.92,12.28,0.93,38.13,0.01,0.01,2328.98595,1776357217000
1776357219.255,219.255,0.07,38.13,0.06,237.0,0.09,214.0,0.1,15.0,0.91,127.0,0.9,10.0,0.92,9.0,0.93,38.13,0.02,0.01,2328.26626,1776357218000
1776357220.43,220.43,0.07,10.0,0.06,132.0,0.08,37.0,0.09,124.0,0.92,15.0,0.91,161.0,0.93,7.47,0.94,237.0,0.01,0.01,2328.26626,1776357218000
1776357220.7,220.7,0.06,116.0,0.05,45.0,0.07,121.0,0.08,32.0,0.93,116.0,0.92,37.0,0.94,122.0,0.95,45.0,0.01,0.01,2328.342225,1776357219000
1776357220.928,220.928,0.06,0.21,0.05,45.0,0.07,126.0,0.08,27.0,0.93,126.0,0.92,32.0,0.94,7.21,0.95,45.0,0.01,0.01,2328.342225,1776357219000
1776357221.136,221.136,0.05,47.52,0.04,117.0,0.06,83.79,0.07,126.0,0.94,58.79,0.93,105.0,0.95,59.52,0.96,117.0,0.01,0.01,2328.342225,1776357219000
1776357221.669,221.669,0.04,102.41,0.03,161.0,0.06,83.79,0.07,121.0,0.94,83.79,0.93,126.0,0.95,24.52,0.96,117.0,0.02,0.01,2327.888232,1776357220000
1776357222.051,222.051,0.05,6.87,0.04,108.57,0.06,90.79,0.07,110.0,0.94,83.79,0.93,121.0,0.96,102.41,0.97,161.0,0.01,0.02,2327.783961,1776357221000
1776357222.267,222.267,0.05,0.55,0.04,108.57,0.06,95.79,0.07,115.0,0.94,90.79,0.93,110.0,0.95,6.87,0.96,108.57,0.01,0.01,2327.783961,1776357221000
1776357222.971,222.971,0.04,68.07,0.03,352.0,0.06,205.79,0.07,20.0,0.94,95.79,0.93,115.0,0.95,0.55,0.96,108.57,0.02,0.01,2327.783961,1776357221000
1776357223.677,223.677,0.04,248.77,0.03,161.0,0.05,22.0,0.06,195.79,0.94,205.79,0.93,20.0,0.96,67.02,0.97,352.0,0.01,0.02,2327.851477,1776357222000
1776357224.076,224.076,0.03,361.0,0.02,458.09,0.04,60.33,0.05,45.49,0.95,45.49,0.94,238.79,0.96,39.67,0.97,361.0,0.01,0.01,2327.851477,1776357222000
1776357224.51,224.51,0.03,336.94,0.02,315.0,0.04,241.0,0.05,37.0,0.95,165.0,0.94,143.79,0.96,0.91,0.97,355.94,0.01,0.01,2327.799119,1776357223000
1776357225.002,225.002,0.03,309.78,0.02,408.09,0.04,260.0,0.05,35.0,0.96,248.0,0.95,25.0,0.97,315.78,0.98,408.09,0.01,0.01,2327.799119,1776357223000
1776357225.397,225.397,0.02,507.0,0.01,2101.41,0.03,8.53,0.04,168.0,0.97,22.22,0.96,480.56,0.98,315.0,0.99,2370.5,0.01,0.01,2327.799119,1776357223000
1776357225.626,225.626,0.02,384.74,0.01,2101.41,0.03,147.53,0.04,163.0,0.97,156.8,0.96,168.0,0.98,386.79,0.99,2101.41,0.01,0.01,2327.725353,1776357224000
1776357225.853,225.853,0.02,364.74,0.01,2101.41,0.03,151.8,0.04,156.0,0.97,147.53,0.96,163.0,0.98,384.74,0.99,2101.41,0.01,0.01,2327.725353,1776357224000
1776357226.083,226.083,0.02,252.59,0.01,2101.41,0.03,174.84,0.04,156.0,0.97,179.84,0.96,156.0,0.98,259.74,0.99,2101.41,0.01,0.01,2327.725353,1776357224000
1776357226.794,226.794,0.02,196.59,0.01,2101.41,0.03,263.64,0.04,156.0,0.97,187.96,0.96,156.0,0.98,196.59,0.99,2101.41,0.01,0.01,2327.516975,1776357225000
1776357227.001,227.001,0.01,2195.14,,,0.03,271.64,0.04,146.0,0.97,273.91,0.96,146.0,0.99,2295.14,,,0.02,0.02,2327.516975,1776357225000
1776357227.224,227.224,0.01,2004.73,,,0.02,116.18,0.03,277.64,0.97,271.64,0.96,146.0,0.99,2195.14,,,0.01,0.02,2327.516975,1776357225000
1776357227.678,227.678,0.01,1955.63,,,0.02,116.18,0.03,516.54,0.98,116.18,0.97,272.64,0.99,1995.63,,,0.01,0.01,2327.516975,1776357225000
1776357227.978,227.978,0.01,1910.27,,,0.02,166.18,0.03,356.64,0.98,116.18,0.97,357.64,0.99,1945.63,,,0.01,0.01,2326.655934,1776357226000
1776357228.273,228.273,,,,,0.01,6635.8,0.02,132.0,0.98,132.0,0.97,412.64,0.99,1740.81,,,,0.01,2326.655934,1776357226000
1776357228.609,228.609,,,,,0.01,10482.89,0.02,129.0,0.99,6635.8,0.98,132.0,,,,,,,2326.527111,1776357227000
1776357229.176,229.176,,,,,0.01,10600.61,0.02,122.0,0.99,10462.47,0.98,129.0,,,,,,,2326.527111,1776357227000
1776357229.387,229.387,,,,,0.01,10483.51,0.02,122.0,0.99,10475.61,0.98,122.0,,,,,,,2326.527111,1776357227000
1776357229.967,229.967,,,,,0.01,10677.35,0.02,122.0,0.99,10680.02,0.98,122.0,,,,,,,2325.639667,1776357228000
1776357231.349,231.349,,,,,0.01,10898.29,0.02,20.0,0.99,10677.35,0.98,122.0,,,,,,,2323.588412,1776357230000
1776357234.538,234.538,,,,,0.01,11859.67,0.02,20.0,0.99,10898.29,0.98,20.0,,,,,,,2321.2173,1776357233000
1776357236.453,236.453,,,,,0.01,12104.43,0.02,20.0,0.99,11859.67,0.98,20.0,,,,,,,2321.427835,1776357235000
1776357236.701,236.701,,,,,0.01,11207.62,0.02,20.0,0.99,12104.43,0.98,20.0,,,,,,,2321.427835,1776357235000
1776357242.471,242.471,,,,,0.01,12083.01,0.02,409.6,0.99,11207.62,0.98,20.0,,,,,,,2320.882477,1776357239000
1776357249.01,249.01,,,,,0.01,12343.28,0.02,203.7,0.99,12083.01,0.98,409.6,,,,,,,2322.60242,1776357247000
1776357269.516,269.516,,,,,0.01,13097.25,0.02,208.7,0.99,12343.28,0.98,203.7,,,,,,,2322.762443,1776357268000
1776357295.887,295.887,,,,,0.01,17545.97,0.02,20.0,0.99,13097.25,0.98,208.7,,,,,,,2322.93379,1776357294000
1776357300.401,300.401,,,,,0.01,81224.51,0.02,140.0,0.99,17545.97,0.98,20.0,,,,,,,2323.031832,1776357299000

# RESULT,winner=Down,slug=eth-updown-5m-1776357000,ticks=355
