timestamp,elapsed_sec,up_bid_p1,up_bid_s1,up_bid_p2,up_bid_s2,up_ask_p1,up_ask_s1,up_ask_p2,up_ask_s2,down_bid_p1,down_bid_s1,down_bid_p2,down_bid_s2,down_ask_p1,down_ask_s1,down_ask_p2,down_ask_s2,up_spread,down_spread,eth_price,eth_oracle_ts
1776270301.5,1.5,0.41,17.15,0.36,13.89,0.46,71.23,0.48,15.01,0.54,5.0,0.52,154.48,0.55,8.0,0.6,38.0,0.05,0.01,2346.7673,1776270300000
1776270301.954,1.954,0.43,100.0,0.42,130.0,0.46,76.23,0.47,10.0,0.54,71.23,0.52,15.01,0.6,105.0,0.64,13.89,0.03,0.06,2346.7673,1776270300000
1776270302.214,2.214,0.43,70.39,0.42,130.0,0.46,71.05,0.47,10.0,0.54,71.05,0.53,10.0,0.55,5.0,0.57,100.0,0.03,0.01,2346.7673,1776270300000
1776270302.662,2.662,0.42,30.0,0.41,37.0,0.46,88.05,0.47,18.0,0.54,71.05,0.53,10.0,0.57,70.39,0.58,130.0,0.04,0.03,2346.672219,1776270301000
1776270302.911,2.911,0.43,2.59,0.42,30.0,0.45,10.0,0.46,88.05,0.55,4.55,0.54,88.05,0.57,5.0,0.58,30.0,0.02,0.02,2346.672219,1776270301000
1776270303.386,3.386,0.44,15.0,0.43,17.59,0.45,15.0,0.46,88.05,0.55,10.0,0.54,88.05,0.57,2.59,0.58,30.0,0.01,0.02,2346.65205,1776270302000
1776270303.659,3.659,0.44,13.37,0.43,17.59,0.45,10.0,0.46,93.05,0.55,20.0,0.54,93.05,0.56,10.16,0.57,17.59,0.01,0.01,2346.65205,1776270302000
1776270304.749,4.749,0.44,18.37,0.43,62.59,0.46,16.05,0.48,27.85,0.55,10.0,0.54,93.05,0.56,13.37,0.57,17.59,0.02,0.01,2346.362698,1776270303000
1776270305.706,5.706,0.45,7.56,0.44,15.0,0.46,21.05,0.48,37.85,0.54,16.05,0.52,27.85,0.56,18.37,0.57,62.59,0.01,0.02,2346.31795,1776270304000
1776270306.004,6.004,0.42,7.38,0.41,90.0,0.46,26.05,0.48,37.85,0.54,21.05,0.52,37.85,0.55,7.56,0.56,15.0,0.04,0.01,2346.31795,1776270304000
1776270307.265,7.265,0.41,56.69,0.4,60.0,0.42,8.62,0.46,86.05,0.54,26.05,0.52,37.85,0.58,7.38,0.59,90.0,0.01,0.04,2346.435929,1776270305000
1776270307.764,7.764,0.44,1.89,0.43,10.0,0.45,10.0,0.46,36.05,0.58,8.62,0.54,86.05,0.59,56.69,0.6,60.0,0.01,0.01,2346.62195,1776270306000
1776270308.304,8.304,0.45,4.27,0.44,10.0,0.46,21.05,0.47,9.0,0.55,10.0,0.54,36.05,0.56,1.89,0.57,10.0,0.01,0.01,2346.62215,1776270307000
1776270308.596,8.596,0.45,10.0,0.41,91.69,0.46,8.05,0.47,19.0,0.54,13.05,0.53,19.0,0.55,10.0,0.59,91.69,0.01,0.01,2346.62215,1776270307000
1776270309.329,9.329,0.41,111.69,0.4,65.0,0.43,4.65,0.44,10.0,0.54,3.57,0.53,19.0,0.59,91.69,0.6,70.0,0.02,0.05,2346.62215,1776270307000
1776270309.632,9.632,0.42,15.0,0.41,141.69,0.43,1.97,0.44,10.0,0.57,4.65,0.56,10.0,0.59,111.69,0.6,65.0,0.01,0.02,2346.34792,1776270308000
1776270310.303,10.303,0.43,18.64,0.42,60.5,0.44,6.69,0.45,15.0,0.56,6.69,0.55,15.0,0.58,20.0,0.59,161.69,0.01,0.02,2346.34792,1776270308000
1776270310.763,10.763,0.46,20.0,0.45,10.0,0.47,6.0,0.48,32.85,0.56,6.69,0.55,15.0,0.57,18.64,0.58,60.5,0.01,0.01,2346.4428,1776270309000
1776270311.136,11.136,0.46,76.5,0.45,20.5,0.47,1.0,0.48,32.85,0.53,6.0,0.52,32.85,0.54,20.0,0.55,10.0,0.01,0.01,2346.477285,1776270310000
1776270311.622,11.622,0.47,10.0,0.46,71.5,0.49,36.22,0.5,108.81,0.51,51.74,0.5,119.31,0.53,10.0,0.54,71.5,0.02,0.02,2346.477285,1776270310000
1776270311.869,11.869,0.47,15.0,0.46,121.5,0.5,94.9,0.51,20.09,0.51,36.22,0.5,108.81,0.53,10.0,0.54,71.5,0.03,0.02,2346.477285,1776270310000
1776270312.356,12.356,0.48,10.0,0.47,10.0,0.51,10.29,0.52,40.0,0.49,20.09,0.48,40.0,0.53,15.0,0.54,121.5,0.03,0.04,2346.477285,1776270310000
1776270312.632,12.632,0.49,10.0,0.47,5.0,0.53,25.0,0.54,8.0,0.5,5.0,0.49,0.29,0.53,5.0,0.54,109.34,0.04,0.03,2346.718768,1776270311000
1776270313.97,13.97,0.51,2.44,0.5,10.0,0.53,5.0,0.54,18.0,0.47,25.0,0.46,8.0,0.51,10.0,0.53,5.0,0.02,0.04,2347.000644,1776270312000
1776270314.313,14.313,0.5,4.44,0.49,10.0,0.54,13.64,0.55,35.0,0.46,13.64,0.45,25.0,0.49,2.44,0.5,10.0,0.04,0.03,2347.423456,1776270313000
1776270314.998,14.998,0.5,1.44,0.49,15.0,0.53,5.0,0.54,18.64,0.48,6.82,0.46,13.64,0.5,4.44,0.51,15.0,0.03,0.02,2347.423456,1776270313000
1776270315.556,15.556,0.52,10.0,0.51,21.0,0.54,18.64,0.55,42.0,0.47,5.0,0.46,18.64,0.5,1.44,0.51,15.0,0.02,0.03,2347.473847,1776270314000
1776270316.257,16.257,0.51,21.0,0.5,1.44,0.53,13.05,0.54,23.64,0.46,18.64,0.45,42.0,0.48,10.0,0.49,21.0,0.02,0.02,2347.473847,1776270314000
1776270316.871,16.871,0.52,3.75,0.51,21.0,0.53,13.05,0.54,28.64,0.47,13.05,0.46,23.64,0.49,21.0,0.5,1.44,0.01,0.02,2347.16521,1776270315000
1776270317.743,17.743,0.52,6.0,0.51,20.0,0.53,12.02,0.54,33.64,0.47,4.29,0.46,28.64,0.48,3.75,0.49,21.0,0.01,0.01,2347.17714,1776270316000
1776270318.313,18.313,0.5,6.0,0.48,11.0,0.51,6.14,0.52,10.0,0.47,12.02,0.46,33.64,0.48,6.0,0.49,20.0,0.01,0.01,2347.16841,1776270317000
1776270318.515,18.515,0.49,0.3,0.48,17.0,0.5,17.9,0.51,199.86,0.5,12.9,0.49,194.86,0.51,10.1,0.52,17.0,0.01,0.01,2347.16841,1776270317000
1776270318.756,18.756,0.48,14.52,0.47,22.0,0.49,9.18,0.5,12.9,0.5,22.9,0.49,199.86,0.52,14.52,0.53,22.0,0.01,0.02,2347.16841,1776270317000
1776270319.551,19.551,0.47,8.75,0.46,12.0,0.48,10.0,0.49,9.18,0.51,9.18,0.5,12.9,0.52,14.52,0.53,22.0,0.01,0.01,2347.147385,1776270318000
1776270320.43,20.43,0.45,37.0,0.44,72.0,0.46,70.09,0.47,17.0,0.52,10.0,0.51,14.18,0.56,50.0,0.57,10.0,0.01,0.04,2347.03575,1776270319000
1776270321.659,21.659,0.45,10.0,0.44,82.0,0.47,14.0,0.48,10.0,0.54,70.09,0.53,17.0,0.55,37.0,0.56,72.0,0.02,0.01,2346.763701,1776270320000
1776270321.958,21.958,0.45,20.0,0.44,82.0,0.48,2.87,0.49,9.18,0.53,14.0,0.52,10.0,0.55,10.0,0.56,82.0,0.03,0.02,2346.763701,1776270320000
1776270322.282,22.282,0.44,165.0,0.43,20.0,0.45,21.53,0.48,10.0,0.55,25.0,0.5,39.45,0.56,65.0,0.57,25.0,0.01,0.01,2346.524696,1776270321000
1776270322.616,22.616,0.44,60.0,0.43,20.0,0.45,14.06,0.46,10.0,0.55,21.53,0.52,10.0,0.56,165.0,0.57,20.0,0.01,0.01,2346.524696,1776270321000
1776270323.77,23.77,0.44,79.0,0.43,70.0,0.45,2.94,0.46,10.0,0.55,8.94,0.54,10.0,0.56,50.0,0.57,20.0,0.01,0.01,2346.561785,1776270322000
1776270325.08,25.08,0.44,58.0,0.43,23.0,0.45,7.82,0.46,10.0,0.55,2.94,0.54,10.0,0.56,79.0,0.57,70.0,0.01,0.01,2346.63831,1776270323000
1776270325.685,25.685,0.43,10.0,0.42,142.0,0.45,7.82,0.46,15.0,0.55,7.82,0.54,10.0,0.56,58.0,0.57,23.0,0.02,0.01,2346.528588,1776270324000
1776270326.093,26.093,0.43,10.0,0.42,147.0,0.44,10.0,0.45,7.82,0.55,7.82,0.54,15.0,0.57,10.0,0.58,142.0,0.01,0.02,2346.5122,1776270325000
1776270326.397,26.397,0.42,147.0,0.41,185.19,0.44,10.0,0.45,28.32,0.56,15.0,0.55,23.32,0.57,13.24,0.58,147.0,0.02,0.01,2346.5122,1776270325000
1776270326.781,26.781,0.43,12.0,0.42,160.0,0.44,4.36,0.45,23.32,0.56,10.0,0.55,28.32,0.58,147.0,0.59,185.19,0.01,0.02,2346.5122,1776270325000
1776270327.231,27.231,0.43,2.0,0.42,95.0,0.44,125.5,0.45,87.24,0.56,4.36,0.55,23.32,0.57,12.0,0.58,160.0,0.01,0.01,2346.48349,1776270326000
1776270327.445,27.445,0.42,47.53,0.41,118.0,0.44,163.83,0.45,87.24,0.56,163.83,0.55,87.24,0.58,81.0,0.59,118.0,0.02,0.02,2346.48349,1776270326000
1776270327.797,27.797,0.41,118.7,0.4,65.0,0.42,40.5,0.43,141.5,0.58,20.5,0.57,146.5,0.59,127.4,0.6,60.0,0.01,0.01,2346.48349,1776270326000
1776270328.161,28.161,0.41,93.7,0.4,65.0,0.42,108.94,0.43,141.5,0.58,40.5,0.57,141.5,0.59,118.7,0.6,65.0,0.01,0.01,2346.420693,1776270327000
1776270328.879,28.879,0.41,80.0,0.4,20.72,0.42,49.17,0.43,131.5,0.58,108.94,0.57,141.5,0.59,93.7,0.6,65.0,0.01,0.01,2346.420693,1776270327000
1776270329.593,29.593,0.4,17.3,0.39,55.0,0.41,87.7,0.42,44.17,0.58,49.17,0.57,131.5,0.59,80.0,0.6,20.72,0.01,0.01,2346.122687,1776270328000
1776270329.803,29.803,0.4,3.15,0.39,55.0,0.41,126.34,0.42,44.17,0.59,126.34,0.58,44.17,0.6,8.15,0.61,55.0,0.01,0.01,2346.122687,1776270328000
1776270330.08,30.08,0.39,55.0,0.38,14.67,0.41,141.81,0.42,25.5,0.59,126.34,0.58,44.17,0.6,3.15,0.61,55.0,0.02,0.01,2345.657069,1776270329000
1776270330.799,30.799,0.38,16.44,0.37,10.0,0.39,37.19,0.4,10.0,0.59,141.81,0.58,25.5,0.61,55.0,0.62,14.67,0.01,0.02,2345.657069,1776270329000
1776270331.033,31.033,0.38,16.44,0.37,10.0,0.39,52.66,0.4,85.59,0.61,37.19,0.6,10.0,0.62,16.44,0.63,10.0,0.01,0.01,2345.657069,1776270329000
1776270331.557,31.557,0.38,36.44,0.37,10.0,0.39,13.4,0.41,116.34,0.61,52.66,0.6,85.59,0.62,16.44,0.63,10.0,0.01,0.01,2345.584779,1776270330000
1776270331.762,31.762,0.38,41.44,0.37,10.0,0.41,116.34,0.43,10.0,0.61,2.4,0.59,116.34,0.62,41.44,0.63,10.0,0.03,0.01,2345.584779,1776270330000
1776270332.253,32.253,0.4,15.0,0.39,10.0,0.41,53.58,0.43,10.0,0.59,56.02,0.57,10.0,0.62,39.82,0.63,10.0,0.01,0.03,2345.621977,1776270331000
1776270332.567,32.567,0.4,20.0,0.39,10.0,0.41,46.4,0.44,10.0,0.59,53.58,0.57,10.0,0.6,15.0,0.61,10.0,0.01,0.01,2345.621977,1776270331000
1776270332.798,32.798,0.4,5.0,0.39,10.0,0.41,46.4,0.45,7.82,0.59,46.4,0.56,10.0,0.6,20.0,0.61,10.0,0.01,0.01,2345.621977,1776270331000
1776270333.686,33.686,0.4,65.0,0.39,25.0,0.41,29.04,0.44,18.18,0.59,46.4,0.55,7.82,0.6,5.0,0.61,10.0,0.01,0.01,2345.678396,1776270332000
1776270334.155,34.155,0.43,58.47,0.42,28.0,0.44,18.18,0.46,10.0,0.56,18.18,0.53,10.0,0.6,85.38,0.61,30.0,0.01,0.04,2345.678396,1776270332000
1776270336.07,36.07,0.43,22.96,0.42,25.5,0.44,32.27,0.45,10.0,0.56,18.18,0.54,10.0,0.57,44.13,0.58,15.0,0.01,0.01,2346.196615,1776270334000
1776270336.625,36.625,0.43,43.96,0.42,25.5,0.44,26.47,0.45,15.0,0.56,32.27,0.55,10.0,0.57,22.96,0.58,25.5,0.01,0.01,2346.39494,1776270335000
1776270337.191,37.191,0.43,5.0,0.42,25.5,0.44,27.83,0.45,15.0,0.56,26.47,0.55,15.0,0.58,25.5,0.59,70.35,0.01,0.02,2346.39494,1776270335000
1776270338.523,38.523,0.42,36.32,0.41,70.35,0.44,7.03,0.45,15.0,0.56,37.03,0.55,15.0,0.57,5.0,0.58,25.5,0.02,0.01,2346.338485,1776270337000
1776270340.265,40.265,0.43,5.89,0.42,36.32,0.44,17.03,0.45,20.0,0.56,7.03,0.55,15.0,0.58,36.32,0.59,70.35,0.01,0.02,2346.38001,1776270339000
1776270340.524,40.524,0.43,3.42,0.42,36.32,0.44,17.03,0.45,45.0,0.56,17.03,0.55,20.0,0.57,5.18,0.58,36.32,0.01,0.01,2346.38001,1776270339000
1776270340.894,40.894,0.42,47.32,0.41,70.35,0.43,36.31,0.44,19.75,0.56,19.75,0.55,45.0,0.57,8.42,0.58,36.32,0.01,0.01,2346.38001,1776270339000
1776270341.385,41.385,0.42,76.32,0.41,70.35,0.43,26.12,0.44,19.75,0.57,36.31,0.56,19.75,0.58,47.32,0.59,70.35,0.01,0.01,2346.4473,1776270340000
1776270341.77,41.77,0.42,214.32,0.41,250.35,0.43,21.12,0.44,4.75,0.57,26.12,0.56,19.75,0.58,76.32,0.59,70.35,0.01,0.01,2346.4473,1776270340000
1776270342.726,42.726,0.43,70.5,0.42,77.32,0.44,4.75,0.45,4.13,0.56,4.75,0.55,5.0,0.58,234.32,0.59,250.35,0.01,0.02,2346.483589,1776270341000
1776270342.947,42.947,0.43,105.62,0.42,83.32,0.44,4.75,0.45,4.13,0.56,4.75,0.55,4.13,0.57,70.5,0.58,77.32,0.01,0.01,2346.483589,1776270341000
1776270343.81,43.81,0.43,205.5,0.42,77.32,0.44,1.75,0.45,4.13,0.56,4.75,0.55,4.13,0.57,7.22,0.58,118.32,0.01,0.01,2346.464475,1776270342000
1776270344.145,44.145,0.5,5.67,0.49,20.0,0.51,40.16,0.52,40.0,0.5,14.33,0.49,40.16,0.54,10.86,0.57,205.5,0.01,0.04,2346.688802,1776270343000
1776270344.664,44.664,0.49,10.0,0.48,10.0,0.51,85.93,0.52,70.5,0.49,60.93,0.48,60.5,0.5,13.0,0.51,10.0,0.02,0.01,2346.688802,1776270343000
1776270346.062,46.062,0.49,26.0,0.48,21.0,0.5,51.64,0.51,71.93,0.49,85.93,0.48,70.5,0.51,10.0,0.52,10.0,0.01,0.02,2346.93889,1776270345000
1776270346.568,46.568,0.49,16.0,0.48,21.0,0.5,73.14,0.51,76.93,0.5,51.64,0.49,71.93,0.51,26.0,0.52,21.0,0.01,0.01,2346.93889,1776270345000
1776270347.35,47.35,0.49,6.12,0.48,11.0,0.5,93.64,0.51,75.5,0.5,78.14,0.49,76.93,0.51,10.9,0.52,21.0,0.01,0.01,2347.008152,1776270346000
1776270349.166,49.166,0.46,55.0,0.45,30.0,0.47,88.8,0.48,72.5,0.5,93.64,0.49,75.5,0.51,6.12,0.52,11.0,0.01,0.01,2346.929085,1776270347000
1776270349.551,49.551,0.44,53.98,0.43,55.0,0.47,103.8,0.48,188.5,0.53,88.8,0.52,72.5,0.54,55.0,0.55,30.0,0.03,0.01,2346.8365,1776270348000
1776270349.76,49.76,0.44,53.98,0.43,55.0,0.45,44.35,0.46,52.36,0.55,83.8,0.54,47.36,0.56,53.98,0.57,55.0,0.01,0.01,2346.8365,1776270348000
1776270350.184,50.184,0.44,10.0,0.43,10.0,0.47,72.04,0.48,131.5,0.54,13.06,0.53,74.8,0.56,10.0,0.57,55.0,0.03,0.02,2346.8365,1776270348000
1776270350.553,50.553,0.43,30.0,0.42,85.0,0.45,129.42,0.46,185.0,0.52,128.69,0.51,156.21,0.56,15.0,0.57,35.0,0.02,0.04,2346.757888,1776270349000
1776270350.961,50.961,0.42,85.0,0.41,69.85,0.44,187.5,0.45,160.5,0.56,159.5,0.55,160.5,0.57,1.69,0.58,85.0,0.02,0.01,2346.757888,1776270349000
1776270351.85,51.85,0.42,13.88,0.41,74.85,0.43,186.5,0.44,182.5,0.56,187.5,0.55,160.5,0.58,85.0,0.59,69.85,0.01,0.02,2346.652005,1776270350000
1776270352.409,52.409,0.42,10.91,0.41,39.85,0.43,145.5,0.44,212.01,0.57,186.5,0.56,182.5,0.58,13.88,0.59,74.85,0.01,0.01,2346.342745,1776270351000
1776270352.707,52.707,0.41,5.0,0.4,9.18,0.42,195.92,0.43,210.5,0.57,215.5,0.56,222.01,0.6,9.18,0.61,15.0,0.01,0.03,2346.342745,1776270351000
1776270353.116,53.116,0.38,45.32,0.37,40.0,0.41,129.0,0.42,221.0,0.58,156.5,0.57,198.5,0.61,20.0,0.62,40.32,0.03,0.03,2346.342745,1776270351000
1776270354.949,54.949,0.39,35.52,0.38,30.32,0.4,81.0,0.41,101.5,0.59,129.0,0.58,221.0,0.62,45.32,0.63,40.0,0.01,0.03,2346.185033,1776270353000
1776270358.269,58.269,0.39,25.43,0.38,4.82,0.4,157.63,0.41,218.63,0.6,81.0,0.59,101.5,0.61,35.52,0.62,30.32,0.01,0.01,2346.115252,1776270356000
1776270359.015,59.015,0.39,0.43,0.38,4.82,0.4,308.34,0.41,299.63,0.6,157.63,0.59,218.63,0.61,25.43,0.62,4.82,0.01,0.01,2345.999075,1776270357000
1776270359.253,59.253,0.38,4.82,0.37,10.0,0.4,281.34,0.41,299.63,0.6,308.34,0.59,299.63,0.62,4.82,0.63,10.0,0.02,0.02,2345.999075,1776270357000
1776270360.085,60.085,0.38,3.82,0.36,24.39,0.39,195.63,0.4,248.21,0.6,281.34,0.59,299.63,0.62,4.82,0.63,10.0,0.01,0.02,2345.911672,1776270359000
1776270361.343,61.343,0.36,35.39,0.35,10.5,0.37,24.13,0.38,128.13,0.61,195.63,0.6,248.21,0.62,3.82,0.64,24.39,0.01,0.01,2345.759601,1776270360000
1776270361.739,61.739,0.36,19.25,0.35,10.5,0.37,24.13,0.38,128.13,0.63,24.13,0.62,128.13,0.64,35.39,0.65,10.5,0.01,0.01,2345.759601,1776270360000
1776270362.446,62.446,0.35,0.5,0.34,50.0,0.36,100.0,0.37,94.13,0.63,24.13,0.62,128.13,0.64,19.25,0.65,10.5,0.01,0.01,2345.84193,1776270361000
1776270363.113,63.113,0.35,53.96,0.34,50.0,0.36,80.0,0.37,84.13,0.64,100.0,0.63,94.13,0.65,0.5,0.66,50.0,0.01,0.01,2345.84193,1776270361000
1776270363.451,63.451,0.35,9.07,0.34,50.0,0.36,115.0,0.37,94.63,0.64,80.0,0.63,84.13,0.65,53.96,0.66,50.0,0.01,0.01,2345.74513,1776270362000
1776270363.715,63.715,0.35,68.02,0.34,55.0,0.36,87.22,0.37,94.63,0.64,87.22,0.63,94.63,0.65,20.5,0.66,60.0,0.01,0.01,2345.74513,1776270362000
1776270363.943,63.943,0.35,50.0,0.34,65.5,0.36,108.22,0.37,94.63,0.64,87.22,0.63,94.63,0.65,68.02,0.66,55.0,0.01,0.01,2345.74513,1776270362000
1776270365.351,65.351,0.34,20.0,0.33,115.5,0.35,107.28,0.36,78.72,0.64,108.22,0.63,94.63,0.65,50.0,0.66,65.5,0.01,0.01,2345.729027,1776270364000
1776270366.104,66.104,0.34,7.67,0.33,5.0,0.35,211.47,0.36,78.72,0.65,107.28,0.64,78.72,0.66,20.0,0.67,115.5,0.01,0.01,2345.729027,1776270364000
1776270366.545,66.545,0.31,107.4,0.3,70.5,0.32,15.0,0.33,20.5,0.66,31.5,0.65,163.47,0.69,60.0,0.7,70.5,0.01,0.03,2345.595349,1776270365000
1776270367.004,67.004,0.31,39.0,0.3,10.0,0.32,233.37,0.33,93.5,0.68,15.0,0.67,20.5,0.69,107.4,0.7,70.5,0.01,0.01,2345.595349,1776270365000
1776270367.313,67.313,0.28,50.0,0.27,25.0,0.31,165.0,0.32,219.87,0.68,269.87,0.67,103.5,0.7,10.0,0.71,10.5,0.03,0.02,2345.595349,1776270365000
1776270368.405,68.405,0.26,100.0,0.25,61.0,0.28,125.0,0.29,120.0,0.72,10.0,0.71,15.0,0.73,2.55,0.74,14.0,0.02,0.01,2345.552352,1776270366000
1776270370.526,70.526,0.26,39.0,0.25,5.0,0.27,166.61,0.28,192.0,0.72,137.5,0.71,120.0,0.74,100.0,0.75,61.0,0.01,0.02,2345.05623,1776270369000
1776270371.068,71.068,0.26,71.64,0.24,65.5,0.27,157.01,0.28,192.0,0.73,166.61,0.72,192.0,0.74,71.64,0.75,5.0,0.01,0.01,2345.05623,1776270369000
1776270373.322,73.322,0.26,30.0,0.25,75.5,0.27,126.38,0.28,123.0,0.73,157.01,0.72,203.0,0.74,65.64,0.76,65.5,0.01,0.01,2344.816249,1776270372000
1776270373.593,73.593,0.26,20.0,0.25,65.0,0.27,92.78,0.28,123.0,0.73,126.38,0.72,123.0,0.74,30.0,0.75,75.5,0.01,0.01,2344.816249,1776270372000
1776270373.939,73.939,0.26,70.0,0.25,101.0,0.27,135.37,0.28,112.0,0.73,92.78,0.72,123.0,0.74,20.0,0.75,65.0,0.01,0.01,2344.816249,1776270372000
1776270374.962,74.962,0.26,28.0,0.25,60.0,0.27,146.37,0.28,112.0,0.73,135.37,0.72,112.0,0.74,70.0,0.75,101.0,0.01,0.01,2344.835,1776270373000
1776270375.758,75.758,0.22,153.5,0.21,135.5,0.23,158.47,0.24,154.0,0.73,204.37,0.72,122.0,0.74,19.16,0.75,10.0,0.01,0.01,2344.83903,1776270374000
1776270377.345,77.345,0.21,94.5,0.2,170.0,0.22,165.0,0.23,189.37,0.77,158.47,0.76,154.0,0.78,153.5,0.79,135.5,0.01,0.01,2344.839361,1776270375000
1776270377.58,77.58,0.21,95.62,0.2,180.5,0.22,135.0,0.23,239.87,0.78,125.0,0.77,229.37,0.79,103.23,0.8,170.0,0.01,0.01,2344.61502,1776270376000
1776270378.778,78.778,0.21,137.0,0.2,185.55,0.22,185.45,0.23,236.87,0.78,135.0,0.77,239.87,0.79,95.62,0.8,180.5,0.01,0.01,2344.585615,1776270377000
1776270379.192,79.192,0.21,137.0,0.2,190.55,0.22,183.89,0.23,236.87,0.78,185.45,0.77,236.87,0.79,137.0,0.8,185.55,0.01,0.01,2344.585265,1776270378000
1776270379.793,79.793,0.21,123.5,0.2,330.55,0.22,3.69,0.23,33.37,0.78,183.89,0.77,236.87,0.79,137.0,0.8,190.55,0.01,0.01,2344.585265,1776270378000
1776270380.138,80.138,0.21,189.5,0.2,350.5,0.22,5.45,0.23,33.37,0.78,3.69,0.77,33.37,0.79,123.5,0.8,330.55,0.01,0.01,2344.473235,1776270379000
1776270380.669,80.669,0.21,214.5,0.2,336.55,0.23,10.36,0.24,10.0,0.78,5.45,0.77,33.37,0.79,189.5,0.8,350.5,0.02,0.01,2344.473235,1776270379000
1776270380.885,80.885,0.21,183.27,0.2,326.55,0.22,10.0,0.23,10.0,0.76,9.36,0.75,130.0,0.79,244.5,0.8,326.55,0.01,0.03,2344.473235,1776270379000
1776270381.244,81.244,0.21,152.83,0.2,336.55,0.22,10.0,0.23,10.0,0.75,130.0,0.74,130.0,0.79,223.27,0.8,326.55,0.01,0.04,2344.473235,1776270379000
1776270381.799,81.799,0.21,198.98,0.2,386.55,0.22,10.0,0.23,10.0,0.78,10.0,0.77,10.0,0.79,187.62,0.8,366.55,0.01,0.01,2344.451817,1776270380000
1776270382.153,82.153,0.22,99.5,0.21,201.98,0.23,10.0,0.24,15.0,0.78,47.72,0.77,115.0,0.79,151.98,0.8,385.55,0.01,0.01,2344.81314,1776270381000
1776270382.438,82.438,0.24,15.42,0.23,64.5,0.25,30.0,0.26,30.0,0.77,10.0,0.76,15.0,0.78,99.5,0.79,201.98,0.01,0.01,2344.81314,1776270381000
1776270382.936,82.936,0.24,66.0,0.23,139.5,0.25,35.0,0.26,35.0,0.75,30.0,0.74,30.0,0.76,15.42,0.77,64.5,0.01,0.01,2344.81314,1776270381000
1776270383.217,83.217,0.24,44.0,0.23,104.0,0.25,85.0,0.26,95.5,0.75,35.0,0.74,35.0,0.76,66.0,0.77,139.5,0.01,0.01,2344.876432,1776270382000
1776270383.684,83.684,0.23,25.0,0.22,77.5,0.25,100.5,0.26,105.63,0.75,85.0,0.74,95.5,0.76,44.0,0.77,104.0,0.02,0.01,2344.876432,1776270382000
1776270385.149,85.149,0.23,165.85,0.22,87.5,0.24,16.0,0.25,80.0,0.75,100.5,0.74,105.63,0.77,25.0,0.78,77.5,0.01,0.02,2344.941964,1776270383000
1776270385.481,85.481,0.23,271.65,0.22,198.5,0.24,6.0,0.25,30.0,0.76,16.0,0.75,80.0,0.77,165.85,0.78,87.5,0.01,0.01,2344.941964,1776270383000
1776270385.685,85.685,0.23,6.9,0.22,198.5,0.24,16.0,0.25,30.0,0.76,6.0,0.75,30.0,0.77,271.65,0.78,198.5,0.01,0.01,2344.941964,1776270383000
1776270386.04,86.04,0.23,241.5,0.22,108.5,0.24,1.83,0.25,10.0,0.76,16.0,0.75,30.0,0.77,6.9,0.78,198.5,0.01,0.01,2344.888045,1776270384000
1776270386.904,86.904,0.27,36.0,0.26,6.0,0.28,21.55,0.29,95.5,0.72,42.35,0.71,70.0,0.76,70.5,0.77,185.5,0.01,0.04,2344.872805,1776270385000
1776270387.269,87.269,0.27,25.58,0.26,6.0,0.28,106.35,0.29,100.5,0.72,76.55,0.71,95.5,0.73,25.58,0.74,6.0,0.01,0.01,2344.872805,1776270385000
1776270396.206,96.206,0.22,236.0,0.21,215.0,0.24,9.58,0.25,72.0,0.72,81.35,0.71,100.5,0.74,6.0,0.75,155.0,0.02,0.02,2345.16711,1776270395000
1776270396.535,96.535,0.22,241.0,0.21,215.0,0.24,4.58,0.25,72.0,0.76,4.58,0.75,72.0,0.78,236.0,0.79,215.0,0.02,0.02,2345.16711,1776270395000
1776270397.303,97.303,0.24,46.0,0.23,50.0,0.25,68.11,0.26,76.5,0.77,55.0,0.76,54.58,0.78,141.0,0.79,155.0,0.01,0.01,2345.075326,1776270396000
1776270398.325,98.325,0.24,180.0,0.23,111.5,0.25,11.11,0.26,10.0,0.75,68.11,0.74,76.5,0.76,46.0,0.77,50.0,0.01,0.01,2345.039855,1776270397000
1776270398.528,98.528,0.24,175.0,0.23,111.5,0.26,82.0,0.27,139.5,0.74,32.0,0.73,139.5,0.76,185.0,0.77,111.5,0.02,0.02,2345.039855,1776270397000
1776270398.83,98.83,0.24,164.0,0.23,101.0,0.26,102.0,0.27,154.5,0.74,82.0,0.73,139.5,0.76,175.0,0.77,111.5,0.02,0.02,2345.039855,1776270397000
1776270399.756,99.756,0.24,125.0,0.23,111.0,0.25,75.0,0.26,112.5,0.74,102.0,0.73,154.5,0.76,164.0,0.77,101.0,0.01,0.02,2345.007075,1776270398000
1776270400.749,100.749,0.24,190.0,0.23,110.0,0.25,66.0,0.26,80.0,0.75,75.0,0.74,112.5,0.76,125.0,0.77,111.0,0.01,0.01,2345.170078,1776270399000
1776270401.684,101.684,0.24,168.68,0.23,110.0,0.25,66.0,0.26,80.0,0.75,66.0,0.74,80.0,0.76,190.0,0.77,110.0,0.01,0.01,2345.105805,1776270400000
1776270402.404,102.404,0.25,4.86,0.24,190.5,0.27,95.0,0.28,71.35,0.75,66.0,0.74,80.0,0.76,168.68,0.77,110.0,0.02,0.01,2345.200537,1776270401000
1776270404.821,104.821,0.27,52.2,0.26,112.0,0.28,75.0,0.29,110.5,0.73,95.0,0.72,71.35,0.75,4.86,0.76,190.5,0.01,0.02,2345.09795,1776270403000
1776270405.773,105.773,0.27,122.2,0.26,112.0,0.28,21.42,0.29,85.0,0.72,75.0,0.71,110.5,0.73,52.2,0.74,112.0,0.01,0.01,2345.136673,1776270404000
1776270406.379,106.379,0.28,34.61,0.27,92.2,0.29,72.21,0.3,105.5,0.71,62.21,0.7,105.5,0.72,36.0,0.73,92.2,0.01,0.01,2345.25795,1776270405000
1776270407.407,107.407,0.31,191.5,0.3,81.5,0.32,109.85,0.33,10.0,0.71,72.21,0.7,105.5,0.72,24.61,0.73,92.2,0.01,0.01,2345.348462,1776270406000
1776270408.794,108.794,0.31,175.0,0.3,100.5,0.32,119.85,0.33,10.0,0.68,109.85,0.67,10.0,0.69,191.5,0.7,81.5,0.01,0.01,2345.38284,1776270407000
1776270409.012,109.012,0.31,130.0,0.3,80.0,0.32,142.22,0.33,30.5,0.68,129.85,0.67,20.0,0.69,135.0,0.7,100.5,0.01,0.01,2345.38284,1776270407000
1776270409.236,109.236,0.29,1.0,0.28,150.0,0.31,25.5,0.32,236.22,0.68,142.22,0.67,30.5,0.69,130.0,0.7,80.0,0.02,0.01,2345.38284,1776270407000
1776270410.183,110.183,0.28,154.94,0.27,65.0,0.29,16.55,0.3,91.5,0.71,11.55,0.7,36.5,0.72,139.94,0.73,65.0,0.01,0.01,2345.838663,1776270409000
1776270411.792,111.792,0.31,105.5,0.3,257.5,0.32,113.23,0.33,10.0,0.71,16.55,0.7,91.5,0.72,154.94,0.73,65.0,0.01,0.01,2345.76873,1776270410000
1776270411.997,111.997,0.31,224.5,0.3,186.5,0.34,200.0,0.36,150.0,0.68,113.23,0.67,10.0,0.69,105.5,0.7,257.5,0.03,0.01,2345.67338,1776270411000
1776270413.545,113.545,0.4,25.0,0.39,20.0,0.41,20.0,0.42,42.09,0.66,200.0,0.64,150.0,0.69,224.5,0.7,186.5,0.01,0.03,2345.677135,1776270412000
1776270414.456,114.456,0.41,105.0,0.4,104.0,0.43,5.69,0.44,120.5,0.58,33.87,0.57,20.0,0.6,45.0,0.61,15.0,0.02,0.02,2345.883062,1776270413000
1776270417.169,117.169,0.4,28.38,0.39,10.0,0.42,15.0,0.43,55.5,0.57,5.69,0.56,120.5,0.59,105.0,0.6,104.0,0.02,0.02,2346.504785,1776270416000
1776270417.517,117.517,0.4,26.54,0.39,10.0,0.41,90.5,0.42,85.5,0.58,20.5,0.57,40.5,0.6,53.54,0.61,10.0,0.01,0.02,2346.504785,1776270416000
1776270420.88,120.88,0.42,339.65,0.41,200.5,0.46,45.0,0.47,10.0,0.57,58.88,0.56,60.5,0.58,10.0,0.59,31.0,0.04,0.01,2346.4074,1776270419000
1776270421.11,121.11,0.49,10.0,0.48,10.0,0.5,27.19,0.51,121.12,0.5,62.19,0.49,116.12,0.51,10.0,0.52,10.0,0.01,0.01,2346.4074,1776270419000
1776270421.327,121.327,0.49,90.0,0.48,15.0,0.51,106.31,0.52,160.0,0.5,27.19,0.49,121.12,0.51,10.0,0.52,10.0,0.02,0.01,2346.4024,1776270420000
1776270421.976,121.976,0.5,69.0,0.49,79.0,0.51,81.62,0.52,165.0,0.49,118.48,0.48,160.0,0.5,10.0,0.51,85.0,0.01,0.01,2346.4024,1776270420000
1776270423.958,123.958,0.53,82.77,0.52,89.5,0.54,53.64,0.55,150.0,0.49,81.62,0.48,165.0,0.5,69.0,0.51,79.0,0.01,0.01,2346.739007,1776270422000
1776270424.414,124.414,0.54,4.34,0.53,24.0,0.55,155.5,0.56,245.5,0.45,150.0,0.44,195.5,0.49,21.48,0.5,231.5,0.01,0.04,2347.077529,1776270423000
1776270425.086,125.086,0.54,0.34,0.53,19.0,0.55,155.5,0.56,245.5,0.45,155.5,0.44,245.5,0.46,4.34,0.47,24.0,0.01,0.01,2347.077529,1776270423000
1776270425.313,125.313,0.54,0.12,0.53,24.0,0.55,100.5,0.56,245.5,0.45,155.5,0.44,245.5,0.46,0.34,0.47,19.0,0.01,0.01,2347.08116,1776270424000
1776270425.59,125.59,0.53,36.43,0.52,10.0,0.54,98.09,0.55,85.5,0.46,90.5,0.45,80.5,0.47,36.43,0.48,10.0,0.01,0.01,2347.08116,1776270424000
1776270425.93,125.93,0.53,56.43,0.52,15.0,0.54,67.27,0.55,75.5,0.46,98.09,0.45,85.5,0.47,36.43,0.48,10.0,0.01,0.01,2347.08116,1776270424000
1776270426.905,126.905,0.53,46.43,0.52,20.0,0.54,80.41,0.55,75.5,0.46,67.27,0.45,75.5,0.47,56.43,0.48,15.0,0.01,0.01,2347.214369,1776270425000
1776270427.457,127.457,0.53,11.43,0.52,15.0,0.54,94.52,0.55,70.5,0.46,80.41,0.45,75.5,0.47,46.43,0.48,20.0,0.01,0.01,2347.281825,1776270426000
1776270427.795,127.795,0.52,19.83,0.51,15.0,0.53,93.34,0.54,79.52,0.47,2.34,0.46,89.52,0.48,21.7,0.49,10.0,0.01,0.01,2347.281825,1776270426000
1776270428.026,128.026,0.52,19.83,0.51,15.0,0.53,149.83,0.54,79.52,0.47,93.34,0.46,79.52,0.48,19.83,0.49,15.0,0.01,0.01,2347.281825,1776270426000
1776270428.276,128.276,0.52,13.83,0.51,15.0,0.53,144.83,0.54,79.52,0.47,149.83,0.46,79.52,0.48,19.83,0.49,15.0,0.01,0.01,2347.258155,1776270427000
1776270428.611,128.611,0.52,143.83,0.51,76.0,0.53,108.38,0.54,53.52,0.47,144.83,0.46,79.52,0.48,13.83,0.49,15.0,0.01,0.01,2347.258155,1776270427000
1776270428.815,128.815,0.52,82.83,0.51,76.0,0.53,108.38,0.54,58.52,0.47,108.38,0.46,53.52,0.48,143.83,0.49,76.0,0.01,0.01,2347.258155,1776270427000
1776270429.543,129.543,0.52,153.83,0.51,76.0,0.53,106.3,0.54,58.52,0.47,106.3,0.46,58.52,0.48,82.83,0.49,76.0,0.01,0.01,2347.26306,1776270428000
1776270430.208,130.208,0.52,123.83,0.51,76.0,0.53,96.8,0.54,63.52,0.47,38.3,0.46,58.52,0.48,148.83,0.49,76.0,0.01,0.01,2347.21354,1776270429000
1776270432.947,132.947,0.5,83.0,0.49,76.0,0.51,19.62,0.52,80.5,0.47,98.8,0.46,63.52,0.48,68.83,0.49,26.0,0.01,0.01,2347.228945,1776270431000
1776270433.575,133.575,0.5,116.0,0.49,86.0,0.51,5.0,0.52,40.5,0.49,19.62,0.48,80.5,0.5,83.0,0.51,76.0,0.01,0.01,2347.2189,1776270432000
1776270434.425,134.425,0.49,16.12,0.48,162.5,0.51,5.0,0.52,40.5,0.49,5.0,0.48,40.5,0.5,116.0,0.51,86.0,0.02,0.01,2347.004653,1776270433000
1776270434.93,134.93,0.5,54.72,0.49,25.0,0.51,85.5,0.52,95.5,0.49,5.0,0.48,40.5,0.51,16.12,0.52,162.5,0.01,0.02,2347.004653,1776270433000
1776270439.041,139.041,0.51,83.1,0.5,124.0,0.52,69.46,0.53,64.34,0.49,85.5,0.48,95.5,0.5,54.72,0.51,25.0,0.01,0.01,2347.08145,1776270437000
1776270440.236,140.236,0.5,21.22,0.49,65.0,0.52,104.96,0.53,84.34,0.48,69.46,0.47,64.34,0.49,83.1,0.5,124.0,0.02,0.01,2347.17314,1776270439000
1776270441.111,141.111,0.51,343.12,0.5,222.72,0.52,29.46,0.53,13.84,0.48,104.96,0.47,84.34,0.5,21.22,0.51,65.0,0.01,0.02,2347.17314,1776270439000
1776270441.756,141.756,0.54,68.0,0.53,26.0,0.55,133.52,0.56,320.5,0.45,40.91,0.44,315.5,0.46,21.0,0.47,15.0,0.01,0.01,2347.267456,1776270440000
1776270442.857,142.857,0.54,43.0,0.53,23.0,0.55,88.7,0.56,315.5,0.45,133.52,0.44,320.5,0.46,68.0,0.47,26.0,0.01,0.01,2347.167435,1776270441000
1776270449.664,149.664,0.55,43.2,0.54,33.0,0.56,304.5,0.57,165.5,0.45,88.7,0.44,315.5,0.46,43.0,0.47,23.0,0.01,0.01,2347.354385,1776270448000
1776270450.536,150.536,0.55,84.2,0.54,99.0,0.56,44.12,0.57,150.5,0.44,304.5,0.43,165.5,0.45,43.2,0.46,33.0,0.01,0.01,2347.35362,1776270449000
1776270451.698,151.698,0.55,73.2,0.54,99.0,0.56,42.33,0.57,145.5,0.44,44.12,0.43,150.5,0.45,84.2,0.46,99.0,0.01,0.01,2347.35362,1776270449000
1776270453.409,153.409,0.55,43.75,0.54,69.0,0.56,72.83,0.57,175.5,0.44,42.33,0.43,145.5,0.45,73.2,0.46,99.0,0.01,0.01,2347.378014,1776270451000
1776270454.158,154.158,0.55,26.75,0.54,59.0,0.56,82.83,0.57,165.5,0.44,72.83,0.43,175.5,0.45,43.75,0.46,69.0,0.01,0.01,2347.379005,1776270452000
1776270457.528,157.528,0.55,132.66,0.54,59.0,0.56,37.04,0.57,175.5,0.44,71.04,0.43,165.5,0.45,76.75,0.46,59.0,0.01,0.01,2347.3521,1776270456000
1776270458.175,158.175,0.55,127.66,0.54,109.0,0.56,37.04,0.57,175.5,0.44,37.04,0.43,175.5,0.45,132.66,0.46,59.0,0.01,0.01,2347.3521,1776270456000
1776270459.15,159.15,0.55,110.66,0.54,109.0,0.56,37.04,0.57,100.5,0.44,37.04,0.43,175.5,0.45,127.66,0.46,109.0,0.01,0.01,2347.43426,1776270457000
1776270460.775,160.775,0.56,33.77,0.55,73.0,0.57,95.5,0.58,290.0,0.44,37.04,0.43,100.5,0.45,110.66,0.46,109.0,0.01,0.01,2347.482841,1776270459000
1776270461.997,161.997,0.54,20.0,0.53,10.0,0.55,177.5,0.56,127.5,0.43,95.5,0.42,290.0,0.44,33.77,0.45,73.0,0.01,0.01,2347.455306,1776270460000
1776270462.677,162.677,0.5,65.0,0.49,35.0,0.52,62.5,0.53,168.5,0.45,168.58,0.44,182.5,0.46,20.0,0.47,10.0,0.02,0.01,2347.452594,1776270461000
1776270463.028,163.028,0.49,10.0,0.48,86.0,0.51,352.5,0.52,171.5,0.48,62.5,0.47,168.5,0.5,65.0,0.51,35.0,0.02,0.02,2347.452594,1776270461000
1776270463.257,163.257,0.47,135.0,0.46,55.0,0.49,165.0,0.5,103.0,0.5,108.0,0.49,202.5,0.52,61.0,0.53,135.0,0.02,0.02,2347.452594,1776270461000
1776270463.936,163.936,0.43,25.0,0.41,50.0,0.45,126.5,0.46,82.5,0.53,21.57,0.52,30.5,0.55,200.0,0.56,80.0,0.02,0.02,2347.38,1776270462000
1776270464.523,164.523,0.4,13.0,0.38,85.5,0.41,22.0,0.42,131.5,0.55,126.5,0.54,82.5,0.57,25.0,0.59,50.0,0.01,0.02,2347.261583,1776270463000
1776270465.077,165.077,0.4,13.0,0.38,85.0,0.41,128.23,0.42,142.5,0.59,22.0,0.58,131.5,0.6,13.0,0.62,85.5,0.01,0.01,2347.261583,1776270463000
1776270466.198,166.198,0.38,85.0,0.37,30.0,0.41,138.23,0.42,175.5,0.59,128.23,0.58,142.5,0.6,13.0,0.62,85.0,0.03,0.01,2346.507008,1776270464000
1776270466.975,166.975,0.38,60.0,0.37,30.0,0.39,20.5,0.4,75.5,0.59,138.23,0.58,175.5,0.62,85.0,0.63,30.0,0.01,0.03,2346.5009,1776270465000
1776270468.885,168.885,0.39,26.0,0.38,116.5,0.41,75.5,0.42,70.5,0.61,20.5,0.6,75.5,0.62,60.0,0.63,30.0,0.02,0.01,2346.351084,1776270467000
1776270469.256,169.256,0.38,91.0,0.37,29.0,0.39,25.0,0.4,65.0,0.59,70.1,0.58,70.5,0.61,71.0,0.62,116.5,0.01,0.02,2346.351084,1776270467000
1776270469.5,169.5,0.31,51.72,0.3,50.0,0.34,10.0,0.35,10.0,0.66,10.0,0.65,10.0,0.67,94.91,0.68,50.0,0.03,0.01,2346.308398,1776270468000
1776270469.793,169.793,0.31,99.0,0.29,55.0,0.32,38.0,0.33,60.0,0.6,65.0,0.59,70.1,0.69,51.72,0.7,50.0,0.01,0.09,2346.308398,1776270468000
1776270470.362,170.362,0.31,111.0,0.3,50.0,0.32,5.0,0.33,60.0,0.68,38.0,0.67,60.0,0.69,99.0,0.71,55.0,0.01,0.01,2346.308398,1776270468000
1776270470.588,170.588,0.32,8.47,0.31,167.5,0.33,36.45,0.34,115.0,0.67,36.45,0.66,120.0,0.69,172.5,0.7,84.5,0.01,0.02,2346.308398,1776270468000
1776270470.804,170.804,0.32,254.58,0.31,150.5,0.33,10.0,0.34,70.0,0.67,10.0,0.66,70.0,0.68,265.58,0.69,150.5,0.01,0.01,2346.309306,1776270469000
1776270471.428,171.428,0.32,18.0,0.29,5.0,0.33,71.5,0.34,118.99,0.66,66.49,0.65,43.0,0.68,262.58,0.69,150.5,0.01,0.02,2346.074848,1776270470000
1776270472.108,172.108,0.28,50.0,0.26,100.0,0.3,194.5,0.31,72.0,0.7,37.5,0.69,10.0,0.71,23.9,0.72,50.0,0.02,0.01,2346.074848,1776270470000
1776270472.464,172.464,0.26,105.0,0.25,10.0,0.27,61.83,0.28,71.5,0.72,15.5,0.71,31.5,0.74,100.0,0.75,10.0,0.01,0.02,2346.074848,1776270470000
1776270473.32,173.32,0.26,65.0,0.25,60.0,0.27,70.21,0.28,66.0,0.73,61.83,0.72,71.5,0.74,105.0,0.75,10.0,0.01,0.01,2345.8869,1776270472000
1776270473.667,173.667,0.26,130.5,0.25,20.5,0.27,78.08,0.28,60.0,0.73,85.0,0.72,60.0,0.74,110.0,0.75,20.5,0.01,0.01,2345.8869,1776270472000
1776270474.051,174.051,0.26,113.43,0.25,47.5,0.27,83.08,0.28,65.5,0.73,78.08,0.72,60.0,0.74,130.5,0.75,20.5,0.01,0.01,2345.60211,1776270473000
1776270474.499,174.499,0.26,312.5,0.25,108.5,0.27,24.65,0.28,10.0,0.72,43.29,0.71,70.5,0.74,76.0,0.75,37.0,0.01,0.02,2345.60211,1776270473000
1776270475.113,175.113,0.42,10.0,0.41,81.0,0.43,33.25,0.44,55.0,0.72,10.0,0.69,10.0,0.74,314.5,0.75,108.5,0.01,0.02,2345.5609,1776270474000
1776270476.354,176.354,0.42,36.0,0.41,86.0,0.43,33.25,0.44,65.5,0.57,33.25,0.56,55.0,0.58,10.0,0.59,81.0,0.01,0.01,2345.533039,1776270475000
1776270476.719,176.719,0.42,46.0,0.41,96.0,0.43,43.75,0.44,75.5,0.57,33.25,0.56,65.5,0.58,36.0,0.59,86.0,0.01,0.01,2345.533039,1776270475000
1776270477.653,177.653,0.42,52.37,0.41,106.0,0.43,21.75,0.44,85.5,0.57,16.75,0.56,75.5,0.58,46.0,0.59,96.0,0.01,0.01,2346.569703,1776270476000
1776270478.587,178.587,0.42,47.37,0.41,116.0,0.43,15.95,0.44,75.5,0.57,21.75,0.56,85.5,0.58,52.37,0.59,106.0,0.01,0.01,2346.527885,1776270477000
1776270478.946,178.946,0.42,34.0,0.41,105.0,0.43,70.25,0.44,75.5,0.57,15.95,0.56,75.5,0.58,47.37,0.59,116.0,0.01,0.01,2346.527885,1776270477000
1776270479.849,179.849,0.42,39.0,0.41,105.0,0.43,54.45,0.44,95.5,0.57,70.25,0.56,75.5,0.58,34.0,0.59,105.0,0.01,0.01,2346.491212,1776270478000
1776270480.216,180.216,0.43,10.0,0.42,64.5,0.44,64.3,0.45,140.5,0.57,54.45,0.56,95.5,0.58,39.0,0.59,105.0,0.01,0.01,2346.495,1776270479000
1776270480.676,180.676,0.45,10.0,0.44,55.0,0.48,40.16,0.49,110.0,0.56,64.3,0.55,140.5,0.57,10.0,0.58,64.5,0.03,0.01,2346.495,1776270479000
1776270481.595,181.595,0.49,20.0,0.48,64.0,0.5,75.12,0.51,65.0,0.52,40.16,0.51,110.0,0.55,10.0,0.56,55.0,0.01,0.03,2346.472815,1776270480000
1776270481.879,181.879,0.49,25.0,0.48,104.0,0.5,12.18,0.51,65.0,0.5,70.12,0.49,65.0,0.51,20.0,0.52,64.0,0.01,0.01,2346.472815,1776270480000
1776270482.752,182.752,0.49,27.41,0.48,30.0,0.5,62.18,0.51,70.0,0.5,12.18,0.49,65.0,0.51,25.0,0.52,104.0,0.01,0.01,2346.580746,1776270481000
1776270483.496,183.496,0.49,2.41,0.48,75.0,0.5,12.18,0.51,85.0,0.5,62.18,0.49,70.0,0.51,27.41,0.52,30.0,0.01,0.01,2346.79084,1776270482000
1776270484.34,184.34,0.49,10.0,0.48,10.0,0.51,115.5,0.52,120.0,0.49,85.0,0.48,80.0,0.5,4.8,0.51,15.0,0.02,0.01,2346.84748,1776270483000
1776270485.074,185.074,0.48,5.0,0.47,20.0,0.49,80.5,0.5,80.5,0.49,115.5,0.48,120.0,0.51,7.47,0.52,10.0,0.01,0.02,2346.84748,1776270483000
1776270490.372,190.372,0.49,25.14,0.48,81.0,0.5,15.0,0.51,105.5,0.5,59.39,0.49,110.5,0.52,5.0,0.53,20.0,0.01,0.02,2346.748245,1776270489000
1776270490.851,190.851,0.49,14.23,0.48,10.0,0.5,117.15,0.51,95.5,0.5,15.0,0.49,105.5,0.51,25.14,0.52,81.0,0.01,0.01,2346.748245,1776270489000
1776270491.29,191.29,0.49,9.23,0.48,60.0,0.5,57.15,0.51,105.5,0.5,117.15,0.49,95.5,0.51,14.23,0.52,10.0,0.01,0.01,2346.75201,1776270490000
1776270494.362,194.362,0.47,56.49,0.46,141.5,0.5,57.15,0.51,105.0,0.5,57.15,0.49,105.5,0.51,9.23,0.52,60.0,0.03,0.01,2346.806078,1776270493000
1776270496.898,196.898,0.47,130.5,0.46,141.5,0.49,5.0,0.5,62.89,0.5,102.89,0.49,115.5,0.52,20.0,0.53,64.5,0.02,0.02,2346.78532,1776270495000
1776270497.155,197.155,0.48,20.3,0.47,130.5,0.49,0.38,0.5,62.89,0.51,5.0,0.5,62.89,0.52,10.3,0.53,130.5,0.01,0.01,2346.774286,1776270496000
1776270497.661,197.661,0.47,41.0,0.46,106.69,0.48,4.3,0.49,25.5,0.5,47.47,0.49,110.5,0.52,20.3,0.53,120.5,0.01,0.02,2346.774286,1776270496000
1776270498.101,198.101,0.47,10.0,0.46,10.19,0.48,94.9,0.49,91.5,0.52,4.3,0.51,25.5,0.53,41.0,0.54,106.69,0.01,0.01,2346.774286,1776270496000
1776270498.509,198.509,0.44,50.0,0.43,10.0,0.47,290.37,0.48,160.9,0.53,25.87,0.52,92.9,0.54,10.19,0.55,10.0,0.03,0.01,2346.753785,1776270497000
1776270498.714,198.714,0.43,10.0,0.42,95.0,0.44,54.2,0.45,33.0,0.53,290.37,0.52,160.9,0.56,50.0,0.57,10.0,0.01,0.03,2346.753785,1776270497000
1776270499.056,199.056,0.41,25.0,0.4,10.0,0.42,54.3,0.43,94.5,0.56,54.2,0.55,33.0,0.57,10.0,0.58,95.0,0.01,0.01,2346.753785,1776270497000
1776270499.465,199.465,0.41,20.0,0.4,20.0,0.42,80.3,0.43,110.5,0.58,64.4,0.57,89.5,0.59,20.0,0.6,10.0,0.01,0.01,2346.78478,1776270498000
1776270502.742,202.742,0.38,102.5,0.37,120.5,0.4,15.0,0.41,44.0,0.58,80.3,0.57,110.5,0.59,20.0,0.6,20.0,0.02,0.01,2346.472766,1776270501000
1776270503.019,203.019,0.38,35.5,0.37,120.5,0.39,24.87,0.4,65.0,0.6,15.0,0.59,44.0,0.62,90.83,0.63,115.5,0.01,0.02,2346.472766,1776270501000
1776270503.504,203.504,0.38,20.0,0.37,50.0,0.39,165.5,0.4,102.5,0.61,24.87,0.6,65.0,0.62,35.5,0.63,120.5,0.01,0.01,2346.385318,1776270502000
1776270504.023,204.023,0.36,10.0,0.35,85.0,0.37,212.0,0.38,106.5,0.63,8.5,0.62,65.5,0.64,130.0,0.65,95.5,0.01,0.01,2346.385318,1776270502000
1776270505.138,205.138,0.34,19.81,0.32,70.5,0.35,177.5,0.36,144.5,0.63,197.0,0.62,106.5,0.64,10.0,0.65,85.0,0.01,0.01,2346.348079,1776270503000
1776270505.423,205.423,0.32,7.25,0.31,125.0,0.33,113.0,0.34,94.0,0.65,177.5,0.64,144.5,0.68,70.5,0.69,120.5,0.01,0.03,2346.316008,1776270504000
1776270505.878,205.878,0.29,10.54,0.28,110.0,0.3,129.0,0.31,85.0,0.67,113.0,0.66,94.0,0.69,125.0,0.7,75.0,0.01,0.02,2346.316008,1776270504000
1776270506.577,206.577,0.27,66.11,0.26,124.0,0.28,35.0,0.29,25.0,0.7,120.0,0.69,71.0,0.72,10.0,0.73,80.56,0.01,0.02,2346.114035,1776270505000
1776270506.875,206.875,0.26,86.24,0.25,31.0,0.27,30.0,0.28,65.0,0.72,35.0,0.71,25.0,0.73,29.04,0.74,124.0,0.01,0.01,2346.114035,1776270505000
1776270507.297,207.297,0.25,10.0,0.24,145.0,0.26,48.15,0.27,123.0,0.73,30.0,0.72,65.0,0.74,75.24,0.75,81.0,0.01,0.01,2346.01062,1776270506000
1776270509.187,209.187,0.23,82.63,0.22,110.5,0.25,80.0,0.26,60.0,0.74,48.15,0.73,123.0,0.75,10.0,0.76,145.0,0.02,0.01,2345.706491,1776270507000
1776270509.443,209.443,0.24,9.0,0.23,45.63,0.25,90.0,0.26,80.5,0.75,80.0,0.74,60.0,0.77,82.63,0.78,110.5,0.01,0.02,2345.588961,1776270508000
1776270509.772,209.772,0.24,6.44,0.23,57.63,0.25,80.0,0.26,91.5,0.75,90.0,0.74,80.5,0.76,9.0,0.77,45.63,0.01,0.01,2345.588961,1776270508000
1776270510.228,210.228,0.23,42.13,0.22,105.5,0.25,30.0,0.26,20.0,0.75,80.0,0.74,91.5,0.76,6.44,0.77,57.63,0.02,0.01,2345.535293,1776270509000
1776270510.51,210.51,0.23,10.5,0.22,161.5,0.24,37.8,0.25,41.0,0.76,43.01,0.75,25.0,0.77,10.5,0.78,171.5,0.01,0.01,2345.535293,1776270509000
1776270510.906,210.906,0.22,113.0,0.21,325.5,0.24,134.88,0.25,107.5,0.76,37.8,0.75,41.0,0.77,10.5,0.78,161.5,0.02,0.01,2345.535293,1776270509000
1776270513.666,213.666,0.21,389.5,0.2,376.5,0.24,33.68,0.25,80.5,0.76,134.88,0.75,107.5,0.78,113.0,0.79,325.5,0.03,0.02,2345.456178,1776270512000
1776270514.315,214.315,0.23,33.47,0.22,78.5,0.24,38.68,0.25,47.0,0.76,33.68,0.75,90.5,0.78,38.5,0.79,355.5,0.01,0.02,2345.456178,1776270512000
1776270514.566,214.566,0.23,35.5,0.22,70.5,0.24,22.01,0.25,10.0,0.76,38.68,0.75,47.0,0.77,33.47,0.78,78.5,0.01,0.01,2345.422982,1776270513000
1776270514.767,214.767,0.23,40.5,0.22,80.5,0.24,7.78,0.26,20.0,0.76,22.01,0.75,10.0,0.77,40.5,0.78,70.5,0.01,0.01,2345.422982,1776270513000
1776270514.985,214.985,0.23,133.5,0.22,102.5,0.25,10.0,0.26,30.0,0.76,7.78,0.74,20.0,0.77,27.5,0.78,80.5,0.02,0.01,2345.422982,1776270513000
1776270515.339,215.339,0.26,131.07,0.25,50.0,0.28,10.0,0.29,45.0,0.73,65.0,0.72,10.0,0.74,9.23,0.77,138.5,0.02,0.01,2345.488779,1776270514000
1776270515.541,215.541,0.26,144.07,0.25,60.0,0.27,4.0,0.28,10.0,0.72,10.0,0.71,45.0,0.74,131.07,0.75,50.0,0.01,0.02,2345.488779,1776270514000
1776270516.449,216.449,0.26,95.22,0.25,60.0,0.27,4.0,0.28,10.0,0.73,4.0,0.72,10.0,0.74,117.04,0.75,60.0,0.01,0.01,2345.4717,1776270515000
1776270516.992,216.992,0.26,24.79,0.25,60.0,0.27,4.0,0.28,10.0,0.73,4.0,0.72,10.0,0.74,95.22,0.75,60.0,0.01,0.01,2345.4717,1776270515000
1776270518.07,218.07,0.27,7.0,0.26,70.5,0.28,10.0,0.29,60.0,0.73,4.0,0.72,10.0,0.74,18.79,0.75,69.0,0.01,0.01,2345.835002,1776270516000
1776270518.284,218.284,0.26,70.5,0.25,100.5,0.27,4.0,0.28,15.0,0.72,10.0,0.71,60.0,0.73,7.0,0.74,70.5,0.01,0.01,2345.772895,1776270517000
1776270519.27,219.27,0.26,95.5,0.25,91.5,0.27,3.6,0.28,7.0,0.72,7.0,0.71,66.0,0.74,85.5,0.75,100.5,0.01,0.02,2345.736735,1776270518000
1776270519.626,219.626,0.26,75.5,0.25,91.5,0.28,4.3,0.29,66.0,0.73,3.6,0.72,7.0,0.74,95.5,0.75,91.5,0.02,0.01,2345.736735,1776270518000
1776270519.955,219.955,0.27,85.5,0.26,65.5,0.28,3.8,0.29,61.0,0.72,4.3,0.71,66.0,0.74,75.5,0.75,91.5,0.01,0.02,2345.736735,1776270518000
1776270520.597,220.597,0.27,75.5,0.26,75.5,0.29,58.4,0.3,77.5,0.72,3.8,0.71,61.0,0.73,85.5,0.74,65.5,0.02,0.01,2345.866819,1776270519000
1776270523.451,223.451,0.26,14.98,0.25,104.5,0.27,17.0,0.28,17.0,0.71,63.4,0.7,62.0,0.72,14.11,0.73,65.5,0.01,0.01,2345.831515,1776270522000
1776270524.868,224.868,0.25,119.5,0.24,60.5,0.28,15.0,0.29,18.0,0.73,17.0,0.72,17.0,0.74,14.98,0.75,104.5,0.03,0.01,2345.821535,1776270524000
1776270526.436,226.436,0.26,1.93,0.25,60.0,0.27,90.5,0.28,87.5,0.72,15.0,0.71,18.0,0.75,119.5,0.76,60.5,0.01,0.03,2345.800763,1776270525000
1776270527.264,227.264,0.25,3.33,0.23,25.0,0.26,150.5,0.27,135.5,0.73,141.5,0.72,87.5,0.75,60.0,0.76,9.0,0.01,0.02,2345.800763,1776270525000
1776270527.616,227.616,0.23,30.0,0.22,137.5,0.24,10.0,0.25,32.0,0.74,150.5,0.73,135.5,0.75,3.33,0.77,25.0,0.01,0.01,2345.8358,1776270526000
1776270527.952,227.952,0.23,40.0,0.22,127.5,0.24,5.83,0.25,32.0,0.76,10.0,0.75,32.0,0.77,30.0,0.78,137.5,0.01,0.01,2345.8358,1776270526000
1776270528.614,228.614,0.23,55.5,0.22,116.5,0.25,27.0,0.26,114.0,0.76,5.83,0.75,32.0,0.77,40.0,0.78,127.5,0.02,0.01,2345.878579,1776270527000
1776270529.929,229.929,0.22,50.0,0.21,330.0,0.24,305.5,0.25,110.5,0.75,27.0,0.74,114.0,0.77,55.5,0.78,116.5,0.02,0.02,2345.85073,1776270528000
1776270530.374,230.374,0.22,5.0,0.21,330.0,0.23,91.25,0.24,143.5,0.76,305.5,0.75,110.5,0.78,50.0,0.79,330.0,0.01,0.02,2345.736893,1776270529000
1776270533.38,233.38,0.19,85.0,0.18,205.0,0.2,315.96,0.21,230.5,0.77,57.92,0.76,143.5,0.78,5.0,0.79,330.0,0.01,0.01,2345.504804,1776270532000
1776270537.069,237.069,0.16,2.75,0.15,85.0,0.17,124.5,0.18,139.5,0.8,315.96,0.79,230.5,0.81,85.0,0.82,205.0,0.01,0.01,2345.286558,1776270535000
1776270538.077,238.077,0.16,9.42,0.15,95.5,0.17,55.0,0.18,50.0,0.83,281.5,0.82,139.5,0.84,1.17,0.85,85.0,0.01,0.01,2345.238017,1776270536000
1776270538.426,238.426,0.17,80.5,0.16,75.73,0.18,2.77,0.19,32.58,0.83,55.0,0.82,50.0,0.84,9.42,0.85,95.5,0.01,0.01,2345.297773,1776270537000
1776270539.429,239.429,0.18,39.51,0.17,89.5,0.19,47.21,0.2,61.25,0.81,38.58,0.8,56.25,0.82,5.23,0.83,94.5,0.01,0.01,2345.297773,1776270537000
1776270540.575,240.575,0.17,14.23,0.16,76.31,0.19,39.21,0.2,51.25,0.81,47.21,0.8,61.25,0.82,26.48,0.83,29.5,0.02,0.01,2345.297773,1776270537000
1776270541.387,241.387,0.17,24.23,0.16,76.31,0.19,0.89,0.2,52.25,0.81,39.21,0.8,51.25,0.83,14.23,0.84,76.31,0.02,0.02,2345.297773,1776270537000
1776270541.764,241.764,0.17,9.23,0.16,86.31,0.19,18.89,0.2,51.25,0.81,0.89,0.8,52.25,0.83,24.23,0.84,76.31,0.02,0.02,2345.297773,1776270537000
1776270543.851,243.851,0.16,10.0,0.15,41.73,0.17,17.0,0.18,92.95,0.81,18.89,0.8,51.25,0.83,9.23,0.84,86.31,0.01,0.02,2345.297773,1776270537000
1776270544.311,244.311,0.16,1.52,0.15,41.73,0.17,22.0,0.18,113.95,0.83,17.0,0.82,92.95,0.84,2.72,0.85,41.73,0.01,0.01,2345.297773,1776270537000
1776270544.53,244.53,0.16,1.52,0.15,41.73,0.17,10.6,0.18,53.95,0.83,22.0,0.82,113.95,0.84,1.52,0.85,41.73,0.01,0.01,2345.297773,1776270537000
1776270544.892,244.892,0.16,15.0,0.15,41.73,0.18,53.25,0.19,93.89,0.83,5.6,0.82,53.95,0.84,4.13,0.85,41.73,0.02,0.01,2345.297773,1776270537000
1776270545.354,245.354,0.16,12.85,0.15,41.73,0.17,14.8,0.18,63.25,0.83,6.0,0.82,63.25,0.84,7.85,0.85,41.73,0.01,0.01,2345.297773,1776270537000
1776270545.979,245.979,0.15,10.0,0.14,271.0,0.17,68.4,0.18,103.25,0.83,14.8,0.82,63.25,0.84,12.85,0.85,41.73,0.02,0.01,2345.297773,1776270537000
1776270546.344,246.344,0.15,16.73,0.14,235.0,0.17,88.1,0.18,103.25,0.83,68.4,0.82,103.25,0.85,10.0,0.86,271.0,0.02,0.02,2345.297773,1776270537000
1776270546.709,246.709,0.15,10.0,0.14,235.0,0.17,89.6,0.18,108.25,0.83,88.1,0.82,103.25,0.85,16.73,0.86,235.0,0.02,0.02,2345.47384,1776270545000
1776270547.076,247.076,0.15,9.75,0.14,160.0,0.16,15.0,0.17,79.6,0.83,89.6,0.82,108.25,0.85,10.0,0.86,235.0,0.01,0.02,2345.47384,1776270545000
1776270547.283,247.283,0.14,160.0,0.13,210.0,0.15,6.98,0.16,80.0,0.84,15.0,0.83,79.6,0.85,9.75,0.86,160.0,0.01,0.01,2345.47384,1776270545000
1776270548.011,248.011,0.14,50.0,0.13,210.0,0.15,41.98,0.16,150.0,0.85,6.98,0.84,80.0,0.86,160.0,0.87,210.0,0.01,0.01,2345.40201,1776270546000
1776270549.114,249.114,0.13,172.76,0.12,82.09,0.14,28.11,0.15,60.98,0.85,41.98,0.84,150.0,0.86,50.0,0.87,210.0,0.01,0.01,2345.392935,1776270547000
1776270550.714,250.714,0.13,70.76,0.12,40.09,0.14,33.0,0.15,50.98,0.86,28.11,0.85,60.98,0.87,172.76,0.88,82.09,0.01,0.01,2345.35773,1776270549000
1776270552.572,252.572,0.13,20.0,0.12,40.09,0.14,243.62,0.15,100.98,0.86,33.0,0.85,50.98,0.87,70.76,0.88,40.09,0.01,0.01,2345.324526,1776270551000
1776270553.823,253.823,0.12,13.95,0.11,10.0,0.13,191.0,0.14,128.62,0.86,243.62,0.85,100.98,0.87,20.0,0.88,40.09,0.01,0.01,2345.324774,1776270552000
1776270554.962,254.962,0.12,66.29,0.11,60.0,0.13,22.0,0.14,10.0,0.87,191.0,0.86,128.62,0.88,13.95,0.89,10.0,0.01,0.01,2345.320695,1776270553000
1776270556.363,256.363,0.13,3.74,0.12,16.29,0.14,107.93,0.15,119.0,0.87,22.0,0.86,10.0,0.88,66.29,0.89,60.0,0.01,0.01,2345.389516,1776270555000
1776270556.649,256.649,0.12,10.48,0.11,20.0,0.14,122.93,0.15,109.0,0.86,107.93,0.85,119.0,0.87,3.74,0.88,16.29,0.02,0.01,2345.389516,1776270555000
1776270557.757,257.757,0.11,11.0,0.1,50.0,0.12,248.0,0.13,99.0,0.86,122.93,0.85,109.0,0.88,10.48,0.89,20.0,0.01,0.02,2345.39835,1776270556000
1776270558.768,258.768,0.1,47.95,0.09,285.0,0.12,318.0,0.13,100.0,0.88,248.0,0.87,99.0,0.89,11.0,0.9,50.0,0.02,0.01,2345.40462,1776270557000
1776270559.559,259.559,0.1,42.95,0.09,285.0,0.11,276.0,0.12,168.0,0.88,318.0,0.87,100.0,0.9,47.95,0.91,285.0,0.01,0.02,2345.340819,1776270558000
1776270560.438,260.438,0.1,0.72,0.09,285.0,0.11,127.0,0.12,141.05,0.89,276.0,0.88,168.0,0.9,42.95,0.91,285.0,0.01,0.01,2345.342608,1776270559000
1776270560.66,260.66,0.09,275.27,0.08,85.0,0.11,295.0,0.12,141.05,0.89,127.0,0.88,141.05,0.9,0.72,0.91,285.0,0.02,0.01,2345.342608,1776270559000
1776270560.952,260.952,0.08,2.19,0.07,235.0,0.1,91.0,0.11,155.0,0.89,295.0,0.88,141.05,0.91,275.27,0.92,85.0,0.02,0.02,2345.342608,1776270559000
1776270561.282,261.282,0.09,7.67,0.08,2.19,0.1,96.0,0.11,155.0,0.9,91.0,0.89,155.0,0.92,2.19,0.93,235.0,0.01,0.02,2345.342608,1776270559000
1776270561.62,261.62,0.09,2.17,0.08,65.19,0.1,96.0,0.11,155.0,0.9,96.0,0.89,155.0,0.91,7.67,0.92,2.19,0.01,0.01,2345.218195,1776270560000
1776270561.908,261.908,0.07,226.36,0.06,469.0,0.1,271.0,0.11,155.0,0.9,96.0,0.89,155.0,0.91,2.17,0.92,2.19,0.03,0.01,2345.218195,1776270560000
1776270562.476,262.476,0.08,7.82,0.07,140.78,0.09,297.72,0.1,61.0,0.9,216.0,0.89,155.0,0.93,240.78,0.94,469.0,0.01,0.03,2345.203195,1776270561000
1776270563.09,263.09,0.07,1.36,0.06,340.0,0.08,244.95,0.09,172.72,0.92,13.18,0.91,297.72,0.93,140.78,0.94,469.0,0.01,0.01,2345.203195,1776270561000
1776270563.318,263.318,0.06,134.36,0.05,135.0,0.08,244.95,0.09,177.72,0.92,244.95,0.91,172.72,0.93,1.36,0.94,340.0,0.02,0.01,2345.212096,1776270562000
1776270563.523,263.523,0.06,5.84,0.05,135.0,0.07,70.0,0.08,114.95,0.93,60.0,0.92,114.95,0.94,26.16,0.95,135.0,0.01,0.01,2345.212096,1776270562000
1776270563.816,263.816,0.05,135.2,0.04,35.0,0.06,247.48,0.07,113.0,0.94,49.48,0.93,224.0,0.95,135.0,0.96,35.0,0.01,0.01,2345.212096,1776270562000
1776270564.642,264.642,0.05,35.2,0.04,40.0,0.06,291.07,0.07,113.0,0.94,247.48,0.93,113.0,0.95,135.2,0.96,35.0,0.01,0.01,2345.279169,1776270563000
1776270564.915,264.915,0.03,252.0,0.02,468.0,0.06,276.07,0.07,98.0,0.94,291.07,0.93,113.0,0.95,35.2,0.96,40.0,0.03,0.01,2345.279169,1776270563000
1776270565.393,265.393,0.05,4.73,0.04,35.25,0.06,276.07,0.07,108.0,0.94,276.07,0.93,98.0,0.97,252.0,0.98,468.0,0.01,0.03,2345.279169,1776270563000
1776270565.768,265.768,0.04,211.0,0.03,210.0,0.05,11.05,0.06,96.59,0.94,276.07,0.93,108.0,0.96,19.09,0.97,252.0,0.01,0.02,2345.019871,1776270564000
1776270566.499,266.499,0.04,250.0,0.03,226.0,0.06,19.0,0.07,20.0,0.93,125.0,0.92,119.18,0.96,211.0,0.97,210.0,0.02,0.03,2344.964317,1776270565000
1776270566.94,266.94,0.06,12.0,0.05,30.0,0.07,15.0,0.08,132.18,0.94,10.0,0.93,10.0,0.95,216.65,0.96,30.95,0.01,0.01,2344.964317,1776270565000
1776270567.371,267.371,0.07,15.4,0.06,3.74,0.08,132.18,0.09,128.0,0.93,8.6,0.92,132.18,0.94,3.74,0.95,30.0,0.01,0.01,2345.065556,1776270566000
1776270567.809,267.809,0.04,136.44,0.03,221.0,0.08,157.88,0.09,133.0,0.92,162.88,0.91,123.0,0.93,14.32,0.94,3.74,0.04,0.01,2345.065556,1776270566000
1776270568.258,268.258,0.06,33.0,0.05,71.0,0.07,8.9,0.08,68.88,0.93,25.8,0.92,133.88,0.96,133.1,0.97,221.0,0.01,0.03,2345.065556,1776270566000
1776270568.472,268.472,0.06,28.0,0.05,71.0,0.07,7.5,0.08,46.88,0.93,8.9,0.92,68.88,0.94,33.0,0.95,71.0,0.01,0.01,2345.098109,1776270567000
1776270568.921,268.921,0.06,11.0,0.05,21.0,0.07,3.7,0.08,26.88,0.92,46.88,0.91,62.0,0.94,33.0,0.95,71.0,0.01,0.02,2345.098109,1776270567000
1776270569.36,269.36,0.06,11.0,0.05,21.0,0.07,13.8,0.08,31.88,0.92,26.88,0.91,62.0,0.94,11.0,0.95,21.0,0.01,0.02,2345.187418,1776270568000
1776270569.625,269.625,0.05,30.0,0.04,10.0,0.08,31.88,0.09,62.0,0.93,13.8,0.92,31.88,0.94,11.0,0.95,21.0,0.03,0.01,2345.187418,1776270568000
1776270569.947,269.947,0.05,6.58,0.04,10.0,0.07,10.0,0.08,58.88,0.92,58.88,0.91,45.0,0.94,5.0,0.95,30.0,0.02,0.02,2345.213175,1776270569000
1776270570.494,270.494,0.05,37.58,0.04,10.0,0.07,14.11,0.08,53.88,0.93,10.0,0.92,58.88,0.95,6.58,0.96,10.0,0.02,0.02,2345.213175,1776270569000
1776270570.816,270.816,0.05,50.72,0.04,10.0,0.07,15.11,0.08,48.88,0.93,0.11,0.92,53.88,0.95,26.58,0.96,10.0,0.02,0.02,2345.213175,1776270569000
1776270571.832,271.832,0.05,50.72,0.04,10.0,0.07,13.19,0.08,48.88,0.93,15.11,0.92,48.88,0.95,50.72,0.96,10.0,0.02,0.02,2345.2931,1776270570000
1776270572.109,272.109,0.05,38.72,0.04,10.0,0.07,13.19,0.08,53.88,0.93,13.19,0.92,48.88,0.95,50.72,0.96,10.0,0.02,0.02,2345.2931,1776270571000
1776270573.479,273.479,0.05,10.0,0.04,10.0,0.06,42.33,0.07,36.19,0.93,13.19,0.92,53.88,0.95,38.72,0.96,10.0,0.01,0.02,2345.28072,1776270572000
1776270574.753,274.753,0.03,190.0,0.02,198.0,0.05,183.0,0.06,80.0,0.94,42.33,0.93,36.19,0.96,10.0,0.97,211.0,0.02,0.02,2345.28072,1776270572000
1776270575.508,275.508,0.04,10.0,0.03,190.0,0.05,183.03,0.06,99.0,0.95,183.0,0.94,80.0,0.97,190.0,0.98,198.0,0.01,0.02,2345.320025,1776270574000
1776270576.747,276.747,0.04,5.0,0.03,190.0,0.05,193.03,0.06,104.0,0.95,183.03,0.94,99.0,0.96,10.0,0.97,190.0,0.01,0.01,2345.30761,1776270575000
1776270577.129,277.129,0.03,174.94,0.02,198.0,0.05,257.03,0.06,118.0,0.95,193.03,0.94,104.0,0.96,5.0,0.97,190.0,0.02,0.01,2345.30761,1776270575000
1776270577.929,277.929,0.03,154.94,0.02,198.0,0.04,77.0,0.05,133.03,0.95,257.03,0.94,118.0,0.97,174.94,0.98,198.0,0.01,0.02,2345.220733,1776270576000
1776270579.478,279.478,0.03,179.13,0.02,198.0,0.04,129.0,0.05,148.03,0.96,76.0,0.95,138.03,0.97,154.94,0.98,198.0,0.01,0.01,2345.145785,1776270578000
1776270580.207,280.207,0.03,174.13,0.02,198.0,0.04,101.0,0.05,89.03,0.96,129.0,0.95,148.03,0.97,179.13,0.98,198.0,0.01,0.01,2345.059611,1776270579000
1776270580.454,280.454,0.03,173.09,0.02,198.0,0.04,199.79,0.05,84.03,0.96,101.0,0.95,89.03,0.97,174.13,0.98,198.0,0.01,0.01,2345.059611,1776270579000
1776270580.663,280.663,0.03,113.73,0.02,198.0,0.04,199.79,0.05,84.03,0.96,199.79,0.95,84.03,0.97,167.05,0.98,198.0,0.01,0.01,2345.059611,1776270579000
1776270581.366,281.366,0.03,72.73,0.02,198.0,0.04,190.79,0.05,84.03,0.96,199.79,0.95,84.03,0.97,113.73,0.98,198.0,0.01,0.01,2345.059611,1776270579000
1776270581.851,281.851,0.03,39.07,0.02,198.0,0.04,194.52,0.05,84.03,0.96,190.79,0.95,84.03,0.97,72.73,0.98,198.0,0.01,0.01,2345.185443,1776270580000
1776270582.949,282.949,0.03,38.03,0.02,198.0,0.04,210.52,0.05,84.03,0.96,194.52,0.95,84.03,0.97,39.07,0.98,198.0,0.01,0.01,2345.09769,1776270581000
1776270583.318,283.318,0.02,198.0,0.01,1755.86,0.03,6.97,0.04,208.79,0.96,210.52,0.95,84.03,0.97,28.03,0.98,198.0,0.01,0.01,2345.145417,1776270582000
1776270583.93,283.93,0.02,246.44,0.01,1755.86,0.03,53.97,0.04,182.79,0.97,33.97,0.96,187.79,0.98,252.47,0.99,1755.86,0.01,0.01,2345.145417,1776270582000
1776270584.32,284.32,0.02,201.44,0.01,1755.86,0.03,232.78,0.04,94.0,0.97,53.97,0.96,182.79,0.98,246.44,0.99,1755.86,0.01,0.01,2345.145417,1776270582000
1776270584.602,284.602,0.02,160.72,0.01,1755.86,0.03,254.78,0.04,94.0,0.97,232.78,0.96,94.0,0.98,201.44,0.99,1755.86,0.01,0.01,2345.095938,1776270583000
1776270584.96,284.96,0.02,70.25,0.01,1755.86,0.03,260.78,0.04,94.0,0.97,254.78,0.96,94.0,0.98,125.0,0.99,1755.86,0.01,0.01,2345.124934,1776270584000
1776270585.341,285.341,0.02,120.75,0.01,1755.86,0.03,213.59,0.04,94.0,0.97,260.78,0.96,94.0,0.98,70.25,0.99,1755.86,0.01,0.01,2345.124934,1776270584000
1776270585.636,285.636,0.02,128.7,0.01,1760.86,0.03,213.59,0.04,94.0,0.97,213.59,0.96,94.0,0.98,73.2,0.99,1755.86,0.01,0.01,2345.124934,1776270584000
1776270585.938,285.938,0.02,13.69,0.01,1760.86,0.03,203.59,0.04,30.0,0.97,213.59,0.96,94.0,0.98,101.25,0.99,1760.86,0.01,0.01,2345.124934,1776270584000
1776270586.336,286.336,0.02,64.19,0.01,1760.86,0.03,181.59,0.04,30.0,0.97,183.59,0.96,25.0,0.98,13.69,0.99,1760.86,0.01,0.01,2345.141908,1776270585000
1776270586.59,286.59,0.02,54.19,0.01,1760.86,0.03,186.59,0.04,35.0,0.97,181.59,0.96,30.0,0.98,64.19,0.99,1760.86,0.01,0.01,2345.141908,1776270585000
1776270587.384,287.384,0.01,1759.55,,,0.03,196.59,0.04,108.0,0.97,186.59,0.96,35.0,0.98,54.19,0.99,1760.86,0.02,0.01,2345.087689,1776270586000
1776270587.616,287.616,0.01,1564.55,,,0.02,5.0,0.03,202.59,0.97,186.59,0.96,108.0,0.99,1719.55,,,0.01,0.02,2345.087689,1776270586000
1776270587.911,287.911,0.01,1655.55,,,0.02,15.0,0.03,89.0,0.98,5.0,0.97,202.59,0.99,1564.55,,,0.01,0.01,2345.087689,1776270586000
1776270588.29,288.29,0.01,1046.58,,,0.02,15.0,0.03,111.0,0.98,15.0,0.97,111.0,0.99,1053.58,,,0.01,0.01,2345.087689,1776270586000
1776270588.572,288.572,0.01,1040.58,,,0.02,20.0,0.03,111.0,0.98,15.0,0.97,111.0,0.99,1046.58,,,0.01,0.01,2345.281974,1776270587000
1776270589.229,289.229,0.01,1038.56,,,0.02,15.0,0.03,136.0,0.98,20.0,0.97,111.0,0.99,1039.58,,,0.01,0.01,2345.281974,1776270588000
1776270589.754,289.754,0.01,983.06,,,0.02,20.0,0.03,141.0,0.98,15.0,0.97,136.0,0.99,1038.56,,,0.01,0.01,2345.281974,1776270588000
1776270589.973,289.973,0.01,968.06,,,0.02,35.0,0.03,141.0,0.98,20.0,0.97,141.0,0.99,983.06,,,0.01,0.01,2345.281974,1776270588000
1776270590.276,290.276,0.01,868.06,,,0.02,54.6,0.03,141.0,0.98,35.0,0.97,141.0,0.99,968.06,,,0.01,0.01,2345.281974,1776270588000
1776270590.488,290.488,0.01,871.06,,,0.02,25.6,0.03,141.0,0.98,54.6,0.97,141.0,0.99,868.06,,,0.01,0.01,2345.27016,1776270589000
1776270590.951,290.951,0.01,861.06,,,0.02,19.1,0.03,141.0,0.98,19.3,0.97,141.0,0.99,856.06,,,0.01,0.01,2345.17931,1776270590000
1776270591.501,291.501,0.01,855.04,,,0.03,189.0,0.04,75.0,0.98,19.1,0.97,141.0,0.99,861.06,,,0.02,0.01,2345.17931,1776270590000
1776270591.711,291.711,0.01,839.36,,,0.02,55.0,0.03,116.99,0.97,177.6,0.96,75.0,0.99,852.5,,,0.01,0.02,2345.17931,1776270590000
1776270592.188,292.188,0.01,798.01,,,0.02,76.99,0.03,116.99,0.98,48.7,0.97,116.99,0.99,838.01,,,0.01,0.01,2345.17931,1776270590000
1776270592.631,292.631,0.01,767.75,,,0.02,70.79,0.03,116.99,0.98,70.79,0.97,116.99,0.99,772.81,,,0.01,0.01,2345.26989,1776270591000
1776270592.852,292.852,0.01,755.61,,,0.02,70.79,0.03,116.99,0.98,70.79,0.97,116.99,0.99,760.67,,,0.01,0.01,2345.26989,1776270591000
1776270593.697,293.697,0.01,735.5,,,0.02,104.79,0.03,116.99,0.98,75.79,0.97,116.99,0.99,740.56,,,0.01,0.01,2345.223175,1776270592000
1776270594.022,294.022,,,,,0.01,378.51,0.02,136.8,0.98,104.79,0.97,116.99,0.99,735.5,,,,0.01,2345.223175,1776270592000
1776270594.518,294.518,,,,,0.01,1478.46,0.02,194.8,0.99,1368.27,0.98,141.8,,,,,,,2345.171115,1776270593000
1776270594.98,294.98,,,,,0.01,1521.18,0.02,194.8,0.99,1507.26,0.98,194.8,,,,,,,2345.171115,1776270593000
1776270595.719,295.719,,,,,0.01,3149.3,0.02,194.8,0.99,1521.18,0.98,194.8,,,,,,,2345.16128,1776270594000
1776270597.467,297.467,,,,,0.01,5555.81,0.02,194.8,0.99,3149.3,0.98,194.8,,,,,,,2345.03415,1776270596000

# RESULT,winner=Down,slug=eth-updown-5m-1776270300,ticks=389
