timestamp,elapsed_sec,up_bid_p1,up_bid_s1,up_bid_p2,up_bid_s2,up_ask_p1,up_ask_s1,up_ask_p2,up_ask_s2,down_bid_p1,down_bid_s1,down_bid_p2,down_bid_s2,down_ask_p1,down_ask_s1,down_ask_p2,down_ask_s2,up_spread,down_spread,eth_price,eth_oracle_ts
1776387900.974,0.974,0.52,5.0,0.5,7.0,0.54,140.0,0.55,70.0,0.46,140.0,0.45,70.0,0.48,5.0,0.5,7.0,0.02,0.02,2345.285304,1776387900000
1776387901.366,1.366,0.51,24.52,0.5,7.0,0.52,18.0,0.53,13.0,0.46,140.0,0.45,70.0,0.48,5.0,0.5,7.0,0.01,0.02,2345.285304,1776387900000
1776387901.578,1.578,0.51,19.52,0.5,7.0,0.52,24.82,0.53,13.0,0.48,24.82,0.47,13.0,0.49,24.52,0.5,7.0,0.01,0.01,2345.285304,1776387900000
1776387901.971,1.971,0.45,31.88,0.44,18.0,0.46,163.07,0.47,5.0,0.54,33.48,0.48,24.82,0.55,21.88,0.56,13.0,0.01,0.01,2345.285304,1776387900000
1776387902.476,2.476,0.45,31.88,0.44,18.0,0.46,158.8,0.47,5.0,0.54,163.07,0.53,5.0,0.55,31.88,0.56,18.0,0.01,0.01,2345.290079,1776387901000
1776387902.775,2.775,0.45,43.7,0.44,18.0,0.46,98.48,0.48,70.0,0.54,158.8,0.53,5.0,0.55,31.88,0.56,18.0,0.01,0.01,2345.290079,1776387901000
1776387902.998,2.998,0.45,43.7,0.44,18.0,0.46,98.48,0.48,70.0,0.54,98.48,0.52,70.0,0.55,43.7,0.56,18.0,0.01,0.01,2345.341061,1776387902000
1776387903.949,3.949,0.45,53.7,0.44,28.0,0.46,93.37,0.48,70.0,0.54,98.48,0.52,70.0,0.55,43.7,0.56,18.0,0.01,0.01,2345.341061,1776387902000
1776387904.559,4.559,0.45,69.88,0.44,28.0,0.46,28.48,0.51,70.0,0.54,82.93,0.52,70.0,0.55,53.7,0.56,28.0,0.01,0.01,2345.235264,1776387903000
1776387904.963,4.963,0.45,89.88,0.44,28.0,0.46,21.56,0.51,70.0,0.54,23.48,0.49,70.0,0.55,69.88,0.56,28.0,0.01,0.01,2345.235264,1776387903000
1776387905.459,5.459,0.45,139.6,0.44,28.0,0.46,4.44,0.51,70.0,0.54,10.69,0.49,70.0,0.55,139.6,0.56,28.0,0.01,0.01,2345.235373,1776387904000
1776387905.88,5.88,0.45,99.88,0.44,28.0,0.51,70.0,0.53,140.0,0.54,4.44,0.49,70.0,0.55,139.6,0.56,28.0,0.06,0.01,2345.235373,1776387904000
1776387906.435,6.435,0.5,35.0,0.49,28.0,0.51,67.64,0.53,140.0,0.49,70.0,0.47,140.0,0.55,99.88,0.56,28.0,0.01,0.06,2345.264315,1776387905000
1776387906.808,6.808,0.5,32.84,0.49,28.0,0.51,65.67,0.53,140.0,0.49,67.64,0.47,140.0,0.5,32.84,0.51,28.0,0.01,0.01,2345.264315,1776387905000
1776387907.169,7.169,0.5,32.84,0.49,28.0,0.51,65.67,0.53,140.0,0.49,65.67,0.47,140.0,0.5,32.84,0.51,28.0,0.01,0.01,2345.306,1776387906000
1776387907.887,7.887,0.5,28.84,0.49,28.0,0.51,65.67,0.52,5.0,0.49,65.67,0.47,140.0,0.5,32.84,0.51,28.0,0.01,0.01,2345.306,1776387906000
1776387908.953,8.953,0.5,28.84,0.49,28.0,0.51,65.67,0.52,5.0,0.49,65.67,0.48,5.0,0.5,28.84,0.51,28.0,0.01,0.01,2345.361335,1776387908000
1776387909.243,9.243,0.5,35.02,0.49,28.0,0.51,64.67,0.52,5.0,0.49,65.67,0.48,5.0,0.5,28.84,0.51,28.0,0.01,0.01,2345.361335,1776387908000
1776387909.593,9.593,0.51,134.0,0.5,28.84,0.53,57.85,0.56,70.0,0.49,64.67,0.48,5.0,0.5,35.02,0.51,28.0,0.02,0.01,2345.361335,1776387908000
1776387909.89,9.89,0.51,134.0,0.5,28.84,0.53,57.85,0.56,70.0,0.47,57.85,0.44,70.0,0.49,134.0,0.5,28.84,0.02,0.02,2345.362455,1776387909000
1776387910.123,10.123,0.52,8.8,0.51,29.18,0.53,107.85,0.54,15.0,0.47,78.85,0.46,10.0,0.48,5.0,0.49,34.18,0.01,0.01,2345.362455,1776387909000
1776387910.657,10.657,0.52,15.0,0.51,32.0,0.53,60.96,0.54,85.0,0.47,107.85,0.46,15.0,0.48,8.8,0.49,29.18,0.01,0.01,2345.362455,1776387909000
1776387910.901,10.901,0.52,15.0,0.51,32.0,0.53,60.96,0.54,85.0,0.47,60.96,0.46,85.0,0.48,15.0,0.49,32.0,0.01,0.01,2345.373891,1776387910000
1776387911.176,11.176,0.52,47.7,0.51,32.0,0.53,58.88,0.54,85.0,0.47,60.96,0.46,85.0,0.48,15.0,0.49,32.0,0.01,0.01,2345.373891,1776387910000
1776387911.552,11.552,0.52,47.7,0.51,20.0,0.53,45.73,0.54,85.0,0.47,51.32,0.46,85.0,0.48,47.7,0.49,32.0,0.01,0.01,2345.373891,1776387910000
1776387911.923,11.923,0.52,37.28,0.51,32.0,0.53,45.73,0.54,85.0,0.47,45.73,0.46,85.0,0.48,47.7,0.49,20.0,0.01,0.01,2345.423542,1776387911000
1776387912.416,12.416,0.52,37.28,0.51,32.0,0.53,48.65,0.54,85.0,0.47,45.73,0.46,85.0,0.48,37.28,0.49,32.0,0.01,0.01,2345.423542,1776387911000
1776387913.169,13.169,0.6,5.0,0.59,15.0,0.61,60.5,0.64,140.0,0.47,48.65,0.46,85.0,0.48,37.28,0.49,32.0,0.01,0.01,2345.40877,1776387912000
1776387913.434,13.434,0.6,108.0,0.59,32.0,0.61,68.56,0.63,5.0,0.39,73.56,0.36,140.0,0.4,108.0,0.41,32.0,0.01,0.01,2345.40877,1776387912000
1776387913.873,13.873,0.63,74.2,0.62,35.18,0.64,90.0,0.65,70.0,0.36,140.0,0.35,70.0,0.4,108.0,0.41,32.0,0.01,0.04,2345.40877,1776387912000
1776387914.236,14.236,0.63,83.0,0.62,39.0,0.64,32.78,0.65,70.0,0.36,55.78,0.35,70.0,0.37,74.2,0.38,35.18,0.01,0.01,2345.407898,1776387913000
1776387914.467,14.467,0.63,53.0,0.62,39.0,0.65,63.81,0.67,15.0,0.36,32.78,0.35,70.0,0.37,83.0,0.38,39.0,0.02,0.01,2345.407898,1776387913000
1776387914.773,14.773,0.64,15.0,0.63,50.49,0.65,37.27,0.67,15.0,0.35,63.81,0.33,15.0,0.37,50.49,0.38,39.0,0.01,0.02,2345.407898,1776387913000
1776387915.494,15.494,0.64,20.0,0.63,37.49,0.65,35.73,0.67,15.0,0.35,37.27,0.33,15.0,0.36,15.0,0.37,50.49,0.01,0.01,2345.806377,1776387914000
1776387916.072,16.072,0.64,20.0,0.63,37.49,0.65,20.73,0.67,15.0,0.35,35.73,0.33,15.0,0.36,20.0,0.37,37.49,0.01,0.01,2345.806377,1776387914000
1776387916.47,16.47,0.64,17.22,0.63,37.49,0.65,16.29,0.67,15.0,0.35,19.19,0.33,15.0,0.36,17.22,0.37,37.49,0.01,0.01,2346.082578,1776387915000
1776387916.689,16.689,0.64,17.22,0.63,37.49,0.65,11.29,0.67,15.0,0.35,16.29,0.33,15.0,0.36,17.22,0.37,37.49,0.01,0.01,2346.082578,1776387915000
1776387921.605,21.605,0.64,24.22,0.63,50.49,0.65,8.98,0.68,28.0,0.35,11.29,0.33,15.0,0.36,17.22,0.37,37.49,0.01,0.01,2346.182235,1776387920000
1776387921.987,21.987,0.55,19.82,0.54,13.0,0.56,2.12,0.57,10.0,0.35,8.98,0.32,28.0,0.36,24.22,0.37,50.49,0.01,0.01,2346.182235,1776387920000
1776387922.534,22.534,0.54,63.9,0.53,24.82,0.55,12.29,0.58,5.0,0.45,22.29,0.44,5.0,0.46,26.9,0.47,30.82,0.01,0.01,2346.196538,1776387921000
1776387923.902,23.902,0.57,23.0,0.56,28.0,0.58,5.0,0.59,10.0,0.42,5.0,0.41,5.0,0.46,73.9,0.47,24.82,0.01,0.04,2346.14316,1776387922000
1776387925.863,25.863,0.59,15.0,0.58,30.0,0.6,8.0,0.61,27.0,0.42,5.0,0.41,10.0,0.43,23.0,0.44,28.0,0.01,0.01,2345.739164,1776387924000
1776387926.693,26.693,0.59,4.5,0.58,30.0,0.6,8.0,0.61,32.0,0.4,8.0,0.39,27.0,0.41,15.0,0.42,30.0,0.01,0.01,2345.733009,1776387925000
1776387927.885,27.885,0.57,107.0,0.56,15.0,0.58,15.0,0.59,20.0,0.4,8.0,0.39,32.0,0.41,4.5,0.42,30.0,0.01,0.01,2345.735442,1776387926000
1776387929.477,29.477,0.59,22.0,0.58,20.0,0.6,12.0,0.61,35.0,0.42,15.0,0.41,20.0,0.43,107.0,0.44,15.0,0.01,0.01,2345.724775,1776387927000
1776387930.791,30.791,0.61,37.0,0.6,52.0,0.66,27.29,0.67,30.0,0.4,12.0,0.39,35.0,0.41,22.0,0.42,20.0,0.05,0.01,2345.709501,1776387929000
1776387931.04,31.04,0.65,76.0,0.64,20.0,0.66,8.0,0.67,20.0,0.34,27.29,0.33,30.0,0.39,37.0,0.4,52.0,0.01,0.05,2345.709501,1776387929000
1776387932.111,32.111,0.65,75.0,0.64,20.0,0.66,2.62,0.67,20.0,0.34,8.0,0.33,20.0,0.35,76.0,0.36,20.0,0.01,0.01,2345.70528,1776387930000
1776387935.639,35.639,0.59,4.25,0.58,15.0,0.64,116.0,0.65,51.0,0.34,2.62,0.33,20.0,0.35,75.0,0.36,20.0,0.05,0.01,2346.011792,1776387934000
1776387935.878,35.878,0.59,10.0,0.58,15.0,0.61,10.67,0.62,35.0,0.36,116.0,0.35,51.0,0.41,4.25,0.42,15.0,0.02,0.05,2346.011792,1776387934000
1776387936.955,36.955,0.6,15.0,0.59,20.0,0.61,2.67,0.62,40.0,0.39,10.67,0.38,35.0,0.41,10.0,0.42,15.0,0.01,0.02,2346.044541,1776387935000
1776387938.854,38.854,0.59,0.81,0.58,5.0,0.6,46.0,0.61,32.0,0.39,2.67,0.38,40.0,0.4,15.0,0.41,20.0,0.01,0.01,2345.90506,1776387937000
1776387939.359,39.359,0.59,2.1,0.58,5.0,0.6,88.0,0.61,27.0,0.4,46.0,0.39,32.0,0.41,0.81,0.42,5.0,0.01,0.01,2345.847876,1776387938000
1776387941.35,41.35,0.59,17.14,0.58,51.8,0.6,31.0,0.62,16.0,0.4,88.0,0.39,27.0,0.41,2.1,0.42,5.0,0.01,0.01,2345.800177,1776387940000
1776387942.504,42.504,0.62,9.73,0.61,15.0,0.63,12.0,0.64,29.0,0.4,31.0,0.38,16.0,0.41,17.14,0.42,51.8,0.01,0.01,2345.802389,1776387941000
1776387944.051,44.051,0.62,8.84,0.61,20.0,0.63,12.0,0.64,29.0,0.37,12.0,0.36,29.0,0.38,9.73,0.39,15.0,0.01,0.01,2345.857871,1776387942000
1776387944.77,44.77,0.65,82.0,0.64,20.0,0.67,13.43,0.68,25.0,0.37,12.0,0.36,29.0,0.38,8.84,0.39,20.0,0.02,0.01,2345.86467,1776387943000
1776387945.665,45.665,0.66,17.64,0.65,25.0,0.67,21.43,0.68,15.0,0.33,13.43,0.32,25.0,0.35,82.0,0.36,20.0,0.01,0.02,2345.861195,1776387944000
1776387946.386,46.386,0.67,48.96,0.66,17.64,0.68,15.0,0.69,30.0,0.33,21.43,0.32,15.0,0.34,17.64,0.35,25.0,0.01,0.01,2345.862855,1776387945000
1776387946.601,46.601,0.67,41.58,0.66,17.64,0.68,15.0,0.69,30.0,0.32,15.0,0.31,30.0,0.33,48.96,0.34,17.64,0.01,0.01,2345.862855,1776387945000
1776387946.831,46.831,0.67,41.58,0.66,17.64,0.68,7.0,0.69,30.0,0.32,15.0,0.31,30.0,0.33,41.58,0.34,17.64,0.01,0.01,2345.862855,1776387945000
1776387947.452,47.452,0.69,66.0,0.68,44.2,0.7,13.25,0.71,71.0,0.32,7.0,0.31,30.0,0.33,41.58,0.34,17.64,0.01,0.01,2345.949949,1776387946000
1776387949.007,49.007,0.69,24.86,0.68,25.0,0.7,9.0,0.71,77.0,0.3,13.25,0.29,71.0,0.31,66.0,0.32,44.2,0.01,0.01,2346.050918,1776387947000
1776387952.572,52.572,0.69,67.86,0.68,30.0,0.71,14.95,0.72,16.0,0.3,9.0,0.29,77.0,0.31,24.86,0.32,25.0,0.02,0.01,2346.174875,1776387951000
1776387954.647,54.647,0.66,2.0,0.65,15.0,0.67,24.0,0.68,34.0,0.29,14.95,0.28,16.0,0.31,67.86,0.32,30.0,0.01,0.02,2346.202953,1776387953000
1776387956.865,56.865,0.66,93.0,0.65,38.72,0.69,17.0,0.7,26.0,0.33,24.0,0.32,34.0,0.34,2.0,0.35,15.0,0.03,0.01,2346.201382,1776387955000
1776387957.499,57.499,0.68,3.62,0.67,20.0,0.7,26.0,0.71,81.0,0.31,17.0,0.3,26.0,0.34,93.0,0.35,38.72,0.02,0.03,2346.177562,1776387956000
1776387957.92,57.92,0.69,56.0,0.68,13.62,0.7,19.0,0.71,81.0,0.3,26.0,0.29,81.0,0.32,3.62,0.33,20.0,0.01,0.02,2346.177562,1776387956000
1776387959.583,59.583,0.69,41.0,0.68,70.75,0.7,24.0,0.71,81.0,0.3,19.0,0.29,81.0,0.31,56.0,0.32,13.62,0.01,0.01,2346.178613,1776387958000
1776387962.248,62.248,0.74,121.0,0.73,55.0,0.75,22.29,0.76,73.0,0.3,24.0,0.29,81.0,0.31,41.0,0.32,70.75,0.01,0.01,2346.169099,1776387960000
1776387962.68,62.68,0.74,80.0,0.73,55.0,0.75,18.29,0.76,73.0,0.25,22.29,0.24,73.0,0.26,121.0,0.27,55.0,0.01,0.01,2346.169035,1776387961000
1776387964.396,64.396,0.68,15.0,0.67,15.0,0.69,31.0,0.7,50.0,0.25,18.29,0.24,73.0,0.26,80.0,0.27,55.0,0.01,0.01,2346.185493,1776387963000
1776387965.204,65.204,0.68,43.73,0.67,26.0,0.69,7.01,0.7,39.0,0.31,31.0,0.3,50.0,0.32,15.0,0.33,15.0,0.01,0.01,2346.185493,1776387963000
1776387966.946,66.946,0.71,129.0,0.7,20.0,0.73,12.0,0.74,38.0,0.31,7.01,0.3,39.0,0.32,43.73,0.33,26.0,0.02,0.01,2346.25562,1776387965000
1776387970.244,70.244,0.75,76.0,0.74,40.0,0.76,10.0,0.77,24.0,0.27,12.0,0.26,38.0,0.29,129.0,0.3,20.0,0.01,0.02,2346.295164,1776387968000
1776387971.829,71.829,0.75,96.0,0.74,40.0,0.76,4.93,0.77,44.3,0.24,10.0,0.23,24.0,0.25,76.0,0.26,40.0,0.01,0.01,2346.305543,1776387970000
1776387972.286,72.286,0.75,90.8,0.74,40.0,0.76,4.93,0.77,24.0,0.24,4.93,0.23,44.3,0.25,96.0,0.26,40.0,0.01,0.01,2346.415075,1776387971000
1776387975.461,75.461,0.76,104.0,0.75,22.8,0.77,20.0,0.78,46.0,0.24,4.93,0.23,24.0,0.25,90.8,0.26,40.0,0.01,0.01,2346.459935,1776387974000
1776387976.181,76.181,0.76,62.33,0.75,22.8,0.77,18.7,0.78,46.0,0.23,18.7,0.22,46.0,0.24,104.0,0.25,22.8,0.01,0.01,2346.459935,1776387974000
1776387976.993,76.993,0.76,55.33,0.75,22.8,0.77,110.7,0.78,46.0,0.23,18.7,0.22,46.0,0.24,62.33,0.25,22.8,0.01,0.01,2346.46506,1776387975000
1776387977.772,77.772,0.76,82.33,0.75,27.8,0.77,90.28,0.79,32.0,0.23,110.7,0.22,46.0,0.24,55.33,0.25,22.8,0.01,0.01,2346.455615,1776387976000
1776387979.356,79.356,0.76,192.33,0.75,138.56,0.77,64.46,0.82,20.0,0.23,66.96,0.22,5.0,0.24,94.33,0.25,27.8,0.01,0.01,2346.485978,1776387978000
1776387983.608,83.608,0.76,95.69,0.75,44.14,0.77,130.01,0.78,35.0,0.23,54.01,0.18,20.0,0.24,192.33,0.25,138.56,0.01,0.01,2346.692627,1776387982000
1776387983.944,83.944,0.75,63.55,0.74,15.0,0.76,28.68,0.77,122.01,0.24,16.68,0.23,122.01,0.25,67.0,0.26,15.0,0.01,0.01,2346.692627,1776387982000
1776387984.229,84.229,0.74,15.0,0.73,15.0,0.75,5.0,0.76,77.68,0.24,79.68,0.23,133.01,0.26,5.0,0.27,15.0,0.01,0.02,2346.692627,1776387982000
1776387984.697,84.697,0.72,6.0,0.71,15.0,0.73,55.49,0.74,27.0,0.25,5.0,0.24,77.68,0.26,15.0,0.27,15.0,0.01,0.01,2346.709528,1776387983000
1776387985.651,85.651,0.72,6.0,0.71,15.0,0.73,55.49,0.74,22.0,0.27,55.49,0.26,27.0,0.28,6.0,0.29,15.0,0.01,0.01,2346.681728,1776387984000
1776387987.005,87.005,0.72,80.0,0.71,15.0,0.73,1.12,0.74,17.0,0.27,39.12,0.26,7.0,0.28,17.0,0.29,15.0,0.01,0.01,2346.538972,1776387985000
1776387989.106,89.106,0.76,125.66,0.75,20.0,0.77,74.31,0.78,37.0,0.27,1.12,0.26,17.0,0.28,80.0,0.29,15.0,0.01,0.01,2346.424158,1776387987000
1776387990.901,90.901,0.76,108.66,0.75,25.0,0.77,58.33,0.78,35.0,0.23,74.31,0.22,37.0,0.24,115.66,0.25,25.0,0.01,0.01,2346.423998,1776387988000
1776387991.45,91.45,0.76,166.66,0.75,20.0,0.79,26.7,0.8,27.5,0.23,58.33,0.22,35.0,0.24,108.66,0.25,25.0,0.03,0.01,2346.490971,1776387989000
1776387995.057,95.057,0.79,159.0,0.78,101.15,0.8,22.5,0.81,47.4,0.21,12.11,0.2,27.5,0.23,17.0,0.24,166.66,0.01,0.02,2346.546414,1776387993000
1776387995.991,95.991,0.82,188.0,0.81,15.0,0.84,84.42,0.85,62.2,0.2,22.5,0.19,47.4,0.21,159.0,0.22,101.15,0.02,0.01,2346.602465,1776387994000
1776387996.214,96.214,0.83,67.0,0.82,22.0,0.84,121.12,0.85,34.0,0.16,84.42,0.15,62.2,0.18,188.0,0.19,15.0,0.01,0.02,2346.602465,1776387994000
1776387997.997,97.997,0.83,141.0,0.82,20.0,0.86,5.0,0.87,77.8,0.16,121.12,0.15,34.0,0.17,67.0,0.18,22.0,0.03,0.01,2346.621155,1776387996000
1776387998.381,98.381,0.86,83.55,0.85,15.0,0.87,77.8,0.88,114.1,0.14,5.0,0.13,77.8,0.17,141.0,0.18,20.0,0.01,0.03,2346.71316,1776387997000
1776387999.531,99.531,0.87,140.0,0.86,32.55,0.88,58.72,0.89,99.79,0.13,77.8,0.12,114.1,0.14,83.55,0.15,15.0,0.01,0.01,2346.71316,1776387997000
1776387999.757,99.757,0.87,128.0,0.86,37.55,0.88,30.0,0.89,12.0,0.12,58.72,0.11,99.79,0.13,140.0,0.14,32.55,0.01,0.01,2346.849957,1776387998000
1776388001.056,101.056,0.89,66.0,0.88,20.0,0.9,59.0,0.91,124.0,0.1,65.0,0.09,124.0,0.13,128.0,0.14,37.55,0.01,0.03,2346.97168,1776387999000
1776388001.268,101.268,0.89,16.17,0.88,15.0,0.9,115.0,0.91,116.0,0.1,59.0,0.09,124.0,0.11,66.0,0.12,20.0,0.01,0.01,2346.97168,1776387999000
1776388003.714,103.714,0.89,19.17,0.88,20.0,0.9,44.0,0.91,130.0,0.1,115.0,0.09,116.0,0.11,16.17,0.12,15.0,0.01,0.01,2347.390456,1776388002000
1776388003.995,103.995,0.89,46.71,0.88,20.0,0.9,39.22,0.91,130.0,0.1,39.22,0.09,130.0,0.11,19.17,0.12,20.0,0.01,0.01,2347.390456,1776388002000
1776388004.419,104.419,0.9,43.0,0.89,39.0,0.91,2.92,0.92,85.9,0.1,39.22,0.09,130.0,0.11,46.71,0.12,20.0,0.01,0.01,2347.389588,1776388003000
1776388005.458,105.458,0.91,226.08,0.9,207.0,0.92,62.25,0.93,135.3,0.08,65.9,0.07,166.3,0.09,22.08,0.1,99.0,0.01,0.01,2347.383347,1776388004000
1776388005.916,105.916,0.91,247.08,0.9,261.8,0.92,8.0,0.93,14.0,0.08,59.54,0.07,135.3,0.09,226.08,0.1,207.0,0.01,0.01,2347.383347,1776388004000
1776388006.427,106.427,0.91,267.07,0.9,211.19,0.92,3.0,0.93,14.0,0.08,8.0,0.07,14.0,0.09,247.08,0.1,261.8,0.01,0.01,2347.383347,1776388004000
1776388006.838,106.838,0.91,267.07,0.9,247.21,0.92,1.0,0.93,14.0,0.08,3.0,0.07,14.0,0.09,267.07,0.1,211.19,0.01,0.01,2347.47762,1776388005000
1776388009.316,109.316,0.93,177.0,0.92,252.99,0.94,43.82,0.95,185.8,0.06,109.62,0.05,166.8,0.09,303.07,0.1,277.21,0.01,0.03,2347.948472,1776388007000
1776388012.138,112.138,0.93,230.99,0.92,194.99,0.94,25.18,0.95,185.8,0.06,43.82,0.05,185.8,0.07,177.0,0.08,252.99,0.01,0.01,2348.26782,1776388010000
1776388018.134,118.134,0.93,184.0,0.92,248.99,0.94,14.25,0.95,108.0,0.06,25.18,0.05,185.8,0.07,230.99,0.08,194.99,0.01,0.01,2348.238363,1776388016000
1776388019.813,119.813,0.93,154.84,0.92,255.01,0.94,31.25,0.95,108.0,0.06,14.25,0.05,108.0,0.07,184.0,0.08,248.99,0.01,0.01,2348.25895,1776388018000
1776388021.0,121.0,0.93,160.42,0.92,178.91,0.94,14.25,0.95,108.0,0.06,31.25,0.05,108.0,0.07,154.84,0.08,255.01,0.01,0.01,2348.246914,1776388019000
1776388023.544,123.544,0.93,258.0,0.92,196.09,0.94,9.3,0.95,30.0,0.06,9.3,0.05,108.0,0.07,160.42,0.08,130.01,0.01,0.01,2348.246545,1776388021000
1776388023.898,123.898,0.93,268.0,0.92,196.09,0.94,8.23,0.95,30.0,0.06,9.3,0.05,30.0,0.07,258.0,0.08,196.09,0.01,0.01,2348.350298,1776388022000
1776388024.642,124.642,0.93,424.22,0.92,196.09,0.95,20.14,0.96,186.5,0.06,8.23,0.05,30.0,0.07,268.0,0.08,196.09,0.02,0.01,2348.465455,1776388023000
1776388025.197,125.197,0.94,217.36,0.93,160.08,0.95,56.07,0.96,280.3,0.05,17.74,0.04,186.5,0.07,424.22,0.08,196.09,0.01,0.02,2348.465455,1776388023000
1776388026.827,126.827,0.94,222.66,0.93,175.25,0.95,31.07,0.96,346.3,0.05,56.07,0.04,280.3,0.06,217.36,0.07,160.08,0.01,0.01,2348.515245,1776388024000
1776388027.168,127.168,0.94,116.3,0.93,280.01,0.95,52.96,0.96,346.3,0.05,31.07,0.04,346.3,0.06,222.66,0.07,175.25,0.01,0.01,2348.515245,1776388024000
1776388027.778,127.778,0.94,116.3,0.93,297.01,0.95,7.74,0.96,301.3,0.05,52.96,0.04,346.3,0.06,116.3,0.07,280.01,0.01,0.01,2348.540359,1776388026000
1776388028.865,128.865,0.94,202.46,0.93,202.75,0.96,203.87,0.97,588.7,0.05,7.74,0.04,301.3,0.06,116.3,0.07,297.01,0.02,0.01,2348.422466,1776388027000
1776388030.35,130.35,0.95,137.26,0.94,132.03,0.96,190.32,0.97,565.7,0.04,203.87,0.03,588.7,0.06,202.46,0.07,202.75,0.01,0.02,2348.396045,1776388029000
1776388032.432,132.432,0.95,434.05,0.94,215.9,0.96,70.22,0.97,376.0,0.04,184.25,0.03,565.7,0.05,137.26,0.06,132.03,0.01,0.01,2348.474225,1776388031000
1776388033.114,133.114,0.96,239.84,0.95,798.05,0.97,501.0,0.98,564.7,0.04,60.16,0.03,376.0,0.05,313.05,0.06,215.9,0.01,0.01,2348.40513,1776388032000
1776388034.695,134.695,0.96,151.74,0.95,166.79,0.97,724.7,0.98,823.7,0.03,501.0,0.02,564.7,0.04,239.84,0.05,798.05,0.01,0.01,2348.884331,1776388033000
1776388035.194,135.194,0.96,121.74,0.95,147.79,0.97,724.7,0.98,823.7,0.03,724.7,0.02,823.7,0.04,151.74,0.05,166.79,0.01,0.01,2348.884331,1776388033000
1776388035.502,135.502,0.96,91.74,0.95,85.8,0.97,633.7,0.98,848.7,0.03,724.7,0.02,823.7,0.04,121.74,0.05,147.79,0.01,0.01,2349.079376,1776388034000
1776388037.146,137.146,0.96,35.48,0.95,85.8,0.97,599.7,0.98,848.7,0.03,633.7,0.02,848.7,0.04,91.74,0.05,85.8,0.01,0.01,2348.822313,1776388035000
1776388037.832,137.832,0.96,35.48,0.95,85.8,0.97,549.7,0.98,848.7,0.03,599.7,0.02,848.7,0.04,35.48,0.05,85.8,0.01,0.01,2348.712793,1776388036000
1776388038.293,138.293,0.96,35.48,0.95,85.8,0.97,499.7,0.98,848.7,0.03,549.7,0.02,848.7,0.04,35.48,0.05,85.8,0.01,0.01,2348.675471,1776388037000
1776388040.595,140.595,0.96,86.98,0.95,160.79,0.97,498.66,0.98,781.7,0.03,499.7,0.02,848.7,0.04,35.48,0.05,85.8,0.01,0.01,2348.611516,1776388039000
1776388043.557,143.557,0.96,48.92,0.95,102.01,0.97,374.96,0.98,787.68,0.03,498.66,0.02,781.7,0.04,73.92,0.05,160.79,0.01,0.01,2348.84147,1776388042000
1776388043.911,143.911,0.96,48.92,0.95,106.99,0.97,373.92,0.98,787.68,0.03,374.96,0.02,787.68,0.04,48.92,0.05,102.01,0.01,0.01,2348.84147,1776388042000
1776388044.477,144.477,0.96,40.2,0.95,106.99,0.97,372.78,0.98,787.68,0.03,373.92,0.02,787.68,0.04,48.92,0.05,106.99,0.01,0.01,2348.79723,1776388043000
1776388045.647,145.647,0.96,40.2,0.95,127.99,0.97,349.51,0.98,750.68,0.03,372.78,0.02,787.68,0.04,40.2,0.05,106.99,0.01,0.01,2348.795741,1776388044000
1776388047.976,147.976,0.96,117.19,0.95,148.99,0.97,345.51,0.98,730.68,0.03,349.51,0.02,750.68,0.04,40.2,0.05,127.99,0.01,0.01,2348.795591,1776388046000
1776388049.47,149.47,0.96,40.01,0.95,127.99,0.97,293.02,0.98,721.7,0.03,340.51,0.02,730.68,0.04,117.19,0.05,148.99,0.01,0.01,2348.815551,1776388048000
1776388050.109,150.109,0.95,118.0,0.94,147.3,0.96,8.95,0.97,293.02,0.03,293.02,0.02,721.7,0.05,118.0,0.06,147.3,0.01,0.02,2348.815551,1776388048000
1776388050.674,150.674,0.95,225.23,0.94,147.3,0.96,120.45,0.97,293.02,0.04,8.95,0.03,293.02,0.05,118.0,0.06,147.3,0.01,0.01,2348.712984,1776388049000
1776388051.072,151.072,0.95,225.23,0.94,147.3,0.96,115.29,0.97,416.72,0.04,120.45,0.03,293.02,0.05,225.23,0.06,147.3,0.01,0.01,2348.712984,1776388049000
1776388052.109,152.109,0.95,301.03,0.94,147.3,0.96,105.88,0.97,293.02,0.04,111.04,0.03,416.72,0.05,225.23,0.06,147.3,0.01,0.01,2348.641305,1776388050000
1776388052.415,152.415,0.95,251.03,0.94,153.32,0.96,105.88,0.97,293.02,0.04,105.88,0.03,293.02,0.05,301.03,0.06,147.3,0.01,0.01,2348.602318,1776388051000
1776388053.69,153.69,0.95,295.24,0.94,153.32,0.96,104.66,0.97,352.0,0.04,105.88,0.03,293.02,0.05,251.03,0.06,153.32,0.01,0.01,2348.546927,1776388052000
1776388054.235,154.235,0.95,295.24,0.94,153.32,0.96,98.66,0.97,352.0,0.04,104.66,0.03,352.0,0.05,295.24,0.06,153.32,0.01,0.01,2348.541106,1776388053000
1776388055.018,155.018,0.95,295.24,0.94,160.77,0.96,94.66,0.97,352.0,0.04,98.66,0.03,352.0,0.05,295.24,0.06,153.32,0.01,0.01,2348.541106,1776388053000
1776388055.254,155.254,0.95,295.24,0.94,160.77,0.96,89.91,0.97,352.0,0.04,94.66,0.03,352.0,0.05,295.24,0.06,160.77,0.01,0.01,2348.541106,1776388053000
1776388056.243,156.243,0.94,46.2,0.93,105.0,0.96,110.0,0.97,532.7,0.04,89.91,0.03,352.0,0.05,295.24,0.06,160.77,0.02,0.01,2348.544111,1776388054000
1776388056.764,156.764,0.94,46.2,0.93,111.02,0.95,252.94,0.96,203.8,0.04,110.0,0.03,532.7,0.06,46.2,0.07,105.0,0.01,0.02,2348.582348,1776388055000
1776388057.487,157.487,0.94,237.12,0.93,166.32,0.95,104.0,0.96,110.0,0.05,251.36,0.04,203.8,0.06,46.2,0.07,111.02,0.01,0.01,2348.539068,1776388056000
1776388057.858,157.858,0.95,22.68,0.94,402.43,0.96,55.48,0.97,298.02,0.05,104.0,0.04,110.0,0.06,237.12,0.07,166.32,0.01,0.01,2348.539068,1776388056000
1776388058.127,158.127,0.95,230.28,0.94,120.8,0.96,51.58,0.97,298.02,0.04,54.43,0.03,298.02,0.05,68.87,0.06,343.24,0.01,0.01,2348.539068,1776388056000
1776388058.453,158.453,0.95,424.08,0.94,139.8,0.96,2.43,0.97,366.02,0.04,51.58,0.03,298.02,0.05,230.28,0.06,120.8,0.01,0.01,2348.429654,1776388057000
1776388058.655,158.655,0.95,456.08,0.94,139.8,0.97,400.54,0.98,669.7,0.04,0.69,0.03,298.02,0.05,456.08,0.06,120.8,0.02,0.01,2348.429654,1776388057000
1776388059.23,159.23,0.96,364.48,0.95,197.8,0.97,400.54,0.98,486.0,0.03,400.54,0.02,669.7,0.05,456.08,0.06,139.8,0.01,0.02,2348.429654,1776388057000
1776388059.592,159.592,0.96,364.48,0.95,202.8,0.97,396.77,0.98,486.0,0.03,400.54,0.02,486.0,0.04,364.48,0.05,197.8,0.01,0.01,2348.349416,1776388058000
1776388060.548,160.548,0.96,430.48,0.95,222.8,0.97,295.55,0.98,486.0,0.03,396.77,0.02,486.0,0.04,364.48,0.05,202.8,0.01,0.01,2348.519534,1776388059000
1776388060.914,160.914,0.96,459.48,0.95,234.8,0.97,141.04,0.98,495.0,0.03,171.04,0.02,595.0,0.04,430.48,0.05,222.8,0.01,0.01,2348.519534,1776388059000
1776388061.238,161.238,0.96,459.48,0.95,252.8,0.97,103.87,0.98,495.0,0.03,112.04,0.02,495.0,0.04,459.48,0.05,234.8,0.01,0.01,2348.66892,1776388060000
1776388062.286,162.286,0.96,802.49,0.95,218.8,0.97,184.47,0.98,386.0,0.03,91.62,0.02,495.0,0.04,444.48,0.05,206.8,0.01,0.01,2348.66892,1776388060000
1776388063.478,163.478,0.96,444.48,0.95,201.8,0.97,80.45,0.98,481.0,0.03,184.47,0.02,386.0,0.04,802.49,0.05,218.8,0.01,0.01,2349.159808,1776388062000
1776388064.131,164.131,0.96,444.48,0.95,146.8,0.97,52.07,0.98,481.0,0.03,80.45,0.02,481.0,0.04,444.48,0.05,201.8,0.01,0.01,2349.159808,1776388062000
1776388065.455,165.455,0.97,347.93,0.96,479.48,0.98,481.0,0.99,1606.54,0.03,52.07,0.02,481.0,0.04,444.48,0.05,146.8,0.01,0.01,2349.337722,1776388064000
1776388065.89,165.89,0.97,398.56,0.96,336.61,0.98,458.95,0.99,1606.54,0.02,478.95,0.01,1606.54,0.03,408.56,0.04,366.61,0.01,0.01,2349.337722,1776388064000
1776388066.677,166.677,0.97,322.56,0.96,527.23,0.98,439.05,0.99,2000.14,0.02,449.05,0.01,1612.51,0.03,394.58,0.04,327.23,0.01,0.01,2349.334707,1776388065000
1776388067.912,167.912,0.97,596.57,0.96,214.7,0.98,324.05,0.99,1565.52,0.02,439.05,0.01,2000.14,0.03,322.56,0.04,527.23,0.01,0.01,2349.412759,1776388066000
1776388070.134,170.134,0.97,489.59,0.96,613.52,0.98,191.16,0.99,1661.49,0.02,324.05,0.01,1565.52,0.03,596.57,0.04,214.7,0.01,0.01,2349.38865,1776388068000
1776388072.352,172.352,0.97,1003.08,0.96,274.7,0.98,157.28,0.99,1622.42,0.02,191.16,0.01,1661.49,0.03,489.59,0.04,613.52,0.01,0.01,2349.433416,1776388070000
1776388076.395,176.395,0.97,219.3,0.96,472.72,0.98,121.28,0.99,2113.9,0.02,157.28,0.01,1622.42,0.03,1003.08,0.04,274.7,0.01,0.01,2349.377339,1776388075000
1776388077.516,177.516,0.97,153.4,0.96,290.7,0.98,121.28,0.99,2042.93,0.02,121.28,0.01,2113.9,0.03,219.3,0.04,472.72,0.01,0.01,2349.320021,1776388076000
1776388077.777,177.777,0.97,116.42,0.96,266.7,0.98,116.28,0.99,2098.93,0.02,121.28,0.01,2042.93,0.03,153.4,0.04,290.7,0.01,0.01,2349.320021,1776388076000
1776388078.407,178.407,0.97,223.78,0.96,266.7,0.98,112.28,0.99,2065.9,0.02,116.28,0.01,2098.93,0.03,116.42,0.04,266.7,0.01,0.01,2349.264753,1776388077000
1776388078.613,178.613,0.97,217.76,0.96,291.7,0.98,100.28,0.99,2059.93,0.02,104.28,0.01,2059.93,0.03,217.76,0.04,291.7,0.01,0.01,2349.264753,1776388077000
1776388080.548,180.548,0.97,187.76,0.96,398.0,0.98,95.17,0.99,1912.93,0.02,100.28,0.01,2059.93,0.03,187.76,0.04,291.7,0.01,0.01,2349.148369,1776388079000
1776388081.186,181.186,0.97,194.76,0.96,491.7,0.98,90.06,0.99,1890.9,0.02,85.06,0.01,1895.12,0.03,187.76,0.04,398.0,0.01,0.01,2349.148369,1776388079000
1776388081.767,181.767,0.98,185.14,0.97,57.42,0.99,1929.77,,,0.01,1870.79,,,0.03,165.76,0.04,497.72,0.01,0.02,2349.053407,1776388080000
1776388084.881,184.881,0.98,158.52,0.97,38.86,0.99,1959.97,,,0.01,1929.77,,,0.02,185.14,0.03,57.42,0.01,0.01,2348.923619,1776388083000
1776388085.767,185.767,0.98,107.57,0.97,144.01,0.99,1756.16,,,0.01,1959.97,,,0.02,158.52,0.03,38.86,0.01,0.01,2348.533313,1776388084000
1776388087.462,187.462,0.98,13.03,0.97,154.01,0.99,1359.99,,,0.01,1871.97,,,0.02,13.03,0.03,144.01,0.01,0.01,2348.502605,1776388085000
1776388089.61,189.61,0.98,85.85,0.97,267.56,0.99,1332.99,,,0.01,1357.99,,,0.02,13.03,0.03,154.01,0.01,0.01,2348.847026,1776388088000
1776388090.097,190.097,0.98,85.85,0.97,262.21,0.99,899.74,,,0.01,1073.79,,,0.02,100.03,0.03,214.03,0.01,0.01,2348.847026,1776388088000
1776388091.958,191.958,0.98,85.85,0.97,272.56,0.99,834.91,,,0.01,899.74,,,0.02,85.85,0.03,262.21,0.01,0.01,2349.145517,1776388090000
1776388093.369,193.369,0.98,180.75,0.97,188.86,0.99,792.91,,,0.01,834.91,,,0.02,85.85,0.03,272.56,0.01,0.01,2349.07175,1776388092000
1776388093.845,193.845,0.98,180.75,0.97,188.86,0.99,1146.45,,,0.01,792.91,,,0.02,180.75,0.03,188.86,0.01,0.01,2349.07175,1776388092000
1776388094.467,194.467,0.98,60.75,0.97,178.86,0.99,1146.45,,,0.01,1146.45,,,0.02,180.75,0.03,188.86,0.01,0.01,2349.029816,1776388093000
1776388096.0,196.0,0.98,60.75,0.97,168.55,0.99,1141.45,,,0.01,1146.45,,,0.02,60.75,0.03,178.86,0.01,0.01,2348.902945,1776388094000
1776388096.563,196.563,0.98,60.75,0.97,168.55,0.99,1503.28,,,0.01,1141.45,,,0.02,60.75,0.03,168.55,0.01,0.01,2348.772503,1776388095000
1776388096.833,196.833,0.98,10.75,0.97,180.73,0.99,1177.66,,,0.01,1503.28,,,0.02,60.75,0.03,168.55,0.01,0.01,2348.772503,1776388095000
1776388105.284,205.284,0.98,296.69,0.97,244.73,0.99,1004.85,,,0.01,1177.66,,,0.02,10.75,0.03,180.73,0.01,0.01,2348.54305,1776388104000
1776388106.307,206.307,0.98,196.69,0.97,168.55,0.99,1010.97,,,0.01,1004.85,,,0.02,296.69,0.03,244.73,0.01,0.01,2348.611284,1776388105000
1776388107.752,207.752,0.99,1905.81,0.98,296.69,,,,,0.01,1010.97,,,0.02,196.69,0.03,168.55,,0.01,2348.609739,1776388106000
1776388109.866,209.866,0.99,1979.26,0.98,196.69,,,,,,,,,0.01,1905.81,0.02,296.69,,,2348.718992,1776388108000
1776388110.162,210.162,0.99,2029.76,0.98,206.69,,,,,,,,,0.01,1979.26,0.02,201.69,,,2348.718992,1776388108000
1776388111.026,211.026,0.99,2029.76,0.98,206.69,,,,,,,,,0.01,2029.76,0.02,206.69,,,2348.645104,1776388109000
1776388122.745,222.745,0.99,1978.76,0.98,462.87,,,,,,,,,0.01,2024.76,0.02,206.69,,,2348.557399,1776388120000
1776388126.197,226.197,0.99,1878.76,0.98,698.62,,,,,,,,,0.01,1973.76,0.02,462.87,,,2348.566385,1776388124000
1776388132.258,232.258,0.99,141.5,0.98,405.75,,,,,,,,,0.01,1878.76,0.02,698.62,,,2348.744945,1776388130000
1776388132.952,232.952,0.99,45.5,0.98,315.75,,,,,,,,,0.01,141.5,0.02,405.75,,,2348.740895,1776388131000
1776388139.077,239.077,0.98,92.68,0.97,506.13,,,,,,,,,0.01,40.5,0.02,315.75,,,2348.224084,1776388138000
1776388139.85,239.85,0.98,92.68,0.97,529.13,,,,,,,,,0.02,92.68,0.03,506.13,,,2348.224084,1776388138000
1776388141.651,241.651,0.99,124.26,0.98,40.5,,,,,,,,,0.02,92.68,0.03,529.13,,,2348.129802,1776388140000
1776388141.902,241.902,0.97,325.25,0.96,176.47,0.99,2440.74,,,0.01,2440.74,,,0.02,40.5,0.03,325.25,0.02,0.01,2348.129802,1776388140000
1776388142.144,242.144,0.96,36.63,0.95,124.72,0.98,569.0,0.99,3578.34,0.02,140.0,0.01,2944.34,0.03,53.55,0.04,176.47,0.02,0.01,2348.052406,1776388141000
1776388142.38,242.38,0.96,36.63,0.95,124.72,0.97,273.17,0.98,601.7,0.03,382.95,0.02,418.0,0.04,36.63,0.05,124.72,0.01,0.01,2348.052406,1776388141000
1776388142.749,242.749,0.96,36.63,0.95,124.72,0.97,210.0,0.98,802.7,0.03,273.17,0.02,601.7,0.04,36.63,0.05,124.72,0.01,0.01,2348.052406,1776388141000
1776388142.969,242.969,0.96,36.63,0.95,124.72,0.97,341.54,0.98,802.7,0.03,223.0,0.02,802.7,0.04,36.63,0.05,124.72,0.01,0.01,2348.052406,1776388141000
1776388143.975,243.975,0.95,124.72,0.94,28.62,0.96,98.06,0.97,343.7,0.03,309.7,0.02,802.7,0.04,3.63,0.05,124.72,0.01,0.01,2347.629,1776388142000
1776388144.644,244.644,0.95,116.72,0.94,20.62,0.96,181.78,0.97,242.51,0.04,117.91,0.03,303.7,0.05,124.72,0.06,28.62,0.01,0.01,2346.98044,1776388143000
1776388144.901,244.901,0.95,90.72,0.94,20.62,0.96,149.53,0.97,242.51,0.04,151.6,0.03,242.51,0.05,90.72,0.06,20.62,0.01,0.01,2346.98044,1776388143000
1776388145.958,245.958,0.95,10.72,0.94,20.62,0.96,353.98,0.97,311.7,0.04,171.17,0.03,242.51,0.05,70.72,0.06,20.62,0.01,0.01,2346.945139,1776388144000
1776388146.471,246.471,0.93,47.65,0.92,207.41,0.94,146.0,0.95,229.61,0.05,20.0,0.04,353.98,0.07,47.65,0.08,207.41,0.01,0.02,2346.925563,1776388145000
1776388147.669,247.669,0.93,28.65,0.92,207.41,0.94,221.8,0.95,188.61,0.06,146.0,0.05,229.61,0.07,47.65,0.08,207.41,0.01,0.01,2346.92422,1776388146000
1776388150.646,250.646,0.93,9.65,0.92,197.41,0.94,221.8,0.95,159.61,0.06,206.8,0.05,188.61,0.07,28.65,0.08,207.41,0.01,0.01,2346.648952,1776388149000
1776388150.903,250.903,0.92,167.06,0.91,15.0,0.94,216.8,0.95,159.61,0.06,221.8,0.05,159.61,0.07,9.65,0.08,197.41,0.02,0.01,2346.648952,1776388149000
1776388151.417,251.417,0.92,170.06,0.91,15.0,0.93,88.27,0.94,98.8,0.07,10.0,0.06,100.8,0.08,170.06,0.09,15.0,0.01,0.01,2346.618526,1776388150000
1776388152.036,252.036,0.92,192.19,0.91,15.0,0.93,62.51,0.94,78.8,0.07,88.27,0.06,98.8,0.08,153.06,0.09,15.0,0.01,0.01,2346.618526,1776388150000
1776388153.128,253.128,0.92,192.19,0.91,95.18,0.93,8.51,0.94,68.8,0.07,62.51,0.06,78.8,0.08,192.19,0.09,15.0,0.01,0.01,2346.676765,1776388151000
1776388154.957,254.957,0.93,68.51,0.92,235.4,0.94,20.8,0.95,100.8,0.07,8.51,0.06,68.8,0.08,192.19,0.09,95.18,0.01,0.01,2346.626837,1776388153000
1776388156.517,256.517,0.95,109.99,0.94,59.0,0.98,193.7,0.99,569.71,0.06,20.8,0.05,100.8,0.07,68.51,0.08,235.4,0.03,0.01,2346.656136,1776388155000
1776388156.761,256.761,0.96,142.58,0.95,123.0,0.98,33.9,0.99,724.71,0.02,34.0,0.01,569.71,0.04,106.58,0.05,80.0,0.02,0.02,2346.656136,1776388155000
1776388157.062,257.062,0.96,82.58,0.95,54.0,0.98,29.9,0.99,569.71,0.02,33.9,0.01,724.71,0.04,142.58,0.05,123.0,0.02,0.02,2346.666511,1776388156000
1776388157.711,257.711,0.97,32.0,0.96,175.02,0.98,29.9,0.99,569.71,0.02,29.9,0.01,569.71,0.04,82.58,0.05,54.0,0.01,0.02,2346.666511,1776388156000
1776388158.008,258.008,0.97,104.65,0.96,133.58,0.98,25.9,0.99,569.71,0.02,29.9,0.01,569.71,0.03,32.0,0.04,175.02,0.01,0.01,2346.666511,1776388156000
1776388158.245,258.245,0.97,104.65,0.96,183.58,0.98,29.9,0.99,569.71,0.02,21.9,0.01,569.71,0.03,104.65,0.04,183.58,0.01,0.01,2346.782563,1776388157000
1776388159.118,259.118,0.97,95.43,0.96,183.58,0.98,24.9,0.99,591.06,0.02,29.9,0.01,569.71,0.03,104.65,0.04,183.58,0.01,0.01,2346.782563,1776388157000
1776388159.582,259.582,0.96,213.36,0.95,70.0,0.99,592.68,,,0.02,4.7,0.01,591.06,0.04,130.15,0.05,49.0,0.03,0.02,2347.173719,1776388158000
1776388160.018,260.018,0.96,213.36,0.95,60.0,0.98,4.9,0.99,592.68,0.01,592.68,,,0.04,213.36,0.05,70.0,0.02,0.03,2347.173719,1776388158000
1776388161.234,261.234,0.97,68.21,0.96,163.15,0.99,492.68,,,0.02,4.9,0.01,592.68,0.04,213.36,0.05,60.0,0.02,0.02,2347.263895,1776388160000
1776388163.41,263.41,0.98,21.12,0.97,120.21,0.99,112.08,,,0.01,492.68,,,0.03,68.21,0.04,163.15,0.01,0.02,2347.296675,1776388162000
1776388164.602,264.602,0.98,21.12,0.97,110.21,0.99,118.05,,,0.01,112.08,,,0.02,21.12,0.03,120.21,0.01,0.01,2347.309935,1776388163000
1776388165.395,265.395,0.98,21.12,0.97,110.21,0.99,127.03,,,0.01,118.05,,,0.02,21.12,0.03,110.21,0.01,0.01,2347.309935,1776388163000
1776388165.737,265.737,0.98,31.12,0.97,110.21,0.99,127.03,,,0.01,127.03,,,0.02,21.12,0.03,110.21,0.01,0.01,2347.338435,1776388164000
1776388169.98,269.98,0.96,59.21,0.95,51.0,0.98,74.0,0.99,758.63,0.01,127.03,,,0.02,31.12,0.03,110.21,0.02,0.01,2347.343009,1776388168000
1776388170.512,270.512,0.96,74.21,0.95,51.0,0.97,32.84,0.98,282.7,0.03,37.95,0.02,74.0,0.04,59.21,0.05,51.0,0.01,0.01,2347.311035,1776388169000
1776388171.312,271.312,0.96,36.21,0.95,76.0,0.97,37.84,0.98,257.7,0.03,32.84,0.02,282.7,0.04,74.21,0.05,51.0,0.01,0.01,2347.311034,1776388170000
1776388171.607,271.607,0.96,85.21,0.95,76.0,0.97,27.68,0.98,257.7,0.03,37.84,0.02,257.7,0.04,36.21,0.05,76.0,0.01,0.01,2347.311034,1776388170000
1776388171.843,271.843,0.96,85.21,0.95,76.0,0.97,22.52,0.98,257.7,0.03,27.68,0.02,257.7,0.04,85.21,0.05,76.0,0.01,0.01,2347.311034,1776388170000
1776388172.257,272.257,0.96,102.21,0.95,76.0,0.97,8.34,0.98,257.7,0.03,16.34,0.02,257.7,0.04,95.21,0.05,76.0,0.01,0.01,2346.896471,1776388171000
1776388172.638,272.638,0.96,92.21,0.95,76.0,0.97,3.34,0.98,74.0,0.03,8.34,0.02,257.7,0.04,102.21,0.05,76.0,0.01,0.01,2346.896471,1776388171000
1776388173.655,273.655,0.96,87.21,0.95,76.0,0.97,35.27,0.98,149.0,0.03,3.34,0.02,74.0,0.04,92.21,0.05,76.0,0.01,0.01,2346.801931,1776388172000
1776388173.878,273.878,0.95,51.0,0.94,42.0,0.96,5.79,0.97,40.27,0.03,35.27,0.02,149.0,0.04,87.21,0.05,76.0,0.01,0.01,2346.801931,1776388172000
1776388174.953,274.953,0.96,15.0,0.95,53.0,0.97,86.7,0.98,262.7,0.03,15.73,0.02,337.7,0.05,30.46,0.06,74.0,0.01,0.02,2346.769735,1776388173000
1776388176.551,276.551,0.96,35.0,0.95,58.0,0.97,5.0,0.98,79.0,0.03,86.7,0.02,262.7,0.04,15.0,0.05,53.0,0.01,0.01,2346.560372,1776388175000
1776388177.206,277.206,0.96,35.0,0.95,58.0,0.98,70.0,0.99,316.03,0.03,5.0,0.02,79.0,0.04,35.0,0.05,58.0,0.02,0.01,2346.495375,1776388176000
1776388177.512,277.512,0.97,10.0,0.96,50.0,0.98,66.0,0.99,237.03,0.02,70.0,0.01,316.03,0.04,35.0,0.05,58.0,0.01,0.02,2346.495375,1776388176000
1776388178.501,278.501,0.96,37.0,0.95,42.0,0.98,136.0,0.99,271.03,0.02,66.0,0.01,237.03,0.03,10.0,0.04,50.0,0.02,0.01,2346.506695,1776388177000
1776388181.184,281.184,0.96,73.0,0.95,93.0,0.98,83.0,0.99,237.03,0.02,136.0,0.01,271.03,0.04,5.0,0.05,42.0,0.02,0.02,2346.537001,1776388179000
1776388183.05,283.05,0.97,126.0,0.96,120.0,0.98,76.97,0.99,237.03,0.02,83.0,0.01,237.03,0.04,73.0,0.05,93.0,0.01,0.02,2346.503867,1776388181000
1776388183.374,283.374,0.97,131.0,0.96,115.0,0.98,75.58,0.99,237.03,0.02,76.97,0.01,237.03,0.03,126.0,0.04,120.0,0.01,0.01,2346.50368,1776388182000
1776388184.815,284.815,0.97,157.0,0.96,98.0,0.98,45.58,0.99,127.03,0.02,75.58,0.01,237.03,0.03,131.0,0.04,115.0,0.01,0.01,2346.625862,1776388183000
1776388187.042,287.042,0.99,20.25,0.98,26.0,,,,,,,,,0.02,5.0,0.03,157.0,,,2346.653683,1776388185000
1776388191.868,291.868,0.99,144.25,0.98,72.0,,,,,,,,,0.01,15.25,0.02,26.0,,,2346.71226,1776388190000

# RESULT,winner=Up,slug=eth-updown-5m-1776387900,ticks=250
