timestamp,elapsed_sec,up_bid_p1,up_bid_s1,up_bid_p2,up_bid_s2,up_ask_p1,up_ask_s1,up_ask_p2,up_ask_s2,down_bid_p1,down_bid_s1,down_bid_p2,down_bid_s2,down_ask_p1,down_ask_s1,down_ask_p2,down_ask_s2,up_spread,down_spread,eth_price,eth_oracle_ts
1776312901.366,1.366,0.46,131.4,0.4,38.0,0.51,10.0,0.52,20.0,0.49,10.0,0.48,20.0,0.54,131.4,0.6,38.0,0.05,0.05,2359.714073,1776312900000
1776312901.942,1.942,0.46,131.4,0.4,38.0,0.51,10.0,0.52,20.0,0.49,10.0,0.48,20.0,0.54,131.4,0.6,38.0,0.05,0.05,2359.680135,1776312901000
1776312902.94,2.94,0.33,294.0,0.32,70.0,0.4,75.0,0.41,55.0,0.49,10.0,0.48,20.0,0.54,131.4,0.6,38.0,0.07,0.05,2359.680135,1776312901000
1776312903.157,3.157,0.33,294.0,0.32,70.0,0.4,75.0,0.41,55.0,0.6,75.0,0.59,55.0,0.67,294.0,0.68,70.0,0.07,0.07,2359.686541,1776312902000
1776312903.378,3.378,0.32,67.08,0.31,450.0,0.33,15.0,0.34,10.0,0.6,75.0,0.59,55.0,0.67,294.0,0.68,70.0,0.01,0.07,2359.686541,1776312902000
1776312904.184,4.184,0.32,64.16,0.31,450.0,0.33,15.0,0.34,10.0,0.67,15.0,0.66,10.0,0.68,64.16,0.69,450.0,0.01,0.01,2359.55376,1776312903000
1776312904.479,4.479,0.32,119.16,0.31,521.0,0.33,0.9,0.34,10.0,0.67,15.0,0.66,10.0,0.68,64.16,0.69,450.0,0.01,0.01,2359.55376,1776312903000
1776312904.827,4.827,0.34,48.59,0.33,30.0,0.35,5.0,0.37,5.0,0.67,0.9,0.66,10.0,0.68,117.68,0.69,521.0,0.01,0.01,2359.55376,1776312903000
1776312905.182,5.182,0.39,28.79,0.35,124.0,0.4,15.0,0.41,29.0,0.6,15.0,0.59,29.0,0.61,28.79,0.65,124.0,0.01,0.01,2359.036545,1776312904000
1776312905.823,5.823,0.39,41.79,0.38,20.0,0.42,15.0,0.43,15.0,0.6,15.0,0.59,29.0,0.61,28.79,0.65,124.0,0.03,0.01,2359.036545,1776312904000
1776312906.032,6.032,0.4,5.0,0.39,46.79,0.41,1.92,0.42,15.0,0.59,10.0,0.58,15.0,0.6,8.11,0.61,51.79,0.01,0.01,2359.036545,1776312904000
1776312906.246,6.246,0.4,5.0,0.39,46.79,0.41,1.92,0.42,15.0,0.59,1.92,0.58,15.0,0.6,5.0,0.61,46.79,0.01,0.01,2358.863309,1776312905000
1776312906.697,6.697,0.4,10.0,0.39,36.79,0.41,1.52,0.42,15.0,0.59,1.92,0.58,15.0,0.6,5.0,0.61,46.79,0.01,0.01,2358.863309,1776312905000
1776312907.188,7.188,0.4,3.33,0.39,46.79,0.41,1.52,0.42,15.0,0.59,1.52,0.58,15.0,0.6,8.33,0.61,36.79,0.01,0.01,2358.863309,1776312905000
1776312907.45,7.45,0.41,7.73,0.39,46.79,0.42,20.0,0.43,15.0,0.58,20.0,0.57,15.0,0.59,7.73,0.61,46.79,0.01,0.01,2359.00134,1776312906000
1776312907.651,7.651,0.41,2.64,0.39,46.79,0.42,20.0,0.43,22.0,0.58,20.0,0.57,15.0,0.59,7.73,0.61,46.79,0.01,0.01,2359.00134,1776312906000
1776312907.947,7.947,0.41,1.64,0.39,46.79,0.42,20.0,0.43,22.0,0.58,20.0,0.57,22.0,0.59,2.64,0.61,46.79,0.01,0.01,2359.00134,1776312906000
1776312908.899,8.899,0.41,1.64,0.39,46.79,0.42,20.0,0.43,22.0,0.58,20.0,0.57,22.0,0.59,1.64,0.61,46.79,0.01,0.01,2359.095843,1776312908000
1776312909.352,9.352,0.39,51.79,0.38,20.0,0.41,60.0,0.42,15.0,0.58,20.0,0.57,22.0,0.59,1.64,0.61,46.79,0.02,0.01,2359.095843,1776312908000
1776312909.896,9.896,0.39,91.79,0.38,20.0,0.41,57.56,0.42,15.0,0.59,60.0,0.58,15.0,0.61,51.79,0.62,20.0,0.02,0.02,2359.095843,1776312908000
1776312910.178,10.178,0.4,10.0,0.39,86.79,0.41,34.07,0.42,15.0,0.59,57.56,0.58,15.0,0.61,91.79,0.62,20.0,0.01,0.02,2359.095843,1776312908000
1776312910.615,10.615,0.41,100.0,0.4,41.0,0.46,19.0,0.5,11.0,0.59,34.07,0.58,15.0,0.6,10.0,0.61,86.79,0.05,0.01,2359.095843,1776312908000
1776312910.883,10.883,0.49,20.0,0.48,10.0,0.51,25.84,0.52,90.0,0.5,15.0,0.49,39.0,0.51,15.0,0.52,15.0,0.02,0.01,2359.13994,1776312909000
1776312911.087,11.087,0.47,9.7,0.46,90.0,0.51,7.84,0.52,90.0,0.49,7.84,0.48,90.0,0.51,9.7,0.52,10.0,0.04,0.02,2359.13994,1776312909000
1776312911.303,11.303,0.51,6.51,0.5,4.5,0.52,90.0,0.53,15.0,0.48,90.0,0.47,15.0,0.5,4.5,0.51,10.0,0.01,0.02,2359.13994,1776312909000
1776312911.827,11.827,0.51,16.51,0.5,4.5,0.52,20.78,0.54,5.0,0.48,90.0,0.47,15.0,0.49,6.51,0.5,4.5,0.01,0.01,2359.071879,1776312910000
1776312912.446,12.446,0.51,14.26,0.5,4.5,0.52,1.85,0.54,15.0,0.48,1.85,0.46,5.0,0.49,16.51,0.5,4.5,0.01,0.01,2359.154866,1776312911000
1776312913.037,13.037,0.52,20.0,0.51,9.26,0.54,84.92,0.55,104.0,0.46,14.92,0.45,80.0,0.49,14.26,0.5,4.5,0.02,0.03,2359.154866,1776312911000
1776312913.253,13.253,0.52,18.75,0.51,9.26,0.53,20.0,0.54,84.92,0.46,84.92,0.45,104.0,0.48,20.0,0.49,9.26,0.01,0.02,2359.154866,1776312911000
1776312914.548,14.548,0.52,11.0,0.51,9.26,0.53,77.0,0.54,27.92,0.47,20.0,0.46,84.92,0.48,18.75,0.49,9.26,0.01,0.01,2359.638933,1776312912000
1776312916.241,16.241,0.46,60.62,0.45,93.0,0.53,94.0,0.54,95.89,0.47,77.0,0.46,27.92,0.48,11.0,0.49,9.26,0.07,0.01,2359.681125,1776312915000
1776312916.505,16.505,0.49,5.0,0.48,20.0,0.5,5.0,0.51,10.0,0.47,94.0,0.46,95.89,0.54,60.62,0.55,93.0,0.01,0.07,2359.681125,1776312915000
1776312918.21,18.21,0.5,5.0,0.49,26.0,0.51,5.0,0.52,15.0,0.5,5.0,0.49,10.0,0.51,5.0,0.52,20.0,0.01,0.01,2359.714363,1776312916000
1776312918.86,18.86,0.49,118.0,0.48,28.0,0.5,6.0,0.51,15.0,0.49,5.0,0.48,15.0,0.5,5.0,0.51,26.0,0.01,0.01,2359.702163,1776312917000
1776312920.727,20.727,0.49,16.11,0.48,75.0,0.5,6.0,0.51,20.0,0.5,6.0,0.49,15.0,0.51,118.0,0.52,28.0,0.01,0.01,2359.705753,1776312918000
1776312925.642,25.642,0.49,121.08,0.48,71.31,0.5,11.0,0.51,20.0,0.5,6.0,0.49,20.0,0.51,16.11,0.52,75.0,0.01,0.01,2359.765865,1776312924000
1776312926.904,26.904,0.49,104.0,0.48,58.31,0.5,3.0,0.51,23.0,0.5,11.0,0.49,20.0,0.51,121.08,0.52,71.31,0.01,0.01,2359.825724,1776312925000
1776312928.58,28.58,0.49,114.0,0.48,73.7,0.51,27.07,0.52,15.0,0.5,3.0,0.49,23.0,0.51,104.0,0.52,58.31,0.02,0.01,2359.721525,1776312927000
1776312929.468,29.468,0.5,109.0,0.49,45.0,0.51,27.07,0.52,15.0,0.49,27.07,0.48,15.0,0.51,114.0,0.52,73.7,0.01,0.02,2359.721525,1776312927000
1776312929.991,29.991,0.5,154.08,0.49,209.0,0.51,1.0,0.52,8.31,0.49,27.07,0.48,15.0,0.5,109.0,0.51,45.0,0.01,0.01,2359.810965,1776312928000
1776312930.817,30.817,0.53,24.97,0.52,25.0,0.54,5.0,0.55,5.0,0.46,5.0,0.45,5.0,0.48,5.0,0.5,154.08,0.01,0.02,2359.810965,1776312929000
1776312931.919,31.919,0.53,101.97,0.52,25.0,0.54,5.0,0.55,5.0,0.46,5.0,0.45,5.0,0.47,24.97,0.48,25.0,0.01,0.01,2359.83439,1776312930000
1776312933.893,33.893,0.54,124.0,0.53,42.97,0.55,0.8,0.56,5.0,0.46,5.0,0.45,5.0,0.47,101.97,0.48,25.0,0.01,0.01,2359.89294,1776312932000
1776312936.162,36.162,0.56,36.72,0.55,74.2,0.57,12.0,0.58,54.5,0.45,0.8,0.44,5.0,0.46,124.0,0.47,42.97,0.01,0.01,2360.044555,1776312935000
1776312940.531,40.531,0.56,41.72,0.55,93.6,0.57,10.24,0.58,70.5,0.43,12.0,0.42,54.5,0.44,36.72,0.45,74.2,0.01,0.01,2360.092343,1776312939000
1776312947.079,47.079,0.56,19.24,0.55,28.8,0.58,196.5,0.59,185.0,0.43,10.24,0.42,70.5,0.44,41.72,0.45,93.6,0.02,0.01,2360.095521,1776312945000
1776312947.502,47.502,0.55,78.8,0.54,72.0,0.56,26.88,0.57,181.22,0.43,1.22,0.42,196.5,0.45,28.8,0.46,10.0,0.01,0.02,2360.156642,1776312946000
1776312949.118,49.118,0.55,79.35,0.54,20.0,0.56,19.88,0.57,112.22,0.44,26.88,0.43,181.22,0.45,78.8,0.46,72.0,0.01,0.01,2360.066158,1776312948000
1776312949.677,49.677,0.54,12.0,0.52,7.5,0.56,119.88,0.57,86.22,0.44,19.88,0.43,112.22,0.45,79.35,0.46,20.0,0.02,0.01,2360.066158,1776312948000
1776312950.493,50.493,0.54,7.0,0.52,7.5,0.55,79.21,0.56,116.0,0.45,27.0,0.44,175.88,0.46,7.0,0.48,7.5,0.01,0.01,2360.02992,1776312949000
1776312951.226,51.226,0.54,7.0,0.52,7.5,0.55,99.94,0.56,97.0,0.45,79.21,0.44,116.0,0.46,7.0,0.48,7.5,0.01,0.01,2360.02992,1776312949000
1776312951.767,51.767,0.53,7.0,0.52,7.5,0.55,176.94,0.56,100.0,0.45,99.94,0.44,97.0,0.46,7.0,0.48,7.5,0.02,0.01,2359.962959,1776312950000
1776312952.205,52.205,0.49,4.5,0.48,84.43,0.5,23.0,0.51,18.0,0.46,17.0,0.45,241.94,0.51,18.0,0.52,26.62,0.01,0.05,2359.901519,1776312951000
1776312954.111,54.111,0.47,13.0,0.46,10.0,0.49,53.0,0.5,56.0,0.5,23.0,0.49,18.0,0.51,4.5,0.52,84.43,0.02,0.01,2359.916986,1776312952000
1776312959.786,59.786,0.47,124.0,0.46,26.52,0.48,10.0,0.51,8.0,0.52,10.0,0.51,58.0,0.54,6.52,0.55,87.0,0.01,0.02,2359.76067,1776312958000
1776312960.152,60.152,0.47,141.0,0.46,86.52,0.48,5.0,0.51,8.0,0.52,10.0,0.49,8.0,0.53,124.0,0.54,26.52,0.01,0.01,2359.76067,1776312958000
1776312960.572,60.572,0.54,120.73,0.53,30.0,0.55,70.0,0.56,70.0,0.45,140.0,0.44,86.0,0.47,10.0,0.48,10.0,0.01,0.02,2359.714527,1776312959000
1776312961.053,61.053,0.56,13.18,0.55,25.0,0.57,7.0,0.58,82.5,0.45,52.85,0.44,70.0,0.46,118.15,0.47,25.0,0.01,0.01,2359.714527,1776312959000
1776312961.566,61.566,0.57,27.0,0.56,110.18,0.58,19.0,0.6,7.0,0.43,7.0,0.42,82.5,0.44,13.18,0.45,25.0,0.01,0.01,2359.70715,1776312960000
1776312962.634,62.634,0.67,88.46,0.66,30.0,0.68,30.05,0.73,79.0,0.4,7.0,0.39,70.0,0.43,27.0,0.44,110.18,0.01,0.03,2359.739072,1776312961000
1776312963.089,63.089,0.71,5.0,0.66,16.0,0.72,17.47,0.73,15.0,0.32,12.45,0.27,79.0,0.37,47.0,0.38,85.0,0.01,0.05,2359.739072,1776312961000
1776312963.336,63.336,0.68,4.81,0.67,10.0,0.72,63.47,0.73,25.0,0.28,17.47,0.27,15.0,0.29,5.0,0.34,16.0,0.04,0.01,2359.739072,1776312961000
1776312963.615,63.615,0.65,16.0,0.64,10.0,0.66,9.66,0.67,220.0,0.34,7.12,0.33,220.0,0.37,32.0,0.38,15.0,0.01,0.03,2360.003038,1776312962000
1776312963.895,63.895,0.65,15.81,0.64,15.0,0.66,44.96,0.67,210.0,0.34,39.96,0.33,210.0,0.35,2.81,0.36,10.0,0.01,0.01,2360.003038,1776312962000
1776312964.133,64.133,0.65,20.81,0.64,15.0,0.66,66.12,0.67,210.0,0.34,44.96,0.33,210.0,0.35,15.81,0.36,15.0,0.01,0.01,2360.003038,1776312962000
1776312964.493,64.493,0.65,29.81,0.64,10.0,0.66,6.94,0.69,5.0,0.34,66.12,0.33,210.0,0.35,20.81,0.36,15.0,0.01,0.01,2360.003038,1776312962000
1776312964.789,64.789,0.68,13.08,0.67,10.0,0.69,5.0,0.7,9.0,0.31,5.0,0.3,9.0,0.35,29.81,0.36,10.0,0.01,0.04,2360.36042,1776312963000
1776312965.205,65.205,0.69,16.93,0.68,15.0,0.7,5.74,0.71,55.0,0.3,5.74,0.29,66.0,0.32,20.0,0.33,15.0,0.01,0.02,2360.611945,1776312964000
1776312965.534,65.534,0.71,15.0,0.7,11.66,0.72,166.0,0.73,75.0,0.29,10.0,0.28,140.0,0.3,6.66,0.31,11.93,0.01,0.01,2360.611945,1776312964000
1776312965.889,65.889,0.71,7.86,0.7,11.66,0.72,133.0,0.73,101.0,0.28,133.0,0.27,75.0,0.29,20.0,0.3,11.66,0.01,0.01,2360.611945,1776312964000
1776312966.911,66.911,0.71,7.86,0.7,11.66,0.72,137.41,0.73,80.0,0.28,133.0,0.27,101.0,0.29,7.86,0.3,11.66,0.01,0.01,2360.58449,1776312965000
1776312968.088,68.088,0.73,15.0,0.72,15.0,0.74,9.25,0.76,29.0,0.28,133.79,0.27,80.0,0.29,12.86,0.3,17.36,0.01,0.01,2360.696549,1776312966000
1776312968.401,68.401,0.76,23.29,0.75,50.0,0.77,36.0,0.78,20.0,0.24,29.0,0.23,24.0,0.27,28.0,0.28,15.0,0.01,0.03,2360.696549,1776312966000
1776312969.264,69.264,0.77,25.0,0.76,18.54,0.78,10.66,0.79,113.7,0.22,20.0,0.21,111.7,0.24,28.29,0.25,45.0,0.01,0.02,2360.784783,1776312968000
1776312969.547,69.547,0.77,20.0,0.76,18.54,0.78,10.66,0.79,113.7,0.22,10.66,0.21,113.7,0.23,25.0,0.24,18.54,0.01,0.01,2360.784783,1776312968000
1776312970.059,70.059,0.76,116.08,0.75,45.0,0.78,11.0,0.79,92.0,0.22,10.66,0.21,113.7,0.24,12.08,0.25,45.0,0.02,0.02,2360.784783,1776312968000
1776312970.275,70.275,0.77,25.0,0.76,104.08,0.78,1.0,0.79,92.0,0.22,11.0,0.21,92.0,0.24,116.08,0.25,45.0,0.01,0.02,2360.784783,1776312968000
1776312971.07,71.07,0.78,20.0,0.77,107.0,0.79,68.73,0.8,91.0,0.22,1.0,0.21,92.0,0.23,25.0,0.24,104.08,0.01,0.01,2361.074413,1776312969000
1776312971.523,71.523,0.78,119.0,0.77,71.0,0.79,65.73,0.8,10.0,0.21,68.73,0.2,91.0,0.22,20.0,0.23,107.0,0.01,0.01,2361.172471,1776312970000
1776312971.763,71.763,0.8,20.0,0.79,15.0,0.81,144.75,0.82,94.0,0.19,145.0,0.18,94.0,0.2,20.0,0.21,15.0,0.01,0.01,2361.172471,1776312970000
1776312973.236,73.236,0.8,127.0,0.79,15.0,0.81,134.94,0.82,86.0,0.19,148.51,0.18,94.0,0.2,15.0,0.21,15.0,0.01,0.01,2361.208431,1776312971000
1776312973.644,73.644,0.8,132.0,0.79,20.0,0.81,124.94,0.82,81.0,0.19,134.94,0.18,86.0,0.2,127.0,0.21,15.0,0.01,0.01,2361.284721,1776312972000
1776312977.954,77.954,0.79,25.0,0.78,10.0,0.81,332.92,0.82,114.87,0.19,124.94,0.18,81.0,0.2,132.0,0.21,20.0,0.02,0.01,2361.481531,1776312976000
1776312978.418,78.418,0.79,17.0,0.78,10.0,0.8,141.74,0.81,264.94,0.2,81.99,0.19,264.94,0.21,17.0,0.22,10.0,0.01,0.01,2361.493928,1776312977000
1776312979.374,79.374,0.78,10.0,0.77,43.37,0.79,17.73,0.8,84.75,0.2,141.74,0.19,264.94,0.22,10.0,0.23,43.37,0.01,0.02,2361.516389,1776312978000
1776312980.496,80.496,0.77,38.71,0.76,15.25,0.78,78.87,0.79,47.0,0.21,17.73,0.2,84.75,0.22,10.0,0.23,43.37,0.01,0.01,2361.424653,1776312979000
1776312980.763,80.763,0.71,12.86,0.7,17.36,0.72,14.75,0.77,56.0,0.22,78.87,0.21,47.0,0.24,15.25,0.25,10.0,0.01,0.02,2361.424653,1776312979000
1776312981.872,81.872,0.7,12.36,0.69,22.93,0.71,6.14,0.72,75.75,0.28,14.75,0.23,56.0,0.29,12.86,0.3,17.36,0.01,0.01,2361.352988,1776312980000
1776312983.565,83.565,0.7,216.95,0.69,32.93,0.72,19.75,0.73,5.0,0.29,6.14,0.28,75.75,0.3,12.36,0.31,22.93,0.02,0.01,2361.045708,1776312982000
1776312983.802,83.802,0.71,57.0,0.7,204.95,0.74,28.07,0.75,5.0,0.28,19.75,0.27,5.0,0.3,216.95,0.31,32.93,0.03,0.02,2361.045708,1776312982000
1776312984.728,84.728,0.73,15.0,0.72,25.5,0.74,23.0,0.75,5.0,0.26,28.07,0.25,5.0,0.29,57.0,0.3,204.95,0.01,0.03,2360.95313,1776312983000
1776312986.722,86.722,0.73,69.83,0.72,83.0,0.74,28.0,0.75,5.0,0.26,23.0,0.25,5.0,0.27,15.0,0.28,25.5,0.01,0.01,2361.059208,1776312985000
1776312988.703,88.703,0.73,156.83,0.72,47.5,0.74,7.79,0.76,70.0,0.26,28.0,0.25,5.0,0.27,69.83,0.28,83.0,0.01,0.01,2361.011736,1776312987000
1776312991.474,91.474,0.72,24.71,0.71,25.0,0.76,47.0,0.77,57.0,0.24,47.0,0.23,7.0,0.25,7.0,0.26,15.21,0.04,0.01,2361.10357,1776312989000
1776312994.627,94.627,0.74,110.17,0.73,15.0,0.76,119.0,0.77,15.0,0.24,47.0,0.23,57.0,0.28,24.71,0.29,25.0,0.02,0.04,2361.048159,1776312993000
1776312996.403,96.403,0.76,17.0,0.75,15.0,0.78,20.0,0.79,15.0,0.24,119.0,0.23,15.0,0.26,110.17,0.27,15.0,0.02,0.02,2361.049424,1776312994000
1776312996.982,96.982,0.73,5.0,0.7,5.7,0.75,10.0,0.76,15.0,0.22,20.0,0.21,15.0,0.24,17.0,0.25,15.0,0.02,0.02,2361.051292,1776312995000
1776312997.245,97.245,0.67,4.05,0.66,10.0,0.7,93.3,0.71,60.0,0.3,59.3,0.26,25.0,0.31,6.93,0.33,5.0,0.03,0.01,2361.051292,1776312995000
1776312998.094,98.094,0.66,22.0,0.65,99.51,0.67,14.25,0.68,20.0,0.32,10.0,0.31,10.0,0.34,15.0,0.35,18.81,0.01,0.02,2361.048267,1776312996000
1776312998.503,98.503,0.66,22.0,0.65,156.51,0.67,11.95,0.68,20.0,0.33,14.25,0.32,20.0,0.34,22.0,0.35,99.51,0.01,0.01,2361.048267,1776312996000
1776313000.038,100.038,0.66,66.53,0.65,23.81,0.67,14.74,0.68,20.0,0.33,11.95,0.32,20.0,0.34,22.0,0.35,156.51,0.01,0.01,2360.824379,1776312998000
1776313003.708,103.708,0.65,19.81,0.64,6.25,0.67,81.74,0.68,29.0,0.33,14.74,0.32,20.0,0.34,66.53,0.35,23.81,0.02,0.01,2360.768286,1776313001000
1776313004.088,104.088,0.61,10.9,0.59,53.23,0.62,15.0,0.63,25.0,0.37,15.0,0.36,15.0,0.39,4.9,0.41,6.0,0.01,0.02,2360.626513,1776313002000
1776313004.667,104.667,0.6,8.79,0.59,43.23,0.61,20.0,0.62,20.0,0.38,15.0,0.37,25.0,0.41,53.23,0.42,80.0,0.01,0.03,2360.584625,1776313003000
1776313005.896,105.896,0.6,5.0,0.59,37.23,0.61,122.19,0.62,15.0,0.39,20.0,0.38,20.0,0.4,8.79,0.41,43.23,0.01,0.01,2360.535017,1776313004000
1776313007.228,107.228,0.6,38.46,0.59,16.0,0.61,123.19,0.62,15.0,0.39,122.19,0.38,15.0,0.4,5.0,0.41,37.23,0.01,0.01,2360.4199,1776313005000
1776313013.756,113.756,0.6,95.0,0.59,68.0,0.62,5.0,0.63,10.0,0.39,118.19,0.38,15.0,0.4,38.46,0.41,16.0,0.02,0.01,2360.369175,1776313012000
1776313016.799,116.799,0.62,89.0,0.61,31.0,0.66,10.0,0.67,24.0,0.37,10.0,0.35,5.0,0.4,95.0,0.41,68.0,0.04,0.03,2360.345359,1776313015000
1776313019.796,119.796,0.62,6.0,0.61,6.0,0.64,25.0,0.65,24.0,0.34,10.0,0.33,24.0,0.38,89.0,0.39,31.0,0.02,0.04,2360.354103,1776313018000
1776313020.6,120.6,0.59,24.0,0.58,81.0,0.6,32.25,0.61,15.0,0.39,12.82,0.38,10.0,0.41,29.0,0.42,81.0,0.01,0.02,2360.353967,1776313019000
1776313021.95,121.95,0.59,31.0,0.58,76.0,0.6,23.91,0.61,15.0,0.4,32.25,0.39,15.0,0.41,24.0,0.42,81.0,0.01,0.01,2360.366485,1776313020000
1776313022.369,122.369,0.51,5.0,0.49,76.0,0.6,140.91,0.61,65.0,0.4,28.91,0.39,15.0,0.41,9.0,0.42,76.0,0.09,0.01,2360.18978,1776313021000
1776313022.717,122.717,0.41,70.0,0.4,8.0,0.48,48.0,0.49,103.0,0.52,24.61,0.51,95.0,0.53,4.9,0.54,7.0,0.07,0.01,2360.18978,1776313021000
1776313023.044,123.044,0.39,98.79,0.36,125.0,0.42,20.0,0.43,13.79,0.58,15.0,0.57,13.79,0.59,45.0,0.6,8.0,0.03,0.01,2360.18978,1776313021000
1776313023.38,123.38,0.4,30.0,0.39,101.98,0.42,5.0,0.46,5.0,0.6,10.0,0.59,10.0,0.61,181.98,0.64,125.0,0.02,0.01,2360.18978,1776313021000
1776313023.629,123.629,0.41,241.0,0.4,85.0,0.43,8.0,0.46,8.0,0.58,8.0,0.54,18.0,0.59,58.0,0.6,22.0,0.02,0.01,2360.18978,1776313021000
1776313023.967,123.967,0.46,206.0,0.45,80.0,0.48,10.0,0.49,25.0,0.52,10.0,0.51,25.0,0.54,62.0,0.55,10.0,0.02,0.02,2360.216321,1776313022000
1776313024.23,124.23,0.46,152.0,0.45,144.0,0.47,2.76,0.48,10.0,0.53,7.87,0.52,10.0,0.54,147.0,0.55,144.0,0.01,0.01,2360.216321,1776313022000
1776313024.572,124.572,0.47,99.0,0.46,164.22,0.48,5.0,0.49,25.0,0.53,2.76,0.52,10.0,0.54,161.22,0.55,149.0,0.01,0.01,2360.216321,1776313022000
1776313024.847,124.847,0.48,10.03,0.47,50.0,0.49,25.0,0.5,20.0,0.52,5.0,0.51,25.0,0.53,99.0,0.54,164.22,0.01,0.01,2360.216321,1776313022000
1776313026.606,126.606,0.48,7.0,0.47,25.0,0.49,15.0,0.5,76.97,0.51,25.0,0.5,20.0,0.52,10.03,0.53,50.0,0.01,0.01,2359.581935,1776313025000
1776313027.763,127.763,0.48,140.0,0.47,29.0,0.55,5.0,0.57,15.0,0.51,15.0,0.5,76.97,0.52,7.0,0.53,25.0,0.07,0.01,2359.64934,1776313026000
1776313030.188,130.188,0.54,5.0,0.53,5.0,0.56,27.0,0.57,15.0,0.43,12.24,0.42,10.0,0.5,5.0,0.51,5.0,0.02,0.07,2359.692809,1776313028000
1776313030.582,130.582,0.5,75.0,0.49,11.0,0.55,32.0,0.56,15.0,0.44,27.0,0.43,15.0,0.46,5.0,0.47,5.0,0.05,0.02,2359.90058,1776313029000
1776313030.9,130.9,0.48,12.0,0.46,67.0,0.51,22.0,0.52,80.0,0.45,32.0,0.44,15.0,0.5,75.0,0.51,11.0,0.03,0.05,2359.90058,1776313029000
1776313031.404,131.404,0.48,28.14,0.47,5.0,0.49,20.0,0.5,10.0,0.51,15.0,0.5,10.0,0.52,30.07,0.54,67.0,0.01,0.01,2359.90058,1776313029000
1776313031.633,131.633,0.48,18.52,0.47,5.0,0.49,15.0,0.5,10.0,0.51,20.0,0.5,10.0,0.52,28.14,0.53,5.0,0.01,0.01,2359.93031,1776313030000
1776313032.531,132.531,0.48,35.52,0.47,5.0,0.49,0.71,0.5,10.0,0.51,15.0,0.5,10.0,0.52,18.52,0.53,5.0,0.01,0.01,2359.88685,1776313031000
1776313046.432,146.432,0.49,5.41,0.48,49.0,0.5,15.0,0.51,15.0,0.51,0.71,0.5,10.0,0.52,35.52,0.53,5.0,0.01,0.01,2359.818153,1776313045000
1776313048.352,148.352,0.48,30.0,0.47,5.0,0.5,10.0,0.51,15.0,0.5,15.0,0.49,15.0,0.51,5.41,0.52,49.0,0.02,0.01,2359.8253,1776313046000
1776313048.614,148.614,0.48,42.0,0.47,72.0,0.5,3.63,0.51,10.0,0.5,10.0,0.49,15.0,0.52,30.0,0.53,5.0,0.02,0.02,2359.768373,1776313047000
1776313050.992,150.992,0.54,20.0,0.53,25.0,0.56,15.0,0.57,15.0,0.5,3.63,0.49,10.0,0.52,42.0,0.53,72.0,0.02,0.02,2359.755352,1776313049000
1776313056.568,156.568,0.54,12.0,0.53,25.0,0.55,13.39,0.56,20.0,0.44,15.0,0.43,15.0,0.46,20.0,0.47,25.0,0.01,0.02,2359.85748,1776313055000
1776313059.609,159.609,0.57,119.9,0.56,25.0,0.58,15.0,0.59,75.0,0.45,13.39,0.44,20.0,0.46,12.0,0.47,25.0,0.01,0.01,2359.86409,1776313058000
1776313061.513,161.513,0.54,5.0,0.51,6.0,0.58,94.0,0.59,22.0,0.42,15.0,0.41,75.0,0.43,119.9,0.44,25.0,0.04,0.01,2359.91084,1776313060000
1776313061.835,161.835,0.5,70.0,0.48,93.0,0.55,32.0,0.56,70.0,0.42,94.0,0.41,22.0,0.46,5.0,0.49,6.0,0.05,0.04,2359.91084,1776313060000
1776313062.07,162.07,0.5,60.0,0.48,93.0,0.51,15.0,0.52,10.0,0.45,32.0,0.44,70.0,0.5,70.0,0.52,93.0,0.01,0.05,2359.921863,1776313061000
1776313062.565,162.565,0.5,30.0,0.49,5.0,0.51,15.0,0.52,25.0,0.49,15.0,0.48,10.0,0.5,60.0,0.52,93.0,0.01,0.01,2359.921863,1776313061000
1776313063.25,163.25,0.49,65.03,0.48,36.0,0.5,10.0,0.51,20.0,0.49,15.0,0.48,25.0,0.51,5.0,0.52,88.0,0.01,0.02,2359.918242,1776313062000
1776313064.8,164.8,0.49,22.33,0.48,36.0,0.5,15.0,0.51,20.0,0.5,10.0,0.49,20.0,0.51,63.06,0.52,36.0,0.01,0.01,2359.765813,1776313063000
1776313065.424,165.424,0.46,67.0,0.45,5.0,0.49,20.0,0.5,15.0,0.5,15.0,0.49,20.0,0.51,22.33,0.52,36.0,0.03,0.01,2359.747773,1776313064000
1776313066.165,166.165,0.48,5.38,0.47,22.0,0.49,10.0,0.5,15.0,0.51,20.0,0.5,15.0,0.54,67.0,0.55,5.0,0.01,0.03,2359.747773,1776313064000
1776313066.732,166.732,0.5,10.0,0.49,10.0,0.52,15.0,0.53,20.0,0.51,10.0,0.5,15.0,0.52,5.38,0.53,22.0,0.02,0.01,2359.780934,1776313065000
1776313067.237,167.237,0.54,1.0,0.53,10.0,0.55,5.0,0.56,5.0,0.47,20.0,0.46,90.0,0.5,10.0,0.51,10.0,0.01,0.03,2359.780934,1776313065000
1776313067.916,167.916,0.57,15.0,0.56,15.0,0.59,74.91,0.6,15.0,0.45,5.0,0.44,5.0,0.46,1.0,0.47,10.0,0.02,0.01,2359.74197,1776313066000
1776313070.54,170.54,0.58,10.9,0.57,10.0,0.59,64.91,0.6,5.0,0.41,64.91,0.4,15.0,0.43,15.0,0.44,15.0,0.01,0.02,2359.860174,1776313069000
1776313075.11,175.11,0.58,2.37,0.57,10.0,0.59,5.0,0.6,5.0,0.41,64.91,0.4,5.0,0.42,10.9,0.43,10.0,0.01,0.01,2360.007917,1776313073000
1776313076.966,176.966,0.57,5.0,0.56,15.0,0.58,25.0,0.59,15.0,0.41,5.0,0.4,5.0,0.42,2.37,0.43,10.0,0.01,0.01,2360.008441,1776313075000
1776313078.804,178.804,0.5,21.0,0.49,15.0,0.54,30.0,0.55,152.0,0.42,25.0,0.41,15.0,0.43,5.0,0.44,15.0,0.04,0.01,2359.96969,1776313077000
1776313079.323,179.323,0.51,7.95,0.5,21.0,0.52,10.0,0.53,10.0,0.46,30.0,0.45,152.0,0.5,21.0,0.51,15.0,0.01,0.04,2359.952706,1776313078000
1776313081.968,181.968,0.5,6.0,0.49,13.87,0.51,5.0,0.52,10.0,0.48,10.0,0.47,10.0,0.49,7.95,0.5,21.0,0.01,0.01,2359.932156,1776313080000
1776313082.228,182.228,0.5,10.0,0.49,13.87,0.51,10.0,0.52,10.0,0.49,5.0,0.48,10.0,0.5,6.0,0.51,13.87,0.01,0.01,2359.909373,1776313081000
1776313083.885,183.885,0.5,49.09,0.49,10.0,0.53,10.0,0.54,20.0,0.49,10.0,0.48,10.0,0.5,10.0,0.51,13.87,0.03,0.01,2359.84445,1776313082000
1776313087.056,187.056,0.51,5.0,0.49,5.0,0.53,25.0,0.54,67.0,0.48,0.48,0.47,15.0,0.49,15.0,0.5,44.09,0.02,0.01,2359.778228,1776313086000
1776313088.713,188.713,0.42,2.0,0.41,57.0,0.47,20.0,0.48,90.0,0.47,25.0,0.46,67.0,0.49,5.0,0.51,5.0,0.05,0.02,2359.778228,1776313086000
1776313089.17,189.17,0.39,21.98,0.37,77.0,0.42,12.0,0.43,90.0,0.53,20.0,0.52,90.0,0.58,2.0,0.59,57.0,0.03,0.05,2359.887181,1776313087000
1776313089.596,189.596,0.39,21.98,0.38,67.0,0.4,5.0,0.41,10.0,0.58,12.0,0.57,90.0,0.61,21.98,0.63,77.0,0.01,0.03,2359.887181,1776313087000
1776313089.908,189.908,0.4,10.0,0.39,31.98,0.41,2.63,0.42,23.0,0.59,10.0,0.58,18.0,0.61,21.98,0.62,67.0,0.01,0.02,2359.887181,1776313087000
1776313090.395,190.395,0.4,25.0,0.39,31.98,0.42,25.61,0.43,33.0,0.59,2.63,0.58,23.0,0.6,10.0,0.61,31.98,0.02,0.01,2359.850273,1776313088000
1776313090.906,190.906,0.39,21.98,0.38,5.0,0.42,35.61,0.43,90.0,0.58,25.61,0.57,33.0,0.6,25.0,0.61,31.98,0.03,0.02,2359.676435,1776313089000
1776313091.811,191.811,0.39,0.58,0.34,5.0,0.4,75.0,0.41,20.0,0.58,35.61,0.57,90.0,0.61,21.98,0.62,5.0,0.01,0.03,2359.555227,1776313090000
1776313092.331,192.331,0.31,31.0,0.3,5.0,0.34,10.0,0.35,10.0,0.6,75.0,0.59,20.0,0.67,5.0,0.68,84.0,0.03,0.07,2359.555227,1776313090000
1776313092.786,192.786,0.31,31.0,0.3,5.0,0.32,14.0,0.33,18.0,0.68,7.96,0.67,10.0,0.69,36.0,0.7,5.0,0.01,0.01,2359.538538,1776313091000
1776313095.406,195.406,0.3,5.0,0.29,15.0,0.32,47.16,0.33,75.0,0.68,10.16,0.67,18.0,0.69,31.0,0.7,5.0,0.02,0.01,2359.195641,1776313094000
1776313095.739,195.739,0.3,5.0,0.29,15.0,0.31,49.0,0.32,20.16,0.68,47.16,0.67,75.0,0.7,5.0,0.71,15.0,0.01,0.02,2359.195641,1776313094000
1776313096.21,196.21,0.3,5.0,0.29,15.0,0.31,38.44,0.32,77.16,0.69,49.0,0.68,20.16,0.7,5.0,0.71,15.0,0.01,0.01,2359.196059,1776313095000
1776313096.8,196.8,0.3,5.0,0.29,10.0,0.31,40.38,0.32,77.16,0.69,38.44,0.68,77.16,0.7,5.0,0.71,15.0,0.01,0.01,2359.196059,1776313095000
1776313097.47,197.47,0.3,5.0,0.29,10.0,0.31,25.22,0.32,20.16,0.69,40.38,0.68,77.16,0.7,5.0,0.71,10.0,0.01,0.01,2359.196059,1776313095000
1776313098.02,198.02,0.3,64.0,0.29,20.0,0.32,7.18,0.33,10.0,0.69,25.22,0.68,20.16,0.7,5.0,0.71,10.0,0.02,0.01,2359.194987,1776313097000
1776313098.276,198.276,0.31,46.0,0.3,44.0,0.33,6.18,0.34,10.0,0.68,2.18,0.67,10.0,0.69,5.0,0.7,54.0,0.02,0.01,2359.194987,1776313097000
1776313100.0,200.0,0.32,106.0,0.31,95.0,0.33,6.18,0.34,10.0,0.67,6.18,0.66,10.0,0.69,46.0,0.7,44.0,0.01,0.02,2359.22231,1776313098000
1776313101.876,201.876,0.32,268.0,0.31,20.0,0.49,70.0,0.61,6.0,0.67,6.18,0.66,10.0,0.68,106.0,0.69,95.0,0.17,0.01,2359.28318,1776313100000
1776313102.25,202.25,0.57,5.0,0.56,70.0,0.69,64.33,0.7,59.3,0.31,66.42,0.3,59.3,0.43,5.0,0.6,15.1,0.12,0.12,2359.28318,1776313100000
1776313102.634,202.634,0.67,0.48,0.63,6.0,0.69,64.33,0.7,59.3,0.31,64.33,0.3,59.3,0.43,5.0,0.44,70.0,0.02,0.12,2359.303355,1776313101000
1776313102.878,202.878,0.57,10.62,0.56,70.0,0.66,50.0,0.67,25.08,0.33,25.08,0.31,64.33,0.37,3.62,0.43,25.0,0.09,0.04,2359.303355,1776313101000
1776313103.633,203.633,0.64,19.14,0.62,5.0,0.66,50.0,0.67,5.0,0.34,50.0,0.33,25.08,0.43,10.62,0.44,70.0,0.02,0.09,2359.43943,1776313102000
1776313104.367,204.367,0.52,1.0,0.51,15.0,0.53,47.68,0.54,15.0,0.43,40.0,0.42,70.0,0.48,6.0,0.57,80.0,0.01,0.05,2359.43943,1776313102000
1776313104.756,204.756,0.51,77.36,0.5,10.0,0.54,25.0,0.55,10.0,0.46,10.0,0.45,10.0,0.47,4.78,0.49,10.0,0.03,0.01,2360.192888,1776313103000
1776313105.404,205.404,0.55,15.0,0.54,15.0,0.56,50.0,0.58,70.0,0.46,25.0,0.45,10.0,0.49,77.36,0.5,10.0,0.01,0.03,2359.917651,1776313104000
1776313106.547,206.547,0.53,10.0,0.52,15.0,0.55,10.0,0.56,84.0,0.44,50.0,0.42,70.0,0.45,15.0,0.46,15.0,0.02,0.01,2359.833206,1776313105000
1776313106.758,206.758,0.53,8.05,0.52,10.0,0.54,54.28,0.55,16.0,0.45,10.0,0.44,84.0,0.47,10.0,0.48,15.0,0.01,0.02,2359.833206,1776313105000
1776313107.136,207.136,0.53,10.92,0.52,10.0,0.54,55.28,0.55,6.0,0.46,54.28,0.45,16.0,0.47,8.05,0.48,10.0,0.01,0.01,2359.833206,1776313106000
1776313107.464,207.464,0.53,15.92,0.52,10.0,0.54,18.28,0.55,5.0,0.46,55.28,0.45,6.0,0.47,10.92,0.48,10.0,0.01,0.01,2359.833206,1776313106000
1776313107.786,207.786,0.53,30.92,0.52,15.0,0.54,8.28,0.56,50.0,0.46,18.28,0.45,5.0,0.47,15.92,0.48,10.0,0.01,0.01,2359.833206,1776313106000
1776313108.465,208.465,0.6,10.0,0.59,70.0,0.66,40.01,0.68,13.0,0.44,50.0,0.4,10.0,0.47,30.92,0.48,15.0,0.06,0.03,2359.827064,1776313107000
1776313108.891,208.891,0.63,127.0,0.6,15.0,0.66,19.91,0.69,70.0,0.34,39.91,0.32,13.0,0.37,70.0,0.4,10.0,0.03,0.03,2359.827064,1776313107000
1776313109.78,209.78,0.68,15.0,0.67,10.0,0.71,55.0,0.73,9.0,0.31,70.0,0.3,135.3,0.37,127.0,0.4,15.0,0.03,0.06,2359.897728,1776313108000
1776313110.615,210.615,0.7,13.3,0.69,15.0,0.71,50.0,0.73,9.0,0.29,55.0,0.27,9.0,0.32,15.0,0.33,10.0,0.01,0.03,2360.11185,1776313109000
1776313111.317,211.317,0.7,18.3,0.69,20.0,0.71,5.0,0.73,9.0,0.29,50.0,0.27,9.0,0.3,13.3,0.31,15.0,0.01,0.01,2360.1886,1776313110000
1776313112.973,212.973,0.72,20.0,0.71,15.0,0.73,11.31,0.76,105.7,0.29,5.0,0.27,9.0,0.3,18.3,0.31,20.0,0.01,0.01,2360.224541,1776313111000
1776313117.242,217.242,0.72,36.0,0.71,73.0,0.76,19.7,0.77,56.3,0.27,11.31,0.24,105.7,0.28,20.0,0.29,15.0,0.04,0.01,2360.32804,1776313116000
1776313117.927,217.927,0.74,37.0,0.73,21.0,0.8,4.46,0.81,29.4,0.24,19.7,0.23,56.3,0.28,36.0,0.29,73.0,0.06,0.04,2360.32804,1776313116000
1776313118.256,218.256,0.79,17.77,0.78,26.0,0.8,33.0,0.84,29.8,0.16,16.8,0.15,28.2,0.25,6.66,0.26,36.0,0.01,0.09,2360.378066,1776313117000
1776313118.749,218.749,0.81,15.0,0.8,16.0,0.82,14.78,0.83,26.0,0.18,5.0,0.16,29.8,0.21,24.77,0.22,21.0,0.01,0.03,2360.378066,1776313117000
1776313119.097,219.097,0.81,13.0,0.8,10.0,0.82,15.0,0.84,16.8,0.18,14.78,0.17,26.0,0.19,15.0,0.2,16.0,0.01,0.01,2360.348378,1776313118000
1776313119.381,219.381,0.81,15.0,0.8,10.0,0.82,4.81,0.83,5.0,0.18,15.0,0.16,16.8,0.19,13.0,0.2,10.0,0.01,0.01,2360.348378,1776313118000
1776313123.336,223.336,0.81,9.0,0.8,68.0,0.82,9.81,0.83,5.0,0.18,4.81,0.17,5.0,0.19,15.0,0.2,10.0,0.01,0.01,2360.72622,1776313122000
1776313124.164,224.164,0.81,29.0,0.8,68.0,0.84,4.81,0.85,49.2,0.18,9.81,0.17,5.0,0.19,9.0,0.2,68.0,0.03,0.01,2360.69367,1776313123000
1776313124.871,224.871,0.83,15.0,0.82,15.0,0.84,3.61,0.85,49.2,0.16,4.81,0.15,49.2,0.19,29.0,0.2,68.0,0.01,0.03,2360.69367,1776313123000
1776313128.847,228.847,0.83,23.0,0.82,15.0,0.84,3.61,0.85,16.0,0.16,3.61,0.15,49.2,0.17,15.0,0.18,15.0,0.01,0.01,2360.63825,1776313127000
1776313130.405,230.405,0.72,7.0,0.71,5.0,0.81,50.0,0.83,20.0,0.16,3.61,0.15,16.0,0.17,23.0,0.18,15.0,0.09,0.01,2360.642407,1776313129000
1776313130.943,230.943,0.69,73.0,0.68,74.51,0.71,3.0,0.73,5.0,0.27,5.0,0.21,10.0,0.31,26.45,0.32,10.0,0.02,0.04,2360.642407,1776313129000
1776313131.55,231.55,0.71,5.0,0.7,10.0,0.74,5.0,0.76,10.0,0.27,5.0,0.26,5.0,0.31,78.0,0.32,74.51,0.03,0.04,2360.644124,1776313130000
1776313131.936,231.936,0.73,108.5,0.72,15.0,0.76,9.0,0.77,18.0,0.26,5.0,0.24,10.0,0.29,5.0,0.3,10.0,0.03,0.03,2360.644124,1776313130000
1776313132.476,232.476,0.75,3.0,0.74,10.0,0.76,10.0,0.77,79.0,0.24,9.0,0.23,18.0,0.27,108.5,0.28,15.0,0.01,0.03,2360.564994,1776313131000
1776313132.694,232.694,0.74,10.0,0.73,113.5,0.76,4.52,0.77,79.0,0.24,10.0,0.23,79.0,0.25,3.0,0.26,10.0,0.02,0.01,2360.564994,1776313131000
1776313133.062,233.062,0.71,5.0,0.7,68.0,0.76,15.0,0.77,21.0,0.24,4.52,0.23,79.0,0.26,10.0,0.27,113.5,0.05,0.02,2360.5211,1776313132000
1776313133.592,233.592,0.71,78.0,0.7,80.0,0.77,11.0,0.78,10.0,0.24,15.0,0.23,21.0,0.29,5.0,0.3,68.0,0.06,0.05,2360.5211,1776313132000
1776313134.0,234.0,0.78,20.0,0.77,183.89,0.81,36.4,0.82,29.4,0.23,11.0,0.22,10.0,0.29,78.0,0.3,80.0,0.03,0.06,2360.5211,1776313132000
1776313134.818,234.818,0.8,26.11,0.79,15.0,0.81,101.0,0.82,39.4,0.19,36.4,0.18,29.4,0.22,20.0,0.23,183.89,0.01,0.03,2360.430075,1776313133000
1776313135.483,235.483,0.77,115.89,0.76,10.0,0.8,34.0,0.81,87.0,0.19,101.0,0.18,39.4,0.21,15.0,0.22,15.0,0.03,0.02,2360.481512,1776313134000
1776313136.365,236.365,0.77,183.6,0.76,15.0,0.78,5.0,0.79,5.0,0.2,34.0,0.19,87.0,0.23,115.89,0.24,10.0,0.01,0.03,2360.472215,1776313135000
1776313137.619,237.619,0.77,188.6,0.76,15.0,0.81,65.03,0.82,62.4,0.22,5.0,0.21,5.0,0.23,183.6,0.24,15.0,0.04,0.01,2360.485458,1776313136000
1776313139.386,239.386,0.79,0.91,0.77,15.0,0.8,10.0,0.81,65.03,0.19,65.03,0.18,62.4,0.23,188.6,0.24,15.0,0.01,0.04,2360.466651,1776313138000
1776313140.227,240.227,0.78,89.4,0.77,10.0,0.79,3.69,0.8,15.0,0.2,10.0,0.19,65.03,0.21,0.91,0.23,15.0,0.01,0.01,2360.4709,1776313139000
1776313140.496,240.496,0.78,105.0,0.77,15.0,0.81,26.99,0.82,23.0,0.21,3.69,0.2,15.0,0.22,89.4,0.23,10.0,0.03,0.01,2360.4709,1776313139000
1776313141.091,241.091,0.79,90.2,0.78,25.6,0.8,42.0,0.81,65.0,0.19,26.99,0.18,23.0,0.22,105.0,0.23,15.0,0.01,0.03,2360.4709,1776313139000
1776313141.35,241.35,0.73,10.0,0.72,73.0,0.74,10.2,0.75,24.0,0.26,0.94,0.23,24.0,0.27,2.97,0.28,15.0,0.01,0.01,2360.475501,1776313140000
1776313141.639,241.639,0.7,73.0,0.69,15.0,0.72,8.34,0.73,15.0,0.26,10.2,0.25,24.0,0.27,10.0,0.28,73.0,0.02,0.01,2360.475501,1776313140000
1776313142.636,242.636,0.74,25.0,0.73,15.0,0.75,3.16,0.76,15.0,0.28,6.25,0.27,10.0,0.29,15.0,0.3,73.0,0.01,0.01,2360.466884,1776313141000
1776313142.998,242.998,0.73,10.0,0.72,10.0,0.75,13.16,0.76,10.0,0.25,3.16,0.24,15.0,0.26,25.0,0.27,15.0,0.02,0.01,2360.466884,1776313141000
1776313144.431,244.431,0.72,17.0,0.71,167.02,0.73,5.0,0.74,16.0,0.25,13.16,0.24,10.0,0.27,10.0,0.28,10.0,0.01,0.02,2360.391956,1776313143000
1776313148.988,248.988,0.72,114.66,0.71,131.25,0.77,12.0,0.78,12.0,0.27,5.0,0.26,16.0,0.28,17.0,0.29,167.02,0.05,0.01,2360.35115,1776313148000
1776313149.588,249.588,0.77,98.0,0.76,20.0,0.8,2.31,0.82,30.0,0.22,12.0,0.21,15.0,0.24,10.0,0.25,15.0,0.03,0.02,2360.35115,1776313148000
1776313149.891,249.891,0.84,20.0,0.83,90.0,0.86,9.37,0.88,20.0,0.15,32.33,0.14,61.9,0.19,20.0,0.2,80.0,0.02,0.04,2360.35115,1776313148000
1776313150.103,250.103,0.86,10.0,0.85,10.0,0.87,66.11,0.88,5.75,0.13,68.9,0.12,5.75,0.15,10.0,0.16,22.0,0.01,0.02,2360.35582,1776313149000
1776313150.339,250.339,0.85,10.0,0.84,23.0,0.87,38.81,0.88,5.75,0.13,64.04,0.12,5.75,0.15,10.0,0.16,23.0,0.02,0.02,2360.35582,1776313149000
1776313151.277,251.277,0.8,38.0,0.75,15.0,0.88,36.75,0.89,10.0,0.13,38.81,0.12,5.75,0.15,10.0,0.16,23.0,0.08,0.02,2360.35582,1776313149000
1776313151.518,251.518,0.74,0.05,0.7,30.0,0.86,50.0,0.88,47.75,0.12,36.75,0.11,10.0,0.2,38.0,0.25,15.0,0.12,0.08,2360.35582,1776313149000
1776313152.073,252.073,0.75,15.0,0.74,10.05,0.77,9.46,0.78,40.0,0.14,50.0,0.12,47.75,0.26,0.05,0.3,30.0,0.02,0.12,2360.4726,1776313151000
1776313152.862,252.862,0.75,121.56,0.74,68.0,0.78,44.88,0.79,19.0,0.23,9.46,0.22,40.0,0.25,15.0,0.26,10.05,0.03,0.02,2360.4726,1776313151000
1776313153.212,253.212,0.69,5.0,0.68,6.0,0.76,69.0,0.77,10.0,0.22,44.88,0.21,19.0,0.25,121.56,0.26,68.0,0.07,0.03,2360.47199,1776313152000
1776313154.218,254.218,0.62,5.0,0.61,15.1,0.64,7.34,0.65,10.0,0.3,7.14,0.27,10.0,0.31,5.0,0.32,6.0,0.02,0.01,2360.47199,1776313152000
1776313154.497,254.497,0.62,6.36,0.61,81.53,0.65,15.0,0.66,10.0,0.35,10.0,0.34,10.0,0.39,81.53,0.4,25.0,0.03,0.04,2360.293746,1776313153000
1776313156.557,256.557,0.66,7.05,0.65,15.0,0.67,29.0,0.68,15.0,0.35,15.0,0.34,10.0,0.38,6.36,0.39,81.53,0.01,0.03,2360.186376,1776313155000
1776313156.835,256.835,0.66,4.1,0.65,15.0,0.67,24.0,0.68,15.0,0.33,29.0,0.32,15.0,0.34,7.05,0.35,15.0,0.01,0.01,2360.186376,1776313155000
1776313157.494,257.494,0.64,51.05,0.63,10.0,0.67,24.0,0.68,15.0,0.33,24.0,0.32,15.0,0.34,4.1,0.35,15.0,0.03,0.01,2360.085184,1776313156000
1776313158.032,258.032,0.6,58.0,0.59,8.0,0.61,48.36,0.62,10.0,0.34,10.0,0.33,24.0,0.37,7.77,0.38,6.36,0.01,0.03,2360.085184,1776313156000
1776313158.261,258.261,0.47,14.0,0.46,50.0,0.48,24.91,0.49,10.0,0.52,7.91,0.51,10.0,0.53,19.0,0.54,50.0,0.01,0.01,2360.117454,1776313157000
1776313158.671,258.671,0.46,50.0,0.44,9.0,0.47,19.87,0.48,77.91,0.52,19.91,0.51,10.0,0.53,13.9,0.54,50.0,0.01,0.01,2360.117454,1776313157000
1776313159.037,259.037,0.43,10.0,0.42,14.8,0.44,10.72,0.45,17.0,0.55,10.0,0.54,10.0,0.57,58.0,0.58,14.8,0.01,0.02,2360.117454,1776313157000
1776313159.281,259.281,0.39,68.0,0.38,78.0,0.4,17.0,0.41,10.04,0.59,10.04,0.58,17.0,0.6,11.0,0.61,85.0,0.01,0.01,2360.117454,1776313157000
1776313159.794,259.794,0.35,136.87,0.34,5.0,0.36,17.0,0.37,17.0,0.6,9.05,0.59,10.04,0.65,67.87,0.66,5.0,0.01,0.05,2360.004121,1776313158000
1776313160.128,260.128,0.35,126.87,0.34,5.0,0.36,16.0,0.37,22.11,0.64,22.0,0.63,22.11,0.65,126.87,0.66,5.0,0.01,0.01,2360.004121,1776313158000
1776313160.374,260.374,0.3,13.0,0.29,75.0,0.36,85.0,0.37,22.11,0.64,16.0,0.63,22.11,0.65,126.87,0.66,5.0,0.06,0.01,2360.004121,1776313158000
1776313160.598,260.598,0.29,70.0,0.27,10.0,0.31,17.0,0.32,17.35,0.64,85.0,0.63,22.11,0.7,13.0,0.71,75.0,0.02,0.06,2360.004121,1776313158000
1776313160.942,260.942,0.26,53.15,0.25,16.0,0.27,17.0,0.28,10.0,0.7,17.0,0.69,17.0,0.74,135.32,0.75,5.0,0.01,0.04,2359.87169,1776313159000
1776313162.22,262.22,0.25,16.0,0.24,100.0,0.26,14.15,0.27,17.0,0.73,17.0,0.72,10.0,0.75,16.0,0.76,5.0,0.01,0.02,2359.616458,1776313161000
1776313162.973,262.973,0.25,16.0,0.24,63.0,0.27,3.36,0.28,10.0,0.74,14.15,0.73,17.0,0.75,16.0,0.76,100.0,0.02,0.01,2359.616458,1776313161000
1776313164.245,264.245,0.23,36.3,0.22,26.0,0.27,15.36,0.28,68.0,0.73,3.36,0.72,10.0,0.75,16.0,0.76,63.0,0.04,0.02,2359.387679,1776313163000
1776313164.475,264.475,0.23,36.3,0.22,26.0,0.24,11.35,0.25,10.0,0.76,7.96,0.75,10.0,0.77,36.3,0.78,26.0,0.01,0.01,2359.387679,1776313163000
1776313164.814,264.814,0.23,36.3,0.22,26.0,0.26,1.69,0.27,13.36,0.76,11.35,0.75,10.0,0.77,36.3,0.78,26.0,0.03,0.01,2359.387679,1776313163000
1776313165.466,265.466,0.23,41.3,0.22,26.0,0.24,10.0,0.25,10.0,0.74,1.69,0.73,13.36,0.77,36.3,0.78,26.0,0.01,0.03,2359.387205,1776313164000
1776313165.819,265.819,0.23,96.05,0.22,36.0,0.24,5.0,0.25,10.0,0.76,10.0,0.75,10.0,0.77,40.0,0.78,26.0,0.01,0.01,2359.387205,1776313164000
1776313167.659,267.659,0.17,62.45,0.16,5.0,0.18,45.0,0.19,33.0,0.76,5.0,0.75,10.0,0.77,96.05,0.78,36.0,0.01,0.01,2359.375507,1776313166000
1776313167.968,267.968,0.17,29.99,0.16,5.0,0.18,71.0,0.19,23.0,0.82,64.0,0.81,33.0,0.83,40.83,0.84,5.0,0.01,0.01,2359.375507,1776313166000
1776313168.168,268.168,0.16,23.0,0.15,88.4,0.17,9.11,0.18,41.0,0.82,51.0,0.81,23.0,0.84,5.0,0.85,88.4,0.01,0.02,2359.375507,1776313166000
1776313168.71,268.71,0.16,11.47,0.15,88.4,0.17,3.22,0.18,41.0,0.83,8.22,0.82,41.0,0.84,23.0,0.85,88.4,0.01,0.01,2359.370116,1776313167000
1776313169.431,269.431,0.13,5.85,0.12,59.19,0.16,119.0,0.17,3.22,0.83,3.22,0.82,41.0,0.84,11.47,0.85,88.4,0.03,0.01,2359.370116,1776313167000
1776313169.649,269.649,0.12,25.09,0.08,106.9,0.14,141.0,0.15,52.0,0.84,119.0,0.83,3.22,0.87,5.85,0.88,59.19,0.02,0.03,2359.2719,1776313168000
1776313169.932,269.932,0.08,96.54,0.07,60.3,0.09,15.0,0.1,10.0,0.91,20.49,0.9,15.55,0.92,97.63,0.93,104.3,0.01,0.01,2359.2719,1776313168000
1776313170.301,270.301,0.08,61.0,0.07,60.3,0.09,25.0,0.1,10.0,0.91,15.0,0.9,10.0,0.92,90.08,0.93,60.3,0.01,0.01,2359.203631,1776313169000
1776313170.574,270.574,0.09,19.5,0.08,61.0,0.1,3.0,0.11,10.0,0.9,3.0,0.89,10.0,0.92,66.0,0.93,60.3,0.01,0.02,2359.203631,1776313169000
1776313170.777,270.777,0.09,19.5,0.08,61.0,0.11,10.0,0.12,15.0,0.9,3.0,0.89,10.0,0.91,19.5,0.92,61.0,0.02,0.01,2359.203631,1776313169000
1776313171.012,271.012,0.08,55.02,0.07,60.3,0.09,10.0,0.1,10.0,0.89,10.0,0.88,15.0,0.91,19.5,0.92,61.0,0.01,0.02,2359.203631,1776313169000
1776313171.257,271.257,0.09,5.0,0.08,64.75,0.1,25.0,0.11,25.0,0.89,10.0,0.88,15.0,0.92,51.75,0.93,70.3,0.01,0.03,2359.203631,1776313169000
1776313171.585,271.585,0.09,10.0,0.08,46.75,0.11,24.6,0.12,15.0,0.9,25.0,0.89,25.0,0.91,5.0,0.92,64.75,0.02,0.01,2359.02267,1776313170000
1776313171.863,271.863,0.1,5.0,0.09,10.0,0.11,10.9,0.12,15.0,0.89,24.6,0.88,15.0,0.91,10.0,0.92,46.75,0.01,0.02,2359.02267,1776313170000
1776313172.22,272.22,0.1,29.0,0.09,5.0,0.11,60.9,0.12,15.0,0.89,10.9,0.88,15.0,0.9,5.0,0.91,10.0,0.01,0.01,2359.02267,1776313170000
1776313172.623,272.623,0.1,22.88,0.09,5.0,0.11,65.9,0.12,82.0,0.89,60.9,0.88,15.0,0.9,29.0,0.91,5.0,0.01,0.01,2358.880089,1776313171000
1776313173.444,273.444,0.1,22.88,0.09,5.0,0.11,72.79,0.12,82.0,0.89,65.9,0.88,82.0,0.9,22.88,0.91,5.0,0.01,0.01,2358.937126,1776313172000
1776313174.69,274.69,0.1,115.88,0.09,31.0,0.11,47.05,0.19,13.0,0.88,82.0,0.87,15.0,0.9,22.88,0.91,5.0,0.01,0.02,2358.991706,1776313173000
1776313175.052,275.052,0.16,68.0,0.13,10.0,0.19,7.36,0.2,10.0,0.83,9.9,0.82,10.0,0.85,10.0,0.86,10.0,0.03,0.02,2358.991706,1776313173000
1776313175.281,275.281,0.16,59.29,0.14,10.0,0.17,5.0,0.18,10.0,0.83,10.0,0.82,10.0,0.84,59.29,0.86,10.0,0.01,0.01,2358.991706,1776313173000
1776313175.584,275.584,0.16,50.0,0.15,15.0,0.19,10.0,0.2,10.0,0.83,5.0,0.82,10.0,0.84,59.29,0.86,10.0,0.03,0.01,2358.991706,1776313173000
1776313175.896,275.896,0.18,12.68,0.17,10.0,0.21,6.75,0.22,10.0,0.79,6.75,0.78,10.0,0.82,15.0,0.83,10.0,0.03,0.03,2358.991706,1776313173000
1776313176.406,276.406,0.17,15.0,0.16,60.0,0.23,4.34,0.24,21.0,0.79,6.75,0.78,10.0,0.82,12.68,0.83,10.0,0.06,0.03,2359.034992,1776313174000
1776313177.585,277.585,0.2,2.37,0.19,10.0,0.21,172.44,0.23,4.34,0.79,5.23,0.78,10.0,0.81,10.0,0.82,10.0,0.01,0.02,2359.111082,1776313176000
1776313177.846,277.846,0.2,2.37,0.19,10.0,0.26,15.0,0.27,40.0,0.79,172.44,0.77,4.34,0.8,2.37,0.81,10.0,0.06,0.01,2359.111082,1776313176000
1776313178.358,278.358,0.23,2.0,0.22,10.0,0.24,16.0,0.25,40.0,0.74,15.0,0.73,40.0,0.8,2.37,0.81,10.0,0.01,0.06,2359.176403,1776313177000
1776313179.138,279.138,0.3,15.0,0.29,68.0,0.35,9.54,0.37,5.11,0.74,65.0,0.73,10.0,0.78,10.0,0.79,10.0,0.05,0.04,2359.203669,1776313178000
1776313179.37,279.37,0.36,86.0,0.35,15.0,0.51,50.0,0.56,50.0,0.65,9.54,0.63,5.11,0.7,15.0,0.71,68.0,0.15,0.05,2359.203669,1776313178000
1776313179.676,279.676,0.56,24.0,0.55,19.0,0.57,105.2,0.58,70.0,0.43,56.78,0.42,70.0,0.45,19.0,0.46,10.0,0.01,0.02,2359.203669,1776313178000
1776313179.945,279.945,0.56,7.15,0.55,19.0,0.57,57.84,0.58,75.0,0.43,57.84,0.42,70.0,0.44,12.15,0.45,19.0,0.01,0.01,2359.203669,1776313178000
1776313180.159,280.159,0.57,24.0,0.56,10.0,0.59,70.0,0.61,70.0,0.42,30.6,0.41,75.0,0.45,64.91,0.46,10.0,0.02,0.03,2359.183902,1776313179000
1776313180.459,280.459,0.67,10.0,0.66,10.0,0.68,68.52,0.69,5.0,0.39,61.76,0.37,30.0,0.4,13.9,0.41,10.0,0.01,0.01,2359.183902,1776313179000
1776313180.663,280.663,0.67,34.0,0.66,19.0,0.68,60.2,0.69,5.0,0.32,71.97,0.31,5.0,0.33,92.0,0.34,19.0,0.01,0.01,2359.183902,1776313179000
1776313180.905,280.905,0.67,24.72,0.66,19.0,0.68,60.2,0.69,5.0,0.32,60.2,0.31,5.0,0.33,24.0,0.34,19.0,0.01,0.01,2359.183902,1776313179000
1776313181.199,281.199,0.67,19.72,0.66,19.0,0.68,66.95,0.7,70.0,0.32,58.22,0.31,5.0,0.33,19.72,0.34,19.0,0.01,0.01,2359.183902,1776313179000
1776313181.493,281.493,0.67,19.72,0.66,29.0,0.68,22.05,0.7,80.0,0.32,17.05,0.3,80.0,0.33,24.72,0.34,19.0,0.01,0.01,2359.38889,1776313180000
1776313182.253,282.253,0.67,12.17,0.66,19.0,0.68,22.05,0.7,128.0,0.32,22.05,0.3,80.0,0.33,7.72,0.34,29.0,0.01,0.01,2359.38889,1776313180000
1776313182.512,282.512,0.66,16.17,0.65,10.0,0.68,20.87,0.7,128.0,0.32,15.87,0.3,128.0,0.33,7.17,0.34,19.0,0.02,0.01,2359.63328,1776313181000
1776313183.039,283.039,0.67,71.12,0.66,16.17,0.68,8.73,0.7,70.0,0.32,15.87,0.3,128.0,0.33,6.12,0.34,16.17,0.01,0.01,2359.63328,1776313181000
1776313183.325,283.325,0.69,26.0,0.68,19.0,0.73,58.0,0.74,5.0,0.3,18.48,0.27,58.0,0.33,92.12,0.34,66.17,0.04,0.03,2359.63328,1776313181000
1776313183.531,283.531,0.72,41.0,0.71,10.0,0.73,12.51,0.74,15.0,0.27,25.67,0.26,5.0,0.31,26.0,0.32,19.0,0.01,0.04,2359.818725,1776313182000
1776313183.75,283.75,0.73,109.0,0.72,34.0,0.74,3.64,0.86,80.0,0.27,12.51,0.26,15.0,0.28,41.0,0.29,10.0,0.01,0.01,2359.818725,1776313182000
1776313183.961,283.961,0.85,15.66,0.84,68.0,0.88,25.75,0.9,10.0,0.14,79.9,0.12,25.75,0.15,17.33,0.16,78.0,0.03,0.01,2359.818725,1776313182000
1776313184.174,284.174,0.87,12.3,0.86,10.0,0.91,9.59,0.92,98.0,0.12,14.59,0.09,10.0,0.13,12.3,0.14,10.0,0.04,0.01,2359.818725,1776313182000
1776313184.79,284.79,0.91,43.98,0.9,19.0,0.93,8.16,0.94,10.0,0.09,9.59,0.08,98.0,0.13,12.3,0.14,10.0,0.02,0.04,2359.84135,1776313183000
1776313185.185,285.185,0.89,10.98,0.88,10.0,0.93,30.0,0.94,4.7,0.06,4.7,0.05,101.68,0.08,19.0,0.09,58.98,0.04,0.02,2359.843145,1776313184000
1776313185.683,285.683,0.89,37.98,0.88,10.0,0.92,1.95,0.93,40.0,0.1,3.88,0.08,10.0,0.11,41.98,0.12,10.0,0.03,0.01,2359.843145,1776313184000
1776313186.135,286.135,0.91,55.0,0.9,10.0,0.93,95.09,0.94,4.7,0.08,1.95,0.07,40.0,0.11,37.98,0.12,10.0,0.02,0.03,2359.843145,1776313184000
1776313186.956,286.956,0.91,128.0,0.9,10.0,0.92,3.91,0.93,37.09,0.07,95.09,0.06,4.7,0.09,55.0,0.1,10.0,0.01,0.02,2360.0569,1776313185000
1776313187.283,287.283,0.91,128.91,0.9,10.0,0.92,3.91,0.93,37.09,0.08,3.91,0.07,37.09,0.09,128.0,0.1,10.0,0.01,0.01,2360.35883,1776313186000
1776313187.906,287.906,0.92,10.0,0.91,129.15,0.93,6.44,0.94,4.7,0.08,2.82,0.07,37.09,0.09,129.15,0.1,10.0,0.01,0.01,2360.35883,1776313186000
1776313188.65,288.65,0.94,31.0,0.93,189.0,0.95,26.96,0.96,93.0,0.05,27.23,0.04,93.0,0.06,11.0,0.07,109.0,0.01,0.01,2360.430328,1776313187000
1776313189.865,289.865,0.94,26.0,0.93,170.0,0.95,21.69,0.96,93.0,0.05,26.96,0.04,93.0,0.06,31.0,0.07,189.0,0.01,0.01,2360.44425,1776313188000
1776313190.213,290.213,0.94,26.0,0.93,170.0,0.95,25.63,0.96,93.0,0.05,21.69,0.04,93.0,0.06,26.0,0.07,170.0,0.01,0.01,2360.505804,1776313189000
1776313190.571,290.571,0.94,16.0,0.93,160.0,0.95,20.63,0.96,93.0,0.05,25.63,0.04,93.0,0.06,26.0,0.07,170.0,0.01,0.01,2360.505804,1776313189000
1776313191.137,291.137,0.94,9.37,0.93,155.0,0.95,20.63,0.96,98.0,0.05,20.63,0.04,93.0,0.06,16.0,0.07,160.0,0.01,0.01,2360.56666,1776313190000
1776313191.847,291.847,0.95,57.37,0.94,9.37,0.96,40.0,0.97,116.09,0.05,20.63,0.04,98.0,0.06,9.37,0.07,155.0,0.01,0.01,2360.56666,1776313190000
1776313192.375,292.375,0.95,78.37,0.94,15.0,0.96,35.0,0.97,116.09,0.04,40.0,0.03,116.09,0.05,57.37,0.06,9.37,0.01,0.01,2360.55807,1776313191000
1776313192.798,292.798,0.95,73.37,0.94,15.0,0.96,22.0,0.97,116.09,0.04,35.0,0.03,116.09,0.05,78.37,0.06,15.0,0.01,0.01,2360.55807,1776313191000
1776313193.122,293.122,0.95,72.02,0.94,15.0,0.96,22.0,0.97,116.09,0.04,22.0,0.03,116.09,0.05,73.37,0.06,15.0,0.01,0.01,2360.552604,1776313192000
1776313193.33,293.33,0.95,77.02,0.94,15.0,0.96,21.8,0.97,116.09,0.04,22.0,0.03,116.09,0.05,72.02,0.06,15.0,0.01,0.01,2360.552604,1776313192000
1776313193.972,293.972,0.95,72.02,0.94,15.0,0.96,6.48,0.97,116.09,0.04,21.8,0.03,116.09,0.05,77.02,0.06,15.0,0.01,0.01,2360.57655,1776313193000
1776313194.381,294.381,0.95,77.02,0.94,15.0,0.97,112.19,0.98,157.0,0.04,6.48,0.03,116.09,0.05,72.02,0.06,15.0,0.02,0.01,2360.57655,1776313193000
1776313195.003,295.003,0.96,82.21,0.95,204.02,0.97,50.43,0.98,157.0,0.03,65.64,0.02,157.0,0.05,82.02,0.06,15.0,0.01,0.02,2360.579845,1776313194000
1776313195.333,295.333,0.98,140.92,0.96,97.86,0.99,425.37,,,0.01,327.37,,,0.02,3.92,0.04,217.21,0.01,0.01,2360.579845,1776313194000
1776313196.088,296.088,0.99,409.37,0.98,3.92,,,,,,,,,0.02,140.92,0.04,92.21,,,2360.54106,1776313195000
1776313196.78,296.78,0.99,479.76,0.98,3.92,,,,,,,,,0.01,407.87,0.02,3.92,,,2360.54106,1776313195000
1776313198.851,298.851,0.99,7343.09,0.98,5.0,,,,,,,,,0.03,14.66,0.04,10.0,,,2360.620455,1776313197000

# RESULT,winner=Up,slug=eth-updown-5m-1776312900,ticks=322
