timestamp,elapsed_sec,up_bid_p1,up_bid_s1,up_bid_p2,up_bid_s2,up_ask_p1,up_ask_s1,up_ask_p2,up_ask_s2,down_bid_p1,down_bid_s1,down_bid_p2,down_bid_s2,down_ask_p1,down_ask_s1,down_ask_p2,down_ask_s2,up_spread,down_spread,eth_price,eth_oracle_ts
1776273601.699,1.699,0.37,24.0,0.36,13.89,0.52,37.22,0.53,10.0,0.5,5.0,0.49,5.09,0.57,5.0,0.6,38.0,0.15,0.07,2343.893807,1776273600000
1776273602.239,2.239,0.46,6.14,0.36,13.89,0.52,42.22,0.53,10.0,0.48,37.22,0.47,10.0,0.63,24.0,0.64,13.89,0.06,0.15,2344.058257,1776273601000
1776273602.538,2.538,0.51,10.0,0.5,25.0,0.52,40.14,0.53,10.0,0.48,42.22,0.47,10.0,0.54,6.14,0.64,13.89,0.01,0.06,2344.058257,1776273601000
1776273603.666,3.666,0.49,25.0,0.48,10.0,0.52,28.5,0.53,10.0,0.48,28.5,0.47,10.0,0.49,10.0,0.5,25.0,0.03,0.01,2344.183167,1776273602000
1776273604.874,4.874,0.49,10.0,0.48,25.0,0.5,15.0,0.51,65.0,0.48,28.5,0.47,10.0,0.51,25.0,0.52,10.0,0.01,0.03,2344.395017,1776273603000
1776273605.236,5.236,0.5,30.4,0.49,20.0,0.51,70.0,0.52,58.5,0.5,15.0,0.49,65.0,0.51,10.0,0.52,25.0,0.01,0.01,2344.395017,1776273603000
1776273605.756,5.756,0.5,78.52,0.49,31.0,0.51,70.0,0.52,63.5,0.49,70.0,0.48,58.5,0.5,13.7,0.51,20.0,0.01,0.01,2344.149028,1776273604000
1776273606.468,6.468,0.5,38.7,0.49,20.0,0.51,47.03,0.52,74.5,0.49,68.03,0.48,58.5,0.5,67.32,0.51,53.0,0.01,0.01,2343.990351,1776273605000
1776273606.687,6.687,0.5,33.7,0.49,20.0,0.52,14.5,0.53,48.0,0.48,25.5,0.47,48.0,0.5,38.7,0.51,20.0,0.02,0.02,2343.990351,1776273605000
1776273606.974,6.974,0.52,61.0,0.51,110.0,0.53,5.0,0.54,33.0,0.47,16.0,0.46,45.0,0.48,10.0,0.49,15.0,0.01,0.01,2343.990351,1776273605000
1776273607.318,7.318,0.53,15.0,0.52,56.0,0.54,33.0,0.55,15.0,0.46,33.0,0.45,15.0,0.48,66.0,0.49,110.0,0.01,0.02,2343.979905,1776273606000
1776273609.046,9.046,0.53,155.37,0.52,48.0,0.54,9.9,0.55,15.0,0.46,33.0,0.45,15.0,0.47,12.87,0.48,56.0,0.01,0.01,2343.969992,1776273607000
1776273609.345,9.345,0.53,188.37,0.52,48.0,0.54,20.9,0.55,26.0,0.46,9.9,0.45,15.0,0.47,155.37,0.48,48.0,0.01,0.01,2344.042995,1776273608000
1776273610.636,10.636,0.53,75.0,0.52,48.0,0.54,0.9,0.55,152.0,0.46,20.9,0.45,26.0,0.47,188.37,0.48,48.0,0.01,0.01,2344.042995,1776273608000
1776273610.848,10.848,0.53,75.0,0.52,58.5,0.54,11.4,0.55,152.0,0.46,0.9,0.45,152.0,0.47,75.0,0.48,48.0,0.01,0.01,2344.042995,1776273608000
1776273611.233,11.233,0.53,25.0,0.52,48.0,0.54,136.4,0.55,67.0,0.46,11.4,0.45,152.0,0.47,75.0,0.48,58.5,0.01,0.01,2344.157004,1776273610000
1776273613.099,13.099,0.53,20.0,0.52,60.5,0.54,130.0,0.55,51.5,0.46,136.4,0.45,67.0,0.47,25.0,0.48,48.0,0.01,0.01,2344.16397,1776273612000
1776273613.707,13.707,0.5,8.7,0.49,20.5,0.51,25.0,0.52,52.5,0.46,130.0,0.45,51.5,0.47,20.0,0.48,60.5,0.01,0.01,2344.16397,1776273612000
1776273614.808,14.808,0.49,11.8,0.48,15.0,0.5,85.0,0.51,82.6,0.5,57.0,0.49,61.0,0.51,1.3,0.52,10.0,0.01,0.01,2344.106631,1776273613000
1776273616.008,16.008,0.49,32.8,0.48,152.0,0.5,53.0,0.51,52.1,0.5,85.0,0.49,82.6,0.51,11.8,0.52,15.0,0.01,0.01,2343.915015,1776273614000
1776273616.229,16.229,0.49,30.83,0.48,152.0,0.5,53.0,0.51,47.1,0.5,53.0,0.49,52.1,0.51,32.8,0.52,152.0,0.01,0.01,2343.915015,1776273614000
1776273617.122,17.122,0.49,80.86,0.48,30.0,0.51,5.1,0.52,11.0,0.5,53.0,0.49,47.1,0.51,23.86,0.52,152.0,0.02,0.01,2343.899044,1776273615000
1776273621.012,21.012,0.52,14.89,0.51,25.0,0.53,195.5,0.54,86.5,0.48,6.1,0.47,38.0,0.51,85.86,0.52,30.0,0.01,0.03,2343.965647,1776273619000
1776273621.293,21.293,0.52,14.89,0.51,25.0,0.53,179.17,0.54,86.5,0.47,195.5,0.46,86.5,0.48,14.89,0.49,25.0,0.01,0.01,2343.965647,1776273619000
1776273624.068,24.068,0.52,9.89,0.51,25.0,0.53,197.17,0.54,97.5,0.47,179.17,0.46,86.5,0.48,14.89,0.49,25.0,0.01,0.01,2343.91571,1776273622000
1776273625.926,25.926,0.49,64.18,0.48,140.0,0.52,151.5,0.53,71.17,0.48,11.0,0.47,202.17,0.49,14.0,0.5,30.5,0.03,0.01,2343.950647,1776273624000
1776273626.576,26.576,0.5,30.5,0.49,74.18,0.53,7.24,0.54,97.5,0.48,151.5,0.47,71.17,0.51,64.18,0.52,140.0,0.03,0.03,2343.950647,1776273624000
1776273627.209,27.209,0.51,5.91,0.5,35.5,0.52,45.5,0.53,27.5,0.47,27.5,0.46,97.5,0.49,20.0,0.5,30.5,0.01,0.02,2343.91363,1776273625000
1776273628.369,28.369,0.51,12.75,0.5,40.5,0.52,20.0,0.53,151.5,0.48,45.5,0.47,27.5,0.49,5.91,0.5,35.5,0.01,0.01,2343.937443,1776273626000
1776273630.563,30.563,0.53,59.78,0.52,185.5,0.54,43.5,0.55,171.5,0.48,20.0,0.47,151.5,0.49,12.75,0.5,40.5,0.01,0.01,2343.911701,1776273628000
1776273630.84,30.84,0.53,209.38,0.52,70.5,0.54,28.0,0.55,103.26,0.46,43.5,0.45,171.5,0.47,59.78,0.48,185.5,0.01,0.01,2343.912606,1776273629000
1776273632.122,32.122,0.53,119.27,0.52,80.5,0.54,28.0,0.55,48.5,0.46,28.0,0.45,103.26,0.47,209.38,0.48,70.5,0.01,0.01,2343.944936,1776273630000
1776273634.237,34.237,0.53,174.27,0.52,90.5,0.54,3.96,0.55,33.0,0.46,28.0,0.45,48.5,0.47,119.27,0.48,80.5,0.01,0.01,2343.97215,1776273632000
1776273635.494,35.494,0.53,184.27,0.52,92.5,0.54,2.1,0.55,20.0,0.46,3.96,0.45,33.0,0.47,174.27,0.48,90.5,0.01,0.01,2343.958581,1776273633000
1776273635.838,35.838,0.53,179.27,0.52,92.5,0.55,25.0,0.56,79.5,0.46,2.1,0.45,20.0,0.47,184.27,0.48,92.5,0.02,0.01,2343.960317,1776273634000
1776273637.117,37.117,0.56,55.0,0.55,225.5,0.57,10.7,0.58,40.5,0.45,25.0,0.44,79.5,0.47,179.27,0.48,92.5,0.01,0.02,2343.98439,1776273635000
1776273637.529,37.529,0.56,75.0,0.55,244.5,0.57,5.68,0.58,40.5,0.43,10.7,0.42,40.5,0.44,55.0,0.45,225.5,0.01,0.01,2344.046862,1776273636000
1776273638.673,38.673,0.59,81.56,0.58,164.5,0.6,10.5,0.61,71.5,0.43,5.68,0.42,40.5,0.44,75.0,0.45,244.5,0.01,0.01,2344.046862,1776273636000
1776273639.444,39.444,0.59,79.0,0.58,58.5,0.6,10.5,0.61,191.5,0.4,10.5,0.39,71.5,0.41,81.56,0.42,164.5,0.01,0.01,2344.201547,1776273637000
1776273639.651,39.651,0.59,84.0,0.58,53.5,0.6,10.41,0.61,180.5,0.4,10.5,0.39,191.5,0.41,79.0,0.42,58.5,0.01,0.01,2344.241072,1776273638000
1776273642.04,42.04,0.59,76.56,0.58,36.5,0.6,130.41,0.61,71.68,0.4,10.41,0.39,180.5,0.41,84.0,0.42,53.5,0.01,0.01,2344.506041,1776273640000
1776273642.629,42.629,0.59,29.0,0.58,20.5,0.6,198.59,0.61,184.68,0.4,130.41,0.39,71.68,0.41,76.56,0.42,36.5,0.01,0.01,2344.494586,1776273641000
1776273643.157,43.157,0.57,40.39,0.56,53.5,0.58,5.0,0.59,31.5,0.42,5.0,0.41,36.5,0.43,34.5,0.44,48.5,0.01,0.01,2344.494586,1776273641000
1776273643.399,43.399,0.57,59.31,0.56,173.5,0.58,5.0,0.59,21.0,0.42,5.0,0.41,31.5,0.43,40.39,0.44,53.5,0.01,0.01,2344.486102,1776273642000
1776273644.321,44.321,0.63,15.0,0.62,71.0,0.64,24.39,0.65,190.5,0.42,5.0,0.41,21.0,0.43,59.31,0.44,173.5,0.01,0.01,2344.486102,1776273642000
1776273644.714,44.714,0.63,72.0,0.62,87.0,0.64,8.59,0.65,75.5,0.36,8.59,0.35,190.5,0.37,34.0,0.38,71.0,0.01,0.01,2344.486102,1776273642000
1776273646.79,46.79,0.62,29.36,0.61,150.5,0.64,40.59,0.65,100.5,0.36,3.59,0.35,80.5,0.37,72.0,0.38,87.0,0.02,0.01,2344.68639,1776273645000
1776273647.032,47.032,0.63,53.29,0.62,166.36,0.64,15.0,0.65,80.5,0.36,20.0,0.35,213.5,0.37,28.29,0.38,40.36,0.01,0.01,2344.68639,1776273645000
1776273647.45,47.45,0.63,48.29,0.62,40.86,0.64,28.93,0.65,195.5,0.36,15.0,0.35,80.5,0.37,53.29,0.38,166.36,0.01,0.01,2344.657258,1776273646000
1776273648.271,48.271,0.63,15.0,0.62,40.86,0.64,25.8,0.65,195.5,0.36,28.93,0.35,195.5,0.37,48.29,0.38,40.86,0.01,0.01,2344.667086,1776273647000
1776273648.732,48.732,0.63,7.29,0.62,40.86,0.64,30.8,0.65,195.5,0.36,25.8,0.35,195.5,0.37,15.0,0.38,40.86,0.01,0.01,2344.667086,1776273647000
1776273649.582,49.582,0.63,9.58,0.62,155.86,0.64,15.3,0.65,201.68,0.36,30.8,0.35,195.5,0.37,7.29,0.38,40.86,0.01,0.01,2344.679715,1776273648000
1776273651.614,51.614,0.62,3.86,0.61,16.0,0.63,36.91,0.64,179.98,0.36,15.3,0.35,201.68,0.37,9.58,0.38,155.86,0.01,0.01,2344.702214,1776273650000
1776273651.822,51.822,0.61,24.0,0.6,21.0,0.62,40.5,0.63,41.91,0.37,36.91,0.36,179.98,0.38,3.86,0.39,16.0,0.01,0.01,2344.702214,1776273650000
1776273652.114,52.114,0.6,12.75,0.59,125.5,0.61,10.0,0.62,35.5,0.38,40.5,0.37,41.91,0.39,19.0,0.4,21.0,0.01,0.01,2344.803814,1776273651000
1776273652.437,52.437,0.59,50.0,0.58,25.0,0.6,83.83,0.61,103.68,0.39,10.0,0.38,35.5,0.4,12.75,0.41,125.5,0.01,0.01,2344.803814,1776273651000
1776273655.074,55.074,0.58,10.0,0.57,30.5,0.59,80.52,0.6,214.83,0.4,83.83,0.39,103.68,0.41,50.0,0.42,25.0,0.01,0.01,2344.501055,1776273654000
1776273655.59,55.59,0.55,153.01,0.54,44.5,0.56,9.0,0.57,14.0,0.41,80.52,0.4,214.83,0.42,10.0,0.43,30.5,0.01,0.01,2344.501055,1776273654000
1776273656.132,56.132,0.55,213.01,0.54,49.5,0.56,3.91,0.57,14.0,0.44,9.0,0.43,14.0,0.45,153.01,0.46,44.5,0.01,0.01,2344.480194,1776273655000
1776273657.795,57.795,0.58,35.83,0.57,150.0,0.59,30.5,0.6,175.5,0.44,3.91,0.43,14.0,0.45,213.01,0.46,49.5,0.01,0.01,2344.439283,1776273656000
1776273658.219,58.219,0.58,22.1,0.57,25.0,0.59,52.5,0.6,75.5,0.41,30.5,0.4,175.5,0.42,35.83,0.43,150.0,0.01,0.01,2344.352949,1776273657000
1776273658.633,58.633,0.54,42.5,0.53,68.0,0.56,99.5,0.57,39.5,0.41,52.5,0.4,75.5,0.42,22.1,0.43,25.0,0.02,0.01,2344.352949,1776273657000
1776273658.866,58.866,0.54,47.5,0.53,68.0,0.55,27.04,0.56,80.5,0.44,99.5,0.43,39.5,0.46,42.5,0.47,68.0,0.01,0.02,2344.352949,1776273657000
1776273659.069,59.069,0.54,44.02,0.53,23.0,0.55,54.04,0.56,80.5,0.45,27.04,0.44,80.5,0.46,47.5,0.47,68.0,0.01,0.01,2344.352949,1776273657000
1776273659.969,59.969,0.51,24.94,0.5,158.0,0.53,110.0,0.54,50.5,0.45,54.04,0.44,80.5,0.46,44.02,0.47,23.0,0.02,0.01,2344.386951,1776273658000
1776273660.699,60.699,0.48,5.88,0.47,75.0,0.5,140.5,0.51,171.5,0.47,110.0,0.46,50.5,0.49,24.94,0.5,158.0,0.02,0.02,2344.301092,1776273659000
1776273660.954,60.954,0.47,50.0,0.46,106.14,0.49,192.5,0.5,99.5,0.5,140.5,0.49,171.5,0.52,5.88,0.53,75.0,0.02,0.02,2344.301092,1776273659000
1776273661.532,61.532,0.44,38.89,0.43,35.0,0.47,10.0,0.48,350.0,0.51,192.5,0.5,99.5,0.53,50.0,0.54,106.14,0.03,0.02,2344.301092,1776273659000
1776273662.026,62.026,0.44,19.47,0.43,15.0,0.45,62.5,0.46,109.5,0.53,10.0,0.52,350.0,0.56,38.89,0.57,35.0,0.01,0.03,2344.276533,1776273660000
1776273662.361,62.361,0.44,16.05,0.43,18.0,0.45,238.5,0.46,109.5,0.55,102.5,0.54,109.5,0.56,8.14,0.57,15.0,0.01,0.01,2344.276533,1776273660000
1776273662.89,62.89,0.4,128.83,0.39,109.18,0.41,74.4,0.42,20.5,0.59,10.0,0.58,20.5,0.6,123.83,0.61,82.18,0.01,0.01,2343.883019,1776273661000
1776273663.376,63.376,0.4,149.83,0.39,109.18,0.41,51.4,0.42,20.5,0.59,74.4,0.58,20.5,0.6,128.83,0.61,109.18,0.01,0.01,2343.883019,1776273661000
1776273664.687,64.687,0.4,125.0,0.39,138.03,0.41,80.2,0.42,42.5,0.59,51.4,0.58,20.5,0.6,149.83,0.61,109.18,0.01,0.01,2343.405381,1776273663000
1776273665.599,65.599,0.4,135.0,0.39,148.53,0.41,77.76,0.42,10.0,0.59,80.2,0.58,42.5,0.6,125.0,0.61,138.03,0.01,0.01,2343.337134,1776273664000
1776273665.822,65.822,0.4,127.85,0.39,148.53,0.41,73.06,0.42,10.0,0.59,77.76,0.58,10.0,0.6,127.85,0.61,148.53,0.01,0.01,2343.337134,1776273664000
1776273667.276,67.276,0.39,4.68,0.35,10.0,0.4,390.5,0.41,208.5,0.59,73.06,0.58,10.0,0.6,127.85,0.61,148.53,0.01,0.01,2343.352423,1776273665000
1776273668.014,68.014,0.34,84.39,0.33,75.45,0.35,106.0,0.36,43.0,0.6,390.5,0.59,208.5,0.65,10.0,0.66,40.0,0.01,0.05,2343.295545,1776273666000
1776273668.65,68.65,0.34,114.39,0.33,80.45,0.35,117.0,0.36,70.0,0.65,106.0,0.64,43.0,0.66,84.39,0.67,75.45,0.01,0.01,2343.29577,1776273667000
1776273669.428,69.428,0.34,114.73,0.33,110.56,0.35,80.0,0.36,40.0,0.65,114.14,0.64,70.0,0.66,114.39,0.67,80.45,0.01,0.01,2343.111062,1776273668000
1776273670.446,70.446,0.34,137.73,0.33,102.56,0.35,35.0,0.36,32.0,0.65,80.0,0.64,40.0,0.66,114.73,0.67,110.56,0.01,0.01,2343.111062,1776273668000
1776273671.131,71.131,0.35,342.6,0.34,72.5,0.37,10.0,0.38,10.0,0.64,32.0,0.63,36.0,0.66,142.73,0.67,102.56,0.02,0.02,2343.00103,1776273669000
1776273671.483,71.483,0.39,176.5,0.38,46.5,0.4,6.4,0.41,20.0,0.6,4.9,0.59,10.0,0.61,20.5,0.62,23.5,0.01,0.01,2342.964734,1776273670000
1776273671.69,71.69,0.39,184.5,0.38,38.5,0.4,17.27,0.41,20.0,0.6,2.4,0.59,20.0,0.61,184.5,0.62,38.5,0.01,0.01,2342.964734,1776273670000
1776273671.999,71.999,0.39,204.33,0.38,38.5,0.41,10.0,0.42,20.5,0.6,2.4,0.59,20.0,0.61,174.33,0.62,48.5,0.02,0.01,2342.964734,1776273670000
1776273672.911,72.911,0.32,32.9,0.31,127.0,0.33,62.0,0.34,16.0,0.59,10.0,0.58,20.5,0.61,204.33,0.62,38.5,0.01,0.02,2343.016236,1776273671000
1776273673.146,73.146,0.3,25.0,0.29,65.0,0.33,138.5,0.34,86.5,0.67,62.0,0.66,16.0,0.68,32.9,0.69,127.0,0.03,0.01,2343.016236,1776273671000
1776273673.835,73.835,0.29,20.0,0.28,184.0,0.3,16.66,0.31,32.5,0.67,138.5,0.66,86.5,0.7,25.0,0.71,65.0,0.01,0.03,2343.0885,1776273672000
1776273674.333,74.333,0.29,125.0,0.28,80.0,0.31,21.0,0.32,37.5,0.7,16.66,0.69,32.5,0.71,20.0,0.72,184.0,0.02,0.01,2343.0885,1776273672000
1776273674.647,74.647,0.29,132.95,0.28,85.0,0.3,10.0,0.31,31.5,0.7,10.0,0.69,21.0,0.71,137.18,0.72,80.0,0.01,0.01,2343.231148,1776273673000
1776273674.999,74.999,0.29,120.54,0.28,102.0,0.3,40.0,0.31,31.5,0.7,10.0,0.69,31.5,0.71,131.54,0.72,85.0,0.01,0.01,2343.231148,1776273673000
1776273676.337,76.337,0.22,55.0,0.21,125.0,0.25,11.36,0.26,52.0,0.7,40.0,0.69,31.5,0.71,120.54,0.72,102.0,0.03,0.01,2342.83073,1776273674000
1776273676.573,76.573,0.22,110.0,0.21,125.0,0.23,178.5,0.24,120.5,0.75,11.36,0.74,52.0,0.78,55.0,0.79,125.0,0.01,0.03,2342.83073,1776273674000
1776273677.239,77.239,0.21,67.08,0.2,240.0,0.22,59.5,0.23,159.03,0.77,178.5,0.76,120.5,0.78,110.0,0.79,125.0,0.01,0.01,2342.69922,1776273675000
1776273677.969,77.969,0.15,2.73,0.14,64.0,0.17,17.0,0.18,60.0,0.78,54.5,0.77,159.03,0.79,36.23,0.8,240.0,0.02,0.01,2342.624905,1776273676000
1776273678.203,78.203,0.13,38.38,0.12,72.19,0.14,10.81,0.15,10.0,0.86,23.0,0.85,10.0,0.87,38.38,0.88,72.19,0.01,0.01,2342.624905,1776273676000
1776273678.573,78.573,0.12,144.48,0.11,244.22,0.13,18.0,0.14,10.81,0.87,10.0,0.86,10.81,0.88,25.57,0.89,96.79,0.01,0.01,2342.624905,1776273676000
1776273678.797,78.797,0.13,15.5,0.12,136.48,0.15,10.0,0.16,18.0,0.85,10.0,0.84,18.0,0.88,149.48,0.89,269.22,0.02,0.03,2342.624905,1776273676000
1776273679.151,79.151,0.16,40.0,0.15,236.27,0.17,10.0,0.18,31.53,0.85,10.0,0.84,18.0,0.87,15.5,0.88,136.48,0.01,0.02,2341.982841,1776273677000
1776273679.396,79.396,0.18,5.0,0.17,15.0,0.2,10.0,0.21,10.0,0.81,7.36,0.8,10.0,0.84,155.81,0.85,107.23,0.02,0.03,2341.982841,1776273677000
1776273679.626,79.626,0.18,213.61,0.17,76.94,0.21,9.7,0.22,37.5,0.81,4.3,0.8,6.4,0.82,173.61,0.83,14.94,0.03,0.01,2341.982841,1776273677000
1776273679.901,79.901,0.19,183.51,0.18,78.0,0.2,13.0,0.21,10.0,0.78,26.2,0.77,35.0,0.82,213.61,0.83,66.94,0.01,0.04,2341.982841,1776273677000
1776273680.266,80.266,0.2,24.0,0.19,89.56,0.21,4.7,0.23,25.0,0.8,10.0,0.79,10.0,0.81,228.07,0.82,86.61,0.01,0.01,2341.531312,1776273678000
1776273680.472,80.472,0.21,50.0,0.2,45.05,0.22,3.86,0.23,10.0,0.79,4.7,0.77,25.0,0.8,24.0,0.81,89.56,0.01,0.01,2341.531312,1776273678000
1776273681.101,81.101,0.23,37.96,0.22,10.0,0.24,5.83,0.25,0.37,0.75,0.37,0.74,22.0,0.77,5.0,0.78,5.0,0.01,0.02,2341.289776,1776273679000
1776273681.333,81.333,0.23,41.66,0.22,10.0,0.24,6.66,0.25,0.37,0.76,5.83,0.75,0.37,0.77,36.66,0.78,10.0,0.01,0.01,2341.289776,1776273679000
1776273681.729,81.729,0.23,27.96,0.21,8.73,0.24,18.16,0.25,26.9,0.76,14.66,0.75,0.37,0.77,46.66,0.78,5.0,0.01,0.01,2341.589579,1776273680000
1776273682.131,82.131,0.21,12.65,0.2,44.78,0.22,42.49,0.23,20.5,0.76,21.91,0.75,5.37,0.79,8.73,0.8,24.78,0.01,0.03,2341.589579,1776273680000
1776273682.449,82.449,0.21,155.61,0.2,80.33,0.22,10.0,0.23,25.0,0.78,42.49,0.77,20.5,0.79,12.65,0.8,44.78,0.01,0.01,2341.589579,1776273680000
1776273683.269,83.269,0.24,222.77,0.23,108.17,0.25,25.0,0.26,15.46,0.76,17.45,0.75,121.0,0.77,16.67,0.78,35.85,0.01,0.01,2341.806337,1776273682000
1776273683.516,83.516,0.26,10.0,0.25,190.5,0.27,0.83,0.28,100.0,0.75,25.0,0.74,15.46,0.76,222.77,0.77,108.17,0.01,0.01,2341.806337,1776273682000
1776273686.396,86.396,0.22,145.0,0.21,155.5,0.24,10.0,0.25,50.0,0.72,120.5,0.71,51.46,0.73,4.72,0.74,50.0,0.02,0.01,2342.0123,1776273684000
1776273686.736,86.736,0.22,160.5,0.21,150.5,0.25,83.91,0.26,46.5,0.76,10.0,0.75,50.0,0.78,145.0,0.79,155.5,0.03,0.02,2342.13593,1776273685000
1776273687.287,87.287,0.23,25.0,0.22,130.0,0.24,21.33,0.25,76.91,0.75,83.91,0.74,46.5,0.78,160.5,0.79,150.5,0.01,0.03,2342.13593,1776273685000
1776273687.864,87.864,0.2,20.61,0.19,135.0,0.22,126.5,0.23,58.5,0.76,69.37,0.75,50.91,0.77,20.0,0.78,10.0,0.02,0.01,2342.113506,1776273686000
1776273688.275,88.275,0.2,135.66,0.19,25.31,0.21,86.15,0.22,104.5,0.78,126.5,0.77,58.5,0.8,20.61,0.81,135.0,0.01,0.02,2342.113506,1776273686000
1776273689.815,89.815,0.26,58.64,0.25,20.5,0.27,10.0,0.29,70.0,0.79,86.15,0.78,104.5,0.8,135.66,0.81,25.31,0.01,0.01,2341.912704,1776273687000
1776273692.917,92.917,0.27,178.21,0.26,131.5,0.28,10.0,0.29,65.0,0.66,33.0,0.65,77.0,0.72,5.0,0.73,20.5,0.01,0.06,2342.290378,1776273691000
1776273694.126,94.126,0.28,206.5,0.27,84.21,0.3,25.07,0.31,55.5,0.72,10.0,0.71,65.0,0.73,178.21,0.74,131.5,0.02,0.01,2342.151956,1776273692000
1776273694.686,94.686,0.29,185.5,0.28,70.5,0.3,21.73,0.31,50.0,0.7,25.07,0.69,55.5,0.72,206.5,0.73,84.21,0.01,0.02,2342.299473,1776273693000
1776273694.902,94.902,0.29,185.5,0.28,70.5,0.3,15.03,0.31,55.0,0.7,21.73,0.69,50.0,0.71,185.5,0.72,70.5,0.01,0.01,2342.299473,1776273693000
1776273695.454,95.454,0.29,188.58,0.28,81.5,0.3,5.03,0.31,45.0,0.7,15.03,0.69,55.0,0.71,185.5,0.72,70.5,0.01,0.01,2342.353364,1776273694000
1776273696.011,96.011,0.29,223.58,0.28,81.5,0.32,70.0,0.33,40.6,0.7,5.03,0.69,45.0,0.71,188.58,0.72,81.5,0.03,0.01,2342.353364,1776273694000
1776273696.704,96.704,0.32,75.5,0.31,279.5,0.33,17.66,0.34,27.0,0.68,70.0,0.67,40.6,0.71,223.58,0.72,81.5,0.01,0.03,2342.353364,1776273694000
1776273697.041,97.041,0.33,245.5,0.32,79.5,0.36,20.0,0.38,130.0,0.66,27.0,0.65,100.0,0.68,75.5,0.69,269.5,0.03,0.02,2342.353364,1776273694000
1776273697.817,97.817,0.38,11.77,0.37,76.5,0.39,215.5,0.4,120.26,0.62,125.0,0.61,65.5,0.63,20.5,0.64,70.5,0.01,0.01,2342.41038,1776273696000
1776273698.078,98.078,0.38,10.15,0.37,61.5,0.39,85.0,0.4,120.76,0.61,215.5,0.6,120.26,0.62,11.77,0.63,76.5,0.01,0.01,2342.41038,1776273696000
1776273701.52,101.52,0.38,40.65,0.37,56.5,0.39,91.33,0.4,29.0,0.61,85.0,0.6,120.76,0.62,10.15,0.63,61.5,0.01,0.01,2343.075278,1776273700000
1776273702.035,102.035,0.38,49.76,0.37,171.5,0.39,35.0,0.4,31.0,0.61,81.33,0.6,29.0,0.62,30.65,0.63,56.5,0.01,0.01,2343.075278,1776273700000
1776273702.31,102.31,0.38,40.67,0.37,171.5,0.39,39.76,0.4,31.0,0.61,35.0,0.6,31.0,0.62,49.76,0.63,171.5,0.01,0.01,2343.122322,1776273701000
1776273703.515,103.515,0.38,180.1,0.37,66.5,0.39,17.19,0.4,31.0,0.61,39.76,0.6,31.0,0.62,36.58,0.63,171.5,0.01,0.01,2343.180843,1776273702000
1776273703.866,103.866,0.39,23.86,0.38,100.1,0.4,10.0,0.41,80.0,0.61,17.19,0.6,31.0,0.62,180.1,0.63,66.5,0.01,0.01,2343.180843,1776273702000
1776273704.708,104.708,0.43,302.5,0.42,59.5,0.45,50.0,0.46,132.0,0.6,10.0,0.59,80.0,0.61,23.86,0.62,100.1,0.02,0.01,2343.195118,1776273703000
1776273705.009,105.009,0.45,15.0,0.44,170.5,0.46,145.73,0.47,87.5,0.54,132.0,0.53,97.5,0.56,25.5,0.57,307.5,0.01,0.02,2343.195118,1776273704000
1776273705.262,105.262,0.45,15.0,0.44,50.5,0.46,149.23,0.47,244.34,0.54,145.73,0.53,87.5,0.55,15.0,0.56,170.5,0.01,0.01,2343.195118,1776273704000
1776273706.636,106.636,0.45,40.0,0.44,170.5,0.46,144.23,0.47,249.34,0.54,149.23,0.53,244.34,0.55,15.0,0.56,50.5,0.01,0.01,2343.394961,1776273705000
1776273707.313,107.313,0.45,25.35,0.44,55.5,0.46,15.0,0.47,376.34,0.54,144.23,0.53,249.34,0.55,22.39,0.56,55.5,0.01,0.01,2343.546346,1776273706000
1776273707.535,107.535,0.45,13.0,0.44,55.5,0.46,49.03,0.47,92.5,0.54,5.0,0.53,376.34,0.55,23.31,0.56,55.5,0.01,0.01,2343.546346,1776273706000
1776273708.757,108.757,0.45,4.78,0.44,55.5,0.46,262.5,0.47,142.9,0.54,49.03,0.53,92.5,0.55,13.0,0.56,55.5,0.01,0.01,2343.536788,1776273707000
1776273709.443,109.443,0.44,55.5,0.43,307.5,0.46,267.5,0.47,148.35,0.54,262.5,0.53,142.9,0.55,4.78,0.56,55.5,0.02,0.01,2343.550049,1776273708000
1776273710.259,110.259,0.46,65.0,0.45,277.5,0.47,21.4,0.48,353.49,0.54,266.41,0.53,148.35,0.56,55.5,0.57,312.5,0.01,0.02,2343.55795,1776273709000
1776273710.724,110.724,0.46,75.5,0.45,287.5,0.47,24.7,0.48,447.99,0.53,21.4,0.52,353.49,0.54,65.0,0.55,277.5,0.01,0.01,2343.55795,1776273709000
1776273711.151,111.151,0.48,7.84,0.47,65.5,0.5,56.0,0.51,130.45,0.53,24.7,0.52,447.99,0.54,75.5,0.55,287.5,0.02,0.01,2343.574768,1776273710000
1776273711.553,111.553,0.51,15.0,0.5,25.5,0.52,194.0,0.53,140.0,0.49,12.0,0.48,144.45,0.51,25.5,0.52,28.34,0.01,0.02,2343.574768,1776273710000
1776273711.878,111.878,0.5,10.0,0.49,31.0,0.51,137.0,0.52,99.0,0.48,189.0,0.47,175.0,0.49,9.0,0.5,15.0,0.01,0.01,2343.574768,1776273710000
1776273712.222,112.222,0.49,19.49,0.48,21.0,0.5,228.0,0.51,158.0,0.49,197.0,0.48,119.5,0.51,24.49,0.52,10.0,0.01,0.02,2343.609317,1776273711000
1776273712.801,112.801,0.49,9.49,0.48,43.0,0.5,428.5,0.51,184.5,0.5,228.0,0.49,158.0,0.51,19.49,0.52,21.0,0.01,0.01,2343.609317,1776273711000
1776273714.597,114.597,0.41,85.5,0.4,66.5,0.42,14.61,0.43,14.0,0.52,123.39,0.51,132.5,0.53,10.0,0.54,35.0,0.01,0.01,2343.78702,1776273712000
1776273714.912,114.912,0.42,50.5,0.41,223.5,0.45,5.0,0.46,220.0,0.58,14.61,0.57,14.0,0.59,85.5,0.6,66.5,0.03,0.01,2343.78702,1776273712000
1776273715.648,115.648,0.46,20.5,0.45,322.5,0.47,1.0,0.49,110.0,0.55,5.0,0.54,220.0,0.58,50.5,0.59,223.5,0.01,0.03,2343.661994,1776273713000
1776273716.069,116.069,0.47,60.5,0.46,203.5,0.49,105.0,0.5,165.0,0.53,1.0,0.51,110.0,0.54,20.5,0.55,322.5,0.02,0.01,2343.6189,1776273714000
1776273716.367,116.367,0.48,80.5,0.47,302.5,0.49,2.06,0.5,65.0,0.51,19.48,0.5,165.0,0.52,10.0,0.53,75.5,0.01,0.01,2343.460248,1776273715000
1776273717.654,117.654,0.48,51.15,0.47,155.0,0.49,83.39,0.5,203.5,0.51,2.06,0.5,65.0,0.52,80.5,0.53,302.5,0.01,0.01,2343.381294,1776273716000
1776273717.922,117.922,0.47,140.5,0.46,135.5,0.49,339.34,0.5,86.5,0.51,313.34,0.5,96.5,0.52,44.07,0.53,155.0,0.02,0.01,2343.381294,1776273716000
1776273718.638,118.638,0.48,6.01,0.47,255.7,0.49,136.01,0.5,148.97,0.51,196.84,0.5,86.5,0.53,210.7,0.54,255.5,0.01,0.02,2343.671398,1776273717000
1776273719.142,119.142,0.48,1.01,0.47,255.7,0.49,141.01,0.5,158.97,0.51,136.01,0.5,148.97,0.52,6.01,0.53,255.7,0.01,0.01,2343.671398,1776273717000
1776273719.899,119.899,0.48,437.51,0.47,136.7,0.5,50.0,0.51,20.0,0.51,141.01,0.5,158.97,0.52,1.01,0.53,255.7,0.02,0.01,2343.679825,1776273718000
1776273720.298,120.298,0.5,83.4,0.49,260.5,0.51,20.0,0.52,20.0,0.5,50.0,0.49,20.0,0.52,437.51,0.53,136.7,0.01,0.02,2343.681755,1776273719000
1776273721.664,121.664,0.5,7.9,0.49,5.0,0.51,257.27,0.52,81.5,0.49,20.0,0.48,20.0,0.5,83.4,0.51,260.5,0.01,0.01,2343.708496,1776273720000
1776273722.711,122.711,0.49,304.67,0.48,40.5,0.5,6.0,0.51,57.77,0.5,263.0,0.49,83.27,0.52,30.5,0.53,103.7,0.01,0.02,2343.837144,1776273721000
1776273723.191,123.191,0.5,20.5,0.49,132.67,0.51,51.77,0.52,148.0,0.5,6.0,0.49,57.77,0.51,304.67,0.52,40.5,0.01,0.01,2343.837144,1776273721000
1776273724.849,124.849,0.48,10.0,0.47,78.2,0.49,50.8,0.5,107.5,0.49,51.77,0.48,148.0,0.5,20.5,0.51,132.67,0.01,0.01,2343.820734,1776273723000
1776273725.162,125.162,0.47,88.2,0.46,130.5,0.48,13.41,0.49,45.8,0.52,20.91,0.51,50.8,0.53,83.2,0.54,130.5,0.01,0.01,2343.820734,1776273723000
1776273725.652,125.652,0.47,215.2,0.46,255.5,0.48,17.3,0.49,160.8,0.52,13.41,0.51,45.8,0.53,88.2,0.54,130.5,0.01,0.01,2343.820761,1776273724000
1776273725.974,125.974,0.47,84.03,0.46,140.5,0.48,2.5,0.49,45.8,0.52,17.3,0.51,45.8,0.53,79.03,0.54,255.5,0.01,0.01,2343.820761,1776273724000
1776273728.971,128.971,0.48,5.62,0.47,221.53,0.49,132.0,0.5,160.5,0.52,2.5,0.51,45.8,0.53,84.03,0.54,140.5,0.01,0.01,2343.74447,1776273727000
1776273731.392,131.392,0.47,78.03,0.46,265.5,0.48,144.0,0.49,144.0,0.51,132.0,0.5,160.5,0.52,5.62,0.53,221.53,0.01,0.01,2343.733642,1776273730000
1776273734.303,134.303,0.47,83.53,0.46,153.5,0.48,147.91,0.49,155.0,0.52,144.0,0.51,144.0,0.53,78.03,0.54,265.5,0.01,0.01,2343.729709,1776273733000
1776273737.344,137.344,0.47,27.78,0.46,40.5,0.49,170.0,0.5,48.0,0.52,147.91,0.51,155.0,0.53,83.53,0.54,153.5,0.02,0.01,2343.756176,1776273736000
1776273738.336,138.336,0.48,10.0,0.47,33.28,0.49,168.45,0.5,58.5,0.51,170.0,0.5,48.0,0.53,27.78,0.54,40.5,0.01,0.02,2343.798646,1776273737000
1776273739.404,139.404,0.48,15.88,0.47,150.28,0.49,150.0,0.5,58.5,0.51,173.45,0.5,58.5,0.52,8.05,0.53,33.28,0.01,0.01,2343.746635,1776273738000
1776273740.251,140.251,0.48,5.88,0.47,155.28,0.49,155.0,0.5,58.5,0.51,150.0,0.5,58.5,0.52,15.88,0.53,150.28,0.01,0.01,2343.746635,1776273738000
1776273741.98,141.98,0.39,87.82,0.38,113.52,0.41,16.0,0.42,209.5,0.51,155.0,0.5,58.5,0.52,5.88,0.53,155.28,0.02,0.01,2343.741184,1776273740000
1776273742.254,142.254,0.39,87.82,0.38,113.52,0.4,8.3,0.41,10.0,0.59,16.0,0.58,209.5,0.61,87.82,0.62,113.52,0.01,0.02,2343.741184,1776273740000
1776273742.564,142.564,0.39,12.82,0.38,118.52,0.4,67.23,0.41,28.5,0.6,8.3,0.59,10.0,0.61,87.82,0.62,113.52,0.01,0.01,2343.728738,1776273741000
1776273743.052,143.052,0.39,52.32,0.38,366.02,0.4,34.53,0.41,35.5,0.6,94.23,0.59,68.5,0.61,1.82,0.62,118.52,0.01,0.01,2343.728738,1776273741000
1776273743.396,143.396,0.39,26.82,0.38,235.52,0.4,20.6,0.41,150.5,0.6,2.6,0.59,35.5,0.61,52.32,0.62,366.02,0.01,0.01,2343.453534,1776273742000
1776273744.618,144.618,0.39,47.32,0.38,366.02,0.4,5.0,0.41,155.5,0.6,25.18,0.59,150.5,0.61,21.82,0.62,240.52,0.01,0.01,2343.453534,1776273742000
1776273745.129,145.129,0.38,123.52,0.37,58.0,0.4,169.5,0.41,35.5,0.6,5.0,0.59,155.5,0.61,42.32,0.62,366.02,0.02,0.01,2343.262642,1776273743000
1776273745.536,145.536,0.38,40.29,0.37,68.0,0.39,296.5,0.4,39.5,0.6,169.5,0.59,35.5,0.62,123.52,0.63,58.0,0.01,0.02,2343.262642,1776273744000
1776273746.132,146.132,0.37,68.0,0.36,56.14,0.39,184.5,0.4,44.5,0.61,296.5,0.6,39.5,0.62,40.29,0.63,68.0,0.02,0.01,2343.262642,1776273744000
1776273746.8,146.8,0.35,5.0,0.34,91.18,0.37,434.5,0.38,86.5,0.61,184.5,0.6,44.5,0.63,68.0,0.64,56.14,0.02,0.02,2343.258525,1776273745000
1776273747.434,147.434,0.33,35.0,0.32,293.0,0.35,488.18,0.36,68.5,0.64,15.0,0.63,234.5,0.66,91.18,0.67,85.0,0.02,0.02,2343.25858,1776273746000
1776273749.157,149.157,0.32,422.0,0.31,65.5,0.34,40.5,0.35,177.92,0.65,488.18,0.64,68.5,0.67,35.0,0.68,293.0,0.02,0.02,2343.169293,1776273747000
1776273750.3,150.3,0.32,93.0,0.31,177.0,0.33,236.52,0.34,38.35,0.66,188.35,0.65,177.92,0.68,422.0,0.69,65.5,0.01,0.02,2342.960399,1776273749000
1776273751.088,151.088,0.32,207.5,0.31,187.5,0.33,4.0,0.34,4.85,0.67,236.52,0.66,38.35,0.68,93.0,0.69,177.0,0.01,0.01,2342.960399,1776273749000
1776273751.483,151.483,0.36,33.93,0.35,151.5,0.37,69.53,0.38,15.0,0.67,15.0,0.66,4.85,0.68,209.55,0.69,187.5,0.01,0.01,2342.956777,1776273750000
1776273752.314,152.314,0.36,89.92,0.35,39.5,0.37,2.0,0.38,58.46,0.63,69.53,0.62,15.0,0.64,29.92,0.65,151.5,0.01,0.01,2342.956777,1776273750000
1776273753.091,153.091,0.37,52.41,0.36,160.92,0.38,130.0,0.39,192.98,0.62,58.46,0.61,31.5,0.64,122.92,0.65,39.5,0.01,0.02,2342.961832,1776273752000
1776273753.492,153.492,0.36,24.0,0.35,20.0,0.38,202.5,0.39,92.98,0.62,130.0,0.61,192.98,0.63,52.41,0.64,160.92,0.02,0.01,2342.961832,1776273752000
1776273753.855,153.855,0.32,26.55,0.31,40.0,0.33,6.0,0.36,133.5,0.62,202.5,0.61,92.98,0.64,24.0,0.65,20.0,0.01,0.02,2342.961832,1776273752000
1776273754.296,154.296,0.33,223.0,0.32,207.55,0.35,15.0,0.36,15.0,0.67,6.0,0.64,133.5,0.68,26.55,0.69,40.0,0.02,0.01,2343.075252,1776273753000
1776273754.655,154.655,0.34,252.5,0.33,192.5,0.36,15.0,0.37,15.0,0.65,15.0,0.64,15.0,0.67,223.0,0.68,207.55,0.02,0.02,2343.075252,1776273753000
1776273754.907,154.907,0.36,99.5,0.35,287.5,0.37,4.2,0.38,21.0,0.63,15.0,0.62,21.0,0.66,247.5,0.67,192.5,0.01,0.03,2343.075252,1776273753000
1776273755.214,155.214,0.38,30.0,0.37,165.5,0.39,54.78,0.4,137.5,0.63,4.2,0.62,21.0,0.64,99.5,0.65,287.5,0.01,0.01,2343.170099,1776273754000
1776273755.55,155.55,0.38,52.0,0.37,277.5,0.39,54.68,0.4,262.5,0.61,49.78,0.6,262.5,0.62,52.0,0.63,165.5,0.01,0.01,2343.170099,1776273754000
1776273756.065,156.065,0.38,47.0,0.37,287.5,0.39,89.55,0.4,262.5,0.61,54.68,0.6,262.5,0.62,52.0,0.63,277.5,0.01,0.01,2343.170099,1776273754000
1776273756.424,156.424,0.38,47.0,0.37,292.5,0.39,83.85,0.4,262.5,0.61,89.55,0.6,262.5,0.62,47.0,0.63,287.5,0.01,0.01,2343.120752,1776273755000
1776273756.704,156.704,0.38,47.0,0.37,282.5,0.39,85.22,0.4,252.5,0.61,83.85,0.6,262.5,0.62,47.0,0.63,292.5,0.01,0.01,2343.120752,1776273755000
1776273757.032,157.032,0.38,21.91,0.37,292.5,0.39,84.62,0.4,252.5,0.61,79.62,0.6,252.5,0.62,30.24,0.63,292.5,0.01,0.01,2343.120752,1776273755000
1776273757.416,157.416,0.38,19.91,0.37,282.5,0.39,90.12,0.4,262.5,0.61,84.62,0.6,252.5,0.62,21.91,0.63,292.5,0.01,0.01,2343.188878,1776273756000
1776273758.124,158.124,0.38,288.41,0.37,60.5,0.39,62.66,0.41,30.5,0.61,90.12,0.6,262.5,0.62,19.91,0.63,282.5,0.01,0.01,2343.188878,1776273757000
1776273758.341,158.341,0.38,193.41,0.37,170.5,0.4,63.52,0.41,40.5,0.61,62.66,0.59,30.5,0.62,288.41,0.63,60.5,0.02,0.01,2343.188878,1776273757000
1776273760.026,160.026,0.36,20.0,0.35,19.0,0.38,10.0,0.39,409.23,0.6,71.62,0.59,45.5,0.62,50.91,0.63,45.5,0.02,0.02,2343.188034,1776273758000
1776273761.151,161.151,0.33,20.0,0.32,196.55,0.34,59.0,0.35,154.5,0.62,10.0,0.61,409.23,0.64,20.0,0.65,19.0,0.01,0.02,2343.262241,1776273760000
1776273761.617,161.617,0.37,142.0,0.36,23.0,0.4,25.5,0.41,50.0,0.66,59.0,0.65,154.5,0.67,20.0,0.68,196.55,0.03,0.01,2343.262241,1776273760000
1776273763.373,163.373,0.31,8.13,0.3,100.0,0.32,274.5,0.33,15.0,0.6,25.5,0.59,50.0,0.63,142.0,0.64,23.0,0.01,0.03,2343.171443,1776273762000
1776273764.088,164.088,0.25,91.33,0.24,35.0,0.27,175.0,0.28,45.5,0.68,285.5,0.67,15.0,0.7,50.0,0.71,85.0,0.02,0.02,2343.171443,1776273762000
1776273764.873,164.873,0.25,240.63,0.24,50.5,0.26,10.0,0.27,30.0,0.73,175.0,0.72,45.5,0.75,91.33,0.76,35.0,0.01,0.02,2343.231801,1776273763000
1776273765.208,165.208,0.25,238.96,0.24,55.5,0.26,10.0,0.27,112.67,0.74,10.0,0.73,30.0,0.75,240.63,0.76,50.5,0.01,0.01,2342.838152,1776273764000
1776273765.871,165.871,0.25,243.22,0.24,55.5,0.26,10.0,0.27,92.17,0.74,10.0,0.73,92.17,0.75,266.22,0.76,55.5,0.01,0.01,2342.838152,1776273764000
1776273767.787,167.787,0.25,181.5,0.24,190.5,0.26,39.6,0.27,82.17,0.74,10.0,0.73,82.17,0.75,238.22,0.76,55.5,0.01,0.01,2342.704784,1776273766000
1776273768.398,168.398,0.25,166.0,0.24,73.5,0.26,40.89,0.27,209.67,0.74,39.6,0.73,82.17,0.75,181.5,0.76,190.5,0.01,0.01,2342.706238,1776273767000
1776273768.716,168.716,0.25,96.8,0.24,61.5,0.26,60.89,0.27,234.67,0.74,40.89,0.73,209.67,0.75,166.0,0.76,73.5,0.01,0.01,2342.706238,1776273767000
1776273770.832,170.832,0.24,160.0,0.23,100.37,0.25,34.2,0.26,163.39,0.74,60.89,0.73,234.67,0.75,96.8,0.76,61.5,0.01,0.01,2342.687914,1776273769000
1776273771.148,171.148,0.24,140.0,0.23,100.37,0.25,24.3,0.26,163.39,0.75,34.2,0.74,163.39,0.76,160.0,0.77,100.37,0.01,0.01,2342.687914,1776273769000
1776273771.483,171.483,0.24,135.0,0.23,100.37,0.25,16.81,0.26,163.39,0.75,22.41,0.74,163.39,0.76,140.0,0.77,100.37,0.01,0.01,2342.633447,1776273770000
1776273772.004,172.004,0.24,135.0,0.23,100.37,0.25,118.71,0.26,163.39,0.75,16.81,0.74,163.39,0.76,135.0,0.77,100.37,0.01,0.01,2342.633447,1776273770000
1776273772.228,172.228,0.24,116.31,0.23,100.37,0.25,250.71,0.26,46.39,0.75,240.71,0.74,46.39,0.76,119.0,0.77,100.37,0.01,0.01,2342.633447,1776273770000
1776273772.652,172.652,0.24,116.31,0.23,89.87,0.25,232.21,0.26,109.61,0.75,245.01,0.74,46.39,0.76,116.31,0.77,100.37,0.01,0.01,2342.633447,1776273770000
1776273772.939,172.939,0.22,1.69,0.21,22.0,0.24,437.5,0.25,146.5,0.75,232.21,0.74,109.61,0.76,116.31,0.77,89.87,0.02,0.01,2342.633447,1776273770000
1776273773.319,173.319,0.19,55.0,0.18,145.0,0.21,20.5,0.22,380.81,0.78,5.31,0.77,144.5,0.79,10.0,0.8,38.78,0.02,0.01,2342.581231,1776273771000
1776273773.582,173.582,0.19,55.0,0.18,145.0,0.2,129.4,0.21,40.5,0.79,20.5,0.78,380.81,0.81,55.0,0.82,145.0,0.01,0.02,2342.584286,1776273772000
1776273775.548,175.548,0.18,135.61,0.17,177.5,0.19,85.54,0.2,78.4,0.8,129.4,0.79,40.5,0.81,55.0,0.82,145.0,0.01,0.01,2342.581079,1776273773000
1776273777.502,177.502,0.17,286.44,0.16,286.32,0.18,32.0,0.19,10.0,0.81,85.54,0.8,78.4,0.82,135.61,0.83,177.5,0.01,0.01,2342.271715,1776273776000
1776273777.948,177.948,0.17,291.44,0.16,286.32,0.18,19.88,0.19,10.0,0.82,2.0,0.81,10.0,0.83,286.44,0.84,286.32,0.01,0.01,2342.271715,1776273776000
1776273778.298,178.298,0.19,15.5,0.18,25.5,0.2,12.5,0.21,15.0,0.82,19.88,0.81,10.0,0.83,291.44,0.84,286.32,0.01,0.01,2342.267114,1776273777000
1776273779.63,179.63,0.21,359.5,0.2,61.5,0.25,25.13,0.26,6.57,0.78,8.9,0.77,20.5,0.81,38.5,0.82,142.5,0.04,0.03,2342.277401,1776273778000
1776273780.619,180.619,0.24,6.0,0.23,5.0,0.25,193.63,0.26,33.07,0.75,25.13,0.74,6.57,0.79,359.5,0.8,61.5,0.01,0.04,2342.457133,1776273779000
1776273780.83,180.83,0.24,5.0,0.23,5.0,0.25,298.63,0.26,33.07,0.75,193.63,0.74,33.07,0.76,6.0,0.77,5.0,0.01,0.01,2342.457133,1776273779000
1776273781.047,181.047,0.24,2.37,0.23,5.0,0.25,303.63,0.26,33.07,0.75,298.63,0.74,33.07,0.76,5.0,0.77,5.0,0.01,0.01,2342.522234,1776273780000
1776273781.917,181.917,0.16,188.23,0.15,120.0,0.17,207.5,0.18,35.5,0.75,303.63,0.74,33.07,0.76,2.37,0.77,5.0,0.01,0.01,2342.522234,1776273780000
1776273782.634,182.634,0.16,113.23,0.15,105.0,0.17,91.52,0.18,55.5,0.83,41.02,0.82,145.5,0.84,183.23,0.85,115.0,0.01,0.01,2342.515641,1776273781000
1776273782.926,182.926,0.16,35.8,0.15,105.0,0.17,142.52,0.18,60.5,0.83,91.52,0.82,55.5,0.84,113.23,0.85,105.0,0.01,0.01,2342.515641,1776273781000
1776273784.023,184.023,0.16,10.8,0.15,45.0,0.17,482.15,0.18,84.5,0.83,115.7,0.82,60.5,0.84,35.8,0.85,105.0,0.01,0.01,2342.3774,1776273782000
1776273784.47,184.47,0.16,376.61,0.15,31.5,0.17,111.34,0.2,34.5,0.83,482.15,0.82,84.5,0.84,10.8,0.85,45.0,0.01,0.01,2342.16859,1776273783000
1776273784.715,184.715,0.19,40.91,0.18,279.5,0.2,13.3,0.22,10.0,0.8,34.5,0.78,10.0,0.81,27.91,0.82,47.5,0.01,0.01,2342.16859,1776273783000
1776273785.421,185.421,0.23,18.7,0.22,10.0,0.24,375.23,0.25,25.5,0.74,1.57,0.73,85.0,0.79,10.0,0.8,20.5,0.01,0.05,2342.16859,1776273783000
1776273787.418,187.418,0.16,4.43,0.15,10.0,0.17,219.5,0.18,149.09,0.76,375.23,0.75,25.5,0.77,18.7,0.78,10.0,0.01,0.01,2342.371929,1776273786000
1776273787.716,187.716,0.14,265.5,0.13,45.5,0.17,290.5,0.18,136.09,0.83,364.5,0.82,149.09,0.85,7.21,0.86,265.5,0.03,0.02,2342.371929,1776273786000
1776273788.206,188.206,0.16,10.0,0.15,10.0,0.17,277.8,0.18,151.09,0.83,294.1,0.82,167.09,0.84,10.0,0.85,10.0,0.01,0.01,2342.402893,1776273787000
1776273788.52,188.52,0.16,34.0,0.15,142.5,0.17,209.82,0.18,225.0,0.83,277.8,0.82,151.09,0.84,10.0,0.85,10.0,0.01,0.01,2342.402893,1776273787000
1776273789.046,189.046,0.16,144.0,0.15,142.5,0.17,213.42,0.18,125.0,0.83,209.82,0.82,225.0,0.84,34.0,0.85,142.5,0.01,0.01,2342.402893,1776273787000
1776273789.382,189.382,0.16,151.0,0.15,135.5,0.17,212.12,0.18,125.5,0.83,213.42,0.82,125.0,0.84,144.0,0.85,142.5,0.01,0.01,2342.340078,1776273788000
1776273789.697,189.697,0.16,146.0,0.15,135.5,0.17,210.92,0.18,240.5,0.83,212.12,0.82,125.5,0.84,151.0,0.85,135.5,0.01,0.01,2342.340078,1776273788000
1776273790.113,190.113,0.16,275.0,0.15,20.5,0.17,84.9,0.18,208.25,0.83,210.92,0.82,240.5,0.84,146.0,0.85,135.5,0.01,0.01,2342.340078,1776273788000
1776273790.823,190.823,0.16,351.28,0.15,38.5,0.17,10.0,0.18,10.0,0.83,84.9,0.82,208.25,0.84,275.0,0.85,20.5,0.01,0.01,2342.018172,1776273789000
1776273791.776,191.776,0.18,40.46,0.17,20.5,0.19,25.0,0.2,8.0,0.83,10.0,0.82,10.0,0.84,351.28,0.85,38.5,0.01,0.01,2342.035214,1776273790000
1776273793.586,193.586,0.14,255.0,0.13,287.5,0.16,379.5,0.17,98.11,0.81,25.0,0.8,8.0,0.82,40.46,0.83,20.5,0.02,0.01,2342.16782,1776273791000
1776273794.442,194.442,0.14,499.71,0.13,50.5,0.15,16.8,0.16,33.73,0.84,379.5,0.83,98.11,0.86,255.0,0.87,287.5,0.01,0.02,2342.17168,1776273793000
1776273795.64,195.64,0.15,24.31,0.14,272.71,0.16,95.15,0.17,252.0,0.85,16.8,0.84,33.73,0.86,499.71,0.87,50.5,0.01,0.01,2342.099538,1776273794000
1776273796.229,196.229,0.15,24.31,0.14,504.71,0.16,56.42,0.17,284.95,0.84,95.15,0.83,252.0,0.85,24.31,0.86,272.71,0.01,0.01,2342.099538,1776273794000
1776273796.431,196.431,0.15,19.31,0.14,504.71,0.16,56.42,0.17,284.95,0.84,56.42,0.83,284.95,0.85,24.31,0.86,504.71,0.01,0.01,2342.099538,1776273794000
1776273797.48,197.48,0.15,272.48,0.14,272.71,0.16,66.69,0.17,30.0,0.84,56.42,0.83,284.95,0.85,19.31,0.86,504.71,0.01,0.01,2342.084605,1776273796000
1776273798.582,198.582,0.15,302.48,0.14,272.71,0.17,10.0,0.18,5.0,0.84,66.69,0.83,30.0,0.85,272.48,0.86,272.71,0.02,0.01,2342.067984,1776273797000
1776273798.798,198.798,0.17,297.5,0.16,84.5,0.18,5.0,0.19,25.0,0.83,10.0,0.82,5.0,0.85,302.48,0.86,272.71,0.01,0.02,2342.067984,1776273797000
1776273799.586,199.586,0.19,152.61,0.18,142.5,0.2,68.09,0.21,197.0,0.82,5.0,0.81,25.0,0.83,297.5,0.84,84.5,0.01,0.01,2342.117612,1776273798000
1776273800.606,200.606,0.19,128.82,0.18,142.5,0.2,68.09,0.21,202.5,0.8,68.09,0.79,197.0,0.81,157.61,0.82,142.5,0.01,0.01,2342.1637,1776273799000
1776273801.349,201.349,0.17,63.1,0.16,210.5,0.19,10.0,0.2,118.59,0.8,68.09,0.79,202.5,0.81,128.82,0.82,142.5,0.02,0.01,2342.1637,1776273799000
1776273804.322,204.322,0.17,318.5,0.16,100.5,0.18,0.12,0.19,16.0,0.81,10.0,0.8,118.59,0.83,63.1,0.84,210.5,0.01,0.02,2342.398016,1776273803000
1776273804.63,204.63,0.18,145.5,0.17,184.5,0.19,8.42,0.2,51.0,0.81,9.72,0.8,41.0,0.83,318.5,0.84,100.5,0.01,0.02,2342.398016,1776273803000
1776273804.877,204.877,0.18,23.54,0.17,184.5,0.19,49.47,0.2,51.0,0.81,8.42,0.8,51.0,0.82,145.5,0.83,184.5,0.01,0.01,2342.398016,1776273803000
1776273805.39,205.39,0.18,24.42,0.17,299.5,0.19,78.27,0.2,152.5,0.81,48.27,0.8,61.5,0.82,39.04,0.83,184.5,0.01,0.01,2342.398016,1776273803000
1776273805.789,205.789,0.18,15.0,0.17,299.5,0.19,158.01,0.2,152.5,0.81,71.87,0.8,152.5,0.82,15.0,0.83,299.5,0.01,0.01,2342.40541,1776273804000
1776273806.101,206.101,0.18,25.0,0.17,299.5,0.19,141.81,0.2,45.5,0.81,158.01,0.8,152.5,0.82,15.0,0.83,299.5,0.01,0.01,2342.40541,1776273804000
1776273808.127,208.127,0.18,60.11,0.17,82.5,0.19,140.73,0.2,137.0,0.81,141.81,0.8,45.5,0.82,25.0,0.83,299.5,0.01,0.01,2342.430852,1776273807000
1776273808.359,208.359,0.18,313.11,0.17,102.44,0.19,132.73,0.2,20.0,0.81,140.73,0.8,137.0,0.82,60.11,0.83,82.5,0.01,0.01,2342.430852,1776273807000
1776273808.853,208.853,0.18,309.11,0.17,123.44,0.19,60.98,0.2,20.0,0.81,60.98,0.8,20.0,0.82,313.11,0.83,112.44,0.01,0.01,2342.430852,1776273807000
1776273809.481,209.481,0.19,379.81,0.18,23.67,0.21,50.0,0.22,20.0,0.8,20.0,0.79,65.0,0.82,316.67,0.83,123.44,0.02,0.02,2342.439934,1776273808000
1776273809.818,209.818,0.21,259.89,0.2,147.55,0.22,5.0,0.24,10.0,0.78,20.0,0.76,10.0,0.79,173.21,0.8,137.05,0.01,0.01,2342.439934,1776273808000
1776273810.501,210.501,0.25,7.94,0.24,61.5,0.26,15.0,0.27,137.5,0.72,5.0,0.71,15.0,0.79,254.89,0.8,147.55,0.01,0.07,2342.459932,1776273809000
1776273811.01,211.01,0.24,61.23,0.23,34.0,0.26,344.86,0.27,35.5,0.74,15.0,0.73,137.5,0.75,7.94,0.76,61.5,0.02,0.01,2342.459932,1776273809000
1776273811.437,211.437,0.24,53.23,0.23,39.0,0.25,120.06,0.26,242.0,0.74,344.86,0.73,35.5,0.76,61.23,0.77,34.0,0.01,0.02,2342.582429,1776273810000
1776273812.875,212.875,0.24,152.54,0.23,166.0,0.25,105.06,0.26,10.0,0.75,120.06,0.74,242.0,0.76,53.23,0.77,39.0,0.01,0.01,2342.800798,1776273811000
1776273813.194,213.194,0.24,366.54,0.23,56.0,0.28,20.0,0.31,50.0,0.75,105.06,0.74,10.0,0.76,152.54,0.77,166.0,0.04,0.01,2342.832795,1776273812000
1776273813.978,213.978,0.32,128.14,0.31,75.5,0.33,10.0,0.34,60.0,0.72,10.0,0.69,50.0,0.73,67.92,0.74,59.5,0.01,0.01,2342.832795,1776273812000
1776273814.297,214.297,0.33,39.49,0.32,19.0,0.34,10.0,0.35,25.0,0.67,10.0,0.66,60.0,0.68,128.14,0.69,75.5,0.01,0.01,2342.82166,1776273813000
1776273816.669,216.669,0.37,10.23,0.36,25.0,0.38,11.0,0.39,39.0,0.66,10.0,0.65,25.0,0.67,39.49,0.68,19.0,0.01,0.01,2343.268708,1776273815000
1776273817.362,217.362,0.36,260.89,0.35,15.0,0.38,16.0,0.39,236.63,0.62,11.0,0.61,39.0,0.63,10.23,0.64,25.0,0.02,0.01,2343.339437,1776273816000
1776273817.703,217.703,0.37,140.0,0.36,166.89,0.38,8.5,0.39,137.0,0.62,16.0,0.61,236.63,0.64,260.89,0.65,15.0,0.01,0.02,2343.339437,1776273816000
1776273818.334,218.334,0.37,161.5,0.36,49.89,0.39,10.0,0.4,16.0,0.62,8.5,0.61,137.0,0.63,140.0,0.64,166.89,0.02,0.01,2343.339437,1776273816000
1776273818.572,218.572,0.38,33.72,0.37,171.5,0.39,10.0,0.4,16.0,0.61,10.0,0.6,16.0,0.63,161.5,0.64,49.89,0.01,0.02,2343.400941,1776273817000
1776273821.225,221.225,0.3,162.0,0.29,185.5,0.31,64.6,0.32,51.5,0.61,10.0,0.6,16.0,0.62,33.72,0.63,171.5,0.01,0.01,2343.432283,1776273819000
1776273821.537,221.537,0.29,137.5,0.28,140.0,0.31,110.34,0.32,214.5,0.69,64.6,0.68,51.5,0.7,162.0,0.71,185.5,0.02,0.01,2343.441561,1776273820000
1776273821.863,221.863,0.29,257.5,0.28,15.0,0.3,18.8,0.31,33.3,0.69,110.34,0.68,214.5,0.71,137.5,0.72,140.0,0.01,0.02,2343.441561,1776273820000
1776273822.204,222.204,0.29,133.46,0.28,130.0,0.3,18.8,0.31,57.52,0.7,18.8,0.69,33.3,0.71,257.5,0.72,15.0,0.01,0.01,2343.250288,1776273821000
1776273822.436,222.436,0.29,247.0,0.28,35.5,0.3,12.4,0.31,28.3,0.7,18.8,0.69,57.52,0.71,133.46,0.72,130.0,0.01,0.01,2343.250288,1776273821000
1776273823.066,223.066,0.29,257.0,0.28,35.5,0.3,6.1,0.31,28.3,0.7,12.4,0.69,28.3,0.71,247.0,0.72,35.5,0.01,0.01,2343.19773,1776273822000
1776273823.338,223.338,0.29,15.0,0.28,30.5,0.3,34.88,0.31,28.3,0.7,6.1,0.69,28.3,0.71,257.0,0.72,35.5,0.01,0.01,2343.19773,1776273822000
1776273823.634,223.634,0.29,20.0,0.28,145.5,0.3,43.68,0.31,38.8,0.7,34.88,0.69,28.3,0.71,15.0,0.72,30.5,0.01,0.01,2343.19773,1776273822000
1776273826.457,226.457,0.24,28.0,0.2,127.0,0.25,55.0,0.26,35.0,0.7,43.68,0.69,38.8,0.71,20.0,0.72,145.5,0.01,0.01,2343.20576,1776273825000
1776273826.756,226.756,0.2,132.05,0.19,25.0,0.21,39.47,0.22,10.0,0.75,55.0,0.74,35.0,0.76,21.59,0.8,127.0,0.01,0.01,2343.20576,1776273825000
1776273827.561,227.561,0.17,31.0,0.16,9.82,0.18,127.5,0.19,25.0,0.79,39.47,0.78,10.0,0.8,132.05,0.81,25.0,0.01,0.01,2343.074499,1776273826000
1776273828.157,228.157,0.15,122.55,0.14,235.0,0.16,139.0,0.17,36.5,0.82,185.11,0.81,30.0,0.85,117.0,0.86,235.0,0.01,0.03,2343.074499,1776273826000
1776273828.562,228.562,0.15,115.28,0.14,269.0,0.17,5.0,0.18,122.61,0.84,147.75,0.83,46.5,0.85,93.55,0.86,235.0,0.02,0.01,2342.814326,1776273827000
1776273828.763,228.763,0.15,40.73,0.14,245.0,0.16,11.9,0.17,5.0,0.84,11.9,0.83,5.0,0.85,41.73,0.86,250.0,0.01,0.01,2342.814326,1776273827000
1776273829.265,229.265,0.15,43.61,0.14,250.0,0.17,3.74,0.18,10.0,0.84,11.9,0.83,5.0,0.85,33.61,0.86,250.0,0.02,0.01,2342.801994,1776273828000
1776273829.638,229.638,0.16,35.0,0.15,26.73,0.17,3.74,0.18,122.21,0.83,3.74,0.82,10.0,0.85,38.61,0.86,250.0,0.01,0.02,2342.801994,1776273828000
1776273830.27,230.27,0.16,135.0,0.15,74.73,0.18,0.74,0.19,15.0,0.83,3.74,0.82,122.21,0.84,35.0,0.85,26.73,0.02,0.01,2342.487415,1776273829000
1776273831.108,231.108,0.16,36.98,0.15,31.73,0.17,10.0,0.18,20.0,0.82,0.74,0.81,15.0,0.84,128.85,0.85,31.73,0.01,0.02,2342.65666,1776273830000
1776273831.471,231.471,0.16,123.71,0.15,153.73,0.17,111.95,0.18,10.0,0.83,111.95,0.82,20.0,0.84,36.98,0.85,31.73,0.01,0.01,2342.65666,1776273830000
1776273831.674,231.674,0.16,188.71,0.15,36.73,0.17,2.29,0.18,20.0,0.83,106.06,0.82,10.0,0.84,73.71,0.85,153.73,0.01,0.01,2342.65666,1776273830000
1776273832.16,232.16,0.17,13.7,0.16,130.0,0.18,140.92,0.19,40.0,0.83,2.29,0.82,20.0,0.84,188.71,0.85,36.73,0.01,0.01,2342.65666,1776273830000
1776273832.536,232.536,0.17,1.41,0.16,20.0,0.18,15.0,0.19,40.0,0.82,140.92,0.81,40.0,0.83,13.7,0.84,130.0,0.01,0.01,2342.65666,1776273830000
1776273832.867,232.867,0.16,23.32,0.15,31.73,0.18,25.75,0.19,20.0,0.82,15.0,0.81,40.0,0.83,1.41,0.84,20.0,0.02,0.01,2342.704035,1776273831000
1776273833.532,233.532,0.17,60.97,0.16,63.32,0.18,6.75,0.19,5.0,0.82,11.75,0.81,20.0,0.84,18.32,0.85,26.73,0.01,0.02,2342.67642,1776273832000
1776273833.735,233.735,0.22,21.48,0.21,142.0,0.23,0.82,0.24,97.0,0.77,11.0,0.76,97.0,0.78,21.48,0.79,70.0,0.01,0.01,2342.67642,1776273832000
1776273834.264,234.264,0.23,175.5,0.22,20.5,0.25,5.0,0.27,11.0,0.76,97.0,0.73,11.0,0.78,21.48,0.79,122.0,0.02,0.02,2342.661728,1776273833000
1776273834.499,234.499,0.26,60.5,0.25,20.5,0.27,1.0,0.28,85.0,0.75,5.0,0.73,11.0,0.77,175.5,0.78,20.5,0.01,0.02,2342.661728,1776273833000
1776273834.912,234.912,0.26,198.5,0.25,75.5,0.27,11.0,0.28,5.0,0.72,50.0,0.7,21.0,0.74,60.5,0.75,25.5,0.01,0.02,2342.661728,1776273833000
1776273835.376,235.376,0.25,140.0,0.24,10.0,0.29,150.5,0.3,79.5,0.71,10.0,0.7,104.0,0.74,150.39,0.75,75.5,0.04,0.03,2342.936499,1776273834000
1776273835.853,235.853,0.24,5.0,0.23,45.5,0.26,20.0,0.27,20.5,0.71,150.5,0.7,79.5,0.75,140.0,0.76,10.0,0.02,0.04,2342.936499,1776273834000
1776273836.925,236.925,0.21,50.0,0.2,8.0,0.24,138.74,0.25,20.5,0.74,20.0,0.73,20.5,0.77,45.5,0.78,15.0,0.03,0.03,2343.171914,1776273835000
1776273837.218,237.218,0.19,5.14,0.16,60.0,0.24,158.74,0.25,20.5,0.76,143.74,0.75,20.5,0.81,6.5,0.84,60.0,0.05,0.05,2343.220463,1776273836000
1776273839.615,239.615,0.19,5.14,0.18,10.0,0.2,57.34,0.21,33.5,0.77,0.93,0.76,158.74,0.81,5.14,0.84,60.0,0.01,0.04,2342.873289,1776273838000
1776273840.792,240.792,0.19,13.9,0.18,30.0,0.2,53.29,0.21,7.0,0.8,57.34,0.79,33.5,0.81,5.14,0.82,10.0,0.01,0.01,2342.840151,1776273839000
1776273841.026,241.026,0.19,10.4,0.18,20.0,0.2,48.29,0.24,10.0,0.8,53.29,0.79,7.0,0.81,5.4,0.82,30.0,0.01,0.01,2342.840151,1776273839000
1776273841.608,241.608,0.28,7.22,0.22,32.72,0.29,30.0,0.3,68.0,0.76,10.0,0.72,10.0,0.79,31.21,0.81,32.4,0.01,0.03,2342.888053,1776273840000
1776273842.377,242.377,0.29,7.12,0.28,50.4,0.3,55.0,0.31,105.8,0.71,24.74,0.7,50.0,0.72,10.0,0.74,7.22,0.01,0.01,2342.935167,1776273841000
1776273843.04,243.04,0.26,23.14,0.25,10.0,0.32,40.5,0.33,32.6,0.7,55.0,0.69,105.8,0.71,7.12,0.72,50.4,0.06,0.01,2343.103642,1776273842000
1776273843.342,243.342,0.31,70.0,0.3,10.0,0.33,4.0,0.34,16.0,0.68,40.5,0.67,32.6,0.74,23.14,0.75,10.0,0.02,0.06,2343.103642,1776273842000
1776273843.834,243.834,0.42,15.0,0.41,10.0,0.47,75.0,0.48,64.4,0.67,4.0,0.66,16.0,0.69,70.0,0.7,10.0,0.05,0.02,2343.103642,1776273842000
1776273845.006,245.006,0.43,35.17,0.39,6.67,0.47,25.0,0.48,64.4,0.53,80.0,0.52,64.4,0.61,6.67,0.62,10.0,0.04,0.08,2343.332893,1776273843000
1776273846.376,246.376,0.47,5.0,0.46,63.47,0.51,14.17,0.52,70.0,0.51,1.0,0.5,160.0,0.53,3.55,0.56,10.0,0.04,0.02,2343.815015,1776273844000
1776273846.823,246.823,0.46,59.85,0.45,10.0,0.49,5.0,0.51,14.17,0.49,14.17,0.48,70.0,0.53,5.0,0.54,63.47,0.03,0.04,2343.815015,1776273844000
1776273847.328,247.328,0.46,74.85,0.45,10.0,0.51,9.66,0.53,65.0,0.51,5.0,0.49,14.17,0.54,59.85,0.55,10.0,0.05,0.03,2344.080743,1776273845000
1776273847.556,247.556,0.46,74.29,0.45,10.0,0.51,9.66,0.53,50.64,0.49,9.66,0.47,65.0,0.54,74.85,0.55,10.0,0.05,0.05,2344.080743,1776273845000
1776273848.199,248.199,0.51,7.38,0.46,64.29,0.53,25.57,0.54,5.56,0.47,50.64,0.46,35.56,0.49,7.38,0.54,64.29,0.02,0.02,2344.060348,1776273846000
1776273848.498,248.498,0.52,15.0,0.51,17.38,0.53,10.77,0.54,5.56,0.47,25.57,0.46,5.56,0.48,5.0,0.49,7.38,0.01,0.01,2344.060348,1776273846000
1776273849.293,249.293,0.53,35.0,0.52,15.0,0.56,49.11,0.57,30.0,0.46,5.56,0.44,105.0,0.48,25.0,0.49,17.38,0.03,0.02,2344.13609,1776273847000
1776273849.642,249.642,0.53,7.06,0.52,15.0,0.56,70.11,0.57,25.0,0.44,20.11,0.43,30.0,0.45,10.0,0.47,35.0,0.03,0.01,2344.13609,1776273847000
1776273849.899,249.899,0.55,15.0,0.53,17.06,0.56,4.89,0.58,80.0,0.44,34.28,0.42,80.0,0.47,17.06,0.48,15.0,0.01,0.03,2344.130865,1776273848000
1776273850.252,250.252,0.56,15.0,0.55,10.0,0.57,0.2,0.58,35.0,0.44,4.89,0.42,80.0,0.45,15.0,0.47,17.06,0.01,0.01,2344.130865,1776273848000
1776273850.61,250.61,0.57,10.0,0.56,9.65,0.58,22.75,0.59,30.0,0.42,32.75,0.41,30.0,0.43,10.0,0.44,9.65,0.01,0.01,2344.07669,1776273849000
1776273851.397,251.397,0.56,9.65,0.55,10.0,0.58,4.13,0.59,35.0,0.42,4.13,0.41,30.0,0.43,10.0,0.44,9.65,0.02,0.01,2344.111817,1776273850000
1776273851.928,251.928,0.56,10.0,0.55,10.0,0.57,9.2,0.58,5.0,0.43,5.0,0.42,4.13,0.46,10.0,0.47,12.06,0.01,0.03,2344.111817,1776273850000
1776273852.46,252.46,0.57,10.0,0.56,10.0,0.6,150.0,0.61,50.0,0.43,4.2,0.42,5.0,0.44,10.0,0.45,10.0,0.03,0.01,2344.111817,1776273850000
1776273853.03,253.03,0.59,15.0,0.58,15.0,0.61,50.0,0.63,60.0,0.4,150.0,0.39,50.0,0.43,10.0,0.44,10.0,0.02,0.03,2344.109982,1776273851000
1776273854.551,254.551,0.67,1.96,0.62,13.06,0.69,16.86,0.7,20.0,0.39,50.0,0.37,60.0,0.41,15.0,0.42,15.0,0.02,0.02,2344.087685,1776273853000
1776273854.939,254.939,0.66,6.7,0.63,5.0,0.71,50.0,0.72,75.0,0.31,16.86,0.3,20.0,0.33,1.96,0.38,13.06,0.05,0.02,2344.087685,1776273853000
1776273856.219,256.219,0.73,7.0,0.69,10.0,0.75,5.0,0.76,66.86,0.29,50.0,0.28,75.0,0.34,6.7,0.37,5.0,0.02,0.05,2344.334061,1776273854000
1776273856.433,256.433,0.75,10.0,0.74,10.0,0.76,48.36,0.8,5.0,0.24,53.11,0.2,10.0,0.27,7.0,0.31,10.0,0.01,0.03,2344.334061,1776273854000
1776273857.098,257.098,0.69,6.41,0.68,10.0,0.8,5.0,0.81,50.0,0.24,48.36,0.2,5.0,0.25,10.0,0.26,10.0,0.11,0.01,2344.686391,1776273855000
1776273857.586,257.586,0.81,40.6,0.8,24.38,0.82,10.0,0.83,26.0,0.19,55.0,0.17,10.0,0.2,2.0,0.21,15.0,0.01,0.01,2344.60155,1776273856000
1776273858.066,258.066,0.81,64.75,0.8,14.38,0.82,10.0,0.83,10.0,0.18,10.0,0.17,26.0,0.19,40.6,0.2,24.38,0.01,0.01,2344.60155,1776273856000
1776273858.319,258.319,0.79,15.0,0.78,10.0,0.82,10.0,0.83,10.0,0.18,10.0,0.17,10.0,0.19,64.75,0.2,14.38,0.03,0.01,2344.60155,1776273856000
1776273858.615,258.615,0.79,10.0,0.78,10.0,0.8,7.77,0.81,35.0,0.18,15.61,0.17,10.0,0.22,10.0,0.23,10.0,0.01,0.04,2344.60155,1776273856000
1776273858.964,258.964,0.78,4.54,0.77,10.0,0.8,7.77,0.81,35.0,0.2,7.77,0.19,35.0,0.21,10.0,0.22,10.0,0.02,0.01,2344.802037,1776273857000
1776273860.133,260.133,0.77,9.95,0.76,10.0,0.8,32.77,0.81,35.0,0.2,7.77,0.19,35.0,0.22,4.54,0.23,10.0,0.03,0.02,2344.802037,1776273858000
1776273860.533,260.533,0.78,15.0,0.77,9.95,0.8,2.2,0.81,35.0,0.2,32.77,0.19,35.0,0.23,9.95,0.24,10.0,0.02,0.03,2344.802037,1776273858000
1776273861.368,261.368,0.78,6.31,0.77,9.95,0.8,1.7,0.81,10.0,0.2,1.7,0.19,35.0,0.21,10.0,0.22,10.0,0.02,0.01,2344.798411,1776273859000
1776273862.779,262.779,0.78,6.31,0.77,9.95,0.79,9.75,0.8,1.7,0.2,1.7,0.19,10.0,0.22,6.31,0.23,9.95,0.01,0.02,2344.721043,1776273861000
1776273862.998,262.998,0.78,6.31,0.77,9.95,0.79,8.97,0.8,1.7,0.21,9.75,0.2,1.7,0.22,6.31,0.23,9.95,0.01,0.01,2344.721043,1776273861000
1776273863.543,263.543,0.78,6.31,0.77,9.95,0.79,3.84,0.8,1.7,0.21,8.97,0.2,1.7,0.22,6.31,0.23,9.95,0.01,0.01,2344.721043,1776273861000
1776273864.24,264.24,0.79,4.0,0.78,6.31,0.8,1.7,0.81,10.0,0.21,3.84,0.2,1.7,0.22,6.31,0.23,9.95,0.01,0.01,2344.772662,1776273862000
1776273864.923,264.923,0.77,29.87,0.76,90.0,0.79,7.92,0.8,36.7,0.21,10.0,0.2,36.7,0.23,29.87,0.24,90.0,0.02,0.02,2344.768601,1776273863000
1776273865.155,265.155,0.77,6.39,0.76,90.0,0.79,12.7,0.8,36.7,0.21,12.92,0.2,36.7,0.23,6.39,0.24,90.0,0.02,0.02,2344.768601,1776273863000
1776273865.541,265.541,0.77,111.58,0.76,80.0,0.78,18.71,0.79,12.67,0.21,12.67,0.2,36.7,0.23,6.39,0.24,90.0,0.01,0.02,2344.722706,1776273864000
1776273865.831,265.831,0.77,99.58,0.76,80.0,0.78,18.71,0.79,7.92,0.22,38.87,0.21,7.92,0.23,104.58,0.24,80.0,0.01,0.01,2344.722706,1776273864000
1776273866.114,266.114,0.77,127.58,0.76,50.0,0.78,17.83,0.79,7.92,0.22,18.13,0.21,7.92,0.23,127.58,0.24,50.0,0.01,0.01,2344.722706,1776273864000
1776273866.337,266.337,0.77,127.58,0.76,50.0,0.78,15.9,0.79,7.92,0.22,17.83,0.21,7.92,0.23,127.58,0.24,50.0,0.01,0.01,2344.722706,1776273864000
1776273866.568,266.568,0.77,64.58,0.76,50.0,0.78,10.9,0.79,29.92,0.22,26.9,0.21,18.92,0.23,64.58,0.24,50.0,0.01,0.01,2344.718067,1776273865000
1776273866.843,266.843,0.77,103.3,0.76,60.0,0.78,9.9,0.79,54.92,0.22,10.9,0.21,29.92,0.23,59.05,0.24,50.0,0.01,0.01,2344.718067,1776273865000
1776273867.16,267.16,0.77,108.3,0.76,60.0,0.78,3.8,0.79,29.92,0.22,3.95,0.21,29.92,0.23,103.3,0.24,60.0,0.01,0.01,2344.718067,1776273865000
1776273867.842,267.842,0.77,96.3,0.76,65.0,0.78,33.76,0.79,29.92,0.22,3.76,0.21,29.92,0.23,93.3,0.24,60.0,0.01,0.01,2344.818821,1776273866000
1776273868.22,268.22,0.77,89.3,0.76,65.0,0.78,61.39,0.79,51.05,0.22,38.51,0.21,29.92,0.23,89.3,0.24,65.0,0.01,0.01,2344.813591,1776273867000
1776273869.261,269.261,0.77,129.05,0.76,65.0,0.78,11.68,0.79,29.92,0.22,37.92,0.21,29.92,0.23,114.05,0.24,65.0,0.01,0.01,2344.694491,1776273868000
1776273869.598,269.598,0.77,129.05,0.76,65.0,0.78,9.85,0.79,29.92,0.22,11.68,0.21,29.92,0.23,129.05,0.24,65.0,0.01,0.01,2344.694491,1776273868000
1776273869.82,269.82,0.77,111.65,0.76,65.0,0.78,9.7,0.79,7.92,0.22,9.85,0.21,29.92,0.23,111.65,0.24,65.0,0.01,0.01,2344.694491,1776273868000
1776273870.282,270.282,0.77,100.82,0.76,60.0,0.78,9.61,0.79,7.92,0.22,9.61,0.21,7.92,0.23,111.65,0.24,65.0,0.01,0.01,2344.694491,1776273868000
1776273871.058,271.058,0.78,122.03,0.77,31.0,0.79,16.95,0.8,31.7,0.21,7.1,0.2,56.7,0.23,100.82,0.24,60.0,0.01,0.02,2344.64381,1776273870000
1776273871.355,271.355,0.78,138.93,0.77,26.0,0.79,16.63,0.8,31.7,0.21,16.95,0.2,31.7,0.22,122.03,0.23,31.0,0.01,0.01,2344.64381,1776273870000
1776273871.821,271.821,0.73,30.0,0.71,10.0,0.79,95.63,0.8,60.7,0.21,16.63,0.2,31.7,0.22,138.93,0.23,26.0,0.06,0.01,2344.64381,1776273870000
1776273872.202,272.202,0.69,30.0,0.68,63.97,0.7,14.0,0.71,15.0,0.21,95.63,0.2,60.7,0.27,30.0,0.29,10.0,0.01,0.06,2344.64381,1776273870000
1776273872.425,272.425,0.7,8.0,0.69,35.0,0.71,6.79,0.72,15.0,0.29,13.0,0.28,15.0,0.3,8.0,0.31,40.0,0.01,0.01,2344.686178,1776273871000
1776273873.169,273.169,0.7,34.26,0.69,35.0,0.71,6.79,0.72,35.0,0.29,6.79,0.28,15.0,0.3,8.0,0.31,35.0,0.01,0.01,2344.686178,1776273871000
1776273873.415,273.415,0.7,34.26,0.69,35.0,0.71,5.37,0.72,18.15,0.28,28.15,0.27,10.0,0.3,29.26,0.31,35.0,0.01,0.02,2344.586885,1776273872000
1776273873.639,273.639,0.7,6.56,0.69,35.0,0.71,5.37,0.72,18.15,0.29,13.37,0.28,18.15,0.3,35.56,0.31,35.0,0.01,0.01,2344.586885,1776273872000
1776273873.986,273.986,0.7,102.69,0.69,35.0,0.71,4.23,0.72,23.15,0.29,5.37,0.28,18.15,0.3,97.69,0.31,35.0,0.01,0.01,2344.586885,1776273872000
1776273874.719,274.719,0.87,15.0,0.86,76.0,0.9,7.43,0.92,58.09,0.29,4.23,0.28,23.15,0.3,102.69,0.31,35.0,0.03,0.01,2344.513217,1776273873000
1776273874.991,274.991,0.9,1.8,0.89,26.0,0.92,10.0,0.93,70.3,0.07,70.3,0.06,97.8,0.11,10.0,0.12,10.0,0.02,0.04,2344.473116,1776273874000
1776273875.349,275.349,0.9,1.8,0.89,21.0,0.91,9.91,0.92,21.28,0.08,8.66,0.07,70.3,0.1,6.8,0.11,21.0,0.01,0.02,2344.473116,1776273874000
1776273875.627,275.627,0.9,6.8,0.89,31.0,0.92,12.62,0.93,10.0,0.09,5.17,0.08,21.28,0.1,1.8,0.11,21.0,0.02,0.01,2344.473116,1776273874000
1776273875.848,275.848,0.92,15.0,0.91,15.0,0.95,101.0,0.96,98.99,0.08,12.62,0.07,10.0,0.1,6.8,0.11,31.0,0.03,0.02,2344.473116,1776273874000
1776273876.192,276.192,0.92,20.0,0.91,15.0,0.94,20.27,0.95,86.75,0.05,86.75,0.04,98.99,0.08,15.0,0.09,15.0,0.02,0.03,2344.473116,1776273874000
1776273876.484,276.484,0.91,20.0,0.9,19.8,0.93,0.9,0.94,26.83,0.07,0.9,0.06,26.83,0.08,10.0,0.09,20.0,0.02,0.01,2344.474457,1776273875000
1776273876.713,276.713,0.92,20.0,0.91,20.0,0.94,25.33,0.95,107.75,0.07,0.9,0.06,26.83,0.09,20.0,0.1,19.8,0.02,0.02,2344.474457,1776273875000
1776273877.394,277.394,0.92,15.0,0.91,20.0,0.93,3.63,0.94,30.33,0.06,25.33,0.05,107.75,0.08,20.0,0.09,20.0,0.01,0.02,2344.474457,1776273875000
1776273877.801,277.801,0.92,25.0,0.91,42.0,0.94,30.33,0.95,41.75,0.07,3.63,0.06,30.33,0.08,15.0,0.09,20.0,0.02,0.01,2345.023375,1776273876000
1776273878.508,278.508,0.92,25.0,0.91,92.0,0.94,8.39,0.95,41.75,0.06,30.33,0.05,41.75,0.08,25.0,0.09,42.0,0.02,0.02,2344.981925,1776273877000
1776273878.983,278.983,0.93,5.0,0.92,10.0,0.94,21.16,0.95,41.75,0.06,8.39,0.05,41.75,0.09,6.44,0.1,1.8,0.01,0.03,2344.981925,1776273877000
1776273879.717,279.717,0.91,25.44,0.9,1.8,0.93,14.0,0.94,38.16,0.06,21.16,0.05,41.75,0.07,5.0,0.08,10.0,0.02,0.01,2344.92074,1776273878000
1776273880.058,280.058,0.91,40.44,0.9,6.8,0.93,15.09,0.94,21.16,0.07,14.0,0.06,38.16,0.09,25.44,0.1,1.8,0.02,0.02,2344.92074,1776273878000
1776273880.997,280.997,0.92,24.0,0.91,31.44,0.96,14.14,0.97,185.09,0.06,10.73,0.05,36.75,0.08,10.0,0.09,45.44,0.04,0.02,2344.920195,1776273879000
1776273881.394,281.394,0.86,31.0,0.85,32.0,0.92,33.0,0.93,10.0,0.04,14.14,0.03,185.09,0.08,24.0,0.09,31.44,0.06,0.04,2344.920195,1776273879000
1776273881.745,281.745,0.89,9.9,0.88,1.0,0.9,7.73,0.91,60.0,0.1,10.0,0.09,60.0,0.11,9.9,0.12,1.0,0.01,0.01,2345.026231,1776273880000
1776273882.859,282.859,0.9,190.25,0.89,29.9,0.91,61.9,0.92,27.0,0.09,57.21,0.08,27.0,0.11,19.9,0.12,6.0,0.01,0.02,2344.966873,1776273881000
1776273883.44,283.44,0.9,190.25,0.89,19.9,0.91,56.53,0.92,27.0,0.09,61.9,0.08,27.0,0.1,180.25,0.11,19.9,0.01,0.01,2344.972677,1776273882000
1776273884.022,284.022,0.9,160.25,0.89,14.9,0.91,44.53,0.92,27.0,0.09,56.53,0.08,27.0,0.1,190.25,0.11,19.9,0.01,0.01,2344.972677,1776273882000
1776273884.892,284.892,0.9,170.25,0.89,14.9,0.91,74.36,0.92,27.0,0.09,44.53,0.08,27.0,0.1,160.25,0.11,14.9,0.01,0.01,2344.857653,1776273883000
1776273885.794,285.794,0.9,170.25,0.89,19.9,0.92,1.36,0.93,10.0,0.09,74.36,0.08,27.0,0.1,170.25,0.11,14.9,0.02,0.01,2344.774563,1776273884000
1776273886.117,286.117,0.91,15.0,0.9,170.25,0.92,9.33,0.93,10.0,0.08,1.36,0.07,10.0,0.1,170.25,0.11,19.9,0.01,0.02,2344.774563,1776273884000
1776273887.269,287.269,0.91,90.3,0.9,20.0,0.92,25.0,0.93,10.0,0.08,9.33,0.07,10.0,0.09,15.0,0.1,170.25,0.01,0.01,2344.790872,1776273885000
1776273887.836,287.836,0.92,15.0,0.91,15.0,0.93,5.0,0.94,10.0,0.08,10.0,0.07,10.0,0.1,14.3,0.11,9.9,0.01,0.02,2344.792216,1776273886000
1776273888.145,288.145,0.92,15.0,0.91,30.0,0.94,10.0,0.95,10.0,0.07,5.0,0.06,10.0,0.08,15.0,0.09,15.0,0.02,0.01,2344.792796,1776273887000
1776273888.409,288.409,0.93,15.0,0.92,26.0,0.94,3.31,0.95,10.0,0.06,10.0,0.05,10.0,0.08,15.0,0.09,30.0,0.01,0.02,2344.792796,1776273887000
1776273888.609,288.609,0.93,0.71,0.92,26.0,0.94,4.68,0.95,1.71,0.06,4.68,0.05,1.71,0.07,0.71,0.08,26.0,0.01,0.01,2344.792796,1776273887000
1776273888.822,288.822,0.93,0.71,0.92,31.0,0.95,9.01,0.96,14.14,0.05,1.07,0.04,14.14,0.07,0.71,0.08,31.0,0.02,0.02,2344.792796,1776273887000
1776273889.823,289.823,0.95,20.0,0.94,20.0,0.96,8.93,0.97,98.09,0.05,9.01,0.04,14.14,0.07,0.71,0.08,31.0,0.01,0.02,2344.768165,1776273888000
1776273890.172,290.172,0.95,25.0,0.94,20.0,0.97,96.61,0.98,477.56,0.04,8.72,0.03,98.09,0.05,20.0,0.06,20.0,0.02,0.01,2344.776516,1776273889000
1776273890.625,290.625,0.95,32.55,0.94,25.0,0.96,10.0,0.97,96.61,0.03,96.61,0.02,477.56,0.05,25.0,0.06,20.0,0.01,0.02,2344.776516,1776273889000
1776273891.061,291.061,0.95,37.55,0.94,20.0,0.96,8.69,0.97,96.61,0.04,10.0,0.03,96.61,0.05,32.55,0.06,25.0,0.01,0.01,2344.776516,1776273889000
1776273891.374,291.374,0.95,27.55,0.94,20.0,0.97,86.5,0.98,188.56,0.03,96.61,0.02,188.56,0.05,32.55,0.06,20.0,0.02,0.02,2344.754554,1776273890000
1776273891.686,291.686,0.95,27.55,0.94,34.0,0.97,72.72,0.98,188.56,0.03,86.5,0.02,188.56,0.05,27.55,0.06,20.0,0.02,0.02,2344.754554,1776273890000
1776273892.177,292.177,0.96,15.0,0.95,27.55,0.98,152.54,0.99,1793.04,0.03,72.72,0.02,188.56,0.05,27.55,0.06,34.0,0.02,0.02,2344.749661,1776273891000
1776273892.653,292.653,0.96,20.0,0.95,32.55,0.98,152.54,0.99,1809.9,0.02,152.54,0.01,1793.04,0.04,15.0,0.05,27.55,0.02,0.02,2344.749661,1776273891000
1776273893.005,293.005,0.96,15.0,0.95,43.55,0.98,142.54,0.99,1793.04,0.02,152.54,0.01,1809.9,0.04,20.0,0.05,32.55,0.02,0.02,2344.749661,1776273891000
1776273893.439,293.439,0.96,5.0,0.95,22.55,0.97,8.0,0.98,142.54,0.02,142.54,0.01,1793.04,0.04,15.0,0.05,43.55,0.01,0.02,2344.74833,1776273892000
1776273893.928,293.928,0.96,15.0,0.95,15.0,0.97,8.96,0.98,142.54,0.03,8.0,0.02,142.54,0.06,12.55,0.07,9.71,0.01,0.03,2344.74833,1776273892000
1776273894.36,294.36,0.96,20.0,0.95,15.0,0.97,3.59,0.98,142.54,0.03,8.96,0.02,142.54,0.04,15.0,0.05,15.0,0.01,0.01,2344.754863,1776273893000
1776273895.203,295.203,0.89,2.55,0.88,10.0,0.95,15.0,0.96,60.0,0.03,3.59,0.02,142.54,0.04,20.0,0.05,15.0,0.06,0.01,2344.717472,1776273894000
1776273895.502,295.502,0.9,10.0,0.89,9.9,0.91,46.65,0.94,10.0,0.09,44.85,0.07,10.0,0.1,10.0,0.11,9.9,0.01,0.01,2344.717472,1776273894000
1776273895.837,295.837,0.9,10.0,0.89,19.9,0.91,19.67,0.94,10.0,0.1,8.81,0.09,41.65,0.11,9.9,0.12,10.0,0.01,0.01,2344.717472,1776273894000
1776273896.445,296.445,0.9,15.0,0.89,14.9,0.91,23.47,0.95,10.0,0.09,19.67,0.06,10.0,0.1,10.0,0.11,19.9,0.01,0.01,2344.688252,1776273895000
1776273896.77,296.77,0.93,10.31,0.9,27.0,0.95,10.0,0.96,10.0,0.09,5.85,0.05,10.0,0.1,15.0,0.11,14.9,0.02,0.01,2344.688252,1776273895000
1776273897.185,297.185,0.94,25.0,0.93,25.31,0.96,10.0,0.97,10.0,0.05,11.84,0.04,10.0,0.06,25.0,0.07,25.31,0.02,0.01,2344.688252,1776273895000
1776273897.492,297.492,0.95,17.0,0.94,25.0,0.98,111.21,0.99,1423.04,0.04,10.0,0.03,10.0,0.06,25.0,0.07,25.31,0.03,0.02,2344.654145,1776273896000
1776273897.924,297.924,0.96,17.0,0.95,20.0,0.98,51.38,0.99,1423.04,0.02,56.77,0.01,1423.04,0.04,5.0,0.05,20.0,0.02,0.02,2344.654145,1776273896000
1776273898.239,298.239,0.98,106.97,0.97,10.0,0.99,1427.02,,,0.01,1423.04,,,0.04,22.0,0.05,20.0,0.01,0.03,2344.654145,1776273896000
1776273898.456,298.456,0.98,46.97,0.97,10.0,0.99,1374.74,,,0.01,1379.74,,,0.02,46.97,0.03,10.0,0.01,0.01,2344.505617,1776273897000
1776273898.901,298.901,0.98,56.97,0.97,10.0,0.99,1669.0,,,,,,,0.02,46.97,0.03,10.0,0.01,,2344.505617,1776273897000
1776273899.174,299.174,0.98,72.97,0.97,26.0,0.99,1762.92,,,0.01,1762.92,,,0.02,56.97,0.03,10.0,0.01,0.01,2344.505617,1776273897000
1776273900.296,300.296,0.99,49680.99,0.98,67.97,,,,,,,,,0.01,505.46,0.02,72.97,,,2344.554813,1776273899000

# RESULT,winner=Up,slug=eth-updown-5m-1776273600,ticks=432
