timestamp,elapsed_sec,up_bid_p1,up_bid_s1,up_bid_p2,up_bid_s2,up_ask_p1,up_ask_s1,up_ask_p2,up_ask_s2,down_bid_p1,down_bid_s1,down_bid_p2,down_bid_s2,down_ask_p1,down_ask_s1,down_ask_p2,down_ask_s2,up_spread,down_spread,eth_price,eth_oracle_ts
1776387000.55,0.55,0.45,8.88,0.41,6.0,0.53,5.0,0.6,5.0,0.47,47.27,0.46,476.0,0.48,19.37,0.49,20.0,0.08,0.01,2345.840512,1776386999000
1776387001.141,1.141,0.45,8.88,0.41,6.0,0.53,5.0,0.6,5.0,0.47,5.0,0.4,5.0,0.55,8.88,0.59,6.0,0.08,0.08,2345.841514,1776387000000
1776387002.162,2.162,0.52,17.91,0.51,83.0,0.53,5.0,0.56,70.0,0.47,5.0,0.4,5.0,0.55,8.88,0.59,6.0,0.01,0.08,2345.86957,1776387001000
1776387004.453,4.453,0.47,10.0,0.46,143.0,0.48,3.75,0.49,15.0,0.44,65.44,0.43,84.0,0.48,17.91,0.49,83.0,0.01,0.04,2345.864152,1776387003000
1776387006.267,6.267,0.52,10.0,0.51,15.0,0.53,3.11,0.54,80.0,0.52,3.75,0.51,15.0,0.53,10.0,0.54,143.0,0.01,0.01,2346.017225,1776387005000
1776387006.612,6.612,0.52,20.0,0.51,15.0,0.53,3.59,0.54,80.0,0.47,5.84,0.46,80.0,0.48,20.0,0.49,15.0,0.01,0.01,2346.017225,1776387005000
1776387007.182,7.182,0.52,39.09,0.51,21.0,0.55,100.0,0.56,90.0,0.47,3.59,0.46,80.0,0.48,14.89,0.49,15.0,0.03,0.01,2345.915342,1776387006000
1776387008.127,8.127,0.52,19.89,0.51,21.0,0.54,10.0,0.55,100.0,0.45,100.0,0.44,90.0,0.48,39.09,0.49,21.0,0.02,0.03,2345.915342,1776387006000
1776387011.099,11.099,0.54,10.0,0.53,15.0,0.55,100.0,0.56,105.0,0.46,10.0,0.45,100.0,0.48,19.89,0.49,21.0,0.01,0.02,2346.059731,1776387010000
1776387016.618,16.618,0.55,106.9,0.54,113.0,0.57,10.0,0.59,25.0,0.45,100.0,0.44,105.0,0.46,10.0,0.47,15.0,0.02,0.01,2346.102861,1776387015000
1776387016.922,16.922,0.58,5.0,0.57,38.0,0.59,25.0,0.6,5.0,0.43,10.0,0.41,25.0,0.45,106.9,0.46,113.0,0.01,0.02,2346.102861,1776387015000
1776387017.381,17.381,0.59,69.0,0.58,107.0,0.63,18.85,0.64,89.0,0.41,25.0,0.4,5.0,0.42,5.0,0.43,38.0,0.04,0.01,2346.092385,1776387016000
1776387017.869,17.869,0.62,15.0,0.61,15.0,0.63,13.53,0.64,89.0,0.37,18.85,0.36,89.0,0.41,69.0,0.42,107.0,0.01,0.04,2346.092385,1776387016000
1776387018.212,18.212,0.62,15.0,0.61,15.0,0.63,2.0,0.64,89.0,0.37,8.37,0.36,89.0,0.38,15.0,0.39,15.0,0.01,0.01,2346.092385,1776387016000
1776387018.44,18.44,0.62,15.0,0.61,15.0,0.64,80.34,0.65,44.0,0.37,2.0,0.36,89.0,0.38,15.0,0.39,15.0,0.02,0.01,2346.106241,1776387017000
1776387019.805,19.805,0.63,12.36,0.62,20.0,0.64,99.34,0.65,59.0,0.36,80.34,0.35,44.0,0.38,15.0,0.39,15.0,0.01,0.02,2346.461125,1776387018000
1776387020.125,20.125,0.63,12.36,0.62,30.0,0.64,81.55,0.65,59.0,0.36,88.55,0.35,59.0,0.37,12.36,0.38,20.0,0.01,0.01,2346.461125,1776387018000
1776387024.118,24.118,0.63,92.86,0.62,27.0,0.65,10.0,0.66,22.0,0.36,81.55,0.35,59.0,0.37,12.36,0.38,30.0,0.02,0.01,2346.509544,1776387023000
1776387024.376,24.376,0.66,5.0,0.65,109.2,0.67,70.0,0.68,91.0,0.35,10.0,0.34,22.0,0.37,92.86,0.38,27.0,0.01,0.02,2346.509544,1776387023000
1776387025.348,25.348,0.71,25.75,0.7,25.0,0.72,14.0,0.73,16.0,0.33,70.0,0.32,91.0,0.34,5.0,0.35,109.2,0.01,0.01,2346.509189,1776387024000
1776387025.679,25.679,0.72,52.0,0.71,47.75,0.73,1.0,0.74,34.0,0.27,15.0,0.26,34.0,0.28,20.0,0.29,64.75,0.01,0.01,2346.509189,1776387024000
1776387027.564,27.564,0.71,35.0,0.7,88.68,0.72,8.33,0.74,17.0,0.27,1.0,0.26,34.0,0.3,35.02,0.31,78.0,0.01,0.03,2347.015678,1776387026000
1776387028.247,28.247,0.71,25.0,0.7,88.68,0.72,4.32,0.74,22.0,0.28,8.33,0.26,17.0,0.29,35.0,0.3,88.68,0.01,0.01,2347.17423,1776387027000
1776387028.796,28.796,0.71,80.0,0.7,88.68,0.72,2.93,0.74,22.0,0.28,4.32,0.26,22.0,0.29,25.0,0.3,88.68,0.01,0.01,2347.17423,1776387027000
1776387029.258,29.258,0.7,70.0,0.69,20.0,0.72,87.93,0.73,29.0,0.28,2.93,0.26,22.0,0.29,80.0,0.3,88.68,0.02,0.01,2347.231017,1776387028000
1776387031.089,31.089,0.67,17.54,0.66,25.0,0.68,45.0,0.69,21.0,0.28,87.93,0.27,29.0,0.3,70.0,0.31,20.0,0.01,0.02,2347.212513,1776387030000
1776387031.302,31.302,0.65,50.0,0.64,21.0,0.66,12.31,0.68,136.0,0.32,136.0,0.31,44.0,0.33,2.39,0.34,35.0,0.01,0.01,2347.212513,1776387030000
1776387031.691,31.691,0.63,137.64,0.61,35.0,0.64,5.0,0.65,125.0,0.34,12.31,0.32,136.0,0.35,50.0,0.36,21.0,0.01,0.01,2347.212513,1776387030000
1776387032.11,32.11,0.63,14.41,0.61,35.0,0.64,192.0,0.65,105.0,0.36,113.0,0.35,105.0,0.37,69.41,0.39,35.0,0.01,0.01,2347.119405,1776387031000
1776387032.406,32.406,0.57,105.0,0.56,5.0,0.58,25.0,0.59,10.0,0.36,192.0,0.35,105.0,0.43,105.0,0.44,5.0,0.01,0.07,2347.119405,1776387031000
1776387032.989,32.989,0.56,8.0,0.55,113.9,0.58,73.0,0.59,21.0,0.42,25.0,0.41,10.0,0.43,105.0,0.44,5.0,0.02,0.01,2347.119405,1776387031000
1776387033.36,33.36,0.55,92.9,0.54,25.0,0.56,20.12,0.57,21.0,0.42,73.0,0.41,21.0,0.44,8.0,0.45,113.9,0.01,0.02,2347.119405,1776387031000
1776387033.594,33.594,0.55,27.1,0.54,25.0,0.56,101.94,0.57,27.0,0.44,94.94,0.43,27.0,0.45,37.1,0.46,25.0,0.01,0.01,2346.915276,1776387032000
1776387034.471,34.471,0.55,12.0,0.53,25.0,0.56,68.58,0.57,16.0,0.44,76.58,0.43,27.0,0.45,27.0,0.46,25.0,0.01,0.01,2346.56902,1776387033000
1776387035.697,35.697,0.55,29.33,0.54,10.0,0.56,22.46,0.57,11.0,0.44,68.58,0.43,16.0,0.45,12.0,0.47,25.0,0.01,0.01,2346.201417,1776387034000
1776387036.917,36.917,0.55,19.33,0.53,35.0,0.56,93.0,0.57,108.0,0.43,21.0,0.42,47.0,0.45,29.33,0.46,10.0,0.01,0.02,2346.1024,1776387035000
1776387037.13,37.13,0.53,10.0,0.51,85.0,0.56,149.0,0.57,178.0,0.44,93.0,0.43,178.0,0.45,10.06,0.47,35.0,0.03,0.01,2346.092238,1776387036000
1776387041.822,41.822,0.48,60.0,0.47,120.0,0.5,95.0,0.51,106.0,0.44,149.0,0.43,178.0,0.47,10.0,0.49,85.0,0.02,0.03,2345.944377,1776387040000
1776387042.565,42.565,0.47,50.0,0.43,83.0,0.49,81.0,0.5,96.0,0.5,95.0,0.49,106.0,0.52,60.0,0.53,120.0,0.02,0.02,2345.933535,1776387041000
1776387045.135,45.135,0.43,98.0,0.42,46.99,0.44,46.0,0.45,10.0,0.51,81.0,0.5,96.0,0.53,50.0,0.57,83.0,0.01,0.02,2345.612611,1776387043000
1776387045.907,45.907,0.43,23.0,0.42,5.0,0.44,43.27,0.45,10.0,0.56,46.0,0.55,10.0,0.57,98.0,0.58,46.99,0.01,0.01,2345.538581,1776387045000
1776387048.61,48.61,0.4,2.29,0.39,174.0,0.41,16.0,0.42,66.0,0.56,43.27,0.55,10.0,0.57,23.0,0.58,5.0,0.01,0.01,2345.519295,1776387047000
1776387049.507,49.507,0.37,64.0,0.36,5.0,0.4,133.0,0.41,74.0,0.59,85.0,0.58,54.0,0.61,174.0,0.62,50.95,0.03,0.02,2345.519295,1776387047000
1776387049.92,49.92,0.35,145.95,0.34,70.0,0.38,81.73,0.39,16.0,0.62,53.73,0.61,32.0,0.63,4.0,0.64,5.0,0.03,0.01,2345.51126,1776387048000
1776387051.305,51.305,0.32,2.51,0.31,5.0,0.33,15.0,0.34,20.0,0.62,81.73,0.61,16.0,0.65,145.95,0.66,70.0,0.01,0.03,2345.321904,1776387050000
1776387051.626,51.626,0.31,14.0,0.3,5.0,0.32,39.68,0.33,59.0,0.67,15.0,0.66,20.0,0.68,2.51,0.69,5.0,0.01,0.01,2345.321904,1776387050000
1776387052.153,52.153,0.3,1.39,0.29,282.95,0.32,85.68,0.33,59.0,0.68,85.68,0.67,59.0,0.69,3.85,0.7,5.0,0.02,0.01,2345.082428,1776387051000
1776387052.801,52.801,0.29,268.44,0.28,22.0,0.31,58.0,0.32,49.0,0.68,85.68,0.67,59.0,0.7,1.39,0.71,282.95,0.02,0.02,2345.082428,1776387051000
1776387053.063,53.063,0.29,267.95,0.28,32.0,0.3,38.0,0.31,38.0,0.69,58.0,0.68,49.0,0.71,268.44,0.72,22.0,0.01,0.02,2345.082428,1776387051000
1776387053.355,53.355,0.29,392.95,0.28,132.0,0.3,32.83,0.31,38.0,0.7,38.0,0.69,38.0,0.71,267.95,0.72,32.0,0.01,0.01,2345.008596,1776387052000
1776387055.282,55.282,0.29,259.95,0.28,32.0,0.3,32.83,0.31,48.0,0.7,32.83,0.69,38.0,0.71,392.95,0.72,132.0,0.01,0.01,2344.849076,1776387054000
1776387056.857,56.857,0.29,249.95,0.28,22.0,0.3,32.83,0.31,48.0,0.7,32.83,0.69,48.0,0.71,259.95,0.72,32.0,0.01,0.01,2344.848016,1776387055000
1776387057.75,57.75,0.29,249.95,0.28,22.0,0.3,29.49,0.31,48.0,0.7,32.83,0.69,48.0,0.71,249.95,0.72,22.0,0.01,0.01,2344.837706,1776387056000
1776387058.68,58.68,0.29,262.99,0.28,22.0,0.3,12.82,0.31,48.0,0.7,12.82,0.69,48.0,0.71,249.95,0.72,22.0,0.01,0.01,2344.841976,1776387057000
1776387059.257,59.257,0.29,257.99,0.28,22.0,0.3,9.48,0.31,48.0,0.7,12.82,0.69,48.0,0.71,262.99,0.72,22.0,0.01,0.01,2344.842613,1776387058000
1776387059.547,59.547,0.29,253.99,0.28,22.0,0.3,9.48,0.31,48.0,0.7,9.48,0.69,48.0,0.71,257.99,0.72,22.0,0.01,0.01,2344.842613,1776387058000
1776387060.525,60.525,0.29,273.94,0.28,22.0,0.3,9.48,0.31,48.0,0.7,9.48,0.69,48.0,0.71,253.99,0.72,22.0,0.01,0.01,2344.843652,1776387059000
1776387060.747,60.747,0.29,268.94,0.28,22.0,0.3,9.48,0.31,48.0,0.7,9.48,0.69,48.0,0.71,273.94,0.72,22.0,0.01,0.01,2344.843652,1776387059000
1776387064.921,64.921,0.29,254.99,0.28,22.0,0.3,102.86,0.31,53.0,0.7,9.48,0.69,48.0,0.71,268.94,0.72,22.0,0.01,0.01,2344.846856,1776387063000
1776387065.181,65.181,0.29,248.58,0.28,22.0,0.3,102.86,0.31,53.0,0.7,102.86,0.69,53.0,0.71,254.99,0.72,22.0,0.01,0.01,2344.845786,1776387064000
1776387066.295,66.295,0.29,248.9,0.28,232.0,0.3,86.86,0.31,30.0,0.7,102.86,0.69,53.0,0.71,248.58,0.72,22.0,0.01,0.01,2344.836545,1776387065000
1776387067.011,67.011,0.29,240.9,0.28,242.0,0.3,86.86,0.31,30.0,0.7,86.86,0.69,30.0,0.71,248.9,0.72,232.0,0.01,0.01,2344.836545,1776387065000
1776387068.823,68.823,0.29,169.9,0.28,32.0,0.3,146.86,0.31,35.0,0.7,86.86,0.69,30.0,0.71,240.9,0.72,242.0,0.01,0.01,2344.856059,1776387067000
1776387069.201,69.201,0.25,46.19,0.24,25.0,0.27,10.0,0.28,10.0,0.7,146.86,0.69,35.0,0.71,169.9,0.72,32.0,0.02,0.01,2344.856879,1776387068000
1776387069.927,69.927,0.23,23.45,0.22,100.0,0.24,79.0,0.25,51.0,0.75,29.0,0.74,29.2,0.77,62.95,0.78,90.0,0.01,0.02,2344.856879,1776387068000
1776387070.233,70.233,0.22,79.99,0.21,57.7,0.23,56.0,0.24,57.0,0.76,79.0,0.75,51.0,0.78,100.0,0.79,36.7,0.01,0.02,2344.856879,1776387068000
1776387070.937,70.937,0.22,120.04,0.21,57.7,0.23,54.3,0.24,30.0,0.77,56.0,0.76,57.0,0.78,79.99,0.79,57.7,0.01,0.01,2344.794619,1776387069000
1776387071.231,71.231,0.22,118.5,0.21,47.7,0.23,37.56,0.24,30.0,0.77,59.3,0.76,30.0,0.78,118.5,0.79,57.7,0.01,0.01,2344.794619,1776387069000
1776387071.716,71.716,0.22,107.5,0.21,47.7,0.23,33.21,0.24,30.0,0.77,37.56,0.76,30.0,0.78,118.5,0.79,47.7,0.01,0.01,2344.347624,1776387070000
1776387073.448,73.448,0.23,43.0,0.22,226.0,0.24,8.0,0.25,20.0,0.77,33.21,0.76,30.0,0.78,107.5,0.79,47.7,0.01,0.01,2344.206734,1776387072000
1776387073.947,73.947,0.25,88.0,0.24,170.0,0.26,9.0,0.27,20.0,0.74,14.53,0.73,20.0,0.77,150.0,0.78,116.0,0.01,0.03,2344.206734,1776387072000
1776387074.274,74.274,0.25,88.0,0.24,180.0,0.26,44.48,0.27,30.0,0.74,3.0,0.73,20.0,0.75,88.0,0.76,170.0,0.01,0.01,2344.206734,1776387072000
1776387075.196,75.196,0.25,86.14,0.24,180.0,0.26,64.48,0.27,20.0,0.74,44.48,0.73,30.0,0.75,88.0,0.76,180.0,0.01,0.01,2344.216824,1776387074000
1776387075.847,75.847,0.25,72.23,0.24,180.0,0.26,73.88,0.27,20.0,0.74,64.48,0.73,20.0,0.75,86.14,0.76,180.0,0.01,0.01,2344.216824,1776387074000
1776387076.865,76.865,0.25,64.23,0.24,180.0,0.26,73.88,0.27,10.0,0.74,73.88,0.73,20.0,0.75,72.23,0.76,180.0,0.01,0.01,2344.519166,1776387075000
1776387077.306,77.306,0.25,60.22,0.24,180.0,0.26,73.88,0.27,10.0,0.74,73.88,0.73,10.0,0.75,61.56,0.76,180.0,0.01,0.01,2344.519166,1776387075000
1776387077.907,77.907,0.25,67.0,0.24,170.0,0.26,54.64,0.27,10.0,0.74,73.88,0.73,10.0,0.75,60.22,0.76,180.0,0.01,0.01,2344.516721,1776387076000
1776387078.785,78.785,0.25,38.06,0.24,170.0,0.26,69.64,0.27,10.0,0.74,54.64,0.73,10.0,0.75,65.78,0.76,170.0,0.01,0.01,2344.507015,1776387077000
1776387079.211,79.211,0.25,36.59,0.24,170.0,0.26,69.64,0.27,10.0,0.74,69.64,0.73,10.0,0.75,38.06,0.76,170.0,0.01,0.01,2344.507015,1776387077000
1776387079.574,79.574,0.25,27.77,0.24,170.0,0.26,69.64,0.27,10.0,0.74,69.64,0.73,10.0,0.75,36.59,0.76,170.0,0.01,0.01,2344.507015,1776387077000
1776387080.585,80.585,0.25,17.77,0.24,240.0,0.26,50.4,0.27,10.0,0.74,69.64,0.73,10.0,0.75,27.77,0.76,170.0,0.01,0.01,2344.548994,1776387079000
1776387081.593,81.593,0.25,12.53,0.24,235.0,0.26,50.4,0.27,15.0,0.74,50.4,0.73,10.0,0.75,17.77,0.76,240.0,0.01,0.01,2344.55502,1776387080000
1776387081.808,81.808,0.25,6.85,0.24,235.0,0.26,50.4,0.27,15.0,0.74,50.4,0.73,15.0,0.75,12.53,0.76,235.0,0.01,0.01,2344.55502,1776387080000
1776387082.45,82.45,0.24,233.55,0.23,112.0,0.25,58.73,0.26,30.0,0.74,50.4,0.73,15.0,0.75,6.85,0.76,235.0,0.01,0.01,2344.487466,1776387081000
1776387082.876,82.876,0.24,244.83,0.23,112.0,0.25,73.13,0.26,25.0,0.75,58.73,0.74,30.0,0.76,233.55,0.77,112.0,0.01,0.01,2344.487466,1776387081000
1776387083.133,83.133,0.24,237.86,0.23,112.0,0.25,73.13,0.26,20.0,0.75,73.13,0.74,25.0,0.76,244.83,0.77,112.0,0.01,0.01,2344.487466,1776387081000
1776387085.499,85.499,0.24,210.3,0.23,112.0,0.25,39.4,0.26,25.0,0.75,73.13,0.74,20.0,0.76,237.86,0.77,112.0,0.01,0.01,2344.46568,1776387084000
1776387086.757,86.757,0.24,214.3,0.23,112.0,0.25,39.4,0.26,25.0,0.75,39.4,0.74,25.0,0.76,210.3,0.77,112.0,0.01,0.01,2344.46568,1776387084000
1776387087.086,87.086,0.24,212.93,0.23,112.0,0.25,39.4,0.26,25.0,0.75,39.4,0.74,25.0,0.76,214.3,0.77,112.0,0.01,0.01,2344.469985,1776387085000
1776387088.881,88.881,0.24,206.08,0.23,112.0,0.25,39.4,0.26,25.0,0.75,39.4,0.74,25.0,0.76,212.93,0.77,112.0,0.01,0.01,2344.441497,1776387087000
1776387089.727,89.727,0.24,201.08,0.23,112.0,0.25,22.4,0.26,20.0,0.75,39.4,0.74,25.0,0.76,206.08,0.77,112.0,0.01,0.01,2344.443247,1776387088000
1776387090.008,90.008,0.24,205.5,0.23,112.0,0.25,22.4,0.26,20.0,0.75,22.4,0.74,20.0,0.76,201.08,0.77,112.0,0.01,0.01,2344.443247,1776387088000
1776387091.604,91.604,0.24,85.5,0.23,157.0,0.25,64.67,0.26,30.0,0.75,22.4,0.74,20.0,0.76,205.5,0.77,112.0,0.01,0.01,2344.428558,1776387089000
1776387092.533,92.533,0.24,35.5,0.23,157.0,0.25,118.1,0.26,122.99,0.75,59.87,0.74,30.0,0.76,85.5,0.77,157.0,0.01,0.01,2344.459776,1776387091000
1776387095.006,95.006,0.23,147.0,0.22,70.0,0.24,129.5,0.25,75.87,0.75,118.1,0.74,122.99,0.77,157.0,0.78,70.0,0.01,0.02,2344.419047,1776387093000
1776387095.977,95.977,0.23,158.44,0.22,70.0,0.24,119.5,0.25,92.87,0.76,129.5,0.75,75.87,0.77,147.0,0.78,70.0,0.01,0.01,2344.419487,1776387094000
1776387096.861,96.861,0.23,149.44,0.22,70.0,0.24,39.56,0.25,92.87,0.76,119.5,0.75,92.87,0.77,158.44,0.78,70.0,0.01,0.01,2344.353851,1776387095000
1776387098.949,98.949,0.23,70.0,0.21,46.7,0.24,67.13,0.25,100.19,0.76,39.56,0.75,92.87,0.77,149.44,0.78,70.0,0.01,0.01,2344.35401,1776387096000
1776387099.79,99.79,0.23,63.0,0.21,46.7,0.24,96.72,0.25,190.99,0.76,67.13,0.75,100.19,0.77,70.0,0.79,46.7,0.01,0.01,2344.395405,1776387098000
1776387103.312,103.312,0.23,61.7,0.21,46.7,0.24,102.72,0.25,185.1,0.76,96.72,0.75,190.99,0.77,63.0,0.79,46.7,0.01,0.01,2344.328378,1776387102000
1776387104.659,104.659,0.21,113.7,0.2,107.0,0.22,24.0,0.23,10.0,0.76,102.72,0.75,185.1,0.77,61.7,0.79,46.7,0.01,0.01,2344.329537,1776387103000
1776387105.163,105.163,0.23,22.94,0.22,30.0,0.24,21.0,0.25,64.67,0.76,14.89,0.75,66.87,0.77,5.44,0.78,14.0,0.01,0.01,2344.329537,1776387103000
1776387105.426,105.426,0.23,42.94,0.22,35.0,0.25,63.67,0.26,31.0,0.76,17.0,0.75,68.67,0.77,32.94,0.78,31.0,0.02,0.01,2344.277864,1776387104000
1776387106.436,106.436,0.24,82.36,0.23,70.44,0.25,27.0,0.26,10.0,0.75,63.67,0.74,31.0,0.77,42.94,0.78,35.0,0.01,0.02,2344.275391,1776387105000
1776387106.839,106.839,0.24,72.0,0.23,90.74,0.25,14.0,0.27,10.0,0.75,14.0,0.73,10.0,0.76,105.0,0.77,70.44,0.01,0.01,2344.275391,1776387105000
1776387107.059,107.059,0.24,79.36,0.23,90.74,0.27,10.0,0.28,10.0,0.75,14.0,0.73,10.0,0.76,69.36,0.77,90.74,0.03,0.01,2344.275391,1776387105000
1776387108.693,108.693,0.26,19.63,0.25,105.0,0.27,10.0,0.28,25.0,0.73,10.0,0.72,10.0,0.74,9.0,0.75,136.0,0.01,0.01,2344.699375,1776387107000
1776387110.252,110.252,0.26,5.63,0.25,104.0,0.27,88.93,0.28,20.0,0.73,10.0,0.72,25.0,0.74,19.63,0.75,105.0,0.01,0.01,2344.61024,1776387109000
1776387111.264,111.264,0.26,0.63,0.25,86.0,0.27,67.43,0.28,15.0,0.73,88.93,0.72,20.0,0.74,5.63,0.75,104.0,0.01,0.01,2344.644915,1776387110000
1776387111.874,111.874,0.26,0.63,0.25,70.0,0.27,95.31,0.28,15.0,0.73,68.72,0.72,15.0,0.74,0.63,0.75,86.0,0.01,0.01,2344.644915,1776387110000
1776387112.605,112.605,0.24,63.0,0.21,61.7,0.25,101.85,0.26,111.89,0.73,95.31,0.72,15.0,0.74,0.63,0.75,70.0,0.01,0.01,2344.64549,1776387111000
1776387120.994,120.994,0.2,20.0,0.18,100.0,0.21,15.0,0.22,123.99,0.75,104.05,0.74,111.89,0.76,19.99,0.79,61.7,0.01,0.01,2344.308702,1776387119000
1776387122.406,122.406,0.2,14.0,0.18,100.0,0.21,115.85,0.22,67.99,0.79,15.0,0.78,123.99,0.8,20.0,0.82,100.0,0.01,0.01,2344.308851,1776387120000
1776387122.751,122.751,0.2,14.0,0.18,100.0,0.21,110.85,0.22,78.99,0.79,115.85,0.78,67.99,0.8,14.0,0.82,100.0,0.01,0.01,2344.30925,1776387121000
1776387123.615,123.615,0.2,12.3,0.19,5.0,0.21,110.85,0.22,78.99,0.79,110.85,0.78,78.99,0.8,14.0,0.82,100.0,0.01,0.01,2344.30925,1776387122000
1776387124.865,124.865,0.2,145.3,0.19,40.0,0.21,1.85,0.26,22.0,0.79,110.85,0.78,78.99,0.8,12.3,0.81,5.0,0.01,0.01,2344.301201,1776387123000
1776387125.217,125.217,0.27,7.0,0.26,148.53,0.28,16.0,0.29,63.08,0.73,32.0,0.72,21.0,0.74,23.53,0.8,145.3,0.01,0.01,2344.301201,1776387123000
1776387127.402,127.402,0.28,62.0,0.27,142.0,0.29,20.29,0.3,85.72,0.72,16.0,0.71,63.08,0.73,7.0,0.74,148.53,0.01,0.01,2344.557928,1776387126000
1776387127.957,127.957,0.28,65.47,0.27,137.0,0.3,85.72,0.31,35.0,0.71,20.29,0.7,85.72,0.72,62.0,0.73,142.0,0.02,0.01,2344.557928,1776387126000
1776387128.94,128.94,0.29,49.46,0.28,33.47,0.3,85.72,0.31,35.0,0.7,85.72,0.69,35.0,0.72,65.47,0.73,137.0,0.01,0.02,2344.76522,1776387127000
1776387129.277,129.277,0.29,8.46,0.28,33.47,0.3,92.72,0.31,35.0,0.7,85.72,0.69,35.0,0.71,49.46,0.72,33.47,0.01,0.01,2344.816171,1776387128000
1776387133.906,133.906,0.29,2.76,0.28,43.47,0.3,102.72,0.31,45.0,0.7,92.72,0.69,35.0,0.71,8.46,0.72,33.47,0.01,0.01,2344.97563,1776387132000
1776387134.921,134.921,0.29,1.35,0.28,56.46,0.3,102.72,0.31,45.0,0.7,102.72,0.69,45.0,0.71,2.76,0.72,43.47,0.01,0.01,2344.974555,1776387133000
1776387137.775,137.775,0.29,4.56,0.28,41.46,0.3,102.72,0.31,50.0,0.7,102.72,0.69,45.0,0.71,1.35,0.72,56.46,0.01,0.01,2344.971305,1776387136000
1776387139.247,139.247,0.29,58.0,0.28,41.46,0.3,72.38,0.31,45.0,0.7,102.72,0.69,50.0,0.71,4.56,0.72,41.46,0.01,0.01,2344.95972,1776387138000
1776387139.538,139.538,0.29,475.99,0.28,47.46,0.3,2.38,0.31,35.0,0.7,72.38,0.69,45.0,0.71,58.0,0.72,41.46,0.01,0.01,2344.95972,1776387138000
1776387139.875,139.875,0.34,164.99,0.33,65.0,0.35,55.0,0.36,25.0,0.69,35.0,0.68,70.0,0.71,475.99,0.72,47.46,0.01,0.02,2344.95972,1776387138000
1776387140.218,140.218,0.34,328.99,0.33,70.0,0.36,25.0,0.38,80.5,0.65,55.0,0.64,25.0,0.66,164.99,0.67,65.0,0.02,0.01,2344.96186,1776387139000
1776387141.278,141.278,0.37,236.99,0.36,57.67,0.38,75.23,0.41,5.0,0.64,25.0,0.62,80.5,0.66,328.99,0.67,70.0,0.01,0.02,2345.064693,1776387140000
1776387142.12,142.12,0.37,196.99,0.36,82.67,0.41,10.0,0.42,55.0,0.62,25.23,0.59,5.0,0.63,240.1,0.64,62.67,0.04,0.01,2345.236894,1776387141000
1776387144.324,144.324,0.4,37.0,0.39,15.0,0.42,50.0,0.43,10.0,0.59,10.0,0.58,55.0,0.63,196.99,0.64,82.67,0.02,0.04,2345.49365,1776387143000
1776387144.968,144.968,0.42,87.39,0.41,112.0,0.43,15.0,0.44,5.0,0.58,50.0,0.57,10.0,0.6,37.0,0.61,15.0,0.01,0.02,2345.49365,1776387143000
1776387146.134,146.134,0.43,9.5,0.42,164.39,0.44,5.0,0.45,18.0,0.57,15.0,0.56,5.0,0.58,87.39,0.59,112.0,0.01,0.01,2345.488935,1776387145000
1776387146.454,146.454,0.44,25.0,0.43,54.5,0.46,27.25,0.47,18.0,0.56,5.0,0.55,18.0,0.57,9.5,0.58,164.39,0.02,0.01,2345.488935,1776387145000
1776387146.957,146.957,0.45,10.0,0.44,25.0,0.46,27.25,0.47,28.0,0.54,27.25,0.53,18.0,0.56,25.0,0.57,54.5,0.01,0.02,2345.488935,1776387145000
1776387147.381,147.381,0.45,10.0,0.44,25.0,0.46,6.69,0.47,28.0,0.54,15.94,0.53,28.0,0.55,10.0,0.56,25.0,0.01,0.01,2345.585924,1776387146000
1776387148.252,148.252,0.45,2.0,0.44,20.0,0.46,5.0,0.47,18.0,0.54,6.69,0.53,28.0,0.55,10.0,0.56,25.0,0.01,0.01,2345.593957,1776387147000
1776387148.881,148.881,0.45,148.0,0.44,30.0,0.46,1.08,0.48,23.0,0.54,5.0,0.53,18.0,0.55,2.0,0.56,20.0,0.01,0.01,2345.593957,1776387147000
1776387149.71,149.71,0.47,135.0,0.46,25.0,0.49,55.0,0.5,42.0,0.52,23.0,0.51,77.0,0.55,148.0,0.56,30.0,0.02,0.03,2345.595726,1776387148000
1776387151.795,151.795,0.47,5.0,0.45,5.0,0.49,205.0,0.5,76.0,0.51,55.0,0.5,42.0,0.53,135.0,0.54,25.0,0.02,0.02,2345.68227,1776387150000
1776387152.51,152.51,0.45,20.0,0.43,10.0,0.46,55.39,0.47,27.0,0.52,20.0,0.51,195.0,0.55,5.0,0.56,5.0,0.01,0.03,2345.70612,1776387151000
1776387152.95,152.95,0.45,5.0,0.41,15.0,0.46,118.65,0.47,27.0,0.54,88.39,0.53,22.0,0.55,5.0,0.57,10.0,0.01,0.01,2345.70612,1776387151000
1776387154.384,154.384,0.45,3.18,0.42,30.0,0.46,153.65,0.47,27.0,0.54,118.65,0.53,27.0,0.55,5.0,0.59,15.0,0.01,0.01,2345.71061,1776387153000
1776387155.262,155.262,0.42,30.0,0.41,15.0,0.43,79.37,0.44,44.0,0.54,153.65,0.53,27.0,0.55,3.18,0.58,30.0,0.01,0.01,2345.71061,1776387153000
1776387155.902,155.902,0.41,10.0,0.4,15.0,0.42,79.16,0.43,52.37,0.57,79.37,0.56,44.0,0.58,30.0,0.59,15.0,0.01,0.01,2345.664794,1776387154000
1776387156.425,156.425,0.41,10.0,0.4,15.0,0.42,71.42,0.43,47.37,0.58,79.16,0.57,52.37,0.59,10.0,0.6,15.0,0.01,0.01,2345.597949,1776387155000
1776387156.83,156.83,0.41,13.3,0.4,15.0,0.42,66.42,0.43,47.37,0.58,71.42,0.57,47.37,0.59,10.0,0.6,15.0,0.01,0.01,2345.597949,1776387155000
1776387157.985,157.985,0.41,11.6,0.4,15.0,0.42,71.42,0.43,52.37,0.58,66.42,0.57,47.37,0.59,13.3,0.6,15.0,0.01,0.01,2345.582164,1776387156000
1776387158.953,158.953,0.4,12.6,0.39,30.0,0.42,71.42,0.43,52.37,0.58,71.42,0.57,52.37,0.59,11.6,0.6,15.0,0.02,0.01,2345.571953,1776387157000
1776387160.111,160.111,0.4,247.59,0.39,60.36,0.42,6.0,0.43,20.0,0.58,71.42,0.57,52.37,0.6,12.6,0.61,30.0,0.02,0.02,2345.572618,1776387158000
1776387164.988,164.988,0.41,20.0,0.4,49.59,0.43,14.23,0.44,5.0,0.58,6.0,0.57,20.0,0.59,52.96,0.6,49.59,0.02,0.01,2345.626362,1776387163000
1776387166.469,166.469,0.42,10.0,0.41,20.0,0.43,15.0,0.44,15.0,0.57,14.23,0.56,5.0,0.59,20.0,0.6,49.59,0.01,0.02,2345.629231,1776387165000
1776387167.174,167.174,0.42,18.12,0.41,20.0,0.43,10.0,0.45,15.0,0.57,15.0,0.56,15.0,0.58,10.0,0.59,20.0,0.01,0.01,2345.629231,1776387165000
1776387169.046,169.046,0.43,17.0,0.42,10.12,0.45,23.0,0.46,54.0,0.55,10.0,0.54,44.0,0.58,10.12,0.59,20.0,0.02,0.03,2345.626864,1776387167000
1776387171.667,171.667,0.43,15.24,0.42,5.12,0.44,5.0,0.45,20.0,0.55,23.0,0.54,54.0,0.57,17.0,0.58,10.12,0.01,0.02,2345.627793,1776387170000
1776387172.668,172.668,0.43,13.32,0.42,5.12,0.44,5.0,0.45,30.0,0.56,5.0,0.55,20.0,0.57,15.24,0.58,5.12,0.01,0.01,2345.627837,1776387171000
1776387173.052,173.052,0.41,48.99,0.4,31.96,0.44,53.0,0.45,15.0,0.56,5.0,0.55,30.0,0.57,13.32,0.58,5.12,0.03,0.01,2345.632516,1776387172000
1776387178.879,178.879,0.43,2.0,0.42,15.0,0.44,25.0,0.45,24.0,0.56,53.0,0.55,15.0,0.59,48.99,0.6,31.96,0.01,0.03,2345.59209,1776387177000
1776387180.134,180.134,0.44,17.85,0.43,2.0,0.45,14.0,0.47,15.0,0.56,25.0,0.55,24.0,0.57,2.0,0.58,15.0,0.01,0.01,2345.594356,1776387179000
1776387180.67,180.67,0.44,17.85,0.43,7.0,0.46,5.0,0.47,23.0,0.55,14.0,0.53,15.0,0.56,17.85,0.57,2.0,0.02,0.01,2345.594356,1776387179000
1776387186.928,186.928,0.41,40.0,0.4,12.6,0.43,5.0,0.44,27.0,0.54,5.0,0.53,23.0,0.56,17.85,0.57,7.0,0.02,0.02,2345.781034,1776387185000
1776387187.129,187.129,0.41,40.0,0.4,12.6,0.42,32.73,0.43,35.0,0.57,5.0,0.56,27.0,0.59,40.0,0.6,12.6,0.01,0.02,2345.769822,1776387186000
1776387188.223,188.223,0.41,60.0,0.4,12.6,0.42,32.72,0.43,20.0,0.58,28.72,0.57,35.0,0.59,40.0,0.6,12.6,0.01,0.01,2345.753527,1776387187000
1776387189.92,189.92,0.41,65.0,0.4,12.6,0.43,0.86,0.44,64.0,0.58,32.72,0.57,20.0,0.59,60.0,0.6,12.6,0.02,0.01,2345.589973,1776387188000
1776387191.699,191.699,0.38,95.0,0.37,15.0,0.42,44.0,0.43,10.0,0.57,0.86,0.56,64.0,0.59,65.0,0.6,12.6,0.04,0.02,2345.571514,1776387190000
1776387192.017,192.017,0.38,95.0,0.37,15.0,0.4,6.0,0.41,11.0,0.6,10.0,0.59,11.0,0.62,95.0,0.63,15.0,0.02,0.02,2345.571514,1776387190000
1776387198.336,198.336,0.39,14.36,0.38,76.0,0.4,11.0,0.41,29.9,0.6,6.0,0.59,11.0,0.62,95.0,0.63,15.0,0.01,0.02,2345.45871,1776387197000
1776387199.689,199.689,0.39,12.72,0.38,76.0,0.4,31.0,0.41,25.0,0.6,11.0,0.59,29.9,0.61,14.36,0.62,76.0,0.01,0.01,2345.4623,1776387198000
1776387201.317,201.317,0.39,8.44,0.38,15.0,0.4,26.17,0.41,10.0,0.6,26.17,0.59,25.0,0.61,12.72,0.62,76.0,0.01,0.01,2345.531489,1776387199000
1776387201.584,201.584,0.38,13.62,0.37,20.0,0.4,26.17,0.41,10.0,0.6,26.17,0.59,10.0,0.61,6.8,0.62,15.0,0.02,0.01,2345.457338,1776387200000
1776387202.19,202.19,0.38,120.62,0.37,20.0,0.39,1.0,0.4,5.17,0.6,26.17,0.59,10.0,0.62,13.62,0.63,20.0,0.01,0.02,2345.457338,1776387201000
1776387202.496,202.496,0.39,18.03,0.38,18.62,0.4,7.17,0.41,15.0,0.6,1.17,0.59,15.0,0.62,28.62,0.63,20.0,0.01,0.02,2345.457338,1776387201000
1776387204.295,204.295,0.39,28.03,0.38,37.61,0.43,7.6,0.44,15.0,0.6,7.17,0.59,15.0,0.61,18.03,0.62,18.62,0.04,0.01,2345.577137,1776387202000
1776387206.982,206.982,0.39,13.03,0.38,23.62,0.4,32.5,0.41,26.0,0.57,7.6,0.56,15.0,0.61,28.03,0.62,37.61,0.01,0.04,2345.562749,1776387205000
1776387208.426,208.426,0.38,5.0,0.37,15.0,0.39,5.0,0.4,82.5,0.6,32.5,0.59,26.0,0.61,13.03,0.62,23.62,0.01,0.01,2345.559499,1776387207000
1776387209.9,209.9,0.37,5.0,0.36,95.0,0.38,8.68,0.39,30.0,0.62,11.84,0.61,25.0,0.63,5.0,0.64,95.0,0.01,0.01,2345.559499,1776387207000
1776387211.97,211.97,0.35,30.0,0.34,105.0,0.36,214.65,0.37,149.0,0.62,8.68,0.61,30.0,0.63,5.0,0.64,95.0,0.01,0.01,2345.557351,1776387208000
1776387212.818,212.818,0.3,5.0,0.29,325.0,0.32,173.13,0.33,113.0,0.64,214.65,0.63,149.0,0.65,30.0,0.66,105.0,0.02,0.01,2345.557351,1776387208000
1776387213.377,213.377,0.26,17.2,0.25,175.0,0.27,15.0,0.28,15.0,0.69,225.13,0.68,182.0,0.71,325.0,0.72,25.0,0.01,0.02,2345.557351,1776387208000
1776387213.59,213.59,0.26,5.38,0.25,175.0,0.27,122.13,0.28,69.0,0.73,15.0,0.72,15.0,0.74,17.2,0.75,175.0,0.01,0.01,2345.510775,1776387212000
1776387218.707,218.707,0.23,30.0,0.22,20.0,0.24,32.13,0.25,55.0,0.74,44.62,0.73,122.13,0.75,175.0,0.76,130.0,0.01,0.01,2344.957756,1776387217000
1776387219.024,219.024,0.23,2.14,0.22,20.0,0.24,20.0,0.25,55.0,0.76,25.13,0.75,55.0,0.77,3.44,0.78,20.0,0.01,0.01,2344.957756,1776387217000
1776387219.483,219.483,0.25,223.03,0.24,54.0,0.26,10.0,0.35,26.8,0.76,20.0,0.75,55.0,0.77,2.14,0.78,20.0,0.01,0.01,2344.957853,1776387218000
1776387219.887,219.887,0.35,15.33,0.34,92.0,0.36,22.91,0.37,29.4,0.64,22.91,0.63,29.4,0.66,22.0,0.67,15.0,0.01,0.02,2344.957853,1776387218000
1776387220.186,220.186,0.35,20.33,0.34,97.0,0.36,0.91,0.37,29.4,0.64,22.91,0.63,29.4,0.65,15.33,0.66,92.0,0.01,0.01,2344.957853,1776387218000
1776387220.955,220.955,0.36,11.37,0.35,20.33,0.37,14.0,0.38,38.0,0.63,14.0,0.62,28.0,0.65,20.33,0.66,97.0,0.01,0.02,2344.961138,1776387219000
1776387221.208,221.208,0.36,9.15,0.35,20.33,0.37,5.0,0.38,25.0,0.63,14.0,0.62,38.0,0.64,11.37,0.65,20.33,0.01,0.01,2345.217167,1776387220000
1776387221.482,221.482,0.36,6.96,0.35,20.33,0.38,20.0,0.39,15.0,0.63,5.0,0.62,25.0,0.64,6.96,0.65,20.33,0.02,0.01,2345.217167,1776387220000
1776387223.095,223.095,0.37,1.0,0.35,0.33,0.38,71.16,0.39,20.0,0.62,20.0,0.61,15.0,0.64,6.96,0.65,20.33,0.01,0.02,2345.296719,1776387221000
1776387223.341,223.341,0.32,5.0,0.31,5.0,0.36,63.0,0.37,93.0,0.62,96.16,0.61,20.0,0.65,0.33,0.66,5.0,0.04,0.03,2345.296719,1776387221000
1776387225.72,225.72,0.26,15.0,0.25,40.0,0.28,16.0,0.29,16.0,0.64,63.0,0.63,93.0,0.68,5.0,0.69,5.0,0.02,0.04,2345.25385,1776387224000
1776387229.627,229.627,0.22,15.0,0.21,150.0,0.23,5.0,0.24,20.0,0.72,16.0,0.71,16.0,0.74,15.0,0.75,40.0,0.01,0.02,2345.039923,1776387228000
1776387231.717,231.717,0.22,15.0,0.21,145.0,0.23,20.87,0.24,25.0,0.77,5.0,0.76,20.0,0.78,15.0,0.79,150.0,0.01,0.01,2345.032109,1776387230000
1776387232.155,232.155,0.22,10.0,0.21,145.0,0.23,25.14,0.24,15.0,0.77,6.87,0.76,15.0,0.78,15.0,0.79,145.0,0.01,0.01,2345.053751,1776387231000
1776387232.625,232.625,0.22,7.16,0.21,145.0,0.23,35.14,0.24,15.0,0.77,25.14,0.76,15.0,0.78,8.58,0.79,145.0,0.01,0.01,2345.053751,1776387231000
1776387232.969,232.969,0.22,5.74,0.21,130.0,0.23,45.14,0.24,15.0,0.77,35.14,0.76,15.0,0.78,7.16,0.79,145.0,0.01,0.01,2345.053751,1776387231000
1776387234.286,234.286,0.22,1.6,0.21,70.0,0.23,13.4,0.24,20.0,0.77,45.14,0.76,15.0,0.78,1.6,0.79,130.0,0.01,0.01,2345.070896,1776387233000
1776387234.852,234.852,0.22,3.6,0.21,70.0,0.23,58.0,0.24,20.0,0.77,13.4,0.76,20.0,0.78,1.6,0.79,70.0,0.01,0.01,2345.070896,1776387233000
1776387235.222,235.222,0.21,68.6,0.2,22.3,0.22,25.0,0.23,53.0,0.77,58.0,0.76,20.0,0.78,3.6,0.79,70.0,0.01,0.01,2345.070896,1776387233000
1776387235.494,235.494,0.21,63.71,0.2,22.3,0.22,25.0,0.23,58.0,0.78,25.0,0.77,53.0,0.79,68.6,0.8,22.3,0.01,0.01,2345.066942,1776387234000
1776387236.545,236.545,0.21,63.71,0.2,12.3,0.22,45.36,0.23,20.0,0.78,2.27,0.77,58.0,0.79,63.71,0.8,22.3,0.01,0.01,2345.058038,1776387235000
1776387237.023,237.023,0.21,63.71,0.2,12.3,0.22,118.95,0.23,27.0,0.78,45.36,0.77,20.0,0.79,63.71,0.8,12.3,0.01,0.01,2345.058118,1776387236000
1776387238.083,238.083,0.21,57.65,0.2,12.3,0.22,123.95,0.23,29.0,0.78,118.95,0.77,27.0,0.79,62.31,0.8,12.3,0.01,0.01,2345.06017,1776387237000
1776387239.023,239.023,0.21,54.54,0.2,12.3,0.22,140.95,0.23,42.0,0.78,123.95,0.77,29.0,0.79,57.65,0.8,12.3,0.01,0.01,2345.070314,1776387238000
1776387239.455,239.455,0.21,26.85,0.2,12.3,0.22,130.95,0.23,42.0,0.78,140.95,0.77,42.0,0.79,52.17,0.8,12.3,0.01,0.01,2345.070314,1776387238000
1776387239.709,239.709,0.21,16.85,0.2,12.3,0.22,130.65,0.23,42.0,0.78,130.65,0.77,42.0,0.79,26.85,0.8,12.3,0.01,0.01,2345.070314,1776387238000
1776387240.178,240.178,0.21,23.05,0.2,32.3,0.22,103.24,0.23,22.0,0.78,135.65,0.77,37.0,0.79,13.05,0.8,12.3,0.01,0.01,2345.044934,1776387239000
1776387240.433,240.433,0.21,31.53,0.2,32.3,0.22,87.57,0.23,5.0,0.78,92.57,0.77,5.0,0.79,33.05,0.8,32.3,0.01,0.01,2345.044934,1776387239000
1776387240.783,240.783,0.21,12.38,0.2,22.3,0.22,54.57,0.23,5.0,0.78,54.57,0.77,12.0,0.79,18.99,0.8,32.3,0.01,0.01,2345.044934,1776387239000
1776387241.183,241.183,0.21,7.14,0.2,12.3,0.22,62.57,0.23,18.0,0.78,54.57,0.77,5.0,0.79,8.54,0.8,22.3,0.01,0.01,2345.044934,1776387239000
1776387241.51,241.51,0.21,5.74,0.2,12.3,0.22,72.57,0.23,18.0,0.78,62.57,0.77,18.0,0.79,7.14,0.8,12.3,0.01,0.01,2345.0379,1776387240000
1776387241.875,241.875,0.19,8.73,0.18,95.0,0.2,75.32,0.21,10.0,0.78,72.57,0.77,18.0,0.81,0.09,0.82,126.99,0.01,0.03,2345.0379,1776387240000
1776387242.429,242.429,0.19,8.64,0.18,105.0,0.2,75.32,0.21,10.0,0.8,75.32,0.79,10.0,0.81,8.73,0.82,95.0,0.01,0.01,2345.079339,1776387241000
1776387242.828,242.828,0.19,32.46,0.18,95.0,0.2,65.32,0.21,10.0,0.8,75.32,0.79,10.0,0.81,2.46,0.82,105.0,0.01,0.01,2345.079339,1776387241000
1776387243.219,243.219,0.19,0.04,0.18,105.0,0.21,79.63,0.22,25.0,0.8,65.32,0.79,10.0,0.81,32.46,0.82,95.0,0.02,0.01,2345.079339,1776387241000
1776387243.503,243.503,0.18,80.0,0.17,218.99,0.21,79.63,0.22,25.0,0.79,79.63,0.78,25.0,0.81,0.04,0.82,105.0,0.03,0.02,2345.116955,1776387242000
1776387243.707,243.707,0.19,7.53,0.18,80.0,0.21,89.63,0.22,15.0,0.79,79.63,0.78,25.0,0.82,80.0,0.83,218.99,0.02,0.03,2345.116955,1776387242000
1776387243.915,243.915,0.2,105.74,0.19,22.89,0.21,84.63,0.26,16.0,0.79,89.63,0.78,15.0,0.81,7.53,0.82,80.0,0.01,0.02,2345.116955,1776387242000
1776387244.188,244.188,0.2,302.23,0.19,32.89,0.21,19.47,0.28,16.0,0.79,19.47,0.73,10.0,0.8,273.35,0.81,22.89,0.01,0.01,2345.116955,1776387242000
1776387244.739,244.739,0.27,110.0,0.26,125.99,0.31,10.0,0.32,25.0,0.72,21.0,0.71,25.0,0.8,287.23,0.81,22.89,0.04,0.08,2345.116955,1776387242000
1776387245.2,245.2,0.3,7.64,0.29,10.0,0.31,10.47,0.32,20.0,0.69,16.27,0.68,25.0,0.72,18.47,0.73,20.0,0.01,0.03,2345.19859,1776387243000
1776387245.538,245.538,0.29,2.09,0.28,20.0,0.3,13.0,0.31,32.71,0.69,27.71,0.68,20.0,0.71,3.64,0.72,25.0,0.01,0.02,2345.19859,1776387243000
1776387245.874,245.874,0.29,0.54,0.28,20.0,0.3,154.12,0.31,27.71,0.7,13.0,0.69,32.71,0.71,2.09,0.72,20.0,0.01,0.01,2345.139919,1776387244000
1776387246.403,246.403,0.28,17.17,0.27,10.0,0.3,159.59,0.31,17.24,0.7,154.12,0.69,27.71,0.71,0.54,0.72,20.0,0.02,0.01,2345.21983,1776387245000
1776387246.756,246.756,0.28,11.73,0.27,10.0,0.29,10.0,0.3,151.59,0.7,159.59,0.69,17.24,0.74,80.0,0.75,71.99,0.01,0.04,2345.21983,1776387245000
1776387247.257,247.257,0.27,10.0,0.26,80.0,0.28,120.58,0.29,10.0,0.71,10.0,0.7,151.59,0.72,11.73,0.73,10.0,0.01,0.01,2345.29792,1776387246000
1776387247.685,247.685,0.27,8.78,0.26,80.0,0.28,112.58,0.29,15.0,0.72,120.58,0.71,15.0,0.73,7.79,0.74,90.0,0.01,0.01,2345.29792,1776387246000
1776387248.157,248.157,0.26,88.51,0.25,40.0,0.28,112.58,0.29,15.0,0.72,112.58,0.71,15.0,0.73,8.78,0.74,80.0,0.02,0.01,2345.29792,1776387246000
1776387249.064,249.064,0.26,83.51,0.25,40.0,0.27,20.47,0.28,102.11,0.72,112.58,0.71,15.0,0.74,88.51,0.75,40.0,0.01,0.02,2345.343135,1776387247000
1776387249.685,249.685,0.26,50.81,0.25,30.0,0.27,20.47,0.28,102.11,0.73,20.47,0.72,102.11,0.74,65.87,0.75,40.0,0.01,0.01,2345.352425,1776387248000
1776387250.002,250.002,0.25,23.0,0.23,36.63,0.26,103.77,0.27,2.69,0.73,2.69,0.72,15.0,0.75,30.0,0.77,19.0,0.01,0.02,2345.352425,1776387248000
1776387250.427,250.427,0.25,17.36,0.23,36.63,0.26,98.93,0.27,7.69,0.74,93.8,0.73,2.69,0.75,23.0,0.77,36.63,0.01,0.01,2345.352425,1776387248000
1776387251.021,251.021,0.23,27.86,0.22,60.0,0.24,15.13,0.25,10.0,0.76,10.0,0.75,10.0,0.77,29.29,0.78,60.0,0.01,0.01,2345.350155,1776387249000
1776387251.379,251.379,0.23,8.11,0.22,20.0,0.24,10.0,0.25,4.52,0.75,4.52,0.74,85.8,0.77,27.86,0.78,60.0,0.01,0.02,2345.35018,1776387250000
1776387251.63,251.63,0.23,5.0,0.22,20.0,0.24,10.0,0.25,4.52,0.76,10.0,0.75,4.52,0.77,6.68,0.78,20.0,0.01,0.01,2345.35018,1776387250000
1776387252.508,252.508,0.22,5.52,0.21,70.0,0.23,10.0,0.24,10.0,0.76,10.0,0.75,4.52,0.77,5.0,0.78,20.0,0.01,0.01,2345.35018,1776387250000
1776387252.969,252.969,0.22,4.23,0.21,70.0,0.23,10.0,0.24,10.0,0.77,10.0,0.76,10.0,0.78,5.52,0.79,70.0,0.01,0.01,2345.3503,1776387251000
1776387253.514,253.514,0.21,54.69,0.2,93.0,0.23,20.0,0.24,10.0,0.77,10.0,0.76,10.0,0.78,4.23,0.79,70.0,0.02,0.01,2345.3503,1776387251000
1776387254.53,254.53,0.21,75.41,0.2,92.0,0.22,15.0,0.23,10.0,0.78,10.0,0.77,20.0,0.79,44.1,0.8,115.0,0.01,0.01,2345.326294,1776387252000
1776387255.146,255.146,0.21,22.36,0.2,92.0,0.22,15.0,0.23,10.0,0.78,15.0,0.77,10.0,0.79,23.63,0.8,92.0,0.01,0.01,2345.326104,1776387253000
1776387255.529,255.529,0.21,3.67,0.2,92.0,0.22,15.0,0.23,10.0,0.78,15.0,0.77,10.0,0.79,22.36,0.8,92.0,0.01,0.01,2345.326104,1776387253000
1776387255.757,255.757,0.21,16.09,0.2,112.0,0.22,15.0,0.23,10.0,0.78,15.0,0.77,10.0,0.79,3.67,0.8,92.0,0.01,0.01,2345.320203,1776387254000
1776387256.548,256.548,0.2,99.43,0.19,34.0,0.22,10.0,0.23,10.0,0.77,10.0,0.76,10.0,0.79,16.09,0.8,112.0,0.02,0.02,2345.320203,1776387254000
1776387257.024,257.024,0.21,14.09,0.2,99.43,0.22,20.0,0.23,10.0,0.78,10.0,0.77,10.0,0.8,99.43,0.81,34.0,0.01,0.02,2345.319901,1776387255000
1776387257.53,257.53,0.2,80.75,0.19,47.0,0.21,10.0,0.22,10.0,0.78,20.0,0.77,10.0,0.79,14.09,0.8,99.43,0.01,0.01,2345.319901,1776387255000
1776387258.539,258.539,0.2,52.07,0.19,33.0,0.21,10.0,0.22,10.0,0.79,10.0,0.78,10.0,0.8,80.75,0.81,47.0,0.01,0.01,2345.305542,1776387257000
1776387258.895,258.895,0.2,33.35,0.19,33.0,0.22,4.36,0.23,10.0,0.79,10.0,0.78,10.0,0.8,23.99,0.81,33.0,0.02,0.01,2345.305542,1776387257000
1776387259.206,259.206,0.2,35.35,0.19,33.0,0.22,4.36,0.23,10.0,0.79,2.85,0.78,4.36,0.8,33.35,0.81,33.0,0.02,0.01,2345.305617,1776387258000
1776387259.442,259.442,0.2,24.59,0.19,33.0,0.22,4.36,0.23,10.0,0.78,4.36,0.77,10.0,0.8,35.35,0.81,33.0,0.02,0.02,2345.305617,1776387258000
1776387260.507,260.507,0.19,33.0,0.18,108.0,0.2,7.68,0.21,15.0,0.78,4.36,0.77,10.0,0.8,5.91,0.81,33.0,0.01,0.02,2345.305617,1776387258000
1776387263.776,263.776,0.17,1.44,0.16,100.0,0.19,114.44,0.2,17.68,0.8,7.68,0.79,15.0,0.81,14.33,0.82,108.0,0.02,0.01,2345.292389,1776387262000
1776387265.081,265.081,0.16,53.64,0.15,35.0,0.17,111.87,0.18,30.0,0.81,114.44,0.8,17.68,0.83,1.44,0.84,100.0,0.01,0.02,2345.301401,1776387264000
1776387265.617,265.617,0.14,27.76,0.13,233.0,0.15,15.0,0.16,15.0,0.83,111.87,0.82,30.0,0.84,53.64,0.85,35.0,0.01,0.01,2345.301401,1776387264000
1776387266.225,266.225,0.14,11.83,0.13,254.0,0.15,15.0,0.16,35.24,0.85,15.0,0.84,15.0,0.86,4.9,0.87,254.0,0.01,0.01,2345.296636,1776387265000
1776387270.456,270.456,0.13,75.0,0.12,105.09,0.14,29.53,0.15,15.0,0.85,15.0,0.84,35.24,0.86,11.83,0.87,254.0,0.01,0.01,2345.281861,1776387269000
1776387271.616,271.616,0.13,509.0,0.12,166.09,0.14,1.0,0.16,26.0,0.86,29.53,0.85,15.0,0.87,75.0,0.88,105.09,0.01,0.01,2345.2812,1776387270000
1776387271.856,271.856,0.29,8.45,0.28,10.0,0.3,57.91,0.31,87.23,0.71,50.0,0.7,57.91,0.85,10.0,0.86,10.0,0.01,0.14,2345.2812,1776387270000
1776387273.152,273.152,0.28,17.45,0.27,10.0,0.3,57.91,0.31,92.23,0.7,57.91,0.69,87.23,0.72,7.45,0.73,10.0,0.02,0.02,2345.281344,1776387272000
1776387274.996,274.996,0.29,7.21,0.28,17.45,0.3,7.93,0.31,25.55,0.7,62.91,0.69,98.23,0.71,7.21,0.72,17.45,0.01,0.01,2345.54458,1776387273000
1776387276.104,276.104,0.27,10.0,0.26,10.0,0.3,34.55,0.31,35.55,0.69,25.55,0.68,10.0,0.71,7.21,0.72,17.45,0.03,0.02,2345.542722,1776387275000
1776387276.44,276.44,0.27,10.0,0.26,20.0,0.29,15.26,0.3,32.55,0.7,34.55,0.69,35.55,0.73,10.0,0.74,10.0,0.02,0.03,2345.542722,1776387275000
1776387277.664,277.664,0.23,5.0,0.22,10.0,0.25,10.0,0.26,10.0,0.71,15.26,0.7,32.55,0.73,10.0,0.74,20.0,0.02,0.02,2345.544853,1776387276000
1776387278.35,278.35,0.21,30.0,0.2,35.0,0.22,124.0,0.23,10.0,0.75,10.0,0.74,10.0,0.77,5.0,0.78,10.0,0.01,0.02,2345.541728,1776387277000
1776387279.445,279.445,0.12,79.99,0.11,41.0,0.13,15.0,0.14,15.0,0.78,128.54,0.77,10.0,0.79,30.0,0.8,35.0,0.01,0.01,2345.543749,1776387278000
1776387280.43,280.43,0.12,114.99,0.11,41.0,0.13,0.46,0.14,15.0,0.87,15.0,0.86,15.0,0.88,79.99,0.89,41.0,0.01,0.01,2345.465904,1776387279000
1776387280.842,280.842,0.12,110.41,0.11,41.0,0.13,10.0,0.14,15.0,0.87,10.0,0.86,15.0,0.88,112.71,0.89,41.0,0.01,0.01,2345.465904,1776387279000
1776387282.749,282.749,0.11,16.0,0.1,10.0,0.13,45.0,0.14,35.39,0.87,10.0,0.86,15.0,0.88,110.41,0.89,41.0,0.02,0.01,2345.465664,1776387281000
1776387283.006,283.006,0.08,11.63,0.07,14.0,0.1,15.0,0.11,15.0,0.88,20.0,0.87,48.0,0.91,4.89,0.92,62.0,0.02,0.03,2345.482862,1776387282000
1776387283.351,283.351,0.08,6.43,0.07,14.0,0.09,5.16,0.1,20.0,0.91,10.0,0.9,20.0,0.92,6.43,0.93,14.0,0.01,0.01,2345.482862,1776387282000
1776387283.892,283.892,0.07,3.56,0.06,21.0,0.09,5.16,0.1,20.0,0.91,5.16,0.9,20.0,0.92,5.34,0.93,14.0,0.02,0.01,2345.482862,1776387282000
1776387284.261,284.261,0.06,19.2,0.05,72.0,0.08,15.0,0.09,5.16,0.91,5.16,0.9,20.0,0.93,3.56,0.94,21.0,0.02,0.02,2345.412925,1776387283000
1776387285.457,285.457,0.06,74.2,0.05,102.56,0.07,13.33,0.08,15.0,0.92,15.0,0.91,5.16,0.94,19.2,0.95,72.0,0.01,0.02,2345.333458,1776387284000
1776387286.255,286.255,0.06,68.89,0.05,81.99,0.07,13.33,0.08,15.0,0.93,13.33,0.92,15.0,0.94,74.2,0.95,102.56,0.01,0.01,2345.314859,1776387285000
1776387286.766,286.766,0.05,11.89,0.04,331.0,0.07,13.33,0.08,15.0,0.93,13.33,0.92,15.0,0.94,68.89,0.95,81.99,0.02,0.01,2345.314859,1776387285000
1776387287.93,287.93,0.04,86.43,0.03,466.0,0.05,10.09,0.06,15.0,0.93,13.33,0.92,15.0,0.95,11.89,0.96,331.0,0.01,0.02,2345.307361,1776387286000
1776387288.145,288.145,0.04,85.38,0.03,466.0,0.05,10.09,0.06,15.0,0.95,10.09,0.94,15.0,0.96,86.43,0.97,466.0,0.01,0.01,2345.307361,1776387286000
1776387289.337,289.337,0.04,58.73,0.03,275.0,0.05,15.09,0.06,15.0,0.95,10.09,0.94,15.0,0.96,85.38,0.97,466.0,0.01,0.01,2345.311003,1776387288000
1776387290.379,290.379,0.04,13.68,0.03,221.42,0.05,15.09,0.06,15.0,0.95,15.09,0.94,15.0,0.96,58.73,0.97,275.0,0.01,0.01,2345.36438,1776387289000
1776387291.932,291.932,0.04,8.47,0.03,136.0,0.06,60.94,0.07,30.0,0.95,15.09,0.94,15.0,0.96,8.47,0.97,221.42,0.02,0.01,2345.311795,1776387290000
1776387293.359,293.359,0.03,91.31,0.02,170.0,0.05,10.0,0.06,102.77,0.94,60.94,0.93,30.0,0.96,8.47,0.97,136.0,0.02,0.02,2345.297077,1776387292000
1776387294.006,294.006,0.03,61.31,0.02,186.0,0.04,135.83,0.05,72.16,0.95,10.0,0.94,102.77,0.97,91.31,0.98,170.0,0.01,0.02,2345.297077,1776387292000
1776387294.234,294.234,0.02,172.16,0.01,1345.9,0.03,126.83,0.04,90.0,0.97,15.0,0.96,145.83,0.98,177.21,0.99,1345.9,0.01,0.01,2345.296468,1776387293000
1776387294.441,294.441,0.02,127.0,0.01,1345.9,0.03,25.0,0.04,83.0,0.97,25.0,0.96,83.0,0.98,142.16,0.99,1345.9,0.01,0.01,2345.296468,1776387293000
1776387294.646,294.646,0.02,114.76,0.01,1345.9,0.03,32.0,0.04,78.0,0.97,32.0,0.96,83.0,0.98,116.79,0.99,1345.9,0.01,0.01,2345.296468,1776387293000
1776387295.121,295.121,0.02,85.69,0.01,1345.9,0.03,107.83,0.04,78.0,0.97,37.0,0.96,78.0,0.98,111.69,0.99,1345.9,0.01,0.01,2345.296965,1776387294000
1776387295.334,295.334,0.02,23.69,0.01,1345.9,0.03,37.0,0.04,78.0,0.97,107.83,0.96,78.0,0.98,85.69,0.99,1345.9,0.01,0.01,2345.296965,1776387294000
1776387295.538,295.538,0.02,8.36,0.01,1345.9,0.03,123.54,0.04,78.0,0.97,127.66,0.96,78.0,0.98,8.36,0.99,1345.9,0.01,0.01,2345.296965,1776387294000
1776387295.941,295.941,0.01,1340.9,,,0.02,56.83,0.03,154.7,0.97,123.54,0.96,78.0,0.99,1345.9,,,0.01,0.02,2345.296965,1776387294000
1776387296.423,296.423,0.01,1412.9,,,0.02,111.82,0.03,154.7,0.98,56.83,0.97,154.7,0.99,1340.9,,,0.01,0.01,2345.110992,1776387295000
1776387296.629,296.629,0.01,1400.9,,,0.02,155.99,0.03,119.88,0.98,111.82,0.97,154.7,0.99,1412.9,,,0.01,0.01,2345.110992,1776387295000
1776387296.857,296.857,0.01,1351.27,,,0.02,155.99,0.03,119.88,0.98,155.99,0.97,119.88,0.99,1356.33,,,0.01,0.01,2345.110992,1776387295000
1776387297.334,297.334,0.01,1229.03,,,0.02,193.99,0.03,25.88,0.98,155.99,0.97,119.88,0.99,1249.24,,,0.01,0.01,2345.115306,1776387296000
1776387297.557,297.557,0.01,207.49,,,0.02,193.99,0.03,94.88,0.98,193.99,0.97,94.88,0.99,332.49,,,0.01,0.01,2345.115306,1776387296000
1776387298.132,298.132,,,,,0.01,1872.45,0.02,240.99,0.98,203.99,0.97,94.88,0.99,19.03,,,,0.01,2345.115306,1776387296000

# RESULT,winner=Down,slug=eth-updown-5m-1776387000,ticks=294
