timestamp,elapsed_sec,up_bid_p1,up_bid_s1,up_bid_p2,up_bid_s2,up_ask_p1,up_ask_s1,up_ask_p2,up_ask_s2,down_bid_p1,down_bid_s1,down_bid_p2,down_bid_s2,down_ask_p1,down_ask_s1,down_ask_p2,down_ask_s2,up_spread,down_spread,eth_price,eth_oracle_ts
1776360900.522,0.522,0.45,113.8,0.4,47.64,0.51,53.74,0.55,158.88,0.49,53.74,0.45,158.88,0.55,150.0,0.6,47.64,0.06,0.06,2322.938005,1776360899000
1776360901.183,1.183,0.45,183.8,0.4,79.64,0.48,11.23,0.49,70.0,0.49,53.74,0.45,158.88,0.55,113.8,0.6,47.64,0.03,0.06,2322.938005,1776360899000
1776360901.42,1.42,0.45,188.8,0.4,84.64,0.48,11.23,0.49,70.0,0.52,11.23,0.51,70.0,0.55,183.8,0.6,79.64,0.03,0.03,2322.644435,1776360900000
1776360901.802,1.802,0.45,183.6,0.44,5.0,0.48,11.23,0.49,70.0,0.52,11.23,0.51,70.0,0.55,188.8,0.6,84.64,0.03,0.03,2322.644435,1776360900000
1776360902.445,2.445,0.5,10.0,0.49,10.0,0.51,51.62,0.52,5.0,0.52,11.23,0.51,70.0,0.55,183.6,0.56,5.0,0.01,0.03,2322.644435,1776360900000
1776360902.758,2.758,0.5,5.0,0.49,5.0,0.51,53.56,0.52,5.0,0.49,53.56,0.48,5.0,0.5,10.0,0.51,5.0,0.01,0.01,2322.49908,1776360901000
1776360903.16,3.16,0.5,16.0,0.49,5.0,0.51,0.32,0.52,5.0,0.49,0.32,0.48,5.0,0.51,5.0,0.52,5.0,0.01,0.02,2322.296634,1776360902000
1776360903.39,3.39,0.5,9.76,0.49,85.0,0.51,0.32,0.52,10.0,0.49,0.32,0.48,5.0,0.5,16.0,0.51,5.0,0.01,0.01,2322.296634,1776360902000
1776360903.67,3.67,0.49,63.68,0.48,5.0,0.51,0.32,0.52,20.0,0.49,0.32,0.48,10.0,0.5,7.56,0.51,85.0,0.02,0.01,2322.296634,1776360902000
1776360903.935,3.935,0.49,61.52,0.47,70.0,0.5,20.0,0.51,70.32,0.49,0.32,0.48,20.0,0.51,63.68,0.52,5.0,0.01,0.02,2322.296634,1776360902000
1776360904.164,4.164,0.49,56.52,0.48,5.0,0.5,25.92,0.51,70.32,0.5,0.92,0.49,70.32,0.51,61.52,0.53,70.0,0.01,0.01,2322.296634,1776360902000
1776360904.553,4.553,0.49,54.55,0.47,80.0,0.5,25.92,0.51,65.32,0.5,25.92,0.49,70.32,0.51,56.52,0.52,5.0,0.01,0.01,2322.408895,1776360903000
1776360905.272,5.272,0.45,105.0,0.42,70.0,0.46,50.0,0.47,75.0,0.5,30.92,0.49,65.32,0.51,52.58,0.53,70.0,0.01,0.01,2322.408895,1776360903000
1776360905.67,5.67,0.45,81.52,0.42,70.0,0.46,65.0,0.47,85.0,0.54,60.0,0.53,75.0,0.55,101.4,0.58,70.0,0.01,0.01,2322.74775,1776360904000
1776360906.01,6.01,0.45,80.52,0.42,70.0,0.46,57.0,0.47,95.0,0.54,57.0,0.53,95.0,0.55,81.52,0.58,70.0,0.01,0.01,2322.466417,1776360905000
1776360906.709,6.709,0.45,78.7,0.41,25.0,0.46,62.0,0.47,85.0,0.54,57.0,0.53,95.0,0.55,80.52,0.58,70.0,0.01,0.01,2322.466417,1776360905000
1776360907.284,7.284,0.45,14.87,0.41,50.0,0.46,62.0,0.47,155.0,0.54,62.0,0.53,85.0,0.55,8.04,0.59,25.0,0.01,0.01,2322.242785,1776360906000
1776360907.827,7.827,0.4,29.64,0.37,50.0,0.41,65.0,0.42,85.0,0.54,72.0,0.53,155.0,0.59,50.0,0.6,34.64,0.01,0.05,2322.242785,1776360906000
1776360908.882,8.882,0.36,25.0,0.35,30.0,0.37,4.64,0.38,10.0,0.59,65.0,0.58,85.0,0.6,14.64,0.63,50.0,0.01,0.01,2321.930011,1776360907000
1776360909.428,9.428,0.35,26.96,0.32,5.0,0.36,15.0,0.37,74.64,0.63,4.64,0.62,10.0,0.64,25.0,0.65,30.0,0.01,0.01,2321.930011,1776360907000
1776360909.792,9.792,0.35,26.26,0.3,70.0,0.36,114.2,0.37,74.64,0.64,15.0,0.63,74.64,0.65,26.96,0.68,5.0,0.01,0.01,2321.650164,1776360908000
1776360910.007,10.007,0.35,19.72,0.3,70.0,0.36,90.0,0.37,144.64,0.64,114.2,0.63,74.64,0.65,24.72,0.7,70.0,0.01,0.01,2321.650164,1776360908000
1776360910.335,10.335,0.35,12.59,0.33,10.0,0.36,40.0,0.37,74.64,0.64,90.0,0.63,144.64,0.65,14.72,0.7,75.0,0.01,0.01,2321.295478,1776360909000
1776360910.878,10.878,0.35,129.59,0.33,5.0,0.37,64.09,0.38,150.0,0.64,40.0,0.63,74.64,0.65,12.59,0.67,10.0,0.02,0.01,2321.295478,1776360909000
1776360911.459,11.459,0.35,12.59,0.34,5.0,0.36,92.11,0.37,84.09,0.63,64.09,0.62,150.0,0.65,129.59,0.67,5.0,0.01,0.02,2321.029236,1776360910000
1776360911.998,11.998,0.35,5.0,0.33,10.0,0.36,5.0,0.37,74.09,0.64,89.33,0.63,84.09,0.7,75.0,0.74,87.0,0.01,0.06,2320.862914,1776360911000
1776360912.348,12.348,0.35,5.27,0.32,15.0,0.36,5.0,0.37,74.09,0.64,5.0,0.63,74.09,0.65,3.32,0.66,10.0,0.01,0.01,2320.862914,1776360911000
1776360912.586,12.586,0.35,1.88,0.33,10.0,0.36,7.22,0.37,20.0,0.62,42.87,0.61,20.0,0.65,1.88,0.68,15.0,0.01,0.03,2320.862914,1776360911000
1776360912.806,12.806,0.35,1.88,0.33,10.0,0.36,22.22,0.37,20.0,0.64,7.22,0.63,20.0,0.65,1.88,0.67,10.0,0.01,0.01,2320.862914,1776360911000
1776360913.136,13.136,0.36,6.43,0.35,34.0,0.37,10.0,0.38,10.0,0.64,17.22,0.63,20.0,0.66,7.41,0.67,10.0,0.01,0.02,2320.911228,1776360912000
1776360913.664,13.664,0.36,186.21,0.35,40.5,0.37,35.0,0.38,25.5,0.63,10.0,0.62,10.0,0.64,6.43,0.65,34.0,0.01,0.01,2320.911228,1776360912000
1776360914.739,14.739,0.38,133.56,0.37,200.5,0.4,166.5,0.41,140.5,0.63,35.0,0.62,25.5,0.64,186.21,0.65,40.5,0.02,0.01,2320.987636,1776360913000
1776360915.344,15.344,0.38,8.06,0.37,85.0,0.4,57.9,0.41,50.5,0.6,161.5,0.59,140.5,0.62,133.56,0.63,200.5,0.02,0.02,2321.142655,1776360914000
1776360915.751,15.751,0.38,25.97,0.37,80.0,0.39,62.13,0.4,149.9,0.61,22.43,0.6,164.9,0.62,26.06,0.63,85.0,0.01,0.01,2321.142655,1776360914000
1776360916.399,16.399,0.38,8.0,0.36,4.71,0.39,194.79,0.4,17.9,0.61,157.36,0.6,22.9,0.62,15.97,0.63,80.0,0.01,0.01,2321.142655,1776360914000
1776360916.884,16.884,0.37,8.0,0.36,4.71,0.38,22.86,0.39,209.79,0.61,194.79,0.6,17.9,0.62,6.22,0.64,4.71,0.01,0.01,2321.435125,1776360915000
1776360917.474,17.474,0.36,4.71,0.35,45.5,0.37,40.23,0.38,22.86,0.62,22.86,0.61,209.79,0.63,8.0,0.64,4.71,0.01,0.01,2321.429283,1776360916000
1776360918.162,18.162,0.35,43.0,0.34,5.0,0.37,218.64,0.38,103.86,0.63,40.23,0.62,22.86,0.64,4.71,0.65,45.5,0.02,0.01,2321.420387,1776360917000
1776360920.025,20.025,0.33,179.5,0.32,155.5,0.34,23.45,0.35,152.5,0.63,218.64,0.62,103.86,0.65,43.0,0.66,5.0,0.01,0.02,2321.091419,1776360918000
1776360920.524,20.524,0.33,59.0,0.32,165.5,0.34,48.45,0.35,147.5,0.66,23.45,0.65,152.5,0.67,179.5,0.68,165.5,0.01,0.01,2320.89242,1776360919000
1776360921.552,21.552,0.33,233.5,0.32,175.5,0.34,7.45,0.36,15.0,0.66,48.45,0.65,147.5,0.67,59.0,0.68,165.5,0.01,0.01,2320.882732,1776360920000
1776360921.784,21.784,0.33,60.0,0.32,245.5,0.34,2.45,0.35,25.0,0.66,7.45,0.64,15.0,0.67,233.5,0.68,175.5,0.01,0.01,2320.882732,1776360920000
1776360923.155,23.155,0.33,13.5,0.32,95.0,0.34,193.74,0.35,36.5,0.65,13.12,0.64,85.0,0.67,5.0,0.68,175.5,0.01,0.02,2320.945065,1776360921000
1776360923.797,23.797,0.33,2.0,0.32,10.0,0.34,281.49,0.35,135.5,0.66,213.74,0.65,36.5,0.67,12.0,0.68,90.0,0.01,0.01,2321.03039,1776360922000
1776360924.109,24.109,0.3,35.5,0.29,110.5,0.31,6.77,0.32,10.0,0.67,23.0,0.66,281.49,0.68,10.0,0.69,35.0,0.01,0.01,2321.03039,1776360922000
1776360924.368,24.368,0.3,50.5,0.29,232.5,0.31,6.77,0.32,20.5,0.69,6.77,0.68,10.0,0.7,35.5,0.71,110.5,0.01,0.01,2320.907591,1776360923000
1776360925.008,25.008,0.29,3.06,0.27,200.0,0.3,278.88,0.31,284.51,0.69,6.77,0.68,20.5,0.7,50.5,0.71,232.5,0.01,0.01,2320.80007,1776360924000
1776360925.331,25.331,0.27,27.14,0.26,42.5,0.3,215.68,0.31,279.51,0.7,278.88,0.69,284.51,0.71,0.14,0.73,10.0,0.03,0.01,2320.80007,1776360924000
1776360925.573,25.573,0.27,15.63,0.26,164.5,0.29,8.96,0.3,332.68,0.7,215.68,0.69,279.51,0.73,25.63,0.74,42.5,0.02,0.03,2320.80007,1776360924000
1776360925.774,25.774,0.26,159.5,0.25,210.5,0.29,4.96,0.3,332.68,0.71,4.96,0.7,332.68,0.74,164.5,0.75,210.5,0.03,0.03,2320.80007,1776360924000
1776360926.995,26.995,0.26,55.51,0.25,327.5,0.27,5.0,0.28,10.0,0.73,10.0,0.72,10.0,0.74,158.01,0.75,210.5,0.01,0.01,2320.592007,1776360925000
1776360927.273,27.273,0.26,7.92,0.25,215.5,0.27,5.0,0.28,10.0,0.73,5.0,0.72,10.0,0.74,55.51,0.75,327.5,0.01,0.01,2320.592007,1776360925000
1776360928.286,28.286,0.25,50.0,0.24,70.0,0.26,49.49,0.27,5.0,0.73,10.0,0.72,10.0,0.74,1.92,0.75,210.5,0.01,0.01,2320.129805,1776360926000
1776360928.546,28.546,0.25,218.0,0.24,80.0,0.26,54.42,0.27,15.0,0.74,49.49,0.73,5.0,0.75,50.0,0.76,70.0,0.01,0.01,2320.129805,1776360926000
1776360929.036,29.036,0.25,150.0,0.24,80.0,0.26,70.42,0.27,15.0,0.74,54.42,0.73,15.0,0.75,218.0,0.76,80.0,0.01,0.01,2320.133834,1776360927000
1776360929.848,29.848,0.24,267.18,0.23,325.5,0.26,7.69,0.28,135.0,0.74,64.92,0.73,25.5,0.75,156.5,0.76,90.5,0.02,0.01,2320.085861,1776360928000
1776360930.411,30.411,0.25,220.16,0.24,124.18,0.26,17.69,0.27,20.0,0.74,7.69,0.72,135.0,0.76,267.18,0.77,325.5,0.01,0.02,2320.02504,1776360929000
1776360930.774,30.774,0.25,73.98,0.24,89.18,0.26,128.04,0.27,147.0,0.74,27.69,0.73,20.0,0.75,101.65,0.76,124.18,0.01,0.01,2320.02504,1776360929000
1776360931.304,31.304,0.24,84.18,0.23,285.5,0.25,12.0,0.26,236.04,0.74,234.04,0.73,30.0,0.75,29.53,0.76,79.18,0.01,0.01,2320.02504,1776360929000
1776360931.539,31.539,0.24,177.6,0.23,385.5,0.25,55.0,0.26,229.35,0.75,59.0,0.74,231.04,0.76,77.6,0.77,285.5,0.01,0.01,2320.120024,1776360930000
1776360932.198,32.198,0.24,62.1,0.23,285.5,0.25,230.32,0.26,52.5,0.75,55.0,0.74,229.35,0.76,177.6,0.77,385.5,0.01,0.01,2320.184622,1776360931000
1776360932.681,32.681,0.24,93.97,0.23,417.5,0.25,55.0,0.26,30.0,0.75,265.52,0.74,52.5,0.76,54.79,0.77,285.5,0.01,0.01,2320.184622,1776360931000
1776360932.973,32.973,0.24,215.97,0.23,325.5,0.25,21.93,0.26,20.0,0.75,27.0,0.74,20.0,0.76,93.97,0.77,442.5,0.01,0.01,2320.184622,1776360931000
1776360933.174,33.174,0.24,225.97,0.23,325.5,0.25,9.52,0.26,30.0,0.75,21.93,0.74,20.0,0.76,215.97,0.77,325.5,0.01,0.01,2320.12581,1776360932000
1776360933.784,33.784,0.24,75.97,0.23,442.5,0.25,26.0,0.26,30.0,0.75,9.52,0.74,30.0,0.76,225.97,0.77,325.5,0.01,0.01,2320.12581,1776360932000
1776360934.155,34.155,0.24,58.47,0.23,285.5,0.25,209.2,0.26,40.5,0.75,26.0,0.74,30.0,0.76,75.97,0.77,442.5,0.01,0.01,2320.12581,1776360932000
1776360934.709,34.709,0.24,51.15,0.23,285.5,0.25,190.0,0.26,46.5,0.75,209.2,0.74,40.5,0.76,58.47,0.77,285.5,0.01,0.01,2319.985602,1776360933000
1776360935.144,35.144,0.24,11.15,0.23,275.0,0.25,209.7,0.26,50.5,0.75,190.0,0.74,46.5,0.76,51.15,0.77,285.5,0.01,0.01,2319.985602,1776360933000
1776360936.013,36.013,0.23,125.0,0.22,230.0,0.25,352.29,0.26,56.5,0.75,178.62,0.74,50.5,0.76,1.15,0.77,225.0,0.02,0.01,2320.057028,1776360935000
1776360936.963,36.963,0.22,227.44,0.21,304.5,0.24,175.41,0.25,206.62,0.75,352.29,0.74,56.5,0.77,125.0,0.78,230.0,0.02,0.02,2319.832776,1776360936000
1776360937.8,37.8,0.21,2.13,0.2,85.0,0.23,315.5,0.24,241.41,0.77,15.0,0.76,161.41,0.78,224.88,0.79,304.5,0.02,0.01,2319.832776,1776360936000
1776360938.532,38.532,0.2,155.75,0.19,100.0,0.21,25.0,0.22,90.4,0.78,302.0,0.77,148.5,0.8,85.0,0.81,100.0,0.01,0.02,2319.746011,1776360937000
1776360938.965,38.965,0.2,122.98,0.19,100.0,0.21,51.0,0.22,85.4,0.79,25.0,0.78,90.4,0.8,155.75,0.81,100.0,0.01,0.01,2319.746011,1776360937000
1776360939.204,39.204,0.2,3.42,0.19,217.0,0.21,49.51,0.22,85.4,0.79,49.51,0.78,85.4,0.8,122.98,0.81,100.0,0.01,0.01,2319.732628,1776360938000
1776360940.534,40.534,0.2,9.73,0.19,222.5,0.21,49.51,0.22,22.0,0.79,49.51,0.78,85.4,0.8,0.48,0.81,212.0,0.01,0.01,2319.463946,1776360939000
1776360940.834,40.834,0.2,224.48,0.19,185.5,0.21,26.74,0.22,10.0,0.79,34.74,0.78,10.0,0.8,179.48,0.81,185.5,0.01,0.01,2319.463946,1776360939000
1776360941.418,41.418,0.23,82.0,0.22,162.5,0.24,3.0,0.25,58.0,0.78,9.74,0.77,15.0,0.8,224.48,0.81,185.5,0.01,0.02,2319.499103,1776360940000
1776360942.025,42.025,0.24,29.0,0.23,97.0,0.25,48.01,0.26,182.5,0.76,3.0,0.75,58.0,0.77,82.0,0.78,162.5,0.01,0.01,2319.499103,1776360940000
1776360943.071,43.071,0.26,45.0,0.25,70.5,0.27,10.0,0.28,165.0,0.75,48.01,0.74,182.5,0.76,29.0,0.77,97.0,0.01,0.01,2319.6555,1776360942000
1776360943.372,43.372,0.26,194.5,0.25,65.5,0.28,163.58,0.29,45.5,0.73,10.0,0.72,165.0,0.74,45.0,0.75,70.5,0.02,0.01,2319.6555,1776360942000
1776360943.967,43.967,0.27,37.5,0.26,374.5,0.28,28.0,0.29,20.0,0.72,163.58,0.71,45.5,0.74,194.5,0.75,65.5,0.01,0.02,2319.6555,1776360942000
1776360945.983,45.983,0.26,152.0,0.25,70.0,0.27,130.59,0.28,18.0,0.72,28.0,0.71,20.0,0.73,37.5,0.74,374.5,0.01,0.01,2320.01406,1776360943000
1776360946.192,46.192,0.26,10.52,0.23,45.0,0.27,173.59,0.28,34.5,0.73,130.59,0.72,18.0,0.74,152.0,0.75,70.0,0.01,0.01,2320.01406,1776360943000
1776360946.474,46.474,0.26,5.45,0.23,30.0,0.27,188.59,0.28,34.5,0.73,182.59,0.72,50.5,0.74,10.52,0.77,35.0,0.01,0.01,2320.533631,1776360945000
1776360946.863,46.863,0.26,0.45,0.22,25.0,0.27,236.59,0.28,28.5,0.73,188.59,0.72,34.5,0.74,5.45,0.77,30.0,0.01,0.01,2320.533631,1776360945000
1776360947.403,47.403,0.22,18.0,0.21,251.7,0.23,80.0,0.24,134.0,0.73,266.29,0.72,28.5,0.78,25.0,0.79,251.7,0.01,0.05,2320.533631,1776360945000
1776360947.984,47.984,0.22,61.01,0.21,226.7,0.23,197.0,0.24,27.5,0.77,80.0,0.76,134.0,0.78,18.0,0.79,251.7,0.01,0.01,2320.533631,1776360945000
1776360951.661,51.661,0.22,45.0,0.21,439.2,0.23,51.75,0.24,27.0,0.77,197.0,0.76,27.5,0.78,61.01,0.79,226.7,0.01,0.01,2319.76653,1776360949000
1776360951.885,51.885,0.22,47.0,0.21,307.2,0.23,105.37,0.24,30.5,0.77,51.75,0.76,27.0,0.78,45.0,0.79,439.2,0.01,0.01,2319.702912,1776360950000
1776360952.513,52.513,0.22,187.93,0.21,307.2,0.23,63.37,0.24,10.0,0.77,98.37,0.76,30.5,0.78,47.0,0.79,307.2,0.01,0.01,2319.702912,1776360950000
1776360953.147,53.147,0.24,60.5,0.23,65.5,0.26,1.65,0.27,20.5,0.77,9.02,0.76,10.0,0.78,167.93,0.79,307.2,0.02,0.01,2319.650214,1776360951000
1776360953.652,53.652,0.24,60.5,0.23,177.5,0.25,5.0,0.28,38.0,0.74,1.65,0.73,20.5,0.76,60.5,0.77,65.5,0.01,0.02,2319.706036,1776360952000
1776360954.26,54.26,0.31,126.16,0.3,212.07,0.32,75.0,0.33,15.5,0.68,130.0,0.67,10.0,0.69,57.76,0.7,52.07,0.01,0.01,2319.803745,1776360953000
1776360956.721,56.721,0.31,163.22,0.3,227.57,0.32,140.27,0.33,5.0,0.68,75.0,0.67,15.5,0.69,126.16,0.7,212.07,0.01,0.01,2320.850372,1776360955000
1776360956.983,56.983,0.31,188.22,0.3,252.57,0.32,132.14,0.33,5.0,0.68,140.27,0.67,5.0,0.69,163.22,0.7,227.57,0.01,0.01,2320.850372,1776360955000
1776360957.438,57.438,0.31,185.32,0.3,252.57,0.32,132.14,0.33,5.0,0.68,132.14,0.67,5.0,0.69,188.22,0.7,252.57,0.01,0.01,2320.89886,1776360956000
1776360957.804,57.804,0.31,294.32,0.3,257.57,0.32,9.87,0.33,5.0,0.68,126.14,0.67,5.0,0.69,289.32,0.7,247.57,0.01,0.01,2320.89886,1776360956000
1776360958.269,58.269,0.32,166.5,0.31,193.32,0.35,5.0,0.37,220.0,0.67,0.83,0.65,10.0,0.68,35.5,0.69,218.32,0.03,0.01,2320.89886,1776360956000
1776360959.098,59.098,0.36,85.95,0.35,125.5,0.37,202.29,0.38,140.84,0.63,215.5,0.62,65.0,0.64,80.95,0.65,115.0,0.01,0.01,2321.01039,1776360957000
1776360960.503,60.503,0.36,117.84,0.35,115.0,0.37,212.79,0.38,140.84,0.63,202.29,0.62,140.84,0.64,85.95,0.65,125.5,0.01,0.01,2321.283429,1776360959000
1776360961.028,61.028,0.36,100.51,0.35,115.0,0.37,212.79,0.38,140.84,0.63,212.79,0.62,140.84,0.64,112.84,0.65,115.0,0.01,0.01,2321.283429,1776360959000
1776360962.513,62.513,0.36,113.01,0.35,120.5,0.37,274.93,0.38,140.84,0.63,212.79,0.62,140.84,0.64,100.51,0.65,115.0,0.01,0.01,2321.347745,1776360960000
1776360963.241,63.241,0.36,71.6,0.35,105.0,0.37,239.93,0.38,132.62,0.63,274.93,0.62,140.84,0.64,113.01,0.65,120.5,0.01,0.01,2321.4121,1776360961000
1776360963.577,63.577,0.35,70.0,0.34,35.0,0.37,239.93,0.38,139.62,0.63,239.93,0.62,132.62,0.64,71.6,0.65,105.0,0.02,0.01,2321.376116,1776360962000
1776360964.571,64.571,0.31,104.0,0.3,217.07,0.32,54.5,0.33,37.5,0.64,20.5,0.63,239.93,0.65,59.0,0.66,35.0,0.01,0.01,2321.359342,1776360963000
1776360964.807,64.807,0.31,112.55,0.3,217.07,0.32,56.37,0.33,37.5,0.68,56.37,0.67,37.5,0.69,114.0,0.7,217.07,0.01,0.01,2321.359342,1776360963000
1776360965.572,65.572,0.31,81.49,0.3,52.07,0.32,137.2,0.33,37.5,0.68,117.2,0.67,37.5,0.69,109.65,0.7,227.07,0.01,0.01,2321.381688,1776360964000
1776360965.825,65.825,0.31,31.55,0.3,52.07,0.32,222.05,0.33,277.5,0.68,157.2,0.67,177.5,0.69,73.49,0.7,52.07,0.01,0.01,2321.381688,1776360964000
1776360966.267,66.267,0.31,10.29,0.3,52.07,0.32,222.05,0.33,282.5,0.68,222.05,0.67,277.5,0.69,25.37,0.7,52.07,0.01,0.01,2321.124783,1776360965000
1776360966.625,66.625,0.3,45.98,0.28,125.0,0.31,126.5,0.32,182.05,0.68,222.05,0.67,282.5,0.7,52.07,0.72,125.0,0.01,0.02,2321.124783,1776360965000
1776360967.615,67.615,0.3,33.24,0.28,125.0,0.31,241.5,0.32,246.05,0.69,201.5,0.68,246.05,0.7,55.36,0.72,125.0,0.01,0.01,2320.88493,1776360966000
1776360968.033,68.033,0.3,33.24,0.28,125.0,0.31,352.5,0.32,356.05,0.69,241.5,0.68,246.05,0.7,33.24,0.72,125.0,0.01,0.01,2320.88493,1776360966000
1776360968.619,68.619,0.3,16.06,0.28,125.0,0.31,396.5,0.32,376.05,0.69,336.5,0.68,356.05,0.7,22.24,0.72,125.0,0.01,0.01,2320.24412,1776360967000
1776360968.921,68.921,0.3,23.8,0.28,125.0,0.31,360.5,0.32,376.05,0.69,396.5,0.68,376.05,0.7,10.06,0.72,125.0,0.01,0.01,2320.24412,1776360967000
1776360970.065,70.065,0.26,35.0,0.24,50.0,0.31,485.5,0.32,381.05,0.69,360.5,0.68,376.05,0.7,23.8,0.72,125.0,0.05,0.01,2320.17875,1776360968000
1776360972.192,72.192,0.22,97.3,0.21,89.7,0.23,119.63,0.24,26.5,0.69,485.5,0.68,381.05,0.74,35.0,0.76,50.0,0.01,0.05,2320.029594,1776360970000
1776360972.629,72.629,0.22,97.3,0.21,100.2,0.23,176.88,0.24,26.5,0.77,119.63,0.76,26.5,0.78,97.3,0.79,89.7,0.01,0.01,2319.828162,1776360971000
1776360972.895,72.895,0.22,94.3,0.21,89.7,0.23,182.88,0.24,20.5,0.77,176.88,0.76,26.5,0.78,97.3,0.79,100.2,0.01,0.01,2319.828162,1776360971000
1776360973.415,73.415,0.22,93.01,0.21,89.7,0.23,182.88,0.24,20.5,0.77,182.88,0.76,20.5,0.78,94.3,0.79,89.7,0.01,0.01,2319.728641,1776360972000
1776360973.897,73.897,0.22,86.01,0.21,99.7,0.23,182.88,0.24,125.5,0.77,182.88,0.76,20.5,0.78,93.01,0.79,89.7,0.01,0.01,2319.728641,1776360972000
1776360974.405,74.405,0.22,84.72,0.21,99.7,0.23,182.88,0.24,125.5,0.77,182.88,0.76,125.5,0.78,86.01,0.79,99.7,0.01,0.01,2319.64463,1776360973000
1776360975.128,75.128,0.22,30.0,0.21,109.7,0.23,273.9,0.24,218.2,0.77,182.88,0.76,125.5,0.78,84.72,0.79,99.7,0.01,0.01,2319.64463,1776360973000
1776360975.508,75.508,0.22,0.08,0.21,99.7,0.23,268.9,0.24,303.2,0.77,273.9,0.76,218.2,0.78,30.0,0.79,109.7,0.01,0.01,2319.520834,1776360974000
1776360975.751,75.751,0.21,38.69,0.2,80.0,0.22,228.5,0.23,203.9,0.78,196.5,0.77,220.9,0.79,45.0,0.8,80.0,0.01,0.01,2319.520834,1776360974000
1776360975.963,75.963,0.21,17.31,0.2,80.0,0.22,258.5,0.23,258.9,0.78,228.5,0.77,203.9,0.79,38.69,0.8,80.0,0.01,0.01,2319.512122,1776360975000
1776360977.306,77.306,0.2,7.17,0.18,235.0,0.21,321.48,0.22,320.48,0.79,32.69,0.78,268.5,0.8,80.0,0.82,235.0,0.01,0.01,2319.453983,1776360976000
1776360977.616,77.616,0.2,1.15,0.18,235.0,0.21,321.48,0.22,320.48,0.79,321.48,0.78,320.48,0.8,7.17,0.82,235.0,0.01,0.01,2319.453983,1776360976000
1776360978.068,78.068,0.18,160.0,0.17,160.0,0.2,5.1,0.21,341.48,0.79,321.48,0.78,320.48,0.8,1.15,0.82,235.0,0.02,0.01,2319.166913,1776360977000
1776360978.343,78.343,0.18,60.0,0.17,160.0,0.19,231.5,0.2,121.1,0.8,5.1,0.79,341.48,0.82,160.0,0.83,160.0,0.01,0.02,2319.166913,1776360977000
1776360978.905,78.905,0.16,105.0,0.15,95.5,0.17,10.0,0.18,85.14,0.81,231.5,0.8,121.1,0.82,60.0,0.83,160.0,0.01,0.01,2319.166913,1776360977000
1776360979.187,79.187,0.17,4.5,0.16,201.5,0.18,100.14,0.19,10.0,0.82,95.64,0.81,489.17,0.84,149.5,0.85,100.5,0.01,0.02,2319.166913,1776360977000
1776360979.433,79.433,0.17,15.5,0.16,167.5,0.19,10.0,0.2,15.1,0.82,70.83,0.81,10.0,0.83,4.5,0.84,186.5,0.02,0.01,2319.166913,1776360977000
1776360980.041,80.041,0.16,130.0,0.15,85.0,0.18,2.0,0.19,93.95,0.81,25.0,0.8,5.1,0.82,40.78,0.83,45.5,0.02,0.01,2318.880269,1776360978000
1776360980.25,80.25,0.17,10.0,0.16,140.0,0.19,6.63,0.2,15.1,0.82,2.0,0.81,93.95,0.84,130.0,0.85,85.0,0.02,0.02,2318.880269,1776360978000
1776360980.692,80.692,0.18,35.0,0.17,15.0,0.19,7.0,0.2,15.1,0.81,6.63,0.8,15.1,0.83,10.0,0.84,140.0,0.01,0.02,2318.870131,1776360979000
1776360980.944,80.944,0.18,10.0,0.17,26.0,0.19,36.47,0.2,15.1,0.81,525.36,0.8,64.84,0.83,26.0,0.84,135.0,0.01,0.02,2318.870131,1776360979000
1776360981.308,81.308,0.18,29.24,0.17,25.5,0.19,176.49,0.2,15.1,0.81,156.49,0.8,5.1,0.82,21.67,0.83,25.5,0.01,0.01,2318.870131,1776360979000
1776360981.861,81.861,0.16,98.8,0.15,116.5,0.17,5.0,0.18,256.3,0.81,176.49,0.8,15.1,0.82,29.24,0.83,25.5,0.01,0.01,2319.084212,1776360980000
1776360983.028,83.028,0.17,10.0,0.16,110.0,0.18,9.75,0.2,5.1,0.83,54.0,0.82,246.3,0.84,138.8,0.85,100.5,0.01,0.01,2319.1963,1776360981000
1776360983.252,83.252,0.23,5.26,0.2,20.5,0.25,10.0,0.26,105.0,0.76,5.0,0.75,10.0,0.77,5.26,0.8,20.5,0.02,0.01,2319.1963,1776360981000
1776360983.872,83.872,0.24,52.0,0.23,8.1,0.25,151.84,0.26,10.0,0.75,20.5,0.74,10.0,0.76,17.0,0.77,8.1,0.01,0.01,2319.211078,1776360982000
1776360984.68,84.68,0.23,95.7,0.22,35.0,0.25,55.5,0.26,16.0,0.75,151.84,0.74,10.0,0.76,52.0,0.77,8.1,0.02,0.01,2319.116219,1776360983000
1776360985.258,85.258,0.23,106.5,0.22,20.5,0.24,133.56,0.25,35.0,0.76,146.56,0.75,55.5,0.77,59.47,0.78,35.0,0.01,0.01,2319.87059,1776360984000
1776360985.887,85.887,0.23,116.5,0.22,50.5,0.24,113.39,0.25,10.0,0.76,119.39,0.75,35.0,0.77,130.5,0.78,20.5,0.01,0.01,2319.87059,1776360984000
1776360986.418,86.418,0.23,27.0,0.22,25.5,0.24,162.58,0.25,10.0,0.76,113.39,0.75,10.0,0.77,116.5,0.78,50.5,0.01,0.01,2319.87059,1776360984000
1776360986.859,86.859,0.23,36.07,0.22,20.5,0.24,185.58,0.25,10.0,0.76,162.58,0.75,10.0,0.77,27.0,0.78,25.5,0.01,0.01,2319.9981,1776360985000
1776360987.327,87.327,0.23,24.14,0.22,20.5,0.24,185.58,0.25,10.0,0.76,185.58,0.75,10.0,0.77,36.07,0.78,20.5,0.01,0.01,2319.9986,1776360986000
1776360987.783,87.783,0.23,42.71,0.22,10.0,0.24,185.58,0.25,20.0,0.76,185.58,0.75,10.0,0.77,24.14,0.78,20.5,0.01,0.01,2319.9986,1776360986000
1776360988.872,88.872,0.23,21.28,0.22,10.0,0.24,185.58,0.25,30.5,0.76,185.58,0.75,20.0,0.77,42.71,0.78,10.0,0.01,0.01,2320.144444,1776360987000
1776360990.096,90.096,0.23,8.02,0.22,20.5,0.24,91.36,0.25,104.68,0.76,185.58,0.75,30.5,0.77,21.28,0.78,10.0,0.01,0.01,2320.10441,1776360988000
1776360991.462,91.462,0.23,35.11,0.22,28.5,0.24,62.36,0.25,40.3,0.76,91.36,0.75,104.68,0.77,8.02,0.78,20.5,0.01,0.01,2320.038502,1776360989000
1776360991.951,91.951,0.23,35.11,0.22,28.5,0.24,62.36,0.25,40.3,0.76,62.36,0.75,40.3,0.77,35.11,0.78,28.5,0.01,0.01,2320.006934,1776360990000
1776360992.386,92.386,0.23,37.05,0.22,28.5,0.24,62.36,0.25,40.3,0.76,62.36,0.75,40.3,0.77,30.05,0.78,28.5,0.01,0.01,2320.059485,1776360991000
1776360992.873,92.873,0.23,34.54,0.22,28.5,0.24,62.36,0.25,48.23,0.76,62.36,0.75,40.3,0.77,37.05,0.78,28.5,0.01,0.01,2320.059485,1776360991000
1776360994.661,94.661,0.23,6.0,0.22,8.0,0.24,40.5,0.25,158.73,0.76,20.69,0.75,48.23,0.77,107.0,0.78,28.5,0.01,0.01,2320.20793,1776360993000
1776360994.883,94.883,0.19,20.0,0.18,28.0,0.23,140.44,0.24,56.5,0.77,28.0,0.76,56.5,0.78,3.08,0.81,90.0,0.04,0.01,2320.20793,1776360993000
1776360997.857,97.857,0.13,70.0,0.12,235.09,0.14,5.0,0.15,52.5,0.77,140.44,0.76,56.5,0.81,20.0,0.82,28.0,0.01,0.04,2319.726065,1776360996000
1776360998.468,98.468,0.14,8.0,0.13,10.0,0.15,18.0,0.16,146.59,0.84,146.59,0.83,260.5,0.87,70.0,0.88,235.09,0.01,0.03,2319.03365,1776360997000
1776360998.83,98.83,0.14,2.25,0.13,10.0,0.15,15.05,0.16,178.59,0.85,15.05,0.84,146.59,0.86,8.0,0.87,10.0,0.01,0.01,2319.03365,1776360997000
1776360999.042,99.042,0.13,8.25,0.12,25.09,0.15,51.05,0.16,178.59,0.85,15.05,0.84,178.59,0.86,2.25,0.87,10.0,0.02,0.01,2318.742115,1776360998000
1776360999.284,99.284,0.12,21.18,0.11,115.0,0.15,51.05,0.16,178.59,0.85,51.05,0.84,178.59,0.87,0.25,0.88,25.09,0.03,0.02,2318.742115,1776360998000
1776360999.619,99.619,0.13,5.66,0.12,21.18,0.15,35.05,0.16,146.59,0.85,51.05,0.84,178.59,0.88,21.18,0.89,115.0,0.02,0.03,2318.742115,1776360998000
1776361000.612,100.612,0.12,66.0,0.11,27.34,0.13,26.5,0.14,99.5,0.85,35.05,0.84,146.59,0.89,6.84,0.9,55.0,0.01,0.04,2318.588704,1776360999000
1776361000.96,100.96,0.12,138.0,0.11,107.34,0.13,27.96,0.16,10.0,0.87,26.5,0.86,99.5,0.88,78.0,0.89,27.34,0.01,0.01,2318.588704,1776360999000
1776361001.442,101.442,0.15,40.0,0.14,10.0,0.16,10.0,0.17,10.0,0.84,10.0,0.83,10.0,0.88,129.0,0.89,77.34,0.01,0.04,2318.525555,1776361000000
1776361002.74,102.74,0.14,28.0,0.13,31.5,0.15,155.0,0.16,15.0,0.84,10.0,0.83,10.0,0.85,38.23,0.86,10.0,0.01,0.01,2318.672917,1776361001000
1776361003.034,103.034,0.14,18.0,0.13,31.5,0.15,141.66,0.16,20.5,0.85,155.0,0.84,15.0,0.86,28.0,0.87,31.5,0.01,0.01,2318.672917,1776361001000
1776361003.296,103.296,0.14,10.55,0.13,31.5,0.15,141.66,0.16,20.5,0.85,141.66,0.84,20.5,0.86,18.0,0.87,31.5,0.01,0.01,2318.971412,1776361002000
1776361005.352,105.352,0.14,19.27,0.13,31.5,0.15,93.86,0.17,17.0,0.85,141.66,0.84,20.5,0.86,10.55,0.87,31.5,0.01,0.01,2319.013784,1776361004000
1776361005.561,105.561,0.14,34.77,0.13,31.5,0.15,43.86,0.17,10.0,0.85,93.86,0.83,17.0,0.86,19.27,0.87,31.5,0.01,0.01,2319.013784,1776361004000
1776361006.188,106.188,0.15,80.5,0.14,49.77,0.16,77.84,0.17,10.0,0.85,39.61,0.83,10.0,0.86,58.77,0.87,31.5,0.01,0.01,2319.013784,1776361004000
1776361006.463,106.463,0.15,112.7,0.14,49.77,0.16,86.84,0.17,10.0,0.84,77.84,0.83,10.0,0.85,80.5,0.86,49.77,0.01,0.01,2319.09733,1776361005000
1776361006.764,106.764,0.15,117.7,0.14,49.77,0.16,80.59,0.17,35.0,0.84,86.84,0.83,10.0,0.85,112.7,0.86,49.77,0.01,0.01,2319.09733,1776361005000
1776361006.971,106.971,0.15,141.4,0.14,49.77,0.16,68.09,0.17,35.0,0.84,80.59,0.83,35.0,0.85,141.4,0.86,49.77,0.01,0.01,2319.09733,1776361005000
1776361007.819,107.819,0.15,165.1,0.14,49.77,0.16,14.0,0.17,121.34,0.84,68.09,0.83,35.0,0.85,141.4,0.86,49.77,0.01,0.01,2319.101824,1776361006000
1776361008.145,108.145,0.15,129.2,0.14,49.77,0.16,14.0,0.17,45.0,0.84,14.0,0.83,121.34,0.85,165.1,0.86,49.77,0.01,0.01,2319.101824,1776361006000
1776361008.482,108.482,0.15,107.9,0.14,79.67,0.16,50.0,0.17,35.0,0.84,11.0,0.83,35.0,0.85,109.2,0.86,49.77,0.01,0.01,2319.402248,1776361007000
1776361009.642,109.642,0.15,12.47,0.14,29.77,0.16,488.0,0.17,143.33,0.84,50.0,0.83,35.0,0.85,107.9,0.86,79.67,0.01,0.01,2319.411419,1776361008000
1776361010.256,110.256,0.15,12.47,0.14,29.77,0.16,75.75,0.17,139.99,0.84,488.0,0.83,143.33,0.85,12.47,0.86,29.77,0.01,0.01,2319.411419,1776361009000
1776361010.936,110.936,0.15,28.4,0.14,34.77,0.16,57.2,0.17,35.0,0.84,75.75,0.83,139.99,0.85,12.47,0.86,29.77,0.01,0.01,2319.411419,1776361009000
1776361011.949,111.949,0.15,146.5,0.14,84.67,0.16,66.95,0.17,25.0,0.84,43.38,0.83,35.0,0.85,20.5,0.86,34.77,0.01,0.01,2319.47076,1776361010000
1776361012.411,112.411,0.15,179.4,0.14,114.67,0.16,6.95,0.18,59.4,0.84,6.95,0.83,25.0,0.85,227.5,0.86,114.67,0.01,0.01,2319.47076,1776361010000
1776361012.73,112.73,0.15,163.1,0.14,84.67,0.16,11.95,0.18,59.4,0.84,6.95,0.82,59.4,0.85,179.4,0.86,114.67,0.01,0.01,2319.427265,1776361011000
1776361013.04,113.04,0.15,208.1,0.14,114.67,0.16,4.45,0.17,82.74,0.84,11.95,0.82,59.4,0.85,163.1,0.86,84.67,0.01,0.01,2319.427265,1776361011000
1776361013.473,113.473,0.16,18.69,0.15,159.8,0.17,109.04,0.18,59.4,0.83,81.04,0.82,59.4,0.85,221.8,0.86,114.67,0.01,0.02,2319.48506,1776361012000
1776361013.912,113.912,0.16,7.95,0.15,126.6,0.17,129.04,0.18,59.4,0.83,109.04,0.82,59.4,0.84,18.69,0.85,159.8,0.01,0.01,2319.48506,1776361012000
1776361014.143,114.143,0.16,90.56,0.15,126.6,0.17,81.04,0.18,59.4,0.83,129.04,0.82,59.4,0.84,7.95,0.85,126.6,0.01,0.01,2319.48506,1776361012000
1776361014.464,114.464,0.16,141.04,0.15,131.6,0.17,81.04,0.18,59.4,0.83,81.04,0.82,59.4,0.84,139.75,0.85,126.6,0.01,0.01,2319.810955,1776361013000
1776361015.093,115.093,0.16,114.25,0.15,169.8,0.17,101.04,0.18,59.4,0.83,81.04,0.82,59.4,0.84,141.04,0.85,131.6,0.01,0.01,2319.810955,1776361013000
1776361017.48,117.48,0.16,35.73,0.15,196.6,0.17,91.04,0.18,59.4,0.83,101.04,0.82,59.4,0.84,114.25,0.85,169.8,0.01,0.01,2319.813551,1776361016000
1776361018.442,118.442,0.16,30.72,0.15,191.6,0.17,20.0,0.18,69.4,0.83,91.04,0.82,59.4,0.84,35.73,0.85,196.6,0.01,0.01,2319.779821,1776361017000
1776361018.659,118.659,0.16,27.75,0.15,191.6,0.17,20.0,0.18,69.4,0.83,20.0,0.82,69.4,0.84,30.72,0.85,191.6,0.01,0.01,2319.779821,1776361017000
1776361019.866,119.866,0.16,78.25,0.15,244.8,0.17,41.44,0.18,59.4,0.83,20.0,0.82,69.4,0.84,27.75,0.85,191.6,0.01,0.01,2319.77416,1776361018000
1776361020.26,120.26,0.16,91.25,0.15,244.8,0.17,20.0,0.18,59.4,0.83,41.44,0.82,59.4,0.84,78.25,0.85,244.8,0.01,0.01,2319.77416,1776361018000
1776361020.465,120.465,0.16,99.47,0.15,244.8,0.17,20.0,0.18,59.4,0.83,20.0,0.82,59.4,0.84,91.25,0.85,244.8,0.01,0.01,2319.786608,1776361019000
1776361020.684,120.684,0.16,167.61,0.15,174.8,0.17,20.0,0.18,59.4,0.83,20.0,0.82,59.4,0.84,99.47,0.85,244.8,0.01,0.01,2319.786608,1776361019000
1776361021.372,121.372,0.17,42.0,0.16,62.53,0.18,22.0,0.19,43.4,0.83,20.0,0.82,59.4,0.84,156.53,0.85,174.8,0.01,0.01,2319.851555,1776361020000
1776361023.5,123.5,0.18,93.0,0.17,91.0,0.19,89.63,0.2,45.0,0.82,22.0,0.81,43.4,0.83,42.0,0.84,62.53,0.01,0.01,2320.094455,1776361022000
1776361023.979,123.979,0.17,100.0,0.16,96.8,0.19,140.13,0.2,65.5,0.81,89.63,0.8,45.0,0.82,93.0,0.83,91.0,0.02,0.01,2320.094455,1776361022000
1776361024.602,124.602,0.17,65.08,0.16,50.0,0.18,118.5,0.19,134.13,0.81,140.13,0.8,65.5,0.83,100.0,0.84,96.8,0.01,0.02,2320.120582,1776361023000
1776361025.197,125.197,0.17,14.08,0.16,45.0,0.18,123.5,0.19,181.31,0.82,118.5,0.81,106.35,0.83,23.08,0.84,50.0,0.01,0.01,2320.120582,1776361023000
1776361027.121,127.121,0.17,17.63,0.16,40.0,0.18,205.58,0.19,131.35,0.82,123.5,0.81,181.31,0.83,14.08,0.84,45.0,0.01,0.01,2319.998428,1776361025000
1776361027.704,127.704,0.17,11.42,0.16,45.0,0.18,205.02,0.19,131.35,0.82,205.02,0.81,136.35,0.83,17.63,0.84,40.0,0.01,0.01,2319.77648,1776361026000
1776361033.48,133.48,0.15,78.0,0.14,25.0,0.16,313.5,0.17,220.72,0.82,205.02,0.81,131.35,0.83,11.42,0.84,45.0,0.01,0.01,2319.502072,1776361032000
1776361034.768,134.768,0.15,8.6,0.14,25.0,0.16,230.5,0.17,165.22,0.84,313.5,0.83,220.72,0.85,78.0,0.86,25.0,0.01,0.01,2319.501972,1776361033000
1776361041.977,141.977,0.13,64.62,0.12,120.0,0.14,154.5,0.15,275.87,0.84,230.5,0.83,165.22,0.85,3.6,0.86,25.0,0.01,0.01,2319.358411,1776361040000
1776361044.753,144.753,0.13,69.62,0.12,130.5,0.14,130.0,0.15,233.17,0.86,154.5,0.85,275.87,0.87,64.62,0.88,120.0,0.01,0.01,2319.260562,1776361043000
1776361044.981,144.981,0.13,58.24,0.12,120.0,0.14,144.88,0.15,206.67,0.86,144.88,0.85,196.17,0.87,59.62,0.88,130.5,0.01,0.01,2319.260562,1776361043000
1776361046.665,146.665,0.11,135.0,0.1,234.5,0.13,246.0,0.14,210.38,0.86,144.88,0.85,206.67,0.87,58.24,0.88,120.0,0.02,0.01,2319.3094,1776361045000
1776361048.47,148.47,0.12,10.0,0.11,145.0,0.13,200.8,0.14,150.38,0.87,246.0,0.86,210.38,0.89,135.0,0.9,234.5,0.01,0.02,2319.379033,1776361046000
1776361049.065,149.065,0.11,133.31,0.1,294.0,0.12,167.0,0.13,174.5,0.87,200.8,0.86,150.38,0.88,10.0,0.89,145.0,0.01,0.01,2319.174402,1776361047000
1776361049.545,149.545,0.11,4.99,0.1,294.0,0.12,172.0,0.13,184.5,0.88,172.0,0.87,174.5,0.89,126.55,0.9,294.0,0.01,0.01,2319.30273,1776361048000
1776361049.805,149.805,0.11,13.3,0.1,294.0,0.12,182.0,0.13,184.5,0.88,172.0,0.87,184.5,0.89,4.99,0.9,294.0,0.01,0.01,2319.30273,1776361048000
1776361050.631,150.631,0.11,4.64,0.1,294.0,0.12,297.35,0.13,184.5,0.88,220.0,0.87,184.5,0.89,5.99,0.9,294.0,0.01,0.01,2319.269596,1776361049000
1776361051.899,151.899,0.1,270.0,0.09,208.0,0.11,272.67,0.12,307.59,0.88,297.35,0.87,184.5,0.89,4.64,0.9,294.0,0.01,0.01,2319.196557,1776361050000
1776361052.399,152.399,0.1,141.7,0.09,208.0,0.11,269.67,0.12,315.59,0.89,272.67,0.88,307.59,0.9,173.32,0.91,208.0,0.01,0.01,2319.191421,1776361051000
1776361052.646,152.646,0.1,127.83,0.09,208.0,0.11,287.67,0.12,368.92,0.89,277.67,0.88,297.59,0.9,133.35,0.91,208.0,0.01,0.01,2319.191421,1776361051000
1776361053.931,153.931,0.1,125.6,0.09,208.0,0.11,220.67,0.12,275.92,0.89,287.67,0.88,368.92,0.9,127.83,0.91,208.0,0.01,0.01,2319.187529,1776361052000
1776361054.625,154.625,0.1,125.04,0.09,208.0,0.11,220.67,0.12,275.92,0.89,220.67,0.88,275.92,0.9,125.6,0.91,208.0,0.01,0.01,2319.189793,1776361053000
1776361056.526,156.526,0.1,131.04,0.09,201.0,0.11,217.67,0.12,258.8,0.89,220.67,0.88,275.92,0.9,125.04,0.91,208.0,0.01,0.01,2319.231024,1776361055000
1776361056.845,156.845,0.1,126.04,0.09,201.0,0.11,266.67,0.12,258.8,0.89,217.67,0.88,258.8,0.9,131.04,0.91,201.0,0.01,0.01,2319.231024,1776361055000
1776361060.353,160.353,0.1,97.92,0.09,201.0,0.11,121.76,0.12,125.0,0.89,266.67,0.88,258.8,0.9,109.92,0.91,201.0,0.01,0.01,2319.287355,1776361059000
1776361061.091,161.091,0.1,130.42,0.09,201.0,0.11,22.0,0.12,125.0,0.89,121.76,0.88,125.0,0.9,97.92,0.91,201.0,0.01,0.01,2319.287355,1776361059000
1776361061.313,161.313,0.1,147.5,0.09,196.0,0.15,11.0,0.16,25.0,0.89,22.0,0.88,125.0,0.9,130.42,0.91,201.0,0.05,0.01,2319.287355,1776361059000
1776361061.836,161.836,0.19,32.14,0.18,10.0,0.2,6.25,0.21,70.0,0.84,22.81,0.83,55.0,0.9,147.5,0.91,196.0,0.01,0.06,2319.282442,1776361060000
1776361062.156,162.156,0.19,11.28,0.18,15.0,0.2,6.25,0.21,80.0,0.8,6.25,0.79,80.0,0.81,35.28,0.82,20.5,0.01,0.01,2319.282442,1776361060000
1776361062.866,162.866,0.19,8.81,0.18,90.0,0.2,67.8,0.21,90.5,0.8,6.25,0.79,80.0,0.81,11.28,0.82,15.0,0.01,0.01,2319.997132,1776361061000
1776361063.356,163.356,0.19,23.14,0.18,95.5,0.2,51.8,0.21,80.0,0.8,67.8,0.79,90.5,0.81,8.81,0.82,90.0,0.01,0.01,2320.303735,1776361062000
1776361064.743,164.743,0.19,101.78,0.18,95.5,0.2,121.8,0.21,80.0,0.8,51.8,0.79,80.0,0.81,23.14,0.82,95.5,0.01,0.01,2320.558505,1776361063000
1776361065.036,165.036,0.19,100.54,0.18,95.5,0.2,121.8,0.21,80.0,0.8,121.8,0.79,80.0,0.81,101.78,0.82,95.5,0.01,0.01,2320.6385,1776361064000
1776361065.696,165.696,0.19,78.54,0.18,119.9,0.2,71.8,0.21,80.0,0.8,121.8,0.79,80.0,0.81,100.54,0.82,95.5,0.01,0.01,2320.6385,1776361064000
1776361066.304,166.304,0.19,147.77,0.18,119.9,0.2,71.8,0.21,80.0,0.8,71.8,0.79,80.0,0.81,78.54,0.82,119.9,0.01,0.01,2320.646103,1776361065000
1776361066.718,166.718,0.19,317.27,0.18,54.9,0.2,62.0,0.21,80.0,0.8,71.8,0.79,80.0,0.81,147.77,0.82,119.9,0.01,0.01,2320.646103,1776361065000
1776361067.176,167.176,0.2,150.5,0.19,63.4,0.21,13.0,0.22,84.0,0.79,10.0,0.78,10.0,0.81,323.29,0.82,54.9,0.01,0.02,2320.713195,1776361066000
1776361067.42,167.42,0.19,37.0,0.18,10.0,0.21,31.5,0.22,72.0,0.8,27.0,0.79,33.5,0.81,37.0,0.82,10.0,0.02,0.01,2320.713195,1776361066000
1776361067.779,167.779,0.14,80.0,0.13,75.0,0.15,4.0,0.16,53.75,0.84,3.75,0.83,10.0,0.85,70.0,0.86,80.0,0.01,0.01,2320.713195,1776361066000
1776361068.053,168.053,0.14,70.0,0.13,75.0,0.15,117.29,0.16,13.31,0.85,77.0,0.84,8.31,0.86,80.0,0.87,75.0,0.01,0.01,2320.713195,1776361066000
1776361068.278,168.278,0.13,75.0,0.12,35.0,0.15,135.79,0.16,23.81,0.85,115.79,0.84,23.81,0.86,17.11,0.87,75.0,0.02,0.01,2320.724755,1776361067000
1776361068.604,168.604,0.13,25.0,0.12,45.0,0.15,96.79,0.16,27.81,0.85,135.79,0.84,23.81,0.87,75.0,0.88,35.0,0.02,0.02,2320.724755,1776361067000
1776361069.65,169.65,0.13,8.73,0.12,35.0,0.14,204.5,0.15,63.79,0.86,148.0,0.85,96.79,0.87,35.0,0.88,45.0,0.01,0.01,2320.44796,1776361068000
1776361069.987,169.987,0.13,8.73,0.12,35.0,0.14,197.35,0.15,63.79,0.86,204.5,0.85,63.79,0.87,8.73,0.88,35.0,0.01,0.01,2320.44796,1776361068000
1776361070.219,170.219,0.13,31.63,0.12,35.0,0.14,189.35,0.15,63.79,0.86,197.35,0.85,63.79,0.87,8.73,0.88,35.0,0.01,0.01,2320.44796,1776361068000
1776361070.433,170.433,0.13,11.62,0.12,35.0,0.14,199.35,0.15,63.79,0.86,189.35,0.85,63.79,0.87,31.63,0.88,35.0,0.01,0.01,2319.6882,1776361069000
1776361073.312,173.312,0.13,10.3,0.12,40.0,0.14,51.35,0.15,71.79,0.86,199.35,0.85,63.79,0.87,11.62,0.88,35.0,0.01,0.01,2319.703483,1776361072000
1776361074.691,174.691,0.12,18.63,0.11,46.79,0.13,53.5,0.14,51.35,0.86,51.35,0.85,71.79,0.87,10.3,0.88,40.0,0.01,0.01,2319.752737,1776361073000
1776361075.42,175.42,0.12,23.87,0.11,10.0,0.13,10.5,0.14,75.96,0.87,53.5,0.86,51.35,0.88,18.63,0.89,46.79,0.01,0.01,2319.681198,1776361074000
1776361075.741,175.741,0.12,52.0,0.11,60.0,0.14,60.46,0.15,35.29,0.87,10.5,0.86,75.96,0.88,23.87,0.89,10.0,0.02,0.01,2319.681198,1776361074000
1776361076.079,176.079,0.13,11.0,0.12,10.0,0.14,30.31,0.15,45.29,0.86,47.46,0.85,45.29,0.87,11.0,0.88,10.0,0.01,0.01,2319.681198,1776361074000
1776361076.744,176.744,0.13,59.0,0.12,20.5,0.14,17.53,0.15,45.29,0.86,30.31,0.85,45.29,0.87,11.0,0.88,10.0,0.01,0.01,2319.68505,1776361075000
1776361076.976,176.976,0.13,70.38,0.12,54.6,0.14,17.53,0.15,45.29,0.86,17.53,0.85,45.29,0.87,89.65,0.88,54.6,0.01,0.01,2319.68505,1776361075000
1776361077.227,177.227,0.13,247.88,0.12,154.6,0.15,41.65,0.16,10.0,0.86,17.53,0.85,45.29,0.87,70.38,0.88,54.6,0.02,0.01,2319.68505,1776361075000
1776361077.616,177.616,0.14,97.0,0.13,155.88,0.15,48.65,0.16,78.85,0.85,41.65,0.84,10.0,0.87,247.88,0.88,154.6,0.01,0.02,2319.94347,1776361076000
1776361077.833,177.833,0.14,115.62,0.13,150.88,0.15,48.65,0.16,78.85,0.85,48.65,0.84,78.85,0.86,97.0,0.87,155.88,0.01,0.01,2319.94347,1776361076000
1776361078.424,178.424,0.14,62.34,0.13,160.88,0.15,38.65,0.16,88.85,0.85,38.65,0.84,78.85,0.86,115.62,0.87,150.88,0.01,0.01,2319.978549,1776361077000
1776361078.803,178.803,0.14,52.34,0.13,150.38,0.15,91.65,0.16,99.35,0.85,38.65,0.84,88.85,0.86,62.34,0.87,160.88,0.01,0.01,2319.978549,1776361077000
1776361079.594,179.594,0.14,7.0,0.13,121.8,0.15,94.15,0.16,119.35,0.85,91.65,0.84,99.35,0.86,52.34,0.87,150.38,0.01,0.01,2320.268438,1776361078000
1776361080.981,180.981,0.13,82.64,0.12,54.1,0.15,100.15,0.16,125.24,0.85,94.15,0.84,119.35,0.87,110.8,0.88,54.1,0.02,0.02,2320.283075,1776361079000
1776361081.557,181.557,0.13,59.0,0.12,10.0,0.14,88.5,0.15,100.15,0.85,100.15,0.84,125.24,0.87,82.64,0.88,54.1,0.01,0.02,2320.203632,1776361080000
1776361081.961,181.961,0.12,15.0,0.1,205.0,0.14,264.35,0.15,90.15,0.86,88.5,0.85,100.15,0.87,56.0,0.88,10.0,0.02,0.01,2320.203632,1776361080000
1776361082.622,182.622,0.1,152.0,0.09,241.0,0.11,162.0,0.12,10.0,0.89,8.0,0.86,254.35,0.9,205.0,0.91,285.0,0.01,0.01,2320.141692,1776361081000
1776361083.493,183.493,0.08,362.0,0.07,345.0,0.1,249.1,0.11,172.0,0.89,177.0,0.88,10.0,0.91,230.45,0.92,362.0,0.02,0.02,2320.011161,1776361082000
1776361083.77,183.77,0.08,249.66,0.07,345.0,0.09,162.0,0.1,302.6,0.91,162.0,0.9,297.6,0.92,355.91,0.93,345.0,0.01,0.01,2320.011161,1776361082000
1776361083.983,183.983,0.08,229.8,0.07,345.0,0.09,162.0,0.1,402.6,0.91,162.0,0.9,322.6,0.92,234.8,0.93,345.0,0.01,0.01,2320.011161,1776361082000
1776361084.28,184.28,0.08,224.8,0.07,345.0,0.09,192.0,0.1,397.6,0.91,162.0,0.9,402.6,0.92,229.8,0.93,345.0,0.01,0.01,2320.011161,1776361082000
1776361084.533,184.533,0.08,203.95,0.07,345.0,0.09,192.0,0.1,397.6,0.91,192.0,0.9,397.6,0.92,209.39,0.93,345.0,0.01,0.01,2320.011161,1776361082000
1776361085.558,185.558,0.07,343.64,0.06,301.0,0.09,320.24,0.1,303.5,0.91,192.0,0.9,397.6,0.92,203.95,0.93,345.0,0.02,0.01,2318.9598,1776361084000
1776361085.872,185.872,0.07,239.75,0.06,296.0,0.08,62.0,0.09,319.24,0.91,320.24,0.9,303.5,0.93,343.64,0.94,301.0,0.01,0.02,2318.9598,1776361084000
1776361086.424,186.424,0.07,167.25,0.06,296.0,0.08,43.0,0.09,134.5,0.92,62.0,0.91,319.24,0.93,209.53,0.94,296.0,0.01,0.01,2318.665914,1776361085000
1776361086.963,186.963,0.07,12.25,0.06,319.0,0.08,189.5,0.09,134.5,0.92,43.0,0.91,134.5,0.93,167.25,0.94,296.0,0.01,0.01,2318.665914,1776361085000
1776361087.184,187.184,0.07,30.98,0.06,336.0,0.08,74.0,0.09,25.5,0.92,189.5,0.91,134.5,0.93,12.25,0.94,319.0,0.01,0.01,2318.621055,1776361086000
1776361087.717,187.717,0.06,349.18,0.05,295.95,0.07,20.5,0.08,180.15,0.92,69.0,0.91,25.5,0.94,336.0,0.95,295.95,0.01,0.02,2318.621055,1776361086000
1776361088.125,188.125,0.06,339.18,0.05,295.95,0.07,20.5,0.08,180.15,0.93,20.5,0.92,180.15,0.94,349.18,0.95,295.95,0.01,0.01,2318.621055,1776361086000
1776361088.974,188.974,0.06,318.18,0.05,290.95,0.09,42.0,0.1,80.5,0.93,20.5,0.92,180.15,0.94,339.18,0.95,295.95,0.03,0.01,2318.588874,1776361087000
1776361089.669,189.669,0.06,218.18,0.05,405.95,0.07,15.94,0.08,25.5,0.91,42.0,0.9,80.5,0.94,318.18,0.95,290.95,0.01,0.03,2318.69267,1776361088000
1776361090.231,190.231,0.06,175.11,0.05,405.95,0.07,15.94,0.08,98.4,0.93,15.94,0.92,25.5,0.94,218.18,0.95,405.95,0.01,0.01,2318.69267,1776361088000
1776361090.677,190.677,0.07,167.7,0.06,260.11,0.08,20.5,0.09,20.5,0.93,15.94,0.92,98.4,0.94,175.11,0.95,405.95,0.01,0.01,2318.76136,1776361089000
1776361091.086,191.086,0.07,52.88,0.06,265.11,0.08,10.0,0.09,10.5,0.92,20.5,0.91,20.5,0.93,167.7,0.94,260.11,0.01,0.01,2318.76136,1776361089000
1776361091.609,191.609,0.08,12.0,0.07,182.88,0.09,20.5,0.1,52.5,0.92,10.0,0.91,10.5,0.93,52.88,0.94,265.11,0.01,0.01,2318.79484,1776361090000
1776361091.946,191.946,0.08,1.13,0.07,100.0,0.09,154.72,0.1,80.5,0.91,20.5,0.9,52.5,0.92,12.0,0.93,182.88,0.01,0.01,2318.79484,1776361090000
1776361093.071,193.071,0.08,156.13,0.07,100.0,0.09,7.77,0.1,20.5,0.91,143.6,0.9,80.5,0.92,1.13,0.93,141.0,0.01,0.01,2318.91152,1776361091000
1776361093.571,193.571,0.09,2.01,0.08,109.13,0.1,22.5,0.11,56.5,0.9,17.5,0.89,56.5,0.91,7.23,0.92,122.13,0.01,0.01,2319.073894,1776361092000
1776361094.352,194.352,0.09,19.0,0.08,134.11,0.1,22.5,0.11,57.5,0.9,22.5,0.89,45.5,0.92,106.11,0.93,105.0,0.01,0.02,2319.067824,1776361093000
1776361094.66,194.66,0.09,85.0,0.08,110.0,0.1,13.0,0.11,45.5,0.9,22.5,0.89,57.5,0.91,19.0,0.92,134.11,0.01,0.01,2319.067824,1776361093000
1776361096.982,196.982,0.08,136.13,0.07,110.0,0.09,45.74,0.1,20.5,0.9,13.0,0.89,45.5,0.91,85.0,0.92,110.0,0.01,0.01,2319.104571,1776361095000
1776361097.694,197.694,0.08,41.56,0.07,10.0,0.09,50.74,0.1,20.5,0.91,45.74,0.9,20.5,0.92,136.13,0.93,110.0,0.01,0.01,2319.337804,1776361096000
1776361098.535,198.535,0.08,88.56,0.07,15.0,0.09,11.18,0.1,120.5,0.91,50.74,0.9,20.5,0.92,41.56,0.93,10.0,0.01,0.01,2319.337804,1776361096000
1776361098.938,198.938,0.08,85.84,0.07,15.0,0.09,21.18,0.1,120.5,0.91,11.18,0.9,120.5,0.92,88.56,0.93,15.0,0.01,0.01,2319.306851,1776361097000
1776361099.469,199.469,0.08,76.85,0.07,45.0,0.09,64.27,0.1,5.0,0.91,21.18,0.9,120.5,0.92,81.15,0.93,15.0,0.01,0.01,2319.305882,1776361098000
1776361099.718,199.718,0.08,99.0,0.07,45.0,0.09,4.14,0.11,86.79,0.91,7.14,0.89,86.79,0.92,119.0,0.93,45.0,0.01,0.01,2319.305882,1776361098000
1776361099.956,199.956,0.09,10.86,0.08,82.0,0.1,10.0,0.11,86.79,0.91,4.14,0.89,86.79,0.92,99.0,0.93,45.0,0.01,0.01,2319.305882,1776361098000
1776361100.317,200.317,0.09,7.66,0.08,45.0,0.1,25.0,0.11,76.79,0.9,10.0,0.89,86.79,0.91,10.86,0.92,58.0,0.01,0.01,2319.305882,1776361098000
1776361101.095,201.095,0.09,9.0,0.08,26.7,0.1,145.55,0.11,87.29,0.9,78.05,0.89,76.79,0.92,31.7,0.93,105.16,0.01,0.02,2319.285063,1776361100000
1776361101.91,201.91,0.09,4.04,0.08,25.0,0.1,123.55,0.11,87.29,0.9,145.55,0.89,87.29,0.91,9.0,0.92,26.7,0.01,0.01,2319.285063,1776361100000
1776361103.405,203.405,0.07,49.28,0.06,317.71,0.1,123.55,0.11,87.29,0.9,123.55,0.89,87.29,0.91,4.04,0.92,25.0,0.03,0.01,2319.498675,1776361102000
1776361103.917,203.917,0.07,52.09,0.06,317.71,0.08,10.0,0.09,20.0,0.9,123.55,0.89,87.29,0.93,49.28,0.94,317.71,0.01,0.03,2319.498675,1776361102000
1776361105.568,205.568,0.06,213.91,0.05,391.75,0.07,9.14,0.08,83.23,0.92,10.0,0.91,20.0,0.93,52.09,0.94,317.71,0.01,0.01,2319.469933,1776361103000
1776361109.287,209.287,0.05,290.0,0.04,391.0,0.07,112.32,0.08,203.4,0.93,35.85,0.92,52.0,0.94,219.91,0.95,396.75,0.02,0.01,2319.310188,1776361108000
1776361109.727,209.727,0.05,290.0,0.04,391.0,0.06,8.33,0.07,112.32,0.93,112.32,0.92,203.4,0.95,290.0,0.96,391.0,0.01,0.02,2319.310188,1776361108000
1776361109.993,209.993,0.05,276.98,0.04,396.0,0.06,8.33,0.07,227.32,0.94,8.33,0.93,227.32,0.95,288.09,0.96,396.0,0.01,0.01,2319.310188,1776361108000
1776361110.333,210.333,0.05,275.92,0.04,396.0,0.06,18.33,0.07,122.32,0.94,8.33,0.93,227.32,0.95,276.98,0.96,396.0,0.01,0.01,2319.19254,1776361109000
1776361111.951,211.951,0.05,63.28,0.04,396.0,0.06,107.63,0.07,205.32,0.94,18.33,0.93,122.32,0.95,275.92,0.96,396.0,0.01,0.01,2319.097362,1776361110000
1776361112.951,212.951,0.05,58.02,0.04,381.0,0.06,207.63,0.07,195.32,0.94,107.63,0.93,205.32,0.95,63.28,0.96,396.0,0.01,0.01,2318.998735,1776361111000
1776361113.261,213.261,0.05,74.96,0.04,396.0,0.06,33.33,0.07,84.82,0.94,207.63,0.93,195.32,0.95,56.96,0.96,381.0,0.01,0.01,2319.03727,1776361112000
1776361113.704,213.704,0.05,32.32,0.04,396.0,0.06,23.33,0.07,20.38,0.94,33.33,0.93,84.82,0.95,74.96,0.96,396.0,0.01,0.01,2319.03727,1776361112000
1776361115.454,215.454,0.04,421.0,0.03,578.0,0.05,9.79,0.06,23.33,0.94,23.33,0.93,20.38,0.95,30.21,0.96,396.0,0.01,0.01,2319.219387,1776361114000
1776361115.671,215.671,0.04,415.89,0.03,701.7,0.05,14.79,0.06,23.33,0.95,9.79,0.94,23.33,0.96,421.0,0.97,578.0,0.01,0.01,2319.219387,1776361114000
1776361116.018,216.018,0.05,9.21,0.04,534.69,0.06,23.33,0.07,85.68,0.95,14.79,0.94,23.33,0.96,415.89,0.97,701.7,0.01,0.01,2319.251214,1776361115000
1776361116.298,216.298,0.05,22.53,0.04,608.49,0.06,23.33,0.07,85.68,0.94,23.33,0.93,85.68,0.95,9.21,0.96,534.69,0.01,0.01,2319.251214,1776361115000
1776361117.009,217.009,0.04,464.69,0.03,601.7,0.05,10.0,0.06,23.33,0.94,23.33,0.93,85.68,0.95,22.53,0.96,608.49,0.01,0.01,2319.251214,1776361115000
1776361118.189,218.189,0.04,459.79,0.03,606.7,0.05,15.0,0.06,33.33,0.95,10.0,0.94,23.33,0.96,464.69,0.97,601.7,0.01,0.01,2319.42187,1776361117000
1776361119.837,219.837,0.04,458.74,0.03,448.0,0.05,10.0,0.06,23.33,0.95,15.0,0.94,33.33,0.96,459.79,0.97,606.7,0.01,0.01,2319.179901,1776361118000
1776361121.398,221.398,0.04,443.11,0.03,448.0,0.05,25.0,0.06,33.83,0.95,10.0,0.94,23.33,0.96,453.53,0.97,448.0,0.01,0.01,2319.253615,1776361120000
1776361123.416,223.416,0.04,535.86,0.03,448.0,0.05,25.0,0.06,68.83,0.95,25.0,0.94,33.83,0.96,443.11,0.97,448.0,0.01,0.01,2319.138853,1776361122000
1776361124.421,224.421,0.04,529.86,0.03,448.0,0.05,25.0,0.06,132.63,0.95,25.0,0.94,68.83,0.96,535.86,0.97,448.0,0.01,0.01,2319.156916,1776361123000
1776361130.501,230.501,0.04,523.6,0.03,448.0,0.05,261.3,0.06,326.43,0.95,25.0,0.94,132.63,0.96,524.65,0.97,448.0,0.01,0.01,2319.091733,1776361129000
1776361132.765,232.765,0.04,314.25,0.03,448.0,0.05,353.3,0.06,311.43,0.95,261.3,0.94,326.43,0.96,518.3,0.97,448.0,0.01,0.01,2319.045391,1776361131000
1776361133.871,233.871,0.03,348.65,0.02,522.0,0.05,244.3,0.06,311.43,0.95,353.3,0.94,311.43,0.96,314.25,0.97,448.0,0.02,0.01,2319.045391,1776361131000
1776361134.078,234.078,0.03,343.49,0.02,403.0,0.04,234.0,0.05,228.3,0.95,244.3,0.94,311.43,0.97,348.65,0.98,522.0,0.01,0.02,2319.045391,1776361131000
1776361134.362,234.362,0.03,343.49,0.02,403.0,0.04,306.24,0.05,221.3,0.96,234.0,0.95,228.3,0.97,343.49,0.98,403.0,0.01,0.01,2319.045391,1776361131000
1776361134.732,234.732,0.03,333.28,0.02,403.0,0.04,306.24,0.05,221.3,0.96,306.24,0.95,221.3,0.97,343.49,0.98,403.0,0.01,0.01,2319.045391,1776361131000
1776361135.817,235.817,0.03,221.93,0.02,586.7,0.04,306.24,0.05,231.3,0.96,306.24,0.95,216.3,0.97,322.97,0.98,586.7,0.01,0.01,2318.810253,1776361134000
1776361137.434,237.434,0.03,216.78,0.02,586.7,0.04,218.7,0.05,220.3,0.96,306.24,0.95,231.3,0.97,221.93,0.98,586.7,0.01,0.01,2318.997611,1776361136000
1776361139.083,239.083,0.04,40.0,0.03,226.78,0.05,4.0,0.06,107.13,0.96,218.7,0.95,220.3,0.97,216.78,0.98,586.7,0.01,0.01,2319.006461,1776361137000
1776361139.314,239.314,0.04,55.0,0.03,221.78,0.06,20.33,0.07,150.6,0.94,89.13,0.93,150.6,0.96,25.0,0.97,221.78,0.02,0.02,2319.006461,1776361137000
1776361139.782,239.782,0.06,73.39,0.05,131.1,0.07,35.0,0.08,45.77,0.93,150.6,0.92,50.77,0.94,19.67,0.96,55.0,0.01,0.01,2319.0242,1776361138000
1776361141.216,241.216,0.06,72.07,0.05,131.1,0.07,30.0,0.08,45.77,0.93,35.0,0.92,45.77,0.94,73.39,0.95,131.1,0.01,0.01,2319.464113,1776361140000
1776361141.427,241.427,0.06,6.83,0.03,216.78,0.07,20.0,0.08,45.77,0.93,30.0,0.92,45.77,0.94,61.94,0.95,100.0,0.01,0.01,2319.464113,1776361140000
1776361141.958,241.958,0.04,143.0,0.03,445.48,0.07,2.85,0.08,50.77,0.93,28.57,0.92,45.77,0.96,133.0,0.97,316.78,0.03,0.03,2319.464113,1776361140000
1776361142.186,242.186,0.05,30.0,0.04,115.2,0.07,0.85,0.08,45.77,0.94,5.0,0.93,2.85,0.96,115.2,0.97,445.48,0.02,0.02,2320.247828,1776361141000
1776361142.972,242.972,0.06,56.0,0.05,10.0,0.08,33.26,0.09,20.0,0.92,43.26,0.91,20.0,0.95,10.0,0.96,120.2,0.02,0.03,2320.247828,1776361141000
1776361143.466,243.466,0.07,21.0,0.06,35.0,0.08,30.26,0.09,20.0,0.92,33.26,0.91,20.0,0.94,56.0,0.95,10.0,0.01,0.02,2320.22399,1776361142000
1776361143.741,243.741,0.07,40.0,0.06,98.8,0.08,30.26,0.09,20.0,0.92,30.26,0.91,20.0,0.93,21.0,0.94,35.0,0.01,0.01,2320.22399,1776361142000
1776361144.109,244.109,0.07,16.0,0.06,167.6,0.09,12.26,0.1,56.11,0.92,8.26,0.91,25.0,0.93,16.0,0.94,103.8,0.02,0.01,2320.22399,1776361142000
1776361145.325,245.325,0.09,16.94,0.08,109.9,0.1,36.11,0.11,81.79,0.91,12.26,0.9,56.11,0.93,16.0,0.94,167.6,0.01,0.02,2320.224982,1776361144000
1776361145.715,245.715,0.08,83.9,0.07,120.3,0.1,46.11,0.11,81.79,0.9,46.11,0.89,81.79,0.91,92.75,0.92,83.9,0.02,0.01,2320.224982,1776361144000
1776361147.293,247.293,0.09,37.0,0.08,113.9,0.1,16.11,0.11,81.79,0.9,46.11,0.89,81.79,0.92,83.9,0.93,120.3,0.01,0.02,2320.59312,1776361146000
1776361148.361,248.361,0.1,13.89,0.09,113.0,0.11,25.0,0.12,119.1,0.9,16.11,0.89,81.79,0.91,37.0,0.92,113.9,0.01,0.01,2320.680136,1776361147000
1776361148.57,248.57,0.1,92.93,0.09,79.0,0.11,15.0,0.12,119.1,0.89,25.0,0.88,119.1,0.9,13.89,0.91,113.0,0.01,0.01,2320.680136,1776361147000
1776361148.9,248.9,0.11,35.0,0.1,121.93,0.12,119.1,0.13,71.8,0.89,15.0,0.88,119.1,0.9,92.93,0.91,79.0,0.01,0.01,2320.680136,1776361147000
1776361150.532,250.532,0.11,104.0,0.1,65.0,0.12,56.66,0.13,71.8,0.88,119.1,0.87,71.8,0.89,35.0,0.9,121.93,0.01,0.01,2320.9002,1776361149000
1776361151.366,251.366,0.11,89.0,0.1,65.0,0.12,56.66,0.13,71.8,0.88,56.66,0.87,71.8,0.89,104.0,0.9,65.0,0.01,0.01,2320.999831,1776361150000
1776361151.791,251.791,0.11,87.76,0.1,65.0,0.12,52.82,0.13,71.8,0.88,56.66,0.87,71.8,0.89,77.76,0.9,65.0,0.01,0.01,2320.999831,1776361150000
1776361154.744,254.744,0.12,76.0,0.11,50.0,0.13,61.8,0.14,30.0,0.88,52.82,0.87,71.8,0.89,87.76,0.9,65.0,0.01,0.01,2321.119195,1776361153000
1776361155.252,255.252,0.1,10.0,0.09,21.11,0.13,30.0,0.14,60.0,0.87,61.8,0.86,30.0,0.88,76.0,0.89,50.0,0.03,0.01,2321.119195,1776361153000
1776361155.527,255.527,0.1,7.0,0.09,68.95,0.11,107.0,0.12,5.0,0.89,90.0,0.88,10.0,0.91,68.95,0.92,10.0,0.01,0.02,2321.120436,1776361154000
1776361155.802,255.802,0.12,10.0,0.11,160.0,0.14,30.0,0.15,30.65,0.89,27.0,0.88,5.0,0.91,68.95,0.92,10.0,0.02,0.02,2321.120436,1776361154000
1776361156.124,256.124,0.13,29.0,0.11,160.0,0.14,7.0,0.15,40.65,0.86,20.0,0.85,30.65,0.87,43.47,0.88,10.0,0.01,0.01,2321.120436,1776361154000
1776361156.582,256.582,0.14,4.18,0.13,10.0,0.15,20.65,0.16,46.8,0.87,10.0,0.86,17.0,0.89,192.89,0.9,165.0,0.01,0.02,2321.14914,1776361155000
1776361156.861,256.861,0.14,82.18,0.13,21.0,0.15,13.38,0.16,46.8,0.85,20.65,0.84,46.8,0.86,4.18,0.87,10.0,0.01,0.01,2321.14914,1776361155000
1776361157.236,257.236,0.16,40.0,0.15,32.0,0.17,95.0,0.18,85.0,0.84,46.8,0.83,110.0,0.86,63.18,0.87,21.0,0.01,0.02,2321.14914,1776361155000
1776361158.354,258.354,0.17,32.0,0.16,55.0,0.19,106.05,0.2,145.0,0.83,95.0,0.82,85.0,0.84,40.0,0.85,32.0,0.02,0.01,2321.212748,1776361156000
1776361158.626,258.626,0.17,64.0,0.16,96.0,0.18,9.88,0.19,96.05,0.81,106.05,0.8,145.0,0.83,32.0,0.84,55.0,0.01,0.02,2321.212748,1776361156000
1776361159.148,259.148,0.17,41.34,0.16,10.0,0.18,64.88,0.19,114.05,0.82,9.88,0.81,96.05,0.83,64.0,0.84,96.0,0.01,0.01,2321.36391,1776361157000
1776361160.387,260.387,0.13,64.73,0.12,64.1,0.14,15.0,0.15,15.0,0.82,71.88,0.81,119.05,0.85,10.0,0.86,50.0,0.01,0.03,2321.578473,1776361159000
1776361160.719,260.719,0.13,35.0,0.12,10.0,0.14,39.15,0.15,15.0,0.86,15.0,0.85,15.0,0.87,64.73,0.88,64.1,0.01,0.01,2321.578473,1776361159000
1776361160.947,260.947,0.11,10.0,0.1,95.0,0.13,12.69,0.14,17.15,0.86,39.15,0.85,30.0,0.89,10.64,0.9,135.0,0.02,0.03,2321.578473,1776361159000
1776361162.608,262.608,0.16,7.99,0.15,10.0,0.19,75.95,0.2,170.0,0.87,10.0,0.86,17.15,0.88,4.59,0.89,10.0,0.03,0.01,2321.501541,1776361160000
1776361162.994,262.994,0.18,14.57,0.17,10.0,0.19,75.95,0.2,190.0,0.81,75.95,0.8,170.0,0.84,5.94,0.85,20.0,0.01,0.03,2321.323107,1776361161000
1776361163.237,263.237,0.18,63.57,0.17,10.0,0.19,70.87,0.2,190.0,0.81,75.95,0.8,190.0,0.82,14.57,0.83,10.0,0.01,0.01,2321.323107,1776361161000
1776361165.5,265.5,0.18,48.35,0.17,19.0,0.19,70.87,0.2,180.0,0.81,70.87,0.8,190.0,0.82,63.57,0.83,10.0,0.01,0.01,2321.55778,1776361164000
1776361166.202,266.202,0.18,13.76,0.17,29.0,0.19,70.87,0.2,185.0,0.81,70.87,0.8,180.0,0.82,35.59,0.83,19.0,0.01,0.01,2321.55778,1776361164000
1776361166.51,266.51,0.15,10.0,0.14,20.0,0.18,5.77,0.19,120.87,0.81,90.87,0.8,190.0,0.82,2.23,0.85,10.0,0.03,0.01,2321.597794,1776361165000
1776361166.816,266.816,0.15,7.0,0.14,20.0,0.16,19.0,0.17,24.0,0.82,5.77,0.81,120.87,0.85,10.0,0.86,20.0,0.01,0.03,2321.597794,1776361165000
1776361168.253,268.253,0.14,7.95,0.13,45.0,0.15,15.0,0.16,51.0,0.84,12.75,0.83,24.0,0.86,20.0,0.87,111.8,0.01,0.02,2321.65367,1776361166000
1776361169.581,269.581,0.15,15.0,0.14,15.0,0.16,1.0,0.17,18.0,0.85,15.0,0.84,51.0,0.86,7.95,0.87,45.0,0.01,0.01,2321.529835,1776361167000
1776361170.781,270.781,0.16,4.52,0.15,10.0,0.17,10.0,0.18,10.0,0.82,16.0,0.81,15.87,0.84,8.8,0.85,10.0,0.01,0.02,2321.444071,1776361169000
1776361171.13,271.13,0.15,4.23,0.14,10.0,0.17,10.0,0.18,10.0,0.83,10.0,0.82,10.0,0.84,4.52,0.85,10.0,0.02,0.01,2321.454222,1776361170000
1776361171.567,271.567,0.18,6.78,0.17,43.0,0.19,27.87,0.2,10.0,0.83,10.0,0.82,10.0,0.85,4.23,0.86,10.0,0.01,0.02,2321.454222,1776361170000
1776361172.064,272.064,0.16,50.0,0.12,34.1,0.17,11.02,0.18,26.09,0.81,19.87,0.8,15.0,0.82,8.6,0.83,19.0,0.01,0.01,2321.559011,1776361171000
1776361172.276,272.276,0.13,2.0,0.11,10.0,0.14,29.0,0.15,20.0,0.86,24.0,0.85,15.0,0.89,10.0,0.9,10.0,0.01,0.03,2321.559011,1776361171000
1776361172.544,272.544,0.1,7.7,0.09,4.54,0.12,15.0,0.13,15.0,0.87,10.0,0.86,76.0,0.91,4.54,0.92,58.9,0.02,0.04,2321.559011,1776361171000
1776361173.124,273.124,0.1,7.7,0.09,4.54,0.11,67.05,0.12,15.0,0.88,15.0,0.87,15.0,0.9,7.7,0.91,4.54,0.01,0.02,2321.559011,1776361171000
1776361173.62,273.62,0.1,12.7,0.09,4.54,0.11,18.77,0.12,15.0,0.89,16.14,0.88,15.0,0.9,7.7,0.91,4.54,0.01,0.01,2321.5766,1776361172000
1776361174.652,274.652,0.1,8.24,0.09,4.54,0.11,14.05,0.12,15.0,0.89,14.05,0.88,15.0,0.9,9.36,0.91,4.54,0.01,0.01,2321.529803,1776361173000
1776361174.99,274.99,0.08,7.0,0.07,10.0,0.09,17.0,0.1,27.0,0.89,14.05,0.88,15.0,0.9,3.07,0.91,4.54,0.01,0.01,2321.529803,1776361173000
1776361175.377,275.377,0.08,6.57,0.07,10.0,0.09,5.0,0.1,32.0,0.91,17.0,0.9,27.0,0.92,7.0,0.93,10.0,0.01,0.01,2321.433115,1776361174000
1776361175.858,275.858,0.06,10.0,0.05,10.0,0.08,24.0,0.09,45.0,0.91,5.0,0.9,32.0,0.92,6.57,0.93,10.0,0.02,0.01,2321.433115,1776361174000
1776361176.074,276.074,0.07,7.0,0.06,10.0,0.08,41.0,0.09,45.0,0.92,24.0,0.91,45.0,0.94,10.0,0.95,10.0,0.01,0.02,2321.433115,1776361174000
1776361176.479,276.479,0.05,10.0,0.04,10.0,0.06,43.33,0.08,65.0,0.92,61.0,0.91,45.0,0.94,6.67,0.95,10.0,0.01,0.02,2321.379201,1776361175000
1776361177.106,277.106,0.05,8.94,0.04,10.0,0.06,25.0,0.07,32.0,0.94,43.33,0.92,65.0,0.95,10.0,0.96,10.0,0.01,0.01,2321.379201,1776361175000
1776361177.412,277.412,0.05,2.32,0.04,15.0,0.07,67.0,0.08,42.0,0.92,2.0,0.91,80.0,0.95,8.94,0.96,10.0,0.02,0.03,2321.379201,1776361175000
1776361177.755,277.755,0.03,9.17,0.02,193.0,0.05,15.0,0.06,15.0,0.94,15.0,0.93,72.0,0.96,1.85,0.97,9.17,0.02,0.02,2321.192844,1776361176000
1776361178.096,278.096,0.04,1.72,0.03,9.17,0.05,5.0,0.06,15.0,0.95,15.0,0.94,15.0,0.97,9.17,0.98,193.0,0.01,0.02,2321.137406,1776361177000
1776361178.524,278.524,0.04,1.72,0.03,9.17,0.08,2.5,0.09,120.0,0.95,5.0,0.94,15.0,0.96,1.72,0.97,9.17,0.04,0.01,2321.137406,1776361177000
1776361178.803,278.803,0.02,106.66,0.01,1737.52,0.05,5.0,0.06,22.0,0.92,2.5,0.91,120.0,0.96,1.72,0.97,9.17,0.03,0.04,2321.137406,1776361177000
1776361179.113,279.113,0.04,4.0,0.03,10.0,0.05,5.0,0.06,22.0,0.95,5.0,0.94,22.0,0.98,106.66,0.99,1737.52,0.01,0.03,2321.137406,1776361177000
1776361179.434,279.434,0.04,10.0,0.03,8.9,0.05,3.74,0.06,32.0,0.95,5.0,0.94,32.0,0.97,8.9,0.98,106.66,0.01,0.02,2320.86518,1776361178000
1776361179.856,279.856,0.03,0.9,0.02,106.66,0.05,3.74,0.06,32.0,0.95,3.74,0.94,32.0,0.96,10.0,0.97,8.9,0.02,0.01,2320.86518,1776361178000
1776361180.36,280.36,0.04,8.95,0.03,0.9,0.05,23.74,0.06,82.0,0.95,3.74,0.94,32.0,0.97,0.9,0.98,106.66,0.01,0.02,2320.81809,1776361179000
1776361180.72,280.72,0.03,0.9,0.02,106.66,0.04,65.83,0.05,13.74,0.95,23.74,0.94,82.0,0.96,8.95,0.97,0.9,0.01,0.01,2320.81809,1776361179000
1776361181.142,281.142,0.03,5.9,0.02,223.66,0.04,32.83,0.05,10.0,0.96,65.83,0.95,13.74,0.97,0.9,0.98,106.66,0.01,0.01,2320.81809,1776361179000
1776361181.343,281.343,0.04,19.95,0.03,39.9,0.05,124.0,0.06,15.0,0.95,104.0,0.94,10.0,0.96,25.0,0.97,39.9,0.01,0.01,2320.81809,1776361179000
1776361181.62,281.62,0.02,223.66,0.01,1743.49,0.05,124.0,0.06,15.0,0.95,124.0,0.94,15.0,0.96,19.95,0.97,39.9,0.03,0.01,2320.784198,1776361180000
1776361182.022,282.022,0.05,8.93,0.04,15.0,0.06,22.0,0.07,10.0,0.95,124.0,0.94,15.0,0.98,223.66,0.99,1743.49,0.01,0.03,2320.784198,1776361180000
1776361182.251,282.251,0.05,24.0,0.04,132.0,0.08,2.5,0.09,42.0,0.94,22.0,0.93,10.0,0.95,8.93,0.96,15.0,0.03,0.01,2320.81271,1776361181000
1776361182.515,282.515,0.05,4.95,0.04,127.0,0.07,10.0,0.08,10.0,0.93,10.0,0.92,10.0,0.95,24.0,0.96,132.0,0.02,0.02,2320.81271,1776361181000
1776361182.742,282.742,0.03,79.88,0.02,131.66,0.06,10.0,0.07,10.0,0.93,10.0,0.92,10.0,0.95,4.95,0.96,127.0,0.03,0.02,2320.81271,1776361181000
1776361183.264,283.264,0.03,5.0,0.02,223.66,0.05,21.14,0.06,33.0,0.95,6.14,0.94,10.0,0.96,10.0,0.97,126.88,0.02,0.01,2320.81271,1776361181000
1776361183.64,283.64,0.04,10.0,0.03,5.0,0.07,32.0,0.08,137.0,0.95,21.14,0.94,33.0,0.97,5.0,0.98,223.66,0.03,0.02,2320.975782,1776361182000
1776361184.323,284.323,0.02,101.66,0.01,1733.49,0.06,101.0,0.07,137.0,0.93,32.0,0.92,137.0,0.96,10.0,0.97,5.0,0.04,0.03,2321.12423,1776361183000
1776361184.827,284.827,0.02,101.66,0.01,1733.49,0.03,13.33,0.04,5.0,0.94,101.0,0.93,137.0,0.98,101.66,0.99,1733.49,0.01,0.04,2321.12423,1776361183000
1776361185.219,285.219,0.02,106.89,0.01,127.0,0.03,28.33,0.04,132.0,0.97,18.33,0.96,15.0,,,,,0.01,,2321.12423,1776361183000
1776361185.762,285.762,0.02,86.89,0.01,127.0,0.03,28.33,0.04,132.0,0.97,28.33,0.96,132.0,0.98,96.89,0.99,127.0,0.01,0.01,2321.097494,1776361184000
1776361186.072,286.072,0.02,84.89,0.01,127.0,0.03,43.33,0.04,127.0,0.97,28.33,0.96,132.0,0.98,86.89,0.99,127.0,0.01,0.01,2321.097494,1776361184000
1776361186.676,286.676,0.02,74.89,0.01,127.0,0.03,38.33,0.04,127.0,0.97,43.33,0.96,127.0,0.98,84.89,0.99,127.0,0.01,0.01,2321.05827,1776361185000
1776361187.275,287.275,0.02,54.89,0.01,127.0,0.03,43.64,0.04,10.0,0.97,38.33,0.96,127.0,0.98,8.89,0.99,127.0,0.01,0.01,2321.058162,1776361186000
1776361187.606,287.606,0.02,51.81,0.01,127.0,0.03,23.64,0.04,127.0,0.97,23.64,0.96,127.0,0.98,52.84,0.99,127.0,0.01,0.01,2321.058162,1776361186000
1776361188.184,288.184,0.02,244.0,0.01,10.0,0.03,23.64,0.04,10.0,0.97,23.64,0.96,127.0,0.98,29.58,0.99,127.0,0.01,0.01,2321.01803,1776361187000
1776361188.39,288.39,0.02,241.95,0.01,35.0,0.03,18.64,0.04,10.0,0.97,23.64,0.96,10.0,0.98,244.0,0.99,10.0,0.01,0.01,2321.01803,1776361187000
1776361189.102,289.102,0.03,10.0,0.02,241.95,0.04,8.64,0.05,25.0,0.96,8.64,0.95,127.0,0.98,241.95,0.99,10.0,0.01,0.02,2321.03627,1776361188000
1776361189.323,289.323,0.03,257.0,0.02,65.0,0.06,107.0,0.07,26.0,0.96,8.64,0.95,25.0,0.97,10.0,0.98,241.95,0.03,0.01,2321.03627,1776361188000
1776361189.704,289.704,0.06,43.0,0.04,163.0,0.07,10.0,0.08,26.0,0.94,7.0,0.93,10.0,0.96,10.0,0.97,127.0,0.01,0.02,2321.03627,1776361188000
1776361190.153,290.153,0.05,30.0,0.04,46.0,0.06,9.99,0.07,24.0,0.93,10.0,0.92,26.0,0.94,40.0,0.96,163.0,0.01,0.01,2321.131175,1776361189000
1776361190.553,290.553,0.05,27.77,0.04,10.0,0.06,8.16,0.07,144.0,0.94,8.16,0.93,132.0,0.95,30.0,0.96,10.0,0.01,0.01,2321.131175,1776361189000
1776361190.912,290.912,0.03,94.76,0.02,10.0,0.06,8.16,0.07,144.0,0.94,8.16,0.93,144.0,0.95,22.77,0.96,10.0,0.03,0.01,2321.131175,1776361189000
1776361191.502,291.502,0.04,107.0,0.03,17.0,0.05,28.98,0.06,24.16,0.95,8.72,0.94,13.16,0.96,117.0,0.97,10.0,0.01,0.01,2321.280845,1776361190000
1776361191.84,291.84,0.03,7.0,0.02,10.0,0.05,35.98,0.06,24.16,0.95,28.98,0.94,24.16,0.96,107.0,0.97,17.0,0.02,0.01,2321.280845,1776361190000
1776361192.156,292.156,0.02,35.0,0.01,35.0,0.04,10.0,0.05,28.98,0.95,35.98,0.94,24.16,0.97,7.0,0.98,10.0,0.02,0.02,2321.280845,1776361190000
1776361192.719,292.719,0.02,140.89,0.01,35.0,0.04,17.0,0.05,28.72,0.96,10.0,0.95,28.98,0.98,35.0,0.99,35.0,0.02,0.02,2321.49314,1776361191000
1776361193.348,293.348,0.02,119.61,0.01,10.0,0.04,22.0,0.05,39.72,0.96,22.0,0.95,23.72,0.98,124.72,0.99,35.0,0.02,0.02,2321.542878,1776361192000
1776361193.692,293.692,0.02,69.09,0.01,10.0,0.04,15.0,0.05,39.72,0.96,22.0,0.95,39.72,0.98,119.61,0.99,10.0,0.02,0.02,2321.542878,1776361192000
1776361194.007,294.007,0.02,2.65,0.01,33.0,0.04,30.0,0.05,23.72,0.96,15.0,0.95,39.72,0.98,69.09,0.99,10.0,0.02,0.02,2321.548434,1776361193000
1776361194.69,294.69,0.01,15.65,,,0.03,27.0,0.04,15.0,0.96,30.0,0.95,23.72,0.98,2.65,0.99,33.0,0.02,0.02,2321.548434,1776361193000
1776361195.481,295.481,,,,,0.01,126.88,0.02,5.0,0.97,27.0,0.96,15.0,,,,,,,2321.552359,1776361194000
1776361195.834,295.834,0.01,2372.12,,,0.03,2.0,0.04,35.0,0.98,5.0,0.97,10.0,0.99,2372.12,,,0.02,0.01,2321.552359,1776361194000
1776361196.103,296.103,0.01,2124.17,,,0.04,35.0,0.05,8.72,0.97,2.0,0.96,35.0,0.99,2124.17,,,0.03,0.02,2321.579955,1776361195000
1776361196.407,296.407,0.01,2002.67,,,0.03,10.0,0.04,65.0,0.97,10.0,0.96,65.0,0.99,2034.17,,,0.02,0.02,2321.579955,1776361195000
1776361196.712,296.712,0.01,1843.98,,,0.03,85.39,0.04,65.0,0.97,10.0,0.96,65.0,0.99,1854.98,,,0.02,0.02,2321.579955,1776361195000
1776361196.993,296.993,0.01,1760.36,,,0.02,17.0,0.03,85.39,0.97,85.39,0.96,65.0,0.99,1761.38,,,0.01,0.02,2321.579955,1776361195000
1776361197.317,297.317,0.01,1792.97,,,0.02,17.0,0.03,81.39,0.98,17.0,0.97,91.39,0.99,1748.33,,,0.01,0.01,2321.483969,1776361196000
1776361197.537,297.537,0.01,813.64,,,0.03,48.39,0.04,16.0,0.98,17.0,0.97,81.39,0.99,813.64,,,0.02,0.01,2321.483969,1776361196000
1776361197.912,297.912,,,,,0.01,29.78,0.06,24.0,0.97,15.0,0.96,10.0,,,,,,,2321.483969,1776361196000
1776361198.121,298.121,0.11,30.0,0.08,10.0,0.15,10.0,0.16,15.0,0.88,10.0,0.87,10.0,0.89,30.0,,,0.04,0.01,2321.45632,1776361197000
1776361198.363,298.363,0.21,5.46,0.11,24.43,0.29,3.1,0.3,29.97,0.78,10.0,0.77,10.0,0.79,5.46,0.89,24.43,0.08,0.01,2321.45632,1776361197000
1776361198.674,298.674,0.09,13.9,0.08,10.0,0.11,30.0,0.12,10.0,0.87,15.0,0.86,10.0,0.89,5.0,0.9,10.0,0.02,0.02,2321.45632,1776361197000
1776361198.985,298.985,0.04,4.2,0.03,10.0,0.06,13.0,0.08,10.0,0.94,13.0,0.92,10.0,0.95,10.0,0.96,5.63,0.02,0.01,2321.45632,1776361197000
1776361199.328,299.328,,,,,0.01,415.1,0.02,5.0,0.99,5.03,0.95,10.0,,,,,,,2321.575813,1776361198000
1776361200.05,300.05,,,,,0.01,8601.37,0.08,5.0,0.99,82.48,0.95,12.0,,,,,,,2321.575813,1776361198000
1776361200.297,300.297,,,,,0.01,10662.37,0.08,5.0,0.99,10657.68,0.92,5.0,,,,,,,2322.183729,1776361199000

# RESULT,winner=Down,slug=eth-updown-5m-1776360900,ticks=439
