timestamp,elapsed_sec,up_bid_p1,up_bid_s1,up_bid_p2,up_bid_s2,up_ask_p1,up_ask_s1,up_ask_p2,up_ask_s2,down_bid_p1,down_bid_s1,down_bid_p2,down_bid_s2,down_ask_p1,down_ask_s1,down_ask_p2,down_ask_s2,up_spread,down_spread,eth_price,eth_oracle_ts
1776277500.558,0.558,0.48,5.54,0.4,38.0,0.5,10.0,0.51,15.0,0.5,10.0,0.49,15.0,0.51,0.54,0.52,10.0,0.02,0.01,2349.99219,1776276632000
1776277501.632,1.632,0.49,0.84,0.48,5.54,0.5,10.0,0.51,20.0,0.5,10.0,0.49,15.0,0.52,5.54,0.6,38.0,0.01,0.02,2349.99219,1776276632000
1776277502.071,2.071,0.49,0.84,0.48,5.54,0.51,1.0,0.52,20.0,0.49,1.0,0.48,20.0,0.51,0.84,0.52,5.54,0.02,0.02,2349.99219,1776276632000
1776277502.341,2.341,0.5,3.0,0.49,5.84,0.51,1.0,0.52,20.0,0.49,1.0,0.48,20.0,0.51,0.84,0.52,5.54,0.01,0.02,2349.99219,1776276632000
1776277502.58,2.58,0.5,18.0,0.49,5.84,0.52,18.26,0.53,10.0,0.49,1.0,0.48,20.0,0.5,3.0,0.51,5.84,0.02,0.01,2349.99219,1776276632000
1776277502.904,2.904,0.51,70.0,0.5,3.0,0.52,14.41,0.53,10.0,0.48,18.26,0.47,10.0,0.5,18.0,0.51,5.84,0.01,0.02,2349.99219,1776276632000
1776277503.193,3.193,0.51,88.86,0.5,5.0,0.52,9.41,0.53,10.0,0.48,9.41,0.47,10.0,0.49,67.95,0.51,25.84,0.01,0.01,2349.99219,1776276632000
1776277503.413,3.413,0.51,95.0,0.5,30.0,0.52,3.56,0.53,10.0,0.48,9.41,0.47,10.0,0.49,88.86,0.5,5.0,0.01,0.01,2349.99219,1776276632000
1776277503.693,3.693,0.51,92.95,0.5,40.0,0.52,1.63,0.53,10.0,0.48,3.56,0.47,10.0,0.49,92.95,0.5,40.0,0.01,0.01,2349.99219,1776276632000
1776277503.914,3.914,0.53,10.0,0.52,10.0,0.54,18.0,0.58,10.0,0.46,18.0,0.41,10.0,0.49,107.95,0.5,40.0,0.01,0.03,2349.99219,1776276632000
1776277504.774,4.774,0.53,8.57,0.52,56.95,0.54,29.52,0.55,5.0,0.46,18.0,0.42,10.0,0.47,4.57,0.48,10.0,0.01,0.01,2349.99219,1776276632000
1776277505.031,5.031,0.53,11.0,0.52,71.95,0.54,29.52,0.55,5.0,0.46,29.52,0.45,5.0,0.47,2.57,0.48,67.95,0.01,0.01,2349.99219,1776276632000
1776277505.267,5.267,0.53,36.0,0.52,88.95,0.54,17.66,0.55,5.0,0.46,29.52,0.45,5.0,0.47,11.0,0.48,71.95,0.01,0.01,2349.99219,1776276632000
1776277505.771,5.771,0.53,57.36,0.52,84.95,0.54,4.66,0.55,5.0,0.46,4.66,0.45,5.0,0.47,36.0,0.48,71.95,0.01,0.01,2349.99219,1776276632000
1776277506.508,6.508,0.56,20.16,0.55,20.0,0.57,5.0,0.58,15.0,0.45,5.0,0.43,15.0,0.46,70.1,0.47,57.36,0.01,0.01,2349.99219,1776276632000
1776277507.795,7.795,0.56,5.16,0.55,15.0,0.57,33.24,0.58,15.0,0.43,5.0,0.42,15.0,0.44,20.16,0.45,20.0,0.01,0.01,2349.99219,1776276632000
1776277511.805,11.805,0.54,65.1,0.51,60.0,0.55,83.0,0.56,62.0,0.43,33.24,0.42,15.0,0.44,5.16,0.45,15.0,0.01,0.01,2349.99219,1776276632000
1776277512.741,12.741,0.54,47.86,0.51,5.0,0.55,205.5,0.56,136.0,0.45,83.0,0.44,62.0,0.46,65.1,0.49,60.0,0.01,0.01,2349.99219,1776276632000
1776277513.192,13.192,0.47,25.0,0.46,8.0,0.49,50.5,0.5,61.5,0.51,10.0,0.5,61.5,0.52,0.54,0.53,55.0,0.02,0.01,2349.99219,1776276632000
1776277513.4,13.4,0.46,8.0,0.44,5.0,0.47,5.0,0.48,15.0,0.51,50.5,0.5,61.5,0.53,25.0,0.54,8.0,0.01,0.02,2349.99219,1776276632000
1776277513.667,13.667,0.44,1.94,0.42,5.0,0.45,10.0,0.46,10.0,0.53,10.0,0.52,15.0,0.56,10.0,0.58,5.0,0.01,0.03,2349.99219,1776276632000
1776277513.986,13.986,0.44,26.26,0.43,5.0,0.45,36.0,0.46,26.0,0.55,10.0,0.54,10.0,0.56,1.94,0.58,5.0,0.01,0.01,2349.99219,1776276632000
1776277514.415,14.415,0.44,36.76,0.43,5.0,0.45,71.0,0.46,26.0,0.55,36.0,0.54,26.0,0.56,26.26,0.57,5.0,0.01,0.01,2349.99219,1776276632000
1776277514.81,14.81,0.44,26.76,0.43,5.0,0.48,12.61,0.49,46.5,0.55,71.0,0.54,26.0,0.56,36.76,0.57,5.0,0.04,0.01,2349.99219,1776276632000
1776277515.337,15.337,0.44,38.6,0.43,5.0,0.45,40.75,0.46,33.0,0.55,8.75,0.54,10.0,0.56,36.76,0.57,5.0,0.01,0.01,2349.99219,1776276632000
1776277515.71,15.71,0.44,32.38,0.43,72.34,0.45,40.75,0.46,38.0,0.55,40.75,0.54,33.0,0.56,38.6,0.57,5.0,0.01,0.01,2349.99219,1776276632000
1776277517.018,17.018,0.44,38.71,0.43,114.34,0.45,16.0,0.46,22.0,0.55,40.75,0.54,38.0,0.56,32.38,0.57,72.34,0.01,0.01,2349.99219,1776276632000
1776277519.667,19.667,0.42,15.5,0.41,5.0,0.44,42.0,0.45,62.0,0.55,16.0,0.54,22.0,0.56,38.71,0.57,114.34,0.02,0.01,2349.99219,1776276632000
1776277523.655,23.655,0.38,55.0,0.37,27.0,0.41,25.0,0.42,15.0,0.56,42.0,0.55,62.0,0.59,5.0,0.6,10.0,0.03,0.03,2349.99219,1776276632000
1776277524.319,24.319,0.4,16.0,0.39,44.0,0.42,2.09,0.43,20.0,0.59,25.0,0.58,15.0,0.62,55.0,0.63,27.0,0.02,0.03,2349.99219,1776276632000
1776277524.542,24.542,0.39,33.0,0.38,87.0,0.41,10.0,0.42,2.09,0.59,10.0,0.58,2.09,0.61,28.0,0.62,87.0,0.02,0.02,2349.99219,1776276632000
1776277527.468,27.468,0.39,53.5,0.38,123.5,0.4,14.87,0.41,15.0,0.59,10.0,0.58,2.09,0.61,33.0,0.62,87.0,0.01,0.02,2349.99219,1776276632000
1776277529.568,29.568,0.4,37.5,0.39,33.5,0.41,10.0,0.42,20.5,0.6,14.87,0.59,15.0,0.61,53.5,0.62,123.5,0.01,0.01,2349.99219,1776276632000
1776277530.611,30.611,0.39,100.86,0.38,112.5,0.4,20.0,0.42,5.0,0.59,10.0,0.58,20.5,0.6,3.5,0.61,33.5,0.01,0.01,2349.99219,1776276632000
1776277531.764,31.764,0.44,67.21,0.43,44.5,0.45,10.0,0.46,25.0,0.6,20.0,0.58,5.0,0.61,100.86,0.62,112.5,0.01,0.01,2349.99219,1776276632000
1776277532.88,32.88,0.45,20.0,0.44,25.21,0.51,15.19,0.52,71.0,0.55,10.0,0.54,25.0,0.56,67.21,0.57,44.5,0.06,0.01,2349.99219,1776276632000
1776277533.209,33.209,0.5,10.0,0.49,22.0,0.52,6.21,0.53,26.0,0.49,1.67,0.48,11.0,0.54,13.56,0.55,40.0,0.02,0.05,2349.99219,1776276632000
1776277533.718,33.718,0.51,7.95,0.5,20.0,0.52,6.21,0.53,26.0,0.48,6.21,0.47,26.0,0.5,10.0,0.51,22.0,0.01,0.02,2349.99219,1776276632000
1776277533.974,33.974,0.51,16.95,0.5,25.0,0.52,16.21,0.53,36.0,0.48,6.21,0.47,26.0,0.49,7.95,0.5,20.0,0.01,0.01,2349.99219,1776276632000
1776277534.289,34.289,0.52,10.5,0.51,11.95,0.53,25.0,0.54,15.0,0.48,16.21,0.47,36.0,0.49,16.95,0.5,25.0,0.01,0.01,2349.99219,1776276632000
1776277535.999,35.999,0.52,43.41,0.51,17.95,0.53,54.5,0.54,31.0,0.47,25.0,0.46,15.0,0.48,10.5,0.49,11.95,0.01,0.01,2349.99219,1776276632000
1776277537.773,37.773,0.52,6.41,0.51,10.0,0.53,209.5,0.54,57.0,0.47,54.5,0.46,31.0,0.48,43.41,0.49,17.95,0.01,0.01,2349.99219,1776276632000
1776277541.46,41.46,0.47,35.0,0.46,24.42,0.48,192.22,0.49,67.5,0.47,190.61,0.46,57.0,0.53,46.0,0.54,36.56,0.01,0.06,2349.99219,1776276632000
1776277543.217,43.217,0.44,76.5,0.43,81.5,0.48,49.62,0.49,52.5,0.54,39.14,0.53,35.5,0.55,35.0,0.56,35.0,0.04,0.01,2349.99219,1776276632000
1776277545.207,45.207,0.45,25.09,0.44,50.0,0.46,15.0,0.47,41.5,0.52,49.62,0.51,52.5,0.56,76.5,0.57,81.5,0.01,0.04,2349.99219,1776276632000
1776277546.905,46.905,0.45,15.09,0.44,40.0,0.46,58.32,0.47,33.5,0.54,15.0,0.53,41.5,0.55,25.09,0.56,50.0,0.01,0.01,2349.99219,1776276632000
1776277547.457,47.457,0.45,3.27,0.44,40.0,0.46,89.32,0.47,33.5,0.54,58.32,0.53,33.5,0.55,15.09,0.56,40.0,0.01,0.01,2349.99219,1776276632000
1776277548.952,48.952,0.43,60.0,0.42,37.5,0.44,7.72,0.45,163.5,0.54,89.32,0.53,33.5,0.55,3.27,0.56,40.0,0.01,0.01,2349.99219,1776276632000
1776277550.945,50.945,0.4,30.0,0.39,35.5,0.41,116.3,0.42,65.5,0.56,7.72,0.55,163.5,0.57,60.0,0.58,37.5,0.01,0.01,2349.99219,1776276632000
1776277551.431,51.431,0.4,35.5,0.39,35.5,0.41,92.6,0.42,40.0,0.59,116.3,0.58,65.5,0.6,30.0,0.61,35.5,0.01,0.01,2349.99219,1776276632000
1776277552.218,52.218,0.4,35.5,0.39,35.5,0.41,92.6,0.42,25.0,0.59,92.6,0.58,40.0,0.6,35.5,0.61,35.5,0.01,0.01,2349.99219,1776276632000
1776277553.125,53.125,0.4,31.83,0.39,80.5,0.41,87.6,0.42,26.0,0.59,92.6,0.58,25.0,0.6,30.5,0.61,35.5,0.01,0.01,2349.99219,1776276632000
1776277555.109,55.109,0.4,15.0,0.39,40.5,0.41,88.56,0.42,63.15,0.58,7.65,0.57,10.0,0.6,46.83,0.61,80.5,0.01,0.02,2349.99219,1776276632000
1776277555.656,55.656,0.4,10.0,0.39,25.0,0.41,88.68,0.42,48.15,0.59,88.56,0.58,63.15,0.6,15.0,0.61,40.5,0.01,0.01,2349.99219,1776276632000
1776277556.079,56.079,0.39,12.0,0.38,120.0,0.41,168.68,0.42,48.15,0.59,88.68,0.58,48.15,0.6,10.0,0.61,25.0,0.02,0.01,2349.99219,1776276632000
1776277557.121,57.121,0.34,55.0,0.33,50.0,0.35,13.04,0.36,10.0,0.6,5.0,0.59,183.68,0.63,75.0,0.64,100.0,0.01,0.03,2349.99219,1776276632000
1776277557.932,57.932,0.32,45.5,0.31,83.5,0.35,5.0,0.36,5.0,0.67,3.42,0.66,10.0,0.68,35.0,0.69,63.0,0.03,0.01,2349.99219,1776276632000
1776277558.34,58.34,0.34,42.48,0.33,5.0,0.35,10.0,0.36,10.0,0.65,5.0,0.64,5.0,0.68,45.5,0.69,83.5,0.01,0.03,2349.99219,1776276632000
1776277559.026,59.026,0.36,42.0,0.35,51.0,0.37,12.0,0.38,10.0,0.65,10.25,0.64,15.0,0.66,25.3,0.67,10.0,0.01,0.01,2349.99219,1776276632000
1776277559.342,59.342,0.36,36.62,0.35,51.0,0.37,10.0,0.38,10.0,0.63,12.0,0.62,10.0,0.64,42.0,0.65,51.0,0.01,0.01,2349.99219,1776276632000
1776277560.991,60.991,0.4,19.5,0.39,71.5,0.41,65.0,0.42,112.0,0.63,5.0,0.62,10.0,0.64,31.62,0.65,51.0,0.01,0.01,2349.99219,1776276632000
1776277561.449,61.449,0.4,51.5,0.39,66.5,0.41,45.0,0.42,107.0,0.59,70.0,0.58,112.0,0.6,40.5,0.61,71.5,0.01,0.01,2349.99219,1776276632000
1776277562.797,62.797,0.41,40.0,0.4,37.5,0.42,80.0,0.43,20.0,0.59,40.0,0.58,107.0,0.6,62.5,0.61,66.5,0.01,0.01,2349.99219,1776276632000
1776277563.745,63.745,0.41,118.5,0.4,93.5,0.42,25.0,0.43,10.0,0.58,80.0,0.57,20.0,0.59,45.0,0.6,37.5,0.01,0.01,2349.99219,1776276632000
1776277563.956,63.956,0.41,39.0,0.4,70.5,0.42,45.5,0.43,30.5,0.58,45.5,0.57,30.5,0.59,45.0,0.6,70.5,0.01,0.01,2349.99219,1776276632000
1776277564.57,64.57,0.4,22.0,0.39,35.5,0.41,10.9,0.42,25.5,0.59,10.0,0.58,20.5,0.6,11.0,0.61,76.5,0.01,0.01,2349.99219,1776276632000
1776277564.879,64.879,0.38,42.5,0.37,33.5,0.39,7.43,0.4,10.0,0.6,10.0,0.59,58.9,0.63,33.5,0.64,177.5,0.01,0.03,2349.99219,1776276632000
1776277565.362,65.362,0.39,20.5,0.38,73.5,0.4,2.81,0.41,21.0,0.61,7.43,0.6,10.0,0.62,42.5,0.63,33.5,0.01,0.01,2349.99219,1776276632000
1776277565.738,65.738,0.4,40.33,0.39,57.0,0.41,21.0,0.42,25.5,0.6,2.81,0.59,21.0,0.61,20.5,0.62,73.5,0.01,0.01,2349.99219,1776276632000
1776277566.181,66.181,0.4,7.0,0.39,67.0,0.41,26.0,0.42,20.5,0.59,21.0,0.58,25.5,0.6,40.33,0.61,57.0,0.01,0.01,2349.99219,1776276632000
1776277567.093,67.093,0.39,12.73,0.37,23.5,0.41,93.5,0.42,20.5,0.59,26.0,0.58,20.5,0.6,7.0,0.61,67.0,0.02,0.01,2349.99219,1776276632000
1776277567.399,67.399,0.37,10.0,0.36,65.5,0.4,85.5,0.41,41.5,0.6,26.5,0.59,77.5,0.61,5.0,0.63,10.0,0.03,0.01,2349.99219,1776276632000
1776277568.616,68.616,0.36,73.43,0.35,83.5,0.37,47.0,0.38,47.5,0.62,46.0,0.61,21.0,0.63,10.0,0.64,75.5,0.01,0.01,2349.99219,1776276632000
1776277569.713,69.713,0.36,81.0,0.35,94.5,0.37,45.07,0.38,52.5,0.63,36.18,0.62,47.5,0.64,86.0,0.65,94.5,0.01,0.01,2349.99219,1776276632000
1776277570.332,70.332,0.36,31.0,0.35,94.5,0.37,45.47,0.38,47.5,0.63,45.07,0.62,52.5,0.64,81.0,0.65,94.5,0.01,0.01,2349.99219,1776276632000
1776277573.06,73.06,0.36,12.06,0.35,94.5,0.37,80.47,0.38,57.5,0.63,45.47,0.62,47.5,0.64,31.0,0.65,94.5,0.01,0.01,2349.99219,1776276632000
1776277579.292,79.292,0.3,1.16,0.29,51.0,0.31,82.5,0.32,30.0,0.63,80.47,0.62,57.5,0.64,12.06,0.65,94.5,0.01,0.01,2349.99219,1776276632000
1776277580.316,80.316,0.3,35.5,0.29,93.09,0.31,19.0,0.32,15.0,0.69,100.5,0.68,41.0,0.71,46.59,0.72,246.5,0.01,0.02,2349.99219,1776276632000
1776277580.526,80.526,0.31,20.5,0.3,78.5,0.33,8.0,0.34,31.5,0.67,19.0,0.66,31.5,0.7,83.5,0.71,93.09,0.02,0.03,2349.99219,1776276632000
1776277581.386,81.386,0.31,13.55,0.3,31.5,0.32,56.2,0.33,25.5,0.68,10.0,0.67,18.5,0.69,18.55,0.7,78.5,0.01,0.01,2349.99219,1776276632000
1776277581.718,81.718,0.31,13.55,0.3,31.5,0.32,50.5,0.33,25.5,0.68,56.2,0.67,25.5,0.69,13.55,0.7,31.5,0.01,0.01,2349.99219,1776276632000
1776277582.246,82.246,0.29,5.0,0.28,235.0,0.3,19.7,0.31,111.5,0.68,49.84,0.67,25.5,0.69,13.55,0.7,31.5,0.01,0.01,2349.99219,1776276632000
1776277582.559,82.559,0.28,205.0,0.27,23.5,0.29,80.3,0.3,37.5,0.7,19.7,0.69,111.5,0.71,5.0,0.72,235.0,0.01,0.01,2349.99219,1776276632000
1776277586.883,86.883,0.26,15.5,0.25,36.5,0.27,73.62,0.28,28.0,0.71,80.3,0.7,37.5,0.72,205.0,0.73,23.5,0.01,0.01,2349.99219,1776276632000
1776277588.635,88.635,0.24,30.0,0.23,155.0,0.25,7.0,0.26,193.5,0.73,73.62,0.72,28.0,0.74,15.5,0.75,36.5,0.01,0.01,2349.99219,1776276632000
1776277589.825,89.825,0.19,60.31,0.18,15.0,0.2,31.0,0.21,15.0,0.75,22.0,0.74,181.5,0.76,23.0,0.77,155.0,0.01,0.01,2349.99219,1776276632000
1776277590.635,90.635,0.18,20.61,0.17,64.0,0.2,115.0,0.21,27.0,0.8,31.0,0.79,15.0,0.81,60.31,0.82,15.0,0.02,0.01,2349.99219,1776276632000
1776277591.166,91.166,0.18,3.7,0.17,19.94,0.19,57.0,0.2,46.0,0.8,115.0,0.79,27.0,0.82,20.61,0.83,64.0,0.01,0.02,2349.99219,1776276632000
1776277591.692,91.692,0.15,101.66,0.14,25.0,0.16,74.0,0.17,16.0,0.81,58.0,0.8,51.0,0.82,2.4,0.83,19.94,0.01,0.01,2349.99219,1776276632000
1776277592.089,92.089,0.15,45.66,0.14,41.0,0.16,135.0,0.17,142.0,0.84,74.0,0.83,16.0,0.85,101.66,0.86,25.0,0.01,0.01,2349.99219,1776276632000
1776277592.389,92.389,0.15,76.89,0.14,61.5,0.16,103.41,0.17,117.0,0.84,101.0,0.83,110.0,0.85,119.89,0.86,135.5,0.01,0.01,2349.99219,1776276632000
1776277593.542,93.542,0.15,44.71,0.14,63.5,0.16,46.0,0.17,47.0,0.84,103.41,0.83,117.0,0.85,76.89,0.86,61.5,0.01,0.01,2349.99219,1776276632000
1776277593.754,93.754,0.15,64.71,0.14,76.5,0.16,29.75,0.17,42.0,0.84,34.75,0.83,42.0,0.85,44.71,0.86,63.5,0.01,0.01,2349.99219,1776276632000
1776277594.469,94.469,0.15,55.18,0.14,76.5,0.16,49.75,0.17,42.0,0.84,29.75,0.83,42.0,0.85,64.71,0.86,76.5,0.01,0.01,2349.99219,1776276632000
1776277594.822,94.822,0.15,117.0,0.14,146.5,0.16,43.75,0.17,42.0,0.84,54.75,0.83,42.0,0.85,54.0,0.86,76.5,0.01,0.01,2349.99219,1776276632000
1776277595.039,95.039,0.16,31.34,0.15,87.34,0.17,28.0,0.18,45.69,0.83,9.0,0.82,45.69,0.84,10.0,0.85,103.0,0.01,0.01,2349.99219,1776276632000
1776277595.759,95.759,0.16,48.34,0.15,73.02,0.17,59.8,0.18,45.69,0.83,28.0,0.82,45.69,0.84,31.34,0.85,87.34,0.01,0.01,2349.99219,1776276632000
1776277596.077,96.077,0.16,10.0,0.15,11.73,0.17,95.2,0.18,45.69,0.83,59.8,0.82,45.69,0.84,48.34,0.85,73.02,0.01,0.01,2349.99219,1776276632000
1776277596.579,96.579,0.16,3.8,0.15,5.0,0.17,133.5,0.18,62.69,0.83,100.2,0.82,50.69,0.84,3.8,0.85,5.0,0.01,0.01,2349.99219,1776276632000
1776277596.919,96.919,0.16,3.8,0.15,5.0,0.17,86.9,0.18,62.69,0.83,133.5,0.82,62.69,0.84,3.8,0.85,5.0,0.01,0.01,2349.99219,1776276632000
1776277597.221,97.221,0.14,35.5,0.13,119.5,0.17,96.9,0.18,62.69,0.83,86.9,0.82,62.69,0.84,3.8,0.85,5.0,0.03,0.01,2349.99219,1776276632000
1776277598.344,98.344,0.15,4.91,0.14,37.71,0.16,31.0,0.17,35.0,0.83,96.9,0.82,62.69,0.86,35.5,0.87,119.5,0.01,0.03,2349.99219,1776276632000
1776277599.514,99.514,0.15,15.0,0.14,27.71,0.16,32.75,0.17,39.5,0.84,48.0,0.83,40.0,0.85,23.82,0.86,37.71,0.01,0.01,2349.99219,1776276632000
1776277600.156,100.156,0.15,13.0,0.14,27.71,0.16,39.75,0.17,39.5,0.84,32.75,0.83,39.5,0.85,15.0,0.86,27.71,0.01,0.01,2349.99219,1776276632000
1776277602.632,102.632,0.14,3.81,0.13,20.0,0.15,57.0,0.16,97.92,0.84,39.75,0.83,39.5,0.85,13.0,0.86,27.71,0.01,0.01,2349.99219,1776276632000
1776277602.982,102.982,0.14,3.81,0.13,20.0,0.15,59.0,0.16,107.92,0.85,57.0,0.84,97.92,0.86,3.81,0.87,20.0,0.01,0.01,2349.99219,1776276632000
1776277603.506,103.506,0.14,0.85,0.13,20.0,0.15,64.0,0.16,112.92,0.85,59.0,0.84,107.92,0.86,3.81,0.87,20.0,0.01,0.01,2349.99219,1776276632000
1776277605.926,105.926,0.13,5.0,0.12,65.67,0.14,947.69,0.15,272.96,0.85,64.0,0.84,112.92,0.86,0.85,0.87,20.0,0.01,0.01,2349.99219,1776276632000
1776277606.708,106.708,0.12,60.94,0.11,65.0,0.13,126.22,0.14,105.5,0.87,18.22,0.86,930.69,0.88,56.67,0.89,83.0,0.01,0.01,2349.99219,1776276632000
1776277608.196,108.196,0.14,19.47,0.13,15.0,0.15,8.0,0.16,50.5,0.87,126.22,0.86,105.5,0.88,60.94,0.89,65.0,0.01,0.01,2349.99219,1776276632000
1776277609.592,109.592,0.14,28.42,0.13,36.5,0.15,512.55,0.16,134.0,0.85,8.0,0.84,50.5,0.86,19.47,0.87,15.0,0.01,0.01,2349.99219,1776276632000
1776277611.522,111.522,0.14,17.89,0.13,46.0,0.15,57.75,0.16,70.5,0.85,512.55,0.84,134.0,0.86,28.42,0.87,36.5,0.01,0.01,2349.99219,1776276632000
1776277611.943,111.943,0.14,17.89,0.13,46.0,0.15,51.05,0.16,80.5,0.85,57.75,0.84,70.5,0.86,17.89,0.87,46.0,0.01,0.01,2349.99219,1776276632000
1776277612.264,112.264,0.14,17.89,0.13,46.0,0.15,49.45,0.16,80.5,0.85,51.05,0.84,80.5,0.86,17.89,0.87,46.0,0.01,0.01,2349.99219,1776276632000
1776277612.763,112.763,0.14,17.89,0.13,46.0,0.15,63.75,0.16,80.5,0.85,49.45,0.84,80.5,0.86,17.89,0.87,46.0,0.01,0.01,2349.99219,1776276632000
1776277613.114,113.114,0.14,22.89,0.13,67.5,0.15,42.15,0.16,118.58,0.85,53.75,0.84,80.5,0.86,22.89,0.87,46.0,0.01,0.01,2349.99219,1776276632000
1776277614.582,114.582,0.14,17.89,0.13,56.5,0.15,50.73,0.16,70.5,0.85,42.15,0.84,118.58,0.86,22.89,0.87,67.5,0.01,0.01,2349.99219,1776276632000
1776277614.822,114.822,0.14,12.36,0.13,66.5,0.15,71.9,0.16,70.5,0.85,50.73,0.84,70.5,0.86,17.89,0.87,56.5,0.01,0.01,2349.99219,1776276632000
1776277615.137,115.137,0.14,108.86,0.13,76.5,0.15,36.32,0.16,20.0,0.85,71.9,0.84,70.5,0.86,12.36,0.87,66.5,0.01,0.01,2349.99219,1776276632000
1776277616.872,116.872,0.17,62.98,0.16,35.5,0.18,12.19,0.19,12.0,0.83,10.0,0.82,17.19,0.85,30.5,0.86,108.86,0.01,0.02,2349.99219,1776276632000
1776277617.26,117.26,0.17,92.98,0.16,40.5,0.18,4.19,0.19,12.0,0.82,12.19,0.81,12.0,0.83,62.98,0.84,35.5,0.01,0.01,2349.99219,1776276632000
1776277617.579,117.579,0.17,126.77,0.16,84.5,0.18,4.19,0.2,10.0,0.82,4.19,0.81,12.0,0.83,92.98,0.84,40.5,0.01,0.01,2349.99219,1776276632000
1776277617.827,117.827,0.17,151.77,0.16,79.5,0.2,10.0,0.21,10.0,0.82,4.19,0.8,10.0,0.83,126.77,0.84,84.5,0.03,0.01,2349.99219,1776276632000
1776277618.045,118.045,0.21,13.63,0.2,15.0,0.22,95.5,0.23,29.0,0.8,10.0,0.79,10.0,0.83,151.77,0.84,79.5,0.01,0.03,2349.99219,1776276632000
1776277619.503,119.503,0.21,1.63,0.2,15.0,0.22,110.5,0.23,136.72,0.78,95.5,0.77,29.0,0.79,13.63,0.8,15.0,0.01,0.01,2349.99219,1776276632000
1776277620.267,120.267,0.2,10.35,0.19,48.0,0.21,91.88,0.22,95.5,0.78,105.5,0.77,136.72,0.8,11.6,0.81,43.0,0.01,0.02,2349.99219,1776276632000
1776277620.689,120.689,0.2,4.98,0.19,48.0,0.21,36.5,0.22,95.5,0.79,91.88,0.78,95.5,0.8,7.42,0.81,48.0,0.01,0.01,2349.99219,1776276632000
1776277621.208,121.208,0.19,43.0,0.18,25.0,0.21,61.78,0.22,105.5,0.79,36.5,0.78,95.5,0.8,4.98,0.81,48.0,0.02,0.01,2349.99219,1776276632000
1776277622.622,122.622,0.19,78.0,0.18,20.0,0.2,20.5,0.21,77.78,0.79,61.78,0.78,105.5,0.81,43.0,0.82,25.0,0.01,0.02,2349.99219,1776276632000
1776277624.399,124.399,0.19,25.0,0.18,10.0,0.2,53.67,0.21,62.5,0.8,20.5,0.79,77.78,0.81,78.0,0.82,20.0,0.01,0.01,2349.99219,1776276632000
1776277626.429,126.429,0.15,25.36,0.14,67.36,0.2,74.67,0.21,62.5,0.8,53.67,0.79,62.5,0.81,25.0,0.82,10.0,0.05,0.01,2349.99219,1776276632000
1776277627.246,127.246,0.17,20.44,0.16,10.0,0.18,122.55,0.19,20.0,0.8,74.67,0.79,62.5,0.85,25.36,0.86,67.36,0.01,0.05,2349.99219,1776276632000
1776277627.703,127.703,0.2,20.0,0.19,10.0,0.21,5.0,0.22,82.0,0.82,104.85,0.81,10.0,0.83,32.5,0.84,25.5,0.01,0.01,2349.99219,1776276632000
1776277628.183,128.183,0.21,88.5,0.2,68.5,0.22,10.0,0.23,10.0,0.79,5.0,0.78,82.0,0.8,20.0,0.81,10.0,0.01,0.01,2349.99219,1776276632000
1776277628.757,128.757,0.23,46.0,0.22,69.5,0.24,47.85,0.25,126.67,0.78,10.0,0.77,10.0,0.79,88.5,0.8,68.5,0.01,0.01,2349.99219,1776276632000
1776277629.211,129.211,0.23,84.05,0.22,51.0,0.24,50.43,0.25,141.67,0.76,57.26,0.75,153.67,0.77,49.05,0.78,59.0,0.01,0.01,2349.99219,1776276632000
1776277630.168,130.168,0.23,95.75,0.22,87.5,0.24,44.43,0.25,76.67,0.76,17.09,0.75,141.67,0.77,84.05,0.78,51.0,0.01,0.01,2349.99219,1776276632000
1776277631.347,131.347,0.24,58.0,0.23,89.75,0.25,47.55,0.28,5.0,0.75,76.67,0.74,5.0,0.77,139.75,0.78,87.5,0.01,0.02,2349.99219,1776276632000
1776277631.708,131.708,0.26,28.33,0.24,53.0,0.27,5.0,0.28,5.0,0.75,16.67,0.72,5.0,0.76,48.0,0.77,89.75,0.01,0.01,2349.99219,1776276632000
1776277632.654,132.654,0.28,88.97,0.27,62.0,0.29,10.0,0.3,101.43,0.71,15.0,0.7,111.43,0.74,72.57,0.75,33.0,0.01,0.03,2349.99219,1776276632000
1776277635.289,135.289,0.29,4.44,0.28,26.12,0.3,166.93,0.31,127.82,0.7,101.43,0.69,35.5,0.71,15.85,0.72,93.95,0.01,0.01,2349.99219,1776276632000
1776277635.825,135.825,0.29,2.59,0.28,26.12,0.3,123.59,0.31,127.82,0.7,131.93,0.69,137.82,0.71,2.59,0.72,26.12,0.01,0.01,2349.99219,1776276632000
1776277636.536,136.536,0.29,12.59,0.28,26.12,0.3,122.0,0.31,35.5,0.7,123.59,0.69,127.82,0.71,2.59,0.72,26.12,0.01,0.01,2349.99219,1776276632000
1776277637.093,137.093,0.29,40.46,0.28,41.12,0.3,96.5,0.31,48.75,0.7,122.0,0.69,35.5,0.71,12.59,0.72,26.12,0.01,0.01,2349.99219,1776276632000
1776277637.361,137.361,0.29,31.75,0.28,46.12,0.3,90.5,0.31,48.75,0.7,90.5,0.69,48.75,0.71,40.46,0.72,41.12,0.01,0.01,2349.99219,1776276632000
1776277637.849,137.849,0.29,40.34,0.28,71.12,0.3,90.5,0.31,25.0,0.7,90.5,0.69,48.75,0.71,31.75,0.72,46.12,0.01,0.01,2349.99219,1776276632000
1776277638.194,138.194,0.28,71.12,0.27,81.49,0.29,164.66,0.3,90.5,0.7,90.5,0.69,25.0,0.71,40.34,0.72,71.12,0.01,0.01,2349.99219,1776276632000
1776277638.507,138.507,0.28,70.98,0.27,70.99,0.29,150.43,0.3,95.5,0.71,157.16,0.7,90.5,0.72,71.12,0.73,81.49,0.01,0.01,2349.99219,1776276632000
1776277639.411,139.411,0.28,74.66,0.27,70.99,0.29,155.43,0.3,144.85,0.71,150.43,0.7,95.5,0.72,70.98,0.73,70.99,0.01,0.01,2349.99219,1776276632000
1776277640.61,140.61,0.28,81.88,0.27,70.99,0.29,149.28,0.3,95.5,0.71,151.98,0.7,144.85,0.72,71.88,0.73,70.99,0.01,0.01,2349.99219,1776276632000
1776277640.927,140.927,0.28,86.88,0.27,70.99,0.29,141.78,0.3,95.5,0.71,149.28,0.7,95.5,0.72,81.88,0.73,70.99,0.01,0.01,2349.99219,1776276632000
1776277641.43,141.43,0.28,183.36,0.27,45.41,0.29,118.9,0.3,85.5,0.71,136.6,0.7,95.5,0.72,81.88,0.73,70.99,0.01,0.01,2349.99219,1776276632000
1776277641.63,141.63,0.28,246.36,0.27,71.71,0.29,45.9,0.3,85.5,0.71,95.9,0.7,85.5,0.72,246.36,0.73,71.71,0.01,0.01,2349.99219,1776276632000
1776277641.927,141.927,0.29,236.49,0.28,198.32,0.32,25.0,0.33,10.0,0.7,29.78,0.69,10.0,0.71,108.91,0.72,111.62,0.03,0.01,2349.99219,1776276632000
1776277644.417,144.417,0.34,301.94,0.33,58.5,0.37,50.0,0.39,35.0,0.68,25.0,0.67,10.0,0.71,236.49,0.72,198.32,0.03,0.03,2349.99219,1776276632000
1776277646.142,146.142,0.41,166.0,0.4,46.0,0.42,7.35,0.43,20.5,0.63,55.0,0.61,35.0,0.64,167.38,0.65,64.5,0.01,0.01,2349.99219,1776276632000
1776277646.413,146.413,0.41,171.0,0.4,41.0,0.42,0.84,0.43,20.5,0.58,11.2,0.57,20.5,0.59,166.0,0.6,46.0,0.01,0.01,2349.99219,1776276632000
1776277647.151,147.151,0.41,114.0,0.4,78.0,0.42,5.38,0.43,15.5,0.58,0.84,0.57,20.5,0.59,78.0,0.6,41.0,0.01,0.01,2349.99219,1776276632000
1776277648.345,148.345,0.41,139.0,0.4,78.0,0.42,4.23,0.43,15.5,0.58,5.38,0.57,15.5,0.59,114.0,0.6,78.0,0.01,0.01,2349.99219,1776276632000
1776277648.947,148.947,0.42,113.99,0.41,93.9,0.45,34.0,0.46,45.0,0.58,4.23,0.57,15.5,0.59,139.0,0.6,78.0,0.03,0.01,2349.99219,1776276632000
1776277649.678,149.678,0.42,10.0,0.41,10.0,0.45,96.5,0.46,137.0,0.55,19.12,0.54,45.0,0.58,118.99,0.59,93.9,0.03,0.03,2349.99219,1776276632000
1776277650.253,150.253,0.42,10.0,0.41,10.0,0.43,40.5,0.44,51.5,0.57,15.0,0.56,15.0,0.58,5.0,0.59,10.0,0.01,0.01,2349.99219,1776276632000
1776277651.131,151.131,0.42,41.55,0.41,15.0,0.43,15.5,0.44,26.5,0.57,40.5,0.56,51.5,0.58,10.0,0.59,10.0,0.01,0.01,2349.99219,1776276632000
1776277651.523,151.523,0.42,36.55,0.41,15.0,0.43,18.17,0.44,35.42,0.57,15.5,0.56,26.5,0.58,41.55,0.59,15.0,0.01,0.01,2349.99219,1776276632000
1776277653.44,153.44,0.42,8.96,0.41,25.0,0.43,23.17,0.44,45.42,0.57,18.17,0.56,35.42,0.58,36.55,0.59,15.0,0.01,0.01,2349.99219,1776276632000
1776277654.92,154.92,0.42,50.0,0.41,48.91,0.43,13.53,0.44,26.5,0.57,23.17,0.56,45.42,0.58,0.33,0.59,30.0,0.01,0.01,2349.99219,1776276632000
1776277655.407,155.407,0.42,92.91,0.41,48.91,0.43,8.53,0.44,15.5,0.57,13.53,0.56,26.5,0.58,50.0,0.59,48.91,0.01,0.01,2349.99219,1776276632000
1776277657.394,157.394,0.42,90.32,0.41,43.91,0.44,14.7,0.45,54.5,0.57,8.53,0.56,15.5,0.58,90.32,0.59,48.91,0.02,0.01,2349.99219,1776276632000
1776277657.728,157.728,0.43,75.0,0.42,70.32,0.44,9.0,0.45,54.5,0.56,14.7,0.55,54.5,0.58,90.32,0.59,43.91,0.01,0.02,2349.99219,1776276632000
1776277658.071,158.071,0.44,56.0,0.43,93.91,0.46,30.5,0.48,5.0,0.56,9.0,0.55,54.5,0.57,75.0,0.58,70.32,0.02,0.01,2349.99219,1776276632000
1776277658.543,158.543,0.51,25.0,0.5,10.0,0.53,5.0,0.54,5.0,0.54,30.5,0.52,5.0,0.56,56.0,0.57,93.91,0.02,0.02,2349.99219,1776276632000
1776277658.972,158.972,0.53,4.87,0.52,20.0,0.55,101.5,0.56,144.0,0.45,171.0,0.44,120.0,0.48,10.0,0.49,20.0,0.02,0.03,2349.99219,1776276632000
1776277659.324,159.324,0.54,4.78,0.53,10.0,0.55,51.5,0.56,144.0,0.45,101.5,0.44,144.0,0.48,20.0,0.49,26.0,0.01,0.03,2349.99219,1776276632000
1776277659.812,159.812,0.54,9.89,0.53,15.0,0.55,26.5,0.56,144.0,0.45,28.5,0.44,144.0,0.47,10.0,0.48,20.0,0.01,0.02,2349.99219,1776276632000
1776277660.573,160.573,0.54,9.89,0.53,15.0,0.55,53.57,0.56,95.0,0.45,26.5,0.44,144.0,0.46,9.89,0.47,15.0,0.01,0.01,2349.99219,1776276632000
1776277661.475,161.475,0.54,306.38,0.53,46.5,0.55,2.67,0.57,50.0,0.45,31.3,0.44,95.0,0.46,9.89,0.47,15.0,0.01,0.01,2349.99219,1776276632000
1776277661.814,161.814,0.58,159.99,0.57,28.0,0.59,13.73,0.6,150.0,0.41,20.94,0.4,150.0,0.42,10.0,0.43,10.0,0.01,0.01,2349.99219,1776276632000
1776277662.231,162.231,0.58,247.99,0.57,41.0,0.59,11.66,0.61,50.0,0.41,13.73,0.4,150.0,0.42,159.99,0.43,28.0,0.01,0.01,2349.99219,1776276632000
1776277662.52,162.52,0.58,183.99,0.57,41.0,0.62,50.0,0.66,55.0,0.41,6.57,0.39,50.0,0.42,197.99,0.43,41.0,0.04,0.01,2349.99219,1776276632000
1776277663.779,163.779,0.65,25.0,0.64,15.0,0.66,30.0,0.67,80.58,0.38,50.0,0.34,55.0,0.42,183.99,0.43,41.0,0.01,0.04,2349.99219,1776276632000
1776277664.191,164.191,0.64,37.59,0.63,10.0,0.66,119.74,0.67,80.58,0.34,74.74,0.33,80.58,0.35,79.99,0.36,29.0,0.02,0.01,2349.99219,1776276632000
1776277664.463,164.463,0.65,10.0,0.64,15.0,0.66,77.27,0.67,80.58,0.34,83.87,0.33,80.58,0.36,15.0,0.37,10.0,0.01,0.02,2349.99219,1776276632000
1776277664.721,164.721,0.65,10.0,0.64,15.0,0.66,7.88,0.67,80.58,0.34,77.27,0.33,80.58,0.35,10.0,0.36,15.0,0.01,0.01,2349.99219,1776276632000
1776277665.65,165.65,0.64,21.35,0.63,26.0,0.65,136.57,0.66,77.5,0.34,15.0,0.33,80.58,0.36,14.58,0.37,10.0,0.01,0.02,2349.99219,1776276632000
1776277666.028,166.028,0.64,21.35,0.63,26.0,0.65,89.57,0.66,77.5,0.35,90.41,0.34,77.5,0.36,21.35,0.37,26.0,0.01,0.01,2349.99219,1776276632000
1776277666.569,166.569,0.62,30.0,0.61,54.34,0.63,23.91,0.64,10.5,0.35,84.57,0.34,77.5,0.39,49.34,0.4,43.0,0.01,0.04,2349.99219,1776276632000
1776277666.821,166.821,0.62,42.5,0.61,54.34,0.63,22.16,0.64,10.5,0.37,22.16,0.36,10.5,0.38,40.4,0.39,54.34,0.01,0.01,2349.99219,1776276632000
1776277667.665,167.665,0.62,37.5,0.61,51.0,0.63,20.41,0.64,10.5,0.37,22.16,0.36,10.5,0.38,42.5,0.39,54.34,0.01,0.01,2349.99219,1776276632000
1776277670.11,170.11,0.63,180.9,0.62,47.9,0.67,10.0,0.68,25.0,0.37,20.41,0.36,10.5,0.38,37.5,0.39,51.0,0.04,0.01,2349.99219,1776276632000
1776277671.573,171.573,0.69,61.4,0.68,25.5,0.7,10.0,0.72,100.0,0.33,10.0,0.32,30.0,0.36,12.11,0.37,236.5,0.01,0.03,2349.99219,1776276632000
1776277672.863,172.863,0.71,11.0,0.69,10.0,0.73,323.0,0.74,10.0,0.28,100.0,0.27,60.0,0.29,40.0,0.31,61.4,0.02,0.01,2349.99219,1776276632000
1776277673.179,173.179,0.69,10.0,0.68,15.0,0.7,59.0,0.71,10.0,0.28,72.0,0.27,137.0,0.31,10.0,0.32,60.0,0.01,0.03,2349.99219,1776276632000
1776277673.823,173.823,0.69,15.0,0.68,10.0,0.7,116.0,0.71,6.0,0.3,59.0,0.29,10.0,0.31,10.0,0.32,15.0,0.01,0.01,2349.99219,1776276632000
1776277674.054,174.054,0.69,9.0,0.68,10.0,0.7,154.0,0.71,6.0,0.3,116.0,0.29,6.0,0.31,15.0,0.32,10.0,0.01,0.01,2349.99219,1776276632000
1776277674.448,174.448,0.68,7.0,0.67,32.0,0.7,179.0,0.71,12.11,0.3,154.0,0.29,6.0,0.31,3.0,0.32,10.0,0.02,0.01,2349.99219,1776276632000
1776277674.882,174.882,0.69,5.0,0.68,7.0,0.7,98.92,0.71,12.11,0.3,152.42,0.29,12.11,0.31,10.0,0.32,7.0,0.01,0.01,2349.99219,1776276632000
1776277675.107,175.107,0.68,29.0,0.67,10.0,0.69,23.4,0.7,37.92,0.3,98.92,0.29,12.11,0.32,7.0,0.33,10.0,0.01,0.02,2349.99219,1776276632000
1776277675.823,175.823,0.68,11.18,0.67,26.0,0.69,42.4,0.7,84.92,0.31,23.4,0.3,37.92,0.32,29.0,0.33,10.0,0.01,0.01,2349.99219,1776276632000
1776277676.278,176.278,0.68,17.91,0.67,15.0,0.69,35.8,0.7,62.92,0.31,40.8,0.3,84.92,0.32,22.91,0.33,37.0,0.01,0.01,2349.99219,1776276632000
1776277676.504,176.504,0.68,15.0,0.67,15.0,0.69,11.0,0.7,44.92,0.31,11.0,0.3,55.92,0.32,15.0,0.33,15.0,0.01,0.01,2349.99219,1776276632000
1776277677.485,177.485,0.68,15.0,0.67,15.0,0.69,9.4,0.7,100.85,0.31,11.0,0.3,41.92,0.32,15.0,0.33,15.0,0.01,0.01,2349.99219,1776276632000
1776277677.947,177.947,0.68,20.0,0.67,15.0,0.69,17.8,0.7,41.92,0.31,9.4,0.3,100.85,0.32,15.0,0.33,15.0,0.01,0.01,2349.99219,1776276632000
1776277678.289,178.289,0.68,15.0,0.67,15.0,0.69,19.2,0.7,41.92,0.31,15.8,0.3,41.92,0.32,20.0,0.33,15.0,0.01,0.01,2349.99219,1776276632000
1776277678.715,178.715,0.68,38.12,0.67,15.0,0.69,10.0,0.7,25.0,0.31,14.2,0.3,41.92,0.32,11.56,0.33,15.0,0.01,0.01,2349.99219,1776276632000
1776277679.054,179.054,0.69,6.45,0.68,8.12,0.7,40.0,0.71,71.11,0.31,8.4,0.3,25.0,0.32,33.12,0.33,15.0,0.01,0.01,2349.99219,1776276632000
1776277679.394,179.394,0.69,2.9,0.68,8.12,0.7,20.0,0.71,71.11,0.3,40.0,0.29,71.11,0.31,6.45,0.32,8.12,0.01,0.01,2349.99219,1776276632000
1776277679.647,179.647,0.69,2.9,0.68,8.12,0.7,13.42,0.71,71.11,0.3,20.0,0.29,71.11,0.31,2.9,0.32,8.12,0.01,0.01,2349.99219,1776276632000
1776277680.026,180.026,0.69,2.9,0.68,8.12,0.7,14.54,0.71,71.11,0.3,1.12,0.29,71.11,0.31,2.9,0.32,8.12,0.01,0.01,2349.99219,1776276632000
1776277680.455,180.455,0.69,2.9,0.68,8.12,0.7,56.92,0.71,81.11,0.3,14.54,0.29,71.11,0.31,2.9,0.32,8.12,0.01,0.01,2349.99219,1776276632000
1776277680.84,180.84,0.7,51.16,0.69,29.4,0.71,61.0,0.73,117.0,0.3,56.92,0.29,81.11,0.31,2.9,0.32,8.12,0.01,0.01,2349.99219,1776276632000
1776277681.903,181.903,0.72,126.07,0.71,57.5,0.73,95.0,0.74,5.0,0.29,5.0,0.27,117.0,0.3,101.16,0.31,34.4,0.01,0.01,2349.99219,1776276632000
1776277682.578,182.578,0.72,83.48,0.71,57.0,0.73,100.0,0.74,5.0,0.27,95.0,0.26,5.0,0.28,126.07,0.29,57.5,0.01,0.01,2349.99219,1776276632000
1776277684.587,184.587,0.72,207.25,0.71,107.5,0.73,100.0,0.75,10.0,0.27,100.0,0.26,5.0,0.28,83.48,0.29,57.0,0.01,0.01,2349.99219,1776276632000
1776277686.245,186.245,0.78,35.0,0.77,15.0,0.79,2.74,0.8,30.0,0.25,10.0,0.24,10.0,0.28,216.25,0.29,107.5,0.01,0.03,2349.99219,1776276632000
1776277687.102,187.102,0.84,0.62,0.83,10.0,0.85,5.0,0.86,10.0,0.2,25.0,0.19,95.0,0.22,35.0,0.23,15.0,0.01,0.02,2349.99219,1776276632000
1776277687.45,187.45,0.84,40.75,0.83,36.0,0.85,5.0,0.86,10.0,0.15,5.0,0.14,10.0,0.18,8.71,0.19,20.0,0.01,0.03,2349.99219,1776276632000
1776277687.696,187.696,0.84,52.0,0.83,41.0,0.85,3.0,0.86,20.0,0.15,5.0,0.14,10.0,0.16,40.75,0.17,36.0,0.01,0.01,2349.99219,1776276632000
1776277689.759,189.759,0.84,47.0,0.83,56.5,0.85,19.0,0.86,11.0,0.15,3.0,0.14,20.0,0.16,52.0,0.17,41.0,0.01,0.01,2349.99219,1776276632000
1776277690.038,190.038,0.84,42.0,0.83,56.5,0.85,21.53,0.86,22.0,0.15,25.0,0.14,22.0,0.16,47.0,0.17,56.5,0.01,0.01,2349.99219,1776276632000
1776277690.326,190.326,0.84,31.0,0.83,56.5,0.85,38.18,0.86,22.0,0.15,30.38,0.14,22.0,0.16,42.0,0.17,56.5,0.01,0.01,2349.99219,1776276632000
1776277692.243,192.243,0.82,24.05,0.81,10.0,0.85,44.73,0.86,60.0,0.15,32.0,0.14,22.0,0.16,31.0,0.17,56.5,0.03,0.01,2349.99219,1776276632000
1776277692.582,192.582,0.8,6.0,0.79,10.0,0.83,5.0,0.84,33.0,0.15,132.58,0.14,60.0,0.19,10.0,0.2,6.0,0.03,0.04,2349.99219,1776276632000
1776277692.868,192.868,0.8,5.0,0.79,10.0,0.82,77.55,0.83,76.0,0.18,8.0,0.17,5.0,0.21,10.0,0.22,50.0,0.02,0.03,2349.99219,1776276632000
1776277693.692,193.692,0.79,15.0,0.78,65.0,0.8,18.75,0.81,29.0,0.18,77.55,0.17,76.0,0.2,5.0,0.21,10.0,0.01,0.02,2349.99219,1776276632000
1776277694.04,194.04,0.79,10.0,0.78,50.0,0.8,61.82,0.81,77.0,0.2,18.75,0.19,29.0,0.21,15.0,0.22,65.0,0.01,0.01,2349.99219,1776276632000
1776277694.445,194.445,0.77,25.0,0.76,25.0,0.79,68.5,0.8,45.25,0.2,61.82,0.19,77.0,0.21,10.0,0.22,50.0,0.02,0.01,2349.99219,1776276632000
1776277696.734,196.734,0.77,24.5,0.76,62.5,0.78,37.0,0.79,94.0,0.21,68.5,0.2,45.25,0.23,25.0,0.24,25.0,0.01,0.02,2349.99219,1776276632000
1776277697.312,197.312,0.77,74.15,0.76,62.5,0.78,37.0,0.79,55.0,0.22,32.0,0.21,94.0,0.23,13.5,0.24,62.5,0.01,0.01,2349.99219,1776276632000
1776277698.661,198.661,0.77,2.21,0.76,73.5,0.78,35.0,0.79,67.0,0.22,37.0,0.21,55.0,0.23,74.15,0.24,62.5,0.01,0.01,2349.99219,1776276632000
1776277699.299,199.299,0.77,2.21,0.76,53.0,0.78,33.71,0.79,67.0,0.22,35.0,0.21,67.0,0.23,2.21,0.24,73.5,0.01,0.01,2349.99219,1776276632000
1776277703.153,203.153,0.77,71.0,0.76,65.5,0.78,13.71,0.79,74.0,0.22,33.71,0.21,67.0,0.23,2.21,0.24,53.0,0.01,0.01,2349.99219,1776276632000
1776277705.548,205.548,0.77,49.0,0.76,45.0,0.78,23.71,0.79,25.0,0.22,13.71,0.21,74.0,0.23,71.0,0.24,65.5,0.01,0.01,2349.99219,1776276632000
1776277706.356,206.356,0.77,1.13,0.76,40.0,0.78,23.71,0.79,42.0,0.22,28.71,0.21,25.0,0.23,37.0,0.24,45.0,0.01,0.01,2349.99219,1776276632000
1776277710.105,210.105,0.75,40.0,0.74,28.0,0.76,36.0,0.77,26.0,0.22,23.71,0.21,42.0,0.23,1.13,0.24,40.0,0.01,0.01,2349.99219,1776276632000
1776277710.635,210.635,0.75,10.0,0.74,18.0,0.76,56.36,0.77,66.0,0.24,36.0,0.23,26.0,0.25,40.0,0.26,28.0,0.01,0.01,2349.99219,1776276632000
1776277710.842,210.842,0.74,10.0,0.73,20.0,0.75,6.0,0.76,82.5,0.24,56.36,0.23,66.0,0.25,10.0,0.26,18.0,0.01,0.01,2349.99219,1776276632000
1776277712.528,212.528,0.72,17.0,0.71,90.5,0.73,7.94,0.74,31.0,0.25,6.0,0.24,82.5,0.26,10.0,0.27,20.0,0.01,0.01,2349.99219,1776276632000
1776277713.122,213.122,0.72,6.42,0.71,27.5,0.73,7.94,0.74,31.0,0.27,7.94,0.26,31.0,0.28,17.0,0.29,90.5,0.01,0.01,2349.99219,1776276632000
1776277715.661,215.661,0.7,6.06,0.69,88.0,0.73,13.94,0.74,21.0,0.27,18.94,0.26,31.0,0.28,1.42,0.29,27.5,0.03,0.01,2349.99219,1776276632000
1776277716.431,216.431,0.69,93.0,0.68,147.5,0.7,7.85,0.71,10.0,0.27,13.94,0.26,21.0,0.3,6.06,0.31,88.0,0.01,0.03,2349.99219,1776276632000
1776277717.324,217.324,0.69,30.0,0.68,125.0,0.72,16.96,0.73,18.94,0.3,7.85,0.29,10.0,0.31,93.0,0.32,147.5,0.03,0.01,2349.99219,1776276632000
1776277717.577,217.577,0.69,25.0,0.68,125.0,0.71,88.77,0.72,12.96,0.28,16.96,0.27,18.94,0.31,30.0,0.32,125.0,0.02,0.03,2349.99219,1776276632000
1776277717.853,217.853,0.65,23.09,0.64,50.0,0.68,10.0,0.69,68.0,0.29,88.77,0.28,12.96,0.31,25.0,0.32,125.0,0.03,0.02,2349.99219,1776276632000
1776277718.096,218.096,0.63,85.0,0.62,58.0,0.65,9.48,0.66,202.0,0.34,137.0,0.33,16.0,0.35,9.8,0.37,110.0,0.02,0.01,2349.99219,1776276632000
1776277718.316,218.316,0.62,10.73,0.61,12.0,0.63,46.0,0.64,21.0,0.35,9.48,0.34,202.0,0.37,85.0,0.38,58.0,0.01,0.02,2349.99219,1776276632000
1776277718.593,218.593,0.6,36.49,0.59,25.0,0.61,117.0,0.62,26.0,0.37,46.0,0.36,21.0,0.38,10.73,0.39,12.0,0.01,0.01,2349.99219,1776276632000
1776277719.032,219.032,0.6,0.34,0.58,10.0,0.61,142.0,0.62,21.0,0.39,126.0,0.38,26.0,0.4,30.34,0.41,25.0,0.01,0.01,2349.99219,1776276632000
1776277720.309,220.309,0.56,40.5,0.55,150.0,0.57,98.89,0.58,20.0,0.39,142.0,0.38,21.0,0.44,50.0,0.45,150.0,0.01,0.05,2349.99219,1776276632000
1776277721.131,221.131,0.56,9.29,0.55,150.0,0.57,93.89,0.58,25.0,0.43,98.89,0.42,20.0,0.44,40.5,0.45,150.0,0.01,0.01,2349.99219,1776276632000
1776277721.746,221.746,0.56,4.29,0.55,150.0,0.57,98.89,0.58,25.0,0.43,93.89,0.42,25.0,0.44,9.29,0.45,150.0,0.01,0.01,2349.99219,1776276632000
1776277722.29,222.29,0.56,7.01,0.55,150.0,0.57,93.89,0.58,25.0,0.43,98.89,0.42,25.0,0.44,4.29,0.45,150.0,0.01,0.01,2349.99219,1776276632000
1776277722.585,222.585,0.56,7.01,0.55,150.0,0.57,1.04,0.58,25.0,0.43,93.89,0.42,25.0,0.44,7.01,0.45,150.0,0.01,0.01,2349.99219,1776276632000
1776277723.409,223.409,0.56,22.01,0.55,150.0,0.57,19.04,0.58,32.0,0.43,1.04,0.42,25.0,0.44,7.01,0.45,150.0,0.01,0.01,2349.99219,1776276632000
1776277724.147,224.147,0.56,15.0,0.55,160.5,0.57,14.04,0.58,32.0,0.43,19.04,0.42,32.0,0.44,22.01,0.45,150.0,0.01,0.01,2349.99219,1776276632000
1776277725.207,225.207,0.56,9.5,0.55,10.5,0.57,29.04,0.58,32.0,0.43,14.04,0.42,32.0,0.44,10.0,0.45,160.5,0.01,0.01,2349.99219,1776276632000
1776277726.577,226.577,0.5,30.0,0.47,61.38,0.53,62.0,0.54,20.0,0.43,29.04,0.42,32.0,0.45,6.42,0.47,10.0,0.03,0.02,2349.99219,1776276632000
1776277727.099,227.099,0.47,4.11,0.46,10.0,0.48,25.0,0.49,10.0,0.49,30.0,0.48,25.0,0.5,20.0,0.53,56.38,0.01,0.01,2349.99219,1776276632000
1776277727.916,227.916,0.44,110.0,0.43,50.0,0.47,79.0,0.48,58.0,0.52,25.0,0.51,10.0,0.53,4.11,0.54,10.0,0.03,0.01,2349.99219,1776276632000
1776277728.157,228.157,0.44,4.0,0.43,50.0,0.45,77.0,0.46,53.0,0.55,74.0,0.54,38.0,0.56,4.5,0.57,50.0,0.01,0.01,2349.99219,1776276632000
1776277730.412,230.412,0.43,25.5,0.42,55.0,0.44,26.0,0.45,44.0,0.55,77.0,0.54,53.0,0.56,4.0,0.57,50.0,0.01,0.01,2349.99219,1776276632000
1776277731.16,231.16,0.43,12.27,0.42,55.0,0.44,51.92,0.45,44.0,0.56,26.0,0.55,44.0,0.57,25.5,0.58,55.0,0.01,0.01,2349.99219,1776276632000
1776277731.907,231.907,0.4,31.77,0.39,20.0,0.44,54.92,0.45,44.0,0.56,51.92,0.55,44.0,0.57,12.27,0.58,45.0,0.04,0.01,2349.99219,1776276632000
1776277732.493,232.493,0.41,5.0,0.4,46.77,0.42,40.61,0.43,35.0,0.56,54.92,0.55,44.0,0.6,31.77,0.61,20.0,0.01,0.04,2349.99219,1776276632000
1776277732.702,232.702,0.4,26.77,0.39,20.0,0.42,35.61,0.43,35.0,0.58,40.61,0.57,35.0,0.59,5.0,0.6,46.77,0.02,0.01,2349.99219,1776276632000
1776277733.204,233.204,0.4,4.0,0.39,20.0,0.41,15.0,0.42,30.61,0.58,35.61,0.57,35.0,0.6,26.77,0.61,20.0,0.01,0.02,2349.99219,1776276632000
1776277734.685,234.685,0.4,30.5,0.39,13.0,0.42,24.96,0.43,30.0,0.59,15.0,0.58,30.61,0.61,13.0,0.62,22.0,0.02,0.02,2349.99219,1776276632000
1776277735.105,235.105,0.41,17.11,0.4,15.5,0.42,29.96,0.43,25.0,0.58,24.96,0.57,30.0,0.6,30.5,0.61,13.0,0.01,0.02,2349.99219,1776276632000
1776277736.82,236.82,0.41,0.74,0.39,10.5,0.42,44.96,0.43,40.5,0.58,29.96,0.57,25.0,0.59,11.24,0.6,15.5,0.01,0.01,2349.99219,1776276632000
1776277737.208,237.208,0.39,10.5,0.38,30.0,0.4,12.0,0.41,15.0,0.6,32.0,0.59,15.0,0.61,18.56,0.62,25.0,0.01,0.01,2349.99219,1776276632000
1776277738.455,238.455,0.28,13.12,0.25,25.0,0.36,98.5,0.37,150.0,0.6,17.0,0.59,10.0,0.61,3.36,0.62,20.5,0.08,0.01,2349.99219,1776276632000
1776277738.802,238.802,0.18,50.0,0.17,20.5,0.2,9.6,0.21,25.0,0.7,6.0,0.69,10.0,0.77,75.0,0.79,75.0,0.02,0.07,2349.99219,1776276632000
1776277739.141,239.141,0.18,60.5,0.17,20.5,0.19,7.0,0.2,14.6,0.8,9.6,0.79,25.0,0.82,50.0,0.83,20.5,0.01,0.02,2349.99219,1776276632000
1776277739.779,239.779,0.17,10.5,0.16,10.0,0.18,47.12,0.19,40.0,0.82,33.79,0.81,2.0,0.83,20.5,0.84,10.0,0.01,0.01,2349.99219,1776276632000
1776277742.26,242.26,0.13,32.76,0.12,101.67,0.14,46.71,0.15,62.0,0.82,47.12,0.81,40.0,0.83,10.5,0.84,10.0,0.01,0.01,2349.99219,1776276632000
1776277742.576,242.576,0.13,5.0,0.12,101.67,0.14,27.42,0.15,72.0,0.86,46.71,0.85,62.0,0.87,32.76,0.88,101.67,0.01,0.01,2349.99219,1776276632000
1776277742.912,242.912,0.12,107.7,0.11,100.0,0.13,21.9,0.14,37.42,0.87,21.9,0.86,37.42,0.88,110.08,0.89,100.0,0.01,0.01,2349.99219,1776276632000
1776277743.249,243.249,0.12,107.7,0.11,100.0,0.13,16.9,0.14,41.0,0.87,21.9,0.86,37.42,0.88,107.7,0.89,100.0,0.01,0.01,2349.99219,1776276632000
1776277743.633,243.633,0.12,182.7,0.11,115.0,0.14,10.0,0.15,20.0,0.87,16.9,0.86,41.0,0.88,107.7,0.89,100.0,0.02,0.01,2349.99219,1776276632000
1776277744.068,244.068,0.14,30.0,0.13,10.0,0.15,10.0,0.16,15.0,0.85,20.0,0.84,10.0,0.87,10.0,0.88,132.7,0.01,0.02,2349.99219,1776276632000
1776277744.552,244.552,0.16,15.0,0.15,10.0,0.17,25.0,0.18,43.79,0.84,6.0,0.83,61.0,0.86,55.0,0.87,10.0,0.01,0.02,2349.99219,1776276632000
1776277747.015,247.015,0.14,20.43,0.13,10.0,0.15,10.0,0.16,10.0,0.83,16.0,0.82,43.79,0.86,7.41,0.87,52.0,0.01,0.03,2349.99219,1776276632000
1776277747.404,247.404,0.16,132.31,0.15,73.73,0.17,30.41,0.18,33.79,0.85,10.0,0.84,10.0,0.86,20.43,0.87,10.0,0.01,0.01,2349.99219,1776276632000
1776277747.825,247.825,0.22,10.0,0.21,15.0,0.23,10.0,0.24,45.0,0.77,10.0,0.76,35.0,0.83,15.0,0.84,87.31,0.01,0.06,2349.99219,1776276632000
1776277748.132,248.132,0.22,20.0,0.21,15.0,0.23,7.81,0.24,45.0,0.77,10.0,0.76,45.0,0.78,27.84,0.79,65.0,0.01,0.01,2349.99219,1776276632000
1776277748.781,248.781,0.22,13.71,0.21,25.0,0.24,15.0,0.25,20.0,0.77,7.81,0.76,45.0,0.78,20.0,0.79,15.0,0.02,0.01,2349.99219,1776276632000
1776277749.871,249.871,0.23,3.03,0.22,8.71,0.24,20.0,0.25,20.0,0.76,15.0,0.75,20.0,0.78,13.71,0.79,25.0,0.01,0.02,2349.99219,1776276632000
1776277750.993,250.993,0.24,35.0,0.23,15.0,0.25,5.56,0.26,5.4,0.76,20.0,0.75,20.0,0.77,3.03,0.78,8.71,0.01,0.01,2349.99219,1776276632000
1776277752.921,252.921,0.19,0.43,0.18,40.61,0.2,16.0,0.21,16.0,0.75,5.56,0.74,15.4,0.76,38.65,0.77,20.0,0.01,0.01,2349.99219,1776276632000
1776277753.658,253.658,0.21,59.72,0.2,15.05,0.22,10.0,0.24,10.0,0.8,16.0,0.79,16.0,0.81,0.43,0.82,40.61,0.01,0.01,2349.99219,1776276632000
1776277754.793,254.793,0.19,17.84,0.18,15.61,0.2,26.0,0.21,16.0,0.78,10.0,0.76,10.0,0.79,22.46,0.8,15.05,0.01,0.01,2349.99219,1776276632000
1776277755.66,255.66,0.18,30.61,0.17,90.5,0.2,16.0,0.21,16.0,0.8,26.0,0.79,16.0,0.81,17.84,0.82,15.61,0.02,0.01,2349.99219,1776276632000
1776277755.993,255.993,0.18,35.61,0.17,65.0,0.2,6.2,0.21,16.0,0.8,16.0,0.79,16.0,0.82,30.61,0.83,90.5,0.02,0.02,2349.99219,1776276632000
1776277756.518,256.518,0.18,30.61,0.17,60.0,0.19,1.6,0.2,6.2,0.8,6.2,0.79,16.0,0.82,35.61,0.83,65.0,0.01,0.02,2349.99219,1776276632000
1776277757.129,257.129,0.18,29.36,0.17,70.0,0.19,1.6,0.2,6.2,0.81,1.6,0.8,6.2,0.82,30.61,0.83,60.0,0.01,0.01,2349.99219,1776276632000
1776277757.363,257.363,0.18,34.36,0.17,70.0,0.2,2.72,0.21,16.0,0.81,1.6,0.8,6.2,0.82,29.36,0.83,70.0,0.02,0.01,2349.99219,1776276632000
1776277758.168,258.168,0.17,65.0,0.16,36.8,0.18,4.44,0.19,15.0,0.8,2.72,0.79,16.0,0.82,34.36,0.83,70.0,0.01,0.02,2349.99219,1776276632000
1776277759.003,259.003,0.17,13.04,0.16,10.0,0.18,20.44,0.19,15.0,0.82,4.44,0.81,15.0,0.83,65.0,0.84,36.8,0.01,0.01,2349.99219,1776276632000
1776277759.419,259.419,0.17,17.34,0.16,20.0,0.18,15.44,0.19,15.0,0.82,20.44,0.81,15.0,0.83,13.04,0.84,10.0,0.01,0.01,2349.99219,1776276632000
1776277763.252,263.252,0.19,8.0,0.18,18.0,0.2,7.0,0.21,20.0,0.82,15.44,0.81,15.0,0.83,17.34,0.84,20.0,0.01,0.01,2349.99219,1776276632000
1776277764.984,264.984,0.18,6.43,0.17,16.94,0.19,20.0,0.2,12.0,0.8,7.0,0.79,20.0,0.81,8.0,0.82,18.0,0.01,0.01,2349.99219,1776276632000
1776277765.353,265.353,0.17,11.24,0.16,21.0,0.19,15.0,0.2,23.0,0.81,20.0,0.8,12.0,0.82,6.43,0.83,16.94,0.02,0.01,2349.99219,1776276632000
1776277765.701,265.701,0.17,7.7,0.16,11.0,0.18,15.0,0.19,15.0,0.81,15.0,0.8,23.0,0.83,11.24,0.84,21.0,0.01,0.02,2349.99219,1776276632000
1776277765.953,265.953,0.17,1.49,0.16,11.0,0.18,20.0,0.19,20.0,0.82,15.0,0.81,15.0,0.83,7.7,0.84,11.0,0.01,0.01,2349.99219,1776276632000
1776277767.116,267.116,0.15,16.73,0.14,20.0,0.17,13.64,0.18,15.0,0.83,10.0,0.82,15.0,0.84,15.52,0.85,10.0,0.02,0.01,2349.99219,1776276632000
1776277767.917,267.917,0.19,82.87,0.18,10.0,0.21,76.7,0.22,46.0,0.8,35.5,0.79,91.7,0.81,72.87,0.85,21.73,0.02,0.01,2349.99219,1776276632000
1776277768.253,268.253,0.19,56.63,0.18,15.0,0.2,10.0,0.21,97.7,0.8,10.0,0.79,102.7,0.81,81.63,0.82,15.0,0.01,0.01,2349.99219,1776276632000
1776277768.877,268.877,0.19,50.33,0.18,15.0,0.2,38.5,0.21,91.7,0.8,10.0,0.79,97.7,0.81,56.63,0.82,15.0,0.01,0.01,2349.99219,1776276632000
1776277769.24,269.24,0.19,36.75,0.18,15.0,0.2,43.5,0.21,91.7,0.8,38.5,0.79,91.7,0.81,43.78,0.82,15.0,0.01,0.01,2349.99219,1776276632000
1776277769.549,269.549,0.19,41.75,0.18,15.0,0.2,26.58,0.21,91.7,0.8,43.5,0.79,91.7,0.81,36.75,0.82,15.0,0.01,0.01,2349.99219,1776276632000
1776277770.69,270.69,0.19,37.52,0.17,10.0,0.2,31.58,0.21,101.7,0.8,26.58,0.79,91.7,0.81,34.75,0.82,15.0,0.01,0.01,2349.99219,1776276632000
1776277771.098,271.098,0.19,31.28,0.17,10.0,0.2,31.58,0.21,101.7,0.8,31.58,0.79,101.7,0.81,37.52,0.83,10.0,0.01,0.01,2349.99219,1776276632000
1776277772.29,272.29,0.19,31.28,0.17,20.0,0.2,28.58,0.21,91.7,0.8,31.58,0.79,101.7,0.81,31.28,0.83,10.0,0.01,0.01,2349.99219,1776276632000
1776277773.112,273.112,0.19,36.28,0.17,20.0,0.21,79.67,0.22,46.0,0.8,20.58,0.79,91.7,0.81,31.28,0.83,20.0,0.02,0.01,2349.99219,1776276632000
1776277774.829,274.829,0.19,29.3,0.17,10.0,0.2,62.5,0.21,79.67,0.79,79.67,0.78,46.0,0.81,36.28,0.83,20.0,0.01,0.02,2349.99219,1776276632000
1776277775.49,275.49,0.19,9.05,0.14,9.84,0.2,138.0,0.21,81.0,0.8,62.5,0.79,79.67,0.81,29.3,0.83,10.0,0.01,0.01,2349.99219,1776276632000
1776277776.515,276.515,0.08,11.53,0.07,55.0,0.09,20.0,0.1,30.0,0.89,33.66,0.84,59.0,0.92,200.0,0.93,50.0,0.01,0.03,2349.99219,1776276632000
1776277776.804,276.804,0.07,30.0,0.06,25.0,0.08,35.47,0.09,30.0,0.91,20.0,0.9,30.0,0.92,11.53,0.93,55.0,0.01,0.01,2349.99219,1776276632000
1776277777.353,277.353,0.05,183.75,0.04,266.0,0.06,25.0,0.07,10.0,0.92,55.47,0.91,30.0,0.95,173.63,0.96,50.0,0.01,0.03,2349.99219,1776276632000
1776277777.894,277.894,0.05,173.75,0.04,266.0,0.06,20.0,0.07,10.0,0.94,25.0,0.93,10.0,0.95,183.75,0.96,266.0,0.01,0.01,2349.99219,1776276632000
1776277778.383,278.383,0.05,298.75,0.04,55.0,0.08,35.47,0.09,5.0,0.94,20.0,0.93,10.0,0.95,173.75,0.96,266.0,0.03,0.01,2349.99219,1776276632000
1776277778.822,278.822,0.07,15.0,0.06,37.0,0.08,3.47,0.09,15.0,0.92,15.47,0.9,10.0,0.93,10.0,0.94,241.0,0.01,0.01,2349.99219,1776276632000
1776277779.181,279.181,0.06,27.42,0.05,128.75,0.08,15.0,0.09,15.0,0.91,15.0,0.9,15.0,0.93,13.02,0.94,37.0,0.02,0.02,2349.99219,1776276632000
1776277779.876,279.876,0.06,27.42,0.05,88.75,0.08,20.0,0.09,15.0,0.92,15.0,0.91,15.0,0.94,27.42,0.95,128.75,0.02,0.02,2349.99219,1776276632000
1776277780.151,280.151,0.06,20.6,0.05,88.75,0.08,25.0,0.09,15.0,0.92,25.0,0.91,15.0,0.94,25.23,0.95,88.75,0.02,0.02,2349.99219,1776276632000
1776277781.017,281.017,0.05,8.42,0.04,270.0,0.07,20.0,0.08,20.0,0.93,15.0,0.92,20.0,0.95,56.5,0.96,50.0,0.02,0.02,2349.99219,1776276632000
1776277781.219,281.219,0.05,3.94,0.04,270.0,0.07,5.71,0.08,20.0,0.93,5.71,0.92,20.0,0.95,8.42,0.96,270.0,0.02,0.02,2349.99219,1776276632000
1776277781.791,281.791,0.04,264.27,0.03,246.0,0.06,20.0,0.07,5.71,0.93,5.71,0.92,20.0,0.95,3.94,0.96,270.0,0.02,0.02,2349.99219,1776276632000
1776277782.239,282.239,0.04,259.89,0.03,246.0,0.05,20.0,0.06,10.0,0.94,20.0,0.93,5.71,0.96,264.27,0.97,246.0,0.01,0.02,2349.99219,1776276632000
1776277782.579,282.579,0.04,259.89,0.03,246.0,0.05,14.0,0.06,10.0,0.95,20.0,0.94,10.0,0.96,259.89,0.97,246.0,0.01,0.01,2349.99219,1776276632000
1776277782.781,282.781,0.04,252.8,0.03,246.0,0.05,34.0,0.06,10.0,0.95,14.0,0.94,10.0,0.96,259.89,0.97,246.0,0.01,0.01,2349.99219,1776276632000
1776277783.136,283.136,0.04,251.75,0.03,468.0,0.05,39.0,0.06,15.0,0.95,34.0,0.94,10.0,0.96,252.8,0.97,246.0,0.01,0.01,2349.99219,1776276632000
1776277783.659,283.659,0.03,463.72,0.02,309.0,0.05,39.0,0.06,15.0,0.95,39.0,0.94,15.0,0.96,251.75,0.97,468.0,0.02,0.01,2349.99219,1776276632000
1776277784.705,284.705,0.03,456.72,0.02,286.0,0.05,39.0,0.06,15.0,0.95,39.0,0.94,15.0,0.97,463.72,0.98,309.0,0.02,0.02,2349.99219,1776276632000
1776277785.424,285.424,0.03,451.72,0.02,286.0,0.04,1.06,0.05,39.0,0.95,39.0,0.94,15.0,0.97,456.72,0.98,286.0,0.01,0.02,2349.99219,1776276632000
1776277785.997,285.997,0.03,446.72,0.02,286.0,0.04,11.06,0.05,39.0,0.96,1.06,0.95,39.0,0.97,451.72,0.98,286.0,0.01,0.01,2349.99219,1776276632000
1776277786.381,286.381,0.03,158.12,0.02,512.0,0.04,11.06,0.05,39.0,0.96,11.06,0.95,39.0,0.97,446.72,0.98,286.0,0.01,0.01,2349.99219,1776276632000
1776277786.756,286.756,0.03,113.12,0.02,512.0,0.06,28.09,0.07,24.71,0.96,11.06,0.95,39.0,0.97,158.12,0.98,512.0,0.03,0.01,2349.99219,1776276632000
1776277787.24,287.24,0.03,112.97,0.02,512.0,0.04,5.0,0.06,28.09,0.94,28.09,0.93,24.71,0.97,113.12,0.98,512.0,0.01,0.03,2349.99219,1776276632000
1776277787.461,287.461,0.03,311.97,0.02,488.0,0.08,29.0,0.13,20.0,0.96,5.0,0.94,28.09,0.97,112.97,0.98,512.0,0.05,0.01,2349.99219,1776276632000
1776277787.733,287.733,0.13,10.0,0.12,10.0,0.15,10.0,0.16,5.0,0.84,5.0,0.83,10.0,0.93,43.32,0.94,60.0,0.02,0.09,2349.99219,1776276632000
1776277788.285,288.285,0.08,13.21,0.07,10.0,0.09,176.29,0.1,10.0,0.83,9.9,0.82,23.0,0.95,5.23,0.96,41.0,0.01,0.12,2349.99219,1776276632000
1776277788.557,288.557,0.08,11.21,0.07,10.0,0.09,181.29,0.1,15.0,0.91,176.29,0.9,10.0,0.92,13.21,0.93,10.0,0.01,0.01,2349.99219,1776276632000
1776277788.941,288.941,0.07,34.3,0.06,10.0,0.08,10.0,0.09,176.29,0.91,181.29,0.9,15.0,0.92,11.21,0.93,10.0,0.01,0.01,2349.99219,1776276632000
1776277790.399,290.399,0.06,0.37,0.04,10.0,0.08,20.0,0.09,15.0,0.92,10.0,0.91,176.29,0.93,28.92,0.94,10.0,0.02,0.01,2349.99219,1776276632000
1776277790.813,290.813,0.04,5.8,0.03,2.97,0.06,15.0,0.07,15.0,0.93,15.0,0.92,15.0,0.95,5.8,0.96,10.0,0.02,0.02,2349.99219,1776276632000
1776277791.235,291.235,0.03,2.97,0.02,329.0,0.05,13.74,0.06,15.0,0.94,15.0,0.93,15.0,0.96,5.8,0.97,2.97,0.02,0.02,2349.99219,1776276632000
1776277791.773,291.773,0.03,57.0,0.02,315.0,0.07,2.85,0.08,10.0,0.95,13.74,0.94,15.0,0.97,2.97,0.98,329.0,0.04,0.02,2349.99219,1776276632000
1776277792.167,292.167,0.04,4.57,0.03,10.0,0.05,15.52,0.06,15.0,0.94,15.0,0.93,7.85,0.96,8.95,0.97,67.0,0.01,0.02,2349.99219,1776276632000
1776277793.121,293.121,0.03,0.72,0.02,315.0,0.04,20.0,0.05,25.52,0.95,15.52,0.94,15.0,0.96,4.57,0.97,10.0,0.01,0.01,2349.99219,1776276632000
1776277793.353,293.353,0.02,278.15,0.01,1753.98,0.03,11.0,0.04,10.0,0.96,15.0,0.95,25.52,0.98,282.34,0.99,1753.98,0.01,0.02,2349.99219,1776276632000
1776277793.85,293.85,0.02,264.83,0.01,1853.98,0.03,11.0,0.04,10.0,0.97,11.0,0.96,10.0,0.98,278.15,0.99,1753.98,0.01,0.01,2349.99219,1776276632000
1776277794.47,294.47,0.02,248.59,0.01,1693.98,0.03,11.0,0.04,10.0,0.97,11.0,0.96,10.0,0.98,262.78,0.99,1853.98,0.01,0.01,2349.99219,1776276632000
1776277794.998,294.998,0.02,228.37,0.01,1693.98,0.03,21.0,0.04,15.0,0.97,21.0,0.96,10.0,0.98,242.56,0.99,1693.98,0.01,0.01,2349.99219,1776276632000
1776277795.276,295.276,0.02,87.74,0.01,1693.98,0.03,21.0,0.04,15.0,0.97,21.0,0.96,15.0,0.98,92.85,0.99,1693.98,0.01,0.01,2349.99219,1776276632000
1776277795.575,295.575,0.02,66.44,0.01,1693.98,0.03,21.0,0.04,15.0,0.97,21.0,0.96,15.0,0.98,87.63,0.99,1693.98,0.01,0.01,2349.99219,1776276632000
1776277795.791,295.791,0.02,54.36,0.01,1693.98,0.03,21.0,0.04,15.0,0.97,21.0,0.96,15.0,0.98,66.44,0.99,1693.98,0.01,0.01,2349.99219,1776276632000
1776277796.213,296.213,0.02,6.98,0.01,1593.98,0.03,26.0,0.04,15.0,0.97,21.0,0.96,15.0,0.98,45.17,0.99,1593.98,0.01,0.01,2349.99219,1776276632000
1776277796.439,296.439,0.02,8.88,0.01,1550.96,0.04,10.0,0.05,5.52,0.95,5.52,0.94,114.0,0.99,1550.96,,,0.02,0.04,2349.99219,1776276632000
1776277796.696,296.696,0.01,1542.55,,,0.03,15.0,0.04,15.0,0.97,20.0,0.96,15.0,0.99,1547.55,,,0.02,0.02,2349.99219,1776276632000
1776277796.988,296.988,0.01,1528.7,,,0.03,15.0,0.04,15.0,0.97,15.0,0.96,15.0,0.99,1533.76,,,0.02,0.02,2349.99219,1776276632000
1776277797.349,297.349,0.01,1423.36,,,0.02,35.0,0.03,20.0,0.98,35.0,0.97,20.0,0.99,1428.42,,,0.01,0.01,2349.99219,1776276632000
1776277797.557,297.557,0.01,433.06,,,0.02,32.97,0.03,20.0,0.98,32.97,0.97,20.0,0.99,441.65,,,0.01,0.01,2349.99219,1776276632000
1776277797.766,297.766,0.01,4.0,,,0.02,42.97,0.03,25.0,0.98,37.97,0.97,25.0,0.99,6.0,,,0.01,0.01,2349.99219,1776276632000
1776277798.0,298.0,,,,,0.01,214.14,0.02,37.97,0.98,42.97,0.97,25.0,,,,,,,2349.99219,1776276632000
1776277798.31,298.31,0.01,1835.71,,,0.02,5.0,0.03,20.0,0.98,10.0,0.97,20.0,0.99,1835.71,,,0.01,0.01,2349.99219,1776276632000
1776277799.049,299.049,,,,,0.01,8559.62,0.02,26.0,0.98,5.0,0.97,20.0,0.99,1828.84,,,,0.01,2349.99219,1776276632000
1776277799.707,299.707,,,,,0.01,22199.68,0.02,26.0,0.99,8559.62,0.98,26.0,,,,,,,2349.99219,1776276632000
1776277800.259,300.259,,,,,0.01,36317.59,0.02,16.0,0.99,22199.68,0.98,26.0,,,,,,,2349.99219,1776276632000

# RESULT,winner=Up,slug=eth-updown-5m-1776277500,ticks=368
