timestamp,elapsed_sec,up_bid_p1,up_bid_s1,up_bid_p2,up_bid_s2,up_ask_p1,up_ask_s1,up_ask_p2,up_ask_s2,down_bid_p1,down_bid_s1,down_bid_p2,down_bid_s2,down_ask_p1,down_ask_s1,down_ask_p2,down_ask_s2,up_spread,down_spread,eth_price,eth_oracle_ts
1776241501.481,1.481,0.47,7.71,0.46,88.0,0.48,7.68,0.49,40.0,0.51,12.33,0.5,5.0,0.53,7.71,0.54,88.0,0.01,0.02,2319.3943,1776236446000
1776241501.804,1.804,0.47,7.71,0.46,88.0,0.48,7.68,0.49,40.0,0.51,12.33,0.5,15.01,0.52,10.0,0.53,12.71,0.01,0.01,2319.3943,1776236446000
1776241502.338,2.338,0.47,12.71,0.46,158.0,0.49,27.13,0.5,10.01,0.51,12.33,0.5,15.01,0.52,10.0,0.53,12.71,0.02,0.01,2319.3943,1776236446000
1776241503.112,3.112,0.46,139.18,0.45,90.0,0.49,32.13,0.5,20.01,0.51,27.13,0.5,10.01,0.53,12.71,0.54,158.0,0.03,0.02,2319.3943,1776236446000
1776241503.387,3.387,0.47,9.63,0.46,149.18,0.48,19.08,0.49,32.13,0.51,32.13,0.5,20.01,0.54,139.18,0.55,90.0,0.01,0.03,2319.3943,1776236446000
1776241503.776,3.776,0.47,27.73,0.46,144.18,0.48,24.08,0.49,37.13,0.52,19.08,0.51,32.13,0.53,9.63,0.54,149.18,0.01,0.01,2319.3943,1776236446000
1776241504.062,4.062,0.47,27.73,0.46,144.18,0.48,3.03,0.49,37.13,0.52,24.08,0.51,37.13,0.53,27.73,0.54,144.18,0.01,0.01,2319.3943,1776236446000
1776241504.417,4.417,0.48,15.0,0.47,27.73,0.49,29.13,0.5,25.01,0.52,3.03,0.51,37.13,0.53,27.73,0.54,144.18,0.01,0.01,2319.3943,1776236446000
1776241505.136,5.136,0.48,22.5,0.47,27.73,0.49,24.13,0.5,25.01,0.51,29.13,0.5,25.01,0.52,15.0,0.53,27.73,0.01,0.01,2319.3943,1776236446000
1776241506.675,6.675,0.48,20.0,0.47,32.73,0.49,29.13,0.5,35.01,0.51,24.13,0.5,25.01,0.52,22.5,0.53,27.73,0.01,0.01,2319.3943,1776236446000
1776241507.233,7.233,0.48,20.38,0.47,32.73,0.49,19.13,0.5,35.01,0.51,29.13,0.5,35.01,0.52,20.0,0.53,32.73,0.01,0.01,2319.3943,1776236446000
1776241507.695,7.695,0.48,84.1,0.47,32.73,0.49,4.13,0.5,15.01,0.51,19.13,0.5,35.01,0.52,1.38,0.53,32.73,0.01,0.01,2319.3943,1776236446000
1776241508.174,8.174,0.53,5.77,0.52,97.0,0.54,3.61,0.55,75.0,0.46,3.61,0.45,75.0,0.47,7.87,0.48,80.0,0.01,0.01,2319.3943,1776236446000
1776241508.469,8.469,0.53,8.8,0.52,97.0,0.54,3.61,0.55,75.0,0.46,3.61,0.45,75.0,0.47,15.77,0.48,97.0,0.01,0.01,2319.3943,1776236446000
1776241508.671,8.671,0.53,15.8,0.52,167.0,0.56,10.98,0.57,27.0,0.45,2.18,0.44,15.0,0.47,20.8,0.48,167.0,0.03,0.02,2319.3943,1776236446000
1776241509.007,9.007,0.55,15.5,0.54,10.0,0.56,25.5,0.57,32.0,0.44,15.0,0.43,32.0,0.45,10.0,0.46,15.0,0.01,0.01,2319.3943,1776236446000
1776241509.407,9.407,0.56,47.5,0.55,27.5,0.57,5.0,0.58,25.5,0.44,25.5,0.43,32.0,0.45,15.5,0.46,10.0,0.01,0.01,2319.3943,1776236446000
1776241509.77,9.77,0.55,23.52,0.54,10.0,0.58,30.32,0.59,30.5,0.42,25.32,0.41,25.5,0.44,47.5,0.45,27.5,0.03,0.02,2319.3943,1776236446000
1776241510.256,10.256,0.58,15.0,0.57,15.0,0.6,33.5,0.61,103.0,0.43,10.0,0.42,30.32,0.44,10.0,0.45,28.52,0.02,0.01,2319.3943,1776236446000
1776241510.592,10.592,0.59,15.0,0.58,20.0,0.6,32.17,0.61,108.0,0.4,33.5,0.39,103.0,0.42,15.0,0.43,15.0,0.01,0.02,2319.3943,1776236446000
1776241510.915,10.915,0.61,15.0,0.6,10.0,0.62,52.69,0.63,92.0,0.38,106.79,0.37,85.0,0.41,20.0,0.42,20.0,0.01,0.03,2319.3943,1776236446000
1776241512.604,12.604,0.6,70.5,0.59,35.5,0.62,10.05,0.63,10.5,0.38,52.69,0.37,102.0,0.41,25.5,0.42,30.5,0.02,0.03,2319.3943,1776236446000
1776241514.084,14.084,0.62,42.36,0.61,25.0,0.63,10.5,0.64,275.87,0.38,10.05,0.37,10.5,0.4,70.5,0.41,35.5,0.01,0.02,2319.3943,1776236446000
1776241514.69,14.69,0.63,303.5,0.62,204.86,0.64,2.89,0.66,9.6,0.37,10.5,0.36,275.87,0.38,42.36,0.39,25.0,0.01,0.01,2319.3943,1776236446000
1776241514.976,14.976,0.69,20.0,0.68,25.0,0.7,11.09,0.71,195.0,0.3,12.67,0.29,185.0,0.31,20.0,0.32,15.0,0.01,0.01,2319.3943,1776236446000
1776241515.321,15.321,0.69,12.53,0.68,20.0,0.7,11.09,0.71,195.0,0.3,11.09,0.29,195.0,0.31,13.5,0.32,25.0,0.01,0.01,2319.3943,1776236446000
1776241515.733,15.733,0.69,6.93,0.68,23.27,0.7,21.09,0.71,195.0,0.3,11.09,0.29,195.0,0.32,18.27,0.33,31.0,0.01,0.02,2319.3943,1776236446000
1776241515.996,15.996,0.68,17.16,0.67,50.0,0.69,9.0,0.7,21.09,0.3,21.09,0.29,195.0,0.31,6.93,0.32,23.27,0.01,0.01,2319.3943,1776236446000
1776241516.517,16.517,0.61,6.96,0.6,13.0,0.63,20.5,0.64,130.5,0.31,9.0,0.3,21.09,0.32,17.16,0.33,50.0,0.02,0.01,2319.3943,1776236446000
1776241516.9,16.9,0.6,0.78,0.59,15.5,0.62,200.5,0.63,26.5,0.38,204.5,0.37,26.5,0.39,6.96,0.4,5.0,0.02,0.01,2319.3943,1776236446000
1776241517.482,17.482,0.58,2.61,0.57,10.0,0.59,36.5,0.6,26.5,0.39,10.0,0.38,205.5,0.41,4.06,0.42,25.5,0.01,0.02,2319.3943,1776236446000
1776241517.692,17.692,0.56,1.11,0.55,15.5,0.57,16.0,0.58,26.5,0.41,36.5,0.4,26.5,0.42,2.61,0.43,10.0,0.01,0.01,2319.3943,1776236446000
1776241518.786,18.786,0.56,11.11,0.55,30.5,0.57,18.66,0.58,201.0,0.43,16.0,0.42,26.5,0.44,1.11,0.45,15.5,0.01,0.01,2319.3943,1776236446000
1776241520.346,20.346,0.56,79.61,0.55,235.5,0.57,0.03,0.61,80.0,0.43,11.58,0.42,211.5,0.44,1.11,0.45,20.5,0.01,0.01,2319.3943,1776236446000
1776241520.573,20.573,0.56,52.11,0.55,39.5,0.57,15.03,0.58,20.5,0.43,0.03,0.39,80.0,0.44,79.61,0.45,235.5,0.01,0.01,2319.3943,1776236446000
1776241522.756,22.756,0.56,86.5,0.55,55.5,0.64,1.6,0.65,104.0,0.43,15.03,0.42,20.5,0.44,52.11,0.45,39.5,0.08,0.01,2319.3943,1776236446000
1776241523.442,23.442,0.59,15.0,0.58,49.35,0.61,30.5,0.62,25.5,0.36,1.6,0.35,104.0,0.44,86.5,0.45,55.5,0.02,0.08,2319.3943,1776236446000
1776241524.026,24.026,0.59,19.63,0.58,57.5,0.61,35.5,0.62,30.5,0.4,5.0,0.39,25.5,0.42,49.35,0.43,48.5,0.02,0.02,2319.3943,1776236446000
1776241524.254,24.254,0.59,16.97,0.58,57.5,0.61,30.5,0.62,30.5,0.39,35.5,0.38,30.5,0.41,19.63,0.42,57.5,0.02,0.02,2319.3943,1776236446000
1776241527.954,27.954,0.62,13.15,0.61,30.5,0.64,55.05,0.65,10.0,0.39,30.5,0.38,30.5,0.41,16.97,0.42,57.5,0.02,0.02,2319.3943,1776236446000
1776241528.273,28.273,0.63,94.0,0.62,45.65,0.64,29.23,0.65,10.5,0.36,55.05,0.35,10.0,0.38,13.15,0.39,30.5,0.01,0.02,2319.3943,1776236446000
1776241528.616,28.616,0.66,15.0,0.65,20.0,0.67,30.5,0.68,200.0,0.32,195.0,0.31,71.45,0.37,89.0,0.38,45.65,0.01,0.05,2319.3943,1776236446000
1776241530.468,30.468,0.66,4.85,0.65,20.0,0.67,93.65,0.68,210.5,0.33,28.12,0.32,200.0,0.34,20.0,0.35,20.0,0.01,0.01,2319.3943,1776236446000
1776241531.274,31.274,0.65,5.0,0.64,5.0,0.66,6.15,0.67,111.8,0.33,93.65,0.32,210.5,0.34,4.85,0.35,20.0,0.01,0.01,2319.3943,1776236446000
1776241531.84,31.84,0.63,56.69,0.62,5.0,0.64,46.0,0.65,31.96,0.35,21.0,0.34,36.65,0.37,34.4,0.38,5.0,0.01,0.02,2319.3943,1776236446000
1776241532.567,32.567,0.61,5.0,0.6,20.5,0.64,226.0,0.65,37.11,0.36,46.0,0.35,31.96,0.37,56.69,0.38,5.0,0.03,0.01,2319.3943,1776236446000
1776241534.543,34.543,0.61,60.5,0.6,35.5,0.62,15.0,0.63,20.0,0.36,226.0,0.35,37.11,0.39,5.0,0.4,20.5,0.01,0.03,2319.3943,1776236446000
1776241538.437,38.437,0.62,100.5,0.61,284.5,0.63,3.0,0.64,90.0,0.38,13.38,0.37,20.0,0.39,60.5,0.4,35.5,0.01,0.01,2319.3943,1776236446000
1776241539.0,39.0,0.63,265.5,0.62,98.5,0.65,5.92,0.66,11.15,0.37,3.0,0.36,90.0,0.38,100.5,0.39,284.5,0.02,0.01,2319.3943,1776236446000
1776241541.016,41.016,0.65,64.28,0.64,50.0,0.66,10.0,0.67,15.0,0.35,5.92,0.34,11.15,0.37,265.5,0.38,98.5,0.01,0.02,2319.3943,1776236446000
1776241542.345,42.345,0.65,22.75,0.64,225.0,0.66,10.0,0.67,15.0,0.34,10.0,0.33,15.0,0.35,64.28,0.36,50.0,0.01,0.01,2319.3943,1776236446000
1776241542.683,42.683,0.65,275.25,0.64,82.5,0.69,80.0,0.7,5.0,0.34,10.0,0.33,15.0,0.35,22.75,0.36,225.0,0.04,0.01,2319.3943,1776236446000
1776241543.596,43.596,0.68,352.5,0.67,70.5,0.72,2.54,0.73,5.0,0.31,66.43,0.3,5.0,0.32,10.0,0.33,10.0,0.04,0.01,2319.3943,1776236446000
1776241546.381,46.381,0.72,70.0,0.71,243.99,0.73,20.0,0.74,35.0,0.27,10.25,0.26,34.5,0.29,20.0,0.3,42.85,0.01,0.02,2319.3943,1776236446000
1776241547.826,47.826,0.72,12.63,0.71,40.5,0.73,20.0,0.74,40.0,0.27,20.0,0.26,35.0,0.3,7.35,0.31,36.5,0.01,0.03,2319.3943,1776236446000
1776241548.46,48.46,0.72,23.13,0.71,40.5,0.73,4.91,0.74,40.0,0.27,22.91,0.26,40.0,0.28,23.13,0.29,40.5,0.01,0.01,2319.3943,1776236446000
1776241549.887,49.887,0.71,30.0,0.7,36.85,0.72,23.61,0.73,20.41,0.27,4.91,0.26,40.0,0.28,23.13,0.29,40.5,0.01,0.01,2319.3943,1776236446000
1776241550.118,50.118,0.71,35.0,0.7,41.85,0.72,12.0,0.73,20.41,0.28,23.61,0.27,20.41,0.29,30.0,0.3,36.85,0.01,0.01,2319.3943,1776236446000
1776241550.705,50.705,0.71,19.65,0.7,41.85,0.72,12.0,0.73,20.41,0.28,12.0,0.27,20.41,0.29,35.0,0.3,41.85,0.01,0.01,2319.3943,1776236446000
1776241551.301,51.301,0.7,29.0,0.69,30.5,0.72,21.88,0.73,28.41,0.28,9.88,0.27,20.41,0.29,19.65,0.3,41.85,0.02,0.01,2319.3943,1776236446000
1776241552.021,52.021,0.72,52.5,0.71,41.35,0.73,18.8,0.74,34.0,0.28,21.88,0.27,17.91,0.3,17.0,0.31,30.5,0.01,0.02,2319.3943,1776236446000
1776241552.618,52.618,0.72,81.35,0.71,221.35,0.74,22.93,0.75,30.5,0.27,18.8,0.26,34.0,0.28,52.5,0.29,41.35,0.02,0.01,2319.3943,1776236446000
1776241553.544,53.544,0.73,281.35,0.72,89.35,0.75,5.0,0.76,70.0,0.26,22.93,0.25,30.5,0.28,81.35,0.29,221.35,0.02,0.02,2319.3943,1776236446000
1776241553.94,53.94,0.75,296.5,0.74,69.5,0.76,0.1,0.77,8.0,0.24,68.1,0.23,8.0,0.27,281.35,0.28,89.35,0.01,0.03,2319.3943,1776236446000
1776241554.223,54.223,0.76,262.4,0.75,114.5,0.77,3.0,0.78,15.0,0.23,8.0,0.22,10.0,0.24,13.9,0.25,296.5,0.01,0.01,2319.3943,1776236446000
1776241554.507,54.507,0.76,257.4,0.75,84.5,0.78,11.56,0.79,59.0,0.23,1.7,0.22,15.0,0.24,287.4,0.25,114.5,0.02,0.01,2319.3943,1776236446000
1776241556.227,56.227,0.78,274.5,0.77,60.5,0.8,10.0,0.81,20.0,0.22,11.56,0.21,59.0,0.23,13.5,0.24,252.4,0.02,0.01,2319.3943,1776236446000
1776241556.532,56.532,0.79,260.5,0.78,89.5,0.8,7.0,0.81,20.0,0.2,10.0,0.19,20.0,0.22,274.5,0.23,60.5,0.01,0.02,2319.3943,1776236446000
1776241556.936,56.936,0.8,250.5,0.79,75.5,0.81,18.76,0.82,85.0,0.19,20.0,0.18,85.0,0.21,260.5,0.22,89.5,0.01,0.02,2319.3943,1776236446000
1776241557.742,57.742,0.81,30.5,0.8,220.5,0.82,11.98,0.83,27.0,0.19,18.76,0.18,85.0,0.2,235.5,0.21,75.5,0.01,0.01,2319.3943,1776236446000
1776241558.708,58.708,0.77,12.0,0.76,20.0,0.79,10.0,0.8,22.0,0.17,25.16,0.16,80.0,0.19,30.5,0.2,220.5,0.02,0.02,2319.3943,1776236446000
1776241560.152,60.152,0.75,10.0,0.74,15.0,0.76,35.68,0.77,32.0,0.21,10.0,0.2,22.0,0.23,12.0,0.24,20.0,0.01,0.02,2319.3943,1776236446000
1776241560.41,60.41,0.75,25.5,0.74,25.5,0.76,38.47,0.77,42.0,0.24,35.68,0.23,32.0,0.25,10.0,0.26,15.0,0.01,0.01,2319.3943,1776236446000
1776241561.441,61.441,0.75,25.5,0.74,30.5,0.76,51.15,0.77,90.99,0.24,38.47,0.23,42.0,0.25,25.5,0.26,25.5,0.01,0.01,2319.3943,1776236446000
1776241561.696,61.696,0.74,6.65,0.73,20.5,0.76,95.14,0.77,233.49,0.24,51.15,0.23,90.99,0.25,25.5,0.26,30.5,0.02,0.01,2319.3943,1776236446000
1776241562.335,62.335,0.74,45.0,0.73,25.5,0.75,44.0,0.76,69.99,0.25,39.0,0.24,69.99,0.27,20.5,0.28,67.5,0.01,0.02,2319.3943,1776236446000
1776241565.603,65.603,0.76,4.47,0.74,5.0,0.77,193.49,0.78,40.5,0.25,44.0,0.24,69.99,0.26,45.0,0.27,25.5,0.01,0.01,2319.3943,1776236446000
1776241566.461,66.461,0.74,6.15,0.73,20.5,0.75,242.0,0.76,103.02,0.24,9.53,0.23,188.49,0.26,5.0,0.27,15.5,0.01,0.02,2319.3943,1776236446000
1776241567.201,67.201,0.73,25.12,0.72,32.5,0.75,242.0,0.76,103.02,0.25,242.0,0.24,103.02,0.26,6.15,0.27,20.5,0.02,0.01,2319.3943,1776236446000
1776241570.912,70.912,0.74,50.5,0.73,30.12,0.75,23.16,0.76,267.52,0.25,242.0,0.24,103.02,0.27,25.12,0.28,32.5,0.01,0.02,2319.3943,1776236446000
1776241572.352,72.352,0.75,13.0,0.74,112.53,0.76,8.0,0.77,88.99,0.25,23.16,0.24,267.52,0.26,50.5,0.27,30.12,0.01,0.01,2319.3943,1776236446000
1776241573.344,73.344,0.76,269.5,0.75,96.5,0.77,9.93,0.79,90.9,0.24,8.0,0.23,88.99,0.25,13.0,0.26,112.53,0.01,0.01,2319.3943,1776236446000
1776241576.328,76.328,0.77,53.76,0.76,234.43,0.78,20.0,0.79,84.49,0.21,90.9,0.2,216.0,0.24,254.43,0.25,96.5,0.01,0.03,2319.3943,1776236446000
1776241578.024,78.024,0.74,47.53,0.73,135.11,0.75,46.0,0.76,234.5,0.22,13.58,0.21,84.49,0.23,53.76,0.24,234.43,0.01,0.01,2319.3943,1776236446000
1776241578.266,78.266,0.74,47.53,0.73,135.11,0.75,7.51,0.76,234.5,0.25,46.0,0.24,234.5,0.26,47.53,0.27,135.11,0.01,0.01,2319.3943,1776236446000
1776241578.579,78.579,0.75,3.44,0.74,57.53,0.76,57.5,0.77,298.49,0.25,7.51,0.24,234.5,0.26,47.53,0.27,135.11,0.01,0.01,2319.3943,1776236446000
1776241580.063,80.063,0.77,9.52,0.76,35.5,0.78,94.4,0.79,50.5,0.24,57.5,0.23,298.49,0.25,3.44,0.26,57.53,0.01,0.01,2319.3943,1776236446000
1776241582.306,82.306,0.78,8.47,0.77,240.02,0.79,75.4,0.8,51.55,0.22,94.4,0.21,50.5,0.23,9.52,0.24,35.5,0.01,0.01,2319.3943,1776236446000
1776241584.615,84.615,0.77,90.02,0.76,221.5,0.78,25.52,0.79,55.09,0.21,74.07,0.2,51.55,0.22,8.47,0.23,240.02,0.01,0.01,2319.3943,1776236446000
1776241587.218,87.218,0.78,5.0,0.77,51.54,0.79,55.09,0.8,25.5,0.22,25.52,0.21,55.09,0.23,51.54,0.24,226.5,0.01,0.01,2319.3943,1776236446000
1776241591.649,91.649,0.77,10.5,0.76,10.5,0.79,122.09,0.8,48.5,0.21,60.09,0.2,25.5,0.23,34.14,0.24,226.5,0.02,0.02,2319.3943,1776236446000
1776241592.235,92.235,0.77,10.5,0.76,20.5,0.78,48.59,0.79,74.09,0.21,122.09,0.2,48.5,0.23,10.5,0.24,10.5,0.01,0.02,2319.3943,1776236446000
1776241593.57,93.57,0.75,24.63,0.74,20.5,0.76,104.5,0.77,238.5,0.22,48.59,0.21,74.09,0.23,10.5,0.24,20.5,0.01,0.01,2319.3943,1776236446000
1776241594.872,94.872,0.75,11.63,0.74,20.5,0.76,279.5,0.77,65.09,0.24,104.5,0.23,238.5,0.25,24.63,0.26,20.5,0.01,0.01,2319.3943,1776236446000
1776241596.54,96.54,0.73,107.37,0.72,48.5,0.76,279.5,0.77,94.8,0.24,279.5,0.23,65.09,0.25,11.63,0.26,20.5,0.03,0.01,2319.3943,1776236446000
1776241604.033,104.033,0.72,20.5,0.71,25.5,0.73,13.0,0.74,41.0,0.24,279.5,0.23,94.8,0.27,107.37,0.28,48.5,0.01,0.03,2319.3943,1776236446000
1776241608.332,108.332,0.7,210.5,0.69,130.49,0.71,4.0,0.72,33.0,0.27,18.0,0.26,26.0,0.29,25.5,0.3,25.5,0.01,0.02,2319.3943,1776236446000
1776241609.247,109.247,0.72,46.5,0.71,35.5,0.73,7.93,0.75,23.0,0.29,4.0,0.28,33.0,0.3,210.5,0.31,130.49,0.01,0.01,2319.3943,1776236446000
1776241609.863,109.863,0.74,75.5,0.73,105.5,0.75,18.66,0.76,15.5,0.27,7.93,0.25,23.0,0.28,46.5,0.29,35.5,0.01,0.01,2319.3943,1776236446000
1776241612.434,112.434,0.75,50.0,0.74,250.5,0.76,13.61,0.77,43.5,0.24,14.18,0.23,47.5,0.25,10.0,0.26,75.5,0.01,0.01,2319.3943,1776236446000
1776241618.084,118.084,0.75,239.49,0.74,107.62,0.79,24.5,0.8,36.0,0.24,13.61,0.23,43.5,0.25,50.0,0.26,250.5,0.04,0.01,2319.3943,1776236446000
1776241622.266,122.266,0.77,49.5,0.76,210.5,0.78,7.54,0.79,89.5,0.21,24.5,0.2,36.0,0.25,239.49,0.26,107.62,0.01,0.04,2319.3943,1776236446000
1776241622.685,122.685,0.77,41.62,0.76,227.5,0.78,96.04,0.79,89.5,0.22,7.54,0.21,89.5,0.23,49.5,0.24,210.5,0.01,0.01,2319.3943,1776236446000
1776241623.093,123.093,0.75,17.0,0.74,207.0,0.76,7.38,0.77,48.5,0.22,96.04,0.21,89.5,0.23,41.62,0.24,227.5,0.01,0.01,2319.3943,1776236446000
1776241624.289,124.289,0.74,228.62,0.73,45.5,0.75,99.56,0.76,41.88,0.25,5.12,0.24,17.38,0.26,207.0,0.27,25.5,0.01,0.01,2319.3943,1776236446000
1776241624.71,124.71,0.73,7.92,0.72,14.0,0.74,104.5,0.75,269.56,0.25,99.56,0.24,41.88,0.26,228.62,0.27,45.5,0.01,0.01,2319.3943,1776236446000
1776241626.52,126.52,0.72,40.62,0.71,55.5,0.73,34.13,0.74,25.5,0.27,70.5,0.26,94.5,0.28,9.39,0.29,30.0,0.01,0.01,2319.3943,1776236446000
1776241626.837,126.837,0.72,40.62,0.71,55.5,0.74,13.84,0.75,25.56,0.27,34.13,0.26,25.5,0.28,40.62,0.29,55.5,0.02,0.01,2319.3943,1776236446000
1776241629.001,129.001,0.75,8.0,0.74,80.5,0.76,35.2,0.77,60.8,0.26,13.84,0.25,25.56,0.28,40.62,0.29,55.5,0.01,0.02,2319.3943,1776236446000
1776241629.438,129.438,0.74,10.0,0.73,10.0,0.76,230.2,0.77,75.8,0.24,35.2,0.23,60.8,0.25,8.0,0.26,80.5,0.02,0.01,2319.3943,1776236446000
1776241632.059,132.059,0.65,76.71,0.64,90.0,0.73,25.5,0.74,25.5,0.24,230.2,0.23,75.8,0.26,10.0,0.27,10.0,0.08,0.02,2319.3943,1776236446000
1776241632.449,132.449,0.69,25.5,0.68,205.5,0.7,8.82,0.71,10.0,0.27,25.5,0.26,25.5,0.35,76.71,0.36,90.0,0.01,0.08,2319.3943,1776236446000
1776241632.827,132.827,0.69,50.5,0.68,223.5,0.7,2.64,0.71,15.0,0.3,8.82,0.29,10.0,0.31,25.5,0.32,205.5,0.01,0.01,2319.3943,1776236446000
1776241634.568,134.568,0.69,76.5,0.68,233.5,0.7,0.5,0.71,15.0,0.3,2.64,0.29,15.0,0.31,50.5,0.32,223.5,0.01,0.01,2319.3943,1776236446000
1776241635.423,135.423,0.7,216.5,0.69,50.5,0.72,14.79,0.73,15.0,0.3,0.5,0.29,15.0,0.31,76.5,0.32,233.5,0.02,0.01,2319.3943,1776236446000
1776241636.14,136.14,0.72,21.5,0.71,25.5,0.73,18.63,0.74,25.5,0.27,15.0,0.26,15.0,0.29,36.5,0.3,215.5,0.01,0.02,2319.3943,1776236446000
1776241637.354,137.354,0.72,6.0,0.71,107.98,0.73,96.76,0.74,67.49,0.27,18.63,0.26,25.5,0.28,21.5,0.29,25.5,0.01,0.01,2319.3943,1776236446000
1776241641.152,141.152,0.69,25.5,0.68,25.5,0.73,47.76,0.74,95.5,0.27,96.76,0.26,67.49,0.28,6.0,0.29,107.98,0.04,0.01,2319.3943,1776236446000
1776241641.465,141.465,0.69,25.5,0.68,30.5,0.7,33.74,0.71,35.5,0.27,47.76,0.26,95.5,0.31,25.5,0.32,25.5,0.01,0.04,2319.3943,1776236446000
1776241642.645,142.645,0.65,10.35,0.64,6.0,0.66,264.0,0.67,105.5,0.3,33.74,0.29,35.5,0.31,25.5,0.32,30.5,0.01,0.01,2319.3943,1776236446000
1776241642.958,142.958,0.65,15.2,0.64,6.0,0.66,269.0,0.67,105.5,0.34,264.0,0.33,105.5,0.35,10.35,0.36,6.0,0.01,0.01,2319.3943,1776236446000
1776241643.435,143.435,0.64,6.0,0.63,10.5,0.66,274.5,0.67,105.5,0.34,269.0,0.33,105.5,0.35,15.2,0.36,6.0,0.02,0.01,2319.3943,1776236446000
1776241643.825,143.825,0.64,6.0,0.63,5.0,0.65,48.96,0.66,225.5,0.34,274.5,0.33,105.5,0.36,6.0,0.37,10.5,0.01,0.02,2319.3943,1776236446000
1776241644.65,144.65,0.61,15.5,0.6,10.0,0.63,7.0,0.64,94.5,0.35,48.96,0.34,225.5,0.36,6.0,0.37,5.0,0.02,0.01,2319.3943,1776236446000
1776241645.338,145.338,0.6,3.71,0.59,20.5,0.61,66.0,0.62,269.5,0.37,7.0,0.36,94.5,0.39,15.5,0.4,10.0,0.01,0.02,2319.3943,1776236446000
1776241645.726,145.726,0.59,7.78,0.58,12.0,0.6,89.0,0.61,159.5,0.4,20.0,0.39,164.5,0.41,13.99,0.42,6.0,0.01,0.01,2319.3943,1776236446000
1776241646.66,146.66,0.58,32.28,0.57,15.0,0.59,68.66,0.6,79.0,0.4,89.0,0.39,159.5,0.42,11.78,0.43,10.0,0.01,0.02,2319.3943,1776236446000
1776241647.739,147.739,0.58,4.0,0.57,95.5,0.59,68.66,0.6,79.0,0.41,68.66,0.4,79.0,0.42,32.28,0.43,15.0,0.01,0.01,2319.3943,1776236446000
1776241649.014,149.014,0.57,182.58,0.56,286.0,0.59,61.81,0.6,259.0,0.41,68.66,0.4,79.0,0.43,95.5,0.44,281.0,0.02,0.02,2319.3943,1776236446000
1776241650.038,150.038,0.58,10.0,0.57,115.47,0.59,59.84,0.6,269.5,0.42,1.81,0.41,61.81,0.43,107.2,0.44,286.0,0.01,0.01,2319.3943,1776236446000
1776241650.451,150.451,0.58,102.78,0.57,110.47,0.59,2.94,0.6,243.91,0.4,243.91,0.39,199.5,0.42,97.78,0.43,110.47,0.01,0.02,2319.3943,1776236446000
1776241651.042,151.042,0.58,36.74,0.57,95.01,0.59,3.3,0.6,215.5,0.41,2.94,0.4,243.91,0.42,102.78,0.43,110.47,0.01,0.01,2319.3943,1776236446000
1776241652.602,152.602,0.58,0.13,0.57,15.01,0.6,279.5,0.61,25.5,0.4,10.0,0.39,155.5,0.42,50.88,0.43,290.51,0.02,0.02,2319.3943,1776236446000
1776241653.187,153.187,0.57,17.68,0.56,30.5,0.58,72.0,0.59,131.5,0.41,20.5,0.4,274.5,0.43,15.01,0.44,20.0,0.01,0.02,2319.3943,1776236446000
1776241654.894,154.894,0.57,17.68,0.56,20.0,0.58,80.32,0.59,321.5,0.42,72.0,0.41,131.5,0.43,17.68,0.44,30.5,0.01,0.01,2319.3943,1776236446000
1776241655.137,155.137,0.54,20.6,0.53,5.0,0.57,7.32,0.58,99.47,0.42,80.32,0.41,321.5,0.43,17.68,0.44,20.0,0.03,0.01,2319.3943,1776236446000
1776241655.528,155.528,0.51,39.61,0.5,45.0,0.52,99.73,0.53,15.0,0.48,10.5,0.45,54.0,0.49,44.61,0.5,50.0,0.01,0.01,2319.3943,1776236446000
1776241655.967,155.967,0.5,45.05,0.49,20.0,0.52,100.1,0.53,15.0,0.48,100.1,0.47,20.0,0.5,40.05,0.51,20.0,0.02,0.02,2319.3943,1776236446000
1776241656.305,156.305,0.5,20.05,0.49,5.0,0.52,290.5,0.53,20.0,0.48,100.1,0.47,15.0,0.5,45.05,0.51,20.0,0.02,0.02,2319.3943,1776236446000
1776241656.594,156.594,0.49,5.0,0.48,15.0,0.5,75.5,0.51,250.69,0.49,99.5,0.48,299.5,0.51,10.0,0.52,15.0,0.01,0.02,2319.3943,1776236446000
1776241657.263,157.263,0.49,10.0,0.48,15.0,0.5,36.6,0.51,59.69,0.5,42.5,0.49,234.69,0.51,5.0,0.52,15.0,0.01,0.01,2319.3943,1776236446000
1776241657.635,157.635,0.48,35.5,0.47,24.23,0.51,32.57,0.52,105.5,0.51,5.0,0.5,36.6,0.53,8.73,0.54,44.3,0.03,0.02,2319.3943,1776236446000
1776241657.895,157.895,0.49,22.92,0.48,20.0,0.51,57.77,0.52,105.5,0.49,57.77,0.48,105.5,0.51,20.0,0.52,20.0,0.02,0.02,2319.3943,1776236446000
1776241658.185,158.185,0.49,22.92,0.48,15.0,0.51,57.47,0.52,105.5,0.49,57.77,0.48,105.5,0.51,22.92,0.52,20.0,0.02,0.02,2319.3943,1776236446000
1776241659.229,159.229,0.48,18.07,0.47,18.73,0.49,60.5,0.5,280.5,0.49,57.47,0.48,105.5,0.51,22.92,0.52,15.0,0.01,0.02,2319.3943,1776236446000
1776241659.654,159.654,0.47,8.73,0.46,28.8,0.49,251.5,0.5,100.5,0.51,256.5,0.5,100.5,0.53,18.73,0.54,28.8,0.02,0.02,2319.3943,1776236446000
1776241659.895,159.895,0.47,1.84,0.46,28.8,0.49,256.5,0.5,100.5,0.51,251.5,0.5,100.5,0.53,8.73,0.54,28.8,0.02,0.02,2319.3943,1776236446000
1776241661.444,161.444,0.46,28.75,0.45,30.5,0.49,256.5,0.5,100.5,0.51,256.5,0.5,100.5,0.53,1.84,0.54,28.8,0.03,0.02,2319.3943,1776236446000
1776241662.26,162.26,0.46,33.75,0.45,35.5,0.47,36.53,0.49,256.5,0.51,256.5,0.5,100.5,0.54,28.75,0.55,30.5,0.01,0.03,2319.3943,1776236446000
1776241663.852,163.852,0.46,49.25,0.45,35.5,0.47,40.4,0.49,207.8,0.53,36.53,0.51,256.5,0.54,33.75,0.55,35.5,0.01,0.01,2319.3943,1776236446000
1776241666.228,166.228,0.46,44.25,0.45,285.5,0.47,28.27,0.49,203.0,0.53,40.4,0.51,207.8,0.54,49.25,0.55,35.5,0.01,0.01,2319.3943,1776236446000
1776241667.042,167.042,0.46,33.75,0.45,105.5,0.47,12.74,0.48,10.0,0.53,28.27,0.51,203.0,0.54,44.25,0.55,285.5,0.01,0.01,2319.3943,1776236446000
1776241668.488,168.488,0.46,23.75,0.45,95.0,0.47,15.61,0.48,10.0,0.53,12.74,0.52,10.0,0.54,33.75,0.55,105.5,0.01,0.01,2319.3943,1776236446000
1776241671.574,171.574,0.53,50.0,0.52,310.0,0.54,67.99,0.55,28.5,0.53,15.61,0.52,10.0,0.54,23.75,0.55,95.0,0.01,0.01,2319.3943,1776236446000
1776241671.924,171.924,0.53,50.0,0.52,310.0,0.54,58.89,0.55,28.5,0.46,67.99,0.45,28.5,0.47,50.0,0.48,310.0,0.01,0.01,2319.3943,1776236446000
1776241673.021,173.021,0.53,250.0,0.52,130.0,0.54,12.88,0.55,28.5,0.46,58.89,0.45,28.5,0.47,50.0,0.48,310.0,0.01,0.01,2319.3943,1776236446000
1776241673.397,173.397,0.53,245.0,0.52,130.0,0.55,28.5,0.56,15.0,0.46,12.88,0.45,28.5,0.47,250.0,0.48,130.0,0.02,0.01,2319.3943,1776236446000
1776241674.608,174.608,0.54,55.0,0.53,60.0,0.57,29.0,0.58,20.0,0.45,28.5,0.44,15.0,0.47,245.0,0.48,130.0,0.03,0.02,2319.3943,1776236446000
1776241677.437,177.437,0.56,53.18,0.55,75.5,0.57,5.0,0.58,15.0,0.43,29.0,0.42,20.0,0.46,55.0,0.47,60.0,0.01,0.03,2319.3943,1776236446000
1776241677.711,177.711,0.6,85.0,0.59,85.0,0.61,12.31,0.62,13.23,0.38,13.23,0.37,28.15,0.41,20.0,0.42,85.0,0.01,0.03,2319.3943,1776236446000
1776241677.965,177.965,0.6,110.0,0.59,85.0,0.61,2.19,0.62,13.23,0.39,4.25,0.38,13.23,0.4,105.0,0.41,85.0,0.01,0.01,2319.3943,1776236446000
1776241678.716,178.716,0.6,110.0,0.59,100.5,0.61,1.61,0.62,11.62,0.38,11.62,0.37,22.0,0.4,115.0,0.41,85.0,0.01,0.02,2319.3943,1776236446000
1776241679.656,179.656,0.6,295.0,0.59,100.5,0.61,13.86,0.62,8.2,0.38,8.2,0.37,22.0,0.4,95.0,0.41,95.5,0.01,0.02,2319.3943,1776236446000
1776241680.828,180.828,0.6,297.5,0.59,100.5,0.62,18.7,0.63,22.0,0.38,8.2,0.37,22.0,0.4,295.0,0.41,100.5,0.02,0.02,2319.3943,1776236446000
1776241681.731,181.731,0.61,190.0,0.6,85.0,0.62,0.7,0.63,22.0,0.38,18.7,0.37,22.0,0.4,297.5,0.41,100.5,0.01,0.02,2319.3943,1776236446000
1776241682.233,182.233,0.61,220.0,0.6,90.0,0.63,32.5,0.64,15.0,0.38,0.7,0.37,22.0,0.39,190.0,0.4,85.0,0.02,0.01,2319.3943,1776236446000
1776241684.997,184.997,0.62,350.5,0.61,90.5,0.68,10.0,0.69,15.0,0.37,20.25,0.36,25.5,0.39,235.0,0.4,100.5,0.06,0.02,2319.3943,1776236446000
1776241685.356,185.356,0.69,143.0,0.68,68.5,0.7,4.78,0.71,15.0,0.3,9.86,0.29,15.0,0.31,75.0,0.32,128.5,0.01,0.01,2319.3943,1776236446000
1776241685.754,185.754,0.69,131.54,0.68,63.5,0.7,4.78,0.71,15.0,0.3,4.78,0.29,15.0,0.31,143.0,0.32,68.5,0.01,0.01,2319.3943,1776236446000
1776241686.953,186.953,0.69,296.54,0.68,68.5,0.7,4.78,0.71,15.0,0.3,4.78,0.29,15.0,0.31,131.54,0.32,63.5,0.01,0.01,2319.3943,1776236446000
1776241688.247,188.247,0.73,5.0,0.72,53.0,0.74,12.79,0.75,95.5,0.3,4.78,0.29,15.0,0.31,296.54,0.32,68.5,0.01,0.01,2319.3943,1776236446000
1776241688.992,188.992,0.73,231.0,0.72,53.5,0.75,84.73,0.76,30.5,0.25,85.0,0.24,30.5,0.27,236.0,0.28,43.5,0.02,0.02,2319.3943,1776236446000
1776241689.27,189.27,0.73,236.0,0.72,53.5,0.74,12.31,0.75,84.73,0.26,17.95,0.25,84.73,0.27,236.0,0.28,63.5,0.01,0.01,2319.3943,1776236446000
1776241689.561,189.561,0.73,246.0,0.72,53.5,0.74,10.31,0.75,84.73,0.26,12.31,0.25,84.73,0.27,236.0,0.28,53.5,0.01,0.01,2319.3943,1776236446000
1776241693.224,193.224,0.73,256.0,0.72,53.5,0.75,0.59,0.76,25.5,0.26,10.31,0.25,84.73,0.27,246.0,0.28,53.5,0.02,0.01,2319.3943,1776236446000
1776241693.85,193.85,0.74,52.0,0.73,246.5,0.76,18.46,0.77,30.5,0.25,0.59,0.24,25.5,0.27,256.0,0.28,53.5,0.02,0.02,2319.3943,1776236446000
1776241695.022,195.022,0.75,47.0,0.74,42.0,0.76,13.44,0.77,30.5,0.24,18.46,0.23,30.5,0.26,52.0,0.27,246.5,0.01,0.02,2319.3943,1776236446000
1776241702.552,202.552,0.75,51.0,0.74,227.5,0.76,13.44,0.77,11.0,0.24,13.44,0.23,30.5,0.25,47.0,0.26,42.0,0.01,0.01,2319.3943,1776236446000
1776241706.017,206.017,0.75,7.0,0.74,10.0,0.76,28.44,0.77,21.0,0.24,13.44,0.23,11.0,0.25,51.0,0.26,227.5,0.01,0.01,2319.3943,1776236446000
1776241706.267,206.267,0.72,1.0,0.71,27.5,0.76,39.44,0.77,21.0,0.24,34.44,0.23,21.0,0.27,8.0,0.29,17.5,0.04,0.03,2319.3943,1776236446000
1776241707.097,207.097,0.74,23.0,0.73,15.0,0.75,5.0,0.76,8.44,0.24,39.44,0.23,21.0,0.28,1.0,0.29,27.5,0.01,0.04,2319.3943,1776236446000
1776241707.303,207.303,0.74,228.5,0.73,25.5,0.76,8.44,0.77,15.0,0.25,5.0,0.24,8.44,0.26,23.0,0.27,15.0,0.02,0.01,2319.3943,1776236446000
1776241707.522,207.522,0.75,55.5,0.74,223.5,0.77,5.0,0.78,15.0,0.24,8.44,0.23,15.0,0.26,228.5,0.27,25.5,0.02,0.02,2319.3943,1776236446000
1776241708.218,208.218,0.76,71.66,0.75,225.5,0.77,5.0,0.78,15.0,0.23,5.0,0.22,15.0,0.25,55.5,0.26,223.5,0.01,0.02,2319.3943,1776236446000
1776241710.347,210.347,0.76,39.62,0.75,225.5,0.77,15.0,0.78,21.0,0.23,5.0,0.22,15.0,0.24,71.66,0.25,225.5,0.01,0.01,2319.3943,1776236446000
1776241710.875,210.875,0.76,34.62,0.75,225.5,0.77,13.5,0.78,21.0,0.23,15.0,0.22,21.0,0.24,39.62,0.25,225.5,0.01,0.01,2319.3943,1776236446000
1776241712.229,212.229,0.77,54.58,0.76,35.12,0.78,18.71,0.79,25.5,0.23,13.5,0.22,21.0,0.24,34.62,0.25,225.5,0.01,0.01,2319.3943,1776236446000
1776241712.888,212.888,0.85,10.0,0.84,10.0,0.88,74.1,0.91,250.0,0.22,18.71,0.21,25.5,0.23,54.58,0.24,35.12,0.03,0.01,2319.3943,1776236446000
1776241713.316,213.316,0.86,90.0,0.85,25.88,0.88,39.43,0.91,255.0,0.12,41.48,0.09,255.0,0.14,80.0,0.15,20.0,0.02,0.02,2319.3943,1776236446000
1776241713.55,213.55,0.87,10.0,0.86,113.81,0.88,26.68,0.91,280.0,0.12,32.68,0.09,222.0,0.13,10.0,0.14,108.0,0.01,0.01,2319.3943,1776236446000
1776241714.004,214.004,0.87,11.5,0.86,123.5,0.88,25.54,0.91,200.0,0.12,25.54,0.09,200.0,0.13,35.5,0.14,123.5,0.01,0.01,2319.3943,1776236446000
1776241714.92,214.92,0.87,31.5,0.86,308.5,0.88,0.95,0.91,200.0,0.12,25.54,0.09,200.0,0.13,11.5,0.14,123.5,0.01,0.01,2319.3943,1776236446000
1776241716.439,216.439,0.9,78.23,0.89,220.5,0.91,216.22,0.93,288.0,0.12,0.95,0.09,200.0,0.13,31.5,0.14,308.5,0.01,0.01,2319.3943,1776236446000
1776241717.896,217.896,0.9,78.23,0.89,210.5,0.91,203.05,0.93,185.0,0.09,208.22,0.07,200.0,0.1,78.23,0.11,220.5,0.01,0.01,2319.3943,1776236446000
1776241718.78,218.78,0.9,314.23,0.89,105.5,0.91,190.61,0.92,6.0,0.09,197.55,0.08,6.0,0.1,73.23,0.11,210.5,0.01,0.01,2319.3943,1776236446000
1776241719.65,219.65,0.9,304.23,0.89,115.5,0.91,169.28,0.94,29.6,0.09,189.5,0.08,6.0,0.1,304.23,0.11,105.5,0.01,0.01,2319.3943,1776236446000
1776241719.857,219.857,0.9,299.23,0.89,115.5,0.93,9.6,0.94,20.0,0.09,169.28,0.06,29.6,0.1,304.23,0.11,115.5,0.03,0.01,2319.3943,1776236446000
1776241721.118,221.118,0.92,31.0,0.91,25.5,0.94,25.0,0.95,234.6,0.07,9.6,0.06,20.0,0.1,299.23,0.11,115.5,0.02,0.03,2319.3943,1776236446000
1776241721.782,221.782,0.92,21.75,0.91,30.5,0.94,46.83,0.95,235.0,0.06,25.0,0.05,234.6,0.08,31.0,0.09,25.5,0.02,0.02,2319.3943,1776236446000
1776241722.716,222.716,0.93,61.0,0.92,91.15,0.94,46.25,0.95,230.0,0.06,43.38,0.05,235.0,0.08,36.75,0.09,30.5,0.01,0.02,2319.3943,1776236446000
1776241723.978,223.978,0.93,61.0,0.92,91.15,0.94,35.93,0.95,235.0,0.06,46.25,0.05,230.0,0.07,61.0,0.08,91.15,0.01,0.01,2319.3943,1776236446000
1776241726.019,226.019,0.93,89.5,0.92,96.15,0.94,20.29,0.95,230.0,0.06,35.93,0.05,235.0,0.07,61.0,0.08,91.15,0.01,0.01,2319.3943,1776236446000
1776241726.521,226.521,0.93,89.5,0.92,99.4,0.95,214.85,0.96,288.8,0.06,20.29,0.05,230.0,0.07,89.5,0.08,96.15,0.02,0.01,2319.3943,1776236446000
1776241730.269,230.269,0.94,204.3,0.93,173.1,0.95,24.58,0.96,303.8,0.05,214.85,0.04,288.8,0.07,89.5,0.08,99.4,0.01,0.02,2319.3943,1776236446000
1776241731.291,231.291,0.94,217.3,0.93,155.1,0.95,11.58,0.96,118.8,0.05,24.58,0.04,303.8,0.06,204.3,0.07,173.1,0.01,0.01,2319.3943,1776236446000
1776241732.607,232.607,0.95,10.0,0.94,220.3,0.96,303.8,0.97,406.0,0.05,11.58,0.04,118.8,0.06,217.3,0.07,155.1,0.01,0.01,2319.3943,1776236446000
1776241733.034,233.034,0.95,167.3,0.94,192.3,0.96,52.15,0.97,586.0,0.04,303.8,0.03,406.0,0.05,10.0,0.06,220.3,0.01,0.01,2319.3943,1776236446000
1776241733.512,233.512,0.95,167.3,0.94,147.3,0.96,216.73,0.97,406.0,0.04,52.15,0.03,586.0,0.05,167.3,0.06,192.3,0.01,0.01,2319.3943,1776236446000
1776241734.486,234.486,0.94,248.05,0.93,231.1,0.96,221.73,0.97,406.0,0.04,216.73,0.03,406.0,0.05,167.3,0.06,147.3,0.02,0.01,2319.3943,1776236446000
1776241736.146,236.146,0.95,165.6,0.94,189.25,0.96,179.37,0.97,406.0,0.04,189.79,0.03,406.0,0.06,248.05,0.07,231.1,0.01,0.02,2319.3943,1776236446000
1776241737.872,237.872,0.95,206.1,0.94,219.25,0.96,169.17,0.97,106.0,0.04,79.17,0.03,406.0,0.05,165.6,0.06,189.25,0.01,0.01,2319.3943,1776236446000
1776241738.344,238.344,0.95,211.1,0.94,219.25,0.96,12.09,0.97,286.0,0.04,169.17,0.03,106.0,0.05,206.1,0.06,219.25,0.01,0.01,2319.3943,1776236446000
1776241738.638,238.638,0.95,206.1,0.94,219.25,0.96,1.67,0.97,286.0,0.04,12.09,0.03,286.0,0.05,211.1,0.06,219.25,0.01,0.01,2319.3943,1776236446000
1776241741.995,241.995,0.96,70.0,0.95,31.6,0.97,283.93,0.98,1809.7,0.04,1.67,0.03,286.0,0.05,206.1,0.06,219.25,0.01,0.01,2319.3943,1776236446000
1776241742.342,242.342,0.96,70.0,0.95,35.6,0.97,277.03,0.98,1842.7,0.03,283.93,0.02,1809.7,0.04,70.0,0.05,31.6,0.01,0.01,2319.3943,1776236446000
1776241742.712,242.712,0.96,80.0,0.95,35.6,0.97,265.13,0.98,1842.7,0.03,277.03,0.02,1842.7,0.04,70.0,0.05,35.6,0.01,0.01,2319.3943,1776236446000
1776241743.277,243.277,0.96,83.02,0.95,35.6,0.97,265.13,0.98,1842.7,0.03,265.13,0.02,1842.7,0.04,80.0,0.05,35.6,0.01,0.01,2319.3943,1776236446000
1776241743.85,243.85,0.96,65.19,0.95,35.6,0.97,85.13,0.98,2022.7,0.03,265.13,0.02,1842.7,0.04,83.02,0.05,35.6,0.01,0.01,2319.3943,1776236446000
1776241744.145,244.145,0.96,60.19,0.95,35.6,0.97,80.13,0.98,2022.7,0.03,85.13,0.02,2022.7,0.04,65.19,0.05,35.6,0.01,0.01,2319.3943,1776236446000
1776241745.219,245.219,0.96,45.19,0.95,291.4,0.97,80.13,0.98,1839.0,0.03,80.13,0.02,2022.7,0.04,60.19,0.05,35.6,0.01,0.01,2319.3943,1776236446000
1776241746.317,246.317,0.96,149.89,0.95,286.4,0.97,1.0,0.98,771.0,0.03,76.0,0.02,1671.0,0.04,35.19,0.05,291.4,0.01,0.01,2319.3943,1776236446000
1776241746.555,246.555,0.97,29.0,0.96,149.89,0.98,668.95,0.99,2445.6,0.02,771.0,0.01,2445.6,0.03,19.0,0.04,144.89,0.01,0.01,2319.3943,1776236446000
1776241747.029,247.029,0.97,39.0,0.96,134.7,0.98,658.74,0.99,2403.6,0.02,668.95,0.01,2445.6,0.03,29.0,0.04,149.89,0.01,0.01,2319.3943,1776236446000
1776241747.854,247.854,0.97,137.21,0.96,129.7,0.98,658.63,0.99,2403.6,0.02,658.74,0.01,2403.6,0.03,39.0,0.04,134.7,0.01,0.01,2319.3943,1776236446000
1776241748.596,248.596,0.97,147.52,0.96,129.7,0.98,649.54,0.99,2403.6,0.02,658.63,0.01,2403.6,0.03,137.21,0.04,129.7,0.01,0.01,2319.3943,1776236446000
1776241748.859,248.859,0.97,147.52,0.96,129.7,0.98,630.9,0.99,2403.6,0.02,648.51,0.01,2403.6,0.03,147.52,0.04,129.7,0.01,0.01,2319.3943,1776236446000
1776241751.333,251.333,0.97,19.31,0.96,55.0,0.98,814.6,0.99,2540.6,0.02,630.9,0.01,2403.6,0.03,147.52,0.04,129.7,0.01,0.01,2319.3943,1776236446000
1776241751.6,251.6,0.97,19.31,0.96,55.0,0.98,697.39,0.99,2540.6,0.02,814.6,0.01,2540.6,0.03,19.31,0.04,55.0,0.01,0.01,2319.3943,1776236446000
1776241753.128,253.128,0.96,39.31,0.95,25.6,0.98,894.39,0.99,2554.6,0.02,697.39,0.01,2540.6,0.03,19.31,0.04,55.0,0.02,0.01,2319.3943,1776236446000
1776241754.024,254.024,0.96,15.0,0.95,86.8,0.97,188.96,0.98,709.39,0.02,899.39,0.01,2554.6,0.05,25.6,0.06,109.52,0.01,0.03,2319.3943,1776236446000
1776241756.485,256.485,0.96,185.41,0.95,39.6,0.97,191.89,0.98,525.69,0.03,188.96,0.02,709.39,0.04,15.0,0.05,86.8,0.01,0.01,2319.3943,1776236446000
1776241757.008,257.008,0.97,26.0,0.96,25.0,0.98,488.69,0.99,2244.6,0.03,191.89,0.02,525.69,0.04,185.41,0.05,39.6,0.01,0.01,2319.3943,1776236446000
1776241757.455,257.455,0.97,80.41,0.96,25.0,0.98,484.5,0.99,2244.6,0.02,488.69,0.01,2244.6,0.03,26.0,0.04,25.0,0.01,0.01,2319.3943,1776236446000
1776241757.783,257.783,0.97,59.41,0.96,33.0,0.98,491.46,0.99,2244.6,0.02,484.5,0.01,2244.6,0.03,80.41,0.04,25.0,0.01,0.01,2319.3943,1776236446000
1776241758.079,258.079,0.97,59.41,0.96,126.7,0.98,476.25,0.99,2264.6,0.02,491.46,0.01,2244.6,0.03,59.41,0.04,33.0,0.01,0.01,2319.3943,1776236446000
1776241758.577,258.577,0.97,23.17,0.96,28.0,0.98,481.25,0.99,2178.6,0.02,476.25,0.01,2264.6,0.03,59.41,0.04,126.7,0.01,0.01,2319.3943,1776236446000
1776241758.829,258.829,0.97,28.17,0.96,23.0,0.98,459.06,0.99,2292.6,0.02,481.25,0.01,2178.6,0.03,23.17,0.04,28.0,0.01,0.01,2319.3943,1776236446000
1776241759.29,259.29,0.97,68.0,0.96,28.0,0.98,458.03,0.99,2292.6,0.02,459.06,0.01,2292.6,0.03,28.17,0.04,23.0,0.01,0.01,2319.3943,1776236446000
1776241759.587,259.587,0.96,20.0,0.95,117.4,0.98,446.15,0.99,2317.6,0.02,446.15,0.01,2292.6,0.03,68.0,0.04,28.0,0.02,0.01,2319.3943,1776236446000
1776241759.79,259.79,0.97,10.0,0.96,15.0,0.98,442.63,0.99,2317.6,0.02,446.15,0.01,2317.6,0.04,20.0,0.05,117.4,0.01,0.02,2319.3943,1776236446000
1776241760.263,260.263,0.97,222.45,0.96,15.0,0.98,441.6,0.99,2298.6,0.02,442.63,0.01,2317.6,0.03,10.0,0.04,15.0,0.01,0.01,2319.3943,1776236446000
1776241762.302,262.302,0.97,230.45,0.96,113.7,0.98,428.6,0.99,2346.6,0.02,381.42,0.01,2298.6,0.03,222.45,0.04,15.0,0.01,0.01,2319.3943,1776236446000
1776241762.76,262.76,0.97,191.45,0.96,128.7,0.98,197.57,0.99,2385.6,0.02,428.6,0.01,2346.6,0.03,230.45,0.04,113.7,0.01,0.01,2319.3943,1776236446000
1776241762.962,262.962,0.97,196.45,0.96,128.7,0.98,201.54,0.99,2385.6,0.02,197.57,0.01,2385.6,0.03,191.45,0.04,128.7,0.01,0.01,2319.3943,1776236446000
1776241764.477,264.477,0.97,196.45,0.96,128.7,0.98,167.82,0.99,2385.6,0.02,183.03,0.01,2385.6,0.03,191.45,0.04,128.7,0.01,0.01,2319.3943,1776236446000
1776241764.9,264.9,0.97,196.46,0.96,128.7,0.98,166.79,0.99,2205.6,0.02,167.82,0.01,2385.6,0.03,196.45,0.04,128.7,0.01,0.01,2319.3943,1776236446000
1776241765.292,265.292,0.97,320.16,0.96,128.7,0.98,149.0,0.99,2205.6,0.02,166.79,0.01,2205.6,0.03,196.46,0.04,128.7,0.01,0.01,2319.3943,1776236446000
1776241766.028,266.028,0.97,162.31,0.96,128.7,0.98,148.89,0.99,2105.6,0.02,149.0,0.01,2205.6,0.03,320.16,0.04,128.7,0.01,0.01,2319.3943,1776236446000
1776241766.592,266.592,0.97,13.61,0.96,234.77,0.98,148.89,0.99,2105.6,0.02,148.89,0.01,2105.6,0.03,162.31,0.04,128.7,0.01,0.01,2319.3943,1776236446000
1776241767.737,267.737,0.97,267.97,0.96,114.7,0.98,120.66,0.99,2099.6,0.02,146.07,0.01,2099.6,0.03,13.61,0.04,234.77,0.01,0.01,2319.3943,1776236446000
1776241768.816,268.816,0.97,262.97,0.96,114.7,0.98,107.87,0.99,2099.6,0.02,120.66,0.01,2099.6,0.03,267.97,0.04,114.7,0.01,0.01,2319.3943,1776236446000
1776241769.732,269.732,0.97,262.97,0.96,114.7,0.98,102.76,0.99,2099.6,0.02,107.87,0.01,2099.6,0.03,262.97,0.04,114.7,0.01,0.01,2319.3943,1776236446000
1776241770.34,270.34,0.97,384.96,0.96,178.7,0.98,82.35,0.99,1736.0,0.02,102.76,0.01,2099.6,0.03,262.97,0.04,114.7,0.01,0.01,2319.3943,1776236446000
1776241770.598,270.598,0.97,384.96,0.96,183.7,0.98,67.19,0.99,1736.0,0.02,82.35,0.01,1736.0,0.03,384.96,0.04,178.7,0.01,0.01,2319.3943,1776236446000
1776241771.923,271.923,0.97,318.96,0.96,188.7,0.98,66.16,0.99,1713.0,0.02,67.19,0.01,1736.0,0.03,384.96,0.04,183.7,0.01,0.01,2319.3943,1776236446000
1776241772.642,272.642,0.97,333.96,0.96,188.7,0.98,45.95,0.99,1713.0,0.02,66.16,0.01,1713.0,0.03,318.96,0.04,188.7,0.01,0.01,2319.3943,1776236446000
1776241773.427,273.427,0.97,343.96,0.96,188.7,0.98,44.92,0.99,1713.0,0.02,45.95,0.01,1713.0,0.03,333.96,0.04,188.7,0.01,0.01,2319.3943,1776236446000
1776241775.253,275.253,0.97,220.26,0.96,95.0,0.98,43.89,0.99,1613.0,0.02,44.92,0.01,1713.0,0.03,343.96,0.04,188.7,0.01,0.01,2319.3943,1776236446000
1776241775.926,275.926,0.97,215.26,0.96,95.0,0.98,26.71,0.99,1613.0,0.02,43.89,0.01,1613.0,0.03,220.26,0.04,95.0,0.01,0.01,2319.3943,1776236446000
1776241776.509,276.509,0.97,173.42,0.96,121.0,0.98,13.93,0.99,1713.0,0.02,19.04,0.01,1613.0,0.03,215.26,0.04,111.0,0.01,0.01,2319.3943,1776236446000
1776241778.348,278.348,0.98,126.96,0.97,13.61,0.99,1795.0,,,0.01,1713.0,,,0.03,178.42,0.04,121.0,0.01,0.02,2319.3943,1776236446000
1776241778.549,278.549,0.98,126.96,0.97,13.61,0.99,1694.0,,,0.01,1795.0,,,0.02,126.96,0.03,13.61,0.01,0.01,2319.3943,1776236446000
1776241779.284,279.284,0.98,131.96,0.97,13.61,0.99,1689.0,,,0.01,1694.0,,,0.02,126.96,0.03,13.61,0.01,0.01,2319.3943,1776236446000
1776241780.844,280.844,0.98,141.96,0.97,13.61,0.99,1679.0,,,0.01,1689.0,,,0.02,131.96,0.03,13.61,0.01,0.01,2319.3943,1776236446000
1776241781.221,281.221,0.98,146.96,0.97,13.61,0.99,1417.0,,,0.01,1679.0,,,0.02,141.96,0.03,13.61,0.01,0.01,2319.3943,1776236446000
1776241781.493,281.493,0.98,146.96,0.97,13.61,0.99,1409.0,,,0.01,1411.0,,,0.02,146.96,0.03,13.61,0.01,0.01,2319.3943,1776236446000
1776241781.794,281.794,0.98,146.96,0.97,13.61,0.99,1403.89,,,0.01,1409.0,,,0.02,146.96,0.03,13.61,0.01,0.01,2319.3943,1776236446000
1776241782.17,282.17,0.98,146.96,0.97,13.61,0.99,1360.62,,,0.01,1403.89,,,0.02,146.96,0.03,13.61,0.01,0.01,2319.3943,1776236446000
1776241782.615,282.615,0.98,151.96,0.97,13.61,0.99,1350.56,,,0.01,1360.62,,,0.02,146.96,0.03,13.61,0.01,0.01,2319.3943,1776236446000
1776241783.24,283.24,0.98,146.96,0.97,13.61,0.99,1330.35,,,0.01,1350.56,,,0.02,151.96,0.03,13.61,0.01,0.01,2319.3943,1776236446000
1776241783.466,283.466,0.98,146.96,0.97,13.61,0.99,1302.1,,,0.01,1299.13,,,0.02,146.96,0.03,13.61,0.01,0.01,2319.3943,1776236446000
1776241784.748,284.748,0.98,146.96,0.97,13.61,0.99,780.1,,,0.01,1302.1,,,0.02,146.96,0.03,13.61,0.01,0.01,2319.3943,1776236446000
1776241785.024,285.024,0.98,151.96,0.97,13.61,0.99,778.1,,,0.01,780.1,,,0.02,146.96,0.03,13.61,0.01,0.01,2319.3943,1776236446000
1776241785.35,285.35,0.99,423.9,0.98,197.87,,,,,0.01,576.1,,,0.02,151.96,0.03,13.61,,0.01,2319.3943,1776236446000
1776241785.894,285.894,0.99,1521.82,0.98,25.0,,,,,,,,,0.01,423.9,0.02,197.87,,,2319.3943,1776236446000
1776241787.294,287.294,0.99,129.93,0.98,5.0,,,,,,,,,0.01,1521.82,0.02,25.0,,,2319.3943,1776236446000
1776241789.23,289.23,0.99,133.69,0.98,5.0,,,,,,,,,0.01,129.93,0.02,5.0,,,2319.3943,1776236446000
