timestamp,elapsed_sec,up_bid_p1,up_bid_s1,up_bid_p2,up_bid_s2,up_ask_p1,up_ask_s1,up_ask_p2,up_ask_s2,down_bid_p1,down_bid_s1,down_bid_p2,down_bid_s2,down_ask_p1,down_ask_s1,down_ask_p2,down_ask_s2,up_spread,down_spread,eth_price,eth_oracle_ts
1776402900.99,0.99,0.55,173.68,0.54,10.0,0.6,10.0,0.61,6.0,0.4,10.0,0.39,6.0,0.45,173.68,0.46,10.0,0.05,0.05,2321.259522,1776402900000
1776402901.442,1.442,0.55,10.91,0.54,34.0,0.56,148.0,0.57,86.0,0.4,10.0,0.39,6.0,0.45,173.68,0.46,10.0,0.01,0.05,2321.259522,1776402900000
1776402901.854,1.854,0.53,24.91,0.52,155.15,0.56,140.0,0.57,86.0,0.44,148.0,0.43,86.0,0.45,10.91,0.46,34.0,0.03,0.01,2321.259522,1776402900000
1776402902.123,2.123,0.53,3.91,0.52,160.15,0.54,5.0,0.55,62.0,0.46,5.0,0.45,62.0,0.47,3.91,0.48,160.15,0.01,0.01,2321.286331,1776402901000
1776402902.366,2.366,0.53,8.91,0.52,155.15,0.54,49.0,0.55,25.81,0.46,5.0,0.45,62.0,0.47,3.91,0.48,160.15,0.01,0.01,2321.286331,1776402901000
1776402902.586,2.586,0.53,3.91,0.52,155.15,0.55,14.46,0.56,70.0,0.46,49.0,0.45,25.81,0.47,8.91,0.48,155.15,0.02,0.01,2321.286331,1776402901000
1776402903.025,3.025,0.54,83.18,0.53,3.91,0.55,12.46,0.56,84.0,0.45,14.46,0.44,70.0,0.47,3.91,0.48,155.15,0.01,0.02,2321.286331,1776402901000
1776402903.32,3.32,0.54,57.65,0.53,3.91,0.55,17.46,0.56,14.0,0.45,12.46,0.44,84.0,0.46,79.39,0.47,3.91,0.01,0.01,2321.286331,1776402902000
1776402903.543,3.543,0.52,54.57,0.51,33.0,0.55,40.46,0.56,14.0,0.45,40.46,0.44,14.0,0.48,75.41,0.49,33.0,0.03,0.03,2321.286331,1776402902000
1776402904.04,4.04,0.44,5.0,0.42,23.0,0.48,74.52,0.49,142.48,0.51,60.48,0.45,22.46,0.63,30.0,0.64,70.0,0.04,0.12,2321.286331,1776402902000
1776402904.247,4.247,0.44,5.0,0.43,7.0,0.46,5.0,0.47,10.0,0.52,74.52,0.51,142.48,0.56,5.0,0.58,23.0,0.02,0.04,2321.286331,1776402902000
1776402904.606,4.606,0.44,10.0,0.43,17.0,0.45,3.95,0.46,5.0,0.54,5.0,0.53,10.0,0.56,5.0,0.57,7.0,0.01,0.02,2321.107385,1776402903000
1776402904.861,4.861,0.44,15.0,0.43,22.0,0.47,8.03,0.48,75.52,0.55,3.95,0.54,5.0,0.56,10.0,0.57,17.0,0.03,0.01,2321.107385,1776402903000
1776402905.195,5.195,0.45,9.27,0.44,15.0,0.46,10.0,0.47,10.0,0.53,8.03,0.52,75.52,0.56,15.0,0.57,22.0,0.01,0.03,2321.107385,1776402903000
1776402905.505,5.505,0.45,9.27,0.44,15.0,0.46,10.0,0.47,10.0,0.54,10.0,0.53,10.0,0.55,9.27,0.56,15.0,0.01,0.01,2320.887529,1776402904000
1776402905.998,5.998,0.45,9.27,0.44,15.0,0.46,10.0,0.47,10.0,0.54,10.0,0.53,10.0,0.55,9.27,0.56,15.0,0.01,0.01,2320.791623,1776402905000
1776402906.337,6.337,0.44,24.0,0.43,10.0,0.45,140.0,0.46,161.0,0.54,10.0,0.53,10.0,0.55,9.27,0.56,15.0,0.01,0.01,2320.791623,1776402905000
1776402907.037,7.037,0.44,19.0,0.43,10.0,0.45,140.0,0.46,161.0,0.55,140.0,0.54,161.0,0.56,19.0,0.57,10.0,0.01,0.01,2320.791025,1776402906000
1776402908.021,8.021,0.43,6.0,0.42,10.0,0.45,47.32,0.46,165.0,0.55,47.32,0.54,165.0,0.57,6.0,0.58,10.0,0.02,0.02,2320.75009,1776402907000
1776402908.403,8.403,0.44,142.0,0.43,131.0,0.45,1.0,0.46,15.0,0.55,47.32,0.54,165.0,0.57,6.0,0.58,10.0,0.01,0.02,2320.75009,1776402907000
1776402908.917,8.917,0.47,152.36,0.46,158.89,0.48,69.91,0.49,145.0,0.54,6.0,0.52,70.0,0.55,15.0,0.56,154.42,0.01,0.01,2320.75009,1776402907000
1776402909.396,9.396,0.47,157.36,0.46,158.89,0.49,133.48,0.5,10.0,0.52,69.91,0.51,145.0,0.53,152.36,0.54,158.89,0.02,0.01,2320.66,1776402908000
1776402909.999,9.999,0.47,157.36,0.46,158.89,0.49,133.48,0.5,10.0,0.51,133.48,0.5,10.0,0.53,157.36,0.54,158.89,0.02,0.02,2320.688515,1776402909000
1776402911.038,11.038,0.51,76.0,0.5,165.0,0.52,15.0,0.53,15.0,0.51,133.48,0.5,10.0,0.53,157.36,0.54,158.89,0.01,0.02,2320.902627,1776402910000
1776402911.279,11.279,0.51,44.69,0.5,160.0,0.52,10.0,0.53,15.0,0.48,15.0,0.47,15.0,0.49,76.0,0.5,165.0,0.01,0.01,2320.902627,1776402910000
1776402911.619,11.619,0.51,39.69,0.5,160.0,0.52,2.11,0.53,20.0,0.48,10.0,0.47,15.0,0.49,44.69,0.5,160.0,0.01,0.01,2320.902627,1776402910000
1776402912.889,12.889,0.51,5.0,0.5,125.0,0.52,24.43,0.53,15.0,0.48,2.11,0.47,20.0,0.49,39.69,0.5,160.0,0.01,0.01,2321.077021,1776402911000
1776402914.876,14.876,0.51,5.0,0.5,174.0,0.52,7.69,0.53,10.0,0.48,24.43,0.47,15.0,0.49,5.0,0.5,125.0,0.01,0.01,2321.32155,1776402913000
1776402915.97,15.97,0.47,124.36,0.46,154.89,0.52,81.0,0.53,25.0,0.48,7.69,0.47,10.0,0.49,5.0,0.5,174.0,0.05,0.01,2321.201836,1776402914000
1776402916.367,16.367,0.47,134.36,0.46,154.89,0.48,4.95,0.49,15.0,0.52,5.47,0.51,15.0,0.53,129.36,0.54,159.89,0.01,0.01,2321.201898,1776402915000
1776402918.178,18.178,0.47,142.47,0.46,215.89,0.48,9.95,0.49,5.0,0.52,4.95,0.51,15.0,0.53,134.36,0.54,154.89,0.01,0.01,2321.070915,1776402917000
1776402919.456,19.456,0.47,186.47,0.46,171.89,0.5,14.05,0.51,43.94,0.52,9.95,0.51,5.0,0.53,142.47,0.54,215.89,0.03,0.01,2321.015198,1776402918000
1776402922.229,22.229,0.49,274.98,0.48,15.0,0.51,30.23,0.52,35.05,0.5,14.05,0.49,43.94,0.53,186.47,0.54,171.89,0.02,0.03,2321.043571,1776402921000
1776402922.62,22.62,0.5,44.3,0.49,262.98,0.51,16.73,0.52,35.05,0.49,30.23,0.48,35.05,0.51,274.98,0.52,15.0,0.01,0.02,2321.043571,1776402921000
1776402925.233,25.233,0.5,237.3,0.49,382.98,0.52,10.05,0.53,5.0,0.49,11.73,0.48,35.05,0.5,68.5,0.51,262.98,0.02,0.01,2321.058582,1776402923000
1776402928.181,28.181,0.51,252.3,0.5,171.0,0.54,5.0,0.55,70.0,0.48,10.05,0.47,5.0,0.5,237.3,0.51,382.98,0.03,0.02,2321.239461,1776402927000
1776402928.848,28.848,0.54,52.0,0.53,160.0,0.55,52.52,0.56,70.0,0.46,5.0,0.45,70.0,0.49,252.3,0.5,171.0,0.01,0.03,2321.239461,1776402927000
1776402929.661,29.661,0.54,47.0,0.53,155.0,0.55,52.52,0.56,70.0,0.45,52.52,0.44,70.0,0.46,52.0,0.47,160.0,0.01,0.01,2321.223348,1776402928000
1776402930.055,30.055,0.54,73.0,0.53,155.0,0.55,47.52,0.56,77.0,0.45,52.52,0.44,70.0,0.46,47.0,0.47,155.0,0.01,0.01,2321.223348,1776402928000
1776402932.906,32.906,0.54,365.98,0.53,160.0,0.56,58.05,0.57,7.0,0.45,38.75,0.44,77.0,0.46,73.0,0.47,155.0,0.02,0.01,2321.530257,1776402931000
1776402933.215,33.215,0.55,78.0,0.54,342.98,0.56,52.96,0.57,7.0,0.44,58.05,0.43,7.0,0.46,365.98,0.47,160.0,0.01,0.02,2321.530257,1776402931000
1776402934.764,34.764,0.55,73.0,0.54,342.98,0.56,45.94,0.57,7.0,0.44,52.96,0.43,7.0,0.45,78.0,0.46,342.98,0.01,0.01,2321.5866,1776402933000
1776402936.136,36.136,0.56,43.0,0.55,25.0,0.59,22.53,0.6,15.0,0.44,45.94,0.43,7.0,0.45,73.0,0.46,342.98,0.03,0.01,2321.558024,1776402934000
1776402936.684,36.684,0.57,5.0,0.56,5.0,0.58,17.0,0.59,24.0,0.41,22.53,0.4,15.0,0.44,43.0,0.45,25.0,0.01,0.03,2321.548035,1776402935000
1776402937.023,37.023,0.54,242.98,0.52,5.77,0.55,40.0,0.56,32.0,0.44,5.0,0.43,15.0,0.46,257.98,0.47,115.0,0.01,0.02,2321.548035,1776402935000
1776402937.27,37.27,0.54,208.83,0.52,5.77,0.55,47.0,0.56,95.0,0.45,47.0,0.44,95.0,0.46,219.7,0.48,5.77,0.01,0.01,2321.548035,1776402935000
1776402937.765,37.765,0.54,162.09,0.52,15.77,0.55,42.0,0.56,90.0,0.45,47.0,0.44,95.0,0.46,187.09,0.48,5.77,0.01,0.01,2321.548125,1776402936000
1776402939.741,39.741,0.54,132.09,0.52,5.77,0.55,231.0,0.56,175.0,0.45,42.0,0.44,90.0,0.46,162.09,0.48,15.77,0.01,0.01,2321.368405,1776402938000
1776402939.988,39.988,0.54,8.28,0.52,5.77,0.55,217.0,0.56,205.0,0.45,186.0,0.44,205.0,0.46,13.28,0.48,5.77,0.01,0.01,2321.368405,1776402938000
1776402940.197,40.197,0.52,14.05,0.5,10.0,0.53,23.62,0.54,10.0,0.45,212.0,0.44,205.0,0.48,5.77,0.5,10.0,0.01,0.03,2321.337934,1776402939000
1776402941.735,41.735,0.52,10.23,0.51,10.0,0.53,189.0,0.54,24.0,0.47,130.62,0.46,19.0,0.48,15.34,0.49,10.0,0.01,0.01,2321.297714,1776402940000
1776402942.052,42.052,0.52,10.23,0.51,10.0,0.53,112.1,0.54,24.0,0.47,189.0,0.46,24.0,0.48,10.23,0.49,10.0,0.01,0.01,2321.297714,1776402940000
1776402943.589,43.589,0.52,15.23,0.51,10.0,0.53,129.0,0.54,20.0,0.44,135.0,0.43,109.0,0.48,10.23,0.49,10.0,0.01,0.04,2321.134627,1776402942000
1776402945.289,45.289,0.5,7.4,0.49,72.0,0.53,29.74,0.54,29.0,0.47,129.0,0.46,20.0,0.48,15.23,0.49,10.0,0.03,0.01,2321.156735,1776402944000
1776402945.694,45.694,0.5,12.4,0.49,77.0,0.51,38.91,0.52,5.0,0.49,21.91,0.48,5.0,0.5,7.4,0.51,72.0,0.01,0.01,2321.156735,1776402944000
1776402948.197,48.197,0.5,7.0,0.47,5.0,0.51,23.17,0.53,5.0,0.49,38.91,0.48,5.0,0.5,12.4,0.51,77.0,0.01,0.01,2321.14244,1776402947000
1776402948.471,48.471,0.49,10.0,0.48,10.0,0.5,4.8,0.51,26.0,0.49,28.17,0.47,24.0,0.5,1.8,0.52,57.0,0.01,0.01,2321.14244,1776402947000
1776402950.685,50.685,0.49,3.86,0.48,10.0,0.5,88.74,0.51,30.0,0.5,4.8,0.49,26.0,0.51,10.0,0.52,10.0,0.01,0.01,2321.14235,1776402948000
1776402955.355,55.355,0.52,32.25,0.51,27.0,0.53,66.0,0.54,20.0,0.5,88.74,0.49,30.0,0.51,3.86,0.52,10.0,0.01,0.01,2321.086317,1776402953000
1776402955.759,55.759,0.52,13.97,0.51,77.0,0.53,35.0,0.54,20.0,0.47,66.0,0.46,20.0,0.48,32.25,0.49,27.0,0.01,0.01,2321.12492,1776402954000
1776402959.573,59.573,0.52,39.0,0.51,15.0,0.53,43.1,0.54,20.0,0.47,35.0,0.46,20.0,0.48,13.97,0.49,77.0,0.01,0.01,2321.204095,1776402958000
1776402961.187,61.187,0.59,81.0,0.58,15.0,0.6,82.0,0.61,9.0,0.47,43.1,0.46,20.0,0.48,39.0,0.49,15.0,0.01,0.01,2321.19895,1776402959000
1776402961.467,61.467,0.59,76.0,0.58,15.0,0.6,69.38,0.61,19.0,0.4,74.38,0.39,19.0,0.41,76.0,0.42,15.0,0.01,0.01,2321.19,1776402960000
1776402962.766,62.766,0.59,81.0,0.58,15.0,0.6,33.38,0.62,10.0,0.4,69.38,0.39,19.0,0.41,76.0,0.42,15.0,0.01,0.01,2321.19,1776402960000
1776402963.904,63.904,0.56,5.0,0.55,5.0,0.57,3.68,0.58,10.0,0.4,33.38,0.38,10.0,0.41,81.0,0.42,15.0,0.01,0.01,2321.511866,1776402962000
1776402964.546,64.546,0.56,37.0,0.55,15.0,0.57,16.04,0.58,27.88,0.43,3.68,0.42,10.0,0.44,5.0,0.45,5.0,0.01,0.01,2321.511965,1776402963000
1776402965.468,65.468,0.59,95.2,0.58,26.0,0.6,79.38,0.62,19.0,0.43,16.04,0.42,27.88,0.44,37.0,0.45,15.0,0.01,0.01,2321.511965,1776402963000
1776402966.808,66.808,0.59,73.56,0.58,26.0,0.6,79.38,0.61,10.0,0.4,79.38,0.38,19.0,0.41,95.2,0.42,26.0,0.01,0.01,2321.495252,1776402964000
1776402967.287,67.287,0.59,2.0,0.56,5.0,0.6,134.43,0.61,114.36,0.4,79.38,0.39,10.0,0.41,73.56,0.42,26.0,0.01,0.01,2321.477786,1776402966000
1776402968.508,68.508,0.56,42.0,0.55,15.0,0.57,10.55,0.58,15.0,0.4,154.43,0.39,114.36,0.44,5.0,0.45,15.0,0.01,0.04,2321.55035,1776402967000
1776402971.871,71.871,0.59,89.44,0.58,62.0,0.6,16.71,0.63,9.0,0.43,10.55,0.42,15.0,0.44,42.0,0.45,15.0,0.01,0.01,2321.552018,1776402970000
1776402972.311,72.311,0.63,87.44,0.62,21.0,0.64,5.59,0.65,80.0,0.4,16.71,0.37,9.0,0.41,89.44,0.42,62.0,0.01,0.01,2321.552018,1776402970000
1776402974.45,74.45,0.63,81.44,0.62,21.0,0.65,68.13,0.66,60.0,0.36,5.59,0.35,80.0,0.37,87.44,0.38,21.0,0.02,0.01,2321.65682,1776402973000
1776402975.571,75.571,0.64,69.44,0.63,26.0,0.65,67.66,0.66,60.0,0.35,58.13,0.34,60.0,0.36,10.0,0.37,76.44,0.01,0.01,2321.745345,1776402974000
1776402975.96,75.96,0.64,74.44,0.63,26.0,0.65,59.96,0.66,60.0,0.35,67.66,0.34,60.0,0.36,69.44,0.37,26.0,0.01,0.01,2321.745345,1776402974000
1776402976.801,76.801,0.64,107.44,0.63,26.0,0.65,20.96,0.66,9.0,0.35,59.96,0.34,60.0,0.36,74.44,0.37,26.0,0.01,0.01,2321.79065,1776402975000
1776402977.199,77.199,0.64,132.44,0.63,26.0,0.66,9.0,0.67,9.0,0.35,20.96,0.34,9.0,0.36,107.44,0.37,26.0,0.02,0.01,2321.79065,1776402975000
1776402979.699,79.699,0.66,54.44,0.65,20.0,0.67,17.86,0.68,15.0,0.34,9.0,0.33,9.0,0.36,132.44,0.37,26.0,0.01,0.02,2321.8959,1776402978000
1776402979.916,79.916,0.66,56.49,0.65,20.0,0.67,17.86,0.69,10.0,0.33,17.86,0.32,15.0,0.34,54.44,0.35,20.0,0.01,0.01,2321.8959,1776402978000
1776402980.274,80.274,0.66,56.49,0.65,20.0,0.67,4.72,0.68,10.0,0.33,10.72,0.31,10.0,0.34,56.49,0.35,20.0,0.01,0.01,2321.91865,1776402979000
1776402981.136,81.136,0.67,51.4,0.66,15.0,0.68,26.0,0.69,10.0,0.33,4.72,0.32,10.0,0.34,56.49,0.35,20.0,0.01,0.01,2321.91865,1776402979000
1776402982.144,82.144,0.68,61.9,0.67,49.4,0.69,18.0,0.7,23.0,0.32,26.0,0.31,10.0,0.33,51.4,0.34,15.0,0.01,0.01,2321.894348,1776402980000
1776402984.237,84.237,0.68,115.09,0.67,15.0,0.69,74.0,0.7,18.0,0.31,18.0,0.3,23.0,0.32,61.9,0.33,49.4,0.01,0.01,2321.923862,1776402982000
1776402985.078,85.078,0.7,96.82,0.69,15.0,0.72,13.0,0.73,28.3,0.31,74.0,0.3,18.0,0.32,115.09,0.33,15.0,0.02,0.01,2321.919319,1776402983000
1776402985.285,85.285,0.72,43.44,0.71,31.0,0.73,28.49,0.74,41.7,0.27,31.23,0.26,41.7,0.29,81.44,0.3,42.0,0.01,0.02,2321.919325,1776402984000
1776402991.888,91.888,0.68,100.74,0.67,15.0,0.69,50.55,0.7,20.0,0.27,18.49,0.26,41.7,0.28,59.44,0.29,26.0,0.01,0.01,2322.10822,1776402990000
1776402992.239,92.239,0.68,100.74,0.67,15.0,0.69,44.1,0.7,15.0,0.31,50.55,0.3,20.0,0.32,100.74,0.33,15.0,0.01,0.01,2322.199159,1776402991000
1776402992.652,92.652,0.68,100.74,0.67,15.0,0.69,69.1,0.7,15.0,0.31,44.1,0.3,15.0,0.32,100.74,0.33,15.0,0.01,0.01,2322.199159,1776402991000
1776402993.733,93.733,0.68,120.92,0.67,15.0,0.69,59.1,0.7,15.0,0.31,69.1,0.3,15.0,0.32,100.74,0.33,15.0,0.01,0.01,2322.292847,1776402992000
1776402994.315,94.315,0.68,242.12,0.67,15.0,0.73,18.3,0.74,24.7,0.31,59.1,0.3,15.0,0.32,120.92,0.33,15.0,0.05,0.01,2322.153236,1776402993000
1776402995.792,95.792,0.73,149.44,0.72,63.0,0.74,1.0,0.76,29.7,0.27,18.3,0.26,24.7,0.32,242.12,0.33,15.0,0.01,0.05,2322.14629,1776402994000
1776402996.305,96.305,0.75,109.0,0.74,27.0,0.76,38.66,0.77,30.3,0.24,26.92,0.23,30.3,0.27,138.44,0.28,63.0,0.01,0.03,2322.14629,1776402994000
1776403000.475,100.475,0.75,111.18,0.74,15.0,0.76,10.0,0.78,21.0,0.24,31.87,0.23,30.3,0.25,104.0,0.26,27.0,0.01,0.01,2322.376387,1776402999000
1776403000.859,100.859,0.75,128.18,0.74,15.0,0.76,3.55,0.78,21.0,0.24,10.0,0.22,21.0,0.25,111.18,0.26,15.0,0.01,0.01,2322.376387,1776402999000
1776403001.709,101.709,0.77,131.18,0.76,15.0,0.78,17.0,0.79,126.64,0.24,3.55,0.22,21.0,0.25,128.18,0.26,15.0,0.01,0.01,2322.407779,1776403000000
1776403004.136,104.136,0.77,159.3,0.76,15.0,0.78,4.71,0.79,111.64,0.22,17.0,0.21,126.64,0.23,131.18,0.24,15.0,0.01,0.01,2322.477688,1776403002000
1776403006.647,106.647,0.78,136.45,0.77,20.12,0.79,126.64,0.8,22.5,0.22,4.71,0.21,111.64,0.23,159.3,0.24,15.0,0.01,0.01,2322.542589,1776403005000
1776403008.35,108.35,0.78,123.96,0.77,20.12,0.79,126.64,0.8,22.5,0.21,126.64,0.2,22.5,0.22,136.45,0.23,20.12,0.01,0.01,2322.537293,1776403007000
1776403010.131,110.131,0.78,3.74,0.77,10.12,0.79,168.49,0.8,42.5,0.21,126.64,0.2,22.5,0.22,123.96,0.23,20.12,0.01,0.01,2322.537308,1776403008000
1776403011.197,111.197,0.78,72.45,0.77,10.0,0.79,198.04,0.8,42.5,0.21,173.49,0.2,42.5,0.23,4.04,0.24,15.0,0.01,0.02,2322.556613,1776403010000
1776403013.491,113.491,0.78,129.0,0.77,23.0,0.79,133.04,0.8,32.5,0.21,198.04,0.2,42.5,0.22,72.45,0.23,10.0,0.01,0.01,2322.43823,1776403012000
1776403014.228,114.228,0.78,126.0,0.77,15.0,0.79,97.77,0.8,22.5,0.21,99.04,0.2,32.5,0.22,129.0,0.23,23.0,0.01,0.01,2322.43823,1776403012000
1776403015.404,115.404,0.78,183.59,0.77,15.0,0.79,84.68,0.8,27.5,0.21,85.95,0.2,22.5,0.22,133.0,0.23,15.0,0.01,0.01,2322.503197,1776403014000
1776403015.858,115.858,0.78,183.59,0.77,15.0,0.79,76.68,0.8,22.5,0.21,84.68,0.2,27.5,0.22,183.59,0.23,15.0,0.01,0.01,2322.503197,1776403014000
1776403017.102,117.102,0.78,105.15,0.77,15.0,0.79,107.96,0.8,27.5,0.21,76.68,0.2,22.5,0.22,183.59,0.23,15.0,0.01,0.01,2322.536477,1776403016000
1776403022.199,122.199,0.79,55.41,0.78,176.59,0.8,22.5,0.81,73.4,0.21,107.96,0.2,27.5,0.22,105.15,0.23,15.0,0.01,0.01,2322.580815,1776403020000
1776403023.675,123.675,0.79,252.85,0.78,15.0,0.8,21.5,0.81,73.4,0.2,22.5,0.19,73.4,0.21,55.41,0.22,176.59,0.01,0.01,2322.504218,1776403022000
1776403024.322,124.322,0.79,260.85,0.78,23.0,0.81,23.33,0.82,24.4,0.2,21.5,0.19,73.4,0.21,252.85,0.22,15.0,0.02,0.01,2322.508021,1776403023000
1776403024.687,124.687,0.83,159.44,0.82,33.0,0.84,24.08,0.85,28.2,0.19,23.33,0.18,24.4,0.21,260.85,0.22,23.0,0.01,0.02,2322.508021,1776403023000
1776403025.249,125.249,0.83,153.44,0.82,38.0,0.84,1.0,0.85,28.2,0.16,14.08,0.15,28.2,0.17,161.44,0.18,33.0,0.01,0.01,2322.504373,1776403024000
1776403026.283,126.283,0.83,193.21,0.82,37.0,0.85,20.2,0.86,124.87,0.16,1.0,0.15,28.2,0.17,153.44,0.18,38.0,0.02,0.01,2322.504373,1776403024000
1776403026.966,126.966,0.84,155.21,0.83,45.0,0.85,19.46,0.86,124.87,0.15,20.2,0.14,124.87,0.17,193.21,0.18,37.0,0.01,0.02,2322.824772,1776403026000
1776403027.779,127.779,0.84,27.77,0.83,15.0,0.85,83.01,0.86,139.87,0.15,19.46,0.14,124.87,0.16,155.21,0.17,45.0,0.01,0.01,2322.824772,1776403026000
1776403028.569,128.569,0.84,21.52,0.83,15.0,0.85,59.23,0.86,139.87,0.15,58.01,0.14,139.87,0.16,21.52,0.17,15.0,0.01,0.01,2322.907998,1776403027000
1776403029.028,129.028,0.82,0.74,0.81,23.0,0.85,59.23,0.86,139.87,0.15,59.23,0.14,139.87,0.16,21.52,0.17,15.0,0.03,0.01,2322.907998,1776403027000
1776403031.789,131.789,0.82,86.0,0.81,23.0,0.83,8.75,0.84,60.8,0.15,64.23,0.14,139.87,0.18,14.74,0.19,23.0,0.01,0.03,2322.720063,1776403030000
1776403033.783,133.783,0.84,117.24,0.83,71.0,0.85,18.2,0.86,124.87,0.17,8.75,0.16,60.8,0.18,86.0,0.19,23.0,0.01,0.01,2322.60632,1776403032000
1776403035.035,135.035,0.79,29.65,0.77,10.0,0.81,58.0,0.82,57.0,0.15,18.2,0.14,124.87,0.16,117.24,0.17,71.0,0.02,0.01,2322.62928,1776403033000
1776403040.858,140.858,0.79,55.11,0.77,10.0,0.8,84.0,0.81,113.4,0.2,73.0,0.19,90.0,0.21,9.55,0.24,10.0,0.01,0.01,2322.460417,1776403039000
1776403044.341,144.341,0.83,161.0,0.82,63.0,0.85,5.0,0.86,135.87,0.2,84.0,0.19,113.4,0.21,45.11,0.23,10.0,0.02,0.01,2322.401484,1776403043000
1776403049.719,149.719,0.85,195.35,0.84,84.0,0.86,34.97,0.87,10.0,0.15,5.0,0.14,135.87,0.17,161.0,0.18,63.0,0.01,0.02,2322.639385,1776403048000
1776403051.997,151.997,0.87,147.0,0.86,18.0,0.88,84.86,0.89,41.79,0.12,47.1,0.11,41.79,0.15,200.35,0.16,84.0,0.01,0.03,2322.71967,1776403050000
1776403052.414,152.414,0.85,31.55,0.82,20.0,0.86,137.99,0.87,15.0,0.12,84.86,0.11,41.79,0.13,147.0,0.14,18.0,0.01,0.01,2322.76984,1776403051000
1776403052.72,152.72,0.8,8.0,0.79,10.0,0.86,175.99,0.87,33.0,0.14,137.99,0.13,15.0,0.15,31.55,0.18,20.0,0.06,0.01,2322.76984,1776403051000
1776403053.078,153.078,0.79,10.0,0.78,15.0,0.8,10.25,0.81,124.99,0.14,175.99,0.13,33.0,0.2,8.0,0.21,10.0,0.01,0.06,2322.76984,1776403051000
1776403053.661,153.661,0.79,10.0,0.78,15.0,0.8,76.99,0.81,95.0,0.2,10.25,0.19,124.99,0.21,10.0,0.22,15.0,0.01,0.01,2322.777775,1776403052000
1776403058.378,158.378,0.79,8.0,0.78,15.0,0.8,81.99,0.81,90.0,0.2,76.99,0.19,95.0,0.21,10.0,0.22,15.0,0.01,0.01,2322.491476,1776403057000
1776403062.143,162.143,0.8,14.46,0.79,8.0,0.81,95.0,0.82,10.0,0.2,81.99,0.19,90.0,0.21,8.0,0.22,15.0,0.01,0.01,2322.436504,1776403061000
1776403063.315,163.315,0.8,9.46,0.79,8.0,0.81,80.99,0.82,10.0,0.19,95.0,0.18,10.0,0.2,14.46,0.21,8.0,0.01,0.01,2322.437338,1776403062000
1776403071.341,171.341,0.77,15.0,0.76,10.0,0.81,130.99,0.82,39.4,0.19,80.99,0.18,10.0,0.2,9.46,0.21,8.0,0.04,0.01,2322.35675,1776403070000
1776403073.977,173.977,0.75,143.49,0.74,10.0,0.77,111.0,0.78,27.0,0.19,130.99,0.18,39.4,0.22,10.0,0.23,15.0,0.02,0.03,2322.315228,1776403072000
1776403076.859,176.859,0.75,79.98,0.74,10.0,0.76,91.87,0.77,45.0,0.23,111.0,0.22,27.0,0.25,114.98,0.26,10.0,0.01,0.02,2322.225325,1776403075000
1776403078.872,178.872,0.75,58.8,0.74,10.0,0.76,56.87,0.77,10.0,0.24,91.87,0.23,45.0,0.25,79.98,0.26,10.0,0.01,0.01,2322.183653,1776403077000
1776403079.732,179.732,0.75,115.8,0.74,10.0,0.76,21.87,0.78,28.0,0.24,56.87,0.23,10.0,0.25,58.8,0.26,10.0,0.01,0.01,2322.155042,1776403078000
1776403080.418,180.418,0.75,134.8,0.74,10.0,0.76,14.87,0.78,28.0,0.24,14.87,0.22,28.0,0.25,195.8,0.26,10.0,0.01,0.01,2322.163633,1776403079000
1776403080.862,180.862,0.75,332.0,0.74,42.0,0.83,30.5,0.84,26.8,0.24,14.87,0.22,28.0,0.25,134.8,0.26,10.0,0.08,0.01,2322.163633,1776403079000
1776403081.372,181.372,0.82,180.0,0.81,50.0,0.83,21.25,0.84,26.8,0.17,16.25,0.16,26.8,0.18,10.0,0.19,20.0,0.01,0.01,2322.163633,1776403079000
1776403081.817,181.817,0.82,54.0,0.81,30.0,0.83,56.25,0.84,26.8,0.17,21.25,0.16,26.8,0.18,180.0,0.19,50.0,0.01,0.01,2322.19927,1776403080000
1776403083.927,183.927,0.82,21.4,0.81,30.0,0.83,27.79,0.84,41.8,0.17,22.61,0.16,36.8,0.18,57.0,0.19,30.0,0.01,0.01,2322.351055,1776403082000
1776403087.066,187.066,0.82,105.4,0.81,30.0,0.84,5.0,0.85,39.2,0.17,27.79,0.16,41.8,0.18,21.4,0.19,30.0,0.02,0.01,2322.348228,1776403085000
1776403088.478,188.478,0.84,23.4,0.83,24.99,0.85,5.0,0.86,5.0,0.16,5.0,0.15,39.2,0.18,105.4,0.19,30.0,0.01,0.02,2322.369925,1776403087000
1776403092.305,192.305,0.84,35.4,0.83,18.0,0.85,28.11,0.87,31.8,0.15,5.0,0.14,5.0,0.16,23.4,0.17,24.99,0.01,0.01,2322.454833,1776403090000
1776403092.626,192.626,0.84,2.4,0.82,10.0,0.85,42.11,0.86,89.9,0.15,28.11,0.13,31.8,0.16,35.4,0.17,18.0,0.01,0.01,2322.438299,1776403091000
1776403093.254,193.254,0.84,2.4,0.82,10.0,0.85,24.75,0.86,89.9,0.15,42.11,0.14,89.9,0.16,2.4,0.18,10.0,0.01,0.01,2322.438298,1776403092000
1776403094.742,194.742,0.81,10.0,0.8,10.0,0.85,52.95,0.86,89.9,0.15,24.75,0.14,89.9,0.16,2.4,0.18,10.0,0.04,0.01,2322.38188,1776403093000
1776403096.085,196.085,0.75,37.8,0.74,10.0,0.76,49.96,0.77,20.0,0.17,43.73,0.16,19.0,0.19,6.42,0.2,10.0,0.01,0.02,2322.366843,1776403094000
1776403096.475,196.475,0.75,30.68,0.67,5.0,0.76,104.96,0.77,10.0,0.24,49.96,0.23,20.0,0.25,37.8,0.26,10.0,0.01,0.01,2322.366843,1776403094000
1776403096.853,196.853,0.67,7.04,0.66,10.0,0.68,76.72,0.69,20.0,0.27,18.51,0.24,91.0,0.33,7.04,0.34,10.0,0.01,0.06,2322.366843,1776403094000
1776403097.309,197.309,0.66,151.04,0.65,10.0,0.67,20.05,0.68,5.0,0.32,30.86,0.31,20.0,0.34,7.04,0.35,10.0,0.01,0.02,2322.238505,1776403096000
1776403098.253,198.253,0.7,102.0,0.69,18.0,0.71,3.59,0.75,16.0,0.29,50.0,0.26,10.0,0.34,141.04,0.35,10.0,0.01,0.05,2322.0117,1776403097000
1776403101.298,201.298,0.7,102.0,0.69,18.0,0.71,2.18,0.72,5.0,0.29,3.59,0.25,16.0,0.3,102.0,0.31,18.0,0.01,0.01,2321.785481,1776403100000
1776403101.704,201.704,0.7,65.0,0.69,18.0,0.72,2.89,0.73,5.0,0.29,2.18,0.28,5.0,0.3,102.0,0.31,18.0,0.02,0.01,2321.785481,1776403100000
1776403103.259,203.259,0.71,49.57,0.7,23.0,0.72,20.78,0.73,23.3,0.28,2.89,0.27,5.0,0.3,65.0,0.31,18.0,0.01,0.02,2321.784071,1776403102000
1776403104.971,204.971,0.71,49.57,0.7,23.0,0.72,2.22,0.73,33.3,0.28,20.78,0.27,23.3,0.29,49.57,0.3,23.0,0.01,0.01,2321.778047,1776403103000
1776403111.314,211.314,0.66,11.91,0.65,15.0,0.68,76.1,0.69,25.0,0.28,2.22,0.27,33.3,0.29,49.57,0.3,23.0,0.02,0.01,2321.77924,1776403109000
1776403113.472,213.472,0.66,18.91,0.65,15.0,0.67,27.1,0.68,15.0,0.33,23.1,0.32,53.0,0.34,1.91,0.35,15.0,0.01,0.01,2321.738629,1776403112000
1776403115.102,215.102,0.64,16.0,0.63,69.0,0.66,57.1,0.67,28.0,0.33,27.1,0.32,15.0,0.34,18.91,0.35,15.0,0.02,0.01,2321.702474,1776403114000
1776403115.393,215.393,0.65,14.0,0.64,70.0,0.66,20.0,0.67,9.0,0.34,57.1,0.33,28.0,0.36,16.0,0.37,69.0,0.01,0.02,2321.702474,1776403114000
1776403116.03,216.03,0.66,68.89,0.65,10.0,0.67,4.49,0.68,15.0,0.33,9.0,0.32,15.0,0.35,26.89,0.36,15.0,0.01,0.02,2321.702474,1776403114000
1776403116.743,216.743,0.62,98.0,0.6,7.0,0.63,27.51,0.64,10.0,0.33,4.49,0.32,15.0,0.34,68.89,0.35,10.0,0.01,0.01,2321.693027,1776403115000
1776403117.148,217.148,0.66,52.0,0.65,15.0,0.68,61.2,0.69,15.0,0.37,35.0,0.36,5.0,0.38,4.73,0.39,25.77,0.02,0.01,2321.693027,1776403115000
1776403117.411,217.411,0.67,40.0,0.66,10.0,0.72,16.0,0.73,10.0,0.32,61.2,0.31,15.0,0.33,40.0,0.34,10.0,0.05,0.01,2321.688872,1776403116000
1776403118.276,218.276,0.69,57.32,0.68,15.0,0.74,28.31,0.75,29.2,0.3,8.57,0.29,10.0,0.31,10.0,0.32,10.0,0.05,0.01,2321.69008,1776403117000
1776403118.833,218.833,0.72,35.32,0.71,10.0,0.73,10.0,0.74,28.31,0.26,28.31,0.25,29.2,0.31,57.32,0.32,15.0,0.01,0.05,2321.69008,1776403117000
1776403119.376,219.376,0.72,29.32,0.71,10.0,0.73,10.0,0.74,94.39,0.27,10.0,0.26,28.31,0.28,35.32,0.29,10.0,0.01,0.01,2321.615749,1776403118000
1776403121.04,221.04,0.72,39.32,0.71,10.0,0.74,96.22,0.75,29.2,0.27,10.0,0.26,94.39,0.28,29.32,0.29,10.0,0.02,0.01,2321.651473,1776403119000
1776403121.685,221.685,0.55,2.7,0.54,75.0,0.61,25.0,0.62,15.0,0.26,91.15,0.25,29.2,0.28,39.32,0.29,10.0,0.06,0.02,2321.655917,1776403120000
1776403122.203,222.203,0.55,20.0,0.54,31.0,0.57,13.24,0.58,15.0,0.44,9.31,0.43,15.0,0.45,44.0,0.46,31.0,0.02,0.01,2321.7023,1776403121000
1776403122.48,222.48,0.55,5.0,0.54,75.0,0.56,10.0,0.57,13.24,0.44,10.0,0.43,18.24,0.45,5.0,0.46,75.0,0.01,0.01,2321.7023,1776403121000
1776403123.541,223.541,0.56,10.63,0.55,20.0,0.57,13.24,0.58,15.0,0.44,10.0,0.43,13.24,0.45,5.0,0.46,75.0,0.01,0.01,2321.678776,1776403122000
1776403124.393,224.393,0.56,116.0,0.55,25.0,0.58,3.18,0.62,5.0,0.43,13.24,0.42,15.0,0.44,10.63,0.45,20.0,0.02,0.01,2321.427889,1776403123000
1776403124.836,224.836,0.57,65.0,0.56,72.0,0.65,15.0,0.66,15.0,0.42,3.18,0.38,5.0,0.44,116.0,0.45,25.0,0.08,0.02,2321.427889,1776403123000
1776403126.991,226.991,0.62,10.0,0.61,10.0,0.63,8.25,0.64,10.0,0.35,15.0,0.34,15.0,0.43,65.0,0.44,72.0,0.01,0.08,2321.36831,1776403125000
1776403128.888,228.888,0.5,46.82,0.49,10.19,0.56,78.99,0.57,15.0,0.37,8.25,0.36,10.0,0.38,10.0,0.39,10.0,0.06,0.01,2321.3729,1776403127000
1776403129.198,229.198,0.46,0.62,0.45,5.0,0.47,20.0,0.48,15.0,0.53,25.0,0.52,15.0,0.54,9.87,0.55,5.0,0.01,0.01,2321.3729,1776403127000
1776403129.408,229.408,0.44,18.82,0.43,11.0,0.46,17.82,0.47,20.0,0.54,7.82,0.53,25.0,0.55,5.0,0.56,5.0,0.02,0.01,2321.39574,1776403128000
1776403129.865,229.865,0.44,5.0,0.43,24.82,0.45,9.8,0.46,12.82,0.54,17.82,0.53,20.0,0.56,18.82,0.57,11.0,0.01,0.02,2321.39574,1776403128000
1776403130.222,230.222,0.43,12.55,0.42,10.0,0.44,15.0,0.45,10.0,0.54,6.18,0.53,20.0,0.57,20.1,0.58,5.0,0.01,0.03,2321.39574,1776403128000
1776403130.531,230.531,0.43,12.55,0.42,5.0,0.44,7.0,0.45,10.0,0.56,15.0,0.55,10.0,0.57,12.55,0.58,5.0,0.01,0.01,2321.40042,1776403129000
1776403130.907,230.907,0.41,53.42,0.4,62.0,0.44,7.0,0.45,15.0,0.56,7.0,0.55,10.0,0.57,12.55,0.58,5.0,0.03,0.01,2321.40042,1776403129000
1776403131.962,231.962,0.41,88.04,0.4,28.0,0.42,12.61,0.43,26.46,0.58,12.61,0.57,26.46,0.59,84.74,0.6,18.0,0.01,0.01,2321.258315,1776403130000
1776403132.286,232.286,0.41,76.37,0.4,33.0,0.43,24.81,0.44,12.0,0.58,12.61,0.57,26.46,0.59,86.37,0.6,28.0,0.02,0.01,2321.258315,1776403130000
1776403133.044,233.044,0.42,202.1,0.41,23.0,0.43,16.46,0.48,5.0,0.57,29.74,0.56,12.0,0.59,76.37,0.6,33.0,0.01,0.02,2321.045135,1776403132000
1776403133.503,233.503,0.49,14.68,0.48,25.0,0.5,18.68,0.51,60.0,0.5,3.68,0.49,55.0,0.53,62.28,0.54,30.0,0.01,0.03,2321.045135,1776403132000
1776403135.715,235.715,0.49,14.05,0.48,10.0,0.5,30.0,0.51,65.0,0.5,18.68,0.49,60.0,0.51,14.68,0.52,25.0,0.01,0.01,2321.10004,1776403134000
1776403136.013,236.013,0.49,9.26,0.48,10.0,0.5,30.0,0.51,65.0,0.5,30.0,0.49,65.0,0.51,14.05,0.52,10.0,0.01,0.01,2321.10004,1776403134000
1776403139.063,239.063,0.48,7.88,0.47,35.28,0.49,59.0,0.5,15.0,0.5,30.0,0.49,65.0,0.51,9.26,0.52,10.0,0.01,0.01,2321.1369,1776403137000
1776403140.805,240.805,0.48,205.0,0.47,62.14,0.56,50.0,0.57,5.0,0.51,59.0,0.5,10.0,0.53,24.14,0.54,57.0,0.08,0.02,2321.14028,1776403139000
1776403141.154,241.154,0.54,29.67,0.53,22.0,0.55,10.0,0.56,48.55,0.44,48.55,0.43,15.0,0.46,73.0,0.47,32.0,0.01,0.02,2321.14028,1776403139000
1776403142.374,242.374,0.54,113.67,0.53,32.0,0.56,48.28,0.57,15.0,0.45,9.75,0.44,48.55,0.46,29.67,0.47,22.0,0.02,0.01,2321.141426,1776403141000
1776403145.91,245.91,0.6,77.0,0.59,10.0,0.61,45.0,0.65,5.0,0.44,48.28,0.43,15.0,0.46,113.67,0.47,32.0,0.01,0.02,2321.24462,1776403144000
1776403146.144,246.144,0.65,14.0,0.64,25.0,0.66,55.0,0.68,40.0,0.39,25.15,0.35,5.0,0.4,56.0,0.41,10.0,0.01,0.01,2321.3037,1776403145000
1776403149.92,249.92,0.7,21.88,0.69,29.2,0.71,48.68,0.73,15.0,0.34,55.0,0.32,40.0,0.35,14.0,0.36,25.0,0.01,0.01,2321.385733,1776403148000
1776403150.732,250.732,0.7,1.88,0.68,10.0,0.71,86.79,0.72,10.0,0.29,26.79,0.27,15.0,0.3,21.88,0.31,29.2,0.01,0.01,2321.385793,1776403149000
1776403151.262,251.262,0.67,1.88,0.66,10.0,0.69,4.28,0.7,10.0,0.29,76.36,0.28,10.0,0.33,1.88,0.34,10.0,0.02,0.04,2321.386357,1776403150000
1776403151.465,251.465,0.67,1.88,0.66,10.0,0.71,21.36,0.72,10.0,0.31,4.28,0.3,10.0,0.33,1.88,0.34,10.0,0.04,0.02,2321.386357,1776403150000
1776403151.945,251.945,0.67,10.0,0.66,10.0,0.69,4.27,0.7,10.0,0.29,21.36,0.28,10.0,0.33,1.88,0.34,10.0,0.02,0.04,2321.4333,1776403151000
1776403154.287,254.287,0.62,5.0,0.61,117.0,0.74,44.19,0.75,10.0,0.31,4.27,0.3,10.0,0.33,10.0,0.34,10.0,0.12,0.02,2321.42768,1776403152000
1776403154.802,254.802,0.64,4.03,0.63,10.0,0.65,8.92,0.66,10.0,0.32,10.0,0.31,10.0,0.36,4.03,0.37,10.0,0.01,0.04,2321.4683,1776403153000
1776403155.371,255.371,0.63,19.28,0.62,5.0,0.65,22.92,0.66,10.0,0.35,8.92,0.34,10.0,0.36,4.03,0.37,10.0,0.02,0.01,2321.425325,1776403154000
1776403155.654,255.654,0.63,0.28,0.62,5.0,0.64,10.0,0.65,10.0,0.35,22.92,0.34,10.0,0.37,19.28,0.38,5.0,0.01,0.02,2321.425325,1776403154000
1776403156.319,256.319,0.63,0.28,0.62,5.0,0.67,183.02,0.68,10.0,0.35,8.61,0.34,10.0,0.37,0.28,0.38,5.0,0.04,0.02,2321.4683,1776403155000
1776403156.974,256.974,0.63,4.57,0.62,15.0,0.64,30.0,0.65,10.0,0.33,183.02,0.32,10.0,0.37,0.28,0.38,5.0,0.01,0.04,2321.4683,1776403155000
1776403158.814,258.814,0.62,10.0,0.61,60.0,0.64,30.0,0.65,10.0,0.36,30.0,0.35,10.0,0.37,4.57,0.38,15.0,0.02,0.01,2321.353134,1776403157000
1776403160.037,260.037,0.62,10.0,0.61,60.0,0.75,15.0,0.76,95.0,0.36,30.0,0.35,10.0,0.38,10.0,0.39,60.0,0.13,0.02,2321.3528,1776403158000
1776403160.451,260.451,0.68,10.0,0.67,10.0,0.71,9.57,0.72,10.0,0.25,15.0,0.24,95.0,0.38,10.0,0.39,60.0,0.03,0.13,2321.379015,1776403159000
1776403160.815,260.815,0.67,10.0,0.66,10.0,0.71,59.57,0.72,10.0,0.29,9.57,0.28,10.0,0.32,10.0,0.33,10.0,0.04,0.03,2321.379015,1776403159000
1776403161.467,261.467,0.69,10.0,0.68,10.0,0.71,9.14,0.72,10.0,0.29,59.57,0.28,10.0,0.33,10.0,0.34,10.0,0.02,0.04,2321.379015,1776403159000
1776403162.26,262.26,0.7,10.0,0.69,10.0,0.71,50.0,0.72,10.0,0.29,9.14,0.28,10.0,0.31,10.0,0.32,10.0,0.01,0.02,2321.349567,1776403161000
1776403162.476,262.476,0.7,5.0,0.69,10.0,0.71,39.57,0.72,10.0,0.29,50.0,0.28,10.0,0.3,10.0,0.31,10.0,0.01,0.01,2321.349567,1776403161000
1776403163.327,263.327,0.69,3.54,0.68,10.0,0.71,10.0,0.72,10.0,0.29,39.57,0.28,10.0,0.3,5.0,0.31,10.0,0.02,0.01,2321.349567,1776403161000
1776403163.921,263.921,0.69,3.54,0.68,10.0,0.71,7.39,0.72,10.0,0.29,9.43,0.28,10.0,0.31,3.54,0.32,10.0,0.02,0.02,2321.38408,1776403162000
1776403164.524,264.524,0.71,10.0,0.7,10.0,0.73,9.72,0.74,10.0,0.29,7.39,0.28,10.0,0.31,3.54,0.32,10.0,0.02,0.02,2321.3843,1776403163000
1776403165.564,265.564,0.71,5.0,0.7,7.66,0.73,59.72,0.74,10.0,0.27,59.72,0.26,10.0,0.3,7.66,0.31,3.54,0.02,0.03,2321.353445,1776403164000
1776403165.947,265.947,0.72,15.0,0.71,10.0,0.74,5.21,0.75,59.96,0.27,12.0,0.26,7.24,0.28,10.0,0.29,10.0,0.02,0.01,2321.353445,1776403164000
1776403166.965,266.965,0.73,15.0,0.72,10.0,0.74,19.8,0.75,59.96,0.26,5.21,0.25,59.96,0.28,15.0,0.29,10.0,0.01,0.02,2321.395515,1776403165000
1776403167.305,267.305,0.73,2.74,0.72,10.0,0.74,44.8,0.75,59.96,0.26,19.8,0.25,59.96,0.27,15.0,0.28,10.0,0.01,0.01,2321.35502,1776403166000
1776403167.838,267.838,0.72,10.0,0.71,10.0,0.74,25.0,0.75,59.96,0.26,44.8,0.25,59.96,0.27,2.74,0.28,10.0,0.02,0.01,2321.35502,1776403166000
1776403168.065,268.065,0.73,10.0,0.72,10.0,0.74,39.59,0.75,59.96,0.26,25.0,0.25,59.96,0.28,10.0,0.29,10.0,0.01,0.02,2321.35502,1776403166000
1776403168.746,268.746,0.73,10.0,0.72,10.0,0.75,96.96,0.76,60.0,0.26,39.59,0.25,59.96,0.27,10.0,0.28,10.0,0.02,0.01,2321.397985,1776403167000
1776403169.662,269.662,0.74,5.76,0.73,10.0,0.75,55.0,0.76,50.0,0.25,96.96,0.24,60.0,0.27,10.0,0.28,10.0,0.01,0.02,2321.39741,1776403168000
1776403170.515,270.515,0.68,0.6,0.67,10.0,0.75,5.0,0.76,50.0,0.25,30.0,0.24,50.0,0.26,0.76,0.27,10.0,0.07,0.01,2321.399025,1776403169000
1776403170.832,270.832,0.74,34.99,0.73,10.0,0.75,1.12,0.76,60.0,0.25,5.0,0.24,50.0,0.32,0.6,0.33,10.0,0.01,0.07,2321.399025,1776403169000
1776403171.26,271.26,0.75,5.88,0.74,48.99,0.76,50.0,0.77,20.3,0.25,1.12,0.24,60.0,0.26,34.99,0.27,10.0,0.01,0.01,2321.399085,1776403170000
1776403172.466,272.466,0.75,20.0,0.71,10.0,0.77,10.0,0.78,36.0,0.24,44.73,0.23,30.3,0.25,15.0,0.26,10.0,0.02,0.01,2321.359265,1776403171000
1776403173.66,273.66,0.75,11.0,0.72,10.0,0.76,4.92,0.77,10.0,0.24,4.92,0.23,10.0,0.25,15.0,0.29,10.0,0.01,0.01,2321.372215,1776403172000
1776403175.294,275.294,0.76,47.0,0.75,10.0,0.77,7.12,0.78,10.0,0.24,4.92,0.23,10.0,0.25,11.0,0.28,10.0,0.01,0.01,2321.42229,1776403174000
1776403178.803,278.803,0.77,56.87,0.76,49.0,0.78,19.0,0.81,10.0,0.23,7.12,0.22,10.0,0.24,47.0,0.25,10.0,0.01,0.01,2321.43769,1776403177000
1776403179.223,279.223,0.77,51.87,0.76,49.0,0.78,11.0,0.81,5.0,0.22,19.0,0.19,10.0,0.23,56.87,0.24,49.0,0.01,0.01,2321.453005,1776403178000
1776403179.598,279.598,0.81,34.0,0.8,10.0,0.82,40.0,0.83,40.0,0.18,5.0,0.17,40.0,0.23,56.87,0.24,49.0,0.01,0.05,2321.453005,1776403178000
1776403179.818,279.818,0.81,28.47,0.8,10.0,0.82,38.78,0.83,40.0,0.18,40.0,0.17,40.0,0.19,28.47,0.2,10.0,0.01,0.01,2321.453005,1776403178000
1776403180.109,280.109,0.81,47.47,0.8,10.0,0.82,32.6,0.85,7.0,0.18,38.78,0.17,40.0,0.19,28.47,0.2,10.0,0.01,0.01,2321.453005,1776403178000
1776403180.607,280.607,0.84,23.0,0.83,10.0,0.85,4.88,0.86,40.0,0.15,7.0,0.14,40.0,0.19,26.31,0.2,10.0,0.01,0.04,2321.452065,1776403179000
1776403180.84,280.84,0.82,10.77,0.81,10.0,0.86,37.82,0.87,10.0,0.14,37.82,0.13,10.0,0.16,10.0,0.17,15.0,0.04,0.02,2321.452065,1776403179000
1776403181.622,281.622,0.83,11.23,0.82,10.77,0.85,15.0,0.86,10.0,0.14,37.82,0.13,10.0,0.18,10.77,0.19,10.0,0.02,0.04,2321.45189,1776403180000
1776403182.025,282.025,0.83,16.23,0.82,10.77,0.84,0.47,0.85,10.0,0.15,15.0,0.14,10.0,0.17,11.23,0.18,10.77,0.01,0.02,2321.45189,1776403180000
1776403182.651,282.651,0.83,11.23,0.82,10.77,0.88,39.8,0.89,10.0,0.15,4.79,0.14,10.0,0.17,21.23,0.18,10.77,0.05,0.02,2321.50095,1776403181000
1776403185.041,285.041,0.87,18.0,0.86,18.0,0.91,20.81,0.92,22.0,0.13,10.0,0.12,39.8,0.15,4.66,0.16,10.0,0.04,0.02,2321.516235,1776403184000
1776403185.34,285.34,0.88,23.0,0.87,18.0,0.89,5.0,0.9,119.0,0.09,20.81,0.08,22.0,0.13,18.0,0.14,18.0,0.01,0.04,2321.516235,1776403184000
1776403185.931,285.931,0.89,18.0,0.88,18.0,0.9,89.64,0.91,20.81,0.1,115.94,0.09,20.81,0.12,23.0,0.13,18.0,0.01,0.02,2321.516235,1776403184000
1776403186.74,286.74,0.89,28.0,0.88,18.0,0.9,76.3,0.91,21.81,0.1,92.41,0.09,10.81,0.11,23.0,0.12,18.0,0.01,0.01,2321.51129,1776403185000
1776403187.293,287.293,0.87,15.61,0.86,10.0,0.9,76.3,0.91,21.81,0.1,76.3,0.09,21.81,0.11,28.0,0.12,18.0,0.03,0.01,2321.511225,1776403186000
1776403187.748,287.748,0.89,15.0,0.88,10.0,0.9,1.06,0.91,21.81,0.1,36.4,0.09,21.81,0.11,10.0,0.12,10.0,0.01,0.01,2321.511225,1776403186000
1776403188.15,288.15,0.9,22.0,0.89,10.0,0.91,21.81,0.92,12.0,0.1,1.06,0.09,21.81,0.11,15.0,0.12,10.0,0.01,0.01,2321.511225,1776403186000
1776403188.428,288.428,0.9,25.0,0.89,10.0,0.91,16.81,0.92,12.0,0.09,21.81,0.08,12.0,0.1,22.0,0.11,10.0,0.01,0.01,2321.511225,1776403186000
1776403188.729,288.729,0.9,15.0,0.89,10.0,0.91,6.13,0.92,12.0,0.09,11.5,0.08,12.0,0.1,25.0,0.11,10.0,0.01,0.01,2321.511225,1776403186000
1776403189.078,289.078,0.91,20.0,0.9,10.0,0.92,1.13,0.93,72.0,0.09,6.13,0.08,12.0,0.1,15.0,0.11,10.0,0.01,0.01,2321.511225,1776403186000
1776403189.438,289.438,0.91,9.0,0.9,10.0,0.92,1.13,0.93,72.0,0.08,1.13,0.07,72.0,0.09,20.0,0.1,10.0,0.01,0.01,2321.511225,1776403186000
1776403190.517,290.517,0.92,15.0,0.91,4.0,0.93,56.51,0.94,127.0,0.07,69.89,0.06,66.0,0.09,9.0,0.1,10.0,0.01,0.02,2321.548404,1776403189000
1776403190.866,290.866,0.86,16.85,0.85,4.66,0.93,56.51,0.94,127.0,0.07,56.51,0.06,127.0,0.08,10.0,0.09,4.0,0.07,0.01,2321.548404,1776403189000
1776403191.081,291.081,0.92,10.0,0.91,10.0,0.93,39.67,0.94,127.0,0.07,50.43,0.06,127.0,0.14,16.85,0.15,4.66,0.01,0.07,2321.548404,1776403189000
1776403191.478,291.478,0.92,20.0,0.91,22.0,0.93,8.91,0.94,66.0,0.07,28.91,0.06,127.0,0.08,10.0,0.09,10.0,0.01,0.01,2321.548404,1776403189000
1776403191.894,291.894,0.93,15.0,0.92,10.0,0.96,26.18,0.97,140.68,0.06,15.9,0.05,32.52,0.07,10.0,0.08,20.0,0.03,0.01,2321.58188,1776403190000
1776403192.512,292.512,0.95,7.0,0.94,15.0,0.97,135.97,0.98,207.0,0.03,135.97,0.02,207.0,0.07,15.0,0.08,10.0,0.02,0.04,2321.59014,1776403191000
1776403192.715,292.715,0.96,15.0,0.95,114.0,0.97,38.67,0.98,195.0,0.03,40.72,0.02,195.0,0.04,10.0,0.05,114.0,0.01,0.01,2321.59014,1776403191000
1776403193.069,293.069,0.96,72.0,0.95,85.0,0.97,18.2,0.98,195.0,0.03,33.51,0.02,195.0,0.04,10.0,0.05,114.0,0.01,0.01,2321.59014,1776403191000
1776403193.275,293.275,0.97,10.0,0.96,336.0,0.98,193.1,0.99,1295.23,0.02,193.2,0.01,1295.23,0.04,341.0,0.05,97.0,0.01,0.02,2321.59014,1776403191000
1776403193.546,293.546,0.97,354.0,0.96,66.0,0.98,213.6,0.99,1295.23,0.02,218.6,0.01,1295.23,0.03,295.0,0.04,86.0,0.01,0.01,2321.59014,1776403191000
1776403193.774,293.774,0.97,349.0,0.96,126.0,0.98,208.45,0.99,1295.23,0.02,208.55,0.01,1295.23,0.03,354.0,0.04,96.0,0.01,0.01,2321.60556,1776403192000
1776403194.238,294.238,0.97,453.0,0.96,66.0,0.98,188.11,0.99,1295.23,0.02,193.13,0.01,1295.23,0.03,354.0,0.04,126.0,0.01,0.01,2321.60556,1776403192000
1776403194.487,294.487,0.97,453.0,0.96,51.0,0.98,171.01,0.99,1295.23,0.02,181.01,0.01,1295.23,0.03,448.0,0.04,66.0,0.01,0.01,2321.698239,1776403193000
1776403194.757,294.757,0.97,453.0,0.96,51.0,0.98,55.43,0.99,1295.23,0.02,60.54,0.01,1295.23,0.03,453.0,0.04,51.0,0.01,0.01,2321.698239,1776403193000
1776403195.027,295.027,0.98,278.0,0.97,296.99,0.99,1105.09,,,0.01,1226.09,,,0.03,592.0,0.04,51.0,0.01,0.02,2321.698239,1776403193000
1776403195.294,295.294,0.98,357.44,0.97,291.99,0.99,1058.88,,,0.01,1072.88,,,0.02,357.44,0.03,296.99,0.01,0.01,2321.698239,1776403193000
1776403195.652,295.652,0.98,278.0,0.97,291.99,0.99,30.59,,,0.01,1030.59,,,0.02,278.0,0.03,291.99,0.01,0.01,2322.169928,1776403194000
1776403196.542,296.542,0.99,1347.66,0.98,217.0,,,,,,,,,0.01,9.51,0.02,268.48,,,2322.5268,1776403195000
1776403196.845,296.845,0.99,1451.71,0.98,211.0,,,,,,,,,0.01,1347.66,0.02,217.0,,,2322.5268,1776403195000
1776403197.826,297.826,0.99,4288.43,0.98,204.0,,,,,,,,,0.01,1456.34,0.02,211.0,,,2322.553919,1776403196000
1776403198.045,298.045,0.99,5374.43,0.98,160.0,,,,,,,,,0.01,4288.43,0.02,204.0,,,2322.553919,1776403196000
1776403198.372,298.372,0.99,9932.01,0.98,160.0,,,,,,,,,0.01,9403.47,0.02,160.0,,,2322.47145,1776403197000
1776403198.643,298.643,0.99,11503.01,0.98,160.0,,,,,,,,,0.01,9932.01,0.02,160.0,,,2322.47145,1776403197000
1776403199.547,299.547,0.99,24712.39,0.98,79.0,,,,,,,,,0.01,11503.01,0.02,160.0,,,2322.522248,1776403198000
