timestamp,elapsed_sec,up_bid_p1,up_bid_s1,up_bid_p2,up_bid_s2,up_ask_p1,up_ask_s1,up_ask_p2,up_ask_s2,down_bid_p1,down_bid_s1,down_bid_p2,down_bid_s2,down_ask_p1,down_ask_s1,down_ask_p2,down_ask_s2,up_spread,down_spread,eth_price,eth_oracle_ts
1776339903.523,3.523,0.5,36.05,0.49,12.0,0.51,92.62,0.52,35.0,0.49,36.62,0.46,150.0,0.5,47.55,0.54,150.0,0.01,0.01,2332.830459,1776339901000
1776339903.81,3.81,0.32,10.0,0.31,435.0,0.34,52.5,0.37,92.0,0.49,57.62,0.48,35.0,0.64,5.5,0.69,375.0,0.02,0.15,2332.712055,1776339902000
1776339904.265,4.265,0.33,10.0,0.32,10.0,0.34,42.5,0.35,80.0,0.66,52.5,0.63,92.0,0.68,10.0,0.69,435.0,0.01,0.02,2332.717365,1776339903000
1776339904.728,4.728,0.32,9.19,0.31,452.0,0.34,69.5,0.35,80.0,0.66,42.5,0.65,80.0,0.67,10.0,0.68,10.0,0.02,0.01,2332.717365,1776339903000
1776339905.331,5.331,0.32,18.19,0.31,77.0,0.34,65.35,0.35,80.0,0.66,64.35,0.65,80.0,0.67,10.0,0.68,9.19,0.02,0.01,2332.717365,1776339903000
1776339907.673,7.673,0.33,20.0,0.32,24.19,0.34,57.4,0.36,16.29,0.66,65.35,0.65,80.0,0.68,18.19,0.69,77.0,0.01,0.02,2332.087595,1776339906000
1776339908.952,8.952,0.33,16.0,0.32,28.19,0.34,57.4,0.35,15.0,0.66,57.4,0.64,16.29,0.67,20.0,0.68,24.19,0.01,0.01,2332.068009,1776339907000
1776339910.09,10.09,0.33,37.5,0.32,98.19,0.34,70.12,0.36,11.29,0.66,57.4,0.65,15.0,0.67,16.0,0.68,28.19,0.01,0.01,2332.083988,1776339908000
1776339910.334,10.334,0.33,32.5,0.32,98.19,0.37,63.2,0.38,21.0,0.66,70.12,0.64,11.29,0.67,37.5,0.68,98.19,0.04,0.01,2332.083988,1776339908000
1776339911.253,11.253,0.35,15.88,0.34,30.5,0.36,5.0,0.37,22.5,0.63,63.2,0.62,21.0,0.67,32.5,0.68,98.19,0.01,0.04,2332.128978,1776339910000
1776339911.641,11.641,0.35,57.0,0.34,95.5,0.38,13.85,0.39,10.0,0.63,22.5,0.62,20.5,0.65,57.5,0.66,25.5,0.03,0.02,2332.128978,1776339910000
1776339911.987,11.987,0.37,20.0,0.36,20.0,0.38,22.5,0.39,10.0,0.62,13.85,0.61,10.0,0.65,57.0,0.66,95.5,0.01,0.03,2332.128978,1776339910000
1776339914.465,14.465,0.37,45.0,0.36,30.5,0.38,6.0,0.39,15.5,0.62,22.5,0.61,10.0,0.63,20.0,0.64,20.0,0.01,0.01,2332.229894,1776339913000
1776339916.095,16.095,0.37,73.91,0.36,30.5,0.38,5.0,0.39,22.5,0.62,6.0,0.61,15.5,0.63,45.0,0.64,30.5,0.01,0.01,2332.25091,1776339914000
1776339916.3,16.3,0.37,73.91,0.36,20.5,0.38,5.0,0.39,22.5,0.62,5.0,0.61,22.5,0.63,73.91,0.64,30.5,0.01,0.01,2332.25345,1776339915000
1776339916.528,16.528,0.37,68.91,0.36,25.5,0.39,22.5,0.4,21.5,0.62,5.0,0.61,22.5,0.63,73.91,0.64,20.5,0.02,0.01,2332.25345,1776339915000
1776339917.043,17.043,0.38,26.0,0.37,78.21,0.39,12.93,0.4,38.5,0.61,22.5,0.6,21.5,0.63,56.21,0.64,25.5,0.01,0.02,2332.25345,1776339915000
1776339921.171,21.171,0.39,21.0,0.38,174.0,0.42,8.35,0.46,15.0,0.61,12.93,0.6,38.5,0.62,26.0,0.63,78.21,0.03,0.01,2332.344693,1776339919000
1776339921.373,21.373,0.39,31.0,0.38,106.0,0.42,12.9,0.46,2.49,0.54,12.49,0.53,5.0,0.61,21.0,0.62,174.0,0.03,0.07,2332.344693,1776339919000
1776339921.875,21.875,0.48,16.82,0.47,20.0,0.49,10.0,0.5,5.0,0.49,38.32,0.48,85.0,0.55,83.72,0.56,70.0,0.01,0.06,2332.343441,1776339920000
1776339922.106,22.106,0.48,20.58,0.47,20.0,0.49,5.0,0.5,15.0,0.51,10.0,0.5,5.0,0.52,16.82,0.53,20.0,0.01,0.01,2332.450034,1776339921000
1776339922.846,22.846,0.48,18.32,0.47,20.0,0.49,15.5,0.5,25.5,0.51,15.5,0.5,25.5,0.52,15.19,0.53,20.0,0.01,0.01,2332.450034,1776339921000
1776339923.414,23.414,0.48,18.32,0.47,25.0,0.51,74.16,0.52,85.0,0.51,15.5,0.5,25.5,0.52,18.32,0.53,20.0,0.03,0.01,2332.602291,1776339922000
1776339924.575,24.575,0.49,15.0,0.48,18.32,0.51,72.85,0.52,97.0,0.49,74.16,0.48,85.0,0.52,18.32,0.53,25.0,0.02,0.03,2332.753178,1776339923000
1776339925.265,25.265,0.49,11.09,0.48,18.32,0.51,84.85,0.52,97.0,0.49,72.85,0.48,97.0,0.51,15.0,0.52,18.32,0.02,0.02,2332.753178,1776339923000
1776339926.247,26.247,0.49,11.09,0.48,18.32,0.5,28.0,0.51,106.85,0.49,84.85,0.48,97.0,0.51,11.09,0.52,18.32,0.01,0.02,2332.6667,1776339924000
1776339930.25,30.25,0.49,41.09,0.48,38.82,0.5,14.0,0.51,65.35,0.5,28.0,0.49,106.85,0.51,11.09,0.52,18.32,0.01,0.01,2332.689125,1776339929000
1776339932.076,32.076,0.49,31.09,0.48,33.82,0.5,19.4,0.51,75.35,0.5,14.0,0.49,65.35,0.51,41.09,0.52,38.82,0.01,0.01,2332.69406,1776339930000
1776339932.622,32.622,0.48,7.0,0.45,73.72,0.49,37.5,0.5,67.9,0.5,19.4,0.49,75.35,0.51,31.09,0.52,33.82,0.01,0.01,2332.702455,1776339931000
1776339932.826,32.826,0.38,10.4,0.37,5.0,0.39,20.0,0.4,32.0,0.59,66.28,0.54,31.5,0.63,10.0,0.64,5.0,0.01,0.04,2332.702455,1776339931000
1776339933.865,33.865,0.37,15.5,0.36,25.0,0.38,0.94,0.39,20.0,0.61,39.2,0.6,32.0,0.62,0.3,0.63,5.0,0.01,0.01,2332.826188,1776339932000
1776339934.372,34.372,0.37,24.01,0.36,39.0,0.38,15.0,0.39,25.0,0.62,0.94,0.61,20.0,0.63,15.5,0.64,25.0,0.01,0.01,2332.650457,1776339933000
1776339935.352,35.352,0.37,2.01,0.36,17.0,0.38,15.0,0.39,25.0,0.62,15.0,0.61,25.0,0.63,24.01,0.64,39.0,0.01,0.01,2332.365321,1776339934000
1776339935.818,35.818,0.37,7.51,0.36,17.0,0.38,15.0,0.39,25.0,0.62,15.0,0.61,25.0,0.63,2.01,0.64,17.0,0.01,0.01,2332.365321,1776339934000
1776339939.87,39.87,0.38,41.5,0.37,34.51,0.39,7.43,0.4,5.0,0.62,15.0,0.61,25.0,0.63,7.51,0.64,17.0,0.01,0.01,2332.279911,1776339938000
1776339940.798,40.798,0.38,46.5,0.37,29.51,0.41,81.9,0.42,21.5,0.61,7.43,0.6,5.0,0.62,41.5,0.63,34.51,0.03,0.01,2332.2908,1776339939000
1776339944.68,44.68,0.4,10.0,0.39,42.5,0.41,59.2,0.42,20.5,0.59,66.4,0.58,33.5,0.6,10.0,0.61,37.5,0.01,0.01,2332.328364,1776339943000
1776339945.302,45.302,0.39,7.0,0.37,17.51,0.4,46.5,0.41,144.7,0.59,59.2,0.58,20.5,0.6,10.0,0.61,42.5,0.01,0.01,2332.328364,1776339943000
1776339946.192,46.192,0.38,19.5,0.37,29.51,0.39,5.0,0.4,25.0,0.6,46.5,0.59,144.7,0.61,7.0,0.63,17.51,0.01,0.01,2332.387597,1776339945000
1776339949.709,49.709,0.4,49.5,0.39,50.5,0.41,4.2,0.45,5.0,0.61,5.0,0.6,25.0,0.62,19.5,0.63,29.51,0.01,0.01,2332.30975,1776339948000
1776339950.367,50.367,0.45,24.72,0.44,57.5,0.46,15.5,0.47,27.5,0.57,11.9,0.55,5.76,0.58,25.5,0.59,66.5,0.01,0.01,2332.30975,1776339948000
1776339950.92,50.92,0.45,31.24,0.44,47.0,0.46,15.5,0.47,27.5,0.54,15.5,0.53,27.5,0.55,24.72,0.56,57.5,0.01,0.01,2332.30705,1776339949000
1776339951.875,51.875,0.45,41.42,0.44,143.0,0.47,51.79,0.48,17.0,0.54,15.5,0.53,27.5,0.55,31.24,0.56,47.0,0.02,0.01,2332.316175,1776339950000
1776339953.046,53.046,0.46,39.96,0.45,35.42,0.47,18.79,0.48,17.0,0.53,18.79,0.52,17.0,0.55,46.42,0.56,143.0,0.01,0.02,2332.602444,1776339951000
1776339953.533,53.533,0.46,62.71,0.45,35.42,0.47,24.39,0.48,17.0,0.53,18.79,0.52,17.0,0.54,39.96,0.55,35.42,0.01,0.01,2332.602444,1776339951000
1776339954.339,54.339,0.46,82.91,0.45,30.42,0.48,2.4,0.5,13.4,0.53,0.6,0.52,17.0,0.54,57.71,0.55,30.42,0.02,0.01,2332.644595,1776339952000
1776339955.559,55.559,0.49,54.0,0.48,57.0,0.5,9.66,0.51,129.35,0.52,2.4,0.5,13.4,0.54,82.91,0.55,30.42,0.01,0.02,2332.59961,1776339954000
1776339956.19,56.19,0.49,51.05,0.48,57.0,0.5,38.56,0.51,129.35,0.5,9.66,0.49,129.35,0.51,54.0,0.52,57.0,0.01,0.01,2332.61579,1776339955000
1776339957.024,57.024,0.49,76.52,0.48,62.5,0.5,8.9,0.51,64.85,0.5,38.56,0.49,129.35,0.51,51.05,0.52,57.0,0.01,0.01,2332.61579,1776339955000
1776339957.239,57.239,0.49,76.52,0.48,62.5,0.51,62.85,0.52,30.0,0.5,3.9,0.49,64.85,0.51,76.52,0.52,62.5,0.02,0.01,2332.61579,1776339955000
1776339958.063,58.063,0.5,9.38,0.49,66.52,0.51,54.85,0.52,6.0,0.49,62.85,0.48,30.0,0.51,76.52,0.52,62.5,0.01,0.02,2332.660199,1776339957000
1776339959.731,59.731,0.5,19.38,0.49,77.02,0.51,29.35,0.52,10.5,0.49,54.85,0.48,6.0,0.5,9.38,0.51,66.52,0.01,0.01,2332.743284,1776339958000
1776339959.969,59.969,0.51,57.0,0.5,60.38,0.54,63.33,0.55,70.0,0.48,0.82,0.47,12.0,0.5,94.38,0.51,89.02,0.03,0.02,2332.743284,1776339958000
1776339960.5,60.5,0.53,47.0,0.52,15.0,0.54,56.73,0.55,70.0,0.46,63.33,0.45,70.0,0.49,57.0,0.5,60.38,0.01,0.03,2332.633507,1776339959000
1776339961.152,61.152,0.53,32.93,0.51,25.0,0.54,66.73,0.55,80.0,0.46,56.73,0.45,70.0,0.47,47.0,0.48,15.0,0.01,0.01,2332.633507,1776339959000
1776339961.383,61.383,0.53,8.12,0.51,10.0,0.54,71.73,0.55,10.0,0.46,66.73,0.45,80.0,0.47,13.12,0.49,10.0,0.01,0.01,2332.640148,1776339960000
1776339961.787,61.787,0.46,31.46,0.45,10.0,0.47,4.58,0.48,17.0,0.53,6.5,0.46,76.73,0.54,31.46,0.55,10.0,0.01,0.01,2332.640148,1776339960000
1776339962.271,62.271,0.46,26.46,0.45,22.0,0.47,4.58,0.48,17.0,0.53,4.58,0.52,17.0,0.54,31.46,0.55,10.0,0.01,0.01,2332.659995,1776339961000
1776339962.631,62.631,0.46,21.46,0.45,22.0,0.47,4.58,0.48,27.0,0.53,4.58,0.52,17.0,0.54,26.46,0.55,22.0,0.01,0.01,2332.659995,1776339961000
1776339965.804,65.804,0.46,102.0,0.45,97.0,0.48,12.0,0.52,5.0,0.53,4.58,0.52,27.0,0.54,21.46,0.55,22.0,0.02,0.01,2332.588715,1776339964000
1776339966.4,66.4,0.49,37.5,0.48,30.5,0.52,30.5,0.53,17.68,0.47,0.45,0.46,15.5,0.53,27.5,0.54,95.0,0.03,0.06,2332.62587,1776339965000
1776339970.455,70.455,0.51,10.0,0.5,40.5,0.52,20.5,0.53,22.68,0.48,30.5,0.47,17.68,0.51,37.5,0.52,30.5,0.01,0.03,2332.73052,1776339968000
1776339971.239,71.239,0.51,6.1,0.5,40.5,0.52,25.5,0.53,22.68,0.48,20.5,0.47,22.68,0.49,10.0,0.5,40.5,0.01,0.01,2332.72831,1776339970000
1776339972.134,72.134,0.48,49.71,0.47,102.5,0.52,30.5,0.53,22.68,0.48,25.5,0.47,22.68,0.49,6.1,0.5,40.5,0.04,0.01,2332.72831,1776339970000
1776339973.642,73.642,0.48,133.25,0.47,102.5,0.5,10.0,0.51,27.0,0.48,30.5,0.47,22.68,0.52,49.71,0.53,102.5,0.02,0.04,2332.733186,1776339972000
1776339974.886,74.886,0.48,133.25,0.47,107.5,0.5,2.35,0.51,37.5,0.5,10.0,0.49,27.0,0.52,133.25,0.53,102.5,0.02,0.02,2332.842748,1776339973000
1776339981.44,81.44,0.52,91.16,0.51,87.5,0.54,12.0,0.55,10.5,0.5,2.35,0.49,37.5,0.52,133.25,0.53,107.5,0.02,0.02,2332.72751,1776339980000
1776339982.661,82.661,0.55,94.0,0.54,90.0,0.56,0.5,0.57,12.0,0.45,10.5,0.44,21.0,0.47,21.0,0.48,80.16,0.01,0.02,2332.836098,1776339981000
1776339982.944,82.944,0.55,66.9,0.54,90.0,0.57,12.0,0.59,5.0,0.44,0.5,0.43,12.0,0.45,77.9,0.46,90.0,0.02,0.01,2332.836098,1776339981000
1776339983.995,83.995,0.59,21.0,0.58,30.0,0.6,5.0,0.61,10.5,0.39,6.47,0.38,23.0,0.45,71.9,0.46,90.0,0.01,0.06,2332.77456,1776339982000
1776339985.71,85.71,0.59,78.5,0.58,65.5,0.61,20.41,0.62,40.5,0.4,5.0,0.39,10.5,0.41,21.0,0.42,30.0,0.02,0.01,2332.990085,1776339984000
1776339987.964,87.964,0.6,74.2,0.59,48.5,0.61,7.58,0.62,30.0,0.39,20.41,0.38,40.5,0.41,78.5,0.42,65.5,0.01,0.02,2333.145921,1776339987000
1776339988.629,88.629,0.61,108.41,0.6,55.5,0.62,15.0,0.64,22.5,0.39,7.58,0.38,30.0,0.4,74.2,0.41,48.5,0.01,0.01,2333.145921,1776339987000
1776339989.453,89.453,0.61,73.41,0.6,55.5,0.62,10.0,0.63,5.0,0.38,15.0,0.36,22.5,0.39,108.41,0.4,55.5,0.01,0.01,2333.152359,1776339988000
1776339990.316,90.316,0.61,73.41,0.6,55.5,0.62,10.0,0.64,27.5,0.38,10.0,0.37,5.0,0.39,73.41,0.4,55.5,0.01,0.01,2333.09701,1776339989000
1776339992.353,92.353,0.61,46.57,0.6,23.0,0.62,30.5,0.63,25.5,0.38,10.0,0.36,27.5,0.39,73.41,0.4,55.5,0.01,0.01,2333.13864,1776339991000
1776339993.579,93.579,0.61,37.07,0.6,23.0,0.62,10.0,0.63,20.5,0.38,30.5,0.37,25.5,0.39,36.57,0.4,23.0,0.01,0.01,2333.140285,1776339992000
1776339994.453,94.453,0.61,30.38,0.6,41.0,0.62,10.0,0.63,25.5,0.38,10.0,0.37,20.5,0.39,37.07,0.4,23.0,0.01,0.01,2333.16855,1776339993000
1776339994.889,94.889,0.61,25.38,0.6,41.0,0.62,22.27,0.63,28.5,0.38,10.0,0.37,25.5,0.39,30.38,0.4,41.0,0.01,0.01,2333.16855,1776339993000
1776339995.199,95.199,0.62,28.23,0.61,30.38,0.63,28.5,0.64,32.5,0.38,22.27,0.37,28.5,0.39,25.38,0.4,41.0,0.01,0.01,2333.16855,1776339993000
1776339997.488,97.488,0.62,5.59,0.6,46.0,0.63,33.5,0.64,32.5,0.37,28.5,0.36,32.5,0.38,28.23,0.39,30.38,0.01,0.01,2333.128265,1776339996000
1776339999.324,99.324,0.52,5.0,0.5,5.0,0.56,62.0,0.61,179.5,0.37,33.5,0.36,32.5,0.38,0.59,0.4,46.0,0.04,0.01,2333.09911,1776339998000
1776339999.764,99.764,0.47,6.0,0.46,67.0,0.48,1.35,0.49,22.0,0.44,15.0,0.42,5.0,0.5,10.2,0.52,5.0,0.01,0.06,2333.09911,1776339998000
1776340002.808,102.808,0.49,10.0,0.48,42.5,0.5,10.0,0.51,31.03,0.52,1.35,0.51,22.0,0.53,6.0,0.54,67.0,0.01,0.01,2332.7555,1776340001000
1776340003.44,103.44,0.46,67.5,0.45,15.0,0.5,41.5,0.51,31.03,0.5,10.0,0.49,31.03,0.51,10.0,0.52,42.5,0.04,0.01,2332.7555,1776340001000
1776340005.532,105.532,0.49,20.5,0.48,97.63,0.5,5.0,0.51,31.27,0.5,41.5,0.49,31.03,0.54,67.5,0.55,15.0,0.01,0.04,2332.7459,1776340004000
1776340005.969,105.969,0.51,10.0,0.5,65.5,0.52,21.54,0.53,20.5,0.5,5.0,0.49,31.27,0.51,20.5,0.52,97.63,0.01,0.01,2332.7459,1776340004000
1776340007.491,107.491,0.51,10.0,0.5,17.0,0.52,24.41,0.53,31.3,0.48,21.54,0.47,20.5,0.49,10.0,0.5,65.5,0.01,0.01,2332.773949,1776340006000
1776340007.744,107.744,0.47,32.5,0.46,77.5,0.49,28.0,0.5,60.7,0.48,24.41,0.47,31.3,0.49,10.0,0.5,17.0,0.02,0.01,2332.773949,1776340006000
1776340010.518,110.518,0.48,56.14,0.47,15.5,0.49,11.0,0.5,33.0,0.51,53.0,0.5,41.5,0.53,15.5,0.54,89.5,0.01,0.02,2332.7634,1776340009000
1776340011.183,111.183,0.48,51.14,0.47,15.5,0.49,0.79,0.5,33.0,0.51,11.0,0.5,33.0,0.52,56.14,0.53,15.5,0.01,0.01,2332.7634,1776340009000
1776340012.027,112.027,0.48,43.66,0.47,15.5,0.49,0.79,0.5,28.0,0.51,0.79,0.5,33.0,0.52,51.14,0.53,15.5,0.01,0.01,2332.73628,1776340010000
1776340013.022,113.022,0.5,35.5,0.49,35.5,0.51,2.84,0.52,17.0,0.51,0.79,0.5,28.0,0.52,43.66,0.53,15.5,0.01,0.01,2332.711655,1776340011000
1776340013.534,113.534,0.5,5.0,0.48,12.0,0.51,26.24,0.52,37.5,0.49,2.84,0.48,17.0,0.5,35.5,0.51,35.5,0.01,0.01,2332.740585,1776340012000
1776340017.103,117.103,0.43,22.0,0.42,55.0,0.45,31.27,0.46,60.5,0.51,5.0,0.5,25.5,0.52,12.0,0.53,15.5,0.02,0.01,2332.77085,1776340016000
1776340017.305,117.305,0.42,63.8,0.41,78.5,0.44,15.0,0.45,104.47,0.56,20.0,0.55,104.47,0.57,5.0,0.58,67.0,0.02,0.01,2332.77085,1776340016000
1776340017.973,117.973,0.42,66.8,0.41,100.5,0.43,5.44,0.44,13.0,0.56,15.0,0.55,104.47,0.58,63.8,0.59,78.5,0.01,0.02,2332.77085,1776340016000
1776340018.498,118.498,0.42,185.5,0.41,318.5,0.44,8.0,0.45,28.0,0.57,0.44,0.56,13.0,0.58,65.23,0.59,100.5,0.02,0.01,2332.73485,1776340017000
1776340018.938,118.938,0.44,35.5,0.43,80.5,0.46,17.0,0.47,13.0,0.55,3.94,0.54,18.06,0.56,35.5,0.57,80.5,0.02,0.01,2332.73485,1776340017000
1776340019.281,119.281,0.48,10.0,0.47,67.5,0.49,7.94,0.5,10.5,0.54,12.0,0.53,13.0,0.56,35.5,0.57,80.5,0.01,0.02,2332.6252,1776340018000
1776340021.044,121.044,0.48,18.07,0.47,47.5,0.49,5.0,0.5,68.09,0.51,7.94,0.5,10.5,0.52,10.0,0.53,67.5,0.01,0.01,2332.592681,1776340019000
1776340021.295,121.295,0.48,23.07,0.47,47.5,0.49,48.28,0.5,68.09,0.51,5.0,0.5,68.09,0.52,18.07,0.53,47.5,0.01,0.01,2332.592681,1776340019000
1776340022.66,122.66,0.49,12.84,0.48,23.07,0.5,68.09,0.51,22.5,0.51,43.28,0.5,57.59,0.52,23.07,0.53,47.5,0.01,0.01,2332.7857,1776340021000
1776340023.068,123.068,0.49,152.12,0.48,103.57,0.5,52.59,0.51,12.0,0.5,68.09,0.49,22.5,0.51,12.84,0.52,23.07,0.01,0.01,2332.7857,1776340022000
1776340023.535,123.535,0.49,97.92,0.48,103.57,0.5,39.5,0.51,12.0,0.5,43.5,0.49,12.0,0.51,152.12,0.52,103.57,0.01,0.01,2332.7857,1776340022000
1776340025.602,125.602,0.49,47.92,0.48,93.57,0.5,50.5,0.51,12.0,0.5,39.5,0.49,12.0,0.51,97.92,0.52,103.57,0.01,0.01,2332.875771,1776340024000
1776340027.517,127.517,0.52,40.0,0.51,40.0,0.54,14.58,0.55,30.0,0.5,50.5,0.49,12.0,0.51,47.92,0.52,93.57,0.02,0.01,2332.871343,1776340025000
1776340029.959,129.959,0.53,67.0,0.52,15.0,0.61,39.24,0.62,15.0,0.46,14.58,0.45,30.0,0.48,40.0,0.49,40.0,0.08,0.02,2332.822805,1776340028000
1776340030.872,130.872,0.55,40.22,0.54,10.0,0.56,16.5,0.57,16.0,0.39,39.24,0.38,15.0,0.47,67.0,0.48,15.0,0.01,0.08,2332.857805,1776340029000
1776340035.361,135.361,0.49,5.0,0.47,5.0,0.56,171.5,0.57,24.73,0.44,16.5,0.43,16.0,0.45,40.22,0.46,10.0,0.07,0.01,2332.860695,1776340033000
1776340035.734,135.734,0.46,65.5,0.45,32.5,0.47,41.0,0.48,20.5,0.5,15.0,0.49,10.0,0.54,55.0,0.55,5.0,0.01,0.04,2332.93,1776340034000
1776340036.181,136.181,0.46,5.5,0.45,42.5,0.47,30.36,0.48,31.23,0.53,41.0,0.52,25.5,0.54,5.5,0.55,32.5,0.01,0.01,2332.87259,1776340035000
1776340036.456,136.456,0.46,2.74,0.45,42.5,0.47,35.36,0.48,36.23,0.53,30.36,0.52,31.23,0.54,5.5,0.55,42.5,0.01,0.01,2332.87259,1776340035000
1776340038.629,138.629,0.46,12.74,0.45,79.99,0.47,10.36,0.49,30.0,0.53,35.36,0.52,36.23,0.54,2.74,0.55,42.5,0.01,0.01,2332.67845,1776340036000
1776340039.89,139.89,0.46,17.74,0.45,37.5,0.47,8.23,0.49,30.0,0.53,10.36,0.51,30.0,0.54,12.74,0.55,79.99,0.01,0.01,2332.683978,1776340038000
1776340041.325,141.325,0.49,102.5,0.48,172.5,0.52,18.0,0.55,13.0,0.53,8.23,0.51,30.0,0.54,17.74,0.55,37.5,0.03,0.01,2332.7463,1776340039000
1776340043.653,143.653,0.51,127.08,0.5,95.5,0.55,3.23,0.56,6.0,0.48,18.0,0.45,13.0,0.51,102.5,0.52,172.5,0.04,0.03,2332.75279,1776340042000
1776340043.98,143.98,0.59,27.0,0.57,15.0,0.6,25.5,0.61,64.24,0.39,54.24,0.38,35.0,0.46,5.0,0.48,5.0,0.01,0.07,2332.75279,1776340042000
1776340044.256,144.256,0.59,2.02,0.53,6.0,0.6,52.5,0.61,101.24,0.4,25.5,0.39,64.24,0.41,6.02,0.43,15.0,0.01,0.01,2332.75288,1776340043000
1776340044.671,144.671,0.5,17.0,0.49,15.5,0.52,48.5,0.53,20.0,0.4,59.5,0.39,96.24,0.49,5.0,0.5,5.0,0.02,0.09,2332.75288,1776340043000
1776340045.299,145.299,0.48,21.0,0.47,5.0,0.51,25.0,0.52,48.5,0.48,48.5,0.47,20.0,0.5,17.0,0.51,15.5,0.03,0.02,2332.75288,1776340043000
1776340045.707,145.707,0.48,26.5,0.47,5.0,0.49,15.0,0.5,37.5,0.49,25.0,0.48,48.5,0.52,21.0,0.53,5.0,0.01,0.03,2332.75288,1776340043000
1776340046.007,146.007,0.48,26.5,0.47,5.0,0.49,5.0,0.5,27.0,0.51,15.0,0.5,37.5,0.52,26.5,0.53,5.0,0.01,0.01,2332.825505,1776340044000
1776340046.671,146.671,0.45,18.2,0.44,5.0,0.47,39.7,0.48,37.5,0.51,5.0,0.5,27.0,0.52,26.5,0.53,5.0,0.02,0.01,2332.825505,1776340044000
1776340046.998,146.998,0.43,15.5,0.42,20.5,0.44,10.0,0.45,27.0,0.54,5.0,0.53,57.7,0.59,184.2,0.6,105.0,0.01,0.05,2332.825505,1776340044000
1776340047.517,147.517,0.44,15.5,0.43,15.5,0.45,10.0,0.46,27.0,0.55,27.0,0.54,15.0,0.57,15.5,0.58,20.5,0.01,0.02,2332.77699,1776340045000
1776340049.526,149.526,0.43,20.23,0.42,32.5,0.44,10.0,0.45,15.0,0.55,10.0,0.54,27.0,0.56,15.5,0.57,15.5,0.01,0.01,2332.736867,1776340048000
1776340050.237,150.237,0.43,11.81,0.42,22.0,0.44,44.7,0.45,15.0,0.56,10.0,0.55,15.0,0.57,20.23,0.58,32.5,0.01,0.01,2332.718786,1776340049000
1776340050.77,150.77,0.43,11.81,0.42,78.0,0.44,10.5,0.45,5.0,0.56,44.7,0.55,15.0,0.57,11.81,0.58,22.0,0.01,0.01,2332.718786,1776340049000
1776340051.288,151.288,0.44,15.0,0.43,6.81,0.45,10.5,0.46,37.5,0.56,10.5,0.55,5.0,0.57,11.81,0.58,78.0,0.01,0.01,2332.671854,1776340050000
1776340052.312,152.312,0.44,15.0,0.43,6.81,0.46,24.0,0.47,20.5,0.55,10.5,0.54,37.5,0.56,15.0,0.57,6.81,0.02,0.01,2332.625031,1776340051000
1776340052.638,152.638,0.45,8.18,0.44,27.0,0.46,20.5,0.47,32.5,0.54,24.0,0.53,20.5,0.56,15.0,0.57,6.81,0.01,0.02,2332.625031,1776340051000
1776340054.765,154.765,0.45,8.18,0.44,37.5,0.46,39.31,0.47,22.5,0.54,14.5,0.53,32.5,0.55,8.18,0.56,27.0,0.01,0.01,2332.652224,1776340053000
1776340058.118,158.118,0.45,38.68,0.44,39.5,0.47,10.5,0.48,22.5,0.54,39.31,0.53,22.5,0.55,8.18,0.56,37.5,0.02,0.01,2332.619586,1776340057000
1776340058.539,158.539,0.45,47.81,0.44,39.5,0.47,25.5,0.48,32.5,0.53,10.5,0.52,22.5,0.55,38.68,0.56,39.5,0.02,0.02,2332.619586,1776340057000
1776340059.009,159.009,0.45,7.81,0.44,39.5,0.47,15.5,0.48,32.5,0.53,15.5,0.52,32.5,0.54,5.0,0.55,7.81,0.02,0.01,2332.646405,1776340058000
1776340063.672,163.672,0.49,20.0,0.48,27.0,0.5,10.5,0.51,72.0,0.53,15.5,0.52,32.5,0.56,37.31,0.57,17.31,0.01,0.03,2332.663975,1776340062000
1776340064.19,164.19,0.49,35.0,0.48,27.0,0.5,5.32,0.51,72.0,0.5,10.5,0.49,72.0,0.51,20.0,0.52,27.0,0.01,0.01,2332.663975,1776340062000
1776340064.95,164.95,0.5,10.0,0.49,15.0,0.51,55.0,0.52,10.0,0.5,5.32,0.49,72.0,0.51,35.0,0.52,27.0,0.01,0.01,2332.664,1776340063000
1776340066.523,166.523,0.5,10.0,0.49,15.0,0.51,63.53,0.52,20.0,0.49,55.0,0.48,10.0,0.5,10.0,0.51,15.0,0.01,0.01,2332.7184,1776340065000
1776340067.037,167.037,0.5,79.0,0.49,100.5,0.51,5.0,0.52,15.5,0.49,63.53,0.48,20.0,0.5,10.0,0.51,15.0,0.01,0.01,2332.694352,1776340066000
1776340067.352,167.352,0.51,58.0,0.5,40.0,0.52,20.5,0.53,17.0,0.48,15.5,0.47,17.0,0.5,79.0,0.51,100.5,0.01,0.02,2332.694352,1776340066000
1776340067.625,167.625,0.51,58.91,0.5,40.0,0.52,20.5,0.53,17.0,0.48,20.5,0.47,17.0,0.49,58.0,0.5,40.0,0.01,0.01,2332.694352,1776340066000
1776340067.9,167.9,0.51,53.91,0.5,40.0,0.52,15.5,0.53,17.0,0.48,20.5,0.47,17.0,0.49,58.91,0.5,40.0,0.01,0.01,2332.694352,1776340066000
1776340068.618,168.618,0.6,21.0,0.59,22.0,0.61,6.97,0.62,17.0,0.48,15.5,0.47,17.0,0.49,53.91,0.5,40.0,0.01,0.01,2332.694286,1776340067000
1776340068.904,168.904,0.6,120.54,0.59,23.0,0.67,5.0,0.72,10.0,0.39,1.97,0.33,5.0,0.4,88.34,0.41,10.0,0.07,0.01,2332.694286,1776340067000
1776340069.139,169.139,0.7,17.0,0.69,17.0,0.72,10.0,0.73,10.0,0.28,10.0,0.27,10.0,0.34,10.0,0.35,10.0,0.02,0.06,2332.694286,1776340067000
1776340069.491,169.491,0.7,24.0,0.69,17.0,0.71,13.45,0.72,19.85,0.29,8.45,0.28,10.0,0.3,17.0,0.31,17.0,0.01,0.01,2332.747584,1776340068000
1776340070.432,170.432,0.69,26.0,0.68,10.0,0.71,21.0,0.72,25.85,0.29,13.45,0.28,19.85,0.3,24.0,0.31,29.0,0.02,0.01,2332.77913,1776340069000
1776340071.154,171.154,0.64,16.0,0.63,10.0,0.67,5.0,0.68,16.0,0.3,9.0,0.29,21.0,0.31,16.0,0.33,10.0,0.03,0.01,2333.167154,1776340070000
1776340072.875,172.875,0.64,13.22,0.63,10.0,0.65,10.0,0.66,5.0,0.33,5.0,0.32,16.0,0.36,16.0,0.37,10.0,0.01,0.03,2333.250424,1776340071000
1776340073.427,173.427,0.66,10.0,0.65,10.0,0.67,10.0,0.68,28.0,0.33,10.0,0.32,32.0,0.36,18.22,0.37,10.0,0.01,0.03,2333.13448,1776340072000
1776340082.643,182.643,0.68,20.0,0.67,18.84,0.69,3.5,0.7,26.5,0.33,10.0,0.32,28.0,0.34,10.0,0.35,10.0,0.01,0.01,2333.28235,1776340081000
1776340082.889,182.889,0.68,20.0,0.67,8.84,0.69,13.56,0.7,26.5,0.31,3.5,0.3,26.5,0.32,20.0,0.33,18.84,0.01,0.01,2333.28235,1776340081000
1776340084.046,184.046,0.48,8.57,0.47,5.0,0.49,15.0,0.5,25.0,0.31,13.56,0.3,26.5,0.32,20.0,0.33,8.84,0.01,0.01,2333.28235,1776340082000
1776340084.992,184.992,0.48,0.48,0.47,11.68,0.49,39.71,0.5,22.0,0.51,18.38,0.5,27.0,0.52,0.48,0.53,5.0,0.01,0.01,2333.194766,1776340083000
1776340085.291,185.291,0.48,0.38,0.47,11.68,0.49,44.71,0.5,27.0,0.51,39.71,0.5,22.0,0.52,0.38,0.53,11.68,0.01,0.01,2333.194766,1776340083000
1776340086.332,186.332,0.48,0.38,0.47,11.68,0.49,27.87,0.5,27.0,0.51,44.71,0.5,27.0,0.52,0.38,0.53,11.68,0.01,0.01,2332.86408,1776340085000
1776340087.115,187.115,0.47,0.86,0.42,6.0,0.48,25.0,0.49,27.87,0.51,27.87,0.5,27.0,0.52,0.38,0.53,11.68,0.01,0.01,2332.86408,1776340085000
1776340087.343,187.343,0.43,10.0,0.42,10.0,0.45,12.77,0.46,14.13,0.54,14.13,0.53,15.0,0.57,10.0,0.58,40.0,0.02,0.03,2332.707135,1776340086000
1776340087.748,187.748,0.41,70.0,0.4,65.0,0.42,7.61,0.43,10.0,0.55,22.77,0.54,14.13,0.58,10.0,0.59,70.0,0.01,0.03,2332.707135,1776340086000
1776340088.346,188.346,0.36,14.6,0.35,15.0,0.4,80.0,0.41,15.0,0.58,7.61,0.57,10.0,0.59,70.0,0.6,65.0,0.04,0.01,2332.596318,1776340087000
1776340088.568,188.568,0.39,15.9,0.38,10.0,0.4,99.0,0.41,5.0,0.6,80.0,0.59,15.0,0.64,14.6,0.65,15.0,0.01,0.04,2332.596318,1776340087000
1776340088.778,188.778,0.39,15.9,0.38,86.0,0.5,6.0,0.52,5.0,0.6,19.12,0.58,16.0,0.61,15.9,0.62,86.0,0.11,0.01,2332.596318,1776340087000
1776340089.236,189.236,0.47,44.5,0.46,36.5,0.49,2.75,0.5,16.0,0.5,26.0,0.49,10.0,0.59,22.61,0.6,86.0,0.02,0.09,2332.596318,1776340087000
1776340089.651,189.651,0.49,6.82,0.48,26.5,0.5,16.0,0.51,82.5,0.51,2.75,0.5,16.0,0.53,44.5,0.54,36.5,0.01,0.02,2332.612115,1776340088000
1776340089.852,189.852,0.49,8.82,0.48,31.5,0.51,12.0,0.52,5.0,0.5,16.0,0.49,82.5,0.51,6.82,0.52,26.5,0.02,0.01,2332.612115,1776340088000
1776340090.352,190.352,0.5,20.5,0.49,22.32,0.52,22.0,0.53,10.0,0.49,12.0,0.48,5.0,0.51,8.82,0.52,31.5,0.02,0.02,2332.50592,1776340089000
1776340090.652,190.652,0.5,50.5,0.49,29.32,0.52,58.63,0.53,22.0,0.48,22.0,0.47,10.0,0.5,20.5,0.51,22.32,0.02,0.02,2332.50592,1776340089000
1776340091.35,191.35,0.51,10.5,0.5,44.5,0.52,48.63,0.53,32.5,0.48,58.63,0.47,22.0,0.5,50.5,0.51,29.32,0.01,0.02,2332.55787,1776340090000
1776340091.561,191.561,0.5,32.3,0.49,34.32,0.51,10.0,0.52,48.63,0.48,48.63,0.47,32.5,0.49,0.02,0.5,44.5,0.01,0.01,2332.55787,1776340090000
1776340091.951,191.951,0.5,34.5,0.49,29.32,0.51,0.07,0.52,31.43,0.49,4.0,0.48,31.43,0.5,34.5,0.51,29.32,0.01,0.01,2332.55787,1776340090000
1776340092.51,192.51,0.5,42.3,0.49,29.32,0.52,15.0,0.53,22.0,0.49,0.07,0.48,31.43,0.5,34.5,0.51,29.32,0.02,0.01,2332.55787,1776340090000
1776340092.822,192.822,0.5,37.3,0.49,29.32,0.52,45.73,0.53,22.0,0.48,15.0,0.47,22.0,0.5,37.3,0.51,29.32,0.02,0.02,2332.62947,1776340091000
1776340093.108,193.108,0.51,4.12,0.5,37.3,0.52,45.73,0.53,12.0,0.48,45.73,0.47,12.0,0.5,37.3,0.51,29.32,0.01,0.02,2332.62947,1776340091000
1776340093.725,193.725,0.51,19.2,0.5,52.75,0.53,16.83,0.54,5.0,0.48,35.63,0.47,12.0,0.5,32.75,0.51,29.32,0.02,0.02,2332.633365,1776340092000
1776340093.943,193.943,0.51,4.5,0.5,52.75,0.53,16.83,0.54,5.0,0.47,16.83,0.46,5.0,0.49,6.75,0.5,52.75,0.02,0.02,2332.633365,1776340092000
1776340094.48,194.48,0.5,32.75,0.49,17.32,0.53,16.83,0.54,5.0,0.47,16.83,0.46,5.0,0.49,4.5,0.5,32.75,0.03,0.02,2332.633365,1776340092000
1776340094.981,194.981,0.5,37.87,0.49,17.32,0.51,9.0,0.52,5.0,0.48,5.0,0.46,5.0,0.5,30.55,0.51,17.32,0.01,0.02,2332.72475,1776340093000
1776340095.491,195.491,0.51,7.85,0.5,15.67,0.52,5.0,0.54,5.0,0.48,5.0,0.46,5.0,0.5,35.67,0.51,17.32,0.01,0.02,2332.72475,1776340093000
1776340095.755,195.755,0.51,10.4,0.5,20.26,0.52,5.0,0.54,10.0,0.48,5.0,0.46,5.0,0.5,15.26,0.51,17.32,0.01,0.02,2332.746051,1776340094000
1776340096.476,196.476,0.51,11.5,0.5,85.26,0.52,5.0,0.53,5.0,0.48,5.0,0.47,5.0,0.49,7.75,0.5,85.26,0.01,0.01,2332.746051,1776340094000
1776340096.692,196.692,0.53,9.89,0.52,85.0,0.54,17.0,0.55,63.42,0.46,17.0,0.45,63.42,0.48,10.0,0.49,81.5,0.01,0.02,2332.66428,1776340095000
1776340097.572,197.572,0.53,245.89,0.52,20.0,0.54,11.9,0.65,15.8,0.46,17.0,0.45,63.42,0.47,9.89,0.48,85.0,0.01,0.01,2332.66509,1776340096000
1776340097.786,197.786,0.64,10.0,0.63,15.0,0.66,9.63,0.67,16.3,0.34,16.0,0.33,16.3,0.35,3.17,0.36,10.0,0.02,0.01,2332.66509,1776340096000
1776340098.035,198.035,0.64,6.0,0.56,130.0,0.65,28.67,0.66,15.49,0.34,15.49,0.33,26.3,0.36,16.0,0.37,5.0,0.01,0.02,2332.66509,1776340096000
1776340098.313,198.313,0.59,7.26,0.56,85.0,0.6,20.0,0.61,20.0,0.35,49.0,0.34,20.49,0.41,5.0,0.44,80.0,0.01,0.06,2332.66509,1776340096000
1776340098.62,198.62,0.59,75.0,0.58,5.0,0.6,94.0,0.61,15.0,0.4,20.0,0.39,20.0,0.41,7.26,0.44,85.0,0.01,0.01,2332.780663,1776340097000
1776340099.175,199.175,0.58,37.0,0.55,81.75,0.59,56.62,0.6,35.0,0.4,25.0,0.39,15.0,0.42,5.0,0.45,71.75,0.01,0.02,2332.780663,1776340097000
1776340099.613,199.613,0.58,47.0,0.56,10.0,0.59,10.0,0.6,35.0,0.41,4.07,0.4,35.0,0.42,37.0,0.45,81.75,0.01,0.01,2332.781286,1776340098000
1776340100.03,200.03,0.58,39.28,0.56,10.0,0.59,24.9,0.6,35.0,0.41,10.0,0.4,35.0,0.42,47.0,0.44,10.0,0.01,0.01,2332.781286,1776340098000
1776340100.42,200.42,0.56,10.0,0.55,81.75,0.59,24.9,0.6,35.0,0.41,24.9,0.4,35.0,0.42,26.3,0.44,10.0,0.03,0.01,2332.947104,1776340099000
1776340100.908,200.908,0.58,20.42,0.57,22.0,0.59,24.9,0.6,35.0,0.41,24.9,0.4,35.0,0.44,10.0,0.45,81.75,0.01,0.03,2332.947104,1776340099000
1776340102.017,202.017,0.57,31.76,0.56,10.0,0.59,24.9,0.6,35.0,0.41,24.9,0.4,35.0,0.43,22.0,0.44,10.0,0.02,0.02,2332.912265,1776340100000
1776340102.734,202.734,0.55,19.14,0.54,26.5,0.57,10.0,0.58,49.0,0.41,24.9,0.4,35.0,0.43,31.76,0.44,10.0,0.02,0.02,2332.912265,1776340101000
1776340103.212,203.212,0.55,17.05,0.54,26.5,0.56,10.0,0.57,6.84,0.43,21.84,0.42,15.0,0.45,34.14,0.46,26.5,0.01,0.02,2332.912265,1776340101000
1776340103.463,203.463,0.55,17.05,0.54,26.5,0.56,5.55,0.57,11.84,0.44,10.0,0.43,6.84,0.45,22.05,0.46,26.5,0.01,0.01,2332.912265,1776340101000
1776340103.927,203.927,0.56,10.0,0.55,17.05,0.57,11.84,0.58,20.0,0.44,5.55,0.43,11.84,0.45,17.05,0.46,26.5,0.01,0.01,2332.91024,1776340102000
1776340104.406,204.406,0.56,30.0,0.55,10.0,0.57,6.5,0.58,20.0,0.43,11.84,0.42,20.0,0.44,10.0,0.45,17.05,0.01,0.01,2332.914925,1776340103000
1776340104.868,204.868,0.56,118.2,0.55,10.0,0.57,4.9,0.6,20.0,0.43,6.5,0.42,20.0,0.44,30.0,0.45,10.0,0.01,0.01,2332.914925,1776340103000
1776340105.344,205.344,0.65,30.0,0.64,27.0,0.66,58.76,0.67,11.29,0.34,44.76,0.31,20.5,0.35,10.0,0.36,10.0,0.01,0.01,2332.89641,1776340104000
1776340105.998,205.998,0.65,30.0,0.64,85.0,0.66,52.76,0.67,11.29,0.34,52.76,0.33,11.29,0.35,30.0,0.36,27.0,0.01,0.01,2332.89641,1776340104000
1776340106.474,206.474,0.62,11.9,0.54,30.5,0.63,10.0,0.64,296.62,0.34,52.76,0.33,11.29,0.35,30.0,0.36,85.0,0.01,0.01,2332.89641,1776340104000
1776340106.761,206.761,0.41,12.61,0.4,20.0,0.43,7.04,0.44,10.0,0.5,10.0,0.49,65.0,0.56,41.27,0.57,5.0,0.02,0.06,2332.92,1776340105000
1776340106.969,206.969,0.39,84.01,0.38,90.3,0.42,30.0,0.43,12.04,0.58,20.0,0.57,12.04,0.59,5.83,0.6,20.0,0.03,0.01,2332.92,1776340105000
1776340108.106,208.106,0.41,20.0,0.39,44.01,0.42,28.77,0.43,5.0,0.58,30.0,0.57,12.04,0.59,20.0,0.61,84.01,0.01,0.01,2333.204615,1776340106000
1776340108.384,208.384,0.38,15.3,0.36,15.6,0.41,5.0,0.42,28.77,0.58,28.77,0.57,5.0,0.61,6.94,0.62,15.3,0.03,0.03,2333.1506,1776340107000
1776340108.661,208.661,0.39,5.0,0.38,7.61,0.42,19.77,0.43,5.0,0.59,5.0,0.58,19.77,0.62,7.61,0.64,15.6,0.03,0.03,2333.1506,1776340107000
1776340109.34,209.34,0.39,3.36,0.38,7.61,0.4,10.0,0.41,96.0,0.59,5.0,0.58,19.77,0.61,5.0,0.62,7.61,0.01,0.02,2332.579315,1776340108000
1776340109.666,209.666,0.38,3.88,0.36,15.6,0.41,56.97,0.42,21.0,0.59,56.97,0.58,29.77,0.61,3.36,0.62,7.61,0.03,0.02,2332.579315,1776340108000
1776340110.244,210.244,0.39,8.96,0.38,8.88,0.41,4.9,0.51,50.0,0.59,5.0,0.58,26.0,0.61,8.96,0.62,3.88,0.02,0.02,2332.372256,1776340109000
1776340111.118,211.118,0.39,143.96,0.38,73.88,0.5,6.0,0.51,50.0,0.59,4.9,0.49,50.0,0.61,8.96,0.62,8.88,0.11,0.02,2332.372256,1776340109000
1776340111.637,211.637,0.41,38.03,0.4,10.0,0.55,5.0,0.56,78.8,0.59,5.0,0.53,30.0,0.6,5.0,0.61,143.96,0.14,0.01,2332.40401,1776340110000
1776340111.887,211.887,0.41,2.36,0.4,10.0,0.55,5.0,0.56,84.8,0.45,5.0,0.44,84.8,0.58,5.0,0.59,25.74,0.14,0.13,2332.40401,1776340110000
1776340112.423,212.423,0.5,10.0,0.49,10.0,0.51,45.19,0.52,30.0,0.45,5.0,0.44,84.8,0.55,64.54,0.59,2.36,0.01,0.1,2332.44185,1776340111000
1776340112.734,212.734,0.51,4.95,0.5,10.0,0.52,30.0,0.54,7.0,0.49,45.19,0.48,30.0,0.5,10.0,0.51,10.0,0.01,0.01,2332.44185,1776340111000
1776340113.32,213.32,0.53,27.07,0.52,10.0,0.54,25.56,0.55,10.0,0.46,25.56,0.45,10.0,0.47,10.0,0.48,10.0,0.01,0.01,2332.530715,1776340112000
1776340113.574,213.574,0.52,78.61,0.51,144.95,0.54,21.99,0.55,64.71,0.46,21.99,0.44,63.8,0.47,2.48,0.48,80.0,0.02,0.01,2332.530715,1776340112000
1776340113.835,213.835,0.52,65.86,0.51,144.95,0.53,15.66,0.54,26.99,0.46,21.99,0.45,64.71,0.48,74.86,0.49,144.95,0.01,0.02,2332.530715,1776340112000
1776340114.233,214.233,0.52,53.36,0.51,163.95,0.54,33.99,0.56,63.8,0.47,15.66,0.46,26.99,0.48,53.36,0.49,144.95,0.02,0.01,2332.530715,1776340112000
1776340116.039,216.039,0.55,10.0,0.54,10.0,0.56,1.47,0.57,12.0,0.46,11.99,0.44,13.8,0.47,10.0,0.48,63.36,0.01,0.01,2332.607341,1776340114000
1776340117.0,217.0,0.6,10.0,0.59,20.16,0.61,34.31,0.62,15.3,0.39,12.0,0.38,15.3,0.43,10.51,0.44,10.0,0.01,0.04,2332.7736,1776340115000
1776340117.611,217.611,0.6,25.0,0.59,20.16,0.61,35.52,0.65,15.8,0.39,34.31,0.38,15.3,0.4,5.0,0.41,20.16,0.01,0.01,2332.808084,1776340116000
1776340117.959,217.959,0.6,27.25,0.59,20.16,0.61,35.52,0.64,10.0,0.39,35.52,0.35,15.8,0.4,25.0,0.41,20.16,0.01,0.01,2332.905247,1776340117000
1776340118.649,218.649,0.6,12.92,0.59,20.16,0.61,41.86,0.64,10.0,0.39,35.52,0.36,10.0,0.4,15.67,0.41,20.16,0.01,0.01,2332.905247,1776340117000
1776340118.86,218.86,0.59,20.16,0.58,10.0,0.61,34.26,0.64,10.0,0.39,41.86,0.36,10.0,0.4,2.92,0.41,20.16,0.02,0.01,2332.905247,1776340117000
1776340119.212,219.212,0.59,15.16,0.58,10.0,0.61,6.21,0.64,10.0,0.39,34.26,0.36,10.0,0.41,15.16,0.42,10.0,0.02,0.02,2332.870613,1776340118000
1776340122.417,222.417,0.6,11.65,0.59,24.16,0.61,16.21,0.62,10.0,0.39,6.21,0.36,10.0,0.41,15.16,0.42,10.0,0.01,0.02,2332.835939,1776340120000
1776340122.831,222.831,0.6,6.65,0.59,34.16,0.62,10.0,0.63,10.0,0.39,16.21,0.38,10.0,0.4,11.65,0.41,24.16,0.02,0.01,2332.919144,1776340121000
1776340123.502,223.502,0.6,16.65,0.59,35.68,0.61,8.36,0.62,10.0,0.38,10.0,0.37,10.0,0.4,6.65,0.41,34.16,0.01,0.02,2332.95885,1776340122000
1776340123.733,223.733,0.61,10.43,0.6,6.65,0.62,10.0,0.63,10.0,0.38,10.0,0.37,10.0,0.39,16.46,0.4,6.65,0.01,0.01,2332.95885,1776340122000
1776340124.115,224.115,0.5,5.0,0.49,5.0,0.61,10.0,0.62,120.0,0.38,10.0,0.37,10.0,0.39,10.43,0.4,6.65,0.11,0.01,2332.95885,1776340122000
1776340124.426,224.426,0.48,5.57,0.43,5.0,0.49,86.0,0.5,10.0,0.49,166.0,0.48,17.98,0.52,21.19,0.58,26.0,0.01,0.03,2332.95885,1776340122000
1776340125.026,225.026,0.48,0.57,0.47,8.13,0.49,91.41,0.5,27.0,0.51,73.43,0.5,10.0,0.52,5.57,0.57,5.0,0.01,0.01,2332.88808,1776340123000
1776340125.267,225.267,0.47,0.23,0.43,5.0,0.49,88.41,0.5,27.0,0.51,72.41,0.5,27.0,0.52,0.57,0.53,8.13,0.02,0.01,2332.88808,1776340123000
1776340125.796,225.796,0.4,110.0,0.39,10.0,0.44,10.0,0.45,10.0,0.51,88.41,0.5,27.0,0.53,0.23,0.57,5.0,0.04,0.02,2332.909105,1776340124000
1776340126.596,226.596,0.4,134.0,0.39,22.0,0.41,5.0,0.42,12.0,0.56,10.0,0.55,10.0,0.6,110.0,0.61,10.0,0.01,0.04,2332.72502,1776340125000
1776340127.892,227.892,0.42,18.62,0.41,104.0,0.43,15.0,0.44,20.64,0.59,5.0,0.58,12.0,0.6,134.0,0.61,22.0,0.01,0.01,2332.65279,1776340126000
1776340128.296,228.296,0.42,9.56,0.41,104.0,0.43,10.0,0.44,10.0,0.57,15.0,0.56,20.64,0.58,9.56,0.59,104.0,0.01,0.01,2332.65279,1776340126000
1776340128.827,228.827,0.41,4.1,0.38,8.88,0.42,20.0,0.43,10.0,0.57,10.0,0.56,10.0,0.58,9.56,0.59,104.0,0.01,0.01,2332.564704,1776340127000
1776340129.319,229.319,0.38,0.81,0.35,5.0,0.39,91.0,0.4,15.0,0.58,25.0,0.57,10.0,0.62,8.88,0.64,15.6,0.01,0.04,2332.564704,1776340127000
1776340129.835,229.835,0.53,18.0,0.52,17.0,0.54,5.0,0.55,24.5,0.61,69.0,0.58,10.0,0.62,5.07,0.63,15.0,0.01,0.01,2332.563903,1776340128000
1776340130.08,230.08,0.53,6.72,0.52,17.0,0.55,24.5,0.56,92.6,0.45,24.5,0.44,92.6,0.47,3.0,0.48,17.0,0.02,0.02,2332.563903,1776340128000
1776340130.314,230.314,0.54,5.0,0.53,5.0,0.56,34.57,0.57,36.7,0.45,24.5,0.44,92.6,0.47,6.72,0.48,17.0,0.02,0.02,2332.562802,1776340129000
1776340130.555,230.555,0.54,9.9,0.52,7.0,0.55,91.8,0.56,84.57,0.44,34.57,0.43,36.7,0.46,5.0,0.47,5.0,0.01,0.02,2332.562802,1776340129000
1776340130.866,230.866,0.45,1.65,0.44,5.0,0.47,15.0,0.48,10.0,0.45,162.36,0.44,84.57,0.54,7.0,0.55,12.0,0.02,0.09,2332.562802,1776340129000
1776340131.375,231.375,0.43,0.85,0.42,5.0,0.46,20.0,0.47,15.0,0.53,15.0,0.52,10.0,0.55,1.65,0.56,5.0,0.03,0.02,2332.562802,1776340129000
1776340132.063,232.063,0.41,50.89,0.4,43.0,0.42,15.0,0.43,10.0,0.54,20.0,0.53,15.0,0.57,0.85,0.58,5.0,0.01,0.03,2332.60221,1776340130000
1776340132.945,232.945,0.41,19.0,0.4,35.0,0.42,20.87,0.43,10.0,0.58,15.0,0.57,10.0,0.59,7.0,0.6,48.0,0.01,0.01,2332.669615,1776340131000
1776340133.501,233.501,0.41,29.0,0.4,45.0,0.42,7.11,0.43,10.0,0.58,20.87,0.57,10.0,0.59,19.0,0.6,35.0,0.01,0.01,2332.76291,1776340132000
1776340134.805,234.805,0.41,49.0,0.4,127.0,0.42,5.07,0.45,12.0,0.57,5.31,0.56,10.0,0.59,34.0,0.6,45.0,0.01,0.02,2332.7176,1776340133000
1776340136.16,236.16,0.41,22.0,0.4,57.0,0.42,0.07,0.45,12.0,0.58,5.07,0.55,12.0,0.59,49.0,0.6,127.0,0.01,0.01,2332.7176,1776340134000
1776340136.539,236.539,0.46,0.93,0.45,10.0,0.47,8.0,0.48,10.0,0.55,7.07,0.53,8.0,0.59,27.0,0.6,57.0,0.01,0.04,2332.7176,1776340134000
1776340137.338,237.338,0.45,10.0,0.44,10.0,0.47,28.0,0.48,10.0,0.53,8.0,0.52,10.0,0.54,0.93,0.55,10.0,0.02,0.01,2332.647585,1776340135000
1776340137.665,237.665,0.45,20.18,0.44,10.0,0.46,17.82,0.47,30.0,0.53,28.0,0.52,10.0,0.55,8.18,0.56,10.0,0.01,0.02,2332.647705,1776340136000
1776340138.115,238.115,0.45,25.18,0.44,10.0,0.46,20.0,0.47,25.0,0.54,17.82,0.53,30.0,0.55,20.18,0.56,10.0,0.01,0.01,2332.80765,1776340137000
1776340139.98,239.98,0.46,10.0,0.45,25.18,0.47,2.78,0.48,11.45,0.54,10.0,0.53,25.0,0.55,25.18,0.56,15.0,0.01,0.01,2332.80765,1776340137000
1776340140.183,240.183,0.45,15.18,0.44,10.0,0.47,2.78,0.48,11.45,0.53,2.78,0.52,11.45,0.54,10.0,0.55,25.18,0.02,0.01,2332.664235,1776340138000
1776340142.708,242.708,0.46,10.0,0.45,27.0,0.47,0.23,0.48,21.45,0.53,2.78,0.52,11.45,0.55,15.18,0.56,10.0,0.01,0.02,2332.80765,1776340141000
1776340142.999,242.999,0.46,5.01,0.45,27.0,0.48,10.0,0.49,27.0,0.53,0.23,0.52,21.45,0.54,10.0,0.55,27.0,0.02,0.01,2332.80765,1776340141000
1776340144.236,244.236,0.47,0.3,0.46,20.01,0.48,15.0,0.49,22.0,0.52,10.0,0.51,27.0,0.54,5.01,0.55,27.0,0.01,0.02,2332.681665,1776340143000
1776340146.233,246.233,0.45,7.01,0.44,5.0,0.47,20.0,0.48,15.0,0.52,15.0,0.51,22.0,0.53,0.3,0.54,20.01,0.02,0.01,2332.79765,1776340145000
1776340146.582,246.582,0.43,9.03,0.42,80.0,0.46,5.0,0.51,6.0,0.54,10.0,0.53,20.0,0.56,5.0,0.57,5.0,0.03,0.02,2332.79765,1776340145000
1776340146.789,246.789,0.53,10.0,0.52,15.0,0.55,65.09,0.56,59.97,0.45,76.0,0.44,59.97,0.48,10.0,0.49,21.09,0.02,0.03,2332.79765,1776340145000
1776340147.33,247.33,0.61,20.0,0.6,42.0,0.66,32.76,0.67,10.0,0.41,10.0,0.4,15.0,0.46,15.0,0.47,21.53,0.05,0.05,2332.79765,1776340145000
1776340149.007,249.007,0.65,20.0,0.64,28.98,0.68,5.0,0.69,47.8,0.34,32.76,0.33,10.0,0.37,6.62,0.38,10.0,0.03,0.03,2332.7477,1776340147000
1776340149.42,249.42,0.67,1.45,0.66,27.0,0.68,27.0,0.69,26.8,0.32,5.0,0.31,47.8,0.35,20.0,0.36,28.98,0.01,0.03,2332.829255,1776340148000
1776340150.777,250.777,0.67,21.45,0.66,82.0,0.69,16.8,0.7,17.1,0.32,27.0,0.31,26.8,0.33,1.45,0.34,27.0,0.02,0.01,2332.907845,1776340149000
1776340151.262,251.262,0.71,38.0,0.7,20.0,0.73,10.0,0.74,15.0,0.28,17.89,0.27,5.0,0.31,10.0,0.32,49.0,0.02,0.03,2333.0626,1776340150000
1776340151.512,251.512,0.71,33.0,0.7,20.0,0.73,10.0,0.74,15.0,0.27,10.0,0.26,15.0,0.29,38.0,0.3,20.0,0.02,0.02,2333.0626,1776340150000
1776340151.834,251.834,0.72,10.0,0.71,33.0,0.75,15.0,0.76,31.0,0.27,10.0,0.26,15.0,0.29,33.0,0.3,20.0,0.03,0.02,2333.0626,1776340150000
1776340152.152,252.152,0.73,24.2,0.72,10.0,0.74,3.75,0.75,10.0,0.25,15.0,0.24,31.0,0.28,10.0,0.29,33.0,0.01,0.03,2333.0626,1776340150000
1776340152.483,252.483,0.71,31.0,0.7,32.0,0.73,3.86,0.74,10.0,0.26,3.75,0.25,10.0,0.27,5.0,0.28,9.46,0.02,0.01,2332.95267,1776340151000
1776340152.695,252.695,0.71,26.0,0.7,20.0,0.74,2.72,0.75,18.0,0.28,7.11,0.27,3.86,0.29,21.0,0.3,32.0,0.03,0.01,2332.95267,1776340151000
1776340153.644,253.644,0.73,15.0,0.72,22.0,0.74,3.91,0.75,18.0,0.26,7.72,0.25,18.0,0.28,27.0,0.29,21.0,0.01,0.02,2333.004495,1776340152000
1776340154.53,254.53,0.73,15.0,0.72,22.0,0.75,23.0,0.76,37.94,0.26,3.91,0.25,18.0,0.27,15.0,0.28,22.0,0.02,0.01,2333.06363,1776340153000
1776340154.824,254.824,0.74,22.0,0.72,10.0,0.75,11.8,0.76,31.0,0.25,23.0,0.24,37.94,0.27,15.0,0.28,22.0,0.01,0.02,2333.06363,1776340153000
1776340155.036,255.036,0.72,10.0,0.71,31.0,0.75,36.99,0.76,31.0,0.25,11.8,0.24,31.0,0.26,22.0,0.28,10.0,0.03,0.01,2333.084145,1776340154000
1776340155.839,255.839,0.74,10.0,0.73,22.0,0.75,5.0,0.76,31.0,0.25,36.99,0.24,31.0,0.28,10.0,0.29,31.0,0.01,0.03,2333.084145,1776340154000
1776340156.978,256.978,0.75,41.53,0.74,10.0,0.77,34.74,0.78,71.0,0.24,4.86,0.23,52.0,0.26,15.0,0.27,22.0,0.02,0.02,2333.149547,1776340155000
1776340157.252,257.252,0.75,22.53,0.74,10.0,0.76,15.0,0.77,34.74,0.23,34.74,0.22,71.0,0.25,41.53,0.26,10.0,0.01,0.02,2333.060825,1776340156000
1776340157.927,257.927,0.75,22.53,0.74,10.0,0.76,22.0,0.77,39.74,0.24,15.0,0.23,34.74,0.25,22.53,0.26,10.0,0.01,0.01,2333.060825,1776340156000
1776340158.603,258.603,0.75,22.53,0.74,10.0,0.76,28.68,0.77,39.74,0.24,11.81,0.23,39.74,0.25,22.53,0.26,10.0,0.01,0.01,2333.0506,1776340157000
1776340158.833,258.833,0.75,16.53,0.74,10.0,0.76,18.68,0.77,39.74,0.24,28.68,0.23,39.74,0.25,22.53,0.26,10.0,0.01,0.01,2333.0506,1776340157000
1776340159.058,259.058,0.75,21.73,0.74,10.0,0.76,25.68,0.77,39.74,0.24,18.68,0.23,39.74,0.25,10.53,0.26,10.0,0.01,0.01,2333.0506,1776340157000
1776340160.112,260.112,0.74,10.0,0.73,19.85,0.76,13.81,0.77,40.74,0.24,20.49,0.23,39.74,0.25,21.73,0.26,10.0,0.02,0.01,2333.052265,1776340159000
1776340160.69,260.69,0.56,50.0,0.54,10.0,0.57,30.27,0.58,36.0,0.24,13.81,0.23,40.74,0.26,10.0,0.27,19.85,0.01,0.02,2333.052265,1776340159000
1776340161.105,261.105,0.56,29.52,0.55,21.99,0.57,8.41,0.58,26.0,0.43,25.27,0.42,36.0,0.44,24.52,0.46,10.0,0.01,0.01,2333.052265,1776340159000
1776340161.353,261.353,0.59,5.31,0.58,15.0,0.6,12.0,0.62,7.0,0.43,8.41,0.42,26.0,0.44,29.52,0.45,21.99,0.01,0.01,2333.040725,1776340160000
1776340161.88,261.88,0.64,15.0,0.63,31.5,0.71,50.0,0.72,6.0,0.4,12.0,0.38,7.0,0.41,5.52,0.42,15.0,0.07,0.01,2333.040725,1776340160000
1776340162.171,262.171,0.7,20.0,0.69,16.54,0.71,48.59,0.72,18.0,0.29,50.0,0.28,6.0,0.31,0.32,0.32,10.0,0.01,0.02,2332.976425,1776340161000
1776340162.687,262.687,0.71,17.0,0.7,16.66,0.73,22.0,0.74,10.0,0.29,10.0,0.28,18.0,0.3,16.66,0.31,16.54,0.02,0.01,2332.976425,1776340161000
1776340163.175,263.175,0.71,5.0,0.7,23.66,0.72,13.61,0.73,10.0,0.26,8.17,0.25,27.41,0.29,5.0,0.3,23.66,0.01,0.03,2332.976425,1776340161000
1776340164.177,264.177,0.71,5.0,0.7,11.66,0.73,7.25,0.74,8.17,0.28,13.61,0.27,10.0,0.29,5.0,0.3,23.66,0.02,0.01,2332.968427,1776340163000
1776340165.184,265.184,0.73,20.0,0.72,15.0,0.74,5.74,0.75,22.0,0.26,7.1,0.25,10.0,0.29,23.63,0.3,11.66,0.01,0.03,2332.97072,1776340164000
1776340165.496,265.496,0.73,20.0,0.72,15.0,0.74,4.38,0.75,22.0,0.26,5.74,0.25,22.0,0.27,20.0,0.28,15.0,0.01,0.01,2332.97072,1776340164000
1776340165.852,265.852,0.73,20.0,0.72,15.0,0.74,5.99,0.75,12.0,0.26,3.02,0.25,12.0,0.27,15.0,0.28,15.0,0.01,0.01,2332.97072,1776340164000
1776340166.201,266.201,0.73,20.0,0.72,15.0,0.75,10.07,0.76,7.0,0.26,5.99,0.25,12.0,0.27,20.0,0.28,15.0,0.02,0.01,2332.97072,1776340164000
1776340167.518,267.518,0.75,25.47,0.74,21.0,0.78,30.74,0.79,40.0,0.25,10.07,0.24,7.0,0.27,20.0,0.28,15.0,0.03,0.02,2332.975245,1776340165000
1776340168.096,268.096,0.77,27.0,0.76,70.43,0.78,2.31,0.79,63.99,0.22,30.74,0.21,40.0,0.25,25.47,0.26,21.0,0.01,0.03,2333.00658,1776340166000
1776340168.74,268.74,0.78,15.0,0.77,27.0,0.79,54.54,0.8,28.03,0.22,2.31,0.21,63.99,0.23,27.0,0.24,70.43,0.01,0.01,2333.100249,1776340167000
1776340169.246,269.246,0.78,20.0,0.77,27.0,0.79,36.46,0.8,28.03,0.21,54.54,0.2,28.03,0.22,15.0,0.23,27.0,0.01,0.01,2333.100249,1776340167000
1776340169.663,269.663,0.78,15.0,0.77,27.0,0.79,17.85,0.8,28.03,0.21,36.46,0.2,28.03,0.22,20.0,0.23,27.0,0.01,0.01,2333.026345,1776340168000
1776340170.034,270.034,0.78,15.0,0.77,27.0,0.79,7.58,0.8,18.03,0.21,17.85,0.2,28.03,0.22,15.0,0.23,27.0,0.01,0.01,2333.026345,1776340168000
1776340170.314,270.314,0.79,42.0,0.78,35.0,0.82,57.0,0.83,13.0,0.21,7.58,0.2,18.03,0.22,15.0,0.23,27.0,0.03,0.01,2333.02631,1776340169000
1776340170.668,270.668,0.82,15.0,0.81,32.0,0.84,25.99,0.85,30.0,0.18,28.7,0.17,21.0,0.19,37.0,0.2,10.0,0.02,0.01,2333.02631,1776340169000
1776340171.295,271.295,0.83,17.0,0.82,15.0,0.84,13.95,0.85,58.0,0.16,24.79,0.15,58.0,0.17,17.0,0.18,15.0,0.01,0.01,2333.02631,1776340169000
1776340171.742,271.742,0.88,20.0,0.87,66.0,0.89,34.76,0.9,122.99,0.15,1.75,0.14,33.0,0.16,33.94,0.17,22.0,0.01,0.01,2333.024035,1776340170000
1776340172.168,272.168,0.87,2.92,0.86,15.0,0.89,49.34,0.9,120.0,0.11,31.38,0.1,122.99,0.12,20.0,0.13,66.0,0.02,0.01,2333.029035,1776340171000
1776340172.584,272.584,0.85,7.0,0.84,38.94,0.88,25.0,0.89,46.38,0.11,49.34,0.1,120.0,0.13,2.92,0.14,15.0,0.03,0.02,2333.029035,1776340171000
1776340172.862,272.862,0.84,38.94,0.83,10.0,0.86,26.12,0.87,15.0,0.12,25.0,0.11,46.38,0.15,7.0,0.16,38.94,0.02,0.03,2333.029035,1776340171000
1776340173.085,273.085,0.84,43.94,0.83,10.0,0.85,6.47,0.86,21.12,0.14,26.12,0.13,15.0,0.16,38.94,0.17,10.0,0.01,0.02,2333.07537,1776340172000
1776340173.326,273.326,0.85,10.0,0.84,50.94,0.87,12.72,0.88,15.0,0.12,15.0,0.11,41.38,0.16,38.94,0.17,10.0,0.02,0.04,2333.07537,1776340172000
1776340174.553,274.553,0.87,16.0,0.86,20.11,0.89,44.13,0.9,104.96,0.12,10.0,0.11,46.38,0.14,8.11,0.15,10.0,0.02,0.02,2333.133595,1776340173000
1776340174.882,274.882,0.86,20.11,0.85,10.0,0.89,44.13,0.9,104.96,0.11,44.13,0.1,104.96,0.13,16.0,0.14,20.11,0.03,0.02,2333.133595,1776340173000
1776340175.229,275.229,0.86,25.11,0.85,10.0,0.89,13.65,0.9,34.96,0.11,44.13,0.1,104.96,0.14,20.11,0.15,10.0,0.03,0.03,2333.218218,1776340174000
1776340175.898,275.898,0.87,10.0,0.86,20.11,0.88,3.32,0.89,12.25,0.11,12.25,0.1,34.96,0.14,25.11,0.15,10.0,0.01,0.03,2333.218218,1776340174000
1776340177.009,277.009,0.88,15.0,0.87,22.0,0.89,11.62,0.9,25.0,0.11,6.74,0.1,25.0,0.12,10.0,0.13,15.0,0.01,0.01,2333.144415,1776340175000
1776340177.424,277.424,0.89,20.0,0.88,19.61,0.9,23.88,0.91,63.5,0.11,11.62,0.1,25.0,0.12,15.0,0.13,22.0,0.01,0.01,2333.217447,1776340176000
1776340177.669,277.669,0.89,15.0,0.88,19.61,0.9,22.76,0.91,44.5,0.1,23.88,0.09,63.5,0.11,20.0,0.12,19.61,0.01,0.01,2333.217447,1776340176000
1776340178.106,278.106,0.89,15.0,0.88,19.61,0.9,16.09,0.91,44.5,0.1,21.64,0.09,44.5,0.11,20.0,0.12,19.61,0.01,0.01,2333.218758,1776340177000
1776340178.422,278.422,0.89,20.0,0.88,19.61,0.9,4.97,0.91,44.5,0.1,16.09,0.09,44.5,0.11,15.0,0.12,19.61,0.01,0.01,2333.218758,1776340177000
1776340179.758,279.758,0.9,15.0,0.89,25.0,0.91,13.04,0.92,160.96,0.1,4.97,0.09,44.5,0.11,20.0,0.12,19.61,0.01,0.01,2333.147035,1776340178000
1776340180.042,280.042,0.89,25.0,0.88,19.61,0.9,15.0,0.91,13.04,0.09,13.04,0.08,160.96,0.1,15.0,0.11,25.0,0.01,0.01,2333.147035,1776340178000
1776340181.306,281.306,0.9,15.0,0.89,25.0,0.92,122.0,0.93,24.0,0.09,0.9,0.08,146.96,0.11,30.0,0.12,19.61,0.02,0.02,2333.158745,1776340180000
1776340181.957,281.957,0.91,40.0,0.9,22.0,0.92,112.42,0.93,24.0,0.08,122.0,0.07,24.0,0.1,15.0,0.11,25.0,0.01,0.02,2333.158745,1776340180000
1776340182.178,282.178,0.91,45.0,0.9,22.0,0.92,80.11,0.93,24.0,0.08,90.42,0.07,24.0,0.09,40.0,0.1,22.0,0.01,0.01,2333.158745,1776340180000
1776340182.919,282.919,0.91,98.88,0.9,22.0,0.92,80.11,0.93,14.0,0.08,80.11,0.07,24.0,0.09,45.0,0.1,22.0,0.01,0.01,2333.239128,1776340181000
1776340183.604,283.604,0.91,78.88,0.9,22.0,0.92,75.11,0.93,14.0,0.08,80.11,0.07,14.0,0.09,98.88,0.1,22.0,0.01,0.01,2333.160605,1776340182000
1776340184.381,284.381,0.91,83.88,0.9,22.0,0.92,70.12,0.93,14.0,0.08,75.11,0.07,14.0,0.09,78.88,0.1,22.0,0.01,0.01,2333.16589,1776340183000
1776340185.124,285.124,0.91,216.53,0.9,52.0,0.92,1.58,0.93,14.0,0.08,13.04,0.07,14.0,0.09,75.88,0.1,22.0,0.01,0.01,2333.166485,1776340184000
1776340185.764,285.764,0.91,201.33,0.9,62.0,0.92,1.58,0.93,14.0,0.08,1.58,0.07,14.0,0.09,216.53,0.1,52.0,0.01,0.01,2333.166485,1776340184000
1776340186.088,286.088,0.91,206.4,0.9,52.0,0.92,1.58,0.93,14.0,0.08,1.58,0.07,14.0,0.09,201.33,0.1,62.0,0.01,0.01,2333.166485,1776340184000
1776340186.646,286.646,0.91,206.4,0.9,57.0,0.92,0.38,0.93,14.0,0.08,1.58,0.07,14.0,0.09,206.4,0.1,52.0,0.01,0.01,2333.15852,1776340185000
1776340186.961,286.961,0.92,15.0,0.91,154.0,0.93,7.86,0.94,16.0,0.07,9.38,0.06,16.0,0.09,295.4,0.1,57.0,0.01,0.02,2333.15852,1776340185000
1776340187.604,287.604,0.92,15.0,0.91,144.0,0.94,16.0,0.95,40.0,0.07,2.29,0.06,16.0,0.08,15.0,0.09,144.0,0.02,0.01,2333.238433,1776340186000
1776340188.052,288.052,0.93,6.66,0.92,22.0,0.94,21.0,0.95,40.0,0.06,16.0,0.05,40.0,0.07,6.66,0.08,22.0,0.01,0.01,2333.238433,1776340186000
1776340188.579,288.579,0.93,11.66,0.92,22.0,0.94,30.86,0.95,40.0,0.06,19.93,0.05,40.0,0.07,6.66,0.08,22.0,0.01,0.01,2333.201875,1776340187000
1776340188.805,288.805,0.93,11.66,0.92,22.0,0.94,24.86,0.95,40.0,0.06,30.86,0.05,40.0,0.07,11.66,0.08,22.0,0.01,0.01,2333.201875,1776340187000
1776340189.612,289.612,0.93,11.66,0.92,27.0,0.94,18.57,0.95,40.0,0.06,19.75,0.05,40.0,0.07,11.66,0.08,22.0,0.01,0.01,2333.23215,1776340188000
1776340189.979,289.979,0.93,112.66,0.92,27.0,0.94,1.22,0.95,40.0,0.06,18.57,0.05,40.0,0.07,11.66,0.08,27.0,0.01,0.01,2333.23215,1776340188000
1776340190.324,290.324,0.94,83.0,0.93,6.66,0.95,10.0,0.96,65.0,0.06,1.22,0.05,40.0,0.07,112.66,0.08,27.0,0.01,0.01,2333.23215,1776340188000
1776340190.577,290.577,0.94,88.0,0.93,6.66,0.95,6.4,0.96,65.0,0.05,10.0,0.04,65.0,0.06,83.0,0.07,6.66,0.01,0.01,2333.2127,1776340189000
1776340191.01,291.01,0.94,88.31,0.93,11.66,0.96,65.0,0.97,144.0,0.05,1.4,0.04,65.0,0.06,88.0,0.07,6.66,0.02,0.01,2333.228195,1776340190000
1776340191.317,291.317,0.95,34.13,0.94,95.31,0.96,20.0,0.97,144.0,0.04,65.0,0.03,144.0,0.06,88.31,0.07,11.66,0.01,0.02,2333.228195,1776340190000
1776340191.606,291.606,0.95,112.25,0.94,95.31,0.96,13.95,0.97,144.0,0.04,20.0,0.03,144.0,0.05,34.13,0.06,95.31,0.01,0.01,2333.228195,1776340190000
1776340192.201,292.201,0.95,122.25,0.94,114.31,0.97,144.0,0.98,185.0,0.04,11.26,0.03,144.0,0.05,112.25,0.06,95.31,0.02,0.01,2333.24963,1776340191000
1776340192.449,292.449,0.96,93.0,0.95,112.25,0.97,140.9,0.98,185.0,0.03,144.0,0.02,185.0,0.05,122.25,0.06,114.31,0.01,0.02,2333.24963,1776340191000
1776340192.667,292.667,0.96,83.87,0.95,112.25,0.97,138.24,0.98,185.0,0.03,138.24,0.02,185.0,0.04,93.0,0.05,112.25,0.01,0.01,2333.24963,1776340191000
1776340192.943,292.943,0.96,83.87,0.95,112.25,0.97,117.56,0.98,185.0,0.03,122.77,0.02,185.0,0.04,78.87,0.05,112.25,0.01,0.01,2333.24963,1776340191000
1776340193.373,293.373,0.96,78.72,0.95,112.25,0.97,105.81,0.98,185.0,0.03,106.85,0.02,185.0,0.04,78.72,0.05,112.25,0.01,0.01,2333.259465,1776340192000
1776340193.688,293.688,0.96,83.72,0.95,112.25,0.97,73.46,0.98,185.0,0.03,105.81,0.02,185.0,0.04,78.72,0.05,112.25,0.01,0.01,2333.259465,1776340192000
1776340194.005,294.005,0.96,83.72,0.95,112.25,0.97,68.3,0.98,185.0,0.03,73.46,0.02,185.0,0.04,83.72,0.05,112.25,0.01,0.01,2333.259465,1776340192000
1776340194.486,294.486,0.96,83.72,0.95,112.25,0.97,67.26,0.98,185.0,0.03,68.3,0.02,185.0,0.04,83.72,0.05,112.25,0.01,0.01,2333.25989,1776340193000
1776340195.254,295.254,0.96,88.72,0.95,127.25,0.97,35.61,0.98,185.0,0.03,57.05,0.02,185.0,0.04,78.72,0.05,112.25,0.01,0.01,2333.403265,1776340194000
1776340195.668,295.668,0.96,88.72,0.95,117.25,0.97,39.57,0.98,185.0,0.03,35.61,0.02,185.0,0.04,88.72,0.05,127.25,0.01,0.01,2333.403265,1776340194000
1776340195.882,295.882,0.96,47.72,0.95,117.25,0.97,22.13,0.98,185.0,0.03,22.13,0.02,185.0,0.04,83.72,0.05,117.25,0.01,0.01,2333.403265,1776340194000
1776340196.15,296.15,0.96,54.72,0.95,112.25,0.97,1.51,0.98,185.0,0.03,22.13,0.02,185.0,0.04,47.72,0.05,117.25,0.01,0.01,2333.403265,1776340194000
1776340196.408,296.408,0.96,59.72,0.95,112.25,0.98,178.51,0.99,1375.45,0.03,1.51,0.02,185.0,0.04,54.72,0.05,112.25,0.02,0.01,2333.427807,1776340195000
1776340196.739,296.739,0.98,43.0,0.97,39.0,0.99,1226.86,,,0.01,1226.86,,,0.02,43.0,0.03,39.0,0.01,0.01,2333.427807,1776340195000
1776340197.09,297.09,0.98,43.0,0.97,27.0,0.99,1100.83,,,0.01,1097.86,,,0.02,43.0,0.03,32.0,0.01,0.01,2333.427807,1776340195000
1776340197.372,297.372,0.98,50.0,0.97,32.0,0.99,963.76,,,0.01,974.75,,,0.02,50.0,0.03,32.0,0.01,0.01,2333.441693,1776340196000
1776340198.304,298.304,0.99,1693.97,0.98,42.0,,,,,,,,,0.02,60.0,0.03,32.0,,,2333.441693,1776340196000
1776340199.757,299.757,0.99,11876.14,0.98,48.0,,,,,,,,,0.01,1693.97,0.02,42.0,,,2333.4027,1776340198000

# RESULT,winner=Up,slug=eth-updown-5m-1776339900,ticks=364
