timestamp,elapsed_sec,up_bid_p1,up_bid_s1,up_bid_p2,up_bid_s2,up_ask_p1,up_ask_s1,up_ask_p2,up_ask_s2,down_bid_p1,down_bid_s1,down_bid_p2,down_bid_s2,down_ask_p1,down_ask_s1,down_ask_p2,down_ask_s2,up_spread,down_spread,eth_price,eth_oracle_ts
1776279900.528,0.528,0.4,38.0,0.39,34.0,0.44,45.0,0.47,29.04,0.53,56.6,0.52,240.37,0.54,158.31,0.55,117.0,0.04,0.01,2362.916895,1776279899000
1776279901.29,1.29,0.33,300.0,0.31,375.0,0.44,32.77,0.47,34.04,0.56,39.77,0.53,29.04,0.6,38.0,0.61,34.0,0.11,0.04,2362.916895,1776279899000
1776279901.812,1.812,0.38,114.0,0.37,15.0,0.44,42.77,0.47,34.04,0.56,32.77,0.53,34.04,0.67,300.0,0.69,375.0,0.06,0.11,2363.03452,1776279900000
1776279902.205,2.205,0.43,57.1,0.42,19.0,0.44,42.77,0.47,34.04,0.56,42.77,0.53,34.04,0.62,114.0,0.63,15.0,0.01,0.06,2363.03452,1776279901000
1776279902.443,2.443,0.43,148.1,0.42,14.0,0.44,37.77,0.47,34.04,0.56,42.77,0.53,34.04,0.57,57.1,0.58,19.0,0.01,0.01,2363.03452,1776279901000
1776279903.125,3.125,0.49,112.88,0.48,23.0,0.5,16.59,0.51,7.0,0.5,11.59,0.49,7.0,0.51,5.0,0.52,5.0,0.01,0.01,2363.03452,1776279901000
1776279903.471,3.471,0.5,23.81,0.49,122.88,0.51,7.0,0.54,8.0,0.5,16.59,0.49,7.0,0.51,112.88,0.52,23.0,0.01,0.01,2363.085707,1776279902000
1776279903.755,3.755,0.5,123.0,0.49,69.88,0.51,5.03,0.54,8.0,0.49,7.0,0.46,8.0,0.5,23.81,0.51,122.88,0.01,0.01,2363.085707,1776279902000
1776279904.208,4.208,0.5,118.0,0.49,69.88,0.54,0.78,0.57,100.0,0.49,5.03,0.46,8.0,0.5,123.0,0.51,69.88,0.04,0.01,2363.085707,1776279902000
1776279904.896,4.896,0.53,14.36,0.52,26.0,0.54,0.78,0.56,100.0,0.46,0.78,0.43,100.0,0.5,118.0,0.51,69.88,0.01,0.04,2363.154157,1776279903000
1776279905.253,5.253,0.53,3.74,0.52,26.0,0.54,0.78,0.56,100.0,0.46,0.78,0.44,100.0,0.47,14.36,0.48,26.0,0.01,0.01,2363.154157,1776279903000
1776279905.497,5.497,0.53,1.74,0.52,26.0,0.56,100.0,0.57,100.0,0.44,100.0,0.43,100.0,0.47,3.74,0.48,43.0,0.03,0.03,2363.64132,1776279904000
1776279905.771,5.771,0.56,5.0,0.55,10.0,0.58,23.0,0.59,23.0,0.44,104.0,0.43,100.0,0.45,10.0,0.46,10.0,0.02,0.01,2363.64132,1776279904000
1776279906.371,6.371,0.55,1.44,0.54,15.0,0.57,20.0,0.58,28.0,0.42,23.0,0.41,23.0,0.44,5.0,0.45,10.0,0.02,0.02,2363.704725,1776279905000
1776279906.778,6.778,0.57,5.0,0.56,10.0,0.58,56.3,0.59,10.0,0.43,20.0,0.42,28.0,0.45,1.44,0.46,15.0,0.01,0.02,2363.704725,1776279905000
1776279907.201,7.201,0.57,4.48,0.56,5.0,0.58,61.3,0.59,10.0,0.42,61.3,0.41,10.0,0.44,5.0,0.45,1.44,0.01,0.02,2363.78628,1776279906000
1776279907.511,7.511,0.56,5.0,0.55,1.44,0.58,61.57,0.59,15.0,0.42,48.3,0.41,15.0,0.43,0.29,0.44,5.0,0.02,0.01,2363.78628,1776279906000
1776279908.029,8.029,0.56,3.4,0.55,16.44,0.58,71.57,0.59,25.0,0.42,61.57,0.41,15.0,0.44,5.0,0.45,1.44,0.02,0.02,2363.78628,1776279906000
1776279908.338,8.338,0.57,11.0,0.56,8.4,0.58,72.98,0.59,50.0,0.42,71.57,0.41,25.0,0.44,3.4,0.45,16.44,0.01,0.02,2363.78216,1776279907000
1776279908.571,8.571,0.57,6.0,0.56,18.4,0.58,72.98,0.59,50.0,0.42,72.98,0.41,50.0,0.43,11.0,0.44,8.4,0.01,0.01,2363.78216,1776279907000
1776279909.002,9.002,0.57,5.5,0.56,5.0,0.58,78.48,0.59,63.0,0.42,72.98,0.41,50.0,0.43,6.0,0.44,18.4,0.01,0.01,2363.78216,1776279907000
1776279910.765,10.765,0.54,30.0,0.53,10.5,0.55,149.35,0.56,32.0,0.43,10.91,0.42,83.48,0.44,10.5,0.45,10.0,0.01,0.01,2363.949373,1776279909000
1776279911.14,11.14,0.54,20.5,0.53,10.5,0.55,198.21,0.56,102.75,0.45,159.85,0.44,42.5,0.46,20.18,0.47,10.5,0.01,0.01,2363.949373,1776279909000
1776279911.458,11.458,0.54,10.0,0.53,10.5,0.55,164.25,0.56,114.75,0.45,198.21,0.44,102.75,0.46,20.5,0.47,10.5,0.01,0.01,2363.710267,1776279910000
1776279912.371,12.371,0.53,8.94,0.52,50.5,0.54,20.0,0.55,169.73,0.45,164.25,0.44,114.75,0.46,10.0,0.47,10.5,0.01,0.01,2363.638266,1776279911000
1776279913.0,13.0,0.53,24.44,0.52,50.5,0.54,10.74,0.55,160.21,0.46,20.0,0.45,169.73,0.47,8.94,0.48,50.5,0.01,0.01,2363.638266,1776279911000
1776279913.232,13.232,0.53,13.94,0.52,60.5,0.55,25.3,0.56,55.5,0.46,10.74,0.45,160.21,0.47,24.44,0.48,50.5,0.02,0.01,2363.638266,1776279911000
1776279915.099,15.099,0.54,72.5,0.53,179.8,0.56,15.0,0.57,33.0,0.45,25.3,0.44,55.5,0.47,8.3,0.48,60.5,0.02,0.02,2363.484963,1776279913000
1776279915.478,15.478,0.56,17.43,0.55,115.5,0.57,33.0,0.58,64.9,0.44,12.0,0.43,33.0,0.46,72.5,0.47,179.8,0.01,0.02,2363.484963,1776279913000
1776279918.428,18.428,0.57,46.51,0.56,82.5,0.58,29.9,0.59,48.5,0.43,33.0,0.42,64.9,0.44,17.43,0.45,115.5,0.01,0.01,2363.834557,1776279917000
1776279918.967,18.967,0.58,76.0,0.57,52.51,0.59,45.02,0.6,44.0,0.42,8.17,0.41,48.5,0.43,51.51,0.44,87.5,0.01,0.01,2363.834557,1776279917000
1776279919.76,19.76,0.58,65.0,0.57,52.51,0.59,23.5,0.6,29.0,0.41,45.02,0.4,44.0,0.42,76.0,0.43,52.51,0.01,0.01,2363.87041,1776279918000
1776279920.396,20.396,0.58,55.0,0.57,47.01,0.59,25.45,0.6,71.5,0.41,23.5,0.4,29.0,0.42,65.0,0.43,52.51,0.01,0.01,2363.883456,1776279919000
1776279921.085,21.085,0.58,85.5,0.57,42.01,0.59,34.29,0.6,81.5,0.41,25.45,0.4,71.5,0.42,55.0,0.43,47.01,0.01,0.01,2363.883456,1776279919000
1776279921.407,21.407,0.58,15.0,0.57,21.51,0.59,60.48,0.6,92.5,0.41,34.29,0.4,81.5,0.42,85.5,0.43,42.01,0.01,0.01,2363.863082,1776279920000
1776279922.014,22.014,0.57,16.51,0.56,45.5,0.58,43.87,0.59,56.73,0.41,60.48,0.4,92.5,0.42,1.0,0.43,21.51,0.01,0.01,2363.863082,1776279920000
1776279923.134,23.134,0.57,37.01,0.56,45.5,0.58,35.27,0.59,56.73,0.42,43.87,0.41,56.73,0.43,16.51,0.44,45.5,0.01,0.01,2363.839116,1776279922000
1776279923.558,23.558,0.57,32.01,0.56,45.5,0.58,16.22,0.59,56.73,0.42,18.54,0.41,56.73,0.43,42.01,0.44,45.5,0.01,0.01,2363.839116,1776279922000
1776279925.852,25.852,0.57,32.01,0.56,55.5,0.58,11.22,0.59,56.73,0.42,16.22,0.41,56.73,0.43,32.01,0.44,45.5,0.01,0.01,2363.84742,1776279924000
1776279926.379,26.379,0.57,40.39,0.56,45.5,0.58,17.98,0.59,56.73,0.42,8.63,0.41,56.73,0.43,37.01,0.44,55.5,0.01,0.01,2363.860428,1776279925000
1776279927.645,27.645,0.59,120.5,0.58,70.08,0.64,25.0,0.65,50.0,0.42,17.98,0.41,56.73,0.43,40.39,0.44,45.5,0.05,0.01,2363.92,1776279926000
1776279928.437,28.437,0.64,15.0,0.63,20.5,0.65,6.0,0.66,60.0,0.34,25.0,0.33,110.5,0.36,10.5,0.4,10.5,0.01,0.02,2363.915229,1776279927000
1776279929.428,29.428,0.65,16.0,0.64,15.0,0.66,0.13,0.67,50.0,0.34,1.0,0.33,50.0,0.36,21.0,0.37,20.5,0.01,0.02,2364.186621,1776279928000
1776279930.283,30.283,0.67,13.78,0.66,10.0,0.68,5.0,0.69,110.0,0.34,5.13,0.32,25.0,0.35,10.42,0.36,10.0,0.01,0.01,2364.694218,1776279929000
1776279931.231,31.231,0.71,21.0,0.7,10.0,0.72,3.61,0.74,26.0,0.29,3.45,0.28,30.0,0.3,10.0,0.31,10.0,0.01,0.01,2364.694218,1776279929000
1776279931.54,31.54,0.73,25.0,0.72,15.0,0.74,88.48,0.75,5.0,0.26,26.0,0.24,50.0,0.29,14.1,0.3,10.0,0.01,0.03,2364.878699,1776279930000
1776279931.922,31.922,0.7,10.0,0.69,23.0,0.71,5.9,0.72,10.0,0.29,15.9,0.26,115.48,0.3,10.0,0.31,10.0,0.01,0.01,2364.878699,1776279930000
1776279932.177,32.177,0.72,10.0,0.7,25.5,0.73,85.75,0.74,17.48,0.27,81.86,0.26,17.48,0.3,15.0,0.31,10.0,0.01,0.03,2364.924857,1776279931000
1776279933.632,33.632,0.73,15.0,0.72,16.0,0.74,2.48,0.75,25.0,0.29,10.0,0.27,95.75,0.3,25.5,0.31,20.5,0.01,0.01,2365.389159,1776279932000
1776279934.084,34.084,0.73,135.12,0.72,10.0,0.74,15.42,0.75,35.0,0.26,0.42,0.25,25.0,0.27,15.0,0.28,16.0,0.01,0.01,2365.389159,1776279932000
1776279934.389,34.389,0.77,10.0,0.76,16.0,0.78,4.9,0.79,20.0,0.25,35.0,0.24,50.0,0.27,129.12,0.28,20.5,0.01,0.02,2365.389159,1776279932000
1776279934.905,34.905,0.75,20.0,0.74,31.51,0.76,25.97,0.77,10.0,0.22,4.9,0.21,20.0,0.23,10.0,0.24,16.0,0.01,0.01,2365.385459,1776279933000
1776279935.139,35.139,0.74,25.74,0.73,15.0,0.76,89.97,0.77,104.83,0.24,67.97,0.23,104.83,0.26,31.51,0.27,15.0,0.02,0.02,2365.662473,1776279934000
1776279935.599,35.599,0.74,25.04,0.73,25.0,0.76,161.47,0.77,225.33,0.24,94.97,0.23,204.83,0.26,22.89,0.27,15.0,0.02,0.02,2365.662473,1776279934000
1776279935.827,35.827,0.74,25.04,0.73,25.0,0.75,155.16,0.76,58.47,0.24,161.47,0.23,225.33,0.26,25.04,0.27,25.0,0.01,0.02,2365.662473,1776279934000
1776279936.155,36.155,0.74,25.04,0.73,40.0,0.75,265.86,0.76,83.47,0.25,266.64,0.24,83.47,0.26,25.04,0.27,40.0,0.01,0.01,2365.662473,1776279934000
1776279936.479,36.479,0.74,0.04,0.73,20.0,0.75,307.86,0.76,175.47,0.25,265.86,0.24,83.47,0.26,25.04,0.27,40.0,0.01,0.01,2365.962459,1776279935000
1776279936.801,36.801,0.73,9.81,0.72,26.0,0.74,188.5,0.75,206.1,0.25,322.86,0.24,175.47,0.27,20.0,0.28,31.0,0.01,0.02,2365.962459,1776279935000
1776279937.32,37.32,0.73,6.29,0.72,26.5,0.74,116.0,0.75,78.5,0.26,188.5,0.25,206.1,0.27,9.81,0.28,26.0,0.01,0.01,2365.962459,1776279935000
1776279938.405,38.405,0.72,1.0,0.71,61.0,0.74,235.5,0.75,164.41,0.26,116.0,0.25,78.5,0.27,6.29,0.28,26.5,0.02,0.01,2365.547902,1776279936000
1776279938.749,38.749,0.71,20.0,0.7,20.0,0.73,279.5,0.74,87.5,0.26,235.5,0.25,164.41,0.28,1.0,0.29,61.0,0.02,0.02,2365.451085,1776279937000
1776279939.033,39.033,0.69,67.0,0.68,80.0,0.7,15.66,0.72,256.48,0.28,216.48,0.27,118.5,0.29,1.0,0.3,10.0,0.01,0.01,2365.451085,1776279937000
1776279939.658,39.658,0.66,150.0,0.65,90.0,0.69,233.5,0.7,40.5,0.3,146.5,0.29,70.0,0.32,80.0,0.34,150.0,0.03,0.02,2365.451085,1776279938000
1776279941.548,41.548,0.66,8.42,0.65,85.0,0.67,267.5,0.68,66.5,0.31,233.5,0.3,40.5,0.34,150.0,0.35,90.0,0.01,0.03,2364.619138,1776279940000
1776279941.929,41.929,0.65,25.12,0.64,35.0,0.66,60.5,0.67,352.5,0.34,45.0,0.33,362.5,0.35,50.0,0.36,35.0,0.01,0.01,2364.619138,1776279940000
1776279944.563,44.563,0.58,136.36,0.57,34.0,0.6,86.25,0.61,56.5,0.34,60.5,0.33,352.5,0.35,25.12,0.36,35.0,0.02,0.01,2363.919502,1776279943000
1776279945.379,45.379,0.58,8.36,0.56,25.0,0.59,101.39,0.6,49.25,0.41,85.38,0.4,34.25,0.42,133.36,0.43,10.0,0.01,0.01,2363.919502,1776279943000
1776279945.654,45.654,0.58,8.36,0.56,49.0,0.59,75.21,0.6,34.25,0.41,101.39,0.4,49.25,0.42,8.36,0.44,25.0,0.01,0.01,2363.78472,1776279944000
1776279946.249,46.249,0.54,10.0,0.53,79.0,0.55,28.31,0.56,39.71,0.44,34.71,0.43,49.5,0.45,60.0,0.46,25.0,0.01,0.01,2363.78472,1776279944000
1776279947.242,47.242,0.58,15.0,0.57,64.5,0.59,17.5,0.6,20.5,0.45,28.31,0.44,39.71,0.46,10.0,0.47,79.0,0.01,0.01,2363.682058,1776279946000
1776279947.98,47.98,0.58,49.5,0.57,79.5,0.59,7.0,0.6,25.5,0.41,17.5,0.4,20.5,0.42,15.0,0.43,64.5,0.01,0.01,2363.682058,1776279946000
1776279948.251,48.251,0.58,39.0,0.57,69.5,0.59,20.8,0.6,20.5,0.41,7.0,0.4,25.5,0.42,49.5,0.43,79.5,0.01,0.01,2363.552606,1776279947000
1776279949.035,49.035,0.57,20.0,0.56,49.5,0.59,41.8,0.6,35.5,0.41,20.8,0.4,20.5,0.42,39.0,0.43,69.5,0.02,0.01,2363.552606,1776279947000
1776279951.684,51.684,0.58,269.5,0.57,156.66,0.6,10.0,0.61,60.0,0.41,41.8,0.4,35.5,0.43,20.0,0.44,49.5,0.02,0.02,2363.822985,1776279950000
1776279955.645,55.645,0.63,54.0,0.62,54.53,0.65,150.8,0.66,35.5,0.4,10.0,0.39,60.0,0.42,269.5,0.43,156.66,0.02,0.02,2364.353263,1776279954000
1776279956.235,56.235,0.63,107.5,0.62,100.53,0.64,7.0,0.65,50.3,0.35,150.8,0.34,35.5,0.37,54.0,0.38,54.53,0.01,0.02,2364.33582,1776279955000
1776279957.401,57.401,0.63,59.5,0.62,56.53,0.64,8.43,0.65,103.5,0.36,7.0,0.35,50.3,0.37,107.5,0.38,100.53,0.01,0.01,2364.33582,1776279955000
1776279957.809,57.809,0.63,25.0,0.62,44.53,0.64,53.86,0.65,87.8,0.36,8.43,0.35,103.5,0.37,59.5,0.38,56.53,0.01,0.01,2364.34972,1776279956000
1776279959.29,59.29,0.63,126.79,0.62,49.53,0.64,7.0,0.65,52.3,0.36,53.86,0.35,87.8,0.37,25.0,0.38,44.53,0.01,0.01,2364.319545,1776279957000
1776279960.011,60.011,0.64,32.33,0.63,60.79,0.65,84.0,0.66,57.2,0.36,22.0,0.35,72.8,0.37,91.79,0.38,54.53,0.01,0.01,2364.291625,1776279958000
1776279960.649,60.649,0.64,147.33,0.63,159.79,0.67,174.0,0.68,11.0,0.35,84.0,0.34,57.2,0.36,32.33,0.37,60.79,0.03,0.01,2364.30073,1776279959000
1776279961.968,61.968,0.68,65.5,0.67,31.5,0.69,15.85,0.7,11.0,0.33,174.0,0.32,11.0,0.36,147.33,0.37,159.79,0.01,0.03,2364.378835,1776279960000
1776279962.593,62.593,0.71,92.5,0.7,31.5,0.72,28.99,0.73,22.0,0.31,15.85,0.3,11.0,0.32,65.5,0.33,31.5,0.01,0.01,2364.41,1776279961000
1776279963.014,63.014,0.71,76.5,0.7,35.5,0.72,2.0,0.73,38.0,0.28,28.99,0.27,22.0,0.29,92.5,0.3,31.5,0.01,0.01,2364.41,1776279961000
1776279963.36,63.36,0.71,25.0,0.7,31.5,0.72,15.61,0.73,58.5,0.28,2.0,0.27,38.0,0.29,76.5,0.3,35.5,0.01,0.01,2364.526814,1776279962000
1776279963.599,63.599,0.71,34.0,0.7,31.5,0.72,35.61,0.73,73.5,0.28,15.61,0.27,58.5,0.29,25.0,0.3,31.5,0.01,0.01,2364.526814,1776279962000
1776279964.238,64.238,0.71,49.0,0.7,31.5,0.72,21.72,0.73,73.5,0.28,35.61,0.27,73.5,0.29,34.0,0.3,31.5,0.01,0.01,2364.526814,1776279962000
1776279964.965,64.965,0.71,104.74,0.7,25.5,0.72,1.72,0.73,31.0,0.28,21.72,0.27,73.5,0.29,49.0,0.3,31.5,0.01,0.01,2364.987438,1776279963000
1776279965.616,65.616,0.71,5.0,0.7,5.0,0.72,65.92,0.73,95.7,0.28,1.72,0.27,31.0,0.29,104.74,0.3,25.5,0.01,0.01,2365.147587,1776279964000
1776279965.915,65.915,0.68,50.5,0.67,25.5,0.72,91.22,0.73,95.7,0.28,65.92,0.27,95.7,0.29,5.0,0.3,5.0,0.04,0.01,2365.147587,1776279964000
1776279966.378,66.378,0.68,24.5,0.67,25.5,0.69,13.0,0.7,10.0,0.31,8.0,0.3,10.0,0.32,50.5,0.33,25.5,0.01,0.01,2365.04603,1776279965000
1776279966.653,66.653,0.68,13.5,0.67,21.5,0.73,58.54,0.74,182.5,0.31,13.0,0.3,10.0,0.32,24.5,0.33,25.5,0.05,0.01,2365.04603,1776279965000
1776279967.275,67.275,0.71,112.5,0.7,77.5,0.72,5.0,0.73,28.04,0.27,58.54,0.26,182.5,0.32,13.5,0.33,21.5,0.01,0.05,2365.21107,1776279966000
1776279967.817,67.817,0.71,81.5,0.7,35.5,0.72,5.0,0.73,40.74,0.28,15.0,0.27,28.04,0.29,107.5,0.3,77.5,0.01,0.01,2365.21107,1776279966000
1776279969.102,69.102,0.72,65.0,0.71,30.0,0.73,62.11,0.74,229.98,0.28,2.88,0.27,46.04,0.29,86.5,0.3,35.5,0.01,0.01,2365.011576,1776279967000
1776279969.318,69.318,0.72,14.0,0.71,60.85,0.73,52.11,0.74,229.98,0.27,62.11,0.26,229.98,0.28,65.0,0.29,30.0,0.01,0.01,2365.01324,1776279968000
1776279970.388,70.388,0.72,45.04,0.71,55.35,0.73,52.11,0.74,234.98,0.27,52.11,0.26,229.98,0.28,14.0,0.29,60.85,0.01,0.01,2365.16577,1776279969000
1776279970.923,70.923,0.71,22.23,0.69,5.0,0.72,30.5,0.73,103.5,0.27,52.11,0.26,234.98,0.28,45.04,0.29,55.35,0.01,0.01,2365.16577,1776279969000
1776279972.263,72.263,0.69,10.0,0.68,5.0,0.7,145.17,0.71,42.5,0.28,36.5,0.27,81.5,0.31,5.0,0.32,29.0,0.01,0.03,2365.164752,1776279970000
1776279972.578,72.578,0.69,10.0,0.68,5.0,0.7,137.96,0.71,42.5,0.3,145.17,0.29,42.5,0.31,10.0,0.32,5.0,0.01,0.01,2365.107547,1776279971000
1776279973.131,73.131,0.69,10.0,0.68,5.0,0.7,111.76,0.71,42.5,0.3,137.96,0.29,42.5,0.31,10.0,0.32,5.0,0.01,0.01,2364.880058,1776279972000
1776279973.589,73.589,0.69,2.74,0.68,15.0,0.7,40.7,0.71,124.52,0.3,111.76,0.29,42.5,0.31,2.74,0.32,5.0,0.01,0.01,2364.880058,1776279972000
1776279976.143,76.143,0.67,3.18,0.66,30.0,0.68,41.7,0.69,80.5,0.3,33.56,0.29,124.52,0.31,2.74,0.32,15.0,0.01,0.01,2364.823839,1776279974000
1776279976.588,76.588,0.66,20.0,0.65,64.5,0.67,22.0,0.68,21.7,0.32,41.7,0.31,80.5,0.33,3.18,0.34,30.0,0.01,0.01,2364.691539,1776279975000
1776279977.789,77.789,0.66,43.88,0.65,54.5,0.67,10.0,0.68,15.0,0.33,22.0,0.32,21.7,0.34,20.0,0.35,64.5,0.01,0.01,2364.672632,1776279976000
1776279978.47,78.47,0.67,50.9,0.66,72.88,0.68,22.0,0.69,49.0,0.32,15.0,0.31,79.2,0.34,43.88,0.35,54.5,0.01,0.02,2364.665109,1776279977000
1776279978.887,78.887,0.71,87.0,0.7,30.5,0.73,10.87,0.74,167.5,0.32,22.0,0.31,49.0,0.33,50.9,0.34,72.88,0.02,0.01,2364.665109,1776279977000
1776279979.327,79.327,0.72,40.49,0.71,62.0,0.74,160.5,0.75,99.5,0.26,150.5,0.25,56.5,0.28,31.42,0.29,72.5,0.02,0.02,2364.665109,1776279977000
1776279979.91,79.91,0.72,45.49,0.71,86.0,0.73,36.03,0.74,165.5,0.26,160.5,0.25,99.5,0.28,40.49,0.29,62.0,0.01,0.02,2364.674025,1776279978000
1776279980.135,80.135,0.72,32.45,0.71,86.0,0.73,53.4,0.74,160.5,0.27,36.03,0.26,165.5,0.28,45.49,0.29,86.0,0.01,0.01,2364.674025,1776279978000
1776279980.587,80.587,0.71,15.0,0.7,15.0,0.72,31.5,0.73,74.59,0.27,48.4,0.26,160.5,0.28,22.45,0.29,86.0,0.01,0.01,2364.682203,1776279979000
1776279980.803,80.803,0.71,15.0,0.7,39.0,0.72,30.1,0.73,74.59,0.28,31.5,0.27,74.59,0.29,15.0,0.3,15.0,0.01,0.01,2364.682203,1776279979000
1776279981.775,81.775,0.71,93.55,0.7,74.5,0.72,10.0,0.73,81.27,0.28,30.1,0.27,74.59,0.29,15.0,0.3,39.0,0.01,0.01,2364.762754,1776279980000
1776279982.264,82.264,0.71,113.72,0.7,74.5,0.72,10.0,0.73,81.27,0.28,10.0,0.27,81.27,0.29,93.55,0.3,74.5,0.01,0.01,2365.048807,1776279981000
1776279983.125,83.125,0.71,19.78,0.7,24.0,0.72,88.49,0.73,120.89,0.28,10.0,0.27,81.27,0.29,113.72,0.3,74.5,0.01,0.01,2365.048807,1776279981000
1776279984.087,84.087,0.71,17.02,0.7,24.0,0.72,93.49,0.73,110.89,0.28,88.49,0.27,120.89,0.29,19.78,0.3,24.0,0.01,0.01,2364.873512,1776279983000
1776279984.539,84.539,0.71,17.02,0.7,24.0,0.72,81.49,0.73,110.89,0.28,93.49,0.27,110.89,0.29,17.02,0.3,24.0,0.01,0.01,2364.873512,1776279983000
1776279985.284,85.284,0.71,8.57,0.7,29.0,0.72,93.49,0.73,110.89,0.28,81.49,0.27,110.89,0.29,17.02,0.3,24.0,0.01,0.01,2364.846021,1776279984000
1776279986.828,86.828,0.71,8.57,0.7,24.0,0.72,130.71,0.73,113.49,0.28,93.49,0.27,110.89,0.29,8.57,0.3,29.0,0.01,0.01,2364.743182,1776279985000
1776279988.38,88.38,0.71,0.81,0.7,24.0,0.72,130.71,0.73,138.49,0.28,130.71,0.27,113.49,0.29,8.57,0.3,24.0,0.01,0.01,2364.744141,1776279987000
1776279988.773,88.773,0.69,35.0,0.68,11.0,0.7,91.33,0.71,87.5,0.28,135.71,0.27,103.49,0.3,24.0,0.31,11.0,0.01,0.02,2364.744141,1776279987000
1776279990.868,90.868,0.69,50.5,0.68,30.5,0.71,23.81,0.72,11.72,0.3,53.99,0.29,62.5,0.31,5.0,0.32,11.0,0.02,0.01,2364.67345,1776279989000
1776279992.034,92.034,0.69,13.74,0.68,29.0,0.7,18.81,0.71,69.31,0.29,23.81,0.28,11.72,0.31,50.5,0.32,30.5,0.01,0.02,2364.62977,1776279990000
1776279992.319,92.319,0.69,6.0,0.68,24.0,0.7,46.35,0.71,118.31,0.3,18.81,0.29,69.31,0.31,13.74,0.32,29.0,0.01,0.01,2364.610633,1776279991000
1776279993.753,93.753,0.67,75.5,0.66,89.5,0.69,16.33,0.7,51.5,0.31,31.5,0.3,72.73,0.33,20.0,0.34,30.0,0.02,0.02,2364.610633,1776279991000
1776279996.213,96.213,0.69,43.24,0.68,157.5,0.7,6.66,0.71,35.81,0.31,16.33,0.3,51.5,0.33,75.5,0.34,89.5,0.01,0.02,2364.514544,1776279995000
1776279996.52,96.52,0.69,97.24,0.68,152.5,0.7,3.17,0.71,25.0,0.3,6.66,0.29,35.81,0.31,43.24,0.32,157.5,0.01,0.01,2364.514544,1776279995000
1776279997.331,97.331,0.7,83.5,0.69,101.24,0.71,21.17,0.72,25.81,0.29,21.17,0.28,37.0,0.31,102.24,0.32,157.5,0.01,0.02,2364.514544,1776279995000
1776279998.732,98.732,0.69,72.32,0.68,135.5,0.71,41.17,0.72,57.31,0.29,21.17,0.28,25.81,0.3,83.5,0.31,101.24,0.02,0.01,2364.517828,1776279997000
1776279999.322,99.322,0.69,45.66,0.68,46.5,0.7,15.0,0.71,141.17,0.29,41.17,0.28,57.31,0.31,72.32,0.32,135.5,0.01,0.02,2364.676495,1776279998000
1776280000.013,100.013,0.7,17.5,0.69,58.66,0.71,146.17,0.72,157.31,0.3,15.0,0.29,141.17,0.31,45.66,0.32,46.5,0.01,0.01,2364.676495,1776279998000
1776280001.874,101.874,0.72,203.45,0.71,149.06,0.73,30.0,0.74,100.0,0.29,146.17,0.28,157.31,0.3,17.5,0.31,58.66,0.01,0.01,2364.662973,1776280000000
1776280002.111,102.111,0.72,142.45,0.71,149.06,0.75,30.0,0.76,37.97,0.27,23.91,0.26,100.0,0.28,223.45,0.29,149.06,0.03,0.01,2364.662973,1776280000000
1776280003.728,103.728,0.75,170.5,0.74,123.33,0.77,50.0,0.78,129.9,0.25,30.0,0.24,37.97,0.28,142.45,0.29,149.06,0.02,0.03,2364.746281,1776280002000
1776280004.706,104.706,0.77,27.36,0.76,103.5,0.78,134.9,0.79,120.81,0.23,50.0,0.22,129.9,0.25,170.5,0.26,123.33,0.01,0.02,2365.2473,1776280003000
1776280005.055,105.055,0.77,179.5,0.76,170.93,0.79,110.0,0.8,45.0,0.22,134.9,0.21,120.81,0.23,27.36,0.24,103.5,0.02,0.01,2365.2473,1776280003000
1776280005.644,105.644,0.8,12.0,0.79,85.5,0.82,49.4,0.83,55.81,0.21,110.0,0.2,45.0,0.23,179.5,0.24,170.93,0.02,0.02,2365.415908,1776280004000
1776280005.926,105.926,0.81,420.66,0.8,535.94,0.82,20.4,0.83,50.0,0.18,49.4,0.17,55.81,0.2,12.0,0.21,85.5,0.01,0.02,2365.415908,1776280004000
1776280006.594,106.594,0.81,77.5,0.8,66.0,0.84,25.71,0.85,224.0,0.18,0.4,0.17,50.0,0.19,425.66,0.2,535.94,0.03,0.01,2365.403218,1776280005000
1776280007.231,107.231,0.83,77.5,0.82,55.5,0.84,31.97,0.85,98.0,0.16,25.71,0.15,224.0,0.19,77.5,0.2,66.0,0.01,0.03,2365.649709,1776280006000
1776280007.48,107.48,0.84,117.45,0.83,128.5,0.85,62.32,0.86,5.0,0.16,31.97,0.15,98.0,0.17,77.5,0.18,55.5,0.01,0.01,2365.649709,1776280006000
1776280008.009,108.009,0.84,32.95,0.83,25.5,0.85,152.86,0.86,235.83,0.15,62.32,0.14,5.0,0.16,117.45,0.17,128.5,0.01,0.01,2365.649709,1776280006000
1776280009.387,109.387,0.85,82.5,0.84,81.45,0.86,68.08,0.87,129.8,0.15,152.86,0.14,235.83,0.16,32.95,0.17,25.5,0.01,0.01,2365.940148,1776280007000
1776280009.895,109.895,0.85,151.5,0.84,81.45,0.86,41.27,0.87,50.0,0.14,68.08,0.13,129.8,0.15,82.5,0.16,81.45,0.01,0.01,2365.88875,1776280008000
1776280010.272,110.272,0.86,50.68,0.85,136.5,0.87,55.0,0.88,59.6,0.13,50.0,0.12,65.6,0.15,151.5,0.16,90.45,0.01,0.02,2365.990725,1776280009000
1776280010.574,110.574,0.86,133.68,0.85,126.5,0.87,1.81,0.88,39.1,0.12,29.1,0.11,115.29,0.14,128.68,0.15,126.5,0.01,0.02,2365.990725,1776280009000
1776280011.23,111.23,0.86,18.0,0.85,20.0,0.88,245.55,0.89,178.5,0.13,1.81,0.12,39.1,0.14,133.68,0.15,126.5,0.02,0.01,2366.151984,1776280010000
1776280011.433,111.433,0.86,28.0,0.85,20.0,0.87,3.87,0.88,251.55,0.12,245.55,0.11,178.5,0.14,18.0,0.15,20.0,0.01,0.02,2366.151984,1776280010000
1776280011.692,111.692,0.86,53.0,0.85,35.5,0.87,36.53,0.88,286.55,0.13,3.87,0.12,251.55,0.14,28.0,0.15,20.0,0.01,0.01,2366.151984,1776280010000
1776280012.091,112.091,0.85,5.0,0.84,25.95,0.86,6.0,0.87,413.18,0.13,36.53,0.12,286.55,0.14,53.0,0.15,35.5,0.01,0.01,2366.151984,1776280010000
1776280012.67,112.67,0.84,28.45,0.83,35.5,0.85,28.0,0.86,132.0,0.15,290.67,0.14,206.0,0.16,49.95,0.17,43.5,0.01,0.01,2366.398485,1776280011000
1776280012.881,112.881,0.84,39.95,0.83,40.5,0.85,42.81,0.86,137.0,0.15,43.81,0.14,137.0,0.16,39.95,0.17,40.5,0.01,0.01,2366.398485,1776280011000
1776280014.037,114.037,0.84,125.45,0.83,69.5,0.85,2.0,0.86,10.0,0.15,42.81,0.14,137.0,0.16,39.95,0.17,40.5,0.01,0.01,2366.309505,1776280012000
1776280014.648,114.648,0.85,47.0,0.84,38.45,0.86,44.81,0.87,149.0,0.12,48.9,0.11,146.0,0.13,8.0,0.14,15.0,0.01,0.01,2366.072425,1776280013000
1776280015.151,115.151,0.85,52.0,0.84,43.45,0.86,43.85,0.87,149.0,0.14,44.81,0.13,149.0,0.15,47.0,0.16,38.45,0.01,0.01,2366.072425,1776280013000
1776280016.822,116.822,0.87,86.5,0.86,54.5,0.88,88.0,0.89,177.81,0.14,138.85,0.13,149.0,0.15,20.6,0.16,53.45,0.01,0.01,2366.28788,1776280015000
1776280018.021,118.021,0.87,19.0,0.86,35.5,0.88,141.85,0.89,212.18,0.12,88.0,0.11,177.81,0.13,86.5,0.14,54.5,0.01,0.01,2366.250998,1776280016000
1776280019.002,119.002,0.87,29.0,0.86,35.5,0.88,146.71,0.89,202.18,0.12,146.71,0.11,212.18,0.13,19.0,0.14,35.5,0.01,0.01,2366.450015,1776280018000
1776280019.454,119.454,0.87,34.5,0.86,35.5,0.88,41.41,0.89,192.18,0.12,146.71,0.11,202.18,0.13,29.0,0.14,35.5,0.01,0.01,2366.450015,1776280018000
1776280019.698,119.698,0.87,87.5,0.86,60.5,0.88,89.0,0.89,145.0,0.12,41.41,0.11,192.18,0.13,34.5,0.14,35.5,0.01,0.01,2366.450015,1776280018000
1776280020.734,120.734,0.89,9.0,0.88,20.0,0.9,54.79,0.91,185.0,0.11,95.0,0.1,163.81,0.12,70.5,0.13,39.5,0.01,0.01,2366.484405,1776280019000
1776280021.177,121.177,0.87,37.08,0.86,145.5,0.89,57.81,0.9,83.97,0.1,54.79,0.09,185.0,0.11,9.0,0.12,20.0,0.02,0.01,2366.34823,1776280020000
1776280023.392,123.392,0.87,2.0,0.86,53.0,0.88,20.0,0.89,88.99,0.11,57.81,0.1,83.97,0.13,37.08,0.14,145.5,0.01,0.02,2366.520948,1776280022000
1776280023.709,123.709,0.87,33.0,0.86,58.5,0.88,10.81,0.89,68.99,0.12,20.0,0.11,88.99,0.13,2.0,0.14,53.0,0.01,0.01,2366.520948,1776280022000
1776280024.94,124.94,0.87,20.79,0.86,158.5,0.88,20.81,0.89,68.99,0.12,10.81,0.11,68.99,0.13,33.0,0.14,58.5,0.01,0.01,2366.415481,1776280023000
1776280025.266,125.266,0.87,15.79,0.86,58.5,0.89,67.2,0.9,115.48,0.12,20.81,0.11,68.99,0.13,20.79,0.14,158.5,0.02,0.01,2366.415481,1776280023000
1776280025.527,125.527,0.87,30.79,0.86,50.5,0.89,116.89,0.9,138.48,0.11,67.2,0.1,115.48,0.13,15.79,0.14,58.5,0.02,0.02,2366.355418,1776280024000
1776280028.793,128.793,0.88,43.86,0.87,15.0,0.89,90.91,0.9,149.48,0.11,101.6,0.1,138.48,0.12,5.0,0.13,15.0,0.01,0.01,2366.347306,1776280027000
1776280029.706,129.706,0.88,21.86,0.87,5.0,0.89,153.15,0.9,319.95,0.11,63.68,0.1,97.88,0.12,63.86,0.13,125.5,0.01,0.01,2366.356055,1776280028000
1776280030.269,130.269,0.86,223.5,0.85,138.1,0.87,3.33,0.89,66.68,0.13,5.06,0.11,112.65,0.14,145.5,0.15,129.1,0.01,0.01,2366.357748,1776280029000
1776280031.798,131.798,0.87,10.0,0.86,135.0,0.88,98.57,0.89,93.67,0.11,66.68,0.1,96.88,0.14,218.5,0.15,138.1,0.01,0.03,2366.30628,1776280030000
1776280033.265,133.265,0.87,361.5,0.86,184.5,0.88,0.05,0.91,100.0,0.12,101.86,0.11,93.67,0.13,10.0,0.14,135.0,0.01,0.01,2366.158483,1776280032000
1776280033.673,133.673,0.91,40.5,0.9,166.5,0.92,5.0,0.93,166.0,0.09,50.0,0.08,5.0,0.11,12.95,0.13,372.5,0.01,0.02,2366.158483,1776280032000
1776280034.448,134.448,0.92,110.0,0.91,331.53,0.93,30.0,0.94,130.0,0.08,5.0,0.07,166.0,0.09,40.5,0.1,166.5,0.01,0.01,2366.004638,1776280033000
1776280035.327,135.327,0.92,137.5,0.91,331.53,0.93,7.84,0.94,140.0,0.07,27.0,0.06,140.0,0.08,12.5,0.09,300.5,0.01,0.01,2366.471816,1776280034000
1776280035.64,135.64,0.92,10.0,0.91,130.5,0.93,29.03,0.94,140.0,0.07,7.84,0.06,140.0,0.08,137.5,0.09,331.53,0.01,0.01,2366.471816,1776280034000
1776280035.885,135.885,0.91,152.5,0.9,107.05,0.92,13.36,0.93,45.75,0.08,8.36,0.07,76.94,0.09,155.5,0.1,107.05,0.01,0.01,2366.471816,1776280034000
1776280036.409,136.409,0.91,134.5,0.9,112.05,0.92,8.74,0.93,67.75,0.08,16.06,0.07,45.75,0.09,152.5,0.1,107.05,0.01,0.01,2367.060995,1776280035000
1776280038.774,138.774,0.9,99.6,0.89,67.31,0.92,125.51,0.93,180.23,0.08,8.74,0.07,67.75,0.09,134.5,0.1,112.05,0.02,0.01,2367.066663,1776280037000
1776280042.466,142.466,0.91,27.65,0.9,150.1,0.92,6.0,0.93,21.0,0.08,125.51,0.07,180.23,0.1,99.6,0.11,67.31,0.01,0.02,2366.905446,1776280041000
1776280042.804,142.804,0.91,153.15,0.9,225.1,0.92,7.72,0.93,11.0,0.08,9.36,0.07,21.0,0.09,38.15,0.1,130.1,0.01,0.01,2366.905446,1776280041000
1776280043.018,143.018,0.91,247.15,0.9,244.1,0.93,6.04,0.94,140.0,0.08,7.72,0.07,11.0,0.09,153.15,0.1,225.1,0.02,0.01,2366.905446,1776280041000
1776280043.549,143.549,0.93,12.96,0.92,304.49,0.94,140.0,0.95,210.8,0.07,6.04,0.06,140.0,0.09,247.15,0.1,244.1,0.01,0.02,2367.164659,1776280042000
1776280044.293,144.293,0.93,22.96,0.92,64.5,0.94,151.88,0.95,323.8,0.06,140.0,0.05,210.8,0.07,12.96,0.08,304.49,0.01,0.01,2367.164659,1776280043000
1776280045.849,145.849,0.91,58.57,0.9,110.1,0.93,97.19,0.94,151.88,0.06,151.88,0.05,323.8,0.07,22.96,0.08,64.5,0.02,0.01,2367.201019,1776280044000
1776280046.596,146.596,0.91,117.57,0.9,133.1,0.93,19.0,0.94,198.85,0.08,49.0,0.07,86.19,0.09,40.57,0.1,120.1,0.02,0.01,2367.4455,1776280045000
1776280047.73,147.73,0.92,40.5,0.91,105.57,0.93,8.62,0.94,140.05,0.07,19.0,0.06,198.85,0.09,117.57,0.1,133.1,0.01,0.02,2367.378472,1776280046000
1776280049.305,149.305,0.92,45.5,0.91,97.57,0.93,21.42,0.94,140.0,0.07,8.62,0.06,140.05,0.08,40.5,0.09,105.57,0.01,0.01,2367.179213,1776280048000
1776280050.381,150.381,0.91,60.57,0.9,156.1,0.92,8.64,0.93,58.42,0.07,21.42,0.06,140.0,0.08,45.5,0.09,97.57,0.01,0.01,2367.327808,1776280049000
1776280050.885,150.885,0.91,40.07,0.9,105.1,0.92,76.31,0.93,36.42,0.08,8.64,0.07,58.42,0.09,60.57,0.1,156.1,0.01,0.01,2367.327808,1776280049000
1776280051.281,151.281,0.9,45.1,0.89,51.36,0.91,12.8,0.92,54.64,0.08,74.97,0.07,45.23,0.1,115.1,0.11,46.36,0.01,0.02,2367.319115,1776280050000
1776280051.753,151.753,0.9,115.37,0.89,31.36,0.91,7.47,0.92,18.64,0.09,12.8,0.08,54.64,0.1,45.1,0.11,51.36,0.01,0.01,2367.319115,1776280050000
1776280054.663,154.663,0.91,100.19,0.9,45.1,0.92,12.82,0.93,56.0,0.09,7.47,0.08,18.64,0.1,115.37,0.11,31.36,0.01,0.01,2366.861565,1776280052000
1776280055.221,155.221,0.91,110.19,0.9,50.1,0.92,4.56,0.93,56.0,0.08,12.82,0.07,56.0,0.09,100.19,0.1,45.1,0.01,0.01,2366.847898,1776280053000
1776280055.664,155.664,0.89,60.76,0.88,111.99,0.93,75.42,0.94,223.61,0.08,4.56,0.07,56.0,0.09,110.19,0.1,50.1,0.04,0.01,2366.968802,1776280054000
1776280055.927,155.927,0.91,15.0,0.9,15.5,0.92,12.82,0.93,50.23,0.07,75.42,0.06,223.61,0.11,60.76,0.12,111.99,0.01,0.04,2366.968802,1776280054000
1776280056.785,156.785,0.9,184.54,0.89,20.5,0.91,13.9,0.92,15.0,0.08,12.82,0.07,50.23,0.09,15.0,0.1,15.5,0.01,0.01,2367.011895,1776280055000
1776280057.635,157.635,0.9,203.76,0.89,20.0,0.91,3.04,0.92,51.0,0.09,13.9,0.08,15.0,0.1,184.54,0.11,20.5,0.01,0.01,2367.011895,1776280055000
1776280058.405,158.405,0.9,223.76,0.89,31.5,0.92,41.86,0.93,136.53,0.09,10.0,0.08,51.0,0.1,193.76,0.11,20.0,0.02,0.01,2366.938182,1776280056000
1776280061.091,161.091,0.91,165.68,0.9,141.53,0.92,2.0,0.93,5.0,0.08,41.86,0.07,136.53,0.1,223.76,0.11,31.5,0.01,0.02,2366.740856,1776280059000
1776280061.846,161.846,0.92,93.0,0.91,177.83,0.93,1.87,0.94,146.0,0.07,5.0,0.06,146.0,0.08,15.0,0.09,165.68,0.01,0.01,2366.723868,1776280060000
1776280063.309,163.309,0.93,41.0,0.92,93.87,0.95,130.0,0.96,188.61,0.07,1.87,0.06,146.0,0.08,93.0,0.09,177.83,0.02,0.01,2367.087615,1776280062000
1776280063.509,163.509,0.93,36.0,0.92,93.87,0.95,121.66,0.96,188.61,0.05,130.0,0.04,188.61,0.07,41.0,0.08,93.87,0.02,0.02,2367.087615,1776280062000
1776280063.968,163.968,0.93,36.0,0.92,93.87,0.95,27.29,0.96,188.61,0.05,130.39,0.04,188.61,0.07,36.0,0.08,93.87,0.02,0.02,2367.087615,1776280062000
1776280065.864,165.864,0.93,70.22,0.92,74.65,0.94,30.61,0.95,10.0,0.05,9.65,0.04,188.61,0.07,41.0,0.08,93.87,0.01,0.02,2367.269195,1776280064000
1776280066.73,166.73,0.93,90.22,0.92,37.15,0.94,21.41,0.95,10.0,0.06,30.61,0.05,10.0,0.07,70.22,0.08,74.65,0.01,0.01,2367.322858,1776280065000
1776280069.13,169.13,0.93,149.0,0.92,40.0,0.94,170.18,0.95,160.61,0.06,21.41,0.05,10.0,0.07,90.22,0.08,37.15,0.01,0.01,2367.271596,1776280067000
1776280070.17,170.17,0.94,84.0,0.93,247.6,0.95,1.73,0.96,332.8,0.06,170.18,0.05,160.61,0.07,149.0,0.08,40.0,0.01,0.01,2367.140119,1776280068000
1776280071.024,171.024,0.94,27.0,0.93,177.99,0.95,59.73,0.96,339.8,0.05,1.73,0.04,332.8,0.06,84.0,0.07,247.6,0.01,0.01,2367.08344,1776280069000
1776280073.242,173.242,0.94,5.0,0.93,161.99,0.95,277.33,0.96,331.8,0.05,59.73,0.04,339.8,0.06,27.0,0.07,177.99,0.01,0.01,2367.134058,1776280072000
1776280074.512,174.512,0.94,5.0,0.93,161.99,0.95,191.81,0.96,524.8,0.05,277.33,0.04,331.8,0.06,5.0,0.07,161.99,0.01,0.01,2367.044628,1776280073000
1776280075.158,175.158,0.94,5.0,0.93,171.99,0.95,215.75,0.96,524.8,0.05,191.81,0.04,524.8,0.06,5.0,0.07,161.99,0.01,0.01,2367.044245,1776280074000
1776280079.624,179.624,0.94,212.0,0.93,392.49,0.96,159.39,0.97,974.7,0.05,215.75,0.04,524.8,0.06,5.0,0.07,171.99,0.02,0.01,2367.035415,1776280078000
1776280080.028,180.028,0.95,57.0,0.94,214.0,0.96,154.39,0.97,974.7,0.04,159.39,0.03,974.7,0.06,212.0,0.07,392.49,0.01,0.02,2367.064743,1776280079000
1776280080.402,180.402,0.95,272.99,0.94,280.8,0.96,4.37,0.97,486.81,0.04,154.39,0.03,974.7,0.05,57.0,0.06,214.0,0.01,0.01,2367.064743,1776280079000
1776280080.653,180.653,0.96,189.0,0.95,305.62,0.97,458.74,0.98,628.47,0.03,486.81,0.02,628.47,0.04,7.63,0.05,277.99,0.01,0.01,2367.064743,1776280079000
1776280080.969,180.969,0.96,212.0,0.95,298.62,0.97,423.55,0.98,628.47,0.03,444.52,0.02,628.47,0.04,189.0,0.05,305.62,0.01,0.01,2367.158468,1776280080000
1776280081.601,181.601,0.96,169.0,0.95,242.62,0.97,249.36,0.98,1028.47,0.03,413.55,0.02,628.47,0.04,219.0,0.05,290.99,0.01,0.01,2367.158468,1776280080000
1776280082.035,182.035,0.96,179.0,0.95,242.62,0.97,255.2,0.98,1228.47,0.03,249.36,0.02,1028.47,0.04,169.0,0.05,242.62,0.01,0.01,2367.198152,1776280081000
1776280082.658,182.658,0.96,216.63,0.95,234.99,0.97,224.04,0.98,1528.47,0.03,235.04,0.02,1228.47,0.04,167.0,0.05,242.62,0.01,0.01,2367.198152,1776280081000
1776280083.296,183.296,0.96,338.62,0.95,302.79,0.97,30.65,0.98,452.58,0.03,224.04,0.02,1528.47,0.04,216.63,0.05,234.99,0.01,0.01,2367.198152,1776280081000
1776280083.837,183.837,0.96,330.99,0.95,335.08,0.97,23.02,0.98,452.58,0.03,30.65,0.02,452.58,0.04,338.62,0.05,302.79,0.01,0.01,2367.612091,1776280082000
1776280084.144,184.144,0.97,6.98,0.96,471.69,0.98,422.58,0.99,2820.59,0.03,23.02,0.02,452.58,0.04,330.99,0.05,335.08,0.01,0.01,2367.612091,1776280082000
1776280084.595,184.595,0.97,146.0,0.96,404.69,0.98,410.58,0.99,2920.59,0.02,422.58,0.01,2820.59,0.03,6.98,0.04,471.69,0.01,0.01,2367.612091,1776280082000
1776280084.891,184.891,0.97,136.45,0.96,225.99,0.98,432.58,0.99,2920.59,0.02,410.58,0.01,2920.59,0.03,146.0,0.04,404.69,0.01,0.01,2367.612091,1776280082000
1776280085.168,185.168,0.97,134.0,0.96,275.99,0.98,390.6,0.99,3120.59,0.02,420.6,0.01,2920.59,0.03,134.0,0.04,225.99,0.01,0.01,2367.612091,1776280082000
1776280086.487,186.487,0.97,134.0,0.96,354.69,0.98,1086.49,0.99,2920.59,0.02,390.6,0.01,3120.59,0.03,134.0,0.04,275.99,0.01,0.01,2367.801924,1776280084000
1776280086.713,186.713,0.97,134.0,0.96,354.69,0.98,1042.34,0.99,2920.59,0.02,1061.49,0.01,2920.59,0.03,134.0,0.04,354.69,0.01,0.01,2367.949152,1776280085000
1776280087.13,187.13,0.97,134.0,0.96,354.69,0.98,1031.31,0.99,2920.59,0.02,1042.34,0.01,2920.59,0.03,134.0,0.04,354.69,0.01,0.01,2367.949152,1776280085000
1776280087.457,187.457,0.97,166.0,0.96,354.69,0.98,999.01,0.99,3120.59,0.02,1006.04,0.01,2920.59,0.03,134.0,0.04,354.69,0.01,0.01,2367.949152,1776280085000
1776280087.716,187.716,0.97,41.0,0.96,365.69,0.98,969.01,0.99,3120.59,0.02,999.01,0.01,3120.59,0.03,166.0,0.04,354.69,0.01,0.01,2367.949152,1776280085000
1776280088.286,188.286,0.97,41.0,0.96,365.69,0.98,945.01,0.99,3120.59,0.02,969.01,0.01,3120.59,0.03,41.0,0.04,365.69,0.01,0.01,2367.853691,1776280086000
1776280089.639,189.639,0.97,28.99,0.96,205.0,0.98,316.01,0.99,2920.59,0.02,945.01,0.01,3120.59,0.03,41.0,0.04,365.69,0.01,0.01,2367.876241,1776280088000
1776280090.164,190.164,0.97,36.0,0.96,259.99,0.98,230.01,0.99,2920.59,0.02,316.01,0.01,2920.59,0.03,28.99,0.04,205.0,0.01,0.01,2367.876241,1776280088000
1776280090.503,190.503,0.97,36.0,0.96,395.7,0.98,167.92,0.99,2920.59,0.02,190.01,0.01,2920.59,0.03,36.0,0.04,264.99,0.01,0.01,2367.965717,1776280089000
1776280091.224,191.224,0.97,166.0,0.96,430.7,0.99,2919.57,,,0.02,167.92,0.01,2920.59,0.03,36.0,0.04,395.7,0.02,0.01,2367.965717,1776280089000
1776280092.328,192.328,0.98,165.0,0.97,68.0,0.99,2732.48,,,0.01,2528.5,,,0.03,171.0,0.04,386.09,0.01,0.02,2367.940116,1776280090000
1776280092.669,192.669,0.97,48.0,0.96,354.7,0.98,168.0,0.99,2786.27,0.01,2725.46,,,0.02,165.0,0.03,48.0,0.01,0.01,2367.855795,1776280091000
1776280093.171,193.171,0.97,38.0,0.96,457.7,0.98,3.97,0.99,2756.27,0.01,2756.27,,,0.03,38.0,0.04,452.7,0.01,0.02,2368.031505,1776280092000
1776280093.915,193.915,0.98,10.0,0.97,48.31,0.99,2665.87,,,0.02,0.88,0.01,2756.27,0.03,143.0,0.04,457.7,0.01,0.01,2368.031505,1776280092000
1776280094.377,194.377,0.97,48.31,0.96,316.7,0.98,390.0,0.99,2665.87,0.01,2665.87,,,0.02,10.0,0.03,48.31,0.01,0.01,2368.031505,1776280092000
1776280094.81,194.81,0.96,160.01,0.95,298.79,0.97,14.69,0.98,391.46,0.02,171.76,0.01,2860.87,0.03,38.31,0.04,153.71,0.01,0.01,2368.031505,1776280092000
1776280095.275,195.275,0.96,205.01,0.95,282.79,0.97,149.4,0.98,437.65,0.03,13.65,0.02,573.77,0.04,160.01,0.05,298.79,0.01,0.01,2368.003,1776280093000
1776280095.48,195.48,0.96,205.01,0.95,282.79,0.97,132.59,0.98,437.65,0.03,132.59,0.02,437.65,0.04,205.01,0.05,282.79,0.01,0.01,2368.003,1776280093000
1776280095.688,195.688,0.96,205.01,0.95,226.8,0.97,115.2,0.98,437.65,0.03,117.26,0.02,437.65,0.04,205.01,0.05,282.79,0.01,0.01,2367.912507,1776280094000
1776280096.005,196.005,0.96,57.01,0.95,125.0,0.97,181.2,0.98,437.65,0.03,115.2,0.02,437.65,0.04,205.01,0.05,226.8,0.01,0.01,2367.912507,1776280094000
1776280098.535,198.535,0.96,2.01,0.95,15.0,0.97,395.9,0.98,615.7,0.03,181.2,0.02,437.65,0.04,66.26,0.05,125.0,0.01,0.01,2367.529748,1776280096000
1776280100.168,200.168,0.95,88.12,0.94,20.62,0.96,384.52,0.97,373.7,0.04,30.99,0.03,395.9,0.05,5.0,0.06,130.62,0.01,0.01,2367.08713,1776280098000
1776280100.551,200.551,0.95,35.12,0.94,93.8,0.96,441.52,0.97,273.7,0.04,780.22,0.03,273.7,0.05,54.12,0.06,20.62,0.01,0.01,2367.08713,1776280098000
1776280101.273,201.273,0.93,114.78,0.92,10.0,0.96,728.51,0.97,327.7,0.04,426.52,0.03,473.7,0.05,35.12,0.06,93.8,0.03,0.01,2367.045101,1776280099000
1776280101.711,201.711,0.93,64.78,0.92,10.0,0.94,302.81,0.95,277.8,0.06,251.81,0.05,96.0,0.07,74.78,0.08,10.0,0.01,0.01,2366.839912,1776280100000
1776280102.117,202.117,0.93,64.78,0.92,168.26,0.94,391.75,0.95,277.8,0.06,411.81,0.05,277.8,0.07,64.78,0.08,10.0,0.01,0.01,2366.839912,1776280100000
1776280102.453,202.453,0.93,44.78,0.92,163.26,0.94,434.75,0.95,282.8,0.06,391.75,0.05,277.8,0.07,64.78,0.08,168.26,0.01,0.01,2366.757156,1776280101000
1776280102.658,202.658,0.93,44.78,0.92,163.26,0.94,773.73,0.95,182.8,0.06,434.75,0.05,282.8,0.07,44.78,0.08,163.26,0.01,0.01,2366.757156,1776280101000
1776280103.769,203.769,0.92,166.86,0.91,52.96,0.93,390.03,0.94,466.11,0.07,279.81,0.06,288.8,0.08,103.04,0.09,52.96,0.01,0.01,2366.10682,1776280102000
1776280104.05,204.05,0.92,166.86,0.91,52.96,0.93,388.41,0.94,491.11,0.07,390.03,0.06,466.11,0.08,166.86,0.09,52.96,0.01,0.01,2366.10682,1776280102000
1776280104.511,204.511,0.92,166.86,0.91,52.96,0.93,338.17,0.94,491.11,0.07,380.17,0.06,491.11,0.08,166.86,0.09,52.96,0.01,0.01,2366.10682,1776280102000
1776280105.395,205.395,0.92,171.86,0.91,52.96,0.93,351.55,0.94,491.11,0.07,338.17,0.06,491.11,0.08,166.86,0.09,52.96,0.01,0.01,2365.695473,1776280104000
1776280105.802,205.802,0.92,166.86,0.91,52.96,0.93,342.24,0.94,491.11,0.07,343.86,0.06,491.11,0.08,171.86,0.09,52.96,0.01,0.01,2365.695473,1776280104000
1776280106.032,206.032,0.92,181.86,0.91,62.96,0.93,241.86,0.94,451.11,0.07,258.48,0.06,466.11,0.08,176.86,0.09,52.96,0.01,0.01,2365.692674,1776280105000
1776280106.563,206.563,0.92,344.36,0.91,79.46,0.93,4.54,0.95,75.8,0.07,3.38,0.06,241.11,0.08,181.86,0.09,73.96,0.01,0.01,2365.692674,1776280105000
1776280106.914,206.914,0.93,19.0,0.92,376.36,0.96,193.62,0.97,168.7,0.04,193.72,0.03,168.7,0.07,19.0,0.08,381.36,0.03,0.03,2365.692674,1776280105000
1776280107.188,207.188,0.94,20.0,0.93,189.5,0.95,6.36,0.96,99.63,0.05,9.0,0.04,370.93,0.06,10.0,0.07,119.0,0.01,0.01,2365.646313,1776280106000
1776280107.583,207.583,0.95,10.0,0.94,40.44,0.96,88.56,0.97,144.7,0.05,6.36,0.04,99.63,0.06,20.0,0.07,189.5,0.01,0.01,2365.646313,1776280106000
1776280108.149,208.149,0.93,134.0,0.92,157.5,0.95,230.0,0.96,424.61,0.04,88.56,0.03,144.7,0.05,10.0,0.06,40.44,0.02,0.01,2365.95705,1776280107000
1776280109.503,209.503,0.94,65.72,0.93,139.0,0.95,265.75,0.96,305.56,0.05,230.0,0.04,424.61,0.07,134.0,0.08,157.5,0.01,0.02,2366.280205,1776280108000
1776280110.406,210.406,0.94,37.38,0.93,139.0,0.95,191.81,0.96,305.56,0.05,265.75,0.04,305.56,0.06,65.72,0.07,139.0,0.01,0.01,2366.046784,1776280109000
1776280110.689,210.689,0.94,31.26,0.93,139.0,0.95,216.81,0.96,304.56,0.05,191.81,0.04,305.56,0.06,37.38,0.07,139.0,0.01,0.01,2366.046784,1776280109000
1776280111.103,211.103,0.94,75.7,0.93,5.0,0.95,432.27,0.96,235.56,0.05,236.68,0.04,329.56,0.06,21.26,0.07,139.0,0.01,0.01,2366.046784,1776280109000
1776280112.975,212.975,0.91,52.96,0.9,86.11,0.95,218.46,0.96,354.56,0.05,432.27,0.04,235.56,0.06,75.7,0.07,5.0,0.04,0.01,2366.05144,1776280111000
1776280113.309,213.309,0.91,24.96,0.9,86.11,0.95,636.16,0.96,354.56,0.05,218.46,0.04,354.56,0.09,44.96,0.1,86.11,0.04,0.04,2366.05144,1776280111000
1776280113.553,213.553,0.9,29.6,0.89,30.0,0.92,110.0,0.95,631.16,0.05,636.16,0.04,354.56,0.09,10.99,0.1,86.11,0.02,0.04,2365.952114,1776280112000
1776280113.997,213.997,0.9,29.6,0.89,35.0,0.91,45.0,0.92,100.0,0.08,110.0,0.05,631.16,0.1,29.6,0.11,30.0,0.01,0.02,2365.6561,1776280113000
1776280114.588,214.588,0.9,49.6,0.89,111.83,0.91,92.25,0.92,31.0,0.09,23.9,0.08,5.0,0.1,29.6,0.11,35.0,0.01,0.01,2365.6561,1776280113000
1776280114.944,214.944,0.9,49.6,0.89,96.83,0.91,87.03,0.92,41.0,0.09,92.25,0.08,31.0,0.1,49.6,0.11,111.83,0.01,0.01,2365.6561,1776280113000
1776280115.394,215.394,0.9,34.6,0.89,96.83,0.91,45.0,0.92,483.71,0.09,87.03,0.08,41.0,0.1,49.6,0.11,96.83,0.01,0.01,2365.37993,1776280114000
1776280115.78,215.78,0.9,11.6,0.89,35.0,0.91,332.81,0.92,213.9,0.09,45.0,0.08,483.71,0.1,34.6,0.11,96.83,0.01,0.01,2365.37993,1776280114000
1776280116.068,216.068,0.9,6.71,0.89,25.0,0.91,386.81,0.92,238.9,0.09,332.81,0.08,213.9,0.1,11.6,0.11,35.0,0.01,0.01,2365.269221,1776280115000
1776280116.393,216.393,0.89,5.0,0.88,35.0,0.9,43.29,0.91,344.81,0.09,386.81,0.08,238.9,0.1,6.71,0.11,25.0,0.01,0.01,2365.269221,1776280115000
1776280117.196,217.196,0.89,5.0,0.88,35.0,0.9,219.6,0.91,165.0,0.1,43.29,0.09,344.81,0.11,5.0,0.12,35.0,0.01,0.01,2365.27888,1776280116000
1776280117.582,217.582,0.87,75.0,0.86,115.0,0.88,84.33,0.89,125.29,0.1,219.6,0.09,165.0,0.11,5.0,0.12,35.0,0.01,0.01,2365.27888,1776280116000
1776280118.212,218.212,0.87,93.5,0.86,153.5,0.88,7.0,0.89,38.0,0.12,84.33,0.11,125.29,0.13,75.0,0.14,115.0,0.01,0.01,2365.27888,1776280116000
1776280119.099,219.099,0.88,45.5,0.87,93.5,0.89,26.47,0.9,264.79,0.11,38.0,0.1,223.79,0.12,5.0,0.13,98.5,0.01,0.01,2365.176916,1776280117000
1776280119.53,219.53,0.88,78.5,0.87,93.5,0.9,53.81,0.91,30.0,0.11,26.47,0.1,264.79,0.12,45.5,0.13,93.5,0.02,0.01,2365.122513,1776280118000
1776280120.492,220.492,0.9,52.0,0.89,20.5,0.91,13.15,0.92,15.0,0.09,18.15,0.08,5.0,0.12,86.5,0.13,93.5,0.01,0.03,2365.139636,1776280119000
1776280120.856,220.856,0.89,20.5,0.88,35.5,0.91,50.0,0.92,89.0,0.09,13.15,0.08,5.0,0.1,29.5,0.11,20.5,0.02,0.01,2365.139636,1776280119000
1776280121.464,221.464,0.91,10.0,0.9,30.5,0.92,107.89,0.93,55.3,0.09,50.0,0.08,89.0,0.11,20.5,0.12,35.5,0.01,0.02,2365.221369,1776280120000
1776280121.978,221.978,0.93,10.0,0.92,10.5,0.94,142.49,0.95,196.8,0.08,107.89,0.07,55.3,0.09,10.0,0.1,30.5,0.01,0.01,2365.324555,1776280121000
1776280124.633,224.633,0.93,48.5,0.92,30.5,0.94,56.5,0.95,175.8,0.06,139.49,0.05,196.8,0.07,10.0,0.08,10.5,0.01,0.01,2365.523275,1776280123000
1776280125.047,225.047,0.93,35.5,0.92,30.5,0.94,52.81,0.95,175.8,0.06,56.5,0.05,175.8,0.07,48.5,0.08,30.5,0.01,0.01,2365.523275,1776280123000
1776280125.489,225.489,0.93,43.5,0.92,30.5,0.94,51.74,0.95,175.8,0.06,52.81,0.05,175.8,0.07,35.5,0.08,30.5,0.01,0.01,2365.465124,1776280124000
1776280126.507,226.507,0.94,110.0,0.93,162.5,0.96,125.0,0.97,128.7,0.06,51.74,0.05,175.8,0.07,43.5,0.08,30.5,0.02,0.01,2365.601449,1776280125000
1776280127.697,227.697,0.95,50.5,0.94,159.5,0.96,41.0,0.97,231.51,0.04,125.0,0.03,128.7,0.06,110.0,0.07,162.5,0.01,0.02,2365.601449,1776280126000
1776280128.804,228.804,0.96,42.5,0.95,69.5,0.97,186.12,0.98,860.4,0.04,41.0,0.03,231.51,0.05,50.5,0.06,159.5,0.01,0.01,2365.854846,1776280127000
1776280129.481,229.481,0.96,47.5,0.95,76.5,0.97,190.28,0.98,860.4,0.03,186.12,0.02,860.4,0.04,42.5,0.05,69.5,0.01,0.01,2366.174807,1776280128000
1776280130.927,230.927,0.96,35.5,0.95,163.5,0.97,75.28,0.98,1007.21,0.03,190.28,0.02,860.4,0.04,47.5,0.05,76.5,0.01,0.01,2366.15876,1776280129000
1776280131.81,231.81,0.96,42.5,0.95,163.5,0.97,73.19,0.98,1007.21,0.03,75.28,0.02,1007.21,0.04,35.5,0.05,163.5,0.01,0.01,2366.24717,1776280130000
1776280132.496,232.496,0.96,166.5,0.95,181.43,0.97,66.19,0.98,665.7,0.03,73.19,0.02,1007.21,0.04,42.5,0.05,163.5,0.01,0.01,2366.256719,1776280131000
1776280133.917,233.917,0.96,148.5,0.95,168.5,0.97,41.19,0.98,986.21,0.03,46.19,0.02,761.51,0.04,171.5,0.05,303.29,0.01,0.01,2366.296535,1776280132000
1776280136.588,236.588,0.96,148.5,0.95,319.1,0.97,10.18,0.98,903.21,0.03,41.19,0.02,986.21,0.04,148.5,0.05,244.3,0.01,0.01,2366.28016,1776280135000
1776280139.108,239.108,0.95,30.5,0.94,261.74,0.96,12.5,0.97,141.51,0.03,10.18,0.02,903.21,0.04,148.5,0.05,319.1,0.01,0.01,2366.211484,1776280138000
1776280140.507,240.507,0.96,10.0,0.95,20.0,0.97,4.84,0.98,359.51,0.04,12.5,0.03,141.51,0.05,30.5,0.06,261.74,0.01,0.01,2366.218085,1776280139000
1776280141.22,241.22,0.96,20.0,0.95,48.75,0.98,197.42,0.99,2629.41,0.02,338.23,0.01,2707.41,0.06,81.93,0.07,71.0,0.02,0.04,2366.218085,1776280139000
1776280142.199,242.199,0.97,10.0,0.96,15.75,0.98,770.02,0.99,2518.23,0.02,593.83,0.01,2629.41,0.04,10.0,0.05,48.75,0.01,0.02,2366.030341,1776280140000
1776280143.139,243.139,0.98,101.02,0.97,199.99,0.99,2208.42,,,0.02,770.02,0.01,2518.23,0.03,10.0,0.04,15.75,0.01,0.01,2366.10505,1776280141000
1776280143.618,243.618,0.98,137.02,0.97,191.45,0.99,2203.42,,,0.01,2208.42,,,0.02,101.02,0.03,199.99,0.01,0.01,2366.044345,1776280142000
1776280144.831,244.831,0.97,218.45,0.96,244.45,0.98,258.68,0.99,2203.42,0.01,2203.42,,,0.02,137.02,0.03,191.45,0.01,0.01,2366.117915,1776280143000
1776280145.174,245.174,0.97,213.45,0.96,244.45,0.99,2152.92,,,0.02,258.68,0.01,2203.42,0.03,218.45,0.04,244.45,0.02,0.01,2366.25431,1776280144000
1776280145.861,245.861,0.97,213.45,0.96,249.45,0.99,2151.9,,,0.01,2152.92,,,0.03,213.45,0.04,244.45,0.02,0.02,2366.25431,1776280144000
1776280146.417,246.417,0.97,213.45,0.96,249.45,0.99,2151.85,,,0.01,2151.9,,,0.03,213.45,0.04,249.45,0.02,0.02,2366.432155,1776280145000
1776280146.955,246.955,0.98,10.0,0.97,233.45,0.99,2348.85,,,0.01,2151.85,,,0.03,213.45,0.04,249.45,0.01,0.02,2366.432155,1776280145000
1776280147.22,247.22,0.97,263.45,0.96,163.7,0.98,259.25,0.99,2343.85,0.01,2343.85,,,0.02,3.65,0.03,233.45,0.01,0.01,2366.432155,1776280145000
1776280147.435,247.435,0.98,234.95,0.97,261.02,0.99,1773.25,,,0.01,1773.25,,,0.02,188.7,0.03,330.45,0.01,0.01,2366.405235,1776280146000
1776280147.957,247.957,0.98,280.95,0.97,261.02,0.99,2028.11,,,0.01,1773.25,,,0.02,234.95,0.03,261.02,0.01,0.01,2366.405235,1776280146000
1776280148.205,248.205,0.98,310.95,0.97,261.02,0.99,1763.25,,,0.01,2028.11,,,0.02,280.95,0.03,261.02,0.01,0.01,2366.405235,1776280146000
1776280148.533,248.533,0.98,305.95,0.97,261.02,0.99,1967.23,,,0.01,1763.25,,,0.02,310.95,0.03,261.02,0.01,0.01,2366.584307,1776280147000
1776280149.209,249.209,0.98,259.95,0.97,261.02,0.99,1958.85,,,0.01,1967.23,,,0.02,305.95,0.03,261.02,0.01,0.01,2366.584307,1776280147000
1776280149.986,249.986,0.98,337.95,0.97,236.02,0.99,1752.85,,,0.01,1958.85,,,0.02,259.95,0.03,261.02,0.01,0.01,2366.64336,1776280148000
1776280150.387,250.387,0.98,337.95,0.97,236.02,0.99,1483.85,,,0.01,1485.85,,,0.02,337.95,0.03,236.02,0.01,0.01,2366.64336,1776280148000
1776280150.761,250.761,0.98,337.95,0.97,236.02,0.99,1483.85,,,0.01,1483.85,,,0.02,337.95,0.03,236.02,0.01,0.01,2366.785955,1776280149000
1776280151.02,251.02,0.98,337.95,0.97,236.02,0.99,1473.75,,,0.01,1470.77,,,0.02,337.95,0.03,236.02,0.01,0.01,2366.785955,1776280149000
1776280151.519,251.519,0.98,337.95,0.97,236.02,0.99,1471.72,,,0.01,1473.75,,,0.02,337.95,0.03,236.02,0.01,0.01,2366.80369,1776280150000
1776280151.895,251.895,0.98,332.95,0.97,236.02,0.99,950.53,,,0.01,1448.53,,,0.02,332.95,0.03,236.02,0.01,0.01,2366.80369,1776280150000
1776280152.172,252.172,0.98,332.95,0.97,225.02,0.99,948.53,,,0.01,950.53,,,0.02,332.95,0.03,236.02,0.01,0.01,2366.80369,1776280150000
1776280152.542,252.542,0.98,332.95,0.97,225.02,0.99,943.42,,,0.01,948.53,,,0.02,332.95,0.03,225.02,0.01,0.01,2366.80369,1776280150000
1776280153.019,253.019,0.98,342.95,0.97,225.02,0.99,937.4,,,0.01,943.42,,,0.02,332.95,0.03,225.02,0.01,0.01,2366.974296,1776280151000
1776280153.963,253.963,0.98,375.13,0.97,225.02,0.99,922.4,,,0.01,937.4,,,0.02,342.95,0.03,225.02,0.01,0.01,2367.02092,1776280152000
1776280154.74,254.74,0.98,385.13,0.97,225.02,0.99,874.35,,,0.01,881.38,,,0.02,380.13,0.03,225.02,0.01,0.01,2367.042646,1776280153000
1776280154.95,254.95,0.98,384.13,0.97,225.02,0.99,872.26,,,0.01,872.31,,,0.02,384.13,0.03,225.02,0.01,0.01,2367.042646,1776280153000
1776280155.317,255.317,0.98,384.13,0.97,225.02,0.99,862.16,,,0.01,862.21,,,0.02,384.13,0.03,225.02,0.01,0.01,2367.042646,1776280153000
1776280155.952,255.952,0.98,374.13,0.97,225.02,0.99,855.14,,,0.01,862.16,,,0.02,384.13,0.03,225.02,0.01,0.01,2366.902543,1776280154000
1776280156.706,256.706,0.98,384.13,0.97,225.02,0.99,822.76,,,0.01,853.12,,,0.02,374.13,0.03,225.02,0.01,0.01,2366.82187,1776280155000
1776280157.126,257.126,0.98,374.13,0.97,225.02,0.99,805.2,,,0.01,820.2,,,0.02,379.13,0.03,225.02,0.01,0.01,2366.82187,1776280155000
1776280157.395,257.395,0.98,374.13,0.97,197.7,0.99,780.2,,,0.01,805.2,,,0.02,374.13,0.03,225.02,0.01,0.01,2366.82187,1776280155000
1776280158.138,258.138,0.98,374.13,0.97,197.7,0.99,674.96,,,0.01,780.2,,,0.02,374.13,0.03,197.7,0.01,0.01,2366.949194,1776280156000
1776280158.571,258.571,0.98,480.18,0.97,176.7,0.99,645.87,,,0.01,667.87,,,0.02,374.13,0.03,197.7,0.01,0.01,2366.837723,1776280157000
1776280159.363,259.363,0.99,2174.2,0.98,334.2,,,,,,,,,0.01,584.13,0.02,480.18,,,2366.839625,1776280158000
1776280164.269,264.269,0.99,1240.21,0.98,314.2,,,,,,,,,0.01,2174.2,0.02,334.2,,,2367.291381,1776280162000
1776280164.85,264.85,0.99,1223.21,0.98,314.2,,,,,,,,,0.01,1240.21,0.02,314.2,,,2367.041477,1776280163000
1776280171.227,271.227,0.99,3387.18,0.98,314.2,,,,,,,,,0.01,1223.21,0.02,314.2,,,2367.07262,1776280169000
1776280198.941,298.941,0.99,11073.6,0.98,73.0,,,,,,,,,0.01,3387.18,0.02,314.2,,,2367.223696,1776280197000
1776280200.405,300.405,0.99,70631.65,0.98,100.0,,,,,,,,,0.01,11073.6,0.02,73.0,,,2367.206523,1776280199000

# RESULT,winner=Up,slug=eth-updown-5m-1776279900,ticks=342
