timestamp,elapsed_sec,up_bid_p1,up_bid_s1,up_bid_p2,up_bid_s2,up_ask_p1,up_ask_s1,up_ask_p2,up_ask_s2,down_bid_p1,down_bid_s1,down_bid_p2,down_bid_s2,down_ask_p1,down_ask_s1,down_ask_p2,down_ask_s2,up_spread,down_spread,eth_price,eth_oracle_ts
1776244511.304,11.304,0.47,14.37,0.46,26.31,0.48,50.0,0.49,99.0,0.52,50.0,0.51,99.0,0.53,9.37,0.54,26.31,0.01,0.01,2324.415285,1776244509000
1776244511.573,11.573,0.47,14.37,0.46,26.31,0.48,50.0,0.49,99.0,0.52,50.0,0.51,99.0,0.53,9.37,0.54,26.31,0.01,0.01,2324.475071,1776244510000
1776244511.941,11.941,0.47,265.87,0.46,33.0,0.48,11.08,0.49,70.0,0.52,46.5,0.51,95.0,0.53,24.87,0.54,31.31,0.01,0.01,2324.475071,1776244510000
1776244512.351,12.351,0.48,260.5,0.47,90.87,0.49,50.0,0.5,95.46,0.51,50.0,0.5,90.46,0.52,40.5,0.53,281.87,0.01,0.01,2324.475071,1776244511000
1776244512.61,12.61,0.48,260.5,0.47,90.87,0.49,42.95,0.5,95.46,0.51,50.0,0.5,95.46,0.52,260.5,0.53,90.87,0.01,0.01,2324.475071,1776244511000
1776244513.185,13.185,0.49,250.5,0.48,75.5,0.5,74.96,0.51,95.0,0.5,90.46,0.49,90.0,0.52,255.5,0.53,90.87,0.01,0.02,2324.475071,1776244511000
1776244513.663,13.663,0.49,250.5,0.48,75.5,0.5,67.96,0.51,95.0,0.5,67.96,0.49,95.0,0.51,250.5,0.52,75.5,0.01,0.01,2324.455223,1776244512000
1776244514.35,14.35,0.49,250.5,0.48,75.5,0.5,67.96,0.51,95.0,0.5,67.96,0.49,95.0,0.51,250.5,0.52,75.5,0.01,0.01,2324.546015,1776244513000
1776244514.813,14.813,0.49,243.4,0.48,75.5,0.5,67.96,0.51,95.0,0.5,67.96,0.49,95.0,0.51,250.5,0.52,75.5,0.01,0.01,2324.546015,1776244513000
1776244515.014,15.014,0.49,243.4,0.48,75.5,0.5,67.96,0.51,95.0,0.5,67.96,0.49,95.0,0.51,243.4,0.52,75.5,0.01,0.01,2324.563115,1776244514000
1776244515.65,15.65,0.49,260.4,0.48,150.5,0.51,20.0,0.56,6.0,0.5,62.96,0.49,95.0,0.51,243.4,0.52,75.5,0.02,0.01,2324.563115,1776244514000
1776244516.257,16.257,0.55,15.0,0.54,15.0,0.56,17.0,0.57,75.0,0.44,6.0,0.43,85.0,0.5,27.0,0.51,326.4,0.01,0.06,2324.563115,1776244514000
1776244516.981,16.981,0.56,15.0,0.55,10.0,0.57,78.89,0.58,85.0,0.43,60.15,0.42,80.0,0.45,10.0,0.46,15.0,0.01,0.02,2324.620965,1776244515000
1776244518.088,18.088,0.56,10.0,0.55,10.0,0.57,73.89,0.58,85.0,0.43,78.89,0.42,85.0,0.44,15.0,0.45,10.0,0.01,0.01,2324.628975,1776244516000
1776244518.505,18.505,0.56,10.0,0.55,10.0,0.57,73.89,0.58,85.0,0.43,73.89,0.42,85.0,0.44,10.0,0.45,10.0,0.01,0.01,2324.874295,1776244517000
1776244519.398,19.398,0.56,50.5,0.55,20.5,0.57,39.72,0.58,75.0,0.43,60.22,0.42,99.0,0.44,10.0,0.45,10.0,0.01,0.01,2324.874295,1776244517000
1776244520.389,20.389,0.56,81.28,0.55,26.5,0.57,39.72,0.58,82.0,0.43,39.72,0.42,75.0,0.44,50.5,0.45,20.5,0.01,0.01,2324.874295,1776244517000
1776244520.834,20.834,0.58,74.5,0.57,46.5,0.62,11.38,0.64,83.89,0.43,39.72,0.42,82.0,0.44,81.28,0.45,26.5,0.04,0.01,2324.874295,1776244517000
1776244521.074,21.074,0.62,20.0,0.61,20.0,0.63,17.67,0.64,101.89,0.38,11.38,0.36,83.89,0.42,74.5,0.43,46.5,0.01,0.04,2324.874295,1776244517000
1776244522.236,22.236,0.62,15.0,0.61,20.0,0.63,193.69,0.64,120.69,0.37,8.7,0.36,101.89,0.38,15.0,0.39,20.0,0.01,0.01,2324.874295,1776244517000
1776244523.539,23.539,0.62,15.0,0.61,20.0,0.63,200.03,0.64,112.69,0.37,193.69,0.36,120.69,0.38,15.0,0.39,20.0,0.01,0.01,2324.874295,1776244517000
1776244527.391,27.391,0.61,10.0,0.6,15.0,0.62,41.5,0.63,238.03,0.37,200.03,0.36,112.69,0.38,15.0,0.39,20.0,0.01,0.01,2324.874295,1776244517000
1776244527.615,27.615,0.6,15.0,0.59,30.5,0.62,50.5,0.63,238.03,0.38,41.5,0.37,238.03,0.39,10.0,0.4,15.0,0.02,0.01,2324.874295,1776244517000
1776244528.755,28.755,0.59,10.0,0.58,15.5,0.62,239.5,0.63,39.03,0.38,45.25,0.37,238.03,0.4,15.0,0.41,30.5,0.03,0.02,2324.874295,1776244517000
1776244529.331,29.331,0.6,2.5,0.59,35.5,0.61,54.0,0.62,221.5,0.38,239.5,0.37,39.03,0.41,10.0,0.42,15.5,0.01,0.03,2324.874295,1776244517000
1776244531.075,31.075,0.59,25.62,0.58,25.5,0.6,25.0,0.61,214.0,0.39,54.0,0.38,221.5,0.41,35.5,0.42,20.5,0.01,0.02,2324.874295,1776244517000
1776244531.343,31.343,0.59,25.62,0.58,25.5,0.6,23.33,0.61,214.0,0.4,25.0,0.39,214.0,0.41,25.62,0.42,25.5,0.01,0.01,2324.874295,1776244517000
1776244531.968,31.968,0.59,15.62,0.58,25.5,0.6,20.0,0.61,214.0,0.4,23.33,0.39,214.0,0.41,25.62,0.42,25.5,0.01,0.01,2324.874295,1776244517000
1776244537.296,37.296,0.6,104.5,0.59,210.62,0.61,2.0,0.62,255.0,0.4,20.0,0.39,214.0,0.41,15.62,0.42,25.5,0.01,0.01,2324.874295,1776244517000
1776244537.871,37.871,0.61,94.5,0.6,75.5,0.62,67.0,0.64,306.69,0.39,2.0,0.38,255.0,0.4,104.5,0.41,210.62,0.01,0.01,2324.874295,1776244517000
1776244538.21,38.21,0.63,124.5,0.62,25.5,0.64,109.98,0.65,15.0,0.38,67.0,0.36,306.69,0.39,94.5,0.4,75.5,0.01,0.01,2324.874295,1776244517000
1776244539.219,39.219,0.6,69.5,0.59,25.5,0.61,10.36,0.62,364.0,0.36,106.88,0.35,15.0,0.37,124.5,0.38,25.5,0.01,0.01,2324.874295,1776244517000
1776244539.541,39.541,0.6,17.65,0.59,25.5,0.61,21.72,0.62,379.5,0.39,3.72,0.38,199.5,0.4,50.0,0.41,25.5,0.01,0.01,2324.874295,1776244517000
1776244540.197,40.197,0.6,17.65,0.59,25.5,0.61,244.52,0.62,199.5,0.39,21.72,0.38,379.5,0.4,17.65,0.41,25.5,0.01,0.01,2324.874295,1776244517000
1776244541.604,41.604,0.6,40.51,0.59,25.5,0.61,242.65,0.62,199.5,0.39,242.29,0.38,199.5,0.4,17.65,0.41,25.5,0.01,0.01,2324.874295,1776244517000
1776244542.775,42.775,0.52,3.91,0.51,5.0,0.53,37.5,0.54,32.5,0.39,242.65,0.38,199.5,0.4,40.51,0.41,25.5,0.01,0.01,2324.874295,1776244517000
1776244543.133,43.133,0.5,5.4,0.49,5.0,0.51,48.52,0.52,25.5,0.49,15.2,0.48,10.0,0.5,5.4,0.51,5.0,0.01,0.01,2324.874295,1776244517000
1776244545.386,45.386,0.5,5.4,0.49,15.0,0.51,51.9,0.52,100.5,0.49,13.01,0.48,36.32,0.5,5.4,0.51,5.0,0.01,0.01,2324.874295,1776244517000
1776244547.342,47.342,0.5,10.4,0.49,21.08,0.51,44.9,0.52,95.5,0.49,51.9,0.48,100.5,0.5,5.4,0.51,15.0,0.01,0.01,2324.874295,1776244517000
1776244555.577,55.577,0.46,23.5,0.45,23.0,0.48,96.0,0.49,183.0,0.49,44.9,0.48,95.5,0.5,10.4,0.51,21.08,0.02,0.01,2324.874295,1776244517000
1776244555.879,55.879,0.46,23.5,0.45,23.0,0.47,81.0,0.48,141.0,0.52,96.0,0.51,183.0,0.54,23.5,0.55,23.0,0.01,0.02,2324.874295,1776244517000
1776244557.37,57.37,0.46,38.5,0.45,23.0,0.47,78.87,0.48,141.0,0.53,81.0,0.52,141.0,0.54,23.5,0.55,23.0,0.01,0.01,2324.874295,1776244517000
1776244559.106,59.106,0.46,290.5,0.45,33.0,0.47,57.62,0.48,126.0,0.53,78.87,0.52,141.0,0.54,38.5,0.55,23.0,0.01,0.01,2324.874295,1776244517000
1776244560.486,60.486,0.46,301.4,0.45,33.0,0.47,36.0,0.48,86.0,0.53,57.62,0.52,126.0,0.54,290.5,0.55,33.0,0.01,0.01,2324.874295,1776244517000
1776244561.201,61.201,0.47,97.5,0.46,221.4,0.48,95.58,0.49,151.0,0.52,86.0,0.51,146.0,0.54,301.4,0.55,33.0,0.01,0.02,2324.874295,1776244517000
1776244562.946,62.946,0.47,22.5,0.46,221.4,0.48,139.61,0.49,171.5,0.52,93.49,0.51,151.0,0.53,42.5,0.54,221.4,0.01,0.01,2324.874295,1776244517000
1776244564.226,64.226,0.47,245.5,0.46,48.4,0.49,76.0,0.5,10.0,0.52,139.61,0.51,171.5,0.53,22.5,0.54,221.4,0.02,0.01,2324.874295,1776244517000
1776244564.887,64.887,0.48,70.5,0.47,227.5,0.49,77.95,0.5,5.0,0.51,75.0,0.49,70.0,0.52,85.5,0.53,232.5,0.01,0.01,2324.874295,1776244517000
1776244566.404,66.404,0.54,25.0,0.53,30.5,0.55,10.02,0.56,85.5,0.51,77.95,0.5,5.0,0.52,70.5,0.53,227.5,0.01,0.01,2324.874295,1776244517000
1776244567.472,67.472,0.56,377.5,0.55,142.5,0.63,10.0,0.64,70.0,0.45,10.02,0.44,85.5,0.46,25.0,0.47,30.5,0.07,0.01,2324.874295,1776244517000
1776244567.84,67.84,0.64,36.0,0.63,83.92,0.65,6.11,0.66,10.5,0.35,5.61,0.34,15.5,0.36,25.5,0.37,31.92,0.01,0.01,2324.874295,1776244517000
1776244568.231,68.231,0.63,15.0,0.62,10.0,0.65,23.11,0.66,315.5,0.35,6.11,0.34,10.5,0.36,36.0,0.37,83.92,0.02,0.01,2324.874295,1776244517000
1776244568.528,68.528,0.63,10.0,0.62,10.0,0.64,15.0,0.65,196.11,0.35,23.11,0.34,315.5,0.37,15.0,0.38,10.0,0.01,0.02,2324.874295,1776244517000
1776244568.758,68.758,0.62,15.0,0.61,15.0,0.63,47.02,0.64,110.5,0.36,30.5,0.35,196.11,0.38,10.0,0.39,15.0,0.01,0.02,2324.874295,1776244517000
1776244569.347,69.347,0.62,45.22,0.61,25.5,0.63,34.52,0.64,100.0,0.37,47.02,0.36,290.5,0.38,12.36,0.39,15.0,0.01,0.01,2324.874295,1776244517000
1776244569.978,69.978,0.63,61.5,0.62,41.5,0.64,31.25,0.65,10.5,0.36,75.0,0.35,180.5,0.38,38.5,0.39,25.5,0.01,0.02,2324.874295,1776244517000
1776244570.793,70.793,0.67,20.0,0.66,20.0,0.68,351.91,0.69,10.0,0.36,19.05,0.35,10.5,0.37,61.5,0.38,41.5,0.01,0.01,2324.874295,1776244517000
1776244571.982,71.982,0.67,82.0,0.66,30.5,0.68,141.76,0.69,23.5,0.32,351.76,0.31,10.0,0.33,20.0,0.34,20.0,0.01,0.01,2324.874295,1776244517000
1776244574.898,74.898,0.67,87.5,0.66,30.5,0.68,125.26,0.69,208.5,0.32,141.76,0.31,23.5,0.33,82.0,0.34,30.5,0.01,0.01,2324.874295,1776244517000
1776244576.607,76.607,0.67,102.5,0.66,30.5,0.68,123.17,0.69,213.5,0.32,125.26,0.31,208.5,0.33,87.5,0.34,30.5,0.01,0.01,2324.874295,1776244517000
1776244576.983,76.983,0.67,106.21,0.66,30.5,0.68,121.69,0.69,211.5,0.32,123.17,0.31,213.5,0.33,101.21,0.34,30.5,0.01,0.01,2324.874295,1776244517000
1776244577.313,77.313,0.67,106.21,0.66,30.5,0.68,119.49,0.69,211.5,0.32,121.69,0.31,211.5,0.33,106.21,0.34,30.5,0.01,0.01,2324.874295,1776244517000
1776244577.901,77.901,0.67,103.17,0.66,30.5,0.68,119.49,0.69,211.5,0.32,119.49,0.31,211.5,0.33,106.21,0.34,30.5,0.01,0.01,2324.874295,1776244517000
1776244578.834,78.834,0.67,97.72,0.66,30.5,0.68,119.49,0.69,211.5,0.32,119.49,0.31,211.5,0.33,103.17,0.34,30.5,0.01,0.01,2324.874295,1776244517000
1776244580.157,80.157,0.67,126.81,0.66,30.5,0.68,109.33,0.69,200.5,0.32,119.49,0.31,211.5,0.33,97.72,0.34,30.5,0.01,0.01,2324.874295,1776244517000
1776244580.378,80.378,0.67,131.81,0.66,30.5,0.68,107.84,0.69,200.5,0.32,109.33,0.31,200.5,0.33,126.81,0.34,30.5,0.01,0.01,2324.874295,1776244517000
1776244580.855,80.855,0.67,131.81,0.66,30.5,0.68,104.34,0.69,205.5,0.32,107.84,0.31,200.5,0.33,131.81,0.34,30.5,0.01,0.01,2324.874295,1776244517000
1776244581.234,81.234,0.67,126.65,0.66,30.5,0.68,101.94,0.69,205.5,0.32,104.34,0.31,205.5,0.33,131.65,0.34,30.5,0.01,0.01,2324.874295,1776244517000
1776244581.449,81.449,0.67,131.65,0.66,30.5,0.68,105.44,0.69,205.5,0.32,101.94,0.31,205.5,0.33,126.65,0.34,30.5,0.01,0.01,2324.874295,1776244517000
1776244582.861,82.861,0.67,95.65,0.66,30.5,0.68,278.3,0.69,20.5,0.32,105.44,0.31,205.5,0.33,131.65,0.34,30.5,0.01,0.01,2324.874295,1776244517000
1776244584.245,84.245,0.67,105.65,0.66,58.93,0.68,253.0,0.69,10.0,0.32,278.3,0.31,20.5,0.33,95.65,0.34,30.5,0.01,0.01,2324.874295,1776244517000
1776244586.183,86.183,0.67,166.65,0.66,128.77,0.7,5.0,0.71,37.5,0.32,245.6,0.31,10.0,0.33,100.65,0.34,58.93,0.03,0.01,2324.874295,1776244517000
1776244586.472,86.472,0.69,141.5,0.68,25.5,0.7,3.42,0.71,37.5,0.3,5.0,0.29,37.5,0.33,166.65,0.34,128.77,0.01,0.03,2324.874295,1776244517000
1776244588.233,88.233,0.71,116.55,0.7,137.5,0.72,16.5,0.73,212.0,0.3,3.42,0.29,37.5,0.31,141.5,0.32,25.5,0.01,0.01,2324.874295,1776244517000
1776244588.803,88.803,0.72,10.0,0.71,94.6,0.73,205.0,0.74,27.0,0.28,16.5,0.27,212.0,0.29,129.1,0.3,137.5,0.01,0.01,2324.874295,1776244517000
1776244589.068,89.068,0.72,141.5,0.71,65.6,0.73,3.63,0.74,15.5,0.27,205.0,0.26,27.0,0.28,10.0,0.29,94.6,0.01,0.01,2324.874295,1776244517000
1776244589.369,89.369,0.73,65.62,0.72,52.0,0.74,10.5,0.75,38.02,0.26,10.5,0.25,38.02,0.27,15.0,0.28,126.0,0.01,0.01,2324.874295,1776244517000
1776244590.039,90.039,0.73,65.69,0.72,52.0,0.74,15.5,0.75,38.02,0.26,10.5,0.25,38.02,0.27,55.62,0.28,52.0,0.01,0.01,2324.874295,1776244517000
1776244590.446,90.446,0.73,70.62,0.72,62.5,0.75,2.32,0.76,203.0,0.26,15.5,0.25,38.02,0.27,65.69,0.28,52.0,0.02,0.01,2324.874295,1776244517000
1776244592.235,92.235,0.74,131.0,0.73,10.0,0.75,14.99,0.76,28.0,0.25,2.32,0.24,203.0,0.27,70.62,0.28,62.5,0.01,0.02,2324.874295,1776244517000
1776244593.403,93.403,0.74,126.0,0.73,15.0,0.75,12.12,0.76,37.0,0.25,14.99,0.24,28.0,0.26,131.0,0.27,10.0,0.01,0.01,2324.874295,1776244517000
1776244594.502,94.502,0.74,126.0,0.73,15.0,0.75,205.76,0.76,37.0,0.25,12.12,0.24,37.0,0.26,126.0,0.27,15.0,0.01,0.01,2324.874295,1776244517000
1776244595.149,95.149,0.74,126.0,0.73,15.0,0.75,204.42,0.76,37.0,0.25,205.76,0.24,37.0,0.26,126.0,0.27,15.0,0.01,0.01,2324.874295,1776244517000
1776244595.82,95.82,0.74,75.15,0.73,15.0,0.75,205.08,0.76,47.5,0.25,194.08,0.24,37.0,0.27,15.0,0.28,62.5,0.01,0.02,2324.874295,1776244517000
1776244596.132,96.132,0.74,52.15,0.72,16.0,0.75,241.58,0.76,48.5,0.25,205.08,0.24,47.5,0.26,75.15,0.27,15.0,0.01,0.01,2324.874295,1776244517000
1776244596.511,96.511,0.73,90.29,0.72,49.0,0.74,24.0,0.75,225.58,0.26,14.0,0.25,225.58,0.28,19.0,0.29,25.5,0.01,0.02,2324.874295,1776244517000
1776244596.862,96.862,0.74,6.15,0.73,41.29,0.75,215.08,0.76,20.5,0.26,4.0,0.25,215.08,0.27,90.29,0.28,49.0,0.01,0.01,2324.874295,1776244517000
1776244597.583,97.583,0.74,44.76,0.73,46.29,0.75,220.08,0.76,20.5,0.25,215.08,0.24,20.5,0.26,6.15,0.27,41.29,0.01,0.01,2324.874295,1776244517000
1776244599.021,99.021,0.74,86.41,0.73,51.79,0.75,17.0,0.76,12.0,0.25,220.08,0.24,20.5,0.26,44.76,0.27,46.29,0.01,0.01,2324.874295,1776244517000
1776244599.231,99.231,0.75,120.5,0.74,51.65,0.76,30.0,0.77,13.0,0.24,12.0,0.23,13.0,0.25,5.0,0.26,86.41,0.01,0.01,2324.874295,1776244517000
1776244599.748,99.748,0.75,82.0,0.74,16.65,0.76,54.0,0.77,36.0,0.24,30.0,0.23,13.0,0.25,120.5,0.26,51.65,0.01,0.01,2324.874295,1776244517000
1776244599.992,99.992,0.75,183.32,0.74,16.65,0.76,49.0,0.77,36.0,0.24,54.0,0.23,36.0,0.25,82.0,0.26,16.65,0.01,0.01,2324.874295,1776244517000
1776244600.339,100.339,0.75,176.8,0.74,16.65,0.76,49.0,0.77,36.0,0.24,49.0,0.23,36.0,0.25,183.32,0.26,16.65,0.01,0.01,2324.874295,1776244517000
1776244601.229,101.229,0.75,171.8,0.74,16.65,0.76,26.0,0.77,36.0,0.24,49.0,0.23,36.0,0.25,176.8,0.26,16.65,0.01,0.01,2324.874295,1776244517000
1776244602.19,102.19,0.75,109.17,0.74,21.65,0.76,26.0,0.77,36.0,0.24,26.0,0.23,36.0,0.25,171.8,0.26,16.65,0.01,0.01,2324.874295,1776244517000
1776244604.817,104.817,0.75,67.48,0.74,21.65,0.76,29.68,0.77,223.0,0.24,26.0,0.23,36.0,0.25,109.17,0.26,21.65,0.01,0.01,2324.874295,1776244517000
1776244606.062,106.062,0.76,5.0,0.75,112.98,0.77,223.0,0.78,5.0,0.24,29.68,0.23,223.0,0.25,67.48,0.26,21.65,0.01,0.01,2324.874295,1776244517000
1776244609.008,109.008,0.76,60.0,0.75,10.0,0.77,226.7,0.78,39.5,0.23,223.0,0.22,5.0,0.24,5.0,0.25,112.98,0.01,0.01,2324.874295,1776244517000
1776244609.317,109.317,0.74,21.65,0.73,26.79,0.77,215.7,0.78,39.5,0.23,226.7,0.22,39.5,0.24,60.0,0.25,10.0,0.03,0.01,2324.874295,1776244517000
1776244609.769,109.769,0.75,105.5,0.74,21.65,0.76,3.21,0.77,210.7,0.23,215.7,0.22,39.5,0.26,21.65,0.27,26.79,0.01,0.03,2324.874295,1776244517000
1776244611.399,111.399,0.76,74.16,0.75,25.5,0.77,203.7,0.78,37.0,0.24,3.21,0.23,210.7,0.25,103.89,0.26,21.65,0.01,0.01,2324.874295,1776244517000
1776244613.217,113.217,0.76,0.16,0.75,25.5,0.77,195.0,0.78,34.5,0.23,203.7,0.22,37.0,0.24,74.16,0.25,25.5,0.01,0.01,2324.874295,1776244517000
1776244613.954,113.954,0.76,55.66,0.75,15.0,0.77,195.0,0.78,34.5,0.23,195.0,0.22,34.5,0.24,0.16,0.25,25.5,0.01,0.01,2324.874295,1776244517000
1776244615.396,115.396,0.73,25.5,0.72,114.77,0.74,7.37,0.75,208.0,0.23,190.0,0.22,34.5,0.24,51.49,0.25,15.0,0.01,0.01,2324.874295,1776244517000
1776244615.673,115.673,0.73,35.5,0.72,114.77,0.74,2.16,0.75,198.0,0.26,3.53,0.25,208.0,0.27,30.5,0.28,114.77,0.01,0.01,2324.874295,1776244517000
1776244615.882,115.882,0.73,64.5,0.72,114.77,0.74,0.8,0.75,198.0,0.26,2.16,0.25,198.0,0.27,35.5,0.28,114.77,0.01,0.01,2324.874295,1776244517000
1776244617.061,117.061,0.73,74.5,0.72,109.77,0.75,187.12,0.76,26.0,0.26,0.8,0.25,198.0,0.27,64.5,0.28,114.77,0.02,0.01,2324.874295,1776244517000
1776244617.711,117.711,0.74,26.65,0.73,35.51,0.75,202.12,0.76,31.0,0.25,187.12,0.24,26.0,0.27,74.5,0.28,109.77,0.01,0.02,2324.874295,1776244517000
1776244618.072,118.072,0.74,26.65,0.73,35.51,0.75,190.12,0.76,31.0,0.25,202.12,0.24,31.0,0.26,26.65,0.27,35.51,0.01,0.01,2324.874295,1776244517000
1776244618.477,118.477,0.74,26.65,0.73,35.51,0.75,193.65,0.76,31.0,0.25,190.12,0.24,31.0,0.26,26.65,0.27,35.51,0.01,0.01,2324.874295,1776244517000
1776244618.728,118.728,0.74,22.8,0.73,35.51,0.75,188.65,0.76,31.0,0.25,193.65,0.24,31.0,0.26,26.65,0.27,35.51,0.01,0.01,2324.874295,1776244517000
1776244619.498,119.498,0.74,55.11,0.73,35.51,0.75,183.65,0.76,31.0,0.25,188.65,0.24,31.0,0.26,22.8,0.27,35.51,0.01,0.01,2324.874295,1776244517000
1776244620.583,120.583,0.74,47.12,0.73,35.51,0.75,176.98,0.76,31.0,0.25,181.98,0.24,31.0,0.26,55.11,0.27,35.51,0.01,0.01,2324.874295,1776244517000
1776244621.098,121.098,0.79,180.5,0.78,315.5,0.8,6.88,0.81,14.4,0.25,10.0,0.24,12.0,0.26,48.27,0.27,111.51,0.01,0.01,2324.874295,1776244517000
1776244621.32,121.32,0.84,10.0,0.83,10.0,0.85,274.28,0.86,34.9,0.19,11.28,0.15,271.0,0.21,180.5,0.22,315.5,0.01,0.02,2324.874295,1776244517000
1776244621.68,121.68,0.84,112.0,0.83,10.0,0.85,284.33,0.86,34.9,0.15,284.83,0.14,34.9,0.16,77.0,0.17,10.0,0.01,0.01,2324.874295,1776244517000
1776244621.887,121.887,0.84,37.0,0.83,15.0,0.85,312.53,0.86,34.9,0.15,284.33,0.14,34.9,0.16,57.0,0.17,10.0,0.01,0.01,2324.874295,1776244517000
1776244622.411,122.411,0.84,24.0,0.83,15.0,0.85,474.53,0.86,66.9,0.15,312.53,0.14,34.9,0.16,24.0,0.17,15.0,0.01,0.01,2324.874295,1776244517000
1776244622.623,122.623,0.84,1.5,0.83,15.0,0.85,359.53,0.86,66.9,0.15,474.53,0.14,66.9,0.16,24.0,0.17,15.0,0.01,0.01,2324.874295,1776244517000
1776244622.87,122.87,0.84,11.5,0.83,15.0,0.85,339.74,0.86,66.9,0.15,359.53,0.14,66.9,0.16,1.5,0.17,15.0,0.01,0.01,2324.874295,1776244517000
1776244623.128,123.128,0.84,30.0,0.83,60.11,0.85,293.84,0.86,76.9,0.15,311.54,0.14,76.9,0.17,54.11,0.18,30.5,0.01,0.02,2324.874295,1776244517000
1776244623.669,123.669,0.84,23.75,0.83,60.11,0.85,311.84,0.86,76.9,0.15,293.84,0.14,76.9,0.16,30.0,0.17,60.11,0.01,0.01,2324.874295,1776244517000
1776244623.891,123.891,0.83,53.05,0.82,30.5,0.85,306.84,0.86,76.9,0.15,311.84,0.14,76.9,0.16,23.75,0.17,60.11,0.02,0.01,2324.874295,1776244517000
1776244624.893,124.893,0.84,70.5,0.83,133.55,0.86,68.9,0.87,36.8,0.15,306.84,0.14,76.9,0.17,53.05,0.18,30.5,0.02,0.02,2324.874295,1776244517000
1776244625.428,125.428,0.83,100.5,0.82,100.5,0.85,196.73,0.86,51.5,0.14,68.9,0.13,36.8,0.16,70.5,0.17,133.55,0.02,0.02,2324.874295,1776244517000
1776244625.765,125.765,0.83,126.5,0.82,100.5,0.85,195.84,0.86,63.5,0.15,196.73,0.14,51.5,0.17,100.5,0.18,100.5,0.02,0.02,2324.874295,1776244517000
1776244626.054,126.054,0.83,125.61,0.82,107.5,0.85,201.84,0.86,63.5,0.15,195.84,0.14,63.5,0.17,126.5,0.18,100.5,0.02,0.02,2324.874295,1776244517000
1776244626.379,126.379,0.83,124.72,0.82,107.5,0.84,10.0,0.85,196.84,0.15,201.84,0.14,63.5,0.17,125.61,0.18,107.5,0.01,0.02,2324.874295,1776244517000
1776244627.081,127.081,0.84,15.5,0.83,119.72,0.85,138.15,0.86,63.5,0.16,10.0,0.15,196.84,0.17,124.72,0.18,107.5,0.01,0.01,2324.874295,1776244517000
1776244627.811,127.811,0.84,19.25,0.83,278.72,0.85,22.73,0.86,63.5,0.15,138.15,0.14,63.5,0.16,15.5,0.17,119.72,0.01,0.01,2324.874295,1776244517000
1776244628.372,128.372,0.84,36.25,0.83,278.72,0.85,17.98,0.86,54.5,0.15,22.73,0.14,63.5,0.16,19.25,0.17,278.72,0.01,0.01,2324.874295,1776244517000
1776244630.258,130.258,0.82,20.5,0.81,215.5,0.84,44.0,0.85,53.23,0.15,17.98,0.14,54.5,0.16,36.25,0.17,278.72,0.02,0.01,2324.874295,1776244517000
1776244630.709,130.709,0.81,10.0,0.79,17.5,0.83,40.5,0.84,245.5,0.17,10.0,0.16,49.5,0.18,58.33,0.19,215.5,0.02,0.01,2324.874295,1776244517000
1776244631.011,131.011,0.79,19.45,0.78,20.5,0.82,49.5,0.83,357.5,0.17,40.5,0.16,245.5,0.19,10.0,0.21,17.5,0.03,0.02,2324.874295,1776244517000
1776244634.383,134.383,0.78,337.41,0.77,100.5,0.81,5.0,0.82,19.4,0.19,33.0,0.18,39.5,0.21,12.71,0.22,30.5,0.03,0.02,2324.874295,1776244517000
1776244635.046,135.046,0.8,259.5,0.79,132.5,0.81,3.76,0.82,19.4,0.19,5.0,0.18,19.4,0.22,337.41,0.23,100.5,0.01,0.03,2324.874295,1776244517000
1776244637.214,137.214,0.8,15.0,0.79,27.0,0.81,36.26,0.82,39.9,0.19,3.76,0.18,19.4,0.2,259.5,0.21,132.5,0.01,0.01,2324.874295,1776244517000
1776244639.373,139.373,0.8,34.4,0.79,27.0,0.81,35.91,0.82,39.9,0.19,43.26,0.18,39.9,0.2,15.4,0.21,27.0,0.01,0.01,2324.874295,1776244517000
1776244647.288,147.288,0.8,3.8,0.79,5.0,0.81,299.5,0.82,227.5,0.19,23.45,0.18,39.9,0.2,39.4,0.21,37.5,0.01,0.01,2324.874295,1776244517000
1776244647.962,147.962,0.76,10.5,0.75,17.1,0.77,72.85,0.78,48.7,0.22,14.2,0.2,45.5,0.24,10.5,0.25,12.1,0.01,0.02,2324.874295,1776244517000
1776244651.332,151.332,0.73,196.01,0.72,35.5,0.74,7.99,0.75,83.5,0.23,72.85,0.22,48.7,0.24,10.5,0.25,17.1,0.01,0.01,2324.874295,1776244517000
1776244651.646,151.646,0.73,171.05,0.72,40.5,0.74,77.43,0.75,162.9,0.26,81.49,0.25,148.5,0.27,166.05,0.28,35.5,0.01,0.01,2324.874295,1776244517000
1776244651.988,151.988,0.73,171.04,0.72,20.5,0.74,82.43,0.75,162.9,0.26,77.43,0.25,162.9,0.27,171.05,0.28,40.5,0.01,0.01,2324.874295,1776244517000
1776244652.329,152.329,0.73,176.04,0.72,77.14,0.74,86.07,0.75,162.9,0.26,82.43,0.25,162.9,0.27,171.04,0.28,20.5,0.01,0.01,2324.874295,1776244517000
1776244652.785,152.785,0.73,176.04,0.72,77.14,0.74,83.35,0.75,162.9,0.26,84.71,0.25,162.9,0.27,176.04,0.28,77.14,0.01,0.01,2324.874295,1776244517000
1776244653.034,153.034,0.73,201.54,0.72,87.14,0.74,5.18,0.75,100.4,0.26,83.35,0.25,162.9,0.27,176.04,0.28,77.14,0.01,0.01,2324.874295,1776244517000
1776244653.381,153.381,0.74,88.99,0.73,201.54,0.75,88.66,0.76,39.9,0.26,5.18,0.25,100.4,0.27,201.54,0.28,87.14,0.01,0.01,2324.874295,1776244517000
1776244657.968,157.968,0.74,41.03,0.73,316.5,0.75,20.0,0.76,39.9,0.25,88.66,0.24,39.9,0.26,108.99,0.27,201.54,0.01,0.01,2324.874295,1776244517000
1776244658.385,158.385,0.73,18.0,0.72,15.5,0.74,47.5,0.75,126.5,0.25,20.0,0.24,39.9,0.26,41.03,0.27,316.5,0.01,0.01,2324.874295,1776244517000
1776244659.236,159.236,0.73,39.9,0.72,30.5,0.74,32.0,0.75,125.9,0.26,47.5,0.25,116.5,0.27,6.0,0.28,15.5,0.01,0.01,2324.874295,1776244517000
1776244659.514,159.514,0.73,63.8,0.72,30.5,0.74,26.0,0.75,125.9,0.26,32.0,0.25,125.9,0.27,39.9,0.28,30.5,0.01,0.01,2324.874295,1776244517000
1776244660.303,160.303,0.74,318.5,0.73,69.3,0.76,14.4,0.78,15.5,0.25,115.4,0.24,95.5,0.27,74.3,0.28,210.5,0.02,0.02,2324.874295,1776244517000
1776244660.974,160.974,0.78,44.0,0.77,214.0,0.79,30.5,0.8,68.9,0.21,5.0,0.2,70.5,0.22,10.0,0.23,14.0,0.01,0.01,2324.874295,1776244517000
1776244661.475,161.475,0.78,24.0,0.76,14.0,0.79,36.83,0.8,126.9,0.21,24.23,0.2,68.9,0.22,44.0,0.23,214.0,0.01,0.01,2324.874295,1776244517000
1776244661.806,161.806,0.76,14.0,0.75,5.0,0.77,26.42,0.78,283.0,0.22,10.0,0.21,55.83,0.24,14.0,0.25,5.0,0.01,0.02,2324.874295,1776244517000
1776244662.159,162.159,0.74,15.0,0.73,23.54,0.75,32.03,0.76,53.5,0.24,9.0,0.23,38.99,0.25,5.0,0.26,20.0,0.01,0.01,2324.874295,1776244517000
1776244662.382,162.382,0.74,10.0,0.73,23.54,0.75,44.21,0.76,67.9,0.25,32.03,0.24,53.5,0.26,15.0,0.27,23.54,0.01,0.01,2324.874295,1776244517000
1776244662.632,162.632,0.74,72.72,0.73,23.54,0.75,34.2,0.76,67.9,0.25,44.21,0.24,67.9,0.26,10.0,0.27,23.54,0.01,0.01,2324.874295,1776244517000
1776244663.154,163.154,0.74,82.72,0.73,13.04,0.75,37.86,0.76,67.9,0.25,34.2,0.24,67.9,0.26,72.72,0.27,23.54,0.01,0.01,2324.874295,1776244517000
1776244663.612,163.612,0.74,67.72,0.73,183.04,0.75,29.86,0.76,67.9,0.25,37.86,0.24,67.9,0.26,82.72,0.27,13.04,0.01,0.01,2324.874295,1776244517000
1776244663.903,163.903,0.74,59.72,0.73,183.04,0.75,46.52,0.76,53.5,0.25,29.86,0.24,67.9,0.26,54.72,0.27,183.04,0.01,0.01,2324.874295,1776244517000
1776244665.548,165.548,0.75,39.99,0.74,30.5,0.76,45.88,0.77,138.89,0.25,46.52,0.24,53.5,0.26,59.72,0.27,183.04,0.01,0.01,2324.874295,1776244517000
1776244666.215,166.215,0.75,39.99,0.74,30.5,0.76,10.5,0.77,128.9,0.24,45.88,0.23,138.89,0.25,39.99,0.26,30.5,0.01,0.01,2324.874295,1776244517000
1776244667.242,167.242,0.77,54.5,0.76,49.5,0.78,3.71,0.79,43.23,0.24,10.5,0.23,128.9,0.25,39.99,0.26,30.5,0.01,0.01,2324.874295,1776244517000
1776244667.93,167.93,0.78,49.0,0.77,35.5,0.79,29.43,0.8,72.45,0.22,3.71,0.21,43.23,0.23,54.5,0.24,49.5,0.01,0.01,2324.874295,1776244517000
1776244672.903,172.903,0.79,95.5,0.78,140.51,0.82,20.5,0.83,25.5,0.21,29.43,0.2,72.45,0.22,49.0,0.23,35.5,0.03,0.01,2324.874295,1776244517000
1776244673.18,173.18,0.82,15.82,0.8,95.5,0.83,25.5,0.84,85.0,0.18,1.18,0.17,52.5,0.2,95.5,0.21,71.5,0.01,0.02,2324.874295,1776244517000
1776244674.384,174.384,0.82,19.0,0.81,11.82,0.83,18.55,0.84,21.31,0.17,20.94,0.16,91.31,0.19,11.82,0.2,71.5,0.01,0.02,2324.874295,1776244517000
1776244675.683,175.683,0.82,34.0,0.81,22.32,0.83,15.83,0.84,31.81,0.17,18.55,0.16,21.31,0.18,19.0,0.19,11.82,0.01,0.01,2324.874295,1776244517000
1776244678.088,178.088,0.8,14.7,0.78,15.51,0.81,99.81,0.82,59.11,0.17,15.83,0.16,31.81,0.18,34.0,0.19,22.32,0.01,0.01,2324.874295,1776244517000
1776244681.05,181.05,0.79,80.51,0.78,95.51,0.8,24.05,0.81,10.31,0.19,99.81,0.18,59.11,0.2,14.7,0.22,15.51,0.01,0.01,2324.874295,1776244517000
1776244681.329,181.329,0.79,75.51,0.78,95.51,0.81,10.31,0.82,27.0,0.2,24.05,0.19,10.31,0.21,80.51,0.22,95.51,0.02,0.01,2324.874295,1776244517000
1776244681.801,181.801,0.81,10.0,0.8,20.5,0.82,24.57,0.83,31.83,0.19,10.31,0.18,27.0,0.21,75.51,0.22,95.51,0.01,0.02,2324.874295,1776244517000
1776244682.36,182.36,0.81,49.5,0.8,35.5,0.82,19.58,0.83,22.83,0.18,24.57,0.17,31.83,0.19,10.0,0.2,20.5,0.01,0.01,2324.874295,1776244517000
1776244682.868,182.868,0.81,77.5,0.8,35.5,0.82,13.48,0.83,22.83,0.18,19.58,0.17,22.83,0.19,49.5,0.2,35.5,0.01,0.01,2324.874295,1776244517000
1776244683.433,183.433,0.81,69.22,0.8,35.5,0.82,13.48,0.83,22.83,0.18,13.48,0.17,22.83,0.19,77.5,0.2,35.5,0.01,0.01,2324.874295,1776244517000
1776244687.201,187.201,0.76,6.0,0.75,10.5,0.79,31.5,0.8,127.5,0.18,10.35,0.17,22.83,0.19,69.22,0.2,35.5,0.03,0.01,2324.874295,1776244517000
1776244687.79,187.79,0.74,20.92,0.73,20.0,0.75,43.0,0.76,91.0,0.22,10.0,0.21,31.5,0.26,2.23,0.27,5.0,0.01,0.04,2324.874295,1776244517000
1776244689.927,189.927,0.74,10.54,0.73,25.5,0.75,26.33,0.76,101.5,0.25,36.33,0.24,91.0,0.26,20.92,0.27,20.0,0.01,0.01,2324.874295,1776244517000
1776244690.689,190.689,0.74,113.33,0.73,30.5,0.76,71.31,0.77,101.5,0.25,26.33,0.24,101.5,0.26,10.54,0.27,25.5,0.02,0.01,2324.874295,1776244517000
1776244690.948,190.948,0.75,25.5,0.74,293.33,0.76,51.31,0.77,101.5,0.24,71.31,0.23,101.5,0.26,113.33,0.27,30.5,0.01,0.02,2324.874295,1776244517000
1776244692.2,192.2,0.74,303.33,0.73,36.5,0.76,58.61,0.77,101.5,0.24,51.31,0.23,101.5,0.25,1.5,0.26,293.33,0.02,0.01,2324.874295,1776244517000
1776244692.603,192.603,0.75,120.51,0.74,218.41,0.76,45.76,0.77,101.5,0.24,58.61,0.23,101.5,0.26,303.33,0.27,36.5,0.01,0.02,2324.874295,1776244517000
1776244692.915,192.915,0.75,271.01,0.74,33.42,0.76,43.44,0.77,96.5,0.24,45.76,0.23,101.5,0.25,266.01,0.26,43.42,0.01,0.01,2324.874295,1776244517000
1776244693.421,193.421,0.75,283.92,0.74,35.51,0.76,37.12,0.77,101.5,0.24,43.44,0.23,96.5,0.25,271.01,0.26,33.42,0.01,0.01,2324.874295,1776244517000
1776244693.772,193.772,0.75,259.92,0.74,35.51,0.76,37.12,0.77,96.5,0.24,37.12,0.23,101.5,0.25,283.92,0.26,35.51,0.01,0.01,2324.874295,1776244517000
1776244694.283,194.283,0.75,259.92,0.74,35.51,0.76,34.51,0.77,96.5,0.24,37.12,0.23,96.5,0.25,259.92,0.26,35.51,0.01,0.01,2324.874295,1776244517000
1776244695.221,195.221,0.75,235.92,0.74,35.51,0.76,33.19,0.77,96.5,0.24,33.19,0.23,96.5,0.25,264.92,0.26,35.51,0.01,0.01,2324.874295,1776244517000
1776244696.022,196.022,0.75,246.42,0.74,35.51,0.76,31.87,0.77,86.0,0.24,33.19,0.23,96.5,0.25,235.92,0.26,35.51,0.01,0.01,2324.874295,1776244517000
1776244696.814,196.814,0.75,232.42,0.74,35.51,0.76,21.87,0.77,16.0,0.24,31.87,0.23,86.0,0.25,246.42,0.26,35.51,0.01,0.01,2324.874295,1776244517000
1776244697.503,197.503,0.75,237.42,0.74,35.51,0.76,20.55,0.77,16.0,0.24,21.87,0.23,16.0,0.25,232.42,0.26,35.51,0.01,0.01,2324.874295,1776244517000
1776244697.924,197.924,0.75,237.42,0.74,41.51,0.76,19.23,0.77,16.0,0.24,20.55,0.23,16.0,0.25,237.42,0.26,35.51,0.01,0.01,2324.874295,1776244517000
1776244698.242,198.242,0.75,218.42,0.74,41.51,0.76,19.23,0.77,16.0,0.24,19.23,0.23,16.0,0.25,237.42,0.26,41.51,0.01,0.01,2324.874295,1776244517000
1776244698.495,198.495,0.75,218.42,0.74,41.51,0.76,6.48,0.77,6.0,0.24,21.62,0.23,6.0,0.25,223.42,0.26,41.51,0.01,0.01,2324.874295,1776244517000
1776244699.443,199.443,0.75,218.42,0.74,41.51,0.78,10.0,0.79,35.63,0.24,6.48,0.23,6.0,0.25,218.42,0.26,41.51,0.03,0.01,2324.874295,1776244517000
1776244699.684,199.684,0.78,21.0,0.77,99.0,0.79,5.13,0.81,16.0,0.22,10.0,0.21,35.63,0.25,218.42,0.26,41.51,0.01,0.03,2324.874295,1776244517000
1776244700.082,200.082,0.78,57.5,0.77,104.0,0.79,0.06,0.82,10.5,0.21,5.13,0.19,16.0,0.22,42.0,0.23,104.0,0.01,0.01,2324.874295,1776244517000
1776244700.658,200.658,0.83,25.0,0.82,67.0,0.84,2.59,0.85,5.0,0.18,9.28,0.17,5.0,0.22,62.5,0.23,104.0,0.01,0.04,2324.874295,1776244517000
1776244700.987,200.987,0.83,12.0,0.82,67.0,0.84,2.59,0.85,5.0,0.16,2.59,0.15,5.0,0.17,25.0,0.18,67.0,0.01,0.01,2324.874295,1776244517000
1776244703.716,203.716,0.84,214.5,0.83,95.5,0.86,10.0,0.87,10.0,0.16,2.59,0.15,5.0,0.17,12.0,0.18,67.0,0.02,0.01,2324.874295,1776244517000
1776244704.147,204.147,0.85,20.0,0.84,55.5,0.89,93.62,0.9,25.0,0.14,10.0,0.13,10.0,0.16,214.5,0.17,95.5,0.04,0.02,2324.874295,1776244517000
1776244704.855,204.855,0.86,5.0,0.85,185.64,0.87,5.0,0.88,10.0,0.11,93.62,0.1,25.0,0.15,20.0,0.16,55.5,0.01,0.04,2324.874295,1776244517000
1776244705.14,205.14,0.85,97.0,0.84,95.5,0.87,5.0,0.88,10.0,0.13,5.0,0.12,10.0,0.14,5.0,0.15,185.64,0.02,0.01,2324.874295,1776244517000
1776244705.936,205.936,0.86,28.14,0.85,112.0,0.87,5.0,0.88,10.0,0.13,5.0,0.12,10.0,0.15,97.0,0.16,95.5,0.01,0.02,2324.874295,1776244517000
1776244706.98,206.98,0.86,45.0,0.85,322.0,0.87,36.61,0.88,66.0,0.13,5.0,0.12,10.0,0.14,28.14,0.15,112.0,0.01,0.01,2324.874295,1776244517000
1776244707.378,207.378,0.86,45.0,0.85,140.7,0.87,26.26,0.88,20.5,0.13,36.61,0.12,66.0,0.14,45.0,0.15,322.0,0.01,0.01,2324.874295,1776244517000
1776244708.273,208.273,0.86,94.9,0.85,140.7,0.87,5.0,0.88,25.5,0.13,21.26,0.12,20.5,0.14,19.0,0.15,140.7,0.01,0.01,2324.874295,1776244517000
1776244709.594,209.594,0.86,64.5,0.85,140.7,0.87,27.11,0.88,20.5,0.13,5.0,0.12,25.5,0.14,94.9,0.15,140.7,0.01,0.01,2324.874295,1776244517000
1776244709.95,209.95,0.86,69.5,0.85,135.7,0.87,25.96,0.88,20.5,0.13,27.11,0.12,20.5,0.14,64.5,0.15,140.7,0.01,0.01,2324.874295,1776244517000
1776244711.854,211.854,0.87,74.5,0.86,83.06,0.88,10.0,0.89,3.62,0.13,25.96,0.12,20.5,0.14,69.5,0.15,135.7,0.01,0.01,2324.874295,1776244517000
1776244712.955,212.955,0.87,69.5,0.86,83.06,0.88,8.8,0.89,3.62,0.12,10.0,0.11,3.62,0.13,74.5,0.14,83.06,0.01,0.01,2324.874295,1776244517000
1776244714.918,214.918,0.87,79.0,0.86,122.96,0.88,8.8,0.89,3.62,0.12,8.8,0.11,3.62,0.13,69.5,0.14,83.06,0.01,0.01,2324.874295,1776244517000
1776244715.854,215.854,0.87,104.8,0.86,122.96,0.88,8.8,0.89,3.62,0.12,8.8,0.11,3.62,0.13,79.0,0.14,122.96,0.01,0.01,2324.874295,1776244517000
1776244717.003,217.003,0.87,104.8,0.86,127.67,0.88,4.35,0.89,13.62,0.12,8.8,0.11,3.62,0.13,104.8,0.14,122.96,0.01,0.01,2324.874295,1776244517000
1776244717.937,217.937,0.88,93.61,0.87,109.8,0.89,8.87,0.9,25.0,0.1,25.0,0.09,215.0,0.13,104.8,0.14,127.67,0.01,0.03,2324.874295,1776244517000
1776244719.311,219.311,0.88,93.61,0.87,109.8,0.9,18.81,0.91,215.0,0.11,3.64,0.1,25.0,0.12,93.61,0.13,109.8,0.02,0.01,2324.874295,1776244517000
1776244720.637,220.637,0.89,71.45,0.88,195.7,0.9,25.59,0.91,768.0,0.1,16.61,0.09,215.0,0.12,57.5,0.13,109.8,0.01,0.02,2324.874295,1776244517000
1776244721.092,221.092,0.89,52.49,0.88,229.8,0.9,25.59,0.91,215.0,0.1,25.59,0.09,768.0,0.11,71.45,0.12,195.7,0.01,0.01,2324.874295,1776244517000
1776244721.359,221.359,0.89,4.45,0.88,112.3,0.9,25.59,0.91,259.0,0.1,25.59,0.09,215.0,0.11,52.49,0.12,229.8,0.01,0.01,2324.874295,1776244517000
1776244721.62,221.62,0.89,48.83,0.88,68.2,0.9,33.47,0.91,215.0,0.1,25.59,0.09,259.0,0.11,4.45,0.12,112.3,0.01,0.01,2324.874295,1776244517000
1776244722.093,222.093,0.87,8.5,0.86,5.0,0.89,80.0,0.9,49.97,0.1,33.47,0.09,263.0,0.11,23.83,0.12,68.2,0.02,0.01,2324.874295,1776244517000
1776244722.604,222.604,0.75,13.68,0.74,28.61,0.79,29.0,0.8,20.5,0.18,70.0,0.17,29.41,0.24,9.9,0.25,15.0,0.04,0.06,2324.874295,1776244517000
1776244722.819,222.819,0.77,10.0,0.76,118.75,0.8,7.76,0.81,20.5,0.21,2.51,0.2,20.5,0.24,113.75,0.25,13.68,0.03,0.03,2324.874295,1776244517000
1776244723.306,223.306,0.78,117.17,0.77,10.0,0.79,14.0,0.8,7.76,0.2,7.76,0.19,20.5,0.23,10.0,0.24,118.75,0.01,0.03,2324.874295,1776244517000
1776244723.633,223.633,0.78,124.52,0.77,20.5,0.8,17.26,0.81,20.5,0.2,12.76,0.19,20.5,0.22,114.52,0.23,10.0,0.02,0.02,2324.874295,1776244517000
1776244723.851,223.851,0.78,124.52,0.77,20.5,0.8,15.01,0.81,20.5,0.2,11.26,0.19,20.5,0.22,129.52,0.23,20.5,0.02,0.02,2324.874295,1776244517000
1776244724.45,224.45,0.78,135.02,0.77,20.5,0.79,2.96,0.8,8.07,0.2,8.07,0.19,20.5,0.22,135.02,0.23,20.5,0.01,0.02,2324.874295,1776244517000
1776244724.818,224.818,0.79,10.0,0.78,135.02,0.8,9.18,0.81,20.5,0.2,5.43,0.19,20.5,0.22,135.02,0.23,20.5,0.01,0.02,2324.874295,1776244517000
1776244726.323,226.323,0.79,149.06,0.78,27.86,0.83,4.43,0.84,67.0,0.2,9.18,0.19,20.5,0.21,10.0,0.22,135.02,0.04,0.01,2324.874295,1776244517000
1776244727.271,227.271,0.82,10.0,0.81,20.0,0.84,65.0,0.85,23.0,0.17,4.43,0.16,67.0,0.21,149.06,0.22,27.86,0.02,0.04,2324.874295,1776244517000
1776244728.55,228.55,0.82,20.0,0.81,10.0,0.83,4.0,0.84,65.0,0.16,65.0,0.15,23.0,0.18,10.0,0.19,20.0,0.01,0.02,2324.874295,1776244517000
1776244729.212,229.212,0.83,25.0,0.82,31.0,0.84,6.5,0.87,41.8,0.17,4.0,0.16,65.0,0.18,20.0,0.19,10.0,0.01,0.01,2324.874295,1776244517000
1776244729.466,229.466,0.83,20.0,0.82,64.06,0.87,41.8,0.88,44.1,0.16,6.5,0.13,41.8,0.17,25.0,0.18,31.0,0.04,0.01,2324.874295,1776244517000
1776244729.862,229.862,0.84,25.0,0.83,20.5,0.85,52.08,0.86,62.61,0.13,41.8,0.12,44.1,0.17,20.0,0.18,64.06,0.01,0.04,2324.874295,1776244517000
1776244730.115,230.115,0.84,15.0,0.83,20.5,0.85,45.9,0.86,62.61,0.15,52.08,0.14,62.61,0.16,25.0,0.17,20.5,0.01,0.01,2324.874295,1776244517000
1776244730.995,230.995,0.84,15.0,0.83,20.5,0.85,11.75,0.86,63.61,0.15,45.9,0.14,62.61,0.16,15.0,0.17,20.5,0.01,0.01,2324.874295,1776244517000
1776244733.889,233.889,0.84,25.5,0.83,20.5,0.86,27.89,0.87,10.0,0.15,10.57,0.14,63.61,0.16,15.0,0.17,20.5,0.02,0.01,2324.874295,1776244517000
1776244734.272,234.272,0.84,25.5,0.83,20.5,0.86,19.72,0.87,10.0,0.14,27.89,0.13,10.0,0.16,25.5,0.17,20.5,0.02,0.02,2324.874295,1776244517000
1776244735.688,235.688,0.84,25.5,0.83,20.5,0.85,3.82,0.86,26.93,0.14,19.72,0.13,10.0,0.16,25.5,0.17,20.5,0.01,0.02,2324.874295,1776244517000
1776244737.103,237.103,0.88,19.0,0.87,15.0,0.89,36.79,0.9,59.37,0.14,26.93,0.13,10.0,0.15,26.18,0.16,25.5,0.01,0.01,2324.874295,1776244517000
1776244737.47,237.47,0.88,24.0,0.87,25.5,0.9,7.99,0.91,254.0,0.11,36.79,0.1,59.37,0.12,19.0,0.13,15.0,0.02,0.01,2324.874295,1776244517000
1776244738.435,238.435,0.89,4.13,0.88,69.5,0.9,35.09,0.91,261.0,0.1,7.99,0.09,254.0,0.12,24.0,0.13,25.5,0.01,0.02,2324.874295,1776244517000
1776244738.724,238.724,0.88,74.5,0.87,35.5,0.89,34.5,0.9,15.0,0.1,35.09,0.09,261.0,0.11,4.13,0.12,69.5,0.01,0.01,2324.874295,1776244517000
1776244739.158,239.158,0.88,79.5,0.87,35.5,0.89,3.27,0.9,15.0,0.11,29.27,0.1,15.0,0.12,79.5,0.13,35.5,0.01,0.01,2324.874295,1776244517000
1776244740.738,240.738,0.88,69.0,0.87,15.0,0.89,6.18,0.9,10.0,0.11,3.27,0.1,15.0,0.12,79.5,0.13,35.5,0.01,0.01,2324.874295,1776244517000
1776244741.141,241.141,0.88,69.0,0.87,15.0,0.9,6.92,0.91,210.0,0.11,6.18,0.1,10.0,0.12,69.0,0.13,15.0,0.02,0.01,2324.874295,1776244517000
1776244741.41,241.41,0.88,69.0,0.87,15.0,0.9,19.82,0.91,110.0,0.1,6.92,0.09,210.0,0.12,69.0,0.13,15.0,0.02,0.02,2324.874295,1776244517000
1776244742.396,242.396,0.88,64.0,0.87,15.0,0.9,14.82,0.91,15.0,0.1,19.82,0.09,115.0,0.12,69.0,0.13,15.0,0.02,0.02,2324.874295,1776244517000
1776244743.202,243.202,0.89,52.23,0.88,69.0,0.91,10.38,0.92,107.8,0.1,1.97,0.09,15.0,0.11,42.23,0.12,69.0,0.02,0.01,2324.874295,1776244517000
1776244743.81,243.81,0.89,22.23,0.88,64.0,0.91,10.38,0.92,107.8,0.09,10.38,0.08,107.8,0.11,52.23,0.12,69.0,0.02,0.02,2324.874295,1776244517000
1776244744.547,244.547,0.9,141.95,0.89,32.23,0.91,3.18,0.92,107.8,0.09,8.18,0.08,107.8,0.11,22.23,0.12,64.0,0.01,0.02,2324.874295,1776244517000
1776244745.838,245.838,0.91,25.0,0.9,180.39,0.93,62.47,0.94,35.09,0.08,107.8,0.07,65.3,0.1,141.95,0.11,32.23,0.02,0.02,2324.874295,1776244517000
1776244746.869,246.869,0.92,103.03,0.91,223.55,0.93,7.17,0.94,35.09,0.07,62.47,0.06,35.09,0.09,25.0,0.1,180.39,0.01,0.02,2324.874295,1776244517000
1776244747.782,247.782,0.92,220.27,0.91,335.11,0.94,35.09,0.95,93.92,0.07,7.17,0.06,35.09,0.08,103.03,0.09,223.55,0.02,0.01,2324.874295,1776244517000
1776244748.377,248.377,0.94,233.54,0.93,140.49,0.95,43.86,0.96,25.0,0.05,30.92,0.04,25.0,0.07,136.49,0.08,209.15,0.01,0.02,2324.874295,1776244517000
1776244748.585,248.585,0.94,238.54,0.93,130.49,0.96,25.0,0.97,96.0,0.05,43.86,0.04,25.0,0.06,233.54,0.07,140.49,0.02,0.01,2324.874295,1776244517000
1776244749.016,249.016,0.95,137.8,0.94,112.24,0.96,43.03,0.97,96.0,0.04,17.78,0.03,96.0,0.06,238.54,0.07,130.49,0.01,0.02,2324.874295,1776244517000
1776244749.417,249.417,0.95,209.13,0.94,103.8,0.96,1.56,0.97,127.44,0.03,182.78,0.02,717.7,0.05,142.8,0.06,112.24,0.01,0.02,2324.874295,1776244517000
1776244749.957,249.957,0.95,147.8,0.94,113.8,0.97,469.44,0.98,1117.7,0.04,0.51,0.03,216.44,0.05,147.8,0.06,113.8,0.02,0.01,2324.874295,1776244517000
1776244750.595,250.595,0.96,155.7,0.95,142.8,0.97,145.45,0.98,717.7,0.03,469.44,0.02,1117.7,0.05,147.8,0.06,113.8,0.01,0.02,2324.874295,1776244517000
1776244751.598,251.598,0.96,172.7,0.95,131.8,0.97,115.3,0.98,534.0,0.03,145.45,0.02,717.7,0.04,155.7,0.05,142.8,0.01,0.01,2324.874295,1776244517000
1776244752.008,252.008,0.96,177.7,0.95,131.8,0.97,71.33,0.98,447.0,0.03,115.3,0.02,534.0,0.04,172.7,0.05,131.8,0.01,0.01,2324.874295,1776244517000
1776244752.264,252.264,0.96,177.7,0.95,131.8,0.97,84.37,0.98,410.0,0.03,71.33,0.02,447.0,0.04,177.7,0.05,131.8,0.01,0.01,2324.874295,1776244517000
1776244752.745,252.745,0.96,172.7,0.95,131.8,0.97,70.5,0.98,410.0,0.03,84.37,0.02,410.0,0.04,177.7,0.05,131.8,0.01,0.01,2324.874295,1776244517000
1776244754.04,254.04,0.96,172.7,0.95,131.8,0.97,53.5,0.98,382.0,0.03,70.5,0.02,410.0,0.04,172.7,0.05,131.8,0.01,0.01,2324.874295,1776244517000
1776244756.449,256.449,0.96,157.7,0.95,107.8,0.97,17.77,0.98,360.0,0.03,53.5,0.02,382.0,0.04,172.7,0.05,131.8,0.01,0.01,2324.874295,1776244517000
1776244757.176,257.176,0.96,145.16,0.95,107.8,0.97,48.36,0.98,343.0,0.03,51.43,0.02,360.0,0.04,145.16,0.05,107.8,0.01,0.01,2324.874295,1776244517000
1776244759.238,259.238,0.96,116.16,0.95,105.8,0.97,65.66,0.98,487.0,0.03,32.89,0.02,343.0,0.04,145.16,0.05,107.8,0.01,0.01,2324.874295,1776244517000
1776244759.45,259.45,0.96,96.16,0.95,115.8,0.97,70.66,0.98,670.7,0.03,59.46,0.02,670.7,0.04,116.16,0.05,115.8,0.01,0.01,2324.874295,1776244517000
1776244760.415,260.415,0.96,189.11,0.95,120.8,0.97,16.0,0.98,487.0,0.03,70.66,0.02,670.7,0.04,96.16,0.05,115.8,0.01,0.01,2324.874295,1776244517000
1776244760.631,260.631,0.96,194.11,0.95,120.8,0.97,7.31,0.98,487.0,0.03,16.0,0.02,487.0,0.04,189.11,0.05,120.8,0.01,0.01,2324.874295,1776244517000
1776244762.227,262.227,0.96,189.11,0.95,120.8,0.97,0.31,0.98,437.0,0.03,7.31,0.02,487.0,0.04,194.11,0.05,120.8,0.01,0.01,2324.874295,1776244517000
1776244762.509,262.509,0.96,189.11,0.95,120.8,0.97,37.04,0.98,437.0,0.03,0.31,0.02,437.0,0.04,189.11,0.05,120.8,0.01,0.01,2324.874295,1776244517000
1776244763.582,263.582,0.97,92.04,0.96,123.81,0.98,346.44,0.99,2657.38,0.03,34.0,0.02,437.0,0.04,198.1,0.05,120.8,0.01,0.01,2324.874295,1776244517000
1776244763.867,263.867,0.97,87.04,0.96,123.81,0.98,359.44,0.99,2516.38,0.02,346.44,0.01,2657.38,0.03,92.04,0.04,123.81,0.01,0.01,2324.874295,1776244517000
1776244765.412,265.412,0.97,231.05,0.96,123.81,0.98,293.33,0.99,2545.38,0.02,359.44,0.01,2516.38,0.03,87.04,0.04,123.81,0.01,0.01,2324.874295,1776244517000
1776244766.402,266.402,0.97,231.05,0.96,123.81,0.98,198.47,0.99,2545.38,0.02,213.56,0.01,2545.38,0.03,231.05,0.04,123.81,0.01,0.01,2324.874295,1776244517000
1776244766.964,266.964,0.97,231.05,0.96,123.81,0.98,180.47,0.99,2545.38,0.02,198.47,0.01,2545.38,0.03,231.05,0.04,123.81,0.01,0.01,2324.874295,1776244517000
1776244768.55,268.55,0.97,236.05,0.96,117.81,0.98,159.47,0.99,2339.38,0.02,180.47,0.01,2545.38,0.03,231.05,0.04,123.81,0.01,0.01,2324.874295,1776244517000
1776244770.192,270.192,0.96,10.0,0.95,15.0,0.98,827.17,0.99,2434.38,0.02,159.47,0.01,2339.38,0.03,236.05,0.04,117.81,0.02,0.01,2324.874295,1776244517000
1776244770.543,270.543,0.96,15.0,0.95,10.0,0.98,708.95,0.99,2391.38,0.03,16.96,0.02,722.17,0.06,20.66,0.07,89.49,0.02,0.03,2324.874295,1776244517000
1776244771.892,271.892,0.96,15.0,0.95,89.71,0.97,137.66,0.98,654.95,0.02,708.95,0.01,2391.38,0.04,15.0,0.05,10.0,0.01,0.02,2324.874295,1776244517000
1776244773.231,273.231,0.96,15.0,0.95,89.71,0.97,81.11,0.98,334.95,0.03,85.07,0.02,654.95,0.04,15.0,0.05,89.71,0.01,0.01,2324.874295,1776244517000
1776244773.431,273.431,0.96,148.64,0.95,15.0,0.97,75.07,0.98,334.95,0.03,81.11,0.02,334.95,0.04,15.0,0.05,89.71,0.01,0.01,2324.874295,1776244517000
1776244776.821,276.821,0.96,122.13,0.95,32.0,0.97,22.91,0.98,170.25,0.03,75.07,0.02,334.95,0.04,148.64,0.05,15.0,0.01,0.01,2324.874295,1776244517000
1776244777.905,277.905,0.96,55.0,0.95,32.0,0.97,11.91,0.98,144.25,0.03,22.91,0.02,170.25,0.04,122.13,0.05,32.0,0.01,0.01,2324.874295,1776244517000
1776244778.122,278.122,0.96,65.0,0.95,32.0,0.98,80.6,0.99,2096.76,0.03,0.36,0.02,131.25,0.04,60.0,0.05,32.0,0.02,0.01,2324.874295,1776244517000
1776244778.65,278.65,0.96,139.55,0.95,32.0,0.97,6.97,0.98,67.6,0.02,80.6,0.01,2096.76,0.04,65.0,0.05,32.0,0.01,0.02,2324.874295,1776244517000
1776244779.956,279.956,0.97,23.03,0.96,134.55,0.98,45.6,0.99,2096.76,0.03,6.97,0.02,67.6,0.04,139.55,0.05,32.0,0.01,0.01,2324.874295,1776244517000
1776244781.576,281.576,0.98,5.4,0.97,102.16,0.99,1986.76,,,0.02,45.6,0.01,2096.76,0.03,23.03,0.04,134.55,0.01,0.01,2324.874295,1776244517000
1776244782.251,282.251,0.98,5.06,0.97,112.16,0.99,1909.76,,,0.01,1986.76,,,0.02,5.4,0.03,102.16,0.01,0.01,2324.874295,1776244517000
1776244782.824,282.824,0.98,5.06,0.97,43.03,0.99,1894.76,,,0.01,1909.76,,,0.02,5.06,0.03,112.16,0.01,0.01,2324.874295,1776244517000
1776244783.27,283.27,0.98,8.76,0.97,43.03,0.99,1894.76,,,0.01,1894.76,,,0.02,3.76,0.03,43.03,0.01,0.01,2324.874295,1776244517000
1776244783.947,283.947,0.96,37.0,0.95,20.0,0.99,1830.61,,,0.01,1879.61,,,0.02,5.04,0.03,43.03,0.03,0.01,2324.874295,1776244517000
1776244785.094,285.094,0.97,169.05,0.96,47.0,0.98,9.9,0.99,1611.61,0.01,1830.61,,,0.04,37.0,0.05,20.0,0.01,0.03,2324.874295,1776244517000
1776244785.509,285.509,0.97,164.05,0.96,57.0,0.99,1351.51,,,0.02,9.9,0.01,1611.61,0.03,169.05,0.04,47.0,0.02,0.01,2324.874295,1776244517000
1776244785.87,285.87,0.97,164.05,0.96,53.0,0.99,1351.51,,,0.01,1351.51,,,0.03,164.05,0.04,57.0,0.02,0.02,2324.874295,1776244517000
1776244786.084,286.084,0.97,164.05,0.96,43.0,0.99,1180.51,,,0.01,1351.51,,,0.03,164.05,0.04,53.0,0.02,0.02,2324.874295,1776244517000
1776244786.366,286.366,0.97,164.05,0.96,43.0,0.99,1184.49,,,0.01,1180.51,,,0.03,164.05,0.04,43.0,0.02,0.02,2324.874295,1776244517000
1776244786.594,286.594,0.98,175.49,0.97,20.0,0.99,1164.28,,,0.01,1184.49,,,0.03,164.05,0.04,43.0,0.01,0.02,2324.874295,1776244517000
1776244787.284,287.284,0.98,165.49,0.97,10.0,0.99,1143.28,,,0.01,1154.28,,,0.02,165.49,0.03,10.0,0.01,0.01,2324.874295,1776244517000
1776244787.83,287.83,0.98,165.49,0.97,10.0,0.99,1115.28,,,0.01,1143.28,,,0.02,165.49,0.03,10.0,0.01,0.01,2324.874295,1776244517000
1776244789.093,289.093,0.99,84.72,0.98,175.49,,,,,0.01,1115.28,,,0.02,165.49,0.03,10.0,,0.01,2324.874295,1776244517000
1776244789.66,289.66,0.99,5.12,0.98,10.0,,,,,,,,,0.01,84.72,0.02,175.49,,,2324.874295,1776244517000
1776244791.429,291.429,0.99,2696.93,0.97,10.0,,,,,,,,,0.01,5.12,0.02,10.0,,,2324.874295,1776244517000
