timestamp,elapsed_sec,up_bid_p1,up_bid_s1,up_bid_p2,up_bid_s2,up_ask_p1,up_ask_s1,up_ask_p2,up_ask_s2,down_bid_p1,down_bid_s1,down_bid_p2,down_bid_s2,down_ask_p1,down_ask_s1,down_ask_p2,down_ask_s2,up_spread,down_spread,eth_price,eth_oracle_ts
1776303900.793,0.793,0.41,63.49,0.4,108.0,0.49,70.0,0.5,75.06,0.5,5.06,0.49,5.0,0.54,70.0,0.55,70.0,0.08,0.04,2355.367398,1776303899000
1776303901.069,1.069,0.41,63.49,0.4,108.0,0.49,70.0,0.5,75.06,0.51,70.0,0.5,75.06,0.59,63.49,0.6,108.0,0.08,0.08,2355.451715,1776303900000
1776303901.638,1.638,0.44,20.0,0.43,13.0,0.48,8.0,0.49,82.0,0.51,70.0,0.5,75.06,0.59,63.49,0.6,108.0,0.04,0.08,2355.451715,1776303900000
1776303902.84,2.84,0.45,5.0,0.44,25.0,0.48,9.58,0.49,87.0,0.52,8.0,0.51,82.0,0.56,20.0,0.57,13.0,0.03,0.04,2355.454633,1776303901000
1776303905.143,5.143,0.46,5.0,0.45,15.0,0.47,15.0,0.48,15.0,0.52,9.58,0.51,87.0,0.55,5.0,0.56,25.0,0.01,0.03,2355.342412,1776303904000
1776303906.187,6.187,0.41,3.52,0.4,23.0,0.42,10.0,0.43,10.0,0.53,15.0,0.52,15.0,0.54,5.0,0.55,15.0,0.01,0.01,2355.302834,1776303905000
1776303906.425,6.425,0.39,23.0,0.37,14.0,0.41,15.0,0.42,20.0,0.58,10.0,0.57,10.0,0.59,3.52,0.6,23.0,0.02,0.01,2355.302834,1776303905000
1776303906.716,6.716,0.39,15.12,0.38,13.0,0.4,16.32,0.41,20.0,0.6,15.0,0.59,15.0,0.61,15.12,0.62,13.0,0.01,0.01,2355.302834,1776303905000
1776303908.024,8.024,0.38,25.0,0.37,14.0,0.39,15.0,0.4,11.32,0.6,6.32,0.59,20.0,0.61,15.12,0.62,13.0,0.01,0.01,2355.19138,1776303907000
1776303909.91,9.91,0.38,34.0,0.37,14.0,0.39,12.43,0.4,6.32,0.61,15.0,0.6,11.32,0.62,25.0,0.63,14.0,0.01,0.01,2355.017405,1776303909000
1776303910.633,10.633,0.38,34.0,0.37,14.0,0.41,14.11,0.42,31.0,0.61,12.43,0.6,6.32,0.62,34.0,0.63,14.0,0.03,0.01,2355.017405,1776303909000
1776303910.945,10.945,0.39,28.0,0.38,25.0,0.4,10.0,0.41,19.11,0.59,14.11,0.58,31.0,0.62,34.0,0.63,14.0,0.01,0.03,2355.000918,1776303910000
1776303912.1,12.1,0.39,10.0,0.38,23.0,0.41,9.86,0.42,26.0,0.59,14.86,0.58,26.0,0.61,23.0,0.62,25.0,0.02,0.02,2354.974277,1776303911000
1776303914.198,14.198,0.35,66.95,0.33,81.0,0.36,10.0,0.37,15.0,0.59,9.86,0.58,26.0,0.61,10.0,0.62,23.0,0.01,0.02,2354.935558,1776303912000
1776303914.838,14.838,0.35,58.73,0.34,10.0,0.36,15.0,0.37,20.0,0.64,15.0,0.63,20.0,0.65,64.66,0.66,5.0,0.01,0.01,2354.893341,1776303913000
1776303916.032,16.032,0.35,105.73,0.34,19.0,0.36,15.0,0.37,20.0,0.64,15.0,0.63,20.0,0.65,58.73,0.66,10.0,0.01,0.01,2354.841084,1776303914000
1776303919.322,19.322,0.35,118.73,0.34,94.0,0.36,5.0,0.37,10.0,0.64,15.0,0.63,20.0,0.65,105.73,0.66,19.0,0.01,0.01,2354.708479,1776303918000
1776303919.544,19.544,0.35,123.73,0.34,94.0,0.37,9.86,0.38,10.0,0.64,5.0,0.63,10.0,0.65,118.73,0.66,94.0,0.02,0.01,2354.708479,1776303918000
1776303922.483,22.483,0.36,53.0,0.35,70.44,0.45,72.57,0.46,165.0,0.63,9.86,0.62,10.0,0.65,123.73,0.66,94.0,0.09,0.02,2354.789423,1776303921000
1776303924.206,24.206,0.39,5.0,0.38,5.0,0.4,9.55,0.41,20.0,0.55,72.57,0.54,165.0,0.62,2.91,0.64,46.0,0.01,0.07,2354.79615,1776303923000
1776303924.557,24.557,0.38,5.0,0.37,18.0,0.4,19.55,0.41,15.0,0.6,9.55,0.59,20.0,0.61,5.0,0.62,5.0,0.02,0.01,2354.79615,1776303923000
1776303927.372,27.372,0.38,11.79,0.37,15.0,0.39,15.0,0.4,19.55,0.6,19.55,0.59,15.0,0.62,5.0,0.63,18.0,0.01,0.02,2354.772838,1776303926000
1776303928.046,28.046,0.37,27.0,0.36,45.0,0.4,9.17,0.41,15.0,0.61,15.0,0.6,19.55,0.62,11.79,0.63,15.0,0.03,0.01,2354.772838,1776303926000
1776303935.453,35.453,0.39,52.0,0.38,15.0,0.4,2.42,0.41,31.92,0.6,9.17,0.59,15.0,0.63,27.0,0.64,45.0,0.01,0.03,2354.777218,1776303934000
1776303937.644,37.644,0.37,24.0,0.36,73.0,0.39,20.0,0.4,63.83,0.6,2.42,0.59,31.92,0.61,52.0,0.62,15.0,0.02,0.01,2354.777186,1776303936000
1776303943.705,43.705,0.39,104.0,0.38,41.0,0.41,11.13,0.42,15.0,0.61,20.0,0.6,63.83,0.63,24.0,0.64,73.0,0.02,0.02,2354.828694,1776303942000
1776303948.692,48.692,0.31,65.0,0.3,22.0,0.33,51.0,0.35,184.0,0.59,11.13,0.58,15.0,0.61,104.0,0.62,41.0,0.02,0.02,2354.870177,1776303947000
1776303948.982,48.982,0.31,13.4,0.3,10.0,0.32,101.0,0.33,86.0,0.68,54.0,0.67,86.0,0.69,30.0,0.7,22.0,0.01,0.01,2354.870177,1776303947000
1776303949.26,49.26,0.31,7.91,0.3,10.0,0.32,111.0,0.33,86.0,0.68,91.0,0.67,86.0,0.69,13.4,0.7,10.0,0.01,0.01,2354.870177,1776303947000
1776303949.476,49.476,0.31,3.91,0.3,10.0,0.32,66.0,0.33,86.0,0.68,111.0,0.67,86.0,0.69,7.91,0.7,10.0,0.01,0.01,2354.870177,1776303947000
1776303949.827,49.827,0.31,3.91,0.3,10.0,0.32,51.46,0.33,96.0,0.68,66.0,0.67,86.0,0.69,3.91,0.7,10.0,0.01,0.01,2354.877432,1776303948000
1776303951.221,51.221,0.31,193.46,0.3,16.0,0.32,64.46,0.33,71.0,0.68,51.46,0.67,96.0,0.69,3.91,0.7,10.0,0.01,0.01,2354.843095,1776303949000
1776303953.051,53.051,0.31,10.46,0.3,21.0,0.32,51.46,0.33,76.0,0.68,64.46,0.67,71.0,0.69,193.46,0.7,16.0,0.01,0.01,2354.438392,1776303951000
1776303953.311,53.311,0.31,10.46,0.3,21.0,0.32,65.55,0.33,76.0,0.68,51.46,0.67,76.0,0.69,10.46,0.7,21.0,0.01,0.01,2354.438392,1776303951000
1776303953.789,53.789,0.31,10.46,0.3,16.0,0.32,63.72,0.33,76.0,0.68,65.55,0.67,76.0,0.69,10.46,0.7,21.0,0.01,0.01,2354.348339,1776303952000
1776303954.661,54.661,0.31,15.46,0.3,16.0,0.32,63.72,0.33,76.0,0.68,63.72,0.67,76.0,0.69,10.46,0.7,16.0,0.01,0.01,2354.40814,1776303953000
1776303958.484,58.484,0.3,49.0,0.29,96.0,0.31,24.0,0.33,87.0,0.68,63.72,0.67,76.0,0.69,15.46,0.7,16.0,0.01,0.01,2354.40988,1776303956000
1776303960.976,60.976,0.3,27.0,0.29,86.0,0.31,87.0,0.32,15.0,0.69,24.0,0.67,87.0,0.7,49.0,0.71,96.0,0.01,0.01,2354.369537,1776303959000
1776303961.449,61.449,0.3,12.71,0.29,86.0,0.35,58.65,0.36,88.0,0.69,92.0,0.68,15.0,0.7,12.71,0.71,86.0,0.05,0.01,2354.437284,1776303960000
1776303962.016,62.016,0.3,29.71,0.29,107.0,0.31,52.81,0.32,15.0,0.65,58.65,0.64,88.0,0.7,12.71,0.71,86.0,0.01,0.05,2354.437284,1776303960000
1776303964.184,64.184,0.3,68.71,0.29,107.0,0.31,102.14,0.33,11.0,0.69,52.81,0.68,15.0,0.7,29.71,0.71,107.0,0.01,0.01,2354.364427,1776303963000
1776303969.226,69.226,0.3,422.71,0.29,42.0,0.31,151.29,0.38,10.0,0.69,102.14,0.67,11.0,0.7,68.71,0.71,107.0,0.01,0.01,2354.400678,1776303968000
1776303969.5,69.5,0.44,18.0,0.43,93.0,0.45,9.9,0.46,5.0,0.55,10.0,0.54,15.0,0.6,60.0,0.62,147.0,0.01,0.05,2354.400678,1776303968000
1776303970.028,70.028,0.47,19.0,0.46,10.0,0.48,29.0,0.49,18.0,0.52,29.0,0.51,28.0,0.56,41.0,0.57,100.0,0.01,0.04,2354.400678,1776303968000
1776303970.346,70.346,0.47,80.47,0.46,10.0,0.48,29.0,0.49,18.0,0.52,29.0,0.51,18.0,0.53,19.0,0.54,10.0,0.01,0.01,2354.397311,1776303969000
1776303970.605,70.605,0.47,75.47,0.46,10.0,0.48,19.0,0.49,18.0,0.52,29.0,0.51,18.0,0.53,80.47,0.54,10.0,0.01,0.01,2354.397311,1776303969000
1776303970.902,70.902,0.47,68.47,0.46,10.0,0.48,76.84,0.49,24.0,0.52,19.0,0.51,18.0,0.53,75.47,0.54,10.0,0.01,0.01,2354.397311,1776303969000
1776303971.298,71.298,0.47,65.41,0.46,10.0,0.48,76.84,0.49,24.0,0.52,76.84,0.51,24.0,0.53,68.47,0.54,10.0,0.01,0.01,2354.397311,1776303969000
1776303972.384,72.384,0.47,0.41,0.46,10.0,0.48,81.84,0.49,19.0,0.52,76.84,0.51,24.0,0.53,65.41,0.54,10.0,0.01,0.01,2355.09075,1776303971000
1776303973.19,73.19,0.43,10.0,0.42,15.0,0.45,66.0,0.46,78.0,0.52,81.84,0.51,19.0,0.53,0.41,0.54,10.0,0.02,0.01,2355.158458,1776303972000
1776303973.422,73.422,0.44,4.91,0.43,10.0,0.45,42.92,0.46,78.0,0.55,66.0,0.54,78.0,0.57,10.0,0.58,15.0,0.01,0.02,2355.158458,1776303972000
1776303973.767,73.767,0.43,9.82,0.42,15.0,0.45,38.46,0.46,78.0,0.55,42.92,0.54,78.0,0.56,4.91,0.57,10.0,0.02,0.01,2355.158458,1776303972000
1776303974.835,74.835,0.43,4.82,0.42,15.0,0.44,15.0,0.45,41.0,0.55,38.46,0.54,78.0,0.57,9.82,0.58,15.0,0.01,0.02,2355.165055,1776303973000
1776303975.193,75.193,0.43,9.82,0.42,10.0,0.44,3.0,0.45,53.0,0.56,15.0,0.55,41.0,0.57,4.82,0.58,15.0,0.01,0.01,2355.165055,1776303973000
1776303976.387,76.387,0.46,43.0,0.45,29.0,0.47,86.6,0.48,19.0,0.56,3.0,0.55,53.0,0.57,9.82,0.58,10.0,0.01,0.01,2354.953477,1776303975000
1776303977.423,77.423,0.46,43.0,0.45,29.0,0.47,82.96,0.48,19.0,0.53,86.6,0.52,19.0,0.54,43.0,0.55,29.0,0.01,0.01,2354.953477,1776303975000
1776303983.837,83.837,0.36,4.9,0.35,5.0,0.37,50.0,0.38,40.0,0.53,82.96,0.52,19.0,0.54,43.0,0.55,29.0,0.01,0.01,2355.141779,1776303982000
1776303984.16,84.16,0.35,3.34,0.34,28.0,0.36,35.0,0.37,25.0,0.63,50.0,0.62,40.0,0.65,3.34,0.66,23.0,0.01,0.02,2355.13349,1776303983000
1776303984.625,84.625,0.34,28.68,0.33,30.0,0.36,20.0,0.37,25.0,0.64,35.0,0.63,25.0,0.65,3.34,0.66,28.0,0.02,0.01,2355.13349,1776303983000
1776303986.219,86.219,0.32,18.55,0.31,21.0,0.33,50.0,0.34,20.0,0.64,20.0,0.63,25.0,0.66,28.68,0.67,30.0,0.01,0.02,2354.90775,1776303985000
1776303990.006,90.006,0.28,26.0,0.27,23.0,0.29,38.1,0.3,31.0,0.67,50.0,0.66,20.0,0.68,18.55,0.69,21.0,0.01,0.01,2354.629419,1776303988000
1776303991.188,91.188,0.28,130.99,0.27,103.0,0.29,25.71,0.3,11.71,0.71,38.1,0.7,31.0,0.72,20.79,0.73,23.0,0.01,0.01,2354.475566,1776303990000
1776303991.473,91.473,0.29,101.29,0.28,172.0,0.3,26.71,0.31,5.0,0.7,26.71,0.69,5.0,0.71,91.0,0.72,182.0,0.01,0.01,2354.475566,1776303990000
1776303991.716,91.716,0.29,96.29,0.28,172.0,0.3,21.54,0.31,5.0,0.7,26.71,0.69,5.0,0.71,101.29,0.72,172.0,0.01,0.01,2354.475566,1776303990000
1776303992.323,92.323,0.29,93.58,0.28,158.0,0.3,21.54,0.31,5.0,0.7,21.54,0.69,5.0,0.71,96.29,0.72,172.0,0.01,0.01,2354.475566,1776303990000
1776303993.085,93.085,0.29,86.87,0.28,158.0,0.3,21.54,0.31,5.0,0.7,21.54,0.69,5.0,0.71,93.58,0.72,158.0,0.01,0.01,2354.458248,1776303991000
1776303993.82,93.82,0.29,81.87,0.28,228.0,0.3,15.84,0.31,5.0,0.7,21.54,0.69,5.0,0.71,86.87,0.72,158.0,0.01,0.01,2354.474315,1776303992000
1776303994.762,94.762,0.29,63.42,0.28,197.0,0.3,20.84,0.31,53.99,0.7,15.84,0.69,5.0,0.71,70.16,0.72,228.0,0.01,0.01,2354.466265,1776303993000
1776303996.553,96.553,0.28,36.31,0.27,85.0,0.3,15.84,0.31,10.0,0.7,20.84,0.69,53.99,0.71,63.42,0.72,197.0,0.02,0.01,2354.485552,1776303995000
1776304004.689,104.689,0.29,52.0,0.28,51.31,0.3,12.5,0.32,5.0,0.7,15.84,0.69,10.0,0.72,36.31,0.73,85.0,0.01,0.02,2354.505751,1776304003000
1776304006.216,106.216,0.29,52.0,0.28,58.31,0.3,0.5,0.32,5.0,0.7,12.5,0.68,5.0,0.71,52.0,0.72,51.31,0.01,0.01,2354.50618,1776304004000
1776304006.537,106.537,0.36,22.0,0.35,17.0,0.38,16.94,0.39,11.0,0.7,0.5,0.68,5.0,0.71,52.0,0.72,58.31,0.02,0.01,2354.50618,1776304004000
1776304006.83,106.83,0.37,12.0,0.36,22.0,0.38,11.67,0.39,25.0,0.62,11.67,0.61,25.0,0.63,22.0,0.64,22.0,0.01,0.01,2354.5081,1776304005000
1776304007.682,107.682,0.42,5.0,0.41,10.0,0.43,168.74,0.44,5.0,0.62,11.67,0.61,25.0,0.64,18.18,0.65,27.0,0.01,0.02,2354.5181,1776304006000
1776304007.926,107.926,0.42,17.0,0.41,17.0,0.43,165.74,0.44,15.0,0.57,168.74,0.56,5.0,0.58,5.0,0.59,10.0,0.01,0.01,2354.5181,1776304006000
1776304008.499,108.499,0.4,7.0,0.37,5.0,0.43,269.99,0.44,37.0,0.57,165.74,0.56,15.0,0.58,17.0,0.59,17.0,0.03,0.01,2354.55592,1776304007000
1776304025.809,125.809,0.31,7.75,0.3,127.33,0.32,98.0,0.33,57.0,0.59,51.0,0.58,80.0,0.64,5.0,0.65,22.0,0.01,0.05,2354.640133,1776304024000
1776304031.339,131.339,0.3,6.33,0.28,5.0,0.31,175.0,0.32,142.25,0.68,98.0,0.67,57.0,0.69,7.75,0.7,127.33,0.01,0.01,2354.609814,1776304029000
1776304032.051,132.051,0.27,9.69,0.26,5.0,0.28,110.25,0.29,16.0,0.69,180.0,0.68,137.25,0.73,9.69,0.74,5.0,0.01,0.04,2354.602485,1776304030000
1776304032.606,132.606,0.26,4.52,0.25,16.74,0.28,141.25,0.29,26.0,0.72,110.25,0.71,16.0,0.73,9.69,0.74,5.0,0.02,0.01,2354.602237,1776304031000
1776304035.313,135.313,0.25,11.03,0.24,36.71,0.27,88.0,0.28,84.11,0.72,141.25,0.71,26.0,0.74,4.52,0.75,16.74,0.02,0.02,2354.465444,1776304034000
1776304037.281,137.281,0.25,5.0,0.24,15.0,0.26,105.29,0.27,20.0,0.73,88.0,0.72,84.11,0.75,11.03,0.76,36.71,0.01,0.02,2354.457593,1776304036000
1776304037.936,137.936,0.25,5.0,0.24,17.0,0.26,98.58,0.27,20.0,0.74,105.29,0.73,20.0,0.75,5.0,0.76,15.0,0.01,0.01,2354.457593,1776304036000
1776304038.779,138.779,0.25,5.0,0.24,5.0,0.26,81.87,0.27,25.0,0.74,98.58,0.73,20.0,0.75,5.0,0.76,17.0,0.01,0.01,2354.453749,1776304037000
1776304039.183,139.183,0.23,35.48,0.22,267.0,0.26,86.0,0.27,25.0,0.74,81.87,0.73,25.0,0.75,5.0,0.76,5.0,0.03,0.01,2354.453749,1776304037000
1776304039.692,139.692,0.23,30.48,0.22,272.0,0.25,84.29,0.26,41.0,0.74,86.0,0.73,25.0,0.77,35.48,0.78,267.0,0.02,0.03,2354.447189,1776304038000
1776304040.259,140.259,0.22,230.0,0.21,119.0,0.24,131.0,0.25,39.29,0.75,84.29,0.74,41.0,0.77,30.48,0.78,272.0,0.02,0.02,2354.447189,1776304038000
1776304041.069,141.069,0.23,10.0,0.22,230.0,0.24,62.58,0.25,29.29,0.76,79.29,0.75,44.29,0.78,230.0,0.79,119.0,0.01,0.02,2354.487974,1776304040000
1776304041.758,141.758,0.23,10.0,0.22,230.0,0.24,29.84,0.25,25.0,0.76,62.58,0.75,29.29,0.77,10.0,0.78,230.0,0.01,0.01,2354.487974,1776304040000
1776304044.441,144.441,0.2,0.99,0.17,11.31,0.23,122.0,0.24,71.0,0.76,29.84,0.75,25.0,0.77,10.0,0.78,230.0,0.03,0.01,2354.404425,1776304043000
1776304044.658,144.658,0.21,50.58,0.2,22.0,0.22,7.0,0.23,100.0,0.77,216.56,0.76,55.0,0.83,8.9,0.84,5.0,0.01,0.06,2354.404425,1776304043000
1776304045.091,145.091,0.3,51.01,0.22,5.0,0.38,2.39,0.4,16.0,0.69,29.9,0.67,6.0,0.7,51.01,0.79,88.58,0.08,0.01,2354.397204,1776304044000
1776304045.403,145.403,0.33,18.92,0.32,70.0,0.34,5.0,0.38,2.39,0.62,2.39,0.6,10.0,0.67,25.61,0.69,50.0,0.01,0.05,2354.397204,1776304044000
1776304046.176,146.176,0.33,27.97,0.3,5.0,0.34,21.0,0.35,80.0,0.66,5.0,0.59,55.0,0.67,46.42,0.68,70.0,0.01,0.01,2354.250995,1776304045000
1776304046.433,146.433,0.33,12.73,0.27,14.0,0.34,21.0,0.35,80.0,0.66,21.0,0.65,80.0,0.67,20.73,0.7,5.0,0.01,0.01,2354.250995,1776304045000
1776304047.125,147.125,0.27,6.0,0.26,70.0,0.28,45.0,0.29,10.0,0.66,21.0,0.65,80.0,0.67,12.73,0.73,14.0,0.01,0.01,2354.250995,1776304045000
1776304048.153,148.153,0.27,14.63,0.26,143.67,0.28,20.0,0.29,10.0,0.69,5.8,0.68,10.0,0.73,6.0,0.74,70.0,0.01,0.04,2354.713381,1776304046000
1776304049.279,149.279,0.28,47.0,0.27,54.0,0.32,5.25,0.33,15.0,0.72,20.0,0.71,10.0,0.73,14.63,0.74,143.67,0.04,0.01,2354.527929,1776304048000
1776304049.57,149.57,0.3,19.0,0.29,21.0,0.31,10.0,0.32,5.25,0.68,5.25,0.67,15.0,0.72,47.0,0.73,54.0,0.01,0.04,2354.527929,1776304048000
1776304054.647,154.647,0.29,9.87,0.28,32.0,0.31,15.0,0.32,11.25,0.69,10.0,0.68,5.25,0.7,19.0,0.71,21.0,0.02,0.01,2354.627868,1776304053000
1776304055.434,155.434,0.25,19.66,0.24,17.0,0.27,25.0,0.28,21.0,0.69,15.0,0.68,11.25,0.71,9.87,0.72,32.0,0.02,0.02,2354.626523,1776304054000
1776304055.954,155.954,0.25,17.99,0.24,36.7,0.26,20.0,0.27,21.0,0.73,25.0,0.72,21.0,0.75,19.66,0.76,17.0,0.01,0.02,2354.626523,1776304054000
1776304056.854,156.854,0.19,28.4,0.18,31.4,0.24,95.0,0.25,48.0,0.74,20.0,0.73,21.0,0.75,17.99,0.76,36.7,0.05,0.01,2354.621144,1776304056000
1776304057.541,157.541,0.17,41.18,0.16,32.8,0.18,20.0,0.19,10.0,0.8,20.0,0.79,10.0,0.81,20.82,0.82,24.4,0.01,0.01,2354.621144,1776304056000
1776304058.56,158.56,0.16,20.63,0.15,50.2,0.18,57.0,0.19,22.0,0.82,20.0,0.81,10.0,0.83,41.18,0.84,32.8,0.02,0.01,2354.586451,1776304057000
1776304059.757,159.757,0.16,31.24,0.15,33.0,0.17,20.0,0.18,52.0,0.82,57.0,0.81,22.0,0.84,20.63,0.85,50.2,0.01,0.02,2354.173414,1776304058000
1776304060.854,160.854,0.15,116.6,0.14,202.9,0.16,20.0,0.17,66.0,0.83,20.0,0.82,57.0,0.84,25.24,0.85,33.0,0.01,0.01,2353.92777,1776304059000
1776304063.312,163.312,0.15,139.02,0.14,212.9,0.16,20.0,0.17,56.68,0.84,20.0,0.83,66.0,0.85,116.6,0.86,202.9,0.01,0.01,2353.945256,1776304062000
1776304069.284,169.284,0.14,19.9,0.13,100.26,0.15,102.0,0.16,25.0,0.84,20.0,0.83,56.68,0.85,139.02,0.86,212.9,0.01,0.01,2353.871875,1776304068000
1776304069.71,169.71,0.13,24.77,0.12,5.09,0.14,49.0,0.15,89.0,0.85,102.0,0.84,25.0,0.86,19.9,0.87,100.26,0.01,0.01,2353.871875,1776304068000
1776304071.048,171.048,0.13,122.62,0.12,124.08,0.14,93.0,0.15,82.0,0.86,49.0,0.85,89.0,0.87,13.77,0.88,5.09,0.01,0.01,2353.83865,1776304070000
1776304071.302,171.302,0.13,106.25,0.12,105.09,0.14,152.57,0.15,102.57,0.86,93.0,0.85,82.0,0.87,122.62,0.88,124.08,0.01,0.01,2353.83865,1776304070000
1776304071.675,171.675,0.1,8.92,0.09,97.0,0.13,178.99,0.14,109.57,0.86,177.99,0.85,202.57,0.88,0.09,0.9,27.99,0.03,0.02,2353.83865,1776304070000
1776304072.076,172.076,0.1,3.92,0.09,97.0,0.11,76.0,0.12,20.0,0.87,178.99,0.86,109.57,0.9,8.92,0.91,97.0,0.01,0.03,2353.83865,1776304070000
1776304072.666,172.666,0.1,8.88,0.09,97.0,0.11,69.0,0.12,20.0,0.89,76.0,0.88,20.0,0.9,3.92,0.91,97.0,0.01,0.01,2353.766673,1776304071000
1776304074.745,174.745,0.09,86.07,0.08,161.9,0.11,96.22,0.12,20.0,0.89,69.0,0.88,20.0,0.9,8.88,0.91,97.0,0.02,0.01,2353.62639,1776304072000
1776304076.438,176.438,0.09,43.0,0.08,161.9,0.11,136.22,0.12,25.0,0.89,96.22,0.88,20.0,0.91,86.07,0.92,161.9,0.02,0.02,2353.487094,1776304074000
1776304077.686,177.686,0.1,35.0,0.09,99.0,0.11,5.22,0.12,20.0,0.89,136.22,0.88,25.0,0.91,43.0,0.92,161.9,0.01,0.02,2353.44921,1776304076000
1776304080.669,180.669,0.08,38.36,0.07,102.3,0.09,79.0,0.1,25.0,0.88,20.0,0.87,35.0,0.9,158.65,0.91,156.0,0.01,0.02,2353.6599,1776304079000
1776304080.969,180.969,0.07,93.25,0.06,105.8,0.08,10.0,0.09,69.0,0.91,79.0,0.9,25.0,0.92,38.36,0.93,102.3,0.01,0.01,2353.6599,1776304079000
1776304081.621,181.621,0.07,89.99,0.06,111.8,0.08,10.0,0.09,69.0,0.92,10.0,0.91,69.0,0.93,93.25,0.94,105.8,0.01,0.01,2353.6599,1776304079000
1776304084.183,184.183,0.07,99.99,0.06,98.8,0.09,2.11,0.12,11.0,0.92,10.0,0.91,69.0,0.93,89.99,0.94,111.8,0.02,0.01,2353.502124,1776304082000
1776304084.39,184.39,0.07,149.99,0.06,148.8,0.09,2.01,0.12,42.42,0.91,2.11,0.88,11.0,0.93,99.99,0.94,148.8,0.02,0.02,2353.502124,1776304082000
1776304084.993,184.993,0.11,160.0,0.1,15.0,0.17,10.0,0.19,10.0,0.88,31.42,0.86,7.0,0.9,46.87,0.93,186.99,0.06,0.02,2353.445464,1776304083000
1776304086.129,186.129,0.16,5.0,0.15,5.0,0.17,40.0,0.18,56.5,0.83,10.0,0.81,10.0,0.89,160.0,0.9,15.0,0.01,0.06,2353.55403,1776304084000
1776304102.066,202.066,0.14,29.9,0.1,62.07,0.17,224.0,0.18,86.31,0.83,40.0,0.82,56.5,0.84,5.0,0.85,5.0,0.03,0.01,2353.900223,1776304100000
1776304104.039,204.039,0.06,73.8,0.05,100.8,0.09,15.0,0.1,15.0,0.83,224.0,0.82,86.31,0.86,29.9,0.9,62.07,0.03,0.03,2353.898666,1776304102000
1776304109.128,209.128,0.07,120.07,0.06,141.8,0.08,159.5,0.09,176.78,0.91,15.0,0.9,15.0,0.94,73.8,0.95,100.8,0.01,0.03,2353.68277,1776304107000
1776304109.669,209.669,0.03,1089.1,0.02,628.7,0.08,154.5,0.09,176.78,0.92,159.5,0.91,176.78,0.93,120.07,0.94,141.8,0.05,0.01,2353.652881,1776304108000
1776304110.24,210.24,0.03,955.29,0.02,628.7,0.05,5.0,0.06,15.0,0.92,154.5,0.91,176.78,0.97,1089.1,0.98,628.7,0.02,0.05,2353.577026,1776304109000
1776304110.58,210.58,0.05,15.0,0.04,27.76,0.06,15.0,0.07,110.0,0.95,5.0,0.94,15.0,0.97,955.29,0.98,628.7,0.01,0.02,2353.577026,1776304109000
1776304110.861,210.861,0.05,43.76,0.04,42.92,0.07,53.31,0.08,133.5,0.94,15.0,0.93,110.0,0.95,15.0,0.96,27.76,0.02,0.01,2353.577026,1776304109000
1776304111.307,211.307,0.05,42.7,0.04,37.92,0.06,5.0,0.07,10.0,0.93,53.31,0.92,133.5,0.95,37.7,0.96,42.92,0.01,0.02,2353.577026,1776304109000
1776304111.956,211.956,0.08,135.62,0.07,1050.24,0.1,10.0,0.11,231.79,0.94,5.0,0.93,10.0,0.95,42.7,0.96,37.92,0.02,0.01,2353.633508,1776304110000
1776304113.144,213.144,0.13,10.0,0.12,15.0,0.15,131.39,0.16,10.0,0.9,9.0,0.89,63.79,0.92,75.62,0.93,1059.28,0.02,0.02,2353.698329,1776304112000
1776304113.432,213.432,0.13,58.42,0.12,59.0,0.14,10.0,0.15,126.13,0.85,126.13,0.84,10.0,0.87,21.0,0.88,26.0,0.01,0.02,2353.698329,1776304112000
1776304113.666,213.666,0.13,54.57,0.12,49.0,0.15,118.43,0.16,10.0,0.86,10.0,0.85,126.13,0.87,44.57,0.88,49.0,0.02,0.01,2353.698329,1776304112000
1776304114.465,214.465,0.14,15.0,0.13,10.0,0.2,4.55,0.23,10.0,0.85,118.43,0.84,10.0,0.87,54.57,0.88,49.0,0.06,0.02,2353.8701,1776304113000
1776304115.055,215.055,0.21,44.49,0.16,80.0,0.22,10.0,0.26,18.7,0.77,9.9,0.76,10.0,0.84,50.0,0.86,15.0,0.01,0.07,2354.009859,1776304114000
1776304115.344,215.344,0.21,42.49,0.19,15.0,0.22,10.0,0.23,10.0,0.78,10.0,0.77,10.0,0.79,53.49,0.81,10.0,0.01,0.01,2354.009859,1776304114000
1776304115.63,215.63,0.21,20.63,0.2,10.0,0.24,10.0,0.25,10.0,0.77,10.0,0.76,10.0,0.79,31.63,0.81,15.0,0.03,0.02,2354.009859,1776304114000
1776304116.051,216.051,0.22,10.0,0.21,20.63,0.25,2.4,0.26,28.7,0.76,10.0,0.75,10.0,0.79,20.63,0.8,10.0,0.03,0.03,2354.264308,1776304115000
1776304116.672,216.672,0.22,4.0,0.21,95.63,0.24,102.52,0.25,2.4,0.75,2.4,0.74,28.7,0.78,10.0,0.79,20.63,0.02,0.03,2354.264308,1776304115000
1776304117.01,217.01,0.22,4.0,0.21,105.63,0.24,92.52,0.3,20.0,0.76,102.52,0.75,2.4,0.78,4.0,0.79,95.63,0.02,0.02,2354.264308,1776304115000
1776304118.474,218.474,0.28,62.76,0.27,15.0,0.29,103.92,0.3,10.0,0.76,65.85,0.68,5.0,0.77,5.0,0.78,14.0,0.01,0.01,2354.73245,1776304117000
1776304118.826,218.826,0.26,6.02,0.25,10.0,0.29,113.92,0.3,10.0,0.71,103.92,0.7,10.0,0.72,63.55,0.73,10.0,0.03,0.01,2354.73245,1776304117000
1776304120.394,220.394,0.23,30.0,0.21,65.63,0.25,106.39,0.26,10.0,0.71,113.92,0.7,10.0,0.74,6.02,0.75,10.0,0.02,0.03,2354.717648,1776304118000
1776304120.851,220.851,0.23,50.0,0.22,10.0,0.24,1.66,0.25,99.39,0.75,106.39,0.74,10.0,0.77,30.0,0.79,65.63,0.01,0.02,2354.718928,1776304120000
1776304121.559,221.559,0.24,25.0,0.23,45.0,0.25,84.19,0.26,10.0,0.76,1.66,0.75,99.39,0.77,50.0,0.78,10.0,0.01,0.01,2354.718928,1776304120000
1776304122.887,222.887,0.23,45.0,0.22,10.0,0.24,13.07,0.25,84.19,0.75,84.19,0.74,10.0,0.76,25.0,0.77,45.0,0.01,0.01,2354.761805,1776304121000
1776304123.714,223.714,0.23,50.0,0.22,10.0,0.24,13.07,0.25,89.19,0.76,13.07,0.75,84.19,0.77,45.0,0.78,10.0,0.01,0.01,2354.79229,1776304122000
1776304124.18,224.18,0.23,40.0,0.22,10.0,0.24,13.07,0.25,84.19,0.76,13.07,0.75,89.19,0.77,50.0,0.78,10.0,0.01,0.01,2354.77566,1776304123000
1776304124.947,224.947,0.23,28.7,0.22,40.0,0.24,28.07,0.25,84.19,0.76,13.07,0.75,84.19,0.77,40.0,0.78,10.0,0.01,0.01,2354.77566,1776304123000
1776304130.288,230.288,0.23,61.7,0.22,10.0,0.24,13.07,0.31,15.0,0.76,28.07,0.75,84.19,0.77,28.7,0.78,40.0,0.01,0.01,2354.79342,1776304129000
1776304130.548,230.548,0.34,10.0,0.32,10.0,0.43,70.31,0.44,30.0,0.66,16.0,0.61,10.0,0.77,88.7,0.78,10.0,0.09,0.11,2354.79342,1776304129000
1776304131.299,231.299,0.45,16.0,0.43,10.0,0.47,33.32,0.48,112.0,0.57,70.31,0.56,30.0,0.66,10.0,0.68,10.0,0.02,0.09,2354.79342,1776304129000
1776304131.882,231.882,0.44,10.0,0.41,50.0,0.47,20.78,0.49,14.0,0.53,33.32,0.52,112.0,0.55,16.0,0.57,10.0,0.03,0.02,2354.765665,1776304131000
1776304132.179,232.179,0.41,50.0,0.38,10.0,0.42,10.0,0.43,10.0,0.53,6.11,0.52,70.0,0.55,10.0,0.59,50.0,0.01,0.02,2354.765665,1776304131000
1776304133.134,233.134,0.41,82.0,0.4,85.99,0.45,2.77,0.49,88.5,0.58,10.0,0.57,10.0,0.59,45.0,0.63,30.0,0.04,0.01,2355.127577,1776304132000
1776304133.352,233.352,0.48,10.0,0.47,10.0,0.49,73.5,0.5,10.06,0.51,73.5,0.5,10.06,0.54,47.23,0.56,10.0,0.01,0.03,2355.127577,1776304132000
1776304133.773,233.773,0.48,14.07,0.47,10.0,0.49,68.5,0.5,10.06,0.51,73.5,0.5,10.06,0.52,10.0,0.53,10.0,0.01,0.01,2355.127577,1776304132000
1776304134.426,234.426,0.49,10.0,0.48,19.07,0.5,0.06,0.51,5.0,0.51,68.5,0.5,10.06,0.52,9.07,0.53,10.0,0.01,0.01,2355.248481,1776304133000
1776304134.971,234.971,0.59,5.0,0.58,16.0,0.6,15.0,0.61,85.1,0.41,67.84,0.4,25.0,0.51,10.0,0.52,19.07,0.01,0.1,2355.248481,1776304133000
1776304135.497,235.497,0.59,11.0,0.58,16.0,0.61,80.76,0.62,15.3,0.4,0.66,0.39,85.1,0.41,11.0,0.42,16.0,0.02,0.01,2355.400315,1776304134000
1776304135.773,235.773,0.59,5.75,0.58,16.0,0.61,90.76,0.62,15.3,0.39,80.76,0.38,15.3,0.41,11.0,0.42,16.0,0.02,0.02,2355.400315,1776304134000
1776304136.251,236.251,0.6,10.0,0.59,0.75,0.61,25.76,0.62,15.3,0.39,25.76,0.38,15.3,0.41,0.75,0.42,16.0,0.01,0.02,2355.437465,1776304135000
1776304136.869,236.869,0.61,12.92,0.6,25.0,0.62,20.3,0.63,15.4,0.38,15.3,0.37,15.4,0.41,0.75,0.42,16.0,0.01,0.03,2355.437465,1776304135000
1776304137.15,237.15,0.61,2.3,0.6,12.04,0.62,15.3,0.63,15.4,0.38,20.3,0.37,15.4,0.4,2.04,0.41,0.75,0.01,0.02,2355.437465,1776304135000
1776304137.569,237.569,0.62,10.05,0.61,10.0,0.63,15.4,0.64,25.6,0.38,15.3,0.37,15.4,0.4,12.04,0.41,0.75,0.01,0.02,2355.547475,1776304136000
1776304138.085,238.085,0.63,32.0,0.62,10.05,0.64,7.54,0.65,15.0,0.37,15.4,0.36,25.6,0.38,10.05,0.39,10.0,0.01,0.01,2355.547475,1776304136000
1776304138.526,238.526,0.64,31.0,0.63,7.05,0.65,5.56,0.67,70.0,0.36,7.54,0.35,15.0,0.37,17.05,0.38,10.05,0.01,0.01,2355.764075,1776304137000
1776304140.224,240.224,0.66,31.0,0.65,10.0,0.67,18.04,0.68,70.0,0.33,11.04,0.32,70.0,0.34,10.0,0.35,10.0,0.01,0.01,2355.79075,1776304138000
1776304140.952,240.952,0.66,16.0,0.65,17.57,0.67,0.27,0.68,70.0,0.33,18.04,0.32,70.0,0.34,26.0,0.35,10.0,0.01,0.01,2355.816032,1776304139000
1776304141.425,241.425,0.66,26.2,0.65,17.57,0.67,0.27,0.68,75.0,0.33,0.27,0.32,70.0,0.34,16.0,0.35,17.57,0.01,0.01,2355.816032,1776304139000
1776304142.092,242.092,0.66,11.2,0.65,17.57,0.67,4.17,0.68,70.0,0.33,0.27,0.32,75.0,0.34,26.2,0.35,17.57,0.01,0.01,2355.849977,1776304140000
1776304142.649,242.649,0.67,10.0,0.66,26.2,0.68,64.05,0.69,145.0,0.33,4.17,0.32,70.0,0.34,11.2,0.35,17.57,0.01,0.01,2355.854507,1776304141000
1776304143.134,243.134,0.67,20.0,0.66,76.2,0.68,31.87,0.69,70.0,0.32,64.05,0.31,145.0,0.33,10.0,0.34,26.2,0.01,0.01,2355.88043,1776304142000
1776304143.577,243.577,0.7,20.0,0.69,20.0,0.73,1.36,0.74,70.0,0.31,70.0,0.29,5.0,0.33,20.0,0.34,76.2,0.03,0.02,2355.88043,1776304142000
1776304144.449,244.449,0.79,10.0,0.73,20.0,0.82,58.62,0.83,59.0,0.27,1.36,0.26,70.0,0.3,20.0,0.31,20.0,0.03,0.03,2355.879436,1776304143000
1776304144.817,244.817,0.81,10.0,0.8,37.0,0.82,53.67,0.83,70.0,0.18,54.89,0.17,70.0,0.2,27.0,0.21,10.0,0.01,0.02,2355.879436,1776304143000
1776304145.545,245.545,0.74,10.0,0.73,15.0,0.75,13.0,0.81,20.0,0.18,49.34,0.17,70.0,0.19,10.0,0.2,37.0,0.01,0.01,2355.914286,1776304144000
1776304146.1,246.1,0.74,10.0,0.73,10.0,0.75,13.06,0.76,70.0,0.25,13.0,0.19,20.0,0.26,10.0,0.27,15.0,0.01,0.01,2356.158075,1776304145000
1776304146.312,246.312,0.74,10.0,0.73,107.96,0.76,69.16,0.77,10.0,0.25,1.39,0.24,70.0,0.26,10.0,0.27,107.96,0.02,0.01,2356.158075,1776304145000
1776304147.193,247.193,0.74,4.0,0.73,107.96,0.75,10.0,0.76,79.16,0.24,69.16,0.23,10.0,0.26,10.0,0.27,107.96,0.01,0.02,2356.158075,1776304145000
1776304147.647,247.647,0.73,107.96,0.72,10.0,0.75,7.86,0.76,84.16,0.25,10.0,0.24,79.16,0.26,4.0,0.27,107.96,0.02,0.01,2356.343425,1776304146000
1776304148.62,248.62,0.58,15.0,0.57,10.0,0.75,5.0,0.76,79.16,0.24,79.16,0.23,10.0,0.26,10.0,0.27,107.96,0.17,0.02,2356.255467,1776304147000
1776304149.167,249.167,0.67,5.0,0.64,10.0,0.68,4.85,0.69,40.0,0.25,5.0,0.24,79.16,0.42,15.0,0.43,10.0,0.01,0.17,2356.253746,1776304148000
1776304149.374,249.374,0.67,5.0,0.63,15.0,0.69,21.77,0.7,10.0,0.32,4.85,0.31,40.0,0.33,5.0,0.36,10.0,0.02,0.01,2356.253746,1776304148000
1776304149.716,249.716,0.67,5.0,0.63,15.0,0.68,4.33,0.69,18.0,0.31,18.0,0.3,10.0,0.33,5.0,0.37,15.0,0.01,0.02,2356.253746,1776304148000
1776304150.187,250.187,0.67,5.0,0.63,15.0,0.68,2.64,0.69,10.0,0.31,13.94,0.3,10.0,0.33,5.0,0.37,15.0,0.01,0.02,2356.215009,1776304149000
1776304150.867,250.867,0.67,5.0,0.63,5.0,0.71,53.95,0.72,10.0,0.31,5.35,0.3,10.0,0.33,5.0,0.37,15.0,0.04,0.02,2356.215009,1776304149000
1776304151.378,251.378,0.56,5.0,0.55,10.0,0.57,16.49,0.58,15.0,0.29,53.95,0.28,10.0,0.44,3.13,0.45,10.0,0.01,0.15,2356.261408,1776304150000
1776304151.677,251.677,0.56,8.8,0.55,10.0,0.57,2.71,0.58,15.0,0.43,16.49,0.42,15.0,0.44,3.8,0.45,10.0,0.01,0.01,2356.261408,1776304150000
1776304152.038,252.038,0.56,18.8,0.55,10.0,0.57,8.4,0.58,30.0,0.43,14.2,0.42,30.0,0.44,18.8,0.45,10.0,0.01,0.01,2356.261408,1776304150000
1776304152.514,252.514,0.56,15.0,0.55,10.0,0.58,10.0,0.59,10.0,0.43,8.4,0.42,30.0,0.44,18.8,0.45,10.0,0.02,0.01,2356.169317,1776304151000
1776304154.773,254.773,0.59,57.19,0.58,10.0,0.6,10.0,0.61,60.0,0.42,8.27,0.41,10.0,0.44,15.0,0.45,10.0,0.01,0.02,2356.009783,1776304153000
1776304155.363,255.363,0.55,173.07,0.54,22.0,0.56,53.14,0.57,10.0,0.4,10.0,0.39,60.0,0.46,10.0,0.47,10.0,0.01,0.06,2356.009783,1776304153000
1776304158.074,258.074,0.55,174.5,0.54,89.53,0.59,5.86,0.6,10.0,0.44,53.14,0.43,10.0,0.45,168.07,0.46,22.0,0.04,0.01,2356.027374,1776304156000
1776304160.628,260.628,0.59,199.65,0.58,35.43,0.6,15.0,0.61,60.0,0.41,5.86,0.4,10.0,0.45,174.5,0.46,89.53,0.01,0.04,2355.99009,1776304159000
1776304161.152,261.152,0.59,21.15,0.58,11.0,0.6,10.0,0.61,200.0,0.4,15.0,0.39,60.0,0.41,199.65,0.42,35.43,0.01,0.01,2356.015626,1776304160000
1776304161.507,261.507,0.58,6.0,0.54,5.0,0.59,10.0,0.6,10.0,0.4,15.0,0.39,270.0,0.42,11.0,0.46,5.0,0.01,0.02,2356.015626,1776304160000
1776304162.896,262.896,0.54,177.99,0.53,77.42,0.56,10.0,0.57,10.0,0.41,10.0,0.4,10.0,0.46,5.0,0.5,30.0,0.02,0.05,2356.001952,1776304161000
1776304163.351,263.351,0.53,55.27,0.52,22.0,0.54,5.0,0.56,50.0,0.44,10.0,0.43,10.0,0.46,177.99,0.47,77.42,0.01,0.02,2356.001952,1776304161000
1776304163.738,263.738,0.74,81.27,0.73,30.0,0.75,91.9,0.76,130.0,0.25,92.0,0.24,130.0,0.26,0.76,0.28,10.0,0.01,0.01,2355.926242,1776304162000
1776304164.005,264.005,0.74,95.27,0.73,29.0,0.75,84.01,0.76,130.0,0.25,91.9,0.24,130.0,0.26,81.27,0.27,30.0,0.01,0.01,2355.846743,1776304163000
1776304164.355,264.355,0.74,174.27,0.73,127.33,0.75,35.01,0.76,130.0,0.25,44.01,0.24,130.0,0.26,95.27,0.27,29.0,0.01,0.01,2355.846743,1776304163000
1776304164.747,264.747,0.75,10.0,0.74,165.37,0.77,4.54,0.78,10.0,0.25,10.0,0.24,68.54,0.26,157.37,0.27,127.33,0.02,0.01,2355.846743,1776304163000
1776304165.102,265.102,0.76,16.0,0.75,16.0,0.78,3.3,0.79,40.0,0.23,4.54,0.22,10.0,0.25,10.0,0.26,165.37,0.02,0.02,2355.84436,1776304164000
1776304165.333,265.333,0.78,16.0,0.77,16.0,0.79,27.34,0.8,10.0,0.22,3.3,0.21,40.0,0.24,16.0,0.25,16.0,0.01,0.02,2355.84436,1776304164000
1776304165.659,265.659,0.78,21.0,0.77,16.0,0.79,16.58,0.81,60.0,0.21,27.34,0.2,10.0,0.22,16.0,0.23,16.0,0.01,0.01,2355.84436,1776304164000
1776304166.358,266.358,0.85,10.0,0.82,10.0,0.87,8.16,0.88,150.0,0.21,14.68,0.19,60.0,0.22,16.0,0.23,16.0,0.02,0.01,2356.095573,1776304165000
1776304166.593,266.593,0.85,10.0,0.81,16.0,0.86,33.96,0.87,8.16,0.14,36.06,0.13,8.16,0.15,10.0,0.19,16.0,0.01,0.01,2356.095573,1776304165000
1776304166.822,266.822,0.85,16.0,0.82,6.0,0.86,28.14,0.87,8.16,0.14,33.96,0.13,8.16,0.15,10.0,0.19,16.0,0.01,0.01,2356.095573,1776304165000
1776304167.16,267.16,0.85,26.0,0.84,10.0,0.86,26.97,0.87,8.16,0.14,28.14,0.13,8.16,0.15,16.0,0.18,6.0,0.01,0.01,2356.095573,1776304165000
1776304167.576,267.576,0.84,116.25,0.8,18.75,0.85,20.0,0.86,65.0,0.14,26.97,0.13,8.16,0.15,26.0,0.16,10.0,0.01,0.01,2356.215195,1776304166000
1776304168.071,268.071,0.76,10.0,0.75,15.0,0.77,16.66,0.82,8.0,0.23,29.64,0.15,20.0,0.25,10.0,0.26,10.0,0.01,0.02,2356.317351,1776304167000
1776304168.331,268.331,0.76,15.0,0.75,20.0,0.82,8.0,0.83,30.0,0.23,15.36,0.18,8.0,0.24,15.0,0.25,15.0,0.06,0.01,2356.317351,1776304167000
1776304169.766,269.766,0.86,144.12,0.85,162.36,0.87,38.88,0.88,10.0,0.15,10.0,0.14,10.0,0.18,67.93,0.19,33.0,0.01,0.03,2356.317351,1776304167000
1776304170.288,270.288,0.86,164.12,0.85,162.36,0.88,28.32,0.89,46.79,0.13,38.88,0.12,10.0,0.14,144.12,0.15,162.36,0.02,0.01,2356.307214,1776304169000
1776304171.063,271.063,0.86,84.12,0.85,162.36,0.87,15.0,0.88,10.0,0.12,28.32,0.11,46.79,0.14,164.12,0.15,162.36,0.01,0.02,2356.307214,1776304169000
1776304171.319,271.319,0.86,84.12,0.85,162.36,0.87,9.0,0.88,10.0,0.13,15.0,0.12,10.0,0.14,84.12,0.15,162.36,0.01,0.01,2356.307214,1776304169000
1776304171.54,271.54,0.86,53.27,0.85,156.36,0.87,9.0,0.88,10.0,0.13,9.0,0.12,10.0,0.14,84.12,0.15,162.36,0.01,0.01,2356.42913,1776304170000
1776304171.816,271.816,0.85,147.36,0.84,41.0,0.87,3.42,0.88,10.0,0.14,10.0,0.13,4.0,0.15,147.36,0.16,24.0,0.02,0.01,2356.42913,1776304170000
1776304172.028,272.028,0.85,147.25,0.84,41.0,0.86,10.0,0.87,3.42,0.13,3.42,0.12,10.0,0.15,147.36,0.16,41.0,0.01,0.02,2356.42913,1776304170000
1776304172.233,272.233,0.85,185.36,0.84,41.0,0.88,0.42,0.89,46.79,0.14,10.0,0.13,3.42,0.15,147.25,0.16,41.0,0.03,0.01,2356.434755,1776304171000
1776304173.525,273.525,0.86,24.7,0.85,154.36,0.87,2.35,0.88,0.42,0.12,0.42,0.11,46.79,0.15,185.36,0.16,41.0,0.01,0.03,2356.362038,1776304172000
1776304173.807,273.807,0.86,29.7,0.85,154.36,0.87,3.5,0.88,0.42,0.13,2.35,0.12,0.42,0.14,24.7,0.15,154.36,0.01,0.01,2356.362038,1776304172000
1776304174.351,274.351,0.86,104.67,0.84,43.0,0.87,18.5,0.88,5.42,0.13,3.5,0.12,0.42,0.14,29.7,0.15,154.36,0.01,0.01,2356.300876,1776304173000
1776304174.668,274.668,0.87,6.0,0.86,20.0,0.89,36.79,0.92,10.54,0.13,18.5,0.12,5.42,0.16,34.0,0.17,25.0,0.02,0.03,2356.300876,1776304173000
1776304175.197,275.197,0.89,160.07,0.88,28.0,0.91,10.0,0.92,20.54,0.1,10.0,0.09,10.0,0.11,3.0,0.12,26.68,0.02,0.01,2356.278047,1776304174000
1776304175.73,275.73,0.9,38.66,0.89,155.07,0.91,10.0,0.92,25.54,0.09,10.0,0.08,20.54,0.11,160.07,0.12,28.0,0.01,0.02,2356.278047,1776304174000
1776304176.053,276.053,0.9,33.66,0.89,155.07,0.91,10.0,0.92,25.54,0.09,10.0,0.08,25.54,0.1,38.66,0.11,155.07,0.01,0.01,2356.278047,1776304174000
1776304177.431,277.431,0.9,18.66,0.89,171.07,0.92,13.52,0.93,10.0,0.09,5.0,0.08,25.54,0.1,28.66,0.11,155.07,0.02,0.01,2356.31613,1776304175000
1776304177.795,277.795,0.9,33.66,0.89,171.07,0.91,8.9,0.92,13.52,0.08,13.52,0.07,10.0,0.1,18.66,0.11,171.07,0.01,0.02,2356.43855,1776304176000
1776304178.109,278.109,0.9,23.66,0.89,155.07,0.91,8.9,0.92,13.52,0.09,8.9,0.08,13.52,0.1,33.66,0.11,171.07,0.01,0.01,2356.43855,1776304176000
1776304178.82,278.82,0.9,13.66,0.89,155.07,0.91,3.4,0.92,13.52,0.09,8.9,0.08,13.52,0.1,23.66,0.11,155.07,0.01,0.01,2356.43855,1776304177000
1776304179.109,279.109,0.9,13.66,0.89,165.07,0.93,10.0,0.94,15.0,0.09,3.4,0.08,13.52,0.1,13.66,0.11,155.07,0.03,0.01,2356.43855,1776304177000
1776304179.597,279.597,0.89,60.73,0.88,26.0,0.94,10.0,0.95,57.0,0.03,440.31,0.02,434.0,0.1,18.66,0.11,165.07,0.05,0.07,2356.43355,1776304178000
1776304180.07,280.07,0.92,25.0,0.91,10.0,0.93,8.92,0.94,1.33,0.06,1.33,0.05,52.0,0.09,10.0,0.1,10.0,0.01,0.03,2356.43355,1776304178000
1776304181.933,281.933,0.93,45.26,0.92,10.0,0.95,41.73,0.96,10.0,0.07,8.92,0.06,1.33,0.08,25.0,0.09,10.0,0.02,0.01,2356.439869,1776304180000
1776304182.183,282.183,0.93,35.26,0.92,10.0,0.94,1.19,0.95,41.73,0.05,41.73,0.04,10.0,0.07,45.26,0.08,10.0,0.01,0.02,2356.439869,1776304180000
1776304182.569,282.569,0.93,20.26,0.92,10.0,0.94,6.48,0.95,41.73,0.06,1.19,0.05,41.73,0.07,35.26,0.08,10.0,0.01,0.01,2356.42855,1776304181000
1776304182.902,282.902,0.93,20.26,0.92,10.0,0.95,41.73,0.96,10.0,0.06,8.28,0.05,41.73,0.07,20.26,0.08,10.0,0.02,0.01,2356.42855,1776304181000
1776304184.862,284.862,0.94,15.0,0.93,30.26,0.97,62.61,0.98,456.99,0.05,41.73,0.04,10.0,0.07,20.26,0.08,10.0,0.03,0.02,2356.4286,1776304182000
1776304185.237,285.237,0.95,35.26,0.94,10.0,0.98,438.52,0.99,7364.0,0.03,62.61,0.02,456.99,0.06,15.0,0.07,30.26,0.03,0.03,2356.4283,1776304183000
1776304185.702,285.702,0.97,4.47,0.95,10.66,0.98,540.46,0.99,7539.0,0.02,527.52,0.01,7439.0,0.03,4.47,0.05,10.66,0.01,0.01,2356.367491,1776304184000
1776304186.13,286.13,0.97,9.47,0.96,10.0,0.98,489.0,0.99,7539.0,0.02,524.23,0.01,7539.0,0.03,4.47,0.05,10.66,0.01,0.01,2356.367379,1776304185000
1776304187.784,287.784,0.97,4.47,0.96,10.0,0.98,173.44,0.99,7422.99,0.02,487.46,0.01,7539.0,0.03,9.47,0.04,10.0,0.01,0.01,2356.372313,1776304186000
1776304188.948,288.948,0.97,9.47,0.96,10.0,0.98,158.33,0.99,7361.99,0.02,173.44,0.01,7422.99,0.03,4.47,0.04,10.0,0.01,0.01,2356.417827,1776304188000
1776304189.956,289.956,0.97,9.47,0.96,10.0,0.99,7321.7,,,0.02,112.31,0.01,7361.99,0.03,9.47,0.04,10.0,0.02,0.01,2356.417827,1776304188000
1776304190.394,290.394,0.97,26.47,0.96,15.2,0.99,2074.7,,,0.01,7321.7,,,0.03,9.47,0.04,10.0,0.02,0.02,2356.44,1776304189000
1776304190.677,290.677,0.96,1.67,0.95,10.0,0.98,10.0,0.99,2095.7,0.02,12.96,0.01,2095.7,0.03,16.47,0.04,5.2,0.02,0.01,2356.44,1776304189000
1776304190.933,290.933,0.95,10.0,0.94,1.67,0.98,14.68,0.99,2022.7,0.03,10.0,0.02,10.0,0.06,1.67,0.07,10.0,0.03,0.03,2356.44,1776304189000
1776304191.155,291.155,0.96,10.0,0.95,10.0,0.97,4.91,0.98,14.68,0.02,14.68,0.01,2022.7,0.05,10.0,0.06,1.67,0.01,0.03,2356.44,1776304189000
1776304191.444,291.444,0.97,10.0,0.96,15.0,0.98,7.28,0.99,1853.7,0.02,8.31,0.01,1922.7,0.04,15.0,0.05,10.0,0.01,0.02,2356.414953,1776304190000
1776304191.776,291.776,0.82,63.93,0.81,10.0,0.85,10.0,0.86,10.0,0.02,6.25,0.01,1853.7,0.03,10.0,0.04,15.0,0.03,0.01,2356.414953,1776304190000
1776304192.018,292.018,0.75,1.43,0.74,10.0,0.83,84.0,0.84,10.0,0.17,84.0,0.16,10.0,0.18,7.43,0.27,10.0,0.08,0.01,2356.414953,1776304190000
1776304192.661,292.661,0.67,74.39,0.66,67.0,0.68,48.52,0.7,17.57,0.32,48.52,0.3,17.57,0.33,23.0,0.34,69.0,0.01,0.01,2356.376591,1776304191000
1776304193.124,293.124,0.89,15.0,0.88,80.0,0.92,10.0,0.93,10.0,0.1,29.66,0.09,60.0,0.33,122.96,0.34,60.0,0.03,0.23,2356.376591,1776304191000
1776304193.757,293.757,0.91,13.48,0.9,10.0,0.93,10.0,0.94,10.0,0.08,10.0,0.07,10.0,0.12,63.75,0.13,80.0,0.02,0.04,2356.248275,1776304192000
1776304195.677,295.677,0.94,161.0,0.93,102.0,0.96,1.0,0.97,10.0,0.05,9.47,0.04,10.0,0.09,9.72,0.1,10.0,0.02,0.04,2355.9368,1776304194000
1776304195.963,295.963,0.95,8.75,0.94,161.0,0.96,0.9,0.97,10.0,0.04,0.9,0.03,10.0,0.05,10.0,0.06,161.0,0.01,0.01,2355.9368,1776304194000
1776304196.201,296.201,0.95,3.75,0.94,174.0,0.97,6.76,0.98,6.25,0.04,0.9,0.03,10.0,0.05,8.75,0.06,161.0,0.02,0.01,2356.0328,1776304195000
1776304196.428,296.428,0.95,13.75,0.94,174.0,0.96,7.91,0.97,6.76,0.03,6.76,0.02,6.25,0.05,3.75,0.06,174.0,0.01,0.02,2356.0328,1776304195000
1776304196.632,296.632,0.95,25.75,0.94,174.0,0.96,3.65,0.97,6.76,0.04,4.7,0.03,6.76,0.05,25.75,0.06,174.0,0.01,0.01,2356.0328,1776304195000
1776304197.116,297.116,0.97,10.0,0.96,80.0,0.99,1112.68,,,0.01,1113.7,,,0.04,80.0,0.05,25.75,0.02,0.03,2356.0328,1776304195000
1776304197.331,297.331,0.97,6.82,0.96,98.0,0.99,1081.81,,,0.01,1100.55,,,0.03,6.82,0.04,98.0,0.02,0.02,2356.099106,1776304196000
1776304197.544,297.544,0.96,98.0,0.95,25.75,0.99,152.66,,,0.03,18.97,0.01,393.83,0.04,98.0,0.05,25.75,0.03,0.01,2356.099106,1776304196000
1776304197.887,297.887,0.99,70.55,0.97,15.0,,,,,,,,,0.03,10.0,0.04,98.0,,,2356.099106,1776304196000
1776304198.138,298.138,0.99,250.16,0.97,15.0,,,,,,,,,0.01,48.0,0.03,15.0,,,2356.099106,1776304196000
1776304199.767,299.767,0.99,17826.46,0.98,16.0,,,,,,,,,0.01,250.16,0.03,15.0,,,2356.21447,1776304198000

# RESULT,winner=Up,slug=eth-updown-5m-1776303900,ticks=271
