timestamp,elapsed_sec,up_bid_p1,up_bid_s1,up_bid_p2,up_bid_s2,up_ask_p1,up_ask_s1,up_ask_p2,up_ask_s2,down_bid_p1,down_bid_s1,down_bid_p2,down_bid_s2,down_ask_p1,down_ask_s1,down_ask_p2,down_ask_s2,up_spread,down_spread,eth_price,eth_oracle_ts
1776240301.433,1.433,0.5,7.0,0.48,66.0,0.52,5.0,0.56,70.0,0.48,20.0,0.47,13.0,0.52,79.0,0.53,98.79,0.02,0.04,2319.3943,1776236446000
1776240301.742,1.742,0.5,7.0,0.48,66.0,0.52,5.0,0.56,70.0,0.48,25.0,0.47,13.0,0.52,79.0,0.53,98.79,0.02,0.04,2319.3943,1776236446000
1776240303.353,3.353,0.5,35.0,0.49,20.0,0.52,38.0,0.53,33.0,0.48,25.0,0.47,13.0,0.52,79.0,0.53,98.79,0.02,0.04,2319.3943,1776236446000
1776240304.313,4.313,0.51,18.48,0.5,30.0,0.52,38.0,0.53,33.0,0.48,38.0,0.47,33.0,0.5,35.0,0.51,20.0,0.01,0.02,2319.3943,1776236446000
1776240305.068,5.068,0.51,0.37,0.5,15.0,0.52,43.0,0.53,33.0,0.48,38.0,0.47,33.0,0.49,15.48,0.5,30.0,0.01,0.01,2319.3943,1776236446000
1776240305.448,5.448,0.51,0.37,0.5,15.0,0.52,40.0,0.53,33.0,0.48,43.0,0.47,33.0,0.49,0.37,0.5,15.0,0.01,0.01,2319.3943,1776236446000
1776240305.796,5.796,0.51,15.37,0.5,30.0,0.52,20.0,0.53,33.0,0.48,40.0,0.47,33.0,0.49,0.37,0.5,15.0,0.01,0.01,2319.3943,1776236446000
1776240307.002,7.002,0.51,10.37,0.5,30.0,0.52,40.14,0.53,28.0,0.48,13.07,0.47,33.0,0.49,20.37,0.5,30.0,0.01,0.01,2319.3943,1776236446000
1776240308.031,8.031,0.51,5.37,0.5,15.0,0.52,38.14,0.53,28.0,0.48,40.14,0.47,28.0,0.49,10.37,0.5,30.0,0.01,0.01,2319.3943,1776236446000
1776240308.39,8.39,0.49,15.0,0.48,84.0,0.51,15.0,0.52,38.14,0.48,43.14,0.47,28.0,0.5,10.37,0.51,10.0,0.02,0.02,2319.3943,1776236446000
1776240308.741,8.741,0.51,10.0,0.5,10.0,0.52,5.07,0.54,5.0,0.49,15.0,0.48,38.14,0.51,15.0,0.52,84.0,0.01,0.02,2319.3943,1776236446000
1776240308.961,8.961,0.51,29.95,0.5,37.0,0.52,5.07,0.54,5.0,0.48,5.07,0.46,5.0,0.49,10.0,0.5,10.0,0.01,0.01,2319.3943,1776236446000
1776240310.115,10.115,0.56,20.0,0.55,85.0,0.57,3.67,0.58,10.0,0.45,15.64,0.44,85.0,0.49,27.0,0.5,37.0,0.01,0.04,2319.3943,1776236446000
1776240310.54,10.54,0.55,70.22,0.54,20.0,0.58,23.0,0.59,200.0,0.42,8.67,0.41,15.0,0.44,15.0,0.45,90.0,0.03,0.02,2319.3943,1776236446000
1776240311.559,11.559,0.57,40.5,0.56,25.5,0.58,38.59,0.59,213.0,0.42,23.0,0.41,200.0,0.45,70.22,0.46,20.0,0.01,0.03,2319.3943,1776236446000
1776240311.954,11.954,0.57,35.84,0.56,25.5,0.58,38.59,0.59,213.0,0.42,38.59,0.41,213.0,0.43,40.5,0.44,25.5,0.01,0.01,2319.3943,1776236446000
1776240312.369,12.369,0.57,33.51,0.56,25.5,0.58,28.09,0.59,223.5,0.42,38.59,0.41,213.0,0.43,35.84,0.44,25.5,0.01,0.01,2319.3943,1776236446000
1776240312.716,12.716,0.57,30.0,0.56,25.5,0.58,16.36,0.59,223.5,0.42,26.36,0.41,223.5,0.43,35.0,0.44,25.5,0.01,0.01,2319.3943,1776236446000
1776240314.923,14.923,0.55,15.99,0.54,25.0,0.58,277.59,0.59,43.5,0.42,16.36,0.41,223.5,0.43,30.0,0.44,25.5,0.03,0.01,2319.3943,1776236446000
1776240315.29,15.29,0.55,1.62,0.52,25.5,0.56,61.5,0.57,100.5,0.42,277.59,0.41,43.5,0.45,15.99,0.46,25.0,0.01,0.03,2319.3943,1776236446000
1776240315.523,15.523,0.52,5.0,0.51,97.0,0.56,53.5,0.57,180.5,0.44,61.5,0.43,100.5,0.45,1.62,0.48,25.5,0.04,0.01,2319.3943,1776236446000
1776240315.88,15.88,0.52,37.5,0.51,81.0,0.53,7.81,0.54,10.0,0.44,53.5,0.43,180.5,0.48,5.0,0.49,97.0,0.01,0.04,2319.3943,1776236446000
1776240316.745,16.745,0.52,72.5,0.51,93.0,0.53,5.92,0.54,15.0,0.47,7.81,0.46,10.0,0.48,37.5,0.49,81.0,0.01,0.01,2319.3943,1776236446000
1776240317.625,17.625,0.53,35.5,0.52,40.5,0.54,5.0,0.55,15.0,0.47,5.92,0.46,15.0,0.48,72.5,0.49,93.0,0.01,0.01,2319.3943,1776236446000
1776240321.586,21.586,0.54,10.0,0.53,31.5,0.55,71.0,0.56,256.5,0.46,5.0,0.45,15.0,0.47,35.5,0.48,40.5,0.01,0.01,2319.3943,1776236446000
1776240322.311,22.311,0.55,5.0,0.54,20.0,0.56,5.0,0.57,150.0,0.45,71.0,0.44,256.5,0.46,10.0,0.47,31.5,0.01,0.01,2319.3943,1776236446000
1776240325.387,25.387,0.56,28.22,0.55,35.5,0.57,80.0,0.58,20.59,0.44,5.0,0.43,150.0,0.45,5.0,0.46,20.0,0.01,0.01,2319.3943,1776236446000
1776240326.349,26.349,0.56,49.22,0.55,241.5,0.57,60.0,0.58,10.09,0.43,80.0,0.42,20.59,0.44,28.22,0.45,35.5,0.01,0.01,2319.3943,1776236446000
1776240326.636,26.636,0.56,10.0,0.55,15.0,0.57,126.41,0.58,30.59,0.43,60.0,0.42,10.09,0.44,49.22,0.45,241.5,0.01,0.01,2319.3943,1776236446000
1776240326.983,26.983,0.55,15.0,0.54,55.5,0.57,89.91,0.58,20.59,0.43,126.41,0.42,30.59,0.44,10.0,0.45,15.0,0.02,0.01,2319.3943,1776236446000
1776240327.343,27.343,0.56,25.5,0.55,30.5,0.57,64.91,0.58,20.59,0.43,89.91,0.42,20.59,0.45,15.0,0.46,55.5,0.01,0.02,2319.3943,1776236446000
1776240328.163,28.163,0.57,316.49,0.56,184.5,0.64,30.83,0.65,15.0,0.43,64.91,0.42,20.59,0.44,25.5,0.45,30.5,0.07,0.01,2319.3943,1776236446000
1776240328.789,28.789,0.63,30.0,0.62,10.0,0.66,14.0,0.67,87.0,0.36,30.83,0.35,15.0,0.43,316.49,0.44,184.5,0.03,0.07,2319.3943,1776236446000
1776240329.983,29.983,0.65,25.0,0.64,20.0,0.66,33.0,0.67,104.0,0.34,14.0,0.33,87.0,0.37,30.0,0.38,10.0,0.01,0.03,2319.3943,1776236446000
1776240331.538,31.538,0.69,40.0,0.68,20.0,0.7,6.84,0.73,78.0,0.34,33.0,0.33,104.0,0.35,25.0,0.36,20.0,0.01,0.01,2319.3943,1776236446000
1776240332.099,32.099,0.69,65.0,0.68,20.0,0.7,7.87,0.71,10.5,0.3,5.87,0.29,10.5,0.31,65.0,0.32,20.0,0.01,0.01,2319.3943,1776236446000
1776240332.87,32.87,0.7,46.66,0.69,50.0,0.71,44.5,0.72,26.0,0.29,26.5,0.28,10.0,0.31,70.0,0.32,25.0,0.01,0.02,2319.3943,1776236446000
1776240334.442,34.442,0.7,3.0,0.69,10.0,0.71,320.5,0.72,259.0,0.29,44.5,0.28,26.0,0.3,46.66,0.31,50.0,0.01,0.01,2319.3943,1776236446000
1776240334.653,34.653,0.69,3.0,0.67,15.0,0.7,15.5,0.71,270.5,0.3,15.0,0.29,275.5,0.33,10.0,0.34,10.0,0.01,0.03,2319.3943,1776236446000
1776240335.035,35.035,0.68,15.0,0.67,10.0,0.7,200.5,0.71,90.5,0.3,15.5,0.29,270.5,0.31,3.0,0.33,15.0,0.02,0.01,2319.3943,1776236446000
1776240335.553,35.553,0.69,10.0,0.68,15.0,0.7,182.17,0.71,90.5,0.3,200.5,0.29,90.5,0.32,15.0,0.33,10.0,0.01,0.02,2319.3943,1776236446000
1776240336.628,36.628,0.69,8.0,0.68,10.0,0.7,238.67,0.71,101.5,0.3,182.17,0.29,90.5,0.31,10.0,0.32,15.0,0.01,0.01,2319.3943,1776236446000
1776240337.039,37.039,0.68,45.0,0.67,15.0,0.69,34.47,0.7,288.5,0.3,238.67,0.29,101.5,0.32,10.0,0.33,10.0,0.01,0.02,2319.3943,1776236446000
1776240337.499,37.499,0.68,40.0,0.67,15.0,0.69,247.32,0.7,53.5,0.31,34.47,0.3,288.5,0.32,45.0,0.33,15.0,0.01,0.01,2319.3943,1776236446000
1776240340.673,40.673,0.6,13.45,0.59,10.5,0.61,26.0,0.62,16.0,0.31,247.32,0.3,53.5,0.32,40.0,0.33,15.0,0.01,0.01,2319.3943,1776236446000
1776240341.052,41.052,0.57,4.9,0.56,112.73,0.61,46.0,0.62,16.0,0.39,51.0,0.38,24.0,0.4,10.4,0.41,10.5,0.04,0.01,2319.3943,1776236446000
1776240341.416,41.416,0.55,23.0,0.54,41.73,0.56,19.19,0.57,21.0,0.4,9.66,0.39,46.0,0.43,4.9,0.44,26.0,0.01,0.03,2319.3943,1776236446000
1776240342.045,42.045,0.55,28.5,0.54,75.73,0.56,4.19,0.57,16.0,0.44,19.19,0.43,21.0,0.45,23.0,0.46,41.73,0.01,0.01,2319.3943,1776236446000
1776240344.588,44.588,0.59,40.5,0.58,25.5,0.6,0.5,0.61,200.5,0.43,14.94,0.42,91.0,0.45,33.53,0.46,59.73,0.01,0.02,2319.3943,1776236446000
1776240345.197,45.197,0.56,6.11,0.55,31.5,0.57,90.0,0.58,20.5,0.4,53.16,0.39,200.5,0.42,25.5,0.43,36.5,0.01,0.02,2319.3943,1776236446000
1776240347.286,47.286,0.56,45.5,0.55,30.5,0.57,47.43,0.58,195.0,0.43,90.0,0.42,20.5,0.44,6.11,0.45,31.5,0.01,0.01,2319.3943,1776236446000
1776240347.745,47.745,0.58,33.64,0.57,30.5,0.6,5.0,0.61,5.0,0.43,47.43,0.42,195.0,0.44,45.5,0.45,30.5,0.02,0.01,2319.3943,1776236446000
1776240348.25,48.25,0.58,5.0,0.57,10.0,0.59,220.5,0.6,183.5,0.4,5.0,0.39,5.0,0.42,33.64,0.43,30.5,0.01,0.02,2319.3943,1776236446000
1776240351.227,51.227,0.57,29.68,0.56,30.5,0.58,25.0,0.59,205.0,0.41,190.0,0.4,183.5,0.43,20.0,0.44,20.5,0.01,0.02,2319.3943,1776236446000
1776240351.598,51.598,0.57,24.68,0.56,30.5,0.58,4.82,0.59,190.0,0.42,25.0,0.41,205.0,0.43,29.68,0.44,30.5,0.01,0.01,2319.3943,1776236446000
1776240356.563,56.563,0.57,19.68,0.56,95.5,0.6,35.0,0.61,42.5,0.42,4.82,0.41,190.0,0.43,24.68,0.44,30.5,0.03,0.01,2319.3943,1776236446000
1776240357.693,57.693,0.58,35.5,0.57,24.68,0.59,1.1,0.6,30.0,0.4,35.0,0.39,42.5,0.43,19.68,0.44,95.5,0.01,0.03,2319.3943,1776236446000
1776240358.795,58.795,0.6,5.0,0.59,80.5,0.61,5.0,0.62,25.5,0.41,1.1,0.4,30.0,0.42,35.5,0.43,24.68,0.01,0.01,2319.3943,1776236446000
1776240359.724,59.724,0.61,55.5,0.6,45.5,0.62,13.38,0.63,289.5,0.39,5.0,0.38,25.5,0.4,5.0,0.41,80.5,0.01,0.01,2319.3943,1776236446000
1776240360.603,60.603,0.61,90.5,0.6,45.5,0.62,5.31,0.63,282.5,0.38,13.38,0.37,289.5,0.39,55.5,0.4,45.5,0.01,0.01,2319.3943,1776236446000
1776240360.955,60.955,0.61,115.5,0.6,225.5,0.62,1.27,0.63,92.0,0.38,5.31,0.37,282.5,0.39,90.5,0.4,45.5,0.01,0.01,2319.3943,1776236446000
1776240362.976,62.976,0.6,20.0,0.59,25.5,0.62,21.77,0.63,102.5,0.38,1.27,0.37,92.0,0.39,115.5,0.4,225.5,0.02,0.01,2319.3943,1776236446000
1776240363.533,63.533,0.6,17.5,0.59,40.5,0.61,25.0,0.62,201.77,0.38,21.77,0.37,102.5,0.4,20.0,0.41,25.5,0.01,0.02,2319.3943,1776236446000
1776240364.483,64.483,0.6,43.0,0.59,40.5,0.61,18.36,0.62,191.27,0.39,25.0,0.38,201.77,0.4,17.5,0.41,40.5,0.01,0.01,2319.3943,1776236446000
1776240367.898,67.898,0.58,28.49,0.57,20.0,0.59,12.7,0.6,215.5,0.39,18.36,0.38,191.27,0.4,43.0,0.41,40.5,0.01,0.01,2319.3943,1776236446000
1776240370.827,70.827,0.6,70.5,0.59,45.5,0.61,24.72,0.62,16.27,0.41,12.7,0.4,215.5,0.43,20.0,0.44,156.22,0.01,0.02,2319.3943,1776236446000
1776240371.135,71.135,0.62,98.0,0.61,41.5,0.63,40.0,0.64,210.5,0.39,24.72,0.38,16.27,0.4,70.5,0.41,45.5,0.01,0.01,2319.3943,1776236446000
1776240371.524,71.524,0.63,103.0,0.62,74.5,0.65,90.5,0.66,195.5,0.37,40.0,0.36,210.5,0.38,98.0,0.39,41.5,0.02,0.01,2319.3943,1776236446000
1776240371.796,71.796,0.64,88.55,0.63,58.0,0.65,100.5,0.66,200.5,0.35,90.5,0.34,195.5,0.37,103.0,0.38,74.5,0.01,0.02,2319.3943,1776236446000
1776240374.587,74.587,0.64,40.0,0.63,25.5,0.65,277.54,0.66,20.5,0.35,95.5,0.34,200.5,0.36,78.55,0.37,58.0,0.01,0.01,2319.3943,1776236446000
1776240375.845,75.845,0.65,8.46,0.64,318.5,0.66,5.0,0.67,13.0,0.35,277.54,0.34,20.5,0.36,40.0,0.37,25.5,0.01,0.01,2319.3943,1776236446000
1776240376.714,76.714,0.66,94.0,0.65,33.96,0.67,8.22,0.68,216.5,0.33,13.0,0.32,211.5,0.34,6.0,0.35,8.46,0.01,0.01,2319.3943,1776236446000
1776240378.966,78.966,0.66,65.0,0.65,10.0,0.68,197.37,0.69,31.0,0.33,8.22,0.32,216.5,0.37,125.24,0.38,101.5,0.02,0.04,2319.3943,1776236446000
1776240379.702,79.702,0.68,143.5,0.67,285.5,0.7,3.17,0.71,94.5,0.32,197.37,0.31,31.0,0.34,65.0,0.35,10.0,0.02,0.02,2319.3943,1776236446000
1776240381.505,81.505,0.7,58.66,0.69,42.0,0.71,289.5,0.72,26.0,0.29,94.5,0.28,12.0,0.31,97.5,0.32,78.5,0.01,0.02,2319.3943,1776236446000
1776240381.713,81.713,0.69,10.0,0.68,21.0,0.71,299.5,0.72,26.0,0.29,289.5,0.28,26.0,0.3,58.66,0.31,42.0,0.02,0.01,2319.3943,1776236446000
1776240382.121,82.121,0.69,8.0,0.66,10.5,0.7,295.5,0.71,189.5,0.29,299.5,0.28,26.0,0.31,10.0,0.32,21.0,0.01,0.02,2319.3943,1776236446000
1776240382.364,82.364,0.66,5.79,0.65,15.5,0.67,30.0,0.68,41.5,0.3,295.5,0.29,189.5,0.34,10.5,0.35,15.5,0.01,0.04,2319.3943,1776236446000
1776240384.552,84.552,0.68,92.5,0.67,96.49,0.7,9.33,0.71,15.0,0.33,30.0,0.32,41.5,0.34,5.79,0.35,15.5,0.02,0.01,2319.3943,1776236446000
1776240384.82,84.82,0.69,65.5,0.68,197.5,0.7,14.33,0.71,15.0,0.3,9.33,0.29,15.0,0.32,92.5,0.33,96.49,0.01,0.02,2319.3943,1776236446000
1776240385.034,85.034,0.7,50.5,0.69,40.5,0.71,7.66,0.72,20.0,0.29,18.16,0.28,20.0,0.3,15.5,0.31,45.5,0.01,0.01,2319.3943,1776236446000
1776240385.842,85.842,0.71,11.34,0.7,70.5,0.72,20.0,0.73,34.5,0.29,2.66,0.28,20.0,0.3,105.5,0.31,215.5,0.01,0.01,2319.3943,1776236446000
1776240386.467,86.467,0.71,260.94,0.7,35.5,0.74,5.0,0.77,10.0,0.28,20.0,0.27,34.5,0.29,11.34,0.3,70.5,0.03,0.01,2319.3943,1776236446000
1776240386.721,86.721,0.79,30.0,0.78,120.0,0.8,18.82,0.81,5.0,0.2,6.92,0.19,15.0,0.21,10.0,0.22,75.0,0.01,0.01,2319.3943,1776236446000
1776240387.016,87.016,0.79,88.35,0.78,120.0,0.8,29.32,0.81,5.0,0.2,18.82,0.19,5.0,0.21,30.0,0.22,120.0,0.01,0.01,2319.3943,1776236446000
1776240387.721,87.721,0.79,278.85,0.78,130.5,0.84,51.82,0.85,51.2,0.2,29.32,0.19,5.0,0.21,88.35,0.22,120.0,0.05,0.01,2319.3943,1776236446000
1776240388.133,88.133,0.83,70.0,0.82,20.0,0.84,74.68,0.85,23.0,0.16,38.07,0.15,23.0,0.21,314.85,0.22,130.5,0.01,0.05,2319.3943,1776236446000
1776240388.446,88.446,0.81,25.5,0.8,44.5,0.83,10.5,0.84,69.68,0.16,69.68,0.15,23.0,0.18,20.0,0.19,25.5,0.02,0.02,2319.3943,1776236446000
1776240390.066,90.066,0.83,12.68,0.82,11.66,0.84,103.68,0.85,175.02,0.17,6.27,0.16,69.68,0.18,1.66,0.19,25.5,0.01,0.01,2319.3943,1776236446000
1776240390.489,90.489,0.83,3.18,0.82,22.16,0.84,244.68,0.85,86.5,0.16,283.68,0.15,86.5,0.17,5.03,0.18,22.16,0.01,0.01,2319.3943,1776236446000
1776240390.918,90.918,0.83,57.68,0.82,94.16,0.84,176.0,0.85,23.0,0.16,244.68,0.15,86.5,0.17,3.18,0.18,22.16,0.01,0.01,2319.3943,1776236446000
1776240391.214,91.214,0.82,80.0,0.81,92.0,0.84,252.43,0.85,64.5,0.16,196.12,0.15,43.5,0.17,22.0,0.18,99.5,0.02,0.01,2319.3943,1776236446000
1776240391.609,91.609,0.82,144.05,0.81,102.5,0.83,5.0,0.84,202.43,0.16,252.43,0.15,64.5,0.18,80.0,0.19,92.0,0.01,0.02,2319.3943,1776236446000
1776240392.141,92.141,0.82,163.49,0.81,102.5,0.83,10.0,0.84,202.43,0.17,5.0,0.16,202.43,0.18,144.05,0.19,102.5,0.01,0.01,2319.3943,1776236446000
1776240392.747,92.747,0.82,160.55,0.81,102.5,0.84,172.66,0.85,59.5,0.17,10.0,0.16,202.43,0.18,163.49,0.19,102.5,0.02,0.01,2319.3943,1776236446000
1776240394.18,94.18,0.83,100.5,0.82,160.55,0.84,6.09,0.85,105.71,0.16,172.66,0.15,59.5,0.18,160.55,0.19,102.5,0.01,0.02,2319.3943,1776236446000
1776240394.85,94.85,0.83,110.5,0.82,160.55,0.84,11.2,0.85,285.71,0.16,6.09,0.15,105.71,0.17,100.5,0.18,160.55,0.01,0.01,2319.3943,1776236446000
1776240395.472,95.472,0.83,10.0,0.82,109.06,0.84,82.61,0.85,263.5,0.16,11.2,0.15,285.71,0.17,110.5,0.18,160.55,0.01,0.01,2319.3943,1776236446000
1776240395.922,95.922,0.81,16.91,0.8,148.52,0.82,32.61,0.83,66.5,0.18,27.0,0.17,38.5,0.2,86.52,0.21,92.0,0.01,0.02,2319.3943,1776236446000
1776240399.531,99.531,0.82,1478.07,0.81,238.3,0.83,17.87,0.84,190.0,0.18,30.53,0.17,66.5,0.19,15.0,0.2,157.5,0.01,0.01,2319.3943,1776236446000
1776240400.528,100.528,0.82,682.07,0.81,103.9,0.83,61.37,0.84,42.5,0.17,17.87,0.16,190.0,0.18,1478.07,0.19,238.3,0.01,0.01,2319.3943,1776236446000
1776240404.553,104.553,0.82,1034.15,0.81,186.35,0.83,6.85,0.84,15.0,0.17,61.37,0.16,49.5,0.18,665.07,0.19,103.9,0.01,0.01,2319.3943,1776236446000
1776240405.273,105.273,0.83,95.5,0.82,210.5,0.85,31.82,0.86,65.5,0.17,6.85,0.16,15.0,0.18,1034.15,0.19,186.35,0.02,0.01,2319.3943,1776236446000
1776240405.707,105.707,0.84,9.0,0.83,429.79,0.85,42.32,0.86,55.5,0.15,31.82,0.14,65.5,0.17,95.5,0.18,210.5,0.01,0.02,2319.3943,1776236446000
1776240406.829,106.829,0.84,116.5,0.83,248.5,0.85,9.18,0.86,10.0,0.15,41.13,0.14,55.5,0.16,19.0,0.17,65.0,0.01,0.01,2319.3943,1776236446000
1776240407.683,107.683,0.85,102.82,0.84,84.5,0.86,18.54,0.87,226.5,0.14,10.0,0.13,226.5,0.15,10.82,0.16,862.67,0.01,0.01,2319.3943,1776236446000
1776240408.074,108.074,0.85,57.82,0.84,54.5,0.86,8.08,0.87,234.26,0.14,8.75,0.13,226.5,0.15,447.19,0.16,145.0,0.01,0.01,2319.3943,1776236446000
1776240409.485,109.485,0.84,145.0,0.83,40.5,0.85,71.66,0.86,47.71,0.14,8.08,0.13,234.26,0.15,57.82,0.16,54.5,0.01,0.01,2319.3943,1776236446000
1776240409.851,109.851,0.84,146.55,0.83,45.5,0.85,279.77,0.86,62.71,0.15,100.66,0.14,47.71,0.16,141.55,0.17,40.5,0.01,0.01,2319.3943,1776236446000
1776240410.135,110.135,0.84,66.0,0.83,17.0,0.85,293.77,0.86,127.19,0.15,279.77,0.14,62.71,0.16,146.55,0.17,45.5,0.01,0.01,2319.3943,1776236446000
1776240410.533,110.533,0.84,36.45,0.83,17.0,0.85,298.77,0.86,142.09,0.15,293.77,0.14,127.19,0.16,66.0,0.17,17.0,0.01,0.01,2319.3943,1776236446000
1776240412.031,112.031,0.82,5.83,0.81,5.0,0.83,87.5,0.84,205.5,0.15,298.77,0.14,142.09,0.16,36.45,0.17,17.0,0.01,0.01,2319.3943,1776236446000
1776240414.026,114.026,0.81,6.19,0.8,20.5,0.82,39.0,0.83,219.5,0.17,87.5,0.16,205.5,0.18,5.83,0.19,5.0,0.01,0.01,2319.3943,1776236446000
1776240417.718,117.718,0.8,21.5,0.79,64.99,0.81,76.99,0.82,219.5,0.18,39.0,0.17,219.5,0.19,6.19,0.2,20.5,0.01,0.01,2319.3943,1776236446000
1776240418.671,118.671,0.79,26.26,0.78,155.0,0.81,28.99,0.82,219.5,0.19,76.99,0.18,219.5,0.2,21.5,0.21,64.99,0.02,0.01,2319.3943,1776236446000
1776240419.182,119.182,0.79,31.26,0.78,340.0,0.8,21.75,0.81,23.99,0.19,28.99,0.18,219.5,0.21,26.26,0.22,155.0,0.01,0.02,2319.3943,1776236446000
1776240423.025,123.025,0.79,303.25,0.78,172.99,0.8,14.93,0.81,10.0,0.2,21.75,0.19,23.99,0.21,31.26,0.22,340.0,0.01,0.01,2319.3943,1776236446000
1776240424.534,124.534,0.79,309.72,0.78,172.99,0.8,22.93,0.81,20.5,0.2,14.93,0.19,10.0,0.21,303.25,0.22,172.99,0.01,0.01,2319.3943,1776236446000
1776240426.744,126.744,0.79,347.49,0.78,183.49,0.81,7.95,0.82,25.5,0.2,22.93,0.19,20.5,0.21,309.72,0.22,172.99,0.02,0.01,2319.3943,1776236446000
1776240427.412,127.412,0.8,147.49,0.79,223.5,0.81,30.71,0.82,20.5,0.19,7.95,0.18,25.5,0.21,347.49,0.22,183.49,0.01,0.02,2319.3943,1776236446000
1776240427.962,127.962,0.82,202.99,0.81,96.5,0.83,10.28,0.84,25.5,0.19,22.76,0.16,21.5,0.2,360.49,0.21,43.5,0.01,0.01,2319.3943,1776236446000
1776240429.806,129.806,0.86,97.0,0.85,226.49,0.87,4.62,0.88,20.5,0.17,10.28,0.16,25.5,0.18,202.99,0.19,96.5,0.01,0.01,2319.3943,1776236446000
1776240430.063,130.063,0.86,103.0,0.85,221.49,0.87,4.62,0.88,20.5,0.13,4.62,0.12,20.5,0.14,97.0,0.15,226.49,0.01,0.01,2319.3943,1776236446000
1776240430.941,130.941,0.88,44.66,0.87,373.99,0.89,29.68,0.9,55.0,0.13,4.62,0.12,20.5,0.14,103.0,0.15,221.49,0.01,0.01,2319.3943,1776236446000
1776240432.363,132.363,0.88,59.66,0.87,164.49,0.89,17.1,0.9,15.0,0.11,29.68,0.1,55.0,0.12,44.66,0.13,373.99,0.01,0.01,2319.3943,1776236446000
1776240432.725,132.725,0.88,59.66,0.87,344.49,0.89,15.18,0.9,15.0,0.11,17.1,0.1,15.0,0.12,59.66,0.13,164.49,0.01,0.01,2319.3943,1776236446000
1776240435.214,135.214,0.88,114.65,0.87,121.77,0.89,9.56,0.9,25.5,0.11,15.18,0.1,15.0,0.12,59.66,0.13,344.49,0.01,0.01,2319.3943,1776236446000
1776240436.389,136.389,0.89,530.99,0.88,225.43,0.9,1.82,0.91,210.0,0.11,9.56,0.1,25.5,0.12,114.65,0.13,121.77,0.01,0.01,2319.3943,1776236446000
1776240436.765,136.765,0.89,540.99,0.88,225.43,0.91,210.0,0.92,190.0,0.1,1.82,0.09,210.0,0.11,530.99,0.12,225.43,0.02,0.01,2319.3943,1776236446000
1776240437.951,137.951,0.9,248.99,0.89,195.0,0.91,196.54,0.92,243.9,0.09,186.74,0.08,190.0,0.11,540.99,0.12,219.43,0.01,0.02,2319.3943,1776236446000
1776240438.652,138.652,0.9,554.49,0.89,205.5,0.91,180.43,0.92,48.9,0.09,196.54,0.08,243.9,0.1,248.99,0.11,195.0,0.01,0.01,2319.3943,1776236446000
1776240438.852,138.852,0.9,499.22,0.89,307.5,0.91,25.0,0.95,100.8,0.09,56.0,0.05,100.8,0.1,499.22,0.11,237.5,0.01,0.01,2319.3943,1776236446000
1776240439.145,139.145,0.93,172.9,0.92,312.72,0.94,48.83,0.95,240.61,0.05,98.52,0.04,124.41,0.07,117.37,0.08,5.0,0.01,0.02,2319.3943,1776236446000
1776240439.357,139.357,0.93,17.9,0.92,100.0,0.94,233.83,0.95,421.41,0.06,233.83,0.05,421.41,0.07,12.9,0.08,100.0,0.01,0.01,2319.3943,1776236446000
1776240439.594,139.594,0.92,100.0,0.91,209.0,0.93,5.0,0.94,256.83,0.06,233.83,0.05,421.41,0.07,17.9,0.08,100.0,0.01,0.01,2319.3943,1776236446000
1776240440.08,140.08,0.91,99.0,0.9,229.53,0.93,195.0,0.94,81.83,0.07,5.0,0.06,256.83,0.08,90.66,0.09,209.0,0.02,0.01,2319.3943,1776236446000
1776240440.706,140.706,0.91,71.0,0.9,10.0,0.92,20.85,0.93,205.02,0.08,10.0,0.07,174.02,0.09,71.0,0.11,5.0,0.01,0.01,2319.3943,1776236446000
1776240441.381,141.381,0.91,40.0,0.9,10.5,0.92,270.73,0.93,90.3,0.08,19.73,0.07,260.32,0.09,71.0,0.1,10.0,0.01,0.01,2319.3943,1776236446000
1776240441.677,141.677,0.91,25.55,0.87,57.72,0.92,228.01,0.93,90.3,0.08,228.01,0.07,90.3,0.09,45.33,0.1,10.5,0.01,0.01,2319.3943,1776236446000
1776240442.044,142.044,0.86,24.0,0.85,15.0,0.88,6.34,0.89,10.0,0.08,228.01,0.07,90.3,0.13,57.72,0.14,21.0,0.02,0.05,2319.3943,1776236446000
1776240442.413,142.413,0.79,16.5,0.78,31.0,0.84,17.0,0.85,42.0,0.13,10.0,0.12,11.34,0.16,67.62,0.17,91.0,0.05,0.03,2319.3943,1776236446000
1776240442.714,142.714,0.81,10.0,0.8,15.0,0.82,11.57,0.83,17.0,0.16,17.0,0.15,42.0,0.21,16.5,0.22,31.0,0.01,0.05,2319.3943,1776236446000
1776240443.076,143.076,0.81,20.0,0.8,31.5,0.83,7.87,0.84,22.0,0.18,2.15,0.17,17.0,0.2,14.83,0.21,10.0,0.02,0.02,2319.3943,1776236446000
1776240443.502,143.502,0.87,10.0,0.85,10.0,0.88,5.12,0.89,57.29,0.17,10.0,0.14,15.0,0.18,13.78,0.19,50.5,0.01,0.01,2319.3943,1776236446000
1776240448.293,148.293,0.85,20.0,0.84,323.77,0.87,10.0,0.88,15.12,0.12,5.12,0.11,57.29,0.13,10.0,0.15,10.0,0.02,0.01,2319.3943,1776236446000
1776240451.067,151.067,0.85,266.27,0.84,59.5,0.86,8.83,0.87,17.76,0.13,10.0,0.12,15.12,0.15,20.0,0.16,323.77,0.01,0.02,2319.3943,1776236446000
1776240451.704,151.704,0.85,271.27,0.84,59.5,0.87,17.05,0.88,20.12,0.14,0.45,0.13,17.76,0.15,271.27,0.16,59.5,0.02,0.01,2319.3943,1776236446000
1776240452.483,152.483,0.86,121.99,0.85,248.0,0.87,4.06,0.88,15.12,0.13,17.05,0.12,20.12,0.15,271.27,0.16,59.5,0.01,0.02,2319.3943,1776236446000
1776240453.584,153.584,0.89,5.5,0.88,336.99,0.9,34.0,0.91,165.0,0.13,4.06,0.12,15.12,0.14,121.99,0.15,248.0,0.01,0.01,2319.3943,1776236446000
1776240456.399,156.399,0.88,5.0,0.87,42.27,0.89,20.5,0.9,250.6,0.1,34.0,0.09,165.0,0.11,5.5,0.12,336.99,0.01,0.01,2319.3943,1776236446000
1776240456.991,156.991,0.88,10.0,0.87,74.99,0.89,49.87,0.9,235.6,0.11,20.5,0.1,250.6,0.12,5.0,0.13,42.27,0.01,0.01,2319.3943,1776236446000
1776240457.851,157.851,0.88,5.0,0.87,59.99,0.89,233.74,0.9,188.6,0.11,49.87,0.1,235.6,0.12,10.0,0.13,74.99,0.01,0.01,2319.3943,1776236446000
1776240459.158,159.158,0.86,61.72,0.85,48.0,0.88,19.0,0.89,276.53,0.11,233.74,0.1,188.6,0.12,5.0,0.13,59.99,0.02,0.01,2319.3943,1776236446000
1776240459.85,159.85,0.86,26.0,0.85,48.0,0.87,40.5,0.88,54.0,0.12,19.0,0.11,276.53,0.14,61.72,0.15,48.0,0.01,0.02,2319.3943,1776236446000
1776240463.082,163.082,0.86,91.12,0.85,248.5,0.87,16.86,0.88,64.5,0.13,40.5,0.12,54.0,0.14,29.86,0.15,48.0,0.01,0.01,2319.3943,1776236446000
1776240464.563,164.563,0.88,14.0,0.87,67.0,0.89,20.5,0.9,135.5,0.13,16.86,0.12,64.5,0.14,91.12,0.15,248.5,0.01,0.01,2319.3943,1776236446000
1776240465.412,165.412,0.85,5.2,0.84,5.0,0.88,24.0,0.89,54.68,0.11,20.5,0.1,135.5,0.12,14.0,0.13,67.0,0.03,0.01,2319.3943,1776236446000
1776240466.68,166.68,0.84,104.07,0.83,300.0,0.85,46.91,0.86,22.21,0.12,24.0,0.11,59.68,0.16,31.8,0.17,273.0,0.01,0.04,2319.3943,1776236446000
1776240467.189,167.189,0.84,315.08,0.83,130.5,0.85,26.29,0.86,17.21,0.15,46.91,0.14,22.21,0.16,104.07,0.17,300.0,0.01,0.01,2319.3943,1776236446000
1776240467.609,167.609,0.84,302.79,0.83,130.5,0.85,13.71,0.86,27.71,0.15,26.29,0.14,17.21,0.16,315.08,0.17,130.5,0.01,0.01,2319.3943,1776236446000
1776240470.697,170.697,0.84,272.79,0.83,130.5,0.85,8.82,0.86,32.71,0.15,13.71,0.14,27.71,0.16,302.79,0.17,130.5,0.01,0.01,2319.3943,1776236446000
1776240474.389,174.389,0.79,3.28,0.78,15.5,0.8,10.0,0.81,10.0,0.15,8.82,0.14,32.71,0.16,272.79,0.17,130.5,0.01,0.01,2319.3943,1776236446000
1776240474.785,174.785,0.79,3.18,0.78,5.0,0.8,79.55,0.81,15.31,0.2,64.55,0.19,10.0,0.21,3.18,0.22,25.5,0.01,0.01,2319.3943,1776236446000
1776240479.039,179.039,0.75,5.0,0.74,46.5,0.78,99.5,0.79,227.5,0.2,79.55,0.19,15.31,0.21,3.18,0.22,5.0,0.03,0.01,2319.3943,1776236446000
1776240479.681,179.681,0.74,20.0,0.73,14.99,0.75,35.5,0.76,39.5,0.25,10.0,0.24,34.0,0.26,41.0,0.27,24.99,0.01,0.01,2319.3943,1776236446000
1776240480.592,180.592,0.65,25.5,0.64,10.5,0.68,82.5,0.69,170.5,0.25,75.5,0.24,94.5,0.28,10.01,0.29,5.0,0.03,0.03,2319.3943,1776236446000
1776240481.075,181.075,0.71,88.0,0.7,21.36,0.72,14.9,0.73,37.5,0.33,20.0,0.32,72.0,0.34,6.24,0.35,20.4,0.01,0.01,2319.3943,1776236446000
1776240481.388,181.388,0.71,88.0,0.7,21.36,0.73,21.18,0.74,36.5,0.28,19.9,0.27,37.5,0.29,83.0,0.3,21.36,0.02,0.01,2319.3943,1776236446000
1776240482.62,182.62,0.72,45.0,0.71,30.5,0.73,20.5,0.74,35.36,0.26,30.36,0.25,20.0,0.29,88.0,0.3,21.36,0.01,0.03,2319.3943,1776236446000
1776240482.861,182.861,0.72,45.0,0.71,30.5,0.73,14.13,0.74,35.36,0.27,20.5,0.26,35.36,0.28,45.0,0.29,30.5,0.01,0.01,2319.3943,1776236446000
1776240486.459,186.459,0.74,60.63,0.73,30.5,0.75,7.23,0.76,219.5,0.27,14.13,0.26,35.36,0.28,45.0,0.29,30.5,0.01,0.01,2319.3943,1776236446000
1776240489.203,189.203,0.72,64.52,0.71,25.5,0.73,10.0,0.74,42.5,0.25,7.23,0.24,219.5,0.26,60.63,0.27,30.5,0.01,0.01,2319.3943,1776236446000
1776240491.261,191.261,0.72,84.54,0.71,215.48,0.74,14.93,0.76,24.5,0.27,10.0,0.26,42.5,0.28,64.52,0.29,25.5,0.02,0.01,2319.3943,1776236446000
1776240491.709,191.709,0.73,52.19,0.72,238.35,0.76,14.0,0.77,84.0,0.26,14.93,0.24,24.5,0.28,84.54,0.29,215.48,0.03,0.02,2319.3943,1776236446000
1776240492.726,192.726,0.74,15.0,0.73,31.52,0.76,44.5,0.77,99.0,0.24,14.0,0.23,84.0,0.27,25.52,0.28,24.35,0.02,0.03,2319.3943,1776236446000
1776240493.55,193.55,0.74,41.98,0.73,34.47,0.75,28.55,0.76,34.5,0.24,44.5,0.23,94.0,0.26,8.94,0.27,31.52,0.01,0.02,2319.3943,1776236446000
1776240497.409,197.409,0.75,10.0,0.74,25.93,0.76,25.28,0.77,280.5,0.25,28.55,0.24,34.5,0.26,41.98,0.27,34.47,0.01,0.01,2319.3943,1776236446000
1776240499.226,199.226,0.68,5.4,0.67,5.0,0.75,33.5,0.76,100.5,0.24,25.28,0.23,280.5,0.25,10.0,0.26,25.93,0.07,0.01,2319.3943,1776236446000
1776240500.267,200.267,0.69,15.0,0.68,5.4,0.7,27.85,0.71,30.0,0.27,18.51,0.25,43.5,0.3,4.9,0.32,5.4,0.01,0.03,2319.3943,1776236446000
1776240500.606,200.606,0.69,15.0,0.68,10.4,0.7,13.56,0.71,30.0,0.3,27.85,0.29,30.0,0.31,15.0,0.32,5.4,0.01,0.01,2319.3943,1776236446000
1776240501.405,201.405,0.69,9.67,0.68,10.4,0.7,13.56,0.71,30.0,0.3,13.56,0.29,30.0,0.31,15.0,0.32,10.4,0.01,0.01,2319.3943,1776236446000
1776240502.785,202.785,0.69,14.67,0.68,25.9,0.7,22.46,0.71,35.25,0.3,13.56,0.29,30.0,0.31,9.67,0.32,10.4,0.01,0.01,2319.3943,1776236446000
1776240504.355,204.355,0.69,4.67,0.68,10.4,0.7,10.31,0.71,25.25,0.3,22.46,0.29,35.25,0.31,14.67,0.32,25.9,0.01,0.01,2319.3943,1776236446000
1776240506.746,206.746,0.69,20.17,0.68,20.9,0.7,7.13,0.71,10.0,0.3,10.31,0.29,25.25,0.31,4.67,0.32,10.4,0.01,0.01,2319.3943,1776236446000
1776240507.445,207.445,0.72,32.5,0.71,32.5,0.76,70.5,0.78,31.0,0.3,7.13,0.29,10.0,0.31,20.17,0.32,20.9,0.04,0.01,2319.3943,1776236446000
1776240509.906,209.906,0.71,10.0,0.7,10.0,0.72,258.47,0.73,25.5,0.24,70.5,0.22,31.0,0.28,32.5,0.29,32.5,0.01,0.04,2319.3943,1776236446000
1776240511.287,211.287,0.69,5.0,0.68,36.47,0.72,185.59,0.73,25.5,0.28,258.47,0.27,25.5,0.29,10.0,0.3,10.0,0.03,0.01,2319.3943,1776236446000
1776240513.445,213.445,0.67,37.5,0.66,23.0,0.69,5.0,0.7,20.5,0.3,20.5,0.29,32.5,0.33,30.5,0.37,145.0,0.02,0.03,2319.3943,1776236446000
1776240513.893,213.893,0.65,21.72,0.64,10.0,0.68,11.0,0.69,5.0,0.31,5.0,0.3,20.5,0.33,32.5,0.34,23.0,0.03,0.02,2319.3943,1776236446000
1776240514.172,214.172,0.65,16.24,0.64,10.0,0.66,11.0,0.68,16.0,0.32,11.0,0.31,5.0,0.35,16.34,0.36,10.0,0.01,0.03,2319.3943,1776236446000
1776240514.615,214.615,0.65,15.5,0.64,5.0,0.66,9.33,0.68,16.0,0.34,11.0,0.32,16.0,0.35,16.24,0.36,10.0,0.01,0.01,2319.3943,1776236446000
1776240514.83,214.83,0.63,13.32,0.6,5.0,0.65,11.0,0.66,59.33,0.34,9.33,0.32,16.0,0.35,15.5,0.36,5.0,0.02,0.01,2319.3943,1776236446000
1776240515.144,215.144,0.54,25.84,0.53,208.5,0.62,65.48,0.64,13.88,0.38,65.48,0.36,13.88,0.4,5.0,0.43,70.0,0.08,0.02,2319.3943,1776236446000
1776240515.417,215.417,0.54,25.84,0.53,208.5,0.6,65.0,0.62,65.48,0.38,65.48,0.36,13.88,0.46,25.84,0.47,208.5,0.06,0.08,2319.3943,1776236446000
1776240515.633,215.633,0.59,3.83,0.57,5.0,0.6,14.0,0.61,8.0,0.38,59.62,0.36,15.0,0.41,5.0,0.43,5.0,0.01,0.03,2319.3943,1776236446000
1776240516.113,216.113,0.58,10.0,0.57,25.5,0.59,10.0,0.6,233.01,0.41,15.5,0.4,53.01,0.43,20.5,0.44,20.5,0.01,0.02,2319.3943,1776236446000
1776240516.561,216.561,0.61,47.0,0.6,15.5,0.62,56.12,0.63,20.5,0.4,233.01,0.39,28.5,0.42,5.8,0.43,25.5,0.01,0.02,2319.3943,1776236446000
1776240516.88,216.88,0.61,15.0,0.6,27.5,0.62,10.0,0.63,190.0,0.37,186.9,0.36,20.5,0.39,36.0,0.4,25.5,0.01,0.02,2319.3943,1776236446000
1776240517.884,217.884,0.59,1.93,0.58,20.5,0.61,31.5,0.62,59.5,0.38,10.0,0.37,190.0,0.4,12.43,0.41,20.5,0.02,0.02,2319.3943,1776236446000
1776240518.146,218.146,0.57,22.0,0.56,36.5,0.58,217.27,0.59,15.0,0.39,31.5,0.38,59.5,0.41,1.93,0.42,20.5,0.01,0.02,2319.3943,1776236446000
1776240518.603,218.603,0.57,10.0,0.56,31.5,0.58,207.09,0.59,15.5,0.42,217.27,0.41,5.0,0.44,31.5,0.46,10.0,0.01,0.02,2319.3943,1776236446000
1776240518.888,218.888,0.57,8.69,0.56,20.5,0.58,230.69,0.59,25.5,0.42,207.09,0.41,25.5,0.45,10.0,0.46,10.0,0.01,0.03,2319.3943,1776236446000
1776240519.708,219.708,0.56,8.69,0.55,36.5,0.58,208.6,0.59,25.5,0.42,230.69,0.41,25.5,0.43,8.69,0.44,20.5,0.02,0.01,2319.3943,1776236446000
1776240520.212,220.212,0.53,214.06,0.5,22.68,0.54,10.86,0.58,28.6,0.42,208.6,0.41,25.5,0.44,8.69,0.45,36.5,0.01,0.02,2319.3943,1776236446000
1776240520.741,220.741,0.53,210.63,0.52,5.0,0.54,42.5,0.55,10.0,0.46,2.17,0.42,28.6,0.47,202.27,0.5,27.68,0.01,0.01,2319.3943,1776236446000
1776240521.087,221.087,0.53,200.63,0.5,33.18,0.54,48.5,0.55,10.0,0.46,42.5,0.45,10.0,0.47,210.63,0.48,5.0,0.01,0.01,2319.3943,1776236446000
1776240521.392,221.392,0.53,205.63,0.52,5.0,0.54,27.5,0.55,10.0,0.46,48.5,0.45,10.0,0.47,200.63,0.5,33.18,0.01,0.01,2319.3943,1776236446000
1776240521.867,221.867,0.53,187.86,0.52,5.0,0.54,37.5,0.55,10.0,0.46,27.5,0.45,10.0,0.47,205.63,0.48,5.0,0.01,0.01,2319.3943,1776236446000
1776240522.23,222.23,0.5,38.99,0.49,15.0,0.51,24.81,0.52,3.62,0.48,3.62,0.47,27.5,0.5,38.99,0.52,20.5,0.01,0.02,2319.3943,1776236446000
1776240522.563,222.563,0.5,38.99,0.49,5.0,0.51,13.53,0.52,3.62,0.49,24.81,0.48,3.62,0.5,38.99,0.51,15.0,0.01,0.01,2319.3943,1776236446000
1776240523.039,223.039,0.52,54.5,0.51,162.0,0.55,5.24,0.56,60.5,0.47,7.0,0.45,34.0,0.5,184.48,0.51,90.5,0.03,0.03,2319.3943,1776236446000
1776240523.261,223.261,0.54,51.5,0.53,25.5,0.55,10.42,0.56,65.5,0.45,15.42,0.44,60.5,0.46,49.5,0.47,25.5,0.01,0.01,2319.3943,1776236446000
1776240523.758,223.758,0.54,32.49,0.53,25.5,0.55,19.0,0.56,77.5,0.45,10.42,0.44,60.5,0.46,40.56,0.47,25.5,0.01,0.01,2319.3943,1776236446000
1776240524.236,224.236,0.54,21.31,0.53,25.5,0.55,17.0,0.56,62.0,0.45,14.0,0.44,67.0,0.46,29.49,0.47,25.5,0.01,0.01,2319.3943,1776236446000
1776240524.562,224.562,0.54,26.81,0.53,25.5,0.55,3.23,0.56,91.0,0.45,17.0,0.44,62.0,0.46,21.31,0.47,25.5,0.01,0.01,2319.3943,1776236446000
1776240525.382,225.382,0.54,18.71,0.53,30.5,0.55,46.23,0.56,242.0,0.45,26.23,0.44,62.0,0.46,30.5,0.47,30.5,0.01,0.01,2319.3943,1776236446000
1776240525.626,225.626,0.54,23.71,0.53,25.5,0.55,5.09,0.56,94.23,0.45,38.23,0.44,67.0,0.46,28.71,0.47,25.5,0.01,0.01,2319.3943,1776236446000
1776240526.014,226.014,0.54,18.71,0.53,25.5,0.55,11.09,0.56,67.0,0.45,5.09,0.44,94.23,0.46,23.71,0.47,25.5,0.01,0.01,2319.3943,1776236446000
1776240527.862,227.862,0.55,10.5,0.54,18.71,0.56,20.03,0.57,10.5,0.45,37.09,0.44,67.0,0.46,18.71,0.47,25.5,0.01,0.01,2319.3943,1776236446000
1776240528.566,228.566,0.55,17.5,0.54,23.71,0.56,14.91,0.57,18.18,0.44,10.0,0.43,2.68,0.45,17.5,0.46,18.71,0.01,0.01,2319.3943,1776236446000
1776240532.178,232.178,0.56,6.0,0.55,27.4,0.57,25.53,0.58,49.5,0.44,14.91,0.43,18.18,0.45,26.4,0.46,23.71,0.01,0.01,2319.3943,1776236446000
1776240532.677,232.677,0.59,47.5,0.58,31.5,0.61,15.38,0.62,15.0,0.43,25.53,0.42,49.5,0.44,6.0,0.45,27.4,0.02,0.01,2319.3943,1776236446000
1776240534.816,234.816,0.6,27.0,0.59,32.0,0.61,0.5,0.62,30.5,0.39,15.38,0.38,15.0,0.41,47.5,0.42,31.5,0.01,0.02,2319.3943,1776236446000
1776240535.674,235.674,0.6,47.5,0.59,42.5,0.63,21.5,0.64,17.0,0.39,0.5,0.38,30.5,0.4,27.0,0.41,32.0,0.03,0.01,2319.3943,1776236446000
1776240537.946,237.946,0.6,37.5,0.59,42.5,0.61,15.08,0.62,15.0,0.37,21.5,0.36,17.0,0.4,47.5,0.41,42.5,0.01,0.03,2319.3943,1776236446000
1776240541.028,241.028,0.48,10.0,0.47,5.79,0.52,4.51,0.53,119.0,0.39,15.08,0.38,15.0,0.4,37.5,0.41,42.5,0.04,0.01,2319.3943,1776236446000
1776240541.559,241.559,0.39,3.81,0.38,5.0,0.45,125.0,0.46,125.0,0.48,58.74,0.47,65.0,0.56,0.27,0.62,10.0,0.06,0.08,2319.3943,1776236446000
1776240542.206,242.206,0.36,8.0,0.35,70.0,0.41,111.55,0.43,20.0,0.55,125.0,0.54,125.0,0.61,3.81,0.62,5.0,0.05,0.06,2319.3943,1776236446000
1776240542.864,242.864,0.35,59.0,0.34,70.0,0.36,16.73,0.37,36.0,0.61,7.0,0.59,171.55,0.65,59.0,0.66,70.0,0.01,0.04,2319.3943,1776236446000
1776240543.262,243.262,0.35,69.0,0.34,80.0,0.36,6.04,0.37,50.71,0.63,33.71,0.62,10.0,0.65,64.0,0.66,70.0,0.01,0.02,2319.3943,1776236446000
1776240543.546,243.546,0.35,43.87,0.34,70.0,0.36,6.04,0.37,50.71,0.64,6.04,0.63,50.71,0.65,61.3,0.66,80.0,0.01,0.01,2319.3943,1776236446000
1776240544.179,244.179,0.35,42.74,0.34,70.0,0.38,183.81,0.39,15.0,0.64,6.04,0.63,50.71,0.65,36.87,0.66,70.0,0.03,0.01,2319.3943,1776236446000
1776240544.399,244.399,0.35,21.87,0.34,153.95,0.36,10.0,0.37,10.0,0.62,183.81,0.61,15.0,0.65,42.74,0.66,70.0,0.01,0.03,2319.3943,1776236446000
1776240545.02,245.02,0.35,5.0,0.34,5.0,0.38,37.81,0.39,80.0,0.64,10.0,0.63,10.0,0.65,21.87,0.66,153.95,0.03,0.01,2319.3943,1776236446000
1776240545.773,245.773,0.29,13.0,0.28,75.0,0.3,8.48,0.31,15.0,0.64,20.0,0.62,37.81,0.65,2.68,0.66,5.0,0.01,0.01,2319.3943,1776236446000
1776240546.146,246.146,0.29,3.15,0.28,80.0,0.3,8.48,0.31,15.0,0.7,8.48,0.69,15.0,0.71,13.0,0.72,75.0,0.01,0.01,2319.3943,1776236446000
1776240546.363,246.363,0.28,85.0,0.27,5.0,0.29,11.12,0.3,8.48,0.7,8.48,0.69,15.0,0.71,3.15,0.72,80.0,0.01,0.01,2319.3943,1776236446000
1776240547.012,247.012,0.28,13.61,0.27,185.0,0.29,15.0,0.3,8.48,0.7,8.48,0.69,15.0,0.72,80.0,0.73,5.0,0.01,0.02,2319.3943,1776236446000
1776240547.691,247.691,0.28,17.22,0.27,190.0,0.29,10.0,0.3,8.48,0.71,15.0,0.7,8.48,0.72,13.61,0.73,185.0,0.01,0.01,2319.3943,1776236446000
1776240548.153,248.153,0.23,11.0,0.16,50.0,0.29,45.0,0.3,8.48,0.71,10.0,0.7,8.48,0.72,17.22,0.73,190.0,0.06,0.01,2319.3943,1776236446000
1776240548.557,248.557,0.22,5.76,0.21,10.0,0.23,10.0,0.24,5.0,0.75,6.66,0.71,95.0,0.84,49.35,0.85,28.2,0.01,0.09,2319.3943,1776236446000
1776240548.845,248.845,0.22,79.64,0.21,190.0,0.27,15.0,0.28,15.0,0.76,15.0,0.75,10.0,0.77,8.7,0.78,5.76,0.05,0.01,2319.3943,1776236446000
1776240549.3,249.3,0.21,139.64,0.2,10.0,0.24,10.0,0.26,10.0,0.73,15.0,0.72,15.0,0.78,79.64,0.79,190.0,0.03,0.05,2319.3943,1776236446000
1776240550.99,250.99,0.21,10.0,0.2,195.05,0.23,2.0,0.24,15.0,0.76,10.0,0.74,10.0,0.79,139.64,0.8,10.0,0.02,0.03,2319.3943,1776236446000
1776240551.504,251.504,0.11,118.63,0.1,102.52,0.13,122.0,0.14,20.0,0.77,2.0,0.76,15.0,0.79,10.0,0.8,195.05,0.02,0.02,2319.3943,1776236446000
1776240551.78,251.78,0.13,7.93,0.12,254.67,0.14,15.0,0.15,24.0,0.87,90.87,0.86,10.0,0.88,254.67,0.89,188.63,0.01,0.01,2319.3943,1776236446000
1776240552.188,252.188,0.13,193.86,0.12,74.67,0.14,13.0,0.15,9.0,0.86,15.0,0.85,24.0,0.87,7.93,0.88,254.67,0.01,0.01,2319.3943,1776236446000
1776240552.467,252.467,0.13,192.16,0.12,74.67,0.14,13.0,0.15,9.0,0.86,13.0,0.85,9.0,0.87,187.71,0.88,74.67,0.01,0.01,2319.3943,1776236446000
1776240553.095,253.095,0.16,64.19,0.15,260.0,0.17,31.76,0.18,42.76,0.82,40.0,0.81,15.0,0.87,186.41,0.88,74.67,0.01,0.05,2319.3943,1776236446000
1776240553.582,253.582,0.16,247.28,0.15,220.0,0.17,20.0,0.2,18.0,0.83,31.76,0.82,42.76,0.84,64.19,0.85,260.0,0.01,0.01,2319.3943,1776236446000
1776240555.454,255.454,0.19,8.65,0.16,232.76,0.2,48.76,0.21,28.0,0.8,28.0,0.79,28.0,0.81,23.53,0.82,10.0,0.01,0.01,2319.3943,1776236446000
1776240555.917,255.917,0.19,1.52,0.16,222.76,0.2,61.76,0.21,28.0,0.8,48.76,0.79,28.0,0.81,8.65,0.84,232.76,0.01,0.01,2319.3943,1776236446000
1776240556.377,256.377,0.19,0.28,0.16,222.76,0.2,66.76,0.21,28.0,0.8,61.76,0.79,28.0,0.81,1.52,0.84,222.76,0.01,0.01,2319.3943,1776236446000
1776240557.094,257.094,0.19,9.04,0.18,10.0,0.2,41.76,0.21,28.0,0.8,66.76,0.79,28.0,0.81,0.28,0.84,222.76,0.01,0.01,2319.3943,1776236446000
1776240558.038,258.038,0.28,65.0,0.25,80.0,0.32,10.0,0.33,15.0,0.79,28.0,0.78,10.0,0.81,9.04,0.82,10.0,0.04,0.02,2319.3943,1776236446000
1776240558.317,258.317,0.33,180.0,0.32,150.0,0.35,5.0,0.36,50.0,0.67,7.5,0.66,10.0,0.69,36.12,0.7,26.66,0.02,0.02,2319.3943,1776236446000
1776240558.958,258.958,0.34,15.0,0.33,190.0,0.35,5.0,0.36,10.0,0.65,5.0,0.64,50.0,0.67,180.0,0.68,150.0,0.01,0.02,2319.3943,1776236446000
1776240559.643,259.643,0.4,70.0,0.36,50.0,0.41,84.65,0.43,14.7,0.65,5.0,0.64,10.0,0.66,15.0,0.67,190.0,0.01,0.01,2319.3943,1776236446000
1776240559.884,259.884,0.47,72.54,0.46,86.0,0.48,10.0,0.49,10.0,0.5,35.76,0.49,60.0,0.52,10.0,0.53,86.0,0.01,0.02,2319.3943,1776236446000
1776240560.242,260.242,0.47,9.0,0.46,9.0,0.48,8.73,0.49,15.0,0.52,10.0,0.51,10.0,0.53,72.54,0.54,86.0,0.01,0.01,2319.3943,1776236446000
1776240560.515,260.515,0.44,10.0,0.43,39.01,0.45,188.64,0.46,10.0,0.53,10.0,0.52,8.73,0.56,10.0,0.57,39.01,0.01,0.03,2319.3943,1776236446000
1776240560.733,260.733,0.4,80.0,0.39,80.0,0.45,214.64,0.46,10.0,0.55,188.64,0.54,10.0,0.56,10.0,0.57,39.01,0.05,0.01,2319.3943,1776236446000
1776240560.979,260.979,0.44,20.0,0.43,165.82,0.47,10.0,0.48,15.0,0.55,19.79,0.52,15.0,0.56,5.0,0.57,150.82,0.03,0.01,2319.3943,1776236446000
1776240561.215,261.215,0.45,18.25,0.44,15.0,0.46,5.0,0.47,15.0,0.53,10.0,0.52,15.0,0.56,20.0,0.57,165.82,0.01,0.03,2319.3943,1776236446000
1776240561.557,261.557,0.47,10.0,0.46,29.0,0.49,19.89,0.5,20.0,0.54,5.0,0.53,15.0,0.55,18.25,0.56,15.0,0.02,0.01,2319.3943,1776236446000
1776240561.879,261.879,0.48,14.0,0.47,14.0,0.49,16.0,0.5,10.0,0.51,19.89,0.5,20.0,0.53,10.0,0.54,29.0,0.01,0.02,2319.3943,1776236446000
1776240562.252,262.252,0.49,19.0,0.48,14.5,0.52,10.0,0.53,10.0,0.5,2.12,0.49,10.0,0.51,4.6,0.52,19.5,0.03,0.01,2319.3943,1776236446000
1776240562.79,262.79,0.53,19.0,0.52,90.0,0.54,8.0,0.55,10.0,0.49,2.9,0.48,5.0,0.51,19.0,0.52,14.5,0.01,0.02,2319.3943,1776236446000
1776240563.062,263.062,0.53,15.55,0.52,85.0,0.54,5.96,0.55,10.0,0.46,5.96,0.45,10.0,0.47,19.0,0.48,90.0,0.01,0.01,2319.3943,1776236446000
1776240563.545,263.545,0.53,21.55,0.52,100.0,0.55,6.63,0.56,10.0,0.46,5.96,0.45,10.0,0.47,15.55,0.48,85.0,0.02,0.01,2319.3943,1776236446000
1776240564.597,264.597,0.52,80.0,0.51,75.0,0.53,6.23,0.54,10.0,0.45,6.63,0.44,10.0,0.47,21.55,0.48,100.0,0.01,0.02,2319.3943,1776236446000
1776240566.617,266.617,0.5,200.0,0.49,85.0,0.54,15.0,0.55,6.63,0.46,6.23,0.45,11.63,0.48,75.0,0.49,75.0,0.04,0.02,2319.3943,1776236446000
1776240567.383,267.383,0.52,345.0,0.51,15.0,0.54,98.14,0.55,6.63,0.46,15.0,0.45,6.63,0.5,200.0,0.51,85.0,0.02,0.04,2319.3943,1776236446000
1776240567.79,267.79,0.53,185.0,0.52,155.0,0.54,91.26,0.55,6.63,0.46,98.14,0.45,6.63,0.48,345.0,0.49,15.0,0.01,0.02,2319.3943,1776236446000
1776240568.312,268.312,0.54,25.0,0.53,265.0,0.55,19.9,0.56,10.0,0.45,6.63,0.44,20.0,0.47,190.0,0.48,155.0,0.01,0.02,2319.3943,1776236446000
1776240569.084,269.084,0.54,5.0,0.53,90.0,0.55,11.9,0.56,20.0,0.45,19.9,0.44,10.0,0.46,25.0,0.47,265.0,0.01,0.01,2319.3943,1776236446000
1776240570.104,270.104,0.53,70.0,0.52,140.0,0.55,7.38,0.56,20.0,0.45,11.9,0.44,20.0,0.46,5.0,0.47,90.0,0.02,0.01,2319.3943,1776236446000
1776240571.449,271.449,0.53,69.36,0.52,155.0,0.54,10.0,0.55,6.27,0.45,6.27,0.44,20.0,0.47,70.0,0.48,140.0,0.01,0.02,2319.3943,1776236446000
1776240572.991,272.991,0.53,79.36,0.52,155.0,0.54,7.32,0.55,6.27,0.46,4.31,0.45,6.27,0.47,69.36,0.48,155.0,0.01,0.01,2319.3943,1776236446000
1776240574.431,274.431,0.55,15.0,0.54,15.0,0.56,23.12,0.57,10.0,0.46,7.32,0.45,6.27,0.47,79.36,0.48,155.0,0.01,0.01,2319.3943,1776236446000
1776240574.834,274.834,0.55,206.0,0.54,15.0,0.6,9.63,0.64,30.0,0.44,6.24,0.43,10.0,0.45,25.0,0.46,15.0,0.05,0.01,2319.3943,1776236446000
1776240575.171,275.171,0.63,98.0,0.62,92.0,0.64,30.0,0.65,5.0,0.36,30.0,0.35,15.8,0.41,10.0,0.42,10.0,0.01,0.05,2319.3943,1776236446000
1776240575.387,275.387,0.63,97.0,0.62,92.0,0.64,24.92,0.65,5.0,0.36,30.0,0.35,5.0,0.37,98.0,0.38,92.0,0.01,0.01,2319.3943,1776236446000
1776240575.622,275.622,0.66,25.23,0.65,22.0,0.71,50.0,0.75,150.0,0.33,35.0,0.29,50.0,0.34,3.23,0.35,10.0,0.05,0.01,2319.3943,1776236446000
1776240576.103,276.103,0.7,27.0,0.69,15.0,0.71,48.59,0.73,15.0,0.29,50.0,0.25,150.0,0.34,25.23,0.35,22.0,0.01,0.05,2319.3943,1776236446000
1776240576.456,276.456,0.7,21.33,0.69,15.0,0.71,42.95,0.72,51.45,0.29,45.77,0.28,51.45,0.3,21.33,0.31,15.0,0.01,0.01,2319.3943,1776236446000
1776240577.087,277.087,0.7,11.33,0.69,15.0,0.71,42.95,0.72,51.45,0.29,42.95,0.28,51.45,0.3,21.33,0.31,15.0,0.01,0.01,2319.3943,1776236446000
1776240577.9,277.9,0.74,7.0,0.73,7.0,0.75,130.0,0.76,10.0,0.29,42.95,0.28,51.45,0.3,11.33,0.31,15.0,0.01,0.01,2319.3943,1776236446000
1776240578.201,278.201,0.74,7.0,0.73,7.0,0.75,131.03,0.76,10.0,0.25,134.9,0.24,10.0,0.26,7.0,0.27,7.0,0.01,0.01,2319.3943,1776236446000
1776240578.62,278.62,0.74,5.44,0.73,7.0,0.75,115.4,0.76,10.0,0.25,110.4,0.24,10.0,0.26,7.0,0.27,7.0,0.01,0.01,2319.3943,1776236446000
1776240579.57,279.57,0.75,27.0,0.74,20.44,0.77,11.14,0.78,85.0,0.25,109.8,0.24,10.0,0.26,5.44,0.27,7.0,0.02,0.01,2319.3943,1776236446000
1776240580.292,280.292,0.76,22.0,0.75,22.0,0.77,4.59,0.78,80.0,0.23,5.33,0.22,85.0,0.25,27.0,0.26,20.44,0.01,0.02,2319.3943,1776236446000
1776240580.797,280.797,0.76,17.0,0.75,12.0,0.77,3.29,0.78,80.0,0.23,4.59,0.22,80.0,0.24,22.0,0.25,22.0,0.01,0.01,2319.3943,1776236446000
1776240581.25,281.25,0.73,11.0,0.71,10.0,0.76,15.47,0.77,8.29,0.23,3.29,0.22,80.0,0.24,17.0,0.25,12.0,0.03,0.01,2319.3943,1776236446000
1776240581.465,281.465,0.73,3.59,0.72,5.0,0.74,10.0,0.75,10.0,0.24,15.47,0.23,8.29,0.27,11.0,0.29,10.0,0.01,0.03,2319.3943,1776236446000
1776240582.342,282.342,0.7,16.0,0.69,10.0,0.71,5.0,0.72,20.0,0.28,15.0,0.27,10.0,0.29,3.89,0.3,5.0,0.01,0.01,2319.3943,1776236446000
1776240582.659,282.659,0.7,16.0,0.69,10.0,0.71,8.59,0.72,81.42,0.28,76.42,0.27,10.0,0.3,21.0,0.31,10.0,0.01,0.02,2319.3943,1776236446000
1776240583.71,283.71,0.73,10.0,0.72,16.0,0.74,15.17,0.75,15.0,0.29,2.74,0.28,81.42,0.3,16.0,0.31,10.0,0.01,0.01,2319.3943,1776236446000
1776240584.707,284.707,0.85,7.0,0.84,10.0,0.86,50.0,0.87,14.0,0.26,15.17,0.25,15.0,0.27,10.0,0.28,16.0,0.01,0.01,2319.3943,1776236446000
1776240584.965,284.965,0.85,7.0,0.84,10.0,0.86,37.21,0.87,14.0,0.14,50.0,0.13,14.0,0.15,7.0,0.16,10.0,0.01,0.01,2319.3943,1776236446000
1776240585.488,285.488,0.83,17.0,0.82,107.99,0.86,37.21,0.88,23.0,0.14,37.21,0.13,14.0,0.15,7.0,0.16,10.0,0.03,0.01,2319.3943,1776236446000
1776240586.193,286.193,0.84,15.0,0.83,10.0,0.85,5.42,0.86,30.0,0.15,71.67,0.14,42.21,0.16,17.0,0.17,17.0,0.01,0.01,2319.3943,1776236446000
1776240587.499,287.499,0.85,27.0,0.84,15.0,0.86,31.39,0.9,91.0,0.15,5.42,0.14,30.0,0.16,15.0,0.17,10.0,0.01,0.01,2319.3943,1776236446000
1776240588.114,288.114,0.85,27.0,0.84,15.0,0.86,75.57,0.9,91.0,0.14,31.39,0.1,91.0,0.15,27.0,0.16,15.0,0.01,0.01,2319.3943,1776236446000
1776240589.234,289.234,0.85,38.0,0.84,15.0,0.86,14.08,0.91,50.0,0.14,75.57,0.1,91.0,0.15,27.0,0.16,15.0,0.01,0.01,2319.3943,1776236446000
1776240589.542,289.542,0.85,43.71,0.84,222.71,0.94,18.0,0.95,18.21,0.14,14.08,0.09,50.0,0.15,38.0,0.16,15.0,0.09,0.01,2319.3943,1776236446000
1776240589.995,289.995,0.92,15.0,0.91,10.0,0.94,34.83,0.95,18.21,0.06,18.0,0.05,18.21,0.07,25.3,0.08,15.0,0.02,0.01,2319.3943,1776236446000
1776240590.533,290.533,0.91,15.0,0.9,10.0,0.94,54.83,0.95,28.21,0.06,34.83,0.05,18.21,0.08,15.0,0.09,10.0,0.03,0.02,2319.3943,1776236446000
1776240590.906,290.906,0.78,80.0,0.63,30.0,0.82,57.0,0.86,61.0,0.06,54.83,0.05,28.21,0.09,15.0,0.1,10.0,0.04,0.03,2319.3943,1776236446000
1776240591.128,291.128,0.21,27.32,0.2,10.0,0.27,10.0,0.28,10.0,0.66,10.0,0.64,4.38,0.79,47.32,0.8,10.0,0.06,0.13,2319.3943,1776236446000
1776240591.43,291.43,0.17,11.98,0.15,170.0,0.18,15.0,0.19,39.92,0.82,10.0,0.81,10.0,0.83,19.41,0.85,170.0,0.01,0.01,2319.3943,1776236446000
1776240591.698,291.698,0.11,68.63,0.1,17.52,0.13,10.0,0.14,10.0,0.84,10.0,0.83,10.0,0.85,54.19,0.89,70.0,0.02,0.01,2319.3943,1776236446000
1776240591.957,291.957,0.11,60.37,0.1,17.52,0.12,10.0,0.13,10.0,0.88,21.0,0.87,10.0,0.89,71.73,0.9,17.52,0.01,0.01,2319.3943,1776236446000
1776240592.884,292.884,0.11,15.22,0.1,17.52,0.12,2.71,0.13,45.0,0.88,7.71,0.87,40.0,0.89,13.56,0.9,17.52,0.01,0.01,2319.3943,1776236446000
1776240593.159,293.159,0.07,179.28,0.06,10.0,0.12,37.71,0.13,15.0,0.88,2.71,0.87,45.0,0.89,8.48,0.9,17.52,0.05,0.01,2319.3943,1776236446000
1776240593.392,293.392,0.05,25.0,0.04,139.74,0.07,95.71,0.08,27.0,0.9,8.01,0.89,80.0,0.95,25.0,0.96,139.74,0.02,0.05,2319.3943,1776236446000
1776240593.729,293.729,0.05,15.09,0.04,139.74,0.07,75.0,0.08,27.0,0.93,100.71,0.92,37.0,0.95,25.0,0.96,139.74,0.02,0.02,2319.3943,1776236446000
1776240594.326,294.326,0.05,15.09,0.04,39.74,0.06,5.95,0.07,93.0,0.93,75.0,0.92,27.0,0.95,15.09,0.96,139.74,0.01,0.02,2319.3943,1776236446000
1776240594.611,294.611,0.04,28.68,0.03,193.0,0.06,31.9,0.07,88.0,0.94,5.95,0.93,93.0,0.95,15.09,0.96,39.74,0.02,0.01,2319.3943,1776236446000
1776240595.034,295.034,0.05,5.0,0.04,28.68,0.06,73.9,0.07,85.0,0.94,31.9,0.93,88.0,0.96,28.68,0.97,193.0,0.01,0.02,2319.3943,1776236446000
1776240595.373,295.373,0.04,28.41,0.03,193.0,0.06,123.9,0.07,85.0,0.94,73.9,0.93,85.0,0.95,5.0,0.96,28.68,0.02,0.01,2319.3943,1776236446000
1776240595.598,295.598,0.04,16.31,0.03,193.0,0.05,5.0,0.06,111.23,0.94,81.23,0.93,115.0,0.96,28.31,0.97,193.0,0.01,0.02,2319.3943,1776236446000
1776240596.119,296.119,0.03,149.56,0.02,168.0,0.05,35.52,0.06,96.23,0.95,20.0,0.94,136.23,0.97,157.83,0.98,168.0,0.02,0.02,2319.3943,1776236446000
1776240596.387,296.387,0.03,41.38,0.02,168.0,0.05,35.52,0.06,96.23,0.95,35.52,0.94,96.23,0.97,52.0,0.98,168.0,0.02,0.02,2319.3943,1776236446000
1776240596.618,296.618,0.02,132.0,0.01,1111.0,0.03,31.87,0.04,30.42,0.97,26.72,0.96,20.42,0.98,144.0,0.99,1111.0,0.01,0.01,2319.3943,1776236446000
1776240596.828,296.828,0.02,61.59,0.01,1111.0,0.03,31.52,0.04,30.42,0.97,36.87,0.96,30.42,0.98,111.59,0.99,1111.0,0.01,0.01,2319.3943,1776236446000
1776240597.119,297.119,0.01,987.75,,,0.02,23.94,0.03,21.52,0.98,74.94,0.97,21.52,0.99,992.75,,,0.01,0.01,2319.3943,1776236446000
1776240597.32,297.32,0.01,919.01,,,0.02,44.7,0.03,30.52,0.98,44.7,0.97,21.52,0.99,934.17,,,0.01,0.01,2319.3943,1776236446000
1776240597.946,297.946,,,,,0.01,756.69,0.02,31.0,0.99,106.49,0.98,54.7,,,,,,,2319.3943,1776236446000
