timestamp,elapsed_sec,up_bid_p1,up_bid_s1,up_bid_p2,up_bid_s2,up_ask_p1,up_ask_s1,up_ask_p2,up_ask_s2,down_bid_p1,down_bid_s1,down_bid_p2,down_bid_s2,down_ask_p1,down_ask_s1,down_ask_p2,down_ask_s2,up_spread,down_spread,eth_price,eth_oracle_ts
1776302700.567,0.567,0.51,5.0,0.48,5.0,0.6,38.0,0.61,34.0,0.4,38.0,0.39,34.0,0.48,5.0,0.49,5.0,0.09,0.08,2351.494422,1776302699000
1776302701.199,1.199,0.48,5.0,0.4,38.0,0.6,38.0,0.61,34.0,0.4,38.0,0.39,34.0,0.52,5.0,0.6,38.0,0.12,0.12,2351.511271,1776302700000
1776302701.425,1.425,0.48,10.75,0.43,13.0,0.49,40.95,0.5,18.0,0.5,48.0,0.49,13.0,0.52,5.0,0.56,5.0,0.01,0.02,2351.511271,1776302700000
1776302701.844,1.844,0.48,8.82,0.41,12.0,0.49,71.0,0.5,18.0,0.51,40.95,0.5,18.0,0.52,10.75,0.57,13.0,0.01,0.01,2351.511271,1776302700000
1776302702.323,2.323,0.48,8.82,0.41,12.0,0.49,63.65,0.5,13.0,0.51,63.65,0.5,13.0,0.52,8.82,0.59,12.0,0.01,0.01,2351.428258,1776302701000
1776302702.687,2.687,0.48,10.64,0.42,7.95,0.49,43.0,0.5,51.54,0.51,60.95,0.5,51.54,0.52,8.82,0.59,5.65,0.01,0.01,2351.428258,1776302701000
1776302703.127,3.127,0.43,107.0,0.42,112.95,0.45,105.0,0.46,105.0,0.51,38.0,0.5,51.54,0.58,12.95,0.59,110.65,0.02,0.07,2351.428258,1776302701000
1776302703.443,3.443,0.43,107.0,0.42,112.95,0.45,105.0,0.46,105.0,0.55,105.0,0.54,105.0,0.57,107.0,0.58,112.95,0.02,0.02,2350.978813,1776302702000
1776302703.948,3.948,0.43,107.0,0.42,112.95,0.45,105.0,0.46,105.0,0.55,105.0,0.54,105.0,0.57,107.0,0.58,112.95,0.02,0.02,2350.88453,1776302703000
1776302705.067,5.067,0.44,121.0,0.43,131.3,0.45,10.2,0.46,115.0,0.55,10.2,0.54,115.0,0.56,121.0,0.57,131.3,0.01,0.01,2350.932673,1776302704000
1776302705.585,5.585,0.44,120.0,0.43,136.3,0.46,107.92,0.47,115.0,0.55,3.88,0.54,115.0,0.56,120.0,0.57,136.3,0.02,0.01,2350.932673,1776302704000
1776302706.243,6.243,0.44,40.75,0.43,36.3,0.45,6.86,0.46,10.0,0.55,6.86,0.54,10.0,0.56,40.75,0.57,36.3,0.01,0.01,2351.062511,1776302705000
1776302707.31,7.31,0.44,40.75,0.43,36.3,0.45,6.86,0.46,10.0,0.55,6.86,0.54,10.0,0.56,40.75,0.57,36.3,0.01,0.01,2351.104722,1776302706000
1776302707.931,7.931,0.43,9.3,0.41,13.0,0.44,128.22,0.45,145.0,0.55,6.86,0.54,10.0,0.56,40.75,0.57,36.3,0.01,0.01,2351.104722,1776302706000
1776302708.156,8.156,0.43,10.3,0.41,25.5,0.44,128.22,0.45,115.0,0.56,128.22,0.55,145.0,0.57,9.3,0.59,13.0,0.01,0.01,2351.131055,1776302707000
1776302709.364,9.364,0.43,3.34,0.41,25.5,0.44,128.22,0.45,115.0,0.56,128.22,0.55,115.0,0.57,3.34,0.59,25.5,0.01,0.01,2350.968189,1776302708000
1776302709.896,9.896,0.43,3.34,0.41,25.5,0.44,128.22,0.45,115.0,0.56,128.22,0.55,115.0,0.57,3.34,0.59,25.5,0.01,0.01,2350.920929,1776302709000
1776302710.614,10.614,0.43,16.22,0.42,16.0,0.44,144.22,0.45,126.0,0.56,128.22,0.55,115.0,0.57,3.34,0.59,25.5,0.01,0.01,2350.920929,1776302709000
1776302710.992,10.992,0.43,16.22,0.42,16.0,0.44,144.22,0.45,126.0,0.56,144.22,0.55,126.0,0.57,16.22,0.58,16.0,0.01,0.01,2350.93003,1776302710000
1776302714.572,14.572,0.43,33.99,0.42,16.0,0.44,151.5,0.45,161.5,0.56,144.22,0.55,126.0,0.57,16.22,0.58,16.0,0.01,0.01,2350.966766,1776302713000
1776302715.576,15.576,0.42,99.45,0.41,57.49,0.43,21.0,0.44,36.0,0.56,151.5,0.55,161.5,0.59,10.5,0.6,20.5,0.01,0.03,2350.907371,1776302714000
1776302716.069,16.069,0.44,100.45,0.43,78.5,0.46,13.95,0.47,131.5,0.56,1.0,0.55,11.0,0.57,25.5,0.58,94.45,0.02,0.01,2350.907371,1776302714000
1776302719.553,19.553,0.45,66.45,0.44,83.5,0.46,16.0,0.47,27.0,0.54,13.95,0.53,131.5,0.55,16.95,0.56,83.5,0.01,0.01,2351.105654,1776302718000
1776302719.912,19.912,0.45,63.39,0.44,83.5,0.46,16.0,0.47,37.5,0.54,16.0,0.53,27.0,0.55,66.45,0.56,83.5,0.01,0.01,2351.105654,1776302718000
1776302723.886,23.886,0.45,73.75,0.44,48.5,0.46,7.0,0.47,27.0,0.54,21.0,0.53,42.5,0.55,56.07,0.56,73.5,0.01,0.01,2351.107787,1776302723000
1776302727.462,27.462,0.44,20.5,0.43,22.5,0.45,17.0,0.46,106.5,0.54,7.0,0.53,27.0,0.55,73.75,0.56,48.5,0.01,0.01,2351.073148,1776302726000
1776302729.831,29.831,0.45,108.5,0.44,69.5,0.46,9.13,0.5,5.0,0.55,17.0,0.54,106.5,0.56,20.5,0.57,22.5,0.01,0.01,2351.091418,1776302728000
1776302732.914,32.914,0.48,2.37,0.44,15.0,0.49,147.49,0.5,60.77,0.5,5.0,0.49,56.0,0.55,108.5,0.56,69.5,0.01,0.05,2351.266418,1776302732000
1776302733.279,33.279,0.44,10.0,0.43,29.5,0.45,79.5,0.46,31.0,0.51,152.49,0.5,60.77,0.56,15.0,0.57,29.5,0.01,0.05,2351.266418,1776302732000
1776302733.705,33.705,0.43,17.92,0.42,15.5,0.44,49.0,0.45,77.5,0.55,79.5,0.54,31.0,0.56,10.0,0.57,29.5,0.01,0.01,2351.266418,1776302732000
1776302735.316,35.316,0.43,14.83,0.42,10.0,0.44,131.5,0.45,108.49,0.56,49.0,0.55,77.5,0.57,17.92,0.58,15.5,0.01,0.01,2351.041205,1776302734000
1776302735.742,35.742,0.4,5.0,0.37,35.5,0.41,236.5,0.42,142.5,0.56,147.5,0.55,108.49,0.58,4.75,0.6,10.5,0.01,0.02,2351.041205,1776302734000
1776302736.04,36.04,0.4,5.0,0.37,35.5,0.41,250.5,0.42,142.5,0.59,236.5,0.58,142.5,0.6,5.0,0.63,35.5,0.01,0.01,2351.041205,1776302734000
1776302736.702,36.702,0.36,26.0,0.35,35.0,0.37,10.0,0.38,80.0,0.59,250.5,0.58,142.5,0.6,5.0,0.63,35.5,0.01,0.01,2350.875272,1776302735000
1776302736.909,36.909,0.35,25.44,0.34,5.0,0.36,27.0,0.37,32.3,0.63,10.0,0.62,80.0,0.64,26.0,0.65,35.0,0.01,0.01,2350.875272,1776302735000
1776302737.206,37.206,0.35,9.74,0.34,15.5,0.36,70.0,0.37,42.8,0.64,55.0,0.63,32.3,0.65,14.82,0.66,5.0,0.01,0.01,2350.798833,1776302736000
1776302738.357,38.357,0.35,8.2,0.34,15.5,0.36,100.5,0.37,47.8,0.64,70.0,0.63,42.8,0.65,9.74,0.66,15.5,0.01,0.01,2350.798833,1776302736000
1776302739.176,39.176,0.35,23.7,0.34,35.0,0.37,37.89,0.38,49.5,0.64,100.5,0.63,47.8,0.65,8.2,0.66,15.5,0.02,0.01,2350.78245,1776302737000
1776302740.898,40.898,0.35,23.7,0.34,30.0,0.36,44.0,0.37,48.39,0.63,37.89,0.62,49.5,0.65,23.7,0.66,35.0,0.01,0.02,2350.411147,1776302739000
1776302741.186,41.186,0.35,0.16,0.34,19.5,0.36,111.5,0.37,48.39,0.64,44.0,0.63,48.39,0.65,23.7,0.66,30.0,0.01,0.01,2350.411147,1776302739000
1776302741.484,41.484,0.34,14.5,0.33,10.5,0.36,122.5,0.37,48.39,0.64,111.5,0.63,48.39,0.65,0.16,0.66,19.5,0.02,0.01,2350.411147,1776302739000
1776302742.403,42.403,0.34,0.28,0.31,10.5,0.35,166.5,0.36,111.5,0.64,122.5,0.63,48.39,0.66,14.5,0.67,10.5,0.01,0.02,2350.401236,1776302741000
1776302742.704,42.704,0.3,21.0,0.29,27.0,0.32,125.0,0.33,37.5,0.68,29.0,0.67,26.5,0.69,7.5,0.7,16.0,0.02,0.01,2350.401236,1776302741000
1776302743.092,43.092,0.3,16.84,0.29,27.0,0.31,113.0,0.32,79.0,0.69,10.0,0.68,120.0,0.7,16.42,0.71,27.0,0.01,0.01,2350.401236,1776302741000
1776302744.19,44.19,0.27,18.0,0.26,48.5,0.28,123.5,0.29,77.5,0.69,113.0,0.68,79.0,0.7,16.84,0.71,27.0,0.01,0.01,2350.293866,1776302743000
1776302745.875,45.875,0.25,18.0,0.24,19.0,0.27,62.5,0.28,20.5,0.73,67.0,0.72,61.5,0.74,53.5,0.75,28.0,0.02,0.01,2350.206635,1776302744000
1776302746.824,46.824,0.23,3.5,0.22,31.5,0.24,70.0,0.25,136.5,0.74,79.5,0.73,31.5,0.77,12.38,0.79,46.0,0.01,0.03,2350.100913,1776302745000
1776302747.25,47.25,0.23,48.0,0.22,31.5,0.24,57.26,0.25,136.5,0.76,70.0,0.75,136.5,0.77,3.5,0.78,31.5,0.01,0.01,2350.100913,1776302745000
1776302748.478,48.478,0.25,162.5,0.24,45.5,0.32,16.0,0.33,41.0,0.76,57.26,0.75,136.5,0.77,48.0,0.78,31.5,0.07,0.01,2349.702115,1776302747000
1776302749.014,49.014,0.31,76.5,0.3,49.5,0.33,63.65,0.34,26.5,0.69,5.16,0.68,26.5,0.7,25.5,0.71,15.0,0.02,0.01,2349.702115,1776302747000
1776302749.988,49.988,0.32,95.5,0.31,75.5,0.33,37.27,0.34,6.0,0.67,57.27,0.66,26.5,0.68,10.0,0.69,75.5,0.01,0.01,2349.639943,1776302748000
1776302750.499,50.499,0.34,25.08,0.33,54.5,0.35,47.17,0.36,20.5,0.65,57.67,0.64,20.5,0.66,18.63,0.67,34.5,0.01,0.01,2349.892711,1776302749000
1776302750.988,50.988,0.34,88.58,0.33,64.5,0.35,163.46,0.37,19.3,0.65,47.17,0.64,20.5,0.66,25.08,0.67,54.5,0.01,0.01,2349.892711,1776302749000
1776302753.342,53.342,0.34,168.58,0.33,55.5,0.35,0.25,0.37,19.3,0.65,37.46,0.63,29.8,0.66,123.58,0.67,55.5,0.01,0.01,2350.470266,1776302752000
1776302754.642,54.642,0.4,37.2,0.39,25.12,0.42,99.83,0.43,21.0,0.58,17.0,0.57,25.52,0.64,33.5,0.65,25.5,0.02,0.06,2350.47662,1776302753000
1776302755.253,55.253,0.41,6.0,0.4,47.2,0.42,79.33,0.43,26.5,0.58,99.83,0.57,21.0,0.6,37.2,0.61,25.12,0.01,0.02,2350.60265,1776302754000
1776302756.621,56.621,0.41,61.6,0.4,39.2,0.43,15.4,0.44,52.03,0.58,79.33,0.57,26.5,0.59,6.0,0.6,47.2,0.02,0.01,2350.757887,1776302755000
1776302756.921,56.921,0.41,48.36,0.4,39.2,0.42,10.0,0.43,15.4,0.57,15.4,0.56,52.03,0.59,61.6,0.6,39.2,0.01,0.02,2350.757887,1776302755000
1776302757.558,57.558,0.41,66.6,0.4,39.2,0.42,5.0,0.43,10.0,0.58,10.0,0.57,15.4,0.59,48.36,0.6,39.2,0.01,0.01,2350.801697,1776302756000
1776302758.137,58.137,0.42,72.43,0.41,66.6,0.43,15.0,0.44,52.03,0.58,5.0,0.57,10.0,0.59,66.6,0.6,39.2,0.01,0.01,2350.844331,1776302757000
1776302760.272,60.272,0.43,79.5,0.42,56.43,0.45,55.55,0.46,32.5,0.57,15.0,0.56,52.03,0.58,72.43,0.59,66.6,0.02,0.01,2350.908787,1776302759000
1776302760.719,60.719,0.44,61.5,0.43,38.5,0.45,50.12,0.46,12.0,0.55,55.55,0.54,32.5,0.57,79.5,0.58,56.43,0.01,0.02,2350.908787,1776302759000
1776302761.978,61.978,0.44,89.6,0.43,38.5,0.45,55.12,0.46,27.0,0.55,50.12,0.54,12.0,0.56,61.5,0.57,38.5,0.01,0.01,2351.027271,1776302761000
1776302763.17,63.17,0.44,7.29,0.43,11.0,0.45,86.62,0.46,87.5,0.55,55.12,0.54,27.0,0.56,89.6,0.57,38.5,0.01,0.01,2351.134027,1776302762000
1776302764.273,64.273,0.42,5.3,0.41,26.6,0.43,49.0,0.44,30.5,0.55,86.62,0.54,87.5,0.56,7.29,0.57,11.0,0.01,0.01,2351.13745,1776302763000
1776302765.925,65.925,0.4,10.0,0.39,26.5,0.41,8.4,0.42,5.0,0.57,49.0,0.56,30.5,0.58,5.3,0.59,26.6,0.01,0.01,2351.112693,1776302764000
1776302766.504,66.504,0.35,20.5,0.34,20.5,0.37,76.43,0.38,30.5,0.59,8.4,0.58,5.0,0.6,10.0,0.61,26.5,0.02,0.01,2351.112693,1776302764000
1776302767.067,67.067,0.36,31.0,0.35,53.52,0.37,15.0,0.38,10.0,0.64,5.0,0.63,52.43,0.65,4.02,0.66,46.5,0.01,0.01,2351.038654,1776302765000
1776302768.243,68.243,0.38,5.0,0.37,114.5,0.41,8.4,0.42,5.0,0.62,7.46,0.61,15.0,0.63,15.92,0.64,38.5,0.03,0.01,2351.007782,1776302767000
1776302768.524,68.524,0.4,67.09,0.39,43.5,0.41,3.96,0.42,5.0,0.59,8.4,0.58,5.0,0.62,5.0,0.63,114.5,0.01,0.03,2351.007782,1776302767000
1776302769.477,69.477,0.4,259.09,0.39,75.5,0.45,42.81,0.46,7.0,0.59,3.96,0.58,5.0,0.6,67.09,0.61,43.5,0.05,0.01,2350.78446,1776302768000
1776302769.701,69.701,0.45,11.11,0.43,10.0,0.51,11.9,0.52,20.0,0.49,12.0,0.48,20.0,0.55,11.11,0.57,21.62,0.06,0.06,2350.78446,1776302768000
1776302770.186,70.186,0.47,10.0,0.46,17.0,0.48,9.0,0.49,10.0,0.49,11.9,0.48,20.0,0.55,11.11,0.57,10.0,0.01,0.06,2350.78446,1776302768000
1776302772.361,72.361,0.48,15.0,0.47,10.0,0.49,22.95,0.5,25.5,0.52,9.0,0.51,10.0,0.53,10.0,0.54,17.0,0.01,0.01,2351.232008,1776302771000
1776302774.47,74.47,0.51,72.0,0.5,26.0,0.53,28.5,0.54,57.45,0.51,22.95,0.5,25.5,0.52,15.0,0.53,10.0,0.02,0.01,2351.314225,1776302773000
1776302774.842,74.842,0.52,16.0,0.51,66.0,0.53,14.63,0.54,57.45,0.47,28.5,0.46,57.45,0.49,72.0,0.5,26.0,0.01,0.02,2351.314225,1776302773000
1776302776.095,76.095,0.52,52.0,0.51,61.0,0.53,26.33,0.54,28.0,0.46,56.71,0.45,16.0,0.48,27.0,0.49,66.0,0.01,0.02,2351.291305,1776302774000
1776302776.859,76.859,0.52,46.9,0.51,67.0,0.53,31.83,0.54,10.5,0.47,26.33,0.46,28.0,0.48,52.0,0.49,61.0,0.01,0.01,2351.496317,1776302775000
1776302777.163,77.163,0.49,5.0,0.48,21.0,0.52,55.5,0.53,81.83,0.47,31.83,0.46,10.5,0.48,46.9,0.49,67.0,0.03,0.01,2351.496317,1776302775000
1776302777.978,77.978,0.47,7.0,0.46,10.0,0.49,43.45,0.5,118.4,0.48,55.5,0.47,81.83,0.51,5.0,0.52,21.0,0.02,0.03,2351.548884,1776302776000
1776302778.421,78.421,0.46,25.5,0.45,20.5,0.47,20.91,0.48,15.0,0.51,43.45,0.5,118.4,0.53,7.0,0.54,10.0,0.01,0.02,2351.548884,1776302776000
1776302782.434,82.434,0.46,52.5,0.45,25.5,0.47,7.9,0.49,25.5,0.53,20.91,0.52,15.0,0.54,25.5,0.55,20.5,0.01,0.01,2351.285392,1776302780000
1776302783.143,83.143,0.46,242.5,0.45,35.5,0.5,87.9,0.53,5.0,0.53,7.9,0.51,25.5,0.54,52.5,0.55,25.5,0.04,0.01,2351.313566,1776302781000
1776302783.605,83.605,0.49,141.09,0.48,41.5,0.54,15.0,0.55,15.0,0.5,9.18,0.46,15.0,0.51,146.09,0.52,41.5,0.05,0.01,2351.296809,1776302782000
1776302788.021,88.021,0.58,52.0,0.57,61.0,0.59,20.2,0.6,15.0,0.46,15.0,0.45,15.0,0.51,141.09,0.52,41.5,0.01,0.05,2351.67255,1776302786000
1776302788.73,88.73,0.58,47.0,0.57,56.0,0.59,23.5,0.6,15.0,0.41,20.2,0.4,15.0,0.42,52.0,0.43,61.0,0.01,0.01,2351.70255,1776302787000
1776302789.142,89.142,0.59,16.0,0.58,36.0,0.6,18.83,0.61,20.0,0.41,23.5,0.4,15.0,0.42,47.0,0.43,56.0,0.01,0.01,2351.70255,1776302787000
1776302789.712,89.712,0.59,10.0,0.58,5.0,0.6,5.0,0.61,25.5,0.4,18.83,0.39,20.0,0.47,18.81,0.48,29.4,0.01,0.07,2351.7851,1776302788000
1776302790.321,90.321,0.59,42.0,0.58,31.5,0.6,2.07,0.61,15.0,0.4,5.0,0.39,25.5,0.41,10.0,0.42,5.0,0.01,0.01,2351.78755,1776302789000
1776302790.541,90.541,0.6,73.2,0.59,10.0,0.61,10.0,0.62,15.0,0.39,10.0,0.38,15.0,0.41,42.0,0.42,31.5,0.01,0.02,2351.78755,1776302789000
1776302791.827,91.827,0.6,30.5,0.59,10.0,0.61,15.0,0.62,19.2,0.38,8.7,0.37,32.5,0.4,73.2,0.41,10.0,0.01,0.02,2351.885955,1776302790000
1776302793.231,93.231,0.47,10.0,0.46,16.0,0.6,152.0,0.61,184.5,0.39,15.0,0.38,19.2,0.4,30.5,0.41,10.0,0.13,0.01,2352.018357,1776302792000
1776302793.613,93.613,0.48,3.03,0.4,5.0,0.49,46.0,0.5,40.0,0.51,36.0,0.5,10.0,0.52,3.03,0.58,9.0,0.01,0.01,2352.018357,1776302792000
1776302793.987,93.987,0.37,10.0,0.36,10.0,0.38,2.5,0.39,15.0,0.51,109.56,0.5,40.0,0.64,10.0,0.65,25.8,0.01,0.13,2352.018357,1776302792000
1776302794.425,94.425,0.38,133.0,0.37,15.0,0.39,5.0,0.43,10.0,0.61,5.31,0.6,10.0,0.63,10.0,0.64,60.0,0.01,0.02,2352.011644,1776302793000
1776302794.676,94.676,0.4,24.5,0.39,15.0,0.42,10.0,0.43,10.0,0.61,5.0,0.57,10.0,0.62,133.0,0.63,15.0,0.02,0.01,2352.011644,1776302793000
1776302795.031,95.031,0.41,10.0,0.4,18.5,0.43,10.0,0.44,10.0,0.58,10.0,0.57,10.0,0.6,24.5,0.61,15.0,0.02,0.02,2352.011644,1776302793000
1776302796.143,96.143,0.41,43.0,0.4,23.5,0.43,2.0,0.44,15.0,0.57,10.0,0.56,10.0,0.59,10.0,0.6,18.5,0.02,0.02,2351.31878,1776302794000
1776302796.506,96.506,0.42,23.0,0.41,31.0,0.43,0.02,0.44,10.0,0.57,2.0,0.56,15.0,0.59,43.0,0.6,23.5,0.01,0.02,2351.179394,1776302795000
1776302797.821,97.821,0.39,11.0,0.38,19.0,0.4,3.4,0.41,31.5,0.57,0.02,0.56,10.0,0.58,23.0,0.59,31.0,0.01,0.01,2351.117574,1776302796000
1776302799.098,99.098,0.39,68.44,0.37,10.0,0.4,56.9,0.41,31.5,0.6,3.4,0.59,31.5,0.61,11.0,0.62,19.0,0.01,0.01,2351.122399,1776302797000
1776302799.326,99.326,0.37,21.37,0.36,15.0,0.38,20.0,0.39,23.0,0.61,10.0,0.6,51.9,0.65,10.0,0.66,10.0,0.01,0.04,2351.112217,1776302798000
1776302799.69,99.69,0.37,26.37,0.36,10.0,0.38,27.01,0.39,16.0,0.62,20.0,0.61,23.0,0.63,21.37,0.64,15.0,0.01,0.01,2351.112217,1776302798000
1776302800.92,100.92,0.32,5.0,0.29,14.0,0.38,152.51,0.39,31.5,0.62,27.01,0.61,16.0,0.63,26.37,0.64,10.0,0.06,0.01,2351.030692,1776302799000
1776302802.688,102.688,0.29,9.27,0.28,24.0,0.3,17.66,0.31,10.0,0.69,5.0,0.68,20.5,0.71,15.27,0.73,28.3,0.01,0.02,2350.903737,1776302801000
1776302803.546,103.546,0.29,2.0,0.26,59.0,0.3,57.5,0.31,60.5,0.7,2.1,0.69,10.0,0.71,9.27,0.72,24.0,0.01,0.01,2350.479258,1776302802000
1776302804.284,104.284,0.24,43.8,0.23,47.5,0.25,5.0,0.26,26.0,0.7,57.5,0.69,60.5,0.74,57.37,0.75,9.0,0.01,0.04,2350.373649,1776302803000
1776302804.717,104.717,0.24,48.8,0.23,38.5,0.26,5.69,0.27,25.5,0.75,5.0,0.74,26.0,0.76,43.8,0.77,47.5,0.02,0.01,2350.373649,1776302803000
1776302805.822,105.822,0.28,132.0,0.27,39.5,0.29,4.06,0.32,15.5,0.74,2.99,0.73,25.5,0.75,15.0,0.76,10.0,0.01,0.01,2350.295623,1776302804000
1776302806.169,106.169,0.28,118.0,0.27,45.5,0.32,10.5,0.33,21.0,0.71,4.06,0.68,15.5,0.72,132.0,0.73,39.5,0.04,0.01,2350.17169,1776302805000
1776302807.112,107.112,0.36,15.0,0.35,10.0,0.37,64.2,0.38,30.5,0.61,17.77,0.6,48.4,0.72,118.0,0.73,45.5,0.01,0.11,2350.239966,1776302806000
1776302808.657,108.657,0.33,2.0,0.32,10.0,0.34,50.5,0.35,53.5,0.63,64.2,0.62,30.5,0.65,15.0,0.66,15.0,0.01,0.02,2350.418205,1776302807000
1776302810.164,110.164,0.33,6.0,0.29,157.0,0.38,16.22,0.4,6.0,0.66,50.5,0.65,53.5,0.67,2.0,0.68,10.0,0.05,0.01,2350.501598,1776302809000
1776302810.61,110.61,0.35,5.0,0.33,16.0,0.38,2.38,0.39,109.38,0.62,16.12,0.61,20.0,0.67,6.0,0.69,50.0,0.03,0.05,2350.501598,1776302809000
1776302812.904,112.904,0.36,15.0,0.35,25.0,0.37,10.5,0.38,38.97,0.62,2.38,0.61,109.38,0.65,5.0,0.67,16.0,0.01,0.03,2350.62785,1776302811000
1776302814.086,114.086,0.37,68.0,0.36,35.0,0.39,30.5,0.42,6.0,0.63,10.5,0.62,38.97,0.64,15.0,0.65,25.0,0.02,0.01,2350.6776,1776302812000
1776302814.876,114.876,0.4,24.36,0.39,16.0,0.41,16.5,0.42,72.39,0.58,6.0,0.57,15.0,0.62,10.0,0.63,63.0,0.01,0.04,2350.705709,1776302813000
1776302818.313,118.313,0.4,46.36,0.39,16.0,0.41,31.54,0.42,16.5,0.59,11.5,0.58,72.39,0.6,24.36,0.61,21.0,0.01,0.01,2350.877355,1776302816000
1776302819.364,119.364,0.41,53.0,0.4,64.86,0.43,29.88,0.44,15.0,0.59,30.04,0.58,16.5,0.6,46.36,0.61,16.0,0.02,0.01,2350.83265,1776302818000
1776302819.694,119.694,0.42,78.15,0.41,51.5,0.43,5.89,0.44,6.0,0.57,19.38,0.56,11.0,0.58,38.15,0.59,46.5,0.01,0.01,2350.83265,1776302818000
1776302820.284,120.284,0.42,73.6,0.41,56.5,0.43,0.89,0.46,6.0,0.57,0.89,0.56,6.0,0.58,78.15,0.59,51.5,0.01,0.01,2350.84275,1776302819000
1776302820.548,120.548,0.45,28.0,0.44,25.5,0.46,10.73,0.47,30.5,0.54,2.41,0.53,10.0,0.58,117.6,0.59,103.04,0.01,0.04,2350.84275,1776302819000
1776302820.849,120.849,0.44,15.0,0.43,15.0,0.46,28.32,0.47,36.5,0.54,10.73,0.53,30.5,0.55,28.0,0.56,25.5,0.02,0.01,2350.84275,1776302819000
1776302821.121,121.121,0.44,12.85,0.43,25.5,0.45,5.0,0.46,23.32,0.54,28.32,0.53,36.5,0.56,15.0,0.57,15.0,0.01,0.02,2350.84275,1776302819000
1776302821.737,121.737,0.42,10.0,0.41,72.04,0.44,10.1,0.45,30.5,0.55,25.5,0.54,29.32,0.58,18.91,0.59,77.04,0.02,0.03,2350.8628,1776302820000
1776302822.301,122.301,0.43,12.49,0.42,16.0,0.44,20.1,0.45,25.5,0.56,10.1,0.55,30.5,0.58,10.0,0.59,72.04,0.01,0.02,2350.8628,1776302820000
1776302822.911,122.911,0.41,51.44,0.39,16.0,0.42,86.5,0.43,30.5,0.56,20.1,0.55,25.5,0.57,12.49,0.58,16.0,0.01,0.01,2351.075176,1776302821000
1776302823.265,123.265,0.41,49.05,0.39,16.0,0.42,91.5,0.43,30.5,0.58,86.5,0.57,30.5,0.59,51.44,0.61,16.0,0.01,0.01,2351.075176,1776302821000
1776302826.262,126.262,0.41,41.69,0.38,10.0,0.42,89.5,0.43,97.62,0.58,91.5,0.57,30.5,0.59,49.05,0.61,16.0,0.01,0.01,2350.85982,1776302825000
1776302827.222,127.222,0.41,45.38,0.39,10.0,0.42,94.5,0.43,60.54,0.58,89.5,0.57,97.62,0.59,41.69,0.62,10.0,0.01,0.01,2350.856164,1776302826000
1776302829.517,129.517,0.41,35.29,0.38,10.0,0.42,160.5,0.43,62.73,0.58,94.5,0.57,60.54,0.59,45.38,0.61,10.0,0.01,0.01,2350.947473,1776302827000
1776302829.891,129.891,0.41,30.2,0.38,10.0,0.42,160.5,0.43,36.5,0.58,160.5,0.57,62.73,0.59,35.29,0.62,10.0,0.01,0.01,2350.947473,1776302827000
1776302830.295,130.295,0.33,3.2,0.32,15.5,0.34,22.0,0.35,10.0,0.58,155.5,0.57,36.5,0.73,89.86,0.74,78.7,0.01,0.15,2350.891801,1776302829000
1776302830.965,130.965,0.33,3.2,0.32,15.5,0.34,23.72,0.35,10.0,0.66,25.96,0.65,10.0,0.67,13.7,0.68,15.5,0.01,0.01,2350.891801,1776302829000
1776302832.203,132.203,0.33,46.13,0.31,28.5,0.34,81.0,0.35,108.1,0.66,20.0,0.65,10.0,0.67,1.49,0.68,15.5,0.01,0.01,2350.891801,1776302829000
1776302836.605,136.605,0.39,83.71,0.38,23.0,0.41,14.0,0.42,45.0,0.66,81.0,0.65,108.1,0.67,46.13,0.69,28.5,0.02,0.01,2350.617618,1776302835000
1776302836.934,136.934,0.41,21.21,0.4,74.0,0.42,40.13,0.43,25.5,0.58,40.13,0.57,25.5,0.61,45.5,0.62,23.0,0.01,0.03,2350.617618,1776302835000
1776302837.265,137.265,0.41,36.21,0.4,20.0,0.42,31.55,0.43,25.5,0.58,40.13,0.57,25.5,0.59,21.21,0.6,74.0,0.01,0.01,2350.617918,1776302836000
1776302837.529,137.529,0.41,31.21,0.4,20.0,0.42,40.55,0.43,25.5,0.58,31.55,0.57,25.5,0.59,36.21,0.6,20.0,0.01,0.01,2350.617918,1776302836000
1776302837.919,137.919,0.41,43.21,0.4,20.0,0.42,5.0,0.43,25.5,0.58,30.55,0.57,25.5,0.59,31.21,0.6,20.0,0.01,0.01,2350.617918,1776302836000
1776302839.449,139.449,0.41,46.13,0.4,40.5,0.42,5.0,0.43,15.0,0.58,5.0,0.57,25.5,0.59,43.21,0.6,20.0,0.01,0.01,2350.929582,1776302837000
1776302844.669,144.669,0.44,53.21,0.43,50.0,0.45,19.0,0.46,81.5,0.58,5.0,0.57,15.0,0.59,46.13,0.6,40.5,0.01,0.01,2351.070242,1776302843000
1776302846.226,146.226,0.44,26.21,0.43,15.0,0.45,41.5,0.46,100.7,0.55,19.0,0.54,81.5,0.56,53.21,0.57,50.0,0.01,0.01,2351.070242,1776302844000
1776302847.448,147.448,0.43,10.0,0.42,10.0,0.45,47.5,0.46,75.5,0.55,41.5,0.54,100.7,0.56,26.21,0.57,15.0,0.02,0.01,2351.258995,1776302846000
1776302847.917,147.917,0.42,10.0,0.39,5.0,0.44,42.5,0.45,45.5,0.56,25.5,0.55,47.5,0.57,5.0,0.58,10.0,0.02,0.01,2351.258995,1776302846000
1776302850.56,150.56,0.42,30.0,0.41,20.5,0.44,6.0,0.45,19.0,0.56,42.5,0.55,45.5,0.58,10.0,0.61,5.0,0.02,0.02,2351.12475,1776302848000
1776302851.061,151.061,0.44,11.0,0.43,25.5,0.47,6.77,0.48,10.0,0.55,15.0,0.54,50.0,0.57,10.5,0.58,70.5,0.03,0.02,2351.12475,1776302848000
1776302851.46,151.46,0.48,40.5,0.47,10.9,0.54,15.0,0.55,15.1,0.49,38.23,0.48,11.0,0.54,5.0,0.55,11.11,0.06,0.05,2351.12475,1776302848000
1776302853.858,153.858,0.48,13.0,0.47,25.0,0.54,17.0,0.55,15.0,0.47,10.5,0.46,15.0,0.48,5.0,0.49,15.0,0.06,0.01,2351.349991,1776302852000
1776302854.625,154.625,0.46,62.5,0.45,23.0,0.47,1.74,0.48,16.0,0.46,17.0,0.45,15.0,0.52,13.0,0.53,25.0,0.01,0.06,2351.481037,1776302853000
1776302855.312,155.312,0.46,61.38,0.45,23.0,0.47,1.74,0.48,21.0,0.53,1.74,0.52,16.0,0.54,62.5,0.55,23.0,0.01,0.01,2351.51895,1776302854000
1776302856.889,156.889,0.45,14.8,0.43,15.0,0.46,20.0,0.47,22.74,0.53,1.74,0.52,21.0,0.54,61.38,0.55,23.0,0.01,0.01,2351.511512,1776302855000
1776302857.165,157.165,0.45,14.8,0.43,5.0,0.46,20.0,0.47,22.74,0.54,20.0,0.53,22.74,0.55,14.8,0.57,15.0,0.01,0.01,2351.511512,1776302855000
1776302857.609,157.609,0.45,9.0,0.43,54.89,0.46,9.13,0.47,17.74,0.54,20.0,0.53,22.74,0.55,14.8,0.57,5.0,0.01,0.01,2351.47015,1776302856000
1776302859.191,159.191,0.43,109.19,0.42,10.0,0.44,13.34,0.45,21.0,0.54,9.13,0.53,17.74,0.57,13.89,0.58,10.0,0.01,0.03,2351.473283,1776302857000
1776302861.271,161.271,0.43,27.2,0.42,20.5,0.44,2.9,0.45,21.0,0.56,18.34,0.55,21.0,0.57,114.19,0.58,10.0,0.01,0.01,2351.345863,1776302860000
1776302861.644,161.644,0.44,20.0,0.43,42.7,0.51,7.53,0.52,10.0,0.56,2.9,0.55,21.0,0.57,27.2,0.58,20.5,0.07,0.01,2351.345863,1776302860000
1776302861.98,161.98,0.47,10.0,0.46,10.0,0.48,5.0,0.49,20.5,0.49,7.53,0.48,10.0,0.56,20.0,0.57,42.7,0.01,0.07,2351.345863,1776302861000
1776302862.806,162.806,0.47,17.2,0.46,10.0,0.49,20.5,0.5,20.5,0.52,5.0,0.51,20.5,0.53,10.0,0.54,10.0,0.02,0.01,2351.345863,1776302861000
1776302863.729,163.729,0.48,10.0,0.47,10.0,0.49,11.8,0.5,20.5,0.51,20.5,0.5,20.5,0.53,17.2,0.54,10.0,0.01,0.02,2351.347701,1776302862000
1776302865.852,165.852,0.48,10.0,0.47,20.5,0.51,32.91,0.52,10.0,0.51,11.8,0.5,20.5,0.52,10.0,0.53,10.0,0.03,0.01,2351.326844,1776302864000
1776302869.168,169.168,0.36,40.6,0.35,25.8,0.47,10.0,0.48,136.5,0.49,32.91,0.48,10.0,0.52,10.0,0.53,20.5,0.11,0.03,2351.363931,1776302867000
1776302870.135,170.135,0.36,19.71,0.35,41.3,0.37,11.0,0.38,12.0,0.53,10.0,0.52,136.5,0.64,40.6,0.65,25.8,0.01,0.11,2351.364106,1776302869000
1776302870.395,170.395,0.39,10.0,0.38,10.0,0.41,10.0,0.42,15.0,0.63,11.0,0.62,12.0,0.64,19.71,0.65,41.3,0.02,0.01,2351.364106,1776302869000
1776302871.611,171.611,0.44,15.0,0.43,15.0,0.46,12.23,0.47,42.0,0.59,10.0,0.58,15.0,0.61,10.0,0.62,10.0,0.02,0.02,2351.114652,1776302870000
1776302873.015,173.015,0.44,5.0,0.43,15.0,0.45,48.6,0.46,22.73,0.54,12.23,0.53,42.0,0.56,15.0,0.57,15.0,0.01,0.02,2350.998,1776302871000
1776302875.125,175.125,0.44,5.0,0.43,15.0,0.48,5.0,0.51,17.81,0.55,48.6,0.54,22.73,0.56,5.0,0.57,15.0,0.04,0.01,2351.084317,1776302874000
1776302875.904,175.904,0.49,10.0,0.48,17.0,0.55,1.71,0.56,24.6,0.49,17.81,0.48,54.4,0.53,10.0,0.54,10.0,0.06,0.04,2351.084317,1776302874000
1776302876.448,176.448,0.53,15.0,0.52,10.0,0.54,11.05,0.55,69.61,0.44,24.6,0.43,24.7,0.5,10.0,0.51,15.0,0.01,0.06,2351.0956,1776302875000
1776302877.349,177.349,0.54,12.82,0.53,15.0,0.55,99.75,0.56,10.0,0.46,11.05,0.45,69.61,0.47,15.0,0.48,10.0,0.01,0.01,2351.0956,1776302875000
1776302879.666,179.666,0.54,5.0,0.53,5.0,0.55,42.46,0.56,55.73,0.45,99.75,0.44,10.0,0.46,12.82,0.47,15.0,0.01,0.01,2351.423311,1776302877000
1776302881.047,181.047,0.54,1.5,0.53,15.0,0.55,37.46,0.56,66.23,0.45,42.46,0.44,55.73,0.46,5.0,0.47,5.0,0.01,0.01,2351.448969,1776302879000
1776302881.74,181.74,0.54,20.5,0.53,6.5,0.55,8.55,0.56,10.0,0.45,37.46,0.44,66.23,0.47,6.5,0.48,25.5,0.01,0.02,2351.447811,1776302880000
1776302882.943,182.943,0.48,10.0,0.46,10.0,0.53,84.0,0.54,15.0,0.45,8.55,0.44,10.0,0.46,10.36,0.47,6.5,0.05,0.01,2351.438267,1776302881000
1776302883.684,183.684,0.49,10.0,0.48,10.0,0.6,20.0,0.61,65.0,0.47,84.0,0.46,15.0,0.52,10.0,0.54,10.0,0.11,0.05,2351.492379,1776302882000
1776302884.17,184.17,0.53,8.61,0.52,15.0,0.57,10.0,0.58,10.0,0.47,5.0,0.44,11.36,0.49,5.0,0.51,57.0,0.04,0.02,2351.492379,1776302883000
1776302885.662,185.662,0.55,10.0,0.54,15.0,0.56,10.0,0.57,15.0,0.43,10.0,0.42,10.0,0.47,8.61,0.48,15.0,0.01,0.04,2351.44098,1776302884000
1776302886.671,186.671,0.59,33.71,0.58,68.5,0.6,10.0,0.65,25.8,0.44,10.0,0.43,15.0,0.45,5.0,0.46,15.0,0.01,0.01,2351.5677,1776302885000
1776302887.238,187.238,0.63,39.5,0.62,15.0,0.64,10.0,0.65,10.0,0.35,25.8,0.34,15.0,0.41,59.71,0.42,68.5,0.01,0.06,2351.5677,1776302886000
1776302889.467,189.467,0.63,46.5,0.62,20.0,0.66,5.0,0.67,10.0,0.36,10.0,0.35,10.0,0.37,39.5,0.38,15.0,0.03,0.01,2351.839979,1776302888000
1776302889.902,189.902,0.63,79.5,0.62,30.0,0.64,1.73,0.66,25.5,0.34,5.0,0.33,10.0,0.37,46.5,0.38,20.0,0.01,0.03,2351.839979,1776302888000
1776302890.831,190.831,0.65,10.0,0.64,20.5,0.66,5.0,0.67,20.5,0.36,1.73,0.34,25.5,0.37,79.5,0.38,30.0,0.01,0.01,2351.873903,1776302889000
1776302891.559,191.559,0.65,15.0,0.64,25.5,0.66,8.15,0.67,20.5,0.34,5.0,0.33,20.5,0.35,10.0,0.36,20.5,0.01,0.01,2352.019781,1776302890000
1776302893.249,193.249,0.65,46.0,0.64,25.5,0.66,3.04,0.67,10.5,0.34,8.15,0.33,20.5,0.35,15.0,0.36,25.5,0.01,0.01,2351.9971,1776302892000
1776302894.587,194.587,0.66,87.5,0.65,49.5,0.7,2.86,0.71,15.0,0.34,3.04,0.33,10.5,0.35,46.0,0.36,25.5,0.04,0.01,2352.0246,1776302893000
1776302895.435,195.435,0.7,5.0,0.69,15.0,0.71,36.0,0.72,25.5,0.3,2.86,0.29,15.0,0.34,87.5,0.35,49.5,0.01,0.04,2352.01725,1776302894000
1776302896.179,196.179,0.69,10.16,0.68,10.0,0.7,15.0,0.71,20.5,0.29,20.5,0.28,25.5,0.31,15.0,0.32,10.0,0.01,0.02,2352.0202,1776302895000
1776302896.65,196.65,0.69,24.43,0.68,10.0,0.72,5.0,0.73,10.5,0.3,15.0,0.29,20.5,0.31,6.93,0.32,10.0,0.03,0.01,2352.0202,1776302895000
1776302897.293,197.293,0.63,20.48,0.62,17.0,0.72,5.0,0.73,15.5,0.28,5.0,0.27,10.5,0.31,24.43,0.32,10.0,0.09,0.03,2352.079575,1776302896000
1776302897.52,197.52,0.71,5.0,0.63,60.48,0.72,3.61,0.73,15.5,0.28,5.0,0.27,15.5,0.37,20.48,0.38,17.0,0.01,0.09,2352.079575,1776302896000
1776302900.952,200.952,0.72,49.0,0.71,10.0,0.73,25.5,0.74,21.0,0.28,3.61,0.27,15.5,0.29,5.0,0.37,60.48,0.01,0.01,2352.18755,1776302899000
1776302901.313,201.313,0.72,25.0,0.71,10.0,0.73,25.5,0.74,21.0,0.27,25.5,0.26,21.0,0.28,49.0,0.29,10.0,0.01,0.01,2352.18755,1776302899000
1776302904.218,204.218,0.77,50.0,0.76,37.0,0.82,17.0,0.83,10.0,0.27,25.5,0.26,21.0,0.28,25.0,0.29,10.0,0.05,0.01,2352.22993,1776302902000
1776302904.691,204.691,0.8,42.0,0.79,15.0,0.81,20.5,0.82,27.5,0.18,17.0,0.17,10.0,0.23,43.52,0.24,37.0,0.01,0.05,2352.232895,1776302903000
1776302904.943,204.943,0.8,47.0,0.79,15.0,0.81,18.39,0.82,27.5,0.19,24.26,0.18,27.5,0.2,47.0,0.21,15.0,0.01,0.01,2352.232895,1776302903000
1776302905.275,205.275,0.8,44.5,0.79,15.0,0.81,10.0,0.82,27.5,0.19,18.39,0.18,27.5,0.2,42.0,0.21,15.0,0.01,0.01,2352.232895,1776302903000
1776302905.703,205.703,0.8,52.0,0.79,15.0,0.82,30.31,0.83,10.0,0.19,10.0,0.18,27.5,0.2,44.5,0.21,15.0,0.02,0.01,2352.236225,1776302904000
1776302907.799,207.799,0.81,45.0,0.8,20.0,0.83,51.31,0.84,40.0,0.18,30.31,0.17,10.0,0.2,52.0,0.21,15.0,0.02,0.02,2352.566195,1776302906000
1776302908.154,208.154,0.82,40.0,0.81,20.0,0.83,23.13,0.84,40.0,0.17,51.31,0.16,40.0,0.19,45.0,0.2,20.0,0.01,0.02,2352.566195,1776302906000
1776302908.574,208.574,0.82,30.0,0.81,10.0,0.83,10.78,0.84,40.0,0.17,11.99,0.16,40.0,0.18,40.0,0.19,20.0,0.01,0.01,2352.60974,1776302907000
1776302909.106,209.106,0.82,35.0,0.81,10.0,0.83,13.72,0.84,40.0,0.17,10.78,0.16,40.0,0.18,30.0,0.19,10.0,0.01,0.01,2352.60974,1776302907000
1776302912.472,212.472,0.8,5.0,0.77,5.0,0.83,52.51,0.84,16.0,0.17,7.51,0.16,40.0,0.18,35.0,0.19,10.0,0.03,0.01,2352.55245,1776302911000
1776302912.703,212.703,0.7,5.0,0.63,30.0,0.71,35.0,0.76,111.58,0.19,50.0,0.17,74.51,0.27,9.9,0.3,1.19,0.01,0.08,2352.55245,1776302911000
1776302912.966,212.966,0.63,30.0,0.56,21.6,0.66,40.0,0.71,35.0,0.29,35.0,0.24,111.58,0.3,5.0,0.37,30.0,0.03,0.01,2352.55245,1776302911000
1776302913.983,213.983,0.62,10.5,0.61,10.5,0.63,5.82,0.64,19.0,0.34,40.0,0.29,35.0,0.37,30.0,0.44,21.6,0.01,0.03,2352.5327,1776302912000
1776302914.196,214.196,0.62,10.5,0.61,10.5,0.63,9.01,0.64,19.0,0.37,5.82,0.36,19.0,0.38,10.5,0.39,10.5,0.01,0.01,2352.220042,1776302913000
1776302914.451,214.451,0.62,3.48,0.61,10.5,0.63,10.0,0.64,18.25,0.36,18.25,0.35,29.5,0.38,15.5,0.39,10.5,0.01,0.02,2352.220042,1776302913000
1776302915.229,215.229,0.56,64.6,0.55,13.0,0.57,4.73,0.58,10.0,0.37,10.0,0.36,18.25,0.38,3.48,0.39,10.5,0.01,0.01,2352.220042,1776302913000
1776302915.838,215.838,0.51,48.79,0.5,10.0,0.57,34.73,0.58,10.0,0.43,4.73,0.42,10.0,0.44,64.6,0.45,13.0,0.06,0.01,2351.915624,1776302914000
1776302916.075,216.075,0.5,5.0,0.47,10.0,0.55,9.0,0.56,10.0,0.48,10.0,0.47,10.0,0.49,14.88,0.5,5.0,0.05,0.01,2351.915624,1776302914000
1776302916.564,216.564,0.47,17.26,0.46,60.0,0.49,5.0,0.5,10.0,0.47,10.0,0.45,9.0,0.53,7.26,0.54,50.0,0.02,0.06,2351.794652,1776302915000
1776302916.984,216.984,0.48,10.0,0.47,12.26,0.5,10.0,0.51,4.6,0.49,4.6,0.48,10.0,0.53,12.26,0.54,60.0,0.02,0.04,2351.794652,1776302915000
1776302917.322,217.322,0.49,10.0,0.48,15.0,0.51,6.01,0.52,10.0,0.49,2.98,0.48,10.0,0.51,10.0,0.52,15.0,0.02,0.02,2351.780703,1776302916000
1776302917.679,217.679,0.49,5.0,0.48,15.0,0.51,10.01,0.52,19.0,0.49,6.01,0.48,10.0,0.51,10.0,0.52,15.0,0.02,0.02,2351.780703,1776302916000
1776302920.189,220.189,0.5,34.13,0.49,25.5,0.51,11.01,0.52,10.0,0.49,10.01,0.48,19.0,0.51,5.0,0.52,15.0,0.01,0.02,2351.562354,1776302919000
1776302920.701,220.701,0.49,3.63,0.48,15.0,0.51,19.01,0.52,10.0,0.49,11.01,0.48,10.0,0.5,34.13,0.51,25.5,0.02,0.01,2351.562354,1776302919000
1776302923.015,223.015,0.51,34.54,0.5,11.0,0.54,20.0,0.55,20.0,0.49,19.01,0.48,10.0,0.51,3.63,0.52,15.0,0.03,0.02,2351.546099,1776302922000
1776302923.262,223.262,0.51,34.54,0.46,64.0,0.54,10.0,0.55,10.0,0.46,10.0,0.45,20.0,0.49,34.54,0.5,11.0,0.03,0.03,2351.546099,1776302922000
1776302923.822,223.822,0.51,39.54,0.5,10.0,0.53,4.81,0.54,10.0,0.46,10.0,0.45,10.0,0.49,34.54,0.54,64.0,0.02,0.03,2351.546099,1776302922000
1776302924.13,224.13,0.51,39.54,0.5,10.0,0.52,8.07,0.53,15.0,0.47,4.81,0.46,10.0,0.49,39.54,0.5,10.0,0.01,0.02,2351.595613,1776302923000
1776302924.571,224.571,0.51,54.54,0.5,15.0,0.53,14.81,0.54,20.5,0.48,8.07,0.47,15.0,0.49,39.54,0.5,10.0,0.02,0.01,2351.595613,1776302923000
1776302925.124,225.124,0.51,54.54,0.5,10.0,0.53,17.81,0.54,28.5,0.47,14.81,0.46,20.5,0.49,59.54,0.5,15.0,0.02,0.02,2351.595613,1776302923000
1776302927.466,227.466,0.41,90.5,0.4,19.0,0.43,1.81,0.46,17.0,0.47,7.81,0.46,28.5,0.49,54.54,0.5,10.0,0.02,0.02,2351.587465,1776302926000
1776302930.654,230.654,0.41,43.6,0.4,9.0,0.47,5.0,0.48,20.5,0.57,1.81,0.54,17.0,0.58,14.24,0.59,80.5,0.06,0.01,2351.490589,1776302929000
1776302933.17,233.17,0.35,15.8,0.33,32.6,0.42,53.0,0.43,15.0,0.58,10.0,0.53,5.0,0.59,33.6,0.6,9.0,0.07,0.01,2351.414355,1776302931000
1776302933.532,233.532,0.33,32.6,0.32,44.5,0.34,7.05,0.38,5.0,0.58,53.0,0.57,15.0,0.65,15.8,0.67,32.6,0.01,0.07,2351.356261,1776302932000
1776302941.109,241.109,0.28,60.7,0.27,15.0,0.35,10.0,0.36,10.0,0.66,7.05,0.62,5.0,0.72,17.89,0.73,11.0,0.07,0.06,2350.927167,1776302940000
1776302941.496,241.496,0.33,15.7,0.32,10.0,0.34,4.11,0.35,10.0,0.65,10.0,0.64,10.0,0.72,60.7,0.73,15.0,0.01,0.07,2350.927167,1776302940000
1776302941.747,241.747,0.33,5.7,0.31,10.0,0.35,9.11,0.36,10.0,0.66,4.11,0.65,10.0,0.67,15.7,0.68,10.0,0.02,0.01,2350.927167,1776302940000
1776302942.053,242.053,0.3,15.0,0.29,10.0,0.31,4.3,0.32,10.0,0.65,9.11,0.64,10.0,0.67,5.7,0.69,10.0,0.01,0.02,2350.955156,1776302941000
1776302942.271,242.271,0.29,41.0,0.28,5.0,0.31,4.3,0.32,10.0,0.69,4.3,0.68,10.0,0.7,15.0,0.71,10.0,0.02,0.01,2350.955156,1776302941000
1776302943.214,243.214,0.29,41.0,0.28,10.0,0.3,6.96,0.31,4.3,0.69,4.3,0.68,10.0,0.71,41.0,0.72,5.0,0.01,0.02,2351.071658,1776302942000
1776302943.745,243.745,0.3,15.0,0.29,20.0,0.32,10.0,0.33,10.0,0.7,7.89,0.69,4.3,0.71,46.0,0.72,10.0,0.02,0.01,2351.071658,1776302942000
1776302944.057,244.057,0.31,20.0,0.3,10.0,0.32,1.28,0.33,10.0,0.68,10.0,0.67,10.0,0.7,15.0,0.71,20.0,0.01,0.02,2351.071658,1776302942000
1776302944.269,244.269,0.31,0.5,0.3,10.0,0.32,1.28,0.33,10.0,0.68,1.28,0.67,10.0,0.69,20.0,0.7,10.0,0.01,0.01,2351.032625,1776302943000
1776302944.962,244.962,0.31,5.5,0.3,10.0,0.33,7.29,0.34,10.0,0.68,1.28,0.67,10.0,0.69,0.5,0.7,10.0,0.02,0.01,2351.032625,1776302943000
1776302945.343,245.343,0.3,10.0,0.29,30.0,0.32,6.96,0.33,7.29,0.68,10.0,0.67,7.29,0.69,1.15,0.7,10.0,0.02,0.01,2351.046396,1776302944000
1776302945.609,245.609,0.3,15.0,0.29,20.0,0.33,5.97,0.34,10.0,0.68,6.96,0.67,7.29,0.7,10.0,0.71,30.0,0.03,0.02,2351.046396,1776302944000
1776302949.343,249.343,0.29,10.0,0.28,25.0,0.32,10.0,0.33,5.97,0.67,5.97,0.66,10.0,0.7,15.0,0.71,20.0,0.03,0.03,2351.037123,1776302948000
1776302951.229,251.229,0.29,3.3,0.28,15.0,0.31,15.0,0.32,10.0,0.68,10.0,0.67,5.97,0.71,10.0,0.72,25.0,0.02,0.03,2351.088802,1776302950000
1776302952.064,252.064,0.28,9.36,0.27,24.0,0.3,10.0,0.31,4.03,0.69,9.03,0.68,10.0,0.71,3.3,0.72,15.0,0.02,0.02,2351.066546,1776302951000
1776302953.742,253.742,0.38,15.0,0.37,10.0,0.4,167.99,0.41,79.0,0.7,10.0,0.69,4.03,0.72,9.36,0.73,24.0,0.02,0.02,2351.068999,1776302952000
1776302954.076,254.076,0.39,10.0,0.37,10.0,0.41,2.65,0.42,10.0,0.6,167.99,0.59,79.0,0.62,15.0,0.63,10.0,0.02,0.02,2351.068999,1776302952000
1776302955.698,255.698,0.42,3.81,0.41,10.0,0.43,10.0,0.44,10.0,0.59,2.65,0.58,10.0,0.61,10.0,0.63,10.0,0.01,0.02,2351.126561,1776302954000
1776302958.452,258.452,0.42,3.81,0.4,10.0,0.43,12.0,0.44,10.0,0.57,10.0,0.56,10.0,0.58,3.81,0.59,10.0,0.01,0.01,2351.221535,1776302956000
1776302958.736,258.736,0.45,20.0,0.44,15.0,0.46,44.03,0.5,30.0,0.54,49.08,0.5,30.0,0.55,15.0,0.56,15.0,0.01,0.01,2351.221535,1776302956000
1776302959.638,259.638,0.44,6.04,0.43,15.0,0.46,184.95,0.47,13.0,0.54,184.95,0.53,13.0,0.55,0.34,0.56,15.0,0.02,0.01,2351.191133,1776302958000
1776302960.483,260.483,0.45,8.18,0.44,6.04,0.46,200.95,0.47,13.0,0.54,184.95,0.53,13.0,0.56,6.04,0.57,15.0,0.01,0.02,2351.231803,1776302959000
1776302963.506,263.506,0.37,10.0,0.36,15.0,0.44,22.0,0.45,21.94,0.54,200.95,0.53,13.0,0.55,8.18,0.56,6.04,0.07,0.01,2351.294791,1776302961000
1776302964.779,264.779,0.4,13.33,0.39,10.0,0.41,10.97,0.42,10.0,0.59,10.97,0.58,15.0,0.61,10.0,0.63,10.0,0.01,0.02,2351.290045,1776302963000
1776302966.077,266.077,0.4,13.33,0.39,15.0,0.41,5.97,0.42,10.0,0.59,10.97,0.58,10.0,0.6,13.33,0.61,10.0,0.01,0.01,2351.284317,1776302964000
1776302966.484,266.484,0.39,15.0,0.38,10.0,0.41,9.57,0.42,10.0,0.59,5.97,0.58,10.0,0.6,13.33,0.61,15.0,0.02,0.01,2351.284317,1776302964000
1776302968.414,268.414,0.39,6.8,0.38,10.0,0.4,5.0,0.41,15.0,0.59,9.57,0.58,10.0,0.61,15.0,0.62,10.0,0.01,0.02,2351.25351,1776302967000
1776302968.919,268.919,0.39,1.8,0.38,10.0,0.44,146.86,0.45,14.0,0.6,5.0,0.59,15.0,0.61,6.8,0.62,10.0,0.05,0.01,2351.25351,1776302967000
1776302970.46,270.46,0.55,20.0,0.54,10.0,0.56,31.48,0.6,35.0,0.56,146.86,0.55,14.0,0.61,1.8,0.62,10.0,0.01,0.05,2351.264867,1776302968000
1776302970.661,270.661,0.59,30.0,0.58,25.0,0.67,30.0,0.71,40.0,0.44,26.17,0.4,35.0,0.45,20.0,0.46,10.0,0.08,0.01,2351.264982,1776302969000
1776302971.009,271.009,0.66,17.05,0.65,10.0,0.67,30.0,0.71,40.0,0.33,30.0,0.29,40.0,0.41,30.0,0.42,25.0,0.01,0.08,2351.264982,1776302969000
1776302971.371,271.371,0.7,20.0,0.69,10.0,0.71,31.01,0.72,5.0,0.29,40.0,0.28,5.0,0.34,12.05,0.35,10.0,0.01,0.05,2351.323968,1776302970000
1776302971.653,271.653,0.68,10.0,0.67,10.0,0.71,36.01,0.72,5.0,0.29,31.01,0.28,5.0,0.3,20.0,0.31,10.0,0.03,0.01,2351.323968,1776302970000
1776302972.15,272.15,0.7,15.0,0.69,10.0,0.71,24.35,0.73,5.0,0.29,36.01,0.28,5.0,0.32,10.0,0.33,10.0,0.01,0.03,2351.407338,1776302971000
1776302972.5,272.5,0.7,5.0,0.69,10.0,0.71,74.35,0.73,5.0,0.29,24.35,0.27,5.0,0.3,15.0,0.31,10.0,0.01,0.01,2351.407338,1776302971000
1776302973.562,273.562,0.69,10.0,0.68,10.0,0.71,74.35,0.73,5.0,0.29,74.35,0.27,5.0,0.3,5.0,0.31,10.0,0.02,0.01,2351.60885,1776302972000
1776302974.201,274.201,0.68,10.0,0.67,10.0,0.71,79.35,0.73,15.0,0.29,74.35,0.27,5.0,0.31,10.0,0.32,10.0,0.03,0.02,2351.60885,1776302972000
1776302975.123,275.123,0.7,15.0,0.69,10.0,0.71,67.65,0.72,5.0,0.29,79.35,0.27,15.0,0.32,10.0,0.33,10.0,0.01,0.03,2351.645251,1776302974000
1776302975.914,275.914,0.7,0.03,0.69,10.0,0.71,62.65,0.72,5.0,0.29,67.65,0.28,5.0,0.3,15.0,0.31,10.0,0.01,0.01,2351.645251,1776302974000
1776302976.279,276.279,0.7,18.03,0.69,15.0,0.71,6.65,0.81,50.0,0.29,62.65,0.28,5.0,0.3,0.03,0.31,10.0,0.01,0.01,2351.644975,1776302975000
1776302976.577,276.577,0.79,5.0,0.77,7.0,0.81,9.18,0.82,15.0,0.19,50.0,0.18,5.0,0.3,23.03,0.31,15.0,0.02,0.11,2351.644975,1776302975000
1776302976.854,276.854,0.77,7.0,0.75,17.0,0.78,13.71,0.79,6.8,0.21,6.8,0.2,10.0,0.23,7.0,0.25,17.0,0.01,0.02,2351.644975,1776302975000
1776302977.243,277.243,0.81,15.0,0.8,10.0,0.83,21.0,0.84,15.0,0.22,13.71,0.21,6.8,0.23,7.0,0.25,17.0,0.02,0.01,2351.644975,1776302975000
1776302977.457,277.457,0.82,5.0,0.81,15.0,0.83,11.0,0.84,5.0,0.17,21.0,0.16,15.0,0.19,15.0,0.2,10.0,0.01,0.02,2351.66065,1776302976000
1776302977.725,277.725,0.84,20.0,0.83,15.0,0.86,81.88,0.87,10.0,0.17,11.0,0.16,5.0,0.18,5.0,0.19,15.0,0.02,0.01,2351.66065,1776302976000
1776302977.941,277.941,0.84,10.0,0.83,15.0,0.85,7.88,0.86,81.88,0.14,81.88,0.13,10.0,0.16,20.0,0.17,15.0,0.01,0.02,2351.66065,1776302976000
1776302978.663,278.663,0.84,5.0,0.83,5.0,0.86,69.52,0.87,15.0,0.15,6.32,0.14,81.88,0.16,5.0,0.17,15.0,0.02,0.01,2351.67119,1776302977000
1776302979.858,279.858,0.85,25.8,0.84,15.0,0.86,4.83,0.89,26.0,0.14,69.52,0.13,15.0,0.16,5.0,0.17,5.0,0.01,0.02,2351.765017,1776302978000
1776302980.062,280.062,0.85,25.8,0.84,15.0,0.89,26.0,0.9,15.0,0.14,0.44,0.11,26.0,0.15,25.8,0.16,15.0,0.04,0.01,2351.765017,1776302978000
1776302980.307,280.307,0.88,20.0,0.87,15.0,0.89,15.45,0.9,10.0,0.11,26.0,0.1,15.0,0.15,25.8,0.16,15.0,0.01,0.04,2351.828474,1776302979000
1776302980.646,280.646,0.88,10.0,0.87,8.84,0.89,8.87,0.9,25.28,0.1,0.28,0.09,60.0,0.13,8.84,0.14,16.0,0.01,0.03,2351.828474,1776302979000
1776302981.242,281.242,0.88,15.0,0.87,8.84,0.9,25.16,0.91,60.0,0.11,8.87,0.1,25.28,0.12,10.0,0.13,8.84,0.02,0.01,2351.881416,1776302980000
1776302981.794,281.794,0.85,5.8,0.77,10.0,0.87,31.0,0.88,35.0,0.1,25.16,0.09,60.0,0.12,5.0,0.13,8.84,0.02,0.02,2351.881416,1776302980000
1776302982.278,282.278,0.76,4.16,0.75,10.0,0.79,10.0,0.8,10.0,0.21,20.0,0.2,10.0,0.22,5.0,0.23,10.0,0.03,0.01,2351.91149,1776302981000
1776302982.484,282.484,0.78,10.0,0.77,10.0,0.79,10.0,0.81,50.0,0.21,10.0,0.2,10.0,0.24,4.16,0.25,10.0,0.01,0.03,2351.91149,1776302981000
1776302982.777,282.777,0.79,15.0,0.78,20.0,0.8,3.75,0.81,10.0,0.19,50.0,0.18,8.0,0.22,15.0,0.23,10.0,0.01,0.03,2351.91149,1776302981000
1776302984.848,284.848,0.83,10.0,0.82,10.0,0.86,69.41,0.87,26.0,0.17,3.0,0.16,10.0,0.2,18.75,0.21,10.0,0.03,0.03,2351.783738,1776302983000
1776302985.802,285.802,0.84,2.65,0.83,10.0,0.86,69.41,0.87,21.0,0.14,69.41,0.13,26.0,0.17,10.0,0.18,10.0,0.02,0.03,2351.815573,1776302984000
1776302986.874,286.874,0.84,10.0,0.83,7.21,0.86,18.24,0.87,21.0,0.15,5.0,0.14,69.41,0.17,7.21,0.18,10.0,0.02,0.02,2351.818161,1776302985000
1776302987.854,287.854,0.83,5.44,0.82,10.0,0.86,18.24,0.87,21.0,0.14,18.24,0.13,21.0,0.16,10.0,0.17,7.21,0.03,0.02,2351.831279,1776302986000
1776302988.461,288.461,0.84,10.0,0.83,5.44,0.85,13.82,0.86,18.24,0.14,18.24,0.13,21.0,0.17,5.44,0.18,10.0,0.01,0.03,2351.808479,1776302987000
1776302988.944,288.944,0.75,6.0,0.73,10.0,0.81,25.0,0.82,10.0,0.15,13.82,0.14,18.24,0.16,10.0,0.17,5.44,0.06,0.01,2351.808479,1776302987000
1776302989.17,289.17,0.76,6.0,0.74,10.0,0.77,2.2,0.78,10.0,0.19,25.0,0.18,10.0,0.27,10.0,0.28,10.0,0.01,0.08,2351.804667,1776302988000
1776302989.701,289.701,0.74,4.84,0.73,10.0,0.76,10.0,0.77,10.0,0.23,10.0,0.22,10.0,0.27,10.0,0.28,10.0,0.02,0.04,2351.804667,1776302988000
1776302990.14,290.14,0.74,8.84,0.73,10.0,0.77,8.18,0.78,10.0,0.24,15.0,0.23,10.0,0.26,2.84,0.27,10.0,0.03,0.02,2351.783695,1776302989000
1776302990.453,290.453,0.76,5.0,0.75,10.0,0.77,8.18,0.78,10.0,0.23,8.18,0.22,10.0,0.26,8.84,0.27,10.0,0.01,0.03,2351.783695,1776302989000
1776302990.851,290.851,0.78,10.0,0.77,10.0,0.79,0.67,0.8,5.0,0.23,3.18,0.22,10.0,0.24,5.0,0.25,10.0,0.01,0.01,2351.783695,1776302989000
1776302991.445,291.445,0.79,10.0,0.78,10.0,0.84,10.0,0.85,10.0,0.2,5.0,0.19,10.0,0.23,10.0,0.24,5.0,0.05,0.03,2351.732126,1776302990000
1776302992.062,292.062,0.85,15.0,0.84,10.0,0.86,33.0,0.9,44.0,0.16,10.0,0.15,10.0,0.21,10.0,0.22,10.0,0.01,0.05,2351.732126,1776302990000
1776302992.996,292.996,0.9,5.0,0.89,10.0,0.91,107.0,0.92,10.41,0.14,33.0,0.1,44.0,0.15,15.0,0.16,10.0,0.01,0.01,2351.710705,1776302991000
1776302993.504,293.504,0.9,5.0,0.89,10.0,0.91,45.6,0.92,45.41,0.09,107.0,0.08,10.41,0.1,5.0,0.11,10.0,0.01,0.01,2351.703393,1776302992000
1776302993.9,293.9,0.9,5.0,0.89,10.0,0.92,1.19,0.93,77.0,0.09,44.5,0.08,45.41,0.1,5.0,0.11,10.0,0.02,0.01,2351.703393,1776302992000
1776302994.581,294.581,0.91,75.0,0.9,5.0,0.95,55.0,0.96,25.0,0.08,1.19,0.07,77.0,0.1,5.0,0.11,10.0,0.04,0.02,2351.78787,1776302993000
1776302994.868,294.868,0.96,25.0,0.95,10.0,0.97,79.88,0.98,235.0,0.03,91.0,0.02,235.0,0.04,10.0,0.06,10.0,0.01,0.01,2351.78787,1776302993000
1776302995.116,295.116,0.96,25.0,0.95,10.0,0.97,66.98,0.98,135.0,0.03,68.02,0.02,235.0,0.04,20.0,0.05,10.0,0.01,0.01,2351.78787,1776302993000
1776302995.321,295.321,0.96,24.25,0.95,10.0,0.97,61.83,0.98,135.0,0.03,61.83,0.02,135.0,0.04,25.0,0.05,10.0,0.01,0.01,2351.808819,1776302994000
1776302995.63,295.63,0.96,13.25,0.95,10.0,0.97,60.79,0.98,135.0,0.03,61.83,0.02,135.0,0.04,18.25,0.05,10.0,0.01,0.01,2351.808819,1776302994000
1776302996.219,296.219,0.96,63.25,0.95,31.0,0.97,51.51,0.98,135.0,0.03,60.79,0.02,135.0,0.04,13.25,0.05,10.0,0.01,0.01,2351.859942,1776302995000
1776302996.432,296.432,0.96,63.25,0.95,31.0,0.97,48.31,0.98,135.0,0.03,50.38,0.02,135.0,0.04,63.25,0.05,31.0,0.01,0.01,2351.859942,1776302995000
1776302997.052,297.052,0.97,55.0,0.96,63.25,0.98,105.21,0.99,1306.84,0.02,122.27,0.01,1206.84,0.04,68.25,0.05,31.0,0.01,0.02,2351.859942,1776302995000
1776302997.321,297.321,0.97,20.0,0.96,63.25,0.98,73.16,0.99,1306.84,0.02,103.16,0.01,1306.84,0.03,25.0,0.04,63.25,0.01,0.01,2351.933275,1776302996000
1776302997.521,297.521,0.98,5.16,0.97,20.0,0.99,650.58,,,0.01,667.07,,,0.02,5.16,0.03,20.0,0.01,0.01,2351.933275,1776302996000
1776302997.737,297.737,0.98,5.16,0.97,20.0,0.99,569.97,,,0.01,571.97,,,0.02,5.16,0.03,20.0,0.01,0.01,2351.933275,1776302996000
1776302997.938,297.938,0.98,5.16,0.97,20.0,0.99,526.77,,,0.01,531.82,,,0.02,5.16,0.03,20.0,0.01,0.01,2351.933275,1776302996000
1776302998.199,298.199,0.98,5.16,0.97,20.0,0.99,393.8,,,0.01,400.67,,,0.02,5.16,0.03,20.0,0.01,0.01,2351.933275,1776302996000
1776302998.419,298.419,0.98,5.16,0.97,20.0,0.99,377.54,,,0.01,378.65,,,0.02,5.16,0.03,20.0,0.01,0.01,2351.93666,1776302997000
1776302998.93,298.93,0.99,287.48,0.97,10.0,,,,,,,,,0.01,24.49,0.02,5.16,,,2351.9562,1776302998000
1776302999.145,299.145,0.99,2338.73,0.98,16.0,,,,,,,,,0.01,287.48,0.03,10.0,,,2351.9562,1776302998000
1776302999.415,299.415,0.89,31.0,0.65,14.0,0.98,85.81,0.99,317.27,0.02,90.81,0.01,317.27,0.36,5.54,0.39,6.0,0.09,0.34,2351.9562,1776302998000
1776302999.668,299.668,0.89,13.0,0.85,5.0,0.99,148.74,,,0.01,155.61,,,0.11,13.0,0.15,5.0,0.1,0.1,2351.9562,1776302998000
1776302999.914,299.914,0.99,5933.08,0.92,3.46,,,,,0.01,66.92,,,0.08,3.46,0.11,13.0,,0.07,2351.96315,1776302999000
1776303000.214,300.214,0.99,23357.57,0.92,3.46,,,,,,,,,0.01,5933.08,0.08,3.46,,,2351.96315,1776302999000
1776303000.964,300.964,0.99,197922.44,0.92,10.72,,,,,,,,,0.01,23357.57,0.08,3.46,,,2351.899714,1776303000000

# RESULT,winner=Up,slug=eth-updown-5m-1776302700,ticks=319
