timestamp,elapsed_sec,up_bid_p1,up_bid_s1,up_bid_p2,up_bid_s2,up_bid_p3,up_bid_s3,up_bid_p4,up_bid_s4,up_bid_p5,up_bid_s5,up_ask_p1,up_ask_s1,up_ask_p2,up_ask_s2,up_ask_p3,up_ask_s3,up_ask_p4,up_ask_s4,up_ask_p5,up_ask_s5,down_bid_p1,down_bid_s1,down_bid_p2,down_bid_s2,down_bid_p3,down_bid_s3,down_bid_p4,down_bid_s4,down_bid_p5,down_bid_s5,down_ask_p1,down_ask_s1,down_ask_p2,down_ask_s2,down_ask_p3,down_ask_s3,down_ask_p4,down_ask_s4,down_ask_p5,down_ask_s5,up_spread,down_spread,eth_price,eth_oracle_ts
1776160801.045,1.045,0.5,19.1,0.45,75.0,0.44,70.0,0.43,80.0,0.4,19.0,0.55,57.0,0.56,70.0,0.57,80.0,0.6,19.0,0.61,8.0,0.46,100.0,0.45,5.0,0.43,10.0,0.4,19.0,0.39,8.0,0.5,19.1,0.54,100.0,0.55,5.0,0.57,10.0,0.6,19.0,0.05,0.04,2387.710225,1776160799000
1776160801.408,1.408,0.5,19.1,0.45,75.0,0.44,70.0,0.43,80.0,0.4,19.0,0.55,57.0,0.56,70.0,0.57,80.0,0.6,19.0,0.61,8.0,0.45,57.0,0.44,70.0,0.43,80.0,0.4,19.0,0.39,8.0,0.5,19.1,0.55,75.0,0.56,70.0,0.57,80.0,0.6,19.0,0.05,0.05,2387.897431,1776160800000
1776160802.061,2.061,0.5,19.1,0.45,75.0,0.44,70.0,0.43,80.0,0.4,19.0,0.55,57.0,0.56,70.0,0.57,80.0,0.6,19.0,0.61,8.0,0.45,57.0,0.44,70.0,0.43,80.0,0.4,19.0,0.39,8.0,0.5,19.1,0.55,75.0,0.56,70.0,0.57,80.0,0.6,19.0,0.05,0.05,2387.70603,1776160801000
1776160802.871,2.871,0.5,4.05,0.45,70.0,0.44,70.0,0.43,33.0,0.42,99.0,0.51,133.0,0.52,26.0,0.55,21.0,0.56,70.0,0.57,101.0,0.45,57.0,0.44,70.0,0.43,80.0,0.4,19.0,0.39,8.0,0.5,19.1,0.55,75.0,0.56,70.0,0.57,80.0,0.6,19.0,0.01,0.05,2387.70603,1776160801000
1776160803.102,3.102,0.45,36.78,0.44,75.0,0.43,38.0,0.42,99.0,0.41,55.0,0.46,1.0,0.47,21.0,0.48,67.0,0.49,57.0,0.5,46.0,0.54,11.0,0.53,26.95,0.52,62.0,0.51,52.0,0.5,20.0,0.55,51.78,0.56,75.0,0.57,38.0,0.58,99.0,0.59,55.0,0.01,0.01,2387.70603,1776160801000
1776160803.337,3.337,0.45,9.78,0.44,90.0,0.43,48.0,0.42,109.0,0.41,65.0,0.46,27.0,0.47,46.0,0.48,67.0,0.49,31.0,0.5,56.0,0.54,27.0,0.53,36.0,0.52,67.0,0.51,57.0,0.5,56.0,0.55,30.78,0.56,90.0,0.57,48.0,0.58,99.0,0.59,65.0,0.01,0.01,2387.70603,1776160802000
1776160804.095,4.095,0.45,10.0,0.44,38.0,0.43,69.0,0.42,36.0,0.41,112.0,0.46,2.0,0.47,5.0,0.49,36.0,0.5,51.0,0.51,15.0,0.54,12.0,0.53,10.0,0.52,31.0,0.51,36.0,0.5,25.0,0.56,82.78,0.57,48.0,0.58,85.0,0.59,65.0,0.6,36.0,0.01,0.02,2387.70603,1776160802000
1776160804.318,4.318,0.47,25.0,0.46,15.0,0.45,10.0,0.44,38.0,0.43,69.0,0.49,33.0,0.5,25.0,0.51,5.0,0.52,5.0,0.53,5.0,0.52,12.0,0.51,51.0,0.5,25.0,0.49,5.0,0.48,5.0,0.53,10.0,0.54,15.0,0.55,15.0,0.56,38.0,0.57,69.0,0.02,0.01,2387.70603,1776160802000
1776160804.575,4.575,0.47,17.92,0.46,20.0,0.45,10.0,0.44,33.0,0.43,48.0,0.48,10.0,0.49,33.0,0.5,51.0,0.51,5.0,0.52,5.0,0.52,5.0,0.51,33.0,0.5,51.0,0.49,5.0,0.48,5.0,0.53,15.0,0.54,15.0,0.55,10.0,0.56,33.0,0.57,69.0,0.01,0.01,2387.60905,1776160803000
1776160804.779,4.779,0.48,3.12,0.47,85.0,0.46,15.0,0.45,10.0,0.44,33.0,0.49,33.0,0.5,51.0,0.51,5.0,0.52,5.0,0.53,15.0,0.51,33.0,0.5,51.0,0.49,5.0,0.48,5.0,0.47,15.0,0.52,5.24,0.53,90.56,0.54,15.0,0.55,10.0,0.56,33.0,0.01,0.01,2387.60905,1776160803000
1776160804.989,4.989,0.48,3.12,0.47,85.0,0.46,15.0,0.45,10.0,0.44,33.0,0.49,33.0,0.5,51.0,0.51,5.0,0.52,5.0,0.53,15.0,0.51,33.0,0.5,51.0,0.49,5.0,0.48,5.0,0.47,15.0,0.52,3.12,0.53,85.0,0.54,15.0,0.55,10.0,0.56,33.0,0.01,0.01,2387.62513,1776160804000
1776160805.191,5.191,0.48,6.0,0.47,90.0,0.46,15.0,0.45,10.0,0.44,21.0,0.49,55.0,0.5,51.0,0.51,5.0,0.52,5.0,0.53,15.0,0.51,33.0,0.5,51.0,0.49,5.0,0.48,5.0,0.47,15.0,0.52,3.12,0.53,85.0,0.54,15.0,0.55,10.0,0.56,33.0,0.01,0.01,2387.62513,1776160804000
1776160805.547,5.547,0.48,5.0,0.47,155.0,0.46,15.0,0.45,10.0,0.44,21.0,0.49,51.79,0.5,61.0,0.51,15.0,0.52,15.0,0.53,15.0,0.51,41.9,0.5,51.0,0.49,5.0,0.48,15.0,0.47,15.0,0.52,15.0,0.53,85.0,0.54,20.0,0.55,10.0,0.56,21.0,0.01,0.01,2387.62513,1776160804000
1776160805.752,5.752,0.47,154.91,0.46,15.0,0.45,10.0,0.44,21.0,0.43,48.0,0.49,47.3,0.5,61.0,0.51,15.0,0.52,15.0,0.53,15.0,0.51,47.3,0.5,61.0,0.49,15.0,0.48,15.0,0.47,15.0,0.52,5.0,0.53,155.0,0.54,15.0,0.55,10.0,0.56,21.0,0.02,0.01,2387.62513,1776160804000
1776160806.037,6.037,0.47,159.91,0.46,15.0,0.45,15.0,0.44,26.0,0.43,48.0,0.49,42.19,0.5,66.0,0.51,15.0,0.52,15.0,0.53,15.0,0.51,47.3,0.5,61.0,0.49,15.0,0.48,15.0,0.47,15.0,0.53,154.91,0.54,15.0,0.55,10.0,0.56,21.0,0.57,48.0,0.02,0.02,2387.62513,1776160804000
1776160806.334,6.334,0.47,159.91,0.46,15.0,0.45,15.0,0.44,26.0,0.43,48.0,0.49,42.19,0.5,66.0,0.51,15.0,0.52,15.0,0.53,15.0,0.51,42.19,0.5,66.0,0.49,15.0,0.48,15.0,0.47,15.0,0.53,159.91,0.54,15.0,0.55,15.0,0.56,26.0,0.57,48.0,0.02,0.02,2387.72216,1776160805000
1776160807.405,7.405,0.47,158.02,0.46,25.18,0.45,20.0,0.44,31.22,0.43,58.22,0.48,27.0,0.49,22.19,0.5,50.18,0.51,15.0,0.52,15.0,0.51,42.19,0.5,66.0,0.49,15.0,0.48,15.0,0.47,15.0,0.53,159.91,0.54,15.0,0.55,15.0,0.56,26.0,0.57,48.0,0.01,0.02,2387.72216,1776160805000
1776160808.112,8.112,0.47,148.52,0.46,30.18,0.45,20.0,0.44,31.22,0.43,58.22,0.48,27.0,0.49,32.19,0.5,50.18,0.51,15.0,0.52,15.0,0.52,27.0,0.51,22.19,0.5,50.18,0.49,15.0,0.48,15.0,0.53,156.13,0.54,25.18,0.55,20.0,0.56,31.22,0.57,58.22,0.01,0.01,2387.744279,1776160806000
1776160808.455,8.455,0.47,148.52,0.46,30.18,0.45,20.0,0.44,31.22,0.43,58.22,0.48,27.0,0.49,32.19,0.5,50.18,0.51,15.0,0.52,15.0,0.52,27.0,0.51,32.19,0.5,50.18,0.49,15.0,0.48,15.0,0.53,148.52,0.54,30.18,0.55,20.0,0.56,31.22,0.57,58.22,0.01,0.01,2387.701186,1776160807000
1776160808.965,8.965,0.47,150.91,0.46,30.18,0.45,20.0,0.44,31.22,0.43,58.22,0.48,27.0,0.49,42.19,0.5,50.18,0.51,15.0,0.52,15.0,0.52,27.0,0.51,32.19,0.5,50.18,0.49,15.0,0.48,15.0,0.53,148.52,0.54,30.18,0.55,20.0,0.56,31.22,0.57,58.22,0.01,0.01,2387.701186,1776160807000
1776160809.265,9.265,0.47,141.55,0.46,30.18,0.45,20.0,0.44,41.99,0.43,58.22,0.48,15.0,0.49,52.96,0.5,75.18,0.51,15.0,0.52,15.0,0.52,27.0,0.51,42.19,0.5,50.18,0.49,15.0,0.48,15.0,0.53,150.91,0.54,30.18,0.55,20.0,0.56,31.22,0.57,58.22,0.01,0.01,2387.869516,1776160808000
1776160809.8,9.8,0.48,12.39,0.47,172.55,0.46,35.18,0.45,62.0,0.44,57.99,0.49,20.0,0.5,70.18,0.51,5.0,0.52,15.0,0.53,15.0,0.52,15.0,0.51,52.96,0.5,75.18,0.49,15.0,0.48,15.0,0.53,141.55,0.54,30.18,0.55,20.0,0.56,41.99,0.57,58.22,0.01,0.01,2387.869516,1776160808000
1776160810.063,10.063,0.48,17.39,0.47,177.55,0.46,30.18,0.45,62.0,0.44,57.99,0.5,43.43,0.51,15.0,0.52,15.0,0.53,15.0,0.54,15.0,0.5,43.43,0.49,15.0,0.48,15.0,0.47,15.0,0.46,15.0,0.52,17.39,0.53,177.55,0.54,30.18,0.55,62.0,0.56,57.99,0.02,0.02,2387.713899,1776160809000
1776160810.435,10.435,0.49,15.0,0.48,17.39,0.47,182.55,0.46,43.18,0.45,65.0,0.5,38.43,0.51,55.0,0.52,15.0,0.53,15.0,0.54,15.0,0.5,43.43,0.49,15.0,0.48,15.0,0.47,15.0,0.46,15.0,0.52,17.39,0.53,177.55,0.54,30.18,0.55,62.0,0.56,57.99,0.01,0.02,2387.713899,1776160809000
1776160810.989,10.989,0.49,15.0,0.48,17.39,0.47,182.55,0.46,43.18,0.45,65.0,0.5,38.43,0.51,55.0,0.52,15.0,0.53,15.0,0.54,15.0,0.5,38.43,0.49,55.0,0.48,15.0,0.47,15.0,0.46,15.0,0.51,15.0,0.52,17.39,0.53,182.55,0.54,43.18,0.55,65.0,0.01,0.01,2387.74051,1776160810000
1776160811.864,11.864,0.49,37.07,0.48,17.39,0.47,156.55,0.46,64.18,0.45,82.0,0.5,70.15,0.51,55.0,0.52,15.0,0.53,15.0,0.54,15.0,0.5,38.43,0.49,55.0,0.48,15.0,0.47,15.0,0.46,15.0,0.51,15.0,0.52,17.39,0.53,182.55,0.54,43.18,0.55,65.0,0.01,0.01,2387.74051,1776160810000
1776160812.232,12.232,0.49,42.07,0.48,17.39,0.47,156.55,0.46,64.18,0.45,82.0,0.5,65.15,0.51,55.0,0.52,15.0,0.53,15.0,0.54,15.0,0.5,70.15,0.49,55.0,0.48,15.0,0.47,15.0,0.46,15.0,0.51,37.07,0.52,17.39,0.53,156.55,0.54,64.18,0.55,82.0,0.01,0.01,2387.775585,1776160811000
1776160812.991,12.991,0.49,42.07,0.48,17.39,0.47,156.55,0.46,64.18,0.45,82.0,0.5,65.15,0.51,55.0,0.52,15.0,0.53,15.0,0.54,15.0,0.5,65.15,0.49,55.0,0.48,15.0,0.47,15.0,0.46,15.0,0.51,42.07,0.52,17.39,0.53,156.55,0.54,64.18,0.55,82.0,0.01,0.01,2387.82478,1776160812000
1776160813.355,13.355,0.49,11.57,0.48,17.89,0.47,141.55,0.46,64.18,0.45,82.0,0.5,101.87,0.51,65.5,0.52,15.0,0.53,15.0,0.54,15.0,0.5,65.15,0.49,55.0,0.48,15.0,0.47,15.0,0.46,15.0,0.51,42.07,0.52,17.39,0.53,156.55,0.54,64.18,0.55,82.0,0.01,0.01,2387.82478,1776160812000
1776160813.858,13.858,0.49,11.57,0.48,17.89,0.47,141.55,0.46,64.18,0.45,82.0,0.5,92.37,0.51,65.5,0.52,15.0,0.53,15.0,0.54,15.0,0.5,99.37,0.49,65.5,0.48,15.0,0.47,15.0,0.46,15.0,0.51,11.57,0.52,17.89,0.53,141.55,0.54,64.18,0.55,82.0,0.01,0.01,2387.82478,1776160812000
1776160814.176,14.176,0.49,11.57,0.48,17.89,0.47,141.55,0.46,43.18,0.45,82.0,0.5,89.37,0.51,65.5,0.52,15.0,0.53,15.0,0.54,15.0,0.5,92.37,0.49,65.5,0.48,15.0,0.47,15.0,0.46,15.0,0.51,11.57,0.52,17.89,0.53,141.55,0.54,64.18,0.55,82.0,0.01,0.01,2387.82553,1776160813000
1776160814.726,14.726,0.49,11.57,0.48,17.89,0.47,141.55,0.46,33.18,0.45,82.0,0.5,84.28,0.51,65.5,0.52,15.0,0.53,15.0,0.54,15.0,0.5,89.37,0.49,65.5,0.48,15.0,0.47,15.0,0.46,15.0,0.51,11.57,0.52,17.89,0.53,141.55,0.54,43.18,0.55,82.0,0.01,0.01,2387.82553,1776160813000
1776160815.041,15.041,0.49,11.57,0.48,17.89,0.47,141.55,0.46,33.18,0.45,90.09,0.5,89.49,0.51,65.5,0.52,15.0,0.53,15.0,0.54,15.0,0.5,84.28,0.49,65.5,0.48,15.0,0.47,15.0,0.46,15.0,0.51,11.57,0.52,17.89,0.53,141.55,0.54,33.18,0.55,82.0,0.01,0.01,2387.799425,1776160814000
1776160815.287,15.287,0.49,11.57,0.48,17.89,0.47,141.55,0.46,33.18,0.45,89.0,0.5,95.49,0.51,66.5,0.52,15.0,0.53,15.0,0.54,15.0,0.5,97.49,0.49,66.5,0.48,15.0,0.47,15.0,0.46,15.0,0.51,11.57,0.52,17.89,0.53,141.55,0.54,33.18,0.55,89.0,0.01,0.01,2387.799425,1776160814000
1776160815.932,15.932,0.49,11.57,0.48,17.89,0.47,141.55,0.46,33.18,0.45,89.0,0.5,95.49,0.51,66.5,0.52,15.0,0.53,15.0,0.54,15.0,0.5,95.49,0.49,66.5,0.48,15.0,0.47,15.0,0.46,15.0,0.51,11.57,0.52,17.89,0.53,141.55,0.54,33.18,0.55,89.0,0.01,0.01,2387.781815,1776160815000
1776160816.139,16.139,0.39,5.0,0.38,39.21,0.37,74.0,0.36,95.89,0.35,5.0,0.4,47.71,0.43,10.0,0.44,24.5,0.45,10.0,0.46,70.5,0.56,24.5,0.55,19.09,0.54,70.5,0.53,30.5,0.52,10.0,0.58,17.29,0.6,75.0,0.61,5.0,0.62,39.21,0.63,74.0,0.01,0.02,2387.781815,1776160815000
1776160816.431,16.431,0.4,60.0,0.39,102.24,0.38,72.0,0.37,64.0,0.36,88.89,0.41,10.0,0.42,10.0,0.43,16.0,0.44,70.5,0.45,34.0,0.6,47.71,0.57,20.0,0.56,24.5,0.55,10.0,0.54,70.5,0.61,2.76,0.62,39.21,0.63,74.0,0.64,95.89,0.65,5.0,0.01,0.01,2387.781815,1776160815000
1776160816.667,16.667,0.4,56.37,0.39,92.24,0.38,72.0,0.37,94.0,0.36,98.89,0.41,10.0,0.42,15.0,0.43,16.0,0.44,70.5,0.45,34.0,0.59,10.0,0.58,15.0,0.57,16.0,0.56,70.5,0.55,34.0,0.6,70.3,0.61,87.24,0.62,72.0,0.63,94.0,0.64,98.89,0.01,0.01,2387.781815,1776160815000
1776160816.894,16.894,0.4,37.09,0.39,92.24,0.38,72.0,0.37,94.0,0.36,98.89,0.41,10.0,0.42,15.0,0.43,16.0,0.44,70.5,0.45,34.0,0.59,10.0,0.58,15.0,0.57,16.0,0.56,70.5,0.55,34.0,0.6,37.09,0.61,92.24,0.62,72.0,0.63,94.0,0.64,98.89,0.01,0.01,2387.765395,1776160816000
1776160817.358,17.358,0.4,65.75,0.39,90.25,0.38,67.0,0.37,44.0,0.36,158.89,0.41,28.13,0.42,20.0,0.43,21.0,0.44,75.5,0.45,39.0,0.59,10.0,0.58,20.0,0.57,21.0,0.56,75.5,0.55,39.0,0.6,60.18,0.61,92.24,0.62,67.0,0.63,64.0,0.64,98.89,0.01,0.01,2387.765395,1776160816000
1776160817.654,17.654,0.4,61.38,0.39,33.26,0.38,102.77,0.37,71.0,0.36,158.89,0.41,10.0,0.42,20.0,0.43,27.0,0.44,75.5,0.45,15.0,0.59,28.13,0.58,20.0,0.57,21.0,0.56,75.5,0.55,39.0,0.6,63.5,0.61,85.25,0.62,67.0,0.63,44.0,0.64,158.89,0.01,0.01,2387.765395,1776160816000
1776160817.918,17.918,0.4,62.7,0.39,79.25,0.38,67.0,0.37,44.0,0.36,158.89,0.41,10.0,0.42,20.0,0.43,21.0,0.44,75.5,0.45,39.0,0.59,10.0,0.58,20.0,0.57,21.0,0.56,75.5,0.55,39.0,0.6,62.7,0.61,79.25,0.62,67.0,0.63,44.0,0.64,158.89,0.01,0.01,2387.657851,1776160817000
1776160818.912,18.912,0.4,62.7,0.39,79.25,0.38,67.0,0.37,44.0,0.36,158.89,0.41,10.0,0.42,20.0,0.43,21.0,0.44,75.5,0.45,39.0,0.59,10.0,0.58,20.0,0.57,21.0,0.56,75.5,0.55,39.0,0.6,62.7,0.61,79.25,0.62,67.0,0.63,44.0,0.64,158.89,0.01,0.01,2387.4991,1776160818000
1776160819.836,19.836,0.4,57.7,0.39,116.61,0.38,67.0,0.37,44.0,0.36,128.89,0.41,15.0,0.42,25.09,0.43,15.0,0.44,55.5,0.45,20.0,0.59,10.0,0.58,20.0,0.57,21.0,0.56,75.5,0.55,39.0,0.6,62.7,0.61,79.25,0.62,67.0,0.63,44.0,0.64,158.89,0.01,0.01,2387.4991,1776160818000
1776160820.71,20.71,0.4,40.7,0.39,111.61,0.38,67.0,0.37,44.0,0.36,98.89,0.41,5.0,0.42,25.09,0.43,15.0,0.44,55.5,0.45,22.0,0.59,15.0,0.58,25.09,0.57,15.0,0.56,55.5,0.55,20.0,0.6,57.7,0.61,116.61,0.62,67.0,0.63,44.0,0.64,128.89,0.01,0.01,2387.4841,1776160819000
1776160821.484,21.484,0.4,40.7,0.39,111.61,0.38,67.0,0.37,34.0,0.36,98.89,0.41,3.83,0.42,25.09,0.43,25.5,0.44,66.0,0.45,22.0,0.59,5.0,0.58,25.09,0.57,15.0,0.56,55.5,0.55,22.0,0.6,40.7,0.61,111.61,0.62,67.0,0.63,44.0,0.64,98.89,0.01,0.01,2387.4841,1776160819000
1776160822.076,22.076,0.4,40.7,0.39,111.61,0.38,67.0,0.37,34.0,0.36,98.89,0.41,3.83,0.42,25.09,0.43,25.5,0.44,66.0,0.45,22.0,0.59,3.83,0.58,25.09,0.57,25.5,0.56,66.0,0.55,22.0,0.6,40.7,0.61,111.61,0.62,67.0,0.63,34.0,0.64,98.89,0.01,0.01,2387.640455,1776160821000
1776160822.621,22.621,0.4,50.7,0.39,243.27,0.38,77.5,0.37,34.0,0.36,98.89,0.41,19.7,0.42,25.09,0.43,25.5,0.44,66.0,0.45,15.0,0.59,3.83,0.58,25.09,0.57,25.5,0.56,66.0,0.55,22.0,0.6,40.7,0.61,111.61,0.62,67.0,0.63,34.0,0.64,98.89,0.01,0.01,2387.640455,1776160821000
1776160823.096,23.096,0.4,50.7,0.39,243.27,0.38,77.5,0.37,34.0,0.36,98.89,0.41,19.7,0.42,25.09,0.43,25.5,0.44,66.0,0.45,15.0,0.59,19.7,0.58,25.09,0.57,25.5,0.56,66.0,0.55,15.0,0.6,50.7,0.61,243.27,0.62,77.5,0.63,34.0,0.64,98.89,0.01,0.01,2387.47939,1776160822000
1776160823.427,23.427,0.4,28.01,0.39,240.77,0.38,64.0,0.37,34.0,0.36,88.89,0.41,46.37,0.42,35.59,0.43,25.5,0.44,60.0,0.45,21.0,0.59,31.37,0.58,35.59,0.57,25.5,0.56,60.0,0.55,21.0,0.6,39.01,0.61,240.77,0.62,59.0,0.63,44.5,0.64,88.89,0.01,0.01,2387.47939,1776160822000
1776160824.159,24.159,0.4,9.66,0.39,240.77,0.38,64.0,0.37,34.0,0.36,88.89,0.41,46.37,0.42,35.59,0.43,25.5,0.44,60.0,0.45,21.0,0.59,46.37,0.58,35.59,0.57,25.5,0.56,60.0,0.55,21.0,0.6,9.66,0.61,240.77,0.62,64.0,0.63,34.0,0.64,88.89,0.01,0.01,2387.44915,1776160823000
1776160824.415,24.415,0.4,31.16,0.39,111.0,0.38,158.55,0.37,72.5,0.36,88.89,0.41,15.87,0.42,30.59,0.43,25.5,0.44,60.0,0.45,21.0,0.59,46.37,0.58,35.59,0.57,25.5,0.56,60.0,0.55,21.0,0.6,9.66,0.61,240.77,0.62,64.0,0.63,34.0,0.64,88.89,0.01,0.01,2387.44915,1776160823000
1776160825.14,25.14,0.4,31.16,0.39,111.0,0.38,158.55,0.37,72.5,0.36,88.89,0.41,15.87,0.42,30.59,0.43,25.5,0.44,60.0,0.45,21.0,0.59,15.87,0.58,30.59,0.57,25.5,0.56,60.0,0.55,21.0,0.6,31.16,0.61,111.0,0.62,158.55,0.63,72.5,0.64,88.89,0.01,0.01,2387.458767,1776160824000
1776160826.146,26.146,0.4,29.49,0.39,111.0,0.38,169.99,0.37,72.5,0.36,88.89,0.41,15.87,0.42,30.59,0.43,25.5,0.44,60.0,0.45,15.0,0.59,15.87,0.58,30.59,0.57,25.5,0.56,60.0,0.55,15.0,0.6,29.49,0.61,111.0,0.62,169.99,0.63,72.5,0.64,88.89,0.01,0.01,2387.4167,1776160825000
1776160826.467,26.467,0.4,24.4,0.39,111.0,0.38,156.99,0.37,77.5,0.36,88.89,0.41,15.87,0.42,30.59,0.43,25.5,0.44,60.0,0.45,21.0,0.59,15.87,0.58,30.59,0.57,25.5,0.56,60.0,0.55,15.0,0.6,29.49,0.61,111.0,0.62,169.99,0.63,72.5,0.64,88.89,0.01,0.01,2387.4167,1776160825000
1776160826.937,26.937,0.4,17.8,0.39,119.0,0.38,156.99,0.37,77.5,0.36,88.89,0.41,20.87,0.42,30.59,0.43,25.5,0.44,60.0,0.45,21.0,0.59,15.87,0.58,30.59,0.57,25.5,0.56,60.0,0.55,21.0,0.6,24.4,0.61,111.0,0.62,156.99,0.63,77.5,0.64,88.89,0.01,0.01,2387.4167,1776160825000
1776160827.797,27.797,0.4,5.0,0.39,119.0,0.38,145.99,0.37,77.5,0.36,88.89,0.41,13.43,0.42,30.59,0.43,25.5,0.44,60.0,0.45,21.0,0.59,20.87,0.58,30.59,0.57,25.5,0.56,60.0,0.55,21.0,0.6,15.6,0.61,119.0,0.62,156.99,0.63,77.5,0.64,88.89,0.01,0.01,2387.372155,1776160826000
1776160827.998,27.998,0.4,5.0,0.39,119.0,0.38,145.99,0.37,77.5,0.36,88.89,0.41,13.43,0.42,30.59,0.43,25.5,0.44,60.0,0.45,21.0,0.59,13.43,0.58,30.59,0.57,25.5,0.56,60.0,0.55,21.0,0.6,5.0,0.61,119.0,0.62,145.99,0.63,77.5,0.64,88.89,0.01,0.01,2387.567433,1776160827000
1776160828.798,28.798,0.4,5.0,0.39,119.0,0.38,145.99,0.37,77.5,0.36,88.89,0.41,8.43,0.42,30.59,0.43,25.5,0.44,60.0,0.45,21.0,0.59,13.43,0.58,30.59,0.57,25.5,0.56,60.0,0.55,21.0,0.6,5.0,0.61,119.0,0.62,145.99,0.63,77.5,0.64,88.89,0.01,0.01,2387.567433,1776160827000
1776160829.978,29.978,0.4,5.0,0.39,119.0,0.38,145.99,0.37,77.5,0.36,88.89,0.41,8.43,0.42,30.59,0.43,25.5,0.44,60.0,0.45,21.0,0.59,8.43,0.58,30.59,0.57,25.5,0.56,60.0,0.55,21.0,0.6,5.0,0.61,119.0,0.62,145.99,0.63,77.5,0.64,88.89,0.01,0.01,2387.577352,1776160829000
1776160830.903,30.903,0.4,5.0,0.39,119.0,0.38,145.99,0.37,77.5,0.36,88.89,0.41,8.43,0.42,30.59,0.43,25.5,0.44,60.0,0.45,21.0,0.59,8.43,0.58,30.59,0.57,25.5,0.56,60.0,0.55,21.0,0.6,5.0,0.61,119.0,0.62,145.99,0.63,77.5,0.64,88.89,0.01,0.01,2387.499857,1776160830000
1776160831.713,31.713,0.4,10.0,0.39,93.0,0.38,118.99,0.37,46.0,0.36,88.89,0.41,44.79,0.42,30.59,0.43,25.5,0.44,60.0,0.45,91.0,0.59,8.43,0.58,30.59,0.57,25.5,0.56,60.0,0.55,21.0,0.6,5.0,0.61,119.0,0.62,145.99,0.63,77.5,0.64,88.89,0.01,0.01,2387.499857,1776160830000
1776160831.946,31.946,0.4,10.0,0.39,93.0,0.38,118.99,0.37,46.0,0.36,88.89,0.41,44.79,0.42,30.59,0.43,25.5,0.44,60.0,0.45,91.0,0.59,44.79,0.58,30.59,0.57,25.5,0.56,60.0,0.55,91.0,0.6,10.0,0.61,93.0,0.62,118.99,0.63,46.0,0.64,88.89,0.01,0.01,2387.565451,1776160831000
1776160833.317,33.317,0.4,10.0,0.39,93.0,0.38,118.99,0.37,46.0,0.36,88.89,0.41,44.79,0.42,30.59,0.43,25.5,0.44,60.0,0.45,91.0,0.59,44.79,0.58,30.59,0.57,25.5,0.56,60.0,0.55,91.0,0.6,10.0,0.61,93.0,0.62,118.99,0.63,46.0,0.64,88.89,0.01,0.01,2387.34721,1776160832000
1776160834.245,34.245,0.4,10.0,0.39,93.0,0.38,118.99,0.37,46.0,0.36,88.89,0.41,44.79,0.42,30.59,0.43,25.5,0.44,60.0,0.45,91.0,0.59,44.79,0.58,30.59,0.57,25.5,0.56,60.0,0.55,91.0,0.6,10.0,0.61,93.0,0.62,118.99,0.63,46.0,0.64,88.89,0.01,0.01,2387.295254,1776160833000
1776160834.83,34.83,0.4,5.0,0.39,93.0,0.38,10.0,0.37,18.0,0.36,222.44,0.41,52.65,0.42,25.59,0.43,25.5,0.44,60.0,0.45,102.0,0.59,44.79,0.58,30.59,0.57,25.5,0.56,60.0,0.55,91.0,0.6,10.0,0.61,93.0,0.62,118.99,0.63,46.0,0.64,88.89,0.01,0.01,2387.295254,1776160833000
1776160835.08,35.08,0.4,5.0,0.39,93.0,0.38,10.0,0.37,18.0,0.36,222.44,0.41,52.65,0.42,25.59,0.43,25.5,0.44,60.0,0.45,102.0,0.59,52.65,0.58,25.59,0.57,25.5,0.56,60.0,0.55,102.0,0.6,5.0,0.61,93.0,0.62,10.0,0.63,18.0,0.64,222.44,0.01,0.01,2387.29814,1776160834000
1776160835.986,35.986,0.4,6.0,0.39,85.0,0.38,18.0,0.37,18.0,0.36,211.88,0.41,57.65,0.42,30.59,0.43,25.5,0.44,66.0,0.45,107.0,0.59,52.65,0.58,25.59,0.57,25.5,0.56,60.0,0.55,102.0,0.6,5.0,0.61,93.0,0.62,10.0,0.63,18.0,0.64,222.44,0.01,0.01,2387.29814,1776160834000
1776160836.914,36.914,0.4,6.0,0.39,85.0,0.38,18.0,0.37,18.0,0.36,211.88,0.41,57.65,0.42,30.59,0.43,25.5,0.44,66.0,0.45,107.0,0.59,57.65,0.58,30.59,0.57,25.5,0.56,66.0,0.55,107.0,0.6,6.0,0.61,85.0,0.62,18.0,0.63,18.0,0.64,211.88,0.01,0.01,2387.30084,1776160836000
1776160837.806,37.806,0.38,13.88,0.37,28.5,0.36,211.88,0.35,49.0,0.34,21.0,0.41,57.65,0.42,35.59,0.43,25.5,0.44,66.0,0.45,107.0,0.59,57.65,0.58,35.59,0.57,25.5,0.56,66.0,0.55,107.0,0.62,13.88,0.63,28.5,0.64,211.88,0.65,49.0,0.66,21.0,0.03,0.03,2387.300845,1776160837000
1776160839.195,39.195,0.38,25.88,0.37,47.0,0.36,233.38,0.35,65.0,0.34,26.0,0.39,40.28,0.4,30.5,0.41,25.5,0.42,30.59,0.43,41.5,0.59,57.65,0.58,35.59,0.57,25.5,0.56,66.0,0.55,107.0,0.62,13.88,0.63,28.5,0.64,211.88,0.65,49.0,0.66,21.0,0.01,0.03,2387.300845,1776160837000
1776160840.207,40.207,0.38,25.88,0.37,47.0,0.36,233.38,0.35,65.0,0.34,26.0,0.39,40.28,0.4,30.5,0.41,25.5,0.42,30.59,0.43,41.5,0.61,40.28,0.6,30.5,0.59,25.5,0.58,30.59,0.57,41.5,0.62,25.88,0.63,47.0,0.64,233.38,0.65,65.0,0.66,26.0,0.01,0.01,2387.30406,1776160839000
1776160841.11,41.11,0.36,23.77,0.35,5.0,0.34,39.0,0.33,52.0,0.32,192.55,0.39,93.78,0.4,129.5,0.41,60.5,0.42,51.59,0.43,46.5,0.61,15.28,0.6,30.5,0.59,25.5,0.58,30.59,0.57,31.5,0.62,15.88,0.63,52.0,0.64,222.88,0.65,80.5,0.66,20.0,0.03,0.01,2387.30406,1776160839000
1776160841.791,41.791,0.28,131.02,0.27,57.64,0.26,19.0,0.25,26.0,0.23,101.0,0.29,38.0,0.3,15.0,0.31,15.0,0.32,85.0,0.33,91.0,0.63,36.5,0.62,30.5,0.61,125.5,0.6,199.5,0.59,60.5,0.66,42.53,0.67,60.0,0.68,192.55,0.69,112.0,0.7,47.0,0.01,0.03,2387.304175,1776160840000
1776160841.999,41.999,0.28,122.93,0.27,62.64,0.26,29.5,0.25,26.0,0.23,101.0,0.29,33.0,0.3,15.0,0.31,25.5,0.32,95.5,0.33,91.0,0.71,38.0,0.7,15.0,0.69,15.0,0.68,85.0,0.67,91.0,0.72,131.02,0.73,57.64,0.74,19.0,0.75,26.0,0.77,101.0,0.01,0.01,2387.304175,1776160840000
1776160842.29,42.29,0.28,148.99,0.27,53.64,0.26,29.5,0.25,26.0,0.23,101.0,0.29,30.75,0.3,15.0,0.31,25.5,0.32,90.5,0.33,85.0,0.71,33.0,0.7,15.0,0.69,25.5,0.68,95.5,0.67,91.0,0.72,122.93,0.73,62.64,0.74,29.5,0.75,26.0,0.77,101.0,0.01,0.01,2387.299175,1776160841000
1776160842.714,42.714,0.28,150.3,0.27,48.64,0.26,29.5,0.25,32.0,0.24,5.0,0.29,17.12,0.3,30.5,0.31,30.5,0.32,95.5,0.33,90.0,0.71,20.75,0.7,15.0,0.69,25.5,0.68,90.5,0.67,85.0,0.72,145.3,0.73,48.64,0.74,29.5,0.75,26.0,0.77,107.0,0.01,0.01,2387.299175,1776160841000
1776160843.113,43.113,0.28,150.3,0.27,48.64,0.26,29.5,0.25,32.0,0.24,5.0,0.29,17.12,0.3,30.5,0.31,30.5,0.32,95.5,0.33,90.0,0.71,17.12,0.7,30.5,0.69,30.5,0.68,95.5,0.67,90.0,0.72,150.3,0.73,48.64,0.74,29.5,0.75,32.0,0.76,5.0,0.01,0.01,2387.186995,1776160842000
1776160843.865,43.865,0.28,52.8,0.27,151.19,0.26,114.5,0.25,32.0,0.24,47.0,0.29,24.87,0.3,35.5,0.31,30.5,0.32,95.5,0.33,90.0,0.71,37.12,0.7,35.5,0.69,30.5,0.68,95.5,0.67,90.0,0.72,31.8,0.73,151.19,0.74,72.5,0.75,32.0,0.76,5.0,0.01,0.01,2387.186995,1776160842000
1776160844.099,44.099,0.28,52.8,0.27,140.63,0.26,114.5,0.25,32.0,0.24,47.0,0.29,17.62,0.3,35.5,0.31,30.5,0.32,95.5,0.33,90.0,0.71,24.87,0.7,35.5,0.69,30.5,0.68,95.5,0.67,90.0,0.72,52.8,0.73,151.19,0.74,114.5,0.75,32.0,0.76,47.0,0.01,0.01,2387.186995,1776160842000
1776160844.59,44.59,0.28,52.8,0.27,145.63,0.26,114.5,0.25,32.0,0.24,47.0,0.29,7.27,0.3,35.5,0.31,30.5,0.32,95.5,0.33,90.0,0.71,17.62,0.7,35.5,0.69,30.5,0.68,95.5,0.67,90.0,0.72,52.8,0.73,140.63,0.74,114.5,0.75,32.0,0.76,47.0,0.01,0.01,2386.79077,1776160843000
1776160845.042,45.042,0.28,52.8,0.27,166.63,0.26,114.5,0.25,32.0,0.24,47.0,0.29,32.27,0.3,35.5,0.31,30.5,0.32,95.5,0.33,96.0,0.71,7.27,0.7,35.5,0.69,30.5,0.68,95.5,0.67,90.0,0.72,52.8,0.73,145.63,0.74,114.5,0.75,32.0,0.76,47.0,0.01,0.01,2386.79077,1776160843000
1776160845.322,45.322,0.28,27.8,0.27,166.63,0.26,114.5,0.25,32.0,0.24,47.0,0.29,32.27,0.3,35.5,0.31,30.5,0.32,95.5,0.33,96.0,0.71,32.27,0.7,35.5,0.69,30.5,0.68,95.5,0.67,96.0,0.72,52.8,0.73,166.63,0.74,114.5,0.75,32.0,0.76,47.0,0.01,0.01,2386.738335,1776160844000
1776160845.612,45.612,0.28,21.28,0.27,166.63,0.26,114.5,0.25,32.0,0.24,47.0,0.29,27.27,0.3,35.5,0.31,30.5,0.32,95.5,0.33,96.0,0.71,32.27,0.7,35.5,0.69,30.5,0.68,95.5,0.67,96.0,0.72,27.8,0.73,166.63,0.74,114.5,0.75,32.0,0.76,47.0,0.01,0.01,2386.738335,1776160844000
1776160845.946,45.946,0.27,162.14,0.26,119.5,0.25,32.0,0.24,47.0,0.23,31.0,0.28,81.0,0.29,15.0,0.3,35.5,0.31,25.5,0.32,95.5,0.71,27.27,0.7,35.5,0.69,30.5,0.68,95.5,0.67,96.0,0.73,160.14,0.74,114.5,0.75,32.0,0.76,47.0,0.77,31.0,0.01,0.02,2386.738335,1776160844000
1776160846.506,46.506,0.27,162.14,0.26,119.5,0.25,32.0,0.24,47.0,0.23,31.0,0.28,81.0,0.29,15.0,0.3,35.5,0.31,25.5,0.32,95.5,0.72,81.0,0.71,15.0,0.7,35.5,0.69,25.5,0.68,95.5,0.73,162.14,0.74,119.5,0.75,32.0,0.76,47.0,0.77,31.0,0.01,0.01,2386.796917,1776160845000
1776160847.197,47.197,0.27,162.14,0.26,119.5,0.25,32.0,0.24,47.0,0.23,31.0,0.28,81.0,0.29,15.0,0.3,35.5,0.31,25.5,0.32,95.5,0.72,81.0,0.71,15.0,0.7,35.5,0.69,25.5,0.68,95.5,0.73,162.14,0.74,119.5,0.75,32.0,0.76,47.0,0.77,31.0,0.01,0.01,2386.712309,1776160846000
1776160848.211,48.211,0.27,162.14,0.26,119.5,0.25,32.0,0.24,47.0,0.23,31.0,0.28,81.0,0.29,15.0,0.3,35.5,0.31,25.5,0.32,95.5,0.72,81.0,0.71,15.0,0.7,35.5,0.69,25.5,0.68,95.5,0.73,162.14,0.74,119.5,0.75,32.0,0.76,47.0,0.77,31.0,0.01,0.01,2386.711178,1776160847000
1776160848.637,48.637,0.27,141.14,0.26,74.5,0.25,29.5,0.24,29.7,0.23,25.3,0.28,71.39,0.29,15.0,0.3,35.5,0.31,25.5,0.32,101.5,0.72,81.0,0.71,15.0,0.7,35.5,0.69,25.5,0.68,95.5,0.73,162.14,0.74,119.5,0.75,32.0,0.76,47.0,0.77,31.0,0.01,0.01,2386.711178,1776160847000
1776160849.26,49.26,0.27,141.14,0.26,74.5,0.25,29.5,0.24,29.7,0.23,25.3,0.28,71.39,0.29,15.0,0.3,35.5,0.31,25.5,0.32,101.5,0.72,71.39,0.71,15.0,0.7,35.5,0.69,25.5,0.68,101.5,0.73,141.14,0.74,74.5,0.75,29.5,0.76,29.7,0.77,25.3,0.01,0.01,2386.707353,1776160848000
1776160849.846,49.846,0.27,182.64,0.26,82.5,0.25,19.0,0.24,24.7,0.23,95.3,0.29,8.0,0.3,20.0,0.31,21.0,0.32,25.5,0.33,20.0,0.72,71.39,0.71,15.0,0.7,35.5,0.69,25.5,0.68,101.5,0.73,141.14,0.74,74.5,0.75,29.5,0.76,29.7,0.77,25.3,0.02,0.01,2386.707353,1776160848000
1776160850.11,50.11,0.27,187.64,0.26,72.0,0.25,19.0,0.24,24.7,0.23,105.3,0.29,8.0,0.3,20.0,0.31,21.0,0.32,25.5,0.33,20.0,0.71,8.0,0.7,20.0,0.69,21.0,0.68,25.5,0.67,20.0,0.73,182.64,0.74,82.5,0.75,19.0,0.76,24.7,0.77,95.3,0.02,0.02,2386.707353,1776160848000
1776160850.727,50.727,0.27,167.14,0.26,72.0,0.25,40.7,0.24,32.7,0.23,95.3,0.28,36.42,0.29,8.0,0.3,30.5,0.31,31.5,0.32,25.5,0.71,8.0,0.7,20.0,0.69,21.0,0.68,25.5,0.67,20.0,0.73,187.64,0.74,72.0,0.75,19.0,0.76,24.7,0.77,105.3,0.01,0.02,2386.708474,1776160849000
1776160851.296,51.296,0.27,167.14,0.26,90.7,0.25,40.7,0.24,32.7,0.23,25.3,0.28,37.49,0.29,13.0,0.3,30.5,0.31,31.5,0.32,25.5,0.72,36.42,0.71,8.0,0.7,30.5,0.69,31.5,0.68,25.5,0.73,167.14,0.74,72.0,0.75,40.7,0.76,32.7,0.77,95.3,0.01,0.01,2386.708474,1776160849000
1776160851.82,51.82,0.27,185.44,0.26,111.7,0.25,61.7,0.24,74.7,0.23,46.3,0.28,7.56,0.29,13.0,0.3,30.5,0.31,31.5,0.32,25.5,0.72,28.56,0.71,23.5,0.7,30.5,0.69,31.5,0.68,25.5,0.73,167.14,0.74,90.7,0.75,40.7,0.76,32.7,0.77,25.3,0.01,0.01,2386.698963,1776160850000
1776160852.395,52.395,0.27,181.33,0.26,111.7,0.25,61.7,0.24,74.7,0.23,46.3,0.28,7.56,0.29,13.0,0.3,30.5,0.31,31.5,0.32,25.5,0.72,7.56,0.71,13.0,0.7,30.5,0.69,31.5,0.68,25.5,0.73,181.33,0.74,111.7,0.75,61.7,0.76,74.7,0.77,46.3,0.01,0.01,2386.938932,1776160851000
1776160852.688,52.688,0.27,181.33,0.26,111.7,0.25,61.7,0.24,66.7,0.23,46.3,0.28,11.42,0.29,13.0,0.3,30.5,0.31,31.5,0.32,25.5,0.72,2.47,0.71,13.0,0.7,30.5,0.69,31.5,0.68,25.5,0.73,181.33,0.74,111.7,0.75,61.7,0.76,74.7,0.77,46.3,0.01,0.01,2386.938932,1776160851000
1776160853.998,53.998,0.27,181.33,0.26,111.7,0.25,61.7,0.24,66.7,0.23,46.3,0.28,11.42,0.29,13.0,0.3,30.5,0.31,31.5,0.32,25.5,0.72,11.42,0.71,13.0,0.7,30.5,0.69,31.5,0.68,25.5,0.73,181.33,0.74,111.7,0.75,61.7,0.76,66.7,0.77,46.3,0.01,0.01,2386.745455,1776160853000
1776160855.136,55.136,0.27,181.33,0.26,111.7,0.25,61.7,0.24,66.7,0.23,46.3,0.28,11.42,0.29,13.0,0.3,30.5,0.31,31.5,0.32,25.5,0.72,11.42,0.71,13.0,0.7,30.5,0.69,31.5,0.68,25.5,0.73,181.33,0.74,111.7,0.75,61.7,0.76,66.7,0.77,46.3,0.01,0.01,2386.894949,1776160854000
1776160856.117,56.117,0.27,181.33,0.26,111.7,0.25,61.7,0.24,66.7,0.23,46.3,0.28,11.42,0.29,13.0,0.3,30.5,0.31,31.5,0.32,25.5,0.72,11.42,0.71,13.0,0.7,30.5,0.69,31.5,0.68,25.5,0.73,181.33,0.74,111.7,0.75,61.7,0.76,66.7,0.77,46.3,0.01,0.01,2386.746955,1776160855000
1776160856.571,56.571,0.27,5.0,0.26,67.7,0.25,68.2,0.24,71.7,0.23,46.3,0.28,51.77,0.29,93.5,0.3,100.5,0.31,31.5,0.32,33.5,0.72,11.42,0.71,13.0,0.7,30.5,0.69,31.5,0.68,25.5,0.73,181.33,0.74,111.7,0.75,61.7,0.76,66.7,0.77,46.3,0.01,0.01,2386.746955,1776160855000
1776160857.158,57.158,0.27,5.0,0.26,67.7,0.25,68.2,0.24,71.7,0.23,46.3,0.28,51.77,0.29,93.5,0.3,100.5,0.31,31.5,0.32,33.5,0.72,51.77,0.71,93.5,0.7,100.5,0.69,31.5,0.68,33.5,0.73,5.0,0.74,67.7,0.75,68.2,0.76,71.7,0.77,46.3,0.01,0.01,2386.911506,1776160856000
1776160857.492,57.492,0.25,30.0,0.24,56.7,0.23,25.3,0.22,39.0,0.21,46.7,0.28,103.77,0.29,93.5,0.3,121.5,0.31,53.5,0.32,46.5,0.72,51.77,0.71,93.5,0.7,100.5,0.69,31.5,0.68,33.5,0.73,5.0,0.74,67.7,0.75,68.2,0.76,71.7,0.77,46.3,0.03,0.01,2386.911506,1776160856000
1776160858.211,58.211,0.25,30.0,0.24,56.7,0.23,25.3,0.22,39.0,0.21,46.7,0.28,103.77,0.29,93.5,0.3,121.5,0.31,53.5,0.32,46.5,0.72,103.77,0.71,93.5,0.7,121.5,0.69,53.5,0.68,46.5,0.75,30.0,0.76,56.7,0.77,25.3,0.78,39.0,0.79,46.7,0.03,0.03,2386.72823,1776160857000
1776160859.165,59.165,0.24,32.14,0.23,20.3,0.22,63.44,0.21,99.7,0.2,79.5,0.25,94.5,0.26,49.5,0.27,51.5,0.28,76.5,0.29,127.5,0.75,94.5,0.74,49.5,0.73,51.5,0.72,76.5,0.71,127.5,0.76,32.14,0.77,20.3,0.78,63.44,0.79,99.7,0.8,79.5,0.01,0.01,2386.68842,1776160858000
1776160860.145,60.145,0.24,32.14,0.23,20.3,0.22,63.44,0.21,99.7,0.2,79.5,0.25,94.5,0.26,49.5,0.27,51.5,0.28,76.5,0.29,127.5,0.75,94.5,0.74,49.5,0.73,51.5,0.72,76.5,0.71,127.5,0.76,32.14,0.77,20.3,0.78,63.44,0.79,99.7,0.8,79.5,0.01,0.01,2386.649715,1776160859000
1776160860.516,60.516,0.22,85.78,0.21,109.7,0.2,37.5,0.19,67.9,0.18,58.4,0.23,117.29,0.24,55.5,0.25,113.5,0.26,114.5,0.27,116.5,0.77,30.0,0.76,60.5,0.75,113.5,0.74,114.5,0.73,116.5,0.78,91.44,0.79,104.7,0.8,37.5,0.81,67.9,0.82,58.4,0.01,0.01,2386.649715,1776160859000
1776160861.099,61.099,0.22,96.03,0.21,104.7,0.2,43.5,0.19,59.9,0.18,58.4,0.23,111.85,0.24,60.5,0.25,113.5,0.26,114.5,0.27,124.5,0.77,117.29,0.76,55.5,0.75,113.5,0.74,114.5,0.73,116.5,0.78,85.78,0.79,109.7,0.8,37.5,0.81,67.9,0.82,58.4,0.01,0.01,2386.649715,1776160859000
1776160861.356,61.356,0.22,80.71,0.21,104.7,0.2,43.5,0.19,59.9,0.18,58.4,0.23,115.56,0.24,60.5,0.25,113.5,0.26,114.5,0.27,124.5,0.77,111.85,0.76,60.5,0.75,113.5,0.74,114.5,0.73,124.5,0.78,96.03,0.79,104.7,0.8,43.5,0.81,59.9,0.82,58.4,0.01,0.01,2386.649715,1776160859000
1776160861.578,61.578,0.22,84.29,0.21,104.7,0.2,43.5,0.19,59.9,0.18,58.4,0.23,120.56,0.24,60.5,0.25,113.5,0.26,114.5,0.27,124.5,0.77,115.56,0.76,60.5,0.75,113.5,0.74,114.5,0.73,124.5,0.78,80.71,0.79,104.7,0.8,43.5,0.81,59.9,0.82,58.4,0.01,0.01,2386.45721,1776160860000
1776160861.883,61.883,0.22,68.46,0.21,104.7,0.2,43.5,0.19,59.9,0.18,58.4,0.23,103.38,0.24,60.5,0.25,113.5,0.26,114.5,0.27,124.5,0.77,103.38,0.76,60.5,0.75,113.5,0.74,114.5,0.73,124.5,0.78,68.46,0.79,104.7,0.8,43.5,0.81,59.9,0.82,58.4,0.01,0.01,2386.43783,1776160861000
1776160862.089,62.089,0.22,46.83,0.21,104.7,0.2,43.5,0.19,59.9,0.18,58.4,0.23,118.38,0.24,60.5,0.25,125.5,0.26,108.5,0.27,124.5,0.77,118.38,0.76,60.5,0.75,125.5,0.74,108.5,0.73,124.5,0.78,67.16,0.79,104.7,0.8,43.5,0.81,59.9,0.82,58.4,0.01,0.01,2386.43783,1776160861000
1776160862.681,62.681,0.22,66.31,0.21,104.7,0.2,54.0,0.19,59.9,0.18,58.4,0.23,56.29,0.24,25.0,0.25,31.5,0.26,108.5,0.27,124.5,0.77,118.38,0.76,60.5,0.75,125.5,0.74,108.5,0.73,124.5,0.78,46.83,0.79,104.7,0.8,43.5,0.81,59.9,0.82,58.4,0.01,0.01,2386.43783,1776160861000
1776160862.929,62.929,0.22,83.31,0.21,104.7,0.2,54.0,0.19,59.9,0.18,58.4,0.23,50.0,0.24,25.0,0.25,31.5,0.26,108.5,0.27,124.5,0.77,56.29,0.76,25.0,0.75,31.5,0.74,108.5,0.73,124.5,0.78,66.31,0.79,104.7,0.8,54.0,0.81,59.9,0.82,58.4,0.01,0.01,2386.43783,1776160861000
1776160863.268,63.268,0.22,119.44,0.21,93.7,0.2,66.0,0.19,59.9,0.18,58.4,0.23,44.78,0.24,25.0,0.25,31.5,0.26,108.5,0.27,124.5,0.77,50.0,0.76,25.0,0.75,31.5,0.74,108.5,0.73,124.5,0.78,86.23,0.79,93.7,0.8,66.0,0.81,59.9,0.82,58.4,0.01,0.01,2386.411025,1776160862000
1776160863.621,63.621,0.22,111.44,0.21,93.7,0.2,66.0,0.19,59.9,0.18,58.4,0.23,49.78,0.24,20.0,0.25,31.5,0.26,108.5,0.27,124.5,0.77,44.78,0.76,25.0,0.75,31.5,0.74,108.5,0.73,124.5,0.78,119.44,0.79,93.7,0.8,66.0,0.81,59.9,0.82,58.4,0.01,0.01,2386.411025,1776160862000
1776160864.167,64.167,0.22,111.44,0.21,93.7,0.2,66.0,0.19,59.9,0.18,58.4,0.23,49.78,0.24,20.0,0.25,31.5,0.26,108.5,0.27,124.5,0.77,49.78,0.76,20.0,0.75,31.5,0.74,108.5,0.73,124.5,0.78,111.44,0.79,93.7,0.8,66.0,0.81,59.9,0.82,58.4,0.01,0.01,2386.41139,1776160863000
1776160864.649,64.649,0.22,210.03,0.21,93.7,0.2,66.0,0.19,49.4,0.18,138.4,0.23,68.74,0.24,20.0,0.25,31.5,0.26,38.5,0.27,54.5,0.77,49.78,0.76,20.0,0.75,31.5,0.74,108.5,0.73,124.5,0.78,111.44,0.79,93.7,0.8,66.0,0.81,59.9,0.82,58.4,0.01,0.01,2386.41139,1776160863000
1776160865.228,65.228,0.22,158.99,0.21,62.0,0.2,10.0,0.19,5.0,0.18,29.4,0.23,265.12,0.24,63.5,0.25,67.5,0.26,161.5,0.27,116.5,0.77,68.74,0.76,20.0,0.75,31.5,0.74,38.5,0.73,54.5,0.78,210.03,0.79,93.7,0.8,66.0,0.81,49.4,0.82,138.4,0.01,0.01,2386.41139,1776160863000
1776160865.803,65.803,0.22,55.98,0.21,62.0,0.2,10.0,0.19,5.0,0.18,24.4,0.23,292.38,0.24,63.5,0.25,67.5,0.26,128.19,0.27,149.19,0.77,266.41,0.76,63.5,0.75,67.5,0.74,111.5,0.73,116.5,0.78,65.84,0.79,62.0,0.8,10.0,0.81,5.0,0.82,24.4,0.01,0.01,2386.415075,1776160864000
1776160866.18,66.18,0.21,15.0,0.2,51.99,0.19,44.0,0.18,24.4,0.17,42.5,0.22,46.5,0.23,255.38,0.24,100.49,0.25,101.49,0.26,111.5,0.77,271.38,0.76,63.5,0.75,67.5,0.74,128.19,0.73,149.19,0.78,50.91,0.79,62.0,0.8,10.0,0.81,5.0,0.82,24.4,0.01,0.01,2386.415995,1776160865000
1776160866.389,66.389,0.21,10.0,0.2,46.6,0.17,17.0,0.16,136.8,0.15,173.2,0.22,51.5,0.23,230.38,0.24,64.5,0.25,67.5,0.26,137.49,0.78,46.5,0.77,255.38,0.76,100.49,0.75,101.49,0.74,111.5,0.79,15.0,0.8,51.99,0.81,44.0,0.82,24.4,0.83,42.5,0.01,0.01,2386.415995,1776160865000
1776160866.982,66.982,0.16,313.2,0.15,110.2,0.14,66.4,0.13,64.8,0.12,72.19,0.17,5.0,0.18,15.0,0.19,32.5,0.2,51.5,0.21,32.5,0.78,46.5,0.77,230.38,0.76,64.5,0.75,67.5,0.74,137.49,0.84,124.88,0.85,173.2,0.86,62.9,0.87,67.8,0.88,140.19,0.01,0.06,2386.415995,1776160865000
1776160867.432,67.432,0.16,318.3,0.15,105.2,0.14,29.9,0.13,38.8,0.12,72.19,0.17,20.0,0.18,25.5,0.19,32.5,0.2,51.5,0.21,32.5,0.82,15.0,0.81,32.5,0.8,51.5,0.79,32.5,0.78,133.5,0.84,313.2,0.85,110.2,0.86,66.4,0.87,64.8,0.88,72.19,0.01,0.02,2386.42986,1776160866000
1776160867.738,67.738,0.16,59.23,0.15,98.2,0.14,29.9,0.13,31.8,0.12,44.19,0.17,123.5,0.18,79.5,0.19,56.5,0.2,137.5,0.21,166.5,0.83,20.0,0.82,25.5,0.81,32.5,0.8,51.5,0.79,32.5,0.84,318.3,0.85,105.2,0.86,29.9,0.87,38.8,0.88,72.19,0.01,0.01,2386.42986,1776160866000
1776160868.024,68.024,0.15,172.75,0.14,95.9,0.13,31.8,0.12,44.19,0.11,118.79,0.16,124.5,0.17,22.0,0.18,67.5,0.19,56.5,0.2,163.5,0.83,57.02,0.82,79.5,0.81,56.5,0.8,163.5,0.79,156.49,0.85,98.2,0.86,29.9,0.87,31.8,0.88,44.19,0.89,107.79,0.01,0.02,2386.42986,1776160866000
1776160868.581,68.581,0.14,66.0,0.12,39.19,0.11,86.79,0.1,147.0,0.09,133.0,0.16,81.5,0.17,32.0,0.18,25.5,0.19,46.5,0.2,179.49,0.84,124.5,0.83,22.0,0.82,67.5,0.81,56.5,0.8,163.5,0.85,172.75,0.86,95.9,0.87,31.8,0.88,44.19,0.89,118.79,0.02,0.01,2386.271525,1776160867000
1776160869.085,69.085,0.14,58.91,0.12,39.19,0.11,86.79,0.1,147.0,0.09,133.0,0.16,81.5,0.17,32.0,0.18,25.5,0.19,46.5,0.2,179.49,0.84,81.5,0.83,32.0,0.82,25.5,0.81,46.5,0.8,179.49,0.86,58.91,0.88,39.19,0.89,86.79,0.9,147.0,0.91,133.0,0.02,0.02,2386.112345,1776160868000
1776160869.327,69.327,0.14,4.48,0.13,69.0,0.12,39.19,0.11,86.79,0.1,147.0,0.15,60.14,0.16,53.5,0.17,20.0,0.18,46.5,0.19,51.5,0.85,55.14,0.84,53.5,0.83,20.0,0.82,25.5,0.81,46.5,0.86,67.44,0.87,69.0,0.88,39.19,0.89,86.79,0.9,147.0,0.01,0.01,2386.112345,1776160868000
1776160869.637,69.637,0.13,6.13,0.12,75.09,0.11,36.79,0.1,46.0,0.09,65.0,0.14,116.62,0.15,47.14,0.16,118.5,0.17,119.47,0.18,223.49,0.86,16.62,0.85,80.14,0.84,123.5,0.83,114.99,0.82,146.49,0.87,48.16,0.88,109.19,0.89,163.79,0.9,46.0,0.91,44.0,0.01,0.01,2386.112345,1776160868000
1776160870.166,70.166,0.12,2.84,0.11,81.19,0.1,130.0,0.09,65.0,0.08,199.9,0.13,214.5,0.14,177.62,0.15,167.5,0.16,278.49,0.17,297.0,0.86,111.62,0.85,42.5,0.84,118.5,0.83,119.47,0.82,223.49,0.88,74.07,0.89,36.79,0.9,46.0,0.91,65.0,0.92,199.9,0.01,0.02,2386.112345,1776160868000
1776160870.573,70.573,0.11,68.11,0.1,90.4,0.09,44.0,0.08,74.9,0.07,212.3,0.13,199.5,0.14,191.62,0.15,217.44,0.16,276.5,0.17,235.0,0.87,214.5,0.86,177.62,0.85,167.5,0.84,278.49,0.83,297.0,0.88,2.84,0.89,81.19,0.9,130.0,0.91,65.0,0.92,199.9,0.02,0.01,2385.71542,1776160869000
1776160871.286,71.286,0.11,50.29,0.1,135.0,0.09,65.0,0.08,95.9,0.07,207.3,0.12,186.5,0.13,171.5,0.14,157.62,0.15,169.5,0.16,281.5,0.88,186.5,0.87,171.5,0.86,157.62,0.85,169.5,0.84,281.5,0.89,50.29,0.9,135.0,0.91,65.0,0.92,95.9,0.93,207.3,0.01,0.01,2385.578675,1776160870000
1776160871.629,71.629,0.11,107.46,0.1,156.0,0.09,128.0,0.08,142.9,0.07,212.3,0.12,229.9,0.13,173.5,0.14,157.62,0.15,160.5,0.16,281.5,0.88,186.5,0.87,171.5,0.86,157.62,0.85,169.5,0.84,281.5,0.89,50.29,0.9,135.0,0.91,65.0,0.92,95.9,0.93,207.3,0.01,0.01,2385.578675,1776160870000
1776160871.947,71.947,0.11,96.22,0.1,156.0,0.09,128.0,0.08,142.9,0.07,219.3,0.12,229.9,0.13,173.5,0.14,157.62,0.15,160.5,0.16,281.5,0.88,229.9,0.87,173.5,0.86,157.62,0.85,160.5,0.84,281.5,0.89,96.22,0.9,156.0,0.91,128.0,0.92,142.9,0.93,219.3,0.01,0.01,2385.550565,1776160871000
1776160872.528,72.528,0.11,178.7,0.1,333.29,0.09,233.0,0.08,231.9,0.07,224.3,0.13,45.06,0.14,53.62,0.15,50.5,0.16,130.5,0.17,110.0,0.88,19.4,0.87,161.0,0.86,146.62,0.85,150.5,0.84,230.5,0.89,196.4,0.9,190.5,0.91,133.0,0.92,231.9,0.93,224.3,0.02,0.01,2385.550565,1776160871000
1776160873.067,73.067,0.11,182.56,0.1,333.29,0.09,233.0,0.08,231.9,0.07,224.3,0.13,45.06,0.14,53.62,0.15,50.5,0.16,130.5,0.17,110.0,0.87,45.06,0.86,53.62,0.85,50.5,0.84,130.5,0.83,110.0,0.89,182.56,0.9,333.29,0.91,233.0,0.92,231.9,0.93,224.3,0.02,0.02,2385.2275,1776160872000
1776160873.679,73.679,0.11,183.16,0.1,327.79,0.09,240.0,0.08,231.9,0.07,217.3,0.13,38.86,0.14,53.62,0.15,50.5,0.16,130.5,0.17,110.0,0.87,45.06,0.86,53.62,0.85,50.5,0.84,130.5,0.83,110.0,0.89,182.56,0.9,333.29,0.91,233.0,0.92,231.9,0.93,224.3,0.02,0.02,2385.2275,1776160872000
1776160874.537,74.537,0.11,11.07,0.1,59.4,0.09,140.0,0.08,250.9,0.07,219.3,0.13,211.5,0.14,58.62,0.15,99.5,0.16,200.49,0.17,161.0,0.87,33.5,0.86,33.62,0.85,50.5,0.84,130.5,0.83,110.0,0.88,69.2,0.89,122.76,0.9,91.0,0.91,240.0,0.92,231.9,0.02,0.01,2385.2275,1776160872000
1776160875.17,75.17,0.1,42.47,0.09,140.0,0.08,250.9,0.07,219.3,0.06,302.6,0.12,25.5,0.13,198.5,0.14,58.62,0.15,99.5,0.16,200.49,0.88,25.5,0.87,198.5,0.86,58.62,0.85,99.5,0.84,200.49,0.9,42.47,0.91,140.0,0.92,250.9,0.93,219.3,0.94,302.6,0.02,0.02,2385.41344,1776160874000
1776160875.548,75.548,0.1,9.6,0.09,108.4,0.08,238.9,0.07,219.3,0.06,302.6,0.11,93.5,0.12,112.5,0.13,227.5,0.14,147.62,0.15,99.5,0.88,25.5,0.87,198.5,0.86,58.62,0.85,99.5,0.84,200.49,0.9,42.47,0.91,140.0,0.92,250.9,0.93,219.3,0.94,302.6,0.01,0.02,2385.41344,1776160874000
1776160876.181,76.181,0.1,9.6,0.09,108.4,0.08,175.9,0.07,219.3,0.06,302.6,0.11,30.3,0.12,112.5,0.13,232.5,0.14,147.62,0.15,126.44,0.89,30.3,0.88,112.5,0.87,232.5,0.86,147.62,0.85,126.44,0.9,9.6,0.91,108.4,0.92,175.9,0.93,219.3,0.94,302.6,0.01,0.01,2385.36002,1776160875000
1776160876.56,76.56,0.1,8.08,0.09,44.0,0.08,97.89,0.07,249.3,0.06,202.6,0.11,66.3,0.12,130.5,0.13,232.5,0.14,368.61,0.15,135.49,0.89,30.3,0.88,112.5,0.87,232.5,0.86,147.62,0.85,126.44,0.9,9.6,0.91,108.4,0.92,175.9,0.93,219.3,0.94,302.6,0.01,0.01,2385.36002,1776160875000
1776160877.086,77.086,0.08,48.91,0.07,65.3,0.06,89.99,0.05,143.8,0.04,186.8,0.09,65.5,0.1,87.5,0.11,226.85,0.12,141.64,0.13,230.5,0.89,66.3,0.88,130.5,0.87,232.5,0.86,368.61,0.85,135.49,0.9,8.08,0.91,44.0,0.92,97.89,0.93,249.3,0.94,202.6,0.01,0.01,2385.36002,1776160875000
1776160877.335,77.335,0.07,35.31,0.06,84.6,0.05,328.19,0.04,431.8,0.03,581.7,0.09,180.5,0.1,290.49,0.11,104.99,0.12,125.59,0.13,141.5,0.91,65.5,0.9,87.5,0.89,226.85,0.88,141.64,0.87,230.5,0.92,48.91,0.93,65.3,0.94,89.99,0.95,143.8,0.96,186.8,0.02,0.01,2385.14248,1776160876000
1776160878.249,78.249,0.07,31.9,0.06,84.6,0.05,328.19,0.04,431.8,0.03,581.7,0.08,10.0,0.09,170.5,0.1,283.49,0.11,104.99,0.12,125.59,0.92,10.0,0.91,170.5,0.9,283.49,0.89,104.99,0.88,125.59,0.93,31.9,0.94,84.6,0.95,328.19,0.96,431.8,0.97,581.7,0.01,0.01,2385.12115,1776160877000
1776160878.703,78.703,0.06,129.01,0.05,178.79,0.04,472.8,0.03,483.7,0.02,709.7,0.08,142.14,0.09,162.5,0.1,340.58,0.11,174.99,0.12,125.59,0.92,10.0,0.91,170.5,0.9,283.49,0.89,104.99,0.88,125.59,0.93,31.9,0.94,84.6,0.95,328.19,0.96,431.8,0.97,581.7,0.02,0.01,2385.12115,1776160877000
1776160879.039,79.039,0.06,9.84,0.05,100.8,0.04,388.79,0.03,793.7,0.02,711.7,0.07,51.5,0.08,372.13,0.09,286.49,0.1,76.59,0.11,40.0,0.92,142.14,0.91,162.5,0.9,340.58,0.89,174.99,0.88,125.59,0.94,129.01,0.95,178.79,0.96,472.8,0.97,483.7,0.98,709.7,0.01,0.02,2385.12115,1776160877000
1776160879.267,79.267,0.05,121.0,0.04,369.79,0.03,793.7,0.02,1121.7,0.01,3200.69,0.06,87.09,0.07,60.5,0.08,360.13,0.09,275.49,0.1,71.59,0.94,39.49,0.93,81.5,0.92,372.13,0.91,286.49,0.9,66.59,0.95,100.8,0.96,388.79,0.97,793.7,0.98,721.7,0.99,3200.69,0.01,0.01,2385.12115,1776160877000
1776160879.555,79.555,0.05,115.66,0.04,390.79,0.03,793.7,0.02,1121.7,0.01,3200.69,0.06,104.09,0.07,67.5,0.08,483.54,0.09,265.49,0.1,66.59,0.94,87.09,0.93,60.5,0.92,360.13,0.91,275.49,0.9,71.59,0.95,121.0,0.96,369.79,0.97,793.7,0.98,1121.7,0.99,3200.69,0.01,0.01,2384.83376,1776160878000
1776160879.843,79.843,0.05,104.18,0.04,369.79,0.03,751.7,0.02,1121.7,0.01,3200.69,0.06,92.09,0.07,67.5,0.08,360.13,0.09,265.49,0.1,66.59,0.94,104.09,0.93,67.5,0.92,360.13,0.91,265.49,0.9,66.59,0.95,113.66,0.96,390.79,0.97,793.7,0.98,1121.7,0.99,3200.69,0.01,0.01,2384.83376,1776160878000
1776160880.231,80.231,0.05,91.06,0.04,412.79,0.03,851.7,0.02,942.7,0.01,3195.69,0.06,47.09,0.07,57.5,0.08,334.13,0.09,265.49,0.1,66.59,0.94,592.91,0.93,57.5,0.92,334.13,0.91,265.49,0.9,66.59,0.95,99.7,0.96,391.79,0.97,751.7,0.98,1121.7,0.99,3195.69,0.01,0.01,2384.75222,1776160879000
1776160881.018,81.018,0.05,91.06,0.04,412.79,0.03,851.7,0.02,942.7,0.01,3195.69,0.06,47.09,0.07,57.5,0.08,334.13,0.09,265.49,0.1,66.59,0.94,47.09,0.93,57.5,0.92,334.13,0.91,265.49,0.9,66.59,0.95,91.06,0.96,412.79,0.97,851.7,0.98,942.7,0.99,3195.69,0.01,0.01,2384.361732,1776160880000
1776160881.364,81.364,0.05,91.06,0.04,554.79,0.03,851.7,0.02,1047.7,0.01,3195.69,0.06,606.01,0.07,62.5,0.08,307.99,0.09,156.49,0.1,55.59,0.94,47.09,0.93,57.5,0.92,334.13,0.91,265.49,0.9,66.59,0.95,91.06,0.96,412.79,0.97,851.7,0.98,942.7,0.99,3195.69,0.01,0.01,2384.361732,1776160880000
1776160881.808,81.808,0.05,112.06,0.04,491.79,0.03,851.7,0.02,1047.7,0.01,3216.69,0.06,575.39,0.07,201.8,0.08,308.13,0.09,156.49,0.1,155.59,0.94,606.01,0.93,62.5,0.92,307.99,0.91,156.49,0.9,55.59,0.95,91.06,0.96,554.79,0.97,851.7,0.98,1047.7,0.99,3195.69,0.01,0.01,2384.361732,1776160880000
1776160882.301,82.301,0.05,71.06,0.04,408.8,0.03,857.09,0.02,1582.7,0.01,3209.69,0.06,32.59,0.07,57.5,0.08,354.13,0.09,156.49,0.1,155.59,0.94,575.39,0.93,201.8,0.92,308.13,0.91,156.49,0.9,155.59,0.95,112.06,0.96,491.79,0.97,851.7,0.98,1047.7,0.99,3216.69,0.01,0.01,2384.05989,1776160881000
1776160882.79,82.79,0.05,112.06,0.04,614.79,0.03,950.7,0.02,532.7,0.01,3234.69,0.06,561.0,0.07,200.8,0.08,124.14,0.09,275.49,0.1,179.59,0.94,32.59,0.93,57.5,0.92,354.13,0.91,156.49,0.9,155.59,0.95,71.06,0.96,408.8,0.97,857.09,0.98,1582.7,0.99,3209.69,0.01,0.01,2384.05989,1776160881000
1776160883.064,83.064,0.05,111.0,0.04,614.79,0.03,950.7,0.02,532.7,0.01,3234.69,0.06,561.0,0.07,200.8,0.08,124.14,0.09,275.49,0.1,179.59,0.94,561.0,0.93,200.8,0.92,124.14,0.91,275.49,0.9,179.59,0.95,111.0,0.96,614.79,0.97,950.7,0.98,532.7,0.99,3234.69,0.01,0.01,2384.307066,1776160882000
1776160883.664,83.664,0.05,108.2,0.04,690.0,0.03,861.7,0.02,541.7,0.01,3213.69,0.06,30.77,0.07,71.5,0.08,124.14,0.09,258.49,0.1,174.59,0.94,561.0,0.93,200.8,0.92,124.14,0.91,275.49,0.9,179.59,0.95,111.0,0.96,614.79,0.97,950.7,0.98,532.7,0.99,3234.69,0.01,0.01,2384.307066,1776160882000
1776160884.161,84.161,0.05,108.2,0.04,690.0,0.03,861.7,0.02,541.7,0.01,3213.69,0.06,30.77,0.07,71.5,0.08,124.14,0.09,258.49,0.1,174.59,0.94,30.77,0.93,71.5,0.92,124.14,0.91,258.49,0.9,174.59,0.95,108.2,0.96,690.0,0.97,861.7,0.98,541.7,0.99,3213.69,0.01,0.01,2384.07454,1776160883000
1776160884.67,84.67,0.04,394.42,0.03,872.7,0.02,568.7,0.01,3255.69,,,0.05,10.7,0.06,64.77,0.07,70.5,0.08,312.13,0.09,146.64,0.94,30.77,0.93,71.5,0.92,124.14,0.91,258.49,0.9,174.59,0.95,108.2,0.96,690.0,0.97,861.7,0.98,541.7,0.99,3213.69,0.01,0.01,2384.07454,1776160883000
1776160885.193,85.193,0.04,390.24,0.03,872.7,0.02,568.7,0.01,3255.69,,,0.06,66.02,0.07,70.5,0.08,326.13,0.09,146.64,0.1,71.59,0.94,235.54,0.93,75.5,0.92,312.13,0.91,146.64,0.9,769.67,0.96,384.42,0.97,872.7,0.98,568.7,0.99,3255.69,,,0.02,0.02,2384.07454,1776160883000
1776160885.511,85.511,0.05,17.43,0.04,390.24,0.03,872.7,0.02,568.7,0.01,3175.69,0.06,655.15,0.07,228.38,0.08,326.13,0.09,171.64,0.1,71.59,0.94,66.02,0.93,70.5,0.92,326.13,0.91,146.64,0.9,71.59,0.96,390.24,0.97,872.7,0.98,568.7,0.99,3255.69,,,0.01,0.02,2384.278436,1776160884000
1776160886.298,86.298,0.05,17.43,0.04,390.24,0.03,872.7,0.02,568.7,0.01,3175.69,0.06,655.15,0.07,228.38,0.08,326.13,0.09,171.64,0.1,71.59,0.94,655.15,0.93,228.38,0.92,326.13,0.91,171.64,0.9,71.59,0.95,17.43,0.96,390.24,0.97,872.7,0.98,568.7,0.99,3175.69,0.01,0.01,2384.1922,1776160885000
1776160887.433,87.433,0.05,16.71,0.04,401.23,0.03,878.7,0.02,568.7,0.01,3255.69,0.06,598.11,0.07,225.8,0.08,339.13,0.09,146.64,0.1,71.59,0.94,598.11,0.93,225.8,0.92,339.13,0.91,146.64,0.9,71.59,0.95,16.71,0.96,401.23,0.97,878.7,0.98,568.7,0.99,3255.69,0.01,0.01,2384.018792,1776160886000
1776160888.19,88.19,0.05,16.71,0.04,401.23,0.03,878.7,0.02,568.7,0.01,3255.69,0.06,598.11,0.07,225.8,0.08,339.13,0.09,146.64,0.1,71.59,0.94,598.11,0.93,225.8,0.92,339.13,0.91,146.64,0.9,71.59,0.95,16.71,0.96,401.23,0.97,878.7,0.98,568.7,0.99,3255.69,0.01,0.01,2384.061235,1776160887000
1776160888.426,88.426,0.05,308.98,0.04,663.79,0.03,576.7,0.02,971.7,0.01,3234.69,0.07,7.0,0.08,108.64,0.09,37.5,0.1,289.44,0.11,121.0,0.93,45.0,0.92,108.64,0.91,37.5,0.9,289.44,0.89,100.0,0.95,300.69,0.96,410.85,0.97,551.7,0.98,971.7,0.99,3234.69,0.02,0.02,2384.061235,1776160887000
1776160889.185,89.185,0.05,308.98,0.04,663.79,0.03,576.7,0.02,971.7,0.01,3234.69,0.07,7.0,0.08,108.64,0.09,37.5,0.1,289.44,0.11,121.0,0.93,7.0,0.92,108.64,0.91,37.5,0.9,289.44,0.89,121.0,0.95,308.98,0.96,663.79,0.97,576.7,0.98,971.7,0.99,3234.69,0.02,0.02,2384.03004,1776160888000
1776160890.106,90.106,0.06,131.71,0.05,283.99,0.04,684.79,0.03,597.7,0.02,971.7,0.08,124.14,0.09,37.5,0.1,289.44,0.11,151.0,0.12,182.09,0.93,7.0,0.92,108.64,0.91,37.5,0.9,289.44,0.89,121.0,0.95,308.98,0.96,663.79,0.97,576.7,0.98,971.7,0.99,3234.69,0.02,0.02,2384.03004,1776160888000
1776160891.135,91.135,0.06,131.71,0.05,283.99,0.04,684.79,0.03,597.7,0.02,971.7,0.08,124.14,0.09,37.5,0.1,289.44,0.11,151.0,0.12,182.09,0.92,124.14,0.91,37.5,0.9,289.44,0.89,151.0,0.88,182.09,0.94,131.71,0.95,283.99,0.96,684.79,0.97,597.7,0.98,971.7,0.02,0.02,2384.488235,1776160890000
1776160891.939,91.939,0.07,133.84,0.06,164.0,0.05,254.99,0.04,543.65,0.03,985.7,0.08,614.15,0.09,128.11,0.1,258.58,0.11,80.0,0.12,90.09,0.92,93.64,0.91,15.0,0.9,258.58,0.89,80.0,0.88,132.09,0.93,128.84,0.94,164.0,0.95,309.79,0.96,543.65,0.97,985.7,0.01,0.01,2384.488235,1776160890000
1776160892.194,92.194,0.07,133.84,0.06,164.0,0.05,254.99,0.04,543.65,0.03,985.7,0.08,614.15,0.09,128.11,0.1,258.58,0.11,80.0,0.12,90.09,0.92,614.15,0.91,128.11,0.9,258.58,0.89,80.0,0.88,90.09,0.93,133.84,0.94,164.0,0.95,254.99,0.96,543.65,0.97,985.7,0.01,0.01,2384.48833,1776160891000
1776160893.139,93.139,0.07,133.84,0.06,164.0,0.05,254.99,0.04,543.65,0.03,985.7,0.08,614.15,0.09,128.11,0.1,258.58,0.11,80.0,0.12,90.09,0.92,614.15,0.91,128.11,0.9,258.58,0.89,80.0,0.88,90.09,0.93,133.84,0.94,164.0,0.95,254.99,0.96,543.65,0.97,985.7,0.01,0.01,2384.48802,1776160892000
1776160893.673,93.673,0.07,147.76,0.06,164.0,0.05,302.79,0.04,543.65,0.03,585.7,0.08,182.78,0.09,20.0,0.1,258.58,0.11,85.0,0.12,90.09,0.92,614.15,0.91,128.11,0.9,258.58,0.89,80.0,0.88,90.09,0.93,133.84,0.94,164.0,0.95,254.99,0.96,543.65,0.97,985.7,0.01,0.01,2384.48802,1776160892000
1776160894.148,94.148,0.07,147.76,0.06,164.0,0.05,302.79,0.04,543.65,0.03,585.7,0.08,182.78,0.09,20.0,0.1,258.58,0.11,85.0,0.12,90.09,0.92,182.78,0.91,20.0,0.9,258.58,0.89,85.0,0.88,90.09,0.93,147.76,0.94,164.0,0.95,302.79,0.96,543.65,0.97,585.7,0.01,0.01,2384.570375,1776160893000
1776160894.699,94.699,0.07,157.76,0.06,164.0,0.05,302.79,0.04,543.65,0.03,991.7,0.08,730.09,0.09,128.11,0.1,277.58,0.11,85.0,0.12,90.09,0.92,182.78,0.91,20.0,0.9,258.58,0.89,85.0,0.88,90.09,0.93,147.76,0.94,164.0,0.95,302.79,0.96,543.65,0.97,585.7,0.01,0.01,2384.570375,1776160893000
1776160895.213,95.213,0.07,157.76,0.06,164.0,0.05,302.79,0.04,543.65,0.03,991.7,0.08,730.09,0.09,128.11,0.1,277.58,0.11,85.0,0.12,90.09,0.92,730.09,0.91,128.11,0.9,277.58,0.89,85.0,0.88,90.09,0.93,157.76,0.94,164.0,0.95,302.79,0.96,543.65,0.97,991.7,0.01,0.01,2384.708823,1776160894000
1776160895.428,95.428,0.07,229.76,0.06,110.0,0.05,357.79,0.04,543.65,0.03,991.7,0.08,635.18,0.09,123.11,0.1,261.58,0.11,85.0,0.12,90.09,0.92,730.09,0.91,128.11,0.9,277.58,0.89,85.0,0.88,90.09,0.93,157.76,0.94,164.0,0.95,302.79,0.96,543.65,0.97,991.7,0.01,0.01,2384.708823,1776160894000
1776160895.965,95.965,0.07,229.76,0.06,110.0,0.05,357.79,0.04,543.65,0.03,991.7,0.08,603.89,0.09,128.11,0.1,250.58,0.11,85.0,0.12,90.09,0.92,635.18,0.91,123.11,0.9,261.58,0.89,85.0,0.88,90.09,0.93,229.76,0.94,110.0,0.95,357.79,0.96,543.65,0.97,991.7,0.01,0.01,2384.708823,1776160894000
1776160897.058,97.058,0.07,229.76,0.06,110.0,0.05,357.79,0.04,543.65,0.03,991.7,0.08,603.89,0.09,128.11,0.1,250.58,0.11,85.0,0.12,90.09,0.92,603.89,0.91,128.11,0.9,250.58,0.89,85.0,0.88,90.09,0.93,229.76,0.94,110.0,0.95,357.79,0.96,543.65,0.97,991.7,0.01,0.01,2384.695654,1776160896000
1776160898.086,98.086,0.07,229.76,0.06,110.0,0.05,357.79,0.04,543.65,0.03,991.7,0.08,603.89,0.09,128.11,0.1,250.58,0.11,85.0,0.12,90.09,0.92,603.89,0.91,128.11,0.9,250.58,0.89,85.0,0.88,90.09,0.93,229.76,0.94,110.0,0.95,357.79,0.96,543.65,0.97,991.7,0.01,0.01,2384.60073,1776160897000
1776160898.668,98.668,0.07,235.36,0.06,110.0,0.05,379.79,0.04,543.65,0.03,1185.7,0.08,659.43,0.09,128.11,0.1,249.58,0.11,91.0,0.12,111.09,0.92,603.89,0.91,128.11,0.9,250.58,0.89,85.0,0.88,90.09,0.93,229.76,0.94,110.0,0.95,357.79,0.96,543.65,0.97,991.7,0.01,0.01,2384.60073,1776160897000
1776160899.039,99.039,0.07,150.36,0.06,110.0,0.05,379.79,0.04,543.65,0.03,1185.7,0.08,102.61,0.09,20.0,0.1,52.59,0.11,282.85,0.12,167.09,0.92,659.43,0.91,128.11,0.9,249.58,0.89,91.0,0.88,111.09,0.93,235.36,0.94,110.0,0.95,379.79,0.96,543.65,0.97,1185.7,0.01,0.01,2384.60073,1776160897000
1776160900.078,100.078,0.07,150.36,0.06,110.0,0.05,379.79,0.04,543.65,0.03,1185.7,0.08,102.61,0.09,20.0,0.1,52.59,0.11,282.85,0.12,167.09,0.92,102.61,0.91,20.0,0.9,52.59,0.89,282.85,0.88,167.09,0.93,150.36,0.94,110.0,0.95,379.79,0.96,543.65,0.97,1185.7,0.01,0.01,2384.700565,1776160899000
1776160900.358,100.358,0.07,143.36,0.06,110.0,0.05,354.79,0.04,593.05,0.03,1179.7,0.08,102.61,0.09,128.11,0.1,52.59,0.11,282.85,0.12,197.09,0.92,102.61,0.91,20.0,0.9,52.59,0.89,282.85,0.88,167.09,0.93,142.36,0.94,110.0,0.95,354.79,0.96,593.05,0.97,1185.7,0.01,0.01,2384.700565,1776160899000
1776160900.755,100.755,0.07,136.36,0.06,110.0,0.05,354.79,0.04,593.05,0.03,1179.7,0.08,102.61,0.09,20.0,0.1,52.59,0.11,282.85,0.12,167.09,0.92,102.61,0.91,128.11,0.9,52.59,0.89,282.85,0.88,197.09,0.93,143.36,0.94,110.0,0.95,354.79,0.96,593.05,0.97,1179.7,0.01,0.01,2384.700565,1776160899000
1776160901.227,101.227,0.07,139.2,0.06,110.0,0.05,354.79,0.04,593.05,0.03,1179.7,0.08,102.61,0.09,20.0,0.1,52.59,0.11,282.85,0.12,167.09,0.92,102.61,0.91,20.0,0.9,52.59,0.89,282.85,0.88,167.09,0.93,136.36,0.94,110.0,0.95,354.79,0.96,593.05,0.97,1179.7,0.01,0.01,2384.700565,1776160899000
1776160902.338,102.338,0.07,139.2,0.06,110.0,0.05,354.79,0.04,593.05,0.03,1179.7,0.08,102.61,0.09,20.0,0.1,52.59,0.11,282.85,0.12,167.09,0.92,102.61,0.91,20.0,0.9,52.59,0.89,282.85,0.88,167.09,0.93,139.2,0.94,110.0,0.95,354.79,0.96,593.05,0.97,1179.7,0.01,0.01,2384.713608,1776160901000
1776160903.121,103.121,0.07,39.5,0.06,178.0,0.05,354.79,0.04,568.05,0.03,1079.7,0.08,95.11,0.09,20.0,0.1,265.58,0.11,91.0,0.12,166.09,0.92,107.61,0.91,20.0,0.9,265.58,0.89,91.0,0.88,136.09,0.93,103.5,0.94,110.0,0.95,354.79,0.96,568.05,0.97,1079.7,0.01,0.01,2384.713608,1776160901000
1776160903.54,103.54,0.07,39.5,0.06,178.0,0.05,354.79,0.04,568.05,0.03,1079.7,0.08,95.11,0.09,20.0,0.1,265.58,0.11,91.0,0.12,166.09,0.92,95.11,0.91,20.0,0.9,265.58,0.89,91.0,0.88,166.09,0.93,39.5,0.94,178.0,0.95,354.79,0.96,568.05,0.97,1079.7,0.01,0.01,2384.752305,1776160902000
1776160903.984,103.984,0.07,39.5,0.06,178.0,0.05,354.79,0.04,568.05,0.03,1079.7,0.09,3.9,0.1,276.58,0.11,91.0,0.12,166.09,0.13,203.0,0.92,635.27,0.91,128.11,0.9,276.58,0.89,91.0,0.88,166.09,0.93,39.5,0.94,178.0,0.95,354.79,0.96,568.05,0.97,1079.7,0.02,0.01,2384.752305,1776160902000
1776160904.623,104.623,0.07,39.5,0.06,178.0,0.05,354.79,0.04,568.05,0.03,1079.7,0.09,3.9,0.1,276.58,0.11,91.0,0.12,166.09,0.13,203.0,0.91,3.9,0.9,276.58,0.89,91.0,0.88,166.09,0.87,203.0,0.93,39.5,0.94,178.0,0.95,354.79,0.96,568.05,0.97,1079.7,0.02,0.02,2384.756525,1776160903000
1776160905.223,105.223,0.07,39.5,0.06,178.0,0.05,354.79,0.04,568.05,0.03,1079.7,0.09,3.9,0.1,276.58,0.11,91.0,0.12,166.09,0.13,203.0,0.91,3.9,0.9,276.58,0.89,91.0,0.88,166.09,0.87,203.0,0.93,39.5,0.94,178.0,0.95,354.79,0.96,568.05,0.97,1079.7,0.02,0.02,2384.76117,1776160904000
1776160906.442,106.442,0.07,39.5,0.06,178.0,0.05,354.79,0.04,568.05,0.03,1079.7,0.09,3.9,0.1,276.58,0.11,91.0,0.12,166.09,0.13,203.0,0.91,3.9,0.9,276.58,0.89,91.0,0.88,166.09,0.87,203.0,0.93,39.5,0.94,178.0,0.95,354.79,0.96,568.05,0.97,1079.7,0.02,0.02,2384.757485,1776160905000
1776160906.982,106.982,0.07,39.5,0.06,178.0,0.05,354.79,0.04,568.05,0.03,1079.7,0.09,3.9,0.1,276.58,0.11,91.0,0.12,166.09,0.13,203.0,0.91,3.9,0.9,276.58,0.89,91.0,0.88,166.09,0.87,203.0,0.93,39.5,0.94,178.0,0.95,354.79,0.96,568.05,0.97,1079.7,0.02,0.02,2384.75748,1776160906000
1776160908.353,108.353,0.07,39.5,0.06,178.0,0.05,354.79,0.04,568.05,0.03,1079.7,0.09,3.9,0.1,276.58,0.11,91.0,0.12,166.09,0.13,203.0,0.91,3.9,0.9,276.58,0.89,91.0,0.88,166.09,0.87,203.0,0.93,39.5,0.94,178.0,0.95,354.79,0.96,568.05,0.97,1079.7,0.02,0.02,2384.885837,1776160907000
1776160909.539,109.539,0.07,39.5,0.06,178.0,0.05,354.79,0.04,568.05,0.03,1079.7,0.09,3.9,0.1,276.58,0.11,91.0,0.12,166.09,0.13,203.0,0.91,3.9,0.9,276.58,0.89,91.0,0.88,166.09,0.87,203.0,0.93,39.5,0.94,178.0,0.95,354.79,0.96,568.05,0.97,1079.7,0.02,0.02,2384.73648,1776160908000
1776160910.3,110.3,0.07,39.5,0.06,178.0,0.05,354.79,0.04,568.05,0.03,1079.7,0.09,3.9,0.1,276.58,0.11,91.0,0.12,166.09,0.13,203.0,0.91,3.9,0.9,276.58,0.89,91.0,0.88,166.09,0.87,203.0,0.93,39.5,0.94,178.0,0.95,354.79,0.96,568.05,0.97,1079.7,0.02,0.02,2384.71648,1776160909000
1776160911.066,111.066,0.07,39.5,0.06,178.0,0.05,354.79,0.04,568.05,0.03,1079.7,0.09,3.9,0.1,276.58,0.11,91.0,0.12,166.09,0.13,203.0,0.91,3.9,0.9,276.58,0.89,91.0,0.88,166.09,0.87,203.0,0.93,39.5,0.94,178.0,0.95,354.79,0.96,568.05,0.97,1079.7,0.02,0.02,2384.712045,1776160910000
1776160912.529,112.529,0.07,39.5,0.06,178.0,0.05,354.79,0.04,568.05,0.03,1079.7,0.09,3.9,0.1,276.58,0.11,91.0,0.12,166.09,0.13,203.0,0.91,3.9,0.9,276.58,0.89,91.0,0.88,166.09,0.87,203.0,0.93,39.5,0.94,178.0,0.95,354.79,0.96,568.05,0.97,1079.7,0.02,0.02,2384.804846,1776160911000
1776160913.236,113.236,0.07,39.5,0.06,178.0,0.05,354.79,0.04,568.05,0.03,1079.7,0.09,3.9,0.1,276.58,0.11,91.0,0.12,166.09,0.13,203.0,0.91,3.9,0.9,276.58,0.89,91.0,0.88,166.09,0.87,203.0,0.93,39.5,0.94,178.0,0.95,354.79,0.96,568.05,0.97,1079.7,0.02,0.02,2384.69482,1776160912000
1776160914.201,114.201,0.08,25.18,0.07,73.6,0.06,73.0,0.05,254.99,0.04,578.05,0.09,336.41,0.1,89.23,0.11,33.0,0.12,90.09,0.13,233.0,0.91,3.9,0.9,276.58,0.89,91.0,0.88,166.09,0.87,203.0,0.93,39.5,0.94,178.0,0.95,354.79,0.96,568.05,0.97,1079.7,0.01,0.02,2384.69482,1776160912000
1776160914.583,114.583,0.08,332.18,0.07,132.6,0.06,327.99,0.05,409.79,0.04,346.05,0.09,31.42,0.1,10.09,0.11,276.99,0.12,157.09,0.13,90.0,0.91,336.41,0.9,89.23,0.89,33.0,0.88,90.09,0.87,233.0,0.92,25.18,0.93,73.6,0.94,73.0,0.95,254.99,0.96,578.05,0.01,0.01,2384.69482,1776160912000
1776160914.911,114.911,0.08,291.18,0.07,137.6,0.06,327.99,0.05,430.79,0.04,376.05,0.09,3.42,0.1,10.09,0.11,276.99,0.12,157.09,0.13,90.0,0.91,3.42,0.9,10.09,0.89,276.99,0.88,157.09,0.87,90.0,0.92,291.18,0.93,137.6,0.94,327.99,0.95,430.79,0.96,376.05,0.01,0.01,2384.706135,1776160913000
1776160915.59,115.59,0.08,291.18,0.07,137.6,0.06,327.99,0.05,430.79,0.04,376.05,0.09,3.42,0.1,10.09,0.11,276.99,0.12,157.09,0.13,90.0,0.91,3.42,0.9,10.09,0.89,276.99,0.88,157.09,0.87,90.0,0.92,291.18,0.93,137.6,0.94,327.99,0.95,430.79,0.96,376.05,0.01,0.01,2384.727275,1776160914000
1776160916.284,116.284,0.08,311.18,0.07,295.89,0.06,411.4,0.05,317.8,0.04,346.05,0.11,11.6,0.12,237.08,0.13,79.0,0.14,115.0,0.15,48.0,0.91,3.42,0.9,10.09,0.89,276.99,0.88,157.09,0.87,90.0,0.92,291.18,0.93,137.6,0.94,327.99,0.95,430.79,0.96,376.05,0.03,0.01,2384.727275,1776160914000
1776160916.58,116.58,0.08,311.18,0.07,295.89,0.06,411.4,0.05,317.8,0.04,346.05,0.11,11.6,0.12,237.08,0.13,79.0,0.14,115.0,0.15,48.0,0.89,11.6,0.88,237.08,0.87,79.0,0.86,115.0,0.85,48.0,0.92,311.18,0.93,295.89,0.94,411.4,0.95,317.8,0.96,346.05,0.03,0.03,2384.848223,1776160915000
1776160917.492,117.492,0.08,311.18,0.07,295.89,0.06,411.4,0.05,317.8,0.04,346.05,0.11,11.6,0.12,237.08,0.13,79.0,0.14,115.0,0.15,48.0,0.89,11.6,0.88,237.08,0.87,79.0,0.86,115.0,0.85,48.0,0.92,311.18,0.93,295.89,0.94,411.4,0.95,317.8,0.96,346.05,0.03,0.03,2385.019066,1776160916000
1776160917.969,117.969,0.1,181.16,0.09,208.12,0.08,241.39,0.07,351.3,0.06,274.8,0.11,6.0,0.12,73.09,0.13,25.0,0.14,268.35,0.15,27.0,0.89,11.6,0.88,237.08,0.87,79.0,0.86,115.0,0.85,48.0,0.92,311.18,0.93,295.89,0.94,411.4,0.95,317.8,0.96,346.05,0.01,0.03,2385.019066,1776160916000
1776160918.262,118.262,0.1,243.66,0.09,215.12,0.08,265.99,0.07,344.3,0.06,274.8,0.12,135.09,0.13,25.5,0.14,268.35,0.15,69.0,0.16,116.0,0.88,135.09,0.87,25.5,0.86,268.35,0.85,69.0,0.84,116.0,0.9,243.66,0.91,215.12,0.92,265.99,0.93,344.3,0.94,274.8,0.02,0.02,2385.241126,1776160917000
1776160918.55,118.55,0.11,45.0,0.1,184.16,0.09,158.12,0.08,255.0,0.07,317.29,0.12,155.59,0.13,265.49,0.14,118.5,0.15,79.0,0.16,113.0,0.88,135.09,0.87,25.5,0.86,268.35,0.85,69.0,0.84,116.0,0.9,243.66,0.91,215.12,0.92,265.99,0.93,344.3,0.94,274.8,0.01,0.02,2385.241126,1776160917000
1776160919.323,119.323,0.1,10.6,0.09,58.12,0.08,171.0,0.07,95.99,0.06,329.8,0.11,141.21,0.12,356.58,0.13,204.64,0.14,172.5,0.15,169.0,0.88,155.59,0.87,265.49,0.86,118.5,0.85,79.0,0.84,113.0,0.89,45.0,0.9,184.16,0.91,158.12,0.92,255.0,0.93,317.29,0.01,0.01,2385.241126,1776160917000
1776160919.8,119.8,0.1,25.7,0.09,163.12,0.08,171.0,0.07,65.99,0.06,296.4,0.11,7.85,0.12,448.43,0.13,210.5,0.14,172.5,0.15,169.0,0.89,141.21,0.88,356.58,0.87,204.64,0.86,172.5,0.85,169.0,0.9,10.6,0.91,58.12,0.92,171.0,0.93,95.99,0.94,329.8,0.01,0.01,2385.241126,1776160917000
1776160920.165,120.165,0.1,25.7,0.09,163.12,0.08,171.0,0.07,65.99,0.06,296.4,0.11,7.85,0.12,448.43,0.13,210.5,0.14,172.5,0.15,169.0,0.89,7.85,0.88,448.43,0.87,210.5,0.86,172.5,0.85,169.0,0.9,25.7,0.91,163.12,0.92,171.0,0.93,65.99,0.94,296.4,0.01,0.01,2385.385965,1776160919000
1776160921.125,121.125,0.1,25.7,0.09,163.12,0.08,171.0,0.07,65.99,0.06,296.4,0.11,7.85,0.12,448.43,0.13,210.5,0.14,172.5,0.15,169.0,0.89,7.85,0.88,448.43,0.87,210.5,0.86,172.5,0.85,169.0,0.9,25.7,0.91,163.12,0.92,171.0,0.93,65.99,0.94,296.4,0.01,0.01,2385.332665,1776160920000
1776160922.023,122.023,0.1,29.58,0.09,163.12,0.08,171.0,0.07,155.99,0.06,296.4,0.11,142.02,0.12,197.59,0.13,387.49,0.14,222.5,0.15,175.0,0.89,7.85,0.88,448.43,0.87,210.5,0.86,172.5,0.85,169.0,0.9,25.7,0.91,163.12,0.92,171.0,0.93,65.99,0.94,296.4,0.01,0.01,2385.332665,1776160920000
1776160922.883,122.883,0.1,24.03,0.09,220.12,0.08,114.0,0.07,155.99,0.06,296.4,0.11,89.02,0.12,198.59,0.13,355.49,0.14,222.5,0.15,175.0,0.89,142.02,0.88,197.59,0.87,387.49,0.86,222.5,0.85,175.0,0.9,29.58,0.91,163.12,0.92,171.0,0.93,155.99,0.94,296.4,0.01,0.01,2385.27938,1776160921000
1776160923.115,123.115,0.1,24.03,0.09,220.12,0.08,114.0,0.07,155.99,0.06,296.4,0.11,89.02,0.12,198.59,0.13,355.49,0.14,222.5,0.15,175.0,0.89,89.02,0.88,198.59,0.87,355.49,0.86,222.5,0.85,175.0,0.9,24.03,0.91,220.12,0.92,114.0,0.93,155.99,0.94,296.4,0.01,0.01,2385.25277,1776160922000
1776160924.095,124.095,0.1,24.03,0.09,220.12,0.08,114.0,0.07,155.99,0.06,296.4,0.11,89.02,0.12,198.59,0.13,355.49,0.14,222.5,0.15,175.0,0.89,89.02,0.88,198.59,0.87,355.49,0.86,222.5,0.85,175.0,0.9,24.03,0.91,220.12,0.92,114.0,0.93,155.99,0.94,296.4,0.01,0.01,2385.39525,1776160923000
1776160925.099,125.099,0.1,13.93,0.09,163.12,0.08,171.0,0.07,155.99,0.06,296.4,0.11,270.84,0.12,140.59,0.13,340.49,0.14,222.5,0.15,175.0,0.89,270.84,0.88,140.59,0.87,340.49,0.86,222.5,0.85,175.0,0.9,13.93,0.91,163.12,0.92,171.0,0.93,155.99,0.94,296.4,0.01,0.01,2385.23861,1776160924000
1776160926.06,126.06,0.09,94.05,0.08,47.0,0.07,21.0,0.06,305.99,0.05,225.0,0.1,21.4,0.11,645.33,0.12,232.58,0.13,157.5,0.14,297.5,0.9,21.4,0.89,645.33,0.88,232.58,0.87,157.5,0.86,297.5,0.91,94.05,0.92,47.0,0.93,21.0,0.94,305.99,0.95,225.0,0.01,0.01,2385.231055,1776160925000
1776160926.825,126.825,0.09,104.16,0.08,47.0,0.07,21.0,0.06,256.99,0.05,225.0,0.1,226.4,0.11,629.47,0.12,237.58,0.13,152.5,0.14,287.0,0.9,226.4,0.89,629.47,0.88,237.58,0.87,152.5,0.86,297.5,0.91,105.27,0.92,47.0,0.93,21.0,0.94,256.99,0.95,225.0,0.01,0.01,2385.231055,1776160925000
1776160927.027,127.027,0.09,104.16,0.08,47.0,0.07,21.0,0.06,256.99,0.05,225.0,0.1,226.4,0.11,629.47,0.12,237.58,0.13,152.5,0.14,287.0,0.9,226.4,0.89,629.47,0.88,237.58,0.87,152.5,0.86,287.0,0.91,104.16,0.92,47.0,0.93,21.0,0.94,256.99,0.95,225.0,0.01,0.01,2385.08013,1776160926000
1776160927.24,127.24,0.09,100.28,0.08,47.0,0.07,21.0,0.06,194.99,0.05,225.0,0.1,241.9,0.11,688.61,0.12,237.58,0.13,152.5,0.14,287.0,0.9,226.4,0.89,629.47,0.88,237.58,0.87,152.5,0.86,287.0,0.91,104.16,0.92,47.0,0.93,21.0,0.94,256.99,0.95,225.0,0.01,0.01,2385.08013,1776160926000
1776160927.646,127.646,0.09,10.85,0.08,10.0,0.07,48.0,0.06,21.0,0.05,303.39,0.1,460.89,0.11,491.76,0.12,167.59,0.13,231.5,0.14,252.0,0.9,241.9,0.89,688.61,0.88,237.58,0.87,152.5,0.86,312.0,0.91,99.07,0.92,47.0,0.93,21.0,0.94,194.98,0.95,225.0,0.01,0.01,2385.08013,1776160926000
1776160927.969,127.969,0.09,10.85,0.08,10.0,0.07,48.0,0.06,21.0,0.05,303.39,0.1,460.89,0.11,491.76,0.12,167.59,0.13,231.5,0.14,252.0,0.9,460.89,0.89,491.76,0.88,167.59,0.87,231.5,0.86,252.0,0.91,10.85,0.92,10.0,0.93,48.0,0.94,21.0,0.95,303.39,0.01,0.01,2384.983965,1776160927000
1776160928.356,128.356,0.09,5.76,0.08,10.0,0.07,48.0,0.06,21.0,0.05,219.99,0.1,541.29,0.11,546.76,0.12,237.59,0.13,231.5,0.14,281.9,0.9,460.89,0.89,491.76,0.88,167.59,0.87,231.5,0.86,252.0,0.91,10.85,0.92,10.0,0.93,48.0,0.94,21.0,0.95,303.39,0.01,0.01,2384.983965,1776160927000
1776160928.947,128.947,0.09,5.76,0.08,10.0,0.07,48.0,0.06,21.0,0.05,219.99,0.1,541.29,0.11,546.76,0.12,237.59,0.13,231.5,0.14,281.9,0.9,541.29,0.89,546.76,0.88,237.59,0.87,231.5,0.86,281.9,0.91,5.76,0.92,10.0,0.93,48.0,0.94,21.0,0.95,219.99,0.01,0.01,2384.958495,1776160928000
1776160929.223,129.223,0.09,0.76,0.08,10.0,0.07,10.0,0.06,60.0,0.05,194.99,0.1,551.29,0.11,566.76,0.12,262.59,0.13,231.5,0.14,281.9,0.9,541.29,0.89,546.76,0.88,237.59,0.87,231.5,0.86,281.9,0.91,5.76,0.92,10.0,0.93,48.0,0.94,21.0,0.95,219.99,0.01,0.01,2384.958495,1776160928000
1776160930.002,130.002,0.08,1.37,0.07,10.0,0.06,60.0,0.05,194.99,0.04,384.3,0.1,556.29,0.11,566.76,0.12,262.59,0.13,231.5,0.14,281.9,0.9,556.29,0.89,566.76,0.88,262.59,0.87,231.5,0.86,281.9,0.92,1.37,0.93,10.0,0.94,60.0,0.95,194.99,0.96,384.3,0.02,0.02,2384.918285,1776160929000
1776160930.975,130.975,0.07,10.0,0.06,112.0,0.05,151.99,0.04,300.5,0.03,539.7,0.08,304.19,0.09,212.5,0.1,467.49,0.11,436.34,0.12,317.59,0.92,304.19,0.91,212.5,0.9,467.49,0.89,436.34,0.88,317.59,0.93,10.0,0.94,112.0,0.95,151.99,0.96,300.5,0.97,539.7,0.01,0.01,2384.872185,1776160930000
1776160931.232,131.232,0.07,7.76,0.06,10.0,0.05,263.0,0.04,295.89,0.03,884.7,0.08,376.19,0.09,470.49,0.1,223.64,0.11,383.34,0.12,315.69,0.92,304.19,0.91,212.5,0.9,467.49,0.89,436.34,0.88,317.59,0.93,10.0,0.94,112.0,0.95,151.99,0.96,300.5,0.97,539.7,0.01,0.01,2384.872185,1776160930000
1776160931.459,131.459,0.06,10.0,0.05,183.0,0.04,202.49,0.03,784.7,0.02,409.7,0.08,568.18,0.09,273.64,0.1,161.5,0.11,480.13,0.12,285.69,0.92,376.19,0.91,470.49,0.9,223.64,0.89,383.34,0.88,315.69,0.93,7.76,0.94,10.0,0.95,263.0,0.96,295.89,0.97,884.7,0.02,0.01,2384.872185,1776160930000
1776160931.936,131.936,0.06,10.0,0.05,183.0,0.04,202.49,0.03,784.7,0.02,409.7,0.08,568.18,0.09,273.64,0.1,161.5,0.11,480.13,0.12,285.69,0.92,568.18,0.91,273.64,0.9,161.5,0.89,480.13,0.88,285.69,0.94,10.0,0.95,183.0,0.96,202.49,0.97,784.7,0.98,409.7,0.02,0.02,2384.83582,1776160931000
1776160932.272,132.272,0.04,43.5,0.03,448.99,0.02,1457.7,0.01,2743.69,,,0.06,422.03,0.07,281.0,0.08,339.7,0.09,171.5,0.1,221.5,0.93,407.14,0.92,550.19,0.91,229.5,0.9,221.5,0.89,403.63,0.95,10.0,0.96,43.5,0.97,466.59,0.98,1057.7,0.99,2753.69,0.02,0.02,2384.83582,1776160931000
1776160932.512,132.512,0.05,10.0,0.04,68.75,0.03,448.99,0.02,1057.7,0.01,2753.69,0.06,301.29,0.07,281.0,0.08,334.7,0.09,194.5,0.1,221.5,0.94,422.03,0.93,281.0,0.92,339.7,0.91,171.5,0.9,221.5,0.96,43.5,0.97,448.99,0.98,1457.7,0.99,2743.69,,,0.01,0.02,2384.83582,1776160931000
1776160932.899,132.899,0.04,38.5,0.03,431.0,0.02,773.69,0.01,3975.69,,,0.06,537.69,0.07,248.0,0.08,274.4,0.09,269.5,0.1,286.5,0.94,301.29,0.93,281.0,0.92,334.7,0.91,194.5,0.9,221.5,0.95,10.0,0.96,68.75,0.97,448.99,0.98,1057.7,0.99,2753.69,0.02,0.01,2384.83582,1776160931000
1776160933.211,133.211,0.04,35.5,0.03,431.0,0.02,773.69,0.01,3975.69,,,0.06,537.69,0.07,248.0,0.08,274.4,0.09,269.5,0.1,286.5,0.94,537.69,0.93,248.0,0.92,274.4,0.91,269.5,0.9,286.5,0.96,35.5,0.97,431.0,0.98,773.69,0.99,3975.69,,,0.02,0.02,2384.77266,1776160932000
1776160933.887,133.887,0.04,30.5,0.03,431.0,0.02,767.69,0.01,3881.69,,,0.05,325.99,0.06,381.7,0.07,208.5,0.08,199.4,0.09,269.5,0.94,537.69,0.93,248.0,0.92,274.4,0.91,269.5,0.9,286.5,0.96,35.5,0.97,431.0,0.98,773.69,0.99,3975.69,,,0.01,0.02,2384.77266,1776160932000
1776160934.127,134.127,0.04,30.5,0.03,431.0,0.02,767.69,0.01,3881.69,,,0.05,325.99,0.06,381.7,0.07,208.5,0.08,199.4,0.09,269.5,0.95,325.99,0.94,381.7,0.93,208.5,0.92,199.4,0.91,269.5,0.96,30.5,0.97,431.0,0.98,767.69,0.99,3881.69,,,0.01,0.01,2384.383915,1776160933000
1776160935.042,135.042,0.04,4.73,0.03,431.0,0.02,712.69,0.01,3981.69,,,0.05,377.99,0.06,314.3,0.07,258.8,0.08,299.4,0.09,269.5,0.95,338.99,0.94,309.3,0.93,258.8,0.92,299.4,0.91,269.5,0.96,15.1,0.97,431.0,0.98,767.69,0.99,3981.69,,,0.01,0.01,2384.383915,1776160933000
1776160936.032,136.032,0.04,13.68,0.03,437.0,0.02,712.69,0.01,3981.69,,,0.05,376.99,0.06,314.3,0.07,358.8,0.08,204.4,0.09,264.5,0.95,377.99,0.94,314.3,0.93,258.8,0.92,299.4,0.91,269.5,0.96,4.73,0.97,431.0,0.98,712.69,0.99,3981.69,,,0.01,0.01,2384.107335,1776160934000
1776160936.409,136.409,0.04,4.39,0.03,437.0,0.02,528.99,0.01,4002.69,,,0.05,371.99,0.06,314.3,0.07,358.8,0.08,204.4,0.09,264.5,0.95,376.99,0.94,314.3,0.93,358.8,0.92,204.4,0.91,264.5,0.96,13.68,0.97,437.0,0.98,712.69,0.99,3981.69,,,0.01,0.01,2383.958375,1776160935000
1776160937.037,137.037,0.04,0.39,0.03,437.0,0.02,528.99,0.01,3881.69,,,0.05,441.99,0.06,303.0,0.07,346.8,0.08,204.4,0.09,285.5,0.95,371.99,0.94,314.3,0.93,358.8,0.92,204.4,0.91,264.5,0.96,4.39,0.97,437.0,0.98,528.99,0.99,4002.69,,,0.01,0.01,2383.958375,1776160935000
1776160937.831,137.831,0.03,322.0,0.02,573.99,0.01,4270.69,,,,,0.05,471.99,0.06,208.8,0.07,506.8,0.08,120.4,0.09,180.5,0.95,326.99,0.94,245.0,0.93,376.8,0.92,204.4,0.91,285.5,0.96,0.39,0.97,379.0,0.98,586.99,0.99,3881.69,,,0.02,0.01,2383.8536,1776160936000
1776160938.961,138.961,0.03,322.0,0.02,573.99,0.01,4270.69,,,,,0.05,471.99,0.06,208.8,0.07,506.8,0.08,120.4,0.09,180.5,0.95,471.99,0.94,208.8,0.93,506.8,0.92,120.4,0.91,180.5,0.97,322.0,0.98,573.99,0.99,4270.69,,,,,0.02,0.02,2383.8156,1776160938000
1776160939.891,139.891,0.03,389.06,0.02,559.99,0.01,3966.69,,,,,0.05,318.91,0.06,293.8,0.07,506.8,0.08,99.4,0.09,159.5,0.95,318.91,0.94,293.8,0.93,506.8,0.92,99.4,0.91,159.5,0.97,389.06,0.98,559.99,0.99,3966.69,,,,,0.02,0.02,2383.78955,1776160939000
1776160940.466,140.466,0.03,393.02,0.02,562.99,0.01,3866.69,,,,,0.04,193.07,0.05,328.91,0.06,293.8,0.07,500.8,0.08,99.4,0.95,318.91,0.94,293.8,0.93,506.8,0.92,99.4,0.91,159.5,0.97,389.06,0.98,559.99,0.99,3966.69,,,,,0.01,0.02,2383.78955,1776160939000
1776160940.789,140.789,0.03,343.18,0.02,551.99,0.01,3866.69,,,,,0.04,219.07,0.05,328.91,0.06,293.8,0.07,500.8,0.08,99.4,0.96,193.07,0.95,328.91,0.94,293.8,0.93,500.8,0.92,99.4,0.97,355.64,0.98,562.99,0.99,3866.69,,,,,0.01,0.01,2383.78955,1776160939000
1776160942.008,142.008,0.03,336.11,0.02,536.39,0.01,4066.69,,,,,0.04,235.21,0.05,245.14,0.06,292.8,0.07,500.8,0.08,299.4,0.96,219.07,0.95,328.91,0.94,293.8,0.93,500.8,0.92,99.4,0.97,343.18,0.98,551.99,0.99,3866.69,,,,,0.01,0.01,2383.72879,1776160940000
1776160942.265,142.265,0.03,335.07,0.02,536.39,0.01,4066.69,,,,,0.04,235.21,0.05,245.14,0.06,292.8,0.07,500.8,0.08,299.4,0.96,235.21,0.95,245.14,0.94,292.8,0.93,500.8,0.92,299.4,0.97,335.07,0.98,536.39,0.99,4066.69,,,,,0.01,0.01,2383.73384,1776160941000
1776160942.607,142.607,0.03,333.0,0.02,531.0,0.01,4072.08,,,,,0.04,243.21,0.05,245.14,0.06,292.8,0.07,500.8,0.08,299.4,0.96,235.21,0.95,245.14,0.94,292.8,0.93,500.8,0.92,299.4,0.97,335.07,0.98,536.39,0.99,4066.69,,,,,0.01,0.01,2383.73384,1776160941000
1776160943.242,143.242,0.03,333.0,0.02,531.0,0.01,4072.08,,,,,0.04,243.21,0.05,245.14,0.06,292.8,0.07,500.8,0.08,299.4,0.96,243.21,0.95,245.14,0.94,292.8,0.93,500.8,0.92,299.4,0.97,333.0,0.98,531.0,0.99,4072.08,,,,,0.01,0.01,2383.75888,1776160942000
1776160943.607,143.607,0.03,315.21,0.02,557.0,0.01,4072.08,,,,,0.04,265.21,0.05,245.14,0.06,292.8,0.07,500.8,0.08,299.4,0.96,265.21,0.95,245.14,0.94,292.8,0.93,500.8,0.92,299.4,0.97,328.91,0.98,557.0,0.99,4072.08,,,,,0.01,0.01,2383.75888,1776160942000
1776160943.939,143.939,0.03,310.21,0.02,557.0,0.01,4072.08,,,,,0.04,235.21,0.05,245.14,0.06,292.8,0.07,500.8,0.08,299.4,0.96,265.21,0.95,245.14,0.94,292.8,0.93,500.8,0.92,299.4,0.97,315.21,0.98,557.0,0.99,4072.08,,,,,0.01,0.01,2383.75888,1776160942000
1776160944.241,144.241,0.03,310.21,0.02,557.0,0.01,4072.08,,,,,0.04,235.21,0.05,245.14,0.06,292.8,0.07,500.8,0.08,299.4,0.96,235.21,0.95,245.14,0.94,292.8,0.93,500.8,0.92,299.4,0.97,310.21,0.98,557.0,0.99,4072.08,,,,,0.01,0.01,2383.75675,1776160943000
1776160944.785,144.785,0.03,308.14,0.02,557.0,0.01,4072.08,,,,,0.04,180.94,0.05,315.94,0.06,292.8,0.07,500.8,0.08,299.4,0.96,235.21,0.95,245.14,0.94,292.8,0.93,500.8,0.92,299.4,0.97,310.21,0.98,557.0,0.99,4072.08,,,,,0.01,0.01,2383.75675,1776160943000
1776160945.038,145.038,0.03,308.14,0.02,557.0,0.01,4072.08,,,,,0.04,180.94,0.05,315.94,0.06,292.8,0.07,500.8,0.08,299.4,0.96,180.94,0.95,315.94,0.94,292.8,0.93,500.8,0.92,299.4,0.97,308.14,0.98,557.0,0.99,4072.08,,,,,0.01,0.01,2383.820495,1776160944000
1776160946.068,146.068,0.03,302.1,0.02,278.0,0.01,4030.68,,,,,0.04,268.14,0.05,182.14,0.06,303.3,0.07,500.8,0.08,199.4,0.96,191.14,0.95,315.94,0.94,292.8,0.93,500.8,0.92,299.4,0.97,312.1,0.98,557.0,0.99,4072.08,,,,,0.01,0.01,2383.820495,1776160944000
1776160946.433,146.433,0.03,293.1,0.02,283.0,0.01,3935.68,,,,,0.04,268.14,0.05,240.14,0.06,308.3,0.07,505.8,0.08,204.4,0.96,263.14,0.95,240.14,0.94,308.3,0.93,505.8,0.92,204.4,0.97,298.1,0.98,283.0,0.99,3935.68,,,,,0.01,0.01,2383.758535,1776160945000
1776160947.108,147.108,0.03,293.1,0.02,283.0,0.01,3935.68,,,,,0.04,268.14,0.05,240.14,0.06,308.3,0.07,505.8,0.08,204.4,0.96,268.14,0.95,240.14,0.94,308.3,0.93,505.8,0.92,204.4,0.97,293.1,0.98,283.0,0.99,3935.68,,,,,0.01,0.01,2383.775225,1776160946000
1776160947.523,147.523,0.03,287.1,0.02,283.0,0.01,3635.68,,,,,0.04,268.14,0.05,240.14,0.06,308.3,0.07,205.8,0.08,204.4,0.96,268.14,0.95,240.14,0.94,308.3,0.93,505.8,0.92,204.4,0.97,293.1,0.98,283.0,0.99,3935.68,,,,,0.01,0.01,2383.775225,1776160946000
1776160948.051,148.051,0.03,273.4,0.02,283.0,0.01,3635.68,,,,,0.04,253.14,0.05,240.14,0.06,308.3,0.07,205.8,0.08,204.4,0.96,268.14,0.95,240.14,0.94,308.3,0.93,205.8,0.92,204.4,0.97,287.1,0.98,283.0,0.99,3635.68,,,,,0.01,0.01,2383.775225,1776160946000
1776160948.999,148.999,0.03,247.63,0.02,283.0,0.01,3635.68,,,,,0.04,396.98,0.05,315.94,0.06,308.3,0.07,205.8,0.08,204.4,0.96,253.14,0.95,240.14,0.94,308.3,0.93,205.8,0.92,204.4,0.97,273.4,0.98,283.0,0.99,3635.68,,,,,0.01,0.01,2383.61899,1776160947000
1776160950.217,150.217,0.03,247.63,0.02,283.0,0.01,3635.68,,,,,0.04,396.98,0.05,315.94,0.06,308.3,0.07,205.8,0.08,204.4,0.96,396.98,0.95,315.94,0.94,308.3,0.93,205.8,0.92,204.4,0.97,247.63,0.98,283.0,0.99,3635.68,,,,,0.01,0.01,2383.58463,1776160949000
1776160950.894,150.894,0.03,197.52,0.02,226.0,0.01,3179.68,,,,,0.04,462.37,0.05,407.31,0.06,132.3,0.07,210.8,0.08,304.4,0.96,396.98,0.95,315.94,0.94,308.3,0.93,205.8,0.92,204.4,0.97,247.63,0.98,283.0,0.99,3635.68,,,,,0.01,0.01,2383.58463,1776160949000
1776160951.25,151.25,0.03,182.34,0.02,341.0,0.01,2876.68,,,,,0.04,454.07,0.05,452.35,0.06,132.3,0.07,210.8,0.08,304.4,0.96,462.37,0.95,407.31,0.94,132.3,0.93,210.8,0.92,304.4,0.97,189.34,0.98,226.0,0.99,3179.68,,,,,0.01,0.01,2383.58463,1776160949000
1776160952.157,152.157,0.03,215.89,0.02,341.0,0.01,3418.68,,,,,0.04,337.37,0.05,384.55,0.06,603.3,0.07,110.8,0.08,304.4,0.96,454.07,0.95,452.35,0.94,132.3,0.93,210.8,0.92,304.4,0.97,182.34,0.98,341.0,0.99,2876.68,,,,,0.01,0.01,2383.57345,1776160950000
1776160953.335,153.335,0.03,215.89,0.02,341.0,0.01,3418.68,,,,,0.04,337.37,0.05,384.55,0.06,603.3,0.07,110.8,0.08,304.4,0.96,337.37,0.95,384.55,0.94,603.3,0.93,110.8,0.92,304.4,0.97,215.89,0.98,341.0,0.99,3418.68,,,,,0.01,0.01,2383.40445,1776160952000
1776160953.831,153.831,0.03,208.82,0.02,341.0,0.01,3018.68,,,,,0.04,362.68,0.05,388.89,0.06,178.3,0.07,135.8,0.08,309.4,0.96,337.37,0.95,384.55,0.94,603.3,0.93,110.8,0.92,304.4,0.97,215.89,0.98,341.0,0.99,3418.68,,,,,0.01,0.01,2383.40445,1776160952000
1776160954.676,154.676,0.03,208.82,0.02,341.0,0.01,3018.68,,,,,0.04,367.68,0.05,364.74,0.06,178.3,0.07,135.8,0.08,309.4,0.96,362.68,0.95,388.89,0.94,178.3,0.93,135.8,0.92,309.4,0.97,208.82,0.98,341.0,0.99,3018.68,,,,,0.01,0.01,2383.51445,1776160953000
1776160954.974,154.974,0.03,208.82,0.02,341.0,0.01,3018.68,,,,,0.04,367.68,0.05,364.74,0.06,178.3,0.07,135.8,0.08,309.4,0.96,367.68,0.95,364.74,0.94,178.3,0.93,135.8,0.92,309.4,0.97,208.82,0.98,341.0,0.99,3018.68,,,,,0.01,0.01,2383.62947,1776160954000
1776160956.005,156.005,0.03,208.82,0.02,341.0,0.01,3018.68,,,,,0.04,367.68,0.05,364.74,0.06,178.3,0.07,135.8,0.08,309.4,0.96,367.68,0.95,364.74,0.94,178.3,0.93,135.8,0.92,309.4,0.97,208.82,0.98,341.0,0.99,3018.68,,,,,0.01,0.01,2383.694855,1776160955000
1776160957.011,157.011,0.03,208.82,0.02,341.0,0.01,3018.68,,,,,0.04,367.68,0.05,364.74,0.06,178.3,0.07,135.8,0.08,309.4,0.96,367.68,0.95,364.74,0.94,178.3,0.93,135.8,0.92,309.4,0.97,208.82,0.98,341.0,0.99,3018.68,,,,,0.01,0.01,2383.694855,1776160956000
1776160958.376,158.376,0.03,126.82,0.02,341.0,0.01,3677.86,,,,,0.04,373.68,0.05,348.78,0.06,308.3,0.07,605.8,0.08,309.4,0.96,367.68,0.95,364.74,0.94,178.3,0.93,135.8,0.92,309.4,0.97,208.82,0.98,341.0,0.99,3018.68,,,,,0.01,0.01,2383.694855,1776160956000
1776160958.652,158.652,0.03,126.82,0.02,341.0,0.01,3677.86,,,,,0.04,373.68,0.05,348.78,0.06,308.3,0.07,605.8,0.08,309.4,0.96,373.68,0.95,348.78,0.94,308.3,0.93,605.8,0.92,309.4,0.97,126.82,0.98,341.0,0.99,3677.86,,,,,0.01,0.01,2383.71777,1776160957000
1776160959.146,159.146,0.03,126.82,0.02,341.0,0.01,3677.86,,,,,0.04,373.68,0.05,348.78,0.06,308.3,0.07,605.8,0.08,309.4,0.96,373.68,0.95,348.78,0.94,308.3,0.93,605.8,0.92,309.4,0.97,126.82,0.98,341.0,0.99,3677.86,,,,,0.01,0.01,2383.71277,1776160958000
1776160960.282,160.282,0.03,126.82,0.02,341.0,0.01,3677.86,,,,,0.04,373.68,0.05,348.78,0.06,308.3,0.07,605.8,0.08,309.4,0.96,373.68,0.95,348.78,0.94,308.3,0.93,605.8,0.92,309.4,0.97,126.82,0.98,341.0,0.99,3677.86,,,,,0.01,0.01,2383.715455,1776160959000
1776160960.6,160.6,0.03,54.57,0.02,226.0,0.01,2403.26,,,,,0.04,744.38,0.05,382.47,0.06,232.3,0.07,131.8,0.08,384.4,0.96,734.38,0.95,382.47,0.94,232.3,0.93,131.8,0.92,384.4,0.97,52.74,0.98,226.0,0.99,2403.26,,,,,0.01,0.01,2383.715455,1776160959000
1776160960.899,160.899,0.03,54.57,0.02,226.0,0.01,2403.26,,,,,0.04,744.38,0.05,382.47,0.06,232.3,0.07,131.8,0.08,384.4,0.96,744.38,0.95,382.47,0.94,232.3,0.93,131.8,0.92,384.4,0.97,54.57,0.98,226.0,0.99,2403.26,,,,,0.01,0.01,2383.648845,1776160960000
1776160961.544,161.544,0.03,84.1,0.02,523.0,0.01,2649.86,,,,,0.04,441.68,0.05,432.47,0.06,167.3,0.07,110.8,0.08,304.4,0.96,744.38,0.95,382.47,0.94,232.3,0.93,131.8,0.92,384.4,0.97,54.57,0.98,226.0,0.99,2403.26,,,,,0.01,0.01,2383.648845,1776160960000
1776160962.023,162.023,0.03,84.1,0.02,523.0,0.01,2649.86,,,,,0.04,441.68,0.05,432.47,0.06,167.3,0.07,110.8,0.08,304.4,0.96,441.68,0.95,432.47,0.94,167.3,0.93,110.8,0.92,304.4,0.97,84.1,0.98,523.0,0.99,2649.86,,,,,0.01,0.01,2383.56822,1776160961000
1776160962.561,162.561,0.03,74.1,0.02,523.0,0.01,2749.86,,,,,0.04,451.68,0.05,452.47,0.06,267.3,0.07,135.8,0.08,309.4,0.96,441.68,0.95,432.47,0.94,167.3,0.93,110.8,0.92,304.4,0.97,84.1,0.98,523.0,0.99,2649.86,,,,,0.01,0.01,2383.56822,1776160961000
1776160963.163,163.163,0.03,32.37,0.02,523.0,0.01,2749.86,,,,,0.04,456.68,0.05,457.47,0.06,267.3,0.07,135.8,0.08,309.4,0.96,456.68,0.95,457.47,0.94,267.3,0.93,135.8,0.92,309.4,0.97,32.37,0.98,523.0,0.99,2749.86,,,,,0.01,0.01,2383.405395,1776160962000
1776160963.825,163.825,0.03,326.03,0.02,643.69,0.01,3109.47,,,,,0.04,99.69,0.05,217.99,0.06,175.0,0.07,80.5,0.08,199.4,0.96,456.68,0.95,457.47,0.94,267.3,0.93,135.8,0.92,309.4,0.97,32.37,0.98,523.0,0.99,2749.86,,,,,0.01,0.01,2383.405395,1776160962000
1776160964.282,164.282,0.03,321.03,0.02,585.69,0.01,3109.47,,,,,0.04,69.09,0.05,217.99,0.06,232.0,0.07,50.5,0.08,199.4,0.96,69.09,0.95,217.99,0.94,232.0,0.93,50.5,0.92,199.4,0.97,321.03,0.98,585.69,0.99,3109.47,,,,,0.01,0.01,2383.584205,1776160963000
1776160964.683,164.683,0.03,779.72,0.02,894.69,0.01,2438.87,,,,,0.04,27.09,0.05,5.0,0.06,120.99,0.07,209.0,0.08,136.5,0.96,69.09,0.95,217.99,0.94,232.0,0.93,50.5,0.92,199.4,0.97,321.03,0.98,585.69,0.99,3109.47,,,,,0.01,0.01,2383.584205,1776160963000
1776160965.264,165.264,0.03,601.12,0.02,900.69,0.01,2432.87,,,,,0.06,5.0,0.07,292.77,0.08,211.5,0.09,101.5,0.1,90.0,0.96,27.09,0.95,5.0,0.94,120.99,0.93,209.0,0.92,136.5,0.97,779.72,0.98,894.69,0.99,2438.87,,,,,0.03,0.01,2383.584205,1776160963000
1776160965.635,165.635,0.06,1.82,0.05,155.0,0.04,10.0,0.03,601.12,0.02,925.69,0.07,198.77,0.08,228.5,0.09,101.5,0.1,90.0,0.11,243.0,0.93,193.77,0.92,211.5,0.91,101.5,0.9,90.0,0.89,243.0,0.95,50.0,0.96,10.0,0.97,601.12,0.98,900.69,0.99,2432.87,0.01,0.02,2383.825015,1776160964000
1776160965.871,165.871,0.06,4.16,0.05,312.0,0.04,168.0,0.03,438.12,0.02,925.69,0.07,177.77,0.08,228.5,0.09,31.5,0.1,20.0,0.11,243.0,0.93,177.77,0.92,228.5,0.91,31.5,0.9,20.0,0.89,243.0,0.94,4.16,0.95,312.0,0.96,168.0,0.97,438.12,0.98,925.69,0.01,0.01,2383.89706,1776160965000
1776160966.521,166.521,0.06,101.47,0.05,375.0,0.04,146.0,0.03,508.72,0.02,1030.69,0.07,137.19,0.08,337.5,0.09,31.5,0.1,20.0,0.11,155.0,0.93,177.77,0.92,228.5,0.91,31.5,0.9,20.0,0.89,243.0,0.94,7.06,0.95,312.0,0.96,168.0,0.97,429.72,0.98,1025.69,0.01,0.01,2383.89706,1776160965000
1776160966.794,166.794,0.06,96.11,0.05,375.0,0.04,121.0,0.03,508.72,0.02,1030.69,0.07,142.19,0.08,337.5,0.09,31.5,0.1,20.0,0.11,155.0,0.93,137.19,0.92,337.5,0.91,31.5,0.9,20.0,0.89,155.0,0.94,101.47,0.95,375.0,0.96,146.0,0.97,508.72,0.98,1030.69,0.01,0.01,2383.89706,1776160965000
1776160967.822,167.822,0.06,69.61,0.05,375.0,0.04,121.0,0.03,443.72,0.02,1030.69,0.07,410.56,0.08,337.5,0.09,31.5,0.1,20.0,0.11,155.0,0.93,142.19,0.92,337.5,0.91,31.5,0.9,20.0,0.89,155.0,0.94,96.11,0.95,375.0,0.96,121.0,0.97,508.72,0.98,1030.69,0.01,0.01,2384.385638,1776160966000
1776160968.085,168.085,0.06,69.61,0.05,375.0,0.04,121.0,0.03,443.72,0.02,1030.69,0.07,410.56,0.08,337.5,0.09,31.5,0.1,20.0,0.11,155.0,0.93,410.56,0.92,337.5,0.91,31.5,0.9,20.0,0.89,155.0,0.94,69.61,0.95,375.0,0.96,121.0,0.97,443.72,0.98,1030.69,0.01,0.01,2384.68744,1776160967000
1776160969.131,169.131,0.06,69.61,0.05,375.0,0.04,121.0,0.03,443.72,0.02,1030.69,0.07,410.56,0.08,337.5,0.09,31.5,0.1,20.0,0.11,155.0,0.93,410.56,0.92,337.5,0.91,31.5,0.9,20.0,0.89,155.0,0.94,69.61,0.95,375.0,0.96,121.0,0.97,443.72,0.98,1030.69,0.01,0.01,2384.710005,1776160968000
1776160969.771,169.771,0.06,65.61,0.05,317.0,0.04,146.0,0.03,555.72,0.02,1030.69,0.07,364.56,0.08,254.0,0.09,89.5,0.1,20.0,0.11,160.0,0.93,410.56,0.92,337.5,0.91,31.5,0.9,20.0,0.89,155.0,0.94,69.61,0.95,375.0,0.96,121.0,0.97,443.72,0.98,1030.69,0.01,0.01,2384.710005,1776160968000
1776160970.2,170.2,0.06,65.61,0.05,317.0,0.04,146.0,0.03,555.72,0.02,1030.69,0.07,364.56,0.08,254.0,0.09,89.5,0.1,20.0,0.11,160.0,0.93,364.56,0.92,254.0,0.91,89.5,0.9,20.0,0.89,160.0,0.94,65.61,0.95,317.0,0.96,146.0,0.97,555.72,0.98,1030.69,0.01,0.01,2384.800112,1776160969000
1776160971.059,171.059,0.05,253.0,0.04,148.8,0.03,433.72,0.02,897.7,0.01,2584.87,0.07,214.97,0.08,415.5,0.09,153.5,0.1,125.0,0.11,225.0,0.93,275.57,0.92,341.27,0.91,119.5,0.9,25.0,0.89,95.0,0.94,15.99,0.95,317.0,0.96,265.79,0.97,528.33,0.98,555.7,0.02,0.01,2384.800112,1776160969000
1776160971.295,171.295,0.05,253.0,0.04,148.8,0.03,433.72,0.02,897.7,0.01,2584.87,0.07,214.97,0.08,415.5,0.09,153.5,0.1,125.0,0.11,225.0,0.93,214.97,0.92,415.5,0.91,153.5,0.9,125.0,0.89,225.0,0.95,253.0,0.96,148.8,0.97,433.72,0.98,897.7,0.99,2584.87,0.02,0.02,2384.748195,1776160970000
1776160971.939,171.939,0.05,253.0,0.04,148.8,0.03,433.72,0.02,897.7,0.01,2584.87,0.07,214.97,0.08,415.5,0.09,153.5,0.1,125.0,0.11,225.0,0.93,214.97,0.92,415.5,0.91,153.5,0.9,125.0,0.89,225.0,0.95,253.0,0.96,148.8,0.97,433.72,0.98,897.7,0.99,2584.87,0.02,0.02,2384.788195,1776160971000
1776160973.256,173.256,0.05,253.0,0.04,148.8,0.03,433.72,0.02,897.7,0.01,2584.87,0.07,214.97,0.08,415.5,0.09,153.5,0.1,125.0,0.11,225.0,0.93,214.97,0.92,415.5,0.91,153.5,0.9,125.0,0.89,225.0,0.95,253.0,0.96,148.8,0.97,433.72,0.98,897.7,0.99,2584.87,0.02,0.02,2384.752665,1776160972000
1776160974.159,174.159,0.05,64.2,0.04,97.0,0.03,481.72,0.02,1376.7,0.01,2584.87,0.06,69.07,0.07,367.97,0.08,328.5,0.09,130.5,0.1,185.0,0.94,69.07,0.93,367.97,0.92,328.5,0.91,130.5,0.9,185.0,0.95,64.2,0.96,97.0,0.97,481.72,0.98,1376.7,0.99,2584.87,0.01,0.01,2384.748015,1776160973000
1776160975.098,175.098,0.05,64.2,0.04,97.0,0.03,481.72,0.02,1376.7,0.01,2584.87,0.06,69.07,0.07,367.97,0.08,328.5,0.09,130.5,0.1,185.0,0.94,69.07,0.93,367.97,0.92,328.5,0.91,130.5,0.9,185.0,0.95,64.2,0.96,97.0,0.97,481.72,0.98,1376.7,0.99,2584.87,0.01,0.01,2384.743015,1776160974000
1776160976.032,176.032,0.04,96.7,0.03,158.37,0.02,751.69,0.01,3672.87,,,0.05,152.19,0.06,401.41,0.07,237.28,0.08,241.5,0.09,185.5,0.94,69.07,0.93,367.97,0.92,328.5,0.91,130.5,0.9,185.0,0.95,64.2,0.96,97.0,0.97,481.72,0.98,1376.7,0.99,2584.87,0.01,0.01,2384.743015,1776160974000
1776160977.004,177.004,0.04,101.7,0.03,158.37,0.02,751.69,0.01,3672.87,,,0.05,107.19,0.06,401.41,0.07,226.78,0.08,241.5,0.09,190.5,0.95,107.19,0.94,401.41,0.93,226.78,0.92,241.5,0.91,190.5,0.96,101.7,0.97,158.37,0.98,751.69,0.99,3672.87,,,0.01,0.01,2384.685235,1776160976000
1776160977.86,177.86,0.04,96.33,0.03,152.37,0.02,826.69,0.01,3577.87,,,0.05,200.32,0.06,480.18,0.07,309.78,0.08,235.5,0.09,190.5,0.95,107.19,0.94,401.41,0.93,226.78,0.92,241.5,0.91,190.5,0.96,101.7,0.97,158.37,0.98,751.69,0.99,3672.87,,,0.01,0.01,2384.685235,1776160976000
1776160978.783,178.783,0.04,89.33,0.03,158.37,0.02,826.69,0.01,3598.87,,,0.05,210.32,0.06,426.99,0.07,326.28,0.08,235.5,0.09,234.5,0.95,200.32,0.94,480.18,0.93,309.78,0.92,235.5,0.91,190.5,0.96,96.33,0.97,152.37,0.98,826.69,0.99,3577.87,,,0.01,0.01,2384.570513,1776160977000
1776160979.944,179.944,0.04,89.33,0.03,158.37,0.02,826.69,0.01,3598.87,,,0.05,210.32,0.06,426.99,0.07,326.28,0.08,235.5,0.09,234.5,0.95,210.32,0.94,426.99,0.93,326.28,0.92,235.5,0.91,234.5,0.96,89.33,0.97,158.37,0.98,826.69,0.99,3598.87,,,0.01,0.01,2384.63385,1776160979000
1776160980.371,180.371,0.04,13.19,0.03,158.37,0.02,821.69,0.01,3873.87,,,0.05,270.19,0.06,363.22,0.07,215.78,0.08,314.4,0.09,229.5,0.95,210.32,0.94,426.99,0.93,326.28,0.92,235.5,0.91,234.5,0.96,89.33,0.97,158.37,0.98,826.69,0.99,3598.87,,,0.01,0.01,2384.63385,1776160979000
1776160980.688,180.688,0.04,12.14,0.03,158.37,0.02,821.69,0.01,3873.87,,,0.05,284.19,0.06,363.22,0.07,215.78,0.08,344.4,0.09,199.5,0.95,270.19,0.94,363.22,0.93,215.78,0.92,314.4,0.91,229.5,0.96,13.19,0.97,158.37,0.98,821.69,0.99,3873.87,,,0.01,0.01,2384.63385,1776160979000
1776160981.602,181.602,0.04,10.06,0.03,158.37,0.02,821.69,0.01,3937.87,,,0.05,269.19,0.06,363.22,0.07,215.78,0.08,244.4,0.09,220.5,0.95,284.19,0.94,363.22,0.93,215.78,0.92,344.4,0.91,199.5,0.96,12.14,0.97,158.37,0.98,821.69,0.99,3873.87,,,0.01,0.01,2384.61841,1776160980000
1776160982.281,182.281,0.04,10.06,0.03,158.37,0.02,821.69,0.01,3937.87,,,0.05,254.86,0.06,363.22,0.07,215.78,0.08,244.4,0.09,220.5,0.95,254.86,0.94,363.22,0.93,215.78,0.92,244.4,0.91,220.5,0.96,10.06,0.97,158.37,0.98,821.69,0.99,3937.87,,,0.01,0.01,2384.619805,1776160981000
1776160983.121,183.121,0.04,10.06,0.03,158.37,0.02,821.69,0.01,3937.87,,,0.05,254.86,0.06,363.22,0.07,215.78,0.08,244.4,0.09,220.5,0.95,254.86,0.94,363.22,0.93,215.78,0.92,244.4,0.91,220.5,0.96,10.06,0.97,158.37,0.98,821.69,0.99,3937.87,,,0.01,0.01,2384.61385,1776160982000
1776160983.947,183.947,0.04,8.81,0.03,158.37,0.02,861.69,0.01,3897.87,,,0.05,290.86,0.06,363.22,0.07,215.78,0.08,219.4,0.09,245.5,0.95,254.86,0.94,363.22,0.93,215.78,0.92,244.4,0.91,220.5,0.96,10.06,0.97,158.37,0.98,821.69,0.99,3937.87,,,0.01,0.01,2384.61385,1776160982000
1776160984.286,184.286,0.04,3.81,0.03,158.37,0.02,811.69,0.01,3897.87,,,0.05,410.98,0.06,363.22,0.07,271.08,0.08,249.4,0.09,215.5,0.95,290.86,0.94,363.22,0.93,215.78,0.92,219.4,0.91,245.5,0.96,8.81,0.97,158.37,0.98,861.69,0.99,3897.87,,,0.01,0.01,2384.634455,1776160983000
1776160984.925,184.925,0.03,181.47,0.02,861.69,0.01,3897.87,,,,,0.05,410.98,0.06,362.22,0.07,281.58,0.08,249.4,0.09,225.5,0.95,410.98,0.94,363.22,0.93,271.08,0.92,249.4,0.91,215.5,0.96,3.81,0.97,158.37,0.98,811.69,0.99,3897.87,,,0.02,0.01,2384.634455,1776160983000
1776160985.22,185.22,0.03,180.43,0.02,861.69,0.01,3897.87,,,,,0.05,414.98,0.06,362.22,0.07,281.58,0.08,249.4,0.09,225.5,0.95,414.98,0.94,362.22,0.93,281.58,0.92,249.4,0.91,225.5,0.97,180.43,0.98,861.69,0.99,3897.87,,,,,0.02,0.02,2384.655495,1776160984000
1776160986.236,186.236,0.03,169.43,0.02,391.99,0.01,3497.87,,,,,0.04,32.23,0.05,473.98,0.06,362.22,0.07,280.58,0.08,244.4,0.95,414.98,0.94,362.22,0.93,281.58,0.92,249.4,0.91,225.5,0.97,180.43,0.98,861.69,0.99,3897.87,,,,,0.01,0.02,2384.655495,1776160984000
1776160986.992,186.992,0.03,169.43,0.02,391.99,0.01,3497.87,,,,,0.04,32.23,0.05,473.98,0.06,362.22,0.07,280.58,0.08,244.4,0.96,32.23,0.95,473.98,0.94,362.22,0.93,280.58,0.92,244.4,0.97,169.43,0.98,391.99,0.99,3497.87,,,,,0.01,0.01,2384.667835,1776160985000
1776160987.841,187.841,0.03,169.43,0.02,391.99,0.01,3497.87,,,,,0.04,32.23,0.05,473.98,0.06,362.22,0.07,280.58,0.08,244.4,0.96,32.23,0.95,473.98,0.94,362.22,0.93,280.58,0.92,244.4,0.97,169.43,0.98,391.99,0.99,3497.87,,,,,0.01,0.01,2384.613045,1776160986000
1776160988.664,188.664,0.03,169.43,0.02,391.99,0.01,3497.87,,,,,0.04,32.23,0.05,473.98,0.06,362.22,0.07,280.58,0.08,244.4,0.96,32.23,0.95,473.98,0.94,362.22,0.93,280.58,0.92,244.4,0.97,169.43,0.98,391.99,0.99,3497.87,,,,,0.01,0.01,2384.571695,1776160987000
1776160989.373,189.373,0.03,169.43,0.02,391.99,0.01,3497.87,,,,,0.04,32.23,0.05,473.98,0.06,362.22,0.07,280.58,0.08,244.4,0.96,32.23,0.95,473.98,0.94,362.22,0.93,280.58,0.92,244.4,0.97,169.43,0.98,391.99,0.99,3497.87,,,,,0.01,0.01,2384.574075,1776160988000
1776160989.995,189.995,0.03,98.43,0.02,453.99,0.01,3833.69,,,,,0.04,105.0,0.05,472.98,0.06,366.8,0.07,340.58,0.08,199.4,0.96,105.0,0.95,472.98,0.94,366.8,0.93,340.58,0.92,199.4,0.97,98.43,0.98,453.99,0.99,3833.69,,,,,0.01,0.01,2384.604075,1776160989000
1776160991.181,191.181,0.03,98.43,0.02,453.99,0.01,3833.69,,,,,0.04,105.0,0.05,472.98,0.06,366.8,0.07,340.58,0.08,199.4,0.96,105.0,0.95,472.98,0.94,366.8,0.93,340.58,0.92,199.4,0.97,98.43,0.98,453.99,0.99,3833.69,,,,,0.01,0.01,2384.613165,1776160990000
1776160991.823,191.823,0.03,100.71,0.02,691.99,0.01,3807.69,,,,,0.04,100.0,0.05,454.98,0.06,333.8,0.07,280.58,0.08,259.4,0.96,105.0,0.95,472.98,0.94,366.8,0.93,340.58,0.92,199.4,0.97,98.43,0.98,453.99,0.99,3833.69,,,,,0.01,0.01,2384.613165,1776160990000
1776160992.312,192.312,0.03,100.71,0.02,691.99,0.01,3807.69,,,,,0.04,100.0,0.05,454.98,0.06,333.8,0.07,280.58,0.08,259.4,0.96,100.0,0.95,454.98,0.94,333.8,0.93,280.58,0.92,259.4,0.97,100.71,0.98,691.99,0.99,3807.69,,,,,0.01,0.01,2384.647626,1776160991000
1776160993.064,193.064,0.03,100.71,0.02,691.99,0.01,3807.69,,,,,0.04,100.0,0.05,454.98,0.06,333.8,0.07,280.58,0.08,259.4,0.96,100.0,0.95,454.98,0.94,333.8,0.93,280.58,0.92,259.4,0.97,100.71,0.98,691.99,0.99,3807.69,,,,,0.01,0.01,2384.735613,1776160992000
1776160994.433,194.433,0.03,100.71,0.02,691.99,0.01,3807.69,,,,,0.04,100.0,0.05,454.98,0.06,333.8,0.07,280.58,0.08,259.4,0.96,100.0,0.95,454.98,0.94,333.8,0.93,280.58,0.92,259.4,0.97,100.71,0.98,691.99,0.99,3807.69,,,,,0.01,0.01,2384.757405,1776160993000
1776160995.057,195.057,0.03,100.71,0.02,691.99,0.01,3807.69,,,,,0.04,100.0,0.05,454.98,0.06,333.8,0.07,280.58,0.08,259.4,0.96,100.0,0.95,454.98,0.94,333.8,0.93,280.58,0.92,259.4,0.97,100.71,0.98,691.99,0.99,3807.69,,,,,0.01,0.01,2384.75765,1776160994000
1776160995.478,195.478,0.03,100.71,0.02,597.99,0.01,3823.69,,,,,0.04,115.0,0.05,427.98,0.06,334.8,0.07,355.58,0.08,199.4,0.96,100.0,0.95,454.98,0.94,333.8,0.93,280.58,0.92,259.4,0.97,100.71,0.98,691.99,0.99,3807.69,,,,,0.01,0.01,2384.75765,1776160994000
1776160995.734,195.734,0.03,38.71,0.02,597.99,0.01,3823.69,,,,,0.04,115.0,0.05,427.98,0.06,334.8,0.07,355.58,0.08,199.4,0.96,115.0,0.95,427.98,0.94,334.8,0.93,355.58,0.92,199.4,0.97,38.71,0.98,597.99,0.99,3823.69,,,,,0.01,0.01,2384.75765,1776160994000
1776160996.502,196.502,0.02,597.99,0.01,3823.69,,,,,,,0.03,5.0,0.04,115.0,0.05,427.98,0.06,334.8,0.07,355.58,0.97,5.0,0.96,115.0,0.95,427.98,0.94,334.8,0.93,355.58,0.98,597.99,0.99,3823.69,,,,,,,0.01,0.01,2384.79572,1776160995000
1776160996.949,196.949,0.02,597.99,0.01,3823.69,,,,,,,0.03,5.0,0.04,115.0,0.05,427.98,0.06,334.8,0.07,355.58,0.97,5.0,0.96,115.0,0.95,427.98,0.94,334.8,0.93,355.58,0.98,597.99,0.99,3823.69,,,,,,,0.01,0.01,2384.782575,1776160996000
1776160998.172,198.172,0.02,1532.14,0.01,3795.69,,,,,,,0.03,140.92,0.05,178.12,0.06,173.0,0.07,339.77,0.08,251.0,0.97,249.0,0.96,120.0,0.95,415.98,0.94,339.8,0.93,360.58,0.98,656.44,0.99,3823.69,,,,,,,0.01,0.01,2384.782575,1776160996000
1776160998.542,198.542,0.02,1880.14,0.01,3800.69,,,,,,,0.03,0.58,0.05,78.12,0.06,100.0,0.07,309.78,0.08,232.99,0.97,40.58,0.95,78.12,0.94,100.0,0.93,194.78,0.92,299.77,0.98,1554.14,0.99,3795.69,,,,,,,0.01,0.01,2384.806605,1776160997000
1776160998.866,198.866,0.04,303.99,0.03,484.7,0.02,661.15,0.01,2260.69,,,0.05,28.12,0.06,100.0,0.07,309.78,0.08,210.99,0.09,205.0,0.95,78.12,0.94,100.0,0.93,309.78,0.92,210.99,0.91,205.0,0.96,292.86,0.97,479.7,0.98,666.15,0.99,2260.69,,,0.01,0.01,2384.806605,1776160997000
1776160999.311,199.311,0.04,303.99,0.03,484.7,0.02,661.15,0.01,2260.69,,,0.05,28.12,0.06,100.0,0.07,309.78,0.08,210.99,0.09,205.0,0.95,28.12,0.94,100.0,0.93,309.78,0.92,210.99,0.91,205.0,0.96,303.99,0.97,484.7,0.98,661.15,0.99,2260.69,,,0.01,0.01,2384.83038,1776160998000
1776160999.606,199.606,0.04,371.19,0.03,547.7,0.02,596.15,0.01,2155.69,,,0.05,28.12,0.06,173.0,0.07,251.78,0.08,228.99,0.09,185.0,0.95,28.12,0.94,100.0,0.93,309.78,0.92,210.99,0.91,205.0,0.96,303.99,0.97,484.7,0.98,661.15,0.99,2260.69,,,0.01,0.01,2384.83038,1776160998000
1776160999.93,199.93,0.04,371.19,0.03,547.7,0.02,596.15,0.01,2155.69,,,0.05,28.12,0.06,173.0,0.07,251.78,0.08,228.99,0.09,185.0,0.95,28.12,0.94,173.0,0.93,251.78,0.92,228.99,0.91,185.0,0.96,371.19,0.97,547.7,0.98,596.15,0.99,2155.69,,,0.01,0.01,2385.003496,1776160999000
1776161000.139,200.139,0.04,327.99,0.03,526.7,0.02,596.15,0.01,2255.69,,,0.05,28.12,0.06,230.0,0.07,194.78,0.08,239.99,0.09,185.0,0.95,28.12,0.94,173.0,0.93,251.78,0.92,228.99,0.91,185.0,0.96,371.19,0.97,547.7,0.98,596.15,0.99,2155.69,,,0.01,0.01,2385.003496,1776160999000
1776161000.593,200.593,0.04,320.99,0.03,560.04,0.02,602.15,0.01,2255.69,,,0.05,38.12,0.06,230.0,0.07,194.78,0.08,239.99,0.09,195.0,0.95,28.12,0.94,230.0,0.93,194.78,0.92,239.99,0.91,195.0,0.96,330.99,0.97,526.7,0.98,596.15,0.99,2255.69,,,0.01,0.01,2385.003496,1776160999000
1776161001.221,201.221,0.04,320.99,0.03,560.04,0.02,602.15,0.01,2255.69,,,0.05,38.12,0.06,230.0,0.07,194.78,0.08,239.99,0.09,195.0,0.95,38.12,0.94,230.0,0.93,194.78,0.92,239.99,0.91,195.0,0.96,320.99,0.97,560.04,0.98,602.15,0.99,2255.69,,,0.01,0.01,2385.435645,1776161000000
1776161002.046,202.046,0.04,320.99,0.03,560.04,0.02,602.15,0.01,2255.69,,,0.05,38.12,0.06,230.0,0.07,194.78,0.08,239.99,0.09,195.0,0.95,38.12,0.94,230.0,0.93,194.78,0.92,239.99,0.91,195.0,0.96,320.99,0.97,560.04,0.98,602.15,0.99,2255.69,,,0.01,0.01,2385.417955,1776161001000
1776161003.261,203.261,0.04,320.99,0.03,560.04,0.02,602.15,0.01,2255.69,,,0.05,38.12,0.06,230.0,0.07,194.78,0.08,239.99,0.09,195.0,0.95,38.12,0.94,230.0,0.93,194.78,0.92,239.99,0.91,195.0,0.96,320.99,0.97,560.04,0.98,602.15,0.99,2255.69,,,0.01,0.01,2385.414385,1776161002000
1776161004.443,204.443,0.04,320.99,0.03,560.04,0.02,602.15,0.01,2255.69,,,0.05,38.12,0.06,230.0,0.07,194.78,0.08,239.99,0.09,195.0,0.95,38.12,0.94,230.0,0.93,194.78,0.92,239.99,0.91,195.0,0.96,320.99,0.97,560.04,0.98,602.15,0.99,2255.69,,,0.01,0.01,2385.394235,1776161003000
1776161004.935,204.935,0.04,173.39,0.03,570.04,0.02,1077.15,0.01,2200.69,,,0.05,143.12,0.06,235.0,0.07,206.99,0.08,231.72,0.09,145.0,0.95,143.12,0.94,235.0,0.93,206.99,0.92,231.72,0.91,145.0,0.96,173.39,0.97,570.04,0.98,1077.15,0.99,2200.69,,,0.01,0.01,2385.37783,1776161004000
1776161006.235,206.235,0.04,173.39,0.03,570.04,0.02,1077.15,0.01,2200.69,,,0.05,143.12,0.06,235.0,0.07,206.99,0.08,231.72,0.09,145.0,0.95,143.12,0.94,235.0,0.93,206.99,0.92,231.72,0.91,145.0,0.96,173.39,0.97,570.04,0.98,1077.15,0.99,2200.69,,,0.01,0.01,2385.37908,1776161005000
1776161006.501,206.501,0.06,59.28,0.05,30.6,0.04,446.79,0.03,318.04,0.02,923.15,0.07,65.0,0.08,229.99,0.09,213.5,0.1,130.0,0.11,125.0,0.93,168.0,0.92,229.99,0.91,203.0,0.9,130.0,0.89,125.0,0.94,15.88,0.96,456.19,0.97,548.04,0.98,623.15,0.99,2250.69,0.01,0.01,2385.37908,1776161005000
1776161007.082,207.082,0.06,289.88,0.05,127.6,0.04,521.79,0.03,418.04,0.02,1023.15,0.07,73.0,0.08,134.99,0.09,113.5,0.1,30.0,0.11,25.0,0.93,73.0,0.92,129.99,0.91,113.5,0.9,30.0,0.89,25.0,0.94,159.01,0.95,60.6,0.96,421.79,0.97,318.04,0.98,923.15,0.01,0.01,2385.37908,1776161005000
1776161007.293,207.293,0.06,289.88,0.05,127.6,0.04,521.79,0.03,418.04,0.02,1023.15,0.07,73.0,0.08,134.99,0.09,113.5,0.1,30.0,0.11,25.0,0.93,73.0,0.92,134.99,0.91,113.5,0.9,30.0,0.89,25.0,0.94,289.88,0.95,127.6,0.96,521.79,0.97,418.04,0.98,1023.15,0.01,0.01,2385.540332,1776161006000
1776161007.593,207.593,0.06,102.4,0.05,234.0,0.04,416.79,0.03,600.04,0.02,1023.15,0.07,220.52,0.08,124.49,0.09,123.5,0.1,20.0,0.11,106.0,0.93,73.0,0.92,134.99,0.91,113.5,0.9,30.0,0.89,25.0,0.94,289.88,0.95,127.6,0.96,521.79,0.97,418.04,0.98,1023.15,0.01,0.01,2385.540332,1776161006000
1776161008.294,208.294,0.06,99.2,0.05,234.0,0.04,416.79,0.03,600.04,0.02,1023.15,0.07,220.52,0.08,124.49,0.09,123.5,0.1,20.0,0.11,106.0,0.93,220.52,0.92,124.49,0.91,123.5,0.9,20.0,0.89,106.0,0.94,99.2,0.95,234.0,0.96,416.79,0.97,600.04,0.98,1023.15,0.01,0.01,2385.458825,1776161007000
1776161008.981,208.981,0.06,99.2,0.05,234.0,0.04,416.79,0.03,600.04,0.02,1023.15,0.07,220.52,0.08,124.49,0.09,123.5,0.1,20.0,0.11,106.0,0.93,220.52,0.92,124.49,0.91,123.5,0.9,20.0,0.89,106.0,0.94,99.2,0.95,234.0,0.96,416.79,0.97,600.04,0.98,1023.15,0.01,0.01,2385.664438,1776161008000
1776161009.791,209.791,0.05,326.54,0.04,531.79,0.03,293.04,0.02,1123.15,0.01,2350.69,0.06,15.0,0.07,237.52,0.08,20.0,0.09,207.27,0.1,87.0,0.93,220.52,0.92,124.49,0.91,123.5,0.9,20.0,0.89,106.0,0.94,99.2,0.95,234.0,0.96,416.79,0.97,600.04,0.98,1023.15,0.01,0.01,2385.664438,1776161008000
1776161010.004,210.004,0.05,326.54,0.04,531.79,0.03,293.04,0.02,1123.15,0.01,2350.69,0.06,15.0,0.07,237.52,0.08,20.0,0.09,207.27,0.1,87.0,0.94,15.0,0.93,237.52,0.92,20.0,0.91,207.27,0.9,87.0,0.95,326.54,0.96,531.79,0.97,293.04,0.98,1123.15,0.99,2350.69,0.01,0.01,2385.559005,1776161009000
1776161010.788,210.788,0.05,159.74,0.04,526.79,0.03,600.04,0.02,1228.15,0.01,2350.69,0.06,89.4,0.07,135.0,0.08,140.49,0.09,109.5,0.1,26.0,0.94,10.0,0.93,237.52,0.92,30.5,0.91,207.27,0.9,87.0,0.95,251.34,0.96,531.79,0.97,293.04,0.98,1123.15,0.99,2350.69,0.01,0.01,2385.559005,1776161009000
1776161011.1,211.1,0.05,209.07,0.04,369.79,0.03,177.04,0.02,1128.15,0.01,2250.69,0.06,194.4,0.07,178.0,0.08,192.49,0.09,209.5,0.1,126.0,0.94,194.4,0.93,178.0,0.92,192.49,0.91,209.5,0.9,126.0,0.95,209.07,0.96,369.79,0.97,177.04,0.98,1128.15,0.99,2250.69,0.01,0.01,2385.5695,1776161010000
1776161011.9,211.9,0.05,136.41,0.04,318.79,0.03,470.04,0.02,1133.15,0.01,2195.69,0.06,199.4,0.07,178.0,0.08,260.49,0.09,209.5,0.1,126.0,0.94,194.4,0.93,178.0,0.92,192.49,0.91,209.5,0.9,126.0,0.95,209.07,0.96,369.79,0.97,177.04,0.98,1128.15,0.99,2250.69,0.01,0.01,2385.5695,1776161010000
1776161012.281,212.281,0.05,125.41,0.04,375.79,0.03,470.04,0.02,1133.15,0.01,2195.69,0.06,194.4,0.07,178.0,0.08,260.49,0.09,209.5,0.1,126.0,0.94,194.4,0.93,178.0,0.92,260.49,0.91,209.5,0.9,126.0,0.95,125.41,0.96,375.79,0.97,470.04,0.98,1133.15,0.99,2195.69,0.01,0.01,2385.626457,1776161011000
1776161012.714,212.714,0.05,63.0,0.04,281.99,0.03,470.04,0.02,1108.15,0.01,2202.26,0.06,148.15,0.07,178.0,0.08,260.49,0.09,209.5,0.1,146.0,0.94,194.4,0.93,178.0,0.92,260.49,0.91,209.5,0.9,126.0,0.95,125.41,0.96,375.79,0.97,470.04,0.98,1133.15,0.99,2195.69,0.01,0.01,2385.626457,1776161011000
1776161012.993,212.993,0.05,57.87,0.04,248.99,0.03,528.04,0.02,1108.15,0.01,2202.26,0.06,168.15,0.07,235.0,0.08,260.49,0.09,209.5,0.1,146.0,0.94,148.15,0.93,178.0,0.92,260.49,0.91,209.5,0.9,146.0,0.95,63.0,0.96,281.99,0.97,470.04,0.98,1108.15,0.99,2202.26,0.01,0.01,2385.626457,1776161011000
1776161013.396,213.396,0.05,37.87,0.04,248.99,0.03,528.04,0.02,1066.15,0.01,2174.69,0.06,163.15,0.07,235.0,0.08,260.49,0.09,209.5,0.1,146.0,0.94,163.15,0.93,235.0,0.92,260.49,0.91,209.5,0.9,146.0,0.95,37.87,0.96,248.99,0.97,528.04,0.98,1066.15,0.99,2174.69,0.01,0.01,2385.59498,1776161012000
1776161013.66,213.66,0.05,26.15,0.04,223.99,0.03,528.04,0.02,1066.15,0.01,2174.69,0.06,173.15,0.07,235.0,0.08,275.49,0.09,209.5,0.1,140.0,0.94,163.15,0.93,235.0,0.92,260.49,0.91,209.5,0.9,146.0,0.95,37.87,0.96,248.99,0.97,528.04,0.98,1066.15,0.99,2174.69,0.01,0.01,2385.59498,1776161012000
1776161013.959,213.959,0.05,23.91,0.04,223.99,0.03,528.04,0.02,1066.15,0.01,2174.69,0.06,173.15,0.07,235.0,0.08,275.49,0.09,209.5,0.1,140.0,0.94,173.15,0.93,235.0,0.92,275.49,0.91,209.5,0.9,140.0,0.95,23.91,0.96,223.99,0.97,528.04,0.98,1066.15,0.99,2174.69,0.01,0.01,2385.59498,1776161013000
1776161014.447,214.447,0.05,20.74,0.04,177.39,0.03,538.04,0.02,1066.15,0.01,2174.69,0.06,129.15,0.07,235.0,0.08,308.49,0.09,199.5,0.1,140.0,0.94,168.15,0.93,235.0,0.92,298.49,0.91,234.5,0.9,140.0,0.95,20.74,0.96,187.39,0.97,528.04,0.98,1066.15,0.99,2174.69,0.01,0.01,2385.59498,1776161013000
1776161015.124,215.124,0.05,19.68,0.04,177.39,0.03,538.04,0.02,1066.15,0.01,2174.69,0.06,124.15,0.07,235.0,0.08,308.49,0.09,199.5,0.1,140.0,0.94,124.15,0.93,235.0,0.92,308.49,0.91,199.5,0.9,140.0,0.95,19.68,0.96,177.39,0.97,538.04,0.98,1066.15,0.99,2174.69,0.01,0.01,2385.600525,1776161014000
1776161015.361,215.361,0.05,18.62,0.04,177.39,0.03,538.04,0.02,1066.15,0.01,2174.69,0.06,132.78,0.07,235.0,0.08,308.49,0.09,224.5,0.1,140.0,0.94,124.15,0.93,235.0,0.92,308.49,0.91,199.5,0.9,140.0,0.95,19.68,0.96,177.39,0.97,538.04,0.98,1066.15,0.99,2174.69,0.01,0.01,2385.600525,1776161014000
1776161015.625,215.625,0.05,6.55,0.04,177.39,0.03,538.04,0.02,1066.15,0.01,2174.69,0.06,132.78,0.07,326.99,0.08,227.72,0.09,155.5,0.1,140.0,0.94,132.78,0.93,235.0,0.92,308.49,0.91,224.5,0.9,140.0,0.95,14.35,0.96,177.39,0.97,538.04,0.98,1066.15,0.99,2174.69,0.01,0.01,2385.600525,1776161014000
