timestamp,elapsed_sec,up_bid_p1,up_bid_s1,up_bid_p2,up_bid_s2,up_ask_p1,up_ask_s1,up_ask_p2,up_ask_s2,down_bid_p1,down_bid_s1,down_bid_p2,down_bid_s2,down_ask_p1,down_ask_s1,down_ask_p2,down_ask_s2,up_spread,down_spread,eth_price,eth_oracle_ts
1776223511.336,11.336,0.42,10.0,0.41,38.32,0.43,88.33,0.44,54.0,0.57,67.33,0.53,15.0,0.58,15.0,0.59,78.32,0.01,0.01,2327.886925,1776223509000
1776223511.64,11.64,0.45,15.0,0.44,15.0,0.46,67.82,0.47,15.0,0.57,67.33,0.53,15.0,0.58,15.0,0.59,78.32,0.01,0.01,2327.886925,1776223509000
1776223511.981,11.981,0.45,7.83,0.44,15.0,0.46,82.82,0.47,23.0,0.54,72.82,0.53,15.0,0.55,3.96,0.56,20.0,0.01,0.01,2327.872095,1776223510000
1776223512.404,12.404,0.45,3.83,0.44,10.0,0.46,100.82,0.47,23.0,0.54,100.82,0.53,23.0,0.55,3.83,0.56,10.0,0.01,0.01,2327.84409,1776223511000
1776223512.671,12.671,0.36,25.88,0.35,90.0,0.38,20.0,0.39,20.0,0.62,15.0,0.61,20.0,0.64,0.88,0.65,85.0,0.02,0.02,2327.84409,1776223511000
1776223513.055,13.055,0.36,19.16,0.35,105.0,0.38,20.0,0.39,20.0,0.62,20.0,0.61,20.0,0.64,19.16,0.65,105.0,0.02,0.02,2327.798505,1776223512000
1776223513.31,13.31,0.36,24.16,0.35,105.0,0.37,27.79,0.38,43.5,0.62,20.0,0.61,20.0,0.64,19.16,0.65,105.0,0.01,0.02,2327.798505,1776223512000
1776223513.525,13.525,0.36,22.44,0.35,105.0,0.37,32.79,0.38,43.5,0.63,27.79,0.62,43.5,0.64,24.16,0.65,105.0,0.01,0.01,2327.798505,1776223512000
1776223514.334,14.334,0.36,22.44,0.35,105.0,0.37,32.79,0.38,43.5,0.63,32.79,0.62,43.5,0.64,22.44,0.65,105.0,0.01,0.01,2327.858509,1776223513000
1776223515.478,15.478,0.36,22.44,0.35,105.0,0.37,32.79,0.38,43.5,0.63,32.79,0.62,43.5,0.64,22.44,0.65,105.0,0.01,0.01,2327.60065,1776223514000
1776223515.737,15.737,0.36,23.0,0.35,125.5,0.37,32.79,0.38,35.5,0.63,32.79,0.62,43.5,0.64,22.44,0.65,105.0,0.01,0.01,2327.60065,1776223514000
1776223516.058,16.058,0.36,31.4,0.35,125.5,0.37,27.38,0.38,35.5,0.63,27.38,0.62,35.5,0.64,31.4,0.65,125.5,0.01,0.01,2327.57213,1776223515000
1776223516.389,16.389,0.36,35.82,0.35,125.5,0.37,32.38,0.38,35.5,0.63,27.38,0.62,35.5,0.64,31.4,0.65,125.5,0.01,0.01,2327.57213,1776223515000
1776223517.263,17.263,0.36,35.82,0.35,125.5,0.37,32.38,0.38,35.5,0.63,32.38,0.62,35.5,0.64,35.82,0.65,125.5,0.01,0.01,2327.516779,1776223516000
1776223518.474,18.474,0.36,35.82,0.35,125.5,0.37,32.38,0.38,35.5,0.63,32.38,0.62,35.5,0.64,35.82,0.65,125.5,0.01,0.01,2327.527396,1776223517000
1776223519.024,19.024,0.36,35.82,0.35,125.5,0.37,32.38,0.38,35.5,0.63,32.38,0.62,35.5,0.64,35.82,0.65,125.5,0.01,0.01,2327.602018,1776223518000
1776223520.165,20.165,0.35,64.46,0.33,5.0,0.37,93.5,0.38,47.5,0.63,19.67,0.62,35.5,0.64,42.82,0.65,128.5,0.02,0.01,2327.602018,1776223518000
1776223520.39,20.39,0.35,34.68,0.33,15.0,0.36,88.5,0.37,85.5,0.64,93.5,0.63,85.5,0.65,34.68,0.67,15.0,0.01,0.01,2327.533212,1776223519000
1776223520.843,20.843,0.35,32.68,0.34,90.0,0.36,48.5,0.37,104.45,0.64,88.5,0.63,85.5,0.65,34.68,0.67,15.0,0.01,0.01,2327.533212,1776223519000
1776223521.2,21.2,0.34,15.0,0.33,10.0,0.36,63.5,0.37,104.45,0.64,48.5,0.63,104.45,0.65,32.68,0.66,90.0,0.02,0.01,2327.533212,1776223519000
1776223521.598,21.598,0.34,5.0,0.33,25.0,0.35,116.55,0.36,58.5,0.64,63.5,0.63,104.45,0.66,15.0,0.67,10.0,0.01,0.02,2327.505938,1776223520000
1776223522.044,22.044,0.34,10.0,0.33,25.0,0.35,103.69,0.36,58.5,0.65,116.55,0.64,58.5,0.66,5.0,0.67,25.0,0.01,0.01,2327.505938,1776223520000
1776223523.184,23.184,0.34,50.5,0.33,118.5,0.35,74.05,0.36,37.5,0.65,103.69,0.64,58.5,0.66,10.0,0.67,25.0,0.01,0.01,2327.493785,1776223521000
1776223523.589,23.589,0.34,54.5,0.33,100.5,0.35,74.05,0.38,15.5,0.65,74.05,0.64,37.5,0.66,50.5,0.67,118.5,0.01,0.01,2327.465735,1776223522000
1776223523.812,23.812,0.34,84.51,0.33,100.5,0.35,74.05,0.38,10.5,0.65,74.05,0.62,15.5,0.66,94.33,0.67,100.5,0.01,0.01,2327.465735,1776223522000
1776223524.182,24.182,0.34,86.07,0.33,100.5,0.35,38.95,0.37,10.5,0.65,38.95,0.62,10.5,0.66,89.51,0.67,100.5,0.01,0.01,2327.458866,1776223523000
1776223524.4,24.4,0.34,89.4,0.33,100.5,0.35,28.8,0.37,10.5,0.65,33.8,0.63,10.5,0.66,84.4,0.67,100.5,0.01,0.01,2327.458866,1776223523000
1776223524.712,24.712,0.34,82.73,0.33,100.5,0.35,10.0,0.36,78.07,0.65,28.8,0.63,10.5,0.66,89.4,0.67,100.5,0.01,0.01,2327.458866,1776223523000
1776223525.021,25.021,0.34,80.3,0.33,85.0,0.35,10.0,0.36,88.57,0.65,10.0,0.64,78.07,0.66,78.74,0.67,100.5,0.01,0.01,2327.458866,1776223523000
1776223525.423,25.423,0.34,23.59,0.33,95.5,0.35,15.0,0.36,93.57,0.65,20.0,0.64,93.57,0.66,30.46,0.67,95.5,0.01,0.01,2327.473462,1776223524000
1776223525.656,25.656,0.33,95.23,0.32,43.5,0.35,95.83,0.36,15.5,0.65,100.83,0.64,15.5,0.66,25.26,0.67,95.5,0.02,0.01,2327.473462,1776223524000
1776223525.91,25.91,0.34,9.1,0.33,110.23,0.35,100.83,0.36,15.5,0.65,95.83,0.64,15.5,0.66,12.54,0.67,110.23,0.01,0.01,2327.473462,1776223524000
1776223526.119,26.119,0.34,5.36,0.33,110.23,0.35,95.83,0.36,15.5,0.65,95.83,0.64,15.5,0.66,5.77,0.67,110.23,0.01,0.01,2327.473462,1776223524000
1776223526.426,26.426,0.34,4.93,0.33,110.23,0.35,100.83,0.36,15.5,0.65,100.83,0.64,15.5,0.66,8.69,0.67,110.23,0.01,0.01,2327.473462,1776223524000
1776223526.828,26.828,0.34,37.96,0.33,110.23,0.35,95.83,0.36,15.5,0.65,100.83,0.64,15.5,0.66,24.14,0.67,110.23,0.01,0.01,2327.534063,1776223525000
1776223527.196,27.196,0.34,55.83,0.33,110.23,0.35,95.83,0.36,15.5,0.65,95.83,0.64,15.5,0.66,55.83,0.67,110.23,0.01,0.01,2327.60007,1776223526000
1776223527.586,27.586,0.34,49.17,0.33,110.23,0.35,95.83,0.36,5.0,0.65,95.83,0.64,15.5,0.66,54.17,0.67,110.23,0.01,0.01,2327.60007,1776223526000
1776223528.292,28.292,0.34,42.51,0.33,110.23,0.35,95.83,0.36,5.0,0.65,95.83,0.64,5.0,0.66,42.51,0.67,110.23,0.01,0.01,2327.45957,1776223527000
1776223529.009,29.009,0.34,35.85,0.33,110.23,0.35,95.83,0.36,5.0,0.65,95.83,0.64,5.0,0.66,42.51,0.67,110.23,0.01,0.01,2327.45957,1776223527000
1776223529.416,29.416,0.34,29.83,0.33,110.23,0.35,100.83,0.36,5.0,0.65,95.83,0.64,5.0,0.66,35.85,0.67,110.23,0.01,0.01,2327.45957,1776223527000
1776223529.908,29.908,0.34,24.83,0.33,110.23,0.35,95.83,0.36,5.0,0.65,95.83,0.64,5.0,0.66,24.83,0.67,110.23,0.01,0.01,2327.465305,1776223529000
1776223530.473,30.473,0.34,29.83,0.33,110.23,0.35,10.0,0.36,5.0,0.65,95.83,0.64,5.0,0.66,24.83,0.67,110.23,0.01,0.01,2327.465305,1776223529000
1776223530.679,30.679,0.35,55.0,0.34,29.83,0.37,9.19,0.38,26.89,0.64,19.0,0.63,10.5,0.65,30.0,0.66,24.83,0.02,0.01,2327.465305,1776223529000
1776223530.914,30.914,0.37,45.0,0.36,26.12,0.4,44.44,0.41,46.0,0.62,10.26,0.61,10.5,0.63,5.0,0.64,16.12,0.03,0.01,2327.465305,1776223529000
1776223531.578,31.578,0.39,40.0,0.38,45.0,0.4,35.13,0.41,106.74,0.6,44.44,0.59,46.0,0.63,45.0,0.64,26.12,0.01,0.03,2327.60871,1776223530000
1776223531.837,31.837,0.39,12.27,0.38,40.0,0.4,40.13,0.41,117.24,0.6,35.13,0.59,106.74,0.61,20.0,0.62,45.0,0.01,0.01,2327.60871,1776223530000
1776223532.087,32.087,0.37,45.0,0.36,11.12,0.39,10.0,0.4,26.13,0.61,10.0,0.6,26.13,0.63,45.0,0.64,11.12,0.02,0.02,2327.600406,1776223531000
1776223532.681,32.681,0.33,63.42,0.31,35.0,0.34,133.0,0.35,36.0,0.61,213.5,0.6,34.13,0.67,65.9,0.69,30.0,0.01,0.06,2327.600406,1776223531000
1776223532.896,32.896,0.33,50.98,0.32,5.0,0.34,91.0,0.35,34.0,0.66,94.0,0.65,47.0,0.67,56.17,0.68,5.0,0.01,0.01,2327.600406,1776223531000
1776223533.201,33.201,0.33,50.98,0.32,5.0,0.34,91.0,0.35,34.0,0.66,91.0,0.65,34.0,0.67,50.98,0.68,5.0,0.01,0.01,2327.49664,1776223532000
1776223533.595,33.595,0.33,60.05,0.32,20.0,0.34,76.0,0.35,34.0,0.66,86.0,0.65,34.0,0.67,50.05,0.68,5.0,0.01,0.01,2327.49664,1776223532000
1776223534.017,34.017,0.33,55.05,0.32,45.5,0.34,21.0,0.35,5.0,0.66,76.0,0.65,34.0,0.67,60.05,0.68,20.0,0.01,0.01,2327.49664,1776223532000
1776223535.222,35.222,0.33,55.05,0.32,45.5,0.34,21.0,0.35,5.0,0.66,21.0,0.65,5.0,0.67,55.05,0.68,45.5,0.01,0.01,2327.477621,1776223534000
1776223535.427,35.427,0.33,46.28,0.32,15.0,0.34,111.0,0.35,23.0,0.66,21.0,0.65,5.0,0.67,55.05,0.68,45.5,0.01,0.01,2327.477621,1776223534000
1776223535.641,35.641,0.33,14.28,0.32,10.0,0.34,81.0,0.35,23.0,0.66,81.0,0.65,23.0,0.67,41.28,0.68,10.0,0.01,0.01,2327.477621,1776223534000
1776223535.943,35.943,0.33,9.56,0.32,10.0,0.34,111.0,0.35,15.0,0.66,81.0,0.65,23.0,0.67,14.28,0.68,10.0,0.01,0.01,2327.477621,1776223534000
1776223536.294,36.294,0.33,4.07,0.32,10.0,0.34,106.0,0.35,15.0,0.66,106.0,0.65,15.0,0.67,4.07,0.68,10.0,0.01,0.01,2327.29289,1776223535000
1776223536.966,36.966,0.33,2.57,0.32,10.0,0.34,111.0,0.35,15.0,0.66,106.0,0.65,15.0,0.67,4.07,0.68,10.0,0.01,0.01,2327.29289,1776223535000
1776223537.357,37.357,0.33,0.48,0.32,10.0,0.34,111.0,0.35,15.0,0.66,111.0,0.65,15.0,0.67,0.48,0.68,10.0,0.01,0.01,2327.254435,1776223536000
1776223537.583,37.583,0.32,5.48,0.31,35.5,0.34,111.0,0.35,15.0,0.66,111.0,0.65,15.0,0.67,0.48,0.68,10.0,0.02,0.01,2327.254435,1776223536000
1776223537.884,37.884,0.32,5.48,0.31,35.5,0.34,111.0,0.35,15.0,0.66,111.0,0.65,15.0,0.68,5.48,0.69,35.5,0.02,0.02,2327.24174,1776223537000
1776223538.65,38.65,0.32,16.98,0.31,45.5,0.33,81.0,0.34,67.0,0.66,111.0,0.65,15.0,0.68,5.48,0.69,35.5,0.01,0.02,2327.24174,1776223537000
1776223538.99,38.99,0.32,16.98,0.31,45.5,0.33,81.0,0.34,67.0,0.67,81.0,0.66,67.0,0.68,16.98,0.69,45.5,0.01,0.01,2327.219095,1776223538000
1776223539.433,39.433,0.32,13.62,0.31,45.5,0.33,86.0,0.34,67.0,0.67,81.0,0.66,67.0,0.68,16.98,0.69,45.5,0.01,0.01,2327.219095,1776223538000
1776223540.508,40.508,0.32,24.12,0.31,45.5,0.33,81.0,0.34,67.0,0.67,81.0,0.66,67.0,0.68,24.12,0.69,45.5,0.01,0.01,2327.253545,1776223539000
1776223541.113,41.113,0.32,24.12,0.31,45.5,0.33,81.0,0.34,67.0,0.67,81.0,0.66,67.0,0.68,24.12,0.69,45.5,0.01,0.01,2327.262925,1776223540000
1776223542.606,42.606,0.32,24.12,0.31,45.5,0.33,81.0,0.34,67.0,0.67,81.0,0.66,67.0,0.68,24.12,0.69,45.5,0.01,0.01,2327.262775,1776223541000
1776223543.194,43.194,0.32,24.12,0.31,45.5,0.33,81.0,0.34,67.0,0.67,81.0,0.66,67.0,0.68,24.12,0.69,45.5,0.01,0.01,2327.26397,1776223542000
1776223544.678,44.678,0.33,31.5,0.32,44.12,0.35,5.0,0.36,24.0,0.65,5.0,0.64,24.0,0.67,31.5,0.68,44.12,0.02,0.02,2327.265365,1776223543000
1776223545.288,45.288,0.33,31.5,0.32,44.12,0.35,5.0,0.36,24.0,0.65,5.0,0.64,24.0,0.67,31.5,0.68,44.12,0.02,0.02,2327.270365,1776223544000
1776223545.503,45.503,0.4,40.5,0.39,20.0,0.42,9.63,0.43,21.0,0.59,2.07,0.58,10.0,0.6,35.5,0.61,15.0,0.02,0.01,2327.270365,1776223544000
1776223545.911,45.911,0.41,6.32,0.4,90.5,0.42,19.63,0.43,28.0,0.59,3.68,0.58,19.63,0.6,75.5,0.61,30.0,0.01,0.01,2327.270365,1776223544000
1776223546.13,46.13,0.41,6.32,0.4,90.5,0.42,19.63,0.43,28.0,0.58,19.63,0.57,28.0,0.59,6.32,0.6,90.5,0.01,0.01,2327.315345,1776223545000
1776223546.564,46.564,0.41,13.79,0.4,80.5,0.42,39.68,0.43,15.0,0.58,19.63,0.57,28.0,0.59,6.32,0.6,90.5,0.01,0.01,2327.315345,1776223545000
1776223546.956,46.956,0.4,69.12,0.39,31.0,0.42,118.7,0.43,21.0,0.58,39.68,0.57,15.0,0.59,1.14,0.6,80.5,0.02,0.01,2327.315345,1776223545000
1776223547.306,47.306,0.4,69.12,0.39,31.0,0.42,118.7,0.43,21.0,0.58,118.7,0.57,21.0,0.6,69.12,0.61,31.0,0.02,0.02,2327.416275,1776223546000
1776223548.164,48.164,0.4,69.12,0.39,31.0,0.42,118.7,0.43,21.0,0.58,118.7,0.57,21.0,0.6,69.12,0.61,31.0,0.02,0.02,2327.676835,1776223547000
1776223549.416,49.416,0.4,69.12,0.39,31.0,0.42,118.7,0.43,21.0,0.58,118.7,0.57,21.0,0.6,69.12,0.61,31.0,0.02,0.02,2327.700605,1776223548000
1776223550.102,50.102,0.4,69.12,0.39,31.0,0.42,118.7,0.43,21.0,0.58,118.7,0.57,21.0,0.6,69.12,0.61,31.0,0.02,0.02,2327.700605,1776223549000
1776223550.945,50.945,0.4,49.38,0.39,46.5,0.41,20.05,0.42,25.0,0.58,118.7,0.57,21.0,0.6,69.12,0.61,31.0,0.01,0.02,2327.700605,1776223549000
1776223551.267,51.267,0.4,44.38,0.39,46.5,0.41,20.05,0.42,20.0,0.59,20.05,0.58,25.0,0.6,49.38,0.61,46.5,0.01,0.01,2327.700605,1776223549000
1776223552.143,52.143,0.4,44.38,0.39,46.5,0.41,20.05,0.42,20.0,0.59,20.05,0.58,20.0,0.6,44.38,0.61,46.5,0.01,0.01,2327.7055,1776223551000
1776223553.382,53.382,0.4,44.38,0.39,46.5,0.41,20.05,0.42,20.0,0.59,20.05,0.58,20.0,0.6,44.38,0.61,46.5,0.01,0.01,2327.725335,1776223552000
1776223554.027,54.027,0.4,44.38,0.39,46.5,0.41,20.05,0.42,20.0,0.59,20.05,0.58,20.0,0.6,44.38,0.61,46.5,0.01,0.01,2327.724395,1776223553000
1776223554.468,54.468,0.4,54.64,0.39,46.5,0.41,15.05,0.42,25.0,0.59,20.05,0.58,20.0,0.6,44.38,0.61,46.5,0.01,0.01,2327.724395,1776223553000
1776223554.733,54.733,0.45,25.5,0.44,20.5,0.46,6.94,0.48,15.0,0.54,14.86,0.53,5.0,0.6,136.63,0.61,65.5,0.01,0.06,2327.724395,1776223553000
1776223555.497,55.497,0.47,10.5,0.46,50.5,0.48,20.83,0.49,30.8,0.52,20.83,0.51,30.8,0.53,10.5,0.54,50.5,0.01,0.01,2327.72525,1776223554000
1776223555.748,55.748,0.47,41.06,0.46,70.5,0.48,25.83,0.49,30.8,0.52,20.83,0.51,30.8,0.53,10.5,0.54,50.5,0.01,0.01,2327.72525,1776223554000
1776223556.178,56.178,0.47,41.06,0.46,70.5,0.48,25.83,0.49,30.8,0.52,25.83,0.51,30.8,0.53,41.06,0.54,70.5,0.01,0.01,2327.810497,1776223555000
1776223558.058,58.058,0.47,41.06,0.46,70.5,0.48,25.83,0.49,30.8,0.52,25.83,0.51,30.8,0.53,41.06,0.54,70.5,0.01,0.01,2327.973,1776223557000
1776223558.706,58.706,0.48,145.49,0.47,68.69,0.51,16.26,0.52,10.0,0.52,25.83,0.51,30.8,0.53,41.06,0.54,70.5,0.03,0.01,2327.973,1776223557000
1776223559.106,59.106,0.5,90.5,0.49,30.5,0.51,2.18,0.52,10.0,0.49,2.18,0.48,10.0,0.5,90.5,0.51,30.5,0.01,0.01,2328.05962,1776223558000
1776223559.314,59.314,0.5,90.5,0.49,30.5,0.53,7.13,0.54,21.0,0.48,17.13,0.47,15.0,0.5,90.5,0.51,30.5,0.03,0.02,2328.05962,1776223558000
1776223560.107,60.107,0.5,90.5,0.49,30.5,0.53,7.13,0.54,21.0,0.47,7.13,0.46,21.0,0.5,90.5,0.51,30.5,0.03,0.03,2328.09892,1776223559000
1776223560.683,60.683,0.53,80.5,0.52,70.5,0.54,5.78,0.55,52.73,0.47,7.13,0.46,21.0,0.5,90.5,0.51,30.5,0.01,0.03,2328.09892,1776223559000
1776223561.007,61.007,0.53,80.5,0.52,70.5,0.54,5.78,0.55,52.73,0.46,5.78,0.45,52.73,0.47,80.5,0.48,70.5,0.01,0.01,2328.24275,1776223560000
1776223561.704,61.704,0.52,40.5,0.51,25.5,0.53,8.07,0.54,22.78,0.46,36.78,0.45,47.73,0.48,40.0,0.49,15.5,0.01,0.02,2328.24275,1776223560000
1776223562.419,62.419,0.52,40.5,0.51,25.5,0.53,8.07,0.54,22.78,0.47,8.07,0.46,22.78,0.48,40.5,0.49,25.5,0.01,0.01,2328.449823,1776223561000
1776223562.846,62.846,0.52,80.5,0.51,35.5,0.53,0.07,0.54,22.78,0.47,8.07,0.46,22.78,0.48,40.5,0.49,25.5,0.01,0.01,2328.449823,1776223561000
1776223563.243,63.243,0.52,75.5,0.51,35.5,0.54,15.99,0.55,42.73,0.47,0.07,0.46,22.78,0.48,80.5,0.49,35.5,0.02,0.01,2328.337085,1776223562000
1776223564.425,64.425,0.53,40.5,0.52,70.5,0.54,13.95,0.55,42.73,0.46,13.95,0.45,42.73,0.47,40.5,0.48,70.5,0.01,0.01,2328.406019,1776223563000
1776223564.655,64.655,0.53,75.5,0.52,70.5,0.55,15.0,0.56,22.0,0.46,13.95,0.45,42.73,0.47,40.5,0.48,70.5,0.02,0.01,2328.406019,1776223563000
1776223564.862,64.862,0.53,69.11,0.52,70.5,0.55,20.0,0.56,22.0,0.45,15.0,0.44,22.0,0.47,75.5,0.48,70.5,0.02,0.02,2328.406019,1776223563000
1776223565.592,65.592,0.53,71.98,0.52,70.5,0.55,32.0,0.56,52.11,0.45,20.0,0.44,22.0,0.47,69.11,0.48,70.5,0.02,0.02,2328.406019,1776223564000
1776223566.32,66.32,0.53,71.98,0.52,70.5,0.55,32.0,0.56,52.11,0.45,32.0,0.44,52.11,0.47,71.98,0.48,70.5,0.02,0.02,2328.3539,1776223565000
1776223567.009,67.009,0.54,25.5,0.53,56.98,0.55,35.18,0.56,15.0,0.45,32.0,0.44,52.11,0.47,71.98,0.48,70.5,0.01,0.02,2328.3539,1776223565000
1776223567.432,67.432,0.54,25.5,0.53,56.98,0.55,35.18,0.56,15.0,0.45,35.18,0.44,15.0,0.46,25.5,0.47,56.98,0.01,0.01,2328.500508,1776223566000
1776223567.85,67.85,0.5,5.0,0.46,40.0,0.51,5.0,0.53,64.5,0.45,64.68,0.44,107.5,0.48,5.0,0.5,20.5,0.01,0.03,2328.500508,1776223566000
1776223569.09,69.09,0.46,40.0,0.45,20.0,0.5,5.0,0.51,15.0,0.5,5.0,0.49,15.0,0.54,40.0,0.55,20.0,0.04,0.04,2328.433663,1776223568000
1776223569.683,69.683,0.46,50.5,0.45,30.5,0.47,84.25,0.48,63.0,0.52,93.0,0.51,21.0,0.54,35.5,0.55,15.5,0.01,0.02,2328.433663,1776223568000
1776223569.918,69.918,0.46,40.0,0.45,15.0,0.47,74.0,0.48,73.5,0.53,84.25,0.52,63.0,0.54,50.5,0.55,30.5,0.01,0.01,2328.433663,1776223568000
1776223570.211,70.211,0.46,40.0,0.45,15.0,0.47,74.0,0.48,73.5,0.53,74.0,0.52,73.5,0.54,40.0,0.55,15.0,0.01,0.01,2328.25894,1776223569000
1776223571.324,71.324,0.46,40.0,0.45,15.0,0.47,74.0,0.48,73.5,0.53,74.0,0.52,73.5,0.54,40.0,0.55,15.0,0.01,0.01,2328.143582,1776223570000
1776223572.096,72.096,0.49,5.0,0.48,15.0,0.5,26.0,0.51,31.5,0.53,74.0,0.52,73.5,0.54,40.0,0.55,15.0,0.01,0.01,2328.143582,1776223570000
1776223572.303,72.303,0.49,4.11,0.48,10.0,0.5,10.0,0.51,38.5,0.5,26.0,0.49,31.5,0.51,5.0,0.52,15.0,0.01,0.01,2328.143582,1776223570000
1776223572.94,72.94,0.49,4.11,0.48,10.0,0.5,10.0,0.51,38.5,0.5,10.0,0.49,38.5,0.51,4.11,0.52,10.0,0.01,0.01,2328.090398,1776223571000
1776223573.37,73.37,0.49,4.11,0.48,10.0,0.5,10.0,0.51,38.5,0.5,10.0,0.49,38.5,0.51,4.11,0.52,10.0,0.01,0.01,2328.104683,1776223572000
1776223573.871,73.871,0.49,4.11,0.48,10.0,0.5,10.0,0.51,38.5,0.5,10.0,0.49,38.5,0.51,4.11,0.52,10.0,0.01,0.01,2328.121989,1776223573000
1776223574.813,74.813,0.49,4.11,0.48,10.0,0.5,10.0,0.51,38.5,0.5,10.0,0.49,38.5,0.51,4.11,0.52,10.0,0.01,0.01,2328.130333,1776223574000
1776223575.438,75.438,0.46,24.81,0.4,5.0,0.47,151.5,0.48,62.5,0.5,10.0,0.49,38.5,0.51,4.11,0.52,10.0,0.01,0.01,2328.130333,1776223574000
1776223575.677,75.677,0.39,2.7,0.38,30.5,0.4,27.0,0.41,27.0,0.53,209.5,0.52,57.5,0.62,5.0,0.63,27.0,0.01,0.09,2328.130333,1776223574000
1776223575.92,75.92,0.39,2.7,0.38,30.5,0.4,27.0,0.41,27.0,0.6,27.0,0.59,27.0,0.61,2.7,0.62,30.5,0.01,0.01,2328.097357,1776223575000
1776223576.717,76.717,0.38,10.0,0.37,20.0,0.39,81.66,0.4,71.0,0.6,27.0,0.59,27.0,0.61,2.7,0.62,30.5,0.01,0.01,2328.097357,1776223575000
1776223576.991,76.991,0.38,3.19,0.37,10.0,0.39,97.16,0.4,89.5,0.61,97.16,0.6,89.5,0.62,3.19,0.63,10.0,0.01,0.01,2328.0445,1776223576000
1776223577.578,77.578,0.34,25.0,0.33,23.0,0.37,93.0,0.38,63.0,0.61,167.16,0.6,89.5,0.65,30.5,0.66,20.0,0.03,0.04,2328.0445,1776223576000
1776223577.849,77.849,0.35,15.22,0.34,30.0,0.36,26.0,0.37,92.0,0.63,93.0,0.62,63.0,0.66,25.0,0.67,23.0,0.01,0.03,2328.0445,1776223576000
1776223578.269,78.269,0.34,28.95,0.33,23.0,0.36,72.0,0.37,77.0,0.64,72.0,0.63,77.0,0.65,17.22,0.66,30.0,0.02,0.01,2327.8293,1776223577000
1776223578.83,78.83,0.34,3.95,0.33,38.5,0.36,97.0,0.37,89.5,0.64,62.0,0.63,77.0,0.66,28.95,0.67,28.0,0.02,0.02,2327.8293,1776223577000
1776223579.314,79.314,0.34,38.37,0.33,43.5,0.36,34.0,0.37,43.5,0.64,97.0,0.63,89.5,0.66,3.95,0.67,38.5,0.02,0.02,2327.741466,1776223578000
1776223579.96,79.96,0.34,38.37,0.33,43.5,0.36,34.0,0.37,43.5,0.64,34.0,0.63,43.5,0.66,38.37,0.67,43.5,0.02,0.02,2327.59265,1776223579000
1776223580.952,80.952,0.34,38.37,0.33,43.5,0.36,34.0,0.37,43.5,0.64,34.0,0.63,43.5,0.66,38.37,0.67,43.5,0.02,0.02,2327.554967,1776223580000
1776223581.948,81.948,0.34,20.0,0.33,30.5,0.36,15.88,0.37,33.0,0.64,15.88,0.63,33.0,0.66,20.0,0.67,30.5,0.02,0.02,2327.542208,1776223581000
1776223582.951,82.951,0.34,20.0,0.33,30.5,0.36,15.88,0.37,33.0,0.64,15.88,0.63,33.0,0.66,20.0,0.67,30.5,0.02,0.02,2327.50724,1776223582000
1776223583.969,83.969,0.34,20.0,0.33,30.5,0.36,15.88,0.37,33.0,0.64,15.88,0.63,33.0,0.66,20.0,0.67,30.5,0.02,0.02,2327.50258,1776223583000
1776223585.027,85.027,0.34,20.0,0.33,30.5,0.36,15.88,0.37,33.0,0.64,15.88,0.63,33.0,0.66,20.0,0.67,30.5,0.02,0.02,2327.503165,1776223584000
1776223586.086,86.086,0.34,20.0,0.33,30.5,0.36,15.88,0.37,33.0,0.64,15.88,0.63,33.0,0.66,20.0,0.67,30.5,0.02,0.02,2327.615465,1776223585000
1776223587.094,87.094,0.35,20.0,0.34,35.5,0.37,72.68,0.38,35.0,0.63,72.68,0.62,35.0,0.65,20.0,0.66,35.5,0.02,0.02,2327.60294,1776223586000
1776223588.112,88.112,0.35,20.0,0.34,35.5,0.37,72.68,0.38,35.0,0.63,72.68,0.62,35.0,0.65,20.0,0.66,35.5,0.02,0.02,2327.574663,1776223587000
1776223589.107,89.107,0.35,20.0,0.34,35.5,0.37,72.68,0.38,35.0,0.63,72.68,0.62,35.0,0.65,20.0,0.66,35.5,0.02,0.02,2327.615109,1776223588000
1776223590.07,90.07,0.35,20.0,0.34,35.5,0.37,72.68,0.38,35.0,0.63,72.68,0.62,35.0,0.65,20.0,0.66,35.5,0.02,0.02,2327.505005,1776223589000
1776223590.996,90.996,0.35,20.0,0.34,35.5,0.37,72.68,0.38,35.0,0.63,72.68,0.62,35.0,0.65,20.0,0.66,35.5,0.02,0.02,2327.606218,1776223590000
1776223592.105,92.105,0.35,20.0,0.34,35.5,0.37,72.68,0.38,35.0,0.63,72.68,0.62,35.0,0.65,20.0,0.66,35.5,0.02,0.02,2327.606502,1776223591000
1776223592.39,92.39,0.36,20.0,0.35,35.5,0.37,3.18,0.38,45.5,0.63,72.68,0.62,35.0,0.65,20.0,0.66,35.5,0.01,0.02,2327.606502,1776223591000
1776223592.788,92.788,0.36,28.43,0.35,40.5,0.37,5.0,0.38,37.68,0.62,37.68,0.61,44.5,0.64,20.0,0.65,35.5,0.01,0.02,2327.606502,1776223591000
1776223593.082,93.082,0.36,28.43,0.35,40.5,0.38,36.68,0.39,44.5,0.62,36.68,0.61,44.5,0.64,28.43,0.65,40.5,0.02,0.02,2327.5066,1776223592000
1776223594.075,94.075,0.36,23.43,0.35,30.5,0.38,46.68,0.39,43.5,0.62,46.68,0.61,43.5,0.64,23.43,0.65,30.5,0.02,0.02,2327.5203,1776223593000
1776223595.036,95.036,0.36,23.43,0.35,30.5,0.38,46.68,0.39,43.5,0.62,46.68,0.61,43.5,0.64,23.43,0.65,30.5,0.02,0.02,2327.54639,1776223594000
1776223595.959,95.959,0.36,23.43,0.35,30.5,0.38,46.68,0.39,43.5,0.62,46.68,0.61,43.5,0.64,23.43,0.65,30.5,0.02,0.02,2327.582551,1776223595000
1776223596.97,96.97,0.36,23.43,0.35,30.5,0.38,46.68,0.39,43.5,0.62,46.68,0.61,43.5,0.64,23.43,0.65,30.5,0.02,0.02,2327.552785,1776223596000
1776223597.409,97.409,0.36,23.43,0.35,30.5,0.37,13.43,0.38,57.68,0.62,46.68,0.61,43.5,0.64,23.43,0.65,30.5,0.01,0.02,2327.552785,1776223596000
1776223597.973,97.973,0.36,23.43,0.35,30.5,0.37,13.43,0.38,57.68,0.63,13.43,0.62,57.68,0.64,23.43,0.65,30.5,0.01,0.01,2327.55075,1776223597000
1776223598.859,98.859,0.37,135.0,0.36,130.0,0.49,10.0,0.54,30.0,0.63,13.43,0.62,57.68,0.64,23.43,0.65,30.5,0.12,0.01,2327.55075,1776223597000
1776223599.177,99.177,0.53,15.0,0.52,65.36,0.54,3.79,0.55,27.5,0.45,10.0,0.44,21.0,0.5,8.33,0.52,40.0,0.01,0.05,2327.55075,1776223597000
1776223600.137,100.137,0.52,12.3,0.51,15.0,0.53,21.0,0.54,19.29,0.46,3.79,0.45,27.5,0.48,65.16,0.49,10.0,0.01,0.02,2327.55075,1776223597000
1776223600.805,100.805,0.52,12.3,0.51,15.0,0.53,21.0,0.54,19.29,0.47,21.0,0.46,19.29,0.48,12.3,0.49,15.0,0.01,0.01,2327.576185,1776223598000
1776223601.53,101.53,0.52,12.3,0.51,15.0,0.53,21.0,0.54,19.29,0.47,21.0,0.46,19.29,0.48,12.3,0.49,15.0,0.01,0.01,2328.17272,1776223600000
1776223602.163,102.163,0.52,12.3,0.51,15.0,0.53,21.0,0.54,19.29,0.47,21.0,0.46,19.29,0.48,12.3,0.49,15.0,0.01,0.01,2328.222265,1776223601000
1776223603.21,103.21,0.52,12.3,0.51,15.0,0.53,21.0,0.54,19.29,0.47,21.0,0.46,19.29,0.48,12.3,0.49,15.0,0.01,0.01,2328.22217,1776223602000
1776223603.857,103.857,0.52,12.3,0.51,15.0,0.53,21.0,0.54,19.29,0.47,21.0,0.46,19.29,0.48,12.3,0.49,15.0,0.01,0.01,2328.334677,1776223603000
1776223604.543,104.543,0.52,45.5,0.51,25.5,0.53,21.25,0.54,8.79,0.47,21.0,0.46,19.29,0.48,12.3,0.49,15.0,0.01,0.01,2328.334677,1776223603000
1776223605.003,105.003,0.52,45.5,0.51,25.5,0.53,21.25,0.54,8.79,0.47,21.25,0.46,8.79,0.48,45.5,0.49,25.5,0.01,0.01,2328.396131,1776223604000
1776223606.133,106.133,0.52,45.5,0.51,25.5,0.53,21.25,0.54,8.79,0.47,21.25,0.46,8.79,0.48,45.5,0.49,25.5,0.01,0.01,2328.251845,1776223605000
1776223607.332,107.332,0.52,45.5,0.51,25.5,0.53,21.25,0.54,8.79,0.47,21.25,0.46,8.79,0.48,45.5,0.49,25.5,0.01,0.01,2328.32259,1776223606000
1776223607.939,107.939,0.52,45.5,0.51,25.5,0.53,21.25,0.54,8.79,0.47,21.25,0.46,8.79,0.48,45.5,0.49,25.5,0.01,0.01,2328.301548,1776223607000
1776223609.006,109.006,0.52,20.5,0.51,20.5,0.53,17.36,0.54,8.79,0.47,17.36,0.46,8.79,0.48,20.5,0.49,20.5,0.01,0.01,2328.44685,1776223608000
1776223610.143,110.143,0.52,20.5,0.51,20.5,0.53,17.36,0.54,8.79,0.47,17.36,0.46,8.79,0.48,20.5,0.49,20.5,0.01,0.01,2328.289655,1776223609000
1776223611.003,111.003,0.52,5.0,0.51,20.5,0.53,24.19,0.54,30.29,0.47,17.36,0.46,8.79,0.48,20.5,0.49,20.5,0.01,0.01,2328.289655,1776223609000
1776223611.215,111.215,0.52,5.0,0.51,20.5,0.53,24.19,0.54,30.29,0.47,24.19,0.46,30.29,0.48,5.0,0.49,20.5,0.01,0.01,2328.369274,1776223610000
1776223612.41,112.41,0.52,5.0,0.51,20.5,0.53,24.19,0.54,30.29,0.47,24.19,0.46,30.29,0.48,5.0,0.49,20.5,0.01,0.01,2328.26351,1776223611000
1776223612.954,112.954,0.52,5.0,0.51,20.5,0.53,24.19,0.54,30.29,0.47,24.19,0.46,30.29,0.48,5.0,0.49,20.5,0.01,0.01,2328.263675,1776223612000
1776223614.129,114.129,0.43,73.65,0.42,54.8,0.52,10.0,0.53,6.98,0.48,10.0,0.47,6.98,0.57,73.65,0.58,54.8,0.09,0.09,2328.35475,1776223613000
1776223615.015,115.015,0.51,15.0,0.5,15.5,0.52,4.92,0.53,6.98,0.48,10.03,0.47,6.98,0.49,10.0,0.5,15.5,0.01,0.01,2328.35475,1776223613000
1776223615.27,115.27,0.51,15.0,0.5,15.5,0.52,4.92,0.53,6.98,0.48,4.92,0.47,6.98,0.49,15.0,0.5,15.5,0.01,0.01,2328.285294,1776223614000
1776223616.148,116.148,0.51,25.5,0.5,31.57,0.53,6.98,0.54,20.79,0.48,5.48,0.47,12.98,0.49,10.0,0.5,15.5,0.02,0.01,2328.285294,1776223614000
1776223616.586,116.586,0.56,70.5,0.55,32.5,0.57,17.26,0.6,10.0,0.46,12.99,0.45,25.5,0.49,28.57,0.5,31.57,0.01,0.03,2328.35475,1776223615000
1776223616.893,116.893,0.6,10.0,0.59,19.5,0.62,7.1,0.63,85.6,0.39,1.81,0.38,10.0,0.4,10.0,0.41,15.0,0.02,0.01,2328.35475,1776223615000
1776223617.218,117.218,0.6,10.0,0.59,19.5,0.62,7.1,0.63,85.6,0.38,7.1,0.37,85.6,0.4,10.0,0.41,19.5,0.02,0.02,2328.293985,1776223616000
1776223617.68,117.68,0.6,15.37,0.59,30.5,0.61,90.0,0.62,7.1,0.38,7.1,0.37,85.6,0.4,10.0,0.41,19.5,0.01,0.02,2328.293985,1776223616000
1776223618.153,118.153,0.6,15.37,0.59,30.5,0.61,90.0,0.62,7.1,0.39,90.0,0.38,7.1,0.4,15.37,0.41,30.5,0.01,0.01,2328.460398,1776223617000
1776223618.361,118.361,0.53,6.72,0.52,15.0,0.54,25.5,0.55,30.5,0.43,82.36,0.42,96.86,0.48,15.0,0.49,24.0,0.01,0.05,2328.460398,1776223617000
1776223618.679,118.679,0.52,4.29,0.5,20.0,0.53,22.31,0.54,42.5,0.47,5.0,0.46,35.5,0.48,4.29,0.49,29.0,0.01,0.01,2328.460398,1776223617000
1776223618.936,118.936,0.51,15.0,0.5,20.0,0.52,10.98,0.53,12.31,0.48,4.34,0.47,27.31,0.5,20.0,0.51,10.0,0.01,0.02,2328.460398,1776223617000
1776223619.141,119.141,0.51,15.0,0.5,20.0,0.52,10.98,0.53,12.31,0.48,10.98,0.47,12.31,0.49,15.0,0.5,20.0,0.01,0.01,2328.708687,1776223618000
1776223620.108,120.108,0.54,5.0,0.53,40.5,0.55,85.59,0.56,65.5,0.45,94.6,0.44,75.5,0.49,20.0,0.5,25.0,0.01,0.04,2328.708687,1776223618000
1776223620.619,120.619,0.54,4.89,0.53,30.5,0.55,101.09,0.56,70.5,0.45,85.59,0.44,65.5,0.46,5.0,0.47,40.5,0.01,0.01,2328.640324,1776223619000
1776223621.005,121.005,0.57,47.67,0.56,30.5,0.58,5.0,0.59,20.5,0.45,90.59,0.44,70.5,0.47,29.9,0.48,30.5,0.01,0.02,2328.640324,1776223619000
1776223621.425,121.425,0.58,43.97,0.57,37.67,0.59,24.41,0.6,12.0,0.41,18.41,0.4,28.0,0.43,47.67,0.44,35.5,0.01,0.02,2328.44491,1776223620000
1776223622.078,122.078,0.58,43.97,0.57,37.67,0.59,24.41,0.6,12.0,0.41,24.41,0.4,12.0,0.42,43.97,0.43,37.67,0.01,0.01,2328.499308,1776223621000
1776223622.47,122.47,0.58,48.97,0.57,73.24,0.59,4.06,0.6,71.46,0.41,24.41,0.4,12.0,0.42,43.97,0.43,37.67,0.01,0.01,2328.499308,1776223621000
1776223622.88,122.88,0.59,63.5,0.58,78.5,0.61,53.07,0.62,12.0,0.4,6.46,0.39,75.5,0.41,15.0,0.42,119.54,0.02,0.01,2328.499308,1776223621000
1776223623.536,123.536,0.63,38.47,0.62,37.5,0.64,70.0,0.65,70.0,0.39,48.35,0.38,12.0,0.41,63.5,0.42,78.5,0.01,0.02,2328.559125,1776223622000
1776223623.888,123.888,0.63,2.02,0.62,22.0,0.64,179.1,0.65,95.5,0.36,179.1,0.35,95.5,0.38,15.07,0.39,30.5,0.01,0.02,2328.559125,1776223622000
1776223624.128,124.128,0.61,12.6,0.6,43.5,0.63,15.0,0.64,194.1,0.37,15.0,0.36,184.1,0.38,0.46,0.39,48.5,0.02,0.01,2328.6087,1776223623000
1776223624.753,124.753,0.61,53.1,0.6,43.5,0.62,5.0,0.63,30.5,0.37,15.0,0.36,194.1,0.39,12.6,0.4,43.5,0.01,0.02,2328.6087,1776223623000
1776223625.16,125.16,0.61,53.1,0.6,43.5,0.62,5.0,0.63,30.5,0.38,5.0,0.37,30.5,0.39,53.1,0.4,43.5,0.01,0.01,2328.670555,1776223624000
1776223625.68,125.68,0.61,58.1,0.6,43.5,0.62,8.95,0.63,26.0,0.38,5.0,0.37,30.5,0.39,53.1,0.4,43.5,0.01,0.01,2328.670555,1776223624000
1776223626.073,126.073,0.61,58.1,0.6,43.5,0.62,8.95,0.63,26.0,0.38,8.95,0.37,26.0,0.39,58.1,0.4,43.5,0.01,0.01,2328.72753,1776223625000
1776223627.043,127.043,0.61,58.1,0.6,43.5,0.62,8.95,0.63,26.0,0.38,8.95,0.37,26.0,0.39,58.1,0.4,43.5,0.01,0.01,2328.74749,1776223626000
1776223627.847,127.847,0.61,36.65,0.6,48.5,0.62,11.75,0.63,10.0,0.38,8.95,0.37,20.0,0.39,31.65,0.4,48.5,0.01,0.01,2328.74749,1776223626000
1776223628.339,128.339,0.61,36.26,0.6,48.5,0.62,6.75,0.63,5.0,0.38,11.75,0.37,10.0,0.39,36.65,0.4,48.5,0.01,0.01,2328.759277,1776223627000
1776223629.066,129.066,0.61,59.51,0.6,48.5,0.62,6.75,0.63,5.0,0.38,6.75,0.37,5.0,0.39,36.26,0.4,48.5,0.01,0.01,2328.759277,1776223627000
1776223630.059,130.059,0.61,75.66,0.6,48.5,0.62,6.75,0.63,5.0,0.38,6.75,0.37,5.0,0.39,59.51,0.4,48.5,0.01,0.01,2328.784598,1776223628000
1776223630.38,130.38,0.64,14.69,0.61,85.66,0.65,15.0,0.66,89.5,0.38,6.75,0.37,5.0,0.39,75.66,0.4,48.5,0.01,0.01,2328.784598,1776223628000
1776223631.274,131.274,0.64,55.19,0.63,10.0,0.65,10.76,0.66,83.5,0.35,10.76,0.34,83.5,0.36,55.19,0.37,10.0,0.01,0.01,2328.926653,1776223630000
1776223631.599,131.599,0.65,55.5,0.64,50.5,0.66,41.73,0.67,20.0,0.35,10.76,0.34,83.5,0.36,55.19,0.37,10.0,0.01,0.01,2328.926653,1776223630000
1776223631.842,131.842,0.66,87.5,0.65,38.0,0.68,5.76,0.69,15.0,0.33,6.0,0.32,9.0,0.35,17.81,0.36,60.5,0.02,0.02,2328.926653,1776223630000
1776223632.223,132.223,0.69,80.5,0.68,65.5,0.7,78.42,0.71,130.0,0.32,5.76,0.31,15.0,0.34,87.5,0.35,38.0,0.01,0.02,2328.926653,1776223630000
1776223632.541,132.541,0.69,60.5,0.68,65.5,0.7,71.42,0.71,135.0,0.3,78.42,0.29,130.0,0.31,80.5,0.32,65.5,0.01,0.01,2328.926653,1776223630000
1776223632.813,132.813,0.69,60.5,0.68,65.5,0.7,71.42,0.71,135.0,0.3,71.42,0.29,135.0,0.31,60.5,0.32,65.5,0.01,0.01,2328.82978,1776223631000
1776223633.477,133.477,0.69,50.5,0.68,70.5,0.7,81.42,0.71,140.0,0.3,81.42,0.29,140.0,0.31,50.5,0.32,70.5,0.01,0.01,2328.84855,1776223632000
1776223634.121,134.121,0.7,156.5,0.69,92.5,0.71,0.33,0.73,15.0,0.29,0.33,0.27,15.0,0.3,156.5,0.31,92.5,0.01,0.01,2329.024643,1776223633000
1776223634.928,134.928,0.71,161.5,0.7,79.5,0.72,0.33,0.73,10.0,0.29,0.33,0.27,15.0,0.3,156.5,0.31,92.5,0.01,0.01,2329.024643,1776223633000
1776223635.374,135.374,0.74,10.0,0.73,40.0,0.75,18.64,0.76,205.0,0.25,23.64,0.24,150.0,0.28,20.0,0.29,40.5,0.01,0.03,2329.024643,1776223633000
1776223636.112,136.112,0.74,10.0,0.73,40.0,0.75,18.64,0.76,205.0,0.25,18.64,0.24,205.0,0.26,10.0,0.27,40.0,0.01,0.01,2329.193749,1776223635000
1776223636.564,136.564,0.74,59.73,0.73,49.5,0.75,28.3,0.76,155.0,0.25,24.64,0.24,155.0,0.26,59.73,0.27,49.5,0.01,0.01,2329.193749,1776223635000
1776223636.902,136.902,0.74,60.88,0.73,49.5,0.75,28.3,0.76,155.0,0.25,28.3,0.24,155.0,0.26,59.73,0.27,49.5,0.01,0.01,2329.193749,1776223635000
1776223637.293,137.293,0.74,60.88,0.73,49.5,0.75,28.3,0.76,155.0,0.25,28.3,0.24,155.0,0.26,60.88,0.27,49.5,0.01,0.01,2329.34302,1776223636000
1776223638.091,138.091,0.74,60.88,0.73,49.5,0.75,28.3,0.76,155.0,0.25,28.3,0.24,155.0,0.26,60.88,0.27,49.5,0.01,0.01,2329.36263,1776223637000
1776223638.558,138.558,0.74,43.88,0.73,49.5,0.75,20.18,0.76,155.0,0.25,28.3,0.24,155.0,0.26,60.88,0.27,49.5,0.01,0.01,2329.36263,1776223637000
1776223639.239,139.239,0.74,43.88,0.73,49.5,0.75,20.18,0.76,155.0,0.25,20.18,0.24,155.0,0.26,43.88,0.27,49.5,0.01,0.01,2329.361625,1776223638000
1776223640.429,140.429,0.74,43.88,0.73,49.5,0.75,20.18,0.76,155.0,0.25,20.18,0.24,155.0,0.26,43.88,0.27,49.5,0.01,0.01,2329.372764,1776223639000
1776223641.084,141.084,0.74,43.88,0.73,49.5,0.75,20.18,0.76,155.0,0.25,20.18,0.24,155.0,0.26,43.88,0.27,49.5,0.01,0.01,2329.377764,1776223640000
1776223641.738,141.738,0.68,16.5,0.67,13.0,0.7,83.0,0.71,95.01,0.29,84.51,0.28,111.0,0.3,20.5,0.31,51.0,0.02,0.01,2329.377764,1776223640000
1776223642.254,142.254,0.68,16.5,0.66,24.0,0.69,81.55,0.7,78.0,0.3,83.0,0.29,95.01,0.32,16.5,0.33,13.0,0.01,0.02,2329.377764,1776223640000
1776223642.945,142.945,0.68,16.5,0.66,24.0,0.69,81.55,0.7,78.0,0.31,81.55,0.3,78.0,0.32,16.5,0.34,24.0,0.01,0.01,2329.28894,1776223642000
1776223643.444,143.444,0.68,18.37,0.67,26.0,0.69,71.55,0.7,78.0,0.31,81.55,0.3,78.0,0.32,16.5,0.34,24.0,0.01,0.01,2329.28894,1776223642000
1776223644.088,144.088,0.68,18.37,0.67,26.0,0.69,71.55,0.7,78.0,0.31,71.55,0.3,78.0,0.32,18.37,0.33,26.0,0.01,0.01,2329.13556,1776223643000
1776223644.58,144.58,0.68,51.67,0.67,47.0,0.69,17.55,0.7,36.0,0.31,71.55,0.3,78.0,0.32,18.37,0.33,26.0,0.01,0.01,2329.13556,1776223643000
1776223644.923,144.923,0.68,56.67,0.67,43.0,0.69,3.85,0.7,36.0,0.31,17.55,0.3,36.0,0.32,51.67,0.33,47.0,0.01,0.01,2329.13556,1776223643000
1776223645.732,145.732,0.67,32.49,0.66,29.0,0.69,3.85,0.7,36.0,0.31,3.85,0.3,36.0,0.33,32.49,0.34,29.0,0.02,0.02,2329.126015,1776223644000
1776223646.174,146.174,0.68,44.5,0.67,22.49,0.69,15.28,0.7,36.0,0.31,3.85,0.3,36.0,0.33,32.49,0.34,29.0,0.01,0.02,2329.126015,1776223644000
1776223647.113,147.113,0.68,121.27,0.67,22.49,0.7,28.46,0.71,79.51,0.31,15.28,0.3,36.0,0.32,44.5,0.33,22.49,0.02,0.01,2329.214213,1776223645000
1776223647.328,147.328,0.68,107.27,0.67,23.49,0.7,26.75,0.71,84.51,0.3,28.46,0.29,79.51,0.32,121.27,0.33,22.49,0.02,0.02,2329.214213,1776223645000
1776223647.545,147.545,0.68,5.0,0.64,10.0,0.69,76.18,0.7,107.25,0.3,26.75,0.29,84.51,0.32,107.27,0.33,23.49,0.01,0.02,2329.214213,1776223645000
1776223647.931,147.931,0.61,4.0,0.6,33.5,0.62,94.0,0.63,29.0,0.34,6.0,0.31,98.18,0.36,0.86,0.39,14.0,0.01,0.02,2329.193561,1776223646000
1776223648.306,148.306,0.61,4.0,0.6,33.5,0.62,94.0,0.63,29.0,0.38,94.0,0.37,29.0,0.39,4.0,0.4,33.5,0.01,0.01,2329.1487,1776223647000
1776223648.699,148.699,0.6,29.87,0.59,33.0,0.61,24.0,0.62,89.0,0.39,24.0,0.38,89.0,0.4,35.75,0.41,33.0,0.01,0.01,2329.1487,1776223647000
1776223648.922,148.922,0.6,38.0,0.59,48.5,0.61,19.73,0.62,89.0,0.39,24.0,0.38,89.0,0.4,29.87,0.41,33.0,0.01,0.01,2329.1487,1776223647000
1776223649.633,149.633,0.6,23.0,0.59,48.5,0.61,19.73,0.62,89.0,0.39,19.73,0.38,89.0,0.4,23.0,0.41,48.5,0.01,0.01,2329.16479,1776223648000
1776223649.892,149.892,0.6,116.95,0.59,48.5,0.61,4.73,0.62,89.0,0.39,19.73,0.38,89.0,0.4,23.0,0.41,48.5,0.01,0.01,2329.16479,1776223648000
1776223650.174,150.174,0.6,116.95,0.59,48.5,0.61,4.73,0.62,89.0,0.39,4.73,0.38,89.0,0.4,116.95,0.41,48.5,0.01,0.01,2328.929139,1776223649000
1776223650.488,150.488,0.61,65.5,0.6,117.45,0.62,36.0,0.63,9.0,0.39,4.73,0.38,89.0,0.4,116.95,0.41,48.5,0.01,0.01,2328.929139,1776223649000
1776223650.753,150.753,0.61,178.5,0.6,148.45,0.62,0.83,0.63,9.0,0.38,36.0,0.37,9.0,0.39,65.5,0.4,117.45,0.01,0.01,2328.929139,1776223649000
1776223651.081,151.081,0.68,20.0,0.67,29.0,0.69,44.05,0.7,20.0,0.31,27.0,0.3,15.0,0.36,15.0,0.37,10.0,0.01,0.05,2328.929139,1776223649000
1776223651.316,151.316,0.68,20.0,0.67,29.0,0.69,44.05,0.7,20.0,0.31,44.05,0.3,20.0,0.32,20.0,0.33,29.0,0.01,0.01,2328.847745,1776223650000
1776223651.835,151.835,0.68,20.0,0.67,29.0,0.69,32.87,0.7,25.0,0.31,44.05,0.3,20.0,0.32,20.0,0.33,29.0,0.01,0.01,2328.847745,1776223650000
1776223652.213,152.213,0.68,20.0,0.67,29.0,0.69,27.94,0.7,20.0,0.31,32.87,0.3,25.0,0.32,20.0,0.33,29.0,0.01,0.01,2328.90915,1776223651000
1776223652.933,152.933,0.68,25.0,0.67,29.0,0.69,23.68,0.7,25.0,0.31,27.94,0.3,20.0,0.32,20.0,0.33,29.0,0.01,0.01,2328.90915,1776223651000
1776223653.262,153.262,0.68,10.0,0.67,14.0,0.69,21.17,0.7,35.5,0.31,23.68,0.3,25.0,0.32,25.0,0.33,29.0,0.01,0.01,2328.99512,1776223652000
1776223653.464,153.464,0.68,5.0,0.67,14.0,0.69,22.45,0.7,35.5,0.31,46.88,0.3,35.5,0.32,14.0,0.33,14.0,0.01,0.01,2328.99512,1776223652000
1776223654.266,154.266,0.68,5.0,0.67,14.0,0.69,22.45,0.7,35.5,0.31,22.45,0.3,35.5,0.32,5.0,0.33,14.0,0.01,0.01,2328.9939,1776223653000
1776223655.364,155.364,0.68,5.0,0.67,14.0,0.69,22.45,0.7,35.5,0.31,22.45,0.3,35.5,0.32,5.0,0.33,14.0,0.01,0.01,2329.0487,1776223654000
1776223655.619,155.619,0.67,9.0,0.66,14.0,0.69,82.5,0.7,45.5,0.31,22.45,0.3,35.5,0.32,5.0,0.33,14.0,0.02,0.01,2329.0487,1776223654000
1776223655.97,155.97,0.67,9.0,0.66,14.0,0.69,82.5,0.7,45.5,0.31,82.5,0.3,45.5,0.33,9.0,0.34,14.0,0.02,0.02,2329.09646,1776223655000
1776223657.123,157.123,0.67,9.0,0.66,14.0,0.69,82.5,0.7,45.5,0.31,82.5,0.3,45.5,0.33,9.0,0.34,14.0,0.02,0.02,2329.140469,1776223656000
1776223657.485,157.485,0.63,38.5,0.62,15.0,0.65,76.0,0.66,91.5,0.31,82.5,0.3,45.5,0.33,9.0,0.34,14.0,0.02,0.02,2329.140469,1776223656000
1776223658.064,158.064,0.63,10.0,0.62,33.0,0.64,74.35,0.65,91.5,0.35,76.0,0.34,91.5,0.37,38.5,0.38,15.0,0.01,0.02,2329.140469,1776223656000
1776223658.78,158.78,0.69,216.5,0.68,27.0,0.76,57.16,0.77,15.0,0.36,79.35,0.35,91.5,0.38,33.0,0.39,25.5,0.07,0.02,2329.06319,1776223657000
1776223659.29,159.29,0.75,105.0,0.74,29.0,0.76,67.66,0.77,10.0,0.24,57.16,0.23,15.0,0.31,216.5,0.32,27.0,0.01,0.07,2329.06319,1776223657000
1776223659.924,159.924,0.75,105.0,0.74,29.0,0.76,67.66,0.77,10.0,0.24,67.66,0.23,10.0,0.25,105.0,0.26,29.0,0.01,0.01,2329.058143,1776223659000
1776223660.206,160.206,0.75,118.0,0.74,29.0,0.76,25.5,0.77,22.0,0.24,67.66,0.23,10.0,0.25,105.0,0.26,29.0,0.01,0.01,2329.058143,1776223659000
1776223661.486,161.486,0.75,118.0,0.74,29.0,0.76,25.5,0.77,22.0,0.24,25.5,0.23,22.0,0.25,118.0,0.26,29.0,0.01,0.01,2329.31845,1776223660000
1776223661.917,161.917,0.75,118.0,0.74,29.0,0.76,25.5,0.77,22.0,0.24,25.5,0.23,22.0,0.25,118.0,0.26,29.0,0.01,0.01,2329.396469,1776223661000
1776223662.999,162.999,0.75,118.0,0.74,29.0,0.76,25.5,0.77,22.0,0.24,25.5,0.23,22.0,0.25,118.0,0.26,29.0,0.01,0.01,2329.32273,1776223662000
1776223664.064,164.064,0.75,118.0,0.74,29.0,0.76,25.5,0.77,22.0,0.24,25.5,0.23,22.0,0.25,118.0,0.26,29.0,0.01,0.01,2329.30897,1776223663000
1776223665.018,165.018,0.75,118.0,0.74,29.0,0.76,25.5,0.77,22.0,0.24,25.5,0.23,22.0,0.25,118.0,0.26,29.0,0.01,0.01,2329.27623,1776223664000
1776223666.038,166.038,0.75,118.0,0.74,29.0,0.76,25.5,0.77,22.0,0.24,25.5,0.23,22.0,0.25,118.0,0.26,29.0,0.01,0.01,2329.237235,1776223665000
1776223667.015,167.015,0.75,118.0,0.74,29.0,0.76,25.5,0.77,22.0,0.24,25.5,0.23,22.0,0.25,118.0,0.26,29.0,0.01,0.01,2329.29663,1776223666000
1776223667.656,167.656,0.74,23.0,0.73,15.0,0.76,55.5,0.77,42.5,0.24,25.5,0.23,22.0,0.25,118.0,0.26,29.0,0.02,0.01,2329.29663,1776223666000
1776223668.013,168.013,0.74,23.0,0.73,15.0,0.76,55.5,0.77,42.5,0.24,55.5,0.23,42.5,0.26,23.0,0.27,15.0,0.02,0.02,2329.30098,1776223667000
1776223668.983,168.983,0.74,23.0,0.73,15.0,0.76,55.5,0.77,42.5,0.24,55.5,0.23,42.5,0.26,23.0,0.27,15.0,0.02,0.02,2329.311245,1776223668000
1776223670.075,170.075,0.74,23.0,0.73,15.0,0.76,55.5,0.77,42.5,0.24,55.5,0.23,42.5,0.26,23.0,0.27,15.0,0.02,0.02,2329.325225,1776223669000
1776223671.045,171.045,0.76,93.0,0.75,30.0,0.77,28.5,0.78,30.5,0.24,55.5,0.23,42.5,0.26,23.0,0.27,15.0,0.01,0.02,2329.325225,1776223669000
1776223671.291,171.291,0.76,61.33,0.75,30.0,0.77,7.52,0.78,30.5,0.23,28.5,0.22,30.5,0.24,51.33,0.25,30.0,0.01,0.01,2329.38,1776223670000
1776223671.654,171.654,0.76,51.45,0.75,40.5,0.77,1.22,0.78,30.5,0.23,1.22,0.22,30.5,0.24,56.33,0.25,40.5,0.01,0.01,2329.38,1776223670000
1776223672.236,172.236,0.76,51.45,0.75,40.5,0.77,1.22,0.78,30.5,0.23,1.22,0.22,30.5,0.24,51.45,0.25,40.5,0.01,0.01,2329.387745,1776223671000
1776223673.127,173.127,0.76,43.5,0.75,39.5,0.77,37.75,0.78,20.0,0.23,1.22,0.22,30.5,0.24,51.45,0.25,40.5,0.01,0.01,2329.387745,1776223671000
1776223673.628,173.628,0.76,41.84,0.75,39.5,0.77,47.43,0.78,20.0,0.23,31.43,0.22,20.0,0.24,38.5,0.25,39.5,0.01,0.01,2329.3878,1776223672000
1776223674.504,174.504,0.76,36.84,0.75,39.5,0.77,31.23,0.78,20.0,0.23,31.23,0.22,20.0,0.24,36.84,0.25,39.5,0.01,0.01,2329.35974,1776223673000
1776223675.138,175.138,0.76,36.84,0.75,39.5,0.77,31.23,0.78,20.0,0.23,31.23,0.22,20.0,0.24,36.84,0.25,39.5,0.01,0.01,2329.479605,1776223674000
1776223676.766,176.766,0.76,36.84,0.75,39.5,0.77,31.23,0.78,20.0,0.23,31.23,0.22,20.0,0.24,36.84,0.25,39.5,0.01,0.01,2329.42905,1776223675000
1776223677.358,177.358,0.76,82.21,0.75,45.5,0.77,20.0,0.78,10.5,0.23,31.23,0.22,20.0,0.24,36.84,0.25,39.5,0.01,0.01,2329.42905,1776223675000
1776223678.206,178.206,0.77,20.65,0.76,50.5,0.78,40.5,0.79,30.5,0.23,20.0,0.22,10.5,0.24,82.21,0.25,45.5,0.01,0.01,2329.4556,1776223676000
1776223679.679,179.679,0.77,20.65,0.76,50.5,0.78,40.5,0.79,30.5,0.22,40.5,0.21,30.5,0.23,20.65,0.24,50.5,0.01,0.01,2329.4929,1776223678000
1776223680.314,180.314,0.7,20.0,0.67,30.0,0.77,14.0,0.78,141.08,0.22,87.08,0.21,30.5,0.24,31.13,0.26,5.0,0.07,0.02,2329.4929,1776223678000
1776223681.171,181.171,0.7,8.6,0.67,30.0,0.77,14.0,0.78,141.08,0.23,14.0,0.22,141.08,0.3,8.6,0.33,30.0,0.07,0.07,2329.426885,1776223680000
1776223681.564,181.564,0.72,5.0,0.71,50.0,0.76,22.16,0.77,33.0,0.23,14.0,0.22,141.08,0.3,8.6,0.33,30.0,0.04,0.07,2329.426885,1776223680000
1776223681.903,181.903,0.75,8.64,0.74,10.0,0.76,15.0,0.77,14.0,0.24,17.16,0.23,33.0,0.27,6.84,0.28,5.0,0.01,0.03,2329.426885,1776223680000
1776223682.264,182.264,0.76,20.0,0.75,23.64,0.77,3.79,0.78,5.0,0.24,3.0,0.23,14.0,0.25,18.64,0.26,10.0,0.01,0.01,2329.426885,1776223680000
1776223682.708,182.708,0.76,20.0,0.75,23.64,0.77,3.79,0.78,5.0,0.23,3.79,0.22,5.0,0.24,20.0,0.25,23.64,0.01,0.01,2329.320625,1776223681000
1776223683.376,183.376,0.79,20.26,0.78,25.5,0.8,12.8,0.81,15.31,0.2,5.05,0.19,30.81,0.21,9.76,0.22,25.5,0.01,0.01,2329.320625,1776223681000
1776223683.973,183.973,0.79,20.26,0.78,25.5,0.8,7.8,0.81,15.31,0.2,12.8,0.19,15.31,0.21,20.26,0.22,25.5,0.01,0.01,2329.38531,1776223682000
1776223684.273,184.273,0.8,10.0,0.79,20.26,0.81,24.31,0.82,54.01,0.19,24.31,0.18,54.01,0.2,10.0,0.21,20.26,0.01,0.01,2329.39183,1776223683000
1776223684.697,184.697,0.8,55.14,0.79,53.26,0.81,43.57,0.82,64.51,0.19,24.31,0.18,54.01,0.2,10.0,0.21,20.26,0.01,0.01,2329.39183,1776223683000
1776223685.369,185.369,0.8,45.14,0.79,14.76,0.81,36.57,0.82,64.51,0.19,43.57,0.18,64.51,0.2,55.14,0.21,53.26,0.01,0.01,2329.39183,1776223683000
1776223685.949,185.949,0.8,45.14,0.79,14.76,0.81,36.57,0.82,64.51,0.19,36.57,0.18,64.51,0.2,45.14,0.21,14.76,0.01,0.01,2329.6624,1776223684000
1776223686.2,186.2,0.76,4.95,0.72,20.0,0.77,87.5,0.78,141.0,0.19,36.57,0.18,64.51,0.2,45.14,0.21,14.76,0.01,0.01,2329.6624,1776223684000
1776223686.403,186.403,0.72,20.0,0.71,10.0,0.77,101.5,0.78,156.0,0.23,101.5,0.22,156.0,0.24,4.85,0.27,5.0,0.05,0.01,2329.6624,1776223684000
1776223686.686,186.686,0.72,20.0,0.71,10.0,0.77,101.5,0.78,156.0,0.23,101.5,0.22,156.0,0.28,20.0,0.29,10.0,0.05,0.05,2329.65235,1776223685000
1776223687.47,187.47,0.72,20.0,0.71,10.0,0.77,101.5,0.78,156.0,0.23,101.5,0.22,156.0,0.28,20.0,0.29,10.0,0.05,0.05,2329.5011,1776223686000
1776223688.185,188.185,0.68,10.0,0.67,5.0,0.73,79.5,0.74,144.5,0.23,101.5,0.22,156.0,0.28,20.0,0.29,10.0,0.05,0.05,2329.5011,1776223686000
1776223689.244,189.244,0.69,39.15,0.68,23.78,0.7,74.0,0.71,60.5,0.27,79.5,0.26,144.5,0.32,3.28,0.33,5.0,0.01,0.05,2329.354288,1776223687000
1776223689.806,189.806,0.69,39.15,0.68,23.78,0.7,74.0,0.71,60.5,0.3,74.0,0.29,60.5,0.31,39.15,0.32,23.78,0.01,0.01,2329.19207,1776223688000
1776223690.231,190.231,0.69,34.15,0.68,28.78,0.71,71.68,0.72,155.5,0.29,60.5,0.28,155.5,0.31,34.15,0.32,28.78,0.02,0.02,2329.19207,1776223688000
1776223690.62,190.62,0.69,34.15,0.68,28.78,0.71,71.68,0.72,155.5,0.29,71.68,0.28,155.5,0.31,34.15,0.32,28.78,0.02,0.02,2329.16312,1776223689000
1776223691.316,191.316,0.69,34.15,0.68,28.78,0.71,71.68,0.72,155.5,0.29,71.68,0.28,155.5,0.31,34.15,0.32,28.78,0.02,0.02,2329.072231,1776223690000
1776223692.019,192.019,0.69,34.15,0.68,28.78,0.71,71.68,0.72,155.5,0.29,71.68,0.28,155.5,0.31,34.15,0.32,28.78,0.02,0.02,2329.072201,1776223691000
1776223692.34,192.34,0.7,59.72,0.69,24.0,0.71,81.68,0.72,160.5,0.29,81.68,0.28,160.5,0.3,66.51,0.31,19.0,0.01,0.01,2329.072201,1776223691000
1776223693.204,193.204,0.7,10.3,0.69,19.0,0.71,20.5,0.72,116.5,0.29,81.68,0.28,160.5,0.3,59.72,0.31,24.0,0.01,0.01,2329.072201,1776223691000
1776223693.413,193.413,0.7,10.3,0.69,19.0,0.71,11.05,0.72,41.5,0.29,20.5,0.28,116.5,0.3,10.3,0.31,19.0,0.01,0.01,2329.072201,1776223691000
1776223693.93,193.93,0.7,10.3,0.69,29.5,0.71,9.94,0.72,46.5,0.29,10.97,0.28,41.5,0.3,10.3,0.31,19.0,0.01,0.01,2329.072201,1776223691000
1776223694.203,194.203,0.7,10.0,0.69,19.0,0.71,3.76,0.72,41.5,0.29,9.94,0.28,46.5,0.3,10.3,0.31,29.5,0.01,0.01,2329.061455,1776223692000
1776223694.437,194.437,0.7,12.96,0.69,19.0,0.71,3.74,0.72,41.5,0.29,3.74,0.28,41.5,0.3,12.96,0.31,19.0,0.01,0.01,2329.06304,1776223693000
1776223694.879,194.879,0.7,7.96,0.69,24.0,0.71,13.47,0.72,31.5,0.29,3.74,0.28,41.5,0.3,12.96,0.31,19.0,0.01,0.01,2329.06304,1776223693000
1776223695.413,195.413,0.7,12.96,0.69,19.0,0.71,17.98,0.72,40.5,0.29,13.47,0.28,31.5,0.3,7.96,0.31,24.0,0.01,0.01,2329.02425,1776223694000
1776223696.1,196.1,0.7,12.96,0.69,19.0,0.71,16.54,0.72,40.5,0.29,16.54,0.28,40.5,0.3,12.96,0.31,19.0,0.01,0.01,2329.05477,1776223695000
1776223696.618,196.618,0.7,47.2,0.69,29.5,0.71,1.54,0.72,21.5,0.29,16.54,0.28,40.5,0.3,12.96,0.31,19.0,0.01,0.01,2329.05477,1776223695000
1776223697.207,197.207,0.7,47.2,0.69,29.5,0.71,1.42,0.72,21.5,0.29,1.42,0.28,21.5,0.3,47.2,0.31,29.5,0.01,0.01,2329.0438,1776223696000
1776223697.955,197.955,0.7,42.2,0.69,19.0,0.71,0.17,0.72,26.5,0.29,1.42,0.28,21.5,0.3,47.2,0.31,29.5,0.01,0.01,2329.0438,1776223696000
1776223698.246,198.246,0.7,42.2,0.69,19.0,0.71,0.17,0.72,26.5,0.29,0.17,0.28,26.5,0.3,42.2,0.31,19.0,0.01,0.01,2329.08041,1776223697000
1776223698.744,198.744,0.7,41.96,0.69,29.5,0.71,0.17,0.72,26.5,0.29,0.17,0.28,26.5,0.3,42.2,0.31,19.0,0.01,0.01,2329.08041,1776223697000
1776223699.338,199.338,0.7,40.29,0.69,19.0,0.71,0.17,0.72,21.5,0.29,0.17,0.28,26.5,0.3,41.96,0.31,29.5,0.01,0.01,2329.08041,1776223697000
1776223699.851,199.851,0.7,40.29,0.69,19.0,0.71,0.17,0.72,21.5,0.29,0.17,0.28,21.5,0.3,40.29,0.31,19.0,0.01,0.01,2329.046755,1776223699000
1776223700.887,200.887,0.7,40.29,0.69,19.0,0.71,0.17,0.72,21.5,0.29,0.17,0.28,21.5,0.3,40.29,0.31,19.0,0.01,0.01,2329.09734,1776223700000
1776223701.965,201.965,0.7,10.29,0.69,19.0,0.71,9.24,0.72,26.5,0.29,9.24,0.28,26.5,0.3,10.29,0.31,19.0,0.01,0.01,2329.045785,1776223701000
1776223702.768,202.768,0.71,6.48,0.7,0.29,0.72,31.5,0.73,95.5,0.29,9.24,0.28,26.5,0.3,10.29,0.31,19.0,0.01,0.01,2329.045785,1776223701000
1776223703.067,203.067,0.71,6.48,0.7,0.29,0.72,31.5,0.73,95.5,0.28,31.5,0.27,95.5,0.29,6.48,0.3,0.29,0.01,0.01,2329.040305,1776223702000
1776223703.286,203.286,0.68,14.64,0.67,10.0,0.72,56.5,0.73,115.5,0.28,31.5,0.27,95.5,0.29,6.48,0.3,0.29,0.04,0.01,2329.040305,1776223702000
1776223703.943,203.943,0.62,10.0,0.58,5.0,0.65,70.0,0.66,70.0,0.28,51.5,0.27,45.5,0.34,4.9,0.36,10.0,0.03,0.06,2329.040305,1776223702000
1776223704.713,204.713,0.57,30.0,0.56,50.0,0.65,70.0,0.66,70.0,0.35,70.0,0.34,70.0,0.38,10.0,0.42,5.0,0.08,0.03,2329.00214,1776223703000
1776223705.047,205.047,0.62,10.0,0.58,5.0,0.63,4.19,0.65,86.0,0.35,70.0,0.34,70.0,0.43,30.0,0.44,50.0,0.01,0.08,2329.00214,1776223703000
1776223705.475,205.475,0.63,13.77,0.62,20.0,0.64,13.0,0.65,86.0,0.37,4.19,0.35,86.0,0.38,10.0,0.42,5.0,0.01,0.01,2328.743462,1776223704000
1776223706.243,206.243,0.63,13.77,0.62,20.0,0.64,13.0,0.65,86.0,0.36,13.0,0.35,86.0,0.37,13.77,0.38,20.0,0.01,0.01,2328.736743,1776223705000
1776223707.921,207.921,0.63,12.5,0.62,20.0,0.64,23.5,0.65,96.5,0.36,23.5,0.35,96.5,0.37,12.5,0.38,20.0,0.01,0.01,2328.726264,1776223706000
1776223708.144,208.144,0.63,17.5,0.62,30.0,0.64,20.5,0.65,96.5,0.36,23.5,0.35,96.5,0.37,12.5,0.38,20.0,0.01,0.01,2328.726264,1776223706000
1776223708.541,208.541,0.63,17.5,0.62,30.0,0.64,20.5,0.65,96.5,0.36,20.5,0.35,96.5,0.37,17.5,0.38,30.0,0.01,0.01,2328.699187,1776223707000
1776223709.131,209.131,0.63,17.5,0.62,30.0,0.64,20.5,0.65,96.5,0.36,20.5,0.35,96.5,0.37,17.5,0.38,30.0,0.01,0.01,2328.6866,1776223708000
1776223710.522,210.522,0.63,17.5,0.62,30.0,0.64,20.5,0.65,96.5,0.36,20.5,0.35,96.5,0.37,17.5,0.38,30.0,0.01,0.01,2328.662865,1776223709000
1776223711.083,211.083,0.63,17.5,0.62,30.0,0.64,20.5,0.65,96.5,0.36,20.5,0.35,96.5,0.37,17.5,0.38,30.0,0.01,0.01,2328.68546,1776223710000
1776223711.85,211.85,0.63,9.47,0.62,20.0,0.64,22.5,0.65,104.5,0.36,20.5,0.35,96.5,0.37,17.5,0.38,30.0,0.01,0.01,2328.68546,1776223710000
1776223712.335,212.335,0.63,9.47,0.62,20.0,0.64,22.5,0.65,104.5,0.36,22.5,0.35,104.5,0.37,9.47,0.38,20.0,0.01,0.01,2328.685725,1776223711000
1776223713.489,213.489,0.62,0.22,0.61,15.0,0.64,22.5,0.65,104.5,0.36,22.5,0.35,104.5,0.38,0.22,0.39,15.0,0.02,0.02,2328.685725,1776223712000
1776223714.336,214.336,0.62,0.22,0.61,15.0,0.64,22.5,0.65,104.5,0.36,22.5,0.35,104.5,0.38,0.22,0.39,15.0,0.02,0.02,2328.744905,1776223713000
1776223714.866,214.866,0.62,0.22,0.61,15.0,0.64,22.5,0.65,104.5,0.36,22.5,0.35,104.5,0.38,0.22,0.39,15.0,0.02,0.02,2328.70199,1776223714000
1776223715.145,215.145,0.54,15.0,0.53,15.0,0.59,96.5,0.6,170.0,0.36,22.5,0.35,104.5,0.38,0.22,0.39,15.0,0.05,0.02,2328.70199,1776223714000
1776223716.071,216.071,0.54,15.0,0.53,15.0,0.59,96.5,0.6,170.0,0.41,96.5,0.4,170.0,0.46,15.0,0.47,15.0,0.05,0.05,2328.674815,1776223715000
1776223716.808,216.808,0.53,25.58,0.52,25.5,0.54,39.0,0.55,26.5,0.46,39.0,0.45,26.5,0.47,30.5,0.48,25.5,0.01,0.01,2328.674815,1776223715000
1776223717.211,217.211,0.53,25.58,0.52,25.5,0.54,39.0,0.55,26.5,0.46,39.0,0.45,26.5,0.47,25.58,0.48,25.5,0.01,0.01,2328.61481,1776223716000
1776223717.67,217.67,0.51,5.0,0.5,24.73,0.54,72.5,0.55,48.5,0.46,39.0,0.45,26.5,0.47,25.58,0.48,25.5,0.03,0.01,2328.61481,1776223716000
1776223717.999,217.999,0.49,27.69,0.48,15.0,0.5,4.36,0.51,33.57,0.48,21.5,0.47,36.5,0.51,22.69,0.52,15.0,0.01,0.03,2328.61481,1776223716000
1776223718.402,218.402,0.49,27.69,0.48,15.0,0.5,4.36,0.51,33.57,0.5,4.36,0.49,33.57,0.51,27.69,0.52,15.0,0.01,0.01,2328.48693,1776223717000
1776223718.759,218.759,0.49,32.23,0.48,25.5,0.5,25.36,0.51,18.57,0.5,25.36,0.49,18.57,0.51,42.69,0.52,25.5,0.01,0.01,2328.48693,1776223717000
1776223719.063,219.063,0.49,32.23,0.48,25.5,0.5,28.36,0.51,18.57,0.5,25.36,0.49,18.57,0.51,32.23,0.52,25.5,0.01,0.01,2328.518112,1776223718000
1776223720.137,220.137,0.49,32.23,0.48,25.5,0.5,28.36,0.51,18.57,0.5,28.36,0.49,18.57,0.51,32.23,0.52,25.5,0.01,0.01,2328.37962,1776223719000
1776223721.247,221.247,0.49,32.23,0.48,25.5,0.5,28.36,0.51,18.57,0.5,28.36,0.49,18.57,0.51,32.23,0.52,25.5,0.01,0.01,2328.33973,1776223720000
1776223722.528,222.528,0.48,30.0,0.47,25.5,0.49,12.0,0.5,15.5,0.5,28.36,0.49,18.57,0.51,32.23,0.52,25.5,0.01,0.01,2328.33973,1776223720000
1776223723.273,223.273,0.48,30.0,0.47,25.5,0.49,12.0,0.5,15.5,0.51,12.0,0.5,15.5,0.52,30.0,0.53,25.5,0.01,0.01,2328.335515,1776223722000
1776223724.241,224.241,0.48,30.0,0.47,25.5,0.49,12.0,0.5,15.5,0.51,12.0,0.5,15.5,0.52,30.0,0.53,25.5,0.01,0.01,2328.414037,1776223723000
1776223725.366,225.366,0.48,45.5,0.47,30.5,0.49,2.0,0.5,5.0,0.51,2.0,0.5,5.0,0.52,45.5,0.53,30.5,0.01,0.01,2328.325595,1776223724000
1776223725.897,225.897,0.48,45.5,0.47,30.5,0.49,2.0,0.5,5.0,0.51,2.0,0.5,5.0,0.52,45.5,0.53,30.5,0.01,0.01,2328.325595,1776223725000
1776223726.963,226.963,0.48,45.5,0.47,30.5,0.49,2.0,0.5,5.0,0.51,2.0,0.5,5.0,0.52,45.5,0.53,30.5,0.01,0.01,2328.33691,1776223726000
1776223728.046,228.046,0.48,45.5,0.47,30.5,0.49,2.0,0.5,5.0,0.51,2.0,0.5,5.0,0.52,45.5,0.53,30.5,0.01,0.01,2328.34248,1776223727000
1776223729.154,229.154,0.48,45.5,0.47,30.5,0.49,2.0,0.5,5.0,0.51,2.0,0.5,5.0,0.52,45.5,0.53,30.5,0.01,0.01,2328.342755,1776223728000
1776223729.591,229.591,0.48,43.57,0.47,30.5,0.49,7.0,0.5,5.0,0.51,2.0,0.5,5.0,0.52,45.5,0.53,30.5,0.01,0.01,2328.342755,1776223728000
1776223729.852,229.852,0.48,38.57,0.47,30.5,0.5,1.86,0.51,6.0,0.51,7.0,0.5,5.0,0.52,43.57,0.53,30.5,0.02,0.01,2328.342755,1776223728000
1776223730.268,230.268,0.48,38.57,0.47,30.5,0.5,1.86,0.51,6.0,0.5,1.86,0.49,6.0,0.52,38.57,0.53,30.5,0.02,0.02,2328.342425,1776223729000
1776223731.362,231.362,0.48,38.57,0.47,30.5,0.5,1.86,0.51,6.0,0.5,1.86,0.49,6.0,0.52,38.57,0.53,30.5,0.02,0.02,2328.342745,1776223730000
1776223731.917,231.917,0.48,38.57,0.47,30.5,0.5,1.86,0.51,6.0,0.5,1.86,0.49,6.0,0.52,38.57,0.53,30.5,0.02,0.02,2328.342735,1776223731000
1776223732.972,232.972,0.48,38.57,0.47,30.5,0.5,1.86,0.51,6.0,0.5,1.86,0.49,6.0,0.52,38.57,0.53,30.5,0.02,0.02,2328.34954,1776223732000
1776223733.555,233.555,0.51,12.87,0.5,25.0,0.52,17.62,0.53,20.5,0.48,12.62,0.47,15.5,0.5,20.0,0.51,25.0,0.01,0.02,2328.34954,1776223732000
1776223734.146,234.146,0.51,12.87,0.5,25.0,0.52,17.62,0.53,20.5,0.48,17.62,0.47,20.5,0.49,12.87,0.5,25.0,0.01,0.01,2328.349865,1776223733000
1776223735.222,235.222,0.51,17.87,0.5,20.0,0.52,5.3,0.53,20.5,0.48,5.3,0.47,20.5,0.49,17.87,0.5,20.0,0.01,0.01,2328.343695,1776223734000
1776223736.286,236.286,0.51,12.87,0.5,10.0,0.52,20.8,0.53,30.5,0.48,20.8,0.47,30.5,0.49,12.87,0.5,10.0,0.01,0.01,2328.337935,1776223735000
1776223736.625,236.625,0.48,10.0,0.44,30.0,0.52,199.49,0.53,33.79,0.48,20.8,0.47,30.5,0.49,12.87,0.5,10.0,0.04,0.01,2328.337935,1776223735000
1776223736.862,236.862,0.42,15.62,0.39,15.5,0.45,182.49,0.46,27.0,0.48,199.49,0.47,33.79,0.52,10.0,0.56,30.0,0.03,0.04,2328.337935,1776223735000
1776223737.287,237.287,0.42,5.62,0.4,10.5,0.43,64.17,0.44,37.5,0.57,35.05,0.56,133.49,0.58,5.62,0.59,5.0,0.01,0.01,2328.337935,1776223735000
1776223737.902,237.902,0.41,7.96,0.39,20.5,0.42,44.35,0.43,56.5,0.57,64.17,0.56,37.5,0.59,0.96,0.61,20.5,0.01,0.02,2328.342305,1776223736000
1776223738.412,238.412,0.41,7.96,0.39,20.5,0.42,44.35,0.43,56.5,0.58,44.35,0.57,56.5,0.59,7.96,0.61,20.5,0.01,0.01,2328.360735,1776223737000
1776223738.706,238.706,0.41,2.38,0.4,5.0,0.42,190.49,0.43,53.5,0.58,44.35,0.57,56.5,0.59,7.96,0.61,20.5,0.01,0.01,2328.360735,1776223737000
1776223739.081,239.081,0.4,12.0,0.39,15.5,0.41,143.02,0.42,68.5,0.59,143.02,0.58,68.5,0.6,12.0,0.61,15.5,0.01,0.01,2328.29467,1776223738000
1776223740.559,240.559,0.37,15.0,0.36,95.0,0.38,12.1,0.39,30.0,0.59,43.03,0.58,63.5,0.62,3.86,0.63,10.0,0.01,0.03,2328.29467,1776223738000
1776223740.799,240.799,0.37,15.0,0.36,95.0,0.38,12.1,0.39,30.0,0.62,12.1,0.61,30.0,0.63,15.0,0.64,95.0,0.01,0.01,2328.129935,1776223739000
1776223741.447,241.447,0.37,15.0,0.36,95.0,0.38,12.1,0.39,30.0,0.62,12.1,0.61,30.0,0.63,15.0,0.64,95.0,0.01,0.01,2328.07262,1776223740000
1776223742.008,242.008,0.37,15.0,0.36,95.0,0.38,12.1,0.39,30.0,0.62,12.1,0.61,30.0,0.63,15.0,0.64,95.0,0.01,0.01,2328.06262,1776223741000
1776223743.166,243.166,0.37,5.0,0.36,95.0,0.38,15.06,0.39,30.0,0.62,15.06,0.61,30.0,0.63,5.0,0.64,95.0,0.01,0.01,2328.05615,1776223742000
1776223743.699,243.699,0.37,1.82,0.36,85.0,0.38,2.94,0.39,145.99,0.62,15.26,0.61,142.99,0.63,1.82,0.64,95.0,0.01,0.01,2328.05615,1776223742000
1776223743.962,243.962,0.36,77.0,0.35,10.0,0.37,15.21,0.39,53.29,0.62,5.0,0.61,40.0,0.64,77.0,0.65,10.0,0.01,0.02,2328.05615,1776223742000
1776223744.268,244.268,0.36,45.0,0.35,10.0,0.37,5.94,0.38,25.0,0.63,5.51,0.61,147.99,0.64,77.0,0.65,10.0,0.01,0.01,2328.05615,1776223742000
1776223744.49,244.49,0.36,45.0,0.35,10.0,0.37,5.94,0.38,25.0,0.63,5.94,0.62,25.0,0.64,45.0,0.65,10.0,0.01,0.01,2328.100703,1776223743000
1776223745.233,245.233,0.36,45.0,0.35,10.0,0.37,5.94,0.38,25.0,0.63,5.94,0.62,25.0,0.64,45.0,0.65,10.0,0.01,0.01,2328.020195,1776223744000
1776223745.487,245.487,0.27,8.6,0.26,50.0,0.28,189.99,0.29,28.0,0.63,5.94,0.62,25.0,0.64,45.0,0.65,10.0,0.01,0.01,2328.020195,1776223744000
1776223745.779,245.779,0.27,3.43,0.26,50.0,0.28,189.99,0.29,33.0,0.72,189.99,0.71,38.0,0.73,8.5,0.74,50.0,0.01,0.01,2328.020195,1776223744000
1776223746.026,246.026,0.27,13.43,0.26,60.0,0.28,27.4,0.29,15.0,0.72,189.99,0.71,33.0,0.73,3.43,0.74,50.0,0.01,0.01,2328.020195,1776223744000
1776223746.268,246.268,0.27,13.0,0.26,60.0,0.29,11.87,0.3,15.0,0.72,22.4,0.71,15.0,0.73,18.0,0.74,60.0,0.02,0.01,2328.020195,1776223744000
1776223746.659,246.659,0.27,13.0,0.26,60.0,0.29,21.87,0.3,20.0,0.71,11.87,0.7,15.0,0.73,13.0,0.74,60.0,0.02,0.02,2328.020195,1776223744000
1776223747.356,247.356,0.28,7.22,0.27,5.0,0.29,16.87,0.3,123.99,0.71,21.87,0.7,20.0,0.73,13.0,0.74,60.0,0.01,0.02,2328.03333,1776223745000
1776223748.206,248.206,0.27,1.66,0.26,60.0,0.29,21.87,0.3,20.0,0.71,21.87,0.7,123.99,0.72,3.22,0.73,5.0,0.02,0.01,2328.017549,1776223746000
1776223749.207,249.207,0.26,55.0,0.25,15.0,0.27,8.0,0.28,15.0,0.71,21.87,0.7,20.0,0.73,1.66,0.74,60.0,0.01,0.02,2327.97288,1776223747000
1776223749.91,249.91,0.26,55.0,0.25,15.0,0.27,8.0,0.28,15.0,0.73,8.0,0.72,15.0,0.74,55.0,0.75,15.0,0.01,0.01,2327.8829,1776223748000
1776223750.61,250.61,0.26,55.0,0.25,15.0,0.27,8.0,0.28,15.0,0.73,8.0,0.72,15.0,0.74,55.0,0.75,15.0,0.01,0.01,2327.87283,1776223749000
1776223751.143,251.143,0.26,55.0,0.25,15.0,0.27,8.0,0.28,15.0,0.73,8.0,0.72,15.0,0.74,55.0,0.75,15.0,0.01,0.01,2327.865189,1776223750000
1776223751.92,251.92,0.23,13.69,0.22,10.0,0.24,35.83,0.25,35.0,0.74,45.0,0.73,112.99,0.76,2.36,0.77,8.69,0.01,0.02,2327.865189,1776223750000
1776223752.283,252.283,0.23,13.69,0.22,10.0,0.24,35.83,0.25,35.0,0.76,35.83,0.75,35.0,0.77,13.69,0.78,10.0,0.01,0.01,2327.865085,1776223751000
1776223753.044,253.044,0.24,8.17,0.23,23.69,0.25,15.0,0.26,10.0,0.75,15.0,0.74,10.0,0.76,8.17,0.77,23.69,0.01,0.01,2327.835695,1776223752000
1776223753.372,253.372,0.24,66.22,0.23,18.69,0.25,10.0,0.26,15.0,0.75,15.0,0.74,10.0,0.76,8.17,0.77,23.69,0.01,0.01,2327.835695,1776223752000
1776223753.655,253.655,0.24,41.58,0.23,18.69,0.25,10.0,0.26,15.0,0.75,10.0,0.74,15.0,0.76,66.22,0.77,18.69,0.01,0.01,2327.835695,1776223752000
1776223754.158,254.158,0.24,41.58,0.23,18.69,0.25,10.0,0.26,15.0,0.75,10.0,0.74,15.0,0.76,41.58,0.77,18.69,0.01,0.01,2327.91354,1776223753000
1776223755.547,255.547,0.23,10.39,0.22,15.0,0.25,25.6,0.26,25.0,0.75,15.6,0.74,15.0,0.77,22.39,0.78,15.0,0.02,0.02,2327.91354,1776223753000
1776223755.859,255.859,0.23,5.39,0.22,15.0,0.25,12.6,0.26,25.0,0.75,25.6,0.74,25.0,0.77,10.39,0.78,15.0,0.02,0.02,2327.91354,1776223753000
1776223756.325,256.325,0.23,5.39,0.22,15.0,0.25,12.6,0.26,25.0,0.75,12.6,0.74,25.0,0.77,5.39,0.78,15.0,0.02,0.02,2327.920545,1776223755000
1776223756.555,256.555,0.2,5.0,0.19,5.0,0.22,30.0,0.23,15.65,0.77,20.65,0.76,21.0,0.79,50.0,0.8,5.0,0.02,0.02,2327.920545,1776223755000
1776223756.901,256.901,0.19,0.13,0.18,5.0,0.21,9.49,0.22,36.67,0.79,9.49,0.78,36.67,0.81,0.13,0.82,5.0,0.02,0.02,2327.890095,1776223756000
1776223757.835,257.835,0.13,37.33,0.12,79.19,0.19,40.0,0.2,16.5,0.8,16.5,0.79,29.49,0.82,3.9,0.84,50.0,0.06,0.02,2327.890095,1776223756000
1776223758.173,258.173,0.15,4.61,0.14,29.9,0.17,25.0,0.18,20.0,0.81,40.0,0.8,16.5,0.87,37.33,0.88,79.19,0.02,0.06,2327.886025,1776223757000
1776223758.698,258.698,0.12,5.09,0.1,10.0,0.13,1.3,0.14,15.0,0.83,25.0,0.82,20.0,0.85,4.61,0.86,29.9,0.01,0.02,2327.886025,1776223757000
1776223758.934,258.934,0.08,29.66,0.07,81.3,0.09,15.0,0.1,15.0,0.87,19.3,0.86,20.0,0.92,56.66,0.93,81.3,0.01,0.05,2327.82437,1776223758000
1776223759.15,259.15,0.08,42.28,0.07,189.73,0.09,13.88,0.1,20.0,0.91,15.0,0.9,15.0,0.92,29.66,0.93,81.3,0.01,0.01,2327.82437,1776223758000
1776223759.614,259.614,0.12,8.86,0.11,10.0,0.2,103.7,0.21,9.49,0.91,13.88,0.9,20.0,0.92,42.28,0.93,189.73,0.08,0.01,2327.82437,1776223758000
1776223759.922,259.922,0.19,69.0,0.18,10.0,0.2,96.7,0.21,25.49,0.8,96.7,0.79,25.49,0.81,69.0,0.82,10.0,0.01,0.01,2327.78909,1776223759000
1776223760.227,260.227,0.17,37.52,0.16,10.0,0.19,97.8,0.2,17.29,0.8,111.99,0.79,30.49,0.83,0.52,0.84,10.0,0.02,0.03,2327.78909,1776223759000
1776223760.444,260.444,0.12,16.1,0.11,60.0,0.19,88.51,0.2,17.29,0.81,97.8,0.8,17.29,0.83,37.52,0.84,10.0,0.07,0.02,2327.78909,1776223759000
1776223760.979,260.979,0.12,16.1,0.11,60.0,0.19,88.51,0.2,17.29,0.81,88.51,0.8,17.29,0.88,16.1,0.89,60.0,0.07,0.07,2327.664127,1776223760000
1776223761.206,261.206,0.12,23.03,0.11,60.0,0.16,15.0,0.17,15.0,0.81,88.51,0.8,17.29,0.88,16.1,0.89,60.0,0.04,0.07,2327.664127,1776223760000
1776223761.948,261.948,0.12,14.79,0.11,60.0,0.18,10.27,0.19,10.0,0.82,10.27,0.81,10.0,0.88,14.79,0.89,60.0,0.06,0.06,2327.708645,1776223761000
1776223762.307,262.307,0.11,78.0,0.1,50.0,0.14,8.92,0.15,10.0,0.82,10.27,0.81,10.0,0.88,14.79,0.89,60.0,0.03,0.06,2327.708645,1776223761000
1776223763.008,263.008,0.11,78.0,0.1,50.0,0.14,8.92,0.15,10.0,0.86,8.92,0.85,10.0,0.89,78.0,0.9,50.0,0.03,0.03,2327.717509,1776223762000
1776223763.995,263.995,0.14,3.37,0.13,10.0,0.15,10.0,0.16,10.0,0.86,8.92,0.85,10.0,0.89,78.0,0.9,50.0,0.01,0.03,2327.717509,1776223762000
1776223764.898,264.898,0.14,3.37,0.13,10.0,0.15,10.0,0.16,10.0,0.85,10.0,0.84,10.0,0.86,3.37,0.87,10.0,0.01,0.01,2327.7453,1776223764000
1776223766.056,266.056,0.14,3.37,0.13,10.0,0.15,10.0,0.16,10.0,0.85,10.0,0.84,10.0,0.86,3.37,0.87,10.0,0.01,0.01,2327.718833,1776223765000
1776223766.398,266.398,0.15,22.24,0.11,10.0,0.16,22.0,0.17,62.91,0.85,10.0,0.84,10.0,0.86,3.37,0.87,10.0,0.01,0.01,2327.718833,1776223765000
1776223766.986,266.986,0.15,22.24,0.11,10.0,0.16,22.0,0.17,62.91,0.84,22.0,0.83,62.91,0.85,22.24,0.89,10.0,0.01,0.01,2327.74614,1776223766000
1776223767.373,267.373,0.15,5.47,0.11,10.0,0.16,10.0,0.17,35.5,0.84,22.0,0.83,88.41,0.85,5.47,0.89,10.0,0.01,0.01,2327.74614,1776223766000
1776223767.706,267.706,0.15,5.47,0.1,10.0,0.16,3.12,0.17,35.5,0.84,10.0,0.83,35.5,0.85,5.47,0.89,10.0,0.01,0.01,2327.74614,1776223766000
1776223768.017,268.017,0.15,5.47,0.1,10.0,0.16,3.12,0.17,35.5,0.84,3.12,0.83,35.5,0.85,5.47,0.9,10.0,0.01,0.01,2327.715245,1776223767000
1776223768.665,268.665,0.15,20.47,0.11,10.0,0.16,29.92,0.17,43.79,0.84,3.12,0.83,35.5,0.85,5.47,0.9,10.0,0.01,0.01,2327.715245,1776223767000
1776223769.028,269.028,0.15,13.1,0.11,10.0,0.16,29.92,0.17,43.79,0.84,29.92,0.83,43.79,0.85,13.1,0.89,10.0,0.01,0.01,2327.74705,1776223768000
1776223769.467,269.467,0.15,3.1,0.11,10.0,0.16,63.08,0.17,52.79,0.84,29.92,0.83,43.79,0.85,13.1,0.89,10.0,0.01,0.01,2327.74705,1776223768000
1776223770.006,270.006,0.15,3.1,0.11,10.0,0.16,63.08,0.17,52.79,0.84,63.08,0.83,52.79,0.85,3.1,0.89,10.0,0.01,0.01,2327.731395,1776223769000
1776223770.238,270.238,0.15,13.1,0.13,10.0,0.16,66.37,0.17,52.79,0.84,63.08,0.83,52.79,0.85,3.1,0.89,10.0,0.01,0.01,2327.731395,1776223769000
1776223770.964,270.964,0.15,18.1,0.13,10.0,0.16,54.37,0.17,52.79,0.84,54.37,0.83,52.79,0.85,18.1,0.87,10.0,0.01,0.01,2327.712695,1776223770000
1776223771.517,271.517,0.15,13.1,0.12,10.0,0.16,132.81,0.17,62.79,0.84,54.37,0.83,52.79,0.85,18.1,0.87,10.0,0.01,0.01,2327.712695,1776223770000
1776223772.061,272.061,0.15,2.1,0.12,10.0,0.16,220.51,0.17,62.79,0.84,122.81,0.83,62.79,0.85,7.16,0.88,10.0,0.01,0.01,2327.712695,1776223770000
1776223772.297,272.297,0.12,10.0,0.11,10.0,0.16,220.51,0.17,52.79,0.84,220.51,0.83,62.79,0.85,2.1,0.88,10.0,0.04,0.01,2327.7777,1776223771000
1776223772.631,272.631,0.12,15.0,0.11,10.0,0.13,1.53,0.14,15.0,0.86,10.0,0.85,92.0,0.88,11.96,0.89,10.0,0.01,0.02,2327.7777,1776223771000
1776223772.939,272.939,0.12,13.86,0.1,2.16,0.13,1.53,0.14,15.0,0.87,1.53,0.86,15.0,0.9,2.16,0.91,10.0,0.01,0.03,2327.7777,1776223771000
1776223773.165,273.165,0.12,9.54,0.11,10.0,0.13,96.31,0.14,5.0,0.87,1.53,0.86,15.0,0.88,13.86,0.9,2.16,0.01,0.01,2327.7777,1776223771000
1776223773.371,273.371,0.12,14.54,0.11,10.0,0.13,52.23,0.14,15.0,0.87,96.31,0.86,5.0,0.88,9.54,0.89,10.0,0.01,0.01,2327.74757,1776223772000
1776223774.305,274.305,0.12,9.54,0.11,10.0,0.14,15.0,0.15,10.0,0.86,15.0,0.85,10.0,0.88,9.54,0.89,10.0,0.02,0.02,2327.738365,1776223773000
1776223774.937,274.937,0.12,9.54,0.11,10.0,0.14,15.0,0.15,10.0,0.86,15.0,0.85,10.0,0.88,9.54,0.89,10.0,0.02,0.02,2327.73816,1776223774000
1776223775.281,275.281,0.09,21.15,0.08,12.62,0.1,154.8,0.11,10.0,0.86,15.0,0.85,10.0,0.88,9.54,0.89,10.0,0.01,0.02,2327.73816,1776223774000
1776223775.521,275.521,0.09,15.02,0.08,12.62,0.1,139.1,0.11,10.0,0.9,154.8,0.89,10.0,0.91,15.02,0.92,12.62,0.01,0.01,2327.73816,1776223774000
1776223775.792,275.792,0.08,36.62,0.07,55.0,0.09,10.0,0.1,111.1,0.9,111.1,0.89,10.0,0.91,15.02,0.92,12.62,0.01,0.01,2327.73816,1776223774000
1776223776.159,276.159,0.08,17.98,0.07,55.0,0.09,15.0,0.1,10.0,0.91,10.0,0.9,111.1,0.92,7.44,0.93,55.0,0.01,0.01,2327.746075,1776223775000
1776223776.872,276.872,0.07,99.52,0.06,55.0,0.08,10.0,0.09,10.0,0.91,10.0,0.9,132.92,0.93,40.97,0.94,55.0,0.01,0.02,2327.746075,1776223775000
1776223777.177,277.177,0.07,92.64,0.06,55.0,0.08,33.81,0.09,10.0,0.92,10.0,0.91,10.0,0.93,99.52,0.94,55.0,0.01,0.01,2327.7316,1776223776000
1776223777.575,277.575,0.07,20.6,0.05,20.0,0.08,193.8,0.09,49.99,0.92,28.81,0.91,10.0,0.93,78.18,0.94,55.0,0.01,0.01,2327.7316,1776223776000
1776223777.936,277.936,0.04,19.9,0.03,123.0,0.05,15.0,0.06,15.0,0.95,15.0,0.94,15.0,0.96,19.9,0.97,123.0,0.01,0.01,2327.6751,1776223777000
1776223778.254,278.254,0.03,103.0,0.02,240.0,0.04,15.0,0.05,15.0,0.95,15.0,0.94,15.0,0.97,123.0,0.98,240.0,0.01,0.02,2327.6751,1776223777000
1776223778.847,278.847,0.03,130.52,0.02,240.0,0.04,15.0,0.05,15.0,0.96,15.0,0.95,15.0,0.97,98.0,0.98,240.0,0.01,0.01,2327.6751,1776223777000
1776223779.196,279.196,0.03,115.27,0.02,240.0,0.04,15.0,0.05,15.0,0.96,15.0,0.95,15.0,0.97,119.08,0.98,240.0,0.01,0.01,2327.665595,1776223778000
1776223779.548,279.548,0.03,56.92,0.02,240.0,0.04,15.0,0.05,15.0,0.96,15.0,0.95,15.0,0.97,95.99,0.98,240.0,0.01,0.01,2327.665595,1776223778000
1776223780.026,280.026,0.03,51.92,0.02,240.0,0.04,15.0,0.05,15.0,0.96,15.0,0.95,15.0,0.97,51.92,0.98,240.0,0.01,0.01,2327.545416,1776223779000
1776223780.559,280.559,0.03,51.92,0.02,190.0,0.05,6.91,0.06,15.0,0.96,11.91,0.95,15.0,0.97,51.92,0.98,240.0,0.02,0.01,2327.545416,1776223779000
1776223780.831,280.831,0.04,70.0,0.03,46.92,0.07,78.79,0.08,83.99,0.95,6.91,0.94,15.0,0.97,51.92,0.98,190.0,0.03,0.02,2327.545416,1776223779000
1776223781.091,281.091,0.04,70.0,0.03,46.92,0.07,78.79,0.08,83.99,0.93,78.79,0.92,83.99,0.96,70.0,0.97,46.92,0.03,0.03,2327.610205,1776223780000
1776223782.722,282.722,0.04,70.0,0.03,46.92,0.07,78.79,0.08,83.99,0.93,78.79,0.92,83.99,0.96,70.0,0.97,46.92,0.03,0.03,2327.598725,1776223781000
1776223783.984,283.984,0.04,70.0,0.03,46.92,0.07,78.79,0.08,83.99,0.93,78.79,0.92,83.99,0.96,70.0,0.97,46.92,0.03,0.03,2327.59757,1776223782000
1776223784.372,284.372,0.04,63.95,0.03,46.92,0.05,141.56,0.06,10.0,0.93,78.79,0.92,83.99,0.96,70.0,0.97,46.92,0.01,0.03,2327.59757,1776223782000
1776223784.664,284.664,0.04,63.95,0.03,46.92,0.05,141.56,0.06,10.0,0.95,141.56,0.94,10.0,0.96,63.95,0.97,46.92,0.01,0.01,2327.58117,1776223783000
1776223785.601,285.601,0.04,62.9,0.03,46.92,0.05,141.56,0.06,10.0,0.95,141.56,0.94,10.0,0.96,62.9,0.97,46.92,0.01,0.01,2327.577395,1776223784000
1776223786.163,286.163,0.04,60.83,0.03,46.92,0.05,47.0,0.06,103.99,0.95,141.56,0.94,10.0,0.96,62.9,0.97,46.92,0.01,0.01,2327.577395,1776223784000
1776223786.979,286.979,0.04,60.83,0.03,46.92,0.05,47.0,0.06,103.99,0.95,47.0,0.94,103.99,0.96,60.83,0.97,46.92,0.01,0.01,2327.60205,1776223786000
1776223787.619,287.619,0.04,64.78,0.03,46.92,0.06,171.81,0.07,40.79,0.95,151.54,0.94,51.48,0.96,60.83,0.97,46.92,0.02,0.01,2327.60205,1776223786000
1776223788.042,288.042,0.04,39.27,0.03,46.92,0.05,91.99,0.06,103.82,0.95,10.0,0.94,213.81,0.96,39.27,0.97,46.92,0.01,0.01,2327.60205,1776223786000
1776223788.36,288.36,0.04,39.27,0.03,46.92,0.05,91.99,0.06,103.82,0.95,91.99,0.94,103.82,0.96,39.27,0.97,46.92,0.01,0.01,2327.600345,1776223787000
1776223788.596,288.596,0.04,36.74,0.03,46.92,0.05,117.99,0.06,113.82,0.95,107.99,0.94,113.82,0.96,37.89,0.97,46.92,0.01,0.01,2327.600345,1776223787000
1776223788.908,288.908,0.04,36.74,0.03,46.92,0.05,107.99,0.06,108.82,0.95,117.99,0.94,113.82,0.96,36.74,0.97,46.92,0.01,0.01,2327.600345,1776223787000
1776223789.404,289.404,0.04,31.53,0.03,46.92,0.05,117.89,0.06,240.51,0.95,102.89,0.94,108.82,0.96,36.74,0.97,46.92,0.01,0.01,2327.592255,1776223788000
1776223789.907,289.907,0.04,31.53,0.03,46.92,0.05,106.99,0.06,263.51,0.95,117.89,0.94,240.51,0.96,31.53,0.97,46.92,0.01,0.01,2327.592255,1776223788000
1776223790.57,290.57,0.04,31.53,0.03,46.92,0.05,106.99,0.06,263.51,0.95,106.99,0.94,263.51,0.96,31.53,0.97,46.92,0.01,0.01,2327.587535,1776223789000
1776223790.993,290.993,0.04,21.32,0.03,51.92,0.05,273.75,0.06,129.0,0.95,300.75,0.94,129.0,0.96,21.32,0.97,51.92,0.01,0.01,2327.587535,1776223789000
1776223791.426,291.426,0.04,20.27,0.03,46.92,0.05,278.75,0.06,117.0,0.95,278.75,0.94,117.0,0.96,20.27,0.97,46.92,0.01,0.01,2327.675973,1776223790000
1776223791.819,291.819,0.04,16.56,0.03,46.92,0.05,136.89,0.06,104.0,0.95,278.75,0.94,117.0,0.96,20.27,0.97,46.92,0.01,0.01,2327.675973,1776223790000
1776223792.102,292.102,0.04,9.26,0.03,46.92,0.05,114.89,0.06,104.0,0.95,109.89,0.94,104.0,0.96,16.56,0.97,46.92,0.01,0.01,2327.675973,1776223790000
1776223792.521,292.521,0.04,4.26,0.03,46.92,0.05,124.89,0.06,104.0,0.95,114.89,0.94,104.0,0.96,9.26,0.97,46.92,0.01,0.01,2327.6775,1776223791000
1776223792.948,292.948,0.03,9.52,0.02,190.0,0.04,59.98,0.05,70.0,0.95,118.37,0.94,104.0,0.97,43.18,0.98,190.0,0.01,0.02,2327.6775,1776223791000
1776223793.313,293.313,0.02,188.18,0.01,1256.0,0.04,34.98,0.05,70.0,0.96,39.98,0.95,70.0,0.97,14.52,0.98,190.0,0.02,0.01,2327.6775,1776223791000
1776223793.639,293.639,0.02,188.18,0.01,1256.0,0.04,34.98,0.05,70.0,0.96,34.98,0.95,70.0,0.98,188.18,0.99,1256.0,0.02,0.02,2327.61817,1776223792000
1776223794.033,294.033,0.02,240.82,0.01,1256.0,0.03,41.48,0.04,63.99,0.96,34.98,0.95,70.0,0.98,188.18,0.99,1256.0,0.01,0.02,2327.61817,1776223792000
1776223794.298,294.298,0.02,240.82,0.01,1256.0,0.03,41.48,0.04,63.99,0.97,41.48,0.96,63.99,0.98,240.82,0.99,1256.0,0.01,0.01,2327.618045,1776223793000
1776223794.966,294.966,0.02,240.82,0.01,1096.0,0.03,6.8,0.04,173.99,0.97,17.81,0.96,63.99,0.98,235.82,0.99,1096.0,0.01,0.01,2327.618045,1776223793000
1776223795.356,295.356,0.02,123.57,0.01,1096.0,0.03,69.48,0.04,188.0,0.97,6.8,0.96,173.99,0.98,240.82,0.99,1096.0,0.01,0.01,2327.618045,1776223794000
1776223796.187,296.187,0.02,113.57,0.01,1096.0,0.03,32.81,0.04,158.0,0.97,74.48,0.96,188.0,0.98,113.57,0.99,1096.0,0.01,0.01,2327.618045,1776223794000
1776223796.414,296.414,0.02,38.46,0.01,1096.0,0.03,27.81,0.04,158.0,0.97,27.81,0.96,158.0,0.98,78.46,0.99,1096.0,0.01,0.01,2327.618045,1776223794000
1776223796.731,296.731,0.02,18.46,0.01,996.0,0.03,69.9,0.04,135.0,0.97,27.81,0.96,158.0,0.98,38.46,0.99,1096.0,0.01,0.01,2327.65233,1776223795000
1776223796.937,296.937,0.02,13.35,0.01,996.0,0.03,79.9,0.04,135.0,0.97,69.9,0.96,135.0,0.98,18.46,0.99,996.0,0.01,0.01,2327.65233,1776223795000
1776223797.217,297.217,0.02,11.3,0.01,996.0,0.03,38.23,0.04,140.0,0.97,43.23,0.96,140.0,0.98,13.35,0.99,996.0,0.01,0.01,2327.65233,1776223795000
1776223797.427,297.427,0.01,912.12,,,0.03,59.23,0.04,149.0,0.97,59.23,0.96,149.0,0.99,930.29,,,0.02,0.02,2327.65233,1776223795000
1776223797.72,297.72,0.01,604.24,,,0.03,46.58,0.04,110.92,0.97,46.58,0.96,110.92,0.99,604.24,,,0.02,0.02,2327.647176,1776223796000
1776223797.936,297.936,0.01,560.99,,,0.03,177.91,0.04,95.92,0.97,43.91,0.96,95.92,0.99,577.19,,,0.02,0.02,2327.647176,1776223796000
1776223798.168,298.168,0.01,472.24,,,0.03,182.91,0.04,95.92,0.97,187.91,0.96,95.92,0.99,481.24,,,0.02,0.02,2327.64433,1776223797000
1776223798.385,298.385,,,,,0.01,1697.64,0.03,187.91,0.97,187.91,0.96,95.92,0.99,310.37,,,,0.02,2327.64433,1776223797000
1776223798.817,298.817,,,,,0.01,4360.98,0.02,48.57,0.99,1697.64,0.97,187.91,,,,,,,2327.64433,1776223797000
1776223799.193,299.193,,,,,0.01,6101.11,0.02,15.0,0.99,4360.98,0.98,48.57,,,,,,,2327.64433,1776223797000
1776223799.755,299.755,,,,,0.01,6101.11,0.02,15.0,0.99,6101.11,0.98,15.0,,,,,,,2327.593857,1776223798000
1776223800.324,300.324,,,,,0.01,6101.11,0.02,15.0,0.99,6101.11,0.98,15.0,,,,,,,2327.591945,1776223799000
1776223801.05,301.05,,,,,0.01,34386.52,0.02,26.0,0.99,34386.52,0.98,26.0,,,,,,,2327.591945,1776223800000
1776223802.292,302.292,,,,,0.01,34386.52,0.02,26.0,0.99,34386.52,0.98,26.0,,,,,,,2327.559367,1776223801000
1776223802.909,302.909,,,,,0.01,34386.52,0.02,26.0,0.99,34386.52,0.98,26.0,,,,,,,2327.509494,1776223802000

# RESULT,winner=Down,slug=eth-updown-5m-1776223500,ticks=509
