timestamp,elapsed_sec,up_bid_p1,up_bid_s1,up_bid_p2,up_bid_s2,up_ask_p1,up_ask_s1,up_ask_p2,up_ask_s2,down_bid_p1,down_bid_s1,down_bid_p2,down_bid_s2,down_ask_p1,down_ask_s1,down_ask_p2,down_ask_s2,up_spread,down_spread,eth_price,eth_oracle_ts
1776285600.591,0.591,0.53,149.61,0.52,21.53,0.54,5.0,0.6,38.0,0.47,5.39,0.46,444.29,0.49,29.74,0.5,16.05,0.01,0.02,2357.9003,1776285599000
1776285600.792,0.792,0.53,135.95,0.52,21.53,0.54,5.0,0.6,38.0,0.46,5.0,0.4,38.0,0.47,142.78,0.48,21.53,0.01,0.01,2357.9003,1776285599000
1776285601.406,1.406,0.53,140.95,0.52,21.53,0.54,5.0,0.59,18.04,0.46,5.0,0.4,38.0,0.47,135.95,0.48,21.53,0.01,0.01,2357.9003,1776285599000
1776285602.51,2.51,0.53,134.57,0.52,21.53,0.54,44.38,0.55,18.0,0.46,5.0,0.41,18.04,0.47,129.57,0.48,21.53,0.01,0.01,2357.908803,1776285601000
1776285603.319,3.319,0.53,134.57,0.52,26.53,0.54,44.38,0.55,39.0,0.46,44.38,0.45,18.0,0.47,134.57,0.48,21.53,0.01,0.01,2357.906562,1776285602000
1776285603.612,3.612,0.53,107.48,0.52,38.35,0.54,46.41,0.55,39.0,0.46,36.41,0.45,39.0,0.47,139.57,0.48,38.35,0.01,0.01,2357.906562,1776285602000
1776285603.906,3.906,0.53,101.48,0.52,38.35,0.54,46.41,0.55,39.0,0.46,46.41,0.45,39.0,0.47,107.48,0.48,38.35,0.01,0.01,2357.906562,1776285602000
1776285604.404,4.404,0.53,91.48,0.52,38.35,0.54,46.41,0.55,39.0,0.46,46.41,0.45,39.0,0.47,96.48,0.48,38.35,0.01,0.01,2357.96369,1776285603000
1776285604.959,4.959,0.53,44.75,0.52,33.35,0.54,51.41,0.55,39.0,0.46,46.41,0.45,39.0,0.47,91.48,0.48,38.35,0.01,0.01,2357.96369,1776285603000
1776285605.682,5.682,0.5,24.93,0.49,6.0,0.51,134.25,0.52,79.0,0.47,10.0,0.46,56.41,0.5,14.93,0.51,6.0,0.01,0.03,2357.982485,1776285604000
1776285605.968,5.968,0.5,24.93,0.49,6.0,0.51,109.65,0.52,74.0,0.49,134.25,0.48,79.0,0.5,24.93,0.51,6.0,0.01,0.01,2357.982485,1776285604000
1776285607.395,7.395,0.5,32.93,0.49,36.0,0.51,11.0,0.52,15.0,0.49,109.65,0.48,74.0,0.5,4.93,0.51,6.0,0.01,0.01,2357.943685,1776285605000
1776285607.793,7.793,0.47,33.99,0.46,45.0,0.51,1.0,0.52,15.0,0.49,1.0,0.48,15.0,0.5,32.93,0.51,36.0,0.04,0.01,2357.71334,1776285606000
1776285608.558,8.558,0.5,26.0,0.49,22.0,0.52,15.0,0.53,15.0,0.49,1.0,0.48,15.0,0.53,33.99,0.54,45.0,0.02,0.04,2357.683906,1776285607000
1776285609.163,9.163,0.53,64.0,0.52,27.0,0.54,11.41,0.55,15.0,0.48,15.0,0.47,15.0,0.5,26.0,0.51,22.0,0.01,0.02,2357.673374,1776285608000
1776285610.049,10.049,0.54,65.59,0.53,43.0,0.55,5.36,0.56,25.0,0.45,12.0,0.44,20.0,0.46,10.59,0.47,36.0,0.01,0.01,2357.673374,1776285608000
1776285610.433,10.433,0.55,20.5,0.54,65.59,0.56,93.5,0.57,76.0,0.44,25.0,0.43,154.0,0.46,65.59,0.47,43.0,0.01,0.02,2358.007397,1776285609000
1776285610.832,10.832,0.55,15.5,0.54,21.0,0.56,6.36,0.57,194.5,0.43,76.0,0.42,21.0,0.45,20.5,0.46,65.59,0.01,0.02,2358.007397,1776285609000
1776285612.6,12.6,0.51,115.4,0.5,41.5,0.52,23.0,0.53,5.0,0.44,100.75,0.43,136.5,0.46,10.0,0.49,36.6,0.01,0.02,2358.151537,1776285611000
1776285614.621,14.621,0.54,128.5,0.53,37.0,0.56,25.0,0.57,157.0,0.45,10.0,0.44,5.0,0.49,176.4,0.5,41.5,0.02,0.04,2357.9022,1776285613000
1776285614.96,14.96,0.55,123.0,0.54,70.5,0.57,70.5,0.58,10.5,0.44,25.0,0.43,157.0,0.46,128.5,0.47,37.0,0.02,0.02,2357.9022,1776285613000
1776285618.853,18.853,0.56,70.5,0.55,113.5,0.59,35.0,0.6,28.0,0.43,15.5,0.42,10.5,0.44,15.0,0.45,55.0,0.03,0.01,2358.273235,1776285617000
1776285619.11,19.11,0.58,15.0,0.57,25.5,0.59,51.96,0.6,39.0,0.41,35.0,0.4,28.0,0.44,70.5,0.45,113.5,0.01,0.03,2358.273235,1776285617000
1776285620.109,20.109,0.58,25.0,0.57,20.0,0.59,50.04,0.6,85.5,0.41,51.96,0.4,39.0,0.42,15.0,0.43,25.5,0.01,0.01,2358.203235,1776285618000
1776285620.456,20.456,0.58,10.0,0.57,20.0,0.59,104.25,0.6,27.5,0.41,50.04,0.4,85.5,0.42,25.0,0.43,20.0,0.01,0.01,2358.261105,1776285619000
1776285621.621,21.621,0.58,10.0,0.57,20.0,0.59,140.11,0.6,27.5,0.41,104.25,0.4,27.5,0.42,10.0,0.43,20.0,0.01,0.01,2358.240759,1776285620000
1776285621.938,21.938,0.56,10.0,0.55,10.0,0.58,146.5,0.59,87.84,0.41,126.84,0.4,27.5,0.42,10.0,0.43,15.0,0.02,0.01,2358.240759,1776285620000
1776285622.73,22.73,0.56,5.0,0.55,10.0,0.57,117.49,0.58,101.5,0.43,121.0,0.42,101.5,0.44,5.0,0.45,10.0,0.01,0.01,2358.32632,1776285621000
1776285623.977,23.977,0.56,9.7,0.55,20.5,0.57,77.49,0.58,56.0,0.43,117.49,0.42,101.5,0.44,5.0,0.45,10.0,0.01,0.01,2358.189236,1776285622000
1776285626.282,26.282,0.56,10.0,0.55,10.0,0.57,107.49,0.58,66.5,0.43,77.49,0.42,56.0,0.44,9.7,0.45,20.5,0.01,0.01,2358.120091,1776285624000
1776285626.726,26.726,0.55,78.5,0.54,30.5,0.57,72.49,0.58,51.0,0.43,107.49,0.42,66.5,0.44,10.0,0.45,10.0,0.02,0.01,2358.150025,1776285625000
1776285628.045,28.045,0.54,8.86,0.53,10.0,0.56,156.0,0.57,108.99,0.43,72.49,0.42,51.0,0.45,78.5,0.46,30.5,0.02,0.02,2358.130541,1776285626000
1776285630.52,30.52,0.52,5.84,0.51,42.42,0.54,146.0,0.55,64.0,0.44,156.0,0.43,108.99,0.47,1.88,0.48,20.5,0.02,0.03,2357.996242,1776285629000
1776285630.823,30.823,0.51,36.32,0.5,50.0,0.54,141.0,0.55,59.0,0.46,146.0,0.45,59.0,0.47,8.96,0.48,5.84,0.03,0.01,2357.996242,1776285629000
1776285632.971,32.971,0.5,23.29,0.49,46.0,0.52,40.0,0.53,15.0,0.46,141.0,0.45,59.0,0.51,37.0,0.52,120.0,0.02,0.05,2357.879821,1776285631000
1776285633.961,33.961,0.51,93.5,0.5,15.0,0.52,34.24,0.53,15.0,0.48,39.24,0.47,25.0,0.49,25.5,0.5,78.29,0.01,0.01,2357.889821,1776285632000
1776285634.319,34.319,0.51,88.5,0.5,15.0,0.52,29.24,0.53,15.0,0.48,34.24,0.47,15.0,0.49,93.5,0.5,15.0,0.01,0.01,2357.931172,1776285633000
1776285635.237,35.237,0.52,86.41,0.51,44.45,0.53,5.0,0.54,15.0,0.48,25.0,0.47,20.0,0.49,91.45,0.5,15.0,0.01,0.01,2357.91305,1776285634000
1776285636.948,36.948,0.51,11.0,0.5,26.5,0.52,75.5,0.53,55.5,0.46,25.5,0.45,80.5,0.48,91.41,0.49,44.45,0.01,0.02,2357.9327,1776285635000
1776285637.379,37.379,0.51,13.91,0.5,26.5,0.52,90.5,0.53,50.5,0.48,75.5,0.47,55.5,0.49,11.0,0.5,26.5,0.01,0.01,2357.98322,1776285636000
1776285638.536,38.536,0.49,25.5,0.48,60.5,0.5,50.0,0.51,40.5,0.48,90.5,0.47,50.5,0.49,13.91,0.5,26.5,0.01,0.01,2357.992635,1776285637000
1776285639.459,39.459,0.49,28.53,0.48,123.5,0.5,40.0,0.51,40.5,0.5,50.0,0.49,40.5,0.51,25.5,0.52,60.5,0.01,0.01,2357.992635,1776285637000
1776285640.209,40.209,0.47,25.0,0.46,25.0,0.5,393.5,0.51,86.5,0.5,40.0,0.49,40.5,0.51,28.53,0.52,123.5,0.03,0.01,2357.828361,1776285639000
1776285640.472,40.472,0.34,49.0,0.33,43.0,0.37,35.0,0.38,20.0,0.5,393.5,0.49,86.5,0.53,25.0,0.54,25.0,0.03,0.03,2357.828361,1776285639000
1776285640.845,40.845,0.33,103.59,0.32,30.5,0.34,15.0,0.35,10.0,0.63,35.0,0.62,20.0,0.66,49.0,0.67,43.0,0.01,0.03,2357.828361,1776285639000
1776285641.13,41.13,0.35,23.0,0.34,134.35,0.36,1.0,0.38,5.0,0.64,16.0,0.63,10.0,0.65,10.0,0.66,7.0,0.01,0.01,2357.828361,1776285639000
1776285641.405,41.405,0.4,10.0,0.39,10.0,0.41,6.02,0.42,5.0,0.64,1.0,0.62,5.0,0.65,28.92,0.66,127.35,0.01,0.01,2357.803789,1776285640000
1776285641.639,41.639,0.42,9.31,0.41,15.0,0.44,5.0,0.45,10.0,0.57,9.9,0.56,5.0,0.58,9.31,0.59,10.0,0.02,0.01,2357.803789,1776285640000
1776285641.893,41.893,0.44,0.35,0.43,15.0,0.45,15.0,0.46,20.0,0.55,15.0,0.54,15.0,0.56,8.21,0.57,20.0,0.01,0.01,2357.803789,1776285640000
1776285642.248,42.248,0.43,2.0,0.42,15.0,0.44,21.0,0.45,53.0,0.55,20.0,0.54,20.0,0.59,9.23,0.6,36.0,0.01,0.04,2357.803789,1776285640000
1776285642.51,42.51,0.43,7.23,0.42,15.5,0.44,113.0,0.45,30.5,0.56,21.0,0.55,53.0,0.57,2.0,0.58,15.0,0.01,0.01,2357.283472,1776285641000
1776285643.402,43.402,0.42,9.5,0.41,73.0,0.43,20.0,0.44,45.0,0.56,108.0,0.55,30.5,0.57,5.47,0.58,15.5,0.01,0.01,2357.228276,1776285642000
1776285643.742,43.742,0.42,4.5,0.41,73.0,0.43,25.2,0.44,51.0,0.57,20.0,0.56,45.0,0.58,9.5,0.59,73.0,0.01,0.01,2357.228276,1776285642000
1776285644.476,44.476,0.42,71.5,0.41,91.5,0.43,15.0,0.44,93.0,0.57,25.2,0.56,51.0,0.58,4.5,0.59,73.0,0.01,0.01,2357.403171,1776285643000
1776285644.774,44.774,0.42,54.5,0.41,104.5,0.43,8.19,0.44,93.0,0.57,15.0,0.56,93.0,0.58,44.5,0.59,91.5,0.01,0.01,2357.403171,1776285643000
1776285645.389,45.389,0.42,39.41,0.41,109.5,0.43,8.19,0.44,93.0,0.57,8.19,0.56,93.0,0.58,54.5,0.59,104.5,0.01,0.01,2357.403171,1776285644000
1776285645.738,45.738,0.42,42.68,0.41,109.5,0.43,5.86,0.44,93.0,0.57,5.86,0.56,93.0,0.58,39.41,0.59,109.5,0.01,0.01,2357.403171,1776285644000
1776285648.232,48.232,0.42,69.48,0.41,100.5,0.43,13.97,0.44,93.0,0.57,3.97,0.56,93.0,0.58,37.68,0.59,109.5,0.01,0.01,2357.373945,1776285647000
1776285652.248,52.248,0.39,183.04,0.38,68.5,0.42,40.78,0.43,68.97,0.57,13.97,0.56,93.0,0.58,67.75,0.59,100.5,0.03,0.01,2357.225805,1776285651000
1776285652.625,52.625,0.39,150.04,0.38,69.5,0.41,25.18,0.42,20.0,0.59,9.9,0.58,20.0,0.61,168.04,0.62,46.0,0.02,0.02,2357.225805,1776285651000
1776285652.928,52.928,0.39,135.4,0.38,74.5,0.4,10.0,0.41,55.18,0.59,55.18,0.58,20.0,0.61,142.04,0.62,74.5,0.01,0.02,2357.225805,1776285651000
1776285654.437,54.437,0.39,49.36,0.38,45.0,0.4,251.7,0.41,106.18,0.6,10.0,0.59,55.18,0.61,135.4,0.62,74.5,0.01,0.01,2357.048725,1776285652000
1776285655.601,55.601,0.39,46.32,0.38,35.0,0.4,262.7,0.41,185.18,0.6,251.7,0.59,106.18,0.61,49.36,0.62,45.0,0.01,0.01,2357.093655,1776285654000
1776285656.366,56.366,0.39,165.32,0.38,78.5,0.4,13.2,0.41,10.0,0.6,262.7,0.59,185.18,0.61,41.32,0.62,35.0,0.01,0.01,2357.093655,1776285654000
1776285656.586,56.586,0.39,205.82,0.38,78.5,0.41,10.0,0.42,75.5,0.6,13.2,0.59,10.0,0.61,165.32,0.62,78.5,0.02,0.01,2357.093655,1776285654000
1776285657.825,57.825,0.41,125.28,0.4,143.5,0.42,65.5,0.43,80.47,0.59,10.0,0.58,75.5,0.61,205.82,0.62,78.5,0.01,0.02,2357.0414,1776285656000
1776285658.152,58.152,0.42,124.0,0.41,127.78,0.43,76.47,0.44,159.5,0.58,65.5,0.57,80.47,0.59,125.28,0.6,143.5,0.01,0.01,2357.0414,1776285656000
1776285659.58,59.58,0.42,15.2,0.41,87.28,0.43,154.47,0.44,116.5,0.57,76.47,0.56,159.5,0.58,125.55,0.59,127.78,0.01,0.01,2357.0414,1776285657000
1776285660.406,60.406,0.42,15.11,0.41,87.28,0.43,144.47,0.44,126.5,0.57,154.47,0.56,116.5,0.58,15.2,0.59,87.28,0.01,0.01,2357.221625,1776285659000
1776285661.974,61.974,0.42,198.61,0.41,115.78,0.44,30.0,0.45,35.0,0.57,144.47,0.56,126.5,0.58,15.11,0.59,87.28,0.02,0.01,2357.2217,1776285660000
1776285662.943,62.943,0.44,262.5,0.43,148.5,0.45,9.93,0.46,15.0,0.56,30.0,0.55,35.0,0.58,198.61,0.59,115.78,0.01,0.02,2357.193635,1776285661000
1776285663.22,63.22,0.45,130.76,0.44,200.5,0.47,10.0,0.48,60.0,0.54,15.0,0.53,10.0,0.56,257.5,0.57,143.5,0.02,0.02,2357.193635,1776285662000
1776285663.625,63.625,0.51,41.0,0.5,15.0,0.52,160.5,0.53,180.0,0.48,135.0,0.47,165.0,0.52,33.0,0.53,22.0,0.01,0.04,2357.193635,1776285662000
1776285663.926,63.926,0.51,1.0,0.5,5.0,0.52,243.5,0.53,205.0,0.48,160.5,0.47,180.0,0.49,41.0,0.5,15.0,0.01,0.01,2357.193635,1776285662000
1776285664.147,64.147,0.49,16.0,0.48,89.67,0.5,33.37,0.51,35.5,0.48,213.5,0.47,205.0,0.52,78.67,0.53,87.5,0.01,0.04,2357.193635,1776285662000
1776285664.566,64.566,0.49,40.0,0.48,76.0,0.5,122.87,0.51,80.5,0.5,33.37,0.49,35.5,0.51,16.0,0.52,89.67,0.01,0.01,2357.379325,1776285663000
1776285667.866,67.866,0.49,160.5,0.48,187.5,0.51,129.3,0.52,135.5,0.5,122.87,0.49,80.5,0.51,40.0,0.52,76.0,0.02,0.01,2357.659565,1776285666000
1776285669.328,69.328,0.5,33.0,0.49,97.5,0.51,154.3,0.52,140.5,0.49,129.3,0.48,135.5,0.51,160.5,0.52,187.5,0.01,0.02,2357.626635,1776285667000
1776285671.318,71.318,0.46,60.0,0.45,112.26,0.48,20.5,0.49,15.0,0.49,154.3,0.48,140.5,0.5,33.0,0.51,97.5,0.02,0.01,2357.801879,1776285669000
1776285672.382,72.382,0.45,100.35,0.44,169.5,0.46,140.0,0.47,129.6,0.53,20.1,0.52,33.5,0.54,17.0,0.55,170.26,0.01,0.01,2357.763875,1776285671000
1776285674.459,74.459,0.45,101.71,0.44,195.5,0.46,72.36,0.47,98.0,0.54,140.0,0.53,129.6,0.55,100.35,0.56,169.5,0.01,0.01,2357.535925,1776285673000
1776285674.85,74.85,0.44,46.0,0.43,30.0,0.46,310.86,0.47,118.5,0.54,72.36,0.53,98.0,0.55,101.71,0.56,195.5,0.02,0.01,2357.535925,1776285673000
1776285675.222,75.222,0.44,26.5,0.43,50.5,0.45,10.0,0.46,30.0,0.55,120.34,0.54,113.5,0.56,21.0,0.57,50.5,0.01,0.01,2357.535925,1776285673000
1776285675.469,75.469,0.45,63.5,0.44,124.5,0.46,5.0,0.48,15.0,0.55,5.0,0.54,20.0,0.56,102.5,0.57,57.5,0.01,0.01,2357.53275,1776285674000
1776285677.842,77.842,0.5,63.0,0.49,96.5,0.51,168.0,0.52,140.5,0.52,23.16,0.51,85.5,0.55,78.5,0.56,124.5,0.01,0.03,2357.52449,1776285676000
1776285678.055,78.055,0.5,40.0,0.49,86.5,0.51,157.0,0.52,140.5,0.49,163.0,0.48,140.5,0.5,30.0,0.51,96.5,0.01,0.01,2357.52449,1776285676000
1776285678.97,78.97,0.5,185.5,0.49,91.5,0.51,21.85,0.52,60.0,0.49,157.0,0.48,140.5,0.5,40.0,0.51,86.5,0.01,0.01,2357.669903,1776285677000
1776285679.313,79.313,0.5,185.5,0.49,91.5,0.51,0.85,0.52,60.0,0.49,5.85,0.48,60.0,0.5,180.5,0.51,91.5,0.01,0.01,2357.765705,1776285678000
1776285680.867,80.867,0.5,289.5,0.49,116.5,0.53,160.0,0.54,55.0,0.49,0.85,0.48,60.0,0.5,185.5,0.51,91.5,0.03,0.01,2357.810625,1776285679000
1776285681.104,81.104,0.53,29.0,0.52,26.0,0.54,38.0,0.55,45.0,0.46,48.0,0.45,45.0,0.47,10.0,0.48,35.0,0.01,0.01,2357.810625,1776285679000
1776285681.372,81.372,0.53,29.0,0.52,26.0,0.54,33.7,0.55,50.0,0.46,38.0,0.45,45.0,0.47,29.0,0.48,26.0,0.01,0.01,2357.810625,1776285679000
1776285681.914,81.914,0.53,187.0,0.52,90.03,0.54,23.98,0.55,45.0,0.46,33.7,0.45,50.0,0.47,29.0,0.48,26.0,0.01,0.01,2357.912206,1776285681000
1776285682.661,82.661,0.53,97.86,0.52,150.53,0.54,76.88,0.55,20.0,0.46,23.98,0.45,45.0,0.47,175.36,0.48,90.03,0.01,0.01,2357.912206,1776285681000
1776285683.367,83.367,0.53,157.86,0.52,96.5,0.54,1.56,0.55,25.0,0.46,76.88,0.45,20.0,0.47,97.86,0.48,150.53,0.01,0.01,2358.18275,1776285682000
1776285685.025,85.025,0.53,207.86,0.52,101.5,0.55,5.0,0.56,5.0,0.46,1.56,0.45,25.0,0.47,157.86,0.48,96.5,0.02,0.01,2358.23795,1776285683000
1776285685.591,85.591,0.55,50.0,0.54,81.5,0.57,161.5,0.58,125.5,0.45,5.0,0.44,5.0,0.47,207.86,0.48,101.5,0.02,0.02,2358.250555,1776285684000
1776285686.301,86.301,0.53,11.0,0.52,22.0,0.54,134.52,0.55,25.5,0.43,161.5,0.42,125.5,0.45,50.0,0.46,81.5,0.01,0.02,2358.250555,1776285684000
1776285686.588,86.588,0.51,107.98,0.5,77.0,0.52,139.5,0.53,83.5,0.46,164.52,0.45,30.5,0.49,111.0,0.5,66.0,0.01,0.03,2358.29255,1776285685000
1776285687.513,87.513,0.51,41.59,0.5,82.0,0.52,99.5,0.53,83.5,0.48,139.5,0.47,83.5,0.49,107.98,0.5,77.0,0.01,0.01,2358.29755,1776285686000
1776285688.298,88.298,0.53,16.0,0.52,19.0,0.54,1.85,0.56,5.0,0.48,99.5,0.47,83.5,0.5,22.75,0.51,180.0,0.01,0.02,2358.29755,1776285686000
1776285689.52,89.52,0.56,48.63,0.55,156.5,0.57,75.0,0.58,121.5,0.46,1.85,0.44,5.0,0.47,16.0,0.48,19.0,0.01,0.01,2358.07346,1776285688000
1776285690.071,90.071,0.57,90.0,0.56,182.13,0.58,50.83,0.59,72.5,0.42,110.0,0.41,72.5,0.44,69.13,0.45,184.5,0.01,0.02,2358.07346,1776285688000
1776285690.473,90.473,0.59,95.0,0.58,173.5,0.6,170.0,0.61,125.5,0.42,50.83,0.41,72.5,0.43,90.0,0.44,182.13,0.01,0.01,2357.990005,1776285689000
1776285690.713,90.713,0.59,100.0,0.58,178.5,0.6,115.72,0.61,125.5,0.4,170.0,0.39,125.5,0.41,95.0,0.42,173.5,0.01,0.01,2357.990005,1776285689000
1776285691.034,91.034,0.59,100.0,0.58,140.5,0.6,81.06,0.62,178.0,0.4,115.72,0.39,125.5,0.41,100.0,0.42,178.5,0.01,0.01,2357.990005,1776285689000
1776285691.337,91.337,0.59,130.5,0.58,140.5,0.6,70.06,0.61,15.5,0.4,81.06,0.38,178.0,0.41,100.0,0.42,140.5,0.01,0.01,2357.990005,1776285689000
1776285691.747,91.747,0.59,160.5,0.58,140.5,0.6,70.31,0.61,10.5,0.4,70.06,0.39,15.5,0.41,130.5,0.42,140.5,0.01,0.01,2358.161189,1776285690000
1776285691.956,91.956,0.59,160.5,0.58,140.5,0.6,48.31,0.61,10.5,0.4,59.31,0.39,10.5,0.41,160.5,0.42,140.5,0.01,0.01,2358.161189,1776285690000
1776285692.191,92.191,0.59,150.5,0.58,145.5,0.6,29.03,0.61,10.5,0.4,48.31,0.39,10.5,0.41,160.5,0.42,140.5,0.01,0.01,2358.161189,1776285690000
1776285692.584,92.584,0.59,160.5,0.58,140.5,0.61,5.0,0.62,130.5,0.4,29.03,0.39,10.5,0.41,150.5,0.42,145.5,0.02,0.01,2358.212715,1776285691000
1776285694.388,94.388,0.61,169.65,0.6,223.5,0.62,15.0,0.63,83.0,0.39,5.0,0.38,130.5,0.41,160.5,0.42,140.5,0.01,0.02,2358.266025,1776285692000
1776285694.744,94.744,0.61,226.95,0.6,175.5,0.62,10.0,0.63,30.0,0.38,15.0,0.37,25.0,0.39,151.65,0.4,223.5,0.01,0.01,2358.3593,1776285693000
1776285695.869,95.869,0.62,180.5,0.61,90.5,0.63,1.42,0.64,68.0,0.38,10.0,0.37,30.0,0.39,226.95,0.4,175.5,0.01,0.01,2358.50402,1776285694000
1776285696.258,96.258,0.62,174.0,0.61,90.5,0.63,1.42,0.64,58.0,0.37,1.42,0.36,68.0,0.38,180.5,0.39,90.5,0.01,0.01,2358.620877,1776285695000
1776285696.619,96.619,0.62,174.0,0.61,148.5,0.64,57.83,0.65,198.0,0.37,1.42,0.36,58.0,0.38,174.0,0.39,90.5,0.02,0.01,2358.620877,1776285695000
1776285701.696,101.696,0.58,25.0,0.57,50.0,0.65,178.5,0.66,149.5,0.36,57.83,0.35,198.0,0.38,174.0,0.39,148.5,0.07,0.02,2358.69805,1776285699000
1776285702.282,102.282,0.57,84.0,0.56,183.5,0.58,12.0,0.59,29.0,0.41,10.83,0.4,10.0,0.42,25.0,0.43,50.0,0.01,0.01,2358.75739,1776285700000
1776285702.484,102.484,0.57,147.5,0.56,136.5,0.59,12.0,0.6,5.0,0.42,12.0,0.41,29.0,0.43,84.0,0.44,183.5,0.02,0.01,2358.75739,1776285700000
1776285702.891,102.891,0.58,228.5,0.57,130.5,0.59,14.0,0.6,16.0,0.41,9.0,0.4,5.0,0.42,10.0,0.43,152.5,0.01,0.01,2358.737407,1776285701000
1776285703.092,103.092,0.6,6.0,0.58,233.5,0.61,133.5,0.62,104.5,0.41,11.0,0.4,11.0,0.42,233.5,0.43,141.5,0.01,0.01,2358.737407,1776285701000
1776285703.512,103.512,0.6,31.0,0.59,70.5,0.61,150.23,0.62,104.5,0.39,133.5,0.38,104.5,0.4,6.0,0.42,233.5,0.01,0.01,2358.75745,1776285702000
1776285703.991,103.991,0.6,22.98,0.59,98.24,0.61,145.23,0.62,104.5,0.39,150.23,0.38,104.5,0.4,31.0,0.41,70.5,0.01,0.01,2358.75745,1776285702000
1776285704.345,104.345,0.6,32.98,0.59,98.24,0.61,130.75,0.62,104.5,0.39,138.75,0.38,104.5,0.4,32.98,0.41,98.24,0.01,0.01,2358.438756,1776285703000
1776285707.059,107.059,0.6,32.37,0.59,93.63,0.61,167.75,0.62,87.5,0.39,130.75,0.38,104.5,0.4,32.98,0.41,98.24,0.01,0.01,2358.484365,1776285705000
1776285707.636,107.636,0.59,73.63,0.58,95.0,0.6,76.83,0.61,150.75,0.39,167.75,0.38,87.5,0.4,32.37,0.41,93.63,0.01,0.01,2358.485113,1776285706000
1776285711.808,111.808,0.61,116.5,0.6,150.5,0.62,27.0,0.63,88.5,0.4,76.83,0.39,150.75,0.41,73.63,0.42,95.0,0.01,0.01,2358.33255,1776285710000
1776285714.954,114.954,0.61,5.0,0.59,25.0,0.62,220.5,0.63,96.5,0.38,27.0,0.37,88.5,0.39,116.5,0.4,150.5,0.01,0.01,2358.49188,1776285713000
1776285716.377,116.377,0.58,9.0,0.57,35.0,0.59,200.5,0.6,84.5,0.38,220.5,0.37,96.5,0.41,25.0,0.42,105.0,0.01,0.03,2358.48708,1776285715000
1776285718.368,118.368,0.55,153.5,0.54,231.0,0.56,23.0,0.57,43.0,0.43,10.0,0.42,20.5,0.44,54.84,0.45,50.0,0.01,0.01,2358.2877,1776285716000
1776285719.332,119.332,0.55,212.5,0.54,240.0,0.57,11.0,0.58,6.0,0.44,1.0,0.43,43.0,0.45,148.5,0.46,231.0,0.02,0.01,2358.201199,1776285718000
1776285719.727,119.727,0.57,125.5,0.56,130.5,0.58,1.0,0.59,5.0,0.42,6.0,0.41,5.0,0.44,25.5,0.45,167.5,0.01,0.02,2358.201199,1776285718000
1776285722.05,122.05,0.57,82.5,0.56,135.5,0.59,108.6,0.6,75.5,0.42,1.0,0.41,5.0,0.43,57.5,0.44,135.5,0.02,0.01,2358.257734,1776285720000
1776285722.342,122.342,0.58,40.0,0.57,52.5,0.59,113.6,0.6,75.5,0.41,108.6,0.4,75.5,0.43,82.5,0.44,135.5,0.01,0.02,2358.33901,1776285721000
1776285722.782,122.782,0.58,45.0,0.57,52.5,0.59,125.88,0.6,75.5,0.41,113.6,0.4,75.5,0.42,40.0,0.43,52.5,0.01,0.01,2358.33901,1776285721000
1776285723.79,123.79,0.58,50.0,0.57,52.5,0.59,124.18,0.6,75.5,0.41,125.88,0.4,75.5,0.42,45.0,0.43,52.5,0.01,0.01,2358.33235,1776285722000
1776285726.526,126.526,0.59,10.0,0.58,65.0,0.6,130.5,0.61,82.5,0.41,124.18,0.4,75.5,0.42,50.0,0.43,52.5,0.01,0.01,2358.32745,1776285725000
1776285728.567,128.567,0.59,7.43,0.58,75.5,0.6,135.5,0.61,82.5,0.4,130.5,0.39,82.5,0.41,10.0,0.42,65.0,0.01,0.01,2358.31004,1776285727000
1776285731.312,131.312,0.62,290.5,0.61,130.5,0.65,10.0,0.66,20.0,0.4,135.5,0.39,82.5,0.41,7.43,0.42,75.5,0.03,0.01,2358.306745,1776285729000
1776285732.536,132.536,0.65,85.5,0.64,139.5,0.66,20.0,0.67,75.0,0.35,10.0,0.34,20.0,0.38,290.5,0.39,130.5,0.01,0.03,2358.37137,1776285731000
1776285732.958,132.958,0.67,21.0,0.66,71.5,0.68,40.0,0.69,50.0,0.34,20.0,0.33,75.0,0.35,85.5,0.36,139.5,0.01,0.01,2358.37137,1776285731000
1776285733.888,133.888,0.67,252.5,0.66,201.5,0.68,26.66,0.69,50.0,0.32,40.0,0.31,50.0,0.33,21.0,0.34,71.5,0.01,0.01,2358.544469,1776285732000
1776285735.614,135.614,0.67,252.5,0.66,254.5,0.68,6.58,0.71,131.5,0.32,26.66,0.31,50.0,0.33,252.5,0.34,201.5,0.01,0.01,2358.937905,1776285734000
1776285736.018,136.018,0.67,244.28,0.66,254.5,0.68,6.58,0.71,131.5,0.32,6.58,0.29,131.5,0.33,252.5,0.34,254.5,0.01,0.01,2358.937905,1776285734000
1776285737.36,137.36,0.67,277.5,0.66,212.5,0.73,60.0,0.74,100.0,0.32,6.58,0.29,131.5,0.33,244.28,0.34,254.5,0.06,0.01,2359.074413,1776285735000
1776285737.688,137.688,0.72,85.0,0.71,31.5,0.73,68.99,0.74,100.0,0.27,60.0,0.26,100.0,0.33,277.5,0.34,212.5,0.01,0.06,2359.074413,1776285735000
1776285738.831,138.831,0.73,206.75,0.72,147.5,0.74,50.0,0.75,20.0,0.27,68.99,0.26,100.0,0.28,85.0,0.29,31.5,0.01,0.01,2359.056115,1776285737000
1776285739.356,139.356,0.74,179.5,0.73,204.5,0.75,10.0,0.76,60.5,0.26,50.0,0.25,20.0,0.27,206.75,0.28,147.5,0.01,0.01,2359.062745,1776285738000
1776285739.981,139.981,0.75,121.0,0.74,109.5,0.76,65.5,0.77,65.5,0.25,10.0,0.24,60.5,0.26,179.5,0.27,204.5,0.01,0.01,2359.062745,1776285738000
1776285741.004,141.004,0.77,75.0,0.76,115.5,0.78,132.5,0.79,63.0,0.24,28.71,0.23,65.5,0.25,121.0,0.26,109.5,0.01,0.01,2359.13829,1776285739000
1776285741.363,141.363,0.77,125.0,0.76,115.5,0.78,77.0,0.79,8.0,0.22,132.5,0.21,63.0,0.23,75.0,0.24,115.5,0.01,0.01,2359.13829,1776285739000
1776285741.986,141.986,0.79,85.0,0.78,100.0,0.8,176.55,0.81,60.5,0.22,77.0,0.21,8.0,0.23,125.0,0.24,115.5,0.01,0.01,2359.267945,1776285740000
1776285743.257,143.257,0.79,90.0,0.78,100.0,0.8,130.3,0.81,60.5,0.2,176.55,0.19,60.5,0.21,85.0,0.22,100.0,0.01,0.01,2359.397781,1776285742000
1776285746.033,146.033,0.78,10.0,0.77,10.0,0.8,252.3,0.81,99.5,0.2,130.3,0.19,60.5,0.21,90.0,0.22,100.0,0.02,0.01,2359.427365,1776285744000
1776285746.422,146.422,0.77,3.0,0.76,10.0,0.78,40.7,0.79,85.5,0.22,26.5,0.21,20.5,0.23,3.0,0.24,10.0,0.01,0.01,2359.456395,1776285745000
1776285747.115,147.115,0.76,10.0,0.75,44.5,0.78,163.7,0.79,85.5,0.22,40.7,0.21,85.5,0.23,3.0,0.24,10.0,0.02,0.01,2359.456395,1776285745000
1776285747.388,147.388,0.74,73.43,0.73,182.8,0.77,130.5,0.78,170.7,0.22,163.7,0.21,85.5,0.24,10.0,0.25,44.5,0.03,0.02,2359.456395,1776285745000
1776285747.808,147.808,0.75,95.5,0.74,151.93,0.77,58.44,0.78,160.7,0.23,130.5,0.22,170.7,0.26,73.43,0.27,182.8,0.02,0.03,2359.434825,1776285746000
1776285748.205,148.205,0.74,35.0,0.73,35.0,0.77,182.52,0.78,99.7,0.23,62.52,0.22,160.7,0.24,10.0,0.25,75.5,0.03,0.01,2359.434825,1776285746000
1776285749.74,149.74,0.67,68.0,0.66,60.0,0.73,20.5,0.74,149.5,0.23,182.52,0.22,99.7,0.26,35.0,0.27,35.0,0.06,0.03,2359.2671,1776285747000
1776285750.232,150.232,0.67,5.0,0.66,178.5,0.68,97.61,0.69,86.5,0.32,29.5,0.31,20.5,0.34,133.48,0.35,118.0,0.01,0.02,2359.253535,1776285748000
1776285750.456,150.456,0.67,5.0,0.66,223.5,0.68,94.5,0.69,86.5,0.32,97.61,0.31,86.5,0.33,5.0,0.34,178.5,0.01,0.01,2359.253535,1776285748000
1776285751.212,151.212,0.7,50.5,0.69,115.5,0.71,49.14,0.72,123.5,0.33,5.0,0.32,80.5,0.34,167.5,0.35,80.5,0.01,0.01,2359.130217,1776285749000
1776285753.171,153.171,0.71,3.0,0.7,15.0,0.72,152.5,0.73,75.5,0.28,123.5,0.27,65.5,0.3,55.5,0.31,120.5,0.01,0.02,2358.78491,1776285751000
1776285755.102,155.102,0.71,33.0,0.7,36.0,0.72,154.37,0.73,75.5,0.28,152.5,0.27,75.5,0.29,3.0,0.3,15.0,0.01,0.01,2358.92042,1776285754000
1776285757.369,157.369,0.7,42.59,0.69,10.0,0.72,191.9,0.73,85.5,0.28,144.9,0.27,75.5,0.29,33.0,0.3,36.0,0.02,0.01,2358.907573,1776285756000
1776285759.381,159.381,0.7,78.09,0.69,80.5,0.71,7.53,0.72,138.5,0.28,191.9,0.27,85.5,0.3,42.59,0.31,10.0,0.01,0.02,2358.9619,1776285758000
1776285761.169,161.169,0.68,35.0,0.67,90.0,0.72,181.5,0.73,127.5,0.29,7.53,0.28,138.5,0.3,78.09,0.31,80.5,0.04,0.01,2358.85805,1776285759000
1776285764.602,164.602,0.72,48.0,0.71,186.5,0.74,162.5,0.75,75.5,0.31,50.0,0.3,6.0,0.33,58.03,0.34,90.0,0.02,0.02,2358.769395,1776285763000
1776285767.663,167.663,0.74,26.92,0.73,49.0,0.75,138.5,0.76,115.5,0.26,162.5,0.25,75.5,0.28,48.0,0.29,186.5,0.01,0.02,2358.92448,1776285765000
1776285768.5,168.5,0.73,39.0,0.72,20.0,0.75,152.5,0.76,115.5,0.25,138.5,0.24,115.5,0.26,26.92,0.27,49.0,0.02,0.01,2359.017373,1776285767000
1776285773.285,173.285,0.65,5.8,0.64,135.0,0.67,143.5,0.68,125.5,0.25,152.5,0.24,115.5,0.27,39.0,0.28,20.0,0.02,0.02,2358.86128,1776285771000
1776285773.788,173.788,0.64,164.0,0.63,138.5,0.65,29.96,0.66,118.5,0.34,56.09,0.33,129.5,0.35,5.8,0.36,125.0,0.01,0.01,2358.715973,1776285772000
1776285775.671,175.671,0.64,195.5,0.63,168.72,0.66,10.0,0.67,70.5,0.35,0.33,0.34,113.5,0.36,227.0,0.37,80.5,0.02,0.01,2358.59658,1776285774000
1776285778.018,178.018,0.71,15.0,0.7,81.5,0.72,35.5,0.73,70.5,0.33,68.5,0.32,60.5,0.35,40.5,0.36,184.5,0.01,0.02,2358.549559,1776285776000
1776285778.521,178.521,0.72,240.5,0.71,194.5,0.76,50.5,0.77,52.02,0.28,35.5,0.27,70.5,0.29,15.0,0.3,81.5,0.04,0.01,2358.579202,1776285777000
1776285779.779,179.779,0.75,133.41,0.74,192.5,0.77,10.0,0.78,40.5,0.24,50.5,0.23,52.02,0.28,240.5,0.29,194.5,0.02,0.04,2358.5695,1776285778000
1776285780.505,180.505,0.77,20.0,0.76,35.0,0.78,157.5,0.79,105.0,0.23,10.0,0.22,40.5,0.25,133.41,0.26,192.5,0.01,0.02,2358.7498,1776285779000
1776285782.068,182.068,0.77,20.33,0.76,85.5,0.78,49.5,0.79,111.0,0.22,157.5,0.21,105.0,0.23,20.0,0.24,35.0,0.01,0.01,2359.035114,1776285781000
1776285786.352,186.352,0.77,35.0,0.76,75.0,0.78,125.03,0.79,121.5,0.22,49.5,0.21,111.0,0.23,20.33,0.24,85.5,0.01,0.01,2359.1666,1776285785000
1776285788.912,188.912,0.78,45.04,0.77,60.0,0.79,184.5,0.8,107.8,0.22,125.03,0.21,121.5,0.23,35.0,0.24,75.0,0.01,0.01,2359.131029,1776285787000
1776285792.377,192.377,0.78,79.85,0.77,162.07,0.79,56.0,0.8,118.3,0.21,184.5,0.2,107.8,0.22,45.04,0.23,60.0,0.01,0.01,2359.044955,1776285790000
1776285797.588,197.588,0.78,52.85,0.77,29.83,0.79,136.5,0.8,118.3,0.21,56.0,0.2,118.3,0.22,79.85,0.23,162.07,0.01,0.01,2359.068745,1776285796000
1776285800.506,200.506,0.78,23.0,0.77,80.42,0.79,176.5,0.8,129.3,0.21,141.5,0.2,118.3,0.22,45.85,0.23,29.83,0.01,0.01,2359.018415,1776285799000
1776285801.31,201.31,0.79,222.5,0.78,128.6,0.8,41.58,0.82,20.0,0.21,176.5,0.2,129.3,0.22,23.0,0.23,80.42,0.01,0.01,2359.01836,1776285800000
1776285801.636,201.636,0.82,66.5,0.81,194.5,0.84,45.0,0.85,31.0,0.2,9.66,0.18,20.0,0.21,232.5,0.22,118.6,0.02,0.01,2359.01836,1776285800000
1776285803.055,203.055,0.84,185.4,0.83,145.5,0.85,1.0,0.86,23.21,0.16,45.0,0.15,31.0,0.18,66.5,0.19,194.5,0.01,0.02,2359.05,1776285801000
1776285803.395,203.395,0.84,195.96,0.83,138.5,0.85,1.0,0.86,23.21,0.15,1.0,0.14,23.21,0.16,185.4,0.17,145.5,0.01,0.01,2359.05,1776285801000
1776285804.592,204.592,0.86,173.5,0.85,143.31,0.91,253.09,0.92,55.0,0.14,1.53,0.13,40.5,0.16,195.96,0.17,138.5,0.05,0.02,2359.478561,1776285803000
1776285805.047,205.047,0.88,1.66,0.87,88.59,0.9,10.5,0.91,16.22,0.09,131.37,0.08,55.0,0.14,184.5,0.15,143.31,0.02,0.05,2359.478561,1776285803000
1776285805.341,205.341,0.9,141.5,0.89,85.5,0.92,10.0,0.93,6.0,0.09,12.1,0.08,65.0,0.11,10.0,0.12,33.66,0.02,0.02,2359.555458,1776285804000
1776285805.821,205.821,0.92,15.0,0.91,127.0,0.93,20.0,0.94,63.0,0.08,10.0,0.07,6.0,0.1,141.5,0.11,85.5,0.01,0.02,2359.555458,1776285804000
1776285806.423,206.423,0.92,223.5,0.91,285.0,0.93,27.84,0.94,74.0,0.07,23.92,0.06,63.0,0.08,7.5,0.09,110.0,0.01,0.01,2359.57748,1776285805000
1776285806.734,206.734,0.92,218.5,0.91,285.0,0.94,65.95,0.95,213.47,0.07,27.84,0.06,74.0,0.08,223.5,0.09,285.0,0.02,0.01,2359.57748,1776285805000
1776285809.673,209.673,0.94,178.0,0.93,247.0,0.95,115.67,0.96,178.8,0.06,87.02,0.05,213.47,0.07,167.0,0.08,223.5,0.01,0.01,2360.042753,1776285808000
1776285809.919,209.919,0.94,178.0,0.93,257.0,0.95,114.61,0.96,178.8,0.05,115.67,0.04,178.8,0.06,178.0,0.07,247.0,0.01,0.01,2360.042753,1776285808000
1776285811.041,211.041,0.94,207.91,0.93,207.0,0.95,119.61,0.96,178.8,0.05,114.61,0.04,178.8,0.06,178.0,0.07,257.0,0.01,0.01,2360.003354,1776285810000
1776285812.412,212.412,0.94,237.91,0.93,397.3,0.95,55.55,0.96,35.0,0.05,119.61,0.04,178.8,0.06,207.91,0.07,207.0,0.01,0.01,2360.062763,1776285811000
1776285813.701,213.701,0.93,183.15,0.92,298.9,0.95,54.49,0.96,30.0,0.05,59.49,0.04,30.0,0.06,237.91,0.07,397.3,0.02,0.01,2360.062763,1776285811000
1776285814.075,214.075,0.94,55.0,0.93,198.15,0.95,57.54,0.96,88.0,0.05,54.49,0.04,30.0,0.07,183.15,0.08,298.9,0.01,0.02,2360.062763,1776285811000
1776285814.847,214.847,0.94,105.0,0.93,198.15,0.96,103.14,0.97,260.7,0.05,57.54,0.04,88.0,0.06,55.0,0.07,198.15,0.02,0.01,2360.191598,1776285812000
1776285815.364,215.364,0.95,73.6,0.94,95.0,0.96,97.98,0.97,255.7,0.04,103.14,0.03,260.7,0.06,105.0,0.07,198.15,0.01,0.02,2360.063915,1776285813000
1776285815.576,215.576,0.95,73.6,0.94,95.0,0.96,92.98,0.97,249.7,0.04,97.98,0.03,255.7,0.05,73.6,0.06,95.0,0.01,0.01,2360.14593,1776285814000
1776285816.3,216.3,0.95,55.87,0.94,95.0,0.96,92.98,0.97,249.7,0.04,92.98,0.03,249.7,0.05,73.6,0.06,95.0,0.01,0.01,2360.14593,1776285814000
1776285817.114,217.114,0.95,45.87,0.94,95.0,0.96,87.78,0.97,655.7,0.04,92.98,0.03,249.7,0.05,55.87,0.06,95.0,0.01,0.01,2360.2185,1776285815000
1776285818.696,218.696,0.95,6.87,0.94,15.0,0.96,92.78,0.97,1005.7,0.04,87.78,0.03,655.7,0.05,45.87,0.06,95.0,0.01,0.01,2360.187535,1776285817000
1776285819.322,219.322,0.95,28.97,0.94,40.0,0.96,86.73,0.97,1005.7,0.04,92.78,0.03,1005.7,0.05,6.87,0.06,15.0,0.01,0.01,2360.187535,1776285817000
1776285820.065,220.065,0.95,51.97,0.94,45.0,0.96,90.68,0.97,1005.7,0.04,86.73,0.03,1005.7,0.05,28.97,0.06,40.0,0.01,0.01,2360.219685,1776285818000
1776285822.355,222.355,0.96,47.57,0.95,147.97,0.97,184.0,0.98,443.7,0.04,90.68,0.03,1005.7,0.05,51.97,0.06,45.0,0.01,0.01,2360.18695,1776285821000
1776285823.733,223.733,0.96,140.17,0.95,208.27,0.97,217.66,0.98,443.7,0.03,184.0,0.02,443.7,0.04,47.57,0.05,147.97,0.01,0.01,2360.123385,1776285822000
1776285825.73,225.73,0.96,11.0,0.95,28.97,0.97,445.36,0.98,498.7,0.03,222.66,0.02,443.7,0.04,135.29,0.05,208.27,0.01,0.01,2360.240665,1776285824000
1776285826.319,226.319,0.94,103.8,0.93,227.15,0.95,6.03,0.96,111.0,0.03,445.36,0.02,498.7,0.05,19.97,0.06,113.8,0.01,0.02,2360.240665,1776285824000
1776285831.856,231.856,0.93,70.0,0.92,148.5,0.94,110.94,0.95,74.03,0.05,6.03,0.04,111.0,0.06,103.8,0.07,227.15,0.01,0.01,2359.78393,1776285830000
1776285832.51,232.51,0.93,92.58,0.92,20.0,0.94,162.45,0.95,66.03,0.06,104.77,0.05,66.03,0.07,70.0,0.08,20.0,0.01,0.01,2359.78393,1776285830000
1776285835.782,235.782,0.93,97.58,0.92,158.5,0.94,37.08,0.95,117.03,0.06,162.45,0.05,66.03,0.07,92.58,0.08,20.0,0.01,0.01,2359.7201,1776285834000
1776285836.045,236.045,0.93,102.58,0.92,158.5,0.95,69.5,0.96,192.8,0.06,37.08,0.05,117.03,0.07,97.58,0.08,158.5,0.02,0.01,2359.7201,1776285834000
1776285840.452,240.452,0.93,32.58,0.92,20.0,0.94,187.0,0.95,204.8,0.05,69.5,0.04,192.8,0.07,102.58,0.08,158.5,0.01,0.02,2359.71458,1776285839000
1776285841.166,241.166,0.93,10.0,0.92,93.0,0.94,113.22,0.95,194.8,0.06,126.37,0.05,204.8,0.07,10.0,0.08,78.0,0.01,0.01,2359.71458,1776285839000
1776285841.416,241.416,0.93,15.0,0.92,93.0,0.94,106.9,0.95,183.8,0.06,113.22,0.05,194.8,0.07,10.0,0.08,93.0,0.01,0.01,2359.71458,1776285839000
1776285843.848,243.848,0.95,40.0,0.94,55.0,0.96,426.8,0.97,899.7,0.06,106.9,0.05,183.8,0.07,15.0,0.08,93.0,0.01,0.01,2359.585142,1776285842000
1776285845.394,245.394,0.95,20.0,0.94,20.0,0.96,488.97,0.97,957.7,0.04,426.8,0.03,899.7,0.05,40.0,0.06,55.0,0.01,0.01,2359.602855,1776285844000
1776285845.684,245.684,0.92,123.0,0.91,109.0,0.96,493.97,0.97,899.7,0.04,488.97,0.03,957.7,0.05,20.0,0.06,20.0,0.04,0.01,2359.602855,1776285844000
1776285847.81,247.81,0.94,79.14,0.93,73.0,0.95,85.92,0.96,506.97,0.04,493.97,0.03,899.7,0.08,123.0,0.09,109.0,0.01,0.04,2359.67458,1776285846000
1776285848.375,248.375,0.94,39.14,0.93,103.0,0.96,555.84,0.97,899.7,0.05,85.92,0.04,506.97,0.06,79.14,0.07,73.0,0.02,0.01,2359.58863,1776285847000
1776285850.04,250.04,0.94,19.14,0.93,10.0,0.95,213.8,0.96,502.84,0.04,555.84,0.03,899.7,0.06,39.14,0.07,103.0,0.01,0.02,2359.59008,1776285849000
1776285850.778,250.778,0.93,1.0,0.92,94.31,0.95,140.8,0.96,260.84,0.05,218.8,0.04,502.84,0.08,89.31,0.09,94.0,0.02,0.03,2359.59008,1776285849000
1776285856.785,256.785,0.94,10.0,0.93,134.0,0.96,187.05,0.97,304.7,0.05,140.8,0.04,260.84,0.07,1.0,0.08,94.31,0.02,0.02,2359.40378,1776285855000
1776285858.472,258.472,0.94,40.83,0.93,160.3,0.96,93.25,0.97,299.7,0.04,187.05,0.03,304.7,0.06,10.0,0.07,134.0,0.02,0.02,2359.356718,1776285857000
1776285860.43,260.43,0.94,9.14,0.93,160.3,0.95,35.0,0.96,93.25,0.04,93.25,0.03,299.7,0.06,40.83,0.07,160.3,0.01,0.02,2359.354598,1776285858000
1776285861.577,261.577,0.93,78.0,0.92,46.31,0.95,51.0,0.96,109.25,0.05,35.0,0.04,93.25,0.06,9.14,0.07,160.3,0.02,0.01,2359.335841,1776285860000
1776285862.641,262.641,0.94,10.0,0.93,68.0,0.95,85.53,0.96,187.05,0.05,51.0,0.04,104.25,0.07,38.0,0.08,46.31,0.01,0.02,2359.32291,1776285861000
1776285862.841,262.841,0.94,22.79,0.93,68.0,0.95,85.53,0.96,187.05,0.05,85.53,0.04,187.05,0.06,22.79,0.07,68.0,0.01,0.01,2359.32291,1776285861000
1776285863.441,263.441,0.94,32.79,0.93,73.0,0.95,3.94,0.96,187.05,0.05,75.0,0.04,187.05,0.06,27.79,0.07,68.0,0.01,0.01,2359.32291,1776285861000
1776285863.847,263.847,0.94,112.08,0.93,15.0,0.96,172.18,0.97,249.7,0.05,3.94,0.04,187.05,0.06,32.79,0.07,73.0,0.02,0.01,2359.32012,1776285862000
1776285864.157,264.157,0.94,107.08,0.93,25.0,0.96,143.03,0.97,249.7,0.04,172.18,0.03,249.7,0.06,112.08,0.07,15.0,0.02,0.02,2359.315914,1776285863000
1776285866.535,266.535,0.94,15.0,0.93,38.0,0.95,102.89,0.96,60.0,0.04,143.03,0.03,249.7,0.06,107.08,0.07,25.0,0.01,0.02,2359.31685,1776285865000
1776285867.448,267.448,0.93,5.0,0.92,72.31,0.95,118.0,0.96,164.8,0.05,102.89,0.04,60.0,0.06,15.0,0.07,38.0,0.02,0.01,2359.31685,1776285865000
1776285868.486,268.486,0.93,22.0,0.92,114.31,0.95,193.09,0.96,164.8,0.05,123.0,0.04,164.8,0.07,22.0,0.08,46.31,0.02,0.02,2359.31557,1776285867000
1776285869.722,269.722,0.93,22.0,0.92,114.31,0.94,53.73,0.95,188.09,0.05,193.09,0.04,164.8,0.07,22.0,0.08,114.31,0.01,0.02,2359.207947,1776285868000
1776285871.135,271.135,0.94,35.0,0.93,5.0,0.95,142.03,0.96,114.8,0.06,53.73,0.05,188.09,0.07,22.0,0.08,114.31,0.01,0.01,2359.18302,1776285869000
1776285871.68,271.68,0.94,35.0,0.93,10.0,0.95,135.03,0.96,114.8,0.05,142.03,0.04,114.8,0.06,35.0,0.07,5.0,0.01,0.01,2359.039322,1776285870000
1776285872.28,272.28,0.94,38.42,0.93,73.0,0.96,119.8,0.97,250.7,0.05,135.03,0.04,114.8,0.06,35.0,0.07,10.0,0.02,0.01,2359.039322,1776285870000
1776285872.942,272.942,0.94,38.42,0.93,73.0,0.96,10.63,0.97,250.7,0.04,119.8,0.03,250.7,0.06,38.42,0.07,73.0,0.02,0.02,2359.038445,1776285871000
1776285874.259,274.259,0.94,20.59,0.93,78.0,0.96,10.0,0.97,174.0,0.04,16.1,0.03,250.7,0.06,38.42,0.07,73.0,0.02,0.02,2359.037705,1776285872000
1776285874.635,274.635,0.92,136.31,0.91,65.0,0.95,51.0,0.96,15.0,0.04,10.0,0.03,174.0,0.06,20.59,0.07,78.0,0.03,0.02,2359.037966,1776285873000
1776285874.925,274.925,0.93,5.0,0.92,141.31,0.95,21.0,0.96,15.0,0.05,51.0,0.04,15.0,0.08,136.31,0.09,65.0,0.02,0.03,2359.037966,1776285873000
1776285875.277,275.277,0.89,25.0,0.88,75.0,0.93,106.0,0.94,155.0,0.05,21.0,0.04,15.0,0.07,5.0,0.08,141.31,0.04,0.02,2358.999922,1776285874000
1776285875.925,275.925,0.78,180.07,0.77,188.0,0.79,43.77,0.8,21.0,0.19,10.0,0.18,15.0,0.22,4.85,0.23,170.0,0.01,0.03,2358.999922,1776285874000
1776285876.143,276.143,0.78,135.07,0.77,188.0,0.8,11.0,0.81,10.0,0.21,20.37,0.2,11.0,0.22,130.07,0.23,188.0,0.02,0.01,2358.99017,1776285875000
1776285877.044,277.044,0.79,20.0,0.78,202.07,0.8,19.59,0.82,10.0,0.2,11.0,0.19,10.0,0.22,135.07,0.23,188.0,0.01,0.02,2358.99017,1776285875000
1776285877.519,277.519,0.79,44.95,0.78,166.07,0.8,4.59,0.83,16.0,0.2,19.59,0.18,10.0,0.21,20.0,0.22,202.07,0.01,0.01,2358.719405,1776285876000
1776285877.864,277.864,0.82,136.07,0.81,73.0,0.83,4.86,0.84,5.0,0.17,16.0,0.16,35.0,0.21,44.95,0.22,166.07,0.01,0.04,2358.719405,1776285876000
1776285878.571,278.571,0.83,25.88,0.82,189.07,0.84,12.61,0.85,30.0,0.16,27.0,0.15,30.0,0.17,10.88,0.18,136.07,0.01,0.01,2358.471136,1776285877000
1776285879.23,279.23,0.83,5.88,0.82,189.07,0.84,15.0,0.86,99.0,0.16,13.25,0.15,30.0,0.17,25.88,0.18,189.07,0.01,0.01,2358.400486,1776285878000
1776285880.503,280.503,0.83,139.2,0.82,73.0,0.84,5.0,0.86,99.0,0.16,15.0,0.14,99.0,0.18,183.56,0.19,10.0,0.01,0.02,2358.40117,1776285879000
1776285880.707,280.707,0.83,139.2,0.82,73.0,0.86,91.38,0.88,10.0,0.16,5.0,0.14,99.0,0.17,139.2,0.18,73.0,0.03,0.01,2358.40117,1776285879000
1776285881.077,281.077,0.85,17.5,0.84,10.0,0.86,94.28,0.88,10.0,0.14,91.38,0.12,10.0,0.17,139.2,0.18,73.0,0.01,0.03,2358.434574,1776285880000
1776285881.713,281.713,0.91,94.0,0.9,35.0,0.93,9.3,0.94,10.0,0.14,54.39,0.12,40.0,0.15,16.34,0.16,20.0,0.02,0.01,2358.434574,1776285880000
1776285882.317,282.317,0.93,30.0,0.92,74.0,0.95,44.95,0.96,10.0,0.06,4.95,0.05,10.0,0.08,42.0,0.09,105.0,0.02,0.02,2358.434562,1776285881000
1776285882.64,282.64,0.93,25.0,0.92,74.0,0.94,10.0,0.95,44.95,0.05,44.95,0.04,10.0,0.07,30.0,0.08,74.0,0.01,0.02,2358.434562,1776285881000
1776285882.924,282.924,0.93,23.69,0.92,132.0,0.94,8.85,0.95,44.95,0.06,10.0,0.05,44.95,0.07,18.69,0.08,74.0,0.01,0.01,2358.434562,1776285881000
1776285883.319,283.319,0.93,36.69,0.92,108.0,0.97,111.26,0.98,270.0,0.06,8.85,0.05,44.95,0.07,23.69,0.08,132.0,0.04,0.01,2358.447448,1776285882000
1776285884.025,284.025,0.94,35.63,0.93,41.69,0.95,8.94,0.96,10.0,0.03,111.26,0.02,270.0,0.07,36.69,0.08,108.0,0.01,0.04,2358.447448,1776285882000
1776285884.732,284.732,0.94,35.63,0.93,114.69,0.95,7.27,0.96,10.0,0.05,8.94,0.04,10.0,0.06,35.63,0.07,41.69,0.01,0.01,2358.671128,1776285883000
1776285887.349,287.349,0.96,32.73,0.94,84.63,0.97,111.26,0.98,270.0,0.05,7.27,0.04,10.0,0.06,35.63,0.07,114.69,0.01,0.01,2358.795651,1776285886000
1776285887.797,287.797,0.96,47.73,0.95,31.0,0.97,168.22,0.98,270.0,0.03,111.26,0.02,270.0,0.04,32.73,0.06,84.63,0.01,0.01,2358.795651,1776285886000
1776285888.717,288.717,0.96,47.73,0.95,31.0,0.97,166.92,0.98,270.0,0.03,168.22,0.02,270.0,0.04,47.73,0.05,31.0,0.01,0.01,2358.800084,1776285887000
1776285889.026,289.026,0.96,47.73,0.95,31.0,0.97,161.81,0.98,270.0,0.03,166.92,0.02,270.0,0.04,47.73,0.05,31.0,0.01,0.01,2358.800084,1776285887000
1776285891.349,291.349,0.96,65.73,0.95,10.0,0.97,111.66,0.98,270.0,0.03,161.81,0.02,270.0,0.04,47.73,0.05,31.0,0.01,0.01,2358.790649,1776285890000
1776285893.953,293.953,0.96,115.93,0.95,76.0,0.97,43.61,0.98,270.0,0.03,111.66,0.02,270.0,0.04,65.73,0.05,10.0,0.01,0.01,2358.741355,1776285892000
1776285894.636,294.636,0.97,30.0,0.96,147.93,0.98,4.5,0.99,1254.94,0.01,1314.94,,,0.04,110.93,0.05,76.0,0.01,0.03,2358.737443,1776285893000
1776285894.863,294.863,0.98,5.0,0.97,30.0,0.99,1227.44,,,0.01,1239.44,,,0.03,30.0,0.04,157.93,0.01,0.02,2358.737443,1776285893000
1776285895.327,295.327,0.98,15.0,0.97,53.0,0.99,1222.44,,,0.01,1227.44,,,0.02,5.0,0.03,30.0,0.01,0.01,2358.737443,1776285893000
1776285895.593,295.593,0.98,13.19,0.97,31.0,0.99,1222.44,,,0.01,1222.44,,,0.02,15.0,0.03,53.0,0.01,0.01,2358.736106,1776285894000
1776285896.153,296.153,0.97,39.19,0.96,150.93,0.99,1185.06,,,0.01,1185.06,,,0.02,13.19,0.03,47.0,0.02,0.01,2358.736106,1776285894000
1776285896.421,296.421,0.97,68.19,0.96,155.93,0.99,1022.21,,,0.01,1118.33,,,0.03,24.19,0.04,150.93,0.02,0.02,2358.736106,1776285894000
1776285896.651,296.651,0.98,84.1,0.97,66.19,0.99,1015.02,,,0.01,1020.08,,,0.02,5.0,0.03,66.19,0.01,0.01,2358.735809,1776285895000
1776285896.875,296.875,0.98,84.1,0.97,99.19,0.99,1019.0,,,0.01,1015.02,,,0.02,84.1,0.03,66.19,0.01,0.01,2358.735809,1776285895000
1776285897.113,297.113,0.98,12.0,0.97,56.19,0.99,1014.5,,,0.01,1019.0,,,0.02,84.1,0.03,99.19,0.01,0.01,2358.798143,1776285896000
1776285897.378,297.378,0.98,12.0,0.97,108.19,0.99,980.14,,,0.01,1014.5,,,0.02,12.0,0.03,56.19,0.01,0.01,2358.798143,1776285896000
1776285897.583,297.583,0.98,29.0,0.97,125.19,0.99,42.0,,,0.01,42.0,,,0.02,29.0,0.03,125.19,0.01,0.01,2358.798143,1776285896000

# RESULT,winner=Up,slug=eth-updown-5m-1776285600,ticks=280
