timestamp,elapsed_sec,up_bid_p1,up_bid_s1,up_bid_p2,up_bid_s2,up_ask_p1,up_ask_s1,up_ask_p2,up_ask_s2,down_bid_p1,down_bid_s1,down_bid_p2,down_bid_s2,down_ask_p1,down_ask_s1,down_ask_p2,down_ask_s2,up_spread,down_spread,eth_price,eth_oracle_ts
1776295200.699,0.699,0.52,264.17,0.51,661.0,0.53,28.49,0.54,5.0,0.47,33.49,0.46,5.0,0.48,264.17,0.49,405.0,0.01,0.01,2353.423935,1776295199000
1776295201.192,1.192,0.52,69.58,0.51,666.0,0.53,45.49,0.54,23.0,0.47,28.49,0.46,5.0,0.48,251.73,0.49,661.0,0.01,0.01,2353.383825,1776295200000
1776295201.919,1.919,0.52,74.58,0.51,666.0,0.54,33.43,0.55,29.0,0.47,5.75,0.46,23.0,0.48,69.58,0.49,666.0,0.02,0.01,2353.383825,1776295200000
1776295202.305,2.305,0.54,71.34,0.52,69.58,0.63,5.0,0.64,5.0,0.45,16.0,0.44,16.0,0.46,71.34,0.48,69.58,0.09,0.01,2353.42345,1776295201000
1776295202.982,2.982,0.56,14.72,0.55,5.0,0.57,5.0,0.58,5.0,0.37,5.0,0.36,5.0,0.46,71.34,0.48,69.58,0.01,0.09,2353.42345,1776295201000
1776295203.403,3.403,0.54,71.34,0.53,5.0,0.56,38.0,0.57,15.0,0.43,5.0,0.42,5.0,0.44,14.72,0.45,5.0,0.02,0.01,2353.495345,1776295202000
1776295203.727,3.727,0.54,68.01,0.53,5.0,0.55,28.0,0.56,65.58,0.44,37.58,0.43,15.0,0.46,71.34,0.47,5.0,0.01,0.02,2353.495345,1776295202000
1776295204.252,4.252,0.54,64.61,0.53,5.0,0.55,28.0,0.56,65.58,0.45,28.0,0.44,65.58,0.46,64.61,0.47,5.0,0.01,0.01,2353.448736,1776295203000
1776295204.462,4.462,0.54,79.61,0.53,5.0,0.59,19.26,0.6,45.0,0.45,28.0,0.44,65.58,0.46,64.61,0.47,5.0,0.05,0.01,2353.448736,1776295203000
1776295205.007,5.007,0.54,79.61,0.53,5.0,0.59,19.26,0.6,45.0,0.41,19.26,0.4,45.0,0.46,79.61,0.47,5.0,0.05,0.05,2353.44901,1776295204000
1776295205.805,5.805,0.54,109.61,0.53,5.0,0.55,44.0,0.56,88.41,0.41,19.26,0.4,45.0,0.46,79.61,0.47,5.0,0.01,0.05,2353.44901,1776295204000
1776295206.515,6.515,0.54,109.61,0.53,5.0,0.55,44.0,0.56,88.41,0.45,44.0,0.44,88.41,0.46,109.61,0.47,5.0,0.01,0.01,2353.389553,1776295205000
1776295206.828,6.828,0.54,109.61,0.53,5.0,0.55,14.9,0.56,93.41,0.45,44.0,0.44,88.41,0.46,109.61,0.47,5.0,0.01,0.01,2353.389553,1776295205000
1776295207.083,7.083,0.54,109.61,0.53,5.0,0.55,14.9,0.56,93.41,0.45,14.9,0.44,93.41,0.46,109.61,0.47,5.0,0.01,0.01,2353.38419,1776295206000
1776295208.022,8.022,0.54,109.61,0.53,5.0,0.55,14.9,0.56,93.41,0.45,14.9,0.44,93.41,0.46,109.61,0.47,5.0,0.01,0.01,2353.343914,1776295207000
1776295208.426,8.426,0.55,10.0,0.54,149.61,0.56,47.44,0.57,37.0,0.44,31.44,0.43,20.0,0.46,109.61,0.47,5.0,0.01,0.02,2353.343914,1776295207000
1776295209.136,9.136,0.55,10.0,0.54,149.61,0.56,103.7,0.57,37.0,0.44,47.44,0.43,37.0,0.45,10.0,0.46,149.61,0.01,0.01,2353.343914,1776295207000
1776295209.908,9.908,0.55,15.0,0.54,149.61,0.56,136.34,0.57,37.0,0.44,103.7,0.43,37.0,0.45,10.0,0.46,149.61,0.01,0.01,2353.354225,1776295208000
1776295210.108,10.108,0.55,10.0,0.54,149.61,0.56,133.75,0.57,37.0,0.44,133.75,0.43,37.0,0.45,10.0,0.46,149.61,0.01,0.01,2353.345631,1776295209000
1776295210.924,10.924,0.55,5.0,0.54,129.61,0.56,133.75,0.57,48.0,0.44,133.75,0.43,37.0,0.45,10.0,0.46,149.61,0.01,0.01,2353.345631,1776295209000
1776295213.503,13.503,0.55,20.02,0.54,174.61,0.56,149.25,0.57,48.0,0.44,133.75,0.43,48.0,0.45,5.0,0.46,129.61,0.01,0.01,2353.34758,1776295212000
1776295214.06,14.06,0.55,17.79,0.54,149.61,0.56,83.89,0.57,48.0,0.44,149.25,0.43,48.0,0.45,20.02,0.46,174.61,0.01,0.01,2353.34758,1776295212000
1776295215.327,15.327,0.55,7.53,0.54,149.61,0.56,45.89,0.57,36.0,0.44,83.89,0.43,48.0,0.45,17.79,0.46,149.61,0.01,0.01,2353.352447,1776295214000
1776295215.684,15.684,0.55,5.06,0.54,149.61,0.56,40.89,0.57,36.0,0.44,45.89,0.43,36.0,0.45,7.53,0.46,149.61,0.01,0.01,2353.352447,1776295214000
1776295217.002,17.002,0.55,12.08,0.54,159.61,0.56,77.91,0.57,20.5,0.4,27.39,0.39,99.0,0.45,0.06,0.46,149.61,0.01,0.05,2353.347577,1776295215000
1776295218.527,18.527,0.54,137.97,0.52,81.25,0.56,192.91,0.57,31.5,0.44,77.91,0.43,20.5,0.45,12.08,0.46,159.61,0.02,0.01,2353.348394,1776295217000
1776295219.358,19.358,0.51,640.38,0.5,134.78,0.52,128.93,0.53,117.5,0.48,20.0,0.47,41.5,0.49,635.38,0.5,129.78,0.01,0.01,2353.348394,1776295217000
1776295220.929,20.929,0.51,650.38,0.5,134.78,0.52,142.07,0.53,87.5,0.48,128.93,0.47,117.5,0.49,635.38,0.5,134.78,0.01,0.01,2353.312518,1776295219000
1776295224.334,24.334,0.51,660.38,0.5,175.28,0.52,8.57,0.55,30.0,0.48,142.07,0.47,87.5,0.49,650.38,0.5,134.78,0.01,0.01,2353.022969,1776295222000
1776295225.525,25.525,0.51,725.38,0.5,241.28,0.54,11.0,0.55,11.0,0.48,3.47,0.43,10.5,0.49,660.38,0.5,175.28,0.03,0.01,2353.015192,1776295223000
1776295225.843,25.843,0.53,25.0,0.52,30.5,0.54,0.07,0.55,11.0,0.46,11.0,0.45,11.0,0.49,725.38,0.5,241.28,0.01,0.03,2352.996871,1776295224000
1776295226.149,26.149,0.56,8.43,0.55,10.0,0.59,12.96,0.6,20.0,0.41,2.96,0.4,20.0,0.46,10.0,0.47,25.0,0.03,0.05,2352.996871,1776295224000
1776295226.411,26.411,0.57,10.0,0.56,8.43,0.59,2.91,0.6,20.0,0.41,12.96,0.4,20.0,0.44,8.43,0.45,10.0,0.02,0.03,2353.15207,1776295225000
1776295226.794,26.794,0.59,10.0,0.58,10.0,0.61,48.0,0.62,15.0,0.4,20.0,0.39,75.0,0.43,10.0,0.44,8.43,0.02,0.03,2353.15207,1776295225000
1776295227.156,27.156,0.58,5.0,0.57,5.0,0.6,93.43,0.61,75.0,0.39,25.0,0.38,15.0,0.41,14.02,0.42,15.0,0.02,0.02,2353.477316,1776295226000
1776295228.585,28.585,0.51,680.25,0.5,174.98,0.53,10.0,0.54,41.5,0.41,10.0,0.4,36.56,0.43,4.65,0.45,10.0,0.02,0.02,2353.512711,1776295227000
1776295228.83,28.83,0.51,627.49,0.5,174.98,0.53,50.5,0.54,75.5,0.47,10.0,0.46,41.5,0.49,659.84,0.5,174.98,0.02,0.02,2353.512711,1776295227000
1776295231.807,31.807,0.51,649.61,0.5,179.98,0.52,51.0,0.53,94.07,0.47,50.5,0.46,75.5,0.49,627.49,0.5,174.98,0.01,0.02,2353.118893,1776295230000
1776295233.211,33.211,0.51,649.61,0.5,179.98,0.52,70.0,0.53,67.61,0.48,51.0,0.47,94.07,0.49,649.61,0.5,179.98,0.01,0.01,2353.111543,1776295231000
1776295236.188,36.188,0.51,654.61,0.5,179.98,0.52,43.0,0.53,31.5,0.48,70.0,0.47,67.61,0.49,649.61,0.5,179.98,0.01,0.01,2353.0882,1776295234000
1776295236.611,36.611,0.51,649.61,0.5,204.98,0.52,38.0,0.53,21.0,0.48,43.0,0.47,31.5,0.49,654.61,0.5,179.98,0.01,0.01,2353.134489,1776295235000
1776295237.213,37.213,0.51,654.61,0.5,179.98,0.52,41.07,0.53,21.0,0.48,38.0,0.47,21.0,0.49,649.61,0.5,204.98,0.01,0.01,2353.133712,1776295236000
1776295238.853,38.853,0.51,643.3,0.5,179.98,0.52,37.07,0.53,21.0,0.48,36.07,0.47,21.0,0.49,648.3,0.5,179.98,0.01,0.01,2353.074979,1776295237000
1776295239.791,39.791,0.51,663.2,0.5,204.98,0.52,37.07,0.53,21.0,0.48,37.07,0.47,21.0,0.49,643.3,0.5,179.98,0.01,0.01,2353.086929,1776295238000
1776295241.026,41.026,0.52,72.7,0.51,658.2,0.53,31.5,0.54,31.5,0.48,37.07,0.47,21.0,0.49,663.2,0.5,204.98,0.01,0.01,2353.112947,1776295240000
1776295245.458,45.458,0.52,126.11,0.51,643.2,0.53,11.0,0.54,36.89,0.47,31.5,0.46,31.5,0.48,72.7,0.49,658.2,0.01,0.01,2353.122912,1776295244000
1776295247.197,47.197,0.52,129.02,0.51,643.2,0.53,22.18,0.54,10.5,0.47,11.0,0.46,36.89,0.48,126.11,0.49,643.2,0.01,0.01,2353.165121,1776295246000
1776295249.347,49.347,0.52,58.02,0.51,612.7,0.53,305.5,0.54,42.14,0.47,22.18,0.46,10.5,0.48,129.02,0.49,643.2,0.01,0.01,2353.165067,1776295248000
1776295249.58,49.58,0.51,370.91,0.5,189.98,0.52,228.5,0.53,160.5,0.48,125.5,0.47,160.5,0.49,375.0,0.5,189.98,0.01,0.01,2353.165067,1776295248000
1776295249.808,49.808,0.51,262.91,0.5,189.98,0.52,316.5,0.53,246.5,0.48,299.5,0.47,246.5,0.49,310.91,0.5,189.98,0.01,0.01,2353.165067,1776295248000
1776295250.023,50.023,0.51,254.95,0.5,194.98,0.52,331.5,0.53,170.5,0.48,294.5,0.47,170.5,0.49,254.95,0.5,189.98,0.01,0.01,2353.104084,1776295249000
1776295250.292,50.292,0.51,194.95,0.5,194.98,0.52,435.44,0.53,170.5,0.48,435.44,0.47,170.5,0.49,224.95,0.5,194.98,0.01,0.01,2353.104084,1776295249000
1776295250.51,50.51,0.51,87.65,0.5,194.98,0.52,440.44,0.53,170.5,0.48,440.44,0.47,170.5,0.49,122.65,0.5,194.98,0.01,0.01,2353.104084,1776295249000
1776295250.717,50.717,0.46,39.37,0.45,15.5,0.47,150.5,0.48,10.0,0.49,10.0,0.48,440.44,0.54,59.37,0.56,200.0,0.01,0.05,2353.104084,1776295249000
1776295251.067,51.067,0.46,11.59,0.45,15.5,0.47,139.5,0.48,74.99,0.53,150.5,0.52,10.0,0.54,39.37,0.55,15.5,0.01,0.01,2353.104084,1776295249000
1776295251.707,51.707,0.46,11.59,0.45,15.5,0.47,153.11,0.48,84.99,0.53,139.5,0.52,74.99,0.54,11.59,0.55,15.5,0.01,0.01,2352.824493,1776295250000
1776295252.037,52.037,0.44,3.91,0.43,15.0,0.47,197.11,0.48,84.99,0.53,125.11,0.52,84.99,0.54,11.59,0.55,15.5,0.03,0.01,2352.607729,1776295251000
1776295252.305,52.305,0.44,10.5,0.43,15.0,0.45,188.0,0.46,15.0,0.53,197.11,0.52,84.99,0.56,3.91,0.57,15.0,0.01,0.03,2352.607729,1776295251000
1776295252.695,52.695,0.44,4.5,0.43,15.0,0.45,186.0,0.46,5.0,0.55,188.0,0.54,15.0,0.56,10.5,0.57,15.0,0.01,0.01,2352.607729,1776295251000
1776295253.13,53.13,0.44,14.5,0.43,19.0,0.45,83.0,0.46,20.0,0.55,88.0,0.54,10.0,0.56,15.5,0.57,8.5,0.01,0.01,2352.417062,1776295252000
1776295253.78,53.78,0.44,4.0,0.43,19.0,0.45,134.48,0.46,30.0,0.55,83.0,0.54,20.0,0.56,14.5,0.57,19.0,0.01,0.01,2352.417062,1776295252000
1776295254.3,54.3,0.44,14.5,0.43,29.0,0.45,103.48,0.46,20.0,0.55,134.48,0.54,30.0,0.56,4.0,0.57,19.0,0.01,0.01,2352.48554,1776295253000
1776295256.672,56.672,0.44,7.21,0.43,19.0,0.45,113.48,0.46,10.0,0.55,103.48,0.54,20.0,0.56,14.5,0.57,29.0,0.01,0.01,2352.514213,1776295255000
1776295257.498,57.498,0.44,1.21,0.43,19.0,0.45,91.48,0.46,10.0,0.55,113.48,0.54,10.0,0.56,7.21,0.57,19.0,0.01,0.01,2352.506778,1776295256000
1776295258.947,58.947,0.44,46.71,0.43,30.0,0.46,42.7,0.47,5.61,0.55,91.48,0.54,10.0,0.56,1.21,0.57,19.0,0.02,0.01,2352.559364,1776295257000
1776295261.273,61.273,0.45,26.0,0.44,35.5,0.46,132.7,0.47,10.0,0.54,42.7,0.53,5.61,0.56,46.71,0.57,30.0,0.01,0.02,2352.580073,1776295260000
1776295261.732,61.732,0.45,19.89,0.44,25.0,0.46,132.7,0.47,10.0,0.54,132.7,0.53,10.0,0.55,26.0,0.56,35.5,0.01,0.01,2352.580073,1776295260000
1776295262.306,62.306,0.45,24.89,0.44,25.0,0.46,110.84,0.47,20.5,0.54,113.11,0.53,10.0,0.55,19.89,0.56,25.0,0.01,0.01,2352.631145,1776295261000
1776295263.735,63.735,0.45,41.89,0.44,30.0,0.46,158.82,0.47,25.5,0.54,110.84,0.53,20.5,0.55,24.89,0.56,25.0,0.01,0.01,2352.590696,1776295262000
1776295264.015,64.015,0.45,138.57,0.44,60.5,0.46,106.12,0.47,10.0,0.54,153.82,0.53,10.0,0.55,40.07,0.56,40.5,0.01,0.01,2352.590696,1776295262000
1776295264.469,64.469,0.49,42.0,0.48,52.5,0.5,5.0,0.52,45.5,0.53,10.0,0.51,10.0,0.54,7.93,0.55,143.57,0.01,0.01,2352.654085,1776295263000
1776295264.99,64.99,0.5,52.4,0.49,42.0,0.51,78.92,0.52,60.5,0.48,45.5,0.47,20.0,0.51,37.0,0.52,52.5,0.01,0.03,2352.654085,1776295263000
1776295265.463,65.463,0.5,64.4,0.49,47.0,0.51,78.92,0.52,60.5,0.49,78.92,0.48,60.5,0.5,52.4,0.51,42.0,0.01,0.01,2352.652636,1776295264000
1776295265.669,65.669,0.5,79.4,0.49,47.0,0.51,75.15,0.52,60.5,0.49,78.92,0.48,60.5,0.5,64.4,0.51,47.0,0.01,0.01,2352.652636,1776295264000
1776295266.342,66.342,0.5,89.4,0.49,252.0,0.51,52.15,0.52,60.5,0.49,75.15,0.48,60.5,0.5,79.4,0.51,47.0,0.01,0.01,2352.876316,1776295265000
1776295267.149,67.149,0.5,329.4,0.49,107.5,0.51,30.15,0.52,45.0,0.49,52.15,0.48,60.5,0.5,89.4,0.51,252.0,0.01,0.01,2353.041147,1776295266000
1776295269.175,69.175,0.52,300.0,0.51,105.0,0.53,68.88,0.54,35.5,0.48,45.0,0.47,20.5,0.5,324.4,0.51,107.5,0.01,0.02,2353.12504,1776295268000
1776295272.094,72.094,0.52,288.91,0.51,105.0,0.53,51.88,0.54,35.5,0.47,68.88,0.46,35.5,0.48,300.0,0.49,105.0,0.01,0.01,2353.34905,1776295271000
1776295275.353,75.353,0.52,348.9,0.51,66.0,0.53,77.38,0.54,10.5,0.47,51.88,0.46,35.5,0.48,288.91,0.49,105.0,0.01,0.01,2353.350375,1776295274000
1776295276.846,76.846,0.52,359.66,0.51,91.0,0.53,60.0,0.54,10.5,0.47,77.38,0.46,10.5,0.48,348.9,0.49,66.0,0.01,0.01,2353.306209,1776295275000
1776295277.908,77.908,0.52,354.66,0.51,91.0,0.53,9.0,0.54,10.5,0.47,60.0,0.46,10.5,0.48,359.66,0.49,91.0,0.01,0.01,2353.33841,1776295276000
1776295279.822,79.822,0.56,62.0,0.55,205.0,0.57,12.17,0.58,51.5,0.47,3.0,0.46,10.5,0.48,359.66,0.49,91.0,0.01,0.01,2353.31029,1776295277000
1776295281.039,81.039,0.56,87.0,0.55,215.5,0.58,14.5,0.59,25.0,0.43,8.66,0.42,51.5,0.44,62.0,0.45,205.0,0.02,0.01,2353.32373,1776295279000
1776295281.317,81.317,0.57,156.77,0.56,25.0,0.58,14.5,0.59,20.0,0.42,9.5,0.41,25.0,0.43,10.0,0.44,57.0,0.01,0.01,2353.32373,1776295279000
1776295282.501,82.501,0.57,371.77,0.56,75.0,0.58,9.5,0.59,10.5,0.42,14.5,0.41,20.0,0.43,156.77,0.44,25.0,0.01,0.01,2353.407029,1776295281000
1776295283.277,83.277,0.58,37.0,0.57,344.77,0.6,10.0,0.61,20.0,0.42,9.5,0.41,10.5,0.43,371.77,0.44,75.0,0.02,0.01,2353.407029,1776295281000
1776295284.066,84.066,0.59,47.0,0.58,45.0,0.6,15.59,0.61,10.0,0.4,10.0,0.39,20.0,0.42,37.0,0.43,344.77,0.01,0.02,2353.590406,1776295282000
1776295288.542,88.542,0.64,65.2,0.63,365.5,0.65,35.0,0.66,25.0,0.4,15.59,0.39,10.0,0.41,47.0,0.42,45.0,0.01,0.01,2353.83086,1776295287000
1776295288.754,88.754,0.64,314.53,0.63,292.5,0.65,2.04,0.66,25.0,0.35,4.5,0.34,25.0,0.36,284.53,0.37,292.5,0.01,0.01,2353.83086,1776295287000
1776295289.05,89.05,0.66,22.58,0.65,10.0,0.69,60.0,0.7,205.0,0.35,2.04,0.34,25.0,0.36,314.53,0.37,292.5,0.03,0.01,2353.83086,1776295287000
1776295289.663,89.663,0.69,62.0,0.68,25.0,0.7,150.0,0.71,65.0,0.31,60.0,0.3,205.0,0.34,22.58,0.35,10.0,0.01,0.03,2353.79788,1776295288000
1776295290.357,90.357,0.69,294.0,0.68,70.0,0.71,87.78,0.73,50.0,0.3,159.07,0.29,65.0,0.31,94.0,0.32,25.0,0.02,0.01,2354.036918,1776295289000
1776295291.412,91.412,0.72,64.25,0.71,40.0,0.73,75.0,0.74,137.74,0.27,50.0,0.26,43.7,0.29,28.93,0.3,10.0,0.01,0.02,2354.350355,1776295290000
1776295291.921,91.921,0.72,294.25,0.71,90.0,0.73,62.13,0.74,147.74,0.27,75.0,0.26,137.74,0.28,64.25,0.29,40.0,0.01,0.01,2354.350355,1776295290000
1776295293.574,93.574,0.72,339.25,0.71,101.0,0.73,22.17,0.74,152.74,0.27,62.13,0.26,147.74,0.28,294.25,0.29,90.0,0.01,0.01,2354.54405,1776295292000
1776295294.376,94.376,0.72,384.1,0.71,101.0,0.73,27.17,0.74,80.14,0.27,22.17,0.26,152.74,0.28,339.25,0.29,101.0,0.01,0.01,2354.56405,1776295293000
1776295297.423,97.423,0.69,35.0,0.67,10.0,0.71,40.5,0.72,40.5,0.27,27.17,0.26,80.14,0.28,379.1,0.29,101.0,0.02,0.01,2354.658634,1776295296000
1776295297.667,97.667,0.68,4.0,0.67,10.0,0.7,17.52,0.71,50.5,0.3,30.5,0.29,50.5,0.32,4.0,0.33,10.0,0.02,0.02,2354.658634,1776295296000
1776295297.909,97.909,0.68,25.0,0.67,15.0,0.71,49.0,0.72,38.89,0.3,1.6,0.29,59.5,0.32,10.0,0.33,10.0,0.03,0.02,2354.658634,1776295296000
1776295298.139,98.139,0.69,4.0,0.68,20.0,0.7,11.82,0.71,55.0,0.29,71.0,0.28,33.89,0.31,4.0,0.32,20.0,0.01,0.02,2354.658634,1776295297000
1776295298.947,98.947,0.69,4.0,0.68,31.0,0.7,24.64,0.71,269.0,0.3,11.82,0.29,55.0,0.31,4.0,0.32,20.0,0.01,0.01,2354.658634,1776295297000
1776295299.975,99.975,0.68,28.62,0.67,32.0,0.7,23.64,0.71,278.0,0.3,24.64,0.29,269.0,0.31,4.0,0.32,31.0,0.02,0.01,2354.459805,1776295298000
1776295300.783,100.783,0.69,66.0,0.68,40.0,0.7,188.0,0.71,36.5,0.3,23.64,0.29,278.0,0.32,28.62,0.33,32.0,0.01,0.02,2354.348472,1776295299000
1776295304.915,104.915,0.69,92.0,0.68,246.5,0.71,36.5,0.72,28.89,0.3,188.0,0.29,36.5,0.31,66.0,0.32,40.0,0.02,0.01,2354.286778,1776295303000
1776295306.514,106.514,0.7,339.5,0.69,35.5,0.71,3.0,0.73,18.3,0.29,36.5,0.28,28.89,0.31,92.0,0.32,246.5,0.01,0.02,2354.364346,1776295305000
1776295307.077,107.077,0.72,85.35,0.71,200.0,0.73,18.3,0.74,43.7,0.27,18.3,0.26,43.7,0.3,339.5,0.31,35.5,0.01,0.03,2354.364346,1776295305000
1776295308.361,108.361,0.73,164.0,0.72,374.49,0.77,63.47,0.78,211.0,0.27,18.3,0.26,43.7,0.28,85.35,0.29,200.0,0.04,0.01,2354.353716,1776295306000
1776295308.916,108.916,0.77,148.0,0.76,95.0,0.78,40.88,0.79,265.7,0.22,214.42,0.21,76.7,0.24,31.0,0.25,20.0,0.01,0.02,2354.402978,1776295307000
1776295310.103,110.103,0.77,67.65,0.76,95.0,0.78,62.66,0.79,215.7,0.22,40.88,0.21,265.7,0.23,148.0,0.24,95.0,0.01,0.01,2354.450183,1776295308000
1776295311.509,111.509,0.77,61.12,0.76,95.0,0.78,52.16,0.79,226.2,0.22,62.66,0.21,215.7,0.23,67.65,0.24,95.0,0.01,0.01,2354.483388,1776295309000
1776295311.878,111.878,0.77,66.12,0.76,105.0,0.78,7.3,0.79,226.2,0.22,52.16,0.21,226.2,0.23,61.12,0.24,95.0,0.01,0.01,2354.776834,1776295310000
1776295312.314,112.314,0.77,71.12,0.76,130.0,0.78,0.3,0.79,226.2,0.22,7.3,0.21,226.2,0.23,66.12,0.24,105.0,0.01,0.01,2354.729876,1776295311000
1776295313.59,113.59,0.76,25.0,0.75,10.0,0.79,316.14,0.8,92.98,0.21,220.14,0.2,37.5,0.23,90.12,0.24,130.0,0.03,0.02,2354.759144,1776295312000
1776295313.991,113.991,0.7,75.21,0.69,148.0,0.71,3.0,0.72,31.0,0.24,50.5,0.23,29.26,0.29,10.0,0.3,40.71,0.01,0.05,2354.759144,1776295312000
1776295316.247,116.247,0.71,25.15,0.7,30.5,0.72,80.0,0.73,276.1,0.29,3.0,0.28,31.0,0.3,75.21,0.31,148.0,0.01,0.01,2354.686028,1776295314000
1776295316.639,116.639,0.71,23.11,0.7,30.5,0.72,75.0,0.73,276.1,0.28,80.0,0.27,276.1,0.29,25.15,0.3,30.5,0.01,0.01,2354.463426,1776295315000
1776295318.784,118.784,0.72,42.5,0.71,330.5,0.74,7.77,0.75,189.0,0.28,75.0,0.27,276.1,0.29,23.11,0.3,30.5,0.02,0.01,2354.415955,1776295317000
1776295319.172,119.172,0.73,146.5,0.72,51.5,0.74,0.39,0.75,189.0,0.26,6.39,0.25,189.0,0.28,81.5,0.29,330.5,0.01,0.02,2354.415955,1776295317000
1776295321.122,121.122,0.75,20.54,0.74,121.0,0.77,42.3,0.78,33.0,0.26,0.39,0.25,189.0,0.27,146.5,0.28,51.5,0.02,0.01,2354.44196,1776295319000
1776295322.126,122.126,0.75,0.54,0.74,40.5,0.77,47.3,0.78,33.0,0.23,47.3,0.22,33.0,0.25,10.54,0.26,30.0,0.02,0.02,2354.565124,1776295320000
1776295322.657,122.657,0.76,37.66,0.75,0.54,0.77,52.3,0.78,33.0,0.23,47.3,0.22,33.0,0.24,5.83,0.25,0.54,0.01,0.01,2354.56345,1776295321000
1776295328.566,128.566,0.73,74.65,0.72,50.0,0.77,350.56,0.78,47.0,0.23,52.3,0.22,33.0,0.24,37.66,0.25,0.54,0.04,0.01,2354.57845,1776295327000
1776295330.648,130.648,0.69,10.0,0.67,10.0,0.7,326.0,0.71,75.0,0.23,350.56,0.22,47.0,0.27,74.65,0.28,50.0,0.01,0.04,2354.5832,1776295329000
1776295330.892,130.892,0.64,9.72,0.63,35.0,0.67,34.0,0.68,24.0,0.3,326.0,0.29,75.0,0.33,10.0,0.34,110.0,0.03,0.03,2354.5832,1776295329000
1776295335.576,135.576,0.68,45.0,0.67,50.5,0.69,18.39,0.7,27.1,0.33,34.0,0.32,24.0,0.36,9.72,0.37,35.0,0.01,0.03,2354.027785,1776295334000
1776295338.103,138.103,0.68,25.5,0.67,50.5,0.69,23.39,0.7,27.1,0.31,13.39,0.3,27.1,0.32,66.0,0.33,61.5,0.01,0.01,2354.088275,1776295336000
1776295338.574,138.574,0.68,89.5,0.67,236.5,0.69,16.34,0.7,57.1,0.31,23.39,0.3,27.1,0.32,25.5,0.33,50.5,0.01,0.01,2354.128645,1776295337000
1776295339.141,139.141,0.68,113.25,0.67,251.16,0.69,5.0,0.7,10.0,0.31,16.34,0.3,57.1,0.32,89.5,0.33,236.5,0.01,0.01,2354.144075,1776295338000
1776295340.133,140.133,0.72,79.0,0.71,74.5,0.73,21.34,0.74,18.7,0.29,35.0,0.28,20.0,0.32,397.75,0.33,170.49,0.01,0.03,2354.110407,1776295339000
1776295340.658,140.658,0.72,74.0,0.71,69.5,0.73,19.97,0.74,59.18,0.27,21.34,0.26,18.7,0.28,79.0,0.29,74.5,0.01,0.01,2354.110407,1776295339000
1776295341.437,141.437,0.72,19.01,0.71,74.5,0.73,19.97,0.74,59.18,0.27,19.97,0.26,59.18,0.28,74.0,0.29,69.5,0.01,0.01,2354.20475,1776295340000
1776295342.657,142.657,0.68,65.5,0.67,25.5,0.71,5.0,0.72,289.98,0.27,19.97,0.26,59.18,0.28,19.01,0.29,74.5,0.03,0.01,2354.32135,1776295341000
1776295343.151,143.151,0.69,4.0,0.68,80.5,0.7,25.0,0.71,15.0,0.29,5.0,0.28,289.98,0.32,65.5,0.33,25.5,0.01,0.03,2354.32135,1776295341000
1776295343.666,143.666,0.68,78.5,0.67,35.5,0.7,50.0,0.71,38.5,0.3,25.0,0.29,15.0,0.31,4.0,0.32,80.5,0.02,0.01,2354.32135,1776295341000
1776295346.211,146.211,0.6,8.0,0.59,75.0,0.61,120.0,0.62,55.0,0.3,45.0,0.29,38.5,0.32,72.5,0.33,35.5,0.01,0.02,2354.0738,1776295344000
1776295347.096,147.096,0.54,2.93,0.53,230.0,0.56,25.0,0.57,5.0,0.39,120.0,0.38,55.0,0.4,8.0,0.41,75.0,0.02,0.01,2354.046458,1776295346000
1776295347.321,147.321,0.55,1.97,0.54,10.0,0.56,15.0,0.59,10.0,0.44,25.0,0.43,5.0,0.47,48.91,0.48,10.0,0.01,0.03,2354.046458,1776295346000
1776295347.898,147.898,0.57,13.53,0.56,110.0,0.58,5.0,0.6,5.0,0.44,20.0,0.4,20.0,0.46,10.0,0.47,48.91,0.01,0.02,2354.046458,1776295346000
1776295348.552,148.552,0.64,10.0,0.63,10.0,0.65,81.91,0.66,51.0,0.35,13.2,0.34,11.0,0.43,104.53,0.44,73.0,0.01,0.08,2353.494562,1776295347000
1776295349.045,149.045,0.62,11.15,0.61,65.0,0.65,91.91,0.66,51.0,0.35,81.91,0.34,51.0,0.36,10.0,0.37,10.0,0.03,0.01,2353.494562,1776295347000
1776295350.133,150.133,0.64,15.0,0.63,10.0,0.65,71.45,0.66,215.0,0.35,91.91,0.34,51.0,0.38,11.15,0.39,65.0,0.01,0.03,2353.673295,1776295349000
1776295350.568,150.568,0.65,15.0,0.64,15.0,0.66,60.04,0.67,32.3,0.34,35.0,0.33,27.3,0.36,15.0,0.37,10.0,0.01,0.02,2353.673295,1776295349000
1776295350.875,150.875,0.65,15.0,0.64,15.0,0.66,24.11,0.67,42.3,0.34,39.58,0.33,32.3,0.35,15.0,0.36,15.0,0.01,0.01,2353.673295,1776295349000
1776295352.771,152.771,0.65,39.5,0.64,55.5,0.66,310.77,0.67,46.3,0.34,24.11,0.33,42.3,0.35,15.0,0.36,15.0,0.01,0.01,2353.9148,1776295351000
1776295354.447,154.447,0.64,47.27,0.63,25.5,0.66,305.77,0.67,56.8,0.34,305.77,0.33,46.3,0.35,17.0,0.36,55.5,0.02,0.01,2353.876435,1776295353000
1776295354.902,154.902,0.65,7.32,0.64,83.27,0.66,305.77,0.67,56.8,0.34,305.77,0.33,56.8,0.36,47.27,0.37,25.5,0.01,0.02,2353.876435,1776295353000
1776295355.956,155.956,0.65,20.0,0.64,73.27,0.66,29.0,0.67,15.0,0.34,305.77,0.33,56.8,0.35,7.32,0.36,83.27,0.01,0.01,2353.865609,1776295355000
1776295356.169,156.169,0.65,20.0,0.64,133.27,0.68,90.0,0.69,105.0,0.34,14.96,0.33,10.0,0.35,20.0,0.36,73.27,0.03,0.01,2353.865609,1776295355000
1776295358.474,158.474,0.68,45.5,0.67,50.5,0.69,27.8,0.7,240.0,0.32,90.0,0.31,105.0,0.35,30.0,0.36,133.27,0.01,0.03,2354.063595,1776295357000
1776295358.761,158.761,0.68,71.5,0.67,50.5,0.69,21.8,0.7,255.5,0.31,27.8,0.3,240.0,0.32,45.5,0.33,50.5,0.01,0.01,2354.063595,1776295357000
1776295359.218,159.218,0.68,69.99,0.67,50.5,0.7,65.0,0.71,53.0,0.3,65.0,0.29,53.0,0.32,74.9,0.33,50.5,0.02,0.02,2354.063595,1776295357000
1776295361.381,161.381,0.73,60.0,0.72,244.5,0.75,120.5,0.76,204.7,0.3,65.0,0.29,53.0,0.32,69.99,0.33,50.5,0.02,0.02,2354.069402,1776295359000
1776295362.943,162.943,0.74,4.0,0.73,18.0,0.75,362.5,0.76,10.0,0.25,120.5,0.24,204.7,0.27,60.0,0.28,244.5,0.01,0.02,2354.39402,1776295361000
1776295368.237,168.237,0.73,10.0,0.72,33.0,0.74,261.78,0.75,162.5,0.25,362.5,0.24,10.0,0.28,28.0,0.29,47.0,0.01,0.03,2354.304991,1776295366000
1776295372.043,172.043,0.73,50.0,0.72,33.0,0.74,257.35,0.75,162.5,0.26,261.78,0.25,162.5,0.27,10.0,0.28,33.0,0.01,0.01,2354.31565,1776295370000
1776295373.418,173.418,0.73,60.0,0.72,33.0,0.74,218.99,0.75,131.5,0.26,257.35,0.25,162.5,0.27,50.0,0.28,33.0,0.01,0.01,2354.337076,1776295372000
1776295374.587,174.587,0.73,79.0,0.72,33.0,0.74,249.05,0.75,131.5,0.26,218.99,0.25,131.5,0.27,60.0,0.28,33.0,0.01,0.01,2354.313559,1776295373000
1776295374.985,174.985,0.73,79.0,0.72,43.5,0.74,220.69,0.75,131.5,0.26,249.05,0.25,131.5,0.27,79.0,0.28,33.0,0.01,0.01,2354.313559,1776295373000
1776295379.67,179.67,0.69,35.5,0.68,25.5,0.7,16.0,0.71,17.0,0.26,220.69,0.25,131.5,0.27,79.0,0.28,43.5,0.01,0.01,2354.291044,1776295378000
1776295380.974,180.974,0.69,50.5,0.68,230.5,0.7,1.0,0.71,29.5,0.3,16.0,0.29,17.0,0.31,35.5,0.32,25.5,0.01,0.01,2354.1237,1776295379000
1776295382.099,182.099,0.69,15.0,0.68,10.0,0.7,232.5,0.71,55.0,0.3,1.0,0.29,29.5,0.31,50.5,0.32,230.5,0.01,0.01,2354.052006,1776295380000
1776295382.782,182.782,0.69,4.0,0.68,25.5,0.7,247.5,0.71,45.0,0.3,222.5,0.29,45.0,0.31,10.0,0.32,20.5,0.01,0.01,2354.062132,1776295381000
1776295383.485,183.485,0.69,10.0,0.68,20.5,0.7,266.07,0.71,37.5,0.3,247.5,0.29,45.0,0.32,25.5,0.33,57.5,0.01,0.02,2354.13992,1776295382000
1776295384.163,184.163,0.69,10.0,0.68,20.5,0.7,245.07,0.71,27.5,0.3,266.07,0.29,37.5,0.31,10.0,0.32,20.5,0.01,0.01,2354.061635,1776295383000
1776295385.559,185.559,0.68,28.56,0.67,52.5,0.7,239.07,0.71,22.5,0.3,245.07,0.29,27.5,0.31,10.0,0.32,20.5,0.02,0.01,2354.025789,1776295384000
1776295388.11,188.11,0.69,4.0,0.68,48.56,0.7,234.07,0.71,22.5,0.3,239.07,0.29,22.5,0.32,28.56,0.33,52.5,0.01,0.02,2354.004988,1776295386000
1776295392.543,192.543,0.68,45.0,0.67,72.5,0.69,56.6,0.7,227.6,0.3,234.07,0.29,22.5,0.31,4.0,0.32,48.56,0.01,0.01,2353.9563,1776295391000
1776295394.574,194.574,0.59,4.95,0.54,110.0,0.63,13.51,0.64,105.0,0.31,56.6,0.3,227.6,0.32,45.0,0.33,72.5,0.04,0.01,2353.952276,1776295393000
1776295394.826,194.826,0.52,50.0,0.5,245.0,0.59,7.19,0.61,50.0,0.39,50.0,0.37,18.51,0.48,50.0,0.5,245.0,0.07,0.09,2353.952276,1776295393000
1776295395.123,195.123,0.5,239.0,0.49,25.0,0.54,7.0,0.56,50.0,0.41,7.19,0.39,50.0,0.48,50.0,0.5,245.0,0.04,0.07,2353.952276,1776295393000
1776295395.597,195.597,0.51,1.22,0.5,239.0,0.54,7.0,0.56,56.82,0.46,7.0,0.44,50.0,0.5,239.0,0.51,25.0,0.03,0.04,2353.866625,1776295394000
1776295395.902,195.902,0.5,227.46,0.49,25.0,0.52,10.0,0.54,57.0,0.48,10.0,0.46,7.0,0.5,232.46,0.51,25.0,0.02,0.02,2353.866625,1776295394000
1776295396.372,196.372,0.5,2.46,0.47,25.0,0.51,260.0,0.52,10.0,0.48,10.0,0.46,57.0,0.5,227.46,0.51,25.0,0.01,0.02,2353.866625,1776295394000
1776295396.714,196.714,0.45,106.94,0.44,10.0,0.48,214.0,0.49,10.0,0.49,260.0,0.48,10.0,0.5,2.46,0.53,25.0,0.03,0.01,2352.835995,1776295395000
1776295398.235,198.235,0.41,60.0,0.4,130.0,0.49,10.0,0.5,10.0,0.55,155.13,0.54,10.0,0.56,10.0,0.58,70.0,0.08,0.01,2352.749679,1776295397000
1776295398.561,198.561,0.42,46.0,0.41,90.94,0.44,1.47,0.45,10.0,0.51,3.87,0.5,10.0,0.56,9.44,0.59,75.94,0.02,0.05,2352.749679,1776295397000
1776295399.098,199.098,0.48,15.0,0.47,15.0,0.51,26.68,0.52,10.0,0.56,1.47,0.55,10.0,0.58,46.0,0.59,90.94,0.03,0.02,2352.791705,1776295398000
1776295399.875,199.875,0.49,59.0,0.48,25.0,0.5,9.42,0.51,25.0,0.5,10.0,0.49,26.68,0.52,18.66,0.53,20.0,0.01,0.02,2352.791705,1776295398000
1776295401.577,201.577,0.52,149.5,0.51,195.83,0.54,1.52,0.55,10.0,0.49,25.0,0.48,10.0,0.51,59.0,0.52,25.0,0.02,0.02,2352.93441,1776295399000
1776295401.983,201.983,0.54,28.48,0.53,30.5,0.55,10.0,0.56,16.82,0.46,1.52,0.45,10.0,0.48,149.5,0.49,195.83,0.01,0.02,2352.93441,1776295399000
1776295405.32,205.32,0.57,40.5,0.56,100.5,0.58,25.0,0.6,47.5,0.43,11.62,0.42,25.0,0.45,5.0,0.46,43.98,0.01,0.02,2353.523205,1776295403000
1776295405.869,205.869,0.59,2.71,0.58,35.5,0.6,40.17,0.61,150.0,0.4,35.17,0.39,150.0,0.42,5.0,0.43,45.5,0.01,0.02,2353.544455,1776295404000
1776295406.122,206.122,0.59,17.21,0.58,35.5,0.6,40.0,0.61,155.0,0.4,40.17,0.39,150.0,0.41,2.71,0.42,35.5,0.01,0.01,2353.56057,1776295405000
1776295406.334,206.334,0.58,38.71,0.57,60.5,0.6,40.0,0.61,155.0,0.4,40.0,0.39,155.0,0.42,54.71,0.43,60.5,0.02,0.02,2353.56057,1776295405000
1776295406.717,206.717,0.58,37.71,0.57,60.5,0.6,40.0,0.61,155.0,0.4,40.0,0.39,155.0,0.42,38.71,0.43,60.5,0.02,0.02,2353.56057,1776295405000
1776295407.226,207.226,0.59,31.0,0.58,36.71,0.6,10.0,0.61,155.0,0.4,15.0,0.39,155.0,0.42,25.71,0.43,60.5,0.01,0.02,2353.56057,1776295405000
1776295407.875,207.875,0.59,20.11,0.58,41.71,0.6,5.0,0.61,155.0,0.4,10.0,0.39,155.0,0.41,31.0,0.42,36.71,0.01,0.01,2353.527546,1776295406000
1776295408.339,208.339,0.59,20.11,0.58,41.71,0.6,3.33,0.61,155.0,0.4,5.0,0.39,155.0,0.41,20.11,0.42,41.71,0.01,0.01,2353.527546,1776295406000
1776295410.52,210.52,0.6,46.0,0.59,10.11,0.61,50.0,0.62,15.0,0.4,3.33,0.39,155.0,0.41,20.11,0.42,41.71,0.01,0.01,2353.618445,1776295408000
1776295411.905,211.905,0.62,20.0,0.61,15.0,0.63,9.45,0.64,55.0,0.39,50.0,0.38,15.0,0.4,46.0,0.41,10.11,0.01,0.01,2353.63069,1776295410000
1776295412.368,212.368,0.62,6.0,0.58,66.0,0.63,15.5,0.64,30.5,0.37,9.45,0.36,55.0,0.38,20.0,0.39,15.0,0.01,0.01,2353.657287,1776295411000
1776295412.648,212.648,0.58,65.89,0.57,22.0,0.59,4.0,0.6,20.5,0.37,85.5,0.36,35.5,0.42,60.89,0.43,22.0,0.01,0.05,2353.657287,1776295411000
1776295413.611,213.611,0.58,46.89,0.57,22.0,0.61,2.55,0.62,20.5,0.41,4.0,0.4,20.5,0.42,65.89,0.43,22.0,0.03,0.01,2353.63672,1776295412000
1776295414.012,214.012,0.58,40.95,0.57,27.0,0.59,10.0,0.6,25.5,0.39,2.55,0.38,20.5,0.42,46.89,0.43,22.0,0.01,0.03,2353.63672,1776295412000
1776295414.319,214.319,0.58,45.95,0.57,27.0,0.59,5.27,0.6,25.5,0.41,10.0,0.4,25.5,0.42,40.95,0.43,27.0,0.01,0.01,2353.6456,1776295413000
1776295415.109,215.109,0.58,40.95,0.57,47.0,0.59,10.18,0.6,35.5,0.41,5.27,0.4,25.5,0.42,45.95,0.43,27.0,0.01,0.01,2353.6456,1776295413000
1776295416.226,216.226,0.58,60.95,0.57,47.5,0.59,5.08,0.6,15.0,0.41,10.18,0.4,35.5,0.42,40.95,0.43,47.0,0.01,0.01,2353.58474,1776295415000
1776295422.57,222.57,0.59,51.01,0.58,36.5,0.6,10.0,0.61,5.0,0.41,5.08,0.4,15.0,0.42,60.95,0.43,47.5,0.01,0.01,2353.61128,1776295421000
1776295423.892,223.892,0.63,26.0,0.62,43.0,0.65,10.0,0.66,75.0,0.38,40.5,0.37,30.5,0.41,92.01,0.42,36.5,0.02,0.03,2353.61502,1776295422000
1776295427.381,227.381,0.66,57.0,0.65,87.0,0.68,5.0,0.69,5.0,0.35,10.0,0.34,75.0,0.37,8.64,0.38,43.0,0.02,0.02,2353.779662,1776295426000
1776295430.697,230.697,0.66,40.0,0.65,40.0,0.68,45.5,0.69,15.0,0.32,5.0,0.31,5.0,0.34,57.0,0.35,87.0,0.02,0.02,2353.81035,1776295429000
1776295430.897,230.897,0.65,40.0,0.64,40.0,0.67,30.5,0.68,40.5,0.33,30.5,0.32,40.5,0.35,40.0,0.36,40.0,0.02,0.02,2353.81035,1776295429000
1776295433.258,233.258,0.65,60.0,0.64,45.0,0.66,14.5,0.67,25.5,0.33,30.5,0.32,40.5,0.35,40.0,0.36,40.0,0.01,0.02,2353.890015,1776295431000
1776295434.424,234.424,0.65,69.28,0.64,160.99,0.66,14.5,0.67,25.5,0.34,14.5,0.33,25.5,0.35,60.0,0.36,45.0,0.01,0.01,2353.767577,1776295433000
1776295437.981,237.981,0.63,71.0,0.62,267.49,0.65,15.28,0.66,25.5,0.34,14.5,0.33,25.5,0.35,69.28,0.36,160.99,0.02,0.01,2353.787054,1776295434000
1776295439.085,239.085,0.63,35.0,0.62,100.0,0.64,30.81,0.65,30.28,0.35,15.28,0.34,25.5,0.37,71.0,0.38,267.49,0.01,0.02,2353.787054,1776295434000
1776295440.861,240.861,0.62,80.0,0.61,20.0,0.63,6.0,0.64,5.0,0.36,30.81,0.35,30.28,0.37,35.0,0.38,100.0,0.01,0.01,2353.787054,1776295434000
1776295445.291,245.291,0.62,75.0,0.61,20.0,0.63,4.41,0.64,5.0,0.37,6.0,0.36,5.0,0.38,80.0,0.39,20.0,0.01,0.01,2353.687214,1776295444000
1776295446.668,246.668,0.62,308.99,0.61,98.0,0.68,15.0,0.69,20.0,0.37,4.41,0.36,5.0,0.38,75.0,0.39,20.0,0.06,0.01,2353.687214,1776295444000
1776295447.599,247.599,0.67,253.99,0.66,105.0,0.68,1.76,0.72,45.0,0.32,15.0,0.31,20.0,0.38,308.99,0.39,98.0,0.01,0.06,2353.7719,1776295446000
1776295448.376,248.376,0.72,28.46,0.71,30.0,0.73,15.0,0.74,100.0,0.28,45.0,0.27,20.0,0.33,258.99,0.34,105.0,0.01,0.05,2353.709199,1776295447000
1776295448.958,248.958,0.72,18.46,0.71,40.0,0.74,75.0,0.75,150.0,0.27,15.0,0.26,100.0,0.28,28.46,0.29,30.0,0.02,0.01,2353.709199,1776295447000
1776295449.713,249.713,0.72,17.92,0.71,30.0,0.74,75.0,0.75,155.0,0.26,75.0,0.25,150.0,0.28,18.46,0.29,40.0,0.02,0.02,2353.834985,1776295448000
1776295450.324,250.324,0.73,50.0,0.72,22.92,0.75,155.0,0.77,141.0,0.26,75.0,0.25,155.0,0.28,17.92,0.29,30.0,0.02,0.02,2353.834985,1776295448000
1776295450.664,250.664,0.74,5.0,0.73,50.0,0.77,138.97,0.78,60.0,0.25,155.0,0.23,141.0,0.27,50.0,0.28,22.92,0.03,0.02,2353.908223,1776295449000
1776295451.124,251.124,0.76,296.33,0.75,10.0,0.77,86.91,0.78,60.0,0.23,141.91,0.22,60.0,0.26,1.15,0.27,65.0,0.01,0.03,2353.908223,1776295450000
1776295452.015,252.015,0.79,167.33,0.78,25.0,0.8,55.0,0.81,25.31,0.22,60.0,0.21,35.0,0.24,202.0,0.25,10.0,0.01,0.02,2353.908223,1776295450000
1776295454.852,254.852,0.86,10.0,0.85,20.0,0.88,72.21,0.89,36.79,0.2,55.0,0.19,25.31,0.21,167.33,0.22,25.0,0.02,0.01,2354.27349,1776295453000
1776295455.145,255.145,0.87,15.0,0.86,15.0,0.88,46.18,0.89,36.79,0.12,78.57,0.11,36.79,0.13,15.0,0.14,15.0,0.01,0.01,2354.27349,1776295453000
1776295455.586,255.586,0.86,10.57,0.85,35.0,0.88,3.67,0.89,36.79,0.12,59.18,0.11,36.79,0.15,25.0,0.16,20.0,0.02,0.03,2354.28442,1776295454000
1776295456.056,256.056,0.87,15.0,0.86,20.57,0.88,2.53,0.89,46.79,0.12,3.67,0.11,36.79,0.14,10.57,0.15,40.0,0.01,0.02,2354.28442,1776295454000
1776295456.448,256.448,0.87,5.0,0.86,20.57,0.88,8.86,0.89,55.97,0.11,46.79,0.1,105.0,0.13,15.0,0.14,20.57,0.01,0.02,2354.3011,1776295455000
1776295457.537,257.537,0.83,60.29,0.81,10.0,0.87,71.0,0.88,18.86,0.12,8.86,0.11,55.97,0.14,20.57,0.15,25.0,0.04,0.02,2354.450471,1776295456000
1776295457.835,257.835,0.78,110.23,0.74,30.0,0.84,31.25,0.86,10.0,0.13,71.0,0.12,18.86,0.17,60.29,0.19,10.0,0.06,0.04,2354.450471,1776295456000
1776295458.312,258.312,0.78,110.23,0.74,30.0,0.86,9.36,0.87,43.0,0.17,17.41,0.16,9.78,0.22,110.23,0.26,30.0,0.08,0.05,2354.450471,1776295456000
1776295458.654,258.654,0.78,8.01,0.74,30.0,0.8,25.0,0.81,19.23,0.19,19.23,0.18,27.77,0.22,16.33,0.26,30.0,0.02,0.03,2354.397585,1776295457000
1776295458.871,258.871,0.64,12.75,0.62,50.0,0.68,40.0,0.78,22.72,0.19,19.23,0.17,27.0,0.36,12.75,0.38,50.0,0.04,0.17,2354.397585,1776295457000
1776295459.471,259.471,0.64,30.63,0.63,5.0,0.68,77.96,0.74,10.0,0.32,32.96,0.22,22.72,0.36,12.75,0.38,50.0,0.04,0.04,2353.936727,1776295458000
1776295460.116,260.116,0.62,50.0,0.61,60.0,0.65,15.0,0.66,15.0,0.32,74.72,0.26,10.0,0.36,0.63,0.37,5.0,0.03,0.04,2353.936727,1776295458000
1776295460.462,260.462,0.61,36.3,0.6,10.0,0.62,10.0,0.63,10.0,0.35,15.0,0.34,15.0,0.38,50.0,0.39,60.0,0.01,0.03,2353.606736,1776295459000
1776295460.691,260.691,0.61,136.3,0.6,10.0,0.64,9.21,0.65,50.0,0.33,10.0,0.32,82.96,0.39,141.3,0.4,10.0,0.03,0.06,2353.606736,1776295459000
1776295461.065,261.065,0.61,33.73,0.6,10.0,0.62,10.0,0.63,10.0,0.33,9.21,0.32,82.96,0.39,41.3,0.4,10.0,0.01,0.06,2353.606736,1776295459000
1776295461.544,261.544,0.61,33.73,0.6,10.0,0.64,10.0,0.65,10.0,0.38,10.0,0.37,10.0,0.39,33.73,0.4,10.0,0.03,0.01,2353.606736,1776295459000
1776295462.447,262.447,0.55,80.0,0.54,98.0,0.61,137.22,0.62,15.0,0.36,10.0,0.35,10.0,0.39,33.73,0.4,10.0,0.06,0.03,2353.503176,1776295461000
1776295462.677,262.677,0.54,15.81,0.53,70.0,0.56,50.0,0.61,61.22,0.44,50.0,0.39,61.22,0.46,20.6,0.47,70.0,0.02,0.02,2353.503176,1776295461000
1776295462.883,262.883,0.54,6.23,0.52,125.0,0.56,61.36,0.61,61.22,0.44,61.36,0.39,61.22,0.46,11.02,0.47,45.0,0.02,0.02,2353.503176,1776295461000
1776295463.117,263.117,0.54,1.43,0.51,125.0,0.56,61.36,0.61,61.22,0.44,61.36,0.39,61.22,0.46,3.83,0.48,100.0,0.02,0.02,2353.503176,1776295461000
1776295464.584,264.584,0.36,37.12,0.35,10.0,0.42,18.0,0.43,23.0,0.49,46.07,0.45,11.11,0.59,1.94,0.62,75.0,0.06,0.1,2353.187726,1776295463000
1776295464.856,264.856,0.36,37.12,0.35,10.0,0.39,28.0,0.4,10.0,0.61,10.0,0.58,23.0,0.62,2.98,0.64,37.12,0.03,0.01,2353.187726,1776295463000
1776295465.071,265.071,0.36,42.06,0.35,10.0,0.37,1.02,0.38,10.0,0.63,1.02,0.62,10.0,0.64,42.12,0.65,10.0,0.01,0.01,2353.187726,1776295463000
1776295465.318,265.318,0.33,30.0,0.31,50.0,0.38,4.2,0.39,23.0,0.63,1.02,0.62,10.0,0.67,30.0,0.69,50.0,0.05,0.04,2352.923921,1776295464000
1776295465.525,265.525,0.31,45.31,0.3,25.0,0.34,10.0,0.35,15.0,0.66,10.0,0.64,10.0,0.67,27.53,0.69,50.0,0.03,0.01,2352.923921,1776295464000
1776295465.901,265.901,0.28,25.0,0.27,50.0,0.32,10.0,0.33,10.0,0.68,10.0,0.67,10.0,0.69,31.14,0.72,25.0,0.04,0.01,2352.922741,1776295465000
1776295466.47,266.47,0.28,2.22,0.27,50.0,0.29,28.0,0.3,18.85,0.68,10.0,0.67,10.0,0.72,25.0,0.73,50.0,0.01,0.04,2352.922741,1776295465000
1776295466.728,266.728,0.28,0.83,0.27,50.0,0.29,15.0,0.3,23.28,0.7,10.28,0.69,10.0,0.72,2.22,0.73,50.0,0.01,0.02,2352.922741,1776295465000
1776295467.089,267.089,0.28,5.83,0.27,50.0,0.3,18.28,0.31,10.0,0.71,4.72,0.7,23.28,0.72,0.83,0.73,50.0,0.02,0.01,2352.875752,1776295466000
1776295467.307,267.307,0.29,15.0,0.28,6.99,0.3,12.28,0.31,10.0,0.7,18.28,0.69,10.0,0.72,1.99,0.73,50.0,0.01,0.02,2352.875752,1776295466000
1776295468.021,268.021,0.31,5.0,0.3,11.0,0.32,24.0,0.33,10.0,0.65,2.28,0.64,10.0,0.69,5.0,0.7,5.0,0.01,0.04,2352.875752,1776295467000
1776295468.487,268.487,0.28,4.0,0.27,100.0,0.3,10.0,0.31,18.0,0.65,15.0,0.64,40.28,0.7,4.85,0.71,15.0,0.02,0.05,2352.875752,1776295467000
1776295469.181,269.181,0.27,50.0,0.26,83.66,0.29,234.0,0.3,25.0,0.7,10.0,0.69,18.0,0.72,4.0,0.73,100.0,0.02,0.02,2352.877631,1776295468000
1776295469.503,269.503,0.11,43.09,0.1,15.0,0.19,15.0,0.2,10.0,0.77,5.22,0.73,23.0,0.79,125.0,0.8,12.66,0.08,0.02,2352.877631,1776295468000
1776295469.776,269.776,0.12,6.25,0.11,53.09,0.14,10.0,0.15,15.0,0.81,15.0,0.8,10.0,0.89,43.09,0.9,15.0,0.02,0.08,2352.877631,1776295468000
1776295470.002,270.002,0.11,52.52,0.1,15.0,0.14,15.0,0.15,15.0,0.86,10.0,0.85,15.0,0.88,6.25,0.89,53.09,0.03,0.02,2352.877631,1776295468000
1776295470.385,270.385,0.11,66.7,0.1,15.0,0.15,10.28,0.16,10.0,0.86,15.0,0.85,15.0,0.89,52.52,0.9,15.0,0.04,0.03,2352.877581,1776295469000
1776295470.595,270.595,0.12,2.2,0.11,61.7,0.15,23.28,0.16,18.0,0.85,10.28,0.84,10.0,0.89,66.7,0.9,15.0,0.03,0.04,2352.877581,1776295469000
1776295471.279,271.279,0.12,10.0,0.11,19.18,0.13,2.0,0.14,18.0,0.86,10.0,0.85,18.28,0.89,58.42,0.9,15.0,0.01,0.03,2352.4745,1776295470000
1776295471.498,271.498,0.12,13.86,0.11,24.18,0.13,2.0,0.14,18.0,0.87,2.0,0.86,18.0,0.88,10.0,0.89,19.18,0.01,0.01,2352.4745,1776295470000
1776295471.916,271.916,0.11,17.34,0.1,15.0,0.13,2.0,0.14,23.0,0.87,2.0,0.86,18.0,0.88,12.72,0.89,19.18,0.02,0.01,2352.4745,1776295470000
1776295474.126,274.126,0.11,3.46,0.1,15.0,0.13,27.0,0.14,18.0,0.87,2.0,0.86,23.0,0.89,17.34,0.9,15.0,0.02,0.02,2352.341775,1776295472000
1776295474.939,274.939,0.13,5.0,0.12,50.0,0.15,10.0,0.16,10.0,0.87,27.0,0.86,18.0,0.89,3.46,0.9,15.0,0.02,0.02,2352.339145,1776295473000
1776295475.229,275.229,0.16,69.0,0.15,15.0,0.17,10.0,0.18,30.0,0.83,10.0,0.82,30.0,0.84,30.0,0.87,40.0,0.01,0.01,2352.339145,1776295473000
1776295475.577,275.577,0.16,72.32,0.15,15.0,0.17,10.0,0.18,30.0,0.83,10.0,0.82,30.0,0.84,78.32,0.85,15.0,0.01,0.01,2352.325365,1776295474000
1776295477.267,277.267,0.17,34.0,0.16,82.32,0.19,10.0,0.2,10.0,0.83,10.0,0.82,30.0,0.84,72.32,0.85,15.0,0.02,0.01,2352.471032,1776295476000
1776295477.774,277.774,0.17,39.0,0.16,42.32,0.19,20.0,0.2,26.0,0.81,10.0,0.8,10.0,0.82,15.97,0.83,24.0,0.02,0.01,2352.471032,1776295476000
1776295478.808,278.808,0.17,8.95,0.16,42.32,0.18,104.1,0.19,15.0,0.81,20.0,0.8,26.0,0.83,39.0,0.84,42.32,0.01,0.02,2352.554228,1776295477000
1776295479.263,279.263,0.17,18.95,0.16,42.32,0.18,86.1,0.19,15.0,0.82,104.1,0.81,15.0,0.83,8.95,0.84,42.32,0.01,0.01,2352.600039,1776295478000
1776295481.483,281.483,0.21,73.0,0.2,30.0,0.22,10.0,0.23,10.0,0.82,86.1,0.81,15.0,0.83,18.95,0.84,42.32,0.01,0.01,2352.710599,1776295480000
1776295482.034,282.034,0.21,27.0,0.2,5.0,0.22,10.0,0.23,10.0,0.78,10.0,0.77,10.0,0.79,73.0,0.8,30.0,0.01,0.01,2352.730549,1776295481000
1776295482.916,282.916,0.19,60.54,0.18,5.0,0.2,10.0,0.21,10.0,0.78,10.0,0.77,10.0,0.79,27.0,0.8,5.0,0.01,0.01,2352.730549,1776295481000
1776295483.571,283.571,0.18,4.9,0.17,30.0,0.19,10.0,0.2,15.0,0.8,10.0,0.79,10.0,0.81,60.54,0.82,5.0,0.01,0.01,2352.76134,1776295482000
1776295484.47,284.47,0.17,3.79,0.16,5.0,0.18,20.0,0.19,15.0,0.81,10.0,0.8,15.0,0.82,4.9,0.83,30.0,0.01,0.01,2352.777867,1776295483000
1776295485.097,285.097,0.17,23.79,0.15,20.0,0.18,17.42,0.19,15.0,0.82,20.0,0.81,15.0,0.83,3.79,0.84,5.0,0.01,0.01,2352.777867,1776295483000
1776295485.335,285.335,0.17,7.03,0.15,20.0,0.18,18.78,0.19,15.0,0.82,18.78,0.81,15.0,0.83,18.79,0.85,20.0,0.01,0.01,2352.777867,1776295483000
1776295485.652,285.652,0.17,0.46,0.15,20.0,0.18,3.78,0.19,15.0,0.82,18.78,0.81,15.0,0.83,7.03,0.85,20.0,0.01,0.01,2352.718731,1776295484000
1776295486.234,286.234,0.15,22.88,0.14,10.0,0.17,22.22,0.18,8.78,0.82,3.78,0.81,15.0,0.83,0.46,0.85,20.0,0.02,0.01,2352.71345,1776295485000
1776295488.181,288.181,0.15,15.0,0.14,20.0,0.17,7.22,0.19,10.0,0.83,22.22,0.82,8.78,0.85,22.88,0.86,10.0,0.02,0.02,2352.71754,1776295486000
1776295489.154,289.154,0.16,65.0,0.15,10.0,0.22,7.22,0.23,10.0,0.83,7.22,0.81,10.0,0.85,15.0,0.86,20.0,0.06,0.02,2352.702522,1776295488000
1776295490.215,290.215,0.24,7.63,0.23,10.0,0.25,10.0,0.27,10.0,0.77,10.0,0.76,30.0,0.84,57.85,0.85,10.0,0.01,0.07,2352.757522,1776295489000
1776295490.561,290.561,0.3,10.0,0.29,10.0,0.31,10.0,0.33,10.0,0.75,10.0,0.73,10.0,0.76,7.63,0.77,10.0,0.01,0.01,2352.757522,1776295489000
1776295491.314,291.314,0.48,10.41,0.47,10.63,0.55,10.07,0.6,30.0,0.69,20.0,0.68,5.0,0.7,3.06,0.71,5.79,0.07,0.01,2352.820225,1776295490000
1776295491.57,291.57,0.67,10.0,0.66,10.0,0.76,58.59,0.78,10.0,0.32,5.47,0.31,50.0,0.46,71.0,0.47,23.0,0.09,0.14,2352.820225,1776295490000
1776295491.879,291.879,0.73,8.33,0.72,10.0,0.74,5.98,0.76,17.31,0.24,22.31,0.23,5.0,0.27,8.33,0.28,10.0,0.01,0.03,2352.820225,1776295490000
1776295492.286,292.286,0.75,10.0,0.74,10.0,0.8,25.0,0.81,99.23,0.24,10.28,0.22,10.0,0.27,8.33,0.28,10.0,0.05,0.03,2352.906363,1776295491000
1776295492.633,292.633,0.84,10.0,0.83,10.0,0.85,60.62,0.87,10.0,0.15,72.14,0.13,10.0,0.2,24.57,0.21,40.0,0.01,0.05,2352.906363,1776295491000
1776295492.86,292.86,0.84,10.0,0.83,10.0,0.85,58.43,0.87,10.0,0.15,60.52,0.13,10.0,0.16,10.0,0.17,10.0,0.01,0.01,2352.906363,1776295491000
1776295493.342,293.342,0.8,28.57,0.79,10.0,0.87,17.76,0.88,25.0,0.13,10.0,0.12,25.0,0.16,10.0,0.17,10.0,0.07,0.03,2353.327955,1776295492000
1776295493.623,293.623,0.8,43.57,0.79,10.0,0.87,17.76,0.88,25.0,0.13,17.76,0.12,25.0,0.2,28.57,0.21,10.0,0.07,0.07,2353.327955,1776295492000
1776295494.651,294.651,0.91,10.0,0.89,49.0,0.95,10.31,0.96,45.0,0.13,17.76,0.12,25.0,0.2,43.57,0.21,10.0,0.04,0.07,2353.593773,1776295493000
1776295494.994,294.994,0.92,6.25,0.91,60.0,0.95,10.31,0.96,45.0,0.05,10.31,0.04,45.0,0.09,10.0,0.11,49.0,0.03,0.04,2353.593773,1776295493000
1776295495.344,295.344,0.96,48.54,0.95,15.78,0.97,121.0,0.98,230.0,0.04,26.46,0.03,121.0,0.05,5.26,0.08,6.25,0.01,0.01,2353.71234,1776295494000
1776295495.584,295.584,0.94,29.32,0.93,10.0,0.95,10.0,0.96,8.43,0.04,8.43,0.03,154.66,0.06,29.32,0.07,10.0,0.01,0.02,2353.71234,1776295494000
1776295495.806,295.806,0.95,10.0,0.94,29.32,0.97,125.74,0.98,218.0,0.03,130.28,0.02,230.0,0.05,10.0,0.06,29.32,0.02,0.02,2353.71234,1776295494000
1776295496.328,296.328,0.95,26.95,0.94,7.32,0.96,27.0,0.97,117.74,0.03,125.74,0.02,218.0,0.05,10.0,0.06,29.32,0.01,0.02,2353.760462,1776295495000
1776295496.54,296.54,0.95,26.95,0.94,7.32,0.97,80.7,0.98,218.0,0.03,111.63,0.02,218.0,0.05,26.95,0.06,7.32,0.02,0.02,2353.760462,1776295495000
1776295496.84,296.84,0.95,21.0,0.94,7.32,0.96,7.91,0.97,78.65,0.03,78.65,0.02,218.0,0.06,7.32,0.07,10.0,0.01,0.03,2353.760462,1776295495000
1776295497.292,297.292,0.87,7.0,0.83,22.0,0.96,60.0,0.97,76.35,0.03,76.35,0.02,213.0,0.05,21.0,0.06,7.32,0.09,0.02,2353.877055,1776295496000
1776295497.495,297.495,0.93,16.16,0.91,10.0,0.99,1263.88,,,0.02,14.68,0.01,1265.84,0.07,16.16,0.09,10.0,0.06,0.05,2353.877055,1776295496000
1776295497.846,297.846,0.98,10.0,0.97,10.0,0.99,716.33,,,0.01,730.07,,,0.03,10.0,0.04,10.0,0.01,0.02,2353.877055,1776295496000
1776295498.123,298.123,0.98,10.0,0.97,10.0,0.99,506.63,,,0.01,528.63,,,0.02,10.0,0.03,10.0,0.01,0.01,2353.911598,1776295497000
1776295498.379,298.379,0.96,10.0,0.95,15.0,0.99,373.81,,,0.01,384.81,,,0.02,10.0,0.03,10.0,0.03,0.01,2353.911598,1776295497000
1776295498.587,298.587,0.97,10.0,0.96,10.0,,,,,0.01,10.61,,,0.04,10.0,0.05,8.44,,0.03,2353.911598,1776295497000
1776295498.965,298.965,0.99,2129.5,0.98,10.0,,,,,,,,,0.03,10.0,0.04,10.0,,,2353.911598,1776295497000
1776295499.387,299.387,0.97,6.0,0.94,55.69,0.99,379.37,,,0.01,384.37,,,0.06,50.69,0.07,26.0,0.02,0.05,2353.92584,1776295498000
1776295499.624,299.624,0.98,100.0,0.97,6.0,0.99,218.53,,,0.01,208.57,,,0.02,100.0,0.03,6.0,0.01,0.01,2353.92584,1776295498000
1776295499.833,299.833,0.99,35.75,0.97,6.0,,,,,0.01,114.25,,,0.03,6.0,0.06,55.69,,0.02,2353.92584,1776295498000
1776295500.231,300.231,0.99,25231.08,0.97,6.0,,,,,,,,,0.01,35.75,0.03,6.0,,,2353.838678,1776295499000
1776295500.811,300.811,0.99,25463.89,0.97,6.0,,,,,,,,,0.01,25231.08,0.03,6.0,,,2353.838678,1776295499000

# RESULT,winner=Up,slug=eth-updown-5m-1776295200,ticks=307
