timestamp,elapsed_sec,up_bid_p1,up_bid_s1,up_bid_p2,up_bid_s2,up_ask_p1,up_ask_s1,up_ask_p2,up_ask_s2,down_bid_p1,down_bid_s1,down_bid_p2,down_bid_s2,down_ask_p1,down_ask_s1,down_ask_p2,down_ask_s2,up_spread,down_spread,eth_price,eth_oracle_ts
1776276000.527,0.527,0.47,8.0,0.46,150.0,0.5,105.0,0.52,8.0,0.5,115.0,0.48,68.0,0.51,16.33,0.52,28.35,0.03,0.01,2349.196045,1776275999000
1776276001.573,1.573,0.41,18.0,0.4,23.0,0.45,19.33,0.46,13.0,0.5,105.0,0.48,8.0,0.54,148.0,0.6,38.0,0.04,0.04,2349.274623,1776276000000
1776276002.194,2.194,0.42,16.27,0.41,18.0,0.45,18.33,0.46,13.0,0.55,19.33,0.54,13.0,0.59,18.0,0.6,23.0,0.03,0.04,2349.115035,1776276001000
1776276002.457,2.457,0.42,5.0,0.4,23.0,0.45,8.85,0.49,9.8,0.55,7.85,0.51,9.8,0.59,5.0,0.6,10.0,0.03,0.04,2349.115035,1776276001000
1776276003.293,3.293,0.4,6.66,0.39,13.0,0.46,60.0,0.49,9.8,0.55,3.85,0.51,9.8,0.58,5.0,0.6,23.0,0.06,0.03,2348.900031,1776276002000
1776276003.576,3.576,0.4,1.66,0.32,10.0,0.45,10.0,0.46,60.0,0.54,60.0,0.51,9.8,0.6,6.66,0.61,13.0,0.05,0.06,2348.900031,1776276002000
1776276003.975,3.975,0.33,10.0,0.32,10.0,0.41,10.0,0.42,10.0,0.55,10.0,0.54,60.0,0.6,1.66,0.68,10.0,0.08,0.05,2348.900031,1776276002000
1776276004.228,4.228,0.35,10.0,0.34,10.0,0.37,4.91,0.38,10.0,0.59,10.0,0.58,10.0,0.67,10.0,0.68,10.0,0.02,0.08,2348.900031,1776276002000
1776276004.725,4.725,0.36,22.58,0.34,36.0,0.37,4.91,0.38,10.0,0.63,4.91,0.62,10.0,0.65,10.0,0.66,10.0,0.01,0.02,2348.873924,1776276003000
1776276005.865,5.865,0.36,64.64,0.35,61.0,0.38,9.91,0.39,10.0,0.63,4.91,0.62,10.0,0.64,19.64,0.65,31.0,0.02,0.01,2348.846423,1776276004000
1776276006.204,6.204,0.36,195.36,0.35,160.0,0.38,3.91,0.39,10.0,0.63,5.0,0.62,9.91,0.64,104.36,0.65,61.0,0.02,0.01,2348.80982,1776276005000
1776276006.424,6.424,0.39,15.0,0.38,22.09,0.41,10.0,0.42,10.0,0.6,5.0,0.59,10.0,0.62,7.09,0.63,5.0,0.02,0.02,2348.80982,1776276005000
1776276006.729,6.729,0.4,32.0,0.39,39.0,0.42,10.0,0.43,30.0,0.59,10.0,0.58,10.0,0.6,5.0,0.61,15.0,0.02,0.01,2348.80982,1776276005000
1776276007.579,7.579,0.42,9.65,0.41,25.0,0.43,10.0,0.44,20.0,0.58,10.0,0.57,30.0,0.6,32.0,0.61,39.0,0.01,0.02,2348.811962,1776276006000
1776276008.175,8.175,0.42,15.0,0.41,45.0,0.44,7.9,0.45,10.0,0.57,10.0,0.56,20.0,0.58,9.65,0.59,25.0,0.02,0.01,2348.811962,1776276006000
1776276008.815,8.815,0.42,26.92,0.41,15.34,0.43,10.0,0.44,12.9,0.56,7.9,0.55,10.0,0.58,15.0,0.59,45.0,0.01,0.02,2348.957113,1776276007000
1776276009.257,9.257,0.41,5.34,0.4,26.0,0.42,20.0,0.43,25.0,0.57,10.0,0.56,12.9,0.58,26.92,0.59,15.34,0.01,0.01,2348.957113,1776276007000
1776276009.651,9.651,0.36,44.64,0.35,105.0,0.41,44.66,0.42,60.0,0.58,20.0,0.57,25.0,0.59,5.34,0.6,26.0,0.05,0.01,2348.916231,1776276008000
1776276010.114,10.114,0.36,49.7,0.35,110.0,0.37,20.0,0.38,20.0,0.59,44.66,0.58,60.0,0.64,44.64,0.65,105.0,0.01,0.05,2348.916231,1776276008000
1776276010.526,10.526,0.36,9.7,0.35,125.0,0.39,15.0,0.4,15.0,0.63,10.0,0.62,19.47,0.64,34.7,0.65,115.0,0.03,0.01,2348.916231,1776276008000
1776276011.016,11.016,0.38,15.0,0.37,15.0,0.41,10.0,0.42,10.0,0.61,15.0,0.6,15.0,0.64,9.7,0.65,125.0,0.03,0.03,2348.924825,1776276009000
1776276011.554,11.554,0.42,16.79,0.41,10.0,0.43,55.0,0.44,25.0,0.59,10.0,0.58,10.0,0.62,15.0,0.63,15.0,0.01,0.03,2348.924825,1776276009000
1776276012.291,12.291,0.36,2.95,0.35,106.71,0.39,10.0,0.41,10.0,0.57,50.0,0.56,35.0,0.58,13.53,0.59,10.0,0.03,0.01,2348.566045,1776276010000
1776276013.029,13.029,0.42,10.0,0.41,10.0,0.43,5.95,0.44,35.0,0.63,10.0,0.62,10.0,0.65,139.71,0.66,20.0,0.01,0.02,2348.490123,1776276011000
1776276013.64,13.64,0.39,23.5,0.38,90.5,0.4,36.5,0.41,20.5,0.57,5.95,0.56,35.0,0.58,10.0,0.59,10.0,0.01,0.01,2348.608833,1776276012000
1776276014.005,14.005,0.39,27.96,0.38,13.0,0.4,177.5,0.41,86.5,0.6,130.5,0.59,36.5,0.61,65.0,0.62,46.5,0.01,0.01,2348.608833,1776276012000
1776276014.208,14.208,0.39,24.0,0.38,24.0,0.4,145.5,0.41,81.5,0.6,202.5,0.59,86.5,0.61,18.0,0.62,24.0,0.01,0.01,2348.608833,1776276012000
1776276015.038,15.038,0.38,0.42,0.37,23.0,0.39,154.5,0.4,92.5,0.6,150.5,0.59,81.5,0.62,18.0,0.63,35.5,0.01,0.02,2348.664546,1776276014000
1776276015.444,15.444,0.34,190.0,0.33,225.0,0.36,261.5,0.37,10.0,0.61,211.5,0.6,87.5,0.63,10.0,0.64,35.0,0.02,0.02,2348.664546,1776276014000
1776276016.104,16.104,0.34,350.5,0.33,240.5,0.35,20.0,0.36,32.0,0.64,261.5,0.63,10.0,0.66,190.0,0.67,225.0,0.01,0.02,2348.664546,1776276014000
1776276016.463,16.463,0.34,353.5,0.33,245.5,0.35,32.0,0.36,32.0,0.65,21.0,0.64,32.0,0.66,364.5,0.67,245.5,0.01,0.01,2348.664546,1776276014000
1776276016.805,16.805,0.35,307.5,0.34,111.5,0.36,8.63,0.37,26.5,0.64,8.63,0.63,20.5,0.66,348.5,0.67,245.5,0.01,0.02,2348.664546,1776276014000
1776276017.025,17.025,0.35,203.73,0.34,39.5,0.36,19.13,0.37,141.5,0.64,8.63,0.63,26.5,0.65,307.5,0.66,111.5,0.01,0.01,2348.664546,1776276014000
1776276017.409,17.409,0.35,277.0,0.34,83.5,0.36,90.13,0.37,97.5,0.64,19.13,0.63,141.5,0.65,203.73,0.66,39.5,0.01,0.01,2348.298915,1776276016000
1776276017.739,17.739,0.35,242.0,0.34,83.5,0.36,74.13,0.37,84.5,0.64,90.13,0.63,97.5,0.65,277.0,0.66,83.5,0.01,0.01,2348.298915,1776276016000
1776276018.194,18.194,0.35,252.5,0.34,93.5,0.37,26.5,0.38,128.5,0.64,74.13,0.63,84.5,0.65,242.0,0.66,83.5,0.02,0.01,2348.298915,1776276016000
1776276018.498,18.498,0.35,315.5,0.34,35.5,0.37,26.5,0.38,128.5,0.63,26.5,0.62,128.5,0.65,252.5,0.66,93.5,0.02,0.02,2348.088738,1776276017000
1776276018.794,18.794,0.35,300.5,0.34,35.5,0.36,27.0,0.37,31.5,0.63,26.5,0.62,128.5,0.65,315.5,0.66,35.5,0.01,0.02,2348.088738,1776276017000
1776276019.705,19.705,0.36,355.5,0.35,53.5,0.37,5.86,0.38,45.0,0.64,10.0,0.63,31.5,0.65,300.5,0.66,35.5,0.01,0.01,2348.057088,1776276018000
1776276020.99,20.99,0.37,360.5,0.36,70.5,0.39,55.5,0.4,99.5,0.62,45.0,0.61,124.0,0.64,360.5,0.65,58.5,0.02,0.02,2348.057088,1776276019000
1776276021.526,21.526,0.38,98.93,0.37,108.0,0.39,77.0,0.4,110.5,0.61,55.5,0.6,99.5,0.63,360.5,0.64,70.5,0.01,0.02,2348.06586,1776276020000
1776276021.787,21.787,0.37,4.76,0.36,272.5,0.38,25.5,0.39,137.34,0.61,51.35,0.6,52.5,0.62,41.93,0.63,50.0,0.01,0.01,2348.06586,1776276020000
1776276022.512,22.512,0.36,220.5,0.35,80.5,0.37,27.29,0.38,98.5,0.62,25.5,0.61,137.34,0.63,4.76,0.64,272.5,0.01,0.01,2348.15508,1776276021000
1776276022.873,22.873,0.34,24.5,0.33,292.5,0.35,15.0,0.36,36.5,0.63,27.29,0.62,98.5,0.64,220.5,0.65,80.5,0.01,0.01,2348.15508,1776276021000
1776276025.869,25.869,0.39,14.84,0.38,235.5,0.4,60.0,0.41,157.35,0.65,15.0,0.64,41.5,0.66,22.98,0.67,292.5,0.01,0.01,2348.042748,1776276024000
1776276030.655,30.655,0.43,70.22,0.42,232.0,0.44,169.49,0.45,185.71,0.6,60.0,0.59,157.35,0.61,14.84,0.62,235.5,0.01,0.01,2348.660399,1776276029000
1776276030.917,30.917,0.43,55.3,0.42,40.0,0.44,313.49,0.45,365.71,0.56,169.49,0.55,185.71,0.57,70.22,0.58,232.0,0.01,0.01,2348.662023,1776276030000
1776276031.204,31.204,0.43,14.0,0.41,20.0,0.44,610.49,0.45,196.71,0.56,504.49,0.55,196.71,0.57,19.0,0.59,20.0,0.01,0.01,2348.662023,1776276030000
1776276031.853,31.853,0.41,30.5,0.4,308.5,0.42,35.37,0.43,38.5,0.56,610.49,0.55,196.71,0.59,20.0,0.6,5.0,0.01,0.03,2348.662023,1776276030000
1776276032.24,32.24,0.42,80.5,0.41,308.5,0.43,29.27,0.44,78.5,0.58,35.37,0.57,38.5,0.59,30.5,0.6,308.5,0.01,0.01,2348.592965,1776276031000
1776276032.549,32.549,0.42,380.5,0.41,70.5,0.43,29.27,0.44,78.5,0.57,29.27,0.56,78.5,0.58,80.5,0.59,308.5,0.01,0.01,2348.592965,1776276031000
1776276033.783,33.783,0.42,190.0,0.41,78.0,0.43,176.21,0.44,168.5,0.57,29.27,0.56,78.5,0.58,380.5,0.59,70.5,0.01,0.01,2348.594765,1776276032000
1776276034.028,34.028,0.42,185.0,0.41,78.0,0.43,175.31,0.44,163.5,0.57,176.21,0.56,168.5,0.58,185.0,0.59,78.0,0.01,0.01,2348.594765,1776276032000
1776276034.498,34.498,0.42,180.0,0.41,88.5,0.43,169.41,0.44,163.5,0.57,175.31,0.56,163.5,0.58,185.0,0.59,78.0,0.01,0.01,2348.547285,1776276033000
1776276038.059,38.059,0.34,439.5,0.33,400.0,0.35,5.0,0.36,62.0,0.57,169.41,0.56,163.5,0.58,180.0,0.59,88.5,0.01,0.01,2348.109096,1776276037000
1776276040.288,40.288,0.37,407.5,0.36,241.5,0.39,228.0,0.4,158.73,0.64,34.0,0.63,135.0,0.66,444.5,0.67,415.0,0.02,0.02,2348.149768,1776276039000
1776276040.752,40.752,0.38,20.0,0.37,362.5,0.39,233.37,0.4,158.73,0.61,228.0,0.6,158.73,0.63,407.5,0.64,241.5,0.01,0.02,2348.149768,1776276039000
1776276041.037,41.037,0.36,175.89,0.35,135.5,0.39,293.49,0.4,34.5,0.61,233.37,0.6,158.73,0.62,20.0,0.63,362.5,0.03,0.01,2348.149768,1776276039000
1776276042.728,42.728,0.35,10.0,0.33,345.5,0.36,337.32,0.37,165.26,0.61,293.49,0.6,34.5,0.64,175.89,0.65,135.5,0.01,0.03,2348.38001,1776276041000
1776276049.152,49.152,0.32,293.0,0.31,207.5,0.33,191.2,0.34,191.5,0.64,337.32,0.63,165.26,0.65,10.0,0.67,345.5,0.01,0.01,2348.000636,1776276047000
1776276049.583,49.583,0.32,15.0,0.31,445.5,0.33,195.07,0.34,190.5,0.67,191.2,0.66,191.5,0.68,293.0,0.69,207.5,0.01,0.01,2348.000636,1776276047000
1776276050.367,50.367,0.29,185.0,0.28,45.0,0.31,304.5,0.32,219.5,0.67,222.27,0.66,190.5,0.68,15.0,0.69,445.5,0.02,0.01,2348.010701,1776276049000
1776276051.957,51.957,0.26,224.94,0.25,288.0,0.27,410.73,0.28,63.5,0.69,304.5,0.68,219.5,0.71,185.0,0.72,45.0,0.01,0.02,2347.953933,1776276050000
1776276052.184,52.184,0.26,218.31,0.25,225.0,0.27,457.73,0.28,68.5,0.73,410.73,0.72,63.5,0.74,224.94,0.75,288.0,0.01,0.01,2347.953933,1776276050000
1776276052.601,52.601,0.25,25.0,0.24,25.0,0.26,218.02,0.27,271.5,0.74,11.56,0.73,462.73,0.75,125.0,0.76,25.0,0.01,0.01,2347.507248,1776276051000
1776276053.425,53.425,0.24,5.0,0.23,233.0,0.25,132.74,0.26,94.79,0.74,218.02,0.73,271.5,0.75,25.0,0.76,25.0,0.01,0.01,2347.507248,1776276051000
1776276053.77,53.77,0.23,243.0,0.22,120.5,0.24,151.56,0.25,33.74,0.75,147.74,0.74,130.79,0.77,233.0,0.78,110.5,0.01,0.02,2347.257052,1776276052000
1776276055.092,55.092,0.23,560.5,0.22,165.5,0.24,35.9,0.26,20.0,0.76,151.56,0.75,33.74,0.77,243.0,0.78,120.5,0.01,0.01,2347.041713,1776276053000
1776276055.431,55.431,0.27,185.0,0.26,210.0,0.3,10.0,0.31,20.0,0.72,34.23,0.71,10.0,0.74,43.91,0.75,55.5,0.03,0.02,2346.982344,1776276054000
1776276055.902,55.902,0.3,432.35,0.29,40.5,0.31,32.0,0.32,50.1,0.69,20.0,0.68,50.1,0.73,185.0,0.74,210.0,0.01,0.04,2346.982344,1776276054000
1776276056.142,56.142,0.3,429.35,0.29,46.5,0.31,33.0,0.32,50.1,0.69,32.0,0.68,50.1,0.7,432.35,0.71,40.5,0.01,0.01,2346.982344,1776276054000
1776276056.992,56.992,0.3,361.34,0.29,66.5,0.31,12.35,0.32,50.1,0.69,33.0,0.68,50.1,0.7,429.35,0.71,46.5,0.01,0.01,2346.955569,1776276055000
1776276057.581,57.581,0.3,201.34,0.29,56.5,0.31,0.41,0.32,47.1,0.68,25.1,0.67,20.0,0.7,371.49,0.71,66.5,0.01,0.02,2347.513165,1776276056000
1776276060.484,60.484,0.32,25.0,0.31,30.0,0.33,198.5,0.34,264.5,0.67,31.0,0.66,113.5,0.69,45.5,0.7,366.34,0.01,0.02,2347.837962,1776276059000
1776276061.304,61.304,0.31,20.0,0.3,40.0,0.32,96.5,0.33,124.73,0.67,198.5,0.66,264.5,0.68,25.0,0.69,30.0,0.01,0.01,2347.83152,1776276060000
1776276061.617,61.617,0.28,50.0,0.27,114.0,0.31,269.73,0.32,226.5,0.68,96.5,0.67,124.73,0.69,20.0,0.7,40.0,0.03,0.01,2347.83152,1776276060000
1776276061.953,61.953,0.27,40.0,0.26,135.0,0.29,383.5,0.3,26.73,0.69,269.73,0.68,226.5,0.72,50.0,0.73,114.0,0.02,0.03,2347.83152,1776276060000
1776276064.352,64.352,0.28,101.5,0.27,57.5,0.29,4.2,0.3,10.0,0.71,383.5,0.7,26.73,0.73,40.0,0.74,135.0,0.01,0.02,2347.675499,1776276062000
1776276064.597,64.597,0.28,100.11,0.27,62.5,0.3,8.2,0.31,21.0,0.71,4.2,0.7,10.0,0.72,100.11,0.73,57.5,0.02,0.01,2347.288507,1776276063000
1776276064.904,64.904,0.29,215.5,0.28,122.11,0.31,8.68,0.32,35.0,0.7,8.2,0.69,21.0,0.72,100.11,0.73,62.5,0.02,0.02,2347.269705,1776276064000
1776276065.41,65.41,0.29,319.41,0.28,174.11,0.3,4.0,0.31,3.18,0.7,4.0,0.69,3.18,0.71,338.5,0.72,164.11,0.01,0.01,2347.269705,1776276064000
1776276066.142,66.142,0.28,10.0,0.27,109.5,0.29,66.7,0.3,334.5,0.7,4.0,0.69,3.18,0.71,319.41,0.72,174.11,0.01,0.01,2347.355044,1776276065000
1776276066.602,66.602,0.28,329.5,0.27,150.5,0.29,0.2,0.3,36.0,0.71,66.7,0.7,334.5,0.72,10.0,0.73,109.5,0.01,0.01,2347.355044,1776276065000
1776276069.341,69.341,0.28,427.5,0.27,213.5,0.31,74.88,0.32,103.5,0.71,0.2,0.7,36.0,0.72,329.5,0.73,150.5,0.03,0.01,2347.636603,1776276068000
1776276070.169,70.169,0.32,61.0,0.31,230.5,0.33,69.13,0.34,193.5,0.69,74.88,0.68,103.5,0.72,427.5,0.73,213.5,0.01,0.03,2347.636603,1776276068000
1776276070.435,70.435,0.32,100.02,0.31,225.5,0.33,121.63,0.34,135.5,0.67,69.13,0.66,193.5,0.68,61.0,0.69,230.5,0.01,0.01,2347.678395,1776276069000
1776276070.736,70.736,0.32,300.02,0.31,50.5,0.33,91.32,0.34,135.5,0.67,121.63,0.66,135.5,0.68,100.02,0.69,225.5,0.01,0.01,2347.678395,1776276069000
1776276071.067,71.067,0.32,268.02,0.31,50.5,0.33,101.32,0.34,169.37,0.67,91.32,0.66,135.5,0.68,300.02,0.69,50.5,0.01,0.01,2347.678395,1776276069000
1776276073.894,73.894,0.34,40.33,0.33,40.5,0.35,130.38,0.36,95.5,0.67,101.32,0.66,169.37,0.68,268.02,0.69,50.5,0.01,0.01,2347.86768,1776276072000
1776276074.919,74.919,0.32,154.87,0.31,246.19,0.33,5.0,0.34,115.0,0.65,130.38,0.64,95.5,0.66,40.33,0.67,40.5,0.01,0.01,2348.073112,1776276073000
1776276075.5,75.5,0.34,400.83,0.33,75.5,0.35,32.69,0.36,70.0,0.66,80.22,0.65,71.0,0.67,35.5,0.68,287.87,0.01,0.01,2348.058015,1776276074000
1776276076.124,76.124,0.35,387.5,0.34,83.83,0.37,50.0,0.38,25.0,0.64,70.0,0.63,50.0,0.66,400.83,0.67,70.5,0.02,0.02,2348.058015,1776276074000
1776276076.744,76.744,0.36,81.4,0.35,370.5,0.37,50.0,0.38,25.0,0.63,50.0,0.62,25.0,0.65,387.5,0.66,83.83,0.01,0.02,2348.04214,1776276075000
1776276077.158,77.158,0.36,0.31,0.34,10.0,0.37,291.73,0.38,148.83,0.63,50.0,0.62,25.0,0.64,81.4,0.65,370.5,0.01,0.01,2348.04214,1776276075000
1776276077.421,77.421,0.31,4.0,0.3,25.0,0.32,187.73,0.33,56.5,0.63,591.73,0.62,268.83,0.68,16.5,0.69,24.8,0.01,0.05,2348.04214,1776276075000
1776276077.734,77.734,0.25,4.0,0.24,213.0,0.26,92.73,0.27,20.5,0.68,234.73,0.67,56.5,0.73,100.0,0.74,110.0,0.01,0.05,2348.38277,1776276076000
1776276078.702,78.702,0.24,440.0,0.23,40.5,0.25,11.51,0.26,37.0,0.74,92.73,0.73,20.5,0.75,4.0,0.76,213.0,0.01,0.01,2348.33054,1776276077000
1776276079.245,79.245,0.25,53.5,0.24,459.83,0.26,47.0,0.27,47.5,0.75,3.0,0.74,37.0,0.76,455.5,0.77,40.5,0.01,0.01,2348.257953,1776276078000
1776276083.435,83.435,0.22,75.0,0.21,288.64,0.23,453.59,0.24,73.26,0.74,47.0,0.73,47.5,0.75,53.5,0.76,459.83,0.01,0.01,2347.086675,1776276082000
1776276083.747,83.747,0.21,298.64,0.2,218.5,0.22,120.7,0.23,244.59,0.77,453.59,0.76,73.26,0.78,75.0,0.79,288.64,0.01,0.01,2347.086675,1776276082000
1776276084.243,84.243,0.21,158.64,0.2,218.5,0.22,114.8,0.23,238.83,0.78,120.7,0.77,244.59,0.79,298.64,0.8,218.5,0.01,0.01,2347.008726,1776276083000
1776276084.601,84.601,0.21,207.14,0.2,340.5,0.22,29.2,0.23,110.83,0.78,114.8,0.77,238.83,0.79,158.64,0.8,218.5,0.01,0.01,2347.008726,1776276083000
1776276084.937,84.937,0.22,307.5,0.21,214.14,0.23,1.95,0.24,15.0,0.78,29.2,0.77,110.83,0.79,207.14,0.8,340.5,0.01,0.01,2347.008726,1776276083000
1776276085.353,85.353,0.23,49.5,0.22,300.5,0.24,8.0,0.25,30.5,0.76,15.0,0.75,15.0,0.78,314.5,0.79,214.14,0.01,0.02,2346.97396,1776276084000
1776276085.61,85.61,0.23,104.2,0.22,263.5,0.24,13.0,0.25,30.5,0.76,8.0,0.75,30.5,0.77,49.5,0.78,300.5,0.01,0.01,2346.97396,1776276084000
1776276086.111,86.111,0.23,90.5,0.22,247.5,0.24,3.0,0.25,51.5,0.76,13.0,0.75,30.5,0.77,104.2,0.78,263.5,0.01,0.01,2346.97396,1776276084000
1776276086.932,86.932,0.23,8.02,0.22,72.5,0.24,163.5,0.25,289.5,0.76,3.0,0.75,51.5,0.77,90.5,0.78,247.5,0.01,0.01,2346.975177,1776276085000
1776276088.258,88.258,0.23,397.52,0.22,113.5,0.24,20.63,0.25,10.0,0.76,163.5,0.75,289.5,0.77,3.02,0.78,72.5,0.01,0.01,2347.08627,1776276086000
1776276088.571,88.571,0.24,413.5,0.23,124.82,0.25,7.0,0.26,25.0,0.75,10.0,0.74,25.0,0.77,397.52,0.78,113.5,0.01,0.02,2347.195537,1776276087000
1776276088.989,88.989,0.24,423.5,0.23,99.82,0.25,7.0,0.26,25.0,0.75,7.0,0.74,25.0,0.76,413.5,0.77,124.82,0.01,0.01,2347.195537,1776276087000
1776276090.806,90.806,0.25,5.0,0.24,38.8,0.26,4.0,0.27,147.0,0.75,7.0,0.74,25.0,0.76,423.5,0.77,99.82,0.01,0.01,2347.186237,1776276088000
1776276091.029,91.029,0.24,6.1,0.23,10.0,0.25,14.0,0.26,245.0,0.74,4.0,0.73,147.0,0.75,5.0,0.76,38.8,0.01,0.01,2347.33229,1776276089000
1776276091.592,91.592,0.23,3.0,0.22,64.0,0.24,132.44,0.25,210.05,0.76,0.94,0.75,76.55,0.77,10.0,0.78,59.0,0.01,0.01,2347.33229,1776276089000
1776276093.089,93.089,0.22,360.5,0.21,254.84,0.23,11.0,0.24,12.0,0.76,132.44,0.75,220.05,0.78,64.0,0.79,146.84,0.01,0.02,2347.348486,1776276090000
1776276093.307,93.307,0.22,453.39,0.21,270.73,0.25,10.0,0.26,41.0,0.77,11.0,0.76,12.0,0.78,360.5,0.79,254.84,0.03,0.01,2347.348486,1776276090000
1776276094.185,94.185,0.25,390.25,0.24,113.39,0.26,20.0,0.27,10.0,0.75,10.0,0.74,41.0,0.78,453.39,0.79,270.73,0.01,0.03,2347.169122,1776276093000
1776276095.746,95.746,0.27,391.57,0.26,139.2,0.28,30.0,0.29,87.9,0.74,20.0,0.73,10.0,0.75,390.25,0.76,113.39,0.01,0.01,2347.273999,1776276094000
1776276096.902,96.902,0.27,26.0,0.26,50.2,0.28,187.1,0.29,248.5,0.72,30.0,0.71,87.9,0.73,391.57,0.74,139.2,0.01,0.01,2347.535204,1776276095000
1776276101.866,101.866,0.24,9.7,0.23,40.93,0.25,147.5,0.26,117.26,0.72,187.1,0.71,248.5,0.73,15.79,0.74,50.2,0.01,0.01,2347.527548,1776276100000
1776276103.008,103.008,0.23,0.79,0.22,55.0,0.24,324.5,0.25,135.5,0.75,147.5,0.74,117.26,0.76,9.7,0.77,40.93,0.01,0.01,2347.535786,1776276101000
1776276105.186,105.186,0.23,35.5,0.22,338.5,0.24,7.2,0.25,21.06,0.76,340.58,0.75,149.26,0.78,55.0,0.79,136.84,0.01,0.02,2347.431978,1776276103000
1776276105.547,105.547,0.23,493.25,0.22,27.5,0.24,2.75,0.25,6.06,0.76,7.2,0.75,21.06,0.77,35.5,0.78,338.5,0.01,0.01,2347.431978,1776276103000
1776276105.786,105.786,0.26,50.0,0.23,562.25,0.27,12.44,0.28,10.0,0.73,20.0,0.72,10.0,0.77,555.25,0.78,27.5,0.01,0.04,2347.240129,1776276104000
1776276106.105,106.105,0.27,5.96,0.26,63.33,0.3,8.26,0.32,10.0,0.7,24.23,0.68,10.0,0.73,5.96,0.74,63.33,0.03,0.03,2347.240129,1776276104000
1776276106.317,106.317,0.34,8.24,0.29,42.0,0.36,50.0,0.37,75.0,0.7,1.76,0.68,10.0,0.73,5.96,0.74,63.33,0.02,0.03,2347.240129,1776276104000
1776276106.526,106.526,0.34,8.14,0.33,15.0,0.37,75.0,0.38,25.0,0.64,50.0,0.63,75.0,0.66,8.24,0.71,42.0,0.03,0.02,2347.227739,1776276105000
1776276106.807,106.807,0.34,5.14,0.33,15.0,0.36,3.75,0.38,25.0,0.63,75.0,0.62,25.0,0.66,5.14,0.67,15.0,0.02,0.03,2347.227739,1776276105000
1776276107.099,107.099,0.33,14.31,0.32,10.0,0.36,23.75,0.37,8.0,0.64,3.75,0.62,25.0,0.66,5.14,0.67,15.0,0.03,0.02,2347.227739,1776276105000
1776276107.322,107.322,0.33,1.31,0.32,10.0,0.35,8.0,0.36,103.75,0.64,23.75,0.63,8.0,0.67,14.31,0.68,10.0,0.02,0.03,2347.49013,1776276106000
1776276107.771,107.771,0.33,1.31,0.32,25.62,0.34,5.74,0.36,20.0,0.65,8.0,0.64,103.75,0.67,1.31,0.68,10.0,0.01,0.02,2347.49013,1776276106000
1776276108.217,108.217,0.32,3.0,0.29,42.0,0.37,100.0,0.38,60.0,0.62,10.0,0.61,205.0,0.64,40.0,0.65,14.28,0.05,0.02,2347.49013,1776276106000
1776276108.449,108.449,0.36,5.0,0.32,43.0,0.39,100.0,0.4,85.0,0.63,15.0,0.62,15.0,0.68,23.0,0.69,50.0,0.03,0.05,2347.49013,1776276106000
1776276108.697,108.697,0.36,47.34,0.32,65.0,0.4,85.0,0.41,100.0,0.61,100.0,0.6,85.0,0.64,5.0,0.68,43.0,0.04,0.03,2347.49013,1776276106000
1776276108.914,108.914,0.36,170.98,0.34,5.0,0.37,7.0,0.45,235.0,0.6,85.0,0.59,100.0,0.64,56.22,0.68,45.0,0.01,0.04,2348.3474,1776276107000
1776276109.13,109.13,0.43,6.87,0.4,12.5,0.45,135.0,0.46,105.0,0.56,24.0,0.55,185.0,0.64,87.64,0.68,25.0,0.02,0.08,2348.3474,1776276107000
1776276109.33,109.33,0.44,11.26,0.41,37.49,0.45,140.0,0.46,155.0,0.55,140.0,0.54,155.0,0.56,11.36,0.59,37.49,0.01,0.01,2348.3474,1776276107000
1776276109.571,109.571,0.39,10.0,0.36,23.68,0.41,21.83,0.44,14.0,0.55,60.0,0.54,155.0,0.59,28.17,0.6,30.0,0.02,0.04,2348.3474,1776276107000
1776276109.775,109.775,0.36,23.68,0.32,3.0,0.38,9.37,0.39,18.0,0.59,58.31,0.55,10.0,0.64,23.68,0.68,3.0,0.02,0.05,2347.776655,1776276108000
1776276110.171,110.171,0.34,2.43,0.33,10.0,0.35,10.0,0.36,17.81,0.66,10.0,0.63,10.0,0.69,26.6,0.71,82.8,0.01,0.03,2347.776655,1776276108000
1776276110.383,110.383,0.34,9.0,0.32,30.0,0.38,5.0,0.43,6.0,0.65,10.0,0.63,10.0,0.69,46.89,0.7,10.0,0.04,0.04,2347.776655,1776276108000
1776276110.603,110.603,0.44,10.0,0.43,10.0,0.45,7.0,0.46,105.0,0.62,5.0,0.57,6.0,0.66,9.0,0.68,30.0,0.01,0.04,2348.139669,1776276109000
1776276110.917,110.917,0.44,10.0,0.43,10.0,0.49,66.5,0.5,155.0,0.55,6.9,0.54,105.0,0.56,10.0,0.57,10.0,0.05,0.01,2348.139669,1776276109000
1776276111.335,111.335,0.34,24.01,0.31,46.89,0.38,10.0,0.39,10.0,0.51,24.5,0.5,155.0,0.52,4.52,0.53,10.0,0.04,0.01,2348.937364,1776276110000
1776276111.542,111.542,0.31,76.89,0.29,72.8,0.32,1.9,0.33,5.0,0.67,5.0,0.66,10.0,0.68,4.9,0.69,76.89,0.01,0.01,2348.937364,1776276110000
1776276111.798,111.798,0.31,81.89,0.29,77.8,0.34,5.0,0.35,10.0,0.63,2.7,0.62,10.0,0.69,76.89,0.71,77.8,0.03,0.06,2348.937364,1776276110000
1776276112.003,112.003,0.31,4.68,0.29,72.8,0.33,13.63,0.34,5.0,0.67,8.63,0.66,12.57,0.69,81.48,0.7,10.0,0.02,0.02,2348.937364,1776276110000
1776276112.33,112.33,0.31,4.68,0.29,72.8,0.32,20.84,0.33,13.63,0.67,13.63,0.66,5.0,0.69,4.68,0.71,72.8,0.01,0.02,2348.547842,1776276111000
1776276112.561,112.561,0.27,28.32,0.26,248.7,0.28,10.0,0.29,15.0,0.71,10.0,0.7,15.0,0.73,16.07,0.74,248.7,0.01,0.02,2348.547842,1776276111000
1776276113.211,113.211,0.26,302.7,0.25,113.4,0.27,18.76,0.28,120.09,0.72,109.09,0.71,15.0,0.74,248.7,0.75,103.4,0.01,0.02,2348.547842,1776276111000
1776276113.469,113.469,0.28,31.66,0.27,10.0,0.29,6.0,0.31,10.0,0.73,18.76,0.72,120.09,0.74,302.7,0.75,113.4,0.01,0.01,2348.597023,1776276112000
1776276113.688,113.688,0.29,21.81,0.28,30.91,0.31,2.0,0.32,10.0,0.69,2.0,0.68,10.0,0.71,10.0,0.72,50.91,0.02,0.02,2348.597023,1776276112000
1776276113.948,113.948,0.32,35.0,0.31,10.0,0.34,3.0,0.35,15.0,0.68,7.89,0.67,10.0,0.7,10.0,0.71,10.57,0.02,0.02,2348.597023,1776276112000
1776276114.443,114.443,0.33,56.0,0.32,10.0,0.35,97.95,0.36,15.0,0.66,3.0,0.65,15.0,0.68,35.0,0.69,10.0,0.02,0.02,2348.597023,1776276112000
1776276114.676,114.676,0.34,49.0,0.33,10.0,0.35,88.95,0.36,15.0,0.65,88.95,0.64,15.0,0.67,61.0,0.68,10.0,0.01,0.02,2347.537204,1776276113000
1776276114.917,114.917,0.34,148.95,0.33,10.0,0.35,74.04,0.36,5.0,0.65,84.04,0.64,15.0,0.66,43.0,0.67,10.0,0.01,0.01,2347.537204,1776276113000
1776276115.146,115.146,0.35,100.0,0.34,132.87,0.37,10.0,0.39,32.78,0.64,5.0,0.63,15.0,0.66,132.87,0.67,10.0,0.02,0.02,2347.592091,1776276114000
1776276115.634,115.634,0.38,14.62,0.37,15.0,0.39,37.78,0.42,10.0,0.61,32.78,0.59,30.0,0.65,97.81,0.66,132.87,0.01,0.04,2347.592091,1776276114000
1776276116.547,116.547,0.36,5.0,0.35,107.81,0.37,10.0,0.38,15.0,0.61,35.21,0.6,76.17,0.62,15.0,0.63,10.0,0.01,0.01,2347.80793,1776276115000
1776276117.0,117.0,0.37,52.0,0.36,5.0,0.38,65.69,0.39,26.39,0.63,10.0,0.62,15.0,0.64,5.0,0.65,107.81,0.01,0.01,2347.80793,1776276115000
1776276117.417,117.417,0.37,32.0,0.36,30.0,0.38,73.79,0.39,31.39,0.62,65.69,0.61,26.39,0.63,52.0,0.64,5.0,0.01,0.01,2348.373742,1776276116000
1776276117.634,117.634,0.37,10.0,0.36,41.0,0.39,10.33,0.41,5.0,0.62,73.79,0.61,31.39,0.63,32.0,0.64,30.0,0.02,0.01,2348.373742,1776276116000
1776276117.835,117.835,0.39,3.57,0.38,109.0,0.4,68.97,0.41,5.0,0.6,68.97,0.59,5.0,0.61,10.0,0.62,114.0,0.01,0.01,2348.373742,1776276116000
1776276118.278,118.278,0.38,28.18,0.37,30.0,0.39,18.1,0.4,113.97,0.6,73.97,0.59,40.0,0.62,23.18,0.63,25.0,0.01,0.02,2348.436209,1776276117000
1776276118.6,118.6,0.37,5.0,0.36,46.0,0.38,3.3,0.39,25.5,0.61,18.1,0.6,113.97,0.62,28.18,0.63,30.0,0.01,0.01,2348.436209,1776276117000
1776276119.586,119.586,0.37,149.76,0.36,36.5,0.38,16.75,0.39,5.0,0.62,3.3,0.61,25.5,0.63,5.0,0.64,46.0,0.01,0.01,2348.324604,1776276118000
1776276120.188,120.188,0.4,18.33,0.39,30.5,0.41,82.47,0.42,40.0,0.59,20.5,0.58,10.0,0.61,10.0,0.62,15.0,0.01,0.02,2348.324604,1776276118000
1776276120.745,120.745,0.38,3.45,0.37,30.0,0.39,37.02,0.4,20.5,0.59,82.47,0.58,40.0,0.6,18.33,0.61,30.5,0.01,0.01,2348.386658,1776276119000
1776276120.952,120.952,0.38,0.27,0.37,35.0,0.39,94.93,0.4,20.5,0.61,34.02,0.6,15.5,0.63,35.0,0.64,15.0,0.01,0.02,2348.386658,1776276119000
1776276121.411,121.411,0.38,25.0,0.37,51.6,0.39,102.43,0.4,25.5,0.61,105.43,0.6,20.5,0.63,26.1,0.64,25.5,0.01,0.02,2348.386658,1776276119000
1776276122.127,122.127,0.38,167.5,0.37,56.6,0.39,14.86,0.41,10.0,0.61,96.93,0.6,15.5,0.62,10.0,0.63,46.6,0.01,0.01,2348.537162,1776276121000
1776276123.53,123.53,0.41,16.24,0.4,15.5,0.42,20.0,0.43,94.89,0.59,10.0,0.58,45.0,0.62,187.5,0.63,56.6,0.01,0.03,2348.423037,1776276122000
1776276124.146,124.146,0.43,5.0,0.42,10.0,0.44,30.0,0.45,65.0,0.58,20.0,0.57,94.89,0.59,16.24,0.6,15.5,0.01,0.01,2348.423037,1776276122000
1776276124.513,124.513,0.45,11.11,0.44,160.75,0.5,213.19,0.51,375.0,0.55,60.0,0.54,50.0,0.58,40.34,0.59,55.0,0.05,0.03,2348.572384,1776276123000
1776276124.762,124.762,0.49,15.0,0.48,10.0,0.5,58.59,0.51,405.0,0.5,163.59,0.49,405.0,0.51,10.0,0.52,10.0,0.01,0.01,2348.572384,1776276123000
1776276125.127,125.127,0.49,96.75,0.48,110.0,0.51,286.0,0.52,58.0,0.5,25.51,0.49,286.0,0.51,40.75,0.52,10.0,0.02,0.01,2348.572384,1776276123000
1776276125.33,125.33,0.5,15.0,0.49,235.33,0.52,8.0,0.53,75.0,0.49,75.79,0.48,58.0,0.5,5.0,0.51,235.33,0.02,0.01,2348.607447,1776276124000
1776276125.566,125.566,0.53,184.75,0.52,10.0,0.55,60.0,0.59,46.0,0.46,79.5,0.45,60.0,0.49,15.0,0.5,40.0,0.02,0.03,2348.607447,1776276124000
1776276125.839,125.839,0.58,10.0,0.57,15.0,0.59,73.57,0.6,100.0,0.41,73.67,0.4,100.0,0.42,90.0,0.43,15.0,0.01,0.01,2348.607447,1776276124000
1776276126.235,126.235,0.59,10.0,0.58,74.07,0.64,20.6,0.65,35.0,0.37,5.0,0.36,29.6,0.42,74.07,0.43,10.0,0.05,0.05,2348.607447,1776276124000
1776276126.528,126.528,0.67,10.0,0.66,15.0,0.7,9.9,0.71,50.0,0.29,89.0,0.28,25.0,0.34,10.0,0.35,10.0,0.03,0.05,2349.322964,1776276125000
1776276126.81,126.81,0.66,7.79,0.65,10.0,0.68,43.65,0.69,34.0,0.32,52.0,0.29,50.0,0.34,7.79,0.35,10.0,0.02,0.02,2349.322964,1776276125000
1776276127.038,127.038,0.64,2.72,0.63,10.0,0.66,9.0,0.68,5.0,0.34,27.21,0.32,41.0,0.35,10.0,0.36,10.0,0.02,0.01,2349.322964,1776276125000
1776276127.395,127.395,0.72,10.67,0.71,10.0,0.74,42.7,0.77,10.0,0.35,12.09,0.33,24.0,0.36,7.72,0.37,10.0,0.02,0.01,2350.6341,1776276126000
1776276127.599,127.599,0.72,10.0,0.71,10.0,0.78,10.0,0.79,10.0,0.19,83.4,0.18,34.4,0.23,16.43,0.24,10.0,0.06,0.04,2350.6341,1776276126000
1776276127.819,127.819,0.67,10.0,0.66,10.0,0.7,7.14,0.73,45.0,0.26,29.15,0.25,10.0,0.28,10.0,0.34,10.0,0.03,0.02,2350.6341,1776276126000
1776276128.055,128.055,0.64,19.9,0.63,17.93,0.65,31.84,0.66,22.0,0.35,8.07,0.34,15.0,0.36,9.9,0.37,10.0,0.01,0.01,2350.6341,1776276126000
1776276128.423,128.423,0.58,30.0,0.57,5.0,0.64,57.0,0.65,10.0,0.35,4.1,0.34,22.0,0.36,10.0,0.37,13.31,0.06,0.01,2350.83573,1776276127000
1776276128.941,128.941,0.58,55.33,0.57,20.0,0.59,24.52,0.64,5.0,0.36,57.0,0.35,10.0,0.42,30.0,0.43,5.0,0.01,0.06,2350.83573,1776276127000
1776276129.161,129.161,0.63,7.29,0.62,10.0,0.64,7.81,0.65,24.0,0.36,2.81,0.34,12.0,0.37,10.0,0.38,10.0,0.01,0.01,2350.87671,1776276128000
1776276129.378,129.378,0.62,7.67,0.61,45.0,0.67,67.53,0.69,34.0,0.35,5.0,0.34,7.0,0.38,7.67,0.39,45.0,0.05,0.03,2350.87671,1776276128000
1776276129.594,129.594,0.65,20.5,0.64,26.5,0.66,12.48,0.67,52.67,0.33,37.67,0.31,10.0,0.34,10.0,0.38,7.67,0.01,0.01,2350.87671,1776276128000
1776276129.863,129.863,0.59,6.0,0.58,21.0,0.6,4.5,0.61,10.0,0.34,22.48,0.33,57.67,0.39,14.21,0.4,10.0,0.01,0.05,2350.87671,1776276128000
1776276130.163,130.163,0.59,16.75,0.58,31.0,0.6,10.47,0.61,35.0,0.4,4.5,0.39,10.0,0.41,6.0,0.42,21.0,0.01,0.01,2351.091245,1776276129000
1776276130.438,130.438,0.56,90.95,0.55,100.0,0.59,17.0,0.6,15.47,0.4,10.47,0.39,35.0,0.41,16.75,0.42,31.0,0.03,0.01,2351.091245,1776276129000
1776276130.674,130.674,0.54,12.0,0.53,119.75,0.56,0.64,0.57,10.0,0.41,17.0,0.4,15.47,0.44,90.95,0.45,100.0,0.02,0.03,2351.091245,1776276129000
1776276130.992,130.992,0.53,124.75,0.52,106.0,0.54,4.81,0.55,15.0,0.44,0.64,0.43,10.0,0.46,1.9,0.47,119.75,0.01,0.02,2351.091245,1776276129000
1776276131.316,131.316,0.53,24.75,0.52,106.0,0.54,1.09,0.55,10.0,0.46,2.95,0.45,10.0,0.47,104.75,0.48,106.0,0.01,0.01,2350.805025,1776276130000
1776276131.529,131.529,0.5,62.88,0.49,170.0,0.51,10.0,0.52,10.0,0.46,6.09,0.45,10.0,0.5,66.6,0.51,145.0,0.01,0.04,2350.805025,1776276130000
1776276131.742,131.742,0.5,36.88,0.49,145.0,0.51,10.0,0.52,10.0,0.49,10.0,0.48,10.0,0.5,52.88,0.51,170.0,0.01,0.01,2350.805025,1776276130000
1776276132.093,132.093,0.49,10.0,0.48,25.0,0.5,3.64,0.51,10.0,0.48,4.11,0.47,10.0,0.51,10.33,0.52,125.0,0.01,0.03,2350.548018,1776276131000
1776276132.338,132.338,0.45,5.9,0.44,125.0,0.5,10.0,0.51,10.0,0.48,0.11,0.47,10.0,0.51,10.0,0.52,25.0,0.05,0.03,2350.548018,1776276131000
1776276132.579,132.579,0.46,102.0,0.45,15.9,0.47,3.61,0.48,10.0,0.51,5.0,0.5,15.0,0.54,50.0,0.55,5.9,0.01,0.03,2350.548018,1776276131000
1776276132.885,132.885,0.44,154.28,0.43,47.7,0.46,3.91,0.47,8.61,0.53,3.61,0.52,10.0,0.56,109.68,0.57,49.7,0.02,0.03,2350.548018,1776276131000
1776276133.102,133.102,0.45,10.0,0.44,137.02,0.46,0.09,0.47,8.61,0.55,10.0,0.54,2.27,0.56,115.02,0.57,57.7,0.01,0.01,2350.013328,1776276132000
1776276133.514,133.514,0.48,102.78,0.47,20.0,0.56,50.0,0.57,10.71,0.54,0.09,0.53,8.61,0.55,10.0,0.56,137.02,0.08,0.01,2350.013328,1776276132000
1776276133.734,133.734,0.56,56.0,0.55,39.86,0.57,10.71,0.59,10.0,0.44,44.0,0.43,10.71,0.45,14.86,0.46,23.0,0.01,0.01,2350.013328,1776276132000
1776276134.13,134.13,0.56,100.13,0.55,39.86,0.57,9.71,0.59,10.0,0.43,10.71,0.41,10.0,0.44,80.13,0.45,34.86,0.01,0.01,2349.688475,1776276133000
1776276134.629,134.629,0.52,20.4,0.51,17.8,0.56,15.0,0.57,49.71,0.43,14.71,0.42,22.0,0.5,10.0,0.51,10.0,0.04,0.07,2349.688475,1776276133000
1776276134.841,134.841,0.54,20.0,0.53,20.5,0.56,5.0,0.57,14.71,0.45,7.14,0.44,15.0,0.46,15.0,0.47,10.0,0.02,0.01,2349.688475,1776276133000
1776276135.076,135.076,0.55,71.43,0.54,15.0,0.57,9.71,0.58,25.0,0.44,5.0,0.43,14.71,0.46,20.0,0.47,20.5,0.02,0.02,2349.603434,1776276134000
1776276135.484,135.484,0.53,26.5,0.52,126.5,0.57,0.27,0.58,25.0,0.43,5.27,0.42,25.0,0.45,77.43,0.46,26.0,0.04,0.02,2349.603434,1776276134000
1776276135.822,135.822,0.56,149.28,0.55,85.68,0.6,25.0,0.61,50.0,0.43,0.27,0.42,25.0,0.47,26.5,0.48,126.5,0.04,0.04,2349.603434,1776276134000
1776276136.291,136.291,0.61,42.0,0.6,35.0,0.64,44.28,0.65,44.28,0.4,25.0,0.39,50.0,0.44,149.28,0.45,85.68,0.03,0.04,2349.945095,1776276135000
1776276136.592,136.592,0.63,10.0,0.62,10.0,0.64,10.94,0.65,19.28,0.36,13.71,0.35,19.28,0.37,10.0,0.38,10.0,0.01,0.01,2349.945095,1776276135000
1776276136.99,136.99,0.63,21.0,0.62,10.0,0.65,19.28,0.66,23.0,0.36,34.43,0.35,19.28,0.39,10.0,0.4,16.0,0.02,0.03,2350.034266,1776276136000
1776276137.201,137.201,0.64,60.55,0.63,27.0,0.66,15.0,0.68,15.0,0.35,10.17,0.34,15.0,0.36,60.55,0.37,27.0,0.02,0.01,2350.034266,1776276136000
1776276137.453,137.453,0.65,90.91,0.64,80.55,0.71,90.0,0.72,100.0,0.32,5.03,0.29,90.0,0.35,10.0,0.36,60.55,0.06,0.03,2350.034266,1776276136000
1776276137.724,137.724,0.69,4.7,0.68,10.0,0.7,5.0,0.71,102.72,0.29,47.72,0.28,75.0,0.35,80.85,0.36,15.55,0.01,0.06,2350.034266,1776276136000
1776276138.129,138.129,0.69,1.47,0.68,10.0,0.7,11.0,0.71,97.72,0.29,107.72,0.28,75.0,0.31,4.7,0.32,10.0,0.01,0.02,2350.034266,1776276136000
1776276138.419,138.419,0.68,10.0,0.67,10.0,0.69,7.0,0.7,50.0,0.3,11.0,0.29,97.72,0.32,9.39,0.33,10.0,0.01,0.02,2350.034266,1776276136000
1776276138.704,138.704,0.69,60.0,0.68,152.0,0.71,47.72,0.72,75.0,0.3,2.42,0.29,47.72,0.31,60.0,0.32,32.0,0.02,0.01,2350.610012,1776276137000
1776276138.928,138.928,0.7,10.0,0.69,83.41,0.71,27.64,0.72,75.0,0.29,34.68,0.28,75.0,0.31,70.0,0.32,130.0,0.01,0.02,2350.941416,1776276138000
1776276139.515,139.515,0.7,130.93,0.69,77.41,0.74,78.7,0.75,69.0,0.29,2.64,0.28,75.0,0.3,120.93,0.31,77.41,0.04,0.01,2350.941416,1776276138000
1776276139.811,139.811,0.73,14.75,0.72,10.0,0.74,118.7,0.75,75.0,0.26,78.7,0.25,69.0,0.3,130.93,0.31,77.41,0.01,0.04,2350.941416,1776276138000
1776276140.026,140.026,0.73,3.88,0.72,10.0,0.74,159.7,0.75,75.0,0.26,164.7,0.25,75.0,0.28,10.0,0.29,10.0,0.01,0.02,2351.39693,1776276139000
1776276140.36,140.36,0.73,4.62,0.72,10.0,0.74,105.7,0.75,105.0,0.26,170.7,0.25,75.0,0.3,11.94,0.31,28.41,0.01,0.04,2351.39693,1776276139000
1776276140.659,140.659,0.71,27.0,0.7,24.35,0.73,8.02,0.74,85.0,0.28,9.0,0.26,97.0,0.29,49.0,0.3,24.35,0.02,0.01,2351.39693,1776276139000
1776276140.865,140.865,0.71,9.75,0.7,30.35,0.72,4.44,0.73,8.02,0.28,5.0,0.27,8.02,0.29,9.75,0.3,24.35,0.01,0.01,2351.39693,1776276139000
1776276141.15,141.15,0.7,21.1,0.69,33.0,0.73,5.0,0.74,15.0,0.27,13.02,0.26,10.0,0.29,26.75,0.3,30.35,0.03,0.02,2351.675713,1776276140000
1776276141.394,141.394,0.73,27.0,0.72,7.41,0.75,94.0,0.76,21.76,0.26,10.0,0.25,105.0,0.3,21.1,0.31,33.0,0.02,0.04,2351.675713,1776276140000
1776276141.691,141.691,0.74,35.0,0.73,12.0,0.76,10.0,0.77,49.76,0.25,36.0,0.24,21.76,0.26,6.0,0.27,13.0,0.02,0.01,2351.675713,1776276140000
1776276141.996,141.996,0.74,40.0,0.73,125.52,0.76,14.98,0.77,10.0,0.22,10.0,0.21,10.0,0.26,40.0,0.27,12.0,0.02,0.04,2351.675713,1776276140000
1776276142.435,142.435,0.75,327.04,0.74,16.0,0.76,15.52,0.77,4.26,0.24,5.0,0.23,4.26,0.25,315.04,0.26,16.0,0.01,0.01,2351.531307,1776276141000
1776276142.723,142.723,0.77,297.68,0.76,10.0,0.78,52.59,0.79,10.0,0.22,52.59,0.21,10.0,0.23,6.16,0.25,323.04,0.01,0.01,2351.531307,1776276141000
1776276142.94,142.94,0.78,144.85,0.77,150.21,0.79,0.76,0.8,82.5,0.21,0.86,0.2,82.5,0.22,124.85,0.23,169.85,0.01,0.01,2351.531307,1776276141000
1776276143.307,143.307,0.85,231.31,0.8,27.5,0.86,84.0,0.87,55.0,0.15,10.54,0.14,109.0,0.21,127.0,0.22,105.0,0.01,0.06,2351.584384,1776276142000
1776276143.569,143.569,0.83,32.0,0.82,10.0,0.84,10.0,0.85,10.0,0.14,8.83,0.13,34.0,0.15,5.0,0.18,10.0,0.01,0.01,2351.584384,1776276142000
1776276143.78,143.78,0.84,142.0,0.83,25.0,0.86,7.08,0.87,10.0,0.15,22.52,0.14,10.0,0.16,10.0,0.17,53.82,0.02,0.01,2351.584384,1776276142000
1776276143.982,143.982,0.85,8.0,0.84,44.0,0.88,12.22,0.89,10.0,0.13,4.29,0.12,14.09,0.15,3.0,0.16,44.0,0.03,0.02,2351.584384,1776276142000
1776276144.403,144.403,0.86,110.0,0.85,3.0,0.87,13.46,0.9,20.0,0.13,31.26,0.09,46.22,0.15,8.0,0.16,49.0,0.01,0.02,2352.102479,1776276143000
1776276144.807,144.807,0.87,10.0,0.86,10.0,0.89,82.0,0.9,50.1,0.13,13.46,0.1,20.0,0.14,110.0,0.15,3.0,0.02,0.01,2352.102479,1776276143000
1776276145.048,145.048,0.87,9.61,0.86,10.0,0.89,82.0,0.9,193.16,0.11,82.0,0.1,50.1,0.13,10.0,0.14,10.0,0.02,0.02,2352.910218,1776276144000
1776276145.305,145.305,0.86,10.0,0.85,10.0,0.88,1.88,0.89,10.0,0.12,4.88,0.11,62.0,0.14,6.06,0.15,15.0,0.02,0.02,2352.910218,1776276144000
1776276145.762,145.762,0.87,5.0,0.86,10.0,0.89,9.36,0.9,175.06,0.12,18.0,0.11,9.36,0.13,5.0,0.14,20.0,0.02,0.01,2352.910218,1776276144000
1776276146.166,146.166,0.87,14.54,0.86,10.0,0.89,169.36,0.9,253.06,0.11,9.36,0.1,175.06,0.12,9.54,0.13,10.0,0.02,0.01,2353.827036,1776276145000
1776276146.367,146.367,0.83,18.17,0.82,28.26,0.86,25.46,0.89,164.36,0.14,25.46,0.11,164.36,0.16,7.12,0.17,35.0,0.03,0.02,2353.827036,1776276145000
1776276146.633,146.633,0.82,8.52,0.81,10.0,0.85,3.82,0.86,32.0,0.15,3.82,0.14,37.25,0.17,1.99,0.18,22.2,0.03,0.02,2353.827036,1776276145000
1776276146.851,146.851,0.83,16.02,0.82,10.0,0.84,74.4,0.85,113.82,0.15,8.82,0.14,10.0,0.2,31.08,0.21,10.0,0.01,0.05,2353.827036,1776276145000
1776276147.167,147.167,0.83,75.24,0.82,10.0,0.84,37.4,0.85,113.82,0.16,74.4,0.15,113.82,0.17,16.02,0.18,10.0,0.01,0.01,2353.685,1776276146000
1776276147.716,147.716,0.83,76.26,0.82,10.0,0.88,10.36,0.89,109.36,0.15,9.92,0.14,10.0,0.17,75.24,0.18,10.0,0.05,0.02,2353.685,1776276146000
1776276147.967,147.967,0.8,5.69,0.79,10.0,0.86,23.0,0.87,10.0,0.14,10.0,0.13,20.0,0.16,12.9,0.17,76.26,0.06,0.02,2353.545599,1776276147000
1776276148.28,148.28,0.84,7.0,0.83,5.0,0.85,4.94,0.86,10.0,0.15,10.0,0.14,10.0,0.19,60.0,0.2,27.69,0.01,0.04,2353.545599,1776276147000
1776276148.555,148.555,0.83,27.0,0.82,110.0,0.84,8.8,0.85,10.0,0.13,10.0,0.12,10.36,0.16,7.0,0.19,60.0,0.01,0.03,2353.545599,1776276147000
1776276148.766,148.766,0.83,106.0,0.82,110.0,0.84,12.33,0.85,149.04,0.16,3.08,0.15,10.0,0.17,47.0,0.18,110.0,0.01,0.01,2353.545599,1776276147000
1776276148.978,148.978,0.83,135.0,0.82,10.0,0.85,140.51,0.86,70.76,0.15,140.51,0.14,70.76,0.16,55.18,0.17,84.0,0.02,0.01,2353.234655,1776276148000
1776276149.334,149.334,0.84,110.0,0.83,15.0,0.86,45.76,0.87,10.0,0.15,137.18,0.14,45.76,0.16,5.0,0.17,35.0,0.02,0.01,2353.234655,1776276148000
1776276149.709,149.709,0.84,25.0,0.83,35.5,0.86,20.0,0.87,28.0,0.15,25.0,0.14,45.76,0.16,25.0,0.17,30.0,0.02,0.01,2353.234655,1776276148000
1776276150.492,150.492,0.84,15.0,0.83,25.0,0.85,55.28,0.86,10.0,0.15,6.73,0.14,15.0,0.17,35.5,0.18,20.5,0.01,0.02,2353.186335,1776276149000
1776276150.728,150.728,0.83,16.0,0.82,10.0,0.84,19.0,0.85,68.55,0.15,40.22,0.14,10.0,0.17,15.0,0.18,10.0,0.01,0.02,2353.186335,1776276149000
1776276151.012,151.012,0.82,10.0,0.81,60.0,0.85,41.06,0.86,20.5,0.16,12.2,0.15,65.79,0.17,4.05,0.18,10.0,0.03,0.01,2353.186335,1776276149000
1776276151.215,151.215,0.84,141.0,0.83,15.0,0.85,38.37,0.86,10.0,0.15,31.37,0.14,20.5,0.18,10.0,0.19,60.0,0.01,0.03,2353.186335,1776276149000
1776276151.519,151.519,0.86,40.0,0.85,232.13,0.87,21.0,0.88,10.36,0.14,10.0,0.13,21.0,0.15,54.63,0.16,178.5,0.01,0.01,2353.27246,1776276150000
1776276151.742,151.742,0.87,308.25,0.86,61.5,0.89,94.04,0.9,150.0,0.11,125.04,0.1,150.0,0.14,91.5,0.15,213.89,0.02,0.03,2353.27246,1776276150000
1776276151.983,151.983,0.88,13.15,0.86,160.5,0.89,11.7,0.9,150.0,0.11,7.75,0.1,150.0,0.12,8.15,0.13,135.0,0.01,0.01,2353.27246,1776276150000
1776276152.196,152.196,0.87,10.33,0.86,60.5,0.89,6.94,0.9,150.0,0.11,1.94,0.1,150.0,0.12,23.65,0.13,10.5,0.02,0.01,2353.229538,1776276151000
1776276152.461,152.461,0.87,25.33,0.86,60.5,0.89,4.94,0.9,56.94,0.1,56.94,0.09,110.0,0.13,20.33,0.14,60.5,0.02,0.03,2353.229538,1776276151000
1776276152.681,152.681,0.87,10.0,0.86,75.5,0.91,71.88,0.92,135.0,0.11,4.94,0.1,56.94,0.13,25.33,0.14,60.5,0.04,0.02,2353.229538,1776276151000
1776276152.936,152.936,0.87,20.0,0.86,70.5,0.88,5.91,0.89,10.0,0.09,71.88,0.08,135.0,0.13,10.0,0.14,75.5,0.01,0.04,2353.229538,1776276151000
1776276153.395,153.395,0.9,21.55,0.89,10.0,0.92,61.88,0.93,201.3,0.09,31.88,0.08,135.0,0.11,219.09,0.12,10.0,0.02,0.02,2353.265383,1776276152000
1776276153.666,153.666,0.91,70.66,0.88,110.0,0.92,68.0,0.93,65.3,0.08,61.88,0.07,201.3,0.09,89.0,0.1,16.0,0.01,0.01,2353.265383,1776276152000
1776276153.963,153.963,0.92,87.84,0.91,70.66,0.93,140.3,0.94,73.8,0.07,65.3,0.06,73.8,0.08,140.34,0.09,70.66,0.01,0.01,2353.265383,1776276152000
1776276154.192,154.192,0.92,77.84,0.91,70.66,0.93,152.12,0.94,73.8,0.07,140.3,0.06,73.8,0.08,77.84,0.09,70.66,0.01,0.01,2354.469626,1776276153000
1776276154.399,154.399,0.92,44.84,0.91,70.66,0.93,151.04,0.94,73.8,0.07,151.04,0.06,73.8,0.08,57.84,0.09,70.66,0.01,0.01,2354.469626,1776276153000
1776276154.601,154.601,0.88,100.0,0.87,10.0,0.9,34.1,0.91,155.0,0.08,25.0,0.07,171.04,0.1,15.9,0.12,100.0,0.02,0.02,2354.469626,1776276153000
1776276154.815,154.815,0.87,10.0,0.86,10.0,0.89,20.0,0.9,10.0,0.11,10.0,0.1,105.0,0.12,59.91,0.13,10.0,0.02,0.01,2354.469626,1776276153000
1776276155.312,155.312,0.85,0.96,0.84,125.0,0.87,10.0,0.88,90.0,0.11,18.87,0.1,10.0,0.14,10.0,0.15,32.63,0.02,0.03,2354.408576,1776276154000
1776276155.724,155.724,0.82,10.0,0.81,10.0,0.84,168.88,0.85,31.0,0.15,10.0,0.14,10.0,0.18,10.0,0.19,10.0,0.02,0.03,2354.408576,1776276154000
1776276155.938,155.938,0.8,19.44,0.79,10.0,0.82,10.0,0.83,10.0,0.16,163.88,0.15,31.0,0.2,19.44,0.21,10.0,0.02,0.04,2354.408576,1776276154000
1776276156.229,156.229,0.78,6.41,0.77,10.0,0.8,10.0,0.81,10.0,0.19,55.0,0.18,3.34,0.21,10.0,0.22,16.41,0.02,0.02,2354.408576,1776276154000
1776276156.431,156.431,0.77,3.13,0.76,17.0,0.79,12.52,0.8,9.0,0.21,7.52,0.2,9.0,0.22,16.41,0.23,10.0,0.02,0.01,2353.641181,1776276155000
1776276156.709,156.709,0.78,3.54,0.77,10.0,0.8,20.0,0.81,10.0,0.17,3.53,0.16,10.0,0.22,10.0,0.23,10.0,0.02,0.05,2353.641181,1776276155000
1776276157.117,157.117,0.78,6.86,0.77,10.0,0.81,10.0,0.82,10.0,0.2,20.0,0.19,10.0,0.24,17.0,0.25,6.72,0.03,0.04,2353.641181,1776276155000
1776276157.412,157.412,0.8,5.0,0.79,20.0,0.82,10.0,0.83,3.53,0.19,10.0,0.18,10.0,0.22,6.86,0.23,10.0,0.02,0.03,2352.898806,1776276156000
1776276157.956,157.956,0.79,10.0,0.78,10.0,0.8,1.0,0.81,13.75,0.19,3.25,0.18,10.0,0.21,12.0,0.22,18.86,0.01,0.02,2352.898806,1776276156000
1776276158.329,158.329,0.78,25.0,0.77,13.0,0.8,12.68,0.81,13.75,0.2,8.68,0.19,13.75,0.21,10.0,0.22,18.0,0.02,0.01,2352.898806,1776276156000
1776276158.859,158.859,0.78,5.0,0.76,60.0,0.79,82.05,0.8,13.68,0.2,12.68,0.19,13.75,0.22,25.0,0.23,13.0,0.01,0.02,2352.3323,1776276157000
1776276159.586,159.586,0.77,15.0,0.76,75.0,0.78,27.43,0.79,20.5,0.21,30.55,0.2,13.68,0.23,10.0,0.24,60.0,0.01,0.02,2352.25755,1776276158000
1776276159.928,159.928,0.76,85.0,0.75,10.0,0.77,53.25,0.78,20.5,0.23,103.7,0.22,31.5,0.24,80.0,0.25,10.0,0.01,0.01,2352.25755,1776276158000
1776276160.457,160.457,0.74,220.0,0.73,45.0,0.77,78.25,0.78,20.5,0.23,53.25,0.22,20.5,0.24,85.0,0.25,10.0,0.03,0.01,2352.35274,1776276159000
1776276160.784,160.784,0.76,45.33,0.75,18.0,0.8,10.0,0.81,20.5,0.23,20.0,0.2,8.0,0.24,5.33,0.25,10.0,0.04,0.01,2352.35274,1776276159000
1776276161.018,161.018,0.77,2.6,0.76,84.8,0.8,43.65,0.81,30.5,0.2,13.65,0.19,35.5,0.21,34.32,0.22,10.0,0.03,0.01,2352.35274,1776276159000
1776276161.422,161.422,0.77,4.43,0.76,49.45,0.79,30.0,0.8,15.05,0.21,10.0,0.2,15.0,0.24,66.45,0.25,15.0,0.02,0.03,2351.954759,1776276160000
1776276162.156,162.156,0.78,46.0,0.77,10.0,0.8,20.55,0.81,10.0,0.21,6.2,0.2,15.05,0.23,19.43,0.24,44.45,0.02,0.02,2351.954759,1776276160000
1776276162.474,162.474,0.8,2.48,0.79,110.0,0.83,1.25,0.84,31.0,0.17,1.25,0.16,31.0,0.21,25.0,0.22,25.0,0.03,0.04,2351.762,1776276161000
1776276162.707,162.707,0.82,110.0,0.81,60.0,0.86,66.0,0.87,20.0,0.16,20.16,0.15,10.0,0.19,10.0,0.2,2.48,0.04,0.03,2351.762,1776276161000
1776276163.198,163.198,0.85,27.0,0.84,18.0,0.86,5.88,0.87,20.0,0.14,55.88,0.13,20.0,0.17,10.0,0.18,110.0,0.01,0.03,2351.762,1776276161000
1776276163.472,163.472,0.85,27.0,0.84,18.0,0.88,306.76,0.89,175.0,0.14,5.88,0.13,20.0,0.15,27.0,0.16,18.0,0.03,0.01,2351.762,1776276161000
1776276164.14,164.14,0.87,25.0,0.86,8.0,0.88,0.28,0.89,154.26,0.11,154.26,0.1,123.0,0.13,26.0,0.14,8.0,0.01,0.02,2352.244418,1776276162000
1776276164.448,164.448,0.87,8.0,0.86,10.0,0.89,145.94,0.9,123.0,0.11,154.26,0.1,123.0,0.13,25.0,0.14,8.0,0.02,0.02,2352.244418,1776276162000
1776276164.908,164.908,0.86,10.0,0.85,10.0,0.89,137.82,0.9,123.0,0.11,145.94,0.1,123.0,0.14,10.0,0.15,10.0,0.03,0.03,2353.095754,1776276163000
1776276165.348,165.348,0.88,23.0,0.86,10.0,0.89,6.89,0.9,35.0,0.11,137.82,0.1,123.0,0.14,10.0,0.15,10.0,0.01,0.03,2353.095754,1776276163000
1776276166.074,166.074,0.85,27.0,0.84,20.5,0.89,59.28,0.9,205.82,0.11,23.78,0.1,35.0,0.12,23.0,0.13,5.0,0.04,0.01,2353.434103,1776276164000
1776276166.574,166.574,0.85,37.0,0.84,10.0,0.86,99.82,0.87,10.0,0.11,59.28,0.1,205.82,0.15,27.0,0.16,20.5,0.01,0.04,2353.449452,1776276165000
1776276167.199,167.199,0.85,5.0,0.84,23.0,0.86,94.82,0.87,21.0,0.14,99.82,0.13,10.0,0.15,37.0,0.16,10.0,0.01,0.01,2353.449452,1776276165000
1776276167.443,167.443,0.84,10.0,0.83,18.0,0.85,86.94,0.86,10.0,0.14,94.82,0.13,21.0,0.16,21.43,0.17,10.0,0.01,0.02,2353.491645,1776276166000
1776276168.402,168.402,0.84,20.0,0.83,10.0,0.87,31.0,0.88,22.0,0.15,86.94,0.14,10.0,0.16,10.0,0.17,18.0,0.03,0.01,2353.425254,1776276167000
1776276168.768,168.768,0.85,15.0,0.84,29.75,0.87,48.05,0.88,22.0,0.14,10.0,0.13,31.0,0.16,27.75,0.17,10.0,0.02,0.02,2353.425254,1776276167000
1776276169.346,169.346,0.86,10.0,0.85,15.0,0.87,2.0,0.88,10.0,0.13,48.05,0.12,22.0,0.15,15.0,0.16,29.75,0.01,0.02,2352.961865,1776276168000
1776276170.001,170.001,0.87,11.0,0.86,5.0,0.88,8.9,0.89,3.78,0.12,10.0,0.11,3.78,0.14,10.0,0.15,15.0,0.01,0.02,2352.961865,1776276168000
1776276170.824,170.824,0.88,26.0,0.87,11.0,0.89,1.78,0.9,35.0,0.12,8.9,0.11,3.78,0.13,11.0,0.14,5.0,0.01,0.01,2352.965754,1776276169000
1776276172.22,172.22,0.88,5.0,0.86,18.0,0.89,37.27,0.9,40.58,0.11,10.0,0.1,25.58,0.12,12.66,0.13,11.0,0.01,0.01,2353.429457,1776276171000
1776276172.447,172.447,0.88,2.76,0.86,10.0,0.89,37.27,0.9,40.58,0.11,37.27,0.1,40.58,0.12,5.0,0.14,18.0,0.01,0.01,2353.429457,1776276171000
1776276172.872,172.872,0.86,5.0,0.85,15.0,0.87,28.72,0.88,22.0,0.11,47.27,0.1,40.58,0.12,0.7,0.14,10.0,0.01,0.01,2353.429457,1776276171000
1776276173.448,173.448,0.86,5.0,0.84,9.75,0.87,53.95,0.88,32.5,0.13,28.72,0.12,22.0,0.14,5.0,0.15,15.0,0.01,0.01,2353.429457,1776276171000
1776276174.163,174.163,0.86,15.0,0.85,10.0,0.87,49.12,0.88,32.5,0.13,53.95,0.12,32.5,0.14,5.0,0.16,9.75,0.01,0.01,2353.193518,1776276173000
1776276175.251,175.251,0.83,60.0,0.82,128.0,0.87,50.12,0.88,73.6,0.13,49.12,0.12,32.5,0.14,15.0,0.15,10.0,0.04,0.01,2353.051611,1776276174000
1776276176.288,176.288,0.84,5.0,0.83,65.0,0.85,66.0,0.86,20.5,0.13,50.12,0.12,73.6,0.17,60.0,0.18,128.0,0.01,0.04,2353.051611,1776276174000
1776276177.056,177.056,0.83,69.0,0.82,143.5,0.84,36.0,0.85,27.0,0.15,71.0,0.14,20.5,0.17,69.0,0.18,143.5,0.01,0.02,2352.837986,1776276175000
1776276177.6,177.6,0.83,80.0,0.82,144.0,0.84,19.15,0.85,37.5,0.16,36.0,0.15,27.0,0.17,69.0,0.18,143.5,0.01,0.01,2352.638988,1776276176000
1776276178.308,178.308,0.83,52.64,0.82,139.0,0.84,17.95,0.85,37.5,0.16,12.95,0.15,37.5,0.17,80.0,0.18,144.0,0.01,0.01,2352.582482,1776276177000
1776276180.534,180.534,0.84,20.0,0.83,67.64,0.85,6.0,0.86,20.0,0.16,17.95,0.15,37.5,0.17,52.64,0.18,139.0,0.01,0.01,2352.587657,1776276178000
1776276180.782,180.782,0.82,121.0,0.8,198.0,0.84,39.0,0.85,23.0,0.15,6.0,0.14,20.0,0.16,20.0,0.17,67.64,0.02,0.01,2352.587657,1776276178000
1776276181.018,181.018,0.82,110.0,0.8,180.0,0.83,49.51,0.84,26.0,0.17,60.96,0.16,19.0,0.18,110.0,0.2,180.0,0.01,0.01,2352.541849,1776276179000
1776276181.413,181.413,0.8,195.0,0.78,20.0,0.81,66.82,0.82,18.0,0.17,37.22,0.16,26.0,0.18,110.0,0.2,180.0,0.01,0.01,2352.541849,1776276179000
1776276182.17,182.17,0.8,180.0,0.78,10.0,0.81,71.08,0.82,25.51,0.19,66.82,0.18,18.0,0.2,195.0,0.22,20.0,0.01,0.01,2352.614139,1776276181000
1776276182.491,182.491,0.8,40.0,0.79,35.0,0.81,8.17,0.82,24.51,0.19,71.08,0.18,25.51,0.2,180.0,0.22,10.0,0.01,0.01,2352.614139,1776276181000
1776276183.188,183.188,0.8,5.0,0.79,25.0,0.81,40.5,0.82,17.51,0.18,17.51,0.17,29.5,0.2,25.0,0.21,25.0,0.01,0.02,2352.12388,1776276182000
1776276184.416,184.416,0.78,10.0,0.77,35.0,0.79,2.02,0.8,10.0,0.19,40.5,0.18,17.51,0.2,5.0,0.21,25.0,0.01,0.01,2351.870987,1776276183000
1776276185.429,185.429,0.78,10.0,0.77,35.0,0.8,15.02,0.81,17.0,0.21,2.02,0.2,10.0,0.22,10.0,0.23,35.0,0.02,0.01,2351.718012,1776276184000
1776276187.067,187.067,0.77,20.3,0.76,166.82,0.8,45.52,0.81,20.5,0.2,15.02,0.19,17.0,0.22,10.0,0.23,35.0,0.03,0.02,2351.591626,1776276185000
1776276187.369,187.369,0.77,30.3,0.76,181.82,0.78,22.0,0.79,10.0,0.2,45.52,0.19,20.5,0.23,20.3,0.24,166.82,0.01,0.03,2351.50301,1776276186000
1776276187.727,187.727,0.77,111.88,0.76,186.82,0.78,19.1,0.79,20.5,0.22,22.0,0.21,10.0,0.23,30.3,0.24,181.82,0.01,0.01,2351.50301,1776276186000
1776276188.077,188.077,0.77,116.88,0.76,186.82,0.78,21.77,0.79,20.5,0.22,19.1,0.21,20.5,0.23,111.88,0.24,186.82,0.01,0.01,2351.561602,1776276187000
1776276188.387,188.387,0.77,121.88,0.76,186.82,0.78,9.69,0.79,10.0,0.22,21.77,0.21,20.5,0.23,116.88,0.24,186.82,0.01,0.01,2351.561602,1776276187000
1776276188.985,188.985,0.77,106.88,0.76,175.82,0.78,24.62,0.79,20.5,0.22,9.69,0.21,10.0,0.23,121.88,0.24,186.82,0.01,0.01,2351.561602,1776276187000
1776276189.351,189.351,0.78,57.4,0.77,66.8,0.8,5.02,0.81,10.0,0.22,24.62,0.21,20.5,0.23,106.88,0.24,175.82,0.02,0.01,2351.65678,1776276188000
1776276190.996,190.996,0.78,149.69,0.77,35.3,0.79,21.5,0.8,35.52,0.2,5.02,0.19,10.0,0.22,57.4,0.23,66.8,0.01,0.02,2351.570454,1776276189000
1776276191.415,191.415,0.78,144.69,0.77,35.3,0.79,24.11,0.8,35.52,0.21,21.5,0.2,35.52,0.22,149.69,0.23,35.3,0.01,0.01,2351.56185,1776276190000
1776276192.451,192.451,0.78,124.69,0.77,30.3,0.79,31.57,0.8,35.52,0.21,29.11,0.2,35.52,0.22,144.69,0.23,35.3,0.01,0.01,2351.608272,1776276191000
1776276193.227,193.227,0.78,16.39,0.77,30.3,0.79,49.0,0.8,35.52,0.21,31.57,0.2,35.52,0.22,124.69,0.23,30.3,0.01,0.01,2351.527649,1776276192000
1776276193.573,193.573,0.77,30.3,0.76,195.82,0.79,44.0,0.8,35.52,0.21,44.0,0.2,35.52,0.22,16.39,0.23,30.3,0.02,0.01,2351.527649,1776276192000
1776276194.966,194.966,0.77,103.3,0.76,210.82,0.78,15.24,0.79,10.0,0.21,42.73,0.2,35.52,0.23,30.3,0.24,195.82,0.01,0.02,2351.385472,1776276193000
1776276196.226,196.226,0.77,10.0,0.76,238.84,0.78,47.34,0.79,10.0,0.22,15.24,0.21,10.0,0.23,103.3,0.24,210.82,0.01,0.01,2351.270069,1776276195000
1776276196.841,196.841,0.76,140.82,0.75,68.17,0.77,48.09,0.78,37.52,0.22,34.67,0.21,10.0,0.23,62.54,0.24,200.82,0.01,0.01,2351.270069,1776276195000
1776276197.545,197.545,0.76,145.82,0.75,88.85,0.77,20.13,0.78,32.52,0.23,48.09,0.22,37.52,0.24,140.82,0.25,68.17,0.01,0.01,2351.315107,1776276196000
1776276197.862,197.862,0.76,100.82,0.75,81.85,0.77,20.39,0.78,57.52,0.23,20.13,0.22,32.52,0.24,145.82,0.25,88.85,0.01,0.01,2351.315107,1776276196000
1776276198.972,198.972,0.76,12.61,0.75,39.2,0.77,10.0,0.78,70.0,0.23,20.39,0.22,57.52,0.24,100.82,0.25,81.85,0.01,0.01,2351.215131,1776276197000
1776276199.198,199.198,0.76,27.61,0.75,39.2,0.77,6.14,0.78,165.99,0.23,10.0,0.22,70.0,0.24,12.61,0.25,39.2,0.01,0.01,2351.1259,1776276198000
1776276200.605,200.605,0.76,62.1,0.75,39.2,0.78,25.0,0.79,20.0,0.23,6.14,0.22,165.99,0.24,27.61,0.25,39.2,0.02,0.01,2351.089824,1776276199000
1776276201.089,201.089,0.77,68.28,0.76,12.56,0.79,10.0,0.8,100.02,0.22,25.0,0.21,20.0,0.24,62.1,0.25,39.2,0.02,0.02,2351.145242,1776276200000
1776276201.699,201.699,0.77,57.28,0.76,2.56,0.78,5.0,0.79,10.0,0.21,10.0,0.2,100.02,0.23,68.28,0.24,12.56,0.01,0.02,2351.145242,1776276200000
1776276201.99,201.99,0.77,52.28,0.76,2.56,0.78,10.0,0.79,10.0,0.21,10.0,0.2,100.02,0.23,57.28,0.24,2.56,0.01,0.02,2351.145242,1776276200000
1776276202.384,202.384,0.76,85.98,0.75,39.2,0.78,8.24,0.79,10.0,0.22,10.0,0.21,10.0,0.23,21.28,0.24,2.56,0.02,0.01,2351.200146,1776276201000
1776276202.992,202.992,0.77,24.2,0.76,85.98,0.78,8.24,0.79,10.0,0.22,8.24,0.21,10.0,0.24,85.98,0.25,39.2,0.01,0.02,2351.200146,1776276201000
1776276203.734,203.734,0.79,18.0,0.78,30.0,0.8,52.59,0.81,50.0,0.22,8.24,0.21,10.0,0.23,17.2,0.24,85.98,0.01,0.01,2351.281047,1776276202000
1776276205.556,205.556,0.79,183.27,0.78,39.5,0.81,375.16,0.82,49.4,0.2,52.59,0.19,50.0,0.21,18.0,0.22,30.0,0.02,0.01,2351.21084,1776276204000
1776276205.889,205.889,0.8,20.5,0.79,168.77,0.81,395.47,0.82,74.4,0.19,375.16,0.18,49.4,0.21,183.27,0.22,39.5,0.01,0.02,2351.21084,1776276204000
1776276206.466,206.466,0.8,95.02,0.79,70.5,0.81,411.23,0.82,74.4,0.19,395.47,0.18,74.4,0.2,20.5,0.21,168.77,0.01,0.01,2351.332079,1776276205000
1776276207.04,207.04,0.8,105.02,0.79,70.5,0.82,361.16,0.83,224.0,0.19,411.23,0.18,74.4,0.2,95.02,0.21,70.5,0.02,0.01,2351.326824,1776276206000
1776276208.227,208.227,0.81,77.8,0.8,18.5,0.82,5.07,0.83,130.0,0.18,361.16,0.17,224.0,0.2,105.02,0.21,70.5,0.01,0.02,2351.455599,1776276207000
1776276209.178,209.178,0.82,330.91,0.81,75.0,0.84,10.0,0.85,115.0,0.18,5.07,0.17,130.0,0.19,77.8,0.2,18.5,0.02,0.01,2351.50869,1776276208000
1776276209.54,209.54,0.84,10.0,0.82,361.91,0.86,204.9,0.87,50.0,0.16,10.0,0.15,115.0,0.18,330.91,0.19,75.0,0.02,0.02,2351.50869,1776276208000
1776276209.955,209.955,0.86,72.0,0.85,10.0,0.87,53.74,0.88,105.0,0.14,204.9,0.13,50.0,0.16,10.0,0.18,361.91,0.01,0.02,2351.892468,1776276209000
1776276211.008,211.008,0.87,10.0,0.86,60.0,0.88,52.68,0.89,152.78,0.13,53.74,0.12,105.0,0.14,72.0,0.15,10.0,0.01,0.01,2351.892468,1776276209000
1776276211.517,211.517,0.87,10.0,0.86,60.0,0.88,46.57,0.89,152.78,0.12,52.68,0.11,152.78,0.13,10.0,0.14,60.0,0.01,0.01,2352.502694,1776276210000
1776276212.173,212.173,0.87,44.84,0.86,60.0,0.88,20.27,0.89,152.78,0.12,46.57,0.11,152.78,0.13,10.0,0.14,60.0,0.01,0.01,2352.867061,1776276211000
1776276212.778,212.778,0.88,18.0,0.87,45.56,0.89,0.68,0.9,115.0,0.11,152.78,0.1,155.0,0.13,45.56,0.14,60.0,0.01,0.02,2352.867061,1776276211000
1776276213.092,213.092,0.88,38.5,0.87,61.06,0.9,0.22,0.91,10.0,0.11,0.68,0.1,115.0,0.12,18.0,0.13,45.56,0.02,0.01,2353.058945,1776276212000
1776276213.599,213.599,0.9,30.5,0.89,20.5,0.92,235.0,0.93,75.74,0.08,235.0,0.07,25.74,0.12,38.5,0.13,61.06,0.02,0.04,2353.058945,1776276212000
1776276214.032,214.032,0.91,10.5,0.9,20.66,0.92,35.45,0.93,75.74,0.08,110.0,0.07,75.74,0.1,20.66,0.11,25.5,0.01,0.02,2353.074234,1776276213000
1776276214.257,214.257,0.91,10.5,0.9,20.66,0.92,25.72,0.93,75.74,0.08,26.81,0.07,75.74,0.09,10.5,0.1,20.66,0.01,0.01,2353.074234,1776276213000
1776276214.732,214.732,0.91,40.5,0.9,41.66,0.92,10.31,0.93,75.74,0.08,25.72,0.07,75.74,0.09,10.5,0.1,20.66,0.01,0.01,2353.074234,1776276213000
1776276215.22,215.22,0.91,61.5,0.9,31.66,0.92,35.31,0.93,55.74,0.08,10.31,0.07,75.74,0.09,40.5,0.1,41.66,0.01,0.01,2352.968569,1776276214000
1776276215.577,215.577,0.91,46.5,0.9,31.66,0.93,50.77,0.94,229.8,0.08,35.31,0.07,55.74,0.09,61.5,0.1,31.66,0.02,0.01,2352.968569,1776276214000
1776276216.043,216.043,0.92,52.0,0.91,35.5,0.93,50.77,0.94,229.8,0.07,50.77,0.06,229.8,0.09,46.5,0.1,31.66,0.01,0.02,2352.918271,1776276215000
1776276216.368,216.368,0.92,50.0,0.91,35.5,0.94,229.49,0.95,479.33,0.07,50.77,0.06,229.8,0.08,40.0,0.09,35.5,0.02,0.01,2352.918271,1776276215000
1776276216.757,216.757,0.93,12.0,0.92,25.0,0.94,216.28,0.95,161.8,0.06,226.28,0.05,479.33,0.08,50.0,0.09,35.5,0.01,0.02,2352.918271,1776276215000
1776276217.164,217.164,0.92,8.0,0.91,25.5,0.94,141.0,0.95,161.8,0.06,190.21,0.05,161.8,0.07,12.0,0.08,25.0,0.02,0.01,2353.030991,1776276216000
1776276217.964,217.964,0.93,19.0,0.92,8.0,0.94,139.1,0.95,161.8,0.06,141.0,0.05,161.8,0.08,8.0,0.09,25.5,0.01,0.02,2353.030991,1776276216000
1776276218.272,218.272,0.93,34.0,0.92,18.5,0.94,102.1,0.95,161.8,0.06,139.1,0.05,161.8,0.07,19.0,0.08,8.0,0.01,0.01,2352.988863,1776276217000
1776276218.88,218.88,0.93,96.5,0.92,29.5,0.95,73.17,0.96,343.8,0.06,102.1,0.05,161.8,0.07,34.0,0.08,18.5,0.02,0.01,2352.988863,1776276217000
1776276219.25,219.25,0.94,44.0,0.93,56.5,0.95,26.58,0.96,348.8,0.05,73.17,0.04,343.8,0.07,96.5,0.08,29.5,0.01,0.02,2353.20126,1776276218000
1776276219.454,219.454,0.94,24.0,0.93,26.5,0.95,20.52,0.96,348.8,0.05,26.58,0.04,348.8,0.06,44.0,0.07,56.5,0.01,0.01,2353.20126,1776276218000
1776276219.713,219.713,0.94,39.5,0.93,26.5,0.95,11.06,0.96,348.8,0.05,13.16,0.04,348.8,0.06,39.5,0.07,26.5,0.01,0.01,2353.20126,1776276218000
1776276219.92,219.92,0.94,29.0,0.93,30.5,0.95,1.58,0.96,348.8,0.05,2.64,0.04,353.8,0.06,24.0,0.07,20.5,0.01,0.01,2353.20126,1776276218000
1776276220.22,220.22,0.95,49.0,0.94,5.0,0.96,344.58,0.97,284.7,0.04,345.63,0.03,284.7,0.05,79.0,0.06,5.0,0.01,0.01,2353.268461,1776276219000
1776276220.482,220.482,0.95,56.0,0.94,5.0,0.96,336.18,0.97,284.7,0.04,332.23,0.03,284.7,0.05,56.0,0.06,5.0,0.01,0.01,2353.268461,1776276219000
1776276220.682,220.682,0.95,49.0,0.94,5.0,0.96,311.99,0.97,284.7,0.04,309.08,0.03,290.7,0.05,56.0,0.06,5.0,0.01,0.01,2353.268461,1776276219000
1776276220.91,220.91,0.95,32.0,0.94,5.0,0.96,264.68,0.97,279.7,0.04,265.73,0.03,284.7,0.05,25.0,0.06,5.0,0.01,0.01,2353.268461,1776276219000
1776276221.218,221.218,0.95,32.0,0.94,15.5,0.96,237.58,0.97,279.7,0.04,243.63,0.03,279.7,0.05,32.0,0.06,15.5,0.01,0.01,2353.479647,1776276220000
1776276221.891,221.891,0.95,32.0,0.94,5.0,0.96,191.53,0.97,576.46,0.04,237.58,0.03,279.7,0.05,32.0,0.06,15.5,0.01,0.01,2353.479647,1776276220000
1776276222.114,222.114,0.95,32.0,0.94,5.0,0.96,194.4,0.97,591.23,0.04,196.48,0.03,576.46,0.05,32.0,0.06,5.0,0.01,0.01,2353.479647,1776276220000
1776276222.427,222.427,0.95,29.51,0.94,5.0,0.96,128.17,0.97,279.7,0.04,184.17,0.03,294.47,0.05,32.0,0.06,5.0,0.01,0.01,2353.396891,1776276221000
1776276222.663,222.663,0.94,5.0,0.93,30.5,0.96,19.09,0.97,285.7,0.04,24.09,0.03,285.7,0.05,12.0,0.06,5.0,0.02,0.01,2353.396891,1776276221000
1776276222.879,222.879,0.94,5.0,0.93,10.0,0.95,34.07,0.96,17.09,0.05,35.07,0.04,17.09,0.06,5.0,0.07,10.0,0.01,0.01,2353.396891,1776276221000
1776276223.763,223.763,0.94,5.0,0.93,65.5,0.95,35.07,0.96,17.09,0.05,34.07,0.04,17.09,0.06,5.0,0.07,10.0,0.01,0.01,2353.432734,1776276222000
1776276224.251,224.251,0.94,10.0,0.93,65.5,0.95,45.35,0.96,150.09,0.05,29.07,0.04,17.09,0.06,5.0,0.07,65.5,0.01,0.01,2353.430904,1776276223000
1776276224.658,224.658,0.94,15.0,0.93,65.5,0.95,45.07,0.96,28.09,0.05,45.35,0.04,150.09,0.06,10.0,0.07,65.5,0.01,0.01,2353.430904,1776276223000
1776276224.955,224.955,0.94,15.0,0.93,65.5,0.95,4.2,0.96,28.09,0.05,34.2,0.04,28.09,0.06,15.0,0.07,65.5,0.01,0.01,2353.430904,1776276223000
1776276226.669,226.669,0.94,23.0,0.93,45.5,0.96,15.88,0.97,1212.93,0.04,21.08,0.03,393.68,0.06,104.5,0.07,50.5,0.02,0.02,2353.212155,1776276225000
1776276226.875,226.875,0.93,19.5,0.92,45.0,0.94,10.0,0.95,10.0,0.06,10.0,0.05,10.0,0.07,30.5,0.08,45.0,0.01,0.01,2353.212155,1776276225000
1776276227.104,227.104,0.93,33.5,0.92,50.0,0.94,10.0,0.95,10.0,0.06,10.0,0.05,10.0,0.07,19.0,0.08,45.0,0.01,0.01,2353.212155,1776276225000
1776276228.21,228.21,0.94,64.0,0.93,70.21,0.95,261.76,0.96,15.88,0.05,9.89,0.04,135.88,0.07,9.71,0.08,50.0,0.01,0.02,2353.33444,1776276226000
1776276228.712,228.712,0.95,63.0,0.94,321.78,0.97,131.81,0.98,574.78,0.05,261.76,0.04,15.88,0.06,64.0,0.07,70.21,0.02,0.01,2353.310623,1776276227000
1776276229.026,229.026,0.96,201.0,0.95,112.0,0.97,101.81,0.98,574.78,0.03,131.81,0.02,574.78,0.05,63.0,0.06,321.78,0.01,0.02,2353.310623,1776276227000
1776276229.33,229.33,0.96,194.83,0.95,102.0,0.97,72.81,0.98,574.78,0.03,72.81,0.02,574.78,0.04,201.0,0.05,102.0,0.01,0.01,2353.22415,1776276228000
1776276229.641,229.641,0.96,209.58,0.95,102.0,0.97,22.81,0.98,646.77,0.03,72.81,0.02,574.78,0.04,194.83,0.05,102.0,0.01,0.01,2353.22415,1776276228000
1776276230.651,230.651,0.96,194.81,0.95,102.0,0.97,17.81,0.98,574.78,0.03,22.81,0.02,646.77,0.04,199.81,0.05,102.0,0.01,0.01,2353.505872,1776276229000
1776276230.927,230.927,0.96,175.81,0.95,90.0,0.97,10.81,0.98,574.78,0.03,10.81,0.02,574.78,0.04,194.81,0.05,102.0,0.01,0.01,2353.505872,1776276229000
1776276231.493,231.493,0.96,194.74,0.95,80.0,0.97,17.81,0.98,574.78,0.03,10.81,0.02,574.78,0.04,175.81,0.05,90.0,0.01,0.01,2353.79214,1776276230000
1776276231.941,231.941,0.96,232.74,0.95,95.5,0.97,15.75,0.98,574.78,0.03,17.81,0.02,574.78,0.04,194.74,0.05,80.0,0.01,0.01,2353.792495,1776276231000
1776276232.2,232.2,0.97,151.0,0.96,130.0,0.98,549.43,0.99,2260.77,0.02,554.53,0.01,2213.79,0.04,232.74,0.05,85.0,0.01,0.02,2353.792495,1776276231000
1776276232.618,232.618,0.97,161.0,0.96,145.0,0.98,542.29,0.99,2323.78,0.02,549.33,0.01,2260.77,0.03,151.0,0.04,130.0,0.01,0.01,2353.792495,1776276231000
1776276233.094,233.094,0.97,150.14,0.96,107.0,0.98,515.25,0.99,2313.79,0.02,545.25,0.01,2313.79,0.03,129.83,0.04,107.0,0.01,0.01,2353.8028,1776276232000
1776276233.596,233.596,0.97,138.14,0.96,140.0,0.98,322.14,0.99,2482.79,0.02,515.25,0.01,2313.79,0.03,150.14,0.04,107.0,0.01,0.01,2353.8028,1776276232000
1776276233.939,233.939,0.97,138.14,0.96,140.0,0.98,291.11,0.99,2482.79,0.02,292.14,0.01,2482.79,0.03,138.14,0.04,140.0,0.01,0.01,2353.8028,1776276232000
1776276234.164,234.164,0.97,135.64,0.96,140.0,0.98,274.75,0.99,2482.79,0.02,293.02,0.01,2683.79,0.03,135.64,0.04,140.0,0.01,0.01,2353.8028,1776276232000
1776276234.4,234.4,0.97,135.64,0.96,139.0,0.98,270.55,0.99,2683.79,0.02,266.58,0.01,2683.79,0.03,135.64,0.04,139.0,0.01,0.01,2353.8028,1776276232000
1776276235.621,235.621,0.96,124.0,0.95,126.3,0.97,147.45,0.98,453.45,0.02,260.45,0.01,2683.79,0.03,153.64,0.04,139.0,0.01,0.01,2353.815694,1776276234000
1776276236.039,236.039,0.96,16.55,0.95,131.3,0.97,10.0,0.98,260.45,0.03,117.45,0.02,453.45,0.04,124.0,0.05,126.3,0.01,0.01,2353.815694,1776276234000
1776276236.311,236.311,0.96,41.55,0.95,231.3,0.98,260.45,0.99,2457.79,0.03,5.86,0.02,260.45,0.04,36.55,0.05,231.3,0.02,0.01,2353.815694,1776276234000
1776276236.666,236.666,0.96,46.55,0.95,231.3,0.98,256.35,0.99,2758.79,0.02,260.45,0.01,2457.79,0.04,41.55,0.05,231.3,0.02,0.02,2353.939449,1776276235000
1776276236.952,236.952,0.96,46.55,0.95,231.3,0.98,234.31,0.99,2758.79,0.02,242.35,0.01,2758.79,0.04,46.55,0.05,237.29,0.02,0.02,2353.939449,1776276235000
1776276237.209,237.209,0.96,46.55,0.95,231.3,0.98,227.15,0.99,2457.79,0.02,228.18,0.01,2457.79,0.04,46.55,0.05,231.3,0.02,0.02,2353.939449,1776276235000
1776276238.543,238.543,0.96,46.55,0.95,126.3,0.98,370.15,0.99,2344.78,0.02,227.15,0.01,2457.79,0.04,46.55,0.05,231.3,0.02,0.02,2353.77094,1776276237000
1776276238.83,238.83,0.96,109.52,0.95,126.3,0.98,365.59,0.99,2313.79,0.02,370.15,0.01,2344.78,0.04,46.55,0.05,126.3,0.02,0.02,2353.77094,1776276237000
1776276240.512,240.512,0.97,65.0,0.96,119.69,0.98,41.54,0.99,2806.78,0.02,365.59,0.01,2313.79,0.04,109.52,0.05,126.3,0.01,0.02,2353.737285,1776276239000
1776276241.244,241.244,0.98,357.26,0.97,163.7,0.99,2141.16,,,0.01,2148.18,,,0.02,115.26,0.03,65.0,0.01,0.01,2353.623511,1776276240000
1776276241.475,241.475,0.98,466.96,0.97,163.7,0.99,2059.02,,,0.01,2064.08,,,0.02,561.96,0.03,163.7,0.01,0.01,2353.623511,1776276240000
1776276241.699,241.699,0.98,558.96,0.97,168.7,0.99,1951.02,,,0.01,2051.02,,,0.02,558.96,0.03,168.7,0.01,0.01,2353.623511,1776276240000
1776276242.036,242.036,0.98,556.74,0.97,168.7,0.99,1870.02,,,0.01,1870.02,,,0.02,558.96,0.03,168.7,0.01,0.01,2353.623511,1776276240000
1776276242.438,242.438,0.98,298.7,0.97,143.19,0.99,1840.02,,,0.01,1870.02,,,0.03,143.19,0.04,203.7,0.01,0.02,2353.801177,1776276241000
1776276242.661,242.661,0.98,269.71,0.97,236.19,0.99,1345.04,,,0.01,1385.04,,,0.02,274.71,0.03,201.19,0.01,0.01,2353.801177,1776276241000
1776276242.9,242.9,0.99,306.01,0.98,254.71,,,,,0.01,693.99,,,0.02,269.71,0.03,261.19,,0.01,2353.801177,1776276241000
1776276243.281,243.281,0.99,16535.83,0.98,249.71,,,,,,,,,0.01,306.01,0.02,254.71,,,2353.801177,1776276241000
1776276246.021,246.021,0.99,16699.49,0.98,249.71,,,,,,,,,0.01,16527.74,0.02,249.71,,,2356.208389,1776276244000
1776276247.414,247.414,0.99,16233.03,0.98,198.7,,,,,,,,,0.01,16698.34,0.02,249.71,,,2355.852119,1776276246000
1776276248.89,248.89,0.99,16223.03,0.98,198.7,,,,,,,,,0.01,16233.03,0.02,198.7,,,2356.056572,1776276247000
1776276249.602,249.602,0.99,16009.03,0.98,198.7,,,,,,,,,0.01,16214.03,0.02,198.7,,,2355.96757,1776276248000
1776276249.902,249.902,0.99,15954.43,0.98,198.7,,,,,,,,,0.01,16009.03,0.02,198.7,,,2355.96757,1776276248000
1776276250.549,250.549,0.99,15974.42,0.98,198.7,,,,,,,,,0.01,15954.43,0.02,198.7,,,2355.990767,1776276249000
1776276251.096,251.096,0.99,15874.42,0.98,198.7,,,,,,,,,0.01,15974.42,0.02,198.7,,,2355.990767,1776276249000
1776276252.956,252.956,0.99,15864.38,0.98,198.7,,,,,,,,,0.01,15874.42,0.02,198.7,,,2355.736615,1776276251000
1776276253.905,253.905,0.99,15864.46,0.98,198.7,,,,,,,,,0.01,15864.38,0.02,198.7,,,2355.718809,1776276252000
1776276260.9,260.9,0.99,16905.0,0.98,198.7,,,,,,,,,0.01,15864.46,0.02,198.7,,,2356.413995,1776276259000
1776276268.298,268.298,0.99,18061.65,0.98,198.7,,,,,,,,,0.01,16905.0,0.02,198.7,,,2356.234307,1776276267000
1776276273.526,273.526,0.99,17907.72,0.98,198.7,,,,,,,,,0.01,18061.65,0.02,198.7,,,2355.987047,1776276272000
1776276284.671,284.671,0.99,17872.09,0.98,47.0,,,,,,,,,0.01,17907.72,0.02,198.7,,,2356.21664,1776276283000
1776276286.043,286.043,0.99,18021.38,0.98,47.0,,,,,,,,,0.01,17872.09,0.02,47.0,,,2356.10142,1776276284000

# RESULT,winner=Up,slug=eth-updown-5m-1776276000,ticks=449
