timestamp,elapsed_sec,up_bid_p1,up_bid_s1,up_bid_p2,up_bid_s2,up_ask_p1,up_ask_s1,up_ask_p2,up_ask_s2,down_bid_p1,down_bid_s1,down_bid_p2,down_bid_s2,down_ask_p1,down_ask_s1,down_ask_p2,down_ask_s2,up_spread,down_spread,eth_price,eth_oracle_ts
1776402300.717,0.717,0.51,22.75,0.5,15.0,0.6,10.0,0.61,6.0,0.4,10.0,0.39,6.0,0.47,1.48,0.48,0.83,0.09,0.07,2324.407485,1776402299000
1776402301.093,1.093,0.51,22.75,0.5,15.0,0.6,10.0,0.61,6.0,0.4,10.0,0.39,6.0,0.49,22.75,0.5,15.0,0.09,0.09,2324.462483,1776402300000
1776402302.429,2.429,0.51,35.75,0.5,33.0,0.54,4.09,0.55,81.0,0.46,4.09,0.45,81.0,0.49,35.75,0.5,33.0,0.03,0.03,2324.561002,1776402301000
1776402302.954,2.954,0.54,86.43,0.53,136.0,0.55,156.81,0.56,170.0,0.45,165.0,0.44,195.0,0.46,15.0,0.47,31.0,0.01,0.01,2324.561002,1776402301000
1776402303.405,3.405,0.54,96.43,0.53,146.0,0.55,152.95,0.56,170.0,0.45,156.81,0.44,170.0,0.46,86.43,0.47,136.0,0.01,0.01,2324.573087,1776402302000
1776402304.038,4.038,0.54,109.43,0.53,146.0,0.55,102.49,0.56,170.0,0.45,152.95,0.44,170.0,0.46,96.43,0.47,146.0,0.01,0.01,2324.573087,1776402302000
1776402304.415,4.415,0.55,64.0,0.54,184.43,0.56,95.0,0.57,100.0,0.45,102.49,0.44,170.0,0.46,109.43,0.47,146.0,0.01,0.01,2324.718059,1776402303000
1776402304.734,4.734,0.57,33.0,0.56,28.0,0.58,16.53,0.59,25.0,0.44,82.95,0.43,100.0,0.45,59.0,0.46,184.43,0.01,0.01,2324.718059,1776402303000
1776402305.944,5.944,0.59,32.0,0.58,27.36,0.61,134.42,0.62,95.0,0.4,165.0,0.39,145.0,0.41,5.0,0.42,15.0,0.02,0.01,2324.792207,1776402304000
1776402306.247,6.247,0.6,56.0,0.59,32.0,0.61,65.0,0.62,70.0,0.39,134.42,0.38,95.0,0.41,32.0,0.42,27.36,0.01,0.02,2324.78997,1776402305000
1776402306.658,6.658,0.6,36.0,0.59,32.0,0.61,68.36,0.62,70.0,0.39,65.0,0.38,70.0,0.4,56.0,0.41,32.0,0.01,0.01,2324.78997,1776402305000
1776402306.921,6.921,0.6,36.0,0.59,32.0,0.61,35.71,0.62,70.0,0.39,68.36,0.38,70.0,0.4,36.0,0.41,32.0,0.01,0.01,2324.78997,1776402305000
1776402307.258,7.258,0.6,36.0,0.59,32.0,0.61,35.71,0.62,70.0,0.39,35.71,0.38,70.0,0.4,36.0,0.41,32.0,0.01,0.01,2324.906522,1776402306000
1776402307.581,7.581,0.6,23.5,0.59,32.0,0.61,30.71,0.62,70.0,0.39,30.71,0.38,70.0,0.4,33.5,0.41,32.0,0.01,0.01,2324.906522,1776402306000
1776402308.618,8.618,0.6,18.0,0.59,32.0,0.61,30.71,0.62,80.0,0.39,30.71,0.38,80.0,0.4,18.0,0.41,32.0,0.01,0.01,2325.058609,1776402307000
1776402309.152,9.152,0.6,13.0,0.59,32.0,0.61,25.71,0.62,80.0,0.39,25.71,0.38,80.0,0.4,13.0,0.41,32.0,0.01,0.01,2325.056487,1776402308000
1776402309.559,9.559,0.59,1.0,0.58,11.36,0.6,30.0,0.61,85.71,0.39,25.71,0.38,80.0,0.4,13.0,0.41,32.0,0.01,0.01,2325.056487,1776402308000
1776402310.178,10.178,0.58,2.36,0.57,28.0,0.59,12.28,0.6,30.0,0.4,35.0,0.39,85.71,0.42,7.36,0.43,18.0,0.01,0.02,2325.056487,1776402308000
1776402310.506,10.506,0.58,2.36,0.57,28.0,0.59,12.28,0.6,30.0,0.41,12.28,0.4,30.0,0.42,2.36,0.43,28.0,0.01,0.01,2325.072366,1776402309000
1776402310.998,10.998,0.57,28.0,0.56,33.0,0.59,37.28,0.6,25.0,0.41,12.28,0.4,30.0,0.42,2.36,0.43,28.0,0.02,0.01,2325.072366,1776402309000
1776402311.198,11.198,0.57,28.0,0.56,33.0,0.58,28.27,0.59,12.28,0.41,37.28,0.4,25.0,0.43,28.0,0.44,33.0,0.01,0.02,2325.037998,1776402310000
1776402311.553,11.553,0.57,8.0,0.56,33.0,0.58,78.27,0.59,12.28,0.42,28.27,0.41,12.28,0.43,28.0,0.44,33.0,0.01,0.01,2325.037998,1776402310000
1776402314.606,14.606,0.56,12.0,0.55,20.0,0.57,79.73,0.58,65.27,0.42,78.27,0.41,12.28,0.43,8.0,0.44,33.0,0.01,0.01,2324.89477,1776402313000
1776402315.233,15.233,0.56,0.7,0.55,30.0,0.57,79.97,0.58,60.27,0.43,79.73,0.42,60.27,0.44,0.7,0.45,20.0,0.01,0.01,2324.89477,1776402313000
1776402322.598,22.598,0.56,83.47,0.55,31.0,0.57,5.05,0.58,7.0,0.43,79.97,0.42,60.27,0.44,0.7,0.45,30.0,0.01,0.01,2324.852024,1776402321000
1776402323.858,23.858,0.57,67.0,0.56,51.47,0.58,7.0,0.6,5.0,0.42,7.0,0.4,5.0,0.44,78.47,0.45,31.0,0.01,0.02,2324.86151,1776402322000
1776402330.424,30.424,0.57,116.0,0.56,51.47,0.58,5.27,0.6,5.0,0.42,7.0,0.4,5.0,0.43,67.0,0.44,51.47,0.01,0.01,2324.952396,1776402329000
1776402330.818,30.818,0.57,111.0,0.56,51.47,0.6,5.0,0.61,85.71,0.42,5.27,0.4,5.0,0.43,116.0,0.44,51.47,0.03,0.01,2324.952396,1776402329000
1776402331.799,31.799,0.6,341.67,0.59,46.0,0.61,14.28,0.62,70.0,0.4,5.0,0.39,85.71,0.41,44.12,0.42,34.0,0.01,0.01,2324.982415,1776402330000
1776402333.358,33.358,0.61,154.14,0.6,239.67,0.62,60.0,0.64,9.6,0.38,70.0,0.35,9.6,0.4,318.67,0.41,55.0,0.01,0.02,2324.983419,1776402332000
1776402334.092,34.092,0.61,192.57,0.6,234.67,0.62,60.0,0.64,9.6,0.38,60.0,0.36,9.6,0.39,154.14,0.4,239.67,0.01,0.01,2325.177305,1776402333000
1776402335.795,35.795,0.61,197.57,0.6,245.67,0.62,48.57,0.64,9.6,0.38,60.0,0.36,9.6,0.39,192.57,0.4,234.67,0.01,0.01,2325.245515,1776402334000
1776402336.602,36.602,0.63,276.34,0.62,41.0,0.64,20.1,0.68,70.0,0.38,48.57,0.36,9.6,0.39,197.57,0.4,245.67,0.01,0.01,2325.258057,1776402335000
1776402337.175,37.175,0.67,92.62,0.66,30.0,0.68,69.9,0.69,10.0,0.32,69.9,0.31,10.0,0.33,10.0,0.34,61.57,0.01,0.01,2325.260892,1776402336000
1776402337.662,37.662,0.67,139.14,0.66,35.0,0.68,53.9,0.7,9.6,0.32,69.9,0.31,10.0,0.33,92.62,0.34,30.0,0.01,0.01,2325.260892,1776402336000
1776402337.922,37.922,0.67,118.14,0.66,35.0,0.68,15.71,0.71,50.0,0.32,20.01,0.29,50.0,0.33,123.14,0.34,35.0,0.01,0.01,2325.260892,1776402336000
1776402338.181,38.181,0.67,123.14,0.66,35.0,0.68,0.71,0.71,50.0,0.32,5.71,0.29,50.0,0.33,118.14,0.34,35.0,0.01,0.01,2325.318234,1776402337000
1776402338.471,38.471,0.67,282.34,0.66,63.0,0.75,9.6,0.76,50.0,0.32,0.71,0.29,50.0,0.33,123.14,0.34,35.0,0.08,0.01,2325.318234,1776402337000
1776402338.897,38.897,0.75,114.74,0.74,31.0,0.76,26.36,0.78,35.0,0.24,34.75,0.22,35.0,0.25,10.0,0.26,10.0,0.01,0.01,2325.318234,1776402337000
1776402339.127,39.127,0.75,110.74,0.74,31.0,0.76,24.91,0.78,35.0,0.24,24.91,0.22,35.0,0.25,114.74,0.26,31.0,0.01,0.01,2325.55078,1776402338000
1776402339.405,39.405,0.75,101.46,0.74,31.0,0.76,24.91,0.78,35.0,0.24,24.91,0.22,35.0,0.25,110.74,0.26,31.0,0.01,0.01,2325.55078,1776402338000
1776402339.674,39.674,0.75,109.94,0.74,26.0,0.76,20.91,0.78,5.0,0.24,24.91,0.22,35.0,0.25,101.46,0.26,31.0,0.01,0.01,2325.55078,1776402338000
1776402340.004,40.004,0.75,100.74,0.74,26.0,0.76,4.91,0.78,5.0,0.24,10.91,0.22,12.5,0.25,100.74,0.26,26.0,0.01,0.01,2325.55078,1776402338000
1776402340.385,40.385,0.78,70.54,0.77,17.02,0.81,30.0,0.82,23.0,0.21,20.52,0.2,70.0,0.25,100.74,0.26,26.0,0.03,0.04,2325.917889,1776402339000
1776402341.085,41.085,0.8,180.54,0.79,105.0,0.81,30.0,0.82,46.0,0.19,30.0,0.18,23.0,0.22,70.54,0.23,17.02,0.01,0.03,2325.917889,1776402339000
1776402341.431,41.431,0.79,10.0,0.78,15.0,0.81,116.5,0.82,170.55,0.19,30.0,0.18,46.0,0.2,180.54,0.21,105.0,0.02,0.01,2326.059201,1776402340000
1776402341.959,41.959,0.79,54.0,0.78,25.0,0.8,35.05,0.81,88.0,0.19,116.5,0.18,170.55,0.21,10.0,0.22,15.0,0.01,0.02,2326.059201,1776402340000
1776402342.219,42.219,0.8,77.82,0.79,109.0,0.81,80.0,0.82,147.55,0.2,35.05,0.19,88.0,0.21,54.0,0.22,25.0,0.01,0.01,2326.198024,1776402341000
1776402342.766,42.766,0.8,283.82,0.79,150.0,0.81,23.75,0.82,48.0,0.19,80.0,0.18,147.55,0.2,77.82,0.21,109.0,0.01,0.01,2326.198024,1776402341000
1776402343.725,43.725,0.8,164.82,0.79,150.0,0.81,22.43,0.82,48.0,0.19,23.75,0.18,48.0,0.2,283.82,0.21,150.0,0.01,0.01,2326.242418,1776402342000
1776402344.057,44.057,0.8,212.82,0.79,150.0,0.81,1.5,0.82,48.0,0.19,22.43,0.18,48.0,0.2,164.82,0.21,150.0,0.01,0.01,2326.37245,1776402343000
1776402347.458,47.458,0.8,81.82,0.79,5.0,0.81,244.5,0.82,42.0,0.18,48.0,0.17,73.5,0.2,307.82,0.21,150.0,0.01,0.02,2326.341498,1776402345000
1776402347.988,47.988,0.75,52.8,0.74,5.0,0.79,205.5,0.8,94.0,0.2,194.5,0.19,150.0,0.22,5.0,0.23,5.0,0.04,0.02,2326.354897,1776402346000
1776402349.238,49.238,0.71,3.82,0.7,25.0,0.74,95.5,0.75,107.0,0.21,205.5,0.2,94.0,0.25,52.8,0.26,5.0,0.03,0.04,2326.222714,1776402348000
1776402350.681,50.681,0.7,23.23,0.69,15.0,0.71,13.0,0.72,16.0,0.29,28.0,0.28,26.5,0.3,23.23,0.31,5.0,0.01,0.01,2326.053222,1776402349000
1776402351.776,51.776,0.7,28.23,0.69,15.0,0.71,8.0,0.72,16.0,0.29,13.0,0.28,16.0,0.3,23.23,0.31,15.0,0.01,0.01,2325.767296,1776402350000
1776402352.624,52.624,0.72,27.18,0.71,15.0,0.73,23.0,0.74,15.0,0.29,8.0,0.28,16.0,0.3,28.23,0.31,15.0,0.01,0.01,2325.710779,1776402351000
1776402354.03,54.03,0.7,15.19,0.63,49.29,0.71,77.0,0.72,68.0,0.27,23.0,0.26,15.0,0.28,27.18,0.29,15.0,0.01,0.01,2325.648989,1776402352000
1776402354.366,54.366,0.59,94.19,0.58,40.77,0.6,3.8,0.61,26.0,0.32,15.62,0.29,203.0,0.4,30.19,0.42,17.77,0.01,0.08,2325.65076,1776402353000
1776402355.505,55.505,0.59,65.19,0.58,45.77,0.6,19.96,0.61,21.0,0.4,8.13,0.39,21.0,0.41,94.19,0.42,40.77,0.01,0.01,2325.66608,1776402354000
1776402357.141,57.141,0.59,31.4,0.58,102.83,0.6,9.96,0.61,11.0,0.4,19.96,0.39,21.0,0.41,65.19,0.42,45.77,0.01,0.01,2325.137729,1776402355000
1776402358.317,58.317,0.59,75.05,0.58,102.83,0.6,9.96,0.61,11.0,0.4,9.96,0.39,11.0,0.41,31.4,0.42,102.83,0.01,0.01,2325.0733,1776402356000
1776402358.678,58.678,0.59,75.05,0.58,102.83,0.61,5.04,0.62,31.0,0.4,9.96,0.39,11.0,0.41,75.05,0.42,102.83,0.02,0.01,2325.033695,1776402357000
1776402359.9,59.9,0.6,31.74,0.59,41.69,0.61,5.04,0.62,31.0,0.39,5.04,0.38,31.0,0.41,75.05,0.42,102.83,0.01,0.02,2324.9988,1776402358000
1776402361.973,61.973,0.6,76.2,0.59,36.69,0.62,9.04,0.66,15.0,0.39,5.04,0.38,31.0,0.4,31.74,0.41,41.69,0.02,0.01,2325.01247,1776402360000
1776402362.221,62.221,0.61,365.4,0.6,76.0,0.69,10.0,0.7,42.9,0.38,9.04,0.34,15.0,0.4,76.2,0.41,36.69,0.08,0.02,2325.01247,1776402360000
1776402362.702,62.702,0.69,113.2,0.68,68.2,0.72,25.46,0.73,58.3,0.31,9.9,0.3,42.9,0.33,20.0,0.34,56.2,0.03,0.02,2325.076479,1776402361000
1776402363.893,63.893,0.71,28.96,0.69,12.2,0.72,117.46,0.73,72.3,0.28,25.46,0.27,58.3,0.31,113.2,0.32,68.2,0.01,0.03,2325.09805,1776402362000
1776402364.436,64.436,0.71,2.14,0.69,5.0,0.72,156.63,0.73,52.3,0.28,117.46,0.27,72.3,0.29,28.96,0.31,12.2,0.01,0.01,2325.260459,1776402363000
1776402364.669,64.669,0.68,2.0,0.67,5.0,0.69,27.0,0.7,15.0,0.29,47.86,0.28,115.63,0.32,5.0,0.33,5.0,0.01,0.03,2325.260459,1776402363000
1776402365.888,65.888,0.66,23.0,0.65,28.0,0.67,89.17,0.68,66.0,0.31,27.0,0.3,15.0,0.32,2.0,0.33,5.0,0.01,0.01,2325.5197,1776402364000
1776402366.153,66.153,0.66,5.0,0.65,28.0,0.67,48.74,0.68,32.0,0.33,89.17,0.32,66.0,0.34,23.0,0.35,28.0,0.01,0.01,2325.5197,1776402364000
1776402366.392,66.392,0.66,5.0,0.65,28.0,0.67,44.26,0.68,32.0,0.33,48.74,0.32,32.0,0.34,5.0,0.35,28.0,0.01,0.01,2325.42732,1776402365000
1776402366.85,66.85,0.65,33.0,0.64,20.08,0.66,48.65,0.67,16.09,0.33,44.26,0.32,32.0,0.34,5.0,0.35,28.0,0.01,0.01,2325.42732,1776402365000
1776402368.289,68.289,0.65,98.0,0.64,30.08,0.66,5.17,0.67,10.0,0.34,48.65,0.33,16.09,0.35,33.0,0.36,20.08,0.01,0.01,2325.273273,1776402367000
1776402371.755,71.755,0.69,67.22,0.68,20.0,0.7,10.0,0.71,10.0,0.34,5.17,0.33,10.0,0.35,98.0,0.36,30.08,0.01,0.01,2325.309846,1776402370000
1776402372.177,72.177,0.69,70.82,0.68,20.0,0.7,2.98,0.71,10.0,0.3,10.0,0.29,10.0,0.31,67.22,0.32,20.0,0.01,0.01,2325.309846,1776402370000
1776402372.817,72.817,0.69,70.82,0.68,20.0,0.7,13.95,0.71,10.0,0.3,2.98,0.29,10.0,0.31,70.82,0.32,20.0,0.01,0.01,2325.402578,1776402371000
1776402378.189,78.189,0.64,20.12,0.63,25.0,0.67,94.17,0.68,31.0,0.3,13.95,0.29,10.0,0.31,70.82,0.32,20.0,0.03,0.01,2325.39687,1776402377000
1776402382.062,82.062,0.61,41.26,0.6,22.12,0.62,15.0,0.63,15.0,0.33,94.17,0.32,31.0,0.36,20.12,0.37,25.0,0.01,0.03,2325.182081,1776402380000
1776402384.76,84.76,0.68,32.5,0.67,46.0,0.69,28.0,0.7,89.1,0.38,0.26,0.37,15.0,0.39,57.26,0.4,32.12,0.01,0.01,2325.03892,1776402383000
1776402389.087,89.087,0.68,42.5,0.67,175.25,0.7,34.0,0.71,42.0,0.31,28.0,0.3,89.1,0.32,32.5,0.33,46.0,0.02,0.01,2325.219934,1776402388000
1776402389.668,89.668,0.69,54.0,0.68,5.0,0.7,50.96,0.71,32.0,0.3,34.0,0.29,42.0,0.32,70.83,0.33,175.25,0.01,0.02,2325.219934,1776402388000
1776402390.062,90.062,0.69,5.45,0.68,5.0,0.7,50.96,0.71,32.0,0.3,50.96,0.29,32.0,0.31,54.0,0.32,5.0,0.01,0.01,2325.219934,1776402388000
1776402391.861,91.861,0.71,93.0,0.7,70.12,0.72,10.0,0.73,15.0,0.3,50.96,0.29,32.0,0.31,5.45,0.32,5.0,0.01,0.01,2325.254802,1776402390000
1776402392.722,92.722,0.71,69.9,0.7,30.12,0.72,5.0,0.73,15.0,0.28,10.0,0.27,15.0,0.29,93.0,0.3,70.12,0.01,0.01,2325.254802,1776402390000
1776402395.057,95.057,0.71,34.0,0.7,22.0,0.72,21.61,0.73,33.3,0.28,5.0,0.27,15.0,0.29,69.9,0.3,30.12,0.01,0.01,2325.391324,1776402393000
1776402400.909,100.909,0.7,11.0,0.69,155.93,0.72,132.5,0.73,80.3,0.28,21.61,0.27,33.3,0.29,34.0,0.3,22.0,0.02,0.01,2325.390037,1776402399000
1776402402.382,102.382,0.69,112.67,0.63,8.87,0.7,33.0,0.71,140.5,0.28,132.5,0.27,80.3,0.3,11.0,0.31,155.93,0.01,0.02,2325.31199,1776402401000
1776402403.762,103.762,0.61,31.26,0.6,10.0,0.62,66.0,0.63,45.0,0.3,33.0,0.29,140.5,0.31,112.67,0.37,8.87,0.01,0.01,2325.306437,1776402402000
1776402404.754,104.754,0.61,28.24,0.58,6.77,0.62,206.0,0.63,40.0,0.38,66.0,0.37,45.0,0.39,31.26,0.4,10.0,0.01,0.01,2325.306437,1776402403000
1776402405.734,105.734,0.56,4.93,0.55,13.19,0.58,158.0,0.59,37.0,0.38,202.58,0.37,40.0,0.43,5.0,0.44,5.05,0.02,0.05,2325.243387,1776402404000
1776402406.418,106.418,0.55,11.45,0.54,5.56,0.57,341.0,0.58,36.0,0.42,158.0,0.41,37.0,0.44,4.93,0.45,13.19,0.02,0.02,2325.185,1776402405000
1776402406.78,106.78,0.48,16.03,0.45,10.0,0.49,88.0,0.5,23.0,0.51,10.0,0.5,10.0,0.52,14.88,0.57,10.0,0.01,0.01,2325.185,1776402405000
1776402407.119,107.119,0.45,10.0,0.44,10.0,0.46,10.71,0.49,93.0,0.51,88.0,0.5,23.0,0.52,4.29,0.55,10.0,0.01,0.01,2325.185,1776402405000
1776402407.338,107.338,0.44,10.0,0.43,10.0,0.46,52.04,0.47,15.0,0.54,52.04,0.53,15.0,0.55,10.0,0.56,10.0,0.02,0.01,2325.185,1776402405000
1776402407.689,107.689,0.44,10.0,0.43,10.0,0.45,16.33,0.46,15.71,0.54,52.04,0.53,15.0,0.56,10.0,0.57,10.0,0.01,0.02,2324.6911,1776402406000
1776402407.922,107.922,0.44,2.32,0.43,10.0,0.45,21.33,0.46,15.71,0.55,21.33,0.54,15.71,0.56,10.0,0.57,10.0,0.01,0.01,2324.6911,1776402406000
1776402408.223,108.223,0.43,4.64,0.42,10.0,0.45,28.33,0.46,25.71,0.55,21.33,0.54,15.71,0.56,4.64,0.57,10.0,0.02,0.01,2324.664345,1776402407000
1776402410.064,110.064,0.43,9.68,0.42,118.59,0.44,31.09,0.45,10.0,0.55,8.33,0.54,25.71,0.56,3.0,0.57,4.64,0.01,0.01,2324.22672,1776402409000
1776402410.309,110.309,0.42,118.59,0.41,60.0,0.44,10.88,0.45,10.0,0.56,30.09,0.55,10.0,0.57,6.66,0.58,118.59,0.02,0.01,2324.22672,1776402409000
1776402410.593,110.593,0.42,130.66,0.41,60.0,0.44,11.88,0.45,10.0,0.56,21.88,0.55,10.0,0.58,125.66,0.59,60.0,0.02,0.02,2324.22672,1776402409000
1776402410.974,110.974,0.42,160.66,0.41,60.0,0.43,10.88,0.45,10.0,0.56,11.88,0.55,10.0,0.58,130.66,0.59,60.0,0.01,0.02,2324.22672,1776402409000
1776402411.5,111.5,0.43,4.92,0.42,118.66,0.44,21.0,0.45,20.0,0.57,10.88,0.55,10.0,0.58,160.66,0.59,60.0,0.01,0.01,2324.156864,1776402410000
1776402411.992,111.992,0.36,73.03,0.35,31.14,0.37,38.0,0.38,37.0,0.56,21.0,0.55,20.0,0.57,4.92,0.58,118.66,0.01,0.01,2324.156864,1776402410000
1776402413.012,113.012,0.36,204.67,0.35,31.14,0.37,7.68,0.38,10.0,0.63,38.0,0.62,37.0,0.64,73.03,0.65,31.14,0.01,0.01,2324.126403,1776402411000
1776402414.094,114.094,0.36,206.83,0.35,31.14,0.37,25.68,0.38,10.0,0.63,7.68,0.62,10.0,0.64,204.67,0.65,31.14,0.01,0.01,2324.055377,1776402413000
1776402414.701,114.701,0.36,164.68,0.35,31.14,0.37,11.9,0.38,20.0,0.63,25.68,0.62,10.0,0.64,206.83,0.65,31.14,0.01,0.01,2324.055377,1776402413000
1776402417.95,117.95,0.36,125.52,0.35,31.14,0.38,19.25,0.39,15.0,0.63,11.9,0.62,20.0,0.64,164.68,0.65,31.14,0.02,0.01,2323.942433,1776402416000
1776402418.257,118.257,0.37,89.13,0.36,68.44,0.38,31.0,0.39,5.0,0.62,19.25,0.61,15.0,0.64,125.52,0.65,31.14,0.01,0.02,2323.942433,1776402416000
1776402418.562,118.562,0.39,160.1,0.38,298.27,0.4,10.0,0.43,5.0,0.62,31.0,0.61,5.0,0.63,89.13,0.64,68.44,0.01,0.01,2323.942433,1776402417000
1776402418.899,118.899,0.43,98.1,0.42,28.0,0.44,18.59,0.45,5.0,0.56,18.59,0.55,5.0,0.61,202.1,0.62,298.27,0.01,0.05,2323.942433,1776402417000
1776402420.476,120.476,0.43,146.21,0.42,33.0,0.46,11.73,0.47,15.0,0.56,18.59,0.55,5.0,0.57,98.1,0.58,28.0,0.03,0.01,2323.937316,1776402418000
1776402420.886,120.886,0.5,88.11,0.49,28.0,0.51,11.85,0.52,20.0,0.54,11.73,0.53,15.0,0.57,146.21,0.58,33.0,0.01,0.03,2323.967827,1776402419000
1776402422.006,122.006,0.5,80.23,0.49,13.87,0.51,6.85,0.52,20.0,0.49,11.85,0.48,20.0,0.5,88.11,0.51,28.0,0.01,0.01,2324.149949,1776402420000
1776402422.59,122.59,0.51,48.7,0.43,8.87,0.52,252.0,0.53,53.0,0.48,20.0,0.47,28.0,0.49,44.58,0.5,80.23,0.01,0.01,2324.151095,1776402421000
1776402422.806,122.806,0.42,23.9,0.41,63.0,0.43,26.0,0.44,25.0,0.51,5.0,0.48,260.2,0.58,19.0,0.59,63.0,0.01,0.07,2324.151095,1776402421000
1776402423.319,123.319,0.38,227.27,0.37,22.87,0.39,54.0,0.4,20.0,0.57,39.2,0.56,30.0,0.58,23.9,0.59,63.0,0.01,0.01,2324.151095,1776402421000
1776402423.939,123.939,0.38,221.27,0.36,54.19,0.39,46.17,0.4,15.0,0.61,54.0,0.6,20.0,0.62,221.27,0.63,22.87,0.01,0.01,2324.335127,1776402422000
1776402424.147,124.147,0.38,221.27,0.36,54.19,0.39,43.02,0.4,15.0,0.61,46.17,0.6,15.0,0.62,221.27,0.64,54.19,0.01,0.01,2324.335127,1776402422000
1776402424.766,124.766,0.38,221.27,0.36,30.32,0.47,0.05,0.48,54.5,0.61,43.02,0.6,15.0,0.62,221.27,0.64,54.19,0.09,0.01,2324.233567,1776402423000
1776402425.26,125.26,0.4,17.0,0.39,15.0,0.41,21.0,0.42,20.0,0.59,11.0,0.58,20.0,0.6,10.8,0.61,10.0,0.01,0.01,2324.183527,1776402424000
1776402426.434,126.434,0.4,6.14,0.39,15.0,0.41,39.0,0.42,20.0,0.59,21.0,0.58,20.0,0.6,17.0,0.61,15.0,0.01,0.01,2324.028251,1776402425000
1776402427.732,127.732,0.4,15.14,0.39,15.0,0.41,29.0,0.42,20.0,0.59,39.0,0.58,20.0,0.6,6.14,0.61,15.0,0.01,0.01,2323.977062,1776402426000
1776402428.959,128.959,0.38,203.27,0.29,10.0,0.39,182.0,0.4,22.0,0.59,29.0,0.58,20.0,0.6,15.14,0.61,15.0,0.01,0.01,2323.843613,1776402427000
1776402429.372,129.372,0.28,35.0,0.27,10.0,0.29,20.0,0.3,23.0,0.69,7.24,0.64,35.18,0.72,10.0,0.73,10.0,0.01,0.03,2323.843613,1776402427000
1776402429.584,129.584,0.28,46.76,0.27,10.0,0.29,15.0,0.3,23.0,0.71,20.0,0.7,23.0,0.72,35.0,0.73,10.0,0.01,0.01,2323.871426,1776402428000
1776402430.438,130.438,0.28,16.0,0.27,10.0,0.29,46.27,0.3,23.0,0.71,15.0,0.7,23.0,0.72,46.76,0.73,10.0,0.01,0.01,2323.87028,1776402429000
1776402430.852,130.852,0.28,31.0,0.27,10.0,0.29,33.27,0.3,23.0,0.71,46.27,0.7,23.0,0.72,16.0,0.73,10.0,0.01,0.01,2323.87028,1776402429000
1776402431.291,131.291,0.28,79.0,0.27,139.67,0.29,15.27,0.3,5.0,0.71,33.27,0.7,23.0,0.72,31.0,0.73,10.0,0.01,0.01,2323.87028,1776402429000
1776402431.728,131.728,0.3,47.88,0.29,46.0,0.31,23.0,0.32,14.0,0.69,5.0,0.68,19.0,0.71,31.0,0.72,85.0,0.01,0.02,2323.256455,1776402430000
1776402432.192,132.192,0.3,68.04,0.29,71.0,0.31,28.0,0.32,13.0,0.69,23.0,0.68,14.0,0.7,47.88,0.71,46.0,0.01,0.01,2323.256455,1776402430000
1776402432.445,132.445,0.29,51.0,0.28,57.0,0.3,65.91,0.31,5.0,0.7,91.91,0.68,12.0,0.71,41.0,0.72,57.0,0.01,0.01,2323.1714,1776402431000
1776402433.946,133.946,0.29,10.0,0.28,10.0,0.32,57.0,0.33,15.0,0.68,32.0,0.67,15.0,0.69,19.09,0.7,10.0,0.03,0.01,2323.26017,1776402432000
1776402434.39,134.39,0.3,5.0,0.29,15.0,0.32,15.0,0.33,10.0,0.69,60.0,0.68,15.0,0.72,9.53,0.73,10.0,0.02,0.03,2323.26017,1776402432000
1776402434.731,134.731,0.3,15.0,0.29,15.0,0.33,10.0,0.34,16.0,0.68,5.0,0.67,10.0,0.69,14.0,0.7,15.0,0.03,0.01,2323.393939,1776402433000
1776402435.316,135.316,0.29,11.59,0.28,9.53,0.31,10.0,0.32,10.0,0.67,10.0,0.66,16.0,0.7,15.0,0.71,15.0,0.02,0.03,2323.393939,1776402433000
1776402436.208,136.208,0.29,5.0,0.28,9.53,0.3,31.99,0.31,10.0,0.69,10.0,0.68,10.0,0.71,11.59,0.72,9.53,0.01,0.02,2323.372173,1776402434000
1776402437.196,137.196,0.29,27.0,0.28,9.53,0.3,0.99,0.32,10.0,0.7,31.99,0.69,10.0,0.71,5.0,0.72,9.53,0.01,0.01,2323.320489,1776402435000
1776402437.85,137.85,0.31,23.47,0.3,5.01,0.32,35.0,0.33,15.0,0.68,10.0,0.67,10.0,0.7,5.01,0.71,22.0,0.01,0.02,2323.380383,1776402436000
1776402438.471,138.471,0.25,6.37,0.24,10.0,0.27,38.0,0.28,20.0,0.68,35.0,0.67,15.0,0.69,23.47,0.7,5.01,0.02,0.01,2323.380383,1776402436000
1776402438.865,138.865,0.25,0.62,0.24,10.0,0.26,44.0,0.27,28.0,0.73,38.0,0.72,20.0,0.75,6.37,0.76,10.0,0.01,0.02,2323.281546,1776402437000
1776402443.538,143.538,0.21,50.16,0.2,32.5,0.23,5.0,0.24,11.0,0.74,44.0,0.73,28.0,0.75,0.62,0.76,10.0,0.02,0.01,2323.0455,1776402442000
1776402444.242,144.242,0.28,13.46,0.27,15.0,0.29,44.0,0.3,10.0,0.73,1.59,0.72,5.0,0.75,15.0,0.76,17.0,0.01,0.02,2322.984079,1776402443000
1776402448.251,148.251,0.28,20.18,0.27,15.0,0.29,57.59,0.3,10.0,0.71,44.0,0.7,10.0,0.72,13.46,0.73,15.0,0.01,0.01,2323.119923,1776402446000
1776402450.883,150.883,0.28,23.24,0.27,15.0,0.29,37.59,0.3,10.0,0.71,57.59,0.7,10.0,0.72,20.18,0.73,15.0,0.01,0.01,2323.14976,1776402449000
1776402451.91,151.91,0.29,90.25,0.28,55.0,0.3,17.97,0.33,10.0,0.71,37.59,0.7,10.0,0.72,23.24,0.73,15.0,0.01,0.01,2323.130841,1776402450000
1776402452.425,152.425,0.32,29.36,0.31,74.0,0.33,10.0,0.34,10.0,0.7,11.97,0.67,10.0,0.71,78.52,0.72,55.0,0.01,0.01,2323.130841,1776402450000
1776402452.707,152.707,0.35,28.25,0.34,5.0,0.36,60.33,0.37,10.0,0.67,10.0,0.66,10.0,0.68,29.36,0.69,74.0,0.01,0.01,2323.193368,1776402451000
1776402453.155,153.155,0.35,51.31,0.34,25.0,0.36,118.01,0.38,10.0,0.64,65.33,0.63,10.0,0.65,18.63,0.66,5.0,0.01,0.01,2323.193368,1776402451000
1776402453.364,153.364,0.35,40.0,0.34,15.0,0.38,10.0,0.39,10.0,0.63,6.22,0.62,10.0,0.65,38.72,0.66,15.0,0.03,0.02,2323.217915,1776402452000
1776402454.424,154.424,0.36,22.94,0.35,15.0,0.37,17.5,0.38,10.0,0.63,17.5,0.62,10.0,0.64,5.0,0.65,40.0,0.01,0.01,2323.217915,1776402452000
1776402454.795,154.795,0.38,25.86,0.37,10.0,0.39,25.0,0.4,116.24,0.63,19.5,0.62,5.0,0.64,12.31,0.65,15.0,0.01,0.01,2323.341342,1776402453000
1776402455.419,155.419,0.38,23.27,0.37,10.0,0.39,142.76,0.4,116.24,0.61,25.0,0.6,116.24,0.62,25.86,0.63,10.0,0.01,0.01,2323.45992,1776402454000
1776402455.786,155.786,0.38,8.34,0.37,10.0,0.39,142.76,0.4,116.24,0.61,147.76,0.6,116.24,0.62,13.18,0.63,10.0,0.01,0.01,2323.45992,1776402454000
1776402456.337,156.337,0.37,15.0,0.36,20.0,0.38,30.33,0.39,122.76,0.62,5.0,0.61,147.76,0.63,5.0,0.64,20.0,0.01,0.01,2323.45992,1776402454000
1776402456.584,156.584,0.36,20.0,0.35,20.0,0.38,12.0,0.39,122.76,0.62,30.33,0.61,122.76,0.63,15.0,0.64,20.0,0.02,0.01,2323.45992,1776402454000
1776402457.356,157.356,0.36,74.0,0.35,25.0,0.37,1.22,0.38,5.0,0.62,12.0,0.61,122.76,0.64,20.0,0.65,20.0,0.01,0.02,2323.73075,1776402456000
1776402457.97,157.97,0.39,25.0,0.38,15.0,0.4,91.49,0.43,10.0,0.63,1.22,0.62,5.0,0.64,74.0,0.65,25.0,0.01,0.01,2323.73075,1776402456000
1776402458.379,158.379,0.39,70.0,0.38,25.0,0.4,32.99,0.41,70.36,0.6,68.99,0.57,10.0,0.61,57.0,0.62,25.0,0.01,0.01,2323.73075,1776402456000
1776402458.638,158.638,0.39,147.99,0.38,28.12,0.4,14.63,0.44,5.0,0.6,32.99,0.59,70.36,0.61,70.0,0.62,25.0,0.01,0.01,2323.679476,1776402457000
1776402459.018,159.018,0.45,52.48,0.44,20.0,0.46,4.97,0.47,10.0,0.54,4.97,0.53,10.0,0.55,20.0,0.56,20.0,0.01,0.01,2323.679476,1776402457000
1776402459.626,159.626,0.51,34.81,0.5,35.0,0.52,5.0,0.53,10.0,0.43,29.7,0.42,29.8,0.55,52.48,0.56,20.0,0.01,0.12,2323.786173,1776402458000
1776402459.877,159.877,0.51,49.19,0.5,40.0,0.52,5.0,0.53,15.0,0.48,5.0,0.47,15.0,0.49,49.81,0.5,40.0,0.01,0.01,2323.786173,1776402458000
1776402460.08,160.08,0.51,39.19,0.5,40.0,0.52,5.0,0.53,15.0,0.48,5.0,0.47,15.0,0.49,49.19,0.5,40.0,0.01,0.01,2323.786173,1776402458000
1776402460.505,160.505,0.51,22.19,0.5,40.0,0.52,115.09,0.53,15.0,0.48,5.0,0.47,15.0,0.49,34.19,0.5,40.0,0.01,0.01,2323.925535,1776402459000
1776402460.939,160.939,0.51,19.81,0.5,40.0,0.52,98.84,0.53,5.0,0.48,120.09,0.47,15.0,0.49,9.81,0.5,40.0,0.01,0.01,2323.925535,1776402459000
1776402461.158,161.158,0.51,29.01,0.5,40.0,0.52,48.84,0.53,5.0,0.48,98.84,0.47,5.0,0.49,9.81,0.5,40.0,0.01,0.01,2323.925535,1776402459000
1776402461.368,161.368,0.52,10.0,0.51,36.01,0.53,5.0,0.54,15.0,0.46,14.52,0.45,114.95,0.48,10.0,0.49,36.01,0.01,0.02,2323.925535,1776402459000
1776402461.997,161.997,0.52,20.0,0.51,9.81,0.53,17.25,0.54,15.0,0.47,5.0,0.46,15.0,0.48,10.0,0.49,36.01,0.01,0.01,2324.057193,1776402460000
1776402462.398,162.398,0.53,127.38,0.52,55.0,0.55,104.94,0.58,17.0,0.46,15.0,0.45,114.95,0.47,41.18,0.48,79.2,0.02,0.01,2324.057193,1776402460000
1776402462.622,162.622,0.54,83.0,0.53,80.88,0.55,14.31,0.57,10.0,0.45,21.95,0.43,10.0,0.46,83.0,0.47,80.88,0.01,0.01,2324.159618,1776402461000
1776402463.092,163.092,0.54,28.0,0.53,25.88,0.55,37.88,0.56,10.0,0.45,14.31,0.43,10.0,0.46,83.0,0.47,80.88,0.01,0.01,2324.159618,1776402461000
1776402463.319,163.319,0.53,20.88,0.46,50.0,0.54,377.61,0.55,91.19,0.45,296.19,0.44,10.0,0.47,25.88,0.54,50.0,0.01,0.02,2324.184764,1776402462000
1776402463.685,163.685,0.46,35.9,0.45,15.0,0.47,159.0,0.48,24.0,0.53,48.0,0.52,24.0,0.54,49.9,0.55,15.0,0.01,0.01,2324.184764,1776402462000
1776402464.157,164.157,0.46,76.22,0.45,10.0,0.47,143.0,0.48,24.0,0.53,164.0,0.52,24.0,0.54,28.13,0.55,15.0,0.01,0.01,2324.232799,1776402463000
1776402464.601,164.601,0.46,74.18,0.45,10.0,0.47,252.33,0.48,24.0,0.53,143.0,0.52,24.0,0.54,74.18,0.55,10.0,0.01,0.01,2324.232799,1776402463000
1776402464.835,164.835,0.46,14.36,0.45,10.0,0.47,259.43,0.48,24.0,0.53,247.33,0.52,24.0,0.54,66.4,0.55,10.0,0.01,0.01,2324.232799,1776402463000
1776402465.177,165.177,0.46,27.32,0.45,15.0,0.47,174.63,0.48,14.0,0.53,259.43,0.52,24.0,0.54,14.36,0.55,10.0,0.01,0.01,2324.232799,1776402463000
1776402465.981,165.981,0.46,58.87,0.45,10.0,0.47,133.91,0.5,10.0,0.53,174.63,0.52,14.0,0.54,27.32,0.55,15.0,0.01,0.01,2324.107566,1776402464000
1776402466.749,166.749,0.46,7.67,0.45,15.0,0.47,133.91,0.49,5.0,0.53,133.91,0.5,10.0,0.54,58.87,0.55,10.0,0.01,0.01,2324.028916,1776402465000
1776402467.006,167.006,0.46,15.63,0.45,10.0,0.47,133.91,0.49,5.0,0.53,133.91,0.51,5.0,0.54,7.67,0.55,15.0,0.01,0.01,2324.028916,1776402465000
1776402467.429,167.429,0.46,13.59,0.45,10.0,0.47,120.69,0.49,5.0,0.53,125.69,0.51,5.0,0.54,15.63,0.55,10.0,0.01,0.01,2324.028916,1776402465000
1776402467.82,167.82,0.46,7.96,0.45,10.0,0.47,125.69,0.49,5.0,0.53,120.69,0.51,5.0,0.54,13.59,0.55,10.0,0.01,0.01,2324.134592,1776402466000
1776402468.169,168.169,0.46,5.92,0.45,10.0,0.47,112.47,0.49,5.0,0.53,117.47,0.51,5.0,0.54,7.96,0.55,10.0,0.01,0.01,2324.134592,1776402466000
1776402468.634,168.634,0.46,4.06,0.45,10.0,0.47,112.47,0.49,15.0,0.53,112.47,0.51,5.0,0.54,5.92,0.55,10.0,0.01,0.01,2324.10128,1776402467000
1776402469.02,169.02,0.46,2.02,0.45,10.0,0.47,0.66,0.49,15.0,0.53,112.47,0.51,15.0,0.54,4.06,0.55,10.0,0.01,0.01,2324.10128,1776402467000
1776402469.427,169.427,0.45,6.76,0.44,10.0,0.47,17.06,0.49,15.0,0.53,0.66,0.51,15.0,0.54,2.02,0.55,10.0,0.02,0.01,2324.224065,1776402468000
1776402469.79,169.79,0.45,9.23,0.44,15.0,0.46,21.4,0.47,0.66,0.53,17.06,0.51,15.0,0.55,6.76,0.56,10.0,0.01,0.02,2324.224065,1776402468000
1776402470.709,170.709,0.39,35.0,0.38,45.0,0.46,164.4,0.47,10.66,0.54,21.4,0.53,0.66,0.55,9.23,0.56,15.0,0.07,0.01,2324.224065,1776402468000
1776402471.165,171.165,0.36,35.0,0.34,10.0,0.37,1.4,0.38,107.0,0.54,164.4,0.53,10.66,0.61,35.0,0.62,45.0,0.01,0.07,2324.2374,1776402469000
1776402471.415,171.415,0.36,5.0,0.35,10.0,0.37,84.4,0.38,97.0,0.63,1.4,0.62,107.0,0.64,35.0,0.66,10.0,0.01,0.01,2324.2374,1776402469000
1776402472.274,172.274,0.35,2.83,0.34,40.0,0.37,94.4,0.38,81.0,0.63,84.4,0.62,81.0,0.65,8.45,0.66,40.0,0.02,0.02,2324.179265,1776402470000
1776402474.068,174.068,0.35,9.87,0.34,22.7,0.37,93.0,0.38,81.0,0.63,94.4,0.62,81.0,0.65,2.83,0.66,40.0,0.02,0.02,2323.817397,1776402472000
1776402475.578,175.578,0.35,10.33,0.34,10.0,0.36,103.9,0.37,81.0,0.63,93.0,0.62,81.0,0.65,9.87,0.66,22.7,0.01,0.02,2323.77057,1776402474000
1776402476.06,176.06,0.35,10.0,0.34,10.0,0.36,75.64,0.37,71.0,0.64,96.2,0.63,81.0,0.65,10.0,0.66,10.0,0.01,0.01,2323.77057,1776402474000
1776402476.744,176.744,0.35,13.06,0.34,10.0,0.36,75.64,0.37,71.0,0.64,75.64,0.63,71.0,0.65,10.0,0.66,10.0,0.01,0.01,2323.770015,1776402475000
1776402477.47,177.47,0.35,13.06,0.34,15.0,0.36,75.64,0.37,71.0,0.64,75.64,0.63,71.0,0.65,13.06,0.66,10.0,0.01,0.01,2323.770015,1776402475000
1776402478.612,178.612,0.35,11.12,0.34,15.0,0.36,75.64,0.37,71.0,0.64,75.64,0.63,71.0,0.65,13.06,0.66,15.0,0.01,0.01,2323.771441,1776402477000
1776402478.999,178.999,0.35,44.0,0.34,10.8,0.36,14.64,0.37,22.0,0.64,26.64,0.63,22.0,0.66,10.8,0.67,15.0,0.01,0.02,2323.771441,1776402477000
1776402480.863,180.863,0.36,18.43,0.35,15.0,0.37,22.0,0.38,32.0,0.63,22.0,0.62,22.0,0.65,44.0,0.66,10.8,0.01,0.02,2323.781299,1776402478000
1776402481.106,181.106,0.35,7.54,0.34,29.79,0.36,15.0,0.37,94.0,0.63,96.0,0.62,32.0,0.65,15.0,0.66,29.79,0.01,0.02,2323.781299,1776402478000
1776402481.92,181.92,0.33,17.67,0.32,5.0,0.34,131.86,0.35,10.0,0.64,15.0,0.63,94.0,0.65,7.54,0.66,29.79,0.01,0.01,2323.853697,1776402480000
1776402482.694,182.694,0.28,5.4,0.21,50.0,0.32,97.66,0.33,101.02,0.66,131.86,0.65,15.0,0.69,79.87,0.7,37.0,0.04,0.03,2323.824991,1776402481000
1776402484.393,184.393,0.24,5.0,0.23,18.12,0.25,37.86,0.26,61.0,0.7,10.0,0.69,3.62,0.71,11.09,0.78,30.0,0.01,0.01,2323.56667,1776402483000
1776402485.166,185.166,0.24,0.35,0.23,10.0,0.25,141.52,0.26,56.0,0.75,37.86,0.74,61.0,0.76,5.0,0.77,18.12,0.01,0.01,2323.56667,1776402483000
1776402485.874,185.874,0.23,5.12,0.22,10.0,0.25,21.0,0.26,21.0,0.75,136.91,0.74,56.0,0.77,5.12,0.78,10.0,0.02,0.02,2323.2631,1776402484000
1776402487.292,187.292,0.25,15.79,0.24,10.0,0.26,96.0,0.27,10.0,0.74,21.0,0.72,10.0,0.77,5.12,0.78,10.0,0.01,0.03,2323.212813,1776402486000
1776402490.085,190.085,0.25,20.79,0.24,10.0,0.26,17.0,0.27,10.0,0.74,96.0,0.73,10.0,0.75,15.79,0.76,10.0,0.01,0.01,2323.266385,1776402488000
1776402496.937,196.937,0.27,11.0,0.26,21.0,0.28,75.85,0.29,33.33,0.74,17.0,0.73,10.0,0.75,20.79,0.76,10.0,0.01,0.01,2323.423862,1776402495000
1776402497.424,197.424,0.28,20.0,0.27,46.39,0.29,44.08,0.31,3.62,0.72,75.85,0.71,33.33,0.73,11.0,0.74,21.0,0.01,0.01,2323.427722,1776402496000
1776402497.725,197.725,0.28,41.0,0.27,41.39,0.32,10.0,0.33,159.25,0.71,38.08,0.69,3.62,0.72,20.0,0.73,46.39,0.04,0.01,2323.427722,1776402496000
1776402498.205,198.205,0.31,17.54,0.3,25.0,0.32,152.35,0.33,159.25,0.68,56.0,0.67,159.25,0.69,19.4,0.7,25.0,0.01,0.01,2323.427722,1776402496000
1776402498.851,198.851,0.31,1.54,0.28,6.0,0.32,220.35,0.33,159.25,0.68,152.35,0.67,159.25,0.69,17.54,0.7,25.0,0.01,0.01,2323.427722,1776402496000
1776402500.323,200.323,0.27,10.39,0.26,66.0,0.28,62.42,0.29,108.99,0.68,186.35,0.67,159.25,0.72,6.0,0.73,26.39,0.01,0.04,2323.510813,1776402499000
1776402500.809,200.809,0.27,2.37,0.26,66.0,0.28,67.42,0.29,113.99,0.72,67.42,0.71,113.99,0.73,3.88,0.74,66.0,0.01,0.01,2323.510813,1776402499000
1776402501.108,201.108,0.26,16.0,0.25,15.0,0.28,72.42,0.29,113.99,0.72,72.42,0.71,113.99,0.73,0.31,0.74,56.0,0.02,0.01,2323.510813,1776402499000
1776402502.388,202.388,0.25,5.8,0.24,10.0,0.26,21.0,0.27,102.56,0.72,72.42,0.71,113.99,0.76,15.0,0.77,27.06,0.01,0.04,2323.507473,1776402501000
1776402504.329,204.329,0.25,20.0,0.24,15.0,0.26,44.2,0.27,10.0,0.74,21.0,0.73,102.56,0.75,5.8,0.76,10.0,0.01,0.01,2323.455328,1776402503000
1776402504.868,204.868,0.26,11.18,0.25,15.0,0.27,38.0,0.28,10.0,0.73,10.0,0.72,10.0,0.75,15.0,0.76,15.0,0.01,0.02,2323.455328,1776402503000
1776402505.278,205.278,0.26,6.48,0.25,15.0,0.27,46.84,0.28,10.0,0.73,38.0,0.72,10.0,0.74,11.18,0.75,15.0,0.01,0.01,2323.455328,1776402503000
1776402506.169,206.169,0.16,15.46,0.14,49.9,0.25,12.0,0.27,284.97,0.73,46.84,0.72,10.0,0.74,6.48,0.75,15.0,0.09,0.01,2323.453929,1776402504000
1776402506.523,206.523,0.17,6.06,0.14,50.9,0.27,72.56,0.28,10.0,0.75,12.0,0.74,50.0,0.84,15.36,0.86,50.9,0.1,0.09,2323.453929,1776402504000
1776402507.282,207.282,0.18,3.41,0.16,55.0,0.19,109.09,0.2,48.0,0.73,60.56,0.72,10.0,0.83,6.06,0.86,50.9,0.01,0.1,2323.481405,1776402506000
1776402507.565,207.565,0.16,42.75,0.14,15.0,0.19,114.09,0.2,48.0,0.81,114.09,0.8,43.0,0.82,0.33,0.84,50.0,0.03,0.01,2323.481405,1776402506000
1776402507.787,207.787,0.16,31.44,0.14,15.0,0.17,66.09,0.18,10.0,0.83,10.0,0.82,26.43,0.84,41.44,0.86,15.0,0.01,0.01,2323.481405,1776402506000
1776402508.607,208.607,0.16,28.36,0.14,20.0,0.17,58.09,0.18,10.0,0.83,66.09,0.82,10.0,0.84,31.44,0.86,15.0,0.01,0.01,2323.266323,1776402507000
1776402508.943,208.943,0.16,76.81,0.14,20.0,0.17,46.09,0.18,10.0,0.83,58.09,0.82,10.0,0.84,28.36,0.86,20.0,0.01,0.01,2323.266323,1776402507000
1776402509.348,209.348,0.16,13.8,0.14,20.0,0.17,209.8,0.18,10.0,0.83,46.09,0.82,10.0,0.84,70.59,0.86,20.0,0.01,0.01,2323.266323,1776402507000
1776402509.736,209.736,0.16,33.8,0.14,15.0,0.17,63.09,0.18,10.0,0.83,209.8,0.82,10.0,0.84,13.8,0.86,20.0,0.01,0.01,2323.098213,1776402508000
1776402510.129,210.129,0.14,12.4,0.13,20.0,0.17,65.09,0.18,10.0,0.83,65.09,0.82,10.0,0.84,2.58,0.86,15.0,0.03,0.01,2323.072825,1776402509000
1776402510.436,210.436,0.14,6.49,0.13,20.0,0.15,69.15,0.16,17.0,0.85,22.49,0.84,36.66,0.86,7.4,0.87,20.0,0.01,0.01,2323.072825,1776402509000
1776402510.982,210.982,0.13,14.15,0.12,15.0,0.15,64.15,0.16,29.0,0.85,64.15,0.84,17.0,0.86,1.73,0.87,20.0,0.02,0.01,2323.072825,1776402509000
1776402511.646,211.646,0.12,46.05,0.11,15.0,0.14,32.49,0.16,12.0,0.85,64.15,0.84,29.0,0.87,14.15,0.88,15.0,0.02,0.02,2323.133954,1776402510000
1776402511.855,211.855,0.12,443.12,0.11,113.0,0.13,2.49,0.16,12.0,0.86,32.49,0.84,12.0,0.88,46.05,0.89,15.0,0.01,0.02,2323.133954,1776402510000
1776402512.809,212.809,0.24,7.0,0.23,15.0,0.26,10.0,0.28,32.77,0.76,5.04,0.75,10.0,0.78,8.71,0.79,15.0,0.02,0.02,2323.057868,1776402511000
1776402513.326,213.326,0.23,6.21,0.21,10.06,0.24,10.0,0.25,3.69,0.75,3.69,0.72,32.77,0.77,15.0,0.78,8.71,0.01,0.02,2323.102383,1776402512000
1776402513.876,213.876,0.23,23.17,0.22,15.06,0.26,5.0,0.27,10.0,0.76,3.69,0.73,10.0,0.77,6.21,0.79,10.06,0.03,0.01,2323.102383,1776402512000
1776402515.22,215.22,0.23,5.0,0.22,5.0,0.24,3.0,0.25,17.0,0.73,8.63,0.72,25.77,0.76,0.19,0.77,20.0,0.01,0.03,2323.5213,1776402514000
1776402516.081,216.081,0.22,5.0,0.21,20.0,0.24,3.0,0.25,10.0,0.76,3.0,0.75,10.0,0.77,5.0,0.78,5.0,0.02,0.01,2323.5213,1776402514000
1776402517.423,217.423,0.22,6.23,0.21,35.0,0.23,29.66,0.24,37.23,0.76,3.0,0.75,10.0,0.78,5.0,0.79,20.0,0.01,0.02,2323.540321,1776402516000
1776402519.213,219.213,0.21,30.0,0.2,44.0,0.22,22.34,0.23,10.0,0.77,29.66,0.76,37.23,0.78,6.23,0.79,35.0,0.01,0.01,2323.548941,1776402518000
1776402519.857,219.857,0.21,53.06,0.2,44.0,0.22,5.34,0.23,10.0,0.78,22.34,0.77,10.0,0.79,19.0,0.8,44.0,0.01,0.01,2323.548941,1776402518000
1776402520.229,220.229,0.2,17.06,0.19,29.0,0.23,41.99,0.24,10.0,0.77,10.0,0.76,10.0,0.79,11.06,0.8,44.0,0.03,0.02,2323.607214,1776402519000
1776402521.477,221.477,0.2,5.0,0.19,28.06,0.21,23.07,0.22,10.0,0.77,41.99,0.76,10.0,0.8,17.06,0.81,29.0,0.01,0.03,2323.607214,1776402519000
1776402522.125,222.125,0.19,55.06,0.18,63.4,0.2,30.0,0.21,3.07,0.79,23.07,0.78,10.0,0.8,5.0,0.81,28.06,0.01,0.01,2323.557748,1776402520000
1776402524.688,224.688,0.17,4.18,0.16,42.8,0.18,75.0,0.19,22.0,0.8,30.0,0.79,3.07,0.81,55.06,0.82,63.4,0.01,0.01,2323.496183,1776402523000
1776402525.824,225.824,0.16,41.72,0.15,45.26,0.17,47.0,0.18,40.0,0.82,75.0,0.81,22.0,0.83,4.18,0.84,42.8,0.01,0.01,2323.526194,1776402524000
1776402526.355,226.355,0.15,45.26,0.14,65.9,0.17,47.0,0.18,30.0,0.83,47.0,0.82,40.0,0.84,41.72,0.85,45.26,0.02,0.01,2323.526194,1776402524000
1776402527.145,227.145,0.12,186.0,0.11,53.79,0.14,91.0,0.15,32.0,0.83,47.0,0.82,30.0,0.85,45.26,0.86,65.9,0.02,0.02,2323.39661,1776402526000
1776402527.763,227.763,0.12,161.37,0.11,94.79,0.13,69.0,0.14,49.0,0.86,91.0,0.85,32.0,0.88,186.0,0.89,53.79,0.01,0.02,2323.39661,1776402526000
1776402528.122,228.122,0.12,114.31,0.11,78.85,0.13,69.0,0.14,49.0,0.87,69.0,0.86,49.0,0.88,161.37,0.89,94.79,0.01,0.01,2323.39661,1776402526000
1776402528.712,228.712,0.11,48.79,0.1,65.0,0.12,88.12,0.13,49.0,0.87,69.0,0.86,49.0,0.88,114.31,0.89,78.85,0.01,0.01,2323.403185,1776402527000
1776402528.958,228.958,0.11,36.79,0.1,91.0,0.12,110.12,0.13,49.0,0.88,88.12,0.87,49.0,0.89,48.79,0.9,65.0,0.01,0.01,2323.403185,1776402527000
1776402529.622,229.622,0.1,10.0,0.09,11.0,0.11,94.0,0.12,66.12,0.88,110.12,0.87,49.0,0.89,36.79,0.9,91.0,0.01,0.01,2323.351299,1776402528000
1776402529.955,229.955,0.09,5.46,0.08,53.06,0.1,68.8,0.11,17.0,0.89,94.0,0.88,66.12,0.91,0.46,0.92,53.06,0.01,0.02,2323.351299,1776402528000
1776402531.577,231.577,0.09,4.26,0.08,54.0,0.1,66.74,0.11,17.0,0.9,66.74,0.89,17.0,0.91,5.46,0.92,63.06,0.01,0.01,2323.101665,1776402530000
1776402532.297,232.297,0.08,48.26,0.07,150.3,0.1,66.74,0.11,17.0,0.9,66.74,0.89,17.0,0.91,4.26,0.92,54.0,0.02,0.01,2323.02246,1776402531000
1776402532.806,232.806,0.08,48.26,0.07,104.36,0.09,43.53,0.1,30.31,0.91,60.53,0.9,30.31,0.92,48.26,0.93,150.3,0.01,0.01,2323.02246,1776402531000
1776402534.863,234.863,0.08,18.16,0.07,141.3,0.09,25.63,0.1,30.31,0.91,43.53,0.9,30.31,0.92,45.16,0.93,104.36,0.01,0.01,2323.038886,1776402533000
1776402535.65,235.65,0.07,14.0,0.06,16.0,0.09,87.63,0.1,40.31,0.91,25.63,0.9,30.31,0.92,18.16,0.93,141.3,0.02,0.01,2323.048921,1776402534000
1776402535.874,235.874,0.05,20.0,0.04,35.0,0.08,114.06,0.09,46.0,0.92,130.06,0.91,46.0,0.93,0.21,0.94,16.0,0.03,0.01,2323.048921,1776402534000
1776402536.083,236.083,0.03,157.14,0.02,321.74,0.04,106.63,0.05,15.0,0.92,114.06,0.91,46.0,0.97,285.84,0.98,505.44,0.01,0.05,2323.048921,1776402534000
1776402536.308,236.308,0.02,272.22,0.01,3066.97,0.03,33.0,0.04,20.0,0.97,15.0,0.96,47.0,0.98,324.22,0.99,3066.97,0.01,0.01,2323.048921,1776402534000
1776402536.633,236.633,0.01,861.42,,,0.02,91.73,0.03,51.0,0.98,70.0,0.97,33.0,0.99,2339.09,,,0.01,0.01,2323.050315,1776402535000
1776402536.938,236.938,0.01,744.96,,,0.02,256.68,0.03,172.0,0.98,178.73,0.97,166.0,0.99,754.96,,,0.01,0.01,2323.050315,1776402535000
1776402537.281,237.281,0.01,742.93,,,0.02,256.68,0.03,223.0,0.98,256.68,0.97,172.0,0.99,744.96,,,0.01,0.01,2323.023517,1776402536000
1776402537.702,237.702,0.01,741.95,,,0.06,1.13,0.07,241.38,0.98,159.39,0.97,254.0,0.99,735.85,,,0.05,0.01,2323.023517,1776402536000
1776402538.091,238.091,0.01,966.74,,,0.03,74.0,0.05,10.0,0.98,11.0,0.94,1.13,0.99,723.85,,,0.02,0.01,2323.023517,1776402536000
1776402538.373,238.373,0.02,4.94,0.01,10.0,0.03,184.0,0.05,10.0,0.97,143.0,0.95,10.0,,,,,0.01,,2321.174478,1776402537000
1776402538.66,238.66,0.02,50.0,0.01,114.98,0.03,224.0,0.04,37.5,0.97,217.0,0.96,37.5,0.98,37.31,0.99,83.98,0.01,0.01,2321.174478,1776402537000
1776402538.887,238.887,0.02,34.73,0.01,119.98,0.04,12.16,0.05,10.0,0.96,12.16,0.95,10.0,0.98,44.89,0.99,119.98,0.02,0.02,2321.174478,1776402537000
1776402539.224,239.224,0.03,35.0,0.02,34.73,0.07,107.0,0.08,19.4,0.96,12.16,0.95,10.0,0.97,40.0,0.98,34.73,0.04,0.01,2321.174952,1776402538000
1776402539.525,239.525,0.05,37.0,0.04,28.0,0.06,36.01,0.07,117.0,0.94,37.01,0.93,117.0,0.95,17.0,0.96,28.0,0.01,0.01,2321.174952,1776402538000
1776402539.857,239.857,0.03,3.74,0.02,9.73,0.04,38.0,0.05,15.0,0.96,11.0,0.95,10.0,0.97,9.0,0.98,9.73,0.01,0.01,2321.174952,1776402538000
1776402540.06,240.06,0.03,3.74,0.02,9.73,0.04,5.0,0.05,35.0,0.96,38.0,0.95,15.0,0.97,3.74,0.98,9.73,0.01,0.01,2321.174952,1776402538000
1776402540.415,240.415,0.05,36.15,0.02,103.4,0.06,10.0,0.07,35.0,0.96,5.0,0.95,35.0,0.98,2.35,0.99,163.98,0.01,0.02,2321.23255,1776402539000
1776402540.686,240.686,0.06,7.87,0.05,46.15,0.07,18.0,0.08,28.31,0.92,10.31,0.91,10.0,0.95,60.15,0.96,127.0,0.01,0.03,2321.23255,1776402539000
1776402540.895,240.895,0.07,2.13,0.06,60.0,0.09,10.0,0.1,10.0,0.91,10.0,0.9,10.0,0.93,18.0,0.94,60.0,0.02,0.02,2321.23255,1776402539000
1776402541.236,241.236,0.09,24.01,0.08,65.0,0.1,8.77,0.12,147.64,0.92,20.0,0.91,23.0,0.94,37.13,0.95,71.15,0.01,0.02,2321.777019,1776402540000
1776402541.438,241.438,0.11,85.0,0.1,223.83,0.16,6.07,0.17,16.02,0.86,6.07,0.85,10.0,0.89,85.0,0.9,223.83,0.05,0.03,2321.777019,1776402540000
1776402541.638,241.638,0.13,21.13,0.12,35.0,0.14,46.0,0.15,10.0,0.86,46.0,0.85,10.0,0.87,46.36,0.88,35.0,0.01,0.01,2321.777019,1776402540000
1776402542.066,242.066,0.13,17.67,0.12,35.0,0.15,6.37,0.16,10.0,0.86,2.0,0.85,10.0,0.87,17.67,0.88,35.0,0.02,0.01,2321.777019,1776402540000
1776402542.274,242.274,0.12,24.39,0.11,105.0,0.14,10.0,0.15,6.37,0.86,10.0,0.85,6.37,0.87,0.37,0.88,35.0,0.02,0.01,2321.777019,1776402540000
1776402542.767,242.767,0.12,4.31,0.11,105.0,0.13,49.0,0.14,15.0,0.87,34.0,0.86,10.0,0.88,31.39,0.89,105.0,0.01,0.01,2321.967179,1776402541000
1776402542.981,242.981,0.11,67.0,0.1,269.83,0.13,49.0,0.14,15.0,0.87,54.0,0.86,15.0,0.89,104.31,0.9,269.83,0.02,0.02,2321.967179,1776402541000
1776402543.45,243.45,0.11,67.0,0.1,239.83,0.12,4.0,0.13,54.0,0.87,49.0,0.86,15.0,0.89,67.0,0.9,269.83,0.01,0.02,2322.471745,1776402542000
1776402543.674,243.674,0.11,17.25,0.1,239.83,0.12,4.0,0.13,54.0,0.88,4.0,0.87,54.0,0.89,18.28,0.9,239.83,0.01,0.01,2322.471745,1776402542000
1776402544.169,244.169,0.11,5.0,0.1,284.83,0.12,19.0,0.13,54.0,0.88,4.0,0.87,54.0,0.89,16.86,0.9,284.83,0.01,0.01,2322.471745,1776402542000
1776402544.985,244.985,0.07,9.9,0.06,12.13,0.08,88.97,0.09,31.0,0.88,13.0,0.87,54.0,0.89,5.0,0.9,214.83,0.01,0.01,2322.835686,1776402543000
1776402545.33,245.33,0.07,25.82,0.06,12.13,0.08,150.97,0.09,25.0,0.92,88.97,0.91,31.0,0.93,9.9,0.94,12.13,0.01,0.01,2322.835686,1776402543000
1776402545.636,245.636,0.07,25.82,0.06,42.13,0.08,65.0,0.09,15.0,0.92,150.97,0.91,25.0,0.93,25.82,0.94,12.13,0.01,0.01,2322.832218,1776402544000
1776402546.07,246.07,0.06,12.13,0.05,76.15,0.08,2.5,0.09,15.0,0.92,2.5,0.91,15.0,0.93,50.74,0.94,12.13,0.02,0.01,2322.832218,1776402544000
1776402546.78,246.78,0.06,133.06,0.05,76.15,0.07,15.0,0.08,7.5,0.92,2.5,0.91,15.0,0.94,12.13,0.95,76.15,0.01,0.02,2322.77773,1776402545000
1776402547.552,247.552,0.06,58.59,0.05,76.15,0.07,21.0,0.08,7.5,0.93,15.0,0.92,7.5,0.94,133.06,0.95,76.15,0.01,0.01,2322.391065,1776402546000
1776402548.149,248.149,0.07,8.0,0.06,87.59,0.08,7.5,0.09,30.0,0.93,26.0,0.92,7.5,0.94,63.59,0.95,76.15,0.01,0.01,2322.521566,1776402547000
1776402548.472,248.472,0.07,13.0,0.06,63.59,0.08,5.0,0.09,30.0,0.92,7.5,0.91,30.0,0.93,8.0,0.94,87.59,0.01,0.01,2322.521566,1776402547000
1776402549.822,249.822,0.08,13.86,0.07,7.62,0.09,10.0,0.1,29.0,0.92,5.0,0.91,30.0,0.93,7.62,0.94,63.59,0.01,0.01,2322.506246,1776402548000
1776402551.23,251.23,0.06,10.0,0.05,46.15,0.09,21.0,0.1,20.0,0.91,10.0,0.9,29.0,0.92,13.86,0.93,7.62,0.03,0.01,2322.51519,1776402549000
1776402551.498,251.498,0.06,3.87,0.05,46.15,0.07,71.97,0.08,32.0,0.93,48.97,0.92,32.0,0.94,5.0,0.95,46.15,0.01,0.01,2322.667742,1776402550000
1776402552.402,252.402,0.05,69.9,0.04,10.0,0.06,130.97,0.07,24.0,0.93,48.97,0.92,32.0,0.95,46.15,0.96,10.0,0.01,0.02,2322.668546,1776402551000
1776402553.653,253.653,0.05,62.9,0.04,10.0,0.06,130.97,0.07,24.0,0.94,130.97,0.93,24.0,0.95,69.9,0.96,10.0,0.01,0.01,2322.625103,1776402552000
1776402554.006,254.006,0.05,49.9,0.04,10.0,0.06,130.97,0.07,24.0,0.94,125.97,0.93,24.0,0.95,57.9,0.96,10.0,0.01,0.01,2322.389786,1776402553000
1776402554.636,254.636,0.05,49.9,0.04,10.0,0.06,103.97,0.07,5.0,0.94,130.97,0.93,24.0,0.95,49.9,0.96,10.0,0.01,0.01,2322.389786,1776402553000
1776402554.935,254.935,0.06,5.07,0.05,49.9,0.07,24.97,0.09,22.0,0.88,15.97,0.87,46.8,0.95,49.9,0.96,10.0,0.01,0.07,2322.389786,1776402553000
1776402555.187,255.187,0.05,44.39,0.04,10.0,0.07,83.97,0.09,10.0,0.93,24.97,0.91,22.0,0.94,5.07,0.95,49.9,0.02,0.01,2322.334077,1776402554000
1776402555.692,255.692,0.05,44.39,0.04,10.0,0.07,101.97,0.08,5.0,0.93,59.97,0.92,28.0,0.94,1.92,0.95,44.39,0.02,0.01,2322.334077,1776402554000
1776402555.895,255.895,0.05,17.39,0.04,10.0,0.06,69.0,0.07,35.0,0.94,29.0,0.93,57.0,0.95,7.39,0.96,10.0,0.01,0.01,2322.334077,1776402554000
1776402556.174,256.174,0.05,2.24,0.04,10.0,0.06,64.0,0.07,35.0,0.94,69.0,0.93,35.0,0.95,17.39,0.96,10.0,0.01,0.01,2322.346037,1776402555000
1776402557.571,257.571,0.05,11.72,0.04,10.0,0.06,29.0,0.07,70.3,0.94,64.0,0.93,35.0,0.95,2.24,0.96,10.0,0.01,0.01,2322.303211,1776402556000
1776402558.267,258.267,0.05,0.87,0.04,10.0,0.06,117.8,0.07,80.3,0.94,29.0,0.93,70.3,0.95,11.72,0.96,10.0,0.01,0.01,2322.070861,1776402557000
1776402559.343,259.343,0.04,8.79,0.03,10.0,0.06,112.8,0.07,70.3,0.94,117.8,0.93,80.3,0.95,0.87,0.96,10.0,0.02,0.01,2322.036413,1776402558000
1776402560.085,260.085,0.05,10.0,0.04,8.79,0.06,129.63,0.07,75.3,0.94,112.8,0.93,70.3,0.96,8.79,0.97,10.0,0.01,0.02,2322.0879,1776402559000
1776402560.524,260.524,0.04,8.79,0.03,54.0,0.05,7.73,0.06,26.0,0.94,129.63,0.93,75.3,0.95,10.0,0.96,8.79,0.01,0.01,2322.0879,1776402559000
1776402560.804,260.804,0.04,5.72,0.03,54.0,0.05,7.73,0.06,10.0,0.95,7.73,0.94,26.0,0.96,8.79,0.97,54.0,0.01,0.01,2322.0879,1776402559000
1776402561.091,261.091,0.04,10.0,0.03,49.35,0.1,10.19,0.11,96.79,0.95,7.73,0.94,10.0,0.97,49.35,0.98,37.2,0.06,0.02,2322.0879,1776402559000
1776402563.486,263.486,0.03,1.82,0.02,44.2,0.07,52.0,0.08,182.72,0.9,10.19,0.89,96.79,0.96,8.0,0.97,49.35,0.04,0.06,2322.12221,1776402562000
1776402565.031,265.031,0.04,9.39,0.03,1.82,0.06,39.32,0.07,25.38,0.93,52.0,0.92,182.72,0.97,1.82,0.98,44.2,0.02,0.04,2322.307165,1776402563000
1776402565.52,265.52,0.04,7.34,0.03,1.82,0.05,5.26,0.06,36.32,0.94,39.32,0.93,25.38,0.96,9.39,0.97,1.82,0.01,0.02,2322.293218,1776402564000
1776402566.407,266.407,0.03,1.82,0.02,37.2,0.04,8.36,0.05,5.26,0.95,5.26,0.94,36.32,0.96,7.34,0.97,1.82,0.01,0.01,2322.3924,1776402565000
1776402566.711,266.711,0.03,1.82,0.02,37.2,0.06,10.0,0.07,10.0,0.96,8.36,0.95,5.26,0.97,1.82,0.98,37.2,0.03,0.01,2322.3924,1776402565000
1776402567.461,267.461,0.04,7.91,0.03,1.82,0.05,40.26,0.06,15.32,0.94,10.0,0.93,10.0,0.97,1.82,0.98,37.2,0.01,0.03,2322.371952,1776402566000
1776402570.644,270.644,0.04,6.86,0.03,1.82,0.05,45.26,0.06,15.32,0.95,40.26,0.94,15.32,0.96,7.91,0.97,1.82,0.01,0.01,2322.389546,1776402569000
1776402570.999,270.999,0.03,1.82,0.02,42.2,0.05,45.26,0.06,15.32,0.95,45.26,0.94,15.32,0.96,6.86,0.97,1.82,0.02,0.01,2322.389546,1776402569000
1776402571.395,271.395,0.04,8.22,0.03,1.82,0.05,15.26,0.06,15.0,0.95,45.26,0.94,15.32,0.97,1.82,0.98,42.2,0.01,0.02,2322.4399,1776402570000
1776402571.826,271.826,0.03,1.82,0.02,144.2,0.04,31.78,0.05,10.0,0.95,15.26,0.94,15.0,0.96,8.22,0.97,1.82,0.01,0.01,2322.4399,1776402570000
1776402572.148,272.148,0.02,142.94,0.01,328.04,0.04,36.78,0.05,10.0,0.96,31.78,0.95,10.0,0.97,1.82,0.98,144.2,0.02,0.01,2322.44281,1776402571000
1776402572.812,272.812,0.03,8.0,0.02,147.83,0.04,31.78,0.05,20.26,0.96,36.78,0.95,15.26,0.98,137.83,0.99,328.04,0.01,0.02,2322.44281,1776402571000
1776402573.339,273.339,0.02,147.83,0.01,328.04,0.04,40.78,0.05,15.0,0.96,35.78,0.95,20.26,0.97,8.0,0.98,147.83,0.02,0.01,2322.392816,1776402572000
1776402573.66,273.66,0.02,36.72,0.01,328.04,0.04,35.78,0.05,15.0,0.96,35.78,0.95,15.0,0.98,41.82,0.99,328.04,0.02,0.02,2322.392816,1776402572000
1776402574.564,274.564,0.01,283.75,,,0.03,5.15,0.04,35.78,0.96,35.78,0.95,15.0,0.98,36.72,0.99,328.04,0.02,0.02,2322.434947,1776402573000
1776402574.951,274.951,0.02,7.79,0.01,293.75,0.03,15.15,0.04,35.78,0.97,5.15,0.96,35.78,0.99,283.75,,,0.01,0.02,2322.434947,1776402573000
1776402576.307,276.307,0.01,230.82,,,0.02,70.0,0.03,15.15,0.97,15.15,0.96,35.78,0.98,7.79,0.99,293.75,0.01,0.01,2322.521801,1776402575000
1776402576.873,276.873,0.01,240.82,,,0.02,63.16,0.03,15.15,0.98,70.0,0.97,15.15,0.99,230.82,,,0.01,0.01,2322.521801,1776402575000
1776402577.246,277.246,0.01,240.82,,,0.11,39.52,0.12,10.0,0.98,63.16,0.97,15.15,0.99,240.82,,,0.1,0.01,2322.521801,1776402575000
1776402577.914,277.914,0.03,5.0,0.02,10.0,0.04,5.0,0.05,27.0,0.89,39.52,0.88,10.0,0.99,240.82,,,0.01,0.1,2322.521801,1776402575000
1776402578.594,278.594,0.03,6.0,0.02,10.0,0.04,5.0,0.05,5.0,0.96,5.0,0.95,27.0,0.99,220.01,,,0.01,0.03,2322.454277,1776402577000
1776402578.915,278.915,0.03,10.0,0.02,9.98,0.05,9.16,0.06,36.0,0.96,10.0,0.95,10.0,0.98,9.98,0.99,251.42,0.02,0.02,2322.454277,1776402577000
1776402579.188,279.188,0.03,5.0,0.02,14.98,0.04,10.0,0.05,39.16,0.95,9.16,0.94,36.0,0.97,10.0,0.98,9.98,0.01,0.02,2322.494745,1776402578000
1776402580.115,280.115,0.02,9.72,0.01,246.42,0.04,5.0,0.05,39.16,0.96,10.0,0.95,39.16,0.97,5.0,0.98,14.98,0.02,0.01,2322.494745,1776402578000
1776402580.355,280.355,0.03,8.96,0.02,9.72,0.04,5.0,0.05,39.16,0.96,5.0,0.95,39.16,0.98,9.72,0.99,246.42,0.01,0.02,2322.587,1776402579000
1776402580.615,280.615,0.03,3.85,0.02,9.72,0.04,13.81,0.05,39.16,0.96,5.0,0.95,39.16,0.97,3.85,0.98,9.72,0.01,0.01,2322.587,1776402579000
1776402580.835,280.835,0.02,3.52,0.01,292.6,0.04,13.81,0.05,39.16,0.96,13.81,0.95,39.16,0.97,3.85,0.98,9.72,0.02,0.01,2322.587,1776402579000
1776402581.927,281.927,0.02,2.49,0.01,261.19,0.03,85.0,0.04,13.81,0.96,13.81,0.95,39.16,0.98,3.52,0.99,292.6,0.01,0.02,2322.587,1776402580000
1776402582.971,282.971,0.01,261.19,,,0.02,101.55,0.03,100.31,0.97,85.0,0.96,10.0,0.98,0.49,0.99,261.19,0.01,0.01,2322.54898,1776402581000
1776402583.827,283.827,0.01,259.19,,,0.02,157.55,0.03,95.31,0.98,101.55,0.97,100.31,0.99,261.19,,,0.01,0.01,2322.582,1776402582000
1776402584.212,284.212,0.01,257.19,,,0.02,172.55,0.03,95.31,0.98,157.55,0.97,95.31,0.99,259.19,,,0.01,0.01,2322.582,1776402582000
1776402584.53,284.53,0.01,288.6,,,0.02,167.58,0.03,95.31,0.98,172.55,0.97,95.31,0.99,257.19,,,0.01,0.01,2322.582,1776402582000
1776402584.886,284.886,0.01,263.49,,,0.02,172.58,0.03,95.31,0.98,172.58,0.97,95.31,0.99,273.6,,,0.01,0.01,2322.591467,1776402583000
1776402585.141,285.141,0.01,11.49,,,0.02,152.58,0.03,95.31,0.98,172.58,0.97,95.31,0.99,6.49,,,0.01,0.01,2322.591467,1776402583000
1776402585.433,285.433,,,,,0.01,393.5,0.02,152.58,0.99,53.51,0.98,152.58,,,,,,,2322.605504,1776402584000
1776402589.875,289.875,,,,,0.01,4561.3,0.02,101.58,0.99,526.88,0.98,101.58,,,,,,,2322.604704,1776402588000
1776402595.437,295.437,,,,,0.01,7550.42,0.02,101.58,0.99,4561.3,0.98,101.58,,,,,,,2321.816075,1776402594000
1776402599.029,299.029,,,,,0.01,12642.77,0.02,119.58,0.99,7550.42,0.98,101.58,,,,,,,2321.83126,1776402597000
1776402600.339,300.339,,,,,0.01,71285.62,0.02,216.58,0.99,12642.77,0.98,119.58,,,,,,,2321.812521,1776402599000
