timestamp,elapsed_sec,up_bid_p1,up_bid_s1,up_bid_p2,up_bid_s2,up_ask_p1,up_ask_s1,up_ask_p2,up_ask_s2,down_bid_p1,down_bid_s1,down_bid_p2,down_bid_s2,down_ask_p1,down_ask_s1,down_ask_p2,down_ask_s2,up_spread,down_spread,eth_price,eth_oracle_ts
1776346501.203,1.203,0.49,385.0,0.47,1.31,0.5,5.0,0.51,50.51,0.5,10.0,0.49,50.51,0.51,385.0,0.53,1.31,0.01,0.01,2343.872085,1776346499000
1776346501.817,1.817,0.5,95.0,0.49,467.0,0.51,11.29,0.55,8.88,0.49,50.51,0.45,8.88,0.51,385.0,0.52,70.0,0.01,0.02,2343.88479,1776346500000
1776346502.021,2.021,0.5,77.0,0.49,467.0,0.51,7.76,0.55,8.88,0.49,11.29,0.45,8.88,0.5,95.0,0.51,467.0,0.01,0.01,2343.88479,1776346500000
1776346502.392,2.392,0.5,72.0,0.49,472.0,0.55,6.64,0.58,70.0,0.49,7.76,0.45,8.88,0.5,77.0,0.51,467.0,0.05,0.01,2344.021581,1776346501000
1776346503.144,3.144,0.54,42.73,0.53,18.0,0.55,3.0,0.58,70.0,0.45,6.64,0.44,5.0,0.46,1.73,0.48,55.0,0.01,0.01,2344.342121,1776346502000
1776346503.377,3.377,0.54,26.73,0.53,28.0,0.55,9.4,0.56,10.0,0.45,3.0,0.42,70.0,0.46,42.73,0.47,18.0,0.01,0.01,2344.342121,1776346502000
1776346504.471,4.471,0.54,100.95,0.53,123.0,0.55,5.8,0.56,110.0,0.45,5.8,0.44,10.0,0.46,23.59,0.47,28.0,0.01,0.01,2344.579564,1776346503000
1776346504.951,4.951,0.55,9.45,0.49,390.0,0.56,215.0,0.57,156.0,0.44,110.0,0.43,110.0,0.45,14.45,0.47,23.0,0.01,0.01,2344.579564,1776346503000
1776346505.157,5.157,0.49,371.46,0.48,19.0,0.5,120.0,0.51,110.0,0.5,120.0,0.49,110.0,0.51,375.39,0.52,19.0,0.01,0.01,2344.579564,1776346503000
1776346505.57,5.57,0.49,342.78,0.48,10.0,0.5,104.0,0.51,110.0,0.5,115.0,0.49,110.0,0.51,342.78,0.52,10.0,0.01,0.01,2344.586227,1776346504000
1776346508.389,8.389,0.49,317.32,0.48,5.0,0.5,152.5,0.51,195.0,0.5,104.0,0.49,110.0,0.51,342.78,0.52,10.0,0.01,0.01,2343.90794,1776346507000
1776346508.756,8.756,0.49,307.32,0.47,1.31,0.5,205.5,0.51,195.0,0.5,152.5,0.49,195.0,0.51,317.32,0.52,5.0,0.01,0.01,2343.90794,1776346507000
1776346509.013,9.013,0.49,262.43,0.47,1.31,0.5,205.5,0.51,195.0,0.5,194.5,0.49,195.0,0.51,262.43,0.53,1.31,0.01,0.01,2343.8219,1776346508000
1776346509.29,9.29,0.49,243.43,0.47,1.31,0.5,184.5,0.51,195.0,0.5,205.5,0.49,195.0,0.51,262.43,0.53,1.31,0.01,0.01,2343.8219,1776346508000
1776346509.683,9.683,0.49,273.43,0.47,1.31,0.5,205.5,0.51,195.0,0.5,184.5,0.49,195.0,0.51,238.43,0.53,1.31,0.01,0.01,2343.8219,1776346508000
1776346509.969,9.969,0.49,238.33,0.47,1.31,0.5,155.5,0.51,190.0,0.5,205.5,0.49,195.0,0.51,273.43,0.53,1.31,0.01,0.01,2343.81747,1776346509000
1776346510.233,10.233,0.49,90.5,0.47,1.31,0.5,212.5,0.51,275.0,0.5,221.7,0.49,195.0,0.51,98.45,0.53,1.31,0.01,0.01,2343.81747,1776346509000
1776346510.621,10.621,0.49,52.3,0.48,117.0,0.5,273.5,0.51,305.0,0.5,279.5,0.49,275.0,0.51,58.3,0.53,1.31,0.01,0.01,2343.81747,1776346509000
1776346510.912,10.912,0.49,104.2,0.47,1.31,0.5,268.5,0.51,375.0,0.5,268.5,0.49,305.0,0.51,174.3,0.53,1.31,0.01,0.01,2343.81747,1776346509000
1776346511.536,11.536,0.49,94.39,0.47,1.31,0.5,338.93,0.51,345.0,0.5,268.5,0.49,375.0,0.51,104.2,0.53,1.31,0.01,0.01,2343.410375,1776346510000
1776346511.797,11.797,0.49,136.39,0.47,1.31,0.5,343.93,0.51,415.0,0.5,338.93,0.49,415.0,0.51,115.36,0.53,1.31,0.01,0.01,2343.410375,1776346510000
1776346512.15,12.15,0.49,35.0,0.48,10.0,0.5,202.93,0.51,305.0,0.5,331.39,0.49,415.0,0.51,100.01,0.53,1.31,0.01,0.01,2343.410375,1776346510000
1776346512.36,12.36,0.49,168.0,0.48,20.5,0.5,176.17,0.51,280.0,0.5,202.93,0.49,305.0,0.51,35.0,0.52,10.0,0.01,0.01,2343.0344,1776346511000
1776346512.669,12.669,0.49,30.0,0.48,20.5,0.5,79.35,0.51,290.5,0.5,94.45,0.49,290.5,0.51,162.5,0.52,20.5,0.01,0.01,2343.0344,1776346511000
1776346513.525,13.525,0.49,167.5,0.48,30.5,0.5,12.0,0.51,285.0,0.5,36.83,0.49,290.5,0.51,30.0,0.52,20.5,0.01,0.01,2343.084061,1776346512000
1776346513.761,13.761,0.5,165.3,0.49,155.5,0.51,242.05,0.56,70.0,0.49,247.05,0.44,70.0,0.5,43.3,0.51,177.5,0.01,0.01,2343.084061,1776346512000
1776346513.97,13.97,0.5,207.3,0.49,155.5,0.51,242.64,0.52,5.0,0.49,232.24,0.44,70.0,0.5,189.5,0.51,155.5,0.01,0.01,2343.084061,1776346512000
1776346514.288,14.288,0.5,33.3,0.49,20.5,0.51,109.05,0.54,10.5,0.49,117.64,0.48,5.0,0.5,207.3,0.51,155.5,0.01,0.01,2343.206714,1776346513000
1776346514.762,14.762,0.5,20.5,0.49,20.5,0.51,116.1,0.52,117.0,0.49,104.05,0.48,15.0,0.5,11.66,0.51,20.5,0.01,0.01,2343.206714,1776346513000
1776346515.224,15.224,0.5,13.84,0.49,20.5,0.51,245.15,0.52,32.5,0.49,108.15,0.48,117.0,0.5,9.9,0.51,20.5,0.01,0.01,2343.389597,1776346514000
1776346515.535,15.535,0.47,18.86,0.46,20.5,0.48,177.2,0.49,25.5,0.49,245.15,0.48,32.5,0.5,13.84,0.51,20.5,0.01,0.01,2343.389597,1776346514000
1776346515.761,15.761,0.47,29.19,0.46,20.5,0.48,36.0,0.49,15.0,0.52,55.2,0.51,15.0,0.53,20.08,0.54,20.5,0.01,0.01,2343.389597,1776346514000
1776346516.052,16.052,0.47,262.0,0.46,125.5,0.5,11.0,0.51,178.65,0.52,39.0,0.51,29.0,0.53,21.35,0.54,242.5,0.03,0.01,2343.389597,1776346514000
1776346516.375,16.375,0.49,84.7,0.48,20.5,0.5,22.88,0.51,297.15,0.5,11.0,0.49,178.65,0.53,262.0,0.54,125.5,0.01,0.03,2343.60089,1776346515000
1776346517.352,17.352,0.47,5.0,0.46,10.0,0.48,60.7,0.49,30.5,0.5,11.88,0.49,297.15,0.51,51.86,0.52,20.5,0.01,0.01,2343.493793,1776346516000
1776346517.593,17.593,0.47,12.5,0.46,20.5,0.48,47.91,0.49,144.0,0.52,52.91,0.51,154.5,0.53,2.0,0.54,10.0,0.01,0.01,2343.493793,1776346516000
1776346518.893,18.893,0.47,15.39,0.46,10.0,0.48,194.5,0.49,37.5,0.52,47.91,0.51,144.0,0.53,12.5,0.54,20.5,0.01,0.01,2343.511075,1776346517000
1776346519.216,19.216,0.47,9.72,0.46,10.0,0.48,186.5,0.49,37.5,0.52,194.5,0.51,37.5,0.53,15.39,0.54,10.0,0.01,0.01,2343.511075,1776346517000
1776346520.135,20.135,0.47,10.44,0.46,20.5,0.48,29.0,0.49,22.0,0.52,181.0,0.51,37.5,0.53,6.94,0.54,10.0,0.01,0.01,2343.350564,1776346518000
1776346520.669,20.669,0.47,15.44,0.46,20.5,0.48,17.0,0.49,139.0,0.52,29.0,0.51,22.0,0.53,10.44,0.54,20.5,0.01,0.01,2343.316398,1776346519000
1776346521.191,21.191,0.47,19.57,0.46,120.5,0.49,12.0,0.5,156.5,0.52,10.0,0.51,145.0,0.53,3.57,0.54,20.5,0.02,0.01,2343.274544,1776346520000
1776346522.461,22.461,0.48,20.0,0.47,14.07,0.49,6.0,0.5,150.5,0.51,12.0,0.5,156.5,0.53,13.9,0.54,120.5,0.01,0.02,2343.39256,1776346521000
1776346522.859,22.859,0.46,11.69,0.45,10.0,0.47,89.7,0.48,172.5,0.51,6.0,0.5,150.5,0.52,20.0,0.53,14.07,0.01,0.01,2343.39256,1776346521000
1776346523.084,23.084,0.41,107.0,0.4,100.0,0.47,222.7,0.48,49.5,0.53,89.7,0.52,172.5,0.54,11.69,0.55,10.0,0.06,0.01,2343.39256,1776346521000
1776346523.331,23.331,0.41,100.0,0.4,110.5,0.42,8.09,0.43,18.77,0.53,222.7,0.52,49.5,0.59,107.0,0.6,100.0,0.01,0.06,2343.446973,1776346522000
1776346523.896,23.896,0.41,10.0,0.4,10.5,0.42,8.09,0.43,10.0,0.58,8.09,0.57,10.0,0.59,87.45,0.6,110.5,0.01,0.01,2343.446973,1776346522000
1776346524.317,24.317,0.4,10.5,0.39,15.0,0.42,7.47,0.43,10.0,0.58,2.47,0.57,10.0,0.59,10.0,0.6,10.5,0.02,0.01,2343.458959,1776346523000
1776346524.832,24.832,0.37,68.0,0.36,227.5,0.38,37.0,0.39,15.0,0.58,7.47,0.57,10.0,0.6,10.5,0.61,15.0,0.01,0.02,2343.458959,1776346523000
1776346525.072,25.072,0.37,211.84,0.36,217.5,0.38,15.0,0.39,10.0,0.62,27.0,0.61,5.0,0.63,58.0,0.64,227.5,0.01,0.01,2343.458959,1776346523000
1776346525.296,25.296,0.37,64.84,0.36,100.5,0.38,9.86,0.39,10.0,0.62,15.0,0.61,10.0,0.63,211.84,0.64,217.5,0.01,0.01,2343.458959,1776346523000
1776346525.922,25.922,0.37,69.84,0.36,100.5,0.38,7.22,0.39,10.0,0.62,9.86,0.61,10.0,0.63,64.84,0.64,100.5,0.01,0.01,2343.112907,1776346524000
1776346526.836,26.836,0.37,46.04,0.36,83.5,0.38,17.22,0.39,10.0,0.62,7.22,0.61,10.0,0.63,69.84,0.64,100.5,0.01,0.01,2342.854194,1776346525000
1776346527.143,27.143,0.37,32.15,0.36,75.5,0.38,172.22,0.39,10.0,0.62,17.22,0.61,10.0,0.63,42.15,0.64,83.5,0.01,0.01,2342.766188,1776346526000
1776346527.365,27.365,0.36,75.5,0.35,113.0,0.38,204.42,0.39,10.0,0.62,172.22,0.61,10.0,0.63,32.15,0.64,75.5,0.02,0.01,2342.766188,1776346526000
1776346527.679,27.679,0.36,65.5,0.35,105.0,0.37,196.2,0.38,71.72,0.62,204.42,0.61,10.0,0.64,75.5,0.65,113.0,0.01,0.02,2342.766188,1776346526000
1776346529.016,29.016,0.37,248.5,0.36,215.0,0.38,8.06,0.4,5.0,0.63,196.2,0.62,71.72,0.64,65.5,0.65,105.0,0.01,0.01,2342.575545,1776346528000
1776346529.619,29.619,0.37,77.56,0.36,235.0,0.38,8.06,0.4,140.3,0.62,8.06,0.6,5.0,0.63,248.5,0.64,215.0,0.01,0.01,2342.575545,1776346528000
1776346530.373,30.373,0.37,110.31,0.36,342.0,0.38,13.06,0.4,130.3,0.62,8.06,0.6,140.3,0.63,77.56,0.64,235.0,0.01,0.01,2342.420346,1776346529000
1776346530.647,30.647,0.37,311.5,0.36,275.0,0.38,15.63,0.4,13.3,0.62,13.06,0.6,130.3,0.63,110.31,0.64,342.0,0.01,0.01,2342.420346,1776346529000
1776346530.956,30.956,0.39,136.86,0.38,64.5,0.4,8.3,0.42,179.06,0.62,15.63,0.6,13.3,0.63,311.5,0.64,275.0,0.01,0.01,2342.596594,1776346530000
1776346531.381,31.381,0.37,38.0,0.36,200.5,0.4,97.0,0.41,20.5,0.6,8.3,0.59,10.0,0.61,109.63,0.62,54.0,0.03,0.01,2342.596594,1776346530000
1776346532.1,32.1,0.37,57.15,0.36,223.0,0.38,14.0,0.39,135.0,0.6,97.0,0.59,20.5,0.63,38.0,0.64,200.5,0.01,0.03,2342.793554,1776346531000
1776346532.978,32.978,0.37,28.63,0.36,123.0,0.38,45.0,0.39,130.0,0.62,14.0,0.61,135.0,0.63,57.15,0.64,223.0,0.01,0.01,2342.793554,1776346531000
1776346533.511,33.511,0.37,437.13,0.36,182.0,0.38,4.0,0.39,8.0,0.62,45.0,0.61,130.0,0.63,28.63,0.64,123.0,0.01,0.01,2342.720024,1776346532000
1776346534.164,34.164,0.37,475.13,0.36,182.0,0.38,4.0,0.39,8.0,0.62,4.0,0.61,8.0,0.63,344.13,0.64,182.0,0.01,0.01,2342.720024,1776346532000
1776346535.002,35.002,0.37,125.0,0.36,119.5,0.38,186.2,0.39,18.0,0.62,4.0,0.61,8.0,0.63,473.13,0.64,182.0,0.01,0.01,2342.747373,1776346533000
1776346535.61,35.61,0.37,90.89,0.36,112.5,0.38,174.0,0.39,18.0,0.62,186.2,0.61,18.0,0.63,125.0,0.64,119.5,0.01,0.01,2342.769141,1776346534000
1776346535.96,35.96,0.37,90.89,0.36,112.5,0.38,201.0,0.39,28.5,0.62,174.0,0.61,18.0,0.63,90.89,0.64,112.5,0.01,0.01,2342.769141,1776346534000
1776346536.697,36.697,0.36,88.5,0.35,129.0,0.37,194.29,0.38,52.0,0.62,201.0,0.61,28.5,0.63,90.89,0.64,112.5,0.01,0.01,2343.040672,1776346535000
1776346537.174,37.174,0.36,53.14,0.35,126.0,0.37,199.29,0.38,52.0,0.63,199.29,0.62,52.0,0.64,86.93,0.65,129.0,0.01,0.01,2343.040672,1776346535000
1776346538.22,38.22,0.36,0.24,0.35,105.0,0.37,188.79,0.38,31.5,0.63,199.29,0.62,52.0,0.64,18.76,0.65,126.0,0.01,0.01,2342.625864,1776346537000
1776346538.46,38.46,0.35,92.54,0.33,15.0,0.36,132.5,0.37,300.99,0.64,25.5,0.63,205.99,0.65,97.54,0.66,21.0,0.01,0.01,2342.625864,1776346537000
1776346538.7,38.7,0.35,69.54,0.33,15.0,0.36,195.5,0.37,144.79,0.64,132.5,0.63,300.99,0.65,92.54,0.67,15.0,0.01,0.01,2342.625864,1776346537000
1776346539.945,39.945,0.35,93.54,0.34,15.0,0.36,20.0,0.37,25.5,0.64,195.5,0.63,144.79,0.65,69.54,0.67,15.0,0.01,0.01,2342.559474,1776346538000
1776346540.826,40.826,0.35,52.27,0.34,28.0,0.36,47.0,0.37,142.5,0.64,20.0,0.63,25.5,0.65,87.35,0.66,15.0,0.01,0.01,2342.465803,1776346539000
1776346541.27,41.27,0.35,77.76,0.34,18.0,0.37,125.5,0.38,242.5,0.64,32.22,0.63,25.5,0.65,66.76,0.66,145.0,0.02,0.01,2342.465803,1776346539000
1776346542.992,42.992,0.35,14.76,0.33,22.0,0.36,344.75,0.37,150.5,0.64,24.44,0.63,125.5,0.65,52.76,0.66,18.0,0.01,0.01,2342.417726,1776346541000
1776346543.511,43.511,0.34,13.0,0.33,15.0,0.36,344.75,0.37,150.5,0.64,344.75,0.63,150.5,0.65,14.76,0.67,22.0,0.02,0.01,2342.417726,1776346541000
1776346544.143,44.143,0.34,17.62,0.33,25.0,0.35,22.0,0.36,320.75,0.64,344.75,0.63,150.5,0.66,13.0,0.67,15.0,0.01,0.02,2342.493727,1776346542000
1776346544.812,44.812,0.32,10.41,0.31,70.0,0.33,54.0,0.34,131.5,0.65,22.0,0.64,320.75,0.66,17.62,0.67,25.0,0.01,0.01,2342.47781,1776346543000
1776346545.455,45.455,0.32,240.0,0.31,255.5,0.34,1.85,0.35,63.05,0.67,10.0,0.66,21.0,0.68,39.96,0.69,197.0,0.02,0.01,2342.47781,1776346543000
1776346545.738,45.738,0.35,18.18,0.34,15.0,0.36,68.25,0.37,5.0,0.66,1.85,0.65,63.05,0.68,240.0,0.69,255.5,0.01,0.02,2342.452648,1776346544000
1776346546.21,46.21,0.35,123.0,0.34,36.5,0.36,61.25,0.37,5.0,0.64,68.25,0.63,5.0,0.65,18.18,0.66,15.0,0.01,0.01,2342.452648,1776346544000
1776346546.415,46.415,0.35,142.0,0.34,79.5,0.36,58.47,0.37,5.0,0.64,61.25,0.63,5.0,0.65,118.0,0.66,36.5,0.01,0.01,2342.368015,1776346545000
1776346546.9,46.9,0.35,166.3,0.34,55.5,0.36,58.47,0.37,117.0,0.64,58.47,0.63,5.0,0.65,142.0,0.66,79.5,0.01,0.01,2342.368015,1776346545000
1776346547.213,47.213,0.35,142.3,0.34,55.5,0.36,40.47,0.37,117.0,0.64,58.47,0.63,117.0,0.65,166.3,0.66,55.5,0.01,0.01,2342.368015,1776346545000
1776346547.852,47.852,0.32,15.0,0.31,95.0,0.36,347.97,0.37,161.5,0.64,45.47,0.63,117.0,0.65,132.3,0.66,55.5,0.04,0.01,2342.437425,1776346546000
1776346548.34,48.34,0.34,6.92,0.33,25.0,0.35,81.22,0.36,272.97,0.65,20.0,0.64,324.97,0.66,5.0,0.67,10.0,0.01,0.01,2342.550058,1776346547000
1776346548.884,48.884,0.31,93.4,0.3,211.5,0.32,37.0,0.33,5.0,0.65,69.07,0.64,272.97,0.66,1.92,0.67,25.0,0.01,0.01,2342.550058,1776346547000
1776346549.136,49.136,0.31,113.4,0.3,206.5,0.32,31.61,0.33,5.0,0.68,37.0,0.67,5.0,0.69,93.4,0.7,211.5,0.01,0.01,2342.572448,1776346548000
1776346549.481,49.481,0.31,108.97,0.3,206.5,0.32,31.61,0.33,5.0,0.68,31.61,0.67,5.0,0.69,113.4,0.7,206.5,0.01,0.01,2342.572448,1776346548000
1776346550.946,50.946,0.31,161.09,0.3,323.5,0.32,31.61,0.33,5.0,0.68,31.61,0.67,5.0,0.69,108.97,0.7,206.5,0.01,0.01,2342.434102,1776346549000
1776346552.443,52.443,0.31,121.34,0.3,206.5,0.32,155.61,0.33,105.0,0.68,31.61,0.67,5.0,0.69,161.09,0.7,323.5,0.01,0.01,2342.37235,1776346551000
1776346553.015,53.015,0.31,71.34,0.3,206.5,0.32,26.61,0.33,232.0,0.68,155.61,0.67,105.0,0.69,121.34,0.7,206.5,0.01,0.01,2342.37235,1776346551000
1776346553.576,53.576,0.31,60.48,0.3,196.0,0.32,26.61,0.33,242.5,0.68,26.61,0.67,232.0,0.69,71.34,0.7,206.5,0.01,0.01,2342.296132,1776346552000
1776346554.04,54.04,0.31,65.48,0.3,196.0,0.32,30.02,0.33,242.5,0.68,26.61,0.67,242.5,0.69,60.48,0.7,196.0,0.01,0.01,2342.2575,1776346553000
1776346555.14,55.14,0.31,60.48,0.3,102.0,0.32,178.64,0.33,125.5,0.68,30.02,0.67,242.5,0.69,65.48,0.7,196.0,0.01,0.01,2342.2575,1776346553000
1776346556.327,56.327,0.31,55.48,0.3,96.0,0.32,278.64,0.33,125.5,0.68,178.64,0.67,125.5,0.69,60.48,0.7,102.0,0.01,0.01,2342.187046,1776346555000
1776346556.79,56.79,0.31,54.03,0.3,96.0,0.32,273.64,0.33,125.5,0.68,278.64,0.67,125.5,0.69,55.48,0.7,96.0,0.01,0.01,2342.187046,1776346555000
1776346557.612,57.612,0.3,7.04,0.29,92.0,0.31,213.2,0.32,276.5,0.68,273.64,0.67,125.5,0.69,54.03,0.7,96.0,0.01,0.01,2342.204116,1776346556000
1776346558.03,58.03,0.3,25.17,0.29,92.0,0.31,194.0,0.32,276.5,0.69,213.2,0.68,276.5,0.7,7.04,0.71,92.0,0.01,0.01,2342.189249,1776346557000
1776346558.232,58.232,0.3,20.17,0.29,86.0,0.31,340.7,0.32,184.5,0.69,194.0,0.68,276.5,0.7,25.17,0.71,92.0,0.01,0.01,2342.189249,1776346557000
1776346558.45,58.45,0.3,18.17,0.29,96.0,0.31,292.5,0.32,150.5,0.69,340.7,0.68,184.5,0.7,20.17,0.71,86.0,0.01,0.01,2342.189249,1776346557000
1776346560.394,60.394,0.29,86.0,0.28,16.0,0.3,168.62,0.31,260.5,0.69,292.5,0.68,150.5,0.7,18.17,0.71,96.0,0.01,0.01,2342.03573,1776346559000
1776346560.81,60.81,0.29,63.46,0.28,16.0,0.3,168.62,0.31,260.5,0.7,168.62,0.69,260.5,0.71,84.59,0.72,16.0,0.01,0.01,2342.03573,1776346559000
1776346561.37,61.37,0.29,43.03,0.28,16.0,0.3,168.62,0.31,341.89,0.7,163.62,0.69,260.5,0.71,53.46,0.72,16.0,0.01,0.01,2341.9607,1776346560000
1776346561.837,61.837,0.29,37.21,0.28,36.0,0.3,158.12,0.31,341.89,0.7,168.62,0.69,341.89,0.71,41.62,0.72,26.0,0.01,0.01,2341.9607,1776346560000
1776346562.277,62.277,0.29,6.0,0.28,26.0,0.3,173.12,0.31,169.5,0.7,153.12,0.69,341.89,0.71,28.12,0.72,36.0,0.01,0.01,2341.954769,1776346561000
1776346562.555,62.555,0.28,3.16,0.25,70.0,0.29,384.95,0.3,195.62,0.71,103.08,0.7,334.82,0.72,10.0,0.75,70.0,0.01,0.01,2341.954769,1776346561000
1776346563.126,63.126,0.22,133.58,0.21,19.0,0.23,89.0,0.24,127.0,0.74,10.0,0.73,10.0,0.75,69.9,0.76,8.0,0.01,0.01,2341.888014,1776346562000
1776346563.924,63.924,0.22,138.95,0.21,256.0,0.23,243.37,0.24,115.0,0.77,89.0,0.76,127.0,0.78,133.58,0.79,19.0,0.01,0.01,2341.888014,1776346562000
1776346564.156,64.156,0.22,156.66,0.21,266.5,0.23,238.37,0.24,115.0,0.77,243.37,0.76,115.0,0.78,138.95,0.79,256.0,0.01,0.01,2341.888014,1776346562000
1776346564.94,64.94,0.22,497.16,0.21,236.5,0.23,35.83,0.25,5.0,0.77,236.67,0.76,115.0,0.78,156.66,0.79,266.5,0.01,0.01,2341.549289,1776346563000
1776346565.18,65.18,0.24,27.35,0.23,29.5,0.25,5.0,0.26,5.0,0.75,5.0,0.74,5.0,0.78,560.16,0.79,266.5,0.01,0.03,2341.549289,1776346563000
1776346565.705,65.705,0.26,56.0,0.25,117.0,0.27,18.72,0.28,23.5,0.73,1.44,0.72,13.0,0.76,87.35,0.77,137.5,0.01,0.03,2341.303361,1776346564000
1776346565.932,65.932,0.27,34.0,0.26,64.23,0.28,8.0,0.29,167.33,0.72,13.0,0.71,66.83,0.74,65.86,0.75,117.0,0.01,0.02,2341.279034,1776346565000
1776346566.156,66.156,0.27,32.83,0.26,14.86,0.28,18.0,0.29,267.33,0.72,8.0,0.71,167.33,0.73,27.83,0.74,14.86,0.01,0.01,2341.279034,1776346565000
1776346566.43,66.43,0.27,207.77,0.26,64.86,0.29,45.33,0.33,117.0,0.72,18.0,0.71,50.33,0.73,32.62,0.74,14.86,0.02,0.01,2341.279034,1776346565000
1776346566.669,66.669,0.28,160.0,0.27,180.0,0.29,40.33,0.35,5.0,0.71,45.33,0.67,117.0,0.73,207.77,0.74,64.86,0.01,0.02,2341.279034,1776346565000
1776346567.223,67.223,0.33,10.0,0.32,10.0,0.35,170.0,0.36,150.0,0.65,4.0,0.63,109.0,0.69,21.47,0.72,155.0,0.02,0.04,2341.525445,1776346566000
1776346567.648,67.648,0.34,35.0,0.33,22.27,0.35,160.24,0.36,15.5,0.65,170.0,0.64,150.0,0.67,10.0,0.68,10.0,0.01,0.02,2341.525445,1776346566000
1776346568.077,68.077,0.31,54.52,0.3,80.0,0.34,37.0,0.35,29.24,0.65,146.24,0.64,20.5,0.66,5.0,0.67,17.27,0.03,0.01,2341.792955,1776346567000
1776346568.338,68.338,0.31,25.85,0.3,180.0,0.33,127.0,0.34,63.0,0.67,10.0,0.66,45.0,0.69,25.85,0.7,180.0,0.02,0.02,2341.792955,1776346567000
1776346569.214,69.214,0.26,5.2,0.25,70.0,0.27,60.0,0.28,29.67,0.68,29.2,0.67,127.0,0.69,11.35,0.7,70.0,0.01,0.01,2342.296839,1776346568000
1776346569.497,69.497,0.25,65.2,0.24,90.75,0.26,75.15,0.27,62.67,0.73,49.0,0.72,35.67,0.75,65.2,0.76,90.75,0.01,0.02,2342.296839,1776346568000
1776346570.399,70.399,0.25,0.37,0.24,90.75,0.26,262.82,0.27,23.0,0.74,121.15,0.73,58.67,0.75,53.37,0.76,120.75,0.01,0.01,2342.013694,1776346569000
1776346571.004,71.004,0.24,202.0,0.23,180.0,0.25,36.0,0.27,49.31,0.74,253.65,0.73,33.5,0.76,90.75,0.77,70.0,0.01,0.02,2342.013694,1776346569000
1776346571.263,71.263,0.26,9.86,0.25,22.0,0.27,59.31,0.28,10.0,0.73,49.31,0.72,10.0,0.76,233.76,0.77,180.0,0.01,0.03,2341.461058,1776346570000
1776346571.963,71.963,0.25,1.58,0.24,193.76,0.26,186.5,0.27,69.81,0.73,59.31,0.72,10.0,0.74,9.86,0.75,22.0,0.01,0.01,2341.461058,1776346570000
1776346572.26,72.26,0.25,138.71,0.24,101.76,0.26,40.07,0.27,69.81,0.74,186.5,0.73,69.81,0.75,1.58,0.76,193.76,0.01,0.01,2341.358802,1776346571000
1776346573.479,73.479,0.25,51.79,0.24,97.26,0.26,5.0,0.27,49.31,0.74,7.15,0.73,69.81,0.75,188.71,0.76,101.76,0.01,0.01,2341.358802,1776346571000
1776346573.818,73.818,0.26,246.74,0.25,31.79,0.27,19.31,0.29,7.0,0.73,49.31,0.71,7.0,0.74,103.24,0.75,168.79,0.01,0.01,2341.358802,1776346571000
1776346574.705,74.705,0.28,293.5,0.27,101.5,0.29,8.95,0.34,6.0,0.71,2.95,0.69,123.0,0.74,261.74,0.75,81.79,0.01,0.03,2341.358802,1776346571000
1776346574.954,74.954,0.28,263.5,0.27,101.5,0.29,5.5,0.34,6.0,0.71,8.95,0.66,6.0,0.72,293.5,0.73,101.5,0.01,0.01,2341.358802,1776346571000
1776346575.365,75.365,0.28,170.0,0.27,161.0,0.29,40.5,0.3,10.0,0.71,5.5,0.66,6.0,0.72,263.5,0.73,101.5,0.01,0.01,2341.358802,1776346571000
1776346576.781,76.781,0.27,149.97,0.26,59.7,0.28,191.7,0.29,34.5,0.71,33.5,0.7,127.0,0.72,104.36,0.73,161.0,0.01,0.01,2341.988926,1776346575000
1776346577.219,77.219,0.27,69.0,0.26,18.7,0.28,157.5,0.29,39.5,0.72,157.5,0.71,34.5,0.73,75.0,0.74,59.7,0.01,0.01,2342.102935,1776346576000
1776346577.845,77.845,0.23,80.0,0.22,105.0,0.26,90.77,0.27,293.0,0.72,157.5,0.71,39.5,0.73,19.0,0.74,18.7,0.03,0.01,2342.102935,1776346576000
1776346579.039,79.039,0.23,247.0,0.22,115.5,0.24,3.11,0.25,17.0,0.74,90.77,0.73,293.0,0.77,80.0,0.78,105.0,0.01,0.03,2341.93949,1776346577000
1776346580.782,80.782,0.23,132.4,0.22,205.0,0.24,3.11,0.25,37.5,0.76,3.11,0.75,17.0,0.77,247.0,0.78,115.5,0.01,0.01,2341.39182,1776346579000
1776346581.08,81.08,0.23,57.8,0.22,170.0,0.24,226.61,0.25,37.5,0.76,51.11,0.75,37.5,0.77,89.8,0.78,195.0,0.01,0.01,2341.39182,1776346579000
1776346581.337,81.337,0.23,36.8,0.22,70.0,0.24,232.61,0.25,37.5,0.76,232.61,0.75,37.5,0.77,65.17,0.78,70.0,0.01,0.01,2341.39182,1776346579000
1776346584.614,84.614,0.24,10.0,0.23,115.0,0.3,10.0,0.31,66.0,0.76,242.61,0.75,37.5,0.78,59.8,0.8,110.0,0.06,0.02,2341.171949,1776346583000
1776346585.123,85.123,0.29,34.64,0.28,15.0,0.3,5.0,0.32,10.0,0.7,10.0,0.69,66.0,0.76,10.0,0.77,115.0,0.01,0.06,2341.171949,1776346583000
1776346585.672,85.672,0.29,35.0,0.28,176.37,0.32,5.0,0.33,10.0,0.7,5.0,0.68,10.0,0.71,34.64,0.72,15.0,0.03,0.01,2341.238527,1776346584000
1776346585.926,85.926,0.3,10.0,0.29,15.0,0.32,5.0,0.33,10.0,0.68,5.0,0.67,10.0,0.71,35.0,0.72,176.37,0.02,0.03,2341.238527,1776346584000
1776346586.331,86.331,0.29,25.0,0.28,15.35,0.3,36.2,0.31,35.0,0.68,5.0,0.67,10.0,0.7,10.0,0.71,15.0,0.01,0.02,2341.238527,1776346584000
1776346587.292,87.292,0.29,9.92,0.28,186.35,0.3,10.5,0.31,20.5,0.7,36.2,0.69,35.0,0.71,25.0,0.72,15.35,0.01,0.01,2341.891839,1776346586000
1776346587.656,87.656,0.29,7.0,0.28,50.35,0.3,157.5,0.31,20.5,0.7,10.5,0.69,20.5,0.71,9.92,0.72,186.35,0.01,0.01,2341.891839,1776346586000
1776346589.092,89.092,0.27,4.72,0.26,9.23,0.28,216.5,0.29,37.5,0.7,157.5,0.69,20.5,0.71,7.0,0.72,50.35,0.01,0.01,2341.85,1776346587000
1776346589.307,89.307,0.25,10.0,0.24,17.0,0.27,20.5,0.28,180.5,0.73,20.5,0.72,175.5,0.74,3.23,0.76,17.0,0.02,0.01,2341.897049,1776346588000
1776346589.791,89.791,0.24,188.0,0.23,142.0,0.25,7.96,0.27,10.0,0.73,20.5,0.72,180.5,0.75,10.0,0.76,17.0,0.01,0.02,2341.897049,1776346588000
1776346590.334,90.334,0.28,4.72,0.27,35.0,0.29,10.0,0.3,143.91,0.7,23.91,0.69,136.36,0.76,164.0,0.77,142.0,0.01,0.06,2341.777458,1776346589000
1776346591.555,91.555,0.29,1.91,0.28,4.72,0.3,10.0,0.31,60.86,0.71,10.0,0.7,143.91,0.72,4.72,0.73,35.0,0.01,0.01,2341.572477,1776346590000
1776346592.295,92.295,0.29,31.91,0.28,10.0,0.31,44.86,0.32,20.5,0.69,50.86,0.66,6.0,0.71,1.91,0.72,4.72,0.02,0.02,2341.663308,1776346591000
1776346595.129,95.129,0.27,13.27,0.26,25.0,0.28,40.5,0.29,143.5,0.69,44.86,0.68,20.5,0.71,31.91,0.72,10.0,0.01,0.02,2341.820069,1776346594000
1776346595.637,95.637,0.27,4.27,0.24,42.5,0.28,221.7,0.29,25.5,0.72,40.5,0.71,143.5,0.73,13.27,0.74,25.0,0.01,0.01,2341.820069,1776346594000
1776346598.561,98.561,0.24,27.86,0.23,45.5,0.25,19.0,0.26,16.0,0.72,221.7,0.71,25.5,0.76,40.71,0.77,32.0,0.01,0.04,2341.598964,1776346597000
1776346599.999,99.999,0.15,25.0,0.14,251.9,0.21,160.5,0.22,179.32,0.75,19.0,0.74,16.0,0.76,27.86,0.77,45.5,0.06,0.01,2341.590329,1776346598000
1776346600.428,100.428,0.14,168.83,0.13,181.3,0.15,40.0,0.16,25.5,0.84,10.0,0.83,20.5,0.86,265.4,0.87,74.8,0.01,0.02,2341.550387,1776346599000
1776346600.969,100.969,0.14,301.83,0.13,70.76,0.15,56.0,0.16,5.0,0.85,40.0,0.84,25.5,0.86,168.83,0.87,181.3,0.01,0.01,2341.550387,1776346599000
1776346601.47,101.47,0.14,96.73,0.13,41.8,0.15,99.13,0.16,149.5,0.85,46.13,0.84,15.0,0.86,200.33,0.87,187.76,0.01,0.01,2341.14221,1776346600000
1776346601.955,101.955,0.14,144.1,0.13,177.3,0.15,52.5,0.16,149.5,0.85,111.13,0.84,149.5,0.86,85.1,0.87,41.8,0.01,0.01,2341.14221,1776346600000
1776346602.496,102.496,0.14,163.07,0.13,182.3,0.15,35.0,0.16,144.5,0.85,52.5,0.84,149.5,0.86,144.1,0.87,177.3,0.01,0.01,2340.871513,1776346601000
1776346602.896,102.896,0.14,137.07,0.13,177.3,0.15,35.0,0.16,144.5,0.85,35.0,0.84,144.5,0.86,163.07,0.87,182.3,0.01,0.01,2340.871513,1776346601000
1776346604.063,104.063,0.14,290.57,0.13,134.52,0.15,28.66,0.16,10.5,0.85,35.0,0.84,144.5,0.86,137.07,0.87,177.3,0.01,0.01,2340.193459,1776346602000
1776346604.576,104.576,0.14,404.75,0.13,134.52,0.15,13.66,0.17,117.0,0.85,28.66,0.84,10.5,0.86,290.57,0.87,134.52,0.01,0.01,2340.208086,1776346603000
1776346605.572,105.572,0.14,212.75,0.13,251.52,0.15,13.66,0.17,143.52,0.85,13.66,0.83,117.0,0.86,404.75,0.87,134.52,0.01,0.01,2340.260105,1776346604000
1776346607.417,107.417,0.14,170.36,0.13,208.3,0.15,5.0,0.16,127.0,0.83,143.39,0.82,32.5,0.86,262.75,0.87,144.89,0.01,0.03,2340.3478,1776346606000
1776346608.454,108.454,0.14,49.86,0.13,10.0,0.15,240.83,0.16,20.5,0.85,5.0,0.84,127.0,0.86,170.36,0.87,208.3,0.01,0.01,2340.36691,1776346607000
1776346610.751,110.751,0.12,89.77,0.11,20.5,0.13,83.0,0.14,200.5,0.85,171.83,0.84,81.0,0.86,38.23,0.87,10.0,0.01,0.01,2340.265634,1776346609000
1776346611.065,111.065,0.12,78.63,0.11,137.5,0.13,70.0,0.14,256.69,0.87,83.0,0.86,256.69,0.88,69.77,0.89,20.5,0.01,0.01,2340.265634,1776346609000
1776346611.276,111.276,0.11,131.02,0.1,225.0,0.13,43.0,0.14,166.5,0.87,75.0,0.86,264.49,0.88,56.38,0.89,137.5,0.02,0.01,2340.224301,1776346610000
1776346612.342,112.342,0.11,14.02,0.1,235.0,0.13,51.5,0.14,42.5,0.87,43.0,0.86,166.5,0.89,131.02,0.9,225.0,0.02,0.02,2340.224301,1776346610000
1776346613.957,113.957,0.1,409.0,0.09,121.37,0.12,10.0,0.13,172.5,0.87,51.5,0.86,42.5,0.89,14.02,0.9,235.0,0.02,0.02,2339.912201,1776346612000
1776346614.304,114.304,0.1,95.0,0.09,21.0,0.11,172.0,0.12,20.0,0.88,10.0,0.87,172.5,0.9,409.0,0.91,121.37,0.01,0.02,2339.94805,1776346613000
1776346614.598,114.598,0.1,88.33,0.09,21.0,0.11,259.71,0.12,30.5,0.89,172.0,0.88,20.0,0.9,95.0,0.91,21.0,0.01,0.01,2339.94805,1776346613000
1776346614.799,114.799,0.09,13.06,0.08,81.74,0.1,19.5,0.11,295.5,0.89,308.5,0.88,38.5,0.91,14.71,0.92,81.74,0.01,0.02,2339.94805,1776346613000
1776346615.75,115.75,0.08,20.78,0.07,84.3,0.09,312.5,0.1,97.0,0.91,138.0,0.9,249.69,0.92,71.68,0.93,201.3,0.01,0.01,2339.884908,1776346614000
1776346616.039,116.039,0.08,19.14,0.07,84.3,0.09,337.3,0.1,129.99,0.91,312.5,0.9,97.0,0.92,20.78,0.93,84.3,0.01,0.01,2339.884908,1776346614000
1776346616.796,116.796,0.08,5.43,0.07,155.73,0.09,844.3,0.1,329.99,0.91,388.49,0.9,529.99,0.92,10.43,0.93,84.3,0.01,0.01,2339.826858,1776346615000
1776346617.113,117.113,0.08,0.43,0.07,100.43,0.09,354.3,0.1,129.99,0.91,844.3,0.9,329.99,0.92,5.43,0.93,155.73,0.01,0.01,2339.826858,1776346615000
1776346617.474,117.474,0.07,9.43,0.06,217.8,0.09,454.3,0.1,137.99,0.91,354.3,0.9,129.99,0.92,0.43,0.93,100.43,0.02,0.01,2339.080366,1776346616000
1776346617.678,117.678,0.05,173.28,0.04,314.3,0.06,17.47,0.08,142.49,0.91,454.3,0.9,137.99,0.93,9.43,0.94,217.8,0.01,0.02,2339.080366,1776346616000
1776346617.957,117.957,0.05,96.36,0.04,398.67,0.06,260.0,0.07,10.5,0.94,22.47,0.93,210.5,0.95,172.22,0.96,314.3,0.01,0.01,2339.080366,1776346616000
1776346618.359,118.359,0.05,83.36,0.04,489.49,0.06,651.0,0.07,43.5,0.94,260.0,0.93,10.5,0.95,96.36,0.96,398.67,0.01,0.01,2339.080366,1776346616000
1776346618.73,118.73,0.05,71.15,0.04,456.49,0.06,651.0,0.07,159.5,0.94,646.0,0.93,25.5,0.95,77.15,0.96,489.49,0.01,0.01,2339.080366,1776346616000
1776346619.101,119.101,0.05,4.15,0.04,224.5,0.06,184.5,0.07,129.49,0.94,706.5,0.93,215.69,0.95,9.15,0.96,384.12,0.01,0.01,2338.79718,1776346617000
1776346619.371,119.371,0.04,100.5,0.03,579.7,0.05,16.63,0.06,404.5,0.94,450.69,0.93,64.3,0.95,25.73,0.96,100.5,0.01,0.01,2338.79718,1776346617000
1776346619.891,119.891,0.04,124.45,0.03,479.7,0.05,40.63,0.06,347.69,0.95,16.63,0.94,404.5,0.96,100.5,0.97,579.7,0.01,0.01,2338.75053,1776346618000
1776346620.103,120.103,0.04,19.22,0.03,473.0,0.05,10.0,0.06,217.69,0.95,10.0,0.94,217.69,0.96,71.31,0.97,596.7,0.01,0.01,2338.75053,1776346618000
1776346620.618,120.618,0.04,189.01,0.03,498.0,0.05,10.0,0.06,14.0,0.95,10.0,0.94,217.69,0.96,19.22,0.97,473.0,0.01,0.01,2338.627856,1776346619000
1776346620.827,120.827,0.04,78.96,0.03,498.0,0.05,10.0,0.06,14.0,0.95,10.0,0.94,14.0,0.96,89.96,0.97,498.0,0.01,0.01,2338.627856,1776346619000
1776346621.138,121.138,0.04,77.27,0.03,381.0,0.05,10.0,0.06,14.0,0.95,10.0,0.94,14.0,0.96,84.27,0.97,498.0,0.01,0.01,2338.627856,1776346619000
1776346621.468,121.468,0.04,413.51,0.03,512.7,0.05,335.0,0.06,166.66,0.94,166.66,0.93,162.0,0.95,45.0,0.96,196.51,0.01,0.01,2338.627856,1776346619000
1776346621.673,121.673,0.05,104.79,0.04,277.51,0.07,34.5,0.08,146.0,0.94,166.66,0.93,24.0,0.96,377.51,0.97,487.7,0.02,0.02,2338.627856,1776346619000
1776346621.914,121.914,0.06,51.0,0.05,144.79,0.07,14.0,0.08,146.0,0.93,34.5,0.92,146.0,0.95,104.79,0.96,277.51,0.01,0.02,2337.850274,1776346620000
1776346622.138,122.138,0.06,56.0,0.05,274.79,0.07,4.0,0.08,15.0,0.93,14.0,0.92,146.0,0.94,51.0,0.95,144.79,0.01,0.01,2337.850274,1776346620000
1776346622.371,122.371,0.06,178.68,0.05,121.79,0.08,15.0,0.09,341.66,0.93,4.0,0.92,15.0,0.94,56.0,0.95,274.79,0.02,0.01,2337.850274,1776346620000
1776346622.676,122.676,0.08,49.0,0.07,23.83,0.09,25.0,0.1,500.77,0.92,10.0,0.91,175.0,0.93,4.83,0.94,352.68,0.01,0.01,2337.922713,1776346621000
1776346622.876,122.876,0.07,63.92,0.06,263.68,0.09,153.0,0.1,198.15,0.91,153.0,0.9,198.15,0.92,10.63,0.93,24.0,0.02,0.01,2337.922713,1776346621000
1776346623.139,123.139,0.08,40.91,0.07,17.61,0.09,141.88,0.1,220.37,0.91,141.88,0.9,209.26,0.93,17.61,0.94,146.68,0.01,0.02,2337.922713,1776346621000
1776346623.822,123.822,0.07,119.94,0.06,41.68,0.09,151.88,0.1,253.7,0.91,151.88,0.9,220.37,0.93,10.94,0.94,146.68,0.02,0.02,2338.170291,1776346622000
1776346624.575,124.575,0.08,198.0,0.07,10.94,0.1,215.69,0.11,20.0,0.91,151.88,0.9,253.7,0.93,119.94,0.94,41.68,0.02,0.02,2338.170291,1776346622000
1776346624.908,124.908,0.09,180.0,0.08,232.0,0.1,115.69,0.11,20.0,0.9,215.69,0.89,20.0,0.92,198.0,0.93,10.94,0.01,0.02,2338.170291,1776346622000
1776346625.11,125.11,0.09,231.0,0.08,232.0,0.1,31.69,0.11,20.0,0.9,80.69,0.89,20.0,0.91,226.0,0.92,232.0,0.01,0.01,2338.170291,1776346622000
1776346625.566,125.566,0.1,144.0,0.09,148.0,0.11,5.54,0.12,10.0,0.89,20.0,0.88,127.0,0.91,226.0,0.92,232.0,0.01,0.02,2339.268398,1776346623000
1776346626.386,126.386,0.1,120.5,0.09,257.0,0.11,52.73,0.12,10.0,0.89,5.54,0.88,10.0,0.9,200.5,0.91,265.0,0.01,0.01,2339.323799,1776346624000
1776346627.672,127.672,0.1,153.5,0.09,125.0,0.11,48.19,0.12,10.0,0.89,52.73,0.88,10.0,0.9,120.5,0.91,257.0,0.01,0.01,2340.050602,1776346626000
1776346628.31,128.31,0.08,125.74,0.07,236.3,0.11,221.19,0.12,30.5,0.89,175.19,0.88,10.0,0.9,127.27,0.91,125.0,0.03,0.01,2340.050602,1776346626000
1776346628.573,128.573,0.09,31.0,0.08,110.0,0.1,2.92,0.11,249.69,0.89,221.19,0.88,30.5,0.92,125.74,0.93,236.3,0.01,0.03,2340.125556,1776346627000
1776346628.943,128.943,0.08,44.0,0.07,110.67,0.09,13.88,0.1,26.0,0.89,584.92,0.88,40.5,0.9,17.08,0.91,31.0,0.01,0.01,2340.125556,1776346627000
1776346630.372,130.372,0.08,180.37,0.07,115.3,0.1,3.49,0.11,184.69,0.91,13.88,0.9,26.0,0.92,44.0,0.93,110.67,0.02,0.01,2340.128798,1776346628000
1776346630.931,130.931,0.1,11.51,0.09,139.37,0.11,201.69,0.12,27.5,0.89,194.69,0.88,20.5,0.9,11.51,0.92,137.0,0.01,0.01,2340.128798,1776346628000
1776346631.159,131.159,0.09,164.37,0.08,181.62,0.1,72.5,0.11,251.35,0.89,201.69,0.88,27.5,0.91,139.37,0.92,244.62,0.01,0.02,2340.128798,1776346628000
1776346631.387,131.387,0.09,25.0,0.08,199.0,0.1,10.5,0.11,358.35,0.9,12.5,0.89,251.35,0.91,159.37,0.92,181.62,0.01,0.01,2340.128798,1776346628000
1776346631.749,131.749,0.08,194.0,0.07,215.3,0.1,30.0,0.11,287.11,0.89,266.61,0.88,27.5,0.91,20.0,0.92,199.0,0.02,0.02,2339.442469,1776346630000
1776346632.731,132.731,0.09,0.9,0.08,10.0,0.1,26.0,0.11,137.5,0.9,49.0,0.89,137.5,0.92,60.0,0.93,344.3,0.01,0.02,2339.439016,1776346631000
1776346633.006,133.006,0.09,47.3,0.08,10.0,0.1,50.0,0.11,137.5,0.9,26.0,0.89,137.5,0.91,0.9,0.92,10.0,0.01,0.01,2339.439016,1776346631000
1776346633.214,133.214,0.08,1.89,0.07,244.3,0.1,21.0,0.11,187.5,0.9,50.0,0.89,137.5,0.91,42.3,0.92,10.0,0.02,0.01,2339.439016,1776346631000
1776346633.607,133.607,0.07,235.41,0.06,196.68,0.09,3.88,0.1,21.0,0.91,3.88,0.9,21.0,0.92,1.89,0.93,244.3,0.02,0.01,2339.468229,1776346632000
1776346634.142,134.142,0.06,122.0,0.05,213.79,0.08,37.0,0.09,127.0,0.91,3.88,0.9,21.0,0.93,235.41,0.94,196.68,0.02,0.02,2339.468229,1776346632000
1776346634.608,134.608,0.06,5.0,0.05,121.79,0.07,44.71,0.08,45.0,0.92,37.0,0.91,127.0,0.94,122.0,0.95,206.79,0.01,0.02,2339.468229,1776346632000
1776346635.599,135.599,0.06,5.0,0.05,121.79,0.07,70.42,0.08,153.5,0.93,44.71,0.92,45.0,0.94,5.0,0.95,121.79,0.01,0.01,2339.31976,1776346634000
1776346635.908,135.908,0.06,3.93,0.05,4.79,0.07,218.92,0.08,92.69,0.93,70.42,0.92,153.5,0.94,5.0,0.95,121.79,0.01,0.01,2339.31976,1776346634000
1776346636.582,136.582,0.05,9.79,0.04,127.0,0.06,44.4,0.07,507.44,0.94,21.07,0.93,218.92,0.95,4.79,0.96,252.19,0.01,0.01,2338.853396,1776346635000
1776346637.549,137.549,0.05,191.79,0.04,10.0,0.06,17.73,0.07,10.0,0.94,44.4,0.93,507.44,0.95,9.79,0.96,127.0,0.01,0.01,2338.6526,1776346636000
1776346638.182,138.182,0.06,51.5,0.05,121.79,0.07,363.23,0.08,309.16,0.94,17.73,0.93,10.0,0.95,191.79,0.96,10.0,0.01,0.01,2338.40255,1776346637000
1776346638.53,138.53,0.06,64.0,0.05,121.79,0.07,48.87,0.08,15.0,0.93,363.23,0.92,309.16,0.94,51.5,0.95,121.79,0.01,0.01,2338.40255,1776346637000
1776346639.537,139.537,0.06,35.0,0.05,121.79,0.07,144.65,0.08,132.0,0.93,48.87,0.92,15.0,0.94,64.0,0.95,121.79,0.01,0.01,2338.29476,1776346638000
1776346640.865,140.865,0.06,5.0,0.05,4.79,0.07,288.36,0.08,292.25,0.93,144.65,0.92,132.0,0.94,35.0,0.95,121.79,0.01,0.01,2338.543105,1776346639000
1776346641.849,141.849,0.06,5.0,0.05,9.79,0.07,307.57,0.08,296.06,0.93,288.36,0.92,292.25,0.94,5.0,0.95,4.79,0.01,0.01,2338.669612,1776346640000
1776346642.361,142.361,0.05,9.79,0.04,134.0,0.06,45.0,0.07,495.23,0.93,307.57,0.92,296.06,0.94,5.0,0.95,9.79,0.01,0.01,2338.50845,1776346641000
1776346643.506,143.506,0.04,158.52,0.03,489.0,0.05,340.0,0.06,107.8,0.94,45.0,0.93,495.23,0.96,134.0,0.97,489.0,0.01,0.02,2338.243023,1776346642000
1776346644.49,144.49,0.04,36.52,0.03,606.0,0.05,314.0,0.06,213.8,0.95,340.0,0.94,107.8,0.96,158.52,0.97,489.0,0.01,0.01,2338.097151,1776346643000
1776346644.771,144.771,0.04,153.52,0.03,489.0,0.05,331.0,0.06,65.0,0.95,331.0,0.94,464.03,0.96,163.52,0.97,489.0,0.01,0.01,2338.097151,1776346643000
1776346645.24,145.24,0.04,78.47,0.03,489.0,0.05,344.0,0.06,65.0,0.95,311.0,0.94,84.0,0.96,79.47,0.97,489.0,0.01,0.01,2337.969213,1776346644000
1776346645.499,145.499,0.04,122.0,0.03,489.0,0.05,340.0,0.06,182.0,0.95,344.0,0.94,65.0,0.96,78.47,0.97,489.0,0.01,0.01,2337.969213,1776346644000
1776346645.839,145.839,0.04,5.8,0.03,480.0,0.05,352.0,0.06,65.0,0.95,340.0,0.94,182.0,0.96,122.0,0.97,489.0,0.01,0.01,2337.969213,1776346644000
1776346646.23,146.23,0.04,0.8,0.03,580.0,0.05,311.0,0.06,55.0,0.95,323.0,0.94,55.0,0.96,0.8,0.97,480.0,0.01,0.01,2337.969213,1776346644000
1776346646.57,146.57,0.03,628.76,0.02,699.62,0.04,94.0,0.05,261.0,0.95,311.0,0.94,55.0,0.97,579.76,0.98,567.29,0.01,0.02,2337.969213,1776346644000
1776346647.245,147.245,0.03,733.76,0.02,834.75,0.04,71.0,0.05,261.0,0.96,94.0,0.95,261.0,0.97,628.76,0.98,699.62,0.01,0.01,2338.057337,1776346645000
1776346647.496,147.496,0.03,728.76,0.02,503.53,0.04,61.0,0.05,261.0,0.96,71.0,0.95,261.0,0.97,733.76,0.98,834.75,0.01,0.01,2338.057337,1776346645000
1776346647.814,147.814,0.03,584.76,0.02,508.53,0.04,51.0,0.05,261.0,0.96,61.0,0.95,261.0,0.97,728.76,0.98,503.53,0.01,0.01,2338.057337,1776346645000
1776346648.199,148.199,0.03,593.01,0.02,513.53,0.04,69.0,0.05,261.0,0.96,51.0,0.95,261.0,0.97,584.76,0.98,508.53,0.01,0.01,2338.117367,1776346646000
1776346648.744,148.744,0.03,657.95,0.02,513.53,0.04,84.0,0.05,261.0,0.96,69.0,0.95,261.0,0.97,593.01,0.98,513.53,0.01,0.01,2338.117367,1776346646000
1776346651.117,151.117,0.03,1065.49,0.02,563.53,0.04,19.0,0.05,261.0,0.96,36.0,0.95,261.0,0.97,657.95,0.98,513.53,0.01,0.01,2338.965407,1776346649000
1776346652.476,152.476,0.03,795.49,0.02,680.53,0.04,19.0,0.05,261.0,0.96,19.0,0.95,261.0,0.97,1065.49,0.98,563.53,0.01,0.01,2338.81431,1776346651000
1776346652.746,152.746,0.03,634.33,0.02,680.53,0.04,19.0,0.05,261.0,0.96,19.0,0.95,261.0,0.97,795.49,0.98,680.53,0.01,0.01,2338.81431,1776346651000
1776346653.646,153.646,0.03,687.57,0.02,553.53,0.04,9.0,0.05,261.0,0.96,19.0,0.95,261.0,0.97,634.33,0.98,680.53,0.01,0.01,2338.815455,1776346652000
1776346654.43,154.43,0.04,17.0,0.03,706.27,0.05,250.0,0.06,117.0,0.95,260.0,0.93,196.78,0.97,687.57,0.98,553.53,0.01,0.02,2338.815455,1776346652000
1776346654.835,154.835,0.04,7.48,0.03,806.27,0.05,333.12,0.06,117.0,0.95,250.0,0.94,117.0,0.96,12.85,0.97,706.27,0.01,0.01,2338.90352,1776346653000
1776346655.66,155.66,0.04,158.6,0.03,711.27,0.05,333.12,0.07,201.78,0.95,333.12,0.94,117.0,0.96,7.48,0.97,806.27,0.01,0.01,2338.97694,1776346654000
1776346657.745,157.745,0.04,149.35,0.03,627.03,0.05,398.85,0.06,117.0,0.95,333.12,0.93,201.78,0.96,157.55,0.97,711.27,0.01,0.01,2339.335541,1776346656000
1776346658.338,158.338,0.04,48.36,0.03,1263.42,0.05,462.65,0.06,104.77,0.95,398.85,0.94,117.0,0.96,143.85,0.97,627.03,0.01,0.01,2339.335541,1776346656000
1776346659.544,159.544,0.04,8.19,0.03,415.57,0.05,419.65,0.06,147.8,0.95,560.65,0.94,115.27,0.96,43.38,0.97,1163.42,0.01,0.01,2339.15256,1776346658000
1776346660.135,160.135,0.04,2.0,0.03,415.57,0.05,419.65,0.06,158.3,0.95,419.65,0.94,147.8,0.96,8.19,0.97,415.57,0.01,0.01,2339.15256,1776346658000
1776346660.762,160.762,0.03,538.57,0.02,352.16,0.04,5.0,0.05,432.76,0.95,402.76,0.94,158.3,0.96,2.0,0.97,415.57,0.01,0.01,2338.764049,1776346659000
1776346662.112,162.112,0.03,523.57,0.02,651.05,0.04,20.0,0.05,420.76,0.96,5.0,0.95,432.76,0.97,538.57,0.98,352.16,0.01,0.01,2338.457573,1776346661000
1776346662.333,162.333,0.03,393.5,0.02,651.05,0.04,40.0,0.05,402.76,0.96,20.0,0.95,420.76,0.97,520.5,0.98,651.05,0.01,0.01,2338.457573,1776346661000
1776346663.091,163.091,0.03,546.5,0.02,618.72,0.04,209.97,0.05,271.03,0.96,40.0,0.95,402.76,0.97,393.5,0.98,651.05,0.01,0.01,2338.457573,1776346661000
1776346664.246,164.246,0.03,545.46,0.02,319.83,0.04,361.97,0.05,430.83,0.96,209.97,0.95,271.03,0.97,546.5,0.98,618.72,0.01,0.01,2337.87473,1776346663000
1776346664.497,164.497,0.03,543.46,0.02,319.83,0.04,361.97,0.05,430.83,0.96,361.97,0.95,430.83,0.97,545.46,0.98,319.83,0.01,0.01,2337.87473,1776346663000
1776346664.699,164.699,0.03,536.18,0.02,319.83,0.04,466.97,0.05,430.83,0.96,366.97,0.95,430.83,0.97,542.22,0.98,319.83,0.01,0.01,2337.87473,1776346663000
1776346665.043,165.043,0.03,372.06,0.02,319.83,0.04,372.75,0.05,489.83,0.96,633.63,0.95,430.83,0.97,533.06,0.98,319.83,0.01,0.01,2337.87473,1776346663000
1776346665.254,165.254,0.03,145.4,0.02,319.83,0.04,468.0,0.05,384.83,0.96,468.0,0.95,394.83,0.97,175.4,0.98,319.83,0.01,0.01,2337.664473,1776346664000
1776346665.592,165.592,0.02,300.83,0.01,2228.15,0.03,761.52,0.04,471.0,0.96,473.0,0.95,394.83,0.98,319.83,0.99,2228.15,0.01,0.02,2337.664473,1776346664000
1776346665.826,165.826,0.02,250.83,0.01,2228.15,0.03,704.0,0.04,477.0,0.97,761.52,0.96,471.0,0.98,300.83,0.99,2228.15,0.01,0.01,2337.664473,1776346664000
1776346666.111,166.111,0.02,225.33,0.01,2210.15,0.03,689.56,0.04,371.0,0.97,714.3,0.96,777.1,0.98,225.33,0.99,2210.15,0.01,0.01,2337.664473,1776346664000
1776346666.568,166.568,0.01,2215.15,,,0.02,98.82,0.03,572.56,0.98,109.9,0.97,572.56,0.99,2210.15,,,0.01,0.01,2337.522208,1776346665000
1776346666.821,166.821,0.01,2214.13,,,0.02,98.82,0.03,572.56,0.98,98.82,0.97,572.56,0.99,2215.15,,,0.01,0.01,2337.522208,1776346665000
1776346667.092,167.092,0.01,2212.09,,,0.02,98.82,0.03,461.0,0.98,98.82,0.97,552.56,0.99,2213.11,,,0.01,0.01,2337.522208,1776346665000
1776346667.874,167.874,0.01,2175.96,,,0.02,103.82,0.03,483.0,0.98,103.82,0.97,461.0,0.99,2176.98,,,0.01,0.01,2336.924678,1776346666000
1776346668.251,168.251,0.01,2173.92,,,0.02,103.82,0.03,488.0,0.98,103.82,0.97,483.0,0.99,2174.94,,,0.01,0.01,2336.924678,1776346666000
1776346668.489,168.489,0.01,2168.86,,,0.02,43.82,0.03,488.0,0.98,103.82,0.97,488.0,0.99,2168.86,,,0.01,0.01,2336.718742,1776346667000
1776346668.815,168.815,0.01,1906.13,,,0.02,25.82,0.03,493.0,0.98,15.62,0.97,493.0,0.99,2056.86,,,0.01,0.01,2336.718742,1776346667000
1776346669.028,169.028,0.01,2185.02,,,0.02,25.82,0.03,390.0,0.98,25.82,0.97,493.0,0.99,1906.13,,,0.01,0.01,2336.718742,1776346667000
1776346669.305,169.305,0.01,2161.72,,,0.02,25.82,0.03,390.0,0.98,30.82,0.97,390.0,0.99,2174.8,,,0.01,0.01,2336.718742,1776346667000
1776346669.655,169.655,0.01,2136.72,,,0.02,15.62,0.03,390.0,0.98,25.82,0.97,390.0,0.99,2161.72,,,0.01,0.01,2337.01795,1776346668000
1776346669.906,169.906,0.01,2134.64,,,0.02,60.2,0.03,440.0,0.98,15.62,0.97,390.0,0.99,2136.72,,,0.01,0.01,2337.01795,1776346668000
1776346670.608,170.608,0.01,2313.27,,,0.02,65.2,0.03,581.0,0.98,60.2,0.97,440.0,0.99,2125.64,,,0.01,0.01,2337.1654,1776346669000
1776346673.193,173.193,0.01,2190.35,,,0.02,172.95,0.03,665.4,0.98,65.2,0.97,581.0,0.99,2313.27,,,0.01,0.01,2337.088049,1776346672000
1776346673.608,173.608,0.01,2670.95,,,0.02,75.95,0.03,779.1,0.98,172.95,0.97,665.4,0.99,2190.35,,,0.01,0.01,2337.088049,1776346672000
1776346673.833,173.833,0.01,2670.95,,,0.02,76.14,0.03,779.1,0.98,75.95,0.97,779.1,0.99,2670.95,,,0.01,0.01,2337.088049,1776346672000
1776346674.19,174.19,0.01,2640.95,,,0.02,65.94,0.03,779.1,0.98,76.14,0.97,779.1,0.99,2670.95,,,0.01,0.01,2336.796726,1776346673000
1776346674.574,174.574,0.01,2639.15,,,0.02,76.14,0.03,739.1,0.98,65.94,0.97,779.1,0.99,2640.95,,,0.01,0.01,2336.796726,1776346673000
1776346675.493,175.493,0.01,2938.04,,,0.02,56.14,0.03,739.1,0.98,76.14,0.97,739.1,0.99,2639.15,,,0.01,0.01,2337.230363,1776346674000
1776346676.149,176.149,0.01,2993.04,,,0.02,35.94,0.03,739.1,0.98,56.14,0.97,739.1,0.99,2938.04,,,0.01,0.01,2337.97087,1776346675000
1776346676.783,176.783,0.01,2902.04,,,0.03,683.24,0.05,175.03,0.97,678.24,0.95,225.03,0.99,2967.04,,,0.02,0.02,2337.97087,1776346675000
1776346677.279,177.279,0.02,10.0,0.01,2897.04,0.03,627.57,0.05,175.03,0.97,683.24,0.95,175.03,0.99,2902.04,,,0.01,0.02,2338.18435,1776346676000
1776346677.936,177.936,0.02,108.97,0.01,2483.12,0.03,660.57,0.05,250.83,0.97,622.57,0.95,175.03,0.98,10.0,0.99,2897.04,0.01,0.01,2338.18435,1776346676000
1776346678.296,178.296,0.02,15.0,0.01,2432.1,0.03,612.57,0.05,250.83,0.97,622.57,0.95,250.83,0.99,2392.1,,,0.01,0.02,2338.18435,1776346676000
1776346678.613,178.613,0.02,181.3,0.01,2417.1,0.03,601.57,0.04,10.0,0.97,612.57,0.95,250.83,0.99,2417.1,,,0.01,0.02,2338.386453,1776346677000
1776346679.518,179.518,0.01,2416.99,,,0.03,601.57,0.05,240.83,0.97,601.57,0.96,10.0,0.98,181.3,0.99,2417.1,0.02,0.01,2338.335873,1776346678000
1776346679.965,179.965,0.02,439.7,0.01,2516.99,0.03,563.57,0.05,250.83,0.97,601.57,0.95,240.83,0.99,2416.99,,,0.01,0.02,2338.42546,1776346679000
1776346680.386,180.386,0.02,193.7,0.01,2416.99,0.03,508.57,0.04,10.0,0.97,563.57,0.95,250.83,0.98,439.7,0.99,2516.99,0.01,0.01,2338.42546,1776346679000
1776346681.065,181.065,0.02,174.49,0.01,2416.99,0.03,508.57,0.04,10.0,0.97,508.57,0.96,10.0,0.98,179.49,0.99,2416.99,0.01,0.01,2338.580855,1776346680000
1776346682.823,182.823,0.02,176.3,0.01,2416.99,0.03,488.57,0.05,255.83,0.97,508.57,0.96,10.0,0.98,169.38,0.99,2416.99,0.01,0.01,2338.883553,1776346681000
1776346684.114,184.114,0.02,10.0,0.01,2256.99,0.03,146.69,0.04,10.0,0.97,478.57,0.95,245.83,0.98,10.0,0.99,2516.99,0.01,0.01,2338.718264,1776346682000
1776346684.726,184.726,0.01,2256.99,,,0.02,89.1,0.03,215.69,0.98,94.03,0.97,230.69,0.99,2256.99,,,0.01,0.01,2339.07393,1776346683000
1776346685.216,185.216,0.02,77.2,0.01,2243.64,0.03,215.69,0.04,10.0,0.98,120.1,0.97,215.69,0.99,2216.58,,,0.01,0.01,2339.07393,1776346683000
1776346685.801,185.801,0.02,262.2,0.01,2233.64,0.03,97.69,0.05,250.83,0.97,215.69,0.96,10.0,0.98,77.2,0.99,2243.64,0.01,0.01,2339.12405,1776346684000
1776346686.096,186.096,0.03,25.31,0.02,268.2,0.05,240.83,0.06,268.71,0.95,250.83,0.94,268.71,0.97,9.31,0.98,267.2,0.02,0.02,2339.12405,1776346684000
1776346686.434,186.434,0.03,173.51,0.02,235.0,0.04,10.0,0.05,240.83,0.95,230.83,0.94,268.71,0.97,111.31,0.98,268.2,0.01,0.02,2338.649697,1776346685000
1776346686.834,186.834,0.03,104.26,0.02,180.0,0.04,25.0,0.05,356.32,0.96,10.0,0.95,240.83,0.97,173.51,0.98,235.0,0.01,0.01,2338.649697,1776346685000
1776346687.193,187.193,0.03,91.19,0.02,180.0,0.04,10.0,0.05,356.32,0.96,30.0,0.95,356.32,0.97,96.19,0.98,180.0,0.01,0.01,2338.619337,1776346686000
1776346688.44,188.44,0.03,88.62,0.02,652.47,0.04,10.0,0.05,240.83,0.96,10.0,0.95,356.32,0.97,91.19,0.98,180.0,0.01,0.01,2339.017925,1776346687000
1776346689.792,189.792,0.03,293.94,0.02,552.4,0.04,10.0,0.05,240.83,0.96,10.0,0.95,240.83,0.97,88.62,0.98,652.47,0.01,0.01,2339.042418,1776346688000
1776346690.013,190.013,0.04,273.95,0.03,5.0,0.05,271.83,0.06,396.31,0.96,10.0,0.95,240.83,0.97,293.94,0.98,552.4,0.01,0.01,2339.050288,1776346689000
1776346690.788,190.788,0.04,338.76,0.02,452.4,0.05,244.71,0.06,280.82,0.95,261.83,0.94,396.31,0.96,269.9,0.97,5.0,0.01,0.01,2339.050288,1776346689000
1776346691.005,191.005,0.04,333.76,0.02,377.4,0.05,215.71,0.06,396.31,0.95,231.71,0.94,280.82,0.96,338.76,0.98,452.4,0.01,0.01,2339.050288,1776346689000
1776346691.559,191.559,0.04,325.63,0.03,293.77,0.05,205.71,0.06,280.82,0.95,205.71,0.94,396.31,0.96,330.63,0.97,288.77,0.01,0.01,2339.250571,1776346690000
1776346691.881,191.881,0.04,310.63,0.03,288.77,0.05,321.2,0.06,280.82,0.95,205.71,0.94,280.82,0.96,325.63,0.97,293.77,0.01,0.01,2339.250571,1776346690000
1776346692.234,192.234,0.04,305.63,0.03,288.77,0.05,358.2,0.06,280.82,0.95,321.2,0.94,280.82,0.96,310.63,0.97,288.77,0.01,0.01,2339.178136,1776346691000
1776346695.831,195.831,0.03,20.38,0.02,298.7,0.04,10.0,0.05,217.44,0.95,253.71,0.94,280.82,0.96,328.26,0.97,288.77,0.01,0.01,2339.194717,1776346694000
1776346696.079,196.079,0.03,568.62,0.02,248.7,0.05,217.44,0.06,293.32,0.96,10.0,0.95,217.44,0.97,20.38,0.98,298.7,0.02,0.01,2339.0426,1776346695000
1776346697.225,197.225,0.04,15.0,0.03,423.93,0.05,197.44,0.06,285.82,0.95,217.44,0.94,293.32,0.97,568.62,0.98,248.7,0.01,0.02,2339.091871,1776346696000
1776346698.517,198.517,0.04,217.14,0.03,238.7,0.05,66.64,0.06,298.32,0.95,147.44,0.94,285.82,0.96,15.0,0.97,423.93,0.01,0.01,2339.470605,1776346697000
1776346699.096,199.096,0.04,10.0,0.03,238.7,0.05,61.64,0.06,275.82,0.95,71.64,0.94,298.32,0.96,10.0,0.97,238.7,0.01,0.01,2339.470605,1776346697000
1776346700.094,200.094,0.04,238.8,0.03,163.7,0.05,114.76,0.06,275.82,0.95,61.64,0.94,275.82,0.96,10.0,0.97,238.7,0.01,0.01,2339.842256,1776346698000
1776346700.351,200.351,0.04,302.72,0.03,163.7,0.05,91.0,0.06,212.02,0.95,99.76,0.94,275.82,0.96,225.72,0.97,163.7,0.01,0.01,2340.011795,1776346699000
1776346700.629,200.629,0.04,262.64,0.03,163.7,0.05,18.85,0.06,15.62,0.95,88.85,0.94,15.62,0.96,257.64,0.97,163.7,0.01,0.01,2340.011795,1776346699000
1776346701.244,201.244,0.06,312.53,0.05,202.8,0.07,45.23,0.08,10.0,0.93,224.21,0.92,10.0,0.94,15.53,0.96,262.64,0.01,0.01,2340.0978,1776346700000
1776346701.467,201.467,0.09,22.0,0.08,15.0,0.1,102.46,0.11,5.0,0.93,45.23,0.92,10.0,0.94,312.53,0.95,202.8,0.01,0.01,2340.0978,1776346700000
1776346701.704,201.704,0.09,246.0,0.08,17.0,0.11,5.28,0.12,15.0,0.9,0.28,0.89,15.0,0.91,196.0,0.93,66.0,0.02,0.01,2340.0978,1776346700000
1776346701.945,201.945,0.12,181.86,0.1,25.5,0.13,20.17,0.14,15.0,0.89,5.28,0.88,15.0,0.91,246.0,0.92,17.0,0.01,0.02,2340.0978,1776346700000
1776346702.207,202.207,0.12,6.13,0.11,45.0,0.13,20.17,0.14,15.0,0.87,20.17,0.86,15.0,0.88,181.86,0.9,25.5,0.01,0.01,2340.51176,1776346701000
1776346702.45,202.45,0.11,45.0,0.1,65.0,0.12,4.81,0.13,30.67,0.87,20.17,0.86,15.0,0.88,6.13,0.89,45.0,0.01,0.01,2340.51176,1776346701000
1776346702.931,202.931,0.1,3.33,0.09,264.85,0.12,37.98,0.13,30.67,0.88,9.81,0.87,30.67,0.9,3.33,0.92,10.0,0.02,0.02,2340.51176,1776346701000
1776346703.279,203.279,0.11,17.91,0.1,3.33,0.12,76.98,0.13,30.67,0.88,37.98,0.87,30.67,0.9,3.33,0.91,264.85,0.01,0.02,2340.51176,1776346701000
1776346703.648,203.648,0.1,0.55,0.09,264.85,0.11,20.0,0.12,73.98,0.88,76.98,0.87,30.67,0.89,17.91,0.9,3.33,0.01,0.01,2340.724012,1776346702000
1776346703.883,203.883,0.09,240.39,0.08,10.0,0.11,10.9,0.12,63.98,0.89,0.9,0.88,63.98,0.9,0.55,0.91,264.85,0.02,0.01,2340.724012,1776346702000
1776346704.129,204.129,0.09,229.4,0.07,31.0,0.1,36.0,0.11,50.9,0.89,10.9,0.88,63.98,0.91,240.39,0.92,10.0,0.01,0.02,2340.724012,1776346702000
1776346704.546,204.546,0.09,224.4,0.07,31.0,0.1,35.0,0.11,50.9,0.9,36.0,0.89,50.9,0.91,229.4,0.93,31.0,0.01,0.01,2341.010969,1776346703000
1776346704.756,204.756,0.09,224.4,0.07,21.0,0.12,59.54,0.13,30.67,0.9,35.0,0.89,50.9,0.91,224.4,0.93,31.0,0.03,0.01,2341.010969,1776346703000
1776346706.068,206.068,0.09,5.0,0.08,10.0,0.11,20.0,0.12,29.0,0.92,15.0,0.91,15.0,0.93,23.3,0.94,481.8,0.02,0.01,2340.857447,1776346704000
1776346706.422,206.422,0.09,55.0,0.08,60.0,0.1,7.77,0.11,25.0,0.89,20.0,0.88,29.0,0.91,5.0,0.92,10.0,0.01,0.02,2340.798525,1776346705000
1776346706.983,206.983,0.09,53.9,0.08,60.0,0.1,7.77,0.11,25.0,0.9,7.77,0.89,25.0,0.91,55.0,0.92,60.0,0.01,0.01,2340.39066,1776346706000
1776346707.852,207.852,0.09,58.9,0.08,60.0,0.12,29.0,0.13,15.17,0.9,7.77,0.89,25.0,0.91,53.9,0.92,60.0,0.03,0.01,2340.39066,1776346706000
1776346708.966,208.966,0.09,53.9,0.08,60.0,0.13,29.17,0.14,10.0,0.88,15.0,0.87,29.17,0.91,58.9,0.92,60.0,0.04,0.03,2340.558148,1776346707000
1776346709.301,209.301,0.06,431.8,0.05,60.0,0.09,6.66,0.1,15.0,0.93,15.0,0.92,25.0,0.94,471.16,0.95,60.0,0.03,0.01,2340.717915,1776346708000
1776346709.516,209.516,0.1,17.34,0.07,16.0,0.11,10.0,0.12,15.0,0.9,2.66,0.89,10.0,0.93,16.0,0.94,431.8,0.01,0.03,2340.717915,1776346708000
1776346710.335,210.335,0.09,10.0,0.08,10.0,0.1,29.5,0.11,18.42,0.9,6.0,0.89,10.0,0.92,10.0,0.93,16.0,0.01,0.02,2340.717915,1776346708000
1776346711.409,211.409,0.08,8.06,0.07,16.0,0.1,71.0,0.11,105.21,0.9,27.0,0.89,29.42,0.91,4.51,0.92,10.0,0.02,0.01,2340.611186,1776346710000
1776346712.055,212.055,0.08,2.62,0.07,16.0,0.09,108.0,0.1,81.5,0.9,71.0,0.89,105.21,0.92,8.06,0.93,16.0,0.01,0.02,2340.44,1776346711000
1776346712.508,212.508,0.07,13.21,0.06,25.53,0.08,34.37,0.09,60.0,0.91,103.0,0.9,81.5,0.93,13.21,0.94,25.53,0.01,0.02,2340.44,1776346711000
1776346712.754,212.754,0.07,16.12,0.06,25.53,0.08,15.12,0.09,70.0,0.92,34.37,0.91,60.0,0.93,13.21,0.94,25.53,0.01,0.01,2340.44,1776346711000
1776346713.651,213.651,0.05,34.64,0.04,158.8,0.08,5.12,0.09,75.0,0.92,15.12,0.91,70.0,0.93,16.12,0.94,25.53,0.03,0.01,2340.4757,1776346712000
1776346714.196,214.196,0.07,10.0,0.06,10.0,0.08,96.62,0.09,139.98,0.92,5.12,0.91,75.0,0.95,34.64,0.96,158.8,0.01,0.03,2340.4757,1776346712000
1776346714.746,214.746,0.08,11.88,0.07,143.37,0.09,25.0,0.1,186.74,0.92,96.62,0.91,139.98,0.93,10.0,0.94,10.0,0.01,0.01,2340.414465,1776346713000
1776346715.402,215.402,0.07,51.89,0.06,39.37,0.08,65.0,0.09,87.5,0.91,25.0,0.9,186.74,0.92,11.88,0.93,143.37,0.01,0.01,2340.443802,1776346714000
1776346716.197,216.197,0.07,5.62,0.06,26.0,0.08,10.0,0.09,20.0,0.92,65.0,0.91,87.5,0.93,51.89,0.94,39.37,0.01,0.01,2340.443802,1776346714000
1776346717.633,217.633,0.07,57.0,0.06,507.26,0.08,0.18,0.09,30.0,0.92,10.0,0.91,20.0,0.93,5.62,0.94,26.0,0.01,0.01,2340.583217,1776346716000
1776346720.224,220.224,0.04,130.8,0.03,137.0,0.05,79.68,0.06,65.0,0.92,0.18,0.91,30.0,0.93,56.62,0.94,507.26,0.01,0.01,2340.75758,1776346718000
1776346722.757,222.757,0.03,84.25,0.02,389.7,0.05,165.68,0.06,100.0,0.95,79.68,0.94,65.0,0.96,130.8,0.97,137.0,0.02,0.01,2340.308953,1776346721000
1776346724.278,224.278,0.02,198.7,0.01,2073.64,0.04,318.4,0.05,299.97,0.95,165.68,0.94,100.0,0.97,84.25,0.98,389.7,0.02,0.02,2340.14321,1776346723000
1776346724.559,224.559,0.02,193.7,0.01,1891.9,0.03,307.99,0.04,511.63,0.96,318.4,0.95,299.97,0.98,198.7,0.99,2073.64,0.01,0.02,2340.14321,1776346723000
1776346724.781,224.781,0.01,1607.04,,,0.02,31.9,0.03,269.9,0.97,312.99,0.96,294.5,0.99,1863.9,,,0.01,0.02,2340.14321,1776346723000
1776346725.181,225.181,0.01,1785.86,,,0.02,95.99,0.03,259.9,0.98,31.9,0.97,269.9,0.99,1607.04,,,0.01,0.01,2340.07605,1776346724000
1776346725.404,225.404,0.01,1780.86,,,0.02,109.99,0.03,259.9,0.98,95.99,0.97,259.9,0.99,1785.86,,,0.01,0.01,2340.07605,1776346724000
1776346725.823,225.823,0.01,1594.0,,,0.02,194.99,0.03,397.2,0.98,109.99,0.97,259.9,0.99,1780.86,,,0.01,0.01,2340.07605,1776346724000
1776346726.611,226.611,0.01,1589.0,,,0.02,272.99,0.03,685.19,0.98,194.99,0.97,397.2,0.99,1594.0,,,0.01,0.01,2339.960272,1776346725000
1776346727.178,227.178,0.01,1557.41,,,0.02,629.68,0.03,476.2,0.98,246.99,0.97,476.2,0.99,1579.91,,,0.01,0.01,2338.63495,1776346726000
1776346727.504,227.504,0.01,1540.41,,,0.02,624.68,0.03,476.2,0.98,629.68,0.97,476.2,0.99,1557.41,,,0.01,0.01,2338.63495,1776346726000
1776346727.739,227.739,0.01,1539.39,,,0.02,704.26,0.03,465.7,0.98,624.68,0.97,476.2,0.99,1540.41,,,0.01,0.01,2338.63495,1776346726000
1776346728.684,228.684,0.01,1539.39,,,0.02,154.99,0.03,449.28,0.98,704.26,0.97,465.7,0.99,1539.39,,,0.01,0.01,2337.924503,1776346727000
1776346728.888,228.888,0.01,1480.76,,,0.02,154.99,0.03,374.7,0.98,154.99,0.97,374.7,0.99,1482.78,,,0.01,0.01,2337.924503,1776346727000
1776346730.002,230.002,0.01,1422.21,,,0.02,343.69,0.03,599.83,0.98,338.69,0.97,365.7,0.99,1437.37,,,0.01,0.01,2337.774988,1776346728000
1776346730.407,230.407,0.01,1377.17,,,0.02,338.69,0.03,599.83,0.98,338.69,0.97,599.83,0.99,1374.17,,,0.01,0.01,2337.840595,1776346729000
1776346731.379,231.379,0.01,1351.82,,,0.02,429.27,0.03,598.83,0.98,338.69,0.97,599.83,0.99,1377.17,,,0.01,0.01,2337.905577,1776346730000
1776346733.856,233.856,0.01,1335.82,,,0.02,434.59,0.03,363.7,0.98,429.27,0.97,598.83,0.99,1351.82,,,0.01,0.01,2338.204436,1776346732000
1776346734.575,234.575,0.01,1285.82,,,0.02,468.01,0.03,345.7,0.98,434.59,0.97,363.7,0.99,1335.82,,,0.01,0.01,2338.113068,1776346733000
1776346734.842,234.842,0.01,1270.82,,,0.02,463.01,0.03,345.7,0.98,468.01,0.97,345.7,0.99,1285.82,,,0.01,0.01,2338.113068,1776346733000
1776346735.843,235.843,0.01,1225.82,,,0.02,363.01,0.03,585.83,0.98,463.01,0.97,345.7,0.99,1270.82,,,0.01,0.01,2337.965327,1776346734000
1776346736.637,236.637,0.01,1220.82,,,0.02,363.01,0.03,585.83,0.98,363.01,0.97,585.83,0.99,1225.82,,,0.01,0.01,2337.840322,1776346735000
1776346736.938,236.938,0.01,1200.82,,,0.02,490.01,0.03,761.82,0.98,363.01,0.97,585.83,0.99,1220.82,,,0.01,0.01,2337.840322,1776346735000
1776346737.172,237.172,0.01,1195.82,,,0.02,559.56,0.03,761.82,0.98,490.01,0.97,661.82,0.99,1195.82,,,0.01,0.01,2337.967068,1776346736000
1776346737.838,237.838,0.01,830.22,,,0.02,572.98,0.03,245.7,0.98,559.56,0.97,761.82,0.99,1195.82,,,0.01,0.01,2337.967068,1776346736000
1776346738.483,238.483,0.01,628.2,,,0.02,567.98,0.03,245.7,0.98,572.98,0.97,245.7,0.99,729.2,,,0.01,0.01,2338.100889,1776346737000
1776346739.261,239.261,0.01,528.2,,,0.02,512.57,0.03,230.7,0.98,567.98,0.97,245.7,0.99,628.2,,,0.01,0.01,2337.884934,1776346738000
1776346739.526,239.526,0.01,527.18,,,0.02,756.7,0.03,429.69,0.98,512.57,0.97,230.7,0.99,528.2,,,0.01,0.01,2337.884934,1776346738000
1776346739.855,239.855,,,,,0.01,8132.93,0.02,520.57,0.99,3520.94,0.98,534.57,,,,,,,2337.884934,1776346738000
1776346740.151,240.151,,,,,0.01,8898.43,0.02,529.57,0.99,8130.86,0.98,520.57,,,,,,,2337.884934,1776346738000
1776346740.563,240.563,,,,,0.01,9294.16,0.02,510.57,0.99,8898.43,0.98,529.57,,,,,,,2337.759306,1776346739000
1776346740.897,240.897,,,,,0.01,9389.16,0.02,433.57,0.99,9294.16,0.98,510.57,,,,,,,2337.759306,1776346739000
1776346743.761,243.761,,,,,0.01,9343.5,0.02,388.6,0.99,9389.16,0.98,433.57,,,,,,,2337.3539,1776346742000
1776346746.11,246.11,,,,,0.01,9344.5,0.02,463.18,0.99,9343.5,0.98,388.6,,,,,,,2337.388406,1776346744000
1776346748.192,248.192,,,,,0.01,9261.5,0.02,488.6,0.99,9344.5,0.98,463.18,,,,,,,2337.385316,1776346746000
1776346758.949,258.949,,,,,0.01,1428.14,0.02,331.69,0.99,9261.5,0.98,488.6,,,,,,,2338.995735,1776346757000
1776346760.646,260.646,,,,,0.01,1408.14,0.02,275.7,0.99,1428.14,0.98,331.69,,,,,,,2339.104805,1776346759000
1776346774.5,274.5,,,,,0.01,11334.57,0.02,434.69,0.99,1408.14,0.98,275.7,,,,,,,2337.298344,1776346773000
1776346777.18,277.18,,,,,0.01,11184.74,0.02,250.99,0.99,11334.57,0.98,434.69,,,,,,,2337.559743,1776346776000
1776346783.876,283.876,,,,,0.01,11148.71,0.02,250.99,0.99,11184.74,0.98,250.99,,,,,,,2337.45978,1776346782000
1776346790.436,290.436,0.001,209.97,,,0.003,15.0,0.009,400.0,0.99,11148.71,0.98,250.99,,,,,0.002,,2336.607859,1776346789000
1776346800.953,300.953,,,,,0.001,21149.58,0.002,144.54,0.999,444.1,0.997,15.0,,,,,,,2336.481934,1776346799000

# RESULT,winner=Down,slug=eth-updown-5m-1776346500,ticks=395
