timestamp,elapsed_sec,up_bid_p1,up_bid_s1,up_bid_p2,up_bid_s2,up_ask_p1,up_ask_s1,up_ask_p2,up_ask_s2,down_bid_p1,down_bid_s1,down_bid_p2,down_bid_s2,down_ask_p1,down_ask_s1,down_ask_p2,down_ask_s2,up_spread,down_spread,eth_price,eth_oracle_ts
1776369600.73,0.73,0.45,280.0,0.39,34.0,0.47,7.02,0.48,30.0,0.53,28.3,0.52,30.0,0.61,34.0,0.63,180.0,0.02,0.08,2360.616613,1776369599000
1776369601.252,1.252,0.45,280.0,0.39,34.0,0.51,38.65,0.52,5.0,0.49,38.65,0.48,5.0,0.55,280.0,0.61,34.0,0.06,0.06,2360.430729,1776369600000
1776369601.869,1.869,0.48,70.0,0.47,119.0,0.49,5.0,0.51,38.65,0.49,38.65,0.48,5.0,0.55,280.0,0.61,34.0,0.01,0.06,2360.430729,1776369600000
1776369602.244,2.244,0.47,6.05,0.46,100.0,0.49,34.41,0.5,5.0,0.51,10.0,0.49,38.65,0.52,65.0,0.53,119.0,0.02,0.01,2360.430729,1776369600000
1776369602.511,2.511,0.45,200.9,0.43,5.0,0.46,187.42,0.49,31.28,0.54,187.42,0.51,31.28,0.55,210.0,0.57,5.0,0.01,0.01,2360.311985,1776369601000
1776369603.172,3.172,0.45,53.0,0.44,12.0,0.46,183.82,0.49,31.28,0.54,187.42,0.51,31.28,0.55,195.55,0.56,12.0,0.01,0.01,2360.425,1776369602000
1776369603.472,3.472,0.45,25.0,0.44,12.0,0.46,58.82,0.49,31.28,0.54,128.82,0.51,31.28,0.55,70.0,0.56,12.0,0.01,0.01,2360.425,1776369602000
1776369603.805,3.805,0.51,39.95,0.5,28.0,0.52,5.0,0.55,8.88,0.48,5.0,0.45,8.88,0.52,5.0,0.53,5.0,0.01,0.04,2360.425,1776369602000
1776369604.11,4.11,0.51,47.0,0.5,28.0,0.55,8.88,0.59,112.0,0.48,5.0,0.45,8.88,0.49,39.95,0.5,28.0,0.04,0.01,2360.425,1776369602000
1776369604.447,4.447,0.58,4.7,0.57,10.0,0.6,7.29,0.61,82.0,0.4,7.29,0.36,125.0,0.46,10.0,0.47,10.0,0.02,0.06,2360.49089,1776369603000
1776369605.492,5.492,0.59,50.0,0.58,7.05,0.63,12.0,0.64,112.0,0.4,0.69,0.39,59.0,0.41,10.0,0.42,1.05,0.04,0.01,2360.731931,1776369604000
1776369606.14,6.14,0.6,2.37,0.59,25.0,0.62,116.0,0.63,162.0,0.37,12.0,0.36,112.0,0.39,7.61,0.4,15.0,0.02,0.02,2360.731931,1776369604000
1776369606.449,6.449,0.55,5.55,0.54,10.0,0.56,56.0,0.61,200.15,0.45,13.0,0.44,56.0,0.46,14.9,0.47,15.0,0.01,0.01,2361.155035,1776369605000
1776369606.775,6.775,0.55,3.32,0.54,15.0,0.56,44.0,0.57,19.0,0.44,44.0,0.43,19.0,0.45,5.55,0.46,15.0,0.01,0.01,2361.155035,1776369605000
1776369607.224,7.224,0.6,5.0,0.59,10.0,0.61,130.15,0.62,70.0,0.44,40.59,0.43,19.0,0.45,3.32,0.46,15.0,0.01,0.01,2361.155035,1776369605000
1776369607.821,7.821,0.58,9.9,0.57,10.0,0.6,40.0,0.61,147.15,0.39,70.15,0.36,108.0,0.4,15.0,0.41,22.63,0.02,0.01,2361.410884,1776369606000
1776369608.049,8.049,0.55,3.32,0.54,10.0,0.6,5.0,0.61,137.15,0.4,35.0,0.39,147.15,0.42,7.04,0.43,10.0,0.05,0.02,2361.410884,1776369606000
1776369608.735,8.735,0.58,10.0,0.57,10.0,0.6,21.0,0.61,92.15,0.41,5.0,0.4,16.0,0.42,24.2,0.43,10.0,0.02,0.01,2361.20628,1776369607000
1776369609.381,9.381,0.6,60.5,0.59,25.0,0.61,85.65,0.64,113.0,0.39,80.15,0.37,70.0,0.4,10.0,0.41,36.0,0.01,0.01,2361.160881,1776369608000
1776369610.125,10.125,0.6,55.5,0.59,25.0,0.61,180.15,0.63,6.0,0.39,80.65,0.36,113.0,0.4,60.5,0.41,25.0,0.01,0.01,2361.160881,1776369608000
1776369610.479,10.479,0.6,25.0,0.59,20.5,0.61,208.68,0.62,31.5,0.39,180.15,0.37,6.0,0.4,55.5,0.41,25.0,0.01,0.01,2361.250329,1776369609000
1776369610.739,10.739,0.56,7.5,0.55,10.0,0.59,30.5,0.6,168.5,0.39,208.68,0.38,31.5,0.4,25.0,0.41,20.5,0.03,0.01,2361.250329,1776369609000
1776369611.464,11.464,0.54,25.0,0.52,25.0,0.56,90.14,0.57,215.5,0.41,30.5,0.4,168.5,0.44,7.5,0.45,10.0,0.02,0.03,2361.250329,1776369609000
1776369611.857,11.857,0.51,50.34,0.5,150.0,0.52,4.0,0.54,10.87,0.47,10.64,0.45,11.12,0.49,100.34,0.5,150.0,0.01,0.02,2361.250329,1776369609000
1776369612.289,12.289,0.51,65.34,0.5,150.0,0.52,11.41,0.53,5.0,0.48,4.0,0.46,10.87,0.49,50.34,0.5,150.0,0.01,0.01,2361.488,1776369610000
1776369612.563,12.563,0.51,60.15,0.5,170.0,0.56,67.0,0.57,75.0,0.48,11.41,0.47,5.0,0.49,65.34,0.5,150.0,0.05,0.01,2361.334664,1776369611000
1776369612.96,12.96,0.53,35.0,0.52,31.62,0.56,7.0,0.57,5.0,0.44,67.0,0.43,75.0,0.49,60.15,0.5,170.0,0.03,0.05,2361.334664,1776369611000
1776369613.232,13.232,0.55,40.0,0.54,25.0,0.57,12.0,0.58,10.0,0.45,3.18,0.42,20.0,0.46,15.0,0.47,50.0,0.02,0.01,2361.334664,1776369611000
1776369613.571,13.571,0.6,17.0,0.59,10.0,0.61,168.18,0.62,100.0,0.43,12.0,0.42,10.0,0.45,40.0,0.46,25.0,0.01,0.02,2360.634859,1776369612000
1776369613.893,13.893,0.58,5.0,0.57,20.0,0.61,161.13,0.62,100.0,0.39,161.13,0.38,100.0,0.4,10.0,0.41,15.0,0.03,0.01,2360.634859,1776369612000
1776369614.672,14.672,0.6,98.0,0.59,29.0,0.61,141.13,0.62,100.0,0.39,161.13,0.38,100.0,0.42,5.0,0.43,20.0,0.01,0.03,2360.929737,1776369613000
1776369614.99,14.99,0.6,145.0,0.59,74.0,0.61,70.15,0.63,35.0,0.39,141.13,0.38,100.0,0.4,98.0,0.41,29.0,0.01,0.01,2360.929737,1776369613000
1776369615.2,15.2,0.6,145.0,0.59,74.0,0.61,7.59,0.65,64.0,0.39,17.69,0.37,35.0,0.4,145.0,0.41,74.0,0.01,0.01,2360.929737,1776369613000
1776369615.836,15.836,0.67,18.0,0.66,20.0,0.68,5.0,0.69,50.0,0.34,25.0,0.32,25.0,0.36,10.0,0.37,15.0,0.01,0.02,2361.335718,1776369614000
1776369616.116,16.116,0.7,10.38,0.69,10.0,0.71,231.0,0.72,100.0,0.29,225.0,0.28,192.0,0.33,18.0,0.34,20.0,0.01,0.04,2361.494607,1776369615000
1776369616.329,16.329,0.7,35.2,0.69,10.0,0.71,170.0,0.72,100.0,0.29,231.0,0.28,100.0,0.3,10.38,0.31,10.0,0.01,0.01,2361.494607,1776369615000
1776369616.547,16.547,0.7,12.66,0.69,23.0,0.71,173.33,0.72,100.0,0.29,173.43,0.28,100.0,0.3,12.66,0.31,23.0,0.01,0.01,2361.494607,1776369615000
1776369616.759,16.759,0.7,70.66,0.69,23.0,0.71,124.08,0.72,100.0,0.29,144.65,0.28,100.0,0.3,12.66,0.31,23.0,0.01,0.01,2361.494607,1776369615000
1776369617.114,17.114,0.7,75.66,0.69,53.0,0.71,99.08,0.72,100.0,0.29,124.08,0.28,100.0,0.3,70.66,0.31,23.0,0.01,0.01,2361.494607,1776369615000
1776369617.995,17.995,0.72,45.0,0.71,16.0,0.73,19.39,0.74,77.0,0.29,99.08,0.28,100.0,0.3,75.66,0.31,53.0,0.01,0.01,2362.687636,1776369616000
1776369618.408,18.408,0.72,51.0,0.71,10.0,0.73,13.93,0.74,77.0,0.27,18.02,0.26,77.0,0.28,45.0,0.29,16.0,0.01,0.01,2362.687636,1776369616000
1776369619.168,19.168,0.73,2.0,0.72,10.0,0.74,45.0,0.76,66.0,0.26,56.4,0.24,80.0,0.28,51.0,0.29,60.0,0.01,0.02,2362.897475,1776369617000
1776369619.839,19.839,0.72,55.0,0.71,10.0,0.74,64.0,0.75,70.0,0.26,69.0,0.25,11.0,0.27,2.0,0.28,35.0,0.02,0.01,2363.17075,1776369618000
1776369620.054,20.054,0.72,7.76,0.71,10.0,0.74,27.0,0.75,70.0,0.26,17.0,0.25,70.0,0.27,20.0,0.28,10.0,0.02,0.01,2363.17075,1776369618000
1776369620.411,20.411,0.7,4.0,0.69,35.0,0.74,20.0,0.75,95.0,0.29,28.9,0.25,95.0,0.3,8.0,0.31,35.0,0.04,0.01,2363.257208,1776369619000
1776369621.674,21.674,0.74,87.0,0.73,21.79,0.75,15.0,0.77,95.0,0.26,8.0,0.25,95.0,0.27,6.29,0.31,35.0,0.01,0.01,2363.327098,1776369620000
1776369622.001,22.001,0.74,73.0,0.73,32.79,0.75,13.09,0.76,10.5,0.25,13.09,0.24,10.5,0.26,97.5,0.27,26.79,0.01,0.01,2363.327098,1776369620000
1776369622.347,22.347,0.74,102.2,0.73,17.29,0.75,5.0,0.77,70.0,0.25,13.09,0.24,10.5,0.26,73.0,0.27,32.79,0.01,0.01,2363.094404,1776369621000
1776369622.583,22.583,0.76,22.0,0.75,10.0,0.77,1.0,0.78,20.0,0.23,58.0,0.22,45.0,0.26,118.5,0.27,46.29,0.01,0.03,2363.094404,1776369621000
1776369623.14,23.14,0.78,67.0,0.77,17.0,0.79,48.89,0.8,50.0,0.22,10.0,0.21,57.0,0.23,5.49,0.24,22.0,0.01,0.01,2363.094404,1776369621000
1776369623.621,23.621,0.78,42.13,0.77,10.0,0.79,108.06,0.8,50.0,0.21,46.56,0.2,50.0,0.22,67.0,0.23,17.0,0.01,0.01,2363.094404,1776369621000
1776369624.378,24.378,0.78,32.13,0.77,20.0,0.79,87.06,0.8,70.0,0.21,108.06,0.2,50.0,0.22,42.13,0.23,10.0,0.01,0.01,2363.094404,1776369621000
1776369624.715,24.715,0.78,29.77,0.77,10.0,0.79,78.54,0.8,70.0,0.21,133.54,0.2,70.0,0.22,35.0,0.23,20.0,0.01,0.01,2363.094404,1776369621000
1776369625.295,25.295,0.78,61.27,0.77,25.5,0.8,50.0,0.81,17.0,0.21,78.54,0.2,70.0,0.22,11.77,0.23,10.0,0.02,0.01,2363.766106,1776369624000
1776369626.026,26.026,0.81,17.0,0.8,48.0,0.83,43.0,0.84,75.0,0.2,50.0,0.19,17.0,0.22,61.27,0.23,25.5,0.02,0.02,2363.766106,1776369624000
1776369626.815,26.815,0.81,21.0,0.8,30.5,0.82,32.75,0.83,76.83,0.18,10.0,0.17,41.83,0.19,17.0,0.2,27.81,0.01,0.01,2363.723213,1776369625000
1776369627.158,27.158,0.8,15.0,0.79,78.0,0.81,121.5,0.82,44.25,0.18,32.75,0.17,76.83,0.19,21.0,0.2,30.5,0.01,0.01,2363.723213,1776369625000
1776369627.44,27.44,0.8,15.0,0.79,70.0,0.81,117.5,0.82,54.25,0.19,121.5,0.18,44.25,0.2,15.0,0.21,78.0,0.01,0.01,2364.200168,1776369626000
1776369627.672,27.672,0.8,5.0,0.79,35.0,0.81,131.42,0.82,44.25,0.19,117.5,0.18,54.25,0.2,15.0,0.21,70.0,0.01,0.01,2364.200168,1776369626000
1776369628.129,28.129,0.79,35.0,0.78,10.0,0.8,110.25,0.81,157.5,0.19,126.5,0.18,20.5,0.21,30.0,0.22,30.5,0.01,0.02,2364.663598,1776369627000
1776369628.544,28.544,0.79,5.0,0.77,10.0,0.8,91.37,0.81,311.34,0.2,110.25,0.19,157.5,0.21,35.0,0.22,10.0,0.01,0.01,2364.663598,1776369627000
1776369628.894,28.894,0.75,47.0,0.74,30.0,0.76,100.0,0.77,175.0,0.2,161.37,0.19,336.34,0.23,10.0,0.24,10.0,0.01,0.03,2364.663598,1776369627000
1776369629.956,29.956,0.75,31.6,0.74,10.0,0.76,310.66,0.77,40.0,0.24,100.0,0.23,175.0,0.25,47.0,0.26,30.0,0.01,0.01,2364.374859,1776369628000
1776369630.24,30.24,0.67,58.0,0.65,5.0,0.7,61.43,0.71,17.24,0.24,315.66,0.23,40.0,0.29,85.0,0.3,8.57,0.03,0.05,2363.896487,1776369629000
1776369630.555,30.555,0.65,30.0,0.63,16.0,0.66,42.0,0.68,100.0,0.3,61.43,0.29,17.24,0.33,58.0,0.35,5.0,0.01,0.03,2363.896487,1776369629000
1776369630.8,30.8,0.65,29.9,0.63,16.0,0.66,185.62,0.67,35.0,0.34,100.62,0.33,35.0,0.35,30.0,0.37,16.0,0.01,0.01,2363.896487,1776369629000
1776369631.868,31.868,0.55,25.0,0.54,100.0,0.56,84.36,0.57,11.62,0.34,265.62,0.33,35.0,0.4,10.0,0.41,10.0,0.01,0.06,2363.10979,1776369630000
1776369632.103,32.103,0.52,14.54,0.51,60.34,0.56,223.88,0.57,36.63,0.44,95.24,0.43,11.63,0.45,25.0,0.46,100.0,0.04,0.01,2363.10979,1776369630000
1776369632.328,32.328,0.46,110.0,0.45,100.0,0.49,45.0,0.5,141.0,0.5,197.09,0.49,50.0,0.53,60.0,0.54,10.0,0.03,0.03,2363.10979,1776369630000
1776369632.54,32.54,0.44,10.0,0.43,25.0,0.45,5.0,0.47,30.8,0.53,0.8,0.52,10.0,0.56,10.0,0.57,25.0,0.01,0.03,2362.042525,1776369631000
1776369632.743,32.743,0.44,73.85,0.43,48.26,0.45,36.89,0.46,46.1,0.55,5.0,0.53,30.8,0.56,10.0,0.57,25.0,0.01,0.01,2362.042525,1776369631000
1776369633.011,33.011,0.43,2.11,0.42,77.91,0.45,182.91,0.46,278.1,0.55,63.26,0.54,58.1,0.56,11.37,0.57,11.63,0.02,0.01,2362.042525,1776369631000
1776369633.356,33.356,0.42,58.91,0.41,46.0,0.43,29.2,0.44,31.36,0.56,31.36,0.55,149.09,0.58,61.91,0.59,71.0,0.01,0.02,2361.480436,1776369632000
1776369633.727,33.727,0.42,9.27,0.41,53.2,0.43,10.0,0.44,16.36,0.57,77.4,0.56,29.36,0.59,16.0,0.6,35.0,0.01,0.02,2361.480436,1776369632000
1776369633.935,33.935,0.4,37.06,0.39,25.0,0.42,10.0,0.43,10.0,0.56,1.36,0.55,149.09,0.59,26.05,0.6,35.0,0.02,0.03,2361.480436,1776369632000
1776369634.233,34.233,0.38,173.0,0.37,60.0,0.41,4.79,0.42,32.0,0.61,7.43,0.6,10.0,0.62,117.0,0.63,60.0,0.03,0.01,2361.480436,1776369632000
1776369634.954,34.954,0.42,23.81,0.41,26.2,0.43,12.0,0.45,40.09,0.59,4.79,0.58,32.0,0.62,173.0,0.63,60.0,0.01,0.03,2359.896339,1776369633000
1776369635.262,35.262,0.43,5.0,0.42,42.0,0.45,3.98,0.46,51.1,0.57,12.0,0.55,40.09,0.58,23.81,0.59,26.2,0.02,0.01,2359.573818,1776369634000
1776369635.468,35.468,0.44,16.37,0.43,16.63,0.46,40.24,0.47,31.0,0.54,51.1,0.53,31.0,0.56,11.37,0.57,16.63,0.02,0.02,2359.573818,1776369634000
1776369635.678,35.678,0.42,53.0,0.41,85.0,0.46,24.61,0.47,31.0,0.54,34.61,0.53,31.0,0.58,58.0,0.59,85.0,0.04,0.04,2359.573818,1776369634000
1776369635.939,35.939,0.44,6.2,0.42,25.0,0.47,31.0,0.48,141.0,0.54,24.61,0.53,31.0,0.58,53.0,0.59,85.0,0.03,0.04,2359.573818,1776369634000
1776369636.742,36.742,0.46,42.79,0.45,44.0,0.47,6.0,0.48,51.0,0.53,31.0,0.52,141.0,0.54,5.0,0.58,11.0,0.01,0.01,2359.474938,1776369635000
1776369636.961,36.961,0.5,5.0,0.49,25.0,0.51,208.57,0.52,225.0,0.49,206.12,0.48,309.0,0.54,42.79,0.55,44.0,0.01,0.05,2359.474938,1776369635000
1776369637.971,37.971,0.48,20.0,0.47,47.06,0.5,30.5,0.51,211.02,0.49,191.02,0.48,225.0,0.5,5.0,0.51,15.0,0.02,0.01,2359.77133,1776369636000
1776369638.443,38.443,0.48,41.0,0.47,47.06,0.49,22.09,0.5,30.5,0.5,30.5,0.49,211.02,0.52,20.0,0.53,47.06,0.01,0.02,2359.77133,1776369636000
1776369639.334,39.334,0.47,34.06,0.46,2.79,0.48,61.5,0.49,230.31,0.49,191.02,0.48,245.84,0.52,41.0,0.53,47.06,0.01,0.03,2360.133942,1776369638000
1776369639.575,39.575,0.43,35.5,0.42,44.5,0.44,17.27,0.45,19.1,0.54,6.41,0.52,104.98,0.57,25.0,0.58,44.5,0.01,0.03,2360.133942,1776369638000
1776369639.99,39.99,0.47,6.2,0.46,20.0,0.48,20.0,0.49,90.5,0.56,17.27,0.55,19.1,0.57,35.5,0.58,44.5,0.01,0.01,2360.133942,1776369638000
1776369640.192,40.192,0.47,5.0,0.46,5.0,0.5,143.37,0.51,249.01,0.51,13.14,0.5,150.5,0.53,5.0,0.54,5.0,0.03,0.02,2360.133942,1776369638000
1776369640.785,40.785,0.46,92.0,0.45,100.0,0.47,71.5,0.48,17.0,0.52,7.0,0.51,51.0,0.53,5.0,0.54,15.0,0.01,0.01,2360.133942,1776369638000
1776369641.209,41.209,0.44,100.0,0.43,135.0,0.46,88.36,0.47,25.0,0.53,65.5,0.52,92.0,0.54,30.67,0.55,100.0,0.02,0.01,2360.138949,1776369639000
1776369642.018,42.018,0.44,81.38,0.43,140.0,0.45,29.1,0.46,52.62,0.55,35.5,0.54,77.86,0.56,91.38,0.57,135.0,0.01,0.01,2360.037173,1776369640000
1776369642.259,42.259,0.43,135.0,0.42,125.0,0.45,29.0,0.46,52.62,0.55,29.1,0.54,52.62,0.56,81.38,0.57,140.0,0.02,0.01,2360.037173,1776369641000
1776369643.175,43.175,0.38,4.36,0.37,135.0,0.39,15.0,0.4,10.0,0.56,46.17,0.55,47.9,0.57,84.47,0.58,125.0,0.01,0.01,2360.037173,1776369641000
1776369643.651,43.651,0.34,72.0,0.33,125.0,0.35,10.0,0.36,10.0,0.61,10.0,0.6,10.0,0.63,135.0,0.64,135.0,0.01,0.02,2359.486693,1776369642000
1776369643.867,43.867,0.33,118.35,0.32,100.0,0.35,34.2,0.36,10.0,0.65,44.2,0.64,10.0,0.66,65.29,0.67,135.0,0.02,0.01,2359.486693,1776369642000
1776369644.068,44.068,0.32,25.0,0.31,11.0,0.33,12.4,0.34,10.0,0.67,22.4,0.66,10.0,0.68,25.0,0.69,11.0,0.01,0.01,2359.486693,1776369642000
1776369644.339,44.339,0.31,124.26,0.3,85.0,0.32,34.4,0.33,6.33,0.68,29.4,0.67,6.33,0.69,37.53,0.7,75.0,0.01,0.01,2359.139972,1776369643000
1776369644.543,44.543,0.31,221.34,0.3,105.0,0.32,3.58,0.33,6.33,0.68,22.4,0.67,6.33,0.69,251.34,0.7,105.0,0.01,0.01,2359.139972,1776369643000
1776369644.814,44.814,0.34,142.26,0.33,16.0,0.35,5.0,0.36,5.0,0.65,5.0,0.64,5.0,0.66,143.92,0.67,46.0,0.01,0.01,2359.139972,1776369643000
1776369645.015,45.015,0.34,25.48,0.33,41.0,0.37,1.85,0.38,21.0,0.64,5.0,0.63,10.0,0.66,96.48,0.67,41.0,0.03,0.02,2359.139972,1776369643000
1776369645.236,45.236,0.43,158.0,0.42,21.9,0.44,30.94,0.45,10.0,0.58,5.0,0.56,41.17,0.63,8.09,0.64,47.53,0.01,0.05,2359.139972,1776369643000
1776369645.447,45.447,0.5,20.0,0.49,10.2,0.51,62.94,0.52,151.0,0.53,25.0,0.5,50.0,0.55,40.0,0.56,43.09,0.01,0.02,2358.811285,1776369644000
1776369645.866,45.866,0.48,10.0,0.47,10.64,0.49,105.0,0.5,122.0,0.49,62.94,0.48,151.0,0.5,20.0,0.51,10.2,0.01,0.01,2358.811285,1776369644000
1776369646.09,46.09,0.48,4.42,0.46,13.1,0.49,181.24,0.5,185.0,0.51,105.0,0.5,122.0,0.52,10.0,0.53,10.64,0.01,0.01,2358.79344,1776369645000
1776369646.679,46.679,0.44,5.0,0.43,5.0,0.45,3.88,0.46,25.67,0.53,10.0,0.52,110.0,0.56,25.0,0.59,15.0,0.01,0.03,2358.79344,1776369645000
1776369646.956,46.956,0.44,23.64,0.43,5.0,0.45,26.1,0.46,19.26,0.55,3.88,0.54,25.67,0.56,5.0,0.57,5.0,0.01,0.01,2358.79344,1776369645000
1776369647.659,47.659,0.44,15.21,0.43,28.0,0.45,7.0,0.46,8.88,0.55,26.1,0.54,19.26,0.56,23.64,0.57,5.0,0.01,0.01,2359.476242,1776369646000
1776369647.881,47.881,0.44,25.0,0.43,30.0,0.48,23.36,0.49,9.81,0.55,6.9,0.54,8.88,0.56,10.21,0.57,28.0,0.04,0.01,2359.476242,1776369646000
1776369648.094,48.094,0.44,10.0,0.43,10.0,0.45,11.0,0.46,20.0,0.52,2.24,0.51,109.81,0.56,5.0,0.57,7.0,0.01,0.04,2359.926548,1776369647000
1776369648.32,48.32,0.43,10.0,0.42,5.0,0.47,33.48,0.48,64.24,0.55,15.66,0.54,31.41,0.57,10.0,0.58,10.0,0.04,0.02,2359.926548,1776369647000
1776369648.794,48.794,0.43,10.0,0.42,5.0,0.44,23.0,0.45,10.0,0.53,33.48,0.52,64.24,0.57,10.0,0.58,5.0,0.01,0.04,2359.926548,1776369647000
1776369649.42,49.42,0.49,10.0,0.48,88.0,0.5,79.9,0.51,102.94,0.56,23.0,0.55,10.0,0.57,10.0,0.58,5.0,0.01,0.01,2360.008109,1776369648000
1776369650.258,50.258,0.48,5.0,0.47,10.0,0.49,78.0,0.5,230.92,0.5,75.92,0.49,102.94,0.51,7.64,0.52,56.0,0.01,0.01,2360.008109,1776369648000
1776369651.057,51.057,0.46,156.7,0.45,32.5,0.47,20.0,0.48,9.61,0.51,78.0,0.5,230.92,0.52,5.0,0.53,10.0,0.01,0.01,2359.909245,1776369649000
1776369651.397,51.397,0.46,160.5,0.45,30.5,0.47,7.0,0.48,9.61,0.53,20.0,0.52,9.61,0.54,156.7,0.55,32.5,0.01,0.01,2359.909245,1776369649000
1776369651.816,51.816,0.47,143.5,0.46,137.5,0.5,10.0,0.51,2.94,0.52,9.61,0.5,80.92,0.54,165.5,0.55,30.5,0.03,0.02,2360.216512,1776369650000
1776369652.326,52.326,0.5,25.0,0.49,50.5,0.52,50.0,0.53,25.0,0.49,2.94,0.48,105.0,0.52,3.0,0.53,166.5,0.02,0.03,2360.245846,1776369651000
1776369652.824,52.824,0.53,1.3,0.52,41.0,0.54,120.0,0.55,100.0,0.48,50.0,0.47,25.0,0.5,25.0,0.51,50.5,0.01,0.02,2360.245846,1776369651000
1776369653.259,53.259,0.53,10.5,0.52,45.5,0.54,134.14,0.55,125.0,0.46,120.0,0.45,100.0,0.47,1.3,0.48,41.0,0.01,0.01,2360.322033,1776369652000
1776369653.64,53.64,0.52,10.0,0.51,45.5,0.53,126.73,0.54,133.14,0.46,177.14,0.45,135.0,0.49,11.38,0.5,66.5,0.01,0.03,2360.322033,1776369652000
1776369653.853,53.853,0.52,20.0,0.51,45.5,0.53,123.67,0.54,133.14,0.47,126.73,0.46,133.14,0.48,10.0,0.49,45.5,0.01,0.01,2360.322033,1776369652000
1776369654.273,54.273,0.52,10.0,0.51,35.0,0.53,161.67,0.54,204.01,0.47,123.67,0.46,133.14,0.48,20.0,0.49,45.5,0.01,0.01,2360.86875,1776369653000
1776369654.587,54.587,0.52,2.0,0.51,45.0,0.53,143.67,0.54,288.56,0.47,161.67,0.46,204.01,0.48,10.0,0.49,35.0,0.01,0.01,2360.86875,1776369653000
1776369656.103,56.103,0.5,55.2,0.49,10.0,0.51,151.78,0.52,183.39,0.47,143.67,0.46,288.56,0.48,2.0,0.49,45.0,0.01,0.01,2360.886652,1776369654000
1776369656.891,56.891,0.5,18.1,0.48,88.25,0.51,215.2,0.52,148.47,0.49,151.78,0.48,183.39,0.5,33.1,0.51,10.0,0.01,0.01,2360.70226,1776369655000
1776369657.378,57.378,0.5,10.1,0.48,98.25,0.51,199.5,0.52,148.47,0.49,189.0,0.48,148.47,0.5,18.1,0.52,88.25,0.01,0.01,2360.70226,1776369655000
1776369657.936,57.936,0.5,170.8,0.49,15.0,0.51,11.0,0.52,32.97,0.49,199.5,0.48,148.47,0.5,10.1,0.52,98.25,0.01,0.01,2360.686192,1776369656000
1776369658.251,58.251,0.51,146.5,0.5,45.6,0.52,18.72,0.53,0.67,0.48,27.97,0.47,0.67,0.5,170.8,0.51,15.0,0.01,0.02,2360.686192,1776369656000
1776369658.594,58.594,0.53,217.7,0.52,134.5,0.54,45.0,0.55,10.0,0.46,169.19,0.45,110.0,0.49,146.5,0.5,45.6,0.01,0.03,2360.542609,1776369657000
1776369659.26,59.26,0.57,16.0,0.56,44.18,0.58,116.9,0.59,95.0,0.45,10.0,0.44,135.0,0.47,259.49,0.48,147.5,0.01,0.02,2360.486623,1776369658000
1776369659.614,59.614,0.57,126.0,0.56,123.68,0.59,50.15,0.6,55.0,0.42,116.9,0.41,95.0,0.43,16.0,0.44,44.18,0.02,0.01,2360.486623,1776369658000
1776369659.922,59.922,0.58,51.5,0.57,21.0,0.6,59.9,0.61,172.0,0.41,55.84,0.4,60.0,0.42,16.0,0.43,15.0,0.02,0.01,2360.486623,1776369658000
1776369660.27,60.27,0.59,78.5,0.58,72.5,0.61,105.0,0.62,75.0,0.4,59.9,0.39,172.0,0.42,51.5,0.43,21.0,0.02,0.02,2360.486623,1776369658000
1776369660.705,60.705,0.61,20.0,0.6,86.5,0.62,68.9,0.63,25.0,0.39,95.0,0.38,75.0,0.4,15.0,0.41,105.7,0.01,0.01,2360.880681,1776369659000
1776369661.369,61.369,0.66,60.0,0.65,41.0,0.67,140.0,0.68,160.0,0.37,22.71,0.36,25.0,0.39,46.2,0.4,95.5,0.01,0.02,2360.880681,1776369659000
1776369661.88,61.88,0.66,15.0,0.65,10.0,0.67,304.5,0.68,160.0,0.33,140.0,0.32,160.0,0.34,60.0,0.35,41.0,0.01,0.01,2361.701917,1776369660000
1776369662.397,62.397,0.66,20.0,0.65,28.0,0.67,385.62,0.68,170.5,0.33,255.5,0.32,160.0,0.34,15.0,0.35,10.0,0.01,0.01,2361.701917,1776369660000
1776369662.997,62.997,0.65,28.0,0.64,20.5,0.66,30.0,0.67,362.62,0.33,385.62,0.32,170.5,0.34,20.0,0.35,28.0,0.01,0.01,2362.152417,1776369661000
1776369663.428,63.428,0.65,144.7,0.64,45.5,0.66,27.51,0.68,105.0,0.34,30.0,0.33,362.62,0.35,28.0,0.36,20.5,0.01,0.01,2362.152417,1776369661000
1776369663.776,63.776,0.69,10.0,0.68,10.0,0.7,79.28,0.71,93.0,0.32,77.0,0.31,25.0,0.33,66.5,0.34,34.5,0.01,0.01,2362.410955,1776369662000
1776369664.023,64.023,0.69,26.0,0.68,35.0,0.7,77.13,0.71,85.0,0.3,79.28,0.29,93.0,0.31,10.0,0.32,10.0,0.01,0.01,2362.410955,1776369662000
1776369664.284,64.284,0.69,10.0,0.68,35.0,0.7,184.72,0.71,115.0,0.3,136.72,0.29,85.0,0.31,10.0,0.32,35.0,0.01,0.01,2362.410955,1776369662000
1776369664.955,64.955,0.69,38.0,0.68,15.0,0.71,10.0,0.72,95.0,0.3,134.71,0.29,85.0,0.31,10.0,0.32,35.0,0.02,0.01,2362.346609,1776369663000
1776369666.166,66.166,0.7,20.5,0.69,20.5,0.71,145.0,0.72,135.0,0.29,10.0,0.28,95.0,0.31,38.0,0.32,15.0,0.01,0.02,2362.840444,1776369664000
1776369666.397,66.397,0.7,8.13,0.69,30.5,0.71,56.26,0.72,105.0,0.29,56.26,0.28,135.0,0.3,11.5,0.31,30.5,0.01,0.01,2362.840444,1776369664000
1776369666.789,66.789,0.71,78.32,0.7,42.63,0.72,161.0,0.73,50.5,0.29,56.26,0.28,105.0,0.3,8.13,0.31,30.5,0.01,0.01,2363.040603,1776369665000
1776369666.993,66.993,0.71,50.32,0.7,28.63,0.72,171.09,0.73,50.5,0.28,161.0,0.27,50.5,0.29,78.32,0.3,42.63,0.01,0.01,2363.040603,1776369665000
1776369667.772,67.772,0.71,78.32,0.7,28.63,0.72,96.47,0.73,29.5,0.28,164.14,0.27,50.5,0.29,50.32,0.3,28.63,0.01,0.01,2363.118975,1776369666000
1776369668.246,68.246,0.71,33.82,0.7,18.13,0.72,304.97,0.73,45.5,0.28,96.47,0.27,29.5,0.29,78.32,0.3,28.63,0.01,0.01,2362.987689,1776369667000
1776369668.477,68.477,0.71,19.39,0.7,28.63,0.72,203.19,0.73,90.5,0.28,233.19,0.27,45.5,0.29,14.82,0.3,18.13,0.01,0.01,2362.987689,1776369667000
1776369668.875,68.875,0.7,149.63,0.69,35.5,0.71,7.0,0.72,25.0,0.29,74.71,0.28,88.69,0.3,44.63,0.31,36.5,0.01,0.01,2362.987689,1776369667000
1776369670.75,70.75,0.76,35.5,0.75,37.5,0.77,94.0,0.78,155.0,0.27,42.81,0.26,20.0,0.28,81.5,0.29,37.5,0.01,0.01,2362.963661,1776369669000
1776369671.183,71.183,0.76,129.95,0.75,27.5,0.77,45.0,0.78,155.0,0.23,94.0,0.22,155.0,0.24,35.5,0.25,37.5,0.01,0.01,2363.612134,1776369670000
1776369671.432,71.432,0.76,129.08,0.75,27.5,0.77,18.0,0.78,155.0,0.23,18.0,0.22,155.0,0.24,129.95,0.25,27.5,0.01,0.01,2363.612134,1776369670000
1776369671.737,71.737,0.76,126.08,0.75,27.5,0.77,15.87,0.78,155.0,0.23,18.0,0.22,155.0,0.24,126.08,0.25,27.5,0.01,0.01,2363.612134,1776369670000
1776369672.511,72.511,0.76,78.08,0.75,33.5,0.77,128.87,0.78,197.5,0.23,15.87,0.22,155.0,0.24,126.08,0.25,27.5,0.01,0.01,2363.612134,1776369670000
1776369672.789,72.789,0.76,44.08,0.75,27.5,0.77,179.87,0.78,190.5,0.23,128.87,0.22,197.5,0.24,78.08,0.25,33.5,0.01,0.01,2364.110522,1776369671000
1776369673.074,73.074,0.76,43.08,0.75,20.5,0.77,206.37,0.78,196.11,0.23,159.87,0.22,190.5,0.24,28.08,0.25,27.5,0.01,0.01,2364.110522,1776369671000
1776369673.573,73.573,0.76,29.08,0.75,10.0,0.77,260.37,0.78,175.5,0.23,216.37,0.22,196.11,0.24,36.08,0.25,20.5,0.01,0.01,2364.110522,1776369671000
1776369673.784,73.784,0.74,0.85,0.73,20.0,0.77,300.37,0.78,155.5,0.23,260.37,0.22,155.5,0.24,10.08,0.25,10.0,0.03,0.01,2364.305488,1776369672000
1776369674.801,74.801,0.71,43.17,0.7,20.0,0.72,202.27,0.73,106.61,0.28,35.55,0.26,94.0,0.29,63.17,0.3,24.13,0.01,0.01,2364.296732,1776369673000
1776369675.213,75.213,0.71,23.42,0.7,10.0,0.72,330.27,0.73,136.0,0.28,240.27,0.27,131.61,0.29,38.42,0.3,20.0,0.01,0.01,2364.296732,1776369673000
1776369675.51,75.51,0.67,43.36,0.66,20.0,0.68,160.28,0.69,5.0,0.29,41.0,0.28,286.27,0.33,39.0,0.34,20.0,0.01,0.04,2363.701337,1776369674000
1776369675.714,75.714,0.67,60.56,0.66,20.0,0.68,14.91,0.71,104.61,0.32,160.28,0.31,5.0,0.33,43.36,0.34,20.0,0.01,0.01,2363.701337,1776369674000
1776369675.995,75.995,0.67,54.36,0.66,35.5,0.68,9.24,0.69,80.5,0.32,14.91,0.29,104.61,0.33,60.56,0.34,20.0,0.01,0.01,2363.701337,1776369674000
1776369677.21,77.21,0.68,56.5,0.67,41.86,0.69,90.0,0.71,13.0,0.31,78.8,0.29,49.61,0.32,23.0,0.33,31.36,0.01,0.01,2363.112694,1776369675000
1776369677.663,77.663,0.68,10.0,0.67,13.36,0.69,226.17,0.7,10.5,0.31,74.0,0.29,13.0,0.32,46.0,0.33,31.36,0.01,0.01,2362.717176,1776369676000
1776369678.115,78.115,0.67,18.36,0.66,25.0,0.68,180.42,0.69,116.17,0.32,15.55,0.31,231.17,0.33,18.36,0.34,25.0,0.01,0.01,2362.717176,1776369676000
1776369678.461,78.461,0.67,18.36,0.66,25.0,0.68,171.5,0.69,90.17,0.32,180.42,0.31,116.17,0.33,18.36,0.34,25.0,0.01,0.01,2362.589476,1776369677000
1776369679.005,79.005,0.67,10.36,0.66,25.0,0.68,115.5,0.69,55.17,0.32,171.5,0.31,90.17,0.33,0.36,0.34,25.0,0.01,0.01,2362.589476,1776369677000
1776369679.238,79.238,0.67,10.36,0.66,25.0,0.68,103.07,0.69,55.17,0.32,115.5,0.31,55.17,0.33,10.36,0.34,25.0,0.01,0.01,2362.594633,1776369678000
1776369681.101,81.101,0.66,9.0,0.65,83.0,0.67,133.5,0.68,176.5,0.32,103.07,0.31,55.17,0.33,10.36,0.34,25.0,0.01,0.01,2362.346685,1776369679000
1776369681.984,81.984,0.65,100.26,0.64,40.0,0.66,111.0,0.67,41.5,0.33,160.5,0.32,176.5,0.35,82.0,0.36,40.0,0.01,0.02,2362.377554,1776369681000
1776369683.997,83.997,0.65,12.0,0.64,25.0,0.66,212.5,0.67,62.11,0.34,111.0,0.33,41.5,0.35,100.26,0.36,40.0,0.01,0.01,2362.310276,1776369682000
1776369685.394,85.394,0.62,20.0,0.61,60.0,0.63,176.5,0.64,31.11,0.34,212.11,0.33,56.5,0.36,25.0,0.37,75.0,0.01,0.02,2362.124432,1776369684000
1776369685.806,85.806,0.62,96.2,0.61,65.0,0.63,16.5,0.64,90.5,0.37,176.5,0.36,31.11,0.38,20.0,0.39,60.0,0.01,0.01,2362.124432,1776369684000
1776369686.128,86.128,0.62,73.0,0.61,85.5,0.63,10.0,0.64,80.0,0.37,16.5,0.36,90.5,0.38,96.2,0.39,65.0,0.01,0.01,2362.124432,1776369684000
1776369687.198,87.198,0.62,57.0,0.61,85.5,0.63,14.0,0.64,80.0,0.37,10.0,0.36,80.0,0.38,73.0,0.39,85.5,0.01,0.01,2361.688359,1776369685000
1776369687.959,87.959,0.62,100.74,0.61,85.5,0.64,38.75,0.65,11.0,0.37,14.0,0.36,80.0,0.38,57.0,0.39,85.5,0.02,0.01,2361.568876,1776369686000
1776369688.531,88.531,0.63,88.0,0.62,98.24,0.65,11.0,0.67,26.5,0.36,38.75,0.35,11.0,0.38,100.74,0.39,85.5,0.02,0.02,2361.745468,1776369687000
1776369689.411,89.411,0.64,67.33,0.63,85.5,0.65,21.0,0.66,70.0,0.35,11.0,0.33,26.5,0.37,88.0,0.38,98.24,0.01,0.02,2361.80483,1776369688000
1776369689.928,89.928,0.64,19.5,0.63,5.0,0.65,126.5,0.66,86.93,0.34,61.43,0.33,26.5,0.36,86.83,0.37,85.5,0.01,0.02,2361.80483,1776369688000
1776369692.142,92.142,0.61,18.18,0.6,31.78,0.62,126.65,0.63,15.0,0.35,227.5,0.34,136.93,0.38,20.0,0.39,75.0,0.01,0.03,2361.910052,1776369690000
1776369692.797,92.797,0.6,21.78,0.59,95.0,0.61,240.32,0.62,40.5,0.39,52.82,0.38,126.65,0.4,31.78,0.41,95.0,0.01,0.01,2361.741749,1776369691000
1776369693.464,93.464,0.55,25.0,0.54,50.0,0.59,5.0,0.6,156.65,0.39,304.32,0.38,35.5,0.42,41.0,0.43,50.0,0.04,0.03,2361.764589,1776369692000
1776369694.687,94.687,0.52,39.0,0.5,110.1,0.53,3.68,0.54,25.5,0.41,5.0,0.4,156.65,0.45,25.0,0.46,50.0,0.01,0.04,2361.401932,1776369693000
1776369695.253,95.253,0.52,44.0,0.5,110.1,0.53,2.36,0.54,25.5,0.47,3.68,0.46,25.5,0.48,39.0,0.5,110.1,0.01,0.01,2361.401932,1776369693000
1776369695.782,95.782,0.52,33.81,0.5,120.6,0.53,10.0,0.54,22.26,0.47,10.0,0.46,45.26,0.48,38.99,0.5,120.6,0.01,0.01,2360.855198,1776369694000
1776369696.443,96.443,0.51,2.08,0.5,110.1,0.53,53.5,0.54,70.5,0.47,10.0,0.46,22.26,0.48,33.81,0.5,120.6,0.02,0.01,2360.643917,1776369695000
1776369698.213,98.213,0.5,195.6,0.49,117.5,0.52,15.0,0.53,30.0,0.48,15.0,0.47,45.5,0.5,110.1,0.51,10.5,0.02,0.02,2360.62102,1776369697000
1776369698.548,98.548,0.51,89.5,0.5,271.6,0.52,7.69,0.53,35.0,0.48,15.0,0.47,30.0,0.5,195.6,0.51,117.5,0.01,0.02,2360.62102,1776369697000
1776369699.005,99.005,0.52,104.5,0.51,151.5,0.53,5.0,0.54,60.0,0.47,30.0,0.46,60.0,0.49,89.5,0.5,271.6,0.01,0.02,2360.62102,1776369697000
1776369699.289,99.289,0.52,29.5,0.51,23.5,0.54,59.9,0.55,20.0,0.46,59.9,0.45,10.0,0.48,104.5,0.49,151.5,0.02,0.02,2360.538357,1776369698000
1776369699.505,99.505,0.53,52.5,0.52,29.5,0.54,59.9,0.55,20.0,0.46,59.9,0.45,20.0,0.48,29.5,0.49,23.5,0.01,0.02,2360.538357,1776369698000
1776369699.806,99.806,0.53,84.5,0.52,40.5,0.54,24.9,0.56,25.0,0.46,59.9,0.45,20.0,0.47,52.5,0.48,29.5,0.01,0.01,2360.538357,1776369698000
1776369700.082,100.082,0.53,229.5,0.52,229.5,0.54,16.13,0.56,10.0,0.46,24.9,0.44,25.0,0.47,84.5,0.48,40.5,0.01,0.01,2360.538357,1776369698000
1776369701.837,101.837,0.58,88.5,0.57,33.5,0.59,50.0,0.6,32.65,0.44,10.0,0.42,10.0,0.47,234.5,0.48,229.5,0.01,0.03,2360.71658,1776369700000
1776369702.62,102.62,0.58,63.14,0.57,38.5,0.59,50.0,0.6,37.65,0.41,50.0,0.4,32.65,0.42,88.5,0.43,33.5,0.01,0.01,2361.098927,1776369701000
1776369704.197,104.197,0.58,59.5,0.57,44.5,0.59,4.0,0.6,52.65,0.41,50.0,0.4,37.65,0.42,63.14,0.43,38.5,0.01,0.01,2361.202138,1776369702000
1776369704.42,104.42,0.58,54.5,0.57,39.5,0.6,41.81,0.61,121.82,0.41,4.0,0.4,52.65,0.42,59.5,0.43,44.5,0.02,0.01,2361.202138,1776369702000
1776369706.919,106.919,0.56,89.28,0.55,35.0,0.57,24.5,0.58,42.5,0.41,17.79,0.4,41.81,0.42,33.5,0.43,54.5,0.01,0.01,2361.305142,1776369704000
1776369707.13,107.13,0.56,37.28,0.55,35.0,0.57,122.5,0.58,35.5,0.43,143.5,0.42,35.5,0.44,84.28,0.45,35.0,0.01,0.01,2361.305142,1776369704000
1776369709.923,109.923,0.48,35.0,0.47,160.0,0.49,55.36,0.5,15.0,0.43,88.5,0.42,35.5,0.45,35.0,0.48,186.0,0.01,0.02,2360.967467,1776369708000
1776369710.514,110.514,0.47,11.0,0.46,50.0,0.48,6.93,0.49,49.43,0.51,55.36,0.5,15.0,0.52,35.0,0.53,160.0,0.01,0.01,2360.967467,1776369708000
1776369710.78,110.78,0.47,7.94,0.46,50.0,0.49,15.0,0.5,20.0,0.51,49.43,0.5,35.0,0.52,6.59,0.53,11.0,0.02,0.01,2360.967467,1776369708000
1776369710.987,110.987,0.46,50.0,0.45,192.0,0.48,15.0,0.49,15.0,0.51,15.0,0.5,20.0,0.53,7.18,0.54,50.0,0.02,0.02,2360.967467,1776369708000
1776369711.222,111.222,0.46,173.0,0.45,202.0,0.48,10.0,0.49,5.0,0.52,15.0,0.51,15.0,0.54,120.0,0.55,192.0,0.02,0.02,2360.771498,1776369709000
1776369712.159,112.159,0.53,17.0,0.52,45.0,0.55,69.08,0.56,28.0,0.52,10.0,0.51,5.0,0.54,173.0,0.55,202.0,0.02,0.02,2360.121633,1776369710000
1776369712.43,112.43,0.55,9.66,0.54,15.0,0.56,28.0,0.57,22.0,0.45,69.08,0.44,28.0,0.47,17.0,0.48,45.0,0.01,0.02,2360.121633,1776369710000
1776369712.87,112.87,0.55,37.16,0.54,25.5,0.56,25.87,0.57,46.7,0.44,28.0,0.43,22.0,0.45,9.66,0.46,15.0,0.01,0.01,2360.101865,1776369711000
1776369713.301,113.301,0.55,100.16,0.54,26.5,0.57,20.7,0.58,24.8,0.44,25.87,0.43,46.7,0.45,37.16,0.46,25.5,0.02,0.01,2360.253639,1776369712000
1776369714.96,114.96,0.56,209.5,0.55,162.16,0.59,35.0,0.6,131.81,0.43,17.59,0.42,24.8,0.44,15.0,0.45,77.16,0.03,0.01,2360.857689,1776369713000
1776369715.472,115.472,0.59,77.5,0.58,76.5,0.6,125.81,0.61,106.82,0.41,35.0,0.4,131.81,0.44,209.5,0.45,162.16,0.01,0.03,2361.100943,1776369714000
1776369715.774,115.774,0.59,68.5,0.58,56.5,0.6,125.81,0.61,106.82,0.4,125.81,0.39,106.82,0.41,77.5,0.42,76.5,0.01,0.01,2361.100943,1776369714000
1776369716.177,116.177,0.59,68.5,0.58,81.5,0.6,107.75,0.61,106.82,0.4,125.81,0.39,106.82,0.41,68.5,0.42,56.5,0.01,0.01,2361.18023,1776369715000
1776369716.591,116.591,0.59,17.5,0.58,55.5,0.6,98.61,0.61,106.82,0.4,46.08,0.39,106.82,0.41,38.5,0.42,91.5,0.01,0.01,2361.18023,1776369715000
1776369716.849,116.849,0.59,17.5,0.58,50.5,0.6,110.94,0.61,116.82,0.4,98.61,0.39,106.82,0.41,17.5,0.42,55.5,0.01,0.01,2361.18023,1776369715000
1776369717.143,117.143,0.59,7.07,0.58,50.5,0.6,146.76,0.61,130.82,0.4,110.94,0.39,116.82,0.41,17.5,0.42,50.5,0.01,0.01,2361.18023,1776369715000
1776369717.583,117.583,0.58,5.45,0.57,26.5,0.6,101.76,0.61,141.32,0.4,146.76,0.39,130.82,0.41,2.07,0.42,50.5,0.02,0.01,2361.53199,1776369716000
1776369717.928,117.928,0.56,10.5,0.55,41.5,0.57,40.32,0.58,117.82,0.4,101.76,0.39,141.32,0.42,5.45,0.43,26.5,0.01,0.02,2361.53199,1776369716000
1776369718.173,118.173,0.55,41.5,0.54,125.5,0.56,3.0,0.57,79.82,0.43,91.82,0.42,93.82,0.45,41.5,0.46,120.5,0.01,0.02,2361.586302,1776369717000
1776369720.183,120.183,0.55,210.5,0.54,170.5,0.56,6.87,0.58,5.0,0.44,16.64,0.43,69.82,0.45,31.5,0.46,125.5,0.01,0.01,2361.299338,1776369719000
1776369720.512,120.512,0.55,308.5,0.54,145.5,0.59,20.0,0.6,28.94,0.44,0.65,0.42,5.0,0.45,229.7,0.46,145.5,0.04,0.01,2361.299338,1776369719000
1776369721.342,121.342,0.59,41.5,0.58,40.5,0.6,23.54,0.61,106.82,0.41,20.0,0.4,28.94,0.45,308.5,0.46,145.5,0.01,0.04,2361.299338,1776369719000
1776369721.846,121.846,0.58,40.5,0.57,120.0,0.59,51.3,0.6,23.54,0.4,23.54,0.39,106.82,0.41,41.5,0.42,40.5,0.01,0.01,2361.162482,1776369720000
1776369722.26,122.26,0.58,171.7,0.57,156.0,0.59,30.3,0.6,28.54,0.41,51.3,0.4,23.54,0.42,40.5,0.43,120.0,0.01,0.01,2361.297754,1776369721000
1776369722.875,122.875,0.58,269.5,0.57,131.0,0.6,23.54,0.61,106.82,0.41,25.3,0.4,28.54,0.42,171.7,0.43,156.0,0.02,0.01,2361.297754,1776369721000
1776369723.297,123.297,0.6,137.2,0.59,35.5,0.61,28.45,0.62,140.0,0.39,90.42,0.38,130.0,0.4,139.2,0.41,26.5,0.01,0.01,2361.297754,1776369721000
1776369723.662,123.662,0.6,134.7,0.59,108.55,0.61,22.45,0.62,140.0,0.39,28.45,0.38,140.0,0.4,134.7,0.41,35.5,0.01,0.01,2361.297754,1776369721000
1776369723.974,123.974,0.6,116.2,0.59,108.55,0.61,22.45,0.62,140.0,0.39,22.45,0.38,140.0,0.4,134.7,0.41,108.55,0.01,0.01,2361.494117,1776369722000
1776369724.782,124.782,0.6,72.7,0.59,10.0,0.61,112.95,0.62,160.5,0.39,22.45,0.38,140.0,0.4,116.2,0.41,108.55,0.01,0.01,2361.531158,1776369723000
1776369725.309,125.309,0.56,25.5,0.55,20.5,0.57,17.82,0.58,123.32,0.39,136.95,0.38,160.5,0.43,5.0,0.44,126.5,0.01,0.04,2361.563366,1776369724000
1776369725.91,125.91,0.54,99.46,0.53,10.5,0.55,113.5,0.56,95.24,0.43,17.82,0.42,123.32,0.44,25.5,0.45,20.5,0.01,0.01,2361.563366,1776369724000
1776369726.181,126.181,0.54,56.78,0.52,85.0,0.55,225.74,0.56,94.61,0.45,168.5,0.44,95.24,0.46,97.28,0.48,155.0,0.01,0.01,2361.563366,1776369724000
1776369726.414,126.414,0.52,85.0,0.51,25.0,0.54,3.0,0.55,311.86,0.45,300.74,0.44,164.61,0.48,85.0,0.49,25.0,0.02,0.03,2361.563366,1776369724000
1776369726.706,126.706,0.52,50.0,0.51,25.0,0.55,151.47,0.56,164.61,0.46,3.0,0.45,311.86,0.48,85.0,0.49,25.0,0.03,0.02,2361.526403,1776369725000
1776369727.79,127.79,0.45,88.0,0.44,170.0,0.47,10.04,0.48,9.62,0.47,34.66,0.46,18.87,0.5,50.0,0.51,25.0,0.02,0.03,2361.526403,1776369725000
1776369728.214,128.214,0.45,35.0,0.44,170.0,0.46,52.26,0.47,102.22,0.51,7.95,0.5,33.0,0.54,22.53,0.55,66.0,0.01,0.03,2361.217914,1776369726000
1776369728.45,128.45,0.43,100.0,0.42,230.0,0.44,6.45,0.45,10.0,0.54,52.26,0.53,102.22,0.55,35.0,0.56,170.0,0.01,0.01,2360.684259,1776369727000
1776369728.807,128.807,0.43,14.0,0.42,340.0,0.44,6.45,0.45,64.26,0.56,6.45,0.55,10.0,0.57,100.0,0.58,230.0,0.01,0.01,2360.684259,1776369727000
1776369729.742,129.742,0.42,260.5,0.41,183.0,0.45,17.85,0.46,117.76,0.56,6.45,0.55,64.26,0.57,14.0,0.58,340.0,0.03,0.01,2360.097537,1776369728000
1776369730.76,130.76,0.42,172.46,0.41,125.0,0.43,31.0,0.44,30.74,0.55,17.85,0.54,127.76,0.57,4.47,0.58,210.5,0.01,0.02,2359.972409,1776369729000
1776369731.012,131.012,0.4,96.0,0.39,153.0,0.41,10.0,0.42,51.26,0.57,118.0,0.56,50.45,0.58,27.1,0.59,135.5,0.01,0.01,2359.972409,1776369729000
1776369731.575,131.575,0.4,68.36,0.39,125.0,0.41,64.24,0.42,27.24,0.58,48.0,0.57,38.24,0.6,87.18,0.61,163.5,0.01,0.02,2359.894779,1776369730000
1776369731.78,131.78,0.4,21.57,0.39,125.0,0.41,94.3,0.42,27.24,0.59,94.3,0.58,27.24,0.6,55.57,0.61,125.0,0.01,0.01,2359.894779,1776369730000
1776369732.454,132.454,0.4,100.37,0.39,133.0,0.41,25.81,0.42,58.0,0.59,64.44,0.58,27.24,0.6,18.37,0.61,125.0,0.01,0.01,2359.894779,1776369730000
1776369732.674,132.674,0.4,38.37,0.39,125.0,0.41,1.07,0.42,58.0,0.59,33.27,0.58,58.0,0.6,53.37,0.61,158.0,0.01,0.01,2359.894779,1776369730000
1776369733.656,133.656,0.4,49.37,0.39,150.0,0.41,54.56,0.42,16.74,0.59,1.07,0.58,58.0,0.6,38.37,0.61,125.0,0.01,0.01,2359.69681,1776369732000
1776369733.955,133.955,0.4,35.37,0.39,150.0,0.41,13.06,0.42,68.5,0.59,54.56,0.58,16.74,0.6,49.37,0.61,150.0,0.01,0.01,2359.568089,1776369733000
1776369734.299,134.299,0.4,82.87,0.39,145.0,0.41,8.9,0.42,58.0,0.59,13.06,0.58,68.5,0.6,35.37,0.61,150.0,0.01,0.01,2359.568089,1776369733000
1776369734.697,134.697,0.4,28.87,0.39,145.0,0.42,78.54,0.43,143.0,0.58,50.54,0.57,43.0,0.6,82.87,0.61,145.0,0.02,0.02,2359.568089,1776369733000
1776369735.204,135.204,0.4,28.87,0.39,130.5,0.41,22.0,0.42,15.02,0.58,78.54,0.57,143.0,0.6,28.87,0.61,145.0,0.01,0.02,2359.593874,1776369734000
1776369735.502,135.502,0.4,23.37,0.39,130.5,0.41,6.0,0.42,56.28,0.59,22.0,0.58,15.02,0.6,28.87,0.61,130.5,0.01,0.01,2359.593874,1776369734000
1776369735.919,135.919,0.4,22.87,0.39,130.5,0.41,22.0,0.42,67.28,0.59,6.0,0.58,56.28,0.6,23.37,0.61,130.5,0.01,0.01,2359.593874,1776369734000
1776369736.782,136.782,0.41,136.5,0.4,55.87,0.43,30.0,0.44,32.74,0.58,13.07,0.57,143.0,0.6,43.87,0.61,130.5,0.02,0.02,2359.576532,1776369735000
1776369737.793,137.793,0.42,83.5,0.41,144.5,0.44,10.0,0.45,24.0,0.57,30.0,0.56,32.74,0.59,136.5,0.6,55.87,0.02,0.02,2359.567457,1776369736000
1776369738.938,138.938,0.42,5.0,0.41,5.0,0.44,238.24,0.45,144.5,0.56,10.0,0.55,24.0,0.58,83.5,0.59,144.5,0.02,0.02,2359.607972,1776369737000
1776369740.842,140.842,0.39,130.5,0.38,93.5,0.41,49.74,0.42,134.0,0.59,7.07,0.58,25.5,0.6,13.82,0.61,120.0,0.02,0.01,2359.722825,1776369739000
1776369743.8,143.8,0.39,65.74,0.38,50.0,0.4,215.42,0.41,137.24,0.59,49.74,0.58,134.0,0.61,130.5,0.62,93.5,0.01,0.02,2359.545244,1776369741000
1776369744.002,144.002,0.39,3.98,0.38,50.0,0.4,215.42,0.41,137.24,0.6,215.42,0.59,137.24,0.61,20.42,0.62,50.0,0.01,0.01,2359.545244,1776369741000
1776369744.4,144.4,0.36,83.57,0.35,98.8,0.37,140.84,0.38,15.0,0.6,210.42,0.59,142.24,0.64,93.5,0.65,90.8,0.01,0.04,2359.545244,1776369741000
1776369744.65,144.65,0.36,20.5,0.35,98.8,0.37,86.78,0.38,15.0,0.63,140.84,0.62,15.0,0.64,83.57,0.65,98.8,0.01,0.01,2359.545244,1776369741000
1776369744.854,144.854,0.36,20.5,0.35,98.8,0.37,91.07,0.38,25.92,0.63,86.78,0.62,15.0,0.64,20.5,0.65,98.8,0.01,0.01,2359.545244,1776369741000
1776369745.305,145.305,0.36,299.5,0.35,100.8,0.37,76.74,0.42,11.0,0.63,91.07,0.62,25.92,0.64,20.5,0.65,98.8,0.01,0.01,2359.545244,1776369741000
1776369745.564,145.564,0.41,32.17,0.4,10.0,0.42,11.0,0.43,20.0,0.6,12.35,0.58,11.0,0.64,357.62,0.65,100.8,0.01,0.04,2359.545244,1776369741000
1776369746.473,146.473,0.42,4.29,0.41,39.17,0.43,5.0,0.44,25.0,0.58,1.78,0.57,15.0,0.59,47.17,0.6,10.0,0.01,0.01,2359.279913,1776369745000
1776369747.666,147.666,0.45,132.0,0.44,30.0,0.46,20.0,0.47,70.0,0.57,5.0,0.56,25.0,0.58,4.29,0.59,39.17,0.01,0.01,2359.437137,1776369746000
1776369748.162,148.162,0.45,15.74,0.44,10.0,0.46,33.0,0.47,75.0,0.54,20.0,0.53,70.0,0.55,132.0,0.56,30.0,0.01,0.01,2359.764675,1776369747000
1776369748.492,148.492,0.45,16.9,0.44,16.0,0.46,28.0,0.47,150.16,0.54,17.0,0.53,75.0,0.55,8.74,0.56,10.0,0.01,0.01,2359.764675,1776369747000
1776369749.136,149.136,0.42,55.74,0.41,42.5,0.43,26.0,0.44,10.0,0.54,28.0,0.53,150.16,0.55,16.9,0.56,16.0,0.01,0.01,2359.834984,1776369748000
1776369749.838,149.838,0.42,35.0,0.41,60.5,0.44,7.0,0.45,46.92,0.57,14.75,0.56,10.0,0.58,55.74,0.59,52.5,0.02,0.01,2359.834984,1776369748000
1776369750.598,150.598,0.42,25.0,0.41,25.0,0.43,56.0,0.44,135.08,0.56,7.0,0.55,46.92,0.58,35.0,0.59,60.5,0.01,0.02,2360.038255,1776369749000
1776369750.911,150.911,0.4,66.25,0.39,25.0,0.43,71.92,0.44,135.08,0.57,56.0,0.56,135.08,0.58,25.0,0.59,25.0,0.03,0.01,2360.038255,1776369749000
1776369751.207,151.207,0.4,18.0,0.39,35.0,0.41,33.92,0.42,41.92,0.59,33.92,0.58,41.92,0.6,30.37,0.61,35.0,0.01,0.01,2359.98863,1776369750000
1776369752.251,152.251,0.39,25.0,0.38,10.0,0.41,341.24,0.42,157.42,0.59,33.92,0.58,41.92,0.6,18.0,0.61,35.0,0.02,0.01,2359.859742,1776369751000
1776369757.039,157.039,0.34,285.5,0.33,70.5,0.36,122.48,0.37,10.0,0.59,341.24,0.58,157.42,0.61,25.0,0.62,10.0,0.02,0.02,2359.329347,1776369756000
1776369757.423,157.423,0.35,116.5,0.34,170.5,0.36,86.48,0.37,10.0,0.64,122.48,0.63,10.0,0.66,285.5,0.67,70.5,0.01,0.02,2359.329347,1776369756000
1776369757.787,157.787,0.35,235.5,0.34,187.5,0.36,26.04,0.38,10.0,0.64,86.48,0.63,10.0,0.65,116.5,0.66,170.5,0.01,0.01,2359.329347,1776369756000
1776369758.109,158.109,0.38,27.5,0.37,67.5,0.39,4.88,0.4,110.0,0.61,4.88,0.6,110.0,0.63,71.5,0.64,60.5,0.01,0.02,2359.329347,1776369756000
1776369758.334,158.334,0.38,10.59,0.37,57.5,0.39,2.31,0.4,110.0,0.61,2.31,0.6,110.0,0.62,27.5,0.63,67.5,0.01,0.01,2359.329347,1776369756000
1776369759.395,159.395,0.37,12.0,0.36,7.0,0.38,166.2,0.39,201.4,0.61,2.31,0.6,110.0,0.62,10.59,0.63,57.5,0.01,0.01,2359.20439,1776369757000
1776369759.978,159.978,0.37,168.0,0.36,55.0,0.38,1.97,0.41,15.0,0.62,166.2,0.61,201.4,0.63,12.0,0.64,7.0,0.01,0.01,2359.369635,1776369759000
1776369760.572,160.572,0.41,6.54,0.4,27.5,0.42,212.92,0.43,126.5,0.59,5.0,0.58,106.0,0.63,205.5,0.64,92.5,0.01,0.04,2359.369635,1776369759000
1776369761.75,161.75,0.4,27.0,0.39,20.5,0.41,39.86,0.42,222.92,0.58,212.92,0.57,126.5,0.59,6.54,0.6,27.5,0.01,0.01,2359.405157,1776369760000
1776369763.345,163.345,0.37,5.0,0.36,15.5,0.38,6.0,0.39,170.92,0.59,37.42,0.58,222.92,0.6,27.0,0.61,20.5,0.01,0.01,2359.583445,1776369762000
1776369764.804,164.804,0.35,164.5,0.34,145.5,0.36,4.44,0.37,10.0,0.62,6.0,0.61,170.92,0.63,5.0,0.64,15.5,0.01,0.01,2359.557302,1776369763000
1776369765.877,165.877,0.35,15.5,0.34,110.5,0.36,54.0,0.37,146.0,0.64,4.44,0.63,10.0,0.65,164.5,0.66,145.5,0.01,0.01,2359.512226,1776369764000
1776369767.528,167.528,0.3,78.46,0.29,35.0,0.31,184.69,0.32,124.0,0.64,54.0,0.63,146.0,0.65,15.5,0.66,110.5,0.01,0.01,2359.37049,1776369766000
1776369767.904,167.904,0.3,23.38,0.29,35.0,0.31,200.19,0.32,135.59,0.69,184.69,0.68,124.0,0.7,78.46,0.71,35.0,0.01,0.01,2359.308314,1776369767000
1776369770.305,170.305,0.27,30.5,0.25,50.0,0.28,155.98,0.29,141.93,0.69,189.69,0.68,135.59,0.71,35.0,0.72,20.5,0.01,0.02,2358.650495,1776369769000
1776369771.1,171.1,0.25,75.5,0.23,35.0,0.26,10.46,0.27,125.0,0.72,155.98,0.71,141.93,0.73,30.5,0.75,50.0,0.01,0.01,2358.650495,1776369769000
1776369772.693,172.693,0.25,65.5,0.23,35.0,0.26,50.58,0.27,131.0,0.74,10.46,0.73,125.0,0.75,75.5,0.77,35.0,0.01,0.01,2358.624391,1776369770000
1776369774.571,174.571,0.23,3.72,0.22,150.0,0.24,180.0,0.25,128.0,0.74,50.58,0.73,131.0,0.75,65.5,0.77,35.0,0.01,0.01,2358.501385,1776369773000
1776369775.438,175.438,0.22,170.5,0.21,25.0,0.23,128.3,0.24,126.0,0.76,180.0,0.75,128.0,0.77,3.72,0.78,150.0,0.01,0.01,2358.504506,1776369774000
1776369775.82,175.82,0.22,170.5,0.21,25.0,0.23,114.12,0.24,177.02,0.77,118.47,0.76,126.0,0.78,170.5,0.79,25.0,0.01,0.01,2358.504506,1776369774000
1776369777.256,177.256,0.22,15.43,0.21,25.0,0.23,121.12,0.24,167.99,0.77,114.12,0.76,177.02,0.78,170.5,0.79,25.0,0.01,0.01,2358.514342,1776369775000
1776369777.519,177.519,0.22,4.06,0.21,25.0,0.23,121.12,0.24,167.99,0.77,121.12,0.76,167.99,0.78,15.43,0.79,25.0,0.01,0.01,2358.284712,1776369776000
1776369777.816,177.816,0.21,10.5,0.19,12.0,0.22,128.45,0.23,114.12,0.77,121.12,0.76,167.99,0.79,25.0,0.81,12.0,0.01,0.02,2358.284712,1776369776000
1776369778.193,178.193,0.18,55.69,0.17,62.53,0.19,20.0,0.2,15.0,0.78,128.45,0.77,114.12,0.82,26.9,0.83,88.03,0.01,0.04,2358.284712,1776369776000
1776369778.653,178.653,0.18,131.56,0.17,42.53,0.19,77.56,0.2,15.0,0.81,20.0,0.8,15.0,0.82,45.69,0.83,62.53,0.01,0.01,2358.238078,1776369777000
1776369778.947,178.947,0.18,106.56,0.17,42.53,0.19,72.02,0.2,15.0,0.81,67.29,0.8,15.0,0.82,131.56,0.83,42.53,0.01,0.01,2358.238078,1776369777000
1776369779.571,179.571,0.18,70.24,0.17,17.53,0.19,72.02,0.2,15.0,0.81,72.02,0.8,15.0,0.82,106.56,0.83,42.53,0.01,0.01,2358.198431,1776369778000
1776369779.79,179.79,0.18,31.37,0.17,12.53,0.19,84.02,0.2,15.0,0.81,72.02,0.8,15.0,0.82,70.24,0.83,17.53,0.01,0.01,2358.198431,1776369778000
1776369780.083,180.083,0.18,10.5,0.17,15.0,0.19,215.75,0.2,115.0,0.81,84.02,0.8,15.0,0.82,31.37,0.83,12.53,0.01,0.01,2358.198431,1776369778000
1776369780.553,180.553,0.17,6.52,0.16,60.0,0.18,60.0,0.19,181.75,0.81,188.75,0.8,115.0,0.82,8.34,0.83,15.0,0.01,0.01,2358.201011,1776369779000
1776369780.786,180.786,0.17,16.52,0.16,60.0,0.18,184.27,0.19,115.0,0.82,60.0,0.81,181.75,0.83,6.52,0.84,60.0,0.01,0.01,2358.201011,1776369779000
1776369781.079,181.079,0.17,1.07,0.16,60.0,0.18,184.27,0.19,115.0,0.82,184.27,0.81,115.0,0.83,2.4,0.84,60.0,0.01,0.01,2358.201011,1776369779000
1776369781.771,181.771,0.16,95.57,0.15,5.0,0.17,174.69,0.18,127.22,0.83,54.02,0.82,277.27,0.84,85.85,0.85,5.0,0.01,0.01,2358.241469,1776369780000
1776369782.073,182.073,0.16,90.57,0.15,5.0,0.17,174.69,0.18,127.22,0.83,174.69,0.82,127.22,0.84,95.57,0.85,5.0,0.01,0.01,2358.241469,1776369780000
1776369782.333,182.333,0.16,9.08,0.15,17.0,0.17,320.69,0.18,127.22,0.83,174.69,0.82,127.22,0.84,90.57,0.85,5.0,0.01,0.01,2358.241469,1776369780000
1776369784.191,184.191,0.13,53.5,0.12,61.1,0.14,22.0,0.15,192.0,0.83,320.69,0.82,127.22,0.84,9.08,0.85,17.0,0.01,0.01,2358.013399,1776369782000
1776369784.808,184.808,0.13,39.0,0.12,71.6,0.14,111.35,0.15,152.0,0.86,22.0,0.85,192.0,0.87,53.5,0.88,61.1,0.01,0.01,2357.876427,1776369783000
1776369785.09,185.09,0.13,79.5,0.12,84.6,0.14,74.28,0.15,35.0,0.86,101.23,0.85,152.0,0.87,39.0,0.88,71.6,0.01,0.01,2357.876427,1776369783000
1776369785.311,185.311,0.13,60.5,0.12,84.6,0.14,76.28,0.15,35.0,0.86,76.28,0.85,35.0,0.87,77.5,0.88,84.6,0.01,0.01,2357.681856,1776369784000
1776369785.761,185.761,0.13,43.35,0.12,84.6,0.14,138.72,0.15,21.65,0.85,21.65,0.84,124.0,0.87,54.5,0.88,84.6,0.01,0.02,2357.681856,1776369784000
1776369786.317,186.317,0.13,48.73,0.12,59.6,0.14,144.37,0.15,150.65,0.86,138.57,0.85,21.65,0.87,55.5,0.88,113.6,0.01,0.01,2357.607776,1776369785000
1776369786.523,186.523,0.13,38.73,0.12,59.6,0.14,137.22,0.15,150.65,0.86,144.37,0.85,150.65,0.87,48.73,0.88,59.6,0.01,0.01,2357.607776,1776369785000
1776369787.096,187.096,0.13,45.7,0.12,88.6,0.14,148.64,0.15,150.65,0.86,177.64,0.85,121.65,0.87,26.47,0.88,59.6,0.01,0.01,2357.718172,1776369786000
1776369787.606,187.606,0.13,8.73,0.12,60.1,0.14,303.49,0.15,128.65,0.86,141.49,0.85,150.65,0.87,45.7,0.88,88.6,0.01,0.01,2357.718172,1776369786000
1776369787.972,187.972,0.12,108.6,0.11,112.29,0.13,113.3,0.14,122.22,0.86,189.22,0.85,128.65,0.88,40.1,0.89,112.29,0.01,0.02,2357.718172,1776369786000
1776369788.273,188.273,0.12,43.85,0.11,141.29,0.13,105.6,0.14,151.22,0.87,113.3,0.86,122.22,0.88,78.35,0.89,141.29,0.01,0.01,2357.718172,1776369786000
1776369788.488,188.488,0.12,54.42,0.11,141.29,0.13,105.6,0.14,151.22,0.87,105.6,0.86,151.22,0.88,43.85,0.89,141.29,0.01,0.01,2357.718172,1776369786000
1776369788.735,188.735,0.12,41.44,0.11,112.29,0.13,102.9,0.14,161.22,0.87,97.9,0.86,161.22,0.88,42.69,0.89,112.29,0.01,0.01,2357.652401,1776369787000
1776369789.138,189.138,0.12,4.82,0.11,93.0,0.13,343.62,0.14,149.3,0.87,300.62,0.86,120.8,0.88,30.3,0.89,112.29,0.01,0.01,2357.652401,1776369787000
1776369789.527,189.527,0.11,10.0,0.1,36.0,0.12,180.66,0.13,304.92,0.87,335.92,0.86,149.3,0.88,4.82,0.89,83.0,0.01,0.01,2357.673089,1776369788000
1776369789.951,189.951,0.1,32.0,0.09,21.0,0.11,286.9,0.12,191.66,0.88,215.66,0.87,301.92,0.9,32.0,0.91,21.0,0.01,0.02,2357.673089,1776369788000
1776369790.376,190.376,0.1,31.5,0.09,48.0,0.11,382.8,0.12,160.66,0.89,286.9,0.88,191.66,0.9,32.0,0.91,21.0,0.01,0.01,2357.666235,1776369789000
1776369790.684,190.684,0.1,19.88,0.09,21.0,0.11,359.32,0.12,152.66,0.89,342.42,0.88,160.66,0.9,19.88,0.91,48.0,0.01,0.01,2357.666235,1776369789000
1776369790.982,190.982,0.1,13.88,0.09,21.0,0.11,373.22,0.12,151.0,0.89,390.32,0.88,152.66,0.9,13.88,0.91,21.0,0.01,0.01,2357.666235,1776369789000
1776369791.265,191.265,0.1,4.98,0.09,21.0,0.11,365.22,0.12,157.92,0.89,363.22,0.88,151.0,0.9,8.32,0.91,21.0,0.01,0.01,2357.666235,1776369789000
1776369791.55,191.55,0.1,12.35,0.09,76.0,0.11,272.22,0.12,131.0,0.89,365.22,0.88,157.92,0.9,4.98,0.91,21.0,0.01,0.01,2357.661475,1776369790000
1776369792.159,192.159,0.1,32.77,0.09,41.0,0.11,290.22,0.12,121.0,0.89,272.22,0.88,122.0,0.9,40.35,0.91,50.0,0.01,0.01,2357.460222,1776369791000
1776369792.737,192.737,0.1,5.47,0.09,41.0,0.11,290.22,0.12,131.0,0.89,300.72,0.88,131.5,0.9,30.77,0.91,41.0,0.01,0.01,2357.460222,1776369791000
1776369793.477,193.477,0.09,10.51,0.08,100.9,0.1,76.8,0.11,296.72,0.89,295.22,0.88,131.0,0.91,44.2,0.92,99.9,0.01,0.02,2357.282315,1776369792000
1776369793.681,193.681,0.09,4.46,0.08,70.9,0.1,114.8,0.11,287.72,0.9,114.8,0.89,287.72,0.91,6.11,0.92,70.9,0.01,0.01,2357.282315,1776369792000
1776369793.884,193.884,0.07,42.63,0.06,178.8,0.09,224.04,0.1,80.5,0.91,209.04,0.9,80.5,0.92,49.15,0.93,44.0,0.02,0.01,2357.282315,1776369792000
1776369794.185,194.185,0.08,41.56,0.07,15.79,0.09,219.04,0.1,70.5,0.91,219.04,0.9,80.5,0.93,35.79,0.94,278.8,0.01,0.02,2357.282315,1776369792000
1776369794.452,194.452,0.08,28.76,0.07,15.79,0.09,227.81,0.1,70.5,0.91,227.81,0.9,70.5,0.92,30.4,0.93,15.79,0.01,0.01,2357.266658,1776369793000
1776369794.724,194.724,0.08,26.04,0.07,15.79,0.09,268.81,0.1,41.5,0.91,227.81,0.9,70.5,0.92,28.76,0.93,15.79,0.01,0.01,2357.266658,1776369793000
1776369795.404,195.404,0.08,35.0,0.07,15.79,0.09,166.81,0.1,70.5,0.91,268.81,0.9,41.5,0.92,26.04,0.93,15.79,0.01,0.01,2357.291694,1776369794000
1776369795.804,195.804,0.08,41.0,0.07,15.79,0.09,270.59,0.1,141.5,0.91,166.81,0.9,70.5,0.92,35.0,0.93,15.79,0.01,0.01,2357.291694,1776369794000
1776369796.921,196.921,0.08,4.91,0.07,52.79,0.09,320.59,0.1,142.5,0.91,270.59,0.9,141.5,0.92,41.0,0.93,15.79,0.01,0.01,2357.229015,1776369795000
1776369797.482,197.482,0.08,0.52,0.07,52.79,0.09,341.7,0.1,142.5,0.91,320.59,0.9,142.5,0.92,2.85,0.93,52.79,0.01,0.01,2357.140036,1776369796000
1776369798.103,198.103,0.08,49.43,0.07,52.79,0.09,341.7,0.1,149.42,0.91,341.7,0.9,142.5,0.92,0.52,0.93,52.79,0.01,0.01,2357.140036,1776369796000
1776369798.933,198.933,0.08,47.79,0.07,5.79,0.09,236.81,0.1,253.71,0.91,341.7,0.9,149.42,0.92,49.43,0.93,52.79,0.01,0.01,2357.05021,1776369797000
1776369799.134,199.134,0.08,37.79,0.07,5.79,0.09,248.81,0.1,253.71,0.91,236.81,0.9,253.71,0.92,47.79,0.93,5.79,0.01,0.01,2357.00918,1776369798000
1776369799.815,199.815,0.08,31.79,0.07,5.79,0.09,308.33,0.1,273.71,0.91,248.81,0.9,253.71,0.92,37.79,0.93,5.79,0.01,0.01,2357.00918,1776369798000
1776369800.669,200.669,0.08,18.18,0.07,5.79,0.09,383.72,0.1,226.43,0.91,308.33,0.9,226.43,0.92,23.79,0.93,5.79,0.01,0.01,2356.902161,1776369799000
1776369801.111,201.111,0.08,13.98,0.07,5.79,0.09,384.72,0.1,242.57,0.91,383.72,0.9,226.43,0.92,16.54,0.93,5.79,0.01,0.01,2356.902161,1776369799000
1776369801.754,201.754,0.08,12.89,0.07,5.79,0.09,377.72,0.1,247.57,0.91,384.72,0.9,242.57,0.92,13.98,0.93,5.79,0.01,0.01,2356.8351,1776369800000
1776369803.263,203.263,0.08,2.02,0.07,5.79,0.09,457.94,0.1,252.83,0.91,377.72,0.9,247.57,0.92,12.89,0.93,5.79,0.01,0.01,2356.770674,1776369801000
1776369803.828,203.828,0.06,24.39,0.05,51.66,0.07,271.42,0.08,183.5,0.91,438.94,0.9,252.83,0.94,29.7,0.95,51.66,0.01,0.03,2356.755734,1776369802000
1776369804.257,204.257,0.06,19.08,0.05,51.66,0.07,281.42,0.08,188.5,0.93,271.42,0.92,183.5,0.94,24.39,0.95,51.66,0.01,0.01,2356.755734,1776369802000
1776369804.57,204.57,0.06,5.69,0.05,51.66,0.07,430.42,0.08,178.5,0.93,337.42,0.92,188.5,0.94,7.49,0.95,51.66,0.01,0.01,2356.755734,1776369802000
1776369804.835,204.835,0.05,26.91,0.04,165.0,0.06,394.4,0.07,307.5,0.93,423.42,0.92,203.5,0.95,47.91,0.96,165.0,0.01,0.02,2356.755734,1776369802000
1776369805.627,205.627,0.04,128.85,0.03,348.0,0.05,158.42,0.06,356.4,0.94,399.4,0.93,307.5,0.96,165.0,0.97,505.7,0.01,0.02,2356.3402,1776369804000
1776369805.854,205.854,0.04,103.79,0.03,348.0,0.05,376.34,0.06,254.42,0.95,158.42,0.94,356.4,0.96,128.85,0.97,348.0,0.01,0.01,2356.3402,1776369804000
1776369807.049,207.049,0.04,98.76,0.03,348.0,0.05,238.42,0.06,334.54,0.95,376.34,0.94,254.42,0.96,103.79,0.97,348.0,0.01,0.01,2356.333905,1776369805000
1776369807.269,207.269,0.04,75.64,0.03,348.0,0.05,130.5,0.06,344.54,0.95,130.5,0.94,344.54,0.96,80.85,0.97,348.0,0.01,0.01,2356.333905,1776369805000
1776369810.362,210.362,0.04,25.64,0.03,476.7,0.05,129.5,0.06,232.22,0.95,130.5,0.94,344.54,0.96,75.64,0.97,348.0,0.01,0.01,2355.906875,1776369808000
1776369811.015,211.015,0.03,476.7,0.02,490.7,0.05,129.5,0.06,232.22,0.95,129.5,0.94,232.22,0.96,25.64,0.97,476.7,0.02,0.01,2356.159235,1776369809000
1776369811.355,211.355,0.04,4.79,0.03,476.7,0.05,129.5,0.06,243.22,0.95,129.5,0.94,232.22,0.97,476.7,0.98,490.7,0.01,0.02,2356.117359,1776369810000
1776369811.616,211.616,0.04,1.74,0.03,476.7,0.05,129.5,0.06,243.22,0.95,129.5,0.94,243.22,0.96,4.79,0.97,476.7,0.01,0.01,2356.117359,1776369810000
1776369812.146,212.146,0.03,351.62,0.02,490.7,0.05,161.42,0.06,233.22,0.95,129.5,0.94,243.22,0.96,1.74,0.97,476.7,0.02,0.01,2356.117359,1776369810000
1776369812.644,212.644,0.04,4.79,0.03,351.62,0.05,163.42,0.06,288.22,0.95,161.42,0.94,233.22,0.97,351.62,0.98,490.7,0.01,0.02,2356.117359,1776369810000
1776369813.691,213.691,0.03,250.41,0.02,466.7,0.05,422.42,0.06,407.02,0.95,163.42,0.94,288.22,0.96,4.79,0.97,351.62,0.02,0.01,2356.05084,1776369812000
1776369814.009,214.009,0.03,238.79,0.02,466.7,0.04,433.02,0.05,215.5,0.95,422.42,0.94,407.02,0.97,238.79,0.98,466.7,0.01,0.02,2356.05084,1776369812000
1776369814.367,214.367,0.03,38.79,0.02,466.7,0.04,387.98,0.05,231.5,0.96,433.02,0.95,215.5,0.97,238.79,0.98,466.7,0.01,0.01,2356.077401,1776369813000
1776369815.031,215.031,0.03,33.62,0.02,495.7,0.04,365.47,0.05,235.5,0.96,408.98,0.95,210.5,0.97,34.66,0.98,466.7,0.01,0.01,2356.077401,1776369813000
1776369817.643,217.643,0.03,33.62,0.02,461.7,0.04,261.47,0.05,150.42,0.96,365.47,0.95,235.5,0.97,33.62,0.98,495.7,0.01,0.01,2355.827513,1776369816000
1776369817.941,217.941,0.03,8.62,0.02,466.7,0.04,261.47,0.05,219.42,0.96,261.47,0.95,150.42,0.97,33.62,0.98,461.7,0.01,0.01,2355.827513,1776369816000
1776369820.67,220.67,0.03,13.62,0.02,495.7,0.04,195.97,0.05,138.42,0.96,261.47,0.95,219.42,0.97,8.62,0.98,466.7,0.01,0.01,2355.964195,1776369819000
1776369821.171,221.171,0.03,0.99,0.02,495.7,0.04,109.17,0.05,46.42,0.96,162.97,0.95,138.42,0.97,13.62,0.98,495.7,0.01,0.01,2355.964195,1776369819000
1776369826.273,226.273,0.03,30.0,0.02,466.7,0.04,149.59,0.05,208.22,0.96,109.17,0.95,46.42,0.97,0.99,0.98,495.7,0.01,0.01,2356.179225,1776369825000
1776369826.699,226.699,0.03,30.0,0.02,466.7,0.04,105.34,0.05,198.22,0.96,149.59,0.95,208.22,0.97,30.0,0.98,466.7,0.01,0.01,2356.179225,1776369825000
1776369827.121,227.121,0.03,10.0,0.02,283.0,0.04,191.34,0.05,198.22,0.96,105.34,0.95,198.22,0.97,30.0,0.98,466.7,0.01,0.01,2356.179225,1776369825000
1776369827.46,227.46,0.03,4.56,0.02,283.0,0.04,198.34,0.05,186.22,0.96,191.34,0.95,198.22,0.97,10.0,0.98,283.0,0.01,0.01,2356.2544,1776369826000
1776369827.996,227.996,0.02,340.5,0.01,1609.4,0.04,339.04,0.05,106.3,0.96,198.34,0.95,186.22,0.97,4.56,0.98,283.0,0.02,0.01,2356.169705,1776369827000
1776369828.5,228.5,0.02,198.08,0.01,1609.4,0.03,265.06,0.04,207.12,0.96,339.04,0.95,106.3,0.98,340.5,0.99,1609.4,0.01,0.02,2356.169705,1776369827000
1776369828.723,228.723,0.02,198.08,0.01,1609.4,0.03,132.38,0.04,207.12,0.97,265.06,0.96,207.12,0.98,198.08,0.99,1609.4,0.01,0.01,2356.169705,1776369827000
1776369828.973,228.973,0.02,198.08,0.01,1609.4,0.03,229.94,0.04,207.12,0.97,233.04,0.96,207.12,0.98,198.08,0.99,1609.4,0.01,0.01,2356.019895,1776369828000
1776369830.664,230.664,0.02,187.97,0.01,1516.8,0.03,291.68,0.04,275.12,0.97,223.32,0.96,207.12,0.98,198.08,0.99,1609.4,0.01,0.01,2355.6245,1776369829000
1776369831.722,231.722,0.02,76.52,0.01,1880.4,0.03,280.12,0.04,264.12,0.97,291.68,0.96,275.12,0.98,187.97,0.99,1516.8,0.01,0.01,2355.49116,1776369830000
1776369832.155,232.155,0.02,84.31,0.01,1916.8,0.03,221.2,0.04,244.12,0.97,280.12,0.96,264.12,0.98,76.52,0.99,1880.4,0.01,0.01,2355.454678,1776369831000
1776369832.689,232.689,0.02,79.31,0.01,1980.4,0.03,132.56,0.04,236.12,0.97,221.2,0.96,244.12,0.98,84.31,0.99,1916.8,0.01,0.01,2355.454678,1776369831000
1776369833.076,233.076,0.02,49.31,0.01,1580.4,0.03,158.48,0.04,236.12,0.97,132.56,0.96,236.12,0.98,79.31,0.99,1980.4,0.01,0.01,2355.408806,1776369832000
1776369834.164,234.164,0.02,29.31,0.01,1580.4,0.03,139.56,0.04,236.12,0.97,158.48,0.96,236.12,0.98,49.31,0.99,1580.4,0.01,0.01,2355.522084,1776369833000
1776369835.129,235.129,0.02,81.6,0.01,1580.4,0.03,282.48,0.04,236.12,0.97,139.56,0.96,236.12,0.98,29.31,0.99,1580.4,0.01,0.01,2355.522084,1776369833000
1776369835.487,235.487,0.02,81.6,0.01,1580.4,0.03,163.48,0.04,236.12,0.97,282.48,0.96,236.12,0.98,81.6,0.99,1580.4,0.01,0.01,2355.724366,1776369834000
1776369835.984,235.984,0.02,57.6,0.01,1216.8,0.03,248.79,0.04,159.12,0.97,163.48,0.96,236.12,0.98,81.6,0.99,1580.4,0.01,0.01,2355.732948,1776369835000
1776369836.348,236.348,0.02,10.6,0.01,1216.8,0.03,254.79,0.04,159.12,0.97,248.79,0.96,159.12,0.98,57.6,0.99,1216.8,0.01,0.01,2355.732948,1776369835000
1776369836.62,236.62,0.01,1119.4,,,0.03,10.5,0.04,149.12,0.97,48.5,0.96,159.12,0.99,1542.4,,,0.02,0.02,2355.732948,1776369835000
1776369836.895,236.895,0.01,1117.4,,,0.03,232.42,0.04,195.12,0.97,10.5,0.96,149.12,0.99,1119.4,,,0.02,0.02,2355.69865,1776369836000
1776369837.494,237.494,0.01,1087.4,,,0.02,201.12,0.03,230.57,0.98,20.5,0.97,272.11,0.99,1087.4,,,0.01,0.01,2355.69865,1776369836000
1776369837.922,237.922,0.01,1062.4,,,0.02,173.0,0.03,189.12,0.98,201.12,0.97,230.57,0.99,1087.4,,,0.01,0.01,2355.69865,1776369836000
1776369838.23,238.23,0.01,1036.38,,,0.02,162.5,0.03,165.12,0.98,173.0,0.97,189.12,0.99,1361.38,,,0.01,0.01,2355.463476,1776369837000
1776369838.809,238.809,0.01,1006.02,,,0.02,28.8,0.03,192.12,0.98,162.5,0.97,165.12,0.99,1036.38,,,0.01,0.01,2355.463476,1776369837000
1776369840.43,240.43,0.01,959.01,,,0.02,28.8,0.03,153.62,0.98,28.8,0.97,192.12,0.99,1006.02,,,0.01,0.01,2355.319356,1776369839000
1776369840.713,240.713,0.01,939.01,,,0.02,28.8,0.03,153.62,0.98,28.8,0.97,153.62,0.99,959.01,,,0.01,0.01,2355.319356,1776369839000
1776369842.361,242.361,0.01,853.59,,,0.02,117.82,0.03,209.7,0.98,28.8,0.97,153.62,0.99,918.8,,,0.01,0.01,2355.659641,1776369841000
1776369842.667,242.667,0.01,848.54,,,0.02,117.82,0.03,209.7,0.98,117.82,0.97,209.7,0.99,853.59,,,0.01,0.01,2355.659641,1776369841000
1776369842.936,242.936,0.01,847.52,,,0.02,361.52,0.03,209.7,0.98,117.82,0.97,209.7,0.99,848.54,,,0.01,0.01,2355.659641,1776369841000
1776369843.528,243.528,0.01,710.45,,,0.02,292.52,0.03,175.7,0.98,361.52,0.97,209.7,0.99,1211.46,,,0.01,0.01,2355.648491,1776369842000
1776369843.764,243.764,0.01,654.45,,,0.02,253.52,0.03,170.7,0.98,273.52,0.97,175.7,0.99,654.45,,,0.01,0.01,2355.648491,1776369842000
1776369844.099,244.099,0.01,657.45,,,0.02,61.37,0.03,186.7,0.98,13.9,0.97,186.7,0.99,1352.45,,,0.01,0.01,2355.587458,1776369843000
1776369844.324,244.324,0.01,1031.05,,,0.02,41.37,0.03,68.15,0.98,61.37,0.97,186.7,0.99,657.45,,,0.01,0.01,2355.587458,1776369843000
1776369844.785,244.785,0.01,945.05,,,0.02,41.37,0.03,68.15,0.98,71.29,0.97,68.15,0.99,1031.05,,,0.01,0.01,2355.587458,1776369843000
1776369845.07,245.07,0.01,928.84,,,0.02,41.37,0.03,68.15,0.98,41.37,0.97,68.15,0.99,945.05,,,0.01,0.01,2355.440085,1776369844000
1776369845.432,245.432,0.01,897.82,,,0.02,59.29,0.03,68.15,0.98,41.37,0.97,68.15,0.99,898.84,,,0.01,0.01,2355.440085,1776369844000
1776369845.635,245.635,0.01,807.32,,,0.02,68.21,0.03,68.15,0.98,68.21,0.97,68.15,0.99,847.32,,,0.01,0.01,2355.440085,1776369844000
1776369845.9,245.9,0.01,714.92,,,0.02,78.28,0.03,68.15,0.98,68.21,0.97,68.15,0.99,807.32,,,0.01,0.01,2355.440085,1776369844000
1776369846.485,246.485,0.01,941.47,,,0.02,46.92,0.03,191.85,0.98,78.28,0.97,68.15,0.99,644.51,,,0.01,0.01,2355.802933,1776369845000
1776369847.726,247.726,0.01,1197.87,,,0.02,72.92,0.03,201.85,0.98,46.92,0.97,191.85,0.99,941.47,,,0.01,0.01,2356.012587,1776369846000
1776369847.991,247.991,0.01,1192.87,,,0.02,72.92,0.03,201.85,0.98,72.92,0.97,201.85,0.99,1197.87,,,0.01,0.01,2356.012587,1776369846000
1776369848.306,248.306,0.01,1162.87,,,0.02,60.92,0.03,201.85,0.98,72.92,0.97,201.85,0.99,1192.87,,,0.01,0.01,2356.012587,1776369846000
1776369849.473,249.473,0.01,1107.36,,,0.02,78.92,0.03,201.85,0.98,60.92,0.97,201.85,0.99,1162.87,,,0.01,0.01,2356.00975,1776369848000
1776369850.59,250.59,0.01,169.98,,,0.02,78.92,0.03,201.85,0.98,78.92,0.97,201.85,0.99,1072.0,,,0.01,0.01,2356.00975,1776369849000
1776369850.816,250.816,0.01,167.98,,,0.02,78.92,0.03,201.85,0.98,78.92,0.97,201.85,0.99,169.98,,,0.01,0.01,2356.00975,1776369849000
1776369851.808,251.808,0.01,601.53,,,0.02,192.3,0.03,68.15,0.98,78.92,0.97,201.85,0.99,137.98,,,0.01,0.01,2356.002755,1776369850000
1776369852.082,252.082,0.01,591.38,,,0.02,78.92,0.03,68.15,0.98,192.3,0.97,68.15,0.99,601.53,,,0.01,0.01,2356.002755,1776369850000
1776369852.483,252.483,0.01,569.54,,,0.02,64.92,0.03,191.85,0.98,78.92,0.97,68.15,0.99,579.65,,,0.01,0.01,2356.001991,1776369851000
1776369852.86,252.86,0.01,567.54,,,0.02,64.92,0.03,191.85,0.98,64.92,0.97,191.85,0.99,569.54,,,0.01,0.01,2356.001991,1776369851000
1776369853.505,253.505,0.01,565.54,,,0.02,20.0,0.03,191.85,0.98,64.92,0.97,191.85,0.99,567.54,,,0.01,0.01,2356.239119,1776369852000
1776369854.428,254.428,0.01,563.54,,,0.02,20.0,0.03,191.85,0.98,20.0,0.97,191.85,0.99,565.54,,,0.01,0.01,2356.261569,1776369853000
1776369854.968,254.968,0.01,562.52,,,0.02,10.0,0.03,81.07,0.98,20.0,0.97,191.85,0.99,563.54,,,0.01,0.01,2356.261569,1776369853000
1776369855.263,255.263,0.01,549.14,,,0.02,10.0,0.03,81.07,0.98,10.0,0.97,81.07,0.99,562.52,,,0.01,0.01,2356.328803,1776369854000
1776369855.5,255.5,0.01,532.14,,,0.02,10.0,0.03,81.07,0.98,10.0,0.97,81.07,0.99,534.14,,,0.01,0.01,2356.328803,1776369854000
1776369856.294,256.294,0.01,532.14,,,0.03,204.77,0.04,182.62,0.98,10.0,0.97,81.07,0.99,532.14,,,0.02,0.01,2356.328803,1776369854000
1776369856.573,256.573,0.02,5.0,0.01,542.14,0.04,88.92,0.05,40.0,0.97,204.77,0.96,182.62,0.99,532.14,,,0.02,0.02,2356.328803,1776369854000
1776369856.779,256.779,0.02,5.22,0.01,842.14,0.03,23.92,0.05,26.92,0.95,38.92,0.94,106.8,0.98,7.97,0.99,542.14,0.01,0.03,2356.401804,1776369855000
1776369857.031,257.031,0.01,790.27,,,0.03,21.84,0.05,107.72,0.97,21.84,0.95,41.92,0.99,840.27,,,0.02,0.02,2356.401804,1776369855000
1776369857.431,257.431,0.01,790.27,,,0.02,15.0,0.04,10.0,0.97,6.84,0.95,107.72,0.99,790.27,,,0.01,0.02,2356.477749,1776369856000
1776369857.752,257.752,0.01,777.88,,,0.02,15.0,0.03,20.66,0.98,15.0,0.97,10.66,0.99,777.22,,,0.01,0.01,2356.477749,1776369856000
1776369858.171,258.171,0.01,722.13,,,0.03,5.15,0.04,176.91,0.97,33.66,0.96,78.0,0.99,722.13,,,0.02,0.02,2356.477749,1776369856000
1776369858.819,258.819,0.01,722.13,,,0.03,20.28,0.04,171.7,0.97,5.15,0.96,176.91,0.99,722.13,,,0.02,0.02,2356.66917,1776369857000
1776369859.685,259.685,0.01,727.13,,,0.03,25.43,0.04,171.7,0.97,20.28,0.96,171.7,0.99,722.13,,,0.02,0.02,2356.698654,1776369858000
1776369860.28,260.28,0.01,626.11,,,0.03,78.08,0.04,142.7,0.97,25.43,0.96,171.7,0.99,727.13,,,0.02,0.02,2356.698654,1776369858000
1776369861.515,261.515,0.01,621.11,,,0.04,84.56,0.05,80.72,0.97,78.08,0.96,142.7,0.99,626.11,,,0.03,0.02,2356.700195,1776369860000
1776369862.489,262.489,0.01,621.11,,,0.03,135.6,0.04,73.56,0.96,84.56,0.95,80.72,0.99,621.11,,,0.02,0.03,2356.765587,1776369861000
1776369864.225,264.225,0.01,448.54,,,0.03,166.62,0.04,102.56,0.97,156.62,0.96,102.56,0.99,614.75,,,0.02,0.02,2356.768085,1776369862000
1776369864.71,264.71,0.02,10.14,0.01,811.48,0.03,38.07,0.04,83.77,0.97,166.62,0.96,102.56,0.99,448.54,,,0.01,0.02,2356.765444,1776369863000
1776369864.951,264.951,0.01,811.48,,,0.03,38.07,0.04,106.77,0.97,38.07,0.96,83.77,0.98,10.14,0.99,811.48,0.02,0.01,2356.765444,1776369863000
1776369868.059,268.059,0.01,377.38,,,0.02,193.7,0.03,224.62,0.97,32.92,0.96,106.77,0.99,776.12,,,0.01,0.02,2356.780623,1776369866000
1776369869.412,269.412,0.01,377.38,,,0.02,127.78,0.03,204.62,0.98,193.7,0.97,224.62,0.99,377.38,,,0.01,0.01,2356.778026,1776369867000
1776369869.675,269.675,0.01,376.36,,,0.02,127.78,0.03,204.62,0.98,127.78,0.97,204.62,0.99,377.38,,,0.01,0.01,2356.76449,1776369868000
1776369870.478,270.478,0.01,138.94,,,0.02,127.78,0.03,194.62,0.98,127.78,0.97,227.62,0.99,371.31,,,0.01,0.01,2356.68988,1776369869000
1776369870.93,270.93,,,,,0.01,25.06,0.02,127.78,0.98,127.78,0.97,194.62,0.99,125.94,,,,0.01,2356.68988,1776369869000
1776369871.561,271.561,,,,,0.01,18.79,0.02,11.58,0.99,80.6,0.98,132.78,,,,,,,2356.680169,1776369870000
1776369871.807,271.807,,,,,0.01,7.81,0.02,21.58,0.99,17.79,0.98,21.58,,,,,,,2356.680169,1776369870000
1776369872.269,272.269,0.01,2880.79,,,0.02,1.58,0.03,39.0,0.98,21.58,0.97,162.7,0.99,2517.19,,,0.01,0.01,2356.690501,1776369871000
1776369872.485,272.485,0.01,2875.79,,,0.03,20.58,0.04,50.48,0.98,1.58,0.97,39.0,0.99,2875.79,,,0.02,0.01,2356.690501,1776369871000
1776369872.797,272.797,0.01,2850.48,,,0.03,20.58,0.04,50.48,0.97,20.58,0.96,50.48,0.99,2875.79,,,0.02,0.02,2356.690501,1776369871000
1776369873.214,273.214,0.01,2858.62,,,0.03,30.58,0.04,50.48,0.97,20.58,0.96,50.48,0.99,2850.48,,,0.02,0.02,2356.690501,1776369871000
1776369874.016,274.016,0.03,27.85,0.02,10.0,0.04,55.77,0.05,124.72,0.97,30.58,0.96,50.48,0.99,2858.62,,,0.01,0.02,2357.170035,1776369873000
1776369874.291,274.291,0.03,21.78,0.02,10.0,0.04,64.48,0.05,124.72,0.96,55.77,0.95,124.72,0.97,27.85,0.98,10.0,0.01,0.01,2357.170035,1776369873000
1776369875.268,275.268,0.03,15.65,0.02,10.0,0.04,198.27,0.05,30.18,0.96,44.3,0.95,129.98,0.97,21.78,0.98,10.0,0.01,0.01,2357.248205,1776369874000
1776369875.677,275.677,0.03,8.6,0.02,10.0,0.04,209.27,0.05,24.92,0.96,198.27,0.95,30.18,0.97,10.5,0.98,10.0,0.01,0.01,2357.248205,1776369874000
1776369877.871,277.871,0.02,8.12,0.01,88.0,0.03,91.92,0.04,122.51,0.96,209.27,0.95,30.18,0.97,7.56,0.98,10.0,0.01,0.01,2357.444071,1776369876000
1776369878.436,278.436,0.02,0.12,0.01,88.0,0.03,107.92,0.04,117.3,0.97,91.92,0.96,122.51,0.98,8.12,0.99,88.0,0.01,0.01,2357.444071,1776369876000
1776369879.27,279.27,,,,,0.02,10.0,0.03,117.92,0.98,5.0,0.97,107.92,0.99,79.46,,,,0.01,2357.233402,1776369878000
1776369879.951,279.951,,,,,0.01,7.02,0.02,15.92,0.98,10.0,0.97,117.92,,,,,,,2357.233402,1776369878000
1776369881.919,281.919,,,,,0.01,1097.68,0.02,55.92,0.99,7.02,0.98,15.92,,,,,,,2357.147862,1776369880000
1776369887.053,287.053,,,,,0.01,4066.87,0.02,57.92,0.99,1097.68,0.98,55.92,,,,,,,2357.029365,1776369885000

# RESULT,winner=Down,slug=eth-updown-5m-1776369600,ticks=464
