timestamp,elapsed_sec,up_bid_p1,up_bid_s1,up_bid_p2,up_bid_s2,up_ask_p1,up_ask_s1,up_ask_p2,up_ask_s2,down_bid_p1,down_bid_s1,down_bid_p2,down_bid_s2,down_ask_p1,down_ask_s1,down_ask_p2,down_ask_s2,up_spread,down_spread,eth_price,eth_oracle_ts
1776408001.039,1.039,0.43,11.63,0.42,9.52,0.48,2.39,0.49,15.0,0.52,12.81,0.51,15.0,0.57,11.63,0.58,9.52,0.05,0.05,2326.98853,1776407999000
1776408001.482,1.482,0.43,11.63,0.42,9.52,0.48,2.39,0.49,15.0,0.52,2.39,0.51,15.0,0.57,11.63,0.58,9.52,0.05,0.05,2326.780615,1776408000000
1776408001.692,1.692,0.43,8.12,0.42,9.52,0.48,2.39,0.49,85.0,0.52,2.39,0.51,85.0,0.57,8.12,0.58,9.52,0.05,0.05,2326.780615,1776408000000
1776408001.943,1.943,0.42,143.24,0.41,70.0,0.44,54.0,0.48,2.39,0.56,59.0,0.52,2.39,0.58,78.24,0.59,70.0,0.02,0.02,2326.780615,1776408000000
1776408002.145,2.145,0.42,143.24,0.41,70.0,0.44,43.59,0.48,2.39,0.56,43.59,0.52,2.39,0.58,148.24,0.59,70.0,0.02,0.02,2326.780615,1776408000000
1776408002.377,2.377,0.42,135.0,0.41,70.0,0.44,33.59,0.48,2.39,0.56,43.59,0.52,2.39,0.58,135.0,0.59,70.0,0.02,0.02,2326.780615,1776408000000
1776408002.981,2.981,0.43,5.0,0.42,135.0,0.44,22.36,0.45,5.0,0.56,33.59,0.52,2.39,0.58,135.0,0.59,70.0,0.01,0.02,2326.780615,1776408001000
1776408003.235,3.235,0.42,139.74,0.41,85.0,0.44,10.9,0.47,5.0,0.56,16.36,0.53,5.0,0.58,134.74,0.59,75.0,0.02,0.02,2326.780615,1776408001000
1776408003.831,3.831,0.48,6.11,0.47,10.0,0.5,115.7,0.51,10.0,0.5,110.7,0.49,10.0,0.51,1.11,0.52,10.0,0.02,0.01,2326.504373,1776408002000
1776408004.115,4.115,0.49,15.0,0.48,6.11,0.5,60.8,0.51,10.0,0.5,105.4,0.49,10.0,0.52,6.11,0.53,10.0,0.01,0.02,2326.504373,1776408002000
1776408004.44,4.44,0.49,10.0,0.48,6.11,0.5,54.8,0.51,10.0,0.5,54.8,0.49,10.0,0.51,10.0,0.52,6.11,0.01,0.01,2326.504373,1776408002000
1776408004.836,4.836,0.46,85.0,0.45,15.0,0.47,31.89,0.5,34.28,0.5,34.28,0.49,10.0,0.51,5.0,0.52,6.11,0.01,0.01,2326.487596,1776408003000
1776408005.292,5.292,0.46,85.0,0.45,15.0,0.47,10.06,0.48,104.3,0.53,15.06,0.5,34.28,0.54,85.0,0.55,15.0,0.01,0.01,2326.487596,1776408003000
1776408005.55,5.55,0.46,85.0,0.45,15.0,0.48,71.77,0.49,5.0,0.52,85.17,0.51,5.0,0.54,85.0,0.55,15.0,0.02,0.02,2326.465019,1776408004000
1776408005.996,5.996,0.47,15.0,0.46,135.0,0.53,6.38,0.54,5.0,0.52,71.77,0.51,5.0,0.54,85.0,0.55,15.0,0.06,0.02,2326.465019,1776408004000
1776408006.397,6.397,0.54,6.58,0.53,10.0,0.55,176.76,0.56,75.0,0.45,71.16,0.44,75.0,0.53,15.0,0.54,205.0,0.01,0.08,2326.619821,1776408005000
1776408006.817,6.817,0.46,9.9,0.45,210.0,0.5,5.0,0.51,10.0,0.45,105.6,0.44,50.0,0.46,2.17,0.54,10.0,0.04,0.01,2326.619821,1776408005000
1776408007.358,7.358,0.49,4.15,0.48,10.0,0.5,25.0,0.51,5.0,0.5,5.0,0.49,10.0,0.52,7.17,0.54,9.9,0.01,0.02,2326.619821,1776408005000
1776408008.064,8.064,0.49,215.0,0.48,1.85,0.5,35.78,0.51,105.87,0.5,33.0,0.49,5.0,0.51,12.05,0.52,1.85,0.01,0.01,2326.733191,1776408006000
1776408008.5,8.5,0.49,227.04,0.48,1.85,0.5,54.35,0.51,118.87,0.5,35.78,0.49,105.87,0.51,215.0,0.52,1.85,0.01,0.01,2326.733191,1776408006000
1776408008.917,8.917,0.49,210.0,0.48,1.85,0.5,210.57,0.51,130.87,0.5,29.57,0.49,105.87,0.51,212.84,0.52,14.85,0.01,0.01,2326.721635,1776408007000
1776408009.132,9.132,0.49,202.84,0.48,1.85,0.5,113.57,0.51,128.87,0.5,128.57,0.49,118.87,0.51,202.84,0.52,1.85,0.01,0.01,2326.721635,1776408007000
1776408009.506,9.506,0.49,215.68,0.48,1.85,0.5,43.57,0.51,128.87,0.5,113.57,0.49,128.87,0.51,202.84,0.52,1.85,0.01,0.01,2326.721635,1776408007000
1776408009.961,9.961,0.49,215.68,0.48,1.85,0.5,37.57,0.51,133.87,0.5,43.57,0.49,128.87,0.51,215.68,0.52,1.85,0.01,0.01,2326.631359,1776408008000
1776408010.372,10.372,0.49,20.0,0.48,1.85,0.5,42.57,0.51,143.87,0.5,37.57,0.49,133.87,0.51,213.52,0.52,1.85,0.01,0.01,2326.631359,1776408008000
1776408010.788,10.788,0.49,245.0,0.48,1.85,0.5,0.57,0.51,138.87,0.5,42.57,0.49,143.87,0.51,20.0,0.52,1.85,0.01,0.01,2326.642267,1776408009000
1776408011.045,11.045,0.5,10.0,0.49,210.0,0.51,207.87,0.52,93.0,0.5,0.57,0.49,138.87,0.51,245.0,0.52,1.85,0.01,0.01,2326.642267,1776408009000
1776408011.25,11.25,0.43,9.9,0.42,10.0,0.5,15.0,0.51,123.0,0.5,5.0,0.49,133.0,0.57,10.0,0.58,10.0,0.07,0.07,2326.642267,1776408009000
1776408011.659,11.659,0.45,13.0,0.44,15.0,0.46,5.0,0.47,21.0,0.5,15.0,0.49,123.0,0.57,9.9,0.58,10.0,0.01,0.07,2326.65157,1776408010000
1776408012.009,12.009,0.45,189.36,0.44,15.0,0.46,50.1,0.47,34.0,0.54,43.0,0.53,34.0,0.55,3.0,0.56,15.0,0.01,0.01,2326.65157,1776408010000
1776408012.326,12.326,0.44,5.0,0.39,75.0,0.46,114.38,0.47,34.0,0.54,47.92,0.53,34.0,0.55,192.36,0.56,15.0,0.02,0.01,2326.65157,1776408010000
1776408012.878,12.878,0.39,75.0,0.38,75.0,0.45,30.0,0.46,93.38,0.55,42.68,0.54,86.38,0.56,5.0,0.6,132.35,0.06,0.01,2326.544833,1776408011000
1776408013.592,13.592,0.39,95.0,0.38,75.0,0.41,10.0,0.42,10.0,0.55,30.0,0.54,93.38,0.61,75.0,0.62,75.0,0.02,0.06,2326.416047,1776408012000
1776408013.812,13.812,0.39,75.95,0.38,75.0,0.4,10.0,0.41,10.0,0.59,10.0,0.58,10.0,0.61,95.0,0.62,75.0,0.01,0.02,2326.416047,1776408012000
1776408014.199,14.199,0.39,57.13,0.38,75.0,0.4,10.0,0.41,10.0,0.6,10.0,0.59,10.0,0.61,75.95,0.62,75.0,0.01,0.01,2326.416047,1776408012000
1776408014.939,14.939,0.39,200.0,0.36,50.0,0.4,12.5,0.41,10.0,0.6,10.0,0.59,10.0,0.61,57.13,0.62,75.0,0.01,0.01,2326.347237,1776408013000
1776408015.454,15.454,0.38,6.38,0.37,5.0,0.39,178.55,0.4,45.0,0.6,207.75,0.59,7.5,0.62,8.0,0.64,55.0,0.01,0.02,2326.422309,1776408014000
1776408016.164,16.164,0.38,33.67,0.37,30.0,0.39,177.13,0.4,50.0,0.61,173.55,0.6,45.0,0.62,25.67,0.63,30.0,0.01,0.01,2326.422309,1776408014000
1776408016.38,16.38,0.38,28.67,0.37,35.0,0.39,178.13,0.4,55.0,0.61,173.13,0.6,55.0,0.62,33.67,0.63,35.0,0.01,0.01,2326.422309,1776408014000
1776408017.721,17.721,0.38,128.67,0.37,130.0,0.39,163.13,0.4,203.22,0.61,178.13,0.6,55.0,0.62,28.67,0.63,35.0,0.01,0.01,2326.212602,1776408016000
1776408019.575,19.575,0.38,133.3,0.37,137.0,0.39,149.71,0.4,55.0,0.61,149.66,0.6,203.22,0.62,125.67,0.63,142.0,0.01,0.01,2326.144981,1776408018000
1776408020.198,20.198,0.38,3.3,0.37,25.0,0.39,323.64,0.4,55.0,0.61,149.71,0.6,55.0,0.62,133.3,0.63,137.0,0.01,0.01,2326.144981,1776408018000
1776408020.595,20.595,0.37,20.06,0.36,25.0,0.39,334.64,0.4,125.0,0.61,323.64,0.6,55.0,0.62,3.3,0.63,25.0,0.02,0.01,2326.10122,1776408019000
1776408021.507,21.507,0.34,9.0,0.33,100.0,0.35,179.65,0.36,20.0,0.63,45.11,0.62,20.0,0.66,32.0,0.67,110.65,0.01,0.03,2326.130142,1776408020000
1776408022.3,22.3,0.32,136.63,0.3,75.0,0.34,39.99,0.35,48.0,0.65,150.65,0.64,15.0,0.66,4.0,0.68,135.65,0.02,0.01,2326.130142,1776408020000
1776408023.235,23.235,0.3,75.0,0.29,5.0,0.31,178.54,0.32,10.0,0.67,23.99,0.66,28.0,0.68,141.63,0.7,80.35,0.01,0.01,2326.099817,1776408022000
1776408023.648,23.648,0.3,75.0,0.29,10.0,0.31,315.4,0.32,10.0,0.69,178.54,0.68,10.0,0.7,75.0,0.71,5.0,0.01,0.01,2326.099817,1776408022000
1776408025.913,25.913,0.3,28.49,0.29,5.0,0.31,310.4,0.32,15.0,0.69,315.4,0.68,10.0,0.7,75.0,0.71,10.0,0.01,0.01,2325.851024,1776408024000
1776408026.178,26.178,0.3,26.77,0.29,20.65,0.31,315.4,0.32,15.0,0.69,310.4,0.68,15.0,0.7,28.49,0.71,5.0,0.01,0.01,2325.851024,1776408024000
1776408027.543,27.543,0.3,20.18,0.29,33.0,0.31,315.4,0.32,15.0,0.69,315.4,0.68,15.0,0.7,26.77,0.71,20.65,0.01,0.01,2325.911515,1776408026000
1776408028.747,28.747,0.3,15.86,0.29,33.0,0.31,310.4,0.32,15.0,0.69,315.4,0.68,15.0,0.7,20.18,0.71,33.0,0.01,0.01,2325.907842,1776408027000
1776408031.491,31.491,0.3,15.86,0.29,20.65,0.31,308.94,0.32,15.0,0.69,310.4,0.68,15.0,0.7,15.86,0.71,33.0,0.01,0.01,2325.830074,1776408029000
1776408032.919,32.919,0.28,29.21,0.27,91.0,0.29,195.54,0.3,26.0,0.69,308.94,0.68,15.0,0.7,15.86,0.71,20.65,0.01,0.01,2325.829057,1776408031000
1776408034.216,34.216,0.26,50.0,0.25,22.0,0.28,189.54,0.29,61.0,0.71,195.54,0.7,26.0,0.72,18.0,0.73,91.0,0.02,0.01,2325.824002,1776408033000
1776408034.518,34.518,0.24,63.43,0.23,70.0,0.25,53.99,0.26,21.0,0.72,189.54,0.71,61.0,0.74,50.0,0.75,22.0,0.01,0.02,2325.824002,1776408033000
1776408035.886,35.886,0.24,167.64,0.23,195.35,0.25,33.99,0.26,10.0,0.75,53.99,0.74,21.0,0.76,63.43,0.77,70.0,0.01,0.01,2325.821957,1776408034000
1776408036.455,36.455,0.26,40.01,0.25,30.0,0.27,127.13,0.28,25.0,0.73,149.28,0.72,25.0,0.74,6.01,0.76,172.64,0.01,0.01,2325.782864,1776408035000
1776408037.128,37.128,0.26,15.01,0.25,30.0,0.27,271.12,0.28,25.0,0.73,127.13,0.72,25.0,0.74,27.01,0.75,30.0,0.01,0.01,2325.566949,1776408036000
1776408038.073,38.073,0.26,20.01,0.25,30.0,0.27,146.57,0.28,20.0,0.73,271.12,0.72,25.0,0.74,15.01,0.75,30.0,0.01,0.01,2325.497323,1776408037000
1776408038.67,38.67,0.26,57.87,0.25,5.0,0.27,235.41,0.28,20.0,0.73,110.57,0.72,20.0,0.74,20.01,0.75,30.0,0.01,0.01,2325.497323,1776408037000
1776408039.431,39.431,0.26,69.87,0.25,10.35,0.27,231.7,0.28,20.0,0.73,235.41,0.72,20.0,0.74,57.87,0.75,5.0,0.01,0.01,2325.531937,1776408038000
1776408040.118,40.118,0.26,161.21,0.25,67.0,0.27,53.15,0.28,50.0,0.73,231.7,0.72,20.0,0.74,69.87,0.75,10.35,0.01,0.01,2325.531937,1776408038000
1776408040.417,40.417,0.3,70.86,0.29,133.35,0.31,18.66,0.32,15.0,0.69,18.66,0.68,15.0,0.71,70.0,0.72,16.0,0.01,0.02,2325.605995,1776408039000
1776408041.326,41.326,0.33,35.86,0.32,128.0,0.34,5.26,0.35,16.0,0.69,18.66,0.68,15.0,0.7,70.86,0.71,133.35,0.01,0.01,2325.729781,1776408040000
1776408042.499,42.499,0.34,120.16,0.33,65.35,0.35,0.85,0.37,108.9,0.66,5.26,0.65,16.0,0.67,82.86,0.68,130.0,0.01,0.01,2325.805935,1776408041000
1776408042.74,42.74,0.34,110.16,0.33,71.0,0.35,119.4,0.37,108.9,0.65,0.85,0.63,108.9,0.66,120.16,0.67,65.35,0.01,0.01,2325.805935,1776408041000
1776408043.98,43.98,0.34,119.57,0.33,271.0,0.35,113.68,0.37,108.9,0.65,119.4,0.63,108.9,0.66,107.92,0.67,71.0,0.01,0.01,2325.92161,1776408042000
1776408045.129,45.129,0.37,71.0,0.36,38.0,0.38,10.0,0.39,48.39,0.65,113.68,0.63,108.9,0.67,309.53,0.68,139.0,0.01,0.02,2326.108783,1776408043000
1776408045.455,45.455,0.37,84.0,0.36,38.0,0.38,10.0,0.39,58.39,0.62,10.0,0.61,48.39,0.63,71.0,0.64,38.0,0.01,0.01,2326.138498,1776408044000
1776408047.406,47.406,0.37,200.63,0.36,38.0,0.38,10.0,0.39,48.39,0.62,10.0,0.61,58.39,0.63,84.0,0.64,38.0,0.01,0.01,2326.262551,1776408046000
1776408047.741,47.741,0.37,197.31,0.36,38.0,0.38,10.0,0.39,53.39,0.62,10.0,0.61,48.39,0.63,200.63,0.64,38.0,0.01,0.01,2326.262551,1776408046000
1776408049.712,49.712,0.38,133.0,0.37,179.66,0.39,2.89,0.4,6.0,0.62,10.0,0.61,53.39,0.63,197.31,0.64,38.0,0.01,0.01,2326.146012,1776408048000
1776408050.014,50.014,0.43,59.86,0.42,41.0,0.44,15.0,0.45,32.47,0.56,3.0,0.55,32.47,0.57,17.05,0.58,61.0,0.01,0.01,2326.146012,1776408048000
1776408051.17,51.17,0.44,318.52,0.43,41.86,0.46,11.0,0.47,27.0,0.56,15.0,0.55,32.47,0.57,59.86,0.58,41.0,0.02,0.01,2326.152107,1776408050000
1776408051.657,51.657,0.45,99.52,0.44,50.0,0.46,3.82,0.47,21.0,0.54,6.0,0.53,21.0,0.55,99.52,0.56,250.0,0.01,0.01,2326.152107,1776408050000
1776408052.168,52.168,0.45,305.03,0.44,50.0,0.46,3.82,0.47,21.0,0.54,3.82,0.53,21.0,0.55,99.52,0.56,50.0,0.01,0.01,2326.279034,1776408051000
1776408052.76,52.76,0.45,141.4,0.44,60.0,0.46,8.82,0.47,21.0,0.54,3.82,0.53,21.0,0.55,305.03,0.56,50.0,0.01,0.01,2326.279034,1776408051000
1776408054.293,54.293,0.45,18.19,0.44,55.0,0.46,8.82,0.47,21.0,0.54,8.82,0.53,21.0,0.55,141.4,0.56,60.0,0.01,0.01,2326.48,1776408053000
1776408055.001,55.001,0.45,190.59,0.44,50.0,0.46,18.82,0.47,21.0,0.54,8.82,0.53,21.0,0.55,18.19,0.56,55.0,0.01,0.01,2326.477494,1776408054000
1776408056.382,56.382,0.44,5.0,0.43,5.0,0.45,75.99,0.46,30.82,0.54,18.82,0.53,21.0,0.55,178.42,0.56,50.0,0.01,0.01,2326.473475,1776408055000
1776408056.63,56.63,0.43,4.91,0.42,5.0,0.45,80.99,0.46,30.82,0.55,75.99,0.54,30.82,0.56,5.0,0.57,5.0,0.02,0.01,2326.473475,1776408055000
1776408056.931,56.931,0.43,4.91,0.42,5.0,0.44,87.7,0.45,38.64,0.55,80.99,0.54,30.82,0.57,4.91,0.58,5.0,0.01,0.02,2326.473475,1776408055000
1776408057.354,57.354,0.43,2.13,0.42,5.0,0.44,80.43,0.45,215.46,0.56,80.43,0.55,33.64,0.57,4.91,0.58,5.0,0.01,0.01,2326.478454,1776408056000
1776408058.353,58.353,0.41,75.0,0.4,10.0,0.44,259.0,0.45,33.64,0.56,80.43,0.55,215.46,0.57,2.13,0.58,5.0,0.03,0.01,2326.478454,1776408056000
1776408059.257,59.257,0.41,86.0,0.4,5.0,0.42,203.4,0.43,15.0,0.56,259.0,0.55,33.64,0.59,75.0,0.6,10.0,0.01,0.03,2326.379719,1776408058000
1776408061.678,61.678,0.41,0.43,0.4,5.0,0.42,211.4,0.43,15.0,0.58,203.4,0.57,15.0,0.59,86.0,0.6,5.0,0.01,0.01,2326.511163,1776408060000
1776408062.207,62.207,0.39,29.0,0.38,39.0,0.41,25.99,0.42,182.41,0.58,211.4,0.57,15.0,0.59,0.43,0.6,5.0,0.02,0.01,2326.369861,1776408061000
1776408064.207,64.207,0.4,26.0,0.39,24.0,0.41,9.89,0.42,10.0,0.59,25.99,0.58,182.41,0.61,29.0,0.62,39.0,0.01,0.02,2326.385915,1776408063000
1776408064.639,64.639,0.4,40.0,0.39,215.0,0.41,2.09,0.42,10.0,0.59,9.89,0.58,10.0,0.6,26.0,0.61,24.0,0.01,0.01,2326.385915,1776408063000
1776408064.979,64.979,0.4,45.0,0.39,285.0,0.42,7.04,0.43,10.0,0.59,2.09,0.58,10.0,0.6,40.0,0.61,215.0,0.02,0.01,2326.385915,1776408063000
1776408065.762,65.762,0.42,264.5,0.41,35.08,0.43,10.0,0.44,35.0,0.57,10.0,0.56,35.0,0.59,10.08,0.6,115.0,0.01,0.02,2326.381495,1776408064000
1776408066.467,66.467,0.42,264.5,0.41,35.08,0.43,7.67,0.44,35.0,0.57,10.0,0.56,35.0,0.58,264.5,0.59,35.08,0.01,0.01,2326.392142,1776408065000
1776408066.772,66.772,0.45,130.0,0.44,55.0,0.48,3.55,0.49,21.0,0.57,7.67,0.56,35.0,0.58,264.5,0.59,35.08,0.03,0.01,2326.392142,1776408065000
1776408067.097,67.097,0.48,106.0,0.47,60.0,0.49,8.19,0.5,12.0,0.51,8.19,0.5,12.0,0.53,90.0,0.54,20.0,0.01,0.02,2326.505388,1776408066000
1776408067.407,67.407,0.48,82.0,0.47,60.0,0.49,8.19,0.5,12.0,0.51,8.19,0.5,12.0,0.52,106.0,0.53,60.0,0.01,0.01,2326.505388,1776408066000
1776408068.292,68.292,0.48,295.0,0.47,60.0,0.49,4.37,0.5,12.0,0.51,8.19,0.5,12.0,0.52,82.0,0.53,60.0,0.01,0.01,2326.511944,1776408067000
1776408069.097,69.097,0.39,11.82,0.38,25.3,0.5,17.0,0.51,15.0,0.51,4.37,0.5,12.0,0.52,295.0,0.53,60.0,0.11,0.01,2326.662156,1776408068000
1776408069.526,69.526,0.49,262.84,0.47,10.0,0.5,22.0,0.51,95.0,0.5,17.0,0.49,15.0,0.61,11.82,0.62,25.3,0.01,0.11,2326.662156,1776408068000
1776408070.477,70.477,0.49,277.59,0.48,5.0,0.5,27.0,0.51,95.0,0.5,22.0,0.49,95.0,0.51,262.84,0.53,10.0,0.01,0.01,2326.697962,1776408069000
1776408070.708,70.708,0.49,247.59,0.48,5.0,0.5,36.16,0.51,95.0,0.5,27.0,0.49,95.0,0.51,277.59,0.52,5.0,0.01,0.01,2326.697962,1776408069000
1776408073.034,73.034,0.49,88.72,0.47,22.84,0.5,16.24,0.51,95.0,0.5,36.16,0.49,95.0,0.51,247.59,0.52,5.0,0.01,0.01,2326.787197,1776408071000
1776408074.013,74.013,0.49,295.72,0.47,35.67,0.51,97.6,0.52,87.84,0.5,7.14,0.49,95.0,0.51,88.72,0.53,22.84,0.02,0.01,2326.80546,1776408072000
1776408074.647,74.647,0.49,331.72,0.48,20.0,0.5,25.0,0.51,30.0,0.49,97.6,0.48,87.84,0.51,295.72,0.53,35.67,0.01,0.02,2326.82866,1776408073000
1776408075.459,75.459,0.5,5.84,0.49,326.72,0.51,30.0,0.52,77.84,0.5,25.0,0.49,30.0,0.51,331.72,0.52,20.0,0.01,0.01,2326.780689,1776408074000
1776408075.719,75.719,0.5,91.84,0.49,106.69,0.51,28.03,0.52,77.84,0.49,30.0,0.48,77.84,0.5,5.84,0.51,326.72,0.01,0.01,2326.780689,1776408074000
1776408077.694,77.694,0.5,281.0,0.49,106.69,0.51,19.42,0.52,77.84,0.49,28.03,0.48,77.84,0.5,91.84,0.51,106.69,0.01,0.01,2326.855156,1776408076000
1776408080.413,80.413,0.5,236.0,0.49,61.69,0.51,15.0,0.52,87.84,0.49,19.42,0.48,77.84,0.5,281.0,0.51,106.69,0.01,0.01,2326.845922,1776408079000
1776408080.935,80.935,0.5,236.0,0.49,61.69,0.51,38.03,0.52,157.84,0.49,15.0,0.48,87.84,0.5,236.0,0.51,61.69,0.01,0.01,2326.845922,1776408079000
1776408081.354,81.354,0.5,236.0,0.49,61.69,0.51,23.22,0.52,157.84,0.49,38.03,0.48,157.84,0.5,236.0,0.51,61.69,0.01,0.01,2326.845922,1776408079000
1776408084.371,84.371,0.5,201.56,0.49,61.69,0.51,189.22,0.52,152.84,0.49,23.22,0.48,157.84,0.5,236.0,0.51,61.69,0.01,0.01,2326.669128,1776408083000
1776408084.714,84.714,0.41,20.0,0.4,10.0,0.43,81.0,0.44,20.0,0.5,74.0,0.49,145.22,0.58,5.0,0.59,10.0,0.02,0.08,2326.669128,1776408083000
1776408084.944,84.944,0.41,20.0,0.4,10.0,0.42,52.61,0.43,80.0,0.57,81.0,0.56,20.0,0.59,20.0,0.6,10.0,0.01,0.02,2326.669128,1776408083000
1776408085.244,85.244,0.41,220.0,0.4,10.0,0.42,33.44,0.43,75.0,0.58,42.83,0.57,80.0,0.59,20.0,0.6,10.0,0.01,0.01,2326.669128,1776408083000
1776408090.721,90.721,0.41,26.05,0.4,15.0,0.42,79.05,0.43,65.0,0.58,31.05,0.57,75.0,0.59,220.0,0.6,15.0,0.01,0.01,2326.46472,1776408089000
1776408094.121,94.121,0.41,223.05,0.4,25.0,0.42,62.05,0.43,59.0,0.58,79.05,0.57,65.0,0.59,26.05,0.6,15.0,0.01,0.01,2326.446286,1776408092000
1776408095.977,95.977,0.41,51.05,0.4,25.0,0.42,21.05,0.43,54.0,0.58,62.05,0.57,59.0,0.59,223.05,0.6,25.0,0.01,0.01,2326.452858,1776408094000
1776408096.47,96.47,0.41,297.05,0.4,25.0,0.42,18.66,0.43,60.0,0.58,21.05,0.57,54.0,0.59,51.05,0.6,25.0,0.01,0.01,2326.498129,1776408095000
1776408098.958,98.958,0.42,218.0,0.41,33.05,0.43,22.0,0.44,5.0,0.58,13.54,0.57,60.0,0.59,297.05,0.6,25.0,0.01,0.01,2326.502726,1776408097000
1776408101.576,101.576,0.42,244.93,0.41,127.05,0.43,9.0,0.47,9.0,0.57,22.0,0.56,5.0,0.58,218.0,0.59,33.05,0.01,0.01,2326.580511,1776408100000
1776408101.872,101.872,0.48,80.0,0.47,50.83,0.49,22.96,0.51,10.0,0.51,27.96,0.49,10.0,0.53,15.0,0.54,25.0,0.01,0.02,2326.580511,1776408100000
1776408102.448,102.448,0.48,83.07,0.47,55.83,0.49,17.96,0.51,10.0,0.51,17.96,0.49,10.0,0.52,80.0,0.53,55.83,0.01,0.01,2326.580968,1776408101000
1776408103.076,103.076,0.48,281.14,0.47,55.83,0.51,10.0,0.52,64.84,0.51,0.61,0.49,10.0,0.52,81.14,0.53,55.83,0.03,0.01,2326.580968,1776408101000
1776408106.456,106.456,0.5,215.0,0.49,15.0,0.51,30.0,0.52,64.84,0.49,10.0,0.48,64.84,0.52,281.14,0.53,55.83,0.01,0.03,2326.754569,1776408105000
1776408114.638,114.638,0.51,168.0,0.5,117.0,0.53,2.44,0.54,43.49,0.49,30.0,0.48,64.84,0.5,215.0,0.51,15.0,0.02,0.01,2326.758143,1776408113000
1776408115.045,115.045,0.62,41.73,0.61,15.0,0.63,356.86,0.64,85.0,0.37,343.86,0.36,75.0,0.39,10.0,0.4,10.0,0.01,0.02,2326.758143,1776408113000
1776408115.41,115.41,0.61,21.21,0.6,10.0,0.62,10.0,0.63,351.86,0.37,356.86,0.36,85.0,0.39,4.37,0.4,10.0,0.01,0.02,2326.665351,1776408114000
1776408115.905,115.905,0.61,16.08,0.6,10.0,0.62,30.0,0.63,351.86,0.38,10.0,0.37,351.86,0.39,21.21,0.4,10.0,0.01,0.01,2326.665351,1776408114000
1776408117.494,117.494,0.61,38.0,0.6,10.0,0.62,160.0,0.63,361.86,0.38,30.0,0.37,351.86,0.39,16.08,0.4,10.0,0.01,0.01,2326.929025,1776408116000
1776408119.417,119.417,0.6,5.0,0.59,179.49,0.61,100.0,0.62,188.0,0.38,160.0,0.37,361.86,0.39,38.0,0.4,10.0,0.01,0.01,2326.918921,1776408118000
1776408120.768,120.768,0.59,179.49,0.58,10.0,0.6,25.0,0.61,53.0,0.39,100.0,0.38,188.0,0.4,5.0,0.41,179.49,0.01,0.01,2326.92461,1776408119000
1776408120.983,120.983,0.59,186.49,0.58,10.0,0.6,37.63,0.61,48.0,0.4,25.0,0.39,53.0,0.41,179.49,0.42,10.0,0.01,0.01,2326.92461,1776408119000
1776408122.76,122.76,0.59,186.49,0.58,10.0,0.63,154.2,0.64,92.0,0.4,29.29,0.39,48.0,0.41,186.49,0.42,10.0,0.04,0.01,2326.904644,1776408121000
1776408124.456,124.456,0.6,7.25,0.59,179.49,0.62,191.06,0.63,154.2,0.37,154.2,0.36,92.0,0.41,186.49,0.42,10.0,0.02,0.04,2327.001911,1776408122000
1776408124.68,124.68,0.59,179.07,0.58,15.0,0.61,10.0,0.62,138.06,0.38,191.06,0.37,154.2,0.4,4.5,0.41,179.49,0.02,0.02,2327.001911,1776408122000
1776408126.419,126.419,0.59,139.49,0.56,5.0,0.6,143.0,0.61,77.12,0.39,10.0,0.38,138.06,0.41,179.07,0.42,15.0,0.01,0.02,2327.001727,1776408124000
1776408126.756,126.756,0.53,90.5,0.52,15.0,0.54,5.0,0.55,164.51,0.45,10.51,0.4,176.0,0.47,97.95,0.48,15.0,0.01,0.02,2327.001735,1776408125000
1776408127.081,127.081,0.53,90.5,0.52,15.0,0.54,130.87,0.55,164.51,0.46,5.0,0.45,164.51,0.47,90.5,0.48,15.0,0.01,0.01,2327.001735,1776408125000
1776408127.462,127.462,0.53,86.35,0.52,15.0,0.54,28.0,0.55,164.51,0.46,130.87,0.45,164.51,0.47,90.5,0.48,15.0,0.01,0.01,2326.99919,1776408126000
1776408127.912,127.912,0.53,81.23,0.52,15.0,0.54,33.95,0.55,164.51,0.46,28.0,0.45,164.51,0.47,86.35,0.48,15.0,0.01,0.01,2326.99919,1776408126000
1776408128.781,128.781,0.53,290.22,0.52,62.01,0.55,10.51,0.6,7.0,0.46,33.95,0.45,164.51,0.47,81.23,0.48,15.0,0.02,0.01,2326.907016,1776408127000
1776408129.248,129.248,0.66,10.0,0.65,10.0,0.67,16.28,0.68,77.0,0.38,12.0,0.37,19.0,0.46,10.0,0.47,300.22,0.01,0.08,2326.907016,1776408127000
1776408129.619,129.619,0.66,53.0,0.65,20.0,0.67,13.18,0.68,82.0,0.33,16.18,0.32,77.0,0.34,10.0,0.35,15.0,0.01,0.01,2326.859458,1776408128000
1776408130.205,130.205,0.66,59.55,0.65,20.0,0.67,11.68,0.68,91.0,0.33,11.68,0.32,82.0,0.34,45.45,0.35,20.0,0.01,0.01,2326.859458,1776408128000
1776408130.619,130.619,0.66,59.96,0.65,20.0,0.67,140.11,0.68,91.0,0.33,136.67,0.32,91.0,0.34,54.96,0.35,20.0,0.01,0.01,2326.794081,1776408129000
1776408131.374,131.374,0.66,54.81,0.65,20.0,0.67,135.11,0.68,91.0,0.33,140.11,0.32,91.0,0.34,59.96,0.35,20.0,0.01,0.01,2326.993226,1776408130000
1776408133.849,133.849,0.66,67.81,0.65,20.0,0.67,125.55,0.68,91.0,0.33,135.11,0.32,91.0,0.34,54.81,0.35,20.0,0.01,0.01,2327.133455,1776408132000
1776408134.698,134.698,0.66,102.81,0.65,20.0,0.67,108.08,0.68,86.0,0.33,125.55,0.32,91.0,0.34,67.81,0.35,20.0,0.01,0.01,2327.133455,1776408133000
1776408135.169,135.169,0.66,62.81,0.65,20.0,0.67,78.0,0.68,70.0,0.33,108.08,0.32,86.0,0.34,102.81,0.35,20.0,0.01,0.01,2327.133455,1776408133000
1776408141.102,141.102,0.66,52.82,0.65,20.0,0.67,41.25,0.68,140.0,0.33,65.25,0.32,70.0,0.34,42.82,0.35,20.0,0.01,0.01,2327.164111,1776408139000
1776408142.017,142.017,0.66,52.82,0.65,20.0,0.67,34.25,0.68,140.0,0.33,41.25,0.32,140.0,0.34,52.82,0.35,20.0,0.01,0.01,2327.154116,1776408140000
1776408144.595,144.595,0.65,5.0,0.64,74.27,0.68,171.92,0.69,24.0,0.33,34.25,0.32,140.0,0.34,52.82,0.35,20.0,0.03,0.01,2327.180199,1776408143000
1776408146.816,146.816,0.61,220.11,0.6,30.0,0.62,12.73,0.63,70.0,0.38,7.73,0.34,25.0,0.39,25.0,0.4,21.0,0.01,0.01,2327.144833,1776408145000
1776408151.265,151.265,0.61,84.59,0.6,26.0,0.62,4.8,0.63,137.56,0.38,12.73,0.37,70.0,0.39,210.47,0.4,30.0,0.01,0.01,2327.160878,1776408150000
1776408152.674,152.674,0.61,212.86,0.6,26.0,0.63,66.8,0.65,75.0,0.38,4.8,0.37,137.56,0.39,84.59,0.4,26.0,0.02,0.01,2327.228751,1776408151000
1776408152.989,152.989,0.62,84.0,0.61,13.59,0.63,61.8,0.65,75.0,0.37,66.8,0.35,75.0,0.39,212.86,0.4,26.0,0.01,0.02,2327.228751,1776408151000
1776408154.59,154.59,0.67,49.95,0.66,15.0,0.68,145.0,0.69,10.0,0.37,61.8,0.35,75.0,0.38,84.0,0.39,13.59,0.01,0.01,2327.155876,1776408152000
1776408156.199,156.199,0.67,43.88,0.66,15.0,0.68,263.6,0.69,10.0,0.32,145.0,0.31,10.0,0.33,49.95,0.34,15.0,0.01,0.01,2327.163333,1776408154000
1776408158.348,158.348,0.67,336.88,0.66,161.0,0.68,104.77,0.69,5.0,0.32,263.6,0.31,10.0,0.33,43.88,0.34,15.0,0.01,0.01,2327.185368,1776408156000
1776408159.453,159.453,0.75,156.63,0.74,30.0,0.77,70.0,0.78,70.0,0.24,10.0,0.23,70.0,0.33,371.88,0.34,161.0,0.02,0.09,2327.177386,1776408158000
1776408159.732,159.732,0.76,175.99,0.75,95.63,0.77,70.0,0.78,70.0,0.23,70.0,0.22,70.0,0.25,156.63,0.26,30.0,0.01,0.02,2327.177386,1776408158000
1776408160.168,160.168,0.76,175.99,0.75,195.4,0.77,65.0,0.78,70.0,0.23,70.0,0.22,70.0,0.24,175.99,0.25,95.63,0.01,0.01,2327.344832,1776408159000
1776408161.204,161.204,0.76,147.99,0.75,195.4,0.77,50.98,0.78,70.0,0.23,65.0,0.22,70.0,0.24,175.99,0.25,195.4,0.01,0.01,2327.558856,1776408160000
1776408161.425,161.425,0.76,157.99,0.75,195.4,0.77,44.48,0.78,70.0,0.23,50.98,0.22,70.0,0.24,147.99,0.25,195.4,0.01,0.01,2327.558856,1776408160000
1776408162.183,162.183,0.78,85.99,0.77,42.0,0.79,112.88,0.8,11.0,0.23,44.48,0.22,70.0,0.24,157.99,0.25,195.4,0.01,0.01,2327.558856,1776408160000
1776408162.736,162.736,0.78,90.99,0.77,42.0,0.79,108.92,0.81,59.0,0.21,112.88,0.2,11.0,0.22,85.99,0.23,42.0,0.01,0.01,2327.688903,1776408161000
1776408163.226,163.226,0.78,206.51,0.77,42.0,0.81,41.77,0.82,70.0,0.21,108.92,0.19,59.0,0.22,90.99,0.23,42.0,0.03,0.01,2327.688903,1776408161000
1776408165.517,165.517,0.81,51.99,0.8,49.0,0.82,40.0,0.83,70.0,0.19,41.77,0.18,70.0,0.2,80.99,0.21,20.0,0.01,0.01,2327.777042,1776408164000
1776408166.725,166.725,0.82,115.88,0.81,27.0,0.83,64.0,0.84,226.25,0.17,70.0,0.16,70.0,0.19,38.88,0.2,49.0,0.01,0.02,2327.705872,1776408165000
1776408168.607,168.607,0.82,99.91,0.81,43.0,0.83,64.0,0.84,226.25,0.17,64.0,0.16,226.25,0.18,115.88,0.19,27.0,0.01,0.01,2327.791613,1776408166000
1776408168.877,168.877,0.82,105.91,0.81,37.0,0.83,64.0,0.84,226.25,0.17,64.0,0.16,226.25,0.18,99.91,0.19,43.0,0.01,0.01,2327.824635,1776408167000
1776408169.872,169.872,0.82,48.03,0.81,51.0,0.83,64.0,0.84,226.25,0.17,64.0,0.16,226.25,0.18,105.91,0.19,37.0,0.01,0.01,2327.961862,1776408168000
1776408170.397,170.397,0.82,42.47,0.81,51.0,0.83,69.0,0.84,226.25,0.17,64.0,0.16,226.25,0.18,48.03,0.19,51.0,0.01,0.01,2327.877412,1776408169000
1776408170.959,170.959,0.82,36.47,0.81,51.0,0.83,64.0,0.84,226.25,0.17,69.0,0.16,226.25,0.18,42.47,0.19,51.0,0.01,0.01,2327.877412,1776408169000
1776408171.774,171.774,0.82,69.47,0.81,64.4,0.83,57.97,0.84,226.25,0.17,64.0,0.16,226.25,0.18,36.47,0.19,51.0,0.01,0.01,2327.860855,1776408170000
1776408172.964,172.964,0.83,157.88,0.82,63.0,0.84,214.25,0.87,15.0,0.17,57.97,0.16,226.25,0.18,66.92,0.19,64.4,0.01,0.01,2327.860855,1776408171000
1776408173.185,173.185,0.83,137.88,0.82,157.0,0.84,216.44,0.87,15.0,0.16,214.25,0.13,15.0,0.17,157.88,0.18,63.0,0.01,0.01,2327.837004,1776408172000
1776408173.453,173.453,0.83,132.88,0.82,157.0,0.84,213.52,0.87,15.0,0.16,195.52,0.13,15.0,0.17,127.88,0.18,157.0,0.01,0.01,2327.837004,1776408172000
1776408173.683,173.683,0.83,152.49,0.82,157.0,0.84,213.52,0.87,15.0,0.16,213.52,0.13,15.0,0.17,132.88,0.18,157.0,0.01,0.01,2327.837004,1776408172000
1776408174.72,174.72,0.83,297.6,0.82,57.4,0.84,200.52,0.87,15.0,0.16,213.52,0.13,15.0,0.17,152.49,0.18,157.0,0.01,0.01,2327.866213,1776408173000
1776408175.37,175.37,0.83,310.83,0.82,59.4,0.84,211.72,0.87,15.0,0.16,200.52,0.13,15.0,0.17,295.83,0.18,57.4,0.01,0.01,2328.01705,1776408174000
1776408175.759,175.759,0.83,169.72,0.82,59.4,0.84,152.19,0.87,12.0,0.16,211.72,0.13,15.0,0.17,310.83,0.18,59.4,0.01,0.01,2328.01705,1776408174000
1776408176.267,176.267,0.83,281.59,0.82,59.4,0.84,165.28,0.85,70.0,0.16,152.19,0.13,12.0,0.17,169.72,0.18,59.4,0.01,0.01,2328.01205,1776408175000
1776408176.496,176.496,0.83,251.09,0.82,69.4,0.84,200.22,0.85,140.0,0.16,165.28,0.15,70.0,0.17,281.59,0.18,59.4,0.01,0.01,2328.01205,1776408175000
1776408176.739,176.739,0.83,251.09,0.82,69.4,0.84,49.31,0.85,140.0,0.16,200.22,0.15,140.0,0.17,251.09,0.18,69.4,0.01,0.01,2328.01205,1776408175000
1776408177.182,177.182,0.83,251.09,0.82,69.4,0.84,32.62,0.85,140.0,0.16,49.31,0.15,140.0,0.17,251.09,0.18,69.4,0.01,0.01,2327.913085,1776408176000
1776408177.473,177.473,0.83,251.09,0.82,69.4,0.84,27.56,0.85,140.0,0.16,32.62,0.15,140.0,0.17,251.09,0.18,69.4,0.01,0.01,2327.913085,1776408176000
1776408178.355,178.355,0.83,225.79,0.82,177.84,0.84,27.56,0.85,140.0,0.16,27.56,0.15,140.0,0.17,251.09,0.18,69.4,0.01,0.01,2327.963542,1776408177000
1776408179.436,179.436,0.83,95.92,0.82,143.44,0.84,32.56,0.85,140.0,0.16,27.56,0.15,140.0,0.17,225.79,0.18,177.84,0.01,0.01,2327.886312,1776408178000
1776408182.432,182.432,0.83,130.0,0.82,143.44,0.84,32.56,0.85,140.0,0.16,32.56,0.15,140.0,0.17,95.92,0.18,143.44,0.01,0.01,2327.831177,1776408181000
1776408183.417,183.417,0.83,249.37,0.82,35.0,0.84,18.03,0.85,140.0,0.16,32.56,0.15,140.0,0.17,130.0,0.18,143.44,0.01,0.01,2327.958553,1776408182000
1776408183.901,183.901,0.84,137.75,0.83,172.37,0.85,70.0,0.88,18.0,0.16,18.03,0.15,140.0,0.17,249.37,0.18,35.0,0.01,0.01,2327.958553,1776408182000
1776408184.236,184.236,0.84,278.85,0.83,66.0,0.85,60.0,0.88,12.0,0.15,70.0,0.12,18.0,0.16,137.75,0.17,172.37,0.01,0.01,2327.958553,1776408182000
1776408184.921,184.921,0.84,273.85,0.83,45.0,0.85,51.0,0.88,12.0,0.15,60.0,0.12,12.0,0.16,278.85,0.17,66.0,0.01,0.01,2327.846042,1776408183000
1776408186.406,186.406,0.84,217.98,0.83,45.0,0.85,31.0,0.86,70.0,0.15,31.0,0.12,12.0,0.16,290.73,0.17,45.0,0.01,0.01,2327.940958,1776408185000
1776408186.901,186.901,0.84,204.85,0.83,45.0,0.85,31.0,0.86,75.0,0.15,31.0,0.14,70.0,0.16,217.98,0.17,45.0,0.01,0.01,2327.940958,1776408185000
1776408187.145,187.145,0.84,179.85,0.83,122.52,0.85,31.0,0.86,75.0,0.15,31.0,0.14,75.0,0.16,204.85,0.17,45.0,0.01,0.01,2327.940958,1776408185000
1776408187.737,187.737,0.84,163.85,0.83,122.52,0.85,31.0,0.86,75.0,0.15,31.0,0.14,75.0,0.16,179.85,0.17,122.52,0.01,0.01,2327.948394,1776408186000
1776408190.814,190.814,0.84,172.85,0.83,124.95,0.85,36.0,0.86,70.0,0.15,31.0,0.14,75.0,0.16,163.85,0.17,122.52,0.01,0.01,2327.852618,1776408189000
1776408191.556,191.556,0.84,172.85,0.83,124.95,0.85,19.0,0.86,70.0,0.15,36.0,0.14,70.0,0.16,172.85,0.17,124.95,0.01,0.01,2327.867618,1776408190000
1776408193.952,193.952,0.84,185.85,0.83,110.22,0.85,16.82,0.86,70.0,0.15,19.0,0.14,70.0,0.16,172.85,0.17,124.95,0.01,0.01,2327.919098,1776408192000
1776408194.754,194.754,0.84,178.85,0.83,40.0,0.85,16.82,0.86,70.0,0.15,16.82,0.14,70.0,0.16,185.85,0.17,110.22,0.01,0.01,2327.868784,1776408193000
1776408195.04,195.04,0.84,178.85,0.83,40.0,0.85,20.93,0.86,70.0,0.15,16.82,0.14,70.0,0.16,178.85,0.17,40.0,0.01,0.01,2327.868784,1776408193000
1776408195.675,195.675,0.84,175.35,0.83,40.0,0.85,10.93,0.86,70.0,0.15,20.93,0.14,70.0,0.16,178.85,0.17,40.0,0.01,0.01,2327.881585,1776408194000
1776408196.171,196.171,0.84,187.35,0.83,40.0,0.86,69.17,0.87,10.0,0.15,10.93,0.14,70.0,0.16,175.35,0.17,40.0,0.02,0.01,2327.881585,1776408194000
1776408197.059,197.059,0.85,102.89,0.84,10.0,0.86,79.17,0.87,35.0,0.14,69.17,0.13,10.0,0.16,187.35,0.17,40.0,0.01,0.02,2327.86425,1776408195000
1776408197.593,197.593,0.85,26.33,0.84,15.0,0.86,79.17,0.87,29.0,0.14,74.17,0.13,35.0,0.16,10.0,0.17,47.0,0.01,0.02,2327.848774,1776408196000
1776408200.321,200.321,0.83,12.7,0.82,15.0,0.86,108.17,0.87,10.0,0.14,79.17,0.13,29.0,0.15,26.33,0.16,15.0,0.03,0.01,2327.790308,1776408199000
1776408201.188,201.188,0.8,38.0,0.79,20.0,0.81,13.9,0.82,5.0,0.15,5.0,0.14,98.17,0.21,10.0,0.22,8.7,0.01,0.06,2327.790308,1776408199000
1776408202.307,202.307,0.82,169.17,0.81,29.0,0.83,2.96,0.84,5.0,0.17,5.0,0.16,5.0,0.2,38.0,0.21,20.0,0.01,0.03,2327.787905,1776408200000
1776408203.363,203.363,0.82,185.17,0.81,34.0,0.83,1.75,0.84,5.0,0.17,2.96,0.16,5.0,0.18,169.17,0.19,29.0,0.01,0.01,2327.849143,1776408201000
1776408205.001,205.001,0.82,185.17,0.81,39.0,0.86,74.17,0.87,217.31,0.17,1.75,0.16,5.0,0.18,185.17,0.19,34.0,0.04,0.01,2327.764555,1776408203000
1776408206.392,206.392,0.85,10.0,0.84,21.75,0.86,63.53,0.87,217.31,0.14,74.17,0.13,217.31,0.18,185.17,0.19,39.0,0.01,0.04,2327.765834,1776408205000
1776408208.695,208.695,0.86,46.88,0.85,35.75,0.87,196.31,0.88,5.0,0.14,63.53,0.13,217.31,0.15,10.0,0.16,21.75,0.01,0.01,2327.820139,1776408207000
1776408208.922,208.922,0.86,71.88,0.85,15.0,0.87,133.06,0.9,18.0,0.13,147.31,0.09,5.0,0.14,66.88,0.15,25.75,0.01,0.01,2327.820139,1776408207000
1776408209.5,209.5,0.86,71.88,0.85,20.0,0.87,111.4,0.9,18.0,0.13,133.06,0.1,18.0,0.14,71.88,0.15,15.0,0.01,0.01,2327.783491,1776408208000
1776408209.869,209.869,0.86,189.5,0.85,62.0,0.87,105.65,0.9,18.0,0.13,111.4,0.1,18.0,0.14,61.88,0.15,20.0,0.01,0.01,2327.783491,1776408208000
1776408210.758,210.758,0.89,60.28,0.88,70.55,0.9,12.72,0.92,17.0,0.13,99.58,0.1,18.0,0.14,184.5,0.15,62.0,0.01,0.01,2327.920182,1776408209000
1776408211.662,211.662,0.91,10.0,0.9,10.0,0.92,5.86,0.93,120.0,0.1,12.72,0.08,17.0,0.11,60.28,0.12,70.55,0.01,0.01,2327.938883,1776408210000
1776408212.03,212.03,0.91,28.28,0.9,15.0,0.92,52.61,0.93,120.0,0.08,58.86,0.07,120.0,0.09,16.88,0.1,15.0,0.01,0.01,2327.938883,1776408210000
1776408212.298,212.298,0.91,11.4,0.9,15.0,0.92,53.92,0.93,120.0,0.08,53.92,0.07,120.0,0.09,21.4,0.1,15.0,0.01,0.01,2327.94775,1776408211000
1776408212.599,212.599,0.91,1.4,0.9,15.0,0.92,47.83,0.93,120.0,0.08,53.92,0.07,120.0,0.09,1.4,0.1,15.0,0.01,0.01,2327.94775,1776408211000
1776408215.19,215.19,0.91,6.4,0.9,15.0,0.92,47.83,0.93,115.0,0.08,47.83,0.07,120.0,0.09,1.4,0.1,15.0,0.01,0.01,2327.840571,1776408213000
1776408216.195,216.195,0.9,10.76,0.89,20.0,0.92,42.83,0.93,115.0,0.08,47.83,0.07,115.0,0.09,6.4,0.1,15.0,0.02,0.01,2327.874532,1776408214000
1776408218.737,218.737,0.9,29.51,0.89,51.0,0.91,57.11,0.93,105.0,0.08,42.83,0.07,115.0,0.1,10.76,0.11,20.0,0.01,0.02,2327.879791,1776408217000
1776408219.437,219.437,0.92,146.74,0.91,55.75,0.93,50.0,0.95,41.66,0.09,57.11,0.07,105.0,0.1,29.51,0.11,51.0,0.01,0.01,2327.924999,1776408218000
1776408219.642,219.642,0.92,178.74,0.91,55.75,0.93,11.0,0.95,41.66,0.07,40.0,0.05,41.66,0.08,178.74,0.09,55.75,0.01,0.01,2327.924999,1776408218000
1776408220.779,220.779,0.94,45.74,0.93,82.75,0.95,5.89,0.96,72.0,0.05,7.98,0.04,72.0,0.08,178.74,0.09,55.75,0.01,0.03,2327.922951,1776408219000
1776408222.648,222.648,0.94,45.0,0.93,35.0,0.95,17.56,0.96,20.0,0.05,5.89,0.04,72.0,0.06,12.4,0.07,82.75,0.01,0.01,2328.263473,1776408221000
1776408222.862,222.862,0.94,45.0,0.93,35.0,0.95,17.46,0.96,20.0,0.05,17.56,0.04,20.0,0.06,45.0,0.07,35.0,0.01,0.01,2328.263473,1776408221000
1776408223.092,223.092,0.94,45.0,0.93,25.0,0.95,9.94,0.96,20.0,0.05,16.2,0.04,20.0,0.06,45.0,0.07,35.0,0.01,0.01,2328.263473,1776408221000
1776408223.314,223.314,0.93,25.0,0.92,63.9,0.95,2.03,0.96,20.0,0.05,4.54,0.04,20.0,0.06,25.0,0.07,25.0,0.02,0.01,2328.263473,1776408221000
1776408223.609,223.609,0.94,10.0,0.93,25.0,0.97,192.85,0.98,290.0,0.04,16.85,0.03,172.0,0.07,25.0,0.08,63.9,0.03,0.03,2328.285096,1776408222000
1776408224.857,224.857,0.95,5.0,0.94,164.75,0.96,92.0,0.97,150.78,0.03,150.78,0.02,290.0,0.06,10.0,0.07,25.0,0.01,0.03,2328.554933,1776408223000
1776408225.071,225.071,0.95,15.0,0.94,20.0,0.96,84.92,0.97,150.78,0.04,89.92,0.03,150.78,0.05,15.0,0.06,20.0,0.01,0.01,2328.554933,1776408223000
1776408225.683,225.683,0.94,20.0,0.93,75.3,0.95,5.0,0.96,83.87,0.04,83.87,0.03,150.78,0.05,15.0,0.06,20.0,0.01,0.01,2328.42801,1776408224000
1776408228.095,228.095,0.95,75.8,0.94,73.8,0.96,198.67,0.97,279.48,0.05,5.0,0.04,83.87,0.06,20.0,0.07,75.3,0.01,0.01,2328.252586,1776408226000
1776408234.911,234.911,0.95,15.0,0.94,20.0,0.96,200.7,0.97,274.48,0.04,198.67,0.03,279.48,0.05,75.8,0.06,73.8,0.01,0.01,2328.290015,1776408233000
1776408235.895,235.895,0.94,88.8,0.93,205.65,0.95,16.0,0.96,111.9,0.04,200.7,0.03,274.48,0.05,15.0,0.06,20.0,0.01,0.01,2328.294173,1776408234000
1776408238.075,238.075,0.95,136.0,0.94,242.78,0.97,120.78,0.98,290.0,0.05,16.0,0.04,111.9,0.06,88.8,0.07,205.65,0.02,0.01,2328.163658,1776408236000
1776408238.313,238.313,0.95,125.0,0.94,247.78,0.97,57.0,0.98,290.0,0.03,62.16,0.02,290.0,0.05,136.0,0.06,242.78,0.02,0.02,2328.163658,1776408236000
1776408238.871,238.871,0.97,250.0,0.96,161.12,0.98,227.69,0.99,1899.58,0.02,228.72,0.01,1793.58,0.03,18.0,0.04,38.2,0.01,0.01,2328.159993,1776408237000
1776408239.529,239.529,0.97,684.0,0.96,212.73,0.98,222.07,0.99,1893.58,0.02,297.07,0.01,1893.58,0.03,478.0,0.04,161.12,0.01,0.01,2328.159993,1776408237000
1776408239.948,239.948,0.97,600.09,0.96,212.73,0.98,220.07,0.99,1868.58,0.02,222.07,0.01,1893.58,0.03,684.0,0.04,212.73,0.01,0.01,2329.248202,1776408238000
1776408240.195,240.195,0.97,615.09,0.96,229.91,0.98,209.97,0.99,1868.58,0.02,215.07,0.01,1868.58,0.03,610.09,0.04,212.73,0.01,0.01,2329.248202,1776408238000
1776408240.415,240.415,0.97,605.09,0.96,229.91,0.98,187.53,0.99,1868.58,0.02,192.63,0.01,1868.58,0.03,610.09,0.04,229.91,0.01,0.01,2329.248202,1776408238000
1776408240.624,240.624,0.97,642.99,0.96,229.91,0.98,173.23,0.99,1868.58,0.02,174.26,0.01,1868.58,0.03,642.99,0.04,229.91,0.01,0.01,2329.248202,1776408238000
1776408241.333,241.333,0.97,677.97,0.96,192.69,0.98,106.84,0.99,1868.58,0.02,107.87,0.01,1868.58,0.03,647.99,0.04,323.61,0.01,0.01,2329.463909,1776408240000
1776408241.63,241.63,0.97,677.97,0.96,192.69,0.98,79.63,0.99,1868.58,0.02,99.63,0.01,1868.58,0.03,677.97,0.04,192.69,0.01,0.01,2329.463909,1776408240000
1776408242.044,242.044,0.98,142.83,0.97,769.69,0.99,1764.54,,,0.01,1764.54,,,0.03,667.97,0.04,182.69,0.01,0.02,2329.463909,1776408240000
1776408242.514,242.514,0.98,200.29,0.97,815.95,0.99,1764.54,,,0.01,1764.54,,,0.02,142.83,0.03,769.69,0.01,0.01,2329.479472,1776408241000
1776408242.716,242.716,0.98,200.29,0.97,832.1,0.99,1755.42,,,0.01,1755.48,,,0.02,195.29,0.03,723.95,0.01,0.01,2329.479472,1776408241000
1776408242.924,242.924,0.98,383.99,0.97,832.1,0.99,1750.42,,,0.01,1755.42,,,0.02,200.29,0.03,832.1,0.01,0.01,2329.479472,1776408241000
1776408243.43,243.43,0.98,284.43,0.97,832.1,0.99,1650.4,,,0.01,1748.4,,,0.02,383.99,0.03,832.1,0.01,0.01,2329.479472,1776408241000
1776408243.779,243.779,0.98,310.43,0.97,832.1,0.99,1604.45,,,0.01,1650.4,,,0.02,284.43,0.03,832.1,0.01,0.01,2329.417937,1776408242000
1776408244.494,244.494,0.98,360.43,0.97,832.1,0.99,1506.45,,,0.01,1604.45,,,0.02,310.43,0.03,832.1,0.01,0.01,2329.420037,1776408243000
1776408245.372,245.372,0.98,381.43,0.97,832.1,0.99,1523.79,,,0.01,1506.45,,,0.02,360.43,0.03,832.1,0.01,0.01,2329.420037,1776408243000
1776408246.765,246.765,0.98,418.43,0.97,837.25,0.99,1524.86,,,0.01,1523.79,,,0.02,381.43,0.03,832.1,0.01,0.01,2329.442999,1776408245000
1776408247.375,247.375,0.98,423.43,0.97,817.25,0.99,1620.86,,,0.01,1619.86,,,0.02,418.43,0.03,842.25,0.01,0.01,2329.442999,1776408245000
1776408249.176,249.176,0.98,443.01,0.97,817.1,0.99,1616.86,,,0.01,1611.86,,,0.02,418.43,0.03,812.1,0.01,0.01,2329.409895,1776408247000
1776408250.333,250.333,0.98,448.01,0.97,817.1,0.99,1395.18,,,0.01,1616.86,,,0.02,443.01,0.03,817.1,0.01,0.01,2329.438664,1776408248000
1776408250.58,250.58,0.98,443.01,0.97,817.1,0.99,1337.14,,,0.01,1393.14,,,0.02,448.01,0.03,817.1,0.01,0.01,2329.444119,1776408249000
1776408250.912,250.912,0.98,473.1,0.97,817.1,0.99,1322.03,,,0.01,1337.14,,,0.02,443.01,0.03,817.1,0.01,0.01,2329.444119,1776408249000
1776408251.145,251.145,0.98,468.1,0.97,817.1,0.99,1306.92,,,0.01,1322.03,,,0.02,473.1,0.03,817.1,0.01,0.01,2329.479641,1776408250000
1776408251.832,251.832,0.98,468.1,0.97,817.1,0.99,1244.87,,,0.01,1254.87,,,0.02,473.1,0.03,817.1,0.01,0.01,2329.479641,1776408250000
1776408252.354,252.354,0.98,478.29,0.97,798.1,0.99,1212.55,,,0.01,1222.65,,,0.02,478.29,0.03,817.1,0.01,0.01,2329.46989,1776408251000
1776408252.635,252.635,0.98,424.46,0.97,798.1,0.99,1207.44,,,0.01,1207.44,,,0.02,483.29,0.03,798.1,0.01,0.01,2329.46989,1776408251000
1776408253.571,253.571,0.98,414.36,0.97,798.1,0.99,1182.23,,,0.01,1207.44,,,0.02,424.46,0.03,798.1,0.01,0.01,2329.467758,1776408252000
1776408254.146,254.146,0.98,414.36,0.97,798.1,0.99,1177.17,,,0.01,1182.23,,,0.02,414.36,0.03,798.1,0.01,0.01,2329.430529,1776408253000
1776408254.995,254.995,0.98,424.36,0.97,793.1,0.99,1175.09,,,0.01,1177.17,,,0.02,414.36,0.03,798.1,0.01,0.01,2329.430529,1776408253000
1776408255.436,255.436,0.98,419.36,0.97,793.1,0.99,1170.06,,,0.01,1175.09,,,0.02,424.36,0.03,793.1,0.01,0.01,2329.378073,1776408254000
1776408255.711,255.711,0.98,434.36,0.97,793.1,0.99,1128.78,,,0.01,1150.06,,,0.02,434.36,0.03,793.1,0.01,0.01,2329.378073,1776408254000
1776408255.937,255.937,0.98,429.36,0.97,793.1,0.99,1123.78,,,0.01,1128.78,,,0.02,434.36,0.03,793.1,0.01,0.01,2329.378073,1776408254000
1776408256.52,256.52,0.98,429.36,0.97,793.1,0.99,1093.78,,,0.01,1123.78,,,0.02,429.36,0.03,793.1,0.01,0.01,2329.360548,1776408255000
1776408258.116,258.116,0.98,434.36,0.97,815.1,0.99,1038.78,,,0.01,1083.78,,,0.02,429.36,0.03,815.1,0.01,0.01,2329.337899,1776408256000
1776408258.417,258.417,0.98,434.36,0.97,815.1,0.99,1003.78,,,0.01,1038.78,,,0.02,434.36,0.03,815.1,0.01,0.01,2329.33417,1776408257000
1776408258.754,258.754,0.98,419.36,0.97,815.1,0.99,1007.76,,,0.01,1003.78,,,0.02,434.36,0.03,815.1,0.01,0.01,2329.33417,1776408257000
1776408259.188,259.188,0.99,1624.48,0.98,392.38,,,,,,,,,0.01,1520.24,0.02,419.36,,,2329.33417,1776408257000
1776408259.946,259.946,0.99,1669.96,0.98,342.38,,,,,,,,,0.01,1618.94,0.02,342.38,,,2329.322917,1776408258000
1776408262.808,262.808,0.99,1767.66,0.98,286.38,,,,,,,,,0.01,1669.96,0.02,342.38,,,2329.336067,1776408261000
1776408264.939,264.939,0.99,6297.43,0.98,223.54,,,,,,,,,0.01,1767.72,0.02,286.38,,,2329.287812,1776408263000
1776408267.763,267.763,0.99,5213.52,0.98,223.54,,,,,,,,,0.01,6297.43,0.02,223.54,,,2329.759261,1776408266000
1776408273.942,273.942,0.99,5258.84,0.98,218.54,,,,,,,,,0.01,5213.52,0.02,223.54,,,2329.463083,1776408272000
1776408285.042,285.042,0.99,6926.99,0.98,79.0,,,,,,,,,0.01,5253.84,0.02,218.54,,,2329.668152,1776408283000
