timestamp,elapsed_sec,up_bid_p1,up_bid_s1,up_bid_p2,up_bid_s2,up_ask_p1,up_ask_s1,up_ask_p2,up_ask_s2,down_bid_p1,down_bid_s1,down_bid_p2,down_bid_s2,down_ask_p1,down_ask_s1,down_ask_p2,down_ask_s2,up_spread,down_spread,eth_price,eth_oracle_ts
1776360000.565,0.565,0.5,5.0,0.49,76.0,0.51,155.76,0.53,5.0,0.49,160.76,0.47,5.0,0.5,5.0,0.51,6.0,0.01,0.01,2318.19842,1776359999000
1776360001.089,1.089,0.5,40.57,0.49,146.0,0.51,122.46,0.53,5.0,0.49,124.43,0.47,5.0,0.5,5.0,0.51,146.0,0.01,0.01,2318.19842,1776359999000
1776360001.659,1.659,0.5,45.57,0.49,146.0,0.51,116.55,0.53,5.0,0.49,118.52,0.47,5.0,0.5,40.57,0.51,146.0,0.01,0.01,2318.466122,1776360000000
1776360001.995,1.995,0.5,40.57,0.49,286.0,0.51,103.61,0.53,5.0,0.49,103.61,0.47,5.0,0.5,45.57,0.51,216.0,0.01,0.01,2318.466122,1776360000000
1776360002.531,2.531,0.5,38.41,0.49,286.0,0.51,96.19,0.53,5.0,0.49,96.19,0.47,5.0,0.5,40.57,0.51,286.0,0.01,0.01,2319.057042,1776360001000
1776360003.237,3.237,0.5,123.41,0.49,286.0,0.51,89.22,0.53,5.0,0.49,91.19,0.47,5.0,0.5,38.41,0.51,286.0,0.01,0.01,2319.682436,1776360002000
1776360003.446,3.446,0.52,15.0,0.51,60.0,0.53,1.26,0.55,8.88,0.47,5.0,0.45,8.88,0.5,133.41,0.51,296.0,0.01,0.03,2319.682436,1776360002000
1776360003.658,3.658,0.59,4.0,0.55,5.76,0.6,80.0,0.61,70.0,0.4,80.0,0.39,70.0,0.45,5.76,0.46,15.0,0.01,0.05,2319.682436,1776360002000
1776360003.871,3.871,0.59,4.0,0.58,10.0,0.6,83.16,0.61,70.0,0.4,80.0,0.39,70.0,0.41,4.0,0.45,5.76,0.01,0.01,2319.682436,1776360002000
1776360004.637,4.637,0.58,8.64,0.57,10.0,0.6,93.16,0.61,130.0,0.4,83.16,0.39,70.0,0.42,7.0,0.43,15.0,0.02,0.02,2319.704446,1776360003000
1776360005.043,5.043,0.58,20.0,0.57,15.0,0.59,5.0,0.6,93.16,0.4,93.16,0.39,130.0,0.42,8.64,0.43,10.0,0.01,0.02,2319.704446,1776360003000
1776360005.387,5.387,0.59,10.0,0.58,15.0,0.6,77.16,0.61,70.0,0.41,5.0,0.4,93.16,0.42,20.0,0.43,15.0,0.01,0.01,2319.704446,1776360003000
1776360005.592,5.592,0.59,10.0,0.58,15.0,0.6,83.84,0.61,70.0,0.4,77.16,0.39,70.0,0.41,10.0,0.42,15.0,0.01,0.01,2319.793414,1776360004000
1776360005.828,5.828,0.59,5.0,0.58,15.0,0.6,83.84,0.61,70.0,0.4,83.84,0.39,70.0,0.41,10.0,0.42,15.0,0.01,0.01,2319.793414,1776360004000
1776360006.305,6.305,0.59,105.0,0.58,115.0,0.6,78.84,0.61,175.0,0.4,83.84,0.39,70.0,0.41,5.0,0.42,15.0,0.01,0.01,2319.77,1776360005000
1776360006.713,6.713,0.59,149.2,0.58,145.0,0.6,63.84,0.61,70.0,0.4,78.84,0.39,175.0,0.41,105.0,0.42,115.0,0.01,0.01,2319.77,1776360005000
1776360007.1,7.1,0.59,105.0,0.58,145.0,0.6,56.72,0.61,85.0,0.4,58.72,0.39,70.0,0.41,149.2,0.42,145.0,0.01,0.01,2319.77,1776360005000
1776360007.776,7.776,0.59,105.0,0.58,145.0,0.6,51.72,0.61,75.0,0.4,56.72,0.39,85.0,0.41,105.0,0.42,145.0,0.01,0.01,2319.694486,1776360006000
1776360008.186,8.186,0.59,110.0,0.58,140.0,0.6,46.72,0.61,75.0,0.4,51.72,0.39,75.0,0.41,105.0,0.42,145.0,0.01,0.01,2319.651809,1776360007000
1776360008.989,8.989,0.59,115.0,0.58,140.0,0.6,41.72,0.61,80.0,0.4,46.72,0.39,75.0,0.41,110.0,0.42,140.0,0.01,0.01,2319.651809,1776360007000
1776360009.246,9.246,0.59,110.5,0.58,115.0,0.6,107.22,0.61,190.0,0.4,41.72,0.39,80.0,0.41,115.0,0.42,140.0,0.01,0.01,2319.74339,1776360008000
1776360009.482,9.482,0.59,25.5,0.58,15.0,0.6,92.22,0.61,185.0,0.4,107.22,0.39,190.0,0.41,110.5,0.42,115.0,0.01,0.01,2319.74339,1776360008000
1776360009.793,9.793,0.59,23.06,0.58,15.0,0.6,51.72,0.61,195.0,0.4,92.22,0.39,185.0,0.41,25.5,0.42,15.0,0.01,0.01,2319.74339,1776360008000
1776360010.283,10.283,0.59,33.06,0.58,15.0,0.6,83.4,0.61,200.0,0.4,51.72,0.39,195.0,0.41,23.06,0.42,15.0,0.01,0.01,2319.7984,1776360009000
1776360010.625,10.625,0.59,33.06,0.58,15.0,0.6,48.4,0.61,180.0,0.4,83.4,0.39,200.0,0.41,33.06,0.42,15.0,0.01,0.01,2319.7984,1776360009000
1776360011.003,11.003,0.59,5.0,0.58,25.5,0.6,231.9,0.61,265.5,0.4,46.4,0.39,190.5,0.41,33.06,0.42,15.0,0.01,0.01,2319.7984,1776360009000
1776360011.548,11.548,0.57,10.5,0.56,15.5,0.58,7.75,0.59,164.5,0.4,201.9,0.39,265.5,0.41,2.0,0.42,15.0,0.01,0.01,2319.778047,1776360010000
1776360011.969,11.969,0.56,1.18,0.55,10.76,0.57,20.0,0.58,32.75,0.42,12.75,0.41,150.5,0.43,8.87,0.44,20.5,0.01,0.01,2319.778047,1776360010000
1776360012.91,12.91,0.56,15.0,0.55,67.2,0.57,207.0,0.58,80.0,0.43,20.0,0.42,218.25,0.45,20.19,0.46,68.52,0.01,0.02,2319.670765,1776360011000
1776360013.158,13.158,0.56,60.88,0.55,67.2,0.57,202.0,0.58,80.0,0.43,207.0,0.42,80.0,0.44,30.38,0.45,67.2,0.01,0.01,2319.670765,1776360011000
1776360013.899,13.899,0.56,96.68,0.55,102.2,0.57,200.24,0.58,80.0,0.43,202.0,0.42,80.0,0.44,60.88,0.45,67.2,0.01,0.01,2319.556503,1776360012000
1776360014.206,14.206,0.56,96.68,0.55,102.2,0.57,196.38,0.58,80.0,0.43,200.24,0.42,80.0,0.44,96.68,0.45,102.2,0.01,0.01,2319.556503,1776360012000
1776360014.725,14.725,0.56,61.68,0.55,127.2,0.57,198.74,0.58,90.5,0.43,196.38,0.42,80.0,0.44,96.68,0.45,102.2,0.01,0.01,2319.366615,1776360013000
1776360015.006,15.006,0.56,45.45,0.55,90.19,0.57,229.24,0.58,110.5,0.43,229.24,0.42,110.5,0.44,48.45,0.45,90.19,0.01,0.01,2319.366615,1776360013000
1776360015.477,15.477,0.56,55.45,0.55,96.19,0.57,184.4,0.58,100.5,0.43,229.24,0.42,110.5,0.44,45.45,0.45,90.19,0.01,0.01,2319.456554,1776360014000
1776360015.929,15.929,0.56,53.17,0.55,96.19,0.57,164.24,0.58,100.5,0.43,164.24,0.42,100.5,0.44,55.45,0.45,96.19,0.01,0.01,2319.456554,1776360014000
1776360016.159,16.159,0.56,30.0,0.55,96.19,0.57,158.49,0.58,100.5,0.43,162.48,0.42,100.5,0.44,48.62,0.45,96.19,0.01,0.01,2319.631365,1776360015000
1776360017.153,17.153,0.56,17.72,0.55,60.69,0.57,178.99,0.58,110.5,0.43,158.49,0.42,100.5,0.44,30.0,0.45,96.19,0.01,0.01,2319.631365,1776360015000
1776360017.772,17.772,0.56,10.0,0.55,50.69,0.57,221.23,0.58,105.5,0.43,178.99,0.42,110.5,0.44,17.72,0.45,60.69,0.01,0.01,2319.494493,1776360016000
1776360018.959,18.959,0.55,50.76,0.54,101.5,0.56,20.5,0.57,287.14,0.43,201.14,0.42,105.5,0.44,10.0,0.45,50.69,0.01,0.01,2319.46565,1776360017000
1776360019.489,19.489,0.56,41.92,0.55,56.76,0.57,157.14,0.58,200.5,0.44,20.5,0.43,287.14,0.45,50.76,0.46,101.5,0.01,0.01,2319.452704,1776360018000
1776360019.976,19.976,0.56,54.22,0.55,92.26,0.57,131.64,0.58,90.0,0.43,157.14,0.42,200.5,0.44,41.92,0.45,56.76,0.01,0.01,2319.452704,1776360018000
1776360020.457,20.457,0.56,84.22,0.55,92.26,0.57,20.0,0.58,20.0,0.43,128.64,0.42,90.0,0.44,54.22,0.45,92.26,0.01,0.01,2319.276447,1776360019000
1776360021.082,21.082,0.56,91.78,0.55,92.26,0.57,61.13,0.58,10.5,0.43,18.24,0.41,20.5,0.44,84.22,0.45,92.26,0.01,0.01,2319.276447,1776360019000
1776360022.048,22.048,0.56,7.0,0.55,58.96,0.57,36.63,0.58,20.5,0.43,61.13,0.42,10.5,0.44,91.78,0.45,92.26,0.01,0.01,2319.291901,1776360020000
1776360023.259,23.259,0.56,27.0,0.55,56.76,0.57,78.63,0.58,20.5,0.43,36.63,0.42,20.5,0.44,7.0,0.45,58.96,0.01,0.01,2319.462809,1776360022000
1776360024.666,24.666,0.54,95.0,0.53,29.29,0.56,254.5,0.57,270.5,0.43,78.63,0.42,20.5,0.44,27.0,0.45,56.76,0.02,0.01,2319.374386,1776360023000
1776360024.909,24.909,0.5,104.36,0.49,22.09,0.55,238.5,0.56,275.5,0.45,238.5,0.44,275.5,0.5,104.36,0.51,22.09,0.05,0.05,2319.374386,1776360023000
1776360025.421,25.421,0.49,20.25,0.48,70.42,0.5,94.0,0.51,180.0,0.5,97.0,0.49,180.0,0.51,9.75,0.52,70.42,0.01,0.01,2319.325468,1776360024000
1776360025.888,25.888,0.49,7.0,0.48,80.84,0.5,86.0,0.51,240.0,0.5,94.0,0.49,180.0,0.51,16.31,0.52,80.84,0.01,0.01,2319.325468,1776360024000
1776360026.711,26.711,0.49,4.96,0.48,70.42,0.5,117.0,0.51,240.0,0.5,86.0,0.49,240.0,0.51,7.0,0.52,80.84,0.01,0.01,2319.16596,1776360025000
1776360027.556,27.556,0.49,4.96,0.48,25.84,0.5,225.5,0.51,250.5,0.5,117.0,0.49,240.0,0.51,4.96,0.52,70.42,0.01,0.01,2319.16596,1776360025000
1776360027.813,27.813,0.48,29.84,0.47,21.28,0.49,31.0,0.5,218.5,0.5,225.5,0.49,250.5,0.51,4.96,0.52,25.84,0.01,0.01,2319.16596,1776360025000
1776360028.111,28.111,0.48,39.49,0.47,21.28,0.49,17.0,0.5,230.5,0.51,26.0,0.5,218.5,0.52,19.84,0.53,21.28,0.01,0.01,2318.749357,1776360026000
1776360028.411,28.411,0.48,13.71,0.47,31.78,0.49,17.0,0.5,240.5,0.51,17.0,0.5,230.5,0.52,39.49,0.53,21.28,0.01,0.01,2318.703534,1776360027000
1776360028.708,28.708,0.48,4.69,0.47,21.28,0.49,10.63,0.5,225.5,0.51,17.0,0.5,240.5,0.52,4.69,0.53,21.28,0.01,0.01,2318.703534,1776360027000
1776360028.972,28.972,0.48,4.69,0.47,21.28,0.49,0.09,0.5,210.5,0.51,0.09,0.5,210.5,0.52,9.69,0.53,21.28,0.01,0.01,2318.703534,1776360027000
1776360029.425,29.425,0.46,132.24,0.45,32.24,0.49,15.0,0.5,240.5,0.51,0.09,0.5,210.5,0.52,4.69,0.53,21.28,0.03,0.01,2318.617945,1776360028000
1776360030.191,30.191,0.49,70.52,0.48,30.42,0.5,90.0,0.51,120.0,0.53,3.82,0.52,10.0,0.54,114.24,0.55,22.24,0.01,0.01,2318.617945,1776360028000
1776360030.411,30.411,0.49,86.34,0.48,30.42,0.5,76.88,0.51,120.0,0.5,86.88,0.49,120.0,0.51,86.34,0.52,20.0,0.01,0.01,2318.505623,1776360029000
1776360030.696,30.696,0.49,152.34,0.48,55.42,0.5,69.6,0.51,120.0,0.5,76.88,0.49,120.0,0.51,61.34,0.52,30.42,0.01,0.01,2318.505623,1776360029000
1776360030.996,30.996,0.49,208.55,0.48,55.42,0.5,67.6,0.51,120.0,0.5,69.6,0.49,120.0,0.51,152.34,0.52,55.42,0.01,0.01,2318.505623,1776360029000
1776360031.507,31.507,0.49,218.34,0.48,65.84,0.5,1.88,0.53,10.0,0.5,67.6,0.49,120.0,0.51,208.55,0.52,55.42,0.01,0.01,2318.478842,1776360030000
1776360031.836,31.836,0.54,10.0,0.53,10.0,0.55,67.83,0.56,10.0,0.45,75.0,0.44,10.0,0.51,218.34,0.52,65.84,0.01,0.06,2318.478842,1776360030000
1776360032.329,32.329,0.53,53.22,0.51,5.0,0.55,67.83,0.56,10.0,0.45,67.83,0.44,10.0,0.46,10.0,0.47,10.0,0.02,0.01,2318.566825,1776360031000
1776360032.973,32.973,0.54,15.0,0.53,68.22,0.55,92.01,0.56,75.0,0.45,67.83,0.44,10.0,0.47,53.22,0.49,5.0,0.01,0.02,2318.566825,1776360031000
1776360033.352,33.352,0.51,5.0,0.49,54.78,0.54,22.7,0.55,155.49,0.45,82.01,0.44,75.0,0.46,10.0,0.47,63.22,0.03,0.01,2318.960818,1776360032000
1776360033.582,33.582,0.49,29.78,0.47,223.65,0.52,47.0,0.53,30.64,0.48,21.02,0.47,20.0,0.49,10.0,0.5,10.5,0.03,0.01,2318.960818,1776360032000
1776360033.838,33.838,0.49,19.03,0.48,10.0,0.5,48.8,0.51,166.15,0.5,28.8,0.49,166.15,0.51,26.78,0.52,10.0,0.01,0.01,2318.960818,1776360032000
1776360034.208,34.208,0.49,17.06,0.47,128.65,0.5,17.8,0.51,136.15,0.5,48.8,0.49,166.15,0.51,19.03,0.52,10.0,0.01,0.01,2319.134415,1776360033000
1776360034.408,34.408,0.49,17.06,0.47,128.65,0.5,17.8,0.51,141.15,0.5,17.8,0.49,141.15,0.51,17.06,0.53,128.65,0.01,0.01,2319.134415,1776360033000
1776360034.771,34.771,0.49,9.11,0.47,104.15,0.5,44.3,0.51,201.65,0.5,17.8,0.49,141.15,0.51,17.06,0.53,128.65,0.01,0.01,2319.134415,1776360033000
1776360035.126,35.126,0.49,1.16,0.48,73.45,0.5,28.3,0.51,201.65,0.5,44.3,0.49,201.65,0.51,9.11,0.53,104.15,0.01,0.01,2319.056386,1776360034000
1776360035.653,35.653,0.49,6.16,0.48,103.95,0.5,8.0,0.51,191.65,0.5,28.3,0.49,201.65,0.51,1.16,0.52,73.45,0.01,0.01,2319.056386,1776360034000
1776360035.868,35.868,0.49,5.0,0.48,83.45,0.5,48.7,0.51,186.65,0.5,8.0,0.49,191.65,0.51,6.16,0.52,103.95,0.01,0.01,2319.056386,1776360034000
1776360036.409,36.409,0.5,136.7,0.49,60.71,0.51,113.32,0.52,5.0,0.51,12.95,0.5,153.7,0.52,88.45,0.53,114.15,0.01,0.01,2318.7322,1776360035000
1776360036.654,36.654,0.5,136.1,0.49,50.5,0.51,118.32,0.52,30.0,0.49,123.32,0.48,5.0,0.5,115.1,0.51,70.92,0.01,0.01,2318.7322,1776360035000
1776360037.295,37.295,0.5,165.63,0.49,60.71,0.51,116.35,0.52,30.0,0.49,118.32,0.48,30.0,0.5,136.1,0.51,50.5,0.01,0.01,2318.657835,1776360036000
1776360037.577,37.577,0.5,165.63,0.49,50.5,0.51,111.35,0.52,30.0,0.49,116.35,0.48,30.0,0.5,165.63,0.51,60.71,0.01,0.01,2318.657835,1776360036000
1776360037.995,37.995,0.5,165.63,0.49,60.71,0.51,108.17,0.52,30.0,0.49,111.35,0.48,30.0,0.5,165.63,0.51,50.5,0.01,0.01,2318.657835,1776360036000
1776360038.342,38.342,0.5,170.63,0.49,45.5,0.51,88.05,0.52,30.0,0.49,105.05,0.48,30.0,0.5,165.63,0.51,60.71,0.01,0.01,2318.910713,1776360037000
1776360042.422,42.422,0.5,163.75,0.49,89.72,0.51,79.2,0.52,30.0,0.49,84.2,0.48,30.0,0.5,150.63,0.51,45.5,0.01,0.01,2318.903946,1776360040000
1776360043.748,43.748,0.52,107.1,0.51,35.31,0.53,3.11,0.55,25.0,0.49,79.2,0.48,30.0,0.5,163.75,0.51,89.72,0.01,0.01,2318.93763,1776360042000
1776360044.459,44.459,0.56,90.0,0.55,20.0,0.57,155.5,0.58,170.0,0.43,180.0,0.42,175.0,0.48,184.48,0.49,25.5,0.01,0.05,2318.899505,1776360043000
1776360044.832,44.832,0.56,80.0,0.55,15.0,0.57,72.86,0.58,170.0,0.43,155.5,0.42,170.0,0.44,90.0,0.45,20.0,0.01,0.01,2318.899505,1776360043000
1776360045.166,45.166,0.56,85.0,0.55,30.5,0.57,75.22,0.58,220.0,0.43,72.86,0.42,170.0,0.44,80.0,0.45,15.0,0.01,0.01,2318.899505,1776360043000
1776360045.505,45.505,0.56,131.94,0.55,50.5,0.57,70.42,0.58,180.5,0.43,70.42,0.42,170.0,0.44,93.22,0.45,25.5,0.01,0.01,2318.936009,1776360044000
1776360045.886,45.886,0.56,183.94,0.55,50.5,0.57,31.92,0.58,170.0,0.43,35.33,0.42,180.5,0.44,138.94,0.45,50.5,0.01,0.01,2318.936009,1776360044000
1776360046.655,46.655,0.56,192.47,0.55,160.5,0.57,18.92,0.58,100.0,0.43,31.92,0.42,170.0,0.44,158.27,0.45,50.5,0.01,0.01,2319.30315,1776360045000
1776360046.866,46.866,0.58,101.01,0.57,80.5,0.59,10.0,0.6,70.0,0.42,100.0,0.41,20.0,0.44,192.47,0.45,160.5,0.01,0.02,2319.30315,1776360045000
1776360047.158,47.158,0.58,219.33,0.57,65.5,0.59,6.06,0.6,70.0,0.41,10.0,0.4,70.0,0.42,101.01,0.43,80.5,0.01,0.01,2319.30315,1776360045000
1776360047.471,47.471,0.58,219.33,0.57,65.5,0.59,2.12,0.6,70.0,0.41,6.06,0.4,70.0,0.42,219.33,0.43,65.5,0.01,0.01,2319.42047,1776360046000
1776360047.97,47.97,0.59,156.7,0.58,197.33,0.61,17.0,0.62,130.0,0.4,70.0,0.39,20.0,0.42,265.33,0.43,60.5,0.02,0.02,2319.45496,1776360047000
1776360048.42,48.42,0.6,197.5,0.59,90.5,0.61,15.36,0.62,130.0,0.39,17.0,0.38,130.0,0.41,156.7,0.42,197.33,0.01,0.02,2319.45496,1776360047000
1776360048.721,48.721,0.6,157.5,0.59,85.5,0.61,16.42,0.62,130.0,0.39,15.36,0.38,130.0,0.4,197.5,0.41,90.5,0.01,0.01,2319.45496,1776360047000
1776360049.195,49.195,0.6,201.92,0.59,55.5,0.61,16.42,0.62,155.0,0.39,16.42,0.38,130.0,0.4,137.5,0.41,85.5,0.01,0.01,2319.804355,1776360048000
1776360049.614,49.614,0.6,226.12,0.59,55.5,0.61,6.42,0.62,130.0,0.39,16.42,0.38,155.0,0.4,201.92,0.41,55.5,0.01,0.01,2319.804355,1776360048000
1776360050.259,50.259,0.61,207.67,0.6,55.5,0.62,140.0,0.63,58.0,0.38,130.0,0.37,58.0,0.4,226.92,0.41,65.5,0.01,0.02,2320.112385,1776360049000
1776360050.547,50.547,0.61,182.03,0.6,45.5,0.62,130.0,0.63,58.0,0.38,140.0,0.37,58.0,0.39,207.67,0.4,55.5,0.01,0.01,2320.112385,1776360049000
1776360050.747,50.747,0.61,190.57,0.6,45.5,0.62,120.0,0.63,58.0,0.38,130.0,0.37,58.0,0.39,182.03,0.4,45.5,0.01,0.01,2320.112385,1776360049000
1776360051.37,51.37,0.61,193.0,0.6,45.5,0.62,6.2,0.63,58.0,0.38,120.0,0.37,58.0,0.39,188.0,0.4,45.5,0.01,0.01,2320.06906,1776360050000
1776360053.485,53.485,0.62,137.43,0.61,109.51,0.63,110.0,0.64,215.5,0.37,58.0,0.36,215.5,0.39,189.2,0.4,45.5,0.01,0.02,2320.212889,1776360052000
1776360054.332,54.332,0.62,237.59,0.61,109.51,0.63,40.76,0.64,180.0,0.37,110.0,0.36,215.5,0.38,137.43,0.39,109.51,0.01,0.01,2320.174476,1776360053000
1776360054.65,54.65,0.62,245.21,0.61,109.51,0.63,40.76,0.64,190.5,0.37,40.76,0.36,180.0,0.38,237.59,0.39,109.51,0.01,0.01,2320.174476,1776360053000
1776360055.007,55.007,0.62,435.21,0.61,299.51,0.63,8.33,0.64,110.0,0.37,40.76,0.36,190.5,0.38,245.21,0.39,109.51,0.01,0.01,2320.133756,1776360054000
1776360055.488,55.488,0.65,99.68,0.64,25.5,0.66,31.86,0.67,50.0,0.34,86.86,0.33,50.0,0.35,23.27,0.36,60.5,0.01,0.01,2320.133756,1776360054000
1776360056.017,56.017,0.67,114.59,0.66,33.14,0.68,5.5,0.69,55.5,0.33,50.0,0.32,50.0,0.34,18.14,0.35,81.41,0.01,0.01,2320.133756,1776360054000
1776360056.319,56.319,0.67,94.59,0.66,28.14,0.68,44.55,0.69,55.5,0.32,5.5,0.31,55.5,0.33,94.59,0.34,33.14,0.01,0.01,2320.16,1776360055000
1776360056.78,56.78,0.67,94.59,0.66,34.14,0.68,2.14,0.69,55.5,0.32,44.55,0.31,55.5,0.33,94.59,0.34,28.14,0.01,0.01,2320.16,1776360055000
1776360057.041,57.041,0.67,100.0,0.66,34.14,0.68,0.52,0.69,30.5,0.32,2.14,0.31,55.5,0.33,100.0,0.34,34.14,0.01,0.01,2320.16,1776360055000
1776360057.342,57.342,0.67,106.0,0.66,44.64,0.68,4.5,0.69,30.5,0.32,0.52,0.31,30.5,0.33,100.0,0.34,34.14,0.01,0.01,2320.16,1776360055000
1776360057.567,57.567,0.67,150.5,0.66,44.64,0.68,2.88,0.69,20.5,0.32,4.5,0.31,30.5,0.33,106.0,0.34,44.64,0.01,0.01,2320.7979,1776360056000
1776360057.767,57.767,0.68,32.0,0.67,164.5,0.69,18.9,0.7,100.0,0.32,2.88,0.31,20.5,0.33,150.5,0.34,44.64,0.01,0.01,2320.7979,1776360056000
1776360058.013,58.013,0.68,156.92,0.67,65.0,0.69,137.45,0.7,224.0,0.31,18.9,0.3,100.0,0.32,45.95,0.33,164.5,0.01,0.01,2320.7979,1776360056000
1776360058.244,58.244,0.67,10.0,0.66,59.14,0.69,134.5,0.7,205.0,0.31,127.5,0.3,205.0,0.32,28.0,0.33,55.0,0.02,0.01,2320.795672,1776360057000
1776360058.544,58.544,0.68,11.09,0.67,10.0,0.69,134.5,0.7,200.0,0.31,139.5,0.3,205.0,0.32,6.25,0.33,14.0,0.01,0.01,2320.795672,1776360057000
1776360058.927,58.927,0.66,15.19,0.65,20.0,0.68,5.0,0.69,135.5,0.31,134.5,0.3,200.0,0.32,11.09,0.33,10.0,0.02,0.01,2320.795672,1776360057000
1776360059.236,59.236,0.65,20.0,0.64,15.0,0.66,40.0,0.67,88.0,0.32,112.0,0.31,161.5,0.35,20.0,0.36,15.0,0.01,0.03,2320.795672,1776360057000
1776360059.52,59.52,0.65,12.14,0.64,10.0,0.66,45.0,0.67,48.0,0.34,50.0,0.33,81.0,0.35,12.14,0.36,15.0,0.01,0.01,2320.795672,1776360057000
1776360060.279,60.279,0.65,2.14,0.63,50.0,0.66,78.87,0.67,169.5,0.34,38.37,0.33,48.0,0.35,12.14,0.36,10.0,0.01,0.01,2320.61645,1776360059000
1776360060.523,60.523,0.63,50.0,0.62,98.65,0.64,68.93,0.65,230.42,0.35,79.42,0.34,67.04,0.37,50.0,0.38,93.65,0.01,0.02,2320.61645,1776360059000
1776360060.869,60.869,0.63,50.0,0.62,123.65,0.64,92.85,0.65,230.42,0.36,68.93,0.35,230.42,0.37,50.0,0.38,98.65,0.01,0.01,2320.61645,1776360059000
1776360061.379,61.379,0.62,118.65,0.6,8.33,0.63,62.54,0.64,244.85,0.37,20.5,0.36,231.85,0.38,118.65,0.39,10.0,0.01,0.01,2320.61645,1776360059000
1776360062.455,62.455,0.62,115.49,0.6,85.0,0.63,27.54,0.64,107.5,0.37,62.54,0.36,236.85,0.38,105.49,0.4,8.33,0.01,0.01,2320.313752,1776360060000
1776360063.571,63.571,0.62,49.55,0.61,104.05,0.63,7.08,0.64,107.5,0.37,27.54,0.36,107.5,0.38,109.49,0.4,85.0,0.01,0.01,2319.995049,1776360062000
1776360064.131,64.131,0.63,211.91,0.62,74.55,0.64,68.43,0.65,70.0,0.36,102.5,0.35,99.42,0.38,56.55,0.39,104.05,0.01,0.02,2319.897766,1776360063000
1776360064.336,64.336,0.63,263.11,0.62,74.55,0.64,63.43,0.65,70.0,0.36,68.43,0.35,70.0,0.37,211.91,0.38,74.55,0.01,0.01,2319.897766,1776360063000
1776360064.573,64.573,0.63,403.91,0.62,74.55,0.65,5.5,0.67,18.0,0.36,43.76,0.35,70.0,0.37,283.91,0.38,74.55,0.02,0.01,2319.897766,1776360063000
1776360064.936,64.936,0.67,106.61,0.65,10.0,0.68,68.52,0.69,80.0,0.35,5.5,0.33,18.0,0.37,403.91,0.38,74.55,0.01,0.02,2319.897766,1776360063000
1776360065.174,65.174,0.67,126.61,0.66,10.0,0.68,65.56,0.69,109.0,0.32,67.04,0.31,109.0,0.33,126.61,0.34,10.0,0.01,0.01,2319.897766,1776360063000
1776360065.864,65.864,0.67,144.85,0.66,16.0,0.68,86.2,0.69,109.0,0.32,65.56,0.31,109.0,0.33,122.85,0.34,10.0,0.01,0.01,2319.96354,1776360064000
1776360066.303,66.303,0.67,127.85,0.66,16.0,0.68,68.76,0.69,114.5,0.32,84.72,0.31,109.0,0.33,144.85,0.34,16.0,0.01,0.01,2320.180667,1776360065000
1776360066.849,66.849,0.67,5.0,0.66,6.0,0.68,144.6,0.69,190.0,0.32,61.88,0.31,119.5,0.33,127.85,0.34,16.0,0.01,0.01,2320.180667,1776360065000
1776360067.117,67.117,0.66,6.0,0.65,54.93,0.68,91.6,0.69,200.0,0.32,144.6,0.31,190.0,0.33,5.0,0.34,6.0,0.02,0.01,2320.180667,1776360065000
1776360067.39,67.39,0.65,64.93,0.64,35.0,0.66,3.48,0.67,33.92,0.33,28.92,0.32,204.6,0.34,6.0,0.35,54.93,0.01,0.01,2320.180667,1776360065000
1776360068.627,68.627,0.66,90.2,0.65,20.0,0.67,48.92,0.68,200.6,0.34,3.48,0.33,33.92,0.35,64.93,0.36,35.0,0.01,0.01,2320.345092,1776360067000
1776360069.528,69.528,0.67,147.1,0.66,65.5,0.68,70.26,0.69,119.0,0.33,48.92,0.32,200.6,0.34,90.2,0.35,20.0,0.01,0.01,2320.345092,1776360067000
1776360069.842,69.842,0.67,35.0,0.66,60.5,0.68,68.64,0.69,119.0,0.32,70.26,0.31,119.0,0.33,147.1,0.34,65.5,0.01,0.01,2320.166035,1776360068000
1776360070.139,70.139,0.67,58.63,0.66,60.5,0.68,68.64,0.69,119.0,0.32,68.64,0.31,119.0,0.33,35.0,0.34,60.5,0.01,0.01,2320.166035,1776360068000
1776360070.653,70.653,0.67,58.63,0.66,60.5,0.68,64.57,0.69,119.0,0.32,68.64,0.31,119.0,0.33,58.63,0.34,60.5,0.01,0.01,2320.198629,1776360069000
1776360071.367,71.367,0.67,9.7,0.66,40.0,0.68,288.91,0.69,230.5,0.32,64.57,0.31,119.0,0.33,58.63,0.34,60.5,0.01,0.01,2320.198629,1776360069000
1776360072.131,72.131,0.64,5.0,0.63,130.0,0.65,146.5,0.66,196.0,0.33,170.5,0.32,180.34,0.35,20.0,0.36,50.0,0.01,0.02,2320.312716,1776360070000
1776360072.936,72.936,0.63,25.0,0.62,110.0,0.64,113.42,0.65,220.5,0.36,5.0,0.35,146.5,0.37,130.0,0.38,110.0,0.01,0.01,2320.307244,1776360071000
1776360073.336,73.336,0.63,25.0,0.62,115.0,0.64,116.73,0.65,195.5,0.36,113.42,0.35,220.5,0.37,25.0,0.38,110.0,0.01,0.01,2320.307244,1776360071000
1776360073.716,73.716,0.63,19.58,0.62,115.0,0.64,116.73,0.65,195.5,0.36,116.73,0.35,195.5,0.37,22.29,0.38,115.0,0.01,0.01,2320.307244,1776360071000
1776360073.994,73.994,0.63,19.58,0.62,115.0,0.64,141.04,0.65,185.0,0.36,116.73,0.35,195.5,0.37,19.58,0.38,115.0,0.01,0.01,2320.307244,1776360071000
1776360074.35,74.35,0.63,14.58,0.62,110.0,0.64,33.5,0.65,110.0,0.36,128.84,0.35,185.0,0.37,19.58,0.38,115.0,0.01,0.01,2320.307244,1776360071000
1776360077.253,77.253,0.59,109.2,0.58,108.21,0.6,9.71,0.61,170.0,0.36,31.93,0.35,110.0,0.37,10.0,0.38,110.0,0.01,0.01,2319.675024,1776360076000
1776360077.764,77.764,0.59,85.0,0.58,123.21,0.6,45.7,0.61,190.0,0.4,9.71,0.39,170.0,0.41,109.2,0.42,108.21,0.01,0.01,2319.675024,1776360076000
1776360078.474,78.474,0.59,35.0,0.58,123.21,0.6,47.5,0.61,195.5,0.4,45.7,0.39,190.0,0.41,85.0,0.42,123.21,0.01,0.01,2319.444532,1776360077000
1776360080.43,80.43,0.53,143.16,0.52,119.24,0.57,11.62,0.58,21.34,0.4,47.5,0.39,195.5,0.41,35.0,0.42,123.21,0.04,0.01,2319.263614,1776360079000
1776360081.083,81.083,0.52,89.04,0.51,175.0,0.53,117.66,0.54,115.0,0.43,11.62,0.42,36.34,0.48,106.27,0.49,294.62,0.01,0.05,2319.263614,1776360079000
1776360081.679,81.679,0.52,115.7,0.51,175.0,0.53,65.98,0.54,180.0,0.47,102.98,0.46,180.0,0.48,89.04,0.49,175.0,0.01,0.01,2319.214504,1776360080000
1776360082.242,82.242,0.52,134.94,0.51,175.0,0.53,64.09,0.54,180.0,0.47,65.98,0.46,180.0,0.48,115.7,0.49,175.0,0.01,0.01,2319.166206,1776360081000
1776360083.543,83.543,0.52,163.73,0.51,254.62,0.53,33.25,0.54,70.0,0.47,64.09,0.46,180.0,0.48,131.73,0.49,184.81,0.01,0.01,2318.812712,1776360082000
1776360083.865,83.865,0.53,88.5,0.52,125.73,0.54,73.14,0.55,20.0,0.46,75.0,0.45,20.0,0.47,5.0,0.48,163.73,0.01,0.01,2318.812712,1776360082000
1776360084.18,84.18,0.53,108.5,0.52,150.73,0.54,71.28,0.55,20.0,0.46,73.14,0.45,20.0,0.47,88.5,0.48,125.73,0.01,0.01,2318.812712,1776360082000
1776360085.377,85.377,0.53,95.32,0.52,41.0,0.54,193.28,0.55,120.0,0.46,71.28,0.45,20.0,0.47,108.5,0.48,150.73,0.01,0.01,2318.81952,1776360084000
1776360085.804,85.804,0.53,11.04,0.52,41.0,0.54,191.42,0.55,120.0,0.46,193.28,0.45,120.0,0.47,95.32,0.48,41.0,0.01,0.01,2318.81952,1776360084000
1776360086.083,86.083,0.52,35.0,0.51,200.0,0.54,248.42,0.55,150.0,0.46,191.42,0.45,120.0,0.47,11.04,0.48,41.0,0.02,0.01,2318.81952,1776360084000
1776360087.364,87.364,0.5,86.5,0.49,30.5,0.51,68.03,0.52,30.0,0.48,148.07,0.47,157.0,0.49,75.0,0.5,81.0,0.01,0.01,2318.804895,1776360086000
1776360087.627,87.627,0.5,96.5,0.49,35.5,0.51,71.06,0.52,25.0,0.49,68.03,0.48,30.0,0.5,86.5,0.51,30.5,0.01,0.01,2318.804895,1776360086000
1776360088.378,88.378,0.5,101.26,0.49,40.5,0.51,69.09,0.52,30.0,0.49,71.06,0.48,25.0,0.5,96.5,0.51,35.5,0.01,0.01,2318.743936,1776360087000
1776360089.192,89.192,0.5,10.0,0.49,27.0,0.51,71.09,0.52,35.59,0.49,69.09,0.48,30.0,0.5,101.26,0.51,40.5,0.01,0.01,2318.743936,1776360087000
1776360089.709,89.709,0.5,8.0,0.49,15.5,0.51,71.09,0.52,42.47,0.49,71.09,0.48,35.59,0.5,10.0,0.51,27.0,0.01,0.01,2318.565272,1776360088000
1776360090.193,90.193,0.5,2.82,0.48,47.5,0.51,71.09,0.52,25.0,0.49,71.09,0.48,42.47,0.5,8.0,0.51,15.5,0.01,0.01,2318.565272,1776360088000
1776360094.073,94.073,0.5,12.82,0.49,8.0,0.51,89.12,0.52,53.59,0.49,71.09,0.48,25.0,0.5,2.82,0.52,47.5,0.01,0.01,2318.450465,1776360092000
1776360094.558,94.558,0.48,25.0,0.46,60.0,0.5,102.0,0.51,148.67,0.49,89.12,0.48,53.59,0.5,8.82,0.51,8.0,0.02,0.01,2318.489296,1776360093000
1776360095.913,95.913,0.44,21.17,0.43,55.0,0.45,41.1,0.46,75.0,0.5,102.0,0.49,148.67,0.52,25.0,0.54,60.0,0.01,0.02,2318.49209,1776360094000
1776360096.205,96.205,0.45,26.75,0.44,23.17,0.46,89.06,0.47,113.88,0.54,10.54,0.53,104.44,0.56,26.17,0.57,55.0,0.01,0.02,2318.49209,1776360094000
1776360096.467,96.467,0.44,12.17,0.43,55.0,0.45,15.0,0.46,70.54,0.54,89.06,0.53,113.88,0.55,7.05,0.56,23.17,0.01,0.01,2318.41465,1776360095000
1776360096.737,96.737,0.44,39.24,0.43,50.0,0.45,15.0,0.46,70.54,0.55,15.0,0.54,70.54,0.56,8.24,0.57,50.0,0.01,0.01,2318.41465,1776360095000
1776360097.589,97.589,0.45,201.0,0.44,26.37,0.47,10.0,0.48,20.0,0.55,15.0,0.54,70.54,0.56,11.38,0.57,50.0,0.02,0.01,2318.213093,1776360096000
1776360098.307,98.307,0.48,52.07,0.47,23.65,0.49,15.0,0.5,40.59,0.51,19.83,0.5,35.5,0.53,11.65,0.54,273.0,0.01,0.02,2318.170109,1776360097000
1776360098.559,98.559,0.48,30.42,0.47,23.65,0.49,12.95,0.5,35.5,0.51,12.95,0.5,35.5,0.52,52.07,0.53,23.65,0.01,0.01,2318.170109,1776360097000
1776360099.079,99.079,0.48,31.0,0.47,23.65,0.49,10.9,0.5,25.5,0.51,12.95,0.5,35.5,0.52,30.42,0.53,23.65,0.01,0.01,2318.184496,1776360098000
1776360100.748,100.748,0.48,10.0,0.46,134.5,0.49,73.95,0.5,101.5,0.51,10.9,0.5,25.5,0.52,31.0,0.53,23.65,0.01,0.01,2318.244233,1776360099000
1776360101.349,101.349,0.46,176.14,0.45,7.0,0.47,20.0,0.48,20.0,0.51,53.45,0.5,101.5,0.52,3.32,0.53,10.5,0.01,0.01,2318.373562,1776360100000
1776360101.888,101.888,0.46,196.14,0.45,7.0,0.47,17.87,0.48,25.0,0.53,20.0,0.52,20.0,0.54,176.14,0.55,7.0,0.01,0.01,2318.373562,1776360100000
1776360103.995,103.995,0.46,156.14,0.45,7.0,0.47,15.69,0.48,20.0,0.53,17.87,0.52,25.0,0.54,196.14,0.55,7.0,0.01,0.01,2318.254644,1776360102000
1776360105.848,105.848,0.48,103.41,0.47,37.5,0.49,15.0,0.5,85.0,0.53,15.69,0.52,20.0,0.54,156.14,0.55,7.0,0.01,0.01,2318.195932,1776360104000
1776360106.244,106.244,0.5,153.7,0.49,165.5,0.51,20.0,0.52,15.09,0.5,64.0,0.49,35.0,0.51,132.7,0.52,40.5,0.01,0.01,2318.183829,1776360105000
1776360106.626,106.626,0.53,41.5,0.52,25.5,0.56,58.0,0.58,75.0,0.47,10.0,0.46,43.0,0.5,183.2,0.51,165.5,0.03,0.03,2318.183829,1776360105000
1776360107.785,107.785,0.52,5.0,0.51,50.5,0.54,15.0,0.55,85.0,0.44,58.0,0.42,75.0,0.47,41.5,0.48,25.5,0.02,0.03,2318.182202,1776360106000
1776360108.036,108.036,0.51,20.76,0.5,150.5,0.53,34.2,0.54,15.0,0.46,15.0,0.45,85.0,0.48,5.0,0.49,50.5,0.02,0.02,2318.182202,1776360106000
1776360108.839,108.839,0.54,172.04,0.53,15.0,0.55,64.0,0.56,170.5,0.47,54.2,0.46,15.0,0.51,130.11,0.52,45.0,0.01,0.04,2318.753688,1776360107000
1776360109.136,109.136,0.54,230.0,0.53,20.5,0.55,60.07,0.56,50.0,0.45,64.0,0.44,170.5,0.46,172.04,0.47,15.0,0.01,0.01,2318.753688,1776360107000
1776360109.452,109.452,0.54,194.0,0.53,35.5,0.55,59.07,0.56,80.5,0.45,60.07,0.44,50.0,0.46,230.0,0.47,20.5,0.01,0.01,2319.005358,1776360108000
1776360112.212,112.212,0.57,64.0,0.56,25.5,0.59,130.5,0.6,172.0,0.45,59.07,0.44,80.5,0.46,194.0,0.47,35.5,0.02,0.01,2319.00734,1776360111000
1776360112.508,112.508,0.58,10.0,0.57,64.5,0.59,1.22,0.6,127.0,0.41,130.5,0.4,172.0,0.43,64.0,0.44,25.5,0.01,0.02,2319.00734,1776360111000
1776360112.81,112.81,0.58,20.0,0.57,10.0,0.59,0.83,0.6,137.5,0.4,137.5,0.39,275.1,0.42,44.0,0.43,10.0,0.01,0.02,2319.00734,1776360111000
1776360113.06,113.06,0.58,25.0,0.57,35.0,0.6,101.02,0.61,275.1,0.4,60.02,0.39,275.1,0.42,30.0,0.43,35.0,0.02,0.02,2319.08865,1776360112000
1776360113.623,113.623,0.59,17.56,0.58,20.0,0.6,64.52,0.61,295.6,0.4,70.02,0.39,275.1,0.42,25.0,0.43,30.0,0.01,0.02,2319.08865,1776360112000
1776360114.481,114.481,0.6,105.5,0.59,60.5,0.61,9.1,0.62,25.3,0.4,64.52,0.39,295.6,0.41,17.56,0.42,20.0,0.01,0.01,2319.171125,1776360113000
1776360114.778,114.778,0.61,209.5,0.6,240.5,0.63,118.0,0.64,70.0,0.38,18.3,0.37,168.0,0.39,134.2,0.4,60.5,0.02,0.01,2319.171125,1776360113000
1776360115.656,115.656,0.62,226.01,0.61,123.5,0.63,1.02,0.64,50.0,0.37,64.12,0.36,70.0,0.38,47.0,0.39,142.5,0.01,0.01,2319.172256,1776360114000
1776360117.319,117.319,0.62,276.01,0.61,113.5,0.65,85.0,0.66,110.0,0.37,1.02,0.36,50.0,0.38,226.01,0.39,123.5,0.03,0.01,2320.175815,1776360116000
1776360118.031,118.031,0.64,38.5,0.63,20.5,0.65,105.0,0.66,110.0,0.35,85.0,0.34,110.0,0.38,276.01,0.39,113.5,0.01,0.03,2320.175815,1776360116000
1776360118.7,118.7,0.62,20.0,0.61,63.0,0.63,8.41,0.64,129.0,0.35,105.0,0.34,110.0,0.36,38.5,0.37,20.5,0.01,0.01,2320.148877,1776360117000
1776360120.609,120.609,0.62,138.04,0.61,112.68,0.64,109.2,0.65,110.5,0.37,16.26,0.36,129.0,0.38,20.0,0.39,73.5,0.02,0.01,2319.81042,1776360119000
1776360121.009,121.009,0.62,88.04,0.61,92.68,0.63,16.35,0.64,31.2,0.37,11.35,0.36,109.2,0.38,128.04,0.39,102.68,0.01,0.01,2319.81042,1776360119000
1776360121.218,121.218,0.62,19.08,0.61,92.68,0.63,23.35,0.64,31.2,0.37,16.35,0.36,31.2,0.38,29.08,0.39,92.68,0.01,0.01,2319.81042,1776360119000
1776360121.42,121.42,0.61,29.96,0.6,10.0,0.62,25.5,0.63,18.35,0.38,25.5,0.37,23.35,0.39,42.15,0.4,10.0,0.01,0.01,2319.65011,1776360120000
1776360121.834,121.834,0.56,15.2,0.55,21.0,0.57,10.0,0.58,80.0,0.44,6.57,0.43,10.0,0.45,11.0,0.46,40.0,0.01,0.01,2319.65011,1776360120000
1776360122.163,122.163,0.55,27.58,0.54,55.6,0.57,8.24,0.58,85.0,0.43,8.24,0.42,80.0,0.45,21.0,0.46,45.1,0.02,0.02,2319.65011,1776360120000
1776360122.602,122.602,0.57,41.0,0.56,26.99,0.58,62.5,0.61,10.0,0.43,8.24,0.42,85.0,0.45,27.58,0.46,55.6,0.01,0.02,2319.6351,1776360121000
1776360122.923,122.923,0.6,43.0,0.59,15.0,0.61,3.19,0.62,20.0,0.42,51.44,0.39,10.0,0.43,41.0,0.44,26.99,0.01,0.01,2319.6351,1776360121000
1776360123.258,123.258,0.61,40.0,0.6,26.0,0.62,13.22,0.64,92.7,0.38,20.0,0.36,92.7,0.4,59.0,0.41,15.0,0.01,0.02,2319.6351,1776360121000
1776360123.529,123.529,0.63,46.0,0.62,10.0,0.64,77.0,0.65,75.0,0.38,9.43,0.36,92.7,0.39,45.0,0.4,116.55,0.01,0.01,2319.234155,1776360122000
1776360123.913,123.913,0.63,81.2,0.62,31.0,0.64,59.06,0.65,133.0,0.36,60.78,0.35,83.0,0.37,47.0,0.38,21.0,0.01,0.01,2319.234155,1776360122000
1776360124.138,124.138,0.63,62.0,0.62,41.5,0.64,38.79,0.65,133.0,0.36,53.07,0.35,133.0,0.37,81.2,0.38,41.5,0.01,0.01,2319.234155,1776360122000
1776360124.75,124.75,0.63,58.69,0.62,31.0,0.64,150.79,0.65,143.0,0.36,38.79,0.35,133.0,0.37,60.58,0.38,41.5,0.01,0.01,2319.287937,1776360123000
1776360125.072,125.072,0.62,10.0,0.61,15.0,0.63,88.79,0.64,100.02,0.36,150.79,0.35,143.0,0.37,58.69,0.38,31.0,0.01,0.01,2319.443665,1776360124000
1776360125.638,125.638,0.62,53.84,0.61,20.5,0.63,17.18,0.64,53.79,0.37,29.18,0.36,58.79,0.38,29.2,0.39,10.0,0.01,0.01,2319.443665,1776360124000
1776360126.248,126.248,0.62,52.0,0.61,25.5,0.63,14.06,0.64,38.79,0.37,17.18,0.36,53.79,0.38,53.84,0.39,20.5,0.01,0.01,2319.55707,1776360125000
1776360129.296,129.296,0.6,10.5,0.59,31.5,0.62,12.38,0.63,69.0,0.37,14.06,0.36,38.79,0.38,52.0,0.39,25.5,0.02,0.01,2319.530622,1776360128000
1776360131.062,131.062,0.61,22.0,0.6,26.0,0.62,10.0,0.63,20.0,0.38,12.38,0.37,69.0,0.4,10.5,0.41,31.5,0.01,0.02,2319.591287,1776360129000
1776360131.643,131.643,0.6,17.5,0.59,10.0,0.61,10.0,0.62,38.0,0.38,10.0,0.37,20.0,0.39,22.0,0.4,26.0,0.01,0.01,2319.591287,1776360129000
1776360131.883,131.883,0.6,10.0,0.59,10.0,0.61,20.09,0.62,25.0,0.39,10.0,0.38,38.0,0.4,17.5,0.41,10.0,0.01,0.01,2319.494379,1776360130000
1776360133.386,133.386,0.58,100.0,0.57,115.8,0.59,39.44,0.6,22.0,0.39,20.09,0.38,25.0,0.4,10.0,0.41,10.0,0.01,0.01,2319.4,1776360132000
1776360134.331,134.331,0.58,110.0,0.57,125.8,0.59,29.35,0.6,32.0,0.41,39.44,0.4,22.0,0.42,100.0,0.43,115.8,0.01,0.01,2319.279414,1776360133000
1776360136.16,136.16,0.58,134.0,0.57,136.3,0.59,7.98,0.6,92.0,0.41,29.35,0.4,32.0,0.42,110.0,0.43,125.8,0.01,0.01,2319.19873,1776360134000
1776360139.108,139.108,0.6,6.0,0.59,20.0,0.61,50.36,0.62,90.0,0.41,7.98,0.4,92.0,0.42,134.0,0.43,136.3,0.01,0.01,2319.602255,1776360138000
1776360140.322,140.322,0.61,38.0,0.6,28.0,0.62,63.72,0.63,15.0,0.39,30.36,0.38,90.0,0.41,20.0,0.42,160.5,0.01,0.02,2319.4271,1776360139000
1776360141.392,141.392,0.61,83.43,0.6,38.5,0.62,58.72,0.63,5.0,0.38,63.72,0.37,15.0,0.39,38.0,0.4,28.0,0.01,0.01,2319.4271,1776360139000
1776360142.226,142.226,0.6,15.0,0.59,25.5,0.61,37.0,0.62,96.72,0.38,58.72,0.37,5.0,0.39,83.43,0.4,38.5,0.01,0.01,2319.398867,1776360140000
1776360142.764,142.764,0.59,2.56,0.58,155.5,0.6,98.0,0.61,35.0,0.39,37.0,0.38,96.72,0.4,15.0,0.41,25.5,0.01,0.01,2319.407371,1776360141000
1776360143.867,143.867,0.55,10.35,0.54,155.0,0.59,72.0,0.6,76.16,0.4,94.66,0.39,35.0,0.41,2.56,0.42,150.0,0.04,0.01,2319.396944,1776360142000
1776360144.955,144.955,0.54,80.8,0.53,110.5,0.55,60.18,0.56,95.0,0.45,13.18,0.44,20.0,0.46,25.0,0.47,100.5,0.01,0.01,2319.320787,1776360143000
1776360146.028,146.028,0.54,18.0,0.53,110.5,0.55,31.36,0.56,85.0,0.45,60.18,0.44,95.0,0.46,80.8,0.47,110.5,0.01,0.01,2319.175291,1776360144000
1776360148.655,148.655,0.54,43.0,0.53,120.5,0.55,23.18,0.56,85.0,0.45,31.36,0.44,85.0,0.46,18.0,0.47,110.5,0.01,0.01,2318.85611,1776360147000
1776360149.619,149.619,0.54,47.13,0.53,130.5,0.55,10.0,0.56,95.0,0.45,17.9,0.44,85.0,0.46,43.0,0.47,120.5,0.01,0.01,2318.863409,1776360148000
1776360150.568,150.568,0.54,32.78,0.53,25.0,0.55,10.0,0.56,105.5,0.45,10.0,0.44,95.0,0.46,47.13,0.47,130.5,0.01,0.01,2318.873402,1776360149000
1776360151.465,151.465,0.52,185.72,0.51,155.5,0.53,10.0,0.54,95.0,0.45,10.0,0.44,105.5,0.46,32.78,0.47,25.0,0.01,0.01,2318.863722,1776360150000
1776360151.757,151.757,0.53,79.5,0.52,86.52,0.54,85.0,0.55,25.0,0.47,10.0,0.46,95.0,0.48,185.72,0.49,155.5,0.01,0.01,2318.863722,1776360150000
1776360153.459,153.459,0.52,48.02,0.51,145.5,0.54,134.0,0.55,40.5,0.46,85.0,0.45,25.0,0.47,79.5,0.48,86.52,0.02,0.01,2318.829431,1776360152000
1776360153.79,153.79,0.52,114.09,0.51,155.5,0.53,9.9,0.54,95.0,0.47,15.0,0.46,95.0,0.48,74.09,0.49,155.5,0.01,0.01,2318.829431,1776360152000
1776360154.206,154.206,0.52,132.0,0.51,155.5,0.53,9.9,0.54,90.0,0.47,9.9,0.46,95.0,0.48,114.09,0.49,155.5,0.01,0.01,2318.829431,1776360152000
1776360157.728,157.728,0.52,6.5,0.51,40.5,0.53,79.0,0.54,95.0,0.47,9.9,0.46,90.0,0.48,132.0,0.49,155.5,0.01,0.01,2318.786705,1776360156000
1776360158.259,158.259,0.52,21.25,0.51,40.5,0.53,79.0,0.54,95.0,0.47,79.0,0.46,95.0,0.48,6.5,0.49,40.5,0.01,0.01,2318.786705,1776360156000
1776360161.478,161.478,0.52,114.23,0.51,25.5,0.53,5.0,0.54,95.0,0.47,77.11,0.46,95.0,0.48,21.25,0.49,40.5,0.01,0.01,2318.769892,1776360160000
1776360162.729,162.729,0.5,20.0,0.48,95.0,0.51,59.29,0.52,10.0,0.47,5.0,0.46,95.0,0.48,114.23,0.49,25.5,0.01,0.01,2318.769892,1776360160000
1776360163.086,163.086,0.48,40.0,0.47,75.0,0.51,9.29,0.52,10.0,0.49,9.29,0.48,10.0,0.5,1.04,0.52,95.0,0.03,0.01,2318.775632,1776360161000
1776360163.349,163.349,0.48,36.82,0.47,75.0,0.51,26.29,0.52,10.0,0.49,9.29,0.48,10.0,0.52,40.0,0.53,75.0,0.03,0.03,2318.775632,1776360161000
1776360163.555,163.555,0.48,34.89,0.47,75.0,0.5,10.0,0.51,72.32,0.49,74.32,0.48,20.0,0.52,36.82,0.53,75.0,0.02,0.03,2318.772715,1776360162000
1776360163.856,163.856,0.49,29.0,0.48,62.89,0.5,55.4,0.51,30.0,0.5,64.04,0.49,14.29,0.51,10.0,0.52,49.89,0.01,0.01,2318.772715,1776360162000
1776360164.172,164.172,0.49,41.14,0.48,108.55,0.5,25.99,0.51,35.0,0.5,35.6,0.49,35.0,0.51,88.14,0.52,28.0,0.01,0.01,2318.772715,1776360162000
1776360164.473,164.473,0.49,61.29,0.48,108.55,0.5,25.99,0.51,35.0,0.5,20.99,0.49,35.0,0.51,51.14,0.52,108.55,0.01,0.01,2318.5873,1776360163000
1776360164.933,164.933,0.53,7.97,0.52,10.0,0.54,60.0,0.55,10.0,0.5,25.99,0.49,35.0,0.51,61.29,0.52,108.55,0.01,0.01,2318.5873,1776360163000
1776360165.291,165.291,0.53,130.33,0.52,10.0,0.54,60.0,0.55,10.0,0.46,60.0,0.45,10.0,0.47,7.97,0.48,10.0,0.01,0.01,2318.5873,1776360163000
1776360166.744,166.744,0.53,16.97,0.52,23.0,0.54,50.0,0.55,20.0,0.46,60.0,0.45,10.0,0.47,130.33,0.48,10.0,0.01,0.01,2318.7082,1776360165000
1776360167.577,167.577,0.5,33.07,0.49,5.0,0.54,81.74,0.55,54.24,0.46,50.0,0.45,20.0,0.47,16.97,0.48,23.0,0.04,0.01,2318.818695,1776360166000
1776360168.021,168.021,0.47,21.0,0.46,39.5,0.48,46.93,0.51,67.0,0.52,31.93,0.46,81.74,0.53,40.0,0.54,55.0,0.01,0.01,2318.818695,1776360166000
1776360168.421,168.421,0.46,14.5,0.45,130.0,0.48,39.99,0.49,10.0,0.52,46.93,0.49,67.0,0.53,21.0,0.54,39.5,0.02,0.01,2318.827696,1776360167000
1776360169.019,169.019,0.45,5.0,0.44,10.0,0.46,12.82,0.47,25.0,0.52,39.99,0.51,10.0,0.54,14.5,0.55,130.0,0.01,0.02,2318.827696,1776360167000
1776360169.246,169.246,0.45,5.0,0.44,96.78,0.46,7.14,0.47,25.0,0.54,12.82,0.53,25.0,0.55,5.0,0.56,10.0,0.01,0.01,2318.827696,1776360167000
1776360169.667,169.667,0.44,107.28,0.43,110.0,0.45,23.33,0.47,10.0,0.54,7.14,0.53,41.0,0.56,96.78,0.57,110.0,0.01,0.02,2318.620752,1776360168000
1776360169.913,169.913,0.44,182.9,0.43,133.26,0.45,23.33,0.48,31.93,0.55,23.33,0.53,10.0,0.56,107.28,0.57,110.0,0.01,0.01,2318.620752,1776360168000
1776360170.12,170.12,0.46,8.54,0.44,162.76,0.48,31.93,0.49,15.0,0.55,2.33,0.52,31.93,0.56,182.9,0.57,133.26,0.02,0.01,2318.620752,1776360168000
1776360170.613,170.613,0.47,21.34,0.46,10.0,0.48,31.93,0.49,10.0,0.52,31.93,0.51,15.0,0.54,8.54,0.56,162.76,0.01,0.02,2318.42518,1776360169000
1776360171.001,171.001,0.47,17.18,0.46,15.0,0.48,36.94,0.49,10.0,0.52,21.94,0.51,15.0,0.53,26.34,0.54,10.0,0.01,0.01,2318.3395,1776360170000
1776360172.864,172.864,0.47,7.18,0.46,15.0,0.48,59.44,0.49,10.0,0.52,36.94,0.51,10.0,0.53,17.18,0.54,15.0,0.01,0.01,2318.468413,1776360171000
1776360176.155,176.155,0.47,67.23,0.46,45.37,0.48,42.94,0.5,25.0,0.52,59.44,0.51,10.0,0.53,7.18,0.54,15.0,0.01,0.01,2318.593165,1776360175000
1776360178.832,178.832,0.47,61.68,0.46,101.16,0.48,11.94,0.5,10.0,0.52,42.94,0.5,25.0,0.53,67.23,0.54,45.37,0.01,0.01,2318.59422,1776360176000
1776360179.423,179.423,0.51,15.0,0.5,20.5,0.53,28.61,0.54,10.0,0.48,25.0,0.46,85.0,0.53,61.68,0.54,101.16,0.02,0.05,2318.610305,1776360177000
1776360179.887,179.887,0.53,42.46,0.52,11.04,0.54,25.5,0.55,25.5,0.45,10.5,0.44,140.0,0.48,16.54,0.49,25.5,0.01,0.03,2318.610305,1776360177000
1776360180.578,180.578,0.48,20.68,0.47,89.5,0.49,83.5,0.5,25.79,0.46,25.5,0.45,25.5,0.47,42.46,0.48,11.04,0.01,0.01,2318.612186,1776360178000
1776360181.871,181.871,0.47,87.61,0.46,14.5,0.48,102.5,0.49,41.5,0.51,69.5,0.5,30.79,0.52,15.68,0.53,89.5,0.01,0.01,2318.687642,1776360180000
1776360182.258,182.258,0.44,40.0,0.43,105.0,0.46,47.97,0.48,84.5,0.52,107.5,0.51,41.5,0.54,12.33,0.55,14.5,0.02,0.02,2318.687642,1776360180000
1776360183.316,183.316,0.44,36.78,0.43,105.0,0.46,61.79,0.47,5.0,0.54,45.79,0.52,68.5,0.56,40.0,0.57,105.0,0.02,0.02,2318.510224,1776360181000
1776360183.728,183.728,0.43,105.0,0.42,55.0,0.45,16.0,0.46,75.79,0.54,61.79,0.53,5.0,0.56,36.78,0.57,105.0,0.02,0.02,2318.510224,1776360181000
1776360184.581,184.581,0.42,55.0,0.41,415.0,0.44,15.0,0.45,16.0,0.55,8.71,0.54,75.79,0.57,80.0,0.58,55.0,0.02,0.02,2318.216266,1776360182000
1776360185.086,185.086,0.42,5.0,0.41,415.0,0.49,15.44,0.5,30.0,0.56,15.0,0.55,16.0,0.58,55.0,0.59,415.0,0.07,0.02,2318.174003,1776360183000
1776360185.498,185.498,0.41,3.3,0.4,65.0,0.42,126.79,0.43,20.0,0.57,15.0,0.56,6.0,0.59,415.0,0.6,65.0,0.01,0.02,2318.174003,1776360183000
1776360185.881,185.881,0.4,3.33,0.39,105.0,0.41,26.0,0.42,119.4,0.58,126.79,0.57,20.0,0.6,65.0,0.61,100.0,0.01,0.02,2318.058366,1776360184000
1776360186.109,186.109,0.4,3.33,0.39,105.0,0.41,11.0,0.42,121.4,0.59,15.0,0.58,114.4,0.6,3.33,0.61,105.0,0.01,0.01,2318.058366,1776360184000
1776360186.732,186.732,0.39,85.0,0.38,105.0,0.4,7.0,0.41,21.0,0.59,11.0,0.58,121.4,0.61,105.0,0.62,105.0,0.01,0.02,2317.957245,1776360185000
1776360187.069,187.069,0.39,7.0,0.38,105.0,0.4,2.0,0.41,21.0,0.6,7.0,0.59,21.0,0.61,57.0,0.62,105.0,0.01,0.01,2317.957245,1776360185000
1776360187.276,187.276,0.38,105.0,0.37,105.0,0.4,2.0,0.41,21.0,0.6,2.0,0.59,21.0,0.61,3.06,0.62,105.0,0.02,0.01,2317.860656,1776360186000
1776360187.772,187.772,0.39,2.63,0.38,5.0,0.4,21.2,0.41,21.0,0.6,2.0,0.59,21.0,0.62,105.0,0.63,105.0,0.01,0.02,2317.860656,1776360186000
1776360189.303,189.303,0.37,5.0,0.36,30.0,0.39,10.0,0.4,68.0,0.6,21.2,0.59,21.0,0.62,5.0,0.63,55.0,0.02,0.02,2317.65284,1776360188000
1776360189.753,189.753,0.37,1.12,0.36,30.0,0.38,10.0,0.39,10.0,0.61,10.0,0.6,68.0,0.63,5.0,0.64,30.0,0.01,0.02,2317.65284,1776360188000
1776360190.095,190.095,0.35,3.61,0.32,5.0,0.36,10.0,0.37,10.0,0.62,10.0,0.61,10.0,0.63,1.12,0.64,30.0,0.01,0.01,2317.65284,1776360188000
1776360191.276,191.276,0.35,1.76,0.34,9.0,0.36,10.0,0.37,10.0,0.64,10.0,0.63,10.0,0.65,3.61,0.68,5.0,0.01,0.01,2317.701385,1776360190000
1776360191.682,191.682,0.35,5.34,0.34,9.0,0.36,10.0,0.37,10.0,0.64,10.0,0.63,10.0,0.65,1.76,0.66,9.0,0.01,0.01,2317.701385,1776360190000
1776360191.882,191.882,0.35,2.26,0.34,9.0,0.36,10.0,0.37,10.0,0.64,10.0,0.63,10.0,0.65,5.34,0.66,9.0,0.01,0.01,2317.701385,1776360190000
1776360192.875,192.875,0.35,2.26,0.33,9.0,0.36,5.0,0.37,10.0,0.64,10.0,0.63,10.0,0.65,2.26,0.66,9.0,0.01,0.01,2317.713419,1776360191000
1776360193.378,193.378,0.31,63.05,0.3,10.0,0.32,10.0,0.33,10.0,0.64,2.22,0.63,10.0,0.69,55.0,0.7,10.0,0.01,0.05,2317.688518,1776360192000
1776360193.678,193.678,0.31,60.0,0.3,10.0,0.33,8.85,0.34,10.0,0.68,10.0,0.67,10.0,0.69,63.05,0.7,10.0,0.02,0.01,2317.688518,1776360192000
1776360193.924,193.924,0.31,54.66,0.3,10.0,0.33,8.85,0.34,10.0,0.67,8.85,0.66,10.0,0.69,56.11,0.7,10.0,0.02,0.02,2317.688518,1776360192000
1776360194.223,194.223,0.32,5.0,0.31,15.0,0.34,0.85,0.35,15.0,0.67,8.85,0.66,10.0,0.69,54.66,0.7,10.0,0.02,0.02,2317.688518,1776360192000
1776360194.588,194.588,0.31,6.11,0.3,10.0,0.32,10.0,0.33,10.0,0.65,12.96,0.64,24.22,0.69,15.0,0.7,10.0,0.01,0.04,2317.675794,1776360193000
1776360194.811,194.811,0.31,4.66,0.3,10.0,0.32,10.0,0.33,10.0,0.68,10.0,0.67,10.0,0.69,6.11,0.7,10.0,0.01,0.01,2317.675794,1776360193000
1776360195.232,195.232,0.3,10.0,0.29,15.0,0.32,10.0,0.33,10.0,0.68,10.0,0.67,10.0,0.69,0.77,0.7,10.0,0.02,0.01,2317.675794,1776360193000
1776360195.629,195.629,0.31,18.11,0.3,29.74,0.32,10.0,0.33,10.0,0.68,10.0,0.67,10.0,0.69,8.0,0.7,9.74,0.01,0.01,2317.665341,1776360194000
1776360196.872,196.872,0.37,25.5,0.36,25.0,0.38,3.77,0.39,16.5,0.67,4.54,0.66,10.0,0.69,28.11,0.7,29.74,0.01,0.02,2317.671325,1776360195000
1776360197.239,197.239,0.37,17.59,0.36,15.0,0.38,3.77,0.39,16.5,0.62,3.77,0.61,16.5,0.63,47.59,0.64,15.0,0.01,0.01,2317.671325,1776360195000
1776360197.518,197.518,0.37,29.65,0.36,65.0,0.38,3.77,0.39,10.5,0.62,3.77,0.61,16.5,0.63,17.59,0.64,15.0,0.01,0.01,2317.671325,1776360195000
1776360198.542,198.542,0.37,146.69,0.36,65.0,0.38,10.5,0.4,5.0,0.6,5.0,0.58,21.4,0.63,69.0,0.64,65.0,0.01,0.03,2317.648687,1776360196000
1776360199.33,199.33,0.38,2.88,0.37,127.51,0.4,5.0,0.42,21.4,0.6,5.0,0.58,21.4,0.63,127.51,0.64,65.0,0.02,0.03,2317.982791,1776360198000
1776360199.677,199.677,0.39,8.36,0.38,2.88,0.4,6.0,0.42,21.4,0.58,21.4,0.56,10.0,0.62,2.88,0.63,127.51,0.01,0.04,2317.982791,1776360198000
1776360200.08,200.08,0.39,97.16,0.38,2.88,0.4,6.0,0.42,31.4,0.6,6.0,0.58,21.4,0.61,8.36,0.62,2.88,0.01,0.01,2318.008427,1776360199000
1776360200.332,200.332,0.39,97.16,0.38,2.88,0.42,31.4,0.43,10.0,0.6,6.0,0.58,31.4,0.61,97.16,0.62,2.88,0.03,0.01,2318.008427,1776360199000
1776360201.011,201.011,0.41,7.98,0.4,10.0,0.42,21.4,0.43,10.0,0.58,31.4,0.57,10.0,0.61,97.16,0.62,2.88,0.01,0.03,2318.10965,1776360200000
1776360201.55,201.55,0.4,8.0,0.39,14.0,0.42,40.6,0.43,15.0,0.58,21.4,0.57,10.0,0.59,7.98,0.6,10.0,0.02,0.01,2318.10965,1776360200000
1776360201.837,201.837,0.36,5.0,0.35,20.5,0.37,5.0,0.38,10.0,0.58,28.69,0.57,15.0,0.6,8.0,0.61,14.0,0.01,0.02,2318.10965,1776360200000
1776360202.53,202.53,0.36,35.0,0.35,30.5,0.37,5.0,0.38,10.0,0.63,5.0,0.62,10.0,0.64,5.0,0.65,20.5,0.01,0.01,2318.11034,1776360201000
1776360203.634,203.634,0.36,94.0,0.35,174.5,0.37,5.0,0.39,5.0,0.63,5.0,0.62,10.0,0.64,35.0,0.65,30.5,0.01,0.01,2318.036186,1776360202000
1776360204.076,204.076,0.38,8.15,0.36,101.0,0.39,5.0,0.4,5.0,0.63,5.0,0.61,5.0,0.64,94.0,0.65,174.5,0.01,0.01,2318.036186,1776360202000
1776360204.42,204.42,0.36,97.76,0.35,141.5,0.41,10.42,0.42,10.79,0.59,10.42,0.58,10.79,0.62,8.15,0.63,5.0,0.05,0.03,2317.983932,1776360203000
1776360205.079,205.079,0.36,180.76,0.35,59.5,0.42,10.79,0.43,45.0,0.59,10.42,0.58,10.79,0.64,97.76,0.65,141.5,0.06,0.05,2317.983932,1776360203000
1776360205.398,205.398,0.42,11.91,0.41,60.15,0.44,10.0,0.45,5.0,0.57,45.0,0.56,10.0,0.59,47.96,0.6,12.5,0.02,0.02,2317.983932,1776360203000
1776360205.672,205.672,0.42,88.27,0.41,47.96,0.45,1.44,0.46,5.0,0.55,1.44,0.54,5.0,0.58,11.91,0.59,60.15,0.03,0.03,2317.99809,1776360204000
1776360206.223,206.223,0.46,33.56,0.44,16.36,0.47,5.0,0.48,15.5,0.55,1.44,0.54,5.0,0.58,88.27,0.59,47.96,0.01,0.03,2318.432249,1776360205000
1776360208.114,208.114,0.46,85.56,0.44,56.0,0.47,22.65,0.48,15.5,0.53,5.0,0.52,15.5,0.54,33.56,0.56,16.36,0.01,0.01,2318.69645,1776360207000
1776360208.327,208.327,0.51,45.0,0.5,5.0,0.54,44.5,0.55,14.5,0.47,14.5,0.46,44.5,0.5,5.0,0.51,4.7,0.03,0.03,2318.69645,1776360207000
1776360208.584,208.584,0.53,23.35,0.51,64.0,0.54,19.5,0.55,14.5,0.48,1.65,0.47,5.0,0.49,15.0,0.5,10.0,0.01,0.01,2318.69645,1776360207000
1776360208.938,208.938,0.55,15.0,0.54,10.0,0.57,60.0,0.58,49.8,0.44,84.6,0.43,60.0,0.47,12.78,0.48,10.0,0.02,0.03,2319.0639,1776360208000
1776360210.474,210.474,0.61,7.43,0.6,113.48,0.62,125.0,0.63,85.0,0.43,60.0,0.42,49.8,0.47,49.0,0.48,10.0,0.01,0.04,2319.134883,1776360209000
1776360210.725,210.725,0.61,10.0,0.6,19.65,0.62,125.0,0.63,85.0,0.38,125.0,0.37,85.0,0.4,38.51,0.41,43.0,0.01,0.02,2319.134883,1776360209000
1776360211.173,211.173,0.63,25.0,0.62,24.99,0.64,10.0,0.65,60.0,0.38,125.0,0.37,85.0,0.39,10.0,0.4,19.65,0.01,0.01,2319.143545,1776360210000
1776360211.96,211.96,0.64,5.07,0.61,10.0,0.65,80.8,0.66,251.0,0.36,10.0,0.35,60.0,0.37,25.0,0.38,24.99,0.01,0.01,2319.143545,1776360210000
1776360212.331,212.331,0.6,12.5,0.59,15.0,0.61,55.0,0.62,30.0,0.4,4.63,0.39,50.0,0.41,10.0,0.42,16.0,0.01,0.01,2319.143545,1776360210000
1776360213.059,213.059,0.6,7.5,0.59,15.0,0.61,60.0,0.62,35.0,0.39,55.0,0.38,30.0,0.4,12.5,0.41,15.0,0.01,0.01,2319.30274,1776360212000
1776360213.404,213.404,0.6,7.5,0.59,15.0,0.61,103.0,0.62,35.0,0.39,60.0,0.38,35.0,0.4,7.5,0.41,15.0,0.01,0.01,2319.30274,1776360212000
1776360213.816,213.816,0.6,12.5,0.59,15.0,0.61,98.19,0.62,35.0,0.39,103.0,0.38,35.0,0.4,2.5,0.41,15.0,0.01,0.01,2319.30274,1776360212000
1776360214.021,214.021,0.6,7.5,0.59,15.0,0.61,98.19,0.62,35.0,0.39,98.19,0.38,35.0,0.4,10.0,0.41,15.0,0.01,0.01,2319.30274,1776360212000
1776360214.448,214.448,0.6,129.98,0.59,10.0,0.61,20.0,0.64,15.34,0.39,98.19,0.38,35.0,0.4,7.5,0.41,15.0,0.01,0.01,2319.14784,1776360213000
1776360215.14,215.14,0.65,70.04,0.64,16.0,0.66,242.0,0.67,146.3,0.35,65.8,0.34,267.0,0.37,51.0,0.38,10.0,0.01,0.02,2319.14784,1776360213000
1776360216.414,216.414,0.65,55.0,0.64,10.0,0.66,82.0,0.67,141.3,0.34,242.0,0.33,146.3,0.35,70.04,0.36,16.0,0.01,0.01,2319.092937,1776360215000
1776360217.306,217.306,0.65,49.88,0.64,10.0,0.67,0.56,0.69,181.8,0.34,82.0,0.33,141.3,0.35,17.88,0.36,10.0,0.02,0.01,2319.2552,1776360216000
1776360218.651,218.651,0.74,2.76,0.73,45.0,0.76,175.0,0.77,150.0,0.3,6.0,0.29,120.0,0.35,161.88,0.36,80.0,0.02,0.05,2319.31413,1776360217000
1776360218.876,218.876,0.73,7.25,0.72,83.29,0.76,150.0,0.77,160.0,0.24,175.0,0.23,150.0,0.27,45.0,0.28,83.29,0.03,0.03,2319.31413,1776360217000
1776360219.351,219.351,0.75,10.0,0.74,10.0,0.76,51.33,0.77,160.0,0.24,150.0,0.23,160.0,0.27,7.25,0.28,83.29,0.01,0.03,2319.525914,1776360218000
1776360219.84,219.84,0.76,5.83,0.75,10.0,0.77,70.0,0.78,75.0,0.24,23.36,0.23,160.0,0.25,10.0,0.26,10.0,0.01,0.01,2319.525914,1776360218000
1776360220.063,220.063,0.75,10.0,0.74,10.0,0.77,34.0,0.78,91.0,0.23,70.0,0.22,75.0,0.24,5.83,0.25,10.0,0.02,0.01,2319.525914,1776360218000
1776360220.583,220.583,0.76,2.25,0.75,10.0,0.78,90.0,0.79,100.0,0.23,25.0,0.22,91.0,0.24,9.9,0.28,70.7,0.02,0.01,2320.219952,1776360219000
1776360220.88,220.88,0.72,10.29,0.71,10.0,0.76,52.82,0.78,60.0,0.24,59.4,0.22,50.0,0.26,10.0,0.27,10.0,0.04,0.02,2320.219952,1776360219000
1776360221.11,221.11,0.71,10.0,0.7,10.0,0.74,13.0,0.76,23.76,0.24,33.76,0.23,10.0,0.27,10.0,0.28,20.29,0.03,0.03,2320.219952,1776360219000
1776360221.381,221.381,0.69,5.0,0.68,15.0,0.7,5.0,0.71,5.0,0.28,5.0,0.27,5.0,0.31,10.0,0.32,15.0,0.01,0.03,2320.029655,1776360220000
1776360221.871,221.871,0.69,1.77,0.68,15.0,0.74,13.0,0.75,111.97,0.3,5.0,0.29,5.0,0.31,1.77,0.32,15.0,0.05,0.01,2320.029655,1776360220000
1776360222.168,222.168,0.74,13.15,0.73,8.45,0.75,122.97,0.76,33.76,0.26,6.24,0.25,111.97,0.27,8.45,0.28,10.0,0.01,0.01,2320.029655,1776360220000
1776360222.464,222.464,0.71,9.13,0.7,10.0,0.75,122.97,0.76,33.76,0.25,122.97,0.24,33.76,0.26,10.15,0.27,8.45,0.04,0.01,2319.82416,1776360221000
1776360222.701,222.701,0.73,10.0,0.72,10.0,0.75,128.09,0.76,33.76,0.25,122.97,0.24,33.76,0.29,9.13,0.3,10.0,0.02,0.04,2319.82416,1776360221000
1776360223.054,223.054,0.73,5.0,0.72,8.41,0.74,5.0,0.75,122.67,0.25,122.67,0.24,33.76,0.28,8.41,0.29,9.13,0.01,0.03,2319.79136,1776360222000
1776360223.372,223.372,0.73,3.11,0.72,8.41,0.74,3.64,0.75,129.67,0.26,5.0,0.25,122.67,0.27,3.11,0.28,8.41,0.01,0.01,2319.79136,1776360222000
1776360223.737,223.737,0.7,1.06,0.69,7.77,0.72,30.0,0.73,5.0,0.27,5.0,0.26,3.64,0.29,8.0,0.3,10.0,0.02,0.02,2319.79136,1776360222000
1776360224.202,224.202,0.7,17.03,0.69,7.77,0.71,5.0,0.72,25.0,0.29,5.0,0.28,30.0,0.3,17.52,0.31,7.77,0.01,0.01,2319.688678,1776360223000
1776360226.107,226.107,0.7,11.69,0.69,30.0,0.71,10.0,0.72,15.0,0.29,5.0,0.28,25.0,0.3,17.03,0.31,7.77,0.01,0.01,2319.687201,1776360224000
1776360226.51,226.51,0.7,154.0,0.69,35.0,0.72,5.0,0.73,5.0,0.29,10.0,0.28,15.0,0.3,11.69,0.31,30.0,0.02,0.01,2319.634821,1776360225000
1776360226.842,226.842,0.75,77.0,0.74,15.0,0.77,4.29,0.78,40.0,0.24,5.61,0.23,5.0,0.25,21.66,0.26,15.0,0.02,0.01,2319.634821,1776360225000
1776360227.353,227.353,0.78,103.0,0.77,32.0,0.81,173.4,0.82,135.0,0.21,105.0,0.2,25.0,0.23,34.0,0.24,72.0,0.03,0.02,2319.615524,1776360226000
1776360227.756,227.756,0.8,39.5,0.79,17.0,0.81,60.0,0.82,135.0,0.19,173.4,0.18,135.0,0.22,103.0,0.23,32.0,0.01,0.03,2319.615524,1776360226000
1776360228.123,228.123,0.8,39.5,0.79,17.0,0.82,135.0,0.83,60.0,0.19,60.0,0.18,135.0,0.2,39.5,0.21,17.0,0.02,0.01,2319.615524,1776360226000
1776360228.366,228.366,0.8,45.92,0.79,24.0,0.81,28.81,0.82,135.0,0.19,10.0,0.18,135.0,0.2,38.92,0.21,17.0,0.01,0.01,2319.615524,1776360226000
1776360228.735,228.735,0.8,19.5,0.79,53.16,0.81,33.36,0.82,135.0,0.19,28.81,0.18,135.0,0.2,45.92,0.21,24.0,0.01,0.01,2319.696681,1776360227000
1776360229.197,229.197,0.77,17.65,0.76,16.0,0.78,15.0,0.79,23.0,0.2,17.75,0.19,40.0,0.23,10.0,0.24,10.0,0.01,0.03,2320.259705,1776360228000
1776360229.485,229.485,0.76,54.65,0.75,10.0,0.77,7.0,0.78,3.0,0.22,5.0,0.21,13.0,0.24,13.65,0.25,10.0,0.01,0.02,2320.259705,1776360228000
1776360230.186,230.186,0.76,33.0,0.75,45.0,0.77,5.0,0.79,10.0,0.23,0.83,0.21,10.0,0.24,42.65,0.25,10.0,0.01,0.01,2320.259705,1776360228000
1776360230.533,230.533,0.76,33.0,0.75,45.0,0.79,6.1,0.8,15.0,0.23,5.0,0.21,10.0,0.24,33.0,0.25,45.0,0.03,0.01,2320.162677,1776360229000
1776360230.743,230.743,0.77,21.0,0.76,27.0,0.79,1.1,0.8,15.0,0.21,6.1,0.2,15.0,0.24,33.0,0.25,45.0,0.02,0.03,2320.162677,1776360229000
1776360231.12,231.12,0.78,15.0,0.77,21.0,0.8,13.46,0.81,15.0,0.2,14.71,0.19,15.0,0.22,15.0,0.23,21.0,0.02,0.02,2320.04363,1776360230000
1776360233.389,233.389,0.79,15.0,0.78,22.0,0.8,7.21,0.81,15.0,0.2,13.46,0.19,15.0,0.22,5.0,0.23,21.0,0.01,0.02,2320.030214,1776360232000
1776360233.732,233.732,0.81,73.0,0.8,10.0,0.82,11.0,0.83,95.0,0.2,7.21,0.19,10.0,0.22,17.35,0.23,25.0,0.01,0.02,2320.030214,1776360232000
1776360234.061,234.061,0.82,120.0,0.81,106.0,0.84,70.0,0.85,135.0,0.17,13.95,0.16,70.0,0.18,10.09,0.19,148.0,0.02,0.01,2320.030214,1776360232000
1776360234.346,234.346,0.83,42.0,0.82,69.0,0.84,114.12,0.85,135.0,0.16,70.0,0.15,135.0,0.18,120.0,0.19,106.0,0.01,0.02,2320.0366,1776360233000
1776360234.688,234.688,0.83,91.93,0.82,169.0,0.84,10.0,0.85,35.0,0.16,64.18,0.15,135.0,0.17,153.76,0.18,69.0,0.01,0.01,2320.0366,1776360233000
1776360235.158,235.158,0.85,49.0,0.84,5.0,0.86,52.72,0.87,20.0,0.14,54.82,0.13,20.0,0.17,91.93,0.18,169.0,0.01,0.03,2320.03298,1776360234000
1776360235.703,235.703,0.85,2.0,0.83,13.0,0.86,35.0,0.87,64.0,0.14,14.51,0.13,20.0,0.15,44.0,0.16,5.0,0.01,0.01,2320.03298,1776360234000
1776360236.009,236.009,0.83,37.0,0.82,35.0,0.84,67.69,0.85,50.0,0.16,47.34,0.15,50.0,0.17,31.0,0.18,40.0,0.01,0.01,2320.03298,1776360234000
1776360236.226,236.226,0.83,26.11,0.82,25.0,0.84,54.69,0.85,50.0,0.16,67.69,0.15,50.0,0.17,37.0,0.18,35.0,0.01,0.01,2320.03298,1776360234000
1776360236.525,236.525,0.83,11.11,0.82,32.0,0.84,49.69,0.85,45.0,0.16,54.69,0.15,50.0,0.17,26.11,0.18,25.0,0.01,0.01,2320.6356,1776360235000
1776360237.085,237.085,0.83,2.22,0.82,35.0,0.84,58.25,0.85,61.0,0.16,48.25,0.15,61.0,0.17,3.11,0.18,25.0,0.01,0.01,2320.6356,1776360235000
1776360237.46,237.46,0.83,58.22,0.82,15.0,0.84,32.25,0.85,61.0,0.16,42.25,0.15,61.0,0.17,12.22,0.18,15.0,0.01,0.01,2320.6356,1776360235000
1776360238.742,238.742,0.83,57.01,0.82,15.0,0.84,37.25,0.85,45.0,0.16,32.25,0.15,61.0,0.17,58.22,0.18,15.0,0.01,0.01,2320.33105,1776360237000
1776360239.487,239.487,0.83,105.38,0.82,25.0,0.84,36.05,0.85,60.0,0.16,37.25,0.15,45.0,0.17,57.01,0.18,15.0,0.01,0.01,2320.33105,1776360237000
1776360239.746,239.746,0.83,89.05,0.82,25.0,0.84,41.85,0.85,60.0,0.16,46.05,0.15,60.0,0.17,89.49,0.18,25.0,0.01,0.01,2320.256769,1776360238000
1776360240.178,240.178,0.83,65.05,0.82,15.0,0.84,83.85,0.85,70.0,0.16,41.85,0.15,60.0,0.17,89.05,0.18,25.0,0.01,0.01,2320.279972,1776360239000
1776360240.447,240.447,0.83,51.16,0.82,15.0,0.84,67.52,0.85,85.0,0.16,67.52,0.15,75.0,0.17,57.05,0.18,15.0,0.01,0.01,2320.279972,1776360239000
1776360240.726,240.726,0.83,71.16,0.82,25.0,0.84,25.04,0.85,87.0,0.16,67.52,0.15,85.0,0.17,51.16,0.18,15.0,0.01,0.01,2320.279972,1776360239000
1776360241.091,241.091,0.83,95.16,0.82,25.0,0.84,27.84,0.85,60.0,0.16,23.84,0.15,70.0,0.17,100.16,0.18,32.0,0.01,0.01,2320.279972,1776360239000
1776360241.317,241.317,0.83,82.27,0.82,116.8,0.84,25.0,0.85,59.07,0.15,59.07,0.14,55.0,0.17,95.16,0.18,25.0,0.01,0.02,2320.271644,1776360240000
1776360241.783,241.783,0.84,76.0,0.83,105.27,0.85,19.07,0.86,30.0,0.16,23.8,0.15,59.07,0.17,92.27,0.18,116.8,0.01,0.01,2320.271644,1776360240000
1776360242.04,242.04,0.85,130.51,0.84,137.0,0.86,3.02,0.87,34.83,0.14,30.0,0.13,44.83,0.15,86.51,0.16,176.0,0.01,0.01,2320.271644,1776360240000
1776360242.258,242.258,0.86,66.83,0.85,175.51,0.87,1.14,0.88,35.0,0.13,1.14,0.12,35.0,0.14,53.98,0.15,163.51,0.01,0.01,2320.271644,1776360240000
1776360242.552,242.552,0.86,108.68,0.85,151.51,0.87,10.0,0.88,2.76,0.12,2.76,0.11,55.0,0.14,93.83,0.15,156.51,0.01,0.02,2320.271644,1776360240000
1776360242.774,242.774,0.88,15.0,0.87,15.0,0.89,4.88,0.9,10.0,0.09,26.0,0.08,272.0,0.12,5.0,0.13,5.0,0.01,0.03,2320.271644,1776360240000
1776360243.027,243.027,0.89,5.0,0.88,61.0,0.9,5.0,0.91,1.0,0.1,10.0,0.09,1.0,0.11,0.9,0.12,66.0,0.01,0.01,2320.271644,1776360240000
1776360243.362,243.362,0.89,197.0,0.88,126.0,0.9,0.74,0.91,1.0,0.1,3.88,0.09,1.0,0.11,5.9,0.12,66.0,0.01,0.01,2320.253581,1776360242000
1776360243.664,243.664,0.89,205.0,0.88,111.0,0.91,14.0,0.92,193.27,0.08,218.27,0.07,49.0,0.1,24.5,0.11,187.0,0.02,0.02,2320.253581,1776360242000
1776360244.009,244.009,0.9,29.94,0.89,170.0,0.91,30.0,0.92,57.86,0.08,182.86,0.07,54.0,0.1,5.0,0.11,175.0,0.01,0.02,2320.253581,1776360242000
1776360244.464,244.464,0.91,5.88,0.9,14.94,0.92,62.86,0.93,49.0,0.08,62.86,0.07,54.0,0.1,14.94,0.11,165.0,0.01,0.02,2320.99605,1776360243000
1776360244.7,244.7,0.9,9.94,0.89,170.0,0.92,0.8,0.93,79.0,0.08,30.7,0.07,79.0,0.1,9.94,0.11,170.0,0.02,0.02,2320.99605,1776360243000
1776360244.917,244.917,0.91,15.0,0.9,23.0,0.93,42.03,0.94,251.0,0.07,45.26,0.06,251.0,0.09,15.0,0.1,23.0,0.02,0.02,2320.99605,1776360243000
1776360245.144,245.144,0.91,135.0,0.9,15.0,0.93,4.1,0.94,226.0,0.07,30.72,0.06,226.0,0.09,15.0,0.1,15.0,0.02,0.02,2320.99605,1776360243000
1776360245.427,245.427,0.93,18.37,0.92,70.0,0.94,221.0,0.95,50.0,0.06,223.0,0.05,50.0,0.07,5.37,0.08,75.43,0.01,0.01,2321.577043,1776360244000
1776360245.627,245.627,0.93,180.06,0.92,80.0,0.94,118.67,0.95,50.0,0.06,126.75,0.05,50.0,0.07,173.06,0.08,70.0,0.01,0.01,2321.577043,1776360244000
1776360245.862,245.862,0.93,329.06,0.92,80.0,0.94,9.01,0.95,50.0,0.06,110.08,0.05,50.0,0.07,324.06,0.08,90.0,0.01,0.01,2321.577043,1776360244000
1776360246.109,246.109,0.94,40.0,0.93,272.69,0.95,8.94,0.96,155.0,0.04,155.0,0.03,153.0,0.07,301.24,0.08,85.99,0.01,0.03,2321.577043,1776360244000
1776360246.406,246.406,0.95,10.0,0.94,80.0,0.96,127.27,0.97,158.0,0.04,132.48,0.03,158.0,0.06,80.0,0.07,177.69,0.01,0.02,2321.417946,1776360245000
1776360246.824,246.824,0.95,22.0,0.94,50.0,0.97,119.01,0.98,249.0,0.04,26.01,0.03,158.0,0.05,15.0,0.06,80.0,0.02,0.01,2321.417946,1776360245000
1776360247.058,247.058,0.96,116.0,0.95,15.0,0.97,112.44,0.98,249.0,0.03,119.01,0.02,249.0,0.05,22.0,0.06,50.0,0.01,0.02,2321.417946,1776360245000
1776360247.339,247.339,0.96,132.75,0.95,20.0,0.97,105.4,0.98,249.0,0.03,106.44,0.02,249.0,0.04,116.0,0.05,20.0,0.01,0.01,2322.469212,1776360246000
1776360247.549,247.549,0.96,132.75,0.95,20.0,0.97,10.26,0.98,249.0,0.03,17.33,0.02,249.0,0.04,132.75,0.05,20.0,0.01,0.01,2322.469212,1776360246000
1776360247.814,247.814,0.97,184.81,0.96,125.75,0.98,227.86,0.99,2761.85,0.02,237.86,0.01,2761.85,0.03,160.54,0.04,125.75,0.01,0.01,2322.469212,1776360246000
1776360248.016,248.016,0.97,191.08,0.96,125.75,0.98,88.0,0.99,2761.85,0.02,89.03,0.01,2761.85,0.03,191.08,0.04,125.75,0.01,0.01,2322.469212,1776360246000
1776360248.505,248.505,0.97,205.5,0.96,133.75,0.98,89.56,0.99,2786.85,0.02,65.59,0.01,2761.85,0.03,205.5,0.04,125.75,0.01,0.01,2323.067219,1776360247000
1776360248.737,248.737,0.97,203.23,0.96,133.75,0.98,44.08,0.99,2786.85,0.02,47.12,0.01,2786.85,0.03,203.23,0.04,133.75,0.01,0.01,2323.067219,1776360247000
1776360248.94,248.94,0.97,208.38,0.96,133.75,0.98,36.92,0.99,2793.85,0.02,37.95,0.01,2793.85,0.03,208.38,0.04,133.75,0.01,0.01,2323.067219,1776360247000
1776360249.17,249.17,0.97,217.65,0.96,133.75,0.98,20.44,0.99,2793.85,0.02,25.54,0.01,2793.85,0.03,208.38,0.04,133.75,0.01,0.01,2323.067219,1776360247000
1776360249.676,249.676,0.97,222.65,0.96,133.75,0.98,5.0,0.99,2793.85,0.02,20.44,0.01,2793.85,0.03,217.65,0.04,133.75,0.01,0.01,2322.93441,1776360248000
1776360249.926,249.926,0.98,121.27,0.97,206.38,0.99,2747.73,,,0.01,2748.75,,,0.02,137.0,0.03,206.38,0.01,0.01,2322.920218,1776360249000
1776360250.277,250.277,0.98,183.27,0.97,230.38,0.99,2035.21,,,0.01,2736.23,,,0.02,153.27,0.03,206.38,0.01,0.01,2322.920218,1776360249000
1776360250.486,250.486,0.98,183.27,0.97,230.38,0.99,1983.21,,,0.01,2028.21,,,0.02,183.27,0.03,230.38,0.01,0.01,2322.920218,1776360249000
1776360250.738,250.738,0.98,183.27,0.97,230.38,0.99,1958.21,,,0.01,1983.21,,,0.02,183.27,0.03,230.38,0.01,0.01,2322.920218,1776360249000
1776360251.932,251.932,0.98,83.48,0.97,122.38,0.99,1923.21,,,0.01,1928.21,,,0.02,109.39,0.03,245.38,0.01,0.01,2322.952423,1776360250000
1776360252.226,252.226,0.98,88.57,0.97,122.38,0.99,1914.11,,,0.01,1923.21,,,0.02,83.48,0.03,122.38,0.01,0.01,2323.055365,1776360251000
1776360252.634,252.634,0.98,82.34,0.97,98.38,0.99,1715.79,,,0.01,1741.04,,,0.02,82.34,0.03,122.38,0.01,0.01,2323.055365,1776360251000
1776360252.969,252.969,0.98,15.76,0.97,98.38,0.99,1682.45,,,0.01,1682.45,,,0.02,13.16,0.03,98.38,0.01,0.01,2323.055365,1776360251000
1776360253.417,253.417,0.97,149.38,0.96,60.75,0.98,7.95,0.99,1677.94,0.01,1677.94,,,0.03,98.38,0.04,50.75,0.01,0.02,2323.085653,1776360252000
1776360253.682,253.682,0.97,154.38,0.96,60.75,0.98,0.79,0.99,1677.94,0.02,0.79,0.01,1677.94,0.03,149.38,0.04,60.75,0.01,0.01,2323.085653,1776360252000
1776360253.964,253.964,0.97,103.38,0.96,60.75,0.99,1405.68,,,0.01,1673.68,,,0.03,154.38,0.04,60.75,0.02,0.02,2323.085653,1776360252000
1776360254.184,254.184,0.97,103.38,0.96,60.75,0.99,1340.32,,,0.01,1370.32,,,0.03,103.38,0.04,60.75,0.02,0.02,2323.050442,1776360253000
1776360254.413,254.413,0.97,96.46,0.96,60.75,0.99,1332.88,,,0.01,1332.88,,,0.03,103.38,0.04,60.75,0.02,0.02,2323.050442,1776360253000
1776360254.853,254.853,0.97,96.46,0.96,55.75,0.99,1407.88,,,0.01,1332.88,,,0.03,96.46,0.04,60.75,0.02,0.02,2323.050442,1776360253000
1776360255.435,255.435,0.97,61.59,0.96,55.75,0.99,1292.73,,,0.01,1397.73,,,0.03,96.46,0.04,55.75,0.02,0.02,2323.004477,1776360254000
1776360255.946,255.946,0.98,50.0,0.97,61.59,0.99,1257.5,,,0.01,1292.73,,,0.03,61.59,0.04,55.75,0.01,0.02,2323.004477,1776360254000
1776360256.278,256.278,0.98,50.0,0.97,61.59,0.99,1192.45,,,0.01,1207.45,,,0.02,50.0,0.03,61.59,0.01,0.01,2323.004477,1776360254000
1776360256.567,256.567,0.98,50.0,0.97,185.29,0.99,1189.76,,,0.01,1192.45,,,0.02,50.0,0.03,61.59,0.01,0.01,2323.004477,1776360254000
1776360256.818,256.818,0.98,50.0,0.97,190.29,0.99,1059.76,,,0.01,1189.76,,,0.02,50.0,0.03,185.29,0.01,0.01,2323.004477,1776360254000
1776360257.394,257.394,0.98,300.7,0.97,223.29,0.99,1020.66,,,0.01,1050.66,,,0.02,50.0,0.03,190.29,0.01,0.01,2322.695427,1776360256000
1776360257.657,257.657,0.98,289.7,0.97,223.29,0.99,1000.36,,,0.01,1005.61,,,0.02,300.7,0.03,223.29,0.01,0.01,2322.695427,1776360256000
1776360257.967,257.967,0.98,289.7,0.97,213.29,0.99,954.54,,,0.01,959.59,,,0.02,289.7,0.03,223.29,0.01,0.01,2322.695427,1776360256000
1776360258.241,258.241,0.98,289.7,0.97,213.29,0.99,934.31,,,0.01,952.5,,,0.02,289.7,0.03,213.29,0.01,0.01,2322.695427,1776360256000
1776360258.559,258.559,0.98,289.7,0.97,213.29,0.99,833.3,,,0.01,934.31,,,0.02,289.7,0.03,213.29,0.01,0.01,2322.695427,1776360256000
1776360258.836,258.836,0.98,305.79,0.97,208.14,0.99,831.3,,,0.01,833.3,,,0.02,289.7,0.03,213.29,0.01,0.01,2322.695427,1776360256000
1776360259.072,259.072,0.98,300.79,0.97,208.14,0.99,831.3,,,0.01,831.3,,,0.02,305.79,0.03,208.14,0.01,0.01,2322.695427,1776360256000
1776360259.419,259.419,0.98,289.79,0.97,208.14,0.99,821.19,,,0.01,831.3,,,0.02,300.79,0.03,208.14,0.01,0.01,2322.8736,1776360258000
1776360259.924,259.924,0.98,289.79,0.97,208.14,0.99,791.19,,,0.01,821.19,,,0.02,289.79,0.03,208.14,0.01,0.01,2322.8736,1776360258000
1776360260.546,260.546,0.98,299.79,0.97,208.14,0.99,782.09,,,0.01,791.19,,,0.02,289.79,0.03,208.14,0.01,0.01,2322.8736,1776360258000
1776360260.846,260.846,0.98,288.79,0.97,202.14,0.99,723.09,,,0.01,753.09,,,0.02,249.79,0.03,208.14,0.01,0.01,2322.981412,1776360259000
1776360261.28,261.28,0.98,188.79,0.97,202.14,0.99,593.07,,,0.01,594.09,,,0.02,288.79,0.03,202.14,0.01,0.01,2322.981412,1776360259000
1776360261.588,261.588,0.98,188.79,0.97,202.14,0.99,422.07,,,0.01,427.07,,,0.02,188.79,0.03,202.14,0.01,0.01,2323.1,1776360260000
1776360262.137,262.137,0.98,372.79,0.97,310.14,0.99,367.07,,,0.01,422.07,,,0.02,188.79,0.03,202.14,0.01,0.01,2323.1,1776360260000
1776360262.624,262.624,0.98,362.79,0.97,348.14,0.99,104.86,,,0.01,153.86,,,0.02,372.79,0.03,280.14,0.01,0.01,2323.116315,1776360261000
1776360262.967,262.967,0.99,942.77,0.98,320.79,,,,,,,,,0.01,195.14,0.02,362.79,,,2323.116315,1776360261000
1776360263.279,263.279,0.99,10790.43,0.98,320.79,,,,,,,,,0.01,4949.28,0.02,320.79,,,2323.168394,1776360262000
1776360263.48,263.48,0.99,10853.86,0.98,320.79,,,,,,,,,0.01,10855.61,0.02,320.79,,,2323.168394,1776360262000
1776360263.689,263.689,0.99,10832.0,0.98,315.79,,,,,,,,,0.01,10833.96,0.02,320.79,,,2323.168394,1776360262000
1776360266.769,266.769,0.99,9192.14,0.98,215.88,,,,,,,,,0.01,10929.92,0.02,310.79,,,2324.72489,1776360265000
1776360268.347,268.347,0.99,9157.74,0.98,215.88,,,,,,,,,0.01,9187.19,0.02,215.88,,,2324.527718,1776360266000
1776360268.975,268.975,0.99,9260.6,0.98,215.88,,,,,,,,,0.01,9157.74,0.02,215.88,,,2324.309656,1776360267000
1776360269.85,269.85,0.99,9241.32,0.98,215.88,,,,,,,,,0.01,9260.6,0.02,215.88,,,2324.345516,1776360268000
1776360271.254,271.254,0.99,9244.98,0.98,215.88,,,,,,,,,0.01,9241.32,0.02,215.88,,,2324.433456,1776360269000
1776360276.686,276.686,0.99,9883.52,0.98,42.27,,,,,,,,,0.01,9244.22,0.02,215.88,,,2324.672751,1776360275000
1776360295.45,295.45,0.99,13489.34,0.98,56.36,,,,,,,,,0.01,9883.52,0.02,42.27,,,2324.345258,1776360294000

# RESULT,winner=Up,slug=eth-updown-5m-1776360000,ticks=456
