timestamp,elapsed_sec,up_bid_p1,up_bid_s1,up_bid_p2,up_bid_s2,up_ask_p1,up_ask_s1,up_ask_p2,up_ask_s2,down_bid_p1,down_bid_s1,down_bid_p2,down_bid_s2,down_ask_p1,down_ask_s1,down_ask_p2,down_ask_s2,up_spread,down_spread,eth_price,eth_oracle_ts
1776222901.424,1.424,0.46,10.0,0.43,10.0,0.48,5.0,0.51,5.0,0.52,5.0,0.51,12.0,0.67,300.0,0.69,390.0,0.02,0.15,2323.874491,1776222900000
1776222901.744,1.744,0.46,10.0,0.43,10.0,0.48,5.0,0.51,5.0,0.64,75.0,0.62,65.0,0.67,291.94,0.69,385.0,0.02,0.03,2323.874491,1776222900000
1776222902.059,2.059,0.33,291.94,0.31,385.0,0.36,3.96,0.38,65.0,0.64,30.94,0.62,65.0,0.67,291.94,0.69,385.0,0.03,0.03,2323.874491,1776222900000
1776222902.368,2.368,0.33,278.88,0.31,385.0,0.35,133.0,0.36,25.96,0.64,3.96,0.62,65.0,0.67,283.88,0.69,385.0,0.02,0.03,2323.546775,1776222901000
1776222902.623,2.623,0.33,254.82,0.31,385.0,0.35,133.0,0.36,3.96,0.65,133.0,0.64,14.96,0.67,260.82,0.69,385.0,0.02,0.02,2323.546775,1776222901000
1776222903.146,3.146,0.33,254.82,0.31,385.0,0.35,133.0,0.36,3.96,0.65,133.0,0.64,3.96,0.67,254.82,0.69,385.0,0.02,0.02,2323.120178,1776222902000
1776222903.599,3.599,0.31,371.46,0.28,70.0,0.32,43.0,0.33,29.0,0.66,5.0,0.65,84.0,0.69,371.46,0.72,140.0,0.01,0.03,2323.120178,1776222902000
1776222903.938,3.938,0.31,376.46,0.3,70.0,0.32,11.26,0.33,29.0,0.68,43.0,0.67,29.0,0.69,371.46,0.72,70.0,0.01,0.01,2323.120178,1776222902000
1776222904.307,4.307,0.31,350.01,0.3,70.0,0.32,10.0,0.33,29.0,0.68,10.0,0.67,29.0,0.69,370.01,0.7,70.0,0.01,0.01,2322.352991,1776222903000
1776222905.213,5.213,0.31,5.0,0.3,70.0,0.32,23.62,0.33,34.0,0.68,10.0,0.67,29.0,0.69,350.01,0.7,70.0,0.01,0.01,2322.352991,1776222903000
1776222905.558,5.558,0.31,2.91,0.3,70.0,0.32,18.62,0.33,39.0,0.68,23.62,0.67,34.0,0.69,5.0,0.7,70.0,0.01,0.01,2322.356678,1776222904000
1776222906.012,6.012,0.3,67.91,0.28,76.0,0.32,3.62,0.33,39.0,0.68,18.62,0.67,39.0,0.69,2.91,0.7,70.0,0.02,0.01,2322.356678,1776222904000
1776222906.242,6.242,0.3,63.5,0.28,86.0,0.31,4.0,0.32,3.62,0.69,10.0,0.68,3.62,0.7,63.5,0.72,81.0,0.01,0.01,2322.356678,1776222904000
1776222907.139,7.139,0.3,80.5,0.29,30.0,0.35,24.02,0.36,28.0,0.68,8.02,0.67,29.0,0.7,68.5,0.72,86.0,0.05,0.02,2322.43556,1776222905000
1776222907.592,7.592,0.33,15.09,0.31,5.0,0.34,20.0,0.35,15.0,0.64,23.2,0.63,30.0,0.67,6.0,0.7,74.16,0.01,0.03,2322.43556,1776222905000
1776222907.825,7.825,0.33,15.09,0.31,5.0,0.34,17.97,0.35,27.0,0.66,20.0,0.65,15.0,0.67,15.09,0.69,5.0,0.01,0.01,2322.44911,1776222906000
1776222908.062,8.062,0.33,13.44,0.31,5.0,0.34,22.97,0.35,32.0,0.66,17.97,0.65,27.0,0.67,15.09,0.69,5.0,0.01,0.01,2322.44911,1776222906000
1776222908.348,8.348,0.3,57.11,0.29,30.0,0.34,22.97,0.35,32.0,0.66,22.97,0.65,32.0,0.7,57.11,0.71,30.0,0.04,0.04,2322.50979,1776222907000
1776222909.0,9.0,0.3,52.11,0.29,35.0,0.31,9.67,0.32,10.0,0.66,22.97,0.65,32.0,0.7,57.11,0.71,30.0,0.01,0.04,2322.50979,1776222907000
1776222909.338,9.338,0.33,20.0,0.32,26.0,0.34,5.14,0.35,10.0,0.69,9.67,0.68,10.0,0.7,52.11,0.71,35.0,0.01,0.01,2322.57811,1776222908000
1776222909.559,9.559,0.36,69.86,0.35,5.0,0.37,36.0,0.38,27.0,0.63,34.0,0.62,27.0,0.64,39.86,0.67,10.0,0.01,0.01,2322.57811,1776222908000
1776222910.009,10.009,0.36,53.86,0.33,16.0,0.37,137.02,0.38,42.0,0.63,31.02,0.62,37.0,0.64,75.86,0.66,11.0,0.01,0.01,2322.57811,1776222908000
1776222910.243,10.243,0.32,5.29,0.31,17.0,0.34,30.0,0.35,20.0,0.63,137.02,0.62,50.0,0.67,16.0,0.68,11.0,0.02,0.04,2322.57811,1776222908000
1776222910.498,10.498,0.29,20.0,0.28,20.0,0.33,28.0,0.34,96.0,0.67,28.0,0.66,96.0,0.71,20.0,0.72,20.0,0.04,0.04,2322.693,1776222909000
1776222911.117,11.117,0.29,17.08,0.28,20.0,0.3,15.0,0.31,15.0,0.7,20.0,0.69,15.0,0.71,22.0,0.72,20.0,0.01,0.01,2322.693,1776222909000
1776222911.489,11.489,0.28,17.08,0.27,21.0,0.3,17.9,0.31,28.0,0.7,2.9,0.69,15.0,0.71,12.08,0.72,20.0,0.02,0.01,2322.708005,1776222910000
1776222912.518,12.518,0.28,10.0,0.27,21.0,0.29,18.1,0.3,10.16,0.71,18.1,0.7,10.16,0.72,10.0,0.73,21.0,0.01,0.01,2322.699013,1776222911000
1776222913.075,13.075,0.28,10.0,0.27,21.0,0.29,18.1,0.3,10.16,0.71,18.1,0.7,10.16,0.72,10.0,0.73,21.0,0.01,0.01,2322.698503,1776222912000
1776222913.485,13.485,0.28,39.54,0.27,21.0,0.29,8.1,0.3,5.16,0.71,11.55,0.7,10.16,0.72,29.54,0.73,21.0,0.01,0.01,2322.698503,1776222912000
1776222914.267,14.267,0.28,39.54,0.27,21.0,0.29,8.1,0.3,5.16,0.71,8.1,0.7,5.16,0.72,39.54,0.73,21.0,0.01,0.01,2322.577197,1776222913000
1776222915.422,15.422,0.28,39.54,0.27,21.0,0.29,8.1,0.3,5.16,0.71,8.1,0.7,5.16,0.72,39.54,0.73,21.0,0.01,0.01,2322.542606,1776222914000
1776222916.052,16.052,0.28,39.54,0.27,21.0,0.29,8.1,0.3,5.16,0.71,8.1,0.7,5.16,0.72,39.54,0.73,21.0,0.01,0.01,2322.56835,1776222915000
1776222917.253,17.253,0.28,39.54,0.27,21.0,0.29,8.1,0.3,5.16,0.71,8.1,0.7,5.16,0.72,39.54,0.73,21.0,0.01,0.01,2322.57805,1776222916000
1776222918.523,18.523,0.28,39.54,0.27,21.0,0.29,8.1,0.3,5.16,0.71,8.1,0.7,5.16,0.72,39.54,0.73,21.0,0.01,0.01,2322.448339,1776222917000
1776222919.01,19.01,0.28,39.54,0.27,21.0,0.29,8.1,0.3,5.16,0.71,8.1,0.7,5.16,0.72,39.54,0.73,21.0,0.01,0.01,2322.460132,1776222918000
1776222919.563,19.563,0.28,37.49,0.27,51.0,0.29,13.1,0.3,10.16,0.71,8.1,0.7,5.16,0.72,39.54,0.73,21.0,0.01,0.01,2322.460132,1776222918000
1776222920.194,20.194,0.28,37.49,0.27,51.0,0.29,13.1,0.3,10.16,0.71,13.1,0.7,10.16,0.72,37.49,0.73,51.0,0.01,0.01,2322.555775,1776222919000
1776222921.069,21.069,0.29,32.6,0.28,22.49,0.3,5.0,0.31,25.0,0.71,13.1,0.7,10.16,0.72,37.49,0.73,51.0,0.01,0.01,2322.555775,1776222919000
1776222921.387,21.387,0.29,49.6,0.28,27.49,0.31,25.0,0.32,27.0,0.69,25.0,0.68,27.0,0.71,49.6,0.72,27.49,0.02,0.02,2322.5189,1776222920000
1776222922.339,22.339,0.29,49.6,0.28,27.49,0.31,25.0,0.32,27.0,0.69,25.0,0.68,27.0,0.71,49.6,0.72,27.49,0.02,0.02,2322.56984,1776222921000
1776222922.898,22.898,0.29,49.6,0.28,27.49,0.31,25.0,0.32,27.0,0.69,25.0,0.68,27.0,0.71,49.6,0.72,27.49,0.02,0.02,2322.59823,1776222922000
1776222924.091,24.091,0.29,49.6,0.28,27.49,0.31,25.0,0.32,27.0,0.69,25.0,0.68,27.0,0.71,49.6,0.72,27.49,0.02,0.02,2322.60227,1776222923000
1776222925.155,25.155,0.29,49.6,0.28,27.49,0.31,25.0,0.32,27.0,0.69,25.0,0.68,27.0,0.71,49.6,0.72,27.49,0.02,0.02,2322.60095,1776222924000
1776222926.268,26.268,0.29,49.6,0.28,27.49,0.31,25.0,0.32,27.0,0.69,25.0,0.68,27.0,0.71,49.6,0.72,27.49,0.02,0.02,2322.59835,1776222925000
1776222927.33,27.33,0.29,49.6,0.28,27.49,0.31,25.0,0.32,27.0,0.69,25.0,0.68,27.0,0.71,49.6,0.72,27.49,0.02,0.02,2322.6067,1776222926000
1776222927.917,27.917,0.29,49.6,0.28,27.49,0.31,25.0,0.32,27.0,0.69,25.0,0.68,27.0,0.71,49.6,0.72,27.49,0.02,0.02,2322.60575,1776222927000
1776222928.439,28.439,0.29,15.0,0.28,54.25,0.3,20.0,0.31,35.0,0.69,25.0,0.68,27.0,0.71,49.6,0.72,27.49,0.01,0.02,2322.60575,1776222927000
1776222928.933,28.933,0.28,54.25,0.27,26.0,0.3,32.0,0.31,15.0,0.7,20.0,0.69,35.0,0.71,15.0,0.72,54.25,0.02,0.01,2322.60575,1776222927000
1776222929.825,29.825,0.28,74.38,0.27,26.0,0.29,15.0,0.3,32.0,0.7,32.0,0.69,15.0,0.72,54.25,0.73,26.0,0.01,0.02,2322.6195,1776222928000
1776222930.098,30.098,0.28,74.38,0.27,26.0,0.29,15.0,0.3,32.0,0.71,15.0,0.7,32.0,0.72,74.38,0.73,26.0,0.01,0.01,2322.54895,1776222929000
1776222931.2,31.2,0.28,74.38,0.27,26.0,0.29,15.0,0.3,32.0,0.71,15.0,0.7,32.0,0.72,74.38,0.73,26.0,0.01,0.01,2322.5567,1776222930000
1776222931.578,31.578,0.28,77.99,0.27,26.0,0.29,42.75,0.3,27.0,0.71,27.75,0.7,27.0,0.72,84.38,0.73,26.0,0.01,0.01,2322.5567,1776222930000
1776222932.241,32.241,0.28,81.01,0.27,26.0,0.29,42.75,0.3,27.0,0.71,42.75,0.7,27.0,0.72,81.01,0.73,26.0,0.01,0.01,2322.554495,1776222931000
1776222933.288,33.288,0.28,81.01,0.27,26.0,0.29,42.75,0.3,27.0,0.71,42.75,0.7,27.0,0.72,81.01,0.73,26.0,0.01,0.01,2322.59638,1776222932000
1776222934.388,34.388,0.28,81.01,0.27,26.0,0.29,42.75,0.3,27.0,0.71,42.75,0.7,27.0,0.72,81.01,0.73,26.0,0.01,0.01,2322.596415,1776222933000
1776222934.983,34.983,0.28,81.01,0.27,26.0,0.29,42.75,0.3,27.0,0.71,42.75,0.7,27.0,0.72,81.01,0.73,26.0,0.01,0.01,2322.54625,1776222934000
1776222936.5,36.5,0.28,81.01,0.27,26.0,0.29,42.75,0.3,27.0,0.71,42.75,0.7,27.0,0.72,81.01,0.73,26.0,0.01,0.01,2322.56909,1776222935000
1776222936.77,36.77,0.26,11.0,0.25,15.0,0.27,28.0,0.28,33.0,0.71,42.75,0.7,27.0,0.72,81.01,0.73,26.0,0.01,0.01,2322.56909,1776222935000
1776222937.531,37.531,0.23,5.0,0.22,5.0,0.24,8.25,0.26,25.0,0.76,8.25,0.74,25.0,0.77,5.0,0.78,5.0,0.01,0.01,2322.57404,1776222936000
1776222937.934,37.934,0.22,3.42,0.21,54.25,0.24,103.25,0.25,20.0,0.76,8.25,0.74,25.0,0.77,5.0,0.78,5.0,0.02,0.01,2322.57404,1776222936000
1776222938.269,38.269,0.23,4.5,0.21,56.36,0.24,108.25,0.25,20.0,0.76,103.25,0.75,20.0,0.79,51.36,0.8,15.0,0.01,0.03,2322.57404,1776222936000
1776222938.617,38.617,0.21,63.82,0.2,36.0,0.22,15.0,0.23,10.0,0.76,108.25,0.75,20.0,0.77,4.5,0.79,56.36,0.01,0.01,2322.575903,1776222937000
1776222939.135,39.135,0.21,63.82,0.2,36.0,0.22,15.0,0.23,10.0,0.78,15.0,0.77,10.0,0.79,63.82,0.8,36.0,0.01,0.01,2322.445087,1776222938000
1776222939.393,39.393,0.21,71.28,0.2,41.0,0.22,15.36,0.23,10.0,0.78,20.0,0.77,10.0,0.79,71.28,0.8,41.0,0.01,0.01,2322.445087,1776222938000
1776222940.661,40.661,0.21,69.28,0.2,41.0,0.22,15.36,0.23,10.0,0.78,15.36,0.77,10.0,0.79,69.28,0.8,41.0,0.01,0.01,2322.193552,1776222939000
1776222941.232,41.232,0.21,88.89,0.2,41.0,0.22,15.36,0.23,10.0,0.78,15.36,0.77,10.0,0.79,88.89,0.8,41.0,0.01,0.01,2322.193552,1776222940000
1776222942.498,42.498,0.21,88.89,0.2,41.0,0.23,8.92,0.24,68.25,0.77,8.92,0.76,68.25,0.79,88.89,0.8,41.0,0.02,0.02,2322.193447,1776222941000
1776222943.273,43.273,0.21,88.89,0.2,41.0,0.23,8.92,0.24,68.25,0.77,8.92,0.76,68.25,0.79,88.89,0.8,41.0,0.02,0.02,2322.193057,1776222942000
1776222943.737,43.737,0.22,42.51,0.21,51.6,0.23,84.57,0.24,68.25,0.77,8.92,0.76,68.25,0.79,88.89,0.8,41.0,0.01,0.02,2322.193057,1776222942000
1776222944.567,44.567,0.22,42.51,0.21,51.6,0.23,84.57,0.24,68.25,0.77,84.57,0.76,68.25,0.78,42.51,0.79,51.6,0.01,0.01,2322.193395,1776222943000
1776222945.359,45.359,0.22,42.51,0.21,51.6,0.23,84.57,0.24,68.25,0.77,84.57,0.76,68.25,0.78,42.51,0.79,51.6,0.01,0.01,2322.193395,1776222944000
1776222945.562,45.562,0.17,77.26,0.16,172.0,0.18,45.0,0.19,130.5,0.81,20.5,0.79,16.0,0.83,2.9,0.84,72.0,0.01,0.02,2322.193395,1776222944000
1776222945.792,45.792,0.16,105.31,0.15,38.2,0.17,93.0,0.18,177.0,0.82,67.0,0.81,130.5,0.83,75.75,0.84,172.0,0.01,0.01,2322.193395,1776222944000
1776222946.012,46.012,0.16,111.62,0.15,38.2,0.17,87.11,0.18,177.0,0.83,87.11,0.82,177.0,0.84,111.62,0.85,38.2,0.01,0.01,2322.264825,1776222945000
1776222946.646,46.646,0.16,107.06,0.15,73.2,0.17,67.11,0.18,77.0,0.83,87.11,0.82,177.0,0.84,111.62,0.85,38.2,0.01,0.01,2322.264825,1776222945000
1776222946.983,46.983,0.16,124.82,0.15,86.2,0.17,18.0,0.18,17.0,0.83,67.11,0.82,77.0,0.84,107.06,0.85,73.2,0.01,0.01,2322.264825,1776222945000
1776222947.328,47.328,0.17,35.74,0.16,114.82,0.18,17.0,0.19,20.5,0.82,17.0,0.81,20.5,0.84,124.82,0.85,86.2,0.01,0.02,2322.264825,1776222945000
1776222947.867,47.867,0.17,36.98,0.16,71.31,0.18,37.0,0.19,25.5,0.82,22.0,0.81,20.5,0.83,14.29,0.84,139.82,0.01,0.01,2321.892228,1776222946000
1776222948.144,48.144,0.17,153.9,0.16,470.75,0.18,22.0,0.19,25.5,0.82,37.0,0.81,25.5,0.83,36.98,0.84,71.31,0.01,0.01,2321.892228,1776222946000
1776222948.353,48.353,0.17,96.42,0.16,146.31,0.18,17.0,0.19,25.5,0.82,17.0,0.81,25.5,0.83,96.42,0.84,146.31,0.01,0.01,2321.80143,1776222947000
1776222949.413,49.413,0.17,56.6,0.16,92.31,0.18,37.0,0.19,30.5,0.82,37.0,0.81,30.5,0.83,45.49,0.84,97.31,0.01,0.01,2321.80143,1776222947000
1776222950.288,50.288,0.17,64.18,0.16,92.31,0.18,27.0,0.19,20.5,0.82,27.0,0.81,20.5,0.83,64.18,0.84,92.31,0.01,0.01,2321.83051,1776222949000
1776222951.033,51.033,0.2,88.26,0.19,27.48,0.21,10.0,0.22,30.0,0.82,27.0,0.81,20.5,0.83,64.18,0.84,92.31,0.01,0.01,2321.83051,1776222949000
1776222951.555,51.555,0.2,88.26,0.19,27.48,0.21,10.0,0.22,30.0,0.79,10.0,0.78,30.0,0.8,88.26,0.81,27.48,0.01,0.01,2321.88098,1776222950000
1776222952.336,52.336,0.2,88.26,0.19,27.48,0.21,10.0,0.22,30.0,0.79,10.0,0.78,30.0,0.8,88.26,0.81,27.48,0.01,0.01,2321.92212,1776222951000
1776222953.136,53.136,0.2,55.0,0.19,44.51,0.21,15.0,0.22,40.0,0.79,10.0,0.78,30.0,0.8,88.26,0.81,27.48,0.01,0.01,2321.92212,1776222951000
1776222953.528,53.528,0.2,55.0,0.19,44.51,0.21,15.0,0.22,40.0,0.79,15.0,0.78,40.0,0.8,55.0,0.81,44.51,0.01,0.01,2322.04755,1776222952000
1776222953.999,53.999,0.22,40.0,0.21,144.51,0.23,5.4,0.26,10.0,0.79,15.0,0.78,40.0,0.8,55.0,0.81,44.51,0.01,0.01,2322.04755,1776222952000
1776222954.229,54.229,0.26,15.0,0.24,20.0,0.27,15.0,0.28,15.0,0.74,10.0,0.73,29.0,0.77,8.6,0.78,40.0,0.01,0.03,2322.04755,1776222952000
1776222954.638,54.638,0.26,15.0,0.24,20.0,0.27,15.0,0.28,15.0,0.73,15.0,0.72,15.0,0.74,15.0,0.76,20.0,0.01,0.01,2322.073276,1776222953000
1776222955.034,55.034,0.26,50.0,0.25,25.48,0.27,7.0,0.29,10.0,0.73,10.0,0.72,5.0,0.74,25.0,0.75,15.0,0.01,0.01,2322.073276,1776222953000
1776222956.19,56.19,0.26,88.0,0.25,20.48,0.29,10.0,0.3,20.71,0.71,10.0,0.7,20.71,0.74,88.0,0.75,20.48,0.03,0.03,2322.215085,1776222955000
1776222958.019,58.019,0.26,88.0,0.25,20.48,0.29,10.0,0.3,20.71,0.71,10.0,0.7,20.71,0.74,88.0,0.75,20.48,0.03,0.03,2322.46084,1776222957000
1776222958.303,58.303,0.29,13.59,0.28,10.0,0.3,25.71,0.31,53.03,0.71,10.0,0.7,20.71,0.74,88.0,0.75,20.48,0.01,0.03,2322.46084,1776222957000
1776222959.206,59.206,0.29,13.59,0.28,10.0,0.3,25.71,0.31,53.03,0.7,25.71,0.69,53.03,0.71,13.59,0.72,10.0,0.01,0.01,2322.54303,1776222958000
1776222960.276,60.276,0.29,13.59,0.28,10.0,0.3,25.71,0.31,53.03,0.7,25.71,0.69,53.03,0.71,13.59,0.72,10.0,0.01,0.01,2322.550225,1776222959000
1776222960.766,60.766,0.29,10.0,0.28,38.0,0.33,30.0,0.34,37.0,0.7,25.71,0.69,53.03,0.71,13.59,0.72,10.0,0.04,0.01,2322.550225,1776222959000
1776222960.996,60.996,0.31,11.53,0.3,15.0,0.33,2.03,0.34,22.0,0.67,2.03,0.66,22.0,0.68,10.0,0.69,15.53,0.02,0.01,2322.550225,1776222959000
1776222961.28,61.28,0.31,6.38,0.3,15.0,0.32,25.0,0.33,7.03,0.68,25.0,0.67,7.03,0.69,6.38,0.7,15.0,0.01,0.01,2322.55019,1776222960000
1776222961.626,61.626,0.31,0.38,0.3,15.0,0.32,25.0,0.33,49.38,0.68,25.0,0.67,7.03,0.69,6.38,0.7,15.0,0.01,0.01,2322.55019,1776222960000
1776222961.912,61.912,0.31,10.38,0.3,15.0,0.32,13.82,0.33,49.38,0.68,25.0,0.67,49.38,0.69,0.38,0.7,15.0,0.01,0.01,2322.55019,1776222960000
1776222962.472,62.472,0.31,10.38,0.3,15.0,0.32,13.82,0.33,49.38,0.68,13.82,0.67,49.38,0.69,10.38,0.7,15.0,0.01,0.01,2322.570972,1776222961000
1776222962.952,62.952,0.31,10.38,0.3,15.0,0.32,13.82,0.33,49.38,0.68,13.82,0.67,49.38,0.69,10.38,0.7,15.0,0.01,0.01,2322.715095,1776222962000
1776222963.829,63.829,0.31,0.38,0.3,30.0,0.32,17.43,0.33,44.38,0.68,12.43,0.67,49.38,0.69,5.38,0.7,30.0,0.01,0.01,2322.715095,1776222962000
1776222964.049,64.049,0.31,0.38,0.3,30.0,0.32,17.43,0.33,44.38,0.68,17.43,0.67,44.38,0.69,0.38,0.7,30.0,0.01,0.01,2322.719535,1776222963000
1776222965.018,65.018,0.3,11.43,0.29,51.0,0.32,22.43,0.33,49.38,0.68,22.43,0.67,49.38,0.7,11.43,0.71,51.0,0.02,0.02,2322.753055,1776222964000
1776222965.99,65.99,0.3,11.43,0.29,51.0,0.32,22.43,0.33,49.38,0.68,22.43,0.67,49.38,0.7,11.43,0.71,51.0,0.02,0.02,2322.75291,1776222965000
1776222966.229,66.229,0.3,16.43,0.29,16.0,0.32,27.0,0.33,7.03,0.68,22.43,0.67,49.38,0.7,11.43,0.71,51.0,0.02,0.02,2322.75291,1776222965000
1776222967.089,67.089,0.26,14.35,0.25,57.0,0.31,10.0,0.32,27.0,0.68,27.0,0.67,7.03,0.7,16.43,0.71,16.0,0.05,0.02,2322.75291,1776222965000
1776222967.36,67.36,0.29,24.0,0.28,32.48,0.31,10.5,0.32,27.0,0.69,10.0,0.68,27.0,0.74,14.35,0.75,57.0,0.02,0.05,2322.75291,1776222965000
1776222968.005,68.005,0.29,24.0,0.28,32.48,0.31,10.5,0.32,27.0,0.69,10.5,0.68,27.0,0.71,24.0,0.72,32.48,0.02,0.02,2322.74692,1776222967000
1776222968.494,68.494,0.3,57.48,0.29,65.48,0.33,15.0,0.34,23.0,0.69,10.5,0.68,27.0,0.71,24.0,0.72,32.48,0.03,0.02,2322.74692,1776222967000
1776222968.837,68.837,0.31,47.0,0.3,42.48,0.33,13.81,0.34,23.0,0.67,15.0,0.66,23.0,0.7,57.48,0.71,65.48,0.02,0.03,2322.74692,1776222967000
1776222969.66,69.66,0.31,47.0,0.3,42.48,0.33,13.81,0.34,23.0,0.67,13.81,0.66,23.0,0.69,47.0,0.7,42.48,0.02,0.02,2322.7364,1776222968000
1776222970.144,70.144,0.31,47.0,0.3,42.48,0.33,13.81,0.34,23.0,0.67,13.81,0.66,23.0,0.69,47.0,0.7,42.48,0.02,0.02,2322.75048,1776222969000
1776222971.172,71.172,0.31,47.0,0.3,42.48,0.33,13.81,0.34,23.0,0.67,13.81,0.66,23.0,0.69,47.0,0.7,42.48,0.02,0.02,2322.83794,1776222970000
1776222972.226,72.226,0.31,47.0,0.3,42.48,0.33,13.81,0.34,23.0,0.67,13.81,0.66,23.0,0.69,47.0,0.7,42.48,0.02,0.02,2322.842805,1776222971000
1776222973.349,73.349,0.31,47.0,0.3,42.48,0.33,13.81,0.34,23.0,0.67,13.81,0.66,23.0,0.69,47.0,0.7,42.48,0.02,0.02,2322.8758,1776222972000
1776222974.32,74.32,0.31,47.0,0.3,42.48,0.33,13.81,0.34,23.0,0.67,13.81,0.66,23.0,0.69,47.0,0.7,42.48,0.02,0.02,2322.8932,1776222973000
1776222974.835,74.835,0.31,47.0,0.3,42.48,0.33,13.81,0.34,23.0,0.67,13.81,0.66,23.0,0.69,47.0,0.7,42.48,0.02,0.02,2322.8932,1776222974000
1776222975.09,75.09,0.32,34.75,0.31,57.99,0.33,22.81,0.34,15.0,0.67,13.81,0.66,23.0,0.69,47.0,0.7,42.48,0.01,0.02,2322.8932,1776222974000
1776222975.645,75.645,0.41,10.0,0.4,22.0,0.45,10.0,0.46,33.5,0.67,22.81,0.66,15.0,0.68,34.75,0.69,57.99,0.04,0.01,2322.8932,1776222974000
1776222975.876,75.876,0.45,15.0,0.44,38.0,0.46,3.4,0.47,14.0,0.54,3.4,0.53,14.0,0.55,15.0,0.56,38.0,0.01,0.01,2322.8932,1776222975000
1776222976.217,76.217,0.48,10.0,0.47,10.0,0.49,7.25,0.5,32.74,0.53,7.9,0.52,13.0,0.55,50.0,0.56,33.0,0.01,0.02,2322.8932,1776222975000
1776222976.669,76.669,0.48,11.45,0.47,20.0,0.49,14.25,0.5,32.74,0.51,9.25,0.5,32.74,0.52,13.53,0.53,10.0,0.01,0.01,2322.8932,1776222975000
1776222976.882,76.882,0.48,5.0,0.47,20.0,0.49,17.2,0.5,32.74,0.51,9.25,0.5,32.74,0.52,6.45,0.53,20.0,0.01,0.01,2322.8932,1776222975000
1776222977.112,77.112,0.47,20.0,0.46,20.0,0.49,27.2,0.5,37.74,0.51,17.2,0.5,32.74,0.52,5.0,0.53,20.0,0.02,0.01,2322.899225,1776222976000
1776222977.961,77.961,0.47,20.0,0.46,20.0,0.49,27.2,0.5,37.74,0.51,27.2,0.5,37.74,0.53,20.0,0.54,20.0,0.02,0.02,2323.55353,1776222977000
1776222978.231,78.231,0.48,16.56,0.47,25.0,0.49,79.37,0.5,37.74,0.51,27.2,0.5,37.74,0.53,20.0,0.54,20.0,0.01,0.02,2323.55353,1776222977000
1776222979.086,79.086,0.48,16.56,0.47,25.0,0.49,84.37,0.5,37.74,0.51,79.37,0.5,37.74,0.52,16.56,0.53,25.0,0.01,0.01,2323.55353,1776222977000
1776222979.46,79.46,0.48,16.56,0.47,25.0,0.49,93.37,0.5,32.74,0.51,84.37,0.5,37.74,0.52,16.56,0.53,25.0,0.01,0.01,2323.58744,1776222978000
1776222980.084,80.084,0.48,16.56,0.47,25.0,0.49,93.37,0.5,32.74,0.51,93.37,0.5,32.74,0.52,16.56,0.53,25.0,0.01,0.01,2323.65191,1776222979000
1776222981.103,81.103,0.48,16.56,0.47,25.0,0.49,93.37,0.5,32.74,0.51,93.37,0.5,32.74,0.52,16.56,0.53,25.0,0.01,0.01,2323.6522,1776222980000
1776222981.964,81.964,0.49,140.0,0.48,80.07,0.5,1.62,0.53,20.0,0.51,93.37,0.5,32.74,0.52,16.56,0.53,25.0,0.01,0.01,2323.6522,1776222980000
1776222982.317,82.317,0.52,10.2,0.51,25.0,0.56,7.9,0.57,16.6,0.44,7.9,0.43,16.6,0.46,9.25,0.48,10.0,0.04,0.02,2323.667325,1776222981000
1776222982.528,82.528,0.56,10.0,0.55,15.0,0.57,18.56,0.59,6.01,0.43,5.56,0.39,50.0,0.48,20.2,0.49,25.0,0.01,0.05,2323.667325,1776222981000
1776222983.08,83.08,0.56,52.72,0.55,20.0,0.57,13.56,0.58,5.0,0.43,18.56,0.41,6.01,0.44,10.0,0.45,15.0,0.01,0.01,2323.667325,1776222981000
1776222983.467,83.467,0.56,47.72,0.55,20.0,0.57,5.09,0.58,5.0,0.43,5.09,0.42,5.0,0.44,47.72,0.45,20.0,0.01,0.01,2323.664785,1776222982000
1776222984.227,84.227,0.56,47.72,0.55,20.0,0.57,5.09,0.58,5.0,0.43,5.09,0.42,5.0,0.44,47.72,0.45,20.0,0.01,0.01,2323.938778,1776222983000
1776222984.555,84.555,0.57,40.0,0.56,42.72,0.58,10.0,0.59,14.0,0.43,5.09,0.42,5.0,0.44,47.72,0.45,20.0,0.01,0.01,2323.938778,1776222983000
1776222984.831,84.831,0.57,36.94,0.56,42.72,0.58,5.0,0.59,14.0,0.42,10.0,0.41,14.0,0.43,40.0,0.44,42.72,0.01,0.01,2323.938778,1776222983000
1776222985.224,85.224,0.57,31.94,0.56,42.72,0.64,7.2,0.65,10.0,0.42,5.0,0.41,14.0,0.43,36.94,0.44,42.72,0.07,0.01,2323.938778,1776222983000
1776222985.507,85.507,0.62,14.0,0.61,20.0,0.63,65.39,0.64,28.2,0.36,7.2,0.35,10.0,0.43,31.94,0.44,42.72,0.01,0.07,2324.08549,1776222984000
1776222985.895,85.895,0.61,15.0,0.6,15.0,0.62,77.39,0.63,25.0,0.37,65.39,0.36,28.2,0.39,20.0,0.4,10.0,0.01,0.02,2324.08549,1776222984000
1776222986.132,86.132,0.61,10.0,0.6,15.0,0.62,75.55,0.63,25.0,0.38,75.55,0.37,25.0,0.39,10.0,0.4,15.0,0.01,0.01,2324.09549,1776222985000
1776222986.824,86.824,0.61,7.24,0.6,15.0,0.62,77.39,0.63,25.0,0.38,75.55,0.37,25.0,0.39,10.0,0.4,15.0,0.01,0.01,2324.09549,1776222985000
1776222987.055,87.055,0.61,2.24,0.6,15.0,0.62,72.39,0.63,25.0,0.38,77.39,0.37,25.0,0.39,7.24,0.4,15.0,0.01,0.01,2324.09549,1776222985000
1776222987.37,87.37,0.6,4.68,0.59,15.0,0.62,67.39,0.63,25.0,0.38,67.39,0.37,25.0,0.4,4.68,0.41,15.0,0.02,0.02,2324.085885,1776222986000
1776222987.907,87.907,0.6,4.68,0.59,15.0,0.62,67.39,0.63,25.0,0.38,67.39,0.37,25.0,0.4,4.68,0.41,15.0,0.02,0.02,2324.084425,1776222987000
1776222988.883,88.883,0.57,9.32,0.56,10.0,0.58,18.0,0.59,80.0,0.38,67.39,0.37,25.0,0.4,4.68,0.41,15.0,0.01,0.02,2324.084425,1776222987000
1776222989.093,89.093,0.47,4.09,0.46,47.51,0.48,10.0,0.49,10.0,0.49,10.0,0.48,10.0,0.53,14.19,0.54,50.51,0.01,0.04,2324.07979,1776222988000
1776222989.393,89.393,0.47,7.53,0.46,30.51,0.48,22.0,0.49,22.0,0.52,10.0,0.51,10.0,0.53,4.09,0.54,47.51,0.01,0.01,2324.07979,1776222988000
1776222990.03,90.03,0.47,44.88,0.46,37.0,0.48,7.0,0.49,12.0,0.52,22.0,0.51,22.0,0.53,7.53,0.54,30.51,0.01,0.01,2324.07979,1776222988000
1776222990.359,90.359,0.47,44.88,0.46,37.0,0.48,7.0,0.49,12.0,0.52,7.0,0.51,12.0,0.53,44.88,0.54,37.0,0.01,0.01,2324.146904,1776222989000
1776222990.951,90.951,0.47,37.3,0.46,38.0,0.48,7.0,0.49,17.0,0.52,7.0,0.51,17.0,0.53,37.3,0.54,38.0,0.01,0.01,2324.08165,1776222990000
1776222991.824,91.824,0.47,5.0,0.46,32.0,0.48,94.0,0.49,27.0,0.52,7.0,0.51,17.0,0.53,37.3,0.54,38.0,0.01,0.01,2324.08165,1776222990000
1776222992.09,92.09,0.47,2.52,0.46,38.0,0.48,94.0,0.49,27.0,0.52,94.0,0.51,27.0,0.53,5.0,0.54,32.0,0.01,0.01,2323.756633,1776222991000
1776222992.518,92.518,0.46,37.52,0.45,37.48,0.48,89.0,0.49,27.0,0.52,94.0,0.51,27.0,0.53,2.52,0.54,38.0,0.02,0.01,2323.756633,1776222991000
1776222992.826,92.826,0.47,12.55,0.46,32.52,0.48,96.91,0.49,27.0,0.52,94.0,0.51,27.0,0.53,12.55,0.54,32.52,0.01,0.01,2323.756633,1776222991000
1776222993.153,93.153,0.47,14.55,0.46,32.52,0.48,91.91,0.49,27.0,0.52,96.91,0.51,27.0,0.53,12.55,0.54,32.52,0.01,0.01,2323.756633,1776222991000
1776222993.953,93.953,0.47,5.21,0.46,36.52,0.48,96.91,0.49,32.0,0.52,91.91,0.51,27.0,0.53,14.55,0.54,32.52,0.01,0.01,2323.696457,1776222992000
1776222994.462,94.462,0.47,5.21,0.46,36.52,0.48,96.91,0.49,32.0,0.52,96.91,0.51,32.0,0.53,5.21,0.54,36.52,0.01,0.01,2323.632175,1776222993000
1776222994.96,94.96,0.47,15.0,0.46,36.52,0.48,85.66,0.49,32.0,0.52,96.91,0.51,32.0,0.53,5.21,0.54,36.52,0.01,0.01,2323.632175,1776222993000
1776222995.174,95.174,0.47,15.0,0.46,36.52,0.48,85.66,0.49,32.0,0.52,85.66,0.51,32.0,0.53,15.0,0.54,36.52,0.01,0.01,2323.67352,1776222994000
1776222996.319,96.319,0.47,15.0,0.46,36.52,0.48,85.66,0.49,32.0,0.52,85.66,0.51,32.0,0.53,15.0,0.54,36.52,0.01,0.01,2323.604178,1776222995000
1776222997.048,97.048,0.47,15.0,0.46,36.52,0.48,85.66,0.49,32.0,0.52,85.66,0.51,32.0,0.53,15.0,0.54,36.52,0.01,0.01,2323.605483,1776222996000
1776222998.452,98.452,0.46,11.52,0.45,16.0,0.48,56.0,0.49,38.0,0.52,85.66,0.51,32.0,0.53,15.0,0.54,36.52,0.02,0.01,2323.605483,1776222996000
1776222998.738,98.738,0.46,11.52,0.45,16.0,0.48,56.0,0.49,38.0,0.52,56.0,0.51,38.0,0.54,11.52,0.55,16.0,0.02,0.02,2323.67914,1776222997000
1776222999.732,99.732,0.46,21.44,0.45,31.0,0.47,34.0,0.48,26.0,0.52,56.0,0.51,38.0,0.54,11.52,0.55,16.0,0.01,0.02,2323.67914,1776222997000
1776223000.464,100.464,0.46,21.44,0.45,31.0,0.47,34.0,0.48,26.0,0.53,34.0,0.52,26.0,0.54,21.44,0.55,31.0,0.01,0.01,2323.620105,1776222999000
1776223001.009,101.009,0.46,12.27,0.45,37.99,0.47,39.0,0.48,26.0,0.53,39.0,0.52,26.0,0.54,12.27,0.55,37.99,0.01,0.01,2323.603419,1776223000000
1776223002.265,102.265,0.46,12.27,0.45,37.99,0.47,39.0,0.48,26.0,0.53,39.0,0.52,26.0,0.54,12.27,0.55,37.99,0.01,0.01,2323.603419,1776223001000
1776223003.064,103.064,0.48,89.99,0.47,60.99,0.5,2.2,0.51,11.0,0.53,39.0,0.52,26.0,0.54,12.27,0.55,37.99,0.02,0.01,2323.603419,1776223001000
1776223003.374,103.374,0.48,89.99,0.47,60.99,0.5,2.2,0.51,11.0,0.5,2.2,0.49,11.0,0.52,89.99,0.53,60.99,0.02,0.02,2323.72759,1776223002000
1776223003.923,103.923,0.48,89.99,0.47,60.99,0.5,2.2,0.51,11.0,0.5,2.2,0.49,11.0,0.52,89.99,0.53,60.99,0.02,0.02,2323.671025,1776223003000
1776223005.029,105.029,0.49,96.99,0.48,74.99,0.51,9.15,0.52,5.0,0.49,9.15,0.48,5.0,0.51,96.99,0.52,74.99,0.02,0.02,2323.76217,1776223004000
1776223005.383,105.383,0.5,55.1,0.49,76.99,0.51,9.15,0.52,10.0,0.49,9.15,0.48,5.0,0.51,96.99,0.52,74.99,0.01,0.02,2323.76217,1776223004000
1776223006.241,106.241,0.5,55.1,0.49,76.99,0.51,9.15,0.52,10.0,0.49,9.15,0.48,10.0,0.5,55.1,0.51,76.99,0.01,0.01,2323.754365,1776223005000
1776223007.126,107.126,0.49,10.0,0.45,5.0,0.51,289.0,0.52,22.0,0.49,9.15,0.48,10.0,0.5,55.1,0.51,76.99,0.02,0.01,2323.754365,1776223005000
1776223007.348,107.348,0.41,2.91,0.4,5.0,0.43,20.0,0.44,10.0,0.57,15.0,0.56,10.0,0.58,5.86,0.59,5.0,0.02,0.01,2323.754365,1776223005000
1776223007.559,107.559,0.4,1.91,0.39,30.0,0.42,34.0,0.43,34.0,0.58,5.0,0.57,69.0,0.59,2.91,0.6,5.0,0.02,0.01,2323.75903,1776223006000
1776223007.849,107.849,0.4,1.91,0.39,30.0,0.42,34.0,0.43,34.0,0.58,34.0,0.57,34.0,0.6,1.91,0.61,30.0,0.02,0.02,2323.757515,1776223007000
1776223008.331,108.331,0.39,25.0,0.38,68.99,0.41,23.0,0.42,40.0,0.58,34.0,0.57,34.0,0.6,1.91,0.61,30.0,0.02,0.02,2323.757515,1776223007000
1776223009.123,109.123,0.39,25.0,0.38,68.99,0.41,23.0,0.42,40.0,0.59,23.0,0.58,40.0,0.61,25.0,0.62,68.99,0.02,0.02,2323.561005,1776223008000
1776223009.947,109.947,0.4,55.15,0.39,43.99,0.41,49.0,0.42,34.0,0.59,23.0,0.58,40.0,0.61,25.0,0.62,68.99,0.01,0.02,2323.561005,1776223008000
1776223010.196,110.196,0.4,55.15,0.39,43.99,0.41,49.0,0.42,34.0,0.59,49.0,0.58,34.0,0.6,55.15,0.61,43.99,0.01,0.01,2323.350454,1776223009000
1776223011.396,111.396,0.4,47.96,0.39,38.99,0.41,49.0,0.42,24.0,0.59,49.0,0.58,24.0,0.6,47.96,0.61,38.99,0.01,0.01,2323.357793,1776223010000
1776223012.046,112.046,0.4,47.96,0.39,38.99,0.41,49.0,0.42,24.0,0.59,49.0,0.58,24.0,0.6,47.96,0.61,38.99,0.01,0.01,2323.40632,1776223011000
1776223013.184,113.184,0.39,58.99,0.38,59.0,0.4,45.47,0.41,64.0,0.59,49.0,0.58,24.0,0.6,47.96,0.61,38.99,0.01,0.01,2323.40632,1776223011000
1776223015.232,115.232,0.39,58.99,0.38,59.0,0.4,45.47,0.41,64.0,0.6,45.47,0.59,64.0,0.61,58.99,0.62,59.0,0.01,0.01,2323.3534,1776223014000
1776223016.814,116.814,0.39,58.99,0.38,59.0,0.4,45.47,0.41,64.0,0.6,45.47,0.59,64.0,0.61,58.99,0.62,59.0,0.01,0.01,2323.3537,1776223015000
1776223017.61,117.61,0.39,58.99,0.38,59.0,0.4,45.47,0.41,64.0,0.6,45.47,0.59,64.0,0.61,58.99,0.62,59.0,0.01,0.01,2323.346415,1776223016000
1776223018.031,118.031,0.39,100.99,0.38,62.0,0.41,5.0,0.42,5.0,0.6,45.47,0.59,64.0,0.61,58.99,0.62,59.0,0.02,0.01,2323.346415,1776223016000
1776223018.352,118.352,0.39,100.99,0.38,62.0,0.41,5.0,0.42,5.0,0.59,5.0,0.58,5.0,0.61,100.99,0.62,62.0,0.02,0.02,2323.34189,1776223017000
1776223018.592,118.592,0.42,53.27,0.41,41.99,0.43,35.0,0.44,5.0,0.59,5.0,0.58,5.0,0.61,100.99,0.62,62.0,0.01,0.02,2323.34189,1776223017000
1776223019.032,119.032,0.42,53.27,0.41,41.99,0.43,35.0,0.44,5.0,0.57,35.0,0.56,5.0,0.58,53.27,0.59,41.99,0.01,0.01,2323.34189,1776223018000
1776223020.331,120.331,0.42,20.0,0.41,20.0,0.43,13.0,0.44,34.0,0.57,35.0,0.56,5.0,0.58,53.27,0.59,41.99,0.01,0.01,2323.34189,1776223018000
1776223021.305,121.305,0.42,25.0,0.41,20.0,0.43,1.75,0.44,34.0,0.57,1.75,0.56,34.0,0.58,25.0,0.59,20.0,0.01,0.01,2323.49307,1776223020000
1776223022.083,122.083,0.42,11.37,0.41,15.0,0.43,5.0,0.44,34.0,0.57,1.75,0.56,34.0,0.58,25.0,0.59,20.0,0.01,0.01,2323.49307,1776223020000
1776223022.843,122.843,0.42,11.37,0.41,15.0,0.43,5.0,0.44,34.0,0.57,5.0,0.56,34.0,0.58,11.37,0.59,15.0,0.01,0.01,2323.53604,1776223021000
1776223023.57,123.57,0.42,11.37,0.41,15.0,0.43,5.0,0.44,34.0,0.57,5.0,0.56,34.0,0.58,11.37,0.59,15.0,0.01,0.01,2323.523964,1776223022000
1776223024.261,124.261,0.42,11.37,0.41,15.0,0.43,5.0,0.44,34.0,0.57,5.0,0.56,34.0,0.58,11.37,0.59,15.0,0.01,0.01,2323.45131,1776223023000
1776223025.637,125.637,0.42,11.37,0.41,15.0,0.43,5.0,0.44,34.0,0.57,5.0,0.56,34.0,0.58,11.37,0.59,15.0,0.01,0.01,2323.452215,1776223024000
1776223026.303,126.303,0.42,11.37,0.41,15.0,0.43,5.0,0.44,34.0,0.57,5.0,0.56,34.0,0.58,11.37,0.59,15.0,0.01,0.01,2323.461805,1776223025000
1776223026.909,126.909,0.49,35.0,0.48,25.0,0.51,1.43,0.52,5.0,0.52,5.0,0.51,5.0,0.55,85.0,0.56,35.0,0.02,0.03,2323.461805,1776223025000
1776223028.618,128.618,0.5,10.0,0.49,35.0,0.52,5.0,0.53,5.0,0.48,5.0,0.47,5.0,0.5,10.0,0.51,35.0,0.02,0.02,2323.482399,1776223027000
1776223029.341,129.341,0.51,45.0,0.5,25.0,0.52,4.8,0.53,5.0,0.48,4.8,0.47,5.0,0.49,45.0,0.5,25.0,0.01,0.01,2323.618395,1776223028000
1776223030.197,130.197,0.51,45.0,0.5,25.0,0.52,4.8,0.53,5.0,0.48,4.8,0.47,5.0,0.49,45.0,0.5,25.0,0.01,0.01,2323.64091,1776223029000
1776223030.548,130.548,0.54,60.0,0.53,25.0,0.55,5.28,0.58,10.0,0.48,4.8,0.47,5.0,0.49,45.0,0.5,25.0,0.01,0.01,2323.64091,1776223029000
1776223031.09,131.09,0.56,10.0,0.55,15.0,0.58,20.0,0.59,15.0,0.42,10.0,0.41,5.0,0.46,60.0,0.47,25.0,0.02,0.04,2323.64091,1776223029000
1776223031.618,131.618,0.56,10.0,0.55,15.0,0.58,20.0,0.59,15.0,0.42,20.0,0.41,15.0,0.44,10.0,0.45,15.0,0.02,0.02,2323.746318,1776223030000
1776223032.359,132.359,0.56,12.72,0.55,15.0,0.58,61.0,0.59,15.0,0.42,61.0,0.41,15.0,0.44,12.72,0.45,15.0,0.02,0.02,2323.8087,1776223031000
1776223033.101,133.101,0.56,12.72,0.55,15.0,0.58,61.0,0.59,15.0,0.42,61.0,0.41,15.0,0.44,12.72,0.45,15.0,0.02,0.02,2323.831081,1776223032000
1776223033.305,133.305,0.56,7.72,0.55,15.0,0.57,20.0,0.58,44.0,0.42,61.0,0.41,15.0,0.44,12.72,0.45,15.0,0.01,0.02,2323.831081,1776223032000
1776223034.11,134.11,0.56,13.12,0.55,15.0,0.57,10.1,0.58,44.0,0.43,20.0,0.42,44.0,0.44,7.72,0.45,15.0,0.01,0.01,2323.831081,1776223032000
1776223034.453,134.453,0.56,13.12,0.55,15.0,0.57,10.1,0.58,44.0,0.43,10.1,0.42,44.0,0.44,13.12,0.45,15.0,0.01,0.01,2323.831607,1776223033000
1776223034.936,134.936,0.56,13.12,0.55,15.0,0.57,10.1,0.58,44.0,0.43,10.1,0.42,44.0,0.44,13.12,0.45,15.0,0.01,0.01,2323.831607,1776223034000
1776223035.39,135.39,0.56,13.12,0.55,15.0,0.58,44.0,0.59,15.0,0.43,10.1,0.42,44.0,0.44,13.12,0.45,15.0,0.02,0.01,2323.831607,1776223034000
1776223036.096,136.096,0.56,13.12,0.55,15.0,0.58,44.0,0.59,15.0,0.42,44.0,0.41,15.0,0.44,13.12,0.45,15.0,0.02,0.02,2323.837455,1776223035000
1776223036.728,136.728,0.56,3.32,0.55,15.0,0.58,79.27,0.59,15.0,0.42,79.27,0.41,15.0,0.44,13.12,0.45,15.0,0.02,0.02,2323.837455,1776223035000
1776223037.177,137.177,0.56,8.0,0.55,15.0,0.58,79.27,0.59,15.0,0.42,79.27,0.41,15.0,0.44,8.0,0.45,15.0,0.02,0.02,2323.84417,1776223036000
1776223038.322,138.322,0.56,8.0,0.55,15.0,0.58,79.27,0.59,15.0,0.42,79.27,0.41,15.0,0.44,8.0,0.45,15.0,0.02,0.02,2323.877231,1776223037000
1776223038.873,138.873,0.56,8.0,0.55,15.0,0.58,79.27,0.59,15.0,0.42,79.27,0.41,15.0,0.44,8.0,0.45,15.0,0.02,0.02,2323.88321,1776223038000
1776223039.278,139.278,0.57,25.0,0.56,18.0,0.58,12.97,0.59,15.0,0.42,79.27,0.41,15.0,0.44,8.0,0.45,15.0,0.01,0.02,2323.88321,1776223038000
1776223039.812,139.812,0.57,25.0,0.56,18.0,0.58,12.97,0.59,15.0,0.42,12.97,0.41,15.0,0.43,25.0,0.44,18.0,0.01,0.01,2323.8795,1776223039000
1776223040.953,140.953,0.57,25.0,0.56,18.0,0.58,12.97,0.59,15.0,0.42,12.97,0.41,15.0,0.43,25.0,0.44,18.0,0.01,0.01,2323.8794,1776223040000
1776223041.517,141.517,0.58,4.49,0.57,20.0,0.59,10.0,0.6,5.0,0.42,12.97,0.41,15.0,0.43,25.0,0.44,18.0,0.01,0.01,2323.8794,1776223040000
1776223042.011,142.011,0.58,4.49,0.57,20.0,0.59,10.0,0.6,5.0,0.41,10.0,0.4,5.0,0.42,4.49,0.43,20.0,0.01,0.01,2323.8846,1776223041000
1776223042.421,142.421,0.44,3.91,0.43,45.0,0.45,10.0,0.46,15.0,0.44,20.0,0.43,191.0,0.56,3.91,0.57,45.0,0.01,0.12,2323.8846,1776223041000
1776223042.802,142.802,0.44,15.0,0.43,50.0,0.47,15.0,0.48,15.0,0.55,10.0,0.54,15.0,0.56,3.91,0.57,45.0,0.03,0.01,2323.8846,1776223041000
1776223043.039,143.039,0.44,6.0,0.43,15.0,0.45,61.0,0.46,15.0,0.53,15.0,0.52,15.0,0.56,15.0,0.57,50.0,0.01,0.03,2323.8946,1776223042000
1776223044.023,144.023,0.43,10.46,0.42,5.0,0.44,10.25,0.45,51.0,0.56,10.25,0.55,51.0,0.57,10.46,0.58,5.0,0.01,0.01,2323.820139,1776223043000
1776223045.09,145.09,0.43,10.46,0.42,5.0,0.44,10.25,0.45,51.0,0.56,10.25,0.55,51.0,0.57,10.46,0.58,5.0,0.01,0.01,2323.60117,1776223044000
1776223045.777,145.777,0.44,30.0,0.43,35.56,0.47,5.0,0.48,5.0,0.56,10.25,0.55,51.0,0.57,10.46,0.58,5.0,0.03,0.01,2323.60117,1776223044000
1776223046.103,146.103,0.44,30.0,0.43,35.56,0.47,5.0,0.48,5.0,0.53,5.0,0.52,5.0,0.56,30.0,0.57,35.56,0.03,0.03,2323.569865,1776223045000
1776223046.624,146.624,0.47,35.0,0.46,20.0,0.49,3.44,0.5,5.0,0.53,5.0,0.52,5.0,0.56,30.0,0.57,35.56,0.02,0.03,2323.569865,1776223045000
1776223046.996,146.996,0.37,1.0,0.36,15.0,0.44,138.0,0.45,10.0,0.51,3.44,0.5,5.0,0.53,35.0,0.54,20.0,0.07,0.02,2323.569865,1776223045000
1776223047.339,147.339,0.32,21.33,0.31,5.0,0.34,70.57,0.35,39.0,0.65,74.0,0.64,15.0,0.67,0.9,0.68,16.33,0.02,0.02,2323.58183,1776223046000
1776223048.168,148.168,0.32,12.46,0.31,15.0,0.33,58.0,0.34,4.17,0.66,11.74,0.65,39.0,0.68,21.33,0.69,5.0,0.01,0.02,2323.58183,1776223046000
1776223048.633,148.633,0.32,17.46,0.31,15.0,0.33,22.36,0.34,4.17,0.67,52.36,0.66,4.17,0.68,12.46,0.69,15.0,0.01,0.01,2323.5713,1776223047000
1776223049.783,149.783,0.32,17.46,0.31,15.0,0.33,22.36,0.34,4.17,0.67,22.36,0.66,4.17,0.68,17.46,0.69,15.0,0.01,0.01,2323.18248,1776223048000
1776223050.426,150.426,0.32,17.46,0.31,15.0,0.33,22.36,0.34,4.17,0.67,22.36,0.66,4.17,0.68,17.46,0.69,15.0,0.01,0.01,2323.0944,1776223049000
1776223051.117,151.117,0.32,17.46,0.31,15.0,0.33,22.36,0.34,4.17,0.67,22.36,0.66,4.17,0.68,17.46,0.69,15.0,0.01,0.01,2323.119793,1776223050000
1776223051.706,151.706,0.32,21.98,0.31,50.99,0.33,40.0,0.34,9.17,0.67,10.0,0.66,9.17,0.68,70.98,0.69,60.99,0.01,0.01,2323.119793,1776223050000
1776223052.291,152.291,0.32,30.0,0.31,25.0,0.33,43.33,0.34,14.17,0.67,40.0,0.66,9.17,0.68,15.98,0.69,45.0,0.01,0.01,2323.119793,1776223050000
1776223052.565,152.565,0.32,30.0,0.31,25.0,0.33,43.33,0.34,14.17,0.67,43.33,0.66,14.17,0.68,30.0,0.69,25.0,0.01,0.01,2323.14407,1776223051000
1776223053.233,153.233,0.32,30.0,0.31,25.0,0.33,43.33,0.34,14.17,0.67,43.33,0.66,14.17,0.68,30.0,0.69,25.0,0.01,0.01,2323.138485,1776223052000
1776223054.156,154.156,0.32,76.0,0.31,46.99,0.33,27.33,0.34,14.17,0.67,43.33,0.66,14.17,0.68,30.0,0.69,25.0,0.01,0.01,2323.138485,1776223052000
1776223054.696,154.696,0.32,76.0,0.31,46.99,0.33,27.33,0.34,14.17,0.67,27.33,0.66,14.17,0.68,76.0,0.69,46.99,0.01,0.01,2323.099045,1776223053000
1776223055.439,155.439,0.32,76.0,0.31,46.99,0.33,27.33,0.34,14.17,0.67,27.33,0.66,14.17,0.68,76.0,0.69,46.99,0.01,0.01,2323.12105,1776223054000
1776223056.147,156.147,0.32,76.0,0.31,46.99,0.33,27.33,0.34,14.17,0.67,27.33,0.66,14.17,0.68,76.0,0.69,46.99,0.01,0.01,2323.12306,1776223055000
1776223057.578,157.578,0.32,76.0,0.31,46.99,0.33,27.33,0.34,14.17,0.67,27.33,0.66,14.17,0.68,76.0,0.69,46.99,0.01,0.01,2323.10842,1776223056000
1776223058.275,158.275,0.32,76.0,0.31,46.99,0.33,27.33,0.34,14.17,0.67,27.33,0.66,14.17,0.68,76.0,0.69,46.99,0.01,0.01,2323.101445,1776223057000
1776223059.143,159.143,0.32,76.0,0.31,46.99,0.33,27.33,0.34,14.17,0.67,27.33,0.66,14.17,0.68,76.0,0.69,46.99,0.01,0.01,2323.103285,1776223058000
1776223060.608,160.608,0.32,76.0,0.31,46.99,0.33,27.33,0.34,14.17,0.67,27.33,0.66,14.17,0.68,76.0,0.69,46.99,0.01,0.01,2323.14974,1776223059000
1776223061.31,161.31,0.32,76.0,0.31,46.99,0.33,27.33,0.34,14.17,0.67,27.33,0.66,14.17,0.68,76.0,0.69,46.99,0.01,0.01,2323.16455,1776223060000
1776223062.124,162.124,0.32,76.0,0.31,46.99,0.33,27.33,0.34,14.17,0.67,27.33,0.66,14.17,0.68,76.0,0.69,46.99,0.01,0.01,2323.149335,1776223061000
1776223063.399,163.399,0.32,17.64,0.31,50.0,0.33,37.33,0.34,9.17,0.67,27.33,0.66,14.17,0.68,76.0,0.69,46.99,0.01,0.01,2323.149335,1776223061000
1776223064.107,164.107,0.32,17.64,0.31,50.0,0.33,37.33,0.34,9.17,0.67,37.33,0.66,9.17,0.68,17.64,0.69,50.0,0.01,0.01,2323.152385,1776223063000
1776223065.445,165.445,0.32,17.64,0.31,50.0,0.33,37.33,0.34,9.17,0.67,37.33,0.66,9.17,0.68,17.64,0.69,50.0,0.01,0.01,2323.1645,1776223064000
1776223066.536,166.536,0.32,17.64,0.31,50.0,0.33,37.33,0.34,9.17,0.67,37.33,0.66,9.17,0.68,17.64,0.69,50.0,0.01,0.01,2323.133825,1776223065000
1776223067.011,167.011,0.32,17.64,0.31,50.0,0.33,37.33,0.34,9.17,0.67,37.33,0.66,9.17,0.68,17.64,0.69,50.0,0.01,0.01,2323.129635,1776223066000
1776223068.127,168.127,0.32,17.64,0.31,50.0,0.33,37.33,0.34,9.17,0.67,37.33,0.66,9.17,0.68,17.64,0.69,50.0,0.01,0.01,2323.153485,1776223067000
1776223069.182,169.182,0.32,17.64,0.31,50.0,0.33,37.33,0.34,9.17,0.67,37.33,0.66,9.17,0.68,17.64,0.69,50.0,0.01,0.01,2323.220045,1776223068000
1776223069.778,169.778,0.37,4.0,0.36,10.0,0.38,20.0,0.39,20.0,0.67,37.33,0.66,9.17,0.68,17.64,0.69,50.0,0.01,0.01,2323.220045,1776223068000
1776223070.026,170.026,0.31,15.0,0.3,5.0,0.34,105.0,0.35,20.0,0.62,20.0,0.61,20.0,0.63,4.0,0.64,10.0,0.03,0.01,2323.220045,1776223068000
1776223071.107,171.107,0.29,33.66,0.28,12.14,0.34,151.0,0.35,20.0,0.66,151.0,0.65,20.0,0.71,33.66,0.72,12.14,0.05,0.05,2323.2379,1776223070000
1776223071.318,171.318,0.23,28.45,0.22,35.99,0.24,15.0,0.25,20.0,0.73,120.0,0.72,25.0,0.77,35.0,0.78,30.99,0.01,0.04,2323.2379,1776223070000
1776223072.101,172.101,0.23,28.45,0.22,35.99,0.24,15.0,0.25,20.0,0.76,15.0,0.75,20.0,0.77,28.45,0.78,35.99,0.01,0.01,2323.095971,1776223071000
1776223073.133,173.133,0.23,28.45,0.22,35.99,0.24,15.0,0.25,20.0,0.76,15.0,0.75,20.0,0.77,28.45,0.78,35.99,0.01,0.01,2322.867135,1776223072000
1776223074.16,174.16,0.23,28.45,0.22,35.99,0.24,15.0,0.25,20.0,0.76,15.0,0.75,20.0,0.77,28.45,0.78,35.99,0.01,0.01,2322.810351,1776223073000
1776223075.12,175.12,0.23,28.45,0.22,35.99,0.24,15.0,0.25,20.0,0.76,15.0,0.75,20.0,0.77,28.45,0.78,35.99,0.01,0.01,2322.82374,1776223074000
1776223075.828,175.828,0.21,20.39,0.2,20.0,0.23,34.0,0.24,70.0,0.76,15.0,0.75,20.0,0.77,28.45,0.78,35.99,0.02,0.01,2322.82374,1776223074000
1776223076.208,176.208,0.15,4.59,0.14,17.0,0.16,10.0,0.17,10.0,0.84,10.0,0.83,10.0,0.85,4.59,0.86,17.0,0.01,0.01,2322.7638,1776223075000
1776223076.623,176.623,0.13,10.0,0.12,75.19,0.14,11.5,0.15,15.0,0.84,45.0,0.83,10.0,0.86,3.83,0.87,25.0,0.01,0.02,2322.7638,1776223075000
1776223076.869,176.869,0.13,2.03,0.12,80.19,0.14,26.67,0.15,15.0,0.86,18.17,0.85,10.0,0.87,10.0,0.88,80.19,0.01,0.01,2322.7638,1776223075000
1776223077.137,177.137,0.13,2.03,0.12,80.19,0.14,26.67,0.15,15.0,0.86,26.67,0.85,15.0,0.87,2.03,0.88,80.19,0.01,0.01,2322.766795,1776223076000
1776223078.142,178.142,0.13,2.03,0.12,80.19,0.14,26.67,0.15,15.0,0.86,26.67,0.85,15.0,0.87,2.03,0.88,80.19,0.01,0.01,2322.482121,1776223077000
1776223079.525,179.525,0.13,2.03,0.12,80.19,0.14,26.67,0.15,15.0,0.86,26.67,0.85,15.0,0.87,2.03,0.88,80.19,0.01,0.01,2322.44137,1776223078000
1776223080.185,180.185,0.13,2.03,0.12,80.19,0.14,26.67,0.15,15.0,0.86,26.67,0.85,15.0,0.87,2.03,0.88,80.19,0.01,0.01,2322.44137,1776223079000
1776223080.476,180.476,0.17,18.79,0.16,69.0,0.18,13.74,0.19,15.0,0.82,13.74,0.81,15.0,0.83,20.0,0.84,74.0,0.01,0.01,2322.44137,1776223079000
1776223080.777,180.777,0.17,20.14,0.16,69.0,0.18,13.74,0.19,15.0,0.82,18.74,0.81,15.0,0.83,17.58,0.84,69.0,0.01,0.01,2322.44137,1776223079000
1776223081.4,181.4,0.17,20.14,0.16,69.0,0.18,13.74,0.19,15.0,0.82,13.74,0.81,15.0,0.83,20.14,0.84,69.0,0.01,0.01,2322.443011,1776223080000
1776223081.996,181.996,0.17,20.14,0.16,69.0,0.18,13.74,0.19,15.0,0.82,13.74,0.81,15.0,0.83,20.14,0.84,69.0,0.01,0.01,2322.450536,1776223081000
1776223083.203,183.203,0.17,20.14,0.16,69.0,0.18,13.74,0.19,15.0,0.82,13.74,0.81,15.0,0.83,20.14,0.84,69.0,0.01,0.01,2322.460935,1776223082000
1776223084.01,184.01,0.17,20.0,0.16,384.83,0.18,7.4,0.19,15.0,0.82,13.74,0.81,15.0,0.83,20.14,0.84,69.0,0.01,0.01,2322.460935,1776223082000
1776223084.452,184.452,0.17,20.0,0.16,384.83,0.18,7.4,0.19,15.0,0.82,7.4,0.81,15.0,0.83,20.0,0.84,384.83,0.01,0.01,2322.459325,1776223083000
1776223085.066,185.066,0.17,14.13,0.16,41.0,0.18,2.4,0.19,15.0,0.82,2.4,0.81,15.0,0.83,14.13,0.84,41.0,0.01,0.01,2322.459325,1776223084000
1776223085.745,185.745,0.17,5.0,0.16,41.0,0.18,29.26,0.19,20.0,0.82,2.4,0.81,15.0,0.83,14.13,0.84,41.0,0.01,0.01,2322.459325,1776223084000
1776223086.316,186.316,0.17,5.0,0.16,41.0,0.18,29.26,0.19,20.0,0.82,29.26,0.81,20.0,0.83,5.0,0.84,41.0,0.01,0.01,2322.458515,1776223085000
1776223086.953,186.953,0.17,5.0,0.16,41.0,0.18,29.26,0.19,20.0,0.82,29.26,0.81,20.0,0.83,5.0,0.84,41.0,0.01,0.01,2322.458515,1776223086000
1776223088.185,188.185,0.17,5.0,0.16,41.0,0.18,29.26,0.19,20.0,0.82,29.26,0.81,20.0,0.83,5.0,0.84,41.0,0.01,0.01,2322.45613,1776223087000
1776223089.517,189.517,0.17,5.0,0.16,41.0,0.18,29.26,0.19,20.0,0.82,29.26,0.81,20.0,0.83,5.0,0.84,41.0,0.01,0.01,2322.44633,1776223088000
1776223090.124,190.124,0.12,6.68,0.11,29.0,0.13,15.0,0.14,40.0,0.87,15.0,0.86,40.0,0.88,11.68,0.89,29.0,0.01,0.01,2322.403621,1776223089000
1776223090.395,190.395,0.1,15.1,0.08,103.46,0.11,10.0,0.12,39.0,0.88,10.0,0.87,54.0,0.92,147.36,0.93,65.3,0.01,0.04,2322.403621,1776223089000
1776223091.207,191.207,0.1,13.98,0.09,15.0,0.11,35.0,0.12,49.0,0.89,10.0,0.88,39.0,0.9,15.1,0.92,103.46,0.01,0.01,2322.403621,1776223089000
1776223091.41,191.41,0.1,11.98,0.09,15.0,0.11,48.0,0.12,49.0,0.89,35.0,0.88,49.0,0.9,13.98,0.91,15.0,0.01,0.01,2322.334152,1776223090000
1776223091.671,191.671,0.1,4.44,0.09,15.0,0.11,71.0,0.12,49.0,0.89,48.0,0.88,49.0,0.9,11.98,0.91,15.0,0.01,0.01,2322.334152,1776223090000
1776223092.603,192.603,0.1,4.44,0.09,15.0,0.11,71.0,0.12,49.0,0.89,71.0,0.88,49.0,0.9,4.44,0.91,15.0,0.01,0.01,2322.126963,1776223091000
1776223093.259,193.259,0.09,21.22,0.08,98.46,0.1,42.0,0.11,64.0,0.89,71.0,0.88,49.0,0.9,4.44,0.91,15.0,0.01,0.01,2322.126963,1776223091000
1776223093.47,193.47,0.09,59.94,0.08,103.46,0.1,37.0,0.11,64.0,0.9,42.0,0.89,64.0,0.91,21.22,0.92,98.46,0.01,0.01,2322.110081,1776223092000
1776223093.844,193.844,0.09,28.24,0.08,103.46,0.1,15.0,0.11,20.0,0.9,37.0,0.89,64.0,0.91,56.8,0.92,103.46,0.01,0.01,2322.110081,1776223092000
1776223094.489,194.489,0.09,9.24,0.08,103.46,0.1,15.0,0.11,20.0,0.9,15.0,0.89,20.0,0.91,9.24,0.92,103.46,0.01,0.01,2322.095062,1776223093000
1776223095.556,195.556,0.09,9.24,0.08,103.46,0.1,15.0,0.11,20.0,0.9,15.0,0.89,20.0,0.91,9.24,0.92,103.46,0.01,0.01,2322.13972,1776223094000
1776223095.76,195.76,0.08,30.55,0.07,41.0,0.09,10.0,0.1,83.0,0.91,10.0,0.9,70.0,0.92,40.55,0.93,41.0,0.01,0.01,2322.13972,1776223094000
1776223096.081,196.081,0.08,30.55,0.07,41.0,0.09,10.0,0.1,83.0,0.91,10.0,0.9,83.0,0.92,30.55,0.93,41.0,0.01,0.01,2322.052063,1776223095000
1776223097.09,197.09,0.08,21.84,0.07,10.0,0.09,278.69,0.1,245.0,0.91,55.0,0.9,45.0,0.92,37.73,0.93,10.0,0.01,0.01,2322.052063,1776223095000
1776223097.62,197.62,0.08,21.84,0.07,10.0,0.09,323.69,0.1,260.0,0.91,278.69,0.9,245.0,0.92,21.84,0.93,10.0,0.01,0.01,2321.97859,1776223096000
1776223098.183,198.183,0.08,21.84,0.07,10.0,0.09,323.69,0.1,260.0,0.91,323.69,0.9,260.0,0.92,21.84,0.93,10.0,0.01,0.01,2321.785475,1776223097000
1776223098.526,198.526,0.07,6.84,0.06,10.0,0.09,265.0,0.1,260.0,0.91,323.69,0.9,260.0,0.92,21.84,0.93,10.0,0.02,0.01,2321.785475,1776223097000
1776223098.952,198.952,0.08,174.48,0.07,11.84,0.09,265.0,0.1,255.0,0.91,265.0,0.9,260.0,0.92,15.0,0.93,73.26,0.01,0.01,2321.785475,1776223097000
1776223099.199,199.199,0.08,174.48,0.07,11.84,0.09,265.0,0.1,255.0,0.91,265.0,0.9,255.0,0.92,174.48,0.93,11.84,0.01,0.01,2321.755541,1776223098000
1776223100.078,200.078,0.07,21.84,0.06,16.0,0.08,143.68,0.09,250.0,0.91,265.0,0.9,255.0,0.92,174.48,0.93,11.84,0.01,0.01,2321.755541,1776223098000
1776223101.235,201.235,0.07,21.84,0.06,16.0,0.08,143.68,0.09,250.0,0.92,143.68,0.91,250.0,0.93,21.84,0.94,16.0,0.01,0.01,2321.748554,1776223100000
1776223101.499,201.499,0.07,18.29,0.06,10.0,0.08,163.68,0.09,243.0,0.92,143.68,0.91,250.0,0.93,21.84,0.94,16.0,0.01,0.01,2321.748554,1776223100000
1776223102.266,202.266,0.07,13.29,0.06,10.0,0.08,156.5,0.09,243.0,0.92,156.5,0.91,243.0,0.93,13.29,0.94,10.0,0.01,0.01,2321.807585,1776223101000
1776223103.043,203.043,0.07,20.7,0.06,10.0,0.08,150.0,0.09,243.0,0.92,156.5,0.91,243.0,0.93,13.29,0.94,10.0,0.01,0.01,2321.807585,1776223101000
1776223103.299,203.299,0.07,20.7,0.06,10.0,0.08,150.0,0.09,243.0,0.92,150.0,0.91,243.0,0.93,20.7,0.94,10.0,0.01,0.01,2321.843675,1776223102000
1776223104.242,204.242,0.07,20.7,0.06,10.0,0.08,145.0,0.09,243.0,0.92,150.0,0.91,243.0,0.93,20.7,0.94,10.0,0.01,0.01,2321.843675,1776223102000
1776223105.139,205.139,0.07,17.57,0.06,55.0,0.08,115.0,0.09,120.0,0.92,145.0,0.91,243.0,0.93,20.7,0.94,10.0,0.01,0.01,2321.83913,1776223103000
1776223105.347,205.347,0.07,17.57,0.06,55.0,0.08,115.0,0.09,120.0,0.92,115.0,0.91,120.0,0.93,17.57,0.94,55.0,0.01,0.01,2321.817898,1776223104000
1776223106.007,206.007,0.07,17.57,0.06,55.0,0.08,115.0,0.09,120.0,0.92,115.0,0.91,120.0,0.93,17.57,0.94,55.0,0.01,0.01,2321.90825,1776223105000
1776223107.17,207.17,0.07,17.57,0.06,55.0,0.08,115.0,0.09,120.0,0.92,115.0,0.91,120.0,0.93,17.57,0.94,55.0,0.01,0.01,2321.81042,1776223106000
1776223108.317,208.317,0.07,17.57,0.06,55.0,0.08,115.0,0.09,120.0,0.92,115.0,0.91,120.0,0.93,17.57,0.94,55.0,0.01,0.01,2321.88498,1776223107000
1776223108.874,208.874,0.07,8.92,0.06,61.0,0.08,45.0,0.09,74.0,0.92,45.0,0.91,74.0,0.93,8.92,0.94,61.0,0.01,0.01,2321.923844,1776223108000
1776223109.912,209.912,0.07,7.84,0.06,10.0,0.08,108.9,0.09,114.0,0.92,45.0,0.91,74.0,0.93,8.92,0.94,61.0,0.01,0.01,2321.923844,1776223108000
1776223110.34,210.34,0.07,7.84,0.06,10.0,0.08,108.9,0.09,114.0,0.92,108.9,0.91,114.0,0.93,7.84,0.94,10.0,0.01,0.01,2321.825515,1776223109000
1776223110.811,210.811,0.07,6.76,0.06,10.0,0.08,136.9,0.09,99.0,0.92,108.9,0.91,114.0,0.93,7.84,0.94,10.0,0.01,0.01,2321.825515,1776223109000
1776223111.098,211.098,0.05,20.45,0.04,91.0,0.08,151.9,0.09,64.0,0.92,136.9,0.91,99.0,0.93,6.76,0.94,10.0,0.03,0.01,2321.825515,1776223109000
1776223111.406,211.406,0.03,360.23,0.02,1356.77,0.06,271.54,0.07,253.3,0.92,151.9,0.91,64.0,0.95,20.45,0.96,91.0,0.03,0.03,2321.825515,1776223109000
1776223111.972,211.972,0.03,360.23,0.02,1356.77,0.06,271.54,0.07,253.3,0.94,271.54,0.93,253.3,0.97,360.23,0.98,1356.77,0.03,0.03,2321.733576,1776223111000
1776223112.718,212.718,0.03,379.79,0.02,1273.77,0.04,149.0,0.05,301.4,0.96,153.0,0.95,125.0,0.97,379.79,0.98,1278.77,0.01,0.01,2321.733576,1776223111000
1776223112.932,212.932,0.03,379.79,0.02,1273.77,0.04,149.0,0.05,301.4,0.96,149.0,0.95,301.4,0.97,379.79,0.98,1273.77,0.01,0.01,2321.729847,1776223112000
1776223113.939,213.939,0.03,379.79,0.02,1273.77,0.04,149.0,0.05,301.4,0.96,149.0,0.95,301.4,0.97,379.79,0.98,1273.77,0.01,0.01,2321.543318,1776223113000
1776223114.67,214.67,0.03,310.78,0.02,588.77,0.04,224.3,0.05,341.4,0.96,271.88,0.95,368.4,0.97,218.79,0.98,681.77,0.01,0.01,2321.543318,1776223113000
1776223115.102,215.102,0.03,310.83,0.02,588.77,0.04,224.3,0.05,341.4,0.96,224.3,0.95,341.4,0.97,310.83,0.98,588.77,0.01,0.01,2321.371135,1776223114000
1776223115.363,215.363,0.03,290.4,0.02,583.77,0.04,224.3,0.05,341.4,0.96,224.3,0.95,341.4,0.97,290.83,0.98,583.77,0.01,0.01,2321.371135,1776223114000
1776223115.59,215.59,0.03,270.09,0.02,932.77,0.04,224.3,0.05,341.4,0.96,224.3,0.95,341.4,0.97,290.4,0.98,583.77,0.01,0.01,2321.371135,1776223114000
1776223116.077,216.077,0.03,195.75,0.02,754.07,0.04,224.3,0.05,240.8,0.96,224.3,0.95,341.4,0.97,214.09,0.98,937.77,0.01,0.01,2321.371135,1776223114000
1776223116.621,216.621,0.03,193.75,0.02,610.07,0.04,229.3,0.05,240.8,0.96,224.3,0.95,240.8,0.97,195.75,0.98,754.07,0.01,0.01,2321.267549,1776223115000
1776223117.189,217.189,0.03,93.75,0.02,673.07,0.04,234.3,0.05,240.8,0.96,229.3,0.95,240.8,0.97,193.75,0.98,610.07,0.01,0.01,2321.267549,1776223115000
1776223118.445,218.445,0.03,93.75,0.02,673.07,0.04,234.3,0.05,240.8,0.96,234.3,0.95,240.8,0.97,93.75,0.98,673.07,0.01,0.01,2321.41711,1776223117000
1776223118.987,218.987,0.03,93.75,0.02,673.07,0.04,234.3,0.05,240.8,0.96,234.3,0.95,240.8,0.97,93.75,0.98,673.07,0.01,0.01,2321.374095,1776223118000
1776223119.401,219.401,0.03,10.0,0.02,305.07,0.04,124.87,0.05,215.8,0.96,234.3,0.95,240.8,0.97,93.75,0.98,673.07,0.01,0.01,2321.374095,1776223118000
1776223120.05,220.05,0.03,25.0,0.02,493.77,0.04,105.56,0.05,190.8,0.96,105.56,0.95,190.8,0.97,25.0,0.98,493.77,0.01,0.01,2321.3453,1776223119000
1776223120.994,220.994,0.03,25.0,0.02,493.77,0.04,105.56,0.05,190.8,0.96,105.56,0.95,190.8,0.97,25.0,0.98,493.77,0.01,0.01,2321.48928,1776223120000
1776223122.163,222.163,0.03,25.0,0.02,493.77,0.04,105.56,0.05,190.8,0.96,105.56,0.95,190.8,0.97,25.0,0.98,493.77,0.01,0.01,2321.520575,1776223121000
1776223123.547,223.547,0.03,25.0,0.02,493.77,0.04,105.56,0.05,190.8,0.96,105.56,0.95,190.8,0.97,25.0,0.98,493.77,0.01,0.01,2321.561,1776223122000
1776223124.095,224.095,0.03,25.0,0.02,493.77,0.04,105.56,0.05,190.8,0.96,105.56,0.95,190.8,0.97,25.0,0.98,493.77,0.01,0.01,2321.415477,1776223123000
1776223125.131,225.131,0.03,25.0,0.02,493.77,0.04,105.56,0.05,190.8,0.96,105.56,0.95,190.8,0.97,25.0,0.98,493.77,0.01,0.01,2321.352055,1776223124000
1776223126.041,226.041,0.02,300.07,0.01,7269.07,0.04,281.26,0.05,215.8,0.96,105.56,0.95,190.8,0.97,25.0,0.98,493.77,0.02,0.01,2321.352055,1776223124000
1776223127.121,227.121,0.02,300.07,0.01,7269.07,0.04,281.26,0.05,215.8,0.96,281.26,0.95,215.8,0.98,300.07,0.99,7269.07,0.02,0.02,2321.292168,1776223126000
1776223128.165,228.165,0.02,300.07,0.01,7269.07,0.04,281.26,0.05,215.8,0.96,281.26,0.95,215.8,0.98,300.07,0.99,7269.07,0.02,0.02,2321.249678,1776223127000
1776223128.815,228.815,0.02,298.02,0.01,2794.07,0.03,295.7,0.04,252.26,0.97,20.0,0.96,262.26,0.98,300.07,0.99,7794.07,0.01,0.01,2321.249678,1776223127000
1776223129.117,229.117,0.02,298.02,0.01,2794.07,0.03,295.7,0.04,252.26,0.97,295.7,0.96,252.26,0.98,298.02,0.99,2794.07,0.01,0.01,2321.31805,1776223128000
1776223130.14,230.14,0.02,298.02,0.01,2794.07,0.03,289.51,0.04,252.26,0.97,289.51,0.96,252.26,0.98,298.02,0.99,2794.07,0.01,0.01,2321.249316,1776223129000
1776223130.37,230.37,0.02,277.71,0.01,2694.07,0.03,278.7,0.04,251.26,0.97,289.51,0.96,252.26,0.98,298.02,0.99,2794.07,0.01,0.01,2321.249316,1776223129000
1776223131.183,231.183,0.02,277.71,0.01,2694.07,0.03,278.7,0.04,251.26,0.97,278.7,0.96,251.26,0.98,277.71,0.99,2694.07,0.01,0.01,2321.243847,1776223130000
1776223131.437,231.437,0.02,247.71,0.01,2617.07,0.03,313.01,0.04,229.26,0.97,278.7,0.96,251.26,0.98,277.71,0.99,2694.07,0.01,0.01,2321.243847,1776223130000
1776223132.189,232.189,0.02,247.71,0.01,2617.07,0.03,313.01,0.04,229.26,0.97,313.01,0.96,229.26,0.98,247.71,0.99,2617.07,0.01,0.01,2321.341856,1776223131000
1776223132.44,232.44,0.02,227.6,0.01,2605.07,0.03,308.01,0.04,229.26,0.97,313.01,0.96,229.26,0.98,232.71,0.99,2605.07,0.01,0.01,2321.341856,1776223131000
1776223133.231,233.231,0.02,227.6,0.01,2605.07,0.03,308.01,0.04,229.26,0.97,308.01,0.96,229.26,0.98,227.6,0.99,2605.07,0.01,0.01,2321.250606,1776223132000
1776223134.277,234.277,0.02,207.62,0.01,1432.47,0.03,313.01,0.04,214.26,0.97,308.01,0.96,229.26,0.98,227.6,0.99,2605.07,0.01,0.01,2321.250606,1776223132000
1776223134.51,234.51,0.02,198.52,0.01,1432.47,0.03,313.01,0.04,214.26,0.97,313.01,0.96,214.26,0.98,207.62,0.99,1432.47,0.01,0.01,2321.21717,1776223133000
1776223135.268,235.268,0.02,198.52,0.01,1432.47,0.03,313.01,0.04,214.26,0.97,313.01,0.96,214.26,0.98,198.52,0.99,1432.47,0.01,0.01,2321.208861,1776223134000
1776223136.596,236.596,0.02,198.52,0.01,1432.47,0.03,313.01,0.04,214.26,0.97,313.01,0.96,214.26,0.98,198.52,0.99,1432.47,0.01,0.01,2321.15351,1776223135000
1776223137.127,237.127,0.02,193.31,0.01,2384.47,0.03,290.01,0.04,214.26,0.97,290.01,0.96,214.26,0.98,193.31,0.99,2384.47,0.01,0.01,2321.161593,1776223136000
1776223138.206,238.206,0.02,193.31,0.01,2384.47,0.03,290.01,0.04,214.26,0.97,290.01,0.96,214.26,0.98,193.31,0.99,2384.47,0.01,0.01,2321.2999,1776223137000
1776223139.212,239.212,0.02,183.31,0.01,2339.07,0.03,259.01,0.04,235.26,0.97,259.01,0.96,235.26,0.98,183.31,0.99,2339.07,0.01,0.01,2321.193495,1776223138000
1776223139.757,239.757,0.02,188.31,0.01,2139.07,0.03,124.67,0.04,230.26,0.97,259.01,0.96,235.26,0.98,183.31,0.99,2339.07,0.01,0.01,2321.193495,1776223138000
1776223140.221,240.221,0.02,183.31,0.01,2187.07,0.03,124.03,0.04,230.26,0.97,124.03,0.96,230.26,0.98,183.31,0.99,2187.07,0.01,0.01,2321.33989,1776223139000
1776223140.984,240.984,0.02,379.96,0.01,2054.07,0.03,20.31,0.04,98.7,0.97,124.03,0.96,230.26,0.98,183.31,0.99,2187.07,0.01,0.01,2321.33989,1776223139000
1776223141.287,241.287,0.02,379.96,0.01,2054.07,0.03,20.31,0.04,98.7,0.97,20.31,0.96,98.7,0.98,379.96,0.99,2054.07,0.01,0.01,2321.509505,1776223140000
1776223141.634,241.634,0.03,65.69,0.02,379.96,0.04,5.0,0.05,5.0,0.97,20.31,0.96,98.7,0.98,379.96,0.99,2054.07,0.01,0.01,2321.509505,1776223140000
1776223142.186,242.186,0.06,32.0,0.05,15.0,0.09,13.07,0.1,75.0,0.92,24.18,0.91,54.0,0.94,27.0,0.95,10.0,0.03,0.02,2321.509505,1776223140000
1776223142.54,242.54,0.06,21.81,0.05,20.0,0.07,5.0,0.08,5.0,0.92,15.0,0.91,23.07,0.94,12.94,0.95,15.0,0.01,0.02,2321.518815,1776223141000
1776223142.836,242.836,0.06,33.71,0.05,185.8,0.07,15.0,0.08,10.0,0.93,5.0,0.92,5.0,0.94,21.81,0.95,20.0,0.01,0.01,2321.518815,1776223141000
1776223143.292,243.292,0.06,33.71,0.05,185.8,0.07,15.0,0.08,10.0,0.93,15.0,0.92,10.0,0.94,33.71,0.95,185.8,0.01,0.01,2321.626421,1776223142000
1776223143.554,243.554,0.05,72.68,0.04,168.8,0.07,178.4,0.08,5.0,0.93,178.4,0.92,15.0,0.95,108.19,0.96,173.8,0.02,0.02,2321.626421,1776223142000
1776223144.009,244.009,0.06,135.0,0.05,85.8,0.07,176.19,0.08,10.0,0.93,178.4,0.92,5.0,0.95,72.68,0.96,168.8,0.01,0.02,2321.626421,1776223142000
1776223144.295,244.295,0.06,97.0,0.05,85.8,0.07,116.9,0.08,15.0,0.93,101.9,0.92,10.0,0.94,115.0,0.95,85.8,0.01,0.01,2321.626421,1776223142000
1776223144.701,244.701,0.06,49.34,0.05,85.8,0.07,79.9,0.08,20.0,0.93,84.9,0.92,15.0,0.94,49.34,0.95,85.8,0.01,0.01,2322.062352,1776223143000
1776223144.948,244.948,0.06,34.84,0.05,85.8,0.07,211.38,0.08,20.0,0.93,79.9,0.92,20.0,0.94,38.43,0.95,85.8,0.01,0.01,2322.062352,1776223143000
1776223145.283,245.283,0.06,17.96,0.05,85.8,0.07,231.23,0.08,20.0,0.93,211.38,0.92,20.0,0.94,19.94,0.95,85.8,0.01,0.01,2322.062352,1776223143000
1776223145.504,245.504,0.05,39.89,0.04,173.8,0.06,5.0,0.07,211.27,0.93,211.27,0.92,15.0,0.95,64.76,0.96,173.8,0.01,0.02,2322.211248,1776223144000
1776223145.825,245.825,0.04,75.89,0.03,204.39,0.06,7.0,0.07,216.27,0.95,10.0,0.94,20.0,0.96,65.89,0.97,199.39,0.02,0.01,2322.211248,1776223144000
1776223146.179,246.179,0.04,72.17,0.03,204.39,0.06,10.0,0.07,216.27,0.94,10.0,0.93,216.27,0.95,4.9,0.96,80.89,0.02,0.01,2322.23724,1776223145000
1776223146.628,246.628,0.04,41.97,0.03,204.39,0.06,20.0,0.07,216.27,0.94,20.0,0.93,216.27,0.96,50.47,0.97,204.39,0.02,0.02,2322.23724,1776223145000
1776223146.965,246.965,0.04,41.97,0.03,204.39,0.06,20.0,0.07,216.27,0.94,20.0,0.93,216.27,0.96,41.97,0.97,204.39,0.02,0.02,2322.272625,1776223146000
1776223147.239,247.239,0.06,13.0,0.04,38.63,0.07,211.27,0.08,83.9,0.94,20.0,0.93,216.27,0.96,38.63,0.97,504.39,0.01,0.02,2322.272625,1776223146000
1776223147.983,247.983,0.06,23.14,0.04,43.63,0.07,211.27,0.08,93.9,0.93,211.27,0.92,93.9,0.94,28.14,0.96,43.63,0.01,0.01,2322.272625,1776223146000
1776223148.809,248.809,0.06,11.88,0.04,15.0,0.07,266.57,0.08,93.9,0.93,211.27,0.92,93.9,0.94,23.14,0.96,43.63,0.01,0.01,2322.17592,1776223147000
1776223149.06,249.06,0.06,11.88,0.04,15.0,0.07,266.57,0.08,93.9,0.93,266.57,0.92,93.9,0.94,11.88,0.96,15.0,0.01,0.01,2322.18436,1776223148000
1776223149.521,249.521,0.05,13.21,0.04,15.0,0.07,52.68,0.08,10.0,0.93,266.57,0.92,93.9,0.94,11.88,0.96,15.0,0.02,0.01,2322.18436,1776223148000
1776223150.063,250.063,0.05,13.21,0.04,15.0,0.07,33.43,0.08,10.0,0.93,33.43,0.92,10.0,0.95,13.21,0.96,15.0,0.02,0.02,2322.172125,1776223149000
1776223151.123,251.123,0.05,13.21,0.04,15.0,0.07,33.43,0.08,10.0,0.93,33.43,0.92,10.0,0.95,13.21,0.96,15.0,0.02,0.02,2322.172535,1776223150000
1776223152.038,252.038,0.05,74.8,0.04,103.8,0.06,74.27,0.07,44.43,0.94,15.0,0.93,44.43,0.95,80.8,0.96,108.8,0.01,0.01,2322.172535,1776223150000
1776223152.741,252.741,0.04,99.8,0.03,214.39,0.06,15.0,0.07,44.43,0.94,77.52,0.93,44.43,0.96,103.8,0.97,204.39,0.02,0.02,2322.260958,1776223151000
1776223153.067,253.067,0.04,65.53,0.03,214.39,0.06,15.0,0.07,44.43,0.94,15.0,0.93,44.43,0.96,65.53,0.97,214.39,0.02,0.02,2322.303295,1776223152000
1776223153.353,253.353,0.04,64.33,0.03,214.39,0.05,15.0,0.06,64.73,0.94,15.0,0.93,44.43,0.96,65.53,0.97,214.39,0.01,0.02,2322.303295,1776223152000
1776223153.866,253.866,0.04,71.92,0.03,204.39,0.05,34.85,0.06,15.0,0.95,29.85,0.94,15.0,0.96,62.03,0.97,214.39,0.01,0.01,2322.303295,1776223152000
1776223154.096,254.096,0.04,71.92,0.03,204.39,0.05,34.85,0.06,15.0,0.95,34.85,0.94,15.0,0.96,71.92,0.97,204.39,0.01,0.01,2322.353707,1776223153000
1776223155.061,255.061,0.04,66.92,0.03,209.39,0.06,6.7,0.07,16.0,0.94,6.7,0.93,16.0,0.96,66.92,0.97,209.39,0.02,0.02,2322.319575,1776223154000
1776223155.998,255.998,0.04,66.92,0.03,209.39,0.06,6.7,0.07,16.0,0.94,6.7,0.93,16.0,0.96,66.92,0.97,209.39,0.02,0.02,2322.325815,1776223155000
1776223156.381,256.381,0.05,4.47,0.03,204.39,0.06,92.78,0.07,76.3,0.94,92.78,0.93,21.0,0.95,7.63,0.96,57.03,0.01,0.01,2322.325815,1776223155000
1776223156.668,256.668,0.05,4.47,0.03,204.39,0.06,76.11,0.07,103.3,0.94,92.78,0.93,76.3,0.95,4.47,0.97,204.39,0.01,0.01,2322.325815,1776223155000
1776223156.969,256.969,0.05,4.47,0.03,204.39,0.06,76.11,0.07,103.3,0.94,76.11,0.93,103.3,0.95,4.47,0.97,204.39,0.01,0.01,2322.325565,1776223156000
1776223157.561,257.561,0.05,3.31,0.03,199.39,0.06,86.11,0.07,103.3,0.94,76.11,0.93,103.3,0.95,4.47,0.97,204.39,0.01,0.01,2322.325565,1776223156000
1776223157.977,257.977,0.03,197.8,0.02,422.96,0.06,81.11,0.07,103.3,0.94,81.11,0.93,103.3,0.97,197.8,0.98,422.96,0.03,0.03,2322.325595,1776223157000
1776223158.228,258.228,0.03,191.04,0.02,445.96,0.04,5.0,0.05,79.99,0.94,81.11,0.93,103.3,0.97,197.8,0.98,422.96,0.01,0.03,2322.325595,1776223157000
1776223158.561,258.561,0.03,189.91,0.02,428.96,0.04,5.0,0.05,79.99,0.96,5.0,0.95,79.99,0.97,191.04,0.98,445.96,0.01,0.01,2322.325595,1776223157000
1776223158.928,258.928,0.03,189.91,0.02,428.96,0.04,5.0,0.05,79.99,0.96,5.0,0.95,79.99,0.97,189.91,0.98,428.96,0.01,0.01,2322.266635,1776223158000
1776223159.429,259.429,0.03,76.5,0.02,379.96,0.04,10.0,0.05,15.0,0.96,5.0,0.95,79.99,0.97,189.91,0.98,428.96,0.01,0.01,2322.266635,1776223158000
1776223159.866,259.866,0.03,71.5,0.02,374.96,0.04,10.0,0.05,15.0,0.96,10.0,0.95,15.0,0.97,71.5,0.98,374.96,0.01,0.01,2322.26712,1776223159000
1776223160.846,260.846,0.03,69.66,0.02,374.96,0.04,90.18,0.05,21.0,0.96,90.18,0.95,21.0,0.97,69.66,0.98,374.96,0.01,0.01,2322.360835,1776223160000
1776223161.857,261.857,0.03,69.66,0.02,374.96,0.04,90.18,0.05,21.0,0.96,90.18,0.95,21.0,0.97,69.66,0.98,374.96,0.01,0.01,2322.277375,1776223161000
1776223162.269,262.269,0.03,10.0,0.02,374.96,0.04,30.18,0.05,95.8,0.96,90.18,0.95,21.0,0.97,69.66,0.98,374.96,0.01,0.01,2322.277375,1776223161000
1776223163.265,263.265,0.03,20.0,0.02,389.96,0.04,2.68,0.05,16.0,0.96,30.18,0.95,95.8,0.97,10.0,0.98,374.96,0.01,0.01,2322.277375,1776223161000
1776223164.077,264.077,0.03,8.16,0.02,321.08,0.04,191.31,0.05,21.0,0.95,16.0,0.94,73.8,0.97,10.0,0.98,346.08,0.01,0.02,2322.26954,1776223162000
1776223164.355,264.355,0.02,297.1,0.01,2129.93,0.04,196.31,0.05,96.8,0.96,191.31,0.95,21.0,0.98,314.37,0.99,2129.93,0.02,0.02,2322.27709,1776223163000
1776223165.552,265.552,0.02,287.1,0.01,1985.93,0.03,121.3,0.04,128.7,0.96,196.31,0.95,96.8,0.98,297.1,0.99,2129.93,0.01,0.02,2322.27709,1776223163000
1776223166.315,266.315,0.02,287.1,0.01,1985.93,0.03,121.3,0.04,128.7,0.97,121.3,0.96,128.7,0.98,287.1,0.99,1985.93,0.01,0.01,2322.359405,1776223164000
1776223166.563,266.563,0.02,94.09,0.01,1935.93,0.03,121.3,0.04,128.7,0.97,121.3,0.96,128.7,0.98,287.1,0.99,1985.93,0.01,0.01,2322.359405,1776223164000
1776223167.006,267.006,0.02,89.4,0.01,1902.93,0.03,126.3,0.04,128.7,0.97,121.3,0.96,128.7,0.98,94.09,0.99,1935.93,0.01,0.01,2322.359405,1776223164000
1776223168.807,268.807,0.02,89.4,0.01,1902.93,0.03,126.3,0.04,128.7,0.97,126.3,0.96,128.7,0.98,89.4,0.99,1902.93,0.01,0.01,2322.227992,1776223167000
1776223169.806,269.806,0.02,89.4,0.01,1902.93,0.03,126.3,0.04,128.7,0.97,126.3,0.96,128.7,0.98,89.4,0.99,1902.93,0.01,0.01,2322.238215,1776223168000
1776223170.175,270.175,0.02,89.4,0.01,1721.93,0.03,4.95,0.04,114.7,0.97,126.3,0.96,128.7,0.98,89.4,0.99,1902.93,0.01,0.01,2322.238215,1776223168000
1776223170.495,270.495,0.02,89.4,0.01,1721.93,0.03,4.95,0.04,114.7,0.97,4.95,0.96,114.7,0.98,89.4,0.99,1721.93,0.01,0.01,2322.256135,1776223169000
1776223171.268,271.268,0.02,80.41,0.01,1733.93,0.03,4.95,0.04,114.7,0.97,4.95,0.96,114.7,0.98,80.41,0.99,1733.93,0.01,0.01,2322.256135,1776223170000
1776223172.008,272.008,0.02,45.41,0.01,1734.46,0.03,207.42,0.04,136.7,0.97,207.24,0.96,136.7,0.98,45.41,0.99,1727.46,0.01,0.01,2322.256135,1776223170000
1776223172.318,272.318,0.02,49.38,0.01,1734.46,0.03,116.42,0.04,136.7,0.97,202.42,0.96,136.7,0.98,44.38,0.99,1734.46,0.01,0.01,2322.256135,1776223170000
1776223172.675,272.675,0.03,40.25,0.02,44.38,0.04,136.7,0.05,85.8,0.97,116.42,0.96,136.7,0.98,49.38,0.99,1734.46,0.01,0.01,2322.256135,1776223170000
1776223172.946,272.946,0.03,40.25,0.02,44.38,0.04,136.7,0.05,85.8,0.96,136.7,0.95,85.8,0.97,40.25,0.98,44.38,0.01,0.01,2322.26232,1776223171000
1776223173.264,273.264,0.03,30.31,0.02,44.38,0.04,221.64,0.05,120.8,0.96,221.64,0.95,120.8,0.97,42.67,0.98,44.38,0.01,0.01,2322.26232,1776223171000
1776223173.684,273.684,0.01,1501.28,,,0.03,24.7,0.04,206.94,0.97,10.0,0.96,221.64,0.99,1659.72,,,0.02,0.02,2322.26232,1776223171000
1776223174.503,274.503,0.01,1482.19,,,0.04,206.94,0.05,120.8,0.96,206.94,0.95,120.8,0.99,1482.19,,,0.03,0.03,2322.34001,1776223173000
1776223175.284,275.284,0.01,1445.56,,,0.03,186.54,0.04,136.7,0.97,186.54,0.96,136.7,0.99,1445.56,,,0.02,0.02,2322.360412,1776223174000
1776223175.71,275.71,0.01,1058.81,,,0.02,165.31,0.03,34.0,0.98,165.31,0.97,10.0,0.99,1069.81,,,0.01,0.01,2322.360412,1776223174000
1776223176.663,276.663,0.01,1059.07,,,0.02,165.31,0.03,34.0,0.98,165.31,0.97,34.0,0.99,1058.81,,,0.01,0.01,2322.360412,1776223174000
1776223177.039,277.039,0.01,936.83,,,0.02,165.31,0.03,34.0,0.98,165.31,0.97,34.0,0.99,1055.52,,,0.01,0.01,2322.360412,1776223174000
1776223177.348,277.348,0.01,926.72,,,0.02,165.31,0.03,34.0,0.98,165.31,0.97,34.0,0.99,936.83,,,0.01,0.01,2322.367562,1776223175000
1776223177.696,277.696,0.01,1098.72,,,0.02,145.31,0.03,10.0,0.98,165.31,0.97,34.0,0.99,926.72,,,0.01,0.01,2322.367562,1776223175000
1776223178.521,278.521,0.01,949.86,,,0.02,5.0,0.03,10.0,0.98,89.31,0.97,10.0,0.99,1098.72,,,0.01,0.01,2322.365205,1776223176000
1776223178.899,278.899,0.02,12.97,0.01,588.14,0.04,50.0,0.05,15.0,0.96,40.0,0.95,10.0,0.99,626.14,,,0.02,0.03,2322.36013,1776223177000
1776223179.401,279.401,0.01,574.56,,,0.03,192.02,0.04,50.0,0.97,21.2,0.96,50.0,0.99,542.67,,,0.02,0.02,2322.36013,1776223177000
1776223180.527,280.527,0.01,476.46,,,0.03,197.02,0.04,45.0,0.97,192.02,0.96,50.0,0.99,535.76,,,0.02,0.02,2322.407272,1776223178000
1776223181.29,281.29,0.01,450.77,,,0.02,166.0,0.03,26.2,0.97,197.02,0.96,45.0,0.99,410.77,,,0.01,0.02,2322.45569,1776223179000
1776223181.564,281.564,0.01,450.77,,,0.02,166.0,0.03,26.2,0.98,166.0,0.97,26.2,0.99,450.77,,,0.01,0.01,2322.55658,1776223180000
1776223181.776,281.776,0.01,444.75,,,0.02,166.0,0.03,26.2,0.98,166.0,0.97,26.2,0.99,445.77,,,0.01,0.01,2322.55658,1776223180000
1776223182.209,282.209,0.01,424.64,,,0.02,16.2,0.03,34.0,0.98,16.2,0.97,10.0,0.99,429.64,,,0.01,0.01,2322.55658,1776223180000
1776223182.597,282.597,0.01,416.64,,,0.02,16.2,0.03,34.0,0.98,16.2,0.97,34.0,0.99,416.64,,,0.01,0.01,2322.583705,1776223181000
1776223183.071,283.071,0.01,408.64,,,0.02,16.2,0.03,34.0,0.98,16.2,0.97,34.0,0.99,412.64,,,0.01,0.01,2322.583705,1776223181000
1776223183.523,283.523,0.01,408.64,,,0.02,16.2,0.03,34.0,0.98,16.2,0.97,34.0,0.99,408.64,,,0.01,0.01,2322.746403,1776223182000
1776223183.951,283.951,0.01,493.64,,,0.02,16.2,0.03,34.0,0.98,16.2,0.97,34.0,0.99,498.64,,,0.01,0.01,2322.746403,1776223182000
1776223184.175,284.175,0.04,5.87,0.03,10.0,0.05,32.0,0.06,15.0,0.92,6.17,0.91,10.0,0.99,475.34,,,0.01,0.07,2322.746403,1776223182000
1776223184.388,284.388,0.01,468.0,,,0.03,22.0,0.04,10.0,0.95,32.0,0.94,15.0,0.98,1.68,0.99,476.34,0.02,0.03,2322.746403,1776223182000
1776223184.923,284.923,0.03,23.0,0.02,10.0,0.04,21.0,0.05,10.0,0.97,22.0,0.96,10.0,0.99,468.0,,,0.01,0.02,2322.575435,1776223183000
1776223185.536,285.536,0.03,23.0,0.02,10.0,0.04,21.0,0.05,10.0,0.96,21.0,0.95,10.0,0.97,23.0,0.98,10.0,0.01,0.01,2322.585305,1776223184000
1776223185.916,285.916,0.03,17.89,0.02,10.0,0.04,212.1,0.05,15.0,0.96,21.0,0.95,10.0,0.97,23.0,0.98,10.0,0.01,0.01,2322.585305,1776223184000
1776223186.157,286.157,0.03,16.85,0.02,10.0,0.04,212.1,0.05,15.0,0.96,212.1,0.95,15.0,0.97,17.89,0.98,10.0,0.01,0.01,2322.58535,1776223185000
1776223186.4,286.4,0.03,2.54,0.02,10.0,0.04,212.1,0.05,15.0,0.96,207.1,0.95,15.0,0.97,12.85,0.98,10.0,0.01,0.01,2322.58535,1776223185000
1776223186.782,286.782,0.03,0.54,0.02,10.0,0.04,212.1,0.05,15.0,0.96,212.1,0.95,15.0,0.97,2.54,0.98,10.0,0.01,0.01,2322.58535,1776223185000
1776223187.027,287.027,0.03,0.54,0.02,10.0,0.04,212.1,0.05,15.0,0.96,212.1,0.95,15.0,0.97,0.54,0.98,10.0,0.01,0.01,2322.58859,1776223186000
1776223188.18,288.18,0.03,0.54,0.02,10.0,0.04,212.1,0.05,15.0,0.96,212.1,0.95,15.0,0.97,0.54,0.98,10.0,0.01,0.01,2322.57108,1776223187000
1776223188.416,288.416,0.02,9.51,0.01,468.0,0.04,43.0,0.05,15.0,0.96,212.1,0.95,15.0,0.97,0.54,0.98,10.0,0.02,0.01,2322.57108,1776223187000
1776223189.231,289.231,0.02,9.51,0.01,468.0,0.04,43.0,0.05,15.0,0.96,43.0,0.95,15.0,0.98,9.51,0.99,468.0,0.02,0.02,2322.577005,1776223188000
1776223189.623,289.623,0.02,4.4,0.01,468.0,0.03,174.44,0.04,43.0,0.96,43.0,0.95,15.0,0.98,9.51,0.99,468.0,0.01,0.02,2322.577005,1776223188000
1776223190.192,290.192,0.02,0.4,0.01,468.0,0.03,53.03,0.04,44.0,0.97,174.44,0.96,43.0,0.98,4.4,0.99,468.0,0.01,0.01,2322.577005,1776223188000
1776223190.444,290.444,0.01,468.0,,,0.03,58.03,0.04,44.0,0.97,53.03,0.96,44.0,0.98,0.4,0.99,468.0,0.02,0.01,2322.582005,1776223189000
1776223190.827,290.827,0.02,4.89,0.01,468.0,0.03,53.03,0.04,44.0,0.97,58.03,0.96,44.0,0.99,468.0,,,0.01,0.02,2322.582005,1776223189000
1776223191.287,291.287,0.02,4.89,0.01,468.0,0.03,53.03,0.04,44.0,0.97,53.03,0.96,44.0,0.98,4.89,0.99,468.0,0.01,0.01,2322.579905,1776223190000
1776223191.741,291.741,0.01,468.0,,,0.03,5.0,0.04,44.0,0.97,53.03,0.96,44.0,0.98,4.89,0.99,468.0,0.02,0.01,2322.579905,1776223190000
1776223192.434,292.434,0.01,468.0,,,0.03,5.0,0.04,44.0,0.97,5.0,0.96,44.0,0.99,468.0,,,0.02,0.02,2322.611201,1776223191000
1776223192.868,292.868,0.01,463.0,,,0.03,10.0,0.04,44.0,0.97,10.0,0.96,44.0,0.99,463.0,,,0.02,0.02,2322.584135,1776223192000
1776223193.392,293.392,0.01,457.94,,,0.03,16.0,0.04,38.0,0.97,10.0,0.96,44.0,0.99,463.0,,,0.02,0.02,2322.584135,1776223192000
1776223193.801,293.801,0.01,452.92,,,0.03,16.0,0.04,38.0,0.97,16.0,0.96,38.0,0.99,452.92,,,0.02,0.02,2322.57984,1776223193000
1776223194.469,294.469,0.01,451.9,,,0.03,16.0,0.04,38.0,0.97,16.0,0.96,38.0,0.99,452.92,,,0.02,0.02,2322.57984,1776223193000
1776223194.913,294.913,0.01,451.9,,,0.03,16.0,0.04,38.0,0.97,16.0,0.96,38.0,0.99,451.9,,,0.02,0.02,2322.58482,1776223194000
1776223195.424,295.424,0.01,407.69,,,0.03,165.31,0.04,15.0,0.97,26.31,0.96,15.0,0.99,431.69,,,0.02,0.02,2322.58482,1776223194000
1776223195.757,295.757,0.01,403.69,,,0.03,165.31,0.04,15.0,0.97,165.31,0.96,15.0,0.99,407.69,,,0.02,0.02,2322.58482,1776223194000
1776223195.962,295.962,0.01,398.69,,,0.03,165.31,0.04,15.0,0.97,165.31,0.96,15.0,0.99,403.69,,,0.02,0.02,2322.58482,1776223194000
1776223196.329,296.329,0.01,388.58,,,0.03,165.31,0.04,15.0,0.97,165.31,0.96,15.0,0.99,398.69,,,0.02,0.02,2322.635868,1776223195000
1776223196.532,296.532,0.01,332.05,,,0.03,165.31,0.04,15.0,0.97,165.31,0.96,15.0,0.99,333.47,,,0.02,0.02,2322.635868,1776223195000
1776223196.79,296.79,0.01,326.03,,,0.03,165.31,0.04,15.0,0.97,165.31,0.96,15.0,0.99,327.05,,,0.02,0.02,2322.635868,1776223195000
1776223197.044,297.044,0.01,321.03,,,0.03,165.31,0.04,15.0,0.97,165.31,0.96,15.0,0.99,321.03,,,0.02,0.02,2322.725909,1776223196000
1776223197.321,297.321,0.01,319.89,,,0.03,79.31,0.04,15.0,0.97,65.31,0.96,15.0,0.98,2.89,0.99,321.03,0.02,0.01,2322.725909,1776223196000
1776223198.015,298.015,0.01,89.78,,,0.03,59.75,0.04,21.0,0.97,59.75,0.96,21.0,0.99,89.78,,,0.02,0.02,2322.6019,1776223197000
1776223198.345,298.345,,,,,0.01,4697.78,0.03,65.75,0.99,341.61,0.97,59.75,,,,,,,2322.6019,1776223197000
1776223199.121,299.121,,,,,0.01,4697.78,0.03,65.75,0.99,4697.78,0.97,65.75,,,,,,,2322.601935,1776223198000
1776223200.513,300.513,,,,,0.01,9945.73,0.02,112.0,0.99,9945.73,0.98,112.0,,,,,,,2322.596865,1776223199000
1776223201.142,301.142,,,,,0.01,9945.73,0.02,112.0,0.99,9945.73,0.98,112.0,,,,,,,2322.595625,1776223200000

# RESULT,winner=Down,slug=eth-updown-5m-1776222900,ticks=491
