timestamp,elapsed_sec,up_bid_p1,up_bid_s1,up_bid_p2,up_bid_s2,up_ask_p1,up_ask_s1,up_ask_p2,up_ask_s2,down_bid_p1,down_bid_s1,down_bid_p2,down_bid_s2,down_ask_p1,down_ask_s1,down_ask_p2,down_ask_s2,up_spread,down_spread,eth_price,eth_oracle_ts
1776242101.516,1.516,0.42,113.21,0.41,70.0,0.43,8.0,0.44,118.0,0.57,10.13,0.56,123.0,0.58,118.21,0.59,75.0,0.01,0.01,2319.3943,1776236446000
1776242101.849,1.849,0.42,95.96,0.41,75.0,0.44,109.56,0.45,117.72,0.57,10.13,0.56,123.0,0.58,118.21,0.59,75.0,0.02,0.01,2319.3943,1776236446000
1776242102.128,2.128,0.42,219.75,0.41,195.0,0.44,109.56,0.45,117.72,0.56,109.56,0.55,117.72,0.58,95.96,0.59,75.0,0.02,0.02,2319.3943,1776236446000
1776242102.529,2.529,0.42,163.01,0.41,195.0,0.44,109.56,0.45,117.72,0.56,114.56,0.55,117.72,0.58,197.5,0.59,195.0,0.02,0.02,2319.3943,1776236446000
1776242102.896,2.896,0.42,154.38,0.41,195.0,0.44,126.56,0.45,117.72,0.56,109.56,0.55,117.72,0.58,163.01,0.59,195.0,0.02,0.02,2319.3943,1776236446000
1776242103.408,3.408,0.43,134.57,0.42,172.32,0.44,136.56,0.45,122.72,0.56,126.56,0.55,117.72,0.58,157.32,0.59,195.0,0.01,0.02,2319.3943,1776236446000
1776242103.669,3.669,0.43,149.57,0.42,187.32,0.44,113.56,0.45,104.72,0.56,136.56,0.55,122.72,0.57,134.57,0.58,172.32,0.01,0.01,2319.3943,1776236446000
1776242104.071,4.071,0.43,150.18,0.42,187.32,0.44,113.56,0.45,104.72,0.56,113.56,0.55,104.72,0.57,149.57,0.58,187.32,0.01,0.01,2319.3943,1776236446000
1776242104.45,4.45,0.43,8.38,0.42,173.32,0.44,113.56,0.45,112.72,0.56,118.56,0.55,104.72,0.57,148.42,0.58,187.32,0.01,0.01,2319.3943,1776236446000
1776242104.692,4.692,0.42,48.32,0.41,148.0,0.44,84.55,0.45,112.72,0.56,79.55,0.55,112.72,0.57,8.38,0.58,48.32,0.02,0.01,2319.3943,1776236446000
1776242104.972,4.972,0.42,28.21,0.41,148.0,0.44,84.55,0.45,122.72,0.56,84.55,0.55,112.72,0.58,51.96,0.59,148.0,0.02,0.02,2319.3943,1776236446000
1776242105.56,5.56,0.43,28.0,0.42,53.21,0.44,69.55,0.45,104.72,0.56,84.55,0.55,122.72,0.58,28.21,0.59,148.0,0.01,0.02,2319.3943,1776236446000
1776242105.772,5.772,0.44,15.0,0.43,45.0,0.46,138.95,0.47,339.15,0.55,9.81,0.54,145.0,0.56,10.0,0.57,58.0,0.02,0.01,2319.3943,1776236446000
1776242106.07,6.07,0.45,10.0,0.44,20.22,0.46,138.84,0.47,349.15,0.54,133.84,0.53,339.15,0.55,10.0,0.56,15.0,0.01,0.01,2319.3943,1776236446000
1776242106.392,6.392,0.45,30.0,0.44,20.22,0.46,112.59,0.47,339.15,0.54,123.84,0.53,349.15,0.55,25.0,0.56,20.22,0.01,0.01,2319.3943,1776236446000
1776242106.818,6.818,0.45,30.0,0.44,25.22,0.46,101.59,0.47,339.15,0.54,106.59,0.53,339.15,0.55,25.0,0.56,20.22,0.01,0.01,2319.3943,1776236446000
1776242107.727,7.727,0.44,13.22,0.43,45.0,0.45,10.0,0.46,101.59,0.55,15.0,0.54,101.59,0.56,13.22,0.57,50.0,0.01,0.01,2319.3943,1776236446000
1776242108.28,8.28,0.44,5.0,0.43,45.0,0.45,15.0,0.46,101.59,0.55,10.0,0.54,101.59,0.56,7.86,0.57,45.0,0.01,0.01,2319.3943,1776236446000
1776242109.08,9.08,0.43,75.5,0.41,70.0,0.44,30.5,0.45,30.5,0.55,15.0,0.54,101.59,0.56,5.0,0.57,45.0,0.01,0.01,2319.3943,1776236446000
1776242109.322,9.322,0.43,68.97,0.42,23.5,0.44,35.0,0.45,30.5,0.56,35.95,0.55,30.5,0.57,63.84,0.58,10.5,0.01,0.01,2319.3943,1776236446000
1776242109.527,9.527,0.42,5.5,0.41,90.5,0.43,10.0,0.44,20.5,0.56,10.0,0.55,25.5,0.58,15.5,0.59,90.5,0.01,0.02,2319.3943,1776236446000
1776242109.901,9.901,0.42,44.43,0.41,30.5,0.44,15.0,0.45,15.0,0.57,10.0,0.56,20.5,0.59,80.5,0.6,40.0,0.02,0.02,2319.3943,1776236446000
1776242110.181,10.181,0.42,13.44,0.41,34.32,0.43,10.0,0.44,15.0,0.56,15.0,0.55,20.0,0.58,38.59,0.59,30.5,0.01,0.02,2319.3943,1776236446000
1776242110.46,10.46,0.42,15.08,0.41,26.37,0.43,10.0,0.44,15.0,0.57,4.88,0.56,15.0,0.58,5.0,0.59,36.37,0.01,0.01,2319.3943,1776236446000
1776242110.765,10.765,0.44,43.76,0.43,10.0,0.45,10.0,0.46,102.59,0.56,5.0,0.55,5.0,0.59,47.88,0.6,65.0,0.01,0.03,2319.3943,1776236446000
1776242111.137,11.137,0.42,45.14,0.41,67.01,0.46,51.06,0.47,354.15,0.54,57.06,0.53,372.65,0.56,38.76,0.57,20.0,0.04,0.02,2319.3943,1776236446000
1776242111.489,11.489,0.45,11.3,0.44,50.5,0.46,47.79,0.47,354.15,0.54,42.79,0.53,354.15,0.55,15.0,0.56,10.0,0.01,0.01,2319.3943,1776236446000
1776242111.692,11.692,0.45,8.0,0.43,35.0,0.46,6.73,0.47,384.24,0.54,15.0,0.53,354.24,0.55,9.36,0.57,35.0,0.01,0.01,2319.3943,1776236446000
1776242111.938,11.938,0.42,32.94,0.41,67.01,0.43,10.0,0.44,20.0,0.56,15.0,0.55,10.0,0.58,38.73,0.59,67.01,0.01,0.02,2319.3943,1776236446000
1776242112.388,12.388,0.4,48.82,0.39,35.0,0.43,15.0,0.44,5.0,0.57,10.0,0.56,20.0,0.58,32.94,0.59,67.01,0.03,0.01,2319.3943,1776236446000
1776242112.743,12.743,0.4,9.43,0.39,33.0,0.41,20.0,0.42,25.5,0.57,15.0,0.56,5.0,0.6,48.82,0.61,35.0,0.01,0.03,2319.3943,1776236446000
1776242113.046,13.046,0.39,11.09,0.38,30.0,0.4,30.5,0.41,25.5,0.59,20.0,0.58,25.5,0.61,20.7,0.62,65.0,0.01,0.02,2319.3943,1776236446000
1776242113.31,13.31,0.37,7.05,0.36,85.0,0.39,15.0,0.4,35.5,0.61,25.0,0.6,35.5,0.62,8.14,0.63,10.0,0.02,0.01,2319.3943,1776236446000
1776242113.531,13.531,0.38,5.0,0.37,10.0,0.39,15.0,0.4,35.5,0.61,10.0,0.6,35.5,0.64,90.0,0.65,75.5,0.01,0.03,2319.3943,1776236446000
1776242113.898,13.898,0.36,95.0,0.35,45.5,0.37,2.29,0.38,10.0,0.61,15.0,0.6,35.5,0.62,5.0,0.63,10.0,0.01,0.01,2319.3943,1776236446000
1776242114.12,14.12,0.36,64.6,0.35,35.0,0.37,12.29,0.38,15.0,0.63,2.29,0.62,10.0,0.64,95.0,0.65,45.5,0.01,0.01,2319.3943,1776236446000
1776242114.333,14.333,0.36,61.0,0.35,25.0,0.37,10.0,0.39,25.38,0.61,25.38,0.6,30.5,0.64,55.0,0.65,10.0,0.01,0.03,2319.3943,1776236446000
1776242114.716,14.716,0.36,7.94,0.35,25.0,0.37,13.0,0.38,20.5,0.63,3.0,0.62,20.5,0.64,10.0,0.65,30.0,0.01,0.01,2319.3943,1776236446000
1776242115.022,15.022,0.36,16.09,0.35,25.0,0.37,17.0,0.38,25.5,0.63,12.0,0.62,25.5,0.64,19.0,0.65,25.0,0.01,0.01,2319.3943,1776236446000
1776242115.336,15.336,0.35,10.0,0.34,18.0,0.36,23.44,0.37,25.5,0.63,17.0,0.62,25.5,0.66,11.22,0.67,101.0,0.01,0.03,2319.3943,1776236446000
1776242115.631,15.631,0.34,32.0,0.33,67.0,0.35,10.2,0.36,23.44,0.64,23.44,0.63,25.5,0.65,10.0,0.66,18.0,0.01,0.01,2319.3943,1776236446000
1776242116.093,16.093,0.33,46.0,0.32,45.5,0.36,23.44,0.37,25.5,0.65,5.0,0.64,23.44,0.66,64.65,0.67,67.0,0.03,0.01,2319.3943,1776236446000
1776242116.6,16.6,0.32,24.0,0.31,35.0,0.34,84.5,0.35,25.5,0.65,5.0,0.64,28.44,0.66,2.94,0.67,51.0,0.02,0.01,2319.3943,1776236446000
1776242116.981,16.981,0.31,41.4,0.3,55.0,0.32,47.0,0.33,74.5,0.66,84.5,0.65,25.5,0.68,24.0,0.69,35.0,0.01,0.02,2319.3943,1776236446000
1776242117.208,17.208,0.31,18.0,0.3,55.0,0.32,23.25,0.33,74.5,0.68,47.0,0.67,74.5,0.69,41.4,0.7,55.0,0.01,0.01,2319.3943,1776236446000
1776242117.535,17.535,0.3,50.0,0.29,55.0,0.32,11.75,0.33,49.71,0.68,20.0,0.67,49.71,0.69,5.94,0.7,50.0,0.02,0.01,2319.3943,1776236446000
1776242117.831,17.831,0.3,38.61,0.29,50.0,0.31,16.5,0.32,11.75,0.68,11.75,0.67,49.71,0.7,50.0,0.71,55.0,0.01,0.02,2319.3943,1776236446000
1776242118.256,18.256,0.31,100.0,0.3,28.0,0.33,18.07,0.34,27.5,0.67,13.07,0.66,27.5,0.7,109.0,0.71,33.0,0.02,0.03,2319.3943,1776236446000
1776242118.683,18.683,0.31,90.0,0.3,28.0,0.32,35.75,0.33,15.0,0.67,18.07,0.66,27.5,0.69,100.0,0.7,28.0,0.01,0.02,2319.3943,1776236446000
1776242118.893,18.893,0.3,20.0,0.29,63.28,0.32,31.25,0.33,15.0,0.68,41.25,0.67,15.0,0.7,28.0,0.71,38.78,0.02,0.02,2319.3943,1776236446000
1776242119.237,19.237,0.31,18.08,0.3,30.5,0.32,1.75,0.33,15.0,0.68,1.75,0.67,15.0,0.69,10.0,0.7,20.0,0.01,0.01,2319.3943,1776236446000
1776242119.822,19.822,0.32,30.75,0.31,8.08,0.33,20.0,0.34,25.5,0.67,20.0,0.66,25.5,0.68,12.0,0.69,8.08,0.01,0.01,2319.3943,1776236446000
1776242120.216,20.216,0.32,0.75,0.31,8.08,0.33,48.0,0.34,30.5,0.67,49.0,0.66,30.5,0.68,0.75,0.69,8.08,0.01,0.01,2319.3943,1776236446000
1776242122.264,22.264,0.32,59.5,0.31,10.94,0.34,45.5,0.35,25.5,0.67,53.0,0.66,30.5,0.69,5.94,0.7,25.0,0.02,0.02,2319.3943,1776236446000
1776242122.937,22.937,0.32,57.5,0.31,13.0,0.33,78.5,0.34,35.5,0.66,45.5,0.65,25.5,0.68,59.5,0.69,10.94,0.01,0.02,2319.3943,1776236446000
1776242123.656,23.656,0.31,23.0,0.3,20.0,0.33,30.5,0.34,25.5,0.67,78.5,0.66,35.5,0.68,57.5,0.69,13.0,0.02,0.01,2319.3943,1776236446000
1776242123.878,23.878,0.3,42.97,0.29,45.78,0.31,20.0,0.32,40.5,0.67,30.5,0.66,25.5,0.69,23.0,0.7,20.0,0.01,0.02,2319.3943,1776236446000
1776242124.188,24.188,0.29,35.78,0.28,10.0,0.31,83.5,0.32,35.5,0.69,20.0,0.68,40.5,0.7,42.97,0.71,45.78,0.02,0.01,2319.3943,1776236446000
1776242125.203,25.203,0.29,80.96,0.28,22.0,0.3,88.5,0.31,73.5,0.69,83.5,0.68,35.5,0.71,35.78,0.72,10.0,0.01,0.02,2319.3943,1776236446000
1776242125.461,25.461,0.29,14.69,0.28,12.0,0.3,91.5,0.31,81.5,0.7,88.5,0.69,73.5,0.71,80.96,0.72,22.0,0.01,0.01,2319.3943,1776236446000
1776242126.536,26.536,0.26,4.0,0.25,18.0,0.27,55.5,0.28,30.5,0.71,35.5,0.7,81.5,0.72,1.86,0.74,14.0,0.01,0.01,2319.3943,1776236446000
1776242127.744,27.744,0.25,18.0,0.22,10.0,0.27,53.5,0.28,33.5,0.73,58.5,0.72,38.5,0.74,33.43,0.75,18.0,0.02,0.01,2319.3943,1776236446000
1776242129.608,29.608,0.25,5.0,0.23,10.0,0.26,52.42,0.27,43.5,0.73,53.5,0.72,33.5,0.75,18.0,0.78,10.0,0.01,0.02,2319.3943,1776236446000
1776242130.113,30.113,0.21,46.0,0.2,28.0,0.25,8.0,0.26,84.42,0.74,52.42,0.73,43.5,0.75,5.0,0.77,10.0,0.04,0.01,2319.3943,1776236446000
1776242130.42,30.42,0.21,39.48,0.2,28.0,0.22,73.9,0.23,35.5,0.78,30.5,0.77,25.5,0.79,44.48,0.8,28.0,0.01,0.01,2319.3943,1776236446000
1776242130.668,30.668,0.21,33.21,0.2,28.0,0.22,73.9,0.23,35.5,0.78,73.9,0.77,35.5,0.79,39.48,0.8,28.0,0.01,0.01,2319.3943,1776236446000
1776242130.886,30.886,0.21,31.13,0.2,28.0,0.22,78.9,0.23,35.5,0.78,73.9,0.77,35.5,0.79,33.21,0.8,28.0,0.01,0.01,2319.3943,1776236446000
1776242131.345,31.345,0.21,23.22,0.2,18.0,0.22,45.5,0.23,25.5,0.78,78.9,0.77,35.5,0.79,31.13,0.8,28.0,0.01,0.01,2319.3943,1776236446000
1776242132.234,32.234,0.2,18.0,0.19,10.0,0.22,40.5,0.23,30.5,0.78,45.5,0.77,25.5,0.79,23.22,0.8,18.0,0.02,0.01,2319.3943,1776236446000
1776242132.895,32.895,0.2,23.05,0.17,42.5,0.21,36.5,0.22,35.5,0.78,40.5,0.77,30.5,0.8,18.0,0.81,10.0,0.01,0.02,2319.3943,1776236446000
1776242133.592,33.592,0.2,28.05,0.18,10.0,0.21,31.02,0.22,35.5,0.79,36.5,0.78,35.5,0.8,23.05,0.83,42.5,0.01,0.01,2319.3943,1776236446000
1776242134.96,34.96,0.2,21.8,0.18,10.0,0.21,52.02,0.22,35.5,0.79,31.02,0.78,35.5,0.8,28.05,0.82,10.0,0.01,0.01,2319.3943,1776236446000
1776242135.221,35.221,0.2,21.8,0.17,32.0,0.21,42.11,0.22,35.5,0.79,52.02,0.78,35.5,0.8,21.8,0.82,10.0,0.01,0.01,2319.3943,1776236446000
1776242135.488,35.488,0.2,0.75,0.17,32.0,0.21,47.11,0.22,38.5,0.79,42.11,0.78,35.5,0.8,21.8,0.83,32.0,0.01,0.01,2319.3943,1776236446000
1776242135.809,35.809,0.17,37.94,0.16,85.5,0.18,12.33,0.19,50.75,0.81,15.25,0.79,47.11,0.83,32.0,0.84,75.0,0.01,0.02,2319.3943,1776236446000
1776242137.729,37.729,0.17,28.29,0.16,91.8,0.18,51.5,0.19,55.75,0.82,1.16,0.81,50.75,0.83,41.73,0.84,85.5,0.01,0.01,2319.3943,1776236446000
1776242138.146,38.146,0.16,75.06,0.15,79.77,0.17,87.5,0.18,56.5,0.83,40.5,0.82,56.5,0.84,71.8,0.85,89.77,0.01,0.01,2319.3943,1776236446000
1776242138.544,38.544,0.16,55.12,0.15,79.77,0.17,82.5,0.18,56.5,0.83,82.5,0.82,56.5,0.84,63.69,0.85,79.77,0.01,0.01,2319.3943,1776236446000
1776242139.442,39.442,0.15,101.12,0.14,70.9,0.17,99.5,0.18,64.5,0.83,82.5,0.82,56.5,0.84,55.12,0.85,79.77,0.02,0.01,2319.3943,1776236446000
1776242139.674,39.674,0.15,104.9,0.14,70.9,0.16,77.5,0.17,94.5,0.83,99.5,0.82,64.5,0.85,101.12,0.86,70.9,0.01,0.02,2319.3943,1776236446000
1776242140.207,40.207,0.15,55.1,0.14,70.9,0.16,87.5,0.17,99.5,0.84,77.5,0.83,94.5,0.85,104.9,0.86,70.9,0.01,0.01,2319.3943,1776236446000
1776242140.912,40.912,0.15,45.08,0.14,70.9,0.16,170.13,0.17,87.5,0.84,76.08,0.83,99.5,0.85,55.1,0.86,70.9,0.01,0.01,2319.3943,1776236446000
1776242141.234,41.234,0.15,45.08,0.14,70.9,0.16,163.9,0.17,87.5,0.84,170.13,0.83,87.5,0.85,45.08,0.86,70.9,0.01,0.01,2319.3943,1776236446000
1776242141.912,41.912,0.15,110.3,0.14,80.9,0.16,22.0,0.17,15.5,0.84,163.9,0.83,87.5,0.85,45.08,0.86,70.9,0.01,0.01,2319.3943,1776236446000
1776242142.162,42.162,0.15,105.3,0.14,80.9,0.17,29.61,0.18,30.5,0.83,25.5,0.82,30.5,0.85,100.3,0.86,80.9,0.02,0.02,2319.3943,1776236446000
1776242143.714,43.714,0.16,62.0,0.15,38.2,0.17,133.44,0.18,35.5,0.83,24.61,0.82,35.5,0.85,26.68,0.86,80.9,0.01,0.02,2319.3943,1776236446000
1776242144.046,44.046,0.16,62.0,0.15,38.2,0.17,116.67,0.18,35.5,0.83,133.44,0.82,35.5,0.84,62.0,0.85,38.2,0.01,0.01,2319.3943,1776236446000
1776242144.583,44.583,0.16,77.0,0.15,38.2,0.17,57.84,0.18,35.5,0.83,116.67,0.82,35.5,0.84,62.0,0.85,38.2,0.01,0.01,2319.3943,1776236446000
1776242146.028,46.028,0.14,55.49,0.13,41.8,0.15,20.0,0.16,25.0,0.83,52.84,0.82,35.5,0.84,70.8,0.85,38.2,0.01,0.01,2319.3943,1776236446000
1776242146.377,46.377,0.14,46.64,0.13,52.3,0.15,46.76,0.16,25.0,0.85,20.0,0.84,25.0,0.86,55.49,0.87,41.8,0.01,0.01,2319.3943,1776236446000
1776242146.821,46.821,0.14,16.81,0.13,41.8,0.15,166.97,0.16,38.5,0.85,46.76,0.84,25.0,0.86,46.64,0.87,52.3,0.01,0.01,2319.3943,1776236446000
1776242148.101,48.101,0.13,53.39,0.12,80.69,0.15,26.77,0.16,5.0,0.85,171.97,0.84,38.5,0.86,11.05,0.87,41.8,0.02,0.01,2319.3943,1776236446000
1776242148.322,48.322,0.16,65.5,0.15,20.5,0.17,5.0,0.18,5.0,0.83,11.0,0.82,5.0,0.86,25.5,0.87,58.39,0.01,0.03,2319.3943,1776236446000
1776242148.747,48.747,0.17,25.63,0.16,50.5,0.19,15.0,0.2,25.5,0.82,4.16,0.81,15.0,0.83,80.63,0.84,50.5,0.02,0.01,2319.3943,1776236446000
1776242149.259,49.259,0.18,26.0,0.17,25.63,0.21,25.5,0.22,20.0,0.81,15.0,0.8,25.5,0.83,25.63,0.84,50.5,0.03,0.02,2319.3943,1776236446000
1776242149.842,49.842,0.19,31.0,0.18,16.0,0.2,10.76,0.21,30.5,0.79,25.5,0.78,20.0,0.82,26.0,0.83,25.63,0.01,0.03,2319.3943,1776236446000
1776242150.085,50.085,0.19,36.31,0.18,6.0,0.2,13.79,0.21,30.5,0.8,10.76,0.79,30.5,0.81,31.0,0.82,16.0,0.01,0.01,2319.3943,1776236446000
1776242150.553,50.553,0.19,35.07,0.18,16.0,0.2,15.0,0.21,30.5,0.8,13.79,0.79,30.5,0.81,36.31,0.82,6.0,0.01,0.01,2319.3943,1776236446000
1776242151.429,51.429,0.19,28.52,0.18,16.0,0.2,131.27,0.21,30.5,0.8,15.0,0.79,30.5,0.81,35.07,0.82,16.0,0.01,0.01,2319.3943,1776236446000
1776242151.851,51.851,0.19,30.12,0.18,16.0,0.2,79.02,0.21,30.5,0.8,58.52,0.79,30.5,0.81,28.52,0.82,16.0,0.01,0.01,2319.3943,1776236446000
1776242153.063,53.063,0.16,66.3,0.15,48.7,0.18,51.55,0.19,35.5,0.8,84.02,0.79,30.5,0.83,21.76,0.84,71.3,0.02,0.03,2319.3943,1776236446000
1776242153.857,53.857,0.16,50.4,0.15,48.7,0.17,138.46,0.18,34.16,0.82,49.16,0.81,35.5,0.84,66.3,0.85,48.7,0.01,0.02,2319.3943,1776236446000
1776242155.263,55.263,0.14,23.42,0.13,45.39,0.17,194.47,0.18,39.66,0.83,138.46,0.82,34.16,0.84,50.4,0.85,48.7,0.03,0.01,2319.3943,1776236446000
1776242156.042,56.042,0.14,23.42,0.13,45.39,0.15,166.37,0.16,69.0,0.83,194.47,0.82,39.66,0.86,23.42,0.87,45.39,0.01,0.03,2319.3943,1776236446000
1776242156.327,56.327,0.14,20.5,0.13,20.5,0.15,181.43,0.16,79.5,0.85,166.37,0.84,69.0,0.86,23.42,0.87,45.39,0.01,0.01,2319.3943,1776236446000
1776242156.6,56.6,0.13,52.32,0.12,42.53,0.14,3.99,0.15,191.93,0.85,176.43,0.84,79.5,0.88,42.53,0.89,97.0,0.01,0.03,2319.3943,1776236446000
1776242156.949,56.949,0.13,41.07,0.12,42.53,0.14,172.32,0.15,77.22,0.86,172.32,0.85,77.22,0.87,42.22,0.88,42.53,0.01,0.01,2319.3943,1776236446000
1776242157.406,57.406,0.13,61.07,0.12,42.53,0.14,6.87,0.15,65.67,0.86,172.32,0.85,77.22,0.87,41.07,0.88,42.53,0.01,0.01,2319.3943,1776236446000
1776242157.788,57.788,0.14,24.36,0.13,66.07,0.15,55.17,0.16,82.5,0.86,6.87,0.85,65.67,0.87,61.07,0.88,42.53,0.01,0.01,2319.3943,1776236446000
1776242158.6,58.6,0.14,57.17,0.13,28.26,0.16,159.68,0.17,138.51,0.85,55.17,0.84,82.5,0.86,24.36,0.87,66.07,0.02,0.01,2319.3943,1776236446000
1776242159.07,59.07,0.14,45.22,0.13,7.76,0.15,211.87,0.16,151.68,0.84,159.68,0.83,138.51,0.86,57.17,0.87,28.26,0.01,0.02,2319.3943,1776236446000
1776242159.722,59.722,0.11,53.81,0.1,26.5,0.12,211.6,0.13,45.5,0.85,216.87,0.84,151.68,0.89,67.0,0.9,59.0,0.01,0.04,2319.3943,1776236446000
1776242160.213,60.213,0.11,83.81,0.1,26.5,0.12,106.57,0.13,30.5,0.88,148.24,0.87,35.5,0.89,53.81,0.9,26.5,0.01,0.01,2319.3943,1776236446000
1776242160.524,60.524,0.11,51.59,0.1,26.5,0.12,106.57,0.13,30.5,0.88,106.57,0.87,30.5,0.89,83.81,0.9,26.5,0.01,0.01,2319.3943,1776236446000
1776242160.903,60.903,0.11,25.34,0.1,6.0,0.12,175.46,0.13,309.23,0.88,50.96,0.87,30.5,0.89,51.3,0.9,26.5,0.01,0.01,2319.3943,1776236446000
1776242161.127,61.127,0.08,416.0,0.07,126.3,0.1,22.0,0.11,30.5,0.88,198.46,0.87,309.23,0.9,6.0,0.92,464.9,0.02,0.02,2319.3943,1776236446000
1776242161.385,61.385,0.08,416.0,0.07,126.3,0.1,34.7,0.11,40.5,0.9,22.0,0.89,30.5,0.92,416.0,0.93,126.3,0.02,0.02,2319.3943,1776236446000
1776242161.6,61.6,0.08,414.63,0.07,126.3,0.11,40.5,0.12,180.5,0.91,5.0,0.9,34.7,0.92,409.63,0.93,126.3,0.03,0.01,2319.3943,1776236446000
1776242161.816,61.816,0.08,398.76,0.07,126.3,0.11,18.22,0.12,180.5,0.91,8.33,0.89,40.5,0.92,403.76,0.93,126.3,0.03,0.01,2319.3943,1776236446000
1776242162.04,62.04,0.08,362.77,0.07,126.3,0.11,28.22,0.12,180.5,0.89,28.22,0.88,180.5,0.9,7.12,0.91,10.0,0.03,0.01,2319.3943,1776236446000
1776242162.641,62.641,0.09,10.0,0.08,362.77,0.1,0.55,0.11,123.22,0.89,28.22,0.88,180.5,0.92,362.77,0.93,126.3,0.01,0.03,2319.3943,1776236446000
1776242163.034,63.034,0.09,23.14,0.08,362.77,0.12,165.5,0.13,168.5,0.9,0.55,0.89,123.22,0.91,1.92,0.92,362.77,0.03,0.01,2319.3943,1776236446000
1776242163.352,63.352,0.09,9.66,0.08,362.77,0.11,5.0,0.12,163.18,0.89,5.0,0.88,163.18,0.9,13.89,0.91,13.14,0.02,0.01,2319.3943,1776236446000
1776242163.825,63.825,0.09,26.22,0.08,362.77,0.1,85.02,0.11,23.0,0.9,33.33,0.89,20.0,0.91,18.47,0.92,362.77,0.01,0.01,2319.3943,1776236446000
1776242164.187,64.187,0.09,21.22,0.08,362.77,0.12,155.18,0.13,168.5,0.9,30.02,0.89,23.0,0.92,362.77,0.93,126.3,0.03,0.02,2319.3943,1776236446000
1776242164.578,64.578,0.09,53.34,0.08,411.67,0.12,24.0,0.14,15.5,0.9,13.33,0.88,39.68,0.91,48.34,0.92,362.77,0.03,0.01,2319.3943,1776236446000
1776242164.951,64.951,0.11,112.5,0.1,43.62,0.14,25.5,0.15,132.5,0.88,18.93,0.86,15.5,0.89,46.5,0.9,38.62,0.03,0.01,2319.3943,1776236446000
1776242165.34,65.34,0.12,6.17,0.11,56.5,0.13,20.5,0.14,30.5,0.86,30.5,0.85,137.5,0.88,45.26,0.89,61.5,0.01,0.02,2319.3943,1776236446000
1776242165.738,65.738,0.1,6.14,0.09,12.34,0.12,50.5,0.13,147.5,0.87,20.5,0.86,30.5,0.88,6.17,0.89,56.5,0.02,0.01,2319.3943,1776236446000
1776242166.092,66.092,0.09,12.34,0.08,440.9,0.12,31.37,0.13,137.5,0.88,31.37,0.87,137.5,0.9,6.14,0.91,12.34,0.03,0.02,2319.3943,1776236446000
1776242166.522,66.522,0.12,24.36,0.11,80.5,0.14,5.0,0.15,25.5,0.87,130.41,0.86,132.5,0.9,25.1,0.91,12.34,0.02,0.03,2319.3943,1776236446000
1776242166.997,66.997,0.14,43.86,0.13,6.98,0.15,120.54,0.16,132.5,0.85,110.54,0.84,173.68,0.86,10.0,0.87,41.98,0.01,0.01,2319.3943,1776236446000
1776242168.126,68.126,0.14,35.98,0.13,6.98,0.15,130.54,0.16,132.5,0.85,120.54,0.84,132.5,0.86,43.86,0.87,6.98,0.01,0.01,2319.3943,1776236446000
1776242168.726,68.726,0.14,40.08,0.13,6.98,0.15,146.04,0.16,125.5,0.85,130.54,0.84,132.5,0.86,28.07,0.87,6.98,0.01,0.01,2319.3943,1776236446000
1776242169.362,69.362,0.14,2.02,0.13,5.0,0.15,261.04,0.16,187.5,0.85,151.04,0.84,125.5,0.86,7.08,0.87,6.98,0.01,0.01,2319.3943,1776236446000
1776242169.75,69.75,0.12,29.0,0.11,25.5,0.14,314.43,0.15,150.5,0.85,261.04,0.84,180.5,0.87,1.24,0.88,29.0,0.02,0.02,2319.3943,1776236446000
1776242171.125,71.125,0.1,15.5,0.09,66.0,0.12,179.0,0.13,175.5,0.87,10.0,0.86,314.43,0.88,4.89,0.89,25.5,0.02,0.01,2319.3943,1776236446000
1776242171.837,71.837,0.08,350.31,0.07,60.3,0.09,20.0,0.1,120.0,0.88,179.0,0.87,175.5,0.9,15.5,0.91,66.0,0.01,0.02,2319.3943,1776236446000
1776242172.149,72.149,0.08,341.31,0.07,60.3,0.09,173.0,0.1,148.5,0.91,153.0,0.9,131.0,0.92,333.69,0.93,70.3,0.01,0.01,2319.3943,1776236446000
1776242172.462,72.462,0.08,380.31,0.07,70.3,0.1,11.0,0.11,122.0,0.91,178.0,0.9,138.0,0.92,326.31,0.93,70.3,0.02,0.01,2319.3943,1776236446000
1776242172.668,72.668,0.09,48.95,0.08,341.31,0.1,45.94,0.11,122.0,0.9,11.0,0.89,122.0,0.92,380.31,0.93,70.3,0.01,0.02,2319.3943,1776236446000
1776242172.941,72.941,0.09,30.48,0.08,341.31,0.1,8.0,0.12,144.0,0.9,45.94,0.89,115.0,0.91,37.48,0.92,341.31,0.01,0.01,2319.3943,1776236446000
1776242173.587,73.587,0.1,5.0,0.09,18.48,0.12,16.08,0.13,143.5,0.88,144.0,0.87,132.5,0.91,30.48,0.92,341.31,0.02,0.03,2319.3943,1776236446000
1776242174.139,74.139,0.09,8.48,0.08,390.21,0.1,41.66,0.11,25.5,0.88,16.08,0.87,143.5,0.9,5.0,0.91,18.48,0.01,0.02,2319.3943,1776236446000
1776242175.144,75.144,0.08,339.16,0.07,70.3,0.1,65.54,0.11,125.5,0.9,40.54,0.89,25.5,0.91,8.48,0.92,390.21,0.02,0.01,2319.3943,1776236446000
1776242175.992,75.992,0.08,324.16,0.07,70.3,0.09,121.49,0.1,198.04,0.9,65.54,0.89,125.5,0.92,339.16,0.93,70.3,0.01,0.02,2319.3943,1776236446000
1776242176.559,76.559,0.08,313.29,0.07,70.3,0.09,20.0,0.1,156.04,0.91,121.49,0.9,198.04,0.92,324.16,0.93,70.3,0.01,0.01,2319.3943,1776236446000
1776242177.746,77.746,0.09,6.19,0.08,327.2,0.1,131.66,0.11,115.0,0.91,20.0,0.9,156.04,0.92,312.2,0.93,70.3,0.01,0.01,2319.3943,1776236446000
1776242178.238,78.238,0.08,322.2,0.07,70.3,0.09,5.0,0.1,219.07,0.9,131.66,0.89,115.0,0.91,6.19,0.92,327.2,0.01,0.01,2319.3943,1776236446000
1776242178.801,78.801,0.08,320.2,0.07,70.3,0.1,219.07,0.11,125.5,0.91,5.0,0.9,219.07,0.92,322.2,0.93,70.3,0.02,0.01,2319.3943,1776236446000
1776242181.22,81.22,0.08,366.01,0.07,70.3,0.09,25.0,0.1,224.57,0.9,209.07,0.89,125.5,0.92,320.2,0.93,70.3,0.01,0.02,2319.3943,1776236446000
1776242182.195,82.195,0.08,287.39,0.07,70.3,0.09,51.11,0.1,224.57,0.91,25.0,0.9,224.57,0.92,366.01,0.93,70.3,0.01,0.01,2319.3943,1776236446000
1776242182.803,82.803,0.08,292.39,0.07,70.3,0.09,0.11,0.1,214.07,0.91,51.11,0.9,224.57,0.92,287.39,0.93,70.3,0.01,0.01,2319.3943,1776236446000
1776242183.395,83.395,0.08,277.39,0.07,70.3,0.09,0.11,0.1,214.07,0.91,0.11,0.9,214.07,0.92,292.39,0.93,70.3,0.01,0.01,2319.3943,1776236446000
1776242183.659,83.659,0.08,195.89,0.07,70.3,0.09,134.9,0.1,214.07,0.91,0.11,0.9,214.07,0.92,277.39,0.93,70.3,0.01,0.01,2319.3943,1776236446000
1776242184.055,84.055,0.08,195.89,0.07,70.3,0.09,118.78,0.1,214.07,0.91,134.9,0.9,214.07,0.92,195.89,0.93,70.3,0.01,0.01,2319.3943,1776236446000
1776242185.052,85.052,0.08,189.53,0.07,70.3,0.09,123.78,0.1,214.07,0.91,123.78,0.9,214.07,0.92,175.32,0.93,70.3,0.01,0.01,2319.3943,1776236446000
1776242186.168,86.168,0.08,121.54,0.07,70.3,0.09,120.2,0.1,209.07,0.91,123.78,0.9,214.07,0.92,189.53,0.93,70.3,0.01,0.01,2319.3943,1776236446000
1776242187.395,87.395,0.08,141.35,0.07,70.3,0.09,175.2,0.1,324.57,0.91,120.2,0.9,209.07,0.92,121.54,0.93,70.3,0.01,0.01,2319.3943,1776236446000
1776242187.786,87.786,0.08,134.36,0.07,70.3,0.09,145.2,0.1,324.57,0.91,175.2,0.9,324.57,0.92,136.45,0.93,70.3,0.01,0.01,2319.3943,1776236446000
1776242188.904,88.904,0.09,15.8,0.08,110.48,0.1,199.07,0.11,110.0,0.91,140.2,0.9,324.57,0.92,131.38,0.93,70.3,0.01,0.01,2319.3943,1776236446000
1776242189.325,89.325,0.09,53.7,0.08,97.48,0.1,176.07,0.11,110.0,0.9,199.07,0.89,110.0,0.91,36.7,0.92,97.48,0.01,0.01,2319.3943,1776236446000
1776242190.261,90.261,0.09,148.75,0.08,197.48,0.1,92.29,0.11,20.0,0.9,82.29,0.89,10.0,0.91,153.7,0.92,197.48,0.01,0.01,2319.3943,1776236446000
1776242192.76,92.76,0.09,146.64,0.08,197.48,0.1,138.95,0.11,20.0,0.9,92.29,0.89,20.0,0.91,148.75,0.92,197.48,0.01,0.01,2319.3943,1776236446000
1776242193.006,93.006,0.09,150.54,0.08,197.48,0.1,149.95,0.11,20.0,0.9,138.95,0.89,20.0,0.91,146.64,0.92,197.48,0.01,0.01,2319.3943,1776236446000
1776242194.27,94.27,0.09,150.54,0.08,197.48,0.11,71.93,0.12,11.08,0.9,149.95,0.89,20.0,0.91,150.54,0.92,197.48,0.02,0.01,2319.3943,1776236446000
1776242195.411,95.411,0.11,21.0,0.1,156.5,0.12,113.76,0.13,11.0,0.89,71.93,0.88,11.08,0.91,150.54,0.92,197.48,0.01,0.02,2319.3943,1776236446000
1776242195.664,95.664,0.1,18.62,0.09,174.8,0.12,118.76,0.13,11.0,0.88,113.76,0.87,11.0,0.89,21.0,0.9,156.5,0.02,0.01,2319.3943,1776236446000
1776242196.112,96.112,0.09,5.0,0.08,133.76,0.1,115.0,0.11,156.5,0.88,118.76,0.87,11.0,0.9,18.62,0.91,174.8,0.01,0.02,2319.3943,1776236446000
1776242196.642,96.642,0.08,131.38,0.07,70.3,0.09,247.37,0.1,155.5,0.9,115.0,0.89,156.5,0.91,5.0,0.92,133.76,0.01,0.01,2319.3943,1776236446000
1776242198.035,98.035,0.08,92.48,0.07,75.3,0.09,175.48,0.1,125.5,0.91,247.37,0.9,155.5,0.92,131.38,0.93,70.3,0.01,0.01,2319.3943,1776236446000
1776242199.048,99.048,0.08,93.16,0.07,75.3,0.09,175.48,0.1,115.0,0.91,175.48,0.9,125.5,0.92,92.48,0.93,75.3,0.01,0.01,2319.3943,1776236446000
1776242199.404,99.404,0.08,88.16,0.07,75.3,0.09,258.81,0.1,115.0,0.91,175.48,0.9,115.0,0.92,93.16,0.93,75.3,0.01,0.01,2319.3943,1776236446000
1776242200.129,100.129,0.08,105.87,0.07,70.3,0.09,196.0,0.1,125.5,0.91,258.81,0.9,115.0,0.92,88.16,0.93,75.3,0.01,0.01,2319.3943,1776236446000
1776242200.678,100.678,0.08,39.35,0.07,70.3,0.09,285.12,0.1,125.5,0.91,196.0,0.9,125.5,0.92,105.87,0.93,70.3,0.01,0.01,2319.3943,1776236446000
1776242202.299,102.299,0.08,79.14,0.07,60.3,0.09,233.75,0.1,125.5,0.91,285.12,0.9,125.5,0.92,39.35,0.93,70.3,0.01,0.01,2319.3943,1776236446000
1776242202.789,102.789,0.08,73.85,0.07,60.3,0.09,233.75,0.1,125.5,0.91,233.75,0.9,125.5,0.92,76.99,0.93,60.3,0.01,0.01,2319.3943,1776236446000
1776242203.798,103.798,0.08,23.86,0.07,60.3,0.09,213.31,0.1,150.5,0.91,233.75,0.9,125.5,0.92,73.85,0.93,60.3,0.01,0.01,2319.3943,1776236446000
1776242204.791,104.791,0.08,36.86,0.07,60.3,0.09,191.08,0.1,150.5,0.91,213.31,0.9,150.5,0.92,23.86,0.93,60.3,0.01,0.01,2319.3943,1776236446000
1776242206.772,106.772,0.08,55.24,0.07,60.3,0.09,123.28,0.1,192.33,0.91,191.08,0.9,150.5,0.92,36.86,0.93,60.3,0.01,0.01,2319.3943,1776236446000
1776242208.069,108.069,0.08,37.09,0.07,60.3,0.09,123.28,0.1,192.33,0.91,123.28,0.9,192.33,0.92,55.24,0.93,60.3,0.01,0.01,2319.3943,1776236446000
1776242213.624,113.624,0.08,9.93,0.06,78.8,0.09,286.8,0.1,273.26,0.91,123.28,0.9,192.33,0.92,37.09,0.93,60.3,0.01,0.01,2319.3943,1776236446000
1776242214.104,114.104,0.08,9.93,0.06,78.8,0.09,231.24,0.1,273.26,0.91,286.8,0.9,273.26,0.92,9.93,0.94,78.8,0.01,0.01,2319.3943,1776236446000
1776242218.828,118.828,0.06,69.93,0.05,305.8,0.09,179.24,0.1,263.35,0.91,231.24,0.9,273.26,0.92,9.93,0.94,78.8,0.03,0.01,2319.3943,1776236446000
1776242219.781,119.781,0.08,20.16,0.07,60.3,0.09,284.21,0.1,88.48,0.91,113.12,0.9,163.35,0.92,5.0,0.94,10.0,0.01,0.01,2319.3943,1776236446000
1776242221.148,121.148,0.08,15.16,0.07,60.3,0.09,287.42,0.1,143.47,0.91,327.51,0.9,88.48,0.92,20.16,0.93,60.3,0.01,0.01,2319.3943,1776236446000
1776242221.492,121.492,0.08,15.16,0.07,60.3,0.09,276.92,0.1,143.47,0.91,287.42,0.9,143.47,0.92,15.16,0.93,60.3,0.01,0.01,2319.3943,1776236446000
1776242221.822,121.822,0.08,79.06,0.07,76.3,0.09,210.92,0.1,122.97,0.91,276.92,0.9,143.47,0.92,15.16,0.93,60.3,0.01,0.01,2319.3943,1776236446000
1776242222.158,122.158,0.08,5.44,0.07,81.3,0.09,236.67,0.1,127.97,0.91,206.67,0.9,132.97,0.92,79.06,0.93,76.3,0.01,0.01,2319.3943,1776236446000
1776242223.937,123.937,0.08,53.16,0.07,26.0,0.09,43.87,0.1,122.97,0.91,236.67,0.9,127.97,0.92,5.44,0.93,81.3,0.01,0.01,2319.3943,1776236446000
1776242224.217,124.217,0.08,53.16,0.07,20.0,0.1,122.05,0.11,232.22,0.91,43.87,0.9,122.97,0.92,53.16,0.93,26.0,0.02,0.01,2319.3943,1776236446000
1776242225.629,125.629,0.07,5.0,0.06,10.0,0.08,26.84,0.09,166.52,0.9,122.05,0.89,232.22,0.92,53.16,0.93,20.0,0.01,0.02,2319.3943,1776236446000
1776242227.827,127.827,0.05,46.3,0.04,872.3,0.08,76.84,0.09,169.5,0.92,26.84,0.91,166.52,0.93,5.0,0.94,10.0,0.03,0.01,2319.3943,1776236446000
1776242228.284,128.284,0.06,16.83,0.04,859.8,0.07,23.34,0.08,76.84,0.92,76.84,0.91,169.5,0.95,46.3,0.96,872.3,0.01,0.03,2319.3943,1776236446000
1776242228.662,128.662,0.05,75.2,0.04,859.8,0.07,18.19,0.08,76.84,0.93,23.34,0.92,76.84,0.94,16.83,0.96,859.8,0.02,0.01,2319.3943,1776236446000
1776242229.187,129.187,0.07,32.81,0.05,50.2,0.08,76.84,0.09,181.0,0.93,18.19,0.92,76.84,0.95,75.2,0.96,859.8,0.01,0.02,2319.3943,1776236446000
1776242229.784,129.784,0.07,0.81,0.05,35.2,0.08,111.84,0.09,181.0,0.92,76.84,0.91,181.0,0.93,32.81,0.95,50.2,0.01,0.01,2319.3943,1776236446000
1776242231.418,131.418,0.06,3.7,0.05,15.0,0.08,45.68,0.09,211.0,0.92,55.68,0.91,181.0,0.93,0.81,0.95,35.2,0.02,0.01,2319.3943,1776236446000
1776242233.528,133.528,0.06,52.53,0.05,15.0,0.08,10.18,0.09,185.5,0.92,45.68,0.91,211.0,0.94,3.7,0.95,15.0,0.02,0.02,2319.3943,1776236446000
1776242234.657,134.657,0.04,110.21,0.03,747.7,0.08,199.71,0.09,159.5,0.92,10.18,0.91,185.5,0.94,52.53,0.95,15.0,0.04,0.02,2319.3943,1776236446000
1776242236.615,136.615,0.06,5.0,0.05,36.2,0.08,118.82,0.09,189.5,0.92,198.54,0.91,159.5,0.96,110.21,0.97,747.7,0.02,0.04,2319.3943,1776236446000
1776242237.63,137.63,0.06,8.93,0.05,30.2,0.07,74.48,0.08,118.82,0.92,118.82,0.91,189.5,0.94,5.0,0.95,36.2,0.01,0.02,2319.3943,1776236446000
1776242238.125,138.125,0.04,0.41,0.03,730.7,0.05,87.03,0.06,110.0,0.93,51.62,0.92,118.82,0.95,50.2,0.96,410.21,0.01,0.02,2319.3943,1776236446000
1776242238.595,138.595,0.03,768.36,0.02,738.7,0.04,66.0,0.05,37.03,0.95,82.03,0.94,110.0,0.97,724.7,0.98,565.7,0.01,0.02,2319.3943,1776236446000
1776242239.232,139.232,0.03,768.36,0.02,485.7,0.05,5.0,0.06,10.0,0.96,66.0,0.95,37.03,0.97,768.36,0.98,738.7,0.02,0.01,2319.3943,1776236446000
1776242239.433,139.433,0.03,721.34,0.02,485.7,0.04,31.55,0.07,10.0,0.96,13.55,0.93,10.0,0.97,773.32,0.98,485.7,0.01,0.01,2319.3943,1776236446000
1776242239.696,139.696,0.03,699.97,0.02,485.7,0.04,31.55,0.05,10.0,0.96,31.55,0.93,10.0,0.97,721.34,0.98,485.7,0.01,0.01,2319.3943,1776236446000
1776242239.953,139.953,0.03,656.31,0.02,485.7,0.04,10.55,0.05,10.0,0.96,31.55,0.95,10.0,0.97,699.97,0.98,485.7,0.01,0.01,2319.3943,1776236446000
1776242240.497,140.497,0.03,476.61,0.02,485.7,0.04,30.55,0.05,10.0,0.96,10.55,0.95,10.0,0.97,656.31,0.98,485.7,0.01,0.01,2319.3943,1776236446000
1776242241.851,141.851,0.03,472.27,0.02,630.7,0.04,45.81,0.05,15.0,0.96,30.55,0.95,10.0,0.97,438.61,0.98,485.7,0.01,0.01,2319.3943,1776236446000
1776242243.225,143.225,0.03,454.84,0.02,504.7,0.04,10.81,0.05,15.0,0.96,45.81,0.95,15.0,0.97,472.27,0.98,630.7,0.01,0.01,2319.3943,1776236446000
1776242244.788,144.788,0.03,454.84,0.02,870.7,0.08,209.87,0.09,172.02,0.96,10.81,0.95,15.0,0.97,454.84,0.98,504.7,0.05,0.01,2319.3943,1776236446000
1776242245.912,145.912,0.04,11.0,0.03,459.84,0.05,175.67,0.06,25.0,0.92,209.87,0.91,172.02,0.97,454.84,0.98,870.7,0.01,0.05,2319.3943,1776236446000
1776242246.122,146.122,0.04,6.0,0.03,459.84,0.05,170.67,0.06,25.0,0.95,175.67,0.94,25.0,0.96,11.0,0.97,459.84,0.01,0.01,2319.3943,1776236446000
1776242246.322,146.322,0.03,448.35,0.02,909.7,0.05,175.67,0.06,25.0,0.95,170.67,0.94,25.0,0.96,6.0,0.97,459.84,0.02,0.01,2319.3943,1776236446000
1776242246.701,146.701,0.04,6.0,0.03,748.35,0.05,160.67,0.07,10.0,0.95,175.67,0.94,25.0,0.97,448.35,0.98,909.7,0.01,0.02,2319.3943,1776236446000
1776242246.923,146.923,0.04,2.0,0.03,748.35,0.05,160.67,0.06,5.0,0.95,160.67,0.93,10.0,0.96,6.0,0.97,748.35,0.01,0.01,2319.3943,1776236446000
1776242247.313,147.313,0.03,748.35,0.02,811.7,0.05,160.67,0.06,5.0,0.95,160.67,0.94,5.0,0.96,2.0,0.97,748.35,0.02,0.01,2319.3943,1776236446000
1776242247.814,147.814,0.04,6.0,0.03,448.35,0.05,160.67,0.06,5.0,0.95,160.67,0.94,5.0,0.96,8.0,0.97,448.35,0.01,0.01,2319.3943,1776236446000
1776242248.071,148.071,0.04,2.0,0.03,448.35,0.05,160.67,0.06,15.0,0.95,160.67,0.94,5.0,0.96,6.0,0.97,448.35,0.01,0.01,2319.3943,1776236446000
1776242248.511,148.511,0.03,448.35,0.02,911.7,0.05,160.27,0.06,15.0,0.95,155.27,0.94,15.0,0.96,2.0,0.97,448.35,0.02,0.01,2319.3943,1776236446000
1776242249.217,149.217,0.03,444.12,0.02,911.7,0.05,155.27,0.06,15.0,0.95,160.27,0.94,15.0,0.97,448.35,0.98,911.7,0.02,0.02,2319.3943,1776236446000
1776242249.429,149.429,0.04,1.96,0.03,444.12,0.05,155.27,0.06,15.0,0.95,155.27,0.94,15.0,0.97,444.12,0.98,911.7,0.01,0.02,2319.3943,1776236446000
1776242250.994,150.994,0.03,454.08,0.02,911.7,0.04,34.22,0.05,15.0,0.95,155.27,0.94,15.0,0.96,1.96,0.97,444.12,0.01,0.01,2319.3943,1776236446000
1776242251.235,151.235,0.03,436.9,0.02,911.7,0.06,45.22,0.07,16.0,0.96,34.22,0.95,15.0,0.97,436.9,0.98,911.7,0.03,0.01,2319.3943,1776236446000
1776242252.027,152.027,0.03,430.7,0.02,1511.7,0.05,91.45,0.06,40.22,0.94,45.22,0.93,16.0,0.97,435.86,0.98,1311.7,0.02,0.03,2319.3943,1776236446000
1776242252.778,152.778,0.03,409.14,0.02,1516.7,0.05,86.45,0.06,51.22,0.95,86.45,0.94,45.22,0.97,413.14,0.98,1516.7,0.02,0.02,2319.3943,1776236446000
1776242254.326,154.326,0.03,388.77,0.02,1211.0,0.04,69.74,0.05,103.01,0.95,86.45,0.94,51.22,0.97,409.14,0.98,1516.7,0.01,0.02,2319.3943,1776236446000
1776242254.825,154.825,0.03,383.61,0.02,1195.0,0.04,80.43,0.05,97.32,0.96,69.74,0.95,103.01,0.97,388.77,0.98,1211.0,0.01,0.01,2319.3943,1776236446000
1776242255.621,155.621,0.03,280.51,0.02,1374.0,0.04,75.43,0.05,97.32,0.96,80.43,0.95,97.32,0.97,383.61,0.98,1195.0,0.01,0.01,2319.3943,1776236446000
1776242257.818,157.818,0.03,275.14,0.02,1374.0,0.04,75.43,0.05,97.32,0.96,75.43,0.95,97.32,0.97,280.51,0.98,1374.0,0.01,0.01,2319.3943,1776236446000
1776242259.101,159.101,0.03,198.14,0.02,1374.0,0.04,75.43,0.05,97.32,0.96,75.43,0.95,97.32,0.97,275.14,0.98,1374.0,0.01,0.01,2319.3943,1776236446000
1776242262.335,162.335,0.03,113.52,0.02,780.0,0.04,80.43,0.05,97.32,0.96,75.43,0.95,97.32,0.97,198.14,0.98,1374.0,0.01,0.01,2319.3943,1776236446000
1776242263.435,163.435,0.03,103.21,0.02,780.0,0.04,75.43,0.05,97.32,0.96,80.43,0.95,97.32,0.97,113.52,0.98,780.0,0.01,0.01,2319.3943,1776236446000
1776242266.323,166.323,0.03,99.21,0.02,1130.0,0.04,75.43,0.05,97.32,0.96,75.43,0.95,97.32,0.97,103.21,0.98,780.0,0.01,0.01,2319.3943,1776236446000
1776242267.044,167.044,0.03,89.21,0.02,1130.0,0.04,95.43,0.05,97.32,0.96,75.43,0.95,97.32,0.97,93.21,0.98,1130.0,0.01,0.01,2319.3943,1776236446000
1776242268.205,168.205,0.03,89.21,0.02,1130.0,0.05,97.32,0.06,160.22,0.96,95.43,0.95,97.32,0.97,89.21,0.98,1130.0,0.02,0.01,2319.3943,1776236446000
1776242270.104,170.104,0.03,89.21,0.02,1130.0,0.04,166.3,0.05,107.32,0.95,97.32,0.94,160.22,0.97,89.21,0.98,1130.0,0.01,0.02,2319.3943,1776236446000
1776242272.201,172.201,0.03,84.21,0.02,1130.0,0.04,171.3,0.05,107.32,0.96,166.3,0.95,107.32,0.97,89.21,0.98,1130.0,0.01,0.01,2319.3943,1776236446000
1776242275.182,175.182,0.03,7.21,0.02,1130.0,0.04,92.31,0.05,148.62,0.96,171.3,0.95,107.32,0.97,84.21,0.98,1130.0,0.01,0.01,2319.3943,1776236446000
1776242275.786,175.786,0.02,1130.0,0.01,7953.6,0.05,21.26,0.06,137.22,0.96,92.31,0.95,148.62,0.97,7.21,0.98,1130.0,0.03,0.01,2319.3943,1776236446000
1776242277.269,177.269,0.02,428.94,0.01,7763.6,0.03,123.7,0.04,10.0,0.95,21.26,0.94,137.22,0.98,1130.0,0.99,7953.6,0.01,0.03,2319.3943,1776236446000
1776242279.457,179.457,0.02,381.58,0.01,7958.6,0.03,20.7,0.04,167.21,0.97,128.7,0.96,10.0,0.98,386.58,0.99,7763.6,0.01,0.01,2319.3943,1776236446000
1776242280.354,180.354,0.02,243.47,0.01,7595.6,0.03,15.06,0.04,167.21,0.97,5.06,0.96,167.21,0.98,381.58,0.99,7958.6,0.01,0.01,2319.3943,1776236446000
1776242280.732,180.732,0.02,239.47,0.01,7595.6,0.03,38.1,0.04,167.21,0.97,15.06,0.96,167.21,0.98,239.47,0.99,7595.6,0.01,0.01,2319.3943,1776236446000
1776242281.366,181.366,0.02,529.4,0.01,7980.6,0.03,33.1,0.04,10.0,0.97,38.1,0.96,167.21,0.98,239.47,0.99,7595.6,0.01,0.01,2319.3943,1776236446000
1776242281.898,181.898,0.02,503.88,0.01,7980.6,0.03,135.68,0.04,10.0,0.97,33.1,0.96,10.0,0.98,529.4,0.99,7980.6,0.01,0.01,2319.3943,1776236446000
1776242282.664,182.664,0.02,489.8,0.01,7980.6,0.03,102.99,0.04,40.0,0.97,135.68,0.96,10.0,0.98,503.88,0.99,7980.6,0.01,0.01,2319.3943,1776236446000
1776242284.828,184.828,0.02,469.73,0.01,7980.6,0.03,148.16,0.04,40.0,0.97,102.99,0.96,40.0,0.98,489.8,0.99,7980.6,0.01,0.01,2319.3943,1776236446000
1776242285.899,185.899,0.02,471.6,0.01,7980.6,0.03,148.16,0.04,40.0,0.97,148.16,0.96,40.0,0.98,469.73,0.99,7980.6,0.01,0.01,2319.3943,1776236446000
1776242286.505,186.505,0.02,461.6,0.01,8080.6,0.03,148.16,0.04,40.0,0.97,148.16,0.96,40.0,0.98,466.6,0.99,7980.6,0.01,0.01,2319.3943,1776236446000
1776242287.817,187.817,0.02,452.5,0.01,8035.6,0.03,148.16,0.04,40.0,0.97,148.16,0.96,40.0,0.98,461.6,0.99,8080.6,0.01,0.01,2319.3943,1776236446000
1776242290.008,190.008,0.02,417.5,0.01,7303.0,0.03,194.16,0.04,251.85,0.97,148.16,0.96,40.0,0.98,452.5,0.99,8035.6,0.01,0.01,2319.3943,1776236446000
1776242292.973,192.973,0.02,497.09,0.01,6703.0,0.03,159.59,0.04,73.0,0.97,194.16,0.96,251.85,0.98,417.5,0.99,7303.0,0.01,0.01,2319.3943,1776236446000
1776242294.545,194.545,0.02,474.43,0.01,7209.0,0.03,598.59,0.04,177.7,0.97,164.59,0.96,82.14,0.98,475.46,0.99,6900.0,0.01,0.01,2319.3943,1776236446000
1776242295.284,195.284,0.02,474.43,0.01,7286.0,0.03,598.11,0.04,191.7,0.97,598.59,0.96,177.7,0.98,474.43,0.99,7209.0,0.01,0.01,2319.3943,1776236446000
1776242295.975,195.975,0.02,469.32,0.01,1903.0,0.03,947.8,0.04,196.84,0.97,598.11,0.96,191.7,0.98,474.43,0.99,7286.0,0.01,0.01,2319.3943,1776236446000
1776242296.488,196.488,0.02,456.12,0.01,1703.0,0.03,899.8,0.04,215.84,0.97,952.8,0.96,196.84,0.98,464.21,0.99,1903.0,0.01,0.01,2319.3943,1776236446000
1776242296.812,196.812,0.02,426.12,0.01,1703.0,0.03,867.66,0.04,215.84,0.97,899.8,0.96,215.84,0.98,456.12,0.99,1703.0,0.01,0.01,2319.3943,1776236446000
1776242299.911,199.911,0.02,429.07,0.01,2109.0,0.03,446.11,0.04,50.0,0.97,537.11,0.96,157.7,0.98,424.07,0.99,1703.0,0.01,0.01,2319.3943,1776236446000
1776242302.858,202.858,0.02,423.07,0.01,2509.0,0.03,461.11,0.04,55.14,0.97,446.11,0.96,50.0,0.98,429.07,0.99,2109.0,0.01,0.01,2319.3943,1776236446000
1776242303.683,203.683,0.02,402.51,0.01,2577.0,0.03,456.11,0.04,72.0,0.97,461.11,0.96,55.14,0.98,423.07,0.99,2509.0,0.01,0.01,2319.3943,1776236446000
1776242305.175,205.175,0.02,387.51,0.01,1603.0,0.03,839.96,0.04,55.0,0.97,456.11,0.96,72.0,0.98,402.51,0.99,2577.0,0.01,0.01,2319.3943,1776236446000
1776242307.127,207.127,0.02,386.48,0.01,1603.0,0.03,831.66,0.04,183.7,0.97,839.96,0.96,55.0,0.98,387.51,0.99,1603.0,0.01,0.01,2319.3943,1776236446000
1776242307.358,207.358,0.02,382.48,0.01,1603.0,0.03,845.8,0.04,202.84,0.97,831.66,0.96,183.7,0.98,386.48,0.99,1603.0,0.01,0.01,2319.3943,1776236446000
1776242309.486,209.486,0.02,377.45,0.01,1603.0,0.03,836.66,0.04,153.7,0.97,850.8,0.96,202.84,0.98,378.48,0.99,1903.0,0.01,0.01,2319.3943,1776236446000
1776242309.715,209.715,0.02,301.15,0.01,1603.0,0.03,836.66,0.04,158.7,0.97,836.66,0.96,158.7,0.98,325.4,0.99,1603.0,0.01,0.01,2319.3943,1776236446000
1776242310.522,210.522,0.02,267.91,0.01,1603.0,0.03,831.66,0.04,158.7,0.97,831.66,0.96,158.7,0.98,272.91,0.99,1603.0,0.01,0.01,2319.3943,1776236446000
1776242310.766,210.766,0.02,261.91,0.01,1603.0,0.03,831.66,0.04,158.7,0.97,831.66,0.96,158.7,0.98,267.91,0.99,1603.0,0.01,0.01,2319.3943,1776236446000
1776242311.047,211.047,0.02,203.05,0.01,1603.0,0.03,1108.48,0.04,158.7,0.97,831.66,0.96,158.7,0.98,261.91,0.99,1603.0,0.01,0.01,2319.3943,1776236446000
1776242311.473,211.473,0.02,142.05,0.01,1603.0,0.03,1123.48,0.04,158.7,0.97,1108.48,0.96,158.7,0.98,198.05,0.99,1603.0,0.01,0.01,2319.3943,1776236446000
1776242311.676,211.676,0.01,1551.05,,,0.03,1118.48,0.04,158.7,0.97,1123.48,0.96,158.7,0.98,142.05,0.99,1603.0,0.02,0.01,2319.3943,1776236446000
1776242311.991,211.991,0.01,1431.9,,,0.02,550.85,0.03,744.81,0.97,1118.48,0.96,158.7,0.99,1551.05,,,0.01,0.02,2319.3943,1776236446000
1776242312.342,212.342,0.01,1421.9,,,0.02,550.85,0.03,734.81,0.98,555.85,0.97,744.81,0.99,1426.9,,,0.01,0.01,2319.3943,1776236446000
1776242313.111,213.111,0.01,1420.88,,,0.02,548.73,0.03,734.51,0.98,523.03,0.97,634.81,0.99,1421.9,,,0.01,0.01,2319.3943,1776236446000
1776242313.517,213.517,0.01,1414.88,,,0.02,548.73,0.03,646.8,0.98,548.73,0.97,734.51,0.99,1420.88,,,0.01,0.01,2319.3943,1776236446000
1776242313.816,213.816,0.01,1396.86,,,0.02,522.5,0.03,634.81,0.98,543.73,0.97,646.8,0.99,1396.86,,,0.01,0.01,2319.3943,1776236446000
1776242314.414,214.414,0.01,1390.86,,,0.02,532.5,0.03,619.81,0.98,522.5,0.97,634.81,0.99,1396.86,,,0.01,0.01,2319.3943,1776236446000
1776242314.964,214.964,0.01,1302.56,,,0.02,554.2,0.03,661.9,0.98,527.5,0.97,619.81,0.99,1325.85,,,0.01,0.01,2319.3943,1776236446000
1776242318.738,218.738,0.01,1278.36,,,0.02,516.38,0.03,606.81,0.98,549.2,0.97,661.9,0.99,1298.56,,,0.01,0.01,2319.3943,1776236446000
1776242324.621,224.621,0.01,1177.34,,,0.02,488.75,0.03,652.81,0.98,516.38,0.97,606.81,0.99,1278.36,,,0.01,0.01,2319.3943,1776236446000
1776242327.151,227.151,0.01,1072.34,,,0.02,489.75,0.03,621.81,0.98,488.75,0.97,652.81,0.99,1172.34,,,0.01,0.01,2319.3943,1776236446000
1776242327.425,227.425,0.01,1037.09,,,0.02,489.75,0.03,621.81,0.98,489.75,0.97,621.81,0.99,1047.12,,,0.01,0.01,2319.3943,1776236446000
1776242333.977,233.977,0.01,631.04,,,0.02,484.75,0.03,596.81,0.98,489.75,0.97,621.81,0.99,1035.09,,,0.01,0.01,2319.3943,1776236446000
1776242334.408,234.408,0.01,629.04,,,0.02,484.75,0.03,596.81,0.98,484.75,0.97,596.81,0.99,631.04,,,0.01,0.01,2319.3943,1776236446000
1776242334.907,234.907,,,,,0.01,375.96,0.02,479.75,0.98,484.75,0.97,596.81,0.99,629.04,,,,0.01,2319.3943,1776236446000
1776242335.792,235.792,,,,,0.01,531.96,0.02,494.75,0.99,375.96,0.98,479.75,,,,,,,2319.3943,1776236446000
1776242336.806,236.806,,,,,0.01,551.08,0.02,601.75,0.99,531.96,0.98,494.75,,,,,,,2319.3943,1776236446000
1776242344.815,244.815,,,,,0.01,868.03,0.02,479.75,0.99,551.08,0.98,601.75,,,,,,,2319.3943,1776236446000
1776242351.539,251.539,0.001,310.0,,,0.01,975.35,0.02,551.19,0.99,868.03,0.98,479.75,,,,,0.009,,2319.3943,1776236446000
1776242351.886,251.886,0.001,299.96,,,0.01,983.43,0.02,551.19,0.99,975.35,0.98,551.19,0.999,310.0,,,0.009,0.009,2319.3943,1776236446000
1776242352.119,252.119,0.001,243.81,,,0.01,973.43,0.02,551.19,0.99,978.43,0.98,551.19,0.999,244.92,,,0.009,0.009,2319.3943,1776236446000
1776242358.097,258.097,0.001,148.62,,,0.009,400.0,0.01,2077.43,0.99,973.43,0.98,551.19,0.999,243.81,,,0.008,0.009,2319.3943,1776236446000
1776242358.768,258.768,0.001,113.58,,,0.009,395.96,0.01,2381.48,0.991,395.96,0.99,2376.48,0.999,148.62,,,0.008,0.008,2319.3943,1776236446000
1776242360.44,260.44,0.001,113.58,,,0.009,390.96,0.01,2351.48,0.991,395.96,0.99,2381.48,0.999,113.58,,,0.008,0.008,2319.3943,1776236446000
1776242361.635,261.635,0.001,103.57,,,0.009,471.96,0.01,2351.48,0.991,390.96,0.99,2351.48,0.999,113.58,,,0.008,0.008,2319.3943,1776236446000
1776242370.719,270.719,,,,,0.001,7831.16,0.009,471.96,0.999,3904.44,0.991,471.96,,,,,,,2319.3943,1776236446000
1776242371.141,271.141,,,,,0.001,7826.16,0.009,471.96,0.999,7831.16,0.991,471.96,,,,,,,2319.3943,1776236446000
1776242378.478,278.478,,,,,0.001,7860.9,0.008,200.0,0.999,7826.16,0.991,471.96,,,,,,,2319.3943,1776236446000
1776242387.978,287.978,,,,,0.001,7869.89,0.008,200.0,0.999,7860.9,0.992,200.0,,,,,,,2319.3943,1776236446000
1776242395.961,295.961,,,,,0.001,9064.29,0.009,495.96,0.999,7869.89,0.992,200.0,,,,,,,2319.3943,1776236446000
1776242396.975,296.975,,,,,0.001,9052.19,0.009,495.96,0.999,9064.29,0.991,495.96,,,,,,,2319.3943,1776236446000
1776242397.876,297.876,,,,,0.001,9057.19,0.009,495.96,0.999,9052.19,0.991,495.96,,,,,,,2319.3943,1776236446000
