timestamp,elapsed_sec,up_bid_p1,up_bid_s1,up_bid_p2,up_bid_s2,up_ask_p1,up_ask_s1,up_ask_p2,up_ask_s2,down_bid_p1,down_bid_s1,down_bid_p2,down_bid_s2,down_ask_p1,down_ask_s1,down_ask_p2,down_ask_s2,up_spread,down_spread,eth_price,eth_oracle_ts
1776277800.55,0.55,0.5,2.91,0.48,10.0,0.52,10.0,0.53,10.0,0.48,40.79,0.47,76.0,0.5,5.91,0.52,15.0,0.02,0.02,2349.99219,1776276632000
1776277801.052,1.052,0.51,5.0,0.5,2.91,0.52,13.07,0.53,10.0,0.48,10.0,0.47,10.0,0.5,2.91,0.52,10.0,0.01,0.02,2349.99219,1776276632000
1776277801.809,1.809,0.5,1.91,0.48,10.0,0.52,39.0,0.53,23.0,0.48,13.07,0.47,10.0,0.49,5.0,0.5,2.91,0.02,0.01,2349.99219,1776276632000
1776277802.035,2.035,0.48,4.1,0.47,11.0,0.51,22.0,0.52,39.0,0.48,39.0,0.47,23.0,0.5,1.91,0.52,10.0,0.03,0.02,2349.99219,1776276632000
1776277802.271,2.271,0.48,9.1,0.47,11.0,0.52,22.18,0.53,23.0,0.49,0.67,0.48,39.0,0.52,9.1,0.53,11.0,0.04,0.03,2349.99219,1776276632000
1776277803.94,3.94,0.51,5.0,0.48,4.1,0.52,44.12,0.53,28.0,0.48,22.18,0.47,23.0,0.52,9.1,0.53,11.0,0.01,0.04,2349.99219,1776276632000
1776277804.199,4.199,0.48,4.1,0.47,10.0,0.52,44.12,0.53,38.0,0.48,44.12,0.47,28.0,0.49,5.0,0.52,4.1,0.04,0.01,2349.99219,1776276632000
1776277804.422,4.422,0.48,4.1,0.47,10.0,0.51,37.0,0.52,16.12,0.48,44.12,0.47,38.0,0.52,4.1,0.53,10.0,0.03,0.04,2349.99219,1776276632000
1776277804.64,4.64,0.46,8.0,0.36,50.0,0.47,12.68,0.48,15.0,0.51,10.0,0.5,10.0,0.53,10.0,0.54,8.0,0.01,0.02,2349.99219,1776276632000
1776277804.863,4.863,0.46,16.0,0.45,13.0,0.47,12.68,0.48,15.0,0.53,12.68,0.52,15.0,0.54,8.0,0.64,50.0,0.01,0.01,2349.99219,1776276632000
1776277805.128,5.128,0.48,117.58,0.46,3.0,0.49,15.0,0.5,15.0,0.51,15.0,0.5,15.0,0.52,129.2,0.54,3.0,0.01,0.01,2349.99219,1776276632000
1776277806.442,6.442,0.48,101.58,0.47,5.0,0.49,229.09,0.5,32.0,0.51,15.0,0.5,15.0,0.52,117.58,0.54,3.0,0.01,0.01,2349.99219,1776276632000
1776277807.038,7.038,0.48,74.58,0.47,5.0,0.49,153.68,0.5,32.0,0.51,225.02,0.5,32.0,0.52,74.58,0.53,5.0,0.01,0.01,2349.99219,1776276632000
1776277807.653,7.653,0.48,73.88,0.47,5.0,0.49,163.68,0.5,32.0,0.51,153.68,0.5,32.0,0.52,77.73,0.53,5.0,0.01,0.01,2349.99219,1776276632000
1776277808.068,8.068,0.48,69.98,0.47,15.0,0.49,10.0,0.5,12.0,0.51,163.68,0.5,32.0,0.52,71.91,0.53,5.0,0.01,0.01,2349.99219,1776276632000
1776277808.336,8.336,0.49,15.0,0.48,64.98,0.5,5.0,0.51,21.0,0.51,7.91,0.5,22.0,0.52,64.98,0.53,5.0,0.01,0.01,2349.99219,1776276632000
1776277808.692,8.692,0.49,2.92,0.48,64.98,0.5,10.0,0.51,23.0,0.5,10.0,0.49,23.0,0.51,7.92,0.52,64.98,0.01,0.01,2349.99219,1776276632000
1776277809.033,9.033,0.47,35.0,0.46,21.0,0.48,10.0,0.49,10.0,0.5,200.0,0.49,28.0,0.53,19.0,0.54,16.0,0.01,0.03,2349.99219,1776276632000
1776277809.374,9.374,0.47,40.0,0.46,31.0,0.48,7.91,0.49,22.6,0.51,17.6,0.5,205.0,0.53,40.0,0.54,31.0,0.01,0.02,2349.99219,1776276632000
1776277809.908,9.908,0.47,70.0,0.46,31.0,0.48,7.91,0.49,22.6,0.52,7.91,0.51,22.6,0.53,40.0,0.54,31.0,0.01,0.01,2349.99219,1776276632000
1776277810.556,10.556,0.47,54.0,0.46,31.0,0.49,17.91,0.5,205.0,0.52,1.47,0.51,22.6,0.53,65.0,0.54,31.0,0.02,0.01,2349.99219,1776276632000
1776277811.472,11.472,0.47,52.92,0.46,21.0,0.49,5.86,0.5,205.0,0.51,17.91,0.5,205.0,0.53,51.92,0.54,31.0,0.02,0.02,2349.99219,1776276632000
1776277811.799,11.799,0.49,13.02,0.48,20.0,0.5,15.0,0.52,181.12,0.51,5.86,0.5,205.0,0.53,52.92,0.54,21.0,0.01,0.02,2349.99219,1776276632000
1776277812.01,12.01,0.5,4.4,0.49,13.02,0.51,55.03,0.52,191.12,0.49,57.0,0.48,191.12,0.5,4.4,0.51,13.02,0.01,0.01,2349.99219,1776276632000
1776277812.3,12.3,0.5,9.4,0.49,23.02,0.51,75.53,0.52,196.12,0.49,55.03,0.48,191.12,0.5,4.4,0.51,13.02,0.01,0.01,2349.99219,1776276632000
1776277813.416,13.416,0.5,20.4,0.49,75.12,0.51,64.62,0.52,206.12,0.49,75.53,0.48,196.12,0.5,9.4,0.51,23.02,0.01,0.01,2349.99219,1776276632000
1776277813.795,13.795,0.5,17.4,0.49,75.12,0.51,64.62,0.52,206.12,0.49,64.62,0.48,206.12,0.5,20.4,0.51,75.12,0.01,0.01,2349.99219,1776276632000
1776277815.811,15.811,0.5,42.56,0.49,60.12,0.51,71.62,0.52,186.12,0.49,64.62,0.48,206.12,0.5,17.4,0.51,75.12,0.01,0.01,2349.99219,1776276632000
1776277817.157,17.157,0.5,45.5,0.49,49.12,0.51,56.12,0.52,186.12,0.49,71.62,0.48,186.12,0.5,42.56,0.51,60.12,0.01,0.01,2349.99219,1776276632000
1776277818.063,18.063,0.49,45.5,0.48,58.5,0.51,66.12,0.52,211.62,0.49,51.12,0.48,186.12,0.5,45.5,0.51,49.12,0.02,0.01,2349.99219,1776276632000
1776277819.378,19.378,0.5,44.5,0.49,46.5,0.51,61.12,0.52,201.62,0.49,66.12,0.48,211.62,0.51,45.5,0.52,58.5,0.01,0.02,2349.99219,1776276632000
1776277821.16,21.16,0.5,31.0,0.49,46.5,0.51,63.15,0.52,200.5,0.49,61.12,0.48,201.62,0.5,44.5,0.51,46.5,0.01,0.01,2349.99219,1776276632000
1776277822.062,22.062,0.5,31.0,0.49,46.5,0.51,65.2,0.52,200.5,0.49,63.15,0.48,200.5,0.5,31.0,0.51,46.5,0.01,0.01,2349.99219,1776276632000
1776277824.193,24.193,0.5,46.0,0.49,62.49,0.52,57.42,0.53,35.5,0.49,65.2,0.48,200.5,0.5,31.0,0.51,46.5,0.02,0.01,2349.99219,1776276632000
1776277825.183,25.183,0.51,15.0,0.5,46.0,0.52,267.49,0.53,40.5,0.48,57.42,0.47,35.5,0.5,46.0,0.51,62.49,0.01,0.02,2349.99219,1776276632000
1776277825.743,25.743,0.51,12.75,0.5,51.0,0.52,262.49,0.53,40.5,0.48,267.49,0.47,40.5,0.49,15.0,0.5,46.0,0.01,0.01,2349.99219,1776276632000
1776277826.222,26.222,0.51,9.68,0.5,51.0,0.52,267.49,0.53,45.5,0.48,262.49,0.47,40.5,0.49,12.75,0.5,51.0,0.01,0.01,2349.99219,1776276632000
1776277826.779,26.779,0.51,9.68,0.5,61.5,0.52,209.79,0.53,40.5,0.48,267.49,0.47,45.5,0.49,9.68,0.5,51.0,0.01,0.01,2349.99219,1776276632000
1776277827.632,27.632,0.51,7.63,0.5,50.5,0.52,210.29,0.53,51.5,0.48,209.79,0.47,40.5,0.49,7.63,0.5,61.5,0.01,0.01,2349.99219,1776276632000
1776277830.965,30.965,0.51,2.73,0.5,50.5,0.52,234.4,0.53,66.5,0.48,212.4,0.47,51.5,0.49,7.63,0.5,50.5,0.01,0.01,2349.99219,1776276632000
1776277831.212,31.212,0.51,2.73,0.5,40.5,0.52,138.24,0.53,51.5,0.48,234.4,0.47,66.5,0.49,2.73,0.5,50.5,0.01,0.01,2349.99219,1776276632000
1776277832.994,32.994,0.52,142.5,0.51,338.49,0.54,8.0,0.55,60.5,0.48,138.24,0.47,51.5,0.49,2.73,0.5,40.5,0.02,0.01,2349.99219,1776276632000
1776277833.658,33.658,0.53,78.37,0.52,169.49,0.54,18.0,0.55,247.5,0.46,8.0,0.45,60.5,0.48,142.5,0.49,338.49,0.01,0.02,2349.99219,1776276632000
1776277833.953,33.953,0.53,88.37,0.52,169.49,0.54,13.0,0.55,252.5,0.46,18.0,0.45,247.5,0.47,78.37,0.48,169.49,0.01,0.01,2349.99219,1776276632000
1776277834.797,34.797,0.49,25.0,0.48,5.0,0.53,71.5,0.54,111.5,0.46,13.0,0.45,252.5,0.47,88.37,0.48,169.49,0.04,0.01,2349.99219,1776276632000
1776277835.181,35.181,0.46,38.0,0.45,55.0,0.47,143.93,0.48,42.5,0.48,26.5,0.47,117.5,0.54,38.0,0.55,55.0,0.01,0.06,2349.99219,1776276632000
1776277835.421,35.421,0.44,15.5,0.43,98.5,0.45,45.0,0.46,10.0,0.53,148.93,0.52,42.5,0.55,55.0,0.56,20.73,0.01,0.02,2349.99219,1776276632000
1776277836.767,36.767,0.44,118.5,0.43,138.49,0.45,15.62,0.46,17.0,0.55,45.0,0.54,10.0,0.56,10.5,0.57,98.5,0.01,0.01,2349.99219,1776276632000
1776277836.991,36.991,0.44,326.7,0.43,129.76,0.45,11.0,0.46,6.0,0.55,15.62,0.54,17.0,0.56,118.5,0.57,138.49,0.01,0.01,2349.99219,1776276632000
1776277837.194,37.194,0.45,10.0,0.44,339.7,0.46,1.0,0.47,51.0,0.54,6.0,0.53,51.0,0.56,339.7,0.57,129.76,0.01,0.02,2349.99219,1776276632000
1776277837.644,37.644,0.46,18.64,0.45,316.49,0.47,45.0,0.48,32.27,0.54,1.0,0.53,51.0,0.55,10.0,0.56,339.7,0.01,0.01,2349.99219,1776276632000
1776277838.944,38.944,0.46,49.92,0.45,306.49,0.47,14.87,0.48,104.77,0.53,45.0,0.52,32.27,0.54,44.92,0.55,311.49,0.01,0.01,2349.99219,1776276632000
1776277839.595,39.595,0.44,47.7,0.43,126.5,0.46,41.06,0.47,123.5,0.53,14.87,0.52,104.77,0.54,49.92,0.55,306.49,0.02,0.01,2349.99219,1776276632000
1776277840.183,40.183,0.42,3.31,0.41,25.0,0.43,10.0,0.44,76.0,0.54,41.06,0.53,123.5,0.56,47.7,0.57,126.5,0.01,0.02,2349.99219,1776276632000
1776277842.189,42.189,0.41,293.5,0.4,46.17,0.42,37.0,0.43,32.0,0.58,5.31,0.57,10.0,0.59,25.0,0.6,20.0,0.01,0.01,2349.99219,1776276632000
1776277842.59,42.59,0.46,20.0,0.45,102.5,0.47,0.22,0.48,26.5,0.58,37.0,0.57,32.0,0.59,293.5,0.6,46.17,0.01,0.01,2349.99219,1776276632000
1776277842.875,42.875,0.46,43.77,0.45,246.5,0.47,10.72,0.48,15.5,0.53,0.22,0.52,26.5,0.54,20.0,0.55,102.5,0.01,0.01,2349.99219,1776276632000
1776277843.189,43.189,0.46,46.73,0.45,246.5,0.47,0.22,0.48,15.5,0.53,10.72,0.52,15.5,0.54,43.77,0.55,246.5,0.01,0.01,2349.99219,1776276632000
1776277845.421,45.421,0.49,11.9,0.48,15.0,0.5,325.49,0.51,201.66,0.53,0.22,0.5,64.72,0.54,43.95,0.55,246.5,0.01,0.01,2349.99219,1776276632000
1776277845.83,45.83,0.49,11.9,0.48,5.0,0.5,318.49,0.51,192.75,0.5,325.49,0.49,201.66,0.51,11.9,0.52,15.0,0.01,0.01,2349.99219,1776276632000
1776277846.212,46.212,0.49,6.8,0.48,5.0,0.5,314.49,0.51,217.75,0.5,318.49,0.49,192.75,0.51,11.9,0.52,5.0,0.01,0.01,2349.99219,1776276632000
1776277846.774,46.774,0.49,1.7,0.48,5.0,0.5,314.49,0.51,217.75,0.5,314.49,0.49,217.75,0.51,6.8,0.52,5.0,0.01,0.01,2349.99219,1776276632000
1776277847.787,47.787,0.46,10.0,0.44,10.0,0.5,329.49,0.51,278.75,0.5,314.49,0.49,217.75,0.51,1.7,0.52,5.0,0.04,0.01,2349.99219,1776276632000
1776277848.305,48.305,0.44,10.0,0.41,50.0,0.47,15.5,0.48,47.5,0.51,0.18,0.5,329.49,0.54,10.0,0.56,10.0,0.03,0.03,2349.99219,1776276632000
1776277849.557,49.557,0.42,10.5,0.41,112.0,0.44,7.02,0.45,215.5,0.53,15.5,0.52,47.5,0.56,10.0,0.59,50.0,0.02,0.03,2349.99219,1776276632000
1776277849.906,49.906,0.42,13.77,0.41,112.0,0.43,75.0,0.44,17.02,0.56,7.02,0.55,215.5,0.58,10.5,0.59,112.0,0.01,0.02,2349.99219,1776276632000
1776277850.895,50.895,0.42,260.77,0.41,60.0,0.43,44.88,0.44,40.0,0.57,79.14,0.56,17.02,0.58,8.77,0.59,112.0,0.01,0.01,2349.99219,1776276632000
1776277852.764,52.764,0.42,87.5,0.41,245.5,0.43,89.88,0.44,25.0,0.57,44.88,0.56,40.0,0.58,260.77,0.59,60.0,0.01,0.01,2349.99219,1776276632000
1776277853.031,53.031,0.42,83.82,0.41,245.5,0.43,89.88,0.44,25.0,0.57,89.88,0.56,25.0,0.58,80.77,0.59,245.5,0.01,0.01,2349.99219,1776276632000
1776277856.241,56.241,0.41,5.5,0.4,264.26,0.42,164.0,0.43,25.5,0.57,89.88,0.56,25.0,0.58,73.82,0.59,245.5,0.01,0.01,2349.99219,1776276632000
1776277856.975,56.975,0.4,89.76,0.39,32.76,0.41,138.0,0.42,67.0,0.58,164.0,0.57,25.5,0.59,5.5,0.6,264.26,0.01,0.01,2349.99219,1776276632000
1776277857.4,57.4,0.4,74.26,0.39,212.76,0.41,143.5,0.42,46.5,0.59,138.0,0.58,67.0,0.6,89.76,0.61,32.76,0.01,0.01,2349.99219,1776276632000
1776277857.648,57.648,0.4,11.81,0.39,22.26,0.41,163.5,0.42,51.5,0.59,143.5,0.58,46.5,0.6,74.26,0.61,212.76,0.01,0.01,2349.99219,1776276632000
1776277858.073,58.073,0.4,1.81,0.39,22.26,0.41,161.06,0.42,51.5,0.59,161.06,0.58,51.5,0.6,11.81,0.61,22.26,0.01,0.01,2349.99219,1776276632000
1776277858.859,58.859,0.39,20.62,0.38,277.5,0.4,148.0,0.41,65.5,0.59,161.06,0.58,51.5,0.6,1.81,0.61,22.26,0.01,0.01,2349.99219,1776276632000
1776277859.72,59.72,0.39,37.99,0.38,270.5,0.4,153.79,0.41,122.5,0.6,153.0,0.59,60.5,0.61,27.19,0.62,277.5,0.01,0.01,2349.99219,1776276632000
1776277860.124,60.124,0.39,17.99,0.38,270.5,0.4,123.79,0.41,30.5,0.6,153.79,0.59,122.5,0.61,37.99,0.62,270.5,0.01,0.01,2349.99219,1776276632000
1776277860.46,60.46,0.39,69.99,0.38,218.5,0.4,123.79,0.41,104.6,0.6,123.79,0.59,30.5,0.61,17.99,0.62,270.5,0.01,0.01,2349.99219,1776276632000
1776277860.815,60.815,0.39,81.83,0.38,218.5,0.4,113.29,0.41,104.6,0.6,123.79,0.59,104.6,0.61,64.9,0.62,218.5,0.01,0.01,2349.99219,1776276632000
1776277862.543,62.543,0.39,81.83,0.38,226.5,0.4,98.29,0.41,114.6,0.6,118.29,0.59,104.6,0.61,81.83,0.62,218.5,0.01,0.01,2349.99219,1776276632000
1776277863.763,63.763,0.38,65.51,0.37,15.0,0.4,203.29,0.41,85.23,0.6,98.29,0.59,114.6,0.61,81.83,0.62,226.5,0.02,0.01,2349.99219,1776276632000
1776277864.189,64.189,0.38,70.51,0.37,43.5,0.39,67.12,0.4,160.29,0.6,203.29,0.59,85.23,0.62,65.51,0.63,15.0,0.01,0.02,2349.99219,1776276632000
1776277865.059,65.059,0.38,298.39,0.37,51.5,0.39,154.3,0.4,165.29,0.61,67.12,0.6,160.29,0.62,70.51,0.63,43.5,0.01,0.01,2349.99219,1776276632000
1776277865.28,65.28,0.38,320.39,0.37,51.5,0.39,94.18,0.4,165.0,0.61,151.47,0.6,165.29,0.62,298.39,0.63,51.5,0.01,0.01,2349.99219,1776276632000
1776277866.006,66.006,0.38,315.26,0.37,73.5,0.39,64.18,0.4,165.0,0.61,94.18,0.6,165.0,0.62,304.26,0.63,51.5,0.01,0.01,2349.99219,1776276632000
1776277866.405,66.405,0.38,310.26,0.37,73.5,0.39,61.61,0.4,165.0,0.61,64.18,0.6,165.0,0.62,315.26,0.63,73.5,0.01,0.01,2349.99219,1776276632000
1776277866.884,66.884,0.38,304.76,0.37,73.5,0.39,58.78,0.4,165.0,0.61,58.78,0.6,165.0,0.62,315.26,0.63,73.5,0.01,0.01,2349.99219,1776276632000
1776277867.679,67.679,0.36,10.0,0.35,50.0,0.37,22.62,0.38,87.0,0.61,58.78,0.6,165.0,0.62,304.76,0.63,73.5,0.01,0.01,2349.99219,1776276632000
1776277868.464,68.464,0.34,55.0,0.33,350.0,0.35,113.0,0.36,48.72,0.64,24.22,0.63,111.62,0.65,50.0,0.66,79.0,0.01,0.01,2349.99219,1776276632000
1776277868.948,68.948,0.34,3.48,0.33,325.0,0.35,120.14,0.36,48.72,0.65,110.14,0.64,48.72,0.66,55.0,0.67,350.0,0.01,0.01,2349.99219,1776276632000
1776277869.537,69.537,0.33,280.0,0.32,85.5,0.35,125.14,0.36,48.72,0.65,120.14,0.64,48.72,0.66,3.48,0.67,325.0,0.02,0.01,2349.99219,1776276632000
1776277870.276,70.276,0.33,221.0,0.32,85.5,0.34,103.0,0.35,25.0,0.65,125.14,0.64,48.72,0.67,280.0,0.68,85.5,0.01,0.02,2349.99219,1776276632000
1776277870.884,70.884,0.34,116.0,0.33,64.5,0.39,46.02,0.4,150.0,0.66,103.0,0.65,25.0,0.67,221.0,0.68,85.5,0.05,0.01,2349.99219,1776276632000
1776277871.198,71.198,0.39,197.0,0.38,5.0,0.4,20.1,0.41,10.0,0.6,28.3,0.59,21.0,0.61,185.0,0.62,18.15,0.01,0.01,2349.99219,1776276632000
1776277871.484,71.484,0.39,231.0,0.38,10.0,0.4,14.97,0.42,10.0,0.6,20.1,0.59,10.0,0.61,197.0,0.62,5.0,0.01,0.01,2349.99219,1776276632000
1776277871.791,71.791,0.43,22.0,0.42,10.0,0.44,1.45,0.45,5.0,0.58,25.0,0.56,5.0,0.59,81.8,0.6,10.0,0.01,0.01,2349.99219,1776276632000
1776277872.408,72.408,0.45,7.05,0.44,190.0,0.49,25.5,0.5,27.27,0.53,10.0,0.51,5.0,0.54,43.55,0.57,22.0,0.04,0.01,2349.99219,1776276632000
1776277872.773,72.773,0.48,360.5,0.47,26.0,0.5,19.79,0.51,175.0,0.51,25.5,0.5,27.27,0.55,7.05,0.56,190.0,0.02,0.04,2349.99219,1776276632000
1776277873.281,73.281,0.52,69.25,0.51,106.0,0.53,15.0,0.54,28.0,0.49,175.0,0.48,10.0,0.52,355.5,0.53,26.0,0.01,0.03,2349.99219,1776276632000
1776277874.268,74.268,0.57,40.67,0.56,20.5,0.58,9.66,0.6,10.5,0.44,10.0,0.43,110.0,0.47,10.0,0.48,139.75,0.01,0.03,2349.99219,1776276632000
1776277874.648,74.648,0.6,0.37,0.59,10.0,0.61,247.0,0.62,82.0,0.39,242.0,0.38,25.0,0.43,40.67,0.44,20.5,0.01,0.04,2349.99219,1776276632000
1776277875.024,75.024,0.59,11.48,0.58,10.0,0.61,269.5,0.62,102.25,0.39,247.0,0.38,82.0,0.4,0.37,0.41,10.0,0.02,0.01,2349.99219,1776276632000
1776277875.444,75.444,0.59,1.48,0.58,10.0,0.6,244.2,0.61,27.5,0.4,10.5,0.39,84.5,0.41,1.48,0.42,10.0,0.01,0.01,2349.99219,1776276632000
1776277875.688,75.688,0.59,1.48,0.58,10.0,0.6,82.53,0.61,27.5,0.4,244.2,0.39,27.5,0.41,1.48,0.42,10.0,0.01,0.01,2349.99219,1776276632000
1776277876.056,76.056,0.57,51.5,0.56,82.5,0.58,28.0,0.59,20.5,0.4,79.48,0.39,27.5,0.41,1.48,0.42,10.0,0.01,0.01,2349.99219,1776276632000
1776277876.259,76.259,0.57,76.5,0.56,77.5,0.58,13.74,0.59,25.5,0.42,19.44,0.41,25.5,0.43,56.5,0.44,77.5,0.01,0.01,2349.99219,1776276632000
1776277877.008,77.008,0.57,87.5,0.56,25.5,0.58,13.74,0.59,112.13,0.42,13.74,0.41,25.5,0.43,76.5,0.44,77.5,0.01,0.01,2349.99219,1776276632000
1776277877.431,77.431,0.57,82.0,0.56,30.5,0.58,12.96,0.59,114.13,0.42,16.8,0.41,107.13,0.43,117.5,0.44,25.5,0.01,0.01,2349.99219,1776276632000
1776277877.914,77.914,0.57,65.6,0.56,82.5,0.58,3.95,0.59,294.13,0.42,8.01,0.41,114.13,0.43,50.1,0.44,30.5,0.01,0.01,2349.99219,1776276632000
1776277878.202,78.202,0.58,25.0,0.57,95.6,0.59,16.34,0.62,25.0,0.42,3.95,0.41,294.13,0.43,65.6,0.44,82.5,0.01,0.01,2349.99219,1776276632000
1776277878.666,78.666,0.63,56.29,0.62,20.0,0.64,92.9,0.65,22.0,0.38,25.0,0.37,25.0,0.42,82.0,0.43,83.6,0.01,0.04,2349.99219,1776276632000
1776277879.158,79.158,0.63,37.77,0.62,257.0,0.64,82.9,0.65,17.0,0.36,82.9,0.35,22.0,0.37,51.29,0.38,20.0,0.01,0.01,2349.99219,1776276632000
1776277879.388,79.388,0.63,56.77,0.62,262.0,0.64,34.84,0.65,17.0,0.36,60.55,0.35,17.0,0.37,36.77,0.38,262.0,0.01,0.01,2349.99219,1776276632000
1776277879.699,79.699,0.63,41.77,0.62,262.0,0.64,11.52,0.65,7.0,0.36,34.84,0.35,17.0,0.37,56.77,0.38,262.0,0.01,0.01,2349.99219,1776276632000
1776277880.078,80.078,0.63,14.0,0.62,262.0,0.64,44.0,0.65,129.73,0.36,6.52,0.35,7.0,0.37,24.77,0.38,262.0,0.01,0.01,2349.99219,1776276632000
1776277880.341,80.341,0.63,3.0,0.62,25.0,0.65,301.23,0.66,75.0,0.35,173.23,0.34,50.0,0.37,9.0,0.38,40.5,0.02,0.02,2349.99219,1776276632000
1776277880.631,80.631,0.6,4.0,0.59,10.0,0.63,38.5,0.64,102.64,0.36,20.5,0.35,358.23,0.37,5.0,0.38,43.0,0.03,0.01,2349.99219,1776276632000
1776277881.114,81.114,0.6,30.5,0.59,25.5,0.61,28.36,0.62,195.0,0.37,38.5,0.36,102.64,0.4,4.0,0.41,10.0,0.01,0.03,2349.99219,1776276632000
1776277881.316,81.316,0.59,16.0,0.58,82.5,0.62,192.16,0.63,33.5,0.38,197.16,0.37,33.5,0.4,1.5,0.41,25.5,0.03,0.02,2349.99219,1776276632000
1776277881.611,81.611,0.59,14.0,0.58,30.5,0.61,5.0,0.62,279.8,0.38,192.16,0.37,33.5,0.41,16.0,0.42,82.5,0.02,0.03,2349.99219,1776276632000
1776277882.071,82.071,0.59,54.0,0.58,41.5,0.6,22.0,0.61,72.0,0.4,11.0,0.39,5.0,0.41,3.0,0.42,30.5,0.01,0.01,2349.99219,1776276632000
1776277882.552,82.552,0.6,29.04,0.59,26.0,0.61,247.0,0.62,63.8,0.39,50.0,0.38,243.8,0.4,6.0,0.41,55.0,0.01,0.01,2349.99219,1776276632000
1776277883.112,83.112,0.6,16.54,0.59,26.0,0.61,210.14,0.62,110.66,0.39,247.0,0.38,63.8,0.4,29.04,0.41,26.0,0.01,0.01,2349.99219,1776276632000
1776277883.344,83.344,0.59,30.58,0.58,98.5,0.61,215.14,0.62,48.66,0.39,210.14,0.38,110.66,0.4,16.54,0.41,26.0,0.02,0.01,2349.99219,1776276632000
1776277884.168,84.168,0.59,41.84,0.58,103.5,0.61,210.14,0.62,48.66,0.39,215.14,0.38,48.66,0.41,30.58,0.42,98.5,0.02,0.02,2349.99219,1776276632000
1776277884.601,84.601,0.6,35.0,0.59,16.84,0.61,198.5,0.62,53.66,0.39,210.14,0.38,48.66,0.41,41.84,0.42,103.5,0.01,0.02,2349.99219,1776276632000
1776277885.387,85.387,0.6,263.0,0.59,257.34,0.62,10.0,0.63,75.0,0.39,15.14,0.38,33.16,0.4,43.5,0.41,89.34,0.02,0.01,2349.99219,1776276632000
1776277885.85,85.85,0.62,116.0,0.61,35.5,0.65,28.5,0.68,95.0,0.37,4.0,0.35,28.5,0.38,86.0,0.39,35.5,0.03,0.01,2349.99219,1776276632000
1776277886.264,86.264,0.64,91.0,0.63,45.0,0.65,26.48,0.66,5.0,0.35,28.5,0.32,95.0,0.38,116.0,0.39,35.5,0.01,0.03,2349.99219,1776276632000
1776277887.187,87.187,0.64,91.0,0.63,20.0,0.65,21.01,0.66,42.29,0.35,25.01,0.34,5.0,0.36,96.0,0.37,45.0,0.01,0.01,2349.99219,1776276632000
1776277887.755,87.755,0.64,57.0,0.63,26.0,0.65,90.7,0.66,227.29,0.35,18.7,0.34,99.29,0.36,102.0,0.37,26.0,0.01,0.01,2349.99219,1776276632000
1776277888.297,88.297,0.64,21.86,0.63,26.0,0.65,166.2,0.66,200.0,0.35,90.7,0.34,227.29,0.36,57.0,0.37,26.0,0.01,0.01,2349.99219,1776276632000
1776277889.0,89.0,0.64,19.08,0.63,26.0,0.65,7.35,0.66,200.0,0.35,161.2,0.34,200.0,0.36,19.08,0.37,26.0,0.01,0.01,2349.99219,1776276632000
1776277889.371,89.371,0.64,14.03,0.63,36.0,0.65,67.0,0.66,200.0,0.35,7.35,0.34,200.0,0.36,19.08,0.37,26.0,0.01,0.01,2349.99219,1776276632000
1776277889.706,89.706,0.64,3.19,0.63,36.0,0.65,72.0,0.66,208.0,0.35,67.0,0.34,200.0,0.36,14.03,0.37,36.0,0.01,0.01,2349.99219,1776276632000
1776277890.358,90.358,0.63,68.0,0.62,37.0,0.64,19.27,0.65,67.0,0.35,72.0,0.34,208.0,0.37,36.0,0.38,32.0,0.01,0.02,2349.99219,1776276632000
1776277890.604,90.604,0.63,98.0,0.62,94.0,0.64,13.77,0.65,10.0,0.36,19.27,0.35,67.0,0.37,68.0,0.38,37.0,0.01,0.01,2349.99219,1776276632000
1776277891.357,91.357,0.63,73.0,0.62,37.0,0.64,1.77,0.65,10.0,0.36,2.77,0.35,10.0,0.37,98.0,0.38,94.0,0.01,0.01,2349.99219,1776276632000
1776277893.41,93.41,0.63,9.27,0.62,107.0,0.65,18.0,0.66,5.0,0.36,1.77,0.35,10.0,0.37,73.0,0.38,37.0,0.02,0.01,2349.99219,1776276632000
1776277893.974,93.974,0.64,332.22,0.63,24.27,0.65,5.0,0.67,30.0,0.35,18.0,0.34,5.0,0.37,9.27,0.38,107.0,0.01,0.02,2349.99219,1776276632000
1776277894.221,94.221,0.64,342.72,0.63,44.77,0.65,13.46,0.67,35.5,0.35,5.0,0.33,30.0,0.36,332.22,0.37,24.27,0.01,0.01,2349.99219,1776276632000
1776277894.855,94.855,0.64,234.55,0.63,44.77,0.65,3.46,0.68,75.0,0.35,13.46,0.33,35.5,0.36,342.72,0.37,44.77,0.01,0.01,2349.99219,1776276632000
1776277895.337,95.337,0.67,153.31,0.66,20.0,0.68,30.0,0.69,245.0,0.32,50.0,0.31,60.0,0.36,234.55,0.37,233.77,0.01,0.04,2349.99219,1776276632000
1776277897.409,97.409,0.69,196.5,0.68,257.5,0.7,5.0,0.71,155.0,0.32,30.0,0.31,245.0,0.33,153.31,0.34,20.0,0.01,0.01,2349.99219,1776276632000
1776277898.264,98.264,0.69,221.5,0.68,282.5,0.71,65.5,0.72,245.5,0.3,5.0,0.29,155.0,0.31,196.5,0.32,257.5,0.02,0.01,2349.99219,1776276632000
1776277898.629,98.629,0.7,93.66,0.69,156.5,0.71,55.0,0.72,245.5,0.29,65.5,0.28,245.5,0.31,221.5,0.32,282.5,0.01,0.02,2349.99219,1776276632000
1776277902.869,102.869,0.71,233.5,0.7,72.5,0.73,130.0,0.74,190.5,0.29,55.0,0.28,245.5,0.3,93.66,0.31,156.5,0.02,0.01,2349.99219,1776276632000
1776277906.45,106.45,0.72,50.64,0.71,53.31,0.73,217.5,0.74,72.5,0.27,130.0,0.26,190.5,0.29,233.5,0.3,72.5,0.01,0.02,2349.99219,1776276632000
1776277906.898,106.898,0.72,60.64,0.71,48.31,0.73,197.5,0.74,82.5,0.27,217.5,0.26,72.5,0.28,50.64,0.29,53.31,0.01,0.01,2349.99219,1776276632000
1776277908.709,108.709,0.72,86.64,0.71,60.19,0.73,1.0,0.74,20.5,0.27,197.5,0.26,82.5,0.28,60.64,0.29,48.31,0.01,0.01,2349.99219,1776276632000
1776277909.231,109.231,0.73,70.0,0.72,31.64,0.74,78.5,0.75,334.43,0.26,10.5,0.25,148.43,0.28,91.64,0.29,60.19,0.01,0.02,2349.99219,1776276632000
1776277909.546,109.546,0.73,105.09,0.72,47.14,0.74,91.96,0.75,334.43,0.26,78.5,0.25,334.43,0.27,70.0,0.28,31.64,0.01,0.01,2349.99219,1776276632000
1776277914.192,114.192,0.74,290.5,0.73,247.15,0.75,14.93,0.76,110.0,0.26,91.96,0.25,334.43,0.27,105.09,0.28,47.14,0.01,0.01,2349.99219,1776276632000
1776277914.847,114.847,0.76,331.33,0.75,302.5,0.77,10.0,0.78,10.0,0.24,110.0,0.23,190.0,0.26,290.5,0.27,242.15,0.01,0.02,2349.99219,1776276632000
1776277915.173,115.173,0.79,112.28,0.78,36.0,0.8,375.55,0.81,10.31,0.2,71.28,0.19,5.0,0.22,5.0,0.24,326.33,0.01,0.02,2349.99219,1776276632000
1776277916.936,116.936,0.79,23.0,0.78,58.0,0.8,375.55,0.81,10.31,0.2,375.55,0.19,10.31,0.21,112.28,0.22,36.0,0.01,0.01,2349.99219,1776276632000
1776277917.596,117.596,0.77,35.0,0.76,10.0,0.79,43.5,0.8,351.55,0.2,375.55,0.19,10.31,0.21,23.0,0.22,58.0,0.02,0.01,2349.99219,1776276632000
1776277917.864,117.864,0.76,15.0,0.75,80.0,0.77,12.5,0.78,43.5,0.22,48.5,0.21,51.5,0.24,15.0,0.25,70.0,0.01,0.02,2349.99219,1776276632000
1776277919.671,119.671,0.74,155.5,0.73,58.5,0.77,264.5,0.78,112.5,0.23,12.5,0.22,43.5,0.24,15.0,0.25,80.0,0.03,0.01,2349.99219,1776276632000
1776277920.416,120.416,0.75,30.5,0.74,155.5,0.76,6.0,0.77,259.5,0.23,264.5,0.22,112.5,0.26,155.5,0.27,58.5,0.01,0.03,2349.99219,1776276632000
1776277920.628,120.628,0.75,15.0,0.74,92.5,0.76,219.0,0.77,85.5,0.24,6.0,0.23,259.5,0.25,30.5,0.26,155.5,0.01,0.01,2349.99219,1776276632000
1776277920.843,120.843,0.74,155.5,0.73,58.5,0.76,267.5,0.77,85.5,0.24,257.0,0.23,85.5,0.26,155.5,0.27,58.5,0.02,0.02,2349.99219,1776276632000
1776277921.872,121.872,0.75,149.5,0.74,97.5,0.76,248.7,0.77,32.5,0.24,260.52,0.23,85.5,0.25,10.0,0.26,155.5,0.01,0.01,2349.99219,1776276632000
1776277922.195,122.195,0.75,171.5,0.74,97.5,0.76,176.7,0.77,15.0,0.24,238.7,0.23,32.5,0.25,149.5,0.26,97.5,0.01,0.01,2349.99219,1776276632000
1776277922.837,122.837,0.75,281.64,0.74,159.5,0.76,170.7,0.77,82.0,0.24,176.7,0.23,15.0,0.25,171.5,0.26,97.5,0.01,0.01,2349.99219,1776276632000
1776277923.203,123.203,0.75,223.64,0.74,217.5,0.76,160.7,0.77,82.0,0.24,170.7,0.23,82.0,0.25,281.64,0.26,159.5,0.01,0.01,2349.99219,1776276632000
1776277924.013,124.013,0.75,218.64,0.74,217.5,0.76,154.77,0.77,92.0,0.24,160.7,0.23,82.0,0.25,223.64,0.26,217.5,0.01,0.01,2349.99219,1776276632000
1776277924.901,124.901,0.75,156.76,0.74,102.5,0.76,274.77,0.77,45.5,0.24,154.77,0.23,92.0,0.25,218.64,0.26,217.5,0.01,0.01,2349.99219,1776276632000
1776277925.872,125.872,0.75,156.76,0.74,102.5,0.76,220.45,0.77,103.5,0.24,274.77,0.23,45.5,0.25,156.76,0.26,102.5,0.01,0.01,2349.99219,1776276632000
1776277926.35,126.35,0.75,108.66,0.74,150.58,0.76,220.45,0.77,93.5,0.24,220.45,0.23,103.5,0.25,156.76,0.26,102.5,0.01,0.01,2349.99219,1776276632000
1776277927.367,127.367,0.72,25.0,0.71,7.04,0.76,342.95,0.77,60.5,0.24,220.45,0.23,93.5,0.25,108.66,0.26,150.58,0.04,0.01,2349.99219,1776276632000
1776277928.468,128.468,0.71,17.04,0.7,93.6,0.73,8.5,0.74,48.5,0.24,342.95,0.23,60.5,0.28,25.0,0.29,7.04,0.02,0.04,2349.99219,1776276632000
1776277930.468,130.468,0.72,19.0,0.71,95.04,0.73,257.5,0.74,37.5,0.27,8.5,0.26,48.5,0.29,17.04,0.3,93.6,0.01,0.02,2349.99219,1776276632000
1776277931.382,131.382,0.72,19.0,0.71,116.54,0.73,186.29,0.74,89.5,0.27,257.5,0.26,37.5,0.28,19.0,0.29,95.04,0.01,0.01,2349.99219,1776276632000
1776277931.733,131.733,0.72,205.5,0.71,83.54,0.74,11.27,0.75,27.5,0.27,186.29,0.26,89.5,0.28,19.0,0.29,116.54,0.02,0.01,2349.99219,1776276632000
1776277932.405,132.405,0.74,35.0,0.73,94.0,0.75,180.77,0.76,30.5,0.25,17.77,0.24,93.5,0.27,46.0,0.28,149.5,0.01,0.02,2349.99219,1776276632000
1776277933.664,133.664,0.74,61.41,0.73,151.5,0.75,190.5,0.76,150.5,0.25,185.77,0.24,30.5,0.26,31.15,0.27,104.5,0.01,0.01,2349.99219,1776276632000
1776277934.384,134.384,0.74,61.41,0.73,151.5,0.75,135.5,0.76,150.5,0.25,190.5,0.24,150.5,0.26,61.41,0.27,151.5,0.01,0.01,2349.99219,1776276632000
1776277935.169,135.169,0.75,266.5,0.74,232.91,0.78,80.5,0.79,48.0,0.25,135.5,0.24,150.5,0.26,61.41,0.27,151.5,0.03,0.01,2349.99219,1776276632000
1776277935.498,135.498,0.77,71.0,0.76,48.5,0.78,290.28,0.79,58.5,0.22,80.5,0.21,48.0,0.25,266.5,0.26,232.91,0.01,0.03,2349.99219,1776276632000
1776277935.893,135.893,0.77,81.5,0.76,48.5,0.78,286.5,0.79,58.5,0.22,290.28,0.21,58.5,0.23,71.0,0.24,48.5,0.01,0.01,2349.99219,1776276632000
1776277936.607,136.607,0.77,101.5,0.76,48.5,0.78,185.0,0.79,173.5,0.22,286.5,0.21,58.5,0.23,81.5,0.24,48.5,0.01,0.01,2349.99219,1776276632000
1776277936.933,136.933,0.77,84.76,0.76,48.5,0.78,185.0,0.79,173.5,0.22,185.0,0.21,173.5,0.23,101.5,0.24,48.5,0.01,0.01,2349.99219,1776276632000
1776277937.139,137.139,0.77,90.91,0.76,48.5,0.78,185.0,0.79,173.5,0.22,185.0,0.21,173.5,0.23,84.76,0.24,48.5,0.01,0.01,2349.99219,1776276632000
1776277937.71,137.71,0.78,192.0,0.77,65.5,0.79,119.5,0.8,20.0,0.22,185.0,0.21,173.5,0.23,168.91,0.24,42.5,0.01,0.01,2349.99219,1776276632000
1776277937.928,137.928,0.78,182.45,0.77,30.5,0.79,325.0,0.8,20.0,0.21,119.5,0.2,20.0,0.22,192.0,0.23,65.5,0.01,0.01,2349.99219,1776276632000
1776277938.494,138.494,0.78,191.95,0.77,30.5,0.79,236.5,0.8,93.5,0.21,325.0,0.2,20.0,0.22,182.45,0.23,30.5,0.01,0.01,2349.99219,1776276632000
1776277939.342,139.342,0.78,184.22,0.77,163.87,0.79,185.0,0.8,145.5,0.21,236.5,0.2,93.5,0.22,191.95,0.23,25.5,0.01,0.01,2349.99219,1776276632000
1776277941.227,141.227,0.77,16.37,0.76,10.0,0.78,266.5,0.79,158.5,0.21,185.0,0.2,145.5,0.22,184.22,0.23,163.87,0.01,0.01,2349.99219,1776276632000
1776277942.233,142.233,0.74,6.0,0.73,20.0,0.75,30.36,0.76,45.5,0.22,278.5,0.21,100.5,0.25,10.0,0.26,6.0,0.01,0.03,2349.99219,1776276632000
1776277942.975,142.975,0.71,47.94,0.69,73.0,0.72,35.5,0.73,66.5,0.25,30.36,0.24,45.5,0.26,6.0,0.27,20.0,0.01,0.01,2349.99219,1776276632000
1776277944.117,144.117,0.7,78.0,0.69,83.5,0.72,124.0,0.73,103.5,0.28,9.5,0.27,66.5,0.29,52.94,0.3,58.0,0.02,0.01,2349.99219,1776276632000
1776277945.182,145.182,0.7,99.0,0.69,98.5,0.72,36.59,0.73,45.5,0.28,124.0,0.27,103.5,0.3,78.0,0.31,83.5,0.02,0.02,2349.99219,1776276632000
1776277946.96,146.96,0.72,25.5,0.71,47.5,0.73,72.38,0.74,73.0,0.28,36.59,0.27,45.5,0.3,99.0,0.31,98.5,0.01,0.02,2349.99219,1776276632000
1776277947.377,147.377,0.72,205.5,0.71,57.5,0.75,15.36,0.76,135.2,0.27,72.38,0.26,73.0,0.28,25.5,0.29,47.5,0.03,0.01,2349.99219,1776276632000
1776277947.89,147.89,0.74,7.0,0.73,15.0,0.75,257.36,0.76,178.5,0.25,15.36,0.24,135.2,0.28,205.5,0.29,57.5,0.01,0.03,2349.99219,1776276632000
1776277951.257,151.257,0.74,67.0,0.73,99.5,0.75,243.08,0.76,70.5,0.25,257.36,0.24,178.5,0.26,7.0,0.27,15.0,0.01,0.01,2349.99219,1776276632000
1776277952.614,152.614,0.74,18.32,0.73,26.0,0.75,356.58,0.76,71.5,0.25,243.08,0.24,70.5,0.26,67.0,0.27,99.5,0.01,0.01,2349.99219,1776276632000
1776277953.706,153.706,0.73,26.0,0.72,32.0,0.74,291.01,0.75,94.58,0.25,356.58,0.24,71.5,0.27,26.0,0.28,26.0,0.01,0.02,2349.99219,1776276632000
1776277954.091,154.091,0.73,2.48,0.72,32.0,0.74,286.01,0.75,94.58,0.26,291.01,0.25,94.58,0.27,26.0,0.28,32.0,0.01,0.01,2349.99219,1776276632000
1776277955.07,155.07,0.73,30.01,0.72,32.0,0.74,289.52,0.75,94.58,0.26,286.01,0.25,94.58,0.27,2.48,0.28,32.0,0.01,0.01,2349.99219,1776276632000
1776277955.714,155.714,0.73,45.01,0.72,90.0,0.74,283.14,0.75,94.58,0.26,289.52,0.25,94.58,0.27,30.01,0.28,32.0,0.01,0.01,2349.99219,1776276632000
1776277961.946,161.946,0.73,52.47,0.72,83.5,0.74,262.64,0.75,93.5,0.26,283.14,0.25,94.58,0.27,45.01,0.28,90.0,0.01,0.01,2349.99219,1776276632000
1776277963.242,163.242,0.73,114.79,0.72,66.01,0.74,4.93,0.75,5.0,0.26,262.64,0.25,93.5,0.27,52.47,0.28,83.5,0.01,0.01,2349.99219,1776276632000
1776277965.532,165.532,0.76,15.0,0.75,21.0,0.78,14.75,0.79,288.5,0.26,4.93,0.25,5.0,0.27,114.79,0.28,66.01,0.02,0.01,2349.99219,1776276632000
1776277966.517,166.517,0.76,434.5,0.75,42.5,0.79,70.0,0.8,25.0,0.22,14.75,0.21,288.5,0.24,15.0,0.25,21.0,0.03,0.02,2349.99219,1776276632000
1776277967.585,167.585,0.82,10.0,0.81,21.0,0.84,96.21,0.85,21.0,0.18,50.0,0.17,45.0,0.21,10.0,0.22,10.0,0.02,0.03,2349.99219,1776276632000
1776277968.367,168.367,0.82,10.44,0.81,62.0,0.83,5.94,0.84,33.21,0.16,96.21,0.15,21.0,0.18,10.0,0.19,21.0,0.01,0.02,2349.99219,1776276632000
1776277969.179,169.179,0.82,26.82,0.81,115.5,0.83,10.0,0.84,39.52,0.17,3.86,0.16,33.21,0.18,10.44,0.19,72.5,0.01,0.01,2349.99219,1776276632000
1776277969.757,169.757,0.83,156.0,0.82,51.82,0.85,9.16,0.86,60.0,0.17,10.0,0.16,39.52,0.18,26.82,0.19,115.5,0.02,0.01,2349.99219,1776276632000
1776277970.169,170.169,0.83,86.0,0.82,10.0,0.84,3.82,0.85,9.16,0.16,9.9,0.15,9.16,0.17,160.0,0.18,51.82,0.01,0.01,2349.99219,1776276632000
1776277970.525,170.525,0.84,50.0,0.83,31.0,0.85,0.58,0.86,60.0,0.14,60.0,0.13,110.0,0.17,31.0,0.18,10.0,0.01,0.03,2349.99219,1776276632000
1776277971.41,171.41,0.84,350.51,0.83,136.5,0.86,9.94,0.87,110.0,0.15,0.58,0.14,60.0,0.16,50.0,0.17,31.0,0.02,0.01,2349.99219,1776276632000
1776277971.817,171.817,0.85,40.5,0.84,311.01,0.86,3.94,0.87,110.0,0.14,9.94,0.13,110.0,0.16,350.51,0.17,136.5,0.01,0.02,2349.99219,1776276632000
1776277973.445,173.445,0.85,213.24,0.84,195.5,0.87,165.06,0.88,10.0,0.14,3.94,0.13,110.0,0.15,40.5,0.16,311.01,0.02,0.01,2349.99219,1776276632000
1776277974.729,174.729,0.86,110.0,0.85,101.35,0.87,172.82,0.88,10.0,0.13,165.06,0.12,10.0,0.15,213.24,0.16,195.5,0.01,0.02,2349.99219,1776276632000
1776277975.48,175.48,0.86,58.0,0.85,81.35,0.87,186.8,0.88,10.0,0.13,169.75,0.12,10.0,0.14,110.0,0.15,101.35,0.01,0.01,2349.99219,1776276632000
1776277975.782,175.782,0.86,19.9,0.85,74.35,0.87,191.8,0.88,10.0,0.13,186.8,0.12,10.0,0.14,58.0,0.15,81.35,0.01,0.01,2349.99219,1776276632000
1776277977.404,177.404,0.86,35.0,0.85,87.0,0.88,5.85,0.89,10.0,0.13,191.8,0.12,10.0,0.15,63.85,0.16,10.5,0.02,0.02,2349.99219,1776276632000
1776277977.738,177.738,0.86,67.0,0.85,60.0,0.87,7.95,0.88,5.85,0.12,5.85,0.11,10.0,0.14,35.0,0.15,87.0,0.01,0.02,2349.99219,1776276632000
1776277978.407,178.407,0.86,178.47,0.85,67.0,0.89,10.0,0.9,110.0,0.13,7.95,0.12,5.85,0.14,67.0,0.15,60.0,0.03,0.01,2349.99219,1776276632000
1776277979.179,179.179,0.87,218.0,0.86,93.47,0.89,2.47,0.9,60.0,0.11,8.53,0.1,110.0,0.13,195.0,0.14,71.47,0.02,0.02,2349.99219,1776276632000
1776277980.052,180.052,0.88,248.5,0.87,376.72,0.89,10.0,0.9,50.44,0.1,50.34,0.09,10.0,0.12,19.0,0.13,133.0,0.01,0.02,2349.99219,1776276632000
1776277980.402,180.402,0.89,216.66,0.88,193.5,0.9,4.88,0.91,54.0,0.11,5.0,0.1,50.44,0.12,248.5,0.13,376.72,0.01,0.01,2349.99219,1776276632000
1776277980.823,180.823,0.89,298.66,0.88,188.5,0.91,48.5,0.92,58.9,0.09,48.5,0.08,58.9,0.11,288.66,0.12,188.5,0.02,0.02,2349.99219,1776276632000
1776277981.352,181.352,0.9,15.55,0.89,223.66,0.91,4.5,0.92,58.9,0.09,48.5,0.08,58.9,0.11,298.66,0.12,188.5,0.01,0.02,2349.99219,1776276632000
1776277981.61,181.61,0.9,255.45,0.89,150.0,0.91,10.0,0.92,55.03,0.08,55.03,0.07,70.3,0.1,230.45,0.11,145.0,0.01,0.02,2349.99219,1776276632000
1776277981.84,181.84,0.9,250.45,0.89,150.0,0.91,4.72,0.92,55.03,0.09,10.0,0.08,55.03,0.1,255.45,0.11,150.0,0.01,0.01,2349.99219,1776276632000
1776277982.341,182.341,0.9,266.45,0.89,150.0,0.92,55.03,0.93,70.3,0.09,4.72,0.08,55.03,0.1,250.45,0.11,150.0,0.02,0.01,2349.99219,1776276632000
1776277982.815,182.815,0.91,84.27,0.9,123.0,0.92,55.03,0.93,70.3,0.08,55.03,0.07,70.3,0.1,266.45,0.11,150.0,0.01,0.02,2349.99219,1776276632000
1776277983.814,183.814,0.9,23.0,0.89,58.0,0.92,44.03,0.93,70.3,0.08,55.03,0.07,70.3,0.09,84.27,0.1,123.0,0.02,0.01,2349.99219,1776276632000
1776277984.242,184.242,0.9,93.04,0.89,53.0,0.92,55.83,0.93,70.3,0.08,33.21,0.07,70.3,0.1,48.0,0.11,53.0,0.02,0.02,2349.99219,1776276632000
1776277984.442,184.442,0.91,156.08,0.9,113.04,0.93,70.3,0.94,78.8,0.08,4.51,0.07,70.3,0.09,156.08,0.1,113.04,0.02,0.01,2349.99219,1776276632000
1776277984.756,184.756,0.91,193.7,0.9,30.04,0.93,65.39,0.94,78.8,0.07,74.39,0.06,78.8,0.09,179.7,0.1,16.04,0.02,0.02,2349.99219,1776276632000
1776277985.622,185.622,0.91,174.7,0.9,16.04,0.95,64.38,0.96,135.46,0.07,46.2,0.06,78.8,0.09,193.7,0.1,30.04,0.04,0.02,2349.99219,1776276632000
1776277986.229,186.229,0.91,156.7,0.9,22.0,0.94,15.51,0.95,74.38,0.08,8.03,0.06,16.83,0.09,144.7,0.1,20.0,0.03,0.01,2349.99219,1776276632000
1776277986.618,186.618,0.93,51.66,0.92,23.0,0.94,57.64,0.95,46.0,0.06,15.51,0.05,74.38,0.09,156.7,0.1,22.0,0.01,0.03,2349.99219,1776276632000
1776277986.844,186.844,0.91,29.19,0.9,35.5,0.92,44.79,0.94,22.85,0.06,57.64,0.05,46.0,0.09,63.2,0.1,30.5,0.01,0.03,2349.99219,1776276632000
1776277987.12,187.12,0.91,257.19,0.9,30.5,0.92,43.7,0.94,22.85,0.08,44.79,0.06,22.85,0.09,29.19,0.1,35.5,0.01,0.01,2349.99219,1776276632000
1776277987.401,187.401,0.92,10.0,0.91,269.73,0.93,23.34,0.94,60.0,0.06,22.85,0.05,46.0,0.09,257.19,0.1,30.5,0.01,0.03,2349.99219,1776276632000
1776277987.942,187.942,0.92,125.5,0.91,212.73,0.93,7.86,0.94,10.0,0.07,23.34,0.06,60.0,0.08,10.0,0.09,269.73,0.01,0.01,2349.99219,1776276632000
1776277988.153,188.153,0.92,125.5,0.91,212.73,0.93,4.62,0.94,10.0,0.07,6.24,0.06,10.0,0.08,125.5,0.09,212.73,0.01,0.01,2349.99219,1776276632000
1776277988.496,188.496,0.92,69.81,0.91,212.73,0.94,10.0,0.95,46.0,0.07,4.62,0.06,10.0,0.08,69.81,0.09,212.73,0.02,0.01,2349.99219,1776276632000
1776277990.059,190.059,0.93,57.54,0.92,47.83,0.97,281.64,0.98,345.27,0.06,8.93,0.05,46.0,0.08,249.81,0.09,199.71,0.04,0.02,2349.99219,1776276632000
1776277990.354,190.354,0.93,55.54,0.92,47.83,0.97,278.45,0.98,345.27,0.03,281.64,0.02,345.27,0.07,44.54,0.08,47.83,0.04,0.04,2349.99219,1776276632000
1776277990.8,190.8,0.96,94.0,0.93,52.54,0.97,272.41,0.98,345.27,0.03,272.41,0.02,345.27,0.07,55.54,0.08,29.81,0.01,0.04,2349.99219,1776276632000
1776277991.161,191.161,0.96,96.76,0.95,7.0,0.97,266.41,0.98,345.27,0.03,266.41,0.02,345.27,0.04,86.97,0.05,5.1,0.01,0.01,2349.99219,1776276632000
1776277991.474,191.474,0.96,96.76,0.95,7.0,0.97,332.03,0.98,345.27,0.03,266.41,0.02,345.27,0.04,96.76,0.05,7.0,0.01,0.01,2349.99219,1776276632000
1776277991.696,191.696,0.96,96.76,0.95,7.0,0.97,303.31,0.98,351.22,0.03,320.85,0.02,351.22,0.04,96.76,0.05,7.0,0.01,0.01,2349.99219,1776276632000
1776277992.088,192.088,0.96,106.76,0.94,20.62,0.97,33.53,0.98,685.22,0.03,40.59,0.02,351.22,0.04,96.76,0.05,7.0,0.01,0.01,2349.99219,1776276632000
1776277993.051,193.051,0.96,33.76,0.94,20.62,0.97,18.25,0.98,685.22,0.03,30.43,0.02,685.22,0.04,33.76,0.06,20.62,0.01,0.01,2349.99219,1776276632000
1776277993.296,193.296,0.96,33.76,0.94,20.62,0.97,417.21,0.98,351.22,0.03,18.25,0.02,685.22,0.04,33.76,0.06,20.62,0.01,0.01,2349.99219,1776276632000
1776277993.541,193.541,0.96,31.74,0.94,20.62,0.97,443.92,0.98,356.22,0.03,445.99,0.02,356.22,0.04,31.74,0.06,20.62,0.01,0.01,2349.99219,1776276632000
1776277993.79,193.79,0.96,6.48,0.94,10.62,0.97,143.84,0.98,334.22,0.03,143.84,0.02,334.22,0.04,26.48,0.06,10.62,0.01,0.01,2349.99219,1776276632000
1776277993.991,193.991,0.93,108.95,0.92,10.0,0.94,383.68,0.95,30.2,0.06,343.68,0.05,120.2,0.07,22.95,0.08,10.0,0.01,0.01,2349.99219,1776276632000
1776277994.634,194.634,0.93,43.95,0.92,10.0,0.94,376.47,0.95,188.39,0.06,384.54,0.05,30.2,0.07,108.95,0.08,10.0,0.01,0.01,2349.99219,1776276632000
1776277994.978,194.978,0.93,43.95,0.92,10.0,0.94,372.24,0.95,188.39,0.06,375.4,0.05,188.39,0.07,43.95,0.08,10.0,0.01,0.01,2349.99219,1776276632000
1776277995.838,195.838,0.93,56.95,0.92,23.0,0.95,521.23,0.96,53.52,0.06,304.42,0.05,188.39,0.07,43.95,0.08,10.0,0.02,0.01,2349.99219,1776276632000
1776277998.383,198.383,0.94,10.0,0.93,132.95,0.97,209.84,0.98,423.27,0.05,521.23,0.04,53.52,0.07,56.95,0.08,23.0,0.03,0.02,2349.99219,1776276632000
1776278000.032,200.032,0.95,38.0,0.94,78.0,0.96,20.04,0.97,219.84,0.03,209.84,0.02,423.27,0.06,10.0,0.07,132.95,0.01,0.03,2349.99219,1776276632000
1776278000.574,200.574,0.95,34.6,0.94,25.0,0.97,224.84,0.98,495.27,0.04,0.04,0.03,219.84,0.05,38.0,0.06,78.0,0.02,0.01,2349.99219,1776276632000
1776278000.959,200.959,0.93,26.0,0.92,10.0,0.97,219.84,0.98,490.27,0.03,224.84,0.02,495.27,0.05,34.6,0.06,25.0,0.04,0.02,2349.99219,1776276632000
1776278001.467,201.467,0.95,41.0,0.94,28.5,0.96,10.0,0.97,219.84,0.03,219.84,0.02,490.27,0.07,26.0,0.08,10.0,0.01,0.04,2349.99219,1776276632000
1776278002.279,202.279,0.95,29.0,0.94,102.93,0.96,138.75,0.97,350.79,0.04,39.9,0.03,219.84,0.05,10.0,0.06,55.5,0.01,0.01,2349.99219,1776276632000
1776278003.306,203.306,0.95,29.0,0.94,102.93,0.96,123.63,0.97,140.95,0.04,128.84,0.03,350.79,0.05,29.0,0.06,102.93,0.01,0.01,2349.99219,1776276632000
1776278004.611,204.611,0.95,105.14,0.94,116.3,0.96,9.22,0.97,115.95,0.04,101.15,0.03,140.95,0.05,29.0,0.06,102.93,0.01,0.01,2349.99219,1776276632000
1776278005.579,205.579,0.95,54.36,0.94,216.3,0.96,3.99,0.97,15.95,0.04,9.22,0.03,115.95,0.05,105.14,0.06,116.3,0.01,0.01,2349.99219,1776276632000
1776278008.297,208.297,0.95,32.36,0.94,118.3,0.96,8.89,0.97,222.0,0.04,3.99,0.03,15.95,0.05,54.36,0.06,216.3,0.01,0.01,2349.99219,1776276632000
1776278011.593,211.593,0.94,233.5,0.93,217.8,0.96,27.94,0.97,237.0,0.04,8.89,0.03,222.0,0.05,32.36,0.06,118.3,0.02,0.01,2349.99219,1776276632000
1776278011.883,211.883,0.96,16.34,0.94,121.3,0.97,212.0,0.98,357.27,0.04,17.52,0.03,237.0,0.06,217.3,0.07,217.8,0.01,0.02,2349.99219,1776276632000
1776278012.516,212.516,0.96,41.92,0.94,62.5,0.97,237.0,0.98,367.27,0.03,212.0,0.02,357.27,0.04,16.34,0.06,121.3,0.01,0.01,2349.99219,1776276632000
1776278014.123,214.123,0.96,41.92,0.94,68.5,0.97,230.65,0.98,367.27,0.03,237.0,0.02,367.27,0.04,41.92,0.06,62.5,0.01,0.01,2349.99219,1776276632000
1776278014.714,214.714,0.96,21.92,0.95,5.0,0.97,50.0,0.98,367.27,0.03,230.65,0.02,367.27,0.04,41.92,0.06,68.5,0.01,0.01,2349.99219,1776276632000
1776278015.002,215.002,0.94,5.0,0.93,24.5,0.95,35.78,0.96,101.08,0.04,101.08,0.03,45.0,0.06,32.0,0.07,24.5,0.01,0.02,2349.99219,1776276632000
1776278017.779,217.779,0.96,15.0,0.95,53.5,0.97,192.0,0.98,337.27,0.05,35.78,0.04,101.08,0.06,5.0,0.07,24.5,0.01,0.01,2349.99219,1776276632000
1776278018.295,218.295,0.96,4.5,0.95,53.5,0.98,543.27,0.99,7341.6,0.03,5.0,0.02,543.27,0.04,4.5,0.05,30.5,0.02,0.01,2349.99219,1776276632000
1776278018.551,218.551,0.97,98.0,0.96,4.5,0.98,543.27,0.99,6978.0,0.03,5.0,0.02,543.27,0.04,4.5,0.05,53.5,0.01,0.01,2349.99219,1776276632000
1776278019.724,219.724,0.97,124.0,0.96,14.5,0.98,320.93,0.99,7305.0,0.02,543.16,0.01,6978.0,0.03,104.0,0.04,14.5,0.01,0.01,2349.99219,1776276632000
1776278019.932,219.932,0.94,142.59,0.93,174.8,0.98,543.43,0.99,7478.0,0.02,313.43,0.01,7305.0,0.03,168.71,0.04,14.5,0.04,0.01,2349.99219,1776276632000
1776278020.851,220.851,0.95,22.42,0.94,209.59,0.96,4.63,0.97,22.79,0.02,542.22,0.01,7478.0,0.03,5.0,0.06,142.59,0.01,0.01,2349.99219,1776276632000
1776278022.845,222.845,0.96,364.12,0.95,356.8,0.98,312.22,0.99,2278.99,0.04,4.63,0.03,22.79,0.05,22.42,0.06,209.59,0.02,0.01,2349.99219,1776276632000
1776278023.36,223.36,0.97,487.12,0.96,448.7,0.98,222.22,0.99,2278.99,0.02,273.22,0.01,2278.99,0.03,341.42,0.04,513.7,0.01,0.01,2349.99219,1776276632000
1776278023.64,223.64,0.97,502.12,0.96,453.7,0.98,220.17,0.99,2278.99,0.02,222.22,0.01,2278.99,0.03,487.12,0.04,448.7,0.01,0.01,2349.99219,1776276632000
1776278023.921,223.921,0.97,236.12,0.96,248.7,0.98,123.12,0.99,2278.99,0.02,220.17,0.01,2278.99,0.03,502.12,0.04,453.7,0.01,0.01,2349.99219,1776276632000
1776278024.122,224.122,0.97,107.42,0.96,262.7,0.98,119.76,0.99,2278.99,0.02,136.06,0.01,2278.99,0.03,236.12,0.04,248.7,0.01,0.01,2349.99219,1776276632000
1776278025.33,225.33,0.97,231.12,0.96,336.7,0.98,109.63,0.99,2278.99,0.02,123.73,0.01,2278.99,0.03,231.12,0.04,362.7,0.01,0.01,2349.99219,1776276632000
1776278025.974,225.974,0.97,112.42,0.96,352.7,0.98,107.59,0.99,2278.99,0.02,109.63,0.01,2278.99,0.03,231.12,0.04,336.7,0.01,0.01,2349.99219,1776276632000
1776278026.2,226.2,0.97,141.42,0.96,352.7,0.98,46.43,0.99,2278.99,0.02,47.46,0.01,2278.99,0.03,136.42,0.04,352.7,0.01,0.01,2349.99219,1776276632000
1776278026.414,226.414,0.97,141.42,0.96,352.7,0.98,39.24,0.99,2286.78,0.02,40.27,0.01,2286.78,0.03,141.42,0.04,352.7,0.01,0.01,2349.99219,1776276632000
1776278026.644,226.644,0.97,131.42,0.96,352.7,0.98,29.99,0.99,2286.78,0.02,29.99,0.01,2286.78,0.03,136.42,0.04,352.7,0.01,0.01,2349.99219,1776276632000
1776278027.097,227.097,0.97,143.7,0.96,457.7,0.98,8.63,0.99,2301.78,0.02,13.63,0.01,2301.78,0.03,131.42,0.04,352.7,0.01,0.01,2349.99219,1776276632000
1776278027.367,227.367,0.97,238.7,0.96,357.7,0.99,2266.42,,,0.02,8.63,0.01,2301.78,0.03,143.7,0.04,457.7,0.02,0.01,2349.99219,1776276632000
1776278027.757,227.757,0.98,117.0,0.97,148.7,0.99,2117.37,,,0.01,2266.42,,,0.03,238.7,0.04,357.7,0.01,0.02,2349.99219,1776276632000
1776278028.004,228.004,0.98,111.12,0.97,148.7,0.99,2118.33,,,0.01,2128.33,,,0.02,111.12,0.03,148.7,0.01,0.01,2349.99219,1776276632000
1776278028.211,228.211,0.98,111.12,0.97,148.7,0.99,2107.13,,,0.01,2114.15,,,0.02,111.12,0.03,148.7,0.01,0.01,2349.99219,1776276632000
1776278029.729,229.729,0.98,117.19,0.97,354.7,0.99,2091.2,,,0.01,2105.11,,,0.02,111.12,0.03,153.7,0.01,0.01,2349.99219,1776276632000
1776278030.013,230.013,0.98,117.19,0.97,354.7,0.99,2089.18,,,0.01,2091.2,,,0.02,117.19,0.03,354.7,0.01,0.01,2349.99219,1776276632000
1776278030.607,230.607,0.98,117.19,0.97,365.7,0.99,2068.16,,,0.01,2088.16,,,0.02,117.19,0.03,354.7,0.01,0.01,2349.99219,1776276632000
1776278031.492,231.492,0.98,161.43,0.97,379.7,0.99,2049.16,,,0.01,2049.16,,,0.02,300.89,0.03,365.7,0.01,0.01,2349.99219,1776276632000
1776278031.733,231.733,0.98,161.43,0.97,379.7,0.99,1985.74,,,0.01,2049.16,,,0.02,161.43,0.03,379.7,0.01,0.01,2349.99219,1776276632000
1776278032.016,232.016,0.98,171.43,0.97,393.7,0.99,1982.53,,,0.01,1985.74,,,0.02,161.43,0.03,379.7,0.01,0.01,2349.99219,1776276632000
1776278032.532,232.532,0.98,279.22,0.97,393.7,0.99,1982.53,,,0.01,1982.53,,,0.02,171.43,0.03,393.7,0.01,0.01,2349.99219,1776276632000
1776278032.954,232.954,0.98,279.22,0.97,388.7,0.99,1857.98,,,0.01,1982.53,,,0.02,279.22,0.03,393.7,0.01,0.01,2349.99219,1776276632000
1776278034.793,234.793,0.98,167.33,0.97,442.7,0.99,1857.98,,,0.01,1857.98,,,0.02,279.22,0.03,388.7,0.01,0.01,2349.99219,1776276632000
1776278035.124,235.124,0.98,167.33,0.97,449.7,0.99,1660.95,,,0.01,1857.98,,,0.02,167.33,0.03,442.7,0.01,0.01,2349.99219,1776276632000
1776278035.403,235.403,0.98,167.33,0.97,340.7,0.99,1658.95,,,0.01,1660.95,,,0.02,167.33,0.03,449.7,0.01,0.01,2349.99219,1776276632000
1776278035.69,235.69,0.98,7.79,0.97,319.7,0.99,1653.89,,,0.01,1658.95,,,0.02,167.33,0.03,340.7,0.01,0.01,2349.99219,1776276632000
1776278036.126,236.126,0.98,7.79,0.97,319.7,0.99,1644.08,,,0.01,1653.89,,,0.02,7.79,0.03,319.7,0.01,0.01,2349.99219,1776276632000
1776278036.497,236.497,0.98,7.79,0.97,330.7,0.99,1623.58,,,0.01,1644.08,,,0.02,7.79,0.03,319.7,0.01,0.01,2349.99219,1776276632000
1776278036.974,236.974,0.97,330.7,0.96,369.95,0.99,1623.58,,,0.01,1623.58,,,0.02,7.79,0.03,330.7,0.02,0.01,2349.99219,1776276632000
1776278037.182,237.182,0.97,371.36,0.96,274.95,0.98,17.95,0.99,1618.58,0.01,1623.58,,,0.03,330.7,0.04,369.95,0.01,0.02,2349.99219,1776276632000
1776278037.729,237.729,0.97,386.36,0.96,274.95,0.98,7.85,0.99,1618.58,0.02,17.95,0.01,1618.58,0.03,371.36,0.04,274.95,0.01,0.01,2349.99219,1776276632000
1776278039.421,239.421,0.98,346.36,0.97,498.7,0.99,1546.79,,,0.02,0.69,0.01,1618.58,0.03,398.36,0.04,274.95,0.01,0.01,2349.99219,1776276632000
1776278040.46,240.46,0.98,228.33,0.97,388.7,0.99,1546.79,,,0.01,1546.79,,,0.02,346.36,0.03,498.7,0.01,0.01,2349.99219,1776276632000
1776278042.131,242.131,0.98,446.33,0.97,266.7,0.99,1532.73,,,0.01,1545.73,,,0.02,228.33,0.03,383.7,0.01,0.01,2349.99219,1776276632000
1776278042.484,242.484,0.98,446.33,0.97,284.7,0.99,1527.68,,,0.01,1532.73,,,0.02,446.33,0.03,266.7,0.01,0.01,2349.99219,1776276632000
1776278042.711,242.711,0.98,466.33,0.97,289.7,0.99,1476.16,,,0.01,1477.18,,,0.02,446.33,0.03,289.7,0.01,0.01,2349.99219,1776276632000
1776278043.091,243.091,0.98,466.33,0.97,289.7,0.99,1490.21,,,0.01,1467.21,,,0.02,461.33,0.03,289.7,0.01,0.01,2349.99219,1776276632000
1776278043.503,243.503,0.98,366.33,0.97,289.7,0.99,1425.85,,,0.01,1461.21,,,0.02,466.33,0.03,289.7,0.01,0.01,2349.99219,1776276632000
1776278043.729,243.729,0.98,366.33,0.97,289.7,0.99,1325.85,,,0.01,1425.85,,,0.02,366.33,0.03,289.7,0.01,0.01,2349.99219,1776276632000
1776278044.047,244.047,0.98,381.33,0.97,289.7,0.99,318.79,,,0.01,320.79,,,0.02,366.33,0.03,289.7,0.01,0.01,2349.99219,1776276632000
1776278045.236,245.236,0.99,2767.81,0.98,329.33,,,,,,,,,0.01,2208.21,0.02,381.33,,,2349.99219,1776276632000
1776278046.09,246.09,0.99,3096.02,0.98,329.33,,,,,,,,,0.01,2767.81,0.02,329.33,,,2349.99219,1776276632000
1776278050.465,250.465,0.99,11812.03,0.98,319.33,,,,,,,,,0.01,3091.02,0.02,329.33,,,2349.99219,1776276632000
1776278054.451,254.451,0.99,11818.86,0.98,319.33,,,,,,,,,0.01,11812.03,0.02,319.33,,,2349.99219,1776276632000
1776278056.334,256.334,0.99,12524.04,0.98,392.07,,,,,,,,,0.01,11818.86,0.02,319.33,,,2349.99219,1776276632000
1776278061.856,261.856,0.99,12668.12,0.98,388.07,,,,,,,,,0.01,12524.04,0.02,392.07,,,2349.99219,1776276632000
1776278065.569,265.569,0.99,12918.85,0.98,375.33,,,,,,,,,0.01,12668.12,0.02,388.07,,,2349.99219,1776276632000
1776278084.352,284.352,0.99,14173.14,0.98,194.74,,,,,,,,,0.01,12918.85,0.02,375.33,,,2349.99219,1776276632000
1776278085.37,285.37,0.99,14172.33,0.98,194.74,,,,,,,,,0.01,14173.14,0.02,194.74,,,2349.99219,1776276632000
1776278086.042,286.042,0.99,14203.7,0.98,159.08,,,,,,,,,0.01,14172.33,0.02,194.74,,,2349.99219,1776276632000
1776278100.442,300.442,0.99,77069.02,0.98,238.0,,,,,,,,,0.01,14203.7,0.02,159.08,,,2349.99219,1776276632000

# RESULT,winner=Up,slug=eth-updown-5m-1776277800,ticks=332
